day;timestamp;product;bid_price_1;bid_volume_1;bid_price_2;bid_volume_2;bid_price_3;bid_volume_3;ask_price_1;ask_volume_1;ask_price_2;ask_volume_2;ask_price_3;ask_volume_3;mid_price;profit_and_loss
high_vol_volatile_s2;0;INTARIAN_PEPPER_ROOT;11797;10;11794;16;;;11799;14;11803;22;;;11798.0;0.0
high_vol_volatile_s2;0;ASH_COATED_OSMIUM;9986;8;9984;13;;;10014;23;10017;23;;;10000.0;0.0
high_vol_volatile_s2;100;INTARIAN_PEPPER_ROOT;11811;13;11807;17;;;11815;5;11819;14;;;11813.0;0.0
high_vol_volatile_s2;100;ASH_COATED_OSMIUM;9993;20;9991;22;;;10001;8;10004;23;;;9997.0;0.0
high_vol_volatile_s2;200;INTARIAN_PEPPER_ROOT;11792;13;11788;19;;;11848;15;11851;27;;;11820.0;0.0
high_vol_volatile_s2;200;ASH_COATED_OSMIUM;9983;14;9981;16;;;10009;13;10012;23;;;9996.0;0.0
high_vol_volatile_s2;300;INTARIAN_PEPPER_ROOT;11837;5;11834;18;;;11839;16;11841;15;;;11838.0;0.0
high_vol_volatile_s2;300;ASH_COATED_OSMIUM;9987;5;9985;14;;;10003;7;10005;19;;;9995.0;0.0
high_vol_volatile_s2;400;INTARIAN_PEPPER_ROOT;11842;14;11839;18;;;11848;13;11850;18;;;11845.0;0.0
high_vol_volatile_s2;400;ASH_COATED_OSMIUM;9987;17;9983;18;;;10001;17;10005;19;;;9994.0;0.0
high_vol_volatile_s2;500;INTARIAN_PEPPER_ROOT;11839;12;11837;21;;;11871;13;11875;29;;;11855.0;0.0
high_vol_volatile_s2;500;ASH_COATED_OSMIUM;9976;14;9974;19;;;10000;24;10004;24;;;9988.0;0.0
high_vol_volatile_s2;600;INTARIAN_PEPPER_ROOT;11866;9;11864;22;;;11868;23;11871;22;;;11867.0;0.0
high_vol_volatile_s2;600;ASH_COATED_OSMIUM;9977;5;9973;21;;;10003;14;10005;23;;;9990.0;0.0
high_vol_volatile_s2;700;INTARIAN_PEPPER_ROOT;11868;6;11866;13;;;11880;6;11884;21;;;11874.0;0.0
high_vol_volatile_s2;700;ASH_COATED_OSMIUM;9966;17;9962;15;;;10010;17;10013;18;;;9988.0;0.0
high_vol_volatile_s2;800;INTARIAN_PEPPER_ROOT;11854;13;11852;20;;;11908;14;11911;23;;;11881.0;0.0
high_vol_volatile_s2;800;ASH_COATED_OSMIUM;9987;17;9985;17;;;9991;7;9994;14;;;9989.0;0.0
high_vol_volatile_s2;900;INTARIAN_PEPPER_ROOT;11879;16;11875;26;;;11897;15;11900;21;;;11888.0;0.0
high_vol_volatile_s2;900;ASH_COATED_OSMIUM;9973;17;9970;16;;;9997;21;10000;17;;;9985.0;0.0
high_vol_volatile_s2;1000;INTARIAN_PEPPER_ROOT;11891;16;11887;18;;;11905;20;11908;27;;;11898.0;0.0
high_vol_volatile_s2;1000;ASH_COATED_OSMIUM;9968;20;9965;15;;;9994;14;9996;13;;;9981.0;0.0
high_vol_volatile_s2;1100;INTARIAN_PEPPER_ROOT;11911;9;11908;18;;;11917;18;11920;26;;;11914.0;0.0
high_vol_volatile_s2;1100;ASH_COATED_OSMIUM;9962;22;9959;21;;;10002;15;10005;11;;;9982.0;0.0
high_vol_volatile_s2;1200;INTARIAN_PEPPER_ROOT;11917;12;11914;28;;;11927;13;11929;20;;;11922.0;0.0
high_vol_volatile_s2;1200;ASH_COATED_OSMIUM;9978;21;9976;23;;;9986;17;9988;17;;;9982.0;0.0
high_vol_volatile_s2;1300;INTARIAN_PEPPER_ROOT;11924;9;11920;23;;;11926;10;11929;20;;;11925.0;0.0
high_vol_volatile_s2;1300;ASH_COATED_OSMIUM;9982;22;9979;25;;;9984;13;9988;22;;;9983.0;0.0
high_vol_volatile_s2;1400;INTARIAN_PEPPER_ROOT;11927;14;11923;17;;;11939;12;11943;28;;;11933.0;0.0
high_vol_volatile_s2;1400;ASH_COATED_OSMIUM;9983;9;9981;8;;;9987;13;9989;13;;;9985.0;0.0
high_vol_volatile_s2;1500;INTARIAN_PEPPER_ROOT;11936;17;11932;25;;;11938;17;11941;18;;;11937.0;0.0
high_vol_volatile_s2;1500;ASH_COATED_OSMIUM;9980;17;9978;21;;;9982;11;9985;26;;;9981.0;0.0
high_vol_volatile_s2;1600;INTARIAN_PEPPER_ROOT;11931;17;11928;20;;;11953;8;11955;24;;;11942.0;0.0
high_vol_volatile_s2;1600;ASH_COATED_OSMIUM;9981;8;9978;22;;;9983;14;9985;25;;;9982.0;0.0
high_vol_volatile_s2;1700;INTARIAN_PEPPER_ROOT;11921;20;11917;14;;;11979;21;11981;15;;;11950.0;0.0
high_vol_volatile_s2;1700;ASH_COATED_OSMIUM;9978;9;9974;15;;;9988;12;9992;20;;;9983.0;0.0
high_vol_volatile_s2;1800;INTARIAN_PEPPER_ROOT;11944;25;11941;12;;;11962;22;11966;13;;;11953.0;0.0
high_vol_volatile_s2;1800;ASH_COATED_OSMIUM;9972;11;9968;14;;;9994;18;9997;21;;;9983.0;0.0
high_vol_volatile_s2;1900;INTARIAN_PEPPER_ROOT;11955;11;11951;15;;;11957;16;11959;20;;;11956.0;0.0
high_vol_volatile_s2;1900;ASH_COATED_OSMIUM;9974;13;9971;17;;;9994;18;9996;17;;;9984.0;0.0
high_vol_volatile_s2;2000;INTARIAN_PEPPER_ROOT;11954;15;11950;19;;;11960;19;11963;24;;;11957.0;0.0
high_vol_volatile_s2;2000;ASH_COATED_OSMIUM;9983;10;9979;26;;;9985;16;9989;13;;;9984.0;0.0
high_vol_volatile_s2;2100;INTARIAN_PEPPER_ROOT;11958;14;11956;26;;;11960;17;11963;20;;;11959.0;0.0
high_vol_volatile_s2;2100;ASH_COATED_OSMIUM;9971;21;9969;19;;;10001;13;10005;25;;;9986.0;0.0
high_vol_volatile_s2;2200;INTARIAN_PEPPER_ROOT;11952;17;11948;26;;;11972;11;11975;21;;;11962.0;0.0
high_vol_volatile_s2;2200;ASH_COATED_OSMIUM;9982;5;9978;21;;;9984;5;9986;16;;;9983.0;0.0
high_vol_volatile_s2;2300;INTARIAN_PEPPER_ROOT;11959;20;11957;25;;;11965;22;11967;18;;;11962.0;0.0
high_vol_volatile_s2;2300;ASH_COATED_OSMIUM;9979;9;9976;15;;;9981;18;9983;16;;;9980.0;0.0
high_vol_volatile_s2;2400;INTARIAN_PEPPER_ROOT;11961;10;11957;18;;;11963;21;11965;10;;;11962.0;0.0
high_vol_volatile_s2;2400;ASH_COATED_OSMIUM;9984;5;9981;26;;;9994;15;9996;15;;;9989.0;0.0
high_vol_volatile_s2;2500;INTARIAN_PEPPER_ROOT;11961;15;11958;20;;;11963;23;11967;24;;;11962.0;0.0
high_vol_volatile_s2;2500;ASH_COATED_OSMIUM;9949;10;9945;23;;;10021;16;10025;19;;;9985.0;0.0
high_vol_volatile_s2;2600;INTARIAN_PEPPER_ROOT;11960;16;11956;9;;;11962;13;11965;20;;;11961.0;0.0
high_vol_volatile_s2;2600;ASH_COATED_OSMIUM;9981;16;9977;15;;;9991;6;9995;19;;;9986.0;0.0
high_vol_volatile_s2;2700;INTARIAN_PEPPER_ROOT;11954;17;11951;15;;;11964;18;11966;18;;;11959.0;0.0
high_vol_volatile_s2;2700;ASH_COATED_OSMIUM;9981;19;9978;25;;;10001;17;10003;21;;;9991.0;0.0
high_vol_volatile_s2;2800;INTARIAN_PEPPER_ROOT;11953;13;11949;24;;;11955;22;11958;19;;;11954.0;0.0
high_vol_volatile_s2;2800;ASH_COATED_OSMIUM;9988;12;9985;21;;;9990;13;9994;23;;;9989.0;0.0
high_vol_volatile_s2;2900;INTARIAN_PEPPER_ROOT;11947;26;11943;35;;;11961;9;11965;18;;;11954.0;0.0
high_vol_volatile_s2;2900;ASH_COATED_OSMIUM;9982;22;9978;25;;;9998;8;10001;14;;;9990.0;0.0
high_vol_volatile_s2;3000;INTARIAN_PEPPER_ROOT;11947;21;11945;21;;;11957;18;11960;11;;;11952.0;0.0
high_vol_volatile_s2;3000;ASH_COATED_OSMIUM;9968;12;9964;18;;;10014;5;10016;19;;;9991.0;0.0
high_vol_volatile_s2;3100;INTARIAN_PEPPER_ROOT;11956;12;11953;12;;;11962;16;11964;26;;;11959.0;0.0
high_vol_volatile_s2;3100;ASH_COATED_OSMIUM;9969;17;9965;22;;;10015;14;10019;8;;;9992.0;0.0
high_vol_volatile_s2;3200;INTARIAN_PEPPER_ROOT;11945;5;11943;23;;;11957;11;11959;22;;;11951.0;0.0
high_vol_volatile_s2;3200;ASH_COATED_OSMIUM;9991;18;9987;15;;;9995;11;9997;22;;;9993.0;0.0
high_vol_volatile_s2;3300;INTARIAN_PEPPER_ROOT;11949;9;11945;21;;;11953;10;11956;20;;;11951.0;0.0
high_vol_volatile_s2;3300;ASH_COATED_OSMIUM;9999;6;9996;21;;;10001;16;10003;21;;;10000.0;0.0
high_vol_volatile_s2;3400;INTARIAN_PEPPER_ROOT;11948;5;11946;17;;;11952;21;11954;21;;;11950.0;0.0
high_vol_volatile_s2;3400;ASH_COATED_OSMIUM;9975;11;9973;19;;;10015;7;10018;24;;;9995.0;0.0
high_vol_volatile_s2;3500;INTARIAN_PEPPER_ROOT;11938;20;11935;20;;;11966;22;11969;22;;;11952.0;0.0
high_vol_volatile_s2;3500;ASH_COATED_OSMIUM;9993;19;9989;14;;;9995;13;9999;9;;;9994.0;0.0
high_vol_volatile_s2;3600;INTARIAN_PEPPER_ROOT;11948;16;11944;30;;;11958;19;11961;20;;;11953.0;0.0
high_vol_volatile_s2;3600;ASH_COATED_OSMIUM;9988;11;9984;28;;;10002;11;10005;20;;;9995.0;0.0
high_vol_volatile_s2;3700;INTARIAN_PEPPER_ROOT;11949;9;11945;22;;;11951;11;11954;24;;;11950.0;0.0
high_vol_volatile_s2;3700;ASH_COATED_OSMIUM;9976;5;9973;18;;;10010;15;10014;16;;;9993.0;0.0
high_vol_volatile_s2;3800;INTARIAN_PEPPER_ROOT;11912;18;11908;15;;;11982;9;11984;15;;;11947.0;0.0
high_vol_volatile_s2;3800;ASH_COATED_OSMIUM;9992;8;9989;26;;;9994;14;9996;15;;;9993.0;0.0
high_vol_volatile_s2;3900;INTARIAN_PEPPER_ROOT;11947;8;11945;34;;;11949;18;11953;19;;;11948.0;0.0
high_vol_volatile_s2;3900;ASH_COATED_OSMIUM;9988;19;9986;16;;;10006;16;10010;14;;;9997.0;0.0
high_vol_volatile_s2;4000;INTARIAN_PEPPER_ROOT;11944;11;11942;21;;;11946;10;11948;21;;;11945.0;0.0
high_vol_volatile_s2;4000;ASH_COATED_OSMIUM;9994;18;9991;21;;;10000;12;10002;18;;;9997.0;0.0
high_vol_volatile_s2;4100;INTARIAN_PEPPER_ROOT;11936;9;11932;21;;;11956;8;11958;27;;;11946.0;0.0
high_vol_volatile_s2;4100;ASH_COATED_OSMIUM;9987;19;9985;20;;;9997;20;10000;21;;;9992.0;0.0
high_vol_volatile_s2;4200;INTARIAN_PEPPER_ROOT;11938;19;11934;20;;;11942;8;11945;17;;;11940.0;0.0
high_vol_volatile_s2;4200;ASH_COATED_OSMIUM;9992;17;9990;21;;;9994;9;9996;23;;;9993.0;0.0
high_vol_volatile_s2;4300;INTARIAN_PEPPER_ROOT;11935;21;11933;22;;;11951;17;11953;17;;;11943.0;0.0
high_vol_volatile_s2;4300;ASH_COATED_OSMIUM;9987;12;9984;15;;;9993;13;9996;22;;;9990.0;0.0
high_vol_volatile_s2;4400;INTARIAN_PEPPER_ROOT;11929;9;11925;28;;;11963;19;11966;22;;;11946.0;0.0
high_vol_volatile_s2;4400;ASH_COATED_OSMIUM;9972;18;9968;15;;;10010;14;10014;22;;;9991.0;0.0
high_vol_volatile_s2;4500;INTARIAN_PEPPER_ROOT;11929;8;11926;18;;;11959;16;11961;22;;;11944.0;0.0
high_vol_volatile_s2;4500;ASH_COATED_OSMIUM;9981;15;9977;19;;;10001;20;10003;25;;;9991.0;0.0
high_vol_volatile_s2;4600;INTARIAN_PEPPER_ROOT;11931;19;11929;13;;;11959;15;11961;15;;;11945.0;0.0
high_vol_volatile_s2;4600;ASH_COATED_OSMIUM;9990;14;9987;21;;;9992;11;9994;23;;;9991.0;0.0
high_vol_volatile_s2;4700;INTARIAN_PEPPER_ROOT;11943;21;11940;21;;;11945;14;11948;23;;;11944.0;0.0
high_vol_volatile_s2;4700;ASH_COATED_OSMIUM;9970;13;9968;25;;;10020;16;10024;18;;;9995.0;0.0
high_vol_volatile_s2;4800;INTARIAN_PEPPER_ROOT;11936;22;11933;18;;;11946;15;11948;26;;;11941.0;0.0
high_vol_volatile_s2;4800;ASH_COATED_OSMIUM;9991;5;9988;18;;;9995;7;9999;8;;;9993.0;0.0
high_vol_volatile_s2;4900;INTARIAN_PEPPER_ROOT;11920;19;11918;23;;;11962;9;11966;11;;;11941.0;0.0
high_vol_volatile_s2;4900;ASH_COATED_OSMIUM;9986;14;9984;21;;;10004;18;10006;25;;;9995.0;0.0
high_vol_volatile_s2;5000;INTARIAN_PEPPER_ROOT;11938;16;11936;18;;;11950;11;11953;18;;;11944.0;0.0
high_vol_volatile_s2;5000;ASH_COATED_OSMIUM;9996;18;9993;23;;;10000;15;10002;22;;;9998.0;0.0
high_vol_volatile_s2;5100;INTARIAN_PEPPER_ROOT;11933;25;11930;18;;;11953;16;11956;19;;;11943.0;0.0
high_vol_volatile_s2;5100;ASH_COATED_OSMIUM;9984;10;9981;13;;;10016;21;10019;20;;;10000.0;0.0
high_vol_volatile_s2;5200;INTARIAN_PEPPER_ROOT;11940;7;11936;20;;;11944;13;11948;12;;;11942.0;0.0
high_vol_volatile_s2;5200;ASH_COATED_OSMIUM;9982;5;9978;13;;;10016;12;10018;16;;;9999.0;0.0
high_vol_volatile_s2;5300;INTARIAN_PEPPER_ROOT;11942;17;11939;26;;;11944;18;11946;16;;;11943.0;0.0
high_vol_volatile_s2;5300;ASH_COATED_OSMIUM;10000;7;9997;27;;;10002;11;10004;16;;;10001.0;0.0
high_vol_volatile_s2;5400;INTARIAN_PEPPER_ROOT;11938;10;11934;21;;;11952;10;11956;30;;;11945.0;0.0
high_vol_volatile_s2;5400;ASH_COATED_OSMIUM;10003;7;9999;28;;;10009;23;10011;16;;;10006.0;0.0
high_vol_volatile_s2;5500;INTARIAN_PEPPER_ROOT;11946;16;11943;31;;;11954;22;11956;25;;;11950.0;0.0
high_vol_volatile_s2;5500;ASH_COATED_OSMIUM;10004;13;10000;13;;;10006;14;10008;23;;;10005.0;0.0
high_vol_volatile_s2;5600;INTARIAN_PEPPER_ROOT;11938;16;11936;17;;;11960;16;11963;21;;;11949.0;0.0
high_vol_volatile_s2;5600;ASH_COATED_OSMIUM;10000;14;9998;24;;;10016;11;10019;20;;;10008.0;0.0
high_vol_volatile_s2;5700;INTARIAN_PEPPER_ROOT;11910;15;11907;18;;;11996;22;12000;23;;;11953.0;0.0
high_vol_volatile_s2;5700;ASH_COATED_OSMIUM;10007;11;10003;21;;;10009;5;10013;12;;;10008.0;0.0
high_vol_volatile_s2;5800;INTARIAN_PEPPER_ROOT;11952;18;11948;20;;;11960;8;11964;16;;;11956.0;0.0
high_vol_volatile_s2;5800;ASH_COATED_OSMIUM;10006;6;10002;20;;;10016;9;10018;19;;;10011.0;0.0
high_vol_volatile_s2;5900;INTARIAN_PEPPER_ROOT;11937;9;11933;8;;;11969;19;11971;12;;;11953.0;0.0
high_vol_volatile_s2;5900;ASH_COATED_OSMIUM;9995;9;9991;20;;;10017;25;10019;20;;;10006.0;0.0
high_vol_volatile_s2;6000;INTARIAN_PEPPER_ROOT;11951;23;11948;29;;;11957;15;11960;12;;;11954.0;0.0
high_vol_volatile_s2;6000;ASH_COATED_OSMIUM;9988;13;9985;22;;;10024;12;10027;15;;;10006.0;0.0
high_vol_volatile_s2;6100;INTARIAN_PEPPER_ROOT;11951;9;11949;19;;;11963;11;11967;24;;;11957.0;0.0
high_vol_volatile_s2;6100;ASH_COATED_OSMIUM;9999;14;9997;11;;;10005;5;10009;15;;;10002.0;0.0
high_vol_volatile_s2;6200;INTARIAN_PEPPER_ROOT;11961;17;11959;20;;;11963;13;11965;21;;;11962.0;0.0
high_vol_volatile_s2;6200;ASH_COATED_OSMIUM;9996;12;9993;26;;;10004;13;10008;21;;;10000.0;0.0
high_vol_volatile_s2;6300;INTARIAN_PEPPER_ROOT;11964;21;11960;24;;;11968;12;11970;22;;;11966.0;0.0
high_vol_volatile_s2;6300;ASH_COATED_OSMIUM;10000;29;9997;18;;;10004;7;10007;15;;;10002.0;0.0
high_vol_volatile_s2;6400;INTARIAN_PEPPER_ROOT;11964;11;11960;22;;;11966;9;11970;22;;;11965.0;0.0
high_vol_volatile_s2;6400;ASH_COATED_OSMIUM;9983;11;9981;16;;;10023;9;10027;19;;;10003.0;0.0
high_vol_volatile_s2;6500;INTARIAN_PEPPER_ROOT;11963;20;11961;19;;;11979;16;11982;13;;;11971.0;0.0
high_vol_volatile_s2;6500;ASH_COATED_OSMIUM;9987;12;9983;13;;;10021;12;10025;23;;;10004.0;0.0
high_vol_volatile_s2;6600;INTARIAN_PEPPER_ROOT;11973;16;11970;18;;;11977;25;11981;22;;;11975.0;0.0
high_vol_volatile_s2;6600;ASH_COATED_OSMIUM;9995;17;9992;19;;;10011;12;10015;27;;;10003.0;0.0
high_vol_volatile_s2;6700;INTARIAN_PEPPER_ROOT;11965;12;11963;24;;;11987;15;11990;12;;;11976.0;0.0
high_vol_volatile_s2;6700;ASH_COATED_OSMIUM;9997;13;9993;18;;;9999;7;10001;19;;;9998.0;0.0
high_vol_volatile_s2;6800;INTARIAN_PEPPER_ROOT;11976;17;11973;14;;;11992;18;11994;22;;;11984.0;0.0
high_vol_volatile_s2;6800;ASH_COATED_OSMIUM;9998;15;9996;20;;;10000;11;10003;26;;;9999.0;0.0
high_vol_volatile_s2;6900;INTARIAN_PEPPER_ROOT;11992;14;11990;22;;;11994;20;11997;22;;;11993.0;0.0
high_vol_volatile_s2;6900;ASH_COATED_OSMIUM;9987;8;9983;12;;;10011;14;10014;19;;;9999.0;0.0
high_vol_volatile_s2;7000;INTARIAN_PEPPER_ROOT;11991;21;11987;16;;;12005;22;12008;19;;;11998.0;0.0
high_vol_volatile_s2;7000;ASH_COATED_OSMIUM;9999;22;9997;21;;;10005;11;10007;20;;;10002.0;0.0
high_vol_volatile_s2;7100;INTARIAN_PEPPER_ROOT;12007;5;12005;14;;;12011;20;12014;13;;;12009.0;0.0
high_vol_volatile_s2;7100;ASH_COATED_OSMIUM;9989;11;9986;11;;;10009;16;10012;28;;;9999.0;0.0
high_vol_volatile_s2;7200;INTARIAN_PEPPER_ROOT;12014;11;12011;16;;;12016;15;12020;13;;;12015.0;0.0
high_vol_volatile_s2;7200;ASH_COATED_OSMIUM;9994;5;9992;18;;;10004;17;10008;14;;;9999.0;0.0
high_vol_volatile_s2;7300;INTARIAN_PEPPER_ROOT;12020;21;12017;22;;;12028;13;12031;26;;;12024.0;0.0
high_vol_volatile_s2;7300;ASH_COATED_OSMIUM;9990;14;9988;18;;;10010;12;10012;25;;;10000.0;0.0
high_vol_volatile_s2;7400;INTARIAN_PEPPER_ROOT;12021;9;12019;20;;;12039;22;12043;15;;;12030.0;0.0
high_vol_volatile_s2;7400;ASH_COATED_OSMIUM;9989;22;9985;24;;;10013;20;10015;28;;;10001.0;0.0
high_vol_volatile_s2;7500;INTARIAN_PEPPER_ROOT;12041;15;12038;26;;;12047;11;12049;11;;;12044.0;0.0
high_vol_volatile_s2;7500;ASH_COATED_OSMIUM;9999;17;9995;27;;;10001;8;10003;22;;;10000.0;0.0
high_vol_volatile_s2;7600;INTARIAN_PEPPER_ROOT;12044;25;12041;15;;;12048;9;12050;16;;;12046.0;0.0
high_vol_volatile_s2;7600;ASH_COATED_OSMIUM;9998;7;9994;9;;;10000;16;10002;23;;;9999.0;0.0
high_vol_volatile_s2;7700;INTARIAN_PEPPER_ROOT;12052;17;12048;14;;;12060;10;12064;25;;;12056.0;0.0
high_vol_volatile_s2;7700;ASH_COATED_OSMIUM;9995;10;9993;22;;;9999;9;10001;17;;;9997.0;0.0
high_vol_volatile_s2;7800;INTARIAN_PEPPER_ROOT;12062;19;12058;24;;;12074;8;12077;25;;;12068.0;0.0
high_vol_volatile_s2;7800;ASH_COATED_OSMIUM;9986;13;9982;21;;;10008;8;10010;12;;;9997.0;0.0
high_vol_volatile_s2;7900;INTARIAN_PEPPER_ROOT;12071;11;12067;11;;;12075;21;12079;27;;;12073.0;0.0
high_vol_volatile_s2;7900;ASH_COATED_OSMIUM;9994;10;9991;23;;;10008;18;10012;12;;;10001.0;0.0
high_vol_volatile_s2;8000;INTARIAN_PEPPER_ROOT;12078;12;12075;18;;;12090;16;12094;23;;;12084.0;0.0
high_vol_volatile_s2;8000;ASH_COATED_OSMIUM;9994;13;9991;17;;;10016;5;10020;19;;;10005.0;0.0
high_vol_volatile_s2;8100;INTARIAN_PEPPER_ROOT;12094;12;12092;15;;;12096;12;12100;26;;;12095.0;0.0
high_vol_volatile_s2;8100;ASH_COATED_OSMIUM;9999;12;9996;12;;;10003;8;10005;24;;;10001.0;0.0
high_vol_volatile_s2;8200;INTARIAN_PEPPER_ROOT;12107;13;12103;26;;;12113;22;12115;18;;;12110.0;0.0
high_vol_volatile_s2;8200;ASH_COATED_OSMIUM;9993;9;9990;27;;;10011;16;10015;19;;;10002.0;0.0
high_vol_volatile_s2;8300;INTARIAN_PEPPER_ROOT;12125;11;12122;14;;;12127;19;12129;20;;;12126.0;0.0
high_vol_volatile_s2;8300;ASH_COATED_OSMIUM;9998;8;9996;20;;;10014;9;10016;21;;;10006.0;0.0
high_vol_volatile_s2;8400;INTARIAN_PEPPER_ROOT;12121;12;12118;16;;;12155;14;12157;21;;;12138.0;0.0
high_vol_volatile_s2;8400;ASH_COATED_OSMIUM;10005;11;10001;25;;;10011;15;10014;14;;;10008.0;0.0
high_vol_volatile_s2;8500;INTARIAN_PEPPER_ROOT;12145;13;12141;18;;;12147;14;12149;20;;;12146.0;0.0
high_vol_volatile_s2;8500;ASH_COATED_OSMIUM;10007;13;10005;21;;;10009;9;10013;14;;;10008.0;0.0
high_vol_volatile_s2;8600;INTARIAN_PEPPER_ROOT;12161;5;12158;30;;;12165;15;12168;15;;;12163.0;0.0
high_vol_volatile_s2;8600;ASH_COATED_OSMIUM;10003;19;10001;9;;;10013;7;10015;22;;;10008.0;0.0
high_vol_volatile_s2;8700;INTARIAN_PEPPER_ROOT;12176;6;12172;26;;;12184;12;12188;12;;;12180.0;0.0
high_vol_volatile_s2;8700;ASH_COATED_OSMIUM;10007;6;10004;14;;;10017;10;10019;22;;;10012.0;0.0
high_vol_volatile_s2;8800;INTARIAN_PEPPER_ROOT;12189;21;12186;22;;;12195;14;12199;13;;;12192.0;0.0
high_vol_volatile_s2;8800;ASH_COATED_OSMIUM;10006;24;10002;19;;;10020;5;10022;26;;;10013.0;0.0
high_vol_volatile_s2;8900;INTARIAN_PEPPER_ROOT;12206;20;12204;18;;;12208;11;12210;30;;;12207.0;0.0
high_vol_volatile_s2;8900;ASH_COATED_OSMIUM;10008;16;10004;30;;;10014;12;10016;24;;;10011.0;0.0
high_vol_volatile_s2;9000;INTARIAN_PEPPER_ROOT;12221;12;12219;21;;;12223;12;12227;12;;;12222.0;0.0
high_vol_volatile_s2;9000;ASH_COATED_OSMIUM;10008;7;10004;18;;;10010;16;10012;20;;;10009.0;0.0
high_vol_volatile_s2;9100;INTARIAN_PEPPER_ROOT;12237;19;12235;24;;;12239;14;12242;17;;;12238.0;0.0
high_vol_volatile_s2;9100;ASH_COATED_OSMIUM;10004;13;10002;14;;;10008;18;10011;15;;;10006.0;0.0
high_vol_volatile_s2;9200;INTARIAN_PEPPER_ROOT;12237;17;12234;22;;;12269;10;12272;21;;;12253.0;0.0
high_vol_volatile_s2;9200;ASH_COATED_OSMIUM;9983;7;9979;18;;;10025;14;10027;22;;;10004.0;0.0
high_vol_volatile_s2;9300;INTARIAN_PEPPER_ROOT;12266;14;12264;16;;;12276;17;12280;28;;;12271.0;0.0
high_vol_volatile_s2;9300;ASH_COATED_OSMIUM;10002;5;9999;24;;;10008;17;10010;13;;;10005.0;0.0
high_vol_volatile_s2;9400;INTARIAN_PEPPER_ROOT;12274;12;12272;24;;;12286;13;12290;25;;;12280.0;0.0
high_vol_volatile_s2;9400;ASH_COATED_OSMIUM;9999;11;9996;15;;;10015;16;10017;18;;;10007.0;0.0
high_vol_volatile_s2;9500;INTARIAN_PEPPER_ROOT;12295;16;12292;22;;;12301;20;12304;17;;;12298.0;0.0
high_vol_volatile_s2;9500;ASH_COATED_OSMIUM;10007;16;10003;17;;;10013;17;10017;22;;;10010.0;0.0
high_vol_volatile_s2;9600;INTARIAN_PEPPER_ROOT;12312;19;12308;11;;;12314;8;12316;26;;;12313.0;0.0
high_vol_volatile_s2;9600;ASH_COATED_OSMIUM;10008;14;10005;26;;;10010;9;10014;14;;;10009.0;0.0
high_vol_volatile_s2;9700;INTARIAN_PEPPER_ROOT;12282;17;12279;17;;;12372;10;12376;25;;;12327.0;0.0
high_vol_volatile_s2;9700;ASH_COATED_OSMIUM;10000;16;9996;22;;;10002;8;10006;18;;;10001.0;0.0
high_vol_volatile_s2;9800;INTARIAN_PEPPER_ROOT;12344;14;12342;22;;;12346;18;12348;17;;;12345.0;0.0
high_vol_volatile_s2;9800;ASH_COATED_OSMIUM;10003;13;10000;14;;;10011;13;10013;24;;;10007.0;0.0
high_vol_volatile_s2;9900;INTARIAN_PEPPER_ROOT;12350;18;12348;28;;;12354;16;12356;10;;;12352.0;0.0
high_vol_volatile_s2;9900;ASH_COATED_OSMIUM;10004;19;10000;22;;;10006;8;10010;17;;;10005.0;0.0
high_vol_volatile_s2;10000;INTARIAN_PEPPER_ROOT;12353;12;12350;20;;;12385;13;12387;24;;;12369.0;0.0
high_vol_volatile_s2;10000;ASH_COATED_OSMIUM;10002;27;9999;13;;;10008;10;10010;22;;;10005.0;0.0
high_vol_volatile_s2;10100;INTARIAN_PEPPER_ROOT;12376;14;12372;20;;;12394;7;12398;28;;;12385.0;0.0
high_vol_volatile_s2;10100;ASH_COATED_OSMIUM;9998;5;9995;12;;;10012;17;10016;21;;;10005.0;0.0
high_vol_volatile_s2;10200;INTARIAN_PEPPER_ROOT;12393;13;12389;22;;;12397;15;12401;14;;;12395.0;0.0
high_vol_volatile_s2;10200;ASH_COATED_OSMIUM;10006;23;10003;21;;;10016;14;10019;15;;;10011.0;0.0
high_vol_volatile_s2;10300;INTARIAN_PEPPER_ROOT;12409;10;12406;31;;;12411;22;12415;12;;;12410.0;0.0
high_vol_volatile_s2;10300;ASH_COATED_OSMIUM;10004;20;10002;13;;;10024;5;10026;21;;;10014.0;0.0
high_vol_volatile_s2;10400;INTARIAN_PEPPER_ROOT;12419;12;12416;20;;;12427;18;12430;22;;;12423.0;0.0
high_vol_volatile_s2;10400;ASH_COATED_OSMIUM;10002;13;10000;25;;;10030;15;10034;25;;;10016.0;0.0
high_vol_volatile_s2;10500;INTARIAN_PEPPER_ROOT;12438;22;12436;22;;;12450;15;12454;8;;;12444.0;0.0
high_vol_volatile_s2;10500;ASH_COATED_OSMIUM;10008;9;10005;24;;;10020;5;10024;21;;;10014.0;0.0
high_vol_volatile_s2;10600;INTARIAN_PEPPER_ROOT;12462;12;12459;19;;;12464;17;12468;25;;;12463.0;0.0
high_vol_volatile_s2;10600;ASH_COATED_OSMIUM;10003;9;10001;18;;;10019;14;10021;8;;;10011.0;0.0
high_vol_volatile_s2;10700;INTARIAN_PEPPER_ROOT;12476;15;12473;12;;;12478;8;12481;16;;;12477.0;0.0
high_vol_volatile_s2;10700;ASH_COATED_OSMIUM;9986;12;9983;16;;;10026;15;10030;22;;;10006.0;0.0
high_vol_volatile_s2;10800;INTARIAN_PEPPER_ROOT;12483;15;12480;11;;;12491;17;12493;15;;;12487.0;0.0
high_vol_volatile_s2;10800;ASH_COATED_OSMIUM;10000;23;9996;16;;;10004;9;10008;21;;;10002.0;0.0
high_vol_volatile_s2;10900;INTARIAN_PEPPER_ROOT;12494;20;12490;23;;;12500;14;12504;14;;;12497.0;0.0
high_vol_volatile_s2;10900;ASH_COATED_OSMIUM;10000;14;9998;14;;;10006;13;10009;15;;;10003.0;0.0
high_vol_volatile_s2;11000;INTARIAN_PEPPER_ROOT;12494;18;12491;21;;;12522;20;12524;20;;;12508.0;0.0
high_vol_volatile_s2;11000;ASH_COATED_OSMIUM;9962;9;9960;14;;;10048;5;10051;20;;;10005.0;0.0
high_vol_volatile_s2;11100;INTARIAN_PEPPER_ROOT;12510;13;12508;18;;;12526;7;12529;26;;;12518.0;0.0
high_vol_volatile_s2;11100;ASH_COATED_OSMIUM;9986;13;9982;9;;;10018;7;10022;21;;;10002.0;0.0
high_vol_volatile_s2;11200;INTARIAN_PEPPER_ROOT;12519;12;12515;22;;;12533;17;12536;23;;;12526.0;0.0
high_vol_volatile_s2;11200;ASH_COATED_OSMIUM;10002;8;9998;20;;;10012;5;10015;29;;;10007.0;0.0
high_vol_volatile_s2;11300;INTARIAN_PEPPER_ROOT;12531;11;12529;30;;;12539;6;12542;26;;;12535.0;0.0
high_vol_volatile_s2;11300;ASH_COATED_OSMIUM;10007;6;10003;24;;;10009;13;10011;19;;;10008.0;0.0
high_vol_volatile_s2;11400;INTARIAN_PEPPER_ROOT;12544;13;12540;19;;;12546;17;12548;17;;;12545.0;0.0
high_vol_volatile_s2;11400;ASH_COATED_OSMIUM;10009;10;10006;23;;;10011;11;10013;15;;;10010.0;0.0
high_vol_volatile_s2;11500;INTARIAN_PEPPER_ROOT;12540;17;12536;21;;;12564;15;12568;25;;;12552.0;0.0
high_vol_volatile_s2;11500;ASH_COATED_OSMIUM;10005;20;10001;24;;;10021;12;10023;12;;;10013.0;0.0
high_vol_volatile_s2;11600;INTARIAN_PEPPER_ROOT;12535;9;12531;22;;;12583;17;12587;16;;;12559.0;0.0
high_vol_volatile_s2;11600;ASH_COATED_OSMIUM;10000;15;9997;16;;;10028;5;10031;19;;;10014.0;0.0
high_vol_volatile_s2;11700;INTARIAN_PEPPER_ROOT;12548;8;12545;25;;;12584;9;12587;19;;;12566.0;0.0
high_vol_volatile_s2;11700;ASH_COATED_OSMIUM;10015;11;10011;28;;;10025;21;10028;23;;;10020.0;0.0
high_vol_volatile_s2;11800;INTARIAN_PEPPER_ROOT;12574;24;12571;19;;;12588;14;12591;18;;;12581.0;0.0
high_vol_volatile_s2;11800;ASH_COATED_OSMIUM;10010;8;10007;24;;;10024;12;10026;11;;;10017.0;0.0
high_vol_volatile_s2;11900;INTARIAN_PEPPER_ROOT;12575;16;12572;18;;;12593;12;12596;22;;;12584.0;0.0
high_vol_volatile_s2;11900;ASH_COATED_OSMIUM;10014;17;10012;19;;;10024;6;10026;16;;;10019.0;0.0
high_vol_volatile_s2;12000;INTARIAN_PEPPER_ROOT;12587;12;12585;35;;;12589;10;12593;21;;;12588.0;0.0
high_vol_volatile_s2;12000;ASH_COATED_OSMIUM;10016;14;10014;19;;;10024;9;10026;24;;;10020.0;0.0
high_vol_volatile_s2;12100;INTARIAN_PEPPER_ROOT;12595;18;12593;23;;;12597;16;12601;22;;;12596.0;0.0
high_vol_volatile_s2;12100;ASH_COATED_OSMIUM;10018;10;10015;24;;;10020;16;10024;21;;;10019.0;0.0
high_vol_volatile_s2;12200;INTARIAN_PEPPER_ROOT;12593;5;12591;26;;;12607;5;12611;18;;;12600.0;0.0
high_vol_volatile_s2;12200;ASH_COATED_OSMIUM;10021;16;10019;13;;;10023;12;10027;20;;;10022.0;0.0
high_vol_volatile_s2;12300;INTARIAN_PEPPER_ROOT;12605;19;12603;26;;;12607;13;12610;22;;;12606.0;0.0
high_vol_volatile_s2;12300;ASH_COATED_OSMIUM;10015;14;10013;16;;;10019;10;10023;24;;;10017.0;0.0
high_vol_volatile_s2;12400;INTARIAN_PEPPER_ROOT;12611;18;12608;26;;;12615;13;12617;19;;;12613.0;0.0
high_vol_volatile_s2;12400;ASH_COATED_OSMIUM;10011;6;10009;20;;;10023;5;10026;23;;;10017.0;0.0
high_vol_volatile_s2;12500;INTARIAN_PEPPER_ROOT;12619;7;12616;21;;;12621;7;12623;27;;;12620.0;0.0
high_vol_volatile_s2;12500;ASH_COATED_OSMIUM;9999;14;9997;27;;;10031;8;10035;23;;;10015.0;0.0
high_vol_volatile_s2;12600;INTARIAN_PEPPER_ROOT;12610;12;12608;12;;;12640;19;12643;22;;;12625.0;0.0
high_vol_volatile_s2;12600;ASH_COATED_OSMIUM;9991;14;9987;17;;;10039;6;10042;25;;;10015.0;0.0
high_vol_volatile_s2;12700;INTARIAN_PEPPER_ROOT;12621;11;12619;22;;;12629;5;12633;18;;;12625.0;0.0
high_vol_volatile_s2;12700;ASH_COATED_OSMIUM;10010;5;10007;34;;;10016;19;10018;22;;;10013.0;0.0
high_vol_volatile_s2;12800;INTARIAN_PEPPER_ROOT;12623;12;12619;14;;;12637;21;12641;20;;;12630.0;0.0
high_vol_volatile_s2;12800;ASH_COATED_OSMIUM;10017;13;10014;14;;;10019;15;10023;25;;;10018.0;0.0
high_vol_volatile_s2;12900;INTARIAN_PEPPER_ROOT;12621;11;12617;21;;;12631;18;12635;20;;;12626.0;0.0
high_vol_volatile_s2;12900;ASH_COATED_OSMIUM;10013;12;10011;31;;;10021;17;10023;21;;;10017.0;0.0
high_vol_volatile_s2;13000;INTARIAN_PEPPER_ROOT;12608;14;12604;22;;;12642;14;12646;18;;;12625.0;0.0
high_vol_volatile_s2;13000;ASH_COATED_OSMIUM;10014;5;10011;22;;;10016;5;10018;20;;;10015.0;0.0
high_vol_volatile_s2;13100;INTARIAN_PEPPER_ROOT;12622;14;12620;22;;;12624;23;12627;8;;;12623.0;0.0
high_vol_volatile_s2;13100;ASH_COATED_OSMIUM;10014;12;10012;11;;;10026;15;10028;15;;;10020.0;0.0
high_vol_volatile_s2;13200;INTARIAN_PEPPER_ROOT;12614;15;12612;20;;;12624;17;12627;21;;;12619.0;0.0
high_vol_volatile_s2;13200;ASH_COATED_OSMIUM;10014;11;10010;24;;;10018;5;10022;17;;;10016.0;0.0
high_vol_volatile_s2;13300;INTARIAN_PEPPER_ROOT;12616;19;12612;12;;;12622;18;12624;23;;;12619.0;0.0
high_vol_volatile_s2;13300;ASH_COATED_OSMIUM;10006;13;10002;18;;;10008;11;10011;16;;;10007.0;0.0
high_vol_volatile_s2;13400;INTARIAN_PEPPER_ROOT;12609;17;12607;27;;;12621;19;12625;22;;;12615.0;0.0
high_vol_volatile_s2;13400;ASH_COATED_OSMIUM;10008;11;10006;19;;;10010;10;10014;18;;;10009.0;0.0
high_vol_volatile_s2;13500;INTARIAN_PEPPER_ROOT;12602;16;12600;8;;;12626;10;12630;13;;;12614.0;0.0
high_vol_volatile_s2;13500;ASH_COATED_OSMIUM;10002;19;9999;17;;;10008;8;10010;12;;;10005.0;0.0
high_vol_volatile_s2;13600;INTARIAN_PEPPER_ROOT;12604;17;12600;11;;;12606;5;12609;21;;;12605.0;0.0
high_vol_volatile_s2;13600;ASH_COATED_OSMIUM;9977;14;9975;13;;;10031;13;10033;25;;;10004.0;0.0
high_vol_volatile_s2;13700;INTARIAN_PEPPER_ROOT;12600;11;12598;17;;;12606;19;12609;20;;;12603.0;0.0
high_vol_volatile_s2;13700;ASH_COATED_OSMIUM;9999;18;9997;20;;;10009;8;10011;22;;;10004.0;0.0
high_vol_volatile_s2;13800;INTARIAN_PEPPER_ROOT;12597;5;12594;21;;;12601;18;12605;26;;;12599.0;0.0
high_vol_volatile_s2;13800;ASH_COATED_OSMIUM;9993;17;9990;27;;;10009;7;10012;18;;;10001.0;0.0
high_vol_volatile_s2;13900;INTARIAN_PEPPER_ROOT;12585;10;12581;25;;;12603;22;12606;21;;;12594.0;0.0
high_vol_volatile_s2;13900;ASH_COATED_OSMIUM;9999;8;9996;25;;;10005;14;10009;12;;;10002.0;0.0
high_vol_volatile_s2;14000;INTARIAN_PEPPER_ROOT;12580;18;12578;20;;;12582;9;12585;21;;;12581.0;0.0
high_vol_volatile_s2;14000;ASH_COATED_OSMIUM;9978;14;9974;12;;;10028;6;10031;8;;;10003.0;0.0
high_vol_volatile_s2;14100;INTARIAN_PEPPER_ROOT;12561;17;12557;21;;;12585;19;12588;10;;;12573.0;0.0
high_vol_volatile_s2;14100;ASH_COATED_OSMIUM;10004;10;10002;15;;;10006;16;10010;16;;;10005.0;0.0
high_vol_volatile_s2;14200;INTARIAN_PEPPER_ROOT;12558;19;12554;17;;;12560;13;12563;29;;;12559.0;0.0
high_vol_volatile_s2;14200;ASH_COATED_OSMIUM;9987;14;9985;18;;;10015;15;10017;21;;;10001.0;0.0
high_vol_volatile_s2;14300;INTARIAN_PEPPER_ROOT;12541;16;12537;19;;;12547;7;12549;16;;;12544.0;0.0
high_vol_volatile_s2;14300;ASH_COATED_OSMIUM;9998;11;9996;8;;;10014;21;10017;13;;;10006.0;0.0
high_vol_volatile_s2;14400;INTARIAN_PEPPER_ROOT;12532;13;12530;25;;;12554;18;12558;10;;;12543.0;0.0
high_vol_volatile_s2;14400;ASH_COATED_OSMIUM;10009;8;10005;25;;;10011;13;10013;16;;;10010.0;0.0
high_vol_volatile_s2;14500;INTARIAN_PEPPER_ROOT;12532;15;12528;17;;;12538;11;12542;14;;;12535.0;0.0
high_vol_volatile_s2;14500;ASH_COATED_OSMIUM;10000;14;9997;21;;;10012;14;10016;30;;;10006.0;0.0
high_vol_volatile_s2;14600;INTARIAN_PEPPER_ROOT;12523;16;12519;24;;;12537;15;12539;17;;;12530.0;0.0
high_vol_volatile_s2;14600;ASH_COATED_OSMIUM;10010;8;10007;20;;;10012;15;10016;21;;;10011.0;0.0
high_vol_volatile_s2;14700;INTARIAN_PEPPER_ROOT;12508;15;12506;20;;;12524;8;12527;20;;;12516.0;0.0
high_vol_volatile_s2;14700;ASH_COATED_OSMIUM;10007;8;10005;21;;;10021;17;10025;21;;;10014.0;0.0
high_vol_volatile_s2;14800;INTARIAN_PEPPER_ROOT;12496;14;12492;18;;;12516;16;12519;19;;;12506.0;0.0
high_vol_volatile_s2;14800;ASH_COATED_OSMIUM;10006;8;10004;25;;;10016;13;10019;10;;;10011.0;0.0
high_vol_volatile_s2;14900;INTARIAN_PEPPER_ROOT;12493;16;12490;20;;;12495;16;12497;26;;;12494.0;0.0
high_vol_volatile_s2;14900;ASH_COATED_OSMIUM;10002;10;9999;16;;;10024;13;10027;18;;;10013.0;0.0
high_vol_volatile_s2;15000;INTARIAN_PEPPER_ROOT;12480;13;12477;18;;;12484;18;12488;22;;;12482.0;0.0
high_vol_volatile_s2;15000;ASH_COATED_OSMIUM;10006;12;10002;18;;;10012;5;10016;18;;;10009.0;0.0
high_vol_volatile_s2;15100;INTARIAN_PEPPER_ROOT;12466;7;12464;14;;;12470;18;12473;18;;;12468.0;0.0
high_vol_volatile_s2;15100;ASH_COATED_OSMIUM;10001;13;9999;29;;;10023;9;10027;17;;;10012.0;0.0
high_vol_volatile_s2;15200;INTARIAN_PEPPER_ROOT;12421;21;12417;21;;;12481;13;12484;8;;;12451.0;0.0
high_vol_volatile_s2;15200;ASH_COATED_OSMIUM;10011;21;10007;17;;;10013;15;10017;17;;;10012.0;0.0
high_vol_volatile_s2;15300;INTARIAN_PEPPER_ROOT;12429;18;12425;26;;;12431;11;12435;15;;;12430.0;0.0
high_vol_volatile_s2;15300;ASH_COATED_OSMIUM;10004;9;10001;25;;;10020;13;10022;19;;;10012.0;0.0
high_vol_volatile_s2;15400;INTARIAN_PEPPER_ROOT;12404;15;12400;17;;;12426;5;12430;11;;;12415.0;0.0
high_vol_volatile_s2;15400;ASH_COATED_OSMIUM;9992;6;9989;20;;;10026;25;10030;15;;;10009.0;0.0
high_vol_volatile_s2;15500;INTARIAN_PEPPER_ROOT;12398;15;12395;12;;;12400;13;12402;19;;;12399.0;0.0
high_vol_volatile_s2;15500;ASH_COATED_OSMIUM;9990;23;9987;21;;;10018;8;10022;16;;;10004.0;0.0
high_vol_volatile_s2;15600;INTARIAN_PEPPER_ROOT;12384;16;12380;16;;;12388;22;12392;14;;;12386.0;0.0
high_vol_volatile_s2;15600;ASH_COATED_OSMIUM;9994;11;9992;14;;;10010;5;10014;21;;;10002.0;0.0
high_vol_volatile_s2;15700;INTARIAN_PEPPER_ROOT;12356;15;12353;20;;;12378;8;12382;11;;;12367.0;0.0
high_vol_volatile_s2;15700;ASH_COATED_OSMIUM;9989;21;9987;23;;;10023;5;10025;16;;;10006.0;0.0
high_vol_volatile_s2;15800;INTARIAN_PEPPER_ROOT;12354;14;12351;29;;;12356;18;12358;23;;;12355.0;0.0
high_vol_volatile_s2;15800;ASH_COATED_OSMIUM;10001;13;9999;17;;;10013;5;10016;28;;;10007.0;0.0
high_vol_volatile_s2;15900;INTARIAN_PEPPER_ROOT;12334;16;12332;21;;;12336;17;12338;19;;;12335.0;0.0
high_vol_volatile_s2;15900;ASH_COATED_OSMIUM;10001;8;9998;12;;;10003;19;10005;16;;;10002.0;0.0
high_vol_volatile_s2;16000;INTARIAN_PEPPER_ROOT;12311;16;12308;24;;;12313;16;12316;22;;;12312.0;0.0
high_vol_volatile_s2;16000;ASH_COATED_OSMIUM;10000;11;9997;19;;;10010;10;10013;14;;;10005.0;0.0
high_vol_volatile_s2;16100;INTARIAN_PEPPER_ROOT;12294;21;12292;16;;;12298;20;12300;16;;;12296.0;0.0
high_vol_volatile_s2;16100;ASH_COATED_OSMIUM;9995;18;9991;20;;;10011;12;10015;18;;;10003.0;0.0
high_vol_volatile_s2;16200;INTARIAN_PEPPER_ROOT;12264;8;12261;21;;;12286;7;12290;23;;;12275.0;0.0
high_vol_volatile_s2;16200;ASH_COATED_OSMIUM;9971;9;9968;23;;;10033;11;10037;21;;;10002.0;0.0
high_vol_volatile_s2;16300;INTARIAN_PEPPER_ROOT;12249;12;12247;24;;;12253;20;12255;11;;;12251.0;0.0
high_vol_volatile_s2;16300;ASH_COATED_OSMIUM;10000;10;9996;27;;;10002;11;10006;19;;;10001.0;0.0
high_vol_volatile_s2;16400;INTARIAN_PEPPER_ROOT;12215;14;12213;22;;;12249;14;12251;24;;;12232.0;0.0
high_vol_volatile_s2;16400;ASH_COATED_OSMIUM;9976;7;9972;24;;;10018;5;10020;28;;;9997.0;0.0
high_vol_volatile_s2;16500;INTARIAN_PEPPER_ROOT;12209;12;12206;10;;;12217;18;12219;11;;;12213.0;0.0
high_vol_volatile_s2;16500;ASH_COATED_OSMIUM;9997;5;9995;24;;;9999;11;10001;21;;;9998.0;0.0
high_vol_volatile_s2;16600;INTARIAN_PEPPER_ROOT;12191;6;12187;18;;;12197;19;12199;19;;;12194.0;0.0
high_vol_volatile_s2;16600;ASH_COATED_OSMIUM;9984;6;9980;24;;;10018;21;10022;17;;;10001.0;0.0
high_vol_volatile_s2;16700;INTARIAN_PEPPER_ROOT;12168;21;12164;25;;;12182;10;12186;24;;;12175.0;0.0
high_vol_volatile_s2;16700;ASH_COATED_OSMIUM;10006;12;10002;21;;;10008;13;10010;17;;;10007.0;0.0
high_vol_volatile_s2;16800;INTARIAN_PEPPER_ROOT;12163;6;12161;21;;;12169;19;12171;21;;;12166.0;0.0
high_vol_volatile_s2;16800;ASH_COATED_OSMIUM;9999;15;9997;14;;;10019;19;10023;28;;;10009.0;0.0
high_vol_volatile_s2;16900;INTARIAN_PEPPER_ROOT;12138;5;12136;22;;;12158;14;12160;14;;;12148.0;0.0
high_vol_volatile_s2;16900;ASH_COATED_OSMIUM;10012;6;10009;21;;;10014;12;10018;19;;;10013.0;0.0
high_vol_volatile_s2;17000;INTARIAN_PEPPER_ROOT;12098;9;12096;20;;;12166;13;12169;21;;;12132.0;0.0
high_vol_volatile_s2;17000;ASH_COATED_OSMIUM;10008;12;10006;12;;;10026;18;10030;22;;;10017.0;0.0
high_vol_volatile_s2;17100;INTARIAN_PEPPER_ROOT;12103;20;12101;34;;;12107;12;12109;16;;;12105.0;0.0
high_vol_volatile_s2;17100;ASH_COATED_OSMIUM;10007;15;10003;18;;;10031;14;10033;11;;;10019.0;0.0
high_vol_volatile_s2;17200;INTARIAN_PEPPER_ROOT;12081;5;12078;24;;;12089;27;12092;25;;;12085.0;0.0
high_vol_volatile_s2;17200;ASH_COATED_OSMIUM;10017;8;10013;22;;;10019;14;10022;15;;;10018.0;0.0
high_vol_volatile_s2;17300;INTARIAN_PEPPER_ROOT;12064;9;12062;22;;;12068;20;12071;9;;;12066.0;0.0
high_vol_volatile_s2;17300;ASH_COATED_OSMIUM;9999;15;9996;21;;;10029;10;10032;18;;;10014.0;0.0
high_vol_volatile_s2;17400;INTARIAN_PEPPER_ROOT;12044;18;12040;20;;;12046;26;12049;18;;;12045.0;0.0
high_vol_volatile_s2;17400;ASH_COATED_OSMIUM;9998;19;9996;27;;;10024;16;10027;15;;;10011.0;0.0
high_vol_volatile_s2;17500;INTARIAN_PEPPER_ROOT;12018;17;12015;25;;;12026;6;12028;11;;;12022.0;0.0
high_vol_volatile_s2;17500;ASH_COATED_OSMIUM;9982;16;9980;17;;;10038;16;10042;26;;;10010.0;0.0
high_vol_volatile_s2;17600;INTARIAN_PEPPER_ROOT;11999;9;11996;15;;;12005;15;12009;24;;;12002.0;0.0
high_vol_volatile_s2;17600;ASH_COATED_OSMIUM;10012;15;10010;19;;;10014;23;10016;17;;;10013.0;0.0
high_vol_volatile_s2;17700;INTARIAN_PEPPER_ROOT;11972;13;11968;20;;;11990;5;11993;10;;;11981.0;0.0
high_vol_volatile_s2;17700;ASH_COATED_OSMIUM;10009;14;10007;15;;;10011;10;10013;19;;;10010.0;0.0
high_vol_volatile_s2;17800;INTARIAN_PEPPER_ROOT;11952;19;11949;20;;;11964;7;11966;17;;;11958.0;0.0
high_vol_volatile_s2;17800;ASH_COATED_OSMIUM;10004;13;10000;20;;;10008;14;10011;22;;;10006.0;0.0
high_vol_volatile_s2;17900;INTARIAN_PEPPER_ROOT;11940;12;11937;23;;;11944;13;11948;26;;;11942.0;0.0
high_vol_volatile_s2;17900;ASH_COATED_OSMIUM;9995;12;9991;22;;;10015;20;10019;21;;;10005.0;0.0
high_vol_volatile_s2;18000;INTARIAN_PEPPER_ROOT;11920;16;11916;15;;;11932;10;11935;19;;;11926.0;0.0
high_vol_volatile_s2;18000;ASH_COATED_OSMIUM;10001;5;9998;15;;;10011;19;10014;21;;;10006.0;0.0
high_vol_volatile_s2;18100;INTARIAN_PEPPER_ROOT;11893;13;11891;19;;;11921;21;11923;22;;;11907.0;0.0
high_vol_volatile_s2;18100;ASH_COATED_OSMIUM;10004;13;10000;14;;;10006;9;10010;18;;;10005.0;0.0
high_vol_volatile_s2;18200;INTARIAN_PEPPER_ROOT;11881;17;11877;21;;;11893;17;11896;9;;;11887.0;0.0
high_vol_volatile_s2;18200;ASH_COATED_OSMIUM;9990;17;9988;10;;;10022;14;10026;18;;;10006.0;0.0
high_vol_volatile_s2;18300;INTARIAN_PEPPER_ROOT;11865;8;11863;19;;;11873;14;11875;18;;;11869.0;0.0
high_vol_volatile_s2;18300;ASH_COATED_OSMIUM;10008;16;10006;25;;;10010;9;10012;27;;;10009.0;0.0
high_vol_volatile_s2;18400;INTARIAN_PEPPER_ROOT;11839;7;11837;11;;;11869;16;11873;20;;;11854.0;0.0
high_vol_volatile_s2;18400;ASH_COATED_OSMIUM;9998;9;9994;25;;;10020;6;10024;24;;;10009.0;0.0
high_vol_volatile_s2;18500;INTARIAN_PEPPER_ROOT;11805;11;11803;30;;;11869;22;11873;14;;;11837.0;0.0
high_vol_volatile_s2;18500;ASH_COATED_OSMIUM;10007;14;10003;22;;;10009;8;10011;28;;;10008.0;0.0
high_vol_volatile_s2;18600;INTARIAN_PEPPER_ROOT;11807;24;11803;17;;;11823;18;11827;21;;;11815.0;0.0
high_vol_volatile_s2;18600;ASH_COATED_OSMIUM;10000;5;9996;14;;;10006;8;10009;14;;;10003.0;0.0
high_vol_volatile_s2;18700;INTARIAN_PEPPER_ROOT;11792;17;11790;26;;;11802;15;11805;29;;;11797.0;0.0
high_vol_volatile_s2;18700;ASH_COATED_OSMIUM;10000;12;9998;18;;;10008;13;10012;26;;;10004.0;0.0
high_vol_volatile_s2;18800;INTARIAN_PEPPER_ROOT;11778;16;11775;18;;;11786;13;11789;20;;;11782.0;0.0
high_vol_volatile_s2;18800;ASH_COATED_OSMIUM;9999;14;9996;20;;;10009;10;10013;27;;;10004.0;0.0
high_vol_volatile_s2;18900;INTARIAN_PEPPER_ROOT;11752;18;11749;15;;;11782;8;11784;26;;;11767.0;0.0
high_vol_volatile_s2;18900;ASH_COATED_OSMIUM;9992;16;9990;26;;;10020;18;10022;19;;;10006.0;0.0
high_vol_volatile_s2;19000;INTARIAN_PEPPER_ROOT;11748;19;11746;24;;;11762;18;11764;27;;;11755.0;0.0
high_vol_volatile_s2;19000;ASH_COATED_OSMIUM;9993;13;9989;17;;;10007;18;10011;19;;;10000.0;0.0
high_vol_volatile_s2;19100;INTARIAN_PEPPER_ROOT;11740;12;11737;26;;;11744;17;11748;12;;;11742.0;0.0
high_vol_volatile_s2;19100;ASH_COATED_OSMIUM;9989;14;9986;15;;;10019;19;10022;14;;;10004.0;0.0
high_vol_volatile_s2;19200;INTARIAN_PEPPER_ROOT;11723;18;11719;25;;;11725;17;11728;17;;;11724.0;0.0
high_vol_volatile_s2;19200;ASH_COATED_OSMIUM;10000;20;9998;24;;;10010;18;10012;19;;;10005.0;0.0
high_vol_volatile_s2;19300;INTARIAN_PEPPER_ROOT;11705;9;11701;20;;;11711;14;11714;21;;;11708.0;0.0
high_vol_volatile_s2;19300;ASH_COATED_OSMIUM;9999;19;9997;20;;;10001;16;10004;15;;;10000.0;0.0
high_vol_volatile_s2;19400;INTARIAN_PEPPER_ROOT;11690;9;11687;23;;;11694;26;11697;29;;;11692.0;0.0
high_vol_volatile_s2;19400;ASH_COATED_OSMIUM;9988;10;9985;23;;;10016;11;10020;11;;;10002.0;0.0
high_vol_volatile_s2;19500;INTARIAN_PEPPER_ROOT;11681;16;11678;21;;;11687;12;11691;23;;;11684.0;0.0
high_vol_volatile_s2;19500;ASH_COATED_OSMIUM;9990;7;9987;16;;;10018;24;10021;18;;;10004.0;0.0
high_vol_volatile_s2;19600;INTARIAN_PEPPER_ROOT;11664;13;11661;17;;;11680;21;11683;18;;;11672.0;0.0
high_vol_volatile_s2;19600;ASH_COATED_OSMIUM;10004;5;10001;15;;;10008;21;10010;17;;;10006.0;0.0
high_vol_volatile_s2;19700;INTARIAN_PEPPER_ROOT;11659;19;11655;22;;;11665;18;11669;18;;;11662.0;0.0
high_vol_volatile_s2;19700;ASH_COATED_OSMIUM;9987;11;9983;23;;;10025;16;10027;28;;;10006.0;0.0
high_vol_volatile_s2;19800;INTARIAN_PEPPER_ROOT;11652;9;11650;22;;;11658;13;11661;19;;;11655.0;0.0
high_vol_volatile_s2;19800;ASH_COATED_OSMIUM;9991;11;9988;23;;;10007;15;10010;21;;;9999.0;0.0
high_vol_volatile_s2;19900;INTARIAN_PEPPER_ROOT;11630;25;11626;23;;;11658;5;11661;12;;;11644.0;0.0
high_vol_volatile_s2;19900;ASH_COATED_OSMIUM;9996;22;9994;25;;;9998;12;10000;22;;;9997.0;0.0
high_vol_volatile_s2;20000;INTARIAN_PEPPER_ROOT;11629;17;11627;21;;;11633;11;11637;24;;;11631.0;0.0
high_vol_volatile_s2;20000;ASH_COATED_OSMIUM;9992;5;9990;20;;;9994;17;9997;26;;;9993.0;0.0
high_vol_volatile_s2;20100;INTARIAN_PEPPER_ROOT;11620;18;11618;18;;;11622;15;11626;13;;;11621.0;0.0
high_vol_volatile_s2;20100;ASH_COATED_OSMIUM;9991;12;9987;18;;;9993;16;9997;15;;;9992.0;0.0
high_vol_volatile_s2;20200;INTARIAN_PEPPER_ROOT;11595;8;11592;13;;;11631;15;11634;15;;;11613.0;0.0
high_vol_volatile_s2;20200;ASH_COATED_OSMIUM;9972;12;9968;17;;;10014;17;10018;20;;;9993.0;0.0
high_vol_volatile_s2;20300;INTARIAN_PEPPER_ROOT;11593;9;11590;16;;;11627;6;11630;19;;;11610.0;0.0
high_vol_volatile_s2;20300;ASH_COATED_OSMIUM;9988;11;9985;16;;;10002;10;10006;12;;;9995.0;0.0
high_vol_volatile_s2;20400;INTARIAN_PEPPER_ROOT;11603;23;11599;25;;;11609;11;11612;17;;;11606.0;0.0
high_vol_volatile_s2;20400;ASH_COATED_OSMIUM;9957;12;9953;24;;;10047;18;10051;24;;;10002.0;0.0
high_vol_volatile_s2;20500;INTARIAN_PEPPER_ROOT;11591;12;11589;13;;;11603;18;11607;22;;;11597.0;0.0
high_vol_volatile_s2;20500;ASH_COATED_OSMIUM;9991;14;9989;22;;;10015;13;10018;24;;;10003.0;0.0
high_vol_volatile_s2;20600;INTARIAN_PEPPER_ROOT;11583;13;11580;18;;;11607;16;11611;19;;;11595.0;0.0
high_vol_volatile_s2;20600;ASH_COATED_OSMIUM;10005;17;10001;17;;;10007;7;10011;19;;;10006.0;0.0
high_vol_volatile_s2;20700;INTARIAN_PEPPER_ROOT;11591;23;11589;27;;;11595;10;11598;14;;;11593.0;0.0
high_vol_volatile_s2;20700;ASH_COATED_OSMIUM;9967;15;9965;20;;;10039;16;10041;24;;;10003.0;0.0
high_vol_volatile_s2;20800;INTARIAN_PEPPER_ROOT;11568;13;11566;23;;;11604;23;11606;22;;;11586.0;0.0
high_vol_volatile_s2;20800;ASH_COATED_OSMIUM;9995;14;9992;12;;;10001;12;10005;19;;;9998.0;0.0
high_vol_volatile_s2;20900;INTARIAN_PEPPER_ROOT;11574;14;11572;18;;;11592;22;11595;23;;;11583.0;0.0
high_vol_volatile_s2;20900;ASH_COATED_OSMIUM;9991;14;9987;24;;;10001;14;10003;15;;;9996.0;0.0
high_vol_volatile_s2;21000;INTARIAN_PEPPER_ROOT;11575;13;11572;17;;;11577;14;11579;22;;;11576.0;0.0
high_vol_volatile_s2;21000;ASH_COATED_OSMIUM;9990;7;9987;16;;;10006;16;10010;20;;;9998.0;0.0
high_vol_volatile_s2;21100;INTARIAN_PEPPER_ROOT;11570;11;11566;17;;;11580;18;11583;16;;;11575.0;0.0
high_vol_volatile_s2;21100;ASH_COATED_OSMIUM;9986;11;9983;15;;;10008;8;10011;12;;;9997.0;0.0
high_vol_volatile_s2;21200;INTARIAN_PEPPER_ROOT;11572;11;11568;14;;;11576;15;11580;16;;;11574.0;0.0
high_vol_volatile_s2;21200;ASH_COATED_OSMIUM;9978;8;9976;18;;;10018;12;10020;19;;;9998.0;0.0
high_vol_volatile_s2;21300;INTARIAN_PEPPER_ROOT;11561;7;11557;21;;;11579;11;11583;19;;;11570.0;0.0
high_vol_volatile_s2;21300;ASH_COATED_OSMIUM;9995;8;9993;30;;;10001;18;10004;31;;;9998.0;0.0
high_vol_volatile_s2;21400;INTARIAN_PEPPER_ROOT;11567;9;11563;20;;;11571;5;11575;16;;;11569.0;0.0
high_vol_volatile_s2;21400;ASH_COATED_OSMIUM;9998;19;9994;20;;;10000;5;10003;16;;;9999.0;0.0
high_vol_volatile_s2;21500;INTARIAN_PEPPER_ROOT;11570;19;11566;25;;;11572;24;11575;17;;;11571.0;0.0
high_vol_volatile_s2;21500;ASH_COATED_OSMIUM;9997;14;9995;17;;;10003;13;10005;18;;;10000.0;0.0
high_vol_volatile_s2;21600;INTARIAN_PEPPER_ROOT;11565;10;11561;15;;;11579;8;11581;19;;;11572.0;0.0
high_vol_volatile_s2;21600;ASH_COATED_OSMIUM;9985;10;9982;21;;;10007;8;10011;25;;;9996.0;0.0
high_vol_volatile_s2;21700;INTARIAN_PEPPER_ROOT;11574;21;11570;25;;;11578;11;11580;20;;;11576.0;0.0
high_vol_volatile_s2;21700;ASH_COATED_OSMIUM;9993;19;9991;23;;;10005;13;10008;15;;;9999.0;0.0
high_vol_volatile_s2;21800;INTARIAN_PEPPER_ROOT;11573;11;11569;18;;;11591;11;11594;18;;;11582.0;0.0
high_vol_volatile_s2;21800;ASH_COATED_OSMIUM;9981;18;9977;18;;;10017;13;10019;19;;;9999.0;0.0
high_vol_volatile_s2;21900;INTARIAN_PEPPER_ROOT;11553;19;11550;25;;;11613;13;11615;20;;;11583.0;0.0
high_vol_volatile_s2;21900;ASH_COATED_OSMIUM;9997;6;9993;21;;;9999;7;10002;20;;;9998.0;0.0
high_vol_volatile_s2;22000;INTARIAN_PEPPER_ROOT;11587;11;11585;22;;;11589;20;11592;25;;;11588.0;0.0
high_vol_volatile_s2;22000;ASH_COATED_OSMIUM;9997;9;9993;16;;;9999;12;10001;11;;;9998.0;0.0
high_vol_volatile_s2;22100;INTARIAN_PEPPER_ROOT;11597;16;11595;19;;;11603;17;11606;22;;;11600.0;0.0
high_vol_volatile_s2;22100;ASH_COATED_OSMIUM;9999;5;9995;18;;;10001;13;10005;18;;;10000.0;0.0
high_vol_volatile_s2;22200;INTARIAN_PEPPER_ROOT;11606;28;11602;24;;;11608;11;11611;21;;;11607.0;0.0
high_vol_volatile_s2;22200;ASH_COATED_OSMIUM;9989;14;9985;25;;;10011;12;10013;26;;;10000.0;0.0
high_vol_volatile_s2;22300;INTARIAN_PEPPER_ROOT;11609;26;11607;17;;;11613;24;11616;23;;;11611.0;0.0
high_vol_volatile_s2;22300;ASH_COATED_OSMIUM;9997;14;9993;31;;;10001;11;10003;14;;;9999.0;0.0
high_vol_volatile_s2;22400;INTARIAN_PEPPER_ROOT;11615;13;11611;25;;;11623;13;11627;21;;;11619.0;0.0
high_vol_volatile_s2;22400;ASH_COATED_OSMIUM;10000;14;9997;15;;;10002;11;10005;18;;;10001.0;0.0
high_vol_volatile_s2;22500;INTARIAN_PEPPER_ROOT;11618;22;11616;13;;;11626;11;11630;11;;;11622.0;0.0
high_vol_volatile_s2;22500;ASH_COATED_OSMIUM;10002;14;9999;21;;;10004;5;10008;22;;;10003.0;0.0
high_vol_volatile_s2;22600;INTARIAN_PEPPER_ROOT;11632;18;11630;22;;;11638;20;11641;20;;;11635.0;0.0
high_vol_volatile_s2;22600;ASH_COATED_OSMIUM;9993;8;9989;16;;;10013;5;10016;31;;;10003.0;0.0
high_vol_volatile_s2;22700;INTARIAN_PEPPER_ROOT;11628;8;11626;18;;;11662;18;11666;11;;;11645.0;0.0
high_vol_volatile_s2;22700;ASH_COATED_OSMIUM;10001;12;9999;17;;;10003;13;10007;17;;;10002.0;0.0
high_vol_volatile_s2;22800;INTARIAN_PEPPER_ROOT;11657;19;11654;21;;;11659;7;11663;20;;;11658.0;0.0
high_vol_volatile_s2;22800;ASH_COATED_OSMIUM;9994;14;9990;29;;;10004;11;10008;15;;;9999.0;0.0
high_vol_volatile_s2;22900;INTARIAN_PEPPER_ROOT;11669;9;11667;17;;;11673;11;11676;28;;;11671.0;0.0
high_vol_volatile_s2;22900;ASH_COATED_OSMIUM;9996;15;9994;18;;;10006;7;10008;18;;;10001.0;0.0
high_vol_volatile_s2;23000;INTARIAN_PEPPER_ROOT;11682;22;11679;16;;;11684;10;11686;26;;;11683.0;0.0
high_vol_volatile_s2;23000;ASH_COATED_OSMIUM;9983;12;9979;21;;;10021;10;10024;23;;;10002.0;0.0
high_vol_volatile_s2;23100;INTARIAN_PEPPER_ROOT;11691;7;11688;21;;;11703;13;11705;16;;;11697.0;0.0
high_vol_volatile_s2;23100;ASH_COATED_OSMIUM;9998;16;9996;20;;;10004;12;10008;24;;;10001.0;0.0
high_vol_volatile_s2;23200;INTARIAN_PEPPER_ROOT;11687;12;11684;16;;;11729;9;11733;19;;;11708.0;0.0
high_vol_volatile_s2;23200;ASH_COATED_OSMIUM;9990;14;9987;28;;;10012;10;10016;26;;;10001.0;0.0
high_vol_volatile_s2;23300;INTARIAN_PEPPER_ROOT;11718;13;11716;24;;;11720;18;11722;22;;;11719.0;0.0
high_vol_volatile_s2;23300;ASH_COATED_OSMIUM;10001;8;9998;18;;;10005;9;10007;19;;;10003.0;0.0
high_vol_volatile_s2;23400;INTARIAN_PEPPER_ROOT;11715;16;11712;8;;;11739;24;11741;17;;;11727.0;0.0
high_vol_volatile_s2;23400;ASH_COATED_OSMIUM;9985;12;9982;23;;;10015;18;10017;17;;;10000.0;0.0
high_vol_volatile_s2;23500;INTARIAN_PEPPER_ROOT;11738;11;11735;24;;;11740;9;11743;18;;;11739.0;0.0
high_vol_volatile_s2;23500;ASH_COATED_OSMIUM;9986;5;9982;19;;;10018;7;10020;26;;;10002.0;0.0
high_vol_volatile_s2;23600;INTARIAN_PEPPER_ROOT;11723;14;11719;15;;;11765;22;11768;22;;;11744.0;0.0
high_vol_volatile_s2;23600;ASH_COATED_OSMIUM;10002;5;9999;21;;;10010;9;10013;16;;;10006.0;0.0
high_vol_volatile_s2;23700;INTARIAN_PEPPER_ROOT;11760;10;11757;19;;;11764;14;11766;13;;;11762.0;0.0
high_vol_volatile_s2;23700;ASH_COATED_OSMIUM;9978;21;9974;15;;;10038;14;10041;13;;;10008.0;0.0
high_vol_volatile_s2;23800;INTARIAN_PEPPER_ROOT;11762;11;11759;18;;;11780;9;11782;25;;;11771.0;0.0
high_vol_volatile_s2;23800;ASH_COATED_OSMIUM;10002;11;10000;21;;;10020;12;10023;26;;;10011.0;0.0
high_vol_volatile_s2;23900;INTARIAN_PEPPER_ROOT;11777;5;11774;26;;;11791;11;11795;19;;;11784.0;0.0
high_vol_volatile_s2;23900;ASH_COATED_OSMIUM;10006;15;10003;16;;;10014;9;10017;13;;;10010.0;0.0
high_vol_volatile_s2;24000;INTARIAN_PEPPER_ROOT;11792;14;11790;20;;;11794;13;11796;28;;;11793.0;0.0
high_vol_volatile_s2;24000;ASH_COATED_OSMIUM;10005;20;10002;19;;;10007;10;10011;20;;;10006.0;0.0
high_vol_volatile_s2;24100;INTARIAN_PEPPER_ROOT;11794;22;11791;23;;;11810;17;11814;26;;;11802.0;0.0
high_vol_volatile_s2;24100;ASH_COATED_OSMIUM;10005;15;10001;25;;;10007;6;10010;23;;;10006.0;0.0
high_vol_volatile_s2;24200;INTARIAN_PEPPER_ROOT;11813;9;11810;12;;;11817;17;11820;22;;;11815.0;0.0
high_vol_volatile_s2;24200;ASH_COATED_OSMIUM;10003;13;10000;17;;;10005;10;10008;22;;;10004.0;0.0
high_vol_volatile_s2;24300;INTARIAN_PEPPER_ROOT;11826;15;11823;22;;;11828;14;11830;14;;;11827.0;0.0
high_vol_volatile_s2;24300;ASH_COATED_OSMIUM;10005;21;10001;15;;;10009;15;10011;11;;;10007.0;0.0
high_vol_volatile_s2;24400;INTARIAN_PEPPER_ROOT;11834;14;11830;16;;;11848;17;11852;17;;;11841.0;0.0
high_vol_volatile_s2;24400;ASH_COATED_OSMIUM;9993;9;9989;20;;;10011;5;10013;24;;;10002.0;0.0
high_vol_volatile_s2;24500;INTARIAN_PEPPER_ROOT;11848;13;11844;15;;;11866;15;11870;10;;;11857.0;0.0
high_vol_volatile_s2;24500;ASH_COATED_OSMIUM;9998;11;9996;18;;;10010;6;10013;13;;;10004.0;0.0
high_vol_volatile_s2;24600;INTARIAN_PEPPER_ROOT;11865;14;11862;20;;;11875;15;11878;23;;;11870.0;0.0
high_vol_volatile_s2;24600;ASH_COATED_OSMIUM;9982;15;9978;19;;;10034;8;10038;13;;;10008.0;0.0
high_vol_volatile_s2;24700;INTARIAN_PEPPER_ROOT;11883;5;11880;21;;;11885;21;11889;16;;;11884.0;0.0
high_vol_volatile_s2;24700;ASH_COATED_OSMIUM;9995;5;9991;16;;;10023;16;10027;8;;;10009.0;0.0
high_vol_volatile_s2;24800;INTARIAN_PEPPER_ROOT;11899;24;11897;24;;;11901;14;11904;21;;;11900.0;0.0
high_vol_volatile_s2;24800;ASH_COATED_OSMIUM;10010;10;10007;13;;;10012;14;10015;27;;;10011.0;0.0
high_vol_volatile_s2;24900;INTARIAN_PEPPER_ROOT;11910;14;11906;18;;;11916;19;11918;16;;;11913.0;0.0
high_vol_volatile_s2;24900;ASH_COATED_OSMIUM;9986;10;9984;20;;;10032;10;10035;24;;;10009.0;0.0
high_vol_volatile_s2;25000;INTARIAN_PEPPER_ROOT;11918;21;11914;23;;;11934;11;11937;20;;;11926.0;0.0
high_vol_volatile_s2;25000;ASH_COATED_OSMIUM;10000;21;9998;28;;;10016;15;10019;23;;;10008.0;0.0
high_vol_volatile_s2;25100;INTARIAN_PEPPER_ROOT;11936;27;11932;14;;;11946;16;11950;29;;;11941.0;0.0
high_vol_volatile_s2;25100;ASH_COATED_OSMIUM;9997;9;9993;12;;;10015;13;10018;18;;;10006.0;0.0
high_vol_volatile_s2;25200;INTARIAN_PEPPER_ROOT;11948;16;11946;25;;;11962;15;11966;14;;;11955.0;0.0
high_vol_volatile_s2;25200;ASH_COATED_OSMIUM;10012;17;10008;22;;;10014;9;10016;15;;;10013.0;0.0
high_vol_volatile_s2;25300;INTARIAN_PEPPER_ROOT;11965;16;11962;13;;;11973;5;11977;12;;;11969.0;0.0
high_vol_volatile_s2;25300;ASH_COATED_OSMIUM;10013;5;10011;9;;;10015;19;10017;11;;;10014.0;0.0
high_vol_volatile_s2;25400;INTARIAN_PEPPER_ROOT;11969;10;11965;21;;;11981;14;11983;16;;;11975.0;0.0
high_vol_volatile_s2;25400;ASH_COATED_OSMIUM;10012;9;10008;16;;;10014;6;10017;20;;;10013.0;0.0
high_vol_volatile_s2;25500;INTARIAN_PEPPER_ROOT;11979;11;11977;23;;;11997;11;12001;14;;;11988.0;0.0
high_vol_volatile_s2;25500;ASH_COATED_OSMIUM;10015;15;10011;27;;;10021;15;10024;22;;;10018.0;0.0
high_vol_volatile_s2;25600;INTARIAN_PEPPER_ROOT;11990;5;11986;21;;;12014;16;12017;15;;;12002.0;0.0
high_vol_volatile_s2;25600;ASH_COATED_OSMIUM;10012;9;10009;20;;;10022;10;10024;21;;;10017.0;0.0
high_vol_volatile_s2;25700;INTARIAN_PEPPER_ROOT;12011;17;12008;18;;;12017;15;12021;22;;;12014.0;0.0
high_vol_volatile_s2;25700;ASH_COATED_OSMIUM;10014;22;10011;13;;;10022;8;10025;20;;;10018.0;0.0
high_vol_volatile_s2;25800;INTARIAN_PEPPER_ROOT;12019;7;12017;23;;;12035;7;12038;21;;;12027.0;0.0
high_vol_volatile_s2;25800;ASH_COATED_OSMIUM;10018;10;10014;13;;;10022;5;10024;19;;;10020.0;0.0
high_vol_volatile_s2;25900;INTARIAN_PEPPER_ROOT;12041;24;12038;17;;;12049;17;12051;15;;;12045.0;0.0
high_vol_volatile_s2;25900;ASH_COATED_OSMIUM;10023;19;10020;20;;;10029;14;10033;32;;;10026.0;0.0
high_vol_volatile_s2;26000;INTARIAN_PEPPER_ROOT;12054;10;12051;8;;;12058;6;12061;14;;;12056.0;0.0
high_vol_volatile_s2;26000;ASH_COATED_OSMIUM;10023;17;10021;22;;;10029;9;10032;12;;;10026.0;0.0
high_vol_volatile_s2;26100;INTARIAN_PEPPER_ROOT;12068;19;12065;27;;;12070;5;12072;15;;;12069.0;0.0
high_vol_volatile_s2;26100;ASH_COATED_OSMIUM;10025;13;10021;12;;;10027;19;10029;25;;;10026.0;0.0
high_vol_volatile_s2;26200;INTARIAN_PEPPER_ROOT;12076;18;12073;22;;;12078;14;12081;21;;;12077.0;0.0
high_vol_volatile_s2;26200;ASH_COATED_OSMIUM;10018;26;10014;21;;;10024;17;10026;22;;;10021.0;0.0
high_vol_volatile_s2;26300;INTARIAN_PEPPER_ROOT;12073;18;12071;16;;;12097;9;12101;21;;;12085.0;0.0
high_vol_volatile_s2;26300;ASH_COATED_OSMIUM;10024;6;10021;17;;;10026;15;10030;23;;;10025.0;0.0
high_vol_volatile_s2;26400;INTARIAN_PEPPER_ROOT;12090;16;12086;24;;;12096;9;12099;19;;;12093.0;0.0
high_vol_volatile_s2;26400;ASH_COATED_OSMIUM;10027;10;10023;16;;;10031;16;10034;19;;;10029.0;0.0
high_vol_volatile_s2;26500;INTARIAN_PEPPER_ROOT;12092;12;12089;26;;;12108;14;12110;17;;;12100.0;0.0
high_vol_volatile_s2;26500;ASH_COATED_OSMIUM;10021;7;10019;21;;;10031;24;10034;13;;;10026.0;0.0
high_vol_volatile_s2;26600;INTARIAN_PEPPER_ROOT;12106;10;12104;19;;;12112;14;12115;24;;;12109.0;0.0
high_vol_volatile_s2;26600;ASH_COATED_OSMIUM;10018;13;10016;26;;;10022;12;10025;22;;;10020.0;0.0
high_vol_volatile_s2;26700;INTARIAN_PEPPER_ROOT;12111;20;12107;25;;;12117;12;12120;18;;;12114.0;0.0
high_vol_volatile_s2;26700;ASH_COATED_OSMIUM;10025;5;10021;15;;;10027;17;10030;27;;;10026.0;0.0
high_vol_volatile_s2;26800;INTARIAN_PEPPER_ROOT;12118;14;12115;23;;;12126;15;12128;19;;;12122.0;0.0
high_vol_volatile_s2;26800;ASH_COATED_OSMIUM;10018;15;10015;17;;;10020;11;10023;20;;;10019.0;0.0
high_vol_volatile_s2;26900;INTARIAN_PEPPER_ROOT;12115;24;12112;20;;;12137;14;12141;26;;;12126.0;0.0
high_vol_volatile_s2;26900;ASH_COATED_OSMIUM;10006;5;10002;27;;;10026;19;10029;16;;;10016.0;0.0
high_vol_volatile_s2;27000;INTARIAN_PEPPER_ROOT;12119;10;12115;11;;;12137;15;12139;14;;;12128.0;0.0
high_vol_volatile_s2;27000;ASH_COATED_OSMIUM;10012;7;10009;27;;;10020;20;10023;29;;;10016.0;0.0
high_vol_volatile_s2;27100;INTARIAN_PEPPER_ROOT;12132;17;12128;15;;;12134;26;12136;16;;;12133.0;0.0
high_vol_volatile_s2;27100;ASH_COATED_OSMIUM;10017;5;10013;19;;;10019;8;10021;25;;;10018.0;0.0
high_vol_volatile_s2;27200;INTARIAN_PEPPER_ROOT;12134;9;12130;25;;;12138;21;12140;20;;;12136.0;0.0
high_vol_volatile_s2;27200;ASH_COATED_OSMIUM;10012;17;10008;17;;;10030;6;10034;16;;;10021.0;0.0
high_vol_volatile_s2;27300;INTARIAN_PEPPER_ROOT;12117;5;12113;18;;;12161;14;12163;29;;;12139.0;0.0
high_vol_volatile_s2;27300;ASH_COATED_OSMIUM;10013;16;10010;22;;;10017;5;10019;20;;;10015.0;0.0
high_vol_volatile_s2;27400;INTARIAN_PEPPER_ROOT;12141;7;12138;23;;;12143;11;12147;30;;;12142.0;0.0
high_vol_volatile_s2;27400;ASH_COATED_OSMIUM;10019;18;10017;14;;;10029;8;10031;21;;;10024.0;0.0
high_vol_volatile_s2;27500;INTARIAN_PEPPER_ROOT;12131;11;12128;17;;;12161;8;12165;18;;;12146.0;0.0
high_vol_volatile_s2;27500;ASH_COATED_OSMIUM;10011;14;10008;22;;;10035;8;10037;17;;;10023.0;0.0
high_vol_volatile_s2;27600;INTARIAN_PEPPER_ROOT;12151;14;12147;15;;;12157;18;12160;20;;;12154.0;0.0
high_vol_volatile_s2;27600;ASH_COATED_OSMIUM;10016;6;10013;23;;;10018;16;10021;14;;;10017.0;0.0
high_vol_volatile_s2;27700;INTARIAN_PEPPER_ROOT;12158;19;12154;21;;;12164;11;12166;19;;;12161.0;0.0
high_vol_volatile_s2;27700;ASH_COATED_OSMIUM;10010;8;10008;15;;;10014;15;10018;18;;;10012.0;0.0
high_vol_volatile_s2;27800;INTARIAN_PEPPER_ROOT;12165;22;12162;8;;;12167;27;12169;22;;;12166.0;0.0
high_vol_volatile_s2;27800;ASH_COATED_OSMIUM;9981;17;9978;19;;;10037;9;10039;11;;;10009.0;0.0
high_vol_volatile_s2;27900;INTARIAN_PEPPER_ROOT;12167;15;12163;17;;;12169;12;12172;25;;;12168.0;0.0
high_vol_volatile_s2;27900;ASH_COATED_OSMIUM;10007;14;10004;18;;;10011;13;10015;19;;;10009.0;0.0
high_vol_volatile_s2;28000;INTARIAN_PEPPER_ROOT;12170;19;12166;16;;;12180;13;12183;10;;;12175.0;0.0
high_vol_volatile_s2;28000;ASH_COATED_OSMIUM;10002;7;9998;15;;;10022;15;10024;21;;;10012.0;0.0
high_vol_volatile_s2;28100;INTARIAN_PEPPER_ROOT;12146;6;12142;23;;;12196;13;12198;24;;;12171.0;0.0
high_vol_volatile_s2;28100;ASH_COATED_OSMIUM;10009;19;10006;23;;;10017;10;10020;17;;;10013.0;0.0
high_vol_volatile_s2;28200;INTARIAN_PEPPER_ROOT;12162;13;12160;21;;;12172;15;12175;21;;;12167.0;0.0
high_vol_volatile_s2;28200;ASH_COATED_OSMIUM;10013;7;10009;18;;;10019;19;10022;20;;;10016.0;0.0
high_vol_volatile_s2;28300;INTARIAN_PEPPER_ROOT;12158;12;12154;19;;;12178;18;12182;20;;;12168.0;0.0
high_vol_volatile_s2;28300;ASH_COATED_OSMIUM;10005;11;10001;20;;;10025;18;10027;23;;;10015.0;0.0
high_vol_volatile_s2;28400;INTARIAN_PEPPER_ROOT;12161;18;12159;21;;;12177;17;12179;26;;;12169.0;0.0
high_vol_volatile_s2;28400;ASH_COATED_OSMIUM;10015;10;10013;28;;;10017;21;10019;16;;;10016.0;0.0
high_vol_volatile_s2;28500;INTARIAN_PEPPER_ROOT;12161;19;12157;14;;;12175;9;12177;24;;;12168.0;0.0
high_vol_volatile_s2;28500;ASH_COATED_OSMIUM;10018;16;10016;14;;;10022;13;10026;24;;;10020.0;0.0
high_vol_volatile_s2;28600;INTARIAN_PEPPER_ROOT;12165;12;12161;30;;;12169;15;12173;26;;;12167.0;0.0
high_vol_volatile_s2;28600;ASH_COATED_OSMIUM;10016;16;10014;21;;;10020;5;10023;17;;;10018.0;0.0
high_vol_volatile_s2;28700;INTARIAN_PEPPER_ROOT;12157;13;12155;24;;;12165;17;12167;24;;;12161.0;0.0
high_vol_volatile_s2;28700;ASH_COATED_OSMIUM;9999;22;9997;22;;;10031;12;10035;26;;;10015.0;0.0
high_vol_volatile_s2;28800;INTARIAN_PEPPER_ROOT;12155;19;12152;22;;;12157;14;12160;10;;;12156.0;0.0
high_vol_volatile_s2;28800;ASH_COATED_OSMIUM;10001;15;9999;24;;;10025;12;10027;21;;;10013.0;0.0
high_vol_volatile_s2;28900;INTARIAN_PEPPER_ROOT;12157;9;12154;8;;;12159;25;12161;20;;;12158.0;0.0
high_vol_volatile_s2;28900;ASH_COATED_OSMIUM;10000;19;9998;21;;;10012;13;10015;24;;;10006.0;0.0
high_vol_volatile_s2;29000;INTARIAN_PEPPER_ROOT;12157;18;12155;20;;;12159;10;12161;18;;;12158.0;0.0
high_vol_volatile_s2;29000;ASH_COATED_OSMIUM;10005;12;10003;21;;;10015;8;10019;18;;;10010.0;0.0
high_vol_volatile_s2;29100;INTARIAN_PEPPER_ROOT;12152;15;12148;22;;;12154;11;12157;16;;;12153.0;0.0
high_vol_volatile_s2;29100;ASH_COATED_OSMIUM;10006;10;10002;19;;;10010;5;10013;13;;;10008.0;0.0
high_vol_volatile_s2;29200;INTARIAN_PEPPER_ROOT;12155;11;12152;24;;;12157;18;12160;26;;;12156.0;0.0
high_vol_volatile_s2;29200;ASH_COATED_OSMIUM;10009;19;10007;24;;;10011;8;10013;27;;;10010.0;0.0
high_vol_volatile_s2;29300;INTARIAN_PEPPER_ROOT;12135;11;12133;19;;;12163;14;12167;16;;;12149.0;0.0
high_vol_volatile_s2;29300;ASH_COATED_OSMIUM;10011;15;10009;18;;;10013;17;10015;19;;;10012.0;0.0
high_vol_volatile_s2;29400;INTARIAN_PEPPER_ROOT;12137;11;12133;13;;;12149;14;12151;14;;;12143.0;0.0
high_vol_volatile_s2;29400;ASH_COATED_OSMIUM;10009;14;10007;32;;;10011;16;10014;21;;;10010.0;0.0
high_vol_volatile_s2;29500;INTARIAN_PEPPER_ROOT;12133;17;12130;19;;;12149;23;12152;19;;;12141.0;0.0
high_vol_volatile_s2;29500;ASH_COATED_OSMIUM;10004;10;10002;16;;;10010;22;10013;25;;;10007.0;0.0
high_vol_volatile_s2;29600;INTARIAN_PEPPER_ROOT;12119;19;12116;29;;;12145;10;12148;14;;;12132.0;0.0
high_vol_volatile_s2;29600;ASH_COATED_OSMIUM;9997;7;9993;23;;;10021;12;10025;18;;;10009.0;0.0
high_vol_volatile_s2;29700;INTARIAN_PEPPER_ROOT;12107;9;12105;20;;;12145;14;12147;25;;;12126.0;0.0
high_vol_volatile_s2;29700;ASH_COATED_OSMIUM;10002;15;9999;22;;;10004;12;10007;17;;;10003.0;0.0
high_vol_volatile_s2;29800;INTARIAN_PEPPER_ROOT;12113;11;12111;26;;;12127;5;12131;17;;;12120.0;0.0
high_vol_volatile_s2;29800;ASH_COATED_OSMIUM;9999;18;9997;23;;;10009;13;10012;19;;;10004.0;0.0
high_vol_volatile_s2;29900;INTARIAN_PEPPER_ROOT;12112;13;12108;25;;;12114;5;12117;11;;;12113.0;0.0
high_vol_volatile_s2;29900;ASH_COATED_OSMIUM;9998;10;9995;26;;;10000;15;10003;18;;;9999.0;0.0
high_vol_volatile_s2;30000;INTARIAN_PEPPER_ROOT;12072;11;12070;18;;;12150;16;12153;15;;;12111.0;0.0
high_vol_volatile_s2;30000;ASH_COATED_OSMIUM;9985;7;9983;21;;;10011;12;10013;15;;;9998.0;0.0
high_vol_volatile_s2;30100;INTARIAN_PEPPER_ROOT;12103;10;12101;17;;;12111;15;12113;27;;;12107.0;0.0
high_vol_volatile_s2;30100;ASH_COATED_OSMIUM;9987;11;9983;10;;;10003;5;10006;13;;;9995.0;0.0
high_vol_volatile_s2;30200;INTARIAN_PEPPER_ROOT;12078;17;12076;15;;;12118;10;12122;16;;;12098.0;0.0
high_vol_volatile_s2;30200;ASH_COATED_OSMIUM;9992;12;9988;14;;;9994;6;9997;25;;;9993.0;0.0
high_vol_volatile_s2;30300;INTARIAN_PEPPER_ROOT;12066;20;12063;12;;;12116;19;12119;27;;;12091.0;0.0
high_vol_volatile_s2;30300;ASH_COATED_OSMIUM;9980;11;9976;22;;;10006;14;10010;9;;;9993.0;0.0
high_vol_volatile_s2;30400;INTARIAN_PEPPER_ROOT;12082;12;12080;20;;;12086;18;12088;26;;;12084.0;0.0
high_vol_volatile_s2;30400;ASH_COATED_OSMIUM;9983;11;9981;18;;;10007;25;10011;25;;;9995.0;0.0
high_vol_volatile_s2;30500;INTARIAN_PEPPER_ROOT;12076;19;12072;17;;;12080;16;12084;24;;;12078.0;0.0
high_vol_volatile_s2;30500;ASH_COATED_OSMIUM;9977;29;9975;13;;;10013;19;10017;15;;;9995.0;0.0
high_vol_volatile_s2;30600;INTARIAN_PEPPER_ROOT;12049;13;12047;23;;;12089;21;12091;19;;;12069.0;0.0
high_vol_volatile_s2;30600;ASH_COATED_OSMIUM;9980;16;9976;22;;;10006;15;10010;23;;;9993.0;0.0
high_vol_volatile_s2;30700;INTARIAN_PEPPER_ROOT;12056;12;12053;23;;;12072;10;12076;18;;;12064.0;0.0
high_vol_volatile_s2;30700;ASH_COATED_OSMIUM;9978;16;9976;32;;;10010;14;10012;27;;;9994.0;0.0
high_vol_volatile_s2;30800;INTARIAN_PEPPER_ROOT;12058;16;12055;21;;;12064;8;12066;9;;;12061.0;0.0
high_vol_volatile_s2;30800;ASH_COATED_OSMIUM;9949;15;9947;11;;;10039;14;10043;24;;;9994.0;0.0
high_vol_volatile_s2;30900;INTARIAN_PEPPER_ROOT;12038;18;12035;8;;;12068;10;12072;16;;;12053.0;0.0
high_vol_volatile_s2;30900;ASH_COATED_OSMIUM;9997;9;9994;21;;;9999;11;10003;17;;;9998.0;0.0
high_vol_volatile_s2;31000;INTARIAN_PEPPER_ROOT;12049;12;12047;20;;;12051;12;12054;8;;;12050.0;0.0
high_vol_volatile_s2;31000;ASH_COATED_OSMIUM;9981;15;9977;24;;;10015;5;10017;27;;;9998.0;0.0
high_vol_volatile_s2;31100;INTARIAN_PEPPER_ROOT;12037;20;12035;25;;;12039;8;12043;26;;;12038.0;0.0
high_vol_volatile_s2;31100;ASH_COATED_OSMIUM;9999;15;9996;26;;;10005;8;10007;18;;;10002.0;0.0
high_vol_volatile_s2;31200;INTARIAN_PEPPER_ROOT;12011;21;12007;23;;;12043;12;12047;30;;;12027.0;0.0
high_vol_volatile_s2;31200;ASH_COATED_OSMIUM;9983;12;9979;21;;;10025;16;10029;17;;;10004.0;0.0
high_vol_volatile_s2;31300;INTARIAN_PEPPER_ROOT;12022;13;12018;24;;;12024;10;12026;14;;;12023.0;0.0
high_vol_volatile_s2;31300;ASH_COATED_OSMIUM;10005;5;10001;16;;;10007;20;10011;24;;;10006.0;0.0
high_vol_volatile_s2;31400;INTARIAN_PEPPER_ROOT;11998;29;11996;26;;;12032;18;12035;18;;;12015.0;0.0
high_vol_volatile_s2;31400;ASH_COATED_OSMIUM;10009;11;10006;18;;;10011;10;10014;20;;;10010.0;0.0
high_vol_volatile_s2;31500;INTARIAN_PEPPER_ROOT;12004;14;12001;23;;;12008;13;12011;25;;;12006.0;0.0
high_vol_volatile_s2;31500;ASH_COATED_OSMIUM;10006;7;10004;19;;;10012;14;10016;24;;;10009.0;0.0
high_vol_volatile_s2;31600;INTARIAN_PEPPER_ROOT;11999;14;11997;16;;;12001;20;12003;19;;;12000.0;0.0
high_vol_volatile_s2;31600;ASH_COATED_OSMIUM;9987;11;9984;22;;;10027;5;10030;9;;;10007.0;0.0
high_vol_volatile_s2;31700;INTARIAN_PEPPER_ROOT;11975;17;11973;20;;;12011;19;12013;8;;;11993.0;0.0
high_vol_volatile_s2;31700;ASH_COATED_OSMIUM;10006;11;10004;18;;;10012;5;10014;20;;;10009.0;0.0
high_vol_volatile_s2;31800;INTARIAN_PEPPER_ROOT;11971;17;11969;22;;;12007;5;12011;21;;;11989.0;0.0
high_vol_volatile_s2;31800;ASH_COATED_OSMIUM;9978;14;9974;17;;;10040;8;10044;22;;;10009.0;0.0
high_vol_volatile_s2;31900;INTARIAN_PEPPER_ROOT;11966;8;11963;18;;;11992;18;11996;16;;;11979.0;0.0
high_vol_volatile_s2;31900;ASH_COATED_OSMIUM;9993;13;9991;16;;;10031;13;10034;18;;;10012.0;0.0
high_vol_volatile_s2;32000;INTARIAN_PEPPER_ROOT;11974;11;11972;24;;;11976;7;11980;13;;;11975.0;0.0
high_vol_volatile_s2;32000;ASH_COATED_OSMIUM;10014;13;10011;23;;;10016;22;10020;20;;;10015.0;0.0
high_vol_volatile_s2;32100;INTARIAN_PEPPER_ROOT;11976;12;11974;21;;;11982;18;11986;19;;;11979.0;0.0
high_vol_volatile_s2;32100;ASH_COATED_OSMIUM;10011;6;10007;21;;;10013;7;10017;16;;;10012.0;0.0
high_vol_volatile_s2;32200;INTARIAN_PEPPER_ROOT;11976;22;11974;17;;;11978;11;11980;14;;;11977.0;0.0
high_vol_volatile_s2;32200;ASH_COATED_OSMIUM;10005;7;10001;18;;;10017;5;10021;28;;;10011.0;0.0
high_vol_volatile_s2;32300;INTARIAN_PEPPER_ROOT;11962;20;11958;21;;;11972;15;11974;16;;;11967.0;0.0
high_vol_volatile_s2;32300;ASH_COATED_OSMIUM;10006;9;10004;26;;;10012;13;10015;22;;;10009.0;0.0
high_vol_volatile_s2;32400;INTARIAN_PEPPER_ROOT;11964;19;11962;19;;;11968;22;11971;22;;;11966.0;0.0
high_vol_volatile_s2;32400;ASH_COATED_OSMIUM;10008;17;10005;25;;;10010;10;10012;17;;;10009.0;0.0
high_vol_volatile_s2;32500;INTARIAN_PEPPER_ROOT;11950;8;11947;22;;;11980;11;11983;14;;;11965.0;0.0
high_vol_volatile_s2;32500;ASH_COATED_OSMIUM;10007;7;10003;21;;;10011;12;10013;22;;;10009.0;0.0
high_vol_volatile_s2;32600;INTARIAN_PEPPER_ROOT;11962;25;11960;19;;;11972;15;11976;19;;;11967.0;0.0
high_vol_volatile_s2;32600;ASH_COATED_OSMIUM;9994;11;9990;20;;;10016;18;10019;8;;;10005.0;0.0
high_vol_volatile_s2;32700;INTARIAN_PEPPER_ROOT;11959;11;11956;17;;;11973;19;11975;17;;;11966.0;0.0
high_vol_volatile_s2;32700;ASH_COATED_OSMIUM;10008;12;10004;16;;;10010;12;10013;24;;;10009.0;0.0
high_vol_volatile_s2;32800;INTARIAN_PEPPER_ROOT;11962;10;11959;16;;;11964;14;11968;16;;;11963.0;0.0
high_vol_volatile_s2;32800;ASH_COATED_OSMIUM;9997;5;9993;24;;;10023;9;10025;9;;;10010.0;0.0
high_vol_volatile_s2;32900;INTARIAN_PEPPER_ROOT;11964;18;11960;20;;;11968;9;11972;21;;;11966.0;0.0
high_vol_volatile_s2;32900;ASH_COATED_OSMIUM;10003;12;10001;13;;;10019;11;10021;15;;;10011.0;0.0
high_vol_volatile_s2;33000;INTARIAN_PEPPER_ROOT;11957;16;11955;10;;;11977;23;11979;15;;;11967.0;0.0
high_vol_volatile_s2;33000;ASH_COATED_OSMIUM;10002;15;9998;10;;;10026;6;10028;18;;;10014.0;0.0
high_vol_volatile_s2;33100;INTARIAN_PEPPER_ROOT;11960;23;11956;21;;;11964;26;11966;16;;;11962.0;0.0
high_vol_volatile_s2;33100;ASH_COATED_OSMIUM;10008;10;10004;31;;;10022;11;10024;15;;;10015.0;0.0
high_vol_volatile_s2;33200;INTARIAN_PEPPER_ROOT;11963;6;11959;14;;;11967;18;11970;25;;;11965.0;0.0
high_vol_volatile_s2;33200;ASH_COATED_OSMIUM;10003;20;10000;21;;;10027;14;10029;22;;;10015.0;0.0
high_vol_volatile_s2;33300;INTARIAN_PEPPER_ROOT;11961;13;11959;20;;;11969;17;11972;22;;;11965.0;0.0
high_vol_volatile_s2;33300;ASH_COATED_OSMIUM;10006;6;10002;11;;;10024;17;10027;22;;;10015.0;0.0
high_vol_volatile_s2;33400;INTARIAN_PEPPER_ROOT;11967;20;11964;25;;;11973;20;11977;18;;;11970.0;0.0
high_vol_volatile_s2;33400;ASH_COATED_OSMIUM;10003;18;9999;17;;;10029;22;10033;20;;;10016.0;0.0
high_vol_volatile_s2;33500;INTARIAN_PEPPER_ROOT;11969;17;11967;26;;;11973;15;11976;21;;;11971.0;0.0
high_vol_volatile_s2;33500;ASH_COATED_OSMIUM;10005;12;10002;20;;;10025;5;10028;23;;;10015.0;0.0
high_vol_volatile_s2;33600;INTARIAN_PEPPER_ROOT;11975;26;11971;29;;;11977;8;11981;15;;;11976.0;0.0
high_vol_volatile_s2;33600;ASH_COATED_OSMIUM;10011;6;10008;14;;;10019;7;10022;22;;;10015.0;0.0
high_vol_volatile_s2;33700;INTARIAN_PEPPER_ROOT;11974;12;11971;13;;;11984;9;11988;30;;;11979.0;0.0
high_vol_volatile_s2;33700;ASH_COATED_OSMIUM;9998;11;9995;13;;;10020;5;10024;20;;;10009.0;0.0
high_vol_volatile_s2;33800;INTARIAN_PEPPER_ROOT;11973;8;11971;21;;;11997;5;12000;21;;;11985.0;0.0
high_vol_volatile_s2;33800;ASH_COATED_OSMIUM;10007;17;10004;25;;;10009;27;10013;22;;;10008.0;0.0
high_vol_volatile_s2;33900;INTARIAN_PEPPER_ROOT;11988;14;11985;15;;;11990;16;11992;13;;;11989.0;0.0
high_vol_volatile_s2;33900;ASH_COATED_OSMIUM;9986;5;9984;27;;;10026;17;10030;14;;;10006.0;0.0
high_vol_volatile_s2;34000;INTARIAN_PEPPER_ROOT;11983;8;11980;9;;;12001;18;12004;27;;;11992.0;0.0
high_vol_volatile_s2;34000;ASH_COATED_OSMIUM;10002;5;10000;30;;;10020;24;10022;24;;;10011.0;0.0
high_vol_volatile_s2;34100;INTARIAN_PEPPER_ROOT;11986;12;11983;31;;;12010;18;12013;17;;;11998.0;0.0
high_vol_volatile_s2;34100;ASH_COATED_OSMIUM;9974;12;9972;14;;;10044;18;10046;14;;;10009.0;0.0
high_vol_volatile_s2;34200;INTARIAN_PEPPER_ROOT;11949;17;11945;24;;;12061;21;12064;18;;;12005.0;0.0
high_vol_volatile_s2;34200;ASH_COATED_OSMIUM;10004;9;10002;23;;;10008;8;10011;29;;;10006.0;0.0
high_vol_volatile_s2;34300;INTARIAN_PEPPER_ROOT;12010;20;12008;20;;;12016;17;12018;16;;;12013.0;0.0
high_vol_volatile_s2;34300;ASH_COATED_OSMIUM;9990;17;9988;23;;;10026;17;10030;28;;;10008.0;0.0
high_vol_volatile_s2;34400;INTARIAN_PEPPER_ROOT;12016;18;12012;16;;;12034;15;12038;28;;;12025.0;0.0
high_vol_volatile_s2;34400;ASH_COATED_OSMIUM;10007;19;10005;27;;;10009;20;10012;21;;;10008.0;0.0
high_vol_volatile_s2;34500;INTARIAN_PEPPER_ROOT;12012;12;12010;15;;;12056;17;12058;25;;;12034.0;0.0
high_vol_volatile_s2;34500;ASH_COATED_OSMIUM;9992;14;9989;18;;;10016;7;10019;23;;;10004.0;0.0
high_vol_volatile_s2;34600;INTARIAN_PEPPER_ROOT;12036;8;12032;13;;;12050;7;12054;17;;;12043.0;0.0
high_vol_volatile_s2;34600;ASH_COATED_OSMIUM;9995;14;9992;18;;;10009;13;10011;28;;;10002.0;0.0
high_vol_volatile_s2;34700;INTARIAN_PEPPER_ROOT;12057;13;12053;18;;;12059;14;12063;11;;;12058.0;0.0
high_vol_volatile_s2;34700;ASH_COATED_OSMIUM;10002;22;9998;21;;;10004;11;10007;17;;;10003.0;0.0
high_vol_volatile_s2;34800;INTARIAN_PEPPER_ROOT;12063;24;12060;21;;;12071;13;12073;23;;;12067.0;0.0
high_vol_volatile_s2;34800;ASH_COATED_OSMIUM;10000;18;9997;20;;;10004;18;10008;10;;;10002.0;0.0
high_vol_volatile_s2;34900;INTARIAN_PEPPER_ROOT;12071;20;12068;19;;;12085;12;12089;19;;;12078.0;0.0
high_vol_volatile_s2;34900;ASH_COATED_OSMIUM;9996;10;9994;23;;;10008;15;10012;25;;;10002.0;0.0
high_vol_volatile_s2;35000;INTARIAN_PEPPER_ROOT;12085;24;12081;26;;;12087;19;12090;20;;;12086.0;0.0
high_vol_volatile_s2;35000;ASH_COATED_OSMIUM;9978;15;9976;21;;;10030;17;10033;24;;;10004.0;0.0
high_vol_volatile_s2;35100;INTARIAN_PEPPER_ROOT;12094;12;12091;8;;;12100;12;12102;16;;;12097.0;0.0
high_vol_volatile_s2;35100;ASH_COATED_OSMIUM;10005;10;10001;21;;;10007;20;10011;18;;;10006.0;0.0
high_vol_volatile_s2;35200;INTARIAN_PEPPER_ROOT;12111;18;12109;22;;;12113;15;12117;23;;;12112.0;0.0
high_vol_volatile_s2;35200;ASH_COATED_OSMIUM;10008;9;10005;19;;;10010;13;10013;15;;;10009.0;0.0
high_vol_volatile_s2;35300;INTARIAN_PEPPER_ROOT;12122;17;12119;19;;;12126;14;12129;18;;;12124.0;0.0
high_vol_volatile_s2;35300;ASH_COATED_OSMIUM;10010;5;10007;17;;;10016;6;10020;14;;;10013.0;0.0
high_vol_volatile_s2;35400;INTARIAN_PEPPER_ROOT;12131;5;12127;31;;;12149;16;12151;12;;;12140.0;0.0
high_vol_volatile_s2;35400;ASH_COATED_OSMIUM;10007;15;10004;32;;;10017;19;10021;20;;;10012.0;0.0
high_vol_volatile_s2;35500;INTARIAN_PEPPER_ROOT;12148;13;12145;24;;;12150;27;12154;24;;;12149.0;0.0
high_vol_volatile_s2;35500;ASH_COATED_OSMIUM;10004;7;10002;19;;;10012;13;10016;29;;;10008.0;0.0
high_vol_volatile_s2;35600;INTARIAN_PEPPER_ROOT;12156;8;12154;18;;;12158;10;12161;24;;;12157.0;0.0
high_vol_volatile_s2;35600;ASH_COATED_OSMIUM;10016;13;10012;20;;;10018;14;10022;14;;;10017.0;0.0
high_vol_volatile_s2;35700;INTARIAN_PEPPER_ROOT;12163;12;12159;22;;;12179;20;12183;21;;;12171.0;0.0
high_vol_volatile_s2;35700;ASH_COATED_OSMIUM;9996;12;9994;26;;;10034;6;10037;20;;;10015.0;0.0
high_vol_volatile_s2;35800;INTARIAN_PEPPER_ROOT;12174;21;12170;25;;;12186;8;12189;13;;;12180.0;0.0
high_vol_volatile_s2;35800;ASH_COATED_OSMIUM;10002;15;9999;22;;;10028;12;10032;15;;;10015.0;0.0
high_vol_volatile_s2;35900;INTARIAN_PEPPER_ROOT;12200;18;12196;21;;;12202;11;12204;23;;;12201.0;0.0
high_vol_volatile_s2;35900;ASH_COATED_OSMIUM;10015;17;10013;18;;;10023;7;10027;18;;;10019.0;0.0
high_vol_volatile_s2;36000;INTARIAN_PEPPER_ROOT;12218;16;12214;25;;;12222;15;12225;19;;;12220.0;0.0
high_vol_volatile_s2;36000;ASH_COATED_OSMIUM;10018;13;10014;17;;;10030;5;10032;26;;;10024.0;0.0
high_vol_volatile_s2;36100;INTARIAN_PEPPER_ROOT;12229;12;12227;22;;;12231;14;12235;20;;;12230.0;0.0
high_vol_volatile_s2;36100;ASH_COATED_OSMIUM;10009;17;10005;18;;;10025;9;10028;16;;;10017.0;0.0
high_vol_volatile_s2;36200;INTARIAN_PEPPER_ROOT;12243;8;12239;22;;;12245;17;12248;18;;;12244.0;0.0
high_vol_volatile_s2;36200;ASH_COATED_OSMIUM;10009;19;10005;27;;;10025;12;10028;18;;;10017.0;0.0
high_vol_volatile_s2;36300;INTARIAN_PEPPER_ROOT;12253;12;12250;22;;;12261;21;12264;12;;;12257.0;0.0
high_vol_volatile_s2;36300;ASH_COATED_OSMIUM;10011;5;10009;22;;;10023;11;10026;17;;;10017.0;0.0
high_vol_volatile_s2;36400;INTARIAN_PEPPER_ROOT;12266;14;12264;19;;;12280;14;12283;19;;;12273.0;0.0
high_vol_volatile_s2;36400;ASH_COATED_OSMIUM;9991;12;9988;11;;;10041;15;10045;19;;;10016.0;0.0
high_vol_volatile_s2;36500;INTARIAN_PEPPER_ROOT;12285;6;12282;30;;;12289;9;12293;18;;;12287.0;0.0
high_vol_volatile_s2;36500;ASH_COATED_OSMIUM;10008;16;10006;22;;;10018;12;10021;9;;;10013.0;0.0
high_vol_volatile_s2;36600;INTARIAN_PEPPER_ROOT;12300;5;12297;20;;;12312;23;12314;20;;;12306.0;0.0
high_vol_volatile_s2;36600;ASH_COATED_OSMIUM;10008;23;10004;20;;;10010;10;10012;21;;;10009.0;0.0
high_vol_volatile_s2;36700;INTARIAN_PEPPER_ROOT;12320;17;12317;21;;;12330;7;12332;27;;;12325.0;0.0
high_vol_volatile_s2;36700;ASH_COATED_OSMIUM;10004;5;10000;8;;;10010;13;10013;21;;;10007.0;0.0
high_vol_volatile_s2;36800;INTARIAN_PEPPER_ROOT;12338;13;12334;23;;;12342;25;12345;13;;;12340.0;0.0
high_vol_volatile_s2;36800;ASH_COATED_OSMIUM;10001;10;9997;12;;;10015;15;10019;30;;;10008.0;0.0
high_vol_volatile_s2;36900;INTARIAN_PEPPER_ROOT;12334;30;12332;21;;;12370;21;12373;26;;;12352.0;0.0
high_vol_volatile_s2;36900;ASH_COATED_OSMIUM;10008;19;10006;17;;;10010;10;10014;21;;;10009.0;0.0
high_vol_volatile_s2;37000;INTARIAN_PEPPER_ROOT;12362;12;12358;16;;;12376;11;12378;13;;;12369.0;0.0
high_vol_volatile_s2;37000;ASH_COATED_OSMIUM;10004;9;10000;14;;;10014;10;10018;16;;;10009.0;0.0
high_vol_volatile_s2;37100;INTARIAN_PEPPER_ROOT;12378;16;12375;20;;;12390;13;12392;16;;;12384.0;0.0
high_vol_volatile_s2;37100;ASH_COATED_OSMIUM;9989;11;9986;19;;;10021;10;10024;23;;;10005.0;0.0
high_vol_volatile_s2;37200;INTARIAN_PEPPER_ROOT;12395;15;12393;12;;;12413;14;12417;27;;;12404.0;0.0
high_vol_volatile_s2;37200;ASH_COATED_OSMIUM;9974;8;9970;16;;;10038;5;10041;19;;;10006.0;0.0
high_vol_volatile_s2;37300;INTARIAN_PEPPER_ROOT;12415;15;12412;22;;;12421;15;12424;15;;;12418.0;0.0
high_vol_volatile_s2;37300;ASH_COATED_OSMIUM;9997;30;9993;25;;;10009;23;10012;26;;;10003.0;0.0
high_vol_volatile_s2;37400;INTARIAN_PEPPER_ROOT;12431;27;12428;17;;;12443;25;12447;20;;;12437.0;0.0
high_vol_volatile_s2;37400;ASH_COATED_OSMIUM;9987;5;9984;18;;;10021;12;10024;23;;;10004.0;0.0
high_vol_volatile_s2;37500;INTARIAN_PEPPER_ROOT;12450;11;12446;11;;;12456;12;12460;21;;;12453.0;0.0
high_vol_volatile_s2;37500;ASH_COATED_OSMIUM;9995;22;9991;14;;;10009;18;10012;13;;;10002.0;0.0
high_vol_volatile_s2;37600;INTARIAN_PEPPER_ROOT;12466;17;12462;21;;;12468;15;12470;10;;;12467.0;0.0
high_vol_volatile_s2;37600;ASH_COATED_OSMIUM;9983;19;9980;20;;;10015;5;10019;19;;;9999.0;0.0
high_vol_volatile_s2;37700;INTARIAN_PEPPER_ROOT;12480;21;12478;23;;;12482;16;12486;19;;;12481.0;0.0
high_vol_volatile_s2;37700;ASH_COATED_OSMIUM;9998;13;9994;21;;;10000;21;10002;14;;;9999.0;0.0
high_vol_volatile_s2;37800;INTARIAN_PEPPER_ROOT;12497;15;12494;22;;;12499;22;12503;13;;;12498.0;0.0
high_vol_volatile_s2;37800;ASH_COATED_OSMIUM;9998;16;9994;20;;;10008;13;10011;21;;;10003.0;0.0
high_vol_volatile_s2;37900;INTARIAN_PEPPER_ROOT;12519;17;12516;19;;;12521;8;12525;22;;;12520.0;0.0
high_vol_volatile_s2;37900;ASH_COATED_OSMIUM;10002;18;9999;33;;;10008;10;10011;16;;;10005.0;0.0
high_vol_volatile_s2;38000;INTARIAN_PEPPER_ROOT;12535;13;12532;21;;;12539;18;12542;23;;;12537.0;0.0
high_vol_volatile_s2;38000;ASH_COATED_OSMIUM;10007;13;10003;22;;;10009;6;10012;27;;;10008.0;0.0
high_vol_volatile_s2;38100;INTARIAN_PEPPER_ROOT;12544;17;12540;27;;;12556;21;12560;22;;;12550.0;0.0
high_vol_volatile_s2;38100;ASH_COATED_OSMIUM;9999;10;9997;18;;;10015;12;10019;11;;;10007.0;0.0
high_vol_volatile_s2;38200;INTARIAN_PEPPER_ROOT;12563;22;12561;21;;;12569;12;12572;23;;;12566.0;0.0
high_vol_volatile_s2;38200;ASH_COATED_OSMIUM;10005;12;10001;27;;;10007;12;10010;23;;;10006.0;0.0
high_vol_volatile_s2;38300;INTARIAN_PEPPER_ROOT;12564;22;12560;20;;;12596;15;12598;17;;;12580.0;0.0
high_vol_volatile_s2;38300;ASH_COATED_OSMIUM;10001;9;9999;13;;;10003;6;10007;18;;;10002.0;0.0
high_vol_volatile_s2;38400;INTARIAN_PEPPER_ROOT;12576;16;12574;20;;;12602;9;12605;12;;;12589.0;0.0
high_vol_volatile_s2;38400;ASH_COATED_OSMIUM;10000;8;9997;16;;;10002;15;10005;14;;;10001.0;0.0
high_vol_volatile_s2;38500;INTARIAN_PEPPER_ROOT;12601;15;12599;33;;;12605;10;12608;24;;;12603.0;0.0
high_vol_volatile_s2;38500;ASH_COATED_OSMIUM;9986;8;9984;24;;;10026;14;10030;24;;;10006.0;0.0
high_vol_volatile_s2;38600;INTARIAN_PEPPER_ROOT;12610;20;12606;8;;;12628;7;12631;20;;;12619.0;0.0
high_vol_volatile_s2;38600;ASH_COATED_OSMIUM;9986;9;9982;25;;;10026;12;10030;27;;;10006.0;0.0
high_vol_volatile_s2;38700;INTARIAN_PEPPER_ROOT;12628;14;12626;16;;;12634;22;12636;8;;;12631.0;0.0
high_vol_volatile_s2;38700;ASH_COATED_OSMIUM;9994;16;9991;19;;;10024;14;10027;25;;;10009.0;0.0
high_vol_volatile_s2;38800;INTARIAN_PEPPER_ROOT;12635;5;12632;17;;;12639;18;12643;25;;;12637.0;0.0
high_vol_volatile_s2;38800;ASH_COATED_OSMIUM;10003;15;10001;25;;;10013;12;10017;18;;;10008.0;0.0
high_vol_volatile_s2;38900;INTARIAN_PEPPER_ROOT;12649;23;12646;24;;;12651;21;12653;23;;;12650.0;0.0
high_vol_volatile_s2;38900;ASH_COATED_OSMIUM;10006;5;10004;22;;;10008;9;10011;8;;;10007.0;0.0
high_vol_volatile_s2;39000;INTARIAN_PEPPER_ROOT;12662;16;12659;18;;;12670;18;12673;20;;;12666.0;0.0
high_vol_volatile_s2;39000;ASH_COATED_OSMIUM;10003;16;10001;27;;;10009;22;10013;12;;;10006.0;0.0
high_vol_volatile_s2;39100;INTARIAN_PEPPER_ROOT;12670;23;12666;16;;;12686;17;12690;20;;;12678.0;0.0
high_vol_volatile_s2;39100;ASH_COATED_OSMIUM;9998;7;9994;14;;;10006;10;10010;21;;;10002.0;0.0
high_vol_volatile_s2;39200;INTARIAN_PEPPER_ROOT;12681;12;12677;14;;;12699;20;12702;9;;;12690.0;0.0
high_vol_volatile_s2;39200;ASH_COATED_OSMIUM;9977;11;9974;23;;;10019;17;10022;15;;;9998.0;0.0
high_vol_volatile_s2;39300;INTARIAN_PEPPER_ROOT;12704;21;12700;21;;;12708;15;12710;23;;;12706.0;0.0
high_vol_volatile_s2;39300;ASH_COATED_OSMIUM;9991;5;9987;17;;;10015;14;10019;16;;;10003.0;0.0
high_vol_volatile_s2;39400;INTARIAN_PEPPER_ROOT;12710;9;12706;15;;;12726;20;12729;21;;;12718.0;0.0
high_vol_volatile_s2;39400;ASH_COATED_OSMIUM;10004;5;10001;13;;;10010;7;10013;15;;;10007.0;0.0
high_vol_volatile_s2;39500;INTARIAN_PEPPER_ROOT;12726;12;12723;17;;;12730;15;12733;20;;;12728.0;0.0
high_vol_volatile_s2;39500;ASH_COATED_OSMIUM;10007;11;10005;16;;;10011;17;10014;11;;;10009.0;0.0
high_vol_volatile_s2;39600;INTARIAN_PEPPER_ROOT;12728;18;12726;15;;;12738;15;12742;22;;;12733.0;0.0
high_vol_volatile_s2;39600;ASH_COATED_OSMIUM;10013;11;10011;22;;;10023;13;10027;24;;;10018.0;0.0
high_vol_volatile_s2;39700;INTARIAN_PEPPER_ROOT;12738;18;12736;20;;;12742;10;12746;24;;;12740.0;0.0
high_vol_volatile_s2;39700;ASH_COATED_OSMIUM;10006;17;10004;18;;;10020;12;10024;18;;;10013.0;0.0
high_vol_volatile_s2;39800;INTARIAN_PEPPER_ROOT;12741;20;12737;20;;;12745;15;12747;17;;;12743.0;0.0
high_vol_volatile_s2;39800;ASH_COATED_OSMIUM;10014;11;10011;13;;;10016;22;10020;21;;;10015.0;0.0
high_vol_volatile_s2;39900;INTARIAN_PEPPER_ROOT;12750;12;12748;24;;;12752;15;12754;17;;;12751.0;0.0
high_vol_volatile_s2;39900;ASH_COATED_OSMIUM;9989;20;9985;17;;;10039;23;10041;15;;;10014.0;0.0
high_vol_volatile_s2;40000;INTARIAN_PEPPER_ROOT;12744;6;12740;12;;;12760;14;12763;22;;;12752.0;0.0
high_vol_volatile_s2;40000;ASH_COATED_OSMIUM;10000;11;9998;21;;;10022;19;10024;22;;;10011.0;0.0
high_vol_volatile_s2;40100;INTARIAN_PEPPER_ROOT;12738;23;12736;17;;;12780;14;12784;22;;;12759.0;0.0
high_vol_volatile_s2;40100;ASH_COATED_OSMIUM;10009;19;10006;11;;;10017;6;10020;20;;;10013.0;0.0
high_vol_volatile_s2;40200;INTARIAN_PEPPER_ROOT;12743;9;12741;21;;;12781;14;12783;21;;;12762.0;0.0
high_vol_volatile_s2;40200;ASH_COATED_OSMIUM;10009;11;10005;14;;;10023;10;10026;19;;;10016.0;0.0
high_vol_volatile_s2;40300;INTARIAN_PEPPER_ROOT;12760;16;12756;25;;;12762;14;12764;18;;;12761.0;0.0
high_vol_volatile_s2;40300;ASH_COATED_OSMIUM;10015;8;10011;12;;;10021;7;10024;12;;;10018.0;0.0
high_vol_volatile_s2;40400;INTARIAN_PEPPER_ROOT;12762;9;12759;16;;;12766;11;12769;16;;;12764.0;0.0
high_vol_volatile_s2;40400;ASH_COATED_OSMIUM;10012;8;10008;13;;;10018;17;10022;22;;;10015.0;0.0
high_vol_volatile_s2;40500;INTARIAN_PEPPER_ROOT;12755;17;12753;21;;;12761;10;12763;18;;;12758.0;0.0
high_vol_volatile_s2;40500;ASH_COATED_OSMIUM;9987;16;9984;19;;;10029;11;10032;20;;;10008.0;0.0
high_vol_volatile_s2;40600;INTARIAN_PEPPER_ROOT;12750;13;12748;17;;;12758;19;12760;18;;;12754.0;0.0
high_vol_volatile_s2;40600;ASH_COATED_OSMIUM;9982;11;9979;13;;;10024;12;10026;8;;;10003.0;0.0
high_vol_volatile_s2;40700;INTARIAN_PEPPER_ROOT;12740;12;12737;16;;;12760;8;12762;23;;;12750.0;0.0
high_vol_volatile_s2;40700;ASH_COATED_OSMIUM;9998;13;9995;14;;;10004;5;10006;10;;;10001.0;0.0
high_vol_volatile_s2;40800;INTARIAN_PEPPER_ROOT;12731;20;12729;15;;;12767;11;12771;21;;;12749.0;0.0
high_vol_volatile_s2;40800;ASH_COATED_OSMIUM;10001;12;9999;16;;;10003;9;10007;20;;;10002.0;0.0
high_vol_volatile_s2;40900;INTARIAN_PEPPER_ROOT;12742;14;12738;23;;;12746;11;12748;15;;;12744.0;0.0
high_vol_volatile_s2;40900;ASH_COATED_OSMIUM;9998;11;9995;14;;;10002;12;10004;18;;;10000.0;0.0
high_vol_volatile_s2;41000;INTARIAN_PEPPER_ROOT;12739;8;12737;17;;;12749;11;12752;17;;;12744.0;0.0
high_vol_volatile_s2;41000;ASH_COATED_OSMIUM;10000;21;9998;20;;;10004;10;10008;18;;;10002.0;0.0
high_vol_volatile_s2;41100;INTARIAN_PEPPER_ROOT;12737;14;12735;19;;;12739;10;12741;16;;;12738.0;0.0
high_vol_volatile_s2;41100;ASH_COATED_OSMIUM;9979;19;9976;20;;;10031;15;10034;20;;;10005.0;0.0
high_vol_volatile_s2;41200;INTARIAN_PEPPER_ROOT;12725;17;12721;16;;;12741;21;12743;14;;;12733.0;0.0
high_vol_volatile_s2;41200;ASH_COATED_OSMIUM;9995;20;9991;24;;;10009;13;10011;27;;;10002.0;0.0
high_vol_volatile_s2;41300;INTARIAN_PEPPER_ROOT;12721;11;12719;29;;;12727;16;12729;9;;;12724.0;0.0
high_vol_volatile_s2;41300;ASH_COATED_OSMIUM;9984;6;9981;21;;;10016;9;10018;18;;;10000.0;0.0
high_vol_volatile_s2;41400;INTARIAN_PEPPER_ROOT;12717;17;12713;22;;;12721;9;12725;28;;;12719.0;0.0
high_vol_volatile_s2;41400;ASH_COATED_OSMIUM;9998;13;9995;21;;;10004;12;10006;18;;;10001.0;0.0
high_vol_volatile_s2;41500;INTARIAN_PEPPER_ROOT;12696;25;12692;20;;;12724;8;12727;25;;;12710.0;0.0
high_vol_volatile_s2;41500;ASH_COATED_OSMIUM;9976;7;9974;21;;;10022;14;10025;14;;;9999.0;0.0
high_vol_volatile_s2;41600;INTARIAN_PEPPER_ROOT;12701;14;12697;17;;;12703;23;12705;24;;;12702.0;0.0
high_vol_volatile_s2;41600;ASH_COATED_OSMIUM;9994;16;9992;21;;;10004;13;10007;21;;;9999.0;0.0
high_vol_volatile_s2;41700;INTARIAN_PEPPER_ROOT;12689;14;12687;11;;;12691;18;12693;14;;;12690.0;0.0
high_vol_volatile_s2;41700;ASH_COATED_OSMIUM;9995;17;9991;18;;;10001;16;10004;14;;;9998.0;0.0
high_vol_volatile_s2;41800;INTARIAN_PEPPER_ROOT;12666;12;12662;21;;;12686;20;12690;26;;;12676.0;0.0
high_vol_volatile_s2;41800;ASH_COATED_OSMIUM;9993;14;9989;24;;;9999;19;10002;20;;;9996.0;0.0
high_vol_volatile_s2;41900;INTARIAN_PEPPER_ROOT;12646;9;12644;26;;;12680;20;12682;24;;;12663.0;0.0
high_vol_volatile_s2;41900;ASH_COATED_OSMIUM;9991;13;9988;14;;;10003;12;10006;19;;;9997.0;0.0
high_vol_volatile_s2;42000;INTARIAN_PEPPER_ROOT;12648;12;12646;17;;;12660;20;12664;19;;;12654.0;0.0
high_vol_volatile_s2;42000;ASH_COATED_OSMIUM;10002;9;9999;11;;;10004;5;10007;14;;;10003.0;0.0
high_vol_volatile_s2;42100;INTARIAN_PEPPER_ROOT;12634;17;12631;22;;;12640;24;12642;21;;;12637.0;0.0
high_vol_volatile_s2;42100;ASH_COATED_OSMIUM;9999;12;9995;20;;;10001;6;10003;23;;;10000.0;0.0
high_vol_volatile_s2;42200;INTARIAN_PEPPER_ROOT;12617;12;12613;23;;;12619;12;12621;19;;;12618.0;0.0
high_vol_volatile_s2;42200;ASH_COATED_OSMIUM;9997;17;9993;22;;;10003;16;10005;16;;;10000.0;0.0
high_vol_volatile_s2;42300;INTARIAN_PEPPER_ROOT;12598;16;12595;16;;;12606;11;12610;23;;;12602.0;0.0
high_vol_volatile_s2;42300;ASH_COATED_OSMIUM;9995;19;9992;13;;;10009;18;10011;16;;;10002.0;0.0
high_vol_volatile_s2;42400;INTARIAN_PEPPER_ROOT;12582;10;12578;27;;;12596;14;12598;27;;;12589.0;0.0
high_vol_volatile_s2;42400;ASH_COATED_OSMIUM;9998;15;9994;26;;;10006;14;10010;16;;;10002.0;0.0
high_vol_volatile_s2;42500;INTARIAN_PEPPER_ROOT;12568;18;12565;23;;;12572;8;12574;16;;;12570.0;0.0
high_vol_volatile_s2;42500;ASH_COATED_OSMIUM;9993;9;9990;23;;;10009;8;10011;16;;;10001.0;0.0
high_vol_volatile_s2;42600;INTARIAN_PEPPER_ROOT;12546;17;12543;18;;;12554;11;12558;23;;;12550.0;0.0
high_vol_volatile_s2;42600;ASH_COATED_OSMIUM;9981;17;9978;17;;;10019;11;10021;20;;;10000.0;0.0
high_vol_volatile_s2;42700;INTARIAN_PEPPER_ROOT;12532;19;12529;17;;;12534;12;12536;20;;;12533.0;0.0
high_vol_volatile_s2;42700;ASH_COATED_OSMIUM;9985;6;9981;31;;;10007;12;10009;21;;;9996.0;0.0
high_vol_volatile_s2;42800;INTARIAN_PEPPER_ROOT;12502;16;12498;25;;;12526;12;12530;18;;;12514.0;0.0
high_vol_volatile_s2;42800;ASH_COATED_OSMIUM;9994;14;9991;19;;;10002;8;10005;20;;;9998.0;0.0
high_vol_volatile_s2;42900;INTARIAN_PEPPER_ROOT;12462;10;12459;13;;;12530;22;12532;21;;;12496.0;0.0
high_vol_volatile_s2;42900;ASH_COATED_OSMIUM;9991;19;9989;13;;;10007;18;10011;14;;;9999.0;0.0
high_vol_volatile_s2;43000;INTARIAN_PEPPER_ROOT;12477;21;12473;19;;;12481;22;12484;16;;;12479.0;0.0
high_vol_volatile_s2;43000;ASH_COATED_OSMIUM;10000;10;9996;22;;;10002;10;10006;8;;;10001.0;0.0
high_vol_volatile_s2;43100;INTARIAN_PEPPER_ROOT;12458;19;12454;15;;;12460;18;12464;24;;;12459.0;0.0
high_vol_volatile_s2;43100;ASH_COATED_OSMIUM;9985;21;9981;14;;;10011;8;10013;21;;;9998.0;0.0
high_vol_volatile_s2;43200;INTARIAN_PEPPER_ROOT;12431;14;12429;19;;;12445;13;12449;18;;;12438.0;0.0
high_vol_volatile_s2;43200;ASH_COATED_OSMIUM;9988;11;9985;23;;;9994;10;9998;20;;;9991.0;0.0
high_vol_volatile_s2;43300;INTARIAN_PEPPER_ROOT;12417;8;12413;22;;;12421;23;12424;21;;;12419.0;0.0
high_vol_volatile_s2;43300;ASH_COATED_OSMIUM;9983;23;9980;12;;;9991;5;9994;15;;;9987.0;0.0
high_vol_volatile_s2;43400;INTARIAN_PEPPER_ROOT;12397;17;12394;17;;;12399;17;12403;23;;;12398.0;0.0
high_vol_volatile_s2;43400;ASH_COATED_OSMIUM;9985;11;9982;12;;;9995;12;9998;20;;;9990.0;0.0
high_vol_volatile_s2;43500;INTARIAN_PEPPER_ROOT;12371;20;12368;13;;;12373;16;12375;23;;;12372.0;0.0
high_vol_volatile_s2;43500;ASH_COATED_OSMIUM;9994;6;9990;17;;;9998;16;10000;16;;;9996.0;0.0
high_vol_volatile_s2;43600;INTARIAN_PEPPER_ROOT;12345;11;12342;14;;;12347;16;12350;17;;;12346.0;0.0
high_vol_volatile_s2;43600;ASH_COATED_OSMIUM;9988;17;9985;13;;;9998;11;10000;17;;;9993.0;0.0
high_vol_volatile_s2;43700;INTARIAN_PEPPER_ROOT;12282;23;12280;11;;;12356;5;12359;22;;;12319.0;0.0
high_vol_volatile_s2;43700;ASH_COATED_OSMIUM;9996;8;9993;26;;;9998;7;10002;22;;;9997.0;0.0
high_vol_volatile_s2;43800;INTARIAN_PEPPER_ROOT;12300;11;12296;22;;;12304;8;12308;23;;;12302.0;0.0
high_vol_volatile_s2;43800;ASH_COATED_OSMIUM;9992;9;9990;19;;;10006;20;10008;20;;;9999.0;0.0
high_vol_volatile_s2;43900;INTARIAN_PEPPER_ROOT;12262;17;12260;15;;;12292;10;12296;24;;;12277.0;0.0
high_vol_volatile_s2;43900;ASH_COATED_OSMIUM;9986;13;9983;20;;;10006;10;10010;21;;;9996.0;0.0
high_vol_volatile_s2;44000;INTARIAN_PEPPER_ROOT;12254;15;12252;15;;;12256;15;12259;17;;;12255.0;0.0
high_vol_volatile_s2;44000;ASH_COATED_OSMIUM;9995;7;9993;17;;;9997;11;10001;30;;;9996.0;0.0
high_vol_volatile_s2;44100;INTARIAN_PEPPER_ROOT;12225;12;12222;10;;;12241;17;12244;28;;;12233.0;0.0
high_vol_volatile_s2;44100;ASH_COATED_OSMIUM;9997;19;9995;15;;;9999;15;10003;12;;;9998.0;0.0
high_vol_volatile_s2;44200;INTARIAN_PEPPER_ROOT;12203;15;12201;24;;;12207;18;12211;18;;;12205.0;0.0
high_vol_volatile_s2;44200;ASH_COATED_OSMIUM;9981;11;9977;15;;;10015;12;10017;16;;;9998.0;0.0
high_vol_volatile_s2;44300;INTARIAN_PEPPER_ROOT;12174;16;12171;8;;;12190;7;12194;13;;;12182.0;0.0
high_vol_volatile_s2;44300;ASH_COATED_OSMIUM;9990;18;9986;27;;;10012;11;10014;20;;;10001.0;0.0
high_vol_volatile_s2;44400;INTARIAN_PEPPER_ROOT;12154;8;12151;24;;;12156;11;12160;12;;;12155.0;0.0
high_vol_volatile_s2;44400;ASH_COATED_OSMIUM;9994;19;9992;21;;;10008;9;10012;12;;;10001.0;0.0
high_vol_volatile_s2;44500;INTARIAN_PEPPER_ROOT;12122;15;12119;17;;;12124;19;12127;18;;;12123.0;0.0
high_vol_volatile_s2;44500;ASH_COATED_OSMIUM;9997;18;9995;16;;;9999;11;10001;24;;;9998.0;0.0
high_vol_volatile_s2;44600;INTARIAN_PEPPER_ROOT;12094;12;12092;25;;;12098;11;12101;22;;;12096.0;0.0
high_vol_volatile_s2;44600;ASH_COATED_OSMIUM;9994;8;9991;16;;;10004;12;10006;23;;;9999.0;0.0
high_vol_volatile_s2;44700;INTARIAN_PEPPER_ROOT;12067;15;12063;22;;;12069;22;12073;23;;;12068.0;0.0
high_vol_volatile_s2;44700;ASH_COATED_OSMIUM;9997;13;9995;14;;;10009;15;10013;21;;;10003.0;0.0
high_vol_volatile_s2;44800;INTARIAN_PEPPER_ROOT;12020;24;12018;13;;;12060;13;12063;19;;;12040.0;0.0
high_vol_volatile_s2;44800;ASH_COATED_OSMIUM;9991;10;9989;11;;;10011;5;10014;17;;;10001.0;0.0
high_vol_volatile_s2;44900;INTARIAN_PEPPER_ROOT;11997;9;11994;27;;;12035;20;12039;16;;;12016.0;0.0
high_vol_volatile_s2;44900;ASH_COATED_OSMIUM;9999;12;9997;25;;;10001;8;10004;15;;;10000.0;0.0
high_vol_volatile_s2;45000;INTARIAN_PEPPER_ROOT;11994;18;11990;18;;;12000;11;12004;21;;;11997.0;0.0
high_vol_volatile_s2;45000;ASH_COATED_OSMIUM;9992;16;9989;25;;;10004;12;10006;16;;;9998.0;0.0
high_vol_volatile_s2;45100;INTARIAN_PEPPER_ROOT;11967;18;11964;16;;;11973;11;11976;26;;;11970.0;0.0
high_vol_volatile_s2;45100;ASH_COATED_OSMIUM;9997;9;9993;14;;;10003;11;10007;29;;;10000.0;0.0
high_vol_volatile_s2;45200;INTARIAN_PEPPER_ROOT;11941;10;11938;17;;;11945;22;11949;14;;;11943.0;0.0
high_vol_volatile_s2;45200;ASH_COATED_OSMIUM;9994;10;9992;28;;;10002;24;10006;27;;;9998.0;0.0
high_vol_volatile_s2;45300;INTARIAN_PEPPER_ROOT;11917;12;11914;12;;;11919;20;11923;25;;;11918.0;0.0
high_vol_volatile_s2;45300;ASH_COATED_OSMIUM;9984;6;9982;20;;;10008;11;10012;25;;;9996.0;0.0
high_vol_volatile_s2;45400;INTARIAN_PEPPER_ROOT;11891;13;11889;30;;;11895;22;11898;16;;;11893.0;0.0
high_vol_volatile_s2;45400;ASH_COATED_OSMIUM;9995;16;9991;29;;;9999;16;10003;24;;;9997.0;0.0
high_vol_volatile_s2;45500;INTARIAN_PEPPER_ROOT;11866;10;11863;27;;;11870;21;11874;21;;;11868.0;0.0
high_vol_volatile_s2;45500;ASH_COATED_OSMIUM;9993;11;9990;18;;;9995;16;9998;16;;;9994.0;0.0
high_vol_volatile_s2;45600;INTARIAN_PEPPER_ROOT;11838;19;11836;16;;;11840;19;11843;19;;;11839.0;0.0
high_vol_volatile_s2;45600;ASH_COATED_OSMIUM;9996;18;9992;21;;;10000;13;10003;12;;;9998.0;0.0
high_vol_volatile_s2;45700;INTARIAN_PEPPER_ROOT;11810;5;11806;29;;;11812;15;11815;17;;;11811.0;0.0
high_vol_volatile_s2;45700;ASH_COATED_OSMIUM;9999;11;9996;28;;;10001;12;10004;17;;;10000.0;0.0
high_vol_volatile_s2;45800;INTARIAN_PEPPER_ROOT;11773;12;11771;12;;;11797;22;11800;20;;;11785.0;0.0
high_vol_volatile_s2;45800;ASH_COATED_OSMIUM;9970;13;9968;26;;;10034;13;10038;22;;;10002.0;0.0
high_vol_volatile_s2;45900;INTARIAN_PEPPER_ROOT;11755;11;11753;17;;;11759;15;11762;22;;;11757.0;0.0
high_vol_volatile_s2;45900;ASH_COATED_OSMIUM;9995;5;9993;10;;;10013;6;10016;25;;;10004.0;0.0
high_vol_volatile_s2;46000;INTARIAN_PEPPER_ROOT;11727;14;11723;17;;;11733;8;11735;24;;;11730.0;0.0
high_vol_volatile_s2;46000;ASH_COATED_OSMIUM;10004;28;10002;15;;;10006;13;10010;26;;;10005.0;0.0
high_vol_volatile_s2;46100;INTARIAN_PEPPER_ROOT;11695;12;11693;34;;;11711;5;11713;22;;;11703.0;0.0
high_vol_volatile_s2;46100;ASH_COATED_OSMIUM;9981;16;9977;9;;;10027;28;10029;16;;;10004.0;0.0
high_vol_volatile_s2;46200;INTARIAN_PEPPER_ROOT;11676;8;11673;15;;;11690;16;11693;23;;;11683.0;0.0
high_vol_volatile_s2;46200;ASH_COATED_OSMIUM;9988;26;9986;11;;;10032;11;10035;22;;;10010.0;0.0
high_vol_volatile_s2;46300;INTARIAN_PEPPER_ROOT;11646;16;11642;13;;;11662;8;11666;26;;;11654.0;0.0
high_vol_volatile_s2;46300;ASH_COATED_OSMIUM;10004;18;10002;21;;;10018;12;10021;15;;;10011.0;0.0
high_vol_volatile_s2;46400;INTARIAN_PEPPER_ROOT;11632;5;11629;20;;;11642;10;11644;26;;;11637.0;0.0
high_vol_volatile_s2;46400;ASH_COATED_OSMIUM;10005;8;10001;20;;;10013;15;10016;17;;;10009.0;0.0
high_vol_volatile_s2;46500;INTARIAN_PEPPER_ROOT;11603;19;11601;20;;;11623;15;11627;20;;;11613.0;0.0
high_vol_volatile_s2;46500;ASH_COATED_OSMIUM;9962;20;9958;16;;;10050;30;10053;20;;;10006.0;0.0
high_vol_volatile_s2;46600;INTARIAN_PEPPER_ROOT;11573;19;11569;18;;;11601;13;11605;20;;;11587.0;0.0
high_vol_volatile_s2;46600;ASH_COATED_OSMIUM;9984;5;9980;21;;;10030;17;10032;17;;;10007.0;0.0
high_vol_volatile_s2;46700;INTARIAN_PEPPER_ROOT;11561;13;11557;10;;;11563;12;11567;20;;;11562.0;0.0
high_vol_volatile_s2;46700;ASH_COATED_OSMIUM;10000;8;9996;16;;;10012;12;10015;20;;;10006.0;0.0
high_vol_volatile_s2;46800;INTARIAN_PEPPER_ROOT;11532;12;11530;22;;;11554;12;11558;21;;;11543.0;0.0
high_vol_volatile_s2;46800;ASH_COATED_OSMIUM;9999;13;9995;16;;;10011;12;10014;27;;;10005.0;0.0
high_vol_volatile_s2;46900;INTARIAN_PEPPER_ROOT;11525;12;11523;23;;;11527;7;11531;27;;;11526.0;0.0
high_vol_volatile_s2;46900;ASH_COATED_OSMIUM;9991;15;9989;14;;;10031;5;10034;21;;;10011.0;0.0
high_vol_volatile_s2;47000;INTARIAN_PEPPER_ROOT;11497;20;11494;22;;;11507;10;11509;19;;;11502.0;0.0
high_vol_volatile_s2;47000;ASH_COATED_OSMIUM;10005;12;10003;16;;;10015;11;10017;23;;;10010.0;0.0
high_vol_volatile_s2;47100;INTARIAN_PEPPER_ROOT;11482;15;11478;27;;;11484;7;11487;20;;;11483.0;0.0
high_vol_volatile_s2;47100;ASH_COATED_OSMIUM;10005;16;10001;19;;;10021;5;10023;16;;;10013.0;0.0
high_vol_volatile_s2;47200;INTARIAN_PEPPER_ROOT;11453;8;11450;20;;;11475;11;11478;18;;;11464.0;0.0
high_vol_volatile_s2;47200;ASH_COATED_OSMIUM;9995;5;9991;15;;;10041;15;10045;17;;;10018.0;0.0
high_vol_volatile_s2;47300;INTARIAN_PEPPER_ROOT;11442;13;11440;14;;;11448;12;11450;13;;;11445.0;0.0
high_vol_volatile_s2;47300;ASH_COATED_OSMIUM;10017;7;10013;19;;;10023;12;10025;21;;;10020.0;0.0
high_vol_volatile_s2;47400;INTARIAN_PEPPER_ROOT;11419;10;11416;15;;;11433;17;11436;11;;;11426.0;0.0
high_vol_volatile_s2;47400;ASH_COATED_OSMIUM;10019;10;10016;24;;;10021;15;10023;20;;;10020.0;0.0
high_vol_volatile_s2;47500;INTARIAN_PEPPER_ROOT;11408;18;11405;16;;;11414;15;11418;20;;;11411.0;0.0
high_vol_volatile_s2;47500;ASH_COATED_OSMIUM;10017;17;10013;16;;;10021;7;10024;16;;;10019.0;0.0
high_vol_volatile_s2;47600;INTARIAN_PEPPER_ROOT;11386;12;11382;27;;;11390;19;11392;15;;;11388.0;0.0
high_vol_volatile_s2;47600;ASH_COATED_OSMIUM;10005;18;10001;16;;;10033;15;10037;15;;;10019.0;0.0
high_vol_volatile_s2;47700;INTARIAN_PEPPER_ROOT;11364;17;11360;13;;;11366;15;11370;17;;;11365.0;0.0
high_vol_volatile_s2;47700;ASH_COATED_OSMIUM;10012;14;10008;17;;;10026;14;10030;11;;;10019.0;0.0
high_vol_volatile_s2;47800;INTARIAN_PEPPER_ROOT;11334;20;11332;17;;;11366;16;11370;22;;;11350.0;0.0
high_vol_volatile_s2;47800;ASH_COATED_OSMIUM;10016;12;10014;12;;;10018;20;10022;14;;;10017.0;0.0
high_vol_volatile_s2;47900;INTARIAN_PEPPER_ROOT;11321;8;11317;22;;;11349;15;11351;16;;;11335.0;0.0
high_vol_volatile_s2;47900;ASH_COATED_OSMIUM;10005;9;10003;32;;;10025;12;10028;24;;;10015.0;0.0
high_vol_volatile_s2;48000;INTARIAN_PEPPER_ROOT;11312;17;11308;13;;;11332;11;11335;22;;;11322.0;0.0
high_vol_volatile_s2;48000;ASH_COATED_OSMIUM;10003;19;9999;16;;;10027;5;10030;19;;;10015.0;0.0
high_vol_volatile_s2;48100;INTARIAN_PEPPER_ROOT;11294;12;11291;25;;;11312;16;11316;22;;;11303.0;0.0
high_vol_volatile_s2;48100;ASH_COATED_OSMIUM;10007;19;10003;16;;;10011;10;10014;17;;;10009.0;0.0
high_vol_volatile_s2;48200;INTARIAN_PEPPER_ROOT;11285;13;11281;21;;;11289;15;11292;20;;;11287.0;0.0
high_vol_volatile_s2;48200;ASH_COATED_OSMIUM;10003;8;10001;22;;;10015;5;10017;30;;;10009.0;0.0
high_vol_volatile_s2;48300;INTARIAN_PEPPER_ROOT;11273;17;11270;12;;;11285;10;11287;21;;;11279.0;0.0
high_vol_volatile_s2;48300;ASH_COATED_OSMIUM;10004;20;10002;19;;;10010;11;10012;17;;;10007.0;0.0
high_vol_volatile_s2;48400;INTARIAN_PEPPER_ROOT;11257;17;11254;20;;;11269;12;11271;20;;;11263.0;0.0
high_vol_volatile_s2;48400;ASH_COATED_OSMIUM;10005;22;10003;20;;;10007;11;10009;22;;;10006.0;0.0
high_vol_volatile_s2;48500;INTARIAN_PEPPER_ROOT;11237;18;11234;19;;;11267;12;11269;17;;;11252.0;0.0
high_vol_volatile_s2;48500;ASH_COATED_OSMIUM;9993;18;9989;13;;;10013;6;10016;8;;;10003.0;0.0
high_vol_volatile_s2;48600;INTARIAN_PEPPER_ROOT;11238;16;11236;20;;;11240;12;11242;11;;;11239.0;0.0
high_vol_volatile_s2;48600;ASH_COATED_OSMIUM;9972;10;9968;17;;;10028;11;10032;24;;;10000.0;0.0
high_vol_volatile_s2;48700;INTARIAN_PEPPER_ROOT;11219;20;11217;17;;;11235;17;11237;21;;;11227.0;0.0
high_vol_volatile_s2;48700;ASH_COATED_OSMIUM;9996;8;9992;15;;;10006;9;10008;19;;;10001.0;0.0
high_vol_volatile_s2;48800;INTARIAN_PEPPER_ROOT;11212;9;11208;13;;;11214;13;11217;26;;;11213.0;0.0
high_vol_volatile_s2;48800;ASH_COATED_OSMIUM;10005;13;10002;21;;;10009;16;10013;19;;;10007.0;0.0
high_vol_volatile_s2;48900;INTARIAN_PEPPER_ROOT;11199;12;11197;25;;;11217;19;11220;18;;;11208.0;0.0
high_vol_volatile_s2;48900;ASH_COATED_OSMIUM;9984;5;9982;20;;;10034;9;10036;17;;;10009.0;0.0
high_vol_volatile_s2;49000;INTARIAN_PEPPER_ROOT;11185;24;11181;20;;;11203;12;11207;22;;;11194.0;0.0
high_vol_volatile_s2;49000;ASH_COATED_OSMIUM;10002;11;9999;22;;;10012;13;10016;15;;;10007.0;0.0
high_vol_volatile_s2;49100;INTARIAN_PEPPER_ROOT;11181;5;11179;19;;;11183;10;11187;20;;;11182.0;0.0
high_vol_volatile_s2;49100;ASH_COATED_OSMIUM;9999;15;9997;31;;;10013;10;10016;18;;;10006.0;0.0
high_vol_volatile_s2;49200;INTARIAN_PEPPER_ROOT;11160;17;11158;21;;;11184;11;11187;19;;;11172.0;0.0
high_vol_volatile_s2;49200;ASH_COATED_OSMIUM;9995;12;9992;23;;;10001;5;10005;18;;;9998.0;0.0
high_vol_volatile_s2;49300;INTARIAN_PEPPER_ROOT;11166;13;11163;21;;;11170;23;11172;10;;;11168.0;0.0
high_vol_volatile_s2;49300;ASH_COATED_OSMIUM;9971;14;9967;21;;;10019;16;10023;25;;;9995.0;0.0
high_vol_volatile_s2;49400;INTARIAN_PEPPER_ROOT;11161;14;11157;21;;;11163;25;11165;22;;;11162.0;0.0
high_vol_volatile_s2;49400;ASH_COATED_OSMIUM;9981;5;9977;16;;;10013;5;10016;18;;;9997.0;0.0
high_vol_volatile_s2;49500;INTARIAN_PEPPER_ROOT;11158;18;11155;18;;;11160;11;11164;13;;;11159.0;0.0
high_vol_volatile_s2;49500;ASH_COATED_OSMIUM;9996;11;9992;22;;;10006;11;10009;27;;;10001.0;0.0
high_vol_volatile_s2;49600;INTARIAN_PEPPER_ROOT;11153;12;11149;23;;;11155;9;11157;23;;;11154.0;0.0
high_vol_volatile_s2;49600;ASH_COATED_OSMIUM;9981;10;9979;19;;;10017;20;10019;23;;;9999.0;0.0
high_vol_volatile_s2;49700;INTARIAN_PEPPER_ROOT;11143;5;11139;16;;;11157;13;11159;16;;;11150.0;0.0
high_vol_volatile_s2;49700;ASH_COATED_OSMIUM;9986;19;9983;26;;;10010;24;10012;16;;;9998.0;0.0
high_vol_volatile_s2;49800;INTARIAN_PEPPER_ROOT;11137;15;11135;20;;;11157;16;11161;20;;;11147.0;0.0
high_vol_volatile_s2;49800;ASH_COATED_OSMIUM;9998;10;9995;16;;;10000;10;10002;22;;;9999.0;0.0
high_vol_volatile_s2;49900;INTARIAN_PEPPER_ROOT;11146;11;11144;8;;;11150;8;11154;17;;;11148.0;0.0
high_vol_volatile_s2;49900;ASH_COATED_OSMIUM;9997;12;9995;25;;;10001;10;10003;15;;;9999.0;0.0
high_vol_volatile_s2;50000;INTARIAN_PEPPER_ROOT;11142;13;11140;28;;;11148;14;11151;12;;;11145.0;0.0
high_vol_volatile_s2;50000;ASH_COATED_OSMIUM;9990;11;9987;30;;;10008;24;10011;29;;;9999.0;0.0
high_vol_volatile_s2;50100;INTARIAN_PEPPER_ROOT;11117;9;11115;24;;;11159;9;11163;11;;;11138.0;0.0
high_vol_volatile_s2;50100;ASH_COATED_OSMIUM;9993;17;9989;20;;;9999;23;10003;23;;;9996.0;0.0
high_vol_volatile_s2;50200;INTARIAN_PEPPER_ROOT;11121;13;11118;19;;;11155;10;11158;21;;;11138.0;0.0
high_vol_volatile_s2;50200;ASH_COATED_OSMIUM;9985;8;9982;18;;;10009;22;10013;25;;;9997.0;0.0
high_vol_volatile_s2;50300;INTARIAN_PEPPER_ROOT;11113;11;11111;11;;;11161;10;11163;20;;;11137.0;0.0
high_vol_volatile_s2;50300;ASH_COATED_OSMIUM;9996;15;9994;18;;;9998;12;10001;23;;;9997.0;0.0
high_vol_volatile_s2;50400;INTARIAN_PEPPER_ROOT;11130;13;11127;33;;;11134;9;11137;25;;;11132.0;0.0
high_vol_volatile_s2;50400;ASH_COATED_OSMIUM;9995;5;9993;19;;;9997;15;10001;23;;;9996.0;0.0
high_vol_volatile_s2;50500;INTARIAN_PEPPER_ROOT;11127;17;11124;20;;;11133;16;11137;26;;;11130.0;0.0
high_vol_volatile_s2;50500;ASH_COATED_OSMIUM;9993;17;9991;15;;;10007;9;10010;17;;;10000.0;0.0
high_vol_volatile_s2;50600;INTARIAN_PEPPER_ROOT;11120;14;11117;21;;;11132;5;11135;11;;;11126.0;0.0
high_vol_volatile_s2;50600;ASH_COATED_OSMIUM;9987;12;9983;11;;;10021;17;10024;17;;;10004.0;0.0
high_vol_volatile_s2;50700;INTARIAN_PEPPER_ROOT;11117;17;11115;21;;;11145;16;11147;17;;;11131.0;0.0
high_vol_volatile_s2;50700;ASH_COATED_OSMIUM;9994;12;9990;32;;;10012;12;10015;12;;;10003.0;0.0
high_vol_volatile_s2;50800;INTARIAN_PEPPER_ROOT;11128;10;11124;27;;;11132;24;11136;24;;;11130.0;0.0
high_vol_volatile_s2;50800;ASH_COATED_OSMIUM;9994;18;9990;20;;;10012;5;10016;25;;;10003.0;0.0
high_vol_volatile_s2;50900;INTARIAN_PEPPER_ROOT;11111;15;11107;22;;;11135;10;11138;23;;;11123.0;0.0
high_vol_volatile_s2;50900;ASH_COATED_OSMIUM;9989;7;9986;18;;;10015;11;10018;20;;;10002.0;0.0
high_vol_volatile_s2;51000;INTARIAN_PEPPER_ROOT;11096;26;11094;18;;;11152;11;11154;28;;;11124.0;0.0
high_vol_volatile_s2;51000;ASH_COATED_OSMIUM;9991;18;9989;20;;;10007;5;10011;23;;;9999.0;0.0
high_vol_volatile_s2;51100;INTARIAN_PEPPER_ROOT;11121;16;11118;16;;;11123;14;11127;12;;;11122.0;0.0
high_vol_volatile_s2;51100;ASH_COATED_OSMIUM;9983;9;9981;18;;;10015;10;10019;17;;;9999.0;0.0
high_vol_volatile_s2;51200;INTARIAN_PEPPER_ROOT;11125;26;11122;30;;;11127;13;11129;17;;;11126.0;0.0
high_vol_volatile_s2;51200;ASH_COATED_OSMIUM;9999;9;9996;21;;;10001;18;10005;16;;;10000.0;0.0
high_vol_volatile_s2;51300;INTARIAN_PEPPER_ROOT;11125;13;11123;24;;;11127;7;11131;19;;;11126.0;0.0
high_vol_volatile_s2;51300;ASH_COATED_OSMIUM;9982;7;9979;24;;;10010;12;10012;16;;;9996.0;0.0
high_vol_volatile_s2;51400;INTARIAN_PEPPER_ROOT;11108;25;11106;21;;;11138;22;11140;18;;;11123.0;0.0
