day;timestamp;product;bid_price_1;bid_volume_1;bid_price_2;bid_volume_2;bid_price_3;bid_volume_3;ask_price_1;ask_volume_1;ask_price_2;ask_volume_2;ask_price_3;ask_volume_3;mid_price;profit_and_loss
crash_normal_s2;0;INTARIAN_PEPPER_ROOT;10998;10;10995;16;;;11000;14;11004;22;;;10999.0;0.0
crash_normal_s2;0;ASH_COATED_OSMIUM;9986;8;9984;13;;;10014;23;10017;23;;;10000.0;0.0
crash_normal_s2;100;INTARIAN_PEPPER_ROOT;10997;13;10993;17;;;11001;5;11005;14;;;10999.0;0.0
crash_normal_s2;100;ASH_COATED_OSMIUM;9993;20;9991;22;;;10001;8;10004;23;;;9997.0;0.0
crash_normal_s2;200;INTARIAN_PEPPER_ROOT;10967;13;10963;19;;;11023;15;11026;27;;;10995.0;0.0
crash_normal_s2;200;ASH_COATED_OSMIUM;9983;14;9981;16;;;10009;13;10012;23;;;9996.0;0.0
crash_normal_s2;300;INTARIAN_PEPPER_ROOT;10998;5;10995;18;;;11000;16;11002;15;;;10999.0;0.0
crash_normal_s2;300;ASH_COATED_OSMIUM;9987;5;9985;14;;;10003;7;10005;19;;;9995.0;0.0
crash_normal_s2;400;INTARIAN_PEPPER_ROOT;10993;14;10990;18;;;10999;13;11001;18;;;10996.0;0.0
crash_normal_s2;400;ASH_COATED_OSMIUM;9987;17;9983;18;;;10001;17;10005;19;;;9994.0;0.0
crash_normal_s2;500;INTARIAN_PEPPER_ROOT;10979;12;10977;21;;;11011;13;11015;29;;;10995.0;0.0
crash_normal_s2;500;ASH_COATED_OSMIUM;9977;14;9975;19;;;10001;24;10005;24;;;9989.0;0.0
crash_normal_s2;600;INTARIAN_PEPPER_ROOT;10995;9;10993;22;;;10997;23;11000;22;;;10996.0;0.0
crash_normal_s2;600;ASH_COATED_OSMIUM;9978;5;9974;21;;;10004;14;10006;23;;;9991.0;0.0
crash_normal_s2;700;INTARIAN_PEPPER_ROOT;10988;6;10986;13;;;11000;6;11004;21;;;10994.0;0.0
crash_normal_s2;700;ASH_COATED_OSMIUM;9966;17;9962;15;;;10010;17;10013;18;;;9988.0;0.0
crash_normal_s2;800;INTARIAN_PEPPER_ROOT;10965;13;10963;20;;;11019;14;11022;23;;;10992.0;0.0
crash_normal_s2;800;ASH_COATED_OSMIUM;9988;17;9986;17;;;9992;7;9995;14;;;9990.0;0.0
crash_normal_s2;900;INTARIAN_PEPPER_ROOT;10983;16;10979;26;;;11001;15;11004;21;;;10992.0;0.0
crash_normal_s2;900;ASH_COATED_OSMIUM;9974;17;9971;16;;;9998;21;10001;17;;;9986.0;0.0
crash_normal_s2;1000;INTARIAN_PEPPER_ROOT;10986;16;10982;18;;;11000;20;11003;27;;;10993.0;0.0
crash_normal_s2;1000;ASH_COATED_OSMIUM;9970;20;9967;15;;;9996;14;9998;13;;;9983.0;0.0
crash_normal_s2;1100;INTARIAN_PEPPER_ROOT;10995;9;10992;18;;;11001;18;11004;26;;;10998.0;0.0
crash_normal_s2;1100;ASH_COATED_OSMIUM;9964;22;9961;21;;;10004;15;10007;11;;;9984.0;0.0
crash_normal_s2;1200;INTARIAN_PEPPER_ROOT;10995;12;10992;28;;;11005;13;11007;20;;;11000.0;0.0
crash_normal_s2;1200;ASH_COATED_OSMIUM;9980;21;9978;23;;;9988;17;9990;17;;;9984.0;0.0
crash_normal_s2;1300;INTARIAN_PEPPER_ROOT;10996;9;10992;23;;;10998;10;11001;20;;;10997.0;0.0
crash_normal_s2;1300;ASH_COATED_OSMIUM;9984;22;9981;25;;;9986;13;9990;22;;;9985.0;0.0
crash_normal_s2;1400;INTARIAN_PEPPER_ROOT;10993;14;10989;17;;;11005;12;11009;28;;;10999.0;0.0
crash_normal_s2;1400;ASH_COATED_OSMIUM;9985;9;9983;8;;;9989;13;9991;13;;;9987.0;0.0
crash_normal_s2;1500;INTARIAN_PEPPER_ROOT;10997;17;10993;25;;;10999;17;11002;18;;;10998.0;0.0
crash_normal_s2;1500;ASH_COATED_OSMIUM;9982;17;9980;21;;;9984;11;9987;26;;;9983.0;0.0
crash_normal_s2;1600;INTARIAN_PEPPER_ROOT;10987;17;10984;20;;;11009;8;11011;24;;;10998.0;0.0
crash_normal_s2;1600;ASH_COATED_OSMIUM;9983;8;9980;22;;;9985;14;9987;25;;;9984.0;0.0
crash_normal_s2;1700;INTARIAN_PEPPER_ROOT;10972;20;10968;14;;;11030;21;11032;15;;;11001.0;0.0
crash_normal_s2;1700;ASH_COATED_OSMIUM;9981;9;9977;15;;;9991;12;9995;20;;;9986.0;0.0
crash_normal_s2;1800;INTARIAN_PEPPER_ROOT;10992;25;10989;12;;;11010;22;11014;13;;;11001.0;0.0
crash_normal_s2;1800;ASH_COATED_OSMIUM;9975;11;9971;14;;;9997;18;10000;21;;;9986.0;0.0
crash_normal_s2;1900;INTARIAN_PEPPER_ROOT;11000;11;10996;15;;;11002;16;11004;20;;;11001.0;0.0
crash_normal_s2;1900;ASH_COATED_OSMIUM;9977;13;9974;17;;;9997;18;9999;17;;;9987.0;0.0
crash_normal_s2;2000;INTARIAN_PEPPER_ROOT;10996;15;10992;19;;;11002;19;11005;24;;;10999.0;0.0
crash_normal_s2;2000;ASH_COATED_OSMIUM;9986;10;9982;26;;;9988;16;9992;13;;;9987.0;0.0
crash_normal_s2;2100;INTARIAN_PEPPER_ROOT;10999;14;10997;26;;;11001;17;11004;20;;;11000.0;0.0
crash_normal_s2;2100;ASH_COATED_OSMIUM;9975;21;9973;19;;;10005;13;10009;25;;;9990.0;0.0
crash_normal_s2;2200;INTARIAN_PEPPER_ROOT;10991;17;10987;26;;;11011;11;11014;21;;;11001.0;0.0
crash_normal_s2;2200;ASH_COATED_OSMIUM;9986;5;9982;21;;;9988;5;9990;16;;;9987.0;0.0
crash_normal_s2;2300;INTARIAN_PEPPER_ROOT;10997;20;10995;25;;;11003;22;11005;18;;;11000.0;0.0
crash_normal_s2;2300;ASH_COATED_OSMIUM;9983;9;9980;15;;;9985;18;9987;16;;;9984.0;0.0
crash_normal_s2;2400;INTARIAN_PEPPER_ROOT;10998;10;10994;18;;;11000;21;11002;10;;;10999.0;0.0
crash_normal_s2;2400;ASH_COATED_OSMIUM;9988;5;9985;26;;;9998;15;10000;15;;;9993.0;0.0
crash_normal_s2;2500;INTARIAN_PEPPER_ROOT;10998;15;10995;20;;;11000;23;11004;24;;;10999.0;0.0
crash_normal_s2;2500;ASH_COATED_OSMIUM;9953;10;9949;23;;;10025;16;10029;19;;;9989.0;0.0
crash_normal_s2;2600;INTARIAN_PEPPER_ROOT;10997;16;10993;9;;;10999;13;11002;20;;;10998.0;0.0
crash_normal_s2;2600;ASH_COATED_OSMIUM;9985;16;9981;15;;;9995;6;9999;19;;;9990.0;0.0
crash_normal_s2;2700;INTARIAN_PEPPER_ROOT;10992;17;10989;15;;;11002;18;11004;18;;;10997.0;0.0
crash_normal_s2;2700;ASH_COATED_OSMIUM;9985;19;9982;25;;;10005;17;10007;21;;;9995.0;0.0
crash_normal_s2;2800;INTARIAN_PEPPER_ROOT;10993;13;10989;24;;;10995;22;10998;19;;;10994.0;0.0
crash_normal_s2;2800;ASH_COATED_OSMIUM;9992;12;9989;21;;;9994;13;9998;23;;;9993.0;0.0
crash_normal_s2;2900;INTARIAN_PEPPER_ROOT;10988;26;10984;35;;;11002;9;11006;18;;;10995.0;0.0
crash_normal_s2;2900;ASH_COATED_OSMIUM;9986;22;9982;25;;;10002;8;10005;14;;;9994.0;0.0
crash_normal_s2;3000;INTARIAN_PEPPER_ROOT;10989;21;10987;21;;;10999;18;11002;11;;;10994.0;0.0
crash_normal_s2;3000;ASH_COATED_OSMIUM;9972;12;9968;18;;;10018;5;10020;19;;;9995.0;0.0
crash_normal_s2;3100;INTARIAN_PEPPER_ROOT;10996;12;10993;12;;;11002;16;11004;26;;;10999.0;0.0
crash_normal_s2;3100;ASH_COATED_OSMIUM;9973;17;9969;22;;;10019;14;10023;8;;;9996.0;0.0
crash_normal_s2;3200;INTARIAN_PEPPER_ROOT;10990;5;10988;23;;;11002;11;11004;22;;;10996.0;0.0
crash_normal_s2;3200;ASH_COATED_OSMIUM;9995;18;9991;15;;;9999;11;10001;22;;;9997.0;0.0
crash_normal_s2;3300;INTARIAN_PEPPER_ROOT;10994;9;10990;21;;;10998;10;11001;20;;;10996.0;0.0
crash_normal_s2;3300;ASH_COATED_OSMIUM;10003;6;10000;21;;;10005;16;10007;21;;;10004.0;0.0
crash_normal_s2;3400;INTARIAN_PEPPER_ROOT;10995;5;10993;17;;;10999;21;11001;21;;;10997.0;0.0
crash_normal_s2;3400;ASH_COATED_OSMIUM;9979;11;9977;19;;;10019;7;10022;24;;;9999.0;0.0
crash_normal_s2;3500;INTARIAN_PEPPER_ROOT;10986;20;10983;20;;;11014;22;11017;22;;;11000.0;0.0
crash_normal_s2;3500;ASH_COATED_OSMIUM;9997;19;9993;14;;;9999;13;10003;9;;;9998.0;0.0
crash_normal_s2;3600;INTARIAN_PEPPER_ROOT;10997;16;10993;30;;;11007;19;11010;20;;;11002.0;0.0
crash_normal_s2;3600;ASH_COATED_OSMIUM;9992;11;9988;28;;;10006;11;10009;20;;;9999.0;0.0
crash_normal_s2;3700;INTARIAN_PEPPER_ROOT;11000;9;10996;22;;;11002;11;11005;24;;;11001.0;0.0
crash_normal_s2;3700;ASH_COATED_OSMIUM;9979;5;9976;18;;;10013;15;10017;16;;;9996.0;0.0
crash_normal_s2;3800;INTARIAN_PEPPER_ROOT;10966;18;10962;15;;;11036;9;11038;15;;;11001.0;0.0
crash_normal_s2;3800;ASH_COATED_OSMIUM;9995;8;9992;26;;;9997;14;9999;15;;;9996.0;0.0
crash_normal_s2;3900;INTARIAN_PEPPER_ROOT;11002;8;11000;34;;;11004;18;11008;19;;;11003.0;0.0
crash_normal_s2;3900;ASH_COATED_OSMIUM;9991;19;9989;16;;;10009;16;10013;14;;;10000.0;0.0
crash_normal_s2;4000;INTARIAN_PEPPER_ROOT;11001;11;10999;21;;;11003;10;11005;21;;;11002.0;0.0
crash_normal_s2;4000;ASH_COATED_OSMIUM;9998;18;9995;21;;;10004;12;10006;18;;;10001.0;0.0
crash_normal_s2;4100;INTARIAN_PEPPER_ROOT;10995;9;10991;21;;;11015;8;11017;27;;;11005.0;0.0
crash_normal_s2;4100;ASH_COATED_OSMIUM;9990;19;9988;20;;;10000;20;10003;21;;;9995.0;0.0
crash_normal_s2;4200;INTARIAN_PEPPER_ROOT;11000;19;10996;20;;;11004;8;11007;17;;;11002.0;0.0
crash_normal_s2;4200;ASH_COATED_OSMIUM;9995;17;9993;21;;;9997;9;9999;23;;;9996.0;0.0
crash_normal_s2;4300;INTARIAN_PEPPER_ROOT;10998;21;10996;22;;;11014;17;11016;17;;;11006.0;0.0
crash_normal_s2;4300;ASH_COATED_OSMIUM;9990;12;9987;15;;;9996;13;9999;22;;;9993.0;0.0
crash_normal_s2;4400;INTARIAN_PEPPER_ROOT;10992;9;10988;28;;;11026;19;11029;22;;;11009.0;0.0
crash_normal_s2;4400;ASH_COATED_OSMIUM;9975;18;9971;15;;;10013;14;10017;22;;;9994.0;0.0
crash_normal_s2;4500;INTARIAN_PEPPER_ROOT;10994;8;10991;18;;;11024;16;11026;22;;;11009.0;0.0
crash_normal_s2;4500;ASH_COATED_OSMIUM;9985;15;9981;19;;;10005;20;10007;25;;;9995.0;0.0
crash_normal_s2;4600;INTARIAN_PEPPER_ROOT;10997;19;10995;13;;;11025;15;11027;15;;;11011.0;0.0
crash_normal_s2;4600;ASH_COATED_OSMIUM;9993;14;9990;21;;;9995;11;9997;23;;;9994.0;0.0
crash_normal_s2;4700;INTARIAN_PEPPER_ROOT;11010;21;11007;21;;;11012;14;11015;23;;;11011.0;0.0
crash_normal_s2;4700;ASH_COATED_OSMIUM;9973;13;9971;25;;;10023;16;10027;18;;;9998.0;0.0
crash_normal_s2;4800;INTARIAN_PEPPER_ROOT;11005;22;11002;18;;;11015;15;11017;26;;;11010.0;0.0
crash_normal_s2;4800;ASH_COATED_OSMIUM;9994;5;9991;18;;;9998;7;10002;8;;;9996.0;0.0
crash_normal_s2;4900;INTARIAN_PEPPER_ROOT;10990;19;10988;23;;;11032;9;11036;11;;;11011.0;0.0
crash_normal_s2;4900;ASH_COATED_OSMIUM;9989;14;9987;21;;;10007;18;10009;25;;;9998.0;0.0
crash_normal_s2;5000;INTARIAN_PEPPER_ROOT;11007;16;11005;18;;;11019;11;11022;18;;;11013.0;0.0
crash_normal_s2;5000;ASH_COATED_OSMIUM;9999;18;9996;23;;;10003;15;10005;22;;;10001.0;0.0
crash_normal_s2;5100;INTARIAN_PEPPER_ROOT;11003;25;11000;18;;;11023;16;11026;19;;;11013.0;0.0
crash_normal_s2;5100;ASH_COATED_OSMIUM;9987;10;9984;13;;;10019;21;10022;20;;;10003.0;0.0
crash_normal_s2;5200;INTARIAN_PEPPER_ROOT;11011;7;11007;20;;;11015;13;11019;12;;;11013.0;0.0
crash_normal_s2;5200;ASH_COATED_OSMIUM;9985;5;9981;13;;;10019;12;10021;16;;;10002.0;0.0
crash_normal_s2;5300;INTARIAN_PEPPER_ROOT;11013;17;11010;26;;;11015;18;11017;16;;;11014.0;0.0
crash_normal_s2;5300;ASH_COATED_OSMIUM;10003;7;10000;27;;;10005;11;10007;16;;;10004.0;0.0
crash_normal_s2;5400;INTARIAN_PEPPER_ROOT;11008;10;11004;21;;;11022;10;11026;30;;;11015.0;0.0
crash_normal_s2;5400;ASH_COATED_OSMIUM;10005;7;10001;28;;;10011;23;10013;16;;;10008.0;0.0
crash_normal_s2;5500;INTARIAN_PEPPER_ROOT;11013;16;11010;31;;;11021;22;11023;25;;;11017.0;0.0
crash_normal_s2;5500;ASH_COATED_OSMIUM;10006;13;10002;13;;;10008;14;10010;23;;;10007.0;0.0
crash_normal_s2;5600;INTARIAN_PEPPER_ROOT;11006;16;11004;17;;;11028;16;11031;21;;;11017.0;0.0
crash_normal_s2;5600;ASH_COATED_OSMIUM;10002;14;10000;24;;;10018;11;10021;20;;;10010.0;0.0
crash_normal_s2;5700;INTARIAN_PEPPER_ROOT;10975;15;10972;18;;;11061;22;11065;23;;;11018.0;0.0
crash_normal_s2;5700;ASH_COATED_OSMIUM;10009;11;10005;21;;;10011;5;10015;12;;;10010.0;0.0
crash_normal_s2;5800;INTARIAN_PEPPER_ROOT;11015;18;11011;20;;;11023;8;11027;16;;;11019.0;0.0
crash_normal_s2;5800;ASH_COATED_OSMIUM;10007;6;10003;20;;;10017;9;10019;19;;;10012.0;0.0
crash_normal_s2;5900;INTARIAN_PEPPER_ROOT;11000;9;10996;8;;;11032;19;11034;12;;;11016.0;0.0
crash_normal_s2;5900;ASH_COATED_OSMIUM;9996;9;9992;20;;;10018;25;10020;20;;;10007.0;0.0
crash_normal_s2;6000;INTARIAN_PEPPER_ROOT;11013;23;11010;29;;;11019;15;11022;12;;;11016.0;0.0
crash_normal_s2;6000;ASH_COATED_OSMIUM;9989;13;9986;22;;;10025;12;10028;15;;;10007.0;0.0
crash_normal_s2;6100;INTARIAN_PEPPER_ROOT;11010;9;11008;19;;;11022;11;11026;24;;;11016.0;0.0
crash_normal_s2;6100;ASH_COATED_OSMIUM;10000;14;9998;11;;;10006;5;10010;15;;;10003.0;0.0
crash_normal_s2;6200;INTARIAN_PEPPER_ROOT;11016;17;11014;20;;;11018;13;11020;21;;;11017.0;0.0
crash_normal_s2;6200;ASH_COATED_OSMIUM;9997;12;9994;26;;;10005;13;10009;21;;;10001.0;0.0
crash_normal_s2;6300;INTARIAN_PEPPER_ROOT;11015;21;11011;24;;;11019;12;11021;22;;;11017.0;0.0
crash_normal_s2;6300;ASH_COATED_OSMIUM;10001;29;9998;18;;;10005;7;10008;15;;;10003.0;0.0
crash_normal_s2;6400;INTARIAN_PEPPER_ROOT;11013;11;11009;22;;;11015;9;11019;22;;;11014.0;0.0
crash_normal_s2;6400;ASH_COATED_OSMIUM;9983;11;9981;16;;;10023;9;10027;19;;;10003.0;0.0
crash_normal_s2;6500;INTARIAN_PEPPER_ROOT;11007;20;11005;19;;;11023;16;11026;13;;;11015.0;0.0
crash_normal_s2;6500;ASH_COATED_OSMIUM;9988;12;9984;13;;;10022;12;10026;23;;;10005.0;0.0
crash_normal_s2;6600;INTARIAN_PEPPER_ROOT;11012;16;11009;18;;;11016;25;11020;22;;;11014.0;0.0
crash_normal_s2;6600;ASH_COATED_OSMIUM;9996;17;9993;19;;;10012;12;10016;27;;;10004.0;0.0
crash_normal_s2;6700;INTARIAN_PEPPER_ROOT;11001;12;10999;24;;;11023;15;11026;12;;;11012.0;0.0
crash_normal_s2;6700;ASH_COATED_OSMIUM;9997;13;9993;18;;;9999;7;10001;19;;;9998.0;0.0
crash_normal_s2;6800;INTARIAN_PEPPER_ROOT;11005;17;11002;14;;;11021;18;11023;22;;;11013.0;0.0
crash_normal_s2;6800;ASH_COATED_OSMIUM;9998;15;9996;20;;;10000;11;10003;26;;;9999.0;0.0
crash_normal_s2;6900;INTARIAN_PEPPER_ROOT;11014;14;11012;22;;;11016;20;11019;22;;;11015.0;0.0
crash_normal_s2;6900;ASH_COATED_OSMIUM;9988;8;9984;12;;;10012;14;10015;19;;;10000.0;0.0
crash_normal_s2;7000;INTARIAN_PEPPER_ROOT;11007;21;11003;16;;;11021;22;11024;19;;;11014.0;0.0
crash_normal_s2;7000;ASH_COATED_OSMIUM;10000;22;9998;21;;;10006;11;10008;20;;;10003.0;0.0
crash_normal_s2;7100;INTARIAN_PEPPER_ROOT;11014;5;11012;14;;;11018;20;11021;13;;;11016.0;0.0
crash_normal_s2;7100;ASH_COATED_OSMIUM;9989;11;9986;11;;;10009;16;10012;28;;;9999.0;0.0
crash_normal_s2;7200;INTARIAN_PEPPER_ROOT;11015;11;11012;16;;;11017;15;11021;13;;;11016.0;0.0
crash_normal_s2;7200;ASH_COATED_OSMIUM;9994;5;9992;18;;;10004;17;10008;14;;;9999.0;0.0
crash_normal_s2;7300;INTARIAN_PEPPER_ROOT;11012;21;11009;22;;;11020;13;11023;26;;;11016.0;0.0
crash_normal_s2;7300;ASH_COATED_OSMIUM;9990;14;9988;18;;;10010;12;10012;25;;;10000.0;0.0
crash_normal_s2;7400;INTARIAN_PEPPER_ROOT;11006;9;11004;20;;;11024;22;11028;15;;;11015.0;0.0
crash_normal_s2;7400;ASH_COATED_OSMIUM;9989;22;9985;24;;;10013;20;10015;28;;;10001.0;0.0
crash_normal_s2;7500;INTARIAN_PEPPER_ROOT;11016;15;11013;26;;;11022;11;11024;11;;;11019.0;0.0
crash_normal_s2;7500;ASH_COATED_OSMIUM;9999;17;9995;27;;;10001;8;10003;22;;;10000.0;0.0
crash_normal_s2;7600;INTARIAN_PEPPER_ROOT;11012;25;11009;15;;;11016;9;11018;16;;;11014.0;0.0
crash_normal_s2;7600;ASH_COATED_OSMIUM;9998;7;9994;9;;;10000;16;10002;23;;;9999.0;0.0
crash_normal_s2;7700;INTARIAN_PEPPER_ROOT;11010;17;11006;14;;;11018;10;11022;25;;;11014.0;0.0
crash_normal_s2;7700;ASH_COATED_OSMIUM;9995;10;9993;22;;;9999;9;10001;17;;;9997.0;0.0
crash_normal_s2;7800;INTARIAN_PEPPER_ROOT;11010;19;11006;24;;;11022;8;11025;25;;;11016.0;0.0
crash_normal_s2;7800;ASH_COATED_OSMIUM;9986;13;9982;21;;;10008;8;10010;12;;;9997.0;0.0
crash_normal_s2;7900;INTARIAN_PEPPER_ROOT;11011;11;11007;11;;;11015;21;11019;27;;;11013.0;0.0
crash_normal_s2;7900;ASH_COATED_OSMIUM;9994;10;9991;23;;;10008;18;10012;12;;;10001.0;0.0
crash_normal_s2;8000;INTARIAN_PEPPER_ROOT;11007;12;11004;18;;;11019;16;11023;23;;;11013.0;0.0
crash_normal_s2;8000;ASH_COATED_OSMIUM;9994;13;9991;17;;;10016;5;10020;19;;;10005.0;0.0
crash_normal_s2;8100;INTARIAN_PEPPER_ROOT;11012;12;11010;15;;;11014;12;11018;26;;;11013.0;0.0
crash_normal_s2;8100;ASH_COATED_OSMIUM;9999;12;9996;12;;;10003;8;10005;24;;;10001.0;0.0
crash_normal_s2;8200;INTARIAN_PEPPER_ROOT;11013;13;11009;26;;;11019;22;11021;18;;;11016.0;0.0
crash_normal_s2;8200;ASH_COATED_OSMIUM;9993;9;9990;27;;;10011;16;10015;19;;;10002.0;0.0
crash_normal_s2;8300;INTARIAN_PEPPER_ROOT;11018;11;11015;14;;;11020;19;11022;20;;;11019.0;0.0
crash_normal_s2;8300;ASH_COATED_OSMIUM;9998;8;9996;20;;;10014;9;10016;21;;;10006.0;0.0
crash_normal_s2;8400;INTARIAN_PEPPER_ROOT;11001;12;10998;16;;;11035;14;11037;21;;;11018.0;0.0
crash_normal_s2;8400;ASH_COATED_OSMIUM;10005;11;10001;25;;;10011;15;10014;14;;;10008.0;0.0
crash_normal_s2;8500;INTARIAN_PEPPER_ROOT;11015;13;11011;18;;;11017;14;11019;20;;;11016.0;0.0
crash_normal_s2;8500;ASH_COATED_OSMIUM;10007;13;10005;21;;;10009;9;10013;14;;;10008.0;0.0
crash_normal_s2;8600;INTARIAN_PEPPER_ROOT;11017;5;11014;30;;;11021;15;11024;15;;;11019.0;0.0
crash_normal_s2;8600;ASH_COATED_OSMIUM;10002;19;10000;9;;;10012;7;10014;22;;;10007.0;0.0
crash_normal_s2;8700;INTARIAN_PEPPER_ROOT;11018;6;11014;26;;;11026;12;11030;12;;;11022.0;0.0
crash_normal_s2;8700;ASH_COATED_OSMIUM;10006;6;10003;14;;;10016;10;10018;22;;;10011.0;0.0
crash_normal_s2;8800;INTARIAN_PEPPER_ROOT;11019;21;11016;22;;;11025;14;11029;13;;;11022.0;0.0
crash_normal_s2;8800;ASH_COATED_OSMIUM;10005;24;10001;19;;;10019;5;10021;26;;;10012.0;0.0
crash_normal_s2;8900;INTARIAN_PEPPER_ROOT;11022;20;11020;18;;;11024;11;11026;30;;;11023.0;0.0
crash_normal_s2;8900;ASH_COATED_OSMIUM;10007;16;10003;30;;;10013;12;10015;24;;;10010.0;0.0
crash_normal_s2;9000;INTARIAN_PEPPER_ROOT;11023;12;11021;21;;;11025;12;11029;12;;;11024.0;0.0
crash_normal_s2;9000;ASH_COATED_OSMIUM;10007;7;10003;18;;;10009;16;10011;20;;;10008.0;0.0
crash_normal_s2;9100;INTARIAN_PEPPER_ROOT;11025;19;11023;24;;;11027;14;11030;17;;;11026.0;0.0
crash_normal_s2;9100;ASH_COATED_OSMIUM;10003;13;10001;14;;;10007;18;10010;15;;;10005.0;0.0
crash_normal_s2;9200;INTARIAN_PEPPER_ROOT;11011;17;11008;22;;;11043;10;11046;21;;;11027.0;0.0
crash_normal_s2;9200;ASH_COATED_OSMIUM;9982;7;9978;18;;;10024;14;10026;22;;;10003.0;0.0
crash_normal_s2;9300;INTARIAN_PEPPER_ROOT;11025;14;11023;16;;;11035;17;11039;28;;;11030.0;0.0
crash_normal_s2;9300;ASH_COATED_OSMIUM;10001;5;9998;24;;;10007;17;10009;13;;;10004.0;0.0
crash_normal_s2;9400;INTARIAN_PEPPER_ROOT;11021;12;11019;24;;;11033;13;11037;25;;;11027.0;0.0
crash_normal_s2;9400;ASH_COATED_OSMIUM;9997;11;9994;15;;;10013;16;10015;18;;;10005.0;0.0
crash_normal_s2;9500;INTARIAN_PEPPER_ROOT;11027;16;11024;22;;;11033;20;11036;17;;;11030.0;0.0
crash_normal_s2;9500;ASH_COATED_OSMIUM;10005;16;10001;17;;;10011;17;10015;22;;;10008.0;0.0
crash_normal_s2;9600;INTARIAN_PEPPER_ROOT;11030;19;11026;11;;;11032;8;11034;26;;;11031.0;0.0
crash_normal_s2;9600;ASH_COATED_OSMIUM;10007;14;10004;26;;;10009;9;10013;14;;;10008.0;0.0
crash_normal_s2;9700;INTARIAN_PEPPER_ROOT;10987;17;10984;17;;;11077;10;11081;25;;;11032.0;0.0
crash_normal_s2;9700;ASH_COATED_OSMIUM;9999;16;9995;22;;;10001;8;10005;18;;;10000.0;0.0
crash_normal_s2;9800;INTARIAN_PEPPER_ROOT;11033;14;11031;22;;;11035;18;11037;17;;;11034.0;0.0
crash_normal_s2;9800;ASH_COATED_OSMIUM;10001;13;9998;14;;;10009;13;10011;24;;;10005.0;0.0
crash_normal_s2;9900;INTARIAN_PEPPER_ROOT;11028;18;11026;28;;;11032;16;11034;10;;;11030.0;0.0
crash_normal_s2;9900;ASH_COATED_OSMIUM;10002;19;9998;22;;;10004;8;10008;17;;;10003.0;0.0
crash_normal_s2;10000;INTARIAN_PEPPER_ROOT;11016;12;11013;20;;;11048;13;11050;24;;;11032.0;0.0
crash_normal_s2;10000;ASH_COATED_OSMIUM;10000;27;9997;13;;;10006;10;10008;22;;;10003.0;0.0
crash_normal_s2;10100;INTARIAN_PEPPER_ROOT;11025;14;11021;20;;;11043;7;11047;28;;;11034.0;0.0
crash_normal_s2;10100;ASH_COATED_OSMIUM;9996;5;9993;12;;;10010;17;10014;21;;;10003.0;0.0
crash_normal_s2;10200;INTARIAN_PEPPER_ROOT;11030;13;11026;22;;;11034;15;11038;14;;;11032.0;0.0
crash_normal_s2;10200;ASH_COATED_OSMIUM;10004;23;10001;21;;;10014;14;10017;15;;;10009.0;0.0
crash_normal_s2;10300;INTARIAN_PEPPER_ROOT;11032;10;11029;31;;;11034;22;11038;12;;;11033.0;0.0
crash_normal_s2;10300;ASH_COATED_OSMIUM;10002;20;10000;13;;;10022;5;10024;21;;;10012.0;0.0
crash_normal_s2;10400;INTARIAN_PEPPER_ROOT;11030;12;11027;20;;;11038;18;11041;22;;;11034.0;0.0
crash_normal_s2;10400;ASH_COATED_OSMIUM;10000;13;9998;25;;;10028;15;10032;25;;;10014.0;0.0
crash_normal_s2;10500;INTARIAN_PEPPER_ROOT;11033;22;11031;22;;;11045;15;11049;8;;;11039.0;0.0
crash_normal_s2;10500;ASH_COATED_OSMIUM;10005;9;10002;24;;;10017;5;10021;21;;;10011.0;0.0
crash_normal_s2;10600;INTARIAN_PEPPER_ROOT;11043;12;11040;19;;;11045;17;11049;25;;;11044.0;0.0
crash_normal_s2;10600;ASH_COATED_OSMIUM;10000;9;9998;18;;;10016;14;10018;8;;;10008.0;0.0
crash_normal_s2;10700;INTARIAN_PEPPER_ROOT;11044;15;11041;12;;;11046;8;11049;16;;;11045.0;0.0
crash_normal_s2;10700;ASH_COATED_OSMIUM;9983;12;9980;16;;;10023;15;10027;22;;;10003.0;0.0
crash_normal_s2;10800;INTARIAN_PEPPER_ROOT;11040;15;11037;11;;;11048;17;11050;15;;;11044.0;0.0
crash_normal_s2;10800;ASH_COATED_OSMIUM;9998;23;9994;16;;;10002;9;10006;21;;;10000.0;0.0
crash_normal_s2;10900;INTARIAN_PEPPER_ROOT;11040;20;11036;23;;;11046;14;11050;14;;;11043.0;0.0
crash_normal_s2;10900;ASH_COATED_OSMIUM;9997;14;9995;14;;;10003;13;10006;15;;;10000.0;0.0
crash_normal_s2;11000;INTARIAN_PEPPER_ROOT;11029;18;11026;21;;;11057;20;11059;20;;;11043.0;0.0
crash_normal_s2;11000;ASH_COATED_OSMIUM;9960;9;9958;14;;;10046;5;10049;20;;;10003.0;0.0
crash_normal_s2;11100;INTARIAN_PEPPER_ROOT;11034;13;11032;18;;;11050;7;11053;26;;;11042.0;0.0
crash_normal_s2;11100;ASH_COATED_OSMIUM;9984;13;9980;9;;;10016;7;10020;21;;;10000.0;0.0
crash_normal_s2;11200;INTARIAN_PEPPER_ROOT;11034;12;11030;22;;;11048;17;11051;23;;;11041.0;0.0
crash_normal_s2;11200;ASH_COATED_OSMIUM;10000;8;9996;20;;;10010;5;10013;29;;;10005.0;0.0
crash_normal_s2;11300;INTARIAN_PEPPER_ROOT;11036;11;11034;30;;;11044;6;11047;26;;;11040.0;0.0
crash_normal_s2;11300;ASH_COATED_OSMIUM;10005;6;10001;24;;;10007;13;10009;19;;;10006.0;0.0
crash_normal_s2;11400;INTARIAN_PEPPER_ROOT;11040;13;11036;19;;;11042;17;11044;17;;;11041.0;0.0
crash_normal_s2;11400;ASH_COATED_OSMIUM;10006;10;10003;23;;;10008;11;10010;15;;;10007.0;0.0
crash_normal_s2;11500;INTARIAN_PEPPER_ROOT;11028;17;11024;21;;;11052;15;11056;25;;;11040.0;0.0
crash_normal_s2;11500;ASH_COATED_OSMIUM;10002;20;9998;24;;;10018;12;10020;12;;;10010.0;0.0
crash_normal_s2;11600;INTARIAN_PEPPER_ROOT;11015;9;11011;22;;;11063;17;11067;16;;;11039.0;0.0
crash_normal_s2;11600;ASH_COATED_OSMIUM;9998;15;9995;16;;;10026;5;10029;19;;;10012.0;0.0
crash_normal_s2;11700;INTARIAN_PEPPER_ROOT;11020;8;11017;25;;;11056;9;11059;19;;;11038.0;0.0
crash_normal_s2;11700;ASH_COATED_OSMIUM;10012;11;10008;28;;;10022;21;10025;23;;;10017.0;0.0
crash_normal_s2;11800;INTARIAN_PEPPER_ROOT;11036;24;11033;19;;;11050;14;11053;18;;;11043.0;0.0
crash_normal_s2;11800;ASH_COATED_OSMIUM;10007;8;10004;24;;;10021;12;10023;11;;;10014.0;0.0
crash_normal_s2;11900;INTARIAN_PEPPER_ROOT;11031;16;11028;18;;;11049;12;11052;22;;;11040.0;0.0
crash_normal_s2;11900;ASH_COATED_OSMIUM;10011;17;10009;19;;;10021;6;10023;16;;;10016.0;0.0
crash_normal_s2;12000;INTARIAN_PEPPER_ROOT;11038;12;11036;35;;;11040;10;11044;21;;;11039.0;0.0
crash_normal_s2;12000;ASH_COATED_OSMIUM;10012;14;10010;19;;;10020;9;10022;24;;;10016.0;0.0
crash_normal_s2;12100;INTARIAN_PEPPER_ROOT;11040;18;11038;23;;;11042;16;11046;22;;;11041.0;0.0
crash_normal_s2;12100;ASH_COATED_OSMIUM;10014;10;10011;24;;;10016;16;10020;21;;;10015.0;0.0
crash_normal_s2;12200;INTARIAN_PEPPER_ROOT;11034;5;11032;26;;;11048;5;11052;18;;;11041.0;0.0
crash_normal_s2;12200;ASH_COATED_OSMIUM;10017;16;10015;13;;;10019;12;10023;20;;;10018.0;0.0
crash_normal_s2;12300;INTARIAN_PEPPER_ROOT;11040;19;11038;26;;;11042;13;11045;22;;;11041.0;0.0
crash_normal_s2;12300;ASH_COATED_OSMIUM;10011;14;10009;16;;;10015;10;10019;24;;;10013.0;0.0
crash_normal_s2;12400;INTARIAN_PEPPER_ROOT;11042;18;11039;26;;;11046;13;11048;19;;;11044.0;0.0
crash_normal_s2;12400;ASH_COATED_OSMIUM;10006;6;10004;20;;;10018;5;10021;23;;;10012.0;0.0
crash_normal_s2;12500;INTARIAN_PEPPER_ROOT;11046;7;11043;21;;;11048;7;11050;27;;;11047.0;0.0
crash_normal_s2;12500;ASH_COATED_OSMIUM;9995;14;9993;27;;;10027;8;10031;23;;;10011.0;0.0
crash_normal_s2;12600;INTARIAN_PEPPER_ROOT;11034;12;11032;12;;;11064;19;11067;22;;;11049.0;0.0
crash_normal_s2;12600;ASH_COATED_OSMIUM;9987;14;9983;17;;;10035;6;10038;25;;;10011.0;0.0
crash_normal_s2;12700;INTARIAN_PEPPER_ROOT;11044;11;11042;22;;;11052;5;11056;18;;;11048.0;0.0
crash_normal_s2;12700;ASH_COATED_OSMIUM;10005;5;10002;34;;;10011;19;10013;22;;;10008.0;0.0
crash_normal_s2;12800;INTARIAN_PEPPER_ROOT;11043;12;11039;14;;;11057;21;11061;20;;;11050.0;0.0
crash_normal_s2;12800;ASH_COATED_OSMIUM;10012;13;10009;14;;;10014;15;10018;25;;;10013.0;0.0
crash_normal_s2;12900;INTARIAN_PEPPER_ROOT;11043;11;11039;21;;;11053;18;11057;20;;;11048.0;0.0
crash_normal_s2;12900;ASH_COATED_OSMIUM;10008;12;10006;31;;;10016;17;10018;21;;;10012.0;0.0
crash_normal_s2;13000;INTARIAN_PEPPER_ROOT;11030;14;11026;22;;;11064;14;11068;18;;;11047.0;0.0
crash_normal_s2;13000;ASH_COATED_OSMIUM;10009;5;10006;22;;;10011;5;10013;20;;;10010.0;0.0
crash_normal_s2;13100;INTARIAN_PEPPER_ROOT;11046;14;11044;22;;;11048;23;11051;8;;;11047.0;0.0
crash_normal_s2;13100;ASH_COATED_OSMIUM;10009;12;10007;11;;;10021;15;10023;15;;;10015.0;0.0
crash_normal_s2;13200;INTARIAN_PEPPER_ROOT;11041;15;11039;20;;;11051;17;11054;21;;;11046.0;0.0
crash_normal_s2;13200;ASH_COATED_OSMIUM;10008;11;10004;24;;;10012;5;10016;17;;;10010.0;0.0
crash_normal_s2;13300;INTARIAN_PEPPER_ROOT;11044;19;11040;12;;;11050;18;11052;23;;;11047.0;0.0
crash_normal_s2;13300;ASH_COATED_OSMIUM;10000;13;9996;18;;;10002;11;10005;16;;;10001.0;0.0
crash_normal_s2;13400;INTARIAN_PEPPER_ROOT;11041;17;11039;27;;;11053;19;11057;22;;;11047.0;0.0
crash_normal_s2;13400;ASH_COATED_OSMIUM;10003;11;10001;19;;;10005;10;10009;18;;;10004.0;0.0
crash_normal_s2;13500;INTARIAN_PEPPER_ROOT;11037;16;11035;8;;;11061;10;11065;13;;;11049.0;0.0
crash_normal_s2;13500;ASH_COATED_OSMIUM;9997;19;9994;17;;;10003;8;10005;12;;;10000.0;0.0
crash_normal_s2;13600;INTARIAN_PEPPER_ROOT;11046;17;11042;11;;;11048;5;11051;21;;;11047.0;0.0
crash_normal_s2;13600;ASH_COATED_OSMIUM;9972;14;9970;13;;;10026;13;10028;25;;;9999.0;0.0
crash_normal_s2;13700;INTARIAN_PEPPER_ROOT;11046;11;11044;17;;;11052;19;11055;20;;;11049.0;0.0
crash_normal_s2;13700;ASH_COATED_OSMIUM;9994;18;9992;20;;;10004;8;10006;22;;;9999.0;0.0
crash_normal_s2;13800;INTARIAN_PEPPER_ROOT;11049;5;11046;21;;;11053;18;11057;26;;;11051.0;0.0
crash_normal_s2;13800;ASH_COATED_OSMIUM;9989;17;9986;27;;;10005;7;10008;18;;;9997.0;0.0
crash_normal_s2;13900;INTARIAN_PEPPER_ROOT;11044;10;11040;25;;;11062;22;11065;21;;;11053.0;0.0
crash_normal_s2;13900;ASH_COATED_OSMIUM;9995;8;9992;25;;;10001;14;10005;12;;;9998.0;0.0
crash_normal_s2;14000;INTARIAN_PEPPER_ROOT;11048;18;11046;20;;;11050;9;11053;21;;;11049.0;0.0
crash_normal_s2;14000;ASH_COATED_OSMIUM;9974;14;9970;12;;;10024;6;10027;8;;;9999.0;0.0
crash_normal_s2;14100;INTARIAN_PEPPER_ROOT;11038;17;11034;21;;;11062;19;11065;10;;;11050.0;0.0
crash_normal_s2;14100;ASH_COATED_OSMIUM;10000;10;9998;15;;;10002;16;10006;16;;;10001.0;0.0
crash_normal_s2;14200;INTARIAN_PEPPER_ROOT;11046;19;11042;17;;;11048;13;11051;29;;;11047.0;0.0
crash_normal_s2;14200;ASH_COATED_OSMIUM;9983;14;9981;18;;;10011;15;10013;21;;;9997.0;0.0
crash_normal_s2;14300;INTARIAN_PEPPER_ROOT;11040;16;11036;19;;;11046;7;11048;16;;;11043.0;0.0
crash_normal_s2;14300;ASH_COATED_OSMIUM;9994;11;9992;8;;;10010;21;10013;13;;;10002.0;0.0
crash_normal_s2;14400;INTARIAN_PEPPER_ROOT;11039;13;11037;25;;;11061;18;11065;10;;;11050.0;0.0
crash_normal_s2;14400;ASH_COATED_OSMIUM;10005;8;10001;25;;;10007;13;10009;16;;;10006.0;0.0
crash_normal_s2;14500;INTARIAN_PEPPER_ROOT;11049;15;11045;17;;;11055;11;11059;14;;;11052.0;0.0
crash_normal_s2;14500;ASH_COATED_OSMIUM;9996;14;9993;21;;;10008;14;10012;30;;;10002.0;0.0
crash_normal_s2;14600;INTARIAN_PEPPER_ROOT;11050;16;11046;24;;;11064;15;11066;17;;;11057.0;0.0
crash_normal_s2;14600;ASH_COATED_OSMIUM;10007;8;10004;20;;;10009;15;10013;21;;;10008.0;0.0
crash_normal_s2;14700;INTARIAN_PEPPER_ROOT;11049;15;11047;20;;;11065;8;11068;20;;;11057.0;0.0
crash_normal_s2;14700;ASH_COATED_OSMIUM;10003;8;10001;21;;;10017;17;10021;21;;;10010.0;0.0
crash_normal_s2;14800;INTARIAN_PEPPER_ROOT;11049;14;11045;18;;;11069;16;11072;19;;;11059.0;0.0
crash_normal_s2;14800;ASH_COATED_OSMIUM;10003;8;10001;25;;;10013;13;10016;10;;;10008.0;0.0
crash_normal_s2;14900;INTARIAN_PEPPER_ROOT;11059;16;11056;20;;;11061;16;11063;26;;;11060.0;0.0
crash_normal_s2;14900;ASH_COATED_OSMIUM;9998;10;9995;16;;;10020;13;10023;18;;;10009.0;0.0
crash_normal_s2;15000;INTARIAN_PEPPER_ROOT;11060;13;11057;18;;;11064;18;11068;22;;;11062.0;0.0
crash_normal_s2;15000;ASH_COATED_OSMIUM;10002;12;9998;18;;;10008;5;10012;18;;;10005.0;0.0
crash_normal_s2;15100;INTARIAN_PEPPER_ROOT;11061;7;11059;14;;;11065;18;11068;18;;;11063.0;0.0
crash_normal_s2;15100;ASH_COATED_OSMIUM;9997;13;9995;29;;;10019;9;10023;17;;;10008.0;0.0
crash_normal_s2;15200;INTARIAN_PEPPER_ROOT;11032;21;11028;21;;;11092;13;11095;8;;;11062.0;0.0
crash_normal_s2;15200;ASH_COATED_OSMIUM;10007;21;10003;17;;;10009;15;10013;17;;;10008.0;0.0
crash_normal_s2;15300;INTARIAN_PEPPER_ROOT;11058;18;11054;26;;;11060;11;11064;15;;;11059.0;0.0
crash_normal_s2;15300;ASH_COATED_OSMIUM;10000;9;9997;25;;;10016;13;10018;19;;;10008.0;0.0
crash_normal_s2;15400;INTARIAN_PEPPER_ROOT;11050;15;11046;17;;;11072;5;11076;11;;;11061.0;0.0
crash_normal_s2;15400;ASH_COATED_OSMIUM;9987;6;9984;20;;;10021;25;10025;15;;;10004.0;0.0
crash_normal_s2;15500;INTARIAN_PEPPER_ROOT;11061;15;11058;12;;;11063;13;11065;19;;;11062.0;0.0
crash_normal_s2;15500;ASH_COATED_OSMIUM;9986;23;9983;21;;;10014;8;10018;16;;;10000.0;0.0
crash_normal_s2;15600;INTARIAN_PEPPER_ROOT;11063;16;11059;16;;;11067;22;11071;14;;;11065.0;0.0
crash_normal_s2;15600;ASH_COATED_OSMIUM;9990;11;9988;14;;;10006;5;10010;21;;;9998.0;0.0
crash_normal_s2;15700;INTARIAN_PEPPER_ROOT;11054;15;11051;20;;;11076;8;11080;11;;;11065.0;0.0
crash_normal_s2;15700;ASH_COATED_OSMIUM;9986;21;9984;23;;;10020;5;10022;16;;;10003.0;0.0
crash_normal_s2;15800;INTARIAN_PEPPER_ROOT;11068;14;11065;29;;;11070;18;11072;23;;;11069.0;0.0
crash_normal_s2;15800;ASH_COATED_OSMIUM;9997;13;9995;17;;;10009;5;10012;28;;;10003.0;0.0
crash_normal_s2;15900;INTARIAN_PEPPER_ROOT;11067;16;11065;21;;;11069;17;11071;19;;;11068.0;0.0
crash_normal_s2;15900;ASH_COATED_OSMIUM;9998;8;9995;12;;;10000;19;10002;16;;;9999.0;0.0
crash_normal_s2;16000;INTARIAN_PEPPER_ROOT;11066;16;11063;24;;;11068;16;11071;22;;;11067.0;0.0
crash_normal_s2;16000;ASH_COATED_OSMIUM;9997;11;9994;19;;;10007;10;10010;14;;;10002.0;0.0
crash_normal_s2;16100;INTARIAN_PEPPER_ROOT;11067;21;11065;16;;;11071;20;11073;16;;;11069.0;0.0
crash_normal_s2;16100;ASH_COATED_OSMIUM;9992;18;9988;20;;;10008;12;10012;18;;;10000.0;0.0
crash_normal_s2;16200;INTARIAN_PEPPER_ROOT;11057;8;11054;21;;;11079;7;11083;23;;;11068.0;0.0
crash_normal_s2;16200;ASH_COATED_OSMIUM;9967;9;9964;23;;;10029;11;10033;21;;;9998.0;0.0
crash_normal_s2;16300;INTARIAN_PEPPER_ROOT;11064;12;11062;24;;;11068;20;11070;11;;;11066.0;0.0
crash_normal_s2;16300;ASH_COATED_OSMIUM;9997;10;9993;27;;;9999;11;10003;19;;;9998.0;0.0
crash_normal_s2;16400;INTARIAN_PEPPER_ROOT;11051;14;11049;22;;;11085;14;11087;24;;;11068.0;0.0
crash_normal_s2;16400;ASH_COATED_OSMIUM;9972;7;9968;24;;;10014;5;10016;28;;;9993.0;0.0
crash_normal_s2;16500;INTARIAN_PEPPER_ROOT;11065;12;11062;10;;;11073;18;11075;11;;;11069.0;0.0
crash_normal_s2;16500;ASH_COATED_OSMIUM;9994;5;9992;24;;;9996;11;9998;21;;;9995.0;0.0
crash_normal_s2;16600;INTARIAN_PEPPER_ROOT;11067;6;11063;18;;;11073;19;11075;19;;;11070.0;0.0
crash_normal_s2;16600;ASH_COATED_OSMIUM;9981;6;9977;24;;;10015;21;10019;17;;;9998.0;0.0
crash_normal_s2;16700;INTARIAN_PEPPER_ROOT;11065;21;11061;25;;;11079;10;11083;24;;;11072.0;0.0
crash_normal_s2;16700;ASH_COATED_OSMIUM;10003;12;9999;21;;;10005;13;10007;17;;;10004.0;0.0
crash_normal_s2;16800;INTARIAN_PEPPER_ROOT;11077;6;11075;21;;;11083;19;11085;21;;;11080.0;0.0
crash_normal_s2;16800;ASH_COATED_OSMIUM;9996;15;9994;14;;;10016;19;10020;28;;;10006.0;0.0
crash_normal_s2;16900;INTARIAN_PEPPER_ROOT;11073;5;11071;22;;;11093;14;11095;14;;;11083.0;0.0
crash_normal_s2;16900;ASH_COATED_OSMIUM;10009;6;10006;21;;;10011;12;10015;19;;;10010.0;0.0
crash_normal_s2;17000;INTARIAN_PEPPER_ROOT;11052;9;11050;20;;;11120;13;11123;21;;;11086.0;0.0
crash_normal_s2;17000;ASH_COATED_OSMIUM;10005;12;10003;12;;;10023;18;10027;22;;;10014.0;0.0
crash_normal_s2;17100;INTARIAN_PEPPER_ROOT;11081;20;11079;34;;;11085;12;11087;16;;;11083.0;0.0
crash_normal_s2;17100;ASH_COATED_OSMIUM;10004;15;10000;18;;;10028;14;10030;11;;;10016.0;0.0
crash_normal_s2;17200;INTARIAN_PEPPER_ROOT;11080;5;11077;24;;;11088;27;11091;25;;;11084.0;0.0
crash_normal_s2;17200;ASH_COATED_OSMIUM;10014;8;10010;22;;;10016;14;10019;15;;;10015.0;0.0
crash_normal_s2;17300;INTARIAN_PEPPER_ROOT;11083;9;11081;22;;;11087;20;11090;9;;;11085.0;0.0
crash_normal_s2;17300;ASH_COATED_OSMIUM;9996;15;9993;21;;;10026;10;10029;18;;;10011.0;0.0
crash_normal_s2;17400;INTARIAN_PEPPER_ROOT;11085;18;11081;20;;;11087;26;11090;18;;;11086.0;0.0
crash_normal_s2;17400;ASH_COATED_OSMIUM;9994;19;9992;27;;;10020;16;10023;15;;;10007.0;0.0
crash_normal_s2;17500;INTARIAN_PEPPER_ROOT;11081;17;11078;25;;;11089;6;11091;11;;;11085.0;0.0
crash_normal_s2;17500;ASH_COATED_OSMIUM;9979;16;9977;17;;;10035;16;10039;26;;;10007.0;0.0
crash_normal_s2;17600;INTARIAN_PEPPER_ROOT;11084;9;11081;15;;;11090;15;11094;24;;;11087.0;0.0
crash_normal_s2;17600;ASH_COATED_OSMIUM;10009;15;10007;19;;;10011;23;10013;17;;;10010.0;0.0
crash_normal_s2;17700;INTARIAN_PEPPER_ROOT;11077;13;11073;20;;;11095;5;11098;10;;;11086.0;0.0
crash_normal_s2;17700;ASH_COATED_OSMIUM;10006;14;10004;15;;;10008;10;10010;19;;;10007.0;0.0
crash_normal_s2;17800;INTARIAN_PEPPER_ROOT;11079;19;11076;20;;;11091;7;11093;17;;;11085.0;0.0
crash_normal_s2;17800;ASH_COATED_OSMIUM;10001;13;9997;20;;;10005;14;10008;22;;;10003.0;0.0
crash_normal_s2;17900;INTARIAN_PEPPER_ROOT;11086;12;11083;23;;;11090;13;11094;26;;;11088.0;0.0
crash_normal_s2;17900;ASH_COATED_OSMIUM;9991;12;9987;22;;;10011;20;10015;21;;;10001.0;0.0
crash_normal_s2;18000;INTARIAN_PEPPER_ROOT;11085;16;11081;15;;;11097;10;11100;19;;;11091.0;0.0
crash_normal_s2;18000;ASH_COATED_OSMIUM;9997;5;9994;15;;;10007;19;10010;21;;;10002.0;0.0
crash_normal_s2;18100;INTARIAN_PEPPER_ROOT;11078;13;11076;19;;;11106;21;11108;22;;;11092.0;0.0
crash_normal_s2;18100;ASH_COATED_OSMIUM;10000;13;9996;14;;;10002;9;10006;18;;;10001.0;0.0
crash_normal_s2;18200;INTARIAN_PEPPER_ROOT;11086;17;11082;21;;;11098;17;11101;9;;;11092.0;0.0
crash_normal_s2;18200;ASH_COATED_OSMIUM;9986;17;9984;10;;;10018;14;10022;18;;;10002.0;0.0
crash_normal_s2;18300;INTARIAN_PEPPER_ROOT;11089;8;11087;19;;;11097;14;11099;18;;;11093.0;0.0
crash_normal_s2;18300;ASH_COATED_OSMIUM;10005;16;10003;25;;;10007;9;10009;27;;;10006.0;0.0
crash_normal_s2;18400;INTARIAN_PEPPER_ROOT;11081;7;11079;11;;;11111;16;11115;20;;;11096.0;0.0
crash_normal_s2;18400;ASH_COATED_OSMIUM;9994;9;9990;25;;;10016;6;10020;24;;;10005.0;0.0
crash_normal_s2;18500;INTARIAN_PEPPER_ROOT;11065;11;11063;30;;;11129;22;11133;14;;;11097.0;0.0
crash_normal_s2;18500;ASH_COATED_OSMIUM;10004;14;10000;22;;;10006;8;10008;28;;;10005.0;0.0
crash_normal_s2;18600;INTARIAN_PEPPER_ROOT;11087;24;11083;17;;;11103;18;11107;21;;;11095.0;0.0
crash_normal_s2;18600;ASH_COATED_OSMIUM;9996;5;9992;14;;;10002;8;10005;14;;;9999.0;0.0
crash_normal_s2;18700;INTARIAN_PEPPER_ROOT;11090;17;11088;26;;;11100;15;11103;29;;;11095.0;0.0
crash_normal_s2;18700;ASH_COATED_OSMIUM;9997;12;9995;18;;;10005;13;10009;26;;;10001.0;0.0
crash_normal_s2;18800;INTARIAN_PEPPER_ROOT;11092;16;11089;18;;;11100;13;11103;20;;;11096.0;0.0
crash_normal_s2;18800;ASH_COATED_OSMIUM;9996;14;9993;20;;;10006;10;10010;27;;;10001.0;0.0
crash_normal_s2;18900;INTARIAN_PEPPER_ROOT;11083;18;11080;15;;;11113;8;11115;26;;;11098.0;0.0
crash_normal_s2;18900;ASH_COATED_OSMIUM;9988;16;9986;26;;;10016;18;10018;19;;;10002.0;0.0
crash_normal_s2;19000;INTARIAN_PEPPER_ROOT;11093;19;11091;24;;;11107;18;11109;27;;;11100.0;0.0
crash_normal_s2;19000;ASH_COATED_OSMIUM;9990;13;9986;17;;;10004;18;10008;19;;;9997.0;0.0
crash_normal_s2;19100;INTARIAN_PEPPER_ROOT;11100;12;11097;26;;;11104;17;11108;12;;;11102.0;0.0
crash_normal_s2;19100;ASH_COATED_OSMIUM;9986;14;9983;15;;;10016;19;10019;14;;;10001.0;0.0
crash_normal_s2;19200;INTARIAN_PEPPER_ROOT;11100;18;11096;25;;;11102;17;11105;17;;;11101.0;0.0
crash_normal_s2;19200;ASH_COATED_OSMIUM;9997;20;9995;24;;;10007;18;10009;19;;;10002.0;0.0
crash_normal_s2;19300;INTARIAN_PEPPER_ROOT;11096;9;11092;20;;;11102;14;11105;21;;;11099.0;0.0
crash_normal_s2;19300;ASH_COATED_OSMIUM;9996;19;9994;20;;;9998;16;10001;15;;;9997.0;0.0
crash_normal_s2;19400;INTARIAN_PEPPER_ROOT;11096;9;11093;23;;;11100;26;11103;29;;;11098.0;0.0
crash_normal_s2;19400;ASH_COATED_OSMIUM;9985;10;9982;23;;;10013;11;10017;11;;;9999.0;0.0
crash_normal_s2;19500;INTARIAN_PEPPER_ROOT;11099;16;11096;21;;;11105;12;11109;23;;;11102.0;0.0
crash_normal_s2;19500;ASH_COATED_OSMIUM;9988;7;9985;16;;;10016;24;10019;18;;;10002.0;0.0
crash_normal_s2;19600;INTARIAN_PEPPER_ROOT;11094;13;11091;17;;;11110;21;11113;18;;;11102.0;0.0
crash_normal_s2;19600;ASH_COATED_OSMIUM;10001;5;9998;15;;;10005;21;10007;17;;;10003.0;0.0
crash_normal_s2;19700;INTARIAN_PEPPER_ROOT;11101;19;11097;22;;;11107;18;11111;18;;;11104.0;0.0
crash_normal_s2;19700;ASH_COATED_OSMIUM;9984;11;9980;23;;;10022;16;10024;28;;;10003.0;0.0
crash_normal_s2;19800;INTARIAN_PEPPER_ROOT;11104;9;11102;22;;;11110;13;11113;19;;;11107.0;0.0
crash_normal_s2;19800;ASH_COATED_OSMIUM;9988;11;9985;23;;;10004;15;10007;21;;;9996.0;0.0
crash_normal_s2;19900;INTARIAN_PEPPER_ROOT;11093;25;11089;23;;;11121;5;11124;12;;;11107.0;0.0
crash_normal_s2;19900;ASH_COATED_OSMIUM;9993;22;9991;25;;;9995;12;9997;22;;;9994.0;0.0
crash_normal_s2;20000;INTARIAN_PEPPER_ROOT;11103;17;11101;21;;;11107;11;11111;24;;;11105.0;0.0
crash_normal_s2;20000;ASH_COATED_OSMIUM;9990;5;9988;20;;;9992;17;9995;26;;;9991.0;0.0
crash_normal_s2;20100;INTARIAN_PEPPER_ROOT;11103;18;11101;18;;;11105;15;11109;13;;;11104.0;0.0
crash_normal_s2;20100;ASH_COATED_OSMIUM;9989;12;9985;18;;;9991;16;9995;15;;;9990.0;0.0
crash_normal_s2;20200;INTARIAN_PEPPER_ROOT;11087;8;11084;13;;;11123;15;11126;15;;;11105.0;0.0
crash_normal_s2;20200;ASH_COATED_OSMIUM;9970;12;9966;17;;;10012;17;10016;20;;;9991.0;0.0
crash_normal_s2;20300;INTARIAN_PEPPER_ROOT;11091;9;11088;16;;;11125;6;11128;19;;;11108.0;0.0
crash_normal_s2;20300;ASH_COATED_OSMIUM;9987;11;9984;16;;;10001;10;10005;12;;;9994.0;0.0
crash_normal_s2;20400;INTARIAN_PEPPER_ROOT;11107;23;11103;25;;;11113;11;11116;17;;;11110.0;0.0
crash_normal_s2;20400;ASH_COATED_OSMIUM;9956;12;9952;24;;;10046;18;10050;24;;;10001.0;0.0
crash_normal_s2;20500;INTARIAN_PEPPER_ROOT;11103;12;11101;13;;;11115;18;11119;22;;;11109.0;0.0
crash_normal_s2;20500;ASH_COATED_OSMIUM;9989;14;9987;22;;;10013;13;10016;24;;;10001.0;0.0
crash_normal_s2;20600;INTARIAN_PEPPER_ROOT;11099;13;11096;18;;;11123;16;11127;19;;;11111.0;0.0
crash_normal_s2;20600;ASH_COATED_OSMIUM;10004;17;10000;17;;;10006;7;10010;19;;;10005.0;0.0
crash_normal_s2;20700;INTARIAN_PEPPER_ROOT;11111;23;11109;27;;;11115;10;11118;14;;;11113.0;0.0
crash_normal_s2;20700;ASH_COATED_OSMIUM;9965;15;9963;20;;;10037;16;10039;24;;;10001.0;0.0
crash_normal_s2;20800;INTARIAN_PEPPER_ROOT;11093;13;11091;23;;;11129;23;11131;22;;;11111.0;0.0
crash_normal_s2;20800;ASH_COATED_OSMIUM;9993;14;9990;12;;;9999;12;10003;19;;;9996.0;0.0
crash_normal_s2;20900;INTARIAN_PEPPER_ROOT;11103;14;11101;18;;;11121;22;11124;23;;;11112.0;0.0
crash_normal_s2;20900;ASH_COATED_OSMIUM;9990;14;9986;24;;;10000;14;10002;15;;;9995.0;0.0
crash_normal_s2;21000;INTARIAN_PEPPER_ROOT;11108;13;11105;17;;;11110;14;11112;22;;;11109.0;0.0
crash_normal_s2;21000;ASH_COATED_OSMIUM;9989;7;9986;16;;;10005;16;10009;20;;;9997.0;0.0
crash_normal_s2;21100;INTARIAN_PEPPER_ROOT;11104;11;11100;17;;;11114;18;11117;16;;;11109.0;0.0
crash_normal_s2;21100;ASH_COATED_OSMIUM;9984;11;9981;15;;;10006;8;10009;12;;;9995.0;0.0
crash_normal_s2;21200;INTARIAN_PEPPER_ROOT;11107;11;11103;14;;;11111;15;11115;16;;;11109.0;0.0
crash_normal_s2;21200;ASH_COATED_OSMIUM;9977;8;9975;18;;;10017;12;10019;19;;;9997.0;0.0
crash_normal_s2;21300;INTARIAN_PEPPER_ROOT;11098;7;11094;21;;;11116;11;11120;19;;;11107.0;0.0
crash_normal_s2;21300;ASH_COATED_OSMIUM;9994;8;9992;30;;;10000;18;10003;31;;;9997.0;0.0
crash_normal_s2;21400;INTARIAN_PEPPER_ROOT;11105;9;11101;20;;;11109;5;11113;16;;;11107.0;0.0
crash_normal_s2;21400;ASH_COATED_OSMIUM;9997;19;9993;20;;;9999;5;10002;16;;;9998.0;0.0
crash_normal_s2;21500;INTARIAN_PEPPER_ROOT;11106;19;11102;25;;;11108;24;11111;17;;;11107.0;0.0
crash_normal_s2;21500;ASH_COATED_OSMIUM;9996;14;9994;17;;;10002;13;10004;18;;;9999.0;0.0
crash_normal_s2;21600;INTARIAN_PEPPER_ROOT;11100;10;11096;15;;;11114;8;11116;19;;;11107.0;0.0
crash_normal_s2;21600;ASH_COATED_OSMIUM;9984;10;9981;21;;;10006;8;10010;25;;;9995.0;0.0
crash_normal_s2;21700;INTARIAN_PEPPER_ROOT;11106;21;11102;25;;;11110;11;11112;20;;;11108.0;0.0
crash_normal_s2;21700;ASH_COATED_OSMIUM;9992;19;9990;23;;;10004;13;10007;15;;;9998.0;0.0
crash_normal_s2;21800;INTARIAN_PEPPER_ROOT;11100;11;11096;18;;;11118;11;11121;18;;;11109.0;0.0
crash_normal_s2;21800;ASH_COATED_OSMIUM;9981;18;9977;18;;;10017;13;10019;19;;;9999.0;0.0
crash_normal_s2;21900;INTARIAN_PEPPER_ROOT;11078;19;11075;25;;;11138;13;11140;20;;;11108.0;0.0
crash_normal_s2;21900;ASH_COATED_OSMIUM;9996;6;9992;21;;;9998;7;10001;20;;;9997.0;0.0
crash_normal_s2;22000;INTARIAN_PEPPER_ROOT;11107;11;11105;22;;;11109;20;11112;25;;;11108.0;0.0
crash_normal_s2;22000;ASH_COATED_OSMIUM;9997;9;9993;16;;;9999;12;10001;11;;;9998.0;0.0
crash_normal_s2;22100;INTARIAN_PEPPER_ROOT;11111;16;11109;19;;;11117;17;11120;22;;;11114.0;0.0
crash_normal_s2;22100;ASH_COATED_OSMIUM;9999;5;9995;18;;;10001;13;10005;18;;;10000.0;0.0
crash_normal_s2;22200;INTARIAN_PEPPER_ROOT;11113;28;11109;24;;;11115;11;11118;21;;;11114.0;0.0
crash_normal_s2;22200;ASH_COATED_OSMIUM;9989;14;9985;25;;;10011;12;10013;26;;;10000.0;0.0
crash_normal_s2;22300;INTARIAN_PEPPER_ROOT;11110;26;11108;17;;;11114;24;11117;23;;;11112.0;0.0
crash_normal_s2;22300;ASH_COATED_OSMIUM;9996;14;9992;31;;;10000;11;10002;14;;;9998.0;0.0
crash_normal_s2;22400;INTARIAN_PEPPER_ROOT;11109;13;11105;25;;;11117;13;11121;21;;;11113.0;0.0
crash_normal_s2;22400;ASH_COATED_OSMIUM;9999;14;9996;15;;;10001;11;10004;18;;;10000.0;0.0
crash_normal_s2;22500;INTARIAN_PEPPER_ROOT;11106;22;11104;13;;;11114;11;11118;11;;;11110.0;0.0
crash_normal_s2;22500;ASH_COATED_OSMIUM;10001;14;9998;21;;;10003;5;10007;22;;;10002.0;0.0
crash_normal_s2;22600;INTARIAN_PEPPER_ROOT;11111;18;11109;22;;;11117;20;11120;20;;;11114.0;0.0
crash_normal_s2;22600;ASH_COATED_OSMIUM;9992;8;9988;16;;;10012;5;10015;31;;;10002.0;0.0
crash_normal_s2;22700;INTARIAN_PEPPER_ROOT;11098;8;11096;18;;;11132;18;11136;11;;;11115.0;0.0
crash_normal_s2;22700;ASH_COATED_OSMIUM;10000;12;9998;17;;;10002;13;10006;17;;;10001.0;0.0
crash_normal_s2;22800;INTARIAN_PEPPER_ROOT;11117;19;11114;21;;;11119;7;11123;20;;;11118.0;0.0
crash_normal_s2;22800;ASH_COATED_OSMIUM;9994;14;9990;29;;;10004;11;10008;15;;;9999.0;0.0
crash_normal_s2;22900;INTARIAN_PEPPER_ROOT;11118;9;11116;17;;;11122;11;11125;28;;;11120.0;0.0
crash_normal_s2;22900;ASH_COATED_OSMIUM;9996;15;9994;18;;;10006;7;10008;18;;;10001.0;0.0
crash_normal_s2;23000;INTARIAN_PEPPER_ROOT;11120;22;11117;16;;;11122;10;11124;26;;;11121.0;0.0
crash_normal_s2;23000;ASH_COATED_OSMIUM;9982;12;9978;21;;;10020;10;10023;23;;;10001.0;0.0
crash_normal_s2;23100;INTARIAN_PEPPER_ROOT;11118;7;11115;21;;;11130;13;11132;16;;;11124.0;0.0
crash_normal_s2;23100;ASH_COATED_OSMIUM;9997;16;9995;20;;;10003;12;10007;24;;;10000.0;0.0
crash_normal_s2;23200;INTARIAN_PEPPER_ROOT;11103;12;11100;16;;;11145;9;11149;19;;;11124.0;0.0
crash_normal_s2;23200;ASH_COATED_OSMIUM;9990;14;9987;28;;;10012;10;10016;26;;;10001.0;0.0
crash_normal_s2;23300;INTARIAN_PEPPER_ROOT;11123;13;11121;24;;;11125;18;11127;22;;;11124.0;0.0
crash_normal_s2;23300;ASH_COATED_OSMIUM;10000;8;9997;18;;;10004;9;10006;19;;;10002.0;0.0
crash_normal_s2;23400;INTARIAN_PEPPER_ROOT;11110;16;11107;8;;;11134;24;11136;17;;;11122.0;0.0
crash_normal_s2;23400;ASH_COATED_OSMIUM;9985;12;9982;23;;;10015;18;10017;17;;;10000.0;0.0
crash_normal_s2;23500;INTARIAN_PEPPER_ROOT;11121;11;11118;24;;;11123;9;11126;18;;;11122.0;0.0
crash_normal_s2;23500;ASH_COATED_OSMIUM;9985;5;9981;19;;;10017;7;10019;26;;;10001.0;0.0
crash_normal_s2;23600;INTARIAN_PEPPER_ROOT;11096;14;11092;15;;;11138;22;11141;22;;;11117.0;0.0
crash_normal_s2;23600;ASH_COATED_OSMIUM;10001;5;9998;21;;;10009;9;10012;16;;;10005.0;0.0
crash_normal_s2;23700;INTARIAN_PEPPER_ROOT;11120;10;11117;19;;;11124;14;11126;13;;;11122.0;0.0
crash_normal_s2;23700;ASH_COATED_OSMIUM;9977;21;9973;15;;;10037;14;10040;13;;;10007.0;0.0
crash_normal_s2;23800;INTARIAN_PEPPER_ROOT;11110;11;11107;18;;;11128;9;11130;25;;;11119.0;0.0
crash_normal_s2;23800;ASH_COATED_OSMIUM;10001;11;9999;21;;;10019;12;10022;26;;;10010.0;0.0
crash_normal_s2;23900;INTARIAN_PEPPER_ROOT;11112;5;11109;26;;;11126;11;11130;19;;;11119.0;0.0
crash_normal_s2;23900;ASH_COATED_OSMIUM;10005;15;10002;16;;;10013;9;10016;13;;;10009.0;0.0
crash_normal_s2;24000;INTARIAN_PEPPER_ROOT;11116;14;11114;20;;;11118;13;11120;28;;;11117.0;0.0
crash_normal_s2;24000;ASH_COATED_OSMIUM;10004;20;10001;19;;;10006;10;10010;20;;;10005.0;0.0
crash_normal_s2;24100;INTARIAN_PEPPER_ROOT;11106;22;11103;23;;;11122;17;11126;26;;;11114.0;0.0
crash_normal_s2;24100;ASH_COATED_OSMIUM;10004;15;10000;25;;;10006;6;10009;23;;;10005.0;0.0
crash_normal_s2;24200;INTARIAN_PEPPER_ROOT;11112;9;11109;12;;;11116;17;11119;22;;;11114.0;0.0
crash_normal_s2;24200;ASH_COATED_OSMIUM;10001;13;9998;17;;;10003;10;10006;22;;;10002.0;0.0
crash_normal_s2;24300;INTARIAN_PEPPER_ROOT;11112;15;11109;22;;;11114;14;11116;14;;;11113.0;0.0
crash_normal_s2;24300;ASH_COATED_OSMIUM;10004;21;10000;15;;;10008;15;10010;11;;;10006.0;0.0
crash_normal_s2;24400;INTARIAN_PEPPER_ROOT;11107;14;11103;16;;;11121;17;11125;17;;;11114.0;0.0
crash_normal_s2;24400;ASH_COATED_OSMIUM;9992;9;9988;20;;;10010;5;10012;24;;;10001.0;0.0
crash_normal_s2;24500;INTARIAN_PEPPER_ROOT;11107;13;11103;15;;;11125;15;11129;10;;;11116.0;0.0
crash_normal_s2;24500;ASH_COATED_OSMIUM;9996;11;9994;18;;;10008;6;10011;13;;;10002.0;0.0
crash_normal_s2;24600;INTARIAN_PEPPER_ROOT;11110;14;11107;20;;;11120;15;11123;23;;;11115.0;0.0
crash_normal_s2;24600;ASH_COATED_OSMIUM;9980;15;9976;19;;;10032;8;10036;13;;;10006.0;0.0
crash_normal_s2;24700;INTARIAN_PEPPER_ROOT;11115;5;11112;21;;;11117;21;11121;16;;;11116.0;0.0
crash_normal_s2;24700;ASH_COATED_OSMIUM;9993;5;9989;16;;;10021;16;10025;8;;;10007.0;0.0
crash_normal_s2;24800;INTARIAN_PEPPER_ROOT;11116;24;11114;24;;;11118;14;11121;21;;;11117.0;0.0
crash_normal_s2;24800;ASH_COATED_OSMIUM;10008;10;10005;13;;;10010;14;10013;27;;;10009.0;0.0
crash_normal_s2;24900;INTARIAN_PEPPER_ROOT;11114;14;11110;18;;;11120;19;11122;16;;;11117.0;0.0
crash_normal_s2;24900;ASH_COATED_OSMIUM;9984;10;9982;20;;;10030;10;10033;24;;;10007.0;0.0
crash_normal_s2;25000;INTARIAN_PEPPER_ROOT;11110;21;11106;23;;;11126;11;11129;20;;;11118.0;0.0
crash_normal_s2;25000;ASH_COATED_OSMIUM;9998;21;9996;28;;;10014;15;10017;23;;;10006.0;0.0
crash_normal_s2;25100;INTARIAN_PEPPER_ROOT;11114;27;11110;14;;;11124;16;11128;29;;;11119.0;0.0
crash_normal_s2;25100;ASH_COATED_OSMIUM;9995;9;9991;12;;;10013;13;10016;18;;;10004.0;0.0
crash_normal_s2;25200;INTARIAN_PEPPER_ROOT;11113;16;11111;25;;;11127;15;11131;14;;;11120.0;0.0
crash_normal_s2;25200;ASH_COATED_OSMIUM;10010;17;10006;22;;;10012;9;10014;15;;;10011.0;0.0
crash_normal_s2;25300;INTARIAN_PEPPER_ROOT;11116;16;11113;13;;;11124;5;11128;12;;;11120.0;0.0
crash_normal_s2;25300;ASH_COATED_OSMIUM;10011;5;10009;9;;;10013;19;10015;11;;;10012.0;0.0
crash_normal_s2;25400;INTARIAN_PEPPER_ROOT;11110;10;11106;21;;;11122;14;11124;16;;;11116.0;0.0
crash_normal_s2;25400;ASH_COATED_OSMIUM;10010;9;10006;16;;;10012;6;10015;20;;;10011.0;0.0
crash_normal_s2;25500;INTARIAN_PEPPER_ROOT;11108;11;11106;23;;;11126;11;11130;14;;;11117.0;0.0
crash_normal_s2;25500;ASH_COATED_OSMIUM;10012;15;10008;27;;;10018;15;10021;22;;;10015.0;0.0
crash_normal_s2;25600;INTARIAN_PEPPER_ROOT;11106;5;11102;21;;;11130;16;11133;15;;;11118.0;0.0
crash_normal_s2;25600;ASH_COATED_OSMIUM;10010;9;10007;20;;;10020;10;10022;21;;;10015.0;0.0
crash_normal_s2;25700;INTARIAN_PEPPER_ROOT;11116;17;11113;18;;;11122;15;11126;22;;;11119.0;0.0
crash_normal_s2;25700;ASH_COATED_OSMIUM;10011;22;10008;13;;;10019;8;10022;20;;;10015.0;0.0
crash_normal_s2;25800;INTARIAN_PEPPER_ROOT;11111;7;11109;23;;;11127;7;11130;21;;;11119.0;0.0
crash_normal_s2;25800;ASH_COATED_OSMIUM;10015;10;10011;13;;;10019;5;10021;19;;;10017.0;0.0
crash_normal_s2;25900;INTARIAN_PEPPER_ROOT;11120;24;11117;17;;;11128;17;11130;15;;;11124.0;0.0
crash_normal_s2;25900;ASH_COATED_OSMIUM;10020;19;10017;20;;;10026;14;10030;32;;;10023.0;0.0
crash_normal_s2;26000;INTARIAN_PEPPER_ROOT;11123;10;11120;8;;;11127;6;11130;14;;;11125.0;0.0
crash_normal_s2;26000;ASH_COATED_OSMIUM;10019;17;10017;22;;;10025;9;10028;12;;;10022.0;0.0
crash_normal_s2;26100;INTARIAN_PEPPER_ROOT;11125;19;11122;27;;;11127;5;11129;15;;;11126.0;0.0
crash_normal_s2;26100;ASH_COATED_OSMIUM;10021;13;10017;12;;;10023;19;10025;25;;;10022.0;0.0
crash_normal_s2;26200;INTARIAN_PEPPER_ROOT;11124;18;11121;22;;;11126;14;11129;21;;;11125.0;0.0
crash_normal_s2;26200;ASH_COATED_OSMIUM;10014;26;10010;21;;;10020;17;10022;22;;;10017.0;0.0
crash_normal_s2;26300;INTARIAN_PEPPER_ROOT;11112;18;11110;16;;;11136;9;11140;21;;;11124.0;0.0
crash_normal_s2;26300;ASH_COATED_OSMIUM;10020;6;10017;17;;;10022;15;10026;23;;;10021.0;0.0
crash_normal_s2;26400;INTARIAN_PEPPER_ROOT;11120;16;11116;24;;;11126;9;11129;19;;;11123.0;0.0
crash_normal_s2;26400;ASH_COATED_OSMIUM;10022;10;10018;16;;;10026;16;10029;19;;;10024.0;0.0
crash_normal_s2;26500;INTARIAN_PEPPER_ROOT;11114;12;11111;26;;;11130;14;11132;17;;;11122.0;0.0
crash_normal_s2;26500;ASH_COATED_OSMIUM;10016;7;10014;21;;;10026;24;10029;13;;;10021.0;0.0
crash_normal_s2;26600;INTARIAN_PEPPER_ROOT;11119;10;11117;19;;;11125;14;11128;24;;;11122.0;0.0
crash_normal_s2;26600;ASH_COATED_OSMIUM;10012;13;10010;26;;;10016;12;10019;22;;;10014.0;0.0
crash_normal_s2;26700;INTARIAN_PEPPER_ROOT;11118;20;11114;25;;;11124;12;11127;18;;;11121.0;0.0
crash_normal_s2;26700;ASH_COATED_OSMIUM;10019;5;10015;15;;;10021;17;10024;27;;;10020.0;0.0
crash_normal_s2;26800;INTARIAN_PEPPER_ROOT;11117;14;11114;23;;;11125;15;11127;19;;;11121.0;0.0
crash_normal_s2;26800;ASH_COATED_OSMIUM;10013;15;10010;17;;;10015;11;10018;20;;;10014.0;0.0
crash_normal_s2;26900;INTARIAN_PEPPER_ROOT;11108;24;11105;20;;;11130;14;11134;26;;;11119.0;0.0
crash_normal_s2;26900;ASH_COATED_OSMIUM;10000;5;9996;27;;;10020;19;10023;16;;;10010.0;0.0
crash_normal_s2;27000;INTARIAN_PEPPER_ROOT;11107;10;11103;11;;;11125;15;11127;14;;;11116.0;0.0
crash_normal_s2;27000;ASH_COATED_OSMIUM;10006;7;10003;27;;;10014;20;10017;29;;;10010.0;0.0
crash_normal_s2;27100;INTARIAN_PEPPER_ROOT;11115;17;11111;15;;;11117;26;11119;16;;;11116.0;0.0
crash_normal_s2;27100;ASH_COATED_OSMIUM;10011;5;10007;19;;;10013;8;10015;25;;;10012.0;0.0
crash_normal_s2;27200;INTARIAN_PEPPER_ROOT;11112;9;11108;25;;;11116;21;11118;20;;;11114.0;0.0
crash_normal_s2;27200;ASH_COATED_OSMIUM;10006;17;10002;17;;;10024;6;10028;16;;;10015.0;0.0
crash_normal_s2;27300;INTARIAN_PEPPER_ROOT;11091;5;11087;18;;;11135;14;11137;29;;;11113.0;0.0
crash_normal_s2;27300;ASH_COATED_OSMIUM;10007;16;10004;22;;;10011;5;10013;20;;;10009.0;0.0
crash_normal_s2;27400;INTARIAN_PEPPER_ROOT;11111;7;11108;23;;;11113;11;11117;30;;;11112.0;0.0
crash_normal_s2;27400;ASH_COATED_OSMIUM;10012;18;10010;14;;;10022;8;10024;21;;;10017.0;0.0
crash_normal_s2;27500;INTARIAN_PEPPER_ROOT;11097;11;11094;17;;;11127;8;11131;18;;;11112.0;0.0
crash_normal_s2;27500;ASH_COATED_OSMIUM;10004;14;10001;22;;;10028;8;10030;17;;;10016.0;0.0
crash_normal_s2;27600;INTARIAN_PEPPER_ROOT;11112;14;11108;15;;;11118;18;11121;20;;;11115.0;0.0
crash_normal_s2;27600;ASH_COATED_OSMIUM;10010;6;10007;23;;;10012;16;10015;14;;;10011.0;0.0
crash_normal_s2;27700;INTARIAN_PEPPER_ROOT;11114;19;11110;21;;;11120;11;11122;19;;;11117.0;0.0
crash_normal_s2;27700;ASH_COATED_OSMIUM;10003;8;10001;15;;;10007;15;10011;18;;;10005.0;0.0
crash_normal_s2;27800;INTARIAN_PEPPER_ROOT;11119;22;11116;8;;;11121;27;11123;22;;;11120.0;0.0
crash_normal_s2;27800;ASH_COATED_OSMIUM;9975;17;9972;19;;;10031;9;10033;11;;;10003.0;0.0
crash_normal_s2;27900;INTARIAN_PEPPER_ROOT;11118;15;11114;17;;;11120;12;11123;25;;;11119.0;0.0
crash_normal_s2;27900;ASH_COATED_OSMIUM;10001;14;9998;18;;;10005;13;10009;19;;;10003.0;0.0
crash_normal_s2;28000;INTARIAN_PEPPER_ROOT;11119;19;11115;16;;;11129;13;11132;10;;;11124.0;0.0
crash_normal_s2;28000;ASH_COATED_OSMIUM;9996;7;9992;15;;;10016;15;10018;21;;;10006.0;0.0
crash_normal_s2;28100;INTARIAN_PEPPER_ROOT;11095;6;11091;23;;;11145;13;11147;24;;;11120.0;0.0
crash_normal_s2;28100;ASH_COATED_OSMIUM;10003;19;10000;23;;;10011;10;10014;17;;;10007.0;0.0
crash_normal_s2;28200;INTARIAN_PEPPER_ROOT;11112;13;11110;21;;;11122;15;11125;21;;;11117.0;0.0
crash_normal_s2;28200;ASH_COATED_OSMIUM;10007;7;10003;18;;;10013;19;10016;20;;;10010.0;0.0
crash_normal_s2;28300;INTARIAN_PEPPER_ROOT;11108;12;11104;19;;;11128;18;11132;20;;;11118.0;0.0
crash_normal_s2;28300;ASH_COATED_OSMIUM;9999;11;9995;20;;;10019;18;10021;23;;;10009.0;0.0
crash_normal_s2;28400;INTARIAN_PEPPER_ROOT;11111;18;11109;21;;;11127;17;11129;26;;;11119.0;0.0
crash_normal_s2;28400;ASH_COATED_OSMIUM;10009;10;10007;28;;;10011;21;10013;16;;;10010.0;0.0
crash_normal_s2;28500;INTARIAN_PEPPER_ROOT;11112;19;11108;14;;;11126;9;11128;24;;;11119.0;0.0
crash_normal_s2;28500;ASH_COATED_OSMIUM;10012;16;10010;14;;;10016;13;10020;24;;;10014.0;0.0
crash_normal_s2;28600;INTARIAN_PEPPER_ROOT;11117;12;11113;30;;;11121;15;11125;26;;;11119.0;0.0
crash_normal_s2;28600;ASH_COATED_OSMIUM;10009;16;10007;21;;;10013;5;10016;17;;;10011.0;0.0
crash_normal_s2;28700;INTARIAN_PEPPER_ROOT;11113;13;11111;24;;;11121;17;11123;24;;;11117.0;0.0
crash_normal_s2;28700;ASH_COATED_OSMIUM;9993;22;9991;22;;;10025;12;10029;26;;;10009.0;0.0
crash_normal_s2;28800;INTARIAN_PEPPER_ROOT;11114;19;11111;22;;;11116;14;11119;10;;;11115.0;0.0
crash_normal_s2;28800;ASH_COATED_OSMIUM;9995;15;9993;24;;;10019;12;10021;21;;;10007.0;0.0
crash_normal_s2;28900;INTARIAN_PEPPER_ROOT;11117;9;11114;8;;;11119;25;11121;20;;;11118.0;0.0
crash_normal_s2;28900;ASH_COATED_OSMIUM;9994;19;9992;21;;;10006;13;10009;24;;;10000.0;0.0
crash_normal_s2;29000;INTARIAN_PEPPER_ROOT;11120;18;11118;20;;;11122;10;11124;18;;;11121.0;0.0
crash_normal_s2;29000;ASH_COATED_OSMIUM;9999;12;9997;21;;;10009;8;10013;18;;;10004.0;0.0
crash_normal_s2;29100;INTARIAN_PEPPER_ROOT;11119;15;11115;22;;;11121;11;11124;16;;;11120.0;0.0
crash_normal_s2;29100;ASH_COATED_OSMIUM;10000;10;9996;19;;;10004;5;10007;13;;;10002.0;0.0
crash_normal_s2;29200;INTARIAN_PEPPER_ROOT;11124;11;11121;24;;;11126;18;11129;26;;;11125.0;0.0
crash_normal_s2;29200;ASH_COATED_OSMIUM;10003;19;10001;24;;;10005;8;10007;27;;;10004.0;0.0
crash_normal_s2;29300;INTARIAN_PEPPER_ROOT;11108;11;11106;19;;;11136;14;11140;16;;;11122.0;0.0
crash_normal_s2;29300;ASH_COATED_OSMIUM;10005;15;10003;18;;;10007;17;10009;19;;;10006.0;0.0
crash_normal_s2;29400;INTARIAN_PEPPER_ROOT;11116;11;11112;13;;;11128;14;11130;14;;;11122.0;0.0
crash_normal_s2;29400;ASH_COATED_OSMIUM;10003;14;10001;32;;;10005;16;10008;21;;;10004.0;0.0
crash_normal_s2;29500;INTARIAN_PEPPER_ROOT;11115;17;11112;19;;;11131;23;11134;19;;;11123.0;0.0
crash_normal_s2;29500;ASH_COATED_OSMIUM;9998;10;9996;16;;;10004;22;10007;25;;;10001.0;0.0
crash_normal_s2;29600;INTARIAN_PEPPER_ROOT;11108;19;11105;29;;;11134;10;11137;14;;;11121.0;0.0
crash_normal_s2;29600;ASH_COATED_OSMIUM;9992;7;9988;23;;;10016;12;10020;18;;;10004.0;0.0
crash_normal_s2;29700;INTARIAN_PEPPER_ROOT;11101;9;11099;20;;;11139;14;11141;25;;;11120.0;0.0
crash_normal_s2;29700;ASH_COATED_OSMIUM;9997;15;9994;22;;;9999;12;10002;17;;;9998.0;0.0
crash_normal_s2;29800;INTARIAN_PEPPER_ROOT;11114;11;11112;26;;;11128;5;11132;17;;;11121.0;0.0
crash_normal_s2;29800;ASH_COATED_OSMIUM;9994;18;9992;23;;;10004;13;10007;19;;;9999.0;0.0
crash_normal_s2;29900;INTARIAN_PEPPER_ROOT;11119;13;11115;25;;;11121;5;11124;11;;;11120.0;0.0
crash_normal_s2;29900;ASH_COATED_OSMIUM;9993;10;9990;26;;;9995;15;9998;18;;;9994.0;0.0
crash_normal_s2;30000;INTARIAN_PEPPER_ROOT;11083;11;11081;18;;;11161;16;11164;15;;;11122.0;0.0
crash_normal_s2;30000;ASH_COATED_OSMIUM;9980;7;9978;21;;;10006;12;10008;15;;;9993.0;0.0
crash_normal_s2;30100;INTARIAN_PEPPER_ROOT;11120;10;11118;17;;;11128;15;11130;27;;;11124.0;0.0
crash_normal_s2;30100;ASH_COATED_OSMIUM;9982;11;9978;10;;;9998;5;10001;13;;;9990.0;0.0
crash_normal_s2;30200;INTARIAN_PEPPER_ROOT;11103;17;11101;15;;;11143;10;11147;16;;;11123.0;0.0
crash_normal_s2;30200;ASH_COATED_OSMIUM;9987;12;9983;14;;;9989;6;9992;25;;;9988.0;0.0
crash_normal_s2;30300;INTARIAN_PEPPER_ROOT;11097;20;11094;12;;;11147;19;11150;27;;;11122.0;0.0
crash_normal_s2;30300;ASH_COATED_OSMIUM;9976;11;9972;22;;;10002;14;10006;9;;;9989.0;0.0
crash_normal_s2;30400;INTARIAN_PEPPER_ROOT;11120;12;11118;20;;;11124;18;11126;26;;;11122.0;0.0
crash_normal_s2;30400;ASH_COATED_OSMIUM;9979;11;9977;18;;;10003;25;10007;25;;;9991.0;0.0
crash_normal_s2;30500;INTARIAN_PEPPER_ROOT;11121;19;11117;17;;;11125;16;11129;24;;;11123.0;0.0
crash_normal_s2;30500;ASH_COATED_OSMIUM;9973;29;9971;13;;;10009;19;10013;15;;;9991.0;0.0
crash_normal_s2;30600;INTARIAN_PEPPER_ROOT;11102;13;11100;23;;;11142;21;11144;19;;;11122.0;0.0
crash_normal_s2;30600;ASH_COATED_OSMIUM;9977;16;9973;22;;;10003;15;10007;23;;;9990.0;0.0
crash_normal_s2;30700;INTARIAN_PEPPER_ROOT;11115;12;11112;23;;;11131;10;11135;18;;;11123.0;0.0
crash_normal_s2;30700;ASH_COATED_OSMIUM;9975;16;9973;32;;;10007;14;10009;27;;;9991.0;0.0
crash_normal_s2;30800;INTARIAN_PEPPER_ROOT;11123;16;11120;21;;;11129;8;11131;9;;;11126.0;0.0
crash_normal_s2;30800;ASH_COATED_OSMIUM;9947;15;9945;11;;;10037;14;10041;24;;;9992.0;0.0
crash_normal_s2;30900;INTARIAN_PEPPER_ROOT;11110;18;11107;8;;;11140;10;11144;16;;;11125.0;0.0
crash_normal_s2;30900;ASH_COATED_OSMIUM;9995;9;9992;21;;;9997;11;10001;17;;;9996.0;0.0
crash_normal_s2;31000;INTARIAN_PEPPER_ROOT;11126;12;11124;20;;;11128;12;11131;8;;;11127.0;0.0
crash_normal_s2;31000;ASH_COATED_OSMIUM;9979;15;9975;24;;;10013;5;10015;27;;;9996.0;0.0
crash_normal_s2;31100;INTARIAN_PEPPER_ROOT;11123;20;11121;25;;;11125;8;11129;26;;;11124.0;0.0
crash_normal_s2;31100;ASH_COATED_OSMIUM;9997;15;9994;26;;;10003;8;10005;18;;;10000.0;0.0
crash_normal_s2;31200;INTARIAN_PEPPER_ROOT;11105;21;11101;23;;;11137;12;11141;30;;;11121.0;0.0
crash_normal_s2;31200;ASH_COATED_OSMIUM;9981;12;9977;21;;;10023;16;10027;17;;;10002.0;0.0
crash_normal_s2;31300;INTARIAN_PEPPER_ROOT;11122;13;11118;24;;;11124;10;11126;14;;;11123.0;0.0
crash_normal_s2;31300;ASH_COATED_OSMIUM;10003;5;9999;16;;;10005;20;10009;24;;;10004.0;0.0
crash_normal_s2;31400;INTARIAN_PEPPER_ROOT;11105;29;11103;26;;;11139;18;11142;18;;;11122.0;0.0
crash_normal_s2;31400;ASH_COATED_OSMIUM;10007;11;10004;18;;;10009;10;10012;20;;;10008.0;0.0
crash_normal_s2;31500;INTARIAN_PEPPER_ROOT;11118;14;11115;23;;;11122;13;11125;25;;;11120.0;0.0
crash_normal_s2;31500;ASH_COATED_OSMIUM;10004;7;10002;19;;;10010;14;10014;24;;;10007.0;0.0
crash_normal_s2;31600;INTARIAN_PEPPER_ROOT;11119;14;11117;16;;;11121;20;11123;19;;;11120.0;0.0
crash_normal_s2;31600;ASH_COATED_OSMIUM;9985;11;9982;22;;;10025;5;10028;9;;;10005.0;0.0
crash_normal_s2;31700;INTARIAN_PEPPER_ROOT;11101;17;11099;20;;;11137;19;11139;8;;;11119.0;0.0
crash_normal_s2;31700;ASH_COATED_OSMIUM;10004;11;10002;18;;;10010;5;10012;20;;;10007.0;0.0
crash_normal_s2;31800;INTARIAN_PEPPER_ROOT;11102;17;11100;22;;;11138;5;11142;21;;;11120.0;0.0
crash_normal_s2;31800;ASH_COATED_OSMIUM;9975;14;9971;17;;;10037;8;10041;22;;;10006.0;0.0
crash_normal_s2;31900;INTARIAN_PEPPER_ROOT;11104;8;11101;18;;;11130;18;11134;16;;;11117.0;0.0
crash_normal_s2;31900;ASH_COATED_OSMIUM;9991;13;9989;16;;;10029;13;10032;18;;;10010.0;0.0
crash_normal_s2;32000;INTARIAN_PEPPER_ROOT;11117;11;11115;24;;;11119;7;11123;13;;;11118.0;0.0
crash_normal_s2;32000;ASH_COATED_OSMIUM;10012;13;10009;23;;;10014;22;10018;20;;;10013.0;0.0
crash_normal_s2;32100;INTARIAN_PEPPER_ROOT;11121;12;11119;21;;;11127;18;11131;19;;;11124.0;0.0
crash_normal_s2;32100;ASH_COATED_OSMIUM;10008;6;10004;21;;;10010;7;10014;16;;;10009.0;0.0
crash_normal_s2;32200;INTARIAN_PEPPER_ROOT;11124;22;11122;17;;;11126;11;11128;14;;;11125.0;0.0
crash_normal_s2;32200;ASH_COATED_OSMIUM;10002;7;9998;18;;;10014;5;10018;28;;;10008.0;0.0
crash_normal_s2;32300;INTARIAN_PEPPER_ROOT;11117;20;11113;21;;;11127;15;11129;16;;;11122.0;0.0
crash_normal_s2;32300;ASH_COATED_OSMIUM;10003;9;10001;26;;;10009;13;10012;22;;;10006.0;0.0
crash_normal_s2;32400;INTARIAN_PEPPER_ROOT;11122;19;11120;19;;;11126;22;11129;22;;;11124.0;0.0
crash_normal_s2;32400;ASH_COATED_OSMIUM;10005;17;10002;25;;;10007;10;10009;17;;;10006.0;0.0
crash_normal_s2;32500;INTARIAN_PEPPER_ROOT;11110;8;11107;22;;;11140;11;11143;14;;;11125.0;0.0
crash_normal_s2;32500;ASH_COATED_OSMIUM;10004;7;10000;21;;;10008;12;10010;22;;;10006.0;0.0
crash_normal_s2;32600;INTARIAN_PEPPER_ROOT;11124;25;11122;19;;;11134;15;11138;19;;;11129.0;0.0
crash_normal_s2;32600;ASH_COATED_OSMIUM;9991;11;9987;20;;;10013;18;10016;8;;;10002.0;0.0
crash_normal_s2;32700;INTARIAN_PEPPER_ROOT;11123;11;11120;17;;;11137;19;11139;17;;;11130.0;0.0
crash_normal_s2;32700;ASH_COATED_OSMIUM;10005;12;10001;16;;;10007;12;10010;24;;;10006.0;0.0
crash_normal_s2;32800;INTARIAN_PEPPER_ROOT;11128;10;11125;16;;;11130;14;11134;16;;;11129.0;0.0
crash_normal_s2;32800;ASH_COATED_OSMIUM;9994;5;9990;24;;;10020;9;10022;9;;;10007.0;0.0
crash_normal_s2;32900;INTARIAN_PEPPER_ROOT;11130;18;11126;20;;;11134;9;11138;21;;;11132.0;0.0
crash_normal_s2;32900;ASH_COATED_OSMIUM;10000;12;9998;13;;;10016;11;10018;15;;;10008.0;0.0
crash_normal_s2;33000;INTARIAN_PEPPER_ROOT;11124;16;11122;10;;;11144;23;11146;15;;;11134.0;0.0
crash_normal_s2;33000;ASH_COATED_OSMIUM;9999;15;9995;10;;;10023;6;10025;18;;;10011.0;0.0
crash_normal_s2;33100;INTARIAN_PEPPER_ROOT;11129;23;11125;21;;;11133;26;11135;16;;;11131.0;0.0
crash_normal_s2;33100;ASH_COATED_OSMIUM;10005;10;10001;31;;;10019;11;10021;15;;;10012.0;0.0
crash_normal_s2;33200;INTARIAN_PEPPER_ROOT;11131;6;11127;14;;;11135;18;11138;25;;;11133.0;0.0
crash_normal_s2;33200;ASH_COATED_OSMIUM;10000;20;9997;21;;;10024;14;10026;22;;;10012.0;0.0
crash_normal_s2;33300;INTARIAN_PEPPER_ROOT;11129;13;11127;20;;;11137;17;11140;22;;;11133.0;0.0
crash_normal_s2;33300;ASH_COATED_OSMIUM;10002;6;9998;11;;;10020;17;10023;22;;;10011.0;0.0
crash_normal_s2;33400;INTARIAN_PEPPER_ROOT;11133;20;11130;25;;;11139;20;11143;18;;;11136.0;0.0
crash_normal_s2;33400;ASH_COATED_OSMIUM;9999;18;9995;17;;;10025;22;10029;20;;;10012.0;0.0
crash_normal_s2;33500;INTARIAN_PEPPER_ROOT;11133;17;11131;26;;;11137;15;11140;21;;;11135.0;0.0
crash_normal_s2;33500;ASH_COATED_OSMIUM;10002;12;9999;20;;;10022;5;10025;23;;;10012.0;0.0
crash_normal_s2;33600;INTARIAN_PEPPER_ROOT;11137;26;11133;29;;;11139;8;11143;15;;;11138.0;0.0
crash_normal_s2;33600;ASH_COATED_OSMIUM;10007;6;10004;14;;;10015;7;10018;22;;;10011.0;0.0
crash_normal_s2;33700;INTARIAN_PEPPER_ROOT;11133;12;11130;13;;;11143;9;11147;30;;;11138.0;0.0
crash_normal_s2;33700;ASH_COATED_OSMIUM;9994;11;9991;13;;;10016;5;10020;20;;;10005.0;0.0
crash_normal_s2;33800;INTARIAN_PEPPER_ROOT;11128;8;11126;21;;;11152;5;11155;21;;;11140.0;0.0
crash_normal_s2;33800;ASH_COATED_OSMIUM;10003;17;10000;25;;;10005;27;10009;22;;;10004.0;0.0
crash_normal_s2;33900;INTARIAN_PEPPER_ROOT;11140;14;11137;15;;;11142;16;11144;13;;;11141.0;0.0
crash_normal_s2;33900;ASH_COATED_OSMIUM;9982;5;9980;27;;;10022;17;10026;14;;;10002.0;0.0
crash_normal_s2;34000;INTARIAN_PEPPER_ROOT;11131;8;11128;9;;;11149;18;11152;27;;;11140.0;0.0
crash_normal_s2;34000;ASH_COATED_OSMIUM;9998;5;9996;30;;;10016;24;10018;24;;;10007.0;0.0
crash_normal_s2;34100;INTARIAN_PEPPER_ROOT;11129;12;11126;31;;;11153;18;11156;17;;;11141.0;0.0
crash_normal_s2;34100;ASH_COATED_OSMIUM;9971;12;9969;14;;;10041;18;10043;14;;;10006.0;0.0
crash_normal_s2;34200;INTARIAN_PEPPER_ROOT;11086;17;11082;24;;;11198;21;11201;18;;;11142.0;0.0
crash_normal_s2;34200;ASH_COATED_OSMIUM;10000;9;9998;23;;;10004;8;10007;29;;;10002.0;0.0
crash_normal_s2;34300;INTARIAN_PEPPER_ROOT;11141;20;11139;20;;;11147;17;11149;16;;;11144.0;0.0
crash_normal_s2;34300;ASH_COATED_OSMIUM;9986;17;9984;23;;;10022;17;10026;28;;;10004.0;0.0
crash_normal_s2;34400;INTARIAN_PEPPER_ROOT;11139;18;11135;16;;;11157;15;11161;28;;;11148.0;0.0
crash_normal_s2;34400;ASH_COATED_OSMIUM;10003;19;10001;27;;;10005;20;10008;21;;;10004.0;0.0
crash_normal_s2;34500;INTARIAN_PEPPER_ROOT;11128;12;11126;15;;;11172;17;11174;25;;;11150.0;0.0
crash_normal_s2;34500;ASH_COATED_OSMIUM;9988;14;9985;18;;;10012;7;10015;23;;;10000.0;0.0
crash_normal_s2;34600;INTARIAN_PEPPER_ROOT;11144;8;11140;13;;;11158;7;11162;17;;;11151.0;0.0
crash_normal_s2;34600;ASH_COATED_OSMIUM;9991;14;9988;18;;;10005;13;10007;28;;;9998.0;0.0
crash_normal_s2;34700;INTARIAN_PEPPER_ROOT;11155;13;11151;18;;;11157;14;11161;11;;;11156.0;0.0
crash_normal_s2;34700;ASH_COATED_OSMIUM;9999;22;9995;21;;;10001;11;10004;17;;;10000.0;0.0
crash_normal_s2;34800;INTARIAN_PEPPER_ROOT;11152;24;11149;21;;;11160;13;11162;23;;;11156.0;0.0
crash_normal_s2;34800;ASH_COATED_OSMIUM;9997;18;9994;20;;;10001;18;10005;10;;;9999.0;0.0
crash_normal_s2;34900;INTARIAN_PEPPER_ROOT;11151;20;11148;19;;;11165;12;11169;19;;;11158.0;0.0
crash_normal_s2;34900;ASH_COATED_OSMIUM;9992;10;9990;23;;;10004;15;10008;25;;;9998.0;0.0
crash_normal_s2;35000;INTARIAN_PEPPER_ROOT;11156;24;11152;26;;;11158;19;11161;20;;;11157.0;0.0
crash_normal_s2;35000;ASH_COATED_OSMIUM;9974;15;9972;21;;;10026;17;10029;24;;;10000.0;0.0
crash_normal_s2;35100;INTARIAN_PEPPER_ROOT;11155;12;11152;8;;;11161;12;11163;16;;;11158.0;0.0
crash_normal_s2;35100;ASH_COATED_OSMIUM;10002;10;9998;21;;;10004;20;10008;18;;;10003.0;0.0
crash_normal_s2;35200;INTARIAN_PEPPER_ROOT;11161;18;11159;22;;;11163;15;11167;23;;;11162.0;0.0
crash_normal_s2;35200;ASH_COATED_OSMIUM;10005;9;10002;19;;;10007;13;10010;15;;;10006.0;0.0
crash_normal_s2;35300;INTARIAN_PEPPER_ROOT;11160;17;11157;19;;;11164;14;11167;18;;;11162.0;0.0
crash_normal_s2;35300;ASH_COATED_OSMIUM;10007;5;10004;17;;;10013;6;10017;14;;;10010.0;0.0
crash_normal_s2;35400;INTARIAN_PEPPER_ROOT;11157;5;11153;31;;;11175;16;11177;12;;;11166.0;0.0
crash_normal_s2;35400;ASH_COATED_OSMIUM;10004;15;10001;32;;;10014;19;10018;20;;;10009.0;0.0
crash_normal_s2;35500;INTARIAN_PEPPER_ROOT;11164;13;11161;24;;;11166;27;11170;24;;;11165.0;0.0
crash_normal_s2;35500;ASH_COATED_OSMIUM;10001;7;9999;19;;;10009;13;10013;29;;;10005.0;0.0
crash_normal_s2;35600;INTARIAN_PEPPER_ROOT;11161;8;11159;18;;;11163;10;11166;24;;;11162.0;0.0
crash_normal_s2;35600;ASH_COATED_OSMIUM;10012;13;10008;20;;;10014;14;10018;14;;;10013.0;0.0
crash_normal_s2;35700;INTARIAN_PEPPER_ROOT;11155;12;11151;22;;;11171;20;11175;21;;;11163.0;0.0
crash_normal_s2;35700;ASH_COATED_OSMIUM;9992;12;9990;26;;;10030;6;10033;20;;;10011.0;0.0
crash_normal_s2;35800;INTARIAN_PEPPER_ROOT;11155;21;11151;25;;;11167;8;11170;13;;;11161.0;0.0
crash_normal_s2;35800;ASH_COATED_OSMIUM;9998;15;9995;22;;;10024;12;10028;15;;;10011.0;0.0
crash_normal_s2;35900;INTARIAN_PEPPER_ROOT;11165;18;11161;21;;;11167;11;11169;23;;;11166.0;0.0
crash_normal_s2;35900;ASH_COATED_OSMIUM;10012;17;10010;18;;;10020;7;10024;18;;;10016.0;0.0
crash_normal_s2;36000;INTARIAN_PEPPER_ROOT;11168;16;11164;25;;;11172;15;11175;19;;;11170.0;0.0
crash_normal_s2;36000;ASH_COATED_OSMIUM;10014;13;10010;17;;;10026;5;10028;26;;;10020.0;0.0
crash_normal_s2;36100;INTARIAN_PEPPER_ROOT;11167;12;11165;22;;;11169;14;11173;20;;;11168.0;0.0
crash_normal_s2;36100;ASH_COATED_OSMIUM;10005;17;10001;18;;;10021;9;10024;16;;;10013.0;0.0
crash_normal_s2;36200;INTARIAN_PEPPER_ROOT;11167;8;11163;22;;;11169;17;11172;18;;;11168.0;0.0
crash_normal_s2;36200;ASH_COATED_OSMIUM;10005;19;10001;27;;;10021;12;10024;18;;;10013.0;0.0
crash_normal_s2;36300;INTARIAN_PEPPER_ROOT;11164;12;11161;22;;;11172;21;11175;12;;;11168.0;0.0
crash_normal_s2;36300;ASH_COATED_OSMIUM;10006;5;10004;22;;;10018;11;10021;17;;;10012.0;0.0
crash_normal_s2;36400;INTARIAN_PEPPER_ROOT;11162;14;11160;19;;;11176;14;11179;19;;;11169.0;0.0
crash_normal_s2;36400;ASH_COATED_OSMIUM;9987;12;9984;11;;;10037;15;10041;19;;;10012.0;0.0
crash_normal_s2;36500;INTARIAN_PEPPER_ROOT;11167;6;11164;30;;;11171;9;11175;18;;;11169.0;0.0
crash_normal_s2;36500;ASH_COATED_OSMIUM;10003;16;10001;22;;;10013;12;10016;9;;;10008.0;0.0
crash_normal_s2;36600;INTARIAN_PEPPER_ROOT;11166;5;11163;20;;;11178;23;11180;20;;;11172.0;0.0
crash_normal_s2;36600;ASH_COATED_OSMIUM;10003;23;9999;20;;;10005;10;10007;21;;;10004.0;0.0
crash_normal_s2;36700;INTARIAN_PEPPER_ROOT;11170;17;11167;21;;;11180;7;11182;27;;;11175.0;0.0
crash_normal_s2;36700;ASH_COATED_OSMIUM;10000;5;9996;8;;;10006;13;10009;21;;;10003.0;0.0
crash_normal_s2;36800;INTARIAN_PEPPER_ROOT;11173;13;11169;23;;;11177;25;11180;13;;;11175.0;0.0
crash_normal_s2;36800;ASH_COATED_OSMIUM;9997;10;9993;12;;;10011;15;10015;30;;;10004.0;0.0
crash_normal_s2;36900;INTARIAN_PEPPER_ROOT;11155;30;11153;21;;;11191;21;11194;26;;;11173.0;0.0
crash_normal_s2;36900;ASH_COATED_OSMIUM;10003;19;10001;17;;;10005;10;10009;21;;;10004.0;0.0
crash_normal_s2;37000;INTARIAN_PEPPER_ROOT;11168;12;11164;16;;;11182;11;11184;13;;;11175.0;0.0
crash_normal_s2;37000;ASH_COATED_OSMIUM;10000;9;9996;14;;;10010;10;10014;16;;;10005.0;0.0
crash_normal_s2;37100;INTARIAN_PEPPER_ROOT;11169;16;11166;20;;;11181;13;11183;16;;;11175.0;0.0
crash_normal_s2;37100;ASH_COATED_OSMIUM;9985;11;9982;19;;;10017;10;10020;23;;;10001.0;0.0
crash_normal_s2;37200;INTARIAN_PEPPER_ROOT;11170;15;11168;12;;;11188;14;11192;27;;;11179.0;0.0
crash_normal_s2;37200;ASH_COATED_OSMIUM;9970;8;9966;16;;;10034;5;10037;19;;;10002.0;0.0
crash_normal_s2;37300;INTARIAN_PEPPER_ROOT;11175;15;11172;22;;;11181;15;11184;15;;;11178.0;0.0
crash_normal_s2;37300;ASH_COATED_OSMIUM;9992;30;9988;25;;;10004;23;10007;26;;;9998.0;0.0
crash_normal_s2;37400;INTARIAN_PEPPER_ROOT;11175;27;11172;17;;;11187;25;11191;20;;;11181.0;0.0
crash_normal_s2;37400;ASH_COATED_OSMIUM;9983;5;9980;18;;;10017;12;10020;23;;;10000.0;0.0
crash_normal_s2;37500;INTARIAN_PEPPER_ROOT;11179;11;11175;11;;;11185;12;11189;21;;;11182.0;0.0
crash_normal_s2;37500;ASH_COATED_OSMIUM;9991;22;9987;14;;;10005;18;10008;13;;;9998.0;0.0
crash_normal_s2;37600;INTARIAN_PEPPER_ROOT;11181;17;11177;21;;;11183;15;11185;10;;;11182.0;0.0
crash_normal_s2;37600;ASH_COATED_OSMIUM;9979;19;9976;20;;;10011;5;10015;19;;;9995.0;0.0
crash_normal_s2;37700;INTARIAN_PEPPER_ROOT;11181;21;11179;23;;;11183;16;11187;19;;;11182.0;0.0
crash_normal_s2;37700;ASH_COATED_OSMIUM;9994;13;9990;21;;;9996;21;9998;14;;;9995.0;0.0
crash_normal_s2;37800;INTARIAN_PEPPER_ROOT;11182;15;11179;22;;;11184;22;11188;13;;;11183.0;0.0
crash_normal_s2;37800;ASH_COATED_OSMIUM;9994;16;9990;20;;;10004;13;10007;21;;;9999.0;0.0
crash_normal_s2;37900;INTARIAN_PEPPER_ROOT;11188;17;11185;19;;;11190;8;11194;22;;;11189.0;0.0
crash_normal_s2;37900;ASH_COATED_OSMIUM;9999;18;9996;33;;;10005;10;10008;16;;;10002.0;0.0
crash_normal_s2;38000;INTARIAN_PEPPER_ROOT;11189;13;11186;21;;;11193;18;11196;23;;;11191.0;0.0
crash_normal_s2;38000;ASH_COATED_OSMIUM;10004;13;10000;22;;;10006;6;10009;27;;;10005.0;0.0
crash_normal_s2;38100;INTARIAN_PEPPER_ROOT;11185;17;11181;27;;;11197;21;11201;22;;;11191.0;0.0
crash_normal_s2;38100;ASH_COATED_OSMIUM;9995;10;9993;18;;;10011;12;10015;11;;;10003.0;0.0
crash_normal_s2;38200;INTARIAN_PEPPER_ROOT;11190;22;11188;21;;;11196;12;11199;23;;;11193.0;0.0
crash_normal_s2;38200;ASH_COATED_OSMIUM;10002;12;9998;27;;;10004;12;10007;23;;;10003.0;0.0
crash_normal_s2;38300;INTARIAN_PEPPER_ROOT;11178;22;11174;20;;;11210;15;11212;17;;;11194.0;0.0
crash_normal_s2;38300;ASH_COATED_OSMIUM;9997;9;9995;13;;;9999;6;10003;18;;;9998.0;0.0
crash_normal_s2;38400;INTARIAN_PEPPER_ROOT;11179;16;11177;20;;;11205;9;11208;12;;;11192.0;0.0
crash_normal_s2;38400;ASH_COATED_OSMIUM;9997;8;9994;16;;;9999;15;10002;14;;;9998.0;0.0
crash_normal_s2;38500;INTARIAN_PEPPER_ROOT;11192;15;11190;33;;;11196;10;11199;24;;;11194.0;0.0
crash_normal_s2;38500;ASH_COATED_OSMIUM;9983;8;9981;24;;;10023;14;10027;24;;;10003.0;0.0
crash_normal_s2;38600;INTARIAN_PEPPER_ROOT;11187;20;11183;8;;;11205;7;11208;20;;;11196.0;0.0
crash_normal_s2;38600;ASH_COATED_OSMIUM;9983;9;9979;25;;;10023;12;10027;27;;;10003.0;0.0
crash_normal_s2;38700;INTARIAN_PEPPER_ROOT;11194;14;11192;16;;;11200;22;11202;8;;;11197.0;0.0
crash_normal_s2;38700;ASH_COATED_OSMIUM;9991;16;9988;19;;;10021;14;10024;25;;;10006.0;0.0
crash_normal_s2;38800;INTARIAN_PEPPER_ROOT;11192;5;11189;17;;;11196;18;11200;25;;;11194.0;0.0
crash_normal_s2;38800;ASH_COATED_OSMIUM;10000;15;9998;25;;;10010;12;10014;18;;;10005.0;0.0
crash_normal_s2;38900;INTARIAN_PEPPER_ROOT;11195;23;11192;24;;;11197;21;11199;23;;;11196.0;0.0
crash_normal_s2;38900;ASH_COATED_OSMIUM;10003;5;10001;22;;;10005;9;10008;8;;;10004.0;0.0
crash_normal_s2;39000;INTARIAN_PEPPER_ROOT;11197;16;11194;18;;;11205;18;11208;20;;;11201.0;0.0
crash_normal_s2;39000;ASH_COATED_OSMIUM;9999;16;9997;27;;;10005;22;10009;12;;;10002.0;0.0
crash_normal_s2;39100;INTARIAN_PEPPER_ROOT;11195;23;11191;16;;;11211;17;11215;20;;;11203.0;0.0
crash_normal_s2;39100;ASH_COATED_OSMIUM;9995;7;9991;14;;;10003;10;10007;21;;;9999.0;0.0
crash_normal_s2;39200;INTARIAN_PEPPER_ROOT;11197;12;11193;14;;;11215;20;11218;9;;;11206.0;0.0
crash_normal_s2;39200;ASH_COATED_OSMIUM;9974;11;9971;23;;;10016;17;10019;15;;;9995.0;0.0
crash_normal_s2;39300;INTARIAN_PEPPER_ROOT;11209;21;11205;21;;;11213;15;11215;23;;;11211.0;0.0
crash_normal_s2;39300;ASH_COATED_OSMIUM;9989;5;9985;17;;;10013;14;10017;16;;;10001.0;0.0
crash_normal_s2;39400;INTARIAN_PEPPER_ROOT;11207;9;11203;15;;;11223;20;11226;21;;;11215.0;0.0
crash_normal_s2;39400;ASH_COATED_OSMIUM;10001;5;9998;13;;;10007;7;10010;15;;;10004.0;0.0
crash_normal_s2;39500;INTARIAN_PEPPER_ROOT;11215;12;11212;17;;;11219;15;11222;20;;;11217.0;0.0
crash_normal_s2;39500;ASH_COATED_OSMIUM;10005;11;10003;16;;;10009;17;10012;11;;;10007.0;0.0
crash_normal_s2;39600;INTARIAN_PEPPER_ROOT;11211;18;11209;15;;;11221;15;11225;22;;;11216.0;0.0
crash_normal_s2;39600;ASH_COATED_OSMIUM;10010;11;10008;22;;;10020;13;10024;24;;;10015.0;0.0
crash_normal_s2;39700;INTARIAN_PEPPER_ROOT;11216;18;11214;20;;;11220;10;11224;24;;;11218.0;0.0
crash_normal_s2;39700;ASH_COATED_OSMIUM;10003;17;10001;18;;;10017;12;10021;18;;;10010.0;0.0
crash_normal_s2;39800;INTARIAN_PEPPER_ROOT;11215;20;11211;20;;;11219;15;11221;17;;;11217.0;0.0
crash_normal_s2;39800;ASH_COATED_OSMIUM;10011;11;10008;13;;;10013;22;10017;21;;;10012.0;0.0
crash_normal_s2;39900;INTARIAN_PEPPER_ROOT;11219;12;11217;24;;;11221;15;11223;17;;;11220.0;0.0
crash_normal_s2;39900;ASH_COATED_OSMIUM;9986;20;9982;17;;;10036;23;10038;15;;;10011.0;0.0
crash_normal_s2;40000;INTARIAN_PEPPER_ROOT;11211;6;11207;12;;;11227;14;11230;22;;;11219.0;0.0
crash_normal_s2;40000;ASH_COATED_OSMIUM;9997;11;9995;21;;;10019;19;10021;22;;;10008.0;0.0
crash_normal_s2;40100;INTARIAN_PEPPER_ROOT;11201;23;11199;17;;;11243;14;11247;22;;;11222.0;0.0
crash_normal_s2;40100;ASH_COATED_OSMIUM;10005;19;10002;11;;;10013;6;10016;20;;;10009.0;0.0
crash_normal_s2;40200;INTARIAN_PEPPER_ROOT;11204;9;11202;21;;;11242;14;11244;21;;;11223.0;0.0
crash_normal_s2;40200;ASH_COATED_OSMIUM;10005;11;10001;14;;;10019;10;10022;19;;;10012.0;0.0
crash_normal_s2;40300;INTARIAN_PEPPER_ROOT;11222;16;11218;25;;;11224;14;11226;18;;;11223.0;0.0
crash_normal_s2;40300;ASH_COATED_OSMIUM;10012;8;10008;12;;;10018;7;10021;12;;;10015.0;0.0
crash_normal_s2;40400;INTARIAN_PEPPER_ROOT;11223;9;11220;16;;;11227;11;11230;16;;;11225.0;0.0
crash_normal_s2;40400;ASH_COATED_OSMIUM;10008;8;10004;13;;;10014;17;10018;22;;;10011.0;0.0
crash_normal_s2;40500;INTARIAN_PEPPER_ROOT;11218;17;11216;21;;;11224;10;11226;18;;;11221.0;0.0
crash_normal_s2;40500;ASH_COATED_OSMIUM;9983;16;9980;19;;;10025;11;10028;20;;;10004.0;0.0
crash_normal_s2;40600;INTARIAN_PEPPER_ROOT;11216;13;11214;17;;;11224;19;11226;18;;;11220.0;0.0
crash_normal_s2;40600;ASH_COATED_OSMIUM;9978;11;9975;13;;;10020;12;10022;8;;;9999.0;0.0
crash_normal_s2;40700;INTARIAN_PEPPER_ROOT;11210;12;11207;16;;;11230;8;11232;23;;;11220.0;0.0
crash_normal_s2;40700;ASH_COATED_OSMIUM;9994;13;9991;14;;;10000;5;10002;10;;;9997.0;0.0
crash_normal_s2;40800;INTARIAN_PEPPER_ROOT;11203;20;11201;15;;;11239;11;11243;21;;;11221.0;0.0
crash_normal_s2;40800;ASH_COATED_OSMIUM;9997;12;9995;16;;;9999;9;10003;20;;;9998.0;0.0
crash_normal_s2;40900;INTARIAN_PEPPER_ROOT;11219;14;11215;23;;;11223;11;11225;15;;;11221.0;0.0
crash_normal_s2;40900;ASH_COATED_OSMIUM;9994;11;9991;14;;;9998;12;10000;18;;;9996.0;0.0
crash_normal_s2;41000;INTARIAN_PEPPER_ROOT;11219;8;11217;17;;;11229;11;11232;17;;;11224.0;0.0
crash_normal_s2;41000;ASH_COATED_OSMIUM;9997;21;9995;20;;;10001;10;10005;18;;;9999.0;0.0
crash_normal_s2;41100;INTARIAN_PEPPER_ROOT;11223;14;11221;19;;;11225;10;11227;16;;;11224.0;0.0
crash_normal_s2;41100;ASH_COATED_OSMIUM;9976;19;9973;20;;;10028;15;10031;20;;;10002.0;0.0
crash_normal_s2;41200;INTARIAN_PEPPER_ROOT;11218;17;11214;16;;;11234;21;11236;14;;;11226.0;0.0
crash_normal_s2;41200;ASH_COATED_OSMIUM;9991;20;9987;24;;;10005;13;10007;27;;;9998.0;0.0
crash_normal_s2;41300;INTARIAN_PEPPER_ROOT;11222;11;11220;29;;;11228;16;11230;9;;;11225.0;0.0
crash_normal_s2;41300;ASH_COATED_OSMIUM;9981;6;9978;21;;;10013;9;10015;18;;;9997.0;0.0
crash_normal_s2;41400;INTARIAN_PEPPER_ROOT;11225;17;11221;22;;;11229;9;11233;28;;;11227.0;0.0
crash_normal_s2;41400;ASH_COATED_OSMIUM;9995;13;9992;21;;;10001;12;10003;18;;;9998.0;0.0
crash_normal_s2;41500;INTARIAN_PEPPER_ROOT;11214;25;11210;20;;;11242;8;11245;25;;;11228.0;0.0
crash_normal_s2;41500;ASH_COATED_OSMIUM;9973;7;9971;21;;;10019;14;10022;14;;;9996.0;0.0
crash_normal_s2;41600;INTARIAN_PEPPER_ROOT;11228;14;11224;17;;;11230;23;11232;24;;;11229.0;0.0
crash_normal_s2;41600;ASH_COATED_OSMIUM;9991;16;9989;21;;;10001;13;10004;21;;;9996.0;0.0
crash_normal_s2;41700;INTARIAN_PEPPER_ROOT;11228;14;11226;11;;;11230;18;11232;14;;;11229.0;0.0
crash_normal_s2;41700;ASH_COATED_OSMIUM;9992;17;9988;18;;;9998;16;10001;14;;;9995.0;0.0
crash_normal_s2;41800;INTARIAN_PEPPER_ROOT;11217;12;11213;21;;;11237;20;11241;26;;;11227.0;0.0
crash_normal_s2;41800;ASH_COATED_OSMIUM;9991;14;9987;24;;;9997;19;10000;20;;;9994.0;0.0
crash_normal_s2;41900;INTARIAN_PEPPER_ROOT;11210;9;11208;26;;;11244;20;11246;24;;;11227.0;0.0
crash_normal_s2;41900;ASH_COATED_OSMIUM;9989;13;9986;14;;;10001;12;10004;19;;;9995.0;0.0
crash_normal_s2;42000;INTARIAN_PEPPER_ROOT;11224;12;11222;17;;;11236;20;11240;19;;;11230.0;0.0
crash_normal_s2;42000;ASH_COATED_OSMIUM;10000;9;9997;11;;;10002;5;10005;14;;;10001.0;0.0
crash_normal_s2;42100;INTARIAN_PEPPER_ROOT;11225;17;11222;22;;;11231;24;11233;21;;;11228.0;0.0
crash_normal_s2;42100;ASH_COATED_OSMIUM;9997;12;9993;20;;;9999;6;10001;23;;;9998.0;0.0
crash_normal_s2;42200;INTARIAN_PEPPER_ROOT;11224;12;11220;23;;;11226;12;11228;19;;;11225.0;0.0
crash_normal_s2;42200;ASH_COATED_OSMIUM;9995;17;9991;22;;;10001;16;10003;16;;;9998.0;0.0
crash_normal_s2;42300;INTARIAN_PEPPER_ROOT;11221;16;11218;16;;;11229;11;11233;23;;;11225.0;0.0
crash_normal_s2;42300;ASH_COATED_OSMIUM;9993;19;9990;13;;;10007;18;10009;16;;;10000.0;0.0
crash_normal_s2;42400;INTARIAN_PEPPER_ROOT;11221;10;11217;27;;;11235;14;11237;27;;;11228.0;0.0
crash_normal_s2;42400;ASH_COATED_OSMIUM;9996;15;9992;26;;;10004;14;10008;16;;;10000.0;0.0
crash_normal_s2;42500;INTARIAN_PEPPER_ROOT;11224;18;11221;23;;;11228;8;11230;16;;;11226.0;0.0
crash_normal_s2;42500;ASH_COATED_OSMIUM;9991;9;9988;23;;;10007;8;10009;16;;;9999.0;0.0
crash_normal_s2;42600;INTARIAN_PEPPER_ROOT;11221;17;11218;18;;;11229;11;11233;23;;;11225.0;0.0
crash_normal_s2;42600;ASH_COATED_OSMIUM;9979;17;9976;17;;;10017;11;10019;20;;;9998.0;0.0
crash_normal_s2;42700;INTARIAN_PEPPER_ROOT;11225;19;11222;17;;;11227;12;11229;20;;;11226.0;0.0
crash_normal_s2;42700;ASH_COATED_OSMIUM;9983;6;9979;31;;;10005;12;10007;21;;;9994.0;0.0
crash_normal_s2;42800;INTARIAN_PEPPER_ROOT;11214;16;11210;25;;;11238;12;11242;18;;;11226.0;0.0
crash_normal_s2;42800;ASH_COATED_OSMIUM;9992;14;9989;19;;;10000;8;10003;20;;;9996.0;0.0
crash_normal_s2;42900;INTARIAN_PEPPER_ROOT;11193;10;11190;13;;;11261;22;11263;21;;;11227.0;0.0
crash_normal_s2;42900;ASH_COATED_OSMIUM;9989;19;9987;13;;;10005;18;10009;14;;;9997.0;0.0
crash_normal_s2;43000;INTARIAN_PEPPER_ROOT;11228;21;11224;19;;;11232;22;11235;16;;;11230.0;0.0
crash_normal_s2;43000;ASH_COATED_OSMIUM;9999;10;9995;22;;;10001;10;10005;8;;;10000.0;0.0
crash_normal_s2;43100;INTARIAN_PEPPER_ROOT;11229;19;11225;15;;;11231;18;11235;24;;;11230.0;0.0
crash_normal_s2;43100;ASH_COATED_OSMIUM;9984;21;9980;14;;;10010;8;10012;21;;;9997.0;0.0
crash_normal_s2;43200;INTARIAN_PEPPER_ROOT;11224;14;11222;19;;;11238;13;11242;18;;;11231.0;0.0
crash_normal_s2;43200;ASH_COATED_OSMIUM;9987;11;9984;23;;;9993;10;9997;20;;;9990.0;0.0
crash_normal_s2;43300;INTARIAN_PEPPER_ROOT;11231;8;11227;22;;;11235;23;11238;21;;;11233.0;0.0
crash_normal_s2;43300;ASH_COATED_OSMIUM;9982;23;9979;12;;;9990;5;9993;15;;;9986.0;0.0
crash_normal_s2;43400;INTARIAN_PEPPER_ROOT;11233;17;11230;17;;;11235;17;11239;23;;;11234.0;0.0
crash_normal_s2;43400;ASH_COATED_OSMIUM;9985;11;9982;12;;;9995;12;9998;20;;;9990.0;0.0
crash_normal_s2;43500;INTARIAN_PEPPER_ROOT;11231;20;11228;13;;;11233;16;11235;23;;;11232.0;0.0
crash_normal_s2;43500;ASH_COATED_OSMIUM;9994;6;9990;17;;;9998;16;10000;16;;;9996.0;0.0
crash_normal_s2;43600;INTARIAN_PEPPER_ROOT;11229;11;11226;14;;;11231;16;11234;17;;;11230.0;0.0
crash_normal_s2;43600;ASH_COATED_OSMIUM;9988;17;9985;13;;;9998;11;10000;17;;;9993.0;0.0
crash_normal_s2;43700;INTARIAN_PEPPER_ROOT;11192;23;11190;11;;;11266;5;11269;22;;;11229.0;0.0
crash_normal_s2;43700;ASH_COATED_OSMIUM;9996;8;9993;26;;;9998;7;10002;22;;;9997.0;0.0
crash_normal_s2;43800;INTARIAN_PEPPER_ROOT;11231;11;11227;22;;;11235;8;11239;23;;;11233.0;0.0
crash_normal_s2;43800;ASH_COATED_OSMIUM;9991;9;9989;19;;;10005;20;10007;20;;;9998.0;0.0
crash_normal_s2;43900;INTARIAN_PEPPER_ROOT;11218;17;11216;15;;;11248;10;11252;24;;;11233.0;0.0
crash_normal_s2;43900;ASH_COATED_OSMIUM;9986;13;9983;20;;;10006;10;10010;21;;;9996.0;0.0
crash_normal_s2;44000;INTARIAN_PEPPER_ROOT;11234;15;11232;15;;;11236;15;11239;17;;;11235.0;0.0
crash_normal_s2;44000;ASH_COATED_OSMIUM;9995;7;9993;17;;;9997;11;10001;30;;;9996.0;0.0
crash_normal_s2;44100;INTARIAN_PEPPER_ROOT;11229;12;11226;10;;;11245;17;11248;28;;;11237.0;0.0
crash_normal_s2;44100;ASH_COATED_OSMIUM;9997;19;9995;15;;;9999;15;10003;12;;;9998.0;0.0
crash_normal_s2;44200;INTARIAN_PEPPER_ROOT;11234;15;11232;24;;;11238;18;11242;18;;;11236.0;0.0
crash_normal_s2;44200;ASH_COATED_OSMIUM;9981;11;9977;15;;;10015;12;10017;16;;;9998.0;0.0
crash_normal_s2;44300;INTARIAN_PEPPER_ROOT;11229;16;11226;8;;;11245;7;11249;13;;;11237.0;0.0
crash_normal_s2;44300;ASH_COATED_OSMIUM;9990;18;9986;27;;;10012;11;10014;20;;;10001.0;0.0
crash_normal_s2;44400;INTARIAN_PEPPER_ROOT;11236;8;11233;24;;;11238;11;11242;12;;;11237.0;0.0
crash_normal_s2;44400;ASH_COATED_OSMIUM;9994;19;9992;21;;;10008;9;10012;12;;;10001.0;0.0
crash_normal_s2;44500;INTARIAN_PEPPER_ROOT;11232;15;11229;17;;;11234;19;11237;18;;;11233.0;0.0
crash_normal_s2;44500;ASH_COATED_OSMIUM;9997;18;9995;16;;;9999;11;10001;24;;;9998.0;0.0
crash_normal_s2;44600;INTARIAN_PEPPER_ROOT;11231;12;11229;25;;;11235;11;11238;22;;;11233.0;0.0
crash_normal_s2;44600;ASH_COATED_OSMIUM;9994;8;9991;16;;;10004;12;10006;23;;;9999.0;0.0
crash_normal_s2;44700;INTARIAN_PEPPER_ROOT;11231;15;11227;22;;;11233;22;11237;23;;;11232.0;0.0
crash_normal_s2;44700;ASH_COATED_OSMIUM;9997;13;9995;14;;;10009;15;10013;21;;;10003.0;0.0
crash_normal_s2;44800;INTARIAN_PEPPER_ROOT;11211;24;11209;13;;;11251;13;11254;19;;;11231.0;0.0
crash_normal_s2;44800;ASH_COATED_OSMIUM;9991;10;9989;11;;;10011;5;10014;17;;;10001.0;0.0
crash_normal_s2;44900;INTARIAN_PEPPER_ROOT;11214;9;11211;27;;;11252;20;11256;16;;;11233.0;0.0
crash_normal_s2;44900;ASH_COATED_OSMIUM;9999;12;9997;25;;;10001;8;10004;15;;;10000.0;0.0
crash_normal_s2;45000;INTARIAN_PEPPER_ROOT;11235;18;11231;18;;;11241;11;11245;21;;;11238.0;0.0
crash_normal_s2;45000;ASH_COATED_OSMIUM;9992;16;9989;25;;;10004;12;10006;16;;;9998.0;0.0
crash_normal_s2;45100;INTARIAN_PEPPER_ROOT;11234;18;11231;16;;;11240;11;11243;26;;;11237.0;0.0
crash_normal_s2;45100;ASH_COATED_OSMIUM;9996;9;9992;14;;;10002;11;10006;29;;;9999.0;0.0
crash_normal_s2;45200;INTARIAN_PEPPER_ROOT;11236;10;11233;17;;;11240;22;11244;14;;;11238.0;0.0
crash_normal_s2;45200;ASH_COATED_OSMIUM;9994;10;9992;28;;;10002;24;10006;27;;;9998.0;0.0
crash_normal_s2;45300;INTARIAN_PEPPER_ROOT;11238;12;11235;12;;;11240;20;11244;25;;;11239.0;0.0
crash_normal_s2;45300;ASH_COATED_OSMIUM;9984;6;9982;20;;;10008;11;10012;25;;;9996.0;0.0
crash_normal_s2;45400;INTARIAN_PEPPER_ROOT;11238;13;11236;30;;;11242;22;11245;16;;;11240.0;0.0
crash_normal_s2;45400;ASH_COATED_OSMIUM;9995;16;9991;29;;;9999;16;10003;24;;;9997.0;0.0
crash_normal_s2;45500;INTARIAN_PEPPER_ROOT;11238;10;11235;27;;;11242;21;11246;21;;;11240.0;0.0
crash_normal_s2;45500;ASH_COATED_OSMIUM;9993;11;9990;18;;;9995;16;9998;16;;;9994.0;0.0
crash_normal_s2;45600;INTARIAN_PEPPER_ROOT;11237;19;11235;16;;;11239;19;11242;19;;;11238.0;0.0
crash_normal_s2;45600;ASH_COATED_OSMIUM;9997;18;9993;21;;;10001;13;10004;12;;;9999.0;0.0
crash_normal_s2;45700;INTARIAN_PEPPER_ROOT;11236;5;11232;29;;;11238;15;11241;17;;;11237.0;0.0
crash_normal_s2;45700;ASH_COATED_OSMIUM;10000;11;9997;28;;;10002;12;10005;17;;;10001.0;0.0
crash_normal_s2;45800;INTARIAN_PEPPER_ROOT;11225;12;11223;12;;;11249;22;11252;20;;;11237.0;0.0
crash_normal_s2;45800;ASH_COATED_OSMIUM;9970;13;9968;26;;;10034;13;10038;22;;;10002.0;0.0
crash_normal_s2;45900;INTARIAN_PEPPER_ROOT;11233;11;11231;17;;;11237;15;11240;22;;;11235.0;0.0
crash_normal_s2;45900;ASH_COATED_OSMIUM;9996;5;9994;10;;;10014;6;10017;25;;;10005.0;0.0
crash_normal_s2;46000;INTARIAN_PEPPER_ROOT;11231;14;11227;17;;;11237;8;11239;24;;;11234.0;0.0
crash_normal_s2;46000;ASH_COATED_OSMIUM;10004;28;10002;15;;;10006;13;10010;26;;;10005.0;0.0
crash_normal_s2;46100;INTARIAN_PEPPER_ROOT;11225;12;11223;34;;;11241;5;11243;22;;;11233.0;0.0
crash_normal_s2;46100;ASH_COATED_OSMIUM;9981;16;9977;9;;;10027;28;10029;16;;;10004.0;0.0
crash_normal_s2;46200;INTARIAN_PEPPER_ROOT;11229;8;11226;15;;;11243;16;11246;23;;;11236.0;0.0
crash_normal_s2;46200;ASH_COATED_OSMIUM;9987;26;9985;11;;;10031;11;10034;22;;;10009.0;0.0
crash_normal_s2;46300;INTARIAN_PEPPER_ROOT;11224;16;11220;13;;;11240;8;11244;26;;;11232.0;0.0
crash_normal_s2;46300;ASH_COATED_OSMIUM;10004;18;10002;21;;;10018;12;10021;15;;;10011.0;0.0
crash_normal_s2;46400;INTARIAN_PEPPER_ROOT;11232;5;11229;20;;;11242;10;11244;26;;;11237.0;0.0
crash_normal_s2;46400;ASH_COATED_OSMIUM;10004;8;10000;20;;;10012;15;10015;17;;;10008.0;0.0
crash_normal_s2;46500;INTARIAN_PEPPER_ROOT;11227;19;11225;20;;;11247;15;11251;20;;;11237.0;0.0
crash_normal_s2;46500;ASH_COATED_OSMIUM;9961;20;9957;16;;;10049;30;10052;20;;;10005.0;0.0
crash_normal_s2;46600;INTARIAN_PEPPER_ROOT;11220;19;11216;18;;;11248;13;11252;20;;;11234.0;0.0
crash_normal_s2;46600;ASH_COATED_OSMIUM;9983;5;9979;21;;;10029;17;10031;17;;;10006.0;0.0
crash_normal_s2;46700;INTARIAN_PEPPER_ROOT;11232;13;11228;10;;;11234;12;11238;20;;;11233.0;0.0
crash_normal_s2;46700;ASH_COATED_OSMIUM;9999;8;9995;16;;;10011;12;10014;20;;;10005.0;0.0
crash_normal_s2;46800;INTARIAN_PEPPER_ROOT;11224;12;11222;22;;;11246;12;11250;21;;;11235.0;0.0
crash_normal_s2;46800;ASH_COATED_OSMIUM;9998;13;9994;16;;;10010;12;10013;27;;;10004.0;0.0
crash_normal_s2;46900;INTARIAN_PEPPER_ROOT;11237;12;11235;23;;;11239;7;11243;27;;;11238.0;0.0
crash_normal_s2;46900;ASH_COATED_OSMIUM;9990;15;9988;14;;;10030;5;10033;21;;;10010.0;0.0
crash_normal_s2;47000;INTARIAN_PEPPER_ROOT;11231;20;11228;22;;;11241;10;11243;19;;;11236.0;0.0
crash_normal_s2;47000;ASH_COATED_OSMIUM;10004;12;10002;16;;;10014;11;10016;23;;;10009.0;0.0
crash_normal_s2;47100;INTARIAN_PEPPER_ROOT;11236;15;11232;27;;;11238;7;11241;20;;;11237.0;0.0
crash_normal_s2;47100;ASH_COATED_OSMIUM;10003;16;9999;19;;;10019;5;10021;16;;;10011.0;0.0
crash_normal_s2;47200;INTARIAN_PEPPER_ROOT;11227;8;11224;20;;;11249;11;11252;18;;;11238.0;0.0
crash_normal_s2;47200;ASH_COATED_OSMIUM;9994;5;9990;15;;;10040;15;10044;17;;;10017.0;0.0
crash_normal_s2;47300;INTARIAN_PEPPER_ROOT;11235;13;11233;14;;;11241;12;11243;13;;;11238.0;0.0
crash_normal_s2;47300;ASH_COATED_OSMIUM;10015;7;10011;19;;;10021;12;10023;21;;;10018.0;0.0
crash_normal_s2;47400;INTARIAN_PEPPER_ROOT;11231;10;11228;15;;;11245;17;11248;11;;;11238.0;0.0
crash_normal_s2;47400;ASH_COATED_OSMIUM;10017;10;10014;24;;;10019;15;10021;20;;;10018.0;0.0
crash_normal_s2;47500;INTARIAN_PEPPER_ROOT;11238;18;11235;16;;;11244;15;11248;20;;;11241.0;0.0
crash_normal_s2;47500;ASH_COATED_OSMIUM;10014;17;10010;16;;;10018;7;10021;16;;;10016.0;0.0
crash_normal_s2;47600;INTARIAN_PEPPER_ROOT;11235;12;11231;27;;;11239;19;11241;15;;;11237.0;0.0
crash_normal_s2;47600;ASH_COATED_OSMIUM;10002;18;9998;16;;;10030;15;10034;15;;;10016.0;0.0
crash_normal_s2;47700;INTARIAN_PEPPER_ROOT;11232;17;11228;13;;;11234;15;11238;17;;;11233.0;0.0
crash_normal_s2;47700;ASH_COATED_OSMIUM;10009;14;10005;17;;;10023;14;10027;11;;;10016.0;0.0
crash_normal_s2;47800;INTARIAN_PEPPER_ROOT;11218;20;11216;17;;;11250;16;11254;22;;;11234.0;0.0
crash_normal_s2;47800;ASH_COATED_OSMIUM;10013;12;10011;12;;;10015;20;10019;14;;;10014.0;0.0
crash_normal_s2;47900;INTARIAN_PEPPER_ROOT;11221;8;11217;22;;;11249;15;11251;16;;;11235.0;0.0
crash_normal_s2;47900;ASH_COATED_OSMIUM;10001;9;9999;32;;;10021;12;10024;24;;;10011.0;0.0
crash_normal_s2;48000;INTARIAN_PEPPER_ROOT;11227;17;11223;13;;;11247;11;11250;22;;;11237.0;0.0
crash_normal_s2;48000;ASH_COATED_OSMIUM;9999;19;9995;16;;;10023;5;10026;19;;;10011.0;0.0
crash_normal_s2;48100;INTARIAN_PEPPER_ROOT;11225;12;11222;25;;;11243;16;11247;22;;;11234.0;0.0
crash_normal_s2;48100;ASH_COATED_OSMIUM;10004;19;10000;16;;;10008;10;10011;17;;;10006.0;0.0
crash_normal_s2;48200;INTARIAN_PEPPER_ROOT;11231;13;11227;21;;;11235;15;11238;20;;;11233.0;0.0
crash_normal_s2;48200;ASH_COATED_OSMIUM;9999;8;9997;22;;;10011;5;10013;30;;;10005.0;0.0
crash_normal_s2;48300;INTARIAN_PEPPER_ROOT;11230;17;11227;12;;;11242;10;11244;21;;;11236.0;0.0
crash_normal_s2;48300;ASH_COATED_OSMIUM;10001;20;9999;19;;;10007;11;10009;17;;;10004.0;0.0
crash_normal_s2;48400;INTARIAN_PEPPER_ROOT;11228;17;11225;20;;;11240;12;11242;20;;;11234.0;0.0
crash_normal_s2;48400;ASH_COATED_OSMIUM;10002;22;10000;20;;;10004;11;10006;22;;;10003.0;0.0
crash_normal_s2;48500;INTARIAN_PEPPER_ROOT;11220;18;11217;19;;;11250;12;11252;17;;;11235.0;0.0
crash_normal_s2;48500;ASH_COATED_OSMIUM;9989;18;9985;13;;;10009;6;10012;8;;;9999.0;0.0
crash_normal_s2;48600;INTARIAN_PEPPER_ROOT;11233;16;11231;20;;;11235;12;11237;11;;;11234.0;0.0
crash_normal_s2;48600;ASH_COATED_OSMIUM;9968;10;9964;17;;;10024;11;10028;24;;;9996.0;0.0
crash_normal_s2;48700;INTARIAN_PEPPER_ROOT;11226;20;11224;17;;;11242;17;11244;21;;;11234.0;0.0
crash_normal_s2;48700;ASH_COATED_OSMIUM;9993;8;9989;15;;;10003;9;10005;19;;;9998.0;0.0
crash_normal_s2;48800;INTARIAN_PEPPER_ROOT;11230;9;11226;13;;;11232;13;11235;26;;;11231.0;0.0
crash_normal_s2;48800;ASH_COATED_OSMIUM;10002;13;9999;21;;;10006;16;10010;19;;;10004.0;0.0
crash_normal_s2;48900;INTARIAN_PEPPER_ROOT;11225;12;11223;25;;;11243;19;11246;18;;;11234.0;0.0
crash_normal_s2;48900;ASH_COATED_OSMIUM;9981;5;9979;20;;;10031;9;10033;17;;;10006.0;0.0
crash_normal_s2;49000;INTARIAN_PEPPER_ROOT;11222;24;11218;20;;;11240;12;11244;22;;;11231.0;0.0
crash_normal_s2;49000;ASH_COATED_OSMIUM;9999;11;9996;22;;;10009;13;10013;15;;;10004.0;0.0
crash_normal_s2;49100;INTARIAN_PEPPER_ROOT;11228;5;11226;19;;;11230;10;11234;20;;;11229.0;0.0
crash_normal_s2;49100;ASH_COATED_OSMIUM;9995;15;9993;31;;;10009;10;10012;18;;;10002.0;0.0
crash_normal_s2;49200;INTARIAN_PEPPER_ROOT;11216;17;11214;21;;;11240;11;11243;19;;;11228.0;0.0
crash_normal_s2;49200;ASH_COATED_OSMIUM;9992;12;9989;23;;;9998;5;10002;18;;;9995.0;0.0
crash_normal_s2;49300;INTARIAN_PEPPER_ROOT;11228;13;11225;21;;;11232;23;11234;10;;;11230.0;0.0
crash_normal_s2;49300;ASH_COATED_OSMIUM;9968;14;9964;21;;;10016;16;10020;25;;;9992.0;0.0
crash_normal_s2;49400;INTARIAN_PEPPER_ROOT;11230;14;11226;21;;;11232;25;11234;22;;;11231.0;0.0
crash_normal_s2;49400;ASH_COATED_OSMIUM;9978;5;9974;16;;;10010;5;10013;18;;;9994.0;0.0
crash_normal_s2;49500;INTARIAN_PEPPER_ROOT;11233;18;11230;18;;;11235;11;11239;13;;;11234.0;0.0
crash_normal_s2;49500;ASH_COATED_OSMIUM;9993;11;9989;22;;;10003;11;10006;27;;;9998.0;0.0
crash_normal_s2;49600;INTARIAN_PEPPER_ROOT;11234;12;11230;23;;;11236;9;11238;23;;;11235.0;0.0
crash_normal_s2;49600;ASH_COATED_OSMIUM;9979;10;9977;19;;;10015;20;10017;23;;;9997.0;0.0
crash_normal_s2;49700;INTARIAN_PEPPER_ROOT;11228;5;11224;16;;;11242;13;11244;16;;;11235.0;0.0
crash_normal_s2;49700;ASH_COATED_OSMIUM;9984;19;9981;26;;;10008;24;10010;16;;;9996.0;0.0
crash_normal_s2;49800;INTARIAN_PEPPER_ROOT;11226;15;11224;20;;;11246;16;11250;20;;;11236.0;0.0
crash_normal_s2;49800;ASH_COATED_OSMIUM;9996;10;9993;16;;;9998;10;10000;22;;;9997.0;0.0
crash_normal_s2;49900;INTARIAN_PEPPER_ROOT;11238;11;11236;8;;;11242;8;11246;17;;;11240.0;0.0
crash_normal_s2;49900;ASH_COATED_OSMIUM;9995;12;9993;25;;;9999;10;10001;15;;;9997.0;0.0
crash_normal_s2;50000;INTARIAN_PEPPER_ROOT;11238;13;11236;28;;;11244;14;11247;12;;;11241.0;0.0
crash_normal_s2;50000;ASH_COATED_OSMIUM;9988;11;9985;30;;;10006;24;10009;29;;;9997.0;0.0
crash_normal_s2;50100;INTARIAN_PEPPER_ROOT;11218;9;11216;24;;;11260;9;11264;11;;;11239.0;0.0
crash_normal_s2;50100;ASH_COATED_OSMIUM;9991;17;9987;20;;;9997;23;10001;23;;;9994.0;0.0
crash_normal_s2;50200;INTARIAN_PEPPER_ROOT;11224;13;11221;19;;;11258;10;11261;21;;;11241.0;0.0
crash_normal_s2;50200;ASH_COATED_OSMIUM;9984;8;9981;18;;;10008;22;10012;25;;;9996.0;0.0
crash_normal_s2;50300;INTARIAN_PEPPER_ROOT;11218;11;11216;11;;;11266;10;11268;20;;;11242.0;0.0
crash_normal_s2;50300;ASH_COATED_OSMIUM;9994;15;9992;18;;;9996;12;9999;23;;;9995.0;0.0
crash_normal_s2;50400;INTARIAN_PEPPER_ROOT;11239;13;11236;33;;;11243;9;11246;25;;;11241.0;0.0
crash_normal_s2;50400;ASH_COATED_OSMIUM;9994;5;9992;19;;;9996;15;10000;23;;;9995.0;0.0
crash_normal_s2;50500;INTARIAN_PEPPER_ROOT;11238;17;11235;20;;;11244;16;11248;26;;;11241.0;0.0
crash_normal_s2;50500;ASH_COATED_OSMIUM;9992;17;9990;15;;;10006;9;10009;17;;;9999.0;0.0
crash_normal_s2;50600;INTARIAN_PEPPER_ROOT;11234;14;11231;21;;;11246;5;11249;11;;;11240.0;0.0
crash_normal_s2;50600;ASH_COATED_OSMIUM;9986;12;9982;11;;;10020;17;10023;17;;;10003.0;0.0
crash_normal_s2;50700;INTARIAN_PEPPER_ROOT;11230;17;11228;21;;;11258;16;11260;17;;;11244.0;0.0
crash_normal_s2;50700;ASH_COATED_OSMIUM;9992;12;9988;32;;;10010;12;10013;12;;;10001.0;0.0
crash_normal_s2;50800;INTARIAN_PEPPER_ROOT;11242;10;11238;27;;;11246;24;11250;24;;;11244.0;0.0
crash_normal_s2;50800;ASH_COATED_OSMIUM;9993;18;9989;20;;;10011;5;10015;25;;;10002.0;0.0
crash_normal_s2;50900;INTARIAN_PEPPER_ROOT;11228;15;11224;22;;;11252;10;11255;23;;;11240.0;0.0
crash_normal_s2;50900;ASH_COATED_OSMIUM;9988;7;9985;18;;;10014;11;10017;20;;;10001.0;0.0
crash_normal_s2;51000;INTARIAN_PEPPER_ROOT;11213;26;11211;18;;;11269;11;11271;28;;;11241.0;0.0
crash_normal_s2;51000;ASH_COATED_OSMIUM;9990;18;9988;20;;;10006;5;10010;23;;;9998.0;0.0
crash_normal_s2;51100;INTARIAN_PEPPER_ROOT;11239;16;11236;16;;;11241;14;11245;12;;;11240.0;0.0
crash_normal_s2;51100;ASH_COATED_OSMIUM;9981;9;9979;18;;;10013;10;10017;17;;;9997.0;0.0
crash_normal_s2;51200;INTARIAN_PEPPER_ROOT;11242;26;11239;30;;;11244;13;11246;17;;;11243.0;0.0
crash_normal_s2;51200;ASH_COATED_OSMIUM;9998;9;9995;21;;;10000;18;10004;16;;;9999.0;0.0
crash_normal_s2;51300;INTARIAN_PEPPER_ROOT;11243;13;11241;24;;;11245;7;11249;19;;;11244.0;0.0
crash_normal_s2;51300;ASH_COATED_OSMIUM;9981;7;9978;24;;;10009;12;10011;16;;;9995.0;0.0
crash_normal_s2;51400;INTARIAN_PEPPER_ROOT;11226;25;11224;21;;;11256;22;11258;18;;;11241.0;0.0
crash_normal_s2;51400;ASH_COATED_OSMIUM;9990;11;9986;18;;;10002;11;10006;10;;;9996.0;0.0
crash_normal_s2;51500;INTARIAN_PEPPER_ROOT;11238;12;11234;22;;;11242;19;11244;22;;;11240.0;0.0
crash_normal_s2;51500;ASH_COATED_OSMIUM;10002;9;9998;26;;;10004;20;10006;12;;;10003.0;0.0
crash_normal_s2;51600;INTARIAN_PEPPER_ROOT;11218;11;11216;22;;;11260;15;11262;22;;;11239.0;0.0
crash_normal_s2;51600;ASH_COATED_OSMIUM;10002;20;9998;10;;;10004;9;10008;15;;;10003.0;0.0
crash_normal_s2;51700;INTARIAN_PEPPER_ROOT;11237;19;11233;13;;;11239;17;11242;18;;;11238.0;0.0
crash_normal_s2;51700;ASH_COATED_OSMIUM;10006;10;10002;18;;;10008;11;10012;21;;;10007.0;0.0
crash_normal_s2;51800;INTARIAN_PEPPER_ROOT;11231;9;11228;19;;;11245;19;11249;21;;;11238.0;0.0
crash_normal_s2;51800;ASH_COATED_OSMIUM;10006;14;10003;22;;;10008;16;10010;10;;;10007.0;0.0
crash_normal_s2;51900;INTARIAN_PEPPER_ROOT;11231;13;11228;15;;;11237;19;11240;13;;;11234.0;0.0
crash_normal_s2;51900;ASH_COATED_OSMIUM;9997;16;9994;11;;;10017;15;10020;25;;;10007.0;0.0
crash_normal_s2;52000;INTARIAN_PEPPER_ROOT;11233;12;11229;17;;;11235;11;11237;15;;;11234.0;0.0
crash_normal_s2;52000;ASH_COATED_OSMIUM;9991;15;9988;18;;;10019;18;10021;19;;;10005.0;0.0
crash_normal_s2;52100;INTARIAN_PEPPER_ROOT;11212;16;11210;20;;;11254;12;11258;12;;;11233.0;0.0
crash_normal_s2;52100;ASH_COATED_OSMIUM;10001;10;9999;11;;;10009;10;10011;19;;;10005.0;0.0
crash_normal_s2;52200;INTARIAN_PEPPER_ROOT;11209;6;11207;17;;;11255;14;11258;20;;;11232.0;0.0
crash_normal_s2;52200;ASH_COATED_OSMIUM;9996;11;9994;15;;;10014;14;10017;19;;;10005.0;0.0
crash_normal_s2;52300;INTARIAN_PEPPER_ROOT;11217;13;11213;13;;;11251;13;11254;22;;;11234.0;0.0
crash_normal_s2;52300;ASH_COATED_OSMIUM;10002;12;9999;20;;;10004;14;10006;15;;;10003.0;0.0
crash_normal_s2;52400;INTARIAN_PEPPER_ROOT;11222;14;11218;17;;;11256;9;11260;17;;;11239.0;0.0
crash_normal_s2;52400;ASH_COATED_OSMIUM;9996;17;9993;23;;;10004;16;10006;22;;;10000.0;0.0
crash_normal_s2;52500;INTARIAN_PEPPER_ROOT;11237;18;11233;21;;;11239;9;11241;24;;;11238.0;0.0
crash_normal_s2;52500;ASH_COATED_OSMIUM;9976;13;9972;13;;;10028;10;10032;30;;;10002.0;0.0
crash_normal_s2;52600;INTARIAN_PEPPER_ROOT;11241;5;11239;14;;;11243;15;11245;14;;;11242.0;0.0
crash_normal_s2;52600;ASH_COATED_OSMIUM;9995;19;9991;15;;;10005;12;10007;17;;;10000.0;0.0
crash_normal_s2;52700;INTARIAN_PEPPER_ROOT;11235;13;11231;19;;;11241;13;11244;16;;;11238.0;0.0
crash_normal_s2;52700;ASH_COATED_OSMIUM;9995;5;9993;8;;;10007;19;10011;20;;;10001.0;0.0
crash_normal_s2;52800;INTARIAN_PEPPER_ROOT;11231;10;11228;22;;;11247;8;11249;22;;;11239.0;0.0
crash_normal_s2;52800;ASH_COATED_OSMIUM;9993;19;9991;25;;;10009;8;10013;17;;;10001.0;0.0
crash_normal_s2;52900;INTARIAN_PEPPER_ROOT;11237;9;11233;28;;;11241;13;11243;19;;;11239.0;0.0
crash_normal_s2;52900;ASH_COATED_OSMIUM;9995;14;9991;22;;;10009;15;10011;18;;;10002.0;0.0
crash_normal_s2;53000;INTARIAN_PEPPER_ROOT;11238;15;11236;23;;;11242;5;11244;24;;;11240.0;0.0
crash_normal_s2;53000;ASH_COATED_OSMIUM;10004;17;10001;22;;;10006;13;10010;16;;;10005.0;0.0
crash_normal_s2;53100;INTARIAN_PEPPER_ROOT;11230;15;11228;20;;;11246;10;11249;16;;;11238.0;0.0
crash_normal_s2;53100;ASH_COATED_OSMIUM;9994;8;9990;26;;;10018;9;10021;22;;;10006.0;0.0
crash_normal_s2;53200;INTARIAN_PEPPER_ROOT;11236;21;11234;25;;;11238;14;11242;26;;;11237.0;0.0
crash_normal_s2;53200;ASH_COATED_OSMIUM;10004;14;10001;20;;;10006;5;10008;29;;;10005.0;0.0
crash_normal_s2;53300;INTARIAN_PEPPER_ROOT;11235;15;11233;19;;;11239;10;11242;18;;;11237.0;0.0
crash_normal_s2;53300;ASH_COATED_OSMIUM;10002;14;10000;25;;;10010;18;10012;11;;;10006.0;0.0
crash_normal_s2;53400;INTARIAN_PEPPER_ROOT;11188;5;11185;20;;;11286;12;11288;22;;;11237.0;0.0
crash_normal_s2;53400;ASH_COATED_OSMIUM;10002;12;9998;19;;;10014;6;10018;24;;;10008.0;0.0
crash_normal_s2;53500;INTARIAN_PEPPER_ROOT;11230;14;11228;15;;;11246;5;11250;23;;;11238.0;0.0
crash_normal_s2;53500;ASH_COATED_OSMIUM;9998;16;9995;16;;;10012;21;10014;15;;;10005.0;0.0
crash_normal_s2;53600;INTARIAN_PEPPER_ROOT;11239;12;11236;18;;;11249;22;11253;21;;;11244.0;0.0
crash_normal_s2;53600;ASH_COATED_OSMIUM;10004;5;10000;24;;;10006;9;10010;22;;;10005.0;0.0
crash_normal_s2;53700;INTARIAN_PEPPER_ROOT;11232;20;11228;24;;;11254;11;11257;11;;;11243.0;0.0
crash_normal_s2;53700;ASH_COATED_OSMIUM;10001;8;9998;20;;;10007;11;10009;17;;;10004.0;0.0
crash_normal_s2;53800;INTARIAN_PEPPER_ROOT;11226;5;11222;20;;;11260;17;11264;19;;;11243.0;0.0
crash_normal_s2;53800;ASH_COATED_OSMIUM;10003;15;9999;21;;;10005;12;10009;22;;;10004.0;0.0
crash_normal_s2;53900;INTARIAN_PEPPER_ROOT;11239;13;11237;27;;;11241;12;11244;22;;;11240.0;0.0
crash_normal_s2;53900;ASH_COATED_OSMIUM;9998;18;9996;24;;;10006;18;10009;27;;;10002.0;0.0
crash_normal_s2;54000;INTARIAN_PEPPER_ROOT;11225;13;11223;17;;;11247;21;11250;18;;;11236.0;0.0
crash_normal_s2;54000;ASH_COATED_OSMIUM;10003;14;10000;23;;;10005;15;10009;17;;;10004.0;0.0
crash_normal_s2;54100;INTARIAN_PEPPER_ROOT;11237;19;11234;18;;;11239;19;11242;27;;;11238.0;0.0
crash_normal_s2;54100;ASH_COATED_OSMIUM;10007;8;10004;15;;;10009;10;10012;23;;;10008.0;0.0
crash_normal_s2;54200;INTARIAN_PEPPER_ROOT;11233;14;11229;8;;;11241;16;11244;16;;;11237.0;0.0
crash_normal_s2;54200;ASH_COATED_OSMIUM;10000;15;9996;20;;;10020;21;10022;14;;;10010.0;0.0
