day;timestamp;product;bid_price_1;bid_volume_1;bid_price_2;bid_volume_2;bid_price_3;bid_volume_3;ask_price_1;ask_volume_1;ask_price_2;ask_volume_2;ask_price_3;ask_volume_3;mid_price;profit_and_loss
bull_normal_s1;0;INTARIAN_PEPPER_ROOT;9998;10;9996;15;;;10006;6;10010;24;;;10002.0;0.0
bull_normal_s1;0;ASH_COATED_OSMIUM;9998;7;9994;21;;;10002;12;10004;16;;;10000.0;0.0
bull_normal_s1;100;INTARIAN_PEPPER_ROOT;9991;19;9989;20;;;10013;14;10017;26;;;10002.0;0.0
bull_normal_s1;100;ASH_COATED_OSMIUM;9980;19;9976;28;;;10016;11;10018;27;;;9998.0;0.0
bull_normal_s1;200;INTARIAN_PEPPER_ROOT;9994;14;9991;22;;;10008;19;10012;21;;;10001.0;0.0
bull_normal_s1;200;ASH_COATED_OSMIUM;9988;6;9985;33;;;10012;13;10016;10;;;10000.0;0.0
bull_normal_s1;300;INTARIAN_PEPPER_ROOT;9997;12;9993;21;;;10001;24;10004;21;;;9999.0;0.0
bull_normal_s1;300;ASH_COATED_OSMIUM;9995;26;9991;15;;;10003;18;10005;20;;;9999.0;0.0
bull_normal_s1;400;INTARIAN_PEPPER_ROOT;10001;13;9998;16;;;10003;15;10005;20;;;10002.0;0.0
bull_normal_s1;400;ASH_COATED_OSMIUM;9990;5;9988;14;;;10002;22;10005;29;;;9996.0;0.0
bull_normal_s1;500;INTARIAN_PEPPER_ROOT;9993;18;9989;20;;;10003;13;10006;20;;;9998.0;0.0
bull_normal_s1;500;ASH_COATED_OSMIUM;9984;13;9981;21;;;10008;8;10011;29;;;9996.0;0.0
bull_normal_s1;600;INTARIAN_PEPPER_ROOT;9995;19;9992;11;;;10009;14;10012;16;;;10002.0;0.0
bull_normal_s1;600;ASH_COATED_OSMIUM;9995;10;9991;21;;;9997;18;9999;25;;;9996.0;0.0
bull_normal_s1;700;INTARIAN_PEPPER_ROOT;9986;19;9984;19;;;10014;18;10016;18;;;10000.0;0.0
bull_normal_s1;700;ASH_COATED_OSMIUM;9972;17;9968;23;;;10024;5;10026;11;;;9998.0;0.0
bull_normal_s1;800;INTARIAN_PEPPER_ROOT;10000;5;9998;21;;;10002;12;10006;22;;;10001.0;0.0
bull_normal_s1;800;ASH_COATED_OSMIUM;9996;8;9992;15;;;9998;14;10000;21;;;9997.0;0.0
bull_normal_s1;900;INTARIAN_PEPPER_ROOT;10000;12;9997;10;;;10002;18;10004;22;;;10001.0;0.0
bull_normal_s1;900;ASH_COATED_OSMIUM;9987;7;9983;20;;;10005;13;10008;21;;;9996.0;0.0
bull_normal_s1;1000;INTARIAN_PEPPER_ROOT;10001;9;9997;12;;;10005;10;10008;13;;;10003.0;0.0
bull_normal_s1;1000;ASH_COATED_OSMIUM;9992;15;9990;19;;;10004;15;10008;27;;;9998.0;0.0
bull_normal_s1;1100;INTARIAN_PEPPER_ROOT;9989;12;9986;23;;;10013;5;10016;19;;;10001.0;0.0
bull_normal_s1;1100;ASH_COATED_OSMIUM;9995;19;9991;14;;;9999;19;10001;11;;;9997.0;0.0
bull_normal_s1;1200;INTARIAN_PEPPER_ROOT;9999;24;9995;23;;;10001;16;10004;26;;;10000.0;0.0
bull_normal_s1;1200;ASH_COATED_OSMIUM;9992;16;9989;18;;;10000;12;10003;13;;;9996.0;0.0
bull_normal_s1;1300;INTARIAN_PEPPER_ROOT;9999;17;9996;20;;;10001;23;10003;20;;;10000.0;0.0
bull_normal_s1;1300;ASH_COATED_OSMIUM;9988;9;9984;13;;;10002;18;10006;18;;;9995.0;0.0
bull_normal_s1;1400;INTARIAN_PEPPER_ROOT;10001;12;9997;26;;;10003;9;10007;15;;;10002.0;0.0
bull_normal_s1;1400;ASH_COATED_OSMIUM;9992;7;9989;12;;;9994;8;9998;25;;;9993.0;0.0
bull_normal_s1;1500;INTARIAN_PEPPER_ROOT;9999;18;9996;20;;;10001;15;10003;15;;;10000.0;0.0
bull_normal_s1;1500;ASH_COATED_OSMIUM;9995;12;9991;15;;;9997;17;9999;18;;;9996.0;0.0
bull_normal_s1;1600;INTARIAN_PEPPER_ROOT;9998;10;9996;13;;;10004;14;10008;23;;;10001.0;0.0
bull_normal_s1;1600;ASH_COATED_OSMIUM;9968;5;9966;14;;;10020;11;10023;19;;;9994.0;0.0
bull_normal_s1;1700;INTARIAN_PEPPER_ROOT;9993;13;9989;25;;;10005;27;10008;31;;;9999.0;0.0
bull_normal_s1;1700;ASH_COATED_OSMIUM;9985;15;9981;17;;;10005;17;10008;14;;;9995.0;0.0
bull_normal_s1;1800;INTARIAN_PEPPER_ROOT;9999;17;9997;22;;;10001;11;10004;18;;;10000.0;0.0
bull_normal_s1;1800;ASH_COATED_OSMIUM;9990;14;9988;32;;;10000;14;10003;18;;;9995.0;0.0
bull_normal_s1;1900;INTARIAN_PEPPER_ROOT;9977;12;9973;22;;;10025;12;10027;18;;;10001.0;0.0
bull_normal_s1;1900;ASH_COATED_OSMIUM;9989;8;9985;24;;;9997;10;10001;23;;;9993.0;0.0
bull_normal_s1;2000;INTARIAN_PEPPER_ROOT;9999;17;9996;19;;;10001;16;10003;28;;;10000.0;0.0
bull_normal_s1;2000;ASH_COATED_OSMIUM;9993;12;9989;16;;;9999;9;10003;17;;;9996.0;0.0
bull_normal_s1;2100;INTARIAN_PEPPER_ROOT;9992;10;9988;27;;;10012;12;10016;16;;;10002.0;0.0
bull_normal_s1;2100;ASH_COATED_OSMIUM;9970;18;9967;19;;;10026;14;10028;20;;;9998.0;0.0
bull_normal_s1;2200;INTARIAN_PEPPER_ROOT;9998;10;9996;24;;;10008;15;10010;19;;;10003.0;0.0
bull_normal_s1;2200;ASH_COATED_OSMIUM;9994;13;9991;22;;;10006;19;10009;17;;;10000.0;0.0
bull_normal_s1;2300;INTARIAN_PEPPER_ROOT;10001;8;9997;18;;;10007;9;10009;13;;;10004.0;0.0
bull_normal_s1;2300;ASH_COATED_OSMIUM;10000;11;9996;28;;;10002;7;10004;13;;;10001.0;0.0
bull_normal_s1;2400;INTARIAN_PEPPER_ROOT;9982;9;9979;20;;;10030;25;10033;19;;;10006.0;0.0
bull_normal_s1;2400;ASH_COATED_OSMIUM;9986;5;9982;21;;;10022;12;10024;18;;;10004.0;0.0
bull_normal_s1;2500;INTARIAN_PEPPER_ROOT;10005;20;10003;20;;;10007;14;10010;15;;;10006.0;0.0
bull_normal_s1;2500;ASH_COATED_OSMIUM;10005;18;10002;14;;;10011;7;10014;15;;;10008.0;0.0
bull_normal_s1;2600;INTARIAN_PEPPER_ROOT;10001;11;9997;20;;;10009;13;10012;17;;;10005.0;0.0
bull_normal_s1;2600;ASH_COATED_OSMIUM;9998;16;9994;29;;;10006;11;10009;21;;;10002.0;0.0
bull_normal_s1;2700;INTARIAN_PEPPER_ROOT;9985;12;9982;17;;;10023;17;10027;15;;;10004.0;0.0
bull_normal_s1;2700;ASH_COATED_OSMIUM;9963;14;9961;19;;;10049;12;10051;13;;;10006.0;0.0
bull_normal_s1;2800;INTARIAN_PEPPER_ROOT;10001;12;9998;23;;;10007;23;10009;18;;;10004.0;0.0
bull_normal_s1;2800;ASH_COATED_OSMIUM;10008;11;10006;9;;;10010;5;10014;23;;;10009.0;0.0
bull_normal_s1;2900;INTARIAN_PEPPER_ROOT;9985;14;9981;8;;;10027;14;10030;20;;;10006.0;0.0
bull_normal_s1;2900;ASH_COATED_OSMIUM;9994;5;9992;19;;;10026;12;10029;20;;;10010.0;0.0
bull_normal_s1;3000;INTARIAN_PEPPER_ROOT;10004;20;10001;22;;;10006;8;10009;14;;;10005.0;0.0
bull_normal_s1;3000;ASH_COATED_OSMIUM;10010;26;10008;22;;;10014;15;10017;23;;;10012.0;0.0
bull_normal_s1;3100;INTARIAN_PEPPER_ROOT;10001;15;9999;22;;;10007;6;10009;19;;;10004.0;0.0
bull_normal_s1;3100;ASH_COATED_OSMIUM;9982;20;9980;27;;;10040;16;10042;22;;;10011.0;0.0
bull_normal_s1;3200;INTARIAN_PEPPER_ROOT;9994;5;9992;19;;;10014;16;10016;13;;;10004.0;0.0
bull_normal_s1;3200;ASH_COATED_OSMIUM;10012;5;10009;15;;;10014;21;10016;15;;;10013.0;0.0
bull_normal_s1;3300;INTARIAN_PEPPER_ROOT;9999;15;9995;19;;;10007;15;10011;21;;;10003.0;0.0
bull_normal_s1;3300;ASH_COATED_OSMIUM;10009;15;10005;21;;;10011;19;10013;26;;;10010.0;0.0
bull_normal_s1;3400;INTARIAN_PEPPER_ROOT;9991;11;9989;24;;;10013;15;10015;19;;;10002.0;0.0
bull_normal_s1;3400;ASH_COATED_OSMIUM;10007;15;10005;14;;;10009;12;10011;12;;;10008.0;0.0
bull_normal_s1;3500;INTARIAN_PEPPER_ROOT;9999;13;9997;18;;;10005;21;10008;20;;;10002.0;0.0
bull_normal_s1;3500;ASH_COATED_OSMIUM;10008;8;10005;15;;;10010;16;10014;24;;;10009.0;0.0
bull_normal_s1;3600;INTARIAN_PEPPER_ROOT;10000;20;9997;16;;;10002;12;10005;20;;;10001.0;0.0
bull_normal_s1;3600;ASH_COATED_OSMIUM;9999;10;9997;15;;;10021;6;10025;14;;;10010.0;0.0
bull_normal_s1;3700;INTARIAN_PEPPER_ROOT;9983;12;9981;18;;;10021;8;10024;28;;;10002.0;0.0
bull_normal_s1;3700;ASH_COATED_OSMIUM;10005;18;10002;19;;;10013;10;10016;21;;;10009.0;0.0
bull_normal_s1;3800;INTARIAN_PEPPER_ROOT;9992;17;9989;23;;;10016;9;10018;23;;;10004.0;0.0
bull_normal_s1;3800;ASH_COATED_OSMIUM;10002;22;9998;24;;;10004;14;10006;28;;;10003.0;0.0
bull_normal_s1;3900;INTARIAN_PEPPER_ROOT;9987;14;9983;22;;;10025;15;10029;11;;;10006.0;0.0
bull_normal_s1;3900;ASH_COATED_OSMIUM;9998;7;9996;19;;;10000;6;10002;18;;;9999.0;0.0
bull_normal_s1;4000;INTARIAN_PEPPER_ROOT;9997;13;9995;18;;;10015;20;10017;20;;;10006.0;0.0
bull_normal_s1;4000;ASH_COATED_OSMIUM;9990;16;9987;20;;;10002;9;10004;13;;;9996.0;0.0
bull_normal_s1;4100;INTARIAN_PEPPER_ROOT;10002;9;9998;25;;;10008;9;10010;28;;;10005.0;0.0
bull_normal_s1;4100;ASH_COATED_OSMIUM;9992;7;9989;29;;;9994;10;9997;15;;;9993.0;0.0
bull_normal_s1;4200;INTARIAN_PEPPER_ROOT;10004;15;10001;18;;;10006;6;10010;16;;;10005.0;0.0
bull_normal_s1;4200;ASH_COATED_OSMIUM;9991;10;9987;13;;;10003;17;10006;17;;;9997.0;0.0
bull_normal_s1;4300;INTARIAN_PEPPER_ROOT;10005;8;10003;9;;;10009;13;10011;23;;;10007.0;0.0
bull_normal_s1;4300;ASH_COATED_OSMIUM;9989;26;9985;22;;;9997;18;10000;18;;;9993.0;0.0
bull_normal_s1;4400;INTARIAN_PEPPER_ROOT;9995;20;9993;21;;;10019;10;10023;15;;;10007.0;0.0
bull_normal_s1;4400;ASH_COATED_OSMIUM;9993;10;9989;24;;;9995;11;9999;27;;;9994.0;0.0
bull_normal_s1;4500;INTARIAN_PEPPER_ROOT;10002;16;9998;16;;;10010;13;10013;23;;;10006.0;0.0
bull_normal_s1;4500;ASH_COATED_OSMIUM;9990;13;9986;13;;;9992;5;9995;20;;;9991.0;0.0
bull_normal_s1;4600;INTARIAN_PEPPER_ROOT;10000;22;9998;24;;;10014;24;10018;18;;;10007.0;0.0
bull_normal_s1;4600;ASH_COATED_OSMIUM;9975;5;9972;28;;;10005;13;10007;12;;;9990.0;0.0
bull_normal_s1;4700;INTARIAN_PEPPER_ROOT;10008;7;10005;18;;;10012;11;10015;22;;;10010.0;0.0
bull_normal_s1;4700;ASH_COATED_OSMIUM;9981;7;9979;9;;;9993;22;9996;26;;;9987.0;0.0
bull_normal_s1;4800;INTARIAN_PEPPER_ROOT;10007;14;10004;21;;;10015;20;10019;16;;;10011.0;0.0
bull_normal_s1;4800;ASH_COATED_OSMIUM;9983;18;9980;16;;;9985;21;9988;25;;;9984.0;0.0
bull_normal_s1;4900;INTARIAN_PEPPER_ROOT;10012;30;10010;28;;;10014;16;10018;19;;;10013.0;0.0
bull_normal_s1;4900;ASH_COATED_OSMIUM;9974;8;9971;12;;;9992;15;9996;19;;;9983.0;0.0
bull_normal_s1;5000;INTARIAN_PEPPER_ROOT;10011;27;10009;18;;;10015;10;10019;24;;;10013.0;0.0
bull_normal_s1;5000;ASH_COATED_OSMIUM;9987;8;9985;18;;;9989;21;9992;17;;;9988.0;0.0
bull_normal_s1;5100;INTARIAN_PEPPER_ROOT;10002;12;9998;18;;;10024;16;10028;28;;;10013.0;0.0
bull_normal_s1;5100;ASH_COATED_OSMIUM;9989;22;9987;19;;;9991;7;9994;20;;;9990.0;0.0
bull_normal_s1;5200;INTARIAN_PEPPER_ROOT;9998;12;9996;25;;;10024;13;10028;22;;;10011.0;0.0
bull_normal_s1;5200;ASH_COATED_OSMIUM;9982;13;9979;14;;;9988;9;9990;19;;;9985.0;0.0
bull_normal_s1;5300;INTARIAN_PEPPER_ROOT;10010;16;10008;11;;;10012;19;10014;24;;;10011.0;0.0
bull_normal_s1;5300;ASH_COATED_OSMIUM;9961;13;9959;22;;;10005;17;10007;17;;;9983.0;0.0
bull_normal_s1;5400;INTARIAN_PEPPER_ROOT;10002;15;9999;13;;;10020;23;10022;17;;;10011.0;0.0
bull_normal_s1;5400;ASH_COATED_OSMIUM;9981;23;9978;16;;;9985;6;9987;24;;;9983.0;0.0
bull_normal_s1;5500;INTARIAN_PEPPER_ROOT;10003;6;10000;22;;;10021;15;10023;14;;;10012.0;0.0
bull_normal_s1;5500;ASH_COATED_OSMIUM;9978;18;9975;25;;;9990;5;9992;20;;;9984.0;0.0
bull_normal_s1;5600;INTARIAN_PEPPER_ROOT;10013;18;10010;15;;;10015;18;10018;15;;;10014.0;0.0
bull_normal_s1;5600;ASH_COATED_OSMIUM;9982;8;9980;27;;;9988;5;9991;17;;;9985.0;0.0
bull_normal_s1;5700;INTARIAN_PEPPER_ROOT;10014;17;10012;15;;;10018;18;10020;28;;;10016.0;0.0
bull_normal_s1;5700;ASH_COATED_OSMIUM;9985;5;9982;27;;;9991;7;9994;16;;;9988.0;0.0
bull_normal_s1;5800;INTARIAN_PEPPER_ROOT;10015;18;10011;20;;;10017;11;10019;19;;;10016.0;0.0
bull_normal_s1;5800;ASH_COATED_OSMIUM;9984;5;9980;20;;;9992;16;9995;23;;;9988.0;0.0
bull_normal_s1;5900;INTARIAN_PEPPER_ROOT;10017;14;10014;32;;;10019;16;10022;17;;;10018.0;0.0
bull_normal_s1;5900;ASH_COATED_OSMIUM;9978;16;9976;8;;;9992;14;9994;12;;;9985.0;0.0
bull_normal_s1;6000;INTARIAN_PEPPER_ROOT;10009;12;10006;20;;;10025;8;10028;25;;;10017.0;0.0
bull_normal_s1;6000;ASH_COATED_OSMIUM;9980;8;9978;22;;;9986;13;9989;21;;;9983.0;0.0
bull_normal_s1;6100;INTARIAN_PEPPER_ROOT;10018;13;10014;22;;;10020;25;10022;22;;;10019.0;0.0
bull_normal_s1;6100;ASH_COATED_OSMIUM;9983;23;9981;18;;;9985;5;9988;16;;;9984.0;0.0
bull_normal_s1;6200;INTARIAN_PEPPER_ROOT;10017;11;10013;17;;;10025;17;10028;18;;;10021.0;0.0
bull_normal_s1;6200;ASH_COATED_OSMIUM;9958;15;9955;28;;;10018;11;10021;24;;;9988.0;0.0
bull_normal_s1;6300;INTARIAN_PEPPER_ROOT;10019;15;10017;16;;;10021;11;10025;16;;;10020.0;0.0
bull_normal_s1;6300;ASH_COATED_OSMIUM;9979;18;9975;23;;;9993;14;9995;9;;;9986.0;0.0
bull_normal_s1;6400;INTARIAN_PEPPER_ROOT;10014;14;10011;14;;;10028;16;10032;10;;;10021.0;0.0
bull_normal_s1;6400;ASH_COATED_OSMIUM;9983;9;9981;16;;;9987;9;9991;19;;;9985.0;0.0
bull_normal_s1;6500;INTARIAN_PEPPER_ROOT;10017;12;10013;27;;;10025;18;10029;13;;;10021.0;0.0
bull_normal_s1;6500;ASH_COATED_OSMIUM;9971;6;9969;21;;;10001;5;10004;21;;;9986.0;0.0
bull_normal_s1;6600;INTARIAN_PEPPER_ROOT;10001;19;9999;19;;;10045;6;10049;24;;;10023.0;0.0
bull_normal_s1;6600;ASH_COATED_OSMIUM;9973;11;9969;23;;;10003;18;10005;22;;;9988.0;0.0
bull_normal_s1;6700;INTARIAN_PEPPER_ROOT;10022;20;10019;15;;;10030;13;10034;14;;;10026.0;0.0
bull_normal_s1;6700;ASH_COATED_OSMIUM;9980;6;9978;20;;;9992;14;9995;24;;;9986.0;0.0
bull_normal_s1;6800;INTARIAN_PEPPER_ROOT;10025;7;10023;30;;;10035;20;10038;24;;;10030.0;0.0
bull_normal_s1;6800;ASH_COATED_OSMIUM;9989;18;9985;17;;;9991;6;9995;22;;;9990.0;0.0
bull_normal_s1;6900;INTARIAN_PEPPER_ROOT;10020;17;10018;17;;;10036;14;10039;20;;;10028.0;0.0
bull_normal_s1;6900;ASH_COATED_OSMIUM;9991;16;9989;16;;;9995;18;9999;26;;;9993.0;0.0
bull_normal_s1;7000;INTARIAN_PEPPER_ROOT;10021;8;10018;18;;;10031;13;10034;24;;;10026.0;0.0
bull_normal_s1;7000;ASH_COATED_OSMIUM;9983;15;9980;14;;;10017;12;10019;20;;;10000.0;0.0
bull_normal_s1;7100;INTARIAN_PEPPER_ROOT;10024;10;10022;23;;;10026;14;10030;29;;;10025.0;0.0
bull_normal_s1;7100;ASH_COATED_OSMIUM;9997;19;9994;19;;;9999;8;10001;8;;;9998.0;0.0
bull_normal_s1;7200;INTARIAN_PEPPER_ROOT;10023;17;10019;28;;;10027;12;10029;17;;;10025.0;0.0
bull_normal_s1;7200;ASH_COATED_OSMIUM;9996;9;9994;18;;;10000;10;10002;19;;;9998.0;0.0
bull_normal_s1;7300;INTARIAN_PEPPER_ROOT;10025;5;10023;19;;;10031;11;10034;21;;;10028.0;0.0
bull_normal_s1;7300;ASH_COATED_OSMIUM;9987;19;9983;23;;;10001;5;10004;19;;;9994.0;0.0
bull_normal_s1;7400;INTARIAN_PEPPER_ROOT;10019;13;10016;31;;;10039;14;10042;12;;;10029.0;0.0
bull_normal_s1;7400;ASH_COATED_OSMIUM;9991;9;9989;24;;;9999;21;10001;28;;;9995.0;0.0
bull_normal_s1;7500;INTARIAN_PEPPER_ROOT;10025;20;10022;24;;;10027;12;10029;22;;;10026.0;0.0
bull_normal_s1;7500;ASH_COATED_OSMIUM;9987;6;9985;8;;;9999;8;10003;27;;;9993.0;0.0
bull_normal_s1;7600;INTARIAN_PEPPER_ROOT;10020;17;10017;21;;;10030;16;10033;16;;;10025.0;0.0
bull_normal_s1;7600;ASH_COATED_OSMIUM;9987;12;9985;29;;;9999;7;10001;19;;;9993.0;0.0
bull_normal_s1;7700;INTARIAN_PEPPER_ROOT;10026;14;10023;16;;;10028;6;10032;23;;;10027.0;0.0
bull_normal_s1;7700;ASH_COATED_OSMIUM;9986;14;9982;20;;;10002;13;10005;9;;;9994.0;0.0
bull_normal_s1;7800;INTARIAN_PEPPER_ROOT;10027;15;10023;16;;;10029;10;10032;16;;;10028.0;0.0
bull_normal_s1;7800;ASH_COATED_OSMIUM;9993;19;9989;19;;;9997;11;9999;23;;;9995.0;0.0
bull_normal_s1;7900;INTARIAN_PEPPER_ROOT;10028;20;10024;13;;;10030;16;10034;8;;;10029.0;0.0
bull_normal_s1;7900;ASH_COATED_OSMIUM;9996;11;9993;17;;;10000;14;10002;25;;;9998.0;0.0
bull_normal_s1;8000;INTARIAN_PEPPER_ROOT;9988;21;9984;19;;;10070;11;10072;19;;;10029.0;0.0
bull_normal_s1;8000;ASH_COATED_OSMIUM;9999;12;9995;21;;;10001;12;10005;19;;;10000.0;0.0
bull_normal_s1;8100;INTARIAN_PEPPER_ROOT;10013;10;10009;27;;;10045;13;10048;11;;;10029.0;0.0
bull_normal_s1;8100;ASH_COATED_OSMIUM;9985;5;9983;22;;;10009;15;10011;17;;;9997.0;0.0
bull_normal_s1;8200;INTARIAN_PEPPER_ROOT;10028;10;10026;19;;;10032;9;10034;8;;;10030.0;0.0
bull_normal_s1;8200;ASH_COATED_OSMIUM;9995;12;9993;23;;;9997;11;10001;29;;;9996.0;0.0
bull_normal_s1;8300;INTARIAN_PEPPER_ROOT;10030;15;10027;19;;;10032;15;10034;10;;;10031.0;0.0
bull_normal_s1;8300;ASH_COATED_OSMIUM;9992;7;9990;21;;;9998;7;10001;30;;;9995.0;0.0
bull_normal_s1;8400;INTARIAN_PEPPER_ROOT;10028;13;10024;25;;;10034;15;10038;28;;;10031.0;0.0
bull_normal_s1;8400;ASH_COATED_OSMIUM;9987;10;9984;26;;;9999;6;10001;12;;;9993.0;0.0
bull_normal_s1;8500;INTARIAN_PEPPER_ROOT;10031;10;10028;9;;;10033;19;10036;23;;;10032.0;0.0
bull_normal_s1;8500;ASH_COATED_OSMIUM;9998;5;9994;19;;;10004;5;10006;19;;;10001.0;0.0
bull_normal_s1;8600;INTARIAN_PEPPER_ROOT;10031;24;10027;14;;;10033;20;10036;23;;;10032.0;0.0
bull_normal_s1;8600;ASH_COATED_OSMIUM;9996;5;9992;15;;;10012;5;10016;11;;;10004.0;0.0
bull_normal_s1;8700;INTARIAN_PEPPER_ROOT;10020;18;10018;31;;;10044;12;10046;27;;;10032.0;0.0
bull_normal_s1;8700;ASH_COATED_OSMIUM;10000;14;9996;19;;;10002;19;10006;15;;;10001.0;0.0
bull_normal_s1;8800;INTARIAN_PEPPER_ROOT;10030;5;10028;18;;;10036;15;10039;27;;;10033.0;0.0
bull_normal_s1;8800;ASH_COATED_OSMIUM;9993;17;9991;18;;;10007;7;10009;22;;;10000.0;0.0
bull_normal_s1;8900;INTARIAN_PEPPER_ROOT;10028;15;10024;27;;;10040;18;10043;21;;;10034.0;0.0
bull_normal_s1;8900;ASH_COATED_OSMIUM;9997;11;9994;26;;;10007;9;10009;20;;;10002.0;0.0
bull_normal_s1;9000;INTARIAN_PEPPER_ROOT;10032;13;10028;21;;;10042;9;10044;21;;;10037.0;0.0
bull_normal_s1;9000;ASH_COATED_OSMIUM;10001;13;9997;27;;;10003;21;10005;14;;;10002.0;0.0
bull_normal_s1;9100;INTARIAN_PEPPER_ROOT;10032;5;10030;24;;;10042;19;10045;23;;;10037.0;0.0
bull_normal_s1;9100;ASH_COATED_OSMIUM;9994;17;9990;29;;;10002;11;10005;9;;;9998.0;0.0
bull_normal_s1;9200;INTARIAN_PEPPER_ROOT;10035;14;10031;25;;;10037;11;10040;28;;;10036.0;0.0
bull_normal_s1;9200;ASH_COATED_OSMIUM;10002;11;9999;17;;;10004;10;10008;32;;;10003.0;0.0
bull_normal_s1;9300;INTARIAN_PEPPER_ROOT;10033;13;10031;16;;;10039;7;10043;13;;;10036.0;0.0
bull_normal_s1;9300;ASH_COATED_OSMIUM;10001;5;9998;28;;;10007;8;10011;25;;;10004.0;0.0
bull_normal_s1;9400;INTARIAN_PEPPER_ROOT;10016;15;10013;18;;;10058;19;10060;28;;;10037.0;0.0
bull_normal_s1;9400;ASH_COATED_OSMIUM;10000;16;9996;22;;;10004;8;10006;21;;;10002.0;0.0
bull_normal_s1;9500;INTARIAN_PEPPER_ROOT;10036;20;10034;24;;;10040;16;10044;17;;;10038.0;0.0
bull_normal_s1;9500;ASH_COATED_OSMIUM;9999;7;9996;22;;;10003;11;10005;25;;;10001.0;0.0
bull_normal_s1;9600;INTARIAN_PEPPER_ROOT;10027;19;10024;9;;;10047;13;10051;20;;;10037.0;0.0
bull_normal_s1;9600;ASH_COATED_OSMIUM;9990;9;9987;21;;;10010;7;10014;15;;;10000.0;0.0
bull_normal_s1;9700;INTARIAN_PEPPER_ROOT;10024;8;10022;19;;;10052;14;10054;18;;;10038.0;0.0
bull_normal_s1;9700;ASH_COATED_OSMIUM;9987;11;9985;22;;;10015;8;10017;23;;;10001.0;0.0
bull_normal_s1;9800;INTARIAN_PEPPER_ROOT;10036;21;10034;27;;;10038;14;10040;21;;;10037.0;0.0
bull_normal_s1;9800;ASH_COATED_OSMIUM;9994;5;9990;25;;;10006;11;10008;21;;;10000.0;0.0
bull_normal_s1;9900;INTARIAN_PEPPER_ROOT;10034;11;10031;16;;;10042;18;10044;27;;;10038.0;0.0
bull_normal_s1;9900;ASH_COATED_OSMIUM;10000;12;9996;25;;;10002;12;10006;28;;;10001.0;0.0
bull_normal_s1;10000;INTARIAN_PEPPER_ROOT;10037;14;10035;24;;;10039;13;10043;19;;;10038.0;0.0
bull_normal_s1;10000;ASH_COATED_OSMIUM;10000;7;9996;17;;;10008;20;10012;19;;;10004.0;0.0
bull_normal_s1;10100;INTARIAN_PEPPER_ROOT;10038;17;10034;15;;;10042;19;10046;21;;;10040.0;0.0
bull_normal_s1;10100;ASH_COATED_OSMIUM;9995;10;9991;21;;;10005;13;10009;20;;;10000.0;0.0
bull_normal_s1;10200;INTARIAN_PEPPER_ROOT;10030;15;10028;16;;;10052;9;10054;20;;;10041.0;0.0
bull_normal_s1;10200;ASH_COATED_OSMIUM;10002;9;9998;23;;;10004;8;10008;15;;;10003.0;0.0
bull_normal_s1;10300;INTARIAN_PEPPER_ROOT;10041;14;10037;27;;;10043;15;10045;13;;;10042.0;0.0
bull_normal_s1;10300;ASH_COATED_OSMIUM;9999;19;9996;20;;;10017;13;10019;23;;;10008.0;0.0
bull_normal_s1;10400;INTARIAN_PEPPER_ROOT;10040;17;10037;18;;;10042;5;10045;22;;;10041.0;0.0
bull_normal_s1;10400;ASH_COATED_OSMIUM;10005;13;10003;17;;;10013;6;10015;23;;;10009.0;0.0
bull_normal_s1;10500;INTARIAN_PEPPER_ROOT;10035;21;10032;15;;;10047;14;10051;11;;;10041.0;0.0
bull_normal_s1;10500;ASH_COATED_OSMIUM;9992;9;9990;10;;;10030;25;10032;15;;;10011.0;0.0
bull_normal_s1;10600;INTARIAN_PEPPER_ROOT;10042;18;10040;25;;;10044;12;10046;32;;;10043.0;0.0
bull_normal_s1;10600;ASH_COATED_OSMIUM;10008;7;10005;23;;;10018;14;10021;20;;;10013.0;0.0
bull_normal_s1;10700;INTARIAN_PEPPER_ROOT;10037;9;10035;18;;;10047;14;10050;21;;;10042.0;0.0
bull_normal_s1;10700;ASH_COATED_OSMIUM;10010;16;10008;18;;;10024;5;10028;22;;;10017.0;0.0
bull_normal_s1;10800;INTARIAN_PEPPER_ROOT;10038;15;10036;15;;;10046;18;10049;19;;;10042.0;0.0
bull_normal_s1;10800;ASH_COATED_OSMIUM;10010;11;10006;19;;;10014;16;10017;31;;;10012.0;0.0
bull_normal_s1;10900;INTARIAN_PEPPER_ROOT;10027;20;10023;12;;;10057;22;10061;28;;;10042.0;0.0
bull_normal_s1;10900;ASH_COATED_OSMIUM;9999;5;9996;13;;;10017;14;10021;13;;;10008.0;0.0
bull_normal_s1;11000;INTARIAN_PEPPER_ROOT;10037;12;10034;14;;;10043;12;10046;27;;;10040.0;0.0
bull_normal_s1;11000;ASH_COATED_OSMIUM;9999;11;9997;15;;;10007;13;10009;19;;;10003.0;0.0
bull_normal_s1;11100;INTARIAN_PEPPER_ROOT;10021;20;10017;27;;;10061;16;10063;15;;;10041.0;0.0
bull_normal_s1;11100;ASH_COATED_OSMIUM;9974;16;9972;19;;;10040;13;10044;17;;;10007.0;0.0
bull_normal_s1;11200;INTARIAN_PEPPER_ROOT;10024;13;10021;30;;;10062;9;10065;20;;;10043.0;0.0
bull_normal_s1;11200;ASH_COATED_OSMIUM;9969;18;9965;20;;;10045;6;10049;24;;;10007.0;0.0
bull_normal_s1;11300;INTARIAN_PEPPER_ROOT;10040;13;10038;24;;;10042;26;10045;19;;;10041.0;0.0
bull_normal_s1;11300;ASH_COATED_OSMIUM;10001;9;9999;22;;;10017;21;10020;20;;;10009.0;0.0
bull_normal_s1;11400;INTARIAN_PEPPER_ROOT;10038;13;10036;21;;;10046;26;10049;26;;;10042.0;0.0
bull_normal_s1;11400;ASH_COATED_OSMIUM;10008;8;10005;30;;;10010;11;10014;17;;;10009.0;0.0
bull_normal_s1;11500;INTARIAN_PEPPER_ROOT;10034;11;10032;16;;;10048;10;10051;21;;;10041.0;0.0
bull_normal_s1;11500;ASH_COATED_OSMIUM;10005;14;10003;15;;;10007;12;10010;15;;;10006.0;0.0
bull_normal_s1;11600;INTARIAN_PEPPER_ROOT;10040;22;10036;29;;;10042;13;10045;13;;;10041.0;0.0
bull_normal_s1;11600;ASH_COATED_OSMIUM;10004;17;10002;18;;;10006;16;10009;24;;;10005.0;0.0
bull_normal_s1;11700;INTARIAN_PEPPER_ROOT;10032;13;10028;22;;;10046;12;10049;31;;;10039.0;0.0
bull_normal_s1;11700;ASH_COATED_OSMIUM;9987;14;9985;22;;;10023;16;10027;13;;;10005.0;0.0
bull_normal_s1;11800;INTARIAN_PEPPER_ROOT;10032;16;10029;23;;;10050;14;10052;25;;;10041.0;0.0
bull_normal_s1;11800;ASH_COATED_OSMIUM;9992;16;9989;12;;;10018;10;10022;24;;;10005.0;0.0
bull_normal_s1;11900;INTARIAN_PEPPER_ROOT;10037;11;10034;27;;;10047;19;10050;21;;;10042.0;0.0
bull_normal_s1;11900;ASH_COATED_OSMIUM;10000;7;9997;33;;;10010;9;10014;22;;;10005.0;0.0
bull_normal_s1;12000;INTARIAN_PEPPER_ROOT;10030;17;10028;18;;;10054;19;10058;21;;;10042.0;0.0
bull_normal_s1;12000;ASH_COATED_OSMIUM;10006;12;10003;16;;;10008;17;10010;21;;;10007.0;0.0
bull_normal_s1;12100;INTARIAN_PEPPER_ROOT;10037;16;10034;15;;;10045;17;10048;21;;;10041.0;0.0
bull_normal_s1;12100;ASH_COATED_OSMIUM;10004;9;10000;15;;;10010;9;10013;12;;;10007.0;0.0
bull_normal_s1;12200;INTARIAN_PEPPER_ROOT;10034;6;10031;25;;;10054;9;10058;11;;;10044.0;0.0
bull_normal_s1;12200;ASH_COATED_OSMIUM;9985;15;9981;16;;;10031;7;10033;14;;;10008.0;0.0
bull_normal_s1;12300;INTARIAN_PEPPER_ROOT;10045;19;10041;28;;;10047;11;10049;14;;;10046.0;0.0
bull_normal_s1;12300;ASH_COATED_OSMIUM;9998;6;9996;32;;;10024;8;10028;20;;;10011.0;0.0
bull_normal_s1;12400;INTARIAN_PEPPER_ROOT;10043;14;10041;23;;;10045;22;10049;15;;;10044.0;0.0
bull_normal_s1;12400;ASH_COATED_OSMIUM;10010;12;10008;21;;;10016;14;10018;22;;;10013.0;0.0
bull_normal_s1;12500;INTARIAN_PEPPER_ROOT;10042;6;10039;19;;;10050;18;10052;22;;;10046.0;0.0
bull_normal_s1;12500;ASH_COATED_OSMIUM;10015;15;10011;18;;;10019;12;10022;14;;;10017.0;0.0
bull_normal_s1;12600;INTARIAN_PEPPER_ROOT;10047;20;10043;18;;;10051;15;10054;24;;;10049.0;0.0
bull_normal_s1;12600;ASH_COATED_OSMIUM;10007;11;10004;21;;;10017;7;10021;21;;;10012.0;0.0
bull_normal_s1;12700;INTARIAN_PEPPER_ROOT;10046;17;10044;17;;;10054;16;10058;19;;;10050.0;0.0
bull_normal_s1;12700;ASH_COATED_OSMIUM;10009;14;10005;8;;;10015;13;10019;20;;;10012.0;0.0
bull_normal_s1;12800;INTARIAN_PEPPER_ROOT;10047;18;10045;24;;;10049;13;10051;10;;;10048.0;0.0
bull_normal_s1;12800;ASH_COATED_OSMIUM;10011;13;10009;18;;;10015;11;10018;15;;;10013.0;0.0
bull_normal_s1;12900;INTARIAN_PEPPER_ROOT;10048;18;10044;20;;;10050;15;10052;13;;;10049.0;0.0
bull_normal_s1;12900;ASH_COATED_OSMIUM;9997;5;9993;22;;;10025;12;10027;27;;;10011.0;0.0
bull_normal_s1;13000;INTARIAN_PEPPER_ROOT;10044;11;10040;16;;;10056;16;10059;27;;;10050.0;0.0
bull_normal_s1;13000;ASH_COATED_OSMIUM;10000;15;9997;20;;;10016;16;10020;21;;;10008.0;0.0
bull_normal_s1;13100;INTARIAN_PEPPER_ROOT;10047;17;10043;21;;;10051;12;10054;20;;;10049.0;0.0
bull_normal_s1;13100;ASH_COATED_OSMIUM;9991;17;9989;19;;;10025;20;10027;14;;;10008.0;0.0
bull_normal_s1;13200;INTARIAN_PEPPER_ROOT;10047;12;10044;24;;;10049;20;10053;20;;;10048.0;0.0
bull_normal_s1;13200;ASH_COATED_OSMIUM;10007;21;10004;21;;;10015;9;10018;21;;;10011.0;0.0
bull_normal_s1;13300;INTARIAN_PEPPER_ROOT;10043;8;10039;13;;;10055;23;10059;20;;;10049.0;0.0
bull_normal_s1;13300;ASH_COATED_OSMIUM;10016;16;10014;24;;;10018;8;10020;18;;;10017.0;0.0
bull_normal_s1;13400;INTARIAN_PEPPER_ROOT;10028;18;10026;16;;;10072;16;10074;21;;;10050.0;0.0
bull_normal_s1;13400;ASH_COATED_OSMIUM;10004;18;10000;29;;;10014;7;10018;25;;;10009.0;0.0
bull_normal_s1;13500;INTARIAN_PEPPER_ROOT;10042;11;10038;22;;;10056;13;10058;15;;;10049.0;0.0
bull_normal_s1;13500;ASH_COATED_OSMIUM;9998;10;9996;26;;;10012;15;10014;9;;;10005.0;0.0
bull_normal_s1;13600;INTARIAN_PEPPER_ROOT;10044;11;10042;19;;;10058;19;10061;19;;;10051.0;0.0
bull_normal_s1;13600;ASH_COATED_OSMIUM;10001;20;9999;23;;;10003;7;10006;22;;;10002.0;0.0
bull_normal_s1;13700;INTARIAN_PEPPER_ROOT;10047;22;10044;15;;;10051;7;10055;25;;;10049.0;0.0
bull_normal_s1;13700;ASH_COATED_OSMIUM;10000;13;9997;20;;;10010;17;10013;19;;;10005.0;0.0
bull_normal_s1;13800;INTARIAN_PEPPER_ROOT;10050;5;10046;17;;;10052;9;10054;19;;;10051.0;0.0
bull_normal_s1;13800;ASH_COATED_OSMIUM;10003;17;9999;15;;;10005;9;10007;15;;;10004.0;0.0
bull_normal_s1;13900;INTARIAN_PEPPER_ROOT;10048;9;10044;23;;;10054;12;10057;15;;;10051.0;0.0
bull_normal_s1;13900;ASH_COATED_OSMIUM;10003;9;9999;29;;;10005;17;10007;22;;;10004.0;0.0
bull_normal_s1;14000;INTARIAN_PEPPER_ROOT;10048;11;10044;15;;;10054;13;10057;16;;;10051.0;0.0
bull_normal_s1;14000;ASH_COATED_OSMIUM;10000;23;9998;31;;;10006;15;10010;25;;;10003.0;0.0
bull_normal_s1;14100;INTARIAN_PEPPER_ROOT;10044;25;10041;19;;;10058;22;10062;15;;;10051.0;0.0
bull_normal_s1;14100;ASH_COATED_OSMIUM;9989;15;9985;16;;;10017;6;10020;24;;;10003.0;0.0
bull_normal_s1;14200;INTARIAN_PEPPER_ROOT;10048;14;10046;15;;;10058;27;10062;19;;;10053.0;0.0
bull_normal_s1;14200;ASH_COATED_OSMIUM;9999;21;9996;16;;;10017;20;10021;16;;;10008.0;0.0
bull_normal_s1;14300;INTARIAN_PEPPER_ROOT;10050;16;10047;16;;;10058;8;10061;21;;;10054.0;0.0
bull_normal_s1;14300;ASH_COATED_OSMIUM;9984;19;9982;15;;;10030;10;10034;17;;;10007.0;0.0
bull_normal_s1;14400;INTARIAN_PEPPER_ROOT;10038;18;10034;23;;;10074;14;10077;18;;;10056.0;0.0
bull_normal_s1;14400;ASH_COATED_OSMIUM;9991;5;9989;16;;;10031;6;10035;21;;;10011.0;0.0
bull_normal_s1;14500;INTARIAN_PEPPER_ROOT;10047;7;10043;17;;;10065;9;10067;30;;;10056.0;0.0
bull_normal_s1;14500;ASH_COATED_OSMIUM;9995;9;9992;13;;;10017;10;10021;17;;;10006.0;0.0
bull_normal_s1;14600;INTARIAN_PEPPER_ROOT;10056;12;10053;20;;;10058;17;10060;20;;;10057.0;0.0
bull_normal_s1;14600;ASH_COATED_OSMIUM;10006;9;10003;16;;;10010;13;10014;18;;;10008.0;0.0
bull_normal_s1;14700;INTARIAN_PEPPER_ROOT;10052;18;10048;20;;;10062;17;10066;34;;;10057.0;0.0
bull_normal_s1;14700;ASH_COATED_OSMIUM;9987;5;9984;19;;;10027;19;10031;21;;;10007.0;0.0
bull_normal_s1;14800;INTARIAN_PEPPER_ROOT;10047;17;10043;21;;;10069;16;10072;21;;;10058.0;0.0
bull_normal_s1;14800;ASH_COATED_OSMIUM;9987;10;9983;14;;;10027;6;10031;14;;;10007.0;0.0
bull_normal_s1;14900;INTARIAN_PEPPER_ROOT;10056;22;10053;23;;;10064;5;10068;22;;;10060.0;0.0
bull_normal_s1;14900;ASH_COATED_OSMIUM;9999;17;9996;18;;;10023;6;10025;26;;;10011.0;0.0
bull_normal_s1;15000;INTARIAN_PEPPER_ROOT;10058;18;10056;21;;;10060;8;10064;25;;;10059.0;0.0
bull_normal_s1;15000;ASH_COATED_OSMIUM;9986;14;9982;17;;;10026;15;10028;24;;;10006.0;0.0
bull_normal_s1;15100;INTARIAN_PEPPER_ROOT;10054;18;10052;20;;;10058;17;10062;20;;;10056.0;0.0
bull_normal_s1;15100;ASH_COATED_OSMIUM;10007;12;10004;24;;;10009;8;10012;11;;;10008.0;0.0
bull_normal_s1;15200;INTARIAN_PEPPER_ROOT;10057;14;10054;13;;;10059;19;10061;19;;;10058.0;0.0
bull_normal_s1;15200;ASH_COATED_OSMIUM;10003;12;10000;9;;;10005;17;10008;16;;;10004.0;0.0
bull_normal_s1;15300;INTARIAN_PEPPER_ROOT;10058;12;10056;22;;;10066;12;10068;20;;;10062.0;0.0
bull_normal_s1;15300;ASH_COATED_OSMIUM;10007;8;10005;13;;;10013;16;10017;21;;;10010.0;0.0
bull_normal_s1;15400;INTARIAN_PEPPER_ROOT;10052;15;10050;19;;;10074;14;10078;19;;;10063.0;0.0
bull_normal_s1;15400;ASH_COATED_OSMIUM;10007;10;10004;13;;;10011;18;10015;25;;;10009.0;0.0
bull_normal_s1;15500;INTARIAN_PEPPER_ROOT;10057;14;10055;21;;;10067;11;10069;28;;;10062.0;0.0
bull_normal_s1;15500;ASH_COATED_OSMIUM;10007;6;10003;8;;;10013;13;10017;13;;;10010.0;0.0
bull_normal_s1;15600;INTARIAN_PEPPER_ROOT;10062;18;10058;15;;;10064;10;10068;20;;;10063.0;0.0
bull_normal_s1;15600;ASH_COATED_OSMIUM;10005;5;10001;15;;;10021;17;10025;21;;;10013.0;0.0
bull_normal_s1;15700;INTARIAN_PEPPER_ROOT;10061;16;10058;13;;;10065;11;10069;18;;;10063.0;0.0
bull_normal_s1;15700;ASH_COATED_OSMIUM;10012;19;10010;23;;;10014;15;10017;15;;;10013.0;0.0
bull_normal_s1;15800;INTARIAN_PEPPER_ROOT;10061;19;10059;17;;;10065;11;10069;16;;;10063.0;0.0
bull_normal_s1;15800;ASH_COATED_OSMIUM;10008;17;10005;17;;;10018;13;10022;19;;;10013.0;0.0
bull_normal_s1;15900;INTARIAN_PEPPER_ROOT;10047;19;10044;9;;;10077;14;10080;22;;;10062.0;0.0
bull_normal_s1;15900;ASH_COATED_OSMIUM;10006;10;10002;21;;;10008;6;10010;19;;;10007.0;0.0
bull_normal_s1;16000;INTARIAN_PEPPER_ROOT;10059;11;10055;14;;;10063;10;10065;24;;;10061.0;0.0
bull_normal_s1;16000;ASH_COATED_OSMIUM;10011;13;10008;24;;;10015;23;10017;15;;;10013.0;0.0
bull_normal_s1;16100;INTARIAN_PEPPER_ROOT;10047;10;10045;27;;;10073;7;10077;16;;;10060.0;0.0
bull_normal_s1;16100;ASH_COATED_OSMIUM;10010;14;10006;18;;;10016;12;10018;19;;;10013.0;0.0
bull_normal_s1;16200;INTARIAN_PEPPER_ROOT;10052;14;10048;17;;;10070;8;10074;17;;;10061.0;0.0
bull_normal_s1;16200;ASH_COATED_OSMIUM;10009;16;10007;21;;;10013;14;10017;13;;;10011.0;0.0
bull_normal_s1;16300;INTARIAN_PEPPER_ROOT;10041;10;10038;19;;;10081;9;10083;11;;;10061.0;0.0
bull_normal_s1;16300;ASH_COATED_OSMIUM;9999;16;9997;12;;;10027;21;10029;30;;;10013.0;0.0
bull_normal_s1;16400;INTARIAN_PEPPER_ROOT;10059;17;10055;15;;;10065;10;10069;19;;;10062.0;0.0
bull_normal_s1;16400;ASH_COATED_OSMIUM;10015;20;10013;12;;;10019;10;10023;19;;;10017.0;0.0
bull_normal_s1;16500;INTARIAN_PEPPER_ROOT;10044;18;10041;21;;;10080;18;10082;27;;;10062.0;0.0
bull_normal_s1;16500;ASH_COATED_OSMIUM;10010;13;10008;19;;;10022;13;10024;18;;;10016.0;0.0
bull_normal_s1;16600;INTARIAN_PEPPER_ROOT;10062;14;10059;19;;;10064;16;10066;18;;;10063.0;0.0
bull_normal_s1;16600;ASH_COATED_OSMIUM;10017;13;10013;20;;;10019;16;10022;20;;;10018.0;0.0
bull_normal_s1;16700;INTARIAN_PEPPER_ROOT;10052;17;10050;18;;;10076;13;10080;10;;;10064.0;0.0
bull_normal_s1;16700;ASH_COATED_OSMIUM;10016;16;10013;18;;;10018;19;10021;20;;;10017.0;0.0
bull_normal_s1;16800;INTARIAN_PEPPER_ROOT;10040;15;10038;19;;;10098;28;10101;20;;;10069.0;0.0
bull_normal_s1;16800;ASH_COATED_OSMIUM;10018;10;10014;22;;;10020;18;10023;15;;;10019.0;0.0
bull_normal_s1;16900;INTARIAN_PEPPER_ROOT;10048;20;10044;27;;;10082;16;10086;8;;;10065.0;0.0
bull_normal_s1;16900;ASH_COATED_OSMIUM;10003;14;9999;21;;;10027;17;10031;15;;;10015.0;0.0
bull_normal_s1;17000;INTARIAN_PEPPER_ROOT;10064;12;10060;24;;;10066;11;10068;14;;;10065.0;0.0
bull_normal_s1;17000;ASH_COATED_OSMIUM;10010;20;10007;24;;;10028;12;10031;17;;;10019.0;0.0
bull_normal_s1;17100;INTARIAN_PEPPER_ROOT;10066;15;10064;22;;;10068;13;10071;13;;;10067.0;0.0
bull_normal_s1;17100;ASH_COATED_OSMIUM;9998;10;9995;28;;;10038;15;10042;18;;;10018.0;0.0
bull_normal_s1;17200;INTARIAN_PEPPER_ROOT;10067;9;10064;21;;;10073;14;10077;18;;;10070.0;0.0
bull_normal_s1;17200;ASH_COATED_OSMIUM;10017;6;10013;11;;;10023;15;10027;20;;;10020.0;0.0
bull_normal_s1;17300;INTARIAN_PEPPER_ROOT;10067;5;10064;21;;;10073;22;10075;21;;;10070.0;0.0
bull_normal_s1;17300;ASH_COATED_OSMIUM;10022;17;10019;25;;;10024;13;10026;20;;;10023.0;0.0
bull_normal_s1;17400;INTARIAN_PEPPER_ROOT;10057;6;10055;13;;;10083;12;10085;12;;;10070.0;0.0
bull_normal_s1;17400;ASH_COATED_OSMIUM;10021;10;10017;22;;;10023;14;10026;23;;;10022.0;0.0
bull_normal_s1;17500;INTARIAN_PEPPER_ROOT;10069;16;10065;21;;;10071;18;10075;17;;;10070.0;0.0
bull_normal_s1;17500;ASH_COATED_OSMIUM;10021;8;10017;16;;;10025;17;10029;22;;;10023.0;0.0
bull_normal_s1;17600;INTARIAN_PEPPER_ROOT;10069;13;10067;28;;;10077;13;10080;21;;;10073.0;0.0
bull_normal_s1;17600;ASH_COATED_OSMIUM;10013;14;10010;18;;;10033;12;10036;18;;;10023.0;0.0
bull_normal_s1;17700;INTARIAN_PEPPER_ROOT;10067;5;10063;23;;;10077;17;10079;15;;;10072.0;0.0
bull_normal_s1;17700;ASH_COATED_OSMIUM;10003;13;10000;16;;;10031;10;10035;27;;;10017.0;0.0
bull_normal_s1;17800;INTARIAN_PEPPER_ROOT;10069;12;10065;22;;;10079;22;10082;20;;;10074.0;0.0
bull_normal_s1;17800;ASH_COATED_OSMIUM;10003;13;9999;23;;;10037;14;10041;24;;;10020.0;0.0
bull_normal_s1;17900;INTARIAN_PEPPER_ROOT;10056;8;10053;15;;;10092;18;10095;18;;;10074.0;0.0
bull_normal_s1;17900;ASH_COATED_OSMIUM;10009;16;10005;14;;;10025;8;10027;12;;;10017.0;0.0
bull_normal_s1;18000;INTARIAN_PEPPER_ROOT;10070;8;10068;16;;;10074;17;10077;10;;;10072.0;0.0
bull_normal_s1;18000;ASH_COATED_OSMIUM;10000;6;9997;8;;;10020;12;10023;14;;;10010.0;0.0
bull_normal_s1;18100;INTARIAN_PEPPER_ROOT;10072;14;10070;18;;;10074;7;10077;24;;;10073.0;0.0
bull_normal_s1;18100;ASH_COATED_OSMIUM;9990;10;9988;18;;;10028;20;10031;18;;;10009.0;0.0
bull_normal_s1;18200;INTARIAN_PEPPER_ROOT;10072;7;10069;8;;;10076;5;10080;10;;;10074.0;0.0
bull_normal_s1;18200;ASH_COATED_OSMIUM;10006;8;10004;20;;;10020;17;10024;14;;;10013.0;0.0
bull_normal_s1;18300;INTARIAN_PEPPER_ROOT;10072;9;10070;19;;;10080;11;10083;15;;;10076.0;0.0
bull_normal_s1;18300;ASH_COATED_OSMIUM;10014;17;10012;21;;;10018;20;10021;24;;;10016.0;0.0
bull_normal_s1;18400;INTARIAN_PEPPER_ROOT;10047;10;10043;26;;;10107;21;10111;19;;;10077.0;0.0
bull_normal_s1;18400;ASH_COATED_OSMIUM;10004;5;10002;25;;;10018;17;10022;23;;;10011.0;0.0
bull_normal_s1;18500;INTARIAN_PEPPER_ROOT;10071;15;10069;19;;;10081;15;10083;20;;;10076.0;0.0
bull_normal_s1;18500;ASH_COATED_OSMIUM;10003;5;10000;18;;;10019;11;10023;13;;;10011.0;0.0
bull_normal_s1;18600;INTARIAN_PEPPER_ROOT;10074;20;10072;22;;;10080;17;10083;22;;;10077.0;0.0
bull_normal_s1;18600;ASH_COATED_OSMIUM;10010;22;10008;18;;;10016;16;10019;9;;;10013.0;0.0
bull_normal_s1;18700;INTARIAN_PEPPER_ROOT;10077;12;10073;25;;;10079;16;10082;20;;;10078.0;0.0
bull_normal_s1;18700;ASH_COATED_OSMIUM;10008;12;10005;17;;;10022;7;10024;23;;;10015.0;0.0
bull_normal_s1;18800;INTARIAN_PEPPER_ROOT;10078;19;10075;23;;;10080;11;10082;15;;;10079.0;0.0
bull_normal_s1;18800;ASH_COATED_OSMIUM;10015;9;10013;9;;;10017;10;10021;23;;;10016.0;0.0
bull_normal_s1;18900;INTARIAN_PEPPER_ROOT;10051;15;10049;25;;;10105;19;10109;10;;;10078.0;0.0
bull_normal_s1;18900;ASH_COATED_OSMIUM;10003;8;10000;17;;;10015;12;10017;15;;;10009.0;0.0
bull_normal_s1;19000;INTARIAN_PEPPER_ROOT;10080;15;10077;24;;;10082;18;10085;21;;;10081.0;0.0
bull_normal_s1;19000;ASH_COATED_OSMIUM;9998;19;9995;13;;;10024;20;10028;15;;;10011.0;0.0
bull_normal_s1;19100;INTARIAN_PEPPER_ROOT;10080;13;10078;15;;;10082;8;10085;22;;;10081.0;0.0
bull_normal_s1;19100;ASH_COATED_OSMIUM;10000;13;9996;17;;;10020;18;10024;17;;;10010.0;0.0
bull_normal_s1;19200;INTARIAN_PEPPER_ROOT;10060;17;10057;21;;;10110;9;10112;16;;;10085.0;0.0
bull_normal_s1;19200;ASH_COATED_OSMIUM;10010;19;10008;17;;;10018;12;10022;24;;;10014.0;0.0
bull_normal_s1;19300;INTARIAN_PEPPER_ROOT;10079;5;10077;18;;;10093;28;10097;14;;;10086.0;0.0
bull_normal_s1;19300;ASH_COATED_OSMIUM;10012;12;10008;18;;;10018;7;10021;22;;;10015.0;0.0
bull_normal_s1;19400;INTARIAN_PEPPER_ROOT;10079;16;10077;17;;;10095;13;10097;25;;;10087.0;0.0
bull_normal_s1;19400;ASH_COATED_OSMIUM;10016;5;10014;16;;;10020;17;10023;17;;;10018.0;0.0
bull_normal_s1;19500;INTARIAN_PEPPER_ROOT;10085;9;10081;19;;;10087;18;10090;22;;;10086.0;0.0
bull_normal_s1;19500;ASH_COATED_OSMIUM;10016;11;10014;18;;;10022;9;10024;18;;;10019.0;0.0
bull_normal_s1;19600;INTARIAN_PEPPER_ROOT;10083;12;10081;18;;;10091;19;10093;22;;;10087.0;0.0
bull_normal_s1;19600;ASH_COATED_OSMIUM;10014;15;10012;15;;;10016;15;10018;21;;;10015.0;0.0
bull_normal_s1;19700;INTARIAN_PEPPER_ROOT;10075;13;10071;13;;;10101;18;10105;18;;;10088.0;0.0
bull_normal_s1;19700;ASH_COATED_OSMIUM;10017;5;10014;24;;;10019;23;10022;10;;;10018.0;0.0
bull_normal_s1;19800;INTARIAN_PEPPER_ROOT;10084;10;10082;18;;;10094;9;10098;18;;;10089.0;0.0
bull_normal_s1;19800;ASH_COATED_OSMIUM;10017;21;10015;27;;;10019;5;10023;28;;;10018.0;0.0
bull_normal_s1;19900;INTARIAN_PEPPER_ROOT;10090;7;10086;18;;;10092;13;10094;17;;;10091.0;0.0
bull_normal_s1;19900;ASH_COATED_OSMIUM;10009;12;10006;18;;;10015;15;10017;23;;;10012.0;0.0
bull_normal_s1;20000;INTARIAN_PEPPER_ROOT;10090;13;10087;21;;;10092;10;10095;23;;;10091.0;0.0
bull_normal_s1;20000;ASH_COATED_OSMIUM;10012;18;10010;26;;;10014;9;10016;15;;;10013.0;0.0
bull_normal_s1;20100;INTARIAN_PEPPER_ROOT;10073;17;10069;20;;;10111;12;10113;16;;;10092.0;0.0
bull_normal_s1;20100;ASH_COATED_OSMIUM;9991;12;9987;17;;;10029;5;10033;18;;;10010.0;0.0
bull_normal_s1;20200;INTARIAN_PEPPER_ROOT;10091;22;10088;18;;;10093;18;10097;23;;;10092.0;0.0
bull_normal_s1;20200;ASH_COATED_OSMIUM;10006;16;10002;20;;;10020;9;10023;26;;;10013.0;0.0
bull_normal_s1;20300;INTARIAN_PEPPER_ROOT;10091;15;10089;25;;;10099;16;10101;16;;;10095.0;0.0
bull_normal_s1;20300;ASH_COATED_OSMIUM;10008;7;10004;25;;;10020;15;10022;13;;;10014.0;0.0
bull_normal_s1;20400;INTARIAN_PEPPER_ROOT;10088;9;10086;23;;;10100;20;10102;19;;;10094.0;0.0
bull_normal_s1;20400;ASH_COATED_OSMIUM;9988;6;9986;23;;;10038;16;10040;15;;;10013.0;0.0
bull_normal_s1;20500;INTARIAN_PEPPER_ROOT;10090;7;10088;30;;;10092;7;10096;8;;;10091.0;0.0
bull_normal_s1;20500;ASH_COATED_OSMIUM;10012;8;10009;22;;;10014;19;10017;20;;;10013.0;0.0
bull_normal_s1;20600;INTARIAN_PEPPER_ROOT;10080;18;10077;18;;;10100;5;10104;22;;;10090.0;0.0
bull_normal_s1;20600;ASH_COATED_OSMIUM;10012;5;10008;11;;;10014;12;10016;15;;;10013.0;0.0
bull_normal_s1;20700;INTARIAN_PEPPER_ROOT;10087;10;10085;22;;;10089;19;10091;23;;;10088.0;0.0
bull_normal_s1;20700;ASH_COATED_OSMIUM;10016;5;10013;21;;;10018;8;10020;23;;;10017.0;0.0
bull_normal_s1;20800;INTARIAN_PEPPER_ROOT;10081;9;10077;25;;;10091;15;10094;16;;;10086.0;0.0
bull_normal_s1;20800;ASH_COATED_OSMIUM;10016;9;10012;10;;;10020;11;10022;16;;;10018.0;0.0
bull_normal_s1;20900;INTARIAN_PEPPER_ROOT;10084;17;10082;22;;;10096;11;10098;20;;;10090.0;0.0
bull_normal_s1;20900;ASH_COATED_OSMIUM;10012;10;10009;20;;;10018;19;10021;23;;;10015.0;0.0
bull_normal_s1;21000;INTARIAN_PEPPER_ROOT;10071;15;10069;24;;;10109;12;10111;14;;;10090.0;0.0
bull_normal_s1;21000;ASH_COATED_OSMIUM;10008;19;10006;21;;;10014;19;10016;18;;;10011.0;0.0
bull_normal_s1;21100;INTARIAN_PEPPER_ROOT;10071;13;10068;17;;;10105;8;10108;19;;;10088.0;0.0
bull_normal_s1;21100;ASH_COATED_OSMIUM;9994;11;9991;17;;;10016;5;10019;18;;;10005.0;0.0
bull_normal_s1;21200;INTARIAN_PEPPER_ROOT;10065;16;10061;20;;;10115;5;10118;17;;;10090.0;0.0
bull_normal_s1;21200;ASH_COATED_OSMIUM;9994;13;9991;20;;;10010;21;10014;25;;;10002.0;0.0
bull_normal_s1;21300;INTARIAN_PEPPER_ROOT;10088;10;10085;19;;;10090;5;10093;20;;;10089.0;0.0
bull_normal_s1;21300;ASH_COATED_OSMIUM;10002;18;9999;21;;;10010;9;10014;19;;;10006.0;0.0
bull_normal_s1;21400;INTARIAN_PEPPER_ROOT;10087;8;10083;17;;;10089;21;10092;8;;;10088.0;0.0
bull_normal_s1;21400;ASH_COATED_OSMIUM;9996;17;9994;13;;;10010;9;10012;22;;;10003.0;0.0
bull_normal_s1;21500;INTARIAN_PEPPER_ROOT;10081;11;10077;30;;;10097;20;10099;25;;;10089.0;0.0
bull_normal_s1;21500;ASH_COATED_OSMIUM;9999;19;9997;13;;;10007;16;10011;22;;;10003.0;0.0
bull_normal_s1;21600;INTARIAN_PEPPER_ROOT;10085;20;10081;9;;;10097;8;10099;22;;;10091.0;0.0
bull_normal_s1;21600;ASH_COATED_OSMIUM;10009;15;10006;21;;;10011;11;10015;13;;;10010.0;0.0
bull_normal_s1;21700;INTARIAN_PEPPER_ROOT;10085;7;10082;19;;;10097;16;10099;16;;;10091.0;0.0
bull_normal_s1;21700;ASH_COATED_OSMIUM;10001;22;9998;14;;;10011;14;10015;18;;;10006.0;0.0
bull_normal_s1;21800;INTARIAN_PEPPER_ROOT;10088;21;10085;21;;;10096;7;10098;23;;;10092.0;0.0
bull_normal_s1;21800;ASH_COATED_OSMIUM;9985;9;9983;14;;;10023;17;10026;22;;;10004.0;0.0
bull_normal_s1;21900;INTARIAN_PEPPER_ROOT;10092;17;10089;21;;;10094;15;10097;17;;;10093.0;0.0
bull_normal_s1;21900;ASH_COATED_OSMIUM;10006;17;10002;22;;;10008;13;10012;18;;;10007.0;0.0
bull_normal_s1;22000;INTARIAN_PEPPER_ROOT;10092;19;10089;17;;;10100;6;10102;26;;;10096.0;0.0
bull_normal_s1;22000;ASH_COATED_OSMIUM;9999;16;9995;26;;;10013;18;10016;27;;;10006.0;0.0
bull_normal_s1;22100;INTARIAN_PEPPER_ROOT;10096;15;10092;17;;;10098;19;10102;24;;;10097.0;0.0
bull_normal_s1;22100;ASH_COATED_OSMIUM;10002;14;9999;28;;;10018;18;10021;19;;;10010.0;0.0
bull_normal_s1;22200;INTARIAN_PEPPER_ROOT;10085;8;10082;17;;;10113;21;10116;25;;;10099.0;0.0
bull_normal_s1;22200;ASH_COATED_OSMIUM;10007;16;10005;19;;;10009;11;10013;18;;;10008.0;0.0
bull_normal_s1;22300;INTARIAN_PEPPER_ROOT;10099;9;10097;15;;;10101;17;10105;16;;;10100.0;0.0
bull_normal_s1;22300;ASH_COATED_OSMIUM;10004;15;10002;18;;;10008;14;10012;16;;;10006.0;0.0
bull_normal_s1;22400;INTARIAN_PEPPER_ROOT;10074;15;10072;25;;;10122;20;10125;17;;;10098.0;0.0
bull_normal_s1;22400;ASH_COATED_OSMIUM;10002;15;10000;18;;;10004;15;10006;11;;;10003.0;0.0
bull_normal_s1;22500;INTARIAN_PEPPER_ROOT;10101;16;10099;18;;;10103;15;10105;12;;;10102.0;0.0
bull_normal_s1;22500;ASH_COATED_OSMIUM;9993;14;9990;26;;;10015;13;10018;24;;;10004.0;0.0
bull_normal_s1;22600;INTARIAN_PEPPER_ROOT;10101;13;10097;23;;;10103;22;10105;21;;;10102.0;0.0
bull_normal_s1;22600;ASH_COATED_OSMIUM;9999;6;9995;16;;;10003;10;10007;22;;;10001.0;0.0
bull_normal_s1;22700;INTARIAN_PEPPER_ROOT;10101;16;10098;20;;;10103;11;10106;22;;;10102.0;0.0
bull_normal_s1;22700;ASH_COATED_OSMIUM;9990;17;9988;19;;;10010;13;10013;13;;;10000.0;0.0
bull_normal_s1;22800;INTARIAN_PEPPER_ROOT;10099;17;10095;14;;;10103;9;10106;16;;;10101.0;0.0
bull_normal_s1;22800;ASH_COATED_OSMIUM;9995;17;9992;21;;;10005;9;10009;25;;;10000.0;0.0
bull_normal_s1;22900;INTARIAN_PEPPER_ROOT;10092;11;10089;19;;;10110;10;10113;19;;;10101.0;0.0
bull_normal_s1;22900;ASH_COATED_OSMIUM;9963;5;9961;10;;;10037;14;10040;20;;;10000.0;0.0
bull_normal_s1;23000;INTARIAN_PEPPER_ROOT;10101;18;10097;11;;;10103;9;10105;19;;;10102.0;0.0
bull_normal_s1;23000;ASH_COATED_OSMIUM;9996;9;9994;21;;;10002;9;10006;13;;;9999.0;0.0
bull_normal_s1;23100;INTARIAN_PEPPER_ROOT;10102;11;10098;21;;;10104;21;10108;15;;;10103.0;0.0
bull_normal_s1;23100;ASH_COATED_OSMIUM;9994;19;9992;20;;;10002;14;10004;16;;;9998.0;0.0
bull_normal_s1;23200;INTARIAN_PEPPER_ROOT;10096;10;10093;21;;;10112;25;10115;19;;;10104.0;0.0
bull_normal_s1;23200;ASH_COATED_OSMIUM;9995;12;9993;23;;;10007;13;10009;29;;;10001.0;0.0
bull_normal_s1;23300;INTARIAN_PEPPER_ROOT;10093;23;10090;12;;;10121;12;10123;17;;;10107.0;0.0
bull_normal_s1;23300;ASH_COATED_OSMIUM;9986;9;9983;13;;;10010;16;10013;17;;;9998.0;0.0
bull_normal_s1;23400;INTARIAN_PEPPER_ROOT;10104;20;10100;13;;;10110;13;10112;21;;;10107.0;0.0
bull_normal_s1;23400;ASH_COATED_OSMIUM;9993;11;9989;20;;;9999;9;10001;20;;;9996.0;0.0
bull_normal_s1;23500;INTARIAN_PEPPER_ROOT;10102;16;10098;14;;;10108;6;10111;25;;;10105.0;0.0
bull_normal_s1;23500;ASH_COATED_OSMIUM;9978;9;9975;12;;;10004;6;10007;20;;;9991.0;0.0
bull_normal_s1;23600;INTARIAN_PEPPER_ROOT;10102;17;10099;18;;;10106;14;10109;15;;;10104.0;0.0
bull_normal_s1;23600;ASH_COATED_OSMIUM;9982;21;9978;20;;;10002;8;10005;17;;;9992.0;0.0
bull_normal_s1;23700;INTARIAN_PEPPER_ROOT;10095;16;10091;16;;;10111;12;10113;29;;;10103.0;0.0
bull_normal_s1;23700;ASH_COATED_OSMIUM;9985;5;9982;14;;;9997;9;10001;26;;;9991.0;0.0
bull_normal_s1;23800;INTARIAN_PEPPER_ROOT;10091;9;10087;10;;;10111;14;10115;21;;;10101.0;0.0
bull_normal_s1;23800;ASH_COATED_OSMIUM;9992;17;9989;18;;;9994;15;9996;22;;;9993.0;0.0
bull_normal_s1;23900;INTARIAN_PEPPER_ROOT;10102;15;10098;15;;;10104;15;10107;19;;;10103.0;0.0
bull_normal_s1;23900;ASH_COATED_OSMIUM;9990;6;9988;24;;;10000;10;10003;13;;;9995.0;0.0
bull_normal_s1;24000;INTARIAN_PEPPER_ROOT;10098;6;10096;16;;;10108;19;10112;13;;;10103.0;0.0
bull_normal_s1;24000;ASH_COATED_OSMIUM;9991;10;9989;20;;;9999;11;10001;19;;;9995.0;0.0
bull_normal_s1;24100;INTARIAN_PEPPER_ROOT;10097;9;10094;12;;;10107;16;10109;23;;;10102.0;0.0
bull_normal_s1;24100;ASH_COATED_OSMIUM;9992;10;9990;27;;;10000;14;10003;19;;;9996.0;0.0
bull_normal_s1;24200;INTARIAN_PEPPER_ROOT;10101;12;10099;20;;;10103;28;10107;21;;;10102.0;0.0
bull_normal_s1;24200;ASH_COATED_OSMIUM;9988;15;9986;17;;;10008;5;10012;22;;;9998.0;0.0
bull_normal_s1;24300;INTARIAN_PEPPER_ROOT;10099;17;10097;24;;;10101;17;10103;20;;;10100.0;0.0
bull_normal_s1;24300;ASH_COATED_OSMIUM;9995;14;9991;13;;;9999;13;10003;19;;;9997.0;0.0
bull_normal_s1;24400;INTARIAN_PEPPER_ROOT;10094;21;10092;26;;;10106;18;10109;23;;;10100.0;0.0
bull_normal_s1;24400;ASH_COATED_OSMIUM;10001;8;9999;11;;;10003;7;10005;20;;;10002.0;0.0
bull_normal_s1;24500;INTARIAN_PEPPER_ROOT;10083;14;10080;22;;;10117;13;10119;26;;;10100.0;0.0
bull_normal_s1;24500;ASH_COATED_OSMIUM;9978;12;9976;20;;;10026;14;10030;22;;;10002.0;0.0
bull_normal_s1;24600;INTARIAN_PEPPER_ROOT;10101;13;10097;19;;;10103;18;10106;19;;;10102.0;0.0
bull_normal_s1;24600;ASH_COATED_OSMIUM;9987;11;9985;13;;;10005;16;10009;26;;;9996.0;0.0
bull_normal_s1;24700;INTARIAN_PEPPER_ROOT;10095;16;10092;15;;;10107;5;10110;22;;;10101.0;0.0
bull_normal_s1;24700;ASH_COATED_OSMIUM;9993;5;9991;20;;;10007;7;10009;20;;;10000.0;0.0
bull_normal_s1;24800;INTARIAN_PEPPER_ROOT;10103;9;10100;18;;;10105;11;10107;26;;;10104.0;0.0
bull_normal_s1;24800;ASH_COATED_OSMIUM;9981;20;9978;17;;;10021;18;10025;25;;;10001.0;0.0
bull_normal_s1;24900;INTARIAN_PEPPER_ROOT;10095;11;10093;23;;;10111;11;10114;20;;;10103.0;0.0
bull_normal_s1;24900;ASH_COATED_OSMIUM;9999;15;9995;17;;;10007;10;10010;28;;;10003.0;0.0
bull_normal_s1;25000;INTARIAN_PEPPER_ROOT;10101;14;10097;14;;;10103;12;10107;25;;;10102.0;0.0
bull_normal_s1;25000;ASH_COATED_OSMIUM;10001;17;9998;22;;;10007;14;10009;15;;;10004.0;0.0
bull_normal_s1;25100;INTARIAN_PEPPER_ROOT;10095;25;10093;22;;;10111;17;10114;17;;;10103.0;0.0
bull_normal_s1;25100;ASH_COATED_OSMIUM;10006;18;10003;18;;;10008;8;10012;19;;;10007.0;0.0
bull_normal_s1;25200;INTARIAN_PEPPER_ROOT;10089;15;10086;23;;;10107;14;10111;21;;;10098.0;0.0
bull_normal_s1;25200;ASH_COATED_OSMIUM;9991;22;9988;9;;;10011;14;10015;21;;;10001.0;0.0
bull_normal_s1;25300;INTARIAN_PEPPER_ROOT;10086;8;10083;27;;;10118;17;10122;16;;;10102.0;0.0
bull_normal_s1;25300;ASH_COATED_OSMIUM;9984;14;9982;19;;;10020;15;10022;13;;;10002.0;0.0
bull_normal_s1;25400;INTARIAN_PEPPER_ROOT;10070;13;10066;26;;;10136;15;10138;28;;;10103.0;0.0
bull_normal_s1;25400;ASH_COATED_OSMIUM;9993;15;9989;22;;;10013;22;10017;11;;;10003.0;0.0
bull_normal_s1;25500;INTARIAN_PEPPER_ROOT;10096;11;10092;13;;;10108;13;10112;22;;;10102.0;0.0
bull_normal_s1;25500;ASH_COATED_OSMIUM;10001;16;9997;17;;;10013;11;10016;29;;;10007.0;0.0
bull_normal_s1;25600;INTARIAN_PEPPER_ROOT;10102;7;10098;24;;;10108;19;10112;24;;;10105.0;0.0
bull_normal_s1;25600;ASH_COATED_OSMIUM;9991;16;9989;12;;;10007;15;10009;19;;;9999.0;0.0
bull_normal_s1;25700;INTARIAN_PEPPER_ROOT;10088;12;10085;22;;;10124;15;10128;23;;;10106.0;0.0
bull_normal_s1;25700;ASH_COATED_OSMIUM;9991;5;9987;11;;;10005;12;10009;23;;;9998.0;0.0
bull_normal_s1;25800;INTARIAN_PEPPER_ROOT;10084;14;10080;23;;;10130;17;10132;10;;;10107.0;0.0
bull_normal_s1;25800;ASH_COATED_OSMIUM;9995;13;9993;25;;;10007;14;10010;19;;;10001.0;0.0
bull_normal_s1;25900;INTARIAN_PEPPER_ROOT;10106;14;10102;19;;;10108;17;10110;14;;;10107.0;0.0
bull_normal_s1;25900;ASH_COATED_OSMIUM;9980;6;9976;21;;;10018;6;10021;22;;;9999.0;0.0
bull_normal_s1;26000;INTARIAN_PEPPER_ROOT;10104;13;10102;20;;;10110;13;10112;17;;;10107.0;0.0
bull_normal_s1;26000;ASH_COATED_OSMIUM;9997;23;9994;19;;;10011;14;10013;21;;;10004.0;0.0
bull_normal_s1;26100;INTARIAN_PEPPER_ROOT;10088;23;10086;12;;;10122;11;10124;21;;;10105.0;0.0
bull_normal_s1;26100;ASH_COATED_OSMIUM;9982;9;9980;25;;;10024;20;10026;24;;;10003.0;0.0
bull_normal_s1;26200;INTARIAN_PEPPER_ROOT;10105;23;10102;21;;;10109;19;10112;21;;;10107.0;0.0
bull_normal_s1;26200;ASH_COATED_OSMIUM;9995;12;9993;20;;;10005;15;10008;10;;;10000.0;0.0
bull_normal_s1;26300;INTARIAN_PEPPER_ROOT;10100;16;10097;27;;;10112;17;10115;21;;;10106.0;0.0
bull_normal_s1;26300;ASH_COATED_OSMIUM;9995;17;9993;23;;;10001;10;10004;13;;;9998.0;0.0
bull_normal_s1;26400;INTARIAN_PEPPER_ROOT;10102;20;10100;12;;;10112;20;10116;19;;;10107.0;0.0
bull_normal_s1;26400;ASH_COATED_OSMIUM;9994;12;9991;20;;;10000;10;10003;9;;;9997.0;0.0
bull_normal_s1;26500;INTARIAN_PEPPER_ROOT;10099;19;10096;15;;;10117;8;10120;19;;;10108.0;0.0
bull_normal_s1;26500;ASH_COATED_OSMIUM;9987;13;9985;18;;;9993;20;9995;13;;;9990.0;0.0
bull_normal_s1;26600;INTARIAN_PEPPER_ROOT;10108;18;10106;22;;;10110;17;10112;26;;;10109.0;0.0
bull_normal_s1;26600;ASH_COATED_OSMIUM;9966;14;9963;14;;;10010;15;10012;27;;;9988.0;0.0
bull_normal_s1;26700;INTARIAN_PEPPER_ROOT;10107;16;10103;23;;;10113;16;10115;21;;;10110.0;0.0
bull_normal_s1;26700;ASH_COATED_OSMIUM;9983;19;9979;20;;;9985;9;9989;25;;;9984.0;0.0
bull_normal_s1;26800;INTARIAN_PEPPER_ROOT;10109;18;10105;19;;;10113;13;10117;16;;;10111.0;0.0
bull_normal_s1;26800;ASH_COATED_OSMIUM;9966;18;9963;24;;;10006;16;10010;23;;;9986.0;0.0
bull_normal_s1;26900;INTARIAN_PEPPER_ROOT;10102;15;10099;22;;;10118;17;10120;18;;;10110.0;0.0
bull_normal_s1;26900;ASH_COATED_OSMIUM;9967;16;9965;25;;;10017;20;10021;23;;;9992.0;0.0
bull_normal_s1;27000;INTARIAN_PEPPER_ROOT;10100;16;10098;20;;;10122;15;10124;11;;;10111.0;0.0
bull_normal_s1;27000;ASH_COATED_OSMIUM;9982;19;9979;31;;;9998;16;10002;14;;;9990.0;0.0
bull_normal_s1;27100;INTARIAN_PEPPER_ROOT;10113;14;10111;18;;;10115;15;10119;24;;;10114.0;0.0
bull_normal_s1;27100;ASH_COATED_OSMIUM;9984;15;9982;21;;;9994;11;9997;13;;;9989.0;0.0
bull_normal_s1;27200;INTARIAN_PEPPER_ROOT;10114;19;10111;17;;;10116;7;10119;14;;;10115.0;0.0
bull_normal_s1;27200;ASH_COATED_OSMIUM;9983;19;9980;18;;;9995;19;9999;20;;;9989.0;0.0
bull_normal_s1;27300;INTARIAN_PEPPER_ROOT;10114;10;10111;17;;;10120;11;10123;24;;;10117.0;0.0
bull_normal_s1;27300;ASH_COATED_OSMIUM;9967;13;9963;27;;;10017;17;10021;20;;;9992.0;0.0
bull_normal_s1;27400;INTARIAN_PEPPER_ROOT;10114;18;10111;25;;;10118;11;10122;19;;;10116.0;0.0
bull_normal_s1;27400;ASH_COATED_OSMIUM;9986;12;9984;28;;;9996;16;9999;22;;;9991.0;0.0
bull_normal_s1;27500;INTARIAN_PEPPER_ROOT;10113;14;10111;17;;;10117;14;10121;21;;;10115.0;0.0
bull_normal_s1;27500;ASH_COATED_OSMIUM;9991;11;9988;22;;;10003;13;10006;18;;;9997.0;0.0
bull_normal_s1;27600;INTARIAN_PEPPER_ROOT;10106;25;10104;12;;;10120;14;10124;13;;;10113.0;0.0
bull_normal_s1;27600;ASH_COATED_OSMIUM;9988;20;9986;13;;;9998;13;10000;28;;;9993.0;0.0
bull_normal_s1;27700;INTARIAN_PEPPER_ROOT;10114;27;10111;27;;;10116;21;10120;25;;;10115.0;0.0
bull_normal_s1;27700;ASH_COATED_OSMIUM;9985;16;9982;24;;;10003;12;10005;22;;;9994.0;0.0
bull_normal_s1;27800;INTARIAN_PEPPER_ROOT;10112;22;10108;21;;;10118;17;10121;19;;;10115.0;0.0
bull_normal_s1;27800;ASH_COATED_OSMIUM;9989;5;9986;22;;;9991;16;9994;18;;;9990.0;0.0
bull_normal_s1;27900;INTARIAN_PEPPER_ROOT;10111;24;10107;15;;;10125;20;10127;17;;;10118.0;0.0
bull_normal_s1;27900;ASH_COATED_OSMIUM;9980;15;9977;13;;;9998;14;10002;25;;;9989.0;0.0
bull_normal_s1;28000;INTARIAN_PEPPER_ROOT;10116;24;10113;17;;;10118;14;10120;22;;;10117.0;0.0
bull_normal_s1;28000;ASH_COATED_OSMIUM;9988;13;9985;25;;;9990;17;9994;26;;;9989.0;0.0
bull_normal_s1;28100;INTARIAN_PEPPER_ROOT;10115;5;10113;8;;;10117;15;10120;17;;;10116.0;0.0
bull_normal_s1;28100;ASH_COATED_OSMIUM;9993;19;9991;20;;;9995;14;9999;26;;;9994.0;0.0
bull_normal_s1;28200;INTARIAN_PEPPER_ROOT;10095;14;10092;20;;;10139;7;10141;10;;;10117.0;0.0
bull_normal_s1;28200;ASH_COATED_OSMIUM;9984;15;9980;12;;;10000;17;10004;24;;;9992.0;0.0
bull_normal_s1;28300;INTARIAN_PEPPER_ROOT;10114;8;10112;22;;;10124;14;10126;14;;;10119.0;0.0
bull_normal_s1;28300;ASH_COATED_OSMIUM;9988;14;9986;18;;;9998;18;10002;27;;;9993.0;0.0
bull_normal_s1;28400;INTARIAN_PEPPER_ROOT;10117;14;10115;23;;;10121;19;10124;20;;;10119.0;0.0
bull_normal_s1;28400;ASH_COATED_OSMIUM;9992;11;9988;14;;;9996;11;9998;18;;;9994.0;0.0
bull_normal_s1;28500;INTARIAN_PEPPER_ROOT;10114;17;10111;25;;;10126;17;10129;24;;;10120.0;0.0
bull_normal_s1;28500;ASH_COATED_OSMIUM;9995;20;9991;15;;;9997;14;10000;18;;;9996.0;0.0
bull_normal_s1;28600;INTARIAN_PEPPER_ROOT;10118;14;10114;11;;;10122;9;10125;18;;;10120.0;0.0
bull_normal_s1;28600;ASH_COATED_OSMIUM;9992;15;9990;17;;;10000;13;10002;15;;;9996.0;0.0
bull_normal_s1;28700;INTARIAN_PEPPER_ROOT;10118;23;10115;22;;;10122;11;10124;18;;;10120.0;0.0
bull_normal_s1;28700;ASH_COATED_OSMIUM;9989;19;9986;26;;;10005;12;10009;31;;;9997.0;0.0
bull_normal_s1;28800;INTARIAN_PEPPER_ROOT;10109;12;10106;28;;;10129;16;10133;20;;;10119.0;0.0
bull_normal_s1;28800;ASH_COATED_OSMIUM;9985;14;9983;21;;;10009;17;10013;22;;;9997.0;0.0
bull_normal_s1;28900;INTARIAN_PEPPER_ROOT;10113;5;10111;18;;;10127;14;10129;18;;;10120.0;0.0
bull_normal_s1;28900;ASH_COATED_OSMIUM;9973;7;9971;18;;;10019;13;10022;27;;;9996.0;0.0
bull_normal_s1;29000;INTARIAN_PEPPER_ROOT;10111;23;10109;26;;;10129;8;10132;26;;;10120.0;0.0
bull_normal_s1;29000;ASH_COATED_OSMIUM;9984;6;9982;16;;;10004;5;10006;28;;;9994.0;0.0
bull_normal_s1;29100;INTARIAN_PEPPER_ROOT;10119;10;10116;19;;;10123;22;10126;16;;;10121.0;0.0
bull_normal_s1;29100;ASH_COATED_OSMIUM;9977;10;9974;17;;;10013;16;10016;28;;;9995.0;0.0
bull_normal_s1;29200;INTARIAN_PEPPER_ROOT;10115;15;10111;28;;;10127;13;10130;21;;;10121.0;0.0
bull_normal_s1;29200;ASH_COATED_OSMIUM;9996;5;9994;24;;;9998;8;10002;19;;;9997.0;0.0
bull_normal_s1;29300;INTARIAN_PEPPER_ROOT;10117;9;10114;23;;;10123;11;10127;25;;;10120.0;0.0
bull_normal_s1;29300;ASH_COATED_OSMIUM;9996;13;9994;22;;;9998;22;10000;18;;;9997.0;0.0
bull_normal_s1;29400;INTARIAN_PEPPER_ROOT;10119;21;10115;20;;;10121;6;10123;10;;;10120.0;0.0
bull_normal_s1;29400;ASH_COATED_OSMIUM;9983;12;9979;18;;;10005;10;10009;15;;;9994.0;0.0
bull_normal_s1;29500;INTARIAN_PEPPER_ROOT;10115;19;10112;8;;;10125;6;10128;12;;;10120.0;0.0
bull_normal_s1;29500;ASH_COATED_OSMIUM;9989;9;9987;17;;;10009;19;10013;13;;;9999.0;0.0
bull_normal_s1;29600;INTARIAN_PEPPER_ROOT;10099;18;10096;11;;;10143;9;10145;16;;;10121.0;0.0
bull_normal_s1;29600;ASH_COATED_OSMIUM;9989;11;9985;30;;;10011;12;10015;14;;;10000.0;0.0
bull_normal_s1;29700;INTARIAN_PEPPER_ROOT;10115;20;10112;18;;;10129;15;10133;21;;;10122.0;0.0
bull_normal_s1;29700;ASH_COATED_OSMIUM;9996;11;9993;16;;;10004;9;10006;14;;;10000.0;0.0
bull_normal_s1;29800;INTARIAN_PEPPER_ROOT;10116;12;10114;21;;;10128;13;10132;14;;;10122.0;0.0
bull_normal_s1;29800;ASH_COATED_OSMIUM;10000;9;9998;26;;;10004;9;10008;14;;;10002.0;0.0
bull_normal_s1;29900;INTARIAN_PEPPER_ROOT;10122;13;10118;17;;;10124;11;10126;21;;;10123.0;0.0
bull_normal_s1;29900;ASH_COATED_OSMIUM;9965;7;9962;18;;;10035;10;10037;13;;;10000.0;0.0
bull_normal_s1;30000;INTARIAN_PEPPER_ROOT;10124;9;10120;16;;;10128;17;10132;16;;;10126.0;0.0
bull_normal_s1;30000;ASH_COATED_OSMIUM;9974;5;9971;13;;;10012;5;10014;18;;;9993.0;0.0
bull_normal_s1;30100;INTARIAN_PEPPER_ROOT;10116;10;10114;22;;;10132;9;10135;28;;;10124.0;0.0
bull_normal_s1;30100;ASH_COATED_OSMIUM;9992;20;9990;28;;;9996;10;9998;15;;;9994.0;0.0
bull_normal_s1;30200;INTARIAN_PEPPER_ROOT;10118;17;10115;19;;;10128;11;10132;20;;;10123.0;0.0
bull_normal_s1;30200;ASH_COATED_OSMIUM;9990;15;9986;9;;;10006;16;10010;18;;;9998.0;0.0
bull_normal_s1;30300;INTARIAN_PEPPER_ROOT;10116;20;10114;16;;;10128;18;10132;11;;;10122.0;0.0
bull_normal_s1;30300;ASH_COATED_OSMIUM;9994;12;9992;22;;;10002;6;10006;20;;;9998.0;0.0
bull_normal_s1;30400;INTARIAN_PEPPER_ROOT;10115;13;10113;28;;;10129;26;10131;22;;;10122.0;0.0
bull_normal_s1;30400;ASH_COATED_OSMIUM;9990;7;9988;13;;;9998;15;10000;17;;;9994.0;0.0
bull_normal_s1;30500;INTARIAN_PEPPER_ROOT;10124;9;10121;18;;;10126;17;10128;24;;;10125.0;0.0
bull_normal_s1;30500;ASH_COATED_OSMIUM;9979;13;9976;22;;;10007;11;10009;19;;;9993.0;0.0
bull_normal_s1;30600;INTARIAN_PEPPER_ROOT;10122;14;10120;13;;;10128;13;10130;18;;;10125.0;0.0
bull_normal_s1;30600;ASH_COATED_OSMIUM;9977;22;9974;20;;;10001;20;10004;20;;;9989.0;0.0
bull_normal_s1;30700;INTARIAN_PEPPER_ROOT;10117;20;10113;29;;;10133;22;10135;19;;;10125.0;0.0
bull_normal_s1;30700;ASH_COATED_OSMIUM;9978;18;9976;19;;;10000;11;10004;25;;;9989.0;0.0
bull_normal_s1;30800;INTARIAN_PEPPER_ROOT;10119;18;10117;21;;;10133;20;10135;30;;;10126.0;0.0
bull_normal_s1;30800;ASH_COATED_OSMIUM;9990;17;9986;25;;;9992;15;9995;23;;;9991.0;0.0
bull_normal_s1;30900;INTARIAN_PEPPER_ROOT;10123;16;10121;19;;;10127;10;10131;16;;;10125.0;0.0
bull_normal_s1;30900;ASH_COATED_OSMIUM;9984;19;9982;23;;;9998;5;10002;16;;;9991.0;0.0
bull_normal_s1;31000;INTARIAN_PEPPER_ROOT;10107;11;10103;13;;;10147;11;10150;20;;;10127.0;0.0
bull_normal_s1;31000;ASH_COATED_OSMIUM;9996;16;9992;19;;;9998;16;10000;17;;;9997.0;0.0
bull_normal_s1;31100;INTARIAN_PEPPER_ROOT;10124;5;10122;20;;;10132;16;10135;19;;;10128.0;0.0
bull_normal_s1;31100;ASH_COATED_OSMIUM;10002;21;9998;14;;;10004;20;10006;16;;;10003.0;0.0
bull_normal_s1;31200;INTARIAN_PEPPER_ROOT;10126;14;10124;12;;;10134;7;10136;14;;;10130.0;0.0
bull_normal_s1;31200;ASH_COATED_OSMIUM;9986;6;9982;19;;;10014;10;10017;26;;;10000.0;0.0
bull_normal_s1;31300;INTARIAN_PEPPER_ROOT;10129;18;10126;14;;;10131;10;10133;22;;;10130.0;0.0
bull_normal_s1;31300;ASH_COATED_OSMIUM;9995;9;9991;23;;;10009;19;10011;21;;;10002.0;0.0
bull_normal_s1;31400;INTARIAN_PEPPER_ROOT;10102;19;10100;20;;;10168;17;10172;15;;;10135.0;0.0
bull_normal_s1;31400;ASH_COATED_OSMIUM;9998;9;9996;24;;;10000;21;10004;13;;;9999.0;0.0
bull_normal_s1;31500;INTARIAN_PEPPER_ROOT;10127;13;10125;22;;;10145;18;10148;15;;;10136.0;0.0
bull_normal_s1;31500;ASH_COATED_OSMIUM;9996;13;9992;29;;;9998;9;10002;18;;;9997.0;0.0
bull_normal_s1;31600;INTARIAN_PEPPER_ROOT;10119;15;10117;21;;;10155;16;10159;28;;;10137.0;0.0
bull_normal_s1;31600;ASH_COATED_OSMIUM;9981;20;9978;18;;;10023;17;10025;19;;;10002.0;0.0
bull_normal_s1;31700;INTARIAN_PEPPER_ROOT;10119;17;10117;24;;;10157;5;10161;29;;;10138.0;0.0
bull_normal_s1;31700;ASH_COATED_OSMIUM;10004;9;10000;26;;;10010;5;10012;13;;;10007.0;0.0
bull_normal_s1;31800;INTARIAN_PEPPER_ROOT;10133;14;10129;25;;;10141;11;10145;16;;;10137.0;0.0
bull_normal_s1;31800;ASH_COATED_OSMIUM;10003;7;10000;20;;;10009;19;10012;20;;;10006.0;0.0
bull_normal_s1;31900;INTARIAN_PEPPER_ROOT;10124;12;10122;21;;;10148;13;10150;23;;;10136.0;0.0
bull_normal_s1;31900;ASH_COATED_OSMIUM;9998;6;9996;25;;;10010;10;10013;28;;;10004.0;0.0
bull_normal_s1;32000;INTARIAN_PEPPER_ROOT;10135;13;10133;21;;;10137;11;10140;13;;;10136.0;0.0
bull_normal_s1;32000;ASH_COATED_OSMIUM;10004;11;10002;15;;;10008;10;10011;15;;;10006.0;0.0
bull_normal_s1;32100;INTARIAN_PEPPER_ROOT;10133;20;10129;20;;;10135;22;10137;23;;;10134.0;0.0
bull_normal_s1;32100;ASH_COATED_OSMIUM;10002;7;9998;26;;;10010;9;10014;17;;;10006.0;0.0
bull_normal_s1;32200;INTARIAN_PEPPER_ROOT;10132;19;10129;27;;;10140;10;10142;21;;;10136.0;0.0
bull_normal_s1;32200;ASH_COATED_OSMIUM;10006;16;10003;18;;;10008;12;10012;15;;;10007.0;0.0
bull_normal_s1;32300;INTARIAN_PEPPER_ROOT;10125;15;10121;24;;;10143;9;10147;19;;;10134.0;0.0
bull_normal_s1;32300;ASH_COATED_OSMIUM;9994;19;9990;18;;;10012;5;10015;20;;;10003.0;0.0
bull_normal_s1;32400;INTARIAN_PEPPER_ROOT;10130;14;10128;22;;;10142;20;10146;21;;;10136.0;0.0
bull_normal_s1;32400;ASH_COATED_OSMIUM;9998;8;9994;23;;;10006;12;10009;14;;;10002.0;0.0
bull_normal_s1;32500;INTARIAN_PEPPER_ROOT;10127;10;10123;22;;;10149;21;10152;26;;;10138.0;0.0
bull_normal_s1;32500;ASH_COATED_OSMIUM;9999;16;9996;21;;;10011;7;10013;23;;;10005.0;0.0
bull_normal_s1;32600;INTARIAN_PEPPER_ROOT;10135;13;10131;17;;;10139;12;10141;25;;;10137.0;0.0
bull_normal_s1;32600;ASH_COATED_OSMIUM;10002;15;10000;16;;;10004;5;10008;17;;;10003.0;0.0
bull_normal_s1;32700;INTARIAN_PEPPER_ROOT;10136;7;10132;23;;;10142;10;10144;27;;;10139.0;0.0
bull_normal_s1;32700;ASH_COATED_OSMIUM;9999;20;9996;16;;;10001;13;10005;14;;;10000.0;0.0
bull_normal_s1;32800;INTARIAN_PEPPER_ROOT;10135;20;10132;24;;;10143;15;10145;16;;;10139.0;0.0
bull_normal_s1;32800;ASH_COATED_OSMIUM;9989;12;9986;22;;;10017;15;10020;25;;;10003.0;0.0
bull_normal_s1;32900;INTARIAN_PEPPER_ROOT;10140;9;10136;21;;;10142;29;10144;27;;;10141.0;0.0
bull_normal_s1;32900;ASH_COATED_OSMIUM;10005;12;10001;20;;;10007;16;10009;22;;;10006.0;0.0
bull_normal_s1;33000;INTARIAN_PEPPER_ROOT;10141;14;10138;27;;;10143;10;10146;21;;;10142.0;0.0
bull_normal_s1;33000;ASH_COATED_OSMIUM;9987;14;9984;29;;;10013;12;10017;23;;;10000.0;0.0
bull_normal_s1;33100;INTARIAN_PEPPER_ROOT;10142;12;10139;15;;;10146;16;10148;13;;;10144.0;0.0
bull_normal_s1;33100;ASH_COATED_OSMIUM;9980;18;9977;20;;;10016;23;10020;17;;;9998.0;0.0
bull_normal_s1;33200;INTARIAN_PEPPER_ROOT;10127;8;10123;11;;;10157;20;10159;13;;;10142.0;0.0
bull_normal_s1;33200;ASH_COATED_OSMIUM;9983;14;9979;8;;;10017;14;10020;15;;;10000.0;0.0
bull_normal_s1;33300;INTARIAN_PEPPER_ROOT;10142;14;10140;12;;;10144;18;10147;23;;;10143.0;0.0
bull_normal_s1;33300;ASH_COATED_OSMIUM;9975;19;9972;24;;;10021;10;10024;20;;;9998.0;0.0
bull_normal_s1;33400;INTARIAN_PEPPER_ROOT;10145;14;10142;8;;;10147;7;10149;20;;;10146.0;0.0
bull_normal_s1;33400;ASH_COATED_OSMIUM;9992;11;9989;21;;;10004;14;10006;23;;;9998.0;0.0
bull_normal_s1;33500;INTARIAN_PEPPER_ROOT;10142;21;10139;23;;;10148;13;10151;13;;;10145.0;0.0
bull_normal_s1;33500;ASH_COATED_OSMIUM;9998;11;9996;25;;;10002;5;10005;23;;;10000.0;0.0
bull_normal_s1;33600;INTARIAN_PEPPER_ROOT;10133;17;10129;26;;;10151;18;10153;17;;;10142.0;0.0
bull_normal_s1;33600;ASH_COATED_OSMIUM;9999;9;9995;23;;;10003;5;10006;20;;;10001.0;0.0
bull_normal_s1;33700;INTARIAN_PEPPER_ROOT;10135;13;10133;18;;;10143;5;10147;15;;;10139.0;0.0
bull_normal_s1;33700;ASH_COATED_OSMIUM;9983;15;9981;24;;;10017;11;10019;15;;;10000.0;0.0
bull_normal_s1;33800;INTARIAN_PEPPER_ROOT;10118;17;10115;24;;;10152;10;10155;26;;;10135.0;0.0
bull_normal_s1;33800;ASH_COATED_OSMIUM;9983;11;9980;21;;;10015;11;10019;21;;;9999.0;0.0
bull_normal_s1;33900;INTARIAN_PEPPER_ROOT;10130;18;10126;15;;;10136;18;10139;21;;;10133.0;0.0
bull_normal_s1;33900;ASH_COATED_OSMIUM;9957;14;9954;17;;;10051;10;10054;18;;;10004.0;0.0
bull_normal_s1;34000;INTARIAN_PEPPER_ROOT;10127;22;10124;14;;;10137;7;10139;25;;;10132.0;0.0
bull_normal_s1;34000;ASH_COATED_OSMIUM;10000;12;9998;16;;;10002;18;10005;23;;;10001.0;0.0
bull_normal_s1;34100;INTARIAN_PEPPER_ROOT;10130;14;10128;21;;;10140;15;10144;23;;;10135.0;0.0
bull_normal_s1;34100;ASH_COATED_OSMIUM;9993;14;9990;16;;;10015;6;10018;32;;;10004.0;0.0
bull_normal_s1;34200;INTARIAN_PEPPER_ROOT;10132;16;10129;15;;;10136;19;10140;12;;;10134.0;0.0
bull_normal_s1;34200;ASH_COATED_OSMIUM;10008;16;10004;23;;;10016;6;10020;13;;;10012.0;0.0
bull_normal_s1;34300;INTARIAN_PEPPER_ROOT;10127;18;10123;11;;;10143;16;10147;17;;;10135.0;0.0
bull_normal_s1;34300;ASH_COATED_OSMIUM;10009;17;10006;20;;;10019;7;10022;16;;;10014.0;0.0
bull_normal_s1;34400;INTARIAN_PEPPER_ROOT;10135;14;10133;15;;;10137;16;10139;16;;;10136.0;0.0
bull_normal_s1;34400;ASH_COATED_OSMIUM;9999;16;9996;32;;;10039;21;10043;24;;;10019.0;0.0
bull_normal_s1;34500;INTARIAN_PEPPER_ROOT;10125;18;10121;26;;;10147;22;10149;28;;;10136.0;0.0
bull_normal_s1;34500;ASH_COATED_OSMIUM;10017;10;10013;19;;;10021;8;10024;15;;;10019.0;0.0
bull_normal_s1;34600;INTARIAN_PEPPER_ROOT;10134;23;10131;19;;;10138;15;10140;16;;;10136.0;0.0
bull_normal_s1;34600;ASH_COATED_OSMIUM;10006;14;10003;14;;;10020;19;10023;27;;;10013.0;0.0
bull_normal_s1;34700;INTARIAN_PEPPER_ROOT;10135;16;10132;18;;;10137;8;10139;24;;;10136.0;0.0
bull_normal_s1;34700;ASH_COATED_OSMIUM;10012;15;10009;24;;;10014;9;10018;12;;;10013.0;0.0
bull_normal_s1;34800;INTARIAN_PEPPER_ROOT;10135;17;10132;17;;;10139;17;10143;34;;;10137.0;0.0
bull_normal_s1;34800;ASH_COATED_OSMIUM;9997;16;9994;16;;;10029;17;10033;9;;;10013.0;0.0
bull_normal_s1;34900;INTARIAN_PEPPER_ROOT;10128;12;10124;25;;;10144;22;10148;20;;;10136.0;0.0
bull_normal_s1;34900;ASH_COATED_OSMIUM;10017;17;10014;20;;;10019;6;10023;19;;;10018.0;0.0
bull_normal_s1;35000;INTARIAN_PEPPER_ROOT;10136;20;10134;17;;;10138;19;10140;19;;;10137.0;0.0
bull_normal_s1;35000;ASH_COATED_OSMIUM;10016;17;10014;17;;;10020;9;10024;14;;;10018.0;0.0
bull_normal_s1;35100;INTARIAN_PEPPER_ROOT;10138;18;10135;23;;;10140;16;10144;8;;;10139.0;0.0
bull_normal_s1;35100;ASH_COATED_OSMIUM;10011;12;10007;26;;;10027;12;10029;19;;;10019.0;0.0
bull_normal_s1;35200;INTARIAN_PEPPER_ROOT;10138;18;10134;18;;;10140;14;10142;22;;;10139.0;0.0
bull_normal_s1;35200;ASH_COATED_OSMIUM;9989;11;9986;9;;;10047;7;10049;17;;;10018.0;0.0
bull_normal_s1;35300;INTARIAN_PEPPER_ROOT;10133;11;10130;20;;;10147;19;10150;23;;;10140.0;0.0
bull_normal_s1;35300;ASH_COATED_OSMIUM;10016;20;10014;21;;;10018;5;10022;20;;;10017.0;0.0
bull_normal_s1;35400;INTARIAN_PEPPER_ROOT;10131;20;10129;16;;;10149;5;10152;20;;;10140.0;0.0
bull_normal_s1;35400;ASH_COATED_OSMIUM;9997;10;9993;13;;;10041;11;10045;16;;;10019.0;0.0
bull_normal_s1;35500;INTARIAN_PEPPER_ROOT;10133;13;10131;20;;;10145;11;10147;24;;;10139.0;0.0
bull_normal_s1;35500;ASH_COATED_OSMIUM;9999;15;9996;23;;;10039;18;10043;21;;;10019.0;0.0
bull_normal_s1;35600;INTARIAN_PEPPER_ROOT;10135;5;10132;12;;;10143;10;10145;21;;;10139.0;0.0
bull_normal_s1;35600;ASH_COATED_OSMIUM;10008;11;10004;12;;;10022;11;10024;19;;;10015.0;0.0
bull_normal_s1;35700;INTARIAN_PEPPER_ROOT;10128;5;10124;26;;;10152;18;10155;16;;;10140.0;0.0
bull_normal_s1;35700;ASH_COATED_OSMIUM;10015;9;10012;15;;;10017;17;10019;17;;;10016.0;0.0
bull_normal_s1;35800;INTARIAN_PEPPER_ROOT;10138;13;10134;19;;;10140;17;10142;23;;;10139.0;0.0
bull_normal_s1;35800;ASH_COATED_OSMIUM;10011;15;10007;18;;;10019;18;10021;23;;;10015.0;0.0
bull_normal_s1;35900;INTARIAN_PEPPER_ROOT;10134;17;10131;17;;;10144;21;10147;26;;;10139.0;0.0
bull_normal_s1;35900;ASH_COATED_OSMIUM;9987;13;9983;17;;;10047;12;10050;13;;;10017.0;0.0
bull_normal_s1;36000;INTARIAN_PEPPER_ROOT;10123;16;10119;15;;;10153;10;10157;14;;;10138.0;0.0
bull_normal_s1;36000;ASH_COATED_OSMIUM;10013;12;10011;19;;;10017;12;10019;19;;;10015.0;0.0
bull_normal_s1;36100;INTARIAN_PEPPER_ROOT;10139;7;10137;18;;;10141;14;10144;18;;;10140.0;0.0
bull_normal_s1;36100;ASH_COATED_OSMIUM;9966;6;9962;16;;;10054;6;10057;29;;;10010.0;0.0
bull_normal_s1;36200;INTARIAN_PEPPER_ROOT;10134;27;10130;16;;;10142;14;10146;27;;;10138.0;0.0
bull_normal_s1;36200;ASH_COATED_OSMIUM;9994;16;9990;24;;;10028;12;10031;23;;;10011.0;0.0
bull_normal_s1;36300;INTARIAN_PEPPER_ROOT;10137;10;10133;20;;;10139;19;10143;23;;;10138.0;0.0
bull_normal_s1;36300;ASH_COATED_OSMIUM;10005;8;10001;17;;;10007;13;10011;26;;;10006.0;0.0
bull_normal_s1;36400;INTARIAN_PEPPER_ROOT;10137;10;10133;24;;;10139;16;10141;24;;;10138.0;0.0
bull_normal_s1;36400;ASH_COATED_OSMIUM;10007;11;10003;21;;;10009;11;10013;24;;;10008.0;0.0
bull_normal_s1;36500;INTARIAN_PEPPER_ROOT;10121;17;10118;25;;;10157;14;10161;20;;;10139.0;0.0
bull_normal_s1;36500;ASH_COATED_OSMIUM;9985;12;9983;17;;;10025;13;10028;26;;;10005.0;0.0
bull_normal_s1;36600;INTARIAN_PEPPER_ROOT;10139;16;10137;20;;;10141;17;10143;22;;;10140.0;0.0
bull_normal_s1;36600;ASH_COATED_OSMIUM;9997;14;9995;18;;;10003;8;10005;22;;;10000.0;0.0
bull_normal_s1;36700;INTARIAN_PEPPER_ROOT;10131;18;10127;16;;;10143;14;10147;27;;;10137.0;0.0
bull_normal_s1;36700;ASH_COATED_OSMIUM;9993;13;9989;28;;;10011;11;10013;21;;;10002.0;0.0
bull_normal_s1;36800;INTARIAN_PEPPER_ROOT;10132;16;10128;22;;;10144;19;10147;15;;;10138.0;0.0
bull_normal_s1;36800;ASH_COATED_OSMIUM;9990;7;9987;20;;;10014;8;10017;21;;;10002.0;0.0
bull_normal_s1;36900;INTARIAN_PEPPER_ROOT;10128;12;10125;23;;;10150;16;10152;23;;;10139.0;0.0
bull_normal_s1;36900;ASH_COATED_OSMIUM;9986;8;9982;16;;;10012;11;10014;15;;;9999.0;0.0
bull_normal_s1;37000;INTARIAN_PEPPER_ROOT;10137;19;10135;24;;;10141;12;10144;23;;;10139.0;0.0
bull_normal_s1;37000;ASH_COATED_OSMIUM;10000;14;9998;27;;;10004;23;10008;24;;;10002.0;0.0
bull_normal_s1;37100;INTARIAN_PEPPER_ROOT;10137;16;10133;16;;;10139;9;10141;14;;;10138.0;0.0
bull_normal_s1;37100;ASH_COATED_OSMIUM;9984;20;9982;8;;;9998;5;10002;11;;;9991.0;0.0
bull_normal_s1;37200;INTARIAN_PEPPER_ROOT;10126;14;10124;16;;;10154;14;10158;24;;;10140.0;0.0
bull_normal_s1;37200;ASH_COATED_OSMIUM;9980;23;9977;16;;;10000;13;10003;27;;;9990.0;0.0
bull_normal_s1;37300;INTARIAN_PEPPER_ROOT;10134;13;10130;15;;;10144;15;10147;29;;;10139.0;0.0
bull_normal_s1;37300;ASH_COATED_OSMIUM;9974;12;9972;18;;;10002;18;10005;17;;;9988.0;0.0
bull_normal_s1;37400;INTARIAN_PEPPER_ROOT;10132;15;10129;27;;;10154;9;10157;22;;;10143.0;0.0
bull_normal_s1;37400;ASH_COATED_OSMIUM;9957;9;9955;9;;;10021;11;10024;20;;;9989.0;0.0
bull_normal_s1;37500;INTARIAN_PEPPER_ROOT;10140;12;10138;21;;;10148;12;10150;22;;;10144.0;0.0
bull_normal_s1;37500;ASH_COATED_OSMIUM;9982;7;9978;23;;;9992;8;9994;18;;;9987.0;0.0
bull_normal_s1;37600;INTARIAN_PEPPER_ROOT;10143;7;10139;16;;;10151;12;10155;22;;;10147.0;0.0
bull_normal_s1;37600;ASH_COATED_OSMIUM;9980;19;9978;17;;;10000;10;10002;18;;;9990.0;0.0
bull_normal_s1;37700;INTARIAN_PEPPER_ROOT;10146;5;10142;23;;;10148;11;10152;15;;;10147.0;0.0
bull_normal_s1;37700;ASH_COATED_OSMIUM;9988;6;9986;20;;;9994;6;9998;14;;;9991.0;0.0
bull_normal_s1;37800;INTARIAN_PEPPER_ROOT;10143;12;10140;16;;;10145;13;10147;14;;;10144.0;0.0
bull_normal_s1;37800;ASH_COATED_OSMIUM;9985;11;9982;21;;;9997;22;10000;21;;;9991.0;0.0
bull_normal_s1;37900;INTARIAN_PEPPER_ROOT;10144;14;10142;24;;;10146;28;10149;16;;;10145.0;0.0
bull_normal_s1;37900;ASH_COATED_OSMIUM;9989;15;9985;13;;;9999;27;10001;20;;;9994.0;0.0
bull_normal_s1;38000;INTARIAN_PEPPER_ROOT;10133;18;10131;15;;;10161;11;10165;14;;;10147.0;0.0
bull_normal_s1;38000;ASH_COATED_OSMIUM;9988;19;9986;26;;;10004;13;10008;14;;;9996.0;0.0
bull_normal_s1;38100;INTARIAN_PEPPER_ROOT;10142;13;10138;24;;;10152;17;10156;22;;;10147.0;0.0
bull_normal_s1;38100;ASH_COATED_OSMIUM;9986;11;9982;14;;;10004;13;10008;22;;;9995.0;0.0
bull_normal_s1;38200;INTARIAN_PEPPER_ROOT;10138;24;10134;18;;;10152;5;10155;19;;;10145.0;0.0
bull_normal_s1;38200;ASH_COATED_OSMIUM;9995;17;9991;24;;;9997;9;10000;17;;;9996.0;0.0
bull_normal_s1;38300;INTARIAN_PEPPER_ROOT;10144;12;10142;18;;;10146;23;10150;18;;;10145.0;0.0
bull_normal_s1;38300;ASH_COATED_OSMIUM;9994;9;9992;23;;;9996;10;9998;21;;;9995.0;0.0
bull_normal_s1;38400;INTARIAN_PEPPER_ROOT;10137;8;10135;23;;;10155;15;10159;22;;;10146.0;0.0
bull_normal_s1;38400;ASH_COATED_OSMIUM;10001;15;9998;20;;;10003;8;10005;11;;;10002.0;0.0
bull_normal_s1;38500;INTARIAN_PEPPER_ROOT;10144;16;10140;10;;;10150;10;10153;8;;;10147.0;0.0
bull_normal_s1;38500;ASH_COATED_OSMIUM;9987;15;9983;24;;;10009;12;10011;23;;;9998.0;0.0
bull_normal_s1;38600;INTARIAN_PEPPER_ROOT;10128;11;10125;19;;;10166;19;10168;22;;;10147.0;0.0
bull_normal_s1;38600;ASH_COATED_OSMIUM;9998;15;9995;19;;;10006;17;10008;16;;;10002.0;0.0
bull_normal_s1;38700;INTARIAN_PEPPER_ROOT;10126;19;10124;15;;;10166;14;10170;18;;;10146.0;0.0
bull_normal_s1;38700;ASH_COATED_OSMIUM;10001;19;9998;33;;;10003;6;10007;12;;;10002.0;0.0
bull_normal_s1;38800;INTARIAN_PEPPER_ROOT;10144;9;10140;28;;;10146;13;10150;16;;;10145.0;0.0
bull_normal_s1;38800;ASH_COATED_OSMIUM;9993;9;9990;15;;;10007;8;10011;17;;;10000.0;0.0
bull_normal_s1;38900;INTARIAN_PEPPER_ROOT;10140;21;10136;17;;;10150;11;10153;25;;;10145.0;0.0
bull_normal_s1;38900;ASH_COATED_OSMIUM;9993;18;9991;20;;;10007;12;10010;11;;;10000.0;0.0
bull_normal_s1;39000;INTARIAN_PEPPER_ROOT;10139;20;10135;22;;;10147;16;10151;17;;;10143.0;0.0
bull_normal_s1;39000;ASH_COATED_OSMIUM;9996;16;9992;21;;;9998;5;10000;26;;;9997.0;0.0
bull_normal_s1;39100;INTARIAN_PEPPER_ROOT;10139;16;10135;26;;;10153;8;10155;23;;;10146.0;0.0
bull_normal_s1;39100;ASH_COATED_OSMIUM;9994;19;9990;8;;;10004;9;10008;23;;;9999.0;0.0
bull_normal_s1;39200;INTARIAN_PEPPER_ROOT;10133;10;10130;10;;;10157;14;10159;18;;;10145.0;0.0
bull_normal_s1;39200;ASH_COATED_OSMIUM;9990;10;9986;21;;;10004;19;10006;18;;;9997.0;0.0
bull_normal_s1;39300;INTARIAN_PEPPER_ROOT;10138;6;10136;29;;;10154;5;10157;17;;;10146.0;0.0
bull_normal_s1;39300;ASH_COATED_OSMIUM;9994;12;9991;15;;;9996;10;10000;25;;;9995.0;0.0
bull_normal_s1;39400;INTARIAN_PEPPER_ROOT;10144;14;10141;17;;;10146;11;10150;22;;;10145.0;0.0
bull_normal_s1;39400;ASH_COATED_OSMIUM;9995;18;9993;15;;;9999;13;10002;19;;;9997.0;0.0
bull_normal_s1;39500;INTARIAN_PEPPER_ROOT;10131;16;10128;18;;;10161;16;10163;28;;;10146.0;0.0
bull_normal_s1;39500;ASH_COATED_OSMIUM;9988;14;9986;20;;;10008;16;10012;21;;;9998.0;0.0
bull_normal_s1;39600;INTARIAN_PEPPER_ROOT;10137;11;10133;24;;;10151;21;10153;22;;;10144.0;0.0
bull_normal_s1;39600;ASH_COATED_OSMIUM;9995;5;9991;27;;;9999;13;10001;18;;;9997.0;0.0
bull_normal_s1;39700;INTARIAN_PEPPER_ROOT;10139;18;10136;14;;;10153;16;10157;24;;;10146.0;0.0
bull_normal_s1;39700;ASH_COATED_OSMIUM;9985;11;9983;16;;;10011;14;10013;20;;;9998.0;0.0
bull_normal_s1;39800;INTARIAN_PEPPER_ROOT;10120;11;10116;17;;;10172;11;10175;17;;;10146.0;0.0
bull_normal_s1;39800;ASH_COATED_OSMIUM;9998;5;9994;18;;;10006;14;10008;12;;;10002.0;0.0
bull_normal_s1;39900;INTARIAN_PEPPER_ROOT;10148;16;10146;26;;;10150;12;10153;23;;;10149.0;0.0
bull_normal_s1;39900;ASH_COATED_OSMIUM;9983;11;9979;14;;;10021;11;10024;18;;;10002.0;0.0
bull_normal_s1;40000;INTARIAN_PEPPER_ROOT;10140;20;10136;17;;;10156;18;10159;13;;;10148.0;0.0
bull_normal_s1;40000;ASH_COATED_OSMIUM;10000;8;9996;18;;;10006;17;10010;23;;;10003.0;0.0
bull_normal_s1;40100;INTARIAN_PEPPER_ROOT;10136;11;10132;17;;;10160;13;10162;18;;;10148.0;0.0
bull_normal_s1;40100;ASH_COATED_OSMIUM;9986;9;9982;23;;;10012;11;10015;23;;;9999.0;0.0
bull_normal_s1;40200;INTARIAN_PEPPER_ROOT;10148;11;10146;13;;;10150;14;10152;13;;;10149.0;0.0
bull_normal_s1;40200;ASH_COATED_OSMIUM;9998;18;9995;25;;;10004;9;10007;19;;;10001.0;0.0
bull_normal_s1;40300;INTARIAN_PEPPER_ROOT;10149;20;10147;24;;;10155;5;10158;21;;;10152.0;0.0
bull_normal_s1;40300;ASH_COATED_OSMIUM;9994;18;9991;10;;;10004;7;10006;12;;;9999.0;0.0
bull_normal_s1;40400;INTARIAN_PEPPER_ROOT;10145;15;10141;14;;;10159;21;10161;15;;;10152.0;0.0
bull_normal_s1;40400;ASH_COATED_OSMIUM;9996;13;9993;19;;;10000;17;10004;17;;;9998.0;0.0
bull_normal_s1;40500;INTARIAN_PEPPER_ROOT;10141;10;10137;13;;;10163;15;10165;23;;;10152.0;0.0
bull_normal_s1;40500;ASH_COATED_OSMIUM;9985;7;9982;16;;;10015;10;10019;18;;;10000.0;0.0
bull_normal_s1;40600;INTARIAN_PEPPER_ROOT;10128;16;10124;25;;;10170;19;10172;13;;;10149.0;0.0
bull_normal_s1;40600;ASH_COATED_OSMIUM;9998;5;9996;17;;;10006;20;10008;29;;;10002.0;0.0
bull_normal_s1;40700;INTARIAN_PEPPER_ROOT;10142;13;10138;20;;;10154;8;10156;15;;;10148.0;0.0
bull_normal_s1;40700;ASH_COATED_OSMIUM;10005;13;10002;28;;;10007;9;10010;20;;;10006.0;0.0
bull_normal_s1;40800;INTARIAN_PEPPER_ROOT;10145;23;10142;20;;;10153;22;10155;25;;;10149.0;0.0
bull_normal_s1;40800;ASH_COATED_OSMIUM;9998;24;9995;24;;;10010;17;10014;19;;;10004.0;0.0
bull_normal_s1;40900;INTARIAN_PEPPER_ROOT;10148;19;10144;13;;;10154;9;10157;27;;;10151.0;0.0
bull_normal_s1;40900;ASH_COATED_OSMIUM;10000;16;9996;22;;;10012;14;10016;15;;;10006.0;0.0
bull_normal_s1;41000;INTARIAN_PEPPER_ROOT;10143;11;10139;17;;;10157;18;10159;25;;;10150.0;0.0
bull_normal_s1;41000;ASH_COATED_OSMIUM;10002;16;9998;24;;;10004;22;10006;22;;;10003.0;0.0
bull_normal_s1;41100;INTARIAN_PEPPER_ROOT;10145;20;10142;24;;;10163;18;10165;17;;;10154.0;0.0
bull_normal_s1;41100;ASH_COATED_OSMIUM;10007;6;10003;21;;;10011;6;10015;17;;;10009.0;0.0
bull_normal_s1;41200;INTARIAN_PEPPER_ROOT;10156;5;10153;16;;;10158;15;10162;15;;;10157.0;0.0
bull_normal_s1;41200;ASH_COATED_OSMIUM;10008;5;10005;30;;;10010;5;10013;24;;;10009.0;0.0
bull_normal_s1;41300;INTARIAN_PEPPER_ROOT;10151;13;10147;24;;;10163;22;10165;19;;;10157.0;0.0
bull_normal_s1;41300;ASH_COATED_OSMIUM;10002;14;10000;28;;;10012;9;10015;20;;;10007.0;0.0
bull_normal_s1;41400;INTARIAN_PEPPER_ROOT;10153;14;10150;21;;;10155;5;10157;19;;;10154.0;0.0
bull_normal_s1;41400;ASH_COATED_OSMIUM;10001;21;9999;17;;;10003;8;10005;16;;;10002.0;0.0
bull_normal_s1;41500;INTARIAN_PEPPER_ROOT;10146;15;10144;22;;;10156;12;10158;13;;;10151.0;0.0
bull_normal_s1;41500;ASH_COATED_OSMIUM;10004;14;10001;15;;;10006;19;10009;22;;;10005.0;0.0
bull_normal_s1;41600;INTARIAN_PEPPER_ROOT;10145;16;10141;15;;;10157;7;10159;20;;;10151.0;0.0
bull_normal_s1;41600;ASH_COATED_OSMIUM;10006;5;10004;18;;;10008;16;10011;17;;;10007.0;0.0
bull_normal_s1;41700;INTARIAN_PEPPER_ROOT;10146;20;10143;22;;;10158;13;10160;22;;;10152.0;0.0
bull_normal_s1;41700;ASH_COATED_OSMIUM;9993;7;9991;17;;;10013;13;10017;24;;;10003.0;0.0
bull_normal_s1;41800;INTARIAN_PEPPER_ROOT;10142;13;10138;22;;;10164;10;10168;27;;;10153.0;0.0
bull_normal_s1;41800;ASH_COATED_OSMIUM;10003;6;10000;23;;;10005;8;10008;25;;;10004.0;0.0
bull_normal_s1;41900;INTARIAN_PEPPER_ROOT;10147;14;10144;24;;;10155;14;10157;12;;;10151.0;0.0
bull_normal_s1;41900;ASH_COATED_OSMIUM;9995;16;9992;22;;;10011;16;10013;8;;;10003.0;0.0
bull_normal_s1;42000;INTARIAN_PEPPER_ROOT;10146;17;10143;15;;;10154;13;10158;20;;;10150.0;0.0
bull_normal_s1;42000;ASH_COATED_OSMIUM;9986;6;9983;17;;;10024;17;10027;16;;;10005.0;0.0
bull_normal_s1;42100;INTARIAN_PEPPER_ROOT;10150;14;10146;20;;;10156;14;10158;21;;;10153.0;0.0
bull_normal_s1;42100;ASH_COATED_OSMIUM;10001;8;9998;15;;;10003;14;10006;9;;;10002.0;0.0
bull_normal_s1;42200;INTARIAN_PEPPER_ROOT;10148;9;10145;12;;;10158;18;10162;27;;;10153.0;0.0
bull_normal_s1;42200;ASH_COATED_OSMIUM;9980;6;9978;26;;;10010;8;10012;23;;;9995.0;0.0
bull_normal_s1;42300;INTARIAN_PEPPER_ROOT;10152;22;10150;12;;;10154;12;10157;12;;;10153.0;0.0
bull_normal_s1;42300;ASH_COATED_OSMIUM;9995;7;9992;24;;;10001;18;10004;16;;;9998.0;0.0
bull_normal_s1;42400;INTARIAN_PEPPER_ROOT;10151;15;10147;26;;;10159;8;10162;26;;;10155.0;0.0
bull_normal_s1;42400;ASH_COATED_OSMIUM;9994;9;9992;25;;;9996;16;10000;18;;;9995.0;0.0
bull_normal_s1;42500;INTARIAN_PEPPER_ROOT;10148;16;10144;21;;;10164;25;10167;12;;;10156.0;0.0
bull_normal_s1;42500;ASH_COATED_OSMIUM;9981;9;9979;29;;;10007;15;10009;16;;;9994.0;0.0
bull_normal_s1;42600;INTARIAN_PEPPER_ROOT;10150;15;10147;21;;;10160;19;10162;10;;;10155.0;0.0
bull_normal_s1;42600;ASH_COATED_OSMIUM;9982;19;9979;15;;;10004;13;10008;20;;;9993.0;0.0
bull_normal_s1;42700;INTARIAN_PEPPER_ROOT;10155;13;10151;17;;;10157;24;10161;21;;;10156.0;0.0
bull_normal_s1;42700;ASH_COATED_OSMIUM;9987;5;9984;23;;;9989;26;9991;25;;;9988.0;0.0
bull_normal_s1;42800;INTARIAN_PEPPER_ROOT;10151;10;10147;15;;;10163;11;10166;20;;;10157.0;0.0
bull_normal_s1;42800;ASH_COATED_OSMIUM;9966;9;9962;29;;;10006;10;10008;15;;;9986.0;0.0
bull_normal_s1;42900;INTARIAN_PEPPER_ROOT;10134;18;10130;20;;;10178;5;10180;17;;;10156.0;0.0
bull_normal_s1;42900;ASH_COATED_OSMIUM;9975;8;9973;28;;;9993;15;9997;13;;;9984.0;0.0
bull_normal_s1;43000;INTARIAN_PEPPER_ROOT;10143;13;10140;28;;;10173;19;10177;15;;;10158.0;0.0
bull_normal_s1;43000;ASH_COATED_OSMIUM;9977;10;9973;13;;;9995;14;9998;20;;;9986.0;0.0
bull_normal_s1;43100;INTARIAN_PEPPER_ROOT;10142;15;10140;19;;;10178;11;10180;20;;;10160.0;0.0
bull_normal_s1;43100;ASH_COATED_OSMIUM;9982;11;9979;17;;;9986;20;9990;20;;;9984.0;0.0
bull_normal_s1;43200;INTARIAN_PEPPER_ROOT;10160;17;10156;18;;;10164;17;10167;18;;;10162.0;0.0
bull_normal_s1;43200;ASH_COATED_OSMIUM;9985;9;9983;18;;;9993;16;9996;13;;;9989.0;0.0
bull_normal_s1;43300;INTARIAN_PEPPER_ROOT;10137;14;10135;15;;;10189;14;10193;26;;;10163.0;0.0
bull_normal_s1;43300;ASH_COATED_OSMIUM;9976;13;9974;21;;;10002;7;10004;19;;;9989.0;0.0
bull_normal_s1;43400;INTARIAN_PEPPER_ROOT;10161;14;10158;17;;;10167;8;10169;22;;;10164.0;0.0
bull_normal_s1;43400;ASH_COATED_OSMIUM;9972;20;9968;26;;;10008;15;10011;17;;;9990.0;0.0
bull_normal_s1;43500;INTARIAN_PEPPER_ROOT;10163;15;10160;22;;;10165;15;10168;18;;;10164.0;0.0
bull_normal_s1;43500;ASH_COATED_OSMIUM;9976;17;9973;23;;;10004;5;10006;13;;;9990.0;0.0
bull_normal_s1;43600;INTARIAN_PEPPER_ROOT;10162;16;10158;16;;;10168;10;10172;15;;;10165.0;0.0
bull_normal_s1;43600;ASH_COATED_OSMIUM;9980;12;9976;18;;;9990;13;9993;17;;;9985.0;0.0
bull_normal_s1;43700;INTARIAN_PEPPER_ROOT;10160;18;10158;10;;;10172;27;10174;27;;;10166.0;0.0
bull_normal_s1;43700;ASH_COATED_OSMIUM;9979;15;9977;23;;;9997;9;10001;17;;;9988.0;0.0
bull_normal_s1;43800;INTARIAN_PEPPER_ROOT;10168;13;10164;30;;;10170;19;10173;21;;;10169.0;0.0
bull_normal_s1;43800;ASH_COATED_OSMIUM;9965;17;9963;19;;;10011;8;10015;16;;;9988.0;0.0
bull_normal_s1;43900;INTARIAN_PEPPER_ROOT;10170;5;10168;14;;;10172;7;10174;17;;;10171.0;0.0
bull_normal_s1;43900;ASH_COATED_OSMIUM;9990;15;9986;26;;;9994;15;9996;19;;;9992.0;0.0
bull_normal_s1;44000;INTARIAN_PEPPER_ROOT;10167;12;10163;13;;;10177;19;10181;22;;;10172.0;0.0
bull_normal_s1;44000;ASH_COATED_OSMIUM;9994;14;9991;26;;;9998;7;10000;13;;;9996.0;0.0
bull_normal_s1;44100;INTARIAN_PEPPER_ROOT;10169;15;10165;18;;;10171;15;10174;20;;;10170.0;0.0
bull_normal_s1;44100;ASH_COATED_OSMIUM;9985;15;9982;16;;;10001;11;10003;18;;;9993.0;0.0
bull_normal_s1;44200;INTARIAN_PEPPER_ROOT;10160;13;10158;18;;;10178;12;10180;16;;;10169.0;0.0
bull_normal_s1;44200;ASH_COATED_OSMIUM;9990;12;9986;25;;;9998;7;10002;15;;;9994.0;0.0
bull_normal_s1;44300;INTARIAN_PEPPER_ROOT;10160;9;10157;19;;;10182;18;10186;21;;;10171.0;0.0
bull_normal_s1;44300;ASH_COATED_OSMIUM;9992;12;9989;23;;;10000;11;10002;18;;;9996.0;0.0
bull_normal_s1;44400;INTARIAN_PEPPER_ROOT;10164;10;10160;19;;;10178;15;10182;22;;;10171.0;0.0
bull_normal_s1;44400;ASH_COATED_OSMIUM;9990;17;9987;25;;;10006;12;10009;22;;;9998.0;0.0
bull_normal_s1;44500;INTARIAN_PEPPER_ROOT;10152;23;10148;17;;;10192;17;10195;21;;;10172.0;0.0
bull_normal_s1;44500;ASH_COATED_OSMIUM;9992;7;9990;20;;;10002;27;10006;25;;;9997.0;0.0
bull_normal_s1;44600;INTARIAN_PEPPER_ROOT;10169;14;10165;22;;;10171;16;10175;18;;;10170.0;0.0
bull_normal_s1;44600;ASH_COATED_OSMIUM;9993;11;9991;16;;;10003;13;10006;22;;;9998.0;0.0
bull_normal_s1;44700;INTARIAN_PEPPER_ROOT;10168;18;10164;17;;;10178;14;10181;25;;;10173.0;0.0
bull_normal_s1;44700;ASH_COATED_OSMIUM;9982;8;9980;21;;;10006;14;10009;16;;;9994.0;0.0
bull_normal_s1;44800;INTARIAN_PEPPER_ROOT;10167;14;10164;21;;;10179;9;10181;20;;;10173.0;0.0
bull_normal_s1;44800;ASH_COATED_OSMIUM;9990;6;9988;12;;;9996;9;10000;21;;;9993.0;0.0
bull_normal_s1;44900;INTARIAN_PEPPER_ROOT;10174;13;10172;27;;;10176;13;10179;29;;;10175.0;0.0
bull_normal_s1;44900;ASH_COATED_OSMIUM;9989;15;9985;24;;;10001;25;10005;24;;;9995.0;0.0
bull_normal_s1;45000;INTARIAN_PEPPER_ROOT;10172;15;10168;15;;;10178;16;10181;22;;;10175.0;0.0
bull_normal_s1;45000;ASH_COATED_OSMIUM;9995;15;9993;18;;;9999;19;10003;21;;;9997.0;0.0
bull_normal_s1;45100;INTARIAN_PEPPER_ROOT;10146;5;10144;25;;;10206;17;10210;21;;;10176.0;0.0
bull_normal_s1;45100;ASH_COATED_OSMIUM;9988;13;9984;16;;;10012;9;10015;17;;;10000.0;0.0
bull_normal_s1;45200;INTARIAN_PEPPER_ROOT;10175;8;10171;13;;;10181;14;10184;18;;;10178.0;0.0
bull_normal_s1;45200;ASH_COATED_OSMIUM;9964;8;9962;21;;;10036;14;10040;26;;;10000.0;0.0
bull_normal_s1;45300;INTARIAN_PEPPER_ROOT;10175;11;10173;11;;;10179;12;10182;19;;;10177.0;0.0
bull_normal_s1;45300;ASH_COATED_OSMIUM;10001;5;9997;18;;;10003;20;10006;16;;;10002.0;0.0
bull_normal_s1;45400;INTARIAN_PEPPER_ROOT;10175;19;10173;16;;;10181;7;10183;26;;;10178.0;0.0
bull_normal_s1;45400;ASH_COATED_OSMIUM;9981;11;9977;19;;;10031;9;10035;16;;;10006.0;0.0
bull_normal_s1;45500;INTARIAN_PEPPER_ROOT;10171;7;10169;19;;;10185;20;10189;22;;;10178.0;0.0
bull_normal_s1;45500;ASH_COATED_OSMIUM;10000;9;9996;24;;;10010;14;10013;18;;;10005.0;0.0
bull_normal_s1;45600;INTARIAN_PEPPER_ROOT;10174;15;10170;26;;;10180;15;10182;9;;;10177.0;0.0
bull_normal_s1;45600;ASH_COATED_OSMIUM;9999;16;9995;17;;;10011;18;10015;17;;;10005.0;0.0
bull_normal_s1;45700;INTARIAN_PEPPER_ROOT;10176;8;10173;23;;;10180;10;10184;19;;;10178.0;0.0
bull_normal_s1;45700;ASH_COATED_OSMIUM;10001;5;9997;26;;;10003;5;10007;17;;;10002.0;0.0
bull_normal_s1;45800;INTARIAN_PEPPER_ROOT;10171;8;10167;23;;;10185;17;10188;18;;;10178.0;0.0
bull_normal_s1;45800;ASH_COATED_OSMIUM;9987;14;9985;17;;;10017;6;10019;21;;;10002.0;0.0
bull_normal_s1;45900;INTARIAN_PEPPER_ROOT;10174;17;10170;20;;;10178;11;10181;13;;;10176.0;0.0
bull_normal_s1;45900;ASH_COATED_OSMIUM;9994;18;9992;15;;;9998;7;10002;22;;;9996.0;0.0
bull_normal_s1;46000;INTARIAN_PEPPER_ROOT;10171;7;10169;17;;;10183;16;10185;20;;;10177.0;0.0
bull_normal_s1;46000;ASH_COATED_OSMIUM;9991;13;9987;26;;;10005;18;10007;20;;;9998.0;0.0
bull_normal_s1;46100;INTARIAN_PEPPER_ROOT;10174;9;10171;13;;;10176;15;10180;18;;;10175.0;0.0
bull_normal_s1;46100;ASH_COATED_OSMIUM;9979;9;9976;27;;;10017;19;10021;21;;;9998.0;0.0
bull_normal_s1;46200;INTARIAN_PEPPER_ROOT;10168;19;10165;24;;;10186;12;10188;8;;;10177.0;0.0
bull_normal_s1;46200;ASH_COATED_OSMIUM;9986;8;9983;21;;;10004;8;10008;20;;;9995.0;0.0
bull_normal_s1;46300;INTARIAN_PEPPER_ROOT;10175;11;10171;19;;;10181;13;10185;26;;;10178.0;0.0
bull_normal_s1;46300;ASH_COATED_OSMIUM;9994;5;9991;20;;;10014;5;10016;9;;;10004.0;0.0
bull_normal_s1;46400;INTARIAN_PEPPER_ROOT;10178;7;10175;22;;;10180;17;10184;10;;;10179.0;0.0
bull_normal_s1;46400;ASH_COATED_OSMIUM;10000;16;9996;16;;;10006;7;10010;35;;;10003.0;0.0
bull_normal_s1;46500;INTARIAN_PEPPER_ROOT;10171;16;10169;16;;;10187;15;10189;15;;;10179.0;0.0
bull_normal_s1;46500;ASH_COATED_OSMIUM;9980;12;9976;22;;;10020;14;10022;13;;;10000.0;0.0
bull_normal_s1;46600;INTARIAN_PEPPER_ROOT;10179;8;10176;14;;;10181;15;10183;21;;;10180.0;0.0
bull_normal_s1;46600;ASH_COATED_OSMIUM;10001;8;9997;26;;;10003;10;10005;8;;;10002.0;0.0
bull_normal_s1;46700;INTARIAN_PEPPER_ROOT;10177;11;10174;19;;;10189;15;10193;19;;;10183.0;0.0
bull_normal_s1;46700;ASH_COATED_OSMIUM;9991;20;9988;22;;;10017;15;10019;18;;;10004.0;0.0
bull_normal_s1;46800;INTARIAN_PEPPER_ROOT;10173;8;10171;18;;;10195;9;10199;15;;;10184.0;0.0
bull_normal_s1;46800;ASH_COATED_OSMIUM;9984;9;9982;19;;;10026;16;10029;16;;;10005.0;0.0
bull_normal_s1;46900;INTARIAN_PEPPER_ROOT;10177;17;10174;18;;;10191;22;10194;19;;;10184.0;0.0
bull_normal_s1;46900;ASH_COATED_OSMIUM;9994;11;9990;23;;;10002;11;10004;16;;;9998.0;0.0
bull_normal_s1;47000;INTARIAN_PEPPER_ROOT;10184;13;10181;17;;;10186;18;10189;15;;;10185.0;0.0
bull_normal_s1;47000;ASH_COATED_OSMIUM;9992;18;9988;17;;;10008;10;10011;20;;;10000.0;0.0
bull_normal_s1;47100;INTARIAN_PEPPER_ROOT;10174;13;10171;24;;;10196;14;10198;22;;;10185.0;0.0
bull_normal_s1;47100;ASH_COATED_OSMIUM;9993;18;9991;23;;;9995;12;9997;21;;;9994.0;0.0
bull_normal_s1;47200;INTARIAN_PEPPER_ROOT;10158;5;10156;19;;;10212;6;10215;9;;;10185.0;0.0
bull_normal_s1;47200;ASH_COATED_OSMIUM;9980;15;9976;22;;;10022;19;10025;15;;;10001.0;0.0
bull_normal_s1;47300;INTARIAN_PEPPER_ROOT;10188;15;10184;18;;;10190;10;10193;21;;;10189.0;0.0
bull_normal_s1;47300;ASH_COATED_OSMIUM;9997;14;9995;13;;;10005;17;10008;18;;;10001.0;0.0
bull_normal_s1;47400;INTARIAN_PEPPER_ROOT;10181;8;10178;21;;;10195;28;10197;21;;;10188.0;0.0
bull_normal_s1;47400;ASH_COATED_OSMIUM;9997;11;9993;23;;;10013;8;10017;23;;;10005.0;0.0
bull_normal_s1;47500;INTARIAN_PEPPER_ROOT;10173;18;10170;25;;;10203;22;10205;19;;;10188.0;0.0
bull_normal_s1;47500;ASH_COATED_OSMIUM;10001;13;9998;25;;;10011;10;10013;18;;;10006.0;0.0
bull_normal_s1;47600;INTARIAN_PEPPER_ROOT;10184;13;10182;17;;;10186;15;10188;20;;;10185.0;0.0
bull_normal_s1;47600;ASH_COATED_OSMIUM;9992;12;9990;12;;;10034;14;10037;14;;;10013.0;0.0
bull_normal_s1;47700;INTARIAN_PEPPER_ROOT;10181;12;10177;18;;;10185;16;10189;17;;;10183.0;0.0
bull_normal_s1;47700;ASH_COATED_OSMIUM;10011;6;10008;24;;;10015;9;10017;21;;;10013.0;0.0
bull_normal_s1;47800;INTARIAN_PEPPER_ROOT;10183;21;10181;26;;;10185;15;10189;27;;;10184.0;0.0
bull_normal_s1;47800;ASH_COATED_OSMIUM;9998;16;9996;14;;;10024;9;10027;20;;;10011.0;0.0
bull_normal_s1;47900;INTARIAN_PEPPER_ROOT;10183;17;10181;17;;;10185;12;10188;17;;;10184.0;0.0
bull_normal_s1;47900;ASH_COATED_OSMIUM;10011;8;10009;12;;;10017;21;10019;12;;;10014.0;0.0
bull_normal_s1;48000;INTARIAN_PEPPER_ROOT;10184;8;10182;18;;;10186;7;10190;25;;;10185.0;0.0
bull_normal_s1;48000;ASH_COATED_OSMIUM;10009;8;10006;17;;;10015;9;10018;27;;;10012.0;0.0
bull_normal_s1;48100;INTARIAN_PEPPER_ROOT;10179;8;10176;22;;;10189;9;10192;24;;;10184.0;0.0
bull_normal_s1;48100;ASH_COATED_OSMIUM;10014;14;10011;20;;;10018;6;10021;20;;;10016.0;0.0
bull_normal_s1;48200;INTARIAN_PEPPER_ROOT;10182;18;10180;22;;;10184;13;10188;21;;;10183.0;0.0
bull_normal_s1;48200;ASH_COATED_OSMIUM;10009;13;10006;17;;;10027;5;10030;27;;;10018.0;0.0
bull_normal_s1;48300;INTARIAN_PEPPER_ROOT;10180;16;10177;17;;;10188;18;10191;23;;;10184.0;0.0
bull_normal_s1;48300;ASH_COATED_OSMIUM;10008;13;10005;18;;;10030;13;10032;17;;;10019.0;0.0
bull_normal_s1;48400;INTARIAN_PEPPER_ROOT;10177;19;10174;24;;;10197;20;10200;29;;;10187.0;0.0
bull_normal_s1;48400;ASH_COATED_OSMIUM;10014;11;10010;22;;;10020;8;10023;12;;;10017.0;0.0
bull_normal_s1;48500;INTARIAN_PEPPER_ROOT;10184;11;10180;8;;;10190;19;10194;27;;;10187.0;0.0
bull_normal_s1;48500;ASH_COATED_OSMIUM;10015;11;10011;16;;;10017;12;10019;18;;;10016.0;0.0
bull_normal_s1;48600;INTARIAN_PEPPER_ROOT;10185;24;10183;19;;;10195;26;10197;15;;;10190.0;0.0
bull_normal_s1;48600;ASH_COATED_OSMIUM;10011;5;10009;25;;;10013;21;10016;13;;;10012.0;0.0
bull_normal_s1;48700;INTARIAN_PEPPER_ROOT;10184;11;10180;24;;;10200;11;10204;21;;;10192.0;0.0
bull_normal_s1;48700;ASH_COATED_OSMIUM;10009;12;10005;22;;;10013;17;10017;16;;;10011.0;0.0
bull_normal_s1;48800;INTARIAN_PEPPER_ROOT;10188;8;10184;28;;;10200;17;10204;13;;;10194.0;0.0
bull_normal_s1;48800;ASH_COATED_OSMIUM;10010;15;10006;24;;;10012;18;10016;22;;;10011.0;0.0
bull_normal_s1;48900;INTARIAN_PEPPER_ROOT;10185;29;10183;23;;;10201;10;10204;20;;;10193.0;0.0
bull_normal_s1;48900;ASH_COATED_OSMIUM;10006;19;10002;17;;;10016;8;10020;23;;;10011.0;0.0
bull_normal_s1;49000;INTARIAN_PEPPER_ROOT;10192;19;10190;22;;;10194;15;10198;20;;;10193.0;0.0
bull_normal_s1;49000;ASH_COATED_OSMIUM;10008;11;10006;23;;;10018;11;10020;17;;;10013.0;0.0
bull_normal_s1;49100;INTARIAN_PEPPER_ROOT;10190;15;10188;17;;;10200;30;10203;16;;;10195.0;0.0
bull_normal_s1;49100;ASH_COATED_OSMIUM;10004;9;10000;22;;;10016;11;10019;14;;;10010.0;0.0
bull_normal_s1;49200;INTARIAN_PEPPER_ROOT;10187;13;10184;30;;;10203;12;10207;18;;;10195.0;0.0
bull_normal_s1;49200;ASH_COATED_OSMIUM;10007;9;10005;18;;;10017;6;10021;20;;;10012.0;0.0
bull_normal_s1;49300;INTARIAN_PEPPER_ROOT;10191;25;10187;8;;;10201;20;10204;16;;;10196.0;0.0
bull_normal_s1;49300;ASH_COATED_OSMIUM;9998;7;9996;12;;;10022;16;10026;25;;;10010.0;0.0
bull_normal_s1;49400;INTARIAN_PEPPER_ROOT;10190;18;10186;13;;;10198;20;10202;15;;;10194.0;0.0
bull_normal_s1;49400;ASH_COATED_OSMIUM;10006;17;10002;11;;;10018;5;10022;16;;;10012.0;0.0
bull_normal_s1;49500;INTARIAN_PEPPER_ROOT;10165;12;10163;20;;;10221;11;10224;23;;;10193.0;0.0
bull_normal_s1;49500;ASH_COATED_OSMIUM;10007;11;10005;14;;;10013;5;10017;13;;;10010.0;0.0
bull_normal_s1;49600;INTARIAN_PEPPER_ROOT;10191;11;10189;19;;;10197;23;10200;23;;;10194.0;0.0
bull_normal_s1;49600;ASH_COATED_OSMIUM;10005;12;10003;21;;;10027;15;10029;23;;;10016.0;0.0
bull_normal_s1;49700;INTARIAN_PEPPER_ROOT;10187;9;10184;26;;;10195;10;10198;16;;;10191.0;0.0
bull_normal_s1;49700;ASH_COATED_OSMIUM;10010;12;10007;19;;;10012;19;10014;23;;;10011.0;0.0
bull_normal_s1;49800;INTARIAN_PEPPER_ROOT;10179;22;10175;20;;;10199;14;10202;22;;;10189.0;0.0
bull_normal_s1;49800;ASH_COATED_OSMIUM;9991;7;9989;17;;;10039;13;10043;22;;;10015.0;0.0
bull_normal_s1;49900;INTARIAN_PEPPER_ROOT;10186;22;10182;23;;;10192;12;10194;14;;;10189.0;0.0
bull_normal_s1;49900;ASH_COATED_OSMIUM;9997;13;9995;8;;;10033;17;10035;15;;;10015.0;0.0
bull_normal_s1;50000;INTARIAN_PEPPER_ROOT;10183;10;10180;24;;;10191;11;10194;17;;;10187.0;0.0
bull_normal_s1;50000;ASH_COATED_OSMIUM;10016;17;10014;18;;;10022;12;10025;22;;;10019.0;0.0
bull_normal_s1;50100;INTARIAN_PEPPER_ROOT;10186;26;10182;23;;;10188;9;10192;24;;;10187.0;0.0
bull_normal_s1;50100;ASH_COATED_OSMIUM;10007;9;10003;21;;;10023;11;10026;23;;;10015.0;0.0
bull_normal_s1;50200;INTARIAN_PEPPER_ROOT;10181;5;10179;12;;;10191;15;10194;21;;;10186.0;0.0
bull_normal_s1;50200;ASH_COATED_OSMIUM;9993;16;9991;22;;;10019;14;10021;23;;;10006.0;0.0
bull_normal_s1;50300;INTARIAN_PEPPER_ROOT;10181;18;10179;18;;;10193;24;10197;18;;;10187.0;0.0
bull_normal_s1;50300;ASH_COATED_OSMIUM;10007;5;10004;18;;;10009;10;10013;8;;;10008.0;0.0
bull_normal_s1;50400;INTARIAN_PEPPER_ROOT;10170;15;10166;20;;;10202;20;10206;26;;;10186.0;0.0
bull_normal_s1;50400;ASH_COATED_OSMIUM;10004;12;10000;13;;;10008;22;10012;17;;;10006.0;0.0
bull_normal_s1;50500;INTARIAN_PEPPER_ROOT;10170;20;10168;10;;;10204;5;10208;20;;;10187.0;0.0
bull_normal_s1;50500;ASH_COATED_OSMIUM;9985;10;9983;25;;;10027;5;10029;28;;;10006.0;0.0
bull_normal_s1;50600;INTARIAN_PEPPER_ROOT;10180;14;10177;15;;;10192;5;10196;20;;;10186.0;0.0
bull_normal_s1;50600;ASH_COATED_OSMIUM;10009;6;10005;17;;;10015;16;10017;23;;;10012.0;0.0
bull_normal_s1;50700;INTARIAN_PEPPER_ROOT;10182;17;10179;16;;;10192;12;10194;25;;;10187.0;0.0
bull_normal_s1;50700;ASH_COATED_OSMIUM;10008;10;10006;22;;;10014;7;10017;32;;;10011.0;0.0
bull_normal_s1;50800;INTARIAN_PEPPER_ROOT;10183;21;10181;21;;;10189;21;10192;18;;;10186.0;0.0
bull_normal_s1;50800;ASH_COATED_OSMIUM;10013;11;10009;19;;;10015;17;10019;26;;;10014.0;0.0
bull_normal_s1;50900;INTARIAN_PEPPER_ROOT;10173;20;10171;25;;;10201;22;10205;14;;;10187.0;0.0
bull_normal_s1;50900;ASH_COATED_OSMIUM;10010;20;10007;19;;;10016;10;10020;15;;;10013.0;0.0
bull_normal_s1;51000;INTARIAN_PEPPER_ROOT;10169;14;10167;13;;;10211;10;10214;26;;;10190.0;0.0
bull_normal_s1;51000;ASH_COATED_OSMIUM;10017;11;10013;19;;;10019;8;10021;24;;;10018.0;0.0
bull_normal_s1;51100;INTARIAN_PEPPER_ROOT;10183;13;10181;29;;;10199;20;10203;20;;;10191.0;0.0
bull_normal_s1;51100;ASH_COATED_OSMIUM;9993;17;9991;10;;;10031;12;10034;18;;;10012.0;0.0
bull_normal_s1;51200;INTARIAN_PEPPER_ROOT;10190;8;10187;17;;;10192;14;10195;23;;;10191.0;0.0
bull_normal_s1;51200;ASH_COATED_OSMIUM;10010;9;10006;24;;;10014;22;10016;23;;;10012.0;0.0
bull_normal_s1;51300;INTARIAN_PEPPER_ROOT;10181;11;10179;22;;;10199;15;10203;11;;;10190.0;0.0
bull_normal_s1;51300;ASH_COATED_OSMIUM;10011;7;10007;18;;;10013;11;10017;13;;;10012.0;0.0
bull_normal_s1;51400;INTARIAN_PEPPER_ROOT;10190;20;10186;22;;;10192;24;10196;12;;;10191.0;0.0
bull_normal_s1;51400;ASH_COATED_OSMIUM;9990;14;9987;27;;;10034;5;10037;19;;;10012.0;0.0
bull_normal_s1;51500;INTARIAN_PEPPER_ROOT;10181;16;10179;23;;;10201;18;10203;20;;;10191.0;0.0
bull_normal_s1;51500;ASH_COATED_OSMIUM;9988;18;9984;22;;;10026;13;10028;21;;;10007.0;0.0
bull_normal_s1;51600;INTARIAN_PEPPER_ROOT;10186;11;10183;23;;;10194;10;10198;21;;;10190.0;0.0
bull_normal_s1;51600;ASH_COATED_OSMIUM;9993;7;9989;24;;;10013;13;10015;23;;;10003.0;0.0
bull_normal_s1;51700;INTARIAN_PEPPER_ROOT;10179;17;10177;16;;;10201;9;10203;21;;;10190.0;0.0
bull_normal_s1;51700;ASH_COATED_OSMIUM;10001;11;9999;17;;;10003;18;10006;16;;;10002.0;0.0
bull_normal_s1;51800;INTARIAN_PEPPER_ROOT;10190;5;10187;15;;;10192;13;10196;23;;;10191.0;0.0
bull_normal_s1;51800;ASH_COATED_OSMIUM;9995;6;9993;21;;;10013;9;10017;29;;;10004.0;0.0
bull_normal_s1;51900;INTARIAN_PEPPER_ROOT;10179;9;10177;22;;;10207;7;10210;29;;;10193.0;0.0
bull_normal_s1;51900;ASH_COATED_OSMIUM;9986;14;9984;16;;;10026;10;10030;18;;;10006.0;0.0
bull_normal_s1;52000;INTARIAN_PEPPER_ROOT;10191;6;10187;19;;;10201;11;10204;19;;;10196.0;0.0
bull_normal_s1;52000;ASH_COATED_OSMIUM;9999;11;9996;17;;;10015;11;10018;21;;;10007.0;0.0
bull_normal_s1;52100;INTARIAN_PEPPER_ROOT;10191;14;10188;20;;;10201;9;10204;18;;;10196.0;0.0
bull_normal_s1;52100;ASH_COATED_OSMIUM;10008;10;10006;24;;;10010;13;10013;18;;;10009.0;0.0
bull_normal_s1;52200;INTARIAN_PEPPER_ROOT;10193;5;10191;18;;;10197;19;10199;19;;;10195.0;0.0
bull_normal_s1;52200;ASH_COATED_OSMIUM;10004;10;10001;15;;;10006;15;10009;25;;;10005.0;0.0
bull_normal_s1;52300;INTARIAN_PEPPER_ROOT;10191;15;10188;17;;;10205;12;10209;23;;;10198.0;0.0
bull_normal_s1;52300;ASH_COATED_OSMIUM;10002;7;9999;12;;;10014;8;10018;14;;;10008.0;0.0
bull_normal_s1;52400;INTARIAN_PEPPER_ROOT;10193;14;10189;12;;;10207;7;10210;17;;;10200.0;0.0
bull_normal_s1;52400;ASH_COATED_OSMIUM;9992;5;9988;24;;;10016;5;10019;24;;;10004.0;0.0
bull_normal_s1;52500;INTARIAN_PEPPER_ROOT;10190;14;10186;21;;;10214;13;10217;14;;;10202.0;0.0
bull_normal_s1;52500;ASH_COATED_OSMIUM;10007;13;10005;29;;;10009;9;10012;15;;;10008.0;0.0
bull_normal_s1;52600;INTARIAN_PEPPER_ROOT;10203;10;10201;16;;;10205;19;10209;28;;;10204.0;0.0
bull_normal_s1;52600;ASH_COATED_OSMIUM;10000;15;9996;19;;;10022;14;10024;24;;;10011.0;0.0
bull_normal_s1;52700;INTARIAN_PEPPER_ROOT;10201;9;10197;13;;;10205;11;10209;9;;;10203.0;0.0
bull_normal_s1;52700;ASH_COATED_OSMIUM;10010;19;10006;18;;;10014;15;10017;24;;;10012.0;0.0
bull_normal_s1;52800;INTARIAN_PEPPER_ROOT;10202;9;10199;27;;;10206;16;10209;13;;;10204.0;0.0
bull_normal_s1;52800;ASH_COATED_OSMIUM;10009;18;10006;21;;;10011;6;10014;23;;;10010.0;0.0
bull_normal_s1;52900;INTARIAN_PEPPER_ROOT;10199;15;10195;17;;;10215;17;10218;24;;;10207.0;0.0
bull_normal_s1;52900;ASH_COATED_OSMIUM;9982;9;9978;17;;;10032;11;10035;27;;;10007.0;0.0
bull_normal_s1;53000;INTARIAN_PEPPER_ROOT;10209;17;10206;14;;;10211;13;10213;18;;;10210.0;0.0
bull_normal_s1;53000;ASH_COATED_OSMIUM;10007;5;10004;22;;;10009;9;10013;23;;;10008.0;0.0
bull_normal_s1;53100;INTARIAN_PEPPER_ROOT;10208;14;10205;21;;;10210;16;10213;24;;;10209.0;0.0
bull_normal_s1;53100;ASH_COATED_OSMIUM;10007;16;10004;23;;;10009;13;10013;14;;;10008.0;0.0
bull_normal_s1;53200;INTARIAN_PEPPER_ROOT;10207;12;10203;18;;;10209;18;10213;22;;;10208.0;0.0
bull_normal_s1;53200;ASH_COATED_OSMIUM;9985;17;9983;29;;;10029;8;10032;18;;;10007.0;0.0
bull_normal_s1;53300;INTARIAN_PEPPER_ROOT;10203;16;10199;18;;;10215;12;10219;24;;;10209.0;0.0
bull_normal_s1;53300;ASH_COATED_OSMIUM;10000;10;9996;8;;;10014;13;10017;13;;;10007.0;0.0
bull_normal_s1;53400;INTARIAN_PEPPER_ROOT;10200;12;10197;24;;;10220;14;10222;16;;;10210.0;0.0
bull_normal_s1;53400;ASH_COATED_OSMIUM;9998;10;9994;18;;;10000;13;10002;13;;;9999.0;0.0
bull_normal_s1;53500;INTARIAN_PEPPER_ROOT;10196;13;10194;24;;;10222;6;10226;21;;;10209.0;0.0
bull_normal_s1;53500;ASH_COATED_OSMIUM;10003;8;10001;17;;;10007;11;10009;21;;;10005.0;0.0
bull_normal_s1;53600;INTARIAN_PEPPER_ROOT;10208;17;10206;12;;;10212;5;10215;16;;;10210.0;0.0
bull_normal_s1;53600;ASH_COATED_OSMIUM;10001;14;9997;25;;;10007;9;10009;12;;;10004.0;0.0
bull_normal_s1;53700;INTARIAN_PEPPER_ROOT;10201;11;10198;22;;;10219;5;10221;26;;;10210.0;0.0
bull_normal_s1;53700;ASH_COATED_OSMIUM;9996;9;9994;19;;;10004;9;10007;12;;;10000.0;0.0
bull_normal_s1;53800;INTARIAN_PEPPER_ROOT;10199;17;10196;15;;;10217;21;10220;13;;;10208.0;0.0
bull_normal_s1;53800;ASH_COATED_OSMIUM;9991;15;9988;14;;;10009;6;10013;22;;;10000.0;0.0
bull_normal_s1;53900;INTARIAN_PEPPER_ROOT;10196;16;10193;31;;;10220;13;10223;15;;;10208.0;0.0
bull_normal_s1;53900;ASH_COATED_OSMIUM;9998;18;9994;19;;;10006;21;10010;25;;;10002.0;0.0
bull_normal_s1;54000;INTARIAN_PEPPER_ROOT;10207;12;10204;15;;;10209;13;10211;16;;;10208.0;0.0
bull_normal_s1;54000;ASH_COATED_OSMIUM;9994;5;9992;15;;;10010;11;10012;17;;;10002.0;0.0
bull_normal_s1;54100;INTARIAN_PEPPER_ROOT;10206;14;10204;16;;;10208;22;10212;28;;;10207.0;0.0
bull_normal_s1;54100;ASH_COATED_OSMIUM;9988;7;9984;27;;;10008;8;10012;20;;;9998.0;0.0
bull_normal_s1;54200;INTARIAN_PEPPER_ROOT;10203;17;10200;19;;;10207;14;10209;24;;;10205.0;0.0
bull_normal_s1;54200;ASH_COATED_OSMIUM;9996;21;9993;13;;;10010;15;10013;25;;;10003.0;0.0
bull_normal_s1;54300;INTARIAN_PEPPER_ROOT;10207;10;10204;23;;;10209;22;10213;19;;;10208.0;0.0
bull_normal_s1;54300;ASH_COATED_OSMIUM;9987;14;9983;13;;;10013;8;10017;26;;;10000.0;0.0
bull_normal_s1;54400;INTARIAN_PEPPER_ROOT;10193;14;10189;19;;;10215;6;10218;24;;;10204.0;0.0
bull_normal_s1;54400;ASH_COATED_OSMIUM;10003;9;9999;14;;;10005;20;10008;15;;;10004.0;0.0
bull_normal_s1;54500;INTARIAN_PEPPER_ROOT;10201;15;10198;25;;;10203;22;10207;18;;;10202.0;0.0
bull_normal_s1;54500;ASH_COATED_OSMIUM;9992;9;9988;19;;;10020;14;10022;10;;;10006.0;0.0
bull_normal_s1;54600;INTARIAN_PEPPER_ROOT;10200;16;10196;16;;;10204;10;10208;17;;;10202.0;0.0
bull_normal_s1;54600;ASH_COATED_OSMIUM;10003;16;9999;16;;;10007;11;10009;15;;;10005.0;0.0
bull_normal_s1;54700;INTARIAN_PEPPER_ROOT;10201;11;10197;19;;;10207;8;10211;20;;;10204.0;0.0
bull_normal_s1;54700;ASH_COATED_OSMIUM;9984;15;9981;22;;;10018;15;10020;12;;;10001.0;0.0
bull_normal_s1;54800;INTARIAN_PEPPER_ROOT;10200;17;10198;22;;;10212;11;10216;20;;;10206.0;0.0
bull_normal_s1;54800;ASH_COATED_OSMIUM;9997;10;9994;22;;;9999;5;10002;21;;;9998.0;0.0
bull_normal_s1;54900;INTARIAN_PEPPER_ROOT;10204;23;10201;14;;;10206;18;10210;21;;;10205.0;0.0
bull_normal_s1;54900;ASH_COATED_OSMIUM;9982;16;9979;14;;;10012;18;10015;17;;;9997.0;0.0
