day;timestamp;product;bid_price_1;bid_volume_1;bid_price_2;bid_volume_2;bid_price_3;bid_volume_3;ask_price_1;ask_volume_1;ask_price_2;ask_volume_2;ask_price_3;ask_volume_3;mid_price;profit_and_loss
v_recovery_drift_s2;0;INTARIAN_PEPPER_ROOT;12498;13;12494;24;;;12500;22;12502;21;;;12499.0;0.0
v_recovery_drift_s2;0;ASH_COATED_OSMIUM;9984;23;9982;23;;;10012;6;10015;22;;;9998.0;0.0
v_recovery_drift_s2;100;INTARIAN_PEPPER_ROOT;12494;5;12490;14;;;12502;12;12504;26;;;12498.0;0.0
v_recovery_drift_s2;100;ASH_COATED_OSMIUM;9993;8;9991;23;;;10001;15;10004;23;;;9997.0;0.0
v_recovery_drift_s2;200;INTARIAN_PEPPER_ROOT;12492;21;12488;28;;;12494;16;12497;23;;;12493.0;0.0
v_recovery_drift_s2;200;ASH_COATED_OSMIUM;9983;13;9981;23;;;10009;9;10012;22;;;9996.0;0.0
v_recovery_drift_s2;300;INTARIAN_PEPPER_ROOT;12494;9;12492;19;;;12498;12;12501;21;;;12496.0;0.0
v_recovery_drift_s2;300;ASH_COATED_OSMIUM;9987;7;9985;19;;;10003;7;10005;12;;;9995.0;0.0
v_recovery_drift_s2;400;INTARIAN_PEPPER_ROOT;12489;14;12487;18;;;12493;9;12495;21;;;12491.0;0.0
v_recovery_drift_s2;400;ASH_COATED_OSMIUM;9985;17;9981;19;;;9999;11;10003;18;;;9992.0;0.0
v_recovery_drift_s2;500;INTARIAN_PEPPER_ROOT;12488;16;12484;18;;;12490;17;12494;21;;;12489.0;0.0
v_recovery_drift_s2;500;ASH_COATED_OSMIUM;9985;14;9982;23;;;10001;15;10004;15;;;9993.0;0.0
v_recovery_drift_s2;600;INTARIAN_PEPPER_ROOT;12489;16;12487;28;;;12491;9;12494;22;;;12490.0;0.0
v_recovery_drift_s2;600;ASH_COATED_OSMIUM;9987;20;9985;21;;;9995;12;9999;21;;;9991.0;0.0
v_recovery_drift_s2;700;INTARIAN_PEPPER_ROOT;12485;20;12482;27;;;12487;19;12490;24;;;12486.0;0.0
v_recovery_drift_s2;700;ASH_COATED_OSMIUM;9984;16;9980;24;;;9998;12;10002;15;;;9991.0;0.0
v_recovery_drift_s2;800;INTARIAN_PEPPER_ROOT;12483;19;12480;19;;;12485;16;12487;22;;;12484.0;0.0
v_recovery_drift_s2;800;ASH_COATED_OSMIUM;9965;18;9962;14;;;10011;13;10013;17;;;9988.0;0.0
v_recovery_drift_s2;900;INTARIAN_PEPPER_ROOT;12473;7;12469;15;;;12489;20;12493;20;;;12481.0;0.0
v_recovery_drift_s2;900;ASH_COATED_OSMIUM;9980;15;9976;28;;;9992;16;9996;16;;;9986.0;0.0
v_recovery_drift_s2;1000;INTARIAN_PEPPER_ROOT;12479;10;12475;16;;;12483;24;12486;18;;;12481.0;0.0
v_recovery_drift_s2;1000;ASH_COATED_OSMIUM;9975;21;9972;21;;;9999;11;10003;15;;;9987.0;0.0
v_recovery_drift_s2;1100;INTARIAN_PEPPER_ROOT;12479;18;12475;11;;;12493;11;12495;13;;;12486.0;0.0
v_recovery_drift_s2;1100;ASH_COATED_OSMIUM;9971;22;9968;22;;;9999;8;10003;21;;;9985.0;0.0
v_recovery_drift_s2;1200;INTARIAN_PEPPER_ROOT;12481;5;12479;8;;;12491;26;12493;13;;;12486.0;0.0
v_recovery_drift_s2;1200;ASH_COATED_OSMIUM;9981;17;9978;24;;;9991;18;9994;23;;;9986.0;0.0
v_recovery_drift_s2;1300;INTARIAN_PEPPER_ROOT;12481;16;12477;15;;;12483;9;12486;23;;;12482.0;0.0
v_recovery_drift_s2;1300;ASH_COATED_OSMIUM;9978;7;9974;25;;;9996;12;9999;18;;;9987.0;0.0
v_recovery_drift_s2;1400;INTARIAN_PEPPER_ROOT;12477;13;12473;17;;;12489;14;12493;17;;;12483.0;0.0
v_recovery_drift_s2;1400;ASH_COATED_OSMIUM;9984;7;9981;13;;;9986;16;9989;21;;;9985.0;0.0
v_recovery_drift_s2;1500;INTARIAN_PEPPER_ROOT;12474;17;12470;18;;;12488;20;12491;9;;;12481.0;0.0
v_recovery_drift_s2;1500;ASH_COATED_OSMIUM;9955;19;9951;11;;;10015;12;10017;26;;;9985.0;0.0
v_recovery_drift_s2;1600;INTARIAN_PEPPER_ROOT;12476;13;12474;15;;;12486;9;12490;21;;;12481.0;0.0
v_recovery_drift_s2;1600;ASH_COATED_OSMIUM;9974;9;9972;16;;;9996;13;9999;15;;;9985.0;0.0
v_recovery_drift_s2;1700;INTARIAN_PEPPER_ROOT;12471;9;12468;20;;;12493;10;12497;21;;;12482.0;0.0
v_recovery_drift_s2;1700;ASH_COATED_OSMIUM;9980;9;9978;21;;;9990;15;9992;26;;;9985.0;0.0
v_recovery_drift_s2;1800;INTARIAN_PEPPER_ROOT;12472;24;12470;13;;;12490;7;12494;15;;;12481.0;0.0
v_recovery_drift_s2;1800;ASH_COATED_OSMIUM;9978;17;9974;21;;;9994;21;9997;18;;;9986.0;0.0
v_recovery_drift_s2;1900;INTARIAN_PEPPER_ROOT;12479;5;12475;20;;;12481;9;12484;18;;;12480.0;0.0
v_recovery_drift_s2;1900;ASH_COATED_OSMIUM;9983;10;9980;29;;;9987;8;9991;23;;;9985.0;0.0
v_recovery_drift_s2;2000;INTARIAN_PEPPER_ROOT;12474;16;12472;17;;;12482;15;12486;23;;;12478.0;0.0
v_recovery_drift_s2;2000;ASH_COATED_OSMIUM;9959;6;9957;14;;;10013;7;10017;16;;;9986.0;0.0
v_recovery_drift_s2;2100;INTARIAN_PEPPER_ROOT;12459;15;12455;20;;;12493;21;12495;13;;;12476.0;0.0
v_recovery_drift_s2;2100;ASH_COATED_OSMIUM;9969;13;9967;25;;;9999;12;10003;21;;;9984.0;0.0
v_recovery_drift_s2;2200;INTARIAN_PEPPER_ROOT;12466;17;12463;27;;;12486;15;12490;15;;;12476.0;0.0
v_recovery_drift_s2;2200;ASH_COATED_OSMIUM;9980;5;9976;16;;;9982;14;9984;27;;;9981.0;0.0
v_recovery_drift_s2;2300;INTARIAN_PEPPER_ROOT;12467;9;12463;17;;;12481;11;12483;25;;;12474.0;0.0
v_recovery_drift_s2;2300;ASH_COATED_OSMIUM;9985;10;9983;12;;;9987;12;9991;24;;;9986.0;0.0
v_recovery_drift_s2;2400;INTARIAN_PEPPER_ROOT;12471;8;12467;26;;;12473;10;12475;18;;;12472.0;0.0
v_recovery_drift_s2;2400;ASH_COATED_OSMIUM;9982;16;9978;16;;;9986;25;9989;19;;;9984.0;0.0
v_recovery_drift_s2;2500;INTARIAN_PEPPER_ROOT;12470;14;12467;28;;;12472;15;12476;20;;;12471.0;0.0
v_recovery_drift_s2;2500;ASH_COATED_OSMIUM;9950;10;9948;23;;;10020;10;10024;23;;;9985.0;0.0
v_recovery_drift_s2;2600;INTARIAN_PEPPER_ROOT;12469;9;12465;18;;;12471;16;12474;9;;;12470.0;0.0
v_recovery_drift_s2;2600;ASH_COATED_OSMIUM;9975;13;9971;13;;;9999;20;10001;15;;;9987.0;0.0
v_recovery_drift_s2;2700;INTARIAN_PEPPER_ROOT;12462;22;12459;23;;;12472;17;12474;15;;;12467.0;0.0
v_recovery_drift_s2;2700;ASH_COATED_OSMIUM;9977;19;9973;17;;;9995;17;9999;19;;;9986.0;0.0
v_recovery_drift_s2;2800;INTARIAN_PEPPER_ROOT;12462;16;12458;27;;;12464;13;12467;24;;;12463.0;0.0
v_recovery_drift_s2;2800;ASH_COATED_OSMIUM;9981;13;9978;23;;;9991;14;9995;20;;;9986.0;0.0
v_recovery_drift_s2;2900;INTARIAN_PEPPER_ROOT;12456;25;12452;18;;;12468;30;12471;25;;;12462.0;0.0
v_recovery_drift_s2;2900;ASH_COATED_OSMIUM;9952;8;9948;14;;;10022;18;10025;16;;;9987.0;0.0
v_recovery_drift_s2;3000;INTARIAN_PEPPER_ROOT;12447;15;12445;23;;;12475;21;12478;21;;;12461.0;0.0
v_recovery_drift_s2;3000;ASH_COATED_OSMIUM;9985;5;9981;19;;;9989;11;9991;15;;;9987.0;0.0
v_recovery_drift_s2;3100;INTARIAN_PEPPER_ROOT;12464;12;12461;24;;;12466;7;12469;21;;;12465.0;0.0
v_recovery_drift_s2;3100;ASH_COATED_OSMIUM;9966;14;9962;8;;;10012;15;10016;27;;;9989.0;0.0
v_recovery_drift_s2;3200;INTARIAN_PEPPER_ROOT;12457;7;12453;22;;;12461;18;12464;16;;;12459.0;0.0
v_recovery_drift_s2;3200;ASH_COATED_OSMIUM;9989;7;9985;22;;;9995;18;9997;25;;;9992.0;0.0
v_recovery_drift_s2;3300;INTARIAN_PEPPER_ROOT;12458;9;12455;28;;;12460;14;12464;16;;;12459.0;0.0
v_recovery_drift_s2;3300;ASH_COATED_OSMIUM;9988;16;9985;21;;;9990;14;9992;17;;;9989.0;0.0
v_recovery_drift_s2;3400;INTARIAN_PEPPER_ROOT;12456;6;12452;18;;;12462;13;12464;26;;;12459.0;0.0
v_recovery_drift_s2;3400;ASH_COATED_OSMIUM;9969;7;9967;24;;;10009;12;10012;8;;;9989.0;0.0
v_recovery_drift_s2;3500;INTARIAN_PEPPER_ROOT;12437;18;12434;27;;;12485;20;12488;20;;;12461.0;0.0
v_recovery_drift_s2;3500;ASH_COATED_OSMIUM;9978;7;9976;23;;;10000;10;10003;21;;;9989.0;0.0
v_recovery_drift_s2;3600;INTARIAN_PEPPER_ROOT;12456;13;12452;24;;;12466;16;12469;30;;;12461.0;0.0
v_recovery_drift_s2;3600;ASH_COATED_OSMIUM;9985;14;9981;20;;;9991;8;9994;27;;;9988.0;0.0
v_recovery_drift_s2;3700;INTARIAN_PEPPER_ROOT;12459;21;12455;16;;;12461;9;12464;22;;;12460.0;0.0
v_recovery_drift_s2;3700;ASH_COATED_OSMIUM;9985;17;9982;16;;;9991;12;9995;10;;;9988.0;0.0
v_recovery_drift_s2;3800;INTARIAN_PEPPER_ROOT;12458;18;12456;15;;;12460;10;12463;14;;;12459.0;0.0
v_recovery_drift_s2;3800;ASH_COATED_OSMIUM;9989;8;9987;15;;;9993;16;9996;15;;;9991.0;0.0
v_recovery_drift_s2;3900;INTARIAN_PEPPER_ROOT;12454;22;12450;26;;;12464;6;12466;16;;;12459.0;0.0
v_recovery_drift_s2;3900;ASH_COATED_OSMIUM;9980;7;9978;15;;;10002;5;10004;15;;;9991.0;0.0
v_recovery_drift_s2;4000;INTARIAN_PEPPER_ROOT;12457;14;12453;21;;;12459;16;12461;33;;;12458.0;0.0
v_recovery_drift_s2;4000;ASH_COATED_OSMIUM;9986;11;9982;25;;;9988;11;9990;17;;;9987.0;0.0
v_recovery_drift_s2;4100;INTARIAN_PEPPER_ROOT;12454;11;12451;26;;;12464;13;12467;18;;;12459.0;0.0
v_recovery_drift_s2;4100;ASH_COATED_OSMIUM;9984;14;9982;14;;;9990;17;9992;15;;;9987.0;0.0
v_recovery_drift_s2;4200;INTARIAN_PEPPER_ROOT;12450;15;12446;17;;;12460;15;12464;22;;;12455.0;0.0
v_recovery_drift_s2;4200;ASH_COATED_OSMIUM;9984;7;9980;19;;;9986;8;9990;20;;;9985.0;0.0
v_recovery_drift_s2;4300;INTARIAN_PEPPER_ROOT;12445;12;12443;19;;;12469;17;12471;27;;;12457.0;0.0
v_recovery_drift_s2;4300;ASH_COATED_OSMIUM;9982;15;9978;25;;;9990;14;9994;29;;;9986.0;0.0
v_recovery_drift_s2;4400;INTARIAN_PEPPER_ROOT;12450;15;12446;25;;;12470;26;12474;26;;;12460.0;0.0
v_recovery_drift_s2;4400;ASH_COATED_OSMIUM;9967;15;9963;17;;;10005;14;10008;13;;;9986.0;0.0
v_recovery_drift_s2;4500;INTARIAN_PEPPER_ROOT;12458;12;12454;22;;;12460;21;12463;16;;;12459.0;0.0
v_recovery_drift_s2;4500;ASH_COATED_OSMIUM;9970;13;9966;16;;;10000;18;10002;25;;;9985.0;0.0
v_recovery_drift_s2;4600;INTARIAN_PEPPER_ROOT;12444;14;12442;21;;;12474;17;12478;21;;;12459.0;0.0
v_recovery_drift_s2;4600;ASH_COATED_OSMIUM;9987;6;9985;19;;;9989;13;9993;16;;;9988.0;0.0
v_recovery_drift_s2;4700;INTARIAN_PEPPER_ROOT;12452;19;12448;23;;;12466;16;12469;14;;;12459.0;0.0
v_recovery_drift_s2;4700;ASH_COATED_OSMIUM;9969;11;9966;23;;;10005;8;10008;25;;;9987.0;0.0
v_recovery_drift_s2;4800;INTARIAN_PEPPER_ROOT;12427;10;12424;26;;;12485;13;12488;16;;;12456.0;0.0
v_recovery_drift_s2;4800;ASH_COATED_OSMIUM;9986;19;9983;17;;;9988;16;9991;16;;;9987.0;0.0
v_recovery_drift_s2;4900;INTARIAN_PEPPER_ROOT;12430;18;12426;11;;;12482;18;12486;23;;;12456.0;0.0
v_recovery_drift_s2;4900;ASH_COATED_OSMIUM;9975;18;9972;14;;;10005;11;10007;26;;;9990.0;0.0
v_recovery_drift_s2;5000;INTARIAN_PEPPER_ROOT;12456;17;12454;25;;;12458;18;12462;23;;;12457.0;0.0
v_recovery_drift_s2;5000;ASH_COATED_OSMIUM;9990;15;9986;21;;;9992;15;9995;30;;;9991.0;0.0
v_recovery_drift_s2;5100;INTARIAN_PEPPER_ROOT;12455;18;12451;17;;;12457;21;12460;27;;;12456.0;0.0
v_recovery_drift_s2;5100;ASH_COATED_OSMIUM;9985;13;9983;17;;;9995;18;9998;22;;;9990.0;0.0
v_recovery_drift_s2;5200;INTARIAN_PEPPER_ROOT;12448;18;12446;19;;;12460;19;12464;14;;;12454.0;0.0
v_recovery_drift_s2;5200;ASH_COATED_OSMIUM;9979;14;9977;16;;;10005;20;10008;26;;;9992.0;0.0
v_recovery_drift_s2;5300;INTARIAN_PEPPER_ROOT;12451;22;12449;14;;;12457;9;12460;21;;;12454.0;0.0
v_recovery_drift_s2;5300;ASH_COATED_OSMIUM;9979;11;9977;21;;;10011;10;10015;23;;;9995.0;0.0
v_recovery_drift_s2;5400;INTARIAN_PEPPER_ROOT;12452;15;12449;10;;;12456;17;12460;15;;;12454.0;0.0
v_recovery_drift_s2;5400;ASH_COATED_OSMIUM;9993;20;9990;20;;;9997;11;10000;14;;;9995.0;0.0
v_recovery_drift_s2;5500;INTARIAN_PEPPER_ROOT;12456;27;12453;17;;;12458;12;12462;19;;;12457.0;0.0
v_recovery_drift_s2;5500;ASH_COATED_OSMIUM;9976;20;9974;21;;;10018;14;10022;21;;;9997.0;0.0
v_recovery_drift_s2;5600;INTARIAN_PEPPER_ROOT;12441;19;12438;16;;;12469;8;12471;20;;;12455.0;0.0
v_recovery_drift_s2;5600;ASH_COATED_OSMIUM;9996;5;9992;15;;;9998;15;10002;11;;;9997.0;0.0
v_recovery_drift_s2;5700;INTARIAN_PEPPER_ROOT;12446;16;12444;26;;;12462;12;12465;23;;;12454.0;0.0
v_recovery_drift_s2;5700;ASH_COATED_OSMIUM;9984;6;9981;16;;;10014;15;10017;20;;;9999.0;0.0
v_recovery_drift_s2;5800;INTARIAN_PEPPER_ROOT;12433;19;12429;19;;;12475;19;12477;14;;;12454.0;0.0
v_recovery_drift_s2;5800;ASH_COATED_OSMIUM;9979;12;9976;27;;;10013;6;10015;22;;;9996.0;0.0
v_recovery_drift_s2;5900;INTARIAN_PEPPER_ROOT;12444;15;12441;25;;;12458;6;12462;28;;;12451.0;0.0
v_recovery_drift_s2;5900;ASH_COATED_OSMIUM;9992;10;9988;19;;;10000;13;10003;22;;;9996.0;0.0
v_recovery_drift_s2;6000;INTARIAN_PEPPER_ROOT;12448;5;12445;11;;;12450;22;12452;19;;;12449.0;0.0
v_recovery_drift_s2;6000;ASH_COATED_OSMIUM;9985;11;9982;21;;;10003;16;10006;17;;;9994.0;0.0
v_recovery_drift_s2;6100;INTARIAN_PEPPER_ROOT;12447;18;12445;18;;;12449;17;12451;20;;;12448.0;0.0
v_recovery_drift_s2;6100;ASH_COATED_OSMIUM;9992;14;9990;18;;;9994;9;9996;24;;;9993.0;0.0
v_recovery_drift_s2;6200;INTARIAN_PEPPER_ROOT;12443;21;12440;25;;;12451;6;12455;17;;;12447.0;0.0
v_recovery_drift_s2;6200;ASH_COATED_OSMIUM;9986;13;9983;14;;;10002;19;10004;18;;;9994.0;0.0
v_recovery_drift_s2;6300;INTARIAN_PEPPER_ROOT;12446;19;12444;18;;;12450;13;12452;22;;;12448.0;0.0
v_recovery_drift_s2;6300;ASH_COATED_OSMIUM;9994;15;9992;16;;;9996;11;10000;16;;;9995.0;0.0
v_recovery_drift_s2;6400;INTARIAN_PEPPER_ROOT;12435;20;12433;21;;;12451;20;12454;19;;;12443.0;0.0
v_recovery_drift_s2;6400;ASH_COATED_OSMIUM;9990;14;9988;23;;;10000;13;10003;25;;;9995.0;0.0
v_recovery_drift_s2;6500;INTARIAN_PEPPER_ROOT;12438;9;12434;15;;;12448;22;12450;21;;;12443.0;0.0
v_recovery_drift_s2;6500;ASH_COATED_OSMIUM;9987;12;9984;27;;;10003;12;10007;26;;;9995.0;0.0
v_recovery_drift_s2;6600;INTARIAN_PEPPER_ROOT;12439;19;12437;12;;;12441;14;12444;25;;;12440.0;0.0
v_recovery_drift_s2;6600;ASH_COATED_OSMIUM;9990;7;9986;19;;;9992;11;9994;27;;;9991.0;0.0
v_recovery_drift_s2;6700;INTARIAN_PEPPER_ROOT;12428;17;12424;25;;;12446;8;12448;14;;;12437.0;0.0
v_recovery_drift_s2;6700;ASH_COATED_OSMIUM;9981;11;9979;26;;;10003;13;10006;18;;;9992.0;0.0
v_recovery_drift_s2;6800;INTARIAN_PEPPER_ROOT;12433;12;12429;15;;;12441;13;12445;24;;;12437.0;0.0
v_recovery_drift_s2;6800;ASH_COATED_OSMIUM;9980;14;9976;19;;;10004;5;10007;19;;;9992.0;0.0
v_recovery_drift_s2;6900;INTARIAN_PEPPER_ROOT;12432;21;12429;28;;;12444;10;12446;24;;;12438.0;0.0
v_recovery_drift_s2;6900;ASH_COATED_OSMIUM;9992;11;9990;20;;;9998;14;10000;21;;;9995.0;0.0
v_recovery_drift_s2;7000;INTARIAN_PEPPER_ROOT;12433;7;12431;10;;;12439;11;12442;21;;;12436.0;0.0
v_recovery_drift_s2;7000;ASH_COATED_OSMIUM;9982;16;9979;28;;;10002;5;10005;16;;;9992.0;0.0
v_recovery_drift_s2;7100;INTARIAN_PEPPER_ROOT;12436;13;12434;18;;;12438;21;12441;23;;;12437.0;0.0
v_recovery_drift_s2;7100;ASH_COATED_OSMIUM;9986;17;9984;14;;;9996;11;10000;8;;;9991.0;0.0
v_recovery_drift_s2;7200;INTARIAN_PEPPER_ROOT;12423;10;12419;12;;;12447;30;12450;15;;;12435.0;0.0
v_recovery_drift_s2;7200;ASH_COATED_OSMIUM;9983;12;9981;25;;;10003;11;10005;25;;;9993.0;0.0
v_recovery_drift_s2;7300;INTARIAN_PEPPER_ROOT;12434;15;12432;27;;;12436;9;12440;20;;;12435.0;0.0
v_recovery_drift_s2;7300;ASH_COATED_OSMIUM;9985;20;9981;27;;;10001;11;10003;24;;;9993.0;0.0
v_recovery_drift_s2;7400;INTARIAN_PEPPER_ROOT;12430;18;12427;16;;;12436;15;12438;26;;;12433.0;0.0
v_recovery_drift_s2;7400;ASH_COATED_OSMIUM;9973;8;9969;22;;;10011;13;10014;16;;;9992.0;0.0
v_recovery_drift_s2;7500;INTARIAN_PEPPER_ROOT;12429;5;12427;18;;;12441;6;12443;20;;;12435.0;0.0
v_recovery_drift_s2;7500;ASH_COATED_OSMIUM;9991;16;9987;23;;;9993;5;9995;20;;;9992.0;0.0
v_recovery_drift_s2;7600;INTARIAN_PEPPER_ROOT;12422;13;12418;24;;;12436;17;12438;16;;;12429.0;0.0
v_recovery_drift_s2;7600;ASH_COATED_OSMIUM;9989;9;9987;17;;;9993;15;9995;16;;;9991.0;0.0
v_recovery_drift_s2;7700;INTARIAN_PEPPER_ROOT;12421;18;12417;26;;;12435;12;12437;24;;;12428.0;0.0
v_recovery_drift_s2;7700;ASH_COATED_OSMIUM;9984;8;9980;12;;;9998;14;10000;19;;;9991.0;0.0
v_recovery_drift_s2;7800;INTARIAN_PEPPER_ROOT;12427;10;12424;22;;;12433;18;12436;14;;;12430.0;0.0
v_recovery_drift_s2;7800;ASH_COATED_OSMIUM;9987;18;9984;12;;;10001;16;10005;24;;;9994.0;0.0
v_recovery_drift_s2;7900;INTARIAN_PEPPER_ROOT;12424;19;12420;19;;;12426;19;12428;10;;;12425.0;0.0
v_recovery_drift_s2;7900;ASH_COATED_OSMIUM;9986;5;9983;19;;;10008;10;10012;10;;;9997.0;0.0
v_recovery_drift_s2;8000;INTARIAN_PEPPER_ROOT;12406;10;12403;26;;;12440;10;12442;15;;;12423.0;0.0
v_recovery_drift_s2;8000;ASH_COATED_OSMIUM;9991;6;9987;26;;;9997;18;10001;16;;;9994.0;0.0
v_recovery_drift_s2;8100;INTARIAN_PEPPER_ROOT;12421;14;12419;18;;;12425;21;12429;25;;;12423.0;0.0
v_recovery_drift_s2;8100;ASH_COATED_OSMIUM;9988;15;9984;23;;;10002;12;10005;16;;;9995.0;0.0
v_recovery_drift_s2;8200;INTARIAN_PEPPER_ROOT;12423;6;12421;20;;;12425;9;12428;21;;;12424.0;0.0
v_recovery_drift_s2;8200;ASH_COATED_OSMIUM;9997;14;9993;19;;;9999;18;10003;13;;;9998.0;0.0
v_recovery_drift_s2;8300;INTARIAN_PEPPER_ROOT;12425;12;12421;21;;;12427;11;12431;16;;;12426.0;0.0
v_recovery_drift_s2;8300;ASH_COATED_OSMIUM;9996;15;9992;14;;;10002;18;10005;28;;;9999.0;0.0
v_recovery_drift_s2;8400;INTARIAN_PEPPER_ROOT;12423;12;12420;24;;;12425;12;12427;10;;;12424.0;0.0
v_recovery_drift_s2;8400;ASH_COATED_OSMIUM;9999;9;9997;14;;;10001;14;10005;24;;;10000.0;0.0
v_recovery_drift_s2;8500;INTARIAN_PEPPER_ROOT;12418;5;12415;14;;;12424;6;12427;19;;;12421.0;0.0
v_recovery_drift_s2;8500;ASH_COATED_OSMIUM;9994;7;9992;22;;;10004;5;10006;18;;;9999.0;0.0
v_recovery_drift_s2;8600;INTARIAN_PEPPER_ROOT;12421;8;12419;12;;;12425;21;12428;13;;;12423.0;0.0
v_recovery_drift_s2;8600;ASH_COATED_OSMIUM;9999;8;9995;18;;;10005;11;10009;8;;;10002.0;0.0
v_recovery_drift_s2;8700;INTARIAN_PEPPER_ROOT;12398;20;12395;13;;;12452;17;12455;19;;;12425.0;0.0
v_recovery_drift_s2;8700;ASH_COATED_OSMIUM;10003;11;10000;22;;;10005;15;10009;18;;;10004.0;0.0
v_recovery_drift_s2;8800;INTARIAN_PEPPER_ROOT;12413;12;12410;30;;;12433;13;12435;26;;;12423.0;0.0
v_recovery_drift_s2;8800;ASH_COATED_OSMIUM;9997;6;9993;24;;;10007;18;10011;18;;;10002.0;0.0
v_recovery_drift_s2;8900;INTARIAN_PEPPER_ROOT;12418;18;12416;14;;;12428;22;12430;21;;;12423.0;0.0
v_recovery_drift_s2;8900;ASH_COATED_OSMIUM;10000;13;9998;10;;;10002;15;10005;22;;;10001.0;0.0
v_recovery_drift_s2;9000;INTARIAN_PEPPER_ROOT;12423;18;12419;14;;;12425;10;12427;14;;;12424.0;0.0
v_recovery_drift_s2;9000;ASH_COATED_OSMIUM;9937;8;9933;19;;;10061;14;10063;30;;;9999.0;0.0
v_recovery_drift_s2;9100;INTARIAN_PEPPER_ROOT;12423;14;12421;21;;;12425;17;12427;22;;;12424.0;0.0
v_recovery_drift_s2;9100;ASH_COATED_OSMIUM;9997;15;9994;14;;;9999;11;10003;18;;;9998.0;0.0
v_recovery_drift_s2;9200;INTARIAN_PEPPER_ROOT;12421;18;12418;12;;;12427;17;12431;16;;;12424.0;0.0
v_recovery_drift_s2;9200;ASH_COATED_OSMIUM;9998;6;9995;25;;;10000;17;10002;24;;;9999.0;0.0
v_recovery_drift_s2;9300;INTARIAN_PEPPER_ROOT;12402;16;12399;18;;;12450;15;12452;24;;;12426.0;0.0
v_recovery_drift_s2;9300;ASH_COATED_OSMIUM;9998;11;9995;27;;;10002;14;10006;26;;;10000.0;0.0
v_recovery_drift_s2;9400;INTARIAN_PEPPER_ROOT;12411;16;12408;23;;;12433;14;12435;22;;;12422.0;0.0
v_recovery_drift_s2;9400;ASH_COATED_OSMIUM;9970;15;9968;13;;;10034;17;10038;14;;;10002.0;0.0
v_recovery_drift_s2;9500;INTARIAN_PEPPER_ROOT;12423;16;12419;26;;;12425;6;12427;22;;;12424.0;0.0
v_recovery_drift_s2;9500;ASH_COATED_OSMIUM;10001;9;9998;14;;;10003;19;10007;32;;;10002.0;0.0
v_recovery_drift_s2;9600;INTARIAN_PEPPER_ROOT;12407;25;12403;25;;;12441;12;12445;18;;;12424.0;0.0
v_recovery_drift_s2;9600;ASH_COATED_OSMIUM;9996;8;9992;18;;;9998;15;10002;24;;;9997.0;0.0
v_recovery_drift_s2;9700;INTARIAN_PEPPER_ROOT;12420;14;12417;17;;;12424;17;12428;17;;;12422.0;0.0
v_recovery_drift_s2;9700;ASH_COATED_OSMIUM;10000;13;9997;24;;;10002;7;10004;20;;;10001.0;0.0
v_recovery_drift_s2;9800;INTARIAN_PEPPER_ROOT;12411;10;12408;19;;;12439;14;12442;19;;;12425.0;0.0
v_recovery_drift_s2;9800;ASH_COATED_OSMIUM;9999;8;9995;17;;;10001;15;10005;15;;;10000.0;0.0
v_recovery_drift_s2;9900;INTARIAN_PEPPER_ROOT;12418;16;12414;21;;;12420;11;12423;12;;;12419.0;0.0
v_recovery_drift_s2;9900;ASH_COATED_OSMIUM;9998;10;9995;22;;;10004;6;10006;17;;;10001.0;0.0
v_recovery_drift_s2;10000;INTARIAN_PEPPER_ROOT;12417;18;12415;28;;;12425;15;12428;24;;;12421.0;0.0
v_recovery_drift_s2;10000;ASH_COATED_OSMIUM;9979;17;9976;21;;;10021;5;10025;12;;;10000.0;0.0
v_recovery_drift_s2;10100;INTARIAN_PEPPER_ROOT;12420;7;12416;23;;;12422;18;12426;22;;;12421.0;0.0
v_recovery_drift_s2;10100;ASH_COATED_OSMIUM;9996;5;9992;13;;;10012;5;10016;26;;;10004.0;0.0
v_recovery_drift_s2;10200;INTARIAN_PEPPER_ROOT;12417;12;12414;27;;;12419;10;12423;31;;;12418.0;0.0
v_recovery_drift_s2;10200;ASH_COATED_OSMIUM;10005;10;10001;27;;;10007;10;10011;23;;;10006.0;0.0
v_recovery_drift_s2;10300;INTARIAN_PEPPER_ROOT;12417;8;12415;18;;;12419;12;12421;19;;;12418.0;0.0
v_recovery_drift_s2;10300;ASH_COATED_OSMIUM;9994;17;9991;26;;;10024;6;10028;21;;;10009.0;0.0
v_recovery_drift_s2;10400;INTARIAN_PEPPER_ROOT;12416;11;12413;21;;;12418;16;12420;22;;;12417.0;0.0
v_recovery_drift_s2;10400;ASH_COATED_OSMIUM;10001;9;9997;11;;;10013;16;10016;20;;;10007.0;0.0
v_recovery_drift_s2;10500;INTARIAN_PEPPER_ROOT;12417;8;12413;10;;;12427;19;12431;13;;;12422.0;0.0
v_recovery_drift_s2;10500;ASH_COATED_OSMIUM;9992;10;9988;26;;;10018;7;10022;19;;;10005.0;0.0
v_recovery_drift_s2;10600;INTARIAN_PEPPER_ROOT;12415;10;12411;22;;;12435;9;12437;19;;;12425.0;0.0
v_recovery_drift_s2;10600;ASH_COATED_OSMIUM;9999;11;9996;12;;;10005;14;10008;11;;;10002.0;0.0
v_recovery_drift_s2;10700;INTARIAN_PEPPER_ROOT;12423;5;12419;29;;;12427;13;12430;19;;;12425.0;0.0
v_recovery_drift_s2;10700;ASH_COATED_OSMIUM;9972;5;9970;25;;;10028;16;10031;12;;;10000.0;0.0
v_recovery_drift_s2;10800;INTARIAN_PEPPER_ROOT;12422;16;12418;14;;;12424;18;12427;25;;;12423.0;0.0
v_recovery_drift_s2;10800;ASH_COATED_OSMIUM;9991;8;9989;18;;;10011;15;10015;15;;;10001.0;0.0
v_recovery_drift_s2;10900;INTARIAN_PEPPER_ROOT;12420;9;12418;20;;;12424;6;12428;23;;;12422.0;0.0
v_recovery_drift_s2;10900;ASH_COATED_OSMIUM;9996;12;9994;9;;;10010;16;10014;14;;;10003.0;0.0
v_recovery_drift_s2;11000;INTARIAN_PEPPER_ROOT;12419;9;12417;25;;;12421;20;12423;18;;;12420.0;0.0
v_recovery_drift_s2;11000;ASH_COATED_OSMIUM;9999;19;9996;14;;;10001;14;10004;9;;;10000.0;0.0
v_recovery_drift_s2;11100;INTARIAN_PEPPER_ROOT;12412;12;12408;22;;;12426;12;12429;22;;;12419.0;0.0
v_recovery_drift_s2;11100;ASH_COATED_OSMIUM;10003;12;10000;19;;;10005;5;10007;29;;;10004.0;0.0
v_recovery_drift_s2;11200;INTARIAN_PEPPER_ROOT;12413;10;12411;11;;;12421;11;12424;30;;;12417.0;0.0
v_recovery_drift_s2;11200;ASH_COATED_OSMIUM;10004;11;10000;15;;;10006;12;10009;22;;;10005.0;0.0
v_recovery_drift_s2;11300;INTARIAN_PEPPER_ROOT;12413;19;12409;22;;;12415;13;12417;19;;;12414.0;0.0
v_recovery_drift_s2;11300;ASH_COATED_OSMIUM;10002;11;9999;15;;;10008;16;10010;20;;;10005.0;0.0
v_recovery_drift_s2;11400;INTARIAN_PEPPER_ROOT;12390;21;12386;24;;;12436;18;12439;24;;;12413.0;0.0
v_recovery_drift_s2;11400;ASH_COATED_OSMIUM;10000;12;9996;12;;;10016;17;10018;15;;;10008.0;0.0
v_recovery_drift_s2;11500;INTARIAN_PEPPER_ROOT;12411;20;12407;16;;;12413;17;12416;18;;;12412.0;0.0
v_recovery_drift_s2;11500;ASH_COATED_OSMIUM;10008;20;10004;18;;;10012;24;10015;22;;;10010.0;0.0
v_recovery_drift_s2;11600;INTARIAN_PEPPER_ROOT;12404;5;12401;19;;;12414;20;12417;33;;;12409.0;0.0
v_recovery_drift_s2;11600;ASH_COATED_OSMIUM;10008;11;10006;19;;;10020;16;10023;31;;;10014.0;0.0
v_recovery_drift_s2;11700;INTARIAN_PEPPER_ROOT;12402;24;12400;18;;;12412;14;12415;23;;;12407.0;0.0
v_recovery_drift_s2;11700;ASH_COATED_OSMIUM;10007;5;10004;18;;;10017;11;10020;20;;;10012.0;0.0
v_recovery_drift_s2;11800;INTARIAN_PEPPER_ROOT;12408;24;12405;22;;;12416;13;12418;14;;;12412.0;0.0
v_recovery_drift_s2;11800;ASH_COATED_OSMIUM;9999;6;9997;16;;;10029;12;10031;19;;;10014.0;0.0
v_recovery_drift_s2;11900;INTARIAN_PEPPER_ROOT;12406;12;12403;18;;;12410;18;12413;27;;;12408.0;0.0
v_recovery_drift_s2;11900;ASH_COATED_OSMIUM;10010;9;10008;24;;;10018;12;10020;28;;;10014.0;0.0
v_recovery_drift_s2;12000;INTARIAN_PEPPER_ROOT;12390;10;12386;17;;;12422;17;12426;23;;;12406.0;0.0
v_recovery_drift_s2;12000;ASH_COATED_OSMIUM;10013;16;10010;21;;;10015;17;10019;23;;;10014.0;0.0
v_recovery_drift_s2;12100;INTARIAN_PEPPER_ROOT;12402;24;12398;18;;;12410;21;12414;17;;;12406.0;0.0
v_recovery_drift_s2;12100;ASH_COATED_OSMIUM;10012;13;10010;27;;;10022;6;10025;27;;;10017.0;0.0
v_recovery_drift_s2;12200;INTARIAN_PEPPER_ROOT;12403;14;12399;19;;;12405;13;12407;13;;;12404.0;0.0
v_recovery_drift_s2;12200;ASH_COATED_OSMIUM;10011;14;10009;17;;;10017;17;10020;22;;;10014.0;0.0
v_recovery_drift_s2;12300;INTARIAN_PEPPER_ROOT;12400;23;12397;17;;;12410;10;12412;16;;;12405.0;0.0
v_recovery_drift_s2;12300;ASH_COATED_OSMIUM;10011;19;10009;22;;;10017;5;10019;20;;;10014.0;0.0
v_recovery_drift_s2;12400;INTARIAN_PEPPER_ROOT;12398;13;12394;18;;;12414;9;12416;23;;;12406.0;0.0
v_recovery_drift_s2;12400;ASH_COATED_OSMIUM;10001;9;9998;22;;;10027;11;10030;12;;;10014.0;0.0
v_recovery_drift_s2;12500;INTARIAN_PEPPER_ROOT;12390;12;12387;17;;;12424;24;12427;16;;;12407.0;0.0
v_recovery_drift_s2;12500;ASH_COATED_OSMIUM;10012;12;10008;9;;;10014;14;10017;15;;;10013.0;0.0
v_recovery_drift_s2;12600;INTARIAN_PEPPER_ROOT;12405;29;12402;17;;;12413;11;12417;17;;;12409.0;0.0
v_recovery_drift_s2;12600;ASH_COATED_OSMIUM;9988;14;9986;20;;;10038;21;10040;23;;;10013.0;0.0
v_recovery_drift_s2;12700;INTARIAN_PEPPER_ROOT;12405;17;12401;29;;;12407;19;12410;22;;;12406.0;0.0
v_recovery_drift_s2;12700;ASH_COATED_OSMIUM;10001;14;9999;20;;;10033;15;10037;22;;;10017.0;0.0
v_recovery_drift_s2;12800;INTARIAN_PEPPER_ROOT;12402;19;12400;20;;;12414;13;12416;19;;;12408.0;0.0
v_recovery_drift_s2;12800;ASH_COATED_OSMIUM;9995;9;9991;17;;;10037;16;10040;19;;;10016.0;0.0
v_recovery_drift_s2;12900;INTARIAN_PEPPER_ROOT;12400;17;12396;21;;;12406;8;12409;16;;;12403.0;0.0
v_recovery_drift_s2;12900;ASH_COATED_OSMIUM;10011;5;10007;22;;;10019;17;10022;11;;;10015.0;0.0
v_recovery_drift_s2;13000;INTARIAN_PEPPER_ROOT;12397;17;12395;22;;;12407;15;12410;20;;;12402.0;0.0
v_recovery_drift_s2;13000;ASH_COATED_OSMIUM;10017;5;10014;22;;;10019;14;10021;23;;;10018.0;0.0
v_recovery_drift_s2;13100;INTARIAN_PEPPER_ROOT;12398;18;12394;23;;;12404;19;12406;12;;;12401.0;0.0
v_recovery_drift_s2;13100;ASH_COATED_OSMIUM;10004;13;10002;18;;;10028;15;10030;18;;;10016.0;0.0
v_recovery_drift_s2;13200;INTARIAN_PEPPER_ROOT;12397;21;12393;12;;;12399;20;12403;27;;;12398.0;0.0
v_recovery_drift_s2;13200;ASH_COATED_OSMIUM;10006;8;10002;17;;;10016;9;10020;19;;;10011.0;0.0
v_recovery_drift_s2;13300;INTARIAN_PEPPER_ROOT;12397;11;12395;19;;;12401;21;12404;8;;;12399.0;0.0
v_recovery_drift_s2;13300;ASH_COATED_OSMIUM;10000;5;9998;15;;;10024;6;10028;17;;;10012.0;0.0
v_recovery_drift_s2;13400;INTARIAN_PEPPER_ROOT;12395;12;12393;18;;;12401;11;12404;20;;;12398.0;0.0
v_recovery_drift_s2;13400;ASH_COATED_OSMIUM;10004;15;10000;20;;;10016;5;10020;13;;;10010.0;0.0
v_recovery_drift_s2;13500;INTARIAN_PEPPER_ROOT;12397;5;12395;24;;;12403;11;12406;17;;;12400.0;0.0
v_recovery_drift_s2;13500;ASH_COATED_OSMIUM;9995;10;9992;22;;;10023;25;10025;18;;;10009.0;0.0
v_recovery_drift_s2;13600;INTARIAN_PEPPER_ROOT;12394;6;12390;22;;;12398;23;12400;21;;;12396.0;0.0
v_recovery_drift_s2;13600;ASH_COATED_OSMIUM;9999;17;9995;14;;;10021;6;10025;27;;;10010.0;0.0
v_recovery_drift_s2;13700;INTARIAN_PEPPER_ROOT;12392;5;12388;19;;;12402;23;12405;18;;;12397.0;0.0
v_recovery_drift_s2;13700;ASH_COATED_OSMIUM;10001;11;9998;21;;;10015;18;10017;25;;;10008.0;0.0
v_recovery_drift_s2;13800;INTARIAN_PEPPER_ROOT;12397;16;12394;26;;;12399;13;12401;23;;;12398.0;0.0
v_recovery_drift_s2;13800;ASH_COATED_OSMIUM;10005;14;10002;13;;;10011;12;10014;12;;;10008.0;0.0
v_recovery_drift_s2;13900;INTARIAN_PEPPER_ROOT;12392;19;12388;17;;;12402;20;12406;21;;;12397.0;0.0
v_recovery_drift_s2;13900;ASH_COATED_OSMIUM;10007;10;10004;23;;;10011;13;10013;15;;;10009.0;0.0
v_recovery_drift_s2;14000;INTARIAN_PEPPER_ROOT;12388;13;12384;18;;;12400;19;12403;17;;;12394.0;0.0
v_recovery_drift_s2;14000;ASH_COATED_OSMIUM;10010;15;10008;20;;;10012;17;10016;20;;;10011.0;0.0
v_recovery_drift_s2;14100;INTARIAN_PEPPER_ROOT;12391;13;12387;17;;;12395;11;12398;21;;;12393.0;0.0
v_recovery_drift_s2;14100;ASH_COATED_OSMIUM;9995;11;9992;21;;;10019;12;10021;24;;;10007.0;0.0
v_recovery_drift_s2;14200;INTARIAN_PEPPER_ROOT;12388;5;12386;22;;;12390;5;12394;18;;;12389.0;0.0
v_recovery_drift_s2;14200;ASH_COATED_OSMIUM;10010;10;10007;20;;;10014;18;10016;25;;;10012.0;0.0
v_recovery_drift_s2;14300;INTARIAN_PEPPER_ROOT;12381;16;12379;16;;;12387;5;12390;17;;;12384.0;0.0
v_recovery_drift_s2;14300;ASH_COATED_OSMIUM;10002;13;9998;24;;;10026;18;10030;21;;;10014.0;0.0
v_recovery_drift_s2;14400;INTARIAN_PEPPER_ROOT;12384;18;12380;20;;;12398;16;12400;24;;;12391.0;0.0
v_recovery_drift_s2;14400;ASH_COATED_OSMIUM;10011;7;10008;22;;;10013;12;10017;19;;;10012.0;0.0
v_recovery_drift_s2;14500;INTARIAN_PEPPER_ROOT;12383;19;12381;13;;;12399;15;12402;20;;;12391.0;0.0
v_recovery_drift_s2;14500;ASH_COATED_OSMIUM;10014;23;10011;21;;;10016;7;10020;18;;;10015.0;0.0
v_recovery_drift_s2;14600;INTARIAN_PEPPER_ROOT;12384;25;12380;21;;;12404;14;12407;18;;;12394.0;0.0
v_recovery_drift_s2;14600;ASH_COATED_OSMIUM;10017;12;10013;24;;;10019;5;10022;12;;;10018.0;0.0
v_recovery_drift_s2;14700;INTARIAN_PEPPER_ROOT;12391;10;12388;21;;;12393;16;12395;20;;;12392.0;0.0
v_recovery_drift_s2;14700;ASH_COATED_OSMIUM;10016;16;10014;11;;;10018;16;10021;25;;;10017.0;0.0
v_recovery_drift_s2;14800;INTARIAN_PEPPER_ROOT;12391;14;12388;23;;;12395;13;12399;18;;;12393.0;0.0
v_recovery_drift_s2;14800;ASH_COATED_OSMIUM;10014;5;10010;18;;;10020;11;10024;28;;;10017.0;0.0
v_recovery_drift_s2;14900;INTARIAN_PEPPER_ROOT;12372;13;12370;23;;;12416;7;12419;14;;;12394.0;0.0
v_recovery_drift_s2;14900;ASH_COATED_OSMIUM;10010;17;10008;16;;;10020;16;10024;29;;;10015.0;0.0
v_recovery_drift_s2;15000;INTARIAN_PEPPER_ROOT;12393;14;12390;19;;;12397;16;12401;20;;;12395.0;0.0
v_recovery_drift_s2;15000;ASH_COATED_OSMIUM;10014;21;10011;22;;;10020;13;10022;17;;;10017.0;0.0
v_recovery_drift_s2;15100;INTARIAN_PEPPER_ROOT;12382;19;12380;19;;;12408;13;12410;23;;;12395.0;0.0
v_recovery_drift_s2;15100;ASH_COATED_OSMIUM;10000;12;9996;30;;;10034;15;10036;16;;;10017.0;0.0
v_recovery_drift_s2;15200;INTARIAN_PEPPER_ROOT;12390;20;12387;19;;;12396;14;12400;20;;;12393.0;0.0
v_recovery_drift_s2;15200;ASH_COATED_OSMIUM;9998;10;9995;24;;;10036;16;10038;21;;;10017.0;0.0
v_recovery_drift_s2;15300;INTARIAN_PEPPER_ROOT;12387;15;12384;13;;;12391;11;12393;20;;;12389.0;0.0
v_recovery_drift_s2;15300;ASH_COATED_OSMIUM;10012;12;10010;26;;;10020;5;10023;20;;;10016.0;0.0
v_recovery_drift_s2;15400;INTARIAN_PEPPER_ROOT;12385;16;12381;15;;;12393;12;12396;16;;;12389.0;0.0
v_recovery_drift_s2;15400;ASH_COATED_OSMIUM;10011;14;10008;23;;;10015;16;10018;18;;;10013.0;0.0
v_recovery_drift_s2;15500;INTARIAN_PEPPER_ROOT;12379;14;12376;13;;;12401;15;12405;20;;;12390.0;0.0
v_recovery_drift_s2;15500;ASH_COATED_OSMIUM;10001;18;9997;12;;;10021;13;10023;23;;;10011.0;0.0
v_recovery_drift_s2;15600;INTARIAN_PEPPER_ROOT;12382;11;12378;19;;;12400;12;12403;11;;;12391.0;0.0
v_recovery_drift_s2;15600;ASH_COATED_OSMIUM;10014;13;10010;20;;;10016;17;10020;24;;;10015.0;0.0
v_recovery_drift_s2;15700;INTARIAN_PEPPER_ROOT;12388;12;12384;8;;;12390;13;12392;21;;;12389.0;0.0
v_recovery_drift_s2;15700;ASH_COATED_OSMIUM;10013;19;10010;16;;;10017;5;10019;21;;;10015.0;0.0
v_recovery_drift_s2;15800;INTARIAN_PEPPER_ROOT;12389;21;12387;22;;;12397;19;12401;21;;;12393.0;0.0
v_recovery_drift_s2;15800;ASH_COATED_OSMIUM;10007;10;10004;14;;;10017;12;10020;27;;;10012.0;0.0
v_recovery_drift_s2;15900;INTARIAN_PEPPER_ROOT;12385;8;12383;17;;;12399;13;12401;17;;;12392.0;0.0
v_recovery_drift_s2;15900;ASH_COATED_OSMIUM;10007;12;10003;18;;;10023;13;10027;19;;;10015.0;0.0
v_recovery_drift_s2;16000;INTARIAN_PEPPER_ROOT;12385;20;12381;19;;;12391;17;12394;28;;;12388.0;0.0
v_recovery_drift_s2;16000;ASH_COATED_OSMIUM;9982;11;9979;21;;;10044;16;10048;13;;;10013.0;0.0
v_recovery_drift_s2;16100;INTARIAN_PEPPER_ROOT;12369;15;12367;25;;;12409;12;12411;24;;;12389.0;0.0
v_recovery_drift_s2;16100;ASH_COATED_OSMIUM;10010;10;10006;26;;;10012;14;10015;24;;;10011.0;0.0
v_recovery_drift_s2;16200;INTARIAN_PEPPER_ROOT;12371;19;12369;19;;;12405;14;12407;22;;;12388.0;0.0
v_recovery_drift_s2;16200;ASH_COATED_OSMIUM;10011;16;10008;28;;;10013;12;10016;17;;;10012.0;0.0
v_recovery_drift_s2;16300;INTARIAN_PEPPER_ROOT;12384;14;12381;22;;;12386;9;12389;25;;;12385.0;0.0
v_recovery_drift_s2;16300;ASH_COATED_OSMIUM;10007;11;10005;21;;;10009;17;10011;14;;;10008.0;0.0
v_recovery_drift_s2;16400;INTARIAN_PEPPER_ROOT;12383;6;12379;21;;;12387;11;12391;18;;;12385.0;0.0
v_recovery_drift_s2;16400;ASH_COATED_OSMIUM;10007;16;10003;28;;;10011;14;10015;24;;;10009.0;0.0
v_recovery_drift_s2;16500;INTARIAN_PEPPER_ROOT;12384;17;12381;14;;;12386;17;12390;21;;;12385.0;0.0
v_recovery_drift_s2;16500;ASH_COATED_OSMIUM;9984;17;9980;17;;;10040;7;10043;17;;;10012.0;0.0
v_recovery_drift_s2;16600;INTARIAN_PEPPER_ROOT;12359;16;12357;17;;;12411;12;12414;11;;;12385.0;0.0
v_recovery_drift_s2;16600;ASH_COATED_OSMIUM;10014;11;10010;23;;;10018;12;10022;15;;;10016.0;0.0
v_recovery_drift_s2;16700;INTARIAN_PEPPER_ROOT;12385;9;12381;22;;;12387;14;12391;9;;;12386.0;0.0
v_recovery_drift_s2;16700;ASH_COATED_OSMIUM;10016;8;10013;14;;;10018;9;10020;20;;;10017.0;0.0
v_recovery_drift_s2;16800;INTARIAN_PEPPER_ROOT;12387;16;12385;23;;;12399;19;12403;14;;;12393.0;0.0
v_recovery_drift_s2;16800;ASH_COATED_OSMIUM;10019;17;10017;10;;;10021;13;10023;25;;;10020.0;0.0
v_recovery_drift_s2;16900;INTARIAN_PEPPER_ROOT;12392;14;12388;23;;;12396;8;12400;18;;;12394.0;0.0
v_recovery_drift_s2;16900;ASH_COATED_OSMIUM;10020;12;10017;20;;;10026;6;10028;27;;;10023.0;0.0
v_recovery_drift_s2;17000;INTARIAN_PEPPER_ROOT;12396;16;12393;12;;;12398;18;12401;10;;;12397.0;0.0
v_recovery_drift_s2;17000;ASH_COATED_OSMIUM;10021;19;10017;18;;;10029;16;10031;19;;;10025.0;0.0
v_recovery_drift_s2;17100;INTARIAN_PEPPER_ROOT;12382;17;12379;28;;;12402;9;12404;14;;;12392.0;0.0
v_recovery_drift_s2;17100;ASH_COATED_OSMIUM;10024;10;10022;31;;;10026;12;10030;22;;;10025.0;0.0
v_recovery_drift_s2;17200;INTARIAN_PEPPER_ROOT;12383;16;12380;14;;;12401;16;12405;23;;;12392.0;0.0
v_recovery_drift_s2;17200;ASH_COATED_OSMIUM;10011;10;10008;26;;;10035;12;10039;17;;;10023.0;0.0
v_recovery_drift_s2;17300;INTARIAN_PEPPER_ROOT;12391;22;12388;26;;;12395;27;12398;22;;;12393.0;0.0
v_recovery_drift_s2;17300;ASH_COATED_OSMIUM;10014;11;10011;23;;;10026;8;10030;17;;;10020.0;0.0
v_recovery_drift_s2;17400;INTARIAN_PEPPER_ROOT;12391;13;12388;26;;;12393;17;12396;14;;;12392.0;0.0
v_recovery_drift_s2;17400;ASH_COATED_OSMIUM;10014;13;10012;18;;;10028;14;10032;21;;;10021.0;0.0
v_recovery_drift_s2;17500;INTARIAN_PEPPER_ROOT;12389;14;12387;17;;;12391;19;12395;18;;;12390.0;0.0
v_recovery_drift_s2;17500;ASH_COATED_OSMIUM;10012;6;10009;17;;;10032;18;10035;15;;;10022.0;0.0
v_recovery_drift_s2;17600;INTARIAN_PEPPER_ROOT;12384;16;12381;12;;;12396;19;12398;20;;;12390.0;0.0
v_recovery_drift_s2;17600;ASH_COATED_OSMIUM;10006;13;10003;21;;;10036;7;10038;20;;;10021.0;0.0
v_recovery_drift_s2;17700;INTARIAN_PEPPER_ROOT;12384;21;12380;20;;;12394;14;12396;17;;;12389.0;0.0
v_recovery_drift_s2;17700;ASH_COATED_OSMIUM;10013;17;10010;27;;;10025;16;10027;22;;;10019.0;0.0
v_recovery_drift_s2;17800;INTARIAN_PEPPER_ROOT;12379;16;12377;23;;;12395;15;12398;18;;;12387.0;0.0
v_recovery_drift_s2;17800;ASH_COATED_OSMIUM;10013;11;10010;26;;;10023;9;10026;15;;;10018.0;0.0
v_recovery_drift_s2;17900;INTARIAN_PEPPER_ROOT;12387;8;12383;21;;;12389;19;12392;14;;;12388.0;0.0
v_recovery_drift_s2;17900;ASH_COATED_OSMIUM;9995;19;9991;16;;;10041;5;10043;14;;;10018.0;0.0
v_recovery_drift_s2;18000;INTARIAN_PEPPER_ROOT;12384;10;12380;22;;;12396;17;12399;21;;;12390.0;0.0
v_recovery_drift_s2;18000;ASH_COATED_OSMIUM;10000;17;9998;22;;;10034;11;10037;16;;;10017.0;0.0
v_recovery_drift_s2;18100;INTARIAN_PEPPER_ROOT;12386;8;12384;19;;;12394;8;12396;19;;;12390.0;0.0
v_recovery_drift_s2;18100;ASH_COATED_OSMIUM;10009;9;10007;27;;;10029;18;10031;24;;;10019.0;0.0
v_recovery_drift_s2;18200;INTARIAN_PEPPER_ROOT;12388;19;12385;18;;;12390;19;12392;17;;;12389.0;0.0
v_recovery_drift_s2;18200;ASH_COATED_OSMIUM;10010;6;10006;24;;;10032;18;10036;12;;;10021.0;0.0
v_recovery_drift_s2;18300;INTARIAN_PEPPER_ROOT;12371;14;12369;14;;;12407;25;12409;35;;;12389.0;0.0
v_recovery_drift_s2;18300;ASH_COATED_OSMIUM;10020;8;10016;28;;;10022;15;10024;17;;;10021.0;0.0
v_recovery_drift_s2;18400;INTARIAN_PEPPER_ROOT;12384;23;12382;21;;;12398;12;12401;14;;;12391.0;0.0
v_recovery_drift_s2;18400;ASH_COATED_OSMIUM;10018;10;10016;14;;;10022;19;10026;19;;;10020.0;0.0
v_recovery_drift_s2;18500;INTARIAN_PEPPER_ROOT;12376;15;12374;20;;;12406;17;12409;26;;;12391.0;0.0
v_recovery_drift_s2;18500;ASH_COATED_OSMIUM;9977;11;9975;20;;;10059;22;10062;18;;;10018.0;0.0
v_recovery_drift_s2;18600;INTARIAN_PEPPER_ROOT;12384;9;12381;18;;;12392;16;12395;18;;;12388.0;0.0
v_recovery_drift_s2;18600;ASH_COATED_OSMIUM;10005;12;10002;26;;;10033;19;10035;19;;;10019.0;0.0
v_recovery_drift_s2;18700;INTARIAN_PEPPER_ROOT;12372;12;12369;13;;;12402;18;12404;15;;;12387.0;0.0
v_recovery_drift_s2;18700;ASH_COATED_OSMIUM;10006;16;10002;25;;;10032;10;10034;26;;;10019.0;0.0
v_recovery_drift_s2;18800;INTARIAN_PEPPER_ROOT;12372;9;12368;14;;;12400;17;12404;24;;;12386.0;0.0
v_recovery_drift_s2;18800;ASH_COATED_OSMIUM;10002;19;10000;25;;;10038;20;10041;17;;;10020.0;0.0
v_recovery_drift_s2;18900;INTARIAN_PEPPER_ROOT;12385;16;12382;22;;;12389;12;12393;26;;;12387.0;0.0
v_recovery_drift_s2;18900;ASH_COATED_OSMIUM;10014;14;10011;8;;;10018;14;10022;19;;;10016.0;0.0
v_recovery_drift_s2;19000;INTARIAN_PEPPER_ROOT;12387;19;12383;22;;;12389;18;12392;25;;;12388.0;0.0
v_recovery_drift_s2;19000;ASH_COATED_OSMIUM;10010;13;10006;19;;;10028;5;10032;11;;;10019.0;0.0
v_recovery_drift_s2;19100;INTARIAN_PEPPER_ROOT;12388;5;12384;26;;;12390;17;12393;22;;;12389.0;0.0
v_recovery_drift_s2;19100;ASH_COATED_OSMIUM;10020;16;10018;15;;;10022;13;10025;29;;;10021.0;0.0
v_recovery_drift_s2;19200;INTARIAN_PEPPER_ROOT;12383;6;12379;18;;;12391;28;12394;23;;;12387.0;0.0
v_recovery_drift_s2;19200;ASH_COATED_OSMIUM;10002;11;9999;11;;;10030;16;10034;22;;;10016.0;0.0
v_recovery_drift_s2;19300;INTARIAN_PEPPER_ROOT;12375;13;12371;20;;;12393;16;12397;21;;;12384.0;0.0
v_recovery_drift_s2;19300;ASH_COATED_OSMIUM;10003;24;10000;18;;;10031;9;10034;15;;;10017.0;0.0
v_recovery_drift_s2;19400;INTARIAN_PEPPER_ROOT;12379;17;12377;30;;;12385;8;12387;16;;;12382.0;0.0
v_recovery_drift_s2;19400;ASH_COATED_OSMIUM;10017;21;10014;17;;;10021;8;10023;15;;;10019.0;0.0
v_recovery_drift_s2;19500;INTARIAN_PEPPER_ROOT;12374;10;12371;18;;;12396;17;12400;20;;;12385.0;0.0
v_recovery_drift_s2;19500;ASH_COATED_OSMIUM;10009;10;10005;28;;;10033;13;10035;19;;;10021.0;0.0
v_recovery_drift_s2;19600;INTARIAN_PEPPER_ROOT;12383;6;12380;14;;;12385;18;12389;20;;;12384.0;0.0
v_recovery_drift_s2;19600;ASH_COATED_OSMIUM;10013;15;10010;21;;;10029;16;10032;17;;;10021.0;0.0
v_recovery_drift_s2;19700;INTARIAN_PEPPER_ROOT;12380;20;12378;25;;;12390;12;12393;16;;;12385.0;0.0
v_recovery_drift_s2;19700;ASH_COATED_OSMIUM;10016;12;10014;22;;;10018;18;10020;14;;;10017.0;0.0
v_recovery_drift_s2;19800;INTARIAN_PEPPER_ROOT;12377;12;12373;15;;;12395;18;12398;23;;;12386.0;0.0
v_recovery_drift_s2;19800;ASH_COATED_OSMIUM;10014;17;10012;26;;;10016;13;10019;15;;;10015.0;0.0
v_recovery_drift_s2;19900;INTARIAN_PEPPER_ROOT;12365;18;12363;19;;;12405;16;12408;22;;;12385.0;0.0
v_recovery_drift_s2;19900;ASH_COATED_OSMIUM;10011;16;10007;15;;;10013;11;10017;20;;;10012.0;0.0
v_recovery_drift_s2;20000;INTARIAN_PEPPER_ROOT;12381;18;12378;29;;;12383;6;12385;20;;;12382.0;0.0
v_recovery_drift_s2;20000;ASH_COATED_OSMIUM;9990;17;9986;20;;;10032;10;10036;20;;;10011.0;0.0
v_recovery_drift_s2;20100;INTARIAN_PEPPER_ROOT;12378;18;12375;16;;;12384;25;12386;22;;;12381.0;0.0
v_recovery_drift_s2;20100;ASH_COATED_OSMIUM;10005;10;10002;12;;;10019;9;10023;16;;;10012.0;0.0
v_recovery_drift_s2;20200;INTARIAN_PEPPER_ROOT;12379;14;12375;16;;;12381;23;12384;25;;;12380.0;0.0
v_recovery_drift_s2;20200;ASH_COATED_OSMIUM;10012;18;10008;24;;;10014;17;10018;12;;;10013.0;0.0
v_recovery_drift_s2;20300;INTARIAN_PEPPER_ROOT;12362;16;12360;23;;;12402;12;12406;13;;;12382.0;0.0
v_recovery_drift_s2;20300;ASH_COATED_OSMIUM;10000;16;9996;20;;;10036;9;10038;22;;;10018.0;0.0
v_recovery_drift_s2;20400;INTARIAN_PEPPER_ROOT;12377;8;12374;21;;;12389;13;12393;18;;;12383.0;0.0
v_recovery_drift_s2;20400;ASH_COATED_OSMIUM;10010;9;10006;14;;;10026;15;10028;17;;;10018.0;0.0
v_recovery_drift_s2;20500;INTARIAN_PEPPER_ROOT;12360;17;12356;17;;;12402;6;12406;28;;;12381.0;0.0
v_recovery_drift_s2;20500;ASH_COATED_OSMIUM;10019;5;10015;23;;;10021;16;10025;20;;;10020.0;0.0
v_recovery_drift_s2;20600;INTARIAN_PEPPER_ROOT;12363;8;12361;28;;;12399;13;12401;23;;;12381.0;0.0
v_recovery_drift_s2;20600;ASH_COATED_OSMIUM;9988;11;9986;24;;;10050;16;10053;18;;;10019.0;0.0
v_recovery_drift_s2;20700;INTARIAN_PEPPER_ROOT;12373;17;12371;27;;;12391;14;12394;18;;;12382.0;0.0
v_recovery_drift_s2;20700;ASH_COATED_OSMIUM;10009;12;10005;18;;;10023;17;10026;22;;;10016.0;0.0
v_recovery_drift_s2;20800;INTARIAN_PEPPER_ROOT;12378;25;12375;19;;;12380;13;12382;17;;;12379.0;0.0
v_recovery_drift_s2;20800;ASH_COATED_OSMIUM;10012;19;10010;27;;;10018;6;10022;23;;;10015.0;0.0
v_recovery_drift_s2;20900;INTARIAN_PEPPER_ROOT;12374;12;12370;23;;;12384;11;12387;17;;;12379.0;0.0
v_recovery_drift_s2;20900;ASH_COATED_OSMIUM;10015;17;10013;29;;;10017;17;10019;15;;;10016.0;0.0
v_recovery_drift_s2;21000;INTARIAN_PEPPER_ROOT;12372;13;12368;20;;;12376;11;12380;14;;;12374.0;0.0
v_recovery_drift_s2;21000;ASH_COATED_OSMIUM;10013;14;10011;19;;;10015;12;10017;18;;;10014.0;0.0
v_recovery_drift_s2;21100;INTARIAN_PEPPER_ROOT;12373;11;12370;19;;;12375;23;12377;20;;;12374.0;0.0
v_recovery_drift_s2;21100;ASH_COATED_OSMIUM;10005;8;10002;20;;;10027;5;10030;14;;;10016.0;0.0
v_recovery_drift_s2;21200;INTARIAN_PEPPER_ROOT;12372;20;12368;10;;;12376;9;12380;20;;;12374.0;0.0
v_recovery_drift_s2;21200;ASH_COATED_OSMIUM;10001;10;9998;22;;;10029;13;10031;28;;;10015.0;0.0
v_recovery_drift_s2;21300;INTARIAN_PEPPER_ROOT;12369;10;12365;29;;;12371;19;12374;25;;;12370.0;0.0
v_recovery_drift_s2;21300;ASH_COATED_OSMIUM;10009;11;10007;20;;;10023;16;10027;17;;;10016.0;0.0
v_recovery_drift_s2;21400;INTARIAN_PEPPER_ROOT;12361;17;12357;13;;;12375;10;12377;15;;;12368.0;0.0
v_recovery_drift_s2;21400;ASH_COATED_OSMIUM;10013;15;10010;24;;;10019;9;10021;18;;;10016.0;0.0
v_recovery_drift_s2;21500;INTARIAN_PEPPER_ROOT;12366;14;12362;16;;;12370;21;12372;25;;;12368.0;0.0
v_recovery_drift_s2;21500;ASH_COATED_OSMIUM;10007;16;10003;20;;;10021;23;10024;12;;;10014.0;0.0
v_recovery_drift_s2;21600;INTARIAN_PEPPER_ROOT;12357;13;12353;16;;;12375;11;12378;18;;;12366.0;0.0
v_recovery_drift_s2;21600;ASH_COATED_OSMIUM;10015;17;10013;19;;;10017;13;10020;14;;;10016.0;0.0
v_recovery_drift_s2;21700;INTARIAN_PEPPER_ROOT;12365;19;12363;20;;;12367;20;12370;21;;;12366.0;0.0
v_recovery_drift_s2;21700;ASH_COATED_OSMIUM;10015;14;10013;22;;;10017;17;10020;16;;;10016.0;0.0
v_recovery_drift_s2;21800;INTARIAN_PEPPER_ROOT;12363;13;12361;25;;;12369;17;12372;22;;;12366.0;0.0
v_recovery_drift_s2;21800;ASH_COATED_OSMIUM;10014;5;10011;18;;;10016;22;10020;20;;;10015.0;0.0
v_recovery_drift_s2;21900;INTARIAN_PEPPER_ROOT;12360;15;12358;10;;;12368;15;12370;27;;;12364.0;0.0
v_recovery_drift_s2;21900;ASH_COATED_OSMIUM;10002;11;10000;19;;;10030;15;10034;16;;;10016.0;0.0
v_recovery_drift_s2;22000;INTARIAN_PEPPER_ROOT;12361;15;12359;21;;;12365;19;12369;21;;;12363.0;0.0
v_recovery_drift_s2;22000;ASH_COATED_OSMIUM;10006;12;10002;26;;;10028;18;10030;13;;;10017.0;0.0
v_recovery_drift_s2;22100;INTARIAN_PEPPER_ROOT;12362;8;12358;15;;;12372;14;12374;20;;;12367.0;0.0
v_recovery_drift_s2;22100;ASH_COATED_OSMIUM;10015;11;10011;14;;;10019;24;10021;22;;;10017.0;0.0
v_recovery_drift_s2;22200;INTARIAN_PEPPER_ROOT;12365;14;12362;21;;;12367;20;12371;28;;;12366.0;0.0
v_recovery_drift_s2;22200;ASH_COATED_OSMIUM;10012;11;10009;17;;;10020;5;10023;21;;;10016.0;0.0
v_recovery_drift_s2;22300;INTARIAN_PEPPER_ROOT;12361;22;12359;21;;;12367;11;12370;20;;;12364.0;0.0
v_recovery_drift_s2;22300;ASH_COATED_OSMIUM;10008;15;10005;15;;;10026;11;10030;22;;;10017.0;0.0
v_recovery_drift_s2;22400;INTARIAN_PEPPER_ROOT;12346;14;12344;20;;;12380;17;12384;29;;;12363.0;0.0
v_recovery_drift_s2;22400;ASH_COATED_OSMIUM;10009;5;10005;31;;;10029;9;10032;24;;;10019.0;0.0
v_recovery_drift_s2;22500;INTARIAN_PEPPER_ROOT;12358;21;12354;19;;;12362;15;12364;18;;;12360.0;0.0
v_recovery_drift_s2;22500;ASH_COATED_OSMIUM;10016;13;10014;17;;;10020;10;10024;24;;;10018.0;0.0
v_recovery_drift_s2;22600;INTARIAN_PEPPER_ROOT;12348;24;12345;20;;;12376;16;12380;30;;;12362.0;0.0
v_recovery_drift_s2;22600;ASH_COATED_OSMIUM;10013;18;10009;14;;;10023;18;10026;13;;;10018.0;0.0
v_recovery_drift_s2;22700;INTARIAN_PEPPER_ROOT;12359;11;12356;22;;;12367;12;12370;18;;;12363.0;0.0
v_recovery_drift_s2;22700;ASH_COATED_OSMIUM;9997;11;9995;22;;;10037;13;10040;28;;;10017.0;0.0
v_recovery_drift_s2;22800;INTARIAN_PEPPER_ROOT;12362;5;12359;17;;;12364;16;12367;20;;;12363.0;0.0
v_recovery_drift_s2;22800;ASH_COATED_OSMIUM;10014;12;10012;24;;;10022;5;10024;25;;;10018.0;0.0
v_recovery_drift_s2;22900;INTARIAN_PEPPER_ROOT;12352;9;12350;20;;;12378;15;12381;26;;;12365.0;0.0
v_recovery_drift_s2;22900;ASH_COATED_OSMIUM;10014;13;10011;17;;;10024;9;10028;28;;;10019.0;0.0
v_recovery_drift_s2;23000;INTARIAN_PEPPER_ROOT;12359;18;12357;23;;;12371;13;12373;24;;;12365.0;0.0
v_recovery_drift_s2;23000;ASH_COATED_OSMIUM;10017;5;10014;15;;;10019;15;10021;22;;;10018.0;0.0
v_recovery_drift_s2;23100;INTARIAN_PEPPER_ROOT;12354;11;12351;29;;;12378;16;12380;8;;;12366.0;0.0
v_recovery_drift_s2;23100;ASH_COATED_OSMIUM;10013;16;10010;15;;;10023;15;10027;19;;;10018.0;0.0
v_recovery_drift_s2;23200;INTARIAN_PEPPER_ROOT;12365;14;12362;14;;;12367;11;12370;24;;;12366.0;0.0
v_recovery_drift_s2;23200;ASH_COATED_OSMIUM;10016;18;10012;14;;;10022;13;10026;19;;;10019.0;0.0
v_recovery_drift_s2;23300;INTARIAN_PEPPER_ROOT;12344;14;12340;27;;;12386;14;12389;15;;;12365.0;0.0
v_recovery_drift_s2;23300;ASH_COATED_OSMIUM;9999;12;9996;16;;;10037;9;10040;21;;;10018.0;0.0
v_recovery_drift_s2;23400;INTARIAN_PEPPER_ROOT;12359;24;12357;15;;;12363;13;12367;15;;;12361.0;0.0
v_recovery_drift_s2;23400;ASH_COATED_OSMIUM;10016;9;10013;20;;;10022;10;10026;18;;;10019.0;0.0
v_recovery_drift_s2;23500;INTARIAN_PEPPER_ROOT;12359;14;12356;20;;;12361;16;12364;23;;;12360.0;0.0
v_recovery_drift_s2;23500;ASH_COATED_OSMIUM;10019;18;10017;29;;;10023;6;10027;18;;;10021.0;0.0
v_recovery_drift_s2;23600;INTARIAN_PEPPER_ROOT;12353;16;12349;27;;;12355;9;12359;9;;;12354.0;0.0
v_recovery_drift_s2;23600;ASH_COATED_OSMIUM;10019;12;10015;18;;;10027;21;10030;26;;;10023.0;0.0
v_recovery_drift_s2;23700;INTARIAN_PEPPER_ROOT;12353;11;12351;30;;;12361;19;12363;19;;;12357.0;0.0
v_recovery_drift_s2;23700;ASH_COATED_OSMIUM;10023;18;10020;16;;;10027;8;10031;18;;;10025.0;0.0
v_recovery_drift_s2;23800;INTARIAN_PEPPER_ROOT;12350;14;12347;20;;;12356;24;12360;23;;;12353.0;0.0
v_recovery_drift_s2;23800;ASH_COATED_OSMIUM;10014;18;10012;13;;;10036;21;10038;25;;;10025.0;0.0
v_recovery_drift_s2;23900;INTARIAN_PEPPER_ROOT;12344;21;12341;26;;;12362;8;12364;13;;;12353.0;0.0
v_recovery_drift_s2;23900;ASH_COATED_OSMIUM;10016;8;10014;15;;;10030;9;10034;22;;;10023.0;0.0
v_recovery_drift_s2;24000;INTARIAN_PEPPER_ROOT;12346;12;12343;22;;;12352;9;12354;20;;;12349.0;0.0
v_recovery_drift_s2;24000;ASH_COATED_OSMIUM;10019;9;10016;13;;;10027;10;10031;22;;;10023.0;0.0
v_recovery_drift_s2;24100;INTARIAN_PEPPER_ROOT;12337;10;12335;13;;;12353;15;12356;19;;;12345.0;0.0
v_recovery_drift_s2;24100;ASH_COATED_OSMIUM;10008;12;10006;11;;;10034;12;10038;20;;;10021.0;0.0
v_recovery_drift_s2;24200;INTARIAN_PEPPER_ROOT;12336;19;12333;23;;;12352;18;12354;23;;;12344.0;0.0
v_recovery_drift_s2;24200;ASH_COATED_OSMIUM;10023;10;10021;17;;;10025;11;10028;19;;;10024.0;0.0
v_recovery_drift_s2;24300;INTARIAN_PEPPER_ROOT;12339;5;12337;18;;;12347;9;12350;20;;;12343.0;0.0
v_recovery_drift_s2;24300;ASH_COATED_OSMIUM;9981;14;9978;27;;;10059;7;10063;23;;;10020.0;0.0
v_recovery_drift_s2;24400;INTARIAN_PEPPER_ROOT;12311;14;12309;24;;;12373;13;12375;9;;;12342.0;0.0
v_recovery_drift_s2;24400;ASH_COATED_OSMIUM;10014;5;10011;23;;;10030;16;10034;16;;;10022.0;0.0
v_recovery_drift_s2;24500;INTARIAN_PEPPER_ROOT;12341;9;12339;19;;;12343;24;12346;24;;;12342.0;0.0
v_recovery_drift_s2;24500;ASH_COATED_OSMIUM;10000;10;9998;8;;;10048;15;10051;15;;;10024.0;0.0
v_recovery_drift_s2;24600;INTARIAN_PEPPER_ROOT;12338;8;12334;24;;;12344;14;12346;18;;;12341.0;0.0
v_recovery_drift_s2;24600;ASH_COATED_OSMIUM;10021;10;10019;24;;;10029;13;10032;22;;;10025.0;0.0
v_recovery_drift_s2;24700;INTARIAN_PEPPER_ROOT;12331;21;12327;27;;;12349;15;12351;23;;;12340.0;0.0
v_recovery_drift_s2;24700;ASH_COATED_OSMIUM;10026;18;10023;22;;;10028;17;10031;28;;;10027.0;0.0
v_recovery_drift_s2;24800;INTARIAN_PEPPER_ROOT;12340;6;12337;27;;;12342;15;12345;23;;;12341.0;0.0
v_recovery_drift_s2;24800;ASH_COATED_OSMIUM;10019;5;10015;20;;;10033;10;10037;12;;;10026.0;0.0
v_recovery_drift_s2;24900;INTARIAN_PEPPER_ROOT;12332;18;12328;17;;;12348;15;12352;25;;;12340.0;0.0
v_recovery_drift_s2;24900;ASH_COATED_OSMIUM;10016;11;10014;16;;;10034;13;10037;22;;;10025.0;0.0
v_recovery_drift_s2;25000;INTARIAN_PEPPER_ROOT;12334;14;12331;8;;;12342;16;12346;13;;;12338.0;0.0
v_recovery_drift_s2;25000;ASH_COATED_OSMIUM;10022;9;10019;17;;;10026;13;10029;19;;;10024.0;0.0
v_recovery_drift_s2;25100;INTARIAN_PEPPER_ROOT;12333;14;12329;19;;;12345;10;12347;21;;;12339.0;0.0
v_recovery_drift_s2;25100;ASH_COATED_OSMIUM;10027;10;10025;13;;;10029;18;10031;16;;;10028.0;0.0
v_recovery_drift_s2;25200;INTARIAN_PEPPER_ROOT;12338;18;12336;23;;;12340;21;12342;21;;;12339.0;0.0
v_recovery_drift_s2;25200;ASH_COATED_OSMIUM;10029;19;10027;22;;;10031;18;10034;27;;;10030.0;0.0
v_recovery_drift_s2;25300;INTARIAN_PEPPER_ROOT;12337;23;12334;17;;;12339;10;12343;8;;;12338.0;0.0
v_recovery_drift_s2;25300;ASH_COATED_OSMIUM;10007;9;10004;20;;;10053;14;10056;28;;;10030.0;0.0
v_recovery_drift_s2;25400;INTARIAN_PEPPER_ROOT;12326;15;12323;19;;;12340;16;12343;22;;;12333.0;0.0
v_recovery_drift_s2;25400;ASH_COATED_OSMIUM;10028;16;10026;8;;;10040;15;10044;17;;;10034.0;0.0
v_recovery_drift_s2;25500;INTARIAN_PEPPER_ROOT;12328;8;12325;19;;;12336;9;12340;12;;;12332.0;0.0
v_recovery_drift_s2;25500;ASH_COATED_OSMIUM;10032;20;10028;17;;;10034;16;10036;23;;;10033.0;0.0
v_recovery_drift_s2;25600;INTARIAN_PEPPER_ROOT;12318;8;12316;15;;;12346;13;12350;32;;;12332.0;0.0
v_recovery_drift_s2;25600;ASH_COATED_OSMIUM;10027;11;10025;25;;;10039;22;10041;15;;;10033.0;0.0
v_recovery_drift_s2;25700;INTARIAN_PEPPER_ROOT;12327;18;12323;13;;;12337;20;12340;20;;;12332.0;0.0
v_recovery_drift_s2;25700;ASH_COATED_OSMIUM;10029;6;10026;13;;;10043;6;10046;34;;;10036.0;0.0
v_recovery_drift_s2;25800;INTARIAN_PEPPER_ROOT;12330;14;12327;24;;;12334;7;12338;20;;;12332.0;0.0
v_recovery_drift_s2;25800;ASH_COATED_OSMIUM;10039;13;10036;19;;;10041;11;10043;15;;;10040.0;0.0
v_recovery_drift_s2;25900;INTARIAN_PEPPER_ROOT;12333;18;12330;15;;;12335;22;12339;17;;;12334.0;0.0
v_recovery_drift_s2;25900;ASH_COATED_OSMIUM;10034;18;10032;21;;;10048;12;10051;22;;;10041.0;0.0
v_recovery_drift_s2;26000;INTARIAN_PEPPER_ROOT;12319;13;12316;33;;;12351;15;12354;20;;;12335.0;0.0
v_recovery_drift_s2;26000;ASH_COATED_OSMIUM;10017;10;10013;23;;;10065;15;10067;25;;;10041.0;0.0
v_recovery_drift_s2;26100;INTARIAN_PEPPER_ROOT;12328;9;12324;26;;;12342;15;12345;10;;;12335.0;0.0
v_recovery_drift_s2;26100;ASH_COATED_OSMIUM;9999;8;9996;12;;;10079;10;10083;10;;;10039.0;0.0
v_recovery_drift_s2;26200;INTARIAN_PEPPER_ROOT;12330;20;12326;16;;;12336;11;12340;17;;;12333.0;0.0
v_recovery_drift_s2;26200;ASH_COATED_OSMIUM;10039;9;10037;19;;;10045;20;10048;16;;;10042.0;0.0
v_recovery_drift_s2;26300;INTARIAN_PEPPER_ROOT;12310;19;12307;14;;;12352;24;12356;20;;;12331.0;0.0
v_recovery_drift_s2;26300;ASH_COATED_OSMIUM;10037;13;10034;19;;;10053;12;10055;8;;;10045.0;0.0
v_recovery_drift_s2;26400;INTARIAN_PEPPER_ROOT;12326;16;12324;20;;;12334;15;12338;14;;;12330.0;0.0
v_recovery_drift_s2;26400;ASH_COATED_OSMIUM;10040;15;10037;13;;;10046;5;10049;10;;;10043.0;0.0
v_recovery_drift_s2;26500;INTARIAN_PEPPER_ROOT;12322;20;12318;17;;;12332;13;12336;8;;;12327.0;0.0
v_recovery_drift_s2;26500;ASH_COATED_OSMIUM;10033;19;10031;18;;;10047;12;10050;10;;;10040.0;0.0
v_recovery_drift_s2;26600;INTARIAN_PEPPER_ROOT;12325;15;12323;22;;;12327;22;12329;21;;;12326.0;0.0
v_recovery_drift_s2;26600;ASH_COATED_OSMIUM;10040;13;10036;24;;;10048;17;10051;27;;;10044.0;0.0
v_recovery_drift_s2;26700;INTARIAN_PEPPER_ROOT;12319;17;12315;12;;;12329;14;12332;22;;;12324.0;0.0
v_recovery_drift_s2;26700;ASH_COATED_OSMIUM;10037;9;10033;19;;;10045;12;10048;17;;;10041.0;0.0
v_recovery_drift_s2;26800;INTARIAN_PEPPER_ROOT;12316;5;12312;19;;;12328;12;12331;12;;;12322.0;0.0
v_recovery_drift_s2;26800;ASH_COATED_OSMIUM;10035;22;10033;22;;;10045;22;10048;20;;;10040.0;0.0
v_recovery_drift_s2;26900;INTARIAN_PEPPER_ROOT;12316;10;12314;13;;;12322;14;12326;18;;;12319.0;0.0
v_recovery_drift_s2;26900;ASH_COATED_OSMIUM;10024;19;10021;20;;;10054;7;10058;14;;;10039.0;0.0
v_recovery_drift_s2;27000;INTARIAN_PEPPER_ROOT;12313;11;12309;19;;;12319;5;12321;18;;;12316.0;0.0
v_recovery_drift_s2;27000;ASH_COATED_OSMIUM;10023;5;10020;13;;;10061;15;10063;19;;;10042.0;0.0
v_recovery_drift_s2;27100;INTARIAN_PEPPER_ROOT;12312;12;12309;16;;;12314;7;12318;23;;;12313.0;0.0
v_recovery_drift_s2;27100;ASH_COATED_OSMIUM;10025;12;10023;17;;;10063;24;10065;16;;;10044.0;0.0
v_recovery_drift_s2;27200;INTARIAN_PEPPER_ROOT;12296;12;12293;13;;;12326;11;12330;17;;;12311.0;0.0
v_recovery_drift_s2;27200;ASH_COATED_OSMIUM;10034;18;10030;15;;;10046;9;10048;22;;;10040.0;0.0
v_recovery_drift_s2;27300;INTARIAN_PEPPER_ROOT;12297;18;12293;12;;;12319;11;12321;19;;;12308.0;0.0
v_recovery_drift_s2;27300;ASH_COATED_OSMIUM;10026;22;10024;14;;;10066;5;10068;17;;;10046.0;0.0
v_recovery_drift_s2;27400;INTARIAN_PEPPER_ROOT;12303;18;12299;19;;;12311;10;12314;9;;;12307.0;0.0
v_recovery_drift_s2;27400;ASH_COATED_OSMIUM;10044;16;10042;14;;;10048;16;10050;15;;;10046.0;0.0
v_recovery_drift_s2;27500;INTARIAN_PEPPER_ROOT;12304;10;12301;16;;;12308;9;12311;13;;;12306.0;0.0
v_recovery_drift_s2;27500;ASH_COATED_OSMIUM;10037;11;10035;21;;;10049;12;10053;20;;;10043.0;0.0
v_recovery_drift_s2;27600;INTARIAN_PEPPER_ROOT;12304;14;12301;16;;;12310;14;12312;20;;;12307.0;0.0
v_recovery_drift_s2;27600;ASH_COATED_OSMIUM;10015;19;10012;17;;;10063;12;10067;16;;;10039.0;0.0
v_recovery_drift_s2;27700;INTARIAN_PEPPER_ROOT;12305;13;12302;22;;;12313;16;12316;24;;;12309.0;0.0
v_recovery_drift_s2;27700;ASH_COATED_OSMIUM;10013;5;10010;28;;;10063;9;10065;19;;;10038.0;0.0
v_recovery_drift_s2;27800;INTARIAN_PEPPER_ROOT;12290;10;12287;13;;;12330;11;12334;11;;;12310.0;0.0
v_recovery_drift_s2;27800;ASH_COATED_OSMIUM;10018;14;10014;24;;;10058;11;10062;22;;;10038.0;0.0
v_recovery_drift_s2;27900;INTARIAN_PEPPER_ROOT;12298;12;12295;10;;;12318;14;12320;20;;;12308.0;0.0
v_recovery_drift_s2;27900;ASH_COATED_OSMIUM;10039;13;10037;26;;;10041;15;10043;18;;;10040.0;0.0
v_recovery_drift_s2;28000;INTARIAN_PEPPER_ROOT;12280;13;12277;14;;;12342;12;12346;18;;;12311.0;0.0
v_recovery_drift_s2;28000;ASH_COATED_OSMIUM;10029;12;10025;23;;;10053;14;10056;22;;;10041.0;0.0
v_recovery_drift_s2;28100;INTARIAN_PEPPER_ROOT;12297;12;12295;20;;;12319;14;12321;17;;;12308.0;0.0
v_recovery_drift_s2;28100;ASH_COATED_OSMIUM;10034;18;10030;23;;;10054;13;10056;23;;;10044.0;0.0
v_recovery_drift_s2;28200;INTARIAN_PEPPER_ROOT;12291;18;12288;26;;;12315;16;12319;21;;;12303.0;0.0
v_recovery_drift_s2;28200;ASH_COATED_OSMIUM;10036;9;10033;18;;;10050;13;10054;17;;;10043.0;0.0
v_recovery_drift_s2;28300;INTARIAN_PEPPER_ROOT;12302;19;12299;24;;;12304;9;12307;16;;;12303.0;0.0
v_recovery_drift_s2;28300;ASH_COATED_OSMIUM;10039;17;10035;24;;;10049;7;10053;15;;;10044.0;0.0
v_recovery_drift_s2;28400;INTARIAN_PEPPER_ROOT;12296;23;12294;23;;;12308;21;12311;17;;;12302.0;0.0
v_recovery_drift_s2;28400;ASH_COATED_OSMIUM;10042;10;10039;16;;;10050;12;10054;17;;;10046.0;0.0
v_recovery_drift_s2;28500;INTARIAN_PEPPER_ROOT;12293;10;12289;29;;;12311;15;12314;12;;;12302.0;0.0
v_recovery_drift_s2;28500;ASH_COATED_OSMIUM;10032;19;10030;21;;;10060;10;10063;24;;;10046.0;0.0
v_recovery_drift_s2;28600;INTARIAN_PEPPER_ROOT;12295;11;12291;22;;;12305;16;12307;12;;;12300.0;0.0
v_recovery_drift_s2;28600;ASH_COATED_OSMIUM;10044;14;10042;9;;;10046;18;10049;13;;;10045.0;0.0
v_recovery_drift_s2;28700;INTARIAN_PEPPER_ROOT;12294;10;12291;26;;;12300;18;12304;17;;;12297.0;0.0
v_recovery_drift_s2;28700;ASH_COATED_OSMIUM;10038;17;10036;15;;;10050;14;10052;23;;;10044.0;0.0
v_recovery_drift_s2;28800;INTARIAN_PEPPER_ROOT;12280;24;12278;21;;;12308;26;12310;15;;;12294.0;0.0
v_recovery_drift_s2;28800;ASH_COATED_OSMIUM;10038;20;10035;15;;;10040;15;10042;24;;;10039.0;0.0
v_recovery_drift_s2;28900;INTARIAN_PEPPER_ROOT;12292;11;12289;19;;;12300;16;12303;18;;;12296.0;0.0
v_recovery_drift_s2;28900;ASH_COATED_OSMIUM;10041;16;10039;29;;;10043;9;10046;20;;;10042.0;0.0
v_recovery_drift_s2;29000;INTARIAN_PEPPER_ROOT;12294;17;12292;15;;;12302;18;12304;24;;;12298.0;0.0
v_recovery_drift_s2;29000;ASH_COATED_OSMIUM;10029;12;10027;28;;;10051;18;10053;17;;;10040.0;0.0
v_recovery_drift_s2;29100;INTARIAN_PEPPER_ROOT;12293;13;12291;16;;;12297;15;12300;16;;;12295.0;0.0
v_recovery_drift_s2;29100;ASH_COATED_OSMIUM;10033;8;10031;15;;;10051;6;10055;16;;;10042.0;0.0
v_recovery_drift_s2;29200;INTARIAN_PEPPER_ROOT;12298;27;12295;26;;;12300;20;12304;22;;;12299.0;0.0
v_recovery_drift_s2;29200;ASH_COATED_OSMIUM;10041;20;10037;18;;;10049;14;10051;14;;;10045.0;0.0
v_recovery_drift_s2;29300;INTARIAN_PEPPER_ROOT;12291;21;12288;25;;;12299;8;12303;24;;;12295.0;0.0
v_recovery_drift_s2;29300;ASH_COATED_OSMIUM;10041;14;10038;15;;;10045;21;10048;21;;;10043.0;0.0
v_recovery_drift_s2;29400;INTARIAN_PEPPER_ROOT;12276;13;12272;19;;;12312;18;12315;14;;;12294.0;0.0
v_recovery_drift_s2;29400;ASH_COATED_OSMIUM;10039;19;10037;13;;;10043;13;10047;20;;;10041.0;0.0
v_recovery_drift_s2;29500;INTARIAN_PEPPER_ROOT;12290;17;12288;25;;;12298;22;12301;16;;;12294.0;0.0
v_recovery_drift_s2;29500;ASH_COATED_OSMIUM;10040;9;10036;22;;;10044;14;10047;21;;;10042.0;0.0
v_recovery_drift_s2;29600;INTARIAN_PEPPER_ROOT;12273;27;12270;21;;;12309;11;12311;17;;;12291.0;0.0
v_recovery_drift_s2;29600;ASH_COATED_OSMIUM;10035;20;10032;17;;;10043;12;10046;20;;;10039.0;0.0
v_recovery_drift_s2;29700;INTARIAN_PEPPER_ROOT;12279;13;12276;31;;;12299;11;12301;16;;;12289.0;0.0
v_recovery_drift_s2;29700;ASH_COATED_OSMIUM;10039;8;10036;25;;;10041;14;10043;22;;;10040.0;0.0
v_recovery_drift_s2;29800;INTARIAN_PEPPER_ROOT;12287;16;12285;16;;;12289;14;12292;15;;;12288.0;0.0
v_recovery_drift_s2;29800;ASH_COATED_OSMIUM;10036;8;10034;17;;;10038;10;10042;19;;;10037.0;0.0
v_recovery_drift_s2;29900;INTARIAN_PEPPER_ROOT;12286;19;12283;29;;;12288;10;12292;24;;;12287.0;0.0
v_recovery_drift_s2;29900;ASH_COATED_OSMIUM;10024;6;10020;18;;;10048;11;10050;22;;;10036.0;0.0
v_recovery_drift_s2;30000;INTARIAN_PEPPER_ROOT;12269;9;12267;15;;;12307;13;12311;33;;;12288.0;0.0
v_recovery_drift_s2;30000;ASH_COATED_OSMIUM;10028;16;10025;12;;;10040;19;10043;13;;;10034.0;0.0
v_recovery_drift_s2;30100;INTARIAN_PEPPER_ROOT;12288;16;12284;23;;;12290;19;12293;12;;;12289.0;0.0
v_recovery_drift_s2;30100;ASH_COATED_OSMIUM;10031;9;10029;15;;;10033;10;10037;20;;;10032.0;0.0
v_recovery_drift_s2;30200;INTARIAN_PEPPER_ROOT;12282;11;12278;20;;;12290;11;12293;16;;;12286.0;0.0
v_recovery_drift_s2;30200;ASH_COATED_OSMIUM;10026;14;10022;20;;;10040;15;10044;10;;;10033.0;0.0
v_recovery_drift_s2;30300;INTARIAN_PEPPER_ROOT;12261;15;12258;25;;;12307;12;12309;16;;;12284.0;0.0
v_recovery_drift_s2;30300;ASH_COATED_OSMIUM;10033;5;10031;20;;;10035;9;10038;23;;;10034.0;0.0
v_recovery_drift_s2;30400;INTARIAN_PEPPER_ROOT;12273;12;12269;23;;;12295;17;12297;27;;;12284.0;0.0
v_recovery_drift_s2;30400;ASH_COATED_OSMIUM;10032;15;10028;25;;;10034;5;10037;19;;;10033.0;0.0
v_recovery_drift_s2;30500;INTARIAN_PEPPER_ROOT;12282;27;12279;13;;;12284;18;12287;21;;;12283.0;0.0
v_recovery_drift_s2;30500;ASH_COATED_OSMIUM;10028;8;10025;21;;;10036;6;10040;11;;;10032.0;0.0
v_recovery_drift_s2;30600;INTARIAN_PEPPER_ROOT;12278;12;12275;15;;;12284;18;12288;8;;;12281.0;0.0
v_recovery_drift_s2;30600;ASH_COATED_OSMIUM;9988;11;9984;18;;;10076;7;10078;21;;;10032.0;0.0
v_recovery_drift_s2;30700;INTARIAN_PEPPER_ROOT;12274;16;12272;18;;;12290;8;12292;20;;;12282.0;0.0
v_recovery_drift_s2;30700;ASH_COATED_OSMIUM;10018;12;10015;24;;;10048;14;10051;18;;;10033.0;0.0
v_recovery_drift_s2;30800;INTARIAN_PEPPER_ROOT;12272;19;12268;13;;;12292;16;12294;25;;;12282.0;0.0
v_recovery_drift_s2;30800;ASH_COATED_OSMIUM;10033;13;10030;12;;;10035;13;10039;12;;;10034.0;0.0
v_recovery_drift_s2;30900;INTARIAN_PEPPER_ROOT;12277;21;12275;15;;;12283;12;12287;26;;;12280.0;0.0
v_recovery_drift_s2;30900;ASH_COATED_OSMIUM;10021;14;10018;23;;;10051;16;10053;21;;;10036.0;0.0
v_recovery_drift_s2;31000;INTARIAN_PEPPER_ROOT;12280;12;12276;15;;;12282;13;12284;24;;;12281.0;0.0
v_recovery_drift_s2;31000;ASH_COATED_OSMIUM;10037;10;10034;27;;;10039;16;10041;16;;;10038.0;0.0
v_recovery_drift_s2;31100;INTARIAN_PEPPER_ROOT;12271;18;12268;20;;;12285;19;12288;18;;;12278.0;0.0
v_recovery_drift_s2;31100;ASH_COATED_OSMIUM;10005;11;10001;14;;;10073;19;10075;21;;;10039.0;0.0
v_recovery_drift_s2;31200;INTARIAN_PEPPER_ROOT;12269;13;12265;21;;;12277;20;12279;19;;;12273.0;0.0
v_recovery_drift_s2;31200;ASH_COATED_OSMIUM;10033;15;10031;25;;;10047;12;10051;26;;;10040.0;0.0
v_recovery_drift_s2;31300;INTARIAN_PEPPER_ROOT;12261;9;12257;21;;;12287;14;12289;21;;;12274.0;0.0
v_recovery_drift_s2;31300;ASH_COATED_OSMIUM;10025;17;10022;18;;;10063;11;10065;16;;;10044.0;0.0
v_recovery_drift_s2;31400;INTARIAN_PEPPER_ROOT;12271;11;12269;24;;;12273;15;12276;28;;;12272.0;0.0
v_recovery_drift_s2;31400;ASH_COATED_OSMIUM;10041;6;10039;17;;;10047;19;10049;14;;;10044.0;0.0
v_recovery_drift_s2;31500;INTARIAN_PEPPER_ROOT;12251;15;12249;8;;;12287;12;12289;14;;;12269.0;0.0
v_recovery_drift_s2;31500;ASH_COATED_OSMIUM;10037;12;10034;18;;;10047;16;10049;22;;;10042.0;0.0
v_recovery_drift_s2;31600;INTARIAN_PEPPER_ROOT;12266;17;12262;17;;;12270;17;12273;25;;;12268.0;0.0
v_recovery_drift_s2;31600;ASH_COATED_OSMIUM;10035;10;10031;23;;;10051;5;10053;11;;;10043.0;0.0
v_recovery_drift_s2;31700;INTARIAN_PEPPER_ROOT;12264;11;12261;19;;;12268;19;12270;16;;;12266.0;0.0
v_recovery_drift_s2;31700;ASH_COATED_OSMIUM;10042;16;10040;29;;;10044;23;10046;23;;;10043.0;0.0
v_recovery_drift_s2;31800;INTARIAN_PEPPER_ROOT;12264;12;12260;20;;;12270;5;12272;23;;;12267.0;0.0
v_recovery_drift_s2;31800;ASH_COATED_OSMIUM;10043;8;10041;14;;;10049;14;10053;21;;;10046.0;0.0
v_recovery_drift_s2;31900;INTARIAN_PEPPER_ROOT;12259;18;12257;16;;;12267;22;12269;17;;;12263.0;0.0
v_recovery_drift_s2;31900;ASH_COATED_OSMIUM;10046;16;10043;28;;;10050;22;10052;16;;;10048.0;0.0
v_recovery_drift_s2;32000;INTARIAN_PEPPER_ROOT;12248;28;12246;16;;;12274;16;12277;25;;;12261.0;0.0
v_recovery_drift_s2;32000;ASH_COATED_OSMIUM;10040;9;10038;21;;;10052;6;10056;19;;;10046.0;0.0
v_recovery_drift_s2;32100;INTARIAN_PEPPER_ROOT;12261;10;12257;16;;;12273;16;12276;22;;;12267.0;0.0
v_recovery_drift_s2;32100;ASH_COATED_OSMIUM;10045;10;10042;17;;;10047;18;10049;13;;;10046.0;0.0
v_recovery_drift_s2;32200;INTARIAN_PEPPER_ROOT;12265;19;12261;10;;;12269;22;12273;22;;;12267.0;0.0
v_recovery_drift_s2;32200;ASH_COATED_OSMIUM;10040;5;10036;16;;;10050;16;10052;24;;;10045.0;0.0
v_recovery_drift_s2;32300;INTARIAN_PEPPER_ROOT;12257;16;12255;20;;;12267;25;12271;19;;;12262.0;0.0
v_recovery_drift_s2;32300;ASH_COATED_OSMIUM;10044;10;10042;25;;;10046;5;10050;20;;;10045.0;0.0
v_recovery_drift_s2;32400;INTARIAN_PEPPER_ROOT;12259;23;12255;13;;;12267;22;12269;13;;;12263.0;0.0
v_recovery_drift_s2;32400;ASH_COATED_OSMIUM;10033;12;10029;19;;;10057;6;10059;16;;;10045.0;0.0
v_recovery_drift_s2;32500;INTARIAN_PEPPER_ROOT;12262;17;12258;15;;;12264;19;12266;15;;;12263.0;0.0
v_recovery_drift_s2;32500;ASH_COATED_OSMIUM;10038;10;10035;16;;;10048;5;10052;24;;;10043.0;0.0
v_recovery_drift_s2;32600;INTARIAN_PEPPER_ROOT;12261;18;12259;13;;;12269;9;12273;23;;;12265.0;0.0
v_recovery_drift_s2;32600;ASH_COATED_OSMIUM;10027;10;10025;22;;;10065;14;10067;15;;;10046.0;0.0
v_recovery_drift_s2;32700;INTARIAN_PEPPER_ROOT;12264;8;12261;16;;;12266;12;12270;21;;;12265.0;0.0
v_recovery_drift_s2;32700;ASH_COATED_OSMIUM;10046;11;10043;22;;;10048;20;10052;24;;;10047.0;0.0
v_recovery_drift_s2;32800;INTARIAN_PEPPER_ROOT;12247;17;12244;16;;;12279;14;12283;17;;;12263.0;0.0
v_recovery_drift_s2;32800;ASH_COATED_OSMIUM;10046;13;10043;22;;;10048;7;10052;21;;;10047.0;0.0
v_recovery_drift_s2;32900;INTARIAN_PEPPER_ROOT;12265;12;12263;16;;;12267;16;12269;28;;;12266.0;0.0
v_recovery_drift_s2;32900;ASH_COATED_OSMIUM;10045;8;10043;27;;;10055;15;10058;15;;;10050.0;0.0
v_recovery_drift_s2;33000;INTARIAN_PEPPER_ROOT;12246;13;12242;27;;;12286;23;12290;18;;;12266.0;0.0
v_recovery_drift_s2;33000;ASH_COATED_OSMIUM;10050;15;10047;15;;;10052;11;10056;16;;;10051.0;0.0
v_recovery_drift_s2;33100;INTARIAN_PEPPER_ROOT;12256;14;12252;13;;;12268;9;12270;24;;;12262.0;0.0
v_recovery_drift_s2;33100;ASH_COATED_OSMIUM;10047;15;10044;15;;;10055;10;10059;26;;;10051.0;0.0
v_recovery_drift_s2;33200;INTARIAN_PEPPER_ROOT;12250;22;12246;25;;;12276;17;12279;25;;;12263.0;0.0
v_recovery_drift_s2;33200;ASH_COATED_OSMIUM;10037;13;10035;22;;;10067;11;10071;28;;;10052.0;0.0
v_recovery_drift_s2;33300;INTARIAN_PEPPER_ROOT;12252;7;12248;19;;;12274;5;12277;18;;;12263.0;0.0
v_recovery_drift_s2;33300;ASH_COATED_OSMIUM;10045;16;10043;27;;;10059;10;10062;22;;;10052.0;0.0
v_recovery_drift_s2;33400;INTARIAN_PEPPER_ROOT;12256;19;12253;13;;;12270;16;12272;17;;;12263.0;0.0
v_recovery_drift_s2;33400;ASH_COATED_OSMIUM;10046;15;10043;25;;;10058;11;10060;12;;;10052.0;0.0
v_recovery_drift_s2;33500;INTARIAN_PEPPER_ROOT;12258;18;12254;18;;;12266;13;12269;14;;;12262.0;0.0
v_recovery_drift_s2;33500;ASH_COATED_OSMIUM;10043;13;10039;18;;;10061;15;10064;19;;;10052.0;0.0
v_recovery_drift_s2;33600;INTARIAN_PEPPER_ROOT;12263;16;12259;21;;;12265;16;12267;20;;;12264.0;0.0
v_recovery_drift_s2;33600;ASH_COATED_OSMIUM;10043;19;10041;22;;;10055;9;10057;17;;;10049.0;0.0
v_recovery_drift_s2;33700;INTARIAN_PEPPER_ROOT;12262;5;12260;13;;;12264;10;12267;22;;;12263.0;0.0
v_recovery_drift_s2;33700;ASH_COATED_OSMIUM;10041;15;10039;23;;;10055;8;10057;27;;;10048.0;0.0
v_recovery_drift_s2;33800;INTARIAN_PEPPER_ROOT;12261;7;12258;27;;;12267;5;12270;21;;;12264.0;0.0
v_recovery_drift_s2;33800;ASH_COATED_OSMIUM;10042;17;10038;22;;;10054;14;10058;12;;;10048.0;0.0
v_recovery_drift_s2;33900;INTARIAN_PEPPER_ROOT;12232;17;12229;17;;;12294;26;12296;14;;;12263.0;0.0
v_recovery_drift_s2;33900;ASH_COATED_OSMIUM;10050;7;10046;25;;;10052;5;10056;21;;;10051.0;0.0
v_recovery_drift_s2;34000;INTARIAN_PEPPER_ROOT;12238;14;12236;18;;;12286;19;12288;24;;;12262.0;0.0
v_recovery_drift_s2;34000;ASH_COATED_OSMIUM;10020;8;10018;29;;;10080;16;10083;24;;;10050.0;0.0
v_recovery_drift_s2;34100;INTARIAN_PEPPER_ROOT;12251;11;12249;15;;;12273;10;12276;15;;;12262.0;0.0
v_recovery_drift_s2;34100;ASH_COATED_OSMIUM;10030;17;10028;28;;;10066;16;10070;28;;;10048.0;0.0
v_recovery_drift_s2;34200;INTARIAN_PEPPER_ROOT;12245;21;12241;28;;;12279;11;12281;17;;;12262.0;0.0
v_recovery_drift_s2;34200;ASH_COATED_OSMIUM;10049;20;10047;21;;;10051;20;10054;27;;;10050.0;0.0
v_recovery_drift_s2;34300;INTARIAN_PEPPER_ROOT;12260;11;12256;21;;;12264;17;12268;19;;;12262.0;0.0
v_recovery_drift_s2;34300;ASH_COATED_OSMIUM;10049;5;10047;13;;;10051;15;10055;26;;;10050.0;0.0
v_recovery_drift_s2;34400;INTARIAN_PEPPER_ROOT;12257;11;12254;17;;;12273;8;12277;17;;;12265.0;0.0
v_recovery_drift_s2;34400;ASH_COATED_OSMIUM;10040;5;10038;28;;;10054;15;10058;25;;;10047.0;0.0
v_recovery_drift_s2;34500;INTARIAN_PEPPER_ROOT;12264;10;12262;22;;;12266;17;12269;23;;;12265.0;0.0
v_recovery_drift_s2;34500;ASH_COATED_OSMIUM;10045;11;10041;17;;;10047;14;10050;19;;;10046.0;0.0
v_recovery_drift_s2;34600;INTARIAN_PEPPER_ROOT;12258;5;12254;19;;;12272;12;12275;17;;;12265.0;0.0
v_recovery_drift_s2;34600;ASH_COATED_OSMIUM;10045;18;10042;10;;;10049;13;10053;13;;;10047.0;0.0
v_recovery_drift_s2;34700;INTARIAN_PEPPER_ROOT;12257;20;12254;19;;;12281;20;12283;22;;;12269.0;0.0
v_recovery_drift_s2;34700;ASH_COATED_OSMIUM;10040;15;10038;25;;;10052;16;10056;15;;;10046.0;0.0
v_recovery_drift_s2;34800;INTARIAN_PEPPER_ROOT;12262;19;12259;25;;;12276;16;12280;11;;;12269.0;0.0
v_recovery_drift_s2;34800;ASH_COATED_OSMIUM;10020;17;10018;24;;;10072;14;10075;22;;;10046.0;0.0
v_recovery_drift_s2;34900;INTARIAN_PEPPER_ROOT;12255;13;12252;17;;;12283;12;12285;8;;;12269.0;0.0
v_recovery_drift_s2;34900;ASH_COATED_OSMIUM;10028;10;10026;27;;;10066;16;10068;21;;;10047.0;0.0
v_recovery_drift_s2;35000;INTARIAN_PEPPER_ROOT;12266;16;12264;20;;;12268;18;12272;22;;;12267.0;0.0
v_recovery_drift_s2;35000;ASH_COATED_OSMIUM;10046;10;10044;27;;;10052;14;10056;13;;;10049.0;0.0
v_recovery_drift_s2;35100;INTARIAN_PEPPER_ROOT;12264;7;12261;19;;;12268;17;12271;19;;;12266.0;0.0
v_recovery_drift_s2;35100;ASH_COATED_OSMIUM;10019;10;10016;13;;;10083;16;10086;17;;;10051.0;0.0
v_recovery_drift_s2;35200;INTARIAN_PEPPER_ROOT;12267;16;12264;16;;;12273;17;12276;17;;;12270.0;0.0
v_recovery_drift_s2;35200;ASH_COATED_OSMIUM;10050;12;10048;26;;;10058;20;10060;32;;;10054.0;0.0
v_recovery_drift_s2;35300;INTARIAN_PEPPER_ROOT;12268;12;12265;32;;;12270;13;12274;24;;;12269.0;0.0
v_recovery_drift_s2;35300;ASH_COATED_OSMIUM;10053;10;10051;20;;;10055;23;10059;19;;;10054.0;0.0
v_recovery_drift_s2;35400;INTARIAN_PEPPER_ROOT;12271;10;12267;18;;;12273;14;12275;13;;;12272.0;0.0
v_recovery_drift_s2;35400;ASH_COATED_OSMIUM;10049;17;10046;19;;;10053;14;10056;20;;;10051.0;0.0
v_recovery_drift_s2;35500;INTARIAN_PEPPER_ROOT;12250;15;12247;24;;;12288;12;12292;17;;;12269.0;0.0
v_recovery_drift_s2;35500;ASH_COATED_OSMIUM;10033;16;10029;13;;;10081;17;10084;26;;;10057.0;0.0
v_recovery_drift_s2;35600;INTARIAN_PEPPER_ROOT;12251;8;12248;20;;;12281;26;12284;21;;;12266.0;0.0
v_recovery_drift_s2;35600;ASH_COATED_OSMIUM;10054;19;10052;19;;;10060;18;10064;22;;;10057.0;0.0
v_recovery_drift_s2;35700;INTARIAN_PEPPER_ROOT;12240;14;12237;26;;;12292;12;12294;23;;;12266.0;0.0
v_recovery_drift_s2;35700;ASH_COATED_OSMIUM;10047;15;10043;12;;;10067;11;10071;9;;;10057.0;0.0
v_recovery_drift_s2;35800;INTARIAN_PEPPER_ROOT;12260;13;12258;21;;;12264;16;12266;21;;;12262.0;0.0
v_recovery_drift_s2;35800;ASH_COATED_OSMIUM;10039;11;10035;23;;;10081;5;10084;10;;;10060.0;0.0
v_recovery_drift_s2;35900;INTARIAN_PEPPER_ROOT;12251;12;12247;17;;;12281;10;12284;16;;;12266.0;0.0
v_recovery_drift_s2;35900;ASH_COATED_OSMIUM;10056;12;10054;23;;;10072;16;10074;27;;;10064.0;0.0
v_recovery_drift_s2;36000;INTARIAN_PEPPER_ROOT;12266;21;12264;31;;;12272;22;12274;13;;;12269.0;0.0
v_recovery_drift_s2;36000;ASH_COATED_OSMIUM;10047;7;10043;28;;;10071;9;10075;24;;;10059.0;0.0
v_recovery_drift_s2;36100;INTARIAN_PEPPER_ROOT;12242;22;12240;18;;;12290;10;12293;17;;;12266.0;0.0
v_recovery_drift_s2;36100;ASH_COATED_OSMIUM;10056;6;10053;27;;;10064;16;10067;32;;;10060.0;0.0
v_recovery_drift_s2;36200;INTARIAN_PEPPER_ROOT;12264;17;12262;20;;;12266;7;12269;19;;;12265.0;0.0
v_recovery_drift_s2;36200;ASH_COATED_OSMIUM;10059;11;10055;16;;;10061;12;10065;12;;;10060.0;0.0
v_recovery_drift_s2;36300;INTARIAN_PEPPER_ROOT;12259;6;12256;21;;;12267;12;12270;11;;;12263.0;0.0
v_recovery_drift_s2;36300;ASH_COATED_OSMIUM;10053;12;10049;18;;;10067;16;10071;8;;;10060.0;0.0
v_recovery_drift_s2;36400;INTARIAN_PEPPER_ROOT;12262;17;12259;32;;;12264;18;12267;10;;;12263.0;0.0
v_recovery_drift_s2;36400;ASH_COATED_OSMIUM;10051;24;10048;17;;;10065;17;10067;20;;;10058.0;0.0
v_recovery_drift_s2;36500;INTARIAN_PEPPER_ROOT;12261;19;12259;31;;;12263;17;12266;17;;;12262.0;0.0
v_recovery_drift_s2;36500;ASH_COATED_OSMIUM;10055;18;10053;11;;;10057;14;10061;21;;;10056.0;0.0
v_recovery_drift_s2;36600;INTARIAN_PEPPER_ROOT;12260;12;12257;20;;;12266;22;12268;14;;;12263.0;0.0
v_recovery_drift_s2;36600;ASH_COATED_OSMIUM;10047;19;10044;15;;;10063;12;10065;30;;;10055.0;0.0
v_recovery_drift_s2;36700;INTARIAN_PEPPER_ROOT;12265;22;12261;21;;;12269;21;12272;22;;;12267.0;0.0
v_recovery_drift_s2;36700;ASH_COATED_OSMIUM;10050;7;10047;22;;;10060;13;10062;17;;;10055.0;0.0
v_recovery_drift_s2;36800;INTARIAN_PEPPER_ROOT;12263;26;12259;17;;;12269;12;12271;24;;;12266.0;0.0
v_recovery_drift_s2;36800;ASH_COATED_OSMIUM;10056;12;10054;22;;;10058;13;10062;16;;;10057.0;0.0
v_recovery_drift_s2;36900;INTARIAN_PEPPER_ROOT;12261;12;12258;19;;;12263;8;12267;18;;;12262.0;0.0
v_recovery_drift_s2;36900;ASH_COATED_OSMIUM;10054;10;10050;22;;;10060;13;10062;26;;;10057.0;0.0
v_recovery_drift_s2;37000;INTARIAN_PEPPER_ROOT;12259;14;12255;18;;;12267;26;12270;19;;;12263.0;0.0
v_recovery_drift_s2;37000;ASH_COATED_OSMIUM;10046;16;10042;24;;;10062;19;10064;27;;;10054.0;0.0
v_recovery_drift_s2;37100;INTARIAN_PEPPER_ROOT;12259;5;12256;21;;;12265;14;12269;22;;;12262.0;0.0
v_recovery_drift_s2;37100;ASH_COATED_OSMIUM;10052;20;10048;13;;;10058;6;10061;18;;;10055.0;0.0
v_recovery_drift_s2;37200;INTARIAN_PEPPER_ROOT;12260;24;12257;29;;;12268;25;12272;29;;;12264.0;0.0
v_recovery_drift_s2;37200;ASH_COATED_OSMIUM;10044;15;10041;23;;;10062;25;10065;26;;;10053.0;0.0
v_recovery_drift_s2;37300;INTARIAN_PEPPER_ROOT;12260;13;12257;14;;;12266;5;12270;16;;;12263.0;0.0
v_recovery_drift_s2;37300;ASH_COATED_OSMIUM;10053;14;10049;23;;;10057;11;10060;17;;;10055.0;0.0
v_recovery_drift_s2;37400;INTARIAN_PEPPER_ROOT;12262;18;12259;29;;;12264;10;12266;24;;;12263.0;0.0
v_recovery_drift_s2;37400;ASH_COATED_OSMIUM;10052;6;10050;16;;;10054;15;10057;15;;;10053.0;0.0
v_recovery_drift_s2;37500;INTARIAN_PEPPER_ROOT;12261;16;12259;25;;;12267;15;12270;21;;;12264.0;0.0
v_recovery_drift_s2;37500;ASH_COATED_OSMIUM;10046;13;10042;16;;;10056;7;10058;12;;;10051.0;0.0
v_recovery_drift_s2;37600;INTARIAN_PEPPER_ROOT;12255;16;12253;12;;;12271;11;12273;20;;;12263.0;0.0
v_recovery_drift_s2;37600;ASH_COATED_OSMIUM;10046;16;10043;20;;;10056;13;10059;20;;;10051.0;0.0
v_recovery_drift_s2;37700;INTARIAN_PEPPER_ROOT;12260;18;12258;20;;;12262;9;12264;22;;;12261.0;0.0
v_recovery_drift_s2;37700;ASH_COATED_OSMIUM;10049;15;10047;12;;;10057;12;10061;25;;;10053.0;0.0
v_recovery_drift_s2;37800;INTARIAN_PEPPER_ROOT;12260;28;12258;15;;;12264;21;12266;18;;;12262.0;0.0
v_recovery_drift_s2;37800;ASH_COATED_OSMIUM;10048;18;10044;14;;;10062;13;10065;18;;;10055.0;0.0
v_recovery_drift_s2;37900;INTARIAN_PEPPER_ROOT;12232;17;12229;21;;;12300;5;12303;22;;;12266.0;0.0
v_recovery_drift_s2;37900;ASH_COATED_OSMIUM;10048;13;10044;25;;;10068;14;10070;26;;;10058.0;0.0
v_recovery_drift_s2;38000;INTARIAN_PEPPER_ROOT;12267;13;12265;23;;;12269;9;12273;20;;;12268.0;0.0
v_recovery_drift_s2;38000;ASH_COATED_OSMIUM;10054;7;10052;17;;;10058;10;10061;21;;;10056.0;0.0
v_recovery_drift_s2;38100;INTARIAN_PEPPER_ROOT;12261;15;12259;19;;;12273;25;12277;26;;;12267.0;0.0
v_recovery_drift_s2;38100;ASH_COATED_OSMIUM;10050;16;10046;13;;;10062;9;10065;27;;;10056.0;0.0
v_recovery_drift_s2;38200;INTARIAN_PEPPER_ROOT;12265;13;12261;15;;;12269;8;12271;25;;;12267.0;0.0
v_recovery_drift_s2;38200;ASH_COATED_OSMIUM;10052;11;10049;15;;;10054;13;10058;20;;;10053.0;0.0
v_recovery_drift_s2;38300;INTARIAN_PEPPER_ROOT;12266;15;12263;26;;;12268;11;12271;12;;;12267.0;0.0
v_recovery_drift_s2;38300;ASH_COATED_OSMIUM;10052;5;10049;11;;;10054;13;10057;22;;;10053.0;0.0
v_recovery_drift_s2;38400;INTARIAN_PEPPER_ROOT;12249;14;12245;24;;;12279;7;12281;27;;;12264.0;0.0
v_recovery_drift_s2;38400;ASH_COATED_OSMIUM;10054;19;10051;20;;;10060;16;10062;16;;;10057.0;0.0
v_recovery_drift_s2;38500;INTARIAN_PEPPER_ROOT;12258;14;12254;19;;;12270;19;12273;10;;;12264.0;0.0
v_recovery_drift_s2;38500;ASH_COATED_OSMIUM;10045;6;10043;28;;;10069;12;10071;18;;;10057.0;0.0
v_recovery_drift_s2;38600;INTARIAN_PEPPER_ROOT;12265;16;12262;23;;;12269;14;12272;10;;;12267.0;0.0
v_recovery_drift_s2;38600;ASH_COATED_OSMIUM;10052;13;10048;20;;;10064;5;10066;20;;;10058.0;0.0
v_recovery_drift_s2;38700;INTARIAN_PEPPER_ROOT;12265;9;12261;20;;;12267;18;12269;11;;;12266.0;0.0
v_recovery_drift_s2;38700;ASH_COATED_OSMIUM;10044;11;10042;13;;;10072;8;10075;28;;;10058.0;0.0
v_recovery_drift_s2;38800;INTARIAN_PEPPER_ROOT;12253;11;12251;8;;;12273;10;12275;20;;;12263.0;0.0
v_recovery_drift_s2;38800;ASH_COATED_OSMIUM;10057;5;10054;15;;;10059;11;10063;27;;;10058.0;0.0
v_recovery_drift_s2;38900;INTARIAN_PEPPER_ROOT;12250;16;12246;20;;;12276;13;12278;25;;;12263.0;0.0
v_recovery_drift_s2;38900;ASH_COATED_OSMIUM;10049;5;10045;20;;;10063;15;10067;17;;;10056.0;0.0
v_recovery_drift_s2;39000;INTARIAN_PEPPER_ROOT;12238;18;12236;20;;;12294;11;12297;13;;;12266.0;0.0
v_recovery_drift_s2;39000;ASH_COATED_OSMIUM;10052;14;10048;26;;;10058;16;10060;14;;;10055.0;0.0
v_recovery_drift_s2;39100;INTARIAN_PEPPER_ROOT;12265;15;12262;9;;;12269;9;12271;20;;;12267.0;0.0
v_recovery_drift_s2;39100;ASH_COATED_OSMIUM;10040;22;10036;20;;;10064;15;10067;11;;;10052.0;0.0
v_recovery_drift_s2;39200;INTARIAN_PEPPER_ROOT;12268;16;12265;23;;;12270;16;12273;18;;;12269.0;0.0
v_recovery_drift_s2;39200;ASH_COATED_OSMIUM;10045;16;10042;25;;;10067;14;10069;25;;;10056.0;0.0
v_recovery_drift_s2;39300;INTARIAN_PEPPER_ROOT;12268;13;12265;21;;;12278;10;12281;12;;;12273.0;0.0
v_recovery_drift_s2;39300;ASH_COATED_OSMIUM;10055;19;10051;24;;;10061;5;10063;14;;;10058.0;0.0
v_recovery_drift_s2;39400;INTARIAN_PEPPER_ROOT;12268;11;12265;20;;;12282;12;12284;14;;;12275.0;0.0
v_recovery_drift_s2;39400;ASH_COATED_OSMIUM;10048;12;10045;23;;;10072;7;10074;20;;;10060.0;0.0
v_recovery_drift_s2;39500;INTARIAN_PEPPER_ROOT;12259;20;12256;22;;;12293;10;12297;28;;;12276.0;0.0
v_recovery_drift_s2;39500;ASH_COATED_OSMIUM;10060;13;10058;24;;;10070;15;10074;28;;;10065.0;0.0
v_recovery_drift_s2;39600;INTARIAN_PEPPER_ROOT;12266;11;12263;24;;;12284;15;12286;18;;;12275.0;0.0
v_recovery_drift_s2;39600;ASH_COATED_OSMIUM;10060;15;10058;18;;;10068;11;10070;10;;;10064.0;0.0
v_recovery_drift_s2;39700;INTARIAN_PEPPER_ROOT;12274;12;12270;20;;;12276;20;12278;20;;;12275.0;0.0
v_recovery_drift_s2;39700;ASH_COATED_OSMIUM;10061;22;10058;21;;;10067;6;10071;18;;;10064.0;0.0
v_recovery_drift_s2;39800;INTARIAN_PEPPER_ROOT;12273;7;12269;16;;;12275;11;12277;24;;;12274.0;0.0
v_recovery_drift_s2;39800;ASH_COATED_OSMIUM;10045;13;10042;30;;;10083;14;10087;17;;;10064.0;0.0
v_recovery_drift_s2;39900;INTARIAN_PEPPER_ROOT;12274;17;12272;16;;;12276;16;12280;11;;;12275.0;0.0
v_recovery_drift_s2;39900;ASH_COATED_OSMIUM;10051;8;10047;17;;;10075;11;10078;18;;;10063.0;0.0
v_recovery_drift_s2;40000;INTARIAN_PEPPER_ROOT;12272;16;12268;27;;;12274;16;12276;15;;;12273.0;0.0
v_recovery_drift_s2;40000;ASH_COATED_OSMIUM;10057;12;10053;23;;;10071;16;10073;23;;;10064.0;0.0
v_recovery_drift_s2;40100;INTARIAN_PEPPER_ROOT;12272;12;12268;19;;;12278;17;12281;11;;;12275.0;0.0
v_recovery_drift_s2;40100;ASH_COATED_OSMIUM;10061;13;10057;18;;;10071;15;10074;16;;;10066.0;0.0
v_recovery_drift_s2;40200;INTARIAN_PEPPER_ROOT;12260;13;12257;21;;;12290;16;12292;14;;;12275.0;0.0
v_recovery_drift_s2;40200;ASH_COATED_OSMIUM;10066;13;10064;19;;;10072;17;10074;18;;;10069.0;0.0
v_recovery_drift_s2;40300;INTARIAN_PEPPER_ROOT;12261;13;12258;15;;;12285;5;12288;25;;;12273.0;0.0
v_recovery_drift_s2;40300;ASH_COATED_OSMIUM;10060;5;10058;18;;;10072;9;10074;12;;;10066.0;0.0
v_recovery_drift_s2;40400;INTARIAN_PEPPER_ROOT;12273;13;12270;15;;;12275;17;12277;23;;;12274.0;0.0
v_recovery_drift_s2;40400;ASH_COATED_OSMIUM;10054;15;10051;16;;;10070;12;10072;21;;;10062.0;0.0
v_recovery_drift_s2;40500;INTARIAN_PEPPER_ROOT;12255;12;12251;23;;;12283;16;12286;19;;;12269.0;0.0
v_recovery_drift_s2;40500;ASH_COATED_OSMIUM;10053;13;10050;15;;;10065;16;10069;18;;;10059.0;0.0
v_recovery_drift_s2;40600;INTARIAN_PEPPER_ROOT;12266;10;12262;18;;;12268;9;12270;8;;;12267.0;0.0
v_recovery_drift_s2;40600;ASH_COATED_OSMIUM;10056;5;10052;19;;;10060;18;10062;8;;;10058.0;0.0
v_recovery_drift_s2;40700;INTARIAN_PEPPER_ROOT;12248;7;12246;12;;;12284;8;12287;18;;;12266.0;0.0
v_recovery_drift_s2;40700;ASH_COATED_OSMIUM;10056;11;10052;20;;;10062;15;10064;23;;;10059.0;0.0
v_recovery_drift_s2;40800;INTARIAN_PEPPER_ROOT;12247;19;12245;19;;;12287;5;12289;16;;;12267.0;0.0
v_recovery_drift_s2;40800;ASH_COATED_OSMIUM;10040;13;10038;21;;;10074;6;10076;19;;;10057.0;0.0
v_recovery_drift_s2;40900;INTARIAN_PEPPER_ROOT;12256;11;12254;18;;;12274;10;12276;8;;;12265.0;0.0
v_recovery_drift_s2;40900;ASH_COATED_OSMIUM;10057;11;10054;17;;;10061;13;10064;18;;;10059.0;0.0
v_recovery_drift_s2;41000;INTARIAN_PEPPER_ROOT;12266;12;12264;28;;;12268;17;12271;17;;;12267.0;0.0
v_recovery_drift_s2;41000;ASH_COATED_OSMIUM;10060;6;10058;28;;;10062;12;10064;16;;;10061.0;0.0
v_recovery_drift_s2;41100;INTARIAN_PEPPER_ROOT;12261;14;12258;22;;;12271;14;12275;29;;;12266.0;0.0
v_recovery_drift_s2;41100;ASH_COATED_OSMIUM;10047;20;10045;18;;;10071;18;10073;22;;;10059.0;0.0
v_recovery_drift_s2;41200;INTARIAN_PEPPER_ROOT;12262;11;12259;21;;;12272;19;12276;20;;;12267.0;0.0
v_recovery_drift_s2;41200;ASH_COATED_OSMIUM;10046;17;10042;18;;;10070;12;10073;17;;;10058.0;0.0
v_recovery_drift_s2;41300;INTARIAN_PEPPER_ROOT;12259;10;12255;13;;;12269;13;12273;19;;;12264.0;0.0
v_recovery_drift_s2;41300;ASH_COATED_OSMIUM;10058;11;10056;26;;;10060;12;10062;23;;;10059.0;0.0
v_recovery_drift_s2;41400;INTARIAN_PEPPER_ROOT;12261;20;12259;20;;;12271;11;12275;22;;;12266.0;0.0
v_recovery_drift_s2;41400;ASH_COATED_OSMIUM;10056;11;10052;19;;;10058;15;10060;18;;;10057.0;0.0
v_recovery_drift_s2;41500;INTARIAN_PEPPER_ROOT;12260;19;12258;25;;;12270;15;12273;17;;;12265.0;0.0
v_recovery_drift_s2;41500;ASH_COATED_OSMIUM;10053;7;10051;26;;;10061;10;10065;19;;;10057.0;0.0
v_recovery_drift_s2;41600;INTARIAN_PEPPER_ROOT;12258;13;12255;19;;;12274;17;12276;24;;;12266.0;0.0
v_recovery_drift_s2;41600;ASH_COATED_OSMIUM;10045;5;10043;24;;;10067;8;10070;18;;;10056.0;0.0
v_recovery_drift_s2;41700;INTARIAN_PEPPER_ROOT;12260;9;12258;17;;;12266;22;12269;21;;;12263.0;0.0
v_recovery_drift_s2;41700;ASH_COATED_OSMIUM;10042;14;10038;10;;;10068;12;10072;28;;;10055.0;0.0
v_recovery_drift_s2;41800;INTARIAN_PEPPER_ROOT;12253;8;12250;20;;;12267;15;12271;23;;;12260.0;0.0
v_recovery_drift_s2;41800;ASH_COATED_OSMIUM;10047;8;10045;24;;;10065;9;10068;26;;;10056.0;0.0
v_recovery_drift_s2;41900;INTARIAN_PEPPER_ROOT;12259;18;12256;18;;;12261;25;12265;30;;;12260.0;0.0
v_recovery_drift_s2;41900;ASH_COATED_OSMIUM;10046;7;10042;14;;;10072;9;10075;17;;;10059.0;0.0
v_recovery_drift_s2;42000;INTARIAN_PEPPER_ROOT;12257;6;12255;25;;;12265;11;12268;22;;;12261.0;0.0
v_recovery_drift_s2;42000;ASH_COATED_OSMIUM;10056;15;10052;13;;;10062;17;10066;20;;;10059.0;0.0
v_recovery_drift_s2;42100;INTARIAN_PEPPER_ROOT;12242;20;12239;22;;;12276;13;12278;17;;;12259.0;0.0
v_recovery_drift_s2;42100;ASH_COATED_OSMIUM;10009;12;10005;10;;;10107;8;10111;15;;;10058.0;0.0
v_recovery_drift_s2;42200;INTARIAN_PEPPER_ROOT;12242;17;12240;11;;;12268;15;12270;21;;;12255.0;0.0
v_recovery_drift_s2;42200;ASH_COATED_OSMIUM;10055;15;10053;22;;;10063;10;10067;16;;;10059.0;0.0
v_recovery_drift_s2;42300;INTARIAN_PEPPER_ROOT;12252;7;12250;27;;;12256;8;12258;23;;;12254.0;0.0
v_recovery_drift_s2;42300;ASH_COATED_OSMIUM;10054;14;10051;18;;;10064;7;10068;13;;;10059.0;0.0
v_recovery_drift_s2;42400;INTARIAN_PEPPER_ROOT;12236;21;12234;17;;;12274;7;12277;16;;;12255.0;0.0
v_recovery_drift_s2;42400;ASH_COATED_OSMIUM;10057;9;10055;15;;;10061;6;10064;23;;;10059.0;0.0
v_recovery_drift_s2;42500;INTARIAN_PEPPER_ROOT;12251;13;12249;10;;;12253;14;12257;25;;;12252.0;0.0
v_recovery_drift_s2;42500;ASH_COATED_OSMIUM;10040;19;10036;18;;;10076;9;10080;17;;;10058.0;0.0
v_recovery_drift_s2;42600;INTARIAN_PEPPER_ROOT;12232;16;12229;17;;;12268;19;12270;17;;;12250.0;0.0
v_recovery_drift_s2;42600;ASH_COATED_OSMIUM;10054;20;10052;19;;;10056;13;10060;31;;;10055.0;0.0
v_recovery_drift_s2;42700;INTARIAN_PEPPER_ROOT;12249;18;12247;22;;;12251;17;12255;24;;;12250.0;0.0
v_recovery_drift_s2;42700;ASH_COATED_OSMIUM;10054;14;10050;15;;;10060;18;10063;19;;;10057.0;0.0
v_recovery_drift_s2;42800;INTARIAN_PEPPER_ROOT;12247;18;12244;27;;;12249;10;12251;13;;;12248.0;0.0
v_recovery_drift_s2;42800;ASH_COATED_OSMIUM;10047;19;10045;14;;;10067;18;10070;13;;;10057.0;0.0
v_recovery_drift_s2;42900;INTARIAN_PEPPER_ROOT;12243;8;12241;25;;;12255;12;12258;19;;;12249.0;0.0
v_recovery_drift_s2;42900;ASH_COATED_OSMIUM;10056;10;10052;8;;;10062;15;10066;14;;;10059.0;0.0
v_recovery_drift_s2;43000;INTARIAN_PEPPER_ROOT;12240;11;12236;24;;;12262;10;12265;16;;;12251.0;0.0
v_recovery_drift_s2;43000;ASH_COATED_OSMIUM;10054;11;10052;15;;;10060;14;10063;21;;;10057.0;0.0
v_recovery_drift_s2;43100;INTARIAN_PEPPER_ROOT;12228;18;12226;18;;;12272;14;12274;24;;;12250.0;0.0
v_recovery_drift_s2;43100;ASH_COATED_OSMIUM;10050;15;10048;24;;;10054;11;10057;13;;;10052.0;0.0
v_recovery_drift_s2;43200;INTARIAN_PEPPER_ROOT;12247;11;12244;21;;;12253;17;12256;13;;;12250.0;0.0
v_recovery_drift_s2;43200;ASH_COATED_OSMIUM;10045;22;10041;21;;;10053;6;10056;18;;;10049.0;0.0
v_recovery_drift_s2;43300;INTARIAN_PEPPER_ROOT;12242;23;12239;23;;;12258;12;12262;12;;;12250.0;0.0
v_recovery_drift_s2;43300;ASH_COATED_OSMIUM;10046;23;10042;21;;;10056;20;10059;13;;;10051.0;0.0
v_recovery_drift_s2;43400;INTARIAN_PEPPER_ROOT;12249;20;12247;23;;;12251;8;12254;14;;;12250.0;0.0
v_recovery_drift_s2;43400;ASH_COATED_OSMIUM;10039;9;10037;21;;;10071;6;10073;23;;;10055.0;0.0
v_recovery_drift_s2;43500;INTARIAN_PEPPER_ROOT;12240;10;12236;17;;;12254;9;12256;15;;;12247.0;0.0
v_recovery_drift_s2;43500;ASH_COATED_OSMIUM;10052;11;10049;17;;;10054;6;10056;18;;;10053.0;0.0
v_recovery_drift_s2;43600;INTARIAN_PEPPER_ROOT;12241;15;12239;22;;;12247;6;12251;21;;;12244.0;0.0
v_recovery_drift_s2;43600;ASH_COATED_OSMIUM;10052;20;10048;15;;;10058;9;10062;15;;;10055.0;0.0
v_recovery_drift_s2;43700;INTARIAN_PEPPER_ROOT;12222;13;12220;23;;;12262;17;12264;19;;;12242.0;0.0
v_recovery_drift_s2;43700;ASH_COATED_OSMIUM;10045;9;10043;20;;;10069;10;10071;12;;;10057.0;0.0
v_recovery_drift_s2;43800;INTARIAN_PEPPER_ROOT;12238;17;12235;24;;;12252;10;12256;24;;;12245.0;0.0
v_recovery_drift_s2;43800;ASH_COATED_OSMIUM;10054;19;10050;16;;;10056;12;10060;21;;;10055.0;0.0
v_recovery_drift_s2;43900;INTARIAN_PEPPER_ROOT;12243;9;12241;14;;;12245;13;12247;18;;;12244.0;0.0
v_recovery_drift_s2;43900;ASH_COATED_OSMIUM;10046;23;10042;23;;;10064;16;10066;17;;;10055.0;0.0
v_recovery_drift_s2;44000;INTARIAN_PEPPER_ROOT;12240;8;12237;28;;;12250;5;12253;14;;;12245.0;0.0
v_recovery_drift_s2;44000;ASH_COATED_OSMIUM;10042;5;10040;17;;;10070;20;10073;20;;;10056.0;0.0
v_recovery_drift_s2;44100;INTARIAN_PEPPER_ROOT;12231;22;12227;18;;;12259;18;12261;27;;;12245.0;0.0
v_recovery_drift_s2;44100;ASH_COATED_OSMIUM;10055;9;10051;12;;;10057;10;10059;31;;;10056.0;0.0
v_recovery_drift_s2;44200;INTARIAN_PEPPER_ROOT;12239;22;12235;25;;;12247;12;12251;25;;;12243.0;0.0
v_recovery_drift_s2;44200;ASH_COATED_OSMIUM;10056;13;10054;17;;;10060;14;10063;12;;;10058.0;0.0
v_recovery_drift_s2;44300;INTARIAN_PEPPER_ROOT;12238;19;12235;26;;;12250;10;12254;21;;;12244.0;0.0
v_recovery_drift_s2;44300;ASH_COATED_OSMIUM;10057;5;10055;8;;;10059;12;10063;27;;;10058.0;0.0
v_recovery_drift_s2;44400;INTARIAN_PEPPER_ROOT;12241;19;12239;25;;;12243;16;12245;14;;;12242.0;0.0
v_recovery_drift_s2;44400;ASH_COATED_OSMIUM;10055;17;10053;15;;;10057;9;10059;16;;;10056.0;0.0
v_recovery_drift_s2;44500;INTARIAN_PEPPER_ROOT;12227;20;12224;15;;;12249;14;12251;28;;;12238.0;0.0
v_recovery_drift_s2;44500;ASH_COATED_OSMIUM;10055;16;10053;26;;;10057;17;10061;20;;;10056.0;0.0
v_recovery_drift_s2;44600;INTARIAN_PEPPER_ROOT;12227;17;12224;20;;;12245;16;12247;14;;;12236.0;0.0
v_recovery_drift_s2;44600;ASH_COATED_OSMIUM;10050;14;10046;17;;;10070;7;10073;21;;;10060.0;0.0
v_recovery_drift_s2;44700;INTARIAN_PEPPER_ROOT;12232;27;12228;17;;;12234;9;12237;15;;;12233.0;0.0
v_recovery_drift_s2;44700;ASH_COATED_OSMIUM;10054;10;10050;25;;;10064;9;10068;13;;;10059.0;0.0
v_recovery_drift_s2;44800;INTARIAN_PEPPER_ROOT;12224;8;12222;19;;;12240;8;12244;14;;;12232.0;0.0
v_recovery_drift_s2;44800;ASH_COATED_OSMIUM;10055;8;10052;23;;;10061;19;10063;23;;;10058.0;0.0
v_recovery_drift_s2;44900;INTARIAN_PEPPER_ROOT;12232;17;12229;23;;;12234;15;12238;9;;;12233.0;0.0
v_recovery_drift_s2;44900;ASH_COATED_OSMIUM;10055;9;10052;22;;;10057;13;10059;27;;;10056.0;0.0
v_recovery_drift_s2;45000;INTARIAN_PEPPER_ROOT;12235;18;12232;16;;;12239;5;12241;24;;;12237.0;0.0
v_recovery_drift_s2;45000;ASH_COATED_OSMIUM;10049;22;10047;12;;;10067;14;10071;11;;;10058.0;0.0
v_recovery_drift_s2;45100;INTARIAN_PEPPER_ROOT;12232;17;12229;17;;;12238;22;12241;10;;;12235.0;0.0
v_recovery_drift_s2;45100;ASH_COATED_OSMIUM;10047;20;10045;23;;;10065;8;10069;9;;;10056.0;0.0
v_recovery_drift_s2;45200;INTARIAN_PEPPER_ROOT;12232;21;12228;13;;;12236;18;12239;24;;;12234.0;0.0
v_recovery_drift_s2;45200;ASH_COATED_OSMIUM;9991;18;9988;13;;;10119;11;10123;18;;;10055.0;0.0
v_recovery_drift_s2;45300;INTARIAN_PEPPER_ROOT;12226;23;12224;23;;;12240;22;12244;28;;;12233.0;0.0
v_recovery_drift_s2;45300;ASH_COATED_OSMIUM;10041;17;10039;15;;;10069;20;10073;10;;;10055.0;0.0
v_recovery_drift_s2;45400;INTARIAN_PEPPER_ROOT;12224;10;12222;18;;;12244;12;12247;18;;;12234.0;0.0
v_recovery_drift_s2;45400;ASH_COATED_OSMIUM;10048;9;10046;9;;;10060;12;10064;25;;;10054.0;0.0
v_recovery_drift_s2;45500;INTARIAN_PEPPER_ROOT;12209;12;12206;20;;;12255;17;12258;10;;;12232.0;0.0
v_recovery_drift_s2;45500;ASH_COATED_OSMIUM;10044;8;10040;14;;;10070;5;10073;17;;;10057.0;0.0
v_recovery_drift_s2;45600;INTARIAN_PEPPER_ROOT;12226;23;12224;23;;;12234;8;12238;17;;;12230.0;0.0
v_recovery_drift_s2;45600;ASH_COATED_OSMIUM;10057;17;10055;20;;;10061;26;10064;26;;;10059.0;0.0
v_recovery_drift_s2;45700;INTARIAN_PEPPER_ROOT;12223;10;12221;20;;;12233;11;12236;17;;;12228.0;0.0
v_recovery_drift_s2;45700;ASH_COATED_OSMIUM;10057;22;10054;21;;;10063;13;10066;12;;;10060.0;0.0
v_recovery_drift_s2;45800;INTARIAN_PEPPER_ROOT;12224;5;12220;13;;;12230;14;12232;17;;;12227.0;0.0
v_recovery_drift_s2;45800;ASH_COATED_OSMIUM;10055;8;10053;23;;;10067;13;10070;18;;;10061.0;0.0
v_recovery_drift_s2;45900;INTARIAN_PEPPER_ROOT;12216;24;12214;10;;;12232;12;12234;34;;;12224.0;0.0
v_recovery_drift_s2;45900;ASH_COATED_OSMIUM;10055;14;10053;35;;;10067;12;10071;9;;;10061.0;0.0
v_recovery_drift_s2;46000;INTARIAN_PEPPER_ROOT;12211;19;12208;12;;;12231;20;12233;16;;;12221.0;0.0
v_recovery_drift_s2;46000;ASH_COATED_OSMIUM;10052;14;10049;18;;;10072;6;10076;11;;;10062.0;0.0
v_recovery_drift_s2;46100;INTARIAN_PEPPER_ROOT;12218;6;12216;24;;;12220;21;12223;23;;;12219.0;0.0
v_recovery_drift_s2;46100;ASH_COATED_OSMIUM;10056;16;10052;29;;;10072;11;10076;27;;;10064.0;0.0
v_recovery_drift_s2;46200;INTARIAN_PEPPER_ROOT;12219;16;12216;23;;;12221;7;12224;8;;;12220.0;0.0
v_recovery_drift_s2;46200;ASH_COATED_OSMIUM;10057;17;10054;17;;;10073;10;10075;10;;;10065.0;0.0
v_recovery_drift_s2;46300;INTARIAN_PEPPER_ROOT;12205;15;12203;17;;;12229;20;12233;24;;;12217.0;0.0
v_recovery_drift_s2;46300;ASH_COATED_OSMIUM;10064;18;10060;20;;;10066;18;10070;20;;;10065.0;0.0
v_recovery_drift_s2;46400;INTARIAN_PEPPER_ROOT;12206;11;12203;22;;;12236;8;12240;24;;;12221.0;0.0
v_recovery_drift_s2;46400;ASH_COATED_OSMIUM;10034;14;10032;23;;;10090;19;10093;19;;;10062.0;0.0
v_recovery_drift_s2;46500;INTARIAN_PEPPER_ROOT;12202;16;12198;17;;;12234;13;12238;10;;;12218.0;0.0
v_recovery_drift_s2;46500;ASH_COATED_OSMIUM;10063;17;10059;19;;;10065;5;10067;16;;;10064.0;0.0
v_recovery_drift_s2;46600;INTARIAN_PEPPER_ROOT;12214;22;12212;20;;;12216;21;12218;21;;;12215.0;0.0
v_recovery_drift_s2;46600;ASH_COATED_OSMIUM;10049;13;10047;19;;;10077;19;10080;20;;;10063.0;0.0
v_recovery_drift_s2;46700;INTARIAN_PEPPER_ROOT;12212;24;12210;12;;;12214;12;12218;23;;;12213.0;0.0
v_recovery_drift_s2;46700;ASH_COATED_OSMIUM;10051;5;10049;21;;;10075;7;10078;17;;;10063.0;0.0
v_recovery_drift_s2;46800;INTARIAN_PEPPER_ROOT;12204;15;12200;20;;;12222;12;12224;22;;;12213.0;0.0
v_recovery_drift_s2;46800;ASH_COATED_OSMIUM;10065;12;10063;23;;;10069;9;10071;17;;;10067.0;0.0
v_recovery_drift_s2;46900;INTARIAN_PEPPER_ROOT;12210;18;12207;26;;;12220;17;12224;15;;;12215.0;0.0
v_recovery_drift_s2;46900;ASH_COATED_OSMIUM;10059;5;10055;16;;;10075;12;10077;22;;;10067.0;0.0
v_recovery_drift_s2;47000;INTARIAN_PEPPER_ROOT;12211;20;12209;25;;;12213;23;12217;17;;;12212.0;0.0
v_recovery_drift_s2;47000;ASH_COATED_OSMIUM;10045;15;10041;17;;;10091;8;10095;27;;;10068.0;0.0
v_recovery_drift_s2;47100;INTARIAN_PEPPER_ROOT;12210;13;12208;17;;;12214;11;12217;13;;;12212.0;0.0
v_recovery_drift_s2;47100;ASH_COATED_OSMIUM;10069;12;10065;21;;;10075;12;10077;13;;;10072.0;0.0
v_recovery_drift_s2;47200;INTARIAN_PEPPER_ROOT;12211;20;12207;11;;;12213;21;12217;15;;;12212.0;0.0
v_recovery_drift_s2;47200;ASH_COATED_OSMIUM;10070;12;10068;22;;;10076;12;10078;24;;;10073.0;0.0
v_recovery_drift_s2;47300;INTARIAN_PEPPER_ROOT;12209;14;12206;29;;;12211;7;12215;29;;;12210.0;0.0
v_recovery_drift_s2;47300;ASH_COATED_OSMIUM;10068;7;10066;21;;;10082;9;10084;29;;;10075.0;0.0
v_recovery_drift_s2;47400;INTARIAN_PEPPER_ROOT;12208;10;12204;24;;;12212;12;12214;27;;;12210.0;0.0
v_recovery_drift_s2;47400;ASH_COATED_OSMIUM;10061;18;10059;15;;;10087;15;10091;19;;;10074.0;0.0
v_recovery_drift_s2;47500;INTARIAN_PEPPER_ROOT;12186;9;12182;17;;;12236;8;12239;15;;;12211.0;0.0
v_recovery_drift_s2;47500;ASH_COATED_OSMIUM;10065;16;10061;11;;;10085;17;10089;20;;;10075.0;0.0
v_recovery_drift_s2;47600;INTARIAN_PEPPER_ROOT;12195;19;12191;18;;;12219;15;12221;20;;;12207.0;0.0
v_recovery_drift_s2;47600;ASH_COATED_OSMIUM;10074;20;10072;14;;;10076;5;10080;26;;;10075.0;0.0
v_recovery_drift_s2;47700;INTARIAN_PEPPER_ROOT;12201;20;12199;22;;;12203;11;12207;28;;;12202.0;0.0
v_recovery_drift_s2;47700;ASH_COATED_OSMIUM;10064;12;10062;24;;;10084;25;10087;26;;;10074.0;0.0
v_recovery_drift_s2;47800;INTARIAN_PEPPER_ROOT;12191;17;12187;22;;;12211;8;12214;17;;;12201.0;0.0
v_recovery_drift_s2;47800;ASH_COATED_OSMIUM;10071;12;10067;24;;;10075;15;10078;24;;;10073.0;0.0
v_recovery_drift_s2;47900;INTARIAN_PEPPER_ROOT;12192;11;12188;22;;;12210;20;12213;17;;;12201.0;0.0
v_recovery_drift_s2;47900;ASH_COATED_OSMIUM;10071;13;10069;17;;;10075;15;10077;29;;;10073.0;0.0
v_recovery_drift_s2;48000;INTARIAN_PEPPER_ROOT;12200;12;12196;20;;;12202;13;12205;21;;;12201.0;0.0
v_recovery_drift_s2;48000;ASH_COATED_OSMIUM;10069;22;10066;30;;;10071;5;10074;23;;;10070.0;0.0
v_recovery_drift_s2;48100;INTARIAN_PEPPER_ROOT;12190;16;12187;20;;;12204;9;12206;35;;;12197.0;0.0
v_recovery_drift_s2;48100;ASH_COATED_OSMIUM;10067;11;10065;17;;;10073;12;10075;23;;;10070.0;0.0
v_recovery_drift_s2;48200;INTARIAN_PEPPER_ROOT;12183;17;12179;19;;;12207;10;12211;24;;;12195.0;0.0
v_recovery_drift_s2;48200;ASH_COATED_OSMIUM;10068;11;10066;22;;;10070;13;10072;17;;;10069.0;0.0
v_recovery_drift_s2;48300;INTARIAN_PEPPER_ROOT;12196;17;12193;17;;;12198;18;12200;19;;;12197.0;0.0
v_recovery_drift_s2;48300;ASH_COATED_OSMIUM;10067;18;10064;21;;;10069;17;10072;24;;;10068.0;0.0
v_recovery_drift_s2;48400;INTARIAN_PEPPER_ROOT;12193;17;12191;17;;;12195;16;12197;20;;;12194.0;0.0
v_recovery_drift_s2;48400;ASH_COATED_OSMIUM;10065;11;10061;24;;;10067;10;10071;22;;;10066.0;0.0
v_recovery_drift_s2;48500;INTARIAN_PEPPER_ROOT;12183;9;12181;21;;;12207;12;12211;12;;;12195.0;0.0
v_recovery_drift_s2;48500;ASH_COATED_OSMIUM;10062;12;10060;30;;;10066;5;10069;22;;;10064.0;0.0
v_recovery_drift_s2;48600;INTARIAN_PEPPER_ROOT;12192;7;12188;14;;;12194;20;12197;27;;;12193.0;0.0
v_recovery_drift_s2;48600;ASH_COATED_OSMIUM;10050;7;10047;17;;;10080;9;10083;24;;;10065.0;0.0
v_recovery_drift_s2;48700;INTARIAN_PEPPER_ROOT;12185;14;12183;18;;;12197;14;12200;26;;;12191.0;0.0
v_recovery_drift_s2;48700;ASH_COATED_OSMIUM;10065;16;10061;12;;;10073;15;10077;30;;;10069.0;0.0
v_recovery_drift_s2;48800;INTARIAN_PEPPER_ROOT;12165;7;12161;29;;;12209;9;12212;8;;;12187.0;0.0
v_recovery_drift_s2;48800;ASH_COATED_OSMIUM;10070;20;10066;17;;;10072;7;10075;31;;;10071.0;0.0
v_recovery_drift_s2;48900;INTARIAN_PEPPER_ROOT;12182;11;12180;18;;;12196;17;12200;22;;;12189.0;0.0
v_recovery_drift_s2;48900;ASH_COATED_OSMIUM;10069;5;10065;19;;;10071;15;10074;17;;;10070.0;0.0
v_recovery_drift_s2;49000;INTARIAN_PEPPER_ROOT;12178;18;12174;14;;;12190;11;12193;18;;;12184.0;0.0
v_recovery_drift_s2;49000;ASH_COATED_OSMIUM;10067;23;10063;23;;;10071;23;10075;21;;;10069.0;0.0
v_recovery_drift_s2;49100;INTARIAN_PEPPER_ROOT;12180;19;12176;30;;;12184;14;12186;21;;;12182.0;0.0
v_recovery_drift_s2;49100;ASH_COATED_OSMIUM;10064;9;10061;10;;;10066;9;10070;16;;;10065.0;0.0
v_recovery_drift_s2;49200;INTARIAN_PEPPER_ROOT;12164;22;12162;16;;;12194;9;12198;27;;;12179.0;0.0
v_recovery_drift_s2;49200;ASH_COATED_OSMIUM;10061;5;10057;18;;;10063;8;10066;22;;;10062.0;0.0
v_recovery_drift_s2;49300;INTARIAN_PEPPER_ROOT;12175;22;12173;20;;;12187;13;12190;23;;;12181.0;0.0
v_recovery_drift_s2;49300;ASH_COATED_OSMIUM;10062;16;10059;16;;;10064;11;10068;16;;;10063.0;0.0
v_recovery_drift_s2;49400;INTARIAN_PEPPER_ROOT;12174;18;12170;18;;;12188;5;12190;16;;;12181.0;0.0
v_recovery_drift_s2;49400;ASH_COATED_OSMIUM;10055;19;10052;12;;;10075;10;10078;24;;;10065.0;0.0
v_recovery_drift_s2;49500;INTARIAN_PEPPER_ROOT;12172;13;12170;21;;;12192;15;12196;20;;;12182.0;0.0
v_recovery_drift_s2;49500;ASH_COATED_OSMIUM;10063;11;10059;17;;;10067;14;10071;16;;;10065.0;0.0
v_recovery_drift_s2;49600;INTARIAN_PEPPER_ROOT;12180;18;12178;25;;;12182;9;12185;8;;;12181.0;0.0
v_recovery_drift_s2;49600;ASH_COATED_OSMIUM;10059;10;10057;15;;;10069;18;10071;16;;;10064.0;0.0
v_recovery_drift_s2;49700;INTARIAN_PEPPER_ROOT;12180;10;12177;15;;;12182;14;12185;16;;;12181.0;0.0
v_recovery_drift_s2;49700;ASH_COATED_OSMIUM;10055;24;10052;29;;;10073;23;10076;29;;;10064.0;0.0
v_recovery_drift_s2;49800;INTARIAN_PEPPER_ROOT;12167;12;12165;11;;;12195;19;12199;20;;;12181.0;0.0
v_recovery_drift_s2;49800;ASH_COATED_OSMIUM;10062;23;10058;23;;;10068;13;10072;13;;;10065.0;0.0
v_recovery_drift_s2;49900;INTARIAN_PEPPER_ROOT;12179;9;12175;21;;;12189;14;12191;23;;;12184.0;0.0
v_recovery_drift_s2;49900;ASH_COATED_OSMIUM;10053;22;10050;25;;;10077;11;10081;21;;;10065.0;0.0
v_recovery_drift_s2;50000;INTARIAN_PEPPER_ROOT;12182;7;12180;22;;;12186;16;12188;17;;;12184.0;0.0
v_recovery_drift_s2;50000;ASH_COATED_OSMIUM;10060;16;10058;27;;;10066;13;10068;10;;;10063.0;0.0
v_recovery_drift_s2;50100;INTARIAN_PEPPER_ROOT;12176;27;12174;11;;;12186;12;12189;18;;;12181.0;0.0
v_recovery_drift_s2;50100;ASH_COATED_OSMIUM;10055;12;10051;27;;;10073;16;10077;21;;;10064.0;0.0
v_recovery_drift_s2;50200;INTARIAN_PEPPER_ROOT;12181;7;12178;16;;;12183;10;12185;22;;;12182.0;0.0
v_recovery_drift_s2;50200;ASH_COATED_OSMIUM;10060;12;10057;11;;;10066;15;10069;21;;;10063.0;0.0
v_recovery_drift_s2;50300;INTARIAN_PEPPER_ROOT;12180;17;12177;23;;;12182;13;12186;9;;;12181.0;0.0
v_recovery_drift_s2;50300;ASH_COATED_OSMIUM;10062;14;10058;17;;;10064;15;10066;18;;;10063.0;0.0
v_recovery_drift_s2;50400;INTARIAN_PEPPER_ROOT;12155;17;12151;19;;;12203;13;12206;29;;;12179.0;0.0
v_recovery_drift_s2;50400;ASH_COATED_OSMIUM;10057;5;10055;25;;;10073;18;10076;18;;;10065.0;0.0
v_recovery_drift_s2;50500;INTARIAN_PEPPER_ROOT;12170;17;12166;25;;;12186;14;12189;20;;;12178.0;0.0
v_recovery_drift_s2;50500;ASH_COATED_OSMIUM;10018;18;10014;18;;;10118;9;10120;19;;;10068.0;0.0
v_recovery_drift_s2;50600;INTARIAN_PEPPER_ROOT;12171;15;12167;23;;;12181;17;12184;22;;;12176.0;0.0
v_recovery_drift_s2;50600;ASH_COATED_OSMIUM;10054;11;10051;20;;;10080;11;10083;17;;;10067.0;0.0
v_recovery_drift_s2;50700;INTARIAN_PEPPER_ROOT;12173;16;12169;17;;;12185;11;12188;26;;;12179.0;0.0
v_recovery_drift_s2;50700;ASH_COATED_OSMIUM;10060;5;10058;23;;;10076;13;10080;15;;;10068.0;0.0
v_recovery_drift_s2;50800;INTARIAN_PEPPER_ROOT;12176;12;12173;19;;;12178;16;12182;16;;;12177.0;0.0
v_recovery_drift_s2;50800;ASH_COATED_OSMIUM;10062;16;10060;17;;;10070;11;10074;18;;;10066.0;0.0
v_recovery_drift_s2;50900;INTARIAN_PEPPER_ROOT;12172;11;12169;18;;;12174;26;12176;30;;;12173.0;0.0
v_recovery_drift_s2;50900;ASH_COATED_OSMIUM;10064;18;10061;16;;;10066;14;10070;9;;;10065.0;0.0
v_recovery_drift_s2;51000;INTARIAN_PEPPER_ROOT;12169;12;12165;17;;;12177;17;12179;24;;;12173.0;0.0
v_recovery_drift_s2;51000;ASH_COATED_OSMIUM;10064;18;10060;11;;;10066;14;10069;22;;;10065.0;0.0
v_recovery_drift_s2;51100;INTARIAN_PEPPER_ROOT;12156;20;12154;27;;;12186;25;12188;21;;;12171.0;0.0
v_recovery_drift_s2;51100;ASH_COATED_OSMIUM;10064;13;10062;10;;;10068;17;10070;15;;;10066.0;0.0
v_recovery_drift_s2;51200;INTARIAN_PEPPER_ROOT;12171;12;12167;20;;;12175;14;12179;18;;;12173.0;0.0
v_recovery_drift_s2;51200;ASH_COATED_OSMIUM;10061;20;10057;12;;;10063;19;10065;15;;;10062.0;0.0
v_recovery_drift_s2;51300;INTARIAN_PEPPER_ROOT;12171;18;12167;22;;;12173;17;12175;21;;;12172.0;0.0
v_recovery_drift_s2;51300;ASH_COATED_OSMIUM;10063;9;10059;15;;;10065;5;10069;21;;;10064.0;0.0
v_recovery_drift_s2;51400;INTARIAN_PEPPER_ROOT;12166;15;12164;17;;;12168;18;12172;19;;;12167.0;0.0
v_recovery_drift_s2;51400;ASH_COATED_OSMIUM;10067;14;10064;16;;;10069;22;10073;12;;;10068.0;0.0
v_recovery_drift_s2;51500;INTARIAN_PEPPER_ROOT;12166;10;12162;15;;;12168;18;12171;19;;;12167.0;0.0
v_recovery_drift_s2;51500;ASH_COATED_OSMIUM;10067;10;10065;18;;;10071;12;10075;9;;;10069.0;0.0
v_recovery_drift_s2;51600;INTARIAN_PEPPER_ROOT;12161;18;12157;23;;;12165;12;12167;14;;;12163.0;0.0
v_recovery_drift_s2;51600;ASH_COATED_OSMIUM;10064;18;10062;24;;;10078;9;10080;15;;;10071.0;0.0
v_recovery_drift_s2;51700;INTARIAN_PEPPER_ROOT;12161;13;12157;15;;;12163;12;12165;18;;;12162.0;0.0
