day;timestamp;product;bid_price_1;bid_volume_1;bid_price_2;bid_volume_2;bid_price_3;bid_volume_3;ask_price_1;ask_volume_1;ask_price_2;ask_volume_2;ask_price_3;ask_volume_3;mid_price;profit_and_loss
sideways_drift_s1;0;INTARIAN_PEPPER_ROOT;11498;14;11494;17;;;11504;16;11506;26;;;11501.0;0.0
sideways_drift_s1;0;ASH_COATED_OSMIUM;9997;12;9993;16;;;10001;14;10003;25;;;9999.0;0.0
sideways_drift_s1;100;INTARIAN_PEPPER_ROOT;11503;20;11501;19;;;11505;19;11509;20;;;11504.0;0.0
sideways_drift_s1;100;ASH_COATED_OSMIUM;9995;17;9991;16;;;10005;12;10008;25;;;10000.0;0.0
sideways_drift_s1;200;INTARIAN_PEPPER_ROOT;11501;9;11498;24;;;11515;14;11519;22;;;11508.0;0.0
sideways_drift_s1;200;ASH_COATED_OSMIUM;9998;19;9996;20;;;10000;15;10002;33;;;9999.0;0.0
sideways_drift_s1;300;INTARIAN_PEPPER_ROOT;11509;16;11507;28;;;11511;13;11513;17;;;11510.0;0.0
sideways_drift_s1;300;ASH_COATED_OSMIUM;9982;17;9978;8;;;10014;14;10017;27;;;9998.0;0.0
sideways_drift_s1;400;INTARIAN_PEPPER_ROOT;11503;10;11500;20;;;11525;7;11527;16;;;11514.0;0.0
sideways_drift_s1;400;ASH_COATED_OSMIUM;9991;12;9988;29;;;10003;10;10006;14;;;9997.0;0.0
sideways_drift_s1;500;INTARIAN_PEPPER_ROOT;11514;9;11511;15;;;11516;15;11519;23;;;11515.0;0.0
sideways_drift_s1;500;ASH_COATED_OSMIUM;9986;19;9982;27;;;10008;11;10012;20;;;9997.0;0.0
sideways_drift_s1;600;INTARIAN_PEPPER_ROOT;11515;16;11512;11;;;11525;28;11528;24;;;11520.0;0.0
sideways_drift_s1;600;ASH_COATED_OSMIUM;9992;5;9990;25;;;10006;8;10009;21;;;9999.0;0.0
sideways_drift_s1;700;INTARIAN_PEPPER_ROOT;11521;17;11519;21;;;11525;18;11529;24;;;11523.0;0.0
sideways_drift_s1;700;ASH_COATED_OSMIUM;9996;24;9994;12;;;10000;12;10004;23;;;9998.0;0.0
sideways_drift_s1;800;INTARIAN_PEPPER_ROOT;11526;18;11524;17;;;11528;5;11532;21;;;11527.0;0.0
sideways_drift_s1;800;ASH_COATED_OSMIUM;9978;11;9976;21;;;10018;15;10020;15;;;9998.0;0.0
sideways_drift_s1;900;INTARIAN_PEPPER_ROOT;11529;18;11526;23;;;11531;12;11533;10;;;11530.0;0.0
sideways_drift_s1;900;ASH_COATED_OSMIUM;9987;12;9984;20;;;10011;8;10015;20;;;9999.0;0.0
sideways_drift_s1;1000;INTARIAN_PEPPER_ROOT;11533;18;11531;26;;;11537;10;11539;19;;;11535.0;0.0
sideways_drift_s1;1000;ASH_COATED_OSMIUM;9994;19;9992;22;;;10000;5;10003;19;;;9997.0;0.0
sideways_drift_s1;1100;INTARIAN_PEPPER_ROOT;11531;11;11529;22;;;11543;18;11546;35;;;11537.0;0.0
sideways_drift_s1;1100;ASH_COATED_OSMIUM;9980;11;9976;21;;;10014;7;10018;22;;;9997.0;0.0
sideways_drift_s1;1200;INTARIAN_PEPPER_ROOT;11538;10;11535;12;;;11542;12;11544;29;;;11540.0;0.0
sideways_drift_s1;1200;ASH_COATED_OSMIUM;9985;20;9982;26;;;10007;11;10011;24;;;9996.0;0.0
sideways_drift_s1;1300;INTARIAN_PEPPER_ROOT;11542;7;11539;12;;;11544;16;11547;17;;;11543.0;0.0
sideways_drift_s1;1300;ASH_COATED_OSMIUM;9984;5;9982;17;;;10004;20;10008;21;;;9994.0;0.0
sideways_drift_s1;1400;INTARIAN_PEPPER_ROOT;11546;22;11542;20;;;11550;16;11554;17;;;11548.0;0.0
sideways_drift_s1;1400;ASH_COATED_OSMIUM;9995;17;9991;24;;;9997;11;10000;23;;;9996.0;0.0
sideways_drift_s1;1500;INTARIAN_PEPPER_ROOT;11548;17;11544;11;;;11552;8;11554;13;;;11550.0;0.0
sideways_drift_s1;1500;ASH_COATED_OSMIUM;9988;12;9986;8;;;10002;16;10004;20;;;9995.0;0.0
sideways_drift_s1;1600;INTARIAN_PEPPER_ROOT;11536;10;11533;13;;;11572;6;11574;24;;;11554.0;0.0
sideways_drift_s1;1600;ASH_COATED_OSMIUM;9987;11;9984;18;;;10003;5;10007;14;;;9995.0;0.0
sideways_drift_s1;1700;INTARIAN_PEPPER_ROOT;11555;6;11552;17;;;11557;28;11560;20;;;11556.0;0.0
sideways_drift_s1;1700;ASH_COATED_OSMIUM;9989;22;9985;24;;;10003;15;10007;17;;;9996.0;0.0
sideways_drift_s1;1800;INTARIAN_PEPPER_ROOT;11555;20;11553;18;;;11565;13;11569;19;;;11560.0;0.0
sideways_drift_s1;1800;ASH_COATED_OSMIUM;9992;14;9990;21;;;9996;17;9999;32;;;9994.0;0.0
sideways_drift_s1;1900;INTARIAN_PEPPER_ROOT;11563;5;11561;19;;;11565;16;11567;22;;;11564.0;0.0
sideways_drift_s1;1900;ASH_COATED_OSMIUM;9994;10;9990;17;;;9996;5;10000;24;;;9995.0;0.0
sideways_drift_s1;2000;INTARIAN_PEPPER_ROOT;11566;18;11562;15;;;11568;20;11570;22;;;11567.0;0.0
sideways_drift_s1;2000;ASH_COATED_OSMIUM;9994;16;9991;19;;;10000;8;10003;22;;;9997.0;0.0
sideways_drift_s1;2100;INTARIAN_PEPPER_ROOT;11549;11;11547;17;;;11593;21;11595;27;;;11571.0;0.0
sideways_drift_s1;2100;ASH_COATED_OSMIUM;9997;14;9994;21;;;9999;5;10003;19;;;9998.0;0.0
sideways_drift_s1;2200;INTARIAN_PEPPER_ROOT;11574;12;11571;29;;;11576;22;11578;18;;;11575.0;0.0
sideways_drift_s1;2200;ASH_COATED_OSMIUM;9995;13;9993;26;;;10003;17;10006;22;;;9999.0;0.0
sideways_drift_s1;2300;INTARIAN_PEPPER_ROOT;11579;18;11577;16;;;11581;12;11584;13;;;11580.0;0.0
sideways_drift_s1;2300;ASH_COATED_OSMIUM;9990;5;9986;14;;;10010;10;10012;28;;;10000.0;0.0
sideways_drift_s1;2400;INTARIAN_PEPPER_ROOT;11560;17;11557;30;;;11608;9;11611;20;;;11584.0;0.0
sideways_drift_s1;2400;ASH_COATED_OSMIUM;10001;17;9997;18;;;10007;13;10009;20;;;10004.0;0.0
sideways_drift_s1;2500;INTARIAN_PEPPER_ROOT;11574;9;11572;17;;;11600;15;11603;13;;;11587.0;0.0
sideways_drift_s1;2500;ASH_COATED_OSMIUM;9998;7;9995;15;;;10004;7;10007;10;;;10001.0;0.0
sideways_drift_s1;2600;INTARIAN_PEPPER_ROOT;11589;14;11587;26;;;11591;19;11595;20;;;11590.0;0.0
sideways_drift_s1;2600;ASH_COATED_OSMIUM;9999;11;9995;21;;;10007;22;10010;16;;;10003.0;0.0
sideways_drift_s1;2700;INTARIAN_PEPPER_ROOT;11584;10;11582;15;;;11602;12;11604;20;;;11593.0;0.0
sideways_drift_s1;2700;ASH_COATED_OSMIUM;9963;12;9961;13;;;10049;12;10051;20;;;10006.0;0.0
sideways_drift_s1;2800;INTARIAN_PEPPER_ROOT;11593;12;11591;23;;;11601;8;11605;10;;;11597.0;0.0
sideways_drift_s1;2800;ASH_COATED_OSMIUM;10005;5;10003;23;;;10007;5;10011;20;;;10006.0;0.0
sideways_drift_s1;2900;INTARIAN_PEPPER_ROOT;11594;14;11592;20;;;11606;5;11609;11;;;11600.0;0.0
sideways_drift_s1;2900;ASH_COATED_OSMIUM;10004;13;10002;14;;;10012;10;10014;27;;;10008.0;0.0
sideways_drift_s1;3000;INTARIAN_PEPPER_ROOT;11595;16;11593;33;;;11609;13;11613;16;;;11602.0;0.0
sideways_drift_s1;3000;ASH_COATED_OSMIUM;10001;16;9998;13;;;10015;10;10017;20;;;10008.0;0.0
sideways_drift_s1;3100;INTARIAN_PEPPER_ROOT;11583;10;11579;27;;;11629;18;11633;12;;;11606.0;0.0
sideways_drift_s1;3100;ASH_COATED_OSMIUM;10008;15;10004;16;;;10012;12;10015;17;;;10010.0;0.0
sideways_drift_s1;3200;INTARIAN_PEPPER_ROOT;11604;13;11600;21;;;11612;14;11615;20;;;11608.0;0.0
sideways_drift_s1;3200;ASH_COATED_OSMIUM;10007;8;10005;30;;;10009;12;10012;15;;;10008.0;0.0
sideways_drift_s1;3300;INTARIAN_PEPPER_ROOT;11603;16;11599;12;;;11621;13;11625;16;;;11612.0;0.0
sideways_drift_s1;3300;ASH_COATED_OSMIUM;10005;12;10003;19;;;10009;11;10011;10;;;10007.0;0.0
sideways_drift_s1;3400;INTARIAN_PEPPER_ROOT;11602;16;11599;19;;;11626;14;11628;19;;;11614.0;0.0
sideways_drift_s1;3400;ASH_COATED_OSMIUM;10006;18;10003;27;;;10010;11;10012;29;;;10008.0;0.0
sideways_drift_s1;3500;INTARIAN_PEPPER_ROOT;11616;11;11612;26;;;11618;18;11622;25;;;11617.0;0.0
sideways_drift_s1;3500;ASH_COATED_OSMIUM;10002;10;10000;19;;;10014;12;10017;16;;;10008.0;0.0
sideways_drift_s1;3600;INTARIAN_PEPPER_ROOT;11619;19;11617;22;;;11621;14;11623;18;;;11620.0;0.0
sideways_drift_s1;3600;ASH_COATED_OSMIUM;10008;8;10005;21;;;10010;11;10012;17;;;10009.0;0.0
sideways_drift_s1;3700;INTARIAN_PEPPER_ROOT;11623;14;11620;25;;;11625;19;11628;20;;;11624.0;0.0
sideways_drift_s1;3700;ASH_COATED_OSMIUM;9999;14;9995;25;;;10011;9;10013;29;;;10005.0;0.0
sideways_drift_s1;3800;INTARIAN_PEPPER_ROOT;11618;13;11616;29;;;11640;9;11644;24;;;11629.0;0.0
sideways_drift_s1;3800;ASH_COATED_OSMIUM;10001;21;9997;13;;;10003;17;10006;21;;;10002.0;0.0
sideways_drift_s1;3900;INTARIAN_PEPPER_ROOT;11618;12;11616;25;;;11648;14;11650;17;;;11633.0;0.0
sideways_drift_s1;3900;ASH_COATED_OSMIUM;9999;16;9996;21;;;10003;15;10005;14;;;10001.0;0.0
sideways_drift_s1;4000;INTARIAN_PEPPER_ROOT;11633;12;11631;33;;;11639;19;11642;16;;;11636.0;0.0
sideways_drift_s1;4000;ASH_COATED_OSMIUM;9998;6;9995;24;;;10000;12;10002;16;;;9999.0;0.0
sideways_drift_s1;4100;INTARIAN_PEPPER_ROOT;11633;10;11631;14;;;11645;5;11649;9;;;11639.0;0.0
sideways_drift_s1;4100;ASH_COATED_OSMIUM;9998;8;9996;8;;;10004;22;10006;22;;;10001.0;0.0
sideways_drift_s1;4200;INTARIAN_PEPPER_ROOT;11640;16;11637;17;;;11644;11;11646;26;;;11642.0;0.0
sideways_drift_s1;4200;ASH_COATED_OSMIUM;9996;10;9993;17;;;10002;21;10005;17;;;9999.0;0.0
sideways_drift_s1;4300;INTARIAN_PEPPER_ROOT;11644;7;11641;33;;;11650;11;11653;22;;;11647.0;0.0
sideways_drift_s1;4300;ASH_COATED_OSMIUM;9976;11;9972;18;;;10022;7;10024;20;;;9999.0;0.0
sideways_drift_s1;4400;INTARIAN_PEPPER_ROOT;11644;15;11642;17;;;11656;15;11660;23;;;11650.0;0.0
sideways_drift_s1;4400;ASH_COATED_OSMIUM;9977;20;9974;22;;;10017;10;10021;23;;;9997.0;0.0
sideways_drift_s1;4500;INTARIAN_PEPPER_ROOT;11653;15;11651;20;;;11655;15;11659;24;;;11654.0;0.0
sideways_drift_s1;4500;ASH_COATED_OSMIUM;9962;5;9958;20;;;10030;6;10033;25;;;9996.0;0.0
sideways_drift_s1;4600;INTARIAN_PEPPER_ROOT;11651;23;11648;18;;;11663;19;11666;22;;;11657.0;0.0
sideways_drift_s1;4600;ASH_COATED_OSMIUM;9988;8;9985;15;;;9998;13;10000;12;;;9993.0;0.0
sideways_drift_s1;4700;INTARIAN_PEPPER_ROOT;11657;7;11654;22;;;11667;13;11670;9;;;11662.0;0.0
sideways_drift_s1;4700;ASH_COATED_OSMIUM;9986;11;9983;25;;;9998;5;10002;19;;;9992.0;0.0
sideways_drift_s1;4800;INTARIAN_PEPPER_ROOT;11659;5;11657;16;;;11673;16;11675;8;;;11666.0;0.0
sideways_drift_s1;4800;ASH_COATED_OSMIUM;9989;21;9986;25;;;9991;9;9994;28;;;9990.0;0.0
sideways_drift_s1;4900;INTARIAN_PEPPER_ROOT;11665;12;11662;14;;;11675;20;11679;20;;;11670.0;0.0
sideways_drift_s1;4900;ASH_COATED_OSMIUM;9984;15;9981;19;;;10002;5;10006;17;;;9993.0;0.0
sideways_drift_s1;5000;INTARIAN_PEPPER_ROOT;11667;5;11663;19;;;11679;15;11682;16;;;11673.0;0.0
sideways_drift_s1;5000;ASH_COATED_OSMIUM;9992;21;9990;17;;;9994;11;9997;22;;;9993.0;0.0
sideways_drift_s1;5100;INTARIAN_PEPPER_ROOT;11676;19;11674;28;;;11678;13;11680;20;;;11677.0;0.0
sideways_drift_s1;5100;ASH_COATED_OSMIUM;9990;7;9988;20;;;9992;12;9995;15;;;9991.0;0.0
sideways_drift_s1;5200;INTARIAN_PEPPER_ROOT;11678;19;11675;22;;;11680;20;11682;13;;;11679.0;0.0
sideways_drift_s1;5200;ASH_COATED_OSMIUM;9986;5;9982;19;;;9990;7;9994;18;;;9988.0;0.0
sideways_drift_s1;5300;INTARIAN_PEPPER_ROOT;11675;13;11672;16;;;11689;12;11691;18;;;11682.0;0.0
sideways_drift_s1;5300;ASH_COATED_OSMIUM;9966;17;9964;17;;;10010;15;10012;10;;;9988.0;0.0
sideways_drift_s1;5400;INTARIAN_PEPPER_ROOT;11681;19;11677;21;;;11689;5;11691;13;;;11685.0;0.0
sideways_drift_s1;5400;ASH_COATED_OSMIUM;9978;5;9975;18;;;9996;13;9998;20;;;9987.0;0.0
sideways_drift_s1;5500;INTARIAN_PEPPER_ROOT;11680;17;11677;20;;;11698;6;11700;22;;;11689.0;0.0
sideways_drift_s1;5500;ASH_COATED_OSMIUM;9987;16;9983;9;;;9989;16;9992;25;;;9988.0;0.0
sideways_drift_s1;5600;INTARIAN_PEPPER_ROOT;11673;14;11669;23;;;11713;9;11717;21;;;11693.0;0.0
sideways_drift_s1;5600;ASH_COATED_OSMIUM;9987;9;9985;10;;;9991;6;9994;27;;;9989.0;0.0
sideways_drift_s1;5700;INTARIAN_PEPPER_ROOT;11682;5;11680;23;;;11714;11;11716;22;;;11698.0;0.0
sideways_drift_s1;5700;ASH_COATED_OSMIUM;9989;14;9985;9;;;9991;12;9994;19;;;9990.0;0.0
sideways_drift_s1;5800;INTARIAN_PEPPER_ROOT;11694;22;11692;28;;;11708;20;11710;23;;;11701.0;0.0
sideways_drift_s1;5800;ASH_COATED_OSMIUM;9978;11;9974;12;;;9996;14;9999;10;;;9987.0;0.0
sideways_drift_s1;5900;INTARIAN_PEPPER_ROOT;11698;15;11696;19;;;11714;14;11718;15;;;11706.0;0.0
sideways_drift_s1;5900;ASH_COATED_OSMIUM;9976;19;9973;28;;;9994;5;9997;24;;;9985.0;0.0
sideways_drift_s1;6000;INTARIAN_PEPPER_ROOT;11705;8;11703;20;;;11711;14;11714;23;;;11708.0;0.0
sideways_drift_s1;6000;ASH_COATED_OSMIUM;9984;11;9981;12;;;9986;5;9990;20;;;9985.0;0.0
sideways_drift_s1;6100;INTARIAN_PEPPER_ROOT;11693;7;11690;21;;;11733;9;11736;18;;;11713.0;0.0
sideways_drift_s1;6100;ASH_COATED_OSMIUM;9978;16;9974;14;;;9998;10;10001;19;;;9988.0;0.0
sideways_drift_s1;6200;INTARIAN_PEPPER_ROOT;11715;13;11713;21;;;11717;21;11720;16;;;11716.0;0.0
sideways_drift_s1;6200;ASH_COATED_OSMIUM;9970;5;9968;18;;;10002;10;10005;28;;;9986.0;0.0
sideways_drift_s1;6300;INTARIAN_PEPPER_ROOT;11696;10;11692;22;;;11742;13;11744;20;;;11719.0;0.0
sideways_drift_s1;6300;ASH_COATED_OSMIUM;9983;9;9981;25;;;9985;16;9989;28;;;9984.0;0.0
sideways_drift_s1;6400;INTARIAN_PEPPER_ROOT;11710;18;11707;11;;;11738;13;11741;19;;;11724.0;0.0
sideways_drift_s1;6400;ASH_COATED_OSMIUM;9981;11;9977;15;;;9989;14;9993;27;;;9985.0;0.0
sideways_drift_s1;6500;INTARIAN_PEPPER_ROOT;11724;14;11722;16;;;11730;11;11732;17;;;11727.0;0.0
sideways_drift_s1;6500;ASH_COATED_OSMIUM;9971;16;9967;14;;;9999;9;10002;22;;;9985.0;0.0
sideways_drift_s1;6600;INTARIAN_PEPPER_ROOT;11728;12;11725;16;;;11736;6;11738;24;;;11732.0;0.0
sideways_drift_s1;6600;ASH_COATED_OSMIUM;9982;8;9980;11;;;9984;15;9988;14;;;9983.0;0.0
sideways_drift_s1;6700;INTARIAN_PEPPER_ROOT;11718;18;11714;16;;;11754;16;11757;25;;;11736.0;0.0
sideways_drift_s1;6700;ASH_COATED_OSMIUM;9982;17;9980;31;;;9990;10;9992;26;;;9986.0;0.0
sideways_drift_s1;6800;INTARIAN_PEPPER_ROOT;11741;15;11737;13;;;11743;24;11746;12;;;11742.0;0.0
sideways_drift_s1;6800;ASH_COATED_OSMIUM;9988;24;9985;13;;;9990;5;9994;17;;;9989.0;0.0
sideways_drift_s1;6900;INTARIAN_PEPPER_ROOT;11734;12;11731;24;;;11752;19;11756;22;;;11743.0;0.0
sideways_drift_s1;6900;ASH_COATED_OSMIUM;9991;11;9987;20;;;9993;12;9996;19;;;9992.0;0.0
sideways_drift_s1;7000;INTARIAN_PEPPER_ROOT;11743;10;11739;23;;;11747;11;11750;22;;;11745.0;0.0
sideways_drift_s1;7000;ASH_COATED_OSMIUM;9981;12;9979;25;;;10003;15;10006;19;;;9992.0;0.0
sideways_drift_s1;7100;INTARIAN_PEPPER_ROOT;11747;11;11743;22;;;11749;17;11751;33;;;11748.0;0.0
sideways_drift_s1;7100;ASH_COATED_OSMIUM;9989;13;9987;18;;;9993;9;9996;17;;;9991.0;0.0
sideways_drift_s1;7200;INTARIAN_PEPPER_ROOT;11751;16;11748;29;;;11753;18;11756;17;;;11752.0;0.0
sideways_drift_s1;7200;ASH_COATED_OSMIUM;9971;8;9968;8;;;10005;12;10007;10;;;9988.0;0.0
sideways_drift_s1;7300;INTARIAN_PEPPER_ROOT;11744;12;11741;22;;;11766;13;11770;20;;;11755.0;0.0
sideways_drift_s1;7300;ASH_COATED_OSMIUM;9986;10;9984;19;;;9990;11;9992;23;;;9988.0;0.0
sideways_drift_s1;7400;INTARIAN_PEPPER_ROOT;11757;9;11755;17;;;11761;15;11763;19;;;11759.0;0.0
sideways_drift_s1;7400;ASH_COATED_OSMIUM;9986;23;9983;18;;;9988;17;9990;26;;;9987.0;0.0
sideways_drift_s1;7500;INTARIAN_PEPPER_ROOT;11751;16;11748;19;;;11771;13;11774;31;;;11761.0;0.0
sideways_drift_s1;7500;ASH_COATED_OSMIUM;9984;11;9981;28;;;9990;20;9994;17;;;9987.0;0.0
sideways_drift_s1;7600;INTARIAN_PEPPER_ROOT;11752;10;11749;16;;;11774;5;11778;25;;;11763.0;0.0
sideways_drift_s1;7600;ASH_COATED_OSMIUM;9982;8;9980;27;;;9994;5;9998;12;;;9988.0;0.0
sideways_drift_s1;7700;INTARIAN_PEPPER_ROOT;11753;16;11751;25;;;11783;7;11787;21;;;11768.0;0.0
sideways_drift_s1;7700;ASH_COATED_OSMIUM;9983;13;9980;17;;;9993;9;9996;17;;;9988.0;0.0
sideways_drift_s1;7800;INTARIAN_PEPPER_ROOT;11770;11;11767;11;;;11772;14;11776;16;;;11771.0;0.0
sideways_drift_s1;7800;ASH_COATED_OSMIUM;9983;15;9979;20;;;9997;8;10000;26;;;9990.0;0.0
sideways_drift_s1;7900;INTARIAN_PEPPER_ROOT;11773;18;11769;15;;;11775;15;11778;16;;;11774.0;0.0
sideways_drift_s1;7900;ASH_COATED_OSMIUM;9979;6;9977;23;;;10003;16;10005;19;;;9991.0;0.0
sideways_drift_s1;8000;INTARIAN_PEPPER_ROOT;11765;10;11762;23;;;11791;18;11794;12;;;11778.0;0.0
sideways_drift_s1;8000;ASH_COATED_OSMIUM;9988;14;9985;25;;;9992;10;9994;17;;;9990.0;0.0
sideways_drift_s1;8100;INTARIAN_PEPPER_ROOT;11779;18;11776;19;;;11783;14;11787;15;;;11781.0;0.0
sideways_drift_s1;8100;ASH_COATED_OSMIUM;9972;5;9969;26;;;10006;15;10009;17;;;9989.0;0.0
sideways_drift_s1;8200;INTARIAN_PEPPER_ROOT;11784;17;11781;17;;;11786;17;11788;15;;;11785.0;0.0
sideways_drift_s1;8200;ASH_COATED_OSMIUM;9987;14;9983;18;;;9989;11;9991;14;;;9988.0;0.0
sideways_drift_s1;8300;INTARIAN_PEPPER_ROOT;11780;14;11778;19;;;11796;11;11800;16;;;11788.0;0.0
sideways_drift_s1;8300;ASH_COATED_OSMIUM;9969;22;9967;27;;;10005;13;10009;27;;;9987.0;0.0
sideways_drift_s1;8400;INTARIAN_PEPPER_ROOT;11787;10;11784;14;;;11795;19;11799;20;;;11791.0;0.0
sideways_drift_s1;8400;ASH_COATED_OSMIUM;9992;10;9989;27;;;9994;6;9997;14;;;9993.0;0.0
sideways_drift_s1;8500;INTARIAN_PEPPER_ROOT;11789;20;11786;17;;;11801;5;11804;22;;;11795.0;0.0
sideways_drift_s1;8500;ASH_COATED_OSMIUM;9992;5;9990;22;;;9994;13;9998;11;;;9993.0;0.0
sideways_drift_s1;8600;INTARIAN_PEPPER_ROOT;11795;26;11793;12;;;11801;9;11804;24;;;11798.0;0.0
sideways_drift_s1;8600;ASH_COATED_OSMIUM;9991;12;9989;20;;;9993;25;9995;16;;;9992.0;0.0
sideways_drift_s1;8700;INTARIAN_PEPPER_ROOT;11796;15;11793;23;;;11806;9;11809;17;;;11801.0;0.0
sideways_drift_s1;8700;ASH_COATED_OSMIUM;9988;16;9985;17;;;9996;14;9999;23;;;9992.0;0.0
sideways_drift_s1;8800;INTARIAN_PEPPER_ROOT;11799;22;11797;21;;;11809;7;11812;22;;;11804.0;0.0
sideways_drift_s1;8800;ASH_COATED_OSMIUM;9983;8;9980;13;;;10003;17;10006;16;;;9993.0;0.0
sideways_drift_s1;8900;INTARIAN_PEPPER_ROOT;11805;15;11802;24;;;11813;16;11817;18;;;11809.0;0.0
sideways_drift_s1;8900;ASH_COATED_OSMIUM;9991;9;9987;22;;;9993;8;9996;18;;;9992.0;0.0
sideways_drift_s1;9000;INTARIAN_PEPPER_ROOT;11812;16;11808;23;;;11814;15;11817;27;;;11813.0;0.0
sideways_drift_s1;9000;ASH_COATED_OSMIUM;9987;12;9983;11;;;9993;7;9996;17;;;9990.0;0.0
sideways_drift_s1;9100;INTARIAN_PEPPER_ROOT;11811;20;11807;14;;;11821;13;11823;21;;;11816.0;0.0
sideways_drift_s1;9100;ASH_COATED_OSMIUM;9989;9;9985;28;;;9999;15;10003;27;;;9994.0;0.0
sideways_drift_s1;9200;INTARIAN_PEPPER_ROOT;11813;16;11809;13;;;11825;15;11829;8;;;11819.0;0.0
sideways_drift_s1;9200;ASH_COATED_OSMIUM;9994;21;9990;18;;;9996;15;10000;28;;;9995.0;0.0
sideways_drift_s1;9300;INTARIAN_PEPPER_ROOT;11810;24;11808;20;;;11832;10;11835;13;;;11821.0;0.0
sideways_drift_s1;9300;ASH_COATED_OSMIUM;9992;14;9989;21;;;9994;12;9996;23;;;9993.0;0.0
sideways_drift_s1;9400;INTARIAN_PEPPER_ROOT;11824;15;11822;18;;;11826;11;11828;22;;;11825.0;0.0
sideways_drift_s1;9400;ASH_COATED_OSMIUM;9979;25;9976;13;;;10005;18;10007;18;;;9992.0;0.0
sideways_drift_s1;9500;INTARIAN_PEPPER_ROOT;11825;19;11822;9;;;11831;11;11834;12;;;11828.0;0.0
sideways_drift_s1;9500;ASH_COATED_OSMIUM;9975;18;9971;32;;;10007;14;10011;21;;;9991.0;0.0
sideways_drift_s1;9600;INTARIAN_PEPPER_ROOT;11830;14;11828;15;;;11832;19;11836;18;;;11831.0;0.0
sideways_drift_s1;9600;ASH_COATED_OSMIUM;9986;8;9982;17;;;10000;19;10004;23;;;9993.0;0.0
sideways_drift_s1;9700;INTARIAN_PEPPER_ROOT;11820;19;11818;13;;;11848;12;11850;19;;;11834.0;0.0
sideways_drift_s1;9700;ASH_COATED_OSMIUM;9976;9;9972;20;;;10008;18;10011;25;;;9992.0;0.0
sideways_drift_s1;9800;INTARIAN_PEPPER_ROOT;11826;8;11824;27;;;11846;18;11849;16;;;11836.0;0.0
sideways_drift_s1;9800;ASH_COATED_OSMIUM;9971;8;9967;19;;;10017;14;10021;14;;;9994.0;0.0
sideways_drift_s1;9900;INTARIAN_PEPPER_ROOT;11838;10;11836;18;;;11842;14;11846;22;;;11840.0;0.0
sideways_drift_s1;9900;ASH_COATED_OSMIUM;9994;16;9992;18;;;9996;10;9999;21;;;9995.0;0.0
sideways_drift_s1;10000;INTARIAN_PEPPER_ROOT;11833;8;11830;10;;;11853;24;11857;26;;;11843.0;0.0
sideways_drift_s1;10000;ASH_COATED_OSMIUM;9991;14;9988;19;;;9993;5;9997;12;;;9992.0;0.0
sideways_drift_s1;10100;INTARIAN_PEPPER_ROOT;11844;10;11842;19;;;11850;8;11852;21;;;11847.0;0.0
sideways_drift_s1;10100;ASH_COATED_OSMIUM;9986;21;9984;12;;;10004;17;10008;18;;;9995.0;0.0
sideways_drift_s1;10200;INTARIAN_PEPPER_ROOT;11835;23;11832;14;;;11865;15;11868;23;;;11850.0;0.0
sideways_drift_s1;10200;ASH_COATED_OSMIUM;9975;12;9973;25;;;10021;18;10025;24;;;9998.0;0.0
sideways_drift_s1;10300;INTARIAN_PEPPER_ROOT;11853;22;11850;17;;;11855;12;11859;27;;;11854.0;0.0
sideways_drift_s1;10300;ASH_COATED_OSMIUM;9984;13;9980;15;;;10014;10;10016;20;;;9999.0;0.0
sideways_drift_s1;10400;INTARIAN_PEPPER_ROOT;11855;11;11853;16;;;11857;5;11861;23;;;11856.0;0.0
sideways_drift_s1;10400;ASH_COATED_OSMIUM;9987;8;9985;21;;;10015;10;10019;17;;;10001.0;0.0
sideways_drift_s1;10500;INTARIAN_PEPPER_ROOT;11852;8;11848;26;;;11866;14;11870;19;;;11859.0;0.0
sideways_drift_s1;10500;ASH_COATED_OSMIUM;10002;16;10000;8;;;10004;10;10006;26;;;10003.0;0.0
sideways_drift_s1;10600;INTARIAN_PEPPER_ROOT;11861;14;11858;20;;;11865;14;11868;16;;;11863.0;0.0
sideways_drift_s1;10600;ASH_COATED_OSMIUM;10005;16;10002;21;;;10007;10;10010;25;;;10006.0;0.0
sideways_drift_s1;10700;INTARIAN_PEPPER_ROOT;11862;20;11858;16;;;11868;15;11871;13;;;11865.0;0.0
sideways_drift_s1;10700;ASH_COATED_OSMIUM;10002;8;10000;21;;;10004;13;10006;13;;;10003.0;0.0
sideways_drift_s1;10800;INTARIAN_PEPPER_ROOT;11865;16;11861;19;;;11869;19;11872;21;;;11867.0;0.0
sideways_drift_s1;10800;ASH_COATED_OSMIUM;9996;5;9994;24;;;10006;23;10008;21;;;10001.0;0.0
sideways_drift_s1;10900;INTARIAN_PEPPER_ROOT;11860;10;11858;31;;;11882;12;11884;17;;;11871.0;0.0
sideways_drift_s1;10900;ASH_COATED_OSMIUM;9977;7;9974;18;;;10019;14;10022;17;;;9998.0;0.0
sideways_drift_s1;11000;INTARIAN_PEPPER_ROOT;11856;17;11852;26;;;11888;13;11892;20;;;11872.0;0.0
sideways_drift_s1;11000;ASH_COATED_OSMIUM;9992;20;9988;18;;;10008;17;10011;24;;;10000.0;0.0
sideways_drift_s1;11100;INTARIAN_PEPPER_ROOT;11849;14;11846;22;;;11903;12;11906;25;;;11876.0;0.0
sideways_drift_s1;11100;ASH_COATED_OSMIUM;9999;7;9997;26;;;10001;10;10004;14;;;10000.0;0.0
sideways_drift_s1;11200;INTARIAN_PEPPER_ROOT;11876;14;11873;19;;;11882;10;11884;16;;;11879.0;0.0
sideways_drift_s1;11200;ASH_COATED_OSMIUM;9998;13;9994;16;;;10006;9;10010;13;;;10002.0;0.0
sideways_drift_s1;11300;INTARIAN_PEPPER_ROOT;11880;15;11876;23;;;11882;11;11884;12;;;11881.0;0.0
sideways_drift_s1;11300;ASH_COATED_OSMIUM;9994;10;9990;27;;;10012;15;10016;14;;;10003.0;0.0
sideways_drift_s1;11400;INTARIAN_PEPPER_ROOT;11878;28;11874;25;;;11892;18;11894;20;;;11885.0;0.0
sideways_drift_s1;11400;ASH_COATED_OSMIUM;10000;17;9998;20;;;10002;5;10006;20;;;10001.0;0.0
sideways_drift_s1;11500;INTARIAN_PEPPER_ROOT;11880;14;11878;19;;;11892;19;11894;22;;;11886.0;0.0
sideways_drift_s1;11500;ASH_COATED_OSMIUM;9988;21;9986;20;;;10014;15;10017;18;;;10001.0;0.0
sideways_drift_s1;11600;INTARIAN_PEPPER_ROOT;11886;14;11882;10;;;11894;16;11897;20;;;11890.0;0.0
sideways_drift_s1;11600;ASH_COATED_OSMIUM;10000;11;9997;17;;;10002;23;10006;22;;;10001.0;0.0
sideways_drift_s1;11700;INTARIAN_PEPPER_ROOT;11888;18;11885;13;;;11892;12;11894;22;;;11890.0;0.0
sideways_drift_s1;11700;ASH_COATED_OSMIUM;10000;12;9998;15;;;10002;8;10005;16;;;10001.0;0.0
sideways_drift_s1;11800;INTARIAN_PEPPER_ROOT;11884;7;11882;25;;;11904;12;11906;29;;;11894.0;0.0
sideways_drift_s1;11800;ASH_COATED_OSMIUM;9984;6;9982;20;;;10018;11;10022;11;;;10001.0;0.0
sideways_drift_s1;11900;INTARIAN_PEPPER_ROOT;11891;26;11887;17;;;11905;13;11908;22;;;11898.0;0.0
sideways_drift_s1;11900;ASH_COATED_OSMIUM;9977;16;9973;25;;;10029;14;10033;17;;;10003.0;0.0
sideways_drift_s1;12000;INTARIAN_PEPPER_ROOT;11891;13;11888;19;;;11909;16;11911;23;;;11900.0;0.0
sideways_drift_s1;12000;ASH_COATED_OSMIUM;9997;17;9993;17;;;10011;15;10013;12;;;10004.0;0.0
sideways_drift_s1;12100;INTARIAN_PEPPER_ROOT;11894;12;11890;30;;;11912;15;11914;10;;;11903.0;0.0
sideways_drift_s1;12100;ASH_COATED_OSMIUM;9998;9;9994;16;;;10010;18;10013;33;;;10004.0;0.0
sideways_drift_s1;12200;INTARIAN_PEPPER_ROOT;11903;14;11901;24;;;11911;17;11915;18;;;11907.0;0.0
sideways_drift_s1;12200;ASH_COATED_OSMIUM;10005;11;10001;24;;;10007;5;10009;16;;;10006.0;0.0
sideways_drift_s1;12300;INTARIAN_PEPPER_ROOT;11900;17;11896;33;;;11922;14;11926;12;;;11911.0;0.0
sideways_drift_s1;12300;ASH_COATED_OSMIUM;10001;11;9999;16;;;10015;9;10018;15;;;10008.0;0.0
sideways_drift_s1;12400;INTARIAN_PEPPER_ROOT;11911;16;11908;25;;;11913;16;11917;11;;;11912.0;0.0
sideways_drift_s1;12400;ASH_COATED_OSMIUM;10004;12;10000;27;;;10018;13;10021;23;;;10011.0;0.0
sideways_drift_s1;12500;INTARIAN_PEPPER_ROOT;11897;11;11895;14;;;11935;11;11937;24;;;11916.0;0.0
sideways_drift_s1;12500;ASH_COATED_OSMIUM;9985;12;9982;25;;;10031;10;10034;22;;;10008.0;0.0
sideways_drift_s1;12600;INTARIAN_PEPPER_ROOT;11918;27;11915;21;;;11922;18;11924;19;;;11920.0;0.0
sideways_drift_s1;12600;ASH_COATED_OSMIUM;10008;7;10004;18;;;10010;15;10012;25;;;10009.0;0.0
sideways_drift_s1;12700;INTARIAN_PEPPER_ROOT;11922;16;11919;22;;;11926;15;11928;9;;;11924.0;0.0
sideways_drift_s1;12700;ASH_COATED_OSMIUM;9986;22;9984;19;;;10034;9;10036;18;;;10010.0;0.0
sideways_drift_s1;12800;INTARIAN_PEPPER_ROOT;11917;16;11913;16;;;11933;8;11935;25;;;11925.0;0.0
sideways_drift_s1;12800;ASH_COATED_OSMIUM;9986;17;9983;19;;;10032;11;10034;24;;;10009.0;0.0
sideways_drift_s1;12900;INTARIAN_PEPPER_ROOT;11922;16;11918;21;;;11934;14;11937;22;;;11928.0;0.0
sideways_drift_s1;12900;ASH_COATED_OSMIUM;10006;10;10004;20;;;10008;17;10010;24;;;10007.0;0.0
sideways_drift_s1;13000;INTARIAN_PEPPER_ROOT;11928;20;11924;20;;;11934;20;11936;13;;;11931.0;0.0
sideways_drift_s1;13000;ASH_COATED_OSMIUM;9996;11;9992;19;;;10020;15;10022;19;;;10008.0;0.0
sideways_drift_s1;13100;INTARIAN_PEPPER_ROOT;11933;28;11931;23;;;11935;10;11937;16;;;11934.0;0.0
sideways_drift_s1;13100;ASH_COATED_OSMIUM;10008;8;10006;15;;;10012;7;10015;17;;;10010.0;0.0
sideways_drift_s1;13200;INTARIAN_PEPPER_ROOT;11930;15;11928;19;;;11938;16;11941;23;;;11934.0;0.0
sideways_drift_s1;13200;ASH_COATED_OSMIUM;10006;21;10003;22;;;10024;12;10028;15;;;10015.0;0.0
sideways_drift_s1;13300;INTARIAN_PEPPER_ROOT;11933;19;11929;23;;;11943;14;11947;12;;;11938.0;0.0
sideways_drift_s1;13300;ASH_COATED_OSMIUM;10009;26;10005;21;;;10011;17;10013;12;;;10010.0;0.0
sideways_drift_s1;13400;INTARIAN_PEPPER_ROOT;11931;16;11927;18;;;11953;14;11955;19;;;11942.0;0.0
sideways_drift_s1;13400;ASH_COATED_OSMIUM;10006;15;10003;20;;;10008;10;10011;27;;;10007.0;0.0
sideways_drift_s1;13500;INTARIAN_PEPPER_ROOT;11941;17;11939;16;;;11947;24;11950;23;;;11944.0;0.0
sideways_drift_s1;13500;ASH_COATED_OSMIUM;9996;20;9993;20;;;10016;20;10020;25;;;10006.0;0.0
sideways_drift_s1;13600;INTARIAN_PEPPER_ROOT;11937;10;11935;17;;;11957;17;11961;15;;;11947.0;0.0
sideways_drift_s1;13600;ASH_COATED_OSMIUM;10006;11;10002;24;;;10008;13;10012;13;;;10007.0;0.0
sideways_drift_s1;13700;INTARIAN_PEPPER_ROOT;11942;26;11938;18;;;11954;21;11956;23;;;11948.0;0.0
sideways_drift_s1;13700;ASH_COATED_OSMIUM;10006;18;10003;16;;;10008;5;10010;13;;;10007.0;0.0
sideways_drift_s1;13800;INTARIAN_PEPPER_ROOT;11941;8;11938;22;;;11961;21;11963;20;;;11951.0;0.0
sideways_drift_s1;13800;ASH_COATED_OSMIUM;10004;10;10000;16;;;10010;14;10014;17;;;10007.0;0.0
sideways_drift_s1;13900;INTARIAN_PEPPER_ROOT;11952;14;11950;27;;;11956;7;11958;21;;;11954.0;0.0
sideways_drift_s1;13900;ASH_COATED_OSMIUM;10006;10;10004;22;;;10008;8;10010;19;;;10007.0;0.0
sideways_drift_s1;14000;INTARIAN_PEPPER_ROOT;11951;7;11947;21;;;11963;21;11965;20;;;11957.0;0.0
sideways_drift_s1;14000;ASH_COATED_OSMIUM;10002;17;9999;19;;;10012;13;10015;23;;;10007.0;0.0
sideways_drift_s1;14100;INTARIAN_PEPPER_ROOT;11956;11;11954;19;;;11962;12;11966;23;;;11959.0;0.0
sideways_drift_s1;14100;ASH_COATED_OSMIUM;10010;9;10006;15;;;10012;8;10014;14;;;10011.0;0.0
sideways_drift_s1;14200;INTARIAN_PEPPER_ROOT;11961;9;11959;26;;;11963;15;11967;28;;;11962.0;0.0
sideways_drift_s1;14200;ASH_COATED_OSMIUM;10009;17;10005;22;;;10011;22;10013;17;;;10010.0;0.0
sideways_drift_s1;14300;INTARIAN_PEPPER_ROOT;11965;10;11963;25;;;11967;17;11969;15;;;11966.0;0.0
sideways_drift_s1;14300;ASH_COATED_OSMIUM;10011;15;10009;25;;;10017;24;10021;10;;;10014.0;0.0
sideways_drift_s1;14400;INTARIAN_PEPPER_ROOT;11963;24;11961;19;;;11975;24;11978;24;;;11969.0;0.0
sideways_drift_s1;14400;ASH_COATED_OSMIUM;9997;6;9993;24;;;10025;9;10028;21;;;10011.0;0.0
sideways_drift_s1;14500;INTARIAN_PEPPER_ROOT;11969;19;11965;19;;;11977;10;11980;16;;;11973.0;0.0
sideways_drift_s1;14500;ASH_COATED_OSMIUM;10002;13;9999;13;;;10022;12;10024;19;;;10012.0;0.0
sideways_drift_s1;14600;INTARIAN_PEPPER_ROOT;11971;20;11967;21;;;11977;11;11980;14;;;11974.0;0.0
sideways_drift_s1;14600;ASH_COATED_OSMIUM;9983;10;9979;20;;;10039;17;10042;21;;;10011.0;0.0
sideways_drift_s1;14700;INTARIAN_PEPPER_ROOT;11961;16;11958;18;;;11993;18;11996;18;;;11977.0;0.0
sideways_drift_s1;14700;ASH_COATED_OSMIUM;10010;15;10008;16;;;10014;11;10017;26;;;10012.0;0.0
sideways_drift_s1;14800;INTARIAN_PEPPER_ROOT;11980;10;11978;30;;;11982;12;11985;16;;;11981.0;0.0
sideways_drift_s1;14800;ASH_COATED_OSMIUM;10012;18;10008;18;;;10018;14;10021;13;;;10015.0;0.0
sideways_drift_s1;14900;INTARIAN_PEPPER_ROOT;11982;17;11978;29;;;11984;8;11988;17;;;11983.0;0.0
sideways_drift_s1;14900;ASH_COATED_OSMIUM;10007;21;10003;21;;;10015;14;10019;27;;;10011.0;0.0
sideways_drift_s1;15000;INTARIAN_PEPPER_ROOT;11980;15;11976;24;;;11990;14;11993;15;;;11985.0;0.0
sideways_drift_s1;15000;ASH_COATED_OSMIUM;10008;15;10004;28;;;10020;17;10024;20;;;10014.0;0.0
sideways_drift_s1;15100;INTARIAN_PEPPER_ROOT;11981;19;11979;22;;;11991;13;11995;23;;;11986.0;0.0
sideways_drift_s1;15100;ASH_COATED_OSMIUM;10008;5;10005;21;;;10014;5;10017;21;;;10011.0;0.0
sideways_drift_s1;15200;INTARIAN_PEPPER_ROOT;11988;14;11984;22;;;11990;18;11994;18;;;11989.0;0.0
sideways_drift_s1;15200;ASH_COATED_OSMIUM;10015;6;10012;19;;;10017;13;10021;18;;;10016.0;0.0
sideways_drift_s1;15300;INTARIAN_PEPPER_ROOT;11967;19;11963;25;;;12019;16;12023;19;;;11993.0;0.0
sideways_drift_s1;15300;ASH_COATED_OSMIUM;10002;7;9999;25;;;10028;18;10032;15;;;10015.0;0.0
sideways_drift_s1;15400;INTARIAN_PEPPER_ROOT;11989;17;11987;20;;;12005;15;12007;22;;;11997.0;0.0
sideways_drift_s1;15400;ASH_COATED_OSMIUM;10013;6;10010;32;;;10017;22;10019;16;;;10015.0;0.0
sideways_drift_s1;15500;INTARIAN_PEPPER_ROOT;11998;7;11996;19;;;12000;9;12003;14;;;11999.0;0.0
sideways_drift_s1;15500;ASH_COATED_OSMIUM;10016;9;10013;17;;;10022;12;10024;16;;;10019.0;0.0
sideways_drift_s1;15600;INTARIAN_PEPPER_ROOT;11977;8;11974;15;;;12025;8;12027;15;;;12001.0;0.0
sideways_drift_s1;15600;ASH_COATED_OSMIUM;10008;14;10004;18;;;10030;16;10032;25;;;10019.0;0.0
sideways_drift_s1;15700;INTARIAN_PEPPER_ROOT;12001;17;11997;28;;;12005;19;12007;20;;;12003.0;0.0
sideways_drift_s1;15700;ASH_COATED_OSMIUM;10018;5;10016;13;;;10020;9;10024;21;;;10019.0;0.0
sideways_drift_s1;15800;INTARIAN_PEPPER_ROOT;11971;17;11968;8;;;12039;10;12043;22;;;12005.0;0.0
sideways_drift_s1;15800;ASH_COATED_OSMIUM;10014;15;10010;19;;;10018;17;10021;16;;;10016.0;0.0
sideways_drift_s1;15900;INTARIAN_PEPPER_ROOT;12006;16;12002;22;;;12010;18;12014;13;;;12008.0;0.0
sideways_drift_s1;15900;ASH_COATED_OSMIUM;10019;6;10015;22;;;10021;20;10024;17;;;10020.0;0.0
sideways_drift_s1;16000;INTARIAN_PEPPER_ROOT;11995;16;11992;22;;;12023;11;12026;18;;;12009.0;0.0
sideways_drift_s1;16000;ASH_COATED_OSMIUM;10018;10;10014;23;;;10022;14;10024;13;;;10020.0;0.0
sideways_drift_s1;16100;INTARIAN_PEPPER_ROOT;12009;24;12005;28;;;12011;9;12014;24;;;12010.0;0.0
sideways_drift_s1;16100;ASH_COATED_OSMIUM;10015;13;10012;14;;;10025;17;10028;12;;;10020.0;0.0
sideways_drift_s1;16200;INTARIAN_PEPPER_ROOT;12012;12;12010;16;;;12014;15;12018;16;;;12013.0;0.0
sideways_drift_s1;16200;ASH_COATED_OSMIUM;10020;8;10018;24;;;10022;9;10026;14;;;10021.0;0.0
sideways_drift_s1;16300;INTARIAN_PEPPER_ROOT;11988;12;11986;20;;;12042;10;12045;27;;;12015.0;0.0
sideways_drift_s1;16300;ASH_COATED_OSMIUM;10024;8;10020;15;;;10026;5;10030;18;;;10025.0;0.0
sideways_drift_s1;16400;INTARIAN_PEPPER_ROOT;12010;8;12007;21;;;12026;17;12028;24;;;12018.0;0.0
sideways_drift_s1;16400;ASH_COATED_OSMIUM;10023;12;10019;27;;;10025;19;10029;18;;;10024.0;0.0
sideways_drift_s1;16500;INTARIAN_PEPPER_ROOT;12019;9;12017;23;;;12021;6;12025;18;;;12020.0;0.0
sideways_drift_s1;16500;ASH_COATED_OSMIUM;10015;6;10011;24;;;10037;25;10039;12;;;10026.0;0.0
sideways_drift_s1;16600;INTARIAN_PEPPER_ROOT;12022;14;12020;21;;;12024;16;12027;12;;;12023.0;0.0
sideways_drift_s1;16600;ASH_COATED_OSMIUM;10025;23;10022;24;;;10027;14;10029;21;;;10026.0;0.0
sideways_drift_s1;16700;INTARIAN_PEPPER_ROOT;12024;15;12022;27;;;12026;12;12028;18;;;12025.0;0.0
sideways_drift_s1;16700;ASH_COATED_OSMIUM;10024;18;10022;23;;;10032;9;10035;26;;;10028.0;0.0
sideways_drift_s1;16800;INTARIAN_PEPPER_ROOT;12025;12;12022;20;;;12035;15;12039;18;;;12030.0;0.0
sideways_drift_s1;16800;ASH_COATED_OSMIUM;9991;13;9989;18;;;10061;12;10063;8;;;10026.0;0.0
sideways_drift_s1;16900;INTARIAN_PEPPER_ROOT;12029;8;12026;18;;;12031;14;12033;20;;;12030.0;0.0
sideways_drift_s1;16900;ASH_COATED_OSMIUM;10006;13;10004;17;;;10052;19;10055;24;;;10029.0;0.0
sideways_drift_s1;17000;INTARIAN_PEPPER_ROOT;12028;18;12026;23;;;12036;16;12039;20;;;12032.0;0.0
sideways_drift_s1;17000;ASH_COATED_OSMIUM;10025;13;10021;22;;;10035;25;10039;27;;;10030.0;0.0
sideways_drift_s1;17100;INTARIAN_PEPPER_ROOT;12028;15;12025;20;;;12040;14;12044;23;;;12034.0;0.0
sideways_drift_s1;17100;ASH_COATED_OSMIUM;10018;11;10014;20;;;10044;17;10046;23;;;10031.0;0.0
sideways_drift_s1;17200;INTARIAN_PEPPER_ROOT;12032;18;12028;8;;;12048;22;12050;23;;;12040.0;0.0
sideways_drift_s1;17200;ASH_COATED_OSMIUM;10022;17;10018;15;;;10046;14;10050;22;;;10034.0;0.0
sideways_drift_s1;17300;INTARIAN_PEPPER_ROOT;12041;14;12038;14;;;12043;19;12046;16;;;12042.0;0.0
sideways_drift_s1;17300;ASH_COATED_OSMIUM;10033;12;10030;17;;;10035;17;10038;29;;;10034.0;0.0
sideways_drift_s1;17400;INTARIAN_PEPPER_ROOT;12043;15;12041;13;;;12045;17;12047;21;;;12044.0;0.0
sideways_drift_s1;17400;ASH_COATED_OSMIUM;10030;18;10026;16;;;10042;14;10044;9;;;10036.0;0.0
sideways_drift_s1;17500;INTARIAN_PEPPER_ROOT;12027;9;12024;18;;;12065;16;12068;13;;;12046.0;0.0
sideways_drift_s1;17500;ASH_COATED_OSMIUM;10030;13;10027;26;;;10042;11;10046;10;;;10036.0;0.0
sideways_drift_s1;17600;INTARIAN_PEPPER_ROOT;12048;6;12045;21;;;12050;16;12052;20;;;12049.0;0.0
sideways_drift_s1;17600;ASH_COATED_OSMIUM;10033;13;10030;20;;;10035;18;10037;13;;;10034.0;0.0
sideways_drift_s1;17700;INTARIAN_PEPPER_ROOT;12049;20;12047;12;;;12053;8;12055;29;;;12051.0;0.0
sideways_drift_s1;17700;ASH_COATED_OSMIUM;10034;14;10030;23;;;10036;15;10039;9;;;10035.0;0.0
sideways_drift_s1;17800;INTARIAN_PEPPER_ROOT;12048;15;12046;24;;;12060;17;12064;23;;;12054.0;0.0
sideways_drift_s1;17800;ASH_COATED_OSMIUM;10032;17;10028;22;;;10036;9;10040;17;;;10034.0;0.0
sideways_drift_s1;17900;INTARIAN_PEPPER_ROOT;12054;15;12052;15;;;12056;16;12060;28;;;12055.0;0.0
sideways_drift_s1;17900;ASH_COATED_OSMIUM;10021;14;10019;26;;;10041;16;10043;33;;;10031.0;0.0
sideways_drift_s1;18000;INTARIAN_PEPPER_ROOT;12051;10;12047;22;;;12061;5;12063;23;;;12056.0;0.0
sideways_drift_s1;18000;ASH_COATED_OSMIUM;10025;13;10023;28;;;10035;13;10037;24;;;10030.0;0.0
sideways_drift_s1;18100;INTARIAN_PEPPER_ROOT;12054;10;12050;27;;;12064;12;12067;22;;;12059.0;0.0
sideways_drift_s1;18100;ASH_COATED_OSMIUM;10026;14;10022;24;;;10040;16;10044;21;;;10033.0;0.0
sideways_drift_s1;18200;INTARIAN_PEPPER_ROOT;12059;18;12056;12;;;12063;5;12065;15;;;12061.0;0.0
sideways_drift_s1;18200;ASH_COATED_OSMIUM;10028;8;10024;12;;;10044;7;10046;14;;;10036.0;0.0
sideways_drift_s1;18300;INTARIAN_PEPPER_ROOT;12064;6;12062;15;;;12066;16;12069;20;;;12065.0;0.0
sideways_drift_s1;18300;ASH_COATED_OSMIUM;10022;12;10019;14;;;10042;5;10045;18;;;10032.0;0.0
sideways_drift_s1;18400;INTARIAN_PEPPER_ROOT;12026;12;12024;12;;;12106;14;12109;18;;;12066.0;0.0
sideways_drift_s1;18400;ASH_COATED_OSMIUM;10029;14;10026;19;;;10037;11;10041;16;;;10033.0;0.0
sideways_drift_s1;18500;INTARIAN_PEPPER_ROOT;12066;18;12063;10;;;12070;7;12074;8;;;12068.0;0.0
sideways_drift_s1;18500;ASH_COATED_OSMIUM;10032;16;10029;22;;;10038;20;10042;18;;;10035.0;0.0
sideways_drift_s1;18600;INTARIAN_PEPPER_ROOT;12066;16;12064;16;;;12074;9;12077;19;;;12070.0;0.0
sideways_drift_s1;18600;ASH_COATED_OSMIUM;10019;5;10015;27;;;10055;15;10059;21;;;10037.0;0.0
sideways_drift_s1;18700;INTARIAN_PEPPER_ROOT;12064;5;12060;26;;;12080;10;12084;26;;;12072.0;0.0
sideways_drift_s1;18700;ASH_COATED_OSMIUM;10036;25;10032;23;;;10040;13;10044;23;;;10038.0;0.0
sideways_drift_s1;18800;INTARIAN_PEPPER_ROOT;12054;16;12051;20;;;12096;14;12099;23;;;12075.0;0.0
sideways_drift_s1;18800;ASH_COATED_OSMIUM;10033;11;10030;13;;;10035;11;10039;22;;;10034.0;0.0
sideways_drift_s1;18900;INTARIAN_PEPPER_ROOT;12066;10;12062;18;;;12088;14;12092;13;;;12077.0;0.0
sideways_drift_s1;18900;ASH_COATED_OSMIUM;10033;16;10031;9;;;10039;11;10042;21;;;10036.0;0.0
sideways_drift_s1;19000;INTARIAN_PEPPER_ROOT;12061;14;12057;21;;;12099;12;12102;25;;;12080.0;0.0
sideways_drift_s1;19000;ASH_COATED_OSMIUM;10033;13;10030;17;;;10039;11;10041;20;;;10036.0;0.0
sideways_drift_s1;19100;INTARIAN_PEPPER_ROOT;12081;19;12078;16;;;12083;19;12085;23;;;12082.0;0.0
sideways_drift_s1;19100;ASH_COATED_OSMIUM;10022;11;10018;17;;;10054;11;10056;9;;;10038.0;0.0
sideways_drift_s1;19200;INTARIAN_PEPPER_ROOT;12059;11;12057;24;;;12113;15;12117;25;;;12086.0;0.0
sideways_drift_s1;19200;ASH_COATED_OSMIUM;10038;10;10034;19;;;10040;17;10043;17;;;10039.0;0.0
sideways_drift_s1;19300;INTARIAN_PEPPER_ROOT;12083;14;12080;23;;;12093;15;12096;24;;;12088.0;0.0
sideways_drift_s1;19300;ASH_COATED_OSMIUM;10034;18;10031;24;;;10050;15;10053;17;;;10042.0;0.0
sideways_drift_s1;19400;INTARIAN_PEPPER_ROOT;12090;14;12088;13;;;12092;13;12095;15;;;12091.0;0.0
sideways_drift_s1;19400;ASH_COATED_OSMIUM;10039;17;10035;25;;;10049;8;10051;17;;;10044.0;0.0
sideways_drift_s1;19500;INTARIAN_PEPPER_ROOT;12087;16;12084;14;;;12095;17;12097;21;;;12091.0;0.0
sideways_drift_s1;19500;ASH_COATED_OSMIUM;10033;7;10031;19;;;10049;5;10053;17;;;10041.0;0.0
sideways_drift_s1;19600;INTARIAN_PEPPER_ROOT;12092;13;12090;25;;;12096;19;12100;8;;;12094.0;0.0
sideways_drift_s1;19600;ASH_COATED_OSMIUM;10044;11;10041;10;;;10046;14;10048;15;;;10045.0;0.0
sideways_drift_s1;19700;INTARIAN_PEPPER_ROOT;12088;13;12085;24;;;12104;7;12108;21;;;12096.0;0.0
sideways_drift_s1;19700;ASH_COATED_OSMIUM;10042;9;10038;11;;;10046;11;10049;22;;;10044.0;0.0
sideways_drift_s1;19800;INTARIAN_PEPPER_ROOT;12098;11;12096;23;;;12100;9;12102;14;;;12099.0;0.0
sideways_drift_s1;19800;ASH_COATED_OSMIUM;10029;15;10026;16;;;10053;12;10056;27;;;10041.0;0.0
sideways_drift_s1;19900;INTARIAN_PEPPER_ROOT;12100;13;12096;13;;;12102;14;12104;17;;;12101.0;0.0
sideways_drift_s1;19900;ASH_COATED_OSMIUM;10026;16;10022;22;;;10058;8;10060;15;;;10042.0;0.0
sideways_drift_s1;20000;INTARIAN_PEPPER_ROOT;12090;23;12086;23;;;12116;13;12120;13;;;12103.0;0.0
sideways_drift_s1;20000;ASH_COATED_OSMIUM;10038;7;10035;28;;;10044;13;10047;14;;;10041.0;0.0
sideways_drift_s1;20100;INTARIAN_PEPPER_ROOT;12100;16;12098;14;;;12110;10;12114;18;;;12105.0;0.0
sideways_drift_s1;20100;ASH_COATED_OSMIUM;10036;8;10034;12;;;10050;13;10054;27;;;10043.0;0.0
sideways_drift_s1;20200;INTARIAN_PEPPER_ROOT;12106;11;12102;18;;;12108;7;12110;18;;;12107.0;0.0
sideways_drift_s1;20200;ASH_COATED_OSMIUM;10040;12;10038;14;;;10048;15;10052;20;;;10044.0;0.0
sideways_drift_s1;20300;INTARIAN_PEPPER_ROOT;12109;16;12106;15;;;12111;13;12114;21;;;12110.0;0.0
sideways_drift_s1;20300;ASH_COATED_OSMIUM;10038;8;10034;15;;;10050;13;10053;16;;;10044.0;0.0
sideways_drift_s1;20400;INTARIAN_PEPPER_ROOT;12091;14;12088;16;;;12129;15;12133;19;;;12110.0;0.0
sideways_drift_s1;20400;ASH_COATED_OSMIUM;10042;17;10038;21;;;10048;18;10051;14;;;10045.0;0.0
sideways_drift_s1;20500;INTARIAN_PEPPER_ROOT;12103;23;12099;23;;;12117;13;12121;21;;;12110.0;0.0
sideways_drift_s1;20500;ASH_COATED_OSMIUM;10045;14;10043;26;;;10047;16;10049;11;;;10046.0;0.0
sideways_drift_s1;20600;INTARIAN_PEPPER_ROOT;12103;14;12101;16;;;12119;20;12122;25;;;12111.0;0.0
sideways_drift_s1;20600;ASH_COATED_OSMIUM;10040;10;10037;25;;;10056;15;10058;14;;;10048.0;0.0
sideways_drift_s1;20700;INTARIAN_PEPPER_ROOT;12110;13;12108;19;;;12112;18;12115;16;;;12111.0;0.0
sideways_drift_s1;20700;ASH_COATED_OSMIUM;10048;8;10046;13;;;10052;8;10055;17;;;10050.0;0.0
sideways_drift_s1;20800;INTARIAN_PEPPER_ROOT;12107;8;12105;15;;;12117;11;12120;19;;;12112.0;0.0
sideways_drift_s1;20800;ASH_COATED_OSMIUM;10043;13;10039;31;;;10053;26;10057;26;;;10048.0;0.0
sideways_drift_s1;20900;INTARIAN_PEPPER_ROOT;12112;7;12109;16;;;12118;12;12122;20;;;12115.0;0.0
sideways_drift_s1;20900;ASH_COATED_OSMIUM;10045;17;10043;21;;;10047;8;10049;18;;;10046.0;0.0
sideways_drift_s1;21000;INTARIAN_PEPPER_ROOT;12111;19;12109;19;;;12121;15;12124;17;;;12116.0;0.0
sideways_drift_s1;21000;ASH_COATED_OSMIUM;10035;8;10031;20;;;10049;13;10051;14;;;10042.0;0.0
sideways_drift_s1;21100;INTARIAN_PEPPER_ROOT;12111;10;12109;16;;;12123;20;12126;16;;;12117.0;0.0
sideways_drift_s1;21100;ASH_COATED_OSMIUM;10037;8;10033;14;;;10045;15;10047;22;;;10041.0;0.0
sideways_drift_s1;21200;INTARIAN_PEPPER_ROOT;12118;19;12115;20;;;12120;17;12123;14;;;12119.0;0.0
sideways_drift_s1;21200;ASH_COATED_OSMIUM;9997;19;9994;23;;;10089;13;10092;19;;;10043.0;0.0
sideways_drift_s1;21300;INTARIAN_PEPPER_ROOT;12119;15;12117;14;;;12121;19;12123;20;;;12120.0;0.0
sideways_drift_s1;21300;ASH_COATED_OSMIUM;10039;19;10037;18;;;10045;14;10047;20;;;10042.0;0.0
sideways_drift_s1;21400;INTARIAN_PEPPER_ROOT;12117;15;12114;32;;;12125;21;12127;22;;;12121.0;0.0
sideways_drift_s1;21400;ASH_COATED_OSMIUM;10031;5;10028;18;;;10053;10;10056;21;;;10042.0;0.0
sideways_drift_s1;21500;INTARIAN_PEPPER_ROOT;12121;16;12117;17;;;12127;15;12131;23;;;12124.0;0.0
sideways_drift_s1;21500;ASH_COATED_OSMIUM;10038;21;10035;25;;;10054;13;10058;15;;;10046.0;0.0
sideways_drift_s1;21600;INTARIAN_PEPPER_ROOT;12121;9;12117;13;;;12129;8;12131;24;;;12125.0;0.0
sideways_drift_s1;21600;ASH_COATED_OSMIUM;10041;9;10038;19;;;10049;14;10053;23;;;10045.0;0.0
sideways_drift_s1;21700;INTARIAN_PEPPER_ROOT;12124;10;12121;27;;;12128;19;12131;15;;;12126.0;0.0
sideways_drift_s1;21700;ASH_COATED_OSMIUM;10037;9;10035;22;;;10051;6;10053;18;;;10044.0;0.0
sideways_drift_s1;21800;INTARIAN_PEPPER_ROOT;12129;20;12125;25;;;12131;11;12133;30;;;12130.0;0.0
sideways_drift_s1;21800;ASH_COATED_OSMIUM;10040;5;10038;22;;;10052;5;10055;20;;;10046.0;0.0
sideways_drift_s1;21900;INTARIAN_PEPPER_ROOT;12123;19;12119;22;;;12137;5;12140;20;;;12130.0;0.0
sideways_drift_s1;21900;ASH_COATED_OSMIUM;10045;16;10042;17;;;10047;12;10050;20;;;10046.0;0.0
sideways_drift_s1;22000;INTARIAN_PEPPER_ROOT;12133;12;12130;21;;;12135;7;12137;19;;;12134.0;0.0
sideways_drift_s1;22000;ASH_COATED_OSMIUM;10038;7;10036;24;;;10056;30;10059;21;;;10047.0;0.0
sideways_drift_s1;22100;INTARIAN_PEPPER_ROOT;12132;13;12129;12;;;12140;21;12142;21;;;12136.0;0.0
sideways_drift_s1;22100;ASH_COATED_OSMIUM;10046;16;10044;19;;;10048;11;10052;18;;;10047.0;0.0
sideways_drift_s1;22200;INTARIAN_PEPPER_ROOT;12138;21;12135;20;;;12140;17;12143;21;;;12139.0;0.0
sideways_drift_s1;22200;ASH_COATED_OSMIUM;10038;8;10034;22;;;10052;11;10055;22;;;10045.0;0.0
sideways_drift_s1;22300;INTARIAN_PEPPER_ROOT;12136;18;12133;11;;;12144;19;12146;17;;;12140.0;0.0
sideways_drift_s1;22300;ASH_COATED_OSMIUM;10038;17;10034;18;;;10050;5;10054;24;;;10044.0;0.0
sideways_drift_s1;22400;INTARIAN_PEPPER_ROOT;12140;23;12136;24;;;12142;15;12146;17;;;12141.0;0.0
sideways_drift_s1;22400;ASH_COATED_OSMIUM;10040;19;10037;18;;;10050;19;10053;9;;;10045.0;0.0
sideways_drift_s1;22500;INTARIAN_PEPPER_ROOT;12130;11;12127;26;;;12158;8;12161;17;;;12144.0;0.0
sideways_drift_s1;22500;ASH_COATED_OSMIUM;10031;9;10027;18;;;10055;16;10057;19;;;10043.0;0.0
sideways_drift_s1;22600;INTARIAN_PEPPER_ROOT;12144;11;12141;17;;;12146;8;12148;25;;;12145.0;0.0
sideways_drift_s1;22600;ASH_COATED_OSMIUM;10027;11;10025;23;;;10057;10;10061;17;;;10042.0;0.0
sideways_drift_s1;22700;INTARIAN_PEPPER_ROOT;12145;19;12143;15;;;12147;15;12151;20;;;12146.0;0.0
sideways_drift_s1;22700;ASH_COATED_OSMIUM;10040;5;10036;15;;;10046;15;10049;22;;;10043.0;0.0
sideways_drift_s1;22800;INTARIAN_PEPPER_ROOT;12145;13;12142;11;;;12149;11;12151;21;;;12147.0;0.0
sideways_drift_s1;22800;ASH_COATED_OSMIUM;10042;8;10039;21;;;10044;8;10048;22;;;10043.0;0.0
sideways_drift_s1;22900;INTARIAN_PEPPER_ROOT;12144;21;12140;26;;;12152;30;12154;18;;;12148.0;0.0
sideways_drift_s1;22900;ASH_COATED_OSMIUM;10032;15;10028;19;;;10052;9;10054;20;;;10042.0;0.0
sideways_drift_s1;23000;INTARIAN_PEPPER_ROOT;12138;19;12134;22;;;12160;16;12162;24;;;12149.0;0.0
sideways_drift_s1;23000;ASH_COATED_OSMIUM;10031;15;10029;23;;;10051;15;10053;28;;;10041.0;0.0
sideways_drift_s1;23100;INTARIAN_PEPPER_ROOT;12146;14;12142;24;;;12156;16;12158;14;;;12151.0;0.0
sideways_drift_s1;23100;ASH_COATED_OSMIUM;10036;6;10033;23;;;10052;7;10054;20;;;10044.0;0.0
sideways_drift_s1;23200;INTARIAN_PEPPER_ROOT;12124;14;12120;16;;;12182;9;12185;30;;;12153.0;0.0
sideways_drift_s1;23200;ASH_COATED_OSMIUM;10041;21;10038;16;;;10043;15;10047;23;;;10042.0;0.0
sideways_drift_s1;23300;INTARIAN_PEPPER_ROOT;12153;8;12151;19;;;12159;14;12162;12;;;12156.0;0.0
sideways_drift_s1;23300;ASH_COATED_OSMIUM;10033;13;10031;26;;;10047;8;10049;26;;;10040.0;0.0
sideways_drift_s1;23400;INTARIAN_PEPPER_ROOT;12155;7;12152;16;;;12159;14;12162;22;;;12157.0;0.0
sideways_drift_s1;23400;ASH_COATED_OSMIUM;10033;16;10030;24;;;10041;9;10045;22;;;10037.0;0.0
sideways_drift_s1;23500;INTARIAN_PEPPER_ROOT;12146;20;12143;16;;;12166;16;12169;19;;;12156.0;0.0
sideways_drift_s1;23500;ASH_COATED_OSMIUM;10035;10;10031;20;;;10037;17;10040;23;;;10036.0;0.0
sideways_drift_s1;23600;INTARIAN_PEPPER_ROOT;12155;18;12152;16;;;12159;15;12163;28;;;12157.0;0.0
sideways_drift_s1;23600;ASH_COATED_OSMIUM;10028;11;10026;23;;;10044;8;10046;16;;;10036.0;0.0
sideways_drift_s1;23700;INTARIAN_PEPPER_ROOT;12155;8;12153;21;;;12161;8;12164;25;;;12158.0;0.0
sideways_drift_s1;23700;ASH_COATED_OSMIUM;10026;15;10024;17;;;10048;6;10050;13;;;10037.0;0.0
sideways_drift_s1;23800;INTARIAN_PEPPER_ROOT;12145;15;12142;18;;;12169;17;12172;21;;;12157.0;0.0
sideways_drift_s1;23800;ASH_COATED_OSMIUM;10010;15;10008;21;;;10066;13;10070;16;;;10038.0;0.0
sideways_drift_s1;23900;INTARIAN_PEPPER_ROOT;12158;10;12155;12;;;12160;9;12163;22;;;12159.0;0.0
sideways_drift_s1;23900;ASH_COATED_OSMIUM;10030;10;10026;22;;;10046;5;10049;19;;;10038.0;0.0
sideways_drift_s1;24000;INTARIAN_PEPPER_ROOT;12136;10;12132;28;;;12184;20;12187;20;;;12160.0;0.0
sideways_drift_s1;24000;ASH_COATED_OSMIUM;10035;10;10031;24;;;10043;5;10047;23;;;10039.0;0.0
sideways_drift_s1;24100;INTARIAN_PEPPER_ROOT;12157;8;12154;12;;;12165;25;12167;17;;;12161.0;0.0
sideways_drift_s1;24100;ASH_COATED_OSMIUM;10022;19;10018;20;;;10056;10;10059;19;;;10039.0;0.0
sideways_drift_s1;24200;INTARIAN_PEPPER_ROOT;12140;17;12136;21;;;12182;5;12186;25;;;12161.0;0.0
sideways_drift_s1;24200;ASH_COATED_OSMIUM;10038;15;10035;22;;;10040;11;10042;22;;;10039.0;0.0
sideways_drift_s1;24300;INTARIAN_PEPPER_ROOT;12160;5;12157;13;;;12162;12;12166;13;;;12161.0;0.0
sideways_drift_s1;24300;ASH_COATED_OSMIUM;10037;6;10034;15;;;10047;22;10050;17;;;10042.0;0.0
sideways_drift_s1;24400;INTARIAN_PEPPER_ROOT;12161;16;12159;13;;;12163;11;12167;27;;;12162.0;0.0
sideways_drift_s1;24400;ASH_COATED_OSMIUM;10041;8;10037;29;;;10043;10;10046;25;;;10042.0;0.0
sideways_drift_s1;24500;INTARIAN_PEPPER_ROOT;12162;9;12159;23;;;12164;7;12166;21;;;12163.0;0.0
sideways_drift_s1;24500;ASH_COATED_OSMIUM;10031;14;10029;19;;;10047;20;10050;19;;;10039.0;0.0
sideways_drift_s1;24600;INTARIAN_PEPPER_ROOT;12161;12;12157;21;;;12169;15;12171;19;;;12165.0;0.0
sideways_drift_s1;24600;ASH_COATED_OSMIUM;10037;15;10035;20;;;10045;12;10049;17;;;10041.0;0.0
sideways_drift_s1;24700;INTARIAN_PEPPER_ROOT;12150;16;12147;17;;;12180;11;12184;22;;;12165.0;0.0
sideways_drift_s1;24700;ASH_COATED_OSMIUM;10030;12;10027;16;;;10054;28;10057;24;;;10042.0;0.0
sideways_drift_s1;24800;INTARIAN_PEPPER_ROOT;12168;12;12166;23;;;12170;21;12173;17;;;12169.0;0.0
sideways_drift_s1;24800;ASH_COATED_OSMIUM;10039;8;10037;10;;;10047;7;10050;11;;;10043.0;0.0
sideways_drift_s1;24900;INTARIAN_PEPPER_ROOT;12167;7;12164;26;;;12169;17;12171;18;;;12168.0;0.0
sideways_drift_s1;24900;ASH_COATED_OSMIUM;10028;17;10025;19;;;10062;10;10064;11;;;10045.0;0.0
sideways_drift_s1;25000;INTARIAN_PEPPER_ROOT;12168;11;12164;24;;;12170;8;12173;22;;;12169.0;0.0
sideways_drift_s1;25000;ASH_COATED_OSMIUM;10045;5;10042;17;;;10049;16;10053;14;;;10047.0;0.0
sideways_drift_s1;25100;INTARIAN_PEPPER_ROOT;12165;22;12163;17;;;12175;12;12177;14;;;12170.0;0.0
sideways_drift_s1;25100;ASH_COATED_OSMIUM;10040;15;10038;20;;;10046;5;10050;19;;;10043.0;0.0
sideways_drift_s1;25200;INTARIAN_PEPPER_ROOT;12134;17;12130;27;;;12202;25;12204;18;;;12168.0;0.0
sideways_drift_s1;25200;ASH_COATED_OSMIUM;10031;19;10027;25;;;10057;12;10060;22;;;10044.0;0.0
sideways_drift_s1;25300;INTARIAN_PEPPER_ROOT;12148;16;12146;16;;;12194;11;12197;23;;;12171.0;0.0
sideways_drift_s1;25300;ASH_COATED_OSMIUM;10038;11;10036;24;;;10052;7;10054;28;;;10045.0;0.0
sideways_drift_s1;25400;INTARIAN_PEPPER_ROOT;12171;8;12167;17;;;12173;14;12177;14;;;12172.0;0.0
sideways_drift_s1;25400;ASH_COATED_OSMIUM;10040;7;10036;18;;;10054;6;10058;20;;;10047.0;0.0
sideways_drift_s1;25500;INTARIAN_PEPPER_ROOT;12163;16;12161;22;;;12179;25;12182;22;;;12171.0;0.0
sideways_drift_s1;25500;ASH_COATED_OSMIUM;10030;9;10027;27;;;10054;11;10056;22;;;10042.0;0.0
sideways_drift_s1;25600;INTARIAN_PEPPER_ROOT;12165;9;12162;19;;;12183;15;12187;23;;;12174.0;0.0
sideways_drift_s1;25600;ASH_COATED_OSMIUM;10034;21;10032;21;;;10050;10;10054;9;;;10042.0;0.0
sideways_drift_s1;25700;INTARIAN_PEPPER_ROOT;12174;15;12171;22;;;12178;8;12182;27;;;12176.0;0.0
sideways_drift_s1;25700;ASH_COATED_OSMIUM;10035;15;10033;13;;;10051;12;10053;18;;;10043.0;0.0
sideways_drift_s1;25800;INTARIAN_PEPPER_ROOT;12171;8;12167;22;;;12183;11;12186;25;;;12177.0;0.0
sideways_drift_s1;25800;ASH_COATED_OSMIUM;10025;5;10022;21;;;10059;15;10061;17;;;10042.0;0.0
sideways_drift_s1;25900;INTARIAN_PEPPER_ROOT;12176;21;12173;23;;;12178;15;12180;21;;;12177.0;0.0
sideways_drift_s1;25900;ASH_COATED_OSMIUM;10038;22;10035;21;;;10052;14;10054;23;;;10045.0;0.0
sideways_drift_s1;26000;INTARIAN_PEPPER_ROOT;12175;24;12172;20;;;12181;14;12183;16;;;12178.0;0.0
sideways_drift_s1;26000;ASH_COATED_OSMIUM;10040;14;10038;23;;;10050;15;10053;22;;;10045.0;0.0
sideways_drift_s1;26100;INTARIAN_PEPPER_ROOT;12174;23;12170;20;;;12180;14;12182;27;;;12177.0;0.0
sideways_drift_s1;26100;ASH_COATED_OSMIUM;10009;16;10005;23;;;10077;18;10081;19;;;10043.0;0.0
sideways_drift_s1;26200;INTARIAN_PEPPER_ROOT;12174;9;12171;20;;;12184;14;12188;15;;;12179.0;0.0
sideways_drift_s1;26200;ASH_COATED_OSMIUM;10035;12;10033;29;;;10049;16;10053;18;;;10042.0;0.0
sideways_drift_s1;26300;INTARIAN_PEPPER_ROOT;12172;13;12170;24;;;12186;15;12190;14;;;12179.0;0.0
sideways_drift_s1;26300;ASH_COATED_OSMIUM;10018;15;10015;27;;;10064;10;10066;20;;;10041.0;0.0
sideways_drift_s1;26400;INTARIAN_PEPPER_ROOT;12175;17;12171;29;;;12185;7;12188;18;;;12180.0;0.0
sideways_drift_s1;26400;ASH_COATED_OSMIUM;10014;12;10010;20;;;10058;16;10060;17;;;10036.0;0.0
sideways_drift_s1;26500;INTARIAN_PEPPER_ROOT;12176;7;12172;22;;;12188;15;12190;21;;;12182.0;0.0
sideways_drift_s1;26500;ASH_COATED_OSMIUM;10029;16;10025;25;;;10039;5;10042;18;;;10034.0;0.0
sideways_drift_s1;26600;INTARIAN_PEPPER_ROOT;12171;21;12167;17;;;12195;26;12197;19;;;12183.0;0.0
sideways_drift_s1;26600;ASH_COATED_OSMIUM;10031;18;10027;26;;;10035;14;10038;9;;;10033.0;0.0
sideways_drift_s1;26700;INTARIAN_PEPPER_ROOT;12182;19;12180;17;;;12186;19;12188;22;;;12184.0;0.0
sideways_drift_s1;26700;ASH_COATED_OSMIUM;10031;6;10028;19;;;10033;12;10037;22;;;10032.0;0.0
sideways_drift_s1;26800;INTARIAN_PEPPER_ROOT;12167;7;12165;10;;;12203;17;12206;15;;;12185.0;0.0
sideways_drift_s1;26800;ASH_COATED_OSMIUM;10033;9;10030;18;;;10041;8;10044;8;;;10037.0;0.0
sideways_drift_s1;26900;INTARIAN_PEPPER_ROOT;12184;7;12180;9;;;12186;11;12188;21;;;12185.0;0.0
sideways_drift_s1;26900;ASH_COATED_OSMIUM;10033;10;10031;27;;;10035;16;10039;22;;;10034.0;0.0
sideways_drift_s1;27000;INTARIAN_PEPPER_ROOT;12183;9;12180;13;;;12191;12;12194;21;;;12187.0;0.0
sideways_drift_s1;27000;ASH_COATED_OSMIUM;10025;14;10021;14;;;10043;10;10047;17;;;10034.0;0.0
sideways_drift_s1;27100;INTARIAN_PEPPER_ROOT;12182;15;12178;21;;;12196;15;12198;23;;;12189.0;0.0
sideways_drift_s1;27100;ASH_COATED_OSMIUM;10014;12;10011;22;;;10052;12;10055;21;;;10033.0;0.0
sideways_drift_s1;27200;INTARIAN_PEPPER_ROOT;12188;19;12185;23;;;12192;17;12196;20;;;12190.0;0.0
sideways_drift_s1;27200;ASH_COATED_OSMIUM;10030;10;10026;20;;;10040;9;10044;19;;;10035.0;0.0
sideways_drift_s1;27300;INTARIAN_PEPPER_ROOT;12191;20;12187;17;;;12193;13;12197;21;;;12192.0;0.0
sideways_drift_s1;27300;ASH_COATED_OSMIUM;10033;12;10030;30;;;10035;11;10039;17;;;10034.0;0.0
sideways_drift_s1;27400;INTARIAN_PEPPER_ROOT;12187;26;12185;21;;;12197;14;12199;20;;;12192.0;0.0
sideways_drift_s1;27400;ASH_COATED_OSMIUM;10036;10;10032;25;;;10038;11;10042;9;;;10037.0;0.0
sideways_drift_s1;27500;INTARIAN_PEPPER_ROOT;12178;24;12175;18;;;12204;13;12207;24;;;12191.0;0.0
sideways_drift_s1;27500;ASH_COATED_OSMIUM;10027;6;10024;22;;;10043;12;10046;30;;;10035.0;0.0
sideways_drift_s1;27600;INTARIAN_PEPPER_ROOT;12185;13;12183;22;;;12197;5;12199;17;;;12191.0;0.0
sideways_drift_s1;27600;ASH_COATED_OSMIUM;10035;18;10033;24;;;10037;5;10041;27;;;10036.0;0.0
sideways_drift_s1;27700;INTARIAN_PEPPER_ROOT;12191;17;12189;21;;;12193;5;12197;25;;;12192.0;0.0
sideways_drift_s1;27700;ASH_COATED_OSMIUM;10029;12;10027;23;;;10037;18;10040;28;;;10033.0;0.0
sideways_drift_s1;27800;INTARIAN_PEPPER_ROOT;12191;9;12189;26;;;12193;10;12196;17;;;12192.0;0.0
sideways_drift_s1;27800;ASH_COATED_OSMIUM;10029;13;10025;28;;;10033;17;10036;28;;;10031.0;0.0
sideways_drift_s1;27900;INTARIAN_PEPPER_ROOT;12187;14;12185;19;;;12201;25;12205;12;;;12194.0;0.0
sideways_drift_s1;27900;ASH_COATED_OSMIUM;10011;16;10008;20;;;10051;16;10054;13;;;10031.0;0.0
sideways_drift_s1;28000;INTARIAN_PEPPER_ROOT;12191;14;12188;20;;;12197;12;12200;28;;;12194.0;0.0
sideways_drift_s1;28000;ASH_COATED_OSMIUM;10033;12;10029;25;;;10035;13;10038;23;;;10034.0;0.0
sideways_drift_s1;28100;INTARIAN_PEPPER_ROOT;12192;16;12189;21;;;12196;17;12199;20;;;12194.0;0.0
sideways_drift_s1;28100;ASH_COATED_OSMIUM;10003;18;9999;10;;;10061;5;10065;12;;;10032.0;0.0
sideways_drift_s1;28200;INTARIAN_PEPPER_ROOT;12186;14;12183;25;;;12202;17;12206;23;;;12194.0;0.0
sideways_drift_s1;28200;ASH_COATED_OSMIUM;10027;17;10025;20;;;10039;14;10042;14;;;10033.0;0.0
sideways_drift_s1;28300;INTARIAN_PEPPER_ROOT;12195;19;12191;25;;;12197;23;12199;29;;;12196.0;0.0
sideways_drift_s1;28300;ASH_COATED_OSMIUM;10026;14;10024;24;;;10042;11;10045;25;;;10034.0;0.0
sideways_drift_s1;28400;INTARIAN_PEPPER_ROOT;12194;13;12191;20;;;12200;13;12203;18;;;12197.0;0.0
sideways_drift_s1;28400;ASH_COATED_OSMIUM;10030;15;10027;21;;;10040;5;10042;20;;;10035.0;0.0
sideways_drift_s1;28500;INTARIAN_PEPPER_ROOT;12194;9;12191;12;;;12200;14;12202;20;;;12197.0;0.0
sideways_drift_s1;28500;ASH_COATED_OSMIUM;10009;21;10007;24;;;10059;18;10062;24;;;10034.0;0.0
sideways_drift_s1;28600;INTARIAN_PEPPER_ROOT;12196;22;12192;14;;;12198;17;12202;23;;;12197.0;0.0
sideways_drift_s1;28600;ASH_COATED_OSMIUM;10030;18;10028;27;;;10040;11;10044;15;;;10035.0;0.0
sideways_drift_s1;28700;INTARIAN_PEPPER_ROOT;12195;13;12192;13;;;12201;19;12205;17;;;12198.0;0.0
sideways_drift_s1;28700;ASH_COATED_OSMIUM;10033;11;10029;18;;;10037;7;10039;19;;;10035.0;0.0
sideways_drift_s1;28800;INTARIAN_PEPPER_ROOT;12188;16;12184;11;;;12208;7;12212;20;;;12198.0;0.0
sideways_drift_s1;28800;ASH_COATED_OSMIUM;10034;14;10030;18;;;10036;8;10039;19;;;10035.0;0.0
sideways_drift_s1;28900;INTARIAN_PEPPER_ROOT;12173;10;12169;14;;;12221;14;12224;11;;;12197.0;0.0
sideways_drift_s1;28900;ASH_COATED_OSMIUM;10027;11;10025;14;;;10039;5;10042;17;;;10033.0;0.0
sideways_drift_s1;29000;INTARIAN_PEPPER_ROOT;12196;6;12193;16;;;12200;23;12202;22;;;12198.0;0.0
sideways_drift_s1;29000;ASH_COATED_OSMIUM;10025;19;10023;19;;;10043;19;10047;26;;;10034.0;0.0
sideways_drift_s1;29100;INTARIAN_PEPPER_ROOT;12194;17;12190;22;;;12204;21;12206;26;;;12199.0;0.0
sideways_drift_s1;29100;ASH_COATED_OSMIUM;10034;12;10032;21;;;10036;13;10039;18;;;10035.0;0.0
sideways_drift_s1;29200;INTARIAN_PEPPER_ROOT;12198;16;12195;25;;;12200;19;12203;18;;;12199.0;0.0
sideways_drift_s1;29200;ASH_COATED_OSMIUM;10031;14;10029;20;;;10037;12;10039;18;;;10034.0;0.0
sideways_drift_s1;29300;INTARIAN_PEPPER_ROOT;12193;11;12190;24;;;12205;19;12208;20;;;12199.0;0.0
sideways_drift_s1;29300;ASH_COATED_OSMIUM;10025;6;10022;12;;;10041;18;10045;16;;;10033.0;0.0
sideways_drift_s1;29400;INTARIAN_PEPPER_ROOT;12194;12;12190;21;;;12204;6;12207;20;;;12199.0;0.0
sideways_drift_s1;29400;ASH_COATED_OSMIUM;10033;8;10031;23;;;10039;11;10041;17;;;10036.0;0.0
sideways_drift_s1;29500;INTARIAN_PEPPER_ROOT;12197;18;12193;25;;;12199;13;12202;20;;;12198.0;0.0
sideways_drift_s1;29500;ASH_COATED_OSMIUM;10013;11;10011;15;;;10059;13;10062;24;;;10036.0;0.0
sideways_drift_s1;29600;INTARIAN_PEPPER_ROOT;12198;15;12196;15;;;12200;18;12202;15;;;12199.0;0.0
sideways_drift_s1;29600;ASH_COATED_OSMIUM;10036;12;10033;21;;;10038;5;10040;12;;;10037.0;0.0
sideways_drift_s1;29700;INTARIAN_PEPPER_ROOT;12193;18;12191;20;;;12209;19;12211;22;;;12201.0;0.0
sideways_drift_s1;29700;ASH_COATED_OSMIUM;10028;8;10026;18;;;10046;8;10049;15;;;10037.0;0.0
sideways_drift_s1;29800;INTARIAN_PEPPER_ROOT;12199;16;12196;10;;;12201;15;12203;16;;;12200.0;0.0
sideways_drift_s1;29800;ASH_COATED_OSMIUM;10036;17;10033;9;;;10038;15;10040;21;;;10037.0;0.0
sideways_drift_s1;29900;INTARIAN_PEPPER_ROOT;12194;27;12192;12;;;12206;5;12210;18;;;12200.0;0.0
sideways_drift_s1;29900;ASH_COATED_OSMIUM;10022;19;10020;13;;;10042;10;10046;21;;;10032.0;0.0
sideways_drift_s1;30000;INTARIAN_PEPPER_ROOT;12201;24;12199;16;;;12205;6;12207;20;;;12203.0;0.0
sideways_drift_s1;30000;ASH_COATED_OSMIUM;10021;12;10017;14;;;10043;23;10047;8;;;10032.0;0.0
sideways_drift_s1;30100;INTARIAN_PEPPER_ROOT;12188;25;12184;17;;;12216;20;12218;19;;;12202.0;0.0
sideways_drift_s1;30100;ASH_COATED_OSMIUM;10031;9;10028;14;;;10039;9;10041;25;;;10035.0;0.0
sideways_drift_s1;30200;INTARIAN_PEPPER_ROOT;12199;19;12197;14;;;12201;16;12203;26;;;12200.0;0.0
sideways_drift_s1;30200;ASH_COATED_OSMIUM;10033;9;10031;14;;;10037;19;10041;21;;;10035.0;0.0
sideways_drift_s1;30300;INTARIAN_PEPPER_ROOT;12199;13;12197;21;;;12201;12;12205;20;;;12200.0;0.0
sideways_drift_s1;30300;ASH_COATED_OSMIUM;10031;6;10029;14;;;10033;10;10037;23;;;10032.0;0.0
sideways_drift_s1;30400;INTARIAN_PEPPER_ROOT;12197;10;12194;24;;;12203;14;12206;24;;;12200.0;0.0
sideways_drift_s1;30400;ASH_COATED_OSMIUM;10029;9;10026;18;;;10033;11;10037;20;;;10031.0;0.0
sideways_drift_s1;30500;INTARIAN_PEPPER_ROOT;12198;18;12195;15;;;12206;20;12208;21;;;12202.0;0.0
sideways_drift_s1;30500;ASH_COATED_OSMIUM;10027;6;10023;22;;;10029;14;10032;22;;;10028.0;0.0
sideways_drift_s1;30600;INTARIAN_PEPPER_ROOT;12201;11;12197;21;;;12203;11;12206;21;;;12202.0;0.0
sideways_drift_s1;30600;ASH_COATED_OSMIUM;10020;9;10016;14;;;10036;15;10040;25;;;10028.0;0.0
sideways_drift_s1;30700;INTARIAN_PEPPER_ROOT;12200;9;12198;14;;;12202;25;12204;23;;;12201.0;0.0
sideways_drift_s1;30700;ASH_COATED_OSMIUM;10023;19;10020;22;;;10035;20;10037;10;;;10029.0;0.0
sideways_drift_s1;30800;INTARIAN_PEPPER_ROOT;12199;18;12196;18;;;12205;8;12207;19;;;12202.0;0.0
sideways_drift_s1;30800;ASH_COATED_OSMIUM;10028;14;10026;24;;;10030;8;10033;18;;;10029.0;0.0
sideways_drift_s1;30900;INTARIAN_PEPPER_ROOT;12191;16;12189;11;;;12211;17;12215;11;;;12201.0;0.0
sideways_drift_s1;30900;ASH_COATED_OSMIUM;10031;11;10029;26;;;10033;7;10037;18;;;10032.0;0.0
sideways_drift_s1;31000;INTARIAN_PEPPER_ROOT;12199;15;12196;24;;;12207;26;12211;25;;;12203.0;0.0
sideways_drift_s1;31000;ASH_COATED_OSMIUM;10028;8;10026;25;;;10046;7;10049;26;;;10037.0;0.0
sideways_drift_s1;31100;INTARIAN_PEPPER_ROOT;12199;18;12195;25;;;12207;19;12211;23;;;12203.0;0.0
sideways_drift_s1;31100;ASH_COATED_OSMIUM;10034;11;10030;31;;;10036;12;10039;21;;;10035.0;0.0
sideways_drift_s1;31200;INTARIAN_PEPPER_ROOT;12185;16;12182;21;;;12223;16;12227;28;;;12204.0;0.0
sideways_drift_s1;31200;ASH_COATED_OSMIUM;10030;9;10027;18;;;10044;11;10046;20;;;10037.0;0.0
sideways_drift_s1;31300;INTARIAN_PEPPER_ROOT;12200;14;12197;32;;;12208;16;12210;25;;;12204.0;0.0
sideways_drift_s1;31300;ASH_COATED_OSMIUM;10007;9;10003;21;;;10063;10;10065;32;;;10035.0;0.0
sideways_drift_s1;31400;INTARIAN_PEPPER_ROOT;12198;9;12194;18;;;12216;14;12220;20;;;12207.0;0.0
sideways_drift_s1;31400;ASH_COATED_OSMIUM;10032;16;10029;13;;;10034;5;10036;18;;;10033.0;0.0
sideways_drift_s1;31500;INTARIAN_PEPPER_ROOT;12203;17;12200;19;;;12213;14;12217;16;;;12208.0;0.0
sideways_drift_s1;31500;ASH_COATED_OSMIUM;10034;7;10032;10;;;10036;13;10038;18;;;10035.0;0.0
sideways_drift_s1;31600;INTARIAN_PEPPER_ROOT;12207;11;12205;14;;;12209;7;12212;19;;;12208.0;0.0
sideways_drift_s1;31600;ASH_COATED_OSMIUM;10040;15;10037;21;;;10042;20;10046;29;;;10041.0;0.0
sideways_drift_s1;31700;INTARIAN_PEPPER_ROOT;12207;9;12204;16;;;12209;10;12212;23;;;12208.0;0.0
sideways_drift_s1;31700;ASH_COATED_OSMIUM;10038;14;10034;17;;;10040;22;10044;23;;;10039.0;0.0
sideways_drift_s1;31800;INTARIAN_PEPPER_ROOT;12184;16;12182;15;;;12230;15;12234;21;;;12207.0;0.0
sideways_drift_s1;31800;ASH_COATED_OSMIUM;10029;16;10026;15;;;10047;11;10049;25;;;10038.0;0.0
sideways_drift_s1;31900;INTARIAN_PEPPER_ROOT;12202;14;12199;15;;;12210;17;12212;21;;;12206.0;0.0
sideways_drift_s1;31900;ASH_COATED_OSMIUM;10036;14;10033;10;;;10044;14;10046;20;;;10040.0;0.0
sideways_drift_s1;32000;INTARIAN_PEPPER_ROOT;12201;21;12197;17;;;12213;9;12216;20;;;12207.0;0.0
sideways_drift_s1;32000;ASH_COATED_OSMIUM;10039;12;10035;11;;;10041;20;10043;21;;;10040.0;0.0
sideways_drift_s1;32100;INTARIAN_PEPPER_ROOT;12199;16;12197;16;;;12211;6;12214;26;;;12205.0;0.0
sideways_drift_s1;32100;ASH_COATED_OSMIUM;10040;6;10037;28;;;10042;24;10046;19;;;10041.0;0.0
sideways_drift_s1;32200;INTARIAN_PEPPER_ROOT;12195;20;12192;14;;;12215;12;12218;19;;;12205.0;0.0
sideways_drift_s1;32200;ASH_COATED_OSMIUM;10035;13;10031;21;;;10043;22;10047;19;;;10039.0;0.0
sideways_drift_s1;32300;INTARIAN_PEPPER_ROOT;12201;24;12198;18;;;12207;16;12209;26;;;12204.0;0.0
sideways_drift_s1;32300;ASH_COATED_OSMIUM;10030;10;10028;14;;;10048;11;10050;22;;;10039.0;0.0
sideways_drift_s1;32400;INTARIAN_PEPPER_ROOT;12203;18;12200;17;;;12205;11;12207;11;;;12204.0;0.0
sideways_drift_s1;32400;ASH_COATED_OSMIUM;10035;11;10033;21;;;10045;10;10049;16;;;10040.0;0.0
sideways_drift_s1;32500;INTARIAN_PEPPER_ROOT;12204;16;12202;23;;;12208;15;12211;27;;;12206.0;0.0
sideways_drift_s1;32500;ASH_COATED_OSMIUM;10036;16;10032;16;;;10042;14;10045;19;;;10039.0;0.0
sideways_drift_s1;32600;INTARIAN_PEPPER_ROOT;12203;23;12199;21;;;12205;22;12209;19;;;12204.0;0.0
sideways_drift_s1;32600;ASH_COATED_OSMIUM;10036;12;10033;15;;;10038;11;10042;18;;;10037.0;0.0
sideways_drift_s1;32700;INTARIAN_PEPPER_ROOT;12200;16;12197;20;;;12210;17;12214;15;;;12205.0;0.0
sideways_drift_s1;32700;ASH_COATED_OSMIUM;10030;5;10026;20;;;10048;11;10051;20;;;10039.0;0.0
sideways_drift_s1;32800;INTARIAN_PEPPER_ROOT;12201;16;12199;21;;;12209;17;12212;23;;;12205.0;0.0
sideways_drift_s1;32800;ASH_COATED_OSMIUM;10038;10;10035;23;;;10046;20;10048;24;;;10042.0;0.0
sideways_drift_s1;32900;INTARIAN_PEPPER_ROOT;12201;12;12197;26;;;12211;17;12215;23;;;12206.0;0.0
sideways_drift_s1;32900;ASH_COATED_OSMIUM;10013;7;10010;23;;;10063;14;10065;18;;;10038.0;0.0
sideways_drift_s1;33000;INTARIAN_PEPPER_ROOT;12205;12;12201;17;;;12207;13;12209;17;;;12206.0;0.0
sideways_drift_s1;33000;ASH_COATED_OSMIUM;10029;11;10026;17;;;10043;11;10046;16;;;10036.0;0.0
sideways_drift_s1;33100;INTARIAN_PEPPER_ROOT;12205;7;12203;27;;;12209;18;12213;21;;;12207.0;0.0
sideways_drift_s1;33100;ASH_COATED_OSMIUM;10037;13;10034;14;;;10039;9;10043;25;;;10038.0;0.0
sideways_drift_s1;33200;INTARIAN_PEPPER_ROOT;12193;11;12191;18;;;12221;9;12225;19;;;12207.0;0.0
sideways_drift_s1;33200;ASH_COATED_OSMIUM;10022;15;10019;25;;;10050;15;10053;14;;;10036.0;0.0
sideways_drift_s1;33300;INTARIAN_PEPPER_ROOT;12202;9;12198;25;;;12210;10;12213;9;;;12206.0;0.0
sideways_drift_s1;33300;ASH_COATED_OSMIUM;10036;16;10032;22;;;10038;13;10040;17;;;10037.0;0.0
sideways_drift_s1;33400;INTARIAN_PEPPER_ROOT;12203;14;12200;18;;;12211;30;12215;24;;;12207.0;0.0
sideways_drift_s1;33400;ASH_COATED_OSMIUM;10024;12;10021;23;;;10050;22;10054;23;;;10037.0;0.0
sideways_drift_s1;33500;INTARIAN_PEPPER_ROOT;12205;10;12203;16;;;12207;6;12210;25;;;12206.0;0.0
sideways_drift_s1;33500;ASH_COATED_OSMIUM;10020;23;10017;17;;;10056;13;10060;14;;;10038.0;0.0
sideways_drift_s1;33600;INTARIAN_PEPPER_ROOT;12201;18;12198;21;;;12205;12;12208;18;;;12203.0;0.0
sideways_drift_s1;33600;ASH_COATED_OSMIUM;10021;14;10017;15;;;10055;5;10058;17;;;10038.0;0.0
sideways_drift_s1;33700;INTARIAN_PEPPER_ROOT;12198;13;12195;23;;;12204;7;12208;21;;;12201.0;0.0
sideways_drift_s1;33700;ASH_COATED_OSMIUM;10015;10;10012;20;;;10061;17;10064;29;;;10038.0;0.0
sideways_drift_s1;33800;INTARIAN_PEPPER_ROOT;12197;5;12194;20;;;12199;5;12201;26;;;12198.0;0.0
sideways_drift_s1;33800;ASH_COATED_OSMIUM;10026;5;10022;12;;;10056;9;10059;11;;;10041.0;0.0
sideways_drift_s1;33900;INTARIAN_PEPPER_ROOT;12193;21;12191;13;;;12199;18;12203;22;;;12196.0;0.0
sideways_drift_s1;33900;ASH_COATED_OSMIUM;10035;13;10033;23;;;10041;12;10045;22;;;10038.0;0.0
sideways_drift_s1;34000;INTARIAN_PEPPER_ROOT;12194;17;12192;17;;;12196;21;12200;22;;;12195.0;0.0
sideways_drift_s1;34000;ASH_COATED_OSMIUM;10038;17;10036;10;;;10042;20;10045;17;;;10040.0;0.0
sideways_drift_s1;34100;INTARIAN_PEPPER_ROOT;12177;14;12173;15;;;12215;13;12219;21;;;12196.0;0.0
sideways_drift_s1;34100;ASH_COATED_OSMIUM;10030;11;10028;15;;;10064;17;10066;15;;;10047.0;0.0
sideways_drift_s1;34200;INTARIAN_PEPPER_ROOT;12192;25;12190;26;;;12198;19;12202;18;;;12195.0;0.0
sideways_drift_s1;34200;ASH_COATED_OSMIUM;10047;11;10044;21;;;10049;14;10053;16;;;10048.0;0.0
sideways_drift_s1;34300;INTARIAN_PEPPER_ROOT;12184;11;12181;28;;;12206;11;12208;17;;;12195.0;0.0
sideways_drift_s1;34300;ASH_COATED_OSMIUM;10005;10;10002;18;;;10099;10;10102;14;;;10052.0;0.0
sideways_drift_s1;34400;INTARIAN_PEPPER_ROOT;12194;16;12191;12;;;12196;22;12198;14;;;12195.0;0.0
sideways_drift_s1;34400;ASH_COATED_OSMIUM;10050;18;10048;23;;;10056;9;10059;18;;;10053.0;0.0
sideways_drift_s1;34500;INTARIAN_PEPPER_ROOT;12194;18;12190;19;;;12196;16;12199;19;;;12195.0;0.0
sideways_drift_s1;34500;ASH_COATED_OSMIUM;10039;6;10036;32;;;10061;9;10064;16;;;10050.0;0.0
sideways_drift_s1;34600;INTARIAN_PEPPER_ROOT;12187;13;12185;24;;;12201;22;12204;9;;;12194.0;0.0
sideways_drift_s1;34600;ASH_COATED_OSMIUM;10046;6;10042;13;;;10054;16;10058;19;;;10050.0;0.0
sideways_drift_s1;34700;INTARIAN_PEPPER_ROOT;12177;20;12173;17;;;12209;6;12211;33;;;12193.0;0.0
sideways_drift_s1;34700;ASH_COATED_OSMIUM;10049;16;10045;18;;;10051;5;10053;19;;;10050.0;0.0
sideways_drift_s1;34800;INTARIAN_PEPPER_ROOT;12192;12;12188;23;;;12194;18;12197;30;;;12193.0;0.0
sideways_drift_s1;34800;ASH_COATED_OSMIUM;10044;17;10040;27;;;10064;15;10068;23;;;10054.0;0.0
sideways_drift_s1;34900;INTARIAN_PEPPER_ROOT;12185;11;12183;17;;;12197;7;12201;19;;;12191.0;0.0
sideways_drift_s1;34900;ASH_COATED_OSMIUM;10055;12;10052;20;;;10057;15;10059;11;;;10056.0;0.0
sideways_drift_s1;35000;INTARIAN_PEPPER_ROOT;12191;22;12189;16;;;12193;14;12197;13;;;12192.0;0.0
sideways_drift_s1;35000;ASH_COATED_OSMIUM;10049;19;10046;27;;;10063;7;10066;23;;;10056.0;0.0
sideways_drift_s1;35100;INTARIAN_PEPPER_ROOT;12187;12;12183;20;;;12197;13;12200;12;;;12192.0;0.0
sideways_drift_s1;35100;ASH_COATED_OSMIUM;10055;9;10052;12;;;10057;17;10061;18;;;10056.0;0.0
sideways_drift_s1;35200;INTARIAN_PEPPER_ROOT;12180;17;12177;24;;;12204;22;12207;14;;;12192.0;0.0
sideways_drift_s1;35200;ASH_COATED_OSMIUM;10041;17;10038;9;;;10073;9;10077;24;;;10057.0;0.0
sideways_drift_s1;35300;INTARIAN_PEPPER_ROOT;12189;19;12186;20;;;12195;20;12199;20;;;12192.0;0.0
sideways_drift_s1;35300;ASH_COATED_OSMIUM;10057;18;10055;21;;;10059;12;10062;17;;;10058.0;0.0
sideways_drift_s1;35400;INTARIAN_PEPPER_ROOT;12189;18;12185;19;;;12191;12;12194;15;;;12190.0;0.0
sideways_drift_s1;35400;ASH_COATED_OSMIUM;10057;15;10054;19;;;10059;11;10061;25;;;10058.0;0.0
sideways_drift_s1;35500;INTARIAN_PEPPER_ROOT;12184;21;12181;19;;;12194;14;12198;21;;;12189.0;0.0
sideways_drift_s1;35500;ASH_COATED_OSMIUM;10054;12;10052;22;;;10058;14;10061;18;;;10056.0;0.0
sideways_drift_s1;35600;INTARIAN_PEPPER_ROOT;12188;10;12184;18;;;12190;17;12193;9;;;12189.0;0.0
sideways_drift_s1;35600;ASH_COATED_OSMIUM;10057;10;10054;24;;;10059;15;10063;13;;;10058.0;0.0
sideways_drift_s1;35700;INTARIAN_PEPPER_ROOT;12176;15;12172;23;;;12200;15;12203;21;;;12188.0;0.0
sideways_drift_s1;35700;ASH_COATED_OSMIUM;10055;16;10051;16;;;10059;11;10062;26;;;10057.0;0.0
sideways_drift_s1;35800;INTARIAN_PEPPER_ROOT;12183;16;12180;20;;;12191;11;12195;28;;;12187.0;0.0
sideways_drift_s1;35800;ASH_COATED_OSMIUM;10049;9;10046;13;;;10069;9;10071;15;;;10059.0;0.0
sideways_drift_s1;35900;INTARIAN_PEPPER_ROOT;12157;15;12153;22;;;12215;19;12217;23;;;12186.0;0.0
sideways_drift_s1;35900;ASH_COATED_OSMIUM;10047;21;10045;10;;;10071;9;10075;11;;;10059.0;0.0
sideways_drift_s1;36000;INTARIAN_PEPPER_ROOT;12183;6;12181;21;;;12185;7;12187;13;;;12184.0;0.0
sideways_drift_s1;36000;ASH_COATED_OSMIUM;10052;10;10048;19;;;10060;15;10062;20;;;10056.0;0.0
sideways_drift_s1;36100;INTARIAN_PEPPER_ROOT;12184;17;12180;23;;;12186;5;12189;26;;;12185.0;0.0
sideways_drift_s1;36100;ASH_COATED_OSMIUM;10056;17;10053;17;;;10058;8;10060;10;;;10057.0;0.0
sideways_drift_s1;36200;INTARIAN_PEPPER_ROOT;12180;13;12178;23;;;12184;14;12188;24;;;12182.0;0.0
sideways_drift_s1;36200;ASH_COATED_OSMIUM;10050;18;10046;23;;;10058;11;10060;21;;;10054.0;0.0
sideways_drift_s1;36300;INTARIAN_PEPPER_ROOT;12176;15;12172;23;;;12188;25;12191;19;;;12182.0;0.0
sideways_drift_s1;36300;ASH_COATED_OSMIUM;10026;12;10022;13;;;10086;10;10089;21;;;10056.0;0.0
sideways_drift_s1;36400;INTARIAN_PEPPER_ROOT;12169;16;12165;14;;;12193;10;12197;24;;;12181.0;0.0
sideways_drift_s1;36400;ASH_COATED_OSMIUM;10052;12;10050;19;;;10056;12;10058;24;;;10054.0;0.0
sideways_drift_s1;36500;INTARIAN_PEPPER_ROOT;12180;7;12178;13;;;12182;16;12184;23;;;12181.0;0.0
sideways_drift_s1;36500;ASH_COATED_OSMIUM;10007;6;10003;29;;;10095;9;10098;29;;;10051.0;0.0
sideways_drift_s1;36600;INTARIAN_PEPPER_ROOT;12175;5;12172;27;;;12187;11;12189;28;;;12181.0;0.0
sideways_drift_s1;36600;ASH_COATED_OSMIUM;10045;16;10043;24;;;10059;11;10063;15;;;10052.0;0.0
sideways_drift_s1;36700;INTARIAN_PEPPER_ROOT;12155;15;12153;15;;;12199;9;12201;24;;;12177.0;0.0
sideways_drift_s1;36700;ASH_COATED_OSMIUM;10041;19;10039;24;;;10063;15;10066;15;;;10052.0;0.0
sideways_drift_s1;36800;INTARIAN_PEPPER_ROOT;12164;22;12160;19;;;12190;15;12194;20;;;12177.0;0.0
sideways_drift_s1;36800;ASH_COATED_OSMIUM;10048;12;10044;18;;;10054;16;10057;24;;;10051.0;0.0
sideways_drift_s1;36900;INTARIAN_PEPPER_ROOT;12176;12;12172;8;;;12178;18;12180;21;;;12177.0;0.0
sideways_drift_s1;36900;ASH_COATED_OSMIUM;10051;16;10049;15;;;10053;13;10056;18;;;10052.0;0.0
sideways_drift_s1;37000;INTARIAN_PEPPER_ROOT;12175;11;12171;16;;;12177;13;12181;31;;;12176.0;0.0
sideways_drift_s1;37000;ASH_COATED_OSMIUM;10042;15;10039;20;;;10050;17;10053;18;;;10046.0;0.0
sideways_drift_s1;37100;INTARIAN_PEPPER_ROOT;12164;23;12161;18;;;12186;18;12189;21;;;12175.0;0.0
sideways_drift_s1;37100;ASH_COATED_OSMIUM;10036;8;10034;14;;;10054;11;10056;22;;;10045.0;0.0
sideways_drift_s1;37200;INTARIAN_PEPPER_ROOT;12171;11;12168;15;;;12179;13;12183;26;;;12175.0;0.0
sideways_drift_s1;37200;ASH_COATED_OSMIUM;10042;14;10040;24;;;10044;11;10047;16;;;10043.0;0.0
sideways_drift_s1;37300;INTARIAN_PEPPER_ROOT;12169;16;12167;13;;;12179;20;12182;18;;;12174.0;0.0
sideways_drift_s1;37300;ASH_COATED_OSMIUM;10040;18;10036;16;;;10046;17;10050;24;;;10043.0;0.0
sideways_drift_s1;37400;INTARIAN_PEPPER_ROOT;12175;22;12171;25;;;12177;12;12179;21;;;12176.0;0.0
sideways_drift_s1;37400;ASH_COATED_OSMIUM;10026;11;10023;28;;;10056;10;10059;12;;;10041.0;0.0
sideways_drift_s1;37500;INTARIAN_PEPPER_ROOT;12172;5;12170;25;;;12176;13;12180;19;;;12174.0;0.0
sideways_drift_s1;37500;ASH_COATED_OSMIUM;10042;13;10040;28;;;10044;13;10047;18;;;10043.0;0.0
sideways_drift_s1;37600;INTARIAN_PEPPER_ROOT;12170;11;12166;13;;;12182;6;12185;18;;;12176.0;0.0
sideways_drift_s1;37600;ASH_COATED_OSMIUM;10036;6;10034;10;;;10052;12;10055;12;;;10044.0;0.0
sideways_drift_s1;37700;INTARIAN_PEPPER_ROOT;12174;13;12172;21;;;12176;5;12180;20;;;12175.0;0.0
sideways_drift_s1;37700;ASH_COATED_OSMIUM;10037;18;10033;15;;;10049;14;10052;25;;;10043.0;0.0
sideways_drift_s1;37800;INTARIAN_PEPPER_ROOT;12170;5;12166;19;;;12174;16;12177;17;;;12172.0;0.0
sideways_drift_s1;37800;ASH_COATED_OSMIUM;10044;8;10040;15;;;10046;17;10049;23;;;10045.0;0.0
sideways_drift_s1;37900;INTARIAN_PEPPER_ROOT;12145;17;12142;14;;;12199;14;12201;16;;;12172.0;0.0
sideways_drift_s1;37900;ASH_COATED_OSMIUM;10038;19;10036;18;;;10054;17;10056;22;;;10046.0;0.0
sideways_drift_s1;38000;INTARIAN_PEPPER_ROOT;12169;13;12167;22;;;12175;16;12177;23;;;12172.0;0.0
sideways_drift_s1;38000;ASH_COATED_OSMIUM;10041;5;10038;23;;;10049;8;10051;17;;;10045.0;0.0
sideways_drift_s1;38100;INTARIAN_PEPPER_ROOT;12170;15;12167;18;;;12172;12;12174;16;;;12171.0;0.0
sideways_drift_s1;38100;ASH_COATED_OSMIUM;10044;23;10040;29;;;10046;20;10048;21;;;10045.0;0.0
sideways_drift_s1;38200;INTARIAN_PEPPER_ROOT;12168;26;12165;21;;;12170;14;12173;18;;;12169.0;0.0
sideways_drift_s1;38200;ASH_COATED_OSMIUM;10016;12;10012;20;;;10074;12;10076;13;;;10045.0;0.0
sideways_drift_s1;38300;INTARIAN_PEPPER_ROOT;12156;8;12153;16;;;12180;20;12184;23;;;12168.0;0.0
sideways_drift_s1;38300;ASH_COATED_OSMIUM;10048;11;10046;30;;;10050;15;10054;17;;;10049.0;0.0
sideways_drift_s1;38400;INTARIAN_PEPPER_ROOT;12166;21;12164;20;;;12168;16;12170;25;;;12167.0;0.0
sideways_drift_s1;38400;ASH_COATED_OSMIUM;10032;17;10028;21;;;10062;19;10064;23;;;10047.0;0.0
sideways_drift_s1;38500;INTARIAN_PEPPER_ROOT;12157;9;12153;22;;;12175;19;12179;29;;;12166.0;0.0
sideways_drift_s1;38500;ASH_COATED_OSMIUM;10038;5;10036;16;;;10060;18;10063;24;;;10049.0;0.0
sideways_drift_s1;38600;INTARIAN_PEPPER_ROOT;12164;20;12162;18;;;12166;9;12170;17;;;12165.0;0.0
sideways_drift_s1;38600;ASH_COATED_OSMIUM;10050;10;10048;19;;;10052;14;10054;19;;;10051.0;0.0
sideways_drift_s1;38700;INTARIAN_PEPPER_ROOT;12150;16;12148;15;;;12176;9;12178;20;;;12163.0;0.0
sideways_drift_s1;38700;ASH_COATED_OSMIUM;10044;10;10040;22;;;10054;10;10058;23;;;10049.0;0.0
sideways_drift_s1;38800;INTARIAN_PEPPER_ROOT;12156;21;12154;26;;;12168;16;12171;20;;;12162.0;0.0
sideways_drift_s1;38800;ASH_COATED_OSMIUM;10046;13;10042;26;;;10052;12;10054;21;;;10049.0;0.0
sideways_drift_s1;38900;INTARIAN_PEPPER_ROOT;12156;5;12152;22;;;12164;16;12168;22;;;12160.0;0.0
sideways_drift_s1;38900;ASH_COATED_OSMIUM;10046;16;10042;18;;;10048;19;10052;10;;;10047.0;0.0
sideways_drift_s1;39000;INTARIAN_PEPPER_ROOT;12154;14;12150;14;;;12162;5;12165;17;;;12158.0;0.0
sideways_drift_s1;39000;ASH_COATED_OSMIUM;10046;12;10042;16;;;10050;16;10052;27;;;10048.0;0.0
sideways_drift_s1;39100;INTARIAN_PEPPER_ROOT;12154;14;12150;18;;;12164;5;12167;14;;;12159.0;0.0
sideways_drift_s1;39100;ASH_COATED_OSMIUM;10028;12;10024;25;;;10064;17;10066;29;;;10046.0;0.0
sideways_drift_s1;39200;INTARIAN_PEPPER_ROOT;12154;10;12151;22;;;12160;18;12163;26;;;12157.0;0.0
sideways_drift_s1;39200;ASH_COATED_OSMIUM;10030;18;10027;30;;;10060;15;10064;16;;;10045.0;0.0
sideways_drift_s1;39300;INTARIAN_PEPPER_ROOT;12155;15;12152;16;;;12159;27;12162;25;;;12157.0;0.0
sideways_drift_s1;39300;ASH_COATED_OSMIUM;10034;9;10030;10;;;10060;16;10064;21;;;10047.0;0.0
sideways_drift_s1;39400;INTARIAN_PEPPER_ROOT;12148;16;12144;13;;;12162;16;12164;26;;;12155.0;0.0
sideways_drift_s1;39400;ASH_COATED_OSMIUM;10034;16;10032;16;;;10060;5;10062;8;;;10047.0;0.0
sideways_drift_s1;39500;INTARIAN_PEPPER_ROOT;12143;12;12140;19;;;12167;10;12169;10;;;12155.0;0.0
sideways_drift_s1;39500;ASH_COATED_OSMIUM;10045;17;10042;18;;;10047;20;10051;21;;;10046.0;0.0
sideways_drift_s1;39600;INTARIAN_PEPPER_ROOT;12144;9;12142;10;;;12160;6;12163;29;;;12152.0;0.0
sideways_drift_s1;39600;ASH_COATED_OSMIUM;10042;10;10040;22;;;10052;10;10054;19;;;10047.0;0.0
sideways_drift_s1;39700;INTARIAN_PEPPER_ROOT;12151;7;12148;16;;;12153;14;12157;17;;;12152.0;0.0
sideways_drift_s1;39700;ASH_COATED_OSMIUM;10041;7;10039;17;;;10059;7;10062;13;;;10050.0;0.0
sideways_drift_s1;39800;INTARIAN_PEPPER_ROOT;12136;10;12133;21;;;12166;16;12168;18;;;12151.0;0.0
sideways_drift_s1;39800;ASH_COATED_OSMIUM;10041;14;10037;23;;;10059;10;10061;20;;;10050.0;0.0
sideways_drift_s1;39900;INTARIAN_PEPPER_ROOT;12145;15;12141;26;;;12159;11;12161;24;;;12152.0;0.0
sideways_drift_s1;39900;ASH_COATED_OSMIUM;10049;5;10045;15;;;10053;9;10056;23;;;10051.0;0.0
sideways_drift_s1;40000;INTARIAN_PEPPER_ROOT;12142;13;12139;21;;;12156;18;12160;14;;;12149.0;0.0
sideways_drift_s1;40000;ASH_COATED_OSMIUM;10047;16;10045;20;;;10049;15;10052;21;;;10048.0;0.0
sideways_drift_s1;40100;INTARIAN_PEPPER_ROOT;12143;14;12140;17;;;12153;12;12156;14;;;12148.0;0.0
sideways_drift_s1;40100;ASH_COATED_OSMIUM;10036;5;10034;16;;;10064;8;10066;23;;;10050.0;0.0
sideways_drift_s1;40200;INTARIAN_PEPPER_ROOT;12139;18;12135;18;;;12157;15;12159;24;;;12148.0;0.0
sideways_drift_s1;40200;ASH_COATED_OSMIUM;10045;11;10041;22;;;10051;15;10055;24;;;10048.0;0.0
sideways_drift_s1;40300;INTARIAN_PEPPER_ROOT;12144;18;12142;13;;;12152;12;12155;15;;;12148.0;0.0
sideways_drift_s1;40300;ASH_COATED_OSMIUM;10031;14;10028;18;;;10063;16;10067;25;;;10047.0;0.0
sideways_drift_s1;40400;INTARIAN_PEPPER_ROOT;12145;13;12141;16;;;12147;15;12151;25;;;12146.0;0.0
sideways_drift_s1;40400;ASH_COATED_OSMIUM;10042;16;10040;19;;;10054;11;10057;17;;;10048.0;0.0
sideways_drift_s1;40500;INTARIAN_PEPPER_ROOT;12144;12;12142;16;;;12148;20;12151;28;;;12146.0;0.0
sideways_drift_s1;40500;ASH_COATED_OSMIUM;10046;5;10043;30;;;10056;5;10058;19;;;10051.0;0.0
sideways_drift_s1;40600;INTARIAN_PEPPER_ROOT;12141;5;12139;18;;;12143;12;12146;29;;;12142.0;0.0
sideways_drift_s1;40600;ASH_COATED_OSMIUM;10050;5;10047;26;;;10056;26;10060;20;;;10053.0;0.0
sideways_drift_s1;40700;INTARIAN_PEPPER_ROOT;12099;10;12095;15;;;12181;9;12183;17;;;12140.0;0.0
sideways_drift_s1;40700;ASH_COATED_OSMIUM;10051;17;10048;17;;;10053;12;10057;21;;;10052.0;0.0
sideways_drift_s1;40800;INTARIAN_PEPPER_ROOT;12139;21;12137;23;;;12141;8;12145;17;;;12140.0;0.0
sideways_drift_s1;40800;ASH_COATED_OSMIUM;10051;16;10047;21;;;10055;13;10057;20;;;10053.0;0.0
sideways_drift_s1;40900;INTARIAN_PEPPER_ROOT;12132;9;12129;12;;;12146;8;12149;20;;;12139.0;0.0
sideways_drift_s1;40900;ASH_COATED_OSMIUM;10044;6;10041;10;;;10060;14;10064;20;;;10052.0;0.0
sideways_drift_s1;41000;INTARIAN_PEPPER_ROOT;12137;23;12133;18;;;12139;13;12143;28;;;12138.0;0.0
sideways_drift_s1;41000;ASH_COATED_OSMIUM;10050;13;10047;11;;;10060;15;10063;25;;;10055.0;0.0
sideways_drift_s1;41100;INTARIAN_PEPPER_ROOT;12134;15;12131;31;;;12144;8;12148;22;;;12139.0;0.0
sideways_drift_s1;41100;ASH_COATED_OSMIUM;10040;12;10037;23;;;10074;16;10076;21;;;10057.0;0.0
sideways_drift_s1;41200;INTARIAN_PEPPER_ROOT;12137;21;12134;23;;;12143;9;12147;23;;;12140.0;0.0
sideways_drift_s1;41200;ASH_COATED_OSMIUM;10041;8;10038;23;;;10071;11;10075;16;;;10056.0;0.0
sideways_drift_s1;41300;INTARIAN_PEPPER_ROOT;12136;11;12134;23;;;12142;5;12145;22;;;12139.0;0.0
sideways_drift_s1;41300;ASH_COATED_OSMIUM;10051;15;10047;19;;;10053;15;10056;27;;;10052.0;0.0
sideways_drift_s1;41400;INTARIAN_PEPPER_ROOT;12132;12;12130;11;;;12138;17;12142;18;;;12135.0;0.0
sideways_drift_s1;41400;ASH_COATED_OSMIUM;10053;13;10051;15;;;10055;6;10058;14;;;10054.0;0.0
sideways_drift_s1;41500;INTARIAN_PEPPER_ROOT;12125;14;12122;10;;;12137;5;12141;20;;;12131.0;0.0
sideways_drift_s1;41500;ASH_COATED_OSMIUM;10038;15;10036;24;;;10074;13;10078;19;;;10056.0;0.0
sideways_drift_s1;41600;INTARIAN_PEPPER_ROOT;12113;5;12110;21;;;12147;6;12151;12;;;12130.0;0.0
sideways_drift_s1;41600;ASH_COATED_OSMIUM;10049;13;10047;35;;;10057;14;10061;19;;;10053.0;0.0
sideways_drift_s1;41700;INTARIAN_PEPPER_ROOT;12129;11;12127;19;;;12131;16;12135;24;;;12130.0;0.0
sideways_drift_s1;41700;ASH_COATED_OSMIUM;10053;8;10051;16;;;10055;10;10057;19;;;10054.0;0.0
sideways_drift_s1;41800;INTARIAN_PEPPER_ROOT;12122;15;12120;18;;;12136;13;12139;23;;;12129.0;0.0
sideways_drift_s1;41800;ASH_COATED_OSMIUM;10052;19;10049;22;;;10054;8;10057;22;;;10053.0;0.0
sideways_drift_s1;41900;INTARIAN_PEPPER_ROOT;12117;15;12113;12;;;12135;16;12137;15;;;12126.0;0.0
sideways_drift_s1;41900;ASH_COATED_OSMIUM;10053;11;10051;19;;;10057;12;10061;12;;;10055.0;0.0
sideways_drift_s1;42000;INTARIAN_PEPPER_ROOT;12118;14;12115;18;;;12130;20;12132;22;;;12124.0;0.0
sideways_drift_s1;42000;ASH_COATED_OSMIUM;10052;18;10050;22;;;10056;17;10059;17;;;10054.0;0.0
sideways_drift_s1;42100;INTARIAN_PEPPER_ROOT;12114;16;12110;15;;;12136;13;12140;22;;;12125.0;0.0
sideways_drift_s1;42100;ASH_COATED_OSMIUM;10048;8;10046;15;;;10050;13;10052;23;;;10049.0;0.0
sideways_drift_s1;42200;INTARIAN_PEPPER_ROOT;12116;27;12113;29;;;12130;14;12132;13;;;12123.0;0.0
sideways_drift_s1;42200;ASH_COATED_OSMIUM;10048;15;10046;30;;;10052;13;10056;20;;;10050.0;0.0
sideways_drift_s1;42300;INTARIAN_PEPPER_ROOT;12115;17;12112;9;;;12127;14;12130;22;;;12121.0;0.0
sideways_drift_s1;42300;ASH_COATED_OSMIUM;10043;17;10041;24;;;10053;22;10055;20;;;10048.0;0.0
sideways_drift_s1;42400;INTARIAN_PEPPER_ROOT;12118;12;12115;15;;;12126;22;12129;19;;;12122.0;0.0
sideways_drift_s1;42400;ASH_COATED_OSMIUM;10037;5;10035;21;;;10059;21;10061;15;;;10048.0;0.0
sideways_drift_s1;42500;INTARIAN_PEPPER_ROOT;12116;21;12113;9;;;12126;17;12128;27;;;12121.0;0.0
sideways_drift_s1;42500;ASH_COATED_OSMIUM;10040;7;10037;15;;;10054;11;10058;26;;;10047.0;0.0
sideways_drift_s1;42600;INTARIAN_PEPPER_ROOT;12113;13;12110;20;;;12125;7;12129;19;;;12119.0;0.0
sideways_drift_s1;42600;ASH_COATED_OSMIUM;10042;11;10039;12;;;10044;18;10046;25;;;10043.0;0.0
sideways_drift_s1;42700;INTARIAN_PEPPER_ROOT;12113;19;12110;28;;;12123;9;12126;20;;;12118.0;0.0
sideways_drift_s1;42700;ASH_COATED_OSMIUM;10032;24;10029;23;;;10050;13;10052;25;;;10041.0;0.0
sideways_drift_s1;42800;INTARIAN_PEPPER_ROOT;12109;12;12105;30;;;12125;16;12128;21;;;12117.0;0.0
sideways_drift_s1;42800;ASH_COATED_OSMIUM;10039;19;10035;16;;;10041;14;10044;9;;;10040.0;0.0
sideways_drift_s1;42900;INTARIAN_PEPPER_ROOT;12114;15;12111;24;;;12116;15;12118;21;;;12115.0;0.0
sideways_drift_s1;42900;ASH_COATED_OSMIUM;10020;13;10017;20;;;10060;10;10064;15;;;10040.0;0.0
sideways_drift_s1;43000;INTARIAN_PEPPER_ROOT;12103;14;12101;20;;;12127;9;12131;18;;;12115.0;0.0
sideways_drift_s1;43000;ASH_COATED_OSMIUM;10027;15;10025;17;;;10051;15;10054;19;;;10039.0;0.0
sideways_drift_s1;43100;INTARIAN_PEPPER_ROOT;12110;18;12106;18;;;12122;12;12126;25;;;12116.0;0.0
sideways_drift_s1;43100;ASH_COATED_OSMIUM;10042;11;10040;20;;;10044;15;10048;26;;;10043.0;0.0
sideways_drift_s1;43200;INTARIAN_PEPPER_ROOT;12104;12;12101;21;;;12124;15;12128;20;;;12114.0;0.0
sideways_drift_s1;43200;ASH_COATED_OSMIUM;10041;12;10038;14;;;10043;8;10047;20;;;10042.0;0.0
sideways_drift_s1;43300;INTARIAN_PEPPER_ROOT;12113;10;12110;24;;;12115;20;12117;17;;;12114.0;0.0
sideways_drift_s1;43300;ASH_COATED_OSMIUM;10040;9;10036;15;;;10044;5;10047;21;;;10042.0;0.0
sideways_drift_s1;43400;INTARIAN_PEPPER_ROOT;12112;9;12109;22;;;12114;22;12116;23;;;12113.0;0.0
sideways_drift_s1;43400;ASH_COATED_OSMIUM;10040;7;10038;18;;;10044;13;10048;17;;;10042.0;0.0
sideways_drift_s1;43500;INTARIAN_PEPPER_ROOT;12109;16;12105;28;;;12115;12;12117;13;;;12112.0;0.0
sideways_drift_s1;43500;ASH_COATED_OSMIUM;10023;13;10020;13;;;10053;13;10055;11;;;10038.0;0.0
sideways_drift_s1;43600;INTARIAN_PEPPER_ROOT;12109;13;12106;31;;;12113;19;12117;19;;;12111.0;0.0
sideways_drift_s1;43600;ASH_COATED_OSMIUM;10038;17;10035;20;;;10040;17;10043;20;;;10039.0;0.0
sideways_drift_s1;43700;INTARIAN_PEPPER_ROOT;12108;16;12106;12;;;12112;10;12115;15;;;12110.0;0.0
sideways_drift_s1;43700;ASH_COATED_OSMIUM;10027;15;10024;22;;;10053;7;10057;26;;;10040.0;0.0
sideways_drift_s1;43800;INTARIAN_PEPPER_ROOT;12107;20;12104;20;;;12113;15;12116;22;;;12110.0;0.0
sideways_drift_s1;43800;ASH_COATED_OSMIUM;10017;14;10015;11;;;10065;10;10069;23;;;10041.0;0.0
sideways_drift_s1;43900;INTARIAN_PEPPER_ROOT;12108;14;12106;13;;;12112;10;12115;16;;;12110.0;0.0
sideways_drift_s1;43900;ASH_COATED_OSMIUM;10020;10;10016;20;;;10068;6;10071;18;;;10044.0;0.0
sideways_drift_s1;44000;INTARIAN_PEPPER_ROOT;12108;16;12105;13;;;12112;24;12115;10;;;12110.0;0.0
sideways_drift_s1;44000;ASH_COATED_OSMIUM;10033;15;10029;17;;;10051;16;10053;24;;;10042.0;0.0
sideways_drift_s1;44100;INTARIAN_PEPPER_ROOT;12103;10;12100;21;;;12111;25;12113;19;;;12107.0;0.0
sideways_drift_s1;44100;ASH_COATED_OSMIUM;10042;18;10039;19;;;10044;9;10047;18;;;10043.0;0.0
sideways_drift_s1;44200;INTARIAN_PEPPER_ROOT;12103;13;12099;17;;;12105;9;12109;24;;;12104.0;0.0
sideways_drift_s1;44200;ASH_COATED_OSMIUM;10035;12;10032;23;;;10051;14;10055;17;;;10043.0;0.0
sideways_drift_s1;44300;INTARIAN_PEPPER_ROOT;12091;9;12088;22;;;12117;8;12119;24;;;12104.0;0.0
sideways_drift_s1;44300;ASH_COATED_OSMIUM;10041;6;10038;27;;;10047;18;10049;22;;;10044.0;0.0
sideways_drift_s1;44400;INTARIAN_PEPPER_ROOT;12102;13;12098;22;;;12104;16;12106;13;;;12103.0;0.0
sideways_drift_s1;44400;ASH_COATED_OSMIUM;10043;11;10039;17;;;10045;10;10047;17;;;10044.0;0.0
sideways_drift_s1;44500;INTARIAN_PEPPER_ROOT;12099;14;12096;19;;;12103;7;12107;21;;;12101.0;0.0
sideways_drift_s1;44500;ASH_COATED_OSMIUM;10030;8;10026;20;;;10058;12;10062;11;;;10044.0;0.0
sideways_drift_s1;44600;INTARIAN_PEPPER_ROOT;12096;14;12093;19;;;12102;15;12106;23;;;12099.0;0.0
sideways_drift_s1;44600;ASH_COATED_OSMIUM;10039;11;10036;25;;;10043;13;10046;18;;;10041.0;0.0
sideways_drift_s1;44700;INTARIAN_PEPPER_ROOT;12085;21;12082;13;;;12113;5;12116;28;;;12099.0;0.0
sideways_drift_s1;44700;ASH_COATED_OSMIUM;10033;22;10031;17;;;10049;12;10051;33;;;10041.0;0.0
sideways_drift_s1;44800;INTARIAN_PEPPER_ROOT;12096;15;12094;26;;;12100;19;12103;18;;;12098.0;0.0
sideways_drift_s1;44800;ASH_COATED_OSMIUM;10010;14;10006;19;;;10074;12;10076;24;;;10042.0;0.0
sideways_drift_s1;44900;INTARIAN_PEPPER_ROOT;12096;25;12093;20;;;12098;9;12100;17;;;12097.0;0.0
sideways_drift_s1;44900;ASH_COATED_OSMIUM;10026;5;10022;26;;;10060;17;10064;17;;;10043.0;0.0
sideways_drift_s1;45000;INTARIAN_PEPPER_ROOT;12087;12;12083;23;;;12103;18;12105;27;;;12095.0;0.0
sideways_drift_s1;45000;ASH_COATED_OSMIUM;10044;8;10041;22;;;10048;14;10051;14;;;10046.0;0.0
sideways_drift_s1;45100;INTARIAN_PEPPER_ROOT;12093;16;12090;15;;;12097;7;12099;16;;;12095.0;0.0
sideways_drift_s1;45100;ASH_COATED_OSMIUM;10034;10;10032;29;;;10056;11;10058;27;;;10045.0;0.0
sideways_drift_s1;45200;INTARIAN_PEPPER_ROOT;12094;17;12091;31;;;12096;25;12100;20;;;12095.0;0.0
sideways_drift_s1;45200;ASH_COATED_OSMIUM;10038;8;10036;20;;;10056;11;10060;20;;;10047.0;0.0
sideways_drift_s1;45300;INTARIAN_PEPPER_ROOT;12092;9;12090;22;;;12094;17;12097;10;;;12093.0;0.0
sideways_drift_s1;45300;ASH_COATED_OSMIUM;10049;16;10045;20;;;10051;20;10055;25;;;10050.0;0.0
sideways_drift_s1;45400;INTARIAN_PEPPER_ROOT;12091;11;12089;32;;;12093;10;12096;13;;;12092.0;0.0
sideways_drift_s1;45400;ASH_COATED_OSMIUM;10035;8;10033;21;;;10063;5;10065;19;;;10049.0;0.0
sideways_drift_s1;45500;INTARIAN_PEPPER_ROOT;12089;16;12085;24;;;12091;15;12093;16;;;12090.0;0.0
sideways_drift_s1;45500;ASH_COATED_OSMIUM;10047;6;10045;13;;;10051;29;10054;18;;;10049.0;0.0
sideways_drift_s1;45600;INTARIAN_PEPPER_ROOT;12076;13;12073;9;;;12100;12;12103;24;;;12088.0;0.0
sideways_drift_s1;45600;ASH_COATED_OSMIUM;10046;18;10043;16;;;10048;9;10051;19;;;10047.0;0.0
sideways_drift_s1;45700;INTARIAN_PEPPER_ROOT;12086;19;12083;14;;;12088;17;12090;19;;;12087.0;0.0
sideways_drift_s1;45700;ASH_COATED_OSMIUM;10046;13;10042;21;;;10048;5;10052;24;;;10047.0;0.0
sideways_drift_s1;45800;INTARIAN_PEPPER_ROOT;12084;18;12082;11;;;12086;9;12088;20;;;12085.0;0.0
sideways_drift_s1;45800;ASH_COATED_OSMIUM;10034;17;10030;29;;;10054;9;10057;22;;;10044.0;0.0
sideways_drift_s1;45900;INTARIAN_PEPPER_ROOT;12081;7;12077;24;;;12085;18;12089;21;;;12083.0;0.0
sideways_drift_s1;45900;ASH_COATED_OSMIUM;10042;7;10040;20;;;10048;6;10051;23;;;10045.0;0.0
sideways_drift_s1;46000;INTARIAN_PEPPER_ROOT;12062;6;12060;8;;;12098;16;12101;26;;;12080.0;0.0
sideways_drift_s1;46000;ASH_COATED_OSMIUM;10030;10;10026;9;;;10060;13;10063;19;;;10045.0;0.0
sideways_drift_s1;46100;INTARIAN_PEPPER_ROOT;12072;19;12070;25;;;12084;13;12086;11;;;12078.0;0.0
sideways_drift_s1;46100;ASH_COATED_OSMIUM;10042;17;10039;24;;;10044;18;10046;20;;;10043.0;0.0
sideways_drift_s1;46200;INTARIAN_PEPPER_ROOT;12058;15;12056;21;;;12096;14;12098;21;;;12077.0;0.0
sideways_drift_s1;46200;ASH_COATED_OSMIUM;10038;13;10036;21;;;10060;16;10062;15;;;10049.0;0.0
sideways_drift_s1;46300;INTARIAN_PEPPER_ROOT;12070;21;12068;21;;;12084;19;12086;12;;;12077.0;0.0
sideways_drift_s1;46300;ASH_COATED_OSMIUM;10042;11;10038;18;;;10054;8;10056;13;;;10048.0;0.0
sideways_drift_s1;46400;INTARIAN_PEPPER_ROOT;12075;12;12071;16;;;12077;6;12079;25;;;12076.0;0.0
sideways_drift_s1;46400;ASH_COATED_OSMIUM;10039;15;10037;17;;;10053;13;10057;21;;;10046.0;0.0
sideways_drift_s1;46500;INTARIAN_PEPPER_ROOT;12062;11;12059;22;;;12086;8;12089;32;;;12074.0;0.0
sideways_drift_s1;46500;ASH_COATED_OSMIUM;10038;8;10035;20;;;10056;14;10060;18;;;10047.0;0.0
sideways_drift_s1;46600;INTARIAN_PEPPER_ROOT;12072;13;12068;18;;;12074;11;12078;19;;;12073.0;0.0
sideways_drift_s1;46600;ASH_COATED_OSMIUM;10047;21;10045;10;;;10051;11;10053;20;;;10049.0;0.0
sideways_drift_s1;46700;INTARIAN_PEPPER_ROOT;12069;14;12066;18;;;12077;11;12079;29;;;12073.0;0.0
sideways_drift_s1;46700;ASH_COATED_OSMIUM;10047;22;10043;14;;;10053;15;10056;16;;;10050.0;0.0
sideways_drift_s1;46800;INTARIAN_PEPPER_ROOT;12066;16;12064;20;;;12082;16;12084;16;;;12074.0;0.0
sideways_drift_s1;46800;ASH_COATED_OSMIUM;10041;14;10037;13;;;10049;15;10051;21;;;10045.0;0.0
sideways_drift_s1;46900;INTARIAN_PEPPER_ROOT;12070;12;12068;21;;;12072;11;12076;14;;;12071.0;0.0
sideways_drift_s1;46900;ASH_COATED_OSMIUM;10044;9;10040;8;;;10050;15;10053;25;;;10047.0;0.0
sideways_drift_s1;47000;INTARIAN_PEPPER_ROOT;12069;25;12067;21;;;12071;24;12073;21;;;12070.0;0.0
sideways_drift_s1;47000;ASH_COATED_OSMIUM;10030;15;10027;18;;;10056;15;10058;20;;;10043.0;0.0
sideways_drift_s1;47100;INTARIAN_PEPPER_ROOT;12066;20;12063;15;;;12070;13;12074;19;;;12068.0;0.0
sideways_drift_s1;47100;ASH_COATED_OSMIUM;10027;12;10024;25;;;10067;8;10069;23;;;10047.0;0.0
sideways_drift_s1;47200;INTARIAN_PEPPER_ROOT;12059;21;12057;19;;;12073;13;12077;24;;;12066.0;0.0
sideways_drift_s1;47200;ASH_COATED_OSMIUM;10047;11;10043;16;;;10049;16;10051;17;;;10048.0;0.0
sideways_drift_s1;47300;INTARIAN_PEPPER_ROOT;12060;8;12056;15;;;12074;12;12076;14;;;12067.0;0.0
sideways_drift_s1;47300;ASH_COATED_OSMIUM;10049;15;10047;17;;;10051;18;10054;16;;;10050.0;0.0
sideways_drift_s1;47400;INTARIAN_PEPPER_ROOT;12064;10;12060;22;;;12066;19;12069;18;;;12065.0;0.0
sideways_drift_s1;47400;ASH_COATED_OSMIUM;10050;14;10046;13;;;10052;8;10055;18;;;10051.0;0.0
sideways_drift_s1;47500;INTARIAN_PEPPER_ROOT;12059;18;12055;22;;;12067;20;12070;22;;;12063.0;0.0
sideways_drift_s1;47500;ASH_COATED_OSMIUM;10048;8;10046;23;;;10064;14;10066;20;;;10056.0;0.0
sideways_drift_s1;47600;INTARIAN_PEPPER_ROOT;12059;15;12056;21;;;12061;15;12063;15;;;12060.0;0.0
sideways_drift_s1;47600;ASH_COATED_OSMIUM;10054;11;10050;31;;;10060;14;10063;8;;;10057.0;0.0
sideways_drift_s1;47700;INTARIAN_PEPPER_ROOT;12056;18;12054;25;;;12058;21;12062;24;;;12057.0;0.0
sideways_drift_s1;47700;ASH_COATED_OSMIUM;10023;16;10019;12;;;10089;14;10093;25;;;10056.0;0.0
sideways_drift_s1;47800;INTARIAN_PEPPER_ROOT;12042;8;12039;20;;;12070;16;12074;13;;;12056.0;0.0
sideways_drift_s1;47800;ASH_COATED_OSMIUM;10056;11;10054;19;;;10060;16;10064;18;;;10058.0;0.0
sideways_drift_s1;47900;INTARIAN_PEPPER_ROOT;12053;9;12049;19;;;12055;18;12057;18;;;12054.0;0.0
sideways_drift_s1;47900;ASH_COATED_OSMIUM;10052;13;10050;22;;;10064;5;10066;18;;;10058.0;0.0
sideways_drift_s1;48000;INTARIAN_PEPPER_ROOT;12052;16;12050;22;;;12054;17;12056;21;;;12053.0;0.0
sideways_drift_s1;48000;ASH_COATED_OSMIUM;10058;9;10055;21;;;10062;17;10064;13;;;10060.0;0.0
sideways_drift_s1;48100;INTARIAN_PEPPER_ROOT;12037;9;12034;27;;;12063;21;12067;19;;;12050.0;0.0
sideways_drift_s1;48100;ASH_COATED_OSMIUM;10050;9;10048;20;;;10076;7;10079;25;;;10063.0;0.0
sideways_drift_s1;48200;INTARIAN_PEPPER_ROOT;12035;13;12033;14;;;12061;15;12063;18;;;12048.0;0.0
sideways_drift_s1;48200;ASH_COATED_OSMIUM;10060;21;10058;12;;;10066;5;10068;19;;;10063.0;0.0
sideways_drift_s1;48300;INTARIAN_PEPPER_ROOT;12044;10;12042;25;;;12050;13;12054;18;;;12047.0;0.0
sideways_drift_s1;48300;ASH_COATED_OSMIUM;10060;9;10057;27;;;10066;10;10069;23;;;10063.0;0.0
sideways_drift_s1;48400;INTARIAN_PEPPER_ROOT;12045;16;12041;31;;;12049;17;12053;14;;;12047.0;0.0
sideways_drift_s1;48400;ASH_COATED_OSMIUM;10061;6;10058;20;;;10065;13;10068;29;;;10063.0;0.0
sideways_drift_s1;48500;INTARIAN_PEPPER_ROOT;12030;9;12027;21;;;12062;17;12064;16;;;12046.0;0.0
sideways_drift_s1;48500;ASH_COATED_OSMIUM;10059;23;10056;24;;;10063;10;10067;19;;;10061.0;0.0
sideways_drift_s1;48600;INTARIAN_PEPPER_ROOT;12042;25;12038;23;;;12050;12;12054;16;;;12046.0;0.0
sideways_drift_s1;48600;ASH_COATED_OSMIUM;10049;13;10046;17;;;10071;11;10073;25;;;10060.0;0.0
sideways_drift_s1;48700;INTARIAN_PEPPER_ROOT;12038;19;12035;28;;;12054;22;12057;14;;;12046.0;0.0
sideways_drift_s1;48700;ASH_COATED_OSMIUM;10058;8;10054;12;;;10064;15;10067;12;;;10061.0;0.0
sideways_drift_s1;48800;INTARIAN_PEPPER_ROOT;12044;12;12042;27;;;12048;5;12050;28;;;12046.0;0.0
sideways_drift_s1;48800;ASH_COATED_OSMIUM;10059;11;10056;11;;;10063;15;10066;21;;;10061.0;0.0
sideways_drift_s1;48900;INTARIAN_PEPPER_ROOT;12040;14;12038;12;;;12046;21;12049;14;;;12043.0;0.0
sideways_drift_s1;48900;ASH_COATED_OSMIUM;10059;6;10055;20;;;10069;10;10071;19;;;10064.0;0.0
sideways_drift_s1;49000;INTARIAN_PEPPER_ROOT;12029;22;12027;19;;;12055;15;12059;16;;;12042.0;0.0
sideways_drift_s1;49000;ASH_COATED_OSMIUM;10042;9;10039;22;;;10082;13;10085;18;;;10062.0;0.0
sideways_drift_s1;49100;INTARIAN_PEPPER_ROOT;12035;17;12033;22;;;12047;15;12051;21;;;12041.0;0.0
sideways_drift_s1;49100;ASH_COATED_OSMIUM;10054;15;10050;15;;;10072;13;10075;20;;;10063.0;0.0
sideways_drift_s1;49200;INTARIAN_PEPPER_ROOT;12020;25;12017;26;;;12058;20;12060;24;;;12039.0;0.0
sideways_drift_s1;49200;ASH_COATED_OSMIUM;10062;15;10058;19;;;10064;20;10067;15;;;10063.0;0.0
sideways_drift_s1;49300;INTARIAN_PEPPER_ROOT;12037;18;12034;15;;;12039;19;12042;20;;;12038.0;0.0
sideways_drift_s1;49300;ASH_COATED_OSMIUM;10064;7;10062;20;;;10066;11;10068;27;;;10065.0;0.0
sideways_drift_s1;49400;INTARIAN_PEPPER_ROOT;12015;17;12013;17;;;12055;24;12059;18;;;12035.0;0.0
sideways_drift_s1;49400;ASH_COATED_OSMIUM;10059;11;10055;20;;;10067;22;10071;27;;;10063.0;0.0
sideways_drift_s1;49500;INTARIAN_PEPPER_ROOT;12031;13;12028;31;;;12033;24;12036;21;;;12032.0;0.0
sideways_drift_s1;49500;ASH_COATED_OSMIUM;10067;12;10064;25;;;10069;9;10072;16;;;10068.0;0.0
sideways_drift_s1;49600;INTARIAN_PEPPER_ROOT;12031;7;12027;25;;;12033;18;12036;23;;;12032.0;0.0
sideways_drift_s1;49600;ASH_COATED_OSMIUM;10057;7;10055;21;;;10075;19;10079;11;;;10066.0;0.0
sideways_drift_s1;49700;INTARIAN_PEPPER_ROOT;12012;6;12010;23;;;12042;17;12046;17;;;12027.0;0.0
sideways_drift_s1;49700;ASH_COATED_OSMIUM;10067;16;10064;15;;;10069;12;10071;12;;;10068.0;0.0
sideways_drift_s1;49800;INTARIAN_PEPPER_ROOT;12024;9;12022;25;;;12026;17;12029;16;;;12025.0;0.0
sideways_drift_s1;49800;ASH_COATED_OSMIUM;10067;16;10064;21;;;10071;14;10074;22;;;10069.0;0.0
sideways_drift_s1;49900;INTARIAN_PEPPER_ROOT;12023;16;12020;17;;;12025;16;12028;14;;;12024.0;0.0
sideways_drift_s1;49900;ASH_COATED_OSMIUM;10065;6;10061;26;;;10077;20;10080;19;;;10071.0;0.0
sideways_drift_s1;50000;INTARIAN_PEPPER_ROOT;12018;18;12014;22;;;12022;17;12024;27;;;12020.0;0.0
sideways_drift_s1;50000;ASH_COATED_OSMIUM;10058;15;10055;22;;;10082;13;10084;20;;;10070.0;0.0
sideways_drift_s1;50100;INTARIAN_PEPPER_ROOT;12018;12;12014;20;;;12020;14;12024;18;;;12019.0;0.0
sideways_drift_s1;50100;ASH_COATED_OSMIUM;10049;12;10045;16;;;10081;10;10085;16;;;10065.0;0.0
sideways_drift_s1;50200;INTARIAN_PEPPER_ROOT;12016;25;12013;25;;;12018;13;12020;16;;;12017.0;0.0
sideways_drift_s1;50200;ASH_COATED_OSMIUM;10064;15;10060;22;;;10066;12;10068;14;;;10065.0;0.0
sideways_drift_s1;50300;INTARIAN_PEPPER_ROOT;12002;14;11999;24;;;12026;22;12028;15;;;12014.0;0.0
sideways_drift_s1;50300;ASH_COATED_OSMIUM;10060;15;10058;27;;;10070;11;10073;22;;;10065.0;0.0
sideways_drift_s1;50400;INTARIAN_PEPPER_ROOT;12004;17;12000;16;;;12022;11;12026;20;;;12013.0;0.0
sideways_drift_s1;50400;ASH_COATED_OSMIUM;10058;16;10055;13;;;10072;12;10075;16;;;10065.0;0.0
sideways_drift_s1;50500;INTARIAN_PEPPER_ROOT;12011;5;12007;23;;;12013;16;12017;16;;;12012.0;0.0
sideways_drift_s1;50500;ASH_COATED_OSMIUM;10068;16;10065;23;;;10072;18;10074;14;;;10070.0;0.0
sideways_drift_s1;50600;INTARIAN_PEPPER_ROOT;12000;16;11998;18;;;12018;13;12022;21;;;12009.0;0.0
sideways_drift_s1;50600;ASH_COATED_OSMIUM;10068;10;10065;8;;;10070;11;10074;17;;;10069.0;0.0
sideways_drift_s1;50700;INTARIAN_PEPPER_ROOT;11993;15;11990;26;;;12025;15;12027;16;;;12009.0;0.0
sideways_drift_s1;50700;ASH_COATED_OSMIUM;10064;16;10060;17;;;10078;17;10080;17;;;10071.0;0.0
sideways_drift_s1;50800;INTARIAN_PEPPER_ROOT;12001;15;11998;18;;;12011;17;12013;21;;;12006.0;0.0
sideways_drift_s1;50800;ASH_COATED_OSMIUM;10050;5;10048;28;;;10092;18;10094;10;;;10071.0;0.0
sideways_drift_s1;50900;INTARIAN_PEPPER_ROOT;12005;16;12002;10;;;12007;14;12011;15;;;12006.0;0.0
sideways_drift_s1;50900;ASH_COATED_OSMIUM;10074;10;10071;23;;;10076;16;10079;17;;;10075.0;0.0
sideways_drift_s1;51000;INTARIAN_PEPPER_ROOT;12001;11;11998;17;;;12011;17;12013;16;;;12006.0;0.0
sideways_drift_s1;51000;ASH_COATED_OSMIUM;10070;10;10066;17;;;10074;7;10076;12;;;10072.0;0.0
sideways_drift_s1;51100;INTARIAN_PEPPER_ROOT;12002;10;12000;26;;;12008;21;12011;21;;;12005.0;0.0
sideways_drift_s1;51100;ASH_COATED_OSMIUM;10056;12;10052;24;;;10090;14;10092;19;;;10073.0;0.0
sideways_drift_s1;51200;INTARIAN_PEPPER_ROOT;11981;18;11977;15;;;12025;16;12029;25;;;12003.0;0.0
sideways_drift_s1;51200;ASH_COATED_OSMIUM;10072;10;10068;8;;;10074;17;10076;17;;;10073.0;0.0
sideways_drift_s1;51300;INTARIAN_PEPPER_ROOT;11994;14;11992;22;;;12006;16;12010;19;;;12000.0;0.0
sideways_drift_s1;51300;ASH_COATED_OSMIUM;10071;21;10068;17;;;10075;7;10077;22;;;10073.0;0.0
sideways_drift_s1;51400;INTARIAN_PEPPER_ROOT;11990;14;11986;14;;;12008;10;12012;18;;;11999.0;0.0
sideways_drift_s1;51400;ASH_COATED_OSMIUM;10069;14;10065;22;;;10071;22;10075;18;;;10070.0;0.0
sideways_drift_s1;51500;INTARIAN_PEPPER_ROOT;11996;5;11994;18;;;11998;10;12000;13;;;11997.0;0.0
sideways_drift_s1;51500;ASH_COATED_OSMIUM;10065;23;10063;21;;;10071;10;10075;21;;;10068.0;0.0
sideways_drift_s1;51600;INTARIAN_PEPPER_ROOT;11994;11;11991;11;;;11996;17;12000;18;;;11995.0;0.0
sideways_drift_s1;51600;ASH_COATED_OSMIUM;10055;8;10053;18;;;10079;18;10082;17;;;10067.0;0.0
sideways_drift_s1;51700;INTARIAN_PEPPER_ROOT;11988;19;11986;14;;;12000;14;12002;16;;;11994.0;0.0
sideways_drift_s1;51700;ASH_COATED_OSMIUM;10049;6;10047;27;;;10089;12;10092;21;;;10069.0;0.0
sideways_drift_s1;51800;INTARIAN_PEPPER_ROOT;11979;22;11976;23;;;12007;15;12010;15;;;11993.0;0.0
sideways_drift_s1;51800;ASH_COATED_OSMIUM;10069;12;10065;12;;;10071;22;10075;25;;;10070.0;0.0
sideways_drift_s1;51900;INTARIAN_PEPPER_ROOT;11971;12;11967;25;;;12013;13;12017;24;;;11992.0;0.0
sideways_drift_s1;51900;ASH_COATED_OSMIUM;10070;14;10067;17;;;10072;16;10074;11;;;10071.0;0.0
sideways_drift_s1;52000;INTARIAN_PEPPER_ROOT;11975;10;11971;14;;;12009;7;12013;23;;;11992.0;0.0
sideways_drift_s1;52000;ASH_COATED_OSMIUM;10071;16;10067;17;;;10073;11;10075;21;;;10072.0;0.0
sideways_drift_s1;52100;INTARIAN_PEPPER_ROOT;11989;12;11987;18;;;11991;14;11994;12;;;11990.0;0.0
sideways_drift_s1;52100;ASH_COATED_OSMIUM;10070;12;10067;24;;;10072;19;10075;22;;;10071.0;0.0
sideways_drift_s1;52200;INTARIAN_PEPPER_ROOT;11988;11;11984;13;;;11990;17;11993;20;;;11989.0;0.0
sideways_drift_s1;52200;ASH_COATED_OSMIUM;10064;11;10061;19;;;10082;17;10084;19;;;10073.0;0.0
sideways_drift_s1;52300;INTARIAN_PEPPER_ROOT;11981;15;11977;15;;;11997;10;12001;22;;;11989.0;0.0
sideways_drift_s1;52300;ASH_COATED_OSMIUM;10069;12;10067;18;;;10071;15;10075;19;;;10070.0;0.0
sideways_drift_s1;52400;INTARIAN_PEPPER_ROOT;11981;14;11979;21;;;11995;11;11998;21;;;11988.0;0.0
sideways_drift_s1;52400;ASH_COATED_OSMIUM;10054;14;10051;31;;;10092;22;10094;18;;;10073.0;0.0
sideways_drift_s1;52500;INTARIAN_PEPPER_ROOT;11981;14;11979;17;;;11995;15;11999;17;;;11988.0;0.0
sideways_drift_s1;52500;ASH_COATED_OSMIUM;10072;11;10070;11;;;10078;9;10081;19;;;10075.0;0.0
sideways_drift_s1;52600;INTARIAN_PEPPER_ROOT;11986;9;11984;17;;;11988;14;11990;25;;;11987.0;0.0
sideways_drift_s1;52600;ASH_COATED_OSMIUM;10073;18;10070;25;;;10081;11;10083;26;;;10077.0;0.0
sideways_drift_s1;52700;INTARIAN_PEPPER_ROOT;11985;17;11982;14;;;11987;9;11989;27;;;11986.0;0.0
sideways_drift_s1;52700;ASH_COATED_OSMIUM;10066;7;10063;18;;;10084;5;10086;17;;;10075.0;0.0
