day;timestamp;product;bid_price_1;bid_volume_1;bid_price_2;bid_volume_2;bid_price_3;bid_volume_3;ask_price_1;ask_volume_1;ask_price_2;ask_volume_2;ask_price_3;ask_volume_3;mid_price;profit_and_loss
v_recovery_drift_s1;0;INTARIAN_PEPPER_ROOT;12499;14;12495;17;;;12505;16;12507;26;;;12502.0;0.0
v_recovery_drift_s1;0;ASH_COATED_OSMIUM;9997;12;9993;16;;;10001;14;10003;25;;;9999.0;0.0
v_recovery_drift_s1;100;INTARIAN_PEPPER_ROOT;12500;20;12498;19;;;12502;19;12506;20;;;12501.0;0.0
v_recovery_drift_s1;100;ASH_COATED_OSMIUM;9995;17;9991;16;;;10005;12;10008;25;;;10000.0;0.0
v_recovery_drift_s1;200;INTARIAN_PEPPER_ROOT;12493;9;12490;24;;;12507;14;12511;22;;;12500.0;0.0
v_recovery_drift_s1;200;ASH_COATED_OSMIUM;9998;19;9996;20;;;10000;15;10002;33;;;9999.0;0.0
v_recovery_drift_s1;300;INTARIAN_PEPPER_ROOT;12496;16;12494;28;;;12498;13;12500;17;;;12497.0;0.0
v_recovery_drift_s1;300;ASH_COATED_OSMIUM;9982;17;9978;8;;;10014;14;10017;27;;;9998.0;0.0
v_recovery_drift_s1;400;INTARIAN_PEPPER_ROOT;12487;10;12484;20;;;12509;7;12511;16;;;12498.0;0.0
v_recovery_drift_s1;400;ASH_COATED_OSMIUM;9991;12;9988;29;;;10003;10;10006;14;;;9997.0;0.0
v_recovery_drift_s1;500;INTARIAN_PEPPER_ROOT;12492;9;12489;15;;;12494;15;12497;23;;;12493.0;0.0
v_recovery_drift_s1;500;ASH_COATED_OSMIUM;9986;19;9982;27;;;10008;11;10012;20;;;9997.0;0.0
v_recovery_drift_s1;600;INTARIAN_PEPPER_ROOT;12490;16;12487;11;;;12500;28;12503;24;;;12495.0;0.0
v_recovery_drift_s1;600;ASH_COATED_OSMIUM;9992;5;9990;25;;;10006;8;10009;21;;;9999.0;0.0
v_recovery_drift_s1;700;INTARIAN_PEPPER_ROOT;12491;17;12489;21;;;12495;18;12499;24;;;12493.0;0.0
v_recovery_drift_s1;700;ASH_COATED_OSMIUM;9996;24;9994;12;;;10000;12;10004;23;;;9998.0;0.0
v_recovery_drift_s1;800;INTARIAN_PEPPER_ROOT;12492;18;12490;17;;;12494;5;12498;21;;;12493.0;0.0
v_recovery_drift_s1;800;ASH_COATED_OSMIUM;9978;11;9976;21;;;10018;15;10020;15;;;9998.0;0.0
v_recovery_drift_s1;900;INTARIAN_PEPPER_ROOT;12491;18;12488;23;;;12493;12;12495;10;;;12492.0;0.0
v_recovery_drift_s1;900;ASH_COATED_OSMIUM;9987;12;9984;20;;;10011;8;10015;20;;;9999.0;0.0
v_recovery_drift_s1;1000;INTARIAN_PEPPER_ROOT;12493;18;12491;26;;;12497;10;12499;19;;;12495.0;0.0
v_recovery_drift_s1;1000;ASH_COATED_OSMIUM;9994;19;9992;22;;;10000;5;10003;19;;;9997.0;0.0
v_recovery_drift_s1;1100;INTARIAN_PEPPER_ROOT;12484;11;12482;22;;;12496;18;12499;35;;;12490.0;0.0
v_recovery_drift_s1;1100;ASH_COATED_OSMIUM;9980;11;9976;21;;;10014;7;10018;22;;;9997.0;0.0
v_recovery_drift_s1;1200;INTARIAN_PEPPER_ROOT;12486;10;12483;12;;;12490;12;12492;29;;;12488.0;0.0
v_recovery_drift_s1;1200;ASH_COATED_OSMIUM;9985;20;9982;26;;;10007;11;10011;24;;;9996.0;0.0
v_recovery_drift_s1;1300;INTARIAN_PEPPER_ROOT;12486;7;12483;12;;;12488;16;12491;17;;;12487.0;0.0
v_recovery_drift_s1;1300;ASH_COATED_OSMIUM;9984;5;9982;17;;;10004;20;10008;21;;;9994.0;0.0
v_recovery_drift_s1;1400;INTARIAN_PEPPER_ROOT;12487;22;12483;20;;;12491;16;12495;17;;;12489.0;0.0
v_recovery_drift_s1;1400;ASH_COATED_OSMIUM;9995;17;9991;24;;;9997;11;10000;23;;;9996.0;0.0
v_recovery_drift_s1;1500;INTARIAN_PEPPER_ROOT;12484;17;12480;11;;;12488;8;12490;13;;;12486.0;0.0
v_recovery_drift_s1;1500;ASH_COATED_OSMIUM;9988;12;9986;8;;;10002;16;10004;20;;;9995.0;0.0
v_recovery_drift_s1;1600;INTARIAN_PEPPER_ROOT;12467;10;12464;13;;;12503;6;12505;24;;;12485.0;0.0
v_recovery_drift_s1;1600;ASH_COATED_OSMIUM;9987;11;9984;18;;;10003;5;10007;14;;;9995.0;0.0
v_recovery_drift_s1;1700;INTARIAN_PEPPER_ROOT;12482;6;12479;17;;;12484;28;12487;20;;;12483.0;0.0
v_recovery_drift_s1;1700;ASH_COATED_OSMIUM;9989;22;9985;24;;;10003;15;10007;17;;;9996.0;0.0
v_recovery_drift_s1;1800;INTARIAN_PEPPER_ROOT;12477;20;12475;18;;;12487;13;12491;19;;;12482.0;0.0
v_recovery_drift_s1;1800;ASH_COATED_OSMIUM;9992;14;9990;21;;;9996;17;9999;32;;;9994.0;0.0
v_recovery_drift_s1;1900;INTARIAN_PEPPER_ROOT;12482;5;12480;19;;;12484;16;12486;22;;;12483.0;0.0
v_recovery_drift_s1;1900;ASH_COATED_OSMIUM;9994;10;9990;17;;;9996;5;10000;24;;;9995.0;0.0
v_recovery_drift_s1;2000;INTARIAN_PEPPER_ROOT;12479;18;12475;15;;;12481;20;12483;22;;;12480.0;0.0
v_recovery_drift_s1;2000;ASH_COATED_OSMIUM;9994;16;9991;19;;;10000;8;10003;22;;;9997.0;0.0
v_recovery_drift_s1;2100;INTARIAN_PEPPER_ROOT;12459;11;12457;17;;;12503;21;12505;27;;;12481.0;0.0
v_recovery_drift_s1;2100;ASH_COATED_OSMIUM;9997;14;9994;21;;;9999;5;10003;19;;;9998.0;0.0
v_recovery_drift_s1;2200;INTARIAN_PEPPER_ROOT;12482;12;12479;29;;;12484;22;12486;18;;;12483.0;0.0
v_recovery_drift_s1;2200;ASH_COATED_OSMIUM;9995;13;9993;26;;;10003;17;10006;22;;;9999.0;0.0
v_recovery_drift_s1;2300;INTARIAN_PEPPER_ROOT;12483;18;12481;16;;;12485;12;12488;13;;;12484.0;0.0
v_recovery_drift_s1;2300;ASH_COATED_OSMIUM;9990;5;9986;14;;;10010;10;10012;28;;;10000.0;0.0
v_recovery_drift_s1;2400;INTARIAN_PEPPER_ROOT;12460;17;12457;30;;;12508;9;12511;20;;;12484.0;0.0
v_recovery_drift_s1;2400;ASH_COATED_OSMIUM;10001;17;9997;18;;;10007;13;10009;20;;;10004.0;0.0
v_recovery_drift_s1;2500;INTARIAN_PEPPER_ROOT;12469;9;12467;17;;;12495;15;12498;13;;;12482.0;0.0
v_recovery_drift_s1;2500;ASH_COATED_OSMIUM;9998;7;9995;15;;;10004;7;10007;10;;;10001.0;0.0
v_recovery_drift_s1;2600;INTARIAN_PEPPER_ROOT;12480;14;12478;26;;;12482;19;12486;20;;;12481.0;0.0
v_recovery_drift_s1;2600;ASH_COATED_OSMIUM;9999;11;9995;21;;;10007;22;10010;16;;;10003.0;0.0
v_recovery_drift_s1;2700;INTARIAN_PEPPER_ROOT;12470;10;12468;15;;;12488;12;12490;20;;;12479.0;0.0
v_recovery_drift_s1;2700;ASH_COATED_OSMIUM;9963;12;9961;13;;;10049;12;10051;20;;;10006.0;0.0
v_recovery_drift_s1;2800;INTARIAN_PEPPER_ROOT;12475;12;12473;23;;;12483;8;12487;10;;;12479.0;0.0
v_recovery_drift_s1;2800;ASH_COATED_OSMIUM;10005;5;10003;23;;;10007;5;10011;20;;;10006.0;0.0
v_recovery_drift_s1;2900;INTARIAN_PEPPER_ROOT;12473;14;12471;20;;;12485;5;12488;11;;;12479.0;0.0
v_recovery_drift_s1;2900;ASH_COATED_OSMIUM;10004;13;10002;14;;;10012;10;10014;27;;;10008.0;0.0
v_recovery_drift_s1;3000;INTARIAN_PEPPER_ROOT;12469;16;12467;33;;;12483;13;12487;16;;;12476.0;0.0
v_recovery_drift_s1;3000;ASH_COATED_OSMIUM;10001;16;9998;13;;;10015;10;10017;20;;;10008.0;0.0
v_recovery_drift_s1;3100;INTARIAN_PEPPER_ROOT;12452;10;12448;27;;;12498;18;12502;12;;;12475.0;0.0
v_recovery_drift_s1;3100;ASH_COATED_OSMIUM;10008;15;10004;16;;;10012;12;10015;17;;;10010.0;0.0
v_recovery_drift_s1;3200;INTARIAN_PEPPER_ROOT;12469;13;12465;21;;;12477;14;12480;20;;;12473.0;0.0
v_recovery_drift_s1;3200;ASH_COATED_OSMIUM;10007;8;10005;30;;;10009;12;10012;15;;;10008.0;0.0
v_recovery_drift_s1;3300;INTARIAN_PEPPER_ROOT;12462;16;12458;12;;;12480;13;12484;16;;;12471.0;0.0
v_recovery_drift_s1;3300;ASH_COATED_OSMIUM;10005;12;10003;19;;;10009;11;10011;10;;;10007.0;0.0
v_recovery_drift_s1;3400;INTARIAN_PEPPER_ROOT;12457;16;12454;19;;;12481;14;12483;19;;;12469.0;0.0
v_recovery_drift_s1;3400;ASH_COATED_OSMIUM;10006;18;10003;27;;;10010;11;10012;29;;;10008.0;0.0
v_recovery_drift_s1;3500;INTARIAN_PEPPER_ROOT;12467;11;12463;26;;;12469;18;12473;25;;;12468.0;0.0
v_recovery_drift_s1;3500;ASH_COATED_OSMIUM;10002;10;10000;19;;;10014;12;10017;16;;;10008.0;0.0
v_recovery_drift_s1;3600;INTARIAN_PEPPER_ROOT;12465;19;12463;22;;;12467;14;12469;18;;;12466.0;0.0
v_recovery_drift_s1;3600;ASH_COATED_OSMIUM;10008;8;10005;21;;;10010;11;10012;17;;;10009.0;0.0
v_recovery_drift_s1;3700;INTARIAN_PEPPER_ROOT;12465;14;12462;25;;;12467;19;12470;20;;;12466.0;0.0
v_recovery_drift_s1;3700;ASH_COATED_OSMIUM;9999;14;9995;25;;;10011;9;10013;29;;;10005.0;0.0
v_recovery_drift_s1;3800;INTARIAN_PEPPER_ROOT;12457;13;12455;29;;;12479;9;12483;24;;;12468.0;0.0
v_recovery_drift_s1;3800;ASH_COATED_OSMIUM;10001;21;9997;13;;;10003;17;10006;21;;;10002.0;0.0
v_recovery_drift_s1;3900;INTARIAN_PEPPER_ROOT;12454;12;12452;25;;;12484;14;12486;17;;;12469.0;0.0
v_recovery_drift_s1;3900;ASH_COATED_OSMIUM;9999;16;9996;21;;;10003;15;10005;14;;;10001.0;0.0
v_recovery_drift_s1;4000;INTARIAN_PEPPER_ROOT;12465;12;12463;33;;;12471;19;12474;16;;;12468.0;0.0
v_recovery_drift_s1;4000;ASH_COATED_OSMIUM;9998;6;9995;24;;;10000;12;10002;16;;;9999.0;0.0
v_recovery_drift_s1;4100;INTARIAN_PEPPER_ROOT;12460;10;12458;14;;;12472;5;12476;9;;;12466.0;0.0
v_recovery_drift_s1;4100;ASH_COATED_OSMIUM;9998;8;9996;8;;;10004;22;10006;22;;;10001.0;0.0
v_recovery_drift_s1;4200;INTARIAN_PEPPER_ROOT;12461;16;12458;17;;;12465;11;12467;26;;;12463.0;0.0
v_recovery_drift_s1;4200;ASH_COATED_OSMIUM;9996;10;9993;17;;;10002;21;10005;17;;;9999.0;0.0
v_recovery_drift_s1;4300;INTARIAN_PEPPER_ROOT;12463;7;12460;33;;;12469;11;12472;22;;;12466.0;0.0
v_recovery_drift_s1;4300;ASH_COATED_OSMIUM;9976;11;9972;18;;;10022;7;10024;20;;;9999.0;0.0
v_recovery_drift_s1;4400;INTARIAN_PEPPER_ROOT;12460;15;12458;17;;;12472;15;12476;23;;;12466.0;0.0
v_recovery_drift_s1;4400;ASH_COATED_OSMIUM;9977;20;9974;22;;;10017;10;10021;23;;;9997.0;0.0
v_recovery_drift_s1;4500;INTARIAN_PEPPER_ROOT;12463;15;12461;20;;;12465;15;12469;24;;;12464.0;0.0
v_recovery_drift_s1;4500;ASH_COATED_OSMIUM;9962;5;9958;20;;;10030;6;10033;25;;;9996.0;0.0
v_recovery_drift_s1;4600;INTARIAN_PEPPER_ROOT;12458;23;12455;18;;;12470;19;12473;22;;;12464.0;0.0
v_recovery_drift_s1;4600;ASH_COATED_OSMIUM;9988;8;9985;15;;;9998;13;10000;12;;;9993.0;0.0
v_recovery_drift_s1;4700;INTARIAN_PEPPER_ROOT;12462;7;12459;22;;;12472;13;12475;9;;;12467.0;0.0
v_recovery_drift_s1;4700;ASH_COATED_OSMIUM;9986;11;9983;25;;;9998;5;10002;19;;;9992.0;0.0
v_recovery_drift_s1;4800;INTARIAN_PEPPER_ROOT;12460;5;12458;16;;;12474;16;12476;8;;;12467.0;0.0
v_recovery_drift_s1;4800;ASH_COATED_OSMIUM;9989;21;9986;25;;;9991;9;9994;28;;;9990.0;0.0
v_recovery_drift_s1;4900;INTARIAN_PEPPER_ROOT;12463;12;12460;14;;;12473;20;12477;20;;;12468.0;0.0
v_recovery_drift_s1;4900;ASH_COATED_OSMIUM;9984;15;9981;19;;;10002;5;10006;17;;;9993.0;0.0
v_recovery_drift_s1;5000;INTARIAN_PEPPER_ROOT;12461;5;12457;19;;;12473;15;12476;16;;;12467.0;0.0
v_recovery_drift_s1;5000;ASH_COATED_OSMIUM;9992;21;9990;17;;;9994;11;9997;22;;;9993.0;0.0
v_recovery_drift_s1;5100;INTARIAN_PEPPER_ROOT;12465;19;12463;28;;;12467;13;12469;20;;;12466.0;0.0
v_recovery_drift_s1;5100;ASH_COATED_OSMIUM;9990;7;9988;20;;;9992;12;9995;15;;;9991.0;0.0
v_recovery_drift_s1;5200;INTARIAN_PEPPER_ROOT;12462;19;12459;22;;;12464;20;12466;13;;;12463.0;0.0
v_recovery_drift_s1;5200;ASH_COATED_OSMIUM;9986;5;9982;19;;;9990;7;9994;18;;;9988.0;0.0
v_recovery_drift_s1;5300;INTARIAN_PEPPER_ROOT;12455;13;12452;16;;;12469;12;12471;18;;;12462.0;0.0
v_recovery_drift_s1;5300;ASH_COATED_OSMIUM;9966;17;9964;17;;;10010;15;10012;10;;;9988.0;0.0
v_recovery_drift_s1;5400;INTARIAN_PEPPER_ROOT;12457;19;12453;21;;;12465;5;12467;13;;;12461.0;0.0
v_recovery_drift_s1;5400;ASH_COATED_OSMIUM;9978;5;9975;18;;;9996;13;9998;20;;;9987.0;0.0
v_recovery_drift_s1;5500;INTARIAN_PEPPER_ROOT;12453;17;12450;20;;;12471;6;12473;22;;;12462.0;0.0
v_recovery_drift_s1;5500;ASH_COATED_OSMIUM;9987;16;9983;9;;;9989;16;9992;25;;;9988.0;0.0
v_recovery_drift_s1;5600;INTARIAN_PEPPER_ROOT;12442;14;12438;23;;;12482;9;12486;21;;;12462.0;0.0
v_recovery_drift_s1;5600;ASH_COATED_OSMIUM;9987;9;9985;10;;;9991;6;9994;27;;;9989.0;0.0
v_recovery_drift_s1;5700;INTARIAN_PEPPER_ROOT;12448;5;12446;23;;;12480;11;12482;22;;;12464.0;0.0
v_recovery_drift_s1;5700;ASH_COATED_OSMIUM;9989;14;9985;9;;;9991;12;9994;19;;;9990.0;0.0
v_recovery_drift_s1;5800;INTARIAN_PEPPER_ROOT;12457;22;12455;28;;;12471;20;12473;23;;;12464.0;0.0
v_recovery_drift_s1;5800;ASH_COATED_OSMIUM;9978;11;9974;12;;;9996;14;9999;10;;;9987.0;0.0
v_recovery_drift_s1;5900;INTARIAN_PEPPER_ROOT;12457;15;12455;19;;;12473;14;12477;15;;;12465.0;0.0
v_recovery_drift_s1;5900;ASH_COATED_OSMIUM;9976;19;9973;28;;;9994;5;9997;24;;;9985.0;0.0
v_recovery_drift_s1;6000;INTARIAN_PEPPER_ROOT;12460;8;12458;20;;;12466;14;12469;23;;;12463.0;0.0
v_recovery_drift_s1;6000;ASH_COATED_OSMIUM;9984;11;9981;12;;;9986;5;9990;20;;;9985.0;0.0
v_recovery_drift_s1;6100;INTARIAN_PEPPER_ROOT;12445;7;12442;21;;;12485;9;12488;18;;;12465.0;0.0
v_recovery_drift_s1;6100;ASH_COATED_OSMIUM;9978;16;9974;14;;;9998;10;10001;19;;;9988.0;0.0
v_recovery_drift_s1;6200;INTARIAN_PEPPER_ROOT;12464;13;12462;21;;;12466;21;12469;16;;;12465.0;0.0
v_recovery_drift_s1;6200;ASH_COATED_OSMIUM;9970;5;9968;18;;;10002;10;10005;28;;;9986.0;0.0
v_recovery_drift_s1;6300;INTARIAN_PEPPER_ROOT;12440;10;12436;22;;;12486;13;12488;20;;;12463.0;0.0
v_recovery_drift_s1;6300;ASH_COATED_OSMIUM;9983;9;9981;25;;;9985;16;9989;28;;;9984.0;0.0
v_recovery_drift_s1;6400;INTARIAN_PEPPER_ROOT;12451;18;12448;11;;;12479;13;12482;19;;;12465.0;0.0
v_recovery_drift_s1;6400;ASH_COATED_OSMIUM;9981;11;9977;15;;;9989;14;9993;27;;;9985.0;0.0
v_recovery_drift_s1;6500;INTARIAN_PEPPER_ROOT;12461;14;12459;16;;;12467;11;12469;17;;;12464.0;0.0
v_recovery_drift_s1;6500;ASH_COATED_OSMIUM;9971;16;9967;14;;;9999;9;10002;22;;;9985.0;0.0
v_recovery_drift_s1;6600;INTARIAN_PEPPER_ROOT;12462;12;12459;16;;;12470;6;12472;24;;;12466.0;0.0
v_recovery_drift_s1;6600;ASH_COATED_OSMIUM;9982;8;9980;11;;;9984;15;9988;14;;;9983.0;0.0
v_recovery_drift_s1;6700;INTARIAN_PEPPER_ROOT;12450;18;12446;16;;;12486;16;12489;25;;;12468.0;0.0
v_recovery_drift_s1;6700;ASH_COATED_OSMIUM;9982;17;9980;31;;;9990;10;9992;26;;;9986.0;0.0
v_recovery_drift_s1;6800;INTARIAN_PEPPER_ROOT;12471;15;12467;13;;;12473;24;12476;12;;;12472.0;0.0
v_recovery_drift_s1;6800;ASH_COATED_OSMIUM;9988;24;9985;13;;;9990;5;9994;17;;;9989.0;0.0
v_recovery_drift_s1;6900;INTARIAN_PEPPER_ROOT;12459;12;12456;24;;;12477;19;12481;22;;;12468.0;0.0
v_recovery_drift_s1;6900;ASH_COATED_OSMIUM;9991;11;9987;20;;;9993;12;9996;19;;;9992.0;0.0
v_recovery_drift_s1;7000;INTARIAN_PEPPER_ROOT;12463;10;12459;23;;;12467;11;12470;22;;;12465.0;0.0
v_recovery_drift_s1;7000;ASH_COATED_OSMIUM;9981;12;9979;25;;;10003;15;10006;19;;;9992.0;0.0
v_recovery_drift_s1;7100;INTARIAN_PEPPER_ROOT;12462;11;12458;22;;;12464;17;12466;33;;;12463.0;0.0
v_recovery_drift_s1;7100;ASH_COATED_OSMIUM;9989;13;9987;18;;;9993;9;9996;17;;;9991.0;0.0
v_recovery_drift_s1;7200;INTARIAN_PEPPER_ROOT;12462;16;12459;29;;;12464;18;12467;17;;;12463.0;0.0
v_recovery_drift_s1;7200;ASH_COATED_OSMIUM;9971;8;9968;8;;;10005;12;10007;10;;;9988.0;0.0
v_recovery_drift_s1;7300;INTARIAN_PEPPER_ROOT;12453;12;12450;22;;;12475;13;12479;20;;;12464.0;0.0
v_recovery_drift_s1;7300;ASH_COATED_OSMIUM;9986;10;9984;19;;;9990;11;9992;23;;;9988.0;0.0
v_recovery_drift_s1;7400;INTARIAN_PEPPER_ROOT;12462;9;12460;17;;;12466;15;12468;19;;;12464.0;0.0
v_recovery_drift_s1;7400;ASH_COATED_OSMIUM;9986;23;9983;18;;;9988;17;9990;26;;;9987.0;0.0
v_recovery_drift_s1;7500;INTARIAN_PEPPER_ROOT;12449;16;12446;19;;;12469;13;12472;31;;;12459.0;0.0
v_recovery_drift_s1;7500;ASH_COATED_OSMIUM;9984;11;9981;28;;;9990;20;9994;17;;;9987.0;0.0
v_recovery_drift_s1;7600;INTARIAN_PEPPER_ROOT;12447;10;12444;16;;;12469;5;12473;25;;;12458.0;0.0
v_recovery_drift_s1;7600;ASH_COATED_OSMIUM;9982;8;9980;27;;;9994;5;9998;12;;;9988.0;0.0
v_recovery_drift_s1;7700;INTARIAN_PEPPER_ROOT;12445;16;12443;25;;;12475;7;12479;21;;;12460.0;0.0
v_recovery_drift_s1;7700;ASH_COATED_OSMIUM;9983;13;9980;17;;;9993;9;9996;17;;;9988.0;0.0
v_recovery_drift_s1;7800;INTARIAN_PEPPER_ROOT;12458;11;12455;11;;;12460;14;12464;16;;;12459.0;0.0
v_recovery_drift_s1;7800;ASH_COATED_OSMIUM;9983;15;9979;20;;;9997;8;10000;26;;;9990.0;0.0
v_recovery_drift_s1;7900;INTARIAN_PEPPER_ROOT;12458;18;12454;15;;;12460;15;12463;16;;;12459.0;0.0
v_recovery_drift_s1;7900;ASH_COATED_OSMIUM;9979;6;9977;23;;;10003;16;10005;19;;;9991.0;0.0
v_recovery_drift_s1;8000;INTARIAN_PEPPER_ROOT;12446;10;12443;23;;;12472;18;12475;12;;;12459.0;0.0
v_recovery_drift_s1;8000;ASH_COATED_OSMIUM;9988;14;9985;25;;;9992;10;9994;17;;;9990.0;0.0
v_recovery_drift_s1;8100;INTARIAN_PEPPER_ROOT;12456;18;12453;19;;;12460;14;12464;15;;;12458.0;0.0
v_recovery_drift_s1;8100;ASH_COATED_OSMIUM;9972;5;9969;26;;;10006;15;10009;17;;;9989.0;0.0
v_recovery_drift_s1;8200;INTARIAN_PEPPER_ROOT;12457;17;12454;17;;;12459;17;12461;15;;;12458.0;0.0
v_recovery_drift_s1;8200;ASH_COATED_OSMIUM;9987;14;9983;18;;;9989;11;9991;14;;;9988.0;0.0
v_recovery_drift_s1;8300;INTARIAN_PEPPER_ROOT;12450;14;12448;19;;;12466;11;12470;16;;;12458.0;0.0
v_recovery_drift_s1;8300;ASH_COATED_OSMIUM;9969;22;9967;27;;;10005;13;10009;27;;;9987.0;0.0
v_recovery_drift_s1;8400;INTARIAN_PEPPER_ROOT;12454;10;12451;14;;;12462;19;12466;20;;;12458.0;0.0
v_recovery_drift_s1;8400;ASH_COATED_OSMIUM;9992;10;9989;27;;;9994;6;9997;14;;;9993.0;0.0
v_recovery_drift_s1;8500;INTARIAN_PEPPER_ROOT;12452;20;12449;17;;;12464;5;12467;22;;;12458.0;0.0
v_recovery_drift_s1;8500;ASH_COATED_OSMIUM;9992;5;9990;22;;;9994;13;9998;11;;;9993.0;0.0
v_recovery_drift_s1;8600;INTARIAN_PEPPER_ROOT;12453;26;12451;12;;;12459;9;12462;24;;;12456.0;0.0
v_recovery_drift_s1;8600;ASH_COATED_OSMIUM;9991;12;9989;20;;;9993;25;9995;16;;;9992.0;0.0
v_recovery_drift_s1;8700;INTARIAN_PEPPER_ROOT;12451;15;12448;23;;;12461;9;12464;17;;;12456.0;0.0
v_recovery_drift_s1;8700;ASH_COATED_OSMIUM;9988;16;9985;17;;;9996;14;9999;23;;;9992.0;0.0
v_recovery_drift_s1;8800;INTARIAN_PEPPER_ROOT;12450;22;12448;21;;;12460;7;12463;22;;;12455.0;0.0
v_recovery_drift_s1;8800;ASH_COATED_OSMIUM;9983;8;9980;13;;;10003;17;10006;16;;;9993.0;0.0
v_recovery_drift_s1;8900;INTARIAN_PEPPER_ROOT;12453;15;12450;24;;;12461;16;12465;18;;;12457.0;0.0
v_recovery_drift_s1;8900;ASH_COATED_OSMIUM;9991;9;9987;22;;;9993;8;9996;18;;;9992.0;0.0
v_recovery_drift_s1;9000;INTARIAN_PEPPER_ROOT;12458;16;12454;23;;;12460;15;12463;27;;;12459.0;0.0
v_recovery_drift_s1;9000;ASH_COATED_OSMIUM;9987;12;9983;11;;;9993;7;9996;17;;;9990.0;0.0
v_recovery_drift_s1;9100;INTARIAN_PEPPER_ROOT;12453;20;12449;14;;;12463;13;12465;21;;;12458.0;0.0
v_recovery_drift_s1;9100;ASH_COATED_OSMIUM;9989;9;9985;28;;;9999;15;10003;27;;;9994.0;0.0
v_recovery_drift_s1;9200;INTARIAN_PEPPER_ROOT;12451;16;12447;13;;;12463;15;12467;8;;;12457.0;0.0
v_recovery_drift_s1;9200;ASH_COATED_OSMIUM;9994;21;9990;18;;;9996;15;10000;28;;;9995.0;0.0
v_recovery_drift_s1;9300;INTARIAN_PEPPER_ROOT;12444;24;12442;20;;;12466;10;12469;13;;;12455.0;0.0
v_recovery_drift_s1;9300;ASH_COATED_OSMIUM;9992;14;9989;21;;;9994;12;9996;23;;;9993.0;0.0
v_recovery_drift_s1;9400;INTARIAN_PEPPER_ROOT;12455;15;12453;18;;;12457;11;12459;22;;;12456.0;0.0
v_recovery_drift_s1;9400;ASH_COATED_OSMIUM;9979;25;9976;13;;;10005;18;10007;18;;;9992.0;0.0
v_recovery_drift_s1;9500;INTARIAN_PEPPER_ROOT;12452;19;12449;9;;;12458;11;12461;12;;;12455.0;0.0
v_recovery_drift_s1;9500;ASH_COATED_OSMIUM;9975;18;9971;32;;;10007;14;10011;21;;;9991.0;0.0
v_recovery_drift_s1;9600;INTARIAN_PEPPER_ROOT;12453;14;12451;15;;;12455;19;12459;18;;;12454.0;0.0
v_recovery_drift_s1;9600;ASH_COATED_OSMIUM;9986;8;9982;17;;;10000;19;10004;23;;;9993.0;0.0
v_recovery_drift_s1;9700;INTARIAN_PEPPER_ROOT;12439;19;12437;13;;;12467;12;12469;19;;;12453.0;0.0
v_recovery_drift_s1;9700;ASH_COATED_OSMIUM;9976;9;9972;20;;;10008;18;10011;25;;;9992.0;0.0
v_recovery_drift_s1;9800;INTARIAN_PEPPER_ROOT;12441;8;12439;27;;;12461;18;12464;16;;;12451.0;0.0
v_recovery_drift_s1;9800;ASH_COATED_OSMIUM;9971;8;9967;19;;;10017;14;10021;14;;;9994.0;0.0
v_recovery_drift_s1;9900;INTARIAN_PEPPER_ROOT;12450;10;12448;18;;;12454;14;12458;22;;;12452.0;0.0
v_recovery_drift_s1;9900;ASH_COATED_OSMIUM;9994;16;9992;18;;;9996;10;9999;21;;;9995.0;0.0
v_recovery_drift_s1;10000;INTARIAN_PEPPER_ROOT;12441;8;12438;10;;;12461;24;12465;26;;;12451.0;0.0
v_recovery_drift_s1;10000;ASH_COATED_OSMIUM;9991;14;9988;19;;;9993;5;9997;12;;;9992.0;0.0
v_recovery_drift_s1;10100;INTARIAN_PEPPER_ROOT;12450;10;12448;19;;;12456;8;12458;21;;;12453.0;0.0
v_recovery_drift_s1;10100;ASH_COATED_OSMIUM;9986;21;9984;12;;;10004;17;10008;18;;;9995.0;0.0
v_recovery_drift_s1;10200;INTARIAN_PEPPER_ROOT;12438;23;12435;14;;;12468;15;12471;23;;;12453.0;0.0
v_recovery_drift_s1;10200;ASH_COATED_OSMIUM;9975;12;9973;25;;;10021;18;10025;24;;;9998.0;0.0
v_recovery_drift_s1;10300;INTARIAN_PEPPER_ROOT;12453;22;12450;17;;;12455;12;12459;27;;;12454.0;0.0
v_recovery_drift_s1;10300;ASH_COATED_OSMIUM;9984;13;9980;15;;;10014;10;10016;20;;;9999.0;0.0
v_recovery_drift_s1;10400;INTARIAN_PEPPER_ROOT;12450;11;12448;16;;;12452;5;12456;23;;;12451.0;0.0
v_recovery_drift_s1;10400;ASH_COATED_OSMIUM;9987;8;9985;21;;;10015;10;10019;17;;;10001.0;0.0
v_recovery_drift_s1;10500;INTARIAN_PEPPER_ROOT;12443;8;12439;26;;;12457;14;12461;19;;;12450.0;0.0
v_recovery_drift_s1;10500;ASH_COATED_OSMIUM;10002;16;10000;8;;;10004;10;10006;26;;;10003.0;0.0
v_recovery_drift_s1;10600;INTARIAN_PEPPER_ROOT;12449;14;12446;20;;;12453;14;12456;16;;;12451.0;0.0
v_recovery_drift_s1;10600;ASH_COATED_OSMIUM;10005;16;10002;21;;;10007;10;10010;25;;;10006.0;0.0
v_recovery_drift_s1;10700;INTARIAN_PEPPER_ROOT;12445;20;12441;16;;;12451;15;12454;13;;;12448.0;0.0
v_recovery_drift_s1;10700;ASH_COATED_OSMIUM;10002;8;10000;21;;;10004;13;10006;13;;;10003.0;0.0
v_recovery_drift_s1;10800;INTARIAN_PEPPER_ROOT;12445;16;12441;19;;;12449;19;12452;21;;;12447.0;0.0
v_recovery_drift_s1;10800;ASH_COATED_OSMIUM;9996;5;9994;24;;;10006;23;10008;21;;;10001.0;0.0
v_recovery_drift_s1;10900;INTARIAN_PEPPER_ROOT;12436;10;12434;31;;;12458;12;12460;17;;;12447.0;0.0
v_recovery_drift_s1;10900;ASH_COATED_OSMIUM;9977;7;9974;18;;;10019;14;10022;17;;;9998.0;0.0
v_recovery_drift_s1;11000;INTARIAN_PEPPER_ROOT;12428;17;12424;26;;;12460;13;12464;20;;;12444.0;0.0
v_recovery_drift_s1;11000;ASH_COATED_OSMIUM;9992;20;9988;18;;;10008;17;10011;24;;;10000.0;0.0
v_recovery_drift_s1;11100;INTARIAN_PEPPER_ROOT;12417;14;12414;22;;;12471;12;12474;25;;;12444.0;0.0
v_recovery_drift_s1;11100;ASH_COATED_OSMIUM;9999;7;9997;26;;;10001;10;10004;14;;;10000.0;0.0
v_recovery_drift_s1;11200;INTARIAN_PEPPER_ROOT;12442;14;12439;19;;;12448;10;12450;16;;;12445.0;0.0
v_recovery_drift_s1;11200;ASH_COATED_OSMIUM;9998;13;9994;16;;;10006;9;10010;13;;;10002.0;0.0
v_recovery_drift_s1;11300;INTARIAN_PEPPER_ROOT;12441;15;12437;23;;;12443;11;12445;12;;;12442.0;0.0
v_recovery_drift_s1;11300;ASH_COATED_OSMIUM;9994;10;9990;27;;;10012;15;10016;14;;;10003.0;0.0
v_recovery_drift_s1;11400;INTARIAN_PEPPER_ROOT;12436;28;12432;25;;;12450;18;12452;20;;;12443.0;0.0
v_recovery_drift_s1;11400;ASH_COATED_OSMIUM;10000;17;9998;20;;;10002;5;10006;20;;;10001.0;0.0
v_recovery_drift_s1;11500;INTARIAN_PEPPER_ROOT;12433;14;12431;19;;;12445;19;12447;22;;;12439.0;0.0
v_recovery_drift_s1;11500;ASH_COATED_OSMIUM;9988;21;9986;20;;;10014;15;10017;18;;;10001.0;0.0
v_recovery_drift_s1;11600;INTARIAN_PEPPER_ROOT;12435;14;12431;10;;;12443;16;12446;20;;;12439.0;0.0
v_recovery_drift_s1;11600;ASH_COATED_OSMIUM;10000;11;9997;17;;;10002;23;10006;22;;;10001.0;0.0
v_recovery_drift_s1;11700;INTARIAN_PEPPER_ROOT;12432;18;12429;13;;;12436;12;12438;22;;;12434.0;0.0
v_recovery_drift_s1;11700;ASH_COATED_OSMIUM;10000;12;9998;15;;;10002;8;10005;16;;;10001.0;0.0
v_recovery_drift_s1;11800;INTARIAN_PEPPER_ROOT;12426;7;12424;25;;;12446;12;12448;29;;;12436.0;0.0
v_recovery_drift_s1;11800;ASH_COATED_OSMIUM;9984;6;9982;20;;;10018;11;10022;11;;;10001.0;0.0
v_recovery_drift_s1;11900;INTARIAN_PEPPER_ROOT;12430;26;12426;17;;;12444;13;12447;22;;;12437.0;0.0
v_recovery_drift_s1;11900;ASH_COATED_OSMIUM;9977;16;9973;25;;;10029;14;10033;17;;;10003.0;0.0
v_recovery_drift_s1;12000;INTARIAN_PEPPER_ROOT;12427;13;12424;19;;;12445;16;12447;23;;;12436.0;0.0
v_recovery_drift_s1;12000;ASH_COATED_OSMIUM;9997;17;9993;17;;;10011;15;10013;12;;;10004.0;0.0
v_recovery_drift_s1;12100;INTARIAN_PEPPER_ROOT;12425;12;12421;30;;;12443;15;12445;10;;;12434.0;0.0
v_recovery_drift_s1;12100;ASH_COATED_OSMIUM;9998;9;9994;16;;;10010;18;10013;33;;;10004.0;0.0
v_recovery_drift_s1;12200;INTARIAN_PEPPER_ROOT;12432;14;12430;24;;;12440;17;12444;18;;;12436.0;0.0
v_recovery_drift_s1;12200;ASH_COATED_OSMIUM;10005;11;10001;24;;;10007;5;10009;16;;;10006.0;0.0
v_recovery_drift_s1;12300;INTARIAN_PEPPER_ROOT;12428;17;12424;33;;;12450;14;12454;12;;;12439.0;0.0
v_recovery_drift_s1;12300;ASH_COATED_OSMIUM;10001;11;9999;16;;;10015;9;10018;15;;;10008.0;0.0
v_recovery_drift_s1;12400;INTARIAN_PEPPER_ROOT;12434;16;12431;25;;;12436;16;12440;11;;;12435.0;0.0
v_recovery_drift_s1;12400;ASH_COATED_OSMIUM;10004;12;10000;27;;;10018;13;10021;23;;;10011.0;0.0
v_recovery_drift_s1;12500;INTARIAN_PEPPER_ROOT;12417;11;12415;14;;;12455;11;12457;24;;;12436.0;0.0
v_recovery_drift_s1;12500;ASH_COATED_OSMIUM;9985;12;9982;25;;;10031;10;10034;22;;;10008.0;0.0
v_recovery_drift_s1;12600;INTARIAN_PEPPER_ROOT;12437;27;12434;21;;;12441;18;12443;19;;;12439.0;0.0
v_recovery_drift_s1;12600;ASH_COATED_OSMIUM;10008;7;10004;18;;;10010;15;10012;25;;;10009.0;0.0
v_recovery_drift_s1;12700;INTARIAN_PEPPER_ROOT;12438;16;12435;22;;;12442;15;12444;9;;;12440.0;0.0
v_recovery_drift_s1;12700;ASH_COATED_OSMIUM;9986;22;9984;19;;;10034;9;10036;18;;;10010.0;0.0
v_recovery_drift_s1;12800;INTARIAN_PEPPER_ROOT;12428;16;12424;16;;;12444;8;12446;25;;;12436.0;0.0
v_recovery_drift_s1;12800;ASH_COATED_OSMIUM;9986;17;9983;19;;;10032;11;10034;24;;;10009.0;0.0
v_recovery_drift_s1;12900;INTARIAN_PEPPER_ROOT;12431;16;12427;21;;;12443;14;12446;22;;;12437.0;0.0
v_recovery_drift_s1;12900;ASH_COATED_OSMIUM;10006;10;10004;20;;;10008;17;10010;24;;;10007.0;0.0
v_recovery_drift_s1;13000;INTARIAN_PEPPER_ROOT;12433;20;12429;20;;;12439;20;12441;13;;;12436.0;0.0
v_recovery_drift_s1;13000;ASH_COATED_OSMIUM;9996;11;9992;19;;;10020;15;10022;19;;;10008.0;0.0
v_recovery_drift_s1;13100;INTARIAN_PEPPER_ROOT;12434;28;12432;23;;;12436;10;12438;16;;;12435.0;0.0
v_recovery_drift_s1;13100;ASH_COATED_OSMIUM;10008;8;10006;15;;;10012;7;10015;17;;;10010.0;0.0
v_recovery_drift_s1;13200;INTARIAN_PEPPER_ROOT;12427;15;12425;19;;;12435;16;12438;23;;;12431.0;0.0
v_recovery_drift_s1;13200;ASH_COATED_OSMIUM;10006;21;10003;22;;;10024;12;10028;15;;;10015.0;0.0
v_recovery_drift_s1;13300;INTARIAN_PEPPER_ROOT;12427;19;12423;23;;;12437;14;12441;12;;;12432.0;0.0
v_recovery_drift_s1;13300;ASH_COATED_OSMIUM;10009;26;10005;21;;;10011;17;10013;12;;;10010.0;0.0
v_recovery_drift_s1;13400;INTARIAN_PEPPER_ROOT;12422;16;12418;18;;;12444;14;12446;19;;;12433.0;0.0
v_recovery_drift_s1;13400;ASH_COATED_OSMIUM;10006;15;10003;20;;;10008;10;10011;27;;;10007.0;0.0
v_recovery_drift_s1;13500;INTARIAN_PEPPER_ROOT;12428;17;12426;16;;;12434;24;12437;23;;;12431.0;0.0
v_recovery_drift_s1;13500;ASH_COATED_OSMIUM;9996;20;9993;20;;;10016;20;10020;25;;;10006.0;0.0
v_recovery_drift_s1;13600;INTARIAN_PEPPER_ROOT;12422;10;12420;17;;;12442;17;12446;15;;;12432.0;0.0
v_recovery_drift_s1;13600;ASH_COATED_OSMIUM;10006;11;10002;24;;;10008;13;10012;13;;;10007.0;0.0
v_recovery_drift_s1;13700;INTARIAN_PEPPER_ROOT;12423;26;12419;18;;;12435;21;12437;23;;;12429.0;0.0
v_recovery_drift_s1;13700;ASH_COATED_OSMIUM;10006;18;10003;16;;;10008;5;10010;13;;;10007.0;0.0
v_recovery_drift_s1;13800;INTARIAN_PEPPER_ROOT;12419;8;12416;22;;;12439;21;12441;20;;;12429.0;0.0
v_recovery_drift_s1;13800;ASH_COATED_OSMIUM;10004;10;10000;16;;;10010;14;10014;17;;;10007.0;0.0
v_recovery_drift_s1;13900;INTARIAN_PEPPER_ROOT;12427;14;12425;27;;;12431;7;12433;21;;;12429.0;0.0
v_recovery_drift_s1;13900;ASH_COATED_OSMIUM;10006;10;10004;22;;;10008;8;10010;19;;;10007.0;0.0
v_recovery_drift_s1;14000;INTARIAN_PEPPER_ROOT;12422;7;12418;21;;;12434;21;12436;20;;;12428.0;0.0
v_recovery_drift_s1;14000;ASH_COATED_OSMIUM;10002;17;9999;19;;;10012;13;10015;23;;;10007.0;0.0
v_recovery_drift_s1;14100;INTARIAN_PEPPER_ROOT;12425;11;12423;19;;;12431;12;12435;23;;;12428.0;0.0
v_recovery_drift_s1;14100;ASH_COATED_OSMIUM;10010;9;10006;15;;;10012;8;10014;14;;;10011.0;0.0
v_recovery_drift_s1;14200;INTARIAN_PEPPER_ROOT;12427;9;12425;26;;;12429;15;12433;28;;;12428.0;0.0
v_recovery_drift_s1;14200;ASH_COATED_OSMIUM;10009;17;10005;22;;;10011;22;10013;17;;;10010.0;0.0
v_recovery_drift_s1;14300;INTARIAN_PEPPER_ROOT;12428;10;12426;25;;;12430;17;12432;15;;;12429.0;0.0
v_recovery_drift_s1;14300;ASH_COATED_OSMIUM;10011;15;10009;25;;;10017;24;10021;10;;;10014.0;0.0
v_recovery_drift_s1;14400;INTARIAN_PEPPER_ROOT;12424;24;12422;19;;;12436;24;12439;24;;;12430.0;0.0
v_recovery_drift_s1;14400;ASH_COATED_OSMIUM;9997;6;9993;24;;;10025;9;10028;21;;;10011.0;0.0
v_recovery_drift_s1;14500;INTARIAN_PEPPER_ROOT;12427;19;12423;19;;;12435;10;12438;16;;;12431.0;0.0
v_recovery_drift_s1;14500;ASH_COATED_OSMIUM;10002;13;9999;13;;;10022;12;10024;19;;;10012.0;0.0
v_recovery_drift_s1;14600;INTARIAN_PEPPER_ROOT;12426;20;12422;21;;;12432;11;12435;14;;;12429.0;0.0
v_recovery_drift_s1;14600;ASH_COATED_OSMIUM;9983;10;9979;20;;;10039;17;10042;21;;;10011.0;0.0
v_recovery_drift_s1;14700;INTARIAN_PEPPER_ROOT;12414;16;12411;18;;;12446;18;12449;18;;;12430.0;0.0
v_recovery_drift_s1;14700;ASH_COATED_OSMIUM;10010;15;10008;16;;;10014;11;10017;26;;;10012.0;0.0
v_recovery_drift_s1;14800;INTARIAN_PEPPER_ROOT;12429;10;12427;30;;;12431;12;12434;16;;;12430.0;0.0
v_recovery_drift_s1;14800;ASH_COATED_OSMIUM;10012;18;10008;18;;;10018;14;10021;13;;;10015.0;0.0
v_recovery_drift_s1;14900;INTARIAN_PEPPER_ROOT;12429;17;12425;29;;;12431;8;12435;17;;;12430.0;0.0
v_recovery_drift_s1;14900;ASH_COATED_OSMIUM;10007;21;10003;21;;;10015;14;10019;27;;;10011.0;0.0
v_recovery_drift_s1;15000;INTARIAN_PEPPER_ROOT;12424;15;12420;24;;;12434;14;12437;15;;;12429.0;0.0
v_recovery_drift_s1;15000;ASH_COATED_OSMIUM;10008;15;10004;28;;;10020;17;10024;20;;;10014.0;0.0
v_recovery_drift_s1;15100;INTARIAN_PEPPER_ROOT;12419;19;12417;22;;;12429;13;12433;23;;;12424.0;0.0
v_recovery_drift_s1;15100;ASH_COATED_OSMIUM;10008;5;10005;21;;;10014;5;10017;21;;;10011.0;0.0
v_recovery_drift_s1;15200;INTARIAN_PEPPER_ROOT;12424;14;12420;22;;;12426;18;12430;18;;;12425.0;0.0
v_recovery_drift_s1;15200;ASH_COATED_OSMIUM;10015;6;10012;19;;;10017;13;10021;18;;;10016.0;0.0
v_recovery_drift_s1;15300;INTARIAN_PEPPER_ROOT;12403;19;12399;25;;;12455;16;12459;19;;;12429.0;0.0
v_recovery_drift_s1;15300;ASH_COATED_OSMIUM;10002;7;9999;25;;;10028;18;10032;15;;;10015.0;0.0
v_recovery_drift_s1;15400;INTARIAN_PEPPER_ROOT;12421;17;12419;20;;;12437;15;12439;22;;;12429.0;0.0
v_recovery_drift_s1;15400;ASH_COATED_OSMIUM;10013;6;10010;32;;;10017;22;10019;16;;;10015.0;0.0
v_recovery_drift_s1;15500;INTARIAN_PEPPER_ROOT;12428;7;12426;19;;;12430;9;12433;14;;;12429.0;0.0
v_recovery_drift_s1;15500;ASH_COATED_OSMIUM;10016;9;10013;17;;;10022;12;10024;16;;;10019.0;0.0
v_recovery_drift_s1;15600;INTARIAN_PEPPER_ROOT;12404;8;12401;15;;;12452;8;12454;15;;;12428.0;0.0
v_recovery_drift_s1;15600;ASH_COATED_OSMIUM;10008;14;10004;18;;;10030;16;10032;25;;;10019.0;0.0
v_recovery_drift_s1;15700;INTARIAN_PEPPER_ROOT;12425;17;12421;28;;;12429;19;12431;20;;;12427.0;0.0
v_recovery_drift_s1;15700;ASH_COATED_OSMIUM;10018;5;10016;13;;;10020;9;10024;21;;;10019.0;0.0
v_recovery_drift_s1;15800;INTARIAN_PEPPER_ROOT;12392;17;12389;8;;;12460;10;12464;22;;;12426.0;0.0
v_recovery_drift_s1;15800;ASH_COATED_OSMIUM;10014;15;10010;19;;;10018;17;10021;16;;;10016.0;0.0
v_recovery_drift_s1;15900;INTARIAN_PEPPER_ROOT;12422;16;12418;22;;;12426;18;12430;13;;;12424.0;0.0
v_recovery_drift_s1;15900;ASH_COATED_OSMIUM;10019;6;10015;22;;;10021;20;10024;17;;;10020.0;0.0
v_recovery_drift_s1;16000;INTARIAN_PEPPER_ROOT;12408;16;12405;22;;;12436;11;12439;18;;;12422.0;0.0
v_recovery_drift_s1;16000;ASH_COATED_OSMIUM;10018;10;10014;23;;;10022;14;10024;13;;;10020.0;0.0
v_recovery_drift_s1;16100;INTARIAN_PEPPER_ROOT;12418;24;12414;28;;;12420;9;12423;24;;;12419.0;0.0
v_recovery_drift_s1;16100;ASH_COATED_OSMIUM;10015;13;10012;14;;;10025;17;10028;12;;;10020.0;0.0
v_recovery_drift_s1;16200;INTARIAN_PEPPER_ROOT;12418;12;12416;16;;;12420;15;12424;16;;;12419.0;0.0
v_recovery_drift_s1;16200;ASH_COATED_OSMIUM;10020;8;10018;24;;;10022;9;10026;14;;;10021.0;0.0
v_recovery_drift_s1;16300;INTARIAN_PEPPER_ROOT;12391;12;12389;20;;;12445;10;12448;27;;;12418.0;0.0
v_recovery_drift_s1;16300;ASH_COATED_OSMIUM;10024;8;10020;15;;;10026;5;10030;18;;;10025.0;0.0
v_recovery_drift_s1;16400;INTARIAN_PEPPER_ROOT;12410;8;12407;21;;;12426;17;12428;24;;;12418.0;0.0
v_recovery_drift_s1;16400;ASH_COATED_OSMIUM;10023;12;10019;27;;;10025;19;10029;18;;;10024.0;0.0
v_recovery_drift_s1;16500;INTARIAN_PEPPER_ROOT;12417;9;12415;23;;;12419;6;12423;18;;;12418.0;0.0
v_recovery_drift_s1;16500;ASH_COATED_OSMIUM;10015;6;10011;24;;;10037;25;10039;12;;;10026.0;0.0
v_recovery_drift_s1;16600;INTARIAN_PEPPER_ROOT;12418;14;12416;21;;;12420;16;12423;12;;;12419.0;0.0
v_recovery_drift_s1;16600;ASH_COATED_OSMIUM;10025;23;10022;24;;;10027;14;10029;21;;;10026.0;0.0
v_recovery_drift_s1;16700;INTARIAN_PEPPER_ROOT;12418;15;12416;27;;;12420;12;12422;18;;;12419.0;0.0
v_recovery_drift_s1;16700;ASH_COATED_OSMIUM;10024;18;10022;23;;;10032;9;10035;26;;;10028.0;0.0
v_recovery_drift_s1;16800;INTARIAN_PEPPER_ROOT;12418;12;12415;20;;;12428;15;12432;18;;;12423.0;0.0
v_recovery_drift_s1;16800;ASH_COATED_OSMIUM;9991;13;9989;18;;;10061;12;10063;8;;;10026.0;0.0
v_recovery_drift_s1;16900;INTARIAN_PEPPER_ROOT;12417;8;12414;18;;;12419;14;12421;20;;;12418.0;0.0
v_recovery_drift_s1;16900;ASH_COATED_OSMIUM;10006;13;10004;17;;;10052;19;10055;24;;;10029.0;0.0
v_recovery_drift_s1;17000;INTARIAN_PEPPER_ROOT;12412;18;12410;23;;;12420;16;12423;20;;;12416.0;0.0
v_recovery_drift_s1;17000;ASH_COATED_OSMIUM;10025;13;10021;22;;;10035;25;10039;27;;;10030.0;0.0
v_recovery_drift_s1;17100;INTARIAN_PEPPER_ROOT;12411;15;12408;20;;;12423;14;12427;23;;;12417.0;0.0
v_recovery_drift_s1;17100;ASH_COATED_OSMIUM;10018;11;10014;20;;;10044;17;10046;23;;;10031.0;0.0
v_recovery_drift_s1;17200;INTARIAN_PEPPER_ROOT;12414;18;12410;8;;;12430;22;12432;23;;;12422.0;0.0
v_recovery_drift_s1;17200;ASH_COATED_OSMIUM;10022;17;10018;15;;;10046;14;10050;22;;;10034.0;0.0
v_recovery_drift_s1;17300;INTARIAN_PEPPER_ROOT;12420;14;12417;14;;;12422;19;12425;16;;;12421.0;0.0
v_recovery_drift_s1;17300;ASH_COATED_OSMIUM;10033;12;10030;17;;;10035;17;10038;29;;;10034.0;0.0
v_recovery_drift_s1;17400;INTARIAN_PEPPER_ROOT;12419;15;12417;13;;;12421;17;12423;21;;;12420.0;0.0
v_recovery_drift_s1;17400;ASH_COATED_OSMIUM;10030;18;10026;16;;;10042;14;10044;9;;;10036.0;0.0
v_recovery_drift_s1;17500;INTARIAN_PEPPER_ROOT;12400;9;12397;18;;;12438;16;12441;13;;;12419.0;0.0
v_recovery_drift_s1;17500;ASH_COATED_OSMIUM;10030;13;10027;26;;;10042;11;10046;10;;;10036.0;0.0
v_recovery_drift_s1;17600;INTARIAN_PEPPER_ROOT;12420;6;12417;21;;;12422;16;12424;20;;;12421.0;0.0
v_recovery_drift_s1;17600;ASH_COATED_OSMIUM;10033;13;10030;20;;;10035;18;10037;13;;;10034.0;0.0
v_recovery_drift_s1;17700;INTARIAN_PEPPER_ROOT;12418;20;12416;12;;;12422;8;12424;29;;;12420.0;0.0
v_recovery_drift_s1;17700;ASH_COATED_OSMIUM;10034;14;10030;23;;;10036;15;10039;9;;;10035.0;0.0
v_recovery_drift_s1;17800;INTARIAN_PEPPER_ROOT;12415;15;12413;24;;;12427;17;12431;23;;;12421.0;0.0
v_recovery_drift_s1;17800;ASH_COATED_OSMIUM;10032;17;10028;22;;;10036;9;10040;17;;;10034.0;0.0
v_recovery_drift_s1;17900;INTARIAN_PEPPER_ROOT;12418;15;12416;15;;;12420;16;12424;28;;;12419.0;0.0
v_recovery_drift_s1;17900;ASH_COATED_OSMIUM;10021;14;10019;26;;;10041;16;10043;33;;;10031.0;0.0
v_recovery_drift_s1;18000;INTARIAN_PEPPER_ROOT;12411;10;12407;22;;;12421;5;12423;23;;;12416.0;0.0
v_recovery_drift_s1;18000;ASH_COATED_OSMIUM;10025;13;10023;28;;;10035;13;10037;24;;;10030.0;0.0
v_recovery_drift_s1;18100;INTARIAN_PEPPER_ROOT;12412;10;12408;27;;;12422;12;12425;22;;;12417.0;0.0
v_recovery_drift_s1;18100;ASH_COATED_OSMIUM;10026;14;10022;24;;;10040;16;10044;21;;;10033.0;0.0
v_recovery_drift_s1;18200;INTARIAN_PEPPER_ROOT;12415;18;12412;12;;;12419;5;12421;15;;;12417.0;0.0
v_recovery_drift_s1;18200;ASH_COATED_OSMIUM;10028;8;10024;12;;;10044;7;10046;14;;;10036.0;0.0
v_recovery_drift_s1;18300;INTARIAN_PEPPER_ROOT;12418;6;12416;15;;;12420;16;12423;20;;;12419.0;0.0
v_recovery_drift_s1;18300;ASH_COATED_OSMIUM;10022;12;10019;14;;;10042;5;10045;18;;;10032.0;0.0
v_recovery_drift_s1;18400;INTARIAN_PEPPER_ROOT;12378;12;12376;12;;;12458;14;12461;18;;;12418.0;0.0
v_recovery_drift_s1;18400;ASH_COATED_OSMIUM;10029;14;10026;19;;;10037;11;10041;16;;;10033.0;0.0
v_recovery_drift_s1;18500;INTARIAN_PEPPER_ROOT;12414;18;12411;10;;;12418;7;12422;8;;;12416.0;0.0
v_recovery_drift_s1;18500;ASH_COATED_OSMIUM;10032;16;10029;22;;;10038;20;10042;18;;;10035.0;0.0
v_recovery_drift_s1;18600;INTARIAN_PEPPER_ROOT;12412;16;12410;16;;;12420;9;12423;19;;;12416.0;0.0
v_recovery_drift_s1;18600;ASH_COATED_OSMIUM;10019;5;10015;27;;;10055;15;10059;21;;;10037.0;0.0
v_recovery_drift_s1;18700;INTARIAN_PEPPER_ROOT;12409;5;12405;26;;;12425;10;12429;26;;;12417.0;0.0
v_recovery_drift_s1;18700;ASH_COATED_OSMIUM;10036;25;10032;23;;;10040;13;10044;23;;;10038.0;0.0
v_recovery_drift_s1;18800;INTARIAN_PEPPER_ROOT;12396;16;12393;20;;;12438;14;12441;23;;;12417.0;0.0
v_recovery_drift_s1;18800;ASH_COATED_OSMIUM;10033;11;10030;13;;;10035;11;10039;22;;;10034.0;0.0
v_recovery_drift_s1;18900;INTARIAN_PEPPER_ROOT;12405;10;12401;18;;;12427;14;12431;13;;;12416.0;0.0
v_recovery_drift_s1;18900;ASH_COATED_OSMIUM;10033;16;10031;9;;;10039;11;10042;21;;;10036.0;0.0
v_recovery_drift_s1;19000;INTARIAN_PEPPER_ROOT;12399;14;12395;21;;;12437;12;12440;25;;;12418.0;0.0
v_recovery_drift_s1;19000;ASH_COATED_OSMIUM;10033;13;10030;17;;;10039;11;10041;20;;;10036.0;0.0
v_recovery_drift_s1;19100;INTARIAN_PEPPER_ROOT;12417;19;12414;16;;;12419;19;12421;23;;;12418.0;0.0
v_recovery_drift_s1;19100;ASH_COATED_OSMIUM;10022;11;10018;17;;;10054;11;10056;9;;;10038.0;0.0
v_recovery_drift_s1;19200;INTARIAN_PEPPER_ROOT;12394;11;12392;24;;;12448;15;12452;25;;;12421.0;0.0
v_recovery_drift_s1;19200;ASH_COATED_OSMIUM;10038;10;10034;19;;;10040;17;10043;17;;;10039.0;0.0
v_recovery_drift_s1;19300;INTARIAN_PEPPER_ROOT;12417;14;12414;23;;;12427;15;12430;24;;;12422.0;0.0
v_recovery_drift_s1;19300;ASH_COATED_OSMIUM;10034;18;10031;24;;;10050;15;10053;17;;;10042.0;0.0
v_recovery_drift_s1;19400;INTARIAN_PEPPER_ROOT;12422;14;12420;13;;;12424;13;12427;15;;;12423.0;0.0
v_recovery_drift_s1;19400;ASH_COATED_OSMIUM;10039;17;10035;25;;;10049;8;10051;17;;;10044.0;0.0
v_recovery_drift_s1;19500;INTARIAN_PEPPER_ROOT;12415;16;12412;14;;;12423;17;12425;21;;;12419.0;0.0
v_recovery_drift_s1;19500;ASH_COATED_OSMIUM;10033;7;10031;19;;;10049;5;10053;17;;;10041.0;0.0
v_recovery_drift_s1;19600;INTARIAN_PEPPER_ROOT;12418;13;12416;25;;;12422;19;12426;8;;;12420.0;0.0
v_recovery_drift_s1;19600;ASH_COATED_OSMIUM;10044;11;10041;10;;;10046;14;10048;15;;;10045.0;0.0
v_recovery_drift_s1;19700;INTARIAN_PEPPER_ROOT;12412;13;12409;24;;;12428;7;12432;21;;;12420.0;0.0
v_recovery_drift_s1;19700;ASH_COATED_OSMIUM;10042;9;10038;11;;;10046;11;10049;22;;;10044.0;0.0
v_recovery_drift_s1;19800;INTARIAN_PEPPER_ROOT;12421;11;12419;23;;;12423;9;12425;14;;;12422.0;0.0
v_recovery_drift_s1;19800;ASH_COATED_OSMIUM;10029;15;10026;16;;;10053;12;10056;27;;;10041.0;0.0
v_recovery_drift_s1;19900;INTARIAN_PEPPER_ROOT;12422;13;12418;13;;;12424;14;12426;17;;;12423.0;0.0
v_recovery_drift_s1;19900;ASH_COATED_OSMIUM;10026;16;10022;22;;;10058;8;10060;15;;;10042.0;0.0
v_recovery_drift_s1;20000;INTARIAN_PEPPER_ROOT;12408;23;12404;23;;;12434;13;12438;13;;;12421.0;0.0
v_recovery_drift_s1;20000;ASH_COATED_OSMIUM;10038;7;10035;28;;;10044;13;10047;14;;;10041.0;0.0
v_recovery_drift_s1;20100;INTARIAN_PEPPER_ROOT;12417;16;12415;14;;;12427;10;12431;18;;;12422.0;0.0
v_recovery_drift_s1;20100;ASH_COATED_OSMIUM;10036;8;10034;12;;;10050;13;10054;27;;;10043.0;0.0
v_recovery_drift_s1;20200;INTARIAN_PEPPER_ROOT;12420;11;12416;18;;;12422;7;12424;18;;;12421.0;0.0
v_recovery_drift_s1;20200;ASH_COATED_OSMIUM;10040;12;10038;14;;;10048;15;10052;20;;;10044.0;0.0
v_recovery_drift_s1;20300;INTARIAN_PEPPER_ROOT;12423;16;12420;15;;;12425;13;12428;21;;;12424.0;0.0
v_recovery_drift_s1;20300;ASH_COATED_OSMIUM;10038;8;10034;15;;;10050;13;10053;16;;;10044.0;0.0
v_recovery_drift_s1;20400;INTARIAN_PEPPER_ROOT;12402;14;12399;16;;;12440;15;12444;19;;;12421.0;0.0
v_recovery_drift_s1;20400;ASH_COATED_OSMIUM;10042;17;10038;21;;;10048;18;10051;14;;;10045.0;0.0
v_recovery_drift_s1;20500;INTARIAN_PEPPER_ROOT;12410;23;12406;23;;;12424;13;12428;21;;;12417.0;0.0
v_recovery_drift_s1;20500;ASH_COATED_OSMIUM;10045;14;10043;26;;;10047;16;10049;11;;;10046.0;0.0
v_recovery_drift_s1;20600;INTARIAN_PEPPER_ROOT;12405;14;12403;16;;;12421;20;12424;25;;;12413.0;0.0
v_recovery_drift_s1;20600;ASH_COATED_OSMIUM;10040;10;10037;25;;;10056;15;10058;14;;;10048.0;0.0
v_recovery_drift_s1;20700;INTARIAN_PEPPER_ROOT;12409;13;12407;19;;;12411;18;12414;16;;;12410.0;0.0
v_recovery_drift_s1;20700;ASH_COATED_OSMIUM;10048;8;10046;13;;;10052;8;10055;17;;;10050.0;0.0
v_recovery_drift_s1;20800;INTARIAN_PEPPER_ROOT;12402;8;12400;15;;;12412;11;12415;19;;;12407.0;0.0
v_recovery_drift_s1;20800;ASH_COATED_OSMIUM;10043;13;10039;31;;;10053;26;10057;26;;;10048.0;0.0
v_recovery_drift_s1;20900;INTARIAN_PEPPER_ROOT;12408;7;12405;16;;;12414;12;12418;20;;;12411.0;0.0
v_recovery_drift_s1;20900;ASH_COATED_OSMIUM;10045;17;10043;21;;;10047;8;10049;18;;;10046.0;0.0
v_recovery_drift_s1;21000;INTARIAN_PEPPER_ROOT;12404;19;12402;19;;;12414;15;12417;17;;;12409.0;0.0
v_recovery_drift_s1;21000;ASH_COATED_OSMIUM;10035;8;10031;20;;;10049;13;10051;14;;;10042.0;0.0
v_recovery_drift_s1;21100;INTARIAN_PEPPER_ROOT;12400;10;12398;16;;;12412;20;12415;16;;;12406.0;0.0
v_recovery_drift_s1;21100;ASH_COATED_OSMIUM;10037;8;10033;14;;;10045;15;10047;22;;;10041.0;0.0
v_recovery_drift_s1;21200;INTARIAN_PEPPER_ROOT;12407;19;12404;20;;;12409;17;12412;14;;;12408.0;0.0
v_recovery_drift_s1;21200;ASH_COATED_OSMIUM;9997;19;9994;23;;;10089;13;10092;19;;;10043.0;0.0
v_recovery_drift_s1;21300;INTARIAN_PEPPER_ROOT;12405;15;12403;14;;;12407;19;12409;20;;;12406.0;0.0
v_recovery_drift_s1;21300;ASH_COATED_OSMIUM;10039;19;10037;18;;;10045;14;10047;20;;;10042.0;0.0
v_recovery_drift_s1;21400;INTARIAN_PEPPER_ROOT;12399;15;12396;32;;;12407;21;12409;22;;;12403.0;0.0
v_recovery_drift_s1;21400;ASH_COATED_OSMIUM;10031;5;10028;18;;;10053;10;10056;21;;;10042.0;0.0
v_recovery_drift_s1;21500;INTARIAN_PEPPER_ROOT;12402;16;12398;17;;;12408;15;12412;23;;;12405.0;0.0
v_recovery_drift_s1;21500;ASH_COATED_OSMIUM;10038;21;10035;25;;;10054;13;10058;15;;;10046.0;0.0
v_recovery_drift_s1;21600;INTARIAN_PEPPER_ROOT;12401;9;12397;13;;;12409;8;12411;24;;;12405.0;0.0
v_recovery_drift_s1;21600;ASH_COATED_OSMIUM;10041;9;10038;19;;;10049;14;10053;23;;;10045.0;0.0
v_recovery_drift_s1;21700;INTARIAN_PEPPER_ROOT;12401;10;12398;27;;;12405;19;12408;15;;;12403.0;0.0
v_recovery_drift_s1;21700;ASH_COATED_OSMIUM;10037;9;10035;22;;;10051;6;10053;18;;;10044.0;0.0
v_recovery_drift_s1;21800;INTARIAN_PEPPER_ROOT;12405;20;12401;25;;;12407;11;12409;30;;;12406.0;0.0
v_recovery_drift_s1;21800;ASH_COATED_OSMIUM;10040;5;10038;22;;;10052;5;10055;20;;;10046.0;0.0
v_recovery_drift_s1;21900;INTARIAN_PEPPER_ROOT;12398;19;12394;22;;;12412;5;12415;20;;;12405.0;0.0
v_recovery_drift_s1;21900;ASH_COATED_OSMIUM;10045;16;10042;17;;;10047;12;10050;20;;;10046.0;0.0
v_recovery_drift_s1;22000;INTARIAN_PEPPER_ROOT;12407;12;12404;21;;;12409;7;12411;19;;;12408.0;0.0
v_recovery_drift_s1;22000;ASH_COATED_OSMIUM;10038;7;10036;24;;;10056;30;10059;21;;;10047.0;0.0
v_recovery_drift_s1;22100;INTARIAN_PEPPER_ROOT;12404;13;12401;12;;;12412;21;12414;21;;;12408.0;0.0
v_recovery_drift_s1;22100;ASH_COATED_OSMIUM;10046;16;10044;19;;;10048;11;10052;18;;;10047.0;0.0
v_recovery_drift_s1;22200;INTARIAN_PEPPER_ROOT;12410;21;12407;20;;;12412;17;12415;21;;;12411.0;0.0
v_recovery_drift_s1;22200;ASH_COATED_OSMIUM;10038;8;10034;22;;;10052;11;10055;22;;;10045.0;0.0
v_recovery_drift_s1;22300;INTARIAN_PEPPER_ROOT;12406;18;12403;11;;;12414;19;12416;17;;;12410.0;0.0
v_recovery_drift_s1;22300;ASH_COATED_OSMIUM;10038;17;10034;18;;;10050;5;10054;24;;;10044.0;0.0
v_recovery_drift_s1;22400;INTARIAN_PEPPER_ROOT;12407;23;12403;24;;;12409;15;12413;17;;;12408.0;0.0
v_recovery_drift_s1;22400;ASH_COATED_OSMIUM;10040;19;10037;18;;;10050;19;10053;9;;;10045.0;0.0
v_recovery_drift_s1;22500;INTARIAN_PEPPER_ROOT;12398;11;12395;26;;;12426;8;12429;17;;;12412.0;0.0
v_recovery_drift_s1;22500;ASH_COATED_OSMIUM;10031;9;10027;18;;;10055;16;10057;19;;;10043.0;0.0
v_recovery_drift_s1;22600;INTARIAN_PEPPER_ROOT;12409;11;12406;17;;;12411;8;12413;25;;;12410.0;0.0
v_recovery_drift_s1;22600;ASH_COATED_OSMIUM;10027;11;10025;23;;;10057;10;10061;17;;;10042.0;0.0
v_recovery_drift_s1;22700;INTARIAN_PEPPER_ROOT;12408;19;12406;15;;;12410;15;12414;20;;;12409.0;0.0
v_recovery_drift_s1;22700;ASH_COATED_OSMIUM;10040;5;10036;15;;;10046;15;10049;22;;;10043.0;0.0
v_recovery_drift_s1;22800;INTARIAN_PEPPER_ROOT;12405;13;12402;11;;;12409;11;12411;21;;;12407.0;0.0
v_recovery_drift_s1;22800;ASH_COATED_OSMIUM;10042;8;10039;21;;;10044;8;10048;22;;;10043.0;0.0
v_recovery_drift_s1;22900;INTARIAN_PEPPER_ROOT;12402;21;12398;26;;;12410;30;12412;18;;;12406.0;0.0
v_recovery_drift_s1;22900;ASH_COATED_OSMIUM;10032;15;10028;19;;;10052;9;10054;20;;;10042.0;0.0
v_recovery_drift_s1;23000;INTARIAN_PEPPER_ROOT;12394;19;12390;22;;;12416;16;12418;24;;;12405.0;0.0
v_recovery_drift_s1;23000;ASH_COATED_OSMIUM;10031;15;10029;23;;;10051;15;10053;28;;;10041.0;0.0
v_recovery_drift_s1;23100;INTARIAN_PEPPER_ROOT;12401;14;12397;24;;;12411;16;12413;14;;;12406.0;0.0
v_recovery_drift_s1;23100;ASH_COATED_OSMIUM;10036;6;10033;23;;;10052;7;10054;20;;;10044.0;0.0
v_recovery_drift_s1;23200;INTARIAN_PEPPER_ROOT;12378;14;12374;16;;;12436;9;12439;30;;;12407.0;0.0
v_recovery_drift_s1;23200;ASH_COATED_OSMIUM;10041;21;10038;16;;;10043;15;10047;23;;;10042.0;0.0
v_recovery_drift_s1;23300;INTARIAN_PEPPER_ROOT;12406;8;12404;19;;;12412;14;12415;12;;;12409.0;0.0
v_recovery_drift_s1;23300;ASH_COATED_OSMIUM;10033;13;10031;26;;;10047;8;10049;26;;;10040.0;0.0
v_recovery_drift_s1;23400;INTARIAN_PEPPER_ROOT;12407;7;12404;16;;;12411;14;12414;22;;;12409.0;0.0
v_recovery_drift_s1;23400;ASH_COATED_OSMIUM;10033;16;10030;24;;;10041;9;10045;22;;;10037.0;0.0
v_recovery_drift_s1;23500;INTARIAN_PEPPER_ROOT;12395;20;12392;16;;;12415;16;12418;19;;;12405.0;0.0
v_recovery_drift_s1;23500;ASH_COATED_OSMIUM;10035;10;10031;20;;;10037;17;10040;23;;;10036.0;0.0
v_recovery_drift_s1;23600;INTARIAN_PEPPER_ROOT;12401;18;12398;16;;;12405;15;12409;28;;;12403.0;0.0
v_recovery_drift_s1;23600;ASH_COATED_OSMIUM;10028;11;10026;23;;;10044;8;10046;16;;;10036.0;0.0
v_recovery_drift_s1;23700;INTARIAN_PEPPER_ROOT;12398;8;12396;21;;;12404;8;12407;25;;;12401.0;0.0
v_recovery_drift_s1;23700;ASH_COATED_OSMIUM;10026;15;10024;17;;;10048;6;10050;13;;;10037.0;0.0
v_recovery_drift_s1;23800;INTARIAN_PEPPER_ROOT;12384;15;12381;18;;;12408;17;12411;21;;;12396.0;0.0
v_recovery_drift_s1;23800;ASH_COATED_OSMIUM;10010;15;10008;21;;;10066;13;10070;16;;;10038.0;0.0
v_recovery_drift_s1;23900;INTARIAN_PEPPER_ROOT;12396;10;12393;12;;;12398;9;12401;22;;;12397.0;0.0
v_recovery_drift_s1;23900;ASH_COATED_OSMIUM;10030;10;10026;22;;;10046;5;10049;19;;;10038.0;0.0
v_recovery_drift_s1;24000;INTARIAN_PEPPER_ROOT;12373;10;12369;28;;;12421;20;12424;20;;;12397.0;0.0
v_recovery_drift_s1;24000;ASH_COATED_OSMIUM;10035;10;10031;24;;;10043;5;10047;23;;;10039.0;0.0
v_recovery_drift_s1;24100;INTARIAN_PEPPER_ROOT;12391;8;12388;12;;;12399;25;12401;17;;;12395.0;0.0
v_recovery_drift_s1;24100;ASH_COATED_OSMIUM;10022;19;10018;20;;;10056;10;10059;19;;;10039.0;0.0
v_recovery_drift_s1;24200;INTARIAN_PEPPER_ROOT;12373;17;12369;21;;;12415;5;12419;25;;;12394.0;0.0
v_recovery_drift_s1;24200;ASH_COATED_OSMIUM;10038;15;10035;22;;;10040;11;10042;22;;;10039.0;0.0
v_recovery_drift_s1;24300;INTARIAN_PEPPER_ROOT;12389;5;12386;13;;;12391;12;12395;13;;;12390.0;0.0
v_recovery_drift_s1;24300;ASH_COATED_OSMIUM;10037;6;10034;15;;;10047;22;10050;17;;;10042.0;0.0
v_recovery_drift_s1;24400;INTARIAN_PEPPER_ROOT;12388;16;12386;13;;;12390;11;12394;27;;;12389.0;0.0
v_recovery_drift_s1;24400;ASH_COATED_OSMIUM;10041;8;10037;29;;;10043;10;10046;25;;;10042.0;0.0
v_recovery_drift_s1;24500;INTARIAN_PEPPER_ROOT;12388;9;12385;23;;;12390;7;12392;21;;;12389.0;0.0
v_recovery_drift_s1;24500;ASH_COATED_OSMIUM;10031;14;10029;19;;;10047;20;10050;19;;;10039.0;0.0
v_recovery_drift_s1;24600;INTARIAN_PEPPER_ROOT;12386;12;12382;21;;;12394;15;12396;19;;;12390.0;0.0
v_recovery_drift_s1;24600;ASH_COATED_OSMIUM;10037;15;10035;20;;;10045;12;10049;17;;;10041.0;0.0
v_recovery_drift_s1;24700;INTARIAN_PEPPER_ROOT;12373;16;12370;17;;;12403;11;12407;22;;;12388.0;0.0
v_recovery_drift_s1;24700;ASH_COATED_OSMIUM;10030;12;10027;16;;;10054;28;10057;24;;;10042.0;0.0
v_recovery_drift_s1;24800;INTARIAN_PEPPER_ROOT;12391;12;12389;23;;;12393;21;12396;17;;;12392.0;0.0
v_recovery_drift_s1;24800;ASH_COATED_OSMIUM;10039;8;10037;10;;;10047;7;10050;11;;;10043.0;0.0
v_recovery_drift_s1;24900;INTARIAN_PEPPER_ROOT;12387;7;12384;26;;;12389;17;12391;18;;;12388.0;0.0
v_recovery_drift_s1;24900;ASH_COATED_OSMIUM;10028;17;10025;19;;;10062;10;10064;11;;;10045.0;0.0
v_recovery_drift_s1;25000;INTARIAN_PEPPER_ROOT;12386;11;12382;24;;;12388;8;12391;22;;;12387.0;0.0
v_recovery_drift_s1;25000;ASH_COATED_OSMIUM;10045;5;10042;17;;;10049;16;10053;14;;;10047.0;0.0
v_recovery_drift_s1;25100;INTARIAN_PEPPER_ROOT;12381;22;12379;17;;;12391;12;12393;14;;;12386.0;0.0
v_recovery_drift_s1;25100;ASH_COATED_OSMIUM;10040;15;10038;20;;;10046;5;10050;19;;;10043.0;0.0
v_recovery_drift_s1;25200;INTARIAN_PEPPER_ROOT;12346;17;12342;27;;;12414;25;12416;18;;;12380.0;0.0
v_recovery_drift_s1;25200;ASH_COATED_OSMIUM;10031;19;10027;25;;;10057;12;10060;22;;;10044.0;0.0
v_recovery_drift_s1;25300;INTARIAN_PEPPER_ROOT;12360;16;12358;16;;;12406;11;12409;23;;;12383.0;0.0
v_recovery_drift_s1;25300;ASH_COATED_OSMIUM;10038;11;10036;24;;;10052;7;10054;28;;;10045.0;0.0
v_recovery_drift_s1;25400;INTARIAN_PEPPER_ROOT;12383;8;12379;17;;;12385;14;12389;14;;;12384.0;0.0
v_recovery_drift_s1;25400;ASH_COATED_OSMIUM;10040;7;10036;18;;;10054;6;10058;20;;;10047.0;0.0
v_recovery_drift_s1;25500;INTARIAN_PEPPER_ROOT;12372;16;12370;22;;;12388;25;12391;22;;;12380.0;0.0
v_recovery_drift_s1;25500;ASH_COATED_OSMIUM;10030;9;10027;27;;;10054;11;10056;22;;;10042.0;0.0
v_recovery_drift_s1;25600;INTARIAN_PEPPER_ROOT;12375;9;12372;19;;;12393;15;12397;23;;;12384.0;0.0
v_recovery_drift_s1;25600;ASH_COATED_OSMIUM;10034;21;10032;21;;;10050;10;10054;9;;;10042.0;0.0
v_recovery_drift_s1;25700;INTARIAN_PEPPER_ROOT;12383;15;12380;22;;;12387;8;12391;27;;;12385.0;0.0
v_recovery_drift_s1;25700;ASH_COATED_OSMIUM;10035;15;10033;13;;;10051;12;10053;18;;;10043.0;0.0
v_recovery_drift_s1;25800;INTARIAN_PEPPER_ROOT;12379;8;12375;22;;;12391;11;12394;25;;;12385.0;0.0
v_recovery_drift_s1;25800;ASH_COATED_OSMIUM;10025;5;10022;21;;;10059;15;10061;17;;;10042.0;0.0
v_recovery_drift_s1;25900;INTARIAN_PEPPER_ROOT;12382;21;12379;23;;;12384;15;12386;21;;;12383.0;0.0
v_recovery_drift_s1;25900;ASH_COATED_OSMIUM;10038;22;10035;21;;;10052;14;10054;23;;;10045.0;0.0
v_recovery_drift_s1;26000;INTARIAN_PEPPER_ROOT;12380;24;12377;20;;;12386;14;12388;16;;;12383.0;0.0
v_recovery_drift_s1;26000;ASH_COATED_OSMIUM;10040;14;10038;23;;;10050;15;10053;22;;;10045.0;0.0
v_recovery_drift_s1;26100;INTARIAN_PEPPER_ROOT;12376;23;12372;20;;;12382;14;12384;27;;;12379.0;0.0
v_recovery_drift_s1;26100;ASH_COATED_OSMIUM;10009;16;10005;23;;;10077;18;10081;19;;;10043.0;0.0
v_recovery_drift_s1;26200;INTARIAN_PEPPER_ROOT;12375;9;12372;20;;;12385;14;12389;15;;;12380.0;0.0
v_recovery_drift_s1;26200;ASH_COATED_OSMIUM;10035;12;10033;29;;;10049;16;10053;18;;;10042.0;0.0
v_recovery_drift_s1;26300;INTARIAN_PEPPER_ROOT;12371;13;12369;24;;;12385;15;12389;14;;;12378.0;0.0
v_recovery_drift_s1;26300;ASH_COATED_OSMIUM;10018;15;10015;27;;;10064;10;10066;20;;;10041.0;0.0
v_recovery_drift_s1;26400;INTARIAN_PEPPER_ROOT;12373;17;12369;29;;;12383;7;12386;18;;;12378.0;0.0
v_recovery_drift_s1;26400;ASH_COATED_OSMIUM;10014;12;10010;20;;;10058;16;10060;17;;;10036.0;0.0
v_recovery_drift_s1;26500;INTARIAN_PEPPER_ROOT;12374;7;12370;22;;;12386;15;12388;21;;;12380.0;0.0
v_recovery_drift_s1;26500;ASH_COATED_OSMIUM;10029;16;10025;25;;;10039;5;10042;18;;;10034.0;0.0
v_recovery_drift_s1;26600;INTARIAN_PEPPER_ROOT;12368;21;12364;17;;;12392;26;12394;19;;;12380.0;0.0
v_recovery_drift_s1;26600;ASH_COATED_OSMIUM;10031;18;10027;26;;;10035;14;10038;9;;;10033.0;0.0
v_recovery_drift_s1;26700;INTARIAN_PEPPER_ROOT;12378;19;12376;17;;;12382;19;12384;22;;;12380.0;0.0
v_recovery_drift_s1;26700;ASH_COATED_OSMIUM;10031;6;10028;19;;;10033;12;10037;22;;;10032.0;0.0
v_recovery_drift_s1;26800;INTARIAN_PEPPER_ROOT;12362;7;12360;10;;;12398;17;12401;15;;;12380.0;0.0
v_recovery_drift_s1;26800;ASH_COATED_OSMIUM;10033;9;10030;18;;;10041;8;10044;8;;;10037.0;0.0
v_recovery_drift_s1;26900;INTARIAN_PEPPER_ROOT;12377;7;12373;9;;;12379;11;12381;21;;;12378.0;0.0
v_recovery_drift_s1;26900;ASH_COATED_OSMIUM;10033;10;10031;27;;;10035;16;10039;22;;;10034.0;0.0
v_recovery_drift_s1;27000;INTARIAN_PEPPER_ROOT;12375;9;12372;13;;;12383;12;12386;21;;;12379.0;0.0
v_recovery_drift_s1;27000;ASH_COATED_OSMIUM;10025;14;10021;14;;;10043;10;10047;17;;;10034.0;0.0
v_recovery_drift_s1;27100;INTARIAN_PEPPER_ROOT;12374;15;12370;21;;;12388;15;12390;23;;;12381.0;0.0
v_recovery_drift_s1;27100;ASH_COATED_OSMIUM;10014;12;10011;22;;;10052;12;10055;21;;;10033.0;0.0
v_recovery_drift_s1;27200;INTARIAN_PEPPER_ROOT;12380;19;12377;23;;;12384;17;12388;20;;;12382.0;0.0
v_recovery_drift_s1;27200;ASH_COATED_OSMIUM;10030;10;10026;20;;;10040;9;10044;19;;;10035.0;0.0
v_recovery_drift_s1;27300;INTARIAN_PEPPER_ROOT;12383;20;12379;17;;;12385;13;12389;21;;;12384.0;0.0
v_recovery_drift_s1;27300;ASH_COATED_OSMIUM;10033;12;10030;30;;;10035;11;10039;17;;;10034.0;0.0
v_recovery_drift_s1;27400;INTARIAN_PEPPER_ROOT;12376;26;12374;21;;;12386;14;12388;20;;;12381.0;0.0
v_recovery_drift_s1;27400;ASH_COATED_OSMIUM;10036;10;10032;25;;;10038;11;10042;9;;;10037.0;0.0
v_recovery_drift_s1;27500;INTARIAN_PEPPER_ROOT;12366;24;12363;18;;;12392;13;12395;24;;;12379.0;0.0
v_recovery_drift_s1;27500;ASH_COATED_OSMIUM;10027;6;10024;22;;;10043;12;10046;30;;;10035.0;0.0
v_recovery_drift_s1;27600;INTARIAN_PEPPER_ROOT;12370;13;12368;22;;;12382;5;12384;17;;;12376.0;0.0
v_recovery_drift_s1;27600;ASH_COATED_OSMIUM;10035;18;10033;24;;;10037;5;10041;27;;;10036.0;0.0
v_recovery_drift_s1;27700;INTARIAN_PEPPER_ROOT;12376;17;12374;21;;;12378;5;12382;25;;;12377.0;0.0
v_recovery_drift_s1;27700;ASH_COATED_OSMIUM;10029;12;10027;23;;;10037;18;10040;28;;;10033.0;0.0
v_recovery_drift_s1;27800;INTARIAN_PEPPER_ROOT;12375;9;12373;26;;;12377;10;12380;17;;;12376.0;0.0
v_recovery_drift_s1;27800;ASH_COATED_OSMIUM;10029;13;10025;28;;;10033;17;10036;28;;;10031.0;0.0
v_recovery_drift_s1;27900;INTARIAN_PEPPER_ROOT;12371;14;12369;19;;;12385;25;12389;12;;;12378.0;0.0
v_recovery_drift_s1;27900;ASH_COATED_OSMIUM;10011;16;10008;20;;;10051;16;10054;13;;;10031.0;0.0
v_recovery_drift_s1;28000;INTARIAN_PEPPER_ROOT;12373;14;12370;20;;;12379;12;12382;28;;;12376.0;0.0
v_recovery_drift_s1;28000;ASH_COATED_OSMIUM;10033;12;10029;25;;;10035;13;10038;23;;;10034.0;0.0
v_recovery_drift_s1;28100;INTARIAN_PEPPER_ROOT;12373;16;12370;21;;;12377;17;12380;20;;;12375.0;0.0
v_recovery_drift_s1;28100;ASH_COATED_OSMIUM;10003;18;9999;10;;;10061;5;10065;12;;;10032.0;0.0
v_recovery_drift_s1;28200;INTARIAN_PEPPER_ROOT;12366;14;12363;25;;;12382;17;12386;23;;;12374.0;0.0
v_recovery_drift_s1;28200;ASH_COATED_OSMIUM;10027;17;10025;20;;;10039;14;10042;14;;;10033.0;0.0
v_recovery_drift_s1;28300;INTARIAN_PEPPER_ROOT;12375;19;12371;25;;;12377;23;12379;29;;;12376.0;0.0
v_recovery_drift_s1;28300;ASH_COATED_OSMIUM;10026;14;10024;24;;;10042;11;10045;25;;;10034.0;0.0
v_recovery_drift_s1;28400;INTARIAN_PEPPER_ROOT;12372;13;12369;20;;;12378;13;12381;18;;;12375.0;0.0
v_recovery_drift_s1;28400;ASH_COATED_OSMIUM;10030;15;10027;21;;;10040;5;10042;20;;;10035.0;0.0
v_recovery_drift_s1;28500;INTARIAN_PEPPER_ROOT;12372;9;12369;12;;;12378;14;12380;20;;;12375.0;0.0
v_recovery_drift_s1;28500;ASH_COATED_OSMIUM;10009;21;10007;24;;;10059;18;10062;24;;;10034.0;0.0
v_recovery_drift_s1;28600;INTARIAN_PEPPER_ROOT;12372;22;12368;14;;;12374;17;12378;23;;;12373.0;0.0
v_recovery_drift_s1;28600;ASH_COATED_OSMIUM;10030;18;10028;27;;;10040;11;10044;15;;;10035.0;0.0
v_recovery_drift_s1;28700;INTARIAN_PEPPER_ROOT;12371;13;12368;13;;;12377;19;12381;17;;;12374.0;0.0
v_recovery_drift_s1;28700;ASH_COATED_OSMIUM;10033;11;10029;18;;;10037;7;10039;19;;;10035.0;0.0
v_recovery_drift_s1;28800;INTARIAN_PEPPER_ROOT;12361;16;12357;11;;;12381;7;12385;20;;;12371.0;0.0
v_recovery_drift_s1;28800;ASH_COATED_OSMIUM;10034;14;10030;18;;;10036;8;10039;19;;;10035.0;0.0
v_recovery_drift_s1;28900;INTARIAN_PEPPER_ROOT;12346;10;12342;14;;;12394;14;12397;11;;;12370.0;0.0
v_recovery_drift_s1;28900;ASH_COATED_OSMIUM;10027;11;10025;14;;;10039;5;10042;17;;;10033.0;0.0
v_recovery_drift_s1;29000;INTARIAN_PEPPER_ROOT;12367;6;12364;16;;;12371;23;12373;22;;;12369.0;0.0
v_recovery_drift_s1;29000;ASH_COATED_OSMIUM;10025;19;10023;19;;;10043;19;10047;26;;;10034.0;0.0
v_recovery_drift_s1;29100;INTARIAN_PEPPER_ROOT;12364;17;12360;22;;;12374;21;12376;26;;;12369.0;0.0
v_recovery_drift_s1;29100;ASH_COATED_OSMIUM;10034;12;10032;21;;;10036;13;10039;18;;;10035.0;0.0
v_recovery_drift_s1;29200;INTARIAN_PEPPER_ROOT;12369;16;12366;25;;;12371;19;12374;18;;;12370.0;0.0
v_recovery_drift_s1;29200;ASH_COATED_OSMIUM;10031;14;10029;20;;;10037;12;10039;18;;;10034.0;0.0
v_recovery_drift_s1;29300;INTARIAN_PEPPER_ROOT;12361;11;12358;24;;;12373;19;12376;20;;;12367.0;0.0
v_recovery_drift_s1;29300;ASH_COATED_OSMIUM;10025;6;10022;12;;;10041;18;10045;16;;;10033.0;0.0
v_recovery_drift_s1;29400;INTARIAN_PEPPER_ROOT;12361;12;12357;21;;;12371;6;12374;20;;;12366.0;0.0
v_recovery_drift_s1;29400;ASH_COATED_OSMIUM;10033;8;10031;23;;;10039;11;10041;17;;;10036.0;0.0
v_recovery_drift_s1;29500;INTARIAN_PEPPER_ROOT;12364;18;12360;25;;;12366;13;12369;20;;;12365.0;0.0
v_recovery_drift_s1;29500;ASH_COATED_OSMIUM;10013;11;10011;15;;;10059;13;10062;24;;;10036.0;0.0
v_recovery_drift_s1;29600;INTARIAN_PEPPER_ROOT;12365;15;12363;15;;;12367;18;12369;15;;;12366.0;0.0
v_recovery_drift_s1;29600;ASH_COATED_OSMIUM;10036;12;10033;21;;;10038;5;10040;12;;;10037.0;0.0
v_recovery_drift_s1;29700;INTARIAN_PEPPER_ROOT;12359;18;12357;20;;;12375;19;12377;22;;;12367.0;0.0
v_recovery_drift_s1;29700;ASH_COATED_OSMIUM;10028;8;10026;18;;;10046;8;10049;15;;;10037.0;0.0
v_recovery_drift_s1;29800;INTARIAN_PEPPER_ROOT;12363;16;12360;10;;;12365;15;12367;16;;;12364.0;0.0
v_recovery_drift_s1;29800;ASH_COATED_OSMIUM;10036;17;10033;9;;;10038;15;10040;21;;;10037.0;0.0
v_recovery_drift_s1;29900;INTARIAN_PEPPER_ROOT;12359;27;12357;12;;;12371;5;12375;18;;;12365.0;0.0
v_recovery_drift_s1;29900;ASH_COATED_OSMIUM;10022;19;10020;13;;;10042;10;10046;21;;;10032.0;0.0
v_recovery_drift_s1;30000;INTARIAN_PEPPER_ROOT;12366;24;12364;16;;;12370;6;12372;20;;;12368.0;0.0
v_recovery_drift_s1;30000;ASH_COATED_OSMIUM;10021;12;10017;14;;;10043;23;10047;8;;;10032.0;0.0
v_recovery_drift_s1;30100;INTARIAN_PEPPER_ROOT;12351;25;12347;17;;;12379;20;12381;19;;;12365.0;0.0
v_recovery_drift_s1;30100;ASH_COATED_OSMIUM;10031;9;10028;14;;;10039;9;10041;25;;;10035.0;0.0
v_recovery_drift_s1;30200;INTARIAN_PEPPER_ROOT;12361;19;12359;14;;;12363;16;12365;26;;;12362.0;0.0
v_recovery_drift_s1;30200;ASH_COATED_OSMIUM;10033;9;10031;14;;;10037;19;10041;21;;;10035.0;0.0
v_recovery_drift_s1;30300;INTARIAN_PEPPER_ROOT;12359;13;12357;21;;;12361;12;12365;20;;;12360.0;0.0
v_recovery_drift_s1;30300;ASH_COATED_OSMIUM;10031;6;10029;14;;;10033;10;10037;23;;;10032.0;0.0
v_recovery_drift_s1;30400;INTARIAN_PEPPER_ROOT;12356;10;12353;24;;;12362;14;12365;24;;;12359.0;0.0
v_recovery_drift_s1;30400;ASH_COATED_OSMIUM;10029;9;10026;18;;;10033;11;10037;20;;;10031.0;0.0
v_recovery_drift_s1;30500;INTARIAN_PEPPER_ROOT;12358;18;12355;15;;;12366;20;12368;21;;;12362.0;0.0
v_recovery_drift_s1;30500;ASH_COATED_OSMIUM;10027;6;10023;22;;;10029;14;10032;22;;;10028.0;0.0
v_recovery_drift_s1;30600;INTARIAN_PEPPER_ROOT;12360;11;12356;21;;;12362;11;12365;21;;;12361.0;0.0
v_recovery_drift_s1;30600;ASH_COATED_OSMIUM;10020;9;10016;14;;;10036;15;10040;25;;;10028.0;0.0
v_recovery_drift_s1;30700;INTARIAN_PEPPER_ROOT;12357;9;12355;14;;;12359;25;12361;23;;;12358.0;0.0
v_recovery_drift_s1;30700;ASH_COATED_OSMIUM;10023;19;10020;22;;;10035;20;10037;10;;;10029.0;0.0
v_recovery_drift_s1;30800;INTARIAN_PEPPER_ROOT;12356;18;12353;18;;;12362;8;12364;19;;;12359.0;0.0
v_recovery_drift_s1;30800;ASH_COATED_OSMIUM;10028;14;10026;24;;;10030;8;10033;18;;;10029.0;0.0
v_recovery_drift_s1;30900;INTARIAN_PEPPER_ROOT;12348;16;12346;11;;;12368;17;12372;11;;;12358.0;0.0
v_recovery_drift_s1;30900;ASH_COATED_OSMIUM;10031;11;10029;26;;;10033;7;10037;18;;;10032.0;0.0
v_recovery_drift_s1;31000;INTARIAN_PEPPER_ROOT;12356;15;12353;24;;;12364;26;12368;25;;;12360.0;0.0
v_recovery_drift_s1;31000;ASH_COATED_OSMIUM;10028;8;10026;25;;;10046;7;10049;26;;;10037.0;0.0
v_recovery_drift_s1;31100;INTARIAN_PEPPER_ROOT;12356;18;12352;25;;;12364;19;12368;23;;;12360.0;0.0
v_recovery_drift_s1;31100;ASH_COATED_OSMIUM;10034;11;10030;31;;;10036;12;10039;21;;;10035.0;0.0
v_recovery_drift_s1;31200;INTARIAN_PEPPER_ROOT;12343;16;12340;21;;;12381;16;12385;28;;;12362.0;0.0
v_recovery_drift_s1;31200;ASH_COATED_OSMIUM;10030;9;10027;18;;;10044;11;10046;20;;;10037.0;0.0
v_recovery_drift_s1;31300;INTARIAN_PEPPER_ROOT;12356;14;12353;32;;;12364;16;12366;25;;;12360.0;0.0
v_recovery_drift_s1;31300;ASH_COATED_OSMIUM;10007;9;10003;21;;;10063;10;10065;32;;;10035.0;0.0
v_recovery_drift_s1;31400;INTARIAN_PEPPER_ROOT;12356;9;12352;18;;;12374;14;12378;20;;;12365.0;0.0
v_recovery_drift_s1;31400;ASH_COATED_OSMIUM;10032;16;10029;13;;;10034;5;10036;18;;;10033.0;0.0
v_recovery_drift_s1;31500;INTARIAN_PEPPER_ROOT;12361;17;12358;19;;;12371;14;12375;16;;;12366.0;0.0
v_recovery_drift_s1;31500;ASH_COATED_OSMIUM;10034;7;10032;10;;;10036;13;10038;18;;;10035.0;0.0
v_recovery_drift_s1;31600;INTARIAN_PEPPER_ROOT;12366;11;12364;14;;;12368;7;12371;19;;;12367.0;0.0
v_recovery_drift_s1;31600;ASH_COATED_OSMIUM;10040;15;10037;21;;;10042;20;10046;29;;;10041.0;0.0
v_recovery_drift_s1;31700;INTARIAN_PEPPER_ROOT;12365;9;12362;16;;;12367;10;12370;23;;;12366.0;0.0
v_recovery_drift_s1;31700;ASH_COATED_OSMIUM;10038;14;10034;17;;;10040;22;10044;23;;;10039.0;0.0
v_recovery_drift_s1;31800;INTARIAN_PEPPER_ROOT;12341;16;12339;15;;;12387;15;12391;21;;;12364.0;0.0
v_recovery_drift_s1;31800;ASH_COATED_OSMIUM;10029;16;10026;15;;;10047;11;10049;25;;;10038.0;0.0
v_recovery_drift_s1;31900;INTARIAN_PEPPER_ROOT;12358;14;12355;15;;;12366;17;12368;21;;;12362.0;0.0
v_recovery_drift_s1;31900;ASH_COATED_OSMIUM;10036;14;10033;10;;;10044;14;10046;20;;;10040.0;0.0
v_recovery_drift_s1;32000;INTARIAN_PEPPER_ROOT;12356;21;12352;17;;;12368;9;12371;20;;;12362.0;0.0
v_recovery_drift_s1;32000;ASH_COATED_OSMIUM;10039;12;10035;11;;;10041;20;10043;21;;;10040.0;0.0
v_recovery_drift_s1;32100;INTARIAN_PEPPER_ROOT;12353;16;12351;16;;;12365;6;12368;26;;;12359.0;0.0
v_recovery_drift_s1;32100;ASH_COATED_OSMIUM;10040;6;10037;28;;;10042;24;10046;19;;;10041.0;0.0
v_recovery_drift_s1;32200;INTARIAN_PEPPER_ROOT;12349;20;12346;14;;;12369;12;12372;19;;;12359.0;0.0
v_recovery_drift_s1;32200;ASH_COATED_OSMIUM;10035;13;10031;21;;;10043;22;10047;19;;;10039.0;0.0
v_recovery_drift_s1;32300;INTARIAN_PEPPER_ROOT;12353;24;12350;18;;;12359;16;12361;26;;;12356.0;0.0
v_recovery_drift_s1;32300;ASH_COATED_OSMIUM;10030;10;10028;14;;;10048;11;10050;22;;;10039.0;0.0
v_recovery_drift_s1;32400;INTARIAN_PEPPER_ROOT;12356;18;12353;17;;;12358;11;12360;11;;;12357.0;0.0
v_recovery_drift_s1;32400;ASH_COATED_OSMIUM;10035;11;10033;21;;;10045;10;10049;16;;;10040.0;0.0
v_recovery_drift_s1;32500;INTARIAN_PEPPER_ROOT;12357;16;12355;23;;;12361;15;12364;27;;;12359.0;0.0
v_recovery_drift_s1;32500;ASH_COATED_OSMIUM;10036;16;10032;16;;;10042;14;10045;19;;;10039.0;0.0
v_recovery_drift_s1;32600;INTARIAN_PEPPER_ROOT;12355;23;12351;21;;;12357;22;12361;19;;;12356.0;0.0
v_recovery_drift_s1;32600;ASH_COATED_OSMIUM;10036;12;10033;15;;;10038;11;10042;18;;;10037.0;0.0
v_recovery_drift_s1;32700;INTARIAN_PEPPER_ROOT;12353;16;12350;20;;;12363;17;12367;15;;;12358.0;0.0
v_recovery_drift_s1;32700;ASH_COATED_OSMIUM;10030;5;10026;20;;;10048;11;10051;20;;;10039.0;0.0
v_recovery_drift_s1;32800;INTARIAN_PEPPER_ROOT;12353;16;12351;21;;;12361;17;12364;23;;;12357.0;0.0
v_recovery_drift_s1;32800;ASH_COATED_OSMIUM;10038;10;10035;23;;;10046;20;10048;24;;;10042.0;0.0
v_recovery_drift_s1;32900;INTARIAN_PEPPER_ROOT;12354;12;12350;26;;;12364;17;12368;23;;;12359.0;0.0
v_recovery_drift_s1;32900;ASH_COATED_OSMIUM;10013;7;10010;23;;;10063;14;10065;18;;;10038.0;0.0
v_recovery_drift_s1;33000;INTARIAN_PEPPER_ROOT;12358;12;12354;17;;;12360;13;12362;17;;;12359.0;0.0
v_recovery_drift_s1;33000;ASH_COATED_OSMIUM;10029;11;10026;17;;;10043;11;10046;16;;;10036.0;0.0
v_recovery_drift_s1;33100;INTARIAN_PEPPER_ROOT;12358;7;12356;27;;;12362;18;12366;21;;;12360.0;0.0
v_recovery_drift_s1;33100;ASH_COATED_OSMIUM;10037;13;10034;14;;;10039;9;10043;25;;;10038.0;0.0
v_recovery_drift_s1;33200;INTARIAN_PEPPER_ROOT;12345;11;12343;18;;;12373;9;12377;19;;;12359.0;0.0
v_recovery_drift_s1;33200;ASH_COATED_OSMIUM;10022;15;10019;25;;;10050;15;10053;14;;;10036.0;0.0
v_recovery_drift_s1;33300;INTARIAN_PEPPER_ROOT;12353;9;12349;25;;;12361;10;12364;9;;;12357.0;0.0
v_recovery_drift_s1;33300;ASH_COATED_OSMIUM;10036;16;10032;22;;;10038;13;10040;17;;;10037.0;0.0
v_recovery_drift_s1;33400;INTARIAN_PEPPER_ROOT;12356;14;12353;18;;;12364;30;12368;24;;;12360.0;0.0
v_recovery_drift_s1;33400;ASH_COATED_OSMIUM;10024;12;10021;23;;;10050;22;10054;23;;;10037.0;0.0
v_recovery_drift_s1;33500;INTARIAN_PEPPER_ROOT;12357;10;12355;16;;;12359;6;12362;25;;;12358.0;0.0
v_recovery_drift_s1;33500;ASH_COATED_OSMIUM;10020;23;10017;17;;;10056;13;10060;14;;;10038.0;0.0
v_recovery_drift_s1;33600;INTARIAN_PEPPER_ROOT;12351;18;12348;21;;;12355;12;12358;18;;;12353.0;0.0
v_recovery_drift_s1;33600;ASH_COATED_OSMIUM;10021;14;10017;15;;;10055;5;10058;17;;;10038.0;0.0
v_recovery_drift_s1;33700;INTARIAN_PEPPER_ROOT;12345;13;12342;23;;;12351;7;12355;21;;;12348.0;0.0
v_recovery_drift_s1;33700;ASH_COATED_OSMIUM;10015;10;10012;20;;;10061;17;10064;29;;;10038.0;0.0
v_recovery_drift_s1;33800;INTARIAN_PEPPER_ROOT;12341;5;12338;20;;;12343;5;12345;26;;;12342.0;0.0
v_recovery_drift_s1;33800;ASH_COATED_OSMIUM;10026;5;10022;12;;;10056;9;10059;11;;;10041.0;0.0
v_recovery_drift_s1;33900;INTARIAN_PEPPER_ROOT;12335;21;12333;13;;;12341;18;12345;22;;;12338.0;0.0
v_recovery_drift_s1;33900;ASH_COATED_OSMIUM;10035;13;10033;23;;;10041;12;10045;22;;;10038.0;0.0
v_recovery_drift_s1;34000;INTARIAN_PEPPER_ROOT;12336;17;12334;17;;;12338;21;12342;22;;;12337.0;0.0
v_recovery_drift_s1;34000;ASH_COATED_OSMIUM;10038;17;10036;10;;;10042;20;10045;17;;;10040.0;0.0
v_recovery_drift_s1;34100;INTARIAN_PEPPER_ROOT;12320;14;12316;15;;;12358;13;12362;21;;;12339.0;0.0
v_recovery_drift_s1;34100;ASH_COATED_OSMIUM;10030;11;10028;15;;;10064;17;10066;15;;;10047.0;0.0
v_recovery_drift_s1;34200;INTARIAN_PEPPER_ROOT;12334;25;12332;26;;;12340;19;12344;18;;;12337.0;0.0
v_recovery_drift_s1;34200;ASH_COATED_OSMIUM;10047;11;10044;21;;;10049;14;10053;16;;;10048.0;0.0
v_recovery_drift_s1;34300;INTARIAN_PEPPER_ROOT;12327;11;12324;28;;;12349;11;12351;17;;;12338.0;0.0
v_recovery_drift_s1;34300;ASH_COATED_OSMIUM;10005;10;10002;18;;;10099;10;10102;14;;;10052.0;0.0
v_recovery_drift_s1;34400;INTARIAN_PEPPER_ROOT;12336;16;12333;12;;;12338;22;12340;14;;;12337.0;0.0
v_recovery_drift_s1;34400;ASH_COATED_OSMIUM;10050;18;10048;23;;;10056;9;10059;18;;;10053.0;0.0
v_recovery_drift_s1;34500;INTARIAN_PEPPER_ROOT;12336;18;12332;19;;;12338;16;12341;19;;;12337.0;0.0
v_recovery_drift_s1;34500;ASH_COATED_OSMIUM;10039;6;10036;32;;;10061;9;10064;16;;;10050.0;0.0
v_recovery_drift_s1;34600;INTARIAN_PEPPER_ROOT;12328;13;12326;24;;;12342;22;12345;9;;;12335.0;0.0
v_recovery_drift_s1;34600;ASH_COATED_OSMIUM;10046;6;10042;13;;;10054;16;10058;19;;;10050.0;0.0
v_recovery_drift_s1;34700;INTARIAN_PEPPER_ROOT;12318;20;12314;17;;;12350;6;12352;33;;;12334.0;0.0
v_recovery_drift_s1;34700;ASH_COATED_OSMIUM;10049;16;10045;18;;;10051;5;10053;19;;;10050.0;0.0
v_recovery_drift_s1;34800;INTARIAN_PEPPER_ROOT;12333;12;12329;23;;;12335;18;12338;30;;;12334.0;0.0
v_recovery_drift_s1;34800;ASH_COATED_OSMIUM;10044;17;10040;27;;;10064;15;10068;23;;;10054.0;0.0
v_recovery_drift_s1;34900;INTARIAN_PEPPER_ROOT;12326;11;12324;17;;;12338;7;12342;19;;;12332.0;0.0
v_recovery_drift_s1;34900;ASH_COATED_OSMIUM;10055;12;10052;20;;;10057;15;10059;11;;;10056.0;0.0
v_recovery_drift_s1;35000;INTARIAN_PEPPER_ROOT;12332;22;12330;16;;;12334;14;12338;13;;;12333.0;0.0
v_recovery_drift_s1;35000;ASH_COATED_OSMIUM;10049;19;10046;27;;;10063;7;10066;23;;;10056.0;0.0
v_recovery_drift_s1;35100;INTARIAN_PEPPER_ROOT;12329;12;12325;20;;;12339;13;12342;12;;;12334.0;0.0
v_recovery_drift_s1;35100;ASH_COATED_OSMIUM;10055;9;10052;12;;;10057;17;10061;18;;;10056.0;0.0
v_recovery_drift_s1;35200;INTARIAN_PEPPER_ROOT;12321;17;12318;24;;;12345;22;12348;14;;;12333.0;0.0
v_recovery_drift_s1;35200;ASH_COATED_OSMIUM;10041;17;10038;9;;;10073;9;10077;24;;;10057.0;0.0
v_recovery_drift_s1;35300;INTARIAN_PEPPER_ROOT;12331;19;12328;20;;;12337;20;12341;20;;;12334.0;0.0
v_recovery_drift_s1;35300;ASH_COATED_OSMIUM;10057;18;10055;21;;;10059;12;10062;17;;;10058.0;0.0
v_recovery_drift_s1;35400;INTARIAN_PEPPER_ROOT;12331;18;12327;19;;;12333;12;12336;15;;;12332.0;0.0
v_recovery_drift_s1;35400;ASH_COATED_OSMIUM;10057;15;10054;19;;;10059;11;10061;25;;;10058.0;0.0
v_recovery_drift_s1;35500;INTARIAN_PEPPER_ROOT;12325;21;12322;19;;;12335;14;12339;21;;;12330.0;0.0
v_recovery_drift_s1;35500;ASH_COATED_OSMIUM;10054;12;10052;22;;;10058;14;10061;18;;;10056.0;0.0
v_recovery_drift_s1;35600;INTARIAN_PEPPER_ROOT;12329;10;12325;18;;;12331;17;12334;9;;;12330.0;0.0
v_recovery_drift_s1;35600;ASH_COATED_OSMIUM;10057;10;10054;24;;;10059;15;10063;13;;;10058.0;0.0
v_recovery_drift_s1;35700;INTARIAN_PEPPER_ROOT;12317;15;12313;23;;;12341;15;12344;21;;;12329.0;0.0
v_recovery_drift_s1;35700;ASH_COATED_OSMIUM;10055;16;10051;16;;;10059;11;10062;26;;;10057.0;0.0
v_recovery_drift_s1;35800;INTARIAN_PEPPER_ROOT;12323;16;12320;20;;;12331;11;12335;28;;;12327.0;0.0
v_recovery_drift_s1;35800;ASH_COATED_OSMIUM;10049;9;10046;13;;;10069;9;10071;15;;;10059.0;0.0
v_recovery_drift_s1;35900;INTARIAN_PEPPER_ROOT;12297;15;12293;22;;;12355;19;12357;23;;;12326.0;0.0
v_recovery_drift_s1;35900;ASH_COATED_OSMIUM;10047;21;10045;10;;;10071;9;10075;11;;;10059.0;0.0
v_recovery_drift_s1;36000;INTARIAN_PEPPER_ROOT;12323;6;12321;21;;;12325;7;12327;13;;;12324.0;0.0
v_recovery_drift_s1;36000;ASH_COATED_OSMIUM;10052;10;10048;19;;;10060;15;10062;20;;;10056.0;0.0
v_recovery_drift_s1;36100;INTARIAN_PEPPER_ROOT;12324;17;12320;23;;;12326;5;12329;26;;;12325.0;0.0
v_recovery_drift_s1;36100;ASH_COATED_OSMIUM;10056;17;10053;17;;;10058;8;10060;10;;;10057.0;0.0
v_recovery_drift_s1;36200;INTARIAN_PEPPER_ROOT;12319;13;12317;23;;;12323;14;12327;24;;;12321.0;0.0
v_recovery_drift_s1;36200;ASH_COATED_OSMIUM;10050;18;10046;23;;;10058;11;10060;21;;;10054.0;0.0
v_recovery_drift_s1;36300;INTARIAN_PEPPER_ROOT;12315;15;12311;23;;;12327;25;12330;19;;;12321.0;0.0
v_recovery_drift_s1;36300;ASH_COATED_OSMIUM;10026;12;10022;13;;;10086;10;10089;21;;;10056.0;0.0
v_recovery_drift_s1;36400;INTARIAN_PEPPER_ROOT;12308;16;12304;14;;;12332;10;12336;24;;;12320.0;0.0
v_recovery_drift_s1;36400;ASH_COATED_OSMIUM;10052;12;10050;19;;;10056;12;10058;24;;;10054.0;0.0
v_recovery_drift_s1;36500;INTARIAN_PEPPER_ROOT;12320;7;12318;13;;;12322;16;12324;23;;;12321.0;0.0
v_recovery_drift_s1;36500;ASH_COATED_OSMIUM;10007;6;10003;29;;;10095;9;10098;29;;;10051.0;0.0
v_recovery_drift_s1;36600;INTARIAN_PEPPER_ROOT;12315;5;12312;27;;;12327;11;12329;28;;;12321.0;0.0
v_recovery_drift_s1;36600;ASH_COATED_OSMIUM;10045;16;10043;24;;;10059;11;10063;15;;;10052.0;0.0
v_recovery_drift_s1;36700;INTARIAN_PEPPER_ROOT;12293;15;12291;15;;;12337;9;12339;24;;;12315.0;0.0
v_recovery_drift_s1;36700;ASH_COATED_OSMIUM;10041;19;10039;24;;;10063;15;10066;15;;;10052.0;0.0
v_recovery_drift_s1;36800;INTARIAN_PEPPER_ROOT;12302;22;12298;19;;;12328;15;12332;20;;;12315.0;0.0
v_recovery_drift_s1;36800;ASH_COATED_OSMIUM;10048;12;10044;18;;;10054;16;10057;24;;;10051.0;0.0
v_recovery_drift_s1;36900;INTARIAN_PEPPER_ROOT;12315;12;12311;8;;;12317;18;12319;21;;;12316.0;0.0
v_recovery_drift_s1;36900;ASH_COATED_OSMIUM;10051;16;10049;15;;;10053;13;10056;18;;;10052.0;0.0
v_recovery_drift_s1;37000;INTARIAN_PEPPER_ROOT;12314;11;12310;16;;;12316;13;12320;31;;;12315.0;0.0
v_recovery_drift_s1;37000;ASH_COATED_OSMIUM;10042;15;10039;20;;;10050;17;10053;18;;;10046.0;0.0
v_recovery_drift_s1;37100;INTARIAN_PEPPER_ROOT;12302;23;12299;18;;;12324;18;12327;21;;;12313.0;0.0
v_recovery_drift_s1;37100;ASH_COATED_OSMIUM;10036;8;10034;14;;;10054;11;10056;22;;;10045.0;0.0
v_recovery_drift_s1;37200;INTARIAN_PEPPER_ROOT;12311;11;12308;15;;;12319;13;12323;26;;;12315.0;0.0
v_recovery_drift_s1;37200;ASH_COATED_OSMIUM;10042;14;10040;24;;;10044;11;10047;16;;;10043.0;0.0
v_recovery_drift_s1;37300;INTARIAN_PEPPER_ROOT;12308;16;12306;13;;;12318;20;12321;18;;;12313.0;0.0
v_recovery_drift_s1;37300;ASH_COATED_OSMIUM;10040;18;10036;16;;;10046;17;10050;24;;;10043.0;0.0
v_recovery_drift_s1;37400;INTARIAN_PEPPER_ROOT;12316;22;12312;25;;;12318;12;12320;21;;;12317.0;0.0
v_recovery_drift_s1;37400;ASH_COATED_OSMIUM;10026;11;10023;28;;;10056;10;10059;12;;;10041.0;0.0
v_recovery_drift_s1;37500;INTARIAN_PEPPER_ROOT;12314;5;12312;25;;;12318;13;12322;19;;;12316.0;0.0
v_recovery_drift_s1;37500;ASH_COATED_OSMIUM;10042;13;10040;28;;;10044;13;10047;18;;;10043.0;0.0
v_recovery_drift_s1;37600;INTARIAN_PEPPER_ROOT;12314;11;12310;13;;;12326;6;12329;18;;;12320.0;0.0
v_recovery_drift_s1;37600;ASH_COATED_OSMIUM;10036;6;10034;10;;;10052;12;10055;12;;;10044.0;0.0
v_recovery_drift_s1;37700;INTARIAN_PEPPER_ROOT;12318;13;12316;21;;;12320;5;12324;20;;;12319.0;0.0
v_recovery_drift_s1;37700;ASH_COATED_OSMIUM;10037;18;10033;15;;;10049;14;10052;25;;;10043.0;0.0
v_recovery_drift_s1;37800;INTARIAN_PEPPER_ROOT;12312;5;12308;19;;;12316;16;12319;17;;;12314.0;0.0
v_recovery_drift_s1;37800;ASH_COATED_OSMIUM;10044;8;10040;15;;;10046;17;10049;23;;;10045.0;0.0
v_recovery_drift_s1;37900;INTARIAN_PEPPER_ROOT;12288;17;12285;14;;;12342;14;12344;16;;;12315.0;0.0
v_recovery_drift_s1;37900;ASH_COATED_OSMIUM;10038;19;10036;18;;;10054;17;10056;22;;;10046.0;0.0
v_recovery_drift_s1;38000;INTARIAN_PEPPER_ROOT;12313;13;12311;22;;;12319;16;12321;23;;;12316.0;0.0
v_recovery_drift_s1;38000;ASH_COATED_OSMIUM;10041;5;10038;23;;;10049;8;10051;17;;;10045.0;0.0
v_recovery_drift_s1;38100;INTARIAN_PEPPER_ROOT;12314;15;12311;18;;;12316;12;12318;16;;;12315.0;0.0
v_recovery_drift_s1;38100;ASH_COATED_OSMIUM;10044;23;10040;29;;;10046;20;10048;21;;;10045.0;0.0
v_recovery_drift_s1;38200;INTARIAN_PEPPER_ROOT;12311;26;12308;21;;;12313;14;12316;18;;;12312.0;0.0
v_recovery_drift_s1;38200;ASH_COATED_OSMIUM;10016;12;10012;20;;;10074;12;10076;13;;;10045.0;0.0
v_recovery_drift_s1;38300;INTARIAN_PEPPER_ROOT;12299;8;12296;16;;;12323;20;12327;23;;;12311.0;0.0
v_recovery_drift_s1;38300;ASH_COATED_OSMIUM;10048;11;10046;30;;;10050;15;10054;17;;;10049.0;0.0
v_recovery_drift_s1;38400;INTARIAN_PEPPER_ROOT;12310;21;12308;20;;;12312;16;12314;25;;;12311.0;0.0
v_recovery_drift_s1;38400;ASH_COATED_OSMIUM;10032;17;10028;21;;;10062;19;10064;23;;;10047.0;0.0
v_recovery_drift_s1;38500;INTARIAN_PEPPER_ROOT;12301;9;12297;22;;;12319;19;12323;29;;;12310.0;0.0
v_recovery_drift_s1;38500;ASH_COATED_OSMIUM;10038;5;10036;16;;;10060;18;10063;24;;;10049.0;0.0
v_recovery_drift_s1;38600;INTARIAN_PEPPER_ROOT;12308;20;12306;18;;;12310;9;12314;17;;;12309.0;0.0
v_recovery_drift_s1;38600;ASH_COATED_OSMIUM;10050;10;10048;19;;;10052;14;10054;19;;;10051.0;0.0
v_recovery_drift_s1;38700;INTARIAN_PEPPER_ROOT;12295;16;12293;15;;;12321;9;12323;20;;;12308.0;0.0
v_recovery_drift_s1;38700;ASH_COATED_OSMIUM;10044;10;10040;22;;;10054;10;10058;23;;;10049.0;0.0
v_recovery_drift_s1;38800;INTARIAN_PEPPER_ROOT;12300;21;12298;26;;;12312;16;12315;20;;;12306.0;0.0
v_recovery_drift_s1;38800;ASH_COATED_OSMIUM;10046;13;10042;26;;;10052;12;10054;21;;;10049.0;0.0
v_recovery_drift_s1;38900;INTARIAN_PEPPER_ROOT;12300;5;12296;22;;;12308;16;12312;22;;;12304.0;0.0
v_recovery_drift_s1;38900;ASH_COATED_OSMIUM;10046;16;10042;18;;;10048;19;10052;10;;;10047.0;0.0
v_recovery_drift_s1;39000;INTARIAN_PEPPER_ROOT;12297;14;12293;14;;;12305;5;12308;17;;;12301.0;0.0
v_recovery_drift_s1;39000;ASH_COATED_OSMIUM;10046;12;10042;16;;;10050;16;10052;27;;;10048.0;0.0
v_recovery_drift_s1;39100;INTARIAN_PEPPER_ROOT;12298;14;12294;18;;;12308;5;12311;14;;;12303.0;0.0
v_recovery_drift_s1;39100;ASH_COATED_OSMIUM;10028;12;10024;25;;;10064;17;10066;29;;;10046.0;0.0
v_recovery_drift_s1;39200;INTARIAN_PEPPER_ROOT;12299;10;12296;22;;;12305;18;12308;26;;;12302.0;0.0
v_recovery_drift_s1;39200;ASH_COATED_OSMIUM;10030;18;10027;30;;;10060;15;10064;16;;;10045.0;0.0
v_recovery_drift_s1;39300;INTARIAN_PEPPER_ROOT;12300;15;12297;16;;;12304;27;12307;25;;;12302.0;0.0
v_recovery_drift_s1;39300;ASH_COATED_OSMIUM;10034;9;10030;10;;;10060;16;10064;21;;;10047.0;0.0
v_recovery_drift_s1;39400;INTARIAN_PEPPER_ROOT;12293;16;12289;13;;;12307;16;12309;26;;;12300.0;0.0
v_recovery_drift_s1;39400;ASH_COATED_OSMIUM;10034;16;10032;16;;;10060;5;10062;8;;;10047.0;0.0
v_recovery_drift_s1;39500;INTARIAN_PEPPER_ROOT;12289;12;12286;19;;;12313;10;12315;10;;;12301.0;0.0
v_recovery_drift_s1;39500;ASH_COATED_OSMIUM;10045;17;10042;18;;;10047;20;10051;21;;;10046.0;0.0
v_recovery_drift_s1;39600;INTARIAN_PEPPER_ROOT;12288;9;12286;10;;;12304;6;12307;29;;;12296.0;0.0
v_recovery_drift_s1;39600;ASH_COATED_OSMIUM;10042;10;10040;22;;;10052;10;10054;19;;;10047.0;0.0
v_recovery_drift_s1;39700;INTARIAN_PEPPER_ROOT;12297;7;12294;16;;;12299;14;12303;17;;;12298.0;0.0
v_recovery_drift_s1;39700;ASH_COATED_OSMIUM;10041;7;10039;17;;;10059;7;10062;13;;;10050.0;0.0
v_recovery_drift_s1;39800;INTARIAN_PEPPER_ROOT;12282;10;12279;21;;;12312;16;12314;18;;;12297.0;0.0
v_recovery_drift_s1;39800;ASH_COATED_OSMIUM;10041;14;10037;23;;;10059;10;10061;20;;;10050.0;0.0
v_recovery_drift_s1;39900;INTARIAN_PEPPER_ROOT;12294;15;12290;26;;;12308;11;12310;24;;;12301.0;0.0
v_recovery_drift_s1;39900;ASH_COATED_OSMIUM;10049;5;10045;15;;;10053;9;10056;23;;;10051.0;0.0
v_recovery_drift_s1;40000;INTARIAN_PEPPER_ROOT;12290;13;12287;21;;;12304;18;12308;14;;;12297.0;0.0
v_recovery_drift_s1;40000;ASH_COATED_OSMIUM;10047;16;10045;20;;;10049;15;10052;21;;;10048.0;0.0
v_recovery_drift_s1;40100;INTARIAN_PEPPER_ROOT;12292;14;12289;17;;;12302;12;12305;14;;;12297.0;0.0
v_recovery_drift_s1;40100;ASH_COATED_OSMIUM;10036;5;10034;16;;;10064;8;10066;23;;;10050.0;0.0
v_recovery_drift_s1;40200;INTARIAN_PEPPER_ROOT;12289;18;12285;18;;;12307;15;12309;24;;;12298.0;0.0
v_recovery_drift_s1;40200;ASH_COATED_OSMIUM;10045;11;10041;22;;;10051;15;10055;24;;;10048.0;0.0
v_recovery_drift_s1;40300;INTARIAN_PEPPER_ROOT;12295;18;12293;13;;;12303;12;12306;15;;;12299.0;0.0
v_recovery_drift_s1;40300;ASH_COATED_OSMIUM;10031;14;10028;18;;;10063;16;10067;25;;;10047.0;0.0
v_recovery_drift_s1;40400;INTARIAN_PEPPER_ROOT;12296;13;12292;16;;;12298;15;12302;25;;;12297.0;0.0
v_recovery_drift_s1;40400;ASH_COATED_OSMIUM;10042;16;10040;19;;;10054;11;10057;17;;;10048.0;0.0
v_recovery_drift_s1;40500;INTARIAN_PEPPER_ROOT;12295;12;12293;16;;;12299;20;12302;28;;;12297.0;0.0
v_recovery_drift_s1;40500;ASH_COATED_OSMIUM;10046;5;10043;30;;;10056;5;10058;19;;;10051.0;0.0
v_recovery_drift_s1;40600;INTARIAN_PEPPER_ROOT;12291;5;12289;18;;;12293;12;12296;29;;;12292.0;0.0
v_recovery_drift_s1;40600;ASH_COATED_OSMIUM;10050;5;10047;26;;;10056;26;10060;20;;;10053.0;0.0
v_recovery_drift_s1;40700;INTARIAN_PEPPER_ROOT;12249;10;12245;15;;;12331;9;12333;17;;;12290.0;0.0
v_recovery_drift_s1;40700;ASH_COATED_OSMIUM;10051;17;10048;17;;;10053;12;10057;21;;;10052.0;0.0
v_recovery_drift_s1;40800;INTARIAN_PEPPER_ROOT;12289;21;12287;23;;;12291;8;12295;17;;;12290.0;0.0
v_recovery_drift_s1;40800;ASH_COATED_OSMIUM;10051;16;10047;21;;;10055;13;10057;20;;;10053.0;0.0
v_recovery_drift_s1;40900;INTARIAN_PEPPER_ROOT;12285;9;12282;12;;;12299;8;12302;20;;;12292.0;0.0
v_recovery_drift_s1;40900;ASH_COATED_OSMIUM;10044;6;10041;10;;;10060;14;10064;20;;;10052.0;0.0
v_recovery_drift_s1;41000;INTARIAN_PEPPER_ROOT;12290;23;12286;18;;;12292;13;12296;28;;;12291.0;0.0
v_recovery_drift_s1;41000;ASH_COATED_OSMIUM;10050;13;10047;11;;;10060;15;10063;25;;;10055.0;0.0
v_recovery_drift_s1;41100;INTARIAN_PEPPER_ROOT;12289;15;12286;31;;;12299;8;12303;22;;;12294.0;0.0
v_recovery_drift_s1;41100;ASH_COATED_OSMIUM;10040;12;10037;23;;;10074;16;10076;21;;;10057.0;0.0
v_recovery_drift_s1;41200;INTARIAN_PEPPER_ROOT;12295;21;12292;23;;;12301;9;12305;23;;;12298.0;0.0
v_recovery_drift_s1;41200;ASH_COATED_OSMIUM;10041;8;10038;23;;;10071;11;10075;16;;;10056.0;0.0
v_recovery_drift_s1;41300;INTARIAN_PEPPER_ROOT;12294;11;12292;23;;;12300;5;12303;22;;;12297.0;0.0
v_recovery_drift_s1;41300;ASH_COATED_OSMIUM;10051;15;10047;19;;;10053;15;10056;27;;;10052.0;0.0
v_recovery_drift_s1;41400;INTARIAN_PEPPER_ROOT;12288;12;12286;11;;;12294;17;12298;18;;;12291.0;0.0
v_recovery_drift_s1;41400;ASH_COATED_OSMIUM;10053;13;10051;15;;;10055;6;10058;14;;;10054.0;0.0
v_recovery_drift_s1;41500;INTARIAN_PEPPER_ROOT;12280;14;12277;10;;;12292;5;12296;20;;;12286.0;0.0
v_recovery_drift_s1;41500;ASH_COATED_OSMIUM;10038;15;10036;24;;;10074;13;10078;19;;;10056.0;0.0
v_recovery_drift_s1;41600;INTARIAN_PEPPER_ROOT;12268;5;12265;21;;;12302;6;12306;12;;;12285.0;0.0
v_recovery_drift_s1;41600;ASH_COATED_OSMIUM;10049;13;10047;35;;;10057;14;10061;19;;;10053.0;0.0
v_recovery_drift_s1;41700;INTARIAN_PEPPER_ROOT;12285;11;12283;19;;;12287;16;12291;24;;;12286.0;0.0
v_recovery_drift_s1;41700;ASH_COATED_OSMIUM;10053;8;10051;16;;;10055;10;10057;19;;;10054.0;0.0
v_recovery_drift_s1;41800;INTARIAN_PEPPER_ROOT;12279;15;12277;18;;;12293;13;12296;23;;;12286.0;0.0
v_recovery_drift_s1;41800;ASH_COATED_OSMIUM;10052;19;10049;22;;;10054;8;10057;22;;;10053.0;0.0
v_recovery_drift_s1;41900;INTARIAN_PEPPER_ROOT;12272;15;12268;12;;;12290;16;12292;15;;;12281.0;0.0
v_recovery_drift_s1;41900;ASH_COATED_OSMIUM;10053;11;10051;19;;;10057;12;10061;12;;;10055.0;0.0
v_recovery_drift_s1;42000;INTARIAN_PEPPER_ROOT;12274;14;12271;18;;;12286;20;12288;22;;;12280.0;0.0
v_recovery_drift_s1;42000;ASH_COATED_OSMIUM;10052;18;10050;22;;;10056;17;10059;17;;;10054.0;0.0
v_recovery_drift_s1;42100;INTARIAN_PEPPER_ROOT;12272;16;12268;15;;;12294;13;12298;22;;;12283.0;0.0
v_recovery_drift_s1;42100;ASH_COATED_OSMIUM;10048;8;10046;15;;;10050;13;10052;23;;;10049.0;0.0
v_recovery_drift_s1;42200;INTARIAN_PEPPER_ROOT;12274;27;12271;29;;;12288;14;12290;13;;;12281.0;0.0
v_recovery_drift_s1;42200;ASH_COATED_OSMIUM;10048;15;10046;30;;;10052;13;10056;20;;;10050.0;0.0
v_recovery_drift_s1;42300;INTARIAN_PEPPER_ROOT;12274;17;12271;9;;;12286;14;12289;22;;;12280.0;0.0
v_recovery_drift_s1;42300;ASH_COATED_OSMIUM;10043;17;10041;24;;;10053;22;10055;20;;;10048.0;0.0
v_recovery_drift_s1;42400;INTARIAN_PEPPER_ROOT;12279;12;12276;15;;;12287;22;12290;19;;;12283.0;0.0
v_recovery_drift_s1;42400;ASH_COATED_OSMIUM;10037;5;10035;21;;;10059;21;10061;15;;;10048.0;0.0
v_recovery_drift_s1;42500;INTARIAN_PEPPER_ROOT;12278;21;12275;9;;;12288;17;12290;27;;;12283.0;0.0
v_recovery_drift_s1;42500;ASH_COATED_OSMIUM;10040;7;10037;15;;;10054;11;10058;26;;;10047.0;0.0
v_recovery_drift_s1;42600;INTARIAN_PEPPER_ROOT;12275;13;12272;20;;;12287;7;12291;19;;;12281.0;0.0
v_recovery_drift_s1;42600;ASH_COATED_OSMIUM;10042;11;10039;12;;;10044;18;10046;25;;;10043.0;0.0
v_recovery_drift_s1;42700;INTARIAN_PEPPER_ROOT;12277;19;12274;28;;;12287;9;12290;20;;;12282.0;0.0
v_recovery_drift_s1;42700;ASH_COATED_OSMIUM;10032;24;10029;23;;;10050;13;10052;25;;;10041.0;0.0
v_recovery_drift_s1;42800;INTARIAN_PEPPER_ROOT;12273;12;12269;30;;;12289;16;12292;21;;;12281.0;0.0
v_recovery_drift_s1;42800;ASH_COATED_OSMIUM;10039;19;10035;16;;;10041;14;10044;9;;;10040.0;0.0
v_recovery_drift_s1;42900;INTARIAN_PEPPER_ROOT;12278;15;12275;24;;;12280;15;12282;21;;;12279.0;0.0
v_recovery_drift_s1;42900;ASH_COATED_OSMIUM;10020;13;10017;20;;;10060;10;10064;15;;;10040.0;0.0
v_recovery_drift_s1;43000;INTARIAN_PEPPER_ROOT;12269;14;12267;20;;;12293;9;12297;18;;;12281.0;0.0
v_recovery_drift_s1;43000;ASH_COATED_OSMIUM;10027;15;10025;17;;;10051;15;10054;19;;;10039.0;0.0
v_recovery_drift_s1;43100;INTARIAN_PEPPER_ROOT;12277;18;12273;18;;;12289;12;12293;25;;;12283.0;0.0
v_recovery_drift_s1;43100;ASH_COATED_OSMIUM;10042;11;10040;20;;;10044;15;10048;26;;;10043.0;0.0
v_recovery_drift_s1;43200;INTARIAN_PEPPER_ROOT;12274;12;12271;21;;;12294;15;12298;20;;;12284.0;0.0
v_recovery_drift_s1;43200;ASH_COATED_OSMIUM;10041;12;10038;14;;;10043;8;10047;20;;;10042.0;0.0
v_recovery_drift_s1;43300;INTARIAN_PEPPER_ROOT;12282;10;12279;24;;;12284;20;12286;17;;;12283.0;0.0
v_recovery_drift_s1;43300;ASH_COATED_OSMIUM;10040;9;10036;15;;;10044;5;10047;21;;;10042.0;0.0
v_recovery_drift_s1;43400;INTARIAN_PEPPER_ROOT;12284;9;12281;22;;;12286;22;12288;23;;;12285.0;0.0
v_recovery_drift_s1;43400;ASH_COATED_OSMIUM;10040;7;10038;18;;;10044;13;10048;17;;;10042.0;0.0
v_recovery_drift_s1;43500;INTARIAN_PEPPER_ROOT;12281;16;12277;28;;;12287;12;12289;13;;;12284.0;0.0
v_recovery_drift_s1;43500;ASH_COATED_OSMIUM;10023;13;10020;13;;;10053;13;10055;11;;;10038.0;0.0
v_recovery_drift_s1;43600;INTARIAN_PEPPER_ROOT;12282;13;12279;31;;;12286;19;12290;19;;;12284.0;0.0
v_recovery_drift_s1;43600;ASH_COATED_OSMIUM;10038;17;10035;20;;;10040;17;10043;20;;;10039.0;0.0
v_recovery_drift_s1;43700;INTARIAN_PEPPER_ROOT;12283;16;12281;12;;;12287;10;12290;15;;;12285.0;0.0
v_recovery_drift_s1;43700;ASH_COATED_OSMIUM;10027;15;10024;22;;;10053;7;10057;26;;;10040.0;0.0
v_recovery_drift_s1;43800;INTARIAN_PEPPER_ROOT;12284;20;12281;20;;;12290;15;12293;22;;;12287.0;0.0
v_recovery_drift_s1;43800;ASH_COATED_OSMIUM;10017;14;10015;11;;;10065;10;10069;23;;;10041.0;0.0
v_recovery_drift_s1;43900;INTARIAN_PEPPER_ROOT;12287;14;12285;13;;;12291;10;12294;16;;;12289.0;0.0
v_recovery_drift_s1;43900;ASH_COATED_OSMIUM;10020;10;10016;20;;;10068;6;10071;18;;;10044.0;0.0
v_recovery_drift_s1;44000;INTARIAN_PEPPER_ROOT;12288;16;12285;13;;;12292;24;12295;10;;;12290.0;0.0
v_recovery_drift_s1;44000;ASH_COATED_OSMIUM;10033;15;10029;17;;;10051;16;10053;24;;;10042.0;0.0
v_recovery_drift_s1;44100;INTARIAN_PEPPER_ROOT;12283;10;12280;21;;;12291;25;12293;19;;;12287.0;0.0
v_recovery_drift_s1;44100;ASH_COATED_OSMIUM;10042;18;10039;19;;;10044;9;10047;18;;;10043.0;0.0
v_recovery_drift_s1;44200;INTARIAN_PEPPER_ROOT;12282;13;12278;17;;;12284;9;12288;24;;;12283.0;0.0
v_recovery_drift_s1;44200;ASH_COATED_OSMIUM;10035;12;10032;23;;;10051;14;10055;17;;;10043.0;0.0
v_recovery_drift_s1;44300;INTARIAN_PEPPER_ROOT;12273;9;12270;22;;;12299;8;12301;24;;;12286.0;0.0
v_recovery_drift_s1;44300;ASH_COATED_OSMIUM;10041;6;10038;27;;;10047;18;10049;22;;;10044.0;0.0
v_recovery_drift_s1;44400;INTARIAN_PEPPER_ROOT;12283;13;12279;22;;;12285;16;12287;13;;;12284.0;0.0
v_recovery_drift_s1;44400;ASH_COATED_OSMIUM;10043;11;10039;17;;;10045;10;10047;17;;;10044.0;0.0
v_recovery_drift_s1;44500;INTARIAN_PEPPER_ROOT;12282;14;12279;19;;;12286;7;12290;21;;;12284.0;0.0
v_recovery_drift_s1;44500;ASH_COATED_OSMIUM;10030;8;10026;20;;;10058;12;10062;11;;;10044.0;0.0
v_recovery_drift_s1;44600;INTARIAN_PEPPER_ROOT;12279;14;12276;19;;;12285;15;12289;23;;;12282.0;0.0
v_recovery_drift_s1;44600;ASH_COATED_OSMIUM;10039;11;10036;25;;;10043;13;10046;18;;;10041.0;0.0
v_recovery_drift_s1;44700;INTARIAN_PEPPER_ROOT;12270;21;12267;13;;;12298;5;12301;28;;;12284.0;0.0
v_recovery_drift_s1;44700;ASH_COATED_OSMIUM;10033;22;10031;17;;;10049;12;10051;33;;;10041.0;0.0
v_recovery_drift_s1;44800;INTARIAN_PEPPER_ROOT;12281;15;12279;26;;;12285;19;12288;18;;;12283.0;0.0
v_recovery_drift_s1;44800;ASH_COATED_OSMIUM;10010;14;10006;19;;;10074;12;10076;24;;;10042.0;0.0
v_recovery_drift_s1;44900;INTARIAN_PEPPER_ROOT;12283;25;12280;20;;;12285;9;12287;17;;;12284.0;0.0
v_recovery_drift_s1;44900;ASH_COATED_OSMIUM;10026;5;10022;26;;;10060;17;10064;17;;;10043.0;0.0
v_recovery_drift_s1;45000;INTARIAN_PEPPER_ROOT;12274;12;12270;23;;;12290;18;12292;27;;;12282.0;0.0
v_recovery_drift_s1;45000;ASH_COATED_OSMIUM;10044;8;10041;22;;;10048;14;10051;14;;;10046.0;0.0
v_recovery_drift_s1;45100;INTARIAN_PEPPER_ROOT;12282;16;12279;15;;;12286;7;12288;16;;;12284.0;0.0
v_recovery_drift_s1;45100;ASH_COATED_OSMIUM;10034;10;10032;29;;;10056;11;10058;27;;;10045.0;0.0
v_recovery_drift_s1;45200;INTARIAN_PEPPER_ROOT;12284;17;12281;31;;;12286;25;12290;20;;;12285.0;0.0
v_recovery_drift_s1;45200;ASH_COATED_OSMIUM;10038;8;10036;20;;;10056;11;10060;20;;;10047.0;0.0
v_recovery_drift_s1;45300;INTARIAN_PEPPER_ROOT;12282;9;12280;22;;;12284;17;12287;10;;;12283.0;0.0
v_recovery_drift_s1;45300;ASH_COATED_OSMIUM;10049;16;10045;20;;;10051;20;10055;25;;;10050.0;0.0
v_recovery_drift_s1;45400;INTARIAN_PEPPER_ROOT;12284;11;12282;32;;;12286;10;12289;13;;;12285.0;0.0
v_recovery_drift_s1;45400;ASH_COATED_OSMIUM;10035;8;10033;21;;;10063;5;10065;19;;;10049.0;0.0
v_recovery_drift_s1;45500;INTARIAN_PEPPER_ROOT;12281;16;12277;24;;;12283;15;12285;16;;;12282.0;0.0
v_recovery_drift_s1;45500;ASH_COATED_OSMIUM;10047;6;10045;13;;;10051;29;10054;18;;;10049.0;0.0
v_recovery_drift_s1;45600;INTARIAN_PEPPER_ROOT;12268;13;12265;9;;;12292;12;12295;24;;;12280.0;0.0
v_recovery_drift_s1;45600;ASH_COATED_OSMIUM;10046;18;10043;16;;;10048;9;10051;19;;;10047.0;0.0
v_recovery_drift_s1;45700;INTARIAN_PEPPER_ROOT;12280;19;12277;14;;;12282;17;12284;19;;;12281.0;0.0
v_recovery_drift_s1;45700;ASH_COATED_OSMIUM;10046;13;10042;21;;;10048;5;10052;24;;;10047.0;0.0
v_recovery_drift_s1;45800;INTARIAN_PEPPER_ROOT;12278;18;12276;11;;;12280;9;12282;20;;;12279.0;0.0
v_recovery_drift_s1;45800;ASH_COATED_OSMIUM;10034;17;10030;29;;;10054;9;10057;22;;;10044.0;0.0
v_recovery_drift_s1;45900;INTARIAN_PEPPER_ROOT;12275;7;12271;24;;;12279;18;12283;21;;;12277.0;0.0
v_recovery_drift_s1;45900;ASH_COATED_OSMIUM;10042;7;10040;20;;;10048;6;10051;23;;;10045.0;0.0
v_recovery_drift_s1;46000;INTARIAN_PEPPER_ROOT;12257;6;12255;8;;;12293;16;12296;26;;;12275.0;0.0
v_recovery_drift_s1;46000;ASH_COATED_OSMIUM;10030;10;10026;9;;;10060;13;10063;19;;;10045.0;0.0
v_recovery_drift_s1;46100;INTARIAN_PEPPER_ROOT;12267;19;12265;25;;;12279;13;12281;11;;;12273.0;0.0
v_recovery_drift_s1;46100;ASH_COATED_OSMIUM;10042;17;10039;24;;;10044;18;10046;20;;;10043.0;0.0
v_recovery_drift_s1;46200;INTARIAN_PEPPER_ROOT;12255;15;12253;21;;;12293;14;12295;21;;;12274.0;0.0
v_recovery_drift_s1;46200;ASH_COATED_OSMIUM;10038;13;10036;21;;;10060;16;10062;15;;;10049.0;0.0
v_recovery_drift_s1;46300;INTARIAN_PEPPER_ROOT;12268;21;12266;21;;;12282;19;12284;12;;;12275.0;0.0
v_recovery_drift_s1;46300;ASH_COATED_OSMIUM;10042;11;10038;18;;;10054;8;10056;13;;;10048.0;0.0
v_recovery_drift_s1;46400;INTARIAN_PEPPER_ROOT;12274;12;12270;16;;;12276;6;12278;25;;;12275.0;0.0
v_recovery_drift_s1;46400;ASH_COATED_OSMIUM;10039;15;10037;17;;;10053;13;10057;21;;;10046.0;0.0
v_recovery_drift_s1;46500;INTARIAN_PEPPER_ROOT;12262;11;12259;22;;;12286;8;12289;32;;;12274.0;0.0
v_recovery_drift_s1;46500;ASH_COATED_OSMIUM;10038;8;10035;20;;;10056;14;10060;18;;;10047.0;0.0
v_recovery_drift_s1;46600;INTARIAN_PEPPER_ROOT;12273;13;12269;18;;;12275;11;12279;19;;;12274.0;0.0
v_recovery_drift_s1;46600;ASH_COATED_OSMIUM;10047;21;10045;10;;;10051;11;10053;20;;;10049.0;0.0
v_recovery_drift_s1;46700;INTARIAN_PEPPER_ROOT;12272;14;12269;18;;;12280;11;12282;29;;;12276.0;0.0
v_recovery_drift_s1;46700;ASH_COATED_OSMIUM;10047;22;10043;14;;;10053;15;10056;16;;;10050.0;0.0
v_recovery_drift_s1;46800;INTARIAN_PEPPER_ROOT;12271;16;12269;20;;;12287;16;12289;16;;;12279.0;0.0
v_recovery_drift_s1;46800;ASH_COATED_OSMIUM;10041;14;10037;13;;;10049;15;10051;21;;;10045.0;0.0
v_recovery_drift_s1;46900;INTARIAN_PEPPER_ROOT;12275;12;12273;21;;;12277;11;12281;14;;;12276.0;0.0
v_recovery_drift_s1;46900;ASH_COATED_OSMIUM;10044;9;10040;8;;;10050;15;10053;25;;;10047.0;0.0
v_recovery_drift_s1;47000;INTARIAN_PEPPER_ROOT;12277;25;12275;21;;;12279;24;12281;21;;;12278.0;0.0
v_recovery_drift_s1;47000;ASH_COATED_OSMIUM;10030;15;10027;18;;;10056;15;10058;20;;;10043.0;0.0
v_recovery_drift_s1;47100;INTARIAN_PEPPER_ROOT;12274;20;12271;15;;;12278;13;12282;19;;;12276.0;0.0
v_recovery_drift_s1;47100;ASH_COATED_OSMIUM;10027;12;10024;25;;;10067;8;10069;23;;;10047.0;0.0
v_recovery_drift_s1;47200;INTARIAN_PEPPER_ROOT;12268;21;12266;19;;;12282;13;12286;24;;;12275.0;0.0
v_recovery_drift_s1;47200;ASH_COATED_OSMIUM;10047;11;10043;16;;;10049;16;10051;17;;;10048.0;0.0
v_recovery_drift_s1;47300;INTARIAN_PEPPER_ROOT;12271;8;12267;15;;;12285;12;12287;14;;;12278.0;0.0
v_recovery_drift_s1;47300;ASH_COATED_OSMIUM;10049;15;10047;17;;;10051;18;10054;16;;;10050.0;0.0
v_recovery_drift_s1;47400;INTARIAN_PEPPER_ROOT;12276;10;12272;22;;;12278;19;12281;18;;;12277.0;0.0
v_recovery_drift_s1;47400;ASH_COATED_OSMIUM;10050;14;10046;13;;;10052;8;10055;18;;;10051.0;0.0
v_recovery_drift_s1;47500;INTARIAN_PEPPER_ROOT;12271;18;12267;22;;;12279;20;12282;22;;;12275.0;0.0
v_recovery_drift_s1;47500;ASH_COATED_OSMIUM;10048;8;10046;23;;;10064;14;10066;20;;;10056.0;0.0
v_recovery_drift_s1;47600;INTARIAN_PEPPER_ROOT;12270;15;12267;21;;;12272;15;12274;15;;;12271.0;0.0
v_recovery_drift_s1;47600;ASH_COATED_OSMIUM;10054;11;10050;31;;;10060;14;10063;8;;;10057.0;0.0
v_recovery_drift_s1;47700;INTARIAN_PEPPER_ROOT;12267;18;12265;25;;;12269;21;12273;24;;;12268.0;0.0
v_recovery_drift_s1;47700;ASH_COATED_OSMIUM;10023;16;10019;12;;;10089;14;10093;25;;;10056.0;0.0
v_recovery_drift_s1;47800;INTARIAN_PEPPER_ROOT;12254;8;12251;20;;;12282;16;12286;13;;;12268.0;0.0
v_recovery_drift_s1;47800;ASH_COATED_OSMIUM;10056;11;10054;19;;;10060;16;10064;18;;;10058.0;0.0
v_recovery_drift_s1;47900;INTARIAN_PEPPER_ROOT;12265;9;12261;19;;;12267;18;12269;18;;;12266.0;0.0
v_recovery_drift_s1;47900;ASH_COATED_OSMIUM;10052;13;10050;22;;;10064;5;10066;18;;;10058.0;0.0
v_recovery_drift_s1;48000;INTARIAN_PEPPER_ROOT;12266;16;12264;22;;;12268;17;12270;21;;;12267.0;0.0
v_recovery_drift_s1;48000;ASH_COATED_OSMIUM;10058;9;10055;21;;;10062;17;10064;13;;;10060.0;0.0
v_recovery_drift_s1;48100;INTARIAN_PEPPER_ROOT;12251;9;12248;27;;;12277;21;12281;19;;;12264.0;0.0
v_recovery_drift_s1;48100;ASH_COATED_OSMIUM;10050;9;10048;20;;;10076;7;10079;25;;;10063.0;0.0
v_recovery_drift_s1;48200;INTARIAN_PEPPER_ROOT;12248;13;12246;14;;;12274;15;12276;18;;;12261.0;0.0
v_recovery_drift_s1;48200;ASH_COATED_OSMIUM;10060;21;10058;12;;;10066;5;10068;19;;;10063.0;0.0
v_recovery_drift_s1;48300;INTARIAN_PEPPER_ROOT;12259;10;12257;25;;;12265;13;12269;18;;;12262.0;0.0
v_recovery_drift_s1;48300;ASH_COATED_OSMIUM;10060;9;10057;27;;;10066;10;10069;23;;;10063.0;0.0
v_recovery_drift_s1;48400;INTARIAN_PEPPER_ROOT;12262;16;12258;31;;;12266;17;12270;14;;;12264.0;0.0
v_recovery_drift_s1;48400;ASH_COATED_OSMIUM;10061;6;10058;20;;;10065;13;10068;29;;;10063.0;0.0
v_recovery_drift_s1;48500;INTARIAN_PEPPER_ROOT;12249;9;12246;21;;;12281;17;12283;16;;;12265.0;0.0
v_recovery_drift_s1;48500;ASH_COATED_OSMIUM;10059;23;10056;24;;;10063;10;10067;19;;;10061.0;0.0
v_recovery_drift_s1;48600;INTARIAN_PEPPER_ROOT;12263;25;12259;23;;;12271;12;12275;16;;;12267.0;0.0
v_recovery_drift_s1;48600;ASH_COATED_OSMIUM;10049;13;10046;17;;;10071;11;10073;25;;;10060.0;0.0
v_recovery_drift_s1;48700;INTARIAN_PEPPER_ROOT;12262;19;12259;28;;;12278;22;12281;14;;;12270.0;0.0
v_recovery_drift_s1;48700;ASH_COATED_OSMIUM;10058;8;10054;12;;;10064;15;10067;12;;;10061.0;0.0
v_recovery_drift_s1;48800;INTARIAN_PEPPER_ROOT;12270;12;12268;27;;;12274;5;12276;28;;;12272.0;0.0
v_recovery_drift_s1;48800;ASH_COATED_OSMIUM;10059;11;10056;11;;;10063;15;10066;21;;;10061.0;0.0
v_recovery_drift_s1;48900;INTARIAN_PEPPER_ROOT;12266;14;12264;12;;;12272;21;12275;14;;;12269.0;0.0
v_recovery_drift_s1;48900;ASH_COATED_OSMIUM;10059;6;10055;20;;;10069;10;10071;19;;;10064.0;0.0
v_recovery_drift_s1;49000;INTARIAN_PEPPER_ROOT;12255;22;12253;19;;;12281;15;12285;16;;;12268.0;0.0
v_recovery_drift_s1;49000;ASH_COATED_OSMIUM;10042;9;10039;22;;;10082;13;10085;18;;;10062.0;0.0
v_recovery_drift_s1;49100;INTARIAN_PEPPER_ROOT;12263;17;12261;22;;;12275;15;12279;21;;;12269.0;0.0
v_recovery_drift_s1;49100;ASH_COATED_OSMIUM;10054;15;10050;15;;;10072;13;10075;20;;;10063.0;0.0
v_recovery_drift_s1;49200;INTARIAN_PEPPER_ROOT;12248;25;12245;26;;;12286;20;12288;24;;;12267.0;0.0
v_recovery_drift_s1;49200;ASH_COATED_OSMIUM;10062;15;10058;19;;;10064;20;10067;15;;;10063.0;0.0
v_recovery_drift_s1;49300;INTARIAN_PEPPER_ROOT;12266;18;12263;15;;;12268;19;12271;20;;;12267.0;0.0
v_recovery_drift_s1;49300;ASH_COATED_OSMIUM;10064;7;10062;20;;;10066;11;10068;27;;;10065.0;0.0
v_recovery_drift_s1;49400;INTARIAN_PEPPER_ROOT;12244;17;12242;17;;;12284;24;12288;18;;;12264.0;0.0
v_recovery_drift_s1;49400;ASH_COATED_OSMIUM;10059;11;10055;20;;;10067;22;10071;27;;;10063.0;0.0
v_recovery_drift_s1;49500;INTARIAN_PEPPER_ROOT;12260;13;12257;31;;;12262;24;12265;21;;;12261.0;0.0
v_recovery_drift_s1;49500;ASH_COATED_OSMIUM;10067;12;10064;25;;;10069;9;10072;16;;;10068.0;0.0
v_recovery_drift_s1;49600;INTARIAN_PEPPER_ROOT;12261;7;12257;25;;;12263;18;12266;23;;;12262.0;0.0
v_recovery_drift_s1;49600;ASH_COATED_OSMIUM;10057;7;10055;21;;;10075;19;10079;11;;;10066.0;0.0
v_recovery_drift_s1;49700;INTARIAN_PEPPER_ROOT;12242;6;12240;23;;;12272;17;12276;17;;;12257.0;0.0
v_recovery_drift_s1;49700;ASH_COATED_OSMIUM;10067;16;10064;15;;;10069;12;10071;12;;;10068.0;0.0
v_recovery_drift_s1;49800;INTARIAN_PEPPER_ROOT;12253;9;12251;25;;;12255;17;12258;16;;;12254.0;0.0
v_recovery_drift_s1;49800;ASH_COATED_OSMIUM;10067;16;10064;21;;;10071;14;10074;22;;;10069.0;0.0
v_recovery_drift_s1;49900;INTARIAN_PEPPER_ROOT;12253;16;12250;17;;;12255;16;12258;14;;;12254.0;0.0
v_recovery_drift_s1;49900;ASH_COATED_OSMIUM;10065;6;10061;26;;;10077;20;10080;19;;;10071.0;0.0
v_recovery_drift_s1;50000;INTARIAN_PEPPER_ROOT;12247;18;12243;22;;;12251;17;12253;27;;;12249.0;0.0
v_recovery_drift_s1;50000;ASH_COATED_OSMIUM;10058;15;10055;22;;;10082;13;10084;20;;;10070.0;0.0
v_recovery_drift_s1;50100;INTARIAN_PEPPER_ROOT;12248;12;12244;20;;;12250;14;12254;18;;;12249.0;0.0
v_recovery_drift_s1;50100;ASH_COATED_OSMIUM;10049;12;10045;16;;;10081;10;10085;16;;;10065.0;0.0
v_recovery_drift_s1;50200;INTARIAN_PEPPER_ROOT;12246;25;12243;25;;;12248;13;12250;16;;;12247.0;0.0
v_recovery_drift_s1;50200;ASH_COATED_OSMIUM;10064;15;10060;22;;;10066;12;10068;14;;;10065.0;0.0
v_recovery_drift_s1;50300;INTARIAN_PEPPER_ROOT;12233;14;12230;24;;;12257;22;12259;15;;;12245.0;0.0
v_recovery_drift_s1;50300;ASH_COATED_OSMIUM;10060;15;10058;27;;;10070;11;10073;22;;;10065.0;0.0
v_recovery_drift_s1;50400;INTARIAN_PEPPER_ROOT;12236;17;12232;16;;;12254;11;12258;20;;;12245.0;0.0
v_recovery_drift_s1;50400;ASH_COATED_OSMIUM;10058;16;10055;13;;;10072;12;10075;16;;;10065.0;0.0
v_recovery_drift_s1;50500;INTARIAN_PEPPER_ROOT;12244;5;12240;23;;;12246;16;12250;16;;;12245.0;0.0
v_recovery_drift_s1;50500;ASH_COATED_OSMIUM;10068;16;10065;23;;;10072;18;10074;14;;;10070.0;0.0
v_recovery_drift_s1;50600;INTARIAN_PEPPER_ROOT;12233;16;12231;18;;;12251;13;12255;21;;;12242.0;0.0
v_recovery_drift_s1;50600;ASH_COATED_OSMIUM;10068;10;10065;8;;;10070;11;10074;17;;;10069.0;0.0
v_recovery_drift_s1;50700;INTARIAN_PEPPER_ROOT;12226;15;12223;26;;;12258;15;12260;16;;;12242.0;0.0
v_recovery_drift_s1;50700;ASH_COATED_OSMIUM;10064;16;10060;17;;;10078;17;10080;17;;;10071.0;0.0
v_recovery_drift_s1;50800;INTARIAN_PEPPER_ROOT;12235;15;12232;18;;;12245;17;12247;21;;;12240.0;0.0
v_recovery_drift_s1;50800;ASH_COATED_OSMIUM;10050;5;10048;28;;;10092;18;10094;10;;;10071.0;0.0
v_recovery_drift_s1;50900;INTARIAN_PEPPER_ROOT;12240;16;12237;10;;;12242;14;12246;15;;;12241.0;0.0
v_recovery_drift_s1;50900;ASH_COATED_OSMIUM;10074;10;10071;23;;;10076;16;10079;17;;;10075.0;0.0
v_recovery_drift_s1;51000;INTARIAN_PEPPER_ROOT;12239;11;12236;17;;;12249;17;12251;16;;;12244.0;0.0
v_recovery_drift_s1;51000;ASH_COATED_OSMIUM;10070;10;10066;17;;;10074;7;10076;12;;;10072.0;0.0
v_recovery_drift_s1;51100;INTARIAN_PEPPER_ROOT;12241;10;12239;26;;;12247;21;12250;21;;;12244.0;0.0
v_recovery_drift_s1;51100;ASH_COATED_OSMIUM;10056;12;10052;24;;;10090;14;10092;19;;;10073.0;0.0
v_recovery_drift_s1;51200;INTARIAN_PEPPER_ROOT;12221;18;12217;15;;;12265;16;12269;25;;;12243.0;0.0
v_recovery_drift_s1;51200;ASH_COATED_OSMIUM;10072;10;10068;8;;;10074;17;10076;17;;;10073.0;0.0
v_recovery_drift_s1;51300;INTARIAN_PEPPER_ROOT;12234;14;12232;22;;;12246;16;12250;19;;;12240.0;0.0
v_recovery_drift_s1;51300;ASH_COATED_OSMIUM;10071;21;10068;17;;;10075;7;10077;22;;;10073.0;0.0
v_recovery_drift_s1;51400;INTARIAN_PEPPER_ROOT;12232;14;12228;14;;;12250;10;12254;18;;;12241.0;0.0
v_recovery_drift_s1;51400;ASH_COATED_OSMIUM;10069;14;10065;22;;;10071;22;10075;18;;;10070.0;0.0
v_recovery_drift_s1;51500;INTARIAN_PEPPER_ROOT;12238;5;12236;18;;;12240;10;12242;13;;;12239.0;0.0
v_recovery_drift_s1;51500;ASH_COATED_OSMIUM;10065;23;10063;21;;;10071;10;10075;21;;;10068.0;0.0
v_recovery_drift_s1;51600;INTARIAN_PEPPER_ROOT;12235;11;12232;11;;;12237;17;12241;18;;;12236.0;0.0
v_recovery_drift_s1;51600;ASH_COATED_OSMIUM;10055;8;10053;18;;;10079;18;10082;17;;;10067.0;0.0
v_recovery_drift_s1;51700;INTARIAN_PEPPER_ROOT;12231;19;12229;14;;;12243;14;12245;16;;;12237.0;0.0
