day;timestamp;product;bid_price_1;bid_volume_1;bid_price_2;bid_volume_2;bid_price_3;bid_volume_3;ask_price_1;ask_volume_1;ask_price_2;ask_volume_2;ask_price_3;ask_volume_3;mid_price;profit_and_loss
3;0;VELVETFRUIT_EXTRACT;5293;64;;;;;5298;22;5299.0;42.0;;;5295.5;0.0
3;0;VEV_4000;1285;9;1282.0;30.0;;;1307;9;1309.0;30.0;;;1296.0;0.0
3;0;VEV_5100;199;21;;;;;204;7;205.0;14.0;;;201.5;0.0
3;0;VEV_5200;118;7;117.0;14.0;;;121;21;;;;;119.5;0.0
3;0;VEV_5000;293;21;;;;;300;7;301.0;14.0;;;296.5;0.0
3;0;VEV_6000;0;21;;;;;1;21;;;;;0.5;0.0
3;0;VEV_5500;6;21;;;;;8;21;;;;;7.0;0.0
3;0;HYDROGEL_PACK;10000;10;9998.0;25.0;;;10016;10;10019.0;25.0;;;10008.0;0.0
3;0;VEV_4500;787;7;785.0;14.0;;;804;7;806.0;14.0;;;795.5;0.0
3;0;VEV_6500;0;11;;;;;1;11;;;;;0.5;0.0
3;0;VEV_5300;57;21;;;;;59;7;60.0;14.0;;;58.0;0.0
3;0;VEV_5400;20;21;;;;;21;21;;;;;20.5;0.0
3;100;VELVETFRUIT_EXTRACT;5294;16;5293.0;37.0;;;5299;53;;;;;5296.5;0.0
3;100;HYDROGEL_PACK;10000;11;9997.0;28.0;;;10016;11;10018.0;28.0;;;10008.0;0.0
3;100;VEV_4000;1296;4;1285.0;8.0;1283.0;20.0;1307;8;1310.0;20.0;;;1301.5;0.0
3;100;VEV_5100;202;4;200.0;7.0;199.0;20.0;205;27;;;;;203.5;0.0
3;100;VEV_5200;119;4;118.0;27.0;;;121;7;122.0;20.0;;;120.0;0.0
3;100;VEV_5000;297;4;294.0;7.0;293.0;20.0;301;7;302.0;20.0;;;299.0;0.0
3;100;VEV_6000;0;22;;;;;1;18;;;;;0.5;0.0
3;100;VEV_5500;7;4;6.0;18.0;;;8;18;;;;;7.5;0.0
3;100;VEV_4500;796;4;788.0;7.0;786.0;20.0;805;7;807.0;20.0;;;800.5;0.0
3;100;VEV_6500;0;18;;;;;1;14;;;;;0.5;0.0
3;100;VEV_5300;58;4;57.0;18.0;;;60;18;;;;;59.0;0.0
3;100;VEV_5400;20;22;;;;;21;18;;;;;20.5;0.0
3;200;VEV_4000;1286;14;1283.0;25.0;;;1307;14;1310.0;25.0;;;1296.5;0.0
3;200;VEV_5100;200;6;199.0;14.0;;;205;6;206.0;14.0;;;202.5;0.0
3;200;VEV_5200;118;20;;;;;122;20;;;;;120.0;0.0
3;200;VEV_5000;294;20;;;;;301;6;302.0;14.0;;;297.5;0.0
3;200;VEV_6000;0;21;;;;;1;21;;;;;0.5;0.0
3;200;VEV_5500;7;7;6.0;14.0;;;8;21;;;;;7.5;0.0
3;200;HYDROGEL_PACK;10000;10;9997.0;20.0;;;10016;10;10018.0;20.0;;;10008.0;0.0
3;200;VEV_4500;788;6;786.0;14.0;;;805;6;807.0;14.0;;;796.5;0.0
3;200;VEV_6500;0;14;;;;;1;14;;;;;0.5;0.0
3;200;VEV_5300;57;21;;;;;60;21;;;;;58.5;0.0
3;200;VEV_5400;20;21;;;;;21;21;;;;;20.5;0.0
3;200;VELVETFRUIT_EXTRACT;5294;20;5293.0;42.0;;;5299;20;5300.0;42.0;;;5296.5;0.0
3;300;VEV_5500;6;27;;;;;8;27;;;;;7.0;0.0
3;300;VEV_4500;788;7;786.0;18.0;;;805;7;807.0;18.0;;;796.5;0.0
3;300;VEV_6500;0;19;;;;;1;19;;;;;0.5;0.0
3;300;VEV_5300;57;27;;;;;60;27;;;;;58.5;0.0
3;300;VEV_5400;20;27;;;;;21;27;;;;;20.5;0.0
3;300;VELVETFRUIT_EXTRACT;5294;23;5293.0;42.0;;;5299;23;5300.0;42.0;;;5296.5;0.0
3;300;HYDROGEL_PACK;9996;10;9994.0;20.0;;;10012;10;10015.0;20.0;;;10004.0;0.0
3;300;VEV_4000;1285;13;1283.0;22.0;;;1307;13;1310.0;22.0;;;1296.0;0.0
3;300;VEV_5100;200;7;199.0;18.0;;;205;25;;;;;202.5;0.0
3;300;VEV_5200;118;25;;;;;122;25;;;;;120.0;0.0
3;300;VEV_5000;294;7;293.0;18.0;;;301;7;302.0;18.0;;;297.5;0.0
3;300;VEV_6000;0;27;;;;;1;27;;;;;0.5;0.0
3;400;VELVETFRUIT_EXTRACT;5293;15;5292.0;47.0;;;5298;15;5299.0;47.0;;;5295.5;0.0
3;400;VEV_4000;1285;12;1282.0;21.0;;;1306;12;1309.0;21.0;;;1295.5;0.0
3;400;VEV_5200;117;24;;;;;121;24;;;;;119.0;0.0
3;400;VEV_5100;199;11;198.0;13.0;;;204;24;;;;;201.5;0.0
3;400;VEV_5000;293;11;292.0;13.0;;;300;11;301.0;13.0;;;296.5;0.0
3;400;VEV_6000;0;28;;;;;1;28;;;;;0.5;0.0
3;400;HYDROGEL_PACK;9995;11;9993.0;30.0;;;10011;11;10014.0;30.0;;;10003.0;0.0
3;400;VEV_4500;787;11;785.0;13.0;;;804;11;806.0;13.0;;;795.5;0.0
3;400;VEV_5500;6;28;;;;;8;28;;;;;7.0;0.0
3;400;VEV_5400;19;28;;;;;21;28;;;;;20.0;0.0
3;400;VEV_6500;0;15;;;;;1;15;;;;;0.5;0.0
3;400;VEV_5300;57;28;;;;;59;9;60.0;19.0;;;58.0;0.0
3;500;VELVETFRUIT_EXTRACT;5292;52;;;;;5297;16;5298.0;36.0;;;5294.5;0.0
3;500;HYDROGEL_PACK;9998;10;9995.0;22.0;;;10014;10;10016.0;22.0;;;10006.0;0.0
3;500;VEV_4000;1284;15;1281.0;27.0;;;1306;15;1308.0;27.0;;;1295.0;0.0
3;500;VEV_5200;117;26;;;;;120;8;121.0;18.0;;;118.5;0.0
3;500;VEV_5100;198;26;;;;;203;8;204.0;18.0;;;200.5;0.0
3;500;VEV_5000;293;8;292.0;18.0;;;300;26;;;;;296.5;0.0
3;500;VEV_6000;0;26;;;;;1;26;;;;;0.5;0.0
3;500;VEV_4500;786;8;784.0;18.0;;;803;8;805.0;18.0;;;794.5;0.0
3;500;VEV_5500;6;26;;;;;8;26;;;;;7.0;0.0
3;500;VEV_5400;19;26;;;;;21;26;;;;;20.0;0.0
3;500;VEV_6500;0;15;;;;;1;15;;;;;0.5;0.0
3;500;VEV_5300;57;26;;;;;59;26;;;;;58.0;0.0
3;600;VEV_4000;1284;13;1282.0;21.0;;;1306;13;1309.0;21.0;;;1295.0;0.0
3;600;VEV_5200;117;20;;;;;121;20;;;;;119.0;0.0
3;600;VEV_5100;199;7;198.0;13.0;;;204;20;;;;;201.5;0.0
3;600;VEV_5000;293;7;292.0;13.0;;;300;7;301.0;13.0;;;296.5;0.0
3;600;VEV_6000;0;29;;;;;1;29;;;;;0.5;0.0
3;600;HYDROGEL_PACK;9999;12;9996.0;29.0;;;10015;12;10017.0;29.0;;;10007.0;0.0
3;600;VEV_4500;787;7;785.0;13.0;;;804;7;806.0;13.0;;;795.5;0.0
3;600;VEV_5500;6;29;;;;;8;29;;;;;7.0;0.0
3;600;VEV_5400;19;29;;;;;21;29;;;;;20.0;0.0
3;600;VEV_6500;0;18;;;;;1;18;;;;;0.5;0.0
3;600;VEV_5300;57;29;;;;;59;29;;;;;58.0;0.0
3;600;VELVETFRUIT_EXTRACT;5293;20;5292.0;34.0;;;5298;54;;;;;5295.5;0.0
3;700;VEV_4500;787;8;785.0;12.0;;;804;8;806.0;12.0;;;795.5;0.0
3;700;VEV_5500;6;23;;;;;8;23;;;;;7.0;0.0
3;700;VEV_5400;20;23;;;;;21;23;;;;;20.5;0.0
3;700;VEV_6500;0;13;;;;;1;13;;;;;0.5;0.0
3;700;VEV_5300;57;23;;;;;60;23;;;;;58.5;0.0
3;700;VELVETFRUIT_EXTRACT;5293;53;;;;;5299;53;;;;;5296.0;0.0
3;700;HYDROGEL_PACK;9997;13;9994.0;29.0;;;10013;13;10015.0;29.0;;;10005.0;0.0
3;700;VEV_4000;1285;14;1282.0;29.0;;;1307;14;1309.0;29.0;;;1296.0;0.0
3;700;VEV_5200;118;20;;;;;121;8;122.0;12.0;;;119.5;0.0
3;700;VEV_5100;199;20;;;;;204;8;205.0;12.0;;;201.5;0.0
3;700;VEV_5000;294;8;293.0;12.0;;;301;20;;;;;297.5;0.0
3;700;VEV_6000;0;23;;;;;1;23;;;;;0.5;0.0
3;800;VELVETFRUIT_EXTRACT;5295;23;5294.0;37.0;;;5300;60;;;;;5297.5;0.0
3;800;VEV_4000;1286;10;1284.0;20.0;;;1308;10;1311.0;20.0;;;1297.0;0.0
3;800;VEV_5200;119;28;;;;;122;6;123.0;22.0;;;120.5;0.0
3;800;VEV_5100;201;6;200.0;22.0;;;206;28;;;;;203.5;0.0
3;800;VEV_5000;295;6;294.0;22.0;;;302;6;303.0;22.0;;;298.5;0.0
3;800;VEV_6000;0;15;;;;;1;15;;;;;0.5;0.0
3;800;VEV_4500;789;6;787.0;22.0;;;806;6;808.0;22.0;;;797.5;0.0
3;800;VEV_5500;7;15;;;;;8;15;;;;;7.5;0.0
3;800;VEV_5400;20;15;;;;;21;5;22.0;10.0;;;20.5;0.0
3;800;VEV_6500;0;19;;;;;1;19;;;;;0.5;0.0
3;800;HYDROGEL_PACK;9994;14;9991.0;27.0;;;10010;14;10012.0;27.0;;;10002.0;0.0
3;800;VEV_5300;58;15;;;;;60;15;;;;;59.0;0.0
3;900;VELVETFRUIT_EXTRACT;5296;10;5294.0;46.0;;;5299;16;5300.0;30.0;;;5297.5;0.0
3;900;HYDROGEL_PACK;9992;14;9989.0;24.0;;;10008;14;10010.0;24.0;;;10000.0;0.0
3;900;VEV_5200;118;22;;;;;122;22;;;;;120.0;0.0
3;900;VEV_4000;1286;11;1283.0;19.0;;;1308;11;1310.0;19.0;;;1297.0;0.0
3;900;VEV_5100;200;22;;;;;205;9;206.0;13.0;;;202.5;0.0
3;900;VEV_5000;294;22;;;;;301;9;302.0;13.0;;;297.5;0.0
3;900;VEV_6000;0;22;;;;;1;22;;;;;0.5;0.0
3;900;VEV_4500;788;9;786.0;13.0;;;805;9;807.0;13.0;;;796.5;0.0
3;900;VEV_5500;7;5;6.0;17.0;;;8;22;;;;;7.5;0.0
3;900;VEV_5400;20;22;;;;;21;22;;;;;20.5;0.0
3;900;VEV_6500;0;15;;;;;1;15;;;;;0.5;0.0
3;900;VEV_5300;58;5;57.0;17.0;;;60;22;;;;;59.0;0.0
3;1000;VEV_5200;119;9;118.0;23.0;;;122;32;;;;;120.5;0.0
3;1000;VEV_6500;0;17;;;;;1;17;;;;;0.5;0.0
3;1000;VEV_4000;1286;13;1283.0;22.0;;;1308;13;1310.0;22.0;;;1297.0;0.0
3;1000;VEV_5100;200;32;;;;;205;9;206.0;23.0;;;202.5;0.0
3;1000;VEV_5000;295;9;294.0;23.0;;;302;32;;;;;298.5;0.0
3;1000;VEV_6000;0;22;;;;;1;22;;;;;0.5;0.0
3;1000;VEV_4500;788;9;786.0;23.0;;;805;9;807.0;23.0;;;796.5;0.0
3;1000;VEV_5500;7;22;;;;;8;22;;;;;7.5;0.0
3;1000;VEV_5400;20;22;;;;;21;22;;;;;20.5;0.0
3;1000;HYDROGEL_PACK;9995;15;9993.0;22.0;;;10011;15;10014.0;22.0;;;10003.0;0.0
3;1000;VEV_5300;58;22;;;;;60;22;;;;;59.0;0.0
3;1000;VELVETFRUIT_EXTRACT;5294;58;;;;;5300;58;;;;;5297.0;0.0
3;1100;VEV_4500;789;10;787.0;15.0;;;806;10;808.0;15.0;;;797.5;0.0
3;1100;VEV_5500;7;24;;;;;8;24;;;;;7.5;0.0
3;1100;VEV_5400;20;24;;;;;22;24;;;;;21.0;0.0
3;1100;VEV_5300;58;24;;;;;61;24;;;;;59.5;0.0
3;1100;VEV_6500;0;15;;;;;1;15;;;;;0.5;0.0
3;1100;VEV_6000;0;24;;;;;1;24;;;;;0.5;0.0
3;1100;VELVETFRUIT_EXTRACT;5295;50;;;;;5300;18;5301.0;32.0;;;5297.5;0.0
3;1100;HYDROGEL_PACK;9997;14;9994.0;26.0;;;10013;14;10016.0;26.0;;;10005.0;0.0
3;1100;VEV_5200;119;25;;;;;123;25;;;;;121.0;0.0
3;1100;VEV_4000;1287;11;1284.0;18.0;;;1309;11;1311.0;18.0;;;1298.0;0.0
3;1100;VEV_5100;201;25;;;;;206;10;207.0;15.0;;;203.5;0.0
3;1100;VEV_5000;296;10;295.0;15.0;;;303;25;;;;;299.5;0.0
3;1200;VELVETFRUIT_EXTRACT;5296;15;5295.0;41.0;;;5301;56;;;;;5298.5;0.0
3;1200;VEV_5200;120;10;119.0;23.0;;;123;33;;;;;121.5;0.0
3;1200;VEV_6500;0;21;;;;;1;21;;;;;0.5;0.0
3;1200;VEV_4000;1287;11;1285.0;28.0;;;1309;11;1312.0;28.0;;;1298.0;0.0
3;1200;VEV_5100;201;33;;;;;207;33;;;;;204.0;0.0
3;1200;VEV_5000;296;10;295.0;23.0;;;303;10;304.0;23.0;;;299.5;0.0
3;1200;VEV_6000;0;26;;;;;1;26;;;;;0.5;0.0
3;1200;VEV_4500;790;10;788.0;23.0;;;807;10;809.0;23.0;;;798.5;0.0
3;1200;VEV_5500;7;26;;;;;8;26;;;;;7.5;0.0
3;1200;VEV_5400;20;26;;;;;22;26;;;;;21.0;0.0
3;1200;HYDROGEL_PACK;9994;12;9992.0;22.0;;;10010;12;10013.0;22.0;;;10002.0;0.0
3;1200;VEV_5300;58;26;;;;;61;26;;;;;59.5;0.0
3;1300;VEV_6000;0;23;;;;;1;23;;;;;0.5;0.0
3;1300;VELVETFRUIT_EXTRACT;5296;25;5295.0;32.0;;;5301;25;5302.0;32.0;;;5298.5;0.0
3;1300;HYDROGEL_PACK;10004;9;9997.0;13.0;9994.0;30.0;10013;13;10015.0;30.0;;;10008.5;0.0
3;1300;VEV_5200;120;23;;;;;123;8;124.0;15.0;;;121.5;0.0
3;1300;VEV_4000;1288;9;1285.0;17.0;;;1309;9;1312.0;17.0;;;1298.5;0.0
3;1300;VEV_5100;202;8;201.0;15.0;;;207;23;;;;;204.5;0.0
3;1300;VEV_5000;296;8;295.0;15.0;;;303;8;304.0;15.0;;;299.5;0.0
3;1300;VEV_4500;790;8;788.0;15.0;;;807;8;809.0;15.0;;;798.5;0.0
3;1300;VEV_5500;7;23;;;;;8;23;;;;;7.5;0.0
3;1300;VEV_5400;20;23;;;;;22;23;;;;;21.0;0.0
3;1300;VEV_5300;58;23;;;;;61;23;;;;;59.5;0.0
3;1300;VEV_6500;0;17;;;;;1;17;;;;;0.5;0.0
3;1400;VEV_5200;119;31;;;;;123;31;;;;;121.0;0.0
3;1400;VEV_6500;0;19;;;;;1;19;;;;;0.5;0.0
3;1400;VEV_4000;1287;12;1284.0;29.0;;;1309;12;1311.0;29.0;;;1298.0;0.0
3;1400;VEV_5100;201;31;;;;;206;10;207.0;21.0;;;203.5;0.0
3;1400;VEV_5000;296;10;295.0;21.0;;;303;31;;;;;299.5;0.0
3;1400;VEV_6000;0;22;;;;;1;22;;;;;0.5;0.0
3;1400;VEV_4500;789;10;787.0;21.0;;;806;10;808.0;21.0;;;797.5;0.0
3;1400;VEV_5500;7;22;;;;;8;22;;;;;7.5;0.0
3;1400;VEV_5400;20;22;;;;;22;22;;;;;21.0;0.0
3;1400;HYDROGEL_PACK;9999;10;9997.0;24.0;;;10015;10;10018.0;24.0;;;10007.0;0.0
3;1400;VEV_5300;58;22;;;;;61;22;;;;;59.5;0.0
3;1400;VELVETFRUIT_EXTRACT;5295;49;;;;;5301;49;;;;;5298.0;0.0
3;1500;VEV_4500;789;12;787.0;13.0;;;806;12;808.0;13.0;;;797.5;0.0
3;1500;VEV_5300;58;23;;;;;61;23;;;;;59.5;0.0
3;1500;VEV_5400;20;23;;;;;22;23;;;;;21.0;0.0
3;1500;VEV_6500;0;15;;;;;1;15;;;;;0.5;0.0
3;1500;VEV_5500;7;23;;;;;8;23;;;;;7.5;0.0
3;1500;VEV_6000;0;23;;;;;1;23;;;;;0.5;0.0
3;1500;VEV_5000;295;25;;;;;302;12;303.0;13.0;;;298.5;0.0
3;1500;VELVETFRUIT_EXTRACT;5295;67;;;;;5300;25;5301.0;42.0;;;5297.5;0.0
3;1500;VEV_5100;201;25;;;;;206;12;207.0;13.0;;;203.5;0.0
3;1500;HYDROGEL_PACK;10002;10;9999.0;20.0;;;10018;10;10020.0;20.0;;;10010.0;0.0
3;1500;VEV_5200;119;25;;;;;123;25;;;;;121.0;0.0
3;1500;VEV_4000;1287;13;1284.0;22.0;;;1309;13;1311.0;22.0;;;1298.0;0.0
3;1600;VELVETFRUIT_EXTRACT;5295;18;5294.0;45.0;;;5300;18;5301.0;45.0;;;5297.5;0.0
3;1600;VEV_5300;58;22;;;;;60;6;61.0;16.0;;;59.0;0.0
3;1600;VEV_5400;20;22;;;;;22;22;;;;;21.0;0.0
3;1600;VEV_6500;0;13;;;;;1;13;;;;;0.5;0.0
3;1600;VEV_4000;1287;12;1284.0;21.0;;;1308;12;1311.0;21.0;;;1297.5;0.0
3;1600;VEV_5500;7;22;;;;;8;22;;;;;7.5;0.0
3;1600;VEV_6000;0;22;;;;;1;22;;;;;0.5;0.0
3;1600;VEV_4500;789;12;787.0;15.0;;;806;12;808.0;15.0;;;797.5;0.0
3;1600;VEV_5000;295;12;294.0;15.0;;;302;12;303.0;15.0;;;298.5;0.0
3;1600;VEV_5100;201;12;200.0;15.0;;;206;27;;;;;203.5;0.0
3;1600;HYDROGEL_PACK;10001;13;9999.0;28.0;;;10017;13;10020.0;28.0;;;10009.0;0.0
3;1600;VEV_5200;119;27;;;;;122;12;123.0;15.0;;;120.5;0.0
3;1700;VEV_6000;0;27;;;;;1;27;;;;;0.5;0.0
3;1700;VEV_5000;296;10;295.0;12.0;;;303;10;304.0;12.0;;;299.5;0.0
3;1700;VELVETFRUIT_EXTRACT;5296;20;5295.0;43.0;;;5301;63;;;;;5298.5;0.0
3;1700;VEV_5100;202;10;201.0;12.0;;;207;22;;;;;204.5;0.0
3;1700;HYDROGEL_PACK;10000;13;9998.0;25.0;;;10008;8;10016.0;13.0;10019.0;25.0;10004.0;0.0
3;1700;VEV_5200;120;10;119.0;12.0;;;123;22;;;;;121.5;0.0
3;1700;VEV_4000;1287;14;1285.0;17.0;;;1309;14;1312.0;17.0;;;1298.0;0.0
3;1700;VEV_4500;790;10;788.0;12.0;;;807;10;809.0;12.0;;;798.5;0.0
3;1700;VEV_5300;58;27;;;;;61;27;;;;;59.5;0.0
3;1700;VEV_5400;20;27;;;;;22;27;;;;;21.0;0.0
3;1700;VEV_6500;0;15;;;;;1;15;;;;;0.5;0.0
3;1700;VEV_5500;7;27;;;;;8;27;;;;;7.5;0.0
3;1800;VEV_5300;59;22;;;;;61;22;;;;;60.0;0.0
3;1800;VEV_5400;21;8;20.0;14.0;;;22;22;;;;;21.5;0.0
3;1800;VEV_6500;0;14;;;;;1;14;;;;;0.5;0.0
3;1800;VEV_4000;1288;10;1286.0;21.0;;;1310;10;1313.0;21.0;;;1299.0;0.0
3;1800;VEV_5500;7;22;;;;;8;22;;;;;7.5;0.0
3;1800;VEV_6000;0;22;;;;;1;22;;;;;0.5;0.0
3;1800;VEV_4500;791;8;789.0;18.0;;;808;8;810.0;18.0;;;799.5;0.0
3;1800;VEV_5000;297;8;296.0;18.0;;;304;26;;;;;300.5;0.0
3;1800;VEV_5100;202;26;;;;;207;8;208.0;18.0;;;204.5;0.0
3;1800;VEV_5200;120;26;;;;;124;26;;;;;122.0;0.0
3;1800;HYDROGEL_PACK;9998;15;9995.0;27.0;;;10014;15;10016.0;27.0;;;10006.0;0.0
3;1800;VELVETFRUIT_EXTRACT;5296;53;;;;;5302;53;;;;;5299.0;0.0
3;1900;VEV_4500;790;7;788.0;19.0;;;807;7;809.0;19.0;;;798.5;0.0
3;1900;VEV_5300;59;21;;;;;61;21;;;;;60.0;0.0
3;1900;VEV_5400;20;21;;;;;22;21;;;;;21.0;0.0
3;1900;VEV_6500;0;13;;;;;1;13;;;;;0.5;0.0
3;1900;VEV_5500;7;21;;;;;8;21;;;;;7.5;0.0
3;1900;VEV_6000;0;21;;;;;1;21;;;;;0.5;0.0
3;1900;VEV_5000;297;7;296.0;19.0;;;304;26;;;;;300.5;0.0
3;1900;VELVETFRUIT_EXTRACT;5296;68;;;;;5298;9;5302.0;68.0;;;5297.0;0.0
3;1900;VEV_5100;202;26;;;;;207;7;208.0;19.0;;;204.5;0.0
3;1900;VEV_5200;120;26;;;;;123;7;124.0;19.0;;;121.5;0.0
3;1900;HYDROGEL_PACK;10001;10;9999.0;27.0;;;10017;10;10020.0;27.0;;;10009.0;0.0
3;1900;VEV_4000;1288;10;1285.0;23.0;;;1310;10;1312.0;23.0;;;1299.0;0.0
3;2000;VELVETFRUIT_EXTRACT;5294;64;;;;;5299;24;5300.0;40.0;;;5296.5;0.0
3;2000;VEV_5300;58;8;57.0;18.0;;;60;26;;;;;59.0;0.0
3;2000;VEV_5400;20;26;;;;;21;8;22.0;18.0;;;20.5;0.0
3;2000;VEV_6500;0;18;;;;;1;18;;;;;0.5;0.0
3;2000;VEV_4000;1286;15;1283.0;19.0;;;1308;15;1310.0;19.0;;;1297.0;0.0
3;2000;VEV_5500;6;26;;;;;8;26;;;;;7.0;0.0
3;2000;VEV_4500;788;10;786.0;17.0;;;805;10;807.0;17.0;;;796.5;0.0
3;2000;VEV_6000;0;26;;;;;1;26;;;;;0.5;0.0
3;2000;VEV_5000;295;10;294.0;17.0;;;302;27;;;;;298.5;0.0
3;2000;VEV_5100;200;27;;;;;205;10;206.0;17.0;;;202.5;0.0
3;2000;VEV_5200;119;10;118.0;17.0;;;122;27;;;;;120.5;0.0
3;2000;HYDROGEL_PACK;10002;14;10000.0;29.0;;;10018;14;10021.0;29.0;;;10010.0;0.0
3;2100;VEV_6000;0;28;;;;;1;28;;;;;0.5;0.0
3;2100;VEV_5000;295;12;294.0;14.0;;;302;26;;;;;298.5;0.0
3;2100;VEV_4000;1286;7;1284.0;23.0;;;1308;7;1311.0;23.0;;;1297.0;0.0
3;2100;VEV_5100;200;26;;;;;205;12;206.0;14.0;;;202.5;0.0
3;2100;VELVETFRUIT_EXTRACT;5294;68;;;;;5300;68;;;;;5297.0;0.0
3;2100;VEV_5200;119;12;118.0;14.0;;;122;26;;;;;120.5;0.0
3;2100;HYDROGEL_PACK;10006;12;10004.0;29.0;;;10022;12;10025.0;29.0;;;10014.0;0.0
3;2100;VEV_6500;0;15;;;;;1;15;;;;;0.5;0.0
3;2100;VEV_5300;58;28;;;;;60;28;;;;;59.0;0.0
3;2100;VEV_5400;20;28;;;;;22;28;;;;;21.0;0.0
3;2100;VEV_5500;7;9;6.0;19.0;;;8;28;;;;;7.5;0.0
3;2100;VEV_4500;789;12;787.0;14.0;;;806;12;808.0;14.0;;;797.5;0.0
3;2200;VEV_6500;0;20;;;;;1;20;;;;;0.5;0.0
3;2200;VEV_5300;58;22;;;;;61;22;;;;;59.5;0.0
3;2200;VEV_5400;20;22;;;;;22;22;;;;;21.0;0.0
3;2200;VEV_5500;7;22;;;;;8;22;;;;;7.5;0.0
3;2200;VEV_4500;790;7;788.0;16.0;;;807;7;809.0;16.0;;;798.5;0.0
3;2200;VEV_5000;296;7;295.0;16.0;;;303;7;304.0;16.0;;;299.5;0.0
3;2200;VEV_6000;0;22;;;;;1;22;;;;;0.5;0.0
3;2200;VEV_4000;1288;7;1285.0;24.0;;;1309;7;1312.0;24.0;;;1298.5;0.0
3;2200;VEV_5100;202;7;201.0;16.0;;;207;23;;;;;204.5;0.0
3;2200;VEV_5200;120;7;119.0;16.0;;;123;23;;;;;121.5;0.0
3;2200;HYDROGEL_PACK;10006;12;10004.0;28.0;;;10022;12;10025.0;28.0;;;10014.0;0.0
3;2200;VELVETFRUIT_EXTRACT;5296;21;5295.0;48.0;;;5301;21;5302.0;48.0;;;5298.5;0.0
3;2300;VEV_6500;0;13;;;;;1;13;;;;;0.5;0.0
3;2300;VEV_5300;57;23;;;;;60;23;;;;;58.5;0.0
3;2300;VEV_5400;20;23;;;;;21;23;;;;;20.5;0.0
3;2300;VEV_5500;6;23;;;;;8;23;;;;;7.0;0.0
3;2300;VEV_4500;788;9;786.0;22.0;;;805;9;807.0;22.0;;;796.5;0.0
3;2300;VEV_5000;294;9;293.0;22.0;;;301;9;302.0;22.0;;;297.5;0.0
3;2300;VEV_6000;0;23;;;;;1;23;;;;;0.5;0.0
3;2300;VEV_4000;1286;13;1283.0;27.0;;;1307;13;1310.0;27.0;;;1296.5;0.0
3;2300;VEV_5100;200;9;199.0;22.0;;;205;31;;;;;202.5;0.0
3;2300;VELVETFRUIT_EXTRACT;5294;24;5293.0;46.0;;;5299;24;5300.0;46.0;;;5296.5;0.0
3;2300;VEV_5200;118;31;;;;;122;31;;;;;120.0;0.0
3;2300;HYDROGEL_PACK;10005;14;10003.0;20.0;;;10021;14;10024.0;20.0;;;10013.0;0.0
3;2400;VELVETFRUIT_EXTRACT;5294;54;;;;;5300;54;;;;;5297.0;0.0
3;2400;VEV_6500;0;14;;;;;1;14;;;;;0.5;0.0
3;2400;VEV_5300;58;25;;;;;60;25;;;;;59.0;0.0
3;2400;VEV_5400;20;25;;;;;22;25;;;;;21.0;0.0
3;2400;VEV_5500;6;25;;;;;8;25;;;;;7.0;0.0
3;2400;VEV_4500;789;8;787.0;18.0;;;806;8;808.0;18.0;;;797.5;0.0
3;2400;VEV_5000;295;8;294.0;18.0;;;302;26;;;;;298.5;0.0
3;2400;VEV_6000;0;25;;;;;1;25;;;;;0.5;0.0
3;2400;VEV_4000;1286;14;1284.0;23.0;;;1308;14;1311.0;23.0;;;1297.0;0.0
3;2400;VEV_5100;200;26;;;;;206;26;;;;;203.0;0.0
3;2400;VEV_5200;119;8;118.0;18.0;;;122;26;;;;;120.5;0.0
3;2400;HYDROGEL_PACK;10014;4;10007.0;10.0;10004.0;24.0;10023;10;10025.0;24.0;;;10018.5;0.0
3;2500;VEV_5000;293;12;292.0;19.0;;;300;12;301.0;19.0;;;296.5;0.0
3;2500;VEV_6000;0;19;;;;;1;19;;;;;0.5;0.0
3;2500;VEV_4000;1284;12;1282.0;23.0;;;1306;12;1309.0;23.0;;;1295.0;0.0
3;2500;VEV_5100;199;12;198.0;19.0;;;204;31;;;;;201.5;0.0
3;2500;VELVETFRUIT_EXTRACT;5292;68;;;;;5298;68;;;;;5295.0;0.0
3;2500;VEV_5200;117;31;;;;;121;31;;;;;119.0;0.0
3;2500;HYDROGEL_PACK;10006;14;10004.0;28.0;;;10022;14;10025.0;28.0;;;10014.0;0.0
3;2500;VEV_6500;0;14;;;;;1;14;;;;;0.5;0.0
3;2500;VEV_5300;57;19;;;;;59;19;;;;;58.0;0.0
3;2500;VEV_5400;19;19;;;;;21;19;;;;;20.0;0.0
3;2500;VEV_5500;6;19;;;;;7;19;;;;;6.5;0.0
3;2500;VEV_4500;787;12;785.0;19.0;;;804;12;806.0;19.0;;;795.5;0.0
3;2600;VEV_5400;19;16;;;;;21;16;;;;;20.0;0.0
3;2600;VEV_6500;0;20;;;;;1;20;;;;;0.5;0.0
3;2600;VEV_5300;57;16;;;;;59;16;;;;;58.0;0.0
3;2600;VEV_4500;787;6;785.0;19.0;;;804;6;805.0;19.0;;;795.5;0.0
3;2600;VEV_5500;6;16;;;;;7;16;;;;;6.5;0.0
3;2600;VEV_5000;293;6;292.0;19.0;;;300;25;;;;;296.5;0.0
3;2600;VEV_6000;0;16;;;;;1;16;;;;;0.5;0.0
3;2600;VEV_4000;1284;7;1282.0;30.0;;;1306;7;1309.0;30.0;;;1295.0;0.0
3;2600;VEV_5200;117;25;;;;;121;25;;;;;119.0;0.0
3;2600;VEV_5100;199;6;198.0;19.0;;;204;25;;;;;201.5;0.0
3;2600;HYDROGEL_PACK;10007;13;10004.0;22.0;;;10023;13;10025.0;22.0;;;10015.0;0.0
3;2600;VELVETFRUIT_EXTRACT;5292;52;;;;;5295;5;5298.0;52.0;;;5293.5;0.0
3;2700;VEV_5400;19;27;;;;;21;27;;;;;20.0;0.0
3;2700;VEV_6500;0;19;;;;;1;19;;;;;0.5;0.0
3;2700;VEV_5300;56;27;;;;;59;27;;;;;57.5;0.0
3;2700;VEV_4500;786;9;784.0;22.0;;;803;9;805.0;22.0;;;794.5;0.0
3;2700;VEV_5500;6;27;;;;;7;27;;;;;6.5;0.0
3;2700;VEV_5000;292;9;291.0;22.0;;;299;9;300.0;22.0;;;295.5;0.0
3;2700;VEV_6000;0;27;;;;;1;27;;;;;0.5;0.0
3;2700;VEV_4000;1284;13;1281.0;27.0;;;1305;13;1308.0;27.0;;;1294.5;0.0
3;2700;VEV_5200;117;9;116.0;22.0;;;120;31;;;;;118.5;0.0
3;2700;VELVETFRUIT_EXTRACT;5292;25;5291.0;43.0;;;5297;25;5298.0;43.0;;;5294.5;0.0
3;2700;VEV_5100;198;31;;;;;203;9;204.0;22.0;;;200.5;0.0
3;2700;HYDROGEL_PACK;10003;14;10001.0;26.0;;;10019;14;10022.0;26.0;;;10011.0;0.0
3;2800;VELVETFRUIT_EXTRACT;5291;20;5290.0;46.0;;;5296;20;5297.0;46.0;;;5293.5;0.0
3;2800;VEV_5400;19;25;;;;;21;25;;;;;20.0;0.0
3;2800;VEV_6500;0;18;;;;;1;18;;;;;0.5;0.0
3;2800;VEV_5300;56;25;;;;;58;5;59.0;20.0;;;57.0;0.0
3;2800;VEV_4500;785;6;783.0;17.0;;;802;6;804.0;17.0;;;793.5;0.0
3;2800;VEV_5500;6;25;;;;;7;25;;;;;6.5;0.0
3;2800;VEV_5000;291;23;;;;;298;6;299.0;17.0;;;294.5;0.0
3;2800;VEV_6000;0;25;;;;;1;25;;;;;0.5;0.0
3;2800;VEV_4000;1283;12;1280.0;24.0;;;1304;12;1307.0;24.0;;;1293.5;0.0
3;2800;VEV_5200;116;23;;;;;120;23;;;;;118.0;0.0
3;2800;VEV_5100;197;23;;;;;202;6;203.0;17.0;;;199.5;0.0
3;2800;HYDROGEL_PACK;10000;11;9997.0;30.0;;;10016;11;10018.0;30.0;;;10008.0;0.0
3;2900;VEV_5000;291;10;290.0;17.0;;;298;10;299.0;17.0;;;294.5;0.0
3;2900;VEV_6000;0;22;;;;;1;22;;;;;0.5;0.0
3;2900;VEV_4000;1283;8;1280.0;23.0;;;1304;8;1307.0;23.0;;;1293.5;0.0
3;2900;VEV_5200;116;27;;;;;119;10;120.0;17.0;;;117.5;0.0
3;2900;VELVETFRUIT_EXTRACT;5291;17;5290.0;41.0;;;5296;17;5297.0;41.0;;;5293.5;0.0
3;2900;VEV_5100;197;27;;;;;202;10;203.0;17.0;;;199.5;0.0
3;2900;HYDROGEL_PACK;10004;15;10002.0;29.0;;;10012;9;10020.0;15.0;10023.0;29.0;10008.0;0.0
3;2900;VEV_5400;19;22;;;;;21;22;;;;;20.0;0.0
3;2900;VEV_6500;0;15;;;;;1;15;;;;;0.5;0.0
3;2900;VEV_5300;56;22;;;;;58;22;;;;;57.0;0.0
3;2900;VEV_4500;785;10;783.0;17.0;;;802;10;804.0;17.0;;;793.5;0.0
3;2900;VEV_5500;6;22;;;;;7;22;;;;;6.5;0.0
3;3000;VEV_5400;19;18;;;;;20;18;;;;;19.5;0.0
3;3000;VEV_6500;0;14;;;;;1;14;;;;;0.5;0.0
3;3000;VEV_5300;56;7;55.0;11.0;;;58;18;;;;;57.0;0.0
3;3000;VEV_4500;784;6;782.0;18.0;;;801;6;803.0;18.0;;;792.5;0.0
3;3000;VEV_5500;6;18;;;;;7;18;;;;;6.5;0.0
3;3000;VEV_5000;291;6;290.0;18.0;;;297;6;298.0;18.0;;;294.0;0.0
3;3000;VEV_6000;0;18;;;;;1;18;;;;;0.5;0.0
3;3000;VEV_4000;1282;14;1279.0;22.0;;;1304;14;1306.0;22.0;;;1293.0;0.0
3;3000;VEV_5200;116;6;115.0;18.0;;;119;24;;;;;117.5;0.0
3;3000;VEV_5100;197;6;196.0;18.0;;;202;24;;;;;199.5;0.0
3;3000;HYDROGEL_PACK;10004;14;10001.0;29.0;;;10020;14;10022.0;29.0;;;10012.0;0.0
3;3000;VELVETFRUIT_EXTRACT;5290;57;;;;;5295;21;5296.0;36.0;;;5292.5;0.0
3;3100;VEV_5400;19;24;;;;;21;24;;;;;20.0;0.0
3;3100;VEV_6500;0;15;;;;;1;15;;;;;0.5;0.0
3;3100;HYDROGEL_PACK;10004;10;10001.0;26.0;;;10020;10;10022.0;26.0;;;10012.0;0.0
3;3100;VEV_5300;56;24;;;;;58;5;59.0;19.0;;;57.0;0.0
3;3100;VEV_4500;785;6;783.0;20.0;;;802;6;804.0;20.0;;;793.5;0.0
3;3100;VEV_5500;6;24;;;;;7;24;;;;;6.5;0.0
3;3100;VEV_5000;291;26;;;;;298;6;299.0;20.0;;;294.5;0.0
3;3100;VEV_6000;0;24;;;;;1;24;;;;;0.5;0.0
3;3100;VEV_4000;1283;10;1280.0;17.0;;;1304;10;1307.0;17.0;;;1293.5;0.0
3;3100;VEV_5200;116;26;;;;;119;6;120.0;20.0;;;117.5;0.0
3;3100;VELVETFRUIT_EXTRACT;5291;20;5290.0;43.0;;;5296;20;5297.0;43.0;;;5293.5;0.0
3;3100;VEV_5100;197;26;;;;;202;6;203.0;20.0;;;199.5;0.0
3;3200;HYDROGEL_PACK;10005;11;10002.0;23.0;;;10021;11;10023.0;23.0;;;10013.0;0.0
3;3200;VELVETFRUIT_EXTRACT;5291;56;;;;;5296;19;5297.0;37.0;;;5293.5;0.0
3;3200;VEV_5400;19;25;;;;;21;25;;;;;20.0;0.0
3;3200;VEV_5300;56;25;;;;;58;7;59.0;18.0;;;57.0;0.0
3;3200;VEV_4500;785;6;783.0;15.0;;;802;6;804.0;15.0;;;793.5;0.0
3;3200;VEV_6500;0;18;;;;;1;18;;;;;0.5;0.0
3;3200;VEV_5500;6;25;;;;;7;25;;;;;6.5;0.0
3;3200;VEV_5000;292;6;291.0;15.0;;;298;6;299.0;15.0;;;295.0;0.0
3;3200;VEV_6000;0;25;;;;;1;25;;;;;0.5;0.0
3;3200;VEV_5200;116;21;;;;;120;21;;;;;118.0;0.0
3;3200;VEV_4000;1283;11;1280.0;19.0;;;1305;11;1307.0;19.0;;;1294.0;0.0
3;3200;VEV_5100;197;21;;;;;202;6;203.0;15.0;;;199.5;0.0
3;3300;VEV_5000;292;9;291.0;17.0;;;299;9;300.0;17.0;;;295.5;0.0
3;3300;VEV_5200;117;9;116.0;17.0;;;120;26;;;;;118.5;0.0
3;3300;VEV_6000;0;17;;;;;1;17;;;;;0.5;0.0
3;3300;VEV_4000;1283;13;1281.0;17.0;;;1305;13;1308.0;17.0;;;1294.0;0.0
3;3300;VEV_5100;198;9;197.0;17.0;;;203;26;;;;;200.5;0.0
3;3300;VELVETFRUIT_EXTRACT;5292;18;5291.0;31.0;;;5297;49;;;;;5294.5;0.0
3;3300;VEV_5400;19;17;;;;;21;17;;;;;20.0;0.0
3;3300;HYDROGEL_PACK;10006;10;10004.0;27.0;;;10022;10;10025.0;27.0;;;10014.0;0.0
3;3300;VEV_5300;56;17;;;;;59;17;;;;;57.5;0.0
3;3300;VEV_4500;786;9;784.0;17.0;;;803;9;805.0;17.0;;;794.5;0.0
3;3300;VEV_6500;0;21;;;;;1;21;;;;;0.5;0.0
3;3300;VEV_5500;6;17;;;;;7;17;;;;;6.5;0.0
3;3400;VEV_5400;19;25;;;;;20;25;;;;;19.5;0.0
3;3400;VEV_5300;55;25;;;;;58;25;;;;;56.5;0.0
3;3400;VEV_4500;784;11;782.0;12.0;;;801;11;803.0;12.0;;;792.5;0.0
3;3400;VEV_6500;0;15;;;;;1;15;;;;;0.5;0.0
3;3400;VEV_5500;6;25;;;;;7;25;;;;;6.5;0.0
3;3400;VEV_5000;290;11;289.0;12.0;;;297;11;298.0;12.0;;;293.5;0.0
3;3400;VEV_5200;115;23;;;;;119;23;;;;;117.0;0.0
3;3400;VEV_6000;0;25;;;;;1;25;;;;;0.5;0.0
3;3400;VEV_4000;1281;7;1279.0;25.0;;;1303;7;1306.0;25.0;;;1292.0;0.0
3;3400;VEV_5100;196;23;;;;;201;11;202.0;12.0;;;198.5;0.0
3;3400;HYDROGEL_PACK;10006;11;10003.0;25.0;;;10022;11;10024.0;25.0;;;10014.0;0.0
3;3400;VELVETFRUIT_EXTRACT;5290;21;5289.0;42.0;;;5295;63;;;;;5292.5;0.0
3;3500;VEV_5400;19;16;;;;;20;16;;;;;19.5;0.0
3;3500;HYDROGEL_PACK;10008;14;10005.0;29.0;;;10024;14;10026.0;29.0;;;10016.0;0.0
3;3500;VEV_5300;55;16;;;;;57;16;;;;;56.0;0.0
3;3500;VEV_4500;783;9;781.0;13.0;;;800;9;802.0;13.0;;;791.5;0.0
3;3500;VEV_6500;0;17;;;;;1;17;;;;;0.5;0.0
3;3500;VEV_5500;6;16;;;;;7;16;;;;;6.5;0.0
3;3500;VEV_5000;289;22;;;;;296;9;297.0;13.0;;;292.5;0.0
3;3500;VEV_5200;115;9;114.0;13.0;;;118;22;;;;;116.5;0.0
3;3500;VEV_6000;0;16;;;;;1;16;;;;;0.5;0.0
3;3500;VEV_4000;1281;11;1278.0;22.0;;;1302;11;1305.0;22.0;;;1291.5;0.0
3;3500;VEV_5100;195;22;;;;;200;9;201.0;13.0;;;197.5;0.0
3;3500;VELVETFRUIT_EXTRACT;5289;19;5288.0;36.0;;;5294;19;5295.0;36.0;;;5291.5;0.0
3;3600;HYDROGEL_PACK;10005;11;10002.0;25.0;;;10021;11;10023.0;25.0;;;10013.0;0.0
3;3600;VELVETFRUIT_EXTRACT;5289;64;;;;;5295;64;;;;;5292.0;0.0
3;3600;VEV_5400;19;18;;;;;20;18;;;;;19.5;0.0
3;3600;VEV_5300;55;18;;;;;58;18;;;;;56.5;0.0
3;3600;VEV_4500;784;12;782.0;24.0;;;800;12;802.0;24.0;;;792.0;0.0
3;3600;VEV_6500;0;12;;;;;1;12;;;;;0.5;0.0
3;3600;VEV_5500;6;18;;;;;7;18;;;;;6.5;0.0
3;3600;VEV_5000;290;12;289.0;24.0;;;297;36;;;;;293.5;0.0
3;3600;VEV_5200;115;36;;;;;118;12;119.0;24.0;;;116.5;0.0
3;3600;VEV_6000;0;18;;;;;1;18;;;;;0.5;0.0
3;3600;VEV_4000;1281;14;1279.0;15.0;;;1303;14;1305.0;15.0;;;1292.0;0.0
3;3600;VEV_5100;196;12;195.0;24.0;;;201;36;;;;;198.5;0.0
3;3700;VEV_5000;290;6;289.0;12.0;;;297;6;298.0;12.0;;;293.5;0.0
3;3700;VEV_5200;115;18;;;;;119;18;;;;;117.0;0.0
3;3700;VEV_6000;0;18;;;;;1;18;;;;;0.5;0.0
3;3700;VEV_4000;1281;9;1279.0;29.0;;;1303;9;1306.0;29.0;;;1292.0;0.0
3;3700;VEV_5100;196;18;;;;;201;6;202.0;12.0;;;198.5;0.0
3;3700;VELVETFRUIT_EXTRACT;5290;24;5289.0;36.0;;;5295;60;;;;;5292.5;0.0
3;3700;HYDROGEL_PACK;10002;10;9999.0;20.0;;;10018;10;10020.0;20.0;;;10010.0;0.0
3;3700;VEV_5500;6;18;;;;;7;18;;;;;6.5;0.0
3;3700;VEV_5300;55;18;;;;;58;18;;;;;56.5;0.0
3;3700;VEV_4500;784;6;782.0;12.0;;;801;6;803.0;12.0;;;792.5;0.0
3;3700;VEV_5400;19;18;;;;;20;18;;;;;19.5;0.0
3;3700;VEV_6500;0;18;;;;;1;18;;;;;0.5;0.0
3;3800;VEV_5500;6;20;;;;;7;20;;;;;6.5;0.0
3;3800;VEV_5300;56;20;;;;;59;20;;;;;57.5;0.0
3;3800;VEV_4500;786;7;784.0;18.0;;;803;7;805.0;18.0;;;794.5;0.0
3;3800;VEV_5400;19;20;;;;;21;20;;;;;20.0;0.0
3;3800;VEV_6500;0;20;;;;;1;20;;;;;0.5;0.0
3;3800;VEV_5100;198;7;197.0;18.0;;;203;25;;;;;200.5;0.0
3;3800;VEV_5200;117;7;116.0;18.0;;;120;25;;;;;118.5;0.0
3;3800;VEV_6000;0;20;;;;;1;20;;;;;0.5;0.0
3;3800;VEV_4000;1283;14;1281.0;28.0;;;1305;14;1308.0;28.0;;;1294.0;0.0
3;3800;VEV_5000;292;7;291.0;18.0;;;299;7;300.0;18.0;;;295.5;0.0
3;3800;HYDROGEL_PACK;10003;14;10000.0;24.0;;;10019;14;10021.0;24.0;;;10011.0;0.0
3;3800;VELVETFRUIT_EXTRACT;5291;49;;;;;5297;49;;;;;5294.0;0.0
3;3900;HYDROGEL_PACK;10005;12;10002.0;25.0;;;10021;12;10023.0;25.0;;;10013.0;0.0
3;3900;VEV_5500;6;21;;;;;7;21;;;;;6.5;0.0
3;3900;VEV_5300;57;10;56.0;11.0;;;59;21;;;;;58.0;0.0
3;3900;VEV_4500;786;6;784.0;13.0;;;803;6;805.0;13.0;;;794.5;0.0
3;3900;VEV_5400;19;21;;;;;21;21;;;;;20.0;0.0
3;3900;VEV_6500;0;11;;;;;1;11;;;;;0.5;0.0
3;3900;VEV_5100;198;19;;;;;203;6;204.0;13.0;;;200.5;0.0
3;3900;VEV_5200;117;19;;;;;120;6;121.0;13.0;;;118.5;0.0
3;3900;VEV_6000;0;21;;;;;1;21;;;;;0.5;0.0
3;3900;VEV_4000;1284;10;1281.0;22.0;;;1306;10;1308.0;22.0;;;1295.0;0.0
3;3900;VEV_5000;292;19;;;;;299;6;300.0;13.0;;;295.5;0.0
3;3900;VELVETFRUIT_EXTRACT;5292;55;;;;;5297;15;5298.0;40.0;;;5294.5;0.0
3;4000;HYDROGEL_PACK;10004;10;10002.0;22.0;;;10020;10;10023.0;22.0;;;10012.0;0.0
3;4000;VELVETFRUIT_EXTRACT;5292;23;5291.0;50.0;;;5297;23;5298.0;50.0;;;5294.5;0.0
3;4000;VEV_5500;6;15;;;;;7;15;;;;;6.5;0.0
3;4000;VEV_5300;56;15;;;;;59;15;;;;;57.5;0.0
3;4000;VEV_4500;786;7;784.0;21.0;;;803;7;805.0;21.0;;;794.5;0.0
3;4000;VEV_5400;19;15;;;;;21;15;;;;;20.0;0.0
3;4000;VEV_6500;0;16;;;;;1;16;;;;;0.5;0.0
3;4000;VEV_5100;198;28;;;;;203;7;204.0;21.0;;;200.5;0.0
3;4000;VEV_5200;117;28;;;;;120;7;121.0;21.0;;;118.5;0.0
3;4000;VEV_6000;0;15;;;;;1;15;;;;;0.5;0.0
3;4000;VEV_4000;1284;11;1281.0;20.0;;;1305;11;1308.0;20.0;;;1294.5;0.0
3;4000;VEV_5000;292;28;;;;;299;7;300.0;21.0;;;295.5;0.0
3;4100;VEV_5100;201;5;199.0;7.0;198.0;24.0;204;31;;;;;202.5;0.0
3;4100;VEV_5200;118;5;117.0;31.0;;;121;31;;;;;119.5;0.0
3;4100;VEV_6000;0;25;;;;;1;20;;;;;0.5;0.0
3;4100;VEV_4000;1294;5;1284.0;10.0;1282.0;15.0;1306;10;1308.0;15.0;;;1300.0;0.0
3;4100;VEV_5000;296;5;293.0;7.0;292.0;24.0;300;31;;;;;298.0;0.0
3;4100;VELVETFRUIT_EXTRACT;5292;55;;;;;5298;55;;;;;5295.0;0.0
3;4100;VEV_5500;6;25;;;;;7;20;;;;;6.5;0.0
3;4100;HYDROGEL_PACK;10005;12;10002.0;24.0;;;10021;12;10023.0;24.0;;;10013.0;0.0
3;4100;VEV_5300;57;15;56.0;10.0;;;59;20;;;;;58.0;0.0
3;4100;VEV_4500;794;5;787.0;7.0;785.0;24.0;803;7;805.0;24.0;;;798.5;0.0
3;4100;VEV_5400;20;5;19.0;20.0;;;21;20;;;;;20.5;0.0
3;4100;VEV_6500;0;22;;;;;1;17;;;;;0.5;0.0
3;4200;VEV_5500;6;17;;;;;7;17;;;;;6.5;0.0
3;4200;VEV_4500;786;7;784.0;14.0;;;803;7;805.0;14.0;;;794.5;0.0
3;4200;VEV_5300;57;6;56.0;11.0;;;59;17;;;;;58.0;0.0
3;4200;VEV_5400;19;17;;;;;21;17;;;;;20.0;0.0
3;4200;VEV_6500;0;15;;;;;1;15;;;;;0.5;0.0
3;4200;VEV_5100;199;7;198.0;14.0;;;204;21;;;;;201.5;0.0
3;4200;VEV_5200;117;21;;;;;121;21;;;;;119.0;0.0
3;4200;VEV_6000;0;17;;;;;1;17;;;;;0.5;0.0
3;4200;VEV_4000;1284;14;1281.0;21.0;;;1306;14;1308.0;21.0;;;1295.0;0.0
3;4200;VEV_5000;293;7;292.0;14.0;;;300;21;;;;;296.5;0.0
3;4200;HYDROGEL_PACK;10004;12;10002.0;27.0;;;10020;12;10023.0;27.0;;;10012.0;0.0
3;4200;VELVETFRUIT_EXTRACT;5292;51;;;;;5298;51;;;;;5295.0;0.0
3;4300;VEV_5500;6;19;;;;;8;19;;;;;7.0;0.0
3;4300;HYDROGEL_PACK;10009;15;10006.0;21.0;;;10025;15;10027.0;21.0;;;10017.0;0.0
3;4300;VEV_4500;788;9;786.0;17.0;;;805;9;807.0;17.0;;;796.5;0.0
3;4300;VEV_6500;0;16;;;;;1;16;;;;;0.5;0.0
3;4300;VEV_5300;57;19;;;;;60;19;;;;;58.5;0.0
3;4300;VEV_5400;20;19;;;;;21;19;;;;;20.5;0.0
3;4300;VEV_4000;1285;11;1283.0;22.0;;;1307;11;1310.0;22.0;;;1296.0;0.0
3;4300;VEV_5100;200;9;199.0;17.0;;;205;26;;;;;202.5;0.0
3;4300;VEV_5200;118;26;;;;;122;26;;;;;120.0;0.0
3;4300;VEV_6000;0;19;;;;;1;19;;;;;0.5;0.0
3;4300;VEV_5000;294;9;293.0;17.0;;;301;9;302.0;17.0;;;297.5;0.0
3;4300;VELVETFRUIT_EXTRACT;5294;22;5293.0;48.0;;;5299;70;;;;;5296.5;0.0
3;4400;VELVETFRUIT_EXTRACT;5292;19;5291.0;42.0;;;5297;61;;;;;5294.5;0.0
3;4400;HYDROGEL_PACK;10012;12;10010.0;24.0;;;10028;12;10031.0;24.0;;;10020.0;0.0
3;4400;VEV_5500;6;23;;;;;7;23;;;;;6.5;0.0
3;4400;VEV_4500;786;11;784.0;16.0;;;803;11;805.0;16.0;;;794.5;0.0
3;4400;VEV_6500;0;18;;;;;1;18;;;;;0.5;0.0
3;4400;VEV_5300;56;23;;;;;59;23;;;;;57.5;0.0
3;4400;VEV_5400;19;23;;;;;21;23;;;;;20.0;0.0
3;4400;VEV_4000;1283;13;1281.0;30.0;;;1305;13;1308.0;30.0;;;1294.0;0.0
3;4400;VEV_5100;198;11;197.0;16.0;;;203;27;;;;;200.5;0.0
3;4400;VEV_5200;117;11;116.0;16.0;;;120;27;;;;;118.5;0.0
3;4400;VEV_5000;292;11;291.0;16.0;;;299;11;300.0;16.0;;;295.5;0.0
3;4400;VEV_6000;0;23;;;;;1;23;;;;;0.5;0.0
3;4500;VEV_4000;1285;10;1282.0;29.0;;;1307;10;1309.0;29.0;;;1296.0;0.0
3;4500;VEV_5100;199;22;;;;;204;10;205.0;12.0;;;201.5;0.0
3;4500;VEV_5200;118;10;117.0;12.0;;;121;22;;;;;119.5;0.0
3;4500;VEV_5000;293;22;;;;;300;10;301.0;12.0;;;296.5;0.0
3;4500;VEV_6000;0;20;;;;;1;20;;;;;0.5;0.0
3;4500;VELVETFRUIT_EXTRACT;5293;53;;;;;5298;17;5299.0;36.0;;;5295.5;0.0
3;4500;VEV_5500;6;20;;;;;7;10;8.0;10.0;;;6.5;0.0
3;4500;HYDROGEL_PACK;10010;11;10008.0;25.0;;;10026;11;10029.0;25.0;;;10018.0;0.0
3;4500;VEV_4500;787;10;785.0;12.0;;;804;10;806.0;12.0;;;795.5;0.0
3;4500;VEV_6500;0;20;;;;;1;20;;;;;0.5;0.0
3;4500;VEV_5300;57;20;;;;;59;10;60.0;10.0;;;58.0;0.0
3;4500;VEV_5400;20;20;;;;;21;20;;;;;20.5;0.0
3;4600;VEV_5500;6;18;;;;;7;18;;;;;6.5;0.0
3;4600;VEV_4500;787;12;785.0;18.0;;;804;12;806.0;18.0;;;795.5;0.0
3;4600;VEV_6500;0;21;;;;;1;21;;;;;0.5;0.0
3;4600;VEV_5300;57;18;;;;;59;18;;;;;58.0;0.0
3;4600;VEV_5400;20;6;19.0;12.0;;;21;18;;;;;20.5;0.0
3;4600;VEV_4000;1285;11;1282.0;16.0;;;1306;11;1309.0;16.0;;;1295.5;0.0
3;4600;VEV_5100;199;12;198.0;18.0;;;204;12;205.0;18.0;;;201.5;0.0
3;4600;VEV_5200;117;30;;;;;121;30;;;;;119.0;0.0
3;4600;VEV_5000;293;12;292.0;18.0;;;300;12;301.0;18.0;;;296.5;0.0
3;4600;VEV_6000;0;18;;;;;1;18;;;;;0.5;0.0
3;4600;VELVETFRUIT_EXTRACT;5293;19;5292.0;35.0;;;5298;19;5299.0;35.0;;;5295.5;0.0
3;4600;HYDROGEL_PACK;10015;9;10008.0;11.0;10005.0;21.0;10024;11;10026.0;21.0;;;10019.5;0.0
3;4700;VEV_5500;7;4;6.0;28.0;;;8;28;;;;;7.5;0.0
3;4700;HYDROGEL_PACK;10006;11;10004.0;27.0;;;10022;11;10025.0;27.0;;;10014.0;0.0
3;4700;VEV_4500;796;4;788.0;11.0;786.0;24.0;805;11;807.0;24.0;;;800.5;0.0
3;4700;VEV_6500;0;25;;;;;1;21;;;;;0.5;0.0
3;4700;VEV_5300;58;13;57.0;19.0;;;60;28;;;;;59.0;0.0
3;4700;VEV_5400;20;32;;;;;21;28;;;;;20.5;0.0
3;4700;VEV_4000;1296;4;1286.0;12.0;1283.0;23.0;1308;12;1310.0;23.0;;;1302.0;0.0
3;4700;VEV_5100;202;4;200.0;35.0;;;205;11;206.0;24.0;;;203.5;0.0
3;4700;VEV_5200;120;4;119.0;11.0;118.0;24.0;122;35;;;;;121.0;0.0
3;4700;VEV_5000;297;4;294.0;35.0;;;301;11;302.0;24.0;;;299.0;0.0
3;4700;VEV_6000;0;32;;;;;1;28;;;;;0.5;0.0
3;4700;VELVETFRUIT_EXTRACT;5294;50;;;;;5299;16;5300.0;34.0;;;5296.5;0.0
3;4800;VELVETFRUIT_EXTRACT;5293;54;;;;;5298;15;5299.0;39.0;;;5295.5;0.0
3;4800;HYDROGEL_PACK;10009;10;10007.0;26.0;;;10025;10;10028.0;26.0;;;10017.0;0.0
3;4800;VEV_4500;787;8;785.0;21.0;;;804;8;806.0;21.0;;;795.5;0.0
3;4800;VEV_5500;6;25;;;;;7;8;8.0;17.0;;;6.5;0.0
3;4800;VEV_5400;20;25;;;;;21;25;;;;;20.5;0.0
3;4800;VEV_6500;0;19;;;;;1;19;;;;;0.5;0.0
3;4800;VEV_5300;57;25;;;;;59;8;60.0;17.0;;;58.0;0.0
3;4800;VEV_4000;1285;12;1282.0;28.0;;;1307;12;1309.0;28.0;;;1296.0;0.0
3;4800;VEV_5200;118;8;117.0;21.0;;;121;29;;;;;119.5;0.0
3;4800;VEV_5100;199;29;;;;;204;8;205.0;21.0;;;201.5;0.0
3;4800;VEV_5000;294;8;293.0;21.0;;;300;8;301.0;21.0;;;297.0;0.0
3;4800;VEV_6000;0;25;;;;;1;25;;;;;0.5;0.0
3;4900;VEV_4000;1285;9;1282.0;21.0;;;1307;9;1309.0;21.0;;;1296.0;0.0
3;4900;VEV_5200;118;34;;;;;121;34;;;;;119.5;0.0
3;4900;VEV_5100;199;34;;;;;204;11;205.0;23.0;;;201.5;0.0
3;4900;VEV_5000;294;11;293.0;23.0;;;301;34;;;;;297.5;0.0
3;4900;VEV_6000;0;21;;;;;1;21;;;;;0.5;0.0
3;4900;VELVETFRUIT_EXTRACT;5293;53;;;;;5299;53;;;;;5296.0;0.0
3;4900;HYDROGEL_PACK;10012;13;10009.0;25.0;;;10028;13;10030.0;25.0;;;10020.0;0.0
3;4900;VEV_4500;787;11;785.0;23.0;;;804;11;806.0;23.0;;;795.5;0.0
3;4900;VEV_5500;6;21;;;;;8;21;;;;;7.0;0.0
3;4900;VEV_5400;20;21;;;;;21;21;;;;;20.5;0.0
3;4900;VEV_6500;0;18;;;;;1;18;;;;;0.5;0.0
3;4900;VEV_5300;57;21;;;;;59;8;60.0;13.0;;;58.0;0.0
3;5000;VEV_4500;787;6;785.0;15.0;;;804;6;806.0;15.0;;;795.5;0.0
3;5000;VEV_5500;6;24;;;;;7;24;;;;;6.5;0.0
3;5000;VEV_5400;20;10;19.0;14.0;;;21;24;;;;;20.5;0.0
3;5000;VEV_6500;0;17;;;;;1;17;;;;;0.5;0.0
3;5000;VEV_5300;57;24;;;;;59;24;;;;;58.0;0.0
3;5000;VEV_4000;1285;10;1282.0;18.0;;;1306;10;1309.0;18.0;;;1295.5;0.0
3;5000;VEV_5200;117;21;;;;;121;21;;;;;119.0;0.0
3;5000;VEV_5100;199;6;198.0;15.0;;;204;21;;;;;201.5;0.0
3;5000;VEV_5000;293;6;292.0;15.0;;;300;6;301.0;15.0;;;296.5;0.0
3;5000;VEV_6000;0;24;;;;;1;24;;;;;0.5;0.0
3;5000;VELVETFRUIT_EXTRACT;5293;22;5292.0;30.0;;;5298;22;5299.0;30.0;;;5295.5;0.0
3;5000;HYDROGEL_PACK;10011;10;10009.0;26.0;;;10027;10;10030.0;26.0;;;10019.0;0.0
3;5100;HYDROGEL_PACK;10012;13;10009.0;24.0;;;10028;13;10030.0;24.0;;;10020.0;0.0
3;5100;VEV_4500;787;10;785.0;20.0;;;804;10;806.0;20.0;;;795.5;0.0
3;5100;VEV_5500;6;20;;;;;7;20;;;;;6.5;0.0
3;5100;VEV_5400;20;20;;;;;21;20;;;;;20.5;0.0
3;5100;VEV_6500;0;13;;;;;1;13;;;;;0.5;0.0
3;5100;VEV_5300;57;20;;;;;59;20;;;;;58.0;0.0
3;5100;VEV_4000;1285;8;1282.0;27.0;;;1306;8;1309.0;27.0;;;1295.5;0.0
3;5100;VEV_5200;118;10;117.0;20.0;;;121;30;;;;;119.5;0.0
3;5100;VEV_5100;199;30;;;;;204;10;205.0;20.0;;;201.5;0.0
3;5100;VEV_5000;293;30;;;;;300;10;301.0;20.0;;;296.5;0.0
3;5100;VEV_6000;0;20;;;;;1;20;;;;;0.5;0.0
3;5100;VELVETFRUIT_EXTRACT;5293;22;5292.0;39.0;;;5298;22;5299.0;39.0;;;5295.5;0.0
3;5200;VELVETFRUIT_EXTRACT;5292;49;;;;;5298;49;;;;;5295.0;0.0
3;5200;HYDROGEL_PACK;10015;14;10012.0;30.0;;;10031;14;10033.0;30.0;;;10023.0;0.0
3;5200;VEV_4500;786;8;784.0;22.0;;;803;8;805.0;22.0;;;794.5;0.0
3;5200;VEV_5500;6;23;;;;;7;23;;;;;6.5;0.0
3;5200;VEV_5400;19;23;;;;;21;23;;;;;20.0;0.0
3;5200;VEV_6500;0;18;;;;;1;18;;;;;0.5;0.0
3;5200;VEV_5300;57;9;56.0;14.0;;;59;23;;;;;58.0;0.0
3;5200;VEV_4000;1284;15;1281.0;30.0;;;1306;15;1308.0;30.0;;;1295.0;0.0
3;5200;VEV_5200;117;30;;;;;120;8;121.0;22.0;;;118.5;0.0
3;5200;VEV_5100;199;8;198.0;22.0;;;204;30;;;;;201.5;0.0
3;5200;VEV_5000;293;8;292.0;22.0;;;300;30;;;;;296.5;0.0
3;5200;VEV_6000;0;23;;;;;1;23;;;;;0.5;0.0
3;5300;VEV_4000;1284;15;1281.0;29.0;;;1305;15;1308.0;29.0;;;1294.5;0.0
3;5300;VEV_5200;117;23;;;;;120;23;;;;;118.5;0.0
3;5300;VEV_5100;198;23;;;;;203;10;204.0;13.0;;;200.5;0.0
3;5300;VEV_5000;292;23;;;;;299;10;300.0;13.0;;;295.5;0.0
3;5300;VEV_6000;0;26;;;;;1;26;;;;;0.5;0.0
3;5300;VELVETFRUIT_EXTRACT;5292;20;5291.0;44.0;;;5297;20;5298.0;44.0;;;5294.5;0.0
3;5300;VEV_4500;786;10;784.0;13.0;;;803;10;805.0;13.0;;;794.5;0.0
3;5300;VEV_5500;6;26;;;;;7;26;;;;;6.5;0.0
3;5300;VEV_5400;19;26;;;;;21;26;;;;;20.0;0.0
3;5300;VEV_6500;0;14;;;;;1;14;;;;;0.5;0.0
3;5300;HYDROGEL_PACK;10016;14;10013.0;29.0;;;10032;14;10034.0;29.0;;;10024.0;0.0
3;5300;VEV_5300;56;26;;;;;59;26;;;;;57.5;0.0
3;5400;VEV_4500;785;11;783.0;14.0;;;802;11;804.0;14.0;;;793.5;0.0
3;5400;VEV_5500;6;25;;;;;7;25;;;;;6.5;0.0
3;5400;VEV_5400;19;25;;;;;21;25;;;;;20.0;0.0
3;5400;VEV_5300;56;25;;;;;58;10;59.0;15.0;;;57.0;0.0
3;5400;VEV_5200;116;25;;;;;120;25;;;;;118.0;0.0
3;5400;VEV_4000;1283;14;1280.0;30.0;;;1305;14;1307.0;30.0;;;1294.0;0.0
3;5400;VEV_5100;197;25;;;;;202;11;203.0;14.0;;;199.5;0.0
3;5400;VEV_5000;292;11;291.0;14.0;;;298;11;299.0;14.0;;;295.0;0.0
3;5400;VEV_6000;0;25;;;;;1;25;;;;;0.5;0.0
3;5400;VELVETFRUIT_EXTRACT;5291;47;;;;;5296;17;5297.0;30.0;;;5293.5;0.0
3;5400;HYDROGEL_PACK;10017;14;10014.0;25.0;;;10033;14;10035.0;25.0;;;10025.0;0.0
3;5400;VEV_6500;0;12;;;;;1;12;;;;;0.5;0.0
3;5500;VEV_6000;0;24;;;;;1;24;;;;;0.5;0.0
3;5500;VEV_4500;787;12;785.0;24.0;;;804;12;806.0;24.0;;;795.5;0.0
3;5500;VEV_5500;6;24;;;;;7;24;;;;;6.5;0.0
3;5500;VEV_5400;20;7;19.0;17.0;;;21;24;;;;;20.5;0.0
3;5500;HYDROGEL_PACK;10014;11;10012.0;29.0;;;10030;11;10033.0;29.0;;;10022.0;0.0
3;5500;VEV_5300;57;24;;;;;59;24;;;;;58.0;0.0
3;5500;VEV_5200;117;36;;;;;121;36;;;;;119.0;0.0
3;5500;VEV_6500;0;17;;;;;1;17;;;;;0.5;0.0
3;5500;VEV_4000;1285;8;1282.0;24.0;;;1306;8;1309.0;24.0;;;1295.5;0.0
3;5500;VEV_5100;199;36;;;;;204;12;205.0;24.0;;;201.5;0.0
3;5500;VEV_5000;293;12;292.0;24.0;;;300;12;301.0;24.0;;;296.5;0.0
3;5500;VELVETFRUIT_EXTRACT;5293;24;5292.0;36.0;;;5298;24;5299.0;36.0;;;5295.5;0.0
3;5600;VEV_6000;0;21;;;;;1;21;;;;;0.5;0.0
3;5600;VELVETFRUIT_EXTRACT;5294;17;5293.0;35.0;;;5299;17;5300.0;35.0;;;5296.5;0.0
3;5600;HYDROGEL_PACK;10012;15;10010.0;28.0;;;10028;15;10031.0;28.0;;;10020.0;0.0
3;5600;VEV_6500;0;16;;;;;1;16;;;;;0.5;0.0
3;5600;VEV_4500;788;9;786.0;22.0;;;805;9;807.0;22.0;;;796.5;0.0
3;5600;VEV_5500;6;21;;;;;8;21;;;;;7.0;0.0
3;5600;VEV_5400;20;21;;;;;21;21;;;;;20.5;0.0
3;5600;VEV_5300;57;21;;;;;60;21;;;;;58.5;0.0
3;5600;VEV_5200;118;31;;;;;122;31;;;;;120.0;0.0
3;5600;VEV_4000;1286;14;1283.0;16.0;;;1307;14;1310.0;16.0;;;1296.5;0.0
3;5600;VEV_5100;200;9;199.0;22.0;;;205;9;206.0;22.0;;;202.5;0.0
3;5600;VEV_5000;294;9;293.0;22.0;;;301;9;302.0;22.0;;;297.5;0.0
3;5700;VEV_5200;118;29;;;;;122;29;;;;;120.0;0.0
3;5700;VEV_6500;0;19;;;;;1;19;;;;;0.5;0.0
3;5700;VEV_4000;1286;7;1283.0;27.0;;;1307;7;1310.0;27.0;;;1296.5;0.0
3;5700;VEV_5100;200;29;;;;;205;12;206.0;17.0;;;202.5;0.0
3;5700;VEV_5000;294;29;;;;;301;12;302.0;17.0;;;297.5;0.0
3;5700;VELVETFRUIT_EXTRACT;5294;17;5293.0;50.0;;;5299;17;5300.0;50.0;;;5296.5;0.0
3;5700;VEV_6000;0;22;;;;;1;22;;;;;0.5;0.0
3;5700;VEV_4500;788;12;786.0;17.0;;;805;12;807.0;17.0;;;796.5;0.0
3;5700;VEV_5500;6;22;;;;;8;22;;;;;7.0;0.0
3;5700;VEV_5400;20;22;;;;;21;22;;;;;20.5;0.0
3;5700;HYDROGEL_PACK;10014;11;10012.0;25.0;;;10030;11;10033.0;25.0;;;10022.0;0.0
3;5700;VEV_5300;57;22;;;;;60;22;;;;;58.5;0.0
3;5800;VEV_4500;796;5;788.0;9.0;786.0;14.0;805;9;807.0;14.0;;;800.5;0.0
3;5800;VEV_5500;6;32;;;;;8;27;;;;;7.0;0.0
3;5800;VEV_5400;20;32;;;;;21;27;;;;;20.5;0.0
3;5800;VEV_5300;58;5;57.0;27.0;;;60;27;;;;;59.0;0.0
3;5800;VEV_5200;120;5;118.0;23.0;;;122;23;;;;;121.0;0.0
3;5800;VEV_4000;1296;5;1286.0;14.0;1283.0;23.0;1308;14;1310.0;23.0;;;1302.0;0.0
3;5800;VEV_5100;202;5;200.0;23.0;;;205;9;206.0;14.0;;;203.5;0.0
3;5800;VEV_5000;297;5;294.0;23.0;;;301;9;302.0;14.0;;;299.0;0.0
3;5800;VEV_6000;0;32;;;;;1;27;;;;;0.5;0.0
3;5800;VELVETFRUIT_EXTRACT;5294;57;;;;;5299;22;5300.0;35.0;;;5296.5;0.0
3;5800;HYDROGEL_PACK;10014;15;10012.0;21.0;;;10030;15;10033.0;21.0;;;10022.0;0.0
3;5800;VEV_6500;0;18;;;;;1;13;;;;;0.5;0.0
3;5900;VEV_6000;0;23;;;;;1;23;;;;;0.5;0.0
3;5900;VEV_4500;787;8;785.0;21.0;;;804;8;806.0;21.0;;;795.5;0.0
3;5900;HYDROGEL_PACK;10013;10;10011.0;30.0;;;10029;10;10032.0;30.0;;;10021.0;0.0
3;5900;VEV_5300;57;23;;;;;59;23;;;;;58.0;0.0
3;5900;VEV_5200;117;29;;;;;121;29;;;;;119.0;0.0
3;5900;VEV_5400;20;23;;;;;21;23;;;;;20.5;0.0
3;5900;VEV_6500;0;13;;;;;1;13;;;;;0.5;0.0
3;5900;VEV_4000;1284;7;1282.0;27.0;;;1306;7;1309.0;27.0;;;1295.0;0.0
3;5900;VEV_5100;199;8;198.0;21.0;;;204;29;;;;;201.5;0.0
3;5900;VEV_5000;293;8;292.0;21.0;;;300;8;301.0;21.0;;;296.5;0.0
3;5900;VEV_5500;6;23;;;;;7;23;;;;;6.5;0.0
3;5900;VELVETFRUIT_EXTRACT;5293;21;5292.0;43.0;;;5298;64;;;;;5295.5;0.0
3;6000;VEV_6000;0;19;;;;;1;19;;;;;0.5;0.0
3;6000;VEV_5000;293;21;;;;;300;7;301.0;14.0;;;296.5;0.0
3;6000;VELVETFRUIT_EXTRACT;5293;19;5292.0;38.0;;;5298;19;5299.0;38.0;;;5295.5;0.0
3;6000;VEV_5100;199;21;;;;;204;7;205.0;14.0;;;201.5;0.0
3;6000;HYDROGEL_PACK;10011;11;10009.0;26.0;;;10027;11;10030.0;26.0;;;10019.0;0.0
3;6000;VEV_5200;118;7;117.0;14.0;;;121;21;;;;;119.5;0.0
3;6000;VEV_5300;57;19;;;;;59;19;;;;;58.0;0.0
3;6000;VEV_5400;20;19;;;;;21;19;;;;;20.5;0.0
3;6000;VEV_6500;0;16;;;;;1;16;;;;;0.5;0.0
3;6000;VEV_5500;6;19;;;;;7;19;;;;;6.5;0.0
3;6000;VEV_4500;787;7;785.0;14.0;;;804;7;806.0;14.0;;;795.5;0.0
3;6000;VEV_4000;1285;14;1282.0;16.0;;;1306;14;1309.0;16.0;;;1295.5;0.0
3;6100;VEV_5300;57;18;;;;;60;18;;;;;58.5;0.0
3;6100;VEV_5400;20;18;;;;;21;18;;;;;20.5;0.0
3;6100;VEV_6500;0;12;;;;;1;12;;;;;0.5;0.0
3;6100;VEV_4000;1285;14;1283.0;22.0;;;1307;14;1309.0;22.0;;;1296.0;0.0
3;6100;VEV_5500;6;18;;;;;8;18;;;;;7.0;0.0
3;6100;VELVETFRUIT_EXTRACT;5293;49;;;;;5299;49;;;;;5296.0;0.0
3;6100;VEV_6000;0;18;;;;;1;18;;;;;0.5;0.0
3;6100;VEV_4500;788;8;786.0;14.0;;;804;8;806.0;14.0;;;796.0;0.0
3;6100;VEV_5000;294;8;293.0;14.0;;;301;22;;;;;297.5;0.0
3;6100;VEV_5100;200;8;199.0;14.0;;;205;22;;;;;202.5;0.0
3;6100;HYDROGEL_PACK;10009;14;10007.0;26.0;;;10025;14;10028.0;26.0;;;10017.0;0.0
3;6100;VEV_5200;118;22;;;;;121;8;122.0;14.0;;;119.5;0.0
3;6200;VEV_4500;789;11;787.0;15.0;;;806;11;808.0;15.0;;;797.5;0.0
3;6200;VEV_4000;1287;13;1284.0;22.0;;;1308;13;1311.0;22.0;;;1297.5;0.0
3;6200;VEV_6000;0;18;;;;;1;18;;;;;0.5;0.0
3;6200;VEV_5000;295;11;294.0;15.0;;;302;11;303.0;15.0;;;298.5;0.0
3;6200;VELVETFRUIT_EXTRACT;5295;16;5294.0;48.0;;;5300;16;5301.0;48.0;;;5297.5;0.0
3;6200;VEV_5100;201;11;200.0;15.0;;;206;26;;;;;203.5;0.0
3;6200;HYDROGEL_PACK;10009;14;10006.0;20.0;;;10025;14;10027.0;20.0;;;10017.0;0.0
3;6200;VEV_5200;119;26;;;;;122;11;123.0;15.0;;;120.5;0.0
3;6200;VEV_5300;58;18;;;;;60;18;;;;;59.0;0.0
3;6200;VEV_5400;20;18;;;;;22;18;;;;;21.0;0.0
3;6200;VEV_6500;0;16;;;;;1;16;;;;;0.5;0.0
3;6200;VEV_5500;6;18;;;;;8;18;;;;;7.0;0.0
3;6300;VEV_6000;0;20;;;;;1;20;;;;;0.5;0.0
3;6300;VEV_4500;788;11;786.0;24.0;;;805;11;807.0;24.0;;;796.5;0.0
3;6300;VEV_5000;294;11;293.0;24.0;;;301;11;302.0;24.0;;;297.5;0.0
3;6300;VEV_5100;200;11;199.0;24.0;;;205;11;206.0;24.0;;;202.5;0.0
3;6300;VEV_5200;118;35;;;;;122;35;;;;;120.0;0.0
3;6300;HYDROGEL_PACK;10007;15;10004.0;30.0;;;10023;15;10025.0;30.0;;;10015.0;0.0
3;6300;VEV_5300;57;20;;;;;60;20;;;;;58.5;0.0
3;6300;VEV_5400;20;20;;;;;21;20;;;;;20.5;0.0
3;6300;VEV_6500;0;18;;;;;1;18;;;;;0.5;0.0
3;6300;VEV_4000;1286;9;1283.0;16.0;;;1307;9;1310.0;16.0;;;1296.5;0.0
3;6300;VEV_5500;6;20;;;;;8;20;;;;;7.0;0.0
3;6300;VELVETFRUIT_EXTRACT;5294;24;5293.0;49.0;;;5295;10;5299.0;24.0;5300.0;49.0;5294.5;0.0
3;6400;VEV_6000;0;25;;;;;1;25;;;;;0.5;0.0
3;6400;VEV_5000;293;12;292.0;19.0;;;299;12;300.0;19.0;;;296.0;0.0
3;6400;VELVETFRUIT_EXTRACT;5292;68;;;;;5297;23;5298.0;45.0;;;5294.5;0.0
3;6400;VEV_5100;198;31;;;;;203;12;204.0;19.0;;;200.5;0.0
3;6400;VEV_5200;117;31;;;;;120;12;121.0;19.0;;;118.5;0.0
3;6400;HYDROGEL_PACK;10008;13;10006.0;23.0;;;10024;13;10027.0;23.0;;;10016.0;0.0
3;6400;VEV_5300;57;7;56.0;18.0;;;59;25;;;;;58.0;0.0
3;6400;VEV_5400;19;25;;;;;21;25;;;;;20.0;0.0
3;6400;VEV_6500;0;15;;;;;1;15;;;;;0.5;0.0
3;6400;VEV_5500;6;25;;;;;7;25;;;;;6.5;0.0
3;6400;VEV_4500;786;12;784.0;19.0;;;803;12;805.0;19.0;;;794.5;0.0
3;6400;VEV_4000;1284;13;1281.0;23.0;;;1306;13;1308.0;23.0;;;1295.0;0.0
3;6500;VEV_6500;0;11;;;;;1;11;;;;;0.5;0.0
3;6500;VEV_5300;57;28;;;;;60;28;;;;;58.5;0.0
3;6500;VEV_5400;20;28;;;;;21;28;;;;;20.5;0.0
3;6500;VEV_5500;6;28;;;;;8;28;;;;;7.0;0.0
3;6500;VEV_4500;788;11;786.0;13.0;;;805;11;807.0;13.0;;;796.5;0.0
3;6500;VELVETFRUIT_EXTRACT;5294;23;5293.0;45.0;;;5299;23;5300.0;45.0;;;5296.5;0.0
3;6500;VEV_6000;0;28;;;;;1;28;;;;;0.5;0.0
3;6500;VEV_5000;294;11;293.0;13.0;;;301;11;302.0;13.0;;;297.5;0.0
3;6500;VEV_4000;1286;10;1283.0;29.0;;;1307;10;1310.0;29.0;;;1296.5;0.0
3;6500;VEV_5100;200;11;199.0;13.0;;;205;11;206.0;13.0;;;202.5;0.0
3;6500;VEV_5200;118;24;;;;;122;24;;;;;120.0;0.0
3;6500;HYDROGEL_PACK;10010;13;10008.0;26.0;;;10026;13;10029.0;26.0;;;10018.0;0.0
3;6600;VEV_5000;295;6;294.0;13.0;;;302;6;303.0;13.0;;;298.5;0.0
3;6600;VEV_6000;0;24;;;;;1;24;;;;;0.5;0.0
3;6600;VEV_4000;1286;10;1284.0;29.0;;;1308;10;1311.0;29.0;;;1297.0;0.0
3;6600;VEV_5100;201;6;200.0;13.0;;;206;19;;;;;203.5;0.0
3;6600;VELVETFRUIT_EXTRACT;5295;22;5294.0;48.0;;;5296;12;5300.0;70.0;;;5295.5;0.0
3;6600;VEV_5200;119;19;;;;;122;6;123.0;13.0;;;120.5;0.0
3;6600;HYDROGEL_PACK;10008;10;10005.0;26.0;;;10024;10;10026.0;26.0;;;10016.0;0.0
3;6600;VEV_6500;0;17;;;;;1;17;;;;;0.5;0.0
3;6600;VEV_5300;58;24;;;;;60;24;;;;;59.0;0.0
3;6600;VEV_5400;20;24;;;;;22;24;;;;;21.0;0.0
3;6600;VEV_5500;6;24;;;;;8;24;;;;;7.0;0.0
3;6600;VEV_4500;789;6;787.0;13.0;;;806;6;808.0;13.0;;;797.5;0.0
3;6700;VEV_5000;294;12;293.0;12.0;;;301;12;302.0;12.0;;;297.5;0.0
3;6700;VEV_6000;0;24;;;;;1;24;;;;;0.5;0.0
3;6700;VEV_4000;1285;13;1283.0;15.0;;;1307;13;1310.0;15.0;;;1296.0;0.0
3;6700;VEV_5100;200;12;199.0;12.0;;;205;24;;;;;202.5;0.0
3;6700;VEV_5200;118;24;;;;;121;12;122.0;12.0;;;119.5;0.0
3;6700;HYDROGEL_PACK;10007;15;10004.0;22.0;;;10023;15;10025.0;22.0;;;10015.0;0.0
3;6700;VEV_6500;0;15;;;;;1;15;;;;;0.5;0.0
3;6700;VEV_5300;57;24;;;;;60;24;;;;;58.5;0.0
3;6700;VEV_5400;20;24;;;;;21;24;;;;;20.5;0.0
3;6700;VEV_5500;6;24;;;;;7;9;8.0;15.0;;;6.5;0.0
3;6700;VEV_4500;788;12;786.0;12.0;;;805;12;807.0;12.0;;;796.5;0.0
3;6700;VELVETFRUIT_EXTRACT;5294;24;5293.0;49.0;;;5299;73;;;;;5296.5;0.0
3;6800;VEV_5000;295;8;294.0;17.0;;;302;8;303.0;17.0;;;298.5;0.0
3;6800;VEV_6000;0;18;;;;;1;18;;;;;0.5;0.0
3;6800;VEV_4000;1286;7;1284.0;22.0;;;1308;7;1311.0;22.0;;;1297.0;0.0
3;6800;VEV_5100;201;8;200.0;17.0;;;206;25;;;;;203.5;0.0
3;6800;VELVETFRUIT_EXTRACT;5295;18;5294.0;48.0;;;5300;66;;;;;5297.5;0.0
3;6800;VEV_5200;119;25;;;;;122;8;123.0;17.0;;;120.5;0.0
3;6800;HYDROGEL_PACK;10007;14;10005.0;27.0;;;10023;14;10026.0;27.0;;;10015.0;0.0
3;6800;VEV_6500;0;17;;;;;1;17;;;;;0.5;0.0
3;6800;VEV_5300;58;18;;;;;60;18;;;;;59.0;0.0
3;6800;VEV_5400;20;18;;;;;22;18;;;;;21.0;0.0
3;6800;VEV_5500;6;18;;;;;8;18;;;;;7.0;0.0
3;6800;VEV_4500;789;8;787.0;17.0;;;806;8;808.0;17.0;;;797.5;0.0
3;6900;VEV_6500;0;13;;;;;1;13;;;;;0.5;0.0
3;6900;VEV_5300;57;18;;;;;60;18;;;;;58.5;0.0
3;6900;VEV_5400;20;18;;;;;21;7;22.0;11.0;;;20.5;0.0
3;6900;VEV_5500;6;18;;;;;8;18;;;;;7.0;0.0
3;6900;VEV_4500;788;11;786.0;23.0;;;805;11;807.0;23.0;;;796.5;0.0
3;6900;VELVETFRUIT_EXTRACT;5294;54;;;;;5299;23;5300.0;31.0;;;5296.5;0.0
3;6900;VEV_5000;294;34;;;;;301;11;302.0;23.0;;;297.5;0.0
3;6900;VEV_6000;0;18;;;;;1;18;;;;;0.5;0.0
3;6900;VEV_4000;1286;9;1283.0;23.0;;;1308;9;1310.0;23.0;;;1297.0;0.0
3;6900;VEV_5100;200;34;;;;;205;11;206.0;23.0;;;202.5;0.0
3;6900;VEV_5200;118;34;;;;;122;34;;;;;120.0;0.0
3;6900;HYDROGEL_PACK;10004;13;10002.0;30.0;;;10020;13;10023.0;30.0;;;10012.0;0.0
3;7000;VEV_5000;294;11;293.0;23.0;;;301;11;302.0;23.0;;;297.5;0.0
3;7000;VEV_6000;0;24;;;;;1;24;;;;;0.5;0.0
3;7000;VEV_4000;1285;15;1283.0;27.0;;;1307;15;1310.0;27.0;;;1296.0;0.0
3;7000;VEV_5100;200;11;199.0;23.0;;;205;34;;;;;202.5;0.0
3;7000;VELVETFRUIT_EXTRACT;5294;18;5293.0;36.0;;;5299;54;;;;;5296.5;0.0
3;7000;VEV_5200;118;34;;;;;122;34;;;;;120.0;0.0
3;7000;HYDROGEL_PACK;10003;10;10000.0;26.0;;;10019;10;10021.0;26.0;;;10011.0;0.0
3;7000;VEV_5400;20;24;;;;;21;24;;;;;20.5;0.0
3;7000;VEV_6500;0;19;;;;;1;19;;;;;0.5;0.0
3;7000;VEV_5300;57;24;;;;;60;24;;;;;58.5;0.0
3;7000;VEV_4500;788;11;786.0;23.0;;;805;11;807.0;23.0;;;796.5;0.0
3;7000;VEV_5500;6;24;;;;;8;24;;;;;7.0;0.0
3;7100;VEV_5000;294;32;;;;;301;9;302.0;23.0;;;297.5;0.0
3;7100;VEV_6000;0;16;;;;;1;16;;;;;0.5;0.0
3;7100;VEV_4000;1286;11;1283.0;25.0;;;1307;11;1310.0;25.0;;;1296.5;0.0
3;7100;VEV_5200;118;32;;;;;122;32;;;;;120.0;0.0
3;7100;VEV_5100;200;32;;;;;205;9;206.0;23.0;;;202.5;0.0
3;7100;HYDROGEL_PACK;10006;11;10003.0;26.0;;;10022;11;10024.0;26.0;;;10014.0;0.0
3;7100;VEV_5400;20;16;;;;;21;6;22.0;10.0;;;20.5;0.0
3;7100;VEV_6500;0;15;;;;;1;15;;;;;0.5;0.0
3;7100;VEV_5300;57;16;;;;;60;16;;;;;58.5;0.0
3;7100;VEV_4500;788;9;786.0;23.0;;;805;9;807.0;23.0;;;796.5;0.0
3;7100;VEV_5500;6;16;;;;;8;16;;;;;7.0;0.0
3;7100;VELVETFRUIT_EXTRACT;5294;20;5293.0;34.0;;;5299;20;5300.0;34.0;;;5296.5;0.0
3;7200;VEV_5000;294;6;293.0;19.0;;;301;6;302.0;19.0;;;297.5;0.0
3;7200;VEV_6000;0;20;;;;;1;20;;;;;0.5;0.0
3;7200;VEV_4000;1286;15;1283.0;30.0;;;1307;15;1310.0;30.0;;;1296.5;0.0
3;7200;VEV_5200;118;25;;;;;122;25;;;;;120.0;0.0
3;7200;VELVETFRUIT_EXTRACT;5294;21;5293.0;30.0;;;5299;21;5300.0;30.0;;;5296.5;0.0
3;7200;VEV_5100;200;6;199.0;19.0;;;205;25;;;;;202.5;0.0
3;7200;HYDROGEL_PACK;10007;11;10004.0;20.0;;;10023;11;10025.0;20.0;;;10015.0;0.0
3;7200;VEV_5400;20;20;;;;;21;20;;;;;20.5;0.0
3;7200;VEV_6500;0;18;;;;;1;18;;;;;0.5;0.0
3;7200;VEV_5300;57;20;;;;;60;20;;;;;58.5;0.0
3;7200;VEV_4500;788;6;786.0;19.0;;;805;6;807.0;19.0;;;796.5;0.0
3;7200;VEV_5500;6;20;;;;;8;20;;;;;7.0;0.0
3;7300;VEV_5400;20;26;;;;;21;26;;;;;20.5;0.0
3;7300;VEV_6500;0;19;;;;;1;19;;;;;0.5;0.0
3;7300;VEV_5300;57;26;;;;;60;26;;;;;58.5;0.0
3;7300;VEV_4500;788;7;786.0;15.0;;;805;7;807.0;15.0;;;796.5;0.0
3;7300;VEV_5500;6;26;;;;;8;26;;;;;7.0;0.0
3;7300;VELVETFRUIT_EXTRACT;5293;60;;;;;5299;60;;;;;5296.0;0.0
3;7300;VEV_5000;294;7;293.0;15.0;;;301;22;;;;;297.5;0.0
3;7300;VEV_6000;0;26;;;;;1;26;;;;;0.5;0.0
3;7300;VEV_4000;1285;7;1283.0;27.0;;;1307;7;1310.0;27.0;;;1296.0;0.0
3;7300;VEV_5200;118;22;;;;;121;7;122.0;15.0;;;119.5;0.0
3;7300;VEV_5100;200;7;199.0;15.0;;;205;22;;;;;202.5;0.0
3;7300;HYDROGEL_PACK;10008;11;10005.0;23.0;;;10024;11;10026.0;23.0;;;10016.0;0.0
3;7400;VEV_5000;295;11;294.0;21.0;;;302;11;303.0;21.0;;;298.5;0.0
3;7400;VEV_6000;0;25;;;;;1;25;;;;;0.5;0.0
3;7400;VEV_4000;1286;11;1284.0;17.0;;;1308;11;1311.0;17.0;;;1297.0;0.0
3;7400;VEV_5200;119;32;;;;;122;11;123.0;21.0;;;120.5;0.0
3;7400;VELVETFRUIT_EXTRACT;5295;18;5294.0;32.0;;;5300;50;;;;;5297.5;0.0
3;7400;VEV_5100;201;11;200.0;21.0;;;206;32;;;;;203.5;0.0
3;7400;VEV_5400;20;25;;;;;22;25;;;;;21.0;0.0
3;7400;VEV_6500;0;14;;;;;1;14;;;;;0.5;0.0
3;7400;HYDROGEL_PACK;10012;13;10010.0;22.0;;;10028;13;10031.0;22.0;;;10020.0;0.0
3;7400;VEV_5300;58;25;;;;;60;25;;;;;59.0;0.0
3;7400;VEV_4500;789;11;787.0;21.0;;;806;11;808.0;21.0;;;797.5;0.0
3;7400;VEV_5500;6;25;;;;;8;25;;;;;7.0;0.0
3;7500;HYDROGEL_PACK;10010;11;10008.0;30.0;;;10026;11;10029.0;30.0;;;10018.0;0.0
3;7500;VEV_5000;294;7;293.0;16.0;;;300;7;301.0;16.0;;;297.0;0.0
3;7500;VEV_6000;0;21;;;;;1;21;;;;;0.5;0.0
3;7500;VEV_4000;1285;15;1282.0;21.0;;;1307;15;1309.0;21.0;;;1296.0;0.0
3;7500;VEV_5200;118;23;;;;;121;23;;;;;119.5;0.0
3;7500;VEV_5100;199;23;;;;;204;7;205.0;16.0;;;201.5;0.0
3;7500;VEV_5400;20;21;;;;;21;21;;;;;20.5;0.0
3;7500;VEV_6500;0;16;;;;;1;16;;;;;0.5;0.0
3;7500;VEV_5300;57;21;;;;;59;10;60.0;11.0;;;58.0;0.0
3;7500;VEV_4500;787;7;785.0;16.0;;;804;7;806.0;16.0;;;795.5;0.0
3;7500;VEV_5500;6;21;;;;;8;21;;;;;7.0;0.0
3;7500;VELVETFRUIT_EXTRACT;5293;71;;;;;5298;23;5299.0;48.0;;;5295.5;0.0
3;7600;VEV_5000;297;5;294.0;24.0;;;301;8;302.0;16.0;;;299.0;0.0
3;7600;VEV_6000;0;32;;;;;1;27;;;;;0.5;0.0
3;7600;VEV_5200;120;5;118.0;24.0;;;122;24;;;;;121.0;0.0
3;7600;VELVETFRUIT_EXTRACT;5294;70;;;;;5299;22;5300.0;48.0;;;5296.5;0.0
3;7600;VEV_4000;1296;5;1286.0;10.0;1283.0;21.0;1308;10;1310.0;21.0;;;1302.0;0.0
3;7600;VEV_5100;202;5;200.0;24.0;;;205;8;206.0;16.0;;;203.5;0.0
3;7600;VEV_5400;20;32;;;;;21;9;22.0;18.0;;;20.5;0.0
3;7600;HYDROGEL_PACK;10008;15;10006.0;22.0;;;10024;15;10027.0;22.0;;;10016.0;0.0
3;7600;VEV_5300;58;5;57.0;27.0;;;60;27;;;;;59.0;0.0
3;7600;VEV_4500;796;5;788.0;8.0;786.0;16.0;805;8;807.0;16.0;;;800.5;0.0
3;7600;VEV_6500;0;19;;;;;1;14;;;;;0.5;0.0
3;7600;VEV_5500;7;5;6.0;27.0;;;8;27;;;;;7.5;0.0
3;7700;VEV_5400;20;28;;;;;22;28;;;;;21.0;0.0
3;7700;VEV_5300;57;28;;;;;60;28;;;;;58.5;0.0
3;7700;VEV_4500;788;11;786.0;17.0;;;805;11;807.0;17.0;;;796.5;0.0
3;7700;VEV_6500;0;17;;;;;1;17;;;;;0.5;0.0
3;7700;VEV_5500;6;28;;;;;8;28;;;;;7.0;0.0
3;7700;VELVETFRUIT_EXTRACT;5294;61;;;;;5299;19;5300.0;42.0;;;5296.5;0.0
3;7700;HYDROGEL_PACK;10007;11;10005.0;20.0;;;10023;11;10026.0;20.0;;;10015.0;0.0
3;7700;VEV_5000;295;11;294.0;17.0;;;301;11;302.0;17.0;;;298.0;0.0
3;7700;VEV_5200;119;11;118.0;17.0;;;122;28;;;;;120.5;0.0
3;7700;VEV_6000;0;28;;;;;1;28;;;;;0.5;0.0
3;7700;VEV_4000;1286;15;1283.0;18.0;;;1308;15;1310.0;18.0;;;1297.0;0.0
3;7700;VEV_5100;200;28;;;;;205;11;206.0;17.0;;;202.5;0.0
3;7800;VEV_5000;296;29;;;;;303;9;304.0;20.0;;;299.5;0.0
3;7800;VEV_5200;120;29;;;;;123;9;124.0;20.0;;;121.5;0.0
3;7800;VEV_6000;0;18;;;;;1;18;;;;;0.5;0.0
3;7800;VEV_4000;1288;11;1285.0;21.0;;;1310;11;1312.0;21.0;;;1299.0;0.0
3;7800;VEV_5100;202;29;;;;;207;9;208.0;20.0;;;204.5;0.0
3;7800;VELVETFRUIT_EXTRACT;5296;62;;;;;5301;19;5302.0;43.0;;;5298.5;0.0
3;7800;VEV_5400;21;6;20.0;12.0;;;22;18;;;;;21.5;0.0
3;7800;HYDROGEL_PACK;10008;10;10005.0;23.0;;;10024;10;10026.0;23.0;;;10016.0;0.0
3;7800;VEV_5300;58;18;;;;;61;18;;;;;59.5;0.0
3;7800;VEV_4500;790;9;788.0;20.0;;;807;9;809.0;20.0;;;798.5;0.0
3;7800;VEV_6500;0;14;;;;;1;14;;;;;0.5;0.0
3;7800;VEV_5500;7;18;;;;;8;18;;;;;7.5;0.0
3;7900;HYDROGEL_PACK;10007;10;10005.0;30.0;;;10023;10;10026.0;30.0;;;10015.0;0.0
3;7900;VEV_5000;296;7;295.0;20.0;;;303;7;304.0;20.0;;;299.5;0.0
3;7900;VEV_5200;120;7;119.0;20.0;;;123;27;;;;;121.5;0.0
3;7900;VEV_6000;0;29;;;;;1;29;;;;;0.5;0.0
3;7900;VEV_4000;1287;12;1285.0;20.0;;;1309;12;1312.0;20.0;;;1298.0;0.0
3;7900;VEV_5100;202;7;201.0;20.0;;;207;27;;;;;204.5;0.0
3;7900;VEV_5400;20;29;;;;;22;29;;;;;21.0;0.0
3;7900;VEV_5300;58;29;;;;;61;29;;;;;59.5;0.0
3;7900;VEV_4500;790;7;788.0;20.0;;;807;7;809.0;20.0;;;798.5;0.0
3;7900;VEV_6500;0;19;;;;;1;19;;;;;0.5;0.0
3;7900;VEV_5500;7;29;;;;;8;29;;;;;7.5;0.0
3;7900;VELVETFRUIT_EXTRACT;5296;24;5295.0;39.0;;;5301;63;;;;;5298.5;0.0
3;8000;VEV_5000;297;7;296.0;17.0;;;304;24;;;;;300.5;0.0
3;8000;VEV_5200;120;24;;;;;124;24;;;;;122.0;0.0
3;8000;VEV_6000;0;18;;;;;1;18;;;;;0.5;0.0
3;8000;VEV_4000;1288;14;1286.0;23.0;;;1310;14;1312.0;23.0;;;1299.0;0.0
3;8000;VEV_5100;202;24;;;;;207;7;208.0;17.0;;;204.5;0.0
3;8000;VELVETFRUIT_EXTRACT;5296;55;;;;;5302;55;;;;;5299.0;0.0
3;8000;VEV_5400;21;6;20.0;12.0;;;22;18;;;;;21.5;0.0
3;8000;HYDROGEL_PACK;10006;11;10004.0;27.0;;;10022;11;10025.0;27.0;;;10014.0;0.0
3;8000;VEV_5300;59;6;58.0;12.0;;;61;18;;;;;60.0;0.0
3;8000;VEV_4500;791;7;789.0;17.0;;;807;7;809.0;17.0;;;799.0;0.0
3;8000;VEV_6500;0;14;;;;;1;14;;;;;0.5;0.0
3;8000;VEV_5500;7;18;;;;;8;18;;;;;7.5;0.0
3;8100;VEV_5500;7;19;;;;;8;19;;;;;7.5;0.0
3;8100;VEV_5300;59;19;;;;;61;7;62.0;12.0;;;60.0;0.0
3;8100;VEV_4500;791;7;789.0;13.0;;;808;7;810.0;13.0;;;799.5;0.0
3;8100;VEV_5400;21;19;;;;;22;19;;;;;21.5;0.0
3;8100;VEV_6500;0;21;;;;;1;21;;;;;0.5;0.0
3;8100;VELVETFRUIT_EXTRACT;5297;23;5296.0;45.0;;;5302;23;5303.0;45.0;;;5299.5;0.0
3;8100;HYDROGEL_PACK;10008;11;10005.0;20.0;;;10024;11;10026.0;20.0;;;10016.0;0.0
3;8100;VEV_5000;297;20;;;;;304;7;305.0;13.0;;;300.5;0.0
3;8100;VEV_5200;121;7;120.0;13.0;;;124;20;;;;;122.5;0.0
3;8100;VEV_6000;0;19;;;;;1;19;;;;;0.5;0.0
3;8100;VEV_4000;1289;8;1286.0;27.0;;;1311;8;1313.0;27.0;;;1300.0;0.0
3;8100;VEV_5100;203;7;202.0;13.0;;;208;20;;;;;205.5;0.0
3;8200;VEV_5100;202;30;;;;;207;12;208.0;18.0;;;204.5;0.0
3;8200;VEV_5200;120;30;;;;;124;30;;;;;122.0;0.0
3;8200;VEV_6000;0;29;;;;;1;29;;;;;0.5;0.0
3;8200;VEV_4000;1288;7;1285.0;22.0;;;1310;7;1312.0;22.0;;;1299.0;0.0
3;8200;VEV_5000;297;12;296.0;18.0;;;304;30;;;;;300.5;0.0
3;8200;VELVETFRUIT_EXTRACT;5296;57;;;;;5302;57;;;;;5299.0;0.0
3;8200;HYDROGEL_PACK;10009;15;10007.0;27.0;;;10025;15;10028.0;27.0;;;10017.0;0.0
3;8200;VEV_5500;7;29;;;;;8;29;;;;;7.5;0.0
3;8200;VEV_5300;59;10;58.0;19.0;;;61;29;;;;;60.0;0.0
3;8200;VEV_4500;790;12;788.0;18.0;;;807;12;809.0;18.0;;;798.5;0.0
3;8200;VEV_5400;21;10;20.0;19.0;;;22;29;;;;;21.5;0.0
3;8200;VEV_6500;0;16;;;;;1;16;;;;;0.5;0.0
3;8300;HYDROGEL_PACK;10009;14;10006.0;25.0;;;10025;14;10027.0;25.0;;;10017.0;0.0
3;8300;VEV_5100;203;24;;;;;208;11;209.0;13.0;;;205.5;0.0
3;8300;VEV_5200;121;24;;;;;124;11;125.0;13.0;;;122.5;0.0
3;8300;VEV_6000;0;26;;;;;1;26;;;;;0.5;0.0
3;8300;VEV_4000;1289;14;1286.0;28.0;;;1311;14;1313.0;28.0;;;1300.0;0.0
3;8300;VEV_5000;298;11;297.0;13.0;;;305;24;;;;;301.5;0.0
3;8300;VEV_5500;7;26;;;;;8;26;;;;;7.5;0.0
3;8300;VEV_5300;59;26;;;;;62;26;;;;;60.5;0.0
3;8300;VEV_4500;791;11;789.0;13.0;;;808;11;810.0;13.0;;;799.5;0.0
3;8300;VEV_5400;21;26;;;;;22;26;;;;;21.5;0.0
3;8300;VEV_6500;0;14;;;;;1;14;;;;;0.5;0.0
3;8300;VELVETFRUIT_EXTRACT;5297;51;;;;;5303;51;;;;;5300.0;0.0
3;8400;VEV_5100;201;31;;;;;206;11;207.0;20.0;;;203.5;0.0
3;8400;VEV_5200;119;31;;;;;123;31;;;;;121.0;0.0
3;8400;VEV_6000;0;25;;;;;1;25;;;;;0.5;0.0
3;8400;VEV_4000;1287;7;1285.0;26.0;;;1309;7;1312.0;26.0;;;1298.0;0.0
3;8400;VEV_5000;296;11;295.0;20.0;;;303;31;;;;;299.5;0.0
3;8400;VELVETFRUIT_EXTRACT;5295;63;;;;;5301;63;;;;;5298.0;0.0
3;8400;HYDROGEL_PACK;10008;11;10005.0;26.0;;;10024;11;10026.0;26.0;;;10016.0;0.0
3;8400;VEV_5500;7;25;;;;;8;25;;;;;7.5;0.0
3;8400;VEV_5300;58;25;;;;;61;25;;;;;59.5;0.0
3;8400;VEV_4500;790;11;788.0;20.0;;;807;11;809.0;20.0;;;798.5;0.0
3;8400;VEV_5400;20;25;;;;;22;25;;;;;21.0;0.0
3;8400;VEV_6500;0;17;;;;;1;17;;;;;0.5;0.0
3;8500;VEV_5500;7;26;;;;;8;26;;;;;7.5;0.0
3;8500;VEV_5300;58;26;;;;;61;26;;;;;59.5;0.0
3;8500;VEV_4500;790;7;788.0;22.0;;;807;7;809.0;22.0;;;798.5;0.0
3;8500;VEV_5400;20;26;;;;;22;26;;;;;21.0;0.0
3;8500;VEV_6500;0;12;;;;;1;12;;;;;0.5;0.0
3;8500;VELVETFRUIT_EXTRACT;5296;60;;;;;5301;15;5302.0;45.0;;;5298.5;0.0
3;8500;HYDROGEL_PACK;10006;13;10004.0;25.0;;;10022;13;10025.0;25.0;;;10014.0;0.0
3;8500;VEV_5100;202;7;201.0;22.0;;;207;7;208.0;22.0;;;204.5;0.0
3;8500;VEV_5200;120;29;;;;;123;7;124.0;22.0;;;121.5;0.0
3;8500;VEV_6000;0;26;;;;;1;26;;;;;0.5;0.0
3;8500;VEV_4000;1288;15;1285.0;29.0;;;1310;15;1312.0;29.0;;;1299.0;0.0
3;8500;VEV_5000;296;29;;;;;303;7;304.0;22.0;;;299.5;0.0
3;8600;VEV_5100;202;9;201.0;24.0;;;207;33;;;;;204.5;0.0
3;8600;VEV_5200;120;9;119.0;24.0;;;123;9;124.0;24.0;;;121.5;0.0
3;8600;VEV_6000;0;25;;;;;1;25;;;;;0.5;0.0
3;8600;VEV_4000;1288;10;1285.0;16.0;;;1309;10;1312.0;16.0;;;1298.5;0.0
3;8600;VEV_5000;296;9;295.0;24.0;;;303;9;304.0;24.0;;;299.5;0.0
3;8600;VELVETFRUIT_EXTRACT;5296;18;5295.0;32.0;;;5301;18;5302.0;32.0;;;5298.5;0.0
3;8600;VEV_5500;7;25;;;;;8;25;;;;;7.5;0.0
3;8600;HYDROGEL_PACK;10006;11;10004.0;29.0;;;10022;11;10025.0;29.0;;;10014.0;0.0
3;8600;VEV_4500;790;9;788.0;24.0;;;807;9;809.0;24.0;;;798.5;0.0
3;8600;VEV_5300;58;25;;;;;61;25;;;;;59.5;0.0
3;8600;VEV_5400;20;25;;;;;22;25;;;;;21.0;0.0
3;8600;VEV_6500;0;15;;;;;1;15;;;;;0.5;0.0
3;8700;HYDROGEL_PACK;10006;10;10004.0;24.0;;;10022;10;10025.0;24.0;;;10014.0;0.0
3;8700;VEV_4000;1288;8;1285.0;19.0;;;1310;8;1312.0;19.0;;;1299.0;0.0
3;8700;VEV_5100;202;29;;;;;207;6;208.0;23.0;;;204.5;0.0
3;8700;VEV_5200;120;29;;;;;123;6;124.0;23.0;;;121.5;0.0
3;8700;VEV_6000;0;25;;;;;1;25;;;;;0.5;0.0
3;8700;VEV_5000;296;29;;;;;303;6;304.0;23.0;;;299.5;0.0
3;8700;VEV_5500;7;25;;;;;8;25;;;;;7.5;0.0
3;8700;VEV_4500;790;6;788.0;23.0;;;807;6;809.0;23.0;;;798.5;0.0
3;8700;VEV_6500;0;12;;;;;1;12;;;;;0.5;0.0
3;8700;VEV_5300;59;6;58.0;19.0;;;61;25;;;;;60.0;0.0
3;8700;VEV_5400;21;6;20.0;19.0;;;22;25;;;;;21.5;0.0
3;8700;VELVETFRUIT_EXTRACT;5296;63;;;;;5301;25;5302.0;38.0;;;5298.5;0.0
3;8800;VEV_4000;1288;11;1285.0;21.0;;;1310;11;1312.0;21.0;;;1299.0;0.0
3;8800;VEV_5100;202;31;;;;;207;11;208.0;20.0;;;204.5;0.0
3;8800;VEV_5200;120;31;;;;;124;31;;;;;122.0;0.0
3;8800;VEV_5000;297;11;296.0;20.0;;;304;31;;;;;300.5;0.0
3;8800;VEV_6000;0;19;;;;;1;19;;;;;0.5;0.0
3;8800;VEV_5500;7;19;;;;;8;19;;;;;7.5;0.0
3;8800;HYDROGEL_PACK;10002;12;10000.0;29.0;;;10018;12;10021.0;29.0;;;10010.0;0.0
3;8800;VEV_4500;790;11;788.0;20.0;;;807;11;809.0;20.0;;;798.5;0.0
3;8800;VEV_6500;0;19;;;;;1;19;;;;;0.5;0.0
3;8800;VEV_5300;59;9;58.0;10.0;;;61;19;;;;;60.0;0.0
3;8800;VEV_5400;21;9;20.0;10.0;;;22;19;;;;;21.5;0.0
3;8800;VELVETFRUIT_EXTRACT;5296;60;;;;;5302;60;;;;;5299.0;0.0
3;8900;VEV_5500;7;20;;;;;8;20;;;;;7.5;0.0
3;8900;VEV_4500;791;12;789.0;21.0;;;808;12;810.0;21.0;;;799.5;0.0
3;8900;VEV_6500;0;21;;;;;1;21;;;;;0.5;0.0
3;8900;VEV_5300;59;20;;;;;61;20;;;;;60.0;0.0
3;8900;VEV_5400;21;20;;;;;22;20;;;;;21.5;0.0
3;8900;VELVETFRUIT_EXTRACT;5297;15;5296.0;36.0;;;5302;15;5303.0;36.0;;;5299.5;0.0
3;8900;HYDROGEL_PACK;10001;10;9999.0;27.0;;;10017;10;10020.0;27.0;;;10009.0;0.0
3;8900;VEV_4000;1289;14;1286.0;18.0;;;1310;14;1313.0;18.0;;;1299.5;0.0
3;8900;VEV_5100;203;12;202.0;21.0;;;208;33;;;;;205.5;0.0
3;8900;VEV_5200;121;12;120.0;21.0;;;124;33;;;;;122.5;0.0
3;8900;VEV_5000;297;12;296.0;21.0;;;304;12;305.0;21.0;;;300.5;0.0
3;8900;VEV_6000;0;20;;;;;1;20;;;;;0.5;0.0
3;9000;VELVETFRUIT_EXTRACT;5296;20;5295.0;43.0;;;5301;20;5302.0;43.0;;;5298.5;0.0
3;9000;VEV_4000;1288;9;1285.0;17.0;;;1310;9;1312.0;17.0;;;1299.0;0.0
3;9000;VEV_5100;202;8;201.0;17.0;;;207;8;208.0;17.0;;;204.5;0.0
3;9000;VEV_5200;120;25;;;;;123;8;124.0;17.0;;;121.5;0.0
3;9000;VEV_5000;296;25;;;;;303;8;304.0;17.0;;;299.5;0.0
3;9000;VEV_6000;0;27;;;;;1;27;;;;;0.5;0.0
3;9000;VEV_5500;7;27;;;;;8;27;;;;;7.5;0.0
3;9000;HYDROGEL_PACK;10002;15;9999.0;22.0;;;10018;15;10020.0;22.0;;;10010.0;0.0
3;9000;VEV_4500;790;8;788.0;17.0;;;807;8;809.0;17.0;;;798.5;0.0
3;9000;VEV_6500;0;13;;;;;1;13;;;;;0.5;0.0
3;9000;VEV_5300;58;27;;;;;61;27;;;;;59.5;0.0
3;9000;VEV_5400;20;27;;;;;22;27;;;;;21.0;0.0
3;9100;VELVETFRUIT_EXTRACT;5297;54;;;;;5303;54;;;;;5300.0;0.0
3;9100;HYDROGEL_PACK;10003;14;10000.0;29.0;;;10019;14;10021.0;29.0;;;10011.0;0.0
3;9100;VEV_4000;1289;15;1287.0;27.0;;;1311;15;1314.0;27.0;;;1300.0;0.0
3;9100;VEV_5100;203;23;;;;;208;11;209.0;12.0;;;205.5;0.0
3;9100;VEV_5200;121;23;;;;;124;11;125.0;12.0;;;122.5;0.0
3;9100;VEV_5000;298;11;297.0;12.0;;;305;23;;;;;301.5;0.0
3;9100;VEV_6000;0;23;;;;;1;23;;;;;0.5;0.0
3;9100;VEV_5500;7;23;;;;;8;23;;;;;7.5;0.0
3;9100;VEV_4500;792;11;790.0;12.0;;;809;11;811.0;12.0;;;800.5;0.0
3;9100;VEV_6500;0;16;;;;;1;16;;;;;0.5;0.0
3;9100;VEV_5300;59;23;;;;;62;23;;;;;60.5;0.0
3;9100;VEV_5400;21;23;;;;;22;23;;;;;21.5;0.0
3;9200;VEV_4000;1288;15;1286.0;18.0;;;1310;15;1313.0;18.0;;;1299.0;0.0
3;9200;VEV_5100;202;24;;;;;207;12;208.0;12.0;;;204.5;0.0
3;9200;VEV_5200;120;24;;;;;124;24;;;;;122.0;0.0
3;9200;VEV_5000;297;12;296.0;12.0;;;304;12;305.0;12.0;;;300.5;0.0
3;9200;VEV_6000;0;23;;;;;1;23;;;;;0.5;0.0
3;9200;HYDROGEL_PACK;10002;15;10000.0;22.0;;;10018;15;10021.0;22.0;;;10010.0;0.0
3;9200;VEV_4500;791;12;789.0;12.0;;;808;12;810.0;12.0;;;799.5;0.0
3;9200;VEV_5500;7;23;;;;;8;23;;;;;7.5;0.0
3;9200;VEV_6500;0;15;;;;;1;15;;;;;0.5;0.0
3;9200;VEV_5300;59;5;58.0;18.0;;;61;23;;;;;60.0;0.0
3;9200;VEV_5400;21;5;20.0;18.0;;;22;23;;;;;21.5;0.0
3;9200;VELVETFRUIT_EXTRACT;5297;21;5296.0;41.0;;;5302;62;;;;;5299.5;0.0
3;9300;VEV_4500;789;9;787.0;13.0;;;806;9;808.0;13.0;;;797.5;0.0
3;9300;VEV_5500;7;26;;;;;8;26;;;;;7.5;0.0
3;9300;VEV_5400;20;26;;;;;22;26;;;;;21.0;0.0
3;9300;VEV_6500;0;14;;;;;1;14;;;;;0.5;0.0
3;9300;VEV_5300;58;26;;;;;60;10;61.0;16.0;;;59.0;0.0
3;9300;VELVETFRUIT_EXTRACT;5295;65;;;;;5300;19;5301.0;46.0;;;5297.5;0.0
3;9300;HYDROGEL_PACK;9999;14;9997.0;30.0;;;10015;14;10018.0;30.0;;;10007.0;0.0
3;9300;VEV_4000;1287;10;1284.0;19.0;;;1309;10;1311.0;19.0;;;1298.0;0.0
3;9300;VEV_5200;119;22;;;;;123;22;;;;;121.0;0.0
3;9300;VEV_5100;201;22;;;;;206;9;207.0;13.0;;;203.5;0.0
3;9300;VEV_5000;295;22;;;;;302;9;303.0;13.0;;;298.5;0.0
3;9300;VEV_6000;0;26;;;;;1;26;;;;;0.5;0.0
3;9400;VELVETFRUIT_EXTRACT;5295;59;;;;;5301;59;;;;;5298.0;0.0
3;9400;VEV_4000;1287;12;1285.0;27.0;;;1309;12;1312.0;27.0;;;1298.0;0.0
3;9400;VEV_5200;120;9;119.0;12.0;;;123;21;;;;;121.5;0.0
3;9400;VEV_5100;201;21;;;;;206;9;207.0;12.0;;;203.5;0.0
3;9400;VEV_5000;296;9;295.0;12.0;;;303;21;;;;;299.5;0.0
3;9400;VEV_6000;0;25;;;;;1;25;;;;;0.5;0.0
3;9400;HYDROGEL_PACK;9997;13;9994.0;26.0;;;10013;13;10015.0;26.0;;;10005.0;0.0
3;9400;VEV_4500;790;9;788.0;12.0;;;807;9;809.0;12.0;;;798.5;0.0
3;9400;VEV_5500;7;25;;;;;8;25;;;;;7.5;0.0
3;9400;VEV_5400;20;25;;;;;22;25;;;;;21.0;0.0
3;9400;VEV_6500;0;21;;;;;1;21;;;;;0.5;0.0
3;9400;VEV_5300;58;25;;;;;61;25;;;;;59.5;0.0
3;9500;VELVETFRUIT_EXTRACT;5295;23;5294.0;43.0;;;5300;23;5301.0;43.0;;;5297.5;0.0
3;9500;HYDROGEL_PACK;9996;10;9993.0;23.0;;;10012;10;10014.0;23.0;;;10004.0;0.0
3;9500;VEV_4000;1287;11;1284.0;30.0;;;1308;11;1311.0;30.0;;;1297.5;0.0
3;9500;VEV_5200;119;33;;;;;123;33;;;;;121.0;0.0
3;9500;VEV_5100;201;12;200.0;21.0;;;206;33;;;;;203.5;0.0
3;9500;VEV_5000;295;12;294.0;21.0;;;302;12;303.0;21.0;;;298.5;0.0
3;9500;VEV_6000;0;28;;;;;1;28;;;;;0.5;0.0
3;9500;VEV_4500;789;12;787.0;21.0;;;806;12;808.0;21.0;;;797.5;0.0
3;9500;VEV_5500;7;28;;;;;8;28;;;;;7.5;0.0
3;9500;VEV_5400;20;28;;;;;22;28;;;;;21.0;0.0
3;9500;VEV_6500;0;14;;;;;1;14;;;;;0.5;0.0
3;9500;VEV_5300;58;28;;;;;60;28;;;;;59.0;0.0
3;9600;VEV_4000;1287;12;1284.0;17.0;;;1308;12;1311.0;17.0;;;1297.5;0.0
3;9600;VEV_5200;119;25;;;;;122;7;123.0;18.0;;;120.5;0.0
3;9600;VEV_5100;201;7;200.0;18.0;;;206;25;;;;;203.5;0.0
3;9600;VEV_5000;295;7;294.0;18.0;;;302;7;303.0;18.0;;;298.5;0.0
3;9600;VEV_6000;0;18;;;;;1;18;;;;;0.5;0.0
3;9600;VEV_4500;789;7;787.0;18.0;;;806;7;808.0;18.0;;;797.5;0.0
3;9600;VEV_5500;7;18;;;;;8;18;;;;;7.5;0.0
3;9600;VEV_5400;20;18;;;;;22;18;;;;;21.0;0.0
3;9600;VEV_6500;0;19;;;;;1;19;;;;;0.5;0.0
3;9600;HYDROGEL_PACK;9994;12;9992.0;30.0;;;10010;12;10013.0;30.0;;;10002.0;0.0
3;9600;VEV_5300;58;18;;;;;60;18;;;;;59.0;0.0
3;9600;VELVETFRUIT_EXTRACT;5295;20;5294.0;43.0;;;5300;20;5301.0;43.0;;;5297.5;0.0
3;9700;VEV_4500;790;7;788.0;12.0;;;807;7;809.0;12.0;;;798.5;0.0
3;9700;VEV_5500;7;19;;;;;8;19;;;;;7.5;0.0
3;9700;VEV_5400;20;19;;;;;22;19;;;;;21.0;0.0
3;9700;VEV_6500;0;12;;;;;1;12;;;;;0.5;0.0
3;9700;VEV_5300;58;19;;;;;61;19;;;;;59.5;0.0
3;9700;VELVETFRUIT_EXTRACT;5296;19;5295.0;50.0;;;5301;69;;;;;5298.5;0.0
3;9700;HYDROGEL_PACK;9993;10;9990.0;20.0;;;10009;10;10011.0;20.0;;;10001.0;0.0
3;9700;VEV_4000;1287;14;1285.0;15.0;;;1309;14;1312.0;15.0;;;1298.0;0.0
3;9700;VEV_5200;120;7;119.0;12.0;;;123;19;;;;;121.5;0.0
3;9700;VEV_5100;201;19;;;;;207;19;;;;;204.0;0.0
3;9700;VEV_5000;296;7;295.0;12.0;;;303;7;304.0;12.0;;;299.5;0.0
3;9700;VEV_6000;0;19;;;;;1;19;;;;;0.5;0.0
3;9800;VELVETFRUIT_EXTRACT;5295;23;5294.0;50.0;;;5300;23;5301.0;50.0;;;5297.5;0.0
3;9800;VEV_5200;119;27;;;;;122;6;123.0;21.0;;;120.5;0.0
3;9800;VEV_6500;0;18;;;;;1;18;;;;;0.5;0.0
3;9800;VEV_4000;1287;7;1284.0;27.0;;;1308;7;1311.0;27.0;;;1297.5;0.0
3;9800;VEV_5100;201;6;200.0;21.0;;;206;27;;;;;203.5;0.0
3;9800;VEV_5000;295;6;294.0;21.0;;;302;6;303.0;21.0;;;298.5;0.0
3;9800;VEV_6000;0;22;;;;;1;22;;;;;0.5;0.0
3;9800;VEV_4500;789;6;787.0;21.0;;;806;6;808.0;21.0;;;797.5;0.0
3;9800;VEV_5500;7;22;;;;;8;22;;;;;7.5;0.0
3;9800;VEV_5400;20;22;;;;;22;22;;;;;21.0;0.0
3;9800;HYDROGEL_PACK;9991;12;9989.0;21.0;;;10007;12;10010.0;21.0;;;9999.0;0.0
3;9800;VEV_5300;58;22;;;;;60;22;;;;;59.0;0.0
3;9900;VEV_6000;0;22;;;;;1;22;;;;;0.5;0.0
3;9900;VELVETFRUIT_EXTRACT;5294;24;5293.0;47.0;;;5299;71;;;;;5296.5;0.0
3;9900;HYDROGEL_PACK;9988;14;9985.0;21.0;;;10004;14;10006.0;21.0;;;9996.0;0.0
3;9900;VEV_5200;118;23;;;;;122;23;;;;;120.0;0.0
3;9900;VEV_4000;1285;7;1283.0;26.0;;;1307;7;1310.0;26.0;;;1296.0;0.0
3;9900;VEV_5100;200;11;199.0;12.0;;;205;23;;;;;202.5;0.0
3;9900;VEV_5000;294;11;293.0;12.0;;;301;11;302.0;12.0;;;297.5;0.0
3;9900;VEV_4500;788;11;786.0;12.0;;;805;11;807.0;12.0;;;796.5;0.0
3;9900;VEV_5500;6;22;;;;;8;22;;;;;7.0;0.0
3;9900;VEV_5400;20;22;;;;;21;22;;;;;20.5;0.0
3;9900;VEV_5300;57;22;;;;;60;22;;;;;58.5;0.0
3;9900;VEV_6500;0;15;;;;;1;15;;;;;0.5;0.0
3;10000;VEV_5200;118;20;;;;;122;20;;;;;120.0;0.0
3;10000;VEV_6500;0;13;;;;;1;13;;;;;0.5;0.0
3;10000;VEV_4000;1286;12;1283.0;16.0;;;1307;12;1310.0;16.0;;;1296.5;0.0
3;10000;VEV_5100;200;7;199.0;13.0;;;205;7;206.0;13.0;;;202.5;0.0
3;10000;VEV_5000;294;7;293.0;13.0;;;301;7;302.0;13.0;;;297.5;0.0
3;10000;VEV_6000;0;19;;;;;1;19;;;;;0.5;0.0
3;10000;VEV_4500;788;7;786.0;13.0;;;805;7;807.0;13.0;;;796.5;0.0
3;10000;VEV_5500;6;19;;;;;8;19;;;;;7.0;0.0
3;10000;VEV_5400;20;19;;;;;21;19;;;;;20.5;0.0
3;10000;HYDROGEL_PACK;9987;14;9984.0;22.0;;;10003;14;10005.0;22.0;;;9995.0;0.0
3;10000;VEV_5300;57;19;;;;;60;19;;;;;58.5;0.0
3;10000;VELVETFRUIT_EXTRACT;5294;22;5293.0;36.0;;;5299;22;5300.0;36.0;;;5296.5;0.0
3;10100;VEV_4500;788;12;786.0;24.0;;;805;12;807.0;24.0;;;796.5;0.0
3;10100;VEV_5500;6;18;;;;;8;18;;;;;7.0;0.0
3;10100;VEV_5400;20;18;;;;;21;18;;;;;20.5;0.0
3;10100;VEV_5300;57;18;;;;;59;8;60.0;10.0;;;58.0;0.0
3;10100;VEV_6500;0;16;;;;;1;16;;;;;0.5;0.0
3;10100;VEV_6000;0;18;;;;;1;18;;;;;0.5;0.0
3;10100;VELVETFRUIT_EXTRACT;5293;66;;;;;5299;66;;;;;5296.0;0.0
3;10100;HYDROGEL_PACK;9989;11;9987.0;22.0;;;10005;11;10008.0;22.0;;;9997.0;0.0
3;10100;VEV_5200;118;36;;;;;121;12;122.0;24.0;;;119.5;0.0
3;10100;VEV_4000;1285;8;1283.0;17.0;;;1307;8;1310.0;17.0;;;1296.0;0.0
3;10100;VEV_5100;200;12;199.0;24.0;;;205;36;;;;;202.5;0.0
3;10100;VEV_5000;294;12;293.0;24.0;;;301;36;;;;;297.5;0.0
3;10200;VELVETFRUIT_EXTRACT;5292;53;;;;;5294;9;5297.0;23.0;5298.0;30.0;5293.0;0.0
3;10200;VEV_5200;117;26;;;;;120;8;121.0;18.0;;;118.5;0.0
3;10200;VEV_6500;0;13;;;;;1;13;;;;;0.5;0.0
3;10200;VEV_4000;1284;7;1281.0;26.0;;;1306;7;1308.0;26.0;;;1295.0;0.0
3;10200;VEV_5100;198;26;;;;;203;8;204.0;18.0;;;200.5;0.0
3;10200;VEV_5000;293;8;292.0;18.0;;;299;8;300.0;18.0;;;296.0;0.0
3;10200;VEV_6000;0;20;;;;;1;20;;;;;0.5;0.0
3;10200;VEV_4500;786;8;784.0;18.0;;;803;8;805.0;18.0;;;794.5;0.0
3;10200;VEV_5500;6;20;;;;;7;20;;;;;6.5;0.0
3;10200;VEV_5400;19;20;;;;;21;20;;;;;20.0;0.0
3;10200;HYDROGEL_PACK;9986;14;9984.0;29.0;;;10002;14;10005.0;29.0;;;9994.0;0.0
3;10200;VEV_5300;56;20;;;;;59;20;;;;;57.5;0.0
3;10300;VEV_6000;0;24;;;;;1;24;;;;;0.5;0.0
3;10300;VELVETFRUIT_EXTRACT;5292;67;;;;;5297;20;5298.0;47.0;;;5294.5;0.0
3;10300;HYDROGEL_PACK;9990;12;9988.0;25.0;;;10006;12;10009.0;25.0;;;9998.0;0.0
3;10300;VEV_5200;117;30;;;;;120;7;121.0;23.0;;;118.5;0.0
3;10300;VEV_4000;1284;9;1281.0;15.0;;;1306;9;1308.0;15.0;;;1295.0;0.0
3;10300;VEV_5100;198;30;;;;;203;7;204.0;23.0;;;200.5;0.0
3;10300;VEV_5000;293;7;292.0;23.0;;;299;7;300.0;23.0;;;296.0;0.0
3;10300;VEV_4500;786;7;784.0;23.0;;;803;7;805.0;23.0;;;794.5;0.0
3;10300;VEV_5500;6;24;;;;;7;24;;;;;6.5;0.0
3;10300;VEV_5400;19;24;;;;;21;24;;;;;20.0;0.0
3;10300;VEV_5300;56;24;;;;;59;24;;;;;57.5;0.0
3;10300;VEV_6500;0;16;;;;;1;16;;;;;0.5;0.0
3;10400;VEV_5300;55;21;;;;;58;21;;;;;56.5;0.0
3;10400;VEV_5400;19;21;;;;;20;9;21.0;12.0;;;19.5;0.0
3;10400;VEV_6500;0;21;;;;;1;21;;;;;0.5;0.0
3;10400;VEV_4000;1282;10;1279.0;25.0;;;1304;10;1306.0;25.0;;;1293.0;0.0
3;10400;VEV_5500;6;21;;;;;7;21;;;;;6.5;0.0
3;10400;VEV_6000;0;21;;;;;1;21;;;;;0.5;0.0
3;10400;VEV_4500;784;6;782.0;17.0;;;801;6;803.0;17.0;;;792.5;0.0
3;10400;VEV_5000;290;23;;;;;297;6;298.0;17.0;;;293.5;0.0
3;10400;VEV_5100;196;23;;;;;201;6;202.0;17.0;;;198.5;0.0
3;10400;HYDROGEL_PACK;9992;11;9990.0;25.0;;;10008;11;10011.0;25.0;;;10000.0;0.0
3;10400;VEV_5200;115;23;;;;;119;23;;;;;117.0;0.0
3;10400;VELVETFRUIT_EXTRACT;5293;12;5290.0;61.0;;;5295;21;5296.0;40.0;;;5294.0;0.0
3;10500;VEV_4500;785;6;783.0;21.0;;;802;6;804.0;21.0;;;793.5;0.0
3;10500;VEV_5300;56;27;;;;;58;27;;;;;57.0;0.0
3;10500;VEV_5400;19;27;;;;;21;27;;;;;20.0;0.0
3;10500;VEV_6500;0;16;;;;;1;16;;;;;0.5;0.0
3;10500;VEV_5500;6;27;;;;;7;27;;;;;6.5;0.0
3;10500;VEV_6000;0;27;;;;;1;27;;;;;0.5;0.0
3;10500;VEV_5000;291;27;;;;;298;6;299.0;21.0;;;294.5;0.0
3;10500;VELVETFRUIT_EXTRACT;5293;5;5291.0;22.0;5290.0;34.0;5296;22;5297.0;34.0;;;5294.5;0.0
3;10500;VEV_5100;197;27;;;;;202;6;203.0;21.0;;;199.5;0.0
3;10500;HYDROGEL_PACK;9990;11;9988.0;27.0;;;10006;11;10009.0;27.0;;;9998.0;0.0
3;10500;VEV_5200;116;27;;;;;119;6;120.0;21.0;;;117.5;0.0
3;10500;VEV_4000;1283;11;1280.0;16.0;;;1304;11;1307.0;16.0;;;1293.5;0.0
3;10600;VELVETFRUIT_EXTRACT;5291;19;5290.0;41.0;;;5296;19;5297.0;41.0;;;5293.5;0.0
3;10600;VEV_5300;56;29;;;;;58;29;;;;;57.0;0.0
3;10600;VEV_5400;19;29;;;;;21;29;;;;;20.0;0.0
3;10600;VEV_6500;0;16;;;;;1;16;;;;;0.5;0.0
3;10600;VEV_4000;1283;14;1280.0;19.0;;;1304;14;1307.0;19.0;;;1293.5;0.0
3;10600;VEV_5500;6;29;;;;;7;29;;;;;6.5;0.0
3;10600;VEV_6000;0;29;;;;;1;29;;;;;0.5;0.0
3;10600;VEV_4500;785;7;783.0;15.0;;;802;7;804.0;15.0;;;793.5;0.0
3;10600;VEV_5000;291;22;;;;;298;7;299.0;15.0;;;294.5;0.0
3;10600;VEV_5100;197;22;;;;;202;7;203.0;15.0;;;199.5;0.0
3;10600;HYDROGEL_PACK;9993;13;9990.0;23.0;;;10009;13;10011.0;23.0;;;10001.0;0.0
3;10600;VEV_5200;116;22;;;;;120;22;;;;;118.0;0.0
3;10700;VEV_6000;0;24;;;;;1;24;;;;;0.5;0.0
3;10700;VEV_5000;290;26;;;;;297;12;298.0;14.0;;;293.5;0.0
3;10700;VELVETFRUIT_EXTRACT;5290;18;5289.0;33.0;;;5295;18;5296.0;33.0;;;5292.5;0.0
3;10700;VEV_5100;196;26;;;;;201;12;202.0;14.0;;;198.5;0.0
3;10700;VEV_5200;115;26;;;;;119;26;;;;;117.0;0.0
3;10700;HYDROGEL_PACK;9991;13;9988.0;21.0;;;10007;13;10009.0;21.0;;;9999.0;0.0
3;10700;VEV_4000;1282;9;1279.0;22.0;;;1303;9;1306.0;22.0;;;1292.5;0.0
3;10700;VEV_4500;784;12;782.0;14.0;;;801;12;803.0;14.0;;;792.5;0.0
3;10700;VEV_5300;55;24;;;;;58;24;;;;;56.5;0.0
3;10700;VEV_5400;19;24;;;;;20;24;;;;;19.5;0.0
3;10700;VEV_6500;0;14;;;;;1;14;;;;;0.5;0.0
3;10700;VEV_5500;6;24;;;;;7;24;;;;;6.5;0.0
3;10800;VEV_5300;56;27;;;;;58;27;;;;;57.0;0.0
3;10800;VEV_5400;19;27;;;;;21;27;;;;;20.0;0.0
3;10800;VEV_6500;0;14;;;;;1;14;;;;;0.5;0.0
3;10800;VEV_4000;1282;9;1280.0;27.0;;;1304;9;1307.0;27.0;;;1293.0;0.0
3;10800;VEV_5500;6;27;;;;;7;27;;;;;6.5;0.0
3;10800;VEV_6000;0;27;;;;;1;27;;;;;0.5;0.0
3;10800;VEV_4500;785;12;783.0;24.0;;;802;12;804.0;24.0;;;793.5;0.0
3;10800;VEV_5000;291;12;290.0;24.0;;;298;12;299.0;24.0;;;294.5;0.0
3;10800;VEV_5100;197;36;;;;;202;12;203.0;24.0;;;199.5;0.0
3;10800;VEV_5200;116;36;;;;;119;12;120.0;24.0;;;117.5;0.0
3;10800;HYDROGEL_PACK;9988;10;9986.0;23.0;;;10004;10;10007.0;23.0;;;9996.0;0.0
3;10800;VELVETFRUIT_EXTRACT;5291;21;5290.0;32.0;;;5296;53;;;;;5293.5;0.0
3;10900;VEV_5300;56;21;;;;;58;21;;;;;57.0;0.0
3;10900;VEV_5400;19;21;;;;;21;21;;;;;20.0;0.0
3;10900;VEV_6500;0;15;;;;;1;15;;;;;0.5;0.0
3;10900;VEV_5500;6;21;;;;;7;21;;;;;6.5;0.0
3;10900;VEV_4500;785;9;783.0;15.0;;;802;9;804.0;15.0;;;793.5;0.0
3;10900;VEV_6000;0;21;;;;;1;21;;;;;0.5;0.0
3;10900;VEV_5000;291;9;290.0;15.0;;;298;9;299.0;15.0;;;294.5;0.0
3;10900;VELVETFRUIT_EXTRACT;5291;15;5290.0;38.0;;;5296;53;;;;;5293.5;0.0
3;10900;VEV_4000;1283;10;1280.0;25.0;;;1304;10;1307.0;25.0;;;1293.5;0.0
3;10900;VEV_5100;197;24;;;;;202;9;203.0;15.0;;;199.5;0.0
3;10900;VEV_5200;116;24;;;;;119;9;120.0;15.0;;;117.5;0.0
3;10900;HYDROGEL_PACK;9985;13;9982.0;25.0;;;10001;13;10003.0;25.0;;;9993.0;0.0
3;11000;VELVETFRUIT_EXTRACT;5290;25;5289.0;46.0;;;5295;71;;;;;5292.5;0.0
3;11000;VEV_6500;0;15;;;;;1;15;;;;;0.5;0.0
3;11000;VEV_5300;55;23;;;;;58;23;;;;;56.5;0.0
3;11000;VEV_5400;19;23;;;;;20;23;;;;;19.5;0.0
3;11000;VEV_5500;6;23;;;;;7;23;;;;;6.5;0.0
3;11000;VEV_4500;784;12;782.0;24.0;;;801;12;803.0;24.0;;;792.5;0.0
3;11000;VEV_5000;290;12;289.0;24.0;;;297;12;298.0;24.0;;;293.5;0.0
3;11000;VEV_6000;0;23;;;;;1;23;;;;;0.5;0.0
3;11000;VEV_4000;1281;9;1279.0;21.0;;;1303;9;1306.0;21.0;;;1292.0;0.0
3;11000;VEV_5100;196;36;;;;;201;12;202.0;24.0;;;198.5;0.0
3;11000;VEV_5200;115;36;;;;;119;36;;;;;117.0;0.0
3;11000;HYDROGEL_PACK;9987;13;9985.0;21.0;;;10003;13;10006.0;21.0;;;9995.0;0.0
3;11100;VEV_5000;291;32;;;;;298;9;299.0;23.0;;;294.5;0.0
3;11100;VEV_6000;0;24;;;;;1;24;;;;;0.5;0.0
3;11100;VEV_4000;1283;10;1280.0;21.0;;;1304;10;1307.0;21.0;;;1293.5;0.0
3;11100;VEV_5100;197;32;;;;;202;9;203.0;23.0;;;199.5;0.0
3;11100;VELVETFRUIT_EXTRACT;5291;18;5290.0;43.0;;;5296;18;5297.0;43.0;;;5293.5;0.0
3;11100;VEV_5200;116;32;;;;;119;9;120.0;23.0;;;117.5;0.0
3;11100;HYDROGEL_PACK;9989;11;9986.0;26.0;;;10005;11;10007.0;26.0;;;9997.0;0.0
3;11100;VEV_6500;0;15;;;;;1;15;;;;;0.5;0.0
3;11100;VEV_5300;56;24;;;;;58;24;;;;;57.0;0.0
3;11100;VEV_5400;19;24;;;;;21;24;;;;;20.0;0.0
3;11100;VEV_5500;6;24;;;;;7;24;;;;;6.5;0.0
3;11100;VEV_4500;785;9;783.0;23.0;;;802;9;804.0;23.0;;;793.5;0.0
3;11200;VEV_6500;0;20;;;;;1;20;;;;;0.5;0.0
3;11200;VEV_5300;56;15;;;;;58;5;59.0;10.0;;;57.0;0.0
3;11200;VEV_5400;19;15;;;;;21;15;;;;;20.0;0.0
3;11200;VEV_5500;6;15;;;;;7;15;;;;;6.5;0.0
3;11200;VEV_4500;785;7;783.0;14.0;;;802;7;804.0;14.0;;;793.5;0.0
3;11200;VEV_5000;292;7;291.0;14.0;;;298;7;299.0;14.0;;;295.0;0.0
3;11200;VEV_6000;0;15;;;;;1;15;;;;;0.5;0.0
3;11200;VEV_4000;1283;15;1280.0;28.0;;;1305;15;1307.0;28.0;;;1294.0;0.0
3;11200;VEV_5100;197;21;;;;;202;7;203.0;14.0;;;199.5;0.0
3;11200;VEV_5200;116;21;;;;;120;21;;;;;118.0;0.0
3;11200;HYDROGEL_PACK;9991;11;9989.0;27.0;;;10007;11;10010.0;27.0;;;9999.0;0.0
3;11200;VELVETFRUIT_EXTRACT;5291;53;;;;;5296;19;5297.0;34.0;;;5293.5;0.0
3;11300;VEV_6500;0;14;;;;;1;14;;;;;0.5;0.0
3;11300;VEV_5300;56;19;;;;;58;19;;;;;57.0;0.0
3;11300;VEV_5400;19;19;;;;;21;19;;;;;20.0;0.0
3;11300;VEV_5500;6;19;;;;;7;19;;;;;6.5;0.0
3;11300;VEV_4500;785;11;783.0;20.0;;;802;11;804.0;20.0;;;793.5;0.0
3;11300;VEV_5000;291;11;290.0;20.0;;;298;11;299.0;20.0;;;294.5;0.0
3;11300;VEV_6000;0;19;;;;;1;19;;;;;0.5;0.0
3;11300;VEV_4000;1283;11;1280.0;27.0;;;1304;11;1307.0;27.0;;;1293.5;0.0
3;11300;VEV_5100;197;31;;;;;202;11;203.0;20.0;;;199.5;0.0
3;11300;VELVETFRUIT_EXTRACT;5291;21;5290.0;45.0;;;5296;21;5297.0;45.0;;;5293.5;0.0
3;11300;VEV_5200;116;31;;;;;119;11;120.0;20.0;;;117.5;0.0
3;11300;HYDROGEL_PACK;9992;13;9989.0;26.0;;;10008;13;10010.0;26.0;;;10000.0;0.0
3;11400;VELVETFRUIT_EXTRACT;5292;55;;;;;5297;22;5298.0;33.0;;;5294.5;0.0
3;11400;VEV_6500;0;12;;;;;1;12;;;;;0.5;0.0
3;11400;VEV_5300;57;8;56.0;19.0;;;59;27;;;;;58.0;0.0
3;11400;VEV_5400;20;8;19.0;19.0;;;21;27;;;;;20.5;0.0
3;11400;VEV_5500;6;27;;;;;7;8;8.0;19.0;;;6.5;0.0
3;11400;VEV_4500;786;9;784.0;17.0;;;803;9;805.0;17.0;;;794.5;0.0
3;11400;VEV_5000;293;9;292.0;17.0;;;300;26;;;;;296.5;0.0
3;11400;VEV_6000;0;27;;;;;1;27;;;;;0.5;0.0
3;11400;VEV_4000;1284;10;1281.0;25.0;;;1306;10;1308.0;25.0;;;1295.0;0.0
3;11400;VEV_5100;198;26;;;;;204;26;;;;;201.0;0.0
3;11400;VEV_5200;117;26;;;;;121;26;;;;;119.0;0.0
3;11400;HYDROGEL_PACK;9989;11;9987.0;28.0;;;10005;11;10008.0;28.0;;;9997.0;0.0
3;11500;VEV_5000;291;28;;;;;298;12;299.0;16.0;;;294.5;0.0
3;11500;VEV_6000;0;24;;;;;1;24;;;;;0.5;0.0
3;11500;VEV_4000;1283;11;1280.0;18.0;;;1304;11;1307.0;18.0;;;1293.5;0.0
3;11500;VEV_5200;116;28;;;;;119;12;120.0;16.0;;;117.5;0.0
3;11500;VELVETFRUIT_EXTRACT;5291;23;5290.0;32.0;;;5296;23;5297.0;32.0;;;5293.5;0.0
3;11500;VEV_5100;197;28;;;;;202;12;203.0;16.0;;;199.5;0.0
3;11500;HYDROGEL_PACK;9991;13;9988.0;27.0;;;10007;13;10009.0;27.0;;;9999.0;0.0
3;11500;VEV_5400;19;24;;;;;21;24;;;;;20.0;0.0
3;11500;VEV_6500;0;14;;;;;1;14;;;;;0.5;0.0
3;11500;VEV_5300;56;24;;;;;58;24;;;;;57.0;0.0
3;11500;VEV_4500;785;12;783.0;16.0;;;802;12;804.0;16.0;;;793.5;0.0
3;11500;VEV_5500;6;24;;;;;7;24;;;;;6.5;0.0
3;11600;VEV_5400;19;20;;;;;21;20;;;;;20.0;0.0
3;11600;VEV_6500;0;14;;;;;1;14;;;;;0.5;0.0
3;11600;VEV_5300;56;20;;;;;58;20;;;;;57.0;0.0
3;11600;VEV_4500;785;12;783.0;22.0;;;802;12;804.0;22.0;;;793.5;0.0
3;11600;VEV_5500;6;20;;;;;7;20;;;;;6.5;0.0
3;11600;VEV_5000;291;34;;;;;298;12;299.0;22.0;;;294.5;0.0
3;11600;VEV_6000;0;20;;;;;1;20;;;;;0.5;0.0
3;11600;VEV_4000;1283;9;1280.0;29.0;;;1304;9;1307.0;29.0;;;1293.5;0.0
3;11600;VEV_5200;116;34;;;;;120;34;;;;;118.0;0.0
3;11600;VEV_5100;197;34;;;;;202;12;203.0;22.0;;;199.5;0.0
3;11600;HYDROGEL_PACK;9991;10;9989.0;27.0;;;10007;10;10010.0;27.0;;;9999.0;0.0
3;11600;VELVETFRUIT_EXTRACT;5293;8;5291.0;20.0;5290.0;41.0;5296;20;5297.0;41.0;;;5294.5;0.0
3;11700;VEV_5400;19;20;;;;;21;20;;;;;20.0;0.0
3;11700;VEV_6500;0;17;;;;;1;17;;;;;0.5;0.0
3;11700;VEV_5300;56;6;55.0;14.0;;;58;20;;;;;57.0;0.0
3;11700;VEV_4500;785;12;783.0;17.0;;;801;12;803.0;17.0;;;793.0;0.0
3;11700;VEV_5500;6;20;;;;;7;20;;;;;6.5;0.0
3;11700;VEV_5000;291;12;290.0;17.0;;;298;29;;;;;294.5;0.0
3;11700;VEV_6000;0;20;;;;;1;20;;;;;0.5;0.0
3;11700;VEV_4000;1282;7;1280.0;18.0;;;1304;7;1306.0;18.0;;;1293.0;0.0
3;11700;VEV_5200;116;12;115.0;17.0;;;119;29;;;;;117.5;0.0
3;11700;VELVETFRUIT_EXTRACT;5290;57;;;;;5296;57;;;;;5293.0;0.0
3;11700;VEV_5100;197;12;196.0;17.0;;;202;29;;;;;199.5;0.0
3;11700;HYDROGEL_PACK;9991;14;9988.0;21.0;;;10007;14;10009.0;21.0;;;9999.0;0.0
3;11800;HYDROGEL_PACK;9992;12;9990.0;22.0;;;10008;12;10011.0;22.0;;;10000.0;0.0
3;11800;VELVETFRUIT_EXTRACT;5291;21;5290.0;43.0;;;5296;21;5297.0;43.0;;;5293.5;0.0
3;11800;VEV_5400;19;16;;;;;21;16;;;;;20.0;0.0
3;11800;VEV_6500;0;17;;;;;1;17;;;;;0.5;0.0
3;11800;VEV_5300;56;16;;;;;58;6;59.0;10.0;;;57.0;0.0
3;11800;VEV_4500;785;8;783.0;17.0;;;802;8;804.0;17.0;;;793.5;0.0
3;11800;VEV_5500;6;16;;;;;7;16;;;;;6.5;0.0
3;11800;VEV_5000;291;25;;;;;298;8;299.0;17.0;;;294.5;0.0
3;11800;VEV_6000;0;16;;;;;1;16;;;;;0.5;0.0
3;11800;VEV_4000;1283;13;1280.0;23.0;;;1304;13;1307.0;23.0;;;1293.5;0.0
3;11800;VEV_5200;116;25;;;;;120;25;;;;;118.0;0.0
3;11800;VEV_5100;197;25;;;;;202;8;203.0;17.0;;;199.5;0.0
3;11900;VEV_5000;291;8;290.0;15.0;;;298;8;299.0;15.0;;;294.5;0.0
3;11900;VEV_6000;0;28;;;;;1;28;;;;;0.5;0.0
3;11900;VEV_4000;1282;7;1280.0;21.0;;;1304;7;1307.0;21.0;;;1293.0;0.0
3;11900;VEV_5200;116;23;;;;;119;8;120.0;15.0;;;117.5;0.0
3;11900;VELVETFRUIT_EXTRACT;5290;68;;;;;5296;68;;;;;5293.0;0.0
3;11900;VEV_5100;197;8;196.0;15.0;;;202;23;;;;;199.5;0.0
3;11900;VEV_5400;19;28;;;;;21;28;;;;;20.0;0.0
3;11900;VEV_6500;0;18;;;;;1;18;;;;;0.5;0.0
3;11900;HYDROGEL_PACK;9993;15;9991.0;28.0;;;10009;15;10012.0;28.0;;;10001.0;0.0
3;11900;VEV_5300;56;28;;;;;58;28;;;;;57.0;0.0
3;11900;VEV_4500;785;8;783.0;15.0;;;802;8;804.0;15.0;;;793.5;0.0
3;11900;VEV_5500;6;28;;;;;7;28;;;;;6.5;0.0
3;12000;VEV_5400;20;8;19.0;11.0;;;21;19;;;;;20.5;0.0
3;12000;VEV_6500;0;14;;;;;1;14;;;;;0.5;0.0
3;12000;VEV_5300;57;8;56.0;11.0;;;59;19;;;;;58.0;0.0
3;12000;VEV_4500;786;8;784.0;18.0;;;803;8;805.0;18.0;;;794.5;0.0
3;12000;VEV_5500;6;19;;;;;7;8;8.0;11.0;;;6.5;0.0
3;12000;VEV_5000;293;8;292.0;18.0;;;300;26;;;;;296.5;0.0
3;12000;VEV_6000;0;19;;;;;1;19;;;;;0.5;0.0
3;12000;VEV_4000;1284;9;1281.0;15.0;;;1306;9;1308.0;15.0;;;1295.0;0.0
3;12000;VEV_5200;117;26;;;;;121;26;;;;;119.0;0.0
3;12000;VEV_5100;199;8;198.0;18.0;;;204;26;;;;;201.5;0.0
3;12000;HYDROGEL_PACK;9995;13;9993.0;25.0;;;10011;13;10014.0;25.0;;;10003.0;0.0
3;12000;VELVETFRUIT_EXTRACT;5292;55;;;;;5298;55;;;;;5295.0;0.0
3;12100;VEV_5400;19;19;;;;;21;19;;;;;20.0;0.0
3;12100;HYDROGEL_PACK;10005;10;9997.0;11.0;9995.0;27.0;10013;11;10016.0;27.0;;;10009.0;0.0
3;12100;VEV_5300;56;19;;;;;59;19;;;;;57.5;0.0
3;12100;VEV_4500;786;8;784.0;23.0;;;803;8;804.0;23.0;;;794.5;0.0
3;12100;VEV_6500;0;16;;;;;1;16;;;;;0.5;0.0
3;12100;VEV_5500;6;19;;;;;7;19;;;;;6.5;0.0
3;12100;VEV_5000;292;8;291.0;23.0;;;299;8;300.0;23.0;;;295.5;0.0
3;12100;VEV_6000;0;19;;;;;1;19;;;;;0.5;0.0
3;12100;VEV_5200;117;8;116.0;23.0;;;120;31;;;;;118.5;0.0
3;12100;VEV_4000;1283;14;1281.0;23.0;;;1305;14;1308.0;23.0;;;1294.0;0.0
3;12100;VEV_5100;198;8;197.0;23.0;;;203;31;;;;;200.5;0.0
3;12100;VELVETFRUIT_EXTRACT;5291;55;;;;;5297;55;;;;;5294.0;0.0
3;12200;HYDROGEL_PACK;9998;14;9995.0;21.0;;;10014;14;10016.0;21.0;;;10006.0;0.0
3;12200;VELVETFRUIT_EXTRACT;5290;15;5289.0;38.0;;;5295;15;5296.0;38.0;;;5292.5;0.0
3;12200;VEV_5400;19;26;;;;;20;8;21.0;18.0;;;19.5;0.0
3;12200;VEV_5300;56;8;55.0;18.0;;;58;26;;;;;57.0;0.0
3;12200;VEV_4500;784;7;782.0;16.0;;;801;7;803.0;16.0;;;792.5;0.0
3;12200;VEV_6500;0;14;;;;;1;14;;;;;0.5;0.0
3;12200;VEV_5500;6;26;;;;;7;26;;;;;6.5;0.0
3;12200;VEV_5000;290;23;;;;;297;7;298.0;16.0;;;293.5;0.0
3;12200;VEV_5200;116;7;115.0;16.0;;;119;23;;;;;117.5;0.0
3;12200;VEV_6000;0;26;;;;;1;26;;;;;0.5;0.0
3;12200;VEV_4000;1282;9;1279.0;20.0;;;1303;9;1306.0;20.0;;;1292.5;0.0
3;12200;VEV_5100;196;23;;;;;201;7;202.0;16.0;;;198.5;0.0
3;12300;VEV_5000;290;8;289.0;16.0;;;297;24;;;;;293.5;0.0
3;12300;VEV_5200;115;24;;;;;118;8;119.0;16.0;;;116.5;0.0
3;12300;VEV_6000;0;20;;;;;1;20;;;;;0.5;0.0
3;12300;VEV_4000;1281;13;1279.0;17.0;;;1303;13;1305.0;17.0;;;1292.0;0.0
3;12300;VEV_5100;196;8;195.0;16.0;;;201;24;;;;;198.5;0.0
3;12300;VELVETFRUIT_EXTRACT;5291;8;5289.0;54.0;;;5295;54;;;;;5293.0;0.0
3;12300;VEV_5400;19;20;;;;;20;20;;;;;19.5;0.0
3;12300;HYDROGEL_PACK;10001;14;9999.0;23.0;;;10017;14;10020.0;23.0;;;10009.0;0.0
3;12300;VEV_5300;55;20;;;;;58;20;;;;;56.5;0.0
3;12300;VEV_4500;784;8;782.0;16.0;;;800;8;802.0;16.0;;;792.0;0.0
3;12300;VEV_6500;0;17;;;;;1;17;;;;;0.5;0.0
3;12300;VEV_5500;6;20;;;;;7;20;;;;;6.5;0.0
3;12400;VEV_5400;19;17;;;;;20;17;;;;;19.5;0.0
3;12400;VEV_5300;55;17;;;;;58;17;;;;;56.5;0.0
3;12400;VEV_4500;783;6;781.0;12.0;;;800;6;802.0;12.0;;;791.5;0.0
3;12400;VEV_6500;0;17;;;;;1;17;;;;;0.5;0.0
3;12400;VEV_5500;6;17;;;;;7;17;;;;;6.5;0.0
3;12400;VEV_5000;290;6;289.0;12.0;;;297;18;;;;;293.5;0.0
3;12400;VEV_5200;115;18;;;;;118;6;119.0;12.0;;;116.5;0.0
3;12400;VEV_6000;0;17;;;;;1;17;;;;;0.5;0.0
3;12400;VEV_4000;1281;12;1278.0;21.0;;;1303;12;1305.0;21.0;;;1292.0;0.0
3;12400;VEV_5100;196;6;195.0;12.0;;;201;18;;;;;198.5;0.0
3;12400;HYDROGEL_PACK;10001;10;9999.0;28.0;;;10017;10;10020.0;28.0;;;10009.0;0.0
3;12400;VELVETFRUIT_EXTRACT;5289;59;;;;;5294;25;5295.0;34.0;;;5291.5;0.0
3;12500;VEV_5400;18;20;;;;;20;20;;;;;19.0;0.0
3;12500;HYDROGEL_PACK;10001;11;9998.0;26.0;;;10017;11;10019.0;26.0;;;10009.0;0.0
3;12500;VEV_5300;54;20;;;;;57;20;;;;;55.5;0.0
3;12500;VEV_4500;782;11;780.0;20.0;;;799;11;801.0;20.0;;;790.5;0.0
3;12500;VEV_6500;0;17;;;;;1;17;;;;;0.5;0.0
3;12500;VEV_5500;6;20;;;;;7;20;;;;;6.5;0.0
3;12500;VEV_5000;288;11;287.0;20.0;;;295;11;296.0;20.0;;;291.5;0.0
3;12500;VEV_5200;114;31;;;;;117;31;;;;;115.5;0.0
3;12500;VEV_6000;0;20;;;;;1;20;;;;;0.5;0.0
3;12500;VEV_4000;1279;14;1277.0;21.0;;;1301;14;1304.0;21.0;;;1290.0;0.0
3;12500;VEV_5100;194;31;;;;;199;11;200.0;20.0;;;196.5;0.0
3;12500;VELVETFRUIT_EXTRACT;5288;25;5287.0;46.0;;;5293;71;;;;;5290.5;0.0
3;12600;HYDROGEL_PACK;10000;10;9997.0;24.0;;;10016;10;10018.0;24.0;;;10008.0;0.0
3;12600;VELVETFRUIT_EXTRACT;5286;60;;;;;5292;60;;;;;5289.0;0.0
3;12600;VEV_5500;6;25;;;;;7;25;;;;;6.5;0.0
3;12600;VEV_5300;54;25;;;;;56;25;;;;;55.0;0.0
3;12600;VEV_4500;781;6;779.0;17.0;;;797;6;799.0;17.0;;;789.0;0.0
3;12600;VEV_5400;18;25;;;;;20;25;;;;;19.0;0.0
3;12600;VEV_6500;0;17;;;;;1;17;;;;;0.5;0.0
3;12600;VEV_5100;193;23;;;;;198;6;199.0;17.0;;;195.5;0.0
3;12600;VEV_5000;287;6;286.0;17.0;;;294;6;295.0;17.0;;;290.5;0.0
3;12600;VEV_5200;113;23;;;;;116;6;117.0;17.0;;;114.5;0.0
3;12600;VEV_6000;0;25;;;;;1;25;;;;;0.5;0.0
3;12600;VEV_4000;1278;8;1276.0;15.0;;;1300;8;1302.0;15.0;;;1289.0;0.0
3;12700;VEV_5100;194;6;193.0;23.0;;;199;29;;;;;196.5;0.0
3;12700;VEV_5200;113;29;;;;;117;29;;;;;115.0;0.0
3;12700;VEV_6000;0;17;;;;;1;17;;;;;0.5;0.0
3;12700;VEV_4000;1279;15;1276.0;20.0;;;1300;15;1303.0;20.0;;;1289.5;0.0
3;12700;VEV_5000;288;6;287.0;23.0;;;294;6;295.0;23.0;;;291.0;0.0
3;12700;VELVETFRUIT_EXTRACT;5287;58;;;;;5292;16;5293.0;42.0;;;5289.5;0.0
3;12700;HYDROGEL_PACK;9999;14;9996.0;20.0;;;10015;14;10017.0;20.0;;;10007.0;0.0
3;12700;VEV_5500;6;17;;;;;7;17;;;;;6.5;0.0
3;12700;VEV_5300;54;17;;;;;56;7;57.0;10.0;;;55.0;0.0
3;12700;VEV_4500;781;6;779.0;23.0;;;798;6;800.0;23.0;;;789.5;0.0
3;12700;VEV_5400;18;17;;;;;20;17;;;;;19.0;0.0
3;12700;VEV_6500;0;10;;;;;1;10;;;;;0.5;0.0
3;12800;VEV_5500;6;24;;;;;7;24;;;;;6.5;0.0
3;12800;VEV_5300;54;8;53.0;16.0;;;56;24;;;;;55.0;0.0
3;12800;VEV_4500;780;12;778.0;17.0;;;797;12;799.0;17.0;;;788.5;0.0
3;12800;VEV_5400;18;24;;;;;20;24;;;;;19.0;0.0
3;12800;VEV_6500;0;13;;;;;1;13;;;;;0.5;0.0
3;12800;VEV_5100;193;12;192.0;17.0;;;198;29;;;;;195.5;0.0
3;12800;VEV_5200;113;12;112.0;17.0;;;116;29;;;;;114.5;0.0
3;12800;VEV_6000;0;24;;;;;1;24;;;;;0.5;0.0
3;12800;VEV_4000;1278;8;1275.0;27.0;;;1299;8;1302.0;27.0;;;1288.5;0.0
3;12800;VEV_5000;286;29;;;;;293;12;294.0;17.0;;;289.5;0.0
3;12800;HYDROGEL_PACK;9997;13;9994.0;22.0;;;10013;13;10015.0;22.0;;;10005.0;0.0
3;12800;VELVETFRUIT_EXTRACT;5286;16;5285.0;48.0;;;5291;16;5292.0;48.0;;;5288.5;0.0
3;12900;HYDROGEL_PACK;9998;13;9996.0;27.0;;;10014;13;10017.0;27.0;;;10006.0;0.0
3;12900;VEV_5500;6;24;;;;;7;24;;;;;6.5;0.0
3;12900;VEV_5300;54;24;;;;;57;24;;;;;55.5;0.0
3;12900;VEV_4500;782;9;780.0;19.0;;;799;9;801.0;19.0;;;790.5;0.0
3;12900;VEV_5400;19;6;18.0;18.0;;;20;24;;;;;19.5;0.0
3;12900;VEV_6500;0;14;;;;;1;14;;;;;0.5;0.0
3;12900;VEV_5100;194;28;;;;;199;9;200.0;19.0;;;196.5;0.0
3;12900;VEV_5200;114;28;;;;;117;9;118.0;19.0;;;115.5;0.0
3;12900;VEV_6000;0;24;;;;;1;24;;;;;0.5;0.0
3;12900;VEV_4000;1280;11;1277.0;16.0;;;1301;11;1304.0;16.0;;;1290.5;0.0
3;12900;VEV_5000;288;28;;;;;295;9;296.0;19.0;;;291.5;0.0
3;12900;VELVETFRUIT_EXTRACT;5288;17;5287.0;49.0;;;5290;8;5293.0;17.0;5294.0;49.0;5289.0;0.0
3;13000;HYDROGEL_PACK;10002;15;10000.0;26.0;;;10018;15;10021.0;26.0;;;10010.0;0.0
3;13000;VELVETFRUIT_EXTRACT;5287;55;;;;;5292;15;5293.0;40.0;;;5289.5;0.0
3;13000;VEV_5500;6;19;;;;;7;19;;;;;6.5;0.0
3;13000;VEV_5300;54;19;;;;;56;9;57.0;10.0;;;55.0;0.0
3;13000;VEV_4500;781;10;779.0;18.0;;;798;10;800.0;18.0;;;789.5;0.0
3;13000;VEV_5400;18;19;;;;;20;19;;;;;19.0;0.0
3;13000;VEV_6500;0;13;;;;;1;13;;;;;0.5;0.0
3;13000;VEV_5100;194;10;193.0;18.0;;;199;28;;;;;196.5;0.0
3;13000;VEV_5200;113;28;;;;;117;28;;;;;115.0;0.0
3;13000;VEV_6000;0;19;;;;;1;19;;;;;0.5;0.0
3;13000;VEV_4000;1279;11;1276.0;29.0;;;1301;11;1303.0;29.0;;;1290.0;0.0
3;13000;VEV_5000;288;10;287.0;18.0;;;294;10;295.0;18.0;;;291.0;0.0
3;13100;VEV_5100;194;6;193.0;20.0;;;199;26;;;;;196.5;0.0
3;13100;VEV_5200;113;26;;;;;117;26;;;;;115.0;0.0
3;13100;VEV_6000;0;26;;;;;1;26;;;;;0.5;0.0
3;13100;VEV_4000;1279;10;1276.0;29.0;;;1300;10;1303.0;29.0;;;1289.5;0.0
3;13100;VEV_5000;288;6;287.0;20.0;;;294;6;295.0;20.0;;;291.0;0.0
3;13100;VELVETFRUIT_EXTRACT;5287;17;5286.0;31.0;;;5292;17;5293.0;31.0;;;5289.5;0.0
3;13100;VEV_5500;6;26;;;;;7;26;;;;;6.5;0.0
3;13100;HYDROGEL_PACK;10005;12;10002.0;25.0;;;10021;12;10023.0;25.0;;;10013.0;0.0
3;13100;VEV_4500;781;6;779.0;20.0;;;798;6;800.0;20.0;;;789.5;0.0
3;13100;VEV_5300;54;26;;;;;56;9;57.0;17.0;;;55.0;0.0
3;13100;VEV_5400;18;26;;;;;20;26;;;;;19.0;0.0
3;13100;VEV_6500;0;13;;;;;1;13;;;;;0.5;0.0
3;13200;VEV_5500;6;20;;;;;7;20;;;;;6.5;0.0
3;13200;VEV_4500;781;8;779.0;18.0;;;798;8;800.0;18.0;;;789.5;0.0
3;13200;VEV_6500;0;18;;;;;1;18;;;;;0.5;0.0
3;13200;VEV_5300;54;20;;;;;56;5;57.0;15.0;;;55.0;0.0
3;13200;VEV_5400;18;20;;;;;20;20;;;;;19.0;0.0
3;13200;VEV_4000;1279;10;1276.0;22.0;;;1300;10;1303.0;22.0;;;1289.5;0.0
3;13200;VEV_5100;194;8;193.0;18.0;;;198;8;199.0;18.0;;;196.0;0.0
3;13200;VEV_5200;113;26;;;;;117;26;;;;;115.0;0.0
3;13200;VEV_6000;0;20;;;;;1;20;;;;;0.5;0.0
3;13200;VEV_5000;287;26;;;;;294;8;295.0;18.0;;;290.5;0.0
3;13200;VELVETFRUIT_EXTRACT;5287;22;5286.0;46.0;;;5292;22;5293.0;46.0;;;5289.5;0.0
3;13200;HYDROGEL_PACK;10014;5;10007.0;14.0;10004.0;30.0;10023;14;10025.0;30.0;;;10018.5;0.0
3;13300;VEV_5500;6;23;;;;;7;23;;;;;6.5;0.0
3;13300;HYDROGEL_PACK;10007;11;10005.0;27.0;;;10023;11;10026.0;27.0;;;10015.0;0.0
3;13300;VEV_4500;781;6;779.0;23.0;;;798;6;800.0;23.0;;;789.5;0.0
3;13300;VEV_6500;0;20;;;;;1;20;;;;;0.5;0.0
3;13300;VEV_5300;54;23;;;;;57;23;;;;;55.5;0.0
3;13300;VEV_5400;18;23;;;;;20;23;;;;;19.0;0.0
3;13300;VEV_4000;1279;8;1276.0;18.0;;;1301;8;1303.0;18.0;;;1290.0;0.0
3;13300;VEV_5100;194;6;193.0;23.0;;;199;29;;;;;196.5;0.0
3;13300;VEV_5200;114;6;113.0;23.0;;;117;29;;;;;115.5;0.0
3;13300;VEV_5000;288;6;287.0;23.0;;;294;6;295.0;23.0;;;291.0;0.0
3;13300;VEV_6000;0;23;;;;;1;23;;;;;0.5;0.0
3;13300;VELVETFRUIT_EXTRACT;5287;53;;;;;5292;20;5293.0;33.0;;;5289.5;0.0
3;13400;VELVETFRUIT_EXTRACT;5287;25;5286.0;47.0;;;5292;25;5293.0;47.0;;;5289.5;0.0
3;13400;HYDROGEL_PACK;10007;13;10004.0;22.0;;;10023;13;10025.0;22.0;;;10015.0;0.0
3;13400;VEV_5500;6;18;;;;;7;18;;;;;6.5;0.0
3;13400;VEV_4500;781;12;779.0;20.0;;;798;12;800.0;20.0;;;789.5;0.0
3;13400;VEV_6500;0;11;;;;;1;11;;;;;0.5;0.0
3;13400;VEV_5300;54;18;;;;;56;8;57.0;10.0;;;55.0;0.0
3;13400;VEV_5400;18;18;;;;;20;18;;;;;19.0;0.0
3;13400;VEV_4000;1279;14;1276.0;18.0;;;1300;14;1303.0;18.0;;;1289.5;0.0
3;13400;VEV_5100;194;12;193.0;20.0;;;198;12;199.0;20.0;;;196.0;0.0
3;13400;VEV_5200;113;32;;;;;117;32;;;;;115.0;0.0
3;13400;VEV_5000;287;32;;;;;294;12;295.0;20.0;;;290.5;0.0
3;13400;VEV_6000;0;18;;;;;1;18;;;;;0.5;0.0
3;13500;VEV_4000;1279;14;1277.0;30.0;;;1301;14;1304.0;30.0;;;1290.0;0.0
3;13500;VEV_5100;194;29;;;;;199;12;200.0;17.0;;;196.5;0.0
3;13500;VEV_5200;114;29;;;;;117;29;;;;;115.5;0.0
3;13500;VEV_5000;288;12;287.0;17.0;;;295;12;296.0;17.0;;;291.5;0.0
3;13500;VEV_6000;0;17;;;;;1;17;;;;;0.5;0.0
3;13500;VELVETFRUIT_EXTRACT;5288;19;5287.0;48.0;;;5293;67;;;;;5290.5;0.0
3;13500;VEV_5500;6;17;;;;;7;17;;;;;6.5;0.0
3;13500;HYDROGEL_PACK;10010;15;10008.0;26.0;;;10026;15;10029.0;26.0;;;10018.0;0.0
3;13500;VEV_4500;782;12;780.0;17.0;;;799;12;801.0;17.0;;;790.5;0.0
3;13500;VEV_6500;0;11;;;;;1;11;;;;;0.5;0.0
3;13500;VEV_5300;54;17;;;;;57;17;;;;;55.5;0.0
3;13500;VEV_5400;18;17;;;;;20;17;;;;;19.0;0.0
3;13600;VEV_5500;6;24;;;;;7;24;;;;;6.5;0.0
3;13600;VEV_4500;782;6;780.0;21.0;;;799;6;801.0;21.0;;;790.5;0.0
3;13600;VEV_6500;0;12;;;;;1;12;;;;;0.5;0.0
3;13600;VEV_5300;54;24;;;;;57;24;;;;;55.5;0.0
3;13600;VEV_5400;18;24;;;;;20;24;;;;;19.0;0.0
3;13600;VEV_4000;1279;7;1277.0;28.0;;;1301;7;1304.0;28.0;;;1290.0;0.0
3;13600;VEV_5100;194;27;;;;;199;6;200.0;21.0;;;196.5;0.0
3;13600;VEV_5200;114;27;;;;;117;27;;;;;115.5;0.0
3;13600;VEV_5000;288;6;287.0;21.0;;;295;6;296.0;21.0;;;291.5;0.0
3;13600;VEV_6000;0;24;;;;;1;24;;;;;0.5;0.0
3;13600;VELVETFRUIT_EXTRACT;5290;6;5288.0;17.0;5287.0;47.0;5293;64;;;;;5291.5;0.0
3;13600;HYDROGEL_PACK;10009;14;10007.0;22.0;;;10025;14;10028.0;22.0;;;10017.0;0.0
3;13700;HYDROGEL_PACK;10010;11;10007.0;29.0;;;10026;11;10028.0;29.0;;;10018.0;0.0
3;13700;VEV_4500;781;10;779.0;18.0;;;797;10;799.0;18.0;;;789.0;0.0
3;13700;VEV_5500;6;27;;;;;7;27;;;;;6.5;0.0
3;13700;VEV_5400;18;27;;;;;20;27;;;;;19.0;0.0
3;13700;VEV_6500;0;14;;;;;1;14;;;;;0.5;0.0
3;13700;VEV_5300;54;27;;;;;56;27;;;;;55.0;0.0
3;13700;VEV_4000;1278;8;1276.0;22.0;;;1300;8;1302.0;22.0;;;1289.0;0.0
3;13700;VEV_5200;113;28;;;;;116;28;;;;;114.5;0.0
3;13700;VEV_5100;193;28;;;;;198;10;199.0;18.0;;;195.5;0.0
3;13700;VEV_5000;287;10;286.0;18.0;;;294;28;;;;;290.5;0.0
3;13700;VEV_6000;0;27;;;;;1;27;;;;;0.5;0.0
3;13700;VELVETFRUIT_EXTRACT;5286;62;;;;;5292;62;;;;;5289.0;0.0
3;13800;VELVETFRUIT_EXTRACT;5286;60;;;;;5292;60;;;;;5289.0;0.0
3;13800;HYDROGEL_PACK;10009;14;10006.0;26.0;;;10025;14;10027.0;26.0;;;10017.0;0.0
3;13800;VEV_4500;781;10;779.0;20.0;;;797;10;799.0;20.0;;;789.0;0.0
3;13800;VEV_5500;6;22;;;;;7;22;;;;;6.5;0.0
3;13800;VEV_5400;18;22;;;;;20;22;;;;;19.0;0.0
3;13800;VEV_6500;0;12;;;;;1;12;;;;;0.5;0.0
3;13800;VEV_5300;54;22;;;;;56;22;;;;;55.0;0.0
3;13800;VEV_4000;1278;13;1276.0;18.0;;;1300;13;1302.0;18.0;;;1289.0;0.0
3;13800;VEV_5200;113;30;;;;;116;10;117.0;20.0;;;114.5;0.0
3;13800;VEV_5100;193;30;;;;;198;10;199.0;20.0;;;195.5;0.0
3;13800;VEV_5000;287;10;286.0;20.0;;;294;30;;;;;290.5;0.0
3;13800;VEV_6000;0;22;;;;;1;22;;;;;0.5;0.0
3;13900;VEV_4000;1279;15;1276.0;19.0;;;1300;15;1303.0;19.0;;;1289.5;0.0
3;13900;VEV_5200;113;26;;;;;117;26;;;;;115.0;0.0
3;13900;VEV_5100;194;9;193.0;17.0;;;199;26;;;;;196.5;0.0
3;13900;VEV_5000;287;26;;;;;294;9;295.0;17.0;;;290.5;0.0
3;13900;VEV_6000;0;27;;;;;1;27;;;;;0.5;0.0
3;13900;VELVETFRUIT_EXTRACT;5287;15;5286.0;33.0;;;5292;15;5293.0;33.0;;;5289.5;0.0
3;13900;HYDROGEL_PACK;10009;13;10007.0;20.0;;;10025;13;10028.0;20.0;;;10017.0;0.0
3;13900;VEV_4500;781;9;779.0;17.0;;;798;9;800.0;17.0;;;789.5;0.0
3;13900;VEV_5500;6;27;;;;;7;27;;;;;6.5;0.0
3;13900;VEV_5400;18;27;;;;;20;27;;;;;19.0;0.0
3;13900;VEV_6500;0;15;;;;;1;15;;;;;0.5;0.0
3;13900;VEV_5300;54;27;;;;;56;7;57.0;20.0;;;55.0;0.0
3;14000;VEV_4500;781;6;779.0;17.0;;;798;6;800.0;17.0;;;789.5;0.0
3;14000;VEV_5500;6;29;;;;;7;29;;;;;6.5;0.0
3;14000;VEV_5400;18;29;;;;;20;29;;;;;19.0;0.0
3;14000;VEV_6500;0;13;;;;;1;13;;;;;0.5;0.0
3;14000;VEV_5300;54;29;;;;;56;9;57.0;20.0;;;55.0;0.0
3;14000;VEV_4000;1279;15;1276.0;22.0;;;1300;15;1303.0;22.0;;;1289.5;0.0
3;14000;VEV_5200;113;23;;;;;117;23;;;;;115.0;0.0
3;14000;VEV_5100;194;6;193.0;17.0;;;199;23;;;;;196.5;0.0
3;14000;VEV_5000;287;23;;;;;294;6;295.0;17.0;;;290.5;0.0
3;14000;VEV_6000;0;29;;;;;1;29;;;;;0.5;0.0
3;14000;VELVETFRUIT_EXTRACT;5287;21;5286.0;32.0;;;5292;21;5293.0;32.0;;;5289.5;0.0
3;14000;HYDROGEL_PACK;10008;11;10006.0;21.0;;;10024;11;10027.0;21.0;;;10016.0;0.0
3;14100;VEV_4500;782;9;780.0;23.0;;;799;9;801.0;23.0;;;790.5;0.0
3;14100;VEV_5500;6;18;;;;;7;18;;;;;6.5;0.0
3;14100;VEV_5400;19;7;18.0;11.0;;;20;18;;;;;19.5;0.0
3;14100;VEV_6500;0;10;;;;;1;10;;;;;0.5;0.0
3;14100;HYDROGEL_PACK;10009;12;10007.0;24.0;;;10025;12;10028.0;24.0;;;10017.0;0.0
3;14100;VEV_5300;55;7;54.0;11.0;;;57;18;;;;;56.0;0.0
3;14100;VEV_4000;1280;14;1277.0;25.0;;;1301;14;1304.0;25.0;;;1290.5;0.0
3;14100;VEV_5200;114;32;;;;;117;32;;;;;115.5;0.0
3;14100;VEV_5100;194;32;;;;;199;9;200.0;23.0;;;196.5;0.0
3;14100;VEV_5000;288;32;;;;;295;9;296.0;23.0;;;291.5;0.0
3;14100;VEV_6000;0;18;;;;;1;18;;;;;0.5;0.0
3;14100;VELVETFRUIT_EXTRACT;5288;22;5287.0;49.0;;;5293;71;;;;;5290.5;0.0
3;14200;VELVETFRUIT_EXTRACT;5287;47;;;;;5293;47;;;;;5290.0;0.0
3;14200;HYDROGEL_PACK;10010;14;10008.0;24.0;;;10027;14;10029.0;24.0;;;10018.5;0.0
3;14200;VEV_4500;782;12;780.0;21.0;;;798;12;800.0;21.0;;;790.0;0.0
3;14200;VEV_5500;6;19;;;;;7;19;;;;;6.5;0.0
3;14200;VEV_5400;18;19;;;;;20;19;;;;;19.0;0.0
3;14200;VEV_6500;0;18;;;;;1;18;;;;;0.5;0.0
3;14200;VEV_5300;54;19;;;;;57;19;;;;;55.5;0.0
3;14200;VEV_4000;1279;10;1277.0;23.0;;;1301;10;1303.0;23.0;;;1290.0;0.0
3;14200;VEV_5200;114;12;113.0;21.0;;;117;33;;;;;115.5;0.0
3;14200;VEV_5100;194;33;;;;;199;12;200.0;21.0;;;196.5;0.0
3;14200;VEV_5000;288;12;287.0;21.0;;;295;12;296.0;21.0;;;291.5;0.0
3;14200;VEV_6000;0;19;;;;;1;19;;;;;0.5;0.0
3;14300;VEV_5200;114;30;;;;;117;7;118.0;23.0;;;115.5;0.0
3;14300;VEV_6500;0;16;;;;;1;16;;;;;0.5;0.0
3;14300;VEV_4000;1280;11;1277.0;19.0;;;1302;11;1304.0;19.0;;;1291.0;0.0
3;14300;VEV_5100;195;7;194.0;23.0;;;200;30;;;;;197.5;0.0
3;14300;VEV_5000;289;7;288.0;23.0;;;296;30;;;;;292.5;0.0
3;14300;VEV_6000;0;21;;;;;1;21;;;;;0.5;0.0
3;14300;VELVETFRUIT_EXTRACT;5288;49;;;;;5293;16;5294.0;33.0;;;5290.5;0.0
3;14300;VEV_4500;782;7;780.0;23.0;;;799;7;801.0;23.0;;;790.5;0.0
3;14300;VEV_5500;6;21;;;;;7;21;;;;;6.5;0.0
3;14300;VEV_5400;19;21;;;;;20;21;;;;;19.5;0.0
3;14300;HYDROGEL_PACK;10010;12;10007.0;22.0;;;10026;12;10028.0;22.0;;;10018.0;0.0
3;14300;VEV_5300;55;21;;;;;57;21;;;;;56.0;0.0
3;14400;VEV_4500;784;8;782.0;17.0;;;801;8;803.0;17.0;;;792.5;0.0
3;14400;VEV_5500;6;26;;;;;7;26;;;;;6.5;0.0
3;14400;VEV_5400;19;26;;;;;20;9;21.0;17.0;;;19.5;0.0
3;14400;VEV_5300;56;9;55.0;17.0;;;58;26;;;;;57.0;0.0
3;14400;VEV_5200;115;25;;;;;119;25;;;;;117.0;0.0
3;14400;VEV_4000;1282;9;1279.0;19.0;;;1303;9;1306.0;19.0;;;1292.5;0.0
3;14400;VEV_5100;196;25;;;;;201;8;202.0;17.0;;;198.5;0.0
3;14400;VEV_5000;290;25;;;;;297;8;298.0;17.0;;;293.5;0.0
3;14400;VEV_6000;0;26;;;;;1;26;;;;;0.5;0.0
3;14400;VELVETFRUIT_EXTRACT;5290;16;5289.0;34.0;;;5295;16;5296.0;34.0;;;5292.5;0.0
3;14400;HYDROGEL_PACK;10008;13;10005.0;25.0;;;10024;13;10026.0;25.0;;;10016.0;0.0
3;14400;VEV_6500;0;14;;;;;1;14;;;;;0.5;0.0
3;14500;VEV_6000;0;28;;;;;1;28;;;;;0.5;0.0
3;14500;VEV_4500;782;7;780.0;15.0;;;799;7;801.0;15.0;;;790.5;0.0
3;14500;VEV_5500;6;28;;;;;7;28;;;;;6.5;0.0
3;14500;VEV_5400;19;8;18.0;20.0;;;20;28;;;;;19.5;0.0
3;14500;HYDROGEL_PACK;10005;11;10003.0;28.0;;;10021;11;10024.0;28.0;;;10013.0;0.0
3;14500;VEV_5300;55;8;54.0;20.0;;;57;28;;;;;56.0;0.0
3;14500;VEV_5200;114;22;;;;;117;22;;;;;115.5;0.0
3;14500;VEV_6500;0;18;;;;;1;18;;;;;0.5;0.0
3;14500;VEV_4000;1280;11;1277.0;30.0;;;1301;11;1304.0;30.0;;;1290.5;0.0
3;14500;VEV_5100;194;22;;;;;199;7;200.0;15.0;;;196.5;0.0
3;14500;VEV_5000;288;22;;;;;295;7;296.0;15.0;;;291.5;0.0
