day;timestamp;product;bid_price_1;bid_volume_1;bid_price_2;bid_volume_2;bid_price_3;bid_volume_3;ask_price_1;ask_volume_1;ask_price_2;ask_volume_2;ask_price_3;ask_volume_3;mid_price;profit_and_loss
high_vol_volatile_s0;0;INTARIAN_PEPPER_ROOT;11801;15;11798;17;;;11809;20;11813;22;;;11805.0;0.0
high_vol_volatile_s0;0;ASH_COATED_OSMIUM;9998;17;9994;19;;;10000;11;10004;15;;;9999.0;0.0
high_vol_volatile_s0;100;INTARIAN_PEPPER_ROOT;11809;20;11805;15;;;11831;20;11833;18;;;11820.0;0.0
high_vol_volatile_s0;100;ASH_COATED_OSMIUM;9998;8;9996;23;;;10000;16;10003;17;;;9999.0;0.0
high_vol_volatile_s0;200;INTARIAN_PEPPER_ROOT;11830;8;11827;13;;;11844;23;11848;31;;;11837.0;0.0
high_vol_volatile_s0;200;ASH_COATED_OSMIUM;9993;15;9989;23;;;10001;5;10005;17;;;9997.0;0.0
high_vol_volatile_s0;300;INTARIAN_PEPPER_ROOT;11856;17;11854;27;;;11858;14;11861;19;;;11857.0;0.0
high_vol_volatile_s0;300;ASH_COATED_OSMIUM;9984;16;9982;22;;;10020;11;10024;28;;;10002.0;0.0
high_vol_volatile_s0;400;INTARIAN_PEPPER_ROOT;11873;22;11869;25;;;11877;14;11880;22;;;11875.0;0.0
high_vol_volatile_s0;400;ASH_COATED_OSMIUM;9988;19;9984;27;;;10016;7;10019;26;;;10002.0;0.0
high_vol_volatile_s0;500;INTARIAN_PEPPER_ROOT;11884;18;11880;22;;;11886;21;11888;18;;;11885.0;0.0
high_vol_volatile_s0;500;ASH_COATED_OSMIUM;9995;18;9992;20;;;10009;18;10011;24;;;10002.0;0.0
high_vol_volatile_s0;600;INTARIAN_PEPPER_ROOT;11883;21;11879;21;;;11913;27;11916;13;;;11898.0;0.0
high_vol_volatile_s0;600;ASH_COATED_OSMIUM;9989;9;9985;14;;;10007;8;10009;20;;;9998.0;0.0
high_vol_volatile_s0;700;INTARIAN_PEPPER_ROOT;11905;8;11903;13;;;11911;22;11915;19;;;11908.0;0.0
high_vol_volatile_s0;700;ASH_COATED_OSMIUM;9998;19;9994;23;;;10006;13;10009;18;;;10002.0;0.0
high_vol_volatile_s0;800;INTARIAN_PEPPER_ROOT;11912;21;11909;26;;;11924;14;11927;12;;;11918.0;0.0
high_vol_volatile_s0;800;ASH_COATED_OSMIUM;10001;9;9997;28;;;10009;11;10011;16;;;10005.0;0.0
high_vol_volatile_s0;900;INTARIAN_PEPPER_ROOT;11928;17;11924;19;;;11930;5;11933;14;;;11929.0;0.0
high_vol_volatile_s0;900;ASH_COATED_OSMIUM;10003;12;9999;16;;;10005;14;10009;20;;;10004.0;0.0
high_vol_volatile_s0;1000;INTARIAN_PEPPER_ROOT;11934;17;11932;21;;;11942;19;11945;23;;;11938.0;0.0
high_vol_volatile_s0;1000;ASH_COATED_OSMIUM;9996;11;9994;23;;;10010;5;10012;12;;;10003.0;0.0
high_vol_volatile_s0;1100;INTARIAN_PEPPER_ROOT;11949;23;11945;18;;;11951;12;11954;15;;;11950.0;0.0
high_vol_volatile_s0;1100;ASH_COATED_OSMIUM;9995;10;9991;19;;;10007;11;10010;20;;;10001.0;0.0
high_vol_volatile_s0;1200;INTARIAN_PEPPER_ROOT;11960;11;11958;22;;;11962;9;11966;23;;;11961.0;0.0
high_vol_volatile_s0;1200;ASH_COATED_OSMIUM;9988;17;9986;19;;;10006;18;10010;15;;;9997.0;0.0
high_vol_volatile_s0;1300;INTARIAN_PEPPER_ROOT;11943;5;11940;18;;;11991;19;11995;15;;;11967.0;0.0
high_vol_volatile_s0;1300;ASH_COATED_OSMIUM;9999;8;9995;16;;;10003;15;10005;25;;;10001.0;0.0
high_vol_volatile_s0;1400;INTARIAN_PEPPER_ROOT;11967;12;11964;26;;;11985;6;11988;26;;;11976.0;0.0
high_vol_volatile_s0;1400;ASH_COATED_OSMIUM;9998;11;9996;29;;;10004;10;10006;16;;;10001.0;0.0
high_vol_volatile_s0;1500;INTARIAN_PEPPER_ROOT;11970;11;11966;25;;;11994;9;11996;25;;;11982.0;0.0
high_vol_volatile_s0;1500;ASH_COATED_OSMIUM;9983;13;9980;28;;;10019;17;10022;28;;;10001.0;0.0
high_vol_volatile_s0;1600;INTARIAN_PEPPER_ROOT;11987;15;11983;20;;;11997;8;11999;25;;;11992.0;0.0
high_vol_volatile_s0;1600;ASH_COATED_OSMIUM;9994;11;9990;21;;;10018;10;10022;14;;;10006.0;0.0
high_vol_volatile_s0;1700;INTARIAN_PEPPER_ROOT;11995;11;11993;20;;;11997;5;12000;26;;;11996.0;0.0
high_vol_volatile_s0;1700;ASH_COATED_OSMIUM;10002;8;9999;21;;;10004;15;10007;19;;;10003.0;0.0
high_vol_volatile_s0;1800;INTARIAN_PEPPER_ROOT;12001;17;11998;29;;;12003;23;12006;16;;;12002.0;0.0
high_vol_volatile_s0;1800;ASH_COATED_OSMIUM;10000;16;9996;20;;;10002;13;10005;9;;;10001.0;0.0
high_vol_volatile_s0;1900;INTARIAN_PEPPER_ROOT;12000;25;11998;18;;;12006;5;12009;14;;;12003.0;0.0
high_vol_volatile_s0;1900;ASH_COATED_OSMIUM;9977;9;9975;23;;;10027;14;10030;25;;;10002.0;0.0
high_vol_volatile_s0;2000;INTARIAN_PEPPER_ROOT;11983;11;11981;26;;;12013;17;12016;21;;;11998.0;0.0
high_vol_volatile_s0;2000;ASH_COATED_OSMIUM;10002;13;9999;12;;;10008;12;10012;15;;;10005.0;0.0
high_vol_volatile_s0;2100;INTARIAN_PEPPER_ROOT;11996;13;11993;20;;;12010;15;12013;16;;;12003.0;0.0
high_vol_volatile_s0;2100;ASH_COATED_OSMIUM;9996;16;9992;19;;;10022;7;10024;16;;;10009.0;0.0
high_vol_volatile_s0;2200;INTARIAN_PEPPER_ROOT;12007;17;12003;23;;;12009;11;12011;20;;;12008.0;0.0
high_vol_volatile_s0;2200;ASH_COATED_OSMIUM;10006;11;10002;26;;;10016;7;10020;22;;;10011.0;0.0
high_vol_volatile_s0;2300;INTARIAN_PEPPER_ROOT;11985;13;11981;18;;;12031;15;12035;19;;;12008.0;0.0
high_vol_volatile_s0;2300;ASH_COATED_OSMIUM;10005;8;10002;20;;;10021;20;10025;14;;;10013.0;0.0
high_vol_volatile_s0;2400;INTARIAN_PEPPER_ROOT;12001;18;11997;23;;;12033;15;12036;24;;;12017.0;0.0
high_vol_volatile_s0;2400;ASH_COATED_OSMIUM;9999;11;9995;20;;;10031;14;10035;20;;;10015.0;0.0
high_vol_volatile_s0;2500;INTARIAN_PEPPER_ROOT;12004;16;12002;17;;;12024;14;12028;21;;;12014.0;0.0
high_vol_volatile_s0;2500;ASH_COATED_OSMIUM;9995;17;9992;13;;;10017;5;10020;19;;;10006.0;0.0
high_vol_volatile_s0;2600;INTARIAN_PEPPER_ROOT;12013;15;12009;16;;;12015;17;12019;17;;;12014.0;0.0
high_vol_volatile_s0;2600;ASH_COATED_OSMIUM;9994;17;9992;12;;;10014;16;10017;15;;;10004.0;0.0
high_vol_volatile_s0;2700;INTARIAN_PEPPER_ROOT;12006;9;12003;22;;;12022;14;12024;17;;;12014.0;0.0
high_vol_volatile_s0;2700;ASH_COATED_OSMIUM;10001;12;9999;19;;;10003;15;10005;17;;;10002.0;0.0
high_vol_volatile_s0;2800;INTARIAN_PEPPER_ROOT;12013;13;12009;25;;;12025;18;12029;27;;;12019.0;0.0
high_vol_volatile_s0;2800;ASH_COATED_OSMIUM;10001;6;9998;24;;;10011;13;10014;18;;;10006.0;0.0
high_vol_volatile_s0;2900;INTARIAN_PEPPER_ROOT;12002;7;11998;22;;;12044;12;12047;27;;;12023.0;0.0
high_vol_volatile_s0;2900;ASH_COATED_OSMIUM;10003;10;10001;15;;;10005;14;10009;24;;;10004.0;0.0
high_vol_volatile_s0;3000;INTARIAN_PEPPER_ROOT;12018;12;12016;17;;;12028;13;12031;20;;;12023.0;0.0
high_vol_volatile_s0;3000;ASH_COATED_OSMIUM;10009;13;10005;15;;;10011;20;10015;22;;;10010.0;0.0
high_vol_volatile_s0;3100;INTARIAN_PEPPER_ROOT;12022;17;12020;17;;;12026;9;12028;22;;;12024.0;0.0
high_vol_volatile_s0;3100;ASH_COATED_OSMIUM;9999;5;9996;21;;;10017;8;10020;20;;;10008.0;0.0
high_vol_volatile_s0;3200;INTARIAN_PEPPER_ROOT;12003;15;12001;13;;;12039;11;12041;8;;;12021.0;0.0
high_vol_volatile_s0;3200;ASH_COATED_OSMIUM;10000;8;9997;18;;;10010;13;10014;23;;;10005.0;0.0
high_vol_volatile_s0;3300;INTARIAN_PEPPER_ROOT;11978;11;11975;22;;;12050;10;12052;24;;;12014.0;0.0
high_vol_volatile_s0;3300;ASH_COATED_OSMIUM;10003;5;9999;21;;;10017;15;10021;18;;;10010.0;0.0
high_vol_volatile_s0;3400;INTARIAN_PEPPER_ROOT;12004;6;12002;24;;;12020;18;12023;19;;;12012.0;0.0
high_vol_volatile_s0;3400;ASH_COATED_OSMIUM;10003;15;10000;12;;;10019;5;10023;23;;;10011.0;0.0
high_vol_volatile_s0;3500;INTARIAN_PEPPER_ROOT;12009;16;12006;8;;;12011;17;12014;14;;;12010.0;0.0
high_vol_volatile_s0;3500;ASH_COATED_OSMIUM;10009;5;10006;24;;;10013;14;10017;21;;;10011.0;0.0
high_vol_volatile_s0;3600;INTARIAN_PEPPER_ROOT;12007;24;12005;22;;;12021;13;12023;26;;;12014.0;0.0
high_vol_volatile_s0;3600;ASH_COATED_OSMIUM;10007;16;10005;15;;;10021;13;10024;26;;;10014.0;0.0
high_vol_volatile_s0;3700;INTARIAN_PEPPER_ROOT;12010;8;12008;23;;;12022;13;12024;20;;;12016.0;0.0
high_vol_volatile_s0;3700;ASH_COATED_OSMIUM;10010;10;10008;22;;;10014;9;10016;16;;;10012.0;0.0
high_vol_volatile_s0;3800;INTARIAN_PEPPER_ROOT;12010;17;12006;20;;;12016;12;12020;17;;;12013.0;0.0
high_vol_volatile_s0;3800;ASH_COATED_OSMIUM;10005;10;10002;10;;;10015;19;10017;26;;;10010.0;0.0
high_vol_volatile_s0;3900;INTARIAN_PEPPER_ROOT;12006;23;12003;16;;;12014;17;12016;26;;;12010.0;0.0
high_vol_volatile_s0;3900;ASH_COATED_OSMIUM;10005;23;10001;11;;;10019;5;10021;26;;;10012.0;0.0
high_vol_volatile_s0;4000;INTARIAN_PEPPER_ROOT;11994;8;11990;23;;;12018;20;12022;28;;;12006.0;0.0
high_vol_volatile_s0;4000;ASH_COATED_OSMIUM;10006;12;10004;31;;;10016;7;10019;22;;;10011.0;0.0
high_vol_volatile_s0;4100;INTARIAN_PEPPER_ROOT;11984;18;11982;17;;;12016;6;12020;35;;;12000.0;0.0
high_vol_volatile_s0;4100;ASH_COATED_OSMIUM;10000;12;9996;20;;;10018;11;10020;22;;;10009.0;0.0
high_vol_volatile_s0;4200;INTARIAN_PEPPER_ROOT;11993;14;11990;23;;;11995;12;11997;18;;;11994.0;0.0
high_vol_volatile_s0;4200;ASH_COATED_OSMIUM;10005;19;10001;23;;;10007;5;10010;29;;;10006.0;0.0
high_vol_volatile_s0;4300;INTARIAN_PEPPER_ROOT;11995;8;11993;19;;;12001;18;12003;26;;;11998.0;0.0
high_vol_volatile_s0;4300;ASH_COATED_OSMIUM;9976;14;9973;19;;;10036;21;10040;20;;;10006.0;0.0
high_vol_volatile_s0;4400;INTARIAN_PEPPER_ROOT;11993;9;11989;17;;;11999;5;12003;21;;;11996.0;0.0
high_vol_volatile_s0;4400;ASH_COATED_OSMIUM;10000;26;9996;28;;;10008;5;10012;18;;;10004.0;0.0
high_vol_volatile_s0;4500;INTARIAN_PEPPER_ROOT;11983;19;11980;28;;;12003;10;12007;15;;;11993.0;0.0
high_vol_volatile_s0;4500;ASH_COATED_OSMIUM;9990;16;9986;19;;;10024;11;10026;18;;;10007.0;0.0
high_vol_volatile_s0;4600;INTARIAN_PEPPER_ROOT;11981;26;11978;23;;;11995;18;11998;16;;;11988.0;0.0
high_vol_volatile_s0;4600;ASH_COATED_OSMIUM;10004;7;10002;20;;;10008;20;10012;23;;;10006.0;0.0
high_vol_volatile_s0;4700;INTARIAN_PEPPER_ROOT;11989;19;11985;15;;;11991;16;11993;29;;;11990.0;0.0
high_vol_volatile_s0;4700;ASH_COATED_OSMIUM;9991;16;9989;23;;;10023;16;10027;11;;;10007.0;0.0
high_vol_volatile_s0;4800;INTARIAN_PEPPER_ROOT;11976;13;11974;26;;;11992;13;11994;19;;;11984.0;0.0
high_vol_volatile_s0;4800;ASH_COATED_OSMIUM;9998;9;9996;19;;;10006;18;10008;19;;;10002.0;0.0
high_vol_volatile_s0;4900;INTARIAN_PEPPER_ROOT;11974;20;11971;25;;;11992;21;11996;13;;;11983.0;0.0
high_vol_volatile_s0;4900;ASH_COATED_OSMIUM;9989;10;9987;11;;;10021;14;10025;13;;;10005.0;0.0
high_vol_volatile_s0;5000;INTARIAN_PEPPER_ROOT;11971;14;11967;20;;;11989;8;11992;25;;;11980.0;0.0
high_vol_volatile_s0;5000;ASH_COATED_OSMIUM;9999;7;9995;20;;;10015;18;10019;16;;;10007.0;0.0
high_vol_volatile_s0;5100;INTARIAN_PEPPER_ROOT;11977;9;11974;18;;;11985;16;11988;16;;;11981.0;0.0
high_vol_volatile_s0;5100;ASH_COATED_OSMIUM;10008;15;10006;27;;;10010;8;10014;15;;;10009.0;0.0
high_vol_volatile_s0;5200;INTARIAN_PEPPER_ROOT;11973;5;11970;12;;;11987;8;11991;20;;;11980.0;0.0
high_vol_volatile_s0;5200;ASH_COATED_OSMIUM;10011;11;10007;23;;;10015;20;10017;11;;;10013.0;0.0
high_vol_volatile_s0;5300;INTARIAN_PEPPER_ROOT;11977;19;11974;16;;;11979;27;11981;17;;;11978.0;0.0
high_vol_volatile_s0;5300;ASH_COATED_OSMIUM;10013;5;10011;25;;;10015;5;10018;21;;;10014.0;0.0
high_vol_volatile_s0;5400;INTARIAN_PEPPER_ROOT;11974;7;11971;17;;;11982;13;11986;14;;;11978.0;0.0
high_vol_volatile_s0;5400;ASH_COATED_OSMIUM;10015;6;10013;19;;;10017;22;10020;20;;;10016.0;0.0
high_vol_volatile_s0;5500;INTARIAN_PEPPER_ROOT;11979;9;11977;17;;;11981;12;11984;20;;;11980.0;0.0
high_vol_volatile_s0;5500;ASH_COATED_OSMIUM;9991;12;9989;27;;;10039;9;10043;21;;;10015.0;0.0
high_vol_volatile_s0;5600;INTARIAN_PEPPER_ROOT;11974;14;11971;17;;;11990;24;11993;17;;;11982.0;0.0
high_vol_volatile_s0;5600;ASH_COATED_OSMIUM;10013;15;10011;23;;;10015;19;10017;28;;;10014.0;0.0
high_vol_volatile_s0;5700;INTARIAN_PEPPER_ROOT;11975;19;11973;28;;;11995;18;11998;24;;;11985.0;0.0
high_vol_volatile_s0;5700;ASH_COATED_OSMIUM;10012;14;10010;13;;;10014;8;10017;19;;;10013.0;0.0
high_vol_volatile_s0;5800;INTARIAN_PEPPER_ROOT;11966;16;11964;21;;;12006;5;12008;20;;;11986.0;0.0
high_vol_volatile_s0;5800;ASH_COATED_OSMIUM;10005;12;10002;25;;;10019;10;10022;21;;;10012.0;0.0
high_vol_volatile_s0;5900;INTARIAN_PEPPER_ROOT;11987;20;11983;23;;;11989;14;11993;22;;;11988.0;0.0
high_vol_volatile_s0;5900;ASH_COATED_OSMIUM;10009;17;10006;19;;;10021;12;10023;16;;;10015.0;0.0
high_vol_volatile_s0;6000;INTARIAN_PEPPER_ROOT;11987;14;11984;18;;;11989;15;11992;28;;;11988.0;0.0
high_vol_volatile_s0;6000;ASH_COATED_OSMIUM;10011;8;10008;17;;;10013;12;10017;18;;;10012.0;0.0
high_vol_volatile_s0;6100;INTARIAN_PEPPER_ROOT;11990;20;11987;14;;;11994;12;11998;15;;;11992.0;0.0
high_vol_volatile_s0;6100;ASH_COATED_OSMIUM;9993;19;9991;16;;;10019;18;10021;15;;;10006.0;0.0
high_vol_volatile_s0;6200;INTARIAN_PEPPER_ROOT;11989;11;11985;26;;;11997;15;12001;18;;;11993.0;0.0
high_vol_volatile_s0;6200;ASH_COATED_OSMIUM;9999;14;9997;19;;;10017;9;10020;20;;;10008.0;0.0
high_vol_volatile_s0;6300;INTARIAN_PEPPER_ROOT;11990;18;11988;17;;;11992;22;11994;17;;;11991.0;0.0
high_vol_volatile_s0;6300;ASH_COATED_OSMIUM;9984;11;9980;22;;;10038;15;10041;18;;;10011.0;0.0
high_vol_volatile_s0;6400;INTARIAN_PEPPER_ROOT;11989;17;11987;12;;;12003;15;12006;16;;;11996.0;0.0
high_vol_volatile_s0;6400;ASH_COATED_OSMIUM;9999;18;9995;17;;;10021;10;10025;16;;;10010.0;0.0
high_vol_volatile_s0;6500;INTARIAN_PEPPER_ROOT;11997;10;11995;28;;;12005;13;12008;13;;;12001.0;0.0
high_vol_volatile_s0;6500;ASH_COATED_OSMIUM;9973;20;9971;28;;;10037;18;10041;20;;;10005.0;0.0
high_vol_volatile_s0;6600;INTARIAN_PEPPER_ROOT;11999;16;11995;24;;;12003;13;12007;24;;;12001.0;0.0
high_vol_volatile_s0;6600;ASH_COATED_OSMIUM;9998;12;9996;11;;;10004;13;10007;13;;;10001.0;0.0
high_vol_volatile_s0;6700;INTARIAN_PEPPER_ROOT;12007;15;12005;25;;;12009;22;12011;10;;;12008.0;0.0
high_vol_volatile_s0;6700;ASH_COATED_OSMIUM;9989;17;9985;28;;;10019;13;10023;15;;;10004.0;0.0
high_vol_volatile_s0;6800;INTARIAN_PEPPER_ROOT;12005;16;12002;20;;;12019;15;12021;21;;;12012.0;0.0
high_vol_volatile_s0;6800;ASH_COATED_OSMIUM;10002;7;10000;25;;;10006;8;10008;15;;;10004.0;0.0
high_vol_volatile_s0;6900;INTARIAN_PEPPER_ROOT;12014;19;12011;24;;;12026;14;12030;22;;;12020.0;0.0
high_vol_volatile_s0;6900;ASH_COATED_OSMIUM;10006;13;10002;21;;;10008;13;10010;17;;;10007.0;0.0
high_vol_volatile_s0;7000;INTARIAN_PEPPER_ROOT;12020;16;12016;24;;;12038;22;12041;20;;;12029.0;0.0
high_vol_volatile_s0;7000;ASH_COATED_OSMIUM;10004;9;10002;20;;;10006;7;10008;20;;;10005.0;0.0
high_vol_volatile_s0;7100;INTARIAN_PEPPER_ROOT;12018;18;12016;13;;;12056;17;12059;8;;;12037.0;0.0
high_vol_volatile_s0;7100;ASH_COATED_OSMIUM;9988;20;9984;19;;;10020;14;10024;28;;;10004.0;0.0
high_vol_volatile_s0;7200;INTARIAN_PEPPER_ROOT;12039;19;12035;18;;;12059;14;12063;25;;;12049.0;0.0
high_vol_volatile_s0;7200;ASH_COATED_OSMIUM;10000;7;9998;16;;;10004;5;10007;18;;;10002.0;0.0
high_vol_volatile_s0;7300;INTARIAN_PEPPER_ROOT;12051;11;12049;20;;;12055;14;12058;21;;;12053.0;0.0
high_vol_volatile_s0;7300;ASH_COATED_OSMIUM;9997;14;9993;16;;;10009;7;10011;21;;;10003.0;0.0
high_vol_volatile_s0;7400;INTARIAN_PEPPER_ROOT;12056;21;12053;17;;;12070;11;12073;23;;;12063.0;0.0
high_vol_volatile_s0;7400;ASH_COATED_OSMIUM;9986;10;9983;13;;;10028;16;10030;18;;;10007.0;0.0
high_vol_volatile_s0;7500;INTARIAN_PEPPER_ROOT;12064;15;12060;18;;;12078;16;12080;15;;;12071.0;0.0
high_vol_volatile_s0;7500;ASH_COATED_OSMIUM;9997;10;9993;15;;;10021;19;10025;24;;;10009.0;0.0
high_vol_volatile_s0;7600;INTARIAN_PEPPER_ROOT;12073;11;12070;22;;;12083;15;12087;25;;;12078.0;0.0
high_vol_volatile_s0;7600;ASH_COATED_OSMIUM;10007;15;10005;15;;;10021;5;10025;24;;;10014.0;0.0
high_vol_volatile_s0;7700;INTARIAN_PEPPER_ROOT;12076;14;12074;19;;;12096;9;12099;19;;;12086.0;0.0
high_vol_volatile_s0;7700;ASH_COATED_OSMIUM;10008;6;10004;17;;;10018;7;10020;10;;;10013.0;0.0
high_vol_volatile_s0;7800;INTARIAN_PEPPER_ROOT;12084;12;12080;19;;;12108;6;12110;15;;;12096.0;0.0
high_vol_volatile_s0;7800;ASH_COATED_OSMIUM;10011;9;10008;17;;;10023;11;10025;23;;;10017.0;0.0
high_vol_volatile_s0;7900;INTARIAN_PEPPER_ROOT;12098;12;12094;21;;;12116;18;12119;15;;;12107.0;0.0
high_vol_volatile_s0;7900;ASH_COATED_OSMIUM;9996;22;9994;17;;;10036;12;10038;22;;;10016.0;0.0
high_vol_volatile_s0;8000;INTARIAN_PEPPER_ROOT;12109;20;12105;20;;;12121;16;12124;14;;;12115.0;0.0
high_vol_volatile_s0;8000;ASH_COATED_OSMIUM;10009;10;10006;22;;;10011;12;10014;16;;;10010.0;0.0
high_vol_volatile_s0;8100;INTARIAN_PEPPER_ROOT;12120;10;12118;12;;;12138;17;12140;24;;;12129.0;0.0
high_vol_volatile_s0;8100;ASH_COATED_OSMIUM;10002;5;10000;21;;;10028;15;10032;21;;;10015.0;0.0
high_vol_volatile_s0;8200;INTARIAN_PEPPER_ROOT;12141;24;12139;26;;;12143;18;12147;13;;;12142.0;0.0
high_vol_volatile_s0;8200;ASH_COATED_OSMIUM;10010;16;10008;19;;;10018;16;10022;22;;;10014.0;0.0
high_vol_volatile_s0;8300;INTARIAN_PEPPER_ROOT;12139;20;12135;25;;;12163;17;12167;18;;;12151.0;0.0
high_vol_volatile_s0;8300;ASH_COATED_OSMIUM;10001;11;9998;10;;;10027;5;10031;14;;;10014.0;0.0
high_vol_volatile_s0;8400;INTARIAN_PEPPER_ROOT;12163;20;12160;21;;;12173;12;12177;15;;;12168.0;0.0
high_vol_volatile_s0;8400;ASH_COATED_OSMIUM;10013;18;10009;14;;;10017;14;10019;16;;;10015.0;0.0
high_vol_volatile_s0;8500;INTARIAN_PEPPER_ROOT;12184;11;12181;16;;;12186;18;12190;20;;;12185.0;0.0
high_vol_volatile_s0;8500;ASH_COATED_OSMIUM;10006;13;10002;18;;;10010;13;10014;18;;;10008.0;0.0
high_vol_volatile_s0;8600;INTARIAN_PEPPER_ROOT;12199;9;12196;22;;;12207;7;12211;18;;;12203.0;0.0
high_vol_volatile_s0;8600;ASH_COATED_OSMIUM;9995;9;9991;17;;;10027;5;10031;21;;;10011.0;0.0
high_vol_volatile_s0;8700;INTARIAN_PEPPER_ROOT;12212;6;12208;18;;;12220;14;12222;12;;;12216.0;0.0
high_vol_volatile_s0;8700;ASH_COATED_OSMIUM;10009;13;10005;9;;;10019;12;10023;24;;;10014.0;0.0
high_vol_volatile_s0;8800;INTARIAN_PEPPER_ROOT;12224;14;12222;21;;;12226;16;12229;21;;;12225.0;0.0
high_vol_volatile_s0;8800;ASH_COATED_OSMIUM;9992;14;9990;28;;;10034;14;10036;21;;;10013.0;0.0
high_vol_volatile_s0;8900;INTARIAN_PEPPER_ROOT;12237;15;12235;25;;;12247;6;12249;16;;;12242.0;0.0
high_vol_volatile_s0;8900;ASH_COATED_OSMIUM;9968;17;9964;19;;;10060;20;10062;18;;;10014.0;0.0
high_vol_volatile_s0;9000;INTARIAN_PEPPER_ROOT;12251;25;12249;14;;;12259;16;12262;10;;;12255.0;0.0
high_vol_volatile_s0;9000;ASH_COATED_OSMIUM;10007;9;10005;19;;;10019;20;10022;15;;;10013.0;0.0
high_vol_volatile_s0;9100;INTARIAN_PEPPER_ROOT;12266;17;12264;19;;;12280;11;12282;18;;;12273.0;0.0
high_vol_volatile_s0;9100;ASH_COATED_OSMIUM;10014;14;10012;11;;;10016;9;10020;18;;;10015.0;0.0
high_vol_volatile_s0;9200;INTARIAN_PEPPER_ROOT;12287;12;12285;17;;;12289;19;12293;20;;;12288.0;0.0
high_vol_volatile_s0;9200;ASH_COATED_OSMIUM;10014;13;10011;18;;;10022;12;10024;26;;;10018.0;0.0
high_vol_volatile_s0;9300;INTARIAN_PEPPER_ROOT;12281;17;12277;8;;;12327;16;12329;15;;;12304.0;0.0
high_vol_volatile_s0;9300;ASH_COATED_OSMIUM;9986;11;9984;26;;;10048;20;10050;21;;;10017.0;0.0
high_vol_volatile_s0;9400;INTARIAN_PEPPER_ROOT;12314;11;12311;21;;;12324;14;12326;17;;;12319.0;0.0
high_vol_volatile_s0;9400;ASH_COATED_OSMIUM;10015;12;10013;25;;;10027;19;10030;9;;;10021.0;0.0
high_vol_volatile_s0;9500;INTARIAN_PEPPER_ROOT;12331;14;12329;19;;;12343;14;12346;19;;;12337.0;0.0
high_vol_volatile_s0;9500;ASH_COATED_OSMIUM;10000;9;9997;16;;;10034;12;10038;15;;;10017.0;0.0
high_vol_volatile_s0;9600;INTARIAN_PEPPER_ROOT;12351;23;12348;22;;;12353;19;12355;14;;;12352.0;0.0
high_vol_volatile_s0;9600;ASH_COATED_OSMIUM;10013;22;10011;20;;;10015;6;10017;20;;;10014.0;0.0
high_vol_volatile_s0;9700;INTARIAN_PEPPER_ROOT;12370;20;12367;14;;;12372;14;12374;17;;;12371.0;0.0
high_vol_volatile_s0;9700;ASH_COATED_OSMIUM;10003;8;10000;20;;;10009;9;10011;23;;;10006.0;0.0
high_vol_volatile_s0;9800;INTARIAN_PEPPER_ROOT;12383;19;12381;9;;;12389;8;12392;25;;;12386.0;0.0
high_vol_volatile_s0;9800;ASH_COATED_OSMIUM;9994;8;9990;19;;;10022;9;10025;26;;;10008.0;0.0
high_vol_volatile_s0;9900;INTARIAN_PEPPER_ROOT;12400;5;12397;17;;;12402;15;12405;28;;;12401.0;0.0
high_vol_volatile_s0;9900;ASH_COATED_OSMIUM;10007;13;10005;16;;;10009;14;10011;30;;;10008.0;0.0
high_vol_volatile_s0;10000;INTARIAN_PEPPER_ROOT;12406;13;12403;12;;;12436;9;12439;27;;;12421.0;0.0
high_vol_volatile_s0;10000;ASH_COATED_OSMIUM;10001;5;9999;29;;;10009;18;10013;26;;;10005.0;0.0
high_vol_volatile_s0;10100;INTARIAN_PEPPER_ROOT;12426;14;12422;18;;;12436;13;12439;20;;;12431.0;0.0
high_vol_volatile_s0;10100;ASH_COATED_OSMIUM;10000;17;9996;23;;;10012;15;10014;30;;;10006.0;0.0
high_vol_volatile_s0;10200;INTARIAN_PEPPER_ROOT;12436;10;12433;8;;;12446;13;12448;25;;;12441.0;0.0
high_vol_volatile_s0;10200;ASH_COATED_OSMIUM;10004;9;10001;18;;;10006;20;10008;16;;;10005.0;0.0
high_vol_volatile_s0;10300;INTARIAN_PEPPER_ROOT;12455;17;12452;13;;;12459;7;12463;18;;;12457.0;0.0
high_vol_volatile_s0;10300;ASH_COATED_OSMIUM;9999;11;9995;14;;;10013;6;10016;19;;;10006.0;0.0
high_vol_volatile_s0;10400;INTARIAN_PEPPER_ROOT;12467;10;12463;16;;;12469;14;12473;18;;;12468.0;0.0
high_vol_volatile_s0;10400;ASH_COATED_OSMIUM;10008;10;10004;29;;;10010;20;10014;21;;;10009.0;0.0
high_vol_volatile_s0;10500;INTARIAN_PEPPER_ROOT;12480;5;12477;17;;;12494;11;12497;15;;;12487.0;0.0
high_vol_volatile_s0;10500;ASH_COATED_OSMIUM;10004;14;10000;21;;;10016;16;10020;17;;;10010.0;0.0
high_vol_volatile_s0;10600;INTARIAN_PEPPER_ROOT;12498;10;12494;15;;;12500;19;12503;25;;;12499.0;0.0
high_vol_volatile_s0;10600;ASH_COATED_OSMIUM;10002;6;9999;22;;;10028;15;10031;14;;;10015.0;0.0
high_vol_volatile_s0;10700;INTARIAN_PEPPER_ROOT;12508;10;12506;27;;;12510;13;12512;16;;;12509.0;0.0
high_vol_volatile_s0;10700;ASH_COATED_OSMIUM;10015;17;10013;21;;;10017;11;10020;17;;;10016.0;0.0
high_vol_volatile_s0;10800;INTARIAN_PEPPER_ROOT;12520;12;12517;31;;;12534;10;12536;12;;;12527.0;0.0
high_vol_volatile_s0;10800;ASH_COATED_OSMIUM;10013;13;10011;22;;;10015;16;10018;21;;;10014.0;0.0
high_vol_volatile_s0;10900;INTARIAN_PEPPER_ROOT;12543;18;12541;17;;;12545;8;12548;23;;;12544.0;0.0
high_vol_volatile_s0;10900;ASH_COATED_OSMIUM;10010;20;10006;15;;;10012;14;10016;22;;;10011.0;0.0
high_vol_volatile_s0;11000;INTARIAN_PEPPER_ROOT;12560;12;12556;27;;;12562;7;12564;19;;;12561.0;0.0
high_vol_volatile_s0;11000;ASH_COATED_OSMIUM;10005;13;10003;28;;;10007;9;10010;13;;;10006.0;0.0
high_vol_volatile_s0;11100;INTARIAN_PEPPER_ROOT;12573;15;12570;18;;;12577;11;12579;16;;;12575.0;0.0
high_vol_volatile_s0;11100;ASH_COATED_OSMIUM;10004;7;10002;15;;;10006;18;10010;14;;;10005.0;0.0
high_vol_volatile_s0;11200;INTARIAN_PEPPER_ROOT;12583;22;12580;29;;;12585;16;12587;15;;;12584.0;0.0
high_vol_volatile_s0;11200;ASH_COATED_OSMIUM;10004;8;10000;20;;;10012;17;10014;27;;;10008.0;0.0
high_vol_volatile_s0;11300;INTARIAN_PEPPER_ROOT;12593;19;12590;14;;;12609;9;12612;20;;;12601.0;0.0
high_vol_volatile_s0;11300;ASH_COATED_OSMIUM;10002;20;10000;22;;;10004;14;10007;22;;;10003.0;0.0
high_vol_volatile_s0;11400;INTARIAN_PEPPER_ROOT;12602;19;12598;15;;;12618;6;12620;15;;;12610.0;0.0
high_vol_volatile_s0;11400;ASH_COATED_OSMIUM;10001;9;9998;15;;;10003;11;10005;12;;;10002.0;0.0
high_vol_volatile_s0;11500;INTARIAN_PEPPER_ROOT;12621;19;12619;19;;;12623;22;12627;17;;;12622.0;0.0
high_vol_volatile_s0;11500;ASH_COATED_OSMIUM;10000;18;9996;16;;;10006;17;10009;23;;;10003.0;0.0
high_vol_volatile_s0;11600;INTARIAN_PEPPER_ROOT;12629;13;12627;24;;;12639;16;12643;12;;;12634.0;0.0
high_vol_volatile_s0;11600;ASH_COATED_OSMIUM;10005;14;10002;21;;;10007;20;10010;28;;;10006.0;0.0
high_vol_volatile_s0;11700;INTARIAN_PEPPER_ROOT;12640;14;12636;20;;;12644;12;12648;13;;;12642.0;0.0
high_vol_volatile_s0;11700;ASH_COATED_OSMIUM;10005;9;10001;24;;;10007;20;10011;19;;;10006.0;0.0
high_vol_volatile_s0;11800;INTARIAN_PEPPER_ROOT;12644;16;12640;15;;;12658;10;12662;23;;;12651.0;0.0
high_vol_volatile_s0;11800;ASH_COATED_OSMIUM;9996;7;9993;15;;;10018;17;10022;14;;;10007.0;0.0
high_vol_volatile_s0;11900;INTARIAN_PEPPER_ROOT;12661;7;12658;26;;;12663;22;12667;27;;;12662.0;0.0
high_vol_volatile_s0;11900;ASH_COATED_OSMIUM;10003;17;9999;23;;;10025;17;10029;26;;;10014.0;0.0
high_vol_volatile_s0;12000;INTARIAN_PEPPER_ROOT;12659;19;12657;23;;;12681;12;12684;18;;;12670.0;0.0
high_vol_volatile_s0;12000;ASH_COATED_OSMIUM;10004;13;10001;23;;;10028;7;10032;8;;;10016.0;0.0
high_vol_volatile_s0;12100;INTARIAN_PEPPER_ROOT;12672;22;12669;21;;;12674;15;12678;19;;;12673.0;0.0
high_vol_volatile_s0;12100;ASH_COATED_OSMIUM;10011;13;10008;18;;;10015;13;10019;19;;;10013.0;0.0
high_vol_volatile_s0;12200;INTARIAN_PEPPER_ROOT;12673;11;12671;24;;;12685;15;12687;17;;;12679.0;0.0
high_vol_volatile_s0;12200;ASH_COATED_OSMIUM;10007;5;10004;16;;;10009;13;10013;28;;;10008.0;0.0
high_vol_volatile_s0;12300;INTARIAN_PEPPER_ROOT;12660;12;12656;19;;;12718;14;12720;19;;;12689.0;0.0
high_vol_volatile_s0;12300;ASH_COATED_OSMIUM;10005;13;10003;13;;;10013;14;10017;23;;;10009.0;0.0
high_vol_volatile_s0;12400;INTARIAN_PEPPER_ROOT;12689;20;12686;16;;;12691;16;12693;31;;;12690.0;0.0
high_vol_volatile_s0;12400;ASH_COATED_OSMIUM;9995;11;9992;20;;;10027;9;10029;19;;;10011.0;0.0
high_vol_volatile_s0;12500;INTARIAN_PEPPER_ROOT;12678;11;12675;17;;;12710;5;12713;25;;;12694.0;0.0
high_vol_volatile_s0;12500;ASH_COATED_OSMIUM;10000;12;9998;18;;;10018;19;10022;19;;;10009.0;0.0
high_vol_volatile_s0;12600;INTARIAN_PEPPER_ROOT;12689;6;12685;30;;;12701;19;12705;19;;;12695.0;0.0
high_vol_volatile_s0;12600;ASH_COATED_OSMIUM;9998;15;9994;22;;;10024;17;10028;22;;;10011.0;0.0
high_vol_volatile_s0;12700;INTARIAN_PEPPER_ROOT;12702;15;12700;16;;;12704;15;12706;22;;;12703.0;0.0
high_vol_volatile_s0;12700;ASH_COATED_OSMIUM;10007;13;10003;24;;;10015;6;10019;16;;;10011.0;0.0
high_vol_volatile_s0;12800;INTARIAN_PEPPER_ROOT;12706;12;12704;26;;;12708;16;12712;15;;;12707.0;0.0
high_vol_volatile_s0;12800;ASH_COATED_OSMIUM;9991;17;9988;16;;;10019;5;10021;16;;;10005.0;0.0
high_vol_volatile_s0;12900;INTARIAN_PEPPER_ROOT;12699;13;12695;24;;;12719;16;12721;23;;;12709.0;0.0
high_vol_volatile_s0;12900;ASH_COATED_OSMIUM;9995;18;9991;18;;;10019;12;10022;24;;;10007.0;0.0
high_vol_volatile_s0;13000;INTARIAN_PEPPER_ROOT;12702;17;12698;15;;;12710;12;12713;20;;;12706.0;0.0
high_vol_volatile_s0;13000;ASH_COATED_OSMIUM;9976;13;9974;20;;;10032;20;10034;25;;;10004.0;0.0
high_vol_volatile_s0;13100;INTARIAN_PEPPER_ROOT;12705;8;12702;17;;;12711;10;12714;19;;;12708.0;0.0
high_vol_volatile_s0;13100;ASH_COATED_OSMIUM;9996;16;9992;27;;;10014;14;10018;19;;;10005.0;0.0
high_vol_volatile_s0;13200;INTARIAN_PEPPER_ROOT;12693;7;12690;8;;;12717;16;12720;23;;;12705.0;0.0
high_vol_volatile_s0;13200;ASH_COATED_OSMIUM;10008;12;10004;18;;;10010;14;10012;25;;;10009.0;0.0
high_vol_volatile_s0;13300;INTARIAN_PEPPER_ROOT;12692;12;12690;20;;;12712;9;12714;15;;;12702.0;0.0
high_vol_volatile_s0;13300;ASH_COATED_OSMIUM;10008;19;10004;21;;;10012;18;10015;15;;;10010.0;0.0
high_vol_volatile_s0;13400;INTARIAN_PEPPER_ROOT;12686;10;12684;19;;;12710;15;12714;16;;;12698.0;0.0
high_vol_volatile_s0;13400;ASH_COATED_OSMIUM;10005;19;10002;17;;;10023;9;10026;21;;;10014.0;0.0
high_vol_volatile_s0;13500;INTARIAN_PEPPER_ROOT;12690;9;12686;14;;;12702;18;12704;11;;;12696.0;0.0
high_vol_volatile_s0;13500;ASH_COATED_OSMIUM;9982;12;9980;8;;;10050;15;10052;16;;;10016.0;0.0
high_vol_volatile_s0;13600;INTARIAN_PEPPER_ROOT;12692;18;12689;15;;;12696;12;12698;17;;;12694.0;0.0
high_vol_volatile_s0;13600;ASH_COATED_OSMIUM;10008;12;10006;23;;;10024;6;10028;16;;;10016.0;0.0
high_vol_volatile_s0;13700;INTARIAN_PEPPER_ROOT;12687;10;12683;19;;;12689;16;12692;22;;;12688.0;0.0
high_vol_volatile_s0;13700;ASH_COATED_OSMIUM;10016;14;10014;27;;;10018;5;10020;12;;;10017.0;0.0
high_vol_volatile_s0;13800;INTARIAN_PEPPER_ROOT;12678;13;12674;16;;;12688;14;12692;15;;;12683.0;0.0
high_vol_volatile_s0;13800;ASH_COATED_OSMIUM;10015;11;10011;13;;;10019;22;10022;22;;;10017.0;0.0
high_vol_volatile_s0;13900;INTARIAN_PEPPER_ROOT;12670;19;12667;20;;;12678;12;12680;11;;;12674.0;0.0
high_vol_volatile_s0;13900;ASH_COATED_OSMIUM;9986;13;9982;17;;;10058;11;10060;22;;;10022.0;0.0
high_vol_volatile_s0;14000;INTARIAN_PEPPER_ROOT;12660;12;12658;21;;;12664;15;12667;16;;;12662.0;0.0
high_vol_volatile_s0;14000;ASH_COATED_OSMIUM;10012;20;10009;14;;;10036;10;10038;23;;;10024.0;0.0
high_vol_volatile_s0;14100;INTARIAN_PEPPER_ROOT;12649;13;12647;16;;;12661;23;12664;21;;;12655.0;0.0
high_vol_volatile_s0;14100;ASH_COATED_OSMIUM;10029;6;10026;10;;;10033;6;10035;23;;;10031.0;0.0
high_vol_volatile_s0;14200;INTARIAN_PEPPER_ROOT;12632;14;12630;16;;;12662;14;12665;20;;;12647.0;0.0
high_vol_volatile_s0;14200;ASH_COATED_OSMIUM;10009;14;10005;26;;;10043;7;10047;24;;;10026.0;0.0
high_vol_volatile_s0;14300;INTARIAN_PEPPER_ROOT;12598;6;12595;15;;;12682;19;12684;20;;;12640.0;0.0
high_vol_volatile_s0;14300;ASH_COATED_OSMIUM;10023;16;10019;28;;;10027;19;10031;33;;;10025.0;0.0
high_vol_volatile_s0;14400;INTARIAN_PEPPER_ROOT;12632;22;12630;22;;;12642;11;12645;10;;;12637.0;0.0
high_vol_volatile_s0;14400;ASH_COATED_OSMIUM;10022;23;10018;13;;;10024;11;10026;24;;;10023.0;0.0
high_vol_volatile_s0;14500;INTARIAN_PEPPER_ROOT;12628;6;12625;32;;;12630;8;12632;17;;;12629.0;0.0
high_vol_volatile_s0;14500;ASH_COATED_OSMIUM;10015;9;10013;23;;;10033;18;10036;28;;;10024.0;0.0
high_vol_volatile_s0;14600;INTARIAN_PEPPER_ROOT;12600;12;12597;24;;;12628;20;12630;22;;;12614.0;0.0
high_vol_volatile_s0;14600;ASH_COATED_OSMIUM;10022;18;10018;24;;;10024;16;10027;31;;;10023.0;0.0
high_vol_volatile_s0;14700;INTARIAN_PEPPER_ROOT;12599;10;12595;23;;;12611;17;12613;21;;;12605.0;0.0
high_vol_volatile_s0;14700;ASH_COATED_OSMIUM;10019;14;10017;25;;;10027;21;10030;8;;;10023.0;0.0
high_vol_volatile_s0;14800;INTARIAN_PEPPER_ROOT;12583;10;12580;22;;;12595;14;12599;25;;;12589.0;0.0
high_vol_volatile_s0;14800;ASH_COATED_OSMIUM;10013;17;10010;28;;;10031;16;10034;22;;;10022.0;0.0
high_vol_volatile_s0;14900;INTARIAN_PEPPER_ROOT;12552;11;12549;28;;;12598;12;12602;21;;;12575.0;0.0
high_vol_volatile_s0;14900;ASH_COATED_OSMIUM;10010;14;10007;12;;;10034;23;10036;16;;;10022.0;0.0
high_vol_volatile_s0;15000;INTARIAN_PEPPER_ROOT;12555;18;12552;22;;;12565;18;12567;14;;;12560.0;0.0
high_vol_volatile_s0;15000;ASH_COATED_OSMIUM;10016;13;10014;20;;;10024;6;10027;21;;;10020.0;0.0
high_vol_volatile_s0;15100;INTARIAN_PEPPER_ROOT;12544;13;12540;22;;;12556;14;12560;22;;;12550.0;0.0
high_vol_volatile_s0;15100;ASH_COATED_OSMIUM;10005;13;10002;17;;;10035;15;10039;19;;;10020.0;0.0
high_vol_volatile_s0;15200;INTARIAN_PEPPER_ROOT;12529;13;12527;22;;;12537;12;12539;17;;;12533.0;0.0
high_vol_volatile_s0;15200;ASH_COATED_OSMIUM;10020;12;10018;23;;;10024;17;10028;14;;;10022.0;0.0
high_vol_volatile_s0;15300;INTARIAN_PEPPER_ROOT;12509;12;12505;30;;;12521;16;12523;11;;;12515.0;0.0
high_vol_volatile_s0;15300;ASH_COATED_OSMIUM;10012;11;10008;14;;;10028;12;10031;23;;;10020.0;0.0
high_vol_volatile_s0;15400;INTARIAN_PEPPER_ROOT;12492;15;12489;17;;;12504;18;12507;24;;;12498.0;0.0
high_vol_volatile_s0;15400;ASH_COATED_OSMIUM;10014;10;10011;22;;;10028;12;10032;32;;;10021.0;0.0
high_vol_volatile_s0;15500;INTARIAN_PEPPER_ROOT;12470;15;12468;25;;;12490;28;12492;25;;;12480.0;0.0
high_vol_volatile_s0;15500;ASH_COATED_OSMIUM;10023;13;10021;10;;;10025;9;10029;30;;;10024.0;0.0
high_vol_volatile_s0;15600;INTARIAN_PEPPER_ROOT;12463;5;12460;24;;;12469;16;12472;24;;;12466.0;0.0
high_vol_volatile_s0;15600;ASH_COATED_OSMIUM;10020;19;10016;14;;;10022;7;10024;22;;;10021.0;0.0
high_vol_volatile_s0;15700;INTARIAN_PEPPER_ROOT;12442;15;12440;26;;;12448;18;12450;20;;;12445.0;0.0
high_vol_volatile_s0;15700;ASH_COATED_OSMIUM;10018;18;10015;23;;;10026;17;10029;12;;;10022.0;0.0
high_vol_volatile_s0;15800;INTARIAN_PEPPER_ROOT;12405;14;12403;23;;;12443;11;12445;15;;;12424.0;0.0
high_vol_volatile_s0;15800;ASH_COATED_OSMIUM;10018;10;10014;15;;;10028;15;10031;18;;;10023.0;0.0
high_vol_volatile_s0;15900;INTARIAN_PEPPER_ROOT;12400;16;12397;21;;;12406;17;12408;24;;;12403.0;0.0
high_vol_volatile_s0;15900;ASH_COATED_OSMIUM;10021;16;10017;14;;;10031;5;10034;22;;;10026.0;0.0
high_vol_volatile_s0;16000;INTARIAN_PEPPER_ROOT;12377;19;12373;20;;;12389;13;12392;16;;;12383.0;0.0
high_vol_volatile_s0;16000;ASH_COATED_OSMIUM;10021;10;10018;27;;;10031;13;10034;18;;;10026.0;0.0
high_vol_volatile_s0;16100;INTARIAN_PEPPER_ROOT;12368;5;12366;20;;;12370;16;12372;32;;;12369.0;0.0
high_vol_volatile_s0;16100;ASH_COATED_OSMIUM;10025;5;10021;19;;;10029;5;10032;15;;;10027.0;0.0
high_vol_volatile_s0;16200;INTARIAN_PEPPER_ROOT;12348;11;12345;18;;;12358;10;12362;20;;;12353.0;0.0
high_vol_volatile_s0;16200;ASH_COATED_OSMIUM;10010;20;10008;16;;;10038;12;10040;33;;;10024.0;0.0
high_vol_volatile_s0;16300;INTARIAN_PEPPER_ROOT;12329;26;12325;24;;;12339;14;12341;12;;;12334.0;0.0
high_vol_volatile_s0;16300;ASH_COATED_OSMIUM;10017;8;10013;22;;;10025;5;10029;17;;;10021.0;0.0
high_vol_volatile_s0;16400;INTARIAN_PEPPER_ROOT;12301;19;12299;13;;;12319;24;12321;17;;;12310.0;0.0
high_vol_volatile_s0;16400;ASH_COATED_OSMIUM;10014;23;10011;17;;;10026;13;10029;21;;;10020.0;0.0
high_vol_volatile_s0;16500;INTARIAN_PEPPER_ROOT;12291;18;12287;9;;;12293;20;12296;15;;;12292.0;0.0
high_vol_volatile_s0;16500;ASH_COATED_OSMIUM;10013;20;10011;14;;;10025;16;10029;22;;;10019.0;0.0
high_vol_volatile_s0;16600;INTARIAN_PEPPER_ROOT;12265;10;12263;25;;;12273;7;12277;21;;;12269.0;0.0
high_vol_volatile_s0;16600;ASH_COATED_OSMIUM;10016;14;10013;26;;;10018;9;10021;13;;;10017.0;0.0
high_vol_volatile_s0;16700;INTARIAN_PEPPER_ROOT;12239;10;12235;21;;;12249;14;12252;20;;;12244.0;0.0
high_vol_volatile_s0;16700;ASH_COATED_OSMIUM;10002;14;10000;14;;;10020;5;10022;26;;;10011.0;0.0
high_vol_volatile_s0;16800;INTARIAN_PEPPER_ROOT;12214;21;12212;19;;;12238;30;12242;16;;;12226.0;0.0
high_vol_volatile_s0;16800;ASH_COATED_OSMIUM;10009;13;10007;19;;;10025;5;10027;17;;;10017.0;0.0
high_vol_volatile_s0;16900;INTARIAN_PEPPER_ROOT;12191;10;12187;23;;;12223;15;12225;22;;;12207.0;0.0
high_vol_volatile_s0;16900;ASH_COATED_OSMIUM;10018;6;10016;26;;;10020;15;10023;15;;;10019.0;0.0
high_vol_volatile_s0;17000;INTARIAN_PEPPER_ROOT;12185;13;12182;12;;;12193;10;12195;18;;;12189.0;0.0
high_vol_volatile_s0;17000;ASH_COATED_OSMIUM;10001;21;9998;28;;;10037;15;10039;30;;;10019.0;0.0
high_vol_volatile_s0;17100;INTARIAN_PEPPER_ROOT;12167;9;12164;9;;;12169;11;12173;26;;;12168.0;0.0
high_vol_volatile_s0;17100;ASH_COATED_OSMIUM;10023;10;10021;15;;;10025;9;10028;22;;;10024.0;0.0
high_vol_volatile_s0;17200;INTARIAN_PEPPER_ROOT;12142;10;12140;18;;;12158;13;12160;27;;;12150.0;0.0
high_vol_volatile_s0;17200;ASH_COATED_OSMIUM;10008;5;10004;21;;;10028;18;10031;24;;;10018.0;0.0
high_vol_volatile_s0;17300;INTARIAN_PEPPER_ROOT;12116;10;12114;17;;;12138;19;12141;23;;;12127.0;0.0
high_vol_volatile_s0;17300;ASH_COATED_OSMIUM;10008;11;10005;25;;;10028;5;10030;15;;;10018.0;0.0
high_vol_volatile_s0;17400;INTARIAN_PEPPER_ROOT;12092;8;12089;13;;;12114;15;12118;23;;;12103.0;0.0
high_vol_volatile_s0;17400;ASH_COATED_OSMIUM;10015;7;10012;17;;;10021;19;10023;19;;;10018.0;0.0
high_vol_volatile_s0;17500;INTARIAN_PEPPER_ROOT;12073;15;12070;23;;;12097;26;12099;10;;;12085.0;0.0
high_vol_volatile_s0;17500;ASH_COATED_OSMIUM;10005;10;10003;21;;;10037;14;10041;17;;;10021.0;0.0
high_vol_volatile_s0;17600;INTARIAN_PEPPER_ROOT;12059;15;12056;20;;;12063;17;12065;15;;;12061.0;0.0
high_vol_volatile_s0;17600;ASH_COATED_OSMIUM;10002;21;9999;17;;;10036;13;10039;24;;;10019.0;0.0
high_vol_volatile_s0;17700;INTARIAN_PEPPER_ROOT;12033;16;12031;16;;;12045;16;12048;17;;;12039.0;0.0
high_vol_volatile_s0;17700;ASH_COATED_OSMIUM;10007;15;10005;14;;;10021;9;10024;24;;;10014.0;0.0
high_vol_volatile_s0;17800;INTARIAN_PEPPER_ROOT;12008;15;12006;22;;;12028;14;12031;14;;;12018.0;0.0
high_vol_volatile_s0;17800;ASH_COATED_OSMIUM;10014;13;10010;23;;;10016;5;10020;17;;;10015.0;0.0
high_vol_volatile_s0;17900;INTARIAN_PEPPER_ROOT;11993;15;11990;9;;;12003;18;12005;22;;;11998.0;0.0
high_vol_volatile_s0;17900;ASH_COATED_OSMIUM;10009;10;10006;23;;;10011;16;10014;19;;;10010.0;0.0
high_vol_volatile_s0;18000;INTARIAN_PEPPER_ROOT;11961;16;11959;17;;;11993;8;11996;19;;;11977.0;0.0
high_vol_volatile_s0;18000;ASH_COATED_OSMIUM;9967;10;9963;22;;;10045;20;10049;21;;;10006.0;0.0
high_vol_volatile_s0;18100;INTARIAN_PEPPER_ROOT;11951;14;11947;13;;;11955;14;11957;24;;;11953.0;0.0
high_vol_volatile_s0;18100;ASH_COATED_OSMIUM;10002;9;9998;17;;;10014;16;10017;21;;;10008.0;0.0
high_vol_volatile_s0;18200;INTARIAN_PEPPER_ROOT;11932;16;11930;18;;;11934;17;11936;12;;;11933.0;0.0
high_vol_volatile_s0;18200;ASH_COATED_OSMIUM;10010;19;10007;22;;;10014;10;10016;15;;;10012.0;0.0
high_vol_volatile_s0;18300;INTARIAN_PEPPER_ROOT;11892;17;11889;23;;;11920;23;11923;8;;;11906.0;0.0
high_vol_volatile_s0;18300;ASH_COATED_OSMIUM;9991;14;9989;24;;;10033;6;10036;18;;;10012.0;0.0
high_vol_volatile_s0;18400;INTARIAN_PEPPER_ROOT;11880;19;11877;25;;;11900;6;11904;23;;;11890.0;0.0
high_vol_volatile_s0;18400;ASH_COATED_OSMIUM;9984;10;9981;16;;;10038;6;10040;15;;;10011.0;0.0
high_vol_volatile_s0;18500;INTARIAN_PEPPER_ROOT;11863;11;11861;17;;;11871;17;11875;17;;;11867.0;0.0
high_vol_volatile_s0;18500;ASH_COATED_OSMIUM;10001;14;9999;15;;;10007;13;10009;20;;;10004.0;0.0
high_vol_volatile_s0;18600;INTARIAN_PEPPER_ROOT;11845;16;11843;21;;;11847;14;11851;22;;;11846.0;0.0
high_vol_volatile_s0;18600;ASH_COATED_OSMIUM;9996;14;9993;13;;;10010;6;10013;19;;;10003.0;0.0
high_vol_volatile_s0;18700;INTARIAN_PEPPER_ROOT;11826;16;11823;23;;;11832;12;11835;16;;;11829.0;0.0
high_vol_volatile_s0;18700;ASH_COATED_OSMIUM;9995;12;9991;20;;;10005;5;10007;25;;;10000.0;0.0
high_vol_volatile_s0;18800;INTARIAN_PEPPER_ROOT;11799;10;11796;24;;;11821;15;11823;18;;;11810.0;0.0
high_vol_volatile_s0;18800;ASH_COATED_OSMIUM;9997;6;9993;16;;;10001;15;10003;14;;;9999.0;0.0
high_vol_volatile_s0;18900;INTARIAN_PEPPER_ROOT;11798;5;11795;17;;;11800;5;11802;18;;;11799.0;0.0
high_vol_volatile_s0;18900;ASH_COATED_OSMIUM;9995;7;9991;14;;;9997;11;10000;22;;;9996.0;0.0
high_vol_volatile_s0;19000;INTARIAN_PEPPER_ROOT;11771;12;11768;20;;;11787;19;11790;21;;;11779.0;0.0
high_vol_volatile_s0;19000;ASH_COATED_OSMIUM;9983;7;9979;20;;;10005;11;10007;15;;;9994.0;0.0
high_vol_volatile_s0;19100;INTARIAN_PEPPER_ROOT;11747;17;11745;21;;;11783;11;11785;14;;;11765.0;0.0
high_vol_volatile_s0;19100;ASH_COATED_OSMIUM;9994;22;9990;18;;;10006;5;10010;21;;;10000.0;0.0
high_vol_volatile_s0;19200;INTARIAN_PEPPER_ROOT;11740;15;11737;13;;;11762;8;11766;23;;;11751.0;0.0
high_vol_volatile_s0;19200;ASH_COATED_OSMIUM;9991;16;9989;17;;;9993;14;9995;21;;;9992.0;0.0
high_vol_volatile_s0;19300;INTARIAN_PEPPER_ROOT;11725;17;11722;35;;;11741;18;11745;15;;;11733.0;0.0
high_vol_volatile_s0;19300;ASH_COATED_OSMIUM;9980;21;9977;22;;;9990;12;9993;21;;;9985.0;0.0
high_vol_volatile_s0;19400;INTARIAN_PEPPER_ROOT;11712;14;11710;23;;;11730;14;11734;25;;;11721.0;0.0
high_vol_volatile_s0;19400;ASH_COATED_OSMIUM;9986;5;9984;21;;;9990;9;9992;20;;;9988.0;0.0
high_vol_volatile_s0;19500;INTARIAN_PEPPER_ROOT;11703;22;11699;23;;;11713;13;11715;19;;;11708.0;0.0
high_vol_volatile_s0;19500;ASH_COATED_OSMIUM;9981;19;9977;15;;;9993;11;9995;23;;;9987.0;0.0
high_vol_volatile_s0;19600;INTARIAN_PEPPER_ROOT;11686;14;11683;21;;;11710;12;11712;15;;;11698.0;0.0
high_vol_volatile_s0;19600;ASH_COATED_OSMIUM;9979;8;9977;19;;;9991;14;9994;25;;;9985.0;0.0
high_vol_volatile_s0;19700;INTARIAN_PEPPER_ROOT;11668;19;11665;15;;;11710;16;11713;17;;;11689.0;0.0
high_vol_volatile_s0;19700;ASH_COATED_OSMIUM;9967;23;9965;22;;;9995;8;9999;21;;;9981.0;0.0
high_vol_volatile_s0;19800;INTARIAN_PEPPER_ROOT;11683;23;11679;24;;;11687;19;11691;20;;;11685.0;0.0
high_vol_volatile_s0;19800;ASH_COATED_OSMIUM;9978;12;9976;19;;;9986;18;9990;25;;;9982.0;0.0
high_vol_volatile_s0;19900;INTARIAN_PEPPER_ROOT;11678;15;11675;14;;;11680;5;11684;9;;;11679.0;0.0
high_vol_volatile_s0;19900;ASH_COATED_OSMIUM;9960;14;9957;10;;;10006;10;10008;20;;;9983.0;0.0
high_vol_volatile_s0;20000;INTARIAN_PEPPER_ROOT;11633;9;11630;22;;;11705;14;11708;13;;;11669.0;0.0
high_vol_volatile_s0;20000;ASH_COATED_OSMIUM;9984;19;9982;23;;;9986;13;9988;20;;;9985.0;0.0
high_vol_volatile_s0;20100;INTARIAN_PEPPER_ROOT;11655;21;11651;25;;;11665;15;11668;16;;;11660.0;0.0
high_vol_volatile_s0;20100;ASH_COATED_OSMIUM;9960;15;9957;16;;;10020;13;10023;24;;;9990.0;0.0
high_vol_volatile_s0;20200;INTARIAN_PEPPER_ROOT;11649;10;11645;15;;;11661;14;11663;35;;;11655.0;0.0
high_vol_volatile_s0;20200;ASH_COATED_OSMIUM;9986;22;9982;15;;;9992;30;9996;16;;;9989.0;0.0
high_vol_volatile_s0;20300;INTARIAN_PEPPER_ROOT;11645;13;11641;18;;;11653;20;11657;22;;;11649.0;0.0
high_vol_volatile_s0;20300;ASH_COATED_OSMIUM;9931;8;9929;21;;;10049;16;10052;11;;;9990.0;0.0
high_vol_volatile_s0;20400;INTARIAN_PEPPER_ROOT;11640;15;11636;21;;;11650;6;11654;28;;;11645.0;0.0
high_vol_volatile_s0;20400;ASH_COATED_OSMIUM;9975;13;9971;19;;;10005;13;10009;20;;;9990.0;0.0
high_vol_volatile_s0;20500;INTARIAN_PEPPER_ROOT;11629;6;11626;21;;;11639;18;11642;17;;;11634.0;0.0
high_vol_volatile_s0;20500;ASH_COATED_OSMIUM;9989;13;9986;17;;;9991;18;9995;27;;;9990.0;0.0
high_vol_volatile_s0;20600;INTARIAN_PEPPER_ROOT;11618;16;11616;23;;;11640;18;11644;11;;;11629.0;0.0
high_vol_volatile_s0;20600;ASH_COATED_OSMIUM;9971;16;9969;27;;;10007;12;10010;30;;;9989.0;0.0
high_vol_volatile_s0;20700;INTARIAN_PEPPER_ROOT;11616;13;11614;28;;;11630;14;11632;20;;;11623.0;0.0
high_vol_volatile_s0;20700;ASH_COATED_OSMIUM;9983;7;9981;24;;;9989;18;9991;11;;;9986.0;0.0
high_vol_volatile_s0;20800;INTARIAN_PEPPER_ROOT;11620;15;11618;16;;;11622;15;11624;17;;;11621.0;0.0
high_vol_volatile_s0;20800;ASH_COATED_OSMIUM;9984;15;9981;17;;;9988;12;9990;12;;;9986.0;0.0
high_vol_volatile_s0;20900;INTARIAN_PEPPER_ROOT;11596;9;11593;33;;;11638;22;11641;29;;;11617.0;0.0
high_vol_volatile_s0;20900;ASH_COATED_OSMIUM;9978;22;9975;16;;;9998;20;10001;22;;;9988.0;0.0
high_vol_volatile_s0;21000;INTARIAN_PEPPER_ROOT;11607;14;11605;16;;;11631;24;11634;23;;;11619.0;0.0
high_vol_volatile_s0;21000;ASH_COATED_OSMIUM;9984;15;9982;29;;;9992;15;9996;24;;;9988.0;0.0
high_vol_volatile_s0;21100;INTARIAN_PEPPER_ROOT;11608;14;11606;13;;;11628;10;11632;16;;;11618.0;0.0
high_vol_volatile_s0;21100;ASH_COATED_OSMIUM;9978;11;9976;18;;;10006;7;10010;16;;;9992.0;0.0
high_vol_volatile_s0;21200;INTARIAN_PEPPER_ROOT;11616;12;11612;32;;;11624;12;11626;19;;;11620.0;0.0
high_vol_volatile_s0;21200;ASH_COATED_OSMIUM;9992;11;9988;22;;;9996;18;9999;12;;;9994.0;0.0
high_vol_volatile_s0;21300;INTARIAN_PEPPER_ROOT;11594;11;11592;21;;;11644;18;11646;23;;;11619.0;0.0
high_vol_volatile_s0;21300;ASH_COATED_OSMIUM;9988;16;9986;17;;;9990;17;9992;14;;;9989.0;0.0
high_vol_volatile_s0;21400;INTARIAN_PEPPER_ROOT;11612;20;11609;8;;;11622;18;11626;21;;;11617.0;0.0
high_vol_volatile_s0;21400;ASH_COATED_OSMIUM;9966;14;9963;16;;;10006;15;10010;20;;;9986.0;0.0
high_vol_volatile_s0;21500;INTARIAN_PEPPER_ROOT;11562;13;11559;20;;;11672;11;11675;23;;;11617.0;0.0
high_vol_volatile_s0;21500;ASH_COATED_OSMIUM;9978;16;9976;13;;;10002;12;10006;17;;;9990.0;0.0
high_vol_volatile_s0;21600;INTARIAN_PEPPER_ROOT;11619;9;11615;10;;;11621;21;11623;19;;;11620.0;0.0
high_vol_volatile_s0;21600;ASH_COATED_OSMIUM;9982;11;9979;23;;;9996;20;10000;28;;;9989.0;0.0
high_vol_volatile_s0;21700;INTARIAN_PEPPER_ROOT;11604;16;11602;18;;;11644;18;11648;14;;;11624.0;0.0
high_vol_volatile_s0;21700;ASH_COATED_OSMIUM;9977;10;9975;21;;;10003;21;10007;23;;;9990.0;0.0
high_vol_volatile_s0;21800;INTARIAN_PEPPER_ROOT;11633;17;11629;23;;;11635;17;11637;23;;;11634.0;0.0
high_vol_volatile_s0;21800;ASH_COATED_OSMIUM;9968;15;9966;23;;;10010;5;10014;28;;;9989.0;0.0
high_vol_volatile_s0;21900;INTARIAN_PEPPER_ROOT;11616;14;11612;19;;;11662;5;11664;11;;;11639.0;0.0
high_vol_volatile_s0;21900;ASH_COATED_OSMIUM;9985;16;9983;23;;;10001;5;10003;20;;;9993.0;0.0
high_vol_volatile_s0;22000;INTARIAN_PEPPER_ROOT;11627;12;11625;24;;;11655;21;11657;18;;;11641.0;0.0
high_vol_volatile_s0;22000;ASH_COATED_OSMIUM;9992;13;9988;24;;;9998;20;10000;18;;;9995.0;0.0
high_vol_volatile_s0;22100;INTARIAN_PEPPER_ROOT;11639;9;11636;20;;;11653;15;11655;22;;;11646.0;0.0
high_vol_volatile_s0;22100;ASH_COATED_OSMIUM;9991;12;9988;18;;;9999;6;10001;12;;;9995.0;0.0
high_vol_volatile_s0;22200;INTARIAN_PEPPER_ROOT;11650;15;11646;20;;;11652;20;11654;19;;;11651.0;0.0
high_vol_volatile_s0;22200;ASH_COATED_OSMIUM;9960;19;9956;22;;;10020;12;10024;25;;;9990.0;0.0
high_vol_volatile_s0;22300;INTARIAN_PEPPER_ROOT;11651;5;11649;16;;;11669;24;11673;14;;;11660.0;0.0
high_vol_volatile_s0;22300;ASH_COATED_OSMIUM;9972;21;9969;18;;;9998;12;10000;18;;;9985.0;0.0
high_vol_volatile_s0;22400;INTARIAN_PEPPER_ROOT;11662;10;11658;19;;;11664;12;11668;17;;;11663.0;0.0
high_vol_volatile_s0;22400;ASH_COATED_OSMIUM;9981;10;9978;18;;;9989;19;9991;9;;;9985.0;0.0
high_vol_volatile_s0;22500;INTARIAN_PEPPER_ROOT;11666;13;11663;24;;;11674;21;11677;19;;;11670.0;0.0
high_vol_volatile_s0;22500;ASH_COATED_OSMIUM;9981;5;9977;24;;;9995;7;9999;17;;;9988.0;0.0
high_vol_volatile_s0;22600;INTARIAN_PEPPER_ROOT;11674;17;11670;10;;;11686;20;11689;20;;;11680.0;0.0
high_vol_volatile_s0;22600;ASH_COATED_OSMIUM;9985;12;9981;12;;;9987;18;9989;24;;;9986.0;0.0
high_vol_volatile_s0;22700;INTARIAN_PEPPER_ROOT;11673;23;11669;19;;;11705;21;11708;22;;;11689.0;0.0
high_vol_volatile_s0;22700;ASH_COATED_OSMIUM;9988;15;9985;28;;;9994;16;9996;21;;;9991.0;0.0
high_vol_volatile_s0;22800;INTARIAN_PEPPER_ROOT;11693;5;11691;24;;;11701;15;11703;22;;;11697.0;0.0
high_vol_volatile_s0;22800;ASH_COATED_OSMIUM;9987;16;9984;14;;;9991;16;9995;19;;;9989.0;0.0
high_vol_volatile_s0;22900;INTARIAN_PEPPER_ROOT;11703;23;11701;18;;;11709;15;11713;26;;;11706.0;0.0
high_vol_volatile_s0;22900;ASH_COATED_OSMIUM;9973;17;9971;21;;;10007;22;10009;18;;;9990.0;0.0
high_vol_volatile_s0;23000;INTARIAN_PEPPER_ROOT;11709;19;11706;25;;;11717;25;11721;17;;;11713.0;0.0
high_vol_volatile_s0;23000;ASH_COATED_OSMIUM;9979;9;9975;11;;;9999;8;10002;11;;;9989.0;0.0
high_vol_volatile_s0;23100;INTARIAN_PEPPER_ROOT;11722;14;11720;17;;;11724;15;11726;17;;;11723.0;0.0
high_vol_volatile_s0;23100;ASH_COATED_OSMIUM;9991;14;9987;30;;;9993;17;9997;23;;;9992.0;0.0
high_vol_volatile_s0;23200;INTARIAN_PEPPER_ROOT;11727;19;11723;23;;;11737;10;11741;26;;;11732.0;0.0
high_vol_volatile_s0;23200;ASH_COATED_OSMIUM;9989;6;9985;22;;;10003;9;10006;21;;;9996.0;0.0
high_vol_volatile_s0;23300;INTARIAN_PEPPER_ROOT;11743;11;11739;18;;;11747;14;11749;23;;;11745.0;0.0
high_vol_volatile_s0;23300;ASH_COATED_OSMIUM;9998;6;9994;20;;;10000;16;10004;13;;;9999.0;0.0
high_vol_volatile_s0;23400;INTARIAN_PEPPER_ROOT;11747;20;11743;19;;;11763;12;11766;23;;;11755.0;0.0
high_vol_volatile_s0;23400;ASH_COATED_OSMIUM;10002;5;9998;16;;;10006;18;10008;23;;;10004.0;0.0
high_vol_volatile_s0;23500;INTARIAN_PEPPER_ROOT;11768;17;11766;18;;;11770;19;11773;15;;;11769.0;0.0
high_vol_volatile_s0;23500;ASH_COATED_OSMIUM;9999;14;9996;20;;;10003;8;10007;21;;;10001.0;0.0
high_vol_volatile_s0;23600;INTARIAN_PEPPER_ROOT;11784;10;11782;22;;;11790;16;11794;21;;;11787.0;0.0
high_vol_volatile_s0;23600;ASH_COATED_OSMIUM;9992;14;9988;14;;;10004;17;10008;22;;;9998.0;0.0
high_vol_volatile_s0;23700;INTARIAN_PEPPER_ROOT;11786;20;11784;16;;;11800;17;11803;26;;;11793.0;0.0
high_vol_volatile_s0;23700;ASH_COATED_OSMIUM;9988;12;9985;12;;;10000;6;10004;18;;;9994.0;0.0
high_vol_volatile_s0;23800;INTARIAN_PEPPER_ROOT;11804;5;11800;26;;;11812;21;11816;20;;;11808.0;0.0
high_vol_volatile_s0;23800;ASH_COATED_OSMIUM;9979;24;9975;26;;;10009;16;10012;21;;;9994.0;0.0
high_vol_volatile_s0;23900;INTARIAN_PEPPER_ROOT;11818;9;11815;18;;;11828;20;11831;11;;;11823.0;0.0
high_vol_volatile_s0;23900;ASH_COATED_OSMIUM;9975;6;9971;9;;;10005;9;10007;20;;;9990.0;0.0
high_vol_volatile_s0;24000;INTARIAN_PEPPER_ROOT;11822;22;11820;12;;;11846;8;11850;23;;;11834.0;0.0
high_vol_volatile_s0;24000;ASH_COATED_OSMIUM;9979;18;9977;25;;;9997;13;10001;18;;;9988.0;0.0
high_vol_volatile_s0;24100;INTARIAN_PEPPER_ROOT;11839;19;11837;17;;;11855;26;11859;15;;;11847.0;0.0
high_vol_volatile_s0;24100;ASH_COATED_OSMIUM;9983;10;9980;23;;;9987;18;9991;18;;;9985.0;0.0
high_vol_volatile_s0;24200;INTARIAN_PEPPER_ROOT;11855;18;11852;19;;;11867;14;11869;17;;;11861.0;0.0
high_vol_volatile_s0;24200;ASH_COATED_OSMIUM;9979;14;9977;24;;;10011;15;10014;16;;;9995.0;0.0
high_vol_volatile_s0;24300;INTARIAN_PEPPER_ROOT;11866;12;11862;26;;;11882;7;11886;27;;;11874.0;0.0
high_vol_volatile_s0;24300;ASH_COATED_OSMIUM;9995;11;9992;13;;;9997;7;9999;12;;;9996.0;0.0
high_vol_volatile_s0;24400;INTARIAN_PEPPER_ROOT;11886;17;11884;25;;;11888;14;11892;19;;;11887.0;0.0
high_vol_volatile_s0;24400;ASH_COATED_OSMIUM;9995;15;9991;14;;;9999;15;10003;25;;;9997.0;0.0
high_vol_volatile_s0;24500;INTARIAN_PEPPER_ROOT;11895;20;11893;9;;;11897;25;11900;23;;;11896.0;0.0
high_vol_volatile_s0;24500;ASH_COATED_OSMIUM;9994;15;9992;11;;;9996;5;9999;17;;;9995.0;0.0
high_vol_volatile_s0;24600;INTARIAN_PEPPER_ROOT;11910;5;11908;11;;;11918;13;11921;19;;;11914.0;0.0
high_vol_volatile_s0;24600;ASH_COATED_OSMIUM;9988;14;9984;15;;;9996;14;9998;17;;;9992.0;0.0
high_vol_volatile_s0;24700;INTARIAN_PEPPER_ROOT;11922;13;11918;16;;;11940;7;11942;26;;;11931.0;0.0
high_vol_volatile_s0;24700;ASH_COATED_OSMIUM;9982;8;9979;21;;;10002;13;10006;28;;;9992.0;0.0
high_vol_volatile_s0;24800;INTARIAN_PEPPER_ROOT;11938;19;11935;22;;;11948;10;11951;15;;;11943.0;0.0
high_vol_volatile_s0;24800;ASH_COATED_OSMIUM;9983;20;9980;24;;;9995;21;9998;19;;;9989.0;0.0
high_vol_volatile_s0;24900;INTARIAN_PEPPER_ROOT;11949;11;11945;18;;;11955;18;11958;20;;;11952.0;0.0
high_vol_volatile_s0;24900;ASH_COATED_OSMIUM;9977;19;9975;17;;;9991;15;9995;21;;;9984.0;0.0
high_vol_volatile_s0;25000;INTARIAN_PEPPER_ROOT;11964;26;11960;12;;;11972;15;11975;21;;;11968.0;0.0
high_vol_volatile_s0;25000;ASH_COATED_OSMIUM;9974;6;9971;14;;;9986;12;9988;18;;;9980.0;0.0
high_vol_volatile_s0;25100;INTARIAN_PEPPER_ROOT;11973;14;11969;16;;;11987;16;11989;14;;;11980.0;0.0
high_vol_volatile_s0;25100;ASH_COATED_OSMIUM;9983;6;9981;23;;;9989;5;9991;15;;;9986.0;0.0
high_vol_volatile_s0;25200;INTARIAN_PEPPER_ROOT;11991;25;11987;14;;;11997;15;12001;22;;;11994.0;0.0
high_vol_volatile_s0;25200;ASH_COATED_OSMIUM;9977;18;9974;21;;;9991;12;9993;12;;;9984.0;0.0
high_vol_volatile_s0;25300;INTARIAN_PEPPER_ROOT;12004;15;12000;11;;;12008;14;12010;21;;;12006.0;0.0
high_vol_volatile_s0;25300;ASH_COATED_OSMIUM;9964;9;9961;18;;;9996;15;10000;17;;;9980.0;0.0
high_vol_volatile_s0;25400;INTARIAN_PEPPER_ROOT;12020;22;12018;14;;;12022;16;12025;18;;;12021.0;0.0
high_vol_volatile_s0;25400;ASH_COATED_OSMIUM;9978;13;9976;19;;;9980;14;9983;20;;;9979.0;0.0
high_vol_volatile_s0;25500;INTARIAN_PEPPER_ROOT;12034;13;12030;11;;;12038;6;12041;23;;;12036.0;0.0
high_vol_volatile_s0;25500;ASH_COATED_OSMIUM;9976;6;9974;26;;;9986;14;9989;21;;;9981.0;0.0
high_vol_volatile_s0;25600;INTARIAN_PEPPER_ROOT;12041;17;12039;18;;;12053;19;12057;22;;;12047.0;0.0
high_vol_volatile_s0;25600;ASH_COATED_OSMIUM;9973;9;9970;17;;;9991;12;9995;25;;;9982.0;0.0
high_vol_volatile_s0;25700;INTARIAN_PEPPER_ROOT;12051;12;12048;19;;;12059;15;12061;18;;;12055.0;0.0
high_vol_volatile_s0;25700;ASH_COATED_OSMIUM;9979;6;9977;19;;;9981;5;9985;11;;;9980.0;0.0
high_vol_volatile_s0;25800;INTARIAN_PEPPER_ROOT;12061;14;12058;18;;;12063;14;12066;18;;;12062.0;0.0
high_vol_volatile_s0;25800;ASH_COATED_OSMIUM;9976;6;9973;18;;;9984;6;9986;21;;;9980.0;0.0
high_vol_volatile_s0;25900;INTARIAN_PEPPER_ROOT;12070;16;12068;21;;;12082;15;12085;21;;;12076.0;0.0
high_vol_volatile_s0;25900;ASH_COATED_OSMIUM;9974;13;9972;15;;;9982;16;9984;21;;;9978.0;0.0
high_vol_volatile_s0;26000;INTARIAN_PEPPER_ROOT;12079;16;12075;17;;;12089;8;12091;18;;;12084.0;0.0
high_vol_volatile_s0;26000;ASH_COATED_OSMIUM;9967;19;9964;15;;;9997;14;9999;13;;;9982.0;0.0
high_vol_volatile_s0;26100;INTARIAN_PEPPER_ROOT;12077;12;12074;14;;;12109;14;12112;20;;;12093.0;0.0
high_vol_volatile_s0;26100;ASH_COATED_OSMIUM;9986;14;9982;24;;;9988;15;9992;29;;;9987.0;0.0
high_vol_volatile_s0;26200;INTARIAN_PEPPER_ROOT;12095;12;12093;19;;;12109;14;12113;23;;;12102.0;0.0
high_vol_volatile_s0;26200;ASH_COATED_OSMIUM;9988;12;9986;10;;;9990;11;9992;27;;;9989.0;0.0
high_vol_volatile_s0;26300;INTARIAN_PEPPER_ROOT;12110;15;12106;13;;;12114;17;12118;22;;;12112.0;0.0
high_vol_volatile_s0;26300;ASH_COATED_OSMIUM;9980;15;9978;17;;;9986;19;9990;15;;;9983.0;0.0
high_vol_volatile_s0;26400;INTARIAN_PEPPER_ROOT;12109;14;12106;22;;;12123;18;12125;20;;;12116.0;0.0
high_vol_volatile_s0;26400;ASH_COATED_OSMIUM;9981;22;9979;14;;;9983;8;9985;14;;;9982.0;0.0
high_vol_volatile_s0;26500;INTARIAN_PEPPER_ROOT;12126;15;12122;11;;;12128;19;12131;16;;;12127.0;0.0
high_vol_volatile_s0;26500;ASH_COATED_OSMIUM;9982;5;9979;21;;;9986;6;9990;8;;;9984.0;0.0
high_vol_volatile_s0;26600;INTARIAN_PEPPER_ROOT;12130;17;12127;21;;;12144;18;12148;14;;;12137.0;0.0
high_vol_volatile_s0;26600;ASH_COATED_OSMIUM;9982;11;9980;15;;;9984;20;9986;8;;;9983.0;0.0
high_vol_volatile_s0;26700;INTARIAN_PEPPER_ROOT;12140;10;12138;14;;;12152;14;12154;16;;;12146.0;0.0
high_vol_volatile_s0;26700;ASH_COATED_OSMIUM;9979;17;9975;29;;;9985;12;9988;17;;;9982.0;0.0
high_vol_volatile_s0;26800;INTARIAN_PEPPER_ROOT;12144;16;12140;21;;;12162;8;12165;17;;;12153.0;0.0
high_vol_volatile_s0;26800;ASH_COATED_OSMIUM;9982;16;9980;25;;;9984;12;9988;19;;;9983.0;0.0
high_vol_volatile_s0;26900;INTARIAN_PEPPER_ROOT;12159;11;12157;29;;;12163;11;12165;10;;;12161.0;0.0
high_vol_volatile_s0;26900;ASH_COATED_OSMIUM;9981;14;9977;21;;;9989;9;9992;18;;;9985.0;0.0
high_vol_volatile_s0;27000;INTARIAN_PEPPER_ROOT;12160;10;12158;20;;;12178;17;12180;12;;;12169.0;0.0
high_vol_volatile_s0;27000;ASH_COATED_OSMIUM;9982;13;9980;20;;;9996;8;10000;21;;;9989.0;0.0
high_vol_volatile_s0;27100;INTARIAN_PEPPER_ROOT;12143;10;12139;21;;;12191;12;12193;19;;;12167.0;0.0
high_vol_volatile_s0;27100;ASH_COATED_OSMIUM;9985;5;9981;28;;;9991;11;9993;16;;;9988.0;0.0
high_vol_volatile_s0;27200;INTARIAN_PEPPER_ROOT;12172;14;12168;16;;;12188;14;12191;22;;;12180.0;0.0
high_vol_volatile_s0;27200;ASH_COATED_OSMIUM;9981;9;9978;23;;;9993;10;9997;25;;;9987.0;0.0
high_vol_volatile_s0;27300;INTARIAN_PEPPER_ROOT;12178;7;12175;19;;;12196;13;12198;23;;;12187.0;0.0
high_vol_volatile_s0;27300;ASH_COATED_OSMIUM;9980;15;9976;15;;;9994;16;9996;18;;;9987.0;0.0
high_vol_volatile_s0;27400;INTARIAN_PEPPER_ROOT;12188;5;12186;18;;;12190;20;12192;24;;;12189.0;0.0
high_vol_volatile_s0;27400;ASH_COATED_OSMIUM;9979;16;9977;20;;;9999;17;10001;21;;;9989.0;0.0
high_vol_volatile_s0;27500;INTARIAN_PEPPER_ROOT;12180;13;12178;18;;;12206;5;12210;27;;;12193.0;0.0
high_vol_volatile_s0;27500;ASH_COATED_OSMIUM;9969;12;9967;13;;;10011;14;10013;19;;;9990.0;0.0
high_vol_volatile_s0;27600;INTARIAN_PEPPER_ROOT;12164;18;12160;20;;;12236;15;12238;21;;;12200.0;0.0
high_vol_volatile_s0;27600;ASH_COATED_OSMIUM;9986;12;9983;15;;;9994;18;9996;16;;;9990.0;0.0
high_vol_volatile_s0;27700;INTARIAN_PEPPER_ROOT;12199;10;12195;15;;;12205;20;12209;20;;;12202.0;0.0
high_vol_volatile_s0;27700;ASH_COATED_OSMIUM;9966;13;9964;26;;;10014;23;10018;24;;;9990.0;0.0
high_vol_volatile_s0;27800;INTARIAN_PEPPER_ROOT;12190;12;12187;29;;;12208;15;12211;24;;;12199.0;0.0
high_vol_volatile_s0;27800;ASH_COATED_OSMIUM;9953;5;9950;18;;;10031;17;10035;17;;;9992.0;0.0
high_vol_volatile_s0;27900;INTARIAN_PEPPER_ROOT;12207;6;12204;17;;;12209;16;12213;18;;;12208.0;0.0
high_vol_volatile_s0;27900;ASH_COATED_OSMIUM;9983;18;9980;20;;;10007;10;10011;19;;;9995.0;0.0
high_vol_volatile_s0;28000;INTARIAN_PEPPER_ROOT;12201;20;12197;14;;;12219;21;12221;24;;;12210.0;0.0
high_vol_volatile_s0;28000;ASH_COATED_OSMIUM;10000;7;9996;19;;;10002;5;10005;17;;;10001.0;0.0
high_vol_volatile_s0;28100;INTARIAN_PEPPER_ROOT;12214;15;12211;19;;;12216;23;12220;30;;;12215.0;0.0
high_vol_volatile_s0;28100;ASH_COATED_OSMIUM;10000;11;9997;17;;;10006;20;10008;21;;;10003.0;0.0
high_vol_volatile_s0;28200;INTARIAN_PEPPER_ROOT;12212;11;12208;21;;;12214;21;12217;21;;;12213.0;0.0
high_vol_volatile_s0;28200;ASH_COATED_OSMIUM;9975;8;9973;15;;;10019;7;10023;18;;;9997.0;0.0
high_vol_volatile_s0;28300;INTARIAN_PEPPER_ROOT;12215;19;12213;25;;;12223;14;12227;20;;;12219.0;0.0
high_vol_volatile_s0;28300;ASH_COATED_OSMIUM;9992;9;9989;13;;;9996;16;9998;23;;;9994.0;0.0
high_vol_volatile_s0;28400;INTARIAN_PEPPER_ROOT;12219;14;12217;21;;;12221;21;12225;20;;;12220.0;0.0
high_vol_volatile_s0;28400;ASH_COATED_OSMIUM;9993;5;9991;10;;;9995;14;9997;14;;;9994.0;0.0
high_vol_volatile_s0;28500;INTARIAN_PEPPER_ROOT;12218;20;12216;22;;;12224;17;12228;21;;;12221.0;0.0
high_vol_volatile_s0;28500;ASH_COATED_OSMIUM;9993;9;9989;24;;;9997;15;9999;22;;;9995.0;0.0
high_vol_volatile_s0;28600;INTARIAN_PEPPER_ROOT;12215;14;12211;19;;;12221;17;12225;12;;;12218.0;0.0
high_vol_volatile_s0;28600;ASH_COATED_OSMIUM;9990;7;9987;16;;;9992;16;9996;20;;;9991.0;0.0
high_vol_volatile_s0;28700;INTARIAN_PEPPER_ROOT;12212;10;12210;23;;;12228;19;12232;19;;;12220.0;0.0
high_vol_volatile_s0;28700;ASH_COATED_OSMIUM;9989;15;9987;25;;;9991;7;9995;14;;;9990.0;0.0
high_vol_volatile_s0;28800;INTARIAN_PEPPER_ROOT;12219;14;12217;21;;;12221;13;12225;17;;;12220.0;0.0
high_vol_volatile_s0;28800;ASH_COATED_OSMIUM;9988;6;9986;13;;;9990;20;9993;14;;;9989.0;0.0
high_vol_volatile_s0;28900;INTARIAN_PEPPER_ROOT;12220;8;12216;20;;;12224;19;12228;17;;;12222.0;0.0
high_vol_volatile_s0;28900;ASH_COATED_OSMIUM;9989;8;9987;16;;;9993;15;9995;19;;;9991.0;0.0
high_vol_volatile_s0;29000;INTARIAN_PEPPER_ROOT;12216;21;12213;26;;;12220;17;12223;18;;;12218.0;0.0
high_vol_volatile_s0;29000;ASH_COATED_OSMIUM;9969;15;9967;26;;;10011;5;10015;19;;;9990.0;0.0
high_vol_volatile_s0;29100;INTARIAN_PEPPER_ROOT;12212;13;12209;13;;;12216;5;12219;24;;;12214.0;0.0
high_vol_volatile_s0;29100;ASH_COATED_OSMIUM;9985;12;9981;25;;;9993;18;9995;21;;;9989.0;0.0
high_vol_volatile_s0;29200;INTARIAN_PEPPER_ROOT;12212;18;12209;23;;;12222;5;12224;11;;;12217.0;0.0
high_vol_volatile_s0;29200;ASH_COATED_OSMIUM;9982;21;9978;21;;;9994;8;9998;30;;;9988.0;0.0
high_vol_volatile_s0;29300;INTARIAN_PEPPER_ROOT;12202;5;12199;28;;;12220;19;12222;26;;;12211.0;0.0
high_vol_volatile_s0;29300;ASH_COATED_OSMIUM;9982;5;9978;17;;;9998;7;10000;15;;;9990.0;0.0
high_vol_volatile_s0;29400;INTARIAN_PEPPER_ROOT;12206;11;12203;21;;;12208;9;12210;24;;;12207.0;0.0
high_vol_volatile_s0;29400;ASH_COATED_OSMIUM;9988;13;9986;24;;;9992;13;9994;19;;;9990.0;0.0
high_vol_volatile_s0;29500;INTARIAN_PEPPER_ROOT;12204;8;12200;26;;;12208;8;12212;24;;;12206.0;0.0
high_vol_volatile_s0;29500;ASH_COATED_OSMIUM;9994;20;9990;25;;;9998;18;10001;22;;;9996.0;0.0
high_vol_volatile_s0;29600;INTARIAN_PEPPER_ROOT;12195;13;12193;19;;;12207;20;12210;24;;;12201.0;0.0
high_vol_volatile_s0;29600;ASH_COATED_OSMIUM;9987;10;9984;27;;;10001;13;10005;29;;;9994.0;0.0
high_vol_volatile_s0;29700;INTARIAN_PEPPER_ROOT;12193;24;12189;13;;;12205;15;12208;24;;;12199.0;0.0
high_vol_volatile_s0;29700;ASH_COATED_OSMIUM;9986;16;9983;23;;;9996;19;10000;30;;;9991.0;0.0
high_vol_volatile_s0;29800;INTARIAN_PEPPER_ROOT;12186;24;12183;20;;;12198;17;12202;8;;;12192.0;0.0
high_vol_volatile_s0;29800;ASH_COATED_OSMIUM;9977;15;9975;19;;;10003;15;10006;13;;;9990.0;0.0
high_vol_volatile_s0;29900;INTARIAN_PEPPER_ROOT;12186;17;12183;12;;;12190;11;12194;18;;;12188.0;0.0
high_vol_volatile_s0;29900;ASH_COATED_OSMIUM;9981;13;9978;21;;;9997;8;9999;22;;;9989.0;0.0
high_vol_volatile_s0;30000;INTARIAN_PEPPER_ROOT;12176;18;12173;20;;;12182;15;12185;22;;;12179.0;0.0
high_vol_volatile_s0;30000;ASH_COATED_OSMIUM;9957;13;9954;19;;;10033;18;10037;20;;;9995.0;0.0
high_vol_volatile_s0;30100;INTARIAN_PEPPER_ROOT;12177;11;12174;10;;;12179;14;12183;18;;;12178.0;0.0
high_vol_volatile_s0;30100;ASH_COATED_OSMIUM;9997;8;9994;18;;;10001;8;10003;16;;;9999.0;0.0
high_vol_volatile_s0;30200;INTARIAN_PEPPER_ROOT;12140;11;12137;20;;;12204;11;12206;23;;;12172.0;0.0
high_vol_volatile_s0;30200;ASH_COATED_OSMIUM;9996;11;9994;22;;;10004;14;10008;17;;;10000.0;0.0
high_vol_volatile_s0;30300;INTARIAN_PEPPER_ROOT;12150;8;12147;21;;;12178;19;12180;15;;;12164.0;0.0
high_vol_volatile_s0;30300;ASH_COATED_OSMIUM;9994;22;9992;21;;;10004;15;10006;18;;;9999.0;0.0
high_vol_volatile_s0;30400;INTARIAN_PEPPER_ROOT;12156;17;12153;21;;;12164;18;12167;17;;;12160.0;0.0
high_vol_volatile_s0;30400;ASH_COATED_OSMIUM;9992;6;9988;26;;;9994;10;9997;24;;;9993.0;0.0
high_vol_volatile_s0;30500;INTARIAN_PEPPER_ROOT;12149;11;12145;11;;;12157;15;12159;24;;;12153.0;0.0
high_vol_volatile_s0;30500;ASH_COATED_OSMIUM;9948;10;9945;22;;;10034;7;10037;21;;;9991.0;0.0
high_vol_volatile_s0;30600;INTARIAN_PEPPER_ROOT;12134;14;12131;18;;;12150;5;12153;32;;;12142.0;0.0
high_vol_volatile_s0;30600;ASH_COATED_OSMIUM;9986;18;9983;26;;;9996;17;10000;10;;;9991.0;0.0
high_vol_volatile_s0;30700;INTARIAN_PEPPER_ROOT;12125;13;12123;18;;;12137;18;12139;21;;;12131.0;0.0
high_vol_volatile_s0;30700;ASH_COATED_OSMIUM;9979;12;9976;23;;;10001;12;10003;8;;;9990.0;0.0
high_vol_volatile_s0;30800;INTARIAN_PEPPER_ROOT;12111;17;12108;17;;;12143;14;12147;14;;;12127.0;0.0
high_vol_volatile_s0;30800;ASH_COATED_OSMIUM;9994;12;9992;20;;;9998;9;10002;22;;;9996.0;0.0
high_vol_volatile_s0;30900;INTARIAN_PEPPER_ROOT;12113;30;12111;18;;;12129;18;12131;16;;;12121.0;0.0
high_vol_volatile_s0;30900;ASH_COATED_OSMIUM;9996;5;9994;24;;;10000;12;10003;22;;;9998.0;0.0
high_vol_volatile_s0;31000;INTARIAN_PEPPER_ROOT;12111;12;12109;14;;;12117;19;12120;21;;;12114.0;0.0
high_vol_volatile_s0;31000;ASH_COATED_OSMIUM;9973;9;9970;19;;;10025;20;10027;16;;;9999.0;0.0
high_vol_volatile_s0;31100;INTARIAN_PEPPER_ROOT;12096;13;12093;14;;;12126;16;12130;17;;;12111.0;0.0
high_vol_volatile_s0;31100;ASH_COATED_OSMIUM;9998;15;9996;17;;;10004;10;10006;13;;;10001.0;0.0
high_vol_volatile_s0;31200;INTARIAN_PEPPER_ROOT;12094;10;12091;19;;;12110;8;12114;17;;;12102.0;0.0
high_vol_volatile_s0;31200;ASH_COATED_OSMIUM;9996;5;9992;13;;;10000;13;10004;23;;;9998.0;0.0
high_vol_volatile_s0;31300;INTARIAN_PEPPER_ROOT;12084;14;12082;12;;;12104;13;12108;17;;;12094.0;0.0
high_vol_volatile_s0;31300;ASH_COATED_OSMIUM;9991;16;9989;28;;;10015;11;10018;20;;;10003.0;0.0
high_vol_volatile_s0;31400;INTARIAN_PEPPER_ROOT;12075;22;12072;21;;;12099;12;12103;19;;;12087.0;0.0
high_vol_volatile_s0;31400;ASH_COATED_OSMIUM;10009;10;10006;25;;;10011;12;10014;22;;;10010.0;0.0
high_vol_volatile_s0;31500;INTARIAN_PEPPER_ROOT;12078;10;12076;11;;;12086;13;12088;22;;;12082.0;0.0
high_vol_volatile_s0;31500;ASH_COATED_OSMIUM;10003;15;10000;17;;;10015;13;10017;24;;;10009.0;0.0
high_vol_volatile_s0;31600;INTARIAN_PEPPER_ROOT;12076;18;12072;18;;;12078;17;12082;19;;;12077.0;0.0
high_vol_volatile_s0;31600;ASH_COATED_OSMIUM;9989;8;9985;19;;;10031;8;10035;19;;;10010.0;0.0
high_vol_volatile_s0;31700;INTARIAN_PEPPER_ROOT;12068;19;12066;15;;;12072;13;12076;22;;;12070.0;0.0
high_vol_volatile_s0;31700;ASH_COATED_OSMIUM;9985;14;9983;22;;;10035;7;10037;20;;;10010.0;0.0
high_vol_volatile_s0;31800;INTARIAN_PEPPER_ROOT;12065;22;12061;10;;;12067;18;12071;29;;;12066.0;0.0
high_vol_volatile_s0;31800;ASH_COATED_OSMIUM;10002;11;9999;16;;;10012;17;10016;22;;;10007.0;0.0
high_vol_volatile_s0;31900;INTARIAN_PEPPER_ROOT;12055;18;12053;22;;;12065;17;12069;14;;;12060.0;0.0
high_vol_volatile_s0;31900;ASH_COATED_OSMIUM;9980;9;9977;11;;;10038;5;10042;17;;;10009.0;0.0
high_vol_volatile_s0;32000;INTARIAN_PEPPER_ROOT;12051;16;12048;17;;;12057;14;12060;25;;;12054.0;0.0
high_vol_volatile_s0;32000;ASH_COATED_OSMIUM;10011;13;10008;21;;;10013;7;10015;24;;;10012.0;0.0
high_vol_volatile_s0;32100;INTARIAN_PEPPER_ROOT;12042;13;12040;17;;;12052;19;12055;20;;;12047.0;0.0
high_vol_volatile_s0;32100;ASH_COATED_OSMIUM;10013;18;10011;20;;;10021;13;10023;16;;;10017.0;0.0
high_vol_volatile_s0;32200;INTARIAN_PEPPER_ROOT;12041;14;12038;22;;;12047;16;12050;17;;;12044.0;0.0
high_vol_volatile_s0;32200;ASH_COATED_OSMIUM;10021;5;10017;25;;;10023;5;10027;20;;;10022.0;0.0
high_vol_volatile_s0;32300;INTARIAN_PEPPER_ROOT;12034;10;12032;15;;;12042;10;12046;18;;;12038.0;0.0
high_vol_volatile_s0;32300;ASH_COATED_OSMIUM;10013;5;10010;27;;;10023;13;10025;19;;;10018.0;0.0
high_vol_volatile_s0;32400;INTARIAN_PEPPER_ROOT;12031;25;12028;23;;;12033;12;12037;17;;;12032.0;0.0
high_vol_volatile_s0;32400;ASH_COATED_OSMIUM;10011;18;10007;22;;;10021;7;10024;25;;;10016.0;0.0
high_vol_volatile_s0;32500;INTARIAN_PEPPER_ROOT;12026;7;12022;21;;;12032;14;12035;18;;;12029.0;0.0
high_vol_volatile_s0;32500;ASH_COATED_OSMIUM;10013;16;10010;15;;;10017;20;10020;16;;;10015.0;0.0
high_vol_volatile_s0;32600;INTARIAN_PEPPER_ROOT;12021;20;12018;20;;;12031;19;12035;23;;;12026.0;0.0
high_vol_volatile_s0;32600;ASH_COATED_OSMIUM;10006;11;10003;20;;;10022;15;10025;14;;;10014.0;0.0
high_vol_volatile_s0;32700;INTARIAN_PEPPER_ROOT;12028;18;12026;20;;;12034;16;12037;14;;;12031.0;0.0
high_vol_volatile_s0;32700;ASH_COATED_OSMIUM;10007;5;10005;15;;;10009;18;10011;22;;;10008.0;0.0
high_vol_volatile_s0;32800;INTARIAN_PEPPER_ROOT;12026;19;12022;30;;;12028;17;12030;13;;;12027.0;0.0
high_vol_volatile_s0;32800;ASH_COATED_OSMIUM;10006;20;10003;16;;;10008;11;10010;26;;;10007.0;0.0
high_vol_volatile_s0;32900;INTARIAN_PEPPER_ROOT;12029;11;12025;22;;;12031;23;12033;21;;;12030.0;0.0
high_vol_volatile_s0;32900;ASH_COATED_OSMIUM;10006;10;10003;28;;;10020;11;10022;17;;;10013.0;0.0
high_vol_volatile_s0;33000;INTARIAN_PEPPER_ROOT;12030;13;12028;19;;;12032;8;12034;13;;;12031.0;0.0
high_vol_volatile_s0;33000;ASH_COATED_OSMIUM;10002;12;10000;20;;;10012;13;10015;21;;;10007.0;0.0
high_vol_volatile_s0;33100;INTARIAN_PEPPER_ROOT;12019;5;12017;23;;;12037;14;12041;12;;;12028.0;0.0
high_vol_volatile_s0;33100;ASH_COATED_OSMIUM;9997;10;9994;24;;;10015;18;10019;27;;;10006.0;0.0
high_vol_volatile_s0;33200;INTARIAN_PEPPER_ROOT;12023;22;12019;22;;;12037;18;12039;20;;;12030.0;0.0
high_vol_volatile_s0;33200;ASH_COATED_OSMIUM;10004;14;10002;20;;;10006;11;10009;12;;;10005.0;0.0
high_vol_volatile_s0;33300;INTARIAN_PEPPER_ROOT;12023;12;12019;30;;;12033;20;12036;15;;;12028.0;0.0
high_vol_volatile_s0;33300;ASH_COATED_OSMIUM;9980;7;9976;22;;;10032;20;10035;17;;;10006.0;0.0
high_vol_volatile_s0;33400;INTARIAN_PEPPER_ROOT;12013;9;12010;22;;;12031;8;12033;23;;;12022.0;0.0
high_vol_volatile_s0;33400;ASH_COATED_OSMIUM;10002;9;10000;28;;;10008;14;10012;16;;;10005.0;0.0
high_vol_volatile_s0;33500;INTARIAN_PEPPER_ROOT;12024;17;12020;16;;;12026;22;12030;17;;;12025.0;0.0
high_vol_volatile_s0;33500;ASH_COATED_OSMIUM;10001;5;9997;22;;;10003;11;10005;16;;;10002.0;0.0
high_vol_volatile_s0;33600;INTARIAN_PEPPER_ROOT;12016;12;12013;17;;;12028;20;12030;12;;;12022.0;0.0
high_vol_volatile_s0;33600;ASH_COATED_OSMIUM;9997;13;9994;18;;;10011;5;10015;21;;;10004.0;0.0
high_vol_volatile_s0;33700;INTARIAN_PEPPER_ROOT;12026;8;12023;15;;;12030;12;12032;24;;;12028.0;0.0
high_vol_volatile_s0;33700;ASH_COATED_OSMIUM;10000;14;9997;19;;;10008;9;10010;21;;;10004.0;0.0
high_vol_volatile_s0;33800;INTARIAN_PEPPER_ROOT;12025;23;12021;20;;;12033;16;12036;23;;;12029.0;0.0
high_vol_volatile_s0;33800;ASH_COATED_OSMIUM;10007;5;10004;21;;;10009;27;10011;22;;;10008.0;0.0
high_vol_volatile_s0;33900;INTARIAN_PEPPER_ROOT;12029;21;12027;11;;;12047;13;12051;18;;;12038.0;0.0
high_vol_volatile_s0;33900;ASH_COATED_OSMIUM;10007;19;10003;20;;;10011;14;10014;20;;;10009.0;0.0
high_vol_volatile_s0;34000;INTARIAN_PEPPER_ROOT;12044;20;12041;33;;;12048;13;12050;18;;;12046.0;0.0
high_vol_volatile_s0;34000;ASH_COATED_OSMIUM;9999;14;9995;15;;;10023;8;10025;21;;;10011.0;0.0
high_vol_volatile_s0;34100;INTARIAN_PEPPER_ROOT;12048;13;12046;22;;;12052;18;12056;18;;;12050.0;0.0
high_vol_volatile_s0;34100;ASH_COATED_OSMIUM;10001;13;9997;23;;;10029;5;10032;18;;;10015.0;0.0
high_vol_volatile_s0;34200;INTARIAN_PEPPER_ROOT;12051;5;12049;11;;;12055;14;12059;18;;;12053.0;0.0
high_vol_volatile_s0;34200;ASH_COATED_OSMIUM;9980;18;9978;20;;;10038;11;10041;19;;;10009.0;0.0
high_vol_volatile_s0;34300;INTARIAN_PEPPER_ROOT;12053;8;12051;19;;;12057;5;12061;21;;;12055.0;0.0
high_vol_volatile_s0;34300;ASH_COATED_OSMIUM;9994;10;9990;19;;;10028;12;10031;11;;;10011.0;0.0
high_vol_volatile_s0;34400;INTARIAN_PEPPER_ROOT;12049;13;12046;27;;;12073;10;12076;11;;;12061.0;0.0
high_vol_volatile_s0;34400;ASH_COATED_OSMIUM;10009;5;10005;29;;;10013;8;10016;17;;;10011.0;0.0
high_vol_volatile_s0;34500;INTARIAN_PEPPER_ROOT;12064;13;12062;14;;;12072;22;12074;12;;;12068.0;0.0
high_vol_volatile_s0;34500;ASH_COATED_OSMIUM;10004;16;10001;19;;;10012;11;10016;19;;;10008.0;0.0
high_vol_volatile_s0;34600;INTARIAN_PEPPER_ROOT;12062;22;12059;14;;;12088;13;12092;24;;;12075.0;0.0
high_vol_volatile_s0;34600;ASH_COATED_OSMIUM;9996;5;9993;24;;;10016;21;10019;20;;;10006.0;0.0
high_vol_volatile_s0;34700;INTARIAN_PEPPER_ROOT;12080;19;12076;21;;;12086;8;12088;18;;;12083.0;0.0
high_vol_volatile_s0;34700;ASH_COATED_OSMIUM;9998;8;9994;20;;;10010;18;10012;12;;;10004.0;0.0
high_vol_volatile_s0;34800;INTARIAN_PEPPER_ROOT;12090;10;12088;21;;;12098;11;12101;13;;;12094.0;0.0
high_vol_volatile_s0;34800;ASH_COATED_OSMIUM;10001;16;9999;16;;;10003;6;10006;20;;;10002.0;0.0
high_vol_volatile_s0;34900;INTARIAN_PEPPER_ROOT;12102;18;12099;19;;;12108;13;12110;13;;;12105.0;0.0
high_vol_volatile_s0;34900;ASH_COATED_OSMIUM;9996;5;9994;14;;;10006;7;10010;22;;;10001.0;0.0
high_vol_volatile_s0;35000;INTARIAN_PEPPER_ROOT;12105;13;12102;21;;;12119;20;12122;21;;;12112.0;0.0
high_vol_volatile_s0;35000;ASH_COATED_OSMIUM;9970;12;9966;16;;;10030;6;10034;17;;;10000.0;0.0
high_vol_volatile_s0;35100;INTARIAN_PEPPER_ROOT;12116;23;12114;30;;;12120;15;12123;21;;;12118.0;0.0
high_vol_volatile_s0;35100;ASH_COATED_OSMIUM;10005;5;10001;17;;;10007;9;10011;15;;;10006.0;0.0
high_vol_volatile_s0;35200;INTARIAN_PEPPER_ROOT;12128;17;12126;26;;;12138;7;12140;22;;;12133.0;0.0
high_vol_volatile_s0;35200;ASH_COATED_OSMIUM;9988;16;9985;22;;;10020;6;10023;17;;;10004.0;0.0
high_vol_volatile_s0;35300;INTARIAN_PEPPER_ROOT;12139;10;12135;33;;;12145;26;12148;19;;;12142.0;0.0
high_vol_volatile_s0;35300;ASH_COATED_OSMIUM;9999;8;9997;18;;;10007;17;10010;23;;;10003.0;0.0
high_vol_volatile_s0;35400;INTARIAN_PEPPER_ROOT;12150;7;12147;9;;;12154;17;12158;17;;;12152.0;0.0
high_vol_volatile_s0;35400;ASH_COATED_OSMIUM;9997;10;9994;19;;;10003;14;10007;26;;;10000.0;0.0
high_vol_volatile_s0;35500;INTARIAN_PEPPER_ROOT;12158;13;12156;17;;;12166;10;12170;30;;;12162.0;0.0
high_vol_volatile_s0;35500;ASH_COATED_OSMIUM;9998;19;9995;20;;;10008;8;10010;26;;;10003.0;0.0
high_vol_volatile_s0;35600;INTARIAN_PEPPER_ROOT;12159;5;12156;21;;;12179;20;12183;20;;;12169.0;0.0
high_vol_volatile_s0;35600;ASH_COATED_OSMIUM;10003;19;9999;26;;;10005;13;10009;30;;;10004.0;0.0
high_vol_volatile_s0;35700;INTARIAN_PEPPER_ROOT;12176;17;12174;19;;;12186;14;12189;20;;;12181.0;0.0
high_vol_volatile_s0;35700;ASH_COATED_OSMIUM;9995;14;9991;26;;;10009;6;10013;26;;;10002.0;0.0
high_vol_volatile_s0;35800;INTARIAN_PEPPER_ROOT;12190;8;12188;16;;;12194;9;12197;26;;;12192.0;0.0
high_vol_volatile_s0;35800;ASH_COATED_OSMIUM;9997;10;9993;10;;;10001;11;10005;22;;;9999.0;0.0
high_vol_volatile_s0;35900;INTARIAN_PEPPER_ROOT;12198;18;12196;27;;;12218;14;12220;22;;;12208.0;0.0
high_vol_volatile_s0;35900;ASH_COATED_OSMIUM;9971;5;9968;26;;;10025;13;10029;15;;;9998.0;0.0
high_vol_volatile_s0;36000;INTARIAN_PEPPER_ROOT;12211;17;12207;13;;;12237;16;12241;15;;;12224.0;0.0
high_vol_volatile_s0;36000;ASH_COATED_OSMIUM;9994;12;9992;14;;;9998;8;10002;26;;;9996.0;0.0
high_vol_volatile_s0;36100;INTARIAN_PEPPER_ROOT;12219;11;12215;14;;;12257;5;12259;26;;;12238.0;0.0
high_vol_volatile_s0;36100;ASH_COATED_OSMIUM;9998;5;9995;21;;;10000;16;10004;21;;;9999.0;0.0
high_vol_volatile_s0;36200;INTARIAN_PEPPER_ROOT;12254;17;12252;17;;;12256;14;12258;21;;;12255.0;0.0
high_vol_volatile_s0;36200;ASH_COATED_OSMIUM;9990;18;9987;22;;;9996;17;10000;10;;;9993.0;0.0
high_vol_volatile_s0;36300;INTARIAN_PEPPER_ROOT;12259;8;12257;20;;;12283;17;12287;23;;;12271.0;0.0
high_vol_volatile_s0;36300;ASH_COATED_OSMIUM;9966;20;9963;21;;;10016;21;10019;15;;;9991.0;0.0
high_vol_volatile_s0;36400;INTARIAN_PEPPER_ROOT;12280;14;12276;21;;;12290;24;12294;13;;;12285.0;0.0
high_vol_volatile_s0;36400;ASH_COATED_OSMIUM;9993;9;9990;23;;;10003;17;10005;17;;;9998.0;0.0
high_vol_volatile_s0;36500;INTARIAN_PEPPER_ROOT;12294;19;12291;18;;;12310;8;12312;25;;;12302.0;0.0
high_vol_volatile_s0;36500;ASH_COATED_OSMIUM;9982;11;9978;21;;;10016;18;10020;22;;;9999.0;0.0
high_vol_volatile_s0;36600;INTARIAN_PEPPER_ROOT;12313;19;12309;20;;;12317;10;12320;21;;;12315.0;0.0
high_vol_volatile_s0;36600;ASH_COATED_OSMIUM;9989;11;9986;25;;;10001;26;10005;24;;;9995.0;0.0
high_vol_volatile_s0;36700;INTARIAN_PEPPER_ROOT;12328;9;12326;18;;;12332;5;12336;18;;;12330.0;0.0
high_vol_volatile_s0;36700;ASH_COATED_OSMIUM;9988;12;9986;18;;;10000;14;10003;14;;;9994.0;0.0
high_vol_volatile_s0;36800;INTARIAN_PEPPER_ROOT;12342;6;12339;14;;;12348;7;12350;25;;;12345.0;0.0
high_vol_volatile_s0;36800;ASH_COATED_OSMIUM;9986;13;9984;20;;;10008;12;10012;13;;;9997.0;0.0
high_vol_volatile_s0;36900;INTARIAN_PEPPER_ROOT;12347;5;12344;14;;;12367;19;12370;22;;;12357.0;0.0
high_vol_volatile_s0;36900;ASH_COATED_OSMIUM;9997;7;9995;23;;;10005;6;10008;20;;;10001.0;0.0
high_vol_volatile_s0;37000;INTARIAN_PEPPER_ROOT;12366;16;12363;21;;;12380;20;12383;22;;;12373.0;0.0
high_vol_volatile_s0;37000;ASH_COATED_OSMIUM;9994;17;9991;16;;;10002;5;10006;18;;;9998.0;0.0
high_vol_volatile_s0;37100;INTARIAN_PEPPER_ROOT;12373;6;12369;17;;;12399;13;12402;22;;;12386.0;0.0
high_vol_volatile_s0;37100;ASH_COATED_OSMIUM;9998;17;9995;23;;;10006;16;10008;12;;;10002.0;0.0
high_vol_volatile_s0;37200;INTARIAN_PEPPER_ROOT;12403;16;12399;22;;;12405;22;12407;19;;;12404.0;0.0
high_vol_volatile_s0;37200;ASH_COATED_OSMIUM;9999;10;9997;23;;;10001;10;10005;21;;;10000.0;0.0
high_vol_volatile_s0;37300;INTARIAN_PEPPER_ROOT;12413;6;12410;17;;;12423;12;12427;15;;;12418.0;0.0
high_vol_volatile_s0;37300;ASH_COATED_OSMIUM;9983;18;9979;15;;;10009;12;10012;21;;;9996.0;0.0
high_vol_volatile_s0;37400;INTARIAN_PEPPER_ROOT;12432;19;12428;18;;;12436;14;12440;18;;;12434.0;0.0
high_vol_volatile_s0;37400;ASH_COATED_OSMIUM;9989;10;9986;24;;;10007;15;10009;19;;;9998.0;0.0
high_vol_volatile_s0;37500;INTARIAN_PEPPER_ROOT;12435;18;12431;18;;;12467;13;12471;24;;;12451.0;0.0
high_vol_volatile_s0;37500;ASH_COATED_OSMIUM;9993;12;9991;20;;;10003;23;10005;18;;;9998.0;0.0
high_vol_volatile_s0;37600;INTARIAN_PEPPER_ROOT;12456;22;12453;21;;;12480;18;12483;29;;;12468.0;0.0
high_vol_volatile_s0;37600;ASH_COATED_OSMIUM;9987;14;9985;16;;;10009;6;10011;20;;;9998.0;0.0
high_vol_volatile_s0;37700;INTARIAN_PEPPER_ROOT;12466;18;12464;17;;;12490;11;12494;21;;;12478.0;0.0
high_vol_volatile_s0;37700;ASH_COATED_OSMIUM;9993;11;9989;28;;;10001;13;10005;10;;;9997.0;0.0
high_vol_volatile_s0;37800;INTARIAN_PEPPER_ROOT;12492;10;12489;17;;;12494;12;12497;21;;;12493.0;0.0
high_vol_volatile_s0;37800;ASH_COATED_OSMIUM;9983;12;9979;19;;;10013;17;10015;21;;;9998.0;0.0
high_vol_volatile_s0;37900;INTARIAN_PEPPER_ROOT;12501;9;12498;18;;;12517;9;12519;21;;;12509.0;0.0
high_vol_volatile_s0;37900;ASH_COATED_OSMIUM;9980;17;9976;12;;;10018;23;10022;23;;;9999.0;0.0
high_vol_volatile_s0;38000;INTARIAN_PEPPER_ROOT;12515;5;12513;21;;;12523;15;12527;18;;;12519.0;0.0
high_vol_volatile_s0;38000;ASH_COATED_OSMIUM;9990;15;9986;25;;;10002;16;10005;30;;;9996.0;0.0
high_vol_volatile_s0;38100;INTARIAN_PEPPER_ROOT;12533;9;12531;11;;;12535;12;12538;32;;;12534.0;0.0
high_vol_volatile_s0;38100;ASH_COATED_OSMIUM;9993;13;9990;13;;;9995;15;9997;24;;;9994.0;0.0
high_vol_volatile_s0;38200;INTARIAN_PEPPER_ROOT;12540;18;12537;20;;;12542;11;12546;17;;;12541.0;0.0
high_vol_volatile_s0;38200;ASH_COATED_OSMIUM;9987;9;9983;23;;;9995;18;9999;26;;;9991.0;0.0
high_vol_volatile_s0;38300;INTARIAN_PEPPER_ROOT;12548;18;12544;19;;;12554;21;12556;18;;;12551.0;0.0
high_vol_volatile_s0;38300;ASH_COATED_OSMIUM;9995;15;9991;24;;;9999;22;10001;16;;;9997.0;0.0
high_vol_volatile_s0;38400;INTARIAN_PEPPER_ROOT;12558;19;12555;18;;;12570;17;12572;10;;;12564.0;0.0
high_vol_volatile_s0;38400;ASH_COATED_OSMIUM;9991;12;9989;16;;;9997;23;10000;8;;;9994.0;0.0
high_vol_volatile_s0;38500;INTARIAN_PEPPER_ROOT;12569;11;12567;22;;;12575;20;12578;11;;;12572.0;0.0
high_vol_volatile_s0;38500;ASH_COATED_OSMIUM;9985;21;9981;18;;;10007;13;10010;11;;;9996.0;0.0
high_vol_volatile_s0;38600;INTARIAN_PEPPER_ROOT;12578;15;12576;26;;;12584;8;12586;19;;;12581.0;0.0
high_vol_volatile_s0;38600;ASH_COATED_OSMIUM;9975;13;9972;16;;;10025;9;10029;14;;;10000.0;0.0
high_vol_volatile_s0;38700;INTARIAN_PEPPER_ROOT;12582;20;12580;29;;;12594;12;12598;22;;;12588.0;0.0
high_vol_volatile_s0;38700;ASH_COATED_OSMIUM;9997;7;9993;15;;;9999;12;10001;19;;;9998.0;0.0
high_vol_volatile_s0;38800;INTARIAN_PEPPER_ROOT;12598;19;12595;27;;;12610;22;12613;11;;;12604.0;0.0
high_vol_volatile_s0;38800;ASH_COATED_OSMIUM;9987;10;9984;16;;;10009;15;10012;19;;;9998.0;0.0
high_vol_volatile_s0;38900;INTARIAN_PEPPER_ROOT;12605;24;12601;14;;;12627;17;12630;16;;;12616.0;0.0
high_vol_volatile_s0;38900;ASH_COATED_OSMIUM;9989;5;9986;23;;;10003;12;10005;23;;;9996.0;0.0
high_vol_volatile_s0;39000;INTARIAN_PEPPER_ROOT;12626;21;12622;10;;;12628;20;12631;20;;;12627.0;0.0
high_vol_volatile_s0;39000;ASH_COATED_OSMIUM;9990;9;9987;29;;;10000;12;10002;15;;;9995.0;0.0
high_vol_volatile_s0;39100;INTARIAN_PEPPER_ROOT;12629;20;12627;8;;;12643;14;12646;23;;;12636.0;0.0
high_vol_volatile_s0;39100;ASH_COATED_OSMIUM;9992;13;9989;22;;;9994;12;9998;17;;;9993.0;0.0
high_vol_volatile_s0;39200;INTARIAN_PEPPER_ROOT;12641;16;12637;17;;;12647;12;12651;13;;;12644.0;0.0
high_vol_volatile_s0;39200;ASH_COATED_OSMIUM;9994;12;9992;15;;;9998;8;10002;25;;;9996.0;0.0
high_vol_volatile_s0;39300;INTARIAN_PEPPER_ROOT;12644;23;12641;16;;;12650;9;12654;16;;;12647.0;0.0
high_vol_volatile_s0;39300;ASH_COATED_OSMIUM;9994;16;9991;25;;;9996;14;9999;16;;;9995.0;0.0
high_vol_volatile_s0;39400;INTARIAN_PEPPER_ROOT;12654;26;12651;20;;;12656;18;12658;15;;;12655.0;0.0
high_vol_volatile_s0;39400;ASH_COATED_OSMIUM;9983;15;9981;19;;;10005;9;10007;28;;;9994.0;0.0
high_vol_volatile_s0;39500;INTARIAN_PEPPER_ROOT;12658;16;12654;23;;;12660;10;12663;22;;;12659.0;0.0
high_vol_volatile_s0;39500;ASH_COATED_OSMIUM;9992;10;9988;19;;;10008;5;10011;24;;;10000.0;0.0
high_vol_volatile_s0;39600;INTARIAN_PEPPER_ROOT;12663;14;12661;24;;;12675;17;12678;18;;;12669.0;0.0
high_vol_volatile_s0;39600;ASH_COATED_OSMIUM;9995;11;9993;33;;;9999;16;10002;25;;;9997.0;0.0
high_vol_volatile_s0;39700;INTARIAN_PEPPER_ROOT;12656;9;12653;14;;;12698;10;12702;23;;;12677.0;0.0
high_vol_volatile_s0;39700;ASH_COATED_OSMIUM;10000;12;9998;15;;;10002;20;10006;18;;;10001.0;0.0
high_vol_volatile_s0;39800;INTARIAN_PEPPER_ROOT;12681;19;12679;16;;;12693;9;12697;18;;;12687.0;0.0
high_vol_volatile_s0;39800;ASH_COATED_OSMIUM;9971;17;9967;22;;;10031;11;10033;21;;;10001.0;0.0
high_vol_volatile_s0;39900;INTARIAN_PEPPER_ROOT;12687;23;12685;16;;;12701;16;12703;13;;;12694.0;0.0
high_vol_volatile_s0;39900;ASH_COATED_OSMIUM;10000;17;9996;19;;;10006;8;10009;11;;;10003.0;0.0
high_vol_volatile_s0;40000;INTARIAN_PEPPER_ROOT;12694;19;12692;17;;;12698;13;12700;34;;;12696.0;0.0
high_vol_volatile_s0;40000;ASH_COATED_OSMIUM;9995;13;9992;23;;;10009;18;10013;16;;;10002.0;0.0
high_vol_volatile_s0;40100;INTARIAN_PEPPER_ROOT;12691;16;12688;23;;;12699;20;12702;26;;;12695.0;0.0
high_vol_volatile_s0;40100;ASH_COATED_OSMIUM;9997;14;9994;20;;;10011;11;10013;23;;;10004.0;0.0
high_vol_volatile_s0;40200;INTARIAN_PEPPER_ROOT;12699;15;12696;22;;;12701;9;12704;22;;;12700.0;0.0
high_vol_volatile_s0;40200;ASH_COATED_OSMIUM;10004;14;10001;18;;;10006;9;10008;22;;;10005.0;0.0
high_vol_volatile_s0;40300;INTARIAN_PEPPER_ROOT;12676;12;12672;17;;;12728;5;12732;23;;;12702.0;0.0
high_vol_volatile_s0;40300;ASH_COATED_OSMIUM;9995;12;9993;20;;;10013;7;10015;14;;;10004.0;0.0
high_vol_volatile_s0;40400;INTARIAN_PEPPER_ROOT;12693;9;12690;16;;;12701;12;12705;12;;;12697.0;0.0
high_vol_volatile_s0;40400;ASH_COATED_OSMIUM;9995;10;9991;19;;;10009;12;10013;12;;;10002.0;0.0
high_vol_volatile_s0;40500;INTARIAN_PEPPER_ROOT;12688;14;12684;27;;;12708;14;12710;17;;;12698.0;0.0
high_vol_volatile_s0;40500;ASH_COATED_OSMIUM;9992;5;9990;14;;;10004;5;10008;16;;;9998.0;0.0
high_vol_volatile_s0;40600;INTARIAN_PEPPER_ROOT;12678;20;12675;25;;;12718;16;12721;17;;;12698.0;0.0
high_vol_volatile_s0;40600;ASH_COATED_OSMIUM;9983;14;9979;24;;;10011;13;10014;9;;;9997.0;0.0
high_vol_volatile_s0;40700;INTARIAN_PEPPER_ROOT;12691;6;12689;16;;;12703;9;12706;16;;;12697.0;0.0
high_vol_volatile_s0;40700;ASH_COATED_OSMIUM;9992;9;9989;13;;;9998;15;10000;13;;;9995.0;0.0
high_vol_volatile_s0;40800;INTARIAN_PEPPER_ROOT;12684;10;12682;25;;;12702;5;12706;16;;;12693.0;0.0
high_vol_volatile_s0;40800;ASH_COATED_OSMIUM;9986;20;9982;23;;;10004;20;10006;28;;;9995.0;0.0
high_vol_volatile_s0;40900;INTARIAN_PEPPER_ROOT;12683;23;12681;19;;;12691;6;12695;17;;;12687.0;0.0
high_vol_volatile_s0;40900;ASH_COATED_OSMIUM;9983;9;9980;17;;;10003;9;10007;19;;;9993.0;0.0
high_vol_volatile_s0;41000;INTARIAN_PEPPER_ROOT;12663;20;12659;26;;;12693;13;12696;18;;;12678.0;0.0
high_vol_volatile_s0;41000;ASH_COATED_OSMIUM;9991;6;9987;13;;;9995;17;9998;19;;;9993.0;0.0
high_vol_volatile_s0;41100;INTARIAN_PEPPER_ROOT;12670;10;12666;22;;;12682;11;12684;20;;;12676.0;0.0
high_vol_volatile_s0;41100;ASH_COATED_OSMIUM;9976;11;9974;19;;;10010;16;10014;23;;;9993.0;0.0
high_vol_volatile_s0;41200;INTARIAN_PEPPER_ROOT;12664;16;12661;22;;;12672;16;12674;26;;;12668.0;0.0
high_vol_volatile_s0;41200;ASH_COATED_OSMIUM;9975;9;9971;19;;;10011;17;10013;28;;;9993.0;0.0
high_vol_volatile_s0;41300;INTARIAN_PEPPER_ROOT;12653;10;12650;24;;;12669;22;12673;20;;;12661.0;0.0
high_vol_volatile_s0;41300;ASH_COATED_OSMIUM;9991;13;9988;24;;;10003;13;10006;13;;;9997.0;0.0
high_vol_volatile_s0;41400;INTARIAN_PEPPER_ROOT;12650;15;12648;25;;;12664;20;12666;20;;;12657.0;0.0
high_vol_volatile_s0;41400;ASH_COATED_OSMIUM;9991;9;9989;19;;;10003;10;10007;19;;;9997.0;0.0
high_vol_volatile_s0;41500;INTARIAN_PEPPER_ROOT;12647;6;12644;18;;;12655;5;12659;21;;;12651.0;0.0
high_vol_volatile_s0;41500;ASH_COATED_OSMIUM;9995;9;9992;26;;;9997;12;10000;20;;;9996.0;0.0
high_vol_volatile_s0;41600;INTARIAN_PEPPER_ROOT;12642;15;12639;15;;;12644;14;12646;21;;;12643.0;0.0
high_vol_volatile_s0;41600;ASH_COATED_OSMIUM;9981;8;9979;14;;;10013;16;10015;13;;;9997.0;0.0
high_vol_volatile_s0;41700;INTARIAN_PEPPER_ROOT;12625;6;12623;21;;;12641;12;12643;24;;;12633.0;0.0
high_vol_volatile_s0;41700;ASH_COATED_OSMIUM;9992;5;9989;26;;;10010;17;10014;19;;;10001.0;0.0
high_vol_volatile_s0;41800;INTARIAN_PEPPER_ROOT;12615;10;12611;21;;;12637;24;12640;18;;;12626.0;0.0
high_vol_volatile_s0;41800;ASH_COATED_OSMIUM;10002;13;10000;11;;;10004;8;10008;18;;;10003.0;0.0
high_vol_volatile_s0;41900;INTARIAN_PEPPER_ROOT;12619;11;12615;13;;;12621;20;12623;26;;;12620.0;0.0
high_vol_volatile_s0;41900;ASH_COATED_OSMIUM;9985;11;9982;24;;;10025;13;10028;18;;;10005.0;0.0
high_vol_volatile_s0;42000;INTARIAN_PEPPER_ROOT;12601;16;12599;14;;;12617;17;12619;8;;;12609.0;0.0
high_vol_volatile_s0;42000;ASH_COATED_OSMIUM;10000;5;9998;26;;;10002;8;10004;12;;;10001.0;0.0
high_vol_volatile_s0;42100;INTARIAN_PEPPER_ROOT;12597;12;12594;14;;;12599;21;12603;17;;;12598.0;0.0
high_vol_volatile_s0;42100;ASH_COATED_OSMIUM;9995;19;9992;15;;;9999;11;10002;26;;;9997.0;0.0
high_vol_volatile_s0;42200;INTARIAN_PEPPER_ROOT;12572;11;12570;20;;;12582;17;12586;16;;;12577.0;0.0
high_vol_volatile_s0;42200;ASH_COATED_OSMIUM;9991;5;9989;19;;;9995;12;9997;9;;;9993.0;0.0
high_vol_volatile_s0;42300;INTARIAN_PEPPER_ROOT;12562;17;12560;16;;;12564;6;12567;18;;;12563.0;0.0
high_vol_volatile_s0;42300;ASH_COATED_OSMIUM;9991;11;9987;12;;;10003;14;10007;17;;;9997.0;0.0
high_vol_volatile_s0;42400;INTARIAN_PEPPER_ROOT;12534;26;12530;14;;;12558;16;12560;19;;;12546.0;0.0
high_vol_volatile_s0;42400;ASH_COATED_OSMIUM;9993;13;9990;28;;;9995;13;9997;23;;;9994.0;0.0
high_vol_volatile_s0;42500;INTARIAN_PEPPER_ROOT;12530;15;12527;15;;;12532;19;12536;29;;;12531.0;0.0
high_vol_volatile_s0;42500;ASH_COATED_OSMIUM;9996;8;9994;19;;;9998;20;10000;15;;;9997.0;0.0
high_vol_volatile_s0;42600;INTARIAN_PEPPER_ROOT;12510;8;12506;19;;;12522;13;12526;14;;;12516.0;0.0
high_vol_volatile_s0;42600;ASH_COATED_OSMIUM;9995;13;9992;21;;;9997;10;9999;19;;;9996.0;0.0
high_vol_volatile_s0;42700;INTARIAN_PEPPER_ROOT;12482;17;12479;22;;;12498;19;12502;23;;;12490.0;0.0
high_vol_volatile_s0;42700;ASH_COATED_OSMIUM;9997;8;9993;18;;;9999;10;10003;21;;;9998.0;0.0
high_vol_volatile_s0;42800;INTARIAN_PEPPER_ROOT;12464;15;12461;18;;;12476;18;12479;18;;;12470.0;0.0
high_vol_volatile_s0;42800;ASH_COATED_OSMIUM;10000;8;9996;20;;;10002;16;10005;22;;;10001.0;0.0
high_vol_volatile_s0;42900;INTARIAN_PEPPER_ROOT;12450;13;12446;18;;;12452;18;12455;20;;;12451.0;0.0
high_vol_volatile_s0;42900;ASH_COATED_OSMIUM;10002;20;10000;19;;;10006;13;10010;14;;;10004.0;0.0
high_vol_volatile_s0;43000;INTARIAN_PEPPER_ROOT;12429;15;12427;14;;;12431;11;12435;19;;;12430.0;0.0
high_vol_volatile_s0;43000;ASH_COATED_OSMIUM;10005;5;10001;17;;;10015;13;10017;27;;;10010.0;0.0
high_vol_volatile_s0;43100;INTARIAN_PEPPER_ROOT;12404;11;12400;18;;;12408;18;12411;20;;;12406.0;0.0
high_vol_volatile_s0;43100;ASH_COATED_OSMIUM;9994;14;9991;18;;;10022;17;10026;18;;;10008.0;0.0
high_vol_volatile_s0;43200;INTARIAN_PEPPER_ROOT;12387;5;12383;17;;;12389;7;12393;19;;;12388.0;0.0
high_vol_volatile_s0;43200;ASH_COATED_OSMIUM;10012;12;10010;18;;;10014;15;10016;20;;;10013.0;0.0
high_vol_volatile_s0;43300;INTARIAN_PEPPER_ROOT;12364;6;12360;26;;;12370;13;12374;16;;;12367.0;0.0
high_vol_volatile_s0;43300;ASH_COATED_OSMIUM;9991;14;9987;15;;;10033;21;10037;24;;;10012.0;0.0
high_vol_volatile_s0;43400;INTARIAN_PEPPER_ROOT;12329;12;12327;17;;;12355;20;12357;22;;;12342.0;0.0
high_vol_volatile_s0;43400;ASH_COATED_OSMIUM;10009;9;10005;12;;;10011;16;10013;19;;;10010.0;0.0
high_vol_volatile_s0;43500;INTARIAN_PEPPER_ROOT;12316;21;12314;22;;;12326;6;12329;22;;;12321.0;0.0
high_vol_volatile_s0;43500;ASH_COATED_OSMIUM;10003;17;10001;18;;;10019;21;10023;12;;;10011.0;0.0
high_vol_volatile_s0;43600;INTARIAN_PEPPER_ROOT;12300;16;12297;19;;;12302;21;12305;23;;;12301.0;0.0
high_vol_volatile_s0;43600;ASH_COATED_OSMIUM;10005;7;10002;24;;;10009;25;10011;17;;;10007.0;0.0
high_vol_volatile_s0;43700;INTARIAN_PEPPER_ROOT;12276;20;12272;15;;;12278;14;12281;8;;;12277.0;0.0
high_vol_volatile_s0;43700;ASH_COATED_OSMIUM;10007;16;10005;17;;;10009;13;10013;8;;;10008.0;0.0
high_vol_volatile_s0;43800;INTARIAN_PEPPER_ROOT;12255;19;12251;12;;;12259;16;12261;27;;;12257.0;0.0
high_vol_volatile_s0;43800;ASH_COATED_OSMIUM;9994;10;9992;21;;;10018;16;10020;14;;;10006.0;0.0
high_vol_volatile_s0;43900;INTARIAN_PEPPER_ROOT;12232;12;12229;19;;;12234;14;12238;20;;;12233.0;0.0
high_vol_volatile_s0;43900;ASH_COATED_OSMIUM;9989;13;9986;25;;;10025;10;10029;18;;;10007.0;0.0
high_vol_volatile_s0;44000;INTARIAN_PEPPER_ROOT;12196;18;12193;26;;;12218;17;12220;18;;;12207.0;0.0
high_vol_volatile_s0;44000;ASH_COATED_OSMIUM;10009;9;10005;15;;;10011;9;10014;25;;;10010.0;0.0
high_vol_volatile_s0;44100;INTARIAN_PEPPER_ROOT;12178;12;12176;26;;;12180;12;12182;24;;;12179.0;0.0
high_vol_volatile_s0;44100;ASH_COATED_OSMIUM;9994;22;9990;22;;;10034;10;10038;25;;;10014.0;0.0
high_vol_volatile_s0;44200;INTARIAN_PEPPER_ROOT;12153;23;12149;19;;;12155;15;12157;23;;;12154.0;0.0
high_vol_volatile_s0;44200;ASH_COATED_OSMIUM;10010;8;10006;25;;;10012;13;10016;18;;;10011.0;0.0
high_vol_volatile_s0;44300;INTARIAN_PEPPER_ROOT;12126;12;12124;21;;;12134;10;12138;19;;;12130.0;0.0
high_vol_volatile_s0;44300;ASH_COATED_OSMIUM;9992;15;9989;15;;;10028;15;10032;22;;;10010.0;0.0
high_vol_volatile_s0;44400;INTARIAN_PEPPER_ROOT;12103;21;12101;24;;;12109;5;12113;20;;;12106.0;0.0
high_vol_volatile_s0;44400;ASH_COATED_OSMIUM;10012;9;10009;22;;;10014;17;10016;22;;;10013.0;0.0
high_vol_volatile_s0;44500;INTARIAN_PEPPER_ROOT;12079;17;12075;17;;;12083;15;12086;9;;;12081.0;0.0
high_vol_volatile_s0;44500;ASH_COATED_OSMIUM;10007;10;10005;18;;;10025;17;10028;25;;;10016.0;0.0
high_vol_volatile_s0;44600;INTARIAN_PEPPER_ROOT;12056;15;12054;15;;;12058;14;12060;13;;;12057.0;0.0
high_vol_volatile_s0;44600;ASH_COATED_OSMIUM;10017;10;10015;14;;;10021;11;10024;18;;;10019.0;0.0
high_vol_volatile_s0;44700;INTARIAN_PEPPER_ROOT;12026;11;12022;15;;;12030;14;12032;12;;;12028.0;0.0
high_vol_volatile_s0;44700;ASH_COATED_OSMIUM;10011;17;10007;29;;;10023;12;10025;23;;;10017.0;0.0
high_vol_volatile_s0;44800;INTARIAN_PEPPER_ROOT;11996;13;11993;13;;;12004;11;12006;20;;;12000.0;0.0
high_vol_volatile_s0;44800;ASH_COATED_OSMIUM;10014;19;10011;25;;;10020;9;10022;20;;;10017.0;0.0
high_vol_volatile_s0;44900;INTARIAN_PEPPER_ROOT;11970;18;11967;27;;;11976;8;11980;19;;;11973.0;0.0
high_vol_volatile_s0;44900;ASH_COATED_OSMIUM;10007;11;10005;19;;;10011;11;10015;22;;;10009.0;0.0
high_vol_volatile_s0;45000;INTARIAN_PEPPER_ROOT;11942;22;11940;15;;;11946;5;11950;22;;;11944.0;0.0
high_vol_volatile_s0;45000;ASH_COATED_OSMIUM;10006;13;10002;29;;;10008;6;10012;16;;;10007.0;0.0
high_vol_volatile_s0;45100;INTARIAN_PEPPER_ROOT;11919;18;11915;13;;;11923;19;11925;19;;;11921.0;0.0
high_vol_volatile_s0;45100;ASH_COATED_OSMIUM;10003;14;10001;28;;;10005;16;10009;8;;;10004.0;0.0
high_vol_volatile_s0;45200;INTARIAN_PEPPER_ROOT;11874;5;11872;20;;;11920;20;11922;16;;;11897.0;0.0
high_vol_volatile_s0;45200;ASH_COATED_OSMIUM;9986;20;9984;29;;;10026;5;10028;23;;;10006.0;0.0
high_vol_volatile_s0;45300;INTARIAN_PEPPER_ROOT;11871;9;11868;28;;;11873;8;11877;28;;;11872.0;0.0
high_vol_volatile_s0;45300;ASH_COATED_OSMIUM;9978;17;9974;22;;;10022;8;10025;17;;;10000.0;0.0
high_vol_volatile_s0;45400;INTARIAN_PEPPER_ROOT;11843;18;11839;23;;;11851;14;11855;18;;;11847.0;0.0
high_vol_volatile_s0;45400;ASH_COATED_OSMIUM;9976;13;9972;17;;;10020;18;10023;24;;;9998.0;0.0
high_vol_volatile_s0;45500;INTARIAN_PEPPER_ROOT;11823;13;11821;16;;;11833;9;11837;24;;;11828.0;0.0
high_vol_volatile_s0;45500;ASH_COATED_OSMIUM;9973;13;9970;15;;;10023;5;10026;22;;;9998.0;0.0
high_vol_volatile_s0;45600;INTARIAN_PEPPER_ROOT;11783;19;11779;16;;;11819;13;11822;28;;;11801.0;0.0
high_vol_volatile_s0;45600;ASH_COATED_OSMIUM;9993;14;9990;17;;;10005;16;10007;19;;;9999.0;0.0
high_vol_volatile_s0;45700;INTARIAN_PEPPER_ROOT;11762;7;11760;16;;;11778;16;11782;20;;;11770.0;0.0
high_vol_volatile_s0;45700;ASH_COATED_OSMIUM;9995;11;9993;18;;;10005;9;10008;22;;;10000.0;0.0
high_vol_volatile_s0;45800;INTARIAN_PEPPER_ROOT;11741;10;11738;18;;;11749;24;11752;28;;;11745.0;0.0
high_vol_volatile_s0;45800;ASH_COATED_OSMIUM;9983;6;9981;22;;;10011;14;10014;19;;;9997.0;0.0
high_vol_volatile_s0;45900;INTARIAN_PEPPER_ROOT;11716;7;11713;28;;;11722;18;11725;23;;;11719.0;0.0
high_vol_volatile_s0;45900;ASH_COATED_OSMIUM;9999;19;9996;25;;;10003;15;10006;30;;;10001.0;0.0
high_vol_volatile_s0;46000;INTARIAN_PEPPER_ROOT;11691;20;11687;21;;;11697;16;11699;14;;;11694.0;0.0
high_vol_volatile_s0;46000;ASH_COATED_OSMIUM;10002;12;9999;8;;;10006;11;10008;27;;;10004.0;0.0
high_vol_volatile_s0;46100;INTARIAN_PEPPER_ROOT;11660;17;11656;17;;;11674;14;11677;18;;;11667.0;0.0
high_vol_volatile_s0;46100;ASH_COATED_OSMIUM;10003;15;10000;22;;;10009;11;10011;25;;;10006.0;0.0
high_vol_volatile_s0;46200;INTARIAN_PEPPER_ROOT;11640;16;11638;17;;;11642;11;11644;14;;;11641.0;0.0
high_vol_volatile_s0;46200;ASH_COATED_OSMIUM;10004;17;10000;27;;;10008;11;10010;13;;;10006.0;0.0
high_vol_volatile_s0;46300;INTARIAN_PEPPER_ROOT;11612;27;11608;15;;;11626;17;11629;21;;;11619.0;0.0
high_vol_volatile_s0;46300;ASH_COATED_OSMIUM;10002;15;9999;18;;;10006;8;10010;22;;;10004.0;0.0
high_vol_volatile_s0;46400;INTARIAN_PEPPER_ROOT;11587;14;11584;28;;;11601;20;11605;26;;;11594.0;0.0
high_vol_volatile_s0;46400;ASH_COATED_OSMIUM;9980;9;9976;19;;;10016;9;10019;18;;;9998.0;0.0
high_vol_volatile_s0;46500;INTARIAN_PEPPER_ROOT;11576;9;11573;19;;;11582;13;11585;21;;;11579.0;0.0
high_vol_volatile_s0;46500;ASH_COATED_OSMIUM;9998;16;9996;30;;;10000;11;10002;21;;;9999.0;0.0
high_vol_volatile_s0;46600;INTARIAN_PEPPER_ROOT;11553;14;11550;17;;;11555;8;11557;26;;;11554.0;0.0
high_vol_volatile_s0;46600;ASH_COATED_OSMIUM;10004;14;10001;17;;;10008;5;10011;33;;;10006.0;0.0
high_vol_volatile_s0;46700;INTARIAN_PEPPER_ROOT;11510;16;11507;16;;;11548;9;11550;20;;;11529.0;0.0
high_vol_volatile_s0;46700;ASH_COATED_OSMIUM;9996;16;9994;22;;;10020;16;10022;26;;;10008.0;0.0
high_vol_volatile_s0;46800;INTARIAN_PEPPER_ROOT;11493;9;11489;12;;;11509;17;11512;23;;;11501.0;0.0
high_vol_volatile_s0;46800;ASH_COATED_OSMIUM;10001;9;9997;16;;;10015;22;10019;21;;;10008.0;0.0
high_vol_volatile_s0;46900;INTARIAN_PEPPER_ROOT;11480;16;11478;23;;;11482;16;11486;28;;;11481.0;0.0
high_vol_volatile_s0;46900;ASH_COATED_OSMIUM;10006;11;10004;19;;;10010;13;10012;16;;;10008.0;0.0
high_vol_volatile_s0;47000;INTARIAN_PEPPER_ROOT;11452;15;11448;24;;;11458;12;11462;23;;;11455.0;0.0
high_vol_volatile_s0;47000;ASH_COATED_OSMIUM;10006;15;10003;27;;;10016;23;10020;24;;;10011.0;0.0
high_vol_volatile_s0;47100;INTARIAN_PEPPER_ROOT;11432;8;11430;14;;;11434;13;11437;26;;;11433.0;0.0
high_vol_volatile_s0;47100;ASH_COATED_OSMIUM;10014;12;10011;21;;;10016;7;10020;23;;;10015.0;0.0
high_vol_volatile_s0;47200;INTARIAN_PEPPER_ROOT;11389;14;11385;15;;;11439;18;11442;30;;;11414.0;0.0
high_vol_volatile_s0;47200;ASH_COATED_OSMIUM;9991;7;9988;19;;;10031;16;10034;19;;;10011.0;0.0
high_vol_volatile_s0;47300;INTARIAN_PEPPER_ROOT;11388;20;11385;28;;;11398;5;11401;27;;;11393.0;0.0
high_vol_volatile_s0;47300;ASH_COATED_OSMIUM;10006;9;10004;14;;;10014;13;10018;28;;;10010.0;0.0
high_vol_volatile_s0;47400;INTARIAN_PEPPER_ROOT;11379;16;11377;26;;;11381;5;11384;22;;;11380.0;0.0
high_vol_volatile_s0;47400;ASH_COATED_OSMIUM;10006;13;10004;26;;;10018;12;10022;23;;;10012.0;0.0
high_vol_volatile_s0;47500;INTARIAN_PEPPER_ROOT;11361;6;11358;21;;;11369;6;11372;20;;;11365.0;0.0
high_vol_volatile_s0;47500;ASH_COATED_OSMIUM;10005;18;10001;15;;;10019;5;10021;16;;;10012.0;0.0
high_vol_volatile_s0;47600;INTARIAN_PEPPER_ROOT;11343;18;11339;11;;;11361;9;11365;18;;;11352.0;0.0
high_vol_volatile_s0;47600;ASH_COATED_OSMIUM;10007;29;10004;23;;;10021;5;10024;23;;;10014.0;0.0
high_vol_volatile_s0;47700;INTARIAN_PEPPER_ROOT;11332;11;11329;14;;;11334;11;11338;17;;;11333.0;0.0
high_vol_volatile_s0;47700;ASH_COATED_OSMIUM;10014;20;10011;25;;;10016;25;10019;17;;;10015.0;0.0
high_vol_volatile_s0;47800;INTARIAN_PEPPER_ROOT;11317;17;11315;25;;;11323;12;11327;11;;;11320.0;0.0
high_vol_volatile_s0;47800;ASH_COATED_OSMIUM;9991;17;9988;21;;;10029;5;10031;22;;;10010.0;0.0
high_vol_volatile_s0;47900;INTARIAN_PEPPER_ROOT;11306;12;11302;24;;;11308;25;11310;16;;;11307.0;0.0
high_vol_volatile_s0;47900;ASH_COATED_OSMIUM;10007;18;10003;20;;;10011;8;10015;21;;;10009.0;0.0
high_vol_volatile_s0;48000;INTARIAN_PEPPER_ROOT;11293;14;11291;23;;;11295;13;11299;21;;;11294.0;0.0
high_vol_volatile_s0;48000;ASH_COATED_OSMIUM;10009;19;10006;26;;;10011;12;10014;14;;;10010.0;0.0
high_vol_volatile_s0;48100;INTARIAN_PEPPER_ROOT;11275;23;11271;23;;;11291;9;11294;16;;;11283.0;0.0
high_vol_volatile_s0;48100;ASH_COATED_OSMIUM;10010;14;10007;20;;;10012;15;10014;16;;;10011.0;0.0
high_vol_volatile_s0;48200;INTARIAN_PEPPER_ROOT;11266;14;11263;13;;;11268;10;11271;16;;;11267.0;0.0
high_vol_volatile_s0;48200;ASH_COATED_OSMIUM;10009;18;10005;17;;;10013;12;10016;17;;;10011.0;0.0
high_vol_volatile_s0;48300;INTARIAN_PEPPER_ROOT;11245;9;11241;12;;;11259;11;11263;19;;;11252.0;0.0
high_vol_volatile_s0;48300;ASH_COATED_OSMIUM;10005;8;10001;18;;;10023;9;10027;19;;;10014.0;0.0
high_vol_volatile_s0;48400;INTARIAN_PEPPER_ROOT;11231;6;11228;24;;;11257;15;11259;22;;;11244.0;0.0
high_vol_volatile_s0;48400;ASH_COATED_OSMIUM;9996;8;9994;21;;;10036;9;10040;21;;;10016.0;0.0
high_vol_volatile_s0;48500;INTARIAN_PEPPER_ROOT;11216;5;11213;17;;;11232;5;11234;20;;;11224.0;0.0
high_vol_volatile_s0;48500;ASH_COATED_OSMIUM;10012;14;10010;28;;;10014;16;10016;14;;;10013.0;0.0
high_vol_volatile_s0;48600;INTARIAN_PEPPER_ROOT;11215;16;11212;19;;;11221;22;11223;28;;;11218.0;0.0
high_vol_volatile_s0;48600;ASH_COATED_OSMIUM;10012;16;10008;26;;;10020;20;10024;17;;;10016.0;0.0
high_vol_volatile_s0;48700;INTARIAN_PEPPER_ROOT;11197;5;11194;13;;;11221;9;11224;19;;;11209.0;0.0
high_vol_volatile_s0;48700;ASH_COATED_OSMIUM;10012;23;10008;15;;;10016;18;10018;27;;;10014.0;0.0
high_vol_volatile_s0;48800;INTARIAN_PEPPER_ROOT;11183;21;11181;21;;;11215;13;11219;20;;;11199.0;0.0
high_vol_volatile_s0;48800;ASH_COATED_OSMIUM;10011;5;10009;23;;;10015;11;10017;17;;;10013.0;0.0
high_vol_volatile_s0;48900;INTARIAN_PEPPER_ROOT;11185;16;11181;19;;;11195;16;11197;16;;;11190.0;0.0
high_vol_volatile_s0;48900;ASH_COATED_OSMIUM;9995;13;9992;30;;;10033;16;10035;16;;;10014.0;0.0
high_vol_volatile_s0;49000;INTARIAN_PEPPER_ROOT;11176;16;11174;25;;;11180;15;11182;27;;;11178.0;0.0
high_vol_volatile_s0;49000;ASH_COATED_OSMIUM;10000;11;9997;12;;;10028;15;10031;14;;;10014.0;0.0
high_vol_volatile_s0;49100;INTARIAN_PEPPER_ROOT;11161;20;11158;12;;;11179;16;11182;18;;;11170.0;0.0
high_vol_volatile_s0;49100;ASH_COATED_OSMIUM;10003;12;10000;29;;;10029;18;10031;24;;;10016.0;0.0
high_vol_volatile_s0;49200;INTARIAN_PEPPER_ROOT;11162;10;11160;20;;;11168;15;11171;18;;;11165.0;0.0
high_vol_volatile_s0;49200;ASH_COATED_OSMIUM;10015;5;10012;20;;;10017;14;10020;19;;;10016.0;0.0
high_vol_volatile_s0;49300;INTARIAN_PEPPER_ROOT;11162;11;11160;19;;;11164;15;11166;26;;;11163.0;0.0
high_vol_volatile_s0;49300;ASH_COATED_OSMIUM;10007;10;10004;25;;;10025;8;10027;19;;;10016.0;0.0
high_vol_volatile_s0;49400;INTARIAN_PEPPER_ROOT;11163;17;11159;14;;;11167;15;11171;22;;;11165.0;0.0
high_vol_volatile_s0;49400;ASH_COATED_OSMIUM;10016;14;10012;18;;;10022;7;10025;26;;;10019.0;0.0
high_vol_volatile_s0;49500;INTARIAN_PEPPER_ROOT;11157;22;11153;21;;;11159;14;11163;9;;;11158.0;0.0
high_vol_volatile_s0;49500;ASH_COATED_OSMIUM;10005;13;10002;25;;;10025;20;10029;24;;;10015.0;0.0
high_vol_volatile_s0;49600;INTARIAN_PEPPER_ROOT;11146;16;11144;16;;;11158;14;11162;27;;;11152.0;0.0
high_vol_volatile_s0;49600;ASH_COATED_OSMIUM;9995;16;9992;30;;;10043;14;10047;25;;;10019.0;0.0
high_vol_volatile_s0;49700;INTARIAN_PEPPER_ROOT;11134;22;11132;23;;;11156;12;11158;22;;;11145.0;0.0
high_vol_volatile_s0;49700;ASH_COATED_OSMIUM;10007;8;10005;22;;;10037;12;10041;18;;;10022.0;0.0
high_vol_volatile_s0;49800;INTARIAN_PEPPER_ROOT;11120;19;11116;23;;;11156;22;11159;25;;;11138.0;0.0
high_vol_volatile_s0;49800;ASH_COATED_OSMIUM;10019;15;10016;23;;;10021;12;10024;22;;;10020.0;0.0
high_vol_volatile_s0;49900;INTARIAN_PEPPER_ROOT;11133;5;11130;17;;;11135;12;11137;18;;;11134.0;0.0
high_vol_volatile_s0;49900;ASH_COATED_OSMIUM;10008;10;10005;22;;;10022;15;10026;17;;;10015.0;0.0
high_vol_volatile_s0;50000;INTARIAN_PEPPER_ROOT;11129;10;11126;17;;;11135;14;11138;25;;;11132.0;0.0
high_vol_volatile_s0;50000;ASH_COATED_OSMIUM;10015;8;10011;15;;;10019;8;10021;22;;;10017.0;0.0
high_vol_volatile_s0;50100;INTARIAN_PEPPER_ROOT;11121;10;11117;25;;;11135;15;11137;18;;;11128.0;0.0
high_vol_volatile_s0;50100;ASH_COATED_OSMIUM;10020;11;10018;18;;;10022;5;10024;18;;;10021.0;0.0
high_vol_volatile_s0;50200;INTARIAN_PEPPER_ROOT;11129;16;11127;19;;;11131;19;11134;30;;;11130.0;0.0
high_vol_volatile_s0;50200;ASH_COATED_OSMIUM;10018;9;10015;22;;;10020;11;10024;21;;;10019.0;0.0
high_vol_volatile_s0;50300;INTARIAN_PEPPER_ROOT;11124;23;11121;26;;;11130;16;11134;28;;;11127.0;0.0
high_vol_volatile_s0;50300;ASH_COATED_OSMIUM;10009;8;10006;23;;;10027;9;10029;32;;;10018.0;0.0
high_vol_volatile_s0;50400;INTARIAN_PEPPER_ROOT;11115;20;11111;18;;;11133;5;11136;15;;;11124.0;0.0
high_vol_volatile_s0;50400;ASH_COATED_OSMIUM;9988;18;9986;22;;;10038;5;10041;14;;;10013.0;0.0
high_vol_volatile_s0;50500;INTARIAN_PEPPER_ROOT;11101;8;11098;19;;;11139;18;11141;9;;;11120.0;0.0
high_vol_volatile_s0;50500;ASH_COATED_OSMIUM;9991;8;9989;20;;;10035;12;10039;17;;;10013.0;0.0
high_vol_volatile_s0;50600;INTARIAN_PEPPER_ROOT;11113;14;11109;21;;;11115;28;11119;15;;;11114.0;0.0
high_vol_volatile_s0;50600;ASH_COATED_OSMIUM;10006;14;10003;21;;;10018;15;10022;24;;;10012.0;0.0
high_vol_volatile_s0;50700;INTARIAN_PEPPER_ROOT;11108;10;11105;12;;;11110;5;11112;23;;;11109.0;0.0
high_vol_volatile_s0;50700;ASH_COATED_OSMIUM;10002;19;9998;21;;;10018;17;10021;19;;;10010.0;0.0
high_vol_volatile_s0;50800;INTARIAN_PEPPER_ROOT;11095;13;11091;16;;;11117;22;11121;15;;;11106.0;0.0
high_vol_volatile_s0;50800;ASH_COATED_OSMIUM;9991;5;9988;17;;;10023;19;10026;26;;;10007.0;0.0
high_vol_volatile_s0;50900;INTARIAN_PEPPER_ROOT;11089;15;11085;21;;;11127;15;11129;26;;;11108.0;0.0
high_vol_volatile_s0;50900;ASH_COATED_OSMIUM;9989;18;9986;13;;;10019;10;10023;16;;;10004.0;0.0
high_vol_volatile_s0;51000;INTARIAN_PEPPER_ROOT;11110;14;11107;18;;;11112;11;11115;29;;;11111.0;0.0
high_vol_volatile_s0;51000;ASH_COATED_OSMIUM;10008;7;10004;13;;;10010;9;10012;28;;;10009.0;0.0
high_vol_volatile_s0;51100;INTARIAN_PEPPER_ROOT;11113;19;11109;15;;;11119;10;11121;23;;;11116.0;0.0
high_vol_volatile_s0;51100;ASH_COATED_OSMIUM;9996;21;9994;18;;;10012;15;10015;22;;;10004.0;0.0
high_vol_volatile_s0;51200;INTARIAN_PEPPER_ROOT;11105;14;11102;18;;;11119;17;11123;24;;;11112.0;0.0
high_vol_volatile_s0;51200;ASH_COATED_OSMIUM;9977;12;9975;17;;;10013;24;10016;22;;;9995.0;0.0
high_vol_volatile_s0;51300;INTARIAN_PEPPER_ROOT;11099;12;11096;14;;;11113;15;11116;20;;;11106.0;0.0
high_vol_volatile_s0;51300;ASH_COATED_OSMIUM;9989;10;9986;13;;;9997;16;10001;14;;;9993.0;0.0
high_vol_volatile_s0;51400;INTARIAN_PEPPER_ROOT;11082;20;11079;14;;;11128;16;11130;21;;;11105.0;0.0
high_vol_volatile_s0;51400;ASH_COATED_OSMIUM;9992;16;9990;24;;;9996;15;9998;17;;;9994.0;0.0
