day;timestamp;product;bid_price_1;bid_volume_1;bid_price_2;bid_volume_2;bid_price_3;bid_volume_3;ask_price_1;ask_volume_1;ask_price_2;ask_volume_2;ask_price_3;ask_volume_3;mid_price;profit_and_loss
sawtooth_volatile_s2;0;INTARIAN_PEPPER_ROOT;10494;8;10491;17;;;10502;17;10506;24;;;10498.0;0.0
sawtooth_volatile_s2;0;ASH_COATED_OSMIUM;9977;5;9974;23;;;10021;9;10025;21;;;9999.0;0.0
sawtooth_volatile_s2;100;INTARIAN_PEPPER_ROOT;10491;5;10487;17;;;10503;12;10507;17;;;10497.0;0.0
sawtooth_volatile_s2;100;ASH_COATED_OSMIUM;9983;15;9981;26;;;10007;13;10011;27;;;9995.0;0.0
sawtooth_volatile_s2;200;INTARIAN_PEPPER_ROOT;10495;18;10491;16;;;10503;16;10505;20;;;10499.0;0.0
sawtooth_volatile_s2;200;ASH_COATED_OSMIUM;9979;13;9977;14;;;10005;13;10008;14;;;9992.0;0.0
sawtooth_volatile_s2;300;INTARIAN_PEPPER_ROOT;10497;7;10495;16;;;10507;19;10509;16;;;10502.0;0.0
sawtooth_volatile_s2;300;ASH_COATED_OSMIUM;9991;12;9989;11;;;9993;8;9995;27;;;9992.0;0.0
sawtooth_volatile_s2;400;INTARIAN_PEPPER_ROOT;10491;14;10487;22;;;10517;16;10521;18;;;10504.0;0.0
sawtooth_volatile_s2;400;ASH_COATED_OSMIUM;9989;11;9986;24;;;9993;15;9996;21;;;9991.0;0.0
sawtooth_volatile_s2;500;INTARIAN_PEPPER_ROOT;10498;9;10494;18;;;10506;17;10509;22;;;10502.0;0.0
sawtooth_volatile_s2;500;ASH_COATED_OSMIUM;9990;21;9986;18;;;9994;19;9997;27;;;9992.0;0.0
sawtooth_volatile_s2;600;INTARIAN_PEPPER_ROOT;10503;18;10501;24;;;10505;19;10507;27;;;10504.0;0.0
sawtooth_volatile_s2;600;ASH_COATED_OSMIUM;9991;5;9989;28;;;9995;17;9999;23;;;9993.0;0.0
sawtooth_volatile_s2;700;INTARIAN_PEPPER_ROOT;10471;14;10467;14;;;10537;16;10541;22;;;10504.0;0.0
sawtooth_volatile_s2;700;ASH_COATED_OSMIUM;9985;12;9982;20;;;9995;16;9999;11;;;9990.0;0.0
sawtooth_volatile_s2;800;INTARIAN_PEPPER_ROOT;10501;12;10498;25;;;10507;12;10511;15;;;10504.0;0.0
sawtooth_volatile_s2;800;ASH_COATED_OSMIUM;9967;13;9963;29;;;10013;18;10017;24;;;9990.0;0.0
sawtooth_volatile_s2;900;INTARIAN_PEPPER_ROOT;10504;13;10501;29;;;10510;24;10512;16;;;10507.0;0.0
sawtooth_volatile_s2;900;ASH_COATED_OSMIUM;9980;18;9977;18;;;10002;20;10006;25;;;9991.0;0.0
sawtooth_volatile_s2;1000;INTARIAN_PEPPER_ROOT;10505;22;10503;16;;;10507;21;10510;11;;;10506.0;0.0
sawtooth_volatile_s2;1000;ASH_COATED_OSMIUM;9988;16;9985;18;;;9994;18;9997;23;;;9991.0;0.0
sawtooth_volatile_s2;1100;INTARIAN_PEPPER_ROOT;10506;20;10502;26;;;10508;21;10511;31;;;10507.0;0.0
sawtooth_volatile_s2;1100;ASH_COATED_OSMIUM;9991;5;9989;16;;;9995;11;9998;24;;;9993.0;0.0
sawtooth_volatile_s2;1200;INTARIAN_PEPPER_ROOT;10500;23;10496;14;;;10512;11;10514;15;;;10506.0;0.0
sawtooth_volatile_s2;1200;ASH_COATED_OSMIUM;9984;15;9981;22;;;9998;14;10000;20;;;9991.0;0.0
sawtooth_volatile_s2;1300;INTARIAN_PEPPER_ROOT;10504;10;10500;19;;;10510;19;10513;17;;;10507.0;0.0
sawtooth_volatile_s2;1300;ASH_COATED_OSMIUM;9985;14;9981;19;;;10003;7;10005;20;;;9994.0;0.0
sawtooth_volatile_s2;1400;INTARIAN_PEPPER_ROOT;10506;15;10504;22;;;10508;12;10510;22;;;10507.0;0.0
sawtooth_volatile_s2;1400;ASH_COATED_OSMIUM;9986;18;9983;20;;;9994;13;9996;18;;;9990.0;0.0
sawtooth_volatile_s2;1500;INTARIAN_PEPPER_ROOT;10506;5;10502;22;;;10508;16;10511;22;;;10507.0;0.0
sawtooth_volatile_s2;1500;ASH_COATED_OSMIUM;9984;6;9981;18;;;9990;15;9994;19;;;9987.0;0.0
sawtooth_volatile_s2;1600;INTARIAN_PEPPER_ROOT;10505;16;10501;19;;;10509;16;10512;17;;;10507.0;0.0
sawtooth_volatile_s2;1600;ASH_COATED_OSMIUM;9986;13;9984;15;;;10004;9;10006;20;;;9995.0;0.0
sawtooth_volatile_s2;1700;INTARIAN_PEPPER_ROOT;10506;24;10502;28;;;10508;11;10512;20;;;10507.0;0.0
sawtooth_volatile_s2;1700;ASH_COATED_OSMIUM;9986;20;9983;26;;;9998;9;10000;21;;;9992.0;0.0
sawtooth_volatile_s2;1800;INTARIAN_PEPPER_ROOT;10505;20;10502;16;;;10509;20;10513;20;;;10507.0;0.0
sawtooth_volatile_s2;1800;ASH_COATED_OSMIUM;9981;14;9979;10;;;10003;14;10005;21;;;9992.0;0.0
sawtooth_volatile_s2;1900;INTARIAN_PEPPER_ROOT;10484;9;10480;18;;;10528;15;10531;26;;;10506.0;0.0
sawtooth_volatile_s2;1900;ASH_COATED_OSMIUM;9994;10;9991;19;;;9998;16;10002;24;;;9996.0;0.0
sawtooth_volatile_s2;2000;INTARIAN_PEPPER_ROOT;10500;15;10498;23;;;10508;12;10512;21;;;10504.0;0.0
sawtooth_volatile_s2;2000;ASH_COATED_OSMIUM;9993;14;9990;16;;;9999;7;10001;20;;;9996.0;0.0
sawtooth_volatile_s2;2100;INTARIAN_PEPPER_ROOT;10494;8;10490;16;;;10516;23;10518;24;;;10505.0;0.0
sawtooth_volatile_s2;2100;ASH_COATED_OSMIUM;9980;18;9976;22;;;10010;10;10014;34;;;9995.0;0.0
sawtooth_volatile_s2;2200;INTARIAN_PEPPER_ROOT;10493;10;10491;25;;;10517;5;10520;18;;;10505.0;0.0
sawtooth_volatile_s2;2200;ASH_COATED_OSMIUM;9993;8;9990;14;;;9999;20;10001;22;;;9996.0;0.0
sawtooth_volatile_s2;2300;INTARIAN_PEPPER_ROOT;10507;20;10505;23;;;10509;13;10512;27;;;10508.0;0.0
sawtooth_volatile_s2;2300;ASH_COATED_OSMIUM;9994;8;9991;15;;;10000;16;10004;19;;;9997.0;0.0
sawtooth_volatile_s2;2400;INTARIAN_PEPPER_ROOT;10502;20;10499;13;;;10510;5;10514;30;;;10506.0;0.0
sawtooth_volatile_s2;2400;ASH_COATED_OSMIUM;9997;9;9993;23;;;9999;5;10003;20;;;9998.0;0.0
sawtooth_volatile_s2;2500;INTARIAN_PEPPER_ROOT;10505;12;10501;17;;;10507;12;10511;23;;;10506.0;0.0
sawtooth_volatile_s2;2500;ASH_COATED_OSMIUM;10003;12;10000;23;;;10005;15;10008;20;;;10004.0;0.0
sawtooth_volatile_s2;2600;INTARIAN_PEPPER_ROOT;10506;18;10503;19;;;10510;18;10514;17;;;10508.0;0.0
sawtooth_volatile_s2;2600;ASH_COATED_OSMIUM;9986;6;9984;27;;;10016;15;10019;21;;;10001.0;0.0
sawtooth_volatile_s2;2700;INTARIAN_PEPPER_ROOT;10503;19;10499;18;;;10517;19;10520;27;;;10510.0;0.0
sawtooth_volatile_s2;2700;ASH_COATED_OSMIUM;9995;18;9993;24;;;10003;12;10005;20;;;9999.0;0.0
sawtooth_volatile_s2;2800;INTARIAN_PEPPER_ROOT;10506;15;10502;31;;;10518;22;10521;14;;;10512.0;0.0
sawtooth_volatile_s2;2800;ASH_COATED_OSMIUM;9992;11;9988;21;;;10010;23;10014;15;;;10001.0;0.0
sawtooth_volatile_s2;2900;INTARIAN_PEPPER_ROOT;10501;5;10499;26;;;10521;11;10524;23;;;10511.0;0.0
sawtooth_volatile_s2;2900;ASH_COATED_OSMIUM;9995;5;9991;22;;;9999;5;10003;8;;;9997.0;0.0
sawtooth_volatile_s2;3000;INTARIAN_PEPPER_ROOT;10492;11;10489;17;;;10532;13;10535;21;;;10512.0;0.0
sawtooth_volatile_s2;3000;ASH_COATED_OSMIUM;9990;17;9987;18;;;10004;16;10008;21;;;9997.0;0.0
sawtooth_volatile_s2;3100;INTARIAN_PEPPER_ROOT;10504;16;10501;10;;;10522;24;10525;16;;;10513.0;0.0
sawtooth_volatile_s2;3100;ASH_COATED_OSMIUM;9988;15;9986;15;;;10014;6;10017;14;;;10001.0;0.0
sawtooth_volatile_s2;3200;INTARIAN_PEPPER_ROOT;10490;17;10487;14;;;10538;12;10541;15;;;10514.0;0.0
sawtooth_volatile_s2;3200;ASH_COATED_OSMIUM;9995;21;9993;21;;;10009;11;10011;14;;;10002.0;0.0
sawtooth_volatile_s2;3300;INTARIAN_PEPPER_ROOT;10513;13;10511;14;;;10517;19;10519;24;;;10515.0;0.0
sawtooth_volatile_s2;3300;ASH_COATED_OSMIUM;9995;19;9993;16;;;9997;15;10000;14;;;9996.0;0.0
sawtooth_volatile_s2;3400;INTARIAN_PEPPER_ROOT;10512;5;10509;25;;;10514;8;10518;27;;;10513.0;0.0
sawtooth_volatile_s2;3400;ASH_COATED_OSMIUM;9974;5;9971;23;;;10022;19;10024;20;;;9998.0;0.0
sawtooth_volatile_s2;3500;INTARIAN_PEPPER_ROOT;10508;14;10506;21;;;10524;19;10527;24;;;10516.0;0.0
sawtooth_volatile_s2;3500;ASH_COATED_OSMIUM;9971;17;9967;27;;;10015;13;10018;21;;;9993.0;0.0
sawtooth_volatile_s2;3600;INTARIAN_PEPPER_ROOT;10510;22;10507;21;;;10528;13;10532;21;;;10519.0;0.0
sawtooth_volatile_s2;3600;ASH_COATED_OSMIUM;9993;13;9991;22;;;9995;12;9999;25;;;9994.0;0.0
sawtooth_volatile_s2;3700;INTARIAN_PEPPER_ROOT;10512;11;10508;21;;;10526;5;10529;23;;;10519.0;0.0
sawtooth_volatile_s2;3700;ASH_COATED_OSMIUM;9994;12;9992;23;;;9996;18;10000;18;;;9995.0;0.0
sawtooth_volatile_s2;3800;INTARIAN_PEPPER_ROOT;10519;12;10517;14;;;10521;10;10525;32;;;10520.0;0.0
sawtooth_volatile_s2;3800;ASH_COATED_OSMIUM;9975;11;9973;23;;;10013;8;10016;15;;;9994.0;0.0
sawtooth_volatile_s2;3900;INTARIAN_PEPPER_ROOT;10511;29;10508;17;;;10531;14;10534;21;;;10521.0;0.0
sawtooth_volatile_s2;3900;ASH_COATED_OSMIUM;9987;17;9985;12;;;10009;7;10011;15;;;9998.0;0.0
sawtooth_volatile_s2;4000;INTARIAN_PEPPER_ROOT;10519;16;10515;33;;;10521;16;10523;14;;;10520.0;0.0
sawtooth_volatile_s2;4000;ASH_COATED_OSMIUM;9995;16;9992;25;;;9997;9;10001;24;;;9996.0;0.0
sawtooth_volatile_s2;4100;INTARIAN_PEPPER_ROOT;10516;13;10513;18;;;10526;21;10529;20;;;10521.0;0.0
sawtooth_volatile_s2;4100;ASH_COATED_OSMIUM;9990;10;9987;15;;;10006;7;10010;17;;;9998.0;0.0
sawtooth_volatile_s2;4200;INTARIAN_PEPPER_ROOT;10519;19;10517;22;;;10529;19;10533;24;;;10524.0;0.0
sawtooth_volatile_s2;4200;ASH_COATED_OSMIUM;9999;9;9995;23;;;10003;16;10005;17;;;10001.0;0.0
sawtooth_volatile_s2;4300;INTARIAN_PEPPER_ROOT;10511;17;10509;27;;;10535;14;10537;29;;;10523.0;0.0
sawtooth_volatile_s2;4300;ASH_COATED_OSMIUM;9984;11;9982;22;;;10022;14;10026;25;;;10003.0;0.0
sawtooth_volatile_s2;4400;INTARIAN_PEPPER_ROOT;10515;26;10511;26;;;10533;20;10537;24;;;10524.0;0.0
sawtooth_volatile_s2;4400;ASH_COATED_OSMIUM;9986;13;9984;24;;;10016;13;10019;23;;;10001.0;0.0
sawtooth_volatile_s2;4500;INTARIAN_PEPPER_ROOT;10523;21;10519;16;;;10525;17;10528;10;;;10524.0;0.0
sawtooth_volatile_s2;4500;ASH_COATED_OSMIUM;10003;13;10001;25;;;10005;9;10007;21;;;10004.0;0.0
sawtooth_volatile_s2;4600;INTARIAN_PEPPER_ROOT;10508;16;10506;17;;;10542;17;10545;15;;;10525.0;0.0
sawtooth_volatile_s2;4600;ASH_COATED_OSMIUM;10006;12;10003;21;;;10012;16;10016;21;;;10009.0;0.0
sawtooth_volatile_s2;4700;INTARIAN_PEPPER_ROOT;10517;9;10513;21;;;10539;18;10541;8;;;10528.0;0.0
sawtooth_volatile_s2;4700;ASH_COATED_OSMIUM;10000;13;9996;15;;;10016;11;10020;10;;;10008.0;0.0
sawtooth_volatile_s2;4800;INTARIAN_PEPPER_ROOT;10523;11;10521;19;;;10533;7;10536;28;;;10528.0;0.0
sawtooth_volatile_s2;4800;ASH_COATED_OSMIUM;9973;12;9969;16;;;10049;10;10051;28;;;10011.0;0.0
sawtooth_volatile_s2;4900;INTARIAN_PEPPER_ROOT;10515;18;10511;17;;;10543;23;10545;11;;;10529.0;0.0
sawtooth_volatile_s2;4900;ASH_COATED_OSMIUM;10010;18;10007;26;;;10012;7;10014;22;;;10011.0;0.0
sawtooth_volatile_s2;5000;INTARIAN_PEPPER_ROOT;10523;18;10519;23;;;10537;11;10540;23;;;10530.0;0.0
sawtooth_volatile_s2;5000;ASH_COATED_OSMIUM;10009;14;10007;23;;;10019;5;10021;18;;;10014.0;0.0
sawtooth_volatile_s2;5100;INTARIAN_PEPPER_ROOT;10518;13;10515;25;;;10538;19;10541;19;;;10528.0;0.0
sawtooth_volatile_s2;5100;ASH_COATED_OSMIUM;10003;15;10000;22;;;10011;10;10014;24;;;10007.0;0.0
sawtooth_volatile_s2;5200;INTARIAN_PEPPER_ROOT;10527;19;10525;14;;;10529;14;10533;18;;;10528.0;0.0
sawtooth_volatile_s2;5200;ASH_COATED_OSMIUM;10002;16;9998;15;;;10014;11;10017;18;;;10008.0;0.0
sawtooth_volatile_s2;5300;INTARIAN_PEPPER_ROOT;10526;9;10524;21;;;10532;9;10535;17;;;10529.0;0.0
sawtooth_volatile_s2;5300;ASH_COATED_OSMIUM;9979;8;9976;23;;;10029;14;10031;13;;;10004.0;0.0
sawtooth_volatile_s2;5400;INTARIAN_PEPPER_ROOT;10524;20;10522;18;;;10534;15;10536;12;;;10529.0;0.0
sawtooth_volatile_s2;5400;ASH_COATED_OSMIUM;9998;20;9995;14;;;10006;13;10009;21;;;10002.0;0.0
sawtooth_volatile_s2;5500;INTARIAN_PEPPER_ROOT;10508;14;10504;21;;;10552;13;10556;21;;;10530.0;0.0
sawtooth_volatile_s2;5500;ASH_COATED_OSMIUM;9992;9;9988;21;;;10016;14;10019;18;;;10004.0;0.0
sawtooth_volatile_s2;5600;INTARIAN_PEPPER_ROOT;10527;10;10524;20;;;10529;13;10533;27;;;10528.0;0.0
sawtooth_volatile_s2;5600;ASH_COATED_OSMIUM;9976;12;9972;11;;;10034;8;10036;12;;;10005.0;0.0
sawtooth_volatile_s2;5700;INTARIAN_PEPPER_ROOT;10520;12;10518;23;;;10536;21;10539;13;;;10528.0;0.0
sawtooth_volatile_s2;5700;ASH_COATED_OSMIUM;10005;9;10002;35;;;10007;14;10009;16;;;10006.0;0.0
sawtooth_volatile_s2;5800;INTARIAN_PEPPER_ROOT;10507;19;10503;14;;;10549;14;10551;24;;;10528.0;0.0
sawtooth_volatile_s2;5800;ASH_COATED_OSMIUM;10001;13;9997;19;;;10009;10;10011;27;;;10005.0;0.0
sawtooth_volatile_s2;5900;INTARIAN_PEPPER_ROOT;10523;23;10521;11;;;10531;19;10533;25;;;10527.0;0.0
sawtooth_volatile_s2;5900;ASH_COATED_OSMIUM;9995;13;9992;29;;;10003;8;10005;23;;;9999.0;0.0
sawtooth_volatile_s2;6000;INTARIAN_PEPPER_ROOT;10510;9;10507;27;;;10546;5;10548;11;;;10528.0;0.0
sawtooth_volatile_s2;6000;ASH_COATED_OSMIUM;9999;9;9995;17;;;10001;22;10004;12;;;10000.0;0.0
sawtooth_volatile_s2;6100;INTARIAN_PEPPER_ROOT;10528;20;10526;22;;;10530;20;10532;18;;;10529.0;0.0
sawtooth_volatile_s2;6100;ASH_COATED_OSMIUM;10000;14;9998;16;;;10002;14;10004;18;;;10001.0;0.0
sawtooth_volatile_s2;6200;INTARIAN_PEPPER_ROOT;10518;5;10514;11;;;10542;26;10544;25;;;10530.0;0.0
sawtooth_volatile_s2;6200;ASH_COATED_OSMIUM;9989;10;9985;13;;;10019;16;10023;20;;;10004.0;0.0
sawtooth_volatile_s2;6300;INTARIAN_PEPPER_ROOT;10527;11;10525;13;;;10535;6;10538;23;;;10531.0;0.0
sawtooth_volatile_s2;6300;ASH_COATED_OSMIUM;9999;11;9995;23;;;10001;16;10003;22;;;10000.0;0.0
sawtooth_volatile_s2;6400;INTARIAN_PEPPER_ROOT;10530;17;10527;25;;;10532;16;10536;21;;;10531.0;0.0
sawtooth_volatile_s2;6400;ASH_COATED_OSMIUM;9999;8;9995;15;;;10001;5;10005;19;;;10000.0;0.0
sawtooth_volatile_s2;6500;INTARIAN_PEPPER_ROOT;10521;9;10517;21;;;10543;19;10546;30;;;10532.0;0.0
sawtooth_volatile_s2;6500;ASH_COATED_OSMIUM;9983;8;9980;18;;;10021;16;10024;19;;;10002.0;0.0
sawtooth_volatile_s2;6600;INTARIAN_PEPPER_ROOT;10528;15;10525;17;;;10534;11;10538;20;;;10531.0;0.0
sawtooth_volatile_s2;6600;ASH_COATED_OSMIUM;10000;5;9996;30;;;10004;17;10006;14;;;10002.0;0.0
sawtooth_volatile_s2;6700;INTARIAN_PEPPER_ROOT;10524;19;10521;22;;;10544;11;10548;23;;;10534.0;0.0
sawtooth_volatile_s2;6700;ASH_COATED_OSMIUM;9984;18;9982;15;;;10018;14;10022;18;;;10001.0;0.0
sawtooth_volatile_s2;6800;INTARIAN_PEPPER_ROOT;10530;5;10526;19;;;10532;9;10534;25;;;10531.0;0.0
sawtooth_volatile_s2;6800;ASH_COATED_OSMIUM;9985;8;9981;24;;;10015;8;10019;21;;;10000.0;0.0
sawtooth_volatile_s2;6900;INTARIAN_PEPPER_ROOT;10516;12;10514;22;;;10546;14;10550;14;;;10531.0;0.0
sawtooth_volatile_s2;6900;ASH_COATED_OSMIUM;9990;20;9988;11;;;10008;5;10011;10;;;9999.0;0.0
sawtooth_volatile_s2;7000;INTARIAN_PEPPER_ROOT;10522;13;10520;13;;;10544;13;10548;24;;;10533.0;0.0
sawtooth_volatile_s2;7000;ASH_COATED_OSMIUM;9995;18;9992;16;;;10001;5;10003;23;;;9998.0;0.0
sawtooth_volatile_s2;7100;INTARIAN_PEPPER_ROOT;10529;19;10526;16;;;10533;27;10536;20;;;10531.0;0.0
sawtooth_volatile_s2;7100;ASH_COATED_OSMIUM;10001;11;9998;14;;;10005;5;10008;24;;;10003.0;0.0
sawtooth_volatile_s2;7200;INTARIAN_PEPPER_ROOT;10530;12;10527;26;;;10532;7;10535;18;;;10531.0;0.0
sawtooth_volatile_s2;7200;ASH_COATED_OSMIUM;9995;5;9993;25;;;10019;21;10023;19;;;10007.0;0.0
sawtooth_volatile_s2;7300;INTARIAN_PEPPER_ROOT;10530;16;10526;14;;;10532;11;10536;27;;;10531.0;0.0
sawtooth_volatile_s2;7300;ASH_COATED_OSMIUM;9995;8;9991;18;;;10011;20;10013;27;;;10003.0;0.0
sawtooth_volatile_s2;7400;INTARIAN_PEPPER_ROOT;10516;15;10512;20;;;10550;12;10553;16;;;10533.0;0.0
sawtooth_volatile_s2;7400;ASH_COATED_OSMIUM;9986;11;9983;24;;;10018;11;10022;15;;;10002.0;0.0
sawtooth_volatile_s2;7500;INTARIAN_PEPPER_ROOT;10528;15;10526;16;;;10544;14;10546;25;;;10536.0;0.0
sawtooth_volatile_s2;7500;ASH_COATED_OSMIUM;10004;7;10002;14;;;10012;8;10014;13;;;10008.0;0.0
sawtooth_volatile_s2;7600;INTARIAN_PEPPER_ROOT;10535;11;10532;20;;;10537;21;10541;18;;;10536.0;0.0
sawtooth_volatile_s2;7600;ASH_COATED_OSMIUM;10008;16;10004;22;;;10010;17;10014;14;;;10009.0;0.0
sawtooth_volatile_s2;7700;INTARIAN_PEPPER_ROOT;10533;19;10531;16;;;10535;10;10537;17;;;10534.0;0.0
sawtooth_volatile_s2;7700;ASH_COATED_OSMIUM;10008;6;10005;23;;;10012;18;10016;20;;;10010.0;0.0
sawtooth_volatile_s2;7800;INTARIAN_PEPPER_ROOT;10529;13;10525;19;;;10545;15;10548;12;;;10537.0;0.0
sawtooth_volatile_s2;7800;ASH_COATED_OSMIUM;9998;8;9994;15;;;10020;19;10023;11;;;10009.0;0.0
sawtooth_volatile_s2;7900;INTARIAN_PEPPER_ROOT;10538;22;10534;23;;;10540;19;10543;27;;;10539.0;0.0
sawtooth_volatile_s2;7900;ASH_COATED_OSMIUM;10004;5;10000;15;;;10022;12;10026;20;;;10013.0;0.0
sawtooth_volatile_s2;8000;INTARIAN_PEPPER_ROOT;10537;12;10535;23;;;10541;22;10544;23;;;10539.0;0.0
sawtooth_volatile_s2;8000;ASH_COATED_OSMIUM;10013;12;10009;15;;;10015;9;10019;18;;;10014.0;0.0
sawtooth_volatile_s2;8100;INTARIAN_PEPPER_ROOT;10539;10;10536;25;;;10541;9;10544;15;;;10540.0;0.0
sawtooth_volatile_s2;8100;ASH_COATED_OSMIUM;10001;19;9999;19;;;10023;17;10025;8;;;10012.0;0.0
sawtooth_volatile_s2;8200;INTARIAN_PEPPER_ROOT;10530;16;10526;14;;;10552;11;10556;30;;;10541.0;0.0
sawtooth_volatile_s2;8200;ASH_COATED_OSMIUM;9998;12;9996;11;;;10020;14;10023;28;;;10009.0;0.0
sawtooth_volatile_s2;8300;INTARIAN_PEPPER_ROOT;10538;18;10535;17;;;10548;12;10552;19;;;10543.0;0.0
sawtooth_volatile_s2;8300;ASH_COATED_OSMIUM;9999;12;9997;21;;;10015;12;10018;22;;;10007.0;0.0
sawtooth_volatile_s2;8400;INTARIAN_PEPPER_ROOT;10526;25;10523;18;;;10562;18;10564;19;;;10544.0;0.0
sawtooth_volatile_s2;8400;ASH_COATED_OSMIUM;10000;17;9998;17;;;10010;13;10012;16;;;10005.0;0.0
sawtooth_volatile_s2;8500;INTARIAN_PEPPER_ROOT;10546;20;10544;8;;;10548;20;10550;20;;;10547.0;0.0
sawtooth_volatile_s2;8500;ASH_COATED_OSMIUM;10002;7;9999;22;;;10010;19;10013;14;;;10006.0;0.0
sawtooth_volatile_s2;8600;INTARIAN_PEPPER_ROOT;10543;14;10539;19;;;10545;12;10547;23;;;10544.0;0.0
sawtooth_volatile_s2;8600;ASH_COATED_OSMIUM;9987;10;9984;24;;;10027;11;10029;19;;;10007.0;0.0
sawtooth_volatile_s2;8700;INTARIAN_PEPPER_ROOT;10547;7;10545;18;;;10549;7;10553;24;;;10548.0;0.0
sawtooth_volatile_s2;8700;ASH_COATED_OSMIUM;10008;12;10005;27;;;10014;21;10017;12;;;10011.0;0.0
sawtooth_volatile_s2;8800;INTARIAN_PEPPER_ROOT;10533;11;10529;25;;;10563;8;10565;16;;;10548.0;0.0
sawtooth_volatile_s2;8800;ASH_COATED_OSMIUM;10003;23;9999;14;;;10017;8;10020;13;;;10010.0;0.0
sawtooth_volatile_s2;8900;INTARIAN_PEPPER_ROOT;10535;14;10531;17;;;10563;17;10565;17;;;10549.0;0.0
sawtooth_volatile_s2;8900;ASH_COATED_OSMIUM;10000;5;9997;20;;;10004;12;10006;23;;;10002.0;0.0
sawtooth_volatile_s2;9000;INTARIAN_PEPPER_ROOT;10543;8;10540;20;;;10559;16;10563;14;;;10551.0;0.0
sawtooth_volatile_s2;9000;ASH_COATED_OSMIUM;9997;10;9995;19;;;10017;12;10021;17;;;10007.0;0.0
sawtooth_volatile_s2;9100;INTARIAN_PEPPER_ROOT;10546;18;10544;22;;;10548;21;10552;15;;;10547.0;0.0
sawtooth_volatile_s2;9100;ASH_COATED_OSMIUM;10003;10;9999;19;;;10005;13;10007;22;;;10004.0;0.0
sawtooth_volatile_s2;9200;INTARIAN_PEPPER_ROOT;10538;17;10536;20;;;10562;17;10564;24;;;10550.0;0.0
sawtooth_volatile_s2;9200;ASH_COATED_OSMIUM;10005;15;10002;23;;;10007;14;10009;11;;;10006.0;0.0
sawtooth_volatile_s2;9300;INTARIAN_PEPPER_ROOT;10543;11;10541;23;;;10561;22;10564;12;;;10552.0;0.0
sawtooth_volatile_s2;9300;ASH_COATED_OSMIUM;10004;11;10000;24;;;10006;18;10008;31;;;10005.0;0.0
sawtooth_volatile_s2;9400;INTARIAN_PEPPER_ROOT;10550;19;10548;18;;;10552;21;10556;14;;;10551.0;0.0
sawtooth_volatile_s2;9400;ASH_COATED_OSMIUM;10005;18;10001;21;;;10019;6;10023;9;;;10012.0;0.0
sawtooth_volatile_s2;9500;INTARIAN_PEPPER_ROOT;10550;17;10546;18;;;10554;17;10558;20;;;10552.0;0.0
sawtooth_volatile_s2;9500;ASH_COATED_OSMIUM;9995;6;9992;14;;;10035;14;10039;19;;;10015.0;0.0
sawtooth_volatile_s2;9600;INTARIAN_PEPPER_ROOT;10533;20;10529;20;;;10571;6;10574;19;;;10552.0;0.0
sawtooth_volatile_s2;9600;ASH_COATED_OSMIUM;10011;8;10007;19;;;10023;9;10025;23;;;10017.0;0.0
sawtooth_volatile_s2;9700;INTARIAN_PEPPER_ROOT;10542;14;10538;17;;;10572;14;10575;15;;;10557.0;0.0
sawtooth_volatile_s2;9700;ASH_COATED_OSMIUM;10009;10;10007;24;;;10021;11;10023;20;;;10015.0;0.0
sawtooth_volatile_s2;9800;INTARIAN_PEPPER_ROOT;10553;16;10549;23;;;10565;6;10567;21;;;10559.0;0.0
sawtooth_volatile_s2;9800;ASH_COATED_OSMIUM;10007;12;10004;21;;;10015;19;10017;15;;;10011.0;0.0
sawtooth_volatile_s2;9900;INTARIAN_PEPPER_ROOT;10525;17;10523;16;;;10597;13;10599;21;;;10561.0;0.0
sawtooth_volatile_s2;9900;ASH_COATED_OSMIUM;10001;17;9999;18;;;10013;5;10016;11;;;10007.0;0.0
sawtooth_volatile_s2;10000;INTARIAN_PEPPER_ROOT;10560;18;10558;20;;;10562;18;10565;28;;;10561.0;0.0
sawtooth_volatile_s2;10000;ASH_COATED_OSMIUM;9996;5;9993;12;;;10010;17;10014;21;;;10003.0;0.0
sawtooth_volatile_s2;10100;INTARIAN_PEPPER_ROOT;10558;13;10554;22;;;10562;15;10566;14;;;10560.0;0.0
sawtooth_volatile_s2;10100;ASH_COATED_OSMIUM;9999;23;9996;21;;;10009;14;10012;15;;;10004.0;0.0
sawtooth_volatile_s2;10200;INTARIAN_PEPPER_ROOT;10559;10;10556;31;;;10561;22;10565;12;;;10560.0;0.0
sawtooth_volatile_s2;10200;ASH_COATED_OSMIUM;9996;20;9994;13;;;10016;5;10018;21;;;10006.0;0.0
sawtooth_volatile_s2;10300;INTARIAN_PEPPER_ROOT;10557;12;10554;20;;;10565;18;10568;22;;;10561.0;0.0
sawtooth_volatile_s2;10300;ASH_COATED_OSMIUM;9989;13;9987;25;;;10017;15;10021;25;;;10003.0;0.0
sawtooth_volatile_s2;10400;INTARIAN_PEPPER_ROOT;10554;22;10552;22;;;10566;15;10570;8;;;10560.0;0.0
sawtooth_volatile_s2;10400;ASH_COATED_OSMIUM;10002;9;9999;24;;;10014;5;10018;21;;;10008.0;0.0
sawtooth_volatile_s2;10500;INTARIAN_PEPPER_ROOT;10559;12;10556;19;;;10561;17;10565;25;;;10560.0;0.0
sawtooth_volatile_s2;10500;ASH_COATED_OSMIUM;10001;9;9999;18;;;10017;14;10019;8;;;10009.0;0.0
sawtooth_volatile_s2;10600;INTARIAN_PEPPER_ROOT;10559;15;10556;12;;;10561;8;10564;16;;;10560.0;0.0
sawtooth_volatile_s2;10600;ASH_COATED_OSMIUM;9989;12;9986;16;;;10029;15;10033;22;;;10009.0;0.0
sawtooth_volatile_s2;10700;INTARIAN_PEPPER_ROOT;10555;15;10552;11;;;10563;17;10565;15;;;10559.0;0.0
sawtooth_volatile_s2;10700;ASH_COATED_OSMIUM;10011;23;10007;16;;;10015;9;10019;21;;;10013.0;0.0
sawtooth_volatile_s2;10800;INTARIAN_PEPPER_ROOT;10556;20;10552;23;;;10562;14;10566;14;;;10559.0;0.0
sawtooth_volatile_s2;10800;ASH_COATED_OSMIUM;10011;14;10009;14;;;10017;13;10020;15;;;10014.0;0.0
sawtooth_volatile_s2;10900;INTARIAN_PEPPER_ROOT;10544;18;10541;21;;;10572;20;10574;20;;;10558.0;0.0
sawtooth_volatile_s2;10900;ASH_COATED_OSMIUM;9977;9;9975;14;;;10063;5;10066;20;;;10020.0;0.0
sawtooth_volatile_s2;11000;INTARIAN_PEPPER_ROOT;10555;13;10553;18;;;10571;7;10574;26;;;10563.0;0.0
sawtooth_volatile_s2;11000;ASH_COATED_OSMIUM;10001;13;9997;9;;;10033;7;10037;21;;;10017.0;0.0
sawtooth_volatile_s2;11100;INTARIAN_PEPPER_ROOT;10554;12;10550;22;;;10568;17;10571;23;;;10561.0;0.0
sawtooth_volatile_s2;11100;ASH_COATED_OSMIUM;10015;8;10011;20;;;10025;5;10028;29;;;10020.0;0.0
sawtooth_volatile_s2;11200;INTARIAN_PEPPER_ROOT;10556;11;10554;30;;;10564;6;10567;26;;;10560.0;0.0
sawtooth_volatile_s2;11200;ASH_COATED_OSMIUM;10018;6;10014;24;;;10020;13;10022;19;;;10019.0;0.0
sawtooth_volatile_s2;11300;INTARIAN_PEPPER_ROOT;10561;13;10557;19;;;10563;17;10565;17;;;10562.0;0.0
sawtooth_volatile_s2;11300;ASH_COATED_OSMIUM;10018;10;10015;23;;;10020;11;10022;15;;;10019.0;0.0
sawtooth_volatile_s2;11400;INTARIAN_PEPPER_ROOT;10550;17;10546;21;;;10574;15;10578;25;;;10562.0;0.0
sawtooth_volatile_s2;11400;ASH_COATED_OSMIUM;10014;20;10010;24;;;10030;12;10032;12;;;10022.0;0.0
sawtooth_volatile_s2;11500;INTARIAN_PEPPER_ROOT;10539;9;10535;22;;;10587;17;10591;16;;;10563.0;0.0
sawtooth_volatile_s2;11500;ASH_COATED_OSMIUM;10004;15;10001;16;;;10032;5;10035;19;;;10018.0;0.0
sawtooth_volatile_s2;11600;INTARIAN_PEPPER_ROOT;10547;8;10544;25;;;10583;9;10586;19;;;10565.0;0.0
sawtooth_volatile_s2;11600;ASH_COATED_OSMIUM;10011;11;10007;28;;;10021;21;10024;23;;;10016.0;0.0
sawtooth_volatile_s2;11700;INTARIAN_PEPPER_ROOT;10560;24;10557;19;;;10574;14;10577;18;;;10567.0;0.0
sawtooth_volatile_s2;11700;ASH_COATED_OSMIUM;10009;8;10006;24;;;10023;12;10025;11;;;10016.0;0.0
sawtooth_volatile_s2;11800;INTARIAN_PEPPER_ROOT;10560;16;10557;18;;;10578;12;10581;22;;;10569.0;0.0
sawtooth_volatile_s2;11800;ASH_COATED_OSMIUM;10011;17;10009;19;;;10021;6;10023;16;;;10016.0;0.0
sawtooth_volatile_s2;11900;INTARIAN_PEPPER_ROOT;10567;12;10565;35;;;10569;10;10573;21;;;10568.0;0.0
sawtooth_volatile_s2;11900;ASH_COATED_OSMIUM;10010;14;10008;19;;;10018;9;10020;24;;;10014.0;0.0
sawtooth_volatile_s2;12000;INTARIAN_PEPPER_ROOT;10570;18;10568;23;;;10572;16;10576;22;;;10571.0;0.0
sawtooth_volatile_s2;12000;ASH_COATED_OSMIUM;10017;10;10014;24;;;10019;16;10023;21;;;10018.0;0.0
sawtooth_volatile_s2;12100;INTARIAN_PEPPER_ROOT;10562;5;10560;26;;;10576;5;10580;18;;;10569.0;0.0
sawtooth_volatile_s2;12100;ASH_COATED_OSMIUM;10016;16;10014;13;;;10018;12;10022;20;;;10017.0;0.0
sawtooth_volatile_s2;12200;INTARIAN_PEPPER_ROOT;10568;19;10566;26;;;10570;13;10573;22;;;10569.0;0.0
sawtooth_volatile_s2;12200;ASH_COATED_OSMIUM;10014;14;10012;16;;;10018;10;10022;24;;;10016.0;0.0
sawtooth_volatile_s2;12300;INTARIAN_PEPPER_ROOT;10566;18;10563;26;;;10570;13;10572;19;;;10568.0;0.0
sawtooth_volatile_s2;12300;ASH_COATED_OSMIUM;10014;6;10012;20;;;10026;5;10029;23;;;10020.0;0.0
sawtooth_volatile_s2;12400;INTARIAN_PEPPER_ROOT;10567;7;10564;21;;;10569;7;10571;27;;;10568.0;0.0
sawtooth_volatile_s2;12400;ASH_COATED_OSMIUM;10000;14;9998;27;;;10032;8;10036;23;;;10016.0;0.0
sawtooth_volatile_s2;12500;INTARIAN_PEPPER_ROOT;10554;12;10552;12;;;10584;19;10587;22;;;10569.0;0.0
sawtooth_volatile_s2;12500;ASH_COATED_OSMIUM;9983;14;9979;17;;;10031;6;10034;25;;;10007.0;0.0
sawtooth_volatile_s2;12600;INTARIAN_PEPPER_ROOT;10566;11;10564;22;;;10574;5;10578;18;;;10570.0;0.0
sawtooth_volatile_s2;12600;ASH_COATED_OSMIUM;10006;5;10003;34;;;10012;19;10014;22;;;10009.0;0.0
sawtooth_volatile_s2;12700;INTARIAN_PEPPER_ROOT;10565;12;10561;14;;;10579;21;10583;20;;;10572.0;0.0
sawtooth_volatile_s2;12700;ASH_COATED_OSMIUM;10004;13;10001;14;;;10006;15;10010;25;;;10005.0;0.0
sawtooth_volatile_s2;12800;INTARIAN_PEPPER_ROOT;10566;11;10562;21;;;10576;18;10580;20;;;10571.0;0.0
sawtooth_volatile_s2;12800;ASH_COATED_OSMIUM;10000;12;9998;31;;;10008;17;10010;21;;;10004.0;0.0
sawtooth_volatile_s2;12900;INTARIAN_PEPPER_ROOT;10555;14;10551;22;;;10589;14;10593;18;;;10572.0;0.0
sawtooth_volatile_s2;12900;ASH_COATED_OSMIUM;10002;5;9999;22;;;10004;5;10006;20;;;10003.0;0.0
sawtooth_volatile_s2;13000;INTARIAN_PEPPER_ROOT;10573;14;10571;22;;;10575;23;10578;8;;;10574.0;0.0
sawtooth_volatile_s2;13000;ASH_COATED_OSMIUM;9996;12;9994;11;;;10008;15;10010;15;;;10002.0;0.0
sawtooth_volatile_s2;13100;INTARIAN_PEPPER_ROOT;10570;15;10568;20;;;10580;17;10583;21;;;10575.0;0.0
sawtooth_volatile_s2;13100;ASH_COATED_OSMIUM;10001;11;9997;24;;;10005;5;10009;17;;;10003.0;0.0
sawtooth_volatile_s2;13200;INTARIAN_PEPPER_ROOT;10570;19;10566;12;;;10576;18;10578;23;;;10573.0;0.0
sawtooth_volatile_s2;13200;ASH_COATED_OSMIUM;10002;13;9998;18;;;10004;11;10007;16;;;10003.0;0.0
sawtooth_volatile_s2;13300;INTARIAN_PEPPER_ROOT;10567;17;10565;27;;;10579;19;10583;22;;;10573.0;0.0
sawtooth_volatile_s2;13300;ASH_COATED_OSMIUM;10004;11;10002;19;;;10006;10;10010;18;;;10005.0;0.0
sawtooth_volatile_s2;13400;INTARIAN_PEPPER_ROOT;10559;16;10557;8;;;10583;10;10587;13;;;10571.0;0.0
sawtooth_volatile_s2;13400;ASH_COATED_OSMIUM;9998;19;9995;17;;;10004;8;10006;12;;;10001.0;0.0
sawtooth_volatile_s2;13500;INTARIAN_PEPPER_ROOT;10568;17;10564;11;;;10570;5;10573;21;;;10569.0;0.0
sawtooth_volatile_s2;13500;ASH_COATED_OSMIUM;9980;14;9978;13;;;10034;13;10036;25;;;10007.0;0.0
sawtooth_volatile_s2;13600;INTARIAN_PEPPER_ROOT;10571;11;10569;17;;;10577;19;10580;20;;;10574.0;0.0
sawtooth_volatile_s2;13600;ASH_COATED_OSMIUM;10005;18;10003;20;;;10015;8;10017;22;;;10010.0;0.0
sawtooth_volatile_s2;13700;INTARIAN_PEPPER_ROOT;10575;5;10572;21;;;10579;18;10583;26;;;10577.0;0.0
sawtooth_volatile_s2;13700;ASH_COATED_OSMIUM;9998;17;9995;27;;;10014;7;10017;18;;;10006.0;0.0
sawtooth_volatile_s2;13800;INTARIAN_PEPPER_ROOT;10572;10;10568;25;;;10590;22;10593;21;;;10581.0;0.0
sawtooth_volatile_s2;13800;ASH_COATED_OSMIUM;10008;8;10005;25;;;10014;14;10018;12;;;10011.0;0.0
sawtooth_volatile_s2;13900;INTARIAN_PEPPER_ROOT;10578;18;10576;20;;;10580;9;10583;21;;;10579.0;0.0
sawtooth_volatile_s2;13900;ASH_COATED_OSMIUM;9990;14;9986;12;;;10040;6;10043;8;;;10015.0;0.0
sawtooth_volatile_s2;14000;INTARIAN_PEPPER_ROOT;10570;17;10566;21;;;10594;19;10597;10;;;10582.0;0.0
sawtooth_volatile_s2;14000;ASH_COATED_OSMIUM;10011;10;10009;15;;;10013;16;10017;16;;;10012.0;0.0
sawtooth_volatile_s2;14100;INTARIAN_PEPPER_ROOT;10582;19;10578;17;;;10584;13;10587;29;;;10583.0;0.0
sawtooth_volatile_s2;14100;ASH_COATED_OSMIUM;9999;14;9997;18;;;10027;15;10029;21;;;10013.0;0.0
sawtooth_volatile_s2;14200;INTARIAN_PEPPER_ROOT;10582;16;10578;19;;;10588;7;10590;16;;;10585.0;0.0
sawtooth_volatile_s2;14200;ASH_COATED_OSMIUM;10001;11;9999;8;;;10017;21;10020;13;;;10009.0;0.0
sawtooth_volatile_s2;14300;INTARIAN_PEPPER_ROOT;10574;13;10572;25;;;10596;18;10600;10;;;10585.0;0.0
sawtooth_volatile_s2;14300;ASH_COATED_OSMIUM;10010;8;10006;25;;;10012;13;10014;16;;;10011.0;0.0
sawtooth_volatile_s2;14400;INTARIAN_PEPPER_ROOT;10582;15;10578;17;;;10588;11;10592;14;;;10585.0;0.0
sawtooth_volatile_s2;14400;ASH_COATED_OSMIUM;10006;14;10003;21;;;10018;14;10022;30;;;10012.0;0.0
sawtooth_volatile_s2;14500;INTARIAN_PEPPER_ROOT;10577;16;10573;24;;;10591;15;10593;17;;;10584.0;0.0
sawtooth_volatile_s2;14500;ASH_COATED_OSMIUM;10011;8;10008;20;;;10013;15;10017;21;;;10012.0;0.0
sawtooth_volatile_s2;14600;INTARIAN_PEPPER_ROOT;10577;15;10575;20;;;10593;8;10596;20;;;10585.0;0.0
sawtooth_volatile_s2;14600;ASH_COATED_OSMIUM;10001;8;9999;21;;;10015;17;10019;21;;;10008.0;0.0
sawtooth_volatile_s2;14700;INTARIAN_PEPPER_ROOT;10577;14;10573;18;;;10597;16;10600;19;;;10587.0;0.0
sawtooth_volatile_s2;14700;ASH_COATED_OSMIUM;9999;8;9997;25;;;10009;13;10012;10;;;10004.0;0.0
sawtooth_volatile_s2;14800;INTARIAN_PEPPER_ROOT;10587;16;10584;20;;;10589;16;10591;26;;;10588.0;0.0
sawtooth_volatile_s2;14800;ASH_COATED_OSMIUM;9991;10;9988;16;;;10013;13;10016;18;;;10002.0;0.0
sawtooth_volatile_s2;14900;INTARIAN_PEPPER_ROOT;10587;13;10584;18;;;10591;18;10595;22;;;10589.0;0.0
sawtooth_volatile_s2;14900;ASH_COATED_OSMIUM;10003;12;9999;18;;;10009;5;10013;18;;;10006.0;0.0
sawtooth_volatile_s2;15000;INTARIAN_PEPPER_ROOT;10590;7;10588;14;;;10594;18;10597;18;;;10592.0;0.0
sawtooth_volatile_s2;15000;ASH_COATED_OSMIUM;9996;13;9994;29;;;10018;9;10022;17;;;10007.0;0.0
sawtooth_volatile_s2;15100;INTARIAN_PEPPER_ROOT;10561;21;10557;21;;;10621;13;10624;8;;;10591.0;0.0
sawtooth_volatile_s2;15100;ASH_COATED_OSMIUM;10001;21;9997;17;;;10003;15;10007;17;;;10002.0;0.0
sawtooth_volatile_s2;15200;INTARIAN_PEPPER_ROOT;10590;18;10586;26;;;10592;11;10596;15;;;10591.0;0.0
sawtooth_volatile_s2;15200;ASH_COATED_OSMIUM;9997;9;9994;25;;;10013;13;10015;19;;;10005.0;0.0
sawtooth_volatile_s2;15300;INTARIAN_PEPPER_ROOT;10581;15;10577;17;;;10603;5;10607;11;;;10592.0;0.0
sawtooth_volatile_s2;15300;ASH_COATED_OSMIUM;9987;6;9984;20;;;10021;25;10025;15;;;10004.0;0.0
sawtooth_volatile_s2;15400;INTARIAN_PEPPER_ROOT;10591;15;10588;12;;;10593;13;10595;19;;;10592.0;0.0
sawtooth_volatile_s2;15400;ASH_COATED_OSMIUM;9987;23;9984;21;;;10015;8;10019;16;;;10001.0;0.0
sawtooth_volatile_s2;15500;INTARIAN_PEPPER_ROOT;10589;16;10585;16;;;10593;22;10597;14;;;10591.0;0.0
sawtooth_volatile_s2;15500;ASH_COATED_OSMIUM;9993;11;9991;14;;;10009;5;10013;21;;;10001.0;0.0
sawtooth_volatile_s2;15600;INTARIAN_PEPPER_ROOT;10581;15;10578;20;;;10603;8;10607;11;;;10592.0;0.0
sawtooth_volatile_s2;15600;ASH_COATED_OSMIUM;9980;21;9978;23;;;10014;5;10016;16;;;9997.0;0.0
sawtooth_volatile_s2;15700;INTARIAN_PEPPER_ROOT;10593;14;10590;29;;;10595;18;10597;23;;;10594.0;0.0
sawtooth_volatile_s2;15700;ASH_COATED_OSMIUM;9991;13;9989;17;;;10003;5;10006;28;;;9997.0;0.0
sawtooth_volatile_s2;15800;INTARIAN_PEPPER_ROOT;10594;16;10592;21;;;10596;17;10598;19;;;10595.0;0.0
sawtooth_volatile_s2;15800;ASH_COATED_OSMIUM;10000;8;9997;12;;;10002;19;10004;16;;;10001.0;0.0
sawtooth_volatile_s2;15900;INTARIAN_PEPPER_ROOT;10595;16;10592;24;;;10597;16;10600;22;;;10596.0;0.0
sawtooth_volatile_s2;15900;ASH_COATED_OSMIUM;10002;11;9999;19;;;10012;10;10015;14;;;10007.0;0.0
sawtooth_volatile_s2;16000;INTARIAN_PEPPER_ROOT;10602;21;10600;16;;;10606;20;10608;16;;;10604.0;0.0
sawtooth_volatile_s2;16000;ASH_COATED_OSMIUM;10001;18;9997;20;;;10017;12;10021;18;;;10009.0;0.0
sawtooth_volatile_s2;16100;INTARIAN_PEPPER_ROOT;10594;8;10591;21;;;10616;7;10620;23;;;10605.0;0.0
sawtooth_volatile_s2;16100;ASH_COATED_OSMIUM;9983;9;9980;23;;;10045;11;10049;21;;;10014.0;0.0
sawtooth_volatile_s2;16200;INTARIAN_PEPPER_ROOT;10605;12;10603;24;;;10609;20;10611;11;;;10607.0;0.0
sawtooth_volatile_s2;16200;ASH_COATED_OSMIUM;10016;10;10012;27;;;10018;11;10022;19;;;10017.0;0.0
sawtooth_volatile_s2;16300;INTARIAN_PEPPER_ROOT;10589;14;10587;22;;;10623;14;10625;24;;;10606.0;0.0
sawtooth_volatile_s2;16300;ASH_COATED_OSMIUM;9997;7;9993;24;;;10039;5;10041;28;;;10018.0;0.0
sawtooth_volatile_s2;16400;INTARIAN_PEPPER_ROOT;10603;12;10600;10;;;10611;18;10613;11;;;10607.0;0.0
sawtooth_volatile_s2;16400;ASH_COATED_OSMIUM;10018;5;10016;24;;;10020;11;10022;21;;;10019.0;0.0
sawtooth_volatile_s2;16500;INTARIAN_PEPPER_ROOT;10605;6;10601;18;;;10611;19;10613;19;;;10608.0;0.0
sawtooth_volatile_s2;16500;ASH_COATED_OSMIUM;9997;6;9993;24;;;10031;21;10035;17;;;10014.0;0.0
sawtooth_volatile_s2;16600;INTARIAN_PEPPER_ROOT;10601;21;10597;25;;;10615;10;10619;24;;;10608.0;0.0
sawtooth_volatile_s2;16600;ASH_COATED_OSMIUM;10010;12;10006;21;;;10012;13;10014;17;;;10011.0;0.0
sawtooth_volatile_s2;16700;INTARIAN_PEPPER_ROOT;10605;6;10603;21;;;10611;19;10613;21;;;10608.0;0.0
sawtooth_volatile_s2;16700;ASH_COATED_OSMIUM;10000;15;9998;14;;;10020;19;10024;28;;;10010.0;0.0
sawtooth_volatile_s2;16800;INTARIAN_PEPPER_ROOT;10599;5;10597;22;;;10619;14;10621;14;;;10609.0;0.0
sawtooth_volatile_s2;16800;ASH_COATED_OSMIUM;10012;6;10009;21;;;10014;12;10018;19;;;10013.0;0.0
sawtooth_volatile_s2;16900;INTARIAN_PEPPER_ROOT;10575;9;10573;20;;;10643;13;10646;21;;;10609.0;0.0
sawtooth_volatile_s2;16900;ASH_COATED_OSMIUM;10001;12;9999;12;;;10019;18;10023;22;;;10010.0;0.0
sawtooth_volatile_s2;17000;INTARIAN_PEPPER_ROOT;10607;20;10605;34;;;10611;12;10613;16;;;10609.0;0.0
sawtooth_volatile_s2;17000;ASH_COATED_OSMIUM;9996;15;9992;18;;;10020;14;10022;11;;;10008.0;0.0
sawtooth_volatile_s2;17100;INTARIAN_PEPPER_ROOT;10608;5;10605;24;;;10616;27;10619;25;;;10612.0;0.0
sawtooth_volatile_s2;17100;ASH_COATED_OSMIUM;10004;8;10000;22;;;10006;14;10009;15;;;10005.0;0.0
sawtooth_volatile_s2;17200;INTARIAN_PEPPER_ROOT;10611;9;10609;22;;;10615;20;10618;9;;;10613.0;0.0
sawtooth_volatile_s2;17200;ASH_COATED_OSMIUM;9991;15;9988;21;;;10021;10;10024;18;;;10006.0;0.0
sawtooth_volatile_s2;17300;INTARIAN_PEPPER_ROOT;10614;18;10610;20;;;10616;26;10619;18;;;10615.0;0.0
sawtooth_volatile_s2;17300;ASH_COATED_OSMIUM;9992;19;9990;27;;;10018;16;10021;15;;;10005.0;0.0
sawtooth_volatile_s2;17400;INTARIAN_PEPPER_ROOT;10612;17;10609;25;;;10620;6;10622;11;;;10616.0;0.0
sawtooth_volatile_s2;17400;ASH_COATED_OSMIUM;9978;16;9976;17;;;10034;16;10038;26;;;10006.0;0.0
sawtooth_volatile_s2;17500;INTARIAN_PEPPER_ROOT;10614;9;10611;15;;;10620;15;10624;24;;;10617.0;0.0
sawtooth_volatile_s2;17500;ASH_COATED_OSMIUM;10009;15;10007;19;;;10011;23;10013;17;;;10010.0;0.0
sawtooth_volatile_s2;17600;INTARIAN_PEPPER_ROOT;10610;13;10606;20;;;10628;5;10631;10;;;10619.0;0.0
sawtooth_volatile_s2;17600;ASH_COATED_OSMIUM;10008;14;10006;15;;;10010;10;10012;19;;;10009.0;0.0
sawtooth_volatile_s2;17700;INTARIAN_PEPPER_ROOT;10614;19;10611;20;;;10626;7;10628;17;;;10620.0;0.0
sawtooth_volatile_s2;17700;ASH_COATED_OSMIUM;10005;13;10001;20;;;10009;14;10012;22;;;10007.0;0.0
sawtooth_volatile_s2;17800;INTARIAN_PEPPER_ROOT;10616;12;10613;23;;;10620;13;10624;26;;;10618.0;0.0
sawtooth_volatile_s2;17800;ASH_COATED_OSMIUM;9993;12;9989;22;;;10013;20;10017;21;;;10003.0;0.0
sawtooth_volatile_s2;17900;INTARIAN_PEPPER_ROOT;10613;16;10609;15;;;10625;10;10628;19;;;10619.0;0.0
sawtooth_volatile_s2;17900;ASH_COATED_OSMIUM;9999;5;9996;15;;;10009;19;10012;21;;;10004.0;0.0
sawtooth_volatile_s2;18000;INTARIAN_PEPPER_ROOT;10605;13;10603;19;;;10633;21;10635;22;;;10619.0;0.0
sawtooth_volatile_s2;18000;ASH_COATED_OSMIUM;10003;13;9999;14;;;10005;9;10009;18;;;10004.0;0.0
sawtooth_volatile_s2;18100;INTARIAN_PEPPER_ROOT;10615;17;10611;21;;;10627;17;10630;9;;;10621.0;0.0
sawtooth_volatile_s2;18100;ASH_COATED_OSMIUM;9990;17;9988;10;;;10022;14;10026;18;;;10006.0;0.0
sawtooth_volatile_s2;18200;INTARIAN_PEPPER_ROOT;10619;8;10617;19;;;10627;14;10629;18;;;10623.0;0.0
sawtooth_volatile_s2;18200;ASH_COATED_OSMIUM;9999;16;9997;25;;;10001;9;10003;27;;;10000.0;0.0
sawtooth_volatile_s2;18300;INTARIAN_PEPPER_ROOT;10610;7;10608;11;;;10640;16;10644;20;;;10625.0;0.0
sawtooth_volatile_s2;18300;ASH_COATED_OSMIUM;9993;9;9989;25;;;10015;6;10019;24;;;10004.0;0.0
sawtooth_volatile_s2;18400;INTARIAN_PEPPER_ROOT;10592;11;10590;30;;;10656;22;10660;14;;;10624.0;0.0
sawtooth_volatile_s2;18400;ASH_COATED_OSMIUM;10006;14;10002;22;;;10008;8;10010;28;;;10007.0;0.0
sawtooth_volatile_s2;18500;INTARIAN_PEPPER_ROOT;10615;24;10611;17;;;10631;18;10635;21;;;10623.0;0.0
sawtooth_volatile_s2;18500;ASH_COATED_OSMIUM;9997;5;9993;14;;;10003;8;10006;14;;;10000.0;0.0
sawtooth_volatile_s2;18600;INTARIAN_PEPPER_ROOT;10617;17;10615;26;;;10627;15;10630;29;;;10622.0;0.0
sawtooth_volatile_s2;18600;ASH_COATED_OSMIUM;9997;12;9995;18;;;10005;13;10009;26;;;10001.0;0.0
sawtooth_volatile_s2;18700;INTARIAN_PEPPER_ROOT;10621;16;10618;18;;;10629;13;10632;20;;;10625.0;0.0
sawtooth_volatile_s2;18700;ASH_COATED_OSMIUM;9999;14;9996;20;;;10009;10;10013;27;;;10004.0;0.0
sawtooth_volatile_s2;18800;INTARIAN_PEPPER_ROOT;10611;18;10608;15;;;10641;8;10643;26;;;10626.0;0.0
sawtooth_volatile_s2;18800;ASH_COATED_OSMIUM;9992;16;9990;26;;;10020;18;10022;19;;;10006.0;0.0
sawtooth_volatile_s2;18900;INTARIAN_PEPPER_ROOT;10621;19;10619;24;;;10635;18;10637;27;;;10628.0;0.0
sawtooth_volatile_s2;18900;ASH_COATED_OSMIUM;9999;13;9995;17;;;10013;18;10017;19;;;10006.0;0.0
sawtooth_volatile_s2;19000;INTARIAN_PEPPER_ROOT;10628;12;10625;26;;;10632;17;10636;12;;;10630.0;0.0
sawtooth_volatile_s2;19000;ASH_COATED_OSMIUM;9984;14;9981;15;;;10014;19;10017;14;;;9999.0;0.0
sawtooth_volatile_s2;19100;INTARIAN_PEPPER_ROOT;10630;18;10626;25;;;10632;17;10635;17;;;10631.0;0.0
sawtooth_volatile_s2;19100;ASH_COATED_OSMIUM;9992;20;9990;24;;;10002;18;10004;19;;;9997.0;0.0
sawtooth_volatile_s2;19200;INTARIAN_PEPPER_ROOT;10626;9;10622;20;;;10632;14;10635;21;;;10629.0;0.0
sawtooth_volatile_s2;19200;ASH_COATED_OSMIUM;9992;19;9990;20;;;9994;16;9997;15;;;9993.0;0.0
sawtooth_volatile_s2;19300;INTARIAN_PEPPER_ROOT;10628;9;10625;23;;;10632;26;10635;29;;;10630.0;0.0
sawtooth_volatile_s2;19300;ASH_COATED_OSMIUM;9978;10;9975;23;;;10006;11;10010;11;;;9992.0;0.0
sawtooth_volatile_s2;19400;INTARIAN_PEPPER_ROOT;10627;16;10624;21;;;10633;12;10637;23;;;10630.0;0.0
sawtooth_volatile_s2;19400;ASH_COATED_OSMIUM;9979;7;9976;16;;;10007;24;10010;18;;;9993.0;0.0
sawtooth_volatile_s2;19500;INTARIAN_PEPPER_ROOT;10624;13;10621;17;;;10640;21;10643;18;;;10632.0;0.0
sawtooth_volatile_s2;19500;ASH_COATED_OSMIUM;9993;5;9990;15;;;9997;21;9999;17;;;9995.0;0.0
sawtooth_volatile_s2;19600;INTARIAN_PEPPER_ROOT;10631;19;10627;22;;;10637;18;10641;18;;;10634.0;0.0
sawtooth_volatile_s2;19600;ASH_COATED_OSMIUM;9983;11;9979;23;;;10021;16;10023;28;;;10002.0;0.0
sawtooth_volatile_s2;19700;INTARIAN_PEPPER_ROOT;10630;9;10628;22;;;10636;13;10639;19;;;10633.0;0.0
sawtooth_volatile_s2;19700;ASH_COATED_OSMIUM;9995;11;9992;23;;;10011;15;10014;21;;;10003.0;0.0
sawtooth_volatile_s2;19800;INTARIAN_PEPPER_ROOT;10621;25;10617;23;;;10649;5;10652;12;;;10635.0;0.0
sawtooth_volatile_s2;19800;ASH_COATED_OSMIUM;10005;22;10003;25;;;10007;12;10009;22;;;10006.0;0.0
sawtooth_volatile_s2;19900;INTARIAN_PEPPER_ROOT;10635;17;10633;21;;;10639;11;10643;24;;;10637.0;0.0
sawtooth_volatile_s2;19900;ASH_COATED_OSMIUM;10002;5;10000;20;;;10004;17;10007;26;;;10003.0;0.0
sawtooth_volatile_s2;20000;INTARIAN_PEPPER_ROOT;10635;18;10633;18;;;10637;15;10641;13;;;10636.0;0.0
sawtooth_volatile_s2;20000;ASH_COATED_OSMIUM;9997;12;9993;18;;;9999;16;10003;15;;;9998.0;0.0
sawtooth_volatile_s2;20100;INTARIAN_PEPPER_ROOT;10618;8;10615;13;;;10654;15;10657;15;;;10636.0;0.0
sawtooth_volatile_s2;20100;ASH_COATED_OSMIUM;9975;12;9971;17;;;10017;17;10021;20;;;9996.0;0.0
sawtooth_volatile_s2;20200;INTARIAN_PEPPER_ROOT;10617;9;10614;16;;;10651;6;10654;19;;;10634.0;0.0
sawtooth_volatile_s2;20200;ASH_COATED_OSMIUM;9992;11;9989;16;;;10006;10;10010;12;;;9999.0;0.0
sawtooth_volatile_s2;20300;INTARIAN_PEPPER_ROOT;10632;23;10628;25;;;10638;11;10641;17;;;10635.0;0.0
sawtooth_volatile_s2;20300;ASH_COATED_OSMIUM;9951;12;9947;24;;;10041;18;10045;24;;;9996.0;0.0
sawtooth_volatile_s2;20400;INTARIAN_PEPPER_ROOT;10629;12;10627;13;;;10641;18;10645;22;;;10635.0;0.0
sawtooth_volatile_s2;20400;ASH_COATED_OSMIUM;9986;14;9984;22;;;10010;13;10013;24;;;9998.0;0.0
sawtooth_volatile_s2;20500;INTARIAN_PEPPER_ROOT;10622;13;10619;18;;;10646;16;10650;19;;;10634.0;0.0
sawtooth_volatile_s2;20500;ASH_COATED_OSMIUM;9997;17;9993;17;;;9999;7;10003;19;;;9998.0;0.0
sawtooth_volatile_s2;20600;INTARIAN_PEPPER_ROOT;10632;23;10630;27;;;10636;10;10639;14;;;10634.0;0.0
sawtooth_volatile_s2;20600;ASH_COATED_OSMIUM;9962;15;9960;20;;;10034;16;10036;24;;;9998.0;0.0
sawtooth_volatile_s2;20700;INTARIAN_PEPPER_ROOT;10616;13;10614;23;;;10652;23;10654;22;;;10634.0;0.0
sawtooth_volatile_s2;20700;ASH_COATED_OSMIUM;9997;14;9994;12;;;10003;12;10007;19;;;10000.0;0.0
sawtooth_volatile_s2;20800;INTARIAN_PEPPER_ROOT;10626;14;10624;18;;;10644;22;10647;23;;;10635.0;0.0
sawtooth_volatile_s2;20800;ASH_COATED_OSMIUM;9991;14;9987;24;;;10001;14;10003;15;;;9996.0;0.0
sawtooth_volatile_s2;20900;INTARIAN_PEPPER_ROOT;10635;13;10632;17;;;10637;14;10639;22;;;10636.0;0.0
sawtooth_volatile_s2;20900;ASH_COATED_OSMIUM;9990;7;9987;16;;;10006;16;10010;20;;;9998.0;0.0
sawtooth_volatile_s2;21000;INTARIAN_PEPPER_ROOT;10632;11;10628;17;;;10642;18;10645;16;;;10637.0;0.0
sawtooth_volatile_s2;21000;ASH_COATED_OSMIUM;9989;11;9986;15;;;10011;8;10014;12;;;10000.0;0.0
sawtooth_volatile_s2;21100;INTARIAN_PEPPER_ROOT;10634;11;10630;14;;;10638;15;10642;16;;;10636.0;0.0
sawtooth_volatile_s2;21100;ASH_COATED_OSMIUM;9978;8;9976;18;;;10018;12;10020;19;;;9998.0;0.0
sawtooth_volatile_s2;21200;INTARIAN_PEPPER_ROOT;10627;7;10623;21;;;10645;11;10649;19;;;10636.0;0.0
sawtooth_volatile_s2;21200;ASH_COATED_OSMIUM;9995;8;9993;30;;;10001;18;10004;31;;;9998.0;0.0
sawtooth_volatile_s2;21300;INTARIAN_PEPPER_ROOT;10639;9;10635;20;;;10643;5;10647;16;;;10641.0;0.0
sawtooth_volatile_s2;21300;ASH_COATED_OSMIUM;9999;19;9995;20;;;10001;5;10004;16;;;10000.0;0.0
sawtooth_volatile_s2;21400;INTARIAN_PEPPER_ROOT;10640;19;10636;25;;;10642;24;10645;17;;;10641.0;0.0
sawtooth_volatile_s2;21400;ASH_COATED_OSMIUM;9997;14;9995;17;;;10003;13;10005;18;;;10000.0;0.0
sawtooth_volatile_s2;21500;INTARIAN_PEPPER_ROOT;10634;10;10630;15;;;10648;8;10650;19;;;10641.0;0.0
sawtooth_volatile_s2;21500;ASH_COATED_OSMIUM;9987;10;9984;21;;;10009;8;10013;25;;;9998.0;0.0
sawtooth_volatile_s2;21600;INTARIAN_PEPPER_ROOT;10639;21;10635;25;;;10643;11;10645;20;;;10641.0;0.0
sawtooth_volatile_s2;21600;ASH_COATED_OSMIUM;9995;19;9993;23;;;10007;13;10010;15;;;10001.0;0.0
sawtooth_volatile_s2;21700;INTARIAN_PEPPER_ROOT;10631;11;10627;18;;;10649;11;10652;18;;;10640.0;0.0
sawtooth_volatile_s2;21700;ASH_COATED_OSMIUM;9985;18;9981;18;;;10021;13;10023;19;;;10003.0;0.0
sawtooth_volatile_s2;21800;INTARIAN_PEPPER_ROOT;10612;19;10609;25;;;10672;13;10674;20;;;10642.0;0.0
sawtooth_volatile_s2;21800;ASH_COATED_OSMIUM;10001;6;9997;21;;;10003;7;10006;20;;;10002.0;0.0
sawtooth_volatile_s2;21900;INTARIAN_PEPPER_ROOT;10642;11;10640;22;;;10644;20;10647;25;;;10643.0;0.0
sawtooth_volatile_s2;21900;ASH_COATED_OSMIUM;10001;9;9997;16;;;10003;12;10005;11;;;10002.0;0.0
sawtooth_volatile_s2;22000;INTARIAN_PEPPER_ROOT;10643;16;10641;19;;;10649;17;10652;22;;;10646.0;0.0
sawtooth_volatile_s2;22000;ASH_COATED_OSMIUM;9998;5;9994;18;;;10000;13;10004;18;;;9999.0;0.0
sawtooth_volatile_s2;22100;INTARIAN_PEPPER_ROOT;10647;28;10643;24;;;10649;11;10652;21;;;10648.0;0.0
sawtooth_volatile_s2;22100;ASH_COATED_OSMIUM;9990;14;9986;25;;;10012;12;10014;26;;;10001.0;0.0
sawtooth_volatile_s2;22200;INTARIAN_PEPPER_ROOT;10647;26;10645;17;;;10651;24;10654;23;;;10649.0;0.0
sawtooth_volatile_s2;22200;ASH_COATED_OSMIUM;10000;14;9996;31;;;10004;11;10006;14;;;10002.0;0.0
sawtooth_volatile_s2;22300;INTARIAN_PEPPER_ROOT;10647;13;10643;25;;;10655;13;10659;21;;;10651.0;0.0
sawtooth_volatile_s2;22300;ASH_COATED_OSMIUM;10000;14;9997;15;;;10002;11;10005;18;;;10001.0;0.0
sawtooth_volatile_s2;22400;INTARIAN_PEPPER_ROOT;10647;22;10645;13;;;10655;11;10659;11;;;10651.0;0.0
sawtooth_volatile_s2;22400;ASH_COATED_OSMIUM;9999;14;9996;21;;;10001;5;10005;22;;;10000.0;0.0
sawtooth_volatile_s2;22500;INTARIAN_PEPPER_ROOT;10649;18;10647;22;;;10655;20;10658;20;;;10652.0;0.0
sawtooth_volatile_s2;22500;ASH_COATED_OSMIUM;9993;8;9989;16;;;10013;5;10016;31;;;10003.0;0.0
sawtooth_volatile_s2;22600;INTARIAN_PEPPER_ROOT;10634;8;10632;18;;;10668;18;10672;11;;;10651.0;0.0
sawtooth_volatile_s2;22600;ASH_COATED_OSMIUM;9999;12;9997;17;;;10001;13;10005;17;;;10000.0;0.0
sawtooth_volatile_s2;22700;INTARIAN_PEPPER_ROOT;10650;19;10647;21;;;10652;7;10656;20;;;10651.0;0.0
sawtooth_volatile_s2;22700;ASH_COATED_OSMIUM;9997;14;9993;29;;;10007;11;10011;15;;;10002.0;0.0
sawtooth_volatile_s2;22800;INTARIAN_PEPPER_ROOT;10646;9;10644;17;;;10650;11;10653;28;;;10648.0;0.0
sawtooth_volatile_s2;22800;ASH_COATED_OSMIUM;10001;15;9999;18;;;10011;7;10013;18;;;10006.0;0.0
sawtooth_volatile_s2;22900;INTARIAN_PEPPER_ROOT;10650;22;10647;16;;;10652;10;10654;26;;;10651.0;0.0
sawtooth_volatile_s2;22900;ASH_COATED_OSMIUM;9988;12;9984;21;;;10026;10;10029;23;;;10007.0;0.0
sawtooth_volatile_s2;23000;INTARIAN_PEPPER_ROOT;10643;7;10640;21;;;10655;13;10657;16;;;10649.0;0.0
sawtooth_volatile_s2;23000;ASH_COATED_OSMIUM;10007;16;10005;20;;;10013;12;10017;24;;;10010.0;0.0
sawtooth_volatile_s2;23100;INTARIAN_PEPPER_ROOT;10628;12;10625;16;;;10670;9;10674;19;;;10649.0;0.0
sawtooth_volatile_s2;23100;ASH_COATED_OSMIUM;9999;14;9996;28;;;10021;10;10025;26;;;10010.0;0.0
sawtooth_volatile_s2;23200;INTARIAN_PEPPER_ROOT;10647;13;10645;24;;;10649;18;10651;22;;;10648.0;0.0
sawtooth_volatile_s2;23200;ASH_COATED_OSMIUM;10005;8;10002;18;;;10009;9;10011;19;;;10007.0;0.0
sawtooth_volatile_s2;23300;INTARIAN_PEPPER_ROOT;10634;16;10631;8;;;10658;24;10660;17;;;10646.0;0.0
sawtooth_volatile_s2;23300;ASH_COATED_OSMIUM;9992;12;9989;23;;;10022;18;10024;17;;;10007.0;0.0
sawtooth_volatile_s2;23400;INTARIAN_PEPPER_ROOT;10645;11;10642;24;;;10647;9;10650;18;;;10646.0;0.0
sawtooth_volatile_s2;23400;ASH_COATED_OSMIUM;9988;5;9984;19;;;10020;7;10022;26;;;10004.0;0.0
sawtooth_volatile_s2;23500;INTARIAN_PEPPER_ROOT;10625;14;10621;15;;;10667;22;10670;22;;;10646.0;0.0
sawtooth_volatile_s2;23500;ASH_COATED_OSMIUM;10003;5;10000;21;;;10011;9;10014;16;;;10007.0;0.0
sawtooth_volatile_s2;23600;INTARIAN_PEPPER_ROOT;10645;10;10642;19;;;10649;14;10651;13;;;10647.0;0.0
sawtooth_volatile_s2;23600;ASH_COATED_OSMIUM;9972;21;9968;15;;;10032;14;10035;13;;;10002.0;0.0
sawtooth_volatile_s2;23700;INTARIAN_PEPPER_ROOT;10639;11;10636;18;;;10657;9;10659;25;;;10648.0;0.0
sawtooth_volatile_s2;23700;ASH_COATED_OSMIUM;9995;11;9993;21;;;10013;12;10016;26;;;10004.0;0.0
sawtooth_volatile_s2;23800;INTARIAN_PEPPER_ROOT;10641;5;10638;26;;;10655;11;10659;19;;;10648.0;0.0
sawtooth_volatile_s2;23800;ASH_COATED_OSMIUM;10004;15;10001;16;;;10012;9;10015;13;;;10008.0;0.0
sawtooth_volatile_s2;23900;INTARIAN_PEPPER_ROOT;10648;14;10646;20;;;10650;13;10652;28;;;10649.0;0.0
sawtooth_volatile_s2;23900;ASH_COATED_OSMIUM;10007;20;10004;19;;;10009;10;10013;20;;;10008.0;0.0
sawtooth_volatile_s2;24000;INTARIAN_PEPPER_ROOT;10643;22;10640;23;;;10659;17;10663;26;;;10651.0;0.0
sawtooth_volatile_s2;24000;ASH_COATED_OSMIUM;10009;15;10005;25;;;10011;6;10014;23;;;10010.0;0.0
sawtooth_volatile_s2;24100;INTARIAN_PEPPER_ROOT;10649;9;10646;12;;;10653;17;10656;22;;;10651.0;0.0
sawtooth_volatile_s2;24100;ASH_COATED_OSMIUM;10007;13;10004;17;;;10009;10;10012;22;;;10008.0;0.0
sawtooth_volatile_s2;24200;INTARIAN_PEPPER_ROOT;10650;15;10647;22;;;10652;14;10654;14;;;10651.0;0.0
sawtooth_volatile_s2;24200;ASH_COATED_OSMIUM;10006;21;10002;15;;;10010;15;10012;11;;;10008.0;0.0
sawtooth_volatile_s2;24300;INTARIAN_PEPPER_ROOT;10645;14;10641;16;;;10659;17;10663;17;;;10652.0;0.0
sawtooth_volatile_s2;24300;ASH_COATED_OSMIUM;9996;9;9992;20;;;10014;5;10016;24;;;10005.0;0.0
sawtooth_volatile_s2;24400;INTARIAN_PEPPER_ROOT;10644;13;10640;15;;;10662;15;10666;10;;;10653.0;0.0
sawtooth_volatile_s2;24400;ASH_COATED_OSMIUM;10006;11;10004;18;;;10018;6;10021;13;;;10012.0;0.0
sawtooth_volatile_s2;24500;INTARIAN_PEPPER_ROOT;10649;14;10646;20;;;10659;15;10662;23;;;10654.0;0.0
sawtooth_volatile_s2;24500;ASH_COATED_OSMIUM;9989;15;9985;19;;;10041;8;10045;13;;;10015.0;0.0
sawtooth_volatile_s2;24600;INTARIAN_PEPPER_ROOT;10650;5;10647;21;;;10652;21;10656;16;;;10651.0;0.0
sawtooth_volatile_s2;24600;ASH_COATED_OSMIUM;9999;5;9995;16;;;10027;16;10031;8;;;10013.0;0.0
sawtooth_volatile_s2;24700;INTARIAN_PEPPER_ROOT;10650;24;10648;24;;;10652;14;10655;21;;;10651.0;0.0
sawtooth_volatile_s2;24700;ASH_COATED_OSMIUM;10017;10;10014;13;;;10019;14;10022;27;;;10018.0;0.0
sawtooth_volatile_s2;24800;INTARIAN_PEPPER_ROOT;10650;14;10646;18;;;10656;19;10658;16;;;10653.0;0.0
sawtooth_volatile_s2;24800;ASH_COATED_OSMIUM;9994;10;9992;20;;;10040;10;10043;24;;;10017.0;0.0
sawtooth_volatile_s2;24900;INTARIAN_PEPPER_ROOT;10645;21;10641;23;;;10661;11;10664;20;;;10653.0;0.0
sawtooth_volatile_s2;24900;ASH_COATED_OSMIUM;10010;21;10008;28;;;10026;15;10029;23;;;10018.0;0.0
sawtooth_volatile_s2;25000;INTARIAN_PEPPER_ROOT;10649;27;10645;14;;;10659;16;10663;29;;;10654.0;0.0
sawtooth_volatile_s2;25000;ASH_COATED_OSMIUM;10011;9;10007;12;;;10029;13;10032;18;;;10020.0;0.0
sawtooth_volatile_s2;25100;INTARIAN_PEPPER_ROOT;10651;16;10649;25;;;10665;15;10669;14;;;10658.0;0.0
sawtooth_volatile_s2;25100;ASH_COATED_OSMIUM;10025;17;10021;22;;;10027;9;10029;15;;;10026.0;0.0
sawtooth_volatile_s2;25200;INTARIAN_PEPPER_ROOT;10655;16;10652;13;;;10663;5;10667;12;;;10659.0;0.0
sawtooth_volatile_s2;25200;ASH_COATED_OSMIUM;10025;5;10023;9;;;10027;19;10029;11;;;10026.0;0.0
sawtooth_volatile_s2;25300;INTARIAN_PEPPER_ROOT;10654;10;10650;21;;;10666;14;10668;16;;;10660.0;0.0
sawtooth_volatile_s2;25300;ASH_COATED_OSMIUM;10024;9;10020;16;;;10026;6;10029;20;;;10025.0;0.0
sawtooth_volatile_s2;25400;INTARIAN_PEPPER_ROOT;10651;11;10649;23;;;10669;11;10673;14;;;10660.0;0.0
sawtooth_volatile_s2;25400;ASH_COATED_OSMIUM;10018;15;10014;27;;;10024;15;10027;22;;;10021.0;0.0
sawtooth_volatile_s2;25500;INTARIAN_PEPPER_ROOT;10647;5;10643;21;;;10671;16;10674;15;;;10659.0;0.0
sawtooth_volatile_s2;25500;ASH_COATED_OSMIUM;10021;9;10018;20;;;10031;10;10033;21;;;10026.0;0.0
sawtooth_volatile_s2;25600;INTARIAN_PEPPER_ROOT;10656;17;10653;18;;;10662;15;10666;22;;;10659.0;0.0
sawtooth_volatile_s2;25600;ASH_COATED_OSMIUM;10026;22;10023;13;;;10034;8;10037;20;;;10030.0;0.0
sawtooth_volatile_s2;25700;INTARIAN_PEPPER_ROOT;10650;7;10648;23;;;10666;7;10669;21;;;10658.0;0.0
sawtooth_volatile_s2;25700;ASH_COATED_OSMIUM;10024;10;10020;13;;;10028;5;10030;19;;;10026.0;0.0
sawtooth_volatile_s2;25800;INTARIAN_PEPPER_ROOT;10655;24;10652;17;;;10663;17;10665;15;;;10659.0;0.0
sawtooth_volatile_s2;25800;ASH_COATED_OSMIUM;10017;19;10014;20;;;10023;14;10027;32;;;10020.0;0.0
sawtooth_volatile_s2;25900;INTARIAN_PEPPER_ROOT;10656;10;10653;8;;;10660;6;10663;14;;;10658.0;0.0
sawtooth_volatile_s2;25900;ASH_COATED_OSMIUM;10022;17;10020;22;;;10028;9;10031;12;;;10025.0;0.0
sawtooth_volatile_s2;26000;INTARIAN_PEPPER_ROOT;10657;19;10654;27;;;10659;5;10661;15;;;10658.0;0.0
sawtooth_volatile_s2;26000;ASH_COATED_OSMIUM;10018;13;10014;12;;;10020;19;10022;25;;;10019.0;0.0
sawtooth_volatile_s2;26100;INTARIAN_PEPPER_ROOT;10656;18;10653;22;;;10658;14;10661;21;;;10657.0;0.0
sawtooth_volatile_s2;26100;ASH_COATED_OSMIUM;10013;26;10009;21;;;10019;17;10021;22;;;10016.0;0.0
sawtooth_volatile_s2;26200;INTARIAN_PEPPER_ROOT;10643;18;10641;16;;;10667;9;10671;21;;;10655.0;0.0
sawtooth_volatile_s2;26200;ASH_COATED_OSMIUM;10015;6;10012;17;;;10017;15;10021;23;;;10016.0;0.0
sawtooth_volatile_s2;26300;INTARIAN_PEPPER_ROOT;10651;16;10647;24;;;10657;9;10660;19;;;10654.0;0.0
sawtooth_volatile_s2;26300;ASH_COATED_OSMIUM;10016;10;10012;16;;;10020;16;10023;19;;;10018.0;0.0
sawtooth_volatile_s2;26400;INTARIAN_PEPPER_ROOT;10645;12;10642;26;;;10661;14;10663;17;;;10653.0;0.0
sawtooth_volatile_s2;26400;ASH_COATED_OSMIUM;10017;7;10015;21;;;10027;24;10030;13;;;10022.0;0.0
sawtooth_volatile_s2;26500;INTARIAN_PEPPER_ROOT;10650;10;10648;19;;;10656;14;10659;24;;;10653.0;0.0
sawtooth_volatile_s2;26500;ASH_COATED_OSMIUM;10013;13;10011;26;;;10017;12;10020;22;;;10015.0;0.0
sawtooth_volatile_s2;26600;INTARIAN_PEPPER_ROOT;10650;20;10646;25;;;10656;12;10659;18;;;10653.0;0.0
sawtooth_volatile_s2;26600;ASH_COATED_OSMIUM;10022;5;10018;15;;;10024;17;10027;27;;;10023.0;0.0
sawtooth_volatile_s2;26700;INTARIAN_PEPPER_ROOT;10649;14;10646;23;;;10657;15;10659;19;;;10653.0;0.0
sawtooth_volatile_s2;26700;ASH_COATED_OSMIUM;10023;15;10020;17;;;10025;11;10028;20;;;10024.0;0.0
sawtooth_volatile_s2;26800;INTARIAN_PEPPER_ROOT;10645;24;10642;20;;;10667;14;10671;26;;;10656.0;0.0
sawtooth_volatile_s2;26800;ASH_COATED_OSMIUM;10007;5;10003;27;;;10027;19;10030;16;;;10017.0;0.0
sawtooth_volatile_s2;26900;INTARIAN_PEPPER_ROOT;10649;10;10645;11;;;10667;15;10669;14;;;10658.0;0.0
sawtooth_volatile_s2;26900;ASH_COATED_OSMIUM;10009;7;10006;27;;;10017;20;10020;29;;;10013.0;0.0
sawtooth_volatile_s2;27000;INTARIAN_PEPPER_ROOT;10659;17;10655;15;;;10661;26;10663;16;;;10660.0;0.0
sawtooth_volatile_s2;27000;ASH_COATED_OSMIUM;10008;5;10004;19;;;10010;8;10012;25;;;10009.0;0.0
sawtooth_volatile_s2;27100;INTARIAN_PEPPER_ROOT;10658;9;10654;25;;;10662;21;10664;20;;;10660.0;0.0
sawtooth_volatile_s2;27100;ASH_COATED_OSMIUM;10000;17;9996;17;;;10018;6;10022;16;;;10009.0;0.0
sawtooth_volatile_s2;27200;INTARIAN_PEPPER_ROOT;10640;5;10636;18;;;10684;14;10686;29;;;10662.0;0.0
sawtooth_volatile_s2;27200;ASH_COATED_OSMIUM;10010;16;10007;22;;;10014;5;10016;20;;;10012.0;0.0
sawtooth_volatile_s2;27300;INTARIAN_PEPPER_ROOT;10660;7;10657;23;;;10662;11;10666;30;;;10661.0;0.0
sawtooth_volatile_s2;27300;ASH_COATED_OSMIUM;10009;18;10007;14;;;10019;8;10021;21;;;10014.0;0.0
sawtooth_volatile_s2;27400;INTARIAN_PEPPER_ROOT;10643;11;10640;17;;;10673;8;10677;18;;;10658.0;0.0
sawtooth_volatile_s2;27400;ASH_COATED_OSMIUM;10004;14;10001;22;;;10028;8;10030;17;;;10016.0;0.0
sawtooth_volatile_s2;27500;INTARIAN_PEPPER_ROOT;10657;14;10653;15;;;10663;18;10666;20;;;10660.0;0.0
sawtooth_volatile_s2;27500;ASH_COATED_OSMIUM;10014;6;10011;23;;;10016;16;10019;14;;;10015.0;0.0
sawtooth_volatile_s2;27600;INTARIAN_PEPPER_ROOT;10657;19;10653;21;;;10663;11;10665;19;;;10660.0;0.0
sawtooth_volatile_s2;27600;ASH_COATED_OSMIUM;10014;8;10012;15;;;10018;15;10022;18;;;10016.0;0.0
sawtooth_volatile_s2;27700;INTARIAN_PEPPER_ROOT;10659;22;10656;8;;;10661;27;10663;22;;;10660.0;0.0
sawtooth_volatile_s2;27700;ASH_COATED_OSMIUM;9991;17;9988;19;;;10047;9;10049;11;;;10019.0;0.0
sawtooth_volatile_s2;27800;INTARIAN_PEPPER_ROOT;10660;15;10656;17;;;10662;12;10665;25;;;10661.0;0.0
sawtooth_volatile_s2;27800;ASH_COATED_OSMIUM;10015;14;10012;18;;;10019;13;10023;19;;;10017.0;0.0
sawtooth_volatile_s2;27900;INTARIAN_PEPPER_ROOT;10655;19;10651;16;;;10665;13;10668;10;;;10660.0;0.0
sawtooth_volatile_s2;27900;ASH_COATED_OSMIUM;10005;7;10001;15;;;10025;15;10027;21;;;10015.0;0.0
sawtooth_volatile_s2;28000;INTARIAN_PEPPER_ROOT;10633;6;10629;23;;;10683;13;10685;24;;;10658.0;0.0
sawtooth_volatile_s2;28000;ASH_COATED_OSMIUM;10009;19;10006;23;;;10017;10;10020;17;;;10013.0;0.0
sawtooth_volatile_s2;28100;INTARIAN_PEPPER_ROOT;10656;13;10654;21;;;10666;15;10669;21;;;10661.0;0.0
sawtooth_volatile_s2;28100;ASH_COATED_OSMIUM;10003;7;9999;18;;;10009;19;10012;20;;;10006.0;0.0
sawtooth_volatile_s2;28200;INTARIAN_PEPPER_ROOT;10653;12;10649;19;;;10673;18;10677;20;;;10663.0;0.0
sawtooth_volatile_s2;28200;ASH_COATED_OSMIUM;9999;11;9995;20;;;10019;18;10021;23;;;10009.0;0.0
sawtooth_volatile_s2;28300;INTARIAN_PEPPER_ROOT;10655;18;10653;21;;;10671;17;10673;26;;;10663.0;0.0
sawtooth_volatile_s2;28300;ASH_COATED_OSMIUM;10007;10;10005;28;;;10009;21;10011;16;;;10008.0;0.0
sawtooth_volatile_s2;28400;INTARIAN_PEPPER_ROOT;10659;19;10655;14;;;10673;9;10675;24;;;10666.0;0.0
sawtooth_volatile_s2;28400;ASH_COATED_OSMIUM;10008;16;10006;14;;;10012;13;10016;24;;;10010.0;0.0
sawtooth_volatile_s2;28500;INTARIAN_PEPPER_ROOT;10663;12;10659;30;;;10667;15;10671;26;;;10665.0;0.0
sawtooth_volatile_s2;28500;ASH_COATED_OSMIUM;10011;16;10009;21;;;10015;5;10018;17;;;10013.0;0.0
sawtooth_volatile_s2;28600;INTARIAN_PEPPER_ROOT;10661;13;10659;24;;;10669;17;10671;24;;;10665.0;0.0
sawtooth_volatile_s2;28600;ASH_COATED_OSMIUM;9994;22;9992;22;;;10026;12;10030;26;;;10010.0;0.0
sawtooth_volatile_s2;28700;INTARIAN_PEPPER_ROOT;10665;19;10662;22;;;10667;14;10670;10;;;10666.0;0.0
sawtooth_volatile_s2;28700;ASH_COATED_OSMIUM;9994;15;9992;24;;;10018;12;10020;21;;;10006.0;0.0
sawtooth_volatile_s2;28800;INTARIAN_PEPPER_ROOT;10664;9;10661;8;;;10666;25;10668;20;;;10665.0;0.0
sawtooth_volatile_s2;28800;ASH_COATED_OSMIUM;10004;19;10002;21;;;10016;13;10019;24;;;10010.0;0.0
sawtooth_volatile_s2;28900;INTARIAN_PEPPER_ROOT;10664;18;10662;20;;;10666;10;10668;18;;;10665.0;0.0
sawtooth_volatile_s2;28900;ASH_COATED_OSMIUM;9998;12;9996;21;;;10008;8;10012;18;;;10003.0;0.0
sawtooth_volatile_s2;29000;INTARIAN_PEPPER_ROOT;10664;15;10660;22;;;10666;11;10669;16;;;10665.0;0.0
sawtooth_volatile_s2;29000;ASH_COATED_OSMIUM;10002;10;9998;19;;;10006;5;10009;13;;;10004.0;0.0
sawtooth_volatile_s2;29100;INTARIAN_PEPPER_ROOT;10665;11;10662;24;;;10667;18;10670;26;;;10666.0;0.0
sawtooth_volatile_s2;29100;ASH_COATED_OSMIUM;9999;19;9997;24;;;10001;8;10003;27;;;10000.0;0.0
sawtooth_volatile_s2;29200;INTARIAN_PEPPER_ROOT;10653;11;10651;19;;;10681;14;10685;16;;;10667.0;0.0
sawtooth_volatile_s2;29200;ASH_COATED_OSMIUM;9997;15;9995;18;;;9999;17;10001;19;;;9998.0;0.0
sawtooth_volatile_s2;29300;INTARIAN_PEPPER_ROOT;10663;11;10659;13;;;10675;14;10677;14;;;10669.0;0.0
sawtooth_volatile_s2;29300;ASH_COATED_OSMIUM;9994;14;9992;32;;;9996;16;9999;21;;;9995.0;0.0
sawtooth_volatile_s2;29400;INTARIAN_PEPPER_ROOT;10660;17;10657;19;;;10676;23;10679;19;;;10668.0;0.0
sawtooth_volatile_s2;29400;ASH_COATED_OSMIUM;9990;10;9988;16;;;9996;22;9999;25;;;9993.0;0.0
sawtooth_volatile_s2;29500;INTARIAN_PEPPER_ROOT;10655;19;10652;29;;;10681;10;10684;14;;;10668.0;0.0
sawtooth_volatile_s2;29500;ASH_COATED_OSMIUM;9981;7;9977;23;;;10005;12;10009;18;;;9993.0;0.0
sawtooth_volatile_s2;29600;INTARIAN_PEPPER_ROOT;10649;9;10647;20;;;10687;14;10689;25;;;10668.0;0.0
sawtooth_volatile_s2;29600;ASH_COATED_OSMIUM;9994;15;9991;22;;;9996;12;9999;17;;;9995.0;0.0
sawtooth_volatile_s2;29700;INTARIAN_PEPPER_ROOT;10662;11;10660;26;;;10676;5;10680;17;;;10669.0;0.0
sawtooth_volatile_s2;29700;ASH_COATED_OSMIUM;9989;18;9987;23;;;9999;13;10002;19;;;9994.0;0.0
sawtooth_volatile_s2;29800;INTARIAN_PEPPER_ROOT;10667;13;10663;25;;;10669;5;10672;11;;;10668.0;0.0
sawtooth_volatile_s2;29800;ASH_COATED_OSMIUM;9993;10;9990;26;;;9995;15;9998;18;;;9994.0;0.0
sawtooth_volatile_s2;29900;INTARIAN_PEPPER_ROOT;10630;11;10628;18;;;10708;16;10711;15;;;10669.0;0.0
sawtooth_volatile_s2;29900;ASH_COATED_OSMIUM;9981;7;9979;21;;;10007;12;10009;15;;;9994.0;0.0
sawtooth_volatile_s2;30000;INTARIAN_PEPPER_ROOT;10667;10;10665;17;;;10675;15;10677;27;;;10671.0;0.0
sawtooth_volatile_s2;30000;ASH_COATED_OSMIUM;9986;11;9982;10;;;10002;5;10005;13;;;9994.0;0.0
sawtooth_volatile_s2;30100;INTARIAN_PEPPER_ROOT;10651;17;10649;15;;;10691;10;10695;16;;;10671.0;0.0
sawtooth_volatile_s2;30100;ASH_COATED_OSMIUM;9997;12;9993;14;;;9999;6;10002;25;;;9998.0;0.0
sawtooth_volatile_s2;30200;INTARIAN_PEPPER_ROOT;10648;20;10645;12;;;10698;19;10701;27;;;10673.0;0.0
sawtooth_volatile_s2;30200;ASH_COATED_OSMIUM;9986;11;9982;22;;;10012;14;10016;9;;;9999.0;0.0
sawtooth_volatile_s2;30300;INTARIAN_PEPPER_ROOT;10668;12;10666;20;;;10672;18;10674;26;;;10670.0;0.0
sawtooth_volatile_s2;30300;ASH_COATED_OSMIUM;9990;11;9988;18;;;10014;25;10018;25;;;10002.0;0.0
sawtooth_volatile_s2;30400;INTARIAN_PEPPER_ROOT;10667;19;10663;17;;;10671;16;10675;24;;;10669.0;0.0
sawtooth_volatile_s2;30400;ASH_COATED_OSMIUM;9986;29;9984;13;;;10022;19;10026;15;;;10004.0;0.0
sawtooth_volatile_s2;30500;INTARIAN_PEPPER_ROOT;10650;13;10648;23;;;10690;21;10692;19;;;10670.0;0.0
sawtooth_volatile_s2;30500;ASH_COATED_OSMIUM;9992;16;9988;22;;;10018;15;10022;23;;;10005.0;0.0
sawtooth_volatile_s2;30600;INTARIAN_PEPPER_ROOT;10662;12;10659;23;;;10678;10;10682;18;;;10670.0;0.0
sawtooth_volatile_s2;30600;ASH_COATED_OSMIUM;9994;16;9992;32;;;10026;14;10028;27;;;10010.0;0.0
sawtooth_volatile_s2;30700;INTARIAN_PEPPER_ROOT;10666;16;10663;21;;;10672;8;10674;9;;;10669.0;0.0
sawtooth_volatile_s2;30700;ASH_COATED_OSMIUM;9965;15;9963;11;;;10055;14;10059;24;;;10010.0;0.0
sawtooth_volatile_s2;30800;INTARIAN_PEPPER_ROOT;10654;18;10651;8;;;10684;10;10688;16;;;10669.0;0.0
sawtooth_volatile_s2;30800;ASH_COATED_OSMIUM;10007;9;10004;21;;;10009;11;10013;17;;;10008.0;0.0
sawtooth_volatile_s2;30900;INTARIAN_PEPPER_ROOT;10668;12;10666;20;;;10670;12;10673;8;;;10669.0;0.0
sawtooth_volatile_s2;30900;ASH_COATED_OSMIUM;9991;15;9987;24;;;10025;5;10027;27;;;10008.0;0.0
sawtooth_volatile_s2;31000;INTARIAN_PEPPER_ROOT;10669;20;10667;25;;;10671;8;10675;26;;;10670.0;0.0
sawtooth_volatile_s2;31000;ASH_COATED_OSMIUM;10006;15;10003;26;;;10012;8;10014;18;;;10009.0;0.0
sawtooth_volatile_s2;31100;INTARIAN_PEPPER_ROOT;10652;21;10648;23;;;10684;12;10688;30;;;10668.0;0.0
sawtooth_volatile_s2;31100;ASH_COATED_OSMIUM;9991;12;9987;21;;;10033;16;10037;17;;;10012.0;0.0
sawtooth_volatile_s2;31200;INTARIAN_PEPPER_ROOT;10667;13;10663;24;;;10669;10;10671;14;;;10668.0;0.0
sawtooth_volatile_s2;31200;ASH_COATED_OSMIUM;10015;5;10011;16;;;10017;20;10021;24;;;10016.0;0.0
sawtooth_volatile_s2;31300;INTARIAN_PEPPER_ROOT;10657;29;10655;26;;;10691;18;10694;18;;;10674.0;0.0
sawtooth_volatile_s2;31300;ASH_COATED_OSMIUM;10011;11;10008;18;;;10013;10;10016;20;;;10012.0;0.0
sawtooth_volatile_s2;31400;INTARIAN_PEPPER_ROOT;10673;14;10670;23;;;10677;13;10680;25;;;10675.0;0.0
sawtooth_volatile_s2;31400;ASH_COATED_OSMIUM;10007;7;10005;19;;;10013;14;10017;24;;;10010.0;0.0
sawtooth_volatile_s2;31500;INTARIAN_PEPPER_ROOT;10671;14;10669;16;;;10673;20;10675;19;;;10672.0;0.0
sawtooth_volatile_s2;31500;ASH_COATED_OSMIUM;9989;11;9986;22;;;10029;5;10032;9;;;10009.0;0.0
sawtooth_volatile_s2;31600;INTARIAN_PEPPER_ROOT;10656;17;10654;20;;;10692;19;10694;8;;;10674.0;0.0
sawtooth_volatile_s2;31600;ASH_COATED_OSMIUM;10006;11;10004;18;;;10012;5;10014;20;;;10009.0;0.0
sawtooth_volatile_s2;31700;INTARIAN_PEPPER_ROOT;10657;17;10655;22;;;10693;5;10697;21;;;10675.0;0.0
sawtooth_volatile_s2;31700;ASH_COATED_OSMIUM;9976;14;9972;17;;;10038;8;10042;22;;;10007.0;0.0
sawtooth_volatile_s2;31800;INTARIAN_PEPPER_ROOT;10664;8;10661;18;;;10690;18;10694;16;;;10677.0;0.0
sawtooth_volatile_s2;31800;ASH_COATED_OSMIUM;9987;13;9985;16;;;10025;13;10028;18;;;10006.0;0.0
sawtooth_volatile_s2;31900;INTARIAN_PEPPER_ROOT;10678;11;10676;24;;;10680;7;10684;13;;;10679.0;0.0
sawtooth_volatile_s2;31900;ASH_COATED_OSMIUM;10007;13;10004;23;;;10009;22;10013;20;;;10008.0;0.0
sawtooth_volatile_s2;32000;INTARIAN_PEPPER_ROOT;10675;12;10673;21;;;10681;18;10685;19;;;10678.0;0.0
sawtooth_volatile_s2;32000;ASH_COATED_OSMIUM;10009;6;10005;21;;;10011;7;10015;16;;;10010.0;0.0
sawtooth_volatile_s2;32100;INTARIAN_PEPPER_ROOT;10680;22;10678;17;;;10682;11;10684;14;;;10681.0;0.0
sawtooth_volatile_s2;32100;ASH_COATED_OSMIUM;10005;7;10001;18;;;10017;5;10021;28;;;10011.0;0.0
sawtooth_volatile_s2;32200;INTARIAN_PEPPER_ROOT;10678;20;10674;21;;;10688;15;10690;16;;;10683.0;0.0
sawtooth_volatile_s2;32200;ASH_COATED_OSMIUM;10011;9;10009;26;;;10017;13;10020;22;;;10014.0;0.0
sawtooth_volatile_s2;32300;INTARIAN_PEPPER_ROOT;10679;19;10677;19;;;10683;22;10686;22;;;10681.0;0.0
sawtooth_volatile_s2;32300;ASH_COATED_OSMIUM;10014;17;10011;25;;;10016;10;10018;17;;;10015.0;0.0
sawtooth_volatile_s2;32400;INTARIAN_PEPPER_ROOT;10667;8;10664;22;;;10697;11;10700;14;;;10682.0;0.0
sawtooth_volatile_s2;32400;ASH_COATED_OSMIUM;10013;7;10009;21;;;10017;12;10019;22;;;10015.0;0.0
sawtooth_volatile_s2;32500;INTARIAN_PEPPER_ROOT;10678;25;10676;19;;;10688;15;10692;19;;;10683.0;0.0
sawtooth_volatile_s2;32500;ASH_COATED_OSMIUM;10004;11;10000;20;;;10026;18;10029;8;;;10015.0;0.0
sawtooth_volatile_s2;32600;INTARIAN_PEPPER_ROOT;10678;11;10675;17;;;10692;19;10694;17;;;10685.0;0.0
sawtooth_volatile_s2;32600;ASH_COATED_OSMIUM;10015;12;10011;16;;;10017;12;10020;24;;;10016.0;0.0
sawtooth_volatile_s2;32700;INTARIAN_PEPPER_ROOT;10685;10;10682;16;;;10687;14;10691;16;;;10686.0;0.0
sawtooth_volatile_s2;32700;ASH_COATED_OSMIUM;10003;5;9999;24;;;10029;9;10031;9;;;10016.0;0.0
sawtooth_volatile_s2;32800;INTARIAN_PEPPER_ROOT;10685;18;10681;20;;;10689;9;10693;21;;;10687.0;0.0
sawtooth_volatile_s2;32800;ASH_COATED_OSMIUM;10007;12;10005;13;;;10023;11;10025;15;;;10015.0;0.0
sawtooth_volatile_s2;32900;INTARIAN_PEPPER_ROOT;10678;16;10676;10;;;10698;23;10700;15;;;10688.0;0.0
sawtooth_volatile_s2;32900;ASH_COATED_OSMIUM;9998;15;9994;10;;;10022;6;10024;18;;;10010.0;0.0
sawtooth_volatile_s2;33000;INTARIAN_PEPPER_ROOT;10688;23;10684;21;;;10692;26;10694;16;;;10690.0;0.0
sawtooth_volatile_s2;33000;ASH_COATED_OSMIUM;10001;10;9997;31;;;10015;11;10017;15;;;10008.0;0.0
sawtooth_volatile_s2;33100;INTARIAN_PEPPER_ROOT;10688;6;10684;14;;;10692;18;10695;25;;;10690.0;0.0
sawtooth_volatile_s2;33100;ASH_COATED_OSMIUM;9994;20;9991;21;;;10018;14;10020;22;;;10006.0;0.0
sawtooth_volatile_s2;33200;INTARIAN_PEPPER_ROOT;10686;13;10684;20;;;10694;17;10697;22;;;10690.0;0.0
sawtooth_volatile_s2;33200;ASH_COATED_OSMIUM;10002;6;9998;11;;;10020;17;10023;22;;;10011.0;0.0
sawtooth_volatile_s2;33300;INTARIAN_PEPPER_ROOT;10688;20;10685;25;;;10694;20;10698;18;;;10691.0;0.0
sawtooth_volatile_s2;33300;ASH_COATED_OSMIUM;9997;18;9993;17;;;10023;22;10027;20;;;10010.0;0.0
sawtooth_volatile_s2;33400;INTARIAN_PEPPER_ROOT;10691;17;10689;26;;;10695;15;10698;21;;;10693.0;0.0
sawtooth_volatile_s2;33400;ASH_COATED_OSMIUM;9996;12;9993;20;;;10016;5;10019;23;;;10006.0;0.0
sawtooth_volatile_s2;33500;INTARIAN_PEPPER_ROOT;10693;26;10689;29;;;10695;8;10699;15;;;10694.0;0.0
sawtooth_volatile_s2;33500;ASH_COATED_OSMIUM;10004;6;10001;14;;;10012;7;10015;22;;;10008.0;0.0
sawtooth_volatile_s2;33600;INTARIAN_PEPPER_ROOT;10692;12;10689;13;;;10702;9;10706;30;;;10697.0;0.0
sawtooth_volatile_s2;33600;ASH_COATED_OSMIUM;9997;11;9994;13;;;10019;5;10023;20;;;10008.0;0.0
sawtooth_volatile_s2;33700;INTARIAN_PEPPER_ROOT;10686;8;10684;21;;;10710;5;10713;21;;;10698.0;0.0
sawtooth_volatile_s2;33700;ASH_COATED_OSMIUM;10003;17;10000;25;;;10005;27;10009;22;;;10004.0;0.0
sawtooth_volatile_s2;33800;INTARIAN_PEPPER_ROOT;10699;14;10696;15;;;10701;16;10703;13;;;10700.0;0.0
sawtooth_volatile_s2;33800;ASH_COATED_OSMIUM;9981;5;9979;27;;;10021;17;10025;14;;;10001.0;0.0
sawtooth_volatile_s2;33900;INTARIAN_PEPPER_ROOT;10694;8;10691;9;;;10712;18;10715;27;;;10703.0;0.0
sawtooth_volatile_s2;33900;ASH_COATED_OSMIUM;9994;5;9992;30;;;10012;24;10014;24;;;10003.0;0.0
sawtooth_volatile_s2;34000;INTARIAN_PEPPER_ROOT;10692;12;10689;31;;;10716;18;10719;17;;;10704.0;0.0
sawtooth_volatile_s2;34000;ASH_COATED_OSMIUM;9967;12;9965;14;;;10037;18;10039;14;;;10002.0;0.0
sawtooth_volatile_s2;34100;INTARIAN_PEPPER_ROOT;10649;17;10645;24;;;10761;21;10764;18;;;10705.0;0.0
sawtooth_volatile_s2;34100;ASH_COATED_OSMIUM;9999;9;9997;23;;;10003;8;10006;29;;;10001.0;0.0
sawtooth_volatile_s2;34200;INTARIAN_PEPPER_ROOT;10703;20;10701;20;;;10709;17;10711;16;;;10706.0;0.0
sawtooth_volatile_s2;34200;ASH_COATED_OSMIUM;9986;17;9984;23;;;10022;17;10026;28;;;10004.0;0.0
sawtooth_volatile_s2;34300;INTARIAN_PEPPER_ROOT;10698;18;10694;16;;;10716;15;10720;28;;;10707.0;0.0
sawtooth_volatile_s2;34300;ASH_COATED_OSMIUM;10005;19;10003;27;;;10007;20;10010;21;;;10006.0;0.0
sawtooth_volatile_s2;34400;INTARIAN_PEPPER_ROOT;10688;12;10686;15;;;10732;17;10734;25;;;10710.0;0.0
sawtooth_volatile_s2;34400;ASH_COATED_OSMIUM;9997;14;9994;18;;;10021;7;10024;23;;;10009.0;0.0
sawtooth_volatile_s2;34500;INTARIAN_PEPPER_ROOT;10703;8;10699;13;;;10717;7;10721;17;;;10710.0;0.0
sawtooth_volatile_s2;34500;ASH_COATED_OSMIUM;10006;14;10003;18;;;10020;13;10022;28;;;10013.0;0.0
sawtooth_volatile_s2;34600;INTARIAN_PEPPER_ROOT;10712;13;10708;18;;;10714;14;10718;11;;;10713.0;0.0
sawtooth_volatile_s2;34600;ASH_COATED_OSMIUM;10011;22;10007;21;;;10013;11;10016;17;;;10012.0;0.0
sawtooth_volatile_s2;34700;INTARIAN_PEPPER_ROOT;10708;24;10705;21;;;10716;13;10718;23;;;10712.0;0.0
sawtooth_volatile_s2;34700;ASH_COATED_OSMIUM;10006;18;10003;20;;;10010;18;10014;10;;;10008.0;0.0
sawtooth_volatile_s2;34800;INTARIAN_PEPPER_ROOT;10703;20;10700;19;;;10717;12;10721;19;;;10710.0;0.0
sawtooth_volatile_s2;34800;ASH_COATED_OSMIUM;10010;10;10008;23;;;10022;15;10026;25;;;10016.0;0.0
sawtooth_volatile_s2;34900;INTARIAN_PEPPER_ROOT;10711;24;10707;26;;;10713;19;10716;20;;;10712.0;0.0
sawtooth_volatile_s2;34900;ASH_COATED_OSMIUM;9988;15;9986;21;;;10040;17;10043;24;;;10014.0;0.0
sawtooth_volatile_s2;35000;INTARIAN_PEPPER_ROOT;10708;12;10705;8;;;10714;12;10716;16;;;10711.0;0.0
sawtooth_volatile_s2;35000;ASH_COATED_OSMIUM;10014;10;10010;21;;;10016;20;10020;18;;;10015.0;0.0
sawtooth_volatile_s2;35100;INTARIAN_PEPPER_ROOT;10714;18;10712;22;;;10716;15;10720;23;;;10715.0;0.0
sawtooth_volatile_s2;35100;ASH_COATED_OSMIUM;10019;9;10016;19;;;10021;13;10024;15;;;10020.0;0.0
sawtooth_volatile_s2;35200;INTARIAN_PEPPER_ROOT;10715;17;10712;19;;;10719;14;10722;18;;;10717.0;0.0
sawtooth_volatile_s2;35200;ASH_COATED_OSMIUM;10021;5;10018;17;;;10027;6;10031;14;;;10024.0;0.0
sawtooth_volatile_s2;35300;INTARIAN_PEPPER_ROOT;10707;5;10703;31;;;10725;16;10727;12;;;10716.0;0.0
sawtooth_volatile_s2;35300;ASH_COATED_OSMIUM;10012;15;10009;32;;;10022;19;10026;20;;;10017.0;0.0
sawtooth_volatile_s2;35400;INTARIAN_PEPPER_ROOT;10716;13;10713;24;;;10718;27;10722;24;;;10717.0;0.0
sawtooth_volatile_s2;35400;ASH_COATED_OSMIUM;10013;7;10011;19;;;10021;13;10025;29;;;10017.0;0.0
sawtooth_volatile_s2;35500;INTARIAN_PEPPER_ROOT;10715;8;10713;18;;;10717;10;10720;24;;;10716.0;0.0
sawtooth_volatile_s2;35500;ASH_COATED_OSMIUM;10016;13;10012;20;;;10018;14;10022;14;;;10017.0;0.0
sawtooth_volatile_s2;35600;INTARIAN_PEPPER_ROOT;10709;12;10705;22;;;10725;20;10729;21;;;10717.0;0.0
sawtooth_volatile_s2;35600;ASH_COATED_OSMIUM;9998;12;9996;26;;;10036;6;10039;20;;;10017.0;0.0
sawtooth_volatile_s2;35700;INTARIAN_PEPPER_ROOT;10712;21;10708;25;;;10724;8;10727;13;;;10718.0;0.0
sawtooth_volatile_s2;35700;ASH_COATED_OSMIUM;9999;15;9996;22;;;10025;12;10029;15;;;10012.0;0.0
sawtooth_volatile_s2;35800;INTARIAN_PEPPER_ROOT;10719;18;10715;21;;;10721;11;10723;23;;;10720.0;0.0
sawtooth_volatile_s2;35800;ASH_COATED_OSMIUM;10005;17;10003;18;;;10013;7;10017;18;;;10009.0;0.0
sawtooth_volatile_s2;35900;INTARIAN_PEPPER_ROOT;10721;16;10717;25;;;10725;15;10728;19;;;10723.0;0.0
sawtooth_volatile_s2;35900;ASH_COATED_OSMIUM;10001;13;9997;17;;;10013;5;10015;26;;;10007.0;0.0
sawtooth_volatile_s2;36000;INTARIAN_PEPPER_ROOT;10723;12;10721;22;;;10725;14;10729;20;;;10724.0;0.0
sawtooth_volatile_s2;36000;ASH_COATED_OSMIUM;10000;17;9996;18;;;10016;9;10019;16;;;10008.0;0.0
sawtooth_volatile_s2;36100;INTARIAN_PEPPER_ROOT;10721;8;10717;22;;;10723;17;10726;18;;;10722.0;0.0
sawtooth_volatile_s2;36100;ASH_COATED_OSMIUM;10002;19;9998;27;;;10018;12;10021;18;;;10010.0;0.0
sawtooth_volatile_s2;36200;INTARIAN_PEPPER_ROOT;10720;12;10717;22;;;10728;21;10731;12;;;10724.0;0.0
sawtooth_volatile_s2;36200;ASH_COATED_OSMIUM;10004;5;10002;22;;;10016;11;10019;17;;;10010.0;0.0
sawtooth_volatile_s2;36300;INTARIAN_PEPPER_ROOT;10717;14;10715;19;;;10731;14;10734;19;;;10724.0;0.0
sawtooth_volatile_s2;36300;ASH_COATED_OSMIUM;9979;12;9976;11;;;10029;15;10033;19;;;10004.0;0.0
sawtooth_volatile_s2;36400;INTARIAN_PEPPER_ROOT;10724;6;10721;30;;;10728;9;10732;18;;;10726.0;0.0
sawtooth_volatile_s2;36400;ASH_COATED_OSMIUM;10002;16;10000;22;;;10012;12;10015;9;;;10007.0;0.0
sawtooth_volatile_s2;36500;INTARIAN_PEPPER_ROOT;10721;5;10718;20;;;10733;23;10735;20;;;10727.0;0.0
sawtooth_volatile_s2;36500;ASH_COATED_OSMIUM;10001;23;9997;20;;;10003;10;10005;21;;;10002.0;0.0
sawtooth_volatile_s2;36600;INTARIAN_PEPPER_ROOT;10724;17;10721;21;;;10734;7;10736;27;;;10729.0;0.0
sawtooth_volatile_s2;36600;ASH_COATED_OSMIUM;10002;5;9998;8;;;10008;13;10011;21;;;10005.0;0.0
sawtooth_volatile_s2;36700;INTARIAN_PEPPER_ROOT;10728;13;10724;23;;;10732;25;10735;13;;;10730.0;0.0
sawtooth_volatile_s2;36700;ASH_COATED_OSMIUM;9996;10;9992;12;;;10010;15;10014;30;;;10003.0;0.0
sawtooth_volatile_s2;36800;INTARIAN_PEPPER_ROOT;10712;30;10710;21;;;10748;21;10751;26;;;10730.0;0.0
sawtooth_volatile_s2;36800;ASH_COATED_OSMIUM;9997;19;9995;17;;;9999;10;10003;21;;;9998.0;0.0
sawtooth_volatile_s2;36900;INTARIAN_PEPPER_ROOT;10723;12;10719;16;;;10737;11;10739;13;;;10730.0;0.0
sawtooth_volatile_s2;36900;ASH_COATED_OSMIUM;9994;9;9990;14;;;10004;10;10008;16;;;9999.0;0.0
sawtooth_volatile_s2;37000;INTARIAN_PEPPER_ROOT;10725;16;10722;20;;;10737;13;10739;16;;;10731.0;0.0
sawtooth_volatile_s2;37000;ASH_COATED_OSMIUM;9987;11;9984;19;;;10019;10;10022;23;;;10003.0;0.0
sawtooth_volatile_s2;37100;INTARIAN_PEPPER_ROOT;10728;15;10726;12;;;10746;14;10750;27;;;10737.0;0.0
sawtooth_volatile_s2;37100;ASH_COATED_OSMIUM;9972;8;9968;16;;;10036;5;10039;19;;;10004.0;0.0
sawtooth_volatile_s2;37200;INTARIAN_PEPPER_ROOT;10735;15;10732;22;;;10741;15;10744;15;;;10738.0;0.0
sawtooth_volatile_s2;37200;ASH_COATED_OSMIUM;10003;30;9999;25;;;10015;23;10018;26;;;10009.0;0.0
sawtooth_volatile_s2;37300;INTARIAN_PEPPER_ROOT;10733;27;10730;17;;;10745;25;10749;20;;;10739.0;0.0
sawtooth_volatile_s2;37300;ASH_COATED_OSMIUM;9989;5;9986;18;;;10023;12;10026;23;;;10006.0;0.0
sawtooth_volatile_s2;37400;INTARIAN_PEPPER_ROOT;10738;11;10734;11;;;10744;12;10748;21;;;10741.0;0.0
sawtooth_volatile_s2;37400;ASH_COATED_OSMIUM;9998;22;9994;14;;;10012;18;10015;13;;;10005.0;0.0
sawtooth_volatile_s2;37500;INTARIAN_PEPPER_ROOT;10740;17;10736;21;;;10742;15;10744;10;;;10741.0;0.0
sawtooth_volatile_s2;37500;ASH_COATED_OSMIUM;9986;19;9983;20;;;10018;5;10022;19;;;10002.0;0.0
sawtooth_volatile_s2;37600;INTARIAN_PEPPER_ROOT;10740;21;10738;23;;;10742;16;10746;19;;;10741.0;0.0
sawtooth_volatile_s2;37600;ASH_COATED_OSMIUM;10000;13;9996;21;;;10002;21;10004;14;;;10001.0;0.0
sawtooth_volatile_s2;37700;INTARIAN_PEPPER_ROOT;10740;15;10737;22;;;10742;22;10746;13;;;10741.0;0.0
sawtooth_volatile_s2;37700;ASH_COATED_OSMIUM;10001;16;9997;20;;;10011;13;10014;21;;;10006.0;0.0
sawtooth_volatile_s2;37800;INTARIAN_PEPPER_ROOT;10743;17;10740;19;;;10745;8;10749;22;;;10744.0;0.0
sawtooth_volatile_s2;37800;ASH_COATED_OSMIUM;10003;18;10000;33;;;10009;10;10012;16;;;10006.0;0.0
sawtooth_volatile_s2;37900;INTARIAN_PEPPER_ROOT;10742;13;10739;21;;;10746;18;10749;23;;;10744.0;0.0
sawtooth_volatile_s2;37900;ASH_COATED_OSMIUM;10007;13;10003;22;;;10009;6;10012;27;;;10008.0;0.0
sawtooth_volatile_s2;38000;INTARIAN_PEPPER_ROOT;10736;17;10732;27;;;10748;21;10752;22;;;10742.0;0.0
sawtooth_volatile_s2;38000;ASH_COATED_OSMIUM;10000;10;9998;18;;;10016;12;10020;11;;;10008.0;0.0
sawtooth_volatile_s2;38100;INTARIAN_PEPPER_ROOT;10741;22;10739;21;;;10747;12;10750;23;;;10744.0;0.0
sawtooth_volatile_s2;38100;ASH_COATED_OSMIUM;10007;12;10003;27;;;10009;12;10012;23;;;10008.0;0.0
sawtooth_volatile_s2;38200;INTARIAN_PEPPER_ROOT;10732;22;10728;20;;;10764;15;10766;17;;;10748.0;0.0
sawtooth_volatile_s2;38200;ASH_COATED_OSMIUM;10004;9;10002;13;;;10006;6;10010;18;;;10005.0;0.0
sawtooth_volatile_s2;38300;INTARIAN_PEPPER_ROOT;10736;16;10734;20;;;10762;9;10765;12;;;10749.0;0.0
sawtooth_volatile_s2;38300;ASH_COATED_OSMIUM;10001;8;9998;16;;;10003;15;10006;14;;;10002.0;0.0
sawtooth_volatile_s2;38400;INTARIAN_PEPPER_ROOT;10750;15;10748;33;;;10754;10;10757;24;;;10752.0;0.0
sawtooth_volatile_s2;38400;ASH_COATED_OSMIUM;9978;8;9976;24;;;10018;14;10022;24;;;9998.0;0.0
sawtooth_volatile_s2;38500;INTARIAN_PEPPER_ROOT;10747;20;10743;8;;;10765;7;10768;20;;;10756.0;0.0
sawtooth_volatile_s2;38500;ASH_COATED_OSMIUM;9983;9;9979;25;;;10023;12;10027;27;;;10003.0;0.0
sawtooth_volatile_s2;38600;INTARIAN_PEPPER_ROOT;10757;14;10755;16;;;10763;22;10765;8;;;10760.0;0.0
sawtooth_volatile_s2;38600;ASH_COATED_OSMIUM;9992;16;9989;19;;;10022;14;10025;25;;;10007.0;0.0
sawtooth_volatile_s2;38700;INTARIAN_PEPPER_ROOT;10758;5;10755;17;;;10762;18;10766;25;;;10760.0;0.0
sawtooth_volatile_s2;38700;ASH_COATED_OSMIUM;10004;15;10002;25;;;10014;12;10018;18;;;10009.0;0.0
sawtooth_volatile_s2;38800;INTARIAN_PEPPER_ROOT;10760;23;10757;24;;;10762;21;10764;23;;;10761.0;0.0
sawtooth_volatile_s2;38800;ASH_COATED_OSMIUM;10016;5;10014;22;;;10018;9;10021;8;;;10017.0;0.0
sawtooth_volatile_s2;38900;INTARIAN_PEPPER_ROOT;10758;16;10755;18;;;10766;18;10769;20;;;10762.0;0.0
sawtooth_volatile_s2;38900;ASH_COATED_OSMIUM;10011;16;10009;27;;;10017;22;10021;12;;;10014.0;0.0
sawtooth_volatile_s2;39000;INTARIAN_PEPPER_ROOT;10755;23;10751;16;;;10771;17;10775;20;;;10763.0;0.0
sawtooth_volatile_s2;39000;ASH_COATED_OSMIUM;10011;7;10007;14;;;10019;10;10023;21;;;10015.0;0.0
sawtooth_volatile_s2;39100;INTARIAN_PEPPER_ROOT;10756;12;10752;14;;;10774;20;10777;9;;;10765.0;0.0
sawtooth_volatile_s2;39100;ASH_COATED_OSMIUM;9993;11;9990;23;;;10035;17;10038;15;;;10014.0;0.0
sawtooth_volatile_s2;39200;INTARIAN_PEPPER_ROOT;10762;21;10758;21;;;10766;15;10768;23;;;10764.0;0.0
sawtooth_volatile_s2;39200;ASH_COATED_OSMIUM;10000;5;9996;17;;;10024;14;10028;16;;;10012.0;0.0
sawtooth_volatile_s2;39300;INTARIAN_PEPPER_ROOT;10759;9;10755;15;;;10775;20;10778;21;;;10767.0;0.0
sawtooth_volatile_s2;39300;ASH_COATED_OSMIUM;10010;5;10007;13;;;10016;7;10019;15;;;10013.0;0.0
sawtooth_volatile_s2;39400;INTARIAN_PEPPER_ROOT;10766;12;10763;17;;;10770;15;10773;20;;;10768.0;0.0
sawtooth_volatile_s2;39400;ASH_COATED_OSMIUM;10014;11;10012;16;;;10018;17;10021;11;;;10016.0;0.0
sawtooth_volatile_s2;39500;INTARIAN_PEPPER_ROOT;10762;18;10760;15;;;10772;15;10776;22;;;10767.0;0.0
sawtooth_volatile_s2;39500;ASH_COATED_OSMIUM;10014;11;10012;22;;;10024;13;10028;24;;;10019.0;0.0
sawtooth_volatile_s2;39600;INTARIAN_PEPPER_ROOT;10768;18;10766;20;;;10772;10;10776;24;;;10770.0;0.0
sawtooth_volatile_s2;39600;ASH_COATED_OSMIUM;10007;17;10005;18;;;10021;12;10025;18;;;10014.0;0.0
sawtooth_volatile_s2;39700;INTARIAN_PEPPER_ROOT;10764;20;10760;20;;;10768;15;10770;17;;;10766.0;0.0
sawtooth_volatile_s2;39700;ASH_COATED_OSMIUM;10007;11;10004;13;;;10009;22;10013;21;;;10008.0;0.0
sawtooth_volatile_s2;39800;INTARIAN_PEPPER_ROOT;10765;12;10763;24;;;10767;15;10769;17;;;10766.0;0.0
sawtooth_volatile_s2;39800;ASH_COATED_OSMIUM;9979;20;9975;17;;;10029;23;10031;15;;;10004.0;0.0
sawtooth_volatile_s2;39900;INTARIAN_PEPPER_ROOT;10758;6;10754;12;;;10774;14;10777;22;;;10766.0;0.0
sawtooth_volatile_s2;39900;ASH_COATED_OSMIUM;9989;11;9987;21;;;10011;19;10013;22;;;10000.0;0.0
sawtooth_volatile_s2;40000;INTARIAN_PEPPER_ROOT;10746;23;10744;17;;;10788;14;10792;22;;;10767.0;0.0
sawtooth_volatile_s2;40000;ASH_COATED_OSMIUM;9999;19;9996;11;;;10007;6;10010;20;;;10003.0;0.0
sawtooth_volatile_s2;40100;INTARIAN_PEPPER_ROOT;10749;9;10747;21;;;10787;14;10789;21;;;10768.0;0.0
sawtooth_volatile_s2;40100;ASH_COATED_OSMIUM;9993;11;9989;14;;;10007;10;10010;19;;;10000.0;0.0
sawtooth_volatile_s2;40200;INTARIAN_PEPPER_ROOT;10769;16;10765;25;;;10771;14;10773;18;;;10770.0;0.0
sawtooth_volatile_s2;40200;ASH_COATED_OSMIUM;9998;8;9994;12;;;10004;7;10007;12;;;10001.0;0.0
sawtooth_volatile_s2;40300;INTARIAN_PEPPER_ROOT;10768;9;10765;16;;;10772;11;10775;16;;;10770.0;0.0
sawtooth_volatile_s2;40300;ASH_COATED_OSMIUM;10002;8;9998;13;;;10008;17;10012;22;;;10005.0;0.0
sawtooth_volatile_s2;40400;INTARIAN_PEPPER_ROOT;10769;17;10767;21;;;10775;10;10777;18;;;10772.0;0.0
sawtooth_volatile_s2;40400;ASH_COATED_OSMIUM;9981;16;9978;19;;;10023;11;10026;20;;;10002.0;0.0
sawtooth_volatile_s2;40500;INTARIAN_PEPPER_ROOT;10768;13;10766;17;;;10776;19;10778;18;;;10772.0;0.0
sawtooth_volatile_s2;40500;ASH_COATED_OSMIUM;9979;11;9976;13;;;10021;12;10023;8;;;10000.0;0.0
sawtooth_volatile_s2;40600;INTARIAN_PEPPER_ROOT;10764;12;10761;16;;;10784;8;10786;23;;;10774.0;0.0
sawtooth_volatile_s2;40600;ASH_COATED_OSMIUM;9999;13;9996;14;;;10005;5;10007;10;;;10002.0;0.0
sawtooth_volatile_s2;40700;INTARIAN_PEPPER_ROOT;10756;20;10754;15;;;10792;11;10796;21;;;10774.0;0.0
sawtooth_volatile_s2;40700;ASH_COATED_OSMIUM;9998;12;9996;16;;;10000;9;10004;20;;;9999.0;0.0
sawtooth_volatile_s2;40800;INTARIAN_PEPPER_ROOT;10773;14;10769;23;;;10777;11;10779;15;;;10775.0;0.0
sawtooth_volatile_s2;40800;ASH_COATED_OSMIUM;9997;11;9994;14;;;10001;12;10003;18;;;9999.0;0.0
sawtooth_volatile_s2;40900;INTARIAN_PEPPER_ROOT;10770;8;10768;17;;;10780;11;10783;17;;;10775.0;0.0
sawtooth_volatile_s2;40900;ASH_COATED_OSMIUM;9996;21;9994;20;;;10000;10;10004;18;;;9998.0;0.0
sawtooth_volatile_s2;41000;INTARIAN_PEPPER_ROOT;10774;14;10772;19;;;10776;10;10778;16;;;10775.0;0.0
sawtooth_volatile_s2;41000;ASH_COATED_OSMIUM;9970;19;9967;20;;;10022;15;10025;20;;;9996.0;0.0
sawtooth_volatile_s2;41100;INTARIAN_PEPPER_ROOT;10767;17;10763;16;;;10783;21;10785;14;;;10775.0;0.0
sawtooth_volatile_s2;41100;ASH_COATED_OSMIUM;9990;20;9986;24;;;10004;13;10006;27;;;9997.0;0.0
sawtooth_volatile_s2;41200;INTARIAN_PEPPER_ROOT;10774;11;10772;29;;;10780;16;10782;9;;;10777.0;0.0
sawtooth_volatile_s2;41200;ASH_COATED_OSMIUM;9987;6;9984;21;;;10019;9;10021;18;;;10003.0;0.0
sawtooth_volatile_s2;41300;INTARIAN_PEPPER_ROOT;10774;17;10770;22;;;10778;9;10782;28;;;10776.0;0.0
sawtooth_volatile_s2;41300;ASH_COATED_OSMIUM;9997;13;9994;21;;;10003;12;10005;18;;;10000.0;0.0
sawtooth_volatile_s2;41400;INTARIAN_PEPPER_ROOT;10760;25;10756;20;;;10788;8;10791;25;;;10774.0;0.0
sawtooth_volatile_s2;41400;ASH_COATED_OSMIUM;9977;7;9975;21;;;10023;14;10026;14;;;10000.0;0.0
sawtooth_volatile_s2;41500;INTARIAN_PEPPER_ROOT;10773;14;10769;17;;;10775;23;10777;24;;;10774.0;0.0
sawtooth_volatile_s2;41500;ASH_COATED_OSMIUM;9998;16;9996;21;;;10008;13;10011;21;;;10003.0;0.0
sawtooth_volatile_s2;41600;INTARIAN_PEPPER_ROOT;10775;14;10773;11;;;10777;18;10779;14;;;10776.0;0.0
sawtooth_volatile_s2;41600;ASH_COATED_OSMIUM;9999;17;9995;18;;;10005;16;10008;14;;;10002.0;0.0
sawtooth_volatile_s2;41700;INTARIAN_PEPPER_ROOT;10765;12;10761;21;;;10785;20;10789;26;;;10775.0;0.0
sawtooth_volatile_s2;41700;ASH_COATED_OSMIUM;9998;14;9994;24;;;10004;19;10007;20;;;10001.0;0.0
sawtooth_volatile_s2;41800;INTARIAN_PEPPER_ROOT;10758;9;10756;26;;;10792;20;10794;24;;;10775.0;0.0
sawtooth_volatile_s2;41800;ASH_COATED_OSMIUM;9994;13;9991;14;;;10006;12;10009;19;;;10000.0;0.0
sawtooth_volatile_s2;41900;INTARIAN_PEPPER_ROOT;10770;12;10768;17;;;10782;20;10786;19;;;10776.0;0.0
sawtooth_volatile_s2;41900;ASH_COATED_OSMIUM;9995;9;9992;11;;;9997;5;10000;14;;;9996.0;0.0
sawtooth_volatile_s2;42000;INTARIAN_PEPPER_ROOT;10773;17;10770;22;;;10779;24;10781;21;;;10776.0;0.0
sawtooth_volatile_s2;42000;ASH_COATED_OSMIUM;9997;12;9993;20;;;9999;6;10001;23;;;9998.0;0.0
sawtooth_volatile_s2;42100;INTARIAN_PEPPER_ROOT;10776;12;10772;23;;;10778;12;10780;19;;;10777.0;0.0
sawtooth_volatile_s2;42100;ASH_COATED_OSMIUM;9995;17;9991;22;;;10001;16;10003;16;;;9998.0;0.0
sawtooth_volatile_s2;42200;INTARIAN_PEPPER_ROOT;10775;16;10772;16;;;10783;11;10787;23;;;10779.0;0.0
sawtooth_volatile_s2;42200;ASH_COATED_OSMIUM;9994;19;9991;13;;;10008;18;10010;16;;;10001.0;0.0
sawtooth_volatile_s2;42300;INTARIAN_PEPPER_ROOT;10774;10;10770;27;;;10788;14;10790;27;;;10781.0;0.0
sawtooth_volatile_s2;42300;ASH_COATED_OSMIUM;9994;15;9990;26;;;10002;14;10006;16;;;9998.0;0.0
sawtooth_volatile_s2;42400;INTARIAN_PEPPER_ROOT;10779;18;10776;23;;;10783;8;10785;16;;;10781.0;0.0
sawtooth_volatile_s2;42400;ASH_COATED_OSMIUM;9983;9;9980;23;;;9999;8;10001;16;;;9991.0;0.0
sawtooth_volatile_s2;42500;INTARIAN_PEPPER_ROOT;10778;17;10775;18;;;10786;11;10790;23;;;10782.0;0.0
sawtooth_volatile_s2;42500;ASH_COATED_OSMIUM;9969;17;9966;17;;;10007;11;10009;20;;;9988.0;0.0
sawtooth_volatile_s2;42600;INTARIAN_PEPPER_ROOT;10782;19;10779;17;;;10784;12;10786;20;;;10783.0;0.0
sawtooth_volatile_s2;42600;ASH_COATED_OSMIUM;9979;6;9975;31;;;10001;12;10003;21;;;9990.0;0.0
sawtooth_volatile_s2;42700;INTARIAN_PEPPER_ROOT;10771;16;10767;25;;;10795;12;10799;18;;;10783.0;0.0
sawtooth_volatile_s2;42700;ASH_COATED_OSMIUM;9993;14;9990;19;;;10001;8;10004;20;;;9997.0;0.0
sawtooth_volatile_s2;42800;INTARIAN_PEPPER_ROOT;10747;10;10744;13;;;10815;22;10817;21;;;10781.0;0.0
sawtooth_volatile_s2;42800;ASH_COATED_OSMIUM;9986;19;9984;13;;;10002;18;10006;14;;;9994.0;0.0
sawtooth_volatile_s2;42900;INTARIAN_PEPPER_ROOT;10778;21;10774;19;;;10782;22;10785;16;;;10780.0;0.0
sawtooth_volatile_s2;42900;ASH_COATED_OSMIUM;9996;10;9992;22;;;9998;10;10002;8;;;9997.0;0.0
sawtooth_volatile_s2;43000;INTARIAN_PEPPER_ROOT;10783;19;10779;15;;;10785;18;10789;24;;;10784.0;0.0
sawtooth_volatile_s2;43000;ASH_COATED_OSMIUM;9986;21;9982;14;;;10012;8;10014;21;;;9999.0;0.0
sawtooth_volatile_s2;43100;INTARIAN_PEPPER_ROOT;10777;14;10775;19;;;10791;13;10795;18;;;10784.0;0.0
sawtooth_volatile_s2;43100;ASH_COATED_OSMIUM;9993;11;9990;23;;;9999;10;10003;20;;;9996.0;0.0
sawtooth_volatile_s2;43200;INTARIAN_PEPPER_ROOT;10784;8;10780;22;;;10788;23;10791;21;;;10786.0;0.0
sawtooth_volatile_s2;43200;ASH_COATED_OSMIUM;9992;23;9989;12;;;10000;5;10003;15;;;9996.0;0.0
sawtooth_volatile_s2;43300;INTARIAN_PEPPER_ROOT;10787;17;10784;17;;;10789;17;10793;23;;;10788.0;0.0
sawtooth_volatile_s2;43300;ASH_COATED_OSMIUM;9992;11;9989;12;;;10002;12;10005;20;;;9997.0;0.0
sawtooth_volatile_s2;43400;INTARIAN_PEPPER_ROOT;10786;20;10783;13;;;10788;16;10790;23;;;10787.0;0.0
sawtooth_volatile_s2;43400;ASH_COATED_OSMIUM;9996;6;9992;17;;;10000;16;10002;16;;;9998.0;0.0
sawtooth_volatile_s2;43500;INTARIAN_PEPPER_ROOT;10787;11;10784;14;;;10789;16;10792;17;;;10788.0;0.0
sawtooth_volatile_s2;43500;ASH_COATED_OSMIUM;9996;17;9993;13;;;10006;11;10008;17;;;10001.0;0.0
sawtooth_volatile_s2;43600;INTARIAN_PEPPER_ROOT;10751;23;10749;11;;;10825;5;10828;22;;;10788.0;0.0
sawtooth_volatile_s2;43600;ASH_COATED_OSMIUM;10001;8;9998;26;;;10003;7;10007;22;;;10002.0;0.0
sawtooth_volatile_s2;43700;INTARIAN_PEPPER_ROOT;10784;11;10780;22;;;10788;8;10792;23;;;10786.0;0.0
sawtooth_volatile_s2;43700;ASH_COATED_OSMIUM;9991;9;9989;19;;;10005;20;10007;20;;;9998.0;0.0
sawtooth_volatile_s2;43800;INTARIAN_PEPPER_ROOT;10771;17;10769;15;;;10801;10;10805;24;;;10786.0;0.0
sawtooth_volatile_s2;43800;ASH_COATED_OSMIUM;9989;13;9986;20;;;10009;10;10013;21;;;9999.0;0.0
sawtooth_volatile_s2;43900;INTARIAN_PEPPER_ROOT;10784;15;10782;15;;;10786;15;10789;17;;;10785.0;0.0
sawtooth_volatile_s2;43900;ASH_COATED_OSMIUM;10002;7;10000;17;;;10004;11;10008;30;;;10003.0;0.0
sawtooth_volatile_s2;44000;INTARIAN_PEPPER_ROOT;10777;12;10774;10;;;10793;17;10796;28;;;10785.0;0.0
sawtooth_volatile_s2;44000;ASH_COATED_OSMIUM;10001;19;9999;15;;;10003;15;10007;12;;;10002.0;0.0
sawtooth_volatile_s2;44100;INTARIAN_PEPPER_ROOT;10785;15;10783;24;;;10789;18;10793;18;;;10787.0;0.0
sawtooth_volatile_s2;44100;ASH_COATED_OSMIUM;9984;11;9980;15;;;10018;12;10020;16;;;10001.0;0.0
sawtooth_volatile_s2;44200;INTARIAN_PEPPER_ROOT;10782;16;10779;8;;;10798;7;10802;13;;;10790.0;0.0
sawtooth_volatile_s2;44200;ASH_COATED_OSMIUM;9987;18;9983;27;;;10009;11;10011;20;;;9998.0;0.0
sawtooth_volatile_s2;44300;INTARIAN_PEPPER_ROOT;10789;8;10786;24;;;10791;11;10795;12;;;10790.0;0.0
sawtooth_volatile_s2;44300;ASH_COATED_OSMIUM;9993;19;9991;21;;;10007;9;10011;12;;;10000.0;0.0
sawtooth_volatile_s2;44400;INTARIAN_PEPPER_ROOT;10790;15;10787;17;;;10792;19;10795;18;;;10791.0;0.0
sawtooth_volatile_s2;44400;ASH_COATED_OSMIUM;9996;18;9994;16;;;9998;11;10000;24;;;9997.0;0.0
sawtooth_volatile_s2;44500;INTARIAN_PEPPER_ROOT;10790;12;10788;25;;;10794;11;10797;22;;;10792.0;0.0
sawtooth_volatile_s2;44500;ASH_COATED_OSMIUM;9991;8;9988;16;;;10001;12;10003;23;;;9996.0;0.0
sawtooth_volatile_s2;44600;INTARIAN_PEPPER_ROOT;10792;15;10788;22;;;10794;22;10798;23;;;10793.0;0.0
sawtooth_volatile_s2;44600;ASH_COATED_OSMIUM;9990;13;9988;14;;;10002;15;10006;21;;;9996.0;0.0
sawtooth_volatile_s2;44700;INTARIAN_PEPPER_ROOT;10773;24;10771;13;;;10813;13;10816;19;;;10793.0;0.0
sawtooth_volatile_s2;44700;ASH_COATED_OSMIUM;9983;10;9981;11;;;10003;5;10006;17;;;9993.0;0.0
sawtooth_volatile_s2;44800;INTARIAN_PEPPER_ROOT;10773;9;10770;27;;;10811;20;10815;16;;;10792.0;0.0
sawtooth_volatile_s2;44800;ASH_COATED_OSMIUM;9997;12;9995;25;;;9999;8;10002;15;;;9998.0;0.0
sawtooth_volatile_s2;44900;INTARIAN_PEPPER_ROOT;10789;18;10785;18;;;10795;11;10799;21;;;10792.0;0.0
sawtooth_volatile_s2;44900;ASH_COATED_OSMIUM;9995;16;9992;25;;;10007;12;10009;16;;;10001.0;0.0
sawtooth_volatile_s2;45000;INTARIAN_PEPPER_ROOT;10789;18;10786;16;;;10795;11;10798;26;;;10792.0;0.0
sawtooth_volatile_s2;45000;ASH_COATED_OSMIUM;9999;9;9995;14;;;10005;11;10009;29;;;10002.0;0.0
sawtooth_volatile_s2;45100;INTARIAN_PEPPER_ROOT;10789;10;10786;17;;;10793;22;10797;14;;;10791.0;0.0
sawtooth_volatile_s2;45100;ASH_COATED_OSMIUM;10001;10;9999;28;;;10009;24;10013;27;;;10005.0;0.0
sawtooth_volatile_s2;45200;INTARIAN_PEPPER_ROOT;10789;12;10786;12;;;10791;20;10795;25;;;10790.0;0.0
sawtooth_volatile_s2;45200;ASH_COATED_OSMIUM;9993;6;9991;20;;;10017;11;10021;25;;;10005.0;0.0
sawtooth_volatile_s2;45300;INTARIAN_PEPPER_ROOT;10787;13;10785;30;;;10791;22;10794;16;;;10789.0;0.0
sawtooth_volatile_s2;45300;ASH_COATED_OSMIUM;10003;16;9999;29;;;10007;16;10011;24;;;10005.0;0.0
sawtooth_volatile_s2;45400;INTARIAN_PEPPER_ROOT;10790;10;10787;27;;;10794;21;10798;21;;;10792.0;0.0
sawtooth_volatile_s2;45400;ASH_COATED_OSMIUM;10008;11;10005;18;;;10010;16;10013;16;;;10009.0;0.0
sawtooth_volatile_s2;45500;INTARIAN_PEPPER_ROOT;10789;19;10787;16;;;10791;19;10794;19;;;10790.0;0.0
sawtooth_volatile_s2;45500;ASH_COATED_OSMIUM;10009;18;10005;21;;;10013;13;10016;12;;;10011.0;0.0
sawtooth_volatile_s2;45600;INTARIAN_PEPPER_ROOT;10792;5;10788;29;;;10794;15;10797;17;;;10793.0;0.0
sawtooth_volatile_s2;45600;ASH_COATED_OSMIUM;10008;11;10005;28;;;10010;12;10013;17;;;10009.0;0.0
sawtooth_volatile_s2;45700;INTARIAN_PEPPER_ROOT;10781;12;10779;12;;;10805;22;10808;20;;;10793.0;0.0
sawtooth_volatile_s2;45700;ASH_COATED_OSMIUM;9973;13;9971;26;;;10037;13;10041;22;;;10005.0;0.0
sawtooth_volatile_s2;45800;INTARIAN_PEPPER_ROOT;10790;11;10788;17;;;10794;15;10797;22;;;10792.0;0.0
sawtooth_volatile_s2;45800;ASH_COATED_OSMIUM;9998;5;9996;10;;;10016;6;10019;25;;;10007.0;0.0
sawtooth_volatile_s2;45900;INTARIAN_PEPPER_ROOT;10787;14;10783;17;;;10793;8;10795;24;;;10790.0;0.0
sawtooth_volatile_s2;45900;ASH_COATED_OSMIUM;10006;28;10004;15;;;10008;13;10012;26;;;10007.0;0.0
sawtooth_volatile_s2;46000;INTARIAN_PEPPER_ROOT;10785;12;10783;34;;;10801;5;10803;22;;;10793.0;0.0
sawtooth_volatile_s2;46000;ASH_COATED_OSMIUM;9982;16;9978;9;;;10028;28;10030;16;;;10005.0;0.0
sawtooth_volatile_s2;46100;INTARIAN_PEPPER_ROOT;10788;8;10785;15;;;10802;16;10805;23;;;10795.0;0.0
sawtooth_volatile_s2;46100;ASH_COATED_OSMIUM;9989;26;9987;11;;;10033;11;10036;22;;;10011.0;0.0
sawtooth_volatile_s2;46200;INTARIAN_PEPPER_ROOT;10786;16;10782;13;;;10802;8;10806;26;;;10794.0;0.0
sawtooth_volatile_s2;46200;ASH_COATED_OSMIUM;10003;18;10001;21;;;10017;12;10020;15;;;10010.0;0.0
sawtooth_volatile_s2;46300;INTARIAN_PEPPER_ROOT;10790;5;10787;20;;;10800;10;10802;26;;;10795.0;0.0
sawtooth_volatile_s2;46300;ASH_COATED_OSMIUM;10009;8;10005;20;;;10017;15;10020;17;;;10013.0;0.0
sawtooth_volatile_s2;46400;INTARIAN_PEPPER_ROOT;10786;19;10784;20;;;10806;15;10810;20;;;10796.0;0.0
sawtooth_volatile_s2;46400;ASH_COATED_OSMIUM;9975;20;9971;16;;;10063;30;10066;20;;;10019.0;0.0
sawtooth_volatile_s2;46500;INTARIAN_PEPPER_ROOT;10782;19;10778;18;;;10810;13;10814;20;;;10796.0;0.0
sawtooth_volatile_s2;46500;ASH_COATED_OSMIUM;9997;5;9993;21;;;10043;17;10045;17;;;10020.0;0.0
sawtooth_volatile_s2;46600;INTARIAN_PEPPER_ROOT;10796;13;10792;10;;;10798;12;10802;20;;;10797.0;0.0
sawtooth_volatile_s2;46600;ASH_COATED_OSMIUM;10015;8;10011;16;;;10027;12;10030;20;;;10021.0;0.0
sawtooth_volatile_s2;46700;INTARIAN_PEPPER_ROOT;10787;12;10785;22;;;10809;12;10813;21;;;10798.0;0.0
sawtooth_volatile_s2;46700;ASH_COATED_OSMIUM;10013;13;10009;16;;;10025;12;10028;27;;;10019.0;0.0
sawtooth_volatile_s2;46800;INTARIAN_PEPPER_ROOT;10796;12;10794;23;;;10798;7;10802;27;;;10797.0;0.0
sawtooth_volatile_s2;46800;ASH_COATED_OSMIUM;9999;15;9997;14;;;10039;5;10042;21;;;10019.0;0.0
sawtooth_volatile_s2;46900;INTARIAN_PEPPER_ROOT;10789;20;10786;22;;;10799;10;10801;19;;;10794.0;0.0
sawtooth_volatile_s2;46900;ASH_COATED_OSMIUM;10014;12;10012;16;;;10024;11;10026;23;;;10019.0;0.0
sawtooth_volatile_s2;47000;INTARIAN_PEPPER_ROOT;10794;15;10790;27;;;10796;7;10799;20;;;10795.0;0.0
sawtooth_volatile_s2;47000;ASH_COATED_OSMIUM;10009;16;10005;19;;;10025;5;10027;16;;;10017.0;0.0
sawtooth_volatile_s2;47100;INTARIAN_PEPPER_ROOT;10784;8;10781;20;;;10806;11;10809;18;;;10795.0;0.0
sawtooth_volatile_s2;47100;ASH_COATED_OSMIUM;9991;5;9987;15;;;10037;15;10041;17;;;10014.0;0.0
sawtooth_volatile_s2;47200;INTARIAN_PEPPER_ROOT;10794;13;10792;14;;;10800;12;10802;13;;;10797.0;0.0
sawtooth_volatile_s2;47200;ASH_COATED_OSMIUM;10011;7;10007;19;;;10017;12;10019;21;;;10014.0;0.0
sawtooth_volatile_s2;47300;INTARIAN_PEPPER_ROOT;10788;10;10785;15;;;10802;17;10805;11;;;10795.0;0.0
sawtooth_volatile_s2;47300;ASH_COATED_OSMIUM;10008;10;10005;24;;;10010;15;10012;20;;;10009.0;0.0
sawtooth_volatile_s2;47400;INTARIAN_PEPPER_ROOT;10791;18;10788;16;;;10797;15;10801;20;;;10794.0;0.0
sawtooth_volatile_s2;47400;ASH_COATED_OSMIUM;10007;17;10003;16;;;10011;7;10014;16;;;10009.0;0.0
sawtooth_volatile_s2;47500;INTARIAN_PEPPER_ROOT;10795;12;10791;27;;;10799;19;10801;15;;;10797.0;0.0
sawtooth_volatile_s2;47500;ASH_COATED_OSMIUM;9992;18;9988;16;;;10020;15;10024;15;;;10006.0;0.0
sawtooth_volatile_s2;47600;INTARIAN_PEPPER_ROOT;10795;17;10791;13;;;10797;15;10801;17;;;10796.0;0.0
sawtooth_volatile_s2;47600;ASH_COATED_OSMIUM;9999;14;9995;17;;;10013;14;10017;11;;;10006.0;0.0
sawtooth_volatile_s2;47700;INTARIAN_PEPPER_ROOT;10781;20;10779;17;;;10813;16;10817;22;;;10797.0;0.0
sawtooth_volatile_s2;47700;ASH_COATED_OSMIUM;10001;12;9999;12;;;10003;20;10007;14;;;10002.0;0.0
sawtooth_volatile_s2;47800;INTARIAN_PEPPER_ROOT;10783;8;10779;22;;;10811;15;10813;16;;;10797.0;0.0
sawtooth_volatile_s2;47800;ASH_COATED_OSMIUM;9990;9;9988;32;;;10010;12;10013;24;;;10000.0;0.0
sawtooth_volatile_s2;47900;INTARIAN_PEPPER_ROOT;10787;17;10783;13;;;10807;11;10810;22;;;10797.0;0.0
sawtooth_volatile_s2;47900;ASH_COATED_OSMIUM;9989;19;9985;16;;;10013;5;10016;19;;;10001.0;0.0
sawtooth_volatile_s2;48000;INTARIAN_PEPPER_ROOT;10786;12;10783;25;;;10804;16;10808;22;;;10795.0;0.0
sawtooth_volatile_s2;48000;ASH_COATED_OSMIUM;10005;19;10001;16;;;10009;10;10012;17;;;10007.0;0.0
sawtooth_volatile_s2;48100;INTARIAN_PEPPER_ROOT;10796;13;10792;21;;;10800;15;10803;20;;;10798.0;0.0
sawtooth_volatile_s2;48100;ASH_COATED_OSMIUM;10004;8;10002;22;;;10016;5;10018;30;;;10010.0;0.0
sawtooth_volatile_s2;48200;INTARIAN_PEPPER_ROOT;10789;17;10786;12;;;10801;10;10803;21;;;10795.0;0.0
sawtooth_volatile_s2;48200;ASH_COATED_OSMIUM;10005;20;10003;19;;;10011;11;10013;17;;;10008.0;0.0
sawtooth_volatile_s2;48300;INTARIAN_PEPPER_ROOT;10788;17;10785;20;;;10800;12;10802;20;;;10794.0;0.0
sawtooth_volatile_s2;48300;ASH_COATED_OSMIUM;10005;22;10003;20;;;10007;11;10009;22;;;10006.0;0.0
sawtooth_volatile_s2;48400;INTARIAN_PEPPER_ROOT;10778;18;10775;19;;;10808;12;10810;17;;;10793.0;0.0
sawtooth_volatile_s2;48400;ASH_COATED_OSMIUM;9989;18;9985;13;;;10009;6;10012;8;;;9999.0;0.0
sawtooth_volatile_s2;48500;INTARIAN_PEPPER_ROOT;10795;16;10793;20;;;10797;12;10799;11;;;10796.0;0.0
sawtooth_volatile_s2;48500;ASH_COATED_OSMIUM;9966;10;9962;17;;;10022;11;10026;24;;;9994.0;0.0
sawtooth_volatile_s2;48600;INTARIAN_PEPPER_ROOT;10789;20;10787;17;;;10805;17;10807;21;;;10797.0;0.0
sawtooth_volatile_s2;48600;ASH_COATED_OSMIUM;9992;8;9988;15;;;10002;9;10004;19;;;9997.0;0.0
sawtooth_volatile_s2;48700;INTARIAN_PEPPER_ROOT;10797;9;10793;13;;;10799;13;10802;26;;;10798.0;0.0
sawtooth_volatile_s2;48700;ASH_COATED_OSMIUM;9998;13;9995;21;;;10002;16;10006;19;;;10000.0;0.0
sawtooth_volatile_s2;48800;INTARIAN_PEPPER_ROOT;10790;12;10788;25;;;10808;19;10811;18;;;10799.0;0.0
sawtooth_volatile_s2;48800;ASH_COATED_OSMIUM;9974;5;9972;20;;;10024;9;10026;17;;;9999.0;0.0
sawtooth_volatile_s2;48900;INTARIAN_PEPPER_ROOT;10791;24;10787;20;;;10809;12;10813;22;;;10800.0;0.0
sawtooth_volatile_s2;48900;ASH_COATED_OSMIUM;9993;11;9990;22;;;10003;13;10007;15;;;9998.0;0.0
sawtooth_volatile_s2;49000;INTARIAN_PEPPER_ROOT;10800;5;10798;19;;;10802;10;10806;20;;;10801.0;0.0
sawtooth_volatile_s2;49000;ASH_COATED_OSMIUM;9992;15;9990;31;;;10006;10;10009;18;;;9999.0;0.0
sawtooth_volatile_s2;49100;INTARIAN_PEPPER_ROOT;10792;17;10790;21;;;10816;11;10819;19;;;10804.0;0.0
sawtooth_volatile_s2;49100;ASH_COATED_OSMIUM;9996;12;9993;23;;;10002;5;10006;18;;;9999.0;0.0
sawtooth_volatile_s2;49200;INTARIAN_PEPPER_ROOT;10803;13;10800;21;;;10807;23;10809;10;;;10805.0;0.0
sawtooth_volatile_s2;49200;ASH_COATED_OSMIUM;9976;14;9972;21;;;10024;16;10028;25;;;10000.0;0.0
sawtooth_volatile_s2;49300;INTARIAN_PEPPER_ROOT;10802;14;10798;21;;;10804;25;10806;22;;;10803.0;0.0
sawtooth_volatile_s2;49300;ASH_COATED_OSMIUM;9980;5;9976;16;;;10012;5;10015;18;;;9996.0;0.0
sawtooth_volatile_s2;49400;INTARIAN_PEPPER_ROOT;10805;18;10802;18;;;10807;11;10811;13;;;10806.0;0.0
sawtooth_volatile_s2;49400;ASH_COATED_OSMIUM;9992;11;9988;22;;;10002;11;10005;27;;;9997.0;0.0
sawtooth_volatile_s2;49500;INTARIAN_PEPPER_ROOT;10806;12;10802;23;;;10808;9;10810;23;;;10807.0;0.0
sawtooth_volatile_s2;49500;ASH_COATED_OSMIUM;9979;10;9977;19;;;10015;20;10017;23;;;9997.0;0.0
sawtooth_volatile_s2;49600;INTARIAN_PEPPER_ROOT;10799;5;10795;16;;;10813;13;10815;16;;;10806.0;0.0
sawtooth_volatile_s2;49600;ASH_COATED_OSMIUM;9984;19;9981;26;;;10008;24;10010;16;;;9996.0;0.0
sawtooth_volatile_s2;49700;INTARIAN_PEPPER_ROOT;10796;15;10794;20;;;10816;16;10820;20;;;10806.0;0.0
sawtooth_volatile_s2;49700;ASH_COATED_OSMIUM;10000;10;9997;16;;;10002;10;10004;22;;;10001.0;0.0
sawtooth_volatile_s2;49800;INTARIAN_PEPPER_ROOT;10803;11;10801;8;;;10807;8;10811;17;;;10805.0;0.0
sawtooth_volatile_s2;49800;ASH_COATED_OSMIUM;10002;12;10000;25;;;10006;10;10008;15;;;10004.0;0.0
sawtooth_volatile_s2;49900;INTARIAN_PEPPER_ROOT;10806;13;10804;28;;;10812;14;10815;12;;;10809.0;0.0
sawtooth_volatile_s2;49900;ASH_COATED_OSMIUM;9994;11;9991;30;;;10012;24;10015;29;;;10003.0;0.0
sawtooth_volatile_s2;50000;INTARIAN_PEPPER_ROOT;10789;9;10787;24;;;10831;9;10835;11;;;10810.0;0.0
sawtooth_volatile_s2;50000;ASH_COATED_OSMIUM;10000;17;9996;20;;;10006;23;10010;23;;;10003.0;0.0
sawtooth_volatile_s2;50100;INTARIAN_PEPPER_ROOT;10789;13;10786;19;;;10823;10;10826;21;;;10806.0;0.0
sawtooth_volatile_s2;50100;ASH_COATED_OSMIUM;9990;8;9987;18;;;10014;22;10018;25;;;10002.0;0.0
sawtooth_volatile_s2;50200;INTARIAN_PEPPER_ROOT;10784;11;10782;11;;;10832;10;10834;20;;;10808.0;0.0
sawtooth_volatile_s2;50200;ASH_COATED_OSMIUM;9998;15;9996;18;;;10000;12;10003;23;;;9999.0;0.0
sawtooth_volatile_s2;50300;INTARIAN_PEPPER_ROOT;10805;13;10802;33;;;10809;9;10812;25;;;10807.0;0.0
sawtooth_volatile_s2;50300;ASH_COATED_OSMIUM;9998;5;9996;19;;;10000;15;10004;23;;;9999.0;0.0
sawtooth_volatile_s2;50400;INTARIAN_PEPPER_ROOT;10807;17;10804;20;;;10813;16;10817;26;;;10810.0;0.0
sawtooth_volatile_s2;50400;ASH_COATED_OSMIUM;9993;17;9991;15;;;10007;9;10010;17;;;10000.0;0.0
sawtooth_volatile_s2;50500;INTARIAN_PEPPER_ROOT;10805;14;10802;21;;;10817;5;10820;11;;;10811.0;0.0
sawtooth_volatile_s2;50500;ASH_COATED_OSMIUM;9978;12;9974;11;;;10012;17;10015;17;;;9995.0;0.0
sawtooth_volatile_s2;50600;INTARIAN_PEPPER_ROOT;10795;17;10793;21;;;10823;16;10825;17;;;10809.0;0.0
sawtooth_volatile_s2;50600;ASH_COATED_OSMIUM;9988;12;9984;32;;;10006;12;10009;12;;;9997.0;0.0
sawtooth_volatile_s2;50700;INTARIAN_PEPPER_ROOT;10807;10;10803;27;;;10811;24;10815;24;;;10809.0;0.0
sawtooth_volatile_s2;50700;ASH_COATED_OSMIUM;9995;18;9991;20;;;10013;5;10017;25;;;10004.0;0.0
sawtooth_volatile_s2;50800;INTARIAN_PEPPER_ROOT;10795;15;10791;22;;;10819;10;10822;23;;;10807.0;0.0
sawtooth_volatile_s2;50800;ASH_COATED_OSMIUM;9991;7;9988;18;;;10017;11;10020;20;;;10004.0;0.0
sawtooth_volatile_s2;50900;INTARIAN_PEPPER_ROOT;10779;26;10777;18;;;10835;11;10837;28;;;10807.0;0.0
sawtooth_volatile_s2;50900;ASH_COATED_OSMIUM;10000;18;9998;20;;;10016;5;10020;23;;;10008.0;0.0
sawtooth_volatile_s2;51000;INTARIAN_PEPPER_ROOT;10805;16;10802;16;;;10807;14;10811;12;;;10806.0;0.0
sawtooth_volatile_s2;51000;ASH_COATED_OSMIUM;9991;9;9989;18;;;10023;10;10027;17;;;10007.0;0.0
sawtooth_volatile_s2;51100;INTARIAN_PEPPER_ROOT;10803;26;10800;30;;;10805;13;10807;17;;;10804.0;0.0
sawtooth_volatile_s2;51100;ASH_COATED_OSMIUM;10007;9;10004;21;;;10009;18;10013;16;;;10008.0;0.0
sawtooth_volatile_s2;51200;INTARIAN_PEPPER_ROOT;10804;13;10802;24;;;10806;7;10810;19;;;10805.0;0.0
sawtooth_volatile_s2;51200;ASH_COATED_OSMIUM;9993;7;9990;24;;;10021;12;10023;16;;;10007.0;0.0
sawtooth_volatile_s2;51300;INTARIAN_PEPPER_ROOT;10790;25;10788;21;;;10820;22;10822;18;;;10805.0;0.0
sawtooth_volatile_s2;51300;ASH_COATED_OSMIUM;10001;11;9997;18;;;10013;11;10017;10;;;10007.0;0.0
