day;timestamp;product;bid_price_1;bid_volume_1;bid_price_2;bid_volume_2;bid_price_3;bid_volume_3;ask_price_1;ask_volume_1;ask_price_2;ask_volume_2;ask_price_3;ask_volume_3;mid_price;profit_and_loss
sideways_drift_s0;0;INTARIAN_PEPPER_ROOT;11493;14;11490;25;;;11509;15;11513;17;;;11501.0;0.0
sideways_drift_s0;0;ASH_COATED_OSMIUM;9981;8;9979;18;;;10017;12;10019;19;;;9999.0;0.0
sideways_drift_s0;100;INTARIAN_PEPPER_ROOT;11503;18;11499;17;;;11507;21;11511;19;;;11505.0;0.0
sideways_drift_s0;100;ASH_COATED_OSMIUM;9995;11;9991;23;;;10001;7;10003;23;;;9998.0;0.0
sideways_drift_s0;200;INTARIAN_PEPPER_ROOT;11497;8;11494;14;;;11523;18;11526;28;;;11510.0;0.0
sideways_drift_s0;200;ASH_COATED_OSMIUM;9995;11;9991;18;;;10007;12;10009;26;;;10001.0;0.0
sideways_drift_s0;300;INTARIAN_PEPPER_ROOT;11492;18;11489;23;;;11538;9;11540;22;;;11515.0;0.0
sideways_drift_s0;300;ASH_COATED_OSMIUM;10000;18;9996;20;;;10002;13;10005;20;;;10001.0;0.0
sideways_drift_s0;400;INTARIAN_PEPPER_ROOT;11507;14;11503;19;;;11535;13;11538;12;;;11521.0;0.0
sideways_drift_s0;400;ASH_COATED_OSMIUM;9996;16;9993;21;;;10006;15;10009;21;;;10001.0;0.0
sideways_drift_s0;500;INTARIAN_PEPPER_ROOT;11517;15;11514;17;;;11531;21;11533;17;;;11524.0;0.0
sideways_drift_s0;500;ASH_COATED_OSMIUM;9988;20;9986;31;;;10010;17;10012;25;;;9999.0;0.0
sideways_drift_s0;600;INTARIAN_PEPPER_ROOT;11522;15;11518;12;;;11534;13;11538;26;;;11528.0;0.0
sideways_drift_s0;600;ASH_COATED_OSMIUM;9987;6;9984;26;;;10017;13;10020;14;;;10002.0;0.0
sideways_drift_s0;700;INTARIAN_PEPPER_ROOT;11522;9;11519;26;;;11540;7;11543;20;;;11531.0;0.0
sideways_drift_s0;700;ASH_COATED_OSMIUM;9999;15;9996;20;;;10009;7;10012;23;;;10004.0;0.0
sideways_drift_s0;800;INTARIAN_PEPPER_ROOT;11505;23;11503;27;;;11565;9;11568;26;;;11535.0;0.0
sideways_drift_s0;800;ASH_COATED_OSMIUM;10000;5;9997;16;;;10006;13;10009;10;;;10003.0;0.0
sideways_drift_s0;900;INTARIAN_PEPPER_ROOT;11530;23;11528;17;;;11548;12;11550;22;;;11539.0;0.0
sideways_drift_s0;900;ASH_COATED_OSMIUM;9988;7;9985;21;;;10014;12;10016;16;;;10001.0;0.0
sideways_drift_s0;1000;INTARIAN_PEPPER_ROOT;11532;18;11528;23;;;11554;5;11556;22;;;11543.0;0.0
sideways_drift_s0;1000;ASH_COATED_OSMIUM;10001;16;9998;21;;;10003;11;10006;23;;;10002.0;0.0
sideways_drift_s0;1100;INTARIAN_PEPPER_ROOT;11546;18;11544;15;;;11548;13;11550;28;;;11547.0;0.0
sideways_drift_s0;1100;ASH_COATED_OSMIUM;9990;8;9987;20;;;10006;14;10008;26;;;9998.0;0.0
sideways_drift_s0;1200;INTARIAN_PEPPER_ROOT;11534;14;11530;16;;;11570;8;11574;16;;;11552.0;0.0
sideways_drift_s0;1200;ASH_COATED_OSMIUM;9999;8;9995;24;;;10003;10;10007;26;;;10001.0;0.0
sideways_drift_s0;1300;INTARIAN_PEPPER_ROOT;11552;9;11549;19;;;11560;16;11563;25;;;11556.0;0.0
sideways_drift_s0;1300;ASH_COATED_OSMIUM;10000;8;9997;22;;;10002;11;10004;16;;;10001.0;0.0
sideways_drift_s0;1400;INTARIAN_PEPPER_ROOT;11551;14;11548;11;;;11569;12;11572;26;;;11560.0;0.0
sideways_drift_s0;1400;ASH_COATED_OSMIUM;9998;10;9994;18;;;10006;17;10009;18;;;10002.0;0.0
sideways_drift_s0;1500;INTARIAN_PEPPER_ROOT;11551;5;11547;14;;;11575;11;11577;25;;;11563.0;0.0
sideways_drift_s0;1500;ASH_COATED_OSMIUM;9998;17;9995;28;;;10012;21;10015;23;;;10005.0;0.0
sideways_drift_s0;1600;INTARIAN_PEPPER_ROOT;11563;16;11559;25;;;11573;10;11576;20;;;11568.0;0.0
sideways_drift_s0;1600;ASH_COATED_OSMIUM;9991;10;9987;14;;;10015;14;10019;13;;;10003.0;0.0
sideways_drift_s0;1700;INTARIAN_PEPPER_ROOT;11568;8;11564;15;;;11576;14;11579;15;;;11572.0;0.0
sideways_drift_s0;1700;ASH_COATED_OSMIUM;10001;15;9998;19;;;10003;14;10006;25;;;10002.0;0.0
sideways_drift_s0;1800;INTARIAN_PEPPER_ROOT;11571;10;11567;30;;;11581;11;11583;29;;;11576.0;0.0
sideways_drift_s0;1800;ASH_COATED_OSMIUM;9996;9;9993;20;;;10008;11;10012;26;;;10002.0;0.0
sideways_drift_s0;1900;INTARIAN_PEPPER_ROOT;11575;20;11573;8;;;11581;25;11584;18;;;11578.0;0.0
sideways_drift_s0;1900;ASH_COATED_OSMIUM;10003;14;10001;25;;;10005;16;10008;12;;;10004.0;0.0
sideways_drift_s0;2000;INTARIAN_PEPPER_ROOT;11578;17;11575;16;;;11580;15;11584;23;;;11579.0;0.0
sideways_drift_s0;2000;ASH_COATED_OSMIUM;10004;12;10001;15;;;10010;5;10014;17;;;10007.0;0.0
sideways_drift_s0;2100;INTARIAN_PEPPER_ROOT;11582;25;11580;16;;;11584;5;11587;18;;;11583.0;0.0
sideways_drift_s0;2100;ASH_COATED_OSMIUM;9996;7;9992;16;;;10022;12;10024;14;;;10009.0;0.0
sideways_drift_s0;2200;INTARIAN_PEPPER_ROOT;11578;17;11576;20;;;11596;18;11599;30;;;11587.0;0.0
sideways_drift_s0;2200;ASH_COATED_OSMIUM;10007;15;10004;20;;;10013;14;10017;22;;;10010.0;0.0
sideways_drift_s0;2300;INTARIAN_PEPPER_ROOT;11589;23;11586;15;;;11591;20;11594;21;;;11590.0;0.0
sideways_drift_s0;2300;ASH_COATED_OSMIUM;9994;7;9990;20;;;10030;16;10033;20;;;10012.0;0.0
sideways_drift_s0;2400;INTARIAN_PEPPER_ROOT;11588;16;11584;18;;;11606;22;11609;27;;;11597.0;0.0
sideways_drift_s0;2400;ASH_COATED_OSMIUM;10005;12;10001;20;;;10007;7;10009;20;;;10006.0;0.0
sideways_drift_s0;2500;INTARIAN_PEPPER_ROOT;11590;13;11587;27;;;11606;13;11609;15;;;11598.0;0.0
sideways_drift_s0;2500;ASH_COATED_OSMIUM;10004;10;10000;14;;;10006;10;10008;24;;;10005.0;0.0
sideways_drift_s0;2600;INTARIAN_PEPPER_ROOT;11600;10;11597;21;;;11604;9;11608;23;;;11602.0;0.0
sideways_drift_s0;2600;ASH_COATED_OSMIUM;9999;11;9997;19;;;10007;7;10009;27;;;10003.0;0.0
sideways_drift_s0;2700;INTARIAN_PEPPER_ROOT;11603;14;11601;17;;;11607;20;11610;18;;;11605.0;0.0
sideways_drift_s0;2700;ASH_COATED_OSMIUM;9995;15;9992;21;;;10019;17;10021;8;;;10007.0;0.0
sideways_drift_s0;2800;INTARIAN_PEPPER_ROOT;11606;19;11602;18;;;11614;19;11616;22;;;11610.0;0.0
sideways_drift_s0;2800;ASH_COATED_OSMIUM;10001;16;9998;11;;;10009;9;10013;24;;;10005.0;0.0
sideways_drift_s0;2900;INTARIAN_PEPPER_ROOT;11614;13;11610;24;;;11616;7;11618;21;;;11615.0;0.0
sideways_drift_s0;2900;ASH_COATED_OSMIUM;10009;9;10007;20;;;10011;12;10014;18;;;10010.0;0.0
sideways_drift_s0;3000;INTARIAN_PEPPER_ROOT;11606;10;11602;22;;;11632;11;11635;22;;;11619.0;0.0
sideways_drift_s0;3000;ASH_COATED_OSMIUM;10006;9;10003;15;;;10010;9;10014;21;;;10008.0;0.0
sideways_drift_s0;3100;INTARIAN_PEPPER_ROOT;11597;8;11594;24;;;11649;19;11653;20;;;11623.0;0.0
sideways_drift_s0;3100;ASH_COATED_OSMIUM;10006;12;10003;21;;;10008;17;10010;10;;;10007.0;0.0
sideways_drift_s0;3200;INTARIAN_PEPPER_ROOT;11620;13;11616;23;;;11630;10;11634;16;;;11625.0;0.0
sideways_drift_s0;3200;ASH_COATED_OSMIUM;10006;15;10002;29;;;10014;10;10017;27;;;10010.0;0.0
sideways_drift_s0;3300;INTARIAN_PEPPER_ROOT;11616;16;11613;14;;;11638;20;11640;21;;;11627.0;0.0
sideways_drift_s0;3300;ASH_COATED_OSMIUM;10005;13;10002;11;;;10015;17;10019;12;;;10010.0;0.0
sideways_drift_s0;3400;INTARIAN_PEPPER_ROOT;11595;14;11592;17;;;11665;14;11667;21;;;11630.0;0.0
sideways_drift_s0;3400;ASH_COATED_OSMIUM;10005;9;10002;19;;;10017;5;10021;18;;;10011.0;0.0
sideways_drift_s0;3500;INTARIAN_PEPPER_ROOT;11620;17;11616;30;;;11646;11;11650;27;;;11633.0;0.0
sideways_drift_s0;3500;ASH_COATED_OSMIUM;10012;12;10008;27;;;10014;15;10016;26;;;10013.0;0.0
sideways_drift_s0;3600;INTARIAN_PEPPER_ROOT;11621;22;11618;20;;;11655;12;11658;21;;;11638.0;0.0
sideways_drift_s0;3600;ASH_COATED_OSMIUM;9985;12;9983;20;;;10041;10;10043;14;;;10013.0;0.0
sideways_drift_s0;3700;INTARIAN_PEPPER_ROOT;11634;19;11632;15;;;11652;13;11656;25;;;11643.0;0.0
sideways_drift_s0;3700;ASH_COATED_OSMIUM;10011;10;10007;8;;;10013;13;10015;9;;;10012.0;0.0
sideways_drift_s0;3800;INTARIAN_PEPPER_ROOT;11641;5;11639;19;;;11651;14;11654;19;;;11646.0;0.0
sideways_drift_s0;3800;ASH_COATED_OSMIUM;10007;13;10005;27;;;10019;21;10023;14;;;10013.0;0.0
sideways_drift_s0;3900;INTARIAN_PEPPER_ROOT;11647;18;11645;19;;;11653;19;11656;23;;;11650.0;0.0
sideways_drift_s0;3900;ASH_COATED_OSMIUM;10004;16;10000;16;;;10020;11;10024;32;;;10012.0;0.0
sideways_drift_s0;4000;INTARIAN_PEPPER_ROOT;11646;22;11643;17;;;11658;5;11660;23;;;11652.0;0.0
sideways_drift_s0;4000;ASH_COATED_OSMIUM;10010;13;10007;18;;;10012;19;10015;20;;;10011.0;0.0
sideways_drift_s0;4100;INTARIAN_PEPPER_ROOT;11653;18;11650;17;;;11655;14;11657;23;;;11654.0;0.0
sideways_drift_s0;4100;ASH_COATED_OSMIUM;9997;7;9994;20;;;10023;12;10025;30;;;10010.0;0.0
sideways_drift_s0;4200;INTARIAN_PEPPER_ROOT;11653;12;11651;23;;;11659;8;11661;19;;;11656.0;0.0
sideways_drift_s0;4200;ASH_COATED_OSMIUM;9999;21;9996;20;;;10021;12;10025;23;;;10010.0;0.0
sideways_drift_s0;4300;INTARIAN_PEPPER_ROOT;11638;14;11634;8;;;11684;9;11688;17;;;11661.0;0.0
sideways_drift_s0;4300;ASH_COATED_OSMIUM;9989;15;9986;9;;;10029;20;10032;28;;;10009.0;0.0
sideways_drift_s0;4400;INTARIAN_PEPPER_ROOT;11648;20;11645;17;;;11680;21;11682;24;;;11664.0;0.0
sideways_drift_s0;4400;ASH_COATED_OSMIUM;10002;9;9998;23;;;10018;20;10022;21;;;10010.0;0.0
sideways_drift_s0;4500;INTARIAN_PEPPER_ROOT;11642;14;11639;18;;;11692;11;11695;31;;;11667.0;0.0
sideways_drift_s0;4500;ASH_COATED_OSMIUM;10004;5;10000;14;;;10016;12;10018;24;;;10010.0;0.0
sideways_drift_s0;4600;INTARIAN_PEPPER_ROOT;11668;15;11664;25;;;11670;18;11672;24;;;11669.0;0.0
sideways_drift_s0;4600;ASH_COATED_OSMIUM;9981;14;9978;22;;;10041;9;10045;21;;;10011.0;0.0
sideways_drift_s0;4700;INTARIAN_PEPPER_ROOT;11672;18;11669;23;;;11674;14;11678;18;;;11673.0;0.0
sideways_drift_s0;4700;ASH_COATED_OSMIUM;10007;12;10003;10;;;10009;5;10012;13;;;10008.0;0.0
sideways_drift_s0;4800;INTARIAN_PEPPER_ROOT;11674;14;11671;17;;;11676;18;11680;25;;;11675.0;0.0
sideways_drift_s0;4800;ASH_COATED_OSMIUM;10006;7;10004;21;;;10014;15;10018;11;;;10010.0;0.0
sideways_drift_s0;4900;INTARIAN_PEPPER_ROOT;11669;12;11665;13;;;11687;14;11690;20;;;11678.0;0.0
sideways_drift_s0;4900;ASH_COATED_OSMIUM;10010;11;10006;25;;;10012;17;10016;20;;;10011.0;0.0
sideways_drift_s0;5000;INTARIAN_PEPPER_ROOT;11677;18;11674;16;;;11685;14;11687;8;;;11681.0;0.0
sideways_drift_s0;5000;ASH_COATED_OSMIUM;10012;15;10009;15;;;10014;12;10016;27;;;10013.0;0.0
sideways_drift_s0;5100;INTARIAN_PEPPER_ROOT;11683;14;11681;15;;;11687;17;11689;9;;;11685.0;0.0
sideways_drift_s0;5100;ASH_COATED_OSMIUM;10007;13;10005;17;;;10023;14;10026;15;;;10015.0;0.0
sideways_drift_s0;5200;INTARIAN_PEPPER_ROOT;11676;18;11674;23;;;11700;15;11702;24;;;11688.0;0.0
sideways_drift_s0;5200;ASH_COATED_OSMIUM;10014;10;10011;12;;;10020;8;10022;25;;;10017.0;0.0
sideways_drift_s0;5300;INTARIAN_PEPPER_ROOT;11679;10;11676;22;;;11701;14;11703;23;;;11690.0;0.0
sideways_drift_s0;5300;ASH_COATED_OSMIUM;10017;8;10014;29;;;10019;5;10021;19;;;10018.0;0.0
sideways_drift_s0;5400;INTARIAN_PEPPER_ROOT;11692;6;11690;20;;;11694;11;11696;23;;;11693.0;0.0
sideways_drift_s0;5400;ASH_COATED_OSMIUM;9983;19;9981;16;;;10053;6;10056;27;;;10018.0;0.0
sideways_drift_s0;5500;INTARIAN_PEPPER_ROOT;11696;9;11692;23;;;11698;17;11700;19;;;11697.0;0.0
sideways_drift_s0;5500;ASH_COATED_OSMIUM;10015;6;10013;16;;;10021;15;10025;22;;;10018.0;0.0
sideways_drift_s0;5600;INTARIAN_PEPPER_ROOT;11700;18;11696;12;;;11702;16;11706;24;;;11701.0;0.0
sideways_drift_s0;5600;ASH_COATED_OSMIUM;10017;21;10013;15;;;10019;21;10023;13;;;10018.0;0.0
sideways_drift_s0;5700;INTARIAN_PEPPER_ROOT;11692;11;11690;10;;;11716;16;11718;21;;;11704.0;0.0
sideways_drift_s0;5700;ASH_COATED_OSMIUM;10014;13;10010;9;;;10020;10;10023;22;;;10017.0;0.0
sideways_drift_s0;5800;INTARIAN_PEPPER_ROOT;11706;19;11702;19;;;11708;20;11712;23;;;11707.0;0.0
sideways_drift_s0;5800;ASH_COATED_OSMIUM;10008;15;10006;14;;;10030;21;10032;23;;;10019.0;0.0
sideways_drift_s0;5900;INTARIAN_PEPPER_ROOT;11708;6;11705;20;;;11710;14;11713;18;;;11709.0;0.0
sideways_drift_s0;5900;ASH_COATED_OSMIUM;10016;11;10014;19;;;10020;12;10022;17;;;10018.0;0.0
sideways_drift_s0;6000;INTARIAN_PEPPER_ROOT;11708;20;11705;19;;;11718;5;11722;26;;;11713.0;0.0
sideways_drift_s0;6000;ASH_COATED_OSMIUM;10013;12;10011;26;;;10015;15;10019;21;;;10014.0;0.0
sideways_drift_s0;6100;INTARIAN_PEPPER_ROOT;11715;11;11711;10;;;11717;12;11721;16;;;11716.0;0.0
sideways_drift_s0;6100;ASH_COATED_OSMIUM;9979;14;9977;21;;;10053;15;10056;26;;;10016.0;0.0
sideways_drift_s0;6200;INTARIAN_PEPPER_ROOT;11715;10;11712;20;;;11721;17;11723;23;;;11718.0;0.0
sideways_drift_s0;6200;ASH_COATED_OSMIUM;10017;8;10015;22;;;10019;9;10021;20;;;10018.0;0.0
sideways_drift_s0;6300;INTARIAN_PEPPER_ROOT;11712;17;11710;19;;;11728;10;11731;22;;;11720.0;0.0
sideways_drift_s0;6300;ASH_COATED_OSMIUM;10014;5;10012;26;;;10020;14;10023;23;;;10017.0;0.0
sideways_drift_s0;6400;INTARIAN_PEPPER_ROOT;11712;12;11709;24;;;11734;20;11737;15;;;11723.0;0.0
sideways_drift_s0;6400;ASH_COATED_OSMIUM;10013;5;10010;21;;;10015;20;10019;20;;;10014.0;0.0
sideways_drift_s0;6500;INTARIAN_PEPPER_ROOT;11725;23;11722;21;;;11727;16;11729;21;;;11726.0;0.0
sideways_drift_s0;6500;ASH_COATED_OSMIUM;9985;18;9981;19;;;10039;17;10042;22;;;10012.0;0.0
sideways_drift_s0;6600;INTARIAN_PEPPER_ROOT;11727;6;11724;12;;;11729;9;11731;20;;;11728.0;0.0
sideways_drift_s0;6600;ASH_COATED_OSMIUM;10013;7;10010;23;;;10015;5;10019;22;;;10014.0;0.0
sideways_drift_s0;6700;INTARIAN_PEPPER_ROOT;11699;23;11696;25;;;11765;12;11768;21;;;11732.0;0.0
sideways_drift_s0;6700;ASH_COATED_OSMIUM;10007;20;10005;13;;;10021;13;10023;22;;;10014.0;0.0
sideways_drift_s0;6800;INTARIAN_PEPPER_ROOT;11733;20;11730;14;;;11735;19;11738;24;;;11734.0;0.0
sideways_drift_s0;6800;ASH_COATED_OSMIUM;10013;13;10009;20;;;10019;15;10022;21;;;10016.0;0.0
sideways_drift_s0;6900;INTARIAN_PEPPER_ROOT;11728;15;11724;27;;;11746;16;11749;24;;;11737.0;0.0
sideways_drift_s0;6900;ASH_COATED_OSMIUM;10000;11;9998;14;;;10030;7;10032;20;;;10015.0;0.0
sideways_drift_s0;7000;INTARIAN_PEPPER_ROOT;11740;11;11736;20;;;11742;16;11746;20;;;11741.0;0.0
sideways_drift_s0;7000;ASH_COATED_OSMIUM;10010;20;10007;21;;;10018;12;10022;19;;;10014.0;0.0
sideways_drift_s0;7100;INTARIAN_PEPPER_ROOT;11735;19;11731;16;;;11755;15;11759;24;;;11745.0;0.0
sideways_drift_s0;7100;ASH_COATED_OSMIUM;9994;16;9991;11;;;10032;15;10034;18;;;10013.0;0.0
sideways_drift_s0;7200;INTARIAN_PEPPER_ROOT;11746;11;11743;21;;;11750;8;11752;16;;;11748.0;0.0
sideways_drift_s0;7200;ASH_COATED_OSMIUM;10013;16;10009;24;;;10015;13;10019;30;;;10014.0;0.0
sideways_drift_s0;7300;INTARIAN_PEPPER_ROOT;11729;11;11726;25;;;11773;20;11777;26;;;11751.0;0.0
sideways_drift_s0;7300;ASH_COATED_OSMIUM;10001;11;9999;23;;;10031;12;10033;20;;;10016.0;0.0
sideways_drift_s0;7400;INTARIAN_PEPPER_ROOT;11753;8;11751;13;;;11757;9;11759;23;;;11755.0;0.0
sideways_drift_s0;7400;ASH_COATED_OSMIUM;9995;17;9993;15;;;10039;16;10041;18;;;10017.0;0.0
sideways_drift_s0;7500;INTARIAN_PEPPER_ROOT;11746;10;11742;26;;;11768;11;11772;14;;;11757.0;0.0
sideways_drift_s0;7500;ASH_COATED_OSMIUM;10010;25;10008;24;;;10034;15;10037;22;;;10022.0;0.0
sideways_drift_s0;7600;INTARIAN_PEPPER_ROOT;11751;24;11748;29;;;11769;7;11771;20;;;11760.0;0.0
sideways_drift_s0;7600;ASH_COATED_OSMIUM;10003;15;10001;14;;;10041;14;10043;19;;;10022.0;0.0
sideways_drift_s0;7700;INTARIAN_PEPPER_ROOT;11761;17;11758;13;;;11763;7;11766;22;;;11762.0;0.0
sideways_drift_s0;7700;ASH_COATED_OSMIUM;10023;5;10019;25;;;10025;19;10029;19;;;10024.0;0.0
sideways_drift_s0;7800;INTARIAN_PEPPER_ROOT;11757;5;11755;20;;;11773;10;11776;16;;;11765.0;0.0
sideways_drift_s0;7800;ASH_COATED_OSMIUM;10013;16;10011;15;;;10035;15;10039;21;;;10024.0;0.0
sideways_drift_s0;7900;INTARIAN_PEPPER_ROOT;11764;18;11762;17;;;11774;9;11777;20;;;11769.0;0.0
sideways_drift_s0;7900;ASH_COATED_OSMIUM;10013;7;10010;17;;;10027;12;10029;20;;;10020.0;0.0
sideways_drift_s0;8000;INTARIAN_PEPPER_ROOT;11765;17;11763;17;;;11777;7;11781;15;;;11771.0;0.0
sideways_drift_s0;8000;ASH_COATED_OSMIUM;10023;16;10021;19;;;10025;5;10027;23;;;10024.0;0.0
sideways_drift_s0;8100;INTARIAN_PEPPER_ROOT;11765;12;11762;27;;;11785;11;11787;29;;;11775.0;0.0
sideways_drift_s0;8100;ASH_COATED_OSMIUM;10023;10;10020;23;;;10025;18;10027;14;;;10024.0;0.0
sideways_drift_s0;8200;INTARIAN_PEPPER_ROOT;11774;7;11771;21;;;11782;16;11786;25;;;11778.0;0.0
sideways_drift_s0;8200;ASH_COATED_OSMIUM;10015;10;10011;10;;;10033;20;10035;10;;;10024.0;0.0
sideways_drift_s0;8300;INTARIAN_PEPPER_ROOT;11777;14;11774;10;;;11783;17;11787;24;;;11780.0;0.0
sideways_drift_s0;8300;ASH_COATED_OSMIUM;10023;17;10020;21;;;10025;14;10027;14;;;10024.0;0.0
sideways_drift_s0;8400;INTARIAN_PEPPER_ROOT;11784;9;11781;23;;;11786;11;11790;16;;;11785.0;0.0
sideways_drift_s0;8400;ASH_COATED_OSMIUM;10016;10;10014;18;;;10026;10;10029;26;;;10021.0;0.0
sideways_drift_s0;8500;INTARIAN_PEPPER_ROOT;11786;11;11784;18;;;11792;22;11796;21;;;11789.0;0.0
sideways_drift_s0;8500;ASH_COATED_OSMIUM;10006;5;10002;21;;;10038;10;10042;25;;;10022.0;0.0
sideways_drift_s0;8600;INTARIAN_PEPPER_ROOT;11792;5;11789;12;;;11796;13;11800;9;;;11794.0;0.0
sideways_drift_s0;8600;ASH_COATED_OSMIUM;10019;17;10017;16;;;10029;5;10033;17;;;10024.0;0.0
sideways_drift_s0;8700;INTARIAN_PEPPER_ROOT;11772;12;11769;21;;;11822;16;11824;20;;;11797.0;0.0
sideways_drift_s0;8700;ASH_COATED_OSMIUM;10019;14;10016;18;;;10031;10;10033;20;;;10025.0;0.0
sideways_drift_s0;8800;INTARIAN_PEPPER_ROOT;11790;10;11786;24;;;11808;13;11811;23;;;11799.0;0.0
sideways_drift_s0;8800;ASH_COATED_OSMIUM;10024;11;10021;14;;;10028;16;10031;24;;;10026.0;0.0
sideways_drift_s0;8900;INTARIAN_PEPPER_ROOT;11800;14;11797;16;;;11806;11;11809;16;;;11803.0;0.0
sideways_drift_s0;8900;ASH_COATED_OSMIUM;10020;8;10017;17;;;10030;19;10032;21;;;10025.0;0.0
sideways_drift_s0;9000;INTARIAN_PEPPER_ROOT;11792;13;11790;21;;;11822;16;11826;19;;;11807.0;0.0
sideways_drift_s0;9000;ASH_COATED_OSMIUM;10016;11;10014;16;;;10038;15;10042;18;;;10027.0;0.0
sideways_drift_s0;9100;INTARIAN_PEPPER_ROOT;11810;19;11807;20;;;11812;19;11814;15;;;11811.0;0.0
sideways_drift_s0;9100;ASH_COATED_OSMIUM;10027;19;10023;21;;;10029;7;10033;23;;;10028.0;0.0
sideways_drift_s0;9200;INTARIAN_PEPPER_ROOT;11811;23;11807;18;;;11817;13;11820;13;;;11814.0;0.0
sideways_drift_s0;9200;ASH_COATED_OSMIUM;10028;14;10025;19;;;10030;5;10034;21;;;10029.0;0.0
sideways_drift_s0;9300;INTARIAN_PEPPER_ROOT;11817;11;11814;17;;;11819;16;11823;29;;;11818.0;0.0
sideways_drift_s0;9300;ASH_COATED_OSMIUM;10023;17;10020;25;;;10041;6;10044;21;;;10032.0;0.0
sideways_drift_s0;9400;INTARIAN_PEPPER_ROOT;11820;12;11818;15;;;11822;14;11824;20;;;11821.0;0.0
sideways_drift_s0;9400;ASH_COATED_OSMIUM;10013;12;10010;15;;;10047;9;10051;29;;;10030.0;0.0
sideways_drift_s0;9500;INTARIAN_PEPPER_ROOT;11818;11;11816;20;;;11832;5;11836;24;;;11825.0;0.0
sideways_drift_s0;9500;ASH_COATED_OSMIUM;10027;6;10025;20;;;10029;13;10031;23;;;10028.0;0.0
sideways_drift_s0;9600;INTARIAN_PEPPER_ROOT;11814;12;11811;22;;;11842;7;11844;25;;;11828.0;0.0
sideways_drift_s0;9600;ASH_COATED_OSMIUM;10020;9;10017;23;;;10026;13;10028;27;;;10023.0;0.0
sideways_drift_s0;9700;INTARIAN_PEPPER_ROOT;11819;14;11817;13;;;11847;19;11850;9;;;11833.0;0.0
sideways_drift_s0;9700;ASH_COATED_OSMIUM;10012;8;10010;16;;;10038;17;10042;19;;;10025.0;0.0
sideways_drift_s0;9800;INTARIAN_PEPPER_ROOT;11833;21;11830;20;;;11841;5;11844;17;;;11837.0;0.0
sideways_drift_s0;9800;ASH_COATED_OSMIUM;10007;14;10005;30;;;10043;9;10045;26;;;10025.0;0.0
sideways_drift_s0;9900;INTARIAN_PEPPER_ROOT;11836;5;11834;27;;;11844;7;11847;28;;;11840.0;0.0
sideways_drift_s0;9900;ASH_COATED_OSMIUM;10015;19;10012;22;;;10029;17;10031;18;;;10022.0;0.0
sideways_drift_s0;10000;INTARIAN_PEPPER_ROOT;11844;10;11841;24;;;11846;8;11850;24;;;11845.0;0.0
sideways_drift_s0;10000;ASH_COATED_OSMIUM;10023;23;10020;19;;;10025;9;10028;14;;;10024.0;0.0
sideways_drift_s0;10100;INTARIAN_PEPPER_ROOT;11844;5;11842;16;;;11850;13;11853;22;;;11847.0;0.0
sideways_drift_s0;10100;ASH_COATED_OSMIUM;10023;9;10021;28;;;10025;11;10027;26;;;10024.0;0.0
sideways_drift_s0;10200;INTARIAN_PEPPER_ROOT;11847;17;11844;18;;;11849;9;11852;23;;;11848.0;0.0
sideways_drift_s0;10200;ASH_COATED_OSMIUM;10018;12;10016;19;;;10030;11;10033;21;;;10024.0;0.0
sideways_drift_s0;10300;INTARIAN_PEPPER_ROOT;11839;13;11836;13;;;11865;16;11869;20;;;11852.0;0.0
sideways_drift_s0;10300;ASH_COATED_OSMIUM;10021;16;10019;27;;;10031;14;10034;14;;;10026.0;0.0
sideways_drift_s0;10400;INTARIAN_PEPPER_ROOT;11852;15;11849;21;;;11856;14;11859;21;;;11854.0;0.0
sideways_drift_s0;10400;ASH_COATED_OSMIUM;10012;10;10010;23;;;10042;14;10046;17;;;10027.0;0.0
sideways_drift_s0;10500;INTARIAN_PEPPER_ROOT;11857;11;11853;13;;;11861;14;11865;18;;;11859.0;0.0
sideways_drift_s0;10500;ASH_COATED_OSMIUM;10029;15;10026;14;;;10031;15;10034;20;;;10030.0;0.0
sideways_drift_s0;10600;INTARIAN_PEPPER_ROOT;11861;10;11857;16;;;11863;22;11865;18;;;11862.0;0.0
sideways_drift_s0;10600;ASH_COATED_OSMIUM;10028;10;10024;16;;;10036;12;10038;12;;;10032.0;0.0
sideways_drift_s0;10700;INTARIAN_PEPPER_ROOT;11859;12;11857;20;;;11869;25;11873;16;;;11864.0;0.0
sideways_drift_s0;10700;ASH_COATED_OSMIUM;10021;10;10018;19;;;10039;9;10041;19;;;10030.0;0.0
sideways_drift_s0;10800;INTARIAN_PEPPER_ROOT;11867;16;11865;27;;;11871;14;11873;26;;;11869.0;0.0
sideways_drift_s0;10800;ASH_COATED_OSMIUM;10017;15;10015;28;;;10041;12;10043;16;;;10029.0;0.0
sideways_drift_s0;10900;INTARIAN_PEPPER_ROOT;11862;21;11860;20;;;11884;13;11888;15;;;11873.0;0.0
sideways_drift_s0;10900;ASH_COATED_OSMIUM;10022;6;10020;29;;;10030;12;10032;28;;;10026.0;0.0
sideways_drift_s0;11000;INTARIAN_PEPPER_ROOT;11876;16;11874;14;;;11880;7;11882;16;;;11878.0;0.0
sideways_drift_s0;11000;ASH_COATED_OSMIUM;9995;7;9993;19;;;10055;19;10058;28;;;10025.0;0.0
sideways_drift_s0;11100;INTARIAN_PEPPER_ROOT;11875;10;11872;15;;;11889;13;11892;24;;;11882.0;0.0
sideways_drift_s0;11100;ASH_COATED_OSMIUM;10019;7;10015;15;;;10035;17;10038;19;;;10027.0;0.0
sideways_drift_s0;11200;INTARIAN_PEPPER_ROOT;11883;11;11881;27;;;11885;17;11889;25;;;11884.0;0.0
sideways_drift_s0;11200;ASH_COATED_OSMIUM;10017;9;10015;25;;;10031;14;10033;21;;;10024.0;0.0
sideways_drift_s0;11300;INTARIAN_PEPPER_ROOT;11887;16;11885;16;;;11891;18;11893;24;;;11889.0;0.0
sideways_drift_s0;11300;ASH_COATED_OSMIUM;10021;5;10019;20;;;10025;17;10029;21;;;10023.0;0.0
sideways_drift_s0;11400;INTARIAN_PEPPER_ROOT;11879;19;11875;17;;;11903;14;11906;14;;;11891.0;0.0
sideways_drift_s0;11400;ASH_COATED_OSMIUM;10005;17;10001;23;;;10043;9;10046;20;;;10024.0;0.0
sideways_drift_s0;11500;INTARIAN_PEPPER_ROOT;11895;15;11892;12;;;11897;19;11900;20;;;11896.0;0.0
sideways_drift_s0;11500;ASH_COATED_OSMIUM;10014;5;10011;21;;;10038;22;10042;19;;;10026.0;0.0
sideways_drift_s0;11600;INTARIAN_PEPPER_ROOT;11895;16;11893;16;;;11903;17;11906;25;;;11899.0;0.0
sideways_drift_s0;11600;ASH_COATED_OSMIUM;10016;12;10013;27;;;10038;11;10040;24;;;10027.0;0.0
sideways_drift_s0;11700;INTARIAN_PEPPER_ROOT;11901;20;11897;14;;;11903;7;11905;24;;;11902.0;0.0
sideways_drift_s0;11700;ASH_COATED_OSMIUM;10014;7;10012;25;;;10042;17;10045;10;;;10028.0;0.0
sideways_drift_s0;11800;INTARIAN_PEPPER_ROOT;11870;17;11867;27;;;11940;21;11944;23;;;11905.0;0.0
sideways_drift_s0;11800;ASH_COATED_OSMIUM;10019;17;10015;17;;;10045;16;10049;25;;;10032.0;0.0
sideways_drift_s0;11900;INTARIAN_PEPPER_ROOT;11906;16;11902;18;;;11912;18;11916;23;;;11909.0;0.0
sideways_drift_s0;11900;ASH_COATED_OSMIUM;10032;19;10029;20;;;10036;13;10039;16;;;10034.0;0.0
sideways_drift_s0;12000;INTARIAN_PEPPER_ROOT;11904;22;11900;19;;;11920;16;11923;24;;;11912.0;0.0
sideways_drift_s0;12000;ASH_COATED_OSMIUM;10030;13;10027;19;;;10034;11;10038;15;;;10032.0;0.0
sideways_drift_s0;12100;INTARIAN_PEPPER_ROOT;11913;25;11911;17;;;11915;19;11918;28;;;11914.0;0.0
sideways_drift_s0;12100;ASH_COATED_OSMIUM;10019;21;10015;20;;;10041;20;10044;16;;;10030.0;0.0
sideways_drift_s0;12200;INTARIAN_PEPPER_ROOT;11916;18;11912;22;;;11918;7;11920;17;;;11917.0;0.0
sideways_drift_s0;12200;ASH_COATED_OSMIUM;10024;14;10022;8;;;10036;17;10039;17;;;10030.0;0.0
sideways_drift_s0;12300;INTARIAN_PEPPER_ROOT;11918;15;11915;19;;;11924;19;11927;25;;;11921.0;0.0
sideways_drift_s0;12300;ASH_COATED_OSMIUM;10019;10;10017;26;;;10045;5;10049;18;;;10032.0;0.0
sideways_drift_s0;12400;INTARIAN_PEPPER_ROOT;11923;10;11920;10;;;11925;21;11927;24;;;11924.0;0.0
sideways_drift_s0;12400;ASH_COATED_OSMIUM;10017;12;10013;22;;;10045;17;10048;17;;;10031.0;0.0
sideways_drift_s0;12500;INTARIAN_PEPPER_ROOT;11917;17;11915;18;;;11935;10;11939;20;;;11926.0;0.0
sideways_drift_s0;12500;ASH_COATED_OSMIUM;10031;9;10028;25;;;10033;5;10035;25;;;10032.0;0.0
sideways_drift_s0;12600;INTARIAN_PEPPER_ROOT;11927;14;11925;21;;;11929;12;11933;26;;;11928.0;0.0
sideways_drift_s0;12600;ASH_COATED_OSMIUM;10016;17;10013;15;;;10048;10;10050;20;;;10032.0;0.0
sideways_drift_s0;12700;INTARIAN_PEPPER_ROOT;11923;12;11919;21;;;11943;13;11945;24;;;11933.0;0.0
sideways_drift_s0;12700;ASH_COATED_OSMIUM;10028;14;10026;19;;;10030;10;10034;18;;;10029.0;0.0
sideways_drift_s0;12800;INTARIAN_PEPPER_ROOT;11910;21;11907;17;;;11962;13;11965;22;;;11936.0;0.0
sideways_drift_s0;12800;ASH_COATED_OSMIUM;10018;5;10014;20;;;10042;8;10045;18;;;10030.0;0.0
sideways_drift_s0;12900;INTARIAN_PEPPER_ROOT;11939;15;11935;16;;;11941;14;11944;13;;;11940.0;0.0
sideways_drift_s0;12900;ASH_COATED_OSMIUM;10023;5;10021;23;;;10033;16;10037;14;;;10028.0;0.0
sideways_drift_s0;13000;INTARIAN_PEPPER_ROOT;11933;22;11930;18;;;11951;20;11953;24;;;11942.0;0.0
sideways_drift_s0;13000;ASH_COATED_OSMIUM;10025;5;10023;15;;;10035;12;10039;25;;;10030.0;0.0
sideways_drift_s0;13100;INTARIAN_PEPPER_ROOT;11935;13;11931;12;;;11955;10;11959;17;;;11945.0;0.0
sideways_drift_s0;13100;ASH_COATED_OSMIUM;10030;19;10027;25;;;10032;13;10034;21;;;10031.0;0.0
sideways_drift_s0;13200;INTARIAN_PEPPER_ROOT;11941;22;11939;20;;;11953;10;11957;19;;;11947.0;0.0
sideways_drift_s0;13200;ASH_COATED_OSMIUM;10018;21;10016;9;;;10046;10;10048;21;;;10032.0;0.0
sideways_drift_s0;13300;INTARIAN_PEPPER_ROOT;11944;13;11940;23;;;11956;9;11958;14;;;11950.0;0.0
sideways_drift_s0;13300;ASH_COATED_OSMIUM;10030;15;10028;16;;;10040;5;10042;19;;;10035.0;0.0
sideways_drift_s0;13400;INTARIAN_PEPPER_ROOT;11938;9;11936;19;;;11964;8;11966;19;;;11951.0;0.0
sideways_drift_s0;13400;ASH_COATED_OSMIUM;10029;6;10027;16;;;10045;16;10049;15;;;10037.0;0.0
sideways_drift_s0;13500;INTARIAN_PEPPER_ROOT;11954;11;11950;25;;;11956;12;11959;21;;;11955.0;0.0
sideways_drift_s0;13500;ASH_COATED_OSMIUM;10037;5;10035;12;;;10039;20;10041;20;;;10038.0;0.0
sideways_drift_s0;13600;INTARIAN_PEPPER_ROOT;11957;15;11953;19;;;11959;13;11963;16;;;11958.0;0.0
sideways_drift_s0;13600;ASH_COATED_OSMIUM;10037;9;10034;19;;;10039;16;10042;27;;;10038.0;0.0
sideways_drift_s0;13700;INTARIAN_PEPPER_ROOT;11957;16;11954;17;;;11965;19;11967;20;;;11961.0;0.0
sideways_drift_s0;13700;ASH_COATED_OSMIUM;10031;11;10027;22;;;10047;10;10049;20;;;10039.0;0.0
sideways_drift_s0;13800;INTARIAN_PEPPER_ROOT;11963;6;11961;17;;;11965;14;11968;22;;;11964.0;0.0
sideways_drift_s0;13800;ASH_COATED_OSMIUM;10031;10;10028;23;;;10055;7;10057;21;;;10043.0;0.0
sideways_drift_s0;13900;INTARIAN_PEPPER_ROOT;11961;18;11957;12;;;11969;14;11971;16;;;11965.0;0.0
sideways_drift_s0;13900;ASH_COATED_OSMIUM;10043;5;10040;16;;;10045;12;10048;19;;;10044.0;0.0
sideways_drift_s0;14000;INTARIAN_PEPPER_ROOT;11951;17;11949;19;;;11981;14;11984;16;;;11966.0;0.0
sideways_drift_s0;14000;ASH_COATED_OSMIUM;10046;14;10044;14;;;10054;11;10058;26;;;10050.0;0.0
sideways_drift_s0;14100;INTARIAN_PEPPER_ROOT;11961;17;11958;24;;;11977;6;11979;15;;;11969.0;0.0
sideways_drift_s0;14100;ASH_COATED_OSMIUM;10036;9;10032;26;;;10058;7;10062;28;;;10047.0;0.0
sideways_drift_s0;14200;INTARIAN_PEPPER_ROOT;11968;17;11966;16;;;11978;22;11981;22;;;11973.0;0.0
sideways_drift_s0;14200;ASH_COATED_OSMIUM;10022;14;10019;18;;;10072;18;10074;13;;;10047.0;0.0
sideways_drift_s0;14300;INTARIAN_PEPPER_ROOT;11974;17;11971;13;;;11976;6;11978;32;;;11975.0;0.0
sideways_drift_s0;14300;ASH_COATED_OSMIUM;10011;9;10009;25;;;10081;7;10085;23;;;10046.0;0.0
sideways_drift_s0;14400;INTARIAN_PEPPER_ROOT;11976;8;11972;21;;;11984;18;11987;12;;;11980.0;0.0
sideways_drift_s0;14400;ASH_COATED_OSMIUM;10046;13;10042;17;;;10048;11;10052;19;;;10047.0;0.0
sideways_drift_s0;14500;INTARIAN_PEPPER_ROOT;11973;19;11970;31;;;11995;7;11998;15;;;11984.0;0.0
sideways_drift_s0;14500;ASH_COATED_OSMIUM;10038;15;10034;20;;;10056;10;10060;21;;;10047.0;0.0
sideways_drift_s0;14600;INTARIAN_PEPPER_ROOT;11978;9;11975;25;;;11990;8;11994;20;;;11984.0;0.0
sideways_drift_s0;14600;ASH_COATED_OSMIUM;10045;11;10043;23;;;10051;25;10054;22;;;10048.0;0.0
sideways_drift_s0;14700;INTARIAN_PEPPER_ROOT;11986;16;11983;25;;;11992;20;11995;32;;;11989.0;0.0
sideways_drift_s0;14700;ASH_COATED_OSMIUM;10042;10;10038;24;;;10052;7;10055;26;;;10047.0;0.0
sideways_drift_s0;14800;INTARIAN_PEPPER_ROOT;11986;13;11984;33;;;11994;14;11996;20;;;11990.0;0.0
sideways_drift_s0;14800;ASH_COATED_OSMIUM;10035;12;10033;23;;;10061;21;10063;30;;;10048.0;0.0
sideways_drift_s0;14900;INTARIAN_PEPPER_ROOT;11988;17;11985;20;;;11996;9;11999;18;;;11992.0;0.0
sideways_drift_s0;14900;ASH_COATED_OSMIUM;10027;13;10023;22;;;10067;12;10070;17;;;10047.0;0.0
sideways_drift_s0;15000;INTARIAN_PEPPER_ROOT;11994;13;11990;9;;;11996;14;11998;18;;;11995.0;0.0
sideways_drift_s0;15000;ASH_COATED_OSMIUM;10047;10;10043;14;;;10049;10;10052;24;;;10048.0;0.0
sideways_drift_s0;15100;INTARIAN_PEPPER_ROOT;11997;18;11995;23;;;12001;16;12004;17;;;11999.0;0.0
sideways_drift_s0;15100;ASH_COATED_OSMIUM;10018;11;10015;21;;;10080;5;10083;15;;;10049.0;0.0
sideways_drift_s0;15200;INTARIAN_PEPPER_ROOT;11977;9;11973;20;;;12023;10;12025;22;;;12000.0;0.0
sideways_drift_s0;15200;ASH_COATED_OSMIUM;10029;10;10026;15;;;10069;26;10073;12;;;10049.0;0.0
sideways_drift_s0;15300;INTARIAN_PEPPER_ROOT;11981;8;11977;8;;;12023;12;12026;27;;;12002.0;0.0
sideways_drift_s0;15300;ASH_COATED_OSMIUM;10044;10;10042;20;;;10056;13;10060;29;;;10050.0;0.0
sideways_drift_s0;15400;INTARIAN_PEPPER_ROOT;11991;16;11988;23;;;12017;13;12019;19;;;12004.0;0.0
sideways_drift_s0;15400;ASH_COATED_OSMIUM;10044;16;10041;27;;;10060;5;10063;16;;;10052.0;0.0
sideways_drift_s0;15500;INTARIAN_PEPPER_ROOT;12000;17;11996;17;;;12012;17;12015;20;;;12006.0;0.0
sideways_drift_s0;15500;ASH_COATED_OSMIUM;10048;13;10044;16;;;10054;5;10058;10;;;10051.0;0.0
sideways_drift_s0;15600;INTARIAN_PEPPER_ROOT;12006;18;12003;27;;;12014;22;12018;19;;;12010.0;0.0
sideways_drift_s0;15600;ASH_COATED_OSMIUM;10051;6;10047;20;;;10053;10;10055;13;;;10052.0;0.0
sideways_drift_s0;15700;INTARIAN_PEPPER_ROOT;12000;10;11998;18;;;12022;11;12025;21;;;12011.0;0.0
sideways_drift_s0;15700;ASH_COATED_OSMIUM;10050;16;10047;20;;;10056;11;10058;12;;;10053.0;0.0
sideways_drift_s0;15800;INTARIAN_PEPPER_ROOT;11997;9;11993;22;;;12027;9;12030;24;;;12012.0;0.0
sideways_drift_s0;15800;ASH_COATED_OSMIUM;10043;9;10040;18;;;10067;12;10069;15;;;10055.0;0.0
sideways_drift_s0;15900;INTARIAN_PEPPER_ROOT;12004;22;12001;22;;;12024;5;12026;15;;;12014.0;0.0
sideways_drift_s0;15900;ASH_COATED_OSMIUM;10051;8;10049;10;;;10061;11;10064;20;;;10056.0;0.0
sideways_drift_s0;16000;INTARIAN_PEPPER_ROOT;12011;16;12008;16;;;12019;18;12023;20;;;12015.0;0.0
sideways_drift_s0;16000;ASH_COATED_OSMIUM;10056;8;10052;26;;;10058;6;10062;18;;;10057.0;0.0
sideways_drift_s0;16100;INTARIAN_PEPPER_ROOT;12019;11;12016;19;;;12021;15;12024;31;;;12020.0;0.0
sideways_drift_s0;16100;ASH_COATED_OSMIUM;10039;9;10036;8;;;10073;8;10076;22;;;10056.0;0.0
sideways_drift_s0;16200;INTARIAN_PEPPER_ROOT;12015;17;12011;16;;;12031;17;12033;24;;;12023.0;0.0
sideways_drift_s0;16200;ASH_COATED_OSMIUM;10053;8;10051;32;;;10055;6;10058;16;;;10054.0;0.0
sideways_drift_s0;16300;INTARIAN_PEPPER_ROOT;12023;12;12019;19;;;12029;19;12031;23;;;12026.0;0.0
sideways_drift_s0;16300;ASH_COATED_OSMIUM;10044;10;10041;24;;;10064;22;10067;8;;;10054.0;0.0
sideways_drift_s0;16400;INTARIAN_PEPPER_ROOT;12026;9;12022;22;;;12028;18;12031;15;;;12027.0;0.0
sideways_drift_s0;16400;ASH_COATED_OSMIUM;10053;14;10049;16;;;10055;20;10059;26;;;10054.0;0.0
sideways_drift_s0;16500;INTARIAN_PEPPER_ROOT;12000;5;11997;27;;;12060;16;12063;15;;;12030.0;0.0
sideways_drift_s0;16500;ASH_COATED_OSMIUM;10044;18;10040;21;;;10062;13;10065;23;;;10053.0;0.0
sideways_drift_s0;16600;INTARIAN_PEPPER_ROOT;12028;9;12024;12;;;12032;14;12036;26;;;12030.0;0.0
sideways_drift_s0;16600;ASH_COATED_OSMIUM;10049;20;10045;10;;;10051;5;10054;19;;;10050.0;0.0
sideways_drift_s0;16700;INTARIAN_PEPPER_ROOT;12016;19;12012;20;;;12048;10;12050;23;;;12032.0;0.0
sideways_drift_s0;16700;ASH_COATED_OSMIUM;10053;9;10049;22;;;10055;13;10057;26;;;10054.0;0.0
sideways_drift_s0;16800;INTARIAN_PEPPER_ROOT;12029;6;12027;12;;;12041;5;12044;13;;;12035.0;0.0
sideways_drift_s0;16800;ASH_COATED_OSMIUM;10051;16;10048;22;;;10059;8;10063;28;;;10055.0;0.0
sideways_drift_s0;16900;INTARIAN_PEPPER_ROOT;12034;14;12032;22;;;12042;9;12044;24;;;12038.0;0.0
sideways_drift_s0;16900;ASH_COATED_OSMIUM;10050;5;10046;16;;;10062;5;10064;15;;;10056.0;0.0
sideways_drift_s0;17000;INTARIAN_PEPPER_ROOT;12040;9;12037;24;;;12042;18;12044;18;;;12041.0;0.0
sideways_drift_s0;17000;ASH_COATED_OSMIUM;10034;12;10031;25;;;10084;8;10088;21;;;10059.0;0.0
sideways_drift_s0;17100;INTARIAN_PEPPER_ROOT;12035;21;12031;23;;;12051;19;12053;19;;;12043.0;0.0
sideways_drift_s0;17100;ASH_COATED_OSMIUM;10041;12;10038;8;;;10071;5;10075;25;;;10056.0;0.0
sideways_drift_s0;17200;INTARIAN_PEPPER_ROOT;12044;17;12041;18;;;12048;16;12050;27;;;12046.0;0.0
sideways_drift_s0;17200;ASH_COATED_OSMIUM;10049;9;10046;26;;;10065;10;10068;17;;;10057.0;0.0
sideways_drift_s0;17300;INTARIAN_PEPPER_ROOT;12022;11;12019;19;;;12074;21;12077;17;;;12048.0;0.0
sideways_drift_s0;17300;ASH_COATED_OSMIUM;10054;8;10052;21;;;10060;13;10064;21;;;10057.0;0.0
sideways_drift_s0;17400;INTARIAN_PEPPER_ROOT;12048;12;12044;14;;;12050;6;12053;11;;;12049.0;0.0
sideways_drift_s0;17400;ASH_COATED_OSMIUM;10058;18;10056;22;;;10060;16;10062;20;;;10059.0;0.0
sideways_drift_s0;17500;INTARIAN_PEPPER_ROOT;12049;23;12045;22;;;12055;16;12057;8;;;12052.0;0.0
sideways_drift_s0;17500;ASH_COATED_OSMIUM;10054;17;10051;17;;;10062;10;10066;22;;;10058.0;0.0
sideways_drift_s0;17600;INTARIAN_PEPPER_ROOT;12052;15;12048;17;;;12054;11;12057;13;;;12053.0;0.0
sideways_drift_s0;17600;ASH_COATED_OSMIUM;10052;13;10049;21;;;10058;9;10061;20;;;10055.0;0.0
sideways_drift_s0;17700;INTARIAN_PEPPER_ROOT;12033;12;12031;16;;;12077;16;12080;15;;;12055.0;0.0
sideways_drift_s0;17700;ASH_COATED_OSMIUM;10056;5;10052;17;;;10058;16;10062;24;;;10057.0;0.0
sideways_drift_s0;17800;INTARIAN_PEPPER_ROOT;12052;15;12049;16;;;12062;7;12065;23;;;12057.0;0.0
sideways_drift_s0;17800;ASH_COATED_OSMIUM;10052;16;10049;19;;;10054;16;10057;18;;;10053.0;0.0
sideways_drift_s0;17900;INTARIAN_PEPPER_ROOT;12055;16;12053;19;;;12061;12;12065;20;;;12058.0;0.0
sideways_drift_s0;17900;ASH_COATED_OSMIUM;10017;10;10013;20;;;10085;12;10087;21;;;10051.0;0.0
sideways_drift_s0;18000;INTARIAN_PEPPER_ROOT;12058;12;12054;21;;;12062;7;12066;26;;;12060.0;0.0
sideways_drift_s0;18000;ASH_COATED_OSMIUM;10048;14;10044;14;;;10058;11;10060;15;;;10053.0;0.0
sideways_drift_s0;18100;INTARIAN_PEPPER_ROOT;12056;14;12054;16;;;12066;19;12069;14;;;12061.0;0.0
sideways_drift_s0;18100;ASH_COATED_OSMIUM;10052;14;10049;9;;;10056;16;10059;14;;;10054.0;0.0
sideways_drift_s0;18200;INTARIAN_PEPPER_ROOT;12062;17;12060;23;;;12064;15;12066;24;;;12063.0;0.0
sideways_drift_s0;18200;ASH_COATED_OSMIUM;10052;11;10050;28;;;10058;14;10060;27;;;10055.0;0.0
sideways_drift_s0;18300;INTARIAN_PEPPER_ROOT;12053;17;12049;17;;;12071;22;12074;23;;;12062.0;0.0
sideways_drift_s0;18300;ASH_COATED_OSMIUM;10052;8;10049;22;;;10056;8;10058;16;;;10054.0;0.0
sideways_drift_s0;18400;INTARIAN_PEPPER_ROOT;12052;13;12049;21;;;12078;15;12080;13;;;12065.0;0.0
sideways_drift_s0;18400;ASH_COATED_OSMIUM;10050;13;10048;25;;;10052;12;10055;26;;;10051.0;0.0
sideways_drift_s0;18500;INTARIAN_PEPPER_ROOT;12056;19;12053;22;;;12074;14;12077;8;;;12065.0;0.0
sideways_drift_s0;18500;ASH_COATED_OSMIUM;10048;9;10044;12;;;10050;11;10053;19;;;10049.0;0.0
sideways_drift_s0;18600;INTARIAN_PEPPER_ROOT;12055;22;12053;35;;;12077;17;12081;18;;;12066.0;0.0
sideways_drift_s0;18600;ASH_COATED_OSMIUM;10041;13;10039;18;;;10055;20;10058;15;;;10048.0;0.0
sideways_drift_s0;18700;INTARIAN_PEPPER_ROOT;12066;16;12064;21;;;12068;17;12070;20;;;12067.0;0.0
sideways_drift_s0;18700;ASH_COATED_OSMIUM;10045;12;10042;15;;;10049;5;10052;14;;;10047.0;0.0
sideways_drift_s0;18800;INTARIAN_PEPPER_ROOT;12068;11;12065;18;;;12070;19;12074;19;;;12069.0;0.0
sideways_drift_s0;18800;ASH_COATED_OSMIUM;10018;16;10015;23;;;10072;15;10075;19;;;10045.0;0.0
sideways_drift_s0;18900;INTARIAN_PEPPER_ROOT;12070;21;12068;27;;;12074;16;12078;18;;;12072.0;0.0
sideways_drift_s0;18900;ASH_COATED_OSMIUM;10042;12;10038;17;;;10046;13;10048;17;;;10044.0;0.0
sideways_drift_s0;19000;INTARIAN_PEPPER_ROOT;12069;19;12066;34;;;12079;11;12083;22;;;12074.0;0.0
sideways_drift_s0;19000;ASH_COATED_OSMIUM;10039;10;10036;21;;;10057;15;10060;23;;;10048.0;0.0
sideways_drift_s0;19100;INTARIAN_PEPPER_ROOT;12066;8;12064;23;;;12086;9;12088;27;;;12076.0;0.0
sideways_drift_s0;19100;ASH_COATED_OSMIUM;10029;12;10025;28;;;10057;21;10060;21;;;10043.0;0.0
sideways_drift_s0;19200;INTARIAN_PEPPER_ROOT;12052;5;12049;8;;;12102;18;12104;28;;;12077.0;0.0
sideways_drift_s0;19200;ASH_COATED_OSMIUM;10037;8;10033;18;;;10039;9;10043;22;;;10038.0;0.0
sideways_drift_s0;19300;INTARIAN_PEPPER_ROOT;12070;16;12067;17;;;12084;17;12087;27;;;12077.0;0.0
sideways_drift_s0;19300;ASH_COATED_OSMIUM;10025;10;10021;28;;;10053;5;10055;28;;;10039.0;0.0
sideways_drift_s0;19400;INTARIAN_PEPPER_ROOT;12067;10;12063;16;;;12093;12;12097;19;;;12080.0;0.0
sideways_drift_s0;19400;ASH_COATED_OSMIUM;10035;9;10032;25;;;10041;11;10044;32;;;10038.0;0.0
sideways_drift_s0;19500;INTARIAN_PEPPER_ROOT;12081;14;12077;15;;;12083;5;12087;24;;;12082.0;0.0
sideways_drift_s0;19500;ASH_COATED_OSMIUM;10033;5;10031;26;;;10041;14;10044;20;;;10037.0;0.0
sideways_drift_s0;19600;INTARIAN_PEPPER_ROOT;12082;17;12079;25;;;12086;8;12090;24;;;12084.0;0.0
sideways_drift_s0;19600;ASH_COATED_OSMIUM;10032;12;10029;23;;;10036;10;10040;17;;;10034.0;0.0
sideways_drift_s0;19700;INTARIAN_PEPPER_ROOT;12086;14;12083;10;;;12088;15;12092;14;;;12087.0;0.0
sideways_drift_s0;19700;ASH_COATED_OSMIUM;10033;13;10031;17;;;10035;12;10039;10;;;10034.0;0.0
sideways_drift_s0;19800;INTARIAN_PEPPER_ROOT;12058;14;12056;19;;;12122;13;12126;20;;;12090.0;0.0
sideways_drift_s0;19800;ASH_COATED_OSMIUM;10031;14;10028;27;;;10039;7;10041;26;;;10035.0;0.0
sideways_drift_s0;19900;INTARIAN_PEPPER_ROOT;12076;13;12074;21;;;12112;9;12116;29;;;12094.0;0.0
sideways_drift_s0;19900;ASH_COATED_OSMIUM;10032;18;10028;23;;;10042;16;10044;24;;;10037.0;0.0
sideways_drift_s0;20000;INTARIAN_PEPPER_ROOT;12091;11;12087;25;;;12101;5;12104;15;;;12096.0;0.0
sideways_drift_s0;20000;ASH_COATED_OSMIUM;10025;14;10021;31;;;10053;11;10056;18;;;10039.0;0.0
sideways_drift_s0;20100;INTARIAN_PEPPER_ROOT;12087;9;12084;16;;;12105;14;12109;18;;;12096.0;0.0
sideways_drift_s0;20100;ASH_COATED_OSMIUM;10034;18;10031;15;;;10042;13;10046;18;;;10038.0;0.0
sideways_drift_s0;20200;INTARIAN_PEPPER_ROOT;12098;16;12095;21;;;12102;5;12105;20;;;12100.0;0.0
sideways_drift_s0;20200;ASH_COATED_OSMIUM;10019;14;10016;20;;;10057;15;10060;19;;;10038.0;0.0
sideways_drift_s0;20300;INTARIAN_PEPPER_ROOT;12097;8;12094;23;;;12107;6;12110;21;;;12102.0;0.0
sideways_drift_s0;20300;ASH_COATED_OSMIUM;10027;18;10024;27;;;10049;10;10053;16;;;10038.0;0.0
sideways_drift_s0;20400;INTARIAN_PEPPER_ROOT;12098;15;12094;11;;;12112;18;12115;11;;;12105.0;0.0
sideways_drift_s0;20400;ASH_COATED_OSMIUM;10033;23;10029;20;;;10043;13;10046;15;;;10038.0;0.0
sideways_drift_s0;20500;INTARIAN_PEPPER_ROOT;12096;19;12092;14;;;12112;22;12114;22;;;12104.0;0.0
sideways_drift_s0;20500;ASH_COATED_OSMIUM;10035;13;10031;20;;;10039;9;10041;13;;;10037.0;0.0
sideways_drift_s0;20600;INTARIAN_PEPPER_ROOT;12087;10;12085;10;;;12125;13;12128;21;;;12106.0;0.0
sideways_drift_s0;20600;ASH_COATED_OSMIUM;10026;13;10023;29;;;10044;5;10047;21;;;10035.0;0.0
sideways_drift_s0;20700;INTARIAN_PEPPER_ROOT;12105;13;12102;26;;;12111;10;12115;25;;;12108.0;0.0
sideways_drift_s0;20700;ASH_COATED_OSMIUM;10027;10;10024;23;;;10045;12;10049;13;;;10036.0;0.0
sideways_drift_s0;20800;INTARIAN_PEPPER_ROOT;12101;8;12097;20;;;12117;11;12119;26;;;12109.0;0.0
sideways_drift_s0;20800;ASH_COATED_OSMIUM;10035;10;10031;11;;;10037;12;10041;26;;;10036.0;0.0
sideways_drift_s0;20900;INTARIAN_PEPPER_ROOT;12095;10;12093;13;;;12125;12;12127;20;;;12110.0;0.0
sideways_drift_s0;20900;ASH_COATED_OSMIUM;10036;5;10034;19;;;10038;13;10042;24;;;10037.0;0.0
sideways_drift_s0;21000;INTARIAN_PEPPER_ROOT;12112;16;12110;18;;;12114;20;12117;10;;;12113.0;0.0
sideways_drift_s0;21000;ASH_COATED_OSMIUM;10037;10;10035;25;;;10041;10;10045;21;;;10039.0;0.0
sideways_drift_s0;21100;INTARIAN_PEPPER_ROOT;12114;12;12110;17;;;12116;13;12118;21;;;12115.0;0.0
sideways_drift_s0;21100;ASH_COATED_OSMIUM;10036;22;10032;18;;;10042;15;10045;18;;;10039.0;0.0
sideways_drift_s0;21200;INTARIAN_PEPPER_ROOT;12114;12;12110;21;;;12120;14;12124;20;;;12117.0;0.0
sideways_drift_s0;21200;ASH_COATED_OSMIUM;10022;13;10018;24;;;10052;9;10054;11;;;10037.0;0.0
sideways_drift_s0;21300;INTARIAN_PEPPER_ROOT;12114;15;12110;23;;;12124;16;12126;17;;;12119.0;0.0
sideways_drift_s0;21300;ASH_COATED_OSMIUM;10023;10;10021;26;;;10045;17;10049;15;;;10034.0;0.0
sideways_drift_s0;21400;INTARIAN_PEPPER_ROOT;12117;12;12114;18;;;12121;20;12124;17;;;12119.0;0.0
sideways_drift_s0;21400;ASH_COATED_OSMIUM;10013;21;10009;16;;;10061;10;10065;21;;;10037.0;0.0
sideways_drift_s0;21500;INTARIAN_PEPPER_ROOT;12114;14;12110;26;;;12126;16;12128;18;;;12120.0;0.0
sideways_drift_s0;21500;ASH_COATED_OSMIUM;10030;18;10026;21;;;10042;9;10046;20;;;10036.0;0.0
sideways_drift_s0;21600;INTARIAN_PEPPER_ROOT;12120;18;12116;26;;;12122;14;12126;19;;;12121.0;0.0
sideways_drift_s0;21600;ASH_COATED_OSMIUM;10024;19;10022;10;;;10046;12;10050;23;;;10035.0;0.0
sideways_drift_s0;21700;INTARIAN_PEPPER_ROOT;12110;12;12108;26;;;12138;12;12140;24;;;12124.0;0.0
sideways_drift_s0;21700;ASH_COATED_OSMIUM;10030;6;10027;15;;;10040;20;10044;25;;;10035.0;0.0
sideways_drift_s0;21800;INTARIAN_PEPPER_ROOT;12120;17;12117;20;;;12134;9;12136;20;;;12127.0;0.0
sideways_drift_s0;21800;ASH_COATED_OSMIUM;10033;5;10029;13;;;10043;20;10045;18;;;10038.0;0.0
sideways_drift_s0;21900;INTARIAN_PEPPER_ROOT;12124;13;12120;17;;;12132;12;12135;17;;;12128.0;0.0
sideways_drift_s0;21900;ASH_COATED_OSMIUM;10037;14;10034;19;;;10039;14;10043;22;;;10038.0;0.0
sideways_drift_s0;22000;INTARIAN_PEPPER_ROOT;12121;19;12119;29;;;12139;5;12143;16;;;12130.0;0.0
sideways_drift_s0;22000;ASH_COATED_OSMIUM;10031;19;10029;15;;;10045;11;10048;21;;;10038.0;0.0
sideways_drift_s0;22100;INTARIAN_PEPPER_ROOT;12129;19;12125;17;;;12131;10;12135;19;;;12130.0;0.0
sideways_drift_s0;22100;ASH_COATED_OSMIUM;10034;11;10031;15;;;10036;18;10040;19;;;10035.0;0.0
sideways_drift_s0;22200;INTARIAN_PEPPER_ROOT;12127;13;12124;26;;;12135;13;12138;24;;;12131.0;0.0
sideways_drift_s0;22200;ASH_COATED_OSMIUM;10030;24;10026;24;;;10034;8;10036;24;;;10032.0;0.0
sideways_drift_s0;22300;INTARIAN_PEPPER_ROOT;12127;12;12123;25;;;12139;17;12142;10;;;12133.0;0.0
sideways_drift_s0;22300;ASH_COATED_OSMIUM;10026;18;10022;24;;;10036;5;10038;16;;;10031.0;0.0
sideways_drift_s0;22400;INTARIAN_PEPPER_ROOT;12127;19;12123;25;;;12139;16;12142;27;;;12133.0;0.0
sideways_drift_s0;22400;ASH_COATED_OSMIUM;10030;16;10027;21;;;10036;21;10038;19;;;10033.0;0.0
sideways_drift_s0;22500;INTARIAN_PEPPER_ROOT;12131;5;12127;22;;;12139;19;12142;17;;;12135.0;0.0
sideways_drift_s0;22500;ASH_COATED_OSMIUM;10020;12;10017;16;;;10044;6;10047;22;;;10032.0;0.0
sideways_drift_s0;22600;INTARIAN_PEPPER_ROOT;12133;16;12129;24;;;12139;12;12142;15;;;12136.0;0.0
sideways_drift_s0;22600;ASH_COATED_OSMIUM;10034;11;10031;30;;;10036;7;10039;24;;;10035.0;0.0
sideways_drift_s0;22700;INTARIAN_PEPPER_ROOT;12126;21;12122;16;;;12148;14;12150;27;;;12137.0;0.0
sideways_drift_s0;22700;ASH_COATED_OSMIUM;10030;5;10028;18;;;10036;19;10040;16;;;10033.0;0.0
sideways_drift_s0;22800;INTARIAN_PEPPER_ROOT;12137;17;12135;21;;;12139;24;12142;25;;;12138.0;0.0
sideways_drift_s0;22800;ASH_COATED_OSMIUM;10024;16;10021;25;;;10044;11;10046;23;;;10034.0;0.0
sideways_drift_s0;22900;INTARIAN_PEPPER_ROOT;12134;17;12132;23;;;12144;21;12148;14;;;12139.0;0.0
sideways_drift_s0;22900;ASH_COATED_OSMIUM;10021;12;10019;18;;;10045;5;10049;19;;;10033.0;0.0
sideways_drift_s0;23000;INTARIAN_PEPPER_ROOT;12132;19;12128;22;;;12146;15;12150;22;;;12139.0;0.0
sideways_drift_s0;23000;ASH_COATED_OSMIUM;10032;7;10028;23;;;10038;19;10042;20;;;10035.0;0.0
sideways_drift_s0;23100;INTARIAN_PEPPER_ROOT;12133;13;12131;17;;;12145;11;12147;23;;;12139.0;0.0
sideways_drift_s0;23100;ASH_COATED_OSMIUM;10036;16;10034;14;;;10038;10;10042;19;;;10037.0;0.0
sideways_drift_s0;23200;INTARIAN_PEPPER_ROOT;12140;10;12138;11;;;12142;16;12145;9;;;12141.0;0.0
sideways_drift_s0;23200;ASH_COATED_OSMIUM;10032;15;10028;21;;;10046;16;10049;25;;;10039.0;0.0
sideways_drift_s0;23300;INTARIAN_PEPPER_ROOT;12126;9;12123;25;;;12160;17;12164;19;;;12143.0;0.0
sideways_drift_s0;23300;ASH_COATED_OSMIUM;10031;5;10029;13;;;10053;8;10056;12;;;10042.0;0.0
sideways_drift_s0;23400;INTARIAN_PEPPER_ROOT;12131;13;12128;13;;;12155;14;12158;22;;;12143.0;0.0
sideways_drift_s0;23400;ASH_COATED_OSMIUM;10035;15;10032;23;;;10047;18;10051;26;;;10041.0;0.0
sideways_drift_s0;23500;INTARIAN_PEPPER_ROOT;12143;23;12139;26;;;12145;15;12149;14;;;12144.0;0.0
sideways_drift_s0;23500;ASH_COATED_OSMIUM;10033;6;10030;25;;;10045;9;10048;21;;;10039.0;0.0
sideways_drift_s0;23600;INTARIAN_PEPPER_ROOT;12135;5;12132;18;;;12159;13;12163;27;;;12147.0;0.0
sideways_drift_s0;23600;ASH_COATED_OSMIUM;10035;14;10033;22;;;10037;16;10039;13;;;10036.0;0.0
sideways_drift_s0;23700;INTARIAN_PEPPER_ROOT;12134;19;12130;21;;;12160;6;12162;25;;;12147.0;0.0
sideways_drift_s0;23700;ASH_COATED_OSMIUM;10029;7;10025;14;;;10043;13;10045;12;;;10036.0;0.0
sideways_drift_s0;23800;INTARIAN_PEPPER_ROOT;12140;10;12136;27;;;12156;17;12160;31;;;12148.0;0.0
sideways_drift_s0;23800;ASH_COATED_OSMIUM;10029;12;10027;16;;;10037;16;10039;19;;;10033.0;0.0
sideways_drift_s0;23900;INTARIAN_PEPPER_ROOT;12148;9;12145;24;;;12152;9;12154;23;;;12150.0;0.0
sideways_drift_s0;23900;ASH_COATED_OSMIUM;10029;6;10027;14;;;10033;16;10035;13;;;10031.0;0.0
sideways_drift_s0;24000;INTARIAN_PEPPER_ROOT;12145;14;12142;17;;;12155;11;12159;22;;;12150.0;0.0
sideways_drift_s0;24000;ASH_COATED_OSMIUM;10025;14;10023;20;;;10035;15;10039;19;;;10030.0;0.0
sideways_drift_s0;24100;INTARIAN_PEPPER_ROOT;12150;18;12146;20;;;12152;16;12154;18;;;12151.0;0.0
sideways_drift_s0;24100;ASH_COATED_OSMIUM;10023;13;10020;12;;;10051;11;10053;21;;;10037.0;0.0
sideways_drift_s0;24200;INTARIAN_PEPPER_ROOT;12150;14;12148;22;;;12154;17;12157;13;;;12152.0;0.0
sideways_drift_s0;24200;ASH_COATED_OSMIUM;10030;10;10027;14;;;10044;14;10047;15;;;10037.0;0.0
sideways_drift_s0;24300;INTARIAN_PEPPER_ROOT;12151;5;12148;21;;;12155;22;12157;26;;;12153.0;0.0
sideways_drift_s0;24300;ASH_COATED_OSMIUM;10035;10;10031;27;;;10039;16;10041;18;;;10037.0;0.0
sideways_drift_s0;24400;INTARIAN_PEPPER_ROOT;12151;10;12147;15;;;12157;14;12161;22;;;12154.0;0.0
sideways_drift_s0;24400;ASH_COATED_OSMIUM;10025;21;10022;18;;;10047;17;10049;27;;;10036.0;0.0
sideways_drift_s0;24500;INTARIAN_PEPPER_ROOT;12152;13;12149;15;;;12154;17;12157;30;;;12153.0;0.0
sideways_drift_s0;24500;ASH_COATED_OSMIUM;10025;24;10023;27;;;10043;15;10046;17;;;10034.0;0.0
sideways_drift_s0;24600;INTARIAN_PEPPER_ROOT;12151;11;12147;20;;;12159;13;12162;13;;;12155.0;0.0
sideways_drift_s0;24600;ASH_COATED_OSMIUM;10020;16;10016;21;;;10048;10;10052;18;;;10034.0;0.0
sideways_drift_s0;24700;INTARIAN_PEPPER_ROOT;12156;14;12152;20;;;12158;26;12161;12;;;12157.0;0.0
sideways_drift_s0;24700;ASH_COATED_OSMIUM;10029;17;10025;19;;;10035;5;10039;14;;;10032.0;0.0
sideways_drift_s0;24800;INTARIAN_PEPPER_ROOT;12149;10;12145;18;;;12165;24;12168;16;;;12157.0;0.0
sideways_drift_s0;24800;ASH_COATED_OSMIUM;10027;5;10024;15;;;10029;12;10031;19;;;10028.0;0.0
sideways_drift_s0;24900;INTARIAN_PEPPER_ROOT;12150;5;12146;25;;;12164;19;12166;14;;;12157.0;0.0
sideways_drift_s0;24900;ASH_COATED_OSMIUM;10010;25;10006;12;;;10040;9;10043;22;;;10025.0;0.0
sideways_drift_s0;25000;INTARIAN_PEPPER_ROOT;12156;14;12152;19;;;12160;15;12162;11;;;12158.0;0.0
sideways_drift_s0;25000;ASH_COATED_OSMIUM;10025;16;10022;27;;;10033;14;10037;18;;;10029.0;0.0
sideways_drift_s0;25100;INTARIAN_PEPPER_ROOT;12158;18;12156;21;;;12160;22;12163;14;;;12159.0;0.0
sideways_drift_s0;25100;ASH_COATED_OSMIUM;10021;14;10019;20;;;10033;12;10036;17;;;10027.0;0.0
sideways_drift_s0;25200;INTARIAN_PEPPER_ROOT;12155;10;12152;28;;;12163;17;12165;13;;;12159.0;0.0
sideways_drift_s0;25200;ASH_COATED_OSMIUM;10019;14;10017;21;;;10029;19;10032;17;;;10024.0;0.0
sideways_drift_s0;25300;INTARIAN_PEPPER_ROOT;12154;16;12150;16;;;12168;18;12170;21;;;12161.0;0.0
sideways_drift_s0;25300;ASH_COATED_OSMIUM;10014;12;10011;25;;;10032;10;10036;13;;;10023.0;0.0
sideways_drift_s0;25400;INTARIAN_PEPPER_ROOT;12162;15;12160;14;;;12164;8;12167;22;;;12163.0;0.0
sideways_drift_s0;25400;ASH_COATED_OSMIUM;10023;5;10021;11;;;10025;12;10029;15;;;10024.0;0.0
sideways_drift_s0;25500;INTARIAN_PEPPER_ROOT;12159;7;12157;18;;;12169;13;12172;9;;;12164.0;0.0
sideways_drift_s0;25500;ASH_COATED_OSMIUM;10023;5;10021;25;;;10025;14;10028;21;;;10024.0;0.0
sideways_drift_s0;25600;INTARIAN_PEPPER_ROOT;12136;10;12132;16;;;12192;14;12196;15;;;12164.0;0.0
sideways_drift_s0;25600;ASH_COATED_OSMIUM;10019;16;10017;21;;;10027;8;10029;20;;;10023.0;0.0
sideways_drift_s0;25700;INTARIAN_PEPPER_ROOT;12158;15;12156;22;;;12168;11;12170;22;;;12163.0;0.0
sideways_drift_s0;25700;ASH_COATED_OSMIUM;10008;14;10005;13;;;10038;8;10040;10;;;10023.0;0.0
sideways_drift_s0;25800;INTARIAN_PEPPER_ROOT;12156;12;12153;20;;;12168;9;12170;23;;;12162.0;0.0
sideways_drift_s0;25800;ASH_COATED_OSMIUM;9995;15;9991;29;;;10047;17;10051;8;;;10021.0;0.0
sideways_drift_s0;25900;INTARIAN_PEPPER_ROOT;12163;16;12161;19;;;12165;12;12169;19;;;12164.0;0.0
sideways_drift_s0;25900;ASH_COATED_OSMIUM;10019;11;10017;27;;;10027;14;10030;15;;;10023.0;0.0
sideways_drift_s0;26000;INTARIAN_PEPPER_ROOT;12151;15;12147;22;;;12177;8;12179;15;;;12164.0;0.0
sideways_drift_s0;26000;ASH_COATED_OSMIUM;10014;8;10011;31;;;10038;10;10040;19;;;10026.0;0.0
sideways_drift_s0;26100;INTARIAN_PEPPER_ROOT;12144;12;12142;29;;;12184;6;12186;14;;;12164.0;0.0
sideways_drift_s0;26100;ASH_COATED_OSMIUM;10024;7;10022;27;;;10028;13;10030;20;;;10026.0;0.0
sideways_drift_s0;26200;INTARIAN_PEPPER_ROOT;12161;7;12159;8;;;12165;17;12168;19;;;12163.0;0.0
sideways_drift_s0;26200;ASH_COATED_OSMIUM;10008;5;10005;22;;;10038;6;10042;27;;;10023.0;0.0
sideways_drift_s0;26300;INTARIAN_PEPPER_ROOT;12159;17;12157;18;;;12171;15;12174;16;;;12165.0;0.0
sideways_drift_s0;26300;ASH_COATED_OSMIUM;10022;5;10019;22;;;10024;13;10027;17;;;10023.0;0.0
sideways_drift_s0;26400;INTARIAN_PEPPER_ROOT;12162;12;12159;24;;;12164;23;12168;23;;;12163.0;0.0
sideways_drift_s0;26400;ASH_COATED_OSMIUM;10018;10;10014;28;;;10028;13;10030;22;;;10023.0;0.0
sideways_drift_s0;26500;INTARIAN_PEPPER_ROOT;12156;15;12154;23;;;12172;14;12176;16;;;12164.0;0.0
sideways_drift_s0;26500;ASH_COATED_OSMIUM;10003;12;10001;16;;;10041;11;10043;16;;;10022.0;0.0
sideways_drift_s0;26600;INTARIAN_PEPPER_ROOT;12161;20;12158;21;;;12171;10;12175;21;;;12166.0;0.0
sideways_drift_s0;26600;ASH_COATED_OSMIUM;10020;13;10018;24;;;10022;15;10024;25;;;10021.0;0.0
sideways_drift_s0;26700;INTARIAN_PEPPER_ROOT;12165;12;12162;12;;;12167;15;12169;27;;;12166.0;0.0
sideways_drift_s0;26700;ASH_COATED_OSMIUM;10021;15;10019;19;;;10023;9;10026;20;;;10022.0;0.0
sideways_drift_s0;26800;INTARIAN_PEPPER_ROOT;12166;10;12164;19;;;12168;16;12171;26;;;12167.0;0.0
sideways_drift_s0;26800;ASH_COATED_OSMIUM;10019;12;10015;19;;;10027;14;10029;20;;;10023.0;0.0
sideways_drift_s0;26900;INTARIAN_PEPPER_ROOT;12162;11;12159;22;;;12174;11;12176;14;;;12168.0;0.0
sideways_drift_s0;26900;ASH_COATED_OSMIUM;10009;10;10006;25;;;10041;16;10045;17;;;10025.0;0.0
sideways_drift_s0;27000;INTARIAN_PEPPER_ROOT;12168;22;12164;14;;;12170;8;12173;21;;;12169.0;0.0
sideways_drift_s0;27000;ASH_COATED_OSMIUM;10017;16;10013;18;;;10031;8;10033;12;;;10024.0;0.0
sideways_drift_s0;27100;INTARIAN_PEPPER_ROOT;12164;7;12160;17;;;12170;12;12173;25;;;12167.0;0.0
sideways_drift_s0;27100;ASH_COATED_OSMIUM;10013;17;10011;21;;;10033;13;10035;20;;;10023.0;0.0
sideways_drift_s0;27200;INTARIAN_PEPPER_ROOT;12165;19;12161;18;;;12173;16;12176;14;;;12169.0;0.0
sideways_drift_s0;27200;ASH_COATED_OSMIUM;10002;14;10000;19;;;10044;6;10046;28;;;10023.0;0.0
sideways_drift_s0;27300;INTARIAN_PEPPER_ROOT;12169;17;12166;21;;;12171;15;12173;10;;;12170.0;0.0
sideways_drift_s0;27300;ASH_COATED_OSMIUM;10013;9;10011;26;;;10033;11;10035;16;;;10023.0;0.0
sideways_drift_s0;27400;INTARIAN_PEPPER_ROOT;12148;13;12145;20;;;12192;10;12195;20;;;12170.0;0.0
sideways_drift_s0;27400;ASH_COATED_OSMIUM;10018;17;10014;19;;;10032;5;10035;17;;;10025.0;0.0
sideways_drift_s0;27500;INTARIAN_PEPPER_ROOT;12164;21;12160;10;;;12178;17;12181;18;;;12171.0;0.0
sideways_drift_s0;27500;ASH_COATED_OSMIUM;10014;10;10012;20;;;10036;16;10040;18;;;10025.0;0.0
sideways_drift_s0;27600;INTARIAN_PEPPER_ROOT;12163;7;12160;18;;;12179;12;12181;22;;;12171.0;0.0
sideways_drift_s0;27600;ASH_COATED_OSMIUM;10023;18;10019;24;;;10025;13;10028;25;;;10024.0;0.0
sideways_drift_s0;27700;INTARIAN_PEPPER_ROOT;12171;16;12169;24;;;12173;9;12176;19;;;12172.0;0.0
sideways_drift_s0;27700;ASH_COATED_OSMIUM;10021;12;10017;8;;;10029;19;10031;21;;;10025.0;0.0
sideways_drift_s0;27800;INTARIAN_PEPPER_ROOT;12161;15;12159;30;;;12179;14;12181;19;;;12170.0;0.0
sideways_drift_s0;27800;ASH_COATED_OSMIUM;10025;20;10022;21;;;10031;10;10033;15;;;10028.0;0.0
sideways_drift_s0;27900;INTARIAN_PEPPER_ROOT;12162;16;12158;15;;;12184;21;12186;16;;;12173.0;0.0
sideways_drift_s0;27900;ASH_COATED_OSMIUM;10013;11;10010;18;;;10049;7;10052;22;;;10031.0;0.0
sideways_drift_s0;28000;INTARIAN_PEPPER_ROOT;12159;20;12157;16;;;12187;9;12189;25;;;12173.0;0.0
sideways_drift_s0;28000;ASH_COATED_OSMIUM;10032;16;10030;20;;;10034;12;10036;19;;;10033.0;0.0
sideways_drift_s0;28100;INTARIAN_PEPPER_ROOT;12162;14;12159;20;;;12186;16;12189;15;;;12174.0;0.0
sideways_drift_s0;28100;ASH_COATED_OSMIUM;10025;7;10022;17;;;10031;12;10034;22;;;10028.0;0.0
sideways_drift_s0;28200;INTARIAN_PEPPER_ROOT;12158;20;12156;16;;;12192;12;12194;21;;;12175.0;0.0
sideways_drift_s0;28200;ASH_COATED_OSMIUM;10025;15;10022;27;;;10029;15;10033;18;;;10027.0;0.0
sideways_drift_s0;28300;INTARIAN_PEPPER_ROOT;12172;18;12170;14;;;12180;8;12182;18;;;12176.0;0.0
sideways_drift_s0;28300;ASH_COATED_OSMIUM;10007;13;10003;15;;;10047;11;10051;15;;;10027.0;0.0
sideways_drift_s0;28400;INTARIAN_PEPPER_ROOT;12157;22;12155;22;;;12197;15;12201;14;;;12177.0;0.0
sideways_drift_s0;28400;ASH_COATED_OSMIUM;10012;7;10010;11;;;10042;14;10044;19;;;10027.0;0.0
sideways_drift_s0;28500;INTARIAN_PEPPER_ROOT;12170;16;12168;13;;;12186;9;12189;14;;;12178.0;0.0
sideways_drift_s0;28500;ASH_COATED_OSMIUM;10017;7;10015;15;;;10033;15;10037;20;;;10025.0;0.0
sideways_drift_s0;28600;INTARIAN_PEPPER_ROOT;12176;19;12172;17;;;12178;12;12180;9;;;12177.0;0.0
sideways_drift_s0;28600;ASH_COATED_OSMIUM;10004;13;10000;19;;;10042;9;10045;24;;;10023.0;0.0
sideways_drift_s0;28700;INTARIAN_PEPPER_ROOT;12178;15;12175;12;;;12180;18;12182;13;;;12179.0;0.0
sideways_drift_s0;28700;ASH_COATED_OSMIUM;10021;5;10018;18;;;10025;5;10028;11;;;10023.0;0.0
sideways_drift_s0;28800;INTARIAN_PEPPER_ROOT;12172;9;12170;21;;;12188;18;12191;20;;;12180.0;0.0
sideways_drift_s0;28800;ASH_COATED_OSMIUM;10019;5;10017;29;;;10029;13;10031;24;;;10024.0;0.0
sideways_drift_s0;28900;INTARIAN_PEPPER_ROOT;12153;24;12151;13;;;12211;18;12215;22;;;12182.0;0.0
sideways_drift_s0;28900;ASH_COATED_OSMIUM;10016;16;10014;26;;;10030;16;10033;11;;;10023.0;0.0
sideways_drift_s0;29000;INTARIAN_PEPPER_ROOT;12175;11;12172;9;;;12189;12;12192;21;;;12182.0;0.0
sideways_drift_s0;29000;ASH_COATED_OSMIUM;10022;8;10020;14;;;10024;17;10026;12;;;10023.0;0.0
sideways_drift_s0;29100;INTARIAN_PEPPER_ROOT;12174;14;12172;20;;;12188;10;12192;16;;;12181.0;0.0
sideways_drift_s0;29100;ASH_COATED_OSMIUM;10020;12;10018;15;;;10022;18;10026;25;;;10021.0;0.0
sideways_drift_s0;29200;INTARIAN_PEPPER_ROOT;12169;13;12165;24;;;12199;21;12202;20;;;12184.0;0.0
sideways_drift_s0;29200;ASH_COATED_OSMIUM;10013;12;10010;26;;;10031;15;10035;21;;;10022.0;0.0
sideways_drift_s0;29300;INTARIAN_PEPPER_ROOT;12181;12;12179;24;;;12185;14;12187;18;;;12183.0;0.0
sideways_drift_s0;29300;ASH_COATED_OSMIUM;10021;13;10018;29;;;10023;20;10027;33;;;10022.0;0.0
sideways_drift_s0;29400;INTARIAN_PEPPER_ROOT;12176;28;12173;26;;;12192;12;12194;15;;;12184.0;0.0
sideways_drift_s0;29400;ASH_COATED_OSMIUM;10021;19;10018;30;;;10031;16;10035;17;;;10026.0;0.0
sideways_drift_s0;29500;INTARIAN_PEPPER_ROOT;12177;26;12175;17;;;12193;23;12195;20;;;12185.0;0.0
sideways_drift_s0;29500;ASH_COATED_OSMIUM;10012;15;10008;22;;;10036;10;10038;19;;;10024.0;0.0
sideways_drift_s0;29600;INTARIAN_PEPPER_ROOT;12179;8;12177;14;;;12191;11;12195;23;;;12185.0;0.0
sideways_drift_s0;29600;ASH_COATED_OSMIUM;10019;13;10015;15;;;10027;5;10030;21;;;10023.0;0.0
sideways_drift_s0;29700;INTARIAN_PEPPER_ROOT;12178;14;12175;24;;;12194;13;12198;9;;;12186.0;0.0
sideways_drift_s0;29700;ASH_COATED_OSMIUM;10020;21;10018;25;;;10024;15;10028;19;;;10022.0;0.0
sideways_drift_s0;29800;INTARIAN_PEPPER_ROOT;12185;13;12182;23;;;12187;9;12189;25;;;12186.0;0.0
sideways_drift_s0;29800;ASH_COATED_OSMIUM;9999;11;9997;10;;;10043;21;10045;22;;;10021.0;0.0
sideways_drift_s0;29900;INTARIAN_PEPPER_ROOT;12183;13;12181;15;;;12189;16;12193;16;;;12186.0;0.0
sideways_drift_s0;29900;ASH_COATED_OSMIUM;10021;14;10018;19;;;10029;12;10031;16;;;10025.0;0.0
sideways_drift_s0;30000;INTARIAN_PEPPER_ROOT;12184;17;12182;22;;;12186;18;12190;13;;;12185.0;0.0
sideways_drift_s0;30000;ASH_COATED_OSMIUM;10024;15;10020;27;;;10032;10;10034;24;;;10028.0;0.0
sideways_drift_s0;30100;INTARIAN_PEPPER_ROOT;12178;5;12175;17;;;12196;19;12199;22;;;12187.0;0.0
sideways_drift_s0;30100;ASH_COATED_OSMIUM;10024;9;10020;17;;;10032;14;10034;26;;;10028.0;0.0
sideways_drift_s0;30200;INTARIAN_PEPPER_ROOT;12178;20;12174;29;;;12196;13;12198;16;;;12187.0;0.0
sideways_drift_s0;30200;ASH_COATED_OSMIUM;10017;16;10014;14;;;10039;5;10041;22;;;10028.0;0.0
sideways_drift_s0;30300;INTARIAN_PEPPER_ROOT;12186;5;12184;24;;;12188;22;12191;18;;;12187.0;0.0
sideways_drift_s0;30300;ASH_COATED_OSMIUM;9990;13;9987;19;;;10058;14;10062;10;;;10024.0;0.0
sideways_drift_s0;30400;INTARIAN_PEPPER_ROOT;12182;21;12179;27;;;12194;13;12197;18;;;12188.0;0.0
sideways_drift_s0;30400;ASH_COATED_OSMIUM;10021;19;10017;14;;;10023;10;10026;22;;;10022.0;0.0
sideways_drift_s0;30500;INTARIAN_PEPPER_ROOT;12170;9;12167;19;;;12202;17;12206;17;;;12186.0;0.0
sideways_drift_s0;30500;ASH_COATED_OSMIUM;10017;9;10014;22;;;10027;17;10029;15;;;10022.0;0.0
sideways_drift_s0;30600;INTARIAN_PEPPER_ROOT;12181;24;12179;18;;;12191;12;12195;18;;;12186.0;0.0
sideways_drift_s0;30600;ASH_COATED_OSMIUM;10019;5;10015;19;;;10023;11;10026;9;;;10021.0;0.0
sideways_drift_s0;30700;INTARIAN_PEPPER_ROOT;12182;13;12180;24;;;12188;12;12191;14;;;12185.0;0.0
sideways_drift_s0;30700;ASH_COATED_OSMIUM;10024;14;10021;17;;;10026;13;10030;19;;;10025.0;0.0
sideways_drift_s0;30800;INTARIAN_PEPPER_ROOT;12170;10;12167;21;;;12200;13;12204;14;;;12185.0;0.0
sideways_drift_s0;30800;ASH_COATED_OSMIUM;9998;17;9996;17;;;10054;18;10057;17;;;10026.0;0.0
sideways_drift_s0;30900;INTARIAN_PEPPER_ROOT;12184;13;12182;25;;;12186;12;12190;15;;;12185.0;0.0
sideways_drift_s0;30900;ASH_COATED_OSMIUM;10021;12;10017;11;;;10033;12;10035;22;;;10027.0;0.0
sideways_drift_s0;31000;INTARIAN_PEPPER_ROOT;12163;8;12159;24;;;12207;9;12211;19;;;12185.0;0.0
sideways_drift_s0;31000;ASH_COATED_OSMIUM;10027;8;10025;23;;;10031;21;10035;23;;;10029.0;0.0
sideways_drift_s0;31100;INTARIAN_PEPPER_ROOT;12185;23;12182;18;;;12187;11;12191;27;;;12186.0;0.0
sideways_drift_s0;31100;ASH_COATED_OSMIUM;10023;10;10019;13;;;10029;10;10032;13;;;10026.0;0.0
sideways_drift_s0;31200;INTARIAN_PEPPER_ROOT;12181;13;12179;18;;;12189;10;12191;11;;;12185.0;0.0
sideways_drift_s0;31200;ASH_COATED_OSMIUM;10028;14;10026;15;;;10032;22;10035;20;;;10030.0;0.0
sideways_drift_s0;31300;INTARIAN_PEPPER_ROOT;12184;12;12180;22;;;12186;18;12190;18;;;12185.0;0.0
sideways_drift_s0;31300;ASH_COATED_OSMIUM;10031;13;10028;23;;;10037;12;10039;22;;;10034.0;0.0
sideways_drift_s0;31400;INTARIAN_PEPPER_ROOT;12182;7;12180;18;;;12186;19;12190;15;;;12184.0;0.0
sideways_drift_s0;31400;ASH_COATED_OSMIUM;10026;7;10024;20;;;10042;15;10044;24;;;10034.0;0.0
sideways_drift_s0;31500;INTARIAN_PEPPER_ROOT;12175;8;12173;29;;;12193;5;12195;10;;;12184.0;0.0
sideways_drift_s0;31500;ASH_COATED_OSMIUM;10023;19;10020;28;;;10047;9;10050;21;;;10035.0;0.0
sideways_drift_s0;31600;INTARIAN_PEPPER_ROOT;12175;17;12173;14;;;12193;17;12197;19;;;12184.0;0.0
sideways_drift_s0;31600;ASH_COATED_OSMIUM;10031;21;10029;17;;;10039;11;10043;19;;;10035.0;0.0
sideways_drift_s0;31700;INTARIAN_PEPPER_ROOT;12166;11;12162;25;;;12200;26;12203;23;;;12183.0;0.0
sideways_drift_s0;31700;ASH_COATED_OSMIUM;10033;7;10030;24;;;10035;14;10037;17;;;10034.0;0.0
sideways_drift_s0;31800;INTARIAN_PEPPER_ROOT;12181;15;12178;17;;;12187;15;12189;22;;;12184.0;0.0
sideways_drift_s0;31800;ASH_COATED_OSMIUM;10031;13;10029;16;;;10039;13;10041;14;;;10035.0;0.0
sideways_drift_s0;31900;INTARIAN_PEPPER_ROOT;12181;14;12179;12;;;12187;23;12191;19;;;12184.0;0.0
sideways_drift_s0;31900;ASH_COATED_OSMIUM;10036;5;10032;20;;;10038;18;10042;14;;;10037.0;0.0
sideways_drift_s0;32000;INTARIAN_PEPPER_ROOT;12180;13;12177;18;;;12184;10;12187;27;;;12182.0;0.0
sideways_drift_s0;32000;ASH_COATED_OSMIUM;10036;7;10034;19;;;10046;10;10049;17;;;10041.0;0.0
sideways_drift_s0;32100;INTARIAN_PEPPER_ROOT;12166;23;12163;17;;;12196;18;12199;31;;;12181.0;0.0
sideways_drift_s0;32100;ASH_COATED_OSMIUM;10043;16;10039;19;;;10045;21;10049;9;;;10044.0;0.0
sideways_drift_s0;32200;INTARIAN_PEPPER_ROOT;12171;16;12169;23;;;12193;10;12196;17;;;12182.0;0.0
sideways_drift_s0;32200;ASH_COATED_OSMIUM;10040;9;10037;23;;;10046;11;10050;26;;;10043.0;0.0
sideways_drift_s0;32300;INTARIAN_PEPPER_ROOT;12178;19;12174;21;;;12182;19;12185;20;;;12180.0;0.0
sideways_drift_s0;32300;ASH_COATED_OSMIUM;10038;7;10035;18;;;10044;9;10047;22;;;10041.0;0.0
sideways_drift_s0;32400;INTARIAN_PEPPER_ROOT;12178;15;12174;14;;;12180;15;12182;24;;;12179.0;0.0
sideways_drift_s0;32400;ASH_COATED_OSMIUM;10040;18;10038;22;;;10042;8;10044;15;;;10041.0;0.0
sideways_drift_s0;32500;INTARIAN_PEPPER_ROOT;12166;11;12162;13;;;12192;25;12195;26;;;12179.0;0.0
sideways_drift_s0;32500;ASH_COATED_OSMIUM;10040;19;10038;26;;;10042;19;10046;18;;;10041.0;0.0
sideways_drift_s0;32600;INTARIAN_PEPPER_ROOT;12165;11;12162;17;;;12193;26;12197;31;;;12179.0;0.0
sideways_drift_s0;32600;ASH_COATED_OSMIUM;10036;10;10034;19;;;10038;15;10042;18;;;10037.0;0.0
sideways_drift_s0;32700;INTARIAN_PEPPER_ROOT;12179;14;12176;13;;;12181;14;12185;22;;;12180.0;0.0
sideways_drift_s0;32700;ASH_COATED_OSMIUM;10032;13;10030;21;;;10042;13;10045;22;;;10037.0;0.0
sideways_drift_s0;32800;INTARIAN_PEPPER_ROOT;12177;23;12174;12;;;12183;18;12187;25;;;12180.0;0.0
sideways_drift_s0;32800;ASH_COATED_OSMIUM;10031;17;10028;24;;;10051;14;10054;28;;;10041.0;0.0
sideways_drift_s0;32900;INTARIAN_PEPPER_ROOT;12180;19;12176;20;;;12182;17;12184;20;;;12181.0;0.0
sideways_drift_s0;32900;ASH_COATED_OSMIUM;10036;13;10033;26;;;10038;11;10041;20;;;10037.0;0.0
sideways_drift_s0;33000;INTARIAN_PEPPER_ROOT;12178;11;12176;15;;;12184;25;12187;20;;;12181.0;0.0
sideways_drift_s0;33000;ASH_COATED_OSMIUM;10025;12;10021;15;;;10049;17;10052;25;;;10037.0;0.0
sideways_drift_s0;33100;INTARIAN_PEPPER_ROOT;12178;6;12176;23;;;12182;17;12186;24;;;12180.0;0.0
sideways_drift_s0;33100;ASH_COATED_OSMIUM;10030;15;10028;23;;;10042;10;10044;24;;;10036.0;0.0
sideways_drift_s0;33200;INTARIAN_PEPPER_ROOT;12171;17;12168;17;;;12191;11;12194;23;;;12181.0;0.0
sideways_drift_s0;33200;ASH_COATED_OSMIUM;10035;9;10032;27;;;10039;7;10043;14;;;10037.0;0.0
sideways_drift_s0;33300;INTARIAN_PEPPER_ROOT;12175;11;12172;20;;;12181;17;12185;19;;;12178.0;0.0
sideways_drift_s0;33300;ASH_COATED_OSMIUM;10034;17;10032;21;;;10040;14;10044;30;;;10037.0;0.0
sideways_drift_s0;33400;INTARIAN_PEPPER_ROOT;12174;7;12170;17;;;12176;7;12178;26;;;12175.0;0.0
sideways_drift_s0;33400;ASH_COATED_OSMIUM;10031;9;10028;21;;;10039;12;10041;21;;;10035.0;0.0
sideways_drift_s0;33500;INTARIAN_PEPPER_ROOT;12168;7;12164;25;;;12186;13;12189;21;;;12177.0;0.0
sideways_drift_s0;33500;ASH_COATED_OSMIUM;10034;27;10031;22;;;10036;14;10038;26;;;10035.0;0.0
sideways_drift_s0;33600;INTARIAN_PEPPER_ROOT;12163;22;12160;19;;;12185;16;12187;21;;;12174.0;0.0
sideways_drift_s0;33600;ASH_COATED_OSMIUM;10034;14;10030;20;;;10038;13;10041;20;;;10036.0;0.0
sideways_drift_s0;33700;INTARIAN_PEPPER_ROOT;12161;8;12158;19;;;12187;8;12190;17;;;12174.0;0.0
sideways_drift_s0;33700;ASH_COATED_OSMIUM;10027;8;10023;21;;;10051;8;10053;23;;;10039.0;0.0
sideways_drift_s0;33800;INTARIAN_PEPPER_ROOT;12171;13;12168;18;;;12175;17;12179;21;;;12173.0;0.0
sideways_drift_s0;33800;ASH_COATED_OSMIUM;10038;11;10035;15;;;10042;10;10045;17;;;10040.0;0.0
sideways_drift_s0;33900;INTARIAN_PEPPER_ROOT;12172;8;12168;25;;;12176;15;12180;14;;;12174.0;0.0
sideways_drift_s0;33900;ASH_COATED_OSMIUM;10036;8;10033;12;;;10046;5;10048;19;;;10041.0;0.0
sideways_drift_s0;34000;INTARIAN_PEPPER_ROOT;12143;14;12141;8;;;12207;16;12211;18;;;12175.0;0.0
sideways_drift_s0;34000;ASH_COATED_OSMIUM;10041;5;10038;11;;;10047;6;10049;20;;;10044.0;0.0
sideways_drift_s0;34100;INTARIAN_PEPPER_ROOT;12166;24;12164;20;;;12182;8;12184;18;;;12174.0;0.0
sideways_drift_s0;34100;ASH_COATED_OSMIUM;10029;7;10027;14;;;10051;12;10053;17;;;10040.0;0.0
sideways_drift_s0;34200;INTARIAN_PEPPER_ROOT;12169;5;12165;18;;;12177;15;12179;25;;;12173.0;0.0
sideways_drift_s0;34200;ASH_COATED_OSMIUM;10038;16;10034;21;;;10046;19;10048;16;;;10042.0;0.0
sideways_drift_s0;34300;INTARIAN_PEPPER_ROOT;12167;8;12163;27;;;12175;18;12178;16;;;12171.0;0.0
sideways_drift_s0;34300;ASH_COATED_OSMIUM;10033;5;10031;26;;;10051;8;10053;25;;;10042.0;0.0
sideways_drift_s0;34400;INTARIAN_PEPPER_ROOT;12163;16;12159;22;;;12179;6;12182;22;;;12171.0;0.0
sideways_drift_s0;34400;ASH_COATED_OSMIUM;10040;5;10037;16;;;10042;8;10044;16;;;10041.0;0.0
sideways_drift_s0;34500;INTARIAN_PEPPER_ROOT;12169;16;12166;13;;;12171;16;12173;17;;;12170.0;0.0
sideways_drift_s0;34500;ASH_COATED_OSMIUM;10037;11;10035;13;;;10041;5;10045;16;;;10039.0;0.0
sideways_drift_s0;34600;INTARIAN_PEPPER_ROOT;12168;19;12164;13;;;12170;14;12174;17;;;12169.0;0.0
sideways_drift_s0;34600;ASH_COATED_OSMIUM;10033;7;10031;22;;;10043;7;10047;22;;;10038.0;0.0
sideways_drift_s0;34700;INTARIAN_PEPPER_ROOT;12168;24;12165;25;;;12170;13;12173;21;;;12169.0;0.0
sideways_drift_s0;34700;ASH_COATED_OSMIUM;10034;6;10030;17;;;10040;9;10044;25;;;10037.0;0.0
sideways_drift_s0;34800;INTARIAN_PEPPER_ROOT;12160;5;12157;11;;;12178;16;12181;20;;;12169.0;0.0
sideways_drift_s0;34800;ASH_COATED_OSMIUM;10035;9;10031;15;;;10037;10;10041;20;;;10036.0;0.0
sideways_drift_s0;34900;INTARIAN_PEPPER_ROOT;12154;15;12152;12;;;12184;17;12186;26;;;12169.0;0.0
sideways_drift_s0;34900;ASH_COATED_OSMIUM;10029;16;10026;9;;;10043;14;10045;10;;;10036.0;0.0
sideways_drift_s0;35000;INTARIAN_PEPPER_ROOT;12164;15;12160;31;;;12170;10;12173;33;;;12167.0;0.0
sideways_drift_s0;35000;ASH_COATED_OSMIUM;10022;10;10020;24;;;10056;7;10059;18;;;10039.0;0.0
sideways_drift_s0;35100;INTARIAN_PEPPER_ROOT;12164;10;12161;24;;;12166;9;12168;25;;;12165.0;0.0
sideways_drift_s0;35100;ASH_COATED_OSMIUM;10034;6;10032;21;;;10042;8;10045;19;;;10038.0;0.0
sideways_drift_s0;35200;INTARIAN_PEPPER_ROOT;12162;14;12160;26;;;12172;14;12175;22;;;12167.0;0.0
sideways_drift_s0;35200;ASH_COATED_OSMIUM;10030;19;10027;15;;;10046;12;10049;20;;;10038.0;0.0
sideways_drift_s0;35300;INTARIAN_PEPPER_ROOT;12161;12;12157;22;;;12169;17;12171;10;;;12165.0;0.0
sideways_drift_s0;35300;ASH_COATED_OSMIUM;10029;13;10026;20;;;10045;16;10047;26;;;10037.0;0.0
sideways_drift_s0;35400;INTARIAN_PEPPER_ROOT;12159;17;12156;29;;;12169;19;12173;19;;;12164.0;0.0
sideways_drift_s0;35400;ASH_COATED_OSMIUM;10012;18;10010;13;;;10064;8;10067;26;;;10038.0;0.0
sideways_drift_s0;35500;INTARIAN_PEPPER_ROOT;12160;18;12158;25;;;12166;12;12170;13;;;12163.0;0.0
sideways_drift_s0;35500;ASH_COATED_OSMIUM;10038;21;10035;18;;;10040;12;10044;25;;;10039.0;0.0
sideways_drift_s0;35600;INTARIAN_PEPPER_ROOT;12158;11;12154;19;;;12162;21;12164;25;;;12160.0;0.0
sideways_drift_s0;35600;ASH_COATED_OSMIUM;10035;12;10033;14;;;10041;13;10044;27;;;10038.0;0.0
sideways_drift_s0;35700;INTARIAN_PEPPER_ROOT;12149;14;12145;26;;;12171;5;12175;19;;;12160.0;0.0
sideways_drift_s0;35700;ASH_COATED_OSMIUM;10035;15;10031;14;;;10037;16;10041;26;;;10036.0;0.0
sideways_drift_s0;35800;INTARIAN_PEPPER_ROOT;12156;18;12152;17;;;12160;11;12163;16;;;12158.0;0.0
sideways_drift_s0;35800;ASH_COATED_OSMIUM;10024;15;10021;15;;;10046;8;10049;21;;;10035.0;0.0
sideways_drift_s0;35900;INTARIAN_PEPPER_ROOT;12154;16;12151;21;;;12164;12;12168;17;;;12159.0;0.0
sideways_drift_s0;35900;ASH_COATED_OSMIUM;10021;7;10017;25;;;10047;20;10051;17;;;10034.0;0.0
sideways_drift_s0;36000;INTARIAN_PEPPER_ROOT;12146;21;12144;22;;;12170;8;12174;20;;;12158.0;0.0
sideways_drift_s0;36000;ASH_COATED_OSMIUM;10028;15;10025;23;;;10042;12;10046;30;;;10035.0;0.0
sideways_drift_s0;36100;INTARIAN_PEPPER_ROOT;12153;8;12149;29;;;12163;14;12167;21;;;12158.0;0.0
sideways_drift_s0;36100;ASH_COATED_OSMIUM;10026;15;10022;14;;;10036;24;10040;18;;;10031.0;0.0
sideways_drift_s0;36200;INTARIAN_PEPPER_ROOT;12150;21;12147;13;;;12166;19;12168;18;;;12158.0;0.0
sideways_drift_s0;36200;ASH_COATED_OSMIUM;10029;18;10025;22;;;10033;14;10037;14;;;10031.0;0.0
sideways_drift_s0;36300;INTARIAN_PEPPER_ROOT;12138;13;12134;15;;;12178;19;12181;20;;;12158.0;0.0
sideways_drift_s0;36300;ASH_COATED_OSMIUM;10031;13;10028;26;;;10037;7;10040;16;;;10034.0;0.0
sideways_drift_s0;36400;INTARIAN_PEPPER_ROOT;12155;14;12153;8;;;12159;9;12163;18;;;12157.0;0.0
sideways_drift_s0;36400;ASH_COATED_OSMIUM;10030;15;10028;19;;;10040;5;10044;13;;;10035.0;0.0
sideways_drift_s0;36500;INTARIAN_PEPPER_ROOT;12153;16;12150;12;;;12159;6;12161;14;;;12156.0;0.0
sideways_drift_s0;36500;ASH_COATED_OSMIUM;10027;15;10023;24;;;10039;9;10041;17;;;10033.0;0.0
sideways_drift_s0;36600;INTARIAN_PEPPER_ROOT;12145;15;12142;24;;;12165;5;12168;14;;;12155.0;0.0
sideways_drift_s0;36600;ASH_COATED_OSMIUM;10022;5;10019;17;;;10044;12;10046;14;;;10033.0;0.0
sideways_drift_s0;36700;INTARIAN_PEPPER_ROOT;12148;13;12145;25;;;12162;16;12165;21;;;12155.0;0.0
sideways_drift_s0;36700;ASH_COATED_OSMIUM;10019;9;10015;12;;;10051;5;10055;16;;;10035.0;0.0
sideways_drift_s0;36800;INTARIAN_PEPPER_ROOT;12142;16;12138;18;;;12166;6;12169;17;;;12154.0;0.0
sideways_drift_s0;36800;ASH_COATED_OSMIUM;10030;8;10026;16;;;10044;21;10048;20;;;10037.0;0.0
sideways_drift_s0;36900;INTARIAN_PEPPER_ROOT;12150;18;12146;27;;;12152;16;12154;22;;;12151.0;0.0
sideways_drift_s0;36900;ASH_COATED_OSMIUM;10034;11;10030;23;;;10036;11;10038;17;;;10035.0;0.0
sideways_drift_s0;37000;INTARIAN_PEPPER_ROOT;12146;6;12143;17;;;12156;6;12160;17;;;12151.0;0.0
sideways_drift_s0;37000;ASH_COATED_OSMIUM;10021;19;10017;19;;;10053;11;10057;15;;;10037.0;0.0
sideways_drift_s0;37100;INTARIAN_PEPPER_ROOT;12135;20;12132;24;;;12165;10;12169;23;;;12150.0;0.0
sideways_drift_s0;37100;ASH_COATED_OSMIUM;10035;15;10031;28;;;10037;9;10040;16;;;10036.0;0.0
sideways_drift_s0;37200;INTARIAN_PEPPER_ROOT;12144;19;12142;18;;;12156;17;12158;22;;;12150.0;0.0
sideways_drift_s0;37200;ASH_COATED_OSMIUM;10032;12;10028;12;;;10034;11;10038;13;;;10033.0;0.0
sideways_drift_s0;37300;INTARIAN_PEPPER_ROOT;12145;12;12143;22;;;12153;9;12157;21;;;12149.0;0.0
sideways_drift_s0;37300;ASH_COATED_OSMIUM;10030;14;10026;26;;;10040;18;10043;15;;;10035.0;0.0
sideways_drift_s0;37400;INTARIAN_PEPPER_ROOT;12132;17;12130;26;;;12164;11;12166;22;;;12148.0;0.0
sideways_drift_s0;37400;ASH_COATED_OSMIUM;10017;10;10013;18;;;10053;16;10055;16;;;10035.0;0.0
sideways_drift_s0;37500;INTARIAN_PEPPER_ROOT;12138;9;12134;20;;;12156;24;12159;13;;;12147.0;0.0
sideways_drift_s0;37500;ASH_COATED_OSMIUM;10021;13;10018;19;;;10049;6;10053;14;;;10035.0;0.0
sideways_drift_s0;37600;INTARIAN_PEPPER_ROOT;12115;14;12113;24;;;12181;22;12183;12;;;12148.0;0.0
sideways_drift_s0;37600;ASH_COATED_OSMIUM;10001;17;9999;24;;;10067;10;10071;20;;;10034.0;0.0
sideways_drift_s0;37700;INTARIAN_PEPPER_ROOT;12138;7;12134;16;;;12154;19;12157;9;;;12146.0;0.0
sideways_drift_s0;37700;ASH_COATED_OSMIUM;10034;12;10030;22;;;10036;13;10040;29;;;10035.0;0.0
sideways_drift_s0;37800;INTARIAN_PEPPER_ROOT;12122;20;12119;31;;;12166;10;12168;14;;;12144.0;0.0
sideways_drift_s0;37800;ASH_COATED_OSMIUM;10034;15;10031;20;;;10036;5;10038;16;;;10035.0;0.0
sideways_drift_s0;37900;INTARIAN_PEPPER_ROOT;12139;8;12135;12;;;12149;11;12151;23;;;12144.0;0.0
sideways_drift_s0;37900;ASH_COATED_OSMIUM;10030;14;10028;17;;;10036;13;10038;12;;;10033.0;0.0
sideways_drift_s0;38000;INTARIAN_PEPPER_ROOT;12126;18;12122;25;;;12158;13;12161;23;;;12142.0;0.0
sideways_drift_s0;38000;ASH_COATED_OSMIUM;10022;9;10018;16;;;10042;7;10045;24;;;10032.0;0.0
sideways_drift_s0;38100;INTARIAN_PEPPER_ROOT;12124;19;12120;18;;;12160;13;12162;28;;;12142.0;0.0
sideways_drift_s0;38100;ASH_COATED_OSMIUM;10022;12;10020;8;;;10038;18;10040;11;;;10030.0;0.0
sideways_drift_s0;38200;INTARIAN_PEPPER_ROOT;12134;19;12131;22;;;12142;8;12145;10;;;12138.0;0.0
sideways_drift_s0;38200;ASH_COATED_OSMIUM;10021;8;10018;28;;;10045;10;10047;22;;;10033.0;0.0
sideways_drift_s0;38300;INTARIAN_PEPPER_ROOT;12135;17;12132;21;;;12137;17;12140;15;;;12136.0;0.0
sideways_drift_s0;38300;ASH_COATED_OSMIUM;10006;10;10003;19;;;10056;15;10058;16;;;10031.0;0.0
sideways_drift_s0;38400;INTARIAN_PEPPER_ROOT;12134;17;12130;20;;;12136;14;12138;17;;;12135.0;0.0
sideways_drift_s0;38400;ASH_COATED_OSMIUM;10019;7;10016;20;;;10047;14;10049;24;;;10033.0;0.0
sideways_drift_s0;38500;INTARIAN_PEPPER_ROOT;12130;19;12128;19;;;12134;18;12136;32;;;12132.0;0.0
sideways_drift_s0;38500;ASH_COATED_OSMIUM;10027;20;10024;17;;;10045;18;10048;20;;;10036.0;0.0
sideways_drift_s0;38600;INTARIAN_PEPPER_ROOT;12103;13;12099;17;;;12159;11;12162;22;;;12131.0;0.0
sideways_drift_s0;38600;ASH_COATED_OSMIUM;10031;13;10027;11;;;10037;19;10041;14;;;10034.0;0.0
sideways_drift_s0;38700;INTARIAN_PEPPER_ROOT;12123;8;12120;20;;;12133;18;12136;16;;;12128.0;0.0
sideways_drift_s0;38700;ASH_COATED_OSMIUM;10025;18;10022;14;;;10043;17;10046;15;;;10034.0;0.0
sideways_drift_s0;38800;INTARIAN_PEPPER_ROOT;12128;7;12126;16;;;12130;5;12133;21;;;12129.0;0.0
sideways_drift_s0;38800;ASH_COATED_OSMIUM;10031;12;10027;21;;;10033;15;10035;8;;;10032.0;0.0
sideways_drift_s0;38900;INTARIAN_PEPPER_ROOT;12086;13;12084;20;;;12172;9;12176;12;;;12129.0;0.0
sideways_drift_s0;38900;ASH_COATED_OSMIUM;10024;10;10021;22;;;10040;5;10042;23;;;10032.0;0.0
sideways_drift_s0;39000;INTARIAN_PEPPER_ROOT;12125;18;12123;19;;;12131;13;12133;15;;;12128.0;0.0
sideways_drift_s0;39000;ASH_COATED_OSMIUM;10020;18;10017;23;;;10042;5;10045;30;;;10031.0;0.0
sideways_drift_s0;39100;INTARIAN_PEPPER_ROOT;12126;17;12124;23;;;12128;17;12132;25;;;12127.0;0.0
sideways_drift_s0;39100;ASH_COATED_OSMIUM;10028;9;10026;27;;;10040;9;10043;27;;;10034.0;0.0
sideways_drift_s0;39200;INTARIAN_PEPPER_ROOT;12120;14;12116;22;;;12130;12;12133;19;;;12125.0;0.0
sideways_drift_s0;39200;ASH_COATED_OSMIUM;10022;11;10019;22;;;10040;11;10044;19;;;10031.0;0.0
sideways_drift_s0;39300;INTARIAN_PEPPER_ROOT;12111;19;12109;31;;;12135;12;12139;28;;;12123.0;0.0
sideways_drift_s0;39300;ASH_COATED_OSMIUM;10022;15;10019;9;;;10040;13;10042;18;;;10031.0;0.0
sideways_drift_s0;39400;INTARIAN_PEPPER_ROOT;12115;10;12112;20;;;12127;8;12129;21;;;12121.0;0.0
sideways_drift_s0;39400;ASH_COATED_OSMIUM;10032;16;10028;19;;;10038;5;10042;12;;;10035.0;0.0
sideways_drift_s0;39500;INTARIAN_PEPPER_ROOT;12105;16;12101;22;;;12135;14;12137;25;;;12120.0;0.0
sideways_drift_s0;39500;ASH_COATED_OSMIUM;10033;5;10029;14;;;10035;9;10037;26;;;10034.0;0.0
sideways_drift_s0;39600;INTARIAN_PEPPER_ROOT;12111;11;12109;17;;;12129;17;12133;28;;;12120.0;0.0
sideways_drift_s0;39600;ASH_COATED_OSMIUM;10030;10;10028;26;;;10042;14;10044;11;;;10036.0;0.0
sideways_drift_s0;39700;INTARIAN_PEPPER_ROOT;12115;21;12113;16;;;12123;26;12125;24;;;12119.0;0.0
sideways_drift_s0;39700;ASH_COATED_OSMIUM;10035;13;10032;21;;;10037;10;10040;15;;;10036.0;0.0
sideways_drift_s0;39800;INTARIAN_PEPPER_ROOT;12114;18;12112;25;;;12126;9;12129;21;;;12120.0;0.0
sideways_drift_s0;39800;ASH_COATED_OSMIUM;10032;20;10029;23;;;10042;11;10046;27;;;10037.0;0.0
sideways_drift_s0;39900;INTARIAN_PEPPER_ROOT;12118;15;12116;18;;;12122;17;12126;18;;;12120.0;0.0
sideways_drift_s0;39900;ASH_COATED_OSMIUM;10036;5;10033;23;;;10038;17;10042;25;;;10037.0;0.0
sideways_drift_s0;40000;INTARIAN_PEPPER_ROOT;12115;13;12111;16;;;12121;19;12125;17;;;12118.0;0.0
sideways_drift_s0;40000;ASH_COATED_OSMIUM;10026;16;10024;27;;;10048;15;10050;24;;;10037.0;0.0
sideways_drift_s0;40100;INTARIAN_PEPPER_ROOT;12114;15;12112;16;;;12118;13;12121;14;;;12116.0;0.0
sideways_drift_s0;40100;ASH_COATED_OSMIUM;10036;11;10033;22;;;10042;15;10044;26;;;10039.0;0.0
sideways_drift_s0;40200;INTARIAN_PEPPER_ROOT;12090;14;12088;23;;;12142;15;12146;19;;;12116.0;0.0
sideways_drift_s0;40200;ASH_COATED_OSMIUM;10021;11;10019;19;;;10055;12;10058;28;;;10038.0;0.0
sideways_drift_s0;40300;INTARIAN_PEPPER_ROOT;12113;15;12109;18;;;12119;11;12121;20;;;12116.0;0.0
sideways_drift_s0;40300;ASH_COATED_OSMIUM;10031;12;10028;22;;;10043;18;10046;22;;;10037.0;0.0
sideways_drift_s0;40400;INTARIAN_PEPPER_ROOT;12095;16;12092;21;;;12129;25;12132;24;;;12112.0;0.0
sideways_drift_s0;40400;ASH_COATED_OSMIUM;10030;11;10027;17;;;10038;12;10040;18;;;10034.0;0.0
sideways_drift_s0;40500;INTARIAN_PEPPER_ROOT;12100;7;12098;30;;;12122;21;12126;19;;;12111.0;0.0
sideways_drift_s0;40500;ASH_COATED_OSMIUM;10033;12;10030;14;;;10035;16;10037;26;;;10034.0;0.0
sideways_drift_s0;40600;INTARIAN_PEPPER_ROOT;12109;18;12105;27;;;12115;18;12119;20;;;12112.0;0.0
sideways_drift_s0;40600;ASH_COATED_OSMIUM;10022;5;10019;13;;;10044;14;10046;17;;;10033.0;0.0
sideways_drift_s0;40700;INTARIAN_PEPPER_ROOT;12109;13;12105;15;;;12113;16;12117;25;;;12111.0;0.0
sideways_drift_s0;40700;ASH_COATED_OSMIUM;10029;14;10026;19;;;10037;14;10040;26;;;10033.0;0.0
sideways_drift_s0;40800;INTARIAN_PEPPER_ROOT;12106;17;12103;24;;;12110;21;12114;17;;;12108.0;0.0
sideways_drift_s0;40800;ASH_COATED_OSMIUM;9999;12;9996;18;;;10063;19;10065;19;;;10031.0;0.0
sideways_drift_s0;40900;INTARIAN_PEPPER_ROOT;12083;21;12079;18;;;12131;13;12134;15;;;12107.0;0.0
sideways_drift_s0;40900;ASH_COATED_OSMIUM;10010;19;10006;23;;;10052;12;10055;16;;;10031.0;0.0
sideways_drift_s0;41000;INTARIAN_PEPPER_ROOT;12104;16;12100;16;;;12106;17;12109;21;;;12105.0;0.0
sideways_drift_s0;41000;ASH_COATED_OSMIUM;10020;18;10017;20;;;10040;18;10043;26;;;10030.0;0.0
sideways_drift_s0;41100;INTARIAN_PEPPER_ROOT;12089;19;12086;24;;;12119;5;12121;25;;;12104.0;0.0
sideways_drift_s0;41100;ASH_COATED_OSMIUM;10016;5;10014;18;;;10046;14;10049;24;;;10031.0;0.0
sideways_drift_s0;41200;INTARIAN_PEPPER_ROOT;12099;22;12097;21;;;12107;18;12109;19;;;12103.0;0.0
sideways_drift_s0;41200;ASH_COATED_OSMIUM;10029;23;10025;20;;;10037;8;10041;19;;;10033.0;0.0
sideways_drift_s0;41300;INTARIAN_PEPPER_ROOT;12089;16;12086;16;;;12113;26;12117;18;;;12101.0;0.0
sideways_drift_s0;41300;ASH_COATED_OSMIUM;10032;16;10030;18;;;10034;24;10037;17;;;10033.0;0.0
sideways_drift_s0;41400;INTARIAN_PEPPER_ROOT;12101;16;12099;25;;;12103;8;12106;22;;;12102.0;0.0
sideways_drift_s0;41400;ASH_COATED_OSMIUM;10028;8;10026;14;;;10036;9;10040;26;;;10032.0;0.0
sideways_drift_s0;41500;INTARIAN_PEPPER_ROOT;12093;11;12089;29;;;12111;12;12115;25;;;12102.0;0.0
sideways_drift_s0;41500;ASH_COATED_OSMIUM;10026;16;10023;20;;;10040;12;10042;28;;;10033.0;0.0
sideways_drift_s0;41600;INTARIAN_PEPPER_ROOT;12098;6;12095;21;;;12102;18;12104;16;;;12100.0;0.0
sideways_drift_s0;41600;ASH_COATED_OSMIUM;10026;17;10023;18;;;10046;6;10050;23;;;10036.0;0.0
sideways_drift_s0;41700;INTARIAN_PEPPER_ROOT;12097;19;12095;21;;;12103;12;12107;21;;;12100.0;0.0
sideways_drift_s0;41700;ASH_COATED_OSMIUM;10036;12;10033;12;;;10038;9;10041;20;;;10037.0;0.0
sideways_drift_s0;41800;INTARIAN_PEPPER_ROOT;12099;21;12097;17;;;12101;15;12103;17;;;12100.0;0.0
sideways_drift_s0;41800;ASH_COATED_OSMIUM;10031;12;10029;13;;;10047;14;10051;25;;;10039.0;0.0
sideways_drift_s0;41900;INTARIAN_PEPPER_ROOT;12096;10;12094;19;;;12104;12;12107;20;;;12100.0;0.0
sideways_drift_s0;41900;ASH_COATED_OSMIUM;10025;10;10021;9;;;10047;10;10049;21;;;10036.0;0.0
sideways_drift_s0;42000;INTARIAN_PEPPER_ROOT;12098;12;12095;12;;;12102;16;12104;22;;;12100.0;0.0
sideways_drift_s0;42000;ASH_COATED_OSMIUM;10032;5;10028;22;;;10034;15;10037;27;;;10033.0;0.0
sideways_drift_s0;42100;INTARIAN_PEPPER_ROOT;12090;7;12087;18;;;12110;20;12113;17;;;12100.0;0.0
sideways_drift_s0;42100;ASH_COATED_OSMIUM;10026;13;10022;20;;;10036;7;10038;28;;;10031.0;0.0
sideways_drift_s0;42200;INTARIAN_PEPPER_ROOT;12088;15;12085;24;;;12104;15;12108;15;;;12096.0;0.0
sideways_drift_s0;42200;ASH_COATED_OSMIUM;9976;12;9973;27;;;10092;5;10094;19;;;10034.0;0.0
sideways_drift_s0;42300;INTARIAN_PEPPER_ROOT;12088;12;12085;13;;;12102;16;12104;25;;;12095.0;0.0
sideways_drift_s0;42300;ASH_COATED_OSMIUM;10030;16;10026;17;;;10032;12;10035;21;;;10031.0;0.0
sideways_drift_s0;42400;INTARIAN_PEPPER_ROOT;12092;11;12088;14;;;12094;19;12098;22;;;12093.0;0.0
sideways_drift_s0;42400;ASH_COATED_OSMIUM;10030;10;10026;21;;;10036;11;10040;20;;;10033.0;0.0
sideways_drift_s0;42500;INTARIAN_PEPPER_ROOT;12088;15;12086;13;;;12098;27;12100;20;;;12093.0;0.0
sideways_drift_s0;42500;ASH_COATED_OSMIUM;10032;16;10028;22;;;10034;13;10037;16;;;10033.0;0.0
sideways_drift_s0;42600;INTARIAN_PEPPER_ROOT;12090;9;12086;20;;;12096;13;12099;16;;;12093.0;0.0
sideways_drift_s0;42600;ASH_COATED_OSMIUM;10014;7;10012;14;;;10052;5;10054;20;;;10033.0;0.0
sideways_drift_s0;42700;INTARIAN_PEPPER_ROOT;12087;24;12084;12;;;12089;12;12091;27;;;12088.0;0.0
sideways_drift_s0;42700;ASH_COATED_OSMIUM;10034;20;10032;16;;;10038;13;10042;19;;;10036.0;0.0
sideways_drift_s0;42800;INTARIAN_PEPPER_ROOT;12086;21;12082;21;;;12088;14;12091;19;;;12087.0;0.0
sideways_drift_s0;42800;ASH_COATED_OSMIUM;10027;11;10025;25;;;10049;12;10052;18;;;10038.0;0.0
sideways_drift_s0;42900;INTARIAN_PEPPER_ROOT;12084;21;12082;19;;;12086;17;12088;15;;;12085.0;0.0
sideways_drift_s0;42900;ASH_COATED_OSMIUM;10037;12;10035;20;;;10047;10;10051;20;;;10042.0;0.0
sideways_drift_s0;43000;INTARIAN_PEPPER_ROOT;12073;22;12069;21;;;12093;18;12096;18;;;12083.0;0.0
sideways_drift_s0;43000;ASH_COATED_OSMIUM;10029;14;10026;23;;;10053;14;10055;16;;;10041.0;0.0
sideways_drift_s0;43100;INTARIAN_PEPPER_ROOT;12079;16;12077;22;;;12083;21;12085;18;;;12081.0;0.0
sideways_drift_s0;43100;ASH_COATED_OSMIUM;10041;5;10038;25;;;10047;18;10049;19;;;10044.0;0.0
sideways_drift_s0;43200;INTARIAN_PEPPER_ROOT;12074;21;12070;13;;;12088;14;12090;17;;;12081.0;0.0
sideways_drift_s0;43200;ASH_COATED_OSMIUM;10042;9;10039;12;;;10046;25;10050;19;;;10044.0;0.0
sideways_drift_s0;43300;INTARIAN_PEPPER_ROOT;12074;10;12072;25;;;12084;24;12086;13;;;12079.0;0.0
sideways_drift_s0;43300;ASH_COATED_OSMIUM;10039;14;10036;26;;;10047;15;10050;19;;;10043.0;0.0
sideways_drift_s0;43400;INTARIAN_PEPPER_ROOT;12076;16;12072;20;;;12078;12;12081;9;;;12077.0;0.0
sideways_drift_s0;43400;ASH_COATED_OSMIUM;10035;13;10033;12;;;10051;13;10054;12;;;10043.0;0.0
sideways_drift_s0;43500;INTARIAN_PEPPER_ROOT;12070;11;12068;21;;;12084;13;12087;17;;;12077.0;0.0
sideways_drift_s0;43500;ASH_COATED_OSMIUM;10037;18;10035;21;;;10045;12;10049;21;;;10041.0;0.0
sideways_drift_s0;43600;INTARIAN_PEPPER_ROOT;12071;20;12069;22;;;12081;13;12085;23;;;12076.0;0.0
sideways_drift_s0;43600;ASH_COATED_OSMIUM;10038;11;10034;18;;;10046;5;10048;19;;;10042.0;0.0
sideways_drift_s0;43700;INTARIAN_PEPPER_ROOT;12063;10;12059;24;;;12085;21;12087;17;;;12074.0;0.0
sideways_drift_s0;43700;ASH_COATED_OSMIUM;10040;13;10036;23;;;10042;10;10046;20;;;10041.0;0.0
sideways_drift_s0;43800;INTARIAN_PEPPER_ROOT;12019;17;12015;24;;;12129;17;12131;28;;;12074.0;0.0
sideways_drift_s0;43800;ASH_COATED_OSMIUM;10033;20;10029;17;;;10051;12;10053;18;;;10042.0;0.0
sideways_drift_s0;43900;INTARIAN_PEPPER_ROOT;12065;20;12061;25;;;12081;12;12085;17;;;12073.0;0.0
sideways_drift_s0;43900;ASH_COATED_OSMIUM;10043;8;10039;18;;;10045;9;10049;16;;;10044.0;0.0
sideways_drift_s0;44000;INTARIAN_PEPPER_ROOT;12070;15;12066;29;;;12072;12;12074;14;;;12071.0;0.0
sideways_drift_s0;44000;ASH_COATED_OSMIUM;10044;5;10040;27;;;10052;14;10056;28;;;10048.0;0.0
sideways_drift_s0;44100;INTARIAN_PEPPER_ROOT;12066;19;12062;16;;;12070;17;12073;15;;;12068.0;0.0
sideways_drift_s0;44100;ASH_COATED_OSMIUM;10027;15;10023;11;;;10065;5;10069;14;;;10046.0;0.0
sideways_drift_s0;44200;INTARIAN_PEPPER_ROOT;12064;14;12060;27;;;12070;9;12072;14;;;12067.0;0.0
sideways_drift_s0;44200;ASH_COATED_OSMIUM;10033;10;10031;18;;;10059;16;10063;22;;;10046.0;0.0
sideways_drift_s0;44300;INTARIAN_PEPPER_ROOT;12064;13;12061;17;;;12068;11;12070;25;;;12066.0;0.0
sideways_drift_s0;44300;ASH_COATED_OSMIUM;10043;8;10041;17;;;10051;5;10055;15;;;10047.0;0.0
sideways_drift_s0;44400;INTARIAN_PEPPER_ROOT;12048;12;12045;24;;;12084;10;12088;23;;;12066.0;0.0
sideways_drift_s0;44400;ASH_COATED_OSMIUM;10049;16;10046;15;;;10051;13;10053;13;;;10050.0;0.0
sideways_drift_s0;44500;INTARIAN_PEPPER_ROOT;12063;7;12060;26;;;12065;18;12069;21;;;12064.0;0.0
sideways_drift_s0;44500;ASH_COATED_OSMIUM;10050;13;10047;24;;;10052;5;10054;29;;;10051.0;0.0
sideways_drift_s0;44600;INTARIAN_PEPPER_ROOT;12050;17;12048;19;;;12076;22;12078;23;;;12063.0;0.0
sideways_drift_s0;44600;ASH_COATED_OSMIUM;10031;11;10029;22;;;10071;12;10075;15;;;10051.0;0.0
sideways_drift_s0;44700;INTARIAN_PEPPER_ROOT;12056;5;12054;22;;;12066;10;12070;17;;;12061.0;0.0
sideways_drift_s0;44700;ASH_COATED_OSMIUM;10050;6;10046;16;;;10052;22;10056;19;;;10051.0;0.0
sideways_drift_s0;44800;INTARIAN_PEPPER_ROOT;12050;11;12046;19;;;12068;8;12072;21;;;12059.0;0.0
sideways_drift_s0;44800;ASH_COATED_OSMIUM;10040;17;10036;8;;;10052;9;10054;16;;;10046.0;0.0
sideways_drift_s0;44900;INTARIAN_PEPPER_ROOT;12054;17;12052;18;;;12060;14;12063;22;;;12057.0;0.0
sideways_drift_s0;44900;ASH_COATED_OSMIUM;10026;5;10024;23;;;10066;22;10068;16;;;10046.0;0.0
sideways_drift_s0;45000;INTARIAN_PEPPER_ROOT;12054;12;12051;13;;;12056;9;12060;28;;;12055.0;0.0
sideways_drift_s0;45000;ASH_COATED_OSMIUM;10026;15;10024;15;;;10062;12;10064;22;;;10044.0;0.0
sideways_drift_s0;45100;INTARIAN_PEPPER_ROOT;12053;23;12050;8;;;12055;15;12059;21;;;12054.0;0.0
sideways_drift_s0;45100;ASH_COATED_OSMIUM;10043;13;10039;25;;;10047;18;10051;17;;;10045.0;0.0
sideways_drift_s0;45200;INTARIAN_PEPPER_ROOT;12052;21;12050;25;;;12054;16;12057;16;;;12053.0;0.0
sideways_drift_s0;45200;ASH_COATED_OSMIUM;10035;5;10032;22;;;10047;8;10050;22;;;10041.0;0.0
sideways_drift_s0;45300;INTARIAN_PEPPER_ROOT;12038;18;12034;28;;;12066;16;12069;25;;;12052.0;0.0
sideways_drift_s0;45300;ASH_COATED_OSMIUM;10034;16;10031;19;;;10046;10;10048;32;;;10040.0;0.0
sideways_drift_s0;45400;INTARIAN_PEPPER_ROOT;12050;22;12048;20;;;12052;11;12056;9;;;12051.0;0.0
sideways_drift_s0;45400;ASH_COATED_OSMIUM;10039;14;10037;30;;;10041;5;10045;17;;;10040.0;0.0
sideways_drift_s0;45500;INTARIAN_PEPPER_ROOT;12048;5;12046;28;;;12056;13;12059;13;;;12052.0;0.0
sideways_drift_s0;45500;ASH_COATED_OSMIUM;10033;12;10030;20;;;10047;5;10050;11;;;10040.0;0.0
sideways_drift_s0;45600;INTARIAN_PEPPER_ROOT;12042;23;12040;26;;;12058;12;12062;22;;;12050.0;0.0
sideways_drift_s0;45600;ASH_COATED_OSMIUM;10038;23;10035;17;;;10046;11;10049;18;;;10042.0;0.0
sideways_drift_s0;45700;INTARIAN_PEPPER_ROOT;12045;15;12043;19;;;12047;8;12050;8;;;12046.0;0.0
sideways_drift_s0;45700;ASH_COATED_OSMIUM;10038;20;10035;20;;;10040;16;10042;22;;;10039.0;0.0
sideways_drift_s0;45800;INTARIAN_PEPPER_ROOT;12044;20;12041;22;;;12046;14;12050;21;;;12045.0;0.0
sideways_drift_s0;45800;ASH_COATED_OSMIUM;10039;18;10037;13;;;10043;5;10045;24;;;10041.0;0.0
sideways_drift_s0;45900;INTARIAN_PEPPER_ROOT;12041;14;12039;24;;;12045;14;12049;27;;;12043.0;0.0
sideways_drift_s0;45900;ASH_COATED_OSMIUM;10043;6;10040;27;;;10045;21;10048;22;;;10044.0;0.0
sideways_drift_s0;46000;INTARIAN_PEPPER_ROOT;12041;22;12039;22;;;12043;15;12046;19;;;12042.0;0.0
sideways_drift_s0;46000;ASH_COATED_OSMIUM;10024;15;10021;34;;;10066;15;10070;18;;;10045.0;0.0
sideways_drift_s0;46100;INTARIAN_PEPPER_ROOT;12033;8;12029;16;;;12045;7;12048;26;;;12039.0;0.0
sideways_drift_s0;46100;ASH_COATED_OSMIUM;10044;5;10042;20;;;10046;5;10049;20;;;10045.0;0.0
sideways_drift_s0;46200;INTARIAN_PEPPER_ROOT;12028;10;12025;19;;;12048;15;12050;16;;;12038.0;0.0
sideways_drift_s0;46200;ASH_COATED_OSMIUM;10014;10;10011;24;;;10074;10;10077;15;;;10044.0;0.0
sideways_drift_s0;46300;INTARIAN_PEPPER_ROOT;12035;10;12033;21;;;12037;17;12041;19;;;12036.0;0.0
sideways_drift_s0;46300;ASH_COATED_OSMIUM;10037;21;10033;33;;;10045;5;10047;18;;;10041.0;0.0
sideways_drift_s0;46400;INTARIAN_PEPPER_ROOT;12033;27;12029;20;;;12035;11;12037;23;;;12034.0;0.0
sideways_drift_s0;46400;ASH_COATED_OSMIUM;10026;19;10022;22;;;10056;10;10059;17;;;10041.0;0.0
sideways_drift_s0;46500;INTARIAN_PEPPER_ROOT;12014;14;12012;23;;;12058;7;12062;13;;;12036.0;0.0
sideways_drift_s0;46500;ASH_COATED_OSMIUM;10038;14;10036;25;;;10054;11;10058;25;;;10046.0;0.0
sideways_drift_s0;46600;INTARIAN_PEPPER_ROOT;12018;17;12014;12;;;12046;12;12048;22;;;12032.0;0.0
sideways_drift_s0;46600;ASH_COATED_OSMIUM;10045;11;10042;23;;;10049;12;10053;25;;;10047.0;0.0
sideways_drift_s0;46700;INTARIAN_PEPPER_ROOT;12025;9;12021;29;;;12035;7;12038;13;;;12030.0;0.0
sideways_drift_s0;46700;ASH_COATED_OSMIUM;10046;20;10044;18;;;10048;12;10052;19;;;10047.0;0.0
sideways_drift_s0;46800;INTARIAN_PEPPER_ROOT;12020;12;12016;13;;;12032;13;12036;19;;;12026.0;0.0
sideways_drift_s0;46800;ASH_COATED_OSMIUM;10006;20;10003;23;;;10088;19;10090;19;;;10047.0;0.0
sideways_drift_s0;46900;INTARIAN_PEPPER_ROOT;12021;14;12018;20;;;12031;21;12034;25;;;12026.0;0.0
sideways_drift_s0;46900;ASH_COATED_OSMIUM;10045;21;10042;17;;;10053;21;10055;27;;;10049.0;0.0
sideways_drift_s0;47000;INTARIAN_PEPPER_ROOT;12021;9;12018;23;;;12023;15;12025;21;;;12022.0;0.0
sideways_drift_s0;47000;ASH_COATED_OSMIUM;10050;16;10048;20;;;10054;17;10057;17;;;10052.0;0.0
sideways_drift_s0;47100;INTARIAN_PEPPER_ROOT;12019;21;12015;30;;;12021;13;12024;11;;;12020.0;0.0
sideways_drift_s0;47100;ASH_COATED_OSMIUM;10043;14;10039;24;;;10057;25;10060;28;;;10050.0;0.0
sideways_drift_s0;47200;INTARIAN_PEPPER_ROOT;12004;10;12002;11;;;12032;10;12036;23;;;12018.0;0.0
sideways_drift_s0;47200;ASH_COATED_OSMIUM;10026;11;10024;32;;;10072;22;10075;21;;;10049.0;0.0
sideways_drift_s0;47300;INTARIAN_PEPPER_ROOT;12009;18;12005;28;;;12021;8;12023;16;;;12015.0;0.0
sideways_drift_s0;47300;ASH_COATED_OSMIUM;10045;11;10043;23;;;10057;18;10061;24;;;10051.0;0.0
sideways_drift_s0;47400;INTARIAN_PEPPER_ROOT;12011;13;12008;32;;;12021;9;12024;19;;;12016.0;0.0
sideways_drift_s0;47400;ASH_COATED_OSMIUM;10050;10;10046;16;;;10052;15;10054;13;;;10051.0;0.0
sideways_drift_s0;47500;INTARIAN_PEPPER_ROOT;12014;17;12012;21;;;12018;14;12022;21;;;12016.0;0.0
sideways_drift_s0;47500;ASH_COATED_OSMIUM;10049;12;10045;23;;;10055;12;10059;14;;;10052.0;0.0
sideways_drift_s0;47600;INTARIAN_PEPPER_ROOT;12015;14;12011;16;;;12017;19;12020;20;;;12016.0;0.0
sideways_drift_s0;47600;ASH_COATED_OSMIUM;10053;14;10051;14;;;10055;10;10059;19;;;10054.0;0.0
sideways_drift_s0;47700;INTARIAN_PEPPER_ROOT;11999;19;11997;26;;;12027;16;12031;8;;;12013.0;0.0
sideways_drift_s0;47700;ASH_COATED_OSMIUM;10047;7;10043;22;;;10055;15;10058;21;;;10051.0;0.0
sideways_drift_s0;47800;INTARIAN_PEPPER_ROOT;12003;17;12001;21;;;12023;13;12025;21;;;12013.0;0.0
sideways_drift_s0;47800;ASH_COATED_OSMIUM;10029;5;10027;30;;;10073;15;10075;12;;;10051.0;0.0
sideways_drift_s0;47900;INTARIAN_PEPPER_ROOT;12010;20;12008;25;;;12012;14;12014;27;;;12011.0;0.0
sideways_drift_s0;47900;ASH_COATED_OSMIUM;10043;10;10039;23;;;10059;5;10061;16;;;10051.0;0.0
sideways_drift_s0;48000;INTARIAN_PEPPER_ROOT;11987;17;11984;19;;;12035;7;12039;14;;;12011.0;0.0
sideways_drift_s0;48000;ASH_COATED_OSMIUM;10052;17;10048;20;;;10054;15;10057;25;;;10053.0;0.0
sideways_drift_s0;48100;INTARIAN_PEPPER_ROOT;12010;6;12008;22;;;12012;19;12015;19;;;12011.0;0.0
sideways_drift_s0;48100;ASH_COATED_OSMIUM;10052;9;10050;21;;;10054;14;10058;16;;;10053.0;0.0
sideways_drift_s0;48200;INTARIAN_PEPPER_ROOT;12004;24;12000;19;;;12012;12;12014;8;;;12008.0;0.0
sideways_drift_s0;48200;ASH_COATED_OSMIUM;10054;16;10052;14;;;10056;21;10058;23;;;10055.0;0.0
sideways_drift_s0;48300;INTARIAN_PEPPER_ROOT;12002;11;11998;17;;;12012;9;12015;18;;;12007.0;0.0
sideways_drift_s0;48300;ASH_COATED_OSMIUM;10053;20;10049;17;;;10061;19;10065;18;;;10057.0;0.0
sideways_drift_s0;48400;INTARIAN_PEPPER_ROOT;12003;10;12000;29;;;12009;18;12011;18;;;12006.0;0.0
sideways_drift_s0;48400;ASH_COATED_OSMIUM;10055;18;10051;27;;;10059;8;10061;23;;;10057.0;0.0
sideways_drift_s0;48500;INTARIAN_PEPPER_ROOT;11990;11;11988;20;;;12014;16;12018;24;;;12002.0;0.0
sideways_drift_s0;48500;ASH_COATED_OSMIUM;10055;11;10053;17;;;10059;16;10061;16;;;10057.0;0.0
sideways_drift_s0;48600;INTARIAN_PEPPER_ROOT;11992;15;11990;21;;;12012;13;12015;22;;;12002.0;0.0
sideways_drift_s0;48600;ASH_COATED_OSMIUM;10037;16;10034;16;;;10075;23;10077;8;;;10056.0;0.0
sideways_drift_s0;48700;INTARIAN_PEPPER_ROOT;11983;10;11979;19;;;12019;13;12023;25;;;12001.0;0.0
sideways_drift_s0;48700;ASH_COATED_OSMIUM;10052;17;10050;21;;;10062;10;10065;8;;;10057.0;0.0
sideways_drift_s0;48800;INTARIAN_PEPPER_ROOT;11990;21;11987;21;;;12008;20;12011;12;;;11999.0;0.0
sideways_drift_s0;48800;ASH_COATED_OSMIUM;10052;13;10050;25;;;10062;12;10066;29;;;10057.0;0.0
sideways_drift_s0;48900;INTARIAN_PEPPER_ROOT;11996;16;11993;28;;;12000;7;12002;20;;;11998.0;0.0
sideways_drift_s0;48900;ASH_COATED_OSMIUM;10055;9;10052;21;;;10059;24;10061;20;;;10057.0;0.0
sideways_drift_s0;49000;INTARIAN_PEPPER_ROOT;11981;22;11978;19;;;12009;13;12011;19;;;11995.0;0.0
sideways_drift_s0;49000;ASH_COATED_OSMIUM;10045;5;10041;15;;;10073;11;10077;25;;;10059.0;0.0
sideways_drift_s0;49100;INTARIAN_PEPPER_ROOT;11982;14;11979;19;;;12004;6;12008;14;;;11993.0;0.0
sideways_drift_s0;49100;ASH_COATED_OSMIUM;10049;11;10046;26;;;10071;16;10073;10;;;10060.0;0.0
sideways_drift_s0;49200;INTARIAN_PEPPER_ROOT;11983;11;11981;21;;;12003;16;12007;21;;;11993.0;0.0
sideways_drift_s0;49200;ASH_COATED_OSMIUM;10052;20;10049;24;;;10066;18;10070;24;;;10059.0;0.0
sideways_drift_s0;49300;INTARIAN_PEPPER_ROOT;11966;25;11962;19;;;12020;16;12022;16;;;11993.0;0.0
sideways_drift_s0;49300;ASH_COATED_OSMIUM;10051;14;10048;25;;;10073;23;10077;22;;;10062.0;0.0
sideways_drift_s0;49400;INTARIAN_PEPPER_ROOT;11985;21;11981;15;;;12003;12;12007;24;;;11994.0;0.0
sideways_drift_s0;49400;ASH_COATED_OSMIUM;10045;12;10043;18;;;10075;15;10079;18;;;10060.0;0.0
sideways_drift_s0;49500;INTARIAN_PEPPER_ROOT;11987;17;11983;27;;;11999;15;12003;13;;;11993.0;0.0
sideways_drift_s0;49500;ASH_COATED_OSMIUM;10062;12;10059;22;;;10064;16;10067;19;;;10063.0;0.0
sideways_drift_s0;49600;INTARIAN_PEPPER_ROOT;11988;12;11986;16;;;11992;7;11994;23;;;11990.0;0.0
sideways_drift_s0;49600;ASH_COATED_OSMIUM;10058;15;10055;17;;;10072;15;10076;25;;;10065.0;0.0
sideways_drift_s0;49700;INTARIAN_PEPPER_ROOT;11987;5;11983;8;;;11989;12;11992;8;;;11988.0;0.0
sideways_drift_s0;49700;ASH_COATED_OSMIUM;10063;8;10059;22;;;10067;8;10069;16;;;10065.0;0.0
sideways_drift_s0;49800;INTARIAN_PEPPER_ROOT;11985;25;11982;21;;;11987;11;11991;19;;;11986.0;0.0
sideways_drift_s0;49800;ASH_COATED_OSMIUM;10061;5;10059;18;;;10063;11;10065;23;;;10062.0;0.0
sideways_drift_s0;49900;INTARIAN_PEPPER_ROOT;11979;16;11977;30;;;11989;14;11992;20;;;11984.0;0.0
sideways_drift_s0;49900;ASH_COATED_OSMIUM;10062;17;10058;23;;;10066;12;10070;9;;;10064.0;0.0
sideways_drift_s0;50000;INTARIAN_PEPPER_ROOT;11972;21;11970;28;;;11994;21;11997;25;;;11983.0;0.0
sideways_drift_s0;50000;ASH_COATED_OSMIUM;10064;6;10061;15;;;10068;12;10071;26;;;10066.0;0.0
sideways_drift_s0;50100;INTARIAN_PEPPER_ROOT;11979;15;11975;15;;;11985;13;11987;21;;;11982.0;0.0
sideways_drift_s0;50100;ASH_COATED_OSMIUM;10041;5;10039;14;;;10091;15;10094;18;;;10066.0;0.0
sideways_drift_s0;50200;INTARIAN_PEPPER_ROOT;11980;19;11977;19;;;11982;9;11985;23;;;11981.0;0.0
sideways_drift_s0;50200;ASH_COATED_OSMIUM;10043;12;10041;17;;;10087;13;10091;16;;;10065.0;0.0
sideways_drift_s0;50300;INTARIAN_PEPPER_ROOT;11976;10;11972;15;;;11984;16;11988;28;;;11980.0;0.0
sideways_drift_s0;50300;ASH_COATED_OSMIUM;10046;18;10043;18;;;10078;11;10082;15;;;10062.0;0.0
sideways_drift_s0;50400;INTARIAN_PEPPER_ROOT;11977;9;11973;23;;;11979;7;11982;23;;;11978.0;0.0
sideways_drift_s0;50400;ASH_COATED_OSMIUM;10046;17;10042;19;;;10078;14;10081;34;;;10062.0;0.0
sideways_drift_s0;50500;INTARIAN_PEPPER_ROOT;11973;18;11969;15;;;11979;11;11981;25;;;11976.0;0.0
sideways_drift_s0;50500;ASH_COATED_OSMIUM;10045;19;10042;26;;;10077;10;10080;17;;;10061.0;0.0
sideways_drift_s0;50600;INTARIAN_PEPPER_ROOT;11954;15;11950;22;;;11990;11;11993;20;;;11972.0;0.0
sideways_drift_s0;50600;ASH_COATED_OSMIUM;10046;10;10043;16;;;10076;6;10080;22;;;10061.0;0.0
sideways_drift_s0;50700;INTARIAN_PEPPER_ROOT;11962;6;11960;29;;;11976;13;11979;16;;;11969.0;0.0
sideways_drift_s0;50700;ASH_COATED_OSMIUM;10056;7;10053;11;;;10062;16;10066;17;;;10059.0;0.0
sideways_drift_s0;50800;INTARIAN_PEPPER_ROOT;11965;17;11961;23;;;11969;10;11972;13;;;11967.0;0.0
sideways_drift_s0;50800;ASH_COATED_OSMIUM;10042;11;10040;21;;;10074;9;10078;20;;;10058.0;0.0
sideways_drift_s0;50900;INTARIAN_PEPPER_ROOT;11958;5;11955;24;;;11976;13;11978;19;;;11967.0;0.0
sideways_drift_s0;50900;ASH_COATED_OSMIUM;10054;10;10052;25;;;10068;5;10071;26;;;10061.0;0.0
sideways_drift_s0;51000;INTARIAN_PEPPER_ROOT;11960;11;11957;20;;;11972;9;11976;18;;;11966.0;0.0
sideways_drift_s0;51000;ASH_COATED_OSMIUM;10027;16;10024;14;;;10087;6;10091;19;;;10057.0;0.0
sideways_drift_s0;51100;INTARIAN_PEPPER_ROOT;11953;17;11950;19;;;11979;13;11981;23;;;11966.0;0.0
sideways_drift_s0;51100;ASH_COATED_OSMIUM;10050;15;10048;17;;;10054;17;10056;20;;;10052.0;0.0
sideways_drift_s0;51200;INTARIAN_PEPPER_ROOT;11961;15;11958;16;;;11963;18;11965;26;;;11962.0;0.0
sideways_drift_s0;51200;ASH_COATED_OSMIUM;10049;13;10047;31;;;10053;14;10057;15;;;10051.0;0.0
sideways_drift_s0;51300;INTARIAN_PEPPER_ROOT;11955;17;11952;15;;;11965;18;11968;11;;;11960.0;0.0
sideways_drift_s0;51300;ASH_COATED_OSMIUM;10029;5;10025;12;;;10073;5;10075;17;;;10051.0;0.0
sideways_drift_s0;51400;INTARIAN_PEPPER_ROOT;11945;16;11942;13;;;11971;21;11975;12;;;11958.0;0.0
sideways_drift_s0;51400;ASH_COATED_OSMIUM;10047;8;10044;24;;;10059;20;10063;15;;;10053.0;0.0
sideways_drift_s0;51500;INTARIAN_PEPPER_ROOT;11952;14;11950;25;;;11960;17;11964;15;;;11956.0;0.0
sideways_drift_s0;51500;ASH_COATED_OSMIUM;10048;20;10046;27;;;10054;22;10056;35;;;10051.0;0.0
sideways_drift_s0;51600;INTARIAN_PEPPER_ROOT;11938;11;11935;19;;;11972;10;11975;19;;;11955.0;0.0
sideways_drift_s0;51600;ASH_COATED_OSMIUM;10048;5;10044;19;;;10062;8;10064;18;;;10055.0;0.0
sideways_drift_s0;51700;INTARIAN_PEPPER_ROOT;11953;11;11949;21;;;11955;10;11958;19;;;11954.0;0.0
sideways_drift_s0;51700;ASH_COATED_OSMIUM;10055;5;10052;24;;;10057;5;10059;20;;;10056.0;0.0
sideways_drift_s0;51800;INTARIAN_PEPPER_ROOT;11952;19;11950;31;;;11954;17;11957;13;;;11953.0;0.0
sideways_drift_s0;51800;ASH_COATED_OSMIUM;10052;18;10050;26;;;10060;7;10062;22;;;10056.0;0.0
sideways_drift_s0;51900;INTARIAN_PEPPER_ROOT;11951;16;11949;24;;;11955;20;11957;20;;;11953.0;0.0
sideways_drift_s0;51900;ASH_COATED_OSMIUM;10043;15;10040;22;;;10069;13;10072;15;;;10056.0;0.0
sideways_drift_s0;52000;INTARIAN_PEPPER_ROOT;11948;5;11946;22;;;11956;17;11959;18;;;11952.0;0.0
sideways_drift_s0;52000;ASH_COATED_OSMIUM;10053;12;10051;18;;;10061;23;10063;18;;;10057.0;0.0
sideways_drift_s0;52100;INTARIAN_PEPPER_ROOT;11937;15;11933;24;;;11961;12;11965;19;;;11949.0;0.0
sideways_drift_s0;52100;ASH_COATED_OSMIUM;10048;18;10046;21;;;10066;10;10069;11;;;10057.0;0.0
sideways_drift_s0;52200;INTARIAN_PEPPER_ROOT;11938;19;11936;19;;;11956;15;11958;20;;;11947.0;0.0
sideways_drift_s0;52200;ASH_COATED_OSMIUM;10047;22;10044;14;;;10067;19;10070;15;;;10057.0;0.0
sideways_drift_s0;52300;INTARIAN_PEPPER_ROOT;11939;10;11935;21;;;11947;13;11949;18;;;11943.0;0.0
sideways_drift_s0;52300;ASH_COATED_OSMIUM;10055;11;10053;17;;;10059;11;10062;24;;;10057.0;0.0
sideways_drift_s0;52400;INTARIAN_PEPPER_ROOT;11942;14;11940;11;;;11944;5;11947;20;;;11943.0;0.0
sideways_drift_s0;52400;ASH_COATED_OSMIUM;10039;22;10035;19;;;10069;6;10072;17;;;10054.0;0.0
sideways_drift_s0;52500;INTARIAN_PEPPER_ROOT;11938;14;11936;25;;;11942;17;11946;18;;;11940.0;0.0
sideways_drift_s0;52500;ASH_COATED_OSMIUM;10052;6;10050;20;;;10054;9;10056;22;;;10053.0;0.0
sideways_drift_s0;52600;INTARIAN_PEPPER_ROOT;11939;14;11936;23;;;11941;16;11945;31;;;11940.0;0.0
