day;timestamp;product;bid_price_1;bid_volume_1;bid_price_2;bid_volume_2;bid_price_3;bid_volume_3;ask_price_1;ask_volume_1;ask_price_2;ask_volume_2;ask_price_3;ask_volume_3;mid_price;profit_and_loss
sideways_drift_s2;0;INTARIAN_PEPPER_ROOT;11498;13;11494;24;;;11500;22;11502;21;;;11499.0;0.0
sideways_drift_s2;0;ASH_COATED_OSMIUM;9984;23;9982;23;;;10012;6;10015;22;;;9998.0;0.0
sideways_drift_s2;100;INTARIAN_PEPPER_ROOT;11498;5;11494;14;;;11506;12;11508;26;;;11502.0;0.0
sideways_drift_s2;100;ASH_COATED_OSMIUM;9993;8;9991;23;;;10001;15;10004;23;;;9997.0;0.0
sideways_drift_s2;200;INTARIAN_PEPPER_ROOT;11503;21;11499;28;;;11505;16;11508;23;;;11504.0;0.0
sideways_drift_s2;200;ASH_COATED_OSMIUM;9983;13;9981;23;;;10009;9;10012;22;;;9996.0;0.0
sideways_drift_s2;300;INTARIAN_PEPPER_ROOT;11507;9;11505;19;;;11511;12;11514;21;;;11509.0;0.0
sideways_drift_s2;300;ASH_COATED_OSMIUM;9987;7;9985;19;;;10003;7;10005;12;;;9995.0;0.0
sideways_drift_s2;400;INTARIAN_PEPPER_ROOT;11509;14;11507;18;;;11513;9;11515;21;;;11511.0;0.0
sideways_drift_s2;400;ASH_COATED_OSMIUM;9985;17;9981;19;;;9999;11;10003;18;;;9992.0;0.0
sideways_drift_s2;500;INTARIAN_PEPPER_ROOT;11513;16;11509;18;;;11515;17;11519;21;;;11514.0;0.0
sideways_drift_s2;500;ASH_COATED_OSMIUM;9985;14;9982;23;;;10001;15;10004;15;;;9993.0;0.0
sideways_drift_s2;600;INTARIAN_PEPPER_ROOT;11517;16;11515;28;;;11519;9;11522;22;;;11518.0;0.0
sideways_drift_s2;600;ASH_COATED_OSMIUM;9987;20;9985;21;;;9995;12;9999;21;;;9991.0;0.0
sideways_drift_s2;700;INTARIAN_PEPPER_ROOT;11519;20;11516;27;;;11521;19;11524;24;;;11520.0;0.0
sideways_drift_s2;700;ASH_COATED_OSMIUM;9984;16;9980;24;;;9998;12;10002;15;;;9991.0;0.0
sideways_drift_s2;800;INTARIAN_PEPPER_ROOT;11522;19;11519;19;;;11524;16;11526;22;;;11523.0;0.0
sideways_drift_s2;800;ASH_COATED_OSMIUM;9965;18;9962;14;;;10011;13;10013;17;;;9988.0;0.0
sideways_drift_s2;900;INTARIAN_PEPPER_ROOT;11517;7;11513;15;;;11533;20;11537;20;;;11525.0;0.0
sideways_drift_s2;900;ASH_COATED_OSMIUM;9980;15;9976;28;;;9992;16;9996;16;;;9986.0;0.0
sideways_drift_s2;1000;INTARIAN_PEPPER_ROOT;11526;10;11522;16;;;11530;24;11533;18;;;11528.0;0.0
sideways_drift_s2;1000;ASH_COATED_OSMIUM;9975;21;9972;21;;;9999;11;10003;15;;;9987.0;0.0
sideways_drift_s2;1100;INTARIAN_PEPPER_ROOT;11528;18;11524;11;;;11542;11;11544;13;;;11535.0;0.0
sideways_drift_s2;1100;ASH_COATED_OSMIUM;9971;22;9968;22;;;9999;8;10003;21;;;9985.0;0.0
sideways_drift_s2;1200;INTARIAN_PEPPER_ROOT;11534;5;11532;8;;;11544;26;11546;13;;;11539.0;0.0
sideways_drift_s2;1200;ASH_COATED_OSMIUM;9981;17;9978;24;;;9991;18;9994;23;;;9986.0;0.0
sideways_drift_s2;1300;INTARIAN_PEPPER_ROOT;11540;16;11536;15;;;11542;9;11545;23;;;11541.0;0.0
sideways_drift_s2;1300;ASH_COATED_OSMIUM;9978;7;9974;25;;;9996;12;9999;18;;;9987.0;0.0
sideways_drift_s2;1400;INTARIAN_PEPPER_ROOT;11539;13;11535;17;;;11551;14;11555;17;;;11545.0;0.0
sideways_drift_s2;1400;ASH_COATED_OSMIUM;9984;7;9981;13;;;9986;16;9989;21;;;9985.0;0.0
sideways_drift_s2;1500;INTARIAN_PEPPER_ROOT;11541;17;11537;18;;;11555;20;11558;9;;;11548.0;0.0
sideways_drift_s2;1500;ASH_COATED_OSMIUM;9955;19;9951;11;;;10015;12;10017;26;;;9985.0;0.0
sideways_drift_s2;1600;INTARIAN_PEPPER_ROOT;11547;13;11545;15;;;11557;9;11561;21;;;11552.0;0.0
sideways_drift_s2;1600;ASH_COATED_OSMIUM;9974;9;9972;16;;;9996;13;9999;15;;;9985.0;0.0
sideways_drift_s2;1700;INTARIAN_PEPPER_ROOT;11545;9;11542;20;;;11567;10;11571;21;;;11556.0;0.0
sideways_drift_s2;1700;ASH_COATED_OSMIUM;9980;9;9978;21;;;9990;15;9992;26;;;9985.0;0.0
sideways_drift_s2;1800;INTARIAN_PEPPER_ROOT;11550;24;11548;13;;;11568;7;11572;15;;;11559.0;0.0
sideways_drift_s2;1800;ASH_COATED_OSMIUM;9978;17;9974;21;;;9994;21;9997;18;;;9986.0;0.0
sideways_drift_s2;1900;INTARIAN_PEPPER_ROOT;11562;5;11558;20;;;11564;9;11567;18;;;11563.0;0.0
sideways_drift_s2;1900;ASH_COATED_OSMIUM;9983;10;9980;29;;;9987;8;9991;23;;;9985.0;0.0
sideways_drift_s2;2000;INTARIAN_PEPPER_ROOT;11561;16;11559;17;;;11569;15;11573;23;;;11565.0;0.0
sideways_drift_s2;2000;ASH_COATED_OSMIUM;9959;6;9957;14;;;10013;7;10017;16;;;9986.0;0.0
sideways_drift_s2;2100;INTARIAN_PEPPER_ROOT;11551;15;11547;20;;;11585;21;11587;13;;;11568.0;0.0
sideways_drift_s2;2100;ASH_COATED_OSMIUM;9969;13;9967;25;;;9999;12;10003;21;;;9984.0;0.0
sideways_drift_s2;2200;INTARIAN_PEPPER_ROOT;11562;17;11559;27;;;11582;15;11586;15;;;11572.0;0.0
sideways_drift_s2;2200;ASH_COATED_OSMIUM;9980;5;9976;16;;;9982;14;9984;27;;;9981.0;0.0
sideways_drift_s2;2300;INTARIAN_PEPPER_ROOT;11568;9;11564;17;;;11582;11;11584;25;;;11575.0;0.0
sideways_drift_s2;2300;ASH_COATED_OSMIUM;9985;10;9983;12;;;9987;12;9991;24;;;9986.0;0.0
sideways_drift_s2;2400;INTARIAN_PEPPER_ROOT;11577;8;11573;26;;;11579;10;11581;18;;;11578.0;0.0
sideways_drift_s2;2400;ASH_COATED_OSMIUM;9982;16;9978;16;;;9986;25;9989;19;;;9984.0;0.0
sideways_drift_s2;2500;INTARIAN_PEPPER_ROOT;11580;14;11577;28;;;11582;15;11586;20;;;11581.0;0.0
sideways_drift_s2;2500;ASH_COATED_OSMIUM;9950;10;9948;23;;;10020;10;10024;23;;;9985.0;0.0
sideways_drift_s2;2600;INTARIAN_PEPPER_ROOT;11583;9;11579;18;;;11585;16;11588;9;;;11584.0;0.0
sideways_drift_s2;2600;ASH_COATED_OSMIUM;9975;13;9971;13;;;9999;20;10001;15;;;9987.0;0.0
sideways_drift_s2;2700;INTARIAN_PEPPER_ROOT;11581;22;11578;23;;;11591;17;11593;15;;;11586.0;0.0
sideways_drift_s2;2700;ASH_COATED_OSMIUM;9977;19;9973;17;;;9995;17;9999;19;;;9986.0;0.0
sideways_drift_s2;2800;INTARIAN_PEPPER_ROOT;11588;16;11584;27;;;11590;13;11593;24;;;11589.0;0.0
sideways_drift_s2;2800;ASH_COATED_OSMIUM;9981;13;9978;23;;;9991;14;9995;20;;;9986.0;0.0
sideways_drift_s2;2900;INTARIAN_PEPPER_ROOT;11586;25;11582;18;;;11598;30;11601;25;;;11592.0;0.0
sideways_drift_s2;2900;ASH_COATED_OSMIUM;9952;8;9948;14;;;10022;18;10025;16;;;9987.0;0.0
sideways_drift_s2;3000;INTARIAN_PEPPER_ROOT;11581;15;11579;23;;;11609;21;11612;21;;;11595.0;0.0
sideways_drift_s2;3000;ASH_COATED_OSMIUM;9985;5;9981;19;;;9989;11;9991;15;;;9987.0;0.0
sideways_drift_s2;3100;INTARIAN_PEPPER_ROOT;11600;12;11597;24;;;11602;7;11605;21;;;11601.0;0.0
sideways_drift_s2;3100;ASH_COATED_OSMIUM;9966;14;9962;8;;;10012;15;10016;27;;;9989.0;0.0
sideways_drift_s2;3200;INTARIAN_PEPPER_ROOT;11599;7;11595;22;;;11603;18;11606;16;;;11601.0;0.0
sideways_drift_s2;3200;ASH_COATED_OSMIUM;9989;7;9985;22;;;9995;18;9997;25;;;9992.0;0.0
sideways_drift_s2;3300;INTARIAN_PEPPER_ROOT;11604;9;11601;28;;;11606;14;11610;16;;;11605.0;0.0
sideways_drift_s2;3300;ASH_COATED_OSMIUM;9988;16;9985;21;;;9990;14;9992;17;;;9989.0;0.0
sideways_drift_s2;3400;INTARIAN_PEPPER_ROOT;11607;6;11603;18;;;11613;13;11615;26;;;11610.0;0.0
sideways_drift_s2;3400;ASH_COATED_OSMIUM;9969;7;9967;24;;;10009;12;10012;8;;;9989.0;0.0
sideways_drift_s2;3500;INTARIAN_PEPPER_ROOT;11590;18;11587;27;;;11638;20;11641;20;;;11614.0;0.0
sideways_drift_s2;3500;ASH_COATED_OSMIUM;9978;7;9976;23;;;10000;10;10003;21;;;9989.0;0.0
sideways_drift_s2;3600;INTARIAN_PEPPER_ROOT;11613;13;11609;24;;;11623;16;11626;30;;;11618.0;0.0
sideways_drift_s2;3600;ASH_COATED_OSMIUM;9985;14;9981;20;;;9991;8;9994;27;;;9988.0;0.0
sideways_drift_s2;3700;INTARIAN_PEPPER_ROOT;11620;21;11616;16;;;11622;9;11625;22;;;11621.0;0.0
sideways_drift_s2;3700;ASH_COATED_OSMIUM;9985;17;9982;16;;;9991;12;9995;10;;;9988.0;0.0
sideways_drift_s2;3800;INTARIAN_PEPPER_ROOT;11624;18;11622;15;;;11626;10;11629;14;;;11625.0;0.0
sideways_drift_s2;3800;ASH_COATED_OSMIUM;9989;8;9987;15;;;9993;16;9996;15;;;9991.0;0.0
sideways_drift_s2;3900;INTARIAN_PEPPER_ROOT;11623;22;11619;26;;;11633;6;11635;16;;;11628.0;0.0
sideways_drift_s2;3900;ASH_COATED_OSMIUM;9980;7;9978;15;;;10002;5;10004;15;;;9991.0;0.0
sideways_drift_s2;4000;INTARIAN_PEPPER_ROOT;11630;14;11626;21;;;11632;16;11634;33;;;11631.0;0.0
sideways_drift_s2;4000;ASH_COATED_OSMIUM;9986;11;9982;25;;;9988;11;9990;17;;;9987.0;0.0
sideways_drift_s2;4100;INTARIAN_PEPPER_ROOT;11631;11;11628;26;;;11641;13;11644;18;;;11636.0;0.0
sideways_drift_s2;4100;ASH_COATED_OSMIUM;9984;14;9982;14;;;9990;17;9992;15;;;9987.0;0.0
sideways_drift_s2;4200;INTARIAN_PEPPER_ROOT;11632;15;11628;17;;;11642;15;11646;22;;;11637.0;0.0
sideways_drift_s2;4200;ASH_COATED_OSMIUM;9984;7;9980;19;;;9986;8;9990;20;;;9985.0;0.0
sideways_drift_s2;4300;INTARIAN_PEPPER_ROOT;11630;12;11628;19;;;11654;17;11656;27;;;11642.0;0.0
sideways_drift_s2;4300;ASH_COATED_OSMIUM;9982;15;9978;25;;;9990;14;9994;29;;;9986.0;0.0
sideways_drift_s2;4400;INTARIAN_PEPPER_ROOT;11637;15;11633;25;;;11657;26;11661;26;;;11647.0;0.0
sideways_drift_s2;4400;ASH_COATED_OSMIUM;9967;15;9963;17;;;10005;14;10008;13;;;9986.0;0.0
sideways_drift_s2;4500;INTARIAN_PEPPER_ROOT;11650;12;11646;22;;;11652;21;11655;16;;;11651.0;0.0
sideways_drift_s2;4500;ASH_COATED_OSMIUM;9970;13;9966;16;;;10000;18;10002;25;;;9985.0;0.0
sideways_drift_s2;4600;INTARIAN_PEPPER_ROOT;11639;14;11637;21;;;11669;17;11673;21;;;11654.0;0.0
sideways_drift_s2;4600;ASH_COATED_OSMIUM;9987;6;9985;19;;;9989;13;9993;16;;;9988.0;0.0
sideways_drift_s2;4700;INTARIAN_PEPPER_ROOT;11651;19;11647;23;;;11665;16;11668;14;;;11658.0;0.0
sideways_drift_s2;4700;ASH_COATED_OSMIUM;9969;11;9966;23;;;10005;8;10008;25;;;9987.0;0.0
sideways_drift_s2;4800;INTARIAN_PEPPER_ROOT;11632;10;11629;26;;;11690;13;11693;16;;;11661.0;0.0
sideways_drift_s2;4800;ASH_COATED_OSMIUM;9986;19;9983;17;;;9988;16;9991;16;;;9987.0;0.0
sideways_drift_s2;4900;INTARIAN_PEPPER_ROOT;11638;18;11634;11;;;11690;18;11694;23;;;11664.0;0.0
sideways_drift_s2;4900;ASH_COATED_OSMIUM;9975;18;9972;14;;;10005;11;10007;26;;;9990.0;0.0
sideways_drift_s2;5000;INTARIAN_PEPPER_ROOT;11667;17;11665;25;;;11669;18;11673;23;;;11668.0;0.0
sideways_drift_s2;5000;ASH_COATED_OSMIUM;9990;15;9986;21;;;9992;15;9995;30;;;9991.0;0.0
sideways_drift_s2;5100;INTARIAN_PEPPER_ROOT;11670;18;11666;17;;;11672;21;11675;27;;;11671.0;0.0
sideways_drift_s2;5100;ASH_COATED_OSMIUM;9985;13;9983;17;;;9995;18;9998;22;;;9990.0;0.0
sideways_drift_s2;5200;INTARIAN_PEPPER_ROOT;11668;18;11666;19;;;11680;19;11684;14;;;11674.0;0.0
sideways_drift_s2;5200;ASH_COATED_OSMIUM;9979;14;9977;16;;;10005;20;10008;26;;;9992.0;0.0
sideways_drift_s2;5300;INTARIAN_PEPPER_ROOT;11675;22;11673;14;;;11681;9;11684;21;;;11678.0;0.0
sideways_drift_s2;5300;ASH_COATED_OSMIUM;9979;11;9977;21;;;10011;10;10015;23;;;9995.0;0.0
sideways_drift_s2;5400;INTARIAN_PEPPER_ROOT;11679;15;11676;10;;;11683;17;11687;15;;;11681.0;0.0
sideways_drift_s2;5400;ASH_COATED_OSMIUM;9993;20;9990;20;;;9997;11;10000;14;;;9995.0;0.0
sideways_drift_s2;5500;INTARIAN_PEPPER_ROOT;11686;27;11683;17;;;11688;12;11692;19;;;11687.0;0.0
sideways_drift_s2;5500;ASH_COATED_OSMIUM;9976;20;9974;21;;;10018;14;10022;21;;;9997.0;0.0
sideways_drift_s2;5600;INTARIAN_PEPPER_ROOT;11675;19;11672;16;;;11703;8;11705;20;;;11689.0;0.0
sideways_drift_s2;5600;ASH_COATED_OSMIUM;9996;5;9992;15;;;9998;15;10002;11;;;9997.0;0.0
sideways_drift_s2;5700;INTARIAN_PEPPER_ROOT;11685;16;11683;26;;;11701;12;11704;23;;;11693.0;0.0
sideways_drift_s2;5700;ASH_COATED_OSMIUM;9984;6;9981;16;;;10014;15;10017;20;;;9999.0;0.0
sideways_drift_s2;5800;INTARIAN_PEPPER_ROOT;11676;19;11672;19;;;11718;19;11720;14;;;11697.0;0.0
sideways_drift_s2;5800;ASH_COATED_OSMIUM;9979;12;9976;27;;;10013;6;10015;22;;;9996.0;0.0
sideways_drift_s2;5900;INTARIAN_PEPPER_ROOT;11692;15;11689;25;;;11706;6;11710;28;;;11699.0;0.0
sideways_drift_s2;5900;ASH_COATED_OSMIUM;9992;10;9988;19;;;10000;13;10003;22;;;9996.0;0.0
sideways_drift_s2;6000;INTARIAN_PEPPER_ROOT;11700;5;11697;11;;;11702;22;11704;19;;;11701.0;0.0
sideways_drift_s2;6000;ASH_COATED_OSMIUM;9985;11;9982;21;;;10003;16;10006;17;;;9994.0;0.0
sideways_drift_s2;6100;INTARIAN_PEPPER_ROOT;11703;18;11701;18;;;11705;17;11707;20;;;11704.0;0.0
sideways_drift_s2;6100;ASH_COATED_OSMIUM;9992;14;9990;18;;;9994;9;9996;24;;;9993.0;0.0
sideways_drift_s2;6200;INTARIAN_PEPPER_ROOT;11704;21;11701;25;;;11712;6;11716;17;;;11708.0;0.0
sideways_drift_s2;6200;ASH_COATED_OSMIUM;9986;13;9983;14;;;10002;19;10004;18;;;9994.0;0.0
sideways_drift_s2;6300;INTARIAN_PEPPER_ROOT;11710;19;11708;18;;;11714;13;11716;22;;;11712.0;0.0
sideways_drift_s2;6300;ASH_COATED_OSMIUM;9994;15;9992;16;;;9996;11;10000;16;;;9995.0;0.0
sideways_drift_s2;6400;INTARIAN_PEPPER_ROOT;11705;20;11703;21;;;11721;20;11724;19;;;11713.0;0.0
sideways_drift_s2;6400;ASH_COATED_OSMIUM;9990;14;9988;23;;;10000;13;10003;25;;;9995.0;0.0
sideways_drift_s2;6500;INTARIAN_PEPPER_ROOT;11712;9;11708;15;;;11722;22;11724;21;;;11717.0;0.0
sideways_drift_s2;6500;ASH_COATED_OSMIUM;9987;12;9984;27;;;10003;12;10007;26;;;9995.0;0.0
sideways_drift_s2;6600;INTARIAN_PEPPER_ROOT;11718;19;11716;12;;;11720;14;11723;25;;;11719.0;0.0
sideways_drift_s2;6600;ASH_COATED_OSMIUM;9990;7;9986;19;;;9992;11;9994;27;;;9991.0;0.0
sideways_drift_s2;6700;INTARIAN_PEPPER_ROOT;11712;17;11708;25;;;11730;8;11732;14;;;11721.0;0.0
sideways_drift_s2;6700;ASH_COATED_OSMIUM;9981;11;9979;26;;;10003;13;10006;18;;;9992.0;0.0
sideways_drift_s2;6800;INTARIAN_PEPPER_ROOT;11721;12;11717;15;;;11729;13;11733;24;;;11725.0;0.0
sideways_drift_s2;6800;ASH_COATED_OSMIUM;9980;14;9976;19;;;10004;5;10007;19;;;9992.0;0.0
sideways_drift_s2;6900;INTARIAN_PEPPER_ROOT;11723;21;11720;28;;;11735;10;11737;24;;;11729.0;0.0
sideways_drift_s2;6900;ASH_COATED_OSMIUM;9992;11;9990;20;;;9998;14;10000;21;;;9995.0;0.0
sideways_drift_s2;7000;INTARIAN_PEPPER_ROOT;11728;7;11726;10;;;11734;11;11737;21;;;11731.0;0.0
sideways_drift_s2;7000;ASH_COATED_OSMIUM;9982;16;9979;28;;;10002;5;10005;16;;;9992.0;0.0
sideways_drift_s2;7100;INTARIAN_PEPPER_ROOT;11734;13;11732;18;;;11736;21;11739;23;;;11735.0;0.0
sideways_drift_s2;7100;ASH_COATED_OSMIUM;9986;17;9984;14;;;9996;11;10000;8;;;9991.0;0.0
sideways_drift_s2;7200;INTARIAN_PEPPER_ROOT;11725;10;11721;12;;;11749;30;11752;15;;;11737.0;0.0
sideways_drift_s2;7200;ASH_COATED_OSMIUM;9983;12;9981;25;;;10003;11;10005;25;;;9993.0;0.0
sideways_drift_s2;7300;INTARIAN_PEPPER_ROOT;11740;15;11738;27;;;11742;9;11746;20;;;11741.0;0.0
sideways_drift_s2;7300;ASH_COATED_OSMIUM;9985;20;9981;27;;;10001;11;10003;24;;;9993.0;0.0
sideways_drift_s2;7400;INTARIAN_PEPPER_ROOT;11741;18;11738;16;;;11747;15;11749;26;;;11744.0;0.0
sideways_drift_s2;7400;ASH_COATED_OSMIUM;9973;8;9969;22;;;10011;13;10014;16;;;9992.0;0.0
sideways_drift_s2;7500;INTARIAN_PEPPER_ROOT;11742;5;11740;18;;;11754;6;11756;20;;;11748.0;0.0
sideways_drift_s2;7500;ASH_COATED_OSMIUM;9991;16;9987;23;;;9993;5;9995;20;;;9992.0;0.0
sideways_drift_s2;7600;INTARIAN_PEPPER_ROOT;11742;13;11738;24;;;11756;17;11758;16;;;11749.0;0.0
sideways_drift_s2;7600;ASH_COATED_OSMIUM;9989;9;9987;17;;;9993;15;9995;16;;;9991.0;0.0
sideways_drift_s2;7700;INTARIAN_PEPPER_ROOT;11745;18;11741;26;;;11759;12;11761;24;;;11752.0;0.0
sideways_drift_s2;7700;ASH_COATED_OSMIUM;9984;8;9980;12;;;9998;14;10000;19;;;9991.0;0.0
sideways_drift_s2;7800;INTARIAN_PEPPER_ROOT;11753;10;11750;22;;;11759;18;11762;14;;;11756.0;0.0
sideways_drift_s2;7800;ASH_COATED_OSMIUM;9987;18;9984;12;;;10001;16;10005;24;;;9994.0;0.0
sideways_drift_s2;7900;INTARIAN_PEPPER_ROOT;11757;19;11753;19;;;11759;19;11761;10;;;11758.0;0.0
sideways_drift_s2;7900;ASH_COATED_OSMIUM;9986;5;9983;19;;;10008;10;10012;10;;;9997.0;0.0
sideways_drift_s2;8000;INTARIAN_PEPPER_ROOT;11743;10;11740;26;;;11777;10;11779;15;;;11760.0;0.0
sideways_drift_s2;8000;ASH_COATED_OSMIUM;9991;6;9987;26;;;9997;18;10001;16;;;9994.0;0.0
sideways_drift_s2;8100;INTARIAN_PEPPER_ROOT;11762;14;11760;18;;;11766;21;11770;25;;;11764.0;0.0
sideways_drift_s2;8100;ASH_COATED_OSMIUM;9988;15;9984;23;;;10002;12;10005;16;;;9995.0;0.0
sideways_drift_s2;8200;INTARIAN_PEPPER_ROOT;11767;6;11765;20;;;11769;9;11772;21;;;11768.0;0.0
sideways_drift_s2;8200;ASH_COATED_OSMIUM;9997;14;9993;19;;;9999;18;10003;13;;;9998.0;0.0
sideways_drift_s2;8300;INTARIAN_PEPPER_ROOT;11771;12;11767;21;;;11773;11;11777;16;;;11772.0;0.0
sideways_drift_s2;8300;ASH_COATED_OSMIUM;9996;15;9992;14;;;10002;18;10005;28;;;9999.0;0.0
sideways_drift_s2;8400;INTARIAN_PEPPER_ROOT;11774;12;11771;24;;;11776;12;11778;10;;;11775.0;0.0
sideways_drift_s2;8400;ASH_COATED_OSMIUM;9999;9;9997;14;;;10001;14;10005;24;;;10000.0;0.0
sideways_drift_s2;8500;INTARIAN_PEPPER_ROOT;11774;5;11771;14;;;11780;6;11783;19;;;11777.0;0.0
sideways_drift_s2;8500;ASH_COATED_OSMIUM;9994;7;9992;22;;;10004;5;10006;18;;;9999.0;0.0
sideways_drift_s2;8600;INTARIAN_PEPPER_ROOT;11778;8;11776;12;;;11782;21;11785;13;;;11780.0;0.0
sideways_drift_s2;8600;ASH_COATED_OSMIUM;9999;8;9995;18;;;10005;11;10009;8;;;10002.0;0.0
sideways_drift_s2;8700;INTARIAN_PEPPER_ROOT;11758;20;11755;13;;;11812;17;11815;19;;;11785.0;0.0
sideways_drift_s2;8700;ASH_COATED_OSMIUM;10003;11;10000;22;;;10005;15;10009;18;;;10004.0;0.0
sideways_drift_s2;8800;INTARIAN_PEPPER_ROOT;11778;12;11775;30;;;11798;13;11800;26;;;11788.0;0.0
sideways_drift_s2;8800;ASH_COATED_OSMIUM;9997;6;9993;24;;;10007;18;10011;18;;;10002.0;0.0
sideways_drift_s2;8900;INTARIAN_PEPPER_ROOT;11786;18;11784;14;;;11796;22;11798;21;;;11791.0;0.0
sideways_drift_s2;8900;ASH_COATED_OSMIUM;10000;13;9998;10;;;10002;15;10005;22;;;10001.0;0.0
sideways_drift_s2;9000;INTARIAN_PEPPER_ROOT;11794;18;11790;14;;;11796;10;11798;14;;;11795.0;0.0
sideways_drift_s2;9000;ASH_COATED_OSMIUM;9937;8;9933;19;;;10061;14;10063;30;;;9999.0;0.0
sideways_drift_s2;9100;INTARIAN_PEPPER_ROOT;11798;14;11796;21;;;11800;17;11802;22;;;11799.0;0.0
sideways_drift_s2;9100;ASH_COATED_OSMIUM;9997;15;9994;14;;;9999;11;10003;18;;;9998.0;0.0
sideways_drift_s2;9200;INTARIAN_PEPPER_ROOT;11799;18;11796;12;;;11805;17;11809;16;;;11802.0;0.0
sideways_drift_s2;9200;ASH_COATED_OSMIUM;9998;6;9995;25;;;10000;17;10002;24;;;9999.0;0.0
sideways_drift_s2;9300;INTARIAN_PEPPER_ROOT;11783;16;11780;18;;;11831;15;11833;24;;;11807.0;0.0
sideways_drift_s2;9300;ASH_COATED_OSMIUM;9998;11;9995;27;;;10002;14;10006;26;;;10000.0;0.0
sideways_drift_s2;9400;INTARIAN_PEPPER_ROOT;11797;16;11794;23;;;11819;14;11821;22;;;11808.0;0.0
sideways_drift_s2;9400;ASH_COATED_OSMIUM;9970;15;9968;13;;;10034;17;10038;14;;;10002.0;0.0
sideways_drift_s2;9500;INTARIAN_PEPPER_ROOT;11812;16;11808;26;;;11814;6;11816;22;;;11813.0;0.0
sideways_drift_s2;9500;ASH_COATED_OSMIUM;10001;9;9998;14;;;10003;19;10007;32;;;10002.0;0.0
sideways_drift_s2;9600;INTARIAN_PEPPER_ROOT;11799;25;11795;25;;;11833;12;11837;18;;;11816.0;0.0
sideways_drift_s2;9600;ASH_COATED_OSMIUM;9996;8;9992;18;;;9998;15;10002;24;;;9997.0;0.0
sideways_drift_s2;9700;INTARIAN_PEPPER_ROOT;11816;14;11813;17;;;11820;17;11824;17;;;11818.0;0.0
sideways_drift_s2;9700;ASH_COATED_OSMIUM;10000;13;9997;24;;;10002;7;10004;20;;;10001.0;0.0
sideways_drift_s2;9800;INTARIAN_PEPPER_ROOT;11809;10;11806;19;;;11837;14;11840;19;;;11823.0;0.0
sideways_drift_s2;9800;ASH_COATED_OSMIUM;9999;8;9995;17;;;10001;15;10005;15;;;10000.0;0.0
sideways_drift_s2;9900;INTARIAN_PEPPER_ROOT;11823;16;11819;21;;;11825;11;11828;12;;;11824.0;0.0
sideways_drift_s2;9900;ASH_COATED_OSMIUM;9998;10;9995;22;;;10004;6;10006;17;;;10001.0;0.0
sideways_drift_s2;10000;INTARIAN_PEPPER_ROOT;11824;18;11822;28;;;11832;15;11835;24;;;11828.0;0.0
sideways_drift_s2;10000;ASH_COATED_OSMIUM;9979;17;9976;21;;;10021;5;10025;12;;;10000.0;0.0
sideways_drift_s2;10100;INTARIAN_PEPPER_ROOT;11830;7;11826;23;;;11832;18;11836;22;;;11831.0;0.0
sideways_drift_s2;10100;ASH_COATED_OSMIUM;9996;5;9992;13;;;10012;5;10016;26;;;10004.0;0.0
sideways_drift_s2;10200;INTARIAN_PEPPER_ROOT;11832;12;11829;27;;;11834;10;11838;31;;;11833.0;0.0
sideways_drift_s2;10200;ASH_COATED_OSMIUM;10005;10;10001;27;;;10007;10;10011;23;;;10006.0;0.0
sideways_drift_s2;10300;INTARIAN_PEPPER_ROOT;11835;8;11833;18;;;11837;12;11839;19;;;11836.0;0.0
sideways_drift_s2;10300;ASH_COATED_OSMIUM;9994;17;9991;26;;;10024;6;10028;21;;;10009.0;0.0
sideways_drift_s2;10400;INTARIAN_PEPPER_ROOT;11838;11;11835;21;;;11840;16;11842;22;;;11839.0;0.0
sideways_drift_s2;10400;ASH_COATED_OSMIUM;10001;9;9997;11;;;10013;16;10016;20;;;10007.0;0.0
sideways_drift_s2;10500;INTARIAN_PEPPER_ROOT;11840;8;11836;10;;;11850;19;11854;13;;;11845.0;0.0
sideways_drift_s2;10500;ASH_COATED_OSMIUM;9992;10;9988;26;;;10018;7;10022;19;;;10005.0;0.0
sideways_drift_s2;10600;INTARIAN_PEPPER_ROOT;11840;10;11836;22;;;11860;9;11862;19;;;11850.0;0.0
sideways_drift_s2;10600;ASH_COATED_OSMIUM;9999;11;9996;12;;;10005;14;10008;11;;;10002.0;0.0
sideways_drift_s2;10700;INTARIAN_PEPPER_ROOT;11851;5;11847;29;;;11855;13;11858;19;;;11853.0;0.0
sideways_drift_s2;10700;ASH_COATED_OSMIUM;9972;5;9970;25;;;10028;16;10031;12;;;10000.0;0.0
sideways_drift_s2;10800;INTARIAN_PEPPER_ROOT;11854;16;11850;14;;;11856;18;11859;25;;;11855.0;0.0
sideways_drift_s2;10800;ASH_COATED_OSMIUM;9991;8;9989;18;;;10011;15;10015;15;;;10001.0;0.0
sideways_drift_s2;10900;INTARIAN_PEPPER_ROOT;11856;9;11854;20;;;11860;6;11864;23;;;11858.0;0.0
sideways_drift_s2;10900;ASH_COATED_OSMIUM;9996;12;9994;9;;;10010;16;10014;14;;;10003.0;0.0
sideways_drift_s2;11000;INTARIAN_PEPPER_ROOT;11859;9;11857;25;;;11861;20;11863;18;;;11860.0;0.0
sideways_drift_s2;11000;ASH_COATED_OSMIUM;9999;19;9996;14;;;10001;14;10004;9;;;10000.0;0.0
sideways_drift_s2;11100;INTARIAN_PEPPER_ROOT;11856;12;11852;22;;;11870;12;11873;22;;;11863.0;0.0
sideways_drift_s2;11100;ASH_COATED_OSMIUM;10003;12;10000;19;;;10005;5;10007;29;;;10004.0;0.0
sideways_drift_s2;11200;INTARIAN_PEPPER_ROOT;11861;10;11859;11;;;11869;11;11872;30;;;11865.0;0.0
sideways_drift_s2;11200;ASH_COATED_OSMIUM;10004;11;10000;15;;;10006;12;10009;22;;;10005.0;0.0
sideways_drift_s2;11300;INTARIAN_PEPPER_ROOT;11866;19;11862;22;;;11868;13;11870;19;;;11867.0;0.0
sideways_drift_s2;11300;ASH_COATED_OSMIUM;10002;11;9999;15;;;10008;16;10010;20;;;10005.0;0.0
sideways_drift_s2;11400;INTARIAN_PEPPER_ROOT;11847;21;11843;24;;;11893;18;11896;24;;;11870.0;0.0
sideways_drift_s2;11400;ASH_COATED_OSMIUM;10000;12;9996;12;;;10016;17;10018;15;;;10008.0;0.0
sideways_drift_s2;11500;INTARIAN_PEPPER_ROOT;11871;20;11867;16;;;11873;17;11876;18;;;11872.0;0.0
sideways_drift_s2;11500;ASH_COATED_OSMIUM;10008;20;10004;18;;;10012;24;10015;22;;;10010.0;0.0
sideways_drift_s2;11600;INTARIAN_PEPPER_ROOT;11869;5;11866;19;;;11879;20;11882;33;;;11874.0;0.0
sideways_drift_s2;11600;ASH_COATED_OSMIUM;10008;11;10006;19;;;10020;16;10023;31;;;10014.0;0.0
sideways_drift_s2;11700;INTARIAN_PEPPER_ROOT;11871;24;11869;18;;;11881;14;11884;23;;;11876.0;0.0
sideways_drift_s2;11700;ASH_COATED_OSMIUM;10007;5;10004;18;;;10017;11;10020;20;;;10012.0;0.0
sideways_drift_s2;11800;INTARIAN_PEPPER_ROOT;11878;24;11875;22;;;11886;13;11888;14;;;11882.0;0.0
sideways_drift_s2;11800;ASH_COATED_OSMIUM;9999;6;9997;16;;;10029;12;10031;19;;;10014.0;0.0
sideways_drift_s2;11900;INTARIAN_PEPPER_ROOT;11881;12;11878;18;;;11885;18;11888;27;;;11883.0;0.0
sideways_drift_s2;11900;ASH_COATED_OSMIUM;10010;9;10008;24;;;10018;12;10020;28;;;10014.0;0.0
sideways_drift_s2;12000;INTARIAN_PEPPER_ROOT;11869;10;11865;17;;;11901;17;11905;23;;;11885.0;0.0
sideways_drift_s2;12000;ASH_COATED_OSMIUM;10013;16;10010;21;;;10015;17;10019;23;;;10014.0;0.0
sideways_drift_s2;12100;INTARIAN_PEPPER_ROOT;11884;24;11880;18;;;11892;21;11896;17;;;11888.0;0.0
sideways_drift_s2;12100;ASH_COATED_OSMIUM;10012;13;10010;27;;;10022;6;10025;27;;;10017.0;0.0
sideways_drift_s2;12200;INTARIAN_PEPPER_ROOT;11889;14;11885;19;;;11891;13;11893;13;;;11890.0;0.0
sideways_drift_s2;12200;ASH_COATED_OSMIUM;10011;14;10009;17;;;10017;17;10020;22;;;10014.0;0.0
sideways_drift_s2;12300;INTARIAN_PEPPER_ROOT;11890;23;11887;17;;;11900;10;11902;16;;;11895.0;0.0
sideways_drift_s2;12300;ASH_COATED_OSMIUM;10011;19;10009;22;;;10017;5;10019;20;;;10014.0;0.0
sideways_drift_s2;12400;INTARIAN_PEPPER_ROOT;11890;13;11886;18;;;11906;9;11908;23;;;11898.0;0.0
sideways_drift_s2;12400;ASH_COATED_OSMIUM;10001;9;9998;22;;;10027;11;10030;12;;;10014.0;0.0
sideways_drift_s2;12500;INTARIAN_PEPPER_ROOT;11884;12;11881;17;;;11918;24;11921;16;;;11901.0;0.0
sideways_drift_s2;12500;ASH_COATED_OSMIUM;10012;12;10008;9;;;10014;14;10017;15;;;10013.0;0.0
sideways_drift_s2;12600;INTARIAN_PEPPER_ROOT;11901;29;11898;17;;;11909;11;11913;17;;;11905.0;0.0
sideways_drift_s2;12600;ASH_COATED_OSMIUM;9988;14;9986;20;;;10038;21;10040;23;;;10013.0;0.0
sideways_drift_s2;12700;INTARIAN_PEPPER_ROOT;11906;17;11902;29;;;11908;19;11911;22;;;11907.0;0.0
sideways_drift_s2;12700;ASH_COATED_OSMIUM;10001;14;9999;20;;;10033;15;10037;22;;;10017.0;0.0
sideways_drift_s2;12800;INTARIAN_PEPPER_ROOT;11905;19;11903;20;;;11917;13;11919;19;;;11911.0;0.0
sideways_drift_s2;12800;ASH_COATED_OSMIUM;9995;9;9991;17;;;10037;16;10040;19;;;10016.0;0.0
sideways_drift_s2;12900;INTARIAN_PEPPER_ROOT;11908;17;11904;21;;;11914;8;11917;16;;;11911.0;0.0
sideways_drift_s2;12900;ASH_COATED_OSMIUM;10011;5;10007;22;;;10019;17;10022;11;;;10015.0;0.0
sideways_drift_s2;13000;INTARIAN_PEPPER_ROOT;11909;17;11907;22;;;11919;15;11922;20;;;11914.0;0.0
sideways_drift_s2;13000;ASH_COATED_OSMIUM;10017;5;10014;22;;;10019;14;10021;23;;;10018.0;0.0
sideways_drift_s2;13100;INTARIAN_PEPPER_ROOT;11913;18;11909;23;;;11919;19;11921;12;;;11916.0;0.0
sideways_drift_s2;13100;ASH_COATED_OSMIUM;10004;13;10002;18;;;10028;15;10030;18;;;10016.0;0.0
sideways_drift_s2;13200;INTARIAN_PEPPER_ROOT;11917;21;11913;12;;;11919;20;11923;27;;;11918.0;0.0
sideways_drift_s2;13200;ASH_COATED_OSMIUM;10006;8;10002;17;;;10016;9;10020;19;;;10011.0;0.0
sideways_drift_s2;13300;INTARIAN_PEPPER_ROOT;11920;11;11918;19;;;11924;21;11927;8;;;11922.0;0.0
sideways_drift_s2;13300;ASH_COATED_OSMIUM;10000;5;9998;15;;;10024;6;10028;17;;;10012.0;0.0
sideways_drift_s2;13400;INTARIAN_PEPPER_ROOT;11921;12;11919;18;;;11927;11;11930;20;;;11924.0;0.0
sideways_drift_s2;13400;ASH_COATED_OSMIUM;10004;15;10000;20;;;10016;5;10020;13;;;10010.0;0.0
sideways_drift_s2;13500;INTARIAN_PEPPER_ROOT;11925;5;11923;24;;;11931;11;11934;17;;;11928.0;0.0
sideways_drift_s2;13500;ASH_COATED_OSMIUM;9995;10;9992;22;;;10023;25;10025;18;;;10009.0;0.0
sideways_drift_s2;13600;INTARIAN_PEPPER_ROOT;11927;6;11923;22;;;11931;23;11933;21;;;11929.0;0.0
sideways_drift_s2;13600;ASH_COATED_OSMIUM;9999;17;9995;14;;;10021;6;10025;27;;;10010.0;0.0
sideways_drift_s2;13700;INTARIAN_PEPPER_ROOT;11927;5;11923;19;;;11937;23;11940;18;;;11932.0;0.0
sideways_drift_s2;13700;ASH_COATED_OSMIUM;10001;11;9998;21;;;10015;18;10017;25;;;10008.0;0.0
sideways_drift_s2;13800;INTARIAN_PEPPER_ROOT;11935;16;11932;26;;;11937;13;11939;23;;;11936.0;0.0
sideways_drift_s2;13800;ASH_COATED_OSMIUM;10005;14;10002;13;;;10011;12;10014;12;;;10008.0;0.0
sideways_drift_s2;13900;INTARIAN_PEPPER_ROOT;11933;19;11929;17;;;11943;20;11947;21;;;11938.0;0.0
sideways_drift_s2;13900;ASH_COATED_OSMIUM;10007;10;10004;23;;;10011;13;10013;15;;;10009.0;0.0
sideways_drift_s2;14000;INTARIAN_PEPPER_ROOT;11933;13;11929;18;;;11945;19;11948;17;;;11939.0;0.0
sideways_drift_s2;14000;ASH_COATED_OSMIUM;10010;15;10008;20;;;10012;17;10016;20;;;10011.0;0.0
sideways_drift_s2;14100;INTARIAN_PEPPER_ROOT;11940;13;11936;17;;;11944;11;11947;21;;;11942.0;0.0
sideways_drift_s2;14100;ASH_COATED_OSMIUM;9995;11;9992;21;;;10019;12;10021;24;;;10007.0;0.0
sideways_drift_s2;14200;INTARIAN_PEPPER_ROOT;11942;5;11940;22;;;11944;5;11948;18;;;11943.0;0.0
sideways_drift_s2;14200;ASH_COATED_OSMIUM;10010;10;10007;20;;;10014;18;10016;25;;;10012.0;0.0
sideways_drift_s2;14300;INTARIAN_PEPPER_ROOT;11940;16;11938;16;;;11946;5;11949;17;;;11943.0;0.0
sideways_drift_s2;14300;ASH_COATED_OSMIUM;10002;13;9998;24;;;10026;18;10030;21;;;10014.0;0.0
sideways_drift_s2;14400;INTARIAN_PEPPER_ROOT;11943;18;11939;20;;;11957;16;11959;24;;;11950.0;0.0
sideways_drift_s2;14400;ASH_COATED_OSMIUM;10011;7;10008;22;;;10013;12;10017;19;;;10012.0;0.0
sideways_drift_s2;14500;INTARIAN_PEPPER_ROOT;11945;19;11943;13;;;11961;15;11964;20;;;11953.0;0.0
sideways_drift_s2;14500;ASH_COATED_OSMIUM;10014;23;10011;21;;;10016;7;10020;18;;;10015.0;0.0
sideways_drift_s2;14600;INTARIAN_PEPPER_ROOT;11947;25;11943;21;;;11967;14;11970;18;;;11957.0;0.0
sideways_drift_s2;14600;ASH_COATED_OSMIUM;10017;12;10013;24;;;10019;5;10022;12;;;10018.0;0.0
sideways_drift_s2;14700;INTARIAN_PEPPER_ROOT;11957;10;11954;21;;;11959;16;11961;20;;;11958.0;0.0
sideways_drift_s2;14700;ASH_COATED_OSMIUM;10016;16;10014;11;;;10018;16;10021;25;;;10017.0;0.0
sideways_drift_s2;14800;INTARIAN_PEPPER_ROOT;11960;14;11957;23;;;11964;13;11968;18;;;11962.0;0.0
sideways_drift_s2;14800;ASH_COATED_OSMIUM;10014;5;10010;18;;;10020;11;10024;28;;;10017.0;0.0
sideways_drift_s2;14900;INTARIAN_PEPPER_ROOT;11943;13;11941;23;;;11987;7;11990;14;;;11965.0;0.0
sideways_drift_s2;14900;ASH_COATED_OSMIUM;10010;17;10008;16;;;10020;16;10024;29;;;10015.0;0.0
sideways_drift_s2;15000;INTARIAN_PEPPER_ROOT;11967;14;11964;19;;;11971;16;11975;20;;;11969.0;0.0
sideways_drift_s2;15000;ASH_COATED_OSMIUM;10014;21;10011;22;;;10020;13;10022;17;;;10017.0;0.0
sideways_drift_s2;15100;INTARIAN_PEPPER_ROOT;11958;19;11956;19;;;11984;13;11986;23;;;11971.0;0.0
sideways_drift_s2;15100;ASH_COATED_OSMIUM;10000;12;9996;30;;;10034;15;10036;16;;;10017.0;0.0
sideways_drift_s2;15200;INTARIAN_PEPPER_ROOT;11970;20;11967;19;;;11976;14;11980;20;;;11973.0;0.0
sideways_drift_s2;15200;ASH_COATED_OSMIUM;9998;10;9995;24;;;10036;16;10038;21;;;10017.0;0.0
sideways_drift_s2;15300;INTARIAN_PEPPER_ROOT;11972;15;11969;13;;;11976;11;11978;20;;;11974.0;0.0
sideways_drift_s2;15300;ASH_COATED_OSMIUM;10012;12;10010;26;;;10020;5;10023;20;;;10016.0;0.0
sideways_drift_s2;15400;INTARIAN_PEPPER_ROOT;11972;16;11968;15;;;11980;12;11983;16;;;11976.0;0.0
sideways_drift_s2;15400;ASH_COATED_OSMIUM;10011;14;10008;23;;;10015;16;10018;18;;;10013.0;0.0
sideways_drift_s2;15500;INTARIAN_PEPPER_ROOT;11968;14;11965;13;;;11990;15;11994;20;;;11979.0;0.0
sideways_drift_s2;15500;ASH_COATED_OSMIUM;10001;18;9997;12;;;10021;13;10023;23;;;10011.0;0.0
sideways_drift_s2;15600;INTARIAN_PEPPER_ROOT;11974;11;11970;19;;;11992;12;11995;11;;;11983.0;0.0
sideways_drift_s2;15600;ASH_COATED_OSMIUM;10014;13;10010;20;;;10016;17;10020;24;;;10015.0;0.0
sideways_drift_s2;15700;INTARIAN_PEPPER_ROOT;11983;12;11979;8;;;11985;13;11987;21;;;11984.0;0.0
sideways_drift_s2;15700;ASH_COATED_OSMIUM;10013;19;10010;16;;;10017;5;10019;21;;;10015.0;0.0
sideways_drift_s2;15800;INTARIAN_PEPPER_ROOT;11985;21;11983;22;;;11993;19;11997;21;;;11989.0;0.0
sideways_drift_s2;15800;ASH_COATED_OSMIUM;10007;10;10004;14;;;10017;12;10020;27;;;10012.0;0.0
sideways_drift_s2;15900;INTARIAN_PEPPER_ROOT;11984;8;11982;17;;;11998;13;12000;17;;;11991.0;0.0
sideways_drift_s2;15900;ASH_COATED_OSMIUM;10007;12;10003;18;;;10023;13;10027;19;;;10015.0;0.0
sideways_drift_s2;16000;INTARIAN_PEPPER_ROOT;11989;20;11985;19;;;11995;17;11998;28;;;11992.0;0.0
sideways_drift_s2;16000;ASH_COATED_OSMIUM;9982;11;9979;21;;;10044;16;10048;13;;;10013.0;0.0
sideways_drift_s2;16100;INTARIAN_PEPPER_ROOT;11975;15;11973;25;;;12015;12;12017;24;;;11995.0;0.0
sideways_drift_s2;16100;ASH_COATED_OSMIUM;10010;10;10006;26;;;10012;14;10015;24;;;10011.0;0.0
sideways_drift_s2;16200;INTARIAN_PEPPER_ROOT;11980;19;11978;19;;;12014;14;12016;22;;;11997.0;0.0
sideways_drift_s2;16200;ASH_COATED_OSMIUM;10011;16;10008;28;;;10013;12;10016;17;;;10012.0;0.0
sideways_drift_s2;16300;INTARIAN_PEPPER_ROOT;11998;14;11995;22;;;12000;9;12003;25;;;11999.0;0.0
sideways_drift_s2;16300;ASH_COATED_OSMIUM;10007;11;10005;21;;;10009;17;10011;14;;;10008.0;0.0
sideways_drift_s2;16400;INTARIAN_PEPPER_ROOT;11999;6;11995;21;;;12003;11;12007;18;;;12001.0;0.0
sideways_drift_s2;16400;ASH_COATED_OSMIUM;10007;16;10003;28;;;10011;14;10015;24;;;10009.0;0.0
sideways_drift_s2;16500;INTARIAN_PEPPER_ROOT;12003;17;12000;14;;;12005;17;12009;21;;;12004.0;0.0
sideways_drift_s2;16500;ASH_COATED_OSMIUM;9984;17;9980;17;;;10040;7;10043;17;;;10012.0;0.0
sideways_drift_s2;16600;INTARIAN_PEPPER_ROOT;11980;16;11978;17;;;12032;12;12035;11;;;12006.0;0.0
sideways_drift_s2;16600;ASH_COATED_OSMIUM;10014;11;10010;23;;;10018;12;10022;15;;;10016.0;0.0
sideways_drift_s2;16700;INTARIAN_PEPPER_ROOT;12008;9;12004;22;;;12010;14;12014;9;;;12009.0;0.0
sideways_drift_s2;16700;ASH_COATED_OSMIUM;10016;8;10013;14;;;10018;9;10020;20;;;10017.0;0.0
sideways_drift_s2;16800;INTARIAN_PEPPER_ROOT;12009;16;12007;23;;;12021;19;12025;14;;;12015.0;0.0
sideways_drift_s2;16800;ASH_COATED_OSMIUM;10019;17;10017;10;;;10021;13;10023;25;;;10020.0;0.0
sideways_drift_s2;16900;INTARIAN_PEPPER_ROOT;12016;14;12012;23;;;12020;8;12024;18;;;12018.0;0.0
sideways_drift_s2;16900;ASH_COATED_OSMIUM;10020;12;10017;20;;;10026;6;10028;27;;;10023.0;0.0
sideways_drift_s2;17000;INTARIAN_PEPPER_ROOT;12021;16;12018;12;;;12023;18;12026;10;;;12022.0;0.0
sideways_drift_s2;17000;ASH_COATED_OSMIUM;10021;19;10017;18;;;10029;16;10031;19;;;10025.0;0.0
sideways_drift_s2;17100;INTARIAN_PEPPER_ROOT;12012;17;12009;28;;;12032;9;12034;14;;;12022.0;0.0
sideways_drift_s2;17100;ASH_COATED_OSMIUM;10024;10;10022;31;;;10026;12;10030;22;;;10025.0;0.0
sideways_drift_s2;17200;INTARIAN_PEPPER_ROOT;12016;16;12013;14;;;12034;16;12038;23;;;12025.0;0.0
sideways_drift_s2;17200;ASH_COATED_OSMIUM;10011;10;10008;26;;;10035;12;10039;17;;;10023.0;0.0
sideways_drift_s2;17300;INTARIAN_PEPPER_ROOT;12026;22;12023;26;;;12030;27;12033;22;;;12028.0;0.0
sideways_drift_s2;17300;ASH_COATED_OSMIUM;10014;11;10011;23;;;10026;8;10030;17;;;10020.0;0.0
sideways_drift_s2;17400;INTARIAN_PEPPER_ROOT;12029;13;12026;26;;;12031;17;12034;14;;;12030.0;0.0
sideways_drift_s2;17400;ASH_COATED_OSMIUM;10014;13;10012;18;;;10028;14;10032;21;;;10021.0;0.0
sideways_drift_s2;17500;INTARIAN_PEPPER_ROOT;12030;14;12028;17;;;12032;19;12036;18;;;12031.0;0.0
sideways_drift_s2;17500;ASH_COATED_OSMIUM;10012;6;10009;17;;;10032;18;10035;15;;;10022.0;0.0
sideways_drift_s2;17600;INTARIAN_PEPPER_ROOT;12027;16;12024;12;;;12039;19;12041;20;;;12033.0;0.0
sideways_drift_s2;17600;ASH_COATED_OSMIUM;10006;13;10003;21;;;10036;7;10038;20;;;10021.0;0.0
sideways_drift_s2;17700;INTARIAN_PEPPER_ROOT;12030;21;12026;20;;;12040;14;12042;17;;;12035.0;0.0
sideways_drift_s2;17700;ASH_COATED_OSMIUM;10013;17;10010;27;;;10025;16;10027;22;;;10019.0;0.0
sideways_drift_s2;17800;INTARIAN_PEPPER_ROOT;12029;16;12027;23;;;12045;15;12048;18;;;12037.0;0.0
sideways_drift_s2;17800;ASH_COATED_OSMIUM;10013;11;10010;26;;;10023;9;10026;15;;;10018.0;0.0
sideways_drift_s2;17900;INTARIAN_PEPPER_ROOT;12038;8;12034;21;;;12040;19;12043;14;;;12039.0;0.0
sideways_drift_s2;17900;ASH_COATED_OSMIUM;9995;19;9991;16;;;10041;5;10043;14;;;10018.0;0.0
sideways_drift_s2;18000;INTARIAN_PEPPER_ROOT;12037;10;12033;22;;;12049;17;12052;21;;;12043.0;0.0
sideways_drift_s2;18000;ASH_COATED_OSMIUM;10000;17;9998;22;;;10034;11;10037;16;;;10017.0;0.0
sideways_drift_s2;18100;INTARIAN_PEPPER_ROOT;12041;8;12039;19;;;12049;8;12051;19;;;12045.0;0.0
sideways_drift_s2;18100;ASH_COATED_OSMIUM;10009;9;10007;27;;;10029;18;10031;24;;;10019.0;0.0
sideways_drift_s2;18200;INTARIAN_PEPPER_ROOT;12046;19;12043;18;;;12048;19;12050;17;;;12047.0;0.0
sideways_drift_s2;18200;ASH_COATED_OSMIUM;10010;6;10006;24;;;10032;18;10036;12;;;10021.0;0.0
sideways_drift_s2;18300;INTARIAN_PEPPER_ROOT;12031;14;12029;14;;;12067;25;12069;35;;;12049.0;0.0
sideways_drift_s2;18300;ASH_COATED_OSMIUM;10020;8;10016;28;;;10022;15;10024;17;;;10021.0;0.0
sideways_drift_s2;18400;INTARIAN_PEPPER_ROOT;12046;23;12044;21;;;12060;12;12063;14;;;12053.0;0.0
sideways_drift_s2;18400;ASH_COATED_OSMIUM;10018;10;10016;14;;;10022;19;10026;19;;;10020.0;0.0
sideways_drift_s2;18500;INTARIAN_PEPPER_ROOT;12040;15;12038;20;;;12070;17;12073;26;;;12055.0;0.0
sideways_drift_s2;18500;ASH_COATED_OSMIUM;9977;11;9975;20;;;10059;22;10062;18;;;10018.0;0.0
sideways_drift_s2;18600;INTARIAN_PEPPER_ROOT;12052;9;12049;18;;;12060;16;12063;18;;;12056.0;0.0
sideways_drift_s2;18600;ASH_COATED_OSMIUM;10005;12;10002;26;;;10033;19;10035;19;;;10019.0;0.0
sideways_drift_s2;18700;INTARIAN_PEPPER_ROOT;12043;12;12040;13;;;12073;18;12075;15;;;12058.0;0.0
sideways_drift_s2;18700;ASH_COATED_OSMIUM;10006;16;10002;25;;;10032;10;10034;26;;;10019.0;0.0
sideways_drift_s2;18800;INTARIAN_PEPPER_ROOT;12045;9;12041;14;;;12073;17;12077;24;;;12059.0;0.0
sideways_drift_s2;18800;ASH_COATED_OSMIUM;10002;19;10000;25;;;10038;20;10041;17;;;10020.0;0.0
sideways_drift_s2;18900;INTARIAN_PEPPER_ROOT;12060;16;12057;22;;;12064;12;12068;26;;;12062.0;0.0
sideways_drift_s2;18900;ASH_COATED_OSMIUM;10014;14;10011;8;;;10018;14;10022;19;;;10016.0;0.0
sideways_drift_s2;19000;INTARIAN_PEPPER_ROOT;12064;19;12060;22;;;12066;18;12069;25;;;12065.0;0.0
sideways_drift_s2;19000;ASH_COATED_OSMIUM;10010;13;10006;19;;;10028;5;10032;11;;;10019.0;0.0
sideways_drift_s2;19100;INTARIAN_PEPPER_ROOT;12067;5;12063;26;;;12069;17;12072;22;;;12068.0;0.0
sideways_drift_s2;19100;ASH_COATED_OSMIUM;10020;16;10018;15;;;10022;13;10025;29;;;10021.0;0.0
sideways_drift_s2;19200;INTARIAN_PEPPER_ROOT;12065;6;12061;18;;;12073;28;12076;23;;;12069.0;0.0
sideways_drift_s2;19200;ASH_COATED_OSMIUM;10002;11;9999;11;;;10030;16;10034;22;;;10016.0;0.0
sideways_drift_s2;19300;INTARIAN_PEPPER_ROOT;12060;13;12056;20;;;12078;16;12082;21;;;12069.0;0.0
sideways_drift_s2;19300;ASH_COATED_OSMIUM;10003;24;10000;18;;;10031;9;10034;15;;;10017.0;0.0
sideways_drift_s2;19400;INTARIAN_PEPPER_ROOT;12067;17;12065;30;;;12073;8;12075;16;;;12070.0;0.0
sideways_drift_s2;19400;ASH_COATED_OSMIUM;10017;21;10014;17;;;10021;8;10023;15;;;10019.0;0.0
sideways_drift_s2;19500;INTARIAN_PEPPER_ROOT;12063;10;12060;18;;;12085;17;12089;20;;;12074.0;0.0
sideways_drift_s2;19500;ASH_COATED_OSMIUM;10009;10;10005;28;;;10033;13;10035;19;;;10021.0;0.0
sideways_drift_s2;19600;INTARIAN_PEPPER_ROOT;12074;6;12071;14;;;12076;18;12080;20;;;12075.0;0.0
sideways_drift_s2;19600;ASH_COATED_OSMIUM;10013;15;10010;21;;;10029;16;10032;17;;;10021.0;0.0
sideways_drift_s2;19700;INTARIAN_PEPPER_ROOT;12073;20;12071;25;;;12083;12;12086;16;;;12078.0;0.0
sideways_drift_s2;19700;ASH_COATED_OSMIUM;10016;12;10014;22;;;10018;18;10020;14;;;10017.0;0.0
sideways_drift_s2;19800;INTARIAN_PEPPER_ROOT;12072;12;12068;15;;;12090;18;12093;23;;;12081.0;0.0
sideways_drift_s2;19800;ASH_COATED_OSMIUM;10014;17;10012;26;;;10016;13;10019;15;;;10015.0;0.0
sideways_drift_s2;19900;INTARIAN_PEPPER_ROOT;12062;18;12060;19;;;12102;16;12105;22;;;12082.0;0.0
sideways_drift_s2;19900;ASH_COATED_OSMIUM;10011;16;10007;15;;;10013;11;10017;20;;;10012.0;0.0
sideways_drift_s2;20000;INTARIAN_PEPPER_ROOT;12082;18;12079;29;;;12084;6;12086;20;;;12083.0;0.0
sideways_drift_s2;20000;ASH_COATED_OSMIUM;9990;17;9986;20;;;10032;10;10036;20;;;10011.0;0.0
sideways_drift_s2;20100;INTARIAN_PEPPER_ROOT;12081;18;12078;16;;;12087;25;12089;22;;;12084.0;0.0
sideways_drift_s2;20100;ASH_COATED_OSMIUM;10005;10;10002;12;;;10019;9;10023;16;;;10012.0;0.0
sideways_drift_s2;20200;INTARIAN_PEPPER_ROOT;12085;14;12081;16;;;12087;23;12090;25;;;12086.0;0.0
sideways_drift_s2;20200;ASH_COATED_OSMIUM;10012;18;10008;24;;;10014;17;10018;12;;;10013.0;0.0
sideways_drift_s2;20300;INTARIAN_PEPPER_ROOT;12069;16;12067;23;;;12109;12;12113;13;;;12089.0;0.0
sideways_drift_s2;20300;ASH_COATED_OSMIUM;10000;16;9996;20;;;10036;9;10038;22;;;10018.0;0.0
sideways_drift_s2;20400;INTARIAN_PEPPER_ROOT;12086;8;12083;21;;;12098;13;12102;18;;;12092.0;0.0
sideways_drift_s2;20400;ASH_COATED_OSMIUM;10010;9;10006;14;;;10026;15;10028;17;;;10018.0;0.0
sideways_drift_s2;20500;INTARIAN_PEPPER_ROOT;12071;17;12067;17;;;12113;6;12117;28;;;12092.0;0.0
sideways_drift_s2;20500;ASH_COATED_OSMIUM;10019;5;10015;23;;;10021;16;10025;20;;;10020.0;0.0
sideways_drift_s2;20600;INTARIAN_PEPPER_ROOT;12077;8;12075;28;;;12113;13;12115;23;;;12095.0;0.0
sideways_drift_s2;20600;ASH_COATED_OSMIUM;9988;11;9986;24;;;10050;16;10053;18;;;10019.0;0.0
sideways_drift_s2;20700;INTARIAN_PEPPER_ROOT;12088;17;12086;27;;;12106;14;12109;18;;;12097.0;0.0
sideways_drift_s2;20700;ASH_COATED_OSMIUM;10009;12;10005;18;;;10023;17;10026;22;;;10016.0;0.0
sideways_drift_s2;20800;INTARIAN_PEPPER_ROOT;12096;25;12093;19;;;12098;13;12100;17;;;12097.0;0.0
sideways_drift_s2;20800;ASH_COATED_OSMIUM;10012;19;10010;27;;;10018;6;10022;23;;;10015.0;0.0
sideways_drift_s2;20900;INTARIAN_PEPPER_ROOT;12094;12;12090;23;;;12104;11;12107;17;;;12099.0;0.0
sideways_drift_s2;20900;ASH_COATED_OSMIUM;10015;17;10013;29;;;10017;17;10019;15;;;10016.0;0.0
sideways_drift_s2;21000;INTARIAN_PEPPER_ROOT;12096;13;12092;20;;;12100;11;12104;14;;;12098.0;0.0
sideways_drift_s2;21000;ASH_COATED_OSMIUM;10013;14;10011;19;;;10015;12;10017;18;;;10014.0;0.0
sideways_drift_s2;21100;INTARIAN_PEPPER_ROOT;12100;11;12097;19;;;12102;23;12104;20;;;12101.0;0.0
sideways_drift_s2;21100;ASH_COATED_OSMIUM;10005;8;10002;20;;;10027;5;10030;14;;;10016.0;0.0
sideways_drift_s2;21200;INTARIAN_PEPPER_ROOT;12101;20;12097;10;;;12105;9;12109;20;;;12103.0;0.0
sideways_drift_s2;21200;ASH_COATED_OSMIUM;10001;10;9998;22;;;10029;13;10031;28;;;10015.0;0.0
sideways_drift_s2;21300;INTARIAN_PEPPER_ROOT;12101;10;12097;29;;;12103;19;12106;25;;;12102.0;0.0
sideways_drift_s2;21300;ASH_COATED_OSMIUM;10009;11;10007;20;;;10023;16;10027;17;;;10016.0;0.0
sideways_drift_s2;21400;INTARIAN_PEPPER_ROOT;12096;17;12092;13;;;12110;10;12112;15;;;12103.0;0.0
sideways_drift_s2;21400;ASH_COATED_OSMIUM;10013;15;10010;24;;;10019;9;10021;18;;;10016.0;0.0
sideways_drift_s2;21500;INTARIAN_PEPPER_ROOT;12103;14;12099;16;;;12107;21;12109;25;;;12105.0;0.0
sideways_drift_s2;21500;ASH_COATED_OSMIUM;10007;16;10003;20;;;10021;23;10024;12;;;10014.0;0.0
sideways_drift_s2;21600;INTARIAN_PEPPER_ROOT;12097;13;12093;16;;;12115;11;12118;18;;;12106.0;0.0
sideways_drift_s2;21600;ASH_COATED_OSMIUM;10015;17;10013;19;;;10017;13;10020;14;;;10016.0;0.0
sideways_drift_s2;21700;INTARIAN_PEPPER_ROOT;12107;19;12105;20;;;12109;20;12112;21;;;12108.0;0.0
sideways_drift_s2;21700;ASH_COATED_OSMIUM;10015;14;10013;22;;;10017;17;10020;16;;;10016.0;0.0
sideways_drift_s2;21800;INTARIAN_PEPPER_ROOT;12106;13;12104;25;;;12112;17;12115;22;;;12109.0;0.0
sideways_drift_s2;21800;ASH_COATED_OSMIUM;10014;5;10011;18;;;10016;22;10020;20;;;10015.0;0.0
sideways_drift_s2;21900;INTARIAN_PEPPER_ROOT;12106;15;12104;10;;;12114;15;12116;27;;;12110.0;0.0
sideways_drift_s2;21900;ASH_COATED_OSMIUM;10002;11;10000;19;;;10030;15;10034;16;;;10016.0;0.0
sideways_drift_s2;22000;INTARIAN_PEPPER_ROOT;12110;15;12108;21;;;12114;19;12118;21;;;12112.0;0.0
sideways_drift_s2;22000;ASH_COATED_OSMIUM;10006;12;10002;26;;;10028;18;10030;13;;;10017.0;0.0
sideways_drift_s2;22100;INTARIAN_PEPPER_ROOT;12110;8;12106;15;;;12120;14;12122;20;;;12115.0;0.0
sideways_drift_s2;22100;ASH_COATED_OSMIUM;10015;11;10011;14;;;10019;24;10021;22;;;10017.0;0.0
sideways_drift_s2;22200;INTARIAN_PEPPER_ROOT;12115;14;12112;21;;;12117;20;12121;28;;;12116.0;0.0
sideways_drift_s2;22200;ASH_COATED_OSMIUM;10012;11;10009;17;;;10020;5;10023;21;;;10016.0;0.0
sideways_drift_s2;22300;INTARIAN_PEPPER_ROOT;12114;22;12112;21;;;12120;11;12123;20;;;12117.0;0.0
sideways_drift_s2;22300;ASH_COATED_OSMIUM;10008;15;10005;15;;;10026;11;10030;22;;;10017.0;0.0
sideways_drift_s2;22400;INTARIAN_PEPPER_ROOT;12101;14;12099;20;;;12135;17;12139;29;;;12118.0;0.0
sideways_drift_s2;22400;ASH_COATED_OSMIUM;10009;5;10005;31;;;10029;9;10032;24;;;10019.0;0.0
sideways_drift_s2;22500;INTARIAN_PEPPER_ROOT;12117;21;12113;19;;;12121;15;12123;18;;;12119.0;0.0
sideways_drift_s2;22500;ASH_COATED_OSMIUM;10016;13;10014;17;;;10020;10;10024;24;;;10018.0;0.0
sideways_drift_s2;22600;INTARIAN_PEPPER_ROOT;12107;24;12104;20;;;12135;16;12139;30;;;12121.0;0.0
sideways_drift_s2;22600;ASH_COATED_OSMIUM;10013;18;10009;14;;;10023;18;10026;13;;;10018.0;0.0
sideways_drift_s2;22700;INTARIAN_PEPPER_ROOT;12119;11;12116;22;;;12127;12;12130;18;;;12123.0;0.0
sideways_drift_s2;22700;ASH_COATED_OSMIUM;9997;11;9995;22;;;10037;13;10040;28;;;10017.0;0.0
sideways_drift_s2;22800;INTARIAN_PEPPER_ROOT;12124;5;12121;17;;;12126;16;12129;20;;;12125.0;0.0
sideways_drift_s2;22800;ASH_COATED_OSMIUM;10014;12;10012;24;;;10022;5;10024;25;;;10018.0;0.0
sideways_drift_s2;22900;INTARIAN_PEPPER_ROOT;12114;9;12112;20;;;12140;15;12143;26;;;12127.0;0.0
sideways_drift_s2;22900;ASH_COATED_OSMIUM;10014;13;10011;17;;;10024;9;10028;28;;;10019.0;0.0
sideways_drift_s2;23000;INTARIAN_PEPPER_ROOT;12124;18;12122;23;;;12136;13;12138;24;;;12130.0;0.0
sideways_drift_s2;23000;ASH_COATED_OSMIUM;10017;5;10014;15;;;10019;15;10021;22;;;10018.0;0.0
sideways_drift_s2;23100;INTARIAN_PEPPER_ROOT;12119;11;12116;29;;;12143;16;12145;8;;;12131.0;0.0
sideways_drift_s2;23100;ASH_COATED_OSMIUM;10013;16;10010;15;;;10023;15;10027;19;;;10018.0;0.0
sideways_drift_s2;23200;INTARIAN_PEPPER_ROOT;12132;14;12129;14;;;12134;11;12137;24;;;12133.0;0.0
sideways_drift_s2;23200;ASH_COATED_OSMIUM;10016;18;10012;14;;;10022;13;10026;19;;;10019.0;0.0
sideways_drift_s2;23300;INTARIAN_PEPPER_ROOT;12113;14;12109;27;;;12155;14;12158;15;;;12134.0;0.0
sideways_drift_s2;23300;ASH_COATED_OSMIUM;9999;12;9996;16;;;10037;9;10040;21;;;10018.0;0.0
sideways_drift_s2;23400;INTARIAN_PEPPER_ROOT;12131;24;12129;15;;;12135;13;12139;15;;;12133.0;0.0
sideways_drift_s2;23400;ASH_COATED_OSMIUM;10016;9;10013;20;;;10022;10;10026;18;;;10019.0;0.0
sideways_drift_s2;23500;INTARIAN_PEPPER_ROOT;12133;14;12130;20;;;12135;16;12138;23;;;12134.0;0.0
sideways_drift_s2;23500;ASH_COATED_OSMIUM;10019;18;10017;29;;;10023;6;10027;18;;;10021.0;0.0
sideways_drift_s2;23600;INTARIAN_PEPPER_ROOT;12132;16;12128;27;;;12134;9;12138;9;;;12133.0;0.0
sideways_drift_s2;23600;ASH_COATED_OSMIUM;10019;12;10015;18;;;10027;21;10030;26;;;10023.0;0.0
sideways_drift_s2;23700;INTARIAN_PEPPER_ROOT;12132;11;12130;30;;;12140;19;12142;19;;;12136.0;0.0
sideways_drift_s2;23700;ASH_COATED_OSMIUM;10023;18;10020;16;;;10027;8;10031;18;;;10025.0;0.0
sideways_drift_s2;23800;INTARIAN_PEPPER_ROOT;12132;14;12129;20;;;12138;24;12142;23;;;12135.0;0.0
sideways_drift_s2;23800;ASH_COATED_OSMIUM;10014;18;10012;13;;;10036;21;10038;25;;;10025.0;0.0
sideways_drift_s2;23900;INTARIAN_PEPPER_ROOT;12128;21;12125;26;;;12146;8;12148;13;;;12137.0;0.0
sideways_drift_s2;23900;ASH_COATED_OSMIUM;10016;8;10014;15;;;10030;9;10034;22;;;10023.0;0.0
sideways_drift_s2;24000;INTARIAN_PEPPER_ROOT;12133;12;12130;22;;;12139;9;12141;20;;;12136.0;0.0
sideways_drift_s2;24000;ASH_COATED_OSMIUM;10019;9;10016;13;;;10027;10;10031;22;;;10023.0;0.0
sideways_drift_s2;24100;INTARIAN_PEPPER_ROOT;12128;10;12126;13;;;12144;15;12147;19;;;12136.0;0.0
sideways_drift_s2;24100;ASH_COATED_OSMIUM;10008;12;10006;11;;;10034;12;10038;20;;;10021.0;0.0
sideways_drift_s2;24200;INTARIAN_PEPPER_ROOT;12128;19;12125;23;;;12144;18;12146;23;;;12136.0;0.0
sideways_drift_s2;24200;ASH_COATED_OSMIUM;10023;10;10021;17;;;10025;11;10028;19;;;10024.0;0.0
sideways_drift_s2;24300;INTARIAN_PEPPER_ROOT;12134;5;12132;18;;;12142;9;12145;20;;;12138.0;0.0
sideways_drift_s2;24300;ASH_COATED_OSMIUM;9981;14;9978;27;;;10059;7;10063;23;;;10020.0;0.0
sideways_drift_s2;24400;INTARIAN_PEPPER_ROOT;12107;14;12105;24;;;12169;13;12171;9;;;12138.0;0.0
sideways_drift_s2;24400;ASH_COATED_OSMIUM;10014;5;10011;23;;;10030;16;10034;16;;;10022.0;0.0
sideways_drift_s2;24500;INTARIAN_PEPPER_ROOT;12138;9;12136;19;;;12140;24;12143;24;;;12139.0;0.0
sideways_drift_s2;24500;ASH_COATED_OSMIUM;10000;10;9998;8;;;10048;15;10051;15;;;10024.0;0.0
sideways_drift_s2;24600;INTARIAN_PEPPER_ROOT;12138;8;12134;24;;;12144;14;12146;18;;;12141.0;0.0
sideways_drift_s2;24600;ASH_COATED_OSMIUM;10021;10;10019;24;;;10029;13;10032;22;;;10025.0;0.0
sideways_drift_s2;24700;INTARIAN_PEPPER_ROOT;12132;21;12128;27;;;12150;15;12152;23;;;12141.0;0.0
sideways_drift_s2;24700;ASH_COATED_OSMIUM;10026;18;10023;22;;;10028;17;10031;28;;;10027.0;0.0
sideways_drift_s2;24800;INTARIAN_PEPPER_ROOT;12142;6;12139;27;;;12144;15;12147;23;;;12143.0;0.0
sideways_drift_s2;24800;ASH_COATED_OSMIUM;10019;5;10015;20;;;10033;10;10037;12;;;10026.0;0.0
sideways_drift_s2;24900;INTARIAN_PEPPER_ROOT;12136;18;12132;17;;;12152;15;12156;25;;;12144.0;0.0
sideways_drift_s2;24900;ASH_COATED_OSMIUM;10016;11;10014;16;;;10034;13;10037;22;;;10025.0;0.0
sideways_drift_s2;25000;INTARIAN_PEPPER_ROOT;12140;14;12137;8;;;12148;16;12152;13;;;12144.0;0.0
sideways_drift_s2;25000;ASH_COATED_OSMIUM;10022;9;10019;17;;;10026;13;10029;19;;;10024.0;0.0
sideways_drift_s2;25100;INTARIAN_PEPPER_ROOT;12139;14;12135;19;;;12151;10;12153;21;;;12145.0;0.0
sideways_drift_s2;25100;ASH_COATED_OSMIUM;10027;10;10025;13;;;10029;18;10031;16;;;10028.0;0.0
sideways_drift_s2;25200;INTARIAN_PEPPER_ROOT;12146;18;12144;23;;;12148;21;12150;21;;;12147.0;0.0
sideways_drift_s2;25200;ASH_COATED_OSMIUM;10029;19;10027;22;;;10031;18;10034;27;;;10030.0;0.0
sideways_drift_s2;25300;INTARIAN_PEPPER_ROOT;12147;23;12144;17;;;12149;10;12153;8;;;12148.0;0.0
sideways_drift_s2;25300;ASH_COATED_OSMIUM;10007;9;10004;20;;;10053;14;10056;28;;;10030.0;0.0
sideways_drift_s2;25400;INTARIAN_PEPPER_ROOT;12139;15;12136;19;;;12153;16;12156;22;;;12146.0;0.0
sideways_drift_s2;25400;ASH_COATED_OSMIUM;10028;16;10026;8;;;10040;15;10044;17;;;10034.0;0.0
sideways_drift_s2;25500;INTARIAN_PEPPER_ROOT;12143;8;12140;19;;;12151;9;12155;12;;;12147.0;0.0
sideways_drift_s2;25500;ASH_COATED_OSMIUM;10032;20;10028;17;;;10034;16;10036;23;;;10033.0;0.0
sideways_drift_s2;25600;INTARIAN_PEPPER_ROOT;12134;8;12132;15;;;12162;13;12166;32;;;12148.0;0.0
sideways_drift_s2;25600;ASH_COATED_OSMIUM;10027;11;10025;25;;;10039;22;10041;15;;;10033.0;0.0
sideways_drift_s2;25700;INTARIAN_PEPPER_ROOT;12145;18;12141;13;;;12155;20;12158;20;;;12150.0;0.0
sideways_drift_s2;25700;ASH_COATED_OSMIUM;10029;6;10026;13;;;10043;6;10046;34;;;10036.0;0.0
sideways_drift_s2;25800;INTARIAN_PEPPER_ROOT;12149;14;12146;24;;;12153;7;12157;20;;;12151.0;0.0
sideways_drift_s2;25800;ASH_COATED_OSMIUM;10039;13;10036;19;;;10041;11;10043;15;;;10040.0;0.0
sideways_drift_s2;25900;INTARIAN_PEPPER_ROOT;12152;18;12149;15;;;12154;22;12158;17;;;12153.0;0.0
sideways_drift_s2;25900;ASH_COATED_OSMIUM;10034;18;10032;21;;;10048;12;10051;22;;;10041.0;0.0
sideways_drift_s2;26000;INTARIAN_PEPPER_ROOT;12139;13;12136;33;;;12171;15;12174;20;;;12155.0;0.0
sideways_drift_s2;26000;ASH_COATED_OSMIUM;10017;10;10013;23;;;10065;15;10067;25;;;10041.0;0.0
sideways_drift_s2;26100;INTARIAN_PEPPER_ROOT;12149;9;12145;26;;;12163;15;12166;10;;;12156.0;0.0
sideways_drift_s2;26100;ASH_COATED_OSMIUM;9999;8;9996;12;;;10079;10;10083;10;;;10039.0;0.0
sideways_drift_s2;26200;INTARIAN_PEPPER_ROOT;12153;20;12149;16;;;12159;11;12163;17;;;12156.0;0.0
sideways_drift_s2;26200;ASH_COATED_OSMIUM;10039;9;10037;19;;;10045;20;10048;16;;;10042.0;0.0
sideways_drift_s2;26300;INTARIAN_PEPPER_ROOT;12134;19;12131;14;;;12176;24;12180;20;;;12155.0;0.0
sideways_drift_s2;26300;ASH_COATED_OSMIUM;10037;13;10034;19;;;10053;12;10055;8;;;10045.0;0.0
sideways_drift_s2;26400;INTARIAN_PEPPER_ROOT;12152;16;12150;20;;;12160;15;12164;14;;;12156.0;0.0
sideways_drift_s2;26400;ASH_COATED_OSMIUM;10040;15;10037;13;;;10046;5;10049;10;;;10043.0;0.0
sideways_drift_s2;26500;INTARIAN_PEPPER_ROOT;12151;20;12147;17;;;12161;13;12165;8;;;12156.0;0.0
sideways_drift_s2;26500;ASH_COATED_OSMIUM;10033;19;10031;18;;;10047;12;10050;10;;;10040.0;0.0
sideways_drift_s2;26600;INTARIAN_PEPPER_ROOT;12155;15;12153;22;;;12157;22;12159;21;;;12156.0;0.0
sideways_drift_s2;26600;ASH_COATED_OSMIUM;10040;13;10036;24;;;10048;17;10051;27;;;10044.0;0.0
sideways_drift_s2;26700;INTARIAN_PEPPER_ROOT;12151;17;12147;12;;;12161;14;12164;22;;;12156.0;0.0
sideways_drift_s2;26700;ASH_COATED_OSMIUM;10037;9;10033;19;;;10045;12;10048;17;;;10041.0;0.0
sideways_drift_s2;26800;INTARIAN_PEPPER_ROOT;12150;5;12146;19;;;12162;12;12165;12;;;12156.0;0.0
sideways_drift_s2;26800;ASH_COATED_OSMIUM;10035;22;10033;22;;;10045;22;10048;20;;;10040.0;0.0
sideways_drift_s2;26900;INTARIAN_PEPPER_ROOT;12153;10;12151;13;;;12159;14;12163;18;;;12156.0;0.0
sideways_drift_s2;26900;ASH_COATED_OSMIUM;10024;19;10021;20;;;10054;7;10058;14;;;10039.0;0.0
sideways_drift_s2;27000;INTARIAN_PEPPER_ROOT;12152;11;12148;19;;;12158;5;12160;18;;;12155.0;0.0
sideways_drift_s2;27000;ASH_COATED_OSMIUM;10023;5;10020;13;;;10061;15;10063;19;;;10042.0;0.0
sideways_drift_s2;27100;INTARIAN_PEPPER_ROOT;12154;12;12151;16;;;12156;7;12160;23;;;12155.0;0.0
sideways_drift_s2;27100;ASH_COATED_OSMIUM;10025;12;10023;17;;;10063;24;10065;16;;;10044.0;0.0
sideways_drift_s2;27200;INTARIAN_PEPPER_ROOT;12139;12;12136;13;;;12169;11;12173;17;;;12154.0;0.0
sideways_drift_s2;27200;ASH_COATED_OSMIUM;10034;18;10030;15;;;10046;9;10048;22;;;10040.0;0.0
sideways_drift_s2;27300;INTARIAN_PEPPER_ROOT;12143;18;12139;12;;;12165;11;12167;19;;;12154.0;0.0
sideways_drift_s2;27300;ASH_COATED_OSMIUM;10026;22;10024;14;;;10066;5;10068;17;;;10046.0;0.0
sideways_drift_s2;27400;INTARIAN_PEPPER_ROOT;12151;18;12147;19;;;12159;10;12162;9;;;12155.0;0.0
sideways_drift_s2;27400;ASH_COATED_OSMIUM;10044;16;10042;14;;;10048;16;10050;15;;;10046.0;0.0
sideways_drift_s2;27500;INTARIAN_PEPPER_ROOT;12153;10;12150;16;;;12157;9;12160;13;;;12155.0;0.0
sideways_drift_s2;27500;ASH_COATED_OSMIUM;10037;11;10035;21;;;10049;12;10053;20;;;10043.0;0.0
sideways_drift_s2;27600;INTARIAN_PEPPER_ROOT;12153;14;12150;16;;;12159;14;12161;20;;;12156.0;0.0
sideways_drift_s2;27600;ASH_COATED_OSMIUM;10015;19;10012;17;;;10063;12;10067;16;;;10039.0;0.0
sideways_drift_s2;27700;INTARIAN_PEPPER_ROOT;12154;13;12151;22;;;12162;16;12165;24;;;12158.0;0.0
sideways_drift_s2;27700;ASH_COATED_OSMIUM;10013;5;10010;28;;;10063;9;10065;19;;;10038.0;0.0
sideways_drift_s2;27800;INTARIAN_PEPPER_ROOT;12139;10;12136;13;;;12179;11;12183;11;;;12159.0;0.0
sideways_drift_s2;27800;ASH_COATED_OSMIUM;10018;14;10014;24;;;10058;11;10062;22;;;10038.0;0.0
sideways_drift_s2;27900;INTARIAN_PEPPER_ROOT;12149;12;12146;10;;;12169;14;12171;20;;;12159.0;0.0
sideways_drift_s2;27900;ASH_COATED_OSMIUM;10039;13;10037;26;;;10041;15;10043;18;;;10040.0;0.0
sideways_drift_s2;28000;INTARIAN_PEPPER_ROOT;12130;13;12127;14;;;12192;12;12196;18;;;12161.0;0.0
sideways_drift_s2;28000;ASH_COATED_OSMIUM;10029;12;10025;23;;;10053;14;10056;22;;;10041.0;0.0
sideways_drift_s2;28100;INTARIAN_PEPPER_ROOT;12150;12;12148;20;;;12172;14;12174;17;;;12161.0;0.0
sideways_drift_s2;28100;ASH_COATED_OSMIUM;10034;18;10030;23;;;10054;13;10056;23;;;10044.0;0.0
sideways_drift_s2;28200;INTARIAN_PEPPER_ROOT;12147;18;12144;26;;;12171;16;12175;21;;;12159.0;0.0
sideways_drift_s2;28200;ASH_COATED_OSMIUM;10036;9;10033;18;;;10050;13;10054;17;;;10043.0;0.0
sideways_drift_s2;28300;INTARIAN_PEPPER_ROOT;12159;19;12156;24;;;12161;9;12164;16;;;12160.0;0.0
sideways_drift_s2;28300;ASH_COATED_OSMIUM;10039;17;10035;24;;;10049;7;10053;15;;;10044.0;0.0
sideways_drift_s2;28400;INTARIAN_PEPPER_ROOT;12154;23;12152;23;;;12166;21;12169;17;;;12160.0;0.0
sideways_drift_s2;28400;ASH_COATED_OSMIUM;10042;10;10039;16;;;10050;12;10054;17;;;10046.0;0.0
sideways_drift_s2;28500;INTARIAN_PEPPER_ROOT;12152;10;12148;29;;;12170;15;12173;12;;;12161.0;0.0
sideways_drift_s2;28500;ASH_COATED_OSMIUM;10032;19;10030;21;;;10060;10;10063;24;;;10046.0;0.0
sideways_drift_s2;28600;INTARIAN_PEPPER_ROOT;12155;11;12151;22;;;12165;16;12167;12;;;12160.0;0.0
sideways_drift_s2;28600;ASH_COATED_OSMIUM;10044;14;10042;9;;;10046;18;10049;13;;;10045.0;0.0
sideways_drift_s2;28700;INTARIAN_PEPPER_ROOT;12156;10;12153;26;;;12162;18;12166;17;;;12159.0;0.0
sideways_drift_s2;28700;ASH_COATED_OSMIUM;10038;17;10036;15;;;10050;14;10052;23;;;10044.0;0.0
sideways_drift_s2;28800;INTARIAN_PEPPER_ROOT;12144;24;12142;21;;;12172;26;12174;15;;;12158.0;0.0
sideways_drift_s2;28800;ASH_COATED_OSMIUM;10038;20;10035;15;;;10040;15;10042;24;;;10039.0;0.0
sideways_drift_s2;28900;INTARIAN_PEPPER_ROOT;12156;11;12153;19;;;12164;16;12167;18;;;12160.0;0.0
sideways_drift_s2;28900;ASH_COATED_OSMIUM;10041;16;10039;29;;;10043;9;10046;20;;;10042.0;0.0
sideways_drift_s2;29000;INTARIAN_PEPPER_ROOT;12158;17;12156;15;;;12166;18;12168;24;;;12162.0;0.0
sideways_drift_s2;29000;ASH_COATED_OSMIUM;10029;12;10027;28;;;10051;18;10053;17;;;10040.0;0.0
sideways_drift_s2;29100;INTARIAN_PEPPER_ROOT;12159;13;12157;16;;;12163;15;12166;16;;;12161.0;0.0
sideways_drift_s2;29100;ASH_COATED_OSMIUM;10033;8;10031;15;;;10051;6;10055;16;;;10042.0;0.0
sideways_drift_s2;29200;INTARIAN_PEPPER_ROOT;12163;27;12160;26;;;12165;20;12169;22;;;12164.0;0.0
sideways_drift_s2;29200;ASH_COATED_OSMIUM;10041;20;10037;18;;;10049;14;10051;14;;;10045.0;0.0
sideways_drift_s2;29300;INTARIAN_PEPPER_ROOT;12158;21;12155;25;;;12166;8;12170;24;;;12162.0;0.0
sideways_drift_s2;29300;ASH_COATED_OSMIUM;10041;14;10038;15;;;10045;21;10048;21;;;10043.0;0.0
sideways_drift_s2;29400;INTARIAN_PEPPER_ROOT;12145;13;12141;19;;;12181;18;12184;14;;;12163.0;0.0
sideways_drift_s2;29400;ASH_COATED_OSMIUM;10039;19;10037;13;;;10043;13;10047;20;;;10041.0;0.0
sideways_drift_s2;29500;INTARIAN_PEPPER_ROOT;12159;17;12157;25;;;12167;22;12170;16;;;12163.0;0.0
sideways_drift_s2;29500;ASH_COATED_OSMIUM;10040;9;10036;22;;;10044;14;10047;21;;;10042.0;0.0
sideways_drift_s2;29600;INTARIAN_PEPPER_ROOT;12144;27;12141;21;;;12180;11;12182;17;;;12162.0;0.0
sideways_drift_s2;29600;ASH_COATED_OSMIUM;10035;20;10032;17;;;10043;12;10046;20;;;10039.0;0.0
sideways_drift_s2;29700;INTARIAN_PEPPER_ROOT;12151;13;12148;31;;;12171;11;12173;16;;;12161.0;0.0
sideways_drift_s2;29700;ASH_COATED_OSMIUM;10039;8;10036;25;;;10041;14;10043;22;;;10040.0;0.0
sideways_drift_s2;29800;INTARIAN_PEPPER_ROOT;12161;16;12159;16;;;12163;14;12166;15;;;12162.0;0.0
sideways_drift_s2;29800;ASH_COATED_OSMIUM;10036;8;10034;17;;;10038;10;10042;19;;;10037.0;0.0
sideways_drift_s2;29900;INTARIAN_PEPPER_ROOT;12160;19;12157;29;;;12162;10;12166;24;;;12161.0;0.0
sideways_drift_s2;29900;ASH_COATED_OSMIUM;10024;6;10020;18;;;10048;11;10050;22;;;10036.0;0.0
sideways_drift_s2;30000;INTARIAN_PEPPER_ROOT;12144;9;12142;15;;;12182;13;12186;33;;;12163.0;0.0
sideways_drift_s2;30000;ASH_COATED_OSMIUM;10028;16;10025;12;;;10040;19;10043;13;;;10034.0;0.0
sideways_drift_s2;30100;INTARIAN_PEPPER_ROOT;12163;16;12159;23;;;12165;19;12168;12;;;12164.0;0.0
sideways_drift_s2;30100;ASH_COATED_OSMIUM;10031;9;10029;15;;;10033;10;10037;20;;;10032.0;0.0
sideways_drift_s2;30200;INTARIAN_PEPPER_ROOT;12159;11;12155;20;;;12167;11;12170;16;;;12163.0;0.0
sideways_drift_s2;30200;ASH_COATED_OSMIUM;10026;14;10022;20;;;10040;15;10044;10;;;10033.0;0.0
sideways_drift_s2;30300;INTARIAN_PEPPER_ROOT;12139;15;12136;25;;;12185;12;12187;16;;;12162.0;0.0
sideways_drift_s2;30300;ASH_COATED_OSMIUM;10033;5;10031;20;;;10035;9;10038;23;;;10034.0;0.0
sideways_drift_s2;30400;INTARIAN_PEPPER_ROOT;12152;12;12148;23;;;12174;17;12176;27;;;12163.0;0.0
sideways_drift_s2;30400;ASH_COATED_OSMIUM;10032;15;10028;25;;;10034;5;10037;19;;;10033.0;0.0
sideways_drift_s2;30500;INTARIAN_PEPPER_ROOT;12162;27;12159;13;;;12164;18;12167;21;;;12163.0;0.0
sideways_drift_s2;30500;ASH_COATED_OSMIUM;10028;8;10025;21;;;10036;6;10040;11;;;10032.0;0.0
sideways_drift_s2;30600;INTARIAN_PEPPER_ROOT;12159;12;12156;15;;;12165;18;12169;8;;;12162.0;0.0
sideways_drift_s2;30600;ASH_COATED_OSMIUM;9988;11;9984;18;;;10076;7;10078;21;;;10032.0;0.0
sideways_drift_s2;30700;INTARIAN_PEPPER_ROOT;12155;16;12153;18;;;12171;8;12173;20;;;12163.0;0.0
sideways_drift_s2;30700;ASH_COATED_OSMIUM;10018;12;10015;24;;;10048;14;10051;18;;;10033.0;0.0
sideways_drift_s2;30800;INTARIAN_PEPPER_ROOT;12153;19;12149;13;;;12173;16;12175;25;;;12163.0;0.0
sideways_drift_s2;30800;ASH_COATED_OSMIUM;10033;13;10030;12;;;10035;13;10039;12;;;10034.0;0.0
sideways_drift_s2;30900;INTARIAN_PEPPER_ROOT;12159;21;12157;15;;;12165;12;12169;26;;;12162.0;0.0
sideways_drift_s2;30900;ASH_COATED_OSMIUM;10021;14;10018;23;;;10051;16;10053;21;;;10036.0;0.0
sideways_drift_s2;31000;INTARIAN_PEPPER_ROOT;12162;12;12158;15;;;12164;13;12166;24;;;12163.0;0.0
sideways_drift_s2;31000;ASH_COATED_OSMIUM;10037;10;10034;27;;;10039;16;10041;16;;;10038.0;0.0
sideways_drift_s2;31100;INTARIAN_PEPPER_ROOT;12155;18;12152;20;;;12169;19;12172;18;;;12162.0;0.0
sideways_drift_s2;31100;ASH_COATED_OSMIUM;10005;11;10001;14;;;10073;19;10075;21;;;10039.0;0.0
sideways_drift_s2;31200;INTARIAN_PEPPER_ROOT;12156;13;12152;21;;;12164;20;12166;19;;;12160.0;0.0
sideways_drift_s2;31200;ASH_COATED_OSMIUM;10033;15;10031;25;;;10047;12;10051;26;;;10040.0;0.0
sideways_drift_s2;31300;INTARIAN_PEPPER_ROOT;12147;9;12143;21;;;12173;14;12175;21;;;12160.0;0.0
sideways_drift_s2;31300;ASH_COATED_OSMIUM;10025;17;10022;18;;;10063;11;10065;16;;;10044.0;0.0
sideways_drift_s2;31400;INTARIAN_PEPPER_ROOT;12159;11;12157;24;;;12161;15;12164;28;;;12160.0;0.0
sideways_drift_s2;31400;ASH_COATED_OSMIUM;10041;6;10039;17;;;10047;19;10049;14;;;10044.0;0.0
sideways_drift_s2;31500;INTARIAN_PEPPER_ROOT;12140;15;12138;8;;;12176;12;12178;14;;;12158.0;0.0
sideways_drift_s2;31500;ASH_COATED_OSMIUM;10037;12;10034;18;;;10047;16;10049;22;;;10042.0;0.0
sideways_drift_s2;31600;INTARIAN_PEPPER_ROOT;12157;17;12153;17;;;12161;17;12164;25;;;12159.0;0.0
sideways_drift_s2;31600;ASH_COATED_OSMIUM;10035;10;10031;23;;;10051;5;10053;11;;;10043.0;0.0
sideways_drift_s2;31700;INTARIAN_PEPPER_ROOT;12156;11;12153;19;;;12160;19;12162;16;;;12158.0;0.0
sideways_drift_s2;31700;ASH_COATED_OSMIUM;10042;16;10040;29;;;10044;23;10046;23;;;10043.0;0.0
sideways_drift_s2;31800;INTARIAN_PEPPER_ROOT;12155;12;12151;20;;;12161;5;12163;23;;;12158.0;0.0
sideways_drift_s2;31800;ASH_COATED_OSMIUM;10043;8;10041;14;;;10049;14;10053;21;;;10046.0;0.0
sideways_drift_s2;31900;INTARIAN_PEPPER_ROOT;12153;18;12151;16;;;12161;22;12163;17;;;12157.0;0.0
sideways_drift_s2;31900;ASH_COATED_OSMIUM;10046;16;10043;28;;;10050;22;10052;16;;;10048.0;0.0
sideways_drift_s2;32000;INTARIAN_PEPPER_ROOT;12143;28;12141;16;;;12169;16;12172;25;;;12156.0;0.0
sideways_drift_s2;32000;ASH_COATED_OSMIUM;10040;9;10038;21;;;10052;6;10056;19;;;10046.0;0.0
sideways_drift_s2;32100;INTARIAN_PEPPER_ROOT;12153;10;12149;16;;;12165;16;12168;22;;;12159.0;0.0
sideways_drift_s2;32100;ASH_COATED_OSMIUM;10045;10;10042;17;;;10047;18;10049;13;;;10046.0;0.0
sideways_drift_s2;32200;INTARIAN_PEPPER_ROOT;12157;19;12153;10;;;12161;22;12165;22;;;12159.0;0.0
sideways_drift_s2;32200;ASH_COATED_OSMIUM;10040;5;10036;16;;;10050;16;10052;24;;;10045.0;0.0
sideways_drift_s2;32300;INTARIAN_PEPPER_ROOT;12152;16;12150;20;;;12162;25;12166;19;;;12157.0;0.0
sideways_drift_s2;32300;ASH_COATED_OSMIUM;10044;10;10042;25;;;10046;5;10050;20;;;10045.0;0.0
sideways_drift_s2;32400;INTARIAN_PEPPER_ROOT;12154;23;12150;13;;;12162;22;12164;13;;;12158.0;0.0
sideways_drift_s2;32400;ASH_COATED_OSMIUM;10033;12;10029;19;;;10057;6;10059;16;;;10045.0;0.0
sideways_drift_s2;32500;INTARIAN_PEPPER_ROOT;12157;17;12153;15;;;12159;19;12161;15;;;12158.0;0.0
sideways_drift_s2;32500;ASH_COATED_OSMIUM;10038;10;10035;16;;;10048;5;10052;24;;;10043.0;0.0
sideways_drift_s2;32600;INTARIAN_PEPPER_ROOT;12155;18;12153;13;;;12163;9;12167;23;;;12159.0;0.0
sideways_drift_s2;32600;ASH_COATED_OSMIUM;10027;10;10025;22;;;10065;14;10067;15;;;10046.0;0.0
sideways_drift_s2;32700;INTARIAN_PEPPER_ROOT;12158;8;12155;16;;;12160;12;12164;21;;;12159.0;0.0
sideways_drift_s2;32700;ASH_COATED_OSMIUM;10046;11;10043;22;;;10048;20;10052;24;;;10047.0;0.0
sideways_drift_s2;32800;INTARIAN_PEPPER_ROOT;12142;17;12139;16;;;12174;14;12178;17;;;12158.0;0.0
sideways_drift_s2;32800;ASH_COATED_OSMIUM;10046;13;10043;22;;;10048;7;10052;21;;;10047.0;0.0
sideways_drift_s2;32900;INTARIAN_PEPPER_ROOT;12158;12;12156;16;;;12160;16;12162;28;;;12159.0;0.0
sideways_drift_s2;32900;ASH_COATED_OSMIUM;10045;8;10043;27;;;10055;15;10058;15;;;10050.0;0.0
sideways_drift_s2;33000;INTARIAN_PEPPER_ROOT;12140;13;12136;27;;;12180;23;12184;18;;;12160.0;0.0
sideways_drift_s2;33000;ASH_COATED_OSMIUM;10050;15;10047;15;;;10052;11;10056;16;;;10051.0;0.0
sideways_drift_s2;33100;INTARIAN_PEPPER_ROOT;12152;14;12148;13;;;12164;9;12166;24;;;12158.0;0.0
sideways_drift_s2;33100;ASH_COATED_OSMIUM;10047;15;10044;15;;;10055;10;10059;26;;;10051.0;0.0
sideways_drift_s2;33200;INTARIAN_PEPPER_ROOT;12145;22;12141;25;;;12171;17;12174;25;;;12158.0;0.0
sideways_drift_s2;33200;ASH_COATED_OSMIUM;10037;13;10035;22;;;10067;11;10071;28;;;10052.0;0.0
sideways_drift_s2;33300;INTARIAN_PEPPER_ROOT;12147;7;12143;19;;;12169;5;12172;18;;;12158.0;0.0
sideways_drift_s2;33300;ASH_COATED_OSMIUM;10045;16;10043;27;;;10059;10;10062;22;;;10052.0;0.0
sideways_drift_s2;33400;INTARIAN_PEPPER_ROOT;12152;19;12149;13;;;12166;16;12168;17;;;12159.0;0.0
sideways_drift_s2;33400;ASH_COATED_OSMIUM;10046;15;10043;25;;;10058;11;10060;12;;;10052.0;0.0
sideways_drift_s2;33500;INTARIAN_PEPPER_ROOT;12154;18;12150;18;;;12162;13;12165;14;;;12158.0;0.0
sideways_drift_s2;33500;ASH_COATED_OSMIUM;10043;13;10039;18;;;10061;15;10064;19;;;10052.0;0.0
sideways_drift_s2;33600;INTARIAN_PEPPER_ROOT;12158;16;12154;21;;;12160;16;12162;20;;;12159.0;0.0
sideways_drift_s2;33600;ASH_COATED_OSMIUM;10043;19;10041;22;;;10055;9;10057;17;;;10049.0;0.0
sideways_drift_s2;33700;INTARIAN_PEPPER_ROOT;12157;5;12155;13;;;12159;10;12162;22;;;12158.0;0.0
sideways_drift_s2;33700;ASH_COATED_OSMIUM;10041;15;10039;23;;;10055;8;10057;27;;;10048.0;0.0
sideways_drift_s2;33800;INTARIAN_PEPPER_ROOT;12156;7;12153;27;;;12162;5;12165;21;;;12159.0;0.0
sideways_drift_s2;33800;ASH_COATED_OSMIUM;10042;17;10038;22;;;10054;14;10058;12;;;10048.0;0.0
sideways_drift_s2;33900;INTARIAN_PEPPER_ROOT;12127;17;12124;17;;;12189;26;12191;14;;;12158.0;0.0
sideways_drift_s2;33900;ASH_COATED_OSMIUM;10050;7;10046;25;;;10052;5;10056;21;;;10051.0;0.0
sideways_drift_s2;34000;INTARIAN_PEPPER_ROOT;12134;14;12132;18;;;12182;19;12184;24;;;12158.0;0.0
sideways_drift_s2;34000;ASH_COATED_OSMIUM;10020;8;10018;29;;;10080;16;10083;24;;;10050.0;0.0
sideways_drift_s2;34100;INTARIAN_PEPPER_ROOT;12147;11;12145;15;;;12169;10;12172;15;;;12158.0;0.0
sideways_drift_s2;34100;ASH_COATED_OSMIUM;10030;17;10028;28;;;10066;16;10070;28;;;10048.0;0.0
sideways_drift_s2;34200;INTARIAN_PEPPER_ROOT;12140;21;12136;28;;;12174;11;12176;17;;;12157.0;0.0
sideways_drift_s2;34200;ASH_COATED_OSMIUM;10049;20;10047;21;;;10051;20;10054;27;;;10050.0;0.0
sideways_drift_s2;34300;INTARIAN_PEPPER_ROOT;12155;11;12151;21;;;12159;17;12163;19;;;12157.0;0.0
sideways_drift_s2;34300;ASH_COATED_OSMIUM;10049;5;10047;13;;;10051;15;10055;26;;;10050.0;0.0
sideways_drift_s2;34400;INTARIAN_PEPPER_ROOT;12151;11;12148;17;;;12167;8;12171;17;;;12159.0;0.0
sideways_drift_s2;34400;ASH_COATED_OSMIUM;10040;5;10038;28;;;10054;15;10058;25;;;10047.0;0.0
sideways_drift_s2;34500;INTARIAN_PEPPER_ROOT;12157;10;12155;22;;;12159;17;12162;23;;;12158.0;0.0
sideways_drift_s2;34500;ASH_COATED_OSMIUM;10045;11;10041;17;;;10047;14;10050;19;;;10046.0;0.0
sideways_drift_s2;34600;INTARIAN_PEPPER_ROOT;12151;5;12147;19;;;12165;12;12168;17;;;12158.0;0.0
sideways_drift_s2;34600;ASH_COATED_OSMIUM;10045;18;10042;10;;;10049;13;10053;13;;;10047.0;0.0
sideways_drift_s2;34700;INTARIAN_PEPPER_ROOT;12148;20;12145;19;;;12172;20;12174;22;;;12160.0;0.0
sideways_drift_s2;34700;ASH_COATED_OSMIUM;10040;15;10038;25;;;10052;16;10056;15;;;10046.0;0.0
sideways_drift_s2;34800;INTARIAN_PEPPER_ROOT;12153;19;12150;25;;;12167;16;12171;11;;;12160.0;0.0
sideways_drift_s2;34800;ASH_COATED_OSMIUM;10020;17;10018;24;;;10072;14;10075;22;;;10046.0;0.0
sideways_drift_s2;34900;INTARIAN_PEPPER_ROOT;12146;13;12143;17;;;12174;12;12176;8;;;12160.0;0.0
sideways_drift_s2;34900;ASH_COATED_OSMIUM;10028;10;10026;27;;;10066;16;10068;21;;;10047.0;0.0
sideways_drift_s2;35000;INTARIAN_PEPPER_ROOT;12158;16;12156;20;;;12160;18;12164;22;;;12159.0;0.0
sideways_drift_s2;35000;ASH_COATED_OSMIUM;10046;10;10044;27;;;10052;14;10056;13;;;10049.0;0.0
sideways_drift_s2;35100;INTARIAN_PEPPER_ROOT;12156;7;12153;19;;;12160;17;12163;19;;;12158.0;0.0
sideways_drift_s2;35100;ASH_COATED_OSMIUM;10019;10;10016;13;;;10083;16;10086;17;;;10051.0;0.0
sideways_drift_s2;35200;INTARIAN_PEPPER_ROOT;12157;16;12154;16;;;12163;17;12166;17;;;12160.0;0.0
sideways_drift_s2;35200;ASH_COATED_OSMIUM;10050;12;10048;26;;;10058;20;10060;32;;;10054.0;0.0
sideways_drift_s2;35300;INTARIAN_PEPPER_ROOT;12158;12;12155;32;;;12160;13;12164;24;;;12159.0;0.0
sideways_drift_s2;35300;ASH_COATED_OSMIUM;10053;10;10051;20;;;10055;23;10059;19;;;10054.0;0.0
sideways_drift_s2;35400;INTARIAN_PEPPER_ROOT;12159;10;12155;18;;;12161;14;12163;13;;;12160.0;0.0
sideways_drift_s2;35400;ASH_COATED_OSMIUM;10049;17;10046;19;;;10053;14;10056;20;;;10051.0;0.0
sideways_drift_s2;35500;INTARIAN_PEPPER_ROOT;12140;15;12137;24;;;12178;12;12182;17;;;12159.0;0.0
sideways_drift_s2;35500;ASH_COATED_OSMIUM;10033;16;10029;13;;;10081;17;10084;26;;;10057.0;0.0
sideways_drift_s2;35600;INTARIAN_PEPPER_ROOT;12142;8;12139;20;;;12172;26;12175;21;;;12157.0;0.0
sideways_drift_s2;35600;ASH_COATED_OSMIUM;10054;19;10052;19;;;10060;18;10064;22;;;10057.0;0.0
sideways_drift_s2;35700;INTARIAN_PEPPER_ROOT;12130;14;12127;26;;;12182;12;12184;23;;;12156.0;0.0
sideways_drift_s2;35700;ASH_COATED_OSMIUM;10047;15;10043;12;;;10067;11;10071;9;;;10057.0;0.0
sideways_drift_s2;35800;INTARIAN_PEPPER_ROOT;12152;13;12150;21;;;12156;16;12158;21;;;12154.0;0.0
sideways_drift_s2;35800;ASH_COATED_OSMIUM;10039;11;10035;23;;;10081;5;10084;10;;;10060.0;0.0
sideways_drift_s2;35900;INTARIAN_PEPPER_ROOT;12141;12;12137;17;;;12171;10;12174;16;;;12156.0;0.0
sideways_drift_s2;35900;ASH_COATED_OSMIUM;10056;12;10054;23;;;10072;16;10074;27;;;10064.0;0.0
sideways_drift_s2;36000;INTARIAN_PEPPER_ROOT;12154;21;12152;31;;;12160;22;12162;13;;;12157.0;0.0
sideways_drift_s2;36000;ASH_COATED_OSMIUM;10047;7;10043;28;;;10071;9;10075;24;;;10059.0;0.0
sideways_drift_s2;36100;INTARIAN_PEPPER_ROOT;12131;22;12129;18;;;12179;10;12182;17;;;12155.0;0.0
sideways_drift_s2;36100;ASH_COATED_OSMIUM;10056;6;10053;27;;;10064;16;10067;32;;;10060.0;0.0
sideways_drift_s2;36200;INTARIAN_PEPPER_ROOT;12153;17;12151;20;;;12155;7;12158;19;;;12154.0;0.0
sideways_drift_s2;36200;ASH_COATED_OSMIUM;10059;11;10055;16;;;10061;12;10065;12;;;10060.0;0.0
sideways_drift_s2;36300;INTARIAN_PEPPER_ROOT;12149;6;12146;21;;;12157;12;12160;11;;;12153.0;0.0
sideways_drift_s2;36300;ASH_COATED_OSMIUM;10053;12;10049;18;;;10067;16;10071;8;;;10060.0;0.0
sideways_drift_s2;36400;INTARIAN_PEPPER_ROOT;12152;17;12149;32;;;12154;18;12157;10;;;12153.0;0.0
sideways_drift_s2;36400;ASH_COATED_OSMIUM;10051;24;10048;17;;;10065;17;10067;20;;;10058.0;0.0
sideways_drift_s2;36500;INTARIAN_PEPPER_ROOT;12151;19;12149;31;;;12153;17;12156;17;;;12152.0;0.0
sideways_drift_s2;36500;ASH_COATED_OSMIUM;10055;18;10053;11;;;10057;14;10061;21;;;10056.0;0.0
sideways_drift_s2;36600;INTARIAN_PEPPER_ROOT;12149;12;12146;20;;;12155;22;12157;14;;;12152.0;0.0
sideways_drift_s2;36600;ASH_COATED_OSMIUM;10047;19;10044;15;;;10063;12;10065;30;;;10055.0;0.0
sideways_drift_s2;36700;INTARIAN_PEPPER_ROOT;12151;22;12147;21;;;12155;21;12158;22;;;12153.0;0.0
sideways_drift_s2;36700;ASH_COATED_OSMIUM;10050;7;10047;22;;;10060;13;10062;17;;;10055.0;0.0
sideways_drift_s2;36800;INTARIAN_PEPPER_ROOT;12150;26;12146;17;;;12156;12;12158;24;;;12153.0;0.0
sideways_drift_s2;36800;ASH_COATED_OSMIUM;10056;12;10054;22;;;10058;13;10062;16;;;10057.0;0.0
sideways_drift_s2;36900;INTARIAN_PEPPER_ROOT;12149;12;12146;19;;;12151;8;12155;18;;;12150.0;0.0
sideways_drift_s2;36900;ASH_COATED_OSMIUM;10054;10;10050;22;;;10060;13;10062;26;;;10057.0;0.0
sideways_drift_s2;37000;INTARIAN_PEPPER_ROOT;12146;14;12142;18;;;12154;26;12157;19;;;12150.0;0.0
sideways_drift_s2;37000;ASH_COATED_OSMIUM;10046;16;10042;24;;;10062;19;10064;27;;;10054.0;0.0
sideways_drift_s2;37100;INTARIAN_PEPPER_ROOT;12146;5;12143;21;;;12152;14;12156;22;;;12149.0;0.0
sideways_drift_s2;37100;ASH_COATED_OSMIUM;10052;20;10048;13;;;10058;6;10061;18;;;10055.0;0.0
sideways_drift_s2;37200;INTARIAN_PEPPER_ROOT;12146;24;12143;29;;;12154;25;12158;29;;;12150.0;0.0
sideways_drift_s2;37200;ASH_COATED_OSMIUM;10044;15;10041;23;;;10062;25;10065;26;;;10053.0;0.0
sideways_drift_s2;37300;INTARIAN_PEPPER_ROOT;12146;13;12143;14;;;12152;5;12156;16;;;12149.0;0.0
sideways_drift_s2;37300;ASH_COATED_OSMIUM;10053;14;10049;23;;;10057;11;10060;17;;;10055.0;0.0
sideways_drift_s2;37400;INTARIAN_PEPPER_ROOT;12147;18;12144;29;;;12149;10;12151;24;;;12148.0;0.0
sideways_drift_s2;37400;ASH_COATED_OSMIUM;10052;6;10050;16;;;10054;15;10057;15;;;10053.0;0.0
sideways_drift_s2;37500;INTARIAN_PEPPER_ROOT;12146;16;12144;25;;;12152;15;12155;21;;;12149.0;0.0
sideways_drift_s2;37500;ASH_COATED_OSMIUM;10046;13;10042;16;;;10056;7;10058;12;;;10051.0;0.0
sideways_drift_s2;37600;INTARIAN_PEPPER_ROOT;12140;16;12138;12;;;12156;11;12158;20;;;12148.0;0.0
sideways_drift_s2;37600;ASH_COATED_OSMIUM;10046;16;10043;20;;;10056;13;10059;20;;;10051.0;0.0
sideways_drift_s2;37700;INTARIAN_PEPPER_ROOT;12145;18;12143;20;;;12147;9;12149;22;;;12146.0;0.0
sideways_drift_s2;37700;ASH_COATED_OSMIUM;10049;15;10047;12;;;10057;12;10061;25;;;10053.0;0.0
sideways_drift_s2;37800;INTARIAN_PEPPER_ROOT;12144;28;12142;15;;;12148;21;12150;18;;;12146.0;0.0
sideways_drift_s2;37800;ASH_COATED_OSMIUM;10048;18;10044;14;;;10062;13;10065;18;;;10055.0;0.0
sideways_drift_s2;37900;INTARIAN_PEPPER_ROOT;12113;17;12110;21;;;12181;5;12184;22;;;12147.0;0.0
sideways_drift_s2;37900;ASH_COATED_OSMIUM;10048;13;10044;25;;;10068;14;10070;26;;;10058.0;0.0
sideways_drift_s2;38000;INTARIAN_PEPPER_ROOT;12146;13;12144;23;;;12148;9;12152;20;;;12147.0;0.0
sideways_drift_s2;38000;ASH_COATED_OSMIUM;10054;7;10052;17;;;10058;10;10061;21;;;10056.0;0.0
sideways_drift_s2;38100;INTARIAN_PEPPER_ROOT;12141;15;12139;19;;;12153;25;12157;26;;;12147.0;0.0
sideways_drift_s2;38100;ASH_COATED_OSMIUM;10050;16;10046;13;;;10062;9;10065;27;;;10056.0;0.0
sideways_drift_s2;38200;INTARIAN_PEPPER_ROOT;12144;13;12140;15;;;12148;8;12150;25;;;12146.0;0.0
sideways_drift_s2;38200;ASH_COATED_OSMIUM;10052;11;10049;15;;;10054;13;10058;20;;;10053.0;0.0
sideways_drift_s2;38300;INTARIAN_PEPPER_ROOT;12144;15;12141;26;;;12146;11;12149;12;;;12145.0;0.0
sideways_drift_s2;38300;ASH_COATED_OSMIUM;10052;5;10049;11;;;10054;13;10057;22;;;10053.0;0.0
sideways_drift_s2;38400;INTARIAN_PEPPER_ROOT;12128;14;12124;24;;;12158;7;12160;27;;;12143.0;0.0
sideways_drift_s2;38400;ASH_COATED_OSMIUM;10054;19;10051;20;;;10060;16;10062;16;;;10057.0;0.0
sideways_drift_s2;38500;INTARIAN_PEPPER_ROOT;12137;14;12133;19;;;12149;19;12152;10;;;12143.0;0.0
sideways_drift_s2;38500;ASH_COATED_OSMIUM;10045;6;10043;28;;;10069;12;10071;18;;;10057.0;0.0
sideways_drift_s2;38600;INTARIAN_PEPPER_ROOT;12142;16;12139;23;;;12146;14;12149;10;;;12144.0;0.0
sideways_drift_s2;38600;ASH_COATED_OSMIUM;10052;13;10048;20;;;10064;5;10066;20;;;10058.0;0.0
sideways_drift_s2;38700;INTARIAN_PEPPER_ROOT;12142;9;12138;20;;;12144;18;12146;11;;;12143.0;0.0
sideways_drift_s2;38700;ASH_COATED_OSMIUM;10044;11;10042;13;;;10072;8;10075;28;;;10058.0;0.0
sideways_drift_s2;38800;INTARIAN_PEPPER_ROOT;12130;11;12128;8;;;12150;10;12152;20;;;12140.0;0.0
sideways_drift_s2;38800;ASH_COATED_OSMIUM;10057;5;10054;15;;;10059;11;10063;27;;;10058.0;0.0
sideways_drift_s2;38900;INTARIAN_PEPPER_ROOT;12127;16;12123;20;;;12153;13;12155;25;;;12140.0;0.0
sideways_drift_s2;38900;ASH_COATED_OSMIUM;10049;5;10045;20;;;10063;15;10067;17;;;10056.0;0.0
sideways_drift_s2;39000;INTARIAN_PEPPER_ROOT;12113;18;12111;20;;;12169;11;12172;13;;;12141.0;0.0
sideways_drift_s2;39000;ASH_COATED_OSMIUM;10052;14;10048;26;;;10058;16;10060;14;;;10055.0;0.0
sideways_drift_s2;39100;INTARIAN_PEPPER_ROOT;12139;15;12136;9;;;12143;9;12145;20;;;12141.0;0.0
sideways_drift_s2;39100;ASH_COATED_OSMIUM;10040;22;10036;20;;;10064;15;10067;11;;;10052.0;0.0
sideways_drift_s2;39200;INTARIAN_PEPPER_ROOT;12140;16;12137;23;;;12142;16;12145;18;;;12141.0;0.0
sideways_drift_s2;39200;ASH_COATED_OSMIUM;10045;16;10042;25;;;10067;14;10069;25;;;10056.0;0.0
sideways_drift_s2;39300;INTARIAN_PEPPER_ROOT;12137;13;12134;21;;;12147;10;12150;12;;;12142.0;0.0
sideways_drift_s2;39300;ASH_COATED_OSMIUM;10055;19;10051;24;;;10061;5;10063;14;;;10058.0;0.0
sideways_drift_s2;39400;INTARIAN_PEPPER_ROOT;12136;11;12133;20;;;12150;12;12152;14;;;12143.0;0.0
sideways_drift_s2;39400;ASH_COATED_OSMIUM;10048;12;10045;23;;;10072;7;10074;20;;;10060.0;0.0
sideways_drift_s2;39500;INTARIAN_PEPPER_ROOT;12125;20;12122;22;;;12159;10;12163;28;;;12142.0;0.0
sideways_drift_s2;39500;ASH_COATED_OSMIUM;10060;13;10058;24;;;10070;15;10074;28;;;10065.0;0.0
sideways_drift_s2;39600;INTARIAN_PEPPER_ROOT;12132;11;12129;24;;;12150;15;12152;18;;;12141.0;0.0
sideways_drift_s2;39600;ASH_COATED_OSMIUM;10060;15;10058;18;;;10068;11;10070;10;;;10064.0;0.0
sideways_drift_s2;39700;INTARIAN_PEPPER_ROOT;12139;12;12135;20;;;12141;20;12143;20;;;12140.0;0.0
sideways_drift_s2;39700;ASH_COATED_OSMIUM;10061;22;10058;21;;;10067;6;10071;18;;;10064.0;0.0
sideways_drift_s2;39800;INTARIAN_PEPPER_ROOT;12138;7;12134;16;;;12140;11;12142;24;;;12139.0;0.0
sideways_drift_s2;39800;ASH_COATED_OSMIUM;10045;13;10042;30;;;10083;14;10087;17;;;10064.0;0.0
sideways_drift_s2;39900;INTARIAN_PEPPER_ROOT;12138;17;12136;16;;;12140;16;12144;11;;;12139.0;0.0
sideways_drift_s2;39900;ASH_COATED_OSMIUM;10051;8;10047;17;;;10075;11;10078;18;;;10063.0;0.0
sideways_drift_s2;40000;INTARIAN_PEPPER_ROOT;12136;16;12132;27;;;12138;16;12140;15;;;12137.0;0.0
sideways_drift_s2;40000;ASH_COATED_OSMIUM;10057;12;10053;23;;;10071;16;10073;23;;;10064.0;0.0
sideways_drift_s2;40100;INTARIAN_PEPPER_ROOT;12135;12;12131;19;;;12141;17;12144;11;;;12138.0;0.0
sideways_drift_s2;40100;ASH_COATED_OSMIUM;10061;13;10057;18;;;10071;15;10074;16;;;10066.0;0.0
sideways_drift_s2;40200;INTARIAN_PEPPER_ROOT;12121;13;12118;21;;;12151;16;12153;14;;;12136.0;0.0
sideways_drift_s2;40200;ASH_COATED_OSMIUM;10066;13;10064;19;;;10072;17;10074;18;;;10069.0;0.0
sideways_drift_s2;40300;INTARIAN_PEPPER_ROOT;12123;13;12120;15;;;12147;5;12150;25;;;12135.0;0.0
sideways_drift_s2;40300;ASH_COATED_OSMIUM;10060;5;10058;18;;;10072;9;10074;12;;;10066.0;0.0
sideways_drift_s2;40400;INTARIAN_PEPPER_ROOT;12133;13;12130;15;;;12135;17;12137;23;;;12134.0;0.0
sideways_drift_s2;40400;ASH_COATED_OSMIUM;10054;15;10051;16;;;10070;12;10072;21;;;10062.0;0.0
sideways_drift_s2;40500;INTARIAN_PEPPER_ROOT;12117;12;12113;23;;;12145;16;12148;19;;;12131.0;0.0
sideways_drift_s2;40500;ASH_COATED_OSMIUM;10053;13;10050;15;;;10065;16;10069;18;;;10059.0;0.0
sideways_drift_s2;40600;INTARIAN_PEPPER_ROOT;12129;10;12125;18;;;12131;9;12133;8;;;12130.0;0.0
sideways_drift_s2;40600;ASH_COATED_OSMIUM;10056;5;10052;19;;;10060;18;10062;8;;;10058.0;0.0
sideways_drift_s2;40700;INTARIAN_PEPPER_ROOT;12110;7;12108;12;;;12146;8;12149;18;;;12128.0;0.0
sideways_drift_s2;40700;ASH_COATED_OSMIUM;10056;11;10052;20;;;10062;15;10064;23;;;10059.0;0.0
sideways_drift_s2;40800;INTARIAN_PEPPER_ROOT;12108;19;12106;19;;;12148;5;12150;16;;;12128.0;0.0
sideways_drift_s2;40800;ASH_COATED_OSMIUM;10040;13;10038;21;;;10074;6;10076;19;;;10057.0;0.0
sideways_drift_s2;40900;INTARIAN_PEPPER_ROOT;12117;11;12115;18;;;12135;10;12137;8;;;12126.0;0.0
sideways_drift_s2;40900;ASH_COATED_OSMIUM;10057;11;10054;17;;;10061;13;10064;18;;;10059.0;0.0
sideways_drift_s2;41000;INTARIAN_PEPPER_ROOT;12125;12;12123;28;;;12127;17;12130;17;;;12126.0;0.0
sideways_drift_s2;41000;ASH_COATED_OSMIUM;10060;6;10058;28;;;10062;12;10064;16;;;10061.0;0.0
sideways_drift_s2;41100;INTARIAN_PEPPER_ROOT;12120;14;12117;22;;;12130;14;12134;29;;;12125.0;0.0
sideways_drift_s2;41100;ASH_COATED_OSMIUM;10047;20;10045;18;;;10071;18;10073;22;;;10059.0;0.0
sideways_drift_s2;41200;INTARIAN_PEPPER_ROOT;12120;11;12117;21;;;12130;19;12134;20;;;12125.0;0.0
sideways_drift_s2;41200;ASH_COATED_OSMIUM;10046;17;10042;18;;;10070;12;10073;17;;;10058.0;0.0
sideways_drift_s2;41300;INTARIAN_PEPPER_ROOT;12117;10;12113;13;;;12127;13;12131;19;;;12122.0;0.0
sideways_drift_s2;41300;ASH_COATED_OSMIUM;10058;11;10056;26;;;10060;12;10062;23;;;10059.0;0.0
sideways_drift_s2;41400;INTARIAN_PEPPER_ROOT;12118;20;12116;20;;;12128;11;12132;22;;;12123.0;0.0
sideways_drift_s2;41400;ASH_COATED_OSMIUM;10056;11;10052;19;;;10058;15;10060;18;;;10057.0;0.0
sideways_drift_s2;41500;INTARIAN_PEPPER_ROOT;12116;19;12114;25;;;12126;15;12129;17;;;12121.0;0.0
sideways_drift_s2;41500;ASH_COATED_OSMIUM;10053;7;10051;26;;;10061;10;10065;19;;;10057.0;0.0
sideways_drift_s2;41600;INTARIAN_PEPPER_ROOT;12113;13;12110;19;;;12129;17;12131;24;;;12121.0;0.0
sideways_drift_s2;41600;ASH_COATED_OSMIUM;10045;5;10043;24;;;10067;8;10070;18;;;10056.0;0.0
sideways_drift_s2;41700;INTARIAN_PEPPER_ROOT;12115;9;12113;17;;;12121;22;12124;21;;;12118.0;0.0
sideways_drift_s2;41700;ASH_COATED_OSMIUM;10042;14;10038;10;;;10068;12;10072;28;;;10055.0;0.0
sideways_drift_s2;41800;INTARIAN_PEPPER_ROOT;12109;8;12106;20;;;12123;15;12127;23;;;12116.0;0.0
sideways_drift_s2;41800;ASH_COATED_OSMIUM;10047;8;10045;24;;;10065;9;10068;26;;;10056.0;0.0
sideways_drift_s2;41900;INTARIAN_PEPPER_ROOT;12114;18;12111;18;;;12116;25;12120;30;;;12115.0;0.0
sideways_drift_s2;41900;ASH_COATED_OSMIUM;10046;7;10042;14;;;10072;9;10075;17;;;10059.0;0.0
sideways_drift_s2;42000;INTARIAN_PEPPER_ROOT;12110;6;12108;25;;;12118;11;12121;22;;;12114.0;0.0
sideways_drift_s2;42000;ASH_COATED_OSMIUM;10056;15;10052;13;;;10062;17;10066;20;;;10059.0;0.0
sideways_drift_s2;42100;INTARIAN_PEPPER_ROOT;12095;20;12092;22;;;12129;13;12131;17;;;12112.0;0.0
sideways_drift_s2;42100;ASH_COATED_OSMIUM;10009;12;10005;10;;;10107;8;10111;15;;;10058.0;0.0
sideways_drift_s2;42200;INTARIAN_PEPPER_ROOT;12097;17;12095;11;;;12123;15;12125;21;;;12110.0;0.0
sideways_drift_s2;42200;ASH_COATED_OSMIUM;10055;15;10053;22;;;10063;10;10067;16;;;10059.0;0.0
sideways_drift_s2;42300;INTARIAN_PEPPER_ROOT;12107;7;12105;27;;;12111;8;12113;23;;;12109.0;0.0
sideways_drift_s2;42300;ASH_COATED_OSMIUM;10054;14;10051;18;;;10064;7;10068;13;;;10059.0;0.0
sideways_drift_s2;42400;INTARIAN_PEPPER_ROOT;12089;21;12087;17;;;12127;7;12130;16;;;12108.0;0.0
sideways_drift_s2;42400;ASH_COATED_OSMIUM;10057;9;10055;15;;;10061;6;10064;23;;;10059.0;0.0
sideways_drift_s2;42500;INTARIAN_PEPPER_ROOT;12104;13;12102;10;;;12106;14;12110;25;;;12105.0;0.0
sideways_drift_s2;42500;ASH_COATED_OSMIUM;10040;19;10036;18;;;10076;9;10080;17;;;10058.0;0.0
sideways_drift_s2;42600;INTARIAN_PEPPER_ROOT;12085;16;12082;17;;;12121;19;12123;17;;;12103.0;0.0
sideways_drift_s2;42600;ASH_COATED_OSMIUM;10054;20;10052;19;;;10056;13;10060;31;;;10055.0;0.0
sideways_drift_s2;42700;INTARIAN_PEPPER_ROOT;12101;18;12099;22;;;12103;17;12107;24;;;12102.0;0.0
sideways_drift_s2;42700;ASH_COATED_OSMIUM;10054;14;10050;15;;;10060;18;10063;19;;;10057.0;0.0
sideways_drift_s2;42800;INTARIAN_PEPPER_ROOT;12099;18;12096;27;;;12101;10;12103;13;;;12100.0;0.0
sideways_drift_s2;42800;ASH_COATED_OSMIUM;10047;19;10045;14;;;10067;18;10070;13;;;10057.0;0.0
sideways_drift_s2;42900;INTARIAN_PEPPER_ROOT;12094;8;12092;25;;;12106;12;12109;19;;;12100.0;0.0
sideways_drift_s2;42900;ASH_COATED_OSMIUM;10056;10;10052;8;;;10062;15;10066;14;;;10059.0;0.0
sideways_drift_s2;43000;INTARIAN_PEPPER_ROOT;12089;11;12085;24;;;12111;10;12114;16;;;12100.0;0.0
sideways_drift_s2;43000;ASH_COATED_OSMIUM;10054;11;10052;15;;;10060;14;10063;21;;;10057.0;0.0
sideways_drift_s2;43100;INTARIAN_PEPPER_ROOT;12077;18;12075;18;;;12121;14;12123;24;;;12099.0;0.0
sideways_drift_s2;43100;ASH_COATED_OSMIUM;10050;15;10048;24;;;10054;11;10057;13;;;10052.0;0.0
sideways_drift_s2;43200;INTARIAN_PEPPER_ROOT;12095;11;12092;21;;;12101;17;12104;13;;;12098.0;0.0
sideways_drift_s2;43200;ASH_COATED_OSMIUM;10045;22;10041;21;;;10053;6;10056;18;;;10049.0;0.0
sideways_drift_s2;43300;INTARIAN_PEPPER_ROOT;12089;23;12086;23;;;12105;12;12109;12;;;12097.0;0.0
sideways_drift_s2;43300;ASH_COATED_OSMIUM;10046;23;10042;21;;;10056;20;10059;13;;;10051.0;0.0
sideways_drift_s2;43400;INTARIAN_PEPPER_ROOT;12095;20;12093;23;;;12097;8;12100;14;;;12096.0;0.0
sideways_drift_s2;43400;ASH_COATED_OSMIUM;10039;9;10037;21;;;10071;6;10073;23;;;10055.0;0.0
sideways_drift_s2;43500;INTARIAN_PEPPER_ROOT;12086;10;12082;17;;;12100;9;12102;15;;;12093.0;0.0
sideways_drift_s2;43500;ASH_COATED_OSMIUM;10052;11;10049;17;;;10054;6;10056;18;;;10053.0;0.0
sideways_drift_s2;43600;INTARIAN_PEPPER_ROOT;12088;15;12086;22;;;12094;6;12098;21;;;12091.0;0.0
sideways_drift_s2;43600;ASH_COATED_OSMIUM;10052;20;10048;15;;;10058;9;10062;15;;;10055.0;0.0
sideways_drift_s2;43700;INTARIAN_PEPPER_ROOT;12069;13;12067;23;;;12109;17;12111;19;;;12089.0;0.0
sideways_drift_s2;43700;ASH_COATED_OSMIUM;10045;9;10043;20;;;10069;10;10071;12;;;10057.0;0.0
sideways_drift_s2;43800;INTARIAN_PEPPER_ROOT;12082;17;12079;24;;;12096;10;12100;24;;;12089.0;0.0
sideways_drift_s2;43800;ASH_COATED_OSMIUM;10054;19;10050;16;;;10056;12;10060;21;;;10055.0;0.0
sideways_drift_s2;43900;INTARIAN_PEPPER_ROOT;12086;9;12084;14;;;12088;13;12090;18;;;12087.0;0.0
sideways_drift_s2;43900;ASH_COATED_OSMIUM;10046;23;10042;23;;;10064;16;10066;17;;;10055.0;0.0
sideways_drift_s2;44000;INTARIAN_PEPPER_ROOT;12082;8;12079;28;;;12092;5;12095;14;;;12087.0;0.0
sideways_drift_s2;44000;ASH_COATED_OSMIUM;10042;5;10040;17;;;10070;20;10073;20;;;10056.0;0.0
sideways_drift_s2;44100;INTARIAN_PEPPER_ROOT;12072;22;12068;18;;;12100;18;12102;27;;;12086.0;0.0
sideways_drift_s2;44100;ASH_COATED_OSMIUM;10055;9;10051;12;;;10057;10;10059;31;;;10056.0;0.0
sideways_drift_s2;44200;INTARIAN_PEPPER_ROOT;12080;22;12076;25;;;12088;12;12092;25;;;12084.0;0.0
sideways_drift_s2;44200;ASH_COATED_OSMIUM;10056;13;10054;17;;;10060;14;10063;12;;;10058.0;0.0
sideways_drift_s2;44300;INTARIAN_PEPPER_ROOT;12077;19;12074;26;;;12089;10;12093;21;;;12083.0;0.0
sideways_drift_s2;44300;ASH_COATED_OSMIUM;10057;5;10055;8;;;10059;12;10063;27;;;10058.0;0.0
sideways_drift_s2;44400;INTARIAN_PEPPER_ROOT;12080;19;12078;25;;;12082;16;12084;14;;;12081.0;0.0
sideways_drift_s2;44400;ASH_COATED_OSMIUM;10055;17;10053;15;;;10057;9;10059;16;;;10056.0;0.0
sideways_drift_s2;44500;INTARIAN_PEPPER_ROOT;12068;20;12065;15;;;12090;14;12092;28;;;12079.0;0.0
sideways_drift_s2;44500;ASH_COATED_OSMIUM;10055;16;10053;26;;;10057;17;10061;20;;;10056.0;0.0
sideways_drift_s2;44600;INTARIAN_PEPPER_ROOT;12068;17;12065;20;;;12086;16;12088;14;;;12077.0;0.0
sideways_drift_s2;44600;ASH_COATED_OSMIUM;10050;14;10046;17;;;10070;7;10073;21;;;10060.0;0.0
sideways_drift_s2;44700;INTARIAN_PEPPER_ROOT;12073;27;12069;17;;;12075;9;12078;15;;;12074.0;0.0
sideways_drift_s2;44700;ASH_COATED_OSMIUM;10054;10;10050;25;;;10064;9;10068;13;;;10059.0;0.0
sideways_drift_s2;44800;INTARIAN_PEPPER_ROOT;12064;8;12062;19;;;12080;8;12084;14;;;12072.0;0.0
sideways_drift_s2;44800;ASH_COATED_OSMIUM;10055;8;10052;23;;;10061;19;10063;23;;;10058.0;0.0
sideways_drift_s2;44900;INTARIAN_PEPPER_ROOT;12071;17;12068;23;;;12073;15;12077;9;;;12072.0;0.0
sideways_drift_s2;44900;ASH_COATED_OSMIUM;10055;9;10052;22;;;10057;13;10059;27;;;10056.0;0.0
sideways_drift_s2;45000;INTARIAN_PEPPER_ROOT;12071;18;12068;16;;;12075;5;12077;24;;;12073.0;0.0
sideways_drift_s2;45000;ASH_COATED_OSMIUM;10049;22;10047;12;;;10067;14;10071;11;;;10058.0;0.0
sideways_drift_s2;45100;INTARIAN_PEPPER_ROOT;12067;17;12064;17;;;12073;22;12076;10;;;12070.0;0.0
sideways_drift_s2;45100;ASH_COATED_OSMIUM;10047;20;10045;23;;;10065;8;10069;9;;;10056.0;0.0
sideways_drift_s2;45200;INTARIAN_PEPPER_ROOT;12067;21;12063;13;;;12071;18;12074;24;;;12069.0;0.0
sideways_drift_s2;45200;ASH_COATED_OSMIUM;9991;18;9988;13;;;10119;11;10123;18;;;10055.0;0.0
sideways_drift_s2;45300;INTARIAN_PEPPER_ROOT;12060;23;12058;23;;;12074;22;12078;28;;;12067.0;0.0
sideways_drift_s2;45300;ASH_COATED_OSMIUM;10041;17;10039;15;;;10069;20;10073;10;;;10055.0;0.0
sideways_drift_s2;45400;INTARIAN_PEPPER_ROOT;12056;10;12054;18;;;12076;12;12079;18;;;12066.0;0.0
sideways_drift_s2;45400;ASH_COATED_OSMIUM;10048;9;10046;9;;;10060;12;10064;25;;;10054.0;0.0
sideways_drift_s2;45500;INTARIAN_PEPPER_ROOT;12041;12;12038;20;;;12087;17;12090;10;;;12064.0;0.0
sideways_drift_s2;45500;ASH_COATED_OSMIUM;10044;8;10040;14;;;10070;5;10073;17;;;10057.0;0.0
sideways_drift_s2;45600;INTARIAN_PEPPER_ROOT;12058;23;12056;23;;;12066;8;12070;17;;;12062.0;0.0
sideways_drift_s2;45600;ASH_COATED_OSMIUM;10057;17;10055;20;;;10061;26;10064;26;;;10059.0;0.0
sideways_drift_s2;45700;INTARIAN_PEPPER_ROOT;12055;10;12053;20;;;12065;11;12068;17;;;12060.0;0.0
sideways_drift_s2;45700;ASH_COATED_OSMIUM;10057;22;10054;21;;;10063;13;10066;12;;;10060.0;0.0
sideways_drift_s2;45800;INTARIAN_PEPPER_ROOT;12056;5;12052;13;;;12062;14;12064;17;;;12059.0;0.0
sideways_drift_s2;45800;ASH_COATED_OSMIUM;10055;8;10053;23;;;10067;13;10070;18;;;10061.0;0.0
sideways_drift_s2;45900;INTARIAN_PEPPER_ROOT;12048;24;12046;10;;;12064;12;12066;34;;;12056.0;0.0
sideways_drift_s2;45900;ASH_COATED_OSMIUM;10055;14;10053;35;;;10067;12;10071;9;;;10061.0;0.0
sideways_drift_s2;46000;INTARIAN_PEPPER_ROOT;12043;19;12040;12;;;12063;20;12065;16;;;12053.0;0.0
sideways_drift_s2;46000;ASH_COATED_OSMIUM;10052;14;10049;18;;;10072;6;10076;11;;;10062.0;0.0
sideways_drift_s2;46100;INTARIAN_PEPPER_ROOT;12050;6;12048;24;;;12052;21;12055;23;;;12051.0;0.0
sideways_drift_s2;46100;ASH_COATED_OSMIUM;10056;16;10052;29;;;10072;11;10076;27;;;10064.0;0.0
sideways_drift_s2;46200;INTARIAN_PEPPER_ROOT;12050;16;12047;23;;;12052;7;12055;8;;;12051.0;0.0
sideways_drift_s2;46200;ASH_COATED_OSMIUM;10057;17;10054;17;;;10073;10;10075;10;;;10065.0;0.0
sideways_drift_s2;46300;INTARIAN_PEPPER_ROOT;12036;15;12034;17;;;12060;20;12064;24;;;12048.0;0.0
sideways_drift_s2;46300;ASH_COATED_OSMIUM;10064;18;10060;20;;;10066;18;10070;20;;;10065.0;0.0
sideways_drift_s2;46400;INTARIAN_PEPPER_ROOT;12034;11;12031;22;;;12064;8;12068;24;;;12049.0;0.0
sideways_drift_s2;46400;ASH_COATED_OSMIUM;10034;14;10032;23;;;10090;19;10093;19;;;10062.0;0.0
sideways_drift_s2;46500;INTARIAN_PEPPER_ROOT;12031;16;12027;17;;;12063;13;12067;10;;;12047.0;0.0
sideways_drift_s2;46500;ASH_COATED_OSMIUM;10063;17;10059;19;;;10065;5;10067;16;;;10064.0;0.0
sideways_drift_s2;46600;INTARIAN_PEPPER_ROOT;12043;22;12041;20;;;12045;21;12047;21;;;12044.0;0.0
sideways_drift_s2;46600;ASH_COATED_OSMIUM;10049;13;10047;19;;;10077;19;10080;20;;;10063.0;0.0
sideways_drift_s2;46700;INTARIAN_PEPPER_ROOT;12041;24;12039;12;;;12043;12;12047;23;;;12042.0;0.0
sideways_drift_s2;46700;ASH_COATED_OSMIUM;10051;5;10049;21;;;10075;7;10078;17;;;10063.0;0.0
sideways_drift_s2;46800;INTARIAN_PEPPER_ROOT;12031;15;12027;20;;;12049;12;12051;22;;;12040.0;0.0
sideways_drift_s2;46800;ASH_COATED_OSMIUM;10065;12;10063;23;;;10069;9;10071;17;;;10067.0;0.0
sideways_drift_s2;46900;INTARIAN_PEPPER_ROOT;12035;18;12032;26;;;12045;17;12049;15;;;12040.0;0.0
sideways_drift_s2;46900;ASH_COATED_OSMIUM;10059;5;10055;16;;;10075;12;10077;22;;;10067.0;0.0
sideways_drift_s2;47000;INTARIAN_PEPPER_ROOT;12037;20;12035;25;;;12039;23;12043;17;;;12038.0;0.0
sideways_drift_s2;47000;ASH_COATED_OSMIUM;10045;15;10041;17;;;10091;8;10095;27;;;10068.0;0.0
sideways_drift_s2;47100;INTARIAN_PEPPER_ROOT;12034;13;12032;17;;;12038;11;12041;13;;;12036.0;0.0
sideways_drift_s2;47100;ASH_COATED_OSMIUM;10069;12;10065;21;;;10075;12;10077;13;;;10072.0;0.0
sideways_drift_s2;47200;INTARIAN_PEPPER_ROOT;12034;20;12030;11;;;12036;21;12040;15;;;12035.0;0.0
sideways_drift_s2;47200;ASH_COATED_OSMIUM;10070;12;10068;22;;;10076;12;10078;24;;;10073.0;0.0
sideways_drift_s2;47300;INTARIAN_PEPPER_ROOT;12032;14;12029;29;;;12034;7;12038;29;;;12033.0;0.0
sideways_drift_s2;47300;ASH_COATED_OSMIUM;10068;7;10066;21;;;10082;9;10084;29;;;10075.0;0.0
sideways_drift_s2;47400;INTARIAN_PEPPER_ROOT;12030;10;12026;24;;;12034;12;12036;27;;;12032.0;0.0
sideways_drift_s2;47400;ASH_COATED_OSMIUM;10061;18;10059;15;;;10087;15;10091;19;;;10074.0;0.0
sideways_drift_s2;47500;INTARIAN_PEPPER_ROOT;12006;9;12002;17;;;12056;8;12059;15;;;12031.0;0.0
sideways_drift_s2;47500;ASH_COATED_OSMIUM;10065;16;10061;11;;;10085;17;10089;20;;;10075.0;0.0
sideways_drift_s2;47600;INTARIAN_PEPPER_ROOT;12016;19;12012;18;;;12040;15;12042;20;;;12028.0;0.0
sideways_drift_s2;47600;ASH_COATED_OSMIUM;10074;20;10072;14;;;10076;5;10080;26;;;10075.0;0.0
sideways_drift_s2;47700;INTARIAN_PEPPER_ROOT;12023;20;12021;22;;;12025;11;12029;28;;;12024.0;0.0
sideways_drift_s2;47700;ASH_COATED_OSMIUM;10064;12;10062;24;;;10084;25;10087;26;;;10074.0;0.0
sideways_drift_s2;47800;INTARIAN_PEPPER_ROOT;12013;17;12009;22;;;12033;8;12036;17;;;12023.0;0.0
sideways_drift_s2;47800;ASH_COATED_OSMIUM;10071;12;10067;24;;;10075;15;10078;24;;;10073.0;0.0
sideways_drift_s2;47900;INTARIAN_PEPPER_ROOT;12012;11;12008;22;;;12030;20;12033;17;;;12021.0;0.0
sideways_drift_s2;47900;ASH_COATED_OSMIUM;10071;13;10069;17;;;10075;15;10077;29;;;10073.0;0.0
sideways_drift_s2;48000;INTARIAN_PEPPER_ROOT;12019;12;12015;20;;;12021;13;12024;21;;;12020.0;0.0
sideways_drift_s2;48000;ASH_COATED_OSMIUM;10069;22;10066;30;;;10071;5;10074;23;;;10070.0;0.0
sideways_drift_s2;48100;INTARIAN_PEPPER_ROOT;12010;16;12007;20;;;12024;9;12026;35;;;12017.0;0.0
sideways_drift_s2;48100;ASH_COATED_OSMIUM;10067;11;10065;17;;;10073;12;10075;23;;;10070.0;0.0
sideways_drift_s2;48200;INTARIAN_PEPPER_ROOT;12002;17;11998;19;;;12026;10;12030;24;;;12014.0;0.0
sideways_drift_s2;48200;ASH_COATED_OSMIUM;10068;11;10066;22;;;10070;13;10072;17;;;10069.0;0.0
sideways_drift_s2;48300;INTARIAN_PEPPER_ROOT;12014;17;12011;17;;;12016;18;12018;19;;;12015.0;0.0
sideways_drift_s2;48300;ASH_COATED_OSMIUM;10067;18;10064;21;;;10069;17;10072;24;;;10068.0;0.0
sideways_drift_s2;48400;INTARIAN_PEPPER_ROOT;12010;17;12008;17;;;12012;16;12014;20;;;12011.0;0.0
sideways_drift_s2;48400;ASH_COATED_OSMIUM;10065;11;10061;24;;;10067;10;10071;22;;;10066.0;0.0
sideways_drift_s2;48500;INTARIAN_PEPPER_ROOT;11999;9;11997;21;;;12023;12;12027;12;;;12011.0;0.0
sideways_drift_s2;48500;ASH_COATED_OSMIUM;10062;12;10060;30;;;10066;5;10069;22;;;10064.0;0.0
sideways_drift_s2;48600;INTARIAN_PEPPER_ROOT;12008;7;12004;14;;;12010;20;12013;27;;;12009.0;0.0
sideways_drift_s2;48600;ASH_COATED_OSMIUM;10050;7;10047;17;;;10080;9;10083;24;;;10065.0;0.0
sideways_drift_s2;48700;INTARIAN_PEPPER_ROOT;12001;14;11999;18;;;12013;14;12016;26;;;12007.0;0.0
sideways_drift_s2;48700;ASH_COATED_OSMIUM;10065;16;10061;12;;;10073;15;10077;30;;;10069.0;0.0
sideways_drift_s2;48800;INTARIAN_PEPPER_ROOT;11982;7;11978;29;;;12026;9;12029;8;;;12004.0;0.0
sideways_drift_s2;48800;ASH_COATED_OSMIUM;10070;20;10066;17;;;10072;7;10075;31;;;10071.0;0.0
sideways_drift_s2;48900;INTARIAN_PEPPER_ROOT;11997;11;11995;18;;;12011;17;12015;22;;;12004.0;0.0
sideways_drift_s2;48900;ASH_COATED_OSMIUM;10069;5;10065;19;;;10071;15;10074;17;;;10070.0;0.0
sideways_drift_s2;49000;INTARIAN_PEPPER_ROOT;11994;18;11990;14;;;12006;11;12009;18;;;12000.0;0.0
sideways_drift_s2;49000;ASH_COATED_OSMIUM;10067;23;10063;23;;;10071;23;10075;21;;;10069.0;0.0
sideways_drift_s2;49100;INTARIAN_PEPPER_ROOT;11996;19;11992;30;;;12000;14;12002;21;;;11998.0;0.0
sideways_drift_s2;49100;ASH_COATED_OSMIUM;10064;9;10061;10;;;10066;9;10070;16;;;10065.0;0.0
sideways_drift_s2;49200;INTARIAN_PEPPER_ROOT;11980;22;11978;16;;;12010;9;12014;27;;;11995.0;0.0
sideways_drift_s2;49200;ASH_COATED_OSMIUM;10061;5;10057;18;;;10063;8;10066;22;;;10062.0;0.0
sideways_drift_s2;49300;INTARIAN_PEPPER_ROOT;11989;22;11987;20;;;12001;13;12004;23;;;11995.0;0.0
sideways_drift_s2;49300;ASH_COATED_OSMIUM;10062;16;10059;16;;;10064;11;10068;16;;;10063.0;0.0
sideways_drift_s2;49400;INTARIAN_PEPPER_ROOT;11987;18;11983;18;;;12001;5;12003;16;;;11994.0;0.0
sideways_drift_s2;49400;ASH_COATED_OSMIUM;10055;19;10052;12;;;10075;10;10078;24;;;10065.0;0.0
sideways_drift_s2;49500;INTARIAN_PEPPER_ROOT;11982;13;11980;21;;;12002;15;12006;20;;;11992.0;0.0
sideways_drift_s2;49500;ASH_COATED_OSMIUM;10063;11;10059;17;;;10067;14;10071;16;;;10065.0;0.0
sideways_drift_s2;49600;INTARIAN_PEPPER_ROOT;11990;18;11988;25;;;11992;9;11995;8;;;11991.0;0.0
sideways_drift_s2;49600;ASH_COATED_OSMIUM;10059;10;10057;15;;;10069;18;10071;16;;;10064.0;0.0
sideways_drift_s2;49700;INTARIAN_PEPPER_ROOT;11988;10;11985;15;;;11990;14;11993;16;;;11989.0;0.0
sideways_drift_s2;49700;ASH_COATED_OSMIUM;10055;24;10052;29;;;10073;23;10076;29;;;10064.0;0.0
sideways_drift_s2;49800;INTARIAN_PEPPER_ROOT;11975;12;11973;11;;;12003;19;12007;20;;;11989.0;0.0
sideways_drift_s2;49800;ASH_COATED_OSMIUM;10062;23;10058;23;;;10068;13;10072;13;;;10065.0;0.0
sideways_drift_s2;49900;INTARIAN_PEPPER_ROOT;11983;9;11979;21;;;11993;14;11995;23;;;11988.0;0.0
sideways_drift_s2;49900;ASH_COATED_OSMIUM;10053;22;10050;25;;;10077;11;10081;21;;;10065.0;0.0
sideways_drift_s2;50000;INTARIAN_PEPPER_ROOT;11986;7;11984;22;;;11990;16;11992;17;;;11988.0;0.0
sideways_drift_s2;50000;ASH_COATED_OSMIUM;10060;16;10058;27;;;10066;13;10068;10;;;10063.0;0.0
sideways_drift_s2;50100;INTARIAN_PEPPER_ROOT;11980;27;11978;11;;;11990;12;11993;18;;;11985.0;0.0
sideways_drift_s2;50100;ASH_COATED_OSMIUM;10055;12;10051;27;;;10073;16;10077;21;;;10064.0;0.0
sideways_drift_s2;50200;INTARIAN_PEPPER_ROOT;11984;7;11981;16;;;11986;10;11988;22;;;11985.0;0.0
sideways_drift_s2;50200;ASH_COATED_OSMIUM;10060;12;10057;11;;;10066;15;10069;21;;;10063.0;0.0
sideways_drift_s2;50300;INTARIAN_PEPPER_ROOT;11981;17;11978;23;;;11983;13;11987;9;;;11982.0;0.0
sideways_drift_s2;50300;ASH_COATED_OSMIUM;10062;14;10058;17;;;10064;15;10066;18;;;10063.0;0.0
sideways_drift_s2;50400;INTARIAN_PEPPER_ROOT;11956;17;11952;19;;;12004;13;12007;29;;;11980.0;0.0
sideways_drift_s2;50400;ASH_COATED_OSMIUM;10057;5;10055;25;;;10073;18;10076;18;;;10065.0;0.0
sideways_drift_s2;50500;INTARIAN_PEPPER_ROOT;11971;17;11967;25;;;11987;14;11990;20;;;11979.0;0.0
sideways_drift_s2;50500;ASH_COATED_OSMIUM;10018;18;10014;18;;;10118;9;10120;19;;;10068.0;0.0
sideways_drift_s2;50600;INTARIAN_PEPPER_ROOT;11971;15;11967;23;;;11981;17;11984;22;;;11976.0;0.0
sideways_drift_s2;50600;ASH_COATED_OSMIUM;10054;11;10051;20;;;10080;11;10083;17;;;10067.0;0.0
sideways_drift_s2;50700;INTARIAN_PEPPER_ROOT;11971;16;11967;17;;;11983;11;11986;26;;;11977.0;0.0
sideways_drift_s2;50700;ASH_COATED_OSMIUM;10060;5;10058;23;;;10076;13;10080;15;;;10068.0;0.0
sideways_drift_s2;50800;INTARIAN_PEPPER_ROOT;11974;12;11971;19;;;11976;16;11980;16;;;11975.0;0.0
sideways_drift_s2;50800;ASH_COATED_OSMIUM;10062;16;10060;17;;;10070;11;10074;18;;;10066.0;0.0
sideways_drift_s2;50900;INTARIAN_PEPPER_ROOT;11970;11;11967;18;;;11972;26;11974;30;;;11971.0;0.0
sideways_drift_s2;50900;ASH_COATED_OSMIUM;10064;18;10061;16;;;10066;14;10070;9;;;10065.0;0.0
sideways_drift_s2;51000;INTARIAN_PEPPER_ROOT;11966;12;11962;17;;;11974;17;11976;24;;;11970.0;0.0
sideways_drift_s2;51000;ASH_COATED_OSMIUM;10064;18;10060;11;;;10066;14;10069;22;;;10065.0;0.0
sideways_drift_s2;51100;INTARIAN_PEPPER_ROOT;11953;20;11951;27;;;11983;25;11985;21;;;11968.0;0.0
sideways_drift_s2;51100;ASH_COATED_OSMIUM;10064;13;10062;10;;;10068;17;10070;15;;;10066.0;0.0
sideways_drift_s2;51200;INTARIAN_PEPPER_ROOT;11966;12;11962;20;;;11970;14;11974;18;;;11968.0;0.0
sideways_drift_s2;51200;ASH_COATED_OSMIUM;10061;20;10057;12;;;10063;19;10065;15;;;10062.0;0.0
sideways_drift_s2;51300;INTARIAN_PEPPER_ROOT;11965;18;11961;22;;;11967;17;11969;21;;;11966.0;0.0
sideways_drift_s2;51300;ASH_COATED_OSMIUM;10063;9;10059;15;;;10065;5;10069;21;;;10064.0;0.0
sideways_drift_s2;51400;INTARIAN_PEPPER_ROOT;11961;15;11959;17;;;11963;18;11967;19;;;11962.0;0.0
sideways_drift_s2;51400;ASH_COATED_OSMIUM;10067;14;10064;16;;;10069;22;10073;12;;;10068.0;0.0
sideways_drift_s2;51500;INTARIAN_PEPPER_ROOT;11960;10;11956;15;;;11962;18;11965;19;;;11961.0;0.0
sideways_drift_s2;51500;ASH_COATED_OSMIUM;10067;10;10065;18;;;10071;12;10075;9;;;10069.0;0.0
sideways_drift_s2;51600;INTARIAN_PEPPER_ROOT;11956;18;11952;23;;;11960;12;11962;14;;;11958.0;0.0
sideways_drift_s2;51600;ASH_COATED_OSMIUM;10064;18;10062;24;;;10078;9;10080;15;;;10071.0;0.0
sideways_drift_s2;51700;INTARIAN_PEPPER_ROOT;11955;13;11951;15;;;11957;12;11959;18;;;11956.0;0.0
sideways_drift_s2;51700;ASH_COATED_OSMIUM;10056;5;10054;19;;;10088;13;10090;14;;;10072.0;0.0
sideways_drift_s2;51800;INTARIAN_PEPPER_ROOT;11939;18;11936;12;;;11969;15;11971;11;;;11954.0;0.0
sideways_drift_s2;51800;ASH_COATED_OSMIUM;10068;10;10066;19;;;10076;8;10079;22;;;10072.0;0.0
sideways_drift_s2;51900;INTARIAN_PEPPER_ROOT;11944;10;11942;20;;;11956;12;11960;17;;;11950.0;0.0
sideways_drift_s2;51900;ASH_COATED_OSMIUM;10062;14;10060;19;;;10080;8;10083;11;;;10071.0;0.0
sideways_drift_s2;52000;INTARIAN_PEPPER_ROOT;11948;15;11945;22;;;11950;8;11954;20;;;11949.0;0.0
sideways_drift_s2;52000;ASH_COATED_OSMIUM;10039;9;10035;28;;;10103;13;10105;19;;;10071.0;0.0
sideways_drift_s2;52100;INTARIAN_PEPPER_ROOT;11946;18;11943;24;;;11948;22;11952;22;;;11947.0;0.0
sideways_drift_s2;52100;ASH_COATED_OSMIUM;10070;15;10068;24;;;10072;19;10074;22;;;10071.0;0.0
sideways_drift_s2;52200;INTARIAN_PEPPER_ROOT;11938;13;11934;20;;;11952;24;11956;15;;;11945.0;0.0
sideways_drift_s2;52200;ASH_COATED_OSMIUM;10066;23;10064;17;;;10074;15;10077;19;;;10070.0;0.0
sideways_drift_s2;52300;INTARIAN_PEPPER_ROOT;11942;10;11939;26;;;11946;19;11948;28;;;11944.0;0.0
sideways_drift_s2;52300;ASH_COATED_OSMIUM;10067;10;10064;22;;;10069;14;10071;15;;;10068.0;0.0
sideways_drift_s2;52400;INTARIAN_PEPPER_ROOT;11940;14;11937;10;;;11948;19;11951;12;;;11944.0;0.0
sideways_drift_s2;52400;ASH_COATED_OSMIUM;10049;13;10045;15;;;10089;5;10091;11;;;10069.0;0.0
sideways_drift_s2;52500;INTARIAN_PEPPER_ROOT;11924;11;11920;22;;;11960;17;11962;15;;;11942.0;0.0
sideways_drift_s2;52500;ASH_COATED_OSMIUM;10060;8;10058;17;;;10076;18;10080;16;;;10068.0;0.0
sideways_drift_s2;52600;INTARIAN_PEPPER_ROOT;11941;5;11937;19;;;11943;23;11945;25;;;11942.0;0.0
sideways_drift_s2;52600;ASH_COATED_OSMIUM;10056;11;10054;18;;;10082;21;10084;26;;;10069.0;0.0
sideways_drift_s2;52700;INTARIAN_PEPPER_ROOT;11936;15;11932;24;;;11940;18;11944;12;;;11938.0;0.0
sideways_drift_s2;52700;ASH_COATED_OSMIUM;10061;9;10057;11;;;10079;12;10081;20;;;10070.0;0.0
