day;timestamp;product;bid_price_1;bid_volume_1;bid_price_2;bid_volume_2;bid_price_3;bid_volume_3;ask_price_1;ask_volume_1;ask_price_2;ask_volume_2;ask_price_3;ask_volume_3;mid_price;profit_and_loss
crash_normal_s0;0;INTARIAN_PEPPER_ROOT;10999;15;10996;17;;;11007;20;11011;22;;;11003.0;0.0
crash_normal_s0;0;ASH_COATED_OSMIUM;9998;17;9994;19;;;10000;11;10004;15;;;9999.0;0.0
crash_normal_s0;100;INTARIAN_PEPPER_ROOT;10993;20;10989;15;;;11015;20;11017;18;;;11004.0;0.0
crash_normal_s0;100;ASH_COATED_OSMIUM;9998;8;9996;23;;;10000;16;10003;17;;;9999.0;0.0
crash_normal_s0;200;INTARIAN_PEPPER_ROOT;11000;8;10997;13;;;11014;23;11018;31;;;11007.0;0.0
crash_normal_s0;200;ASH_COATED_OSMIUM;9993;15;9989;23;;;10001;5;10005;17;;;9997.0;0.0
crash_normal_s0;300;INTARIAN_PEPPER_ROOT;11010;17;11008;27;;;11012;14;11015;19;;;11011.0;0.0
crash_normal_s0;300;ASH_COATED_OSMIUM;9984;16;9982;22;;;10020;11;10024;28;;;10002.0;0.0
crash_normal_s0;400;INTARIAN_PEPPER_ROOT;11014;22;11010;25;;;11018;14;11021;22;;;11016.0;0.0
crash_normal_s0;400;ASH_COATED_OSMIUM;9988;19;9984;27;;;10016;7;10019;26;;;10002.0;0.0
crash_normal_s0;500;INTARIAN_PEPPER_ROOT;11014;18;11010;22;;;11016;21;11018;18;;;11015.0;0.0
crash_normal_s0;500;ASH_COATED_OSMIUM;9995;18;9992;20;;;10009;18;10011;24;;;10002.0;0.0
crash_normal_s0;600;INTARIAN_PEPPER_ROOT;11002;21;10998;21;;;11032;27;11035;13;;;11017.0;0.0
crash_normal_s0;600;ASH_COATED_OSMIUM;9989;9;9985;14;;;10007;8;10009;20;;;9998.0;0.0
crash_normal_s0;700;INTARIAN_PEPPER_ROOT;11014;8;11012;13;;;11020;22;11024;19;;;11017.0;0.0
crash_normal_s0;700;ASH_COATED_OSMIUM;9998;19;9994;23;;;10006;13;10009;18;;;10002.0;0.0
crash_normal_s0;800;INTARIAN_PEPPER_ROOT;11012;21;11009;26;;;11024;14;11027;12;;;11018.0;0.0
crash_normal_s0;800;ASH_COATED_OSMIUM;10001;9;9997;28;;;10009;11;10011;16;;;10005.0;0.0
crash_normal_s0;900;INTARIAN_PEPPER_ROOT;11018;17;11014;19;;;11020;5;11023;14;;;11019.0;0.0
crash_normal_s0;900;ASH_COATED_OSMIUM;10003;12;9999;16;;;10005;14;10009;20;;;10004.0;0.0
crash_normal_s0;1000;INTARIAN_PEPPER_ROOT;11016;17;11014;21;;;11024;19;11027;23;;;11020.0;0.0
crash_normal_s0;1000;ASH_COATED_OSMIUM;9995;11;9993;23;;;10009;5;10011;12;;;10002.0;0.0
crash_normal_s0;1100;INTARIAN_PEPPER_ROOT;11022;23;11018;18;;;11024;12;11027;15;;;11023.0;0.0
crash_normal_s0;1100;ASH_COATED_OSMIUM;9995;10;9991;19;;;10007;11;10010;20;;;10001.0;0.0
crash_normal_s0;1200;INTARIAN_PEPPER_ROOT;11024;11;11022;22;;;11026;9;11030;23;;;11025.0;0.0
crash_normal_s0;1200;ASH_COATED_OSMIUM;9987;17;9985;19;;;10005;18;10009;15;;;9996.0;0.0
crash_normal_s0;1300;INTARIAN_PEPPER_ROOT;11001;5;10998;18;;;11049;19;11053;15;;;11025.0;0.0
crash_normal_s0;1300;ASH_COATED_OSMIUM;9999;8;9995;16;;;10003;15;10005;25;;;10001.0;0.0
crash_normal_s0;1400;INTARIAN_PEPPER_ROOT;11018;12;11015;26;;;11036;6;11039;26;;;11027.0;0.0
crash_normal_s0;1400;ASH_COATED_OSMIUM;9998;11;9996;29;;;10004;10;10006;16;;;10001.0;0.0
crash_normal_s0;1500;INTARIAN_PEPPER_ROOT;11016;11;11012;25;;;11040;9;11042;25;;;11028.0;0.0
crash_normal_s0;1500;ASH_COATED_OSMIUM;9983;13;9980;28;;;10019;17;10022;28;;;10001.0;0.0
crash_normal_s0;1600;INTARIAN_PEPPER_ROOT;11027;15;11023;20;;;11037;8;11039;25;;;11032.0;0.0
crash_normal_s0;1600;ASH_COATED_OSMIUM;9993;11;9989;21;;;10017;10;10021;14;;;10005.0;0.0
crash_normal_s0;1700;INTARIAN_PEPPER_ROOT;11031;11;11029;20;;;11033;5;11036;26;;;11032.0;0.0
crash_normal_s0;1700;ASH_COATED_OSMIUM;10001;8;9998;21;;;10003;15;10006;19;;;10002.0;0.0
crash_normal_s0;1800;INTARIAN_PEPPER_ROOT;11033;17;11030;29;;;11035;23;11038;16;;;11034.0;0.0
crash_normal_s0;1800;ASH_COATED_OSMIUM;10000;16;9996;20;;;10002;13;10005;9;;;10001.0;0.0
crash_normal_s0;1900;INTARIAN_PEPPER_ROOT;11029;25;11027;18;;;11035;5;11038;14;;;11032.0;0.0
crash_normal_s0;1900;ASH_COATED_OSMIUM;9976;9;9974;23;;;10026;14;10029;25;;;10001.0;0.0
crash_normal_s0;2000;INTARIAN_PEPPER_ROOT;11012;11;11010;26;;;11042;17;11045;21;;;11027.0;0.0
crash_normal_s0;2000;ASH_COATED_OSMIUM;10001;13;9998;12;;;10007;12;10011;15;;;10004.0;0.0
crash_normal_s0;2100;INTARIAN_PEPPER_ROOT;11022;13;11019;20;;;11036;15;11039;16;;;11029.0;0.0
crash_normal_s0;2100;ASH_COATED_OSMIUM;9995;16;9991;19;;;10021;7;10023;16;;;10008.0;0.0
crash_normal_s0;2200;INTARIAN_PEPPER_ROOT;11030;17;11026;23;;;11032;11;11034;20;;;11031.0;0.0
crash_normal_s0;2200;ASH_COATED_OSMIUM;10006;11;10002;26;;;10016;7;10020;22;;;10011.0;0.0
crash_normal_s0;2300;INTARIAN_PEPPER_ROOT;11008;13;11004;18;;;11054;15;11058;19;;;11031.0;0.0
crash_normal_s0;2300;ASH_COATED_OSMIUM;10004;8;10001;20;;;10020;20;10024;14;;;10012.0;0.0
crash_normal_s0;2400;INTARIAN_PEPPER_ROOT;11020;18;11016;23;;;11052;15;11055;24;;;11036.0;0.0
crash_normal_s0;2400;ASH_COATED_OSMIUM;9998;11;9994;20;;;10030;14;10034;20;;;10014.0;0.0
crash_normal_s0;2500;INTARIAN_PEPPER_ROOT;11024;16;11022;17;;;11044;14;11048;21;;;11034.0;0.0
crash_normal_s0;2500;ASH_COATED_OSMIUM;9993;17;9990;13;;;10015;5;10018;19;;;10004.0;0.0
crash_normal_s0;2600;INTARIAN_PEPPER_ROOT;11033;15;11029;16;;;11035;17;11039;17;;;11034.0;0.0
crash_normal_s0;2600;ASH_COATED_OSMIUM;9993;17;9991;12;;;10013;16;10016;15;;;10003.0;0.0
crash_normal_s0;2700;INTARIAN_PEPPER_ROOT;11026;9;11023;22;;;11042;14;11044;17;;;11034.0;0.0
crash_normal_s0;2700;ASH_COATED_OSMIUM;10000;12;9998;19;;;10002;15;10004;17;;;10001.0;0.0
crash_normal_s0;2800;INTARIAN_PEPPER_ROOT;11032;13;11028;25;;;11044;18;11048;27;;;11038.0;0.0
crash_normal_s0;2800;ASH_COATED_OSMIUM;9999;6;9996;24;;;10009;13;10012;18;;;10004.0;0.0
crash_normal_s0;2900;INTARIAN_PEPPER_ROOT;11020;7;11016;22;;;11062;12;11065;27;;;11041.0;0.0
crash_normal_s0;2900;ASH_COATED_OSMIUM;10001;10;9999;15;;;10003;14;10007;24;;;10002.0;0.0
crash_normal_s0;3000;INTARIAN_PEPPER_ROOT;11037;12;11035;17;;;11047;13;11050;20;;;11042.0;0.0
crash_normal_s0;3000;ASH_COATED_OSMIUM;10007;13;10003;15;;;10009;20;10013;22;;;10008.0;0.0
crash_normal_s0;3100;INTARIAN_PEPPER_ROOT;11041;17;11039;17;;;11045;9;11047;22;;;11043.0;0.0
crash_normal_s0;3100;ASH_COATED_OSMIUM;9998;5;9995;21;;;10016;8;10019;20;;;10007.0;0.0
crash_normal_s0;3200;INTARIAN_PEPPER_ROOT;11024;15;11022;13;;;11060;11;11062;8;;;11042.0;0.0
crash_normal_s0;3200;ASH_COATED_OSMIUM;9999;8;9996;18;;;10009;13;10013;23;;;10004.0;0.0
crash_normal_s0;3300;INTARIAN_PEPPER_ROOT;11002;11;10999;22;;;11074;10;11076;24;;;11038.0;0.0
crash_normal_s0;3300;ASH_COATED_OSMIUM;10001;5;9997;21;;;10015;15;10019;18;;;10008.0;0.0
crash_normal_s0;3400;INTARIAN_PEPPER_ROOT;11030;6;11028;24;;;11046;18;11049;19;;;11038.0;0.0
crash_normal_s0;3400;ASH_COATED_OSMIUM;10001;15;9998;12;;;10017;5;10021;23;;;10009.0;0.0
crash_normal_s0;3500;INTARIAN_PEPPER_ROOT;11037;16;11034;8;;;11039;17;11042;14;;;11038.0;0.0
crash_normal_s0;3500;ASH_COATED_OSMIUM;10007;5;10004;24;;;10011;14;10015;21;;;10009.0;0.0
crash_normal_s0;3600;INTARIAN_PEPPER_ROOT;11035;24;11033;22;;;11049;13;11051;26;;;11042.0;0.0
crash_normal_s0;3600;ASH_COATED_OSMIUM;10005;16;10003;15;;;10019;13;10022;26;;;10012.0;0.0
crash_normal_s0;3700;INTARIAN_PEPPER_ROOT;11039;8;11037;23;;;11051;13;11053;20;;;11045.0;0.0
crash_normal_s0;3700;ASH_COATED_OSMIUM;10008;10;10006;22;;;10012;9;10014;16;;;10010.0;0.0
crash_normal_s0;3800;INTARIAN_PEPPER_ROOT;11042;17;11038;20;;;11048;12;11052;17;;;11045.0;0.0
crash_normal_s0;3800;ASH_COATED_OSMIUM;10002;10;9999;10;;;10012;19;10014;26;;;10007.0;0.0
crash_normal_s0;3900;INTARIAN_PEPPER_ROOT;11040;23;11037;16;;;11048;17;11050;26;;;11044.0;0.0
crash_normal_s0;3900;ASH_COATED_OSMIUM;10003;23;9999;11;;;10017;5;10019;26;;;10010.0;0.0
crash_normal_s0;4000;INTARIAN_PEPPER_ROOT;11031;8;11027;23;;;11055;20;11059;28;;;11043.0;0.0
crash_normal_s0;4000;ASH_COATED_OSMIUM;10003;12;10001;31;;;10013;7;10016;22;;;10008.0;0.0
crash_normal_s0;4100;INTARIAN_PEPPER_ROOT;11025;18;11023;17;;;11057;6;11061;35;;;11041.0;0.0
crash_normal_s0;4100;ASH_COATED_OSMIUM;9997;12;9993;20;;;10015;11;10017;22;;;10006.0;0.0
crash_normal_s0;4200;INTARIAN_PEPPER_ROOT;11037;14;11034;23;;;11039;12;11041;18;;;11038.0;0.0
crash_normal_s0;4200;ASH_COATED_OSMIUM;10003;19;9999;23;;;10005;5;10008;29;;;10004.0;0.0
crash_normal_s0;4300;INTARIAN_PEPPER_ROOT;11039;8;11037;19;;;11045;18;11047;26;;;11042.0;0.0
crash_normal_s0;4300;ASH_COATED_OSMIUM;9973;14;9970;19;;;10033;21;10037;20;;;10003.0;0.0
crash_normal_s0;4400;INTARIAN_PEPPER_ROOT;11039;9;11035;17;;;11045;5;11049;21;;;11042.0;0.0
crash_normal_s0;4400;ASH_COATED_OSMIUM;9997;26;9993;28;;;10005;5;10009;18;;;10001.0;0.0
crash_normal_s0;4500;INTARIAN_PEPPER_ROOT;11032;19;11029;28;;;11052;10;11056;15;;;11042.0;0.0
crash_normal_s0;4500;ASH_COATED_OSMIUM;9987;16;9983;19;;;10021;11;10023;18;;;10004.0;0.0
crash_normal_s0;4600;INTARIAN_PEPPER_ROOT;11032;26;11029;23;;;11046;18;11049;16;;;11039.0;0.0
crash_normal_s0;4600;ASH_COATED_OSMIUM;10001;7;9999;20;;;10005;20;10009;23;;;10003.0;0.0
crash_normal_s0;4700;INTARIAN_PEPPER_ROOT;11040;19;11036;15;;;11042;16;11044;29;;;11041.0;0.0
crash_normal_s0;4700;ASH_COATED_OSMIUM;9988;16;9986;23;;;10020;16;10024;11;;;10004.0;0.0
crash_normal_s0;4800;INTARIAN_PEPPER_ROOT;11030;13;11028;26;;;11046;13;11048;19;;;11038.0;0.0
crash_normal_s0;4800;ASH_COATED_OSMIUM;9995;9;9993;19;;;10003;18;10005;19;;;9999.0;0.0
crash_normal_s0;4900;INTARIAN_PEPPER_ROOT;11030;20;11027;25;;;11048;21;11052;13;;;11039.0;0.0
crash_normal_s0;4900;ASH_COATED_OSMIUM;9986;10;9984;11;;;10018;14;10022;13;;;10002.0;0.0
crash_normal_s0;5000;INTARIAN_PEPPER_ROOT;11028;14;11024;20;;;11046;8;11049;25;;;11037.0;0.0
crash_normal_s0;5000;ASH_COATED_OSMIUM;9996;7;9992;20;;;10012;18;10016;16;;;10004.0;0.0
crash_normal_s0;5100;INTARIAN_PEPPER_ROOT;11035;9;11032;18;;;11043;16;11046;16;;;11039.0;0.0
crash_normal_s0;5100;ASH_COATED_OSMIUM;10005;15;10003;27;;;10007;8;10011;15;;;10006.0;0.0
crash_normal_s0;5200;INTARIAN_PEPPER_ROOT;11031;5;11028;12;;;11045;8;11049;20;;;11038.0;0.0
crash_normal_s0;5200;ASH_COATED_OSMIUM;10008;11;10004;23;;;10012;20;10014;11;;;10010.0;0.0
crash_normal_s0;5300;INTARIAN_PEPPER_ROOT;11036;19;11033;16;;;11038;27;11040;17;;;11037.0;0.0
crash_normal_s0;5300;ASH_COATED_OSMIUM;10010;5;10008;25;;;10012;5;10015;21;;;10011.0;0.0
crash_normal_s0;5400;INTARIAN_PEPPER_ROOT;11033;7;11030;17;;;11041;13;11045;14;;;11037.0;0.0
crash_normal_s0;5400;ASH_COATED_OSMIUM;10012;6;10010;19;;;10014;22;10017;20;;;10013.0;0.0
crash_normal_s0;5500;INTARIAN_PEPPER_ROOT;11037;9;11035;17;;;11039;12;11042;20;;;11038.0;0.0
crash_normal_s0;5500;ASH_COATED_OSMIUM;9988;12;9986;27;;;10036;9;10040;21;;;10012.0;0.0
crash_normal_s0;5600;INTARIAN_PEPPER_ROOT;11031;14;11028;17;;;11047;24;11050;17;;;11039.0;0.0
crash_normal_s0;5600;ASH_COATED_OSMIUM;10010;15;10008;23;;;10012;19;10014;28;;;10011.0;0.0
crash_normal_s0;5700;INTARIAN_PEPPER_ROOT;11030;19;11028;28;;;11050;18;11053;24;;;11040.0;0.0
crash_normal_s0;5700;ASH_COATED_OSMIUM;10008;14;10006;13;;;10010;8;10013;19;;;10009.0;0.0
crash_normal_s0;5800;INTARIAN_PEPPER_ROOT;11019;16;11017;21;;;11059;5;11061;20;;;11039.0;0.0
crash_normal_s0;5800;ASH_COATED_OSMIUM;10002;12;9999;25;;;10016;10;10019;21;;;10009.0;0.0
crash_normal_s0;5900;INTARIAN_PEPPER_ROOT;11038;20;11034;23;;;11040;14;11044;22;;;11039.0;0.0
crash_normal_s0;5900;ASH_COATED_OSMIUM;10005;17;10002;19;;;10017;12;10019;16;;;10011.0;0.0
crash_normal_s0;6000;INTARIAN_PEPPER_ROOT;11037;14;11034;18;;;11039;15;11042;28;;;11038.0;0.0
crash_normal_s0;6000;ASH_COATED_OSMIUM;10007;8;10004;17;;;10009;12;10013;18;;;10008.0;0.0
crash_normal_s0;6100;INTARIAN_PEPPER_ROOT;11037;20;11034;14;;;11041;12;11045;15;;;11039.0;0.0
crash_normal_s0;6100;ASH_COATED_OSMIUM;9989;19;9987;16;;;10015;18;10017;15;;;10002.0;0.0
crash_normal_s0;6200;INTARIAN_PEPPER_ROOT;11033;11;11029;26;;;11041;15;11045;18;;;11037.0;0.0
crash_normal_s0;6200;ASH_COATED_OSMIUM;9996;14;9994;19;;;10014;9;10017;20;;;10005.0;0.0
crash_normal_s0;6300;INTARIAN_PEPPER_ROOT;11033;18;11031;17;;;11035;22;11037;17;;;11034.0;0.0
crash_normal_s0;6300;ASH_COATED_OSMIUM;9980;11;9976;22;;;10034;15;10037;18;;;10007.0;0.0
crash_normal_s0;6400;INTARIAN_PEPPER_ROOT;11028;17;11026;12;;;11042;15;11045;16;;;11035.0;0.0
crash_normal_s0;6400;ASH_COATED_OSMIUM;9995;18;9991;17;;;10017;10;10021;16;;;10006.0;0.0
crash_normal_s0;6500;INTARIAN_PEPPER_ROOT;11031;10;11029;28;;;11039;13;11042;13;;;11035.0;0.0
crash_normal_s0;6500;ASH_COATED_OSMIUM;9969;20;9967;28;;;10033;18;10037;20;;;10001.0;0.0
crash_normal_s0;6600;INTARIAN_PEPPER_ROOT;11030;16;11026;24;;;11034;13;11038;24;;;11032.0;0.0
crash_normal_s0;6600;ASH_COATED_OSMIUM;9995;12;9993;11;;;10001;13;10004;13;;;9998.0;0.0
crash_normal_s0;6700;INTARIAN_PEPPER_ROOT;11032;15;11030;25;;;11034;22;11036;10;;;11033.0;0.0
crash_normal_s0;6700;ASH_COATED_OSMIUM;9985;17;9981;28;;;10015;13;10019;15;;;10000.0;0.0
crash_normal_s0;6800;INTARIAN_PEPPER_ROOT;11024;16;11021;20;;;11038;15;11040;21;;;11031.0;0.0
crash_normal_s0;6800;ASH_COATED_OSMIUM;9999;7;9997;25;;;10003;8;10005;15;;;10001.0;0.0
crash_normal_s0;6900;INTARIAN_PEPPER_ROOT;11027;19;11024;24;;;11039;14;11043;22;;;11033.0;0.0
crash_normal_s0;6900;ASH_COATED_OSMIUM;10003;13;9999;21;;;10005;13;10007;17;;;10004.0;0.0
crash_normal_s0;7000;INTARIAN_PEPPER_ROOT;11026;16;11022;24;;;11044;22;11047;20;;;11035.0;0.0
crash_normal_s0;7000;ASH_COATED_OSMIUM;10000;9;9998;20;;;10002;7;10004;20;;;10001.0;0.0
crash_normal_s0;7100;INTARIAN_PEPPER_ROOT;11016;18;11014;13;;;11054;17;11057;8;;;11035.0;0.0
crash_normal_s0;7100;ASH_COATED_OSMIUM;9985;20;9981;19;;;10017;14;10021;28;;;10001.0;0.0
crash_normal_s0;7200;INTARIAN_PEPPER_ROOT;11028;19;11024;18;;;11048;14;11052;25;;;11038.0;0.0
crash_normal_s0;7200;ASH_COATED_OSMIUM;9997;7;9995;16;;;10001;5;10004;18;;;9999.0;0.0
crash_normal_s0;7300;INTARIAN_PEPPER_ROOT;11034;11;11032;20;;;11038;14;11041;21;;;11036.0;0.0
crash_normal_s0;7300;ASH_COATED_OSMIUM;9994;14;9990;16;;;10006;7;10008;21;;;10000.0;0.0
crash_normal_s0;7400;INTARIAN_PEPPER_ROOT;11030;21;11027;17;;;11044;11;11047;23;;;11037.0;0.0
crash_normal_s0;7400;ASH_COATED_OSMIUM;9983;10;9980;13;;;10025;16;10027;18;;;10004.0;0.0
crash_normal_s0;7500;INTARIAN_PEPPER_ROOT;11029;15;11025;18;;;11043;16;11045;15;;;11036.0;0.0
crash_normal_s0;7500;ASH_COATED_OSMIUM;9994;10;9990;15;;;10018;19;10022;24;;;10006.0;0.0
crash_normal_s0;7600;INTARIAN_PEPPER_ROOT;11030;11;11027;22;;;11040;15;11044;25;;;11035.0;0.0
crash_normal_s0;7600;ASH_COATED_OSMIUM;10004;15;10002;15;;;10018;5;10022;24;;;10011.0;0.0
crash_normal_s0;7700;INTARIAN_PEPPER_ROOT;11025;14;11023;19;;;11045;9;11048;19;;;11035.0;0.0
crash_normal_s0;7700;ASH_COATED_OSMIUM;10004;6;10000;17;;;10014;7;10016;10;;;10009.0;0.0
crash_normal_s0;7800;INTARIAN_PEPPER_ROOT;11023;12;11019;19;;;11047;6;11049;15;;;11035.0;0.0
crash_normal_s0;7800;ASH_COATED_OSMIUM;10008;9;10005;17;;;10020;11;10022;23;;;10014.0;0.0
crash_normal_s0;7900;INTARIAN_PEPPER_ROOT;11026;12;11022;21;;;11044;18;11047;15;;;11035.0;0.0
crash_normal_s0;7900;ASH_COATED_OSMIUM;9993;22;9991;17;;;10033;12;10035;22;;;10013.0;0.0
crash_normal_s0;8000;INTARIAN_PEPPER_ROOT;11027;20;11023;20;;;11039;16;11042;14;;;11033.0;0.0
crash_normal_s0;8000;ASH_COATED_OSMIUM;10005;10;10002;22;;;10007;12;10010;16;;;10006.0;0.0
crash_normal_s0;8100;INTARIAN_PEPPER_ROOT;11027;10;11025;12;;;11045;17;11047;24;;;11036.0;0.0
crash_normal_s0;8100;ASH_COATED_OSMIUM;9998;5;9996;21;;;10024;15;10028;21;;;10011.0;0.0
crash_normal_s0;8200;INTARIAN_PEPPER_ROOT;11035;24;11033;26;;;11037;18;11041;13;;;11036.0;0.0
crash_normal_s0;8200;ASH_COATED_OSMIUM;10006;16;10004;19;;;10014;16;10018;22;;;10010.0;0.0
crash_normal_s0;8300;INTARIAN_PEPPER_ROOT;11023;20;11019;25;;;11047;17;11051;18;;;11035.0;0.0
crash_normal_s0;8300;ASH_COATED_OSMIUM;9997;11;9994;10;;;10023;5;10027;14;;;10010.0;0.0
crash_normal_s0;8400;INTARIAN_PEPPER_ROOT;11033;20;11030;21;;;11043;12;11047;15;;;11038.0;0.0
crash_normal_s0;8400;ASH_COATED_OSMIUM;10009;18;10005;14;;;10013;14;10015;16;;;10011.0;0.0
crash_normal_s0;8500;INTARIAN_PEPPER_ROOT;11041;11;11038;16;;;11043;18;11047;20;;;11042.0;0.0
crash_normal_s0;8500;ASH_COATED_OSMIUM;10002;13;9998;18;;;10006;13;10010;18;;;10004.0;0.0
crash_normal_s0;8600;INTARIAN_PEPPER_ROOT;11042;9;11039;22;;;11050;7;11054;18;;;11046.0;0.0
crash_normal_s0;8600;ASH_COATED_OSMIUM;9991;9;9987;17;;;10023;5;10027;21;;;10007.0;0.0
crash_normal_s0;8700;INTARIAN_PEPPER_ROOT;11042;6;11038;18;;;11050;14;11052;12;;;11046.0;0.0
crash_normal_s0;8700;ASH_COATED_OSMIUM;10005;13;10001;9;;;10015;12;10019;24;;;10010.0;0.0
crash_normal_s0;8800;INTARIAN_PEPPER_ROOT;11042;14;11040;21;;;11044;16;11047;21;;;11043.0;0.0
crash_normal_s0;8800;ASH_COATED_OSMIUM;9988;14;9986;28;;;10030;14;10032;21;;;10009.0;0.0
crash_normal_s0;8900;INTARIAN_PEPPER_ROOT;11041;15;11039;25;;;11051;6;11053;16;;;11046.0;0.0
crash_normal_s0;8900;ASH_COATED_OSMIUM;9964;17;9960;19;;;10056;20;10058;18;;;10010.0;0.0
crash_normal_s0;9000;INTARIAN_PEPPER_ROOT;11042;25;11040;14;;;11050;16;11053;10;;;11046.0;0.0
crash_normal_s0;9000;ASH_COATED_OSMIUM;10003;9;10001;19;;;10015;20;10018;15;;;10009.0;0.0
crash_normal_s0;9100;INTARIAN_PEPPER_ROOT;11043;17;11041;19;;;11057;11;11059;18;;;11050.0;0.0
crash_normal_s0;9100;ASH_COATED_OSMIUM;10010;14;10008;11;;;10012;9;10016;18;;;10011.0;0.0
crash_normal_s0;9200;INTARIAN_PEPPER_ROOT;11049;12;11047;17;;;11051;19;11055;20;;;11050.0;0.0
crash_normal_s0;9200;ASH_COATED_OSMIUM;10009;13;10006;18;;;10017;12;10019;26;;;10013.0;0.0
crash_normal_s0;9300;INTARIAN_PEPPER_ROOT;11029;17;11025;8;;;11075;16;11077;15;;;11052.0;0.0
crash_normal_s0;9300;ASH_COATED_OSMIUM;9982;11;9980;26;;;10044;20;10046;21;;;10013.0;0.0
crash_normal_s0;9400;INTARIAN_PEPPER_ROOT;11048;11;11045;21;;;11058;14;11060;17;;;11053.0;0.0
crash_normal_s0;9400;ASH_COATED_OSMIUM;10010;12;10008;25;;;10022;19;10025;9;;;10016.0;0.0
crash_normal_s0;9500;INTARIAN_PEPPER_ROOT;11050;14;11048;19;;;11062;14;11065;19;;;11056.0;0.0
crash_normal_s0;9500;ASH_COATED_OSMIUM;9995;9;9992;16;;;10029;12;10033;15;;;10012.0;0.0
crash_normal_s0;9600;INTARIAN_PEPPER_ROOT;11056;23;11053;22;;;11058;19;11060;14;;;11057.0;0.0
crash_normal_s0;9600;ASH_COATED_OSMIUM;10008;22;10006;20;;;10010;6;10012;20;;;10009.0;0.0
crash_normal_s0;9700;INTARIAN_PEPPER_ROOT;11060;20;11057;14;;;11062;14;11064;17;;;11061.0;0.0
crash_normal_s0;9700;ASH_COATED_OSMIUM;9998;8;9995;20;;;10004;9;10006;23;;;10001.0;0.0
crash_normal_s0;9800;INTARIAN_PEPPER_ROOT;11059;19;11057;9;;;11065;8;11068;25;;;11062.0;0.0
crash_normal_s0;9800;ASH_COATED_OSMIUM;9989;8;9985;19;;;10017;9;10020;26;;;10003.0;0.0
crash_normal_s0;9900;INTARIAN_PEPPER_ROOT;11061;5;11058;17;;;11063;15;11066;28;;;11062.0;0.0
crash_normal_s0;9900;ASH_COATED_OSMIUM;10002;13;10000;16;;;10004;14;10006;30;;;10003.0;0.0
crash_normal_s0;10000;INTARIAN_PEPPER_ROOT;11052;13;11049;12;;;11082;9;11085;27;;;11067.0;0.0
crash_normal_s0;10000;ASH_COATED_OSMIUM;9996;5;9994;29;;;10004;18;10008;26;;;10000.0;0.0
crash_normal_s0;10100;INTARIAN_PEPPER_ROOT;11060;14;11056;18;;;11070;13;11073;20;;;11065.0;0.0
crash_normal_s0;10100;ASH_COATED_OSMIUM;9995;17;9991;23;;;10007;15;10009;30;;;10001.0;0.0
crash_normal_s0;10200;INTARIAN_PEPPER_ROOT;11057;10;11054;8;;;11067;13;11069;25;;;11062.0;0.0
crash_normal_s0;10200;ASH_COATED_OSMIUM;10000;9;9997;18;;;10002;20;10004;16;;;10001.0;0.0
crash_normal_s0;10300;INTARIAN_PEPPER_ROOT;11063;17;11060;13;;;11067;7;11071;18;;;11065.0;0.0
crash_normal_s0;10300;ASH_COATED_OSMIUM;9994;11;9990;14;;;10008;6;10011;19;;;10001.0;0.0
crash_normal_s0;10400;INTARIAN_PEPPER_ROOT;11062;10;11058;16;;;11064;14;11068;18;;;11063.0;0.0
crash_normal_s0;10400;ASH_COATED_OSMIUM;10003;10;9999;29;;;10005;20;10009;21;;;10004.0;0.0
crash_normal_s0;10500;INTARIAN_PEPPER_ROOT;11061;5;11058;17;;;11075;11;11078;15;;;11068.0;0.0
crash_normal_s0;10500;ASH_COATED_OSMIUM;10000;14;9996;21;;;10012;16;10016;17;;;10006.0;0.0
crash_normal_s0;10600;INTARIAN_PEPPER_ROOT;11066;10;11062;15;;;11068;19;11071;25;;;11067.0;0.0
crash_normal_s0;10600;ASH_COATED_OSMIUM;9997;6;9994;22;;;10023;15;10026;14;;;10010.0;0.0
crash_normal_s0;10700;INTARIAN_PEPPER_ROOT;11065;10;11063;27;;;11067;13;11069;16;;;11066.0;0.0
crash_normal_s0;10700;ASH_COATED_OSMIUM;10011;17;10009;21;;;10013;11;10016;17;;;10012.0;0.0
crash_normal_s0;10800;INTARIAN_PEPPER_ROOT;11064;12;11061;31;;;11078;10;11080;12;;;11071.0;0.0
crash_normal_s0;10800;ASH_COATED_OSMIUM;10009;13;10007;22;;;10011;16;10014;21;;;10010.0;0.0
crash_normal_s0;10900;INTARIAN_PEPPER_ROOT;11073;18;11071;17;;;11075;8;11078;23;;;11074.0;0.0
crash_normal_s0;10900;ASH_COATED_OSMIUM;10005;20;10001;15;;;10007;14;10011;22;;;10006.0;0.0
crash_normal_s0;11000;INTARIAN_PEPPER_ROOT;11077;12;11073;27;;;11079;7;11081;19;;;11078.0;0.0
crash_normal_s0;11000;ASH_COATED_OSMIUM;10001;13;9999;28;;;10003;9;10006;13;;;10002.0;0.0
crash_normal_s0;11100;INTARIAN_PEPPER_ROOT;11079;15;11076;18;;;11083;11;11085;16;;;11081.0;0.0
crash_normal_s0;11100;ASH_COATED_OSMIUM;9999;7;9997;15;;;10001;18;10005;14;;;10000.0;0.0
crash_normal_s0;11200;INTARIAN_PEPPER_ROOT;11079;22;11076;29;;;11081;16;11083;15;;;11080.0;0.0
crash_normal_s0;11200;ASH_COATED_OSMIUM;9999;8;9995;20;;;10007;17;10009;27;;;10003.0;0.0
crash_normal_s0;11300;INTARIAN_PEPPER_ROOT;11076;19;11073;14;;;11092;9;11095;20;;;11084.0;0.0
crash_normal_s0;11300;ASH_COATED_OSMIUM;9998;20;9996;22;;;10000;14;10003;22;;;9999.0;0.0
crash_normal_s0;11400;INTARIAN_PEPPER_ROOT;11076;19;11072;15;;;11092;6;11094;15;;;11084.0;0.0
crash_normal_s0;11400;ASH_COATED_OSMIUM;9997;9;9994;15;;;9999;11;10001;12;;;9998.0;0.0
crash_normal_s0;11500;INTARIAN_PEPPER_ROOT;11085;19;11083;19;;;11087;22;11091;17;;;11086.0;0.0
crash_normal_s0;11500;ASH_COATED_OSMIUM;9996;18;9992;16;;;10002;17;10005;23;;;9999.0;0.0
crash_normal_s0;11600;INTARIAN_PEPPER_ROOT;11083;13;11081;24;;;11093;16;11097;12;;;11088.0;0.0
crash_normal_s0;11600;ASH_COATED_OSMIUM;10002;14;9999;21;;;10004;20;10007;28;;;10003.0;0.0
crash_normal_s0;11700;INTARIAN_PEPPER_ROOT;11087;14;11083;20;;;11091;12;11095;13;;;11089.0;0.0
crash_normal_s0;11700;ASH_COATED_OSMIUM;10001;9;9997;24;;;10003;20;10007;19;;;10002.0;0.0
crash_normal_s0;11800;INTARIAN_PEPPER_ROOT;11083;16;11079;15;;;11097;10;11101;23;;;11090.0;0.0
crash_normal_s0;11800;ASH_COATED_OSMIUM;9992;7;9989;15;;;10014;17;10018;14;;;10003.0;0.0
crash_normal_s0;11900;INTARIAN_PEPPER_ROOT;11092;7;11089;26;;;11094;22;11098;27;;;11093.0;0.0
crash_normal_s0;11900;ASH_COATED_OSMIUM;9999;17;9995;23;;;10021;17;10025;26;;;10010.0;0.0
crash_normal_s0;12000;INTARIAN_PEPPER_ROOT;11083;19;11081;23;;;11105;12;11108;18;;;11094.0;0.0
crash_normal_s0;12000;ASH_COATED_OSMIUM;10000;13;9997;23;;;10024;7;10028;8;;;10012.0;0.0
crash_normal_s0;12100;INTARIAN_PEPPER_ROOT;11091;22;11088;21;;;11093;15;11097;19;;;11092.0;0.0
crash_normal_s0;12100;ASH_COATED_OSMIUM;10007;13;10004;18;;;10011;13;10015;19;;;10009.0;0.0
crash_normal_s0;12200;INTARIAN_PEPPER_ROOT;11087;11;11085;24;;;11099;15;11101;17;;;11093.0;0.0
crash_normal_s0;12200;ASH_COATED_OSMIUM;10003;5;10000;16;;;10005;13;10009;28;;;10004.0;0.0
crash_normal_s0;12300;INTARIAN_PEPPER_ROOT;11068;12;11064;19;;;11126;14;11128;19;;;11097.0;0.0
crash_normal_s0;12300;ASH_COATED_OSMIUM;10001;13;9999;13;;;10009;14;10013;23;;;10005.0;0.0
crash_normal_s0;12400;INTARIAN_PEPPER_ROOT;11094;20;11091;16;;;11096;16;11098;31;;;11095.0;0.0
crash_normal_s0;12400;ASH_COATED_OSMIUM;9991;11;9988;20;;;10023;9;10025;19;;;10007.0;0.0
crash_normal_s0;12500;INTARIAN_PEPPER_ROOT;11080;11;11077;17;;;11112;5;11115;25;;;11096.0;0.0
crash_normal_s0;12500;ASH_COATED_OSMIUM;9996;12;9994;18;;;10014;19;10018;19;;;10005.0;0.0
crash_normal_s0;12600;INTARIAN_PEPPER_ROOT;11089;6;11085;30;;;11101;19;11105;19;;;11095.0;0.0
crash_normal_s0;12600;ASH_COATED_OSMIUM;9994;15;9990;22;;;10020;17;10024;22;;;10007.0;0.0
crash_normal_s0;12700;INTARIAN_PEPPER_ROOT;11099;15;11097;16;;;11101;15;11103;22;;;11100.0;0.0
crash_normal_s0;12700;ASH_COATED_OSMIUM;10003;13;9999;24;;;10011;6;10015;16;;;10007.0;0.0
crash_normal_s0;12800;INTARIAN_PEPPER_ROOT;11100;12;11098;26;;;11102;16;11106;15;;;11101.0;0.0
crash_normal_s0;12800;ASH_COATED_OSMIUM;9987;17;9984;16;;;10015;5;10017;16;;;10001.0;0.0
crash_normal_s0;12900;INTARIAN_PEPPER_ROOT;11093;13;11089;24;;;11113;16;11115;23;;;11103.0;0.0
crash_normal_s0;12900;ASH_COATED_OSMIUM;9991;18;9987;18;;;10015;12;10018;24;;;10003.0;0.0
crash_normal_s0;13000;INTARIAN_PEPPER_ROOT;11097;17;11093;15;;;11105;12;11108;20;;;11101.0;0.0
crash_normal_s0;13000;ASH_COATED_OSMIUM;9972;13;9970;20;;;10028;20;10030;25;;;10000.0;0.0
crash_normal_s0;13100;INTARIAN_PEPPER_ROOT;11100;8;11097;17;;;11106;10;11109;19;;;11103.0;0.0
crash_normal_s0;13100;ASH_COATED_OSMIUM;9993;16;9989;27;;;10011;14;10015;19;;;10002.0;0.0
crash_normal_s0;13200;INTARIAN_PEPPER_ROOT;11091;7;11088;8;;;11115;16;11118;23;;;11103.0;0.0
crash_normal_s0;13200;ASH_COATED_OSMIUM;10004;12;10000;18;;;10006;14;10008;25;;;10005.0;0.0
crash_normal_s0;13300;INTARIAN_PEPPER_ROOT;11093;12;11091;20;;;11113;9;11115;15;;;11103.0;0.0
crash_normal_s0;13300;ASH_COATED_OSMIUM;10004;19;10000;21;;;10008;18;10011;15;;;10006.0;0.0
crash_normal_s0;13400;INTARIAN_PEPPER_ROOT;11090;10;11088;19;;;11114;15;11118;16;;;11102.0;0.0
crash_normal_s0;13400;ASH_COATED_OSMIUM;10001;19;9998;17;;;10019;9;10022;21;;;10010.0;0.0
crash_normal_s0;13500;INTARIAN_PEPPER_ROOT;11098;9;11094;14;;;11110;18;11112;11;;;11104.0;0.0
crash_normal_s0;13500;ASH_COATED_OSMIUM;9978;12;9976;8;;;10046;15;10048;16;;;10012.0;0.0
crash_normal_s0;13600;INTARIAN_PEPPER_ROOT;11104;18;11101;15;;;11108;12;11110;17;;;11106.0;0.0
crash_normal_s0;13600;ASH_COATED_OSMIUM;10004;12;10002;23;;;10020;6;10024;16;;;10012.0;0.0
crash_normal_s0;13700;INTARIAN_PEPPER_ROOT;11105;10;11101;19;;;11107;16;11110;22;;;11106.0;0.0
crash_normal_s0;13700;ASH_COATED_OSMIUM;10012;14;10010;27;;;10014;5;10016;12;;;10013.0;0.0
crash_normal_s0;13800;INTARIAN_PEPPER_ROOT;11102;13;11098;16;;;11112;14;11116;15;;;11107.0;0.0
crash_normal_s0;13800;ASH_COATED_OSMIUM;10011;11;10007;13;;;10015;22;10018;22;;;10013.0;0.0
crash_normal_s0;13900;INTARIAN_PEPPER_ROOT;11102;19;11099;20;;;11110;12;11112;11;;;11106.0;0.0
crash_normal_s0;13900;ASH_COATED_OSMIUM;9982;13;9978;17;;;10054;11;10056;22;;;10018.0;0.0
crash_normal_s0;14000;INTARIAN_PEPPER_ROOT;11101;12;11099;21;;;11105;15;11108;16;;;11103.0;0.0
crash_normal_s0;14000;ASH_COATED_OSMIUM;10007;20;10004;14;;;10031;10;10033;23;;;10019.0;0.0
crash_normal_s0;14100;INTARIAN_PEPPER_ROOT;11099;13;11097;16;;;11111;23;11114;21;;;11105.0;0.0
crash_normal_s0;14100;ASH_COATED_OSMIUM;10024;6;10021;10;;;10028;6;10030;23;;;10026.0;0.0
crash_normal_s0;14200;INTARIAN_PEPPER_ROOT;11091;14;11089;16;;;11121;14;11124;20;;;11106.0;0.0
crash_normal_s0;14200;ASH_COATED_OSMIUM;10004;14;10000;26;;;10038;7;10042;24;;;10021.0;0.0
crash_normal_s0;14300;INTARIAN_PEPPER_ROOT;11066;6;11063;15;;;11150;19;11152;20;;;11108.0;0.0
crash_normal_s0;14300;ASH_COATED_OSMIUM;10018;16;10014;28;;;10022;19;10026;33;;;10020.0;0.0
crash_normal_s0;14400;INTARIAN_PEPPER_ROOT;11108;22;11106;22;;;11118;11;11121;10;;;11113.0;0.0
crash_normal_s0;14400;ASH_COATED_OSMIUM;10016;23;10012;13;;;10018;11;10020;24;;;10017.0;0.0
crash_normal_s0;14500;INTARIAN_PEPPER_ROOT;11114;6;11111;32;;;11116;8;11118;17;;;11115.0;0.0
crash_normal_s0;14500;ASH_COATED_OSMIUM;10009;9;10007;23;;;10027;18;10030;28;;;10018.0;0.0
crash_normal_s0;14600;INTARIAN_PEPPER_ROOT;11099;12;11096;24;;;11127;20;11129;22;;;11113.0;0.0
crash_normal_s0;14600;ASH_COATED_OSMIUM;10016;18;10012;24;;;10018;16;10021;31;;;10017.0;0.0
crash_normal_s0;14700;INTARIAN_PEPPER_ROOT;11110;10;11106;23;;;11122;17;11124;21;;;11116.0;0.0
crash_normal_s0;14700;ASH_COATED_OSMIUM;10013;14;10011;25;;;10021;21;10024;8;;;10017.0;0.0
crash_normal_s0;14800;INTARIAN_PEPPER_ROOT;11108;10;11105;22;;;11120;14;11124;25;;;11114.0;0.0
crash_normal_s0;14800;ASH_COATED_OSMIUM;10006;17;10003;28;;;10024;16;10027;22;;;10015.0;0.0
crash_normal_s0;14900;INTARIAN_PEPPER_ROOT;11092;11;11089;28;;;11138;12;11142;21;;;11115.0;0.0
crash_normal_s0;14900;ASH_COATED_OSMIUM;10003;14;10000;12;;;10027;23;10029;16;;;10015.0;0.0
crash_normal_s0;15000;INTARIAN_PEPPER_ROOT;11109;18;11106;22;;;11119;18;11121;14;;;11114.0;0.0
crash_normal_s0;15000;ASH_COATED_OSMIUM;10009;13;10007;20;;;10017;6;10020;21;;;10013.0;0.0
crash_normal_s0;15100;INTARIAN_PEPPER_ROOT;11112;13;11108;22;;;11124;14;11128;22;;;11118.0;0.0
crash_normal_s0;15100;ASH_COATED_OSMIUM;9998;13;9995;17;;;10028;15;10032;19;;;10013.0;0.0
crash_normal_s0;15200;INTARIAN_PEPPER_ROOT;11113;13;11111;22;;;11121;12;11123;17;;;11117.0;0.0
crash_normal_s0;15200;ASH_COATED_OSMIUM;10013;12;10011;23;;;10017;17;10021;14;;;10015.0;0.0
crash_normal_s0;15300;INTARIAN_PEPPER_ROOT;11110;12;11106;30;;;11122;16;11124;11;;;11116.0;0.0
crash_normal_s0;15300;ASH_COATED_OSMIUM;10005;11;10001;14;;;10021;12;10024;23;;;10013.0;0.0
crash_normal_s0;15400;INTARIAN_PEPPER_ROOT;11110;15;11107;17;;;11122;18;11125;24;;;11116.0;0.0
crash_normal_s0;15400;ASH_COATED_OSMIUM;10007;10;10004;22;;;10021;12;10025;32;;;10014.0;0.0
crash_normal_s0;15500;INTARIAN_PEPPER_ROOT;11105;15;11103;25;;;11125;28;11127;25;;;11115.0;0.0
crash_normal_s0;15500;ASH_COATED_OSMIUM;10016;13;10014;10;;;10018;9;10022;30;;;10017.0;0.0
crash_normal_s0;15600;INTARIAN_PEPPER_ROOT;11115;5;11112;24;;;11121;16;11124;24;;;11118.0;0.0
crash_normal_s0;15600;ASH_COATED_OSMIUM;10013;19;10009;14;;;10015;7;10017;22;;;10014.0;0.0
crash_normal_s0;15700;INTARIAN_PEPPER_ROOT;11114;15;11112;26;;;11120;18;11122;20;;;11117.0;0.0
crash_normal_s0;15700;ASH_COATED_OSMIUM;10011;18;10008;23;;;10019;17;10022;12;;;10015.0;0.0
crash_normal_s0;15800;INTARIAN_PEPPER_ROOT;11096;14;11094;23;;;11134;11;11136;15;;;11115.0;0.0
crash_normal_s0;15800;ASH_COATED_OSMIUM;10011;10;10007;15;;;10021;15;10024;18;;;10016.0;0.0
crash_normal_s0;15900;INTARIAN_PEPPER_ROOT;11111;16;11108;21;;;11117;17;11119;24;;;11114.0;0.0
crash_normal_s0;15900;ASH_COATED_OSMIUM;10013;16;10009;14;;;10023;5;10026;22;;;10018.0;0.0
crash_normal_s0;16000;INTARIAN_PEPPER_ROOT;11108;19;11104;20;;;11120;13;11123;16;;;11114.0;0.0
crash_normal_s0;16000;ASH_COATED_OSMIUM;10013;10;10010;27;;;10023;13;10026;18;;;10018.0;0.0
crash_normal_s0;16100;INTARIAN_PEPPER_ROOT;11117;5;11115;20;;;11119;16;11121;32;;;11118.0;0.0
crash_normal_s0;16100;ASH_COATED_OSMIUM;10017;5;10013;19;;;10021;5;10024;15;;;10019.0;0.0
crash_normal_s0;16200;INTARIAN_PEPPER_ROOT;11116;11;11113;18;;;11126;10;11130;20;;;11121.0;0.0
crash_normal_s0;16200;ASH_COATED_OSMIUM;10002;20;10000;16;;;10030;12;10032;33;;;10016.0;0.0
crash_normal_s0;16300;INTARIAN_PEPPER_ROOT;11117;26;11113;24;;;11127;14;11129;12;;;11122.0;0.0
crash_normal_s0;16300;ASH_COATED_OSMIUM;10009;8;10005;22;;;10017;5;10021;17;;;10013.0;0.0
crash_normal_s0;16400;INTARIAN_PEPPER_ROOT;11111;19;11109;13;;;11129;24;11131;17;;;11120.0;0.0
crash_normal_s0;16400;ASH_COATED_OSMIUM;10005;23;10002;17;;;10017;13;10020;21;;;10011.0;0.0
crash_normal_s0;16500;INTARIAN_PEPPER_ROOT;11121;18;11117;9;;;11123;20;11126;15;;;11122.0;0.0
crash_normal_s0;16500;ASH_COATED_OSMIUM;10005;20;10003;14;;;10017;16;10021;22;;;10011.0;0.0
crash_normal_s0;16600;INTARIAN_PEPPER_ROOT;11116;10;11114;25;;;11124;7;11128;21;;;11120.0;0.0
crash_normal_s0;16600;ASH_COATED_OSMIUM;10008;14;10005;26;;;10010;9;10013;13;;;10009.0;0.0
crash_normal_s0;16700;INTARIAN_PEPPER_ROOT;11113;10;11109;21;;;11123;14;11126;20;;;11118.0;0.0
crash_normal_s0;16700;ASH_COATED_OSMIUM;9994;14;9992;14;;;10012;5;10014;26;;;10003.0;0.0
crash_normal_s0;16800;INTARIAN_PEPPER_ROOT;11109;21;11107;19;;;11133;30;11137;16;;;11121.0;0.0
crash_normal_s0;16800;ASH_COATED_OSMIUM;10002;13;10000;19;;;10018;5;10020;17;;;10010.0;0.0
crash_normal_s0;16900;INTARIAN_PEPPER_ROOT;11106;10;11102;23;;;11138;15;11140;22;;;11122.0;0.0
crash_normal_s0;16900;ASH_COATED_OSMIUM;10010;6;10008;26;;;10012;15;10015;15;;;10011.0;0.0
crash_normal_s0;17000;INTARIAN_PEPPER_ROOT;11121;13;11118;12;;;11129;10;11131;18;;;11125.0;0.0
crash_normal_s0;17000;ASH_COATED_OSMIUM;9993;21;9990;28;;;10029;15;10031;30;;;10011.0;0.0
crash_normal_s0;17100;INTARIAN_PEPPER_ROOT;11124;9;11121;9;;;11126;11;11130;26;;;11125.0;0.0
crash_normal_s0;17100;ASH_COATED_OSMIUM;10015;10;10013;15;;;10017;9;10020;22;;;10016.0;0.0
crash_normal_s0;17200;INTARIAN_PEPPER_ROOT;11119;10;11117;18;;;11135;13;11137;27;;;11127.0;0.0
crash_normal_s0;17200;ASH_COATED_OSMIUM;10000;5;9996;21;;;10020;18;10023;24;;;10010.0;0.0
crash_normal_s0;17300;INTARIAN_PEPPER_ROOT;11116;10;11114;17;;;11138;19;11141;23;;;11127.0;0.0
crash_normal_s0;17300;ASH_COATED_OSMIUM;10000;11;9997;25;;;10020;5;10022;15;;;10010.0;0.0
crash_normal_s0;17400;INTARIAN_PEPPER_ROOT;11114;8;11111;13;;;11136;15;11140;23;;;11125.0;0.0
crash_normal_s0;17400;ASH_COATED_OSMIUM;10007;7;10004;17;;;10013;19;10015;19;;;10010.0;0.0
crash_normal_s0;17500;INTARIAN_PEPPER_ROOT;11115;15;11112;23;;;11139;26;11141;10;;;11127.0;0.0
crash_normal_s0;17500;ASH_COATED_OSMIUM;9997;10;9995;21;;;10029;14;10033;17;;;10013.0;0.0
crash_normal_s0;17600;INTARIAN_PEPPER_ROOT;11124;15;11121;20;;;11128;17;11130;15;;;11126.0;0.0
crash_normal_s0;17600;ASH_COATED_OSMIUM;9994;21;9991;17;;;10028;13;10031;24;;;10011.0;0.0
crash_normal_s0;17700;INTARIAN_PEPPER_ROOT;11119;16;11117;16;;;11131;16;11134;17;;;11125.0;0.0
crash_normal_s0;17700;ASH_COATED_OSMIUM;9999;15;9997;14;;;10013;9;10016;24;;;10006.0;0.0
crash_normal_s0;17800;INTARIAN_PEPPER_ROOT;11115;15;11113;22;;;11135;14;11138;14;;;11125.0;0.0
crash_normal_s0;17800;ASH_COATED_OSMIUM;10007;13;10003;23;;;10009;5;10013;17;;;10008.0;0.0
crash_normal_s0;17900;INTARIAN_PEPPER_ROOT;11120;15;11117;9;;;11130;18;11132;22;;;11125.0;0.0
crash_normal_s0;17900;ASH_COATED_OSMIUM;10001;10;9998;23;;;10003;16;10006;19;;;10002.0;0.0
crash_normal_s0;18000;INTARIAN_PEPPER_ROOT;11109;16;11107;17;;;11141;8;11144;19;;;11125.0;0.0
crash_normal_s0;18000;ASH_COATED_OSMIUM;9960;10;9956;22;;;10038;20;10042;21;;;9999.0;0.0
crash_normal_s0;18100;INTARIAN_PEPPER_ROOT;11121;14;11117;13;;;11125;14;11127;24;;;11123.0;0.0
crash_normal_s0;18100;ASH_COATED_OSMIUM;9995;9;9991;17;;;10007;16;10010;21;;;10001.0;0.0
crash_normal_s0;18200;INTARIAN_PEPPER_ROOT;11122;16;11120;18;;;11124;17;11126;12;;;11123.0;0.0
crash_normal_s0;18200;ASH_COATED_OSMIUM;10002;19;9999;22;;;10006;10;10008;15;;;10004.0;0.0
crash_normal_s0;18300;INTARIAN_PEPPER_ROOT;11104;17;11101;23;;;11132;23;11135;8;;;11118.0;0.0
crash_normal_s0;18300;ASH_COATED_OSMIUM;9984;14;9982;24;;;10026;6;10029;18;;;10005.0;0.0
crash_normal_s0;18400;INTARIAN_PEPPER_ROOT;11110;19;11107;25;;;11130;6;11134;23;;;11120.0;0.0
crash_normal_s0;18400;ASH_COATED_OSMIUM;9977;10;9974;16;;;10031;6;10033;15;;;10004.0;0.0
crash_normal_s0;18500;INTARIAN_PEPPER_ROOT;11113;11;11111;17;;;11121;17;11125;17;;;11117.0;0.0
crash_normal_s0;18500;ASH_COATED_OSMIUM;9994;14;9992;15;;;10000;13;10002;20;;;9997.0;0.0
crash_normal_s0;18600;INTARIAN_PEPPER_ROOT;11114;16;11112;21;;;11116;14;11120;22;;;11115.0;0.0
crash_normal_s0;18600;ASH_COATED_OSMIUM;9989;14;9986;13;;;10003;6;10006;19;;;9996.0;0.0
crash_normal_s0;18700;INTARIAN_PEPPER_ROOT;11113;16;11110;23;;;11119;12;11122;16;;;11116.0;0.0
crash_normal_s0;18700;ASH_COATED_OSMIUM;9989;12;9985;20;;;9999;5;10001;25;;;9994.0;0.0
crash_normal_s0;18800;INTARIAN_PEPPER_ROOT;11104;10;11101;24;;;11126;15;11128;18;;;11115.0;0.0
crash_normal_s0;18800;ASH_COATED_OSMIUM;9991;6;9987;16;;;9995;15;9997;14;;;9993.0;0.0
crash_normal_s0;18900;INTARIAN_PEPPER_ROOT;11118;5;11115;17;;;11120;5;11122;18;;;11119.0;0.0
crash_normal_s0;18900;ASH_COATED_OSMIUM;9989;7;9985;14;;;9991;11;9994;22;;;9990.0;0.0
crash_normal_s0;19000;INTARIAN_PEPPER_ROOT;11109;12;11106;20;;;11125;19;11128;21;;;11117.0;0.0
crash_normal_s0;19000;ASH_COATED_OSMIUM;9978;7;9974;20;;;10000;11;10002;15;;;9989.0;0.0
crash_normal_s0;19100;INTARIAN_PEPPER_ROOT;11099;17;11097;21;;;11135;11;11137;14;;;11117.0;0.0
crash_normal_s0;19100;ASH_COATED_OSMIUM;9989;22;9985;18;;;10001;5;10005;21;;;9995.0;0.0
crash_normal_s0;19200;INTARIAN_PEPPER_ROOT;11107;15;11104;13;;;11129;8;11133;23;;;11118.0;0.0
crash_normal_s0;19200;ASH_COATED_OSMIUM;9987;16;9985;17;;;9989;14;9991;21;;;9988.0;0.0
crash_normal_s0;19300;INTARIAN_PEPPER_ROOT;11108;17;11105;35;;;11124;18;11128;15;;;11116.0;0.0
crash_normal_s0;19300;ASH_COATED_OSMIUM;9976;21;9973;22;;;9986;12;9989;21;;;9981.0;0.0
crash_normal_s0;19400;INTARIAN_PEPPER_ROOT;11108;14;11106;23;;;11126;14;11130;25;;;11117.0;0.0
crash_normal_s0;19400;ASH_COATED_OSMIUM;9982;5;9980;21;;;9986;9;9988;20;;;9984.0;0.0
crash_normal_s0;19500;INTARIAN_PEPPER_ROOT;11113;22;11109;23;;;11123;13;11125;19;;;11118.0;0.0
crash_normal_s0;19500;ASH_COATED_OSMIUM;9977;19;9973;15;;;9989;11;9991;23;;;9983.0;0.0
crash_normal_s0;19600;INTARIAN_PEPPER_ROOT;11108;14;11105;21;;;11132;12;11134;15;;;11120.0;0.0
crash_normal_s0;19600;ASH_COATED_OSMIUM;9976;8;9974;19;;;9988;14;9991;25;;;9982.0;0.0
crash_normal_s0;19700;INTARIAN_PEPPER_ROOT;11101;19;11098;15;;;11143;16;11146;17;;;11122.0;0.0
crash_normal_s0;19700;ASH_COATED_OSMIUM;9964;23;9962;22;;;9992;8;9996;21;;;9978.0;0.0
crash_normal_s0;19800;INTARIAN_PEPPER_ROOT;11125;23;11121;24;;;11129;19;11133;20;;;11127.0;0.0
crash_normal_s0;19800;ASH_COATED_OSMIUM;9976;12;9974;19;;;9984;18;9988;25;;;9980.0;0.0
crash_normal_s0;19900;INTARIAN_PEPPER_ROOT;11129;15;11126;14;;;11131;5;11135;9;;;11130.0;0.0
crash_normal_s0;19900;ASH_COATED_OSMIUM;9958;14;9955;10;;;10004;10;10006;20;;;9981.0;0.0
crash_normal_s0;20000;INTARIAN_PEPPER_ROOT;11094;9;11091;22;;;11166;14;11169;13;;;11130.0;0.0
crash_normal_s0;20000;ASH_COATED_OSMIUM;9983;19;9981;23;;;9985;13;9987;20;;;9984.0;0.0
crash_normal_s0;20100;INTARIAN_PEPPER_ROOT;11125;21;11121;25;;;11135;15;11138;16;;;11130.0;0.0
crash_normal_s0;20100;ASH_COATED_OSMIUM;9959;15;9956;16;;;10019;13;10022;24;;;9989.0;0.0
crash_normal_s0;20200;INTARIAN_PEPPER_ROOT;11127;10;11123;15;;;11139;14;11141;35;;;11133.0;0.0
crash_normal_s0;20200;ASH_COATED_OSMIUM;9985;22;9981;15;;;9991;30;9995;16;;;9988.0;0.0
crash_normal_s0;20300;INTARIAN_PEPPER_ROOT;11130;13;11126;18;;;11138;20;11142;22;;;11134.0;0.0
crash_normal_s0;20300;ASH_COATED_OSMIUM;9930;8;9928;21;;;10048;16;10051;11;;;9989.0;0.0
crash_normal_s0;20400;INTARIAN_PEPPER_ROOT;11131;15;11127;21;;;11141;6;11145;28;;;11136.0;0.0
crash_normal_s0;20400;ASH_COATED_OSMIUM;9975;13;9971;19;;;10005;13;10009;20;;;9990.0;0.0
crash_normal_s0;20500;INTARIAN_PEPPER_ROOT;11128;6;11125;21;;;11138;18;11141;17;;;11133.0;0.0
crash_normal_s0;20500;ASH_COATED_OSMIUM;9989;13;9986;17;;;9991;18;9995;27;;;9990.0;0.0
crash_normal_s0;20600;INTARIAN_PEPPER_ROOT;11123;16;11121;23;;;11145;18;11149;11;;;11134.0;0.0
crash_normal_s0;20600;ASH_COATED_OSMIUM;9972;16;9970;27;;;10008;12;10011;30;;;9990.0;0.0
crash_normal_s0;20700;INTARIAN_PEPPER_ROOT;11126;13;11124;28;;;11140;14;11142;20;;;11133.0;0.0
crash_normal_s0;20700;ASH_COATED_OSMIUM;9984;7;9982;24;;;9990;18;9992;11;;;9987.0;0.0
crash_normal_s0;20800;INTARIAN_PEPPER_ROOT;11133;15;11131;16;;;11135;15;11137;17;;;11134.0;0.0
crash_normal_s0;20800;ASH_COATED_OSMIUM;9985;15;9982;17;;;9989;12;9991;12;;;9987.0;0.0
crash_normal_s0;20900;INTARIAN_PEPPER_ROOT;11113;9;11110;33;;;11155;22;11158;29;;;11134.0;0.0
crash_normal_s0;20900;ASH_COATED_OSMIUM;9979;22;9976;16;;;9999;20;10002;22;;;9989.0;0.0
crash_normal_s0;21000;INTARIAN_PEPPER_ROOT;11125;14;11123;16;;;11149;24;11152;23;;;11137.0;0.0
crash_normal_s0;21000;ASH_COATED_OSMIUM;9986;15;9984;29;;;9994;15;9998;24;;;9990.0;0.0
crash_normal_s0;21100;INTARIAN_PEPPER_ROOT;11128;14;11126;13;;;11148;10;11152;16;;;11138.0;0.0
crash_normal_s0;21100;ASH_COATED_OSMIUM;9979;11;9977;18;;;10007;7;10011;16;;;9993.0;0.0
crash_normal_s0;21200;INTARIAN_PEPPER_ROOT;11136;12;11132;32;;;11144;12;11146;19;;;11140.0;0.0
crash_normal_s0;21200;ASH_COATED_OSMIUM;9994;11;9990;22;;;9998;18;10001;12;;;9996.0;0.0
crash_normal_s0;21300;INTARIAN_PEPPER_ROOT;11115;11;11113;21;;;11165;18;11167;23;;;11140.0;0.0
crash_normal_s0;21300;ASH_COATED_OSMIUM;9989;16;9987;17;;;9991;17;9993;14;;;9990.0;0.0
crash_normal_s0;21400;INTARIAN_PEPPER_ROOT;11134;20;11131;8;;;11144;18;11148;21;;;11139.0;0.0
crash_normal_s0;21400;ASH_COATED_OSMIUM;9968;14;9965;16;;;10008;15;10012;20;;;9988.0;0.0
crash_normal_s0;21500;INTARIAN_PEPPER_ROOT;11083;13;11080;20;;;11193;11;11196;23;;;11138.0;0.0
crash_normal_s0;21500;ASH_COATED_OSMIUM;9980;16;9978;13;;;10004;12;10008;17;;;9992.0;0.0
crash_normal_s0;21600;INTARIAN_PEPPER_ROOT;11138;9;11134;10;;;11140;21;11142;19;;;11139.0;0.0
crash_normal_s0;21600;ASH_COATED_OSMIUM;9984;11;9981;23;;;9998;20;10002;28;;;9991.0;0.0
crash_normal_s0;21700;INTARIAN_PEPPER_ROOT;11120;16;11118;18;;;11160;18;11164;14;;;11140.0;0.0
crash_normal_s0;21700;ASH_COATED_OSMIUM;9979;10;9977;21;;;10005;21;10009;23;;;9992.0;0.0
crash_normal_s0;21800;INTARIAN_PEPPER_ROOT;11143;17;11139;23;;;11145;17;11147;23;;;11144.0;0.0
crash_normal_s0;21800;ASH_COATED_OSMIUM;9970;15;9968;23;;;10012;5;10016;28;;;9991.0;0.0
crash_normal_s0;21900;INTARIAN_PEPPER_ROOT;11122;14;11118;19;;;11168;5;11170;11;;;11145.0;0.0
crash_normal_s0;21900;ASH_COATED_OSMIUM;9987;16;9985;23;;;10003;5;10005;20;;;9995.0;0.0
crash_normal_s0;22000;INTARIAN_PEPPER_ROOT;11130;12;11128;24;;;11158;21;11160;18;;;11144.0;0.0
crash_normal_s0;22000;ASH_COATED_OSMIUM;9994;13;9990;24;;;10000;20;10002;18;;;9997.0;0.0
crash_normal_s0;22100;INTARIAN_PEPPER_ROOT;11137;9;11134;20;;;11151;15;11153;22;;;11144.0;0.0
crash_normal_s0;22100;ASH_COATED_OSMIUM;9993;12;9990;18;;;10001;6;10003;12;;;9997.0;0.0
crash_normal_s0;22200;INTARIAN_PEPPER_ROOT;11142;15;11138;20;;;11144;20;11146;19;;;11143.0;0.0
crash_normal_s0;22200;ASH_COATED_OSMIUM;9962;19;9958;22;;;10022;12;10026;25;;;9992.0;0.0
crash_normal_s0;22300;INTARIAN_PEPPER_ROOT;11136;5;11134;16;;;11154;24;11158;14;;;11145.0;0.0
crash_normal_s0;22300;ASH_COATED_OSMIUM;9974;21;9971;18;;;10000;12;10002;18;;;9987.0;0.0
crash_normal_s0;22400;INTARIAN_PEPPER_ROOT;11141;10;11137;19;;;11143;12;11147;17;;;11142.0;0.0
crash_normal_s0;22400;ASH_COATED_OSMIUM;9983;10;9980;18;;;9991;19;9993;9;;;9987.0;0.0
crash_normal_s0;22500;INTARIAN_PEPPER_ROOT;11139;13;11136;24;;;11147;21;11150;19;;;11143.0;0.0
crash_normal_s0;22500;ASH_COATED_OSMIUM;9983;5;9979;24;;;9997;7;10001;17;;;9990.0;0.0
crash_normal_s0;22600;INTARIAN_PEPPER_ROOT;11138;17;11134;10;;;11150;20;11153;20;;;11144.0;0.0
crash_normal_s0;22600;ASH_COATED_OSMIUM;9988;12;9984;12;;;9990;18;9992;24;;;9989.0;0.0
crash_normal_s0;22700;INTARIAN_PEPPER_ROOT;11128;23;11124;19;;;11160;21;11163;22;;;11144.0;0.0
crash_normal_s0;22700;ASH_COATED_OSMIUM;9991;15;9988;28;;;9997;16;9999;21;;;9994.0;0.0
crash_normal_s0;22800;INTARIAN_PEPPER_ROOT;11140;5;11138;24;;;11148;15;11150;22;;;11144.0;0.0
crash_normal_s0;22800;ASH_COATED_OSMIUM;9990;16;9987;14;;;9994;16;9998;19;;;9992.0;0.0
crash_normal_s0;22900;INTARIAN_PEPPER_ROOT;11141;23;11139;18;;;11147;15;11151;26;;;11144.0;0.0
crash_normal_s0;22900;ASH_COATED_OSMIUM;9976;17;9974;21;;;10010;22;10012;18;;;9993.0;0.0
crash_normal_s0;23000;INTARIAN_PEPPER_ROOT;11137;19;11134;25;;;11145;25;11149;17;;;11141.0;0.0
crash_normal_s0;23000;ASH_COATED_OSMIUM;9982;9;9978;11;;;10002;8;10005;11;;;9992.0;0.0
crash_normal_s0;23100;INTARIAN_PEPPER_ROOT;11141;14;11139;17;;;11143;15;11145;17;;;11142.0;0.0
crash_normal_s0;23100;ASH_COATED_OSMIUM;9994;14;9990;30;;;9996;17;10000;23;;;9995.0;0.0
crash_normal_s0;23200;INTARIAN_PEPPER_ROOT;11136;19;11132;23;;;11146;10;11150;26;;;11141.0;0.0
crash_normal_s0;23200;ASH_COATED_OSMIUM;9992;6;9988;22;;;10006;9;10009;21;;;9999.0;0.0
crash_normal_s0;23300;INTARIAN_PEPPER_ROOT;11140;11;11136;18;;;11144;14;11146;23;;;11142.0;0.0
crash_normal_s0;23300;ASH_COATED_OSMIUM;10001;6;9997;20;;;10003;16;10007;13;;;10002.0;0.0
crash_normal_s0;23400;INTARIAN_PEPPER_ROOT;11132;20;11128;19;;;11148;12;11151;23;;;11140.0;0.0
crash_normal_s0;23400;ASH_COATED_OSMIUM;10005;5;10001;16;;;10009;18;10011;23;;;10007.0;0.0
crash_normal_s0;23500;INTARIAN_PEPPER_ROOT;11141;17;11139;18;;;11143;19;11146;15;;;11142.0;0.0
crash_normal_s0;23500;ASH_COATED_OSMIUM;10002;14;9999;20;;;10006;8;10010;21;;;10004.0;0.0
crash_normal_s0;23600;INTARIAN_PEPPER_ROOT;11143;10;11141;22;;;11149;16;11153;21;;;11146.0;0.0
crash_normal_s0;23600;ASH_COATED_OSMIUM;9995;14;9991;14;;;10007;17;10011;22;;;10001.0;0.0
crash_normal_s0;23700;INTARIAN_PEPPER_ROOT;11135;20;11133;16;;;11149;17;11152;26;;;11142.0;0.0
crash_normal_s0;23700;ASH_COATED_OSMIUM;9990;12;9987;12;;;10002;6;10006;18;;;9996.0;0.0
crash_normal_s0;23800;INTARIAN_PEPPER_ROOT;11140;5;11136;26;;;11148;21;11152;20;;;11144.0;0.0
crash_normal_s0;23800;ASH_COATED_OSMIUM;9981;24;9977;26;;;10011;16;10014;21;;;9996.0;0.0
crash_normal_s0;23900;INTARIAN_PEPPER_ROOT;11140;9;11137;18;;;11150;20;11153;11;;;11145.0;0.0
crash_normal_s0;23900;ASH_COATED_OSMIUM;9978;6;9974;9;;;10008;9;10010;20;;;9993.0;0.0
crash_normal_s0;24000;INTARIAN_PEPPER_ROOT;11132;22;11130;12;;;11156;8;11160;23;;;11144.0;0.0
crash_normal_s0;24000;ASH_COATED_OSMIUM;9981;18;9979;25;;;9999;13;10003;18;;;9990.0;0.0
crash_normal_s0;24100;INTARIAN_PEPPER_ROOT;11136;19;11134;17;;;11152;26;11156;15;;;11144.0;0.0
crash_normal_s0;24100;ASH_COATED_OSMIUM;9986;10;9983;23;;;9990;18;9994;18;;;9988.0;0.0
crash_normal_s0;24200;INTARIAN_PEPPER_ROOT;11139;18;11136;19;;;11151;14;11153;17;;;11145.0;0.0
crash_normal_s0;24200;ASH_COATED_OSMIUM;9982;14;9980;24;;;10014;15;10017;16;;;9998.0;0.0
crash_normal_s0;24300;INTARIAN_PEPPER_ROOT;11136;12;11132;26;;;11152;7;11156;27;;;11144.0;0.0
crash_normal_s0;24300;ASH_COATED_OSMIUM;9998;11;9995;13;;;10000;7;10002;12;;;9999.0;0.0
crash_normal_s0;24400;INTARIAN_PEPPER_ROOT;11143;17;11141;25;;;11145;14;11149;19;;;11144.0;0.0
crash_normal_s0;24400;ASH_COATED_OSMIUM;9997;15;9993;14;;;10001;15;10005;25;;;9999.0;0.0
crash_normal_s0;24500;INTARIAN_PEPPER_ROOT;11140;20;11138;9;;;11142;25;11145;23;;;11141.0;0.0
crash_normal_s0;24500;ASH_COATED_OSMIUM;9996;15;9994;11;;;9998;5;10001;17;;;9997.0;0.0
crash_normal_s0;24600;INTARIAN_PEPPER_ROOT;11140;5;11138;11;;;11148;13;11151;19;;;11144.0;0.0
crash_normal_s0;24600;ASH_COATED_OSMIUM;9990;14;9986;15;;;9998;14;10000;17;;;9994.0;0.0
crash_normal_s0;24700;INTARIAN_PEPPER_ROOT;11138;13;11134;16;;;11156;7;11158;26;;;11147.0;0.0
crash_normal_s0;24700;ASH_COATED_OSMIUM;9984;8;9981;21;;;10004;13;10008;28;;;9994.0;0.0
crash_normal_s0;24800;INTARIAN_PEPPER_ROOT;11141;19;11138;22;;;11151;10;11154;15;;;11146.0;0.0
crash_normal_s0;24800;ASH_COATED_OSMIUM;9986;20;9983;24;;;9998;21;10001;19;;;9992.0;0.0
crash_normal_s0;24900;INTARIAN_PEPPER_ROOT;11140;11;11136;18;;;11146;18;11149;20;;;11143.0;0.0
crash_normal_s0;24900;ASH_COATED_OSMIUM;9980;19;9978;17;;;9994;15;9998;21;;;9987.0;0.0
crash_normal_s0;25000;INTARIAN_PEPPER_ROOT;11141;26;11137;12;;;11149;15;11152;21;;;11145.0;0.0
crash_normal_s0;25000;ASH_COATED_OSMIUM;9976;6;9973;14;;;9988;12;9990;18;;;9982.0;0.0
crash_normal_s0;25100;INTARIAN_PEPPER_ROOT;11138;14;11134;16;;;11152;16;11154;14;;;11145.0;0.0
crash_normal_s0;25100;ASH_COATED_OSMIUM;9986;6;9984;23;;;9992;5;9994;15;;;9989.0;0.0
crash_normal_s0;25200;INTARIAN_PEPPER_ROOT;11142;25;11138;14;;;11148;15;11152;22;;;11145.0;0.0
crash_normal_s0;25200;ASH_COATED_OSMIUM;9980;18;9977;21;;;9994;12;9996;12;;;9987.0;0.0
crash_normal_s0;25300;INTARIAN_PEPPER_ROOT;11143;15;11139;11;;;11147;14;11149;21;;;11145.0;0.0
crash_normal_s0;25300;ASH_COATED_OSMIUM;9967;9;9964;18;;;9999;15;10003;17;;;9983.0;0.0
crash_normal_s0;25400;INTARIAN_PEPPER_ROOT;11146;22;11144;14;;;11148;16;11151;18;;;11147.0;0.0
crash_normal_s0;25400;ASH_COATED_OSMIUM;9981;13;9979;19;;;9983;14;9986;20;;;9982.0;0.0
crash_normal_s0;25500;INTARIAN_PEPPER_ROOT;11147;13;11143;11;;;11151;6;11154;23;;;11149.0;0.0
crash_normal_s0;25500;ASH_COATED_OSMIUM;9980;6;9978;26;;;9990;14;9993;21;;;9985.0;0.0
crash_normal_s0;25600;INTARIAN_PEPPER_ROOT;11142;17;11140;18;;;11154;19;11158;22;;;11148.0;0.0
crash_normal_s0;25600;ASH_COATED_OSMIUM;9977;9;9974;17;;;9995;12;9999;25;;;9986.0;0.0
crash_normal_s0;25700;INTARIAN_PEPPER_ROOT;11141;12;11138;19;;;11149;15;11151;18;;;11145.0;0.0
crash_normal_s0;25700;ASH_COATED_OSMIUM;9983;6;9981;19;;;9985;5;9989;11;;;9984.0;0.0
crash_normal_s0;25800;INTARIAN_PEPPER_ROOT;11142;14;11139;18;;;11144;14;11147;18;;;11143.0;0.0
crash_normal_s0;25800;ASH_COATED_OSMIUM;9980;6;9977;18;;;9988;6;9990;21;;;9984.0;0.0
crash_normal_s0;25900;INTARIAN_PEPPER_ROOT;11139;16;11137;21;;;11151;15;11154;21;;;11145.0;0.0
crash_normal_s0;25900;ASH_COATED_OSMIUM;9979;13;9977;15;;;9987;16;9989;21;;;9983.0;0.0
crash_normal_s0;26000;INTARIAN_PEPPER_ROOT;11138;16;11134;17;;;11148;8;11150;18;;;11143.0;0.0
crash_normal_s0;26000;ASH_COATED_OSMIUM;9972;19;9969;15;;;10002;14;10004;13;;;9987.0;0.0
crash_normal_s0;26100;INTARIAN_PEPPER_ROOT;11126;12;11123;14;;;11158;14;11161;20;;;11142.0;0.0
crash_normal_s0;26100;ASH_COATED_OSMIUM;9991;14;9987;24;;;9993;15;9997;29;;;9992.0;0.0
crash_normal_s0;26200;INTARIAN_PEPPER_ROOT;11134;12;11132;19;;;11148;14;11152;23;;;11141.0;0.0
crash_normal_s0;26200;ASH_COATED_OSMIUM;9992;12;9990;10;;;9994;11;9996;27;;;9993.0;0.0
crash_normal_s0;26300;INTARIAN_PEPPER_ROOT;11140;15;11136;13;;;11144;17;11148;22;;;11142.0;0.0
crash_normal_s0;26300;ASH_COATED_OSMIUM;9985;15;9983;17;;;9991;19;9995;15;;;9988.0;0.0
crash_normal_s0;26400;INTARIAN_PEPPER_ROOT;11132;14;11129;22;;;11146;18;11148;20;;;11139.0;0.0
crash_normal_s0;26400;ASH_COATED_OSMIUM;9986;22;9984;14;;;9988;8;9990;14;;;9987.0;0.0
crash_normal_s0;26500;INTARIAN_PEPPER_ROOT;11139;15;11135;11;;;11141;19;11144;16;;;11140.0;0.0
crash_normal_s0;26500;ASH_COATED_OSMIUM;9987;5;9984;21;;;9991;6;9995;8;;;9989.0;0.0
crash_normal_s0;26600;INTARIAN_PEPPER_ROOT;11134;17;11131;21;;;11148;18;11152;14;;;11141.0;0.0
crash_normal_s0;26600;ASH_COATED_OSMIUM;9987;11;9985;15;;;9989;20;9991;8;;;9988.0;0.0
crash_normal_s0;26700;INTARIAN_PEPPER_ROOT;11136;10;11134;14;;;11148;14;11150;16;;;11142.0;0.0
crash_normal_s0;26700;ASH_COATED_OSMIUM;9984;17;9980;29;;;9990;12;9993;17;;;9987.0;0.0
crash_normal_s0;26800;INTARIAN_PEPPER_ROOT;11133;16;11129;21;;;11151;8;11154;17;;;11142.0;0.0
crash_normal_s0;26800;ASH_COATED_OSMIUM;9987;16;9985;25;;;9989;12;9993;19;;;9988.0;0.0
crash_normal_s0;26900;INTARIAN_PEPPER_ROOT;11140;11;11138;29;;;11144;11;11146;10;;;11142.0;0.0
crash_normal_s0;26900;ASH_COATED_OSMIUM;9987;14;9983;21;;;9995;9;9998;18;;;9991.0;0.0
crash_normal_s0;27000;INTARIAN_PEPPER_ROOT;11135;10;11133;20;;;11153;17;11155;12;;;11144.0;0.0
crash_normal_s0;27000;ASH_COATED_OSMIUM;9988;13;9986;20;;;10002;8;10006;21;;;9995.0;0.0
crash_normal_s0;27100;INTARIAN_PEPPER_ROOT;11114;10;11110;21;;;11162;12;11164;19;;;11138.0;0.0
crash_normal_s0;27100;ASH_COATED_OSMIUM;9990;5;9986;28;;;9996;11;9998;16;;;9993.0;0.0
crash_normal_s0;27200;INTARIAN_PEPPER_ROOT;11135;14;11131;16;;;11151;14;11154;22;;;11143.0;0.0
crash_normal_s0;27200;ASH_COATED_OSMIUM;9986;9;9983;23;;;9998;10;10002;25;;;9992.0;0.0
crash_normal_s0;27300;INTARIAN_PEPPER_ROOT;11135;7;11132;19;;;11153;13;11155;23;;;11144.0;0.0
crash_normal_s0;27300;ASH_COATED_OSMIUM;9985;15;9981;15;;;9999;16;10001;18;;;9992.0;0.0
crash_normal_s0;27400;INTARIAN_PEPPER_ROOT;11142;5;11140;18;;;11144;20;11146;24;;;11143.0;0.0
crash_normal_s0;27400;ASH_COATED_OSMIUM;9984;16;9982;20;;;10004;17;10006;21;;;9994.0;0.0
crash_normal_s0;27500;INTARIAN_PEPPER_ROOT;11131;13;11129;18;;;11157;5;11161;27;;;11144.0;0.0
crash_normal_s0;27500;ASH_COATED_OSMIUM;9974;12;9972;13;;;10016;14;10018;19;;;9995.0;0.0
crash_normal_s0;27600;INTARIAN_PEPPER_ROOT;11110;18;11106;20;;;11182;15;11184;21;;;11146.0;0.0
crash_normal_s0;27600;ASH_COATED_OSMIUM;9991;12;9988;15;;;9999;18;10001;16;;;9995.0;0.0
crash_normal_s0;27700;INTARIAN_PEPPER_ROOT;11142;10;11138;15;;;11148;20;11152;20;;;11145.0;0.0
crash_normal_s0;27700;ASH_COATED_OSMIUM;9971;13;9969;26;;;10019;23;10023;24;;;9995.0;0.0
crash_normal_s0;27800;INTARIAN_PEPPER_ROOT;11132;12;11129;29;;;11150;15;11153;24;;;11141.0;0.0
crash_normal_s0;27800;ASH_COATED_OSMIUM;9958;5;9955;18;;;10036;17;10040;17;;;9997.0;0.0
crash_normal_s0;27900;INTARIAN_PEPPER_ROOT;11146;6;11143;17;;;11148;16;11152;18;;;11147.0;0.0
crash_normal_s0;27900;ASH_COATED_OSMIUM;9988;18;9985;20;;;10012;10;10016;19;;;10000.0;0.0
crash_normal_s0;28000;INTARIAN_PEPPER_ROOT;11138;20;11134;14;;;11156;21;11158;24;;;11147.0;0.0
crash_normal_s0;28000;ASH_COATED_OSMIUM;10004;7;10000;19;;;10006;5;10009;17;;;10005.0;0.0
crash_normal_s0;28100;INTARIAN_PEPPER_ROOT;11148;15;11145;19;;;11150;23;11154;30;;;11149.0;0.0
crash_normal_s0;28100;ASH_COATED_OSMIUM;10005;11;10002;17;;;10011;20;10013;21;;;10008.0;0.0
crash_normal_s0;28200;INTARIAN_PEPPER_ROOT;11147;11;11143;21;;;11149;21;11152;21;;;11148.0;0.0
crash_normal_s0;28200;ASH_COATED_OSMIUM;9979;8;9977;15;;;10023;7;10027;18;;;10001.0;0.0
crash_normal_s0;28300;INTARIAN_PEPPER_ROOT;11148;19;11146;25;;;11156;14;11160;20;;;11152.0;0.0
crash_normal_s0;28300;ASH_COATED_OSMIUM;9996;9;9993;13;;;10000;16;10002;23;;;9998.0;0.0
crash_normal_s0;28400;INTARIAN_PEPPER_ROOT;11152;14;11150;21;;;11154;21;11158;20;;;11153.0;0.0
crash_normal_s0;28400;ASH_COATED_OSMIUM;9997;5;9995;10;;;9999;14;10001;14;;;9998.0;0.0
crash_normal_s0;28500;INTARIAN_PEPPER_ROOT;11152;20;11150;22;;;11158;17;11162;21;;;11155.0;0.0
crash_normal_s0;28500;ASH_COATED_OSMIUM;9997;9;9993;24;;;10001;15;10003;22;;;9999.0;0.0
crash_normal_s0;28600;INTARIAN_PEPPER_ROOT;11150;14;11146;19;;;11156;17;11160;12;;;11153.0;0.0
crash_normal_s0;28600;ASH_COATED_OSMIUM;9994;7;9991;16;;;9996;16;10000;20;;;9995.0;0.0
crash_normal_s0;28700;INTARIAN_PEPPER_ROOT;11148;10;11146;23;;;11164;19;11168;19;;;11156.0;0.0
crash_normal_s0;28700;ASH_COATED_OSMIUM;9992;15;9990;25;;;9994;7;9998;14;;;9993.0;0.0
crash_normal_s0;28800;INTARIAN_PEPPER_ROOT;11157;14;11155;21;;;11159;13;11163;17;;;11158.0;0.0
crash_normal_s0;28800;ASH_COATED_OSMIUM;9992;6;9990;13;;;9994;20;9997;14;;;9993.0;0.0
crash_normal_s0;28900;INTARIAN_PEPPER_ROOT;11159;8;11155;20;;;11163;19;11167;17;;;11161.0;0.0
crash_normal_s0;28900;ASH_COATED_OSMIUM;9993;8;9991;16;;;9997;15;9999;19;;;9995.0;0.0
crash_normal_s0;29000;INTARIAN_PEPPER_ROOT;11159;21;11156;26;;;11163;17;11166;18;;;11161.0;0.0
crash_normal_s0;29000;ASH_COATED_OSMIUM;9972;15;9970;26;;;10014;5;10018;19;;;9993.0;0.0
crash_normal_s0;29100;INTARIAN_PEPPER_ROOT;11158;13;11155;13;;;11162;5;11165;24;;;11160.0;0.0
crash_normal_s0;29100;ASH_COATED_OSMIUM;9989;12;9985;25;;;9997;18;9999;21;;;9993.0;0.0
crash_normal_s0;29200;INTARIAN_PEPPER_ROOT;11160;18;11157;23;;;11170;5;11172;11;;;11165.0;0.0
crash_normal_s0;29200;ASH_COATED_OSMIUM;9986;21;9982;21;;;9998;8;10002;30;;;9992.0;0.0
crash_normal_s0;29300;INTARIAN_PEPPER_ROOT;11155;5;11152;28;;;11173;19;11175;26;;;11164.0;0.0
crash_normal_s0;29300;ASH_COATED_OSMIUM;9985;5;9981;17;;;10001;7;10003;15;;;9993.0;0.0
crash_normal_s0;29400;INTARIAN_PEPPER_ROOT;11163;11;11160;21;;;11165;9;11167;24;;;11164.0;0.0
crash_normal_s0;29400;ASH_COATED_OSMIUM;9991;13;9989;24;;;9995;13;9997;19;;;9993.0;0.0
crash_normal_s0;29500;INTARIAN_PEPPER_ROOT;11165;8;11161;26;;;11169;8;11173;24;;;11167.0;0.0
crash_normal_s0;29500;ASH_COATED_OSMIUM;9997;20;9993;25;;;10001;18;10004;22;;;9999.0;0.0
crash_normal_s0;29600;INTARIAN_PEPPER_ROOT;11161;13;11159;19;;;11173;20;11176;24;;;11167.0;0.0
crash_normal_s0;29600;ASH_COATED_OSMIUM;9991;10;9988;27;;;10005;13;10009;29;;;9998.0;0.0
crash_normal_s0;29700;INTARIAN_PEPPER_ROOT;11164;24;11160;13;;;11176;15;11179;24;;;11170.0;0.0
crash_normal_s0;29700;ASH_COATED_OSMIUM;9989;16;9986;23;;;9999;19;10003;30;;;9994.0;0.0
crash_normal_s0;29800;INTARIAN_PEPPER_ROOT;11162;24;11159;20;;;11174;17;11178;8;;;11168.0;0.0
crash_normal_s0;29800;ASH_COATED_OSMIUM;9980;15;9978;19;;;10006;15;10009;13;;;9993.0;0.0
crash_normal_s0;29900;INTARIAN_PEPPER_ROOT;11168;17;11165;12;;;11172;11;11176;18;;;11170.0;0.0
crash_normal_s0;29900;ASH_COATED_OSMIUM;9984;13;9981;21;;;10000;8;10002;22;;;9992.0;0.0
crash_normal_s0;30000;INTARIAN_PEPPER_ROOT;11165;18;11162;20;;;11171;15;11174;22;;;11168.0;0.0
crash_normal_s0;30000;ASH_COATED_OSMIUM;9960;13;9957;19;;;10036;18;10040;20;;;9998.0;0.0
crash_normal_s0;30100;INTARIAN_PEPPER_ROOT;11171;11;11168;10;;;11173;14;11177;18;;;11172.0;0.0
crash_normal_s0;30100;ASH_COATED_OSMIUM;10000;8;9997;18;;;10004;8;10006;16;;;10002.0;0.0
crash_normal_s0;30200;INTARIAN_PEPPER_ROOT;11140;11;11137;20;;;11204;11;11206;23;;;11172.0;0.0
crash_normal_s0;30200;ASH_COATED_OSMIUM;9999;11;9997;22;;;10007;14;10011;17;;;10003.0;0.0
crash_normal_s0;30300;INTARIAN_PEPPER_ROOT;11157;8;11154;21;;;11185;19;11187;15;;;11171.0;0.0
crash_normal_s0;30300;ASH_COATED_OSMIUM;9998;22;9996;21;;;10008;15;10010;18;;;10003.0;0.0
crash_normal_s0;30400;INTARIAN_PEPPER_ROOT;11169;17;11166;21;;;11177;18;11180;17;;;11173.0;0.0
crash_normal_s0;30400;ASH_COATED_OSMIUM;9995;6;9991;26;;;9997;10;10000;24;;;9996.0;0.0
crash_normal_s0;30500;INTARIAN_PEPPER_ROOT;11169;11;11165;11;;;11177;15;11179;24;;;11173.0;0.0
crash_normal_s0;30500;ASH_COATED_OSMIUM;9951;10;9948;22;;;10037;7;10040;21;;;9994.0;0.0
crash_normal_s0;30600;INTARIAN_PEPPER_ROOT;11163;14;11160;18;;;11179;5;11182;32;;;11171.0;0.0
crash_normal_s0;30600;ASH_COATED_OSMIUM;9989;18;9986;26;;;9999;17;10003;10;;;9994.0;0.0
crash_normal_s0;30700;INTARIAN_PEPPER_ROOT;11161;13;11159;18;;;11173;18;11175;21;;;11167.0;0.0
crash_normal_s0;30700;ASH_COATED_OSMIUM;9982;12;9979;23;;;10004;12;10006;8;;;9993.0;0.0
crash_normal_s0;30800;INTARIAN_PEPPER_ROOT;11154;17;11151;17;;;11186;14;11190;14;;;11170.0;0.0
crash_normal_s0;30800;ASH_COATED_OSMIUM;9997;12;9995;20;;;10001;9;10005;22;;;9999.0;0.0
crash_normal_s0;30900;INTARIAN_PEPPER_ROOT;11162;30;11160;18;;;11178;18;11180;16;;;11170.0;0.0
crash_normal_s0;30900;ASH_COATED_OSMIUM;9999;5;9997;24;;;10003;12;10006;22;;;10001.0;0.0
crash_normal_s0;31000;INTARIAN_PEPPER_ROOT;11167;12;11165;14;;;11173;19;11176;21;;;11170.0;0.0
crash_normal_s0;31000;ASH_COATED_OSMIUM;9976;9;9973;19;;;10028;20;10030;16;;;10002.0;0.0
crash_normal_s0;31100;INTARIAN_PEPPER_ROOT;11158;13;11155;14;;;11188;16;11192;17;;;11173.0;0.0
crash_normal_s0;31100;ASH_COATED_OSMIUM;10001;15;9999;17;;;10007;10;10009;13;;;10004.0;0.0
crash_normal_s0;31200;INTARIAN_PEPPER_ROOT;11163;10;11160;19;;;11179;8;11183;17;;;11171.0;0.0
crash_normal_s0;31200;ASH_COATED_OSMIUM;9999;5;9995;13;;;10003;13;10007;23;;;10001.0;0.0
crash_normal_s0;31300;INTARIAN_PEPPER_ROOT;11160;14;11158;12;;;11180;13;11184;17;;;11170.0;0.0
crash_normal_s0;31300;ASH_COATED_OSMIUM;9994;16;9992;28;;;10018;11;10021;20;;;10006.0;0.0
crash_normal_s0;31400;INTARIAN_PEPPER_ROOT;11158;22;11155;21;;;11182;12;11186;19;;;11170.0;0.0
crash_normal_s0;31400;ASH_COATED_OSMIUM;10011;10;10008;25;;;10013;12;10016;22;;;10012.0;0.0
crash_normal_s0;31500;INTARIAN_PEPPER_ROOT;11167;10;11165;11;;;11175;13;11177;22;;;11171.0;0.0
crash_normal_s0;31500;ASH_COATED_OSMIUM;10005;15;10002;17;;;10017;13;10019;24;;;10011.0;0.0
crash_normal_s0;31600;INTARIAN_PEPPER_ROOT;11170;18;11166;18;;;11172;17;11176;19;;;11171.0;0.0
crash_normal_s0;31600;ASH_COATED_OSMIUM;9991;8;9987;19;;;10033;8;10037;19;;;10012.0;0.0
crash_normal_s0;31700;INTARIAN_PEPPER_ROOT;11169;19;11167;15;;;11173;13;11177;22;;;11171.0;0.0
crash_normal_s0;31700;ASH_COATED_OSMIUM;9986;14;9984;22;;;10036;7;10038;20;;;10011.0;0.0
crash_normal_s0;31800;INTARIAN_PEPPER_ROOT;11171;22;11167;10;;;11173;18;11177;29;;;11172.0;0.0
crash_normal_s0;31800;ASH_COATED_OSMIUM;10004;11;10001;16;;;10014;17;10018;22;;;10009.0;0.0
crash_normal_s0;31900;INTARIAN_PEPPER_ROOT;11166;18;11164;22;;;11176;17;11180;14;;;11171.0;0.0
crash_normal_s0;31900;ASH_COATED_OSMIUM;9981;9;9978;11;;;10039;5;10043;17;;;10010.0;0.0
crash_normal_s0;32000;INTARIAN_PEPPER_ROOT;11168;16;11165;17;;;11174;14;11177;25;;;11171.0;0.0
crash_normal_s0;32000;ASH_COATED_OSMIUM;10012;13;10009;21;;;10014;7;10016;24;;;10013.0;0.0
crash_normal_s0;32100;INTARIAN_PEPPER_ROOT;11165;13;11163;17;;;11175;19;11178;20;;;11170.0;0.0
crash_normal_s0;32100;ASH_COATED_OSMIUM;10013;18;10011;20;;;10021;13;10023;16;;;10017.0;0.0
crash_normal_s0;32200;INTARIAN_PEPPER_ROOT;11168;14;11165;22;;;11174;16;11177;17;;;11171.0;0.0
crash_normal_s0;32200;ASH_COATED_OSMIUM;10021;5;10017;25;;;10023;5;10027;20;;;10022.0;0.0
crash_normal_s0;32300;INTARIAN_PEPPER_ROOT;11165;10;11163;15;;;11173;10;11177;18;;;11169.0;0.0
crash_normal_s0;32300;ASH_COATED_OSMIUM;10012;5;10009;27;;;10022;13;10024;19;;;10017.0;0.0
crash_normal_s0;32400;INTARIAN_PEPPER_ROOT;11167;25;11164;23;;;11169;12;11173;17;;;11168.0;0.0
crash_normal_s0;32400;ASH_COATED_OSMIUM;10010;18;10006;22;;;10020;7;10023;25;;;10015.0;0.0
crash_normal_s0;32500;INTARIAN_PEPPER_ROOT;11165;7;11161;21;;;11171;14;11174;18;;;11168.0;0.0
crash_normal_s0;32500;ASH_COATED_OSMIUM;10012;16;10009;15;;;10016;20;10019;16;;;10014.0;0.0
crash_normal_s0;32600;INTARIAN_PEPPER_ROOT;11163;20;11160;20;;;11173;19;11177;23;;;11168.0;0.0
crash_normal_s0;32600;ASH_COATED_OSMIUM;10005;11;10002;20;;;10021;15;10024;14;;;10013.0;0.0
crash_normal_s0;32700;INTARIAN_PEPPER_ROOT;11170;18;11168;20;;;11176;16;11179;14;;;11173.0;0.0
crash_normal_s0;32700;ASH_COATED_OSMIUM;10005;5;10003;15;;;10007;18;10009;22;;;10006.0;0.0
crash_normal_s0;32800;INTARIAN_PEPPER_ROOT;11171;19;11167;30;;;11173;17;11175;13;;;11172.0;0.0
crash_normal_s0;32800;ASH_COATED_OSMIUM;10005;20;10002;16;;;10007;11;10009;26;;;10006.0;0.0
crash_normal_s0;32900;INTARIAN_PEPPER_ROOT;11174;11;11170;22;;;11176;23;11178;21;;;11175.0;0.0
crash_normal_s0;32900;ASH_COATED_OSMIUM;10005;10;10002;28;;;10019;11;10021;17;;;10012.0;0.0
crash_normal_s0;33000;INTARIAN_PEPPER_ROOT;11176;13;11174;19;;;11178;8;11180;13;;;11177.0;0.0
crash_normal_s0;33000;ASH_COATED_OSMIUM;10000;12;9998;20;;;10010;13;10013;21;;;10005.0;0.0
crash_normal_s0;33100;INTARIAN_PEPPER_ROOT;11166;5;11164;23;;;11184;14;11188;12;;;11175.0;0.0
crash_normal_s0;33100;ASH_COATED_OSMIUM;9996;10;9993;24;;;10014;18;10018;27;;;10005.0;0.0
crash_normal_s0;33200;INTARIAN_PEPPER_ROOT;11169;22;11165;22;;;11183;18;11185;20;;;11176.0;0.0
crash_normal_s0;33200;ASH_COATED_OSMIUM;10002;14;10000;20;;;10004;11;10007;12;;;10003.0;0.0
crash_normal_s0;33300;INTARIAN_PEPPER_ROOT;11170;12;11166;30;;;11180;20;11183;15;;;11175.0;0.0
crash_normal_s0;33300;ASH_COATED_OSMIUM;9978;7;9974;22;;;10030;20;10033;17;;;10004.0;0.0
crash_normal_s0;33400;INTARIAN_PEPPER_ROOT;11161;9;11158;22;;;11179;8;11181;23;;;11170.0;0.0
crash_normal_s0;33400;ASH_COATED_OSMIUM;10000;9;9998;28;;;10006;14;10010;16;;;10003.0;0.0
crash_normal_s0;33500;INTARIAN_PEPPER_ROOT;11171;17;11167;16;;;11173;22;11177;17;;;11172.0;0.0
crash_normal_s0;33500;ASH_COATED_OSMIUM;9999;5;9995;22;;;10001;11;10003;16;;;10000.0;0.0
crash_normal_s0;33600;INTARIAN_PEPPER_ROOT;11162;12;11159;17;;;11174;20;11176;12;;;11168.0;0.0
crash_normal_s0;33600;ASH_COATED_OSMIUM;9995;13;9992;18;;;10009;5;10013;21;;;10002.0;0.0
crash_normal_s0;33700;INTARIAN_PEPPER_ROOT;11169;8;11166;15;;;11173;12;11175;24;;;11171.0;0.0
crash_normal_s0;33700;ASH_COATED_OSMIUM;9998;14;9995;19;;;10006;9;10008;21;;;10002.0;0.0
crash_normal_s0;33800;INTARIAN_PEPPER_ROOT;11165;23;11161;20;;;11173;16;11176;23;;;11169.0;0.0
crash_normal_s0;33800;ASH_COATED_OSMIUM;10005;5;10002;21;;;10007;27;10009;22;;;10006.0;0.0
crash_normal_s0;33900;INTARIAN_PEPPER_ROOT;11165;21;11163;11;;;11183;13;11187;18;;;11174.0;0.0
crash_normal_s0;33900;ASH_COATED_OSMIUM;10005;19;10001;20;;;10009;14;10012;20;;;10007.0;0.0
crash_normal_s0;34000;INTARIAN_PEPPER_ROOT;11174;20;11171;33;;;11178;13;11180;18;;;11176.0;0.0
crash_normal_s0;34000;ASH_COATED_OSMIUM;9997;14;9993;15;;;10021;8;10023;21;;;10009.0;0.0
crash_normal_s0;34100;INTARIAN_PEPPER_ROOT;11174;13;11172;22;;;11178;18;11182;18;;;11176.0;0.0
crash_normal_s0;34100;ASH_COATED_OSMIUM;9999;13;9995;23;;;10027;5;10030;18;;;10013.0;0.0
crash_normal_s0;34200;INTARIAN_PEPPER_ROOT;11172;5;11170;11;;;11176;14;11180;18;;;11174.0;0.0
crash_normal_s0;34200;ASH_COATED_OSMIUM;9978;18;9976;20;;;10036;11;10039;19;;;10007.0;0.0
crash_normal_s0;34300;INTARIAN_PEPPER_ROOT;11170;8;11168;19;;;11174;5;11178;21;;;11172.0;0.0
crash_normal_s0;34300;ASH_COATED_OSMIUM;9991;10;9987;19;;;10025;12;10028;11;;;10008.0;0.0
crash_normal_s0;34400;INTARIAN_PEPPER_ROOT;11160;13;11157;27;;;11184;10;11187;11;;;11172.0;0.0
crash_normal_s0;34400;ASH_COATED_OSMIUM;10007;5;10003;29;;;10011;8;10014;17;;;10009.0;0.0
crash_normal_s0;34500;INTARIAN_PEPPER_ROOT;11168;13;11166;14;;;11176;22;11178;12;;;11172.0;0.0
crash_normal_s0;34500;ASH_COATED_OSMIUM;10001;16;9998;19;;;10009;11;10013;19;;;10005.0;0.0
crash_normal_s0;34600;INTARIAN_PEPPER_ROOT;11159;22;11156;14;;;11185;13;11189;24;;;11172.0;0.0
crash_normal_s0;34600;ASH_COATED_OSMIUM;9993;5;9990;24;;;10013;21;10016;20;;;10003.0;0.0
crash_normal_s0;34700;INTARIAN_PEPPER_ROOT;11170;19;11166;21;;;11176;8;11178;18;;;11173.0;0.0
crash_normal_s0;34700;ASH_COATED_OSMIUM;9995;8;9991;20;;;10007;18;10009;12;;;10001.0;0.0
crash_normal_s0;34800;INTARIAN_PEPPER_ROOT;11170;10;11168;21;;;11178;11;11181;13;;;11174.0;0.0
crash_normal_s0;34800;ASH_COATED_OSMIUM;9998;16;9996;16;;;10000;6;10003;20;;;9999.0;0.0
crash_normal_s0;34900;INTARIAN_PEPPER_ROOT;11173;18;11170;19;;;11179;13;11181;13;;;11176.0;0.0
crash_normal_s0;34900;ASH_COATED_OSMIUM;9994;5;9992;14;;;10004;7;10008;22;;;9999.0;0.0
crash_normal_s0;35000;INTARIAN_PEPPER_ROOT;11168;13;11165;21;;;11182;20;11185;21;;;11175.0;0.0
crash_normal_s0;35000;ASH_COATED_OSMIUM;9968;12;9964;16;;;10028;6;10032;17;;;9998.0;0.0
crash_normal_s0;35100;INTARIAN_PEPPER_ROOT;11171;23;11169;30;;;11175;15;11178;21;;;11173.0;0.0
crash_normal_s0;35100;ASH_COATED_OSMIUM;10002;5;9998;17;;;10004;9;10008;15;;;10003.0;0.0
crash_normal_s0;35200;INTARIAN_PEPPER_ROOT;11171;17;11169;26;;;11181;7;11183;22;;;11176.0;0.0
crash_normal_s0;35200;ASH_COATED_OSMIUM;9986;16;9983;22;;;10018;6;10021;17;;;10002.0;0.0
crash_normal_s0;35300;INTARIAN_PEPPER_ROOT;11172;10;11168;33;;;11178;26;11181;19;;;11175.0;0.0
crash_normal_s0;35300;ASH_COATED_OSMIUM;9996;8;9994;18;;;10004;17;10007;23;;;10000.0;0.0
crash_normal_s0;35400;INTARIAN_PEPPER_ROOT;11172;7;11169;9;;;11176;17;11180;17;;;11174.0;0.0
crash_normal_s0;35400;ASH_COATED_OSMIUM;9995;10;9992;19;;;10001;14;10005;26;;;9998.0;0.0
crash_normal_s0;35500;INTARIAN_PEPPER_ROOT;11169;13;11167;17;;;11177;10;11181;30;;;11173.0;0.0
crash_normal_s0;35500;ASH_COATED_OSMIUM;9996;19;9993;20;;;10006;8;10008;26;;;10001.0;0.0
crash_normal_s0;35600;INTARIAN_PEPPER_ROOT;11160;5;11157;21;;;11180;20;11184;20;;;11170.0;0.0
crash_normal_s0;35600;ASH_COATED_OSMIUM;10001;19;9997;26;;;10003;13;10007;30;;;10002.0;0.0
crash_normal_s0;35700;INTARIAN_PEPPER_ROOT;11165;17;11163;19;;;11175;14;11178;20;;;11170.0;0.0
crash_normal_s0;35700;ASH_COATED_OSMIUM;9993;14;9989;26;;;10007;6;10011;26;;;10000.0;0.0
crash_normal_s0;35800;INTARIAN_PEPPER_ROOT;11167;8;11165;16;;;11171;9;11174;26;;;11169.0;0.0
crash_normal_s0;35800;ASH_COATED_OSMIUM;9995;10;9991;10;;;9999;11;10003;22;;;9997.0;0.0
crash_normal_s0;35900;INTARIAN_PEPPER_ROOT;11161;18;11159;27;;;11181;14;11183;22;;;11171.0;0.0
crash_normal_s0;35900;ASH_COATED_OSMIUM;9969;5;9966;26;;;10023;13;10027;15;;;9996.0;0.0
crash_normal_s0;36000;INTARIAN_PEPPER_ROOT;11160;17;11156;13;;;11186;16;11190;15;;;11173.0;0.0
crash_normal_s0;36000;ASH_COATED_OSMIUM;9992;12;9990;14;;;9996;8;10000;26;;;9994.0;0.0
crash_normal_s0;36100;INTARIAN_PEPPER_ROOT;11155;11;11151;14;;;11193;5;11195;26;;;11174.0;0.0
crash_normal_s0;36100;ASH_COATED_OSMIUM;9996;5;9993;21;;;9998;16;10002;21;;;9997.0;0.0
crash_normal_s0;36200;INTARIAN_PEPPER_ROOT;11175;17;11173;17;;;11177;14;11179;21;;;11176.0;0.0
crash_normal_s0;36200;ASH_COATED_OSMIUM;9988;18;9985;22;;;9994;17;9998;10;;;9991.0;0.0
crash_normal_s0;36300;INTARIAN_PEPPER_ROOT;11166;8;11164;20;;;11190;17;11194;23;;;11178.0;0.0
crash_normal_s0;36300;ASH_COATED_OSMIUM;9964;20;9961;21;;;10014;21;10017;15;;;9989.0;0.0
crash_normal_s0;36400;INTARIAN_PEPPER_ROOT;11172;14;11168;21;;;11182;24;11186;13;;;11177.0;0.0
crash_normal_s0;36400;ASH_COATED_OSMIUM;9992;9;9989;23;;;10002;17;10004;17;;;9997.0;0.0
crash_normal_s0;36500;INTARIAN_PEPPER_ROOT;11171;19;11168;18;;;11187;8;11189;25;;;11179.0;0.0
crash_normal_s0;36500;ASH_COATED_OSMIUM;9981;11;9977;21;;;10015;18;10019;22;;;9998.0;0.0
crash_normal_s0;36600;INTARIAN_PEPPER_ROOT;11176;19;11172;20;;;11180;10;11183;21;;;11178.0;0.0
crash_normal_s0;36600;ASH_COATED_OSMIUM;9988;11;9985;25;;;10000;26;10004;24;;;9994.0;0.0
crash_normal_s0;36700;INTARIAN_PEPPER_ROOT;11176;9;11174;18;;;11180;5;11184;18;;;11178.0;0.0
crash_normal_s0;36700;ASH_COATED_OSMIUM;9988;12;9986;18;;;10000;14;10003;14;;;9994.0;0.0
crash_normal_s0;36800;INTARIAN_PEPPER_ROOT;11175;6;11172;14;;;11181;7;11183;25;;;11178.0;0.0
crash_normal_s0;36800;ASH_COATED_OSMIUM;9986;13;9984;20;;;10008;12;10012;13;;;9997.0;0.0
crash_normal_s0;36900;INTARIAN_PEPPER_ROOT;11167;5;11164;14;;;11187;19;11190;22;;;11177.0;0.0
crash_normal_s0;36900;ASH_COATED_OSMIUM;9996;7;9994;23;;;10004;6;10007;20;;;10000.0;0.0
crash_normal_s0;37000;INTARIAN_PEPPER_ROOT;11171;16;11168;21;;;11185;20;11188;22;;;11178.0;0.0
crash_normal_s0;37000;ASH_COATED_OSMIUM;9993;17;9990;16;;;10001;5;10005;18;;;9997.0;0.0
crash_normal_s0;37100;INTARIAN_PEPPER_ROOT;11163;6;11159;17;;;11189;13;11192;22;;;11176.0;0.0
crash_normal_s0;37100;ASH_COATED_OSMIUM;9997;17;9994;23;;;10005;16;10007;12;;;10001.0;0.0
crash_normal_s0;37200;INTARIAN_PEPPER_ROOT;11178;16;11174;22;;;11180;22;11182;19;;;11179.0;0.0
crash_normal_s0;37200;ASH_COATED_OSMIUM;9998;10;9996;23;;;10000;10;10004;21;;;9999.0;0.0
crash_normal_s0;37300;INTARIAN_PEPPER_ROOT;11173;6;11170;17;;;11183;12;11187;15;;;11178.0;0.0
crash_normal_s0;37300;ASH_COATED_OSMIUM;9982;18;9978;15;;;10008;12;10011;21;;;9995.0;0.0
crash_normal_s0;37400;INTARIAN_PEPPER_ROOT;11177;19;11173;18;;;11181;14;11185;18;;;11179.0;0.0
crash_normal_s0;37400;ASH_COATED_OSMIUM;9988;10;9985;24;;;10006;15;10008;19;;;9997.0;0.0
crash_normal_s0;37500;INTARIAN_PEPPER_ROOT;11164;18;11160;18;;;11196;13;11200;24;;;11180.0;0.0
crash_normal_s0;37500;ASH_COATED_OSMIUM;9993;12;9991;20;;;10003;23;10005;18;;;9998.0;0.0
crash_normal_s0;37600;INTARIAN_PEPPER_ROOT;11171;22;11168;21;;;11195;18;11198;29;;;11183.0;0.0
crash_normal_s0;37600;ASH_COATED_OSMIUM;9987;14;9985;16;;;10009;6;10011;20;;;9998.0;0.0
crash_normal_s0;37700;INTARIAN_PEPPER_ROOT;11168;18;11166;17;;;11192;11;11196;21;;;11180.0;0.0
crash_normal_s0;37700;ASH_COATED_OSMIUM;9993;11;9989;28;;;10001;13;10005;10;;;9997.0;0.0
crash_normal_s0;37800;INTARIAN_PEPPER_ROOT;11179;10;11176;17;;;11181;12;11184;21;;;11180.0;0.0
crash_normal_s0;37800;ASH_COATED_OSMIUM;9983;12;9979;19;;;10013;17;10015;21;;;9998.0;0.0
crash_normal_s0;37900;INTARIAN_PEPPER_ROOT;11174;9;11171;18;;;11190;9;11192;21;;;11182.0;0.0
crash_normal_s0;37900;ASH_COATED_OSMIUM;9979;17;9975;12;;;10017;23;10021;23;;;9998.0;0.0
crash_normal_s0;38000;INTARIAN_PEPPER_ROOT;11175;5;11173;21;;;11183;15;11187;18;;;11179.0;0.0
crash_normal_s0;38000;ASH_COATED_OSMIUM;9989;15;9985;25;;;10001;16;10004;30;;;9995.0;0.0
crash_normal_s0;38100;INTARIAN_PEPPER_ROOT;11179;9;11177;11;;;11181;12;11184;32;;;11180.0;0.0
crash_normal_s0;38100;ASH_COATED_OSMIUM;9993;13;9990;13;;;9995;15;9997;24;;;9994.0;0.0
crash_normal_s0;38200;INTARIAN_PEPPER_ROOT;11175;18;11172;20;;;11177;11;11181;17;;;11176.0;0.0
crash_normal_s0;38200;ASH_COATED_OSMIUM;9987;9;9983;23;;;9995;18;9999;26;;;9991.0;0.0
crash_normal_s0;38300;INTARIAN_PEPPER_ROOT;11172;18;11168;19;;;11178;21;11180;18;;;11175.0;0.0
crash_normal_s0;38300;ASH_COATED_OSMIUM;9995;15;9991;24;;;9999;22;10001;16;;;9997.0;0.0
crash_normal_s0;38400;INTARIAN_PEPPER_ROOT;11169;19;11166;18;;;11181;17;11183;10;;;11175.0;0.0
crash_normal_s0;38400;ASH_COATED_OSMIUM;9992;12;9990;16;;;9998;23;10001;8;;;9995.0;0.0
crash_normal_s0;38500;INTARIAN_PEPPER_ROOT;11170;11;11168;22;;;11176;20;11179;11;;;11173.0;0.0
crash_normal_s0;38500;ASH_COATED_OSMIUM;9986;21;9982;18;;;10008;13;10011;11;;;9997.0;0.0
crash_normal_s0;38600;INTARIAN_PEPPER_ROOT;11168;15;11166;26;;;11174;8;11176;19;;;11171.0;0.0
crash_normal_s0;38600;ASH_COATED_OSMIUM;9976;13;9973;16;;;10026;9;10030;14;;;10001.0;0.0
crash_normal_s0;38700;INTARIAN_PEPPER_ROOT;11163;20;11161;29;;;11175;12;11179;22;;;11169.0;0.0
crash_normal_s0;38700;ASH_COATED_OSMIUM;9997;7;9993;15;;;9999;12;10001;19;;;9998.0;0.0
crash_normal_s0;38800;INTARIAN_PEPPER_ROOT;11167;19;11164;27;;;11179;22;11182;11;;;11173.0;0.0
crash_normal_s0;38800;ASH_COATED_OSMIUM;9987;10;9984;16;;;10009;15;10012;19;;;9998.0;0.0
crash_normal_s0;38900;INTARIAN_PEPPER_ROOT;11163;24;11159;14;;;11185;17;11188;16;;;11174.0;0.0
crash_normal_s0;38900;ASH_COATED_OSMIUM;9989;5;9986;23;;;10003;12;10005;23;;;9996.0;0.0
crash_normal_s0;39000;INTARIAN_PEPPER_ROOT;11174;21;11170;10;;;11176;20;11179;20;;;11175.0;0.0
crash_normal_s0;39000;ASH_COATED_OSMIUM;9990;9;9987;29;;;10000;12;10002;15;;;9995.0;0.0
crash_normal_s0;39100;INTARIAN_PEPPER_ROOT;11168;20;11166;8;;;11182;14;11185;23;;;11175.0;0.0
crash_normal_s0;39100;ASH_COATED_OSMIUM;9993;13;9990;22;;;9995;12;9999;17;;;9994.0;0.0
crash_normal_s0;39200;INTARIAN_PEPPER_ROOT;11171;16;11167;17;;;11177;12;11181;13;;;11174.0;0.0
crash_normal_s0;39200;ASH_COATED_OSMIUM;9995;12;9993;15;;;9999;8;10003;25;;;9997.0;0.0
crash_normal_s0;39300;INTARIAN_PEPPER_ROOT;11169;23;11166;16;;;11175;9;11179;16;;;11172.0;0.0
crash_normal_s0;39300;ASH_COATED_OSMIUM;9994;16;9991;25;;;9996;14;9999;16;;;9995.0;0.0
crash_normal_s0;39400;INTARIAN_PEPPER_ROOT;11171;26;11168;20;;;11173;18;11175;15;;;11172.0;0.0
crash_normal_s0;39400;ASH_COATED_OSMIUM;9984;15;9982;19;;;10006;9;10008;28;;;9995.0;0.0
crash_normal_s0;39500;INTARIAN_PEPPER_ROOT;11170;16;11166;23;;;11172;10;11175;22;;;11171.0;0.0
crash_normal_s0;39500;ASH_COATED_OSMIUM;9993;10;9989;19;;;10009;5;10012;24;;;10001.0;0.0
crash_normal_s0;39600;INTARIAN_PEPPER_ROOT;11168;14;11166;24;;;11180;17;11183;18;;;11174.0;0.0
crash_normal_s0;39600;ASH_COATED_OSMIUM;9996;11;9994;33;;;10000;16;10003;25;;;9998.0;0.0
crash_normal_s0;39700;INTARIAN_PEPPER_ROOT;11155;9;11152;14;;;11197;10;11201;23;;;11176.0;0.0
crash_normal_s0;39700;ASH_COATED_OSMIUM;10001;12;9999;15;;;10003;20;10007;18;;;10002.0;0.0
crash_normal_s0;39800;INTARIAN_PEPPER_ROOT;11174;19;11172;16;;;11186;9;11190;18;;;11180.0;0.0
crash_normal_s0;39800;ASH_COATED_OSMIUM;9972;17;9968;22;;;10032;11;10034;21;;;10002.0;0.0
crash_normal_s0;39900;INTARIAN_PEPPER_ROOT;11175;23;11173;16;;;11189;16;11191;13;;;11182.0;0.0
crash_normal_s0;39900;ASH_COATED_OSMIUM;10001;17;9997;19;;;10007;8;10010;11;;;10004.0;0.0
crash_normal_s0;40000;INTARIAN_PEPPER_ROOT;11180;19;11178;17;;;11184;13;11186;34;;;11182.0;0.0
crash_normal_s0;40000;ASH_COATED_OSMIUM;9995;13;9992;23;;;10009;18;10013;16;;;10002.0;0.0
crash_normal_s0;40100;INTARIAN_PEPPER_ROOT;11175;16;11172;23;;;11183;20;11186;26;;;11179.0;0.0
crash_normal_s0;40100;ASH_COATED_OSMIUM;9997;14;9994;20;;;10011;11;10013;23;;;10004.0;0.0
crash_normal_s0;40200;INTARIAN_PEPPER_ROOT;11181;15;11178;22;;;11183;9;11186;22;;;11182.0;0.0
crash_normal_s0;40200;ASH_COATED_OSMIUM;10004;14;10001;18;;;10006;9;10008;22;;;10005.0;0.0
crash_normal_s0;40300;INTARIAN_PEPPER_ROOT;11157;12;11153;17;;;11209;5;11213;23;;;11183.0;0.0
crash_normal_s0;40300;ASH_COATED_OSMIUM;9995;12;9993;20;;;10013;7;10015;14;;;10004.0;0.0
crash_normal_s0;40400;INTARIAN_PEPPER_ROOT;11176;9;11173;16;;;11184;12;11188;12;;;11180.0;0.0
crash_normal_s0;40400;ASH_COATED_OSMIUM;9995;10;9991;19;;;10009;12;10013;12;;;10002.0;0.0
crash_normal_s0;40500;INTARIAN_PEPPER_ROOT;11171;14;11167;27;;;11191;14;11193;17;;;11181.0;0.0
crash_normal_s0;40500;ASH_COATED_OSMIUM;9992;5;9990;14;;;10004;5;10008;16;;;9998.0;0.0
crash_normal_s0;40600;INTARIAN_PEPPER_ROOT;11163;20;11160;25;;;11203;16;11206;17;;;11183.0;0.0
crash_normal_s0;40600;ASH_COATED_OSMIUM;9983;14;9979;24;;;10011;13;10014;9;;;9997.0;0.0
crash_normal_s0;40700;INTARIAN_PEPPER_ROOT;11178;6;11176;16;;;11190;9;11193;16;;;11184.0;0.0
crash_normal_s0;40700;ASH_COATED_OSMIUM;9993;9;9990;13;;;9999;15;10001;13;;;9996.0;0.0
crash_normal_s0;40800;INTARIAN_PEPPER_ROOT;11175;10;11173;25;;;11193;5;11197;16;;;11184.0;0.0
crash_normal_s0;40800;ASH_COATED_OSMIUM;9986;20;9982;23;;;10004;20;10006;28;;;9995.0;0.0
crash_normal_s0;40900;INTARIAN_PEPPER_ROOT;11179;23;11177;19;;;11187;6;11191;17;;;11183.0;0.0
crash_normal_s0;40900;ASH_COATED_OSMIUM;9983;9;9980;17;;;10003;9;10007;19;;;9993.0;0.0
crash_normal_s0;41000;INTARIAN_PEPPER_ROOT;11165;20;11161;26;;;11195;13;11198;18;;;11180.0;0.0
crash_normal_s0;41000;ASH_COATED_OSMIUM;9992;6;9988;13;;;9996;17;9999;19;;;9994.0;0.0
crash_normal_s0;41100;INTARIAN_PEPPER_ROOT;11177;10;11173;22;;;11189;11;11191;20;;;11183.0;0.0
crash_normal_s0;41100;ASH_COATED_OSMIUM;9976;11;9974;19;;;10010;16;10014;23;;;9993.0;0.0
crash_normal_s0;41200;INTARIAN_PEPPER_ROOT;11178;16;11175;22;;;11186;16;11188;26;;;11182.0;0.0
crash_normal_s0;41200;ASH_COATED_OSMIUM;9976;9;9972;19;;;10012;17;10014;28;;;9994.0;0.0
crash_normal_s0;41300;INTARIAN_PEPPER_ROOT;11175;10;11172;24;;;11191;22;11195;20;;;11183.0;0.0
crash_normal_s0;41300;ASH_COATED_OSMIUM;9992;13;9989;24;;;10004;13;10007;13;;;9998.0;0.0
crash_normal_s0;41400;INTARIAN_PEPPER_ROOT;11179;15;11177;25;;;11193;20;11195;20;;;11186.0;0.0
crash_normal_s0;41400;ASH_COATED_OSMIUM;9992;9;9990;19;;;10004;10;10008;19;;;9998.0;0.0
crash_normal_s0;41500;INTARIAN_PEPPER_ROOT;11184;6;11181;18;;;11192;5;11196;21;;;11188.0;0.0
crash_normal_s0;41500;ASH_COATED_OSMIUM;9996;9;9993;26;;;9998;12;10001;20;;;9997.0;0.0
crash_normal_s0;41600;INTARIAN_PEPPER_ROOT;11189;15;11186;15;;;11191;14;11193;21;;;11190.0;0.0
crash_normal_s0;41600;ASH_COATED_OSMIUM;9982;8;9980;14;;;10014;16;10016;13;;;9998.0;0.0
crash_normal_s0;41700;INTARIAN_PEPPER_ROOT;11182;6;11180;21;;;11198;12;11200;24;;;11190.0;0.0
crash_normal_s0;41700;ASH_COATED_OSMIUM;9993;5;9990;26;;;10011;17;10015;19;;;10002.0;0.0
crash_normal_s0;41800;INTARIAN_PEPPER_ROOT;11183;10;11179;21;;;11205;24;11208;18;;;11194.0;0.0
crash_normal_s0;41800;ASH_COATED_OSMIUM;10003;13;10001;11;;;10005;8;10009;18;;;10004.0;0.0
crash_normal_s0;41900;INTARIAN_PEPPER_ROOT;11197;11;11193;13;;;11199;20;11201;26;;;11198.0;0.0
crash_normal_s0;41900;ASH_COATED_OSMIUM;9986;11;9983;24;;;10026;13;10029;18;;;10006.0;0.0
crash_normal_s0;42000;INTARIAN_PEPPER_ROOT;11192;16;11190;14;;;11208;17;11210;8;;;11200.0;0.0
crash_normal_s0;42000;ASH_COATED_OSMIUM;10001;5;9999;26;;;10003;8;10005;12;;;10002.0;0.0
crash_normal_s0;42100;INTARIAN_PEPPER_ROOT;11201;12;11198;14;;;11203;21;11207;17;;;11202.0;0.0
crash_normal_s0;42100;ASH_COATED_OSMIUM;9996;19;9993;15;;;10000;11;10003;26;;;9998.0;0.0
crash_normal_s0;42200;INTARIAN_PEPPER_ROOT;11193;11;11191;20;;;11203;17;11207;16;;;11198.0;0.0
crash_normal_s0;42200;ASH_COATED_OSMIUM;9992;5;9990;19;;;9996;12;9998;9;;;9994.0;0.0
crash_normal_s0;42300;INTARIAN_PEPPER_ROOT;11198;17;11196;16;;;11200;6;11203;18;;;11199.0;0.0
crash_normal_s0;42300;ASH_COATED_OSMIUM;9992;11;9988;12;;;10004;14;10008;17;;;9998.0;0.0
crash_normal_s0;42400;INTARIAN_PEPPER_ROOT;11187;26;11183;14;;;11211;16;11213;19;;;11199.0;0.0
crash_normal_s0;42400;ASH_COATED_OSMIUM;9993;13;9990;28;;;9995;13;9997;23;;;9994.0;0.0
crash_normal_s0;42500;INTARIAN_PEPPER_ROOT;11199;15;11196;15;;;11201;19;11205;29;;;11200.0;0.0
crash_normal_s0;42500;ASH_COATED_OSMIUM;9996;8;9994;19;;;9998;20;10000;15;;;9997.0;0.0
crash_normal_s0;42600;INTARIAN_PEPPER_ROOT;11197;8;11193;19;;;11209;13;11213;14;;;11203.0;0.0
crash_normal_s0;42600;ASH_COATED_OSMIUM;9996;13;9993;21;;;9998;10;10000;19;;;9997.0;0.0
crash_normal_s0;42700;INTARIAN_PEPPER_ROOT;11189;17;11186;22;;;11205;19;11209;23;;;11197.0;0.0
crash_normal_s0;42700;ASH_COATED_OSMIUM;9998;8;9994;18;;;10000;10;10004;21;;;9999.0;0.0
crash_normal_s0;42800;INTARIAN_PEPPER_ROOT;11191;15;11188;18;;;11203;18;11206;18;;;11197.0;0.0
crash_normal_s0;42800;ASH_COATED_OSMIUM;10001;8;9997;20;;;10003;16;10006;22;;;10002.0;0.0
crash_normal_s0;42900;INTARIAN_PEPPER_ROOT;11197;13;11193;18;;;11199;18;11202;20;;;11198.0;0.0
crash_normal_s0;42900;ASH_COATED_OSMIUM;10003;20;10001;19;;;10007;13;10011;14;;;10005.0;0.0
crash_normal_s0;43000;INTARIAN_PEPPER_ROOT;11196;15;11194;14;;;11198;11;11202;19;;;11197.0;0.0
crash_normal_s0;43000;ASH_COATED_OSMIUM;10006;5;10002;17;;;10016;13;10018;27;;;10011.0;0.0
crash_normal_s0;43100;INTARIAN_PEPPER_ROOT;11193;11;11189;18;;;11197;18;11200;20;;;11195.0;0.0
crash_normal_s0;43100;ASH_COATED_OSMIUM;9994;14;9991;18;;;10022;17;10026;18;;;10008.0;0.0
crash_normal_s0;43200;INTARIAN_PEPPER_ROOT;11196;5;11192;17;;;11198;7;11202;19;;;11197.0;0.0
crash_normal_s0;43200;ASH_COATED_OSMIUM;10012;12;10010;18;;;10014;15;10016;20;;;10013.0;0.0
crash_normal_s0;43300;INTARIAN_PEPPER_ROOT;11195;6;11191;26;;;11201;13;11205;16;;;11198.0;0.0
crash_normal_s0;43300;ASH_COATED_OSMIUM;9991;14;9987;15;;;10033;21;10037;24;;;10012.0;0.0
crash_normal_s0;43400;INTARIAN_PEPPER_ROOT;11184;12;11182;17;;;11210;20;11212;22;;;11197.0;0.0
crash_normal_s0;43400;ASH_COATED_OSMIUM;10009;9;10005;12;;;10011;16;10013;19;;;10010.0;0.0
crash_normal_s0;43500;INTARIAN_PEPPER_ROOT;11193;21;11191;22;;;11203;6;11206;22;;;11198.0;0.0
crash_normal_s0;43500;ASH_COATED_OSMIUM;10002;17;10000;18;;;10018;21;10022;12;;;10010.0;0.0
crash_normal_s0;43600;INTARIAN_PEPPER_ROOT;11199;16;11196;19;;;11201;21;11204;23;;;11200.0;0.0
crash_normal_s0;43600;ASH_COATED_OSMIUM;10004;7;10001;24;;;10008;25;10010;17;;;10006.0;0.0
crash_normal_s0;43700;INTARIAN_PEPPER_ROOT;11199;20;11195;15;;;11201;14;11204;8;;;11200.0;0.0
crash_normal_s0;43700;ASH_COATED_OSMIUM;10006;16;10004;17;;;10008;13;10012;8;;;10007.0;0.0
crash_normal_s0;43800;INTARIAN_PEPPER_ROOT;11202;19;11198;12;;;11206;16;11208;27;;;11204.0;0.0
crash_normal_s0;43800;ASH_COATED_OSMIUM;9993;10;9991;21;;;10017;16;10019;14;;;10005.0;0.0
crash_normal_s0;43900;INTARIAN_PEPPER_ROOT;11203;12;11200;19;;;11205;14;11209;20;;;11204.0;0.0
crash_normal_s0;43900;ASH_COATED_OSMIUM;9988;13;9985;25;;;10024;10;10028;18;;;10006.0;0.0
crash_normal_s0;44000;INTARIAN_PEPPER_ROOT;11192;18;11189;26;;;11214;17;11216;18;;;11203.0;0.0
crash_normal_s0;44000;ASH_COATED_OSMIUM;10008;9;10004;15;;;10010;9;10013;25;;;10009.0;0.0
crash_normal_s0;44100;INTARIAN_PEPPER_ROOT;11201;12;11199;26;;;11203;12;11205;24;;;11202.0;0.0
crash_normal_s0;44100;ASH_COATED_OSMIUM;9993;22;9989;22;;;10033;10;10037;25;;;10013.0;0.0
crash_normal_s0;44200;INTARIAN_PEPPER_ROOT;11201;23;11197;19;;;11203;15;11205;23;;;11202.0;0.0
crash_normal_s0;44200;ASH_COATED_OSMIUM;10009;8;10005;25;;;10011;13;10015;18;;;10010.0;0.0
crash_normal_s0;44300;INTARIAN_PEPPER_ROOT;11199;12;11197;21;;;11207;10;11211;19;;;11203.0;0.0
crash_normal_s0;44300;ASH_COATED_OSMIUM;9991;15;9988;15;;;10027;15;10031;22;;;10009.0;0.0
crash_normal_s0;44400;INTARIAN_PEPPER_ROOT;11202;21;11200;24;;;11208;5;11212;20;;;11205.0;0.0
crash_normal_s0;44400;ASH_COATED_OSMIUM;10010;9;10007;22;;;10012;17;10014;22;;;10011.0;0.0
crash_normal_s0;44500;INTARIAN_PEPPER_ROOT;11203;17;11199;17;;;11207;15;11210;9;;;11205.0;0.0
crash_normal_s0;44500;ASH_COATED_OSMIUM;10005;10;10003;18;;;10023;17;10026;25;;;10014.0;0.0
crash_normal_s0;44600;INTARIAN_PEPPER_ROOT;11206;15;11204;15;;;11208;14;11210;13;;;11207.0;0.0
crash_normal_s0;44600;ASH_COATED_OSMIUM;10015;10;10013;14;;;10019;11;10022;18;;;10017.0;0.0
crash_normal_s0;44700;INTARIAN_PEPPER_ROOT;11204;11;11200;15;;;11208;14;11210;12;;;11206.0;0.0
crash_normal_s0;44700;ASH_COATED_OSMIUM;10008;17;10004;29;;;10020;12;10022;23;;;10014.0;0.0
crash_normal_s0;44800;INTARIAN_PEPPER_ROOT;11200;13;11197;13;;;11208;11;11210;20;;;11204.0;0.0
crash_normal_s0;44800;ASH_COATED_OSMIUM;10011;19;10008;25;;;10017;9;10019;20;;;10014.0;0.0
crash_normal_s0;44900;INTARIAN_PEPPER_ROOT;11201;18;11198;27;;;11207;8;11211;19;;;11204.0;0.0
crash_normal_s0;44900;ASH_COATED_OSMIUM;10004;11;10002;19;;;10008;11;10012;22;;;10006.0;0.0
crash_normal_s0;45000;INTARIAN_PEPPER_ROOT;11201;22;11199;15;;;11205;5;11209;22;;;11203.0;0.0
crash_normal_s0;45000;ASH_COATED_OSMIUM;10003;13;9999;29;;;10005;6;10009;16;;;10004.0;0.0
crash_normal_s0;45100;INTARIAN_PEPPER_ROOT;11203;18;11199;13;;;11207;19;11209;19;;;11205.0;0.0
crash_normal_s0;45100;ASH_COATED_OSMIUM;10000;14;9998;28;;;10002;16;10006;8;;;10001.0;0.0
crash_normal_s0;45200;INTARIAN_PEPPER_ROOT;11183;5;11181;20;;;11229;20;11231;16;;;11206.0;0.0
crash_normal_s0;45200;ASH_COATED_OSMIUM;9983;20;9981;29;;;10023;5;10025;23;;;10003.0;0.0
crash_normal_s0;45300;INTARIAN_PEPPER_ROOT;11206;9;11203;28;;;11208;8;11212;28;;;11207.0;0.0
crash_normal_s0;45300;ASH_COATED_OSMIUM;9975;17;9971;22;;;10019;8;10022;17;;;9997.0;0.0
crash_normal_s0;45400;INTARIAN_PEPPER_ROOT;11204;18;11200;23;;;11212;14;11216;18;;;11208.0;0.0
crash_normal_s0;45400;ASH_COATED_OSMIUM;9974;13;9970;17;;;10018;18;10021;24;;;9996.0;0.0
crash_normal_s0;45500;INTARIAN_PEPPER_ROOT;11208;13;11206;16;;;11218;9;11222;24;;;11213.0;0.0
crash_normal_s0;45500;ASH_COATED_OSMIUM;9970;13;9967;15;;;10020;5;10023;22;;;9995.0;0.0
crash_normal_s0;45600;INTARIAN_PEPPER_ROOT;11195;19;11191;16;;;11231;13;11234;28;;;11213.0;0.0
crash_normal_s0;45600;ASH_COATED_OSMIUM;9990;14;9987;17;;;10002;16;10004;19;;;9996.0;0.0
crash_normal_s0;45700;INTARIAN_PEPPER_ROOT;11202;7;11200;16;;;11218;16;11222;20;;;11210.0;0.0
crash_normal_s0;45700;ASH_COATED_OSMIUM;9993;11;9991;18;;;10003;9;10006;22;;;9998.0;0.0
crash_normal_s0;45800;INTARIAN_PEPPER_ROOT;11206;10;11203;18;;;11214;24;11217;28;;;11210.0;0.0
crash_normal_s0;45800;ASH_COATED_OSMIUM;9981;6;9979;22;;;10009;14;10012;19;;;9995.0;0.0
crash_normal_s0;45900;INTARIAN_PEPPER_ROOT;11207;7;11204;28;;;11213;18;11216;23;;;11210.0;0.0
crash_normal_s0;45900;ASH_COATED_OSMIUM;9997;19;9994;25;;;10001;15;10004;30;;;9999.0;0.0
crash_normal_s0;46000;INTARIAN_PEPPER_ROOT;11207;20;11203;21;;;11213;16;11215;14;;;11210.0;0.0
crash_normal_s0;46000;ASH_COATED_OSMIUM;10000;12;9997;8;;;10004;11;10006;27;;;10002.0;0.0
crash_normal_s0;46100;INTARIAN_PEPPER_ROOT;11202;17;11198;17;;;11216;14;11219;18;;;11209.0;0.0
crash_normal_s0;46100;ASH_COATED_OSMIUM;10001;15;9998;22;;;10007;11;10009;25;;;10004.0;0.0
crash_normal_s0;46200;INTARIAN_PEPPER_ROOT;11207;16;11205;17;;;11209;11;11211;14;;;11208.0;0.0
crash_normal_s0;46200;ASH_COATED_OSMIUM;10002;17;9998;27;;;10006;11;10008;13;;;10004.0;0.0
crash_normal_s0;46300;INTARIAN_PEPPER_ROOT;11203;27;11199;15;;;11217;17;11220;21;;;11210.0;0.0
crash_normal_s0;46300;ASH_COATED_OSMIUM;10000;15;9997;18;;;10004;8;10008;22;;;10002.0;0.0
crash_normal_s0;46400;INTARIAN_PEPPER_ROOT;11202;14;11199;28;;;11216;20;11220;26;;;11209.0;0.0
crash_normal_s0;46400;ASH_COATED_OSMIUM;9978;9;9974;19;;;10014;9;10017;18;;;9996.0;0.0
crash_normal_s0;46500;INTARIAN_PEPPER_ROOT;11211;9;11208;19;;;11217;13;11220;21;;;11214.0;0.0
crash_normal_s0;46500;ASH_COATED_OSMIUM;9996;16;9994;30;;;9998;11;10000;21;;;9997.0;0.0
crash_normal_s0;46600;INTARIAN_PEPPER_ROOT;11211;14;11208;17;;;11213;8;11215;26;;;11212.0;0.0
crash_normal_s0;46600;ASH_COATED_OSMIUM;10002;14;9999;17;;;10006;5;10009;33;;;10004.0;0.0
crash_normal_s0;46700;INTARIAN_PEPPER_ROOT;11192;16;11189;16;;;11230;9;11232;20;;;11211.0;0.0
crash_normal_s0;46700;ASH_COATED_OSMIUM;9994;16;9992;22;;;10018;16;10020;26;;;10006.0;0.0
crash_normal_s0;46800;INTARIAN_PEPPER_ROOT;11199;9;11195;12;;;11215;17;11218;23;;;11207.0;0.0
crash_normal_s0;46800;ASH_COATED_OSMIUM;9999;9;9995;16;;;10013;22;10017;21;;;10006.0;0.0
crash_normal_s0;46900;INTARIAN_PEPPER_ROOT;11207;16;11205;23;;;11209;16;11213;28;;;11208.0;0.0
crash_normal_s0;46900;ASH_COATED_OSMIUM;10004;11;10002;19;;;10008;13;10010;16;;;10006.0;0.0
crash_normal_s0;47000;INTARIAN_PEPPER_ROOT;11202;15;11198;24;;;11208;12;11212;23;;;11205.0;0.0
crash_normal_s0;47000;ASH_COATED_OSMIUM;10004;15;10001;27;;;10014;23;10018;24;;;10009.0;0.0
crash_normal_s0;47100;INTARIAN_PEPPER_ROOT;11203;8;11201;14;;;11205;13;11208;26;;;11204.0;0.0
crash_normal_s0;47100;ASH_COATED_OSMIUM;10011;12;10008;21;;;10013;7;10017;23;;;10012.0;0.0
crash_normal_s0;47200;INTARIAN_PEPPER_ROOT;11179;14;11175;15;;;11229;18;11232;30;;;11204.0;0.0
crash_normal_s0;47200;ASH_COATED_OSMIUM;9989;7;9986;19;;;10029;16;10032;19;;;10009.0;0.0
crash_normal_s0;47300;INTARIAN_PEPPER_ROOT;11199;20;11196;28;;;11209;5;11212;27;;;11204.0;0.0
crash_normal_s0;47300;ASH_COATED_OSMIUM;10003;9;10001;14;;;10011;13;10015;28;;;10007.0;0.0
crash_normal_s0;47400;INTARIAN_PEPPER_ROOT;11207;16;11205;26;;;11209;5;11212;22;;;11208.0;0.0
crash_normal_s0;47400;ASH_COATED_OSMIUM;10003;13;10001;26;;;10015;12;10019;23;;;10009.0;0.0
crash_normal_s0;47500;INTARIAN_PEPPER_ROOT;11206;6;11203;21;;;11214;6;11217;20;;;11210.0;0.0
crash_normal_s0;47500;ASH_COATED_OSMIUM;10002;18;9998;15;;;10016;5;10018;16;;;10009.0;0.0
crash_normal_s0;47600;INTARIAN_PEPPER_ROOT;11204;18;11200;11;;;11222;9;11226;18;;;11213.0;0.0
crash_normal_s0;47600;ASH_COATED_OSMIUM;10004;29;10001;23;;;10018;5;10021;23;;;10011.0;0.0
crash_normal_s0;47700;INTARIAN_PEPPER_ROOT;11211;11;11208;14;;;11213;11;11217;17;;;11212.0;0.0
crash_normal_s0;47700;ASH_COATED_OSMIUM;10011;20;10008;25;;;10013;25;10016;17;;;10012.0;0.0
crash_normal_s0;47800;INTARIAN_PEPPER_ROOT;11212;17;11210;25;;;11218;12;11222;11;;;11215.0;0.0
crash_normal_s0;47800;ASH_COATED_OSMIUM;9988;17;9985;21;;;10026;5;10028;22;;;10007.0;0.0
crash_normal_s0;47900;INTARIAN_PEPPER_ROOT;11215;12;11211;24;;;11217;25;11219;16;;;11216.0;0.0
crash_normal_s0;47900;ASH_COATED_OSMIUM;10004;18;10000;20;;;10008;8;10012;21;;;10006.0;0.0
crash_normal_s0;48000;INTARIAN_PEPPER_ROOT;11217;14;11215;23;;;11219;13;11223;21;;;11218.0;0.0
crash_normal_s0;48000;ASH_COATED_OSMIUM;10006;19;10003;26;;;10008;12;10011;14;;;10007.0;0.0
crash_normal_s0;48100;INTARIAN_PEPPER_ROOT;11213;23;11209;23;;;11229;9;11232;16;;;11221.0;0.0
crash_normal_s0;48100;ASH_COATED_OSMIUM;10007;14;10004;20;;;10009;15;10011;16;;;10008.0;0.0
crash_normal_s0;48200;INTARIAN_PEPPER_ROOT;11218;14;11215;13;;;11220;10;11223;16;;;11219.0;0.0
crash_normal_s0;48200;ASH_COATED_OSMIUM;10006;18;10002;17;;;10010;12;10013;17;;;10008.0;0.0
crash_normal_s0;48300;INTARIAN_PEPPER_ROOT;11211;9;11207;12;;;11225;11;11229;19;;;11218.0;0.0
crash_normal_s0;48300;ASH_COATED_OSMIUM;10001;8;9997;18;;;10019;9;10023;19;;;10010.0;0.0
crash_normal_s0;48400;INTARIAN_PEPPER_ROOT;11209;6;11206;24;;;11235;15;11237;22;;;11222.0;0.0
crash_normal_s0;48400;ASH_COATED_OSMIUM;9992;8;9990;21;;;10032;9;10036;21;;;10012.0;0.0
crash_normal_s0;48500;INTARIAN_PEPPER_ROOT;11208;5;11205;17;;;11224;5;11226;20;;;11216.0;0.0
crash_normal_s0;48500;ASH_COATED_OSMIUM;10009;14;10007;28;;;10011;16;10013;14;;;10010.0;0.0
crash_normal_s0;48600;INTARIAN_PEPPER_ROOT;11217;16;11214;19;;;11223;22;11225;28;;;11220.0;0.0
crash_normal_s0;48600;ASH_COATED_OSMIUM;10008;16;10004;26;;;10016;20;10020;17;;;10012.0;0.0
crash_normal_s0;48700;INTARIAN_PEPPER_ROOT;11209;5;11206;13;;;11233;9;11236;19;;;11221.0;0.0
crash_normal_s0;48700;ASH_COATED_OSMIUM;10008;23;10004;15;;;10012;18;10014;27;;;10010.0;0.0
crash_normal_s0;48800;INTARIAN_PEPPER_ROOT;11206;21;11204;21;;;11238;13;11242;20;;;11222.0;0.0
crash_normal_s0;48800;ASH_COATED_OSMIUM;10007;5;10005;23;;;10011;11;10013;17;;;10009.0;0.0
crash_normal_s0;48900;INTARIAN_PEPPER_ROOT;11218;16;11214;19;;;11228;16;11230;16;;;11223.0;0.0
crash_normal_s0;48900;ASH_COATED_OSMIUM;9991;13;9988;30;;;10029;16;10031;16;;;10010.0;0.0
crash_normal_s0;49000;INTARIAN_PEPPER_ROOT;11219;16;11217;25;;;11223;15;11225;27;;;11221.0;0.0
crash_normal_s0;49000;ASH_COATED_OSMIUM;9995;11;9992;12;;;10023;15;10026;14;;;10009.0;0.0
crash_normal_s0;49100;INTARIAN_PEPPER_ROOT;11213;20;11210;12;;;11231;16;11234;18;;;11222.0;0.0
crash_normal_s0;49100;ASH_COATED_OSMIUM;9998;12;9995;29;;;10024;18;10026;24;;;10011.0;0.0
crash_normal_s0;49200;INTARIAN_PEPPER_ROOT;11220;10;11218;20;;;11226;15;11229;18;;;11223.0;0.0
crash_normal_s0;49200;ASH_COATED_OSMIUM;10011;5;10008;20;;;10013;14;10016;19;;;10012.0;0.0
crash_normal_s0;49300;INTARIAN_PEPPER_ROOT;11226;11;11224;19;;;11228;15;11230;26;;;11227.0;0.0
crash_normal_s0;49300;ASH_COATED_OSMIUM;10003;10;10000;25;;;10021;8;10023;19;;;10012.0;0.0
crash_normal_s0;49400;INTARIAN_PEPPER_ROOT;11231;17;11227;14;;;11235;15;11239;22;;;11233.0;0.0
crash_normal_s0;49400;ASH_COATED_OSMIUM;10011;14;10007;18;;;10017;7;10020;26;;;10014.0;0.0
crash_normal_s0;49500;INTARIAN_PEPPER_ROOT;11232;22;11228;21;;;11234;14;11238;9;;;11233.0;0.0
crash_normal_s0;49500;ASH_COATED_OSMIUM;10001;13;9998;25;;;10021;20;10025;24;;;10011.0;0.0
crash_normal_s0;49600;INTARIAN_PEPPER_ROOT;11227;16;11225;16;;;11239;14;11243;27;;;11233.0;0.0
crash_normal_s0;49600;ASH_COATED_OSMIUM;9990;16;9987;30;;;10038;14;10042;25;;;10014.0;0.0
crash_normal_s0;49700;INTARIAN_PEPPER_ROOT;11221;22;11219;23;;;11243;12;11245;22;;;11232.0;0.0
crash_normal_s0;49700;ASH_COATED_OSMIUM;10002;8;10000;22;;;10032;12;10036;18;;;10017.0;0.0
crash_normal_s0;49800;INTARIAN_PEPPER_ROOT;11212;19;11208;23;;;11248;22;11251;25;;;11230.0;0.0
crash_normal_s0;49800;ASH_COATED_OSMIUM;10014;15;10011;23;;;10016;12;10019;22;;;10015.0;0.0
crash_normal_s0;49900;INTARIAN_PEPPER_ROOT;11230;5;11227;17;;;11232;12;11234;18;;;11231.0;0.0
crash_normal_s0;49900;ASH_COATED_OSMIUM;10003;10;10000;22;;;10017;15;10021;17;;;10010.0;0.0
crash_normal_s0;50000;INTARIAN_PEPPER_ROOT;11229;10;11226;17;;;11235;14;11238;25;;;11232.0;0.0
crash_normal_s0;50000;ASH_COATED_OSMIUM;10010;8;10006;15;;;10014;8;10016;22;;;10012.0;0.0
crash_normal_s0;50100;INTARIAN_PEPPER_ROOT;11225;10;11221;25;;;11239;15;11241;18;;;11232.0;0.0
crash_normal_s0;50100;ASH_COATED_OSMIUM;10014;11;10012;18;;;10016;5;10018;18;;;10015.0;0.0
crash_normal_s0;50200;INTARIAN_PEPPER_ROOT;11235;16;11233;19;;;11237;19;11240;30;;;11236.0;0.0
crash_normal_s0;50200;ASH_COATED_OSMIUM;10012;9;10009;22;;;10014;11;10018;21;;;10013.0;0.0
crash_normal_s0;50300;INTARIAN_PEPPER_ROOT;11232;23;11229;26;;;11238;16;11242;28;;;11235.0;0.0
crash_normal_s0;50300;ASH_COATED_OSMIUM;10003;8;10000;23;;;10021;9;10023;32;;;10012.0;0.0
crash_normal_s0;50400;INTARIAN_PEPPER_ROOT;11226;20;11222;18;;;11244;5;11247;15;;;11235.0;0.0
crash_normal_s0;50400;ASH_COATED_OSMIUM;9982;18;9980;22;;;10032;5;10035;14;;;10007.0;0.0
crash_normal_s0;50500;INTARIAN_PEPPER_ROOT;11215;8;11212;19;;;11253;18;11255;9;;;11234.0;0.0
crash_normal_s0;50500;ASH_COATED_OSMIUM;9985;8;9983;20;;;10029;12;10033;17;;;10007.0;0.0
crash_normal_s0;50600;INTARIAN_PEPPER_ROOT;11231;14;11227;21;;;11233;28;11237;15;;;11232.0;0.0
crash_normal_s0;50600;ASH_COATED_OSMIUM;10000;14;9997;21;;;10012;15;10016;24;;;10006.0;0.0
crash_normal_s0;50700;INTARIAN_PEPPER_ROOT;11228;10;11225;12;;;11230;5;11232;23;;;11229.0;0.0
crash_normal_s0;50700;ASH_COATED_OSMIUM;9996;19;9992;21;;;10012;17;10015;19;;;10004.0;0.0
crash_normal_s0;50800;INTARIAN_PEPPER_ROOT;11217;13;11213;16;;;11239;22;11243;15;;;11228.0;0.0
crash_normal_s0;50800;ASH_COATED_OSMIUM;9986;5;9983;17;;;10018;19;10021;26;;;10002.0;0.0
crash_normal_s0;50900;INTARIAN_PEPPER_ROOT;11211;15;11207;21;;;11249;15;11251;26;;;11230.0;0.0
crash_normal_s0;50900;ASH_COATED_OSMIUM;9984;18;9981;13;;;10014;10;10018;16;;;9999.0;0.0
crash_normal_s0;51000;INTARIAN_PEPPER_ROOT;11232;14;11229;18;;;11234;11;11237;29;;;11233.0;0.0
crash_normal_s0;51000;ASH_COATED_OSMIUM;10002;7;9998;13;;;10004;9;10006;28;;;10003.0;0.0
crash_normal_s0;51100;INTARIAN_PEPPER_ROOT;11233;19;11229;15;;;11239;10;11241;23;;;11236.0;0.0
crash_normal_s0;51100;ASH_COATED_OSMIUM;9990;21;9988;18;;;10006;15;10009;22;;;9998.0;0.0
crash_normal_s0;51200;INTARIAN_PEPPER_ROOT;11227;14;11224;18;;;11241;17;11245;24;;;11234.0;0.0
crash_normal_s0;51200;ASH_COATED_OSMIUM;9972;12;9970;17;;;10008;24;10011;22;;;9990.0;0.0
crash_normal_s0;51300;INTARIAN_PEPPER_ROOT;11223;12;11220;14;;;11237;15;11240;20;;;11230.0;0.0
crash_normal_s0;51300;ASH_COATED_OSMIUM;9984;10;9981;13;;;9992;16;9996;14;;;9988.0;0.0
crash_normal_s0;51400;INTARIAN_PEPPER_ROOT;11207;20;11204;14;;;11253;16;11255;21;;;11230.0;0.0
crash_normal_s0;51400;ASH_COATED_OSMIUM;9987;16;9985;24;;;9991;15;9993;17;;;9989.0;0.0
crash_normal_s0;51500;INTARIAN_PEPPER_ROOT;11225;18;11222;26;;;11235;11;11237;30;;;11230.0;0.0
crash_normal_s0;51500;ASH_COATED_OSMIUM;9992;10;9990;21;;;9994;13;9998;31;;;9993.0;0.0
crash_normal_s0;51600;INTARIAN_PEPPER_ROOT;11222;15;11220;30;;;11242;21;11246;21;;;11232.0;0.0
crash_normal_s0;51600;ASH_COATED_OSMIUM;9968;16;9964;12;;;10012;5;10014;12;;;9990.0;0.0
crash_normal_s0;51700;INTARIAN_PEPPER_ROOT;11228;16;11225;28;;;11240;16;11243;18;;;11234.0;0.0
crash_normal_s0;51700;ASH_COATED_OSMIUM;9990;15;9987;27;;;10002;8;10006;24;;;9996.0;0.0
crash_normal_s0;51800;INTARIAN_PEPPER_ROOT;11231;14;11227;20;;;11239;17;11242;19;;;11235.0;0.0
crash_normal_s0;51800;ASH_COATED_OSMIUM;9995;16;9993;29;;;10001;20;10003;27;;;9998.0;0.0
crash_normal_s0;51900;INTARIAN_PEPPER_ROOT;11239;10;11236;19;;;11243;14;11246;11;;;11241.0;0.0
crash_normal_s0;51900;ASH_COATED_OSMIUM;9998;13;9994;15;;;10000;5;10002;19;;;9999.0;0.0
crash_normal_s0;52000;INTARIAN_PEPPER_ROOT;11239;14;11237;15;;;11241;15;11243;21;;;11240.0;0.0
crash_normal_s0;52000;ASH_COATED_OSMIUM;9978;18;9975;18;;;10018;10;10021;24;;;9998.0;0.0
crash_normal_s0;52100;INTARIAN_PEPPER_ROOT;11226;17;11224;13;;;11250;26;11253;13;;;11238.0;0.0
crash_normal_s0;52100;ASH_COATED_OSMIUM;9990;9;9987;22;;;10008;19;10010;21;;;9999.0;0.0
crash_normal_s0;52200;INTARIAN_PEPPER_ROOT;11227;12;11225;20;;;11243;13;11245;23;;;11235.0;0.0
crash_normal_s0;52200;ASH_COATED_OSMIUM;9974;19;9972;16;;;10028;5;10032;22;;;10001.0;0.0
crash_normal_s0;52300;INTARIAN_PEPPER_ROOT;11230;17;11228;18;;;11238;17;11241;20;;;11234.0;0.0
crash_normal_s0;52300;ASH_COATED_OSMIUM;9995;10;9993;15;;;10005;10;10007;9;;;10000.0;0.0
crash_normal_s0;52400;INTARIAN_PEPPER_ROOT;11223;12;11219;19;;;11247;19;11251;16;;;11235.0;0.0
crash_normal_s0;52400;ASH_COATED_OSMIUM;9986;20;9984;14;;;10012;15;10015;25;;;9999.0;0.0
crash_normal_s0;52500;INTARIAN_PEPPER_ROOT;11225;15;11223;20;;;11243;14;11245;21;;;11234.0;0.0
crash_normal_s0;52500;ASH_COATED_OSMIUM;9987;20;9985;30;;;10001;14;10003;11;;;9994.0;0.0
crash_normal_s0;52600;INTARIAN_PEPPER_ROOT;11232;13;11228;18;;;11240;16;11242;27;;;11236.0;0.0
crash_normal_s0;52600;ASH_COATED_OSMIUM;9993;14;9989;15;;;9995;13;9998;24;;;9994.0;0.0
crash_normal_s0;52700;INTARIAN_PEPPER_ROOT;11239;5;11237;20;;;11241;6;11244;24;;;11240.0;0.0
crash_normal_s0;52700;ASH_COATED_OSMIUM;9993;18;9991;24;;;10007;11;10010;20;;;10000.0;0.0
crash_normal_s0;52800;INTARIAN_PEPPER_ROOT;11234;17;11232;18;;;11238;20;11242;22;;;11236.0;0.0
crash_normal_s0;52800;ASH_COATED_OSMIUM;10003;8;9999;16;;;10007;10;10010;28;;;10005.0;0.0
crash_normal_s0;52900;INTARIAN_PEPPER_ROOT;11237;16;11234;31;;;11239;18;11243;14;;;11238.0;0.0
crash_normal_s0;52900;ASH_COATED_OSMIUM;10009;9;10005;22;;;10011;6;10014;24;;;10010.0;0.0
crash_normal_s0;53000;INTARIAN_PEPPER_ROOT;11233;16;11231;23;;;11235;12;11237;19;;;11234.0;0.0
crash_normal_s0;53000;ASH_COATED_OSMIUM;10003;11;10001;12;;;10011;12;10013;22;;;10007.0;0.0
crash_normal_s0;53100;INTARIAN_PEPPER_ROOT;11233;12;11230;18;;;11237;15;11240;19;;;11235.0;0.0
crash_normal_s0;53100;ASH_COATED_OSMIUM;9997;13;9994;23;;;10009;10;10012;19;;;10003.0;0.0
crash_normal_s0;53200;INTARIAN_PEPPER_ROOT;11222;16;11219;13;;;11254;11;11257;18;;;11238.0;0.0
crash_normal_s0;53200;ASH_COATED_OSMIUM;9999;13;9996;15;;;10003;5;10005;14;;;10001.0;0.0
crash_normal_s0;53300;INTARIAN_PEPPER_ROOT;11238;14;11236;22;;;11240;10;11244;18;;;11239.0;0.0
crash_normal_s0;53300;ASH_COATED_OSMIUM;9996;12;9994;17;;;10002;18;10005;15;;;9999.0;0.0
crash_normal_s0;53400;INTARIAN_PEPPER_ROOT;11227;21;11223;15;;;11247;22;11249;17;;;11237.0;0.0
crash_normal_s0;53400;ASH_COATED_OSMIUM;9994;16;9992;17;;;10004;17;10006;29;;;9999.0;0.0
crash_normal_s0;53500;INTARIAN_PEPPER_ROOT;11231;15;11228;24;;;11241;21;11243;28;;;11236.0;0.0
crash_normal_s0;53500;ASH_COATED_OSMIUM;9989;25;9985;22;;;10003;9;10006;17;;;9996.0;0.0
crash_normal_s0;53600;INTARIAN_PEPPER_ROOT;11235;14;11233;13;;;11237;21;11239;26;;;11236.0;0.0
crash_normal_s0;53600;ASH_COATED_OSMIUM;9988;5;9986;15;;;9996;15;10000;24;;;9992.0;0.0
crash_normal_s0;53700;INTARIAN_PEPPER_ROOT;11232;11;11230;20;;;11240;20;11243;28;;;11236.0;0.0
crash_normal_s0;53700;ASH_COATED_OSMIUM;9994;12;9991;16;;;10002;14;10004;20;;;9998.0;0.0
crash_normal_s0;53800;INTARIAN_PEPPER_ROOT;11233;15;11231;21;;;11241;10;11244;18;;;11237.0;0.0
crash_normal_s0;53800;ASH_COATED_OSMIUM;9997;20;9993;16;;;9999;5;10001;15;;;9998.0;0.0
crash_normal_s0;53900;INTARIAN_PEPPER_ROOT;11234;10;11230;21;;;11238;15;11240;26;;;11236.0;0.0
crash_normal_s0;53900;ASH_COATED_OSMIUM;9995;8;9992;14;;;10011;19;10014;12;;;10003.0;0.0
crash_normal_s0;54000;INTARIAN_PEPPER_ROOT;11237;21;11235;18;;;11239;20;11242;25;;;11238.0;0.0
crash_normal_s0;54000;ASH_COATED_OSMIUM;9982;10;9980;18;;;10016;14;10019;21;;;9999.0;0.0
crash_normal_s0;54100;INTARIAN_PEPPER_ROOT;11234;19;11232;14;;;11236;7;11238;12;;;11235.0;0.0
crash_normal_s0;54100;ASH_COATED_OSMIUM;9994;7;9991;22;;;10010;7;10012;15;;;10002.0;0.0
crash_normal_s0;54200;INTARIAN_PEPPER_ROOT;11231;10;11227;21;;;11241;12;11243;30;;;11236.0;0.0
crash_normal_s0;54200;ASH_COATED_OSMIUM;9991;7;9987;22;;;10005;21;10007;18;;;9998.0;0.0
crash_normal_s0;54300;INTARIAN_PEPPER_ROOT;11238;20;11236;16;;;11240;10;11242;23;;;11239.0;0.0
