day;timestamp;product;bid_price_1;bid_volume_1;bid_price_2;bid_volume_2;bid_price_3;bid_volume_3;ask_price_1;ask_volume_1;ask_price_2;ask_volume_2;ask_price_3;ask_volume_3;mid_price;profit_and_loss
sideways_normal_s1;0;INTARIAN_PEPPER_ROOT;11497;10;11495;15;;;11505;6;11509;24;;;11501.0;0.0
sideways_normal_s1;0;ASH_COATED_OSMIUM;9998;7;9994;21;;;10002;12;10004;16;;;10000.0;0.0
sideways_normal_s1;100;INTARIAN_PEPPER_ROOT;11493;19;11491;20;;;11515;14;11519;26;;;11504.0;0.0
sideways_normal_s1;100;ASH_COATED_OSMIUM;9980;19;9976;28;;;10016;11;10018;27;;;9998.0;0.0
sideways_normal_s1;200;INTARIAN_PEPPER_ROOT;11500;14;11497;22;;;11514;19;11518;21;;;11507.0;0.0
sideways_normal_s1;200;ASH_COATED_OSMIUM;9988;6;9985;33;;;10012;13;10016;10;;;10000.0;0.0
sideways_normal_s1;300;INTARIAN_PEPPER_ROOT;11507;12;11503;21;;;11511;24;11514;21;;;11509.0;0.0
sideways_normal_s1;300;ASH_COATED_OSMIUM;9995;26;9991;15;;;10003;18;10005;20;;;9999.0;0.0
sideways_normal_s1;400;INTARIAN_PEPPER_ROOT;11513;13;11510;16;;;11515;15;11517;20;;;11514.0;0.0
sideways_normal_s1;400;ASH_COATED_OSMIUM;9990;5;9988;14;;;10002;22;10005;29;;;9996.0;0.0
sideways_normal_s1;500;INTARIAN_PEPPER_ROOT;11510;18;11506;20;;;11520;13;11523;20;;;11515.0;0.0
sideways_normal_s1;500;ASH_COATED_OSMIUM;9984;13;9981;21;;;10008;8;10011;29;;;9996.0;0.0
sideways_normal_s1;600;INTARIAN_PEPPER_ROOT;11514;19;11511;11;;;11528;14;11531;16;;;11521.0;0.0
sideways_normal_s1;600;ASH_COATED_OSMIUM;9995;10;9991;21;;;9997;18;9999;25;;;9996.0;0.0
sideways_normal_s1;700;INTARIAN_PEPPER_ROOT;11509;19;11507;19;;;11537;18;11539;18;;;11523.0;0.0
sideways_normal_s1;700;ASH_COATED_OSMIUM;9972;17;9968;23;;;10024;5;10026;11;;;9998.0;0.0
sideways_normal_s1;800;INTARIAN_PEPPER_ROOT;11526;5;11524;21;;;11528;12;11532;22;;;11527.0;0.0
sideways_normal_s1;800;ASH_COATED_OSMIUM;9996;8;9992;15;;;9998;14;10000;21;;;9997.0;0.0
sideways_normal_s1;900;INTARIAN_PEPPER_ROOT;11529;12;11526;10;;;11531;18;11533;22;;;11530.0;0.0
sideways_normal_s1;900;ASH_COATED_OSMIUM;9987;7;9983;20;;;10005;13;10008;21;;;9996.0;0.0
sideways_normal_s1;1000;INTARIAN_PEPPER_ROOT;11534;9;11530;12;;;11538;10;11541;13;;;11536.0;0.0
sideways_normal_s1;1000;ASH_COATED_OSMIUM;9992;15;9990;19;;;10004;15;10008;27;;;9998.0;0.0
sideways_normal_s1;1100;INTARIAN_PEPPER_ROOT;11525;12;11522;23;;;11549;5;11552;19;;;11537.0;0.0
sideways_normal_s1;1100;ASH_COATED_OSMIUM;9995;19;9991;14;;;9999;19;10001;11;;;9997.0;0.0
sideways_normal_s1;1200;INTARIAN_PEPPER_ROOT;11539;24;11535;23;;;11541;16;11544;26;;;11540.0;0.0
sideways_normal_s1;1200;ASH_COATED_OSMIUM;9992;16;9989;18;;;10000;12;10003;13;;;9996.0;0.0
sideways_normal_s1;1300;INTARIAN_PEPPER_ROOT;11542;17;11539;20;;;11544;23;11546;20;;;11543.0;0.0
sideways_normal_s1;1300;ASH_COATED_OSMIUM;9988;9;9984;13;;;10002;18;10006;18;;;9995.0;0.0
sideways_normal_s1;1400;INTARIAN_PEPPER_ROOT;11546;12;11542;26;;;11548;9;11552;15;;;11547.0;0.0
sideways_normal_s1;1400;ASH_COATED_OSMIUM;9992;7;9989;12;;;9994;8;9998;25;;;9993.0;0.0
sideways_normal_s1;1500;INTARIAN_PEPPER_ROOT;11549;18;11546;20;;;11551;15;11553;15;;;11550.0;0.0
sideways_normal_s1;1500;ASH_COATED_OSMIUM;9995;12;9991;15;;;9997;17;9999;18;;;9996.0;0.0
sideways_normal_s1;1600;INTARIAN_PEPPER_ROOT;11551;10;11549;13;;;11557;14;11561;23;;;11554.0;0.0
sideways_normal_s1;1600;ASH_COATED_OSMIUM;9968;5;9966;14;;;10020;11;10023;19;;;9994.0;0.0
sideways_normal_s1;1700;INTARIAN_PEPPER_ROOT;11550;13;11546;25;;;11562;27;11565;31;;;11556.0;0.0
sideways_normal_s1;1700;ASH_COATED_OSMIUM;9985;15;9981;17;;;10005;17;10008;14;;;9995.0;0.0
sideways_normal_s1;1800;INTARIAN_PEPPER_ROOT;11559;17;11557;22;;;11561;11;11564;18;;;11560.0;0.0
sideways_normal_s1;1800;ASH_COATED_OSMIUM;9990;14;9988;32;;;10000;14;10003;18;;;9995.0;0.0
sideways_normal_s1;1900;INTARIAN_PEPPER_ROOT;11540;12;11536;22;;;11588;12;11590;18;;;11564.0;0.0
sideways_normal_s1;1900;ASH_COATED_OSMIUM;9989;8;9985;24;;;9997;10;10001;23;;;9993.0;0.0
sideways_normal_s1;2000;INTARIAN_PEPPER_ROOT;11566;17;11563;19;;;11568;16;11570;28;;;11567.0;0.0
sideways_normal_s1;2000;ASH_COATED_OSMIUM;9993;12;9989;16;;;9999;9;10003;17;;;9996.0;0.0
sideways_normal_s1;2100;INTARIAN_PEPPER_ROOT;11561;10;11557;27;;;11581;12;11585;16;;;11571.0;0.0
sideways_normal_s1;2100;ASH_COATED_OSMIUM;9970;18;9967;19;;;10026;14;10028;20;;;9998.0;0.0
sideways_normal_s1;2200;INTARIAN_PEPPER_ROOT;11570;10;11568;24;;;11580;15;11582;19;;;11575.0;0.0
sideways_normal_s1;2200;ASH_COATED_OSMIUM;9994;13;9991;22;;;10006;19;10009;17;;;10000.0;0.0
sideways_normal_s1;2300;INTARIAN_PEPPER_ROOT;11576;8;11572;18;;;11582;9;11584;13;;;11579.0;0.0
sideways_normal_s1;2300;ASH_COATED_OSMIUM;10000;11;9996;28;;;10002;7;10004;13;;;10001.0;0.0
sideways_normal_s1;2400;INTARIAN_PEPPER_ROOT;11560;9;11557;20;;;11608;25;11611;19;;;11584.0;0.0
sideways_normal_s1;2400;ASH_COATED_OSMIUM;9986;5;9982;21;;;10022;12;10024;18;;;10004.0;0.0
sideways_normal_s1;2500;INTARIAN_PEPPER_ROOT;11586;20;11584;20;;;11588;14;11591;15;;;11587.0;0.0
sideways_normal_s1;2500;ASH_COATED_OSMIUM;10005;18;10002;14;;;10011;7;10014;15;;;10008.0;0.0
sideways_normal_s1;2600;INTARIAN_PEPPER_ROOT;11586;11;11582;20;;;11594;13;11597;17;;;11590.0;0.0
sideways_normal_s1;2600;ASH_COATED_OSMIUM;9998;16;9994;29;;;10006;11;10009;21;;;10002.0;0.0
sideways_normal_s1;2700;INTARIAN_PEPPER_ROOT;11574;12;11571;17;;;11612;17;11616;15;;;11593.0;0.0
sideways_normal_s1;2700;ASH_COATED_OSMIUM;9963;14;9961;19;;;10049;12;10051;13;;;10006.0;0.0
sideways_normal_s1;2800;INTARIAN_PEPPER_ROOT;11593;12;11590;23;;;11599;23;11601;18;;;11596.0;0.0
sideways_normal_s1;2800;ASH_COATED_OSMIUM;10008;11;10006;9;;;10010;5;10014;23;;;10009.0;0.0
sideways_normal_s1;2900;INTARIAN_PEPPER_ROOT;11579;14;11575;8;;;11621;14;11624;20;;;11600.0;0.0
sideways_normal_s1;2900;ASH_COATED_OSMIUM;9994;5;9992;19;;;10026;12;10029;20;;;10010.0;0.0
sideways_normal_s1;3000;INTARIAN_PEPPER_ROOT;11602;20;11599;22;;;11604;8;11607;14;;;11603.0;0.0
sideways_normal_s1;3000;ASH_COATED_OSMIUM;10010;26;10008;22;;;10014;15;10017;23;;;10012.0;0.0
sideways_normal_s1;3100;INTARIAN_PEPPER_ROOT;11603;15;11601;22;;;11609;6;11611;19;;;11606.0;0.0
sideways_normal_s1;3100;ASH_COATED_OSMIUM;9982;20;9980;27;;;10040;16;10042;22;;;10011.0;0.0
sideways_normal_s1;3200;INTARIAN_PEPPER_ROOT;11599;5;11597;19;;;11619;16;11621;13;;;11609.0;0.0
sideways_normal_s1;3200;ASH_COATED_OSMIUM;10012;5;10009;15;;;10014;21;10016;15;;;10013.0;0.0
sideways_normal_s1;3300;INTARIAN_PEPPER_ROOT;11608;15;11604;19;;;11616;15;11620;21;;;11612.0;0.0
sideways_normal_s1;3300;ASH_COATED_OSMIUM;10009;15;10005;21;;;10011;19;10013;26;;;10010.0;0.0
sideways_normal_s1;3400;INTARIAN_PEPPER_ROOT;11603;11;11601;24;;;11625;15;11627;19;;;11614.0;0.0
sideways_normal_s1;3400;ASH_COATED_OSMIUM;10007;15;10005;14;;;10009;12;10011;12;;;10008.0;0.0
sideways_normal_s1;3500;INTARIAN_PEPPER_ROOT;11615;13;11613;18;;;11621;21;11624;20;;;11618.0;0.0
sideways_normal_s1;3500;ASH_COATED_OSMIUM;10008;8;10005;15;;;10010;16;10014;24;;;10009.0;0.0
sideways_normal_s1;3600;INTARIAN_PEPPER_ROOT;11619;20;11616;16;;;11621;12;11624;20;;;11620.0;0.0
sideways_normal_s1;3600;ASH_COATED_OSMIUM;9999;10;9997;15;;;10021;6;10025;14;;;10010.0;0.0
sideways_normal_s1;3700;INTARIAN_PEPPER_ROOT;11605;12;11603;18;;;11643;8;11646;28;;;11624.0;0.0
sideways_normal_s1;3700;ASH_COATED_OSMIUM;10005;18;10002;19;;;10013;10;10016;21;;;10009.0;0.0
sideways_normal_s1;3800;INTARIAN_PEPPER_ROOT;11617;17;11614;23;;;11641;9;11643;23;;;11629.0;0.0
sideways_normal_s1;3800;ASH_COATED_OSMIUM;10002;22;9998;24;;;10004;14;10006;28;;;10003.0;0.0
sideways_normal_s1;3900;INTARIAN_PEPPER_ROOT;11614;14;11610;22;;;11652;15;11656;11;;;11633.0;0.0
sideways_normal_s1;3900;ASH_COATED_OSMIUM;9998;7;9996;19;;;10000;6;10002;18;;;9999.0;0.0
sideways_normal_s1;4000;INTARIAN_PEPPER_ROOT;11627;13;11625;18;;;11645;20;11647;20;;;11636.0;0.0
sideways_normal_s1;4000;ASH_COATED_OSMIUM;9990;16;9987;20;;;10002;9;10004;13;;;9996.0;0.0
sideways_normal_s1;4100;INTARIAN_PEPPER_ROOT;11636;9;11632;25;;;11642;9;11644;28;;;11639.0;0.0
sideways_normal_s1;4100;ASH_COATED_OSMIUM;9992;7;9989;29;;;9994;10;9997;15;;;9993.0;0.0
sideways_normal_s1;4200;INTARIAN_PEPPER_ROOT;11641;15;11638;18;;;11643;6;11647;16;;;11642.0;0.0
sideways_normal_s1;4200;ASH_COATED_OSMIUM;9991;10;9987;13;;;10003;17;10006;17;;;9997.0;0.0
sideways_normal_s1;4300;INTARIAN_PEPPER_ROOT;11645;8;11643;9;;;11649;13;11651;23;;;11647.0;0.0
sideways_normal_s1;4300;ASH_COATED_OSMIUM;9989;26;9985;22;;;9997;18;10000;18;;;9993.0;0.0
sideways_normal_s1;4400;INTARIAN_PEPPER_ROOT;11638;20;11636;21;;;11662;10;11666;15;;;11650.0;0.0
sideways_normal_s1;4400;ASH_COATED_OSMIUM;9993;10;9989;24;;;9995;11;9999;27;;;9994.0;0.0
sideways_normal_s1;4500;INTARIAN_PEPPER_ROOT;11649;16;11645;16;;;11657;13;11660;23;;;11653.0;0.0
sideways_normal_s1;4500;ASH_COATED_OSMIUM;9990;13;9986;13;;;9992;5;9995;20;;;9991.0;0.0
sideways_normal_s1;4600;INTARIAN_PEPPER_ROOT;11650;22;11648;24;;;11664;24;11668;18;;;11657.0;0.0
sideways_normal_s1;4600;ASH_COATED_OSMIUM;9975;5;9972;28;;;10005;13;10007;12;;;9990.0;0.0
sideways_normal_s1;4700;INTARIAN_PEPPER_ROOT;11660;7;11657;18;;;11664;11;11667;22;;;11662.0;0.0
sideways_normal_s1;4700;ASH_COATED_OSMIUM;9981;7;9979;9;;;9993;22;9996;26;;;9987.0;0.0
sideways_normal_s1;4800;INTARIAN_PEPPER_ROOT;11662;14;11659;21;;;11670;20;11674;16;;;11666.0;0.0
sideways_normal_s1;4800;ASH_COATED_OSMIUM;9983;18;9980;16;;;9985;21;9988;25;;;9984.0;0.0
sideways_normal_s1;4900;INTARIAN_PEPPER_ROOT;11669;30;11667;28;;;11671;16;11675;19;;;11670.0;0.0
sideways_normal_s1;4900;ASH_COATED_OSMIUM;9974;8;9971;12;;;9992;15;9996;19;;;9983.0;0.0
sideways_normal_s1;5000;INTARIAN_PEPPER_ROOT;11671;27;11669;18;;;11675;10;11679;24;;;11673.0;0.0
sideways_normal_s1;5000;ASH_COATED_OSMIUM;9987;8;9985;18;;;9989;21;9992;17;;;9988.0;0.0
sideways_normal_s1;5100;INTARIAN_PEPPER_ROOT;11666;12;11662;18;;;11688;16;11692;28;;;11677.0;0.0
sideways_normal_s1;5100;ASH_COATED_OSMIUM;9989;22;9987;19;;;9991;7;9994;20;;;9990.0;0.0
sideways_normal_s1;5200;INTARIAN_PEPPER_ROOT;11666;12;11664;25;;;11692;13;11696;22;;;11679.0;0.0
sideways_normal_s1;5200;ASH_COATED_OSMIUM;9982;13;9979;14;;;9988;9;9990;19;;;9985.0;0.0
sideways_normal_s1;5300;INTARIAN_PEPPER_ROOT;11681;16;11679;11;;;11683;19;11685;24;;;11682.0;0.0
sideways_normal_s1;5300;ASH_COATED_OSMIUM;9961;13;9959;22;;;10005;17;10007;17;;;9983.0;0.0
sideways_normal_s1;5400;INTARIAN_PEPPER_ROOT;11676;15;11673;13;;;11694;23;11696;17;;;11685.0;0.0
sideways_normal_s1;5400;ASH_COATED_OSMIUM;9981;23;9978;16;;;9985;6;9987;24;;;9983.0;0.0
sideways_normal_s1;5500;INTARIAN_PEPPER_ROOT;11680;6;11677;22;;;11698;15;11700;14;;;11689.0;0.0
sideways_normal_s1;5500;ASH_COATED_OSMIUM;9978;18;9975;25;;;9990;5;9992;20;;;9984.0;0.0
sideways_normal_s1;5600;INTARIAN_PEPPER_ROOT;11692;18;11689;15;;;11694;18;11697;15;;;11693.0;0.0
sideways_normal_s1;5600;ASH_COATED_OSMIUM;9982;8;9980;27;;;9988;5;9991;17;;;9985.0;0.0
sideways_normal_s1;5700;INTARIAN_PEPPER_ROOT;11696;17;11694;15;;;11700;18;11702;28;;;11698.0;0.0
sideways_normal_s1;5700;ASH_COATED_OSMIUM;9985;5;9982;27;;;9991;7;9994;16;;;9988.0;0.0
sideways_normal_s1;5800;INTARIAN_PEPPER_ROOT;11700;18;11696;20;;;11702;11;11704;19;;;11701.0;0.0
sideways_normal_s1;5800;ASH_COATED_OSMIUM;9984;5;9980;20;;;9992;16;9995;23;;;9988.0;0.0
sideways_normal_s1;5900;INTARIAN_PEPPER_ROOT;11705;14;11702;32;;;11707;16;11710;17;;;11706.0;0.0
sideways_normal_s1;5900;ASH_COATED_OSMIUM;9978;16;9976;8;;;9992;14;9994;12;;;9985.0;0.0
sideways_normal_s1;6000;INTARIAN_PEPPER_ROOT;11700;12;11697;20;;;11716;8;11719;25;;;11708.0;0.0
sideways_normal_s1;6000;ASH_COATED_OSMIUM;9980;8;9978;22;;;9986;13;9989;21;;;9983.0;0.0
sideways_normal_s1;6100;INTARIAN_PEPPER_ROOT;11712;13;11708;22;;;11714;25;11716;22;;;11713.0;0.0
sideways_normal_s1;6100;ASH_COATED_OSMIUM;9983;23;9981;18;;;9985;5;9988;16;;;9984.0;0.0
sideways_normal_s1;6200;INTARIAN_PEPPER_ROOT;11713;11;11709;17;;;11721;17;11724;18;;;11717.0;0.0
sideways_normal_s1;6200;ASH_COATED_OSMIUM;9958;15;9955;28;;;10018;11;10021;24;;;9988.0;0.0
sideways_normal_s1;6300;INTARIAN_PEPPER_ROOT;11719;15;11717;16;;;11721;11;11725;16;;;11720.0;0.0
sideways_normal_s1;6300;ASH_COATED_OSMIUM;9979;18;9975;23;;;9993;14;9995;9;;;9986.0;0.0
sideways_normal_s1;6400;INTARIAN_PEPPER_ROOT;11716;14;11713;14;;;11730;16;11734;10;;;11723.0;0.0
sideways_normal_s1;6400;ASH_COATED_OSMIUM;9983;9;9981;16;;;9987;9;9991;19;;;9985.0;0.0
sideways_normal_s1;6500;INTARIAN_PEPPER_ROOT;11723;12;11719;27;;;11731;18;11735;13;;;11727.0;0.0
sideways_normal_s1;6500;ASH_COATED_OSMIUM;9971;6;9969;21;;;10001;5;10004;21;;;9986.0;0.0
sideways_normal_s1;6600;INTARIAN_PEPPER_ROOT;11709;19;11707;19;;;11753;6;11757;24;;;11731.0;0.0
sideways_normal_s1;6600;ASH_COATED_OSMIUM;9973;11;9969;23;;;10003;18;10005;22;;;9988.0;0.0
sideways_normal_s1;6700;INTARIAN_PEPPER_ROOT;11732;20;11729;15;;;11740;13;11744;14;;;11736.0;0.0
sideways_normal_s1;6700;ASH_COATED_OSMIUM;9980;6;9978;20;;;9992;14;9995;24;;;9986.0;0.0
sideways_normal_s1;6800;INTARIAN_PEPPER_ROOT;11737;7;11735;30;;;11747;20;11750;24;;;11742.0;0.0
sideways_normal_s1;6800;ASH_COATED_OSMIUM;9989;18;9985;17;;;9991;6;9995;22;;;9990.0;0.0
sideways_normal_s1;6900;INTARIAN_PEPPER_ROOT;11736;17;11734;17;;;11752;14;11755;20;;;11744.0;0.0
sideways_normal_s1;6900;ASH_COATED_OSMIUM;9991;16;9989;16;;;9995;18;9999;26;;;9993.0;0.0
sideways_normal_s1;7000;INTARIAN_PEPPER_ROOT;11740;8;11737;18;;;11750;13;11753;24;;;11745.0;0.0
sideways_normal_s1;7000;ASH_COATED_OSMIUM;9983;15;9980;14;;;10017;12;10019;20;;;10000.0;0.0
sideways_normal_s1;7100;INTARIAN_PEPPER_ROOT;11747;10;11745;23;;;11749;14;11753;29;;;11748.0;0.0
sideways_normal_s1;7100;ASH_COATED_OSMIUM;9997;19;9994;19;;;9999;8;10001;8;;;9998.0;0.0
sideways_normal_s1;7200;INTARIAN_PEPPER_ROOT;11749;17;11745;28;;;11753;12;11755;17;;;11751.0;0.0
sideways_normal_s1;7200;ASH_COATED_OSMIUM;9996;9;9994;18;;;10000;10;10002;19;;;9998.0;0.0
sideways_normal_s1;7300;INTARIAN_PEPPER_ROOT;11753;5;11751;19;;;11759;11;11762;21;;;11756.0;0.0
sideways_normal_s1;7300;ASH_COATED_OSMIUM;9987;19;9983;23;;;10001;5;10004;19;;;9994.0;0.0
sideways_normal_s1;7400;INTARIAN_PEPPER_ROOT;11749;13;11746;31;;;11769;14;11772;12;;;11759.0;0.0
sideways_normal_s1;7400;ASH_COATED_OSMIUM;9991;9;9989;24;;;9999;21;10001;28;;;9995.0;0.0
sideways_normal_s1;7500;INTARIAN_PEPPER_ROOT;11759;20;11756;24;;;11761;12;11763;22;;;11760.0;0.0
sideways_normal_s1;7500;ASH_COATED_OSMIUM;9987;6;9985;8;;;9999;8;10003;27;;;9993.0;0.0
sideways_normal_s1;7600;INTARIAN_PEPPER_ROOT;11758;17;11755;21;;;11768;16;11771;16;;;11763.0;0.0
sideways_normal_s1;7600;ASH_COATED_OSMIUM;9987;12;9985;29;;;9999;7;10001;19;;;9993.0;0.0
sideways_normal_s1;7700;INTARIAN_PEPPER_ROOT;11766;14;11763;16;;;11768;6;11772;23;;;11767.0;0.0
sideways_normal_s1;7700;ASH_COATED_OSMIUM;9986;14;9982;20;;;10002;13;10005;9;;;9994.0;0.0
sideways_normal_s1;7800;INTARIAN_PEPPER_ROOT;11770;15;11766;16;;;11772;10;11775;16;;;11771.0;0.0
sideways_normal_s1;7800;ASH_COATED_OSMIUM;9993;19;9989;19;;;9997;11;9999;23;;;9995.0;0.0
sideways_normal_s1;7900;INTARIAN_PEPPER_ROOT;11774;20;11770;13;;;11776;16;11780;8;;;11775.0;0.0
sideways_normal_s1;7900;ASH_COATED_OSMIUM;9996;11;9993;17;;;10000;14;10002;25;;;9998.0;0.0
sideways_normal_s1;8000;INTARIAN_PEPPER_ROOT;11737;21;11733;19;;;11819;11;11821;19;;;11778.0;0.0
sideways_normal_s1;8000;ASH_COATED_OSMIUM;9999;12;9995;21;;;10001;12;10005;19;;;10000.0;0.0
sideways_normal_s1;8100;INTARIAN_PEPPER_ROOT;11765;10;11761;27;;;11797;13;11800;11;;;11781.0;0.0
sideways_normal_s1;8100;ASH_COATED_OSMIUM;9985;5;9983;22;;;10009;15;10011;17;;;9997.0;0.0
sideways_normal_s1;8200;INTARIAN_PEPPER_ROOT;11783;10;11781;19;;;11787;9;11789;8;;;11785.0;0.0
sideways_normal_s1;8200;ASH_COATED_OSMIUM;9995;12;9993;23;;;9997;11;10001;29;;;9996.0;0.0
sideways_normal_s1;8300;INTARIAN_PEPPER_ROOT;11787;15;11784;19;;;11789;15;11791;10;;;11788.0;0.0
sideways_normal_s1;8300;ASH_COATED_OSMIUM;9992;7;9990;21;;;9998;7;10001;30;;;9995.0;0.0
sideways_normal_s1;8400;INTARIAN_PEPPER_ROOT;11788;13;11784;25;;;11794;15;11798;28;;;11791.0;0.0
sideways_normal_s1;8400;ASH_COATED_OSMIUM;9987;10;9984;26;;;9999;6;10001;12;;;9993.0;0.0
sideways_normal_s1;8500;INTARIAN_PEPPER_ROOT;11794;10;11791;9;;;11796;19;11799;23;;;11795.0;0.0
sideways_normal_s1;8500;ASH_COATED_OSMIUM;9998;5;9994;19;;;10004;5;10006;19;;;10001.0;0.0
sideways_normal_s1;8600;INTARIAN_PEPPER_ROOT;11797;24;11793;14;;;11799;20;11802;23;;;11798.0;0.0
sideways_normal_s1;8600;ASH_COATED_OSMIUM;9996;5;9992;15;;;10012;5;10016;11;;;10004.0;0.0
sideways_normal_s1;8700;INTARIAN_PEPPER_ROOT;11789;18;11787;31;;;11813;12;11815;27;;;11801.0;0.0
sideways_normal_s1;8700;ASH_COATED_OSMIUM;10000;14;9996;19;;;10002;19;10006;15;;;10001.0;0.0
sideways_normal_s1;8800;INTARIAN_PEPPER_ROOT;11801;5;11799;18;;;11807;15;11810;27;;;11804.0;0.0
sideways_normal_s1;8800;ASH_COATED_OSMIUM;9993;17;9991;18;;;10007;7;10009;22;;;10000.0;0.0
sideways_normal_s1;8900;INTARIAN_PEPPER_ROOT;11802;15;11798;27;;;11814;18;11817;21;;;11808.0;0.0
sideways_normal_s1;8900;ASH_COATED_OSMIUM;9997;11;9994;26;;;10007;9;10009;20;;;10002.0;0.0
sideways_normal_s1;9000;INTARIAN_PEPPER_ROOT;11808;13;11804;21;;;11818;9;11820;21;;;11813.0;0.0
sideways_normal_s1;9000;ASH_COATED_OSMIUM;10001;13;9997;27;;;10003;21;10005;14;;;10002.0;0.0
sideways_normal_s1;9100;INTARIAN_PEPPER_ROOT;11811;5;11809;24;;;11821;19;11824;23;;;11816.0;0.0
sideways_normal_s1;9100;ASH_COATED_OSMIUM;9994;17;9990;29;;;10002;11;10005;9;;;9998.0;0.0
sideways_normal_s1;9200;INTARIAN_PEPPER_ROOT;11818;14;11814;25;;;11820;11;11823;28;;;11819.0;0.0
sideways_normal_s1;9200;ASH_COATED_OSMIUM;10002;11;9999;17;;;10004;10;10008;32;;;10003.0;0.0
sideways_normal_s1;9300;INTARIAN_PEPPER_ROOT;11819;13;11817;16;;;11825;7;11829;13;;;11822.0;0.0
sideways_normal_s1;9300;ASH_COATED_OSMIUM;10001;5;9998;28;;;10007;8;10011;25;;;10004.0;0.0
sideways_normal_s1;9400;INTARIAN_PEPPER_ROOT;11804;15;11801;18;;;11846;19;11848;28;;;11825.0;0.0
sideways_normal_s1;9400;ASH_COATED_OSMIUM;10000;16;9996;22;;;10004;8;10006;21;;;10002.0;0.0
sideways_normal_s1;9500;INTARIAN_PEPPER_ROOT;11826;20;11824;24;;;11830;16;11834;17;;;11828.0;0.0
sideways_normal_s1;9500;ASH_COATED_OSMIUM;9999;7;9996;22;;;10003;11;10005;25;;;10001.0;0.0
sideways_normal_s1;9600;INTARIAN_PEPPER_ROOT;11821;19;11818;9;;;11841;13;11845;20;;;11831.0;0.0
sideways_normal_s1;9600;ASH_COATED_OSMIUM;9990;9;9987;21;;;10010;7;10014;15;;;10000.0;0.0
sideways_normal_s1;9700;INTARIAN_PEPPER_ROOT;11820;8;11818;19;;;11848;14;11850;18;;;11834.0;0.0
sideways_normal_s1;9700;ASH_COATED_OSMIUM;9987;11;9985;22;;;10015;8;10017;23;;;10001.0;0.0
sideways_normal_s1;9800;INTARIAN_PEPPER_ROOT;11835;21;11833;27;;;11837;14;11839;21;;;11836.0;0.0
sideways_normal_s1;9800;ASH_COATED_OSMIUM;9994;5;9990;25;;;10006;11;10008;21;;;10000.0;0.0
sideways_normal_s1;9900;INTARIAN_PEPPER_ROOT;11835;11;11832;16;;;11843;18;11845;27;;;11839.0;0.0
sideways_normal_s1;9900;ASH_COATED_OSMIUM;10000;12;9996;25;;;10002;12;10006;28;;;10001.0;0.0
sideways_normal_s1;10000;INTARIAN_PEPPER_ROOT;11842;14;11840;24;;;11844;13;11848;19;;;11843.0;0.0
sideways_normal_s1;10000;ASH_COATED_OSMIUM;10000;7;9996;17;;;10008;20;10012;19;;;10004.0;0.0
sideways_normal_s1;10100;INTARIAN_PEPPER_ROOT;11845;17;11841;15;;;11849;19;11853;21;;;11847.0;0.0
sideways_normal_s1;10100;ASH_COATED_OSMIUM;9995;10;9991;21;;;10005;13;10009;20;;;10000.0;0.0
sideways_normal_s1;10200;INTARIAN_PEPPER_ROOT;11839;15;11837;16;;;11861;9;11863;20;;;11850.0;0.0
sideways_normal_s1;10200;ASH_COATED_OSMIUM;10002;9;9998;23;;;10004;8;10008;15;;;10003.0;0.0
sideways_normal_s1;10300;INTARIAN_PEPPER_ROOT;11853;14;11849;27;;;11855;15;11857;13;;;11854.0;0.0
sideways_normal_s1;10300;ASH_COATED_OSMIUM;9999;19;9996;20;;;10017;13;10019;23;;;10008.0;0.0
sideways_normal_s1;10400;INTARIAN_PEPPER_ROOT;11855;17;11852;18;;;11857;5;11860;22;;;11856.0;0.0
sideways_normal_s1;10400;ASH_COATED_OSMIUM;10005;13;10003;17;;;10013;6;10015;23;;;10009.0;0.0
sideways_normal_s1;10500;INTARIAN_PEPPER_ROOT;11853;21;11850;15;;;11865;14;11869;11;;;11859.0;0.0
sideways_normal_s1;10500;ASH_COATED_OSMIUM;9992;9;9990;10;;;10030;25;10032;15;;;10011.0;0.0
sideways_normal_s1;10600;INTARIAN_PEPPER_ROOT;11862;18;11860;25;;;11864;12;11866;32;;;11863.0;0.0
sideways_normal_s1;10600;ASH_COATED_OSMIUM;10008;7;10005;23;;;10018;14;10021;20;;;10013.0;0.0
sideways_normal_s1;10700;INTARIAN_PEPPER_ROOT;11860;9;11858;18;;;11870;14;11873;21;;;11865.0;0.0
sideways_normal_s1;10700;ASH_COATED_OSMIUM;10010;16;10008;18;;;10024;5;10028;22;;;10017.0;0.0
sideways_normal_s1;10800;INTARIAN_PEPPER_ROOT;11864;15;11862;15;;;11872;18;11875;19;;;11868.0;0.0
sideways_normal_s1;10800;ASH_COATED_OSMIUM;10010;11;10006;19;;;10014;16;10017;31;;;10012.0;0.0
sideways_normal_s1;10900;INTARIAN_PEPPER_ROOT;11856;20;11852;12;;;11886;22;11890;28;;;11871.0;0.0
sideways_normal_s1;10900;ASH_COATED_OSMIUM;9999;5;9996;13;;;10017;14;10021;13;;;10008.0;0.0
sideways_normal_s1;11000;INTARIAN_PEPPER_ROOT;11869;12;11866;14;;;11875;12;11878;27;;;11872.0;0.0
sideways_normal_s1;11000;ASH_COATED_OSMIUM;9999;11;9997;15;;;10007;13;10009;19;;;10003.0;0.0
sideways_normal_s1;11100;INTARIAN_PEPPER_ROOT;11855;20;11851;27;;;11895;16;11897;15;;;11875.0;0.0
sideways_normal_s1;11100;ASH_COATED_OSMIUM;9974;16;9972;19;;;10040;13;10044;17;;;10007.0;0.0
sideways_normal_s1;11200;INTARIAN_PEPPER_ROOT;11860;13;11857;30;;;11898;9;11901;20;;;11879.0;0.0
sideways_normal_s1;11200;ASH_COATED_OSMIUM;9969;18;9965;20;;;10045;6;10049;24;;;10007.0;0.0
sideways_normal_s1;11300;INTARIAN_PEPPER_ROOT;11880;13;11878;24;;;11882;26;11885;19;;;11881.0;0.0
sideways_normal_s1;11300;ASH_COATED_OSMIUM;10001;9;9999;22;;;10017;21;10020;20;;;10009.0;0.0
sideways_normal_s1;11400;INTARIAN_PEPPER_ROOT;11880;13;11878;21;;;11888;26;11891;26;;;11884.0;0.0
sideways_normal_s1;11400;ASH_COATED_OSMIUM;10008;8;10005;30;;;10010;11;10014;17;;;10009.0;0.0
sideways_normal_s1;11500;INTARIAN_PEPPER_ROOT;11879;11;11877;16;;;11893;10;11896;21;;;11886.0;0.0
sideways_normal_s1;11500;ASH_COATED_OSMIUM;10005;14;10003;15;;;10007;12;10010;15;;;10006.0;0.0
sideways_normal_s1;11600;INTARIAN_PEPPER_ROOT;11888;22;11884;29;;;11890;13;11893;13;;;11889.0;0.0
sideways_normal_s1;11600;ASH_COATED_OSMIUM;10004;17;10002;18;;;10006;16;10009;24;;;10005.0;0.0
sideways_normal_s1;11700;INTARIAN_PEPPER_ROOT;11884;13;11880;22;;;11898;12;11901;31;;;11891.0;0.0
sideways_normal_s1;11700;ASH_COATED_OSMIUM;9987;14;9985;22;;;10023;16;10027;13;;;10005.0;0.0
sideways_normal_s1;11800;INTARIAN_PEPPER_ROOT;11885;16;11882;23;;;11903;14;11905;25;;;11894.0;0.0
sideways_normal_s1;11800;ASH_COATED_OSMIUM;9992;16;9989;12;;;10018;10;10022;24;;;10005.0;0.0
sideways_normal_s1;11900;INTARIAN_PEPPER_ROOT;11893;11;11890;27;;;11903;19;11906;21;;;11898.0;0.0
sideways_normal_s1;11900;ASH_COATED_OSMIUM;10000;7;9997;33;;;10010;9;10014;22;;;10005.0;0.0
sideways_normal_s1;12000;INTARIAN_PEPPER_ROOT;11888;17;11886;18;;;11912;19;11916;21;;;11900.0;0.0
sideways_normal_s1;12000;ASH_COATED_OSMIUM;10006;12;10003;16;;;10008;17;10010;21;;;10007.0;0.0
sideways_normal_s1;12100;INTARIAN_PEPPER_ROOT;11899;16;11896;15;;;11907;17;11910;21;;;11903.0;0.0
sideways_normal_s1;12100;ASH_COATED_OSMIUM;10004;9;10000;15;;;10010;9;10013;12;;;10007.0;0.0
sideways_normal_s1;12200;INTARIAN_PEPPER_ROOT;11897;6;11894;25;;;11917;9;11921;11;;;11907.0;0.0
sideways_normal_s1;12200;ASH_COATED_OSMIUM;9985;15;9981;16;;;10031;7;10033;14;;;10008.0;0.0
sideways_normal_s1;12300;INTARIAN_PEPPER_ROOT;11910;19;11906;28;;;11912;11;11914;14;;;11911.0;0.0
sideways_normal_s1;12300;ASH_COATED_OSMIUM;9998;6;9996;32;;;10024;8;10028;20;;;10011.0;0.0
sideways_normal_s1;12400;INTARIAN_PEPPER_ROOT;11911;14;11909;23;;;11913;22;11917;15;;;11912.0;0.0
sideways_normal_s1;12400;ASH_COATED_OSMIUM;10010;12;10008;21;;;10016;14;10018;22;;;10013.0;0.0
sideways_normal_s1;12500;INTARIAN_PEPPER_ROOT;11912;6;11909;19;;;11920;18;11922;22;;;11916.0;0.0
sideways_normal_s1;12500;ASH_COATED_OSMIUM;10015;15;10011;18;;;10019;12;10022;14;;;10017.0;0.0
sideways_normal_s1;12600;INTARIAN_PEPPER_ROOT;11919;20;11915;18;;;11923;15;11926;24;;;11921.0;0.0
sideways_normal_s1;12600;ASH_COATED_OSMIUM;10007;11;10004;21;;;10017;7;10021;21;;;10012.0;0.0
sideways_normal_s1;12700;INTARIAN_PEPPER_ROOT;11920;17;11918;17;;;11928;16;11932;19;;;11924.0;0.0
sideways_normal_s1;12700;ASH_COATED_OSMIUM;10009;14;10005;8;;;10015;13;10019;20;;;10012.0;0.0
sideways_normal_s1;12800;INTARIAN_PEPPER_ROOT;11924;18;11922;24;;;11926;13;11928;10;;;11925.0;0.0
sideways_normal_s1;12800;ASH_COATED_OSMIUM;10011;13;10009;18;;;10015;11;10018;15;;;10013.0;0.0
sideways_normal_s1;12900;INTARIAN_PEPPER_ROOT;11927;18;11923;20;;;11929;15;11931;13;;;11928.0;0.0
sideways_normal_s1;12900;ASH_COATED_OSMIUM;9997;5;9993;22;;;10025;12;10027;27;;;10011.0;0.0
sideways_normal_s1;13000;INTARIAN_PEPPER_ROOT;11925;11;11921;16;;;11937;16;11940;27;;;11931.0;0.0
sideways_normal_s1;13000;ASH_COATED_OSMIUM;10000;15;9997;20;;;10016;16;10020;21;;;10008.0;0.0
sideways_normal_s1;13100;INTARIAN_PEPPER_ROOT;11932;17;11928;21;;;11936;12;11939;20;;;11934.0;0.0
sideways_normal_s1;13100;ASH_COATED_OSMIUM;9991;17;9989;19;;;10025;20;10027;14;;;10008.0;0.0
sideways_normal_s1;13200;INTARIAN_PEPPER_ROOT;11934;12;11931;24;;;11936;20;11940;20;;;11935.0;0.0
sideways_normal_s1;13200;ASH_COATED_OSMIUM;10007;21;10004;21;;;10015;9;10018;21;;;10011.0;0.0
sideways_normal_s1;13300;INTARIAN_PEPPER_ROOT;11932;8;11928;13;;;11944;23;11948;20;;;11938.0;0.0
sideways_normal_s1;13300;ASH_COATED_OSMIUM;10016;16;10014;24;;;10018;8;10020;18;;;10017.0;0.0
sideways_normal_s1;13400;INTARIAN_PEPPER_ROOT;11920;18;11918;16;;;11964;16;11966;21;;;11942.0;0.0
sideways_normal_s1;13400;ASH_COATED_OSMIUM;10004;18;10000;29;;;10014;7;10018;25;;;10009.0;0.0
sideways_normal_s1;13500;INTARIAN_PEPPER_ROOT;11936;11;11932;22;;;11950;13;11952;15;;;11943.0;0.0
sideways_normal_s1;13500;ASH_COATED_OSMIUM;9998;10;9996;26;;;10012;15;10014;9;;;10005.0;0.0
sideways_normal_s1;13600;INTARIAN_PEPPER_ROOT;11940;11;11938;19;;;11954;19;11957;19;;;11947.0;0.0
sideways_normal_s1;13600;ASH_COATED_OSMIUM;10001;20;9999;23;;;10003;7;10006;22;;;10002.0;0.0
sideways_normal_s1;13700;INTARIAN_PEPPER_ROOT;11946;22;11943;15;;;11950;7;11954;25;;;11948.0;0.0
sideways_normal_s1;13700;ASH_COATED_OSMIUM;10000;13;9997;20;;;10010;17;10013;19;;;10005.0;0.0
sideways_normal_s1;13800;INTARIAN_PEPPER_ROOT;11951;5;11947;17;;;11953;9;11955;19;;;11952.0;0.0
sideways_normal_s1;13800;ASH_COATED_OSMIUM;10003;17;9999;15;;;10005;9;10007;15;;;10004.0;0.0
sideways_normal_s1;13900;INTARIAN_PEPPER_ROOT;11951;9;11947;23;;;11957;12;11960;15;;;11954.0;0.0
sideways_normal_s1;13900;ASH_COATED_OSMIUM;10003;9;9999;29;;;10005;17;10007;22;;;10004.0;0.0
sideways_normal_s1;14000;INTARIAN_PEPPER_ROOT;11954;11;11950;15;;;11960;13;11963;16;;;11957.0;0.0
sideways_normal_s1;14000;ASH_COATED_OSMIUM;10000;23;9998;31;;;10006;15;10010;25;;;10003.0;0.0
sideways_normal_s1;14100;INTARIAN_PEPPER_ROOT;11952;25;11949;19;;;11966;22;11970;15;;;11959.0;0.0
sideways_normal_s1;14100;ASH_COATED_OSMIUM;9989;15;9985;16;;;10017;6;10020;24;;;10003.0;0.0
sideways_normal_s1;14200;INTARIAN_PEPPER_ROOT;11958;14;11956;15;;;11968;27;11972;19;;;11963.0;0.0
sideways_normal_s1;14200;ASH_COATED_OSMIUM;9999;21;9996;16;;;10017;20;10021;16;;;10008.0;0.0
sideways_normal_s1;14300;INTARIAN_PEPPER_ROOT;11962;16;11959;16;;;11970;8;11973;21;;;11966.0;0.0
sideways_normal_s1;14300;ASH_COATED_OSMIUM;9984;19;9982;15;;;10030;10;10034;17;;;10007.0;0.0
sideways_normal_s1;14400;INTARIAN_PEPPER_ROOT;11951;18;11947;23;;;11987;14;11990;18;;;11969.0;0.0
sideways_normal_s1;14400;ASH_COATED_OSMIUM;9991;5;9989;16;;;10031;6;10035;21;;;10011.0;0.0
sideways_normal_s1;14500;INTARIAN_PEPPER_ROOT;11962;7;11958;17;;;11980;9;11982;30;;;11971.0;0.0
sideways_normal_s1;14500;ASH_COATED_OSMIUM;9995;9;9992;13;;;10017;10;10021;17;;;10006.0;0.0
sideways_normal_s1;14600;INTARIAN_PEPPER_ROOT;11974;12;11971;20;;;11976;17;11978;20;;;11975.0;0.0
sideways_normal_s1;14600;ASH_COATED_OSMIUM;10006;9;10003;16;;;10010;13;10014;18;;;10008.0;0.0
sideways_normal_s1;14700;INTARIAN_PEPPER_ROOT;11972;18;11968;20;;;11982;17;11986;34;;;11977.0;0.0
sideways_normal_s1;14700;ASH_COATED_OSMIUM;9987;5;9984;19;;;10027;19;10031;21;;;10007.0;0.0
sideways_normal_s1;14800;INTARIAN_PEPPER_ROOT;11969;17;11965;21;;;11991;16;11994;21;;;11980.0;0.0
sideways_normal_s1;14800;ASH_COATED_OSMIUM;9987;10;9983;14;;;10027;6;10031;14;;;10007.0;0.0
sideways_normal_s1;14900;INTARIAN_PEPPER_ROOT;11980;22;11977;23;;;11988;5;11992;22;;;11984.0;0.0
sideways_normal_s1;14900;ASH_COATED_OSMIUM;9999;17;9996;18;;;10023;6;10025;26;;;10011.0;0.0
sideways_normal_s1;15000;INTARIAN_PEPPER_ROOT;11985;18;11983;21;;;11987;8;11991;25;;;11986.0;0.0
sideways_normal_s1;15000;ASH_COATED_OSMIUM;9986;14;9982;17;;;10026;15;10028;24;;;10006.0;0.0
sideways_normal_s1;15100;INTARIAN_PEPPER_ROOT;11984;18;11982;20;;;11988;17;11992;20;;;11986.0;0.0
sideways_normal_s1;15100;ASH_COATED_OSMIUM;10007;12;10004;24;;;10009;8;10012;11;;;10008.0;0.0
sideways_normal_s1;15200;INTARIAN_PEPPER_ROOT;11988;14;11985;13;;;11990;19;11992;19;;;11989.0;0.0
sideways_normal_s1;15200;ASH_COATED_OSMIUM;10003;12;10000;9;;;10005;17;10008;16;;;10004.0;0.0
sideways_normal_s1;15300;INTARIAN_PEPPER_ROOT;11990;12;11988;22;;;11998;12;12000;20;;;11994.0;0.0
sideways_normal_s1;15300;ASH_COATED_OSMIUM;10007;8;10005;13;;;10013;16;10017;21;;;10010.0;0.0
sideways_normal_s1;15400;INTARIAN_PEPPER_ROOT;11986;15;11984;19;;;12008;14;12012;19;;;11997.0;0.0
sideways_normal_s1;15400;ASH_COATED_OSMIUM;10007;10;10004;13;;;10011;18;10015;25;;;10009.0;0.0
sideways_normal_s1;15500;INTARIAN_PEPPER_ROOT;11994;14;11992;21;;;12004;11;12006;28;;;11999.0;0.0
sideways_normal_s1;15500;ASH_COATED_OSMIUM;10007;6;10003;8;;;10013;13;10017;13;;;10010.0;0.0
sideways_normal_s1;15600;INTARIAN_PEPPER_ROOT;12000;18;11996;15;;;12002;10;12006;20;;;12001.0;0.0
sideways_normal_s1;15600;ASH_COATED_OSMIUM;10005;5;10001;15;;;10021;17;10025;21;;;10013.0;0.0
sideways_normal_s1;15700;INTARIAN_PEPPER_ROOT;12002;16;11999;13;;;12006;11;12010;18;;;12004.0;0.0
sideways_normal_s1;15700;ASH_COATED_OSMIUM;10012;19;10010;23;;;10014;15;10017;15;;;10013.0;0.0
sideways_normal_s1;15800;INTARIAN_PEPPER_ROOT;12004;19;12002;17;;;12008;11;12012;16;;;12006.0;0.0
sideways_normal_s1;15800;ASH_COATED_OSMIUM;10008;17;10005;17;;;10018;13;10022;19;;;10013.0;0.0
sideways_normal_s1;15900;INTARIAN_PEPPER_ROOT;11993;19;11990;9;;;12023;14;12026;22;;;12008.0;0.0
sideways_normal_s1;15900;ASH_COATED_OSMIUM;10006;10;10002;21;;;10008;6;10010;19;;;10007.0;0.0
sideways_normal_s1;16000;INTARIAN_PEPPER_ROOT;12007;11;12003;14;;;12011;10;12013;24;;;12009.0;0.0
sideways_normal_s1;16000;ASH_COATED_OSMIUM;10011;13;10008;24;;;10015;23;10017;15;;;10013.0;0.0
sideways_normal_s1;16100;INTARIAN_PEPPER_ROOT;11997;10;11995;27;;;12023;7;12027;16;;;12010.0;0.0
sideways_normal_s1;16100;ASH_COATED_OSMIUM;10010;14;10006;18;;;10016;12;10018;19;;;10013.0;0.0
sideways_normal_s1;16200;INTARIAN_PEPPER_ROOT;12004;14;12000;17;;;12022;8;12026;17;;;12013.0;0.0
sideways_normal_s1;16200;ASH_COATED_OSMIUM;10009;16;10007;21;;;10013;14;10017;13;;;10011.0;0.0
sideways_normal_s1;16300;INTARIAN_PEPPER_ROOT;11996;10;11993;19;;;12036;9;12038;11;;;12016.0;0.0
sideways_normal_s1;16300;ASH_COATED_OSMIUM;9999;16;9997;12;;;10027;21;10029;30;;;10013.0;0.0
sideways_normal_s1;16400;INTARIAN_PEPPER_ROOT;12015;17;12011;15;;;12021;10;12025;19;;;12018.0;0.0
sideways_normal_s1;16400;ASH_COATED_OSMIUM;10015;20;10013;12;;;10019;10;10023;19;;;10017.0;0.0
sideways_normal_s1;16500;INTARIAN_PEPPER_ROOT;12002;18;11999;21;;;12038;18;12040;27;;;12020.0;0.0
sideways_normal_s1;16500;ASH_COATED_OSMIUM;10010;13;10008;19;;;10022;13;10024;18;;;10016.0;0.0
sideways_normal_s1;16600;INTARIAN_PEPPER_ROOT;12021;14;12018;19;;;12023;16;12025;18;;;12022.0;0.0
sideways_normal_s1;16600;ASH_COATED_OSMIUM;10017;13;10013;20;;;10019;16;10022;20;;;10018.0;0.0
sideways_normal_s1;16700;INTARIAN_PEPPER_ROOT;12013;17;12011;18;;;12037;13;12041;10;;;12025.0;0.0
sideways_normal_s1;16700;ASH_COATED_OSMIUM;10016;16;10013;18;;;10018;19;10021;20;;;10017.0;0.0
sideways_normal_s1;16800;INTARIAN_PEPPER_ROOT;12002;15;12000;19;;;12060;28;12063;20;;;12031.0;0.0
sideways_normal_s1;16800;ASH_COATED_OSMIUM;10018;10;10014;22;;;10020;18;10023;15;;;10019.0;0.0
sideways_normal_s1;16900;INTARIAN_PEPPER_ROOT;12013;20;12009;27;;;12047;16;12051;8;;;12030.0;0.0
sideways_normal_s1;16900;ASH_COATED_OSMIUM;10003;14;9999;21;;;10027;17;10031;15;;;10015.0;0.0
sideways_normal_s1;17000;INTARIAN_PEPPER_ROOT;12031;12;12027;24;;;12033;11;12035;14;;;12032.0;0.0
sideways_normal_s1;17000;ASH_COATED_OSMIUM;10010;20;10007;24;;;10028;12;10031;17;;;10019.0;0.0
sideways_normal_s1;17100;INTARIAN_PEPPER_ROOT;12034;15;12032;22;;;12036;13;12039;13;;;12035.0;0.0
sideways_normal_s1;17100;ASH_COATED_OSMIUM;9998;10;9995;28;;;10038;15;10042;18;;;10018.0;0.0
sideways_normal_s1;17200;INTARIAN_PEPPER_ROOT;12037;9;12034;21;;;12043;14;12047;18;;;12040.0;0.0
sideways_normal_s1;17200;ASH_COATED_OSMIUM;10017;6;10013;11;;;10023;15;10027;20;;;10020.0;0.0
sideways_normal_s1;17300;INTARIAN_PEPPER_ROOT;12038;5;12035;21;;;12044;22;12046;21;;;12041.0;0.0
sideways_normal_s1;17300;ASH_COATED_OSMIUM;10022;17;10019;25;;;10024;13;10026;20;;;10023.0;0.0
sideways_normal_s1;17400;INTARIAN_PEPPER_ROOT;12030;6;12028;13;;;12056;12;12058;12;;;12043.0;0.0
sideways_normal_s1;17400;ASH_COATED_OSMIUM;10021;10;10017;22;;;10023;14;10026;23;;;10022.0;0.0
sideways_normal_s1;17500;INTARIAN_PEPPER_ROOT;12044;16;12040;21;;;12046;18;12050;17;;;12045.0;0.0
sideways_normal_s1;17500;ASH_COATED_OSMIUM;10021;8;10017;16;;;10025;17;10029;22;;;10023.0;0.0
sideways_normal_s1;17600;INTARIAN_PEPPER_ROOT;12045;13;12043;28;;;12053;13;12056;21;;;12049.0;0.0
sideways_normal_s1;17600;ASH_COATED_OSMIUM;10013;14;10010;18;;;10033;12;10036;18;;;10023.0;0.0
sideways_normal_s1;17700;INTARIAN_PEPPER_ROOT;12046;5;12042;23;;;12056;17;12058;15;;;12051.0;0.0
sideways_normal_s1;17700;ASH_COATED_OSMIUM;10003;13;10000;16;;;10031;10;10035;27;;;10017.0;0.0
sideways_normal_s1;17800;INTARIAN_PEPPER_ROOT;12048;12;12044;22;;;12058;22;12061;20;;;12053.0;0.0
sideways_normal_s1;17800;ASH_COATED_OSMIUM;10003;13;9999;23;;;10037;14;10041;24;;;10020.0;0.0
sideways_normal_s1;17900;INTARIAN_PEPPER_ROOT;12037;8;12034;15;;;12073;18;12076;18;;;12055.0;0.0
sideways_normal_s1;17900;ASH_COATED_OSMIUM;10009;16;10005;14;;;10025;8;10027;12;;;10017.0;0.0
sideways_normal_s1;18000;INTARIAN_PEPPER_ROOT;12054;8;12052;16;;;12058;17;12061;10;;;12056.0;0.0
sideways_normal_s1;18000;ASH_COATED_OSMIUM;10000;6;9997;8;;;10020;12;10023;14;;;10010.0;0.0
sideways_normal_s1;18100;INTARIAN_PEPPER_ROOT;12057;14;12055;18;;;12059;7;12062;24;;;12058.0;0.0
sideways_normal_s1;18100;ASH_COATED_OSMIUM;9990;10;9988;18;;;10028;20;10031;18;;;10009.0;0.0
sideways_normal_s1;18200;INTARIAN_PEPPER_ROOT;12059;7;12056;8;;;12063;5;12067;10;;;12061.0;0.0
sideways_normal_s1;18200;ASH_COATED_OSMIUM;10006;8;10004;20;;;10020;17;10024;14;;;10013.0;0.0
sideways_normal_s1;18300;INTARIAN_PEPPER_ROOT;12060;9;12058;19;;;12068;11;12071;15;;;12064.0;0.0
sideways_normal_s1;18300;ASH_COATED_OSMIUM;10014;17;10012;21;;;10018;20;10021;24;;;10016.0;0.0
sideways_normal_s1;18400;INTARIAN_PEPPER_ROOT;12036;10;12032;26;;;12096;21;12100;19;;;12066.0;0.0
sideways_normal_s1;18400;ASH_COATED_OSMIUM;10004;5;10002;25;;;10018;17;10022;23;;;10011.0;0.0
sideways_normal_s1;18500;INTARIAN_PEPPER_ROOT;12063;15;12061;19;;;12073;15;12075;20;;;12068.0;0.0
sideways_normal_s1;18500;ASH_COATED_OSMIUM;10003;5;10000;18;;;10019;11;10023;13;;;10011.0;0.0
sideways_normal_s1;18600;INTARIAN_PEPPER_ROOT;12067;20;12065;22;;;12073;17;12076;22;;;12070.0;0.0
sideways_normal_s1;18600;ASH_COATED_OSMIUM;10010;22;10008;18;;;10016;16;10019;9;;;10013.0;0.0
sideways_normal_s1;18700;INTARIAN_PEPPER_ROOT;12071;12;12067;25;;;12073;16;12076;20;;;12072.0;0.0
sideways_normal_s1;18700;ASH_COATED_OSMIUM;10008;12;10005;17;;;10022;7;10024;23;;;10015.0;0.0
sideways_normal_s1;18800;INTARIAN_PEPPER_ROOT;12074;19;12071;23;;;12076;11;12078;15;;;12075.0;0.0
sideways_normal_s1;18800;ASH_COATED_OSMIUM;10015;9;10013;9;;;10017;10;10021;23;;;10016.0;0.0
sideways_normal_s1;18900;INTARIAN_PEPPER_ROOT;12049;15;12047;25;;;12103;19;12107;10;;;12076.0;0.0
sideways_normal_s1;18900;ASH_COATED_OSMIUM;10003;8;10000;17;;;10015;12;10017;15;;;10009.0;0.0
sideways_normal_s1;19000;INTARIAN_PEPPER_ROOT;12079;15;12076;24;;;12081;18;12084;21;;;12080.0;0.0
sideways_normal_s1;19000;ASH_COATED_OSMIUM;9998;19;9995;13;;;10024;20;10028;15;;;10011.0;0.0
sideways_normal_s1;19100;INTARIAN_PEPPER_ROOT;12081;13;12079;15;;;12083;8;12086;22;;;12082.0;0.0
sideways_normal_s1;19100;ASH_COATED_OSMIUM;10000;13;9996;17;;;10020;18;10024;17;;;10010.0;0.0
sideways_normal_s1;19200;INTARIAN_PEPPER_ROOT;12061;17;12058;21;;;12111;9;12113;16;;;12086.0;0.0
sideways_normal_s1;19200;ASH_COATED_OSMIUM;10010;19;10008;17;;;10018;12;10022;24;;;10014.0;0.0
sideways_normal_s1;19300;INTARIAN_PEPPER_ROOT;12081;5;12079;18;;;12095;28;12099;14;;;12088.0;0.0
sideways_normal_s1;19300;ASH_COATED_OSMIUM;10012;12;10008;18;;;10018;7;10021;22;;;10015.0;0.0
sideways_normal_s1;19400;INTARIAN_PEPPER_ROOT;12082;16;12080;17;;;12098;13;12100;25;;;12090.0;0.0
sideways_normal_s1;19400;ASH_COATED_OSMIUM;10016;5;10014;16;;;10020;17;10023;17;;;10018.0;0.0
sideways_normal_s1;19500;INTARIAN_PEPPER_ROOT;12090;9;12086;19;;;12092;18;12095;22;;;12091.0;0.0
sideways_normal_s1;19500;ASH_COATED_OSMIUM;10016;11;10014;18;;;10022;9;10024;18;;;10019.0;0.0
sideways_normal_s1;19600;INTARIAN_PEPPER_ROOT;12090;12;12088;18;;;12098;19;12100;22;;;12094.0;0.0
sideways_normal_s1;19600;ASH_COATED_OSMIUM;10014;15;10012;15;;;10016;15;10018;21;;;10015.0;0.0
sideways_normal_s1;19700;INTARIAN_PEPPER_ROOT;12083;13;12079;13;;;12109;18;12113;18;;;12096.0;0.0
sideways_normal_s1;19700;ASH_COATED_OSMIUM;10017;5;10014;24;;;10019;23;10022;10;;;10018.0;0.0
sideways_normal_s1;19800;INTARIAN_PEPPER_ROOT;12094;10;12092;18;;;12104;9;12108;18;;;12099.0;0.0
sideways_normal_s1;19800;ASH_COATED_OSMIUM;10017;21;10015;27;;;10019;5;10023;28;;;10018.0;0.0
sideways_normal_s1;19900;INTARIAN_PEPPER_ROOT;12100;7;12096;18;;;12102;13;12104;17;;;12101.0;0.0
sideways_normal_s1;19900;ASH_COATED_OSMIUM;10009;12;10006;18;;;10015;15;10017;23;;;10012.0;0.0
sideways_normal_s1;20000;INTARIAN_PEPPER_ROOT;12102;13;12099;21;;;12104;10;12107;23;;;12103.0;0.0
sideways_normal_s1;20000;ASH_COATED_OSMIUM;10012;18;10010;26;;;10014;9;10016;15;;;10013.0;0.0
sideways_normal_s1;20100;INTARIAN_PEPPER_ROOT;12086;17;12082;20;;;12124;12;12126;16;;;12105.0;0.0
sideways_normal_s1;20100;ASH_COATED_OSMIUM;9991;12;9987;17;;;10029;5;10033;18;;;10010.0;0.0
sideways_normal_s1;20200;INTARIAN_PEPPER_ROOT;12106;22;12103;18;;;12108;18;12112;23;;;12107.0;0.0
sideways_normal_s1;20200;ASH_COATED_OSMIUM;10006;16;10002;20;;;10020;9;10023;26;;;10013.0;0.0
sideways_normal_s1;20300;INTARIAN_PEPPER_ROOT;12106;15;12104;25;;;12114;16;12116;16;;;12110.0;0.0
sideways_normal_s1;20300;ASH_COATED_OSMIUM;10008;7;10004;25;;;10020;15;10022;13;;;10014.0;0.0
sideways_normal_s1;20400;INTARIAN_PEPPER_ROOT;12105;9;12103;23;;;12117;20;12119;19;;;12111.0;0.0
sideways_normal_s1;20400;ASH_COATED_OSMIUM;9988;6;9986;23;;;10038;16;10040;15;;;10013.0;0.0
sideways_normal_s1;20500;INTARIAN_PEPPER_ROOT;12109;7;12107;30;;;12111;7;12115;8;;;12110.0;0.0
sideways_normal_s1;20500;ASH_COATED_OSMIUM;10012;8;10009;22;;;10014;19;10017;20;;;10013.0;0.0
sideways_normal_s1;20600;INTARIAN_PEPPER_ROOT;12101;18;12098;18;;;12121;5;12125;22;;;12111.0;0.0
sideways_normal_s1;20600;ASH_COATED_OSMIUM;10012;5;10008;11;;;10014;12;10016;15;;;10013.0;0.0
sideways_normal_s1;20700;INTARIAN_PEPPER_ROOT;12110;10;12108;22;;;12112;19;12114;23;;;12111.0;0.0
sideways_normal_s1;20700;ASH_COATED_OSMIUM;10016;5;10013;21;;;10018;8;10020;23;;;10017.0;0.0
sideways_normal_s1;20800;INTARIAN_PEPPER_ROOT;12106;9;12102;25;;;12116;15;12119;16;;;12111.0;0.0
sideways_normal_s1;20800;ASH_COATED_OSMIUM;10016;9;10012;10;;;10020;11;10022;16;;;10018.0;0.0
sideways_normal_s1;20900;INTARIAN_PEPPER_ROOT;12110;17;12108;22;;;12122;11;12124;20;;;12116.0;0.0
sideways_normal_s1;20900;ASH_COATED_OSMIUM;10012;10;10009;20;;;10018;19;10021;23;;;10015.0;0.0
sideways_normal_s1;21000;INTARIAN_PEPPER_ROOT;12098;15;12096;24;;;12136;12;12138;14;;;12117.0;0.0
sideways_normal_s1;21000;ASH_COATED_OSMIUM;10008;19;10006;21;;;10014;19;10016;18;;;10011.0;0.0
sideways_normal_s1;21100;INTARIAN_PEPPER_ROOT;12100;13;12097;17;;;12134;8;12137;19;;;12117.0;0.0
sideways_normal_s1;21100;ASH_COATED_OSMIUM;9994;11;9991;17;;;10016;5;10019;18;;;10005.0;0.0
sideways_normal_s1;21200;INTARIAN_PEPPER_ROOT;12095;16;12091;20;;;12145;5;12148;17;;;12120.0;0.0
sideways_normal_s1;21200;ASH_COATED_OSMIUM;9994;13;9991;20;;;10010;21;10014;25;;;10002.0;0.0
sideways_normal_s1;21300;INTARIAN_PEPPER_ROOT;12119;10;12116;19;;;12121;5;12124;20;;;12120.0;0.0
sideways_normal_s1;21300;ASH_COATED_OSMIUM;10002;18;9999;21;;;10010;9;10014;19;;;10006.0;0.0
sideways_normal_s1;21400;INTARIAN_PEPPER_ROOT;12120;8;12116;17;;;12122;21;12125;8;;;12121.0;0.0
sideways_normal_s1;21400;ASH_COATED_OSMIUM;9996;17;9994;13;;;10010;9;10012;22;;;10003.0;0.0
sideways_normal_s1;21500;INTARIAN_PEPPER_ROOT;12115;11;12111;30;;;12131;20;12133;25;;;12123.0;0.0
sideways_normal_s1;21500;ASH_COATED_OSMIUM;9999;19;9997;13;;;10007;16;10011;22;;;10003.0;0.0
sideways_normal_s1;21600;INTARIAN_PEPPER_ROOT;12119;20;12115;9;;;12131;8;12133;22;;;12125.0;0.0
sideways_normal_s1;21600;ASH_COATED_OSMIUM;10009;15;10006;21;;;10011;11;10015;13;;;10010.0;0.0
sideways_normal_s1;21700;INTARIAN_PEPPER_ROOT;12121;7;12118;19;;;12133;16;12135;16;;;12127.0;0.0
sideways_normal_s1;21700;ASH_COATED_OSMIUM;10001;22;9998;14;;;10011;14;10015;18;;;10006.0;0.0
sideways_normal_s1;21800;INTARIAN_PEPPER_ROOT;12125;21;12122;21;;;12133;7;12135;23;;;12129.0;0.0
sideways_normal_s1;21800;ASH_COATED_OSMIUM;9985;9;9983;14;;;10023;17;10026;22;;;10004.0;0.0
sideways_normal_s1;21900;INTARIAN_PEPPER_ROOT;12130;17;12127;21;;;12132;15;12135;17;;;12131.0;0.0
sideways_normal_s1;21900;ASH_COATED_OSMIUM;10006;17;10002;22;;;10008;13;10012;18;;;10007.0;0.0
sideways_normal_s1;22000;INTARIAN_PEPPER_ROOT;12130;19;12127;17;;;12138;6;12140;26;;;12134.0;0.0
sideways_normal_s1;22000;ASH_COATED_OSMIUM;9999;16;9995;26;;;10013;18;10016;27;;;10006.0;0.0
sideways_normal_s1;22100;INTARIAN_PEPPER_ROOT;12135;15;12131;17;;;12137;19;12141;24;;;12136.0;0.0
sideways_normal_s1;22100;ASH_COATED_OSMIUM;10002;14;9999;28;;;10018;18;10021;19;;;10010.0;0.0
sideways_normal_s1;22200;INTARIAN_PEPPER_ROOT;12125;8;12122;17;;;12153;21;12156;25;;;12139.0;0.0
sideways_normal_s1;22200;ASH_COATED_OSMIUM;10007;16;10005;19;;;10009;11;10013;18;;;10008.0;0.0
sideways_normal_s1;22300;INTARIAN_PEPPER_ROOT;12139;9;12137;15;;;12141;17;12145;16;;;12140.0;0.0
sideways_normal_s1;22300;ASH_COATED_OSMIUM;10004;15;10002;18;;;10008;14;10012;16;;;10006.0;0.0
sideways_normal_s1;22400;INTARIAN_PEPPER_ROOT;12117;15;12115;25;;;12165;20;12168;17;;;12141.0;0.0
sideways_normal_s1;22400;ASH_COATED_OSMIUM;10002;15;10000;18;;;10004;15;10006;11;;;10003.0;0.0
sideways_normal_s1;22500;INTARIAN_PEPPER_ROOT;12143;16;12141;18;;;12145;15;12147;12;;;12144.0;0.0
sideways_normal_s1;22500;ASH_COATED_OSMIUM;9993;14;9990;26;;;10015;13;10018;24;;;10004.0;0.0
sideways_normal_s1;22600;INTARIAN_PEPPER_ROOT;12144;13;12140;23;;;12146;22;12148;21;;;12145.0;0.0
sideways_normal_s1;22600;ASH_COATED_OSMIUM;9999;6;9995;16;;;10003;10;10007;22;;;10001.0;0.0
sideways_normal_s1;22700;INTARIAN_PEPPER_ROOT;12145;16;12142;20;;;12147;11;12150;22;;;12146.0;0.0
sideways_normal_s1;22700;ASH_COATED_OSMIUM;9990;17;9988;19;;;10010;13;10013;13;;;10000.0;0.0
sideways_normal_s1;22800;INTARIAN_PEPPER_ROOT;12145;17;12141;14;;;12149;9;12152;16;;;12147.0;0.0
sideways_normal_s1;22800;ASH_COATED_OSMIUM;9995;17;9992;21;;;10005;9;10009;25;;;10000.0;0.0
sideways_normal_s1;22900;INTARIAN_PEPPER_ROOT;12139;11;12136;19;;;12157;10;12160;19;;;12148.0;0.0
sideways_normal_s1;22900;ASH_COATED_OSMIUM;9963;5;9961;10;;;10037;14;10040;20;;;10000.0;0.0
sideways_normal_s1;23000;INTARIAN_PEPPER_ROOT;12148;18;12144;11;;;12150;9;12152;19;;;12149.0;0.0
sideways_normal_s1;23000;ASH_COATED_OSMIUM;9996;9;9994;21;;;10002;9;10006;13;;;9999.0;0.0
sideways_normal_s1;23100;INTARIAN_PEPPER_ROOT;12151;11;12147;21;;;12153;21;12157;15;;;12152.0;0.0
sideways_normal_s1;23100;ASH_COATED_OSMIUM;9994;19;9992;20;;;10002;14;10004;16;;;9998.0;0.0
sideways_normal_s1;23200;INTARIAN_PEPPER_ROOT;12145;10;12142;21;;;12161;25;12164;19;;;12153.0;0.0
sideways_normal_s1;23200;ASH_COATED_OSMIUM;9995;12;9993;23;;;10007;13;10009;29;;;10001.0;0.0
sideways_normal_s1;23300;INTARIAN_PEPPER_ROOT;12142;23;12139;12;;;12170;12;12172;17;;;12156.0;0.0
sideways_normal_s1;23300;ASH_COATED_OSMIUM;9986;9;9983;13;;;10010;16;10013;17;;;9998.0;0.0
sideways_normal_s1;23400;INTARIAN_PEPPER_ROOT;12154;20;12150;13;;;12160;13;12162;21;;;12157.0;0.0
sideways_normal_s1;23400;ASH_COATED_OSMIUM;9993;11;9989;20;;;9999;9;10001;20;;;9996.0;0.0
sideways_normal_s1;23500;INTARIAN_PEPPER_ROOT;12154;16;12150;14;;;12160;6;12163;25;;;12157.0;0.0
sideways_normal_s1;23500;ASH_COATED_OSMIUM;9978;9;9975;12;;;10004;6;10007;20;;;9991.0;0.0
sideways_normal_s1;23600;INTARIAN_PEPPER_ROOT;12155;17;12152;18;;;12159;14;12162;15;;;12157.0;0.0
sideways_normal_s1;23600;ASH_COATED_OSMIUM;9982;21;9978;20;;;10002;8;10005;17;;;9992.0;0.0
sideways_normal_s1;23700;INTARIAN_PEPPER_ROOT;12149;16;12145;16;;;12165;12;12167;29;;;12157.0;0.0
sideways_normal_s1;23700;ASH_COATED_OSMIUM;9985;5;9982;14;;;9997;9;10001;26;;;9991.0;0.0
sideways_normal_s1;23800;INTARIAN_PEPPER_ROOT;12147;9;12143;10;;;12167;14;12171;21;;;12157.0;0.0
sideways_normal_s1;23800;ASH_COATED_OSMIUM;9992;17;9989;18;;;9994;15;9996;22;;;9993.0;0.0
sideways_normal_s1;23900;INTARIAN_PEPPER_ROOT;12158;15;12154;15;;;12160;15;12163;19;;;12159.0;0.0
sideways_normal_s1;23900;ASH_COATED_OSMIUM;9990;6;9988;24;;;10000;10;10003;13;;;9995.0;0.0
sideways_normal_s1;24000;INTARIAN_PEPPER_ROOT;12155;6;12153;16;;;12165;19;12169;13;;;12160.0;0.0
sideways_normal_s1;24000;ASH_COATED_OSMIUM;9991;10;9989;20;;;9999;11;10001;19;;;9995.0;0.0
sideways_normal_s1;24100;INTARIAN_PEPPER_ROOT;12156;9;12153;12;;;12166;16;12168;23;;;12161.0;0.0
sideways_normal_s1;24100;ASH_COATED_OSMIUM;9992;10;9990;27;;;10000;14;10003;19;;;9996.0;0.0
sideways_normal_s1;24200;INTARIAN_PEPPER_ROOT;12161;12;12159;20;;;12163;28;12167;21;;;12162.0;0.0
sideways_normal_s1;24200;ASH_COATED_OSMIUM;9988;15;9986;17;;;10008;5;10012;22;;;9998.0;0.0
sideways_normal_s1;24300;INTARIAN_PEPPER_ROOT;12160;17;12158;24;;;12162;17;12164;20;;;12161.0;0.0
sideways_normal_s1;24300;ASH_COATED_OSMIUM;9995;14;9991;13;;;9999;13;10003;19;;;9997.0;0.0
sideways_normal_s1;24400;INTARIAN_PEPPER_ROOT;12156;21;12154;26;;;12168;18;12171;23;;;12162.0;0.0
sideways_normal_s1;24400;ASH_COATED_OSMIUM;10001;8;9999;11;;;10003;7;10005;20;;;10002.0;0.0
sideways_normal_s1;24500;INTARIAN_PEPPER_ROOT;12146;14;12143;22;;;12180;13;12182;26;;;12163.0;0.0
sideways_normal_s1;24500;ASH_COATED_OSMIUM;9978;12;9976;20;;;10026;14;10030;22;;;10002.0;0.0
sideways_normal_s1;24600;INTARIAN_PEPPER_ROOT;12164;13;12160;19;;;12166;18;12169;19;;;12165.0;0.0
sideways_normal_s1;24600;ASH_COATED_OSMIUM;9987;11;9985;13;;;10005;16;10009;26;;;9996.0;0.0
sideways_normal_s1;24700;INTARIAN_PEPPER_ROOT;12159;16;12156;15;;;12171;5;12174;22;;;12165.0;0.0
sideways_normal_s1;24700;ASH_COATED_OSMIUM;9993;5;9991;20;;;10007;7;10009;20;;;10000.0;0.0
sideways_normal_s1;24800;INTARIAN_PEPPER_ROOT;12167;9;12164;18;;;12169;11;12171;26;;;12168.0;0.0
sideways_normal_s1;24800;ASH_COATED_OSMIUM;9981;20;9978;17;;;10021;18;10025;25;;;10001.0;0.0
sideways_normal_s1;24900;INTARIAN_PEPPER_ROOT;12160;11;12158;23;;;12176;11;12179;20;;;12168.0;0.0
sideways_normal_s1;24900;ASH_COATED_OSMIUM;9999;15;9995;17;;;10007;10;10010;28;;;10003.0;0.0
sideways_normal_s1;25000;INTARIAN_PEPPER_ROOT;12167;14;12163;14;;;12169;12;12173;25;;;12168.0;0.0
sideways_normal_s1;25000;ASH_COATED_OSMIUM;10001;17;9998;22;;;10007;14;10009;15;;;10004.0;0.0
sideways_normal_s1;25100;INTARIAN_PEPPER_ROOT;12161;25;12159;22;;;12177;17;12180;17;;;12169.0;0.0
sideways_normal_s1;25100;ASH_COATED_OSMIUM;10006;18;10003;18;;;10008;8;10012;19;;;10007.0;0.0
sideways_normal_s1;25200;INTARIAN_PEPPER_ROOT;12158;15;12155;23;;;12176;14;12180;21;;;12167.0;0.0
sideways_normal_s1;25200;ASH_COATED_OSMIUM;9991;22;9988;9;;;10011;14;10015;21;;;10001.0;0.0
sideways_normal_s1;25300;INTARIAN_PEPPER_ROOT;12154;8;12151;27;;;12186;17;12190;16;;;12170.0;0.0
sideways_normal_s1;25300;ASH_COATED_OSMIUM;9984;14;9982;19;;;10020;15;10022;13;;;10002.0;0.0
sideways_normal_s1;25400;INTARIAN_PEPPER_ROOT;12139;13;12135;26;;;12205;15;12207;28;;;12172.0;0.0
sideways_normal_s1;25400;ASH_COATED_OSMIUM;9993;15;9989;22;;;10013;22;10017;11;;;10003.0;0.0
sideways_normal_s1;25500;INTARIAN_PEPPER_ROOT;12166;11;12162;13;;;12178;13;12182;22;;;12172.0;0.0
sideways_normal_s1;25500;ASH_COATED_OSMIUM;10001;16;9997;17;;;10013;11;10016;29;;;10007.0;0.0
sideways_normal_s1;25600;INTARIAN_PEPPER_ROOT;12171;7;12167;24;;;12177;19;12181;24;;;12174.0;0.0
sideways_normal_s1;25600;ASH_COATED_OSMIUM;9991;16;9989;12;;;10007;15;10009;19;;;9999.0;0.0
sideways_normal_s1;25700;INTARIAN_PEPPER_ROOT;12157;12;12154;22;;;12193;15;12197;23;;;12175.0;0.0
sideways_normal_s1;25700;ASH_COATED_OSMIUM;9991;5;9987;11;;;10005;12;10009;23;;;9998.0;0.0
sideways_normal_s1;25800;INTARIAN_PEPPER_ROOT;12154;14;12150;23;;;12200;17;12202;10;;;12177.0;0.0
sideways_normal_s1;25800;ASH_COATED_OSMIUM;9995;13;9993;25;;;10007;14;10010;19;;;10001.0;0.0
sideways_normal_s1;25900;INTARIAN_PEPPER_ROOT;12177;14;12173;19;;;12179;17;12181;14;;;12178.0;0.0
sideways_normal_s1;25900;ASH_COATED_OSMIUM;9980;6;9976;21;;;10018;6;10021;22;;;9999.0;0.0
sideways_normal_s1;26000;INTARIAN_PEPPER_ROOT;12175;13;12173;20;;;12181;13;12183;17;;;12178.0;0.0
sideways_normal_s1;26000;ASH_COATED_OSMIUM;9997;23;9994;19;;;10011;14;10013;21;;;10004.0;0.0
sideways_normal_s1;26100;INTARIAN_PEPPER_ROOT;12160;23;12158;12;;;12194;11;12196;21;;;12177.0;0.0
sideways_normal_s1;26100;ASH_COATED_OSMIUM;9982;9;9980;25;;;10024;20;10026;24;;;10003.0;0.0
sideways_normal_s1;26200;INTARIAN_PEPPER_ROOT;12178;23;12175;21;;;12182;19;12185;21;;;12180.0;0.0
sideways_normal_s1;26200;ASH_COATED_OSMIUM;9995;12;9993;20;;;10005;15;10008;10;;;10000.0;0.0
sideways_normal_s1;26300;INTARIAN_PEPPER_ROOT;12173;16;12170;27;;;12185;17;12188;21;;;12179.0;0.0
sideways_normal_s1;26300;ASH_COATED_OSMIUM;9995;17;9993;23;;;10001;10;10004;13;;;9998.0;0.0
sideways_normal_s1;26400;INTARIAN_PEPPER_ROOT;12175;20;12173;12;;;12185;20;12189;19;;;12180.0;0.0
sideways_normal_s1;26400;ASH_COATED_OSMIUM;9994;12;9991;20;;;10000;10;10003;9;;;9997.0;0.0
sideways_normal_s1;26500;INTARIAN_PEPPER_ROOT;12173;19;12170;15;;;12191;8;12194;19;;;12182.0;0.0
sideways_normal_s1;26500;ASH_COATED_OSMIUM;9987;13;9985;18;;;9993;20;9995;13;;;9990.0;0.0
sideways_normal_s1;26600;INTARIAN_PEPPER_ROOT;12182;18;12180;22;;;12184;17;12186;26;;;12183.0;0.0
sideways_normal_s1;26600;ASH_COATED_OSMIUM;9966;14;9963;14;;;10010;15;10012;27;;;9988.0;0.0
sideways_normal_s1;26700;INTARIAN_PEPPER_ROOT;12181;16;12177;23;;;12187;16;12189;21;;;12184.0;0.0
sideways_normal_s1;26700;ASH_COATED_OSMIUM;9983;19;9979;20;;;9985;9;9989;25;;;9984.0;0.0
sideways_normal_s1;26800;INTARIAN_PEPPER_ROOT;12183;18;12179;19;;;12187;13;12191;16;;;12185.0;0.0
sideways_normal_s1;26800;ASH_COATED_OSMIUM;9966;18;9963;24;;;10006;16;10010;23;;;9986.0;0.0
sideways_normal_s1;26900;INTARIAN_PEPPER_ROOT;12178;15;12175;22;;;12194;17;12196;18;;;12186.0;0.0
sideways_normal_s1;26900;ASH_COATED_OSMIUM;9967;16;9965;25;;;10017;20;10021;23;;;9992.0;0.0
sideways_normal_s1;27000;INTARIAN_PEPPER_ROOT;12175;16;12173;20;;;12197;15;12199;11;;;12186.0;0.0
sideways_normal_s1;27000;ASH_COATED_OSMIUM;9982;19;9979;31;;;9998;16;10002;14;;;9990.0;0.0
sideways_normal_s1;27100;INTARIAN_PEPPER_ROOT;12188;14;12186;18;;;12190;15;12194;24;;;12189.0;0.0
sideways_normal_s1;27100;ASH_COATED_OSMIUM;9984;15;9982;21;;;9994;11;9997;13;;;9989.0;0.0
sideways_normal_s1;27200;INTARIAN_PEPPER_ROOT;12189;19;12186;17;;;12191;7;12194;14;;;12190.0;0.0
sideways_normal_s1;27200;ASH_COATED_OSMIUM;9983;19;9980;18;;;9995;19;9999;20;;;9989.0;0.0
sideways_normal_s1;27300;INTARIAN_PEPPER_ROOT;12189;10;12186;17;;;12195;11;12198;24;;;12192.0;0.0
sideways_normal_s1;27300;ASH_COATED_OSMIUM;9967;13;9963;27;;;10017;17;10021;20;;;9992.0;0.0
sideways_normal_s1;27400;INTARIAN_PEPPER_ROOT;12189;18;12186;25;;;12193;11;12197;19;;;12191.0;0.0
sideways_normal_s1;27400;ASH_COATED_OSMIUM;9986;12;9984;28;;;9996;16;9999;22;;;9991.0;0.0
sideways_normal_s1;27500;INTARIAN_PEPPER_ROOT;12189;14;12187;17;;;12193;14;12197;21;;;12191.0;0.0
sideways_normal_s1;27500;ASH_COATED_OSMIUM;9991;11;9988;22;;;10003;13;10006;18;;;9997.0;0.0
sideways_normal_s1;27600;INTARIAN_PEPPER_ROOT;12183;25;12181;12;;;12197;14;12201;13;;;12190.0;0.0
sideways_normal_s1;27600;ASH_COATED_OSMIUM;9988;20;9986;13;;;9998;13;10000;28;;;9993.0;0.0
sideways_normal_s1;27700;INTARIAN_PEPPER_ROOT;12191;27;12188;27;;;12193;21;12197;25;;;12192.0;0.0
sideways_normal_s1;27700;ASH_COATED_OSMIUM;9985;16;9982;24;;;10003;12;10005;22;;;9994.0;0.0
sideways_normal_s1;27800;INTARIAN_PEPPER_ROOT;12189;22;12185;21;;;12195;17;12198;19;;;12192.0;0.0
sideways_normal_s1;27800;ASH_COATED_OSMIUM;9989;5;9986;22;;;9991;16;9994;18;;;9990.0;0.0
sideways_normal_s1;27900;INTARIAN_PEPPER_ROOT;12187;24;12183;15;;;12201;20;12203;17;;;12194.0;0.0
sideways_normal_s1;27900;ASH_COATED_OSMIUM;9980;15;9977;13;;;9998;14;10002;25;;;9989.0;0.0
sideways_normal_s1;28000;INTARIAN_PEPPER_ROOT;12193;24;12190;17;;;12195;14;12197;22;;;12194.0;0.0
sideways_normal_s1;28000;ASH_COATED_OSMIUM;9988;13;9985;25;;;9990;17;9994;26;;;9989.0;0.0
sideways_normal_s1;28100;INTARIAN_PEPPER_ROOT;12193;5;12191;8;;;12195;15;12198;17;;;12194.0;0.0
sideways_normal_s1;28100;ASH_COATED_OSMIUM;9993;19;9991;20;;;9995;14;9999;26;;;9994.0;0.0
sideways_normal_s1;28200;INTARIAN_PEPPER_ROOT;12172;14;12169;20;;;12216;7;12218;10;;;12194.0;0.0
sideways_normal_s1;28200;ASH_COATED_OSMIUM;9984;15;9980;12;;;10000;17;10004;24;;;9992.0;0.0
sideways_normal_s1;28300;INTARIAN_PEPPER_ROOT;12191;8;12189;22;;;12201;14;12203;14;;;12196.0;0.0
sideways_normal_s1;28300;ASH_COATED_OSMIUM;9988;14;9986;18;;;9998;18;10002;27;;;9993.0;0.0
sideways_normal_s1;28400;INTARIAN_PEPPER_ROOT;12194;14;12192;23;;;12198;19;12201;20;;;12196.0;0.0
sideways_normal_s1;28400;ASH_COATED_OSMIUM;9992;11;9988;14;;;9996;11;9998;18;;;9994.0;0.0
sideways_normal_s1;28500;INTARIAN_PEPPER_ROOT;12191;17;12188;25;;;12203;17;12206;24;;;12197.0;0.0
sideways_normal_s1;28500;ASH_COATED_OSMIUM;9995;20;9991;15;;;9997;14;10000;18;;;9996.0;0.0
sideways_normal_s1;28600;INTARIAN_PEPPER_ROOT;12195;14;12191;11;;;12199;9;12202;18;;;12197.0;0.0
sideways_normal_s1;28600;ASH_COATED_OSMIUM;9992;15;9990;17;;;10000;13;10002;15;;;9996.0;0.0
sideways_normal_s1;28700;INTARIAN_PEPPER_ROOT;12196;23;12193;22;;;12200;11;12202;18;;;12198.0;0.0
sideways_normal_s1;28700;ASH_COATED_OSMIUM;9989;19;9986;26;;;10005;12;10009;31;;;9997.0;0.0
sideways_normal_s1;28800;INTARIAN_PEPPER_ROOT;12187;12;12184;28;;;12207;16;12211;20;;;12197.0;0.0
sideways_normal_s1;28800;ASH_COATED_OSMIUM;9985;14;9983;21;;;10009;17;10013;22;;;9997.0;0.0
sideways_normal_s1;28900;INTARIAN_PEPPER_ROOT;12191;5;12189;18;;;12205;14;12207;18;;;12198.0;0.0
sideways_normal_s1;28900;ASH_COATED_OSMIUM;9973;7;9971;18;;;10019;13;10022;27;;;9996.0;0.0
sideways_normal_s1;29000;INTARIAN_PEPPER_ROOT;12189;23;12187;26;;;12207;8;12210;26;;;12198.0;0.0
sideways_normal_s1;29000;ASH_COATED_OSMIUM;9984;6;9982;16;;;10004;5;10006;28;;;9994.0;0.0
sideways_normal_s1;29100;INTARIAN_PEPPER_ROOT;12197;10;12194;19;;;12201;22;12204;16;;;12199.0;0.0
sideways_normal_s1;29100;ASH_COATED_OSMIUM;9977;10;9974;17;;;10013;16;10016;28;;;9995.0;0.0
sideways_normal_s1;29200;INTARIAN_PEPPER_ROOT;12193;15;12189;28;;;12205;13;12208;21;;;12199.0;0.0
sideways_normal_s1;29200;ASH_COATED_OSMIUM;9996;5;9994;24;;;9998;8;10002;19;;;9997.0;0.0
sideways_normal_s1;29300;INTARIAN_PEPPER_ROOT;12195;9;12192;23;;;12201;11;12205;25;;;12198.0;0.0
sideways_normal_s1;29300;ASH_COATED_OSMIUM;9996;13;9994;22;;;9998;22;10000;18;;;9997.0;0.0
sideways_normal_s1;29400;INTARIAN_PEPPER_ROOT;12198;21;12194;20;;;12200;6;12202;10;;;12199.0;0.0
sideways_normal_s1;29400;ASH_COATED_OSMIUM;9983;12;9979;18;;;10005;10;10009;15;;;9994.0;0.0
sideways_normal_s1;29500;INTARIAN_PEPPER_ROOT;12194;19;12191;8;;;12204;6;12207;12;;;12199.0;0.0
sideways_normal_s1;29500;ASH_COATED_OSMIUM;9989;9;9987;17;;;10009;19;10013;13;;;9999.0;0.0
sideways_normal_s1;29600;INTARIAN_PEPPER_ROOT;12178;18;12175;11;;;12222;9;12224;16;;;12200.0;0.0
sideways_normal_s1;29600;ASH_COATED_OSMIUM;9989;11;9985;30;;;10011;12;10015;14;;;10000.0;0.0
sideways_normal_s1;29700;INTARIAN_PEPPER_ROOT;12193;20;12190;18;;;12207;15;12211;21;;;12200.0;0.0
sideways_normal_s1;29700;ASH_COATED_OSMIUM;9996;11;9993;16;;;10004;9;10006;14;;;10000.0;0.0
sideways_normal_s1;29800;INTARIAN_PEPPER_ROOT;12194;12;12192;21;;;12206;13;12210;14;;;12200.0;0.0
sideways_normal_s1;29800;ASH_COATED_OSMIUM;10000;9;9998;26;;;10004;9;10008;14;;;10002.0;0.0
sideways_normal_s1;29900;INTARIAN_PEPPER_ROOT;12200;13;12196;17;;;12202;11;12204;21;;;12201.0;0.0
sideways_normal_s1;29900;ASH_COATED_OSMIUM;9965;7;9962;18;;;10035;10;10037;13;;;10000.0;0.0
sideways_normal_s1;30000;INTARIAN_PEPPER_ROOT;12201;9;12197;16;;;12205;17;12209;16;;;12203.0;0.0
sideways_normal_s1;30000;ASH_COATED_OSMIUM;9974;5;9971;13;;;10012;5;10014;18;;;9993.0;0.0
sideways_normal_s1;30100;INTARIAN_PEPPER_ROOT;12194;10;12192;22;;;12210;9;12213;28;;;12202.0;0.0
sideways_normal_s1;30100;ASH_COATED_OSMIUM;9992;20;9990;28;;;9996;10;9998;15;;;9994.0;0.0
sideways_normal_s1;30200;INTARIAN_PEPPER_ROOT;12196;17;12193;19;;;12206;11;12210;20;;;12201.0;0.0
sideways_normal_s1;30200;ASH_COATED_OSMIUM;9990;15;9986;9;;;10006;16;10010;18;;;9998.0;0.0
sideways_normal_s1;30300;INTARIAN_PEPPER_ROOT;12194;20;12192;16;;;12206;18;12210;11;;;12200.0;0.0
sideways_normal_s1;30300;ASH_COATED_OSMIUM;9994;12;9992;22;;;10002;6;10006;20;;;9998.0;0.0
sideways_normal_s1;30400;INTARIAN_PEPPER_ROOT;12193;13;12191;28;;;12207;26;12209;22;;;12200.0;0.0
sideways_normal_s1;30400;ASH_COATED_OSMIUM;9990;7;9988;13;;;9998;15;10000;17;;;9994.0;0.0
sideways_normal_s1;30500;INTARIAN_PEPPER_ROOT;12201;9;12198;18;;;12203;17;12205;24;;;12202.0;0.0
sideways_normal_s1;30500;ASH_COATED_OSMIUM;9979;13;9976;22;;;10007;11;10009;19;;;9993.0;0.0
sideways_normal_s1;30600;INTARIAN_PEPPER_ROOT;12199;14;12197;13;;;12205;13;12207;18;;;12202.0;0.0
sideways_normal_s1;30600;ASH_COATED_OSMIUM;9977;22;9974;20;;;10001;20;10004;20;;;9989.0;0.0
sideways_normal_s1;30700;INTARIAN_PEPPER_ROOT;12194;20;12190;29;;;12210;22;12212;19;;;12202.0;0.0
sideways_normal_s1;30700;ASH_COATED_OSMIUM;9978;18;9976;19;;;10000;11;10004;25;;;9989.0;0.0
sideways_normal_s1;30800;INTARIAN_PEPPER_ROOT;12195;18;12193;21;;;12209;20;12211;30;;;12202.0;0.0
sideways_normal_s1;30800;ASH_COATED_OSMIUM;9990;17;9986;25;;;9992;15;9995;23;;;9991.0;0.0
sideways_normal_s1;30900;INTARIAN_PEPPER_ROOT;12200;16;12198;19;;;12204;10;12208;16;;;12202.0;0.0
sideways_normal_s1;30900;ASH_COATED_OSMIUM;9984;19;9982;23;;;9998;5;10002;16;;;9991.0;0.0
sideways_normal_s1;31000;INTARIAN_PEPPER_ROOT;12182;11;12178;13;;;12222;11;12225;20;;;12202.0;0.0
sideways_normal_s1;31000;ASH_COATED_OSMIUM;9996;16;9992;19;;;9998;16;10000;17;;;9997.0;0.0
sideways_normal_s1;31100;INTARIAN_PEPPER_ROOT;12199;5;12197;20;;;12207;16;12210;19;;;12203.0;0.0
sideways_normal_s1;31100;ASH_COATED_OSMIUM;10002;21;9998;14;;;10004;20;10006;16;;;10003.0;0.0
sideways_normal_s1;31200;INTARIAN_PEPPER_ROOT;12200;14;12198;12;;;12208;7;12210;14;;;12204.0;0.0
sideways_normal_s1;31200;ASH_COATED_OSMIUM;9986;6;9982;19;;;10014;10;10017;26;;;10000.0;0.0
sideways_normal_s1;31300;INTARIAN_PEPPER_ROOT;12203;18;12200;14;;;12205;10;12207;22;;;12204.0;0.0
sideways_normal_s1;31300;ASH_COATED_OSMIUM;9995;9;9991;23;;;10009;19;10011;21;;;10002.0;0.0
sideways_normal_s1;31400;INTARIAN_PEPPER_ROOT;12174;19;12172;20;;;12240;17;12244;15;;;12207.0;0.0
sideways_normal_s1;31400;ASH_COATED_OSMIUM;9998;9;9996;24;;;10000;21;10004;13;;;9999.0;0.0
sideways_normal_s1;31500;INTARIAN_PEPPER_ROOT;12198;13;12196;22;;;12216;18;12219;15;;;12207.0;0.0
sideways_normal_s1;31500;ASH_COATED_OSMIUM;9996;13;9992;29;;;9998;9;10002;18;;;9997.0;0.0
sideways_normal_s1;31600;INTARIAN_PEPPER_ROOT;12190;15;12188;21;;;12226;16;12230;28;;;12208.0;0.0
sideways_normal_s1;31600;ASH_COATED_OSMIUM;9981;20;9978;18;;;10023;17;10025;19;;;10002.0;0.0
sideways_normal_s1;31700;INTARIAN_PEPPER_ROOT;12189;17;12187;24;;;12227;5;12231;29;;;12208.0;0.0
sideways_normal_s1;31700;ASH_COATED_OSMIUM;10004;9;10000;26;;;10010;5;10012;13;;;10007.0;0.0
sideways_normal_s1;31800;INTARIAN_PEPPER_ROOT;12204;14;12200;25;;;12212;11;12216;16;;;12208.0;0.0
sideways_normal_s1;31800;ASH_COATED_OSMIUM;10003;7;10000;20;;;10009;19;10012;20;;;10006.0;0.0
sideways_normal_s1;31900;INTARIAN_PEPPER_ROOT;12195;12;12193;21;;;12219;13;12221;23;;;12207.0;0.0
sideways_normal_s1;31900;ASH_COATED_OSMIUM;9998;6;9996;25;;;10010;10;10013;28;;;10004.0;0.0
sideways_normal_s1;32000;INTARIAN_PEPPER_ROOT;12205;13;12203;21;;;12207;11;12210;13;;;12206.0;0.0
sideways_normal_s1;32000;ASH_COATED_OSMIUM;10004;11;10002;15;;;10008;10;10011;15;;;10006.0;0.0
sideways_normal_s1;32100;INTARIAN_PEPPER_ROOT;12203;20;12199;20;;;12205;22;12207;23;;;12204.0;0.0
sideways_normal_s1;32100;ASH_COATED_OSMIUM;10002;7;9998;26;;;10010;9;10014;17;;;10006.0;0.0
sideways_normal_s1;32200;INTARIAN_PEPPER_ROOT;12202;19;12199;27;;;12210;10;12212;21;;;12206.0;0.0
sideways_normal_s1;32200;ASH_COATED_OSMIUM;10006;16;10003;18;;;10008;12;10012;15;;;10007.0;0.0
sideways_normal_s1;32300;INTARIAN_PEPPER_ROOT;12195;15;12191;24;;;12213;9;12217;19;;;12204.0;0.0
sideways_normal_s1;32300;ASH_COATED_OSMIUM;9994;19;9990;18;;;10012;5;10015;20;;;10003.0;0.0
sideways_normal_s1;32400;INTARIAN_PEPPER_ROOT;12199;14;12197;22;;;12211;20;12215;21;;;12205.0;0.0
sideways_normal_s1;32400;ASH_COATED_OSMIUM;9998;8;9994;23;;;10006;12;10009;14;;;10002.0;0.0
sideways_normal_s1;32500;INTARIAN_PEPPER_ROOT;12194;10;12190;22;;;12216;21;12219;26;;;12205.0;0.0
sideways_normal_s1;32500;ASH_COATED_OSMIUM;9999;16;9996;21;;;10011;7;10013;23;;;10005.0;0.0
sideways_normal_s1;32600;INTARIAN_PEPPER_ROOT;12202;13;12198;17;;;12206;12;12208;25;;;12204.0;0.0
sideways_normal_s1;32600;ASH_COATED_OSMIUM;10002;15;10000;16;;;10004;5;10008;17;;;10003.0;0.0
sideways_normal_s1;32700;INTARIAN_PEPPER_ROOT;12202;7;12198;23;;;12208;10;12210;27;;;12205.0;0.0
sideways_normal_s1;32700;ASH_COATED_OSMIUM;9999;20;9996;16;;;10001;13;10005;14;;;10000.0;0.0
sideways_normal_s1;32800;INTARIAN_PEPPER_ROOT;12201;20;12198;24;;;12209;15;12211;16;;;12205.0;0.0
sideways_normal_s1;32800;ASH_COATED_OSMIUM;9989;12;9986;22;;;10017;15;10020;25;;;10003.0;0.0
sideways_normal_s1;32900;INTARIAN_PEPPER_ROOT;12205;9;12201;21;;;12207;29;12209;27;;;12206.0;0.0
sideways_normal_s1;32900;ASH_COATED_OSMIUM;10005;12;10001;20;;;10007;16;10009;22;;;10006.0;0.0
sideways_normal_s1;33000;INTARIAN_PEPPER_ROOT;12205;14;12202;27;;;12207;10;12210;21;;;12206.0;0.0
sideways_normal_s1;33000;ASH_COATED_OSMIUM;9987;14;9984;29;;;10013;12;10017;23;;;10000.0;0.0
sideways_normal_s1;33100;INTARIAN_PEPPER_ROOT;12205;12;12202;15;;;12209;16;12211;13;;;12207.0;0.0
sideways_normal_s1;33100;ASH_COATED_OSMIUM;9980;18;9977;20;;;10016;23;10020;17;;;9998.0;0.0
sideways_normal_s1;33200;INTARIAN_PEPPER_ROOT;12191;8;12187;11;;;12221;20;12223;13;;;12206.0;0.0
sideways_normal_s1;33200;ASH_COATED_OSMIUM;9983;14;9979;8;;;10017;14;10020;15;;;10000.0;0.0
sideways_normal_s1;33300;INTARIAN_PEPPER_ROOT;12204;14;12202;12;;;12206;18;12209;23;;;12205.0;0.0
sideways_normal_s1;33300;ASH_COATED_OSMIUM;9975;19;9972;24;;;10021;10;10024;20;;;9998.0;0.0
sideways_normal_s1;33400;INTARIAN_PEPPER_ROOT;12206;14;12203;8;;;12208;7;12210;20;;;12207.0;0.0
sideways_normal_s1;33400;ASH_COATED_OSMIUM;9992;11;9989;21;;;10004;14;10006;23;;;9998.0;0.0
sideways_normal_s1;33500;INTARIAN_PEPPER_ROOT;12203;21;12200;23;;;12209;13;12212;13;;;12206.0;0.0
sideways_normal_s1;33500;ASH_COATED_OSMIUM;9998;11;9996;25;;;10002;5;10005;23;;;10000.0;0.0
sideways_normal_s1;33600;INTARIAN_PEPPER_ROOT;12194;17;12190;26;;;12212;18;12214;17;;;12203.0;0.0
sideways_normal_s1;33600;ASH_COATED_OSMIUM;9999;9;9995;23;;;10003;5;10006;20;;;10001.0;0.0
sideways_normal_s1;33700;INTARIAN_PEPPER_ROOT;12197;13;12195;18;;;12205;5;12209;15;;;12201.0;0.0
sideways_normal_s1;33700;ASH_COATED_OSMIUM;9983;15;9981;24;;;10017;11;10019;15;;;10000.0;0.0
sideways_normal_s1;33800;INTARIAN_PEPPER_ROOT;12181;17;12178;24;;;12215;10;12218;26;;;12198.0;0.0
sideways_normal_s1;33800;ASH_COATED_OSMIUM;9983;11;9980;21;;;10015;11;10019;21;;;9999.0;0.0
sideways_normal_s1;33900;INTARIAN_PEPPER_ROOT;12193;18;12189;15;;;12199;18;12202;21;;;12196.0;0.0
sideways_normal_s1;33900;ASH_COATED_OSMIUM;9957;14;9954;17;;;10051;10;10054;18;;;10004.0;0.0
sideways_normal_s1;34000;INTARIAN_PEPPER_ROOT;12190;22;12187;14;;;12200;7;12202;25;;;12195.0;0.0
sideways_normal_s1;34000;ASH_COATED_OSMIUM;10000;12;9998;16;;;10002;18;10005;23;;;10001.0;0.0
sideways_normal_s1;34100;INTARIAN_PEPPER_ROOT;12191;14;12189;21;;;12201;15;12205;23;;;12196.0;0.0
sideways_normal_s1;34100;ASH_COATED_OSMIUM;9993;14;9990;16;;;10015;6;10018;32;;;10004.0;0.0
sideways_normal_s1;34200;INTARIAN_PEPPER_ROOT;12193;16;12190;15;;;12197;19;12201;12;;;12195.0;0.0
sideways_normal_s1;34200;ASH_COATED_OSMIUM;10008;16;10004;23;;;10016;6;10020;13;;;10012.0;0.0
sideways_normal_s1;34300;INTARIAN_PEPPER_ROOT;12187;18;12183;11;;;12203;16;12207;17;;;12195.0;0.0
sideways_normal_s1;34300;ASH_COATED_OSMIUM;10009;17;10006;20;;;10019;7;10022;16;;;10014.0;0.0
sideways_normal_s1;34400;INTARIAN_PEPPER_ROOT;12194;14;12192;15;;;12196;16;12198;16;;;12195.0;0.0
sideways_normal_s1;34400;ASH_COATED_OSMIUM;9999;16;9996;32;;;10039;21;10043;24;;;10019.0;0.0
sideways_normal_s1;34500;INTARIAN_PEPPER_ROOT;12183;18;12179;26;;;12205;22;12207;28;;;12194.0;0.0
sideways_normal_s1;34500;ASH_COATED_OSMIUM;10017;10;10013;19;;;10021;8;10024;15;;;10019.0;0.0
sideways_normal_s1;34600;INTARIAN_PEPPER_ROOT;12191;23;12188;19;;;12195;15;12197;16;;;12193.0;0.0
sideways_normal_s1;34600;ASH_COATED_OSMIUM;10006;14;10003;14;;;10020;19;10023;27;;;10013.0;0.0
sideways_normal_s1;34700;INTARIAN_PEPPER_ROOT;12192;16;12189;18;;;12194;8;12196;24;;;12193.0;0.0
sideways_normal_s1;34700;ASH_COATED_OSMIUM;10012;15;10009;24;;;10014;9;10018;12;;;10013.0;0.0
sideways_normal_s1;34800;INTARIAN_PEPPER_ROOT;12191;17;12188;17;;;12195;17;12199;34;;;12193.0;0.0
sideways_normal_s1;34800;ASH_COATED_OSMIUM;9997;16;9994;16;;;10029;17;10033;9;;;10013.0;0.0
sideways_normal_s1;34900;INTARIAN_PEPPER_ROOT;12183;12;12179;25;;;12199;22;12203;20;;;12191.0;0.0
sideways_normal_s1;34900;ASH_COATED_OSMIUM;10017;17;10014;20;;;10019;6;10023;19;;;10018.0;0.0
sideways_normal_s1;35000;INTARIAN_PEPPER_ROOT;12190;20;12188;17;;;12192;19;12194;19;;;12191.0;0.0
sideways_normal_s1;35000;ASH_COATED_OSMIUM;10016;17;10014;17;;;10020;9;10024;14;;;10018.0;0.0
sideways_normal_s1;35100;INTARIAN_PEPPER_ROOT;12191;18;12188;23;;;12193;16;12197;8;;;12192.0;0.0
sideways_normal_s1;35100;ASH_COATED_OSMIUM;10011;12;10007;26;;;10027;12;10029;19;;;10019.0;0.0
sideways_normal_s1;35200;INTARIAN_PEPPER_ROOT;12190;18;12186;18;;;12192;14;12194;22;;;12191.0;0.0
sideways_normal_s1;35200;ASH_COATED_OSMIUM;9989;11;9986;9;;;10047;7;10049;17;;;10018.0;0.0
sideways_normal_s1;35300;INTARIAN_PEPPER_ROOT;12185;11;12182;20;;;12199;19;12202;23;;;12192.0;0.0
sideways_normal_s1;35300;ASH_COATED_OSMIUM;10016;20;10014;21;;;10018;5;10022;20;;;10017.0;0.0
sideways_normal_s1;35400;INTARIAN_PEPPER_ROOT;12182;20;12180;16;;;12200;5;12203;20;;;12191.0;0.0
sideways_normal_s1;35400;ASH_COATED_OSMIUM;9997;10;9993;13;;;10041;11;10045;16;;;10019.0;0.0
sideways_normal_s1;35500;INTARIAN_PEPPER_ROOT;12183;13;12181;20;;;12195;11;12197;24;;;12189.0;0.0
sideways_normal_s1;35500;ASH_COATED_OSMIUM;9999;15;9996;23;;;10039;18;10043;21;;;10019.0;0.0
sideways_normal_s1;35600;INTARIAN_PEPPER_ROOT;12185;5;12182;12;;;12193;10;12195;21;;;12189.0;0.0
sideways_normal_s1;35600;ASH_COATED_OSMIUM;10008;11;10004;12;;;10022;11;10024;19;;;10015.0;0.0
sideways_normal_s1;35700;INTARIAN_PEPPER_ROOT;12176;5;12172;26;;;12200;18;12203;16;;;12188.0;0.0
sideways_normal_s1;35700;ASH_COATED_OSMIUM;10015;9;10012;15;;;10017;17;10019;17;;;10016.0;0.0
sideways_normal_s1;35800;INTARIAN_PEPPER_ROOT;12185;13;12181;19;;;12187;17;12189;23;;;12186.0;0.0
sideways_normal_s1;35800;ASH_COATED_OSMIUM;10011;15;10007;18;;;10019;18;10021;23;;;10015.0;0.0
sideways_normal_s1;35900;INTARIAN_PEPPER_ROOT;12181;17;12178;17;;;12191;21;12194;26;;;12186.0;0.0
sideways_normal_s1;35900;ASH_COATED_OSMIUM;9987;13;9983;17;;;10047;12;10050;13;;;10017.0;0.0
sideways_normal_s1;36000;INTARIAN_PEPPER_ROOT;12170;16;12166;15;;;12200;10;12204;14;;;12185.0;0.0
sideways_normal_s1;36000;ASH_COATED_OSMIUM;10013;12;10011;19;;;10017;12;10019;19;;;10015.0;0.0
sideways_normal_s1;36100;INTARIAN_PEPPER_ROOT;12184;7;12182;18;;;12186;14;12189;18;;;12185.0;0.0
sideways_normal_s1;36100;ASH_COATED_OSMIUM;9966;6;9962;16;;;10054;6;10057;29;;;10010.0;0.0
sideways_normal_s1;36200;INTARIAN_PEPPER_ROOT;12179;27;12175;16;;;12187;14;12191;27;;;12183.0;0.0
sideways_normal_s1;36200;ASH_COATED_OSMIUM;9994;16;9990;24;;;10028;12;10031;23;;;10011.0;0.0
sideways_normal_s1;36300;INTARIAN_PEPPER_ROOT;12181;10;12177;20;;;12183;19;12187;23;;;12182.0;0.0
sideways_normal_s1;36300;ASH_COATED_OSMIUM;10005;8;10001;17;;;10007;13;10011;26;;;10006.0;0.0
sideways_normal_s1;36400;INTARIAN_PEPPER_ROOT;12180;10;12176;24;;;12182;16;12184;24;;;12181.0;0.0
sideways_normal_s1;36400;ASH_COATED_OSMIUM;10007;11;10003;21;;;10009;11;10013;24;;;10008.0;0.0
sideways_normal_s1;36500;INTARIAN_PEPPER_ROOT;12163;17;12160;25;;;12199;14;12203;20;;;12181.0;0.0
sideways_normal_s1;36500;ASH_COATED_OSMIUM;9985;12;9983;17;;;10025;13;10028;26;;;10005.0;0.0
sideways_normal_s1;36600;INTARIAN_PEPPER_ROOT;12180;16;12178;20;;;12182;17;12184;22;;;12181.0;0.0
sideways_normal_s1;36600;ASH_COATED_OSMIUM;9997;14;9995;18;;;10003;8;10005;22;;;10000.0;0.0
sideways_normal_s1;36700;INTARIAN_PEPPER_ROOT;12172;18;12168;16;;;12184;14;12188;27;;;12178.0;0.0
sideways_normal_s1;36700;ASH_COATED_OSMIUM;9993;13;9989;28;;;10011;11;10013;21;;;10002.0;0.0
sideways_normal_s1;36800;INTARIAN_PEPPER_ROOT;12172;16;12168;22;;;12184;19;12187;15;;;12178.0;0.0
sideways_normal_s1;36800;ASH_COATED_OSMIUM;9990;7;9987;20;;;10014;8;10017;21;;;10002.0;0.0
sideways_normal_s1;36900;INTARIAN_PEPPER_ROOT;12166;12;12163;23;;;12188;16;12190;23;;;12177.0;0.0
sideways_normal_s1;36900;ASH_COATED_OSMIUM;9986;8;9982;16;;;10012;11;10014;15;;;9999.0;0.0
sideways_normal_s1;37000;INTARIAN_PEPPER_ROOT;12174;19;12172;24;;;12178;12;12181;23;;;12176.0;0.0
sideways_normal_s1;37000;ASH_COATED_OSMIUM;10000;14;9998;27;;;10004;23;10008;24;;;10002.0;0.0
sideways_normal_s1;37100;INTARIAN_PEPPER_ROOT;12174;16;12170;16;;;12176;9;12178;14;;;12175.0;0.0
sideways_normal_s1;37100;ASH_COATED_OSMIUM;9984;20;9982;8;;;9998;5;10002;11;;;9991.0;0.0
sideways_normal_s1;37200;INTARIAN_PEPPER_ROOT;12161;14;12159;16;;;12189;14;12193;24;;;12175.0;0.0
sideways_normal_s1;37200;ASH_COATED_OSMIUM;9980;23;9977;16;;;10000;13;10003;27;;;9990.0;0.0
sideways_normal_s1;37300;INTARIAN_PEPPER_ROOT;12169;13;12165;15;;;12179;15;12182;29;;;12174.0;0.0
sideways_normal_s1;37300;ASH_COATED_OSMIUM;9974;12;9972;18;;;10002;18;10005;17;;;9988.0;0.0
sideways_normal_s1;37400;INTARIAN_PEPPER_ROOT;12164;15;12161;27;;;12186;9;12189;22;;;12175.0;0.0
sideways_normal_s1;37400;ASH_COATED_OSMIUM;9957;9;9955;9;;;10021;11;10024;20;;;9989.0;0.0
sideways_normal_s1;37500;INTARIAN_PEPPER_ROOT;12171;12;12169;21;;;12179;12;12181;22;;;12175.0;0.0
sideways_normal_s1;37500;ASH_COATED_OSMIUM;9982;7;9978;23;;;9992;8;9994;18;;;9987.0;0.0
sideways_normal_s1;37600;INTARIAN_PEPPER_ROOT;12172;7;12168;16;;;12180;12;12184;22;;;12176.0;0.0
sideways_normal_s1;37600;ASH_COATED_OSMIUM;9980;19;9978;17;;;10000;10;10002;18;;;9990.0;0.0
sideways_normal_s1;37700;INTARIAN_PEPPER_ROOT;12174;5;12170;23;;;12176;11;12180;15;;;12175.0;0.0
sideways_normal_s1;37700;ASH_COATED_OSMIUM;9988;6;9986;20;;;9994;6;9998;14;;;9991.0;0.0
sideways_normal_s1;37800;INTARIAN_PEPPER_ROOT;12171;12;12168;16;;;12173;13;12175;14;;;12172.0;0.0
sideways_normal_s1;37800;ASH_COATED_OSMIUM;9985;11;9982;21;;;9997;22;10000;21;;;9991.0;0.0
sideways_normal_s1;37900;INTARIAN_PEPPER_ROOT;12171;14;12169;24;;;12173;28;12176;16;;;12172.0;0.0
sideways_normal_s1;37900;ASH_COATED_OSMIUM;9989;15;9985;13;;;9999;27;10001;20;;;9994.0;0.0
sideways_normal_s1;38000;INTARIAN_PEPPER_ROOT;12158;18;12156;15;;;12186;11;12190;14;;;12172.0;0.0
sideways_normal_s1;38000;ASH_COATED_OSMIUM;9988;19;9986;26;;;10004;13;10008;14;;;9996.0;0.0
sideways_normal_s1;38100;INTARIAN_PEPPER_ROOT;12165;13;12161;24;;;12175;17;12179;22;;;12170.0;0.0
sideways_normal_s1;38100;ASH_COATED_OSMIUM;9986;11;9982;14;;;10004;13;10008;22;;;9995.0;0.0
sideways_normal_s1;38200;INTARIAN_PEPPER_ROOT;12162;24;12158;18;;;12176;5;12179;19;;;12169.0;0.0
sideways_normal_s1;38200;ASH_COATED_OSMIUM;9995;17;9991;24;;;9997;9;10000;17;;;9996.0;0.0
sideways_normal_s1;38300;INTARIAN_PEPPER_ROOT;12166;12;12164;18;;;12168;23;12172;18;;;12167.0;0.0
sideways_normal_s1;38300;ASH_COATED_OSMIUM;9994;9;9992;23;;;9996;10;9998;21;;;9995.0;0.0
sideways_normal_s1;38400;INTARIAN_PEPPER_ROOT;12158;8;12156;23;;;12176;15;12180;22;;;12167.0;0.0
sideways_normal_s1;38400;ASH_COATED_OSMIUM;10001;15;9998;20;;;10003;8;10005;11;;;10002.0;0.0
sideways_normal_s1;38500;INTARIAN_PEPPER_ROOT;12163;16;12159;10;;;12169;10;12172;8;;;12166.0;0.0
sideways_normal_s1;38500;ASH_COATED_OSMIUM;9987;15;9983;24;;;10009;12;10011;23;;;9998.0;0.0
sideways_normal_s1;38600;INTARIAN_PEPPER_ROOT;12146;11;12143;19;;;12184;19;12186;22;;;12165.0;0.0
sideways_normal_s1;38600;ASH_COATED_OSMIUM;9998;15;9995;19;;;10006;17;10008;16;;;10002.0;0.0
sideways_normal_s1;38700;INTARIAN_PEPPER_ROOT;12143;19;12141;15;;;12183;14;12187;18;;;12163.0;0.0
sideways_normal_s1;38700;ASH_COATED_OSMIUM;10001;19;9998;33;;;10003;6;10007;12;;;10002.0;0.0
sideways_normal_s1;38800;INTARIAN_PEPPER_ROOT;12161;9;12157;28;;;12163;13;12167;16;;;12162.0;0.0
sideways_normal_s1;38800;ASH_COATED_OSMIUM;9993;9;9990;15;;;10007;8;10011;17;;;10000.0;0.0
sideways_normal_s1;38900;INTARIAN_PEPPER_ROOT;12156;21;12152;17;;;12166;11;12169;25;;;12161.0;0.0
sideways_normal_s1;38900;ASH_COATED_OSMIUM;9993;18;9991;20;;;10007;12;10010;11;;;10000.0;0.0
sideways_normal_s1;39000;INTARIAN_PEPPER_ROOT;12154;20;12150;22;;;12162;16;12166;17;;;12158.0;0.0
sideways_normal_s1;39000;ASH_COATED_OSMIUM;9996;16;9992;21;;;9998;5;10000;26;;;9997.0;0.0
sideways_normal_s1;39100;INTARIAN_PEPPER_ROOT;12152;16;12148;26;;;12166;8;12168;23;;;12159.0;0.0
sideways_normal_s1;39100;ASH_COATED_OSMIUM;9994;19;9990;8;;;10004;9;10008;23;;;9999.0;0.0
sideways_normal_s1;39200;INTARIAN_PEPPER_ROOT;12145;10;12142;10;;;12169;14;12171;18;;;12157.0;0.0
sideways_normal_s1;39200;ASH_COATED_OSMIUM;9990;10;9986;21;;;10004;19;10006;18;;;9997.0;0.0
sideways_normal_s1;39300;INTARIAN_PEPPER_ROOT;12149;6;12147;29;;;12165;5;12168;17;;;12157.0;0.0
sideways_normal_s1;39300;ASH_COATED_OSMIUM;9994;12;9991;15;;;9996;10;10000;25;;;9995.0;0.0
sideways_normal_s1;39400;INTARIAN_PEPPER_ROOT;12153;14;12150;17;;;12155;11;12159;22;;;12154.0;0.0
sideways_normal_s1;39400;ASH_COATED_OSMIUM;9995;18;9993;15;;;9999;13;10002;19;;;9997.0;0.0
sideways_normal_s1;39500;INTARIAN_PEPPER_ROOT;12139;16;12136;18;;;12169;16;12171;28;;;12154.0;0.0
sideways_normal_s1;39500;ASH_COATED_OSMIUM;9988;14;9986;20;;;10008;16;10012;21;;;9998.0;0.0
sideways_normal_s1;39600;INTARIAN_PEPPER_ROOT;12145;11;12141;24;;;12159;21;12161;22;;;12152.0;0.0
sideways_normal_s1;39600;ASH_COATED_OSMIUM;9995;5;9991;27;;;9999;13;10001;18;;;9997.0;0.0
sideways_normal_s1;39700;INTARIAN_PEPPER_ROOT;12145;18;12142;14;;;12159;16;12163;24;;;12152.0;0.0
sideways_normal_s1;39700;ASH_COATED_OSMIUM;9985;11;9983;16;;;10011;14;10013;20;;;9998.0;0.0
sideways_normal_s1;39800;INTARIAN_PEPPER_ROOT;12125;11;12121;17;;;12177;11;12180;17;;;12151.0;0.0
sideways_normal_s1;39800;ASH_COATED_OSMIUM;9998;5;9994;18;;;10006;14;10008;12;;;10002.0;0.0
sideways_normal_s1;39900;INTARIAN_PEPPER_ROOT;12150;16;12148;26;;;12152;12;12155;23;;;12151.0;0.0
sideways_normal_s1;39900;ASH_COATED_OSMIUM;9983;11;9979;14;;;10021;11;10024;18;;;10002.0;0.0
sideways_normal_s1;40000;INTARIAN_PEPPER_ROOT;12142;20;12138;17;;;12158;18;12161;13;;;12150.0;0.0
sideways_normal_s1;40000;ASH_COATED_OSMIUM;10000;8;9996;18;;;10006;17;10010;23;;;10003.0;0.0
sideways_normal_s1;40100;INTARIAN_PEPPER_ROOT;12136;11;12132;17;;;12160;13;12162;18;;;12148.0;0.0
sideways_normal_s1;40100;ASH_COATED_OSMIUM;9986;9;9982;23;;;10012;11;10015;23;;;9999.0;0.0
sideways_normal_s1;40200;INTARIAN_PEPPER_ROOT;12147;11;12145;13;;;12149;14;12151;13;;;12148.0;0.0
sideways_normal_s1;40200;ASH_COATED_OSMIUM;9998;18;9995;25;;;10004;9;10007;19;;;10001.0;0.0
sideways_normal_s1;40300;INTARIAN_PEPPER_ROOT;12146;20;12144;24;;;12152;5;12155;21;;;12149.0;0.0
sideways_normal_s1;40300;ASH_COATED_OSMIUM;9994;18;9991;10;;;10004;7;10006;12;;;9999.0;0.0
sideways_normal_s1;40400;INTARIAN_PEPPER_ROOT;12140;15;12136;14;;;12154;21;12156;15;;;12147.0;0.0
sideways_normal_s1;40400;ASH_COATED_OSMIUM;9996;13;9993;19;;;10000;17;10004;17;;;9998.0;0.0
sideways_normal_s1;40500;INTARIAN_PEPPER_ROOT;12134;10;12130;13;;;12156;15;12158;23;;;12145.0;0.0
sideways_normal_s1;40500;ASH_COATED_OSMIUM;9985;7;9982;16;;;10015;10;10019;18;;;10000.0;0.0
sideways_normal_s1;40600;INTARIAN_PEPPER_ROOT;12121;16;12117;25;;;12163;19;12165;13;;;12142.0;0.0
sideways_normal_s1;40600;ASH_COATED_OSMIUM;9998;5;9996;17;;;10006;20;10008;29;;;10002.0;0.0
sideways_normal_s1;40700;INTARIAN_PEPPER_ROOT;12134;13;12130;20;;;12146;8;12148;15;;;12140.0;0.0
sideways_normal_s1;40700;ASH_COATED_OSMIUM;10005;13;10002;28;;;10007;9;10010;20;;;10006.0;0.0
sideways_normal_s1;40800;INTARIAN_PEPPER_ROOT;12136;23;12133;20;;;12144;22;12146;25;;;12140.0;0.0
sideways_normal_s1;40800;ASH_COATED_OSMIUM;9998;24;9995;24;;;10010;17;10014;19;;;10004.0;0.0
sideways_normal_s1;40900;INTARIAN_PEPPER_ROOT;12137;19;12133;13;;;12143;9;12146;27;;;12140.0;0.0
sideways_normal_s1;40900;ASH_COATED_OSMIUM;10000;16;9996;22;;;10012;14;10016;15;;;10006.0;0.0
sideways_normal_s1;41000;INTARIAN_PEPPER_ROOT;12131;11;12127;17;;;12145;18;12147;25;;;12138.0;0.0
sideways_normal_s1;41000;ASH_COATED_OSMIUM;10002;16;9998;24;;;10004;22;10006;22;;;10003.0;0.0
sideways_normal_s1;41100;INTARIAN_PEPPER_ROOT;12130;20;12127;24;;;12148;18;12150;17;;;12139.0;0.0
sideways_normal_s1;41100;ASH_COATED_OSMIUM;10007;6;10003;21;;;10011;6;10015;17;;;10009.0;0.0
sideways_normal_s1;41200;INTARIAN_PEPPER_ROOT;12139;5;12136;16;;;12141;15;12145;15;;;12140.0;0.0
sideways_normal_s1;41200;ASH_COATED_OSMIUM;10008;5;10005;30;;;10010;5;10013;24;;;10009.0;0.0
sideways_normal_s1;41300;INTARIAN_PEPPER_ROOT;12132;13;12128;24;;;12144;22;12146;19;;;12138.0;0.0
sideways_normal_s1;41300;ASH_COATED_OSMIUM;10002;14;10000;28;;;10012;9;10015;20;;;10007.0;0.0
sideways_normal_s1;41400;INTARIAN_PEPPER_ROOT;12134;14;12131;21;;;12136;5;12138;19;;;12135.0;0.0
sideways_normal_s1;41400;ASH_COATED_OSMIUM;10001;21;9999;17;;;10003;8;10005;16;;;10002.0;0.0
sideways_normal_s1;41500;INTARIAN_PEPPER_ROOT;12127;15;12125;22;;;12137;12;12139;13;;;12132.0;0.0
sideways_normal_s1;41500;ASH_COATED_OSMIUM;10004;14;10001;15;;;10006;19;10009;22;;;10005.0;0.0
sideways_normal_s1;41600;INTARIAN_PEPPER_ROOT;12124;16;12120;15;;;12136;7;12138;20;;;12130.0;0.0
sideways_normal_s1;41600;ASH_COATED_OSMIUM;10006;5;10004;18;;;10008;16;10011;17;;;10007.0;0.0
sideways_normal_s1;41700;INTARIAN_PEPPER_ROOT;12124;20;12121;22;;;12136;13;12138;22;;;12130.0;0.0
sideways_normal_s1;41700;ASH_COATED_OSMIUM;9993;7;9991;17;;;10013;13;10017;24;;;10003.0;0.0
sideways_normal_s1;41800;INTARIAN_PEPPER_ROOT;12118;13;12114;22;;;12140;10;12144;27;;;12129.0;0.0
sideways_normal_s1;41800;ASH_COATED_OSMIUM;10003;6;10000;23;;;10005;8;10008;25;;;10004.0;0.0
sideways_normal_s1;41900;INTARIAN_PEPPER_ROOT;12122;14;12119;24;;;12130;14;12132;12;;;12126.0;0.0
sideways_normal_s1;41900;ASH_COATED_OSMIUM;9995;16;9992;22;;;10011;16;10013;8;;;10003.0;0.0
sideways_normal_s1;42000;INTARIAN_PEPPER_ROOT;12120;17;12117;15;;;12128;13;12132;20;;;12124.0;0.0
sideways_normal_s1;42000;ASH_COATED_OSMIUM;9986;6;9983;17;;;10024;17;10027;16;;;10005.0;0.0
sideways_normal_s1;42100;INTARIAN_PEPPER_ROOT;12122;14;12118;20;;;12128;14;12130;21;;;12125.0;0.0
sideways_normal_s1;42100;ASH_COATED_OSMIUM;10001;8;9998;15;;;10003;14;10006;9;;;10002.0;0.0
sideways_normal_s1;42200;INTARIAN_PEPPER_ROOT;12118;9;12115;12;;;12128;18;12132;27;;;12123.0;0.0
sideways_normal_s1;42200;ASH_COATED_OSMIUM;9980;6;9978;26;;;10010;8;10012;23;;;9995.0;0.0
sideways_normal_s1;42300;INTARIAN_PEPPER_ROOT;12121;22;12119;12;;;12123;12;12126;12;;;12122.0;0.0
sideways_normal_s1;42300;ASH_COATED_OSMIUM;9995;7;9992;24;;;10001;18;10004;16;;;9998.0;0.0
sideways_normal_s1;42400;INTARIAN_PEPPER_ROOT;12117;15;12113;26;;;12125;8;12128;26;;;12121.0;0.0
sideways_normal_s1;42400;ASH_COATED_OSMIUM;9994;9;9992;25;;;9996;16;10000;18;;;9995.0;0.0
sideways_normal_s1;42500;INTARIAN_PEPPER_ROOT;12113;16;12109;21;;;12129;25;12132;12;;;12121.0;0.0
sideways_normal_s1;42500;ASH_COATED_OSMIUM;9981;9;9979;29;;;10007;15;10009;16;;;9994.0;0.0
sideways_normal_s1;42600;INTARIAN_PEPPER_ROOT;12113;15;12110;21;;;12123;19;12125;10;;;12118.0;0.0
sideways_normal_s1;42600;ASH_COATED_OSMIUM;9982;19;9979;15;;;10004;13;10008;20;;;9993.0;0.0
sideways_normal_s1;42700;INTARIAN_PEPPER_ROOT;12118;13;12114;17;;;12120;24;12124;21;;;12119.0;0.0
sideways_normal_s1;42700;ASH_COATED_OSMIUM;9987;5;9984;23;;;9989;26;9991;25;;;9988.0;0.0
sideways_normal_s1;42800;INTARIAN_PEPPER_ROOT;12111;10;12107;15;;;12123;11;12126;20;;;12117.0;0.0
sideways_normal_s1;42800;ASH_COATED_OSMIUM;9966;9;9962;29;;;10006;10;10008;15;;;9986.0;0.0
sideways_normal_s1;42900;INTARIAN_PEPPER_ROOT;12093;18;12089;20;;;12137;5;12139;17;;;12115.0;0.0
sideways_normal_s1;42900;ASH_COATED_OSMIUM;9975;8;9973;28;;;9993;15;9997;13;;;9984.0;0.0
sideways_normal_s1;43000;INTARIAN_PEPPER_ROOT;12100;13;12097;28;;;12130;19;12134;15;;;12115.0;0.0
sideways_normal_s1;43000;ASH_COATED_OSMIUM;9977;10;9973;13;;;9995;14;9998;20;;;9986.0;0.0
sideways_normal_s1;43100;INTARIAN_PEPPER_ROOT;12096;15;12094;19;;;12132;11;12134;20;;;12114.0;0.0
sideways_normal_s1;43100;ASH_COATED_OSMIUM;9982;11;9979;17;;;9986;20;9990;20;;;9984.0;0.0
sideways_normal_s1;43200;INTARIAN_PEPPER_ROOT;12112;17;12108;18;;;12116;17;12119;18;;;12114.0;0.0
sideways_normal_s1;43200;ASH_COATED_OSMIUM;9985;9;9983;18;;;9993;16;9996;13;;;9989.0;0.0
sideways_normal_s1;43300;INTARIAN_PEPPER_ROOT;12088;14;12086;15;;;12140;14;12144;26;;;12114.0;0.0
sideways_normal_s1;43300;ASH_COATED_OSMIUM;9976;13;9974;21;;;10002;7;10004;19;;;9989.0;0.0
sideways_normal_s1;43400;INTARIAN_PEPPER_ROOT;12110;14;12107;17;;;12116;8;12118;22;;;12113.0;0.0
sideways_normal_s1;43400;ASH_COATED_OSMIUM;9972;20;9968;26;;;10008;15;10011;17;;;9990.0;0.0
sideways_normal_s1;43500;INTARIAN_PEPPER_ROOT;12111;15;12108;22;;;12113;15;12116;18;;;12112.0;0.0
sideways_normal_s1;43500;ASH_COATED_OSMIUM;9976;17;9973;23;;;10004;5;10006;13;;;9990.0;0.0
sideways_normal_s1;43600;INTARIAN_PEPPER_ROOT;12108;16;12104;16;;;12114;10;12118;15;;;12111.0;0.0
sideways_normal_s1;43600;ASH_COATED_OSMIUM;9980;12;9976;18;;;9990;13;9993;17;;;9985.0;0.0
sideways_normal_s1;43700;INTARIAN_PEPPER_ROOT;12104;18;12102;10;;;12116;27;12118;27;;;12110.0;0.0
sideways_normal_s1;43700;ASH_COATED_OSMIUM;9979;15;9977;23;;;9997;9;10001;17;;;9988.0;0.0
sideways_normal_s1;43800;INTARIAN_PEPPER_ROOT;12109;13;12105;30;;;12111;19;12114;21;;;12110.0;0.0
sideways_normal_s1;43800;ASH_COATED_OSMIUM;9965;17;9963;19;;;10011;8;10015;16;;;9988.0;0.0
sideways_normal_s1;43900;INTARIAN_PEPPER_ROOT;12109;5;12107;14;;;12111;7;12113;17;;;12110.0;0.0
sideways_normal_s1;43900;ASH_COATED_OSMIUM;9990;15;9986;26;;;9994;15;9996;19;;;9992.0;0.0
sideways_normal_s1;44000;INTARIAN_PEPPER_ROOT;12105;12;12101;13;;;12115;19;12119;22;;;12110.0;0.0
sideways_normal_s1;44000;ASH_COATED_OSMIUM;9994;14;9991;26;;;9998;7;10000;13;;;9996.0;0.0
sideways_normal_s1;44100;INTARIAN_PEPPER_ROOT;12105;15;12101;18;;;12107;15;12110;20;;;12106.0;0.0
sideways_normal_s1;44100;ASH_COATED_OSMIUM;9985;15;9982;16;;;10001;11;10003;18;;;9993.0;0.0
sideways_normal_s1;44200;INTARIAN_PEPPER_ROOT;12095;13;12093;18;;;12113;12;12115;16;;;12104.0;0.0
sideways_normal_s1;44200;ASH_COATED_OSMIUM;9990;12;9986;25;;;9998;7;10002;15;;;9994.0;0.0
sideways_normal_s1;44300;INTARIAN_PEPPER_ROOT;12093;9;12090;19;;;12115;18;12119;21;;;12104.0;0.0
sideways_normal_s1;44300;ASH_COATED_OSMIUM;9992;12;9989;23;;;10000;11;10002;18;;;9996.0;0.0
sideways_normal_s1;44400;INTARIAN_PEPPER_ROOT;12095;10;12091;19;;;12109;15;12113;22;;;12102.0;0.0
sideways_normal_s1;44400;ASH_COATED_OSMIUM;9990;17;9987;25;;;10006;12;10009;22;;;9998.0;0.0
sideways_normal_s1;44500;INTARIAN_PEPPER_ROOT;12081;23;12077;17;;;12121;17;12124;21;;;12101.0;0.0
sideways_normal_s1;44500;ASH_COATED_OSMIUM;9992;7;9990;20;;;10002;27;10006;25;;;9997.0;0.0
sideways_normal_s1;44600;INTARIAN_PEPPER_ROOT;12098;14;12094;22;;;12100;16;12104;18;;;12099.0;0.0
sideways_normal_s1;44600;ASH_COATED_OSMIUM;9993;11;9991;16;;;10003;13;10006;22;;;9998.0;0.0
sideways_normal_s1;44700;INTARIAN_PEPPER_ROOT;12094;18;12090;17;;;12104;14;12107;25;;;12099.0;0.0
sideways_normal_s1;44700;ASH_COATED_OSMIUM;9982;8;9980;21;;;10006;14;10009;16;;;9994.0;0.0
sideways_normal_s1;44800;INTARIAN_PEPPER_ROOT;12091;14;12088;21;;;12103;9;12105;20;;;12097.0;0.0
sideways_normal_s1;44800;ASH_COATED_OSMIUM;9990;6;9988;12;;;9996;9;10000;21;;;9993.0;0.0
sideways_normal_s1;44900;INTARIAN_PEPPER_ROOT;12096;13;12094;27;;;12098;13;12101;29;;;12097.0;0.0
sideways_normal_s1;44900;ASH_COATED_OSMIUM;9989;15;9985;24;;;10001;25;10005;24;;;9995.0;0.0
sideways_normal_s1;45000;INTARIAN_PEPPER_ROOT;12093;15;12089;15;;;12099;16;12102;22;;;12096.0;0.0
sideways_normal_s1;45000;ASH_COATED_OSMIUM;9995;15;9993;18;;;9999;19;10003;21;;;9997.0;0.0
sideways_normal_s1;45100;INTARIAN_PEPPER_ROOT;12065;5;12063;25;;;12125;17;12129;21;;;12095.0;0.0
sideways_normal_s1;45100;ASH_COATED_OSMIUM;9988;13;9984;16;;;10012;9;10015;17;;;10000.0;0.0
sideways_normal_s1;45200;INTARIAN_PEPPER_ROOT;12091;8;12087;13;;;12097;14;12100;18;;;12094.0;0.0
sideways_normal_s1;45200;ASH_COATED_OSMIUM;9964;8;9962;21;;;10036;14;10040;26;;;10000.0;0.0
sideways_normal_s1;45300;INTARIAN_PEPPER_ROOT;12090;11;12088;11;;;12094;12;12097;19;;;12092.0;0.0
sideways_normal_s1;45300;ASH_COATED_OSMIUM;10001;5;9997;18;;;10003;20;10006;16;;;10002.0;0.0
sideways_normal_s1;45400;INTARIAN_PEPPER_ROOT;12088;19;12086;16;;;12094;7;12096;26;;;12091.0;0.0
sideways_normal_s1;45400;ASH_COATED_OSMIUM;9981;11;9977;19;;;10031;9;10035;16;;;10006.0;0.0
sideways_normal_s1;45500;INTARIAN_PEPPER_ROOT;12082;7;12080;19;;;12096;20;12100;22;;;12089.0;0.0
sideways_normal_s1;45500;ASH_COATED_OSMIUM;10000;9;9996;24;;;10010;14;10013;18;;;10005.0;0.0
sideways_normal_s1;45600;INTARIAN_PEPPER_ROOT;12085;15;12081;26;;;12091;15;12093;9;;;12088.0;0.0
sideways_normal_s1;45600;ASH_COATED_OSMIUM;9999;16;9995;17;;;10011;18;10015;17;;;10005.0;0.0
sideways_normal_s1;45700;INTARIAN_PEPPER_ROOT;12085;8;12082;23;;;12089;10;12093;19;;;12087.0;0.0
sideways_normal_s1;45700;ASH_COATED_OSMIUM;10001;5;9997;26;;;10003;5;10007;17;;;10002.0;0.0
sideways_normal_s1;45800;INTARIAN_PEPPER_ROOT;12078;8;12074;23;;;12092;17;12095;18;;;12085.0;0.0
sideways_normal_s1;45800;ASH_COATED_OSMIUM;9987;14;9985;17;;;10017;6;10019;21;;;10002.0;0.0
sideways_normal_s1;45900;INTARIAN_PEPPER_ROOT;12080;17;12076;20;;;12084;11;12087;13;;;12082.0;0.0
sideways_normal_s1;45900;ASH_COATED_OSMIUM;9994;18;9992;15;;;9998;7;10002;22;;;9996.0;0.0
sideways_normal_s1;46000;INTARIAN_PEPPER_ROOT;12075;7;12073;17;;;12087;16;12089;20;;;12081.0;0.0
sideways_normal_s1;46000;ASH_COATED_OSMIUM;9991;13;9987;26;;;10005;18;10007;20;;;9998.0;0.0
sideways_normal_s1;46100;INTARIAN_PEPPER_ROOT;12077;9;12074;13;;;12079;15;12083;18;;;12078.0;0.0
sideways_normal_s1;46100;ASH_COATED_OSMIUM;9979;9;9976;27;;;10017;19;10021;21;;;9998.0;0.0
sideways_normal_s1;46200;INTARIAN_PEPPER_ROOT;12069;19;12066;24;;;12087;12;12089;8;;;12078.0;0.0
sideways_normal_s1;46200;ASH_COATED_OSMIUM;9986;8;9983;21;;;10004;8;10008;20;;;9995.0;0.0
sideways_normal_s1;46300;INTARIAN_PEPPER_ROOT;12074;11;12070;19;;;12080;13;12084;26;;;12077.0;0.0
sideways_normal_s1;46300;ASH_COATED_OSMIUM;9994;5;9991;20;;;10014;5;10016;9;;;10004.0;0.0
sideways_normal_s1;46400;INTARIAN_PEPPER_ROOT;12074;7;12071;22;;;12076;17;12080;10;;;12075.0;0.0
sideways_normal_s1;46400;ASH_COATED_OSMIUM;10000;16;9996;16;;;10006;7;10010;35;;;10003.0;0.0
sideways_normal_s1;46500;INTARIAN_PEPPER_ROOT;12066;16;12064;16;;;12082;15;12084;15;;;12074.0;0.0
sideways_normal_s1;46500;ASH_COATED_OSMIUM;9980;12;9976;22;;;10020;14;10022;13;;;10000.0;0.0
sideways_normal_s1;46600;INTARIAN_PEPPER_ROOT;12072;8;12069;14;;;12074;15;12076;21;;;12073.0;0.0
sideways_normal_s1;46600;ASH_COATED_OSMIUM;10001;8;9997;26;;;10003;10;10005;8;;;10002.0;0.0
sideways_normal_s1;46700;INTARIAN_PEPPER_ROOT;12068;11;12065;19;;;12080;15;12084;19;;;12074.0;0.0
sideways_normal_s1;46700;ASH_COATED_OSMIUM;9991;20;9988;22;;;10017;15;10019;18;;;10004.0;0.0
sideways_normal_s1;46800;INTARIAN_PEPPER_ROOT;12062;8;12060;18;;;12084;9;12088;15;;;12073.0;0.0
sideways_normal_s1;46800;ASH_COATED_OSMIUM;9984;9;9982;19;;;10026;16;10029;16;;;10005.0;0.0
sideways_normal_s1;46900;INTARIAN_PEPPER_ROOT;12064;17;12061;18;;;12078;22;12081;19;;;12071.0;0.0
sideways_normal_s1;46900;ASH_COATED_OSMIUM;9994;11;9990;23;;;10002;11;10004;16;;;9998.0;0.0
sideways_normal_s1;47000;INTARIAN_PEPPER_ROOT;12069;13;12066;17;;;12071;18;12074;15;;;12070.0;0.0
sideways_normal_s1;47000;ASH_COATED_OSMIUM;9992;18;9988;17;;;10008;10;10011;20;;;10000.0;0.0
sideways_normal_s1;47100;INTARIAN_PEPPER_ROOT;12057;13;12054;24;;;12079;14;12081;22;;;12068.0;0.0
sideways_normal_s1;47100;ASH_COATED_OSMIUM;9993;18;9991;23;;;9995;12;9997;21;;;9994.0;0.0
sideways_normal_s1;47200;INTARIAN_PEPPER_ROOT;12040;5;12038;19;;;12094;6;12097;9;;;12067.0;0.0
sideways_normal_s1;47200;ASH_COATED_OSMIUM;9980;15;9976;22;;;10022;19;10025;15;;;10001.0;0.0
sideways_normal_s1;47300;INTARIAN_PEPPER_ROOT;12066;15;12062;18;;;12068;10;12071;21;;;12067.0;0.0
sideways_normal_s1;47300;ASH_COATED_OSMIUM;9997;14;9995;13;;;10005;17;10008;18;;;10001.0;0.0
sideways_normal_s1;47400;INTARIAN_PEPPER_ROOT;12058;8;12055;21;;;12072;28;12074;21;;;12065.0;0.0
sideways_normal_s1;47400;ASH_COATED_OSMIUM;9997;11;9993;23;;;10013;8;10017;23;;;10005.0;0.0
sideways_normal_s1;47500;INTARIAN_PEPPER_ROOT;12049;18;12046;25;;;12079;22;12081;19;;;12064.0;0.0
sideways_normal_s1;47500;ASH_COATED_OSMIUM;10001;13;9998;25;;;10011;10;10013;18;;;10006.0;0.0
sideways_normal_s1;47600;INTARIAN_PEPPER_ROOT;12059;13;12057;17;;;12061;15;12063;20;;;12060.0;0.0
sideways_normal_s1;47600;ASH_COATED_OSMIUM;9992;12;9990;12;;;10034;14;10037;14;;;10013.0;0.0
sideways_normal_s1;47700;INTARIAN_PEPPER_ROOT;12055;12;12051;18;;;12059;16;12063;17;;;12057.0;0.0
sideways_normal_s1;47700;ASH_COATED_OSMIUM;10011;6;10008;24;;;10015;9;10017;21;;;10013.0;0.0
sideways_normal_s1;47800;INTARIAN_PEPPER_ROOT;12055;21;12053;26;;;12057;15;12061;27;;;12056.0;0.0
sideways_normal_s1;47800;ASH_COATED_OSMIUM;9998;16;9996;14;;;10024;9;10027;20;;;10011.0;0.0
sideways_normal_s1;47900;INTARIAN_PEPPER_ROOT;12053;17;12051;17;;;12055;12;12058;17;;;12054.0;0.0
sideways_normal_s1;47900;ASH_COATED_OSMIUM;10011;8;10009;12;;;10017;21;10019;12;;;10014.0;0.0
sideways_normal_s1;48000;INTARIAN_PEPPER_ROOT;12052;8;12050;18;;;12054;7;12058;25;;;12053.0;0.0
sideways_normal_s1;48000;ASH_COATED_OSMIUM;10009;8;10006;17;;;10015;9;10018;27;;;10012.0;0.0
sideways_normal_s1;48100;INTARIAN_PEPPER_ROOT;12046;8;12043;22;;;12056;9;12059;24;;;12051.0;0.0
sideways_normal_s1;48100;ASH_COATED_OSMIUM;10014;14;10011;20;;;10018;6;10021;20;;;10016.0;0.0
sideways_normal_s1;48200;INTARIAN_PEPPER_ROOT;12048;18;12046;22;;;12050;13;12054;21;;;12049.0;0.0
sideways_normal_s1;48200;ASH_COATED_OSMIUM;10009;13;10006;17;;;10027;5;10030;27;;;10018.0;0.0
sideways_normal_s1;48300;INTARIAN_PEPPER_ROOT;12043;16;12040;17;;;12051;18;12054;23;;;12047.0;0.0
sideways_normal_s1;48300;ASH_COATED_OSMIUM;10008;13;10005;18;;;10030;13;10032;17;;;10019.0;0.0
sideways_normal_s1;48400;INTARIAN_PEPPER_ROOT;12038;19;12035;24;;;12058;20;12061;29;;;12048.0;0.0
sideways_normal_s1;48400;ASH_COATED_OSMIUM;10014;11;10010;22;;;10020;8;10023;12;;;10017.0;0.0
sideways_normal_s1;48500;INTARIAN_PEPPER_ROOT;12043;11;12039;8;;;12049;19;12053;27;;;12046.0;0.0
sideways_normal_s1;48500;ASH_COATED_OSMIUM;10015;11;10011;16;;;10017;12;10019;18;;;10016.0;0.0
sideways_normal_s1;48600;INTARIAN_PEPPER_ROOT;12041;24;12039;19;;;12051;26;12053;15;;;12046.0;0.0
sideways_normal_s1;48600;ASH_COATED_OSMIUM;10011;5;10009;25;;;10013;21;10016;13;;;10012.0;0.0
sideways_normal_s1;48700;INTARIAN_PEPPER_ROOT;12038;11;12034;24;;;12054;11;12058;21;;;12046.0;0.0
sideways_normal_s1;48700;ASH_COATED_OSMIUM;10009;12;10005;22;;;10013;17;10017;16;;;10011.0;0.0
sideways_normal_s1;48800;INTARIAN_PEPPER_ROOT;12040;8;12036;28;;;12052;17;12056;13;;;12046.0;0.0
sideways_normal_s1;48800;ASH_COATED_OSMIUM;10010;15;10006;24;;;10012;18;10016;22;;;10011.0;0.0
sideways_normal_s1;48900;INTARIAN_PEPPER_ROOT;12035;29;12033;23;;;12051;10;12054;20;;;12043.0;0.0
sideways_normal_s1;48900;ASH_COATED_OSMIUM;10006;19;10002;17;;;10016;8;10020;23;;;10011.0;0.0
sideways_normal_s1;49000;INTARIAN_PEPPER_ROOT;12041;19;12039;22;;;12043;15;12047;20;;;12042.0;0.0
sideways_normal_s1;49000;ASH_COATED_OSMIUM;10008;11;10006;23;;;10018;11;10020;17;;;10013.0;0.0
sideways_normal_s1;49100;INTARIAN_PEPPER_ROOT;12036;15;12034;17;;;12046;30;12049;16;;;12041.0;0.0
sideways_normal_s1;49100;ASH_COATED_OSMIUM;10004;9;10000;22;;;10016;11;10019;14;;;10010.0;0.0
sideways_normal_s1;49200;INTARIAN_PEPPER_ROOT;12031;13;12028;30;;;12047;12;12051;18;;;12039.0;0.0
sideways_normal_s1;49200;ASH_COATED_OSMIUM;10007;9;10005;18;;;10017;6;10021;20;;;10012.0;0.0
sideways_normal_s1;49300;INTARIAN_PEPPER_ROOT;12033;25;12029;8;;;12043;20;12046;16;;;12038.0;0.0
sideways_normal_s1;49300;ASH_COATED_OSMIUM;9998;7;9996;12;;;10022;16;10026;25;;;10010.0;0.0
sideways_normal_s1;49400;INTARIAN_PEPPER_ROOT;12031;18;12027;13;;;12039;20;12043;15;;;12035.0;0.0
sideways_normal_s1;49400;ASH_COATED_OSMIUM;10006;17;10002;11;;;10018;5;10022;16;;;10012.0;0.0
sideways_normal_s1;49500;INTARIAN_PEPPER_ROOT;12005;12;12003;20;;;12061;11;12064;23;;;12033.0;0.0
sideways_normal_s1;49500;ASH_COATED_OSMIUM;10007;11;10005;14;;;10013;5;10017;13;;;10010.0;0.0
sideways_normal_s1;49600;INTARIAN_PEPPER_ROOT;12029;11;12027;19;;;12035;23;12038;23;;;12032.0;0.0
sideways_normal_s1;49600;ASH_COATED_OSMIUM;10005;12;10003;21;;;10027;15;10029;23;;;10016.0;0.0
sideways_normal_s1;49700;INTARIAN_PEPPER_ROOT;12024;9;12021;26;;;12032;10;12035;16;;;12028.0;0.0
sideways_normal_s1;49700;ASH_COATED_OSMIUM;10010;12;10007;19;;;10012;19;10014;23;;;10011.0;0.0
sideways_normal_s1;49800;INTARIAN_PEPPER_ROOT;12015;22;12011;20;;;12035;14;12038;22;;;12025.0;0.0
sideways_normal_s1;49800;ASH_COATED_OSMIUM;9991;7;9989;17;;;10039;13;10043;22;;;10015.0;0.0
sideways_normal_s1;49900;INTARIAN_PEPPER_ROOT;12021;22;12017;23;;;12027;12;12029;14;;;12024.0;0.0
sideways_normal_s1;49900;ASH_COATED_OSMIUM;9997;13;9995;8;;;10033;17;10035;15;;;10015.0;0.0
sideways_normal_s1;50000;INTARIAN_PEPPER_ROOT;12016;10;12013;24;;;12024;11;12027;17;;;12020.0;0.0
sideways_normal_s1;50000;ASH_COATED_OSMIUM;10016;17;10014;18;;;10022;12;10025;22;;;10019.0;0.0
sideways_normal_s1;50100;INTARIAN_PEPPER_ROOT;12018;26;12014;23;;;12020;9;12024;24;;;12019.0;0.0
sideways_normal_s1;50100;ASH_COATED_OSMIUM;10007;9;10003;21;;;10023;11;10026;23;;;10015.0;0.0
sideways_normal_s1;50200;INTARIAN_PEPPER_ROOT;12012;5;12010;12;;;12022;15;12025;21;;;12017.0;0.0
sideways_normal_s1;50200;ASH_COATED_OSMIUM;9993;16;9991;22;;;10019;14;10021;23;;;10006.0;0.0
sideways_normal_s1;50300;INTARIAN_PEPPER_ROOT;12009;18;12007;18;;;12021;24;12025;18;;;12015.0;0.0
sideways_normal_s1;50300;ASH_COATED_OSMIUM;10007;5;10004;18;;;10009;10;10013;8;;;10008.0;0.0
sideways_normal_s1;50400;INTARIAN_PEPPER_ROOT;11997;15;11993;20;;;12029;20;12033;26;;;12013.0;0.0
sideways_normal_s1;50400;ASH_COATED_OSMIUM;10004;12;10000;13;;;10008;22;10012;17;;;10006.0;0.0
sideways_normal_s1;50500;INTARIAN_PEPPER_ROOT;11995;20;11993;10;;;12029;5;12033;20;;;12012.0;0.0
sideways_normal_s1;50500;ASH_COATED_OSMIUM;9985;10;9983;25;;;10027;5;10029;28;;;10006.0;0.0
sideways_normal_s1;50600;INTARIAN_PEPPER_ROOT;12003;14;12000;15;;;12015;5;12019;20;;;12009.0;0.0
sideways_normal_s1;50600;ASH_COATED_OSMIUM;10009;6;10005;17;;;10015;16;10017;23;;;10012.0;0.0
sideways_normal_s1;50700;INTARIAN_PEPPER_ROOT;12003;17;12000;16;;;12013;12;12015;25;;;12008.0;0.0
sideways_normal_s1;50700;ASH_COATED_OSMIUM;10008;10;10006;22;;;10014;7;10017;32;;;10011.0;0.0
sideways_normal_s1;50800;INTARIAN_PEPPER_ROOT;12003;21;12001;21;;;12009;21;12012;18;;;12006.0;0.0
sideways_normal_s1;50800;ASH_COATED_OSMIUM;10013;11;10009;19;;;10015;17;10019;26;;;10014.0;0.0
sideways_normal_s1;50900;INTARIAN_PEPPER_ROOT;11991;20;11989;25;;;12019;22;12023;14;;;12005.0;0.0
sideways_normal_s1;50900;ASH_COATED_OSMIUM;10010;20;10007;19;;;10016;10;10020;15;;;10013.0;0.0
sideways_normal_s1;51000;INTARIAN_PEPPER_ROOT;11985;14;11983;13;;;12027;10;12030;26;;;12006.0;0.0
sideways_normal_s1;51000;ASH_COATED_OSMIUM;10017;11;10013;19;;;10019;8;10021;24;;;10018.0;0.0
sideways_normal_s1;51100;INTARIAN_PEPPER_ROOT;11996;13;11994;29;;;12012;20;12016;20;;;12004.0;0.0
sideways_normal_s1;51100;ASH_COATED_OSMIUM;9993;17;9991;10;;;10031;12;10034;18;;;10012.0;0.0
sideways_normal_s1;51200;INTARIAN_PEPPER_ROOT;12002;8;11999;17;;;12004;14;12007;23;;;12003.0;0.0
sideways_normal_s1;51200;ASH_COATED_OSMIUM;10010;9;10006;24;;;10014;22;10016;23;;;10012.0;0.0
sideways_normal_s1;51300;INTARIAN_PEPPER_ROOT;11991;11;11989;22;;;12009;15;12013;11;;;12000.0;0.0
sideways_normal_s1;51300;ASH_COATED_OSMIUM;10011;7;10007;18;;;10013;11;10017;13;;;10012.0;0.0
sideways_normal_s1;51400;INTARIAN_PEPPER_ROOT;11998;20;11994;22;;;12000;24;12004;12;;;11999.0;0.0
sideways_normal_s1;51400;ASH_COATED_OSMIUM;9990;14;9987;27;;;10034;5;10037;19;;;10012.0;0.0
sideways_normal_s1;51500;INTARIAN_PEPPER_ROOT;11988;16;11986;23;;;12008;18;12010;20;;;11998.0;0.0
sideways_normal_s1;51500;ASH_COATED_OSMIUM;9988;18;9984;22;;;10026;13;10028;21;;;10007.0;0.0
sideways_normal_s1;51600;INTARIAN_PEPPER_ROOT;11991;11;11988;23;;;11999;10;12003;21;;;11995.0;0.0
sideways_normal_s1;51600;ASH_COATED_OSMIUM;9993;7;9989;24;;;10013;13;10015;23;;;10003.0;0.0
sideways_normal_s1;51700;INTARIAN_PEPPER_ROOT;11983;17;11981;16;;;12005;9;12007;21;;;11994.0;0.0
sideways_normal_s1;51700;ASH_COATED_OSMIUM;10001;11;9999;17;;;10003;18;10006;16;;;10002.0;0.0
sideways_normal_s1;51800;INTARIAN_PEPPER_ROOT;11991;5;11988;15;;;11993;13;11997;23;;;11992.0;0.0
sideways_normal_s1;51800;ASH_COATED_OSMIUM;9995;6;9993;21;;;10013;9;10017;29;;;10004.0;0.0
sideways_normal_s1;51900;INTARIAN_PEPPER_ROOT;11978;9;11976;22;;;12006;7;12009;29;;;11992.0;0.0
sideways_normal_s1;51900;ASH_COATED_OSMIUM;9986;14;9984;16;;;10026;10;10030;18;;;10006.0;0.0
sideways_normal_s1;52000;INTARIAN_PEPPER_ROOT;11987;6;11983;19;;;11997;11;12000;19;;;11992.0;0.0
sideways_normal_s1;52000;ASH_COATED_OSMIUM;9999;11;9996;17;;;10015;11;10018;21;;;10007.0;0.0
sideways_normal_s1;52100;INTARIAN_PEPPER_ROOT;11986;14;11983;20;;;11996;9;11999;18;;;11991.0;0.0
sideways_normal_s1;52100;ASH_COATED_OSMIUM;10008;10;10006;24;;;10010;13;10013;18;;;10009.0;0.0
sideways_normal_s1;52200;INTARIAN_PEPPER_ROOT;11986;5;11984;18;;;11990;19;11992;19;;;11988.0;0.0
sideways_normal_s1;52200;ASH_COATED_OSMIUM;10004;10;10001;15;;;10006;15;10009;25;;;10005.0;0.0
sideways_normal_s1;52300;INTARIAN_PEPPER_ROOT;11982;15;11979;17;;;11996;12;12000;23;;;11989.0;0.0
sideways_normal_s1;52300;ASH_COATED_OSMIUM;10002;7;9999;12;;;10014;8;10018;14;;;10008.0;0.0
sideways_normal_s1;52400;INTARIAN_PEPPER_ROOT;11981;14;11977;12;;;11995;7;11998;17;;;11988.0;0.0
sideways_normal_s1;52400;ASH_COATED_OSMIUM;9992;5;9988;24;;;10016;5;10019;24;;;10004.0;0.0
sideways_normal_s1;52500;INTARIAN_PEPPER_ROOT;11976;14;11972;21;;;12000;13;12003;14;;;11988.0;0.0
sideways_normal_s1;52500;ASH_COATED_OSMIUM;10007;13;10005;29;;;10009;9;10012;15;;;10008.0;0.0
sideways_normal_s1;52600;INTARIAN_PEPPER_ROOT;11986;10;11984;16;;;11988;19;11992;28;;;11987.0;0.0
