day;timestamp;product;bid_price_1;bid_volume_1;bid_price_2;bid_volume_2;bid_price_3;bid_volume_3;ask_price_1;ask_volume_1;ask_price_2;ask_volume_2;ask_price_3;ask_volume_3;mid_price;profit_and_loss
crash_normal_s1;0;INTARIAN_PEPPER_ROOT;10999;10;10997;15;;;11007;6;11011;24;;;11003.0;0.0
crash_normal_s1;0;ASH_COATED_OSMIUM;9998;7;9994;21;;;10002;12;10004;16;;;10000.0;0.0
crash_normal_s1;100;INTARIAN_PEPPER_ROOT;10991;19;10989;20;;;11013;14;11017;26;;;11002.0;0.0
crash_normal_s1;100;ASH_COATED_OSMIUM;9980;19;9976;28;;;10016;11;10018;27;;;9998.0;0.0
crash_normal_s1;200;INTARIAN_PEPPER_ROOT;10994;14;10991;22;;;11008;19;11012;21;;;11001.0;0.0
crash_normal_s1;200;ASH_COATED_OSMIUM;9988;6;9985;33;;;10012;13;10016;10;;;10000.0;0.0
crash_normal_s1;300;INTARIAN_PEPPER_ROOT;10998;12;10994;21;;;11002;24;11005;21;;;11000.0;0.0
crash_normal_s1;300;ASH_COATED_OSMIUM;9995;26;9991;15;;;10003;18;10005;20;;;9999.0;0.0
crash_normal_s1;400;INTARIAN_PEPPER_ROOT;11002;13;10999;16;;;11004;15;11006;20;;;11003.0;0.0
crash_normal_s1;400;ASH_COATED_OSMIUM;9990;5;9988;14;;;10002;22;10005;29;;;9996.0;0.0
crash_normal_s1;500;INTARIAN_PEPPER_ROOT;10993;18;10989;20;;;11003;13;11006;20;;;10998.0;0.0
crash_normal_s1;500;ASH_COATED_OSMIUM;9984;13;9981;21;;;10008;8;10011;29;;;9996.0;0.0
crash_normal_s1;600;INTARIAN_PEPPER_ROOT;10996;19;10993;11;;;11010;14;11013;16;;;11003.0;0.0
crash_normal_s1;600;ASH_COATED_OSMIUM;9995;10;9991;21;;;9997;18;9999;25;;;9996.0;0.0
crash_normal_s1;700;INTARIAN_PEPPER_ROOT;10987;19;10985;19;;;11015;18;11017;18;;;11001.0;0.0
crash_normal_s1;700;ASH_COATED_OSMIUM;9972;17;9968;23;;;10024;5;10026;11;;;9998.0;0.0
crash_normal_s1;800;INTARIAN_PEPPER_ROOT;11001;5;10999;21;;;11003;12;11007;22;;;11002.0;0.0
crash_normal_s1;800;ASH_COATED_OSMIUM;9996;8;9992;15;;;9998;14;10000;21;;;9997.0;0.0
crash_normal_s1;900;INTARIAN_PEPPER_ROOT;11001;12;10998;10;;;11003;18;11005;22;;;11002.0;0.0
crash_normal_s1;900;ASH_COATED_OSMIUM;9987;7;9983;20;;;10005;13;10008;21;;;9996.0;0.0
crash_normal_s1;1000;INTARIAN_PEPPER_ROOT;11004;9;11000;12;;;11008;10;11011;13;;;11006.0;0.0
crash_normal_s1;1000;ASH_COATED_OSMIUM;9992;15;9990;19;;;10004;15;10008;27;;;9998.0;0.0
crash_normal_s1;1100;INTARIAN_PEPPER_ROOT;10990;12;10987;23;;;11014;5;11017;19;;;11002.0;0.0
crash_normal_s1;1100;ASH_COATED_OSMIUM;9995;19;9991;14;;;9999;19;10001;11;;;9997.0;0.0
crash_normal_s1;1200;INTARIAN_PEPPER_ROOT;11000;24;10996;23;;;11002;16;11005;26;;;11001.0;0.0
crash_normal_s1;1200;ASH_COATED_OSMIUM;9992;16;9989;18;;;10000;12;10003;13;;;9996.0;0.0
crash_normal_s1;1300;INTARIAN_PEPPER_ROOT;11001;17;10998;20;;;11003;23;11005;20;;;11002.0;0.0
crash_normal_s1;1300;ASH_COATED_OSMIUM;9988;9;9984;13;;;10002;18;10006;18;;;9995.0;0.0
crash_normal_s1;1400;INTARIAN_PEPPER_ROOT;11003;12;10999;26;;;11005;9;11009;15;;;11004.0;0.0
crash_normal_s1;1400;ASH_COATED_OSMIUM;9992;7;9989;12;;;9994;8;9998;25;;;9993.0;0.0
crash_normal_s1;1500;INTARIAN_PEPPER_ROOT;11001;18;10998;20;;;11003;15;11005;15;;;11002.0;0.0
crash_normal_s1;1500;ASH_COATED_OSMIUM;9995;12;9991;15;;;9997;17;9999;18;;;9996.0;0.0
crash_normal_s1;1600;INTARIAN_PEPPER_ROOT;11000;10;10998;13;;;11006;14;11010;23;;;11003.0;0.0
crash_normal_s1;1600;ASH_COATED_OSMIUM;9968;5;9966;14;;;10020;11;10023;19;;;9994.0;0.0
crash_normal_s1;1700;INTARIAN_PEPPER_ROOT;10995;13;10991;25;;;11007;27;11010;31;;;11001.0;0.0
crash_normal_s1;1700;ASH_COATED_OSMIUM;9985;15;9981;17;;;10005;17;10008;14;;;9995.0;0.0
crash_normal_s1;1800;INTARIAN_PEPPER_ROOT;11001;17;10999;22;;;11003;11;11006;18;;;11002.0;0.0
crash_normal_s1;1800;ASH_COATED_OSMIUM;9990;14;9988;32;;;10000;14;10003;18;;;9995.0;0.0
crash_normal_s1;1900;INTARIAN_PEPPER_ROOT;10980;12;10976;22;;;11028;12;11030;18;;;11004.0;0.0
crash_normal_s1;1900;ASH_COATED_OSMIUM;9989;8;9985;24;;;9997;10;10001;23;;;9993.0;0.0
crash_normal_s1;2000;INTARIAN_PEPPER_ROOT;11001;17;10998;19;;;11003;16;11005;28;;;11002.0;0.0
crash_normal_s1;2000;ASH_COATED_OSMIUM;9993;12;9989;16;;;9999;9;10003;17;;;9996.0;0.0
crash_normal_s1;2100;INTARIAN_PEPPER_ROOT;10995;10;10991;27;;;11015;12;11019;16;;;11005.0;0.0
crash_normal_s1;2100;ASH_COATED_OSMIUM;9970;18;9967;19;;;10026;14;10028;20;;;9998.0;0.0
crash_normal_s1;2200;INTARIAN_PEPPER_ROOT;11002;10;11000;24;;;11012;15;11014;19;;;11007.0;0.0
crash_normal_s1;2200;ASH_COATED_OSMIUM;9994;13;9991;22;;;10006;19;10009;17;;;10000.0;0.0
crash_normal_s1;2300;INTARIAN_PEPPER_ROOT;11006;8;11002;18;;;11012;9;11014;13;;;11009.0;0.0
crash_normal_s1;2300;ASH_COATED_OSMIUM;10000;11;9996;28;;;10002;7;10004;13;;;10001.0;0.0
crash_normal_s1;2400;INTARIAN_PEPPER_ROOT;10987;9;10984;20;;;11035;25;11038;19;;;11011.0;0.0
crash_normal_s1;2400;ASH_COATED_OSMIUM;9986;5;9982;21;;;10022;12;10024;18;;;10004.0;0.0
crash_normal_s1;2500;INTARIAN_PEPPER_ROOT;11009;20;11007;20;;;11011;14;11014;15;;;11010.0;0.0
crash_normal_s1;2500;ASH_COATED_OSMIUM;10005;18;10002;14;;;10011;7;10014;15;;;10008.0;0.0
crash_normal_s1;2600;INTARIAN_PEPPER_ROOT;11006;11;11002;20;;;11014;13;11017;17;;;11010.0;0.0
crash_normal_s1;2600;ASH_COATED_OSMIUM;9998;16;9994;29;;;10006;11;10009;21;;;10002.0;0.0
crash_normal_s1;2700;INTARIAN_PEPPER_ROOT;10990;12;10987;17;;;11028;17;11032;15;;;11009.0;0.0
crash_normal_s1;2700;ASH_COATED_OSMIUM;9963;14;9961;19;;;10049;12;10051;13;;;10006.0;0.0
crash_normal_s1;2800;INTARIAN_PEPPER_ROOT;11006;12;11003;23;;;11012;23;11014;18;;;11009.0;0.0
crash_normal_s1;2800;ASH_COATED_OSMIUM;10008;11;10006;9;;;10010;5;10014;23;;;10009.0;0.0
crash_normal_s1;2900;INTARIAN_PEPPER_ROOT;10990;14;10986;8;;;11032;14;11035;20;;;11011.0;0.0
crash_normal_s1;2900;ASH_COATED_OSMIUM;9994;5;9992;19;;;10026;12;10029;20;;;10010.0;0.0
crash_normal_s1;3000;INTARIAN_PEPPER_ROOT;11009;20;11006;22;;;11011;8;11014;14;;;11010.0;0.0
crash_normal_s1;3000;ASH_COATED_OSMIUM;10010;26;10008;22;;;10014;15;10017;23;;;10012.0;0.0
crash_normal_s1;3100;INTARIAN_PEPPER_ROOT;11007;15;11005;22;;;11013;6;11015;19;;;11010.0;0.0
crash_normal_s1;3100;ASH_COATED_OSMIUM;9982;20;9980;27;;;10040;16;10042;22;;;10011.0;0.0
crash_normal_s1;3200;INTARIAN_PEPPER_ROOT;10999;5;10997;19;;;11019;16;11021;13;;;11009.0;0.0
crash_normal_s1;3200;ASH_COATED_OSMIUM;10012;5;10009;15;;;10014;21;10016;15;;;10013.0;0.0
crash_normal_s1;3300;INTARIAN_PEPPER_ROOT;11004;15;11000;19;;;11012;15;11016;21;;;11008.0;0.0
crash_normal_s1;3300;ASH_COATED_OSMIUM;10009;15;10005;21;;;10011;19;10013;26;;;10010.0;0.0
crash_normal_s1;3400;INTARIAN_PEPPER_ROOT;10996;11;10994;24;;;11018;15;11020;19;;;11007.0;0.0
crash_normal_s1;3400;ASH_COATED_OSMIUM;10007;15;10005;14;;;10009;12;10011;12;;;10008.0;0.0
crash_normal_s1;3500;INTARIAN_PEPPER_ROOT;11004;13;11002;18;;;11010;21;11013;20;;;11007.0;0.0
crash_normal_s1;3500;ASH_COATED_OSMIUM;10008;8;10005;15;;;10010;16;10014;24;;;10009.0;0.0
crash_normal_s1;3600;INTARIAN_PEPPER_ROOT;11005;20;11002;16;;;11007;12;11010;20;;;11006.0;0.0
crash_normal_s1;3600;ASH_COATED_OSMIUM;9999;10;9997;15;;;10021;6;10025;14;;;10010.0;0.0
crash_normal_s1;3700;INTARIAN_PEPPER_ROOT;10987;12;10985;18;;;11025;8;11028;28;;;11006.0;0.0
crash_normal_s1;3700;ASH_COATED_OSMIUM;10005;18;10002;19;;;10013;10;10016;21;;;10009.0;0.0
crash_normal_s1;3800;INTARIAN_PEPPER_ROOT;10998;17;10995;23;;;11022;9;11024;23;;;11010.0;0.0
crash_normal_s1;3800;ASH_COATED_OSMIUM;10002;22;9998;24;;;10004;14;10006;28;;;10003.0;0.0
crash_normal_s1;3900;INTARIAN_PEPPER_ROOT;10994;14;10990;22;;;11032;15;11036;11;;;11013.0;0.0
crash_normal_s1;3900;ASH_COATED_OSMIUM;9998;7;9996;19;;;10000;6;10002;18;;;9999.0;0.0
crash_normal_s1;4000;INTARIAN_PEPPER_ROOT;11003;13;11001;18;;;11021;20;11023;20;;;11012.0;0.0
crash_normal_s1;4000;ASH_COATED_OSMIUM;9990;16;9987;20;;;10002;9;10004;13;;;9996.0;0.0
crash_normal_s1;4100;INTARIAN_PEPPER_ROOT;11008;9;11004;25;;;11014;9;11016;28;;;11011.0;0.0
crash_normal_s1;4100;ASH_COATED_OSMIUM;9992;7;9989;29;;;9994;10;9997;15;;;9993.0;0.0
crash_normal_s1;4200;INTARIAN_PEPPER_ROOT;11010;15;11007;18;;;11012;6;11016;16;;;11011.0;0.0
crash_normal_s1;4200;ASH_COATED_OSMIUM;9991;10;9987;13;;;10003;17;10006;17;;;9997.0;0.0
crash_normal_s1;4300;INTARIAN_PEPPER_ROOT;11013;8;11011;9;;;11017;13;11019;23;;;11015.0;0.0
crash_normal_s1;4300;ASH_COATED_OSMIUM;9989;26;9985;22;;;9997;18;10000;18;;;9993.0;0.0
crash_normal_s1;4400;INTARIAN_PEPPER_ROOT;11002;20;11000;21;;;11026;10;11030;15;;;11014.0;0.0
crash_normal_s1;4400;ASH_COATED_OSMIUM;9993;10;9989;24;;;9995;11;9999;27;;;9994.0;0.0
crash_normal_s1;4500;INTARIAN_PEPPER_ROOT;11010;16;11006;16;;;11018;13;11021;23;;;11014.0;0.0
crash_normal_s1;4500;ASH_COATED_OSMIUM;9990;13;9986;13;;;9992;5;9995;20;;;9991.0;0.0
crash_normal_s1;4600;INTARIAN_PEPPER_ROOT;11008;22;11006;24;;;11022;24;11026;18;;;11015.0;0.0
crash_normal_s1;4600;ASH_COATED_OSMIUM;9975;5;9972;28;;;10005;13;10007;12;;;9990.0;0.0
crash_normal_s1;4700;INTARIAN_PEPPER_ROOT;11018;7;11015;18;;;11022;11;11025;22;;;11020.0;0.0
crash_normal_s1;4700;ASH_COATED_OSMIUM;9981;7;9979;9;;;9993;22;9996;26;;;9987.0;0.0
crash_normal_s1;4800;INTARIAN_PEPPER_ROOT;11017;14;11014;21;;;11025;20;11029;16;;;11021.0;0.0
crash_normal_s1;4800;ASH_COATED_OSMIUM;9983;18;9980;16;;;9985;21;9988;25;;;9984.0;0.0
crash_normal_s1;4900;INTARIAN_PEPPER_ROOT;11022;30;11020;28;;;11024;16;11028;19;;;11023.0;0.0
crash_normal_s1;4900;ASH_COATED_OSMIUM;9974;8;9971;12;;;9992;15;9996;19;;;9983.0;0.0
crash_normal_s1;5000;INTARIAN_PEPPER_ROOT;11021;27;11019;18;;;11025;10;11029;24;;;11023.0;0.0
crash_normal_s1;5000;ASH_COATED_OSMIUM;9987;8;9985;18;;;9989;21;9992;17;;;9988.0;0.0
crash_normal_s1;5100;INTARIAN_PEPPER_ROOT;11012;12;11008;18;;;11034;16;11038;28;;;11023.0;0.0
crash_normal_s1;5100;ASH_COATED_OSMIUM;9989;22;9987;19;;;9991;7;9994;20;;;9990.0;0.0
crash_normal_s1;5200;INTARIAN_PEPPER_ROOT;11008;12;11006;25;;;11034;13;11038;22;;;11021.0;0.0
crash_normal_s1;5200;ASH_COATED_OSMIUM;9982;13;9979;14;;;9988;9;9990;19;;;9985.0;0.0
crash_normal_s1;5300;INTARIAN_PEPPER_ROOT;11020;16;11018;11;;;11022;19;11024;24;;;11021.0;0.0
crash_normal_s1;5300;ASH_COATED_OSMIUM;9961;13;9959;22;;;10005;17;10007;17;;;9983.0;0.0
crash_normal_s1;5400;INTARIAN_PEPPER_ROOT;11012;15;11009;13;;;11030;23;11032;17;;;11021.0;0.0
crash_normal_s1;5400;ASH_COATED_OSMIUM;9981;23;9978;16;;;9985;6;9987;24;;;9983.0;0.0
crash_normal_s1;5500;INTARIAN_PEPPER_ROOT;11014;6;11011;22;;;11032;15;11034;14;;;11023.0;0.0
crash_normal_s1;5500;ASH_COATED_OSMIUM;9978;18;9975;25;;;9990;5;9992;20;;;9984.0;0.0
crash_normal_s1;5600;INTARIAN_PEPPER_ROOT;11024;18;11021;15;;;11026;18;11029;15;;;11025.0;0.0
crash_normal_s1;5600;ASH_COATED_OSMIUM;9982;8;9980;27;;;9988;5;9991;17;;;9985.0;0.0
crash_normal_s1;5700;INTARIAN_PEPPER_ROOT;11025;17;11023;15;;;11029;18;11031;28;;;11027.0;0.0
crash_normal_s1;5700;ASH_COATED_OSMIUM;9985;5;9982;27;;;9991;7;9994;16;;;9988.0;0.0
crash_normal_s1;5800;INTARIAN_PEPPER_ROOT;11028;18;11024;20;;;11030;11;11032;19;;;11029.0;0.0
crash_normal_s1;5800;ASH_COATED_OSMIUM;9984;5;9980;20;;;9992;16;9995;23;;;9988.0;0.0
crash_normal_s1;5900;INTARIAN_PEPPER_ROOT;11030;14;11027;32;;;11032;16;11035;17;;;11031.0;0.0
crash_normal_s1;5900;ASH_COATED_OSMIUM;9978;16;9976;8;;;9992;14;9994;12;;;9985.0;0.0
crash_normal_s1;6000;INTARIAN_PEPPER_ROOT;11022;12;11019;20;;;11038;8;11041;25;;;11030.0;0.0
crash_normal_s1;6000;ASH_COATED_OSMIUM;9980;8;9978;22;;;9986;13;9989;21;;;9983.0;0.0
crash_normal_s1;6100;INTARIAN_PEPPER_ROOT;11032;13;11028;22;;;11034;25;11036;22;;;11033.0;0.0
crash_normal_s1;6100;ASH_COATED_OSMIUM;9983;23;9981;18;;;9985;5;9988;16;;;9984.0;0.0
crash_normal_s1;6200;INTARIAN_PEPPER_ROOT;11031;11;11027;17;;;11039;17;11042;18;;;11035.0;0.0
crash_normal_s1;6200;ASH_COATED_OSMIUM;9958;15;9955;28;;;10018;11;10021;24;;;9988.0;0.0
crash_normal_s1;6300;INTARIAN_PEPPER_ROOT;11033;15;11031;16;;;11035;11;11039;16;;;11034.0;0.0
crash_normal_s1;6300;ASH_COATED_OSMIUM;9979;18;9975;23;;;9993;14;9995;9;;;9986.0;0.0
crash_normal_s1;6400;INTARIAN_PEPPER_ROOT;11028;14;11025;14;;;11042;16;11046;10;;;11035.0;0.0
crash_normal_s1;6400;ASH_COATED_OSMIUM;9983;9;9981;16;;;9987;9;9991;19;;;9985.0;0.0
crash_normal_s1;6500;INTARIAN_PEPPER_ROOT;11032;12;11028;27;;;11040;18;11044;13;;;11036.0;0.0
crash_normal_s1;6500;ASH_COATED_OSMIUM;9971;6;9969;21;;;10001;5;10004;21;;;9986.0;0.0
crash_normal_s1;6600;INTARIAN_PEPPER_ROOT;11017;19;11015;19;;;11061;6;11065;24;;;11039.0;0.0
crash_normal_s1;6600;ASH_COATED_OSMIUM;9973;11;9969;23;;;10003;18;10005;22;;;9988.0;0.0
crash_normal_s1;6700;INTARIAN_PEPPER_ROOT;11039;20;11036;15;;;11047;13;11051;14;;;11043.0;0.0
crash_normal_s1;6700;ASH_COATED_OSMIUM;9980;6;9978;20;;;9992;14;9995;24;;;9986.0;0.0
crash_normal_s1;6800;INTARIAN_PEPPER_ROOT;11042;7;11040;30;;;11052;20;11055;24;;;11047.0;0.0
crash_normal_s1;6800;ASH_COATED_OSMIUM;9989;18;9985;17;;;9991;6;9995;22;;;9990.0;0.0
crash_normal_s1;6900;INTARIAN_PEPPER_ROOT;11038;17;11036;17;;;11054;14;11057;20;;;11046.0;0.0
crash_normal_s1;6900;ASH_COATED_OSMIUM;9991;16;9989;16;;;9995;18;9999;26;;;9993.0;0.0
crash_normal_s1;7000;INTARIAN_PEPPER_ROOT;11038;8;11035;18;;;11048;13;11051;24;;;11043.0;0.0
crash_normal_s1;7000;ASH_COATED_OSMIUM;9983;15;9980;14;;;10017;12;10019;20;;;10000.0;0.0
crash_normal_s1;7100;INTARIAN_PEPPER_ROOT;11041;10;11039;23;;;11043;14;11047;29;;;11042.0;0.0
crash_normal_s1;7100;ASH_COATED_OSMIUM;9997;19;9994;19;;;9999;8;10001;8;;;9998.0;0.0
crash_normal_s1;7200;INTARIAN_PEPPER_ROOT;11041;17;11037;28;;;11045;12;11047;17;;;11043.0;0.0
crash_normal_s1;7200;ASH_COATED_OSMIUM;9996;9;9994;18;;;10000;10;10002;19;;;9998.0;0.0
crash_normal_s1;7300;INTARIAN_PEPPER_ROOT;11043;5;11041;19;;;11049;11;11052;21;;;11046.0;0.0
crash_normal_s1;7300;ASH_COATED_OSMIUM;9987;19;9983;23;;;10001;5;10004;19;;;9994.0;0.0
crash_normal_s1;7400;INTARIAN_PEPPER_ROOT;11037;13;11034;31;;;11057;14;11060;12;;;11047.0;0.0
crash_normal_s1;7400;ASH_COATED_OSMIUM;9991;9;9989;24;;;9999;21;10001;28;;;9995.0;0.0
crash_normal_s1;7500;INTARIAN_PEPPER_ROOT;11042;20;11039;24;;;11044;12;11046;22;;;11043.0;0.0
crash_normal_s1;7500;ASH_COATED_OSMIUM;9987;6;9985;8;;;9999;8;10003;27;;;9993.0;0.0
crash_normal_s1;7600;INTARIAN_PEPPER_ROOT;11037;17;11034;21;;;11047;16;11050;16;;;11042.0;0.0
crash_normal_s1;7600;ASH_COATED_OSMIUM;9987;12;9985;29;;;9999;7;10001;19;;;9993.0;0.0
crash_normal_s1;7700;INTARIAN_PEPPER_ROOT;11044;14;11041;16;;;11046;6;11050;23;;;11045.0;0.0
crash_normal_s1;7700;ASH_COATED_OSMIUM;9986;14;9982;20;;;10002;13;10005;9;;;9994.0;0.0
crash_normal_s1;7800;INTARIAN_PEPPER_ROOT;11045;15;11041;16;;;11047;10;11050;16;;;11046.0;0.0
crash_normal_s1;7800;ASH_COATED_OSMIUM;9993;19;9989;19;;;9997;11;9999;23;;;9995.0;0.0
crash_normal_s1;7900;INTARIAN_PEPPER_ROOT;11047;20;11043;13;;;11049;16;11053;8;;;11048.0;0.0
crash_normal_s1;7900;ASH_COATED_OSMIUM;9996;11;9993;17;;;10000;14;10002;25;;;9998.0;0.0
crash_normal_s1;8000;INTARIAN_PEPPER_ROOT;11007;21;11003;19;;;11089;11;11091;19;;;11048.0;0.0
crash_normal_s1;8000;ASH_COATED_OSMIUM;9999;12;9995;21;;;10001;12;10005;19;;;10000.0;0.0
crash_normal_s1;8100;INTARIAN_PEPPER_ROOT;11032;10;11028;27;;;11064;13;11067;11;;;11048.0;0.0
crash_normal_s1;8100;ASH_COATED_OSMIUM;9985;5;9983;22;;;10009;15;10011;17;;;9997.0;0.0
crash_normal_s1;8200;INTARIAN_PEPPER_ROOT;11048;10;11046;19;;;11052;9;11054;8;;;11050.0;0.0
crash_normal_s1;8200;ASH_COATED_OSMIUM;9995;12;9993;23;;;9997;11;10001;29;;;9996.0;0.0
crash_normal_s1;8300;INTARIAN_PEPPER_ROOT;11049;15;11046;19;;;11051;15;11053;10;;;11050.0;0.0
crash_normal_s1;8300;ASH_COATED_OSMIUM;9992;7;9990;21;;;9998;7;10001;30;;;9995.0;0.0
crash_normal_s1;8400;INTARIAN_PEPPER_ROOT;11048;13;11044;25;;;11054;15;11058;28;;;11051.0;0.0
crash_normal_s1;8400;ASH_COATED_OSMIUM;9987;10;9984;26;;;9999;6;10001;12;;;9993.0;0.0
crash_normal_s1;8500;INTARIAN_PEPPER_ROOT;11051;10;11048;9;;;11053;19;11056;23;;;11052.0;0.0
crash_normal_s1;8500;ASH_COATED_OSMIUM;9998;5;9994;19;;;10004;5;10006;19;;;10001.0;0.0
crash_normal_s1;8600;INTARIAN_PEPPER_ROOT;11051;24;11047;14;;;11053;20;11056;23;;;11052.0;0.0
crash_normal_s1;8600;ASH_COATED_OSMIUM;9996;5;9992;15;;;10012;5;10016;11;;;10004.0;0.0
crash_normal_s1;8700;INTARIAN_PEPPER_ROOT;11041;18;11039;31;;;11065;12;11067;27;;;11053.0;0.0
crash_normal_s1;8700;ASH_COATED_OSMIUM;10000;14;9996;19;;;10002;19;10006;15;;;10001.0;0.0
crash_normal_s1;8800;INTARIAN_PEPPER_ROOT;11051;5;11049;18;;;11057;15;11060;27;;;11054.0;0.0
crash_normal_s1;8800;ASH_COATED_OSMIUM;9993;17;9991;18;;;10007;7;10009;22;;;10000.0;0.0
crash_normal_s1;8900;INTARIAN_PEPPER_ROOT;11050;15;11046;27;;;11062;18;11065;21;;;11056.0;0.0
crash_normal_s1;8900;ASH_COATED_OSMIUM;9997;11;9994;26;;;10007;9;10009;20;;;10002.0;0.0
crash_normal_s1;9000;INTARIAN_PEPPER_ROOT;11054;13;11050;21;;;11064;9;11066;21;;;11059.0;0.0
crash_normal_s1;9000;ASH_COATED_OSMIUM;10001;13;9997;27;;;10003;21;10005;14;;;10002.0;0.0
crash_normal_s1;9100;INTARIAN_PEPPER_ROOT;11055;5;11053;24;;;11065;19;11068;23;;;11060.0;0.0
crash_normal_s1;9100;ASH_COATED_OSMIUM;9994;17;9990;29;;;10002;11;10005;9;;;9998.0;0.0
crash_normal_s1;9200;INTARIAN_PEPPER_ROOT;11058;14;11054;25;;;11060;11;11063;28;;;11059.0;0.0
crash_normal_s1;9200;ASH_COATED_OSMIUM;10002;11;9999;17;;;10004;10;10008;32;;;10003.0;0.0
crash_normal_s1;9300;INTARIAN_PEPPER_ROOT;11056;13;11054;16;;;11062;7;11066;13;;;11059.0;0.0
crash_normal_s1;9300;ASH_COATED_OSMIUM;10001;5;9998;28;;;10007;8;10011;25;;;10004.0;0.0
crash_normal_s1;9400;INTARIAN_PEPPER_ROOT;11039;15;11036;18;;;11081;19;11083;28;;;11060.0;0.0
crash_normal_s1;9400;ASH_COATED_OSMIUM;10000;16;9996;22;;;10004;8;10006;21;;;10002.0;0.0
crash_normal_s1;9500;INTARIAN_PEPPER_ROOT;11059;20;11057;24;;;11063;16;11067;17;;;11061.0;0.0
crash_normal_s1;9500;ASH_COATED_OSMIUM;9999;7;9996;22;;;10003;11;10005;25;;;10001.0;0.0
crash_normal_s1;9600;INTARIAN_PEPPER_ROOT;11051;19;11048;9;;;11071;13;11075;20;;;11061.0;0.0
crash_normal_s1;9600;ASH_COATED_OSMIUM;9990;9;9987;21;;;10010;7;10014;15;;;10000.0;0.0
crash_normal_s1;9700;INTARIAN_PEPPER_ROOT;11047;8;11045;19;;;11075;14;11077;18;;;11061.0;0.0
crash_normal_s1;9700;ASH_COATED_OSMIUM;9987;11;9985;22;;;10015;8;10017;23;;;10001.0;0.0
crash_normal_s1;9800;INTARIAN_PEPPER_ROOT;11059;21;11057;27;;;11061;14;11063;21;;;11060.0;0.0
crash_normal_s1;9800;ASH_COATED_OSMIUM;9994;5;9990;25;;;10006;11;10008;21;;;10000.0;0.0
crash_normal_s1;9900;INTARIAN_PEPPER_ROOT;11058;11;11055;16;;;11066;18;11068;27;;;11062.0;0.0
crash_normal_s1;9900;ASH_COATED_OSMIUM;10000;12;9996;25;;;10002;12;10006;28;;;10001.0;0.0
crash_normal_s1;10000;INTARIAN_PEPPER_ROOT;11061;14;11059;24;;;11063;13;11067;19;;;11062.0;0.0
crash_normal_s1;10000;ASH_COATED_OSMIUM;10000;7;9996;17;;;10008;20;10012;19;;;10004.0;0.0
crash_normal_s1;10100;INTARIAN_PEPPER_ROOT;11063;17;11059;15;;;11067;19;11071;21;;;11065.0;0.0
crash_normal_s1;10100;ASH_COATED_OSMIUM;9995;10;9991;21;;;10005;13;10009;20;;;10000.0;0.0
crash_normal_s1;10200;INTARIAN_PEPPER_ROOT;11055;15;11053;16;;;11077;9;11079;20;;;11066.0;0.0
crash_normal_s1;10200;ASH_COATED_OSMIUM;10002;9;9998;23;;;10004;8;10008;15;;;10003.0;0.0
crash_normal_s1;10300;INTARIAN_PEPPER_ROOT;11067;14;11063;27;;;11069;15;11071;13;;;11068.0;0.0
crash_normal_s1;10300;ASH_COATED_OSMIUM;9999;19;9996;20;;;10017;13;10019;23;;;10008.0;0.0
crash_normal_s1;10400;INTARIAN_PEPPER_ROOT;11065;17;11062;18;;;11067;5;11070;22;;;11066.0;0.0
crash_normal_s1;10400;ASH_COATED_OSMIUM;10005;13;10003;17;;;10013;6;10015;23;;;10009.0;0.0
crash_normal_s1;10500;INTARIAN_PEPPER_ROOT;11061;21;11058;15;;;11073;14;11077;11;;;11067.0;0.0
crash_normal_s1;10500;ASH_COATED_OSMIUM;9992;9;9990;10;;;10030;25;10032;15;;;10011.0;0.0
crash_normal_s1;10600;INTARIAN_PEPPER_ROOT;11068;18;11066;25;;;11070;12;11072;32;;;11069.0;0.0
crash_normal_s1;10600;ASH_COATED_OSMIUM;10008;7;10005;23;;;10018;14;10021;20;;;10013.0;0.0
crash_normal_s1;10700;INTARIAN_PEPPER_ROOT;11063;9;11061;18;;;11073;14;11076;21;;;11068.0;0.0
crash_normal_s1;10700;ASH_COATED_OSMIUM;10010;16;10008;18;;;10024;5;10028;22;;;10017.0;0.0
crash_normal_s1;10800;INTARIAN_PEPPER_ROOT;11064;15;11062;15;;;11072;18;11075;19;;;11068.0;0.0
crash_normal_s1;10800;ASH_COATED_OSMIUM;10010;11;10006;19;;;10014;16;10017;31;;;10012.0;0.0
crash_normal_s1;10900;INTARIAN_PEPPER_ROOT;11054;20;11050;12;;;11084;22;11088;28;;;11069.0;0.0
crash_normal_s1;10900;ASH_COATED_OSMIUM;9999;5;9996;13;;;10017;14;10021;13;;;10008.0;0.0
crash_normal_s1;11000;INTARIAN_PEPPER_ROOT;11063;12;11060;14;;;11069;12;11072;27;;;11066.0;0.0
crash_normal_s1;11000;ASH_COATED_OSMIUM;9999;11;9997;15;;;10007;13;10009;19;;;10003.0;0.0
crash_normal_s1;11100;INTARIAN_PEPPER_ROOT;11047;20;11043;27;;;11087;16;11089;15;;;11067.0;0.0
crash_normal_s1;11100;ASH_COATED_OSMIUM;9974;16;9972;19;;;10040;13;10044;17;;;10007.0;0.0
crash_normal_s1;11200;INTARIAN_PEPPER_ROOT;11051;13;11048;30;;;11089;9;11092;20;;;11070.0;0.0
crash_normal_s1;11200;ASH_COATED_OSMIUM;9969;18;9965;20;;;10045;6;10049;24;;;10007.0;0.0
crash_normal_s1;11300;INTARIAN_PEPPER_ROOT;11067;13;11065;24;;;11069;26;11072;19;;;11068.0;0.0
crash_normal_s1;11300;ASH_COATED_OSMIUM;10001;9;9999;22;;;10017;21;10020;20;;;10009.0;0.0
crash_normal_s1;11400;INTARIAN_PEPPER_ROOT;11066;13;11064;21;;;11074;26;11077;26;;;11070.0;0.0
crash_normal_s1;11400;ASH_COATED_OSMIUM;10008;8;10005;30;;;10010;11;10014;17;;;10009.0;0.0
crash_normal_s1;11500;INTARIAN_PEPPER_ROOT;11061;11;11059;16;;;11075;10;11078;21;;;11068.0;0.0
crash_normal_s1;11500;ASH_COATED_OSMIUM;10005;14;10003;15;;;10007;12;10010;15;;;10006.0;0.0
crash_normal_s1;11600;INTARIAN_PEPPER_ROOT;11067;22;11063;29;;;11069;13;11072;13;;;11068.0;0.0
crash_normal_s1;11600;ASH_COATED_OSMIUM;10004;17;10002;18;;;10006;16;10009;24;;;10005.0;0.0
crash_normal_s1;11700;INTARIAN_PEPPER_ROOT;11059;13;11055;22;;;11073;12;11076;31;;;11066.0;0.0
crash_normal_s1;11700;ASH_COATED_OSMIUM;9987;14;9985;22;;;10023;16;10027;13;;;10005.0;0.0
crash_normal_s1;11800;INTARIAN_PEPPER_ROOT;11059;16;11056;23;;;11077;14;11079;25;;;11068.0;0.0
crash_normal_s1;11800;ASH_COATED_OSMIUM;9992;16;9989;12;;;10018;10;10022;24;;;10005.0;0.0
crash_normal_s1;11900;INTARIAN_PEPPER_ROOT;11065;11;11062;27;;;11075;19;11078;21;;;11070.0;0.0
crash_normal_s1;11900;ASH_COATED_OSMIUM;10000;7;9997;33;;;10010;9;10014;22;;;10005.0;0.0
crash_normal_s1;12000;INTARIAN_PEPPER_ROOT;11058;17;11056;18;;;11082;19;11086;21;;;11070.0;0.0
crash_normal_s1;12000;ASH_COATED_OSMIUM;10006;12;10003;16;;;10008;17;10010;21;;;10007.0;0.0
crash_normal_s1;12100;INTARIAN_PEPPER_ROOT;11065;16;11062;15;;;11073;17;11076;21;;;11069.0;0.0
crash_normal_s1;12100;ASH_COATED_OSMIUM;10004;9;10000;15;;;10010;9;10013;12;;;10007.0;0.0
crash_normal_s1;12200;INTARIAN_PEPPER_ROOT;11062;6;11059;25;;;11082;9;11086;11;;;11072.0;0.0
crash_normal_s1;12200;ASH_COATED_OSMIUM;9985;15;9981;16;;;10031;7;10033;14;;;10008.0;0.0
crash_normal_s1;12300;INTARIAN_PEPPER_ROOT;11075;19;11071;28;;;11077;11;11079;14;;;11076.0;0.0
crash_normal_s1;12300;ASH_COATED_OSMIUM;9998;6;9996;32;;;10024;8;10028;20;;;10011.0;0.0
crash_normal_s1;12400;INTARIAN_PEPPER_ROOT;11072;14;11070;23;;;11074;22;11078;15;;;11073.0;0.0
crash_normal_s1;12400;ASH_COATED_OSMIUM;10010;12;10008;21;;;10016;14;10018;22;;;10013.0;0.0
crash_normal_s1;12500;INTARIAN_PEPPER_ROOT;11072;6;11069;19;;;11080;18;11082;22;;;11076.0;0.0
crash_normal_s1;12500;ASH_COATED_OSMIUM;10015;15;10011;18;;;10019;12;10022;14;;;10017.0;0.0
crash_normal_s1;12600;INTARIAN_PEPPER_ROOT;11078;20;11074;18;;;11082;15;11085;24;;;11080.0;0.0
crash_normal_s1;12600;ASH_COATED_OSMIUM;10007;11;10004;21;;;10017;7;10021;21;;;10012.0;0.0
crash_normal_s1;12700;INTARIAN_PEPPER_ROOT;11077;17;11075;17;;;11085;16;11089;19;;;11081.0;0.0
crash_normal_s1;12700;ASH_COATED_OSMIUM;10009;14;10005;8;;;10015;13;10019;20;;;10012.0;0.0
crash_normal_s1;12800;INTARIAN_PEPPER_ROOT;11078;18;11076;24;;;11080;13;11082;10;;;11079.0;0.0
crash_normal_s1;12800;ASH_COATED_OSMIUM;10011;13;10009;18;;;10015;11;10018;15;;;10013.0;0.0
crash_normal_s1;12900;INTARIAN_PEPPER_ROOT;11080;18;11076;20;;;11082;15;11084;13;;;11081.0;0.0
crash_normal_s1;12900;ASH_COATED_OSMIUM;9997;5;9993;22;;;10025;12;10027;27;;;10011.0;0.0
crash_normal_s1;13000;INTARIAN_PEPPER_ROOT;11075;11;11071;16;;;11087;16;11090;27;;;11081.0;0.0
crash_normal_s1;13000;ASH_COATED_OSMIUM;10000;15;9997;20;;;10016;16;10020;21;;;10008.0;0.0
crash_normal_s1;13100;INTARIAN_PEPPER_ROOT;11079;17;11075;21;;;11083;12;11086;20;;;11081.0;0.0
crash_normal_s1;13100;ASH_COATED_OSMIUM;9991;17;9989;19;;;10025;20;10027;14;;;10008.0;0.0
crash_normal_s1;13200;INTARIAN_PEPPER_ROOT;11078;12;11075;24;;;11080;20;11084;20;;;11079.0;0.0
crash_normal_s1;13200;ASH_COATED_OSMIUM;10007;21;10004;21;;;10015;9;10018;21;;;10011.0;0.0
crash_normal_s1;13300;INTARIAN_PEPPER_ROOT;11075;8;11071;13;;;11087;23;11091;20;;;11081.0;0.0
crash_normal_s1;13300;ASH_COATED_OSMIUM;10016;16;10014;24;;;10018;8;10020;18;;;10017.0;0.0
crash_normal_s1;13400;INTARIAN_PEPPER_ROOT;11061;18;11059;16;;;11105;16;11107;21;;;11083.0;0.0
crash_normal_s1;13400;ASH_COATED_OSMIUM;10004;18;10000;29;;;10014;7;10018;25;;;10009.0;0.0
crash_normal_s1;13500;INTARIAN_PEPPER_ROOT;11074;11;11070;22;;;11088;13;11090;15;;;11081.0;0.0
crash_normal_s1;13500;ASH_COATED_OSMIUM;9998;10;9996;26;;;10012;15;10014;9;;;10005.0;0.0
crash_normal_s1;13600;INTARIAN_PEPPER_ROOT;11077;11;11075;19;;;11091;19;11094;19;;;11084.0;0.0
crash_normal_s1;13600;ASH_COATED_OSMIUM;10001;20;9999;23;;;10003;7;10006;22;;;10002.0;0.0
crash_normal_s1;13700;INTARIAN_PEPPER_ROOT;11080;22;11077;15;;;11084;7;11088;25;;;11082.0;0.0
crash_normal_s1;13700;ASH_COATED_OSMIUM;10000;13;9997;20;;;10010;17;10013;19;;;10005.0;0.0
crash_normal_s1;13800;INTARIAN_PEPPER_ROOT;11083;5;11079;17;;;11085;9;11087;19;;;11084.0;0.0
crash_normal_s1;13800;ASH_COATED_OSMIUM;10003;17;9999;15;;;10005;9;10007;15;;;10004.0;0.0
crash_normal_s1;13900;INTARIAN_PEPPER_ROOT;11081;9;11077;23;;;11087;12;11090;15;;;11084.0;0.0
crash_normal_s1;13900;ASH_COATED_OSMIUM;10003;9;9999;29;;;10005;17;10007;22;;;10004.0;0.0
crash_normal_s1;14000;INTARIAN_PEPPER_ROOT;11081;11;11077;15;;;11087;13;11090;16;;;11084.0;0.0
crash_normal_s1;14000;ASH_COATED_OSMIUM;10000;23;9998;31;;;10006;15;10010;25;;;10003.0;0.0
crash_normal_s1;14100;INTARIAN_PEPPER_ROOT;11077;25;11074;19;;;11091;22;11095;15;;;11084.0;0.0
crash_normal_s1;14100;ASH_COATED_OSMIUM;9989;15;9985;16;;;10017;6;10020;24;;;10003.0;0.0
crash_normal_s1;14200;INTARIAN_PEPPER_ROOT;11082;14;11080;15;;;11092;27;11096;19;;;11087.0;0.0
crash_normal_s1;14200;ASH_COATED_OSMIUM;9999;21;9996;16;;;10017;20;10021;16;;;10008.0;0.0
crash_normal_s1;14300;INTARIAN_PEPPER_ROOT;11085;16;11082;16;;;11093;8;11096;21;;;11089.0;0.0
crash_normal_s1;14300;ASH_COATED_OSMIUM;9984;19;9982;15;;;10030;10;10034;17;;;10007.0;0.0
crash_normal_s1;14400;INTARIAN_PEPPER_ROOT;11073;18;11069;23;;;11109;14;11112;18;;;11091.0;0.0
crash_normal_s1;14400;ASH_COATED_OSMIUM;9991;5;9989;16;;;10031;6;10035;21;;;10011.0;0.0
crash_normal_s1;14500;INTARIAN_PEPPER_ROOT;11082;7;11078;17;;;11100;9;11102;30;;;11091.0;0.0
crash_normal_s1;14500;ASH_COATED_OSMIUM;9995;9;9992;13;;;10017;10;10021;17;;;10006.0;0.0
crash_normal_s1;14600;INTARIAN_PEPPER_ROOT;11092;12;11089;20;;;11094;17;11096;20;;;11093.0;0.0
crash_normal_s1;14600;ASH_COATED_OSMIUM;10006;9;10003;16;;;10010;13;10014;18;;;10008.0;0.0
crash_normal_s1;14700;INTARIAN_PEPPER_ROOT;11088;18;11084;20;;;11098;17;11102;34;;;11093.0;0.0
crash_normal_s1;14700;ASH_COATED_OSMIUM;9987;5;9984;19;;;10027;19;10031;21;;;10007.0;0.0
crash_normal_s1;14800;INTARIAN_PEPPER_ROOT;11083;17;11079;21;;;11105;16;11108;21;;;11094.0;0.0
crash_normal_s1;14800;ASH_COATED_OSMIUM;9987;10;9983;14;;;10027;6;10031;14;;;10007.0;0.0
crash_normal_s1;14900;INTARIAN_PEPPER_ROOT;11093;22;11090;23;;;11101;5;11105;22;;;11097.0;0.0
crash_normal_s1;14900;ASH_COATED_OSMIUM;9999;17;9996;18;;;10023;6;10025;26;;;10011.0;0.0
crash_normal_s1;15000;INTARIAN_PEPPER_ROOT;11095;18;11093;21;;;11097;8;11101;25;;;11096.0;0.0
crash_normal_s1;15000;ASH_COATED_OSMIUM;9986;14;9982;17;;;10026;15;10028;24;;;10006.0;0.0
crash_normal_s1;15100;INTARIAN_PEPPER_ROOT;11090;18;11088;20;;;11094;17;11098;20;;;11092.0;0.0
crash_normal_s1;15100;ASH_COATED_OSMIUM;10007;12;10004;24;;;10009;8;10012;11;;;10008.0;0.0
crash_normal_s1;15200;INTARIAN_PEPPER_ROOT;11094;14;11091;13;;;11096;19;11098;19;;;11095.0;0.0
crash_normal_s1;15200;ASH_COATED_OSMIUM;10003;12;10000;9;;;10005;17;10008;16;;;10004.0;0.0
crash_normal_s1;15300;INTARIAN_PEPPER_ROOT;11096;12;11094;22;;;11104;12;11106;20;;;11100.0;0.0
crash_normal_s1;15300;ASH_COATED_OSMIUM;10007;8;10005;13;;;10013;16;10017;21;;;10010.0;0.0
crash_normal_s1;15400;INTARIAN_PEPPER_ROOT;11090;15;11088;19;;;11112;14;11116;19;;;11101.0;0.0
crash_normal_s1;15400;ASH_COATED_OSMIUM;10007;10;10004;13;;;10011;18;10015;25;;;10009.0;0.0
crash_normal_s1;15500;INTARIAN_PEPPER_ROOT;11096;14;11094;21;;;11106;11;11108;28;;;11101.0;0.0
crash_normal_s1;15500;ASH_COATED_OSMIUM;10007;6;10003;8;;;10013;13;10017;13;;;10010.0;0.0
crash_normal_s1;15600;INTARIAN_PEPPER_ROOT;11101;18;11097;15;;;11103;10;11107;20;;;11102.0;0.0
crash_normal_s1;15600;ASH_COATED_OSMIUM;10005;5;10001;15;;;10021;17;10025;21;;;10013.0;0.0
crash_normal_s1;15700;INTARIAN_PEPPER_ROOT;11100;16;11097;13;;;11104;11;11108;18;;;11102.0;0.0
crash_normal_s1;15700;ASH_COATED_OSMIUM;10012;19;10010;23;;;10014;15;10017;15;;;10013.0;0.0
crash_normal_s1;15800;INTARIAN_PEPPER_ROOT;11100;19;11098;17;;;11104;11;11108;16;;;11102.0;0.0
crash_normal_s1;15800;ASH_COATED_OSMIUM;10008;17;10005;17;;;10018;13;10022;19;;;10013.0;0.0
crash_normal_s1;15900;INTARIAN_PEPPER_ROOT;11086;19;11083;9;;;11116;14;11119;22;;;11101.0;0.0
crash_normal_s1;15900;ASH_COATED_OSMIUM;10006;10;10002;21;;;10008;6;10010;19;;;10007.0;0.0
crash_normal_s1;16000;INTARIAN_PEPPER_ROOT;11098;11;11094;14;;;11102;10;11104;24;;;11100.0;0.0
crash_normal_s1;16000;ASH_COATED_OSMIUM;10011;13;10008;24;;;10015;23;10017;15;;;10013.0;0.0
crash_normal_s1;16100;INTARIAN_PEPPER_ROOT;11085;10;11083;27;;;11111;7;11115;16;;;11098.0;0.0
crash_normal_s1;16100;ASH_COATED_OSMIUM;10010;14;10006;18;;;10016;12;10018;19;;;10013.0;0.0
crash_normal_s1;16200;INTARIAN_PEPPER_ROOT;11091;14;11087;17;;;11109;8;11113;17;;;11100.0;0.0
crash_normal_s1;16200;ASH_COATED_OSMIUM;10009;16;10007;21;;;10013;14;10017;13;;;10011.0;0.0
crash_normal_s1;16300;INTARIAN_PEPPER_ROOT;11080;10;11077;19;;;11120;9;11122;11;;;11100.0;0.0
crash_normal_s1;16300;ASH_COATED_OSMIUM;9999;16;9997;12;;;10027;21;10029;30;;;10013.0;0.0
crash_normal_s1;16400;INTARIAN_PEPPER_ROOT;11098;17;11094;15;;;11104;10;11108;19;;;11101.0;0.0
crash_normal_s1;16400;ASH_COATED_OSMIUM;10015;20;10013;12;;;10019;10;10023;19;;;10017.0;0.0
crash_normal_s1;16500;INTARIAN_PEPPER_ROOT;11083;18;11080;21;;;11119;18;11121;27;;;11101.0;0.0
crash_normal_s1;16500;ASH_COATED_OSMIUM;10010;13;10008;19;;;10022;13;10024;18;;;10016.0;0.0
crash_normal_s1;16600;INTARIAN_PEPPER_ROOT;11102;14;11099;19;;;11104;16;11106;18;;;11103.0;0.0
crash_normal_s1;16600;ASH_COATED_OSMIUM;10017;13;10013;20;;;10019;16;10022;20;;;10018.0;0.0
crash_normal_s1;16700;INTARIAN_PEPPER_ROOT;11092;17;11090;18;;;11116;13;11120;10;;;11104.0;0.0
crash_normal_s1;16700;ASH_COATED_OSMIUM;10016;16;10013;18;;;10018;19;10021;20;;;10017.0;0.0
crash_normal_s1;16800;INTARIAN_PEPPER_ROOT;11081;15;11079;19;;;11139;28;11142;20;;;11110.0;0.0
crash_normal_s1;16800;ASH_COATED_OSMIUM;10018;10;10014;22;;;10020;18;10023;15;;;10019.0;0.0
crash_normal_s1;16900;INTARIAN_PEPPER_ROOT;11090;20;11086;27;;;11124;16;11128;8;;;11107.0;0.0
crash_normal_s1;16900;ASH_COATED_OSMIUM;10003;14;9999;21;;;10027;17;10031;15;;;10015.0;0.0
crash_normal_s1;17000;INTARIAN_PEPPER_ROOT;11105;12;11101;24;;;11107;11;11109;14;;;11106.0;0.0
crash_normal_s1;17000;ASH_COATED_OSMIUM;10010;20;10007;24;;;10028;12;10031;17;;;10019.0;0.0
crash_normal_s1;17100;INTARIAN_PEPPER_ROOT;11108;15;11106;22;;;11110;13;11113;13;;;11109.0;0.0
crash_normal_s1;17100;ASH_COATED_OSMIUM;9998;10;9995;28;;;10038;15;10042;18;;;10018.0;0.0
crash_normal_s1;17200;INTARIAN_PEPPER_ROOT;11111;9;11108;21;;;11117;14;11121;18;;;11114.0;0.0
crash_normal_s1;17200;ASH_COATED_OSMIUM;10017;6;10013;11;;;10023;15;10027;20;;;10020.0;0.0
crash_normal_s1;17300;INTARIAN_PEPPER_ROOT;11111;5;11108;21;;;11117;22;11119;21;;;11114.0;0.0
crash_normal_s1;17300;ASH_COATED_OSMIUM;10022;17;10019;25;;;10024;13;10026;20;;;10023.0;0.0
crash_normal_s1;17400;INTARIAN_PEPPER_ROOT;11101;6;11099;13;;;11127;12;11129;12;;;11114.0;0.0
crash_normal_s1;17400;ASH_COATED_OSMIUM;10021;10;10017;22;;;10023;14;10026;23;;;10022.0;0.0
crash_normal_s1;17500;INTARIAN_PEPPER_ROOT;11113;16;11109;21;;;11115;18;11119;17;;;11114.0;0.0
crash_normal_s1;17500;ASH_COATED_OSMIUM;10021;8;10017;16;;;10025;17;10029;22;;;10023.0;0.0
crash_normal_s1;17600;INTARIAN_PEPPER_ROOT;11113;13;11111;28;;;11121;13;11124;21;;;11117.0;0.0
crash_normal_s1;17600;ASH_COATED_OSMIUM;10013;14;10010;18;;;10033;12;10036;18;;;10023.0;0.0
crash_normal_s1;17700;INTARIAN_PEPPER_ROOT;11112;5;11108;23;;;11122;17;11124;15;;;11117.0;0.0
crash_normal_s1;17700;ASH_COATED_OSMIUM;10003;13;10000;16;;;10031;10;10035;27;;;10017.0;0.0
crash_normal_s1;17800;INTARIAN_PEPPER_ROOT;11114;12;11110;22;;;11124;22;11127;20;;;11119.0;0.0
crash_normal_s1;17800;ASH_COATED_OSMIUM;10003;13;9999;23;;;10037;14;10041;24;;;10020.0;0.0
crash_normal_s1;17900;INTARIAN_PEPPER_ROOT;11101;8;11098;15;;;11137;18;11140;18;;;11119.0;0.0
crash_normal_s1;17900;ASH_COATED_OSMIUM;10009;16;10005;14;;;10025;8;10027;12;;;10017.0;0.0
crash_normal_s1;18000;INTARIAN_PEPPER_ROOT;11115;8;11113;16;;;11119;17;11122;10;;;11117.0;0.0
crash_normal_s1;18000;ASH_COATED_OSMIUM;10000;6;9997;8;;;10020;12;10023;14;;;10010.0;0.0
crash_normal_s1;18100;INTARIAN_PEPPER_ROOT;11117;14;11115;18;;;11119;7;11122;24;;;11118.0;0.0
crash_normal_s1;18100;ASH_COATED_OSMIUM;9990;10;9988;18;;;10028;20;10031;18;;;10009.0;0.0
crash_normal_s1;18200;INTARIAN_PEPPER_ROOT;11118;7;11115;8;;;11122;5;11126;10;;;11120.0;0.0
crash_normal_s1;18200;ASH_COATED_OSMIUM;10006;8;10004;20;;;10020;17;10024;14;;;10013.0;0.0
crash_normal_s1;18300;INTARIAN_PEPPER_ROOT;11119;9;11117;19;;;11127;11;11130;15;;;11123.0;0.0
crash_normal_s1;18300;ASH_COATED_OSMIUM;10014;17;10012;21;;;10018;20;10021;24;;;10016.0;0.0
crash_normal_s1;18400;INTARIAN_PEPPER_ROOT;11093;10;11089;26;;;11153;21;11157;19;;;11123.0;0.0
crash_normal_s1;18400;ASH_COATED_OSMIUM;10004;5;10002;25;;;10018;17;10022;23;;;10011.0;0.0
crash_normal_s1;18500;INTARIAN_PEPPER_ROOT;11118;15;11116;19;;;11128;15;11130;20;;;11123.0;0.0
crash_normal_s1;18500;ASH_COATED_OSMIUM;10003;5;10000;18;;;10019;11;10023;13;;;10011.0;0.0
crash_normal_s1;18600;INTARIAN_PEPPER_ROOT;11121;20;11119;22;;;11127;17;11130;22;;;11124.0;0.0
crash_normal_s1;18600;ASH_COATED_OSMIUM;10010;22;10008;18;;;10016;16;10019;9;;;10013.0;0.0
crash_normal_s1;18700;INTARIAN_PEPPER_ROOT;11124;12;11120;25;;;11126;16;11129;20;;;11125.0;0.0
crash_normal_s1;18700;ASH_COATED_OSMIUM;10008;12;10005;17;;;10022;7;10024;23;;;10015.0;0.0
crash_normal_s1;18800;INTARIAN_PEPPER_ROOT;11125;19;11122;23;;;11127;11;11129;15;;;11126.0;0.0
crash_normal_s1;18800;ASH_COATED_OSMIUM;10015;9;10013;9;;;10017;10;10021;23;;;10016.0;0.0
crash_normal_s1;18900;INTARIAN_PEPPER_ROOT;11099;15;11097;25;;;11153;19;11157;10;;;11126.0;0.0
crash_normal_s1;18900;ASH_COATED_OSMIUM;10003;8;10000;17;;;10015;12;10017;15;;;10009.0;0.0
crash_normal_s1;19000;INTARIAN_PEPPER_ROOT;11128;15;11125;24;;;11130;18;11133;21;;;11129.0;0.0
crash_normal_s1;19000;ASH_COATED_OSMIUM;9998;19;9995;13;;;10024;20;10028;15;;;10011.0;0.0
crash_normal_s1;19100;INTARIAN_PEPPER_ROOT;11130;13;11128;15;;;11132;8;11135;22;;;11131.0;0.0
crash_normal_s1;19100;ASH_COATED_OSMIUM;10000;13;9996;17;;;10020;18;10024;17;;;10010.0;0.0
crash_normal_s1;19200;INTARIAN_PEPPER_ROOT;11110;17;11107;21;;;11160;9;11162;16;;;11135.0;0.0
crash_normal_s1;19200;ASH_COATED_OSMIUM;10010;19;10008;17;;;10018;12;10022;24;;;10014.0;0.0
crash_normal_s1;19300;INTARIAN_PEPPER_ROOT;11130;5;11128;18;;;11144;28;11148;14;;;11137.0;0.0
crash_normal_s1;19300;ASH_COATED_OSMIUM;10012;12;10008;18;;;10018;7;10021;22;;;10015.0;0.0
crash_normal_s1;19400;INTARIAN_PEPPER_ROOT;11131;16;11129;17;;;11147;13;11149;25;;;11139.0;0.0
crash_normal_s1;19400;ASH_COATED_OSMIUM;10016;5;10014;16;;;10020;17;10023;17;;;10018.0;0.0
crash_normal_s1;19500;INTARIAN_PEPPER_ROOT;11136;9;11132;19;;;11138;18;11141;22;;;11137.0;0.0
crash_normal_s1;19500;ASH_COATED_OSMIUM;10016;11;10014;18;;;10022;9;10024;18;;;10019.0;0.0
crash_normal_s1;19600;INTARIAN_PEPPER_ROOT;11134;12;11132;18;;;11142;19;11144;22;;;11138.0;0.0
crash_normal_s1;19600;ASH_COATED_OSMIUM;10014;15;10012;15;;;10016;15;10018;21;;;10015.0;0.0
crash_normal_s1;19700;INTARIAN_PEPPER_ROOT;11127;13;11123;13;;;11153;18;11157;18;;;11140.0;0.0
crash_normal_s1;19700;ASH_COATED_OSMIUM;10017;5;10014;24;;;10019;23;10022;10;;;10018.0;0.0
crash_normal_s1;19800;INTARIAN_PEPPER_ROOT;11137;10;11135;18;;;11147;9;11151;18;;;11142.0;0.0
crash_normal_s1;19800;ASH_COATED_OSMIUM;10017;21;10015;27;;;10019;5;10023;28;;;10018.0;0.0
crash_normal_s1;19900;INTARIAN_PEPPER_ROOT;11143;7;11139;18;;;11145;13;11147;17;;;11144.0;0.0
crash_normal_s1;19900;ASH_COATED_OSMIUM;10009;12;10006;18;;;10015;15;10017;23;;;10012.0;0.0
crash_normal_s1;20000;INTARIAN_PEPPER_ROOT;11143;13;11140;21;;;11145;10;11148;23;;;11144.0;0.0
crash_normal_s1;20000;ASH_COATED_OSMIUM;10012;18;10010;26;;;10014;9;10016;15;;;10013.0;0.0
crash_normal_s1;20100;INTARIAN_PEPPER_ROOT;11127;17;11123;20;;;11165;12;11167;16;;;11146.0;0.0
crash_normal_s1;20100;ASH_COATED_OSMIUM;9991;12;9987;17;;;10029;5;10033;18;;;10010.0;0.0
crash_normal_s1;20200;INTARIAN_PEPPER_ROOT;11145;22;11142;18;;;11147;18;11151;23;;;11146.0;0.0
crash_normal_s1;20200;ASH_COATED_OSMIUM;10006;16;10002;20;;;10020;9;10023;26;;;10013.0;0.0
crash_normal_s1;20300;INTARIAN_PEPPER_ROOT;11146;15;11144;25;;;11154;16;11156;16;;;11150.0;0.0
crash_normal_s1;20300;ASH_COATED_OSMIUM;10008;7;10004;25;;;10020;15;10022;13;;;10014.0;0.0
crash_normal_s1;20400;INTARIAN_PEPPER_ROOT;11142;9;11140;23;;;11154;20;11156;19;;;11148.0;0.0
crash_normal_s1;20400;ASH_COATED_OSMIUM;9988;6;9986;23;;;10038;16;10040;15;;;10013.0;0.0
crash_normal_s1;20500;INTARIAN_PEPPER_ROOT;11144;7;11142;30;;;11146;7;11150;8;;;11145.0;0.0
crash_normal_s1;20500;ASH_COATED_OSMIUM;10012;8;10009;22;;;10014;19;10017;20;;;10013.0;0.0
crash_normal_s1;20600;INTARIAN_PEPPER_ROOT;11133;18;11130;18;;;11153;5;11157;22;;;11143.0;0.0
crash_normal_s1;20600;ASH_COATED_OSMIUM;10012;5;10008;11;;;10014;12;10016;15;;;10013.0;0.0
crash_normal_s1;20700;INTARIAN_PEPPER_ROOT;11140;10;11138;22;;;11142;19;11144;23;;;11141.0;0.0
crash_normal_s1;20700;ASH_COATED_OSMIUM;10016;5;10013;21;;;10018;8;10020;23;;;10017.0;0.0
crash_normal_s1;20800;INTARIAN_PEPPER_ROOT;11134;9;11130;25;;;11144;15;11147;16;;;11139.0;0.0
crash_normal_s1;20800;ASH_COATED_OSMIUM;10016;9;10012;10;;;10020;11;10022;16;;;10018.0;0.0
crash_normal_s1;20900;INTARIAN_PEPPER_ROOT;11138;17;11136;22;;;11150;11;11152;20;;;11144.0;0.0
crash_normal_s1;20900;ASH_COATED_OSMIUM;10012;10;10009;20;;;10018;19;10021;23;;;10015.0;0.0
crash_normal_s1;21000;INTARIAN_PEPPER_ROOT;11125;15;11123;24;;;11163;12;11165;14;;;11144.0;0.0
crash_normal_s1;21000;ASH_COATED_OSMIUM;10008;19;10006;21;;;10014;19;10016;18;;;10011.0;0.0
crash_normal_s1;21100;INTARIAN_PEPPER_ROOT;11124;13;11121;17;;;11158;8;11161;19;;;11141.0;0.0
crash_normal_s1;21100;ASH_COATED_OSMIUM;9994;11;9991;17;;;10016;5;10019;18;;;10005.0;0.0
crash_normal_s1;21200;INTARIAN_PEPPER_ROOT;11119;16;11115;20;;;11169;5;11172;17;;;11144.0;0.0
crash_normal_s1;21200;ASH_COATED_OSMIUM;9994;13;9991;20;;;10010;21;10014;25;;;10002.0;0.0
crash_normal_s1;21300;INTARIAN_PEPPER_ROOT;11142;10;11139;19;;;11144;5;11147;20;;;11143.0;0.0
crash_normal_s1;21300;ASH_COATED_OSMIUM;10002;18;9999;21;;;10010;9;10014;19;;;10006.0;0.0
crash_normal_s1;21400;INTARIAN_PEPPER_ROOT;11141;8;11137;17;;;11143;21;11146;8;;;11142.0;0.0
crash_normal_s1;21400;ASH_COATED_OSMIUM;9996;17;9994;13;;;10010;9;10012;22;;;10003.0;0.0
crash_normal_s1;21500;INTARIAN_PEPPER_ROOT;11136;11;11132;30;;;11152;20;11154;25;;;11144.0;0.0
crash_normal_s1;21500;ASH_COATED_OSMIUM;9999;19;9997;13;;;10007;16;10011;22;;;10003.0;0.0
crash_normal_s1;21600;INTARIAN_PEPPER_ROOT;11140;20;11136;9;;;11152;8;11154;22;;;11146.0;0.0
crash_normal_s1;21600;ASH_COATED_OSMIUM;10009;15;10006;21;;;10011;11;10015;13;;;10010.0;0.0
crash_normal_s1;21700;INTARIAN_PEPPER_ROOT;11140;7;11137;19;;;11152;16;11154;16;;;11146.0;0.0
crash_normal_s1;21700;ASH_COATED_OSMIUM;10001;22;9998;14;;;10011;14;10015;18;;;10006.0;0.0
crash_normal_s1;21800;INTARIAN_PEPPER_ROOT;11144;21;11141;21;;;11152;7;11154;23;;;11148.0;0.0
crash_normal_s1;21800;ASH_COATED_OSMIUM;9985;9;9983;14;;;10023;17;10026;22;;;10004.0;0.0
crash_normal_s1;21900;INTARIAN_PEPPER_ROOT;11149;17;11146;21;;;11151;15;11154;17;;;11150.0;0.0
crash_normal_s1;21900;ASH_COATED_OSMIUM;10006;17;10002;22;;;10008;13;10012;18;;;10007.0;0.0
crash_normal_s1;22000;INTARIAN_PEPPER_ROOT;11149;19;11146;17;;;11157;6;11159;26;;;11153.0;0.0
crash_normal_s1;22000;ASH_COATED_OSMIUM;9999;16;9995;26;;;10013;18;10016;27;;;10006.0;0.0
crash_normal_s1;22100;INTARIAN_PEPPER_ROOT;11154;15;11150;17;;;11156;19;11160;24;;;11155.0;0.0
crash_normal_s1;22100;ASH_COATED_OSMIUM;10002;14;9999;28;;;10018;18;10021;19;;;10010.0;0.0
crash_normal_s1;22200;INTARIAN_PEPPER_ROOT;11144;8;11141;17;;;11172;21;11175;25;;;11158.0;0.0
crash_normal_s1;22200;ASH_COATED_OSMIUM;10007;16;10005;19;;;10009;11;10013;18;;;10008.0;0.0
crash_normal_s1;22300;INTARIAN_PEPPER_ROOT;11158;9;11156;15;;;11160;17;11164;16;;;11159.0;0.0
crash_normal_s1;22300;ASH_COATED_OSMIUM;10004;15;10002;18;;;10008;14;10012;16;;;10006.0;0.0
crash_normal_s1;22400;INTARIAN_PEPPER_ROOT;11133;15;11131;25;;;11181;20;11184;17;;;11157.0;0.0
crash_normal_s1;22400;ASH_COATED_OSMIUM;10002;15;10000;18;;;10004;15;10006;11;;;10003.0;0.0
crash_normal_s1;22500;INTARIAN_PEPPER_ROOT;11161;16;11159;18;;;11163;15;11165;12;;;11162.0;0.0
crash_normal_s1;22500;ASH_COATED_OSMIUM;9993;14;9990;26;;;10015;13;10018;24;;;10004.0;0.0
crash_normal_s1;22600;INTARIAN_PEPPER_ROOT;11161;13;11157;23;;;11163;22;11165;21;;;11162.0;0.0
crash_normal_s1;22600;ASH_COATED_OSMIUM;9999;6;9995;16;;;10003;10;10007;22;;;10001.0;0.0
crash_normal_s1;22700;INTARIAN_PEPPER_ROOT;11161;16;11158;20;;;11163;11;11166;22;;;11162.0;0.0
crash_normal_s1;22700;ASH_COATED_OSMIUM;9990;17;9988;19;;;10010;13;10013;13;;;10000.0;0.0
crash_normal_s1;22800;INTARIAN_PEPPER_ROOT;11159;17;11155;14;;;11163;9;11166;16;;;11161.0;0.0
crash_normal_s1;22800;ASH_COATED_OSMIUM;9995;17;9992;21;;;10005;9;10009;25;;;10000.0;0.0
crash_normal_s1;22900;INTARIAN_PEPPER_ROOT;11152;11;11149;19;;;11170;10;11173;19;;;11161.0;0.0
crash_normal_s1;22900;ASH_COATED_OSMIUM;9963;5;9961;10;;;10037;14;10040;20;;;10000.0;0.0
crash_normal_s1;23000;INTARIAN_PEPPER_ROOT;11161;18;11157;11;;;11163;9;11165;19;;;11162.0;0.0
crash_normal_s1;23000;ASH_COATED_OSMIUM;9996;9;9994;21;;;10002;9;10006;13;;;9999.0;0.0
crash_normal_s1;23100;INTARIAN_PEPPER_ROOT;11163;11;11159;21;;;11165;21;11169;15;;;11164.0;0.0
crash_normal_s1;23100;ASH_COATED_OSMIUM;9994;19;9992;20;;;10002;14;10004;16;;;9998.0;0.0
crash_normal_s1;23200;INTARIAN_PEPPER_ROOT;11157;10;11154;21;;;11173;25;11176;19;;;11165.0;0.0
crash_normal_s1;23200;ASH_COATED_OSMIUM;9995;12;9993;23;;;10007;13;10009;29;;;10001.0;0.0
crash_normal_s1;23300;INTARIAN_PEPPER_ROOT;11155;23;11152;12;;;11183;12;11185;17;;;11169.0;0.0
crash_normal_s1;23300;ASH_COATED_OSMIUM;9986;9;9983;13;;;10010;16;10013;17;;;9998.0;0.0
crash_normal_s1;23400;INTARIAN_PEPPER_ROOT;11166;20;11162;13;;;11172;13;11174;21;;;11169.0;0.0
crash_normal_s1;23400;ASH_COATED_OSMIUM;9993;11;9989;20;;;9999;9;10001;20;;;9996.0;0.0
crash_normal_s1;23500;INTARIAN_PEPPER_ROOT;11165;16;11161;14;;;11171;6;11174;25;;;11168.0;0.0
crash_normal_s1;23500;ASH_COATED_OSMIUM;9978;9;9975;12;;;10004;6;10007;20;;;9991.0;0.0
crash_normal_s1;23600;INTARIAN_PEPPER_ROOT;11164;17;11161;18;;;11168;14;11171;15;;;11166.0;0.0
crash_normal_s1;23600;ASH_COATED_OSMIUM;9982;21;9978;20;;;10002;8;10005;17;;;9992.0;0.0
crash_normal_s1;23700;INTARIAN_PEPPER_ROOT;11156;16;11152;16;;;11172;12;11174;29;;;11164.0;0.0
crash_normal_s1;23700;ASH_COATED_OSMIUM;9985;5;9982;14;;;9997;9;10001;26;;;9991.0;0.0
crash_normal_s1;23800;INTARIAN_PEPPER_ROOT;11152;9;11148;10;;;11172;14;11176;21;;;11162.0;0.0
crash_normal_s1;23800;ASH_COATED_OSMIUM;9992;17;9989;18;;;9994;15;9996;22;;;9993.0;0.0
crash_normal_s1;23900;INTARIAN_PEPPER_ROOT;11163;15;11159;15;;;11165;15;11168;19;;;11164.0;0.0
crash_normal_s1;23900;ASH_COATED_OSMIUM;9990;6;9988;24;;;10000;10;10003;13;;;9995.0;0.0
crash_normal_s1;24000;INTARIAN_PEPPER_ROOT;11159;6;11157;16;;;11169;19;11173;13;;;11164.0;0.0
crash_normal_s1;24000;ASH_COATED_OSMIUM;9991;10;9989;20;;;9999;11;10001;19;;;9995.0;0.0
crash_normal_s1;24100;INTARIAN_PEPPER_ROOT;11159;9;11156;12;;;11169;16;11171;23;;;11164.0;0.0
crash_normal_s1;24100;ASH_COATED_OSMIUM;9992;10;9990;27;;;10000;14;10003;19;;;9996.0;0.0
crash_normal_s1;24200;INTARIAN_PEPPER_ROOT;11163;12;11161;20;;;11165;28;11169;21;;;11164.0;0.0
crash_normal_s1;24200;ASH_COATED_OSMIUM;9988;15;9986;17;;;10008;5;10012;22;;;9998.0;0.0
crash_normal_s1;24300;INTARIAN_PEPPER_ROOT;11161;17;11159;24;;;11163;17;11165;20;;;11162.0;0.0
crash_normal_s1;24300;ASH_COATED_OSMIUM;9995;14;9991;13;;;9999;13;10003;19;;;9997.0;0.0
crash_normal_s1;24400;INTARIAN_PEPPER_ROOT;11155;21;11153;26;;;11167;18;11170;23;;;11161.0;0.0
crash_normal_s1;24400;ASH_COATED_OSMIUM;10001;8;9999;11;;;10003;7;10005;20;;;10002.0;0.0
crash_normal_s1;24500;INTARIAN_PEPPER_ROOT;11145;14;11142;22;;;11179;13;11181;26;;;11162.0;0.0
crash_normal_s1;24500;ASH_COATED_OSMIUM;9978;12;9976;20;;;10026;14;10030;22;;;10002.0;0.0
crash_normal_s1;24600;INTARIAN_PEPPER_ROOT;11163;13;11159;19;;;11165;18;11168;19;;;11164.0;0.0
crash_normal_s1;24600;ASH_COATED_OSMIUM;9987;11;9985;13;;;10005;16;10009;26;;;9996.0;0.0
crash_normal_s1;24700;INTARIAN_PEPPER_ROOT;11158;16;11155;15;;;11170;5;11173;22;;;11164.0;0.0
crash_normal_s1;24700;ASH_COATED_OSMIUM;9993;5;9991;20;;;10007;7;10009;20;;;10000.0;0.0
crash_normal_s1;24800;INTARIAN_PEPPER_ROOT;11166;9;11163;18;;;11168;11;11170;26;;;11167.0;0.0
crash_normal_s1;24800;ASH_COATED_OSMIUM;9981;20;9978;17;;;10021;18;10025;25;;;10001.0;0.0
crash_normal_s1;24900;INTARIAN_PEPPER_ROOT;11158;11;11156;23;;;11174;11;11177;20;;;11166.0;0.0
crash_normal_s1;24900;ASH_COATED_OSMIUM;9999;15;9995;17;;;10007;10;10010;28;;;10003.0;0.0
crash_normal_s1;25000;INTARIAN_PEPPER_ROOT;11164;14;11160;14;;;11166;12;11170;25;;;11165.0;0.0
crash_normal_s1;25000;ASH_COATED_OSMIUM;10001;17;9998;22;;;10007;14;10009;15;;;10004.0;0.0
crash_normal_s1;25100;INTARIAN_PEPPER_ROOT;11158;25;11156;22;;;11174;17;11177;17;;;11166.0;0.0
crash_normal_s1;25100;ASH_COATED_OSMIUM;10006;18;10003;18;;;10008;8;10012;19;;;10007.0;0.0
crash_normal_s1;25200;INTARIAN_PEPPER_ROOT;11151;15;11148;23;;;11169;14;11173;21;;;11160.0;0.0
crash_normal_s1;25200;ASH_COATED_OSMIUM;9991;22;9988;9;;;10011;14;10015;21;;;10001.0;0.0
crash_normal_s1;25300;INTARIAN_PEPPER_ROOT;11149;8;11146;27;;;11181;17;11185;16;;;11165.0;0.0
crash_normal_s1;25300;ASH_COATED_OSMIUM;9984;14;9982;19;;;10020;15;10022;13;;;10002.0;0.0
crash_normal_s1;25400;INTARIAN_PEPPER_ROOT;11133;13;11129;26;;;11199;15;11201;28;;;11166.0;0.0
crash_normal_s1;25400;ASH_COATED_OSMIUM;9993;15;9989;22;;;10013;22;10017;11;;;10003.0;0.0
crash_normal_s1;25500;INTARIAN_PEPPER_ROOT;11159;11;11155;13;;;11171;13;11175;22;;;11165.0;0.0
crash_normal_s1;25500;ASH_COATED_OSMIUM;10001;16;9997;17;;;10013;11;10016;29;;;10007.0;0.0
crash_normal_s1;25600;INTARIAN_PEPPER_ROOT;11166;7;11162;24;;;11172;19;11176;24;;;11169.0;0.0
crash_normal_s1;25600;ASH_COATED_OSMIUM;9991;16;9989;12;;;10007;15;10009;19;;;9999.0;0.0
crash_normal_s1;25700;INTARIAN_PEPPER_ROOT;11152;12;11149;22;;;11188;15;11192;23;;;11170.0;0.0
crash_normal_s1;25700;ASH_COATED_OSMIUM;9991;5;9987;11;;;10005;12;10009;23;;;9998.0;0.0
crash_normal_s1;25800;INTARIAN_PEPPER_ROOT;11150;14;11146;23;;;11196;17;11198;10;;;11173.0;0.0
crash_normal_s1;25800;ASH_COATED_OSMIUM;9995;13;9993;25;;;10007;14;10010;19;;;10001.0;0.0
crash_normal_s1;25900;INTARIAN_PEPPER_ROOT;11171;14;11167;19;;;11173;17;11175;14;;;11172.0;0.0
crash_normal_s1;25900;ASH_COATED_OSMIUM;9980;6;9976;21;;;10018;6;10021;22;;;9999.0;0.0
crash_normal_s1;26000;INTARIAN_PEPPER_ROOT;11169;13;11167;20;;;11175;13;11177;17;;;11172.0;0.0
crash_normal_s1;26000;ASH_COATED_OSMIUM;9997;23;9994;19;;;10011;14;10013;21;;;10004.0;0.0
crash_normal_s1;26100;INTARIAN_PEPPER_ROOT;11153;23;11151;12;;;11187;11;11189;21;;;11170.0;0.0
crash_normal_s1;26100;ASH_COATED_OSMIUM;9982;9;9980;25;;;10024;20;10026;24;;;10003.0;0.0
crash_normal_s1;26200;INTARIAN_PEPPER_ROOT;11171;23;11168;21;;;11175;19;11178;21;;;11173.0;0.0
crash_normal_s1;26200;ASH_COATED_OSMIUM;9995;12;9993;20;;;10005;15;10008;10;;;10000.0;0.0
crash_normal_s1;26300;INTARIAN_PEPPER_ROOT;11166;16;11163;27;;;11178;17;11181;21;;;11172.0;0.0
crash_normal_s1;26300;ASH_COATED_OSMIUM;9995;17;9993;23;;;10001;10;10004;13;;;9998.0;0.0
crash_normal_s1;26400;INTARIAN_PEPPER_ROOT;11167;20;11165;12;;;11177;20;11181;19;;;11172.0;0.0
crash_normal_s1;26400;ASH_COATED_OSMIUM;9994;12;9991;20;;;10000;10;10003;9;;;9997.0;0.0
crash_normal_s1;26500;INTARIAN_PEPPER_ROOT;11166;19;11163;15;;;11184;8;11187;19;;;11175.0;0.0
crash_normal_s1;26500;ASH_COATED_OSMIUM;9987;13;9985;18;;;9993;20;9995;13;;;9990.0;0.0
crash_normal_s1;26600;INTARIAN_PEPPER_ROOT;11176;18;11174;22;;;11178;17;11180;26;;;11177.0;0.0
crash_normal_s1;26600;ASH_COATED_OSMIUM;9966;14;9963;14;;;10010;15;10012;27;;;9988.0;0.0
crash_normal_s1;26700;INTARIAN_PEPPER_ROOT;11174;16;11170;23;;;11180;16;11182;21;;;11177.0;0.0
crash_normal_s1;26700;ASH_COATED_OSMIUM;9983;19;9979;20;;;9985;9;9989;25;;;9984.0;0.0
crash_normal_s1;26800;INTARIAN_PEPPER_ROOT;11177;18;11173;19;;;11181;13;11185;16;;;11179.0;0.0
crash_normal_s1;26800;ASH_COATED_OSMIUM;9966;18;9963;24;;;10006;16;10010;23;;;9986.0;0.0
crash_normal_s1;26900;INTARIAN_PEPPER_ROOT;11170;15;11167;22;;;11186;17;11188;18;;;11178.0;0.0
crash_normal_s1;26900;ASH_COATED_OSMIUM;9967;16;9965;25;;;10017;20;10021;23;;;9992.0;0.0
crash_normal_s1;27000;INTARIAN_PEPPER_ROOT;11169;16;11167;20;;;11191;15;11193;11;;;11180.0;0.0
crash_normal_s1;27000;ASH_COATED_OSMIUM;9982;19;9979;31;;;9998;16;10002;14;;;9990.0;0.0
crash_normal_s1;27100;INTARIAN_PEPPER_ROOT;11183;14;11181;18;;;11185;15;11189;24;;;11184.0;0.0
crash_normal_s1;27100;ASH_COATED_OSMIUM;9984;15;9982;21;;;9994;11;9997;13;;;9989.0;0.0
crash_normal_s1;27200;INTARIAN_PEPPER_ROOT;11184;19;11181;17;;;11186;7;11189;14;;;11185.0;0.0
crash_normal_s1;27200;ASH_COATED_OSMIUM;9983;19;9980;18;;;9995;19;9999;20;;;9989.0;0.0
crash_normal_s1;27300;INTARIAN_PEPPER_ROOT;11185;10;11182;17;;;11191;11;11194;24;;;11188.0;0.0
crash_normal_s1;27300;ASH_COATED_OSMIUM;9967;13;9963;27;;;10017;17;10021;20;;;9992.0;0.0
crash_normal_s1;27400;INTARIAN_PEPPER_ROOT;11184;18;11181;25;;;11188;11;11192;19;;;11186.0;0.0
crash_normal_s1;27400;ASH_COATED_OSMIUM;9986;12;9984;28;;;9996;16;9999;22;;;9991.0;0.0
crash_normal_s1;27500;INTARIAN_PEPPER_ROOT;11183;14;11181;17;;;11187;14;11191;21;;;11185.0;0.0
crash_normal_s1;27500;ASH_COATED_OSMIUM;9991;11;9988;22;;;10003;13;10006;18;;;9997.0;0.0
crash_normal_s1;27600;INTARIAN_PEPPER_ROOT;11176;25;11174;12;;;11190;14;11194;13;;;11183.0;0.0
crash_normal_s1;27600;ASH_COATED_OSMIUM;9988;20;9986;13;;;9998;13;10000;28;;;9993.0;0.0
crash_normal_s1;27700;INTARIAN_PEPPER_ROOT;11185;27;11182;27;;;11187;21;11191;25;;;11186.0;0.0
crash_normal_s1;27700;ASH_COATED_OSMIUM;9985;16;9982;24;;;10003;12;10005;22;;;9994.0;0.0
crash_normal_s1;27800;INTARIAN_PEPPER_ROOT;11183;22;11179;21;;;11189;17;11192;19;;;11186.0;0.0
crash_normal_s1;27800;ASH_COATED_OSMIUM;9989;5;9986;22;;;9991;16;9994;18;;;9990.0;0.0
crash_normal_s1;27900;INTARIAN_PEPPER_ROOT;11182;24;11178;15;;;11196;20;11198;17;;;11189.0;0.0
crash_normal_s1;27900;ASH_COATED_OSMIUM;9980;15;9977;13;;;9998;14;10002;25;;;9989.0;0.0
crash_normal_s1;28000;INTARIAN_PEPPER_ROOT;11187;24;11184;17;;;11189;14;11191;22;;;11188.0;0.0
crash_normal_s1;28000;ASH_COATED_OSMIUM;9988;13;9985;25;;;9990;17;9994;26;;;9989.0;0.0
crash_normal_s1;28100;INTARIAN_PEPPER_ROOT;11186;5;11184;8;;;11188;15;11191;17;;;11187.0;0.0
crash_normal_s1;28100;ASH_COATED_OSMIUM;9993;19;9991;20;;;9995;14;9999;26;;;9994.0;0.0
crash_normal_s1;28200;INTARIAN_PEPPER_ROOT;11166;14;11163;20;;;11210;7;11212;10;;;11188.0;0.0
crash_normal_s1;28200;ASH_COATED_OSMIUM;9984;15;9980;12;;;10000;17;10004;24;;;9992.0;0.0
crash_normal_s1;28300;INTARIAN_PEPPER_ROOT;11186;8;11184;22;;;11196;14;11198;14;;;11191.0;0.0
crash_normal_s1;28300;ASH_COATED_OSMIUM;9988;14;9986;18;;;9998;18;10002;27;;;9993.0;0.0
crash_normal_s1;28400;INTARIAN_PEPPER_ROOT;11189;14;11187;23;;;11193;19;11196;20;;;11191.0;0.0
crash_normal_s1;28400;ASH_COATED_OSMIUM;9992;11;9988;14;;;9996;11;9998;18;;;9994.0;0.0
crash_normal_s1;28500;INTARIAN_PEPPER_ROOT;11186;17;11183;25;;;11198;17;11201;24;;;11192.0;0.0
crash_normal_s1;28500;ASH_COATED_OSMIUM;9995;20;9991;15;;;9997;14;10000;18;;;9996.0;0.0
crash_normal_s1;28600;INTARIAN_PEPPER_ROOT;11191;14;11187;11;;;11195;9;11198;18;;;11193.0;0.0
crash_normal_s1;28600;ASH_COATED_OSMIUM;9992;15;9990;17;;;10000;13;10002;15;;;9996.0;0.0
crash_normal_s1;28700;INTARIAN_PEPPER_ROOT;11191;23;11188;22;;;11195;11;11197;18;;;11193.0;0.0
crash_normal_s1;28700;ASH_COATED_OSMIUM;9989;19;9986;26;;;10005;12;10009;31;;;9997.0;0.0
crash_normal_s1;28800;INTARIAN_PEPPER_ROOT;11182;12;11179;28;;;11202;16;11206;20;;;11192.0;0.0
crash_normal_s1;28800;ASH_COATED_OSMIUM;9985;14;9983;21;;;10009;17;10013;22;;;9997.0;0.0
crash_normal_s1;28900;INTARIAN_PEPPER_ROOT;11186;5;11184;18;;;11200;14;11202;18;;;11193.0;0.0
crash_normal_s1;28900;ASH_COATED_OSMIUM;9973;7;9971;18;;;10019;13;10022;27;;;9996.0;0.0
crash_normal_s1;29000;INTARIAN_PEPPER_ROOT;11184;23;11182;26;;;11202;8;11205;26;;;11193.0;0.0
crash_normal_s1;29000;ASH_COATED_OSMIUM;9984;6;9982;16;;;10004;5;10006;28;;;9994.0;0.0
crash_normal_s1;29100;INTARIAN_PEPPER_ROOT;11192;10;11189;19;;;11196;22;11199;16;;;11194.0;0.0
crash_normal_s1;29100;ASH_COATED_OSMIUM;9977;10;9974;17;;;10013;16;10016;28;;;9995.0;0.0
crash_normal_s1;29200;INTARIAN_PEPPER_ROOT;11189;15;11185;28;;;11201;13;11204;21;;;11195.0;0.0
crash_normal_s1;29200;ASH_COATED_OSMIUM;9996;5;9994;24;;;9998;8;10002;19;;;9997.0;0.0
crash_normal_s1;29300;INTARIAN_PEPPER_ROOT;11190;9;11187;23;;;11196;11;11200;25;;;11193.0;0.0
crash_normal_s1;29300;ASH_COATED_OSMIUM;9996;13;9994;22;;;9998;22;10000;18;;;9997.0;0.0
crash_normal_s1;29400;INTARIAN_PEPPER_ROOT;11193;21;11189;20;;;11195;6;11197;10;;;11194.0;0.0
crash_normal_s1;29400;ASH_COATED_OSMIUM;9983;12;9979;18;;;10005;10;10009;15;;;9994.0;0.0
crash_normal_s1;29500;INTARIAN_PEPPER_ROOT;11189;19;11186;8;;;11199;6;11202;12;;;11194.0;0.0
crash_normal_s1;29500;ASH_COATED_OSMIUM;9989;9;9987;17;;;10009;19;10013;13;;;9999.0;0.0
crash_normal_s1;29600;INTARIAN_PEPPER_ROOT;11174;18;11171;11;;;11218;9;11220;16;;;11196.0;0.0
crash_normal_s1;29600;ASH_COATED_OSMIUM;9989;11;9985;30;;;10011;12;10015;14;;;10000.0;0.0
crash_normal_s1;29700;INTARIAN_PEPPER_ROOT;11190;20;11187;18;;;11204;15;11208;21;;;11197.0;0.0
crash_normal_s1;29700;ASH_COATED_OSMIUM;9996;11;9993;16;;;10004;9;10006;14;;;10000.0;0.0
crash_normal_s1;29800;INTARIAN_PEPPER_ROOT;11191;12;11189;21;;;11203;13;11207;14;;;11197.0;0.0
crash_normal_s1;29800;ASH_COATED_OSMIUM;10000;9;9998;26;;;10004;9;10008;14;;;10002.0;0.0
crash_normal_s1;29900;INTARIAN_PEPPER_ROOT;11197;13;11193;17;;;11199;11;11201;21;;;11198.0;0.0
crash_normal_s1;29900;ASH_COATED_OSMIUM;9965;7;9962;18;;;10035;10;10037;13;;;10000.0;0.0
crash_normal_s1;30000;INTARIAN_PEPPER_ROOT;11200;9;11196;16;;;11204;17;11208;16;;;11202.0;0.0
crash_normal_s1;30000;ASH_COATED_OSMIUM;9974;5;9971;13;;;10012;5;10014;18;;;9993.0;0.0
crash_normal_s1;30100;INTARIAN_PEPPER_ROOT;11192;10;11190;22;;;11208;9;11211;28;;;11200.0;0.0
crash_normal_s1;30100;ASH_COATED_OSMIUM;9992;20;9990;28;;;9996;10;9998;15;;;9994.0;0.0
crash_normal_s1;30200;INTARIAN_PEPPER_ROOT;11194;17;11191;19;;;11204;11;11208;20;;;11199.0;0.0
crash_normal_s1;30200;ASH_COATED_OSMIUM;9990;15;9986;9;;;10006;16;10010;18;;;9998.0;0.0
crash_normal_s1;30300;INTARIAN_PEPPER_ROOT;11192;20;11190;16;;;11204;18;11208;11;;;11198.0;0.0
crash_normal_s1;30300;ASH_COATED_OSMIUM;9994;12;9992;22;;;10002;6;10006;20;;;9998.0;0.0
crash_normal_s1;30400;INTARIAN_PEPPER_ROOT;11191;13;11189;28;;;11205;26;11207;22;;;11198.0;0.0
crash_normal_s1;30400;ASH_COATED_OSMIUM;9990;7;9988;13;;;9998;15;10000;17;;;9994.0;0.0
crash_normal_s1;30500;INTARIAN_PEPPER_ROOT;11200;9;11197;18;;;11202;17;11204;24;;;11201.0;0.0
crash_normal_s1;30500;ASH_COATED_OSMIUM;9979;13;9976;22;;;10007;11;10009;19;;;9993.0;0.0
crash_normal_s1;30600;INTARIAN_PEPPER_ROOT;11199;14;11197;13;;;11205;13;11207;18;;;11202.0;0.0
crash_normal_s1;30600;ASH_COATED_OSMIUM;9977;22;9974;20;;;10001;20;10004;20;;;9989.0;0.0
crash_normal_s1;30700;INTARIAN_PEPPER_ROOT;11194;20;11190;29;;;11210;22;11212;19;;;11202.0;0.0
crash_normal_s1;30700;ASH_COATED_OSMIUM;9978;18;9976;19;;;10000;11;10004;25;;;9989.0;0.0
crash_normal_s1;30800;INTARIAN_PEPPER_ROOT;11196;18;11194;21;;;11210;20;11212;30;;;11203.0;0.0
crash_normal_s1;30800;ASH_COATED_OSMIUM;9990;17;9986;25;;;9992;15;9995;23;;;9991.0;0.0
crash_normal_s1;30900;INTARIAN_PEPPER_ROOT;11201;16;11199;19;;;11205;10;11209;16;;;11203.0;0.0
crash_normal_s1;30900;ASH_COATED_OSMIUM;9984;19;9982;23;;;9998;5;10002;16;;;9991.0;0.0
crash_normal_s1;31000;INTARIAN_PEPPER_ROOT;11185;11;11181;13;;;11225;11;11228;20;;;11205.0;0.0
crash_normal_s1;31000;ASH_COATED_OSMIUM;9996;16;9992;19;;;9998;16;10000;17;;;9997.0;0.0
crash_normal_s1;31100;INTARIAN_PEPPER_ROOT;11202;5;11200;20;;;11210;16;11213;19;;;11206.0;0.0
crash_normal_s1;31100;ASH_COATED_OSMIUM;10002;21;9998;14;;;10004;20;10006;16;;;10003.0;0.0
crash_normal_s1;31200;INTARIAN_PEPPER_ROOT;11205;14;11203;12;;;11213;7;11215;14;;;11209.0;0.0
crash_normal_s1;31200;ASH_COATED_OSMIUM;9986;6;9982;19;;;10014;10;10017;26;;;10000.0;0.0
crash_normal_s1;31300;INTARIAN_PEPPER_ROOT;11208;18;11205;14;;;11210;10;11212;22;;;11209.0;0.0
crash_normal_s1;31300;ASH_COATED_OSMIUM;9995;9;9991;23;;;10009;19;10011;21;;;10002.0;0.0
crash_normal_s1;31400;INTARIAN_PEPPER_ROOT;11183;19;11181;20;;;11249;17;11253;15;;;11216.0;0.0
crash_normal_s1;31400;ASH_COATED_OSMIUM;9998;9;9996;24;;;10000;21;10004;13;;;9999.0;0.0
crash_normal_s1;31500;INTARIAN_PEPPER_ROOT;11208;13;11206;22;;;11226;18;11229;15;;;11217.0;0.0
crash_normal_s1;31500;ASH_COATED_OSMIUM;9996;13;9992;29;;;9998;9;10002;18;;;9997.0;0.0
crash_normal_s1;31600;INTARIAN_PEPPER_ROOT;11201;15;11199;21;;;11237;16;11241;28;;;11219.0;0.0
crash_normal_s1;31600;ASH_COATED_OSMIUM;9981;20;9978;18;;;10023;17;10025;19;;;10002.0;0.0
crash_normal_s1;31700;INTARIAN_PEPPER_ROOT;11201;17;11199;24;;;11239;5;11243;29;;;11220.0;0.0
crash_normal_s1;31700;ASH_COATED_OSMIUM;10004;9;10000;26;;;10010;5;10012;13;;;10007.0;0.0
crash_normal_s1;31800;INTARIAN_PEPPER_ROOT;11215;14;11211;25;;;11223;11;11227;16;;;11219.0;0.0
crash_normal_s1;31800;ASH_COATED_OSMIUM;10003;7;10000;20;;;10009;19;10012;20;;;10006.0;0.0
crash_normal_s1;31900;INTARIAN_PEPPER_ROOT;11206;12;11204;21;;;11230;13;11232;23;;;11218.0;0.0
crash_normal_s1;31900;ASH_COATED_OSMIUM;9998;6;9996;25;;;10010;10;10013;28;;;10004.0;0.0
crash_normal_s1;32000;INTARIAN_PEPPER_ROOT;11217;13;11215;21;;;11219;11;11222;13;;;11218.0;0.0
crash_normal_s1;32000;ASH_COATED_OSMIUM;10004;11;10002;15;;;10008;10;10011;15;;;10006.0;0.0
crash_normal_s1;32100;INTARIAN_PEPPER_ROOT;11215;20;11211;20;;;11217;22;11219;23;;;11216.0;0.0
crash_normal_s1;32100;ASH_COATED_OSMIUM;10002;7;9998;26;;;10010;9;10014;17;;;10006.0;0.0
crash_normal_s1;32200;INTARIAN_PEPPER_ROOT;11214;19;11211;27;;;11222;10;11224;21;;;11218.0;0.0
crash_normal_s1;32200;ASH_COATED_OSMIUM;10006;16;10003;18;;;10008;12;10012;15;;;10007.0;0.0
crash_normal_s1;32300;INTARIAN_PEPPER_ROOT;11207;15;11203;24;;;11225;9;11229;19;;;11216.0;0.0
crash_normal_s1;32300;ASH_COATED_OSMIUM;9994;19;9990;18;;;10012;5;10015;20;;;10003.0;0.0
crash_normal_s1;32400;INTARIAN_PEPPER_ROOT;11212;14;11210;22;;;11224;20;11228;21;;;11218.0;0.0
crash_normal_s1;32400;ASH_COATED_OSMIUM;9998;8;9994;23;;;10006;12;10009;14;;;10002.0;0.0
crash_normal_s1;32500;INTARIAN_PEPPER_ROOT;11210;10;11206;22;;;11232;21;11235;26;;;11221.0;0.0
crash_normal_s1;32500;ASH_COATED_OSMIUM;9999;16;9996;21;;;10011;7;10013;23;;;10005.0;0.0
crash_normal_s1;32600;INTARIAN_PEPPER_ROOT;11218;13;11214;17;;;11222;12;11224;25;;;11220.0;0.0
crash_normal_s1;32600;ASH_COATED_OSMIUM;10002;15;10000;16;;;10004;5;10008;17;;;10003.0;0.0
crash_normal_s1;32700;INTARIAN_PEPPER_ROOT;11220;7;11216;23;;;11226;10;11228;27;;;11223.0;0.0
crash_normal_s1;32700;ASH_COATED_OSMIUM;9999;20;9996;16;;;10001;13;10005;14;;;10000.0;0.0
crash_normal_s1;32800;INTARIAN_PEPPER_ROOT;11219;20;11216;24;;;11227;15;11229;16;;;11223.0;0.0
crash_normal_s1;32800;ASH_COATED_OSMIUM;9989;12;9986;22;;;10017;15;10020;25;;;10003.0;0.0
crash_normal_s1;32900;INTARIAN_PEPPER_ROOT;11224;9;11220;21;;;11226;29;11228;27;;;11225.0;0.0
crash_normal_s1;32900;ASH_COATED_OSMIUM;10005;12;10001;20;;;10007;16;10009;22;;;10006.0;0.0
crash_normal_s1;33000;INTARIAN_PEPPER_ROOT;11226;14;11223;27;;;11228;10;11231;21;;;11227.0;0.0
crash_normal_s1;33000;ASH_COATED_OSMIUM;9987;14;9984;29;;;10013;12;10017;23;;;10000.0;0.0
crash_normal_s1;33100;INTARIAN_PEPPER_ROOT;11228;12;11225;15;;;11232;16;11234;13;;;11230.0;0.0
crash_normal_s1;33100;ASH_COATED_OSMIUM;9980;18;9977;20;;;10016;23;10020;17;;;9998.0;0.0
crash_normal_s1;33200;INTARIAN_PEPPER_ROOT;11213;8;11209;11;;;11243;20;11245;13;;;11228.0;0.0
crash_normal_s1;33200;ASH_COATED_OSMIUM;9983;14;9979;8;;;10017;14;10020;15;;;10000.0;0.0
crash_normal_s1;33300;INTARIAN_PEPPER_ROOT;11227;14;11225;12;;;11229;18;11232;23;;;11228.0;0.0
crash_normal_s1;33300;ASH_COATED_OSMIUM;9975;19;9972;24;;;10021;10;10024;20;;;9998.0;0.0
crash_normal_s1;33400;INTARIAN_PEPPER_ROOT;11232;14;11229;8;;;11234;7;11236;20;;;11233.0;0.0
crash_normal_s1;33400;ASH_COATED_OSMIUM;9992;11;9989;21;;;10004;14;10006;23;;;9998.0;0.0
crash_normal_s1;33500;INTARIAN_PEPPER_ROOT;11229;21;11226;23;;;11235;13;11238;13;;;11232.0;0.0
crash_normal_s1;33500;ASH_COATED_OSMIUM;9998;11;9996;25;;;10002;5;10005;23;;;10000.0;0.0
crash_normal_s1;33600;INTARIAN_PEPPER_ROOT;11218;17;11214;26;;;11236;18;11238;17;;;11227.0;0.0
crash_normal_s1;33600;ASH_COATED_OSMIUM;9999;9;9995;23;;;10003;5;10006;20;;;10001.0;0.0
crash_normal_s1;33700;INTARIAN_PEPPER_ROOT;11220;13;11218;18;;;11228;5;11232;15;;;11224.0;0.0
crash_normal_s1;33700;ASH_COATED_OSMIUM;9983;15;9981;24;;;10017;11;10019;15;;;10000.0;0.0
crash_normal_s1;33800;INTARIAN_PEPPER_ROOT;11203;17;11200;24;;;11237;10;11240;26;;;11220.0;0.0
crash_normal_s1;33800;ASH_COATED_OSMIUM;9983;11;9980;21;;;10015;11;10019;21;;;9999.0;0.0
crash_normal_s1;33900;INTARIAN_PEPPER_ROOT;11213;18;11209;15;;;11219;18;11222;21;;;11216.0;0.0
crash_normal_s1;33900;ASH_COATED_OSMIUM;9957;14;9954;17;;;10051;10;10054;18;;;10004.0;0.0
crash_normal_s1;34000;INTARIAN_PEPPER_ROOT;11210;22;11207;14;;;11220;7;11222;25;;;11215.0;0.0
crash_normal_s1;34000;ASH_COATED_OSMIUM;10000;12;9998;16;;;10002;18;10005;23;;;10001.0;0.0
crash_normal_s1;34100;INTARIAN_PEPPER_ROOT;11214;14;11212;21;;;11224;15;11228;23;;;11219.0;0.0
crash_normal_s1;34100;ASH_COATED_OSMIUM;9993;14;9990;16;;;10015;6;10018;32;;;10004.0;0.0
crash_normal_s1;34200;INTARIAN_PEPPER_ROOT;11216;16;11213;15;;;11220;19;11224;12;;;11218.0;0.0
crash_normal_s1;34200;ASH_COATED_OSMIUM;10008;16;10004;23;;;10016;6;10020;13;;;10012.0;0.0
crash_normal_s1;34300;INTARIAN_PEPPER_ROOT;11212;18;11208;11;;;11228;16;11232;17;;;11220.0;0.0
crash_normal_s1;34300;ASH_COATED_OSMIUM;10009;17;10006;20;;;10019;7;10022;16;;;10014.0;0.0
crash_normal_s1;34400;INTARIAN_PEPPER_ROOT;11219;14;11217;15;;;11221;16;11223;16;;;11220.0;0.0
crash_normal_s1;34400;ASH_COATED_OSMIUM;9999;16;9996;32;;;10039;21;10043;24;;;10019.0;0.0
crash_normal_s1;34500;INTARIAN_PEPPER_ROOT;11210;18;11206;26;;;11232;22;11234;28;;;11221.0;0.0
crash_normal_s1;34500;ASH_COATED_OSMIUM;10017;10;10013;19;;;10021;8;10024;15;;;10019.0;0.0
crash_normal_s1;34600;INTARIAN_PEPPER_ROOT;11219;23;11216;19;;;11223;15;11225;16;;;11221.0;0.0
crash_normal_s1;34600;ASH_COATED_OSMIUM;10006;14;10003;14;;;10020;19;10023;27;;;10013.0;0.0
crash_normal_s1;34700;INTARIAN_PEPPER_ROOT;11220;16;11217;18;;;11222;8;11224;24;;;11221.0;0.0
crash_normal_s1;34700;ASH_COATED_OSMIUM;10012;15;10009;24;;;10014;9;10018;12;;;10013.0;0.0
crash_normal_s1;34800;INTARIAN_PEPPER_ROOT;11220;17;11217;17;;;11224;17;11228;34;;;11222.0;0.0
crash_normal_s1;34800;ASH_COATED_OSMIUM;9997;16;9994;16;;;10029;17;10033;9;;;10013.0;0.0
crash_normal_s1;34900;INTARIAN_PEPPER_ROOT;11213;12;11209;25;;;11229;22;11233;20;;;11221.0;0.0
crash_normal_s1;34900;ASH_COATED_OSMIUM;10017;17;10014;20;;;10019;6;10023;19;;;10018.0;0.0
crash_normal_s1;35000;INTARIAN_PEPPER_ROOT;11222;20;11220;17;;;11224;19;11226;19;;;11223.0;0.0
crash_normal_s1;35000;ASH_COATED_OSMIUM;10016;17;10014;17;;;10020;9;10024;14;;;10018.0;0.0
crash_normal_s1;35100;INTARIAN_PEPPER_ROOT;11224;18;11221;23;;;11226;16;11230;8;;;11225.0;0.0
crash_normal_s1;35100;ASH_COATED_OSMIUM;10011;12;10007;26;;;10027;12;10029;19;;;10019.0;0.0
crash_normal_s1;35200;INTARIAN_PEPPER_ROOT;11225;18;11221;18;;;11227;14;11229;22;;;11226.0;0.0
crash_normal_s1;35200;ASH_COATED_OSMIUM;9989;11;9986;9;;;10047;7;10049;17;;;10018.0;0.0
crash_normal_s1;35300;INTARIAN_PEPPER_ROOT;11221;11;11218;20;;;11235;19;11238;23;;;11228.0;0.0
crash_normal_s1;35300;ASH_COATED_OSMIUM;10016;20;10014;21;;;10018;5;10022;20;;;10017.0;0.0
crash_normal_s1;35400;INTARIAN_PEPPER_ROOT;11218;20;11216;16;;;11236;5;11239;20;;;11227.0;0.0
crash_normal_s1;35400;ASH_COATED_OSMIUM;9997;10;9993;13;;;10041;11;10045;16;;;10019.0;0.0
crash_normal_s1;35500;INTARIAN_PEPPER_ROOT;11220;13;11218;20;;;11232;11;11234;24;;;11226.0;0.0
crash_normal_s1;35500;ASH_COATED_OSMIUM;9999;15;9996;23;;;10039;18;10043;21;;;10019.0;0.0
crash_normal_s1;35600;INTARIAN_PEPPER_ROOT;11223;5;11220;12;;;11231;10;11233;21;;;11227.0;0.0
crash_normal_s1;35600;ASH_COATED_OSMIUM;10008;11;10004;12;;;10022;11;10024;19;;;10015.0;0.0
crash_normal_s1;35700;INTARIAN_PEPPER_ROOT;11215;5;11211;26;;;11239;18;11242;16;;;11227.0;0.0
crash_normal_s1;35700;ASH_COATED_OSMIUM;10015;9;10012;15;;;10017;17;10019;17;;;10016.0;0.0
crash_normal_s1;35800;INTARIAN_PEPPER_ROOT;11225;13;11221;19;;;11227;17;11229;23;;;11226.0;0.0
crash_normal_s1;35800;ASH_COATED_OSMIUM;10011;15;10007;18;;;10019;18;10021;23;;;10015.0;0.0
crash_normal_s1;35900;INTARIAN_PEPPER_ROOT;11221;17;11218;17;;;11231;21;11234;26;;;11226.0;0.0
crash_normal_s1;35900;ASH_COATED_OSMIUM;9987;13;9983;17;;;10047;12;10050;13;;;10017.0;0.0
crash_normal_s1;36000;INTARIAN_PEPPER_ROOT;11210;16;11206;15;;;11240;10;11244;14;;;11225.0;0.0
crash_normal_s1;36000;ASH_COATED_OSMIUM;10013;12;10011;19;;;10017;12;10019;19;;;10015.0;0.0
crash_normal_s1;36100;INTARIAN_PEPPER_ROOT;11227;7;11225;18;;;11229;14;11232;18;;;11228.0;0.0
crash_normal_s1;36100;ASH_COATED_OSMIUM;9966;6;9962;16;;;10054;6;10057;29;;;10010.0;0.0
crash_normal_s1;36200;INTARIAN_PEPPER_ROOT;11221;27;11217;16;;;11229;14;11233;27;;;11225.0;0.0
crash_normal_s1;36200;ASH_COATED_OSMIUM;9994;16;9990;24;;;10028;12;10031;23;;;10011.0;0.0
crash_normal_s1;36300;INTARIAN_PEPPER_ROOT;11224;10;11220;20;;;11226;19;11230;23;;;11225.0;0.0
crash_normal_s1;36300;ASH_COATED_OSMIUM;10005;8;10001;17;;;10007;13;10011;26;;;10006.0;0.0
crash_normal_s1;36400;INTARIAN_PEPPER_ROOT;11225;10;11221;24;;;11227;16;11229;24;;;11226.0;0.0
crash_normal_s1;36400;ASH_COATED_OSMIUM;10007;11;10003;21;;;10009;11;10013;24;;;10008.0;0.0
crash_normal_s1;36500;INTARIAN_PEPPER_ROOT;11210;17;11207;25;;;11246;14;11250;20;;;11228.0;0.0
crash_normal_s1;36500;ASH_COATED_OSMIUM;9985;12;9983;17;;;10025;13;10028;26;;;10005.0;0.0
crash_normal_s1;36600;INTARIAN_PEPPER_ROOT;11228;16;11226;20;;;11230;17;11232;22;;;11229.0;0.0
crash_normal_s1;36600;ASH_COATED_OSMIUM;9997;14;9995;18;;;10003;8;10005;22;;;10000.0;0.0
crash_normal_s1;36700;INTARIAN_PEPPER_ROOT;11219;18;11215;16;;;11231;14;11235;27;;;11225.0;0.0
crash_normal_s1;36700;ASH_COATED_OSMIUM;9993;13;9989;28;;;10011;11;10013;21;;;10002.0;0.0
crash_normal_s1;36800;INTARIAN_PEPPER_ROOT;11220;16;11216;22;;;11232;19;11235;15;;;11226.0;0.0
crash_normal_s1;36800;ASH_COATED_OSMIUM;9990;7;9987;20;;;10014;8;10017;21;;;10002.0;0.0
crash_normal_s1;36900;INTARIAN_PEPPER_ROOT;11216;12;11213;23;;;11238;16;11240;23;;;11227.0;0.0
crash_normal_s1;36900;ASH_COATED_OSMIUM;9986;8;9982;16;;;10012;11;10014;15;;;9999.0;0.0
crash_normal_s1;37000;INTARIAN_PEPPER_ROOT;11225;19;11223;24;;;11229;12;11232;23;;;11227.0;0.0
crash_normal_s1;37000;ASH_COATED_OSMIUM;10000;14;9998;27;;;10004;23;10008;24;;;10002.0;0.0
crash_normal_s1;37100;INTARIAN_PEPPER_ROOT;11226;16;11222;16;;;11228;9;11230;14;;;11227.0;0.0
crash_normal_s1;37100;ASH_COATED_OSMIUM;9984;20;9982;8;;;9998;5;10002;11;;;9991.0;0.0
crash_normal_s1;37200;INTARIAN_PEPPER_ROOT;11215;14;11213;16;;;11243;14;11247;24;;;11229.0;0.0
crash_normal_s1;37200;ASH_COATED_OSMIUM;9980;23;9977;16;;;10000;13;10003;27;;;9990.0;0.0
crash_normal_s1;37300;INTARIAN_PEPPER_ROOT;11224;13;11220;15;;;11234;15;11237;29;;;11229.0;0.0
crash_normal_s1;37300;ASH_COATED_OSMIUM;9974;12;9972;18;;;10002;18;10005;17;;;9988.0;0.0
crash_normal_s1;37400;INTARIAN_PEPPER_ROOT;11222;15;11219;27;;;11244;9;11247;22;;;11233.0;0.0
crash_normal_s1;37400;ASH_COATED_OSMIUM;9957;9;9955;9;;;10021;11;10024;20;;;9989.0;0.0
crash_normal_s1;37500;INTARIAN_PEPPER_ROOT;11231;12;11229;21;;;11239;12;11241;22;;;11235.0;0.0
crash_normal_s1;37500;ASH_COATED_OSMIUM;9982;7;9978;23;;;9992;8;9994;18;;;9987.0;0.0
crash_normal_s1;37600;INTARIAN_PEPPER_ROOT;11236;7;11232;16;;;11244;12;11248;22;;;11240.0;0.0
crash_normal_s1;37600;ASH_COATED_OSMIUM;9980;19;9978;17;;;10000;10;10002;18;;;9990.0;0.0
crash_normal_s1;37700;INTARIAN_PEPPER_ROOT;11238;5;11234;23;;;11240;11;11244;15;;;11239.0;0.0
crash_normal_s1;37700;ASH_COATED_OSMIUM;9988;6;9986;20;;;9994;6;9998;14;;;9991.0;0.0
crash_normal_s1;37800;INTARIAN_PEPPER_ROOT;11235;12;11232;16;;;11237;13;11239;14;;;11236.0;0.0
crash_normal_s1;37800;ASH_COATED_OSMIUM;9985;11;9982;21;;;9997;22;10000;21;;;9991.0;0.0
crash_normal_s1;37900;INTARIAN_PEPPER_ROOT;11236;14;11234;24;;;11238;28;11241;16;;;11237.0;0.0
crash_normal_s1;37900;ASH_COATED_OSMIUM;9989;15;9985;13;;;9999;27;10001;20;;;9994.0;0.0
crash_normal_s1;38000;INTARIAN_PEPPER_ROOT;11226;18;11224;15;;;11254;11;11258;14;;;11240.0;0.0
crash_normal_s1;38000;ASH_COATED_OSMIUM;9988;19;9986;26;;;10004;13;10008;14;;;9996.0;0.0
crash_normal_s1;38100;INTARIAN_PEPPER_ROOT;11235;13;11231;24;;;11245;17;11249;22;;;11240.0;0.0
crash_normal_s1;38100;ASH_COATED_OSMIUM;9986;11;9982;14;;;10004;13;10008;22;;;9995.0;0.0
crash_normal_s1;38200;INTARIAN_PEPPER_ROOT;11231;24;11227;18;;;11245;5;11248;19;;;11238.0;0.0
crash_normal_s1;38200;ASH_COATED_OSMIUM;9995;17;9991;24;;;9997;9;10000;17;;;9996.0;0.0
crash_normal_s1;38300;INTARIAN_PEPPER_ROOT;11236;12;11234;18;;;11238;23;11242;18;;;11237.0;0.0
crash_normal_s1;38300;ASH_COATED_OSMIUM;9994;9;9992;23;;;9996;10;9998;21;;;9995.0;0.0
crash_normal_s1;38400;INTARIAN_PEPPER_ROOT;11230;8;11228;23;;;11248;15;11252;22;;;11239.0;0.0
crash_normal_s1;38400;ASH_COATED_OSMIUM;10001;15;9998;20;;;10003;8;10005;11;;;10002.0;0.0
crash_normal_s1;38500;INTARIAN_PEPPER_ROOT;11236;16;11232;10;;;11242;10;11245;8;;;11239.0;0.0
crash_normal_s1;38500;ASH_COATED_OSMIUM;9987;15;9983;24;;;10009;12;10011;23;;;9998.0;0.0
crash_normal_s1;38600;INTARIAN_PEPPER_ROOT;11221;11;11218;19;;;11259;19;11261;22;;;11240.0;0.0
crash_normal_s1;38600;ASH_COATED_OSMIUM;9998;15;9995;19;;;10006;17;10008;16;;;10002.0;0.0
crash_normal_s1;38700;INTARIAN_PEPPER_ROOT;11219;19;11217;15;;;11259;14;11263;18;;;11239.0;0.0
crash_normal_s1;38700;ASH_COATED_OSMIUM;10001;19;9998;33;;;10003;6;10007;12;;;10002.0;0.0
crash_normal_s1;38800;INTARIAN_PEPPER_ROOT;11237;9;11233;28;;;11239;13;11243;16;;;11238.0;0.0
crash_normal_s1;38800;ASH_COATED_OSMIUM;9993;9;9990;15;;;10007;8;10011;17;;;10000.0;0.0
crash_normal_s1;38900;INTARIAN_PEPPER_ROOT;11233;21;11229;17;;;11243;11;11246;25;;;11238.0;0.0
crash_normal_s1;38900;ASH_COATED_OSMIUM;9993;18;9991;20;;;10007;12;10010;11;;;10000.0;0.0
crash_normal_s1;39000;INTARIAN_PEPPER_ROOT;11232;20;11228;22;;;11240;16;11244;17;;;11236.0;0.0
crash_normal_s1;39000;ASH_COATED_OSMIUM;9996;16;9992;21;;;9998;5;10000;26;;;9997.0;0.0
crash_normal_s1;39100;INTARIAN_PEPPER_ROOT;11232;16;11228;26;;;11246;8;11248;23;;;11239.0;0.0
crash_normal_s1;39100;ASH_COATED_OSMIUM;9994;19;9990;8;;;10004;9;10008;23;;;9999.0;0.0
crash_normal_s1;39200;INTARIAN_PEPPER_ROOT;11227;10;11224;10;;;11251;14;11253;18;;;11239.0;0.0
crash_normal_s1;39200;ASH_COATED_OSMIUM;9990;10;9986;21;;;10004;19;10006;18;;;9997.0;0.0
crash_normal_s1;39300;INTARIAN_PEPPER_ROOT;11232;6;11230;29;;;11248;5;11251;17;;;11240.0;0.0
crash_normal_s1;39300;ASH_COATED_OSMIUM;9994;12;9991;15;;;9996;10;10000;25;;;9995.0;0.0
crash_normal_s1;39400;INTARIAN_PEPPER_ROOT;11237;14;11234;17;;;11239;11;11243;22;;;11238.0;0.0
crash_normal_s1;39400;ASH_COATED_OSMIUM;9995;18;9993;15;;;9999;13;10002;19;;;9997.0;0.0
crash_normal_s1;39500;INTARIAN_PEPPER_ROOT;11226;16;11223;18;;;11256;16;11258;28;;;11241.0;0.0
crash_normal_s1;39500;ASH_COATED_OSMIUM;9988;14;9986;20;;;10008;16;10012;21;;;9998.0;0.0
crash_normal_s1;39600;INTARIAN_PEPPER_ROOT;11231;11;11227;24;;;11245;21;11247;22;;;11238.0;0.0
crash_normal_s1;39600;ASH_COATED_OSMIUM;9995;5;9991;27;;;9999;13;10001;18;;;9997.0;0.0
crash_normal_s1;39700;INTARIAN_PEPPER_ROOT;11233;18;11230;14;;;11247;16;11251;24;;;11240.0;0.0
crash_normal_s1;39700;ASH_COATED_OSMIUM;9985;11;9983;16;;;10011;14;10013;20;;;9998.0;0.0
crash_normal_s1;39800;INTARIAN_PEPPER_ROOT;11215;11;11211;17;;;11267;11;11270;17;;;11241.0;0.0
crash_normal_s1;39800;ASH_COATED_OSMIUM;9998;5;9994;18;;;10006;14;10008;12;;;10002.0;0.0
crash_normal_s1;39900;INTARIAN_PEPPER_ROOT;11244;16;11242;26;;;11246;12;11249;23;;;11245.0;0.0
crash_normal_s1;39900;ASH_COATED_OSMIUM;9983;11;9979;14;;;10021;11;10024;18;;;10002.0;0.0
crash_normal_s1;40000;INTARIAN_PEPPER_ROOT;11235;20;11231;17;;;11251;18;11254;13;;;11243.0;0.0
crash_normal_s1;40000;ASH_COATED_OSMIUM;10000;8;9996;18;;;10006;17;10010;23;;;10003.0;0.0
crash_normal_s1;40100;INTARIAN_PEPPER_ROOT;11232;11;11228;17;;;11256;13;11258;18;;;11244.0;0.0
crash_normal_s1;40100;ASH_COATED_OSMIUM;9986;9;9982;23;;;10012;11;10015;23;;;9999.0;0.0
crash_normal_s1;40200;INTARIAN_PEPPER_ROOT;11244;11;11242;13;;;11246;14;11248;13;;;11245.0;0.0
crash_normal_s1;40200;ASH_COATED_OSMIUM;9998;18;9995;25;;;10004;9;10007;19;;;10001.0;0.0
crash_normal_s1;40300;INTARIAN_PEPPER_ROOT;11246;20;11244;24;;;11252;5;11255;21;;;11249.0;0.0
crash_normal_s1;40300;ASH_COATED_OSMIUM;9994;18;9991;10;;;10004;7;10006;12;;;9999.0;0.0
crash_normal_s1;40400;INTARIAN_PEPPER_ROOT;11242;15;11238;14;;;11256;21;11258;15;;;11249.0;0.0
crash_normal_s1;40400;ASH_COATED_OSMIUM;9996;13;9993;19;;;10000;17;10004;17;;;9998.0;0.0
crash_normal_s1;40500;INTARIAN_PEPPER_ROOT;11238;10;11234;13;;;11260;15;11262;23;;;11249.0;0.0
crash_normal_s1;40500;ASH_COATED_OSMIUM;9985;7;9982;16;;;10015;10;10019;18;;;10000.0;0.0
crash_normal_s1;40600;INTARIAN_PEPPER_ROOT;11224;16;11220;25;;;11266;19;11268;13;;;11245.0;0.0
crash_normal_s1;40600;ASH_COATED_OSMIUM;9998;5;9996;17;;;10006;20;10008;29;;;10002.0;0.0
crash_normal_s1;40700;INTARIAN_PEPPER_ROOT;11238;13;11234;20;;;11250;8;11252;15;;;11244.0;0.0
crash_normal_s1;40700;ASH_COATED_OSMIUM;10005;13;10002;28;;;10007;9;10010;20;;;10006.0;0.0
crash_normal_s1;40800;INTARIAN_PEPPER_ROOT;11241;23;11238;20;;;11249;22;11251;25;;;11245.0;0.0
crash_normal_s1;40800;ASH_COATED_OSMIUM;9998;24;9995;24;;;10010;17;10014;19;;;10004.0;0.0
crash_normal_s1;40900;INTARIAN_PEPPER_ROOT;11245;19;11241;13;;;11251;9;11254;27;;;11248.0;0.0
crash_normal_s1;40900;ASH_COATED_OSMIUM;10000;16;9996;22;;;10012;14;10016;15;;;10006.0;0.0
crash_normal_s1;41000;INTARIAN_PEPPER_ROOT;11241;11;11237;17;;;11255;18;11257;25;;;11248.0;0.0
crash_normal_s1;41000;ASH_COATED_OSMIUM;10002;16;9998;24;;;10004;22;10006;22;;;10003.0;0.0
crash_normal_s1;41100;INTARIAN_PEPPER_ROOT;11243;20;11240;24;;;11261;18;11263;17;;;11252.0;0.0
crash_normal_s1;41100;ASH_COATED_OSMIUM;10007;6;10003;21;;;10011;6;10015;17;;;10009.0;0.0
crash_normal_s1;41200;INTARIAN_PEPPER_ROOT;11255;5;11252;16;;;11257;15;11261;15;;;11256.0;0.0
crash_normal_s1;41200;ASH_COATED_OSMIUM;10008;5;10005;30;;;10010;5;10013;24;;;10009.0;0.0
crash_normal_s1;41300;INTARIAN_PEPPER_ROOT;11251;13;11247;24;;;11263;22;11265;19;;;11257.0;0.0
crash_normal_s1;41300;ASH_COATED_OSMIUM;10002;14;10000;28;;;10012;9;10015;20;;;10007.0;0.0
crash_normal_s1;41400;INTARIAN_PEPPER_ROOT;11251;14;11248;21;;;11253;5;11255;19;;;11252.0;0.0
crash_normal_s1;41400;ASH_COATED_OSMIUM;10001;21;9999;17;;;10003;8;10005;16;;;10002.0;0.0
crash_normal_s1;41500;INTARIAN_PEPPER_ROOT;11244;15;11242;22;;;11254;12;11256;13;;;11249.0;0.0
crash_normal_s1;41500;ASH_COATED_OSMIUM;10004;14;10001;15;;;10006;19;10009;22;;;10005.0;0.0
crash_normal_s1;41600;INTARIAN_PEPPER_ROOT;11242;16;11238;15;;;11254;7;11256;20;;;11248.0;0.0
crash_normal_s1;41600;ASH_COATED_OSMIUM;10006;5;10004;18;;;10008;16;10011;17;;;10007.0;0.0
crash_normal_s1;41700;INTARIAN_PEPPER_ROOT;11245;20;11242;22;;;11257;13;11259;22;;;11251.0;0.0
crash_normal_s1;41700;ASH_COATED_OSMIUM;9993;7;9991;17;;;10013;13;10017;24;;;10003.0;0.0
crash_normal_s1;41800;INTARIAN_PEPPER_ROOT;11241;13;11237;22;;;11263;10;11267;27;;;11252.0;0.0
crash_normal_s1;41800;ASH_COATED_OSMIUM;10003;6;10000;23;;;10005;8;10008;25;;;10004.0;0.0
crash_normal_s1;41900;INTARIAN_PEPPER_ROOT;11245;14;11242;24;;;11253;14;11255;12;;;11249.0;0.0
crash_normal_s1;41900;ASH_COATED_OSMIUM;9995;16;9992;22;;;10011;16;10013;8;;;10003.0;0.0
crash_normal_s1;42000;INTARIAN_PEPPER_ROOT;11244;17;11241;15;;;11252;13;11256;20;;;11248.0;0.0
crash_normal_s1;42000;ASH_COATED_OSMIUM;9986;6;9983;17;;;10024;17;10027;16;;;10005.0;0.0
crash_normal_s1;42100;INTARIAN_PEPPER_ROOT;11250;14;11246;20;;;11256;14;11258;21;;;11253.0;0.0
crash_normal_s1;42100;ASH_COATED_OSMIUM;10001;8;9998;15;;;10003;14;10006;9;;;10002.0;0.0
crash_normal_s1;42200;INTARIAN_PEPPER_ROOT;11247;9;11244;12;;;11257;18;11261;27;;;11252.0;0.0
crash_normal_s1;42200;ASH_COATED_OSMIUM;9980;6;9978;26;;;10010;8;10012;23;;;9995.0;0.0
crash_normal_s1;42300;INTARIAN_PEPPER_ROOT;11251;22;11249;12;;;11253;12;11256;12;;;11252.0;0.0
crash_normal_s1;42300;ASH_COATED_OSMIUM;9995;7;9992;24;;;10001;18;10004;16;;;9998.0;0.0
crash_normal_s1;42400;INTARIAN_PEPPER_ROOT;11251;15;11247;26;;;11259;8;11262;26;;;11255.0;0.0
crash_normal_s1;42400;ASH_COATED_OSMIUM;9994;9;9992;25;;;9996;16;10000;18;;;9995.0;0.0
crash_normal_s1;42500;INTARIAN_PEPPER_ROOT;11248;16;11244;21;;;11264;25;11267;12;;;11256.0;0.0
crash_normal_s1;42500;ASH_COATED_OSMIUM;9981;9;9979;29;;;10007;15;10009;16;;;9994.0;0.0
crash_normal_s1;42600;INTARIAN_PEPPER_ROOT;11250;15;11247;21;;;11260;19;11262;10;;;11255.0;0.0
crash_normal_s1;42600;ASH_COATED_OSMIUM;9982;19;9979;15;;;10004;13;10008;20;;;9993.0;0.0
crash_normal_s1;42700;INTARIAN_PEPPER_ROOT;11256;13;11252;17;;;11258;24;11262;21;;;11257.0;0.0
crash_normal_s1;42700;ASH_COATED_OSMIUM;9987;5;9984;23;;;9989;26;9991;25;;;9988.0;0.0
crash_normal_s1;42800;INTARIAN_PEPPER_ROOT;11252;10;11248;15;;;11264;11;11267;20;;;11258.0;0.0
crash_normal_s1;42800;ASH_COATED_OSMIUM;9966;9;9962;29;;;10006;10;10008;15;;;9986.0;0.0
crash_normal_s1;42900;INTARIAN_PEPPER_ROOT;11235;18;11231;20;;;11279;5;11281;17;;;11257.0;0.0
crash_normal_s1;42900;ASH_COATED_OSMIUM;9975;8;9973;28;;;9993;15;9997;13;;;9984.0;0.0
crash_normal_s1;43000;INTARIAN_PEPPER_ROOT;11245;13;11242;28;;;11275;19;11279;15;;;11260.0;0.0
crash_normal_s1;43000;ASH_COATED_OSMIUM;9977;10;9973;13;;;9995;14;9998;20;;;9986.0;0.0
crash_normal_s1;43100;INTARIAN_PEPPER_ROOT;11244;15;11242;19;;;11280;11;11282;20;;;11262.0;0.0
crash_normal_s1;43100;ASH_COATED_OSMIUM;9982;11;9979;17;;;9986;20;9990;20;;;9984.0;0.0
crash_normal_s1;43200;INTARIAN_PEPPER_ROOT;11263;17;11259;18;;;11267;17;11270;18;;;11265.0;0.0
crash_normal_s1;43200;ASH_COATED_OSMIUM;9985;9;9983;18;;;9993;16;9996;13;;;9989.0;0.0
crash_normal_s1;43300;INTARIAN_PEPPER_ROOT;11240;14;11238;15;;;11292;14;11296;26;;;11266.0;0.0
crash_normal_s1;43300;ASH_COATED_OSMIUM;9976;13;9974;21;;;10002;7;10004;19;;;9989.0;0.0
crash_normal_s1;43400;INTARIAN_PEPPER_ROOT;11265;14;11262;17;;;11271;8;11273;22;;;11268.0;0.0
crash_normal_s1;43400;ASH_COATED_OSMIUM;9972;20;9968;26;;;10008;15;10011;17;;;9990.0;0.0
crash_normal_s1;43500;INTARIAN_PEPPER_ROOT;11268;15;11265;22;;;11270;15;11273;18;;;11269.0;0.0
crash_normal_s1;43500;ASH_COATED_OSMIUM;9976;17;9973;23;;;10004;5;10006;13;;;9990.0;0.0
crash_normal_s1;43600;INTARIAN_PEPPER_ROOT;11267;16;11263;16;;;11273;10;11277;15;;;11270.0;0.0
crash_normal_s1;43600;ASH_COATED_OSMIUM;9980;12;9976;18;;;9990;13;9993;17;;;9985.0;0.0
crash_normal_s1;43700;INTARIAN_PEPPER_ROOT;11266;18;11264;10;;;11278;27;11280;27;;;11272.0;0.0
crash_normal_s1;43700;ASH_COATED_OSMIUM;9979;15;9977;23;;;9997;9;10001;17;;;9988.0;0.0
crash_normal_s1;43800;INTARIAN_PEPPER_ROOT;11274;13;11270;30;;;11276;19;11279;21;;;11275.0;0.0
crash_normal_s1;43800;ASH_COATED_OSMIUM;9965;17;9963;19;;;10011;8;10015;16;;;9988.0;0.0
crash_normal_s1;43900;INTARIAN_PEPPER_ROOT;11277;5;11275;14;;;11279;7;11281;17;;;11278.0;0.0
crash_normal_s1;43900;ASH_COATED_OSMIUM;9990;15;9986;26;;;9994;15;9996;19;;;9992.0;0.0
crash_normal_s1;44000;INTARIAN_PEPPER_ROOT;11275;12;11271;13;;;11285;19;11289;22;;;11280.0;0.0
crash_normal_s1;44000;ASH_COATED_OSMIUM;9994;14;9991;26;;;9998;7;10000;13;;;9996.0;0.0
crash_normal_s1;44100;INTARIAN_PEPPER_ROOT;11276;15;11272;18;;;11278;15;11281;20;;;11277.0;0.0
crash_normal_s1;44100;ASH_COATED_OSMIUM;9985;15;9982;16;;;10001;11;10003;18;;;9993.0;0.0
crash_normal_s1;44200;INTARIAN_PEPPER_ROOT;11267;13;11265;18;;;11285;12;11287;16;;;11276.0;0.0
crash_normal_s1;44200;ASH_COATED_OSMIUM;9990;12;9986;25;;;9998;7;10002;15;;;9994.0;0.0
crash_normal_s1;44300;INTARIAN_PEPPER_ROOT;11268;9;11265;19;;;11290;18;11294;21;;;11279.0;0.0
crash_normal_s1;44300;ASH_COATED_OSMIUM;9992;12;9989;23;;;10000;11;10002;18;;;9996.0;0.0
crash_normal_s1;44400;INTARIAN_PEPPER_ROOT;11272;10;11268;19;;;11286;15;11290;22;;;11279.0;0.0
crash_normal_s1;44400;ASH_COATED_OSMIUM;9990;17;9987;25;;;10006;12;10009;22;;;9998.0;0.0
crash_normal_s1;44500;INTARIAN_PEPPER_ROOT;11260;23;11256;17;;;11300;17;11303;21;;;11280.0;0.0
crash_normal_s1;44500;ASH_COATED_OSMIUM;9992;7;9990;20;;;10002;27;10006;25;;;9997.0;0.0
crash_normal_s1;44600;INTARIAN_PEPPER_ROOT;11277;14;11273;22;;;11279;16;11283;18;;;11278.0;0.0
crash_normal_s1;44600;ASH_COATED_OSMIUM;9993;11;9991;16;;;10003;13;10006;22;;;9998.0;0.0
crash_normal_s1;44700;INTARIAN_PEPPER_ROOT;11276;18;11272;17;;;11286;14;11289;25;;;11281.0;0.0
crash_normal_s1;44700;ASH_COATED_OSMIUM;9982;8;9980;21;;;10006;14;10009;16;;;9994.0;0.0
crash_normal_s1;44800;INTARIAN_PEPPER_ROOT;11275;14;11272;21;;;11287;9;11289;20;;;11281.0;0.0
crash_normal_s1;44800;ASH_COATED_OSMIUM;9990;6;9988;12;;;9996;9;10000;21;;;9993.0;0.0
crash_normal_s1;44900;INTARIAN_PEPPER_ROOT;11283;13;11281;27;;;11285;13;11288;29;;;11284.0;0.0
crash_normal_s1;44900;ASH_COATED_OSMIUM;9989;15;9985;24;;;10001;25;10005;24;;;9995.0;0.0
crash_normal_s1;45000;INTARIAN_PEPPER_ROOT;11281;15;11277;15;;;11287;16;11290;22;;;11284.0;0.0
crash_normal_s1;45000;ASH_COATED_OSMIUM;9995;15;9993;18;;;9999;19;10003;21;;;9997.0;0.0
crash_normal_s1;45100;INTARIAN_PEPPER_ROOT;11257;5;11255;25;;;11317;17;11321;21;;;11287.0;0.0
crash_normal_s1;45100;ASH_COATED_OSMIUM;9988;13;9984;16;;;10012;9;10015;17;;;10000.0;0.0
crash_normal_s1;45200;INTARIAN_PEPPER_ROOT;11286;8;11282;13;;;11292;14;11295;18;;;11289.0;0.0
crash_normal_s1;45200;ASH_COATED_OSMIUM;9964;8;9962;21;;;10036;14;10040;26;;;10000.0;0.0
crash_normal_s1;45300;INTARIAN_PEPPER_ROOT;11286;11;11284;11;;;11290;12;11293;19;;;11288.0;0.0
crash_normal_s1;45300;ASH_COATED_OSMIUM;10001;5;9997;18;;;10003;20;10006;16;;;10002.0;0.0
crash_normal_s1;45400;INTARIAN_PEPPER_ROOT;11287;19;11285;16;;;11293;7;11295;26;;;11290.0;0.0
crash_normal_s1;45400;ASH_COATED_OSMIUM;9981;11;9977;19;;;10031;9;10035;16;;;10006.0;0.0
crash_normal_s1;45500;INTARIAN_PEPPER_ROOT;11282;7;11280;19;;;11296;20;11300;22;;;11289.0;0.0
crash_normal_s1;45500;ASH_COATED_OSMIUM;10000;9;9996;24;;;10010;14;10013;18;;;10005.0;0.0
crash_normal_s1;45600;INTARIAN_PEPPER_ROOT;11285;15;11281;26;;;11291;15;11293;9;;;11288.0;0.0
crash_normal_s1;45600;ASH_COATED_OSMIUM;9999;16;9995;17;;;10011;18;10015;17;;;10005.0;0.0
crash_normal_s1;45700;INTARIAN_PEPPER_ROOT;11288;8;11285;23;;;11292;10;11296;19;;;11290.0;0.0
crash_normal_s1;45700;ASH_COATED_OSMIUM;10001;5;9997;26;;;10003;5;10007;17;;;10002.0;0.0
crash_normal_s1;45800;INTARIAN_PEPPER_ROOT;11282;8;11278;23;;;11296;17;11299;18;;;11289.0;0.0
crash_normal_s1;45800;ASH_COATED_OSMIUM;9987;14;9985;17;;;10017;6;10019;21;;;10002.0;0.0
crash_normal_s1;45900;INTARIAN_PEPPER_ROOT;11286;17;11282;20;;;11290;11;11293;13;;;11288.0;0.0
crash_normal_s1;45900;ASH_COATED_OSMIUM;9994;18;9992;15;;;9998;7;10002;22;;;9996.0;0.0
crash_normal_s1;46000;INTARIAN_PEPPER_ROOT;11283;7;11281;17;;;11295;16;11297;20;;;11289.0;0.0
crash_normal_s1;46000;ASH_COATED_OSMIUM;9991;13;9987;26;;;10005;18;10007;20;;;9998.0;0.0
crash_normal_s1;46100;INTARIAN_PEPPER_ROOT;11286;9;11283;13;;;11288;15;11292;18;;;11287.0;0.0
crash_normal_s1;46100;ASH_COATED_OSMIUM;9979;9;9976;27;;;10017;19;10021;21;;;9998.0;0.0
crash_normal_s1;46200;INTARIAN_PEPPER_ROOT;11280;19;11277;24;;;11298;12;11300;8;;;11289.0;0.0
crash_normal_s1;46200;ASH_COATED_OSMIUM;9986;8;9983;21;;;10004;8;10008;20;;;9995.0;0.0
crash_normal_s1;46300;INTARIAN_PEPPER_ROOT;11288;11;11284;19;;;11294;13;11298;26;;;11291.0;0.0
crash_normal_s1;46300;ASH_COATED_OSMIUM;9994;5;9991;20;;;10014;5;10016;9;;;10004.0;0.0
crash_normal_s1;46400;INTARIAN_PEPPER_ROOT;11290;7;11287;22;;;11292;17;11296;10;;;11291.0;0.0
crash_normal_s1;46400;ASH_COATED_OSMIUM;10000;16;9996;16;;;10006;7;10010;35;;;10003.0;0.0
crash_normal_s1;46500;INTARIAN_PEPPER_ROOT;11284;16;11282;16;;;11300;15;11302;15;;;11292.0;0.0
crash_normal_s1;46500;ASH_COATED_OSMIUM;9980;12;9976;22;;;10020;14;10022;13;;;10000.0;0.0
crash_normal_s1;46600;INTARIAN_PEPPER_ROOT;11292;8;11289;14;;;11294;15;11296;21;;;11293.0;0.0
crash_normal_s1;46600;ASH_COATED_OSMIUM;10001;8;9997;26;;;10003;10;10005;8;;;10002.0;0.0
crash_normal_s1;46700;INTARIAN_PEPPER_ROOT;11292;11;11289;19;;;11304;15;11308;19;;;11298.0;0.0
crash_normal_s1;46700;ASH_COATED_OSMIUM;9991;20;9988;22;;;10017;15;10019;18;;;10004.0;0.0
crash_normal_s1;46800;INTARIAN_PEPPER_ROOT;11289;8;11287;18;;;11311;9;11315;15;;;11300.0;0.0
crash_normal_s1;46800;ASH_COATED_OSMIUM;9984;9;9982;19;;;10026;16;10029;16;;;10005.0;0.0
crash_normal_s1;46900;INTARIAN_PEPPER_ROOT;11292;17;11289;18;;;11306;22;11309;19;;;11299.0;0.0
crash_normal_s1;46900;ASH_COATED_OSMIUM;9994;11;9990;23;;;10002;11;10004;16;;;9998.0;0.0
crash_normal_s1;47000;INTARIAN_PEPPER_ROOT;11300;13;11297;17;;;11302;18;11305;15;;;11301.0;0.0
crash_normal_s1;47000;ASH_COATED_OSMIUM;9992;18;9988;17;;;10008;10;10011;20;;;10000.0;0.0
crash_normal_s1;47100;INTARIAN_PEPPER_ROOT;11290;13;11287;24;;;11312;14;11314;22;;;11301.0;0.0
crash_normal_s1;47100;ASH_COATED_OSMIUM;9993;18;9991;23;;;9995;12;9997;21;;;9994.0;0.0
crash_normal_s1;47200;INTARIAN_PEPPER_ROOT;11274;5;11272;19;;;11328;6;11331;9;;;11301.0;0.0
crash_normal_s1;47200;ASH_COATED_OSMIUM;9980;15;9976;22;;;10022;19;10025;15;;;10001.0;0.0
crash_normal_s1;47300;INTARIAN_PEPPER_ROOT;11305;15;11301;18;;;11307;10;11310;21;;;11306.0;0.0
crash_normal_s1;47300;ASH_COATED_OSMIUM;9997;14;9995;13;;;10005;17;10008;18;;;10001.0;0.0
crash_normal_s1;47400;INTARIAN_PEPPER_ROOT;11299;8;11296;21;;;11313;28;11315;21;;;11306.0;0.0
crash_normal_s1;47400;ASH_COATED_OSMIUM;9997;11;9993;23;;;10013;8;10017;23;;;10005.0;0.0
crash_normal_s1;47500;INTARIAN_PEPPER_ROOT;11290;18;11287;25;;;11320;22;11322;19;;;11305.0;0.0
crash_normal_s1;47500;ASH_COATED_OSMIUM;10001;13;9998;25;;;10011;10;10013;18;;;10006.0;0.0
crash_normal_s1;47600;INTARIAN_PEPPER_ROOT;11301;13;11299;17;;;11303;15;11305;20;;;11302.0;0.0
crash_normal_s1;47600;ASH_COATED_OSMIUM;9992;12;9990;12;;;10034;14;10037;14;;;10013.0;0.0
crash_normal_s1;47700;INTARIAN_PEPPER_ROOT;11297;12;11293;18;;;11301;16;11305;17;;;11299.0;0.0
crash_normal_s1;47700;ASH_COATED_OSMIUM;10011;6;10008;24;;;10015;9;10017;21;;;10013.0;0.0
crash_normal_s1;47800;INTARIAN_PEPPER_ROOT;11299;21;11297;26;;;11301;15;11305;27;;;11300.0;0.0
crash_normal_s1;47800;ASH_COATED_OSMIUM;9998;16;9996;14;;;10024;9;10027;20;;;10011.0;0.0
crash_normal_s1;47900;INTARIAN_PEPPER_ROOT;11299;17;11297;17;;;11301;12;11304;17;;;11300.0;0.0
crash_normal_s1;47900;ASH_COATED_OSMIUM;10011;8;10009;12;;;10017;21;10019;12;;;10014.0;0.0
crash_normal_s1;48000;INTARIAN_PEPPER_ROOT;11300;8;11298;18;;;11302;7;11306;25;;;11301.0;0.0
crash_normal_s1;48000;ASH_COATED_OSMIUM;10009;8;10006;17;;;10015;9;10018;27;;;10012.0;0.0
crash_normal_s1;48100;INTARIAN_PEPPER_ROOT;11295;8;11292;22;;;11305;9;11308;24;;;11300.0;0.0
crash_normal_s1;48100;ASH_COATED_OSMIUM;10014;14;10011;20;;;10018;6;10021;20;;;10016.0;0.0
crash_normal_s1;48200;INTARIAN_PEPPER_ROOT;11298;18;11296;22;;;11300;13;11304;21;;;11299.0;0.0
crash_normal_s1;48200;ASH_COATED_OSMIUM;10009;13;10006;17;;;10027;5;10030;27;;;10018.0;0.0
crash_normal_s1;48300;INTARIAN_PEPPER_ROOT;11296;16;11293;17;;;11304;18;11307;23;;;11300.0;0.0
crash_normal_s1;48300;ASH_COATED_OSMIUM;10008;13;10005;18;;;10030;13;10032;17;;;10019.0;0.0
crash_normal_s1;48400;INTARIAN_PEPPER_ROOT;11294;19;11291;24;;;11314;20;11317;29;;;11304.0;0.0
crash_normal_s1;48400;ASH_COATED_OSMIUM;10014;11;10010;22;;;10020;8;10023;12;;;10017.0;0.0
crash_normal_s1;48500;INTARIAN_PEPPER_ROOT;11302;11;11298;8;;;11308;19;11312;27;;;11305.0;0.0
crash_normal_s1;48500;ASH_COATED_OSMIUM;10015;11;10011;16;;;10017;12;10019;18;;;10016.0;0.0
crash_normal_s1;48600;INTARIAN_PEPPER_ROOT;11304;24;11302;19;;;11314;26;11316;15;;;11309.0;0.0
crash_normal_s1;48600;ASH_COATED_OSMIUM;10011;5;10009;25;;;10013;21;10016;13;;;10012.0;0.0
crash_normal_s1;48700;INTARIAN_PEPPER_ROOT;11304;11;11300;24;;;11320;11;11324;21;;;11312.0;0.0
crash_normal_s1;48700;ASH_COATED_OSMIUM;10009;12;10005;22;;;10013;17;10017;16;;;10011.0;0.0
crash_normal_s1;48800;INTARIAN_PEPPER_ROOT;11309;8;11305;28;;;11321;17;11325;13;;;11315.0;0.0
crash_normal_s1;48800;ASH_COATED_OSMIUM;10010;15;10006;24;;;10012;18;10016;22;;;10011.0;0.0
crash_normal_s1;48900;INTARIAN_PEPPER_ROOT;11306;29;11304;23;;;11322;10;11325;20;;;11314.0;0.0
crash_normal_s1;48900;ASH_COATED_OSMIUM;10006;19;10002;17;;;10016;8;10020;23;;;10011.0;0.0
crash_normal_s1;49000;INTARIAN_PEPPER_ROOT;11313;19;11311;22;;;11315;15;11319;20;;;11314.0;0.0
crash_normal_s1;49000;ASH_COATED_OSMIUM;10008;11;10006;23;;;10018;11;10020;17;;;10013.0;0.0
crash_normal_s1;49100;INTARIAN_PEPPER_ROOT;11311;15;11309;17;;;11321;30;11324;16;;;11316.0;0.0
crash_normal_s1;49100;ASH_COATED_OSMIUM;10004;9;10000;22;;;10016;11;10019;14;;;10010.0;0.0
crash_normal_s1;49200;INTARIAN_PEPPER_ROOT;11308;13;11305;30;;;11324;12;11328;18;;;11316.0;0.0
crash_normal_s1;49200;ASH_COATED_OSMIUM;10007;9;10005;18;;;10017;6;10021;20;;;10012.0;0.0
crash_normal_s1;49300;INTARIAN_PEPPER_ROOT;11312;25;11308;8;;;11322;20;11325;16;;;11317.0;0.0
crash_normal_s1;49300;ASH_COATED_OSMIUM;9998;7;9996;12;;;10022;16;10026;25;;;10010.0;0.0
crash_normal_s1;49400;INTARIAN_PEPPER_ROOT;11311;18;11307;13;;;11319;20;11323;15;;;11315.0;0.0
crash_normal_s1;49400;ASH_COATED_OSMIUM;10006;17;10002;11;;;10018;5;10022;16;;;10012.0;0.0
crash_normal_s1;49500;INTARIAN_PEPPER_ROOT;11285;12;11283;20;;;11341;11;11344;23;;;11313.0;0.0
crash_normal_s1;49500;ASH_COATED_OSMIUM;10007;11;10005;14;;;10013;5;10017;13;;;10010.0;0.0
crash_normal_s1;49600;INTARIAN_PEPPER_ROOT;11312;11;11310;19;;;11318;23;11321;23;;;11315.0;0.0
crash_normal_s1;49600;ASH_COATED_OSMIUM;10005;12;10003;21;;;10027;15;10029;23;;;10016.0;0.0
crash_normal_s1;49700;INTARIAN_PEPPER_ROOT;11307;9;11304;26;;;11315;10;11318;16;;;11311.0;0.0
crash_normal_s1;49700;ASH_COATED_OSMIUM;10010;12;10007;19;;;10012;19;10014;23;;;10011.0;0.0
crash_normal_s1;49800;INTARIAN_PEPPER_ROOT;11299;22;11295;20;;;11319;14;11322;22;;;11309.0;0.0
crash_normal_s1;49800;ASH_COATED_OSMIUM;9991;7;9989;17;;;10039;13;10043;22;;;10015.0;0.0
crash_normal_s1;49900;INTARIAN_PEPPER_ROOT;11307;22;11303;23;;;11313;12;11315;14;;;11310.0;0.0
crash_normal_s1;49900;ASH_COATED_OSMIUM;9997;13;9995;8;;;10033;17;10035;15;;;10015.0;0.0
crash_normal_s1;50000;INTARIAN_PEPPER_ROOT;11303;10;11300;24;;;11311;11;11314;17;;;11307.0;0.0
crash_normal_s1;50000;ASH_COATED_OSMIUM;10016;17;10014;18;;;10022;12;10025;22;;;10019.0;0.0
crash_normal_s1;50100;INTARIAN_PEPPER_ROOT;11306;26;11302;23;;;11308;9;11312;24;;;11307.0;0.0
crash_normal_s1;50100;ASH_COATED_OSMIUM;10007;9;10003;21;;;10023;11;10026;23;;;10015.0;0.0
crash_normal_s1;50200;INTARIAN_PEPPER_ROOT;11301;5;11299;12;;;11311;15;11314;21;;;11306.0;0.0
crash_normal_s1;50200;ASH_COATED_OSMIUM;9993;16;9991;22;;;10019;14;10021;23;;;10006.0;0.0
crash_normal_s1;50300;INTARIAN_PEPPER_ROOT;11300;18;11298;18;;;11312;24;11316;18;;;11306.0;0.0
crash_normal_s1;50300;ASH_COATED_OSMIUM;10007;5;10004;18;;;10009;10;10013;8;;;10008.0;0.0
crash_normal_s1;50400;INTARIAN_PEPPER_ROOT;11290;15;11286;20;;;11322;20;11326;26;;;11306.0;0.0
crash_normal_s1;50400;ASH_COATED_OSMIUM;10004;12;10000;13;;;10008;22;10012;17;;;10006.0;0.0
crash_normal_s1;50500;INTARIAN_PEPPER_ROOT;11290;20;11288;10;;;11324;5;11328;20;;;11307.0;0.0
crash_normal_s1;50500;ASH_COATED_OSMIUM;9985;10;9983;25;;;10027;5;10029;28;;;10006.0;0.0
crash_normal_s1;50600;INTARIAN_PEPPER_ROOT;11300;14;11297;15;;;11312;5;11316;20;;;11306.0;0.0
crash_normal_s1;50600;ASH_COATED_OSMIUM;10009;6;10005;17;;;10015;16;10017;23;;;10012.0;0.0
crash_normal_s1;50700;INTARIAN_PEPPER_ROOT;11302;17;11299;16;;;11312;12;11314;25;;;11307.0;0.0
crash_normal_s1;50700;ASH_COATED_OSMIUM;10008;10;10006;22;;;10014;7;10017;32;;;10011.0;0.0
crash_normal_s1;50800;INTARIAN_PEPPER_ROOT;11303;21;11301;21;;;11309;21;11312;18;;;11306.0;0.0
crash_normal_s1;50800;ASH_COATED_OSMIUM;10013;11;10009;19;;;10015;17;10019;26;;;10014.0;0.0
crash_normal_s1;50900;INTARIAN_PEPPER_ROOT;11294;20;11292;25;;;11322;22;11326;14;;;11308.0;0.0
crash_normal_s1;50900;ASH_COATED_OSMIUM;10010;20;10007;19;;;10016;10;10020;15;;;10013.0;0.0
crash_normal_s1;51000;INTARIAN_PEPPER_ROOT;11291;14;11289;13;;;11333;10;11336;26;;;11312.0;0.0
crash_normal_s1;51000;ASH_COATED_OSMIUM;10017;11;10013;19;;;10019;8;10021;24;;;10018.0;0.0
crash_normal_s1;51100;INTARIAN_PEPPER_ROOT;11305;13;11303;29;;;11321;20;11325;20;;;11313.0;0.0
crash_normal_s1;51100;ASH_COATED_OSMIUM;9993;17;9991;10;;;10031;12;10034;18;;;10012.0;0.0
crash_normal_s1;51200;INTARIAN_PEPPER_ROOT;11313;8;11310;17;;;11315;14;11318;23;;;11314.0;0.0
crash_normal_s1;51200;ASH_COATED_OSMIUM;10010;9;10006;24;;;10014;22;10016;23;;;10012.0;0.0
crash_normal_s1;51300;INTARIAN_PEPPER_ROOT;11303;11;11301;22;;;11321;15;11325;11;;;11312.0;0.0
crash_normal_s1;51300;ASH_COATED_OSMIUM;10011;7;10007;18;;;10013;11;10017;13;;;10012.0;0.0
crash_normal_s1;51400;INTARIAN_PEPPER_ROOT;11313;20;11309;22;;;11315;24;11319;12;;;11314.0;0.0
crash_normal_s1;51400;ASH_COATED_OSMIUM;9990;14;9987;27;;;10034;5;10037;19;;;10012.0;0.0
crash_normal_s1;51500;INTARIAN_PEPPER_ROOT;11303;16;11301;23;;;11323;18;11325;20;;;11313.0;0.0
crash_normal_s1;51500;ASH_COATED_OSMIUM;9988;18;9984;22;;;10026;13;10028;21;;;10007.0;0.0
crash_normal_s1;51600;INTARIAN_PEPPER_ROOT;11308;11;11305;23;;;11316;10;11320;21;;;11312.0;0.0
crash_normal_s1;51600;ASH_COATED_OSMIUM;9993;7;9989;24;;;10013;13;10015;23;;;10003.0;0.0
crash_normal_s1;51700;INTARIAN_PEPPER_ROOT;11302;17;11300;16;;;11324;9;11326;21;;;11313.0;0.0
crash_normal_s1;51700;ASH_COATED_OSMIUM;10001;11;9999;17;;;10003;18;10006;16;;;10002.0;0.0
crash_normal_s1;51800;INTARIAN_PEPPER_ROOT;11313;5;11310;15;;;11315;13;11319;23;;;11314.0;0.0
crash_normal_s1;51800;ASH_COATED_OSMIUM;9995;6;9993;21;;;10013;9;10017;29;;;10004.0;0.0
crash_normal_s1;51900;INTARIAN_PEPPER_ROOT;11303;9;11301;22;;;11331;7;11334;29;;;11317.0;0.0
crash_normal_s1;51900;ASH_COATED_OSMIUM;9986;14;9984;16;;;10026;10;10030;18;;;10006.0;0.0
crash_normal_s1;52000;INTARIAN_PEPPER_ROOT;11316;6;11312;19;;;11326;11;11329;19;;;11321.0;0.0
crash_normal_s1;52000;ASH_COATED_OSMIUM;9999;11;9996;17;;;10015;11;10018;21;;;10007.0;0.0
crash_normal_s1;52100;INTARIAN_PEPPER_ROOT;11315;14;11312;20;;;11325;9;11328;18;;;11320.0;0.0
crash_normal_s1;52100;ASH_COATED_OSMIUM;10008;10;10006;24;;;10010;13;10013;18;;;10009.0;0.0
crash_normal_s1;52200;INTARIAN_PEPPER_ROOT;11318;5;11316;18;;;11322;19;11324;19;;;11320.0;0.0
crash_normal_s1;52200;ASH_COATED_OSMIUM;10004;10;10001;15;;;10006;15;10009;25;;;10005.0;0.0
crash_normal_s1;52300;INTARIAN_PEPPER_ROOT;11318;15;11315;17;;;11332;12;11336;23;;;11325.0;0.0
crash_normal_s1;52300;ASH_COATED_OSMIUM;10002;7;9999;12;;;10014;8;10018;14;;;10008.0;0.0
crash_normal_s1;52400;INTARIAN_PEPPER_ROOT;11320;14;11316;12;;;11334;7;11337;17;;;11327.0;0.0
crash_normal_s1;52400;ASH_COATED_OSMIUM;9992;5;9988;24;;;10016;5;10019;24;;;10004.0;0.0
crash_normal_s1;52500;INTARIAN_PEPPER_ROOT;11317;14;11313;21;;;11341;13;11344;14;;;11329.0;0.0
crash_normal_s1;52500;ASH_COATED_OSMIUM;10007;13;10005;29;;;10009;9;10012;15;;;10008.0;0.0
crash_normal_s1;52600;INTARIAN_PEPPER_ROOT;11331;10;11329;16;;;11333;19;11337;28;;;11332.0;0.0
crash_normal_s1;52600;ASH_COATED_OSMIUM;10000;15;9996;19;;;10022;14;10024;24;;;10011.0;0.0
crash_normal_s1;52700;INTARIAN_PEPPER_ROOT;11329;9;11325;13;;;11333;11;11337;9;;;11331.0;0.0
crash_normal_s1;52700;ASH_COATED_OSMIUM;10010;19;10006;18;;;10014;15;10017;24;;;10012.0;0.0
crash_normal_s1;52800;INTARIAN_PEPPER_ROOT;11331;9;11328;27;;;11335;16;11338;13;;;11333.0;0.0
crash_normal_s1;52800;ASH_COATED_OSMIUM;10009;18;10006;21;;;10011;6;10014;23;;;10010.0;0.0
crash_normal_s1;52900;INTARIAN_PEPPER_ROOT;11328;15;11324;17;;;11344;17;11347;24;;;11336.0;0.0
crash_normal_s1;52900;ASH_COATED_OSMIUM;9982;9;9978;17;;;10032;11;10035;27;;;10007.0;0.0
crash_normal_s1;53000;INTARIAN_PEPPER_ROOT;11340;17;11337;14;;;11342;13;11344;18;;;11341.0;0.0
crash_normal_s1;53000;ASH_COATED_OSMIUM;10007;5;10004;22;;;10009;9;10013;23;;;10008.0;0.0
crash_normal_s1;53100;INTARIAN_PEPPER_ROOT;11338;14;11335;21;;;11340;16;11343;24;;;11339.0;0.0
crash_normal_s1;53100;ASH_COATED_OSMIUM;10007;16;10004;23;;;10009;13;10013;14;;;10008.0;0.0
crash_normal_s1;53200;INTARIAN_PEPPER_ROOT;11338;12;11334;18;;;11340;18;11344;22;;;11339.0;0.0
crash_normal_s1;53200;ASH_COATED_OSMIUM;9985;17;9983;29;;;10029;8;10032;18;;;10007.0;0.0
crash_normal_s1;53300;INTARIAN_PEPPER_ROOT;11334;16;11330;18;;;11346;12;11350;24;;;11340.0;0.0
crash_normal_s1;53300;ASH_COATED_OSMIUM;10000;10;9996;8;;;10014;13;10017;13;;;10007.0;0.0
crash_normal_s1;53400;INTARIAN_PEPPER_ROOT;11331;12;11328;24;;;11351;14;11353;16;;;11341.0;0.0
crash_normal_s1;53400;ASH_COATED_OSMIUM;9998;10;9994;18;;;10000;13;10002;13;;;9999.0;0.0
crash_normal_s1;53500;INTARIAN_PEPPER_ROOT;11328;13;11326;24;;;11354;6;11358;21;;;11341.0;0.0
crash_normal_s1;53500;ASH_COATED_OSMIUM;10003;8;10001;17;;;10007;11;10009;21;;;10005.0;0.0
crash_normal_s1;53600;INTARIAN_PEPPER_ROOT;11340;17;11338;12;;;11344;5;11347;16;;;11342.0;0.0
crash_normal_s1;53600;ASH_COATED_OSMIUM;10001;14;9997;25;;;10007;9;10009;12;;;10004.0;0.0
crash_normal_s1;53700;INTARIAN_PEPPER_ROOT;11333;11;11330;22;;;11351;5;11353;26;;;11342.0;0.0
crash_normal_s1;53700;ASH_COATED_OSMIUM;9996;9;9994;19;;;10004;9;10007;12;;;10000.0;0.0
crash_normal_s1;53800;INTARIAN_PEPPER_ROOT;11330;17;11327;15;;;11348;21;11351;13;;;11339.0;0.0
crash_normal_s1;53800;ASH_COATED_OSMIUM;9991;15;9988;14;;;10009;6;10013;22;;;10000.0;0.0
crash_normal_s1;53900;INTARIAN_PEPPER_ROOT;11327;16;11324;31;;;11351;13;11354;15;;;11339.0;0.0
crash_normal_s1;53900;ASH_COATED_OSMIUM;9998;18;9994;19;;;10006;21;10010;25;;;10002.0;0.0
crash_normal_s1;54000;INTARIAN_PEPPER_ROOT;11338;12;11335;15;;;11340;13;11342;16;;;11339.0;0.0
crash_normal_s1;54000;ASH_COATED_OSMIUM;9994;5;9992;15;;;10010;11;10012;17;;;10002.0;0.0
crash_normal_s1;54100;INTARIAN_PEPPER_ROOT;11337;14;11335;16;;;11339;22;11343;28;;;11338.0;0.0
crash_normal_s1;54100;ASH_COATED_OSMIUM;9988;7;9984;27;;;10008;8;10012;20;;;9998.0;0.0
crash_normal_s1;54200;INTARIAN_PEPPER_ROOT;11334;17;11331;19;;;11338;14;11340;24;;;11336.0;0.0
crash_normal_s1;54200;ASH_COATED_OSMIUM;9996;21;9993;13;;;10010;15;10013;25;;;10003.0;0.0
crash_normal_s1;54300;INTARIAN_PEPPER_ROOT;11338;10;11335;23;;;11340;22;11344;19;;;11339.0;0.0
