day;timestamp;product;bid_price_1;bid_volume_1;bid_price_2;bid_volume_2;bid_price_3;bid_volume_3;ask_price_1;ask_volume_1;ask_price_2;ask_volume_2;ask_price_3;ask_volume_3;mid_price;profit_and_loss
sawtooth_normal_s0;0;INTARIAN_PEPPER_ROOT;10499;14;10497;19;;;10501;19;10503;17;;;10500.0;0.0
sawtooth_normal_s0;0;ASH_COATED_OSMIUM;9995;18;9991;24;;;10003;16;10007;15;;;9999.0;0.0
sawtooth_normal_s0;100;INTARIAN_PEPPER_ROOT;10499;23;10497;15;;;10501;10;10505;23;;;10500.0;0.0
sawtooth_normal_s0;100;ASH_COATED_OSMIUM;9998;14;9994;16;;;10000;10;10003;12;;;9999.0;0.0
sawtooth_normal_s0;200;INTARIAN_PEPPER_ROOT;10493;8;10491;24;;;10509;26;10513;22;;;10501.0;0.0
sawtooth_normal_s0;200;ASH_COATED_OSMIUM;9995;5;9993;20;;;9999;13;10002;19;;;9997.0;0.0
sawtooth_normal_s0;300;INTARIAN_PEPPER_ROOT;10483;16;10479;27;;;10525;7;10529;19;;;10504.0;0.0
sawtooth_normal_s0;300;ASH_COATED_OSMIUM;9978;16;9976;22;;;10014;11;10018;28;;;9996.0;0.0
sawtooth_normal_s0;400;INTARIAN_PEPPER_ROOT;10504;22;10500;25;;;10508;14;10511;22;;;10506.0;0.0
sawtooth_normal_s0;400;ASH_COATED_OSMIUM;9978;19;9974;27;;;10006;7;10009;26;;;9992.0;0.0
sawtooth_normal_s0;500;INTARIAN_PEPPER_ROOT;10506;18;10502;22;;;10508;21;10510;18;;;10507.0;0.0
sawtooth_normal_s0;500;ASH_COATED_OSMIUM;9989;18;9986;20;;;10003;18;10005;24;;;9996.0;0.0
sawtooth_normal_s0;600;INTARIAN_PEPPER_ROOT;10493;21;10489;21;;;10523;27;10526;13;;;10508.0;0.0
sawtooth_normal_s0;600;ASH_COATED_OSMIUM;9987;9;9983;14;;;10005;8;10007;20;;;9996.0;0.0
sawtooth_normal_s0;700;INTARIAN_PEPPER_ROOT;10506;8;10504;13;;;10512;22;10516;19;;;10509.0;0.0
sawtooth_normal_s0;700;ASH_COATED_OSMIUM;9993;19;9989;23;;;10001;13;10004;18;;;9997.0;0.0
sawtooth_normal_s0;800;INTARIAN_PEPPER_ROOT;10506;21;10503;26;;;10518;14;10521;12;;;10512.0;0.0
sawtooth_normal_s0;800;ASH_COATED_OSMIUM;9997;9;9993;28;;;10005;11;10007;16;;;10001.0;0.0
sawtooth_normal_s0;900;INTARIAN_PEPPER_ROOT;10512;17;10508;19;;;10514;5;10517;14;;;10513.0;0.0
sawtooth_normal_s0;900;ASH_COATED_OSMIUM;9998;12;9994;16;;;10000;14;10004;20;;;9999.0;0.0
sawtooth_normal_s0;1000;INTARIAN_PEPPER_ROOT;10510;17;10508;21;;;10518;19;10521;23;;;10514.0;0.0
sawtooth_normal_s0;1000;ASH_COATED_OSMIUM;9991;11;9989;23;;;10005;5;10007;12;;;9998.0;0.0
sawtooth_normal_s0;1100;INTARIAN_PEPPER_ROOT;10512;23;10508;18;;;10514;12;10517;15;;;10513.0;0.0
sawtooth_normal_s0;1100;ASH_COATED_OSMIUM;9992;10;9988;19;;;10004;11;10007;20;;;9998.0;0.0
sawtooth_normal_s0;1200;INTARIAN_PEPPER_ROOT;10509;11;10507;22;;;10511;9;10515;23;;;10510.0;0.0
sawtooth_normal_s0;1200;ASH_COATED_OSMIUM;9991;17;9989;19;;;10009;18;10013;15;;;10000.0;0.0
sawtooth_normal_s0;1300;INTARIAN_PEPPER_ROOT;10487;5;10484;18;;;10535;19;10539;15;;;10511.0;0.0
sawtooth_normal_s0;1300;ASH_COATED_OSMIUM;10003;8;9999;16;;;10007;15;10009;25;;;10005.0;0.0
sawtooth_normal_s0;1400;INTARIAN_PEPPER_ROOT;10505;12;10502;26;;;10523;6;10526;26;;;10514.0;0.0
sawtooth_normal_s0;1400;ASH_COATED_OSMIUM;10005;11;10003;29;;;10011;10;10013;16;;;10008.0;0.0
sawtooth_normal_s0;1500;INTARIAN_PEPPER_ROOT;10501;11;10497;25;;;10525;9;10527;25;;;10513.0;0.0
sawtooth_normal_s0;1500;ASH_COATED_OSMIUM;9991;13;9988;28;;;10027;17;10030;28;;;10009.0;0.0
sawtooth_normal_s0;1600;INTARIAN_PEPPER_ROOT;10513;15;10509;20;;;10523;8;10525;25;;;10518.0;0.0
sawtooth_normal_s0;1600;ASH_COATED_OSMIUM;9999;11;9995;21;;;10023;10;10027;14;;;10011.0;0.0
sawtooth_normal_s0;1700;INTARIAN_PEPPER_ROOT;10515;11;10513;20;;;10517;5;10520;26;;;10516.0;0.0
sawtooth_normal_s0;1700;ASH_COATED_OSMIUM;10000;8;9997;21;;;10002;15;10005;19;;;10001.0;0.0
sawtooth_normal_s0;1800;INTARIAN_PEPPER_ROOT;10516;17;10513;29;;;10518;23;10521;16;;;10517.0;0.0
sawtooth_normal_s0;1800;ASH_COATED_OSMIUM;9999;16;9995;20;;;10001;13;10004;9;;;10000.0;0.0
sawtooth_normal_s0;1900;INTARIAN_PEPPER_ROOT;10515;25;10513;18;;;10521;5;10524;14;;;10518.0;0.0
sawtooth_normal_s0;1900;ASH_COATED_OSMIUM;9973;9;9971;23;;;10023;14;10026;25;;;9998.0;0.0
sawtooth_normal_s0;2000;INTARIAN_PEPPER_ROOT;10505;11;10503;26;;;10535;17;10538;21;;;10520.0;0.0
sawtooth_normal_s0;2000;ASH_COATED_OSMIUM;9999;13;9996;12;;;10005;12;10009;15;;;10002.0;0.0
sawtooth_normal_s0;2100;INTARIAN_PEPPER_ROOT;10516;13;10513;20;;;10530;15;10533;16;;;10523.0;0.0
sawtooth_normal_s0;2100;ASH_COATED_OSMIUM;9987;16;9983;19;;;10013;7;10015;16;;;10000.0;0.0
sawtooth_normal_s0;2200;INTARIAN_PEPPER_ROOT;10523;17;10519;23;;;10525;11;10527;20;;;10524.0;0.0
sawtooth_normal_s0;2200;ASH_COATED_OSMIUM;10002;11;9998;26;;;10012;7;10016;22;;;10007.0;0.0
sawtooth_normal_s0;2300;INTARIAN_PEPPER_ROOT;10502;13;10498;18;;;10548;15;10552;19;;;10525.0;0.0
sawtooth_normal_s0;2300;ASH_COATED_OSMIUM;9997;8;9994;20;;;10013;20;10017;14;;;10005.0;0.0
sawtooth_normal_s0;2400;INTARIAN_PEPPER_ROOT;10509;18;10505;23;;;10541;15;10544;24;;;10525.0;0.0
sawtooth_normal_s0;2400;ASH_COATED_OSMIUM;9987;11;9983;20;;;10019;14;10023;20;;;10003.0;0.0
sawtooth_normal_s0;2500;INTARIAN_PEPPER_ROOT;10513;16;10511;17;;;10533;14;10537;21;;;10523.0;0.0
sawtooth_normal_s0;2500;ASH_COATED_OSMIUM;9995;17;9992;13;;;10017;5;10020;19;;;10006.0;0.0
sawtooth_normal_s0;2600;INTARIAN_PEPPER_ROOT;10521;15;10517;16;;;10523;17;10527;17;;;10522.0;0.0
sawtooth_normal_s0;2600;ASH_COATED_OSMIUM;9996;17;9994;12;;;10016;16;10019;15;;;10006.0;0.0
sawtooth_normal_s0;2700;INTARIAN_PEPPER_ROOT;10515;9;10512;22;;;10531;14;10533;17;;;10523.0;0.0
sawtooth_normal_s0;2700;ASH_COATED_OSMIUM;10006;12;10004;19;;;10008;15;10010;17;;;10007.0;0.0
sawtooth_normal_s0;2800;INTARIAN_PEPPER_ROOT;10520;13;10516;25;;;10532;18;10536;27;;;10526.0;0.0
sawtooth_normal_s0;2800;ASH_COATED_OSMIUM;10005;6;10002;24;;;10015;13;10018;18;;;10010.0;0.0
sawtooth_normal_s0;2900;INTARIAN_PEPPER_ROOT;10507;7;10503;22;;;10549;12;10552;27;;;10528.0;0.0
sawtooth_normal_s0;2900;ASH_COATED_OSMIUM;10007;10;10005;15;;;10009;14;10013;24;;;10008.0;0.0
sawtooth_normal_s0;3000;INTARIAN_PEPPER_ROOT;10523;12;10521;17;;;10533;13;10536;20;;;10528.0;0.0
sawtooth_normal_s0;3000;ASH_COATED_OSMIUM;10005;13;10001;15;;;10007;20;10011;22;;;10006.0;0.0
sawtooth_normal_s0;3100;INTARIAN_PEPPER_ROOT;10526;17;10524;17;;;10530;9;10532;22;;;10528.0;0.0
sawtooth_normal_s0;3100;ASH_COATED_OSMIUM;9999;5;9996;21;;;10017;8;10020;20;;;10008.0;0.0
sawtooth_normal_s0;3200;INTARIAN_PEPPER_ROOT;10510;15;10508;13;;;10546;11;10548;8;;;10528.0;0.0
sawtooth_normal_s0;3200;ASH_COATED_OSMIUM;10002;8;9999;18;;;10012;13;10016;23;;;10007.0;0.0
sawtooth_normal_s0;3300;INTARIAN_PEPPER_ROOT;10490;11;10487;22;;;10562;10;10564;24;;;10526.0;0.0
sawtooth_normal_s0;3300;ASH_COATED_OSMIUM;9998;5;9994;21;;;10012;15;10016;18;;;10005.0;0.0
sawtooth_normal_s0;3400;INTARIAN_PEPPER_ROOT;10517;6;10515;24;;;10533;18;10536;19;;;10525.0;0.0
sawtooth_normal_s0;3400;ASH_COATED_OSMIUM;9996;15;9993;12;;;10012;5;10016;23;;;10004.0;0.0
sawtooth_normal_s0;3500;INTARIAN_PEPPER_ROOT;10526;16;10523;8;;;10528;17;10531;14;;;10527.0;0.0
sawtooth_normal_s0;3500;ASH_COATED_OSMIUM;10001;5;9998;24;;;10005;14;10009;21;;;10003.0;0.0
sawtooth_normal_s0;3600;INTARIAN_PEPPER_ROOT;10521;24;10519;22;;;10535;13;10537;26;;;10528.0;0.0
sawtooth_normal_s0;3600;ASH_COATED_OSMIUM;9994;16;9992;15;;;10008;13;10011;26;;;10001.0;0.0
sawtooth_normal_s0;3700;INTARIAN_PEPPER_ROOT;10522;8;10520;23;;;10534;13;10536;20;;;10528.0;0.0
sawtooth_normal_s0;3700;ASH_COATED_OSMIUM;10001;10;9999;22;;;10005;9;10007;16;;;10003.0;0.0
sawtooth_normal_s0;3800;INTARIAN_PEPPER_ROOT;10524;17;10520;20;;;10530;12;10534;17;;;10527.0;0.0
sawtooth_normal_s0;3800;ASH_COATED_OSMIUM;9997;10;9994;10;;;10007;19;10009;26;;;10002.0;0.0
sawtooth_normal_s0;3900;INTARIAN_PEPPER_ROOT;10524;23;10521;16;;;10532;17;10534;26;;;10528.0;0.0
sawtooth_normal_s0;3900;ASH_COATED_OSMIUM;9996;23;9992;11;;;10010;5;10012;26;;;10003.0;0.0
sawtooth_normal_s0;4000;INTARIAN_PEPPER_ROOT;10515;8;10511;23;;;10539;20;10543;28;;;10527.0;0.0
sawtooth_normal_s0;4000;ASH_COATED_OSMIUM;9994;12;9992;31;;;10004;7;10007;22;;;9999.0;0.0
sawtooth_normal_s0;4100;INTARIAN_PEPPER_ROOT;10511;18;10509;17;;;10543;6;10547;35;;;10527.0;0.0
sawtooth_normal_s0;4100;ASH_COATED_OSMIUM;9992;12;9988;20;;;10010;11;10012;22;;;10001.0;0.0
sawtooth_normal_s0;4200;INTARIAN_PEPPER_ROOT;10526;14;10523;23;;;10528;12;10530;18;;;10527.0;0.0
sawtooth_normal_s0;4200;ASH_COATED_OSMIUM;10002;19;9998;23;;;10004;5;10007;29;;;10003.0;0.0
sawtooth_normal_s0;4300;INTARIAN_PEPPER_ROOT;10525;8;10523;19;;;10531;18;10533;26;;;10528.0;0.0
sawtooth_normal_s0;4300;ASH_COATED_OSMIUM;9975;14;9972;19;;;10035;21;10039;20;;;10005.0;0.0
sawtooth_normal_s0;4400;INTARIAN_PEPPER_ROOT;10525;9;10521;17;;;10531;5;10535;21;;;10528.0;0.0
sawtooth_normal_s0;4400;ASH_COATED_OSMIUM;10006;26;10002;28;;;10014;5;10018;18;;;10010.0;0.0
sawtooth_normal_s0;4500;INTARIAN_PEPPER_ROOT;10517;19;10514;28;;;10537;10;10541;15;;;10527.0;0.0
sawtooth_normal_s0;4500;ASH_COATED_OSMIUM;9993;16;9989;19;;;10027;11;10029;18;;;10010.0;0.0
sawtooth_normal_s0;4600;INTARIAN_PEPPER_ROOT;10520;26;10517;23;;;10534;18;10537;16;;;10527.0;0.0
sawtooth_normal_s0;4600;ASH_COATED_OSMIUM;10010;7;10008;20;;;10014;20;10018;23;;;10012.0;0.0
sawtooth_normal_s0;4700;INTARIAN_PEPPER_ROOT;10528;19;10524;15;;;10530;16;10532;29;;;10529.0;0.0
sawtooth_normal_s0;4700;ASH_COATED_OSMIUM;9996;16;9994;23;;;10028;16;10032;11;;;10012.0;0.0
sawtooth_normal_s0;4800;INTARIAN_PEPPER_ROOT;10521;13;10519;26;;;10537;13;10539;19;;;10529.0;0.0
sawtooth_normal_s0;4800;ASH_COATED_OSMIUM;10005;9;10003;19;;;10013;18;10015;19;;;10009.0;0.0
sawtooth_normal_s0;4900;INTARIAN_PEPPER_ROOT;10522;20;10519;25;;;10540;21;10544;13;;;10531.0;0.0
sawtooth_normal_s0;4900;ASH_COATED_OSMIUM;9993;10;9991;11;;;10025;14;10029;13;;;10009.0;0.0
sawtooth_normal_s0;5000;INTARIAN_PEPPER_ROOT;10521;14;10517;20;;;10539;8;10542;25;;;10530.0;0.0
sawtooth_normal_s0;5000;ASH_COATED_OSMIUM;10001;7;9997;20;;;10017;18;10021;16;;;10009.0;0.0
sawtooth_normal_s0;5100;INTARIAN_PEPPER_ROOT;10526;9;10523;18;;;10534;16;10537;16;;;10530.0;0.0
sawtooth_normal_s0;5100;ASH_COATED_OSMIUM;10010;15;10008;27;;;10012;8;10016;15;;;10011.0;0.0
sawtooth_normal_s0;5200;INTARIAN_PEPPER_ROOT;10523;5;10520;12;;;10537;8;10541;20;;;10530.0;0.0
sawtooth_normal_s0;5200;ASH_COATED_OSMIUM;10005;11;10001;23;;;10009;20;10011;11;;;10007.0;0.0
sawtooth_normal_s0;5300;INTARIAN_PEPPER_ROOT;10529;19;10526;16;;;10531;27;10533;17;;;10530.0;0.0
sawtooth_normal_s0;5300;ASH_COATED_OSMIUM;10001;5;9999;25;;;10003;5;10006;21;;;10002.0;0.0
sawtooth_normal_s0;5400;INTARIAN_PEPPER_ROOT;10526;7;10523;17;;;10534;13;10538;14;;;10530.0;0.0
sawtooth_normal_s0;5400;ASH_COATED_OSMIUM;10004;6;10002;19;;;10006;22;10009;20;;;10005.0;0.0
sawtooth_normal_s0;5500;INTARIAN_PEPPER_ROOT;10526;9;10524;17;;;10528;12;10531;20;;;10527.0;0.0
sawtooth_normal_s0;5500;ASH_COATED_OSMIUM;9983;12;9981;27;;;10031;9;10035;21;;;10007.0;0.0
sawtooth_normal_s0;5600;INTARIAN_PEPPER_ROOT;10521;14;10518;17;;;10537;24;10540;17;;;10529.0;0.0
sawtooth_normal_s0;5600;ASH_COATED_OSMIUM;10004;15;10002;23;;;10006;19;10008;28;;;10005.0;0.0
sawtooth_normal_s0;5700;INTARIAN_PEPPER_ROOT;10519;19;10517;28;;;10539;18;10542;24;;;10529.0;0.0
sawtooth_normal_s0;5700;ASH_COATED_OSMIUM;9999;14;9997;13;;;10001;8;10004;19;;;10000.0;0.0
sawtooth_normal_s0;5800;INTARIAN_PEPPER_ROOT;10507;16;10505;21;;;10547;5;10549;20;;;10527.0;0.0
sawtooth_normal_s0;5800;ASH_COATED_OSMIUM;9990;12;9987;25;;;10004;10;10007;21;;;9997.0;0.0
sawtooth_normal_s0;5900;INTARIAN_PEPPER_ROOT;10528;20;10524;23;;;10530;14;10534;22;;;10529.0;0.0
sawtooth_normal_s0;5900;ASH_COATED_OSMIUM;9994;17;9991;19;;;10006;12;10008;16;;;10000.0;0.0
sawtooth_normal_s0;6000;INTARIAN_PEPPER_ROOT;10526;14;10523;18;;;10528;15;10531;28;;;10527.0;0.0
sawtooth_normal_s0;6000;ASH_COATED_OSMIUM;9999;8;9996;17;;;10001;12;10005;18;;;10000.0;0.0
sawtooth_normal_s0;6100;INTARIAN_PEPPER_ROOT;10527;20;10524;14;;;10531;12;10535;15;;;10529.0;0.0
sawtooth_normal_s0;6100;ASH_COATED_OSMIUM;9991;19;9989;16;;;10017;18;10019;15;;;10004.0;0.0
sawtooth_normal_s0;6200;INTARIAN_PEPPER_ROOT;10526;11;10522;26;;;10534;15;10538;18;;;10530.0;0.0
sawtooth_normal_s0;6200;ASH_COATED_OSMIUM;9992;14;9990;19;;;10010;9;10013;20;;;10001.0;0.0
sawtooth_normal_s0;6300;INTARIAN_PEPPER_ROOT;10530;18;10528;17;;;10532;22;10534;17;;;10531.0;0.0
sawtooth_normal_s0;6300;ASH_COATED_OSMIUM;9973;11;9969;22;;;10027;15;10030;18;;;10000.0;0.0
sawtooth_normal_s0;6400;INTARIAN_PEPPER_ROOT;10526;17;10524;12;;;10540;15;10543;16;;;10533.0;0.0
sawtooth_normal_s0;6400;ASH_COATED_OSMIUM;9988;18;9984;17;;;10010;10;10014;16;;;9999.0;0.0
sawtooth_normal_s0;6500;INTARIAN_PEPPER_ROOT;10529;10;10527;28;;;10537;13;10540;13;;;10533.0;0.0
sawtooth_normal_s0;6500;ASH_COATED_OSMIUM;9968;20;9966;28;;;10032;18;10036;20;;;10000.0;0.0
sawtooth_normal_s0;6600;INTARIAN_PEPPER_ROOT;10532;16;10528;24;;;10536;13;10540;24;;;10534.0;0.0
sawtooth_normal_s0;6600;ASH_COATED_OSMIUM;10000;12;9998;11;;;10006;13;10009;13;;;10003.0;0.0
sawtooth_normal_s0;6700;INTARIAN_PEPPER_ROOT;10532;15;10530;25;;;10534;22;10536;10;;;10533.0;0.0
sawtooth_normal_s0;6700;ASH_COATED_OSMIUM;9991;17;9987;28;;;10021;13;10025;15;;;10006.0;0.0
sawtooth_normal_s0;6800;INTARIAN_PEPPER_ROOT;10525;16;10522;20;;;10539;15;10541;21;;;10532.0;0.0
sawtooth_normal_s0;6800;ASH_COATED_OSMIUM;10009;7;10007;25;;;10013;8;10015;15;;;10011.0;0.0
sawtooth_normal_s0;6900;INTARIAN_PEPPER_ROOT;10527;19;10524;24;;;10539;14;10543;22;;;10533.0;0.0
sawtooth_normal_s0;6900;ASH_COATED_OSMIUM;10009;13;10005;21;;;10011;13;10013;17;;;10010.0;0.0
sawtooth_normal_s0;7000;INTARIAN_PEPPER_ROOT;10524;16;10520;24;;;10542;22;10545;20;;;10533.0;0.0
sawtooth_normal_s0;7000;ASH_COATED_OSMIUM;10011;9;10009;20;;;10013;7;10015;20;;;10012.0;0.0
sawtooth_normal_s0;7100;INTARIAN_PEPPER_ROOT;10514;18;10512;13;;;10552;17;10555;8;;;10533.0;0.0
sawtooth_normal_s0;7100;ASH_COATED_OSMIUM;9996;20;9992;19;;;10028;14;10032;28;;;10012.0;0.0
sawtooth_normal_s0;7200;INTARIAN_PEPPER_ROOT;10522;19;10518;18;;;10542;14;10546;25;;;10532.0;0.0
sawtooth_normal_s0;7200;ASH_COATED_OSMIUM;10004;7;10002;16;;;10008;5;10011;18;;;10006.0;0.0
sawtooth_normal_s0;7300;INTARIAN_PEPPER_ROOT;10532;11;10530;20;;;10536;14;10539;21;;;10534.0;0.0
sawtooth_normal_s0;7300;ASH_COATED_OSMIUM;10006;14;10002;16;;;10018;7;10020;21;;;10012.0;0.0
sawtooth_normal_s0;7400;INTARIAN_PEPPER_ROOT;10528;21;10525;17;;;10542;11;10545;23;;;10535.0;0.0
sawtooth_normal_s0;7400;ASH_COATED_OSMIUM;9989;10;9986;13;;;10031;16;10033;18;;;10010.0;0.0
sawtooth_normal_s0;7500;INTARIAN_PEPPER_ROOT;10527;15;10523;18;;;10541;16;10543;15;;;10534.0;0.0
sawtooth_normal_s0;7500;ASH_COATED_OSMIUM;9998;10;9994;15;;;10022;19;10026;24;;;10010.0;0.0
sawtooth_normal_s0;7600;INTARIAN_PEPPER_ROOT;10532;11;10529;22;;;10542;15;10546;25;;;10537.0;0.0
sawtooth_normal_s0;7600;ASH_COATED_OSMIUM;10004;15;10002;15;;;10018;5;10022;24;;;10011.0;0.0
sawtooth_normal_s0;7700;INTARIAN_PEPPER_ROOT;10530;14;10528;19;;;10550;9;10553;19;;;10540.0;0.0
sawtooth_normal_s0;7700;ASH_COATED_OSMIUM;9999;6;9995;17;;;10009;7;10011;10;;;10004.0;0.0
sawtooth_normal_s0;7800;INTARIAN_PEPPER_ROOT;10531;12;10527;19;;;10555;6;10557;15;;;10543.0;0.0
sawtooth_normal_s0;7800;ASH_COATED_OSMIUM;10001;9;9998;17;;;10013;11;10015;23;;;10007.0;0.0
sawtooth_normal_s0;7900;INTARIAN_PEPPER_ROOT;10534;12;10530;21;;;10552;18;10555;15;;;10543.0;0.0
sawtooth_normal_s0;7900;ASH_COATED_OSMIUM;9989;22;9987;17;;;10029;12;10031;22;;;10009.0;0.0
sawtooth_normal_s0;8000;INTARIAN_PEPPER_ROOT;10536;20;10532;20;;;10548;16;10551;14;;;10542.0;0.0
sawtooth_normal_s0;8000;ASH_COATED_OSMIUM;10008;10;10005;22;;;10010;12;10013;16;;;10009.0;0.0
sawtooth_normal_s0;8100;INTARIAN_PEPPER_ROOT;10535;10;10533;12;;;10553;17;10555;24;;;10544.0;0.0
sawtooth_normal_s0;8100;ASH_COATED_OSMIUM;9996;5;9994;21;;;10022;15;10026;21;;;10009.0;0.0
sawtooth_normal_s0;8200;INTARIAN_PEPPER_ROOT;10543;24;10541;26;;;10545;18;10549;13;;;10544.0;0.0
sawtooth_normal_s0;8200;ASH_COATED_OSMIUM;10004;16;10002;19;;;10012;16;10016;22;;;10008.0;0.0
sawtooth_normal_s0;8300;INTARIAN_PEPPER_ROOT;10536;20;10532;25;;;10560;17;10564;18;;;10548.0;0.0
sawtooth_normal_s0;8300;ASH_COATED_OSMIUM;9998;11;9995;10;;;10024;5;10028;14;;;10011.0;0.0
sawtooth_normal_s0;8400;INTARIAN_PEPPER_ROOT;10543;20;10540;21;;;10553;12;10557;15;;;10548.0;0.0
sawtooth_normal_s0;8400;ASH_COATED_OSMIUM;10011;18;10007;14;;;10015;14;10017;16;;;10013.0;0.0
sawtooth_normal_s0;8500;INTARIAN_PEPPER_ROOT;10549;11;10546;16;;;10551;18;10555;20;;;10550.0;0.0
sawtooth_normal_s0;8500;ASH_COATED_OSMIUM;10010;13;10006;18;;;10014;13;10018;18;;;10012.0;0.0
sawtooth_normal_s0;8600;INTARIAN_PEPPER_ROOT;10548;9;10545;22;;;10556;7;10560;18;;;10552.0;0.0
sawtooth_normal_s0;8600;ASH_COATED_OSMIUM;10000;9;9996;17;;;10032;5;10036;21;;;10016.0;0.0
sawtooth_normal_s0;8700;INTARIAN_PEPPER_ROOT;10550;6;10546;18;;;10558;14;10560;12;;;10554.0;0.0
sawtooth_normal_s0;8700;ASH_COATED_OSMIUM;10008;13;10004;9;;;10018;12;10022;24;;;10013.0;0.0
sawtooth_normal_s0;8800;INTARIAN_PEPPER_ROOT;10553;14;10551;21;;;10555;16;10558;21;;;10554.0;0.0
sawtooth_normal_s0;8800;ASH_COATED_OSMIUM;9987;14;9985;28;;;10029;14;10031;21;;;10008.0;0.0
sawtooth_normal_s0;8900;INTARIAN_PEPPER_ROOT;10552;15;10550;25;;;10562;6;10564;16;;;10557.0;0.0
sawtooth_normal_s0;8900;ASH_COATED_OSMIUM;9955;17;9951;19;;;10047;20;10049;18;;;10001.0;0.0
sawtooth_normal_s0;9000;INTARIAN_PEPPER_ROOT;10554;25;10552;14;;;10562;16;10565;10;;;10558.0;0.0
sawtooth_normal_s0;9000;ASH_COATED_OSMIUM;9997;9;9995;19;;;10009;20;10012;15;;;10003.0;0.0
sawtooth_normal_s0;9100;INTARIAN_PEPPER_ROOT;10553;17;10551;19;;;10567;11;10569;18;;;10560.0;0.0
sawtooth_normal_s0;9100;ASH_COATED_OSMIUM;10002;14;10000;11;;;10004;9;10008;18;;;10003.0;0.0
sawtooth_normal_s0;9200;INTARIAN_PEPPER_ROOT;10562;12;10560;17;;;10564;19;10568;20;;;10563.0;0.0
sawtooth_normal_s0;9200;ASH_COATED_OSMIUM;9996;13;9993;18;;;10004;12;10006;26;;;10000.0;0.0
sawtooth_normal_s0;9300;INTARIAN_PEPPER_ROOT;10538;17;10534;8;;;10584;16;10586;15;;;10561.0;0.0
sawtooth_normal_s0;9300;ASH_COATED_OSMIUM;9971;11;9969;26;;;10033;20;10035;21;;;10002.0;0.0
sawtooth_normal_s0;9400;INTARIAN_PEPPER_ROOT;10555;11;10552;21;;;10565;14;10567;17;;;10560.0;0.0
sawtooth_normal_s0;9400;ASH_COATED_OSMIUM;9995;12;9993;25;;;10007;19;10010;9;;;10001.0;0.0
sawtooth_normal_s0;9500;INTARIAN_PEPPER_ROOT;10557;14;10555;19;;;10569;14;10572;19;;;10563.0;0.0
sawtooth_normal_s0;9500;ASH_COATED_OSMIUM;9985;9;9982;16;;;10019;12;10023;15;;;10002.0;0.0
sawtooth_normal_s0;9600;INTARIAN_PEPPER_ROOT;10561;23;10558;22;;;10563;19;10565;14;;;10562.0;0.0
sawtooth_normal_s0;9600;ASH_COATED_OSMIUM;10003;22;10001;20;;;10005;6;10007;20;;;10004.0;0.0
sawtooth_normal_s0;9700;INTARIAN_PEPPER_ROOT;10564;20;10561;14;;;10566;14;10568;17;;;10565.0;0.0
sawtooth_normal_s0;9700;ASH_COATED_OSMIUM;10003;8;10000;20;;;10009;9;10011;23;;;10006.0;0.0
sawtooth_normal_s0;9800;INTARIAN_PEPPER_ROOT;10563;19;10561;9;;;10569;8;10572;25;;;10566.0;0.0
sawtooth_normal_s0;9800;ASH_COATED_OSMIUM;9996;8;9992;19;;;10024;9;10027;26;;;10010.0;0.0
sawtooth_normal_s0;9900;INTARIAN_PEPPER_ROOT;10564;5;10561;17;;;10566;15;10569;28;;;10565.0;0.0
sawtooth_normal_s0;9900;ASH_COATED_OSMIUM;10011;13;10009;16;;;10013;14;10015;30;;;10012.0;0.0
sawtooth_normal_s0;10000;INTARIAN_PEPPER_ROOT;10554;13;10551;12;;;10584;9;10587;27;;;10569.0;0.0
sawtooth_normal_s0;10000;ASH_COATED_OSMIUM;10005;5;10003;29;;;10013;18;10017;26;;;10009.0;0.0
sawtooth_normal_s0;10100;INTARIAN_PEPPER_ROOT;10566;14;10562;18;;;10576;13;10579;20;;;10571.0;0.0
sawtooth_normal_s0;10100;ASH_COATED_OSMIUM;10000;17;9996;23;;;10012;15;10014;30;;;10006.0;0.0
sawtooth_normal_s0;10200;INTARIAN_PEPPER_ROOT;10569;10;10566;8;;;10579;13;10581;25;;;10574.0;0.0
sawtooth_normal_s0;10200;ASH_COATED_OSMIUM;10001;9;9998;18;;;10003;20;10005;16;;;10002.0;0.0
sawtooth_normal_s0;10300;INTARIAN_PEPPER_ROOT;10575;17;10572;13;;;10579;7;10583;18;;;10577.0;0.0
sawtooth_normal_s0;10300;ASH_COATED_OSMIUM;9993;11;9989;14;;;10007;6;10010;19;;;10000.0;0.0
sawtooth_normal_s0;10400;INTARIAN_PEPPER_ROOT;10575;10;10571;16;;;10577;14;10581;18;;;10576.0;0.0
sawtooth_normal_s0;10400;ASH_COATED_OSMIUM;10003;10;9999;29;;;10005;20;10009;21;;;10004.0;0.0
sawtooth_normal_s0;10500;INTARIAN_PEPPER_ROOT;10573;5;10570;17;;;10587;11;10590;15;;;10580.0;0.0
sawtooth_normal_s0;10500;ASH_COATED_OSMIUM;9993;14;9989;21;;;10005;16;10009;17;;;9999.0;0.0
sawtooth_normal_s0;10600;INTARIAN_PEPPER_ROOT;10579;10;10575;15;;;10581;19;10584;25;;;10580.0;0.0
sawtooth_normal_s0;10600;ASH_COATED_OSMIUM;9984;6;9981;22;;;10010;15;10013;14;;;9997.0;0.0
sawtooth_normal_s0;10700;INTARIAN_PEPPER_ROOT;10581;10;10579;27;;;10583;13;10585;16;;;10582.0;0.0
sawtooth_normal_s0;10700;ASH_COATED_OSMIUM;9998;17;9996;21;;;10000;11;10003;17;;;9999.0;0.0
sawtooth_normal_s0;10800;INTARIAN_PEPPER_ROOT;10577;12;10574;31;;;10591;10;10593;12;;;10584.0;0.0
sawtooth_normal_s0;10800;ASH_COATED_OSMIUM;10001;13;9999;22;;;10003;16;10006;21;;;10002.0;0.0
sawtooth_normal_s0;10900;INTARIAN_PEPPER_ROOT;10583;18;10581;17;;;10585;8;10588;23;;;10584.0;0.0
sawtooth_normal_s0;10900;ASH_COATED_OSMIUM;10001;20;9997;15;;;10003;14;10007;22;;;10002.0;0.0
sawtooth_normal_s0;11000;INTARIAN_PEPPER_ROOT;10585;12;10581;27;;;10587;7;10589;19;;;10586.0;0.0
sawtooth_normal_s0;11000;ASH_COATED_OSMIUM;10003;13;10001;28;;;10005;9;10008;13;;;10004.0;0.0
sawtooth_normal_s0;11100;INTARIAN_PEPPER_ROOT;10586;15;10583;18;;;10590;11;10592;16;;;10588.0;0.0
sawtooth_normal_s0;11100;ASH_COATED_OSMIUM;10008;7;10006;15;;;10010;18;10014;14;;;10009.0;0.0
sawtooth_normal_s0;11200;INTARIAN_PEPPER_ROOT;10589;22;10586;29;;;10591;16;10593;15;;;10590.0;0.0
sawtooth_normal_s0;11200;ASH_COATED_OSMIUM;10008;8;10004;20;;;10016;17;10018;27;;;10012.0;0.0
sawtooth_normal_s0;11300;INTARIAN_PEPPER_ROOT;10581;19;10578;14;;;10597;9;10600;20;;;10589.0;0.0
sawtooth_normal_s0;11300;ASH_COATED_OSMIUM;10008;20;10006;22;;;10010;14;10013;22;;;10009.0;0.0
sawtooth_normal_s0;11400;INTARIAN_PEPPER_ROOT;10582;19;10578;15;;;10598;6;10600;15;;;10590.0;0.0
sawtooth_normal_s0;11400;ASH_COATED_OSMIUM;10003;9;10000;15;;;10005;11;10007;12;;;10004.0;0.0
sawtooth_normal_s0;11500;INTARIAN_PEPPER_ROOT;10591;19;10589;19;;;10593;22;10597;17;;;10592.0;0.0
sawtooth_normal_s0;11500;ASH_COATED_OSMIUM;10002;18;9998;16;;;10008;17;10011;23;;;10005.0;0.0
sawtooth_normal_s0;11600;INTARIAN_PEPPER_ROOT;10587;13;10585;24;;;10597;16;10601;12;;;10592.0;0.0
sawtooth_normal_s0;11600;ASH_COATED_OSMIUM;10007;14;10004;21;;;10009;20;10012;28;;;10008.0;0.0
sawtooth_normal_s0;11700;INTARIAN_PEPPER_ROOT;10590;14;10586;20;;;10594;12;10598;13;;;10592.0;0.0
sawtooth_normal_s0;11700;ASH_COATED_OSMIUM;10005;9;10001;24;;;10007;20;10011;19;;;10006.0;0.0
sawtooth_normal_s0;11800;INTARIAN_PEPPER_ROOT;10585;16;10581;15;;;10599;10;10603;23;;;10592.0;0.0
sawtooth_normal_s0;11800;ASH_COATED_OSMIUM;9996;7;9993;15;;;10018;17;10022;14;;;10007.0;0.0
sawtooth_normal_s0;11900;INTARIAN_PEPPER_ROOT;10595;7;10592;26;;;10597;22;10601;27;;;10596.0;0.0
sawtooth_normal_s0;11900;ASH_COATED_OSMIUM;9996;17;9992;23;;;10018;17;10022;26;;;10007.0;0.0
sawtooth_normal_s0;12000;INTARIAN_PEPPER_ROOT;10587;19;10585;23;;;10609;12;10612;18;;;10598.0;0.0
sawtooth_normal_s0;12000;ASH_COATED_OSMIUM;9989;13;9986;23;;;10013;7;10017;8;;;10001.0;0.0
sawtooth_normal_s0;12100;INTARIAN_PEPPER_ROOT;10598;22;10595;21;;;10600;15;10604;19;;;10599.0;0.0
sawtooth_normal_s0;12100;ASH_COATED_OSMIUM;10001;13;9998;18;;;10005;13;10009;19;;;10003.0;0.0
sawtooth_normal_s0;12200;INTARIAN_PEPPER_ROOT;10592;11;10590;24;;;10604;15;10606;17;;;10598.0;0.0
sawtooth_normal_s0;12200;ASH_COATED_OSMIUM;9999;5;9996;16;;;10001;13;10005;28;;;10000.0;0.0
sawtooth_normal_s0;12300;INTARIAN_PEPPER_ROOT;10571;12;10567;19;;;10629;14;10631;19;;;10600.0;0.0
sawtooth_normal_s0;12300;ASH_COATED_OSMIUM;9998;13;9996;13;;;10006;14;10010;23;;;10002.0;0.0
sawtooth_normal_s0;12400;INTARIAN_PEPPER_ROOT;10598;20;10595;16;;;10600;16;10602;31;;;10599.0;0.0
sawtooth_normal_s0;12400;ASH_COATED_OSMIUM;9989;11;9986;20;;;10021;9;10023;19;;;10005.0;0.0
sawtooth_normal_s0;12500;INTARIAN_PEPPER_ROOT;10584;11;10581;17;;;10616;5;10619;25;;;10600.0;0.0
sawtooth_normal_s0;12500;ASH_COATED_OSMIUM;9997;12;9995;18;;;10015;19;10019;19;;;10006.0;0.0
sawtooth_normal_s0;12600;INTARIAN_PEPPER_ROOT;10594;6;10590;30;;;10606;19;10610;19;;;10600.0;0.0
sawtooth_normal_s0;12600;ASH_COATED_OSMIUM;9997;15;9993;22;;;10023;17;10027;22;;;10010.0;0.0
sawtooth_normal_s0;12700;INTARIAN_PEPPER_ROOT;10600;15;10598;16;;;10602;15;10604;22;;;10601.0;0.0
sawtooth_normal_s0;12700;ASH_COATED_OSMIUM;10008;13;10004;24;;;10016;6;10020;16;;;10012.0;0.0
sawtooth_normal_s0;12800;INTARIAN_PEPPER_ROOT;10602;12;10600;26;;;10604;16;10608;15;;;10603.0;0.0
sawtooth_normal_s0;12800;ASH_COATED_OSMIUM;9998;17;9995;16;;;10026;5;10028;16;;;10012.0;0.0
sawtooth_normal_s0;12900;INTARIAN_PEPPER_ROOT;10593;13;10589;24;;;10613;16;10615;23;;;10603.0;0.0
sawtooth_normal_s0;12900;ASH_COATED_OSMIUM;10001;18;9997;18;;;10025;12;10028;24;;;10013.0;0.0
sawtooth_normal_s0;13000;INTARIAN_PEPPER_ROOT;10600;17;10596;15;;;10608;12;10611;20;;;10604.0;0.0
sawtooth_normal_s0;13000;ASH_COATED_OSMIUM;9985;13;9983;20;;;10041;20;10043;25;;;10013.0;0.0
sawtooth_normal_s0;13100;INTARIAN_PEPPER_ROOT;10600;8;10597;17;;;10606;10;10609;19;;;10603.0;0.0
sawtooth_normal_s0;13100;ASH_COATED_OSMIUM;10008;16;10004;27;;;10026;14;10030;19;;;10017.0;0.0
sawtooth_normal_s0;13200;INTARIAN_PEPPER_ROOT;10590;7;10587;8;;;10614;16;10617;23;;;10602.0;0.0
sawtooth_normal_s0;13200;ASH_COATED_OSMIUM;10018;12;10014;18;;;10020;14;10022;25;;;10019.0;0.0
sawtooth_normal_s0;13300;INTARIAN_PEPPER_ROOT;10593;12;10591;20;;;10613;9;10615;15;;;10603.0;0.0
sawtooth_normal_s0;13300;ASH_COATED_OSMIUM;10024;19;10020;21;;;10028;18;10031;15;;;10026.0;0.0
sawtooth_normal_s0;13400;INTARIAN_PEPPER_ROOT;10592;10;10590;19;;;10616;15;10620;16;;;10604.0;0.0
sawtooth_normal_s0;13400;ASH_COATED_OSMIUM;10012;19;10009;17;;;10030;9;10033;21;;;10021.0;0.0
sawtooth_normal_s0;13500;INTARIAN_PEPPER_ROOT;10600;9;10596;14;;;10612;18;10614;11;;;10606.0;0.0
sawtooth_normal_s0;13500;ASH_COATED_OSMIUM;9986;12;9984;8;;;10054;15;10056;16;;;10020.0;0.0
sawtooth_normal_s0;13600;INTARIAN_PEPPER_ROOT;10608;18;10605;15;;;10612;12;10614;17;;;10610.0;0.0
sawtooth_normal_s0;13600;ASH_COATED_OSMIUM;10009;12;10007;23;;;10025;6;10029;16;;;10017.0;0.0
sawtooth_normal_s0;13700;INTARIAN_PEPPER_ROOT;10611;10;10607;19;;;10613;16;10616;22;;;10612.0;0.0
sawtooth_normal_s0;13700;ASH_COATED_OSMIUM;10017;14;10015;27;;;10019;5;10021;12;;;10018.0;0.0
sawtooth_normal_s0;13800;INTARIAN_PEPPER_ROOT;10607;13;10603;16;;;10617;14;10621;15;;;10612.0;0.0
sawtooth_normal_s0;13800;ASH_COATED_OSMIUM;10015;11;10011;13;;;10019;22;10022;22;;;10017.0;0.0
sawtooth_normal_s0;13900;INTARIAN_PEPPER_ROOT;10610;19;10607;20;;;10618;12;10620;11;;;10614.0;0.0
sawtooth_normal_s0;13900;ASH_COATED_OSMIUM;9981;13;9977;17;;;10053;11;10055;22;;;10017.0;0.0
sawtooth_normal_s0;14000;INTARIAN_PEPPER_ROOT;10611;12;10609;21;;;10615;15;10618;16;;;10613.0;0.0
sawtooth_normal_s0;14000;ASH_COATED_OSMIUM;10003;20;10000;14;;;10027;10;10029;23;;;10015.0;0.0
sawtooth_normal_s0;14100;INTARIAN_PEPPER_ROOT;10607;13;10605;16;;;10619;23;10622;21;;;10613.0;0.0
sawtooth_normal_s0;14100;ASH_COATED_OSMIUM;10013;6;10010;10;;;10017;6;10019;23;;;10015.0;0.0
sawtooth_normal_s0;14200;INTARIAN_PEPPER_ROOT;10598;14;10596;16;;;10628;14;10631;20;;;10613.0;0.0
sawtooth_normal_s0;14200;ASH_COATED_OSMIUM;9996;14;9992;26;;;10030;7;10034;24;;;10013.0;0.0
sawtooth_normal_s0;14300;INTARIAN_PEPPER_ROOT;10575;6;10572;15;;;10659;19;10661;20;;;10617.0;0.0
sawtooth_normal_s0;14300;ASH_COATED_OSMIUM;10011;16;10007;28;;;10015;19;10019;33;;;10013.0;0.0
sawtooth_normal_s0;14400;INTARIAN_PEPPER_ROOT;10611;22;10609;22;;;10621;11;10624;10;;;10616.0;0.0
sawtooth_normal_s0;14400;ASH_COATED_OSMIUM;10013;23;10009;13;;;10015;11;10017;24;;;10014.0;0.0
sawtooth_normal_s0;14500;INTARIAN_PEPPER_ROOT;10615;6;10612;32;;;10617;8;10619;17;;;10616.0;0.0
sawtooth_normal_s0;14500;ASH_COATED_OSMIUM;10004;9;10002;23;;;10022;18;10025;28;;;10013.0;0.0
sawtooth_normal_s0;14600;INTARIAN_PEPPER_ROOT;10602;12;10599;24;;;10630;20;10632;22;;;10616.0;0.0
sawtooth_normal_s0;14600;ASH_COATED_OSMIUM;10014;18;10010;24;;;10016;16;10019;31;;;10015.0;0.0
sawtooth_normal_s0;14700;INTARIAN_PEPPER_ROOT;10609;10;10605;23;;;10621;17;10623;21;;;10615.0;0.0
sawtooth_normal_s0;14700;ASH_COATED_OSMIUM;10012;14;10010;25;;;10020;21;10023;8;;;10016.0;0.0
sawtooth_normal_s0;14800;INTARIAN_PEPPER_ROOT;10612;10;10609;22;;;10624;14;10628;25;;;10618.0;0.0
sawtooth_normal_s0;14800;ASH_COATED_OSMIUM;10005;17;10002;28;;;10023;16;10026;22;;;10014.0;0.0
sawtooth_normal_s0;14900;INTARIAN_PEPPER_ROOT;10595;11;10592;28;;;10641;12;10645;21;;;10618.0;0.0
sawtooth_normal_s0;14900;ASH_COATED_OSMIUM;10003;14;10000;12;;;10027;23;10029;16;;;10015.0;0.0
sawtooth_normal_s0;15000;INTARIAN_PEPPER_ROOT;10611;18;10608;22;;;10621;18;10623;14;;;10616.0;0.0
sawtooth_normal_s0;15000;ASH_COATED_OSMIUM;10012;13;10010;20;;;10020;6;10023;21;;;10016.0;0.0
sawtooth_normal_s0;15100;INTARIAN_PEPPER_ROOT;10610;13;10606;22;;;10622;14;10626;22;;;10616.0;0.0
sawtooth_normal_s0;15100;ASH_COATED_OSMIUM;10004;13;10001;17;;;10034;15;10038;19;;;10019.0;0.0
sawtooth_normal_s0;15200;INTARIAN_PEPPER_ROOT;10612;13;10610;22;;;10620;12;10622;17;;;10616.0;0.0
sawtooth_normal_s0;15200;ASH_COATED_OSMIUM;10017;12;10015;23;;;10021;17;10025;14;;;10019.0;0.0
sawtooth_normal_s0;15300;INTARIAN_PEPPER_ROOT;10614;12;10610;30;;;10626;16;10628;11;;;10620.0;0.0
sawtooth_normal_s0;15300;ASH_COATED_OSMIUM;10011;11;10007;14;;;10027;12;10030;23;;;10019.0;0.0
sawtooth_normal_s0;15400;INTARIAN_PEPPER_ROOT;10615;15;10612;17;;;10627;18;10630;24;;;10621.0;0.0
sawtooth_normal_s0;15400;ASH_COATED_OSMIUM;10009;10;10006;22;;;10023;12;10027;32;;;10016.0;0.0
sawtooth_normal_s0;15500;INTARIAN_PEPPER_ROOT;10612;15;10610;25;;;10632;28;10634;25;;;10622.0;0.0
sawtooth_normal_s0;15500;ASH_COATED_OSMIUM;10011;13;10009;10;;;10013;9;10017;30;;;10012.0;0.0
sawtooth_normal_s0;15600;INTARIAN_PEPPER_ROOT;10618;5;10615;24;;;10624;16;10627;24;;;10621.0;0.0
sawtooth_normal_s0;15600;ASH_COATED_OSMIUM;10011;19;10007;14;;;10013;7;10015;22;;;10012.0;0.0
sawtooth_normal_s0;15700;INTARIAN_PEPPER_ROOT;10620;15;10618;26;;;10626;18;10628;20;;;10623.0;0.0
sawtooth_normal_s0;15700;ASH_COATED_OSMIUM;10007;18;10004;23;;;10015;17;10018;12;;;10011.0;0.0
sawtooth_normal_s0;15800;INTARIAN_PEPPER_ROOT;10604;14;10602;23;;;10642;11;10644;15;;;10623.0;0.0
sawtooth_normal_s0;15800;ASH_COATED_OSMIUM;10004;10;10000;15;;;10014;15;10017;18;;;10009.0;0.0
sawtooth_normal_s0;15900;INTARIAN_PEPPER_ROOT;10618;16;10615;21;;;10624;17;10626;24;;;10621.0;0.0
sawtooth_normal_s0;15900;ASH_COATED_OSMIUM;9997;16;9993;14;;;10007;5;10010;22;;;10002.0;0.0
sawtooth_normal_s0;16000;INTARIAN_PEPPER_ROOT;10617;19;10613;20;;;10629;13;10632;16;;;10623.0;0.0
sawtooth_normal_s0;16000;ASH_COATED_OSMIUM;10005;10;10002;27;;;10015;13;10018;18;;;10010.0;0.0
sawtooth_normal_s0;16100;INTARIAN_PEPPER_ROOT;10623;5;10621;20;;;10625;16;10627;32;;;10624.0;0.0
sawtooth_normal_s0;16100;ASH_COATED_OSMIUM;10009;5;10005;19;;;10013;5;10016;15;;;10011.0;0.0
sawtooth_normal_s0;16200;INTARIAN_PEPPER_ROOT;10622;11;10619;18;;;10632;10;10636;20;;;10627.0;0.0
sawtooth_normal_s0;16200;ASH_COATED_OSMIUM;9997;20;9995;16;;;10025;12;10027;33;;;10011.0;0.0
sawtooth_normal_s0;16300;INTARIAN_PEPPER_ROOT;10623;26;10619;24;;;10633;14;10635;12;;;10628.0;0.0
sawtooth_normal_s0;16300;ASH_COATED_OSMIUM;10013;8;10009;22;;;10021;5;10025;17;;;10017.0;0.0
sawtooth_normal_s0;16400;INTARIAN_PEPPER_ROOT;10621;19;10619;13;;;10639;24;10641;17;;;10630.0;0.0
sawtooth_normal_s0;16400;ASH_COATED_OSMIUM;10004;23;10001;17;;;10016;13;10019;21;;;10010.0;0.0
sawtooth_normal_s0;16500;INTARIAN_PEPPER_ROOT;10628;18;10624;9;;;10630;20;10633;15;;;10629.0;0.0
sawtooth_normal_s0;16500;ASH_COATED_OSMIUM;10004;20;10002;14;;;10016;16;10020;22;;;10010.0;0.0
sawtooth_normal_s0;16600;INTARIAN_PEPPER_ROOT;10625;10;10623;25;;;10633;7;10637;21;;;10629.0;0.0
sawtooth_normal_s0;16600;ASH_COATED_OSMIUM;10009;14;10006;26;;;10011;9;10014;13;;;10010.0;0.0
sawtooth_normal_s0;16700;INTARIAN_PEPPER_ROOT;10626;10;10622;21;;;10636;14;10639;20;;;10631.0;0.0
sawtooth_normal_s0;16700;ASH_COATED_OSMIUM;10004;14;10002;14;;;10022;5;10024;26;;;10013.0;0.0
sawtooth_normal_s0;16800;INTARIAN_PEPPER_ROOT;10618;21;10616;19;;;10642;30;10646;16;;;10630.0;0.0
sawtooth_normal_s0;16800;ASH_COATED_OSMIUM;10003;13;10001;19;;;10019;5;10021;17;;;10011.0;0.0
sawtooth_normal_s0;16900;INTARIAN_PEPPER_ROOT;10613;10;10609;23;;;10645;15;10647;22;;;10629.0;0.0
sawtooth_normal_s0;16900;ASH_COATED_OSMIUM;10005;6;10003;26;;;10007;15;10010;15;;;10006.0;0.0
sawtooth_normal_s0;17000;INTARIAN_PEPPER_ROOT;10626;13;10623;12;;;10634;10;10636;18;;;10630.0;0.0
sawtooth_normal_s0;17000;ASH_COATED_OSMIUM;9990;21;9987;28;;;10026;15;10028;30;;;10008.0;0.0
sawtooth_normal_s0;17100;INTARIAN_PEPPER_ROOT;10629;9;10626;9;;;10631;11;10635;26;;;10630.0;0.0
sawtooth_normal_s0;17100;ASH_COATED_OSMIUM;10002;10;10000;15;;;10004;9;10007;22;;;10003.0;0.0
sawtooth_normal_s0;17200;INTARIAN_PEPPER_ROOT;10622;10;10620;18;;;10638;13;10640;27;;;10630.0;0.0
sawtooth_normal_s0;17200;ASH_COATED_OSMIUM;9988;5;9984;21;;;10008;18;10011;24;;;9998.0;0.0
sawtooth_normal_s0;17300;INTARIAN_PEPPER_ROOT;10618;10;10616;17;;;10640;19;10643;23;;;10629.0;0.0
sawtooth_normal_s0;17300;ASH_COATED_OSMIUM;9990;11;9987;25;;;10010;5;10012;15;;;10000.0;0.0
sawtooth_normal_s0;17400;INTARIAN_PEPPER_ROOT;10617;8;10614;13;;;10639;15;10643;23;;;10628.0;0.0
sawtooth_normal_s0;17400;ASH_COATED_OSMIUM;10001;7;9998;17;;;10007;19;10009;19;;;10004.0;0.0
sawtooth_normal_s0;17500;INTARIAN_PEPPER_ROOT;10614;15;10611;23;;;10638;26;10640;10;;;10626.0;0.0
sawtooth_normal_s0;17500;ASH_COATED_OSMIUM;9989;10;9987;21;;;10021;14;10025;17;;;10005.0;0.0
sawtooth_normal_s0;17600;INTARIAN_PEPPER_ROOT;10625;15;10622;20;;;10629;17;10631;15;;;10627.0;0.0
sawtooth_normal_s0;17600;ASH_COATED_OSMIUM;9986;21;9983;17;;;10020;13;10023;24;;;10003.0;0.0
sawtooth_normal_s0;17700;INTARIAN_PEPPER_ROOT;10619;16;10617;16;;;10631;16;10634;17;;;10625.0;0.0
sawtooth_normal_s0;17700;ASH_COATED_OSMIUM;9990;15;9988;14;;;10004;9;10007;24;;;9997.0;0.0
sawtooth_normal_s0;17800;INTARIAN_PEPPER_ROOT;10615;15;10613;22;;;10635;14;10638;14;;;10625.0;0.0
sawtooth_normal_s0;17800;ASH_COATED_OSMIUM;9995;13;9991;23;;;9997;5;10001;17;;;9996.0;0.0
sawtooth_normal_s0;17900;INTARIAN_PEPPER_ROOT;10621;15;10618;9;;;10631;18;10633;22;;;10626.0;0.0
sawtooth_normal_s0;17900;ASH_COATED_OSMIUM;9993;10;9990;23;;;9995;16;9998;19;;;9994.0;0.0
sawtooth_normal_s0;18000;INTARIAN_PEPPER_ROOT;10609;16;10607;17;;;10641;8;10644;19;;;10625.0;0.0
sawtooth_normal_s0;18000;ASH_COATED_OSMIUM;9954;10;9950;22;;;10032;20;10036;21;;;9993.0;0.0
sawtooth_normal_s0;18100;INTARIAN_PEPPER_ROOT;10626;14;10622;13;;;10630;14;10632;24;;;10628.0;0.0
sawtooth_normal_s0;18100;ASH_COATED_OSMIUM;9984;9;9980;17;;;9996;16;9999;21;;;9990.0;0.0
sawtooth_normal_s0;18200;INTARIAN_PEPPER_ROOT;10626;16;10624;18;;;10628;17;10630;12;;;10627.0;0.0
sawtooth_normal_s0;18200;ASH_COATED_OSMIUM;9987;19;9984;22;;;9991;10;9993;15;;;9989.0;0.0
sawtooth_normal_s0;18300;INTARIAN_PEPPER_ROOT;10613;17;10610;23;;;10641;23;10644;8;;;10627.0;0.0
sawtooth_normal_s0;18300;ASH_COATED_OSMIUM;9974;14;9972;24;;;10016;6;10019;18;;;9995.0;0.0
sawtooth_normal_s0;18400;INTARIAN_PEPPER_ROOT;10619;19;10616;25;;;10639;6;10643;23;;;10629.0;0.0
sawtooth_normal_s0;18400;ASH_COATED_OSMIUM;9961;10;9958;16;;;10015;6;10017;15;;;9988.0;0.0
sawtooth_normal_s0;18500;INTARIAN_PEPPER_ROOT;10623;11;10621;17;;;10631;17;10635;17;;;10627.0;0.0
sawtooth_normal_s0;18500;ASH_COATED_OSMIUM;9978;14;9976;15;;;9984;13;9986;20;;;9981.0;0.0
sawtooth_normal_s0;18600;INTARIAN_PEPPER_ROOT;10628;16;10626;21;;;10630;14;10634;22;;;10629.0;0.0
sawtooth_normal_s0;18600;ASH_COATED_OSMIUM;9977;14;9974;13;;;9991;6;9994;19;;;9984.0;0.0
sawtooth_normal_s0;18700;INTARIAN_PEPPER_ROOT;10626;16;10623;23;;;10632;12;10635;16;;;10629.0;0.0
sawtooth_normal_s0;18700;ASH_COATED_OSMIUM;9979;12;9975;20;;;9989;5;9991;25;;;9984.0;0.0
sawtooth_normal_s0;18800;INTARIAN_PEPPER_ROOT;10619;10;10616;24;;;10641;15;10643;18;;;10630.0;0.0
sawtooth_normal_s0;18800;ASH_COATED_OSMIUM;9979;6;9975;16;;;9983;15;9985;14;;;9981.0;0.0
sawtooth_normal_s0;18900;INTARIAN_PEPPER_ROOT;10632;5;10629;17;;;10634;5;10636;18;;;10633.0;0.0
sawtooth_normal_s0;18900;ASH_COATED_OSMIUM;9977;7;9973;14;;;9979;11;9982;22;;;9978.0;0.0
sawtooth_normal_s0;19000;INTARIAN_PEPPER_ROOT;10629;12;10626;20;;;10645;19;10648;21;;;10637.0;0.0
sawtooth_normal_s0;19000;ASH_COATED_OSMIUM;9968;7;9964;20;;;9990;11;9992;15;;;9979.0;0.0
sawtooth_normal_s0;19100;INTARIAN_PEPPER_ROOT;10621;17;10619;21;;;10657;11;10659;14;;;10639.0;0.0
sawtooth_normal_s0;19100;ASH_COATED_OSMIUM;9976;22;9972;18;;;9988;5;9992;21;;;9982.0;0.0
sawtooth_normal_s0;19200;INTARIAN_PEPPER_ROOT;10629;15;10626;13;;;10651;8;10655;23;;;10640.0;0.0
sawtooth_normal_s0;19200;ASH_COATED_OSMIUM;9984;16;9982;17;;;9986;14;9988;21;;;9985.0;0.0
sawtooth_normal_s0;19300;INTARIAN_PEPPER_ROOT;10632;17;10629;35;;;10648;18;10652;15;;;10640.0;0.0
sawtooth_normal_s0;19300;ASH_COATED_OSMIUM;9984;21;9981;22;;;9994;12;9997;21;;;9989.0;0.0
sawtooth_normal_s0;19400;INTARIAN_PEPPER_ROOT;10633;14;10631;23;;;10651;14;10655;25;;;10642.0;0.0
sawtooth_normal_s0;19400;ASH_COATED_OSMIUM;9987;5;9985;21;;;9991;9;9993;20;;;9989.0;0.0
sawtooth_normal_s0;19500;INTARIAN_PEPPER_ROOT;10639;22;10635;23;;;10649;13;10651;19;;;10644.0;0.0
sawtooth_normal_s0;19500;ASH_COATED_OSMIUM;9983;19;9979;15;;;9995;11;9997;23;;;9989.0;0.0
sawtooth_normal_s0;19600;INTARIAN_PEPPER_ROOT;10633;14;10630;21;;;10657;12;10659;15;;;10645.0;0.0
sawtooth_normal_s0;19600;ASH_COATED_OSMIUM;9984;8;9982;19;;;9996;14;9999;25;;;9990.0;0.0
sawtooth_normal_s0;19700;INTARIAN_PEPPER_ROOT;10623;19;10620;15;;;10665;16;10668;17;;;10644.0;0.0
sawtooth_normal_s0;19700;ASH_COATED_OSMIUM;9976;23;9974;22;;;10004;8;10008;21;;;9990.0;0.0
sawtooth_normal_s0;19800;INTARIAN_PEPPER_ROOT;10642;23;10638;24;;;10646;19;10650;20;;;10644.0;0.0
sawtooth_normal_s0;19800;ASH_COATED_OSMIUM;9986;12;9984;19;;;9994;18;9998;25;;;9990.0;0.0
sawtooth_normal_s0;19900;INTARIAN_PEPPER_ROOT;10643;15;10640;14;;;10645;5;10649;9;;;10644.0;0.0
sawtooth_normal_s0;19900;ASH_COATED_OSMIUM;9963;14;9960;10;;;10009;10;10011;20;;;9986.0;0.0
sawtooth_normal_s0;20000;INTARIAN_PEPPER_ROOT;10610;9;10607;22;;;10682;14;10685;13;;;10646.0;0.0
sawtooth_normal_s0;20000;ASH_COATED_OSMIUM;9986;19;9984;23;;;9988;13;9990;20;;;9987.0;0.0
sawtooth_normal_s0;20100;INTARIAN_PEPPER_ROOT;10641;21;10637;25;;;10651;15;10654;16;;;10646.0;0.0
sawtooth_normal_s0;20100;ASH_COATED_OSMIUM;9959;15;9956;16;;;10019;13;10022;24;;;9989.0;0.0
sawtooth_normal_s0;20200;INTARIAN_PEPPER_ROOT;10642;10;10638;15;;;10654;14;10656;35;;;10648.0;0.0
sawtooth_normal_s0;20200;ASH_COATED_OSMIUM;9987;22;9983;15;;;9993;30;9997;16;;;9990.0;0.0
sawtooth_normal_s0;20300;INTARIAN_PEPPER_ROOT;10644;13;10640;18;;;10652;20;10656;22;;;10648.0;0.0
sawtooth_normal_s0;20300;ASH_COATED_OSMIUM;9934;8;9932;21;;;10052;16;10055;11;;;9993.0;0.0
sawtooth_normal_s0;20400;INTARIAN_PEPPER_ROOT;10645;15;10641;21;;;10655;6;10659;28;;;10650.0;0.0
sawtooth_normal_s0;20400;ASH_COATED_OSMIUM;9981;13;9977;19;;;10011;13;10015;20;;;9996.0;0.0
sawtooth_normal_s0;20500;INTARIAN_PEPPER_ROOT;10645;6;10642;21;;;10655;18;10658;17;;;10650.0;0.0
sawtooth_normal_s0;20500;ASH_COATED_OSMIUM;9989;13;9986;17;;;9991;18;9995;27;;;9990.0;0.0
sawtooth_normal_s0;20600;INTARIAN_PEPPER_ROOT;10639;16;10637;23;;;10661;18;10665;11;;;10650.0;0.0
sawtooth_normal_s0;20600;ASH_COATED_OSMIUM;9970;16;9968;27;;;10006;12;10009;30;;;9988.0;0.0
sawtooth_normal_s0;20700;INTARIAN_PEPPER_ROOT;10643;13;10641;28;;;10657;14;10659;20;;;10650.0;0.0
sawtooth_normal_s0;20700;ASH_COATED_OSMIUM;9989;7;9987;24;;;9995;18;9997;11;;;9992.0;0.0
sawtooth_normal_s0;20800;INTARIAN_PEPPER_ROOT;10650;15;10648;16;;;10652;15;10654;17;;;10651.0;0.0
sawtooth_normal_s0;20800;ASH_COATED_OSMIUM;9988;15;9985;17;;;9992;12;9994;12;;;9990.0;0.0
sawtooth_normal_s0;20900;INTARIAN_PEPPER_ROOT;10631;9;10628;33;;;10673;22;10676;29;;;10652.0;0.0
sawtooth_normal_s0;20900;ASH_COATED_OSMIUM;9982;22;9979;16;;;10002;20;10005;22;;;9992.0;0.0
sawtooth_normal_s0;21000;INTARIAN_PEPPER_ROOT;10644;14;10642;16;;;10668;24;10671;23;;;10656.0;0.0
sawtooth_normal_s0;21000;ASH_COATED_OSMIUM;9987;15;9985;29;;;9995;15;9999;24;;;9991.0;0.0
sawtooth_normal_s0;21100;INTARIAN_PEPPER_ROOT;10646;14;10644;13;;;10666;10;10670;16;;;10656.0;0.0
sawtooth_normal_s0;21100;ASH_COATED_OSMIUM;9982;11;9980;18;;;10010;7;10014;16;;;9996.0;0.0
sawtooth_normal_s0;21200;INTARIAN_PEPPER_ROOT;10652;12;10648;32;;;10660;12;10662;19;;;10656.0;0.0
sawtooth_normal_s0;21200;ASH_COATED_OSMIUM;9994;11;9990;22;;;9998;18;10001;12;;;9996.0;0.0
sawtooth_normal_s0;21300;INTARIAN_PEPPER_ROOT;10631;11;10629;21;;;10681;18;10683;23;;;10656.0;0.0
sawtooth_normal_s0;21300;ASH_COATED_OSMIUM;9995;16;9993;17;;;9997;17;9999;14;;;9996.0;0.0
sawtooth_normal_s0;21400;INTARIAN_PEPPER_ROOT;10651;20;10648;8;;;10661;18;10665;21;;;10656.0;0.0
sawtooth_normal_s0;21400;ASH_COATED_OSMIUM;9972;14;9969;16;;;10012;15;10016;20;;;9992.0;0.0
sawtooth_normal_s0;21500;INTARIAN_PEPPER_ROOT;10602;13;10599;20;;;10712;11;10715;23;;;10657.0;0.0
sawtooth_normal_s0;21500;ASH_COATED_OSMIUM;9976;16;9974;13;;;10000;12;10004;17;;;9988.0;0.0
sawtooth_normal_s0;21600;INTARIAN_PEPPER_ROOT;10655;9;10651;10;;;10657;21;10659;19;;;10656.0;0.0
sawtooth_normal_s0;21600;ASH_COATED_OSMIUM;9980;11;9977;23;;;9994;20;9998;28;;;9987.0;0.0
sawtooth_normal_s0;21700;INTARIAN_PEPPER_ROOT;10636;16;10634;18;;;10676;18;10680;14;;;10656.0;0.0
sawtooth_normal_s0;21700;ASH_COATED_OSMIUM;9977;10;9975;21;;;10003;21;10007;23;;;9990.0;0.0
sawtooth_normal_s0;21800;INTARIAN_PEPPER_ROOT;10656;17;10652;23;;;10658;17;10660;23;;;10657.0;0.0
sawtooth_normal_s0;21800;ASH_COATED_OSMIUM;9968;15;9966;23;;;10010;5;10014;28;;;9989.0;0.0
sawtooth_normal_s0;21900;INTARIAN_PEPPER_ROOT;10635;14;10631;19;;;10681;5;10683;11;;;10658.0;0.0
sawtooth_normal_s0;21900;ASH_COATED_OSMIUM;9985;16;9983;23;;;10001;5;10003;20;;;9993.0;0.0
sawtooth_normal_s0;22000;INTARIAN_PEPPER_ROOT;10644;12;10642;24;;;10672;21;10674;18;;;10658.0;0.0
sawtooth_normal_s0;22000;ASH_COATED_OSMIUM;9990;13;9986;24;;;9996;20;9998;18;;;9993.0;0.0
sawtooth_normal_s0;22100;INTARIAN_PEPPER_ROOT;10652;9;10649;20;;;10666;15;10668;22;;;10659.0;0.0
sawtooth_normal_s0;22100;ASH_COATED_OSMIUM;9990;12;9987;18;;;9998;6;10000;12;;;9994.0;0.0
sawtooth_normal_s0;22200;INTARIAN_PEPPER_ROOT;10656;15;10652;20;;;10658;20;10660;19;;;10657.0;0.0
sawtooth_normal_s0;22200;ASH_COATED_OSMIUM;9962;19;9958;22;;;10022;12;10026;25;;;9992.0;0.0
sawtooth_normal_s0;22300;INTARIAN_PEPPER_ROOT;10648;5;10646;16;;;10666;24;10670;14;;;10657.0;0.0
sawtooth_normal_s0;22300;ASH_COATED_OSMIUM;9981;21;9978;18;;;10007;12;10009;18;;;9994.0;0.0
sawtooth_normal_s0;22400;INTARIAN_PEPPER_ROOT;10656;10;10652;19;;;10658;12;10662;17;;;10657.0;0.0
sawtooth_normal_s0;22400;ASH_COATED_OSMIUM;9995;10;9992;18;;;10003;19;10005;9;;;9999.0;0.0
sawtooth_normal_s0;22500;INTARIAN_PEPPER_ROOT;10654;13;10651;24;;;10662;21;10665;19;;;10658.0;0.0
sawtooth_normal_s0;22500;ASH_COATED_OSMIUM;9994;5;9990;24;;;10008;7;10012;17;;;10001.0;0.0
sawtooth_normal_s0;22600;INTARIAN_PEPPER_ROOT;10651;17;10647;10;;;10663;20;10666;20;;;10657.0;0.0
sawtooth_normal_s0;22600;ASH_COATED_OSMIUM;10006;12;10002;12;;;10008;18;10010;24;;;10007.0;0.0
sawtooth_normal_s0;22700;INTARIAN_PEPPER_ROOT;10643;23;10639;19;;;10675;21;10678;22;;;10659.0;0.0
sawtooth_normal_s0;22700;ASH_COATED_OSMIUM;10001;15;9998;28;;;10007;16;10009;21;;;10004.0;0.0
sawtooth_normal_s0;22800;INTARIAN_PEPPER_ROOT;10658;5;10656;24;;;10666;15;10668;22;;;10662.0;0.0
sawtooth_normal_s0;22800;ASH_COATED_OSMIUM;9998;16;9995;14;;;10002;16;10006;19;;;10000.0;0.0
sawtooth_normal_s0;22900;INTARIAN_PEPPER_ROOT;10656;23;10654;18;;;10662;15;10666;26;;;10659.0;0.0
sawtooth_normal_s0;22900;ASH_COATED_OSMIUM;9979;17;9977;21;;;10013;22;10015;18;;;9996.0;0.0
sawtooth_normal_s0;23000;INTARIAN_PEPPER_ROOT;10656;19;10653;25;;;10664;25;10668;17;;;10660.0;0.0
sawtooth_normal_s0;23000;ASH_COATED_OSMIUM;9986;9;9982;11;;;10006;8;10009;11;;;9996.0;0.0
sawtooth_normal_s0;23100;INTARIAN_PEPPER_ROOT;10662;14;10660;17;;;10664;15;10666;17;;;10663.0;0.0
sawtooth_normal_s0;23100;ASH_COATED_OSMIUM;9992;14;9988;30;;;9994;17;9998;23;;;9993.0;0.0
sawtooth_normal_s0;23200;INTARIAN_PEPPER_ROOT;10657;19;10653;23;;;10667;10;10671;26;;;10662.0;0.0
sawtooth_normal_s0;23200;ASH_COATED_OSMIUM;9983;6;9979;22;;;9997;9;10000;21;;;9990.0;0.0
sawtooth_normal_s0;23300;INTARIAN_PEPPER_ROOT;10660;11;10656;18;;;10664;14;10666;23;;;10662.0;0.0
sawtooth_normal_s0;23300;ASH_COATED_OSMIUM;9987;6;9983;20;;;9989;16;9993;13;;;9988.0;0.0
sawtooth_normal_s0;23400;INTARIAN_PEPPER_ROOT;10655;20;10651;19;;;10671;12;10674;23;;;10663.0;0.0
sawtooth_normal_s0;23400;ASH_COATED_OSMIUM;9997;5;9993;16;;;10001;18;10003;23;;;9999.0;0.0
sawtooth_normal_s0;23500;INTARIAN_PEPPER_ROOT;10662;17;10660;18;;;10664;19;10667;15;;;10663.0;0.0
sawtooth_normal_s0;23500;ASH_COATED_OSMIUM;9997;14;9994;20;;;10001;8;10005;21;;;9999.0;0.0
sawtooth_normal_s0;23600;INTARIAN_PEPPER_ROOT;10661;10;10659;22;;;10667;16;10671;21;;;10664.0;0.0
sawtooth_normal_s0;23600;ASH_COATED_OSMIUM;9993;14;9989;14;;;10005;17;10009;22;;;9999.0;0.0
sawtooth_normal_s0;23700;INTARIAN_PEPPER_ROOT;10654;20;10652;16;;;10668;17;10671;26;;;10661.0;0.0
sawtooth_normal_s0;23700;ASH_COATED_OSMIUM;9991;12;9988;12;;;10003;6;10007;18;;;9997.0;0.0
sawtooth_normal_s0;23800;INTARIAN_PEPPER_ROOT;10660;5;10656;26;;;10668;21;10672;20;;;10664.0;0.0
sawtooth_normal_s0;23800;ASH_COATED_OSMIUM;9979;24;9975;26;;;10009;16;10012;21;;;9994.0;0.0
sawtooth_normal_s0;23900;INTARIAN_PEPPER_ROOT;10661;9;10658;18;;;10671;20;10674;11;;;10666.0;0.0
sawtooth_normal_s0;23900;ASH_COATED_OSMIUM;9980;6;9976;9;;;10010;9;10012;20;;;9995.0;0.0
sawtooth_normal_s0;24000;INTARIAN_PEPPER_ROOT;10653;22;10651;12;;;10677;8;10681;23;;;10665.0;0.0
sawtooth_normal_s0;24000;ASH_COATED_OSMIUM;9983;18;9981;25;;;10001;13;10005;18;;;9992.0;0.0
sawtooth_normal_s0;24100;INTARIAN_PEPPER_ROOT;10656;19;10654;17;;;10672;26;10676;15;;;10664.0;0.0
sawtooth_normal_s0;24100;ASH_COATED_OSMIUM;9985;10;9982;23;;;9989;18;9993;18;;;9987.0;0.0
sawtooth_normal_s0;24200;INTARIAN_PEPPER_ROOT;10660;18;10657;19;;;10672;14;10674;17;;;10666.0;0.0
sawtooth_normal_s0;24200;ASH_COATED_OSMIUM;9966;14;9964;24;;;9998;15;10001;16;;;9982.0;0.0
sawtooth_normal_s0;24300;INTARIAN_PEPPER_ROOT;10657;12;10653;26;;;10673;7;10677;27;;;10665.0;0.0
sawtooth_normal_s0;24300;ASH_COATED_OSMIUM;9988;11;9985;13;;;9990;7;9992;12;;;9989.0;0.0
sawtooth_normal_s0;24400;INTARIAN_PEPPER_ROOT;10665;17;10663;25;;;10667;14;10671;19;;;10666.0;0.0
sawtooth_normal_s0;24400;ASH_COATED_OSMIUM;9986;15;9982;14;;;9990;15;9994;25;;;9988.0;0.0
sawtooth_normal_s0;24500;INTARIAN_PEPPER_ROOT;10665;20;10663;9;;;10667;25;10670;23;;;10666.0;0.0
sawtooth_normal_s0;24500;ASH_COATED_OSMIUM;9982;15;9980;11;;;9984;5;9987;17;;;9983.0;0.0
sawtooth_normal_s0;24600;INTARIAN_PEPPER_ROOT;10664;5;10662;11;;;10672;13;10675;19;;;10668.0;0.0
sawtooth_normal_s0;24600;ASH_COATED_OSMIUM;9979;14;9975;15;;;9987;14;9989;17;;;9983.0;0.0
sawtooth_normal_s0;24700;INTARIAN_PEPPER_ROOT;10661;13;10657;16;;;10679;7;10681;26;;;10670.0;0.0
sawtooth_normal_s0;24700;ASH_COATED_OSMIUM;9976;8;9973;21;;;9996;13;10000;28;;;9986.0;0.0
sawtooth_normal_s0;24800;INTARIAN_PEPPER_ROOT;10665;19;10662;22;;;10675;10;10678;15;;;10670.0;0.0
sawtooth_normal_s0;24800;ASH_COATED_OSMIUM;9981;20;9978;24;;;9993;21;9996;19;;;9987.0;0.0
sawtooth_normal_s0;24900;INTARIAN_PEPPER_ROOT;10665;11;10661;18;;;10671;18;10674;20;;;10668.0;0.0
sawtooth_normal_s0;24900;ASH_COATED_OSMIUM;9977;19;9975;17;;;9991;15;9995;21;;;9984.0;0.0
sawtooth_normal_s0;25000;INTARIAN_PEPPER_ROOT;10662;26;10658;12;;;10670;15;10673;21;;;10666.0;0.0
sawtooth_normal_s0;25000;ASH_COATED_OSMIUM;9978;6;9975;14;;;9990;12;9992;18;;;9984.0;0.0
sawtooth_normal_s0;25100;INTARIAN_PEPPER_ROOT;10661;14;10657;16;;;10675;16;10677;14;;;10668.0;0.0
sawtooth_normal_s0;25100;ASH_COATED_OSMIUM;9980;6;9978;23;;;9986;5;9988;15;;;9983.0;0.0
sawtooth_normal_s0;25200;INTARIAN_PEPPER_ROOT;10664;25;10660;14;;;10670;15;10674;22;;;10667.0;0.0
sawtooth_normal_s0;25200;ASH_COATED_OSMIUM;9980;18;9977;21;;;9994;12;9996;12;;;9987.0;0.0
sawtooth_normal_s0;25300;INTARIAN_PEPPER_ROOT;10665;15;10661;11;;;10669;14;10671;21;;;10667.0;0.0
sawtooth_normal_s0;25300;ASH_COATED_OSMIUM;9977;9;9974;18;;;10009;15;10013;17;;;9993.0;0.0
sawtooth_normal_s0;25400;INTARIAN_PEPPER_ROOT;10666;22;10664;14;;;10668;16;10671;18;;;10667.0;0.0
sawtooth_normal_s0;25400;ASH_COATED_OSMIUM;9992;13;9990;19;;;9994;14;9997;20;;;9993.0;0.0
sawtooth_normal_s0;25500;INTARIAN_PEPPER_ROOT;10665;13;10661;11;;;10669;6;10672;23;;;10667.0;0.0
sawtooth_normal_s0;25500;ASH_COATED_OSMIUM;9982;6;9980;26;;;9992;14;9995;21;;;9987.0;0.0
sawtooth_normal_s0;25600;INTARIAN_PEPPER_ROOT;10659;17;10657;18;;;10671;19;10675;22;;;10665.0;0.0
sawtooth_normal_s0;25600;ASH_COATED_OSMIUM;9979;9;9976;17;;;9997;12;10001;25;;;9988.0;0.0
sawtooth_normal_s0;25700;INTARIAN_PEPPER_ROOT;10661;12;10658;19;;;10669;15;10671;18;;;10665.0;0.0
sawtooth_normal_s0;25700;ASH_COATED_OSMIUM;9988;6;9986;19;;;9990;5;9994;11;;;9989.0;0.0
sawtooth_normal_s0;25800;INTARIAN_PEPPER_ROOT;10666;14;10663;18;;;10668;14;10671;18;;;10667.0;0.0
sawtooth_normal_s0;25800;ASH_COATED_OSMIUM;9983;6;9980;18;;;9991;6;9993;21;;;9987.0;0.0
sawtooth_normal_s0;25900;INTARIAN_PEPPER_ROOT;10662;16;10660;21;;;10674;15;10677;21;;;10668.0;0.0
sawtooth_normal_s0;25900;ASH_COATED_OSMIUM;9982;13;9980;15;;;9990;16;9992;21;;;9986.0;0.0
sawtooth_normal_s0;26000;INTARIAN_PEPPER_ROOT;10663;16;10659;17;;;10673;8;10675;18;;;10668.0;0.0
sawtooth_normal_s0;26000;ASH_COATED_OSMIUM;9974;19;9971;15;;;10004;14;10006;13;;;9989.0;0.0
sawtooth_normal_s0;26100;INTARIAN_PEPPER_ROOT;10653;12;10650;14;;;10685;14;10688;20;;;10669.0;0.0
sawtooth_normal_s0;26100;ASH_COATED_OSMIUM;9989;14;9985;24;;;9991;15;9995;29;;;9990.0;0.0
sawtooth_normal_s0;26200;INTARIAN_PEPPER_ROOT;10663;12;10661;19;;;10677;14;10681;23;;;10670.0;0.0
sawtooth_normal_s0;26200;ASH_COATED_OSMIUM;9994;12;9992;10;;;9996;11;9998;27;;;9995.0;0.0
sawtooth_normal_s0;26300;INTARIAN_PEPPER_ROOT;10665;15;10661;13;;;10669;17;10673;22;;;10667.0;0.0
sawtooth_normal_s0;26300;ASH_COATED_OSMIUM;9990;15;9988;17;;;9996;19;10000;15;;;9993.0;0.0
sawtooth_normal_s0;26400;INTARIAN_PEPPER_ROOT;10663;14;10660;22;;;10677;18;10679;20;;;10670.0;0.0
sawtooth_normal_s0;26400;ASH_COATED_OSMIUM;9991;22;9989;14;;;9993;8;9995;14;;;9992.0;0.0
sawtooth_normal_s0;26500;INTARIAN_PEPPER_ROOT;10671;15;10667;11;;;10673;19;10676;16;;;10672.0;0.0
sawtooth_normal_s0;26500;ASH_COATED_OSMIUM;9990;5;9987;21;;;9994;6;9998;8;;;9992.0;0.0
sawtooth_normal_s0;26600;INTARIAN_PEPPER_ROOT;10664;17;10661;21;;;10678;18;10682;14;;;10671.0;0.0
sawtooth_normal_s0;26600;ASH_COATED_OSMIUM;9992;11;9990;15;;;9994;20;9996;8;;;9993.0;0.0
sawtooth_normal_s0;26700;INTARIAN_PEPPER_ROOT;10666;10;10664;14;;;10678;14;10680;16;;;10672.0;0.0
sawtooth_normal_s0;26700;ASH_COATED_OSMIUM;9993;17;9989;29;;;9999;12;10002;17;;;9996.0;0.0
sawtooth_normal_s0;26800;INTARIAN_PEPPER_ROOT;10664;16;10660;21;;;10682;8;10685;17;;;10673.0;0.0
sawtooth_normal_s0;26800;ASH_COATED_OSMIUM;9995;16;9993;25;;;9997;12;10001;19;;;9996.0;0.0
sawtooth_normal_s0;26900;INTARIAN_PEPPER_ROOT;10671;11;10669;29;;;10675;11;10677;10;;;10673.0;0.0
sawtooth_normal_s0;26900;ASH_COATED_OSMIUM;9990;14;9986;21;;;9998;9;10001;18;;;9994.0;0.0
sawtooth_normal_s0;27000;INTARIAN_PEPPER_ROOT;10662;10;10660;20;;;10680;17;10682;12;;;10671.0;0.0
sawtooth_normal_s0;27000;ASH_COATED_OSMIUM;9990;13;9988;20;;;10004;8;10008;21;;;9997.0;0.0
sawtooth_normal_s0;27100;INTARIAN_PEPPER_ROOT;10650;10;10646;21;;;10698;12;10700;19;;;10674.0;0.0
sawtooth_normal_s0;27100;ASH_COATED_OSMIUM;9998;5;9994;28;;;10004;11;10006;16;;;10001.0;0.0
sawtooth_normal_s0;27200;INTARIAN_PEPPER_ROOT;10668;14;10664;16;;;10684;14;10687;22;;;10676.0;0.0
sawtooth_normal_s0;27200;ASH_COATED_OSMIUM;9999;9;9996;23;;;10011;10;10015;25;;;10005.0;0.0
sawtooth_normal_s0;27300;INTARIAN_PEPPER_ROOT;10668;7;10665;19;;;10686;13;10688;23;;;10677.0;0.0
sawtooth_normal_s0;27300;ASH_COATED_OSMIUM;10001;15;9997;15;;;10015;16;10017;18;;;10008.0;0.0
sawtooth_normal_s0;27400;INTARIAN_PEPPER_ROOT;10676;5;10674;18;;;10678;20;10680;24;;;10677.0;0.0
sawtooth_normal_s0;27400;ASH_COATED_OSMIUM;9991;16;9989;20;;;10011;17;10013;21;;;10001.0;0.0
sawtooth_normal_s0;27500;INTARIAN_PEPPER_ROOT;10667;13;10665;18;;;10693;5;10697;27;;;10680.0;0.0
sawtooth_normal_s0;27500;ASH_COATED_OSMIUM;9977;12;9975;13;;;10019;14;10021;19;;;9998.0;0.0
sawtooth_normal_s0;27600;INTARIAN_PEPPER_ROOT;10646;18;10642;20;;;10718;15;10720;21;;;10682.0;0.0
sawtooth_normal_s0;27600;ASH_COATED_OSMIUM;9994;12;9991;15;;;10002;18;10004;16;;;9998.0;0.0
sawtooth_normal_s0;27700;INTARIAN_PEPPER_ROOT;10680;10;10676;15;;;10686;20;10690;20;;;10683.0;0.0
sawtooth_normal_s0;27700;ASH_COATED_OSMIUM;9976;13;9974;26;;;10024;23;10028;24;;;10000.0;0.0
sawtooth_normal_s0;27800;INTARIAN_PEPPER_ROOT;10673;12;10670;29;;;10691;15;10694;24;;;10682.0;0.0
sawtooth_normal_s0;27800;ASH_COATED_OSMIUM;9956;5;9953;18;;;10034;17;10038;17;;;9995.0;0.0
sawtooth_normal_s0;27900;INTARIAN_PEPPER_ROOT;10684;6;10681;17;;;10686;16;10690;18;;;10685.0;0.0
sawtooth_normal_s0;27900;ASH_COATED_OSMIUM;9981;18;9978;20;;;10005;10;10009;19;;;9993.0;0.0
sawtooth_normal_s0;28000;INTARIAN_PEPPER_ROOT;10678;20;10674;14;;;10696;21;10698;24;;;10687.0;0.0
sawtooth_normal_s0;28000;ASH_COATED_OSMIUM;9992;7;9988;19;;;9994;5;9997;17;;;9993.0;0.0
sawtooth_normal_s0;28100;INTARIAN_PEPPER_ROOT;10688;15;10685;19;;;10690;23;10694;30;;;10689.0;0.0
sawtooth_normal_s0;28100;ASH_COATED_OSMIUM;9992;11;9989;17;;;9998;20;10000;21;;;9995.0;0.0
sawtooth_normal_s0;28200;INTARIAN_PEPPER_ROOT;10687;11;10683;21;;;10689;21;10692;21;;;10688.0;0.0
sawtooth_normal_s0;28200;ASH_COATED_OSMIUM;9972;8;9970;15;;;10016;7;10020;18;;;9994.0;0.0
sawtooth_normal_s0;28300;INTARIAN_PEPPER_ROOT;10684;19;10682;25;;;10692;14;10696;20;;;10688.0;0.0
sawtooth_normal_s0;28300;ASH_COATED_OSMIUM;9991;9;9988;13;;;9995;16;9997;23;;;9993.0;0.0
sawtooth_normal_s0;28400;INTARIAN_PEPPER_ROOT;10692;14;10690;21;;;10694;21;10698;20;;;10693.0;0.0
sawtooth_normal_s0;28400;ASH_COATED_OSMIUM;9990;5;9988;10;;;9992;14;9994;14;;;9991.0;0.0
sawtooth_normal_s0;28500;INTARIAN_PEPPER_ROOT;10689;20;10687;22;;;10695;17;10699;21;;;10692.0;0.0
sawtooth_normal_s0;28500;ASH_COATED_OSMIUM;9991;9;9987;24;;;9995;15;9997;22;;;9993.0;0.0
sawtooth_normal_s0;28600;INTARIAN_PEPPER_ROOT;10689;14;10685;19;;;10695;17;10699;12;;;10692.0;0.0
sawtooth_normal_s0;28600;ASH_COATED_OSMIUM;9992;7;9989;16;;;9994;16;9998;20;;;9993.0;0.0
sawtooth_normal_s0;28700;INTARIAN_PEPPER_ROOT;10687;10;10685;23;;;10703;19;10707;19;;;10695.0;0.0
sawtooth_normal_s0;28700;ASH_COATED_OSMIUM;9998;15;9996;25;;;10000;7;10004;14;;;9999.0;0.0
sawtooth_normal_s0;28800;INTARIAN_PEPPER_ROOT;10695;14;10693;21;;;10697;13;10701;17;;;10696.0;0.0
sawtooth_normal_s0;28800;ASH_COATED_OSMIUM;9996;6;9994;13;;;9998;20;10001;14;;;9997.0;0.0
sawtooth_normal_s0;28900;INTARIAN_PEPPER_ROOT;10695;8;10691;20;;;10699;19;10703;17;;;10697.0;0.0
sawtooth_normal_s0;28900;ASH_COATED_OSMIUM;9993;8;9991;16;;;9997;15;9999;19;;;9995.0;0.0
sawtooth_normal_s0;29000;INTARIAN_PEPPER_ROOT;10695;21;10692;26;;;10699;17;10702;18;;;10697.0;0.0
sawtooth_normal_s0;29000;ASH_COATED_OSMIUM;9972;15;9970;26;;;10014;5;10018;19;;;9993.0;0.0
sawtooth_normal_s0;29100;INTARIAN_PEPPER_ROOT;10696;13;10693;13;;;10700;5;10703;24;;;10698.0;0.0
sawtooth_normal_s0;29100;ASH_COATED_OSMIUM;9988;12;9984;25;;;9996;18;9998;21;;;9992.0;0.0
sawtooth_normal_s0;29200;INTARIAN_PEPPER_ROOT;10692;18;10689;23;;;10702;5;10704;11;;;10697.0;0.0
sawtooth_normal_s0;29200;ASH_COATED_OSMIUM;9993;21;9989;21;;;10005;8;10009;30;;;9999.0;0.0
sawtooth_normal_s0;29300;INTARIAN_PEPPER_ROOT;10692;5;10689;28;;;10710;19;10712;26;;;10701.0;0.0
sawtooth_normal_s0;29300;ASH_COATED_OSMIUM;9994;5;9990;17;;;10010;7;10012;15;;;10002.0;0.0
sawtooth_normal_s0;29400;INTARIAN_PEPPER_ROOT;10700;11;10697;21;;;10702;9;10704;24;;;10701.0;0.0
sawtooth_normal_s0;29400;ASH_COATED_OSMIUM;10001;13;9999;24;;;10005;13;10007;19;;;10003.0;0.0
sawtooth_normal_s0;29500;INTARIAN_PEPPER_ROOT;10699;8;10695;26;;;10703;8;10707;24;;;10701.0;0.0
sawtooth_normal_s0;29500;ASH_COATED_OSMIUM;10001;20;9997;25;;;10005;18;10008;22;;;10003.0;0.0
sawtooth_normal_s0;29600;INTARIAN_PEPPER_ROOT;10696;13;10694;19;;;10708;20;10711;24;;;10702.0;0.0
sawtooth_normal_s0;29600;ASH_COATED_OSMIUM;9989;10;9986;27;;;10003;13;10007;29;;;9996.0;0.0
sawtooth_normal_s0;29700;INTARIAN_PEPPER_ROOT;10697;24;10693;13;;;10709;15;10712;24;;;10703.0;0.0
sawtooth_normal_s0;29700;ASH_COATED_OSMIUM;9989;16;9986;23;;;9999;19;10003;30;;;9994.0;0.0
sawtooth_normal_s0;29800;INTARIAN_PEPPER_ROOT;10695;24;10692;20;;;10707;17;10711;8;;;10701.0;0.0
sawtooth_normal_s0;29800;ASH_COATED_OSMIUM;9981;15;9979;19;;;10007;15;10010;13;;;9994.0;0.0
sawtooth_normal_s0;29900;INTARIAN_PEPPER_ROOT;10698;17;10695;12;;;10702;11;10706;18;;;10700.0;0.0
sawtooth_normal_s0;29900;ASH_COATED_OSMIUM;9985;13;9982;21;;;10001;8;10003;22;;;9993.0;0.0
sawtooth_normal_s0;30000;INTARIAN_PEPPER_ROOT;10698;18;10695;20;;;10704;15;10707;22;;;10701.0;0.0
sawtooth_normal_s0;30000;ASH_COATED_OSMIUM;9960;13;9957;19;;;10036;18;10040;20;;;9998.0;0.0
sawtooth_normal_s0;30100;INTARIAN_PEPPER_ROOT;10701;11;10698;10;;;10703;14;10707;18;;;10702.0;0.0
sawtooth_normal_s0;30100;ASH_COATED_OSMIUM;9999;8;9996;18;;;10003;8;10005;16;;;10001.0;0.0
sawtooth_normal_s0;30200;INTARIAN_PEPPER_ROOT;10670;11;10667;20;;;10734;11;10736;23;;;10702.0;0.0
sawtooth_normal_s0;30200;ASH_COATED_OSMIUM;9998;11;9996;22;;;10006;14;10010;17;;;10002.0;0.0
sawtooth_normal_s0;30300;INTARIAN_PEPPER_ROOT;10690;8;10687;21;;;10718;19;10720;15;;;10704.0;0.0
sawtooth_normal_s0;30300;ASH_COATED_OSMIUM;9999;22;9997;21;;;10009;15;10011;18;;;10004.0;0.0
sawtooth_normal_s0;30400;INTARIAN_PEPPER_ROOT;10700;17;10697;21;;;10708;18;10711;17;;;10704.0;0.0
sawtooth_normal_s0;30400;ASH_COATED_OSMIUM;9999;6;9995;26;;;10001;10;10004;24;;;10000.0;0.0
sawtooth_normal_s0;30500;INTARIAN_PEPPER_ROOT;10699;11;10695;11;;;10707;15;10709;24;;;10703.0;0.0
sawtooth_normal_s0;30500;ASH_COATED_OSMIUM;9962;10;9959;22;;;10048;7;10051;21;;;10005.0;0.0
sawtooth_normal_s0;30600;INTARIAN_PEPPER_ROOT;10695;14;10692;18;;;10711;5;10714;32;;;10703.0;0.0
sawtooth_normal_s0;30600;ASH_COATED_OSMIUM;10007;18;10004;26;;;10017;17;10021;10;;;10012.0;0.0
sawtooth_normal_s0;30700;INTARIAN_PEPPER_ROOT;10697;13;10695;18;;;10709;18;10711;21;;;10703.0;0.0
sawtooth_normal_s0;30700;ASH_COATED_OSMIUM;10000;12;9997;23;;;10022;12;10024;8;;;10011.0;0.0
sawtooth_normal_s0;30800;INTARIAN_PEPPER_ROOT;10688;17;10685;17;;;10720;14;10724;14;;;10704.0;0.0
sawtooth_normal_s0;30800;ASH_COATED_OSMIUM;10010;12;10008;20;;;10014;9;10018;22;;;10012.0;0.0
sawtooth_normal_s0;30900;INTARIAN_PEPPER_ROOT;10696;30;10694;18;;;10712;18;10714;16;;;10704.0;0.0
sawtooth_normal_s0;30900;ASH_COATED_OSMIUM;10009;5;10007;24;;;10013;12;10016;22;;;10011.0;0.0
sawtooth_normal_s0;31000;INTARIAN_PEPPER_ROOT;10702;12;10700;14;;;10708;19;10711;21;;;10705.0;0.0
sawtooth_normal_s0;31000;ASH_COATED_OSMIUM;9983;9;9980;19;;;10035;20;10037;16;;;10009.0;0.0
sawtooth_normal_s0;31100;INTARIAN_PEPPER_ROOT;10690;13;10687;14;;;10720;16;10724;17;;;10705.0;0.0
sawtooth_normal_s0;31100;ASH_COATED_OSMIUM;10007;15;10005;17;;;10013;10;10015;13;;;10010.0;0.0
sawtooth_normal_s0;31200;INTARIAN_PEPPER_ROOT;10697;10;10694;19;;;10713;8;10717;17;;;10705.0;0.0
sawtooth_normal_s0;31200;ASH_COATED_OSMIUM;10011;5;10007;13;;;10015;13;10019;23;;;10013.0;0.0
sawtooth_normal_s0;31300;INTARIAN_PEPPER_ROOT;10695;14;10693;12;;;10715;13;10719;17;;;10705.0;0.0
sawtooth_normal_s0;31300;ASH_COATED_OSMIUM;10006;16;10004;28;;;10030;11;10033;20;;;10018.0;0.0
sawtooth_normal_s0;31400;INTARIAN_PEPPER_ROOT;10694;22;10691;21;;;10718;12;10722;19;;;10706.0;0.0
sawtooth_normal_s0;31400;ASH_COATED_OSMIUM;10021;10;10018;25;;;10023;12;10026;22;;;10022.0;0.0
sawtooth_normal_s0;31500;INTARIAN_PEPPER_ROOT;10701;10;10699;11;;;10709;13;10711;22;;;10705.0;0.0
sawtooth_normal_s0;31500;ASH_COATED_OSMIUM;10011;15;10008;17;;;10023;13;10025;24;;;10017.0;0.0
sawtooth_normal_s0;31600;INTARIAN_PEPPER_ROOT;10703;18;10699;18;;;10705;17;10709;19;;;10704.0;0.0
sawtooth_normal_s0;31600;ASH_COATED_OSMIUM;9994;8;9990;19;;;10036;8;10040;19;;;10015.0;0.0
sawtooth_normal_s0;31700;INTARIAN_PEPPER_ROOT;10702;19;10700;15;;;10706;13;10710;22;;;10704.0;0.0
sawtooth_normal_s0;31700;ASH_COATED_OSMIUM;9990;14;9988;22;;;10040;7;10042;20;;;10015.0;0.0
sawtooth_normal_s0;31800;INTARIAN_PEPPER_ROOT;10704;22;10700;10;;;10706;18;10710;29;;;10705.0;0.0
sawtooth_normal_s0;31800;ASH_COATED_OSMIUM;10009;11;10006;16;;;10019;17;10023;22;;;10014.0;0.0
sawtooth_normal_s0;31900;INTARIAN_PEPPER_ROOT;10703;18;10701;22;;;10713;17;10717;14;;;10708.0;0.0
sawtooth_normal_s0;31900;ASH_COATED_OSMIUM;9977;9;9974;11;;;10035;5;10039;17;;;10006.0;0.0
sawtooth_normal_s0;32000;INTARIAN_PEPPER_ROOT;10705;16;10702;17;;;10711;14;10714;25;;;10708.0;0.0
sawtooth_normal_s0;32000;ASH_COATED_OSMIUM;10005;13;10002;21;;;10007;7;10009;24;;;10006.0;0.0
sawtooth_normal_s0;32100;INTARIAN_PEPPER_ROOT;10705;13;10703;17;;;10715;19;10718;20;;;10710.0;0.0
sawtooth_normal_s0;32100;ASH_COATED_OSMIUM;10007;18;10005;20;;;10015;13;10017;16;;;10011.0;0.0
sawtooth_normal_s0;32200;INTARIAN_PEPPER_ROOT;10709;14;10706;22;;;10715;16;10718;17;;;10712.0;0.0
sawtooth_normal_s0;32200;ASH_COATED_OSMIUM;10004;5;10000;25;;;10006;5;10010;20;;;10005.0;0.0
sawtooth_normal_s0;32300;INTARIAN_PEPPER_ROOT;10707;10;10705;15;;;10715;10;10719;18;;;10711.0;0.0
sawtooth_normal_s0;32300;ASH_COATED_OSMIUM;9999;5;9996;27;;;10009;13;10011;19;;;10004.0;0.0
sawtooth_normal_s0;32400;INTARIAN_PEPPER_ROOT;10712;25;10709;23;;;10714;12;10718;17;;;10713.0;0.0
sawtooth_normal_s0;32400;ASH_COATED_OSMIUM;9998;18;9994;22;;;10008;7;10011;25;;;10003.0;0.0
sawtooth_normal_s0;32500;INTARIAN_PEPPER_ROOT;10709;7;10705;21;;;10715;14;10718;18;;;10712.0;0.0
sawtooth_normal_s0;32500;ASH_COATED_OSMIUM;10002;16;9999;15;;;10006;20;10009;16;;;10004.0;0.0
sawtooth_normal_s0;32600;INTARIAN_PEPPER_ROOT;10704;20;10701;20;;;10714;19;10718;23;;;10709.0;0.0
sawtooth_normal_s0;32600;ASH_COATED_OSMIUM;9995;11;9992;20;;;10011;15;10014;14;;;10003.0;0.0
sawtooth_normal_s0;32700;INTARIAN_PEPPER_ROOT;10707;18;10705;20;;;10713;16;10716;14;;;10710.0;0.0
sawtooth_normal_s0;32700;ASH_COATED_OSMIUM;10000;5;9998;15;;;10002;18;10004;22;;;10001.0;0.0
sawtooth_normal_s0;32800;INTARIAN_PEPPER_ROOT;10707;19;10703;30;;;10709;17;10711;13;;;10708.0;0.0
sawtooth_normal_s0;32800;ASH_COATED_OSMIUM;10001;20;9998;16;;;10003;11;10005;26;;;10002.0;0.0
sawtooth_normal_s0;32900;INTARIAN_PEPPER_ROOT;10709;11;10705;22;;;10711;23;10713;21;;;10710.0;0.0
sawtooth_normal_s0;32900;ASH_COATED_OSMIUM;9996;10;9993;28;;;10010;11;10012;17;;;10003.0;0.0
sawtooth_normal_s0;33000;INTARIAN_PEPPER_ROOT;10708;13;10706;19;;;10710;8;10712;13;;;10709.0;0.0
sawtooth_normal_s0;33000;ASH_COATED_OSMIUM;10001;12;9999;20;;;10011;13;10014;21;;;10006.0;0.0
sawtooth_normal_s0;33100;INTARIAN_PEPPER_ROOT;10704;5;10702;23;;;10722;14;10726;12;;;10713.0;0.0
sawtooth_normal_s0;33100;ASH_COATED_OSMIUM;9998;10;9995;24;;;10016;18;10020;27;;;10007.0;0.0
sawtooth_normal_s0;33200;INTARIAN_PEPPER_ROOT;10707;22;10703;22;;;10721;18;10723;20;;;10714.0;0.0
sawtooth_normal_s0;33200;ASH_COATED_OSMIUM;10008;14;10006;20;;;10010;11;10013;12;;;10009.0;0.0
sawtooth_normal_s0;33300;INTARIAN_PEPPER_ROOT;10710;12;10706;30;;;10720;20;10723;15;;;10715.0;0.0
sawtooth_normal_s0;33300;ASH_COATED_OSMIUM;9986;7;9982;22;;;10038;20;10041;17;;;10012.0;0.0
sawtooth_normal_s0;33400;INTARIAN_PEPPER_ROOT;10706;9;10703;22;;;10724;8;10726;23;;;10715.0;0.0
sawtooth_normal_s0;33400;ASH_COATED_OSMIUM;10004;9;10002;28;;;10010;14;10014;16;;;10007.0;0.0
sawtooth_normal_s0;33500;INTARIAN_PEPPER_ROOT;10712;17;10708;16;;;10714;22;10718;17;;;10713.0;0.0
sawtooth_normal_s0;33500;ASH_COATED_OSMIUM;10007;5;10003;22;;;10009;11;10011;16;;;10008.0;0.0
sawtooth_normal_s0;33600;INTARIAN_PEPPER_ROOT;10707;12;10704;17;;;10719;20;10721;12;;;10713.0;0.0
sawtooth_normal_s0;33600;ASH_COATED_OSMIUM;10002;13;9999;18;;;10016;5;10020;21;;;10009.0;0.0
sawtooth_normal_s0;33700;INTARIAN_PEPPER_ROOT;10712;8;10709;15;;;10716;12;10718;24;;;10714.0;0.0
sawtooth_normal_s0;33700;ASH_COATED_OSMIUM;10002;14;9999;19;;;10010;9;10012;21;;;10006.0;0.0
sawtooth_normal_s0;33800;INTARIAN_PEPPER_ROOT;10710;23;10706;20;;;10718;16;10721;23;;;10714.0;0.0
sawtooth_normal_s0;33800;ASH_COATED_OSMIUM;10003;5;10000;21;;;10005;27;10007;22;;;10004.0;0.0
sawtooth_normal_s0;33900;INTARIAN_PEPPER_ROOT;10706;21;10704;11;;;10724;13;10728;18;;;10715.0;0.0
sawtooth_normal_s0;33900;ASH_COATED_OSMIUM;9999;19;9995;20;;;10003;14;10006;20;;;10001.0;0.0
sawtooth_normal_s0;34000;INTARIAN_PEPPER_ROOT;10714;20;10711;33;;;10718;13;10720;18;;;10716.0;0.0
sawtooth_normal_s0;34000;ASH_COATED_OSMIUM;9987;14;9983;15;;;10011;8;10013;21;;;9999.0;0.0
sawtooth_normal_s0;34100;INTARIAN_PEPPER_ROOT;10716;13;10714;22;;;10720;18;10724;18;;;10718.0;0.0
sawtooth_normal_s0;34100;ASH_COATED_OSMIUM;9985;13;9981;23;;;10013;5;10016;18;;;9999.0;0.0
sawtooth_normal_s0;34200;INTARIAN_PEPPER_ROOT;10715;5;10713;11;;;10719;14;10723;18;;;10717.0;0.0
sawtooth_normal_s0;34200;ASH_COATED_OSMIUM;9969;18;9967;20;;;10027;11;10030;19;;;9998.0;0.0
sawtooth_normal_s0;34300;INTARIAN_PEPPER_ROOT;10713;8;10711;19;;;10717;5;10721;21;;;10715.0;0.0
sawtooth_normal_s0;34300;ASH_COATED_OSMIUM;9986;10;9982;19;;;10020;12;10023;11;;;10003.0;0.0
sawtooth_normal_s0;34400;INTARIAN_PEPPER_ROOT;10706;13;10703;27;;;10730;10;10733;11;;;10718.0;0.0
sawtooth_normal_s0;34400;ASH_COATED_OSMIUM;9999;5;9995;29;;;10003;8;10006;17;;;10001.0;0.0
sawtooth_normal_s0;34500;INTARIAN_PEPPER_ROOT;10714;13;10712;14;;;10722;22;10724;12;;;10718.0;0.0
sawtooth_normal_s0;34500;ASH_COATED_OSMIUM;9997;16;9994;19;;;10005;11;10009;19;;;10001.0;0.0
sawtooth_normal_s0;34600;INTARIAN_PEPPER_ROOT;10704;22;10701;14;;;10730;13;10734;24;;;10717.0;0.0
sawtooth_normal_s0;34600;ASH_COATED_OSMIUM;9988;5;9985;24;;;10008;21;10011;20;;;9998.0;0.0
sawtooth_normal_s0;34700;INTARIAN_PEPPER_ROOT;10714;19;10710;21;;;10720;8;10722;18;;;10717.0;0.0
sawtooth_normal_s0;34700;ASH_COATED_OSMIUM;9995;8;9991;20;;;10007;18;10009;12;;;10001.0;0.0
sawtooth_normal_s0;34800;INTARIAN_PEPPER_ROOT;10711;10;10709;21;;;10719;11;10722;13;;;10715.0;0.0
sawtooth_normal_s0;34800;ASH_COATED_OSMIUM;10001;16;9999;16;;;10003;6;10006;20;;;10002.0;0.0
sawtooth_normal_s0;34900;INTARIAN_PEPPER_ROOT;10712;18;10709;19;;;10718;13;10720;13;;;10715.0;0.0
sawtooth_normal_s0;34900;ASH_COATED_OSMIUM;9995;5;9993;14;;;10005;7;10009;22;;;10000.0;0.0
sawtooth_normal_s0;35000;INTARIAN_PEPPER_ROOT;10708;13;10705;21;;;10722;20;10725;21;;;10715.0;0.0
sawtooth_normal_s0;35000;ASH_COATED_OSMIUM;9967;12;9963;16;;;10027;6;10031;17;;;9997.0;0.0
sawtooth_normal_s0;35100;INTARIAN_PEPPER_ROOT;10715;23;10713;30;;;10719;15;10722;21;;;10717.0;0.0
sawtooth_normal_s0;35100;ASH_COATED_OSMIUM;9996;5;9992;17;;;9998;9;10002;15;;;9997.0;0.0
sawtooth_normal_s0;35200;INTARIAN_PEPPER_ROOT;10714;17;10712;26;;;10724;7;10726;22;;;10719.0;0.0
sawtooth_normal_s0;35200;ASH_COATED_OSMIUM;9979;16;9976;22;;;10011;6;10014;17;;;9995.0;0.0
sawtooth_normal_s0;35300;INTARIAN_PEPPER_ROOT;10716;10;10712;33;;;10722;26;10725;19;;;10719.0;0.0
sawtooth_normal_s0;35300;ASH_COATED_OSMIUM;9992;8;9990;18;;;10000;17;10003;23;;;9996.0;0.0
sawtooth_normal_s0;35400;INTARIAN_PEPPER_ROOT;10719;7;10716;9;;;10723;17;10727;17;;;10721.0;0.0
sawtooth_normal_s0;35400;ASH_COATED_OSMIUM;9988;10;9985;19;;;9994;14;9998;26;;;9991.0;0.0
sawtooth_normal_s0;35500;INTARIAN_PEPPER_ROOT;10718;13;10716;17;;;10726;10;10730;30;;;10722.0;0.0
sawtooth_normal_s0;35500;ASH_COATED_OSMIUM;9985;19;9982;20;;;9995;8;9997;26;;;9990.0;0.0
sawtooth_normal_s0;35600;INTARIAN_PEPPER_ROOT;10713;5;10710;21;;;10733;20;10737;20;;;10723.0;0.0
sawtooth_normal_s0;35600;ASH_COATED_OSMIUM;9994;19;9990;26;;;9996;13;10000;30;;;9995.0;0.0
sawtooth_normal_s0;35700;INTARIAN_PEPPER_ROOT;10719;17;10717;19;;;10729;14;10732;20;;;10724.0;0.0
sawtooth_normal_s0;35700;ASH_COATED_OSMIUM;9991;14;9987;26;;;10005;6;10009;26;;;9998.0;0.0
sawtooth_normal_s0;35800;INTARIAN_PEPPER_ROOT;10722;8;10720;16;;;10726;9;10729;26;;;10724.0;0.0
sawtooth_normal_s0;35800;ASH_COATED_OSMIUM;9992;10;9988;10;;;9996;11;10000;22;;;9994.0;0.0
sawtooth_normal_s0;35900;INTARIAN_PEPPER_ROOT;10714;18;10712;27;;;10734;14;10736;22;;;10724.0;0.0
sawtooth_normal_s0;35900;ASH_COATED_OSMIUM;9967;5;9964;26;;;10021;13;10025;15;;;9994.0;0.0
sawtooth_normal_s0;36000;INTARIAN_PEPPER_ROOT;10712;17;10708;13;;;10738;16;10742;15;;;10725.0;0.0
sawtooth_normal_s0;36000;ASH_COATED_OSMIUM;9995;12;9993;14;;;9999;8;10003;26;;;9997.0;0.0
sawtooth_normal_s0;36100;INTARIAN_PEPPER_ROOT;10705;11;10701;14;;;10743;5;10745;26;;;10724.0;0.0
sawtooth_normal_s0;36100;ASH_COATED_OSMIUM;10000;5;9997;21;;;10002;16;10006;21;;;10001.0;0.0
sawtooth_normal_s0;36200;INTARIAN_PEPPER_ROOT;10724;17;10722;17;;;10726;14;10728;21;;;10725.0;0.0
sawtooth_normal_s0;36200;ASH_COATED_OSMIUM;9995;18;9992;22;;;10001;17;10005;10;;;9998.0;0.0
sawtooth_normal_s0;36300;INTARIAN_PEPPER_ROOT;10712;8;10710;20;;;10736;17;10740;23;;;10724.0;0.0
sawtooth_normal_s0;36300;ASH_COATED_OSMIUM;9975;20;9972;21;;;10025;21;10028;15;;;10000.0;0.0
sawtooth_normal_s0;36400;INTARIAN_PEPPER_ROOT;10721;14;10717;21;;;10731;24;10735;13;;;10726.0;0.0
sawtooth_normal_s0;36400;ASH_COATED_OSMIUM;9995;9;9992;23;;;10005;17;10007;17;;;10000.0;0.0
sawtooth_normal_s0;36500;INTARIAN_PEPPER_ROOT;10719;19;10716;18;;;10735;8;10737;25;;;10727.0;0.0
sawtooth_normal_s0;36500;ASH_COATED_OSMIUM;9978;11;9974;21;;;10012;18;10016;22;;;9995.0;0.0
sawtooth_normal_s0;36600;INTARIAN_PEPPER_ROOT;10725;19;10721;20;;;10729;10;10732;21;;;10727.0;0.0
sawtooth_normal_s0;36600;ASH_COATED_OSMIUM;9992;11;9989;25;;;10004;26;10008;24;;;9998.0;0.0
sawtooth_normal_s0;36700;INTARIAN_PEPPER_ROOT;10726;9;10724;18;;;10730;5;10734;18;;;10728.0;0.0
sawtooth_normal_s0;36700;ASH_COATED_OSMIUM;9991;12;9989;18;;;10003;14;10006;14;;;9997.0;0.0
sawtooth_normal_s0;36800;INTARIAN_PEPPER_ROOT;10727;6;10724;14;;;10733;7;10735;25;;;10730.0;0.0
sawtooth_normal_s0;36800;ASH_COATED_OSMIUM;9986;13;9984;20;;;10008;12;10012;13;;;9997.0;0.0
sawtooth_normal_s0;36900;INTARIAN_PEPPER_ROOT;10718;5;10715;14;;;10738;19;10741;22;;;10728.0;0.0
sawtooth_normal_s0;36900;ASH_COATED_OSMIUM;9993;7;9991;23;;;10001;6;10004;20;;;9997.0;0.0
sawtooth_normal_s0;37000;INTARIAN_PEPPER_ROOT;10722;16;10719;21;;;10736;20;10739;22;;;10729.0;0.0
sawtooth_normal_s0;37000;ASH_COATED_OSMIUM;9993;17;9990;16;;;10001;5;10005;18;;;9997.0;0.0
sawtooth_normal_s0;37100;INTARIAN_PEPPER_ROOT;10718;6;10714;17;;;10744;13;10747;22;;;10731.0;0.0
sawtooth_normal_s0;37100;ASH_COATED_OSMIUM;9995;17;9992;23;;;10003;16;10005;12;;;9999.0;0.0
sawtooth_normal_s0;37200;INTARIAN_PEPPER_ROOT;10728;16;10724;22;;;10730;22;10732;19;;;10729.0;0.0
sawtooth_normal_s0;37200;ASH_COATED_OSMIUM;9994;10;9992;23;;;9996;10;10000;21;;;9995.0;0.0
sawtooth_normal_s0;37300;INTARIAN_PEPPER_ROOT;10725;6;10722;17;;;10735;12;10739;15;;;10730.0;0.0
sawtooth_normal_s0;37300;ASH_COATED_OSMIUM;9981;18;9977;15;;;10007;12;10010;21;;;9994.0;0.0
sawtooth_normal_s0;37400;INTARIAN_PEPPER_ROOT;10726;19;10722;18;;;10730;14;10734;18;;;10728.0;0.0
sawtooth_normal_s0;37400;ASH_COATED_OSMIUM;9981;10;9978;24;;;9999;15;10001;19;;;9990.0;0.0
sawtooth_normal_s0;37500;INTARIAN_PEPPER_ROOT;10710;18;10706;18;;;10742;13;10746;24;;;10726.0;0.0
sawtooth_normal_s0;37500;ASH_COATED_OSMIUM;9991;12;9989;20;;;10001;23;10003;18;;;9996.0;0.0
sawtooth_normal_s0;37600;INTARIAN_PEPPER_ROOT;10716;22;10713;21;;;10740;18;10743;29;;;10728.0;0.0
sawtooth_normal_s0;37600;ASH_COATED_OSMIUM;9983;14;9981;16;;;10005;6;10007;20;;;9994.0;0.0
sawtooth_normal_s0;37700;INTARIAN_PEPPER_ROOT;10714;18;10712;17;;;10738;11;10742;21;;;10726.0;0.0
sawtooth_normal_s0;37700;ASH_COATED_OSMIUM;9992;11;9988;28;;;10000;13;10004;10;;;9996.0;0.0
sawtooth_normal_s0;37800;INTARIAN_PEPPER_ROOT;10724;10;10721;17;;;10726;12;10729;21;;;10725.0;0.0
sawtooth_normal_s0;37800;ASH_COATED_OSMIUM;9986;12;9982;19;;;10016;17;10018;21;;;10001.0;0.0
sawtooth_normal_s0;37900;INTARIAN_PEPPER_ROOT;10715;9;10712;18;;;10731;9;10733;21;;;10723.0;0.0
sawtooth_normal_s0;37900;ASH_COATED_OSMIUM;9979;17;9975;12;;;10017;23;10021;23;;;9998.0;0.0
sawtooth_normal_s0;38000;INTARIAN_PEPPER_ROOT;10723;5;10721;21;;;10731;15;10735;18;;;10727.0;0.0
sawtooth_normal_s0;38000;ASH_COATED_OSMIUM;9993;15;9989;25;;;10005;16;10008;30;;;9999.0;0.0
sawtooth_normal_s0;38100;INTARIAN_PEPPER_ROOT;10726;9;10724;11;;;10728;12;10731;32;;;10727.0;0.0
sawtooth_normal_s0;38100;ASH_COATED_OSMIUM;9995;13;9992;13;;;9997;15;9999;24;;;9996.0;0.0
sawtooth_normal_s0;38200;INTARIAN_PEPPER_ROOT;10728;18;10725;20;;;10730;11;10734;17;;;10729.0;0.0
sawtooth_normal_s0;38200;ASH_COATED_OSMIUM;9991;9;9987;23;;;9999;18;10003;26;;;9995.0;0.0
sawtooth_normal_s0;38300;INTARIAN_PEPPER_ROOT;10726;18;10722;19;;;10732;21;10734;18;;;10729.0;0.0
sawtooth_normal_s0;38300;ASH_COATED_OSMIUM;9993;15;9989;24;;;9997;22;9999;16;;;9995.0;0.0
sawtooth_normal_s0;38400;INTARIAN_PEPPER_ROOT;10723;19;10720;18;;;10735;17;10737;10;;;10729.0;0.0
sawtooth_normal_s0;38400;ASH_COATED_OSMIUM;9994;12;9992;16;;;10000;23;10003;8;;;9997.0;0.0
sawtooth_normal_s0;38500;INTARIAN_PEPPER_ROOT;10725;11;10723;22;;;10731;20;10734;11;;;10728.0;0.0
sawtooth_normal_s0;38500;ASH_COATED_OSMIUM;9984;21;9980;18;;;10006;13;10009;11;;;9995.0;0.0
sawtooth_normal_s0;38600;INTARIAN_PEPPER_ROOT;10724;15;10722;26;;;10730;8;10732;19;;;10727.0;0.0
sawtooth_normal_s0;38600;ASH_COATED_OSMIUM;9970;13;9967;16;;;10020;9;10024;14;;;9995.0;0.0
sawtooth_normal_s0;38700;INTARIAN_PEPPER_ROOT;10721;20;10719;29;;;10733;12;10737;22;;;10727.0;0.0
sawtooth_normal_s0;38700;ASH_COATED_OSMIUM;10000;7;9996;15;;;10002;12;10004;19;;;10001.0;0.0
sawtooth_normal_s0;38800;INTARIAN_PEPPER_ROOT;10723;19;10720;27;;;10735;22;10738;11;;;10729.0;0.0
sawtooth_normal_s0;38800;ASH_COATED_OSMIUM;9987;10;9984;16;;;10009;15;10012;19;;;9998.0;0.0
sawtooth_normal_s0;38900;INTARIAN_PEPPER_ROOT;10721;24;10717;14;;;10743;17;10746;16;;;10732.0;0.0
sawtooth_normal_s0;38900;ASH_COATED_OSMIUM;9995;5;9992;23;;;10009;12;10011;23;;;10002.0;0.0
sawtooth_normal_s0;39000;INTARIAN_PEPPER_ROOT;10733;21;10729;10;;;10735;20;10738;20;;;10734.0;0.0
sawtooth_normal_s0;39000;ASH_COATED_OSMIUM;9996;9;9993;29;;;10006;12;10008;15;;;10001.0;0.0
sawtooth_normal_s0;39100;INTARIAN_PEPPER_ROOT;10729;20;10727;8;;;10743;14;10746;23;;;10736.0;0.0
sawtooth_normal_s0;39100;ASH_COATED_OSMIUM;10002;13;9999;22;;;10004;12;10008;17;;;10003.0;0.0
sawtooth_normal_s0;39200;INTARIAN_PEPPER_ROOT;10733;16;10729;17;;;10739;12;10743;13;;;10736.0;0.0
sawtooth_normal_s0;39200;ASH_COATED_OSMIUM;10001;12;9999;15;;;10005;8;10009;25;;;10003.0;0.0
sawtooth_normal_s0;39300;INTARIAN_PEPPER_ROOT;10732;23;10729;16;;;10738;9;10742;16;;;10735.0;0.0
sawtooth_normal_s0;39300;ASH_COATED_OSMIUM;10003;16;10000;25;;;10005;14;10008;16;;;10004.0;0.0
sawtooth_normal_s0;39400;INTARIAN_PEPPER_ROOT;10736;26;10733;20;;;10738;18;10740;15;;;10737.0;0.0
sawtooth_normal_s0;39400;ASH_COATED_OSMIUM;9994;15;9992;19;;;10016;9;10018;28;;;10005.0;0.0
sawtooth_normal_s0;39500;INTARIAN_PEPPER_ROOT;10737;16;10733;23;;;10739;10;10742;22;;;10738.0;0.0
sawtooth_normal_s0;39500;ASH_COATED_OSMIUM;9996;10;9992;19;;;10012;5;10015;24;;;10004.0;0.0
sawtooth_normal_s0;39600;INTARIAN_PEPPER_ROOT;10731;14;10729;24;;;10743;17;10746;18;;;10737.0;0.0
sawtooth_normal_s0;39600;ASH_COATED_OSMIUM;10000;11;9998;33;;;10004;16;10007;25;;;10002.0;0.0
sawtooth_normal_s0;39700;INTARIAN_PEPPER_ROOT;10716;9;10713;14;;;10758;10;10762;23;;;10737.0;0.0
sawtooth_normal_s0;39700;ASH_COATED_OSMIUM;9998;12;9996;15;;;10000;20;10004;18;;;9999.0;0.0
sawtooth_normal_s0;39800;INTARIAN_PEPPER_ROOT;10733;19;10731;16;;;10745;9;10749;18;;;10739.0;0.0
sawtooth_normal_s0;39800;ASH_COATED_OSMIUM;9967;17;9963;22;;;10027;11;10029;21;;;9997.0;0.0
sawtooth_normal_s0;39900;INTARIAN_PEPPER_ROOT;10733;23;10731;16;;;10747;16;10749;13;;;10740.0;0.0
sawtooth_normal_s0;39900;ASH_COATED_OSMIUM;9993;17;9989;19;;;9999;8;10002;11;;;9996.0;0.0
sawtooth_normal_s0;40000;INTARIAN_PEPPER_ROOT;10739;19;10737;17;;;10743;13;10745;34;;;10741.0;0.0
sawtooth_normal_s0;40000;ASH_COATED_OSMIUM;9988;13;9985;23;;;10002;18;10006;16;;;9995.0;0.0
sawtooth_normal_s0;40100;INTARIAN_PEPPER_ROOT;10736;16;10733;23;;;10744;20;10747;26;;;10740.0;0.0
sawtooth_normal_s0;40100;ASH_COATED_OSMIUM;9986;14;9983;20;;;10000;11;10002;23;;;9993.0;0.0
sawtooth_normal_s0;40200;INTARIAN_PEPPER_ROOT;10738;15;10735;22;;;10740;9;10743;22;;;10739.0;0.0
sawtooth_normal_s0;40200;ASH_COATED_OSMIUM;9992;14;9989;18;;;9994;9;9996;22;;;9993.0;0.0
sawtooth_normal_s0;40300;INTARIAN_PEPPER_ROOT;10715;12;10711;17;;;10767;5;10771;23;;;10741.0;0.0
sawtooth_normal_s0;40300;ASH_COATED_OSMIUM;9984;12;9982;20;;;10002;7;10004;14;;;9993.0;0.0
sawtooth_normal_s0;40400;INTARIAN_PEPPER_ROOT;10737;9;10734;16;;;10745;12;10749;12;;;10741.0;0.0
sawtooth_normal_s0;40400;ASH_COATED_OSMIUM;9987;10;9983;19;;;10001;12;10005;12;;;9994.0;0.0
sawtooth_normal_s0;40500;INTARIAN_PEPPER_ROOT;10731;14;10727;27;;;10751;14;10753;17;;;10741.0;0.0
sawtooth_normal_s0;40500;ASH_COATED_OSMIUM;9992;5;9990;14;;;10004;5;10008;16;;;9998.0;0.0
sawtooth_normal_s0;40600;INTARIAN_PEPPER_ROOT;10724;20;10721;25;;;10764;16;10767;17;;;10744.0;0.0
sawtooth_normal_s0;40600;ASH_COATED_OSMIUM;9984;14;9980;24;;;10012;13;10015;9;;;9998.0;0.0
sawtooth_normal_s0;40700;INTARIAN_PEPPER_ROOT;10740;6;10738;16;;;10752;9;10755;16;;;10746.0;0.0
sawtooth_normal_s0;40700;ASH_COATED_OSMIUM;9993;9;9990;13;;;9999;15;10001;13;;;9996.0;0.0
sawtooth_normal_s0;40800;INTARIAN_PEPPER_ROOT;10738;10;10736;25;;;10756;5;10760;16;;;10747.0;0.0
sawtooth_normal_s0;40800;ASH_COATED_OSMIUM;9988;20;9984;23;;;10006;20;10008;28;;;9997.0;0.0
sawtooth_normal_s0;40900;INTARIAN_PEPPER_ROOT;10744;23;10742;19;;;10752;6;10756;17;;;10748.0;0.0
sawtooth_normal_s0;40900;ASH_COATED_OSMIUM;9992;9;9989;17;;;10012;9;10016;19;;;10002.0;0.0
sawtooth_normal_s0;41000;INTARIAN_PEPPER_ROOT;10736;20;10732;26;;;10766;13;10769;18;;;10751.0;0.0
sawtooth_normal_s0;41000;ASH_COATED_OSMIUM;10002;6;9998;13;;;10006;17;10009;19;;;10004.0;0.0
sawtooth_normal_s0;41100;INTARIAN_PEPPER_ROOT;10749;10;10745;22;;;10761;11;10763;20;;;10755.0;0.0
sawtooth_normal_s0;41100;ASH_COATED_OSMIUM;9989;11;9987;19;;;10023;16;10027;23;;;10006.0;0.0
sawtooth_normal_s0;41200;INTARIAN_PEPPER_ROOT;10752;16;10749;22;;;10760;16;10762;26;;;10756.0;0.0
sawtooth_normal_s0;41200;ASH_COATED_OSMIUM;9983;9;9979;19;;;10019;17;10021;28;;;10001.0;0.0
sawtooth_normal_s0;41300;INTARIAN_PEPPER_ROOT;10750;10;10747;24;;;10766;22;10770;20;;;10758.0;0.0
sawtooth_normal_s0;41300;ASH_COATED_OSMIUM;9991;13;9988;24;;;10003;13;10006;13;;;9997.0;0.0
sawtooth_normal_s0;41400;INTARIAN_PEPPER_ROOT;10748;15;10746;25;;;10762;20;10764;20;;;10755.0;0.0
sawtooth_normal_s0;41400;ASH_COATED_OSMIUM;9988;9;9986;19;;;10000;10;10004;19;;;9994.0;0.0
sawtooth_normal_s0;41500;INTARIAN_PEPPER_ROOT;10752;6;10749;18;;;10760;5;10764;21;;;10756.0;0.0
sawtooth_normal_s0;41500;ASH_COATED_OSMIUM;9997;9;9994;26;;;9999;12;10002;20;;;9998.0;0.0
sawtooth_normal_s0;41600;INTARIAN_PEPPER_ROOT;10756;15;10753;15;;;10758;14;10760;21;;;10757.0;0.0
sawtooth_normal_s0;41600;ASH_COATED_OSMIUM;9978;8;9976;14;;;10010;16;10012;13;;;9994.0;0.0
sawtooth_normal_s0;41700;INTARIAN_PEPPER_ROOT;10750;6;10748;21;;;10766;12;10768;24;;;10758.0;0.0
sawtooth_normal_s0;41700;ASH_COATED_OSMIUM;9987;5;9984;26;;;10005;17;10009;19;;;9996.0;0.0
sawtooth_normal_s0;41800;INTARIAN_PEPPER_ROOT;10749;10;10745;21;;;10771;24;10774;18;;;10760.0;0.0
sawtooth_normal_s0;41800;ASH_COATED_OSMIUM;9997;13;9995;11;;;9999;8;10003;18;;;9998.0;0.0
sawtooth_normal_s0;41900;INTARIAN_PEPPER_ROOT;10756;11;10752;13;;;10758;20;10760;26;;;10757.0;0.0
sawtooth_normal_s0;41900;ASH_COATED_OSMIUM;9978;11;9975;24;;;10018;13;10021;18;;;9998.0;0.0
sawtooth_normal_s0;42000;INTARIAN_PEPPER_ROOT;10748;16;10746;14;;;10764;17;10766;8;;;10756.0;0.0
sawtooth_normal_s0;42000;ASH_COATED_OSMIUM;10002;5;10000;26;;;10004;8;10006;12;;;10003.0;0.0
sawtooth_normal_s0;42100;INTARIAN_PEPPER_ROOT;10756;12;10753;14;;;10758;21;10762;17;;;10757.0;0.0
sawtooth_normal_s0;42100;ASH_COATED_OSMIUM;10003;19;10000;15;;;10007;11;10010;26;;;10005.0;0.0
sawtooth_normal_s0;42200;INTARIAN_PEPPER_ROOT;10752;11;10750;20;;;10762;17;10766;16;;;10757.0;0.0
sawtooth_normal_s0;42200;ASH_COATED_OSMIUM;10009;5;10007;19;;;10013;12;10015;9;;;10011.0;0.0
sawtooth_normal_s0;42300;INTARIAN_PEPPER_ROOT;10755;17;10753;16;;;10757;6;10760;18;;;10756.0;0.0
sawtooth_normal_s0;42300;ASH_COATED_OSMIUM;10002;11;9998;12;;;10014;14;10018;17;;;10008.0;0.0
sawtooth_normal_s0;42400;INTARIAN_PEPPER_ROOT;10745;26;10741;14;;;10769;16;10771;19;;;10757.0;0.0
sawtooth_normal_s0;42400;ASH_COATED_OSMIUM;10013;13;10010;28;;;10015;13;10017;23;;;10014.0;0.0
sawtooth_normal_s0;42500;INTARIAN_PEPPER_ROOT;10758;15;10755;15;;;10760;19;10764;29;;;10759.0;0.0
sawtooth_normal_s0;42500;ASH_COATED_OSMIUM;10011;8;10009;19;;;10013;20;10015;15;;;10012.0;0.0
sawtooth_normal_s0;42600;INTARIAN_PEPPER_ROOT;10752;8;10748;19;;;10764;13;10768;14;;;10758.0;0.0
sawtooth_normal_s0;42600;ASH_COATED_OSMIUM;10008;13;10005;21;;;10010;10;10012;19;;;10009.0;0.0
sawtooth_normal_s0;42700;INTARIAN_PEPPER_ROOT;10751;17;10748;22;;;10767;19;10771;23;;;10759.0;0.0
sawtooth_normal_s0;42700;ASH_COATED_OSMIUM;10009;8;10005;18;;;10011;10;10015;21;;;10010.0;0.0
sawtooth_normal_s0;42800;INTARIAN_PEPPER_ROOT;10755;15;10752;18;;;10767;18;10770;18;;;10761.0;0.0
sawtooth_normal_s0;42800;ASH_COATED_OSMIUM;10005;8;10001;20;;;10007;16;10010;22;;;10006.0;0.0
sawtooth_normal_s0;42900;INTARIAN_PEPPER_ROOT;10761;13;10757;18;;;10763;18;10766;20;;;10762.0;0.0
sawtooth_normal_s0;42900;ASH_COATED_OSMIUM;10005;20;10003;19;;;10009;13;10013;14;;;10007.0;0.0
sawtooth_normal_s0;43000;INTARIAN_PEPPER_ROOT;10762;15;10760;14;;;10764;11;10768;19;;;10763.0;0.0
sawtooth_normal_s0;43000;ASH_COATED_OSMIUM;10000;5;9996;17;;;10010;13;10012;27;;;10005.0;0.0
sawtooth_normal_s0;43100;INTARIAN_PEPPER_ROOT;10762;11;10758;18;;;10766;18;10769;20;;;10764.0;0.0
sawtooth_normal_s0;43100;ASH_COATED_OSMIUM;9992;14;9989;18;;;10020;17;10024;18;;;10006.0;0.0
sawtooth_normal_s0;43200;INTARIAN_PEPPER_ROOT;10764;5;10760;17;;;10766;7;10770;19;;;10765.0;0.0
sawtooth_normal_s0;43200;ASH_COATED_OSMIUM;10008;12;10006;18;;;10010;15;10012;20;;;10009.0;0.0
sawtooth_normal_s0;43300;INTARIAN_PEPPER_ROOT;10760;6;10756;26;;;10766;13;10770;16;;;10763.0;0.0
sawtooth_normal_s0;43300;ASH_COATED_OSMIUM;9992;14;9988;15;;;10034;21;10038;24;;;10013.0;0.0
sawtooth_normal_s0;43400;INTARIAN_PEPPER_ROOT;10751;12;10749;17;;;10777;20;10779;22;;;10764.0;0.0
sawtooth_normal_s0;43400;ASH_COATED_OSMIUM;10009;9;10005;12;;;10011;16;10013;19;;;10010.0;0.0
sawtooth_normal_s0;43500;INTARIAN_PEPPER_ROOT;10760;21;10758;22;;;10770;6;10773;22;;;10765.0;0.0
sawtooth_normal_s0;43500;ASH_COATED_OSMIUM;10001;17;9999;18;;;10017;21;10021;12;;;10009.0;0.0
sawtooth_normal_s0;43600;INTARIAN_PEPPER_ROOT;10766;16;10763;19;;;10768;21;10771;23;;;10767.0;0.0
sawtooth_normal_s0;43600;ASH_COATED_OSMIUM;10009;7;10006;24;;;10013;25;10015;17;;;10011.0;0.0
sawtooth_normal_s0;43700;INTARIAN_PEPPER_ROOT;10766;20;10762;15;;;10768;14;10771;8;;;10767.0;0.0
sawtooth_normal_s0;43700;ASH_COATED_OSMIUM;10013;16;10011;17;;;10015;13;10019;8;;;10014.0;0.0
sawtooth_normal_s0;43800;INTARIAN_PEPPER_ROOT;10767;19;10763;12;;;10771;16;10773;27;;;10769.0;0.0
sawtooth_normal_s0;43800;ASH_COATED_OSMIUM;10004;10;10002;21;;;10028;16;10030;14;;;10016.0;0.0
sawtooth_normal_s0;43900;INTARIAN_PEPPER_ROOT;10767;12;10764;19;;;10769;14;10773;20;;;10768.0;0.0
sawtooth_normal_s0;43900;ASH_COATED_OSMIUM;9997;13;9994;25;;;10033;10;10037;18;;;10015.0;0.0
sawtooth_normal_s0;44000;INTARIAN_PEPPER_ROOT;10756;18;10753;26;;;10778;17;10780;18;;;10767.0;0.0
sawtooth_normal_s0;44000;ASH_COATED_OSMIUM;10012;9;10008;15;;;10014;9;10017;25;;;10013.0;0.0
sawtooth_normal_s0;44100;INTARIAN_PEPPER_ROOT;10767;12;10765;26;;;10769;12;10771;24;;;10768.0;0.0
sawtooth_normal_s0;44100;ASH_COATED_OSMIUM;9986;22;9982;22;;;10026;10;10030;25;;;10006.0;0.0
sawtooth_normal_s0;44200;INTARIAN_PEPPER_ROOT;10766;23;10762;19;;;10768;15;10770;23;;;10767.0;0.0
sawtooth_normal_s0;44200;ASH_COATED_OSMIUM;10003;8;9999;25;;;10005;13;10009;18;;;10004.0;0.0
sawtooth_normal_s0;44300;INTARIAN_PEPPER_ROOT;10765;12;10763;21;;;10773;10;10777;19;;;10769.0;0.0
sawtooth_normal_s0;44300;ASH_COATED_OSMIUM;9983;15;9980;15;;;10019;15;10023;22;;;10001.0;0.0
sawtooth_normal_s0;44400;INTARIAN_PEPPER_ROOT;10767;21;10765;24;;;10773;5;10777;20;;;10770.0;0.0
sawtooth_normal_s0;44400;ASH_COATED_OSMIUM;10001;9;9998;22;;;10003;17;10005;22;;;10002.0;0.0
sawtooth_normal_s0;44500;INTARIAN_PEPPER_ROOT;10769;17;10765;17;;;10773;15;10776;9;;;10771.0;0.0
sawtooth_normal_s0;44500;ASH_COATED_OSMIUM;9988;10;9986;18;;;10006;17;10009;25;;;9997.0;0.0
sawtooth_normal_s0;44600;INTARIAN_PEPPER_ROOT;10772;15;10770;15;;;10774;14;10776;13;;;10773.0;0.0
sawtooth_normal_s0;44600;ASH_COATED_OSMIUM;9993;10;9991;14;;;9997;11;10000;18;;;9995.0;0.0
sawtooth_normal_s0;44700;INTARIAN_PEPPER_ROOT;10775;11;10771;15;;;10779;14;10781;12;;;10777.0;0.0
sawtooth_normal_s0;44700;ASH_COATED_OSMIUM;9989;17;9985;29;;;10001;12;10003;23;;;9995.0;0.0
sawtooth_normal_s0;44800;INTARIAN_PEPPER_ROOT;10772;13;10769;13;;;10780;11;10782;20;;;10776.0;0.0
sawtooth_normal_s0;44800;ASH_COATED_OSMIUM;9993;19;9990;25;;;9999;9;10001;20;;;9996.0;0.0
sawtooth_normal_s0;44900;INTARIAN_PEPPER_ROOT;10770;18;10767;27;;;10776;8;10780;19;;;10773.0;0.0
sawtooth_normal_s0;44900;ASH_COATED_OSMIUM;9995;11;9993;19;;;9999;11;10003;22;;;9997.0;0.0
sawtooth_normal_s0;45000;INTARIAN_PEPPER_ROOT;10772;22;10770;15;;;10776;5;10780;22;;;10774.0;0.0
sawtooth_normal_s0;45000;ASH_COATED_OSMIUM;9994;13;9990;29;;;9996;6;10000;16;;;9995.0;0.0
sawtooth_normal_s0;45100;INTARIAN_PEPPER_ROOT;10773;18;10769;13;;;10777;19;10779;19;;;10775.0;0.0
sawtooth_normal_s0;45100;ASH_COATED_OSMIUM;9998;14;9996;28;;;10000;16;10004;8;;;9999.0;0.0
sawtooth_normal_s0;45200;INTARIAN_PEPPER_ROOT;10752;5;10750;20;;;10798;20;10800;16;;;10775.0;0.0
sawtooth_normal_s0;45200;ASH_COATED_OSMIUM;9983;20;9981;29;;;10023;5;10025;23;;;10003.0;0.0
sawtooth_normal_s0;45300;INTARIAN_PEPPER_ROOT;10773;9;10770;28;;;10775;8;10779;28;;;10774.0;0.0
sawtooth_normal_s0;45300;ASH_COATED_OSMIUM;9982;17;9978;22;;;10026;8;10029;17;;;10004.0;0.0
sawtooth_normal_s0;45400;INTARIAN_PEPPER_ROOT;10770;18;10766;23;;;10778;14;10782;18;;;10774.0;0.0
sawtooth_normal_s0;45400;ASH_COATED_OSMIUM;9983;13;9979;17;;;10027;18;10030;24;;;10005.0;0.0
sawtooth_normal_s0;45500;INTARIAN_PEPPER_ROOT;10770;13;10768;16;;;10780;9;10784;24;;;10775.0;0.0
sawtooth_normal_s0;45500;ASH_COATED_OSMIUM;9977;13;9974;15;;;10027;5;10030;22;;;10002.0;0.0
sawtooth_normal_s0;45600;INTARIAN_PEPPER_ROOT;10758;19;10754;16;;;10794;13;10797;28;;;10776.0;0.0
sawtooth_normal_s0;45600;ASH_COATED_OSMIUM;9991;14;9988;17;;;10003;16;10005;19;;;9997.0;0.0
sawtooth_normal_s0;45700;INTARIAN_PEPPER_ROOT;10772;7;10770;16;;;10788;16;10792;20;;;10780.0;0.0
sawtooth_normal_s0;45700;ASH_COATED_OSMIUM;9992;11;9990;18;;;10002;9;10005;22;;;9997.0;0.0
sawtooth_normal_s0;45800;INTARIAN_PEPPER_ROOT;10775;10;10772;18;;;10783;24;10786;28;;;10779.0;0.0
sawtooth_normal_s0;45800;ASH_COATED_OSMIUM;9990;6;9988;22;;;10018;14;10021;19;;;10004.0;0.0
sawtooth_normal_s0;45900;INTARIAN_PEPPER_ROOT;10775;7;10772;28;;;10781;18;10784;23;;;10778.0;0.0
sawtooth_normal_s0;45900;ASH_COATED_OSMIUM;10004;19;10001;25;;;10008;15;10011;30;;;10006.0;0.0
sawtooth_normal_s0;46000;INTARIAN_PEPPER_ROOT;10773;20;10769;21;;;10779;16;10781;14;;;10776.0;0.0
sawtooth_normal_s0;46000;ASH_COATED_OSMIUM;10003;12;10000;8;;;10007;11;10009;27;;;10005.0;0.0
sawtooth_normal_s0;46100;INTARIAN_PEPPER_ROOT;10770;17;10766;17;;;10784;14;10787;18;;;10777.0;0.0
sawtooth_normal_s0;46100;ASH_COATED_OSMIUM;10003;15;10000;22;;;10009;11;10011;25;;;10006.0;0.0
sawtooth_normal_s0;46200;INTARIAN_PEPPER_ROOT;10773;16;10771;17;;;10775;11;10777;14;;;10774.0;0.0
sawtooth_normal_s0;46200;ASH_COATED_OSMIUM;10008;17;10004;27;;;10012;11;10014;13;;;10010.0;0.0
sawtooth_normal_s0;46300;INTARIAN_PEPPER_ROOT;10768;27;10764;15;;;10782;17;10785;21;;;10775.0;0.0
sawtooth_normal_s0;46300;ASH_COATED_OSMIUM;10010;15;10007;18;;;10014;8;10018;22;;;10012.0;0.0
sawtooth_normal_s0;46400;INTARIAN_PEPPER_ROOT;10768;14;10765;28;;;10782;20;10786;26;;;10775.0;0.0
sawtooth_normal_s0;46400;ASH_COATED_OSMIUM;9991;9;9987;19;;;10027;9;10030;18;;;10009.0;0.0
sawtooth_normal_s0;46500;INTARIAN_PEPPER_ROOT;10771;9;10768;19;;;10777;13;10780;21;;;10774.0;0.0
sawtooth_normal_s0;46500;ASH_COATED_OSMIUM;10007;16;10005;30;;;10009;11;10011;21;;;10008.0;0.0
sawtooth_normal_s0;46600;INTARIAN_PEPPER_ROOT;10776;14;10773;17;;;10778;8;10780;26;;;10777.0;0.0
sawtooth_normal_s0;46600;ASH_COATED_OSMIUM;10008;14;10005;17;;;10012;5;10015;33;;;10010.0;0.0
sawtooth_normal_s0;46700;INTARIAN_PEPPER_ROOT;10760;16;10757;16;;;10798;9;10800;20;;;10779.0;0.0
sawtooth_normal_s0;46700;ASH_COATED_OSMIUM;9996;16;9994;22;;;10020;16;10022;26;;;10008.0;0.0
sawtooth_normal_s0;46800;INTARIAN_PEPPER_ROOT;10774;9;10770;12;;;10790;17;10793;23;;;10782.0;0.0
sawtooth_normal_s0;46800;ASH_COATED_OSMIUM;10004;9;10000;16;;;10018;22;10022;21;;;10011.0;0.0
sawtooth_normal_s0;46900;INTARIAN_PEPPER_ROOT;10780;16;10778;23;;;10782;16;10786;28;;;10781.0;0.0
sawtooth_normal_s0;46900;ASH_COATED_OSMIUM;10011;11;10009;19;;;10015;13;10017;16;;;10013.0;0.0
sawtooth_normal_s0;47000;INTARIAN_PEPPER_ROOT;10781;15;10777;24;;;10787;12;10791;23;;;10784.0;0.0
sawtooth_normal_s0;47000;ASH_COATED_OSMIUM;10002;15;9999;27;;;10012;23;10016;24;;;10007.0;0.0
sawtooth_normal_s0;47100;INTARIAN_PEPPER_ROOT;10784;8;10782;14;;;10786;13;10789;26;;;10785.0;0.0
sawtooth_normal_s0;47100;ASH_COATED_OSMIUM;10005;12;10002;21;;;10007;7;10011;23;;;10006.0;0.0
sawtooth_normal_s0;47200;INTARIAN_PEPPER_ROOT;10762;14;10758;15;;;10812;18;10815;30;;;10787.0;0.0
sawtooth_normal_s0;47200;ASH_COATED_OSMIUM;9986;7;9983;19;;;10026;16;10029;19;;;10006.0;0.0
sawtooth_normal_s0;47300;INTARIAN_PEPPER_ROOT;10785;20;10782;28;;;10795;5;10798;27;;;10790.0;0.0
sawtooth_normal_s0;47300;ASH_COATED_OSMIUM;10004;9;10002;14;;;10012;13;10016;28;;;10008.0;0.0
sawtooth_normal_s0;47400;INTARIAN_PEPPER_ROOT;10788;16;10786;26;;;10790;5;10793;22;;;10789.0;0.0
sawtooth_normal_s0;47400;ASH_COATED_OSMIUM;10002;13;10000;26;;;10014;12;10018;23;;;10008.0;0.0
sawtooth_normal_s0;47500;INTARIAN_PEPPER_ROOT;10785;6;10782;21;;;10793;6;10796;20;;;10789.0;0.0
sawtooth_normal_s0;47500;ASH_COATED_OSMIUM;10003;18;9999;15;;;10017;5;10019;16;;;10010.0;0.0
sawtooth_normal_s0;47600;INTARIAN_PEPPER_ROOT;10782;18;10778;11;;;10800;9;10804;18;;;10791.0;0.0
sawtooth_normal_s0;47600;ASH_COATED_OSMIUM;10006;29;10003;23;;;10020;5;10023;23;;;10013.0;0.0
sawtooth_normal_s0;47700;INTARIAN_PEPPER_ROOT;10786;11;10783;14;;;10788;11;10792;17;;;10787.0;0.0
sawtooth_normal_s0;47700;ASH_COATED_OSMIUM;10009;20;10006;25;;;10011;25;10014;17;;;10010.0;0.0
sawtooth_normal_s0;47800;INTARIAN_PEPPER_ROOT;10787;17;10785;25;;;10793;12;10797;11;;;10790.0;0.0
sawtooth_normal_s0;47800;ASH_COATED_OSMIUM;9993;17;9990;21;;;10031;5;10033;22;;;10012.0;0.0
sawtooth_normal_s0;47900;INTARIAN_PEPPER_ROOT;10791;12;10787;24;;;10793;25;10795;16;;;10792.0;0.0
sawtooth_normal_s0;47900;ASH_COATED_OSMIUM;10008;18;10004;20;;;10012;8;10016;21;;;10010.0;0.0
sawtooth_normal_s0;48000;INTARIAN_PEPPER_ROOT;10791;14;10789;23;;;10793;13;10797;21;;;10792.0;0.0
sawtooth_normal_s0;48000;ASH_COATED_OSMIUM;10008;19;10005;26;;;10010;12;10013;14;;;10009.0;0.0
sawtooth_normal_s0;48100;INTARIAN_PEPPER_ROOT;10786;23;10782;23;;;10802;9;10805;16;;;10794.0;0.0
sawtooth_normal_s0;48100;ASH_COATED_OSMIUM;10008;14;10005;20;;;10010;15;10012;16;;;10009.0;0.0
sawtooth_normal_s0;48200;INTARIAN_PEPPER_ROOT;10791;14;10788;13;;;10793;10;10796;16;;;10792.0;0.0
sawtooth_normal_s0;48200;ASH_COATED_OSMIUM;10008;18;10004;17;;;10012;12;10015;17;;;10010.0;0.0
sawtooth_normal_s0;48300;INTARIAN_PEPPER_ROOT;10785;9;10781;12;;;10799;11;10803;19;;;10792.0;0.0
sawtooth_normal_s0;48300;ASH_COATED_OSMIUM;10003;8;9999;18;;;10021;9;10025;19;;;10012.0;0.0
sawtooth_normal_s0;48400;INTARIAN_PEPPER_ROOT;10782;6;10779;24;;;10808;15;10810;22;;;10795.0;0.0
sawtooth_normal_s0;48400;ASH_COATED_OSMIUM;9992;8;9990;21;;;10032;9;10036;21;;;10012.0;0.0
sawtooth_normal_s0;48500;INTARIAN_PEPPER_ROOT;10790;5;10787;17;;;10806;5;10808;20;;;10798.0;0.0
sawtooth_normal_s0;48500;ASH_COATED_OSMIUM;10009;14;10007;28;;;10011;16;10013;14;;;10010.0;0.0
sawtooth_normal_s0;48600;INTARIAN_PEPPER_ROOT;10800;16;10797;19;;;10806;22;10808;28;;;10803.0;0.0
sawtooth_normal_s0;48600;ASH_COATED_OSMIUM;10010;16;10006;26;;;10018;20;10022;17;;;10014.0;0.0
sawtooth_normal_s0;48700;INTARIAN_PEPPER_ROOT;10791;5;10788;13;;;10815;9;10818;19;;;10803.0;0.0
sawtooth_normal_s0;48700;ASH_COATED_OSMIUM;10009;23;10005;15;;;10013;18;10015;27;;;10011.0;0.0
sawtooth_normal_s0;48800;INTARIAN_PEPPER_ROOT;10787;21;10785;21;;;10819;13;10823;20;;;10803.0;0.0
sawtooth_normal_s0;48800;ASH_COATED_OSMIUM;10013;5;10011;23;;;10017;11;10019;17;;;10015.0;0.0
sawtooth_normal_s0;48900;INTARIAN_PEPPER_ROOT;10797;16;10793;19;;;10807;16;10809;16;;;10802.0;0.0
sawtooth_normal_s0;48900;ASH_COATED_OSMIUM;9998;13;9995;30;;;10036;16;10038;16;;;10017.0;0.0
sawtooth_normal_s0;49000;INTARIAN_PEPPER_ROOT;10799;16;10797;25;;;10803;15;10805;27;;;10801.0;0.0
sawtooth_normal_s0;49000;ASH_COATED_OSMIUM;10001;11;9998;12;;;10029;15;10032;14;;;10015.0;0.0
sawtooth_normal_s0;49100;INTARIAN_PEPPER_ROOT;10794;20;10791;12;;;10812;16;10815;18;;;10803.0;0.0
sawtooth_normal_s0;49100;ASH_COATED_OSMIUM;9996;12;9993;29;;;10022;18;10024;24;;;10009.0;0.0
sawtooth_normal_s0;49200;INTARIAN_PEPPER_ROOT;10800;10;10798;20;;;10806;15;10809;18;;;10803.0;0.0
sawtooth_normal_s0;49200;ASH_COATED_OSMIUM;10011;5;10008;20;;;10013;14;10016;19;;;10012.0;0.0
sawtooth_normal_s0;49300;INTARIAN_PEPPER_ROOT;10804;11;10802;19;;;10806;15;10808;26;;;10805.0;0.0
sawtooth_normal_s0;49300;ASH_COATED_OSMIUM;10006;10;10003;25;;;10024;8;10026;19;;;10015.0;0.0
sawtooth_normal_s0;49400;INTARIAN_PEPPER_ROOT;10805;17;10801;14;;;10809;15;10813;22;;;10807.0;0.0
sawtooth_normal_s0;49400;ASH_COATED_OSMIUM;10010;14;10006;18;;;10016;7;10019;26;;;10013.0;0.0
sawtooth_normal_s0;49500;INTARIAN_PEPPER_ROOT;10805;22;10801;21;;;10807;14;10811;9;;;10806.0;0.0
sawtooth_normal_s0;49500;ASH_COATED_OSMIUM;10002;13;9999;25;;;10022;20;10026;24;;;10012.0;0.0
sawtooth_normal_s0;49600;INTARIAN_PEPPER_ROOT;10801;16;10799;16;;;10813;14;10817;27;;;10807.0;0.0
sawtooth_normal_s0;49600;ASH_COATED_OSMIUM;9983;16;9980;30;;;10031;14;10035;25;;;10007.0;0.0
sawtooth_normal_s0;49700;INTARIAN_PEPPER_ROOT;10796;22;10794;23;;;10818;12;10820;22;;;10807.0;0.0
sawtooth_normal_s0;49700;ASH_COATED_OSMIUM;9992;8;9990;22;;;10022;12;10026;18;;;10007.0;0.0
sawtooth_normal_s0;49800;INTARIAN_PEPPER_ROOT;10787;19;10783;23;;;10823;22;10826;25;;;10805.0;0.0
sawtooth_normal_s0;49800;ASH_COATED_OSMIUM;10004;15;10001;23;;;10006;12;10009;22;;;10005.0;0.0
sawtooth_normal_s0;49900;INTARIAN_PEPPER_ROOT;10802;5;10799;17;;;10804;12;10806;18;;;10803.0;0.0
sawtooth_normal_s0;49900;ASH_COATED_OSMIUM;9998;10;9995;22;;;10012;15;10016;17;;;10005.0;0.0
sawtooth_normal_s0;50000;INTARIAN_PEPPER_ROOT;10800;10;10797;17;;;10806;14;10809;25;;;10803.0;0.0
sawtooth_normal_s0;50000;ASH_COATED_OSMIUM;9999;8;9995;15;;;10003;8;10005;22;;;10001.0;0.0
sawtooth_normal_s0;50100;INTARIAN_PEPPER_ROOT;10798;10;10794;25;;;10812;15;10814;18;;;10805.0;0.0
sawtooth_normal_s0;50100;ASH_COATED_OSMIUM;9998;11;9996;18;;;10000;5;10002;18;;;9999.0;0.0
sawtooth_normal_s0;50200;INTARIAN_PEPPER_ROOT;10806;16;10804;19;;;10808;19;10811;30;;;10807.0;0.0
sawtooth_normal_s0;50200;ASH_COATED_OSMIUM;10002;9;9999;22;;;10004;11;10008;21;;;10003.0;0.0
sawtooth_normal_s0;50300;INTARIAN_PEPPER_ROOT;10807;23;10804;26;;;10813;16;10817;28;;;10810.0;0.0
sawtooth_normal_s0;50300;ASH_COATED_OSMIUM;9989;8;9986;23;;;10007;9;10009;32;;;9998.0;0.0
sawtooth_normal_s0;50400;INTARIAN_PEPPER_ROOT;10800;20;10796;18;;;10818;5;10821;15;;;10809.0;0.0
sawtooth_normal_s0;50400;ASH_COATED_OSMIUM;9966;18;9964;22;;;10016;5;10019;14;;;9991.0;0.0
sawtooth_normal_s0;50500;INTARIAN_PEPPER_ROOT;10787;8;10784;19;;;10825;18;10827;9;;;10806.0;0.0
sawtooth_normal_s0;50500;ASH_COATED_OSMIUM;9966;8;9964;20;;;10010;12;10014;17;;;9988.0;0.0
sawtooth_normal_s0;50600;INTARIAN_PEPPER_ROOT;10805;14;10801;21;;;10807;28;10811;15;;;10806.0;0.0
sawtooth_normal_s0;50600;ASH_COATED_OSMIUM;9983;14;9980;21;;;9995;15;9999;24;;;9989.0;0.0
sawtooth_normal_s0;50700;INTARIAN_PEPPER_ROOT;10806;10;10803;12;;;10808;5;10810;23;;;10807.0;0.0
sawtooth_normal_s0;50700;ASH_COATED_OSMIUM;9985;19;9981;21;;;10001;17;10004;19;;;9993.0;0.0
sawtooth_normal_s0;50800;INTARIAN_PEPPER_ROOT;10798;13;10794;16;;;10820;22;10824;15;;;10809.0;0.0
sawtooth_normal_s0;50800;ASH_COATED_OSMIUM;9975;5;9972;17;;;10007;19;10010;26;;;9991.0;0.0
sawtooth_normal_s0;50900;INTARIAN_PEPPER_ROOT;10791;15;10787;21;;;10829;15;10831;26;;;10810.0;0.0
sawtooth_normal_s0;50900;ASH_COATED_OSMIUM;9982;18;9979;13;;;10012;10;10016;16;;;9997.0;0.0
sawtooth_normal_s0;51000;INTARIAN_PEPPER_ROOT;10811;14;10808;18;;;10813;11;10816;29;;;10812.0;0.0
sawtooth_normal_s0;51000;ASH_COATED_OSMIUM;9997;7;9993;13;;;9999;9;10001;28;;;9998.0;0.0
sawtooth_normal_s0;51100;INTARIAN_PEPPER_ROOT;10812;19;10808;15;;;10818;10;10820;23;;;10815.0;0.0
sawtooth_normal_s0;51100;ASH_COATED_OSMIUM;9991;21;9989;18;;;10007;15;10010;22;;;9999.0;0.0
sawtooth_normal_s0;51200;INTARIAN_PEPPER_ROOT;10808;14;10805;18;;;10822;17;10826;24;;;10815.0;0.0
sawtooth_normal_s0;51200;ASH_COATED_OSMIUM;9980;12;9978;17;;;10016;24;10019;22;;;9998.0;0.0
sawtooth_normal_s0;51300;INTARIAN_PEPPER_ROOT;10807;12;10804;14;;;10821;15;10824;20;;;10814.0;0.0
sawtooth_normal_s0;51300;ASH_COATED_OSMIUM;9996;10;9993;13;;;10004;16;10008;14;;;10000.0;0.0
sawtooth_normal_s0;51400;INTARIAN_PEPPER_ROOT;10790;20;10787;14;;;10836;16;10838;21;;;10813.0;0.0
sawtooth_normal_s0;51400;ASH_COATED_OSMIUM;9999;16;9997;24;;;10003;15;10005;17;;;10001.0;0.0
sawtooth_normal_s0;51500;INTARIAN_PEPPER_ROOT;10807;18;10804;26;;;10817;11;10819;30;;;10812.0;0.0
sawtooth_normal_s0;51500;ASH_COATED_OSMIUM;9999;10;9997;21;;;10001;13;10005;31;;;10000.0;0.0
sawtooth_normal_s0;51600;INTARIAN_PEPPER_ROOT;10803;15;10801;30;;;10823;21;10827;21;;;10813.0;0.0
sawtooth_normal_s0;51600;ASH_COATED_OSMIUM;9977;16;9973;12;;;10021;5;10023;12;;;9999.0;0.0
sawtooth_normal_s0;51700;INTARIAN_PEPPER_ROOT;10806;16;10803;28;;;10818;16;10821;18;;;10812.0;0.0
sawtooth_normal_s0;51700;ASH_COATED_OSMIUM;9988;15;9985;27;;;10000;8;10004;24;;;9994.0;0.0
sawtooth_normal_s0;51800;INTARIAN_PEPPER_ROOT;10810;14;10806;20;;;10818;17;10821;19;;;10814.0;0.0
sawtooth_normal_s0;51800;ASH_COATED_OSMIUM;9991;16;9989;29;;;9997;20;9999;27;;;9994.0;0.0
sawtooth_normal_s0;51900;INTARIAN_PEPPER_ROOT;10816;10;10813;19;;;10820;14;10823;11;;;10818.0;0.0
sawtooth_normal_s0;51900;ASH_COATED_OSMIUM;10000;13;9996;15;;;10002;5;10004;19;;;10001.0;0.0
sawtooth_normal_s0;52000;INTARIAN_PEPPER_ROOT;10813;14;10811;15;;;10815;15;10817;21;;;10814.0;0.0
sawtooth_normal_s0;52000;ASH_COATED_OSMIUM;9985;18;9982;18;;;10025;10;10028;24;;;10005.0;0.0
sawtooth_normal_s0;52100;INTARIAN_PEPPER_ROOT;10804;17;10802;13;;;10828;26;10831;13;;;10816.0;0.0
sawtooth_normal_s0;52100;ASH_COATED_OSMIUM;10000;9;9997;22;;;10018;19;10020;21;;;10009.0;0.0
sawtooth_normal_s0;52200;INTARIAN_PEPPER_ROOT;10805;12;10803;20;;;10821;13;10823;23;;;10813.0;0.0
sawtooth_normal_s0;52200;ASH_COATED_OSMIUM;9980;19;9978;16;;;10034;5;10038;22;;;10007.0;0.0
sawtooth_normal_s0;52300;INTARIAN_PEPPER_ROOT;10810;17;10808;18;;;10818;17;10821;20;;;10814.0;0.0
sawtooth_normal_s0;52300;ASH_COATED_OSMIUM;9999;10;9997;15;;;10009;10;10011;9;;;10004.0;0.0
sawtooth_normal_s0;52400;INTARIAN_PEPPER_ROOT;10805;12;10801;19;;;10829;19;10833;16;;;10817.0;0.0
sawtooth_normal_s0;52400;ASH_COATED_OSMIUM;9987;20;9985;14;;;10013;15;10016;25;;;10000.0;0.0
sawtooth_normal_s0;52500;INTARIAN_PEPPER_ROOT;10809;15;10807;20;;;10827;14;10829;21;;;10818.0;0.0
sawtooth_normal_s0;52500;ASH_COATED_OSMIUM;9992;20;9990;30;;;10006;14;10008;11;;;9999.0;0.0
sawtooth_normal_s0;52600;INTARIAN_PEPPER_ROOT;10813;13;10809;18;;;10821;16;10823;27;;;10817.0;0.0
