day;timestamp;product;bid_price_1;bid_volume_1;bid_price_2;bid_volume_2;bid_price_3;bid_volume_3;ask_price_1;ask_volume_1;ask_price_2;ask_volume_2;ask_price_3;ask_volume_3;mid_price;profit_and_loss
spike_crash_volatile_s1;0;INTARIAN_PEPPER_ROOT;11000;10;10998;15;;;11008;6;11012;24;;;11004.0;0.0
spike_crash_volatile_s1;0;ASH_COATED_OSMIUM;9998;7;9994;21;;;10002;12;10004;16;;;10000.0;0.0
spike_crash_volatile_s1;100;INTARIAN_PEPPER_ROOT;10992;19;10990;20;;;11014;14;11018;26;;;11003.0;0.0
spike_crash_volatile_s1;100;ASH_COATED_OSMIUM;9980;19;9976;28;;;10016;11;10018;27;;;9998.0;0.0
spike_crash_volatile_s1;200;INTARIAN_PEPPER_ROOT;10995;14;10992;22;;;11009;19;11013;21;;;11002.0;0.0
spike_crash_volatile_s1;200;ASH_COATED_OSMIUM;9988;6;9985;33;;;10012;13;10016;10;;;10000.0;0.0
spike_crash_volatile_s1;300;INTARIAN_PEPPER_ROOT;10999;12;10995;21;;;11003;24;11006;21;;;11001.0;0.0
spike_crash_volatile_s1;300;ASH_COATED_OSMIUM;9995;26;9991;15;;;10003;18;10005;20;;;9999.0;0.0
spike_crash_volatile_s1;400;INTARIAN_PEPPER_ROOT;11004;13;11001;16;;;11006;15;11008;20;;;11005.0;0.0
spike_crash_volatile_s1;400;ASH_COATED_OSMIUM;9990;5;9988;14;;;10002;22;10005;29;;;9996.0;0.0
spike_crash_volatile_s1;500;INTARIAN_PEPPER_ROOT;10995;18;10991;20;;;11005;13;11008;20;;;11000.0;0.0
spike_crash_volatile_s1;500;ASH_COATED_OSMIUM;9984;13;9981;21;;;10008;8;10011;29;;;9996.0;0.0
spike_crash_volatile_s1;600;INTARIAN_PEPPER_ROOT;10999;19;10996;11;;;11013;14;11016;16;;;11006.0;0.0
spike_crash_volatile_s1;600;ASH_COATED_OSMIUM;9995;10;9991;21;;;9997;18;9999;25;;;9996.0;0.0
spike_crash_volatile_s1;700;INTARIAN_PEPPER_ROOT;10990;19;10988;19;;;11018;18;11020;18;;;11004.0;0.0
spike_crash_volatile_s1;700;ASH_COATED_OSMIUM;9972;17;9968;23;;;10024;5;10026;11;;;9998.0;0.0
spike_crash_volatile_s1;800;INTARIAN_PEPPER_ROOT;11005;5;11003;21;;;11007;12;11011;22;;;11006.0;0.0
spike_crash_volatile_s1;800;ASH_COATED_OSMIUM;9996;8;9992;15;;;9998;14;10000;21;;;9997.0;0.0
spike_crash_volatile_s1;900;INTARIAN_PEPPER_ROOT;11005;12;11002;10;;;11007;18;11009;22;;;11006.0;0.0
spike_crash_volatile_s1;900;ASH_COATED_OSMIUM;9987;7;9983;20;;;10005;13;10008;21;;;9996.0;0.0
spike_crash_volatile_s1;1000;INTARIAN_PEPPER_ROOT;11009;9;11005;12;;;11013;10;11016;13;;;11011.0;0.0
spike_crash_volatile_s1;1000;ASH_COATED_OSMIUM;9992;15;9990;19;;;10004;15;10008;27;;;9998.0;0.0
spike_crash_volatile_s1;1100;INTARIAN_PEPPER_ROOT;10995;12;10992;23;;;11019;5;11022;19;;;11007.0;0.0
spike_crash_volatile_s1;1100;ASH_COATED_OSMIUM;9994;19;9990;14;;;9998;19;10000;11;;;9996.0;0.0
spike_crash_volatile_s1;1200;INTARIAN_PEPPER_ROOT;11005;24;11001;23;;;11007;16;11010;26;;;11006.0;0.0
spike_crash_volatile_s1;1200;ASH_COATED_OSMIUM;9992;16;9989;18;;;10000;12;10003;13;;;9996.0;0.0
spike_crash_volatile_s1;1300;INTARIAN_PEPPER_ROOT;11006;17;11003;20;;;11008;23;11010;20;;;11007.0;0.0
spike_crash_volatile_s1;1300;ASH_COATED_OSMIUM;9987;9;9983;13;;;10001;18;10005;18;;;9994.0;0.0
spike_crash_volatile_s1;1400;INTARIAN_PEPPER_ROOT;11009;12;11005;26;;;11011;9;11015;15;;;11010.0;0.0
spike_crash_volatile_s1;1400;ASH_COATED_OSMIUM;9991;7;9988;12;;;9993;8;9997;25;;;9992.0;0.0
spike_crash_volatile_s1;1500;INTARIAN_PEPPER_ROOT;11007;18;11004;20;;;11009;15;11011;15;;;11008.0;0.0
spike_crash_volatile_s1;1500;ASH_COATED_OSMIUM;9994;12;9990;15;;;9996;17;9998;18;;;9995.0;0.0
spike_crash_volatile_s1;1600;INTARIAN_PEPPER_ROOT;11007;10;11005;13;;;11013;14;11017;23;;;11010.0;0.0
spike_crash_volatile_s1;1600;ASH_COATED_OSMIUM;9968;5;9966;14;;;10020;11;10023;19;;;9994.0;0.0
spike_crash_volatile_s1;1700;INTARIAN_PEPPER_ROOT;11002;13;10998;25;;;11014;27;11017;31;;;11008.0;0.0
spike_crash_volatile_s1;1700;ASH_COATED_OSMIUM;9984;15;9980;17;;;10004;17;10007;14;;;9994.0;0.0
spike_crash_volatile_s1;1800;INTARIAN_PEPPER_ROOT;11008;17;11006;22;;;11010;11;11013;18;;;11009.0;0.0
spike_crash_volatile_s1;1800;ASH_COATED_OSMIUM;9989;14;9987;32;;;9999;14;10002;18;;;9994.0;0.0
spike_crash_volatile_s1;1900;INTARIAN_PEPPER_ROOT;10988;12;10984;22;;;11036;12;11038;18;;;11012.0;0.0
spike_crash_volatile_s1;1900;ASH_COATED_OSMIUM;9989;8;9985;24;;;9997;10;10001;23;;;9993.0;0.0
spike_crash_volatile_s1;2000;INTARIAN_PEPPER_ROOT;11009;17;11006;19;;;11011;16;11013;28;;;11010.0;0.0
spike_crash_volatile_s1;2000;ASH_COATED_OSMIUM;9992;12;9988;16;;;9998;9;10002;17;;;9995.0;0.0
spike_crash_volatile_s1;2100;INTARIAN_PEPPER_ROOT;11004;10;11000;27;;;11024;12;11028;16;;;11014.0;0.0
spike_crash_volatile_s1;2100;ASH_COATED_OSMIUM;9969;18;9966;19;;;10025;14;10027;20;;;9997.0;0.0
spike_crash_volatile_s1;2200;INTARIAN_PEPPER_ROOT;11012;10;11010;24;;;11022;15;11024;19;;;11017.0;0.0
spike_crash_volatile_s1;2200;ASH_COATED_OSMIUM;9993;13;9990;22;;;10005;19;10008;17;;;9999.0;0.0
spike_crash_volatile_s1;2300;INTARIAN_PEPPER_ROOT;11016;8;11012;18;;;11022;9;11024;13;;;11019.0;0.0
spike_crash_volatile_s1;2300;ASH_COATED_OSMIUM;9999;11;9995;28;;;10001;7;10003;13;;;10000.0;0.0
spike_crash_volatile_s1;2400;INTARIAN_PEPPER_ROOT;10999;9;10996;20;;;11047;25;11050;19;;;11023.0;0.0
spike_crash_volatile_s1;2400;ASH_COATED_OSMIUM;9985;5;9981;21;;;10021;12;10023;18;;;10003.0;0.0
spike_crash_volatile_s1;2500;INTARIAN_PEPPER_ROOT;11021;20;11019;20;;;11023;14;11026;15;;;11022.0;0.0
spike_crash_volatile_s1;2500;ASH_COATED_OSMIUM;10004;18;10001;14;;;10010;7;10013;15;;;10007.0;0.0
spike_crash_volatile_s1;2600;INTARIAN_PEPPER_ROOT;11018;11;11014;20;;;11026;13;11029;17;;;11022.0;0.0
spike_crash_volatile_s1;2600;ASH_COATED_OSMIUM;9998;16;9994;29;;;10006;11;10009;21;;;10002.0;0.0
spike_crash_volatile_s1;2700;INTARIAN_PEPPER_ROOT;11002;12;10999;17;;;11040;17;11044;15;;;11021.0;0.0
spike_crash_volatile_s1;2700;ASH_COATED_OSMIUM;9962;14;9960;19;;;10048;12;10050;13;;;10005.0;0.0
spike_crash_volatile_s1;2800;INTARIAN_PEPPER_ROOT;11019;12;11016;23;;;11025;23;11027;18;;;11022.0;0.0
spike_crash_volatile_s1;2800;ASH_COATED_OSMIUM;10008;11;10006;9;;;10010;5;10014;23;;;10009.0;0.0
spike_crash_volatile_s1;2900;INTARIAN_PEPPER_ROOT;11003;14;10999;8;;;11045;14;11048;20;;;11024.0;0.0
spike_crash_volatile_s1;2900;ASH_COATED_OSMIUM;9994;5;9992;19;;;10026;12;10029;20;;;10010.0;0.0
spike_crash_volatile_s1;3000;INTARIAN_PEPPER_ROOT;11022;20;11019;22;;;11024;8;11027;14;;;11023.0;0.0
spike_crash_volatile_s1;3000;ASH_COATED_OSMIUM;10010;26;10008;22;;;10014;15;10017;23;;;10012.0;0.0
spike_crash_volatile_s1;3100;INTARIAN_PEPPER_ROOT;11020;15;11018;22;;;11026;6;11028;19;;;11023.0;0.0
spike_crash_volatile_s1;3100;ASH_COATED_OSMIUM;9982;20;9980;27;;;10040;16;10042;22;;;10011.0;0.0
spike_crash_volatile_s1;3200;INTARIAN_PEPPER_ROOT;11013;5;11011;19;;;11033;16;11035;13;;;11023.0;0.0
spike_crash_volatile_s1;3200;ASH_COATED_OSMIUM;10013;5;10010;15;;;10015;21;10017;15;;;10014.0;0.0
spike_crash_volatile_s1;3300;INTARIAN_PEPPER_ROOT;11018;15;11014;19;;;11026;15;11030;21;;;11022.0;0.0
spike_crash_volatile_s1;3300;ASH_COATED_OSMIUM;10010;15;10006;21;;;10012;19;10014;26;;;10011.0;0.0
spike_crash_volatile_s1;3400;INTARIAN_PEPPER_ROOT;11010;11;11008;24;;;11032;15;11034;19;;;11021.0;0.0
spike_crash_volatile_s1;3400;ASH_COATED_OSMIUM;10008;15;10006;14;;;10010;12;10012;12;;;10009.0;0.0
spike_crash_volatile_s1;3500;INTARIAN_PEPPER_ROOT;11019;13;11017;18;;;11025;21;11028;20;;;11022.0;0.0
spike_crash_volatile_s1;3500;ASH_COATED_OSMIUM;10009;8;10006;15;;;10011;16;10015;24;;;10010.0;0.0
spike_crash_volatile_s1;3600;INTARIAN_PEPPER_ROOT;11019;20;11016;16;;;11021;12;11024;20;;;11020.0;0.0
spike_crash_volatile_s1;3600;ASH_COATED_OSMIUM;10000;10;9998;15;;;10022;6;10026;14;;;10011.0;0.0
spike_crash_volatile_s1;3700;INTARIAN_PEPPER_ROOT;11002;12;11000;18;;;11040;8;11043;28;;;11021.0;0.0
spike_crash_volatile_s1;3700;ASH_COATED_OSMIUM;10006;18;10003;19;;;10014;10;10017;21;;;10010.0;0.0
spike_crash_volatile_s1;3800;INTARIAN_PEPPER_ROOT;11015;17;11012;23;;;11039;9;11041;23;;;11027.0;0.0
spike_crash_volatile_s1;3800;ASH_COATED_OSMIUM;10003;22;9999;24;;;10005;14;10007;28;;;10004.0;0.0
spike_crash_volatile_s1;3900;INTARIAN_PEPPER_ROOT;11011;14;11007;22;;;11049;15;11053;11;;;11030.0;0.0
spike_crash_volatile_s1;3900;ASH_COATED_OSMIUM;9999;7;9997;19;;;10001;6;10003;18;;;10000.0;0.0
spike_crash_volatile_s1;4000;INTARIAN_PEPPER_ROOT;11021;13;11019;18;;;11039;20;11041;20;;;11030.0;0.0
spike_crash_volatile_s1;4000;ASH_COATED_OSMIUM;9992;16;9989;20;;;10004;9;10006;13;;;9998.0;0.0
spike_crash_volatile_s1;4100;INTARIAN_PEPPER_ROOT;11026;9;11022;25;;;11032;9;11034;28;;;11029.0;0.0
spike_crash_volatile_s1;4100;ASH_COATED_OSMIUM;9994;7;9991;29;;;9996;10;9999;15;;;9995.0;0.0
spike_crash_volatile_s1;4200;INTARIAN_PEPPER_ROOT;11028;15;11025;18;;;11030;6;11034;16;;;11029.0;0.0
spike_crash_volatile_s1;4200;ASH_COATED_OSMIUM;9992;10;9988;13;;;10004;17;10007;17;;;9998.0;0.0
spike_crash_volatile_s1;4300;INTARIAN_PEPPER_ROOT;11032;8;11030;9;;;11036;13;11038;23;;;11034.0;0.0
spike_crash_volatile_s1;4300;ASH_COATED_OSMIUM;9990;26;9986;22;;;9998;18;10001;18;;;9994.0;0.0
spike_crash_volatile_s1;4400;INTARIAN_PEPPER_ROOT;11022;20;11020;21;;;11046;10;11050;15;;;11034.0;0.0
spike_crash_volatile_s1;4400;ASH_COATED_OSMIUM;9994;10;9990;24;;;9996;11;10000;27;;;9995.0;0.0
spike_crash_volatile_s1;4500;INTARIAN_PEPPER_ROOT;11030;16;11026;16;;;11038;13;11041;23;;;11034.0;0.0
spike_crash_volatile_s1;4500;ASH_COATED_OSMIUM;9991;13;9987;13;;;9993;5;9996;20;;;9992.0;0.0
spike_crash_volatile_s1;4600;INTARIAN_PEPPER_ROOT;11029;22;11027;24;;;11043;24;11047;18;;;11036.0;0.0
spike_crash_volatile_s1;4600;ASH_COATED_OSMIUM;9976;5;9973;28;;;10006;13;10008;12;;;9991.0;0.0
spike_crash_volatile_s1;4700;INTARIAN_PEPPER_ROOT;11039;7;11036;18;;;11043;11;11046;22;;;11041.0;0.0
spike_crash_volatile_s1;4700;ASH_COATED_OSMIUM;9982;7;9980;9;;;9994;22;9997;26;;;9988.0;0.0
spike_crash_volatile_s1;4800;INTARIAN_PEPPER_ROOT;11039;14;11036;21;;;11047;20;11051;16;;;11043.0;0.0
spike_crash_volatile_s1;4800;ASH_COATED_OSMIUM;9983;18;9980;16;;;9985;21;9988;25;;;9984.0;0.0
spike_crash_volatile_s1;4900;INTARIAN_PEPPER_ROOT;11045;30;11043;28;;;11047;16;11051;19;;;11046.0;0.0
spike_crash_volatile_s1;4900;ASH_COATED_OSMIUM;9974;8;9971;12;;;9992;15;9996;19;;;9983.0;0.0
spike_crash_volatile_s1;5000;INTARIAN_PEPPER_ROOT;11045;27;11043;18;;;11049;10;11053;24;;;11047.0;0.0
spike_crash_volatile_s1;5000;ASH_COATED_OSMIUM;9987;8;9985;18;;;9989;21;9992;17;;;9988.0;0.0
spike_crash_volatile_s1;5100;INTARIAN_PEPPER_ROOT;11036;12;11032;18;;;11058;16;11062;28;;;11047.0;0.0
spike_crash_volatile_s1;5100;ASH_COATED_OSMIUM;9988;22;9986;19;;;9990;7;9993;20;;;9989.0;0.0
spike_crash_volatile_s1;5200;INTARIAN_PEPPER_ROOT;11032;12;11030;25;;;11058;13;11062;22;;;11045.0;0.0
spike_crash_volatile_s1;5200;ASH_COATED_OSMIUM;9982;13;9979;14;;;9988;9;9990;19;;;9985.0;0.0
spike_crash_volatile_s1;5300;INTARIAN_PEPPER_ROOT;11044;16;11042;11;;;11046;19;11048;24;;;11045.0;0.0
spike_crash_volatile_s1;5300;ASH_COATED_OSMIUM;9960;13;9958;22;;;10004;17;10006;17;;;9982.0;0.0
spike_crash_volatile_s1;5400;INTARIAN_PEPPER_ROOT;11036;15;11033;13;;;11054;23;11056;17;;;11045.0;0.0
spike_crash_volatile_s1;5400;ASH_COATED_OSMIUM;9980;23;9977;16;;;9984;6;9986;24;;;9982.0;0.0
spike_crash_volatile_s1;5500;INTARIAN_PEPPER_ROOT;11040;6;11037;22;;;11058;15;11060;14;;;11049.0;0.0
spike_crash_volatile_s1;5500;ASH_COATED_OSMIUM;9976;18;9973;25;;;9988;5;9990;20;;;9982.0;0.0
spike_crash_volatile_s1;5600;INTARIAN_PEPPER_ROOT;11051;18;11048;15;;;11053;18;11056;15;;;11052.0;0.0
spike_crash_volatile_s1;5600;ASH_COATED_OSMIUM;9980;8;9978;27;;;9986;5;9989;17;;;9983.0;0.0
spike_crash_volatile_s1;5700;INTARIAN_PEPPER_ROOT;11053;17;11051;15;;;11057;18;11059;28;;;11055.0;0.0
spike_crash_volatile_s1;5700;ASH_COATED_OSMIUM;9983;5;9980;27;;;9989;7;9992;16;;;9986.0;0.0
spike_crash_volatile_s1;5800;INTARIAN_PEPPER_ROOT;11056;18;11052;20;;;11058;11;11060;19;;;11057.0;0.0
spike_crash_volatile_s1;5800;ASH_COATED_OSMIUM;9982;5;9978;20;;;9990;16;9993;23;;;9986.0;0.0
spike_crash_volatile_s1;5900;INTARIAN_PEPPER_ROOT;11059;14;11056;32;;;11061;16;11064;17;;;11060.0;0.0
spike_crash_volatile_s1;5900;ASH_COATED_OSMIUM;9976;16;9974;8;;;9990;14;9992;12;;;9983.0;0.0
spike_crash_volatile_s1;6000;INTARIAN_PEPPER_ROOT;11051;12;11048;20;;;11067;8;11070;25;;;11059.0;0.0
spike_crash_volatile_s1;6000;ASH_COATED_OSMIUM;9977;8;9975;22;;;9983;13;9986;21;;;9980.0;0.0
spike_crash_volatile_s1;6100;INTARIAN_PEPPER_ROOT;11062;13;11058;22;;;11064;25;11066;22;;;11063.0;0.0
spike_crash_volatile_s1;6100;ASH_COATED_OSMIUM;9980;23;9978;18;;;9982;5;9985;16;;;9981.0;0.0
spike_crash_volatile_s1;6200;INTARIAN_PEPPER_ROOT;11062;11;11058;17;;;11070;17;11073;18;;;11066.0;0.0
spike_crash_volatile_s1;6200;ASH_COATED_OSMIUM;9955;15;9952;28;;;10015;11;10018;24;;;9985.0;0.0
spike_crash_volatile_s1;6300;INTARIAN_PEPPER_ROOT;11064;15;11062;16;;;11066;11;11070;16;;;11065.0;0.0
spike_crash_volatile_s1;6300;ASH_COATED_OSMIUM;9976;18;9972;23;;;9990;14;9992;9;;;9983.0;0.0
spike_crash_volatile_s1;6400;INTARIAN_PEPPER_ROOT;11060;14;11057;14;;;11074;16;11078;10;;;11067.0;0.0
spike_crash_volatile_s1;6400;ASH_COATED_OSMIUM;9979;9;9977;16;;;9983;9;9987;19;;;9981.0;0.0
spike_crash_volatile_s1;6500;INTARIAN_PEPPER_ROOT;11064;12;11060;27;;;11072;18;11076;13;;;11068.0;0.0
spike_crash_volatile_s1;6500;ASH_COATED_OSMIUM;9968;6;9966;21;;;9998;5;10001;21;;;9983.0;0.0
spike_crash_volatile_s1;6600;INTARIAN_PEPPER_ROOT;11050;19;11048;19;;;11094;6;11098;24;;;11072.0;0.0
spike_crash_volatile_s1;6600;ASH_COATED_OSMIUM;9969;11;9965;23;;;9999;18;10001;22;;;9984.0;0.0
spike_crash_volatile_s1;6700;INTARIAN_PEPPER_ROOT;11073;20;11070;15;;;11081;13;11085;14;;;11077.0;0.0
spike_crash_volatile_s1;6700;ASH_COATED_OSMIUM;9976;6;9974;20;;;9988;14;9991;24;;;9982.0;0.0
spike_crash_volatile_s1;6800;INTARIAN_PEPPER_ROOT;11079;7;11077;30;;;11089;20;11092;24;;;11084.0;0.0
spike_crash_volatile_s1;6800;ASH_COATED_OSMIUM;9985;18;9981;17;;;9987;6;9991;22;;;9986.0;0.0
spike_crash_volatile_s1;6900;INTARIAN_PEPPER_ROOT;11074;17;11072;17;;;11090;14;11093;20;;;11082.0;0.0
spike_crash_volatile_s1;6900;ASH_COATED_OSMIUM;9987;16;9985;16;;;9991;18;9995;26;;;9989.0;0.0
spike_crash_volatile_s1;7000;INTARIAN_PEPPER_ROOT;11073;8;11070;18;;;11083;13;11086;24;;;11078.0;0.0
spike_crash_volatile_s1;7000;ASH_COATED_OSMIUM;9979;15;9976;14;;;10013;12;10015;20;;;9996.0;0.0
spike_crash_volatile_s1;7100;INTARIAN_PEPPER_ROOT;11077;10;11075;23;;;11079;14;11083;29;;;11078.0;0.0
spike_crash_volatile_s1;7100;ASH_COATED_OSMIUM;9993;19;9990;19;;;9995;8;9997;8;;;9994.0;0.0
spike_crash_volatile_s1;7200;INTARIAN_PEPPER_ROOT;11077;17;11073;28;;;11081;12;11083;17;;;11079.0;0.0
spike_crash_volatile_s1;7200;ASH_COATED_OSMIUM;9992;9;9990;18;;;9996;10;9998;19;;;9994.0;0.0
spike_crash_volatile_s1;7300;INTARIAN_PEPPER_ROOT;11080;5;11078;19;;;11086;11;11089;21;;;11083.0;0.0
spike_crash_volatile_s1;7300;ASH_COATED_OSMIUM;9983;19;9979;23;;;9997;5;10000;19;;;9990.0;0.0
spike_crash_volatile_s1;7400;INTARIAN_PEPPER_ROOT;11075;13;11072;31;;;11095;14;11098;12;;;11085.0;0.0
spike_crash_volatile_s1;7400;ASH_COATED_OSMIUM;9987;9;9985;24;;;9995;21;9997;28;;;9991.0;0.0
spike_crash_volatile_s1;7500;INTARIAN_PEPPER_ROOT;11079;20;11076;24;;;11081;12;11083;22;;;11080.0;0.0
spike_crash_volatile_s1;7500;ASH_COATED_OSMIUM;9983;6;9981;8;;;9995;8;9999;27;;;9989.0;0.0
spike_crash_volatile_s1;7600;INTARIAN_PEPPER_ROOT;11075;17;11072;21;;;11085;16;11088;16;;;11080.0;0.0
spike_crash_volatile_s1;7600;ASH_COATED_OSMIUM;9983;12;9981;29;;;9995;7;9997;19;;;9989.0;0.0
spike_crash_volatile_s1;7700;INTARIAN_PEPPER_ROOT;11083;14;11080;16;;;11085;6;11089;23;;;11084.0;0.0
spike_crash_volatile_s1;7700;ASH_COATED_OSMIUM;9983;14;9979;20;;;9999;13;10002;9;;;9991.0;0.0
spike_crash_volatile_s1;7800;INTARIAN_PEPPER_ROOT;11085;15;11081;16;;;11087;10;11090;16;;;11086.0;0.0
spike_crash_volatile_s1;7800;ASH_COATED_OSMIUM;9989;19;9985;19;;;9993;11;9995;23;;;9991.0;0.0
spike_crash_volatile_s1;7900;INTARIAN_PEPPER_ROOT;11087;20;11083;13;;;11089;16;11093;8;;;11088.0;0.0
spike_crash_volatile_s1;7900;ASH_COATED_OSMIUM;9992;11;9989;17;;;9996;14;9998;25;;;9994.0;0.0
spike_crash_volatile_s1;8000;INTARIAN_PEPPER_ROOT;11048;21;11044;19;;;11130;11;11132;19;;;11089.0;0.0
spike_crash_volatile_s1;8000;ASH_COATED_OSMIUM;9996;12;9992;21;;;9998;12;10002;19;;;9997.0;0.0
spike_crash_volatile_s1;8100;INTARIAN_PEPPER_ROOT;11073;10;11069;27;;;11105;13;11108;11;;;11089.0;0.0
spike_crash_volatile_s1;8100;ASH_COATED_OSMIUM;9982;5;9980;22;;;10006;15;10008;17;;;9994.0;0.0
spike_crash_volatile_s1;8200;INTARIAN_PEPPER_ROOT;11089;10;11087;19;;;11093;9;11095;8;;;11091.0;0.0
spike_crash_volatile_s1;8200;ASH_COATED_OSMIUM;9991;12;9989;23;;;9993;11;9997;29;;;9992.0;0.0
spike_crash_volatile_s1;8300;INTARIAN_PEPPER_ROOT;11092;15;11089;19;;;11094;15;11096;10;;;11093.0;0.0
spike_crash_volatile_s1;8300;ASH_COATED_OSMIUM;9989;7;9987;21;;;9995;7;9998;30;;;9992.0;0.0
spike_crash_volatile_s1;8400;INTARIAN_PEPPER_ROOT;11091;13;11087;25;;;11097;15;11101;28;;;11094.0;0.0
spike_crash_volatile_s1;8400;ASH_COATED_OSMIUM;9984;10;9981;26;;;9996;6;9998;12;;;9990.0;0.0
spike_crash_volatile_s1;8500;INTARIAN_PEPPER_ROOT;11095;10;11092;9;;;11097;19;11100;23;;;11096.0;0.0
spike_crash_volatile_s1;8500;ASH_COATED_OSMIUM;9995;5;9991;19;;;10001;5;10003;19;;;9998.0;0.0
spike_crash_volatile_s1;8600;INTARIAN_PEPPER_ROOT;11095;24;11091;14;;;11097;20;11100;23;;;11096.0;0.0
spike_crash_volatile_s1;8600;ASH_COATED_OSMIUM;9993;5;9989;15;;;10009;5;10013;11;;;10001.0;0.0
spike_crash_volatile_s1;8700;INTARIAN_PEPPER_ROOT;11085;18;11083;31;;;11109;12;11111;27;;;11097.0;0.0
spike_crash_volatile_s1;8700;ASH_COATED_OSMIUM;9997;14;9993;19;;;9999;19;10003;15;;;9998.0;0.0
spike_crash_volatile_s1;8800;INTARIAN_PEPPER_ROOT;11095;5;11093;18;;;11101;15;11104;27;;;11098.0;0.0
spike_crash_volatile_s1;8800;ASH_COATED_OSMIUM;9990;17;9988;18;;;10004;7;10006;22;;;9997.0;0.0
spike_crash_volatile_s1;8900;INTARIAN_PEPPER_ROOT;11096;15;11092;27;;;11108;18;11111;21;;;11102.0;0.0
spike_crash_volatile_s1;8900;ASH_COATED_OSMIUM;9994;11;9991;26;;;10004;9;10006;20;;;9999.0;0.0
spike_crash_volatile_s1;9000;INTARIAN_PEPPER_ROOT;11101;13;11097;21;;;11111;9;11113;21;;;11106.0;0.0
spike_crash_volatile_s1;9000;ASH_COATED_OSMIUM;9999;13;9995;27;;;10001;21;10003;14;;;10000.0;0.0
spike_crash_volatile_s1;9100;INTARIAN_PEPPER_ROOT;11103;5;11101;24;;;11113;19;11116;23;;;11108.0;0.0
spike_crash_volatile_s1;9100;ASH_COATED_OSMIUM;9991;17;9987;29;;;9999;11;10002;9;;;9995.0;0.0
spike_crash_volatile_s1;9200;INTARIAN_PEPPER_ROOT;11106;14;11102;25;;;11108;11;11111;28;;;11107.0;0.0
spike_crash_volatile_s1;9200;ASH_COATED_OSMIUM;9999;11;9996;17;;;10001;10;10005;32;;;10000.0;0.0
spike_crash_volatile_s1;9300;INTARIAN_PEPPER_ROOT;11104;13;11102;16;;;11110;7;11114;13;;;11107.0;0.0
spike_crash_volatile_s1;9300;ASH_COATED_OSMIUM;9999;5;9996;28;;;10005;8;10009;25;;;10002.0;0.0
spike_crash_volatile_s1;9400;INTARIAN_PEPPER_ROOT;11088;15;11085;18;;;11130;19;11132;28;;;11109.0;0.0
spike_crash_volatile_s1;9400;ASH_COATED_OSMIUM;9998;16;9994;22;;;10002;8;10004;21;;;10000.0;0.0
spike_crash_volatile_s1;9500;INTARIAN_PEPPER_ROOT;11108;20;11106;24;;;11112;16;11116;17;;;11110.0;0.0
spike_crash_volatile_s1;9500;ASH_COATED_OSMIUM;9997;7;9994;22;;;10001;11;10003;25;;;9999.0;0.0
spike_crash_volatile_s1;9600;INTARIAN_PEPPER_ROOT;11100;19;11097;9;;;11120;13;11124;20;;;11110.0;0.0
spike_crash_volatile_s1;9600;ASH_COATED_OSMIUM;9988;9;9985;21;;;10008;7;10012;15;;;9998.0;0.0
spike_crash_volatile_s1;9700;INTARIAN_PEPPER_ROOT;11098;8;11096;19;;;11126;14;11128;18;;;11112.0;0.0
spike_crash_volatile_s1;9700;ASH_COATED_OSMIUM;9985;11;9983;22;;;10013;8;10015;23;;;9999.0;0.0
spike_crash_volatile_s1;9800;INTARIAN_PEPPER_ROOT;11110;21;11108;27;;;11112;14;11114;21;;;11111.0;0.0
spike_crash_volatile_s1;9800;ASH_COATED_OSMIUM;9993;5;9989;25;;;10005;11;10007;21;;;9999.0;0.0
spike_crash_volatile_s1;9900;INTARIAN_PEPPER_ROOT;11109;11;11106;16;;;11117;18;11119;27;;;11113.0;0.0
spike_crash_volatile_s1;9900;ASH_COATED_OSMIUM;9998;12;9994;25;;;10000;12;10004;28;;;9999.0;0.0
spike_crash_volatile_s1;10000;INTARIAN_PEPPER_ROOT;11113;14;11111;24;;;11115;13;11119;19;;;11114.0;0.0
spike_crash_volatile_s1;10000;ASH_COATED_OSMIUM;9999;7;9995;17;;;10007;20;10011;19;;;10003.0;0.0
spike_crash_volatile_s1;10100;INTARIAN_PEPPER_ROOT;11116;17;11112;15;;;11120;19;11124;21;;;11118.0;0.0
spike_crash_volatile_s1;10100;ASH_COATED_OSMIUM;9993;10;9989;21;;;10003;13;10007;20;;;9998.0;0.0
spike_crash_volatile_s1;10200;INTARIAN_PEPPER_ROOT;11109;15;11107;16;;;11131;9;11133;20;;;11120.0;0.0
spike_crash_volatile_s1;10200;ASH_COATED_OSMIUM;10001;9;9997;23;;;10003;8;10007;15;;;10002.0;0.0
spike_crash_volatile_s1;10300;INTARIAN_PEPPER_ROOT;11121;14;11117;27;;;11123;15;11125;13;;;11122.0;0.0
spike_crash_volatile_s1;10300;ASH_COATED_OSMIUM;9997;19;9994;20;;;10015;13;10017;23;;;10006.0;0.0
spike_crash_volatile_s1;10400;INTARIAN_PEPPER_ROOT;11119;17;11116;18;;;11121;5;11124;22;;;11120.0;0.0
spike_crash_volatile_s1;10400;ASH_COATED_OSMIUM;10004;13;10002;17;;;10012;6;10014;23;;;10008.0;0.0
spike_crash_volatile_s1;10500;INTARIAN_PEPPER_ROOT;11116;21;11113;15;;;11128;14;11132;11;;;11122.0;0.0
spike_crash_volatile_s1;10500;ASH_COATED_OSMIUM;9991;9;9989;10;;;10029;25;10031;15;;;10010.0;0.0
spike_crash_volatile_s1;10600;INTARIAN_PEPPER_ROOT;11124;18;11122;25;;;11126;12;11128;32;;;11125.0;0.0
spike_crash_volatile_s1;10600;ASH_COATED_OSMIUM;10008;7;10005;23;;;10018;14;10021;20;;;10013.0;0.0
spike_crash_volatile_s1;10700;INTARIAN_PEPPER_ROOT;11118;9;11116;18;;;11128;14;11131;21;;;11123.0;0.0
spike_crash_volatile_s1;10700;ASH_COATED_OSMIUM;10010;16;10008;18;;;10024;5;10028;22;;;10017.0;0.0
spike_crash_volatile_s1;10800;INTARIAN_PEPPER_ROOT;11120;15;11118;15;;;11128;18;11131;19;;;11124.0;0.0
spike_crash_volatile_s1;10800;ASH_COATED_OSMIUM;10010;11;10006;19;;;10014;16;10017;31;;;10012.0;0.0
spike_crash_volatile_s1;10900;INTARIAN_PEPPER_ROOT;11110;20;11106;12;;;11140;22;11144;28;;;11125.0;0.0
spike_crash_volatile_s1;10900;ASH_COATED_OSMIUM;10000;5;9997;13;;;10018;14;10022;13;;;10009.0;0.0
spike_crash_volatile_s1;11000;INTARIAN_PEPPER_ROOT;11119;12;11116;14;;;11125;12;11128;27;;;11122.0;0.0
spike_crash_volatile_s1;11000;ASH_COATED_OSMIUM;9999;11;9997;15;;;10007;13;10009;19;;;10003.0;0.0
spike_crash_volatile_s1;11100;INTARIAN_PEPPER_ROOT;11104;20;11100;27;;;11144;16;11146;15;;;11124.0;0.0
spike_crash_volatile_s1;11100;ASH_COATED_OSMIUM;9975;16;9973;19;;;10041;13;10045;17;;;10008.0;0.0
spike_crash_volatile_s1;11200;INTARIAN_PEPPER_ROOT;11108;13;11105;30;;;11146;9;11149;20;;;11127.0;0.0
spike_crash_volatile_s1;11200;ASH_COATED_OSMIUM;9969;18;9965;20;;;10045;6;10049;24;;;10007.0;0.0
spike_crash_volatile_s1;11300;INTARIAN_PEPPER_ROOT;11125;13;11123;24;;;11127;26;11130;19;;;11126.0;0.0
spike_crash_volatile_s1;11300;ASH_COATED_OSMIUM;10001;9;9999;22;;;10017;21;10020;20;;;10009.0;0.0
spike_crash_volatile_s1;11400;INTARIAN_PEPPER_ROOT;11124;13;11122;21;;;11132;26;11135;26;;;11128.0;0.0
spike_crash_volatile_s1;11400;ASH_COATED_OSMIUM;10009;8;10006;30;;;10011;11;10015;17;;;10010.0;0.0
spike_crash_volatile_s1;11500;INTARIAN_PEPPER_ROOT;11119;11;11117;16;;;11133;10;11136;21;;;11126.0;0.0
spike_crash_volatile_s1;11500;ASH_COATED_OSMIUM;10006;14;10004;15;;;10008;12;10011;15;;;10007.0;0.0
spike_crash_volatile_s1;11600;INTARIAN_PEPPER_ROOT;11125;22;11121;29;;;11127;13;11130;13;;;11126.0;0.0
spike_crash_volatile_s1;11600;ASH_COATED_OSMIUM;10005;17;10003;18;;;10007;16;10010;24;;;10006.0;0.0
spike_crash_volatile_s1;11700;INTARIAN_PEPPER_ROOT;11117;13;11113;22;;;11131;12;11134;31;;;11124.0;0.0
spike_crash_volatile_s1;11700;ASH_COATED_OSMIUM;9988;14;9986;22;;;10024;16;10028;13;;;10006.0;0.0
spike_crash_volatile_s1;11800;INTARIAN_PEPPER_ROOT;11118;16;11115;23;;;11136;14;11138;25;;;11127.0;0.0
spike_crash_volatile_s1;11800;ASH_COATED_OSMIUM;9993;16;9990;12;;;10019;10;10023;24;;;10006.0;0.0
spike_crash_volatile_s1;11900;INTARIAN_PEPPER_ROOT;11125;11;11122;27;;;11135;19;11138;21;;;11130.0;0.0
spike_crash_volatile_s1;11900;ASH_COATED_OSMIUM;10001;7;9998;33;;;10011;9;10015;22;;;10006.0;0.0
spike_crash_volatile_s1;12000;INTARIAN_PEPPER_ROOT;11118;17;11116;18;;;11142;19;11146;21;;;11130.0;0.0
spike_crash_volatile_s1;12000;ASH_COATED_OSMIUM;10007;12;10004;16;;;10009;17;10011;21;;;10008.0;0.0
spike_crash_volatile_s1;12100;INTARIAN_PEPPER_ROOT;11126;16;11123;15;;;11134;17;11137;21;;;11130.0;0.0
spike_crash_volatile_s1;12100;ASH_COATED_OSMIUM;10006;9;10002;15;;;10012;9;10015;12;;;10009.0;0.0
spike_crash_volatile_s1;12200;INTARIAN_PEPPER_ROOT;11124;6;11121;25;;;11144;9;11148;11;;;11134.0;0.0
spike_crash_volatile_s1;12200;ASH_COATED_OSMIUM;9987;15;9983;16;;;10033;7;10035;14;;;10010.0;0.0
spike_crash_volatile_s1;12300;INTARIAN_PEPPER_ROOT;11138;19;11134;28;;;11140;11;11142;14;;;11139.0;0.0
spike_crash_volatile_s1;12300;ASH_COATED_OSMIUM;10000;6;9998;32;;;10026;8;10030;20;;;10013.0;0.0
spike_crash_volatile_s1;12400;INTARIAN_PEPPER_ROOT;11135;14;11133;23;;;11137;22;11141;15;;;11136.0;0.0
spike_crash_volatile_s1;12400;ASH_COATED_OSMIUM;10012;12;10010;21;;;10018;14;10020;22;;;10015.0;0.0
spike_crash_volatile_s1;12500;INTARIAN_PEPPER_ROOT;11136;6;11133;19;;;11144;18;11146;22;;;11140.0;0.0
spike_crash_volatile_s1;12500;ASH_COATED_OSMIUM;10017;15;10013;18;;;10021;12;10024;14;;;10019.0;0.0
spike_crash_volatile_s1;12600;INTARIAN_PEPPER_ROOT;11143;20;11139;18;;;11147;15;11150;24;;;11145.0;0.0
spike_crash_volatile_s1;12600;ASH_COATED_OSMIUM;10010;11;10007;21;;;10020;7;10024;21;;;10015.0;0.0
spike_crash_volatile_s1;12700;INTARIAN_PEPPER_ROOT;11143;17;11141;17;;;11151;16;11155;19;;;11147.0;0.0
spike_crash_volatile_s1;12700;ASH_COATED_OSMIUM;10012;14;10008;8;;;10018;13;10022;20;;;10015.0;0.0
spike_crash_volatile_s1;12800;INTARIAN_PEPPER_ROOT;11144;18;11142;24;;;11146;13;11148;10;;;11145.0;0.0
spike_crash_volatile_s1;12800;ASH_COATED_OSMIUM;10014;13;10012;18;;;10018;11;10021;15;;;10016.0;0.0
spike_crash_volatile_s1;12900;INTARIAN_PEPPER_ROOT;11147;18;11143;20;;;11149;15;11151;13;;;11148.0;0.0
spike_crash_volatile_s1;12900;ASH_COATED_OSMIUM;10000;5;9996;22;;;10028;12;10030;27;;;10014.0;0.0
spike_crash_volatile_s1;13000;INTARIAN_PEPPER_ROOT;11142;11;11138;16;;;11154;16;11157;27;;;11148.0;0.0
spike_crash_volatile_s1;13000;ASH_COATED_OSMIUM;10003;15;10000;20;;;10019;16;10023;21;;;10011.0;0.0
spike_crash_volatile_s1;13100;INTARIAN_PEPPER_ROOT;11146;17;11142;21;;;11150;12;11153;20;;;11148.0;0.0
spike_crash_volatile_s1;13100;ASH_COATED_OSMIUM;9995;17;9993;19;;;10029;20;10031;14;;;10012.0;0.0
spike_crash_volatile_s1;13200;INTARIAN_PEPPER_ROOT;11145;12;11142;24;;;11147;20;11151;20;;;11146.0;0.0
spike_crash_volatile_s1;13200;ASH_COATED_OSMIUM;10010;21;10007;21;;;10018;9;10021;21;;;10014.0;0.0
spike_crash_volatile_s1;13300;INTARIAN_PEPPER_ROOT;11142;8;11138;13;;;11154;23;11158;20;;;11148.0;0.0
spike_crash_volatile_s1;13300;ASH_COATED_OSMIUM;10019;16;10017;24;;;10021;8;10023;18;;;10020.0;0.0
spike_crash_volatile_s1;13400;INTARIAN_PEPPER_ROOT;11129;18;11127;16;;;11173;16;11175;21;;;11151.0;0.0
spike_crash_volatile_s1;13400;ASH_COATED_OSMIUM;10008;18;10004;29;;;10018;7;10022;25;;;10013.0;0.0
spike_crash_volatile_s1;13500;INTARIAN_PEPPER_ROOT;11143;11;11139;22;;;11157;13;11159;15;;;11150.0;0.0
spike_crash_volatile_s1;13500;ASH_COATED_OSMIUM;10002;10;10000;26;;;10016;15;10018;9;;;10009.0;0.0
spike_crash_volatile_s1;13600;INTARIAN_PEPPER_ROOT;11146;11;11144;19;;;11160;19;11163;19;;;11153.0;0.0
spike_crash_volatile_s1;13600;ASH_COATED_OSMIUM;10005;20;10003;23;;;10007;7;10010;22;;;10006.0;0.0
spike_crash_volatile_s1;13700;INTARIAN_PEPPER_ROOT;11149;22;11146;15;;;11153;7;11157;25;;;11151.0;0.0
spike_crash_volatile_s1;13700;ASH_COATED_OSMIUM;10003;13;10000;20;;;10013;17;10016;19;;;10008.0;0.0
spike_crash_volatile_s1;13800;INTARIAN_PEPPER_ROOT;11153;5;11149;17;;;11155;9;11157;19;;;11154.0;0.0
spike_crash_volatile_s1;13800;ASH_COATED_OSMIUM;10007;17;10003;15;;;10009;9;10011;15;;;10008.0;0.0
spike_crash_volatile_s1;13900;INTARIAN_PEPPER_ROOT;11152;9;11148;23;;;11158;12;11161;15;;;11155.0;0.0
spike_crash_volatile_s1;13900;ASH_COATED_OSMIUM;10006;9;10002;29;;;10008;17;10010;22;;;10007.0;0.0
spike_crash_volatile_s1;14000;INTARIAN_PEPPER_ROOT;11153;11;11149;15;;;11159;13;11162;16;;;11156.0;0.0
spike_crash_volatile_s1;14000;ASH_COATED_OSMIUM;10004;23;10002;31;;;10010;15;10014;25;;;10007.0;0.0
spike_crash_volatile_s1;14100;INTARIAN_PEPPER_ROOT;11149;25;11146;19;;;11163;22;11167;15;;;11156.0;0.0
spike_crash_volatile_s1;14100;ASH_COATED_OSMIUM;9993;15;9989;16;;;10021;6;10024;24;;;10007.0;0.0
spike_crash_volatile_s1;14200;INTARIAN_PEPPER_ROOT;11155;14;11153;15;;;11165;27;11169;19;;;11160.0;0.0
spike_crash_volatile_s1;14200;ASH_COATED_OSMIUM;10002;21;9999;16;;;10020;20;10024;16;;;10011.0;0.0
spike_crash_volatile_s1;14300;INTARIAN_PEPPER_ROOT;11159;16;11156;16;;;11167;8;11170;21;;;11163.0;0.0
spike_crash_volatile_s1;14300;ASH_COATED_OSMIUM;9987;19;9985;15;;;10033;10;10037;17;;;10010.0;0.0
spike_crash_volatile_s1;14400;INTARIAN_PEPPER_ROOT;11147;18;11143;23;;;11183;14;11186;18;;;11165.0;0.0
spike_crash_volatile_s1;14400;ASH_COATED_OSMIUM;9994;5;9992;16;;;10034;6;10038;21;;;10014.0;0.0
spike_crash_volatile_s1;14500;INTARIAN_PEPPER_ROOT;11157;7;11153;17;;;11175;9;11177;30;;;11166.0;0.0
spike_crash_volatile_s1;14500;ASH_COATED_OSMIUM;9999;9;9996;13;;;10021;10;10025;17;;;10010.0;0.0
spike_crash_volatile_s1;14600;INTARIAN_PEPPER_ROOT;11167;12;11164;20;;;11169;17;11171;20;;;11168.0;0.0
spike_crash_volatile_s1;14600;ASH_COATED_OSMIUM;10010;9;10007;16;;;10014;13;10018;18;;;10012.0;0.0
spike_crash_volatile_s1;14700;INTARIAN_PEPPER_ROOT;11164;18;11160;20;;;11174;17;11178;34;;;11169.0;0.0
spike_crash_volatile_s1;14700;ASH_COATED_OSMIUM;9991;5;9988;19;;;10031;19;10035;21;;;10011.0;0.0
spike_crash_volatile_s1;14800;INTARIAN_PEPPER_ROOT;11160;17;11156;21;;;11182;16;11185;21;;;11171.0;0.0
spike_crash_volatile_s1;14800;ASH_COATED_OSMIUM;9991;10;9987;14;;;10031;6;10035;14;;;10011.0;0.0
spike_crash_volatile_s1;14900;INTARIAN_PEPPER_ROOT;11171;22;11168;23;;;11179;5;11183;22;;;11175.0;0.0
spike_crash_volatile_s1;14900;ASH_COATED_OSMIUM;10003;17;10000;18;;;10027;6;10029;26;;;10015.0;0.0
spike_crash_volatile_s1;15000;INTARIAN_PEPPER_ROOT;11173;18;11171;21;;;11175;8;11179;25;;;11174.0;0.0
spike_crash_volatile_s1;15000;ASH_COATED_OSMIUM;9990;14;9986;17;;;10030;15;10032;24;;;10010.0;0.0
spike_crash_volatile_s1;15100;INTARIAN_PEPPER_ROOT;11167;18;11165;20;;;11171;17;11175;20;;;11169.0;0.0
spike_crash_volatile_s1;15100;ASH_COATED_OSMIUM;10011;12;10008;24;;;10013;8;10016;11;;;10012.0;0.0
spike_crash_volatile_s1;15200;INTARIAN_PEPPER_ROOT;11172;14;11169;13;;;11174;19;11176;19;;;11173.0;0.0
spike_crash_volatile_s1;15200;ASH_COATED_OSMIUM;10007;12;10004;9;;;10009;17;10012;16;;;10008.0;0.0
spike_crash_volatile_s1;15300;INTARIAN_PEPPER_ROOT;11175;12;11173;22;;;11183;12;11185;20;;;11179.0;0.0
spike_crash_volatile_s1;15300;ASH_COATED_OSMIUM;10011;8;10009;13;;;10017;16;10021;21;;;10014.0;0.0
spike_crash_volatile_s1;15400;INTARIAN_PEPPER_ROOT;11171;15;11169;19;;;11193;14;11197;19;;;11182.0;0.0
spike_crash_volatile_s1;15400;ASH_COATED_OSMIUM;10011;10;10008;13;;;10015;18;10019;25;;;10013.0;0.0
spike_crash_volatile_s1;15500;INTARIAN_PEPPER_ROOT;11177;14;11175;21;;;11187;11;11189;28;;;11182.0;0.0
spike_crash_volatile_s1;15500;ASH_COATED_OSMIUM;10011;6;10007;8;;;10017;13;10021;13;;;10014.0;0.0
spike_crash_volatile_s1;15600;INTARIAN_PEPPER_ROOT;11182;18;11178;15;;;11184;10;11188;20;;;11183.0;0.0
spike_crash_volatile_s1;15600;ASH_COATED_OSMIUM;10010;5;10006;15;;;10026;17;10030;21;;;10018.0;0.0
spike_crash_volatile_s1;15700;INTARIAN_PEPPER_ROOT;11182;16;11179;13;;;11186;11;11190;18;;;11184.0;0.0
spike_crash_volatile_s1;15700;ASH_COATED_OSMIUM;10016;19;10014;23;;;10018;15;10021;15;;;10017.0;0.0
spike_crash_volatile_s1;15800;INTARIAN_PEPPER_ROOT;11183;19;11181;17;;;11187;11;11191;16;;;11185.0;0.0
spike_crash_volatile_s1;15800;ASH_COATED_OSMIUM;10012;17;10009;17;;;10022;13;10026;19;;;10017.0;0.0
spike_crash_volatile_s1;15900;INTARIAN_PEPPER_ROOT;11169;19;11166;9;;;11199;14;11202;22;;;11184.0;0.0
spike_crash_volatile_s1;15900;ASH_COATED_OSMIUM;10011;10;10007;21;;;10013;6;10015;19;;;10012.0;0.0
spike_crash_volatile_s1;16000;INTARIAN_PEPPER_ROOT;11181;11;11177;14;;;11185;10;11187;24;;;11183.0;0.0
spike_crash_volatile_s1;16000;ASH_COATED_OSMIUM;10016;13;10013;24;;;10020;23;10022;15;;;10018.0;0.0
spike_crash_volatile_s1;16100;INTARIAN_PEPPER_ROOT;11168;10;11166;27;;;11194;7;11198;16;;;11181.0;0.0
spike_crash_volatile_s1;16100;ASH_COATED_OSMIUM;10015;14;10011;18;;;10021;12;10023;19;;;10018.0;0.0
spike_crash_volatile_s1;16200;INTARIAN_PEPPER_ROOT;11174;14;11170;17;;;11192;8;11196;17;;;11183.0;0.0
spike_crash_volatile_s1;16200;ASH_COATED_OSMIUM;10014;16;10012;21;;;10018;14;10022;13;;;10016.0;0.0
spike_crash_volatile_s1;16300;INTARIAN_PEPPER_ROOT;11164;10;11161;19;;;11204;9;11206;11;;;11184.0;0.0
spike_crash_volatile_s1;16300;ASH_COATED_OSMIUM;10004;16;10002;12;;;10032;21;10034;30;;;10018.0;0.0
spike_crash_volatile_s1;16400;INTARIAN_PEPPER_ROOT;11182;17;11178;15;;;11188;10;11192;19;;;11185.0;0.0
spike_crash_volatile_s1;16400;ASH_COATED_OSMIUM;10020;20;10018;12;;;10024;10;10028;19;;;10022.0;0.0
spike_crash_volatile_s1;16500;INTARIAN_PEPPER_ROOT;11168;18;11165;21;;;11204;18;11206;27;;;11186.0;0.0
spike_crash_volatile_s1;16500;ASH_COATED_OSMIUM;10015;13;10013;19;;;10027;13;10029;18;;;10021.0;0.0
spike_crash_volatile_s1;16600;INTARIAN_PEPPER_ROOT;11188;14;11185;19;;;11190;16;11192;18;;;11189.0;0.0
spike_crash_volatile_s1;16600;ASH_COATED_OSMIUM;10022;13;10018;20;;;10024;16;10027;20;;;10023.0;0.0
spike_crash_volatile_s1;16700;INTARIAN_PEPPER_ROOT;11178;17;11176;18;;;11202;13;11206;10;;;11190.0;0.0
spike_crash_volatile_s1;16700;ASH_COATED_OSMIUM;10022;16;10019;18;;;10024;19;10027;20;;;10023.0;0.0
spike_crash_volatile_s1;16800;INTARIAN_PEPPER_ROOT;11169;15;11167;19;;;11227;28;11230;20;;;11198.0;0.0
spike_crash_volatile_s1;16800;ASH_COATED_OSMIUM;10024;10;10020;22;;;10026;18;10029;15;;;10025.0;0.0
spike_crash_volatile_s1;16900;INTARIAN_PEPPER_ROOT;11177;20;11173;27;;;11211;16;11215;8;;;11194.0;0.0
spike_crash_volatile_s1;16900;ASH_COATED_OSMIUM;10009;14;10005;21;;;10033;17;10037;15;;;10021.0;0.0
spike_crash_volatile_s1;17000;INTARIAN_PEPPER_ROOT;11192;12;11188;24;;;11194;11;11196;14;;;11193.0;0.0
spike_crash_volatile_s1;17000;ASH_COATED_OSMIUM;10016;20;10013;24;;;10034;12;10037;17;;;10025.0;0.0
spike_crash_volatile_s1;17100;INTARIAN_PEPPER_ROOT;11196;15;11194;22;;;11198;13;11201;13;;;11197.0;0.0
spike_crash_volatile_s1;17100;ASH_COATED_OSMIUM;10005;10;10002;28;;;10045;15;10049;18;;;10025.0;0.0
spike_crash_volatile_s1;17200;INTARIAN_PEPPER_ROOT;11201;9;11198;21;;;11207;14;11211;18;;;11204.0;0.0
spike_crash_volatile_s1;17200;ASH_COATED_OSMIUM;10024;6;10020;11;;;10030;15;10034;20;;;10027.0;0.0
spike_crash_volatile_s1;17300;INTARIAN_PEPPER_ROOT;11201;5;11198;21;;;11207;22;11209;21;;;11204.0;0.0
spike_crash_volatile_s1;17300;ASH_COATED_OSMIUM;10029;17;10026;25;;;10031;13;10033;20;;;10030.0;0.0
spike_crash_volatile_s1;17400;INTARIAN_PEPPER_ROOT;11192;6;11190;13;;;11218;12;11220;12;;;11205.0;0.0
spike_crash_volatile_s1;17400;ASH_COATED_OSMIUM;10028;10;10024;22;;;10030;14;10033;23;;;10029.0;0.0
spike_crash_volatile_s1;17500;INTARIAN_PEPPER_ROOT;11204;16;11200;21;;;11206;18;11210;17;;;11205.0;0.0
spike_crash_volatile_s1;17500;ASH_COATED_OSMIUM;10028;8;10024;16;;;10032;17;10036;22;;;10030.0;0.0
spike_crash_volatile_s1;17600;INTARIAN_PEPPER_ROOT;11206;13;11204;28;;;11214;13;11217;21;;;11210.0;0.0
spike_crash_volatile_s1;17600;ASH_COATED_OSMIUM;10020;14;10017;18;;;10040;12;10043;18;;;10030.0;0.0
spike_crash_volatile_s1;17700;INTARIAN_PEPPER_ROOT;11205;5;11201;23;;;11215;17;11217;15;;;11210.0;0.0
spike_crash_volatile_s1;17700;ASH_COATED_OSMIUM;10011;13;10008;16;;;10039;10;10043;27;;;10025.0;0.0
spike_crash_volatile_s1;17800;INTARIAN_PEPPER_ROOT;11208;12;11204;22;;;11218;22;11221;20;;;11213.0;0.0
spike_crash_volatile_s1;17800;ASH_COATED_OSMIUM;10010;13;10006;23;;;10044;14;10048;24;;;10027.0;0.0
spike_crash_volatile_s1;17900;INTARIAN_PEPPER_ROOT;11195;8;11192;15;;;11231;18;11234;18;;;11213.0;0.0
spike_crash_volatile_s1;17900;ASH_COATED_OSMIUM;10017;16;10013;14;;;10033;8;10035;12;;;10025.0;0.0
spike_crash_volatile_s1;18000;INTARIAN_PEPPER_ROOT;11208;8;11206;16;;;11212;17;11215;10;;;11210.0;0.0
spike_crash_volatile_s1;18000;ASH_COATED_OSMIUM;10009;6;10006;8;;;10029;12;10032;14;;;10019.0;0.0
spike_crash_volatile_s1;18100;INTARIAN_PEPPER_ROOT;11212;14;11210;18;;;11214;7;11217;24;;;11213.0;0.0
spike_crash_volatile_s1;18100;ASH_COATED_OSMIUM;9998;10;9996;18;;;10036;20;10039;18;;;10017.0;0.0
spike_crash_volatile_s1;18200;INTARIAN_PEPPER_ROOT;11213;7;11210;8;;;11217;5;11221;10;;;11215.0;0.0
spike_crash_volatile_s1;18200;ASH_COATED_OSMIUM;10015;8;10013;20;;;10029;17;10033;14;;;10022.0;0.0
spike_crash_volatile_s1;18300;INTARIAN_PEPPER_ROOT;11215;9;11213;19;;;11223;11;11226;15;;;11219.0;0.0
spike_crash_volatile_s1;18300;ASH_COATED_OSMIUM;10022;17;10020;21;;;10026;20;10029;24;;;10024.0;0.0
spike_crash_volatile_s1;18400;INTARIAN_PEPPER_ROOT;11190;10;11186;26;;;11250;21;11254;19;;;11220.0;0.0
spike_crash_volatile_s1;18400;ASH_COATED_OSMIUM;10012;5;10010;25;;;10026;17;10030;23;;;10019.0;0.0
spike_crash_volatile_s1;18500;INTARIAN_PEPPER_ROOT;11214;15;11212;19;;;11224;15;11226;20;;;11219.0;0.0
spike_crash_volatile_s1;18500;ASH_COATED_OSMIUM;10011;5;10008;18;;;10027;11;10031;13;;;10019.0;0.0
spike_crash_volatile_s1;18600;INTARIAN_PEPPER_ROOT;11219;20;11217;22;;;11225;17;11228;22;;;11222.0;0.0
spike_crash_volatile_s1;18600;ASH_COATED_OSMIUM;10018;22;10016;18;;;10024;16;10027;9;;;10021.0;0.0
spike_crash_volatile_s1;18700;INTARIAN_PEPPER_ROOT;11222;12;11218;25;;;11224;16;11227;20;;;11223.0;0.0
spike_crash_volatile_s1;18700;ASH_COATED_OSMIUM;10016;12;10013;17;;;10030;7;10032;23;;;10023.0;0.0
spike_crash_volatile_s1;18800;INTARIAN_PEPPER_ROOT;11224;19;11221;23;;;11226;11;11228;15;;;11225.0;0.0
spike_crash_volatile_s1;18800;ASH_COATED_OSMIUM;10023;9;10021;9;;;10025;10;10029;23;;;10024.0;0.0
spike_crash_volatile_s1;18900;INTARIAN_PEPPER_ROOT;11199;15;11197;25;;;11253;19;11257;10;;;11226.0;0.0
spike_crash_volatile_s1;18900;ASH_COATED_OSMIUM;10012;8;10009;17;;;10024;12;10026;15;;;10018.0;0.0
spike_crash_volatile_s1;19000;INTARIAN_PEPPER_ROOT;11229;15;11226;24;;;11231;18;11234;21;;;11230.0;0.0
spike_crash_volatile_s1;19000;ASH_COATED_OSMIUM;10007;19;10004;13;;;10033;20;10037;15;;;10020.0;0.0
spike_crash_volatile_s1;19100;INTARIAN_PEPPER_ROOT;11231;13;11229;15;;;11233;8;11236;22;;;11232.0;0.0
spike_crash_volatile_s1;19100;ASH_COATED_OSMIUM;10008;13;10004;17;;;10028;18;10032;17;;;10018.0;0.0
spike_crash_volatile_s1;19200;INTARIAN_PEPPER_ROOT;11212;17;11209;21;;;11262;9;11264;16;;;11237.0;0.0
spike_crash_volatile_s1;19200;ASH_COATED_OSMIUM;10018;19;10016;17;;;10026;12;10030;24;;;10022.0;0.0
spike_crash_volatile_s1;19300;INTARIAN_PEPPER_ROOT;11234;5;11232;18;;;11248;28;11252;14;;;11241.0;0.0
spike_crash_volatile_s1;19300;ASH_COATED_OSMIUM;10020;12;10016;18;;;10026;7;10029;22;;;10023.0;0.0
spike_crash_volatile_s1;19400;INTARIAN_PEPPER_ROOT;11235;16;11233;17;;;11251;13;11253;25;;;11243.0;0.0
spike_crash_volatile_s1;19400;ASH_COATED_OSMIUM;10025;5;10023;16;;;10029;17;10032;17;;;10027.0;0.0
spike_crash_volatile_s1;19500;INTARIAN_PEPPER_ROOT;11240;9;11236;19;;;11242;18;11245;22;;;11241.0;0.0
spike_crash_volatile_s1;19500;ASH_COATED_OSMIUM;10025;11;10023;18;;;10031;9;10033;18;;;10028.0;0.0
spike_crash_volatile_s1;19600;INTARIAN_PEPPER_ROOT;11239;12;11237;18;;;11247;19;11249;22;;;11243.0;0.0
spike_crash_volatile_s1;19600;ASH_COATED_OSMIUM;10022;15;10020;15;;;10024;15;10026;21;;;10023.0;0.0
spike_crash_volatile_s1;19700;INTARIAN_PEPPER_ROOT;11233;13;11229;13;;;11259;18;11263;18;;;11246.0;0.0
spike_crash_volatile_s1;19700;ASH_COATED_OSMIUM;10026;5;10023;24;;;10028;23;10031;10;;;10027.0;0.0
spike_crash_volatile_s1;19800;INTARIAN_PEPPER_ROOT;11243;10;11241;18;;;11253;9;11257;18;;;11248.0;0.0
spike_crash_volatile_s1;19800;ASH_COATED_OSMIUM;10026;21;10024;27;;;10028;5;10032;28;;;10027.0;0.0
spike_crash_volatile_s1;19900;INTARIAN_PEPPER_ROOT;11251;7;11247;18;;;11253;13;11255;17;;;11252.0;0.0
spike_crash_volatile_s1;19900;ASH_COATED_OSMIUM;10018;12;10015;18;;;10024;15;10026;23;;;10021.0;0.0
spike_crash_volatile_s1;20000;INTARIAN_PEPPER_ROOT;11251;13;11248;21;;;11253;10;11256;23;;;11252.0;0.0
spike_crash_volatile_s1;20000;ASH_COATED_OSMIUM;10021;18;10019;26;;;10023;9;10025;15;;;10022.0;0.0
spike_crash_volatile_s1;20100;INTARIAN_PEPPER_ROOT;11236;17;11232;20;;;11274;12;11276;16;;;11255.0;0.0
spike_crash_volatile_s1;20100;ASH_COATED_OSMIUM;10000;12;9996;17;;;10038;5;10042;18;;;10019.0;0.0
spike_crash_volatile_s1;20200;INTARIAN_PEPPER_ROOT;11254;22;11251;18;;;11256;18;11260;23;;;11255.0;0.0
spike_crash_volatile_s1;20200;ASH_COATED_OSMIUM;10014;16;10010;20;;;10028;9;10031;26;;;10021.0;0.0
spike_crash_volatile_s1;20300;INTARIAN_PEPPER_ROOT;11256;15;11254;25;;;11264;16;11266;16;;;11260.0;0.0
spike_crash_volatile_s1;20300;ASH_COATED_OSMIUM;10017;7;10013;25;;;10029;15;10031;13;;;10023.0;0.0
spike_crash_volatile_s1;20400;INTARIAN_PEPPER_ROOT;11252;9;11250;23;;;11264;20;11266;19;;;11258.0;0.0
spike_crash_volatile_s1;20400;ASH_COATED_OSMIUM;9996;6;9994;23;;;10046;16;10048;15;;;10021.0;0.0
spike_crash_volatile_s1;20500;INTARIAN_PEPPER_ROOT;11253;7;11251;30;;;11255;7;11259;8;;;11254.0;0.0
spike_crash_volatile_s1;20500;ASH_COATED_OSMIUM;10021;8;10018;22;;;10023;19;10026;20;;;10022.0;0.0
spike_crash_volatile_s1;20600;INTARIAN_PEPPER_ROOT;11242;18;11239;18;;;11262;5;11266;22;;;11252.0;0.0
spike_crash_volatile_s1;20600;ASH_COATED_OSMIUM;10020;5;10016;11;;;10022;12;10024;15;;;10021.0;0.0
spike_crash_volatile_s1;20700;INTARIAN_PEPPER_ROOT;11249;10;11247;22;;;11251;19;11253;23;;;11250.0;0.0
spike_crash_volatile_s1;20700;ASH_COATED_OSMIUM;10025;5;10022;21;;;10027;8;10029;23;;;10026.0;0.0
spike_crash_volatile_s1;20800;INTARIAN_PEPPER_ROOT;11243;9;11239;25;;;11253;15;11256;16;;;11248.0;0.0
spike_crash_volatile_s1;20800;ASH_COATED_OSMIUM;10025;9;10021;10;;;10029;11;10031;16;;;10027.0;0.0
spike_crash_volatile_s1;20900;INTARIAN_PEPPER_ROOT;11249;17;11247;22;;;11261;11;11263;20;;;11255.0;0.0
spike_crash_volatile_s1;20900;ASH_COATED_OSMIUM;10021;10;10018;20;;;10027;19;10030;23;;;10024.0;0.0
spike_crash_volatile_s1;21000;INTARIAN_PEPPER_ROOT;11236;15;11234;24;;;11274;12;11276;14;;;11255.0;0.0
spike_crash_volatile_s1;21000;ASH_COATED_OSMIUM;10017;19;10015;21;;;10023;19;10025;18;;;10020.0;0.0
spike_crash_volatile_s1;21100;INTARIAN_PEPPER_ROOT;11235;13;11232;17;;;11269;8;11272;19;;;11252.0;0.0
spike_crash_volatile_s1;21100;ASH_COATED_OSMIUM;10003;11;10000;17;;;10025;5;10028;18;;;10014.0;0.0
spike_crash_volatile_s1;21200;INTARIAN_PEPPER_ROOT;11231;16;11227;20;;;11281;5;11284;17;;;11256.0;0.0
spike_crash_volatile_s1;21200;ASH_COATED_OSMIUM;10003;13;10000;20;;;10019;21;10023;25;;;10011.0;0.0
spike_crash_volatile_s1;21300;INTARIAN_PEPPER_ROOT;11254;10;11251;19;;;11256;5;11259;20;;;11255.0;0.0
spike_crash_volatile_s1;21300;ASH_COATED_OSMIUM;10011;18;10008;21;;;10019;9;10023;19;;;10015.0;0.0
spike_crash_volatile_s1;21400;INTARIAN_PEPPER_ROOT;11253;8;11249;17;;;11255;21;11258;8;;;11254.0;0.0
spike_crash_volatile_s1;21400;ASH_COATED_OSMIUM;10004;17;10002;13;;;10018;9;10020;22;;;10011.0;0.0
spike_crash_volatile_s1;21500;INTARIAN_PEPPER_ROOT;11249;11;11245;30;;;11265;20;11267;25;;;11257.0;0.0
spike_crash_volatile_s1;21500;ASH_COATED_OSMIUM;10008;19;10006;13;;;10016;16;10020;22;;;10012.0;0.0
spike_crash_volatile_s1;21600;INTARIAN_PEPPER_ROOT;11253;20;11249;9;;;11265;8;11267;22;;;11259.0;0.0
spike_crash_volatile_s1;21600;ASH_COATED_OSMIUM;10017;15;10014;21;;;10019;11;10023;13;;;10018.0;0.0
spike_crash_volatile_s1;21700;INTARIAN_PEPPER_ROOT;11254;7;11251;19;;;11266;16;11268;16;;;11260.0;0.0
spike_crash_volatile_s1;21700;ASH_COATED_OSMIUM;10009;22;10006;14;;;10019;14;10023;18;;;10014.0;0.0
spike_crash_volatile_s1;21800;INTARIAN_PEPPER_ROOT;11260;21;11257;21;;;11268;7;11270;23;;;11264.0;0.0
spike_crash_volatile_s1;21800;ASH_COATED_OSMIUM;9993;9;9991;14;;;10031;17;10034;22;;;10012.0;0.0
spike_crash_volatile_s1;21900;INTARIAN_PEPPER_ROOT;11264;17;11261;21;;;11266;15;11269;17;;;11265.0;0.0
spike_crash_volatile_s1;21900;ASH_COATED_OSMIUM;10014;17;10010;22;;;10016;13;10020;18;;;10015.0;0.0
spike_crash_volatile_s1;22000;INTARIAN_PEPPER_ROOT;11266;19;11263;17;;;11274;6;11276;26;;;11270.0;0.0
spike_crash_volatile_s1;22000;ASH_COATED_OSMIUM;10007;16;10003;26;;;10021;18;10024;27;;;10014.0;0.0
spike_crash_volatile_s1;22100;INTARIAN_PEPPER_ROOT;11272;15;11268;17;;;11274;19;11278;24;;;11273.0;0.0
spike_crash_volatile_s1;22100;ASH_COATED_OSMIUM;10009;14;10006;28;;;10025;18;10028;19;;;10017.0;0.0
spike_crash_volatile_s1;22200;INTARIAN_PEPPER_ROOT;11263;8;11260;17;;;11291;21;11294;25;;;11277.0;0.0
spike_crash_volatile_s1;22200;ASH_COATED_OSMIUM;10014;16;10012;19;;;10016;11;10020;18;;;10015.0;0.0
spike_crash_volatile_s1;22300;INTARIAN_PEPPER_ROOT;11277;9;11275;15;;;11279;17;11283;16;;;11278.0;0.0
spike_crash_volatile_s1;22300;ASH_COATED_OSMIUM;10011;15;10009;18;;;10015;14;10019;16;;;10013.0;0.0
spike_crash_volatile_s1;22400;INTARIAN_PEPPER_ROOT;11252;15;11250;25;;;11300;20;11303;17;;;11276.0;0.0
spike_crash_volatile_s1;22400;ASH_COATED_OSMIUM;10009;15;10007;18;;;10011;15;10013;11;;;10010.0;0.0
spike_crash_volatile_s1;22500;INTARIAN_PEPPER_ROOT;11282;16;11280;18;;;11284;15;11286;12;;;11283.0;0.0
spike_crash_volatile_s1;22500;ASH_COATED_OSMIUM;10000;14;9997;26;;;10022;13;10025;24;;;10011.0;0.0
spike_crash_volatile_s1;22600;INTARIAN_PEPPER_ROOT;11282;13;11278;23;;;11284;22;11286;21;;;11283.0;0.0
spike_crash_volatile_s1;22600;ASH_COATED_OSMIUM;10006;6;10002;16;;;10010;10;10014;22;;;10008.0;0.0
spike_crash_volatile_s1;22700;INTARIAN_PEPPER_ROOT;11283;16;11280;20;;;11285;11;11288;22;;;11284.0;0.0
spike_crash_volatile_s1;22700;ASH_COATED_OSMIUM;9997;17;9995;19;;;10017;13;10020;13;;;10007.0;0.0
spike_crash_volatile_s1;22800;INTARIAN_PEPPER_ROOT;11281;17;11277;14;;;11285;9;11288;16;;;11283.0;0.0
spike_crash_volatile_s1;22800;ASH_COATED_OSMIUM;10002;17;9999;21;;;10012;9;10016;25;;;10007.0;0.0
spike_crash_volatile_s1;22900;INTARIAN_PEPPER_ROOT;11274;11;11271;19;;;11292;10;11295;19;;;11283.0;0.0
spike_crash_volatile_s1;22900;ASH_COATED_OSMIUM;9970;5;9968;10;;;10044;14;10047;20;;;10007.0;0.0
spike_crash_volatile_s1;23000;INTARIAN_PEPPER_ROOT;11284;18;11280;11;;;11286;9;11288;19;;;11285.0;0.0
spike_crash_volatile_s1;23000;ASH_COATED_OSMIUM;10002;9;10000;21;;;10008;9;10012;13;;;10005.0;0.0
spike_crash_volatile_s1;23100;INTARIAN_PEPPER_ROOT;11286;11;11282;21;;;11288;21;11292;15;;;11287.0;0.0
spike_crash_volatile_s1;23100;ASH_COATED_OSMIUM;10001;19;9999;20;;;10009;14;10011;16;;;10005.0;0.0
spike_crash_volatile_s1;23200;INTARIAN_PEPPER_ROOT;11281;10;11278;21;;;11297;25;11300;19;;;11289.0;0.0
spike_crash_volatile_s1;23200;ASH_COATED_OSMIUM;10001;12;9999;23;;;10013;13;10015;29;;;10007.0;0.0
spike_crash_volatile_s1;23300;INTARIAN_PEPPER_ROOT;11281;23;11278;12;;;11309;12;11311;17;;;11295.0;0.0
spike_crash_volatile_s1;23300;ASH_COATED_OSMIUM;9992;9;9989;13;;;10016;16;10019;17;;;10004.0;0.0
spike_crash_volatile_s1;23400;INTARIAN_PEPPER_ROOT;11292;20;11288;13;;;11298;13;11300;21;;;11295.0;0.0
spike_crash_volatile_s1;23400;ASH_COATED_OSMIUM;9998;11;9994;20;;;10004;9;10006;20;;;10001.0;0.0
spike_crash_volatile_s1;23500;INTARIAN_PEPPER_ROOT;11291;16;11287;14;;;11297;6;11300;25;;;11294.0;0.0
spike_crash_volatile_s1;23500;ASH_COATED_OSMIUM;9984;9;9981;12;;;10010;6;10013;20;;;9997.0;0.0
spike_crash_volatile_s1;23600;INTARIAN_PEPPER_ROOT;11289;17;11286;18;;;11293;14;11296;15;;;11291.0;0.0
spike_crash_volatile_s1;23600;ASH_COATED_OSMIUM;9987;21;9983;20;;;10007;8;10010;17;;;9997.0;0.0
spike_crash_volatile_s1;23700;INTARIAN_PEPPER_ROOT;11282;16;11278;16;;;11298;12;11300;29;;;11290.0;0.0
spike_crash_volatile_s1;23700;ASH_COATED_OSMIUM;9990;5;9987;14;;;10002;9;10006;26;;;9996.0;0.0
spike_crash_volatile_s1;23800;INTARIAN_PEPPER_ROOT;11277;9;11273;10;;;11297;14;11301;21;;;11287.0;0.0
spike_crash_volatile_s1;23800;ASH_COATED_OSMIUM;9996;17;9993;18;;;9998;15;10000;22;;;9997.0;0.0
spike_crash_volatile_s1;23900;INTARIAN_PEPPER_ROOT;11290;15;11286;15;;;11292;15;11295;19;;;11291.0;0.0
spike_crash_volatile_s1;23900;ASH_COATED_OSMIUM;9994;6;9992;24;;;10004;10;10007;13;;;9999.0;0.0
spike_crash_volatile_s1;24000;INTARIAN_PEPPER_ROOT;11286;6;11284;16;;;11296;19;11300;13;;;11291.0;0.0
spike_crash_volatile_s1;24000;ASH_COATED_OSMIUM;9995;10;9993;20;;;10003;11;10005;19;;;9999.0;0.0
spike_crash_volatile_s1;24100;INTARIAN_PEPPER_ROOT;11286;9;11283;12;;;11296;16;11298;23;;;11291.0;0.0
spike_crash_volatile_s1;24100;ASH_COATED_OSMIUM;9996;10;9994;27;;;10004;14;10007;19;;;10000.0;0.0
spike_crash_volatile_s1;24200;INTARIAN_PEPPER_ROOT;11291;12;11289;20;;;11293;28;11297;21;;;11292.0;0.0
spike_crash_volatile_s1;24200;ASH_COATED_OSMIUM;9991;15;9989;17;;;10011;5;10015;22;;;10001.0;0.0
spike_crash_volatile_s1;24300;INTARIAN_PEPPER_ROOT;11288;17;11286;24;;;11290;17;11292;20;;;11289.0;0.0
spike_crash_volatile_s1;24300;ASH_COATED_OSMIUM;9998;14;9994;13;;;10002;13;10006;19;;;10000.0;0.0
spike_crash_volatile_s1;24400;INTARIAN_PEPPER_ROOT;11283;21;11281;26;;;11295;18;11298;23;;;11289.0;0.0
spike_crash_volatile_s1;24400;ASH_COATED_OSMIUM;10005;8;10003;11;;;10007;7;10009;20;;;10006.0;0.0
spike_crash_volatile_s1;24500;INTARIAN_PEPPER_ROOT;11273;14;11270;22;;;11307;13;11309;26;;;11290.0;0.0
spike_crash_volatile_s1;24500;ASH_COATED_OSMIUM;9981;12;9979;20;;;10029;14;10033;22;;;10005.0;0.0
spike_crash_volatile_s1;24600;INTARIAN_PEPPER_ROOT;11292;13;11288;19;;;11294;18;11297;19;;;11293.0;0.0
spike_crash_volatile_s1;24600;ASH_COATED_OSMIUM;9990;11;9988;13;;;10008;16;10012;26;;;9999.0;0.0
spike_crash_volatile_s1;24700;INTARIAN_PEPPER_ROOT;11287;16;11284;15;;;11299;5;11302;22;;;11293.0;0.0
spike_crash_volatile_s1;24700;ASH_COATED_OSMIUM;9996;5;9994;20;;;10010;7;10012;20;;;10003.0;0.0
spike_crash_volatile_s1;24800;INTARIAN_PEPPER_ROOT;11297;9;11294;18;;;11299;11;11301;26;;;11298.0;0.0
spike_crash_volatile_s1;24800;ASH_COATED_OSMIUM;9984;20;9981;17;;;10024;18;10028;25;;;10004.0;0.0
spike_crash_volatile_s1;24900;INTARIAN_PEPPER_ROOT;11288;11;11286;23;;;11304;11;11307;20;;;11296.0;0.0
spike_crash_volatile_s1;24900;ASH_COATED_OSMIUM;10002;15;9998;17;;;10010;10;10013;28;;;10006.0;0.0
spike_crash_volatile_s1;25000;INTARIAN_PEPPER_ROOT;11295;14;11291;14;;;11297;12;11301;25;;;11296.0;0.0
spike_crash_volatile_s1;25000;ASH_COATED_OSMIUM;10004;17;10001;22;;;10010;14;10012;15;;;10007.0;0.0
spike_crash_volatile_s1;25100;INTARIAN_PEPPER_ROOT;11289;25;11287;22;;;11305;17;11308;17;;;11297.0;0.0
spike_crash_volatile_s1;25100;ASH_COATED_OSMIUM;10009;18;10006;18;;;10011;8;10015;19;;;10010.0;0.0
spike_crash_volatile_s1;25200;INTARIAN_PEPPER_ROOT;11282;15;11279;23;;;11300;14;11304;21;;;11291.0;0.0
spike_crash_volatile_s1;25200;ASH_COATED_OSMIUM;9994;22;9991;9;;;10014;14;10018;21;;;10004.0;0.0
spike_crash_volatile_s1;25300;INTARIAN_PEPPER_ROOT;11281;8;11278;27;;;11313;17;11317;16;;;11297.0;0.0
spike_crash_volatile_s1;25300;ASH_COATED_OSMIUM;9987;14;9985;19;;;10023;15;10025;13;;;10005.0;0.0
spike_crash_volatile_s1;25400;INTARIAN_PEPPER_ROOT;11266;13;11262;26;;;11332;15;11334;28;;;11299.0;0.0
spike_crash_volatile_s1;25400;ASH_COATED_OSMIUM;9996;15;9992;22;;;10016;22;10020;11;;;10006.0;0.0
spike_crash_volatile_s1;25500;INTARIAN_PEPPER_ROOT;11291;11;11287;13;;;11303;13;11307;22;;;11297.0;0.0
spike_crash_volatile_s1;25500;ASH_COATED_OSMIUM;10004;16;10000;17;;;10016;11;10019;29;;;10010.0;0.0
spike_crash_volatile_s1;25600;INTARIAN_PEPPER_ROOT;11300;7;11296;24;;;11306;19;11310;24;;;11303.0;0.0
spike_crash_volatile_s1;25600;ASH_COATED_OSMIUM;9994;16;9992;12;;;10010;15;10012;19;;;10002.0;0.0
spike_crash_volatile_s1;25700;INTARIAN_PEPPER_ROOT;11287;12;11284;22;;;11323;15;11327;23;;;11305.0;0.0
spike_crash_volatile_s1;25700;ASH_COATED_OSMIUM;9994;5;9990;11;;;10008;12;10012;23;;;10001.0;0.0
spike_crash_volatile_s1;25800;INTARIAN_PEPPER_ROOT;11285;14;11281;23;;;11331;17;11333;10;;;11308.0;0.0
spike_crash_volatile_s1;25800;ASH_COATED_OSMIUM;9997;13;9995;25;;;10009;14;10012;19;;;10003.0;0.0
spike_crash_volatile_s1;25900;INTARIAN_PEPPER_ROOT;11306;14;11302;19;;;11308;17;11310;14;;;11307.0;0.0
spike_crash_volatile_s1;25900;ASH_COATED_OSMIUM;9983;6;9979;21;;;10021;6;10024;22;;;10002.0;0.0
spike_crash_volatile_s1;26000;INTARIAN_PEPPER_ROOT;11305;13;11303;20;;;11311;13;11313;17;;;11308.0;0.0
spike_crash_volatile_s1;26000;ASH_COATED_OSMIUM;10000;23;9997;19;;;10014;14;10016;21;;;10007.0;0.0
spike_crash_volatile_s1;26100;INTARIAN_PEPPER_ROOT;11289;23;11287;12;;;11323;11;11325;21;;;11306.0;0.0
spike_crash_volatile_s1;26100;ASH_COATED_OSMIUM;9985;9;9983;25;;;10027;20;10029;24;;;10006.0;0.0
spike_crash_volatile_s1;26200;INTARIAN_PEPPER_ROOT;11307;23;11304;21;;;11311;19;11314;21;;;11309.0;0.0
spike_crash_volatile_s1;26200;ASH_COATED_OSMIUM;9998;12;9996;20;;;10008;15;10011;10;;;10003.0;0.0
spike_crash_volatile_s1;26300;INTARIAN_PEPPER_ROOT;11303;16;11300;27;;;11315;17;11318;21;;;11309.0;0.0
spike_crash_volatile_s1;26300;ASH_COATED_OSMIUM;9998;17;9996;23;;;10004;10;10007;13;;;10001.0;0.0
spike_crash_volatile_s1;26400;INTARIAN_PEPPER_ROOT;11305;20;11303;12;;;11315;20;11319;19;;;11310.0;0.0
spike_crash_volatile_s1;26400;ASH_COATED_OSMIUM;9997;12;9994;20;;;10003;10;10006;9;;;10000.0;0.0
spike_crash_volatile_s1;26500;INTARIAN_PEPPER_ROOT;11305;19;11302;15;;;11323;8;11326;19;;;11314.0;0.0
spike_crash_volatile_s1;26500;ASH_COATED_OSMIUM;9990;13;9988;18;;;9996;20;9998;13;;;9993.0;0.0
spike_crash_volatile_s1;26600;INTARIAN_PEPPER_ROOT;11315;18;11313;22;;;11317;17;11319;26;;;11316.0;0.0
spike_crash_volatile_s1;26600;ASH_COATED_OSMIUM;9968;14;9965;14;;;10012;15;10014;27;;;9990.0;0.0
spike_crash_volatile_s1;26700;INTARIAN_PEPPER_ROOT;11314;16;11310;23;;;11320;16;11322;21;;;11317.0;0.0
spike_crash_volatile_s1;26700;ASH_COATED_OSMIUM;9985;19;9981;20;;;9987;9;9991;25;;;9986.0;0.0
spike_crash_volatile_s1;26800;INTARIAN_PEPPER_ROOT;11317;18;11313;19;;;11321;13;11325;16;;;11319.0;0.0
spike_crash_volatile_s1;26800;ASH_COATED_OSMIUM;9967;18;9964;24;;;10007;16;10011;23;;;9987.0;0.0
spike_crash_volatile_s1;26900;INTARIAN_PEPPER_ROOT;11311;15;11308;22;;;11327;17;11329;18;;;11319.0;0.0
spike_crash_volatile_s1;26900;ASH_COATED_OSMIUM;9968;16;9966;25;;;10018;20;10022;23;;;9993.0;0.0
spike_crash_volatile_s1;27000;INTARIAN_PEPPER_ROOT;11310;16;11308;20;;;11332;15;11334;11;;;11321.0;0.0
spike_crash_volatile_s1;27000;ASH_COATED_OSMIUM;9982;19;9979;31;;;9998;16;10002;14;;;9990.0;0.0
spike_crash_volatile_s1;27100;INTARIAN_PEPPER_ROOT;11325;14;11323;18;;;11327;15;11331;24;;;11326.0;0.0
spike_crash_volatile_s1;27100;ASH_COATED_OSMIUM;9985;15;9983;21;;;9995;11;9998;13;;;9990.0;0.0
spike_crash_volatile_s1;27200;INTARIAN_PEPPER_ROOT;11328;19;11325;17;;;11330;7;11333;14;;;11329.0;0.0
spike_crash_volatile_s1;27200;ASH_COATED_OSMIUM;9984;19;9981;18;;;9996;19;10000;20;;;9990.0;0.0
spike_crash_volatile_s1;27300;INTARIAN_PEPPER_ROOT;11329;10;11326;17;;;11335;11;11338;24;;;11332.0;0.0
spike_crash_volatile_s1;27300;ASH_COATED_OSMIUM;9968;13;9964;27;;;10018;17;10022;20;;;9993.0;0.0
spike_crash_volatile_s1;27400;INTARIAN_PEPPER_ROOT;11329;18;11326;25;;;11333;11;11337;19;;;11331.0;0.0
spike_crash_volatile_s1;27400;ASH_COATED_OSMIUM;9986;12;9984;28;;;9996;16;9999;22;;;9991.0;0.0
spike_crash_volatile_s1;27500;INTARIAN_PEPPER_ROOT;11328;14;11326;17;;;11332;14;11336;21;;;11330.0;0.0
spike_crash_volatile_s1;27500;ASH_COATED_OSMIUM;9991;11;9988;22;;;10003;13;10006;18;;;9997.0;0.0
spike_crash_volatile_s1;27600;INTARIAN_PEPPER_ROOT;11320;25;11318;12;;;11334;14;11338;13;;;11327.0;0.0
spike_crash_volatile_s1;27600;ASH_COATED_OSMIUM;9988;20;9986;13;;;9998;13;10000;28;;;9993.0;0.0
spike_crash_volatile_s1;27700;INTARIAN_PEPPER_ROOT;11330;27;11327;27;;;11332;21;11336;25;;;11331.0;0.0
spike_crash_volatile_s1;27700;ASH_COATED_OSMIUM;9984;16;9981;24;;;10002;12;10004;22;;;9993.0;0.0
spike_crash_volatile_s1;27800;INTARIAN_PEPPER_ROOT;11329;22;11325;21;;;11335;17;11338;19;;;11332.0;0.0
spike_crash_volatile_s1;27800;ASH_COATED_OSMIUM;9989;5;9986;22;;;9991;16;9994;18;;;9990.0;0.0
spike_crash_volatile_s1;27900;INTARIAN_PEPPER_ROOT;11329;24;11325;15;;;11343;20;11345;17;;;11336.0;0.0
spike_crash_volatile_s1;27900;ASH_COATED_OSMIUM;9979;15;9976;13;;;9997;14;10001;25;;;9988.0;0.0
spike_crash_volatile_s1;28000;INTARIAN_PEPPER_ROOT;11334;24;11331;17;;;11336;14;11338;22;;;11335.0;0.0
spike_crash_volatile_s1;28000;ASH_COATED_OSMIUM;9987;13;9984;25;;;9989;17;9993;26;;;9988.0;0.0
spike_crash_volatile_s1;28100;INTARIAN_PEPPER_ROOT;11334;5;11332;8;;;11336;15;11339;17;;;11335.0;0.0
spike_crash_volatile_s1;28100;ASH_COATED_OSMIUM;9992;19;9990;20;;;9994;14;9998;26;;;9993.0;0.0
spike_crash_volatile_s1;28200;INTARIAN_PEPPER_ROOT;11314;14;11311;20;;;11358;7;11360;10;;;11336.0;0.0
spike_crash_volatile_s1;28200;ASH_COATED_OSMIUM;9983;15;9979;12;;;9999;17;10003;24;;;9991.0;0.0
spike_crash_volatile_s1;28300;INTARIAN_PEPPER_ROOT;11335;8;11333;22;;;11345;14;11347;14;;;11340.0;0.0
spike_crash_volatile_s1;28300;ASH_COATED_OSMIUM;9987;14;9985;18;;;9997;18;10001;27;;;9992.0;0.0
spike_crash_volatile_s1;28400;INTARIAN_PEPPER_ROOT;11339;14;11337;23;;;11343;19;11346;20;;;11341.0;0.0
spike_crash_volatile_s1;28400;ASH_COATED_OSMIUM;9991;11;9987;14;;;9995;11;9997;18;;;9993.0;0.0
spike_crash_volatile_s1;28500;INTARIAN_PEPPER_ROOT;11336;17;11333;25;;;11348;17;11351;24;;;11342.0;0.0
spike_crash_volatile_s1;28500;ASH_COATED_OSMIUM;9994;20;9990;15;;;9996;14;9999;18;;;9995.0;0.0
spike_crash_volatile_s1;28600;INTARIAN_PEPPER_ROOT;11341;14;11337;11;;;11345;9;11348;18;;;11343.0;0.0
spike_crash_volatile_s1;28600;ASH_COATED_OSMIUM;9990;15;9988;17;;;9998;13;10000;15;;;9994.0;0.0
spike_crash_volatile_s1;28700;INTARIAN_PEPPER_ROOT;11342;23;11339;22;;;11346;11;11348;18;;;11344.0;0.0
spike_crash_volatile_s1;28700;ASH_COATED_OSMIUM;9987;19;9984;26;;;10003;12;10007;31;;;9995.0;0.0
spike_crash_volatile_s1;28800;INTARIAN_PEPPER_ROOT;11333;12;11330;28;;;11353;16;11357;20;;;11343.0;0.0
spike_crash_volatile_s1;28800;ASH_COATED_OSMIUM;9984;14;9982;21;;;10008;17;10012;22;;;9996.0;0.0
spike_crash_volatile_s1;28900;INTARIAN_PEPPER_ROOT;11338;5;11336;18;;;11352;14;11354;18;;;11345.0;0.0
spike_crash_volatile_s1;28900;ASH_COATED_OSMIUM;9971;7;9969;18;;;10017;13;10020;27;;;9994.0;0.0
spike_crash_volatile_s1;29000;INTARIAN_PEPPER_ROOT;11336;23;11334;26;;;11354;8;11357;26;;;11345.0;0.0
spike_crash_volatile_s1;29000;ASH_COATED_OSMIUM;9983;6;9981;16;;;10003;5;10005;28;;;9993.0;0.0
spike_crash_volatile_s1;29100;INTARIAN_PEPPER_ROOT;11344;10;11341;19;;;11348;22;11351;16;;;11346.0;0.0
spike_crash_volatile_s1;29100;ASH_COATED_OSMIUM;9975;10;9972;17;;;10011;16;10014;28;;;9993.0;0.0
spike_crash_volatile_s1;29200;INTARIAN_PEPPER_ROOT;11342;15;11338;28;;;11354;13;11357;21;;;11348.0;0.0
spike_crash_volatile_s1;29200;ASH_COATED_OSMIUM;9994;5;9992;24;;;9996;8;10000;19;;;9995.0;0.0
spike_crash_volatile_s1;29300;INTARIAN_PEPPER_ROOT;11344;9;11341;23;;;11350;11;11354;25;;;11347.0;0.0
spike_crash_volatile_s1;29300;ASH_COATED_OSMIUM;9994;13;9992;22;;;9996;22;9998;18;;;9995.0;0.0
spike_crash_volatile_s1;29400;INTARIAN_PEPPER_ROOT;11347;21;11343;20;;;11349;6;11351;10;;;11348.0;0.0
spike_crash_volatile_s1;29400;ASH_COATED_OSMIUM;9982;12;9978;18;;;10004;10;10008;15;;;9993.0;0.0
spike_crash_volatile_s1;29500;INTARIAN_PEPPER_ROOT;11343;19;11340;8;;;11353;6;11356;12;;;11348.0;0.0
spike_crash_volatile_s1;29500;ASH_COATED_OSMIUM;9988;9;9986;17;;;10008;19;10012;13;;;9998.0;0.0
spike_crash_volatile_s1;29600;INTARIAN_PEPPER_ROOT;11328;18;11325;11;;;11372;9;11374;16;;;11350.0;0.0
spike_crash_volatile_s1;29600;ASH_COATED_OSMIUM;9987;11;9983;30;;;10009;12;10013;14;;;9998.0;0.0
spike_crash_volatile_s1;29700;INTARIAN_PEPPER_ROOT;11346;20;11343;18;;;11360;15;11364;21;;;11353.0;0.0
spike_crash_volatile_s1;29700;ASH_COATED_OSMIUM;9994;11;9991;16;;;10002;9;10004;14;;;9998.0;0.0
spike_crash_volatile_s1;29800;INTARIAN_PEPPER_ROOT;11346;12;11344;21;;;11358;13;11362;14;;;11352.0;0.0
spike_crash_volatile_s1;29800;ASH_COATED_OSMIUM;9999;9;9997;26;;;10003;9;10007;14;;;10001.0;0.0
spike_crash_volatile_s1;29900;INTARIAN_PEPPER_ROOT;11354;13;11350;17;;;11356;11;11358;21;;;11355.0;0.0
spike_crash_volatile_s1;29900;ASH_COATED_OSMIUM;9964;7;9961;18;;;10034;10;10036;13;;;9999.0;0.0
spike_crash_volatile_s1;30000;INTARIAN_PEPPER_ROOT;11358;9;11354;16;;;11362;17;11366;16;;;11360.0;0.0
spike_crash_volatile_s1;30000;ASH_COATED_OSMIUM;9972;5;9969;13;;;10010;5;10012;18;;;9991.0;0.0
spike_crash_volatile_s1;30100;INTARIAN_PEPPER_ROOT;11350;10;11348;22;;;11366;9;11369;28;;;11358.0;0.0
spike_crash_volatile_s1;30100;ASH_COATED_OSMIUM;9990;20;9988;28;;;9994;10;9996;15;;;9992.0;0.0
spike_crash_volatile_s1;30200;INTARIAN_PEPPER_ROOT;11352;17;11349;19;;;11362;11;11366;20;;;11357.0;0.0
spike_crash_volatile_s1;30200;ASH_COATED_OSMIUM;9989;15;9985;9;;;10005;16;10009;18;;;9997.0;0.0
spike_crash_volatile_s1;30300;INTARIAN_PEPPER_ROOT;11350;20;11348;16;;;11362;18;11366;11;;;11356.0;0.0
spike_crash_volatile_s1;30300;ASH_COATED_OSMIUM;9993;12;9991;22;;;10001;6;10005;20;;;9997.0;0.0
spike_crash_volatile_s1;30400;INTARIAN_PEPPER_ROOT;11349;13;11347;28;;;11363;26;11365;22;;;11356.0;0.0
spike_crash_volatile_s1;30400;ASH_COATED_OSMIUM;9989;7;9987;13;;;9997;15;9999;17;;;9993.0;0.0
spike_crash_volatile_s1;30500;INTARIAN_PEPPER_ROOT;11360;9;11357;18;;;11362;17;11364;24;;;11361.0;0.0
spike_crash_volatile_s1;30500;ASH_COATED_OSMIUM;9977;13;9974;22;;;10005;11;10007;19;;;9991.0;0.0
spike_crash_volatile_s1;30600;INTARIAN_PEPPER_ROOT;11359;14;11357;13;;;11365;13;11367;18;;;11362.0;0.0
spike_crash_volatile_s1;30600;ASH_COATED_OSMIUM;9975;22;9972;20;;;9999;20;10002;20;;;9987.0;0.0
spike_crash_volatile_s1;30700;INTARIAN_PEPPER_ROOT;11354;20;11350;29;;;11370;22;11372;19;;;11362.0;0.0
spike_crash_volatile_s1;30700;ASH_COATED_OSMIUM;9976;18;9974;19;;;9998;11;10002;25;;;9987.0;0.0
spike_crash_volatile_s1;30800;INTARIAN_PEPPER_ROOT;11357;18;11355;21;;;11371;20;11373;30;;;11364.0;0.0
spike_crash_volatile_s1;30800;ASH_COATED_OSMIUM;9988;17;9984;25;;;9990;15;9993;23;;;9989.0;0.0
spike_crash_volatile_s1;30900;INTARIAN_PEPPER_ROOT;11362;16;11360;19;;;11366;10;11370;16;;;11364.0;0.0
spike_crash_volatile_s1;30900;ASH_COATED_OSMIUM;9982;19;9980;23;;;9996;5;10000;16;;;9989.0;0.0
spike_crash_volatile_s1;31000;INTARIAN_PEPPER_ROOT;11347;11;11343;13;;;11387;11;11390;20;;;11367.0;0.0
spike_crash_volatile_s1;31000;ASH_COATED_OSMIUM;9993;16;9989;19;;;9995;16;9997;17;;;9994.0;0.0
spike_crash_volatile_s1;31100;INTARIAN_PEPPER_ROOT;11365;5;11363;20;;;11373;16;11376;19;;;11369.0;0.0
spike_crash_volatile_s1;31100;ASH_COATED_OSMIUM;10000;21;9996;14;;;10002;20;10004;16;;;10001.0;0.0
spike_crash_volatile_s1;31200;INTARIAN_PEPPER_ROOT;11369;14;11367;12;;;11377;7;11379;14;;;11373.0;0.0
spike_crash_volatile_s1;31200;ASH_COATED_OSMIUM;9984;6;9980;19;;;10012;10;10015;26;;;9998.0;0.0
spike_crash_volatile_s1;31300;INTARIAN_PEPPER_ROOT;11372;18;11369;14;;;11374;10;11376;22;;;11373.0;0.0
spike_crash_volatile_s1;31300;ASH_COATED_OSMIUM;9993;9;9989;23;;;10007;19;10009;21;;;10000.0;0.0
spike_crash_volatile_s1;31400;INTARIAN_PEPPER_ROOT;11349;19;11347;20;;;11415;17;11419;15;;;11382.0;0.0
spike_crash_volatile_s1;31400;ASH_COATED_OSMIUM;9996;9;9994;24;;;9998;21;10002;13;;;9997.0;0.0
spike_crash_volatile_s1;31500;INTARIAN_PEPPER_ROOT;11375;13;11373;22;;;11393;18;11396;15;;;11384.0;0.0
spike_crash_volatile_s1;31500;ASH_COATED_OSMIUM;9994;13;9990;29;;;9996;9;10000;18;;;9995.0;0.0
spike_crash_volatile_s1;31600;INTARIAN_PEPPER_ROOT;11369;15;11367;21;;;11405;16;11409;28;;;11387.0;0.0
spike_crash_volatile_s1;31600;ASH_COATED_OSMIUM;9979;20;9976;18;;;10021;17;10023;19;;;10000.0;0.0
spike_crash_volatile_s1;31700;INTARIAN_PEPPER_ROOT;11369;17;11367;24;;;11407;5;11411;29;;;11388.0;0.0
spike_crash_volatile_s1;31700;ASH_COATED_OSMIUM;10002;9;9998;26;;;10008;5;10010;13;;;10005.0;0.0
spike_crash_volatile_s1;31800;INTARIAN_PEPPER_ROOT;11384;14;11380;25;;;11392;11;11396;16;;;11388.0;0.0
spike_crash_volatile_s1;31800;ASH_COATED_OSMIUM;10001;7;9998;20;;;10007;19;10010;20;;;10004.0;0.0
spike_crash_volatile_s1;31900;INTARIAN_PEPPER_ROOT;11374;12;11372;21;;;11398;13;11400;23;;;11386.0;0.0
spike_crash_volatile_s1;31900;ASH_COATED_OSMIUM;9997;6;9995;25;;;10009;10;10012;28;;;10003.0;0.0
spike_crash_volatile_s1;32000;INTARIAN_PEPPER_ROOT;11386;13;11384;21;;;11388;11;11391;13;;;11387.0;0.0
spike_crash_volatile_s1;32000;ASH_COATED_OSMIUM;10002;11;10000;15;;;10006;10;10009;15;;;10004.0;0.0
spike_crash_volatile_s1;32100;INTARIAN_PEPPER_ROOT;11384;20;11380;20;;;11386;22;11388;23;;;11385.0;0.0
spike_crash_volatile_s1;32100;ASH_COATED_OSMIUM;10001;7;9997;26;;;10009;9;10013;17;;;10005.0;0.0
spike_crash_volatile_s1;32200;INTARIAN_PEPPER_ROOT;11384;19;11381;27;;;11392;10;11394;21;;;11388.0;0.0
spike_crash_volatile_s1;32200;ASH_COATED_OSMIUM;10005;16;10002;18;;;10007;12;10011;15;;;10006.0;0.0
spike_crash_volatile_s1;32300;INTARIAN_PEPPER_ROOT;11377;15;11373;24;;;11395;9;11399;19;;;11386.0;0.0
spike_crash_volatile_s1;32300;ASH_COATED_OSMIUM;9993;19;9989;18;;;10011;5;10014;20;;;10002.0;0.0
spike_crash_volatile_s1;32400;INTARIAN_PEPPER_ROOT;11383;14;11381;22;;;11395;20;11399;21;;;11389.0;0.0
spike_crash_volatile_s1;32400;ASH_COATED_OSMIUM;9998;8;9994;23;;;10006;12;10009;14;;;10002.0;0.0
spike_crash_volatile_s1;32500;INTARIAN_PEPPER_ROOT;11381;10;11377;22;;;11403;21;11406;26;;;11392.0;0.0
spike_crash_volatile_s1;32500;ASH_COATED_OSMIUM;9999;16;9996;21;;;10011;7;10013;23;;;10005.0;0.0
spike_crash_volatile_s1;32600;INTARIAN_PEPPER_ROOT;11389;13;11385;17;;;11393;12;11395;25;;;11391.0;0.0
spike_crash_volatile_s1;32600;ASH_COATED_OSMIUM;10002;15;10000;16;;;10004;5;10008;17;;;10003.0;0.0
spike_crash_volatile_s1;32700;INTARIAN_PEPPER_ROOT;11392;7;11388;23;;;11398;10;11400;27;;;11395.0;0.0
spike_crash_volatile_s1;32700;ASH_COATED_OSMIUM;9999;20;9996;16;;;10001;13;10005;14;;;10000.0;0.0
spike_crash_volatile_s1;32800;INTARIAN_PEPPER_ROOT;11392;20;11389;24;;;11400;15;11402;16;;;11396.0;0.0
spike_crash_volatile_s1;32800;ASH_COATED_OSMIUM;9988;12;9985;22;;;10016;15;10019;25;;;10002.0;0.0
spike_crash_volatile_s1;32900;INTARIAN_PEPPER_ROOT;11398;9;11394;21;;;11400;29;11402;27;;;11399.0;0.0
spike_crash_volatile_s1;32900;ASH_COATED_OSMIUM;10005;12;10001;20;;;10007;16;10009;22;;;10006.0;0.0
spike_crash_volatile_s1;33000;INTARIAN_PEPPER_ROOT;11401;14;11398;27;;;11403;10;11406;21;;;11402.0;0.0
spike_crash_volatile_s1;33000;ASH_COATED_OSMIUM;9987;14;9984;29;;;10013;12;10017;23;;;10000.0;0.0
spike_crash_volatile_s1;33100;INTARIAN_PEPPER_ROOT;11404;12;11401;15;;;11408;16;11410;13;;;11406.0;0.0
spike_crash_volatile_s1;33100;ASH_COATED_OSMIUM;9980;18;9977;20;;;10016;23;10020;17;;;9998.0;0.0
spike_crash_volatile_s1;33200;INTARIAN_PEPPER_ROOT;11389;8;11385;11;;;11419;20;11421;13;;;11404.0;0.0
spike_crash_volatile_s1;33200;ASH_COATED_OSMIUM;9983;14;9979;8;;;10017;14;10020;15;;;10000.0;0.0
spike_crash_volatile_s1;33300;INTARIAN_PEPPER_ROOT;11404;14;11402;12;;;11406;18;11409;23;;;11405.0;0.0
spike_crash_volatile_s1;33300;ASH_COATED_OSMIUM;9975;19;9972;24;;;10021;10;10024;20;;;9998.0;0.0
spike_crash_volatile_s1;33400;INTARIAN_PEPPER_ROOT;11409;14;11406;8;;;11411;7;11413;20;;;11410.0;0.0
spike_crash_volatile_s1;33400;ASH_COATED_OSMIUM;9992;11;9989;21;;;10004;14;10006;23;;;9998.0;0.0
spike_crash_volatile_s1;33500;INTARIAN_PEPPER_ROOT;11406;21;11403;23;;;11412;13;11415;13;;;11409.0;0.0
spike_crash_volatile_s1;33500;ASH_COATED_OSMIUM;9997;11;9995;25;;;10001;5;10004;23;;;9999.0;0.0
spike_crash_volatile_s1;33600;INTARIAN_PEPPER_ROOT;11396;17;11392;26;;;11414;18;11416;17;;;11405.0;0.0
spike_crash_volatile_s1;33600;ASH_COATED_OSMIUM;9999;9;9995;23;;;10003;5;10006;20;;;10001.0;0.0
spike_crash_volatile_s1;33700;INTARIAN_PEPPER_ROOT;11397;13;11395;18;;;11405;5;11409;15;;;11401.0;0.0
spike_crash_volatile_s1;33700;ASH_COATED_OSMIUM;9983;15;9981;24;;;10017;11;10019;15;;;10000.0;0.0
spike_crash_volatile_s1;33800;INTARIAN_PEPPER_ROOT;11378;17;11375;24;;;11412;10;11415;26;;;11395.0;0.0
spike_crash_volatile_s1;33800;ASH_COATED_OSMIUM;9983;11;9980;21;;;10015;11;10019;21;;;9999.0;0.0
spike_crash_volatile_s1;33900;INTARIAN_PEPPER_ROOT;11388;18;11384;15;;;11394;18;11397;21;;;11391.0;0.0
spike_crash_volatile_s1;33900;ASH_COATED_OSMIUM;9957;14;9954;17;;;10051;10;10054;18;;;10004.0;0.0
spike_crash_volatile_s1;34000;INTARIAN_PEPPER_ROOT;11386;22;11383;14;;;11396;7;11398;25;;;11391.0;0.0
spike_crash_volatile_s1;34000;ASH_COATED_OSMIUM;10000;12;9998;16;;;10002;18;10005;23;;;10001.0;0.0
spike_crash_volatile_s1;34100;INTARIAN_PEPPER_ROOT;11390;14;11388;21;;;11400;15;11404;23;;;11395.0;0.0
spike_crash_volatile_s1;34100;ASH_COATED_OSMIUM;9993;14;9990;16;;;10015;6;10018;32;;;10004.0;0.0
spike_crash_volatile_s1;34200;INTARIAN_PEPPER_ROOT;11393;16;11390;15;;;11397;19;11401;12;;;11395.0;0.0
spike_crash_volatile_s1;34200;ASH_COATED_OSMIUM;10008;16;10004;23;;;10016;6;10020;13;;;10012.0;0.0
spike_crash_volatile_s1;34300;INTARIAN_PEPPER_ROOT;11389;18;11385;11;;;11405;16;11409;17;;;11397.0;0.0
spike_crash_volatile_s1;34300;ASH_COATED_OSMIUM;10010;17;10007;20;;;10020;7;10023;16;;;10015.0;0.0
spike_crash_volatile_s1;34400;INTARIAN_PEPPER_ROOT;11397;14;11395;15;;;11399;16;11401;16;;;11398.0;0.0
spike_crash_volatile_s1;34400;ASH_COATED_OSMIUM;10000;16;9997;32;;;10040;21;10044;24;;;10020.0;0.0
spike_crash_volatile_s1;34500;INTARIAN_PEPPER_ROOT;11388;18;11384;26;;;11410;22;11412;28;;;11399.0;0.0
spike_crash_volatile_s1;34500;ASH_COATED_OSMIUM;10018;10;10014;19;;;10022;8;10025;15;;;10020.0;0.0
spike_crash_volatile_s1;34600;INTARIAN_PEPPER_ROOT;11398;23;11395;19;;;11402;15;11404;16;;;11400.0;0.0
spike_crash_volatile_s1;34600;ASH_COATED_OSMIUM;10008;14;10005;14;;;10022;19;10025;27;;;10015.0;0.0
spike_crash_volatile_s1;34700;INTARIAN_PEPPER_ROOT;11399;16;11396;18;;;11401;8;11403;24;;;11400.0;0.0
spike_crash_volatile_s1;34700;ASH_COATED_OSMIUM;10014;15;10011;24;;;10016;9;10020;12;;;10015.0;0.0
spike_crash_volatile_s1;34800;INTARIAN_PEPPER_ROOT;11400;17;11397;17;;;11404;17;11408;34;;;11402.0;0.0
spike_crash_volatile_s1;34800;ASH_COATED_OSMIUM;9999;16;9996;16;;;10031;17;10035;9;;;10015.0;0.0
spike_crash_volatile_s1;34900;INTARIAN_PEPPER_ROOT;11393;12;11389;25;;;11409;22;11413;20;;;11401.0;0.0
spike_crash_volatile_s1;34900;ASH_COATED_OSMIUM;10019;17;10016;20;;;10021;6;10025;19;;;10020.0;0.0
spike_crash_volatile_s1;35000;INTARIAN_PEPPER_ROOT;11403;20;11401;17;;;11405;19;11407;19;;;11404.0;0.0
spike_crash_volatile_s1;35000;ASH_COATED_OSMIUM;10019;17;10017;17;;;10023;9;10027;14;;;10021.0;0.0
spike_crash_volatile_s1;35100;INTARIAN_PEPPER_ROOT;11406;18;11403;23;;;11408;16;11412;8;;;11407.0;0.0
spike_crash_volatile_s1;35100;ASH_COATED_OSMIUM;10014;12;10010;26;;;10030;12;10032;19;;;10022.0;0.0
spike_crash_volatile_s1;35200;INTARIAN_PEPPER_ROOT;11407;18;11403;18;;;11409;14;11411;22;;;11408.0;0.0
spike_crash_volatile_s1;35200;ASH_COATED_OSMIUM;9992;11;9989;9;;;10050;7;10052;17;;;10021.0;0.0
spike_crash_volatile_s1;35300;INTARIAN_PEPPER_ROOT;11404;11;11401;20;;;11418;19;11421;23;;;11411.0;0.0
spike_crash_volatile_s1;35300;ASH_COATED_OSMIUM;10020;20;10018;21;;;10022;5;10026;20;;;10021.0;0.0
spike_crash_volatile_s1;35400;INTARIAN_PEPPER_ROOT;11401;20;11399;16;;;11419;5;11422;20;;;11410.0;0.0
spike_crash_volatile_s1;35400;ASH_COATED_OSMIUM;10001;10;9997;13;;;10045;11;10049;16;;;10023.0;0.0
spike_crash_volatile_s1;35500;INTARIAN_PEPPER_ROOT;11403;13;11401;20;;;11415;11;11417;24;;;11409.0;0.0
spike_crash_volatile_s1;35500;ASH_COATED_OSMIUM;10003;15;10000;23;;;10043;18;10047;21;;;10023.0;0.0
spike_crash_volatile_s1;35600;INTARIAN_PEPPER_ROOT;11407;5;11404;12;;;11415;10;11417;21;;;11411.0;0.0
spike_crash_volatile_s1;35600;ASH_COATED_OSMIUM;10012;11;10008;12;;;10026;11;10028;19;;;10019.0;0.0
spike_crash_volatile_s1;35700;INTARIAN_PEPPER_ROOT;11400;5;11396;26;;;11424;18;11427;16;;;11412.0;0.0
spike_crash_volatile_s1;35700;ASH_COATED_OSMIUM;10020;9;10017;15;;;10022;17;10024;17;;;10021.0;0.0
spike_crash_volatile_s1;35800;INTARIAN_PEPPER_ROOT;11410;13;11406;19;;;11412;17;11414;23;;;11411.0;0.0
spike_crash_volatile_s1;35800;ASH_COATED_OSMIUM;10016;15;10012;18;;;10024;18;10026;23;;;10020.0;0.0
spike_crash_volatile_s1;35900;INTARIAN_PEPPER_ROOT;11406;17;11403;17;;;11416;21;11419;26;;;11411.0;0.0
spike_crash_volatile_s1;35900;ASH_COATED_OSMIUM;9991;13;9987;17;;;10051;12;10054;13;;;10021.0;0.0
spike_crash_volatile_s1;36000;INTARIAN_PEPPER_ROOT;11395;16;11391;15;;;11425;10;11429;14;;;11410.0;0.0
spike_crash_volatile_s1;36000;ASH_COATED_OSMIUM;10018;12;10016;19;;;10022;12;10024;19;;;10020.0;0.0
spike_crash_volatile_s1;36100;INTARIAN_PEPPER_ROOT;11413;7;11411;18;;;11415;14;11418;18;;;11414.0;0.0
spike_crash_volatile_s1;36100;ASH_COATED_OSMIUM;9971;6;9967;16;;;10059;6;10062;29;;;10015.0;0.0
spike_crash_volatile_s1;36200;INTARIAN_PEPPER_ROOT;11406;27;11402;16;;;11414;14;11418;27;;;11410.0;0.0
spike_crash_volatile_s1;36200;ASH_COATED_OSMIUM;9999;16;9995;24;;;10033;12;10036;23;;;10016.0;0.0
spike_crash_volatile_s1;36300;INTARIAN_PEPPER_ROOT;11411;10;11407;20;;;11413;19;11417;23;;;11412.0;0.0
spike_crash_volatile_s1;36300;ASH_COATED_OSMIUM;10010;8;10006;17;;;10012;13;10016;26;;;10011.0;0.0
spike_crash_volatile_s1;36400;INTARIAN_PEPPER_ROOT;11411;10;11407;24;;;11413;16;11415;24;;;11412.0;0.0
spike_crash_volatile_s1;36400;ASH_COATED_OSMIUM;10013;11;10009;21;;;10015;11;10019;24;;;10014.0;0.0
spike_crash_volatile_s1;36500;INTARIAN_PEPPER_ROOT;11397;17;11394;25;;;11433;14;11437;20;;;11415.0;0.0
spike_crash_volatile_s1;36500;ASH_COATED_OSMIUM;9990;12;9988;17;;;10030;13;10033;26;;;10010.0;0.0
spike_crash_volatile_s1;36600;INTARIAN_PEPPER_ROOT;11416;16;11414;20;;;11418;17;11420;22;;;11417.0;0.0
spike_crash_volatile_s1;36600;ASH_COATED_OSMIUM;10002;14;10000;18;;;10008;8;10010;22;;;10005.0;0.0
spike_crash_volatile_s1;36700;INTARIAN_PEPPER_ROOT;11406;18;11402;16;;;11418;14;11422;27;;;11412.0;0.0
spike_crash_volatile_s1;36700;ASH_COATED_OSMIUM;9998;13;9994;28;;;10016;11;10018;21;;;10007.0;0.0
spike_crash_volatile_s1;36800;INTARIAN_PEPPER_ROOT;11408;16;11404;22;;;11420;19;11423;15;;;11414.0;0.0
spike_crash_volatile_s1;36800;ASH_COATED_OSMIUM;9995;7;9992;20;;;10019;8;10022;21;;;10007.0;0.0
spike_crash_volatile_s1;36900;INTARIAN_PEPPER_ROOT;11405;12;11402;23;;;11427;16;11429;23;;;11416.0;0.0
spike_crash_volatile_s1;36900;ASH_COATED_OSMIUM;9991;8;9987;16;;;10017;11;10019;15;;;10004.0;0.0
spike_crash_volatile_s1;37000;INTARIAN_PEPPER_ROOT;11415;19;11413;24;;;11419;12;11422;23;;;11417.0;0.0
spike_crash_volatile_s1;37000;ASH_COATED_OSMIUM;10004;14;10002;27;;;10008;23;10012;24;;;10006.0;0.0
spike_crash_volatile_s1;37100;INTARIAN_PEPPER_ROOT;11415;16;11411;16;;;11417;9;11419;14;;;11416.0;0.0
spike_crash_volatile_s1;37100;ASH_COATED_OSMIUM;9988;20;9986;8;;;10002;5;10006;11;;;9995.0;0.0
spike_crash_volatile_s1;37200;INTARIAN_PEPPER_ROOT;11405;14;11403;16;;;11433;14;11437;24;;;11419.0;0.0
spike_crash_volatile_s1;37200;ASH_COATED_OSMIUM;9984;23;9981;16;;;10004;13;10007;27;;;9994.0;0.0
spike_crash_volatile_s1;37300;INTARIAN_PEPPER_ROOT;11414;13;11410;15;;;11424;15;11427;29;;;11419.0;0.0
spike_crash_volatile_s1;37300;ASH_COATED_OSMIUM;9978;12;9976;18;;;10006;18;10009;17;;;9992.0;0.0
spike_crash_volatile_s1;37400;INTARIAN_PEPPER_ROOT;11414;15;11411;27;;;11436;9;11439;22;;;11425.0;0.0
spike_crash_volatile_s1;37400;ASH_COATED_OSMIUM;9960;9;9958;9;;;10024;11;10027;20;;;9992.0;0.0
spike_crash_volatile_s1;37500;INTARIAN_PEPPER_ROOT;11424;12;11422;21;;;11432;12;11434;22;;;11428.0;0.0
spike_crash_volatile_s1;37500;ASH_COATED_OSMIUM;9986;7;9982;23;;;9996;8;9998;18;;;9991.0;0.0
spike_crash_volatile_s1;37600;INTARIAN_PEPPER_ROOT;11430;7;11426;16;;;11438;12;11442;22;;;11434.0;0.0
spike_crash_volatile_s1;37600;ASH_COATED_OSMIUM;9983;19;9981;17;;;10003;10;10005;18;;;9993.0;0.0
spike_crash_volatile_s1;37700;INTARIAN_PEPPER_ROOT;11432;5;11428;23;;;11434;11;11438;15;;;11433.0;0.0
spike_crash_volatile_s1;37700;ASH_COATED_OSMIUM;9991;6;9989;20;;;9997;6;10001;14;;;9994.0;0.0
spike_crash_volatile_s1;37800;INTARIAN_PEPPER_ROOT;11429;12;11426;16;;;11431;13;11433;14;;;11430.0;0.0
spike_crash_volatile_s1;37800;ASH_COATED_OSMIUM;9988;11;9985;21;;;10000;22;10003;21;;;9994.0;0.0
spike_crash_volatile_s1;37900;INTARIAN_PEPPER_ROOT;11431;14;11429;24;;;11433;28;11436;16;;;11432.0;0.0
spike_crash_volatile_s1;37900;ASH_COATED_OSMIUM;9991;15;9987;13;;;10001;27;10003;20;;;9996.0;0.0
spike_crash_volatile_s1;38000;INTARIAN_PEPPER_ROOT;11422;18;11420;15;;;11450;11;11454;14;;;11436.0;0.0
spike_crash_volatile_s1;38000;ASH_COATED_OSMIUM;9990;19;9988;26;;;10006;13;10010;14;;;9998.0;0.0
spike_crash_volatile_s1;38100;INTARIAN_PEPPER_ROOT;11431;13;11427;24;;;11441;17;11445;22;;;11436.0;0.0
spike_crash_volatile_s1;38100;ASH_COATED_OSMIUM;9988;11;9984;14;;;10006;13;10010;22;;;9997.0;0.0
spike_crash_volatile_s1;38200;INTARIAN_PEPPER_ROOT;11427;24;11423;18;;;11441;5;11444;19;;;11434.0;0.0
spike_crash_volatile_s1;38200;ASH_COATED_OSMIUM;9997;17;9993;24;;;9999;9;10002;17;;;9998.0;0.0
spike_crash_volatile_s1;38300;INTARIAN_PEPPER_ROOT;11432;12;11430;18;;;11434;23;11438;18;;;11433.0;0.0
spike_crash_volatile_s1;38300;ASH_COATED_OSMIUM;9996;9;9994;23;;;9998;10;10000;21;;;9997.0;0.0
spike_crash_volatile_s1;38400;INTARIAN_PEPPER_ROOT;11427;8;11425;23;;;11445;15;11449;22;;;11436.0;0.0
spike_crash_volatile_s1;38400;ASH_COATED_OSMIUM;10003;15;10000;20;;;10005;8;10007;11;;;10004.0;0.0
spike_crash_volatile_s1;38500;INTARIAN_PEPPER_ROOT;11434;16;11430;10;;;11440;10;11443;8;;;11437.0;0.0
spike_crash_volatile_s1;38500;ASH_COATED_OSMIUM;9989;15;9985;24;;;10011;12;10013;23;;;10000.0;0.0
spike_crash_volatile_s1;38600;INTARIAN_PEPPER_ROOT;11419;11;11416;19;;;11457;19;11459;22;;;11438.0;0.0
spike_crash_volatile_s1;38600;ASH_COATED_OSMIUM;9999;15;9996;19;;;10007;17;10009;16;;;10003.0;0.0
spike_crash_volatile_s1;38700;INTARIAN_PEPPER_ROOT;11418;19;11416;15;;;11458;14;11462;18;;;11438.0;0.0
spike_crash_volatile_s1;38700;ASH_COATED_OSMIUM;10003;19;10000;33;;;10005;6;10009;12;;;10004.0;0.0
spike_crash_volatile_s1;38800;INTARIAN_PEPPER_ROOT;11436;9;11432;28;;;11438;13;11442;16;;;11437.0;0.0
spike_crash_volatile_s1;38800;ASH_COATED_OSMIUM;9995;9;9992;15;;;10009;8;10013;17;;;10002.0;0.0
spike_crash_volatile_s1;38900;INTARIAN_PEPPER_ROOT;11432;21;11428;17;;;11442;11;11445;25;;;11437.0;0.0
spike_crash_volatile_s1;38900;ASH_COATED_OSMIUM;9995;18;9993;20;;;10009;12;10012;11;;;10002.0;0.0
spike_crash_volatile_s1;39000;INTARIAN_PEPPER_ROOT;11430;20;11426;22;;;11438;16;11442;17;;;11434.0;0.0
spike_crash_volatile_s1;39000;ASH_COATED_OSMIUM;9997;16;9993;21;;;9999;5;10001;26;;;9998.0;0.0
spike_crash_volatile_s1;39100;INTARIAN_PEPPER_ROOT;11432;16;11428;26;;;11446;8;11448;23;;;11439.0;0.0
spike_crash_volatile_s1;39100;ASH_COATED_OSMIUM;9995;19;9991;8;;;10005;9;10009;23;;;10000.0;0.0
spike_crash_volatile_s1;39200;INTARIAN_PEPPER_ROOT;11427;10;11424;10;;;11451;14;11453;18;;;11439.0;0.0
spike_crash_volatile_s1;39200;ASH_COATED_OSMIUM;9991;10;9987;21;;;10005;19;10007;18;;;9998.0;0.0
spike_crash_volatile_s1;39300;INTARIAN_PEPPER_ROOT;11433;6;11431;29;;;11449;5;11452;17;;;11441.0;0.0
spike_crash_volatile_s1;39300;ASH_COATED_OSMIUM;9995;12;9992;15;;;9997;10;10001;25;;;9996.0;0.0
spike_crash_volatile_s1;39400;INTARIAN_PEPPER_ROOT;11438;14;11435;17;;;11440;11;11444;22;;;11439.0;0.0
spike_crash_volatile_s1;39400;ASH_COATED_OSMIUM;9996;18;9994;15;;;10000;13;10003;19;;;9998.0;0.0
spike_crash_volatile_s1;39500;INTARIAN_PEPPER_ROOT;11427;16;11424;18;;;11457;16;11459;28;;;11442.0;0.0
spike_crash_volatile_s1;39500;ASH_COATED_OSMIUM;9989;14;9987;20;;;10009;16;10013;21;;;9999.0;0.0
spike_crash_volatile_s1;39600;INTARIAN_PEPPER_ROOT;11432;11;11428;24;;;11446;21;11448;22;;;11439.0;0.0
spike_crash_volatile_s1;39600;ASH_COATED_OSMIUM;9996;5;9992;27;;;10000;13;10002;18;;;9998.0;0.0
spike_crash_volatile_s1;39700;INTARIAN_PEPPER_ROOT;11435;18;11432;14;;;11449;16;11453;24;;;11442.0;0.0
spike_crash_volatile_s1;39700;ASH_COATED_OSMIUM;9986;11;9984;16;;;10012;14;10014;20;;;9999.0;0.0
spike_crash_volatile_s1;39800;INTARIAN_PEPPER_ROOT;11417;11;11413;17;;;11469;11;11472;17;;;11443.0;0.0
spike_crash_volatile_s1;39800;ASH_COATED_OSMIUM;9998;5;9994;18;;;10006;14;10008;12;;;10002.0;0.0
spike_crash_volatile_s1;39900;INTARIAN_PEPPER_ROOT;11448;16;11446;26;;;11450;12;11453;23;;;11449.0;0.0
spike_crash_volatile_s1;39900;ASH_COATED_OSMIUM;9984;11;9980;14;;;10022;11;10025;18;;;10003.0;0.0
spike_crash_volatile_s1;40000;INTARIAN_PEPPER_ROOT;11439;20;11435;17;;;11455;18;11458;13;;;11447.0;0.0
spike_crash_volatile_s1;40000;ASH_COATED_OSMIUM;10001;8;9997;18;;;10007;17;10011;23;;;10004.0;0.0
spike_crash_volatile_s1;40100;INTARIAN_PEPPER_ROOT;11436;11;11432;17;;;11460;13;11462;18;;;11448.0;0.0
spike_crash_volatile_s1;40100;ASH_COATED_OSMIUM;9986;9;9982;23;;;10012;11;10015;23;;;9999.0;0.0
spike_crash_volatile_s1;40200;INTARIAN_PEPPER_ROOT;11449;11;11447;13;;;11451;14;11453;13;;;11450.0;0.0
spike_crash_volatile_s1;40200;ASH_COATED_OSMIUM;9999;18;9996;25;;;10005;9;10008;19;;;10002.0;0.0
spike_crash_volatile_s1;40300;INTARIAN_PEPPER_ROOT;11452;20;11450;24;;;11458;5;11461;21;;;11455.0;0.0
spike_crash_volatile_s1;40300;ASH_COATED_OSMIUM;9994;18;9991;10;;;10004;7;10006;12;;;9999.0;0.0
spike_crash_volatile_s1;40400;INTARIAN_PEPPER_ROOT;11448;15;11444;14;;;11462;21;11464;15;;;11455.0;0.0
spike_crash_volatile_s1;40400;ASH_COATED_OSMIUM;9996;13;9993;19;;;10000;17;10004;17;;;9998.0;0.0
spike_crash_volatile_s1;40500;INTARIAN_PEPPER_ROOT;11445;10;11441;13;;;11467;15;11469;23;;;11456.0;0.0
spike_crash_volatile_s1;40500;ASH_COATED_OSMIUM;9985;7;9982;16;;;10015;10;10019;18;;;10000.0;0.0
spike_crash_volatile_s1;40600;INTARIAN_PEPPER_ROOT;11430;16;11426;25;;;11472;19;11474;13;;;11451.0;0.0
spike_crash_volatile_s1;40600;ASH_COATED_OSMIUM;9999;5;9997;17;;;10007;20;10009;29;;;10003.0;0.0
spike_crash_volatile_s1;40700;INTARIAN_PEPPER_ROOT;11444;13;11440;20;;;11456;8;11458;15;;;11450.0;0.0
spike_crash_volatile_s1;40700;ASH_COATED_OSMIUM;10005;13;10002;28;;;10007;9;10010;20;;;10006.0;0.0
spike_crash_volatile_s1;40800;INTARIAN_PEPPER_ROOT;11448;23;11445;20;;;11456;22;11458;25;;;11452.0;0.0
spike_crash_volatile_s1;40800;ASH_COATED_OSMIUM;9999;24;9996;24;;;10011;17;10015;19;;;10005.0;0.0
spike_crash_volatile_s1;40900;INTARIAN_PEPPER_ROOT;11453;19;11449;13;;;11459;9;11462;27;;;11456.0;0.0
spike_crash_volatile_s1;40900;ASH_COATED_OSMIUM;10001;16;9997;22;;;10013;14;10017;15;;;10007.0;0.0
spike_crash_volatile_s1;41000;INTARIAN_PEPPER_ROOT;11449;11;11445;17;;;11463;18;11465;25;;;11456.0;0.0
spike_crash_volatile_s1;41000;ASH_COATED_OSMIUM;10003;16;9999;24;;;10005;22;10007;22;;;10004.0;0.0
spike_crash_volatile_s1;41100;INTARIAN_PEPPER_ROOT;11453;20;11450;24;;;11471;18;11473;17;;;11462.0;0.0
spike_crash_volatile_s1;41100;ASH_COATED_OSMIUM;10008;6;10004;21;;;10012;6;10016;17;;;10010.0;0.0
spike_crash_volatile_s1;41200;INTARIAN_PEPPER_ROOT;11467;5;11464;16;;;11469;15;11473;15;;;11468.0;0.0
spike_crash_volatile_s1;41200;ASH_COATED_OSMIUM;10010;5;10007;30;;;10012;5;10015;24;;;10011.0;0.0
spike_crash_volatile_s1;41300;INTARIAN_PEPPER_ROOT;11463;13;11459;24;;;11475;22;11477;19;;;11469.0;0.0
spike_crash_volatile_s1;41300;ASH_COATED_OSMIUM;10003;14;10001;28;;;10013;9;10016;20;;;10008.0;0.0
spike_crash_volatile_s1;41400;INTARIAN_PEPPER_ROOT;11463;14;11460;21;;;11465;5;11467;19;;;11464.0;0.0
spike_crash_volatile_s1;41400;ASH_COATED_OSMIUM;10003;21;10001;17;;;10005;8;10007;16;;;10004.0;0.0
spike_crash_volatile_s1;41500;INTARIAN_PEPPER_ROOT;11455;15;11453;22;;;11465;12;11467;13;;;11460.0;0.0
spike_crash_volatile_s1;41500;ASH_COATED_OSMIUM;10006;14;10003;15;;;10008;19;10011;22;;;10007.0;0.0
spike_crash_volatile_s1;41600;INTARIAN_PEPPER_ROOT;11453;16;11449;15;;;11465;7;11467;20;;;11459.0;0.0
spike_crash_volatile_s1;41600;ASH_COATED_OSMIUM;10008;5;10006;18;;;10010;16;10013;17;;;10009.0;0.0
spike_crash_volatile_s1;41700;INTARIAN_PEPPER_ROOT;11457;20;11454;22;;;11469;13;11471;22;;;11463.0;0.0
spike_crash_volatile_s1;41700;ASH_COATED_OSMIUM;9995;7;9993;17;;;10015;13;10019;24;;;10005.0;0.0
spike_crash_volatile_s1;41800;INTARIAN_PEPPER_ROOT;11454;13;11450;22;;;11476;10;11480;27;;;11465.0;0.0
spike_crash_volatile_s1;41800;ASH_COATED_OSMIUM;10004;6;10001;23;;;10006;8;10009;25;;;10005.0;0.0
spike_crash_volatile_s1;41900;INTARIAN_PEPPER_ROOT;11457;14;11454;24;;;11465;14;11467;12;;;11461.0;0.0
spike_crash_volatile_s1;41900;ASH_COATED_OSMIUM;9996;16;9993;22;;;10012;16;10014;8;;;10004.0;0.0
spike_crash_volatile_s1;42000;INTARIAN_PEPPER_ROOT;11457;17;11454;15;;;11465;13;11469;20;;;11461.0;0.0
spike_crash_volatile_s1;42000;ASH_COATED_OSMIUM;9988;6;9985;17;;;10026;17;10029;16;;;10007.0;0.0
spike_crash_volatile_s1;42100;INTARIAN_PEPPER_ROOT;11463;14;11459;20;;;11469;14;11471;21;;;11466.0;0.0
spike_crash_volatile_s1;42100;ASH_COATED_OSMIUM;10003;8;10000;15;;;10005;14;10008;9;;;10004.0;0.0
spike_crash_volatile_s1;42200;INTARIAN_PEPPER_ROOT;11461;9;11458;12;;;11471;18;11475;27;;;11466.0;0.0
spike_crash_volatile_s1;42200;ASH_COATED_OSMIUM;9982;6;9980;26;;;10012;8;10014;23;;;9997.0;0.0
spike_crash_volatile_s1;42300;INTARIAN_PEPPER_ROOT;11465;22;11463;12;;;11467;12;11470;12;;;11466.0;0.0
spike_crash_volatile_s1;42300;ASH_COATED_OSMIUM;9997;7;9994;24;;;10003;18;10006;16;;;10000.0;0.0
spike_crash_volatile_s1;42400;INTARIAN_PEPPER_ROOT;11467;15;11463;26;;;11475;8;11478;26;;;11471.0;0.0
spike_crash_volatile_s1;42400;ASH_COATED_OSMIUM;9995;9;9993;25;;;9997;16;10001;18;;;9996.0;0.0
spike_crash_volatile_s1;42500;INTARIAN_PEPPER_ROOT;11464;16;11460;21;;;11480;25;11483;12;;;11472.0;0.0
spike_crash_volatile_s1;42500;ASH_COATED_OSMIUM;9982;9;9980;29;;;10008;15;10010;16;;;9995.0;0.0
spike_crash_volatile_s1;42600;INTARIAN_PEPPER_ROOT;11467;15;11464;21;;;11477;19;11479;10;;;11472.0;0.0
spike_crash_volatile_s1;42600;ASH_COATED_OSMIUM;9983;19;9980;15;;;10005;13;10009;20;;;9994.0;0.0
spike_crash_volatile_s1;42700;INTARIAN_PEPPER_ROOT;11473;13;11469;17;;;11475;24;11479;21;;;11474.0;0.0
spike_crash_volatile_s1;42700;ASH_COATED_OSMIUM;9988;5;9985;23;;;9990;26;9992;25;;;9989.0;0.0
spike_crash_volatile_s1;42800;INTARIAN_PEPPER_ROOT;11470;10;11466;15;;;11482;11;11485;20;;;11476.0;0.0
spike_crash_volatile_s1;42800;ASH_COATED_OSMIUM;9967;9;9963;29;;;10007;10;10009;15;;;9987.0;0.0
spike_crash_volatile_s1;42900;INTARIAN_PEPPER_ROOT;11453;18;11449;20;;;11497;5;11499;17;;;11475.0;0.0
spike_crash_volatile_s1;42900;ASH_COATED_OSMIUM;9976;8;9974;28;;;9994;15;9998;13;;;9985.0;0.0
spike_crash_volatile_s1;43000;INTARIAN_PEPPER_ROOT;11464;13;11461;28;;;11494;19;11498;15;;;11479.0;0.0
spike_crash_volatile_s1;43000;ASH_COATED_OSMIUM;9977;10;9973;13;;;9995;14;9998;20;;;9986.0;0.0
spike_crash_volatile_s1;43100;INTARIAN_PEPPER_ROOT;11464;15;11462;19;;;11500;11;11502;20;;;11482.0;0.0
spike_crash_volatile_s1;43100;ASH_COATED_OSMIUM;9982;11;9979;17;;;9986;20;9990;20;;;9984.0;0.0
spike_crash_volatile_s1;43200;INTARIAN_PEPPER_ROOT;11484;17;11480;18;;;11488;17;11491;18;;;11486.0;0.0
spike_crash_volatile_s1;43200;ASH_COATED_OSMIUM;9985;9;9983;18;;;9993;16;9996;13;;;9989.0;0.0
spike_crash_volatile_s1;43300;INTARIAN_PEPPER_ROOT;11462;14;11460;15;;;11514;14;11518;26;;;11488.0;0.0
spike_crash_volatile_s1;43300;ASH_COATED_OSMIUM;9976;13;9974;21;;;10002;7;10004;19;;;9989.0;0.0
spike_crash_volatile_s1;43400;INTARIAN_PEPPER_ROOT;11488;14;11485;17;;;11494;8;11496;22;;;11491.0;0.0
spike_crash_volatile_s1;43400;ASH_COATED_OSMIUM;9971;20;9967;26;;;10007;15;10010;17;;;9989.0;0.0
spike_crash_volatile_s1;43500;INTARIAN_PEPPER_ROOT;11490;15;11487;22;;;11492;15;11495;18;;;11491.0;0.0
spike_crash_volatile_s1;43500;ASH_COATED_OSMIUM;9975;17;9972;23;;;10003;5;10005;13;;;9989.0;0.0
spike_crash_volatile_s1;43600;INTARIAN_PEPPER_ROOT;11490;16;11486;16;;;11496;10;11500;15;;;11493.0;0.0
spike_crash_volatile_s1;43600;ASH_COATED_OSMIUM;9979;12;9975;18;;;9989;13;9992;17;;;9984.0;0.0
spike_crash_volatile_s1;43700;INTARIAN_PEPPER_ROOT;11491;18;11489;10;;;11503;27;11505;27;;;11497.0;0.0
spike_crash_volatile_s1;43700;ASH_COATED_OSMIUM;9978;15;9976;23;;;9996;9;10000;17;;;9987.0;0.0
spike_crash_volatile_s1;43800;INTARIAN_PEPPER_ROOT;11500;13;11496;30;;;11502;19;11505;21;;;11501.0;0.0
spike_crash_volatile_s1;43800;ASH_COATED_OSMIUM;9964;17;9962;19;;;10010;8;10014;16;;;9987.0;0.0
spike_crash_volatile_s1;43900;INTARIAN_PEPPER_ROOT;11504;5;11502;14;;;11506;7;11508;17;;;11505.0;0.0
spike_crash_volatile_s1;43900;ASH_COATED_OSMIUM;9988;15;9984;26;;;9992;15;9994;19;;;9990.0;0.0
spike_crash_volatile_s1;44000;INTARIAN_PEPPER_ROOT;11503;12;11499;13;;;11513;19;11517;22;;;11508.0;0.0
spike_crash_volatile_s1;44000;ASH_COATED_OSMIUM;9992;14;9989;26;;;9996;7;9998;13;;;9994.0;0.0
spike_crash_volatile_s1;44100;INTARIAN_PEPPER_ROOT;11504;15;11500;18;;;11506;15;11509;20;;;11505.0;0.0
spike_crash_volatile_s1;44100;ASH_COATED_OSMIUM;9983;15;9980;16;;;9999;11;10001;18;;;9991.0;0.0
spike_crash_volatile_s1;44200;INTARIAN_PEPPER_ROOT;11494;13;11492;18;;;11512;12;11514;16;;;11503.0;0.0
spike_crash_volatile_s1;44200;ASH_COATED_OSMIUM;9988;12;9984;25;;;9996;7;10000;15;;;9992.0;0.0
spike_crash_volatile_s1;44300;INTARIAN_PEPPER_ROOT;11496;9;11493;19;;;11518;18;11522;21;;;11507.0;0.0
spike_crash_volatile_s1;44300;ASH_COATED_OSMIUM;9990;12;9987;23;;;9998;11;10000;18;;;9994.0;0.0
spike_crash_volatile_s1;44400;INTARIAN_PEPPER_ROOT;11500;10;11496;19;;;11514;15;11518;22;;;11507.0;0.0
spike_crash_volatile_s1;44400;ASH_COATED_OSMIUM;9988;17;9985;25;;;10004;12;10007;22;;;9996.0;0.0
spike_crash_volatile_s1;44500;INTARIAN_PEPPER_ROOT;11489;23;11485;17;;;11529;17;11532;21;;;11509.0;0.0
spike_crash_volatile_s1;44500;ASH_COATED_OSMIUM;9990;7;9988;20;;;10000;27;10004;25;;;9995.0;0.0
spike_crash_volatile_s1;44600;INTARIAN_PEPPER_ROOT;11507;14;11503;22;;;11509;16;11513;18;;;11508.0;0.0
spike_crash_volatile_s1;44600;ASH_COATED_OSMIUM;9991;11;9989;16;;;10001;13;10004;22;;;9996.0;0.0
spike_crash_volatile_s1;44700;INTARIAN_PEPPER_ROOT;11507;18;11503;17;;;11517;14;11520;25;;;11512.0;0.0
spike_crash_volatile_s1;44700;ASH_COATED_OSMIUM;9980;8;9978;21;;;10004;14;10007;16;;;9992.0;0.0
spike_crash_volatile_s1;44800;INTARIAN_PEPPER_ROOT;11506;14;11503;21;;;11518;9;11520;20;;;11512.0;0.0
spike_crash_volatile_s1;44800;ASH_COATED_OSMIUM;9988;6;9986;12;;;9994;9;9998;21;;;9991.0;0.0
spike_crash_volatile_s1;44900;INTARIAN_PEPPER_ROOT;11515;13;11513;27;;;11517;13;11520;29;;;11516.0;0.0
spike_crash_volatile_s1;44900;ASH_COATED_OSMIUM;9987;15;9983;24;;;9999;25;10003;24;;;9993.0;0.0
spike_crash_volatile_s1;45000;INTARIAN_PEPPER_ROOT;11513;15;11509;15;;;11519;16;11522;22;;;11516.0;0.0
spike_crash_volatile_s1;45000;ASH_COATED_OSMIUM;9993;15;9991;18;;;9997;19;10001;21;;;9995.0;0.0
spike_crash_volatile_s1;45100;INTARIAN_PEPPER_ROOT;11490;5;11488;25;;;11550;17;11554;21;;;11520.0;0.0
spike_crash_volatile_s1;45100;ASH_COATED_OSMIUM;9986;13;9982;16;;;10010;9;10013;17;;;9998.0;0.0
spike_crash_volatile_s1;45200;INTARIAN_PEPPER_ROOT;11519;8;11515;13;;;11525;14;11528;18;;;11522.0;0.0
spike_crash_volatile_s1;45200;ASH_COATED_OSMIUM;9962;8;9960;21;;;10034;14;10038;26;;;9998.0;0.0
spike_crash_volatile_s1;45300;INTARIAN_PEPPER_ROOT;11520;11;11518;11;;;11524;12;11527;19;;;11522.0;0.0
spike_crash_volatile_s1;45300;ASH_COATED_OSMIUM;10000;5;9996;18;;;10002;20;10005;16;;;10001.0;0.0
spike_crash_volatile_s1;45400;INTARIAN_PEPPER_ROOT;11521;19;11519;16;;;11527;7;11529;26;;;11524.0;0.0
spike_crash_volatile_s1;45400;ASH_COATED_OSMIUM;9979;11;9975;19;;;10029;9;10033;16;;;10004.0;0.0
spike_crash_volatile_s1;45500;INTARIAN_PEPPER_ROOT;11517;7;11515;19;;;11531;20;11535;22;;;11524.0;0.0
spike_crash_volatile_s1;45500;ASH_COATED_OSMIUM;9998;9;9994;24;;;10008;14;10011;18;;;10003.0;0.0
spike_crash_volatile_s1;45600;INTARIAN_PEPPER_ROOT;11520;15;11516;26;;;11526;15;11528;9;;;11523.0;0.0
spike_crash_volatile_s1;45600;ASH_COATED_OSMIUM;9997;16;9993;17;;;10009;18;10013;17;;;10003.0;0.0
spike_crash_volatile_s1;45700;INTARIAN_PEPPER_ROOT;11524;8;11521;23;;;11528;10;11532;19;;;11526.0;0.0
spike_crash_volatile_s1;45700;ASH_COATED_OSMIUM;10000;5;9996;26;;;10002;5;10006;17;;;10001.0;0.0
spike_crash_volatile_s1;45800;INTARIAN_PEPPER_ROOT;11518;8;11514;23;;;11532;17;11535;18;;;11525.0;0.0
spike_crash_volatile_s1;45800;ASH_COATED_OSMIUM;9986;14;9984;17;;;10016;6;10018;21;;;10001.0;0.0
spike_crash_volatile_s1;45900;INTARIAN_PEPPER_ROOT;11522;17;11518;20;;;11526;11;11529;13;;;11524.0;0.0
spike_crash_volatile_s1;45900;ASH_COATED_OSMIUM;9993;18;9991;15;;;9997;7;10001;22;;;9995.0;0.0
spike_crash_volatile_s1;46000;INTARIAN_PEPPER_ROOT;11519;7;11517;17;;;11531;16;11533;20;;;11525.0;0.0
spike_crash_volatile_s1;46000;ASH_COATED_OSMIUM;9990;13;9986;26;;;10004;18;10006;20;;;9997.0;0.0
spike_crash_volatile_s1;46100;INTARIAN_PEPPER_ROOT;11522;9;11519;13;;;11524;15;11528;18;;;11523.0;0.0
spike_crash_volatile_s1;46100;ASH_COATED_OSMIUM;9978;9;9975;27;;;10016;19;10020;21;;;9997.0;0.0
spike_crash_volatile_s1;46200;INTARIAN_PEPPER_ROOT;11518;19;11515;24;;;11536;12;11538;8;;;11527.0;0.0
spike_crash_volatile_s1;46200;ASH_COATED_OSMIUM;9985;8;9982;21;;;10003;8;10007;20;;;9994.0;0.0
spike_crash_volatile_s1;46300;INTARIAN_PEPPER_ROOT;11527;11;11523;19;;;11533;13;11537;26;;;11530.0;0.0
spike_crash_volatile_s1;46300;ASH_COATED_OSMIUM;9993;5;9990;20;;;10013;5;10015;9;;;10003.0;0.0
spike_crash_volatile_s1;46400;INTARIAN_PEPPER_ROOT;11529;7;11526;22;;;11531;17;11535;10;;;11530.0;0.0
spike_crash_volatile_s1;46400;ASH_COATED_OSMIUM;9999;16;9995;16;;;10005;7;10009;35;;;10002.0;0.0
spike_crash_volatile_s1;46500;INTARIAN_PEPPER_ROOT;11523;16;11521;16;;;11539;15;11541;15;;;11531.0;0.0
spike_crash_volatile_s1;46500;ASH_COATED_OSMIUM;9979;12;9975;22;;;10019;14;10021;13;;;9999.0;0.0
spike_crash_volatile_s1;46600;INTARIAN_PEPPER_ROOT;11532;8;11529;14;;;11534;15;11536;21;;;11533.0;0.0
spike_crash_volatile_s1;46600;ASH_COATED_OSMIUM;10000;8;9996;26;;;10002;10;10004;8;;;10001.0;0.0
spike_crash_volatile_s1;46700;INTARIAN_PEPPER_ROOT;11533;11;11530;19;;;11545;15;11549;19;;;11539.0;0.0
spike_crash_volatile_s1;46700;ASH_COATED_OSMIUM;9990;20;9987;22;;;10016;15;10018;18;;;10003.0;0.0
spike_crash_volatile_s1;46800;INTARIAN_PEPPER_ROOT;11531;8;11529;18;;;11553;9;11557;15;;;11542.0;0.0
spike_crash_volatile_s1;46800;ASH_COATED_OSMIUM;9983;9;9981;19;;;10025;16;10028;16;;;10004.0;0.0
spike_crash_volatile_s1;46900;INTARIAN_PEPPER_ROOT;11535;17;11532;18;;;11549;22;11552;19;;;11542.0;0.0
spike_crash_volatile_s1;46900;ASH_COATED_OSMIUM;9994;11;9990;23;;;10002;11;10004;16;;;9998.0;0.0
spike_crash_volatile_s1;47000;INTARIAN_PEPPER_ROOT;11543;13;11540;17;;;11545;18;11548;15;;;11544.0;0.0
spike_crash_volatile_s1;47000;ASH_COATED_OSMIUM;9992;18;9988;17;;;10008;10;10011;20;;;10000.0;0.0
spike_crash_volatile_s1;47100;INTARIAN_PEPPER_ROOT;11534;13;11531;24;;;11556;14;11558;22;;;11545.0;0.0
spike_crash_volatile_s1;47100;ASH_COATED_OSMIUM;9992;18;9990;23;;;9994;12;9996;21;;;9993.0;0.0
spike_crash_volatile_s1;47200;INTARIAN_PEPPER_ROOT;11519;5;11517;19;;;11573;6;11576;9;;;11546.0;0.0
spike_crash_volatile_s1;47200;ASH_COATED_OSMIUM;9979;15;9975;22;;;10021;19;10024;15;;;10000.0;0.0
spike_crash_volatile_s1;47300;INTARIAN_PEPPER_ROOT;11551;15;11547;18;;;11553;10;11556;21;;;11552.0;0.0
spike_crash_volatile_s1;47300;ASH_COATED_OSMIUM;9997;14;9995;13;;;10005;17;10008;18;;;10001.0;0.0
spike_crash_volatile_s1;47400;INTARIAN_PEPPER_ROOT;11544;8;11541;21;;;11558;28;11560;21;;;11551.0;0.0
spike_crash_volatile_s1;47400;ASH_COATED_OSMIUM;9996;11;9992;23;;;10012;8;10016;23;;;10004.0;0.0
spike_crash_volatile_s1;47500;INTARIAN_PEPPER_ROOT;11536;18;11533;25;;;11566;22;11568;19;;;11551.0;0.0
spike_crash_volatile_s1;47500;ASH_COATED_OSMIUM;10001;13;9998;25;;;10011;10;10013;18;;;10006.0;0.0
spike_crash_volatile_s1;47600;INTARIAN_PEPPER_ROOT;11547;13;11545;17;;;11549;15;11551;20;;;11548.0;0.0
spike_crash_volatile_s1;47600;ASH_COATED_OSMIUM;9992;12;9990;12;;;10034;14;10037;14;;;10013.0;0.0
spike_crash_volatile_s1;47700;INTARIAN_PEPPER_ROOT;11543;12;11539;18;;;11547;16;11551;17;;;11545.0;0.0
spike_crash_volatile_s1;47700;ASH_COATED_OSMIUM;10011;6;10008;24;;;10015;9;10017;21;;;10013.0;0.0
spike_crash_volatile_s1;47800;INTARIAN_PEPPER_ROOT;11546;21;11544;26;;;11548;15;11552;27;;;11547.0;0.0
spike_crash_volatile_s1;47800;ASH_COATED_OSMIUM;9998;16;9996;14;;;10024;9;10027;20;;;10011.0;0.0
spike_crash_volatile_s1;47900;INTARIAN_PEPPER_ROOT;11546;17;11544;17;;;11548;12;11551;17;;;11547.0;0.0
spike_crash_volatile_s1;47900;ASH_COATED_OSMIUM;10012;8;10010;12;;;10018;21;10020;12;;;10015.0;0.0
spike_crash_volatile_s1;48000;INTARIAN_PEPPER_ROOT;11548;8;11546;18;;;11550;7;11554;25;;;11549.0;0.0
spike_crash_volatile_s1;48000;ASH_COATED_OSMIUM;10010;8;10007;17;;;10016;9;10019;27;;;10013.0;0.0
spike_crash_volatile_s1;48100;INTARIAN_PEPPER_ROOT;11542;8;11539;22;;;11552;9;11555;24;;;11547.0;0.0
spike_crash_volatile_s1;48100;ASH_COATED_OSMIUM;10015;14;10012;20;;;10019;6;10022;20;;;10017.0;0.0
spike_crash_volatile_s1;48200;INTARIAN_PEPPER_ROOT;11545;18;11543;22;;;11547;13;11551;21;;;11546.0;0.0
spike_crash_volatile_s1;48200;ASH_COATED_OSMIUM;10010;13;10007;17;;;10028;5;10031;27;;;10019.0;0.0
spike_crash_volatile_s1;48300;INTARIAN_PEPPER_ROOT;11544;16;11541;17;;;11552;18;11555;23;;;11548.0;0.0
spike_crash_volatile_s1;48300;ASH_COATED_OSMIUM;10009;13;10006;18;;;10031;13;10033;17;;;10020.0;0.0
spike_crash_volatile_s1;48400;INTARIAN_PEPPER_ROOT;11543;19;11540;24;;;11563;20;11566;29;;;11553.0;0.0
spike_crash_volatile_s1;48400;ASH_COATED_OSMIUM;10016;11;10012;22;;;10022;8;10025;12;;;10019.0;0.0
spike_crash_volatile_s1;48500;INTARIAN_PEPPER_ROOT;11552;11;11548;8;;;11558;19;11562;27;;;11555.0;0.0
spike_crash_volatile_s1;48500;ASH_COATED_OSMIUM;10017;11;10013;16;;;10019;12;10021;18;;;10018.0;0.0
spike_crash_volatile_s1;48600;INTARIAN_PEPPER_ROOT;11555;24;11553;19;;;11565;26;11567;15;;;11560.0;0.0
spike_crash_volatile_s1;48600;ASH_COATED_OSMIUM;10013;5;10011;25;;;10015;21;10018;13;;;10014.0;0.0
spike_crash_volatile_s1;48700;INTARIAN_PEPPER_ROOT;11557;11;11553;24;;;11573;11;11577;21;;;11565.0;0.0
spike_crash_volatile_s1;48700;ASH_COATED_OSMIUM;10011;12;10007;22;;;10015;17;10019;16;;;10013.0;0.0
spike_crash_volatile_s1;48800;INTARIAN_PEPPER_ROOT;11563;8;11559;28;;;11575;17;11579;13;;;11569.0;0.0
spike_crash_volatile_s1;48800;ASH_COATED_OSMIUM;10013;15;10009;24;;;10015;18;10019;22;;;10014.0;0.0
spike_crash_volatile_s1;48900;INTARIAN_PEPPER_ROOT;11559;29;11557;23;;;11575;10;11578;20;;;11567.0;0.0
spike_crash_volatile_s1;48900;ASH_COATED_OSMIUM;10009;19;10005;17;;;10019;8;10023;23;;;10014.0;0.0
spike_crash_volatile_s1;49000;INTARIAN_PEPPER_ROOT;11567;19;11565;22;;;11569;15;11573;20;;;11568.0;0.0
spike_crash_volatile_s1;49000;ASH_COATED_OSMIUM;10012;11;10010;23;;;10022;11;10024;17;;;10017.0;0.0
spike_crash_volatile_s1;49100;INTARIAN_PEPPER_ROOT;11566;15;11564;17;;;11576;30;11579;16;;;11571.0;0.0
spike_crash_volatile_s1;49100;ASH_COATED_OSMIUM;10007;9;10003;22;;;10019;11;10022;14;;;10013.0;0.0
spike_crash_volatile_s1;49200;INTARIAN_PEPPER_ROOT;11563;13;11560;30;;;11579;12;11583;18;;;11571.0;0.0
spike_crash_volatile_s1;49200;ASH_COATED_OSMIUM;10011;9;10009;18;;;10021;6;10025;20;;;10016.0;0.0
spike_crash_volatile_s1;49300;INTARIAN_PEPPER_ROOT;11568;25;11564;8;;;11578;20;11581;16;;;11573.0;0.0
spike_crash_volatile_s1;49300;ASH_COATED_OSMIUM;10002;7;10000;12;;;10026;16;10030;25;;;10014.0;0.0
spike_crash_volatile_s1;49400;INTARIAN_PEPPER_ROOT;11566;18;11562;13;;;11574;20;11578;15;;;11570.0;0.0
spike_crash_volatile_s1;49400;ASH_COATED_OSMIUM;10010;17;10006;11;;;10022;5;10026;16;;;10016.0;0.0
spike_crash_volatile_s1;49500;INTARIAN_PEPPER_ROOT;11541;12;11539;20;;;11597;11;11600;23;;;11569.0;0.0
spike_crash_volatile_s1;49500;ASH_COATED_OSMIUM;10011;11;10009;14;;;10017;5;10021;13;;;10014.0;0.0
spike_crash_volatile_s1;49600;INTARIAN_PEPPER_ROOT;11568;11;11566;19;;;11574;23;11577;23;;;11571.0;0.0
spike_crash_volatile_s1;49600;ASH_COATED_OSMIUM;10008;12;10006;21;;;10030;15;10032;23;;;10019.0;0.0
spike_crash_volatile_s1;49700;INTARIAN_PEPPER_ROOT;11563;9;11560;26;;;11571;10;11574;16;;;11567.0;0.0
spike_crash_volatile_s1;49700;ASH_COATED_OSMIUM;10014;12;10011;19;;;10016;19;10018;23;;;10015.0;0.0
spike_crash_volatile_s1;49800;INTARIAN_PEPPER_ROOT;11554;22;11550;20;;;11574;14;11577;22;;;11564.0;0.0
spike_crash_volatile_s1;49800;ASH_COATED_OSMIUM;9995;7;9993;17;;;10043;13;10047;22;;;10019.0;0.0
spike_crash_volatile_s1;49900;INTARIAN_PEPPER_ROOT;11563;22;11559;23;;;11569;12;11571;14;;;11566.0;0.0
spike_crash_volatile_s1;49900;ASH_COATED_OSMIUM;10001;13;9999;8;;;10037;17;10039;15;;;10019.0;0.0
