day;timestamp;product;bid_price_1;bid_volume_1;bid_price_2;bid_volume_2;bid_price_3;bid_volume_3;ask_price_1;ask_volume_1;ask_price_2;ask_volume_2;ask_price_3;ask_volume_3;mid_price;profit_and_loss
bear_volatile_s2;0;INTARIAN_PEPPER_ROOT;12998;10;12995;16;;;13000;14;13004;22;;;12999.0;0.0
bear_volatile_s2;0;ASH_COATED_OSMIUM;9986;8;9984;13;;;10014;23;10017;23;;;10000.0;0.0
bear_volatile_s2;100;INTARIAN_PEPPER_ROOT;12997;13;12993;17;;;13001;5;13005;14;;;12999.0;0.0
bear_volatile_s2;100;ASH_COATED_OSMIUM;9993;20;9991;22;;;10001;8;10004;23;;;9997.0;0.0
bear_volatile_s2;200;INTARIAN_PEPPER_ROOT;12967;13;12963;19;;;13023;15;13026;27;;;12995.0;0.0
bear_volatile_s2;200;ASH_COATED_OSMIUM;9983;14;9981;16;;;10009;13;10012;23;;;9996.0;0.0
bear_volatile_s2;300;INTARIAN_PEPPER_ROOT;12996;5;12993;18;;;12998;16;13000;15;;;12997.0;0.0
bear_volatile_s2;300;ASH_COATED_OSMIUM;9987;5;9985;14;;;10003;7;10005;19;;;9995.0;0.0
bear_volatile_s2;400;INTARIAN_PEPPER_ROOT;12991;14;12988;18;;;12997;13;12999;18;;;12994.0;0.0
bear_volatile_s2;400;ASH_COATED_OSMIUM;9987;17;9983;18;;;10001;17;10005;19;;;9994.0;0.0
bear_volatile_s2;500;INTARIAN_PEPPER_ROOT;12977;12;12975;21;;;13009;13;13013;29;;;12993.0;0.0
bear_volatile_s2;500;ASH_COATED_OSMIUM;9976;14;9974;19;;;10000;24;10004;24;;;9988.0;0.0
bear_volatile_s2;600;INTARIAN_PEPPER_ROOT;12992;9;12990;22;;;12994;23;12997;22;;;12993.0;0.0
bear_volatile_s2;600;ASH_COATED_OSMIUM;9977;5;9973;21;;;10003;14;10005;23;;;9990.0;0.0
bear_volatile_s2;700;INTARIAN_PEPPER_ROOT;12985;6;12983;13;;;12997;6;13001;21;;;12991.0;0.0
bear_volatile_s2;700;ASH_COATED_OSMIUM;9966;17;9962;15;;;10010;17;10013;18;;;9988.0;0.0
bear_volatile_s2;800;INTARIAN_PEPPER_ROOT;12962;13;12960;20;;;13016;14;13019;23;;;12989.0;0.0
bear_volatile_s2;800;ASH_COATED_OSMIUM;9987;17;9985;17;;;9991;7;9994;14;;;9989.0;0.0
bear_volatile_s2;900;INTARIAN_PEPPER_ROOT;12979;16;12975;26;;;12997;15;13000;21;;;12988.0;0.0
bear_volatile_s2;900;ASH_COATED_OSMIUM;9973;17;9970;16;;;9997;21;10000;17;;;9985.0;0.0
bear_volatile_s2;1000;INTARIAN_PEPPER_ROOT;12980;16;12976;18;;;12994;20;12997;27;;;12987.0;0.0
bear_volatile_s2;1000;ASH_COATED_OSMIUM;9968;20;9965;15;;;9994;14;9996;13;;;9981.0;0.0
bear_volatile_s2;1100;INTARIAN_PEPPER_ROOT;12988;9;12985;18;;;12994;18;12997;26;;;12991.0;0.0
bear_volatile_s2;1100;ASH_COATED_OSMIUM;9962;22;9959;21;;;10002;15;10005;11;;;9982.0;0.0
bear_volatile_s2;1200;INTARIAN_PEPPER_ROOT;12987;12;12984;28;;;12997;13;12999;20;;;12992.0;0.0
bear_volatile_s2;1200;ASH_COATED_OSMIUM;9978;21;9976;23;;;9986;17;9988;17;;;9982.0;0.0
bear_volatile_s2;1300;INTARIAN_PEPPER_ROOT;12988;9;12984;23;;;12990;10;12993;20;;;12989.0;0.0
bear_volatile_s2;1300;ASH_COATED_OSMIUM;9982;22;9979;25;;;9984;13;9988;22;;;9983.0;0.0
bear_volatile_s2;1400;INTARIAN_PEPPER_ROOT;12983;14;12979;17;;;12995;12;12999;28;;;12989.0;0.0
bear_volatile_s2;1400;ASH_COATED_OSMIUM;9983;9;9981;8;;;9987;13;9989;13;;;9985.0;0.0
bear_volatile_s2;1500;INTARIAN_PEPPER_ROOT;12987;17;12983;25;;;12989;17;12992;18;;;12988.0;0.0
bear_volatile_s2;1500;ASH_COATED_OSMIUM;9980;17;9978;21;;;9982;11;9985;26;;;9981.0;0.0
bear_volatile_s2;1600;INTARIAN_PEPPER_ROOT;12977;17;12974;20;;;12999;8;13001;24;;;12988.0;0.0
bear_volatile_s2;1600;ASH_COATED_OSMIUM;9981;8;9978;22;;;9983;14;9985;25;;;9982.0;0.0
bear_volatile_s2;1700;INTARIAN_PEPPER_ROOT;12960;20;12956;14;;;13018;21;13020;15;;;12989.0;0.0
bear_volatile_s2;1700;ASH_COATED_OSMIUM;9978;9;9974;15;;;9988;12;9992;20;;;9983.0;0.0
bear_volatile_s2;1800;INTARIAN_PEPPER_ROOT;12979;25;12976;12;;;12997;22;13001;13;;;12988.0;0.0
bear_volatile_s2;1800;ASH_COATED_OSMIUM;9972;11;9968;14;;;9994;18;9997;21;;;9983.0;0.0
bear_volatile_s2;1900;INTARIAN_PEPPER_ROOT;12987;11;12983;15;;;12989;16;12991;20;;;12988.0;0.0
bear_volatile_s2;1900;ASH_COATED_OSMIUM;9974;13;9971;17;;;9994;18;9996;17;;;9984.0;0.0
bear_volatile_s2;2000;INTARIAN_PEPPER_ROOT;12983;15;12979;19;;;12989;19;12992;24;;;12986.0;0.0
bear_volatile_s2;2000;ASH_COATED_OSMIUM;9983;10;9979;26;;;9985;16;9989;13;;;9984.0;0.0
bear_volatile_s2;2100;INTARIAN_PEPPER_ROOT;12984;14;12982;26;;;12986;17;12989;20;;;12985.0;0.0
bear_volatile_s2;2100;ASH_COATED_OSMIUM;9971;21;9969;19;;;10001;13;10005;25;;;9986.0;0.0
bear_volatile_s2;2200;INTARIAN_PEPPER_ROOT;12976;17;12972;26;;;12996;11;12999;21;;;12986.0;0.0
bear_volatile_s2;2200;ASH_COATED_OSMIUM;9982;5;9978;21;;;9984;5;9986;16;;;9983.0;0.0
bear_volatile_s2;2300;INTARIAN_PEPPER_ROOT;12981;20;12979;25;;;12987;22;12989;18;;;12984.0;0.0
bear_volatile_s2;2300;ASH_COATED_OSMIUM;9979;9;9976;15;;;9981;18;9983;16;;;9980.0;0.0
bear_volatile_s2;2400;INTARIAN_PEPPER_ROOT;12981;10;12977;18;;;12983;21;12985;10;;;12982.0;0.0
bear_volatile_s2;2400;ASH_COATED_OSMIUM;9984;5;9981;26;;;9994;15;9996;15;;;9989.0;0.0
bear_volatile_s2;2500;INTARIAN_PEPPER_ROOT;12981;15;12978;20;;;12983;23;12987;24;;;12982.0;0.0
bear_volatile_s2;2500;ASH_COATED_OSMIUM;9949;10;9945;23;;;10021;16;10025;19;;;9985.0;0.0
bear_volatile_s2;2600;INTARIAN_PEPPER_ROOT;12980;16;12976;9;;;12982;13;12985;20;;;12981.0;0.0
bear_volatile_s2;2600;ASH_COATED_OSMIUM;9981;16;9977;15;;;9991;6;9995;19;;;9986.0;0.0
bear_volatile_s2;2700;INTARIAN_PEPPER_ROOT;12974;17;12971;15;;;12984;18;12986;18;;;12979.0;0.0
bear_volatile_s2;2700;ASH_COATED_OSMIUM;9981;19;9978;25;;;10001;17;10003;21;;;9991.0;0.0
bear_volatile_s2;2800;INTARIAN_PEPPER_ROOT;12976;13;12972;24;;;12978;22;12981;19;;;12977.0;0.0
bear_volatile_s2;2800;ASH_COATED_OSMIUM;9988;12;9985;21;;;9990;13;9994;23;;;9989.0;0.0
bear_volatile_s2;2900;INTARIAN_PEPPER_ROOT;12969;26;12965;35;;;12983;9;12987;18;;;12976.0;0.0
bear_volatile_s2;2900;ASH_COATED_OSMIUM;9982;22;9978;25;;;9998;8;10001;14;;;9990.0;0.0
bear_volatile_s2;3000;INTARIAN_PEPPER_ROOT;12970;21;12968;21;;;12980;18;12983;11;;;12975.0;0.0
bear_volatile_s2;3000;ASH_COATED_OSMIUM;9968;12;9964;18;;;10014;5;10016;19;;;9991.0;0.0
bear_volatile_s2;3100;INTARIAN_PEPPER_ROOT;12975;12;12972;12;;;12981;16;12983;26;;;12978.0;0.0
bear_volatile_s2;3100;ASH_COATED_OSMIUM;9969;17;9965;22;;;10015;14;10019;8;;;9992.0;0.0
bear_volatile_s2;3200;INTARIAN_PEPPER_ROOT;12969;5;12967;23;;;12981;11;12983;22;;;12975.0;0.0
bear_volatile_s2;3200;ASH_COATED_OSMIUM;9991;18;9987;15;;;9995;11;9997;22;;;9993.0;0.0
bear_volatile_s2;3300;INTARIAN_PEPPER_ROOT;12973;9;12969;21;;;12977;10;12980;20;;;12975.0;0.0
bear_volatile_s2;3300;ASH_COATED_OSMIUM;9999;6;9996;21;;;10001;16;10003;21;;;10000.0;0.0
bear_volatile_s2;3400;INTARIAN_PEPPER_ROOT;12972;5;12970;17;;;12976;21;12978;21;;;12974.0;0.0
bear_volatile_s2;3400;ASH_COATED_OSMIUM;9975;11;9973;19;;;10015;7;10018;24;;;9995.0;0.0
bear_volatile_s2;3500;INTARIAN_PEPPER_ROOT;12961;20;12958;20;;;12989;22;12992;22;;;12975.0;0.0
bear_volatile_s2;3500;ASH_COATED_OSMIUM;9993;19;9989;14;;;9995;13;9999;9;;;9994.0;0.0
bear_volatile_s2;3600;INTARIAN_PEPPER_ROOT;12972;16;12968;30;;;12982;19;12985;20;;;12977.0;0.0
bear_volatile_s2;3600;ASH_COATED_OSMIUM;9988;11;9984;28;;;10002;11;10005;20;;;9995.0;0.0
bear_volatile_s2;3700;INTARIAN_PEPPER_ROOT;12974;9;12970;22;;;12976;11;12979;24;;;12975.0;0.0
bear_volatile_s2;3700;ASH_COATED_OSMIUM;9976;5;9973;18;;;10010;15;10014;16;;;9993.0;0.0
bear_volatile_s2;3800;INTARIAN_PEPPER_ROOT;12939;18;12935;15;;;13009;9;13011;15;;;12974.0;0.0
bear_volatile_s2;3800;ASH_COATED_OSMIUM;9992;8;9989;26;;;9994;14;9996;15;;;9993.0;0.0
bear_volatile_s2;3900;INTARIAN_PEPPER_ROOT;12974;8;12972;34;;;12976;18;12980;19;;;12975.0;0.0
bear_volatile_s2;3900;ASH_COATED_OSMIUM;9988;19;9986;16;;;10006;16;10010;14;;;9997.0;0.0
bear_volatile_s2;4000;INTARIAN_PEPPER_ROOT;12973;11;12971;21;;;12975;10;12977;21;;;12974.0;0.0
bear_volatile_s2;4000;ASH_COATED_OSMIUM;9994;18;9991;21;;;10000;12;10002;18;;;9997.0;0.0
bear_volatile_s2;4100;INTARIAN_PEPPER_ROOT;12965;9;12961;21;;;12985;8;12987;27;;;12975.0;0.0
bear_volatile_s2;4100;ASH_COATED_OSMIUM;9987;19;9985;20;;;9997;20;10000;21;;;9992.0;0.0
bear_volatile_s2;4200;INTARIAN_PEPPER_ROOT;12971;19;12967;20;;;12975;8;12978;17;;;12973.0;0.0
bear_volatile_s2;4200;ASH_COATED_OSMIUM;9992;17;9990;21;;;9994;9;9996;23;;;9993.0;0.0
bear_volatile_s2;4300;INTARIAN_PEPPER_ROOT;12967;21;12965;22;;;12983;17;12985;17;;;12975.0;0.0
bear_volatile_s2;4300;ASH_COATED_OSMIUM;9987;12;9984;15;;;9993;13;9996;22;;;9990.0;0.0
bear_volatile_s2;4400;INTARIAN_PEPPER_ROOT;12960;9;12956;28;;;12994;19;12997;22;;;12977.0;0.0
bear_volatile_s2;4400;ASH_COATED_OSMIUM;9972;18;9968;15;;;10010;14;10014;22;;;9991.0;0.0
bear_volatile_s2;4500;INTARIAN_PEPPER_ROOT;12961;8;12958;18;;;12991;16;12993;22;;;12976.0;0.0
bear_volatile_s2;4500;ASH_COATED_OSMIUM;9981;15;9977;19;;;10001;20;10003;25;;;9991.0;0.0
bear_volatile_s2;4600;INTARIAN_PEPPER_ROOT;12962;19;12960;13;;;12990;15;12992;15;;;12976.0;0.0
bear_volatile_s2;4600;ASH_COATED_OSMIUM;9990;14;9987;21;;;9992;11;9994;23;;;9991.0;0.0
bear_volatile_s2;4700;INTARIAN_PEPPER_ROOT;12975;21;12972;21;;;12977;14;12980;23;;;12976.0;0.0
bear_volatile_s2;4700;ASH_COATED_OSMIUM;9970;13;9968;25;;;10020;16;10024;18;;;9995.0;0.0
bear_volatile_s2;4800;INTARIAN_PEPPER_ROOT;12969;22;12966;18;;;12979;15;12981;26;;;12974.0;0.0
bear_volatile_s2;4800;ASH_COATED_OSMIUM;9991;5;9988;18;;;9995;7;9999;8;;;9993.0;0.0
bear_volatile_s2;4900;INTARIAN_PEPPER_ROOT;12953;19;12951;23;;;12995;9;12999;11;;;12974.0;0.0
bear_volatile_s2;4900;ASH_COATED_OSMIUM;9986;14;9984;21;;;10004;18;10006;25;;;9995.0;0.0
bear_volatile_s2;5000;INTARIAN_PEPPER_ROOT;12969;16;12967;18;;;12981;11;12984;18;;;12975.0;0.0
bear_volatile_s2;5000;ASH_COATED_OSMIUM;9996;18;9993;23;;;10000;15;10002;22;;;9998.0;0.0
bear_volatile_s2;5100;INTARIAN_PEPPER_ROOT;12965;25;12962;18;;;12985;16;12988;19;;;12975.0;0.0
bear_volatile_s2;5100;ASH_COATED_OSMIUM;9984;10;9981;13;;;10016;21;10019;20;;;10000.0;0.0
bear_volatile_s2;5200;INTARIAN_PEPPER_ROOT;12972;7;12968;20;;;12976;13;12980;12;;;12974.0;0.0
bear_volatile_s2;5200;ASH_COATED_OSMIUM;9982;5;9978;13;;;10016;12;10018;16;;;9999.0;0.0
bear_volatile_s2;5300;INTARIAN_PEPPER_ROOT;12973;17;12970;26;;;12975;18;12977;16;;;12974.0;0.0
bear_volatile_s2;5300;ASH_COATED_OSMIUM;10000;7;9997;27;;;10002;11;10004;16;;;10001.0;0.0
bear_volatile_s2;5400;INTARIAN_PEPPER_ROOT;12967;10;12963;21;;;12981;10;12985;30;;;12974.0;0.0
bear_volatile_s2;5400;ASH_COATED_OSMIUM;10003;7;9999;28;;;10009;23;10011;16;;;10006.0;0.0
bear_volatile_s2;5500;INTARIAN_PEPPER_ROOT;12971;16;12968;31;;;12979;22;12981;25;;;12975.0;0.0
bear_volatile_s2;5500;ASH_COATED_OSMIUM;10004;13;10000;13;;;10006;14;10008;23;;;10005.0;0.0
bear_volatile_s2;5600;INTARIAN_PEPPER_ROOT;12963;16;12961;17;;;12985;16;12988;21;;;12974.0;0.0
bear_volatile_s2;5600;ASH_COATED_OSMIUM;10000;14;9998;24;;;10016;11;10019;20;;;10008.0;0.0
bear_volatile_s2;5700;INTARIAN_PEPPER_ROOT;12931;15;12928;18;;;13017;22;13021;23;;;12974.0;0.0
bear_volatile_s2;5700;ASH_COATED_OSMIUM;10007;11;10003;21;;;10009;5;10013;12;;;10008.0;0.0
bear_volatile_s2;5800;INTARIAN_PEPPER_ROOT;12970;18;12966;20;;;12978;8;12982;16;;;12974.0;0.0
bear_volatile_s2;5800;ASH_COATED_OSMIUM;10006;6;10002;20;;;10016;9;10018;19;;;10011.0;0.0
bear_volatile_s2;5900;INTARIAN_PEPPER_ROOT;12956;9;12952;8;;;12988;19;12990;12;;;12972.0;0.0
bear_volatile_s2;5900;ASH_COATED_OSMIUM;9995;9;9991;20;;;10017;25;10019;20;;;10006.0;0.0
bear_volatile_s2;6000;INTARIAN_PEPPER_ROOT;12967;23;12964;29;;;12973;15;12976;12;;;12970.0;0.0
bear_volatile_s2;6000;ASH_COATED_OSMIUM;9988;13;9985;22;;;10024;12;10027;15;;;10006.0;0.0
bear_volatile_s2;6100;INTARIAN_PEPPER_ROOT;12964;9;12962;19;;;12976;11;12980;24;;;12970.0;0.0
bear_volatile_s2;6100;ASH_COATED_OSMIUM;9999;14;9997;11;;;10005;5;10009;15;;;10002.0;0.0
bear_volatile_s2;6200;INTARIAN_PEPPER_ROOT;12969;17;12967;20;;;12971;13;12973;21;;;12970.0;0.0
bear_volatile_s2;6200;ASH_COATED_OSMIUM;9996;12;9993;26;;;10004;13;10008;21;;;10000.0;0.0
bear_volatile_s2;6300;INTARIAN_PEPPER_ROOT;12968;21;12964;24;;;12972;12;12974;22;;;12970.0;0.0
bear_volatile_s2;6300;ASH_COATED_OSMIUM;10000;29;9997;18;;;10004;7;10007;15;;;10002.0;0.0
bear_volatile_s2;6400;INTARIAN_PEPPER_ROOT;12965;11;12961;22;;;12967;9;12971;22;;;12966.0;0.0
bear_volatile_s2;6400;ASH_COATED_OSMIUM;9983;11;9981;16;;;10023;9;10027;19;;;10003.0;0.0
bear_volatile_s2;6500;INTARIAN_PEPPER_ROOT;12959;20;12957;19;;;12975;16;12978;13;;;12967.0;0.0
bear_volatile_s2;6500;ASH_COATED_OSMIUM;9987;12;9983;13;;;10021;12;10025;23;;;10004.0;0.0
bear_volatile_s2;6600;INTARIAN_PEPPER_ROOT;12963;16;12960;18;;;12967;25;12971;22;;;12965.0;0.0
bear_volatile_s2;6600;ASH_COATED_OSMIUM;9995;17;9992;19;;;10011;12;10015;27;;;10003.0;0.0
bear_volatile_s2;6700;INTARIAN_PEPPER_ROOT;12952;12;12950;24;;;12974;15;12977;12;;;12963.0;0.0
bear_volatile_s2;6700;ASH_COATED_OSMIUM;9997;13;9993;18;;;9999;7;10001;19;;;9998.0;0.0
bear_volatile_s2;6800;INTARIAN_PEPPER_ROOT;12955;17;12952;14;;;12971;18;12973;22;;;12963.0;0.0
bear_volatile_s2;6800;ASH_COATED_OSMIUM;9998;15;9996;20;;;10000;11;10003;26;;;9999.0;0.0
bear_volatile_s2;6900;INTARIAN_PEPPER_ROOT;12963;14;12961;22;;;12965;20;12968;22;;;12964.0;0.0
bear_volatile_s2;6900;ASH_COATED_OSMIUM;9987;8;9983;12;;;10011;14;10014;19;;;9999.0;0.0
bear_volatile_s2;7000;INTARIAN_PEPPER_ROOT;12955;21;12951;16;;;12969;22;12972;19;;;12962.0;0.0
bear_volatile_s2;7000;ASH_COATED_OSMIUM;9999;22;9997;21;;;10005;11;10007;20;;;10002.0;0.0
bear_volatile_s2;7100;INTARIAN_PEPPER_ROOT;12962;5;12960;14;;;12966;20;12969;13;;;12964.0;0.0
bear_volatile_s2;7100;ASH_COATED_OSMIUM;9989;11;9986;11;;;10009;16;10012;28;;;9999.0;0.0
bear_volatile_s2;7200;INTARIAN_PEPPER_ROOT;12961;11;12958;16;;;12963;15;12967;13;;;12962.0;0.0
bear_volatile_s2;7200;ASH_COATED_OSMIUM;9994;5;9992;18;;;10004;17;10008;14;;;9999.0;0.0
bear_volatile_s2;7300;INTARIAN_PEPPER_ROOT;12958;21;12955;22;;;12966;13;12969;26;;;12962.0;0.0
bear_volatile_s2;7300;ASH_COATED_OSMIUM;9990;14;9988;18;;;10010;12;10012;25;;;10000.0;0.0
bear_volatile_s2;7400;INTARIAN_PEPPER_ROOT;12952;9;12950;20;;;12970;22;12974;15;;;12961.0;0.0
bear_volatile_s2;7400;ASH_COATED_OSMIUM;9989;22;9985;24;;;10013;20;10015;28;;;10001.0;0.0
bear_volatile_s2;7500;INTARIAN_PEPPER_ROOT;12960;15;12957;26;;;12966;11;12968;11;;;12963.0;0.0
bear_volatile_s2;7500;ASH_COATED_OSMIUM;9999;17;9995;27;;;10001;8;10003;22;;;10000.0;0.0
bear_volatile_s2;7600;INTARIAN_PEPPER_ROOT;12956;25;12953;15;;;12960;9;12962;16;;;12958.0;0.0
bear_volatile_s2;7600;ASH_COATED_OSMIUM;9998;7;9994;9;;;10000;16;10002;23;;;9999.0;0.0
bear_volatile_s2;7700;INTARIAN_PEPPER_ROOT;12954;17;12950;14;;;12962;10;12966;25;;;12958.0;0.0
bear_volatile_s2;7700;ASH_COATED_OSMIUM;9995;10;9993;22;;;9999;9;10001;17;;;9997.0;0.0
bear_volatile_s2;7800;INTARIAN_PEPPER_ROOT;12952;19;12948;24;;;12964;8;12967;25;;;12958.0;0.0
bear_volatile_s2;7800;ASH_COATED_OSMIUM;9986;13;9982;21;;;10008;8;10010;12;;;9997.0;0.0
bear_volatile_s2;7900;INTARIAN_PEPPER_ROOT;12953;11;12949;11;;;12957;21;12961;27;;;12955.0;0.0
bear_volatile_s2;7900;ASH_COATED_OSMIUM;9994;10;9991;23;;;10008;18;10012;12;;;10001.0;0.0
bear_volatile_s2;8000;INTARIAN_PEPPER_ROOT;12949;12;12946;18;;;12961;16;12965;23;;;12955.0;0.0
bear_volatile_s2;8000;ASH_COATED_OSMIUM;9994;13;9991;17;;;10016;5;10020;19;;;10005.0;0.0
bear_volatile_s2;8100;INTARIAN_PEPPER_ROOT;12953;12;12951;15;;;12955;12;12959;26;;;12954.0;0.0
bear_volatile_s2;8100;ASH_COATED_OSMIUM;9999;12;9996;12;;;10003;8;10005;24;;;10001.0;0.0
bear_volatile_s2;8200;INTARIAN_PEPPER_ROOT;12952;13;12948;26;;;12958;22;12960;18;;;12955.0;0.0
bear_volatile_s2;8200;ASH_COATED_OSMIUM;9993;9;9990;27;;;10011;16;10015;19;;;10002.0;0.0
bear_volatile_s2;8300;INTARIAN_PEPPER_ROOT;12956;11;12953;14;;;12958;19;12960;20;;;12957.0;0.0
bear_volatile_s2;8300;ASH_COATED_OSMIUM;9998;8;9996;20;;;10014;9;10016;21;;;10006.0;0.0
bear_volatile_s2;8400;INTARIAN_PEPPER_ROOT;12939;12;12936;16;;;12973;14;12975;21;;;12956.0;0.0
bear_volatile_s2;8400;ASH_COATED_OSMIUM;10005;11;10001;25;;;10011;15;10014;14;;;10008.0;0.0
bear_volatile_s2;8500;INTARIAN_PEPPER_ROOT;12953;13;12949;18;;;12955;14;12957;20;;;12954.0;0.0
bear_volatile_s2;8500;ASH_COATED_OSMIUM;10007;13;10005;21;;;10009;9;10013;14;;;10008.0;0.0
bear_volatile_s2;8600;INTARIAN_PEPPER_ROOT;12953;5;12950;30;;;12957;15;12960;15;;;12955.0;0.0
bear_volatile_s2;8600;ASH_COATED_OSMIUM;10003;19;10001;9;;;10013;7;10015;22;;;10008.0;0.0
bear_volatile_s2;8700;INTARIAN_PEPPER_ROOT;12953;6;12949;26;;;12961;12;12965;12;;;12957.0;0.0
bear_volatile_s2;8700;ASH_COATED_OSMIUM;10007;6;10004;14;;;10017;10;10019;22;;;10012.0;0.0
bear_volatile_s2;8800;INTARIAN_PEPPER_ROOT;12953;21;12950;22;;;12959;14;12963;13;;;12956.0;0.0
bear_volatile_s2;8800;ASH_COATED_OSMIUM;10006;24;10002;19;;;10020;5;10022;26;;;10013.0;0.0
bear_volatile_s2;8900;INTARIAN_PEPPER_ROOT;12955;20;12953;18;;;12957;11;12959;30;;;12956.0;0.0
bear_volatile_s2;8900;ASH_COATED_OSMIUM;10008;16;10004;30;;;10014;12;10016;24;;;10011.0;0.0
bear_volatile_s2;9000;INTARIAN_PEPPER_ROOT;12955;12;12953;21;;;12957;12;12961;12;;;12956.0;0.0
bear_volatile_s2;9000;ASH_COATED_OSMIUM;10008;7;10004;18;;;10010;16;10012;20;;;10009.0;0.0
bear_volatile_s2;9100;INTARIAN_PEPPER_ROOT;12956;19;12954;24;;;12958;14;12961;17;;;12957.0;0.0
bear_volatile_s2;9100;ASH_COATED_OSMIUM;10004;13;10002;14;;;10008;18;10011;15;;;10006.0;0.0
bear_volatile_s2;9200;INTARIAN_PEPPER_ROOT;12941;17;12938;22;;;12973;10;12976;21;;;12957.0;0.0
bear_volatile_s2;9200;ASH_COATED_OSMIUM;9983;7;9979;18;;;10025;14;10027;22;;;10004.0;0.0
bear_volatile_s2;9300;INTARIAN_PEPPER_ROOT;12954;14;12952;16;;;12964;17;12968;28;;;12959.0;0.0
bear_volatile_s2;9300;ASH_COATED_OSMIUM;10002;5;9999;24;;;10008;17;10010;13;;;10005.0;0.0
bear_volatile_s2;9400;INTARIAN_PEPPER_ROOT;12950;12;12948;24;;;12962;13;12966;25;;;12956.0;0.0
bear_volatile_s2;9400;ASH_COATED_OSMIUM;9999;11;9996;15;;;10015;16;10017;18;;;10007.0;0.0
bear_volatile_s2;9500;INTARIAN_PEPPER_ROOT;12954;16;12951;22;;;12960;20;12963;17;;;12957.0;0.0
bear_volatile_s2;9500;ASH_COATED_OSMIUM;10007;16;10003;17;;;10013;17;10017;22;;;10010.0;0.0
bear_volatile_s2;9600;INTARIAN_PEPPER_ROOT;12956;19;12952;11;;;12958;8;12960;26;;;12957.0;0.0
bear_volatile_s2;9600;ASH_COATED_OSMIUM;10008;14;10005;26;;;10010;9;10014;14;;;10009.0;0.0
bear_volatile_s2;9700;INTARIAN_PEPPER_ROOT;12912;17;12909;17;;;13002;10;13006;25;;;12957.0;0.0
bear_volatile_s2;9700;ASH_COATED_OSMIUM;10000;16;9996;22;;;10002;8;10006;18;;;10001.0;0.0
bear_volatile_s2;9800;INTARIAN_PEPPER_ROOT;12957;14;12955;22;;;12959;18;12961;17;;;12958.0;0.0
bear_volatile_s2;9800;ASH_COATED_OSMIUM;10003;13;10000;14;;;10011;13;10013;24;;;10007.0;0.0
bear_volatile_s2;9900;INTARIAN_PEPPER_ROOT;12952;18;12950;28;;;12956;16;12958;10;;;12954.0;0.0
bear_volatile_s2;9900;ASH_COATED_OSMIUM;10004;19;10000;22;;;10006;8;10010;17;;;10005.0;0.0
bear_volatile_s2;10000;INTARIAN_PEPPER_ROOT;12939;12;12936;20;;;12971;13;12973;24;;;12955.0;0.0
bear_volatile_s2;10000;ASH_COATED_OSMIUM;10002;27;9999;13;;;10008;10;10010;22;;;10005.0;0.0
bear_volatile_s2;10100;INTARIAN_PEPPER_ROOT;12947;14;12943;20;;;12965;7;12969;28;;;12956.0;0.0
bear_volatile_s2;10100;ASH_COATED_OSMIUM;9998;5;9995;12;;;10012;17;10016;21;;;10005.0;0.0
bear_volatile_s2;10200;INTARIAN_PEPPER_ROOT;12952;13;12948;22;;;12956;15;12960;14;;;12954.0;0.0
bear_volatile_s2;10200;ASH_COATED_OSMIUM;10006;23;10003;21;;;10016;14;10019;15;;;10011.0;0.0
bear_volatile_s2;10300;INTARIAN_PEPPER_ROOT;12953;10;12950;31;;;12955;22;12959;12;;;12954.0;0.0
bear_volatile_s2;10300;ASH_COATED_OSMIUM;10004;20;10002;13;;;10024;5;10026;21;;;10014.0;0.0
bear_volatile_s2;10400;INTARIAN_PEPPER_ROOT;12950;12;12947;20;;;12958;18;12961;22;;;12954.0;0.0
bear_volatile_s2;10400;ASH_COATED_OSMIUM;10002;13;10000;25;;;10030;15;10034;25;;;10016.0;0.0
bear_volatile_s2;10500;INTARIAN_PEPPER_ROOT;12951;22;12949;22;;;12963;15;12967;8;;;12957.0;0.0
bear_volatile_s2;10500;ASH_COATED_OSMIUM;10008;9;10005;24;;;10020;5;10024;21;;;10014.0;0.0
bear_volatile_s2;10600;INTARIAN_PEPPER_ROOT;12959;12;12956;19;;;12961;17;12965;25;;;12960.0;0.0
bear_volatile_s2;10600;ASH_COATED_OSMIUM;10003;9;10001;18;;;10019;14;10021;8;;;10011.0;0.0
bear_volatile_s2;10700;INTARIAN_PEPPER_ROOT;12959;15;12956;12;;;12961;8;12964;16;;;12960.0;0.0
bear_volatile_s2;10700;ASH_COATED_OSMIUM;9986;12;9983;16;;;10026;15;10030;22;;;10006.0;0.0
bear_volatile_s2;10800;INTARIAN_PEPPER_ROOT;12955;15;12952;11;;;12963;17;12965;15;;;12959.0;0.0
bear_volatile_s2;10800;ASH_COATED_OSMIUM;10000;23;9996;16;;;10004;9;10008;21;;;10002.0;0.0
bear_volatile_s2;10900;INTARIAN_PEPPER_ROOT;12954;20;12950;23;;;12960;14;12964;14;;;12957.0;0.0
bear_volatile_s2;10900;ASH_COATED_OSMIUM;10000;14;9998;14;;;10006;13;10009;15;;;10003.0;0.0
bear_volatile_s2;11000;INTARIAN_PEPPER_ROOT;12942;18;12939;21;;;12970;20;12972;20;;;12956.0;0.0
bear_volatile_s2;11000;ASH_COATED_OSMIUM;9962;9;9960;14;;;10048;5;10051;20;;;10005.0;0.0
bear_volatile_s2;11100;INTARIAN_PEPPER_ROOT;12947;13;12945;18;;;12963;7;12966;26;;;12955.0;0.0
bear_volatile_s2;11100;ASH_COATED_OSMIUM;9986;13;9982;9;;;10018;7;10022;21;;;10002.0;0.0
bear_volatile_s2;11200;INTARIAN_PEPPER_ROOT;12947;12;12943;22;;;12961;17;12964;23;;;12954.0;0.0
bear_volatile_s2;11200;ASH_COATED_OSMIUM;10002;8;9998;20;;;10012;5;10015;29;;;10007.0;0.0
bear_volatile_s2;11300;INTARIAN_PEPPER_ROOT;12948;11;12946;30;;;12956;6;12959;26;;;12952.0;0.0
bear_volatile_s2;11300;ASH_COATED_OSMIUM;10007;6;10003;24;;;10009;13;10011;19;;;10008.0;0.0
bear_volatile_s2;11400;INTARIAN_PEPPER_ROOT;12951;13;12947;19;;;12953;17;12955;17;;;12952.0;0.0
bear_volatile_s2;11400;ASH_COATED_OSMIUM;10009;10;10006;23;;;10011;11;10013;15;;;10010.0;0.0
bear_volatile_s2;11500;INTARIAN_PEPPER_ROOT;12939;17;12935;21;;;12963;15;12967;25;;;12951.0;0.0
bear_volatile_s2;11500;ASH_COATED_OSMIUM;10005;20;10001;24;;;10021;12;10023;12;;;10013.0;0.0
bear_volatile_s2;11600;INTARIAN_PEPPER_ROOT;12925;9;12921;22;;;12973;17;12977;16;;;12949.0;0.0
bear_volatile_s2;11600;ASH_COATED_OSMIUM;10000;15;9997;16;;;10028;5;10031;19;;;10014.0;0.0
bear_volatile_s2;11700;INTARIAN_PEPPER_ROOT;12930;8;12927;25;;;12966;9;12969;19;;;12948.0;0.0
bear_volatile_s2;11700;ASH_COATED_OSMIUM;10015;11;10011;28;;;10025;21;10028;23;;;10020.0;0.0
bear_volatile_s2;11800;INTARIAN_PEPPER_ROOT;12944;24;12941;19;;;12958;14;12961;18;;;12951.0;0.0
bear_volatile_s2;11800;ASH_COATED_OSMIUM;10010;8;10007;24;;;10024;12;10026;11;;;10017.0;0.0
bear_volatile_s2;11900;INTARIAN_PEPPER_ROOT;12939;16;12936;18;;;12957;12;12960;22;;;12948.0;0.0
bear_volatile_s2;11900;ASH_COATED_OSMIUM;10014;17;10012;19;;;10024;6;10026;16;;;10019.0;0.0
bear_volatile_s2;12000;INTARIAN_PEPPER_ROOT;12946;12;12944;35;;;12948;10;12952;21;;;12947.0;0.0
bear_volatile_s2;12000;ASH_COATED_OSMIUM;10016;14;10014;19;;;10024;9;10026;24;;;10020.0;0.0
bear_volatile_s2;12100;INTARIAN_PEPPER_ROOT;12947;18;12945;23;;;12949;16;12953;22;;;12948.0;0.0
bear_volatile_s2;12100;ASH_COATED_OSMIUM;10018;10;10015;24;;;10020;16;10024;21;;;10019.0;0.0
bear_volatile_s2;12200;INTARIAN_PEPPER_ROOT;12940;5;12938;26;;;12954;5;12958;18;;;12947.0;0.0
bear_volatile_s2;12200;ASH_COATED_OSMIUM;10021;16;10019;13;;;10023;12;10027;20;;;10022.0;0.0
bear_volatile_s2;12300;INTARIAN_PEPPER_ROOT;12945;19;12943;26;;;12947;13;12950;22;;;12946.0;0.0
bear_volatile_s2;12300;ASH_COATED_OSMIUM;10015;14;10013;16;;;10019;10;10023;24;;;10017.0;0.0
bear_volatile_s2;12400;INTARIAN_PEPPER_ROOT;12945;18;12942;26;;;12949;13;12951;19;;;12947.0;0.0
bear_volatile_s2;12400;ASH_COATED_OSMIUM;10011;6;10009;20;;;10023;5;10026;23;;;10017.0;0.0
bear_volatile_s2;12500;INTARIAN_PEPPER_ROOT;12948;7;12945;21;;;12950;7;12952;27;;;12949.0;0.0
bear_volatile_s2;12500;ASH_COATED_OSMIUM;9999;14;9997;27;;;10031;8;10035;23;;;10015.0;0.0
bear_volatile_s2;12600;INTARIAN_PEPPER_ROOT;12935;12;12933;12;;;12965;19;12968;22;;;12950.0;0.0
bear_volatile_s2;12600;ASH_COATED_OSMIUM;9991;14;9987;17;;;10039;6;10042;25;;;10015.0;0.0
bear_volatile_s2;12700;INTARIAN_PEPPER_ROOT;12945;11;12943;22;;;12953;5;12957;18;;;12949.0;0.0
bear_volatile_s2;12700;ASH_COATED_OSMIUM;10010;5;10007;34;;;10016;19;10018;22;;;10013.0;0.0
bear_volatile_s2;12800;INTARIAN_PEPPER_ROOT;12942;12;12938;14;;;12956;21;12960;20;;;12949.0;0.0
bear_volatile_s2;12800;ASH_COATED_OSMIUM;10017;13;10014;14;;;10019;15;10023;25;;;10018.0;0.0
bear_volatile_s2;12900;INTARIAN_PEPPER_ROOT;12942;11;12938;21;;;12952;18;12956;20;;;12947.0;0.0
bear_volatile_s2;12900;ASH_COATED_OSMIUM;10013;12;10011;31;;;10021;17;10023;21;;;10017.0;0.0
bear_volatile_s2;13000;INTARIAN_PEPPER_ROOT;12929;14;12925;22;;;12963;14;12967;18;;;12946.0;0.0
bear_volatile_s2;13000;ASH_COATED_OSMIUM;10014;5;10011;22;;;10016;5;10018;20;;;10015.0;0.0
bear_volatile_s2;13100;INTARIAN_PEPPER_ROOT;12944;14;12942;22;;;12946;23;12949;8;;;12945.0;0.0
bear_volatile_s2;13100;ASH_COATED_OSMIUM;10014;12;10012;11;;;10026;15;10028;15;;;10020.0;0.0
bear_volatile_s2;13200;INTARIAN_PEPPER_ROOT;12939;15;12937;20;;;12949;17;12952;21;;;12944.0;0.0
bear_volatile_s2;13200;ASH_COATED_OSMIUM;10014;11;10010;24;;;10018;5;10022;17;;;10016.0;0.0
bear_volatile_s2;13300;INTARIAN_PEPPER_ROOT;12941;19;12937;12;;;12947;18;12949;23;;;12944.0;0.0
bear_volatile_s2;13300;ASH_COATED_OSMIUM;10006;13;10002;18;;;10008;11;10011;16;;;10007.0;0.0
bear_volatile_s2;13400;INTARIAN_PEPPER_ROOT;12937;17;12935;27;;;12949;19;12953;22;;;12943.0;0.0
bear_volatile_s2;13400;ASH_COATED_OSMIUM;10008;11;10006;19;;;10010;10;10014;18;;;10009.0;0.0
bear_volatile_s2;13500;INTARIAN_PEPPER_ROOT;12932;16;12930;8;;;12956;10;12960;13;;;12944.0;0.0
bear_volatile_s2;13500;ASH_COATED_OSMIUM;10002;19;9999;17;;;10008;8;10010;12;;;10005.0;0.0
bear_volatile_s2;13600;INTARIAN_PEPPER_ROOT;12941;17;12937;11;;;12943;5;12946;21;;;12942.0;0.0
bear_volatile_s2;13600;ASH_COATED_OSMIUM;9977;14;9975;13;;;10031;13;10033;25;;;10004.0;0.0
bear_volatile_s2;13700;INTARIAN_PEPPER_ROOT;12939;11;12937;17;;;12945;19;12948;20;;;12942.0;0.0
bear_volatile_s2;13700;ASH_COATED_OSMIUM;9999;18;9997;20;;;10009;8;10011;22;;;10004.0;0.0
bear_volatile_s2;13800;INTARIAN_PEPPER_ROOT;12941;5;12938;21;;;12945;18;12949;26;;;12943.0;0.0
bear_volatile_s2;13800;ASH_COATED_OSMIUM;9993;17;9990;27;;;10009;7;10012;18;;;10001.0;0.0
bear_volatile_s2;13900;INTARIAN_PEPPER_ROOT;12935;10;12931;25;;;12953;22;12956;21;;;12944.0;0.0
bear_volatile_s2;13900;ASH_COATED_OSMIUM;9999;8;9996;25;;;10005;14;10009;12;;;10002.0;0.0
bear_volatile_s2;14000;INTARIAN_PEPPER_ROOT;12939;18;12937;20;;;12941;9;12944;21;;;12940.0;0.0
bear_volatile_s2;14000;ASH_COATED_OSMIUM;9978;14;9974;12;;;10028;6;10031;8;;;10003.0;0.0
bear_volatile_s2;14100;INTARIAN_PEPPER_ROOT;12928;17;12924;21;;;12952;19;12955;10;;;12940.0;0.0
bear_volatile_s2;14100;ASH_COATED_OSMIUM;10004;10;10002;15;;;10006;16;10010;16;;;10005.0;0.0
bear_volatile_s2;14200;INTARIAN_PEPPER_ROOT;12937;19;12933;17;;;12939;13;12942;29;;;12938.0;0.0
bear_volatile_s2;14200;ASH_COATED_OSMIUM;9987;14;9985;18;;;10015;15;10017;21;;;10001.0;0.0
bear_volatile_s2;14300;INTARIAN_PEPPER_ROOT;12931;16;12927;19;;;12937;7;12939;16;;;12934.0;0.0
bear_volatile_s2;14300;ASH_COATED_OSMIUM;9998;11;9996;8;;;10014;21;10017;13;;;10006.0;0.0
bear_volatile_s2;14400;INTARIAN_PEPPER_ROOT;12928;13;12926;25;;;12950;18;12954;10;;;12939.0;0.0
bear_volatile_s2;14400;ASH_COATED_OSMIUM;10009;8;10005;25;;;10011;13;10013;16;;;10010.0;0.0
bear_volatile_s2;14500;INTARIAN_PEPPER_ROOT;12936;15;12932;17;;;12942;11;12946;14;;;12939.0;0.0
bear_volatile_s2;14500;ASH_COATED_OSMIUM;10000;14;9997;21;;;10012;14;10016;30;;;10006.0;0.0
bear_volatile_s2;14600;INTARIAN_PEPPER_ROOT;12936;16;12932;24;;;12950;15;12952;17;;;12943.0;0.0
bear_volatile_s2;14600;ASH_COATED_OSMIUM;10010;8;10007;20;;;10012;15;10016;21;;;10011.0;0.0
bear_volatile_s2;14700;INTARIAN_PEPPER_ROOT;12934;15;12932;20;;;12950;8;12953;20;;;12942.0;0.0
bear_volatile_s2;14700;ASH_COATED_OSMIUM;10007;8;10005;21;;;10021;17;10025;21;;;10014.0;0.0
bear_volatile_s2;14800;INTARIAN_PEPPER_ROOT;12933;14;12929;18;;;12953;16;12956;19;;;12943.0;0.0
bear_volatile_s2;14800;ASH_COATED_OSMIUM;10006;8;10004;25;;;10016;13;10019;10;;;10011.0;0.0
bear_volatile_s2;14900;INTARIAN_PEPPER_ROOT;12942;16;12939;20;;;12944;16;12946;26;;;12943.0;0.0
bear_volatile_s2;14900;ASH_COATED_OSMIUM;10002;10;9999;16;;;10024;13;10027;18;;;10013.0;0.0
bear_volatile_s2;15000;INTARIAN_PEPPER_ROOT;12942;13;12939;18;;;12946;18;12950;22;;;12944.0;0.0
bear_volatile_s2;15000;ASH_COATED_OSMIUM;10006;12;10002;18;;;10012;5;10016;18;;;10009.0;0.0
bear_volatile_s2;15100;INTARIAN_PEPPER_ROOT;12942;7;12940;14;;;12946;18;12949;18;;;12944.0;0.0
bear_volatile_s2;15100;ASH_COATED_OSMIUM;10001;13;9999;29;;;10023;9;10027;17;;;10012.0;0.0
bear_volatile_s2;15200;INTARIAN_PEPPER_ROOT;12912;21;12908;21;;;12972;13;12975;8;;;12942.0;0.0
bear_volatile_s2;15200;ASH_COATED_OSMIUM;10011;21;10007;17;;;10013;15;10017;17;;;10012.0;0.0
bear_volatile_s2;15300;INTARIAN_PEPPER_ROOT;12938;18;12934;26;;;12940;11;12944;15;;;12939.0;0.0
bear_volatile_s2;15300;ASH_COATED_OSMIUM;10004;9;10001;25;;;10020;13;10022;19;;;10012.0;0.0
bear_volatile_s2;15400;INTARIAN_PEPPER_ROOT;12929;15;12925;17;;;12951;5;12955;11;;;12940.0;0.0
bear_volatile_s2;15400;ASH_COATED_OSMIUM;9992;6;9989;20;;;10026;25;10030;15;;;10009.0;0.0
bear_volatile_s2;15500;INTARIAN_PEPPER_ROOT;12939;15;12936;12;;;12941;13;12943;19;;;12940.0;0.0
bear_volatile_s2;15500;ASH_COATED_OSMIUM;9990;23;9987;21;;;10018;8;10022;16;;;10004.0;0.0
bear_volatile_s2;15600;INTARIAN_PEPPER_ROOT;12940;16;12936;16;;;12944;22;12948;14;;;12942.0;0.0
bear_volatile_s2;15600;ASH_COATED_OSMIUM;9994;11;9992;14;;;10010;5;10014;21;;;10002.0;0.0
bear_volatile_s2;15700;INTARIAN_PEPPER_ROOT;12930;15;12927;20;;;12952;8;12956;11;;;12941.0;0.0
bear_volatile_s2;15700;ASH_COATED_OSMIUM;9989;21;9987;23;;;10023;5;10025;16;;;10006.0;0.0
bear_volatile_s2;15800;INTARIAN_PEPPER_ROOT;12943;14;12940;29;;;12945;18;12947;23;;;12944.0;0.0
bear_volatile_s2;15800;ASH_COATED_OSMIUM;10001;13;9999;17;;;10013;5;10016;28;;;10007.0;0.0
bear_volatile_s2;15900;INTARIAN_PEPPER_ROOT;12941;16;12939;21;;;12943;17;12945;19;;;12942.0;0.0
bear_volatile_s2;15900;ASH_COATED_OSMIUM;10001;8;9998;12;;;10003;19;10005;16;;;10002.0;0.0
bear_volatile_s2;16000;INTARIAN_PEPPER_ROOT;12939;16;12936;24;;;12941;16;12944;22;;;12940.0;0.0
bear_volatile_s2;16000;ASH_COATED_OSMIUM;10000;11;9997;19;;;10010;10;10013;14;;;10005.0;0.0
bear_volatile_s2;16100;INTARIAN_PEPPER_ROOT;12940;21;12938;16;;;12944;20;12946;16;;;12942.0;0.0
bear_volatile_s2;16100;ASH_COATED_OSMIUM;9995;18;9991;20;;;10011;12;10015;18;;;10003.0;0.0
bear_volatile_s2;16200;INTARIAN_PEPPER_ROOT;12929;8;12926;21;;;12951;7;12955;23;;;12940.0;0.0
bear_volatile_s2;16200;ASH_COATED_OSMIUM;9971;9;9968;23;;;10033;11;10037;21;;;10002.0;0.0
bear_volatile_s2;16300;INTARIAN_PEPPER_ROOT;12936;12;12934;24;;;12940;20;12942;11;;;12938.0;0.0
bear_volatile_s2;16300;ASH_COATED_OSMIUM;10000;10;9996;27;;;10002;11;10006;19;;;10001.0;0.0
bear_volatile_s2;16400;INTARIAN_PEPPER_ROOT;12921;14;12919;22;;;12955;14;12957;24;;;12938.0;0.0
bear_volatile_s2;16400;ASH_COATED_OSMIUM;9976;7;9972;24;;;10018;5;10020;28;;;9997.0;0.0
bear_volatile_s2;16500;INTARIAN_PEPPER_ROOT;12935;12;12932;10;;;12943;18;12945;11;;;12939.0;0.0
bear_volatile_s2;16500;ASH_COATED_OSMIUM;9997;5;9995;24;;;9999;11;10001;21;;;9998.0;0.0
bear_volatile_s2;16600;INTARIAN_PEPPER_ROOT;12935;6;12931;18;;;12941;19;12943;19;;;12938.0;0.0
bear_volatile_s2;16600;ASH_COATED_OSMIUM;9984;6;9980;24;;;10018;21;10022;17;;;10001.0;0.0
bear_volatile_s2;16700;INTARIAN_PEPPER_ROOT;12932;21;12928;25;;;12946;10;12950;24;;;12939.0;0.0
bear_volatile_s2;16700;ASH_COATED_OSMIUM;10006;12;10002;21;;;10008;13;10010;17;;;10007.0;0.0
bear_volatile_s2;16800;INTARIAN_PEPPER_ROOT;12942;6;12940;21;;;12948;19;12950;21;;;12945.0;0.0
bear_volatile_s2;16800;ASH_COATED_OSMIUM;9999;15;9997;14;;;10019;19;10023;28;;;10009.0;0.0
bear_volatile_s2;16900;INTARIAN_PEPPER_ROOT;12936;5;12934;22;;;12956;14;12958;14;;;12946.0;0.0
bear_volatile_s2;16900;ASH_COATED_OSMIUM;10012;6;10009;21;;;10014;12;10018;19;;;10013.0;0.0
bear_volatile_s2;17000;INTARIAN_PEPPER_ROOT;12914;9;12912;20;;;12982;13;12985;21;;;12948.0;0.0
bear_volatile_s2;17000;ASH_COATED_OSMIUM;10008;12;10006;12;;;10026;18;10030;22;;;10017.0;0.0
bear_volatile_s2;17100;INTARIAN_PEPPER_ROOT;12943;20;12941;34;;;12947;12;12949;16;;;12945.0;0.0
bear_volatile_s2;17100;ASH_COATED_OSMIUM;10007;15;10003;18;;;10031;14;10033;11;;;10019.0;0.0
bear_volatile_s2;17200;INTARIAN_PEPPER_ROOT;12941;5;12938;24;;;12949;27;12952;25;;;12945.0;0.0
bear_volatile_s2;17200;ASH_COATED_OSMIUM;10017;8;10013;22;;;10019;14;10022;15;;;10018.0;0.0
bear_volatile_s2;17300;INTARIAN_PEPPER_ROOT;12943;9;12941;22;;;12947;20;12950;9;;;12945.0;0.0
bear_volatile_s2;17300;ASH_COATED_OSMIUM;9999;15;9996;21;;;10029;10;10032;18;;;10014.0;0.0
bear_volatile_s2;17400;INTARIAN_PEPPER_ROOT;12944;18;12940;20;;;12946;26;12949;18;;;12945.0;0.0
bear_volatile_s2;17400;ASH_COATED_OSMIUM;9998;19;9996;27;;;10024;16;10027;15;;;10011.0;0.0
bear_volatile_s2;17500;INTARIAN_PEPPER_ROOT;12940;17;12937;25;;;12948;6;12950;11;;;12944.0;0.0
bear_volatile_s2;17500;ASH_COATED_OSMIUM;9982;16;9980;17;;;10038;16;10042;26;;;10010.0;0.0
bear_volatile_s2;17600;INTARIAN_PEPPER_ROOT;12941;9;12938;15;;;12947;15;12951;24;;;12944.0;0.0
bear_volatile_s2;17600;ASH_COATED_OSMIUM;10012;15;10010;19;;;10014;23;10016;17;;;10013.0;0.0
bear_volatile_s2;17700;INTARIAN_PEPPER_ROOT;12934;13;12930;20;;;12952;5;12955;10;;;12943.0;0.0
bear_volatile_s2;17700;ASH_COATED_OSMIUM;10009;14;10007;15;;;10011;10;10013;19;;;10010.0;0.0
bear_volatile_s2;17800;INTARIAN_PEPPER_ROOT;12936;19;12933;20;;;12948;7;12950;17;;;12942.0;0.0
bear_volatile_s2;17800;ASH_COATED_OSMIUM;10004;13;10000;20;;;10008;14;10011;22;;;10006.0;0.0
bear_volatile_s2;17900;INTARIAN_PEPPER_ROOT;12941;12;12938;23;;;12945;13;12949;26;;;12943.0;0.0
bear_volatile_s2;17900;ASH_COATED_OSMIUM;9995;12;9991;22;;;10015;20;10019;21;;;10005.0;0.0
bear_volatile_s2;18000;INTARIAN_PEPPER_ROOT;12939;16;12935;15;;;12951;10;12954;19;;;12945.0;0.0
bear_volatile_s2;18000;ASH_COATED_OSMIUM;10001;5;9998;15;;;10011;19;10014;21;;;10006.0;0.0
bear_volatile_s2;18100;INTARIAN_PEPPER_ROOT;12931;13;12929;19;;;12959;21;12961;22;;;12945.0;0.0
bear_volatile_s2;18100;ASH_COATED_OSMIUM;10004;13;10000;14;;;10006;9;10010;18;;;10005.0;0.0
bear_volatile_s2;18200;INTARIAN_PEPPER_ROOT;12938;17;12934;21;;;12950;17;12953;9;;;12944.0;0.0
bear_volatile_s2;18200;ASH_COATED_OSMIUM;9990;17;9988;10;;;10022;14;10026;18;;;10006.0;0.0
bear_volatile_s2;18300;INTARIAN_PEPPER_ROOT;12940;8;12938;19;;;12948;14;12950;18;;;12944.0;0.0
bear_volatile_s2;18300;ASH_COATED_OSMIUM;10008;16;10006;25;;;10010;9;10012;27;;;10009.0;0.0
bear_volatile_s2;18400;INTARIAN_PEPPER_ROOT;12931;7;12929;11;;;12961;16;12965;20;;;12946.0;0.0
bear_volatile_s2;18400;ASH_COATED_OSMIUM;9998;9;9994;25;;;10020;6;10024;24;;;10009.0;0.0
bear_volatile_s2;18500;INTARIAN_PEPPER_ROOT;12914;11;12912;30;;;12978;22;12982;14;;;12946.0;0.0
bear_volatile_s2;18500;ASH_COATED_OSMIUM;10007;14;10003;22;;;10009;8;10011;28;;;10008.0;0.0
bear_volatile_s2;18600;INTARIAN_PEPPER_ROOT;12935;24;12931;17;;;12951;18;12955;21;;;12943.0;0.0
bear_volatile_s2;18600;ASH_COATED_OSMIUM;10000;5;9996;14;;;10006;8;10009;14;;;10003.0;0.0
bear_volatile_s2;18700;INTARIAN_PEPPER_ROOT;12938;17;12936;26;;;12948;15;12951;29;;;12943.0;0.0
bear_volatile_s2;18700;ASH_COATED_OSMIUM;10000;12;9998;18;;;10008;13;10012;26;;;10004.0;0.0
bear_volatile_s2;18800;INTARIAN_PEPPER_ROOT;12939;16;12936;18;;;12947;13;12950;20;;;12943.0;0.0
bear_volatile_s2;18800;ASH_COATED_OSMIUM;9999;14;9996;20;;;10009;10;10013;27;;;10004.0;0.0
bear_volatile_s2;18900;INTARIAN_PEPPER_ROOT;12928;18;12925;15;;;12958;8;12960;26;;;12943.0;0.0
bear_volatile_s2;18900;ASH_COATED_OSMIUM;9992;16;9990;26;;;10020;18;10022;19;;;10006.0;0.0
bear_volatile_s2;19000;INTARIAN_PEPPER_ROOT;12938;19;12936;24;;;12952;18;12954;27;;;12945.0;0.0
bear_volatile_s2;19000;ASH_COATED_OSMIUM;9993;13;9989;17;;;10007;18;10011;19;;;10000.0;0.0
bear_volatile_s2;19100;INTARIAN_PEPPER_ROOT;12944;12;12941;26;;;12948;17;12952;12;;;12946.0;0.0
bear_volatile_s2;19100;ASH_COATED_OSMIUM;9989;14;9986;15;;;10019;19;10022;14;;;10004.0;0.0
bear_volatile_s2;19200;INTARIAN_PEPPER_ROOT;12943;18;12939;25;;;12945;17;12948;17;;;12944.0;0.0
bear_volatile_s2;19200;ASH_COATED_OSMIUM;10000;20;9998;24;;;10010;18;10012;19;;;10005.0;0.0
bear_volatile_s2;19300;INTARIAN_PEPPER_ROOT;12939;9;12935;20;;;12945;14;12948;21;;;12942.0;0.0
bear_volatile_s2;19300;ASH_COATED_OSMIUM;9999;19;9997;20;;;10001;16;10004;15;;;10000.0;0.0
bear_volatile_s2;19400;INTARIAN_PEPPER_ROOT;12939;9;12936;23;;;12943;26;12946;29;;;12941.0;0.0
bear_volatile_s2;19400;ASH_COATED_OSMIUM;9988;10;9985;23;;;10016;11;10020;11;;;10002.0;0.0
bear_volatile_s2;19500;INTARIAN_PEPPER_ROOT;12940;16;12937;21;;;12946;12;12950;23;;;12943.0;0.0
bear_volatile_s2;19500;ASH_COATED_OSMIUM;9990;7;9987;16;;;10018;24;10021;18;;;10004.0;0.0
bear_volatile_s2;19600;INTARIAN_PEPPER_ROOT;12934;13;12931;17;;;12950;21;12953;18;;;12942.0;0.0
bear_volatile_s2;19600;ASH_COATED_OSMIUM;10004;5;10001;15;;;10008;21;10010;17;;;10006.0;0.0
bear_volatile_s2;19700;INTARIAN_PEPPER_ROOT;12940;19;12936;22;;;12946;18;12950;18;;;12943.0;0.0
bear_volatile_s2;19700;ASH_COATED_OSMIUM;9987;11;9983;23;;;10025;16;10027;28;;;10006.0;0.0
bear_volatile_s2;19800;INTARIAN_PEPPER_ROOT;12941;9;12939;22;;;12947;13;12950;19;;;12944.0;0.0
bear_volatile_s2;19800;ASH_COATED_OSMIUM;9991;11;9988;23;;;10007;15;10010;21;;;9999.0;0.0
bear_volatile_s2;19900;INTARIAN_PEPPER_ROOT;12929;25;12925;23;;;12957;5;12960;12;;;12943.0;0.0
bear_volatile_s2;19900;ASH_COATED_OSMIUM;9996;22;9994;25;;;9998;12;10000;22;;;9997.0;0.0
bear_volatile_s2;20000;INTARIAN_PEPPER_ROOT;12939;17;12937;21;;;12943;11;12947;24;;;12941.0;0.0
bear_volatile_s2;20000;ASH_COATED_OSMIUM;9992;5;9990;20;;;9994;17;9997;26;;;9993.0;0.0
bear_volatile_s2;20100;INTARIAN_PEPPER_ROOT;12939;18;12937;18;;;12941;15;12945;13;;;12940.0;0.0
bear_volatile_s2;20100;ASH_COATED_OSMIUM;9991;12;9987;18;;;9993;16;9997;15;;;9992.0;0.0
bear_volatile_s2;20200;INTARIAN_PEPPER_ROOT;12922;8;12919;13;;;12958;15;12961;15;;;12940.0;0.0
bear_volatile_s2;20200;ASH_COATED_OSMIUM;9972;12;9968;17;;;10014;17;10018;20;;;9993.0;0.0
bear_volatile_s2;20300;INTARIAN_PEPPER_ROOT;12925;9;12922;16;;;12959;6;12962;19;;;12942.0;0.0
bear_volatile_s2;20300;ASH_COATED_OSMIUM;9988;11;9985;16;;;10002;10;10006;12;;;9995.0;0.0
bear_volatile_s2;20400;INTARIAN_PEPPER_ROOT;12940;23;12936;25;;;12946;11;12949;17;;;12943.0;0.0
bear_volatile_s2;20400;ASH_COATED_OSMIUM;9957;12;9953;24;;;10047;18;10051;24;;;10002.0;0.0
bear_volatile_s2;20500;INTARIAN_PEPPER_ROOT;12935;12;12933;13;;;12947;18;12951;22;;;12941.0;0.0
bear_volatile_s2;20500;ASH_COATED_OSMIUM;9991;14;9989;22;;;10015;13;10018;24;;;10003.0;0.0
bear_volatile_s2;20600;INTARIAN_PEPPER_ROOT;12930;13;12927;18;;;12954;16;12958;19;;;12942.0;0.0
bear_volatile_s2;20600;ASH_COATED_OSMIUM;10005;17;10001;17;;;10007;7;10011;19;;;10006.0;0.0
bear_volatile_s2;20700;INTARIAN_PEPPER_ROOT;12941;23;12939;27;;;12945;10;12948;14;;;12943.0;0.0
bear_volatile_s2;20700;ASH_COATED_OSMIUM;9967;15;9965;20;;;10039;16;10041;24;;;10003.0;0.0
bear_volatile_s2;20800;INTARIAN_PEPPER_ROOT;12922;13;12920;23;;;12958;23;12960;22;;;12940.0;0.0
bear_volatile_s2;20800;ASH_COATED_OSMIUM;9995;14;9992;12;;;10001;12;10005;19;;;9998.0;0.0
bear_volatile_s2;20900;INTARIAN_PEPPER_ROOT;12931;14;12929;18;;;12949;22;12952;23;;;12940.0;0.0
bear_volatile_s2;20900;ASH_COATED_OSMIUM;9991;14;9987;24;;;10001;14;10003;15;;;9996.0;0.0
bear_volatile_s2;21000;INTARIAN_PEPPER_ROOT;12937;13;12934;17;;;12939;14;12941;22;;;12938.0;0.0
bear_volatile_s2;21000;ASH_COATED_OSMIUM;9990;7;9987;16;;;10006;16;10010;20;;;9998.0;0.0
bear_volatile_s2;21100;INTARIAN_PEPPER_ROOT;12932;11;12928;17;;;12942;18;12945;16;;;12937.0;0.0
bear_volatile_s2;21100;ASH_COATED_OSMIUM;9986;11;9983;15;;;10008;8;10011;12;;;9997.0;0.0
bear_volatile_s2;21200;INTARIAN_PEPPER_ROOT;12934;11;12930;14;;;12938;15;12942;16;;;12936.0;0.0
bear_volatile_s2;21200;ASH_COATED_OSMIUM;9978;8;9976;18;;;10018;12;10020;19;;;9998.0;0.0
bear_volatile_s2;21300;INTARIAN_PEPPER_ROOT;12925;7;12921;21;;;12943;11;12947;19;;;12934.0;0.0
bear_volatile_s2;21300;ASH_COATED_OSMIUM;9995;8;9993;30;;;10001;18;10004;31;;;9998.0;0.0
bear_volatile_s2;21400;INTARIAN_PEPPER_ROOT;12931;9;12927;20;;;12935;5;12939;16;;;12933.0;0.0
bear_volatile_s2;21400;ASH_COATED_OSMIUM;9998;19;9994;20;;;10000;5;10003;16;;;9999.0;0.0
bear_volatile_s2;21500;INTARIAN_PEPPER_ROOT;12932;19;12928;25;;;12934;24;12937;17;;;12933.0;0.0
bear_volatile_s2;21500;ASH_COATED_OSMIUM;9997;14;9995;17;;;10003;13;10005;18;;;10000.0;0.0
bear_volatile_s2;21600;INTARIAN_PEPPER_ROOT;12925;10;12921;15;;;12939;8;12941;19;;;12932.0;0.0
bear_volatile_s2;21600;ASH_COATED_OSMIUM;9985;10;9982;21;;;10007;8;10011;25;;;9996.0;0.0
bear_volatile_s2;21700;INTARIAN_PEPPER_ROOT;12930;21;12926;25;;;12934;11;12936;20;;;12932.0;0.0
bear_volatile_s2;21700;ASH_COATED_OSMIUM;9993;19;9991;23;;;10005;13;10008;15;;;9999.0;0.0
bear_volatile_s2;21800;INTARIAN_PEPPER_ROOT;12923;11;12919;18;;;12941;11;12944;18;;;12932.0;0.0
bear_volatile_s2;21800;ASH_COATED_OSMIUM;9981;18;9977;18;;;10017;13;10019;19;;;9999.0;0.0
bear_volatile_s2;21900;INTARIAN_PEPPER_ROOT;12901;19;12898;25;;;12961;13;12963;20;;;12931.0;0.0
bear_volatile_s2;21900;ASH_COATED_OSMIUM;9997;6;9993;21;;;9999;7;10002;20;;;9998.0;0.0
bear_volatile_s2;22000;INTARIAN_PEPPER_ROOT;12929;11;12927;22;;;12931;20;12934;25;;;12930.0;0.0
bear_volatile_s2;22000;ASH_COATED_OSMIUM;9997;9;9993;16;;;9999;12;10001;11;;;9998.0;0.0
bear_volatile_s2;22100;INTARIAN_PEPPER_ROOT;12931;16;12929;19;;;12937;17;12940;22;;;12934.0;0.0
bear_volatile_s2;22100;ASH_COATED_OSMIUM;9999;5;9995;18;;;10001;13;10005;18;;;10000.0;0.0
bear_volatile_s2;22200;INTARIAN_PEPPER_ROOT;12932;28;12928;24;;;12934;11;12937;21;;;12933.0;0.0
bear_volatile_s2;22200;ASH_COATED_OSMIUM;9989;14;9985;25;;;10011;12;10013;26;;;10000.0;0.0
bear_volatile_s2;22300;INTARIAN_PEPPER_ROOT;12929;26;12927;17;;;12933;24;12936;23;;;12931.0;0.0
bear_volatile_s2;22300;ASH_COATED_OSMIUM;9997;14;9993;31;;;10001;11;10003;14;;;9999.0;0.0
bear_volatile_s2;22400;INTARIAN_PEPPER_ROOT;12927;13;12923;25;;;12935;13;12939;21;;;12931.0;0.0
bear_volatile_s2;22400;ASH_COATED_OSMIUM;10000;14;9997;15;;;10002;11;10005;18;;;10001.0;0.0
bear_volatile_s2;22500;INTARIAN_PEPPER_ROOT;12924;22;12922;13;;;12932;11;12936;11;;;12928.0;0.0
bear_volatile_s2;22500;ASH_COATED_OSMIUM;10002;14;9999;21;;;10004;5;10008;22;;;10003.0;0.0
bear_volatile_s2;22600;INTARIAN_PEPPER_ROOT;12927;18;12925;22;;;12933;20;12936;20;;;12930.0;0.0
bear_volatile_s2;22600;ASH_COATED_OSMIUM;9993;8;9989;16;;;10013;5;10016;31;;;10003.0;0.0
bear_volatile_s2;22700;INTARIAN_PEPPER_ROOT;12914;8;12912;18;;;12948;18;12952;11;;;12931.0;0.0
bear_volatile_s2;22700;ASH_COATED_OSMIUM;10001;12;9999;17;;;10003;13;10007;17;;;10002.0;0.0
bear_volatile_s2;22800;INTARIAN_PEPPER_ROOT;12931;19;12928;21;;;12933;7;12937;20;;;12932.0;0.0
bear_volatile_s2;22800;ASH_COATED_OSMIUM;9994;14;9990;29;;;10004;11;10008;15;;;9999.0;0.0
bear_volatile_s2;22900;INTARIAN_PEPPER_ROOT;12931;9;12929;17;;;12935;11;12938;28;;;12933.0;0.0
bear_volatile_s2;22900;ASH_COATED_OSMIUM;9996;15;9994;18;;;10006;7;10008;18;;;10001.0;0.0
bear_volatile_s2;23000;INTARIAN_PEPPER_ROOT;12932;22;12929;16;;;12934;10;12936;26;;;12933.0;0.0
bear_volatile_s2;23000;ASH_COATED_OSMIUM;9983;12;9979;21;;;10021;10;10024;23;;;10002.0;0.0
bear_volatile_s2;23100;INTARIAN_PEPPER_ROOT;12928;7;12925;21;;;12940;13;12942;16;;;12934.0;0.0
bear_volatile_s2;23100;ASH_COATED_OSMIUM;9998;16;9996;20;;;10004;12;10008;24;;;10001.0;0.0
bear_volatile_s2;23200;INTARIAN_PEPPER_ROOT;12913;12;12910;16;;;12955;9;12959;19;;;12934.0;0.0
bear_volatile_s2;23200;ASH_COATED_OSMIUM;9990;14;9987;28;;;10012;10;10016;26;;;10001.0;0.0
bear_volatile_s2;23300;INTARIAN_PEPPER_ROOT;12932;13;12930;24;;;12934;18;12936;22;;;12933.0;0.0
bear_volatile_s2;23300;ASH_COATED_OSMIUM;10001;8;9998;18;;;10005;9;10007;19;;;10003.0;0.0
bear_volatile_s2;23400;INTARIAN_PEPPER_ROOT;12919;16;12916;8;;;12943;24;12945;17;;;12931.0;0.0
bear_volatile_s2;23400;ASH_COATED_OSMIUM;9985;12;9982;23;;;10015;18;10017;17;;;10000.0;0.0
bear_volatile_s2;23500;INTARIAN_PEPPER_ROOT;12929;11;12926;24;;;12931;9;12934;18;;;12930.0;0.0
bear_volatile_s2;23500;ASH_COATED_OSMIUM;9986;5;9982;19;;;10018;7;10020;26;;;10002.0;0.0
bear_volatile_s2;23600;INTARIAN_PEPPER_ROOT;12905;14;12901;15;;;12947;22;12950;22;;;12926.0;0.0
bear_volatile_s2;23600;ASH_COATED_OSMIUM;10002;5;9999;21;;;10010;9;10013;16;;;10006.0;0.0
bear_volatile_s2;23700;INTARIAN_PEPPER_ROOT;12926;10;12923;19;;;12930;14;12932;13;;;12928.0;0.0
bear_volatile_s2;23700;ASH_COATED_OSMIUM;9978;21;9974;15;;;10038;14;10041;13;;;10008.0;0.0
bear_volatile_s2;23800;INTARIAN_PEPPER_ROOT;12917;11;12914;18;;;12935;9;12937;25;;;12926.0;0.0
bear_volatile_s2;23800;ASH_COATED_OSMIUM;10002;11;10000;21;;;10020;12;10023;26;;;10011.0;0.0
bear_volatile_s2;23900;INTARIAN_PEPPER_ROOT;12918;5;12915;26;;;12932;11;12936;19;;;12925.0;0.0
bear_volatile_s2;23900;ASH_COATED_OSMIUM;10006;15;10003;16;;;10014;9;10017;13;;;10010.0;0.0
bear_volatile_s2;24000;INTARIAN_PEPPER_ROOT;12922;14;12920;20;;;12924;13;12926;28;;;12923.0;0.0
bear_volatile_s2;24000;ASH_COATED_OSMIUM;10005;20;10002;19;;;10007;10;10011;20;;;10006.0;0.0
bear_volatile_s2;24100;INTARIAN_PEPPER_ROOT;12912;22;12909;23;;;12928;17;12932;26;;;12920.0;0.0
bear_volatile_s2;24100;ASH_COATED_OSMIUM;10005;15;10001;25;;;10007;6;10010;23;;;10006.0;0.0
bear_volatile_s2;24200;INTARIAN_PEPPER_ROOT;12918;9;12915;12;;;12922;17;12925;22;;;12920.0;0.0
bear_volatile_s2;24200;ASH_COATED_OSMIUM;10003;13;10000;17;;;10005;10;10008;22;;;10004.0;0.0
bear_volatile_s2;24300;INTARIAN_PEPPER_ROOT;12917;15;12914;22;;;12919;14;12921;14;;;12918.0;0.0
bear_volatile_s2;24300;ASH_COATED_OSMIUM;10005;21;10001;15;;;10009;15;10011;11;;;10007.0;0.0
bear_volatile_s2;24400;INTARIAN_PEPPER_ROOT;12911;14;12907;16;;;12925;17;12929;17;;;12918.0;0.0
bear_volatile_s2;24400;ASH_COATED_OSMIUM;9993;9;9989;20;;;10011;5;10013;24;;;10002.0;0.0
bear_volatile_s2;24500;INTARIAN_PEPPER_ROOT;12910;13;12906;15;;;12928;15;12932;10;;;12919.0;0.0
bear_volatile_s2;24500;ASH_COATED_OSMIUM;9998;11;9996;18;;;10010;6;10013;13;;;10004.0;0.0
bear_volatile_s2;24600;INTARIAN_PEPPER_ROOT;12912;14;12909;20;;;12922;15;12925;23;;;12917.0;0.0
bear_volatile_s2;24600;ASH_COATED_OSMIUM;9982;15;9978;19;;;10034;8;10038;13;;;10008.0;0.0
bear_volatile_s2;24700;INTARIAN_PEPPER_ROOT;12916;5;12913;21;;;12918;21;12922;16;;;12917.0;0.0
bear_volatile_s2;24700;ASH_COATED_OSMIUM;9995;5;9991;16;;;10023;16;10027;8;;;10009.0;0.0
bear_volatile_s2;24800;INTARIAN_PEPPER_ROOT;12917;24;12915;24;;;12919;14;12922;21;;;12918.0;0.0
bear_volatile_s2;24800;ASH_COATED_OSMIUM;10010;10;10007;13;;;10012;14;10015;27;;;10011.0;0.0
bear_volatile_s2;24900;INTARIAN_PEPPER_ROOT;12914;14;12910;18;;;12920;19;12922;16;;;12917.0;0.0
bear_volatile_s2;24900;ASH_COATED_OSMIUM;9986;10;9984;20;;;10032;10;10035;24;;;10009.0;0.0
bear_volatile_s2;25000;INTARIAN_PEPPER_ROOT;12909;21;12905;23;;;12925;11;12928;20;;;12917.0;0.0
bear_volatile_s2;25000;ASH_COATED_OSMIUM;10000;21;9998;28;;;10016;15;10019;23;;;10008.0;0.0
bear_volatile_s2;25100;INTARIAN_PEPPER_ROOT;12912;27;12908;14;;;12922;16;12926;29;;;12917.0;0.0
bear_volatile_s2;25100;ASH_COATED_OSMIUM;9997;9;9993;12;;;10015;13;10018;18;;;10006.0;0.0
bear_volatile_s2;25200;INTARIAN_PEPPER_ROOT;12910;16;12908;25;;;12924;15;12928;14;;;12917.0;0.0
bear_volatile_s2;25200;ASH_COATED_OSMIUM;10012;17;10008;22;;;10014;9;10016;15;;;10013.0;0.0
bear_volatile_s2;25300;INTARIAN_PEPPER_ROOT;12913;16;12910;13;;;12921;5;12925;12;;;12917.0;0.0
bear_volatile_s2;25300;ASH_COATED_OSMIUM;10013;5;10011;9;;;10015;19;10017;11;;;10014.0;0.0
bear_volatile_s2;25400;INTARIAN_PEPPER_ROOT;12907;10;12903;21;;;12919;14;12921;16;;;12913.0;0.0
bear_volatile_s2;25400;ASH_COATED_OSMIUM;10012;9;10008;16;;;10014;6;10017;20;;;10013.0;0.0
bear_volatile_s2;25500;INTARIAN_PEPPER_ROOT;12903;11;12901;23;;;12921;11;12925;14;;;12912.0;0.0
bear_volatile_s2;25500;ASH_COATED_OSMIUM;10015;15;10011;27;;;10021;15;10024;22;;;10018.0;0.0
bear_volatile_s2;25600;INTARIAN_PEPPER_ROOT;12901;5;12897;21;;;12925;16;12928;15;;;12913.0;0.0
bear_volatile_s2;25600;ASH_COATED_OSMIUM;10012;9;10009;20;;;10022;10;10024;21;;;10017.0;0.0
bear_volatile_s2;25700;INTARIAN_PEPPER_ROOT;12910;17;12907;18;;;12916;15;12920;22;;;12913.0;0.0
bear_volatile_s2;25700;ASH_COATED_OSMIUM;10014;22;10011;13;;;10022;8;10025;20;;;10018.0;0.0
bear_volatile_s2;25800;INTARIAN_PEPPER_ROOT;12904;7;12902;23;;;12920;7;12923;21;;;12912.0;0.0
bear_volatile_s2;25800;ASH_COATED_OSMIUM;10018;10;10014;13;;;10022;5;10024;19;;;10020.0;0.0
bear_volatile_s2;25900;INTARIAN_PEPPER_ROOT;12911;24;12908;17;;;12919;17;12921;15;;;12915.0;0.0
bear_volatile_s2;25900;ASH_COATED_OSMIUM;10023;19;10020;20;;;10029;14;10033;32;;;10026.0;0.0
bear_volatile_s2;26000;INTARIAN_PEPPER_ROOT;12913;10;12910;8;;;12917;6;12920;14;;;12915.0;0.0
bear_volatile_s2;26000;ASH_COATED_OSMIUM;10023;17;10021;22;;;10029;9;10032;12;;;10026.0;0.0
bear_volatile_s2;26100;INTARIAN_PEPPER_ROOT;12915;19;12912;27;;;12917;5;12919;15;;;12916.0;0.0
bear_volatile_s2;26100;ASH_COATED_OSMIUM;10025;13;10021;12;;;10027;19;10029;25;;;10026.0;0.0
bear_volatile_s2;26200;INTARIAN_PEPPER_ROOT;12913;18;12910;22;;;12915;14;12918;21;;;12914.0;0.0
bear_volatile_s2;26200;ASH_COATED_OSMIUM;10018;26;10014;21;;;10024;17;10026;22;;;10021.0;0.0
bear_volatile_s2;26300;INTARIAN_PEPPER_ROOT;12901;18;12899;16;;;12925;9;12929;21;;;12913.0;0.0
bear_volatile_s2;26300;ASH_COATED_OSMIUM;10024;6;10021;17;;;10026;15;10030;23;;;10025.0;0.0
bear_volatile_s2;26400;INTARIAN_PEPPER_ROOT;12908;16;12904;24;;;12914;9;12917;19;;;12911.0;0.0
bear_volatile_s2;26400;ASH_COATED_OSMIUM;10027;10;10023;16;;;10031;16;10034;19;;;10029.0;0.0
bear_volatile_s2;26500;INTARIAN_PEPPER_ROOT;12901;12;12898;26;;;12917;14;12919;17;;;12909.0;0.0
bear_volatile_s2;26500;ASH_COATED_OSMIUM;10021;7;10019;21;;;10031;24;10034;13;;;10026.0;0.0
bear_volatile_s2;26600;INTARIAN_PEPPER_ROOT;12906;10;12904;19;;;12912;14;12915;24;;;12909.0;0.0
bear_volatile_s2;26600;ASH_COATED_OSMIUM;10018;13;10016;26;;;10022;12;10025;22;;;10020.0;0.0
bear_volatile_s2;26700;INTARIAN_PEPPER_ROOT;12904;20;12900;25;;;12910;12;12913;18;;;12907.0;0.0
bear_volatile_s2;26700;ASH_COATED_OSMIUM;10025;5;10021;15;;;10027;17;10030;27;;;10026.0;0.0
bear_volatile_s2;26800;INTARIAN_PEPPER_ROOT;12903;14;12900;23;;;12911;15;12913;19;;;12907.0;0.0
bear_volatile_s2;26800;ASH_COATED_OSMIUM;10018;15;10015;17;;;10020;11;10023;20;;;10019.0;0.0
bear_volatile_s2;26900;INTARIAN_PEPPER_ROOT;12894;24;12891;20;;;12916;14;12920;26;;;12905.0;0.0
bear_volatile_s2;26900;ASH_COATED_OSMIUM;10006;5;10002;27;;;10026;19;10029;16;;;10016.0;0.0
bear_volatile_s2;27000;INTARIAN_PEPPER_ROOT;12893;10;12889;11;;;12911;15;12913;14;;;12902.0;0.0
bear_volatile_s2;27000;ASH_COATED_OSMIUM;10012;7;10009;27;;;10020;20;10023;29;;;10016.0;0.0
bear_volatile_s2;27100;INTARIAN_PEPPER_ROOT;12900;17;12896;15;;;12902;26;12904;16;;;12901.0;0.0
bear_volatile_s2;27100;ASH_COATED_OSMIUM;10017;5;10013;19;;;10019;8;10021;25;;;10018.0;0.0
bear_volatile_s2;27200;INTARIAN_PEPPER_ROOT;12897;9;12893;25;;;12901;21;12903;20;;;12899.0;0.0
bear_volatile_s2;27200;ASH_COATED_OSMIUM;10012;17;10008;17;;;10030;6;10034;16;;;10021.0;0.0
bear_volatile_s2;27300;INTARIAN_PEPPER_ROOT;12875;5;12871;18;;;12919;14;12921;29;;;12897.0;0.0
bear_volatile_s2;27300;ASH_COATED_OSMIUM;10013;16;10010;22;;;10017;5;10019;20;;;10015.0;0.0
bear_volatile_s2;27400;INTARIAN_PEPPER_ROOT;12895;7;12892;23;;;12897;11;12901;30;;;12896.0;0.0
bear_volatile_s2;27400;ASH_COATED_OSMIUM;10019;18;10017;14;;;10029;8;10031;21;;;10024.0;0.0
bear_volatile_s2;27500;INTARIAN_PEPPER_ROOT;12880;11;12877;17;;;12910;8;12914;18;;;12895.0;0.0
bear_volatile_s2;27500;ASH_COATED_OSMIUM;10011;14;10008;22;;;10035;8;10037;17;;;10023.0;0.0
bear_volatile_s2;27600;INTARIAN_PEPPER_ROOT;12894;14;12890;15;;;12900;18;12903;20;;;12897.0;0.0
bear_volatile_s2;27600;ASH_COATED_OSMIUM;10016;6;10013;23;;;10018;16;10021;14;;;10017.0;0.0
bear_volatile_s2;27700;INTARIAN_PEPPER_ROOT;12895;19;12891;21;;;12901;11;12903;19;;;12898.0;0.0
bear_volatile_s2;27700;ASH_COATED_OSMIUM;10010;8;10008;15;;;10014;15;10018;18;;;10012.0;0.0
bear_volatile_s2;27800;INTARIAN_PEPPER_ROOT;12898;22;12895;8;;;12900;27;12902;22;;;12899.0;0.0
bear_volatile_s2;27800;ASH_COATED_OSMIUM;9981;17;9978;19;;;10037;9;10039;11;;;10009.0;0.0
bear_volatile_s2;27900;INTARIAN_PEPPER_ROOT;12897;15;12893;17;;;12899;12;12902;25;;;12898.0;0.0
bear_volatile_s2;27900;ASH_COATED_OSMIUM;10007;14;10004;18;;;10011;13;10015;19;;;10009.0;0.0
bear_volatile_s2;28000;INTARIAN_PEPPER_ROOT;12896;19;12892;16;;;12906;13;12909;10;;;12901.0;0.0
bear_volatile_s2;28000;ASH_COATED_OSMIUM;10002;7;9998;15;;;10022;15;10024;21;;;10012.0;0.0
bear_volatile_s2;28100;INTARIAN_PEPPER_ROOT;12872;6;12868;23;;;12922;13;12924;24;;;12897.0;0.0
bear_volatile_s2;28100;ASH_COATED_OSMIUM;10009;19;10006;23;;;10017;10;10020;17;;;10013.0;0.0
bear_volatile_s2;28200;INTARIAN_PEPPER_ROOT;12889;13;12887;21;;;12899;15;12902;21;;;12894.0;0.0
bear_volatile_s2;28200;ASH_COATED_OSMIUM;10013;7;10009;18;;;10019;19;10022;20;;;10016.0;0.0
bear_volatile_s2;28300;INTARIAN_PEPPER_ROOT;12885;12;12881;19;;;12905;18;12909;20;;;12895.0;0.0
bear_volatile_s2;28300;ASH_COATED_OSMIUM;10005;11;10001;20;;;10025;18;10027;23;;;10015.0;0.0
bear_volatile_s2;28400;INTARIAN_PEPPER_ROOT;12886;18;12884;21;;;12902;17;12904;26;;;12894.0;0.0
bear_volatile_s2;28400;ASH_COATED_OSMIUM;10015;10;10013;28;;;10017;21;10019;16;;;10016.0;0.0
bear_volatile_s2;28500;INTARIAN_PEPPER_ROOT;12887;19;12883;14;;;12901;9;12903;24;;;12894.0;0.0
bear_volatile_s2;28500;ASH_COATED_OSMIUM;10018;16;10016;14;;;10022;13;10026;24;;;10020.0;0.0
bear_volatile_s2;28600;INTARIAN_PEPPER_ROOT;12891;12;12887;30;;;12895;15;12899;26;;;12893.0;0.0
bear_volatile_s2;28600;ASH_COATED_OSMIUM;10016;16;10014;21;;;10020;5;10023;17;;;10018.0;0.0
bear_volatile_s2;28700;INTARIAN_PEPPER_ROOT;12887;13;12885;24;;;12895;17;12897;24;;;12891.0;0.0
bear_volatile_s2;28700;ASH_COATED_OSMIUM;9999;22;9997;22;;;10031;12;10035;26;;;10015.0;0.0
bear_volatile_s2;28800;INTARIAN_PEPPER_ROOT;12887;19;12884;22;;;12889;14;12892;10;;;12888.0;0.0
bear_volatile_s2;28800;ASH_COATED_OSMIUM;10001;15;9999;24;;;10025;12;10027;21;;;10013.0;0.0
bear_volatile_s2;28900;INTARIAN_PEPPER_ROOT;12889;9;12886;8;;;12891;25;12893;20;;;12890.0;0.0
bear_volatile_s2;28900;ASH_COATED_OSMIUM;10000;19;9998;21;;;10012;13;10015;24;;;10006.0;0.0
bear_volatile_s2;29000;INTARIAN_PEPPER_ROOT;12890;18;12888;20;;;12892;10;12894;18;;;12891.0;0.0
bear_volatile_s2;29000;ASH_COATED_OSMIUM;10005;12;10003;21;;;10015;8;10019;18;;;10010.0;0.0
bear_volatile_s2;29100;INTARIAN_PEPPER_ROOT;12889;15;12885;22;;;12891;11;12894;16;;;12890.0;0.0
bear_volatile_s2;29100;ASH_COATED_OSMIUM;10006;10;10002;19;;;10010;5;10013;13;;;10008.0;0.0
bear_volatile_s2;29200;INTARIAN_PEPPER_ROOT;12892;11;12889;24;;;12894;18;12897;26;;;12893.0;0.0
bear_volatile_s2;29200;ASH_COATED_OSMIUM;10009;19;10007;24;;;10011;8;10013;27;;;10010.0;0.0
bear_volatile_s2;29300;INTARIAN_PEPPER_ROOT;12877;11;12875;19;;;12905;14;12909;16;;;12891.0;0.0
bear_volatile_s2;29300;ASH_COATED_OSMIUM;10011;15;10009;18;;;10013;17;10015;19;;;10012.0;0.0
bear_volatile_s2;29400;INTARIAN_PEPPER_ROOT;12883;11;12879;13;;;12895;14;12897;14;;;12889.0;0.0
bear_volatile_s2;29400;ASH_COATED_OSMIUM;10009;14;10007;32;;;10011;16;10014;21;;;10010.0;0.0
bear_volatile_s2;29500;INTARIAN_PEPPER_ROOT;12882;17;12879;19;;;12898;23;12901;19;;;12890.0;0.0
bear_volatile_s2;29500;ASH_COATED_OSMIUM;10004;10;10002;16;;;10010;22;10013;25;;;10007.0;0.0
bear_volatile_s2;29600;INTARIAN_PEPPER_ROOT;12875;19;12872;29;;;12901;10;12904;14;;;12888.0;0.0
bear_volatile_s2;29600;ASH_COATED_OSMIUM;9997;7;9993;23;;;10021;12;10025;18;;;10009.0;0.0
bear_volatile_s2;29700;INTARIAN_PEPPER_ROOT;12867;9;12865;20;;;12905;14;12907;25;;;12886.0;0.0
bear_volatile_s2;29700;ASH_COATED_OSMIUM;10002;15;9999;22;;;10004;12;10007;17;;;10003.0;0.0
bear_volatile_s2;29800;INTARIAN_PEPPER_ROOT;12879;11;12877;26;;;12893;5;12897;17;;;12886.0;0.0
bear_volatile_s2;29800;ASH_COATED_OSMIUM;9999;18;9997;23;;;10009;13;10012;19;;;10004.0;0.0
bear_volatile_s2;29900;INTARIAN_PEPPER_ROOT;12884;13;12880;25;;;12886;5;12889;11;;;12885.0;0.0
bear_volatile_s2;29900;ASH_COATED_OSMIUM;9998;10;9995;26;;;10000;15;10003;18;;;9999.0;0.0
bear_volatile_s2;30000;INTARIAN_PEPPER_ROOT;12847;11;12845;18;;;12925;16;12928;15;;;12886.0;0.0
bear_volatile_s2;30000;ASH_COATED_OSMIUM;9985;7;9983;21;;;10011;12;10013;15;;;9998.0;0.0
bear_volatile_s2;30100;INTARIAN_PEPPER_ROOT;12883;10;12881;17;;;12891;15;12893;27;;;12887.0;0.0
bear_volatile_s2;30100;ASH_COATED_OSMIUM;9987;11;9983;10;;;10003;5;10006;13;;;9995.0;0.0
bear_volatile_s2;30200;INTARIAN_PEPPER_ROOT;12865;17;12863;15;;;12905;10;12909;16;;;12885.0;0.0
bear_volatile_s2;30200;ASH_COATED_OSMIUM;9992;12;9988;14;;;9994;6;9997;25;;;9993.0;0.0
bear_volatile_s2;30300;INTARIAN_PEPPER_ROOT;12859;20;12856;12;;;12909;19;12912;27;;;12884.0;0.0
bear_volatile_s2;30300;ASH_COATED_OSMIUM;9980;11;9976;22;;;10006;14;10010;9;;;9993.0;0.0
bear_volatile_s2;30400;INTARIAN_PEPPER_ROOT;12881;12;12879;20;;;12885;18;12887;26;;;12883.0;0.0
bear_volatile_s2;30400;ASH_COATED_OSMIUM;9983;11;9981;18;;;10007;25;10011;25;;;9995.0;0.0
bear_volatile_s2;30500;INTARIAN_PEPPER_ROOT;12881;19;12877;17;;;12885;16;12889;24;;;12883.0;0.0
bear_volatile_s2;30500;ASH_COATED_OSMIUM;9977;29;9975;13;;;10013;19;10017;15;;;9995.0;0.0
bear_volatile_s2;30600;INTARIAN_PEPPER_ROOT;12861;13;12859;23;;;12901;21;12903;19;;;12881.0;0.0
bear_volatile_s2;30600;ASH_COATED_OSMIUM;9980;16;9976;22;;;10006;15;10010;23;;;9993.0;0.0
bear_volatile_s2;30700;INTARIAN_PEPPER_ROOT;12873;12;12870;23;;;12889;10;12893;18;;;12881.0;0.0
bear_volatile_s2;30700;ASH_COATED_OSMIUM;9978;16;9976;32;;;10010;14;10012;27;;;9994.0;0.0
bear_volatile_s2;30800;INTARIAN_PEPPER_ROOT;12880;16;12877;21;;;12886;8;12888;9;;;12883.0;0.0
bear_volatile_s2;30800;ASH_COATED_OSMIUM;9949;15;9947;11;;;10039;14;10043;24;;;9994.0;0.0
bear_volatile_s2;30900;INTARIAN_PEPPER_ROOT;12866;18;12863;8;;;12896;10;12900;16;;;12881.0;0.0
bear_volatile_s2;30900;ASH_COATED_OSMIUM;9997;9;9994;21;;;9999;11;10003;17;;;9998.0;0.0
bear_volatile_s2;31000;INTARIAN_PEPPER_ROOT;12882;12;12880;20;;;12884;12;12887;8;;;12883.0;0.0
bear_volatile_s2;31000;ASH_COATED_OSMIUM;9981;15;9977;24;;;10015;5;10017;27;;;9998.0;0.0
bear_volatile_s2;31100;INTARIAN_PEPPER_ROOT;12879;20;12877;25;;;12881;8;12885;26;;;12880.0;0.0
bear_volatile_s2;31100;ASH_COATED_OSMIUM;9999;15;9996;26;;;10005;8;10007;18;;;10002.0;0.0
bear_volatile_s2;31200;INTARIAN_PEPPER_ROOT;12861;21;12857;23;;;12893;12;12897;30;;;12877.0;0.0
bear_volatile_s2;31200;ASH_COATED_OSMIUM;9983;12;9979;21;;;10025;16;10029;17;;;10004.0;0.0
bear_volatile_s2;31300;INTARIAN_PEPPER_ROOT;12876;13;12872;24;;;12878;10;12880;14;;;12877.0;0.0
bear_volatile_s2;31300;ASH_COATED_OSMIUM;10005;5;10001;16;;;10007;20;10011;24;;;10006.0;0.0
bear_volatile_s2;31400;INTARIAN_PEPPER_ROOT;12859;29;12857;26;;;12893;18;12896;18;;;12876.0;0.0
bear_volatile_s2;31400;ASH_COATED_OSMIUM;10009;11;10006;18;;;10011;10;10014;20;;;10010.0;0.0
bear_volatile_s2;31500;INTARIAN_PEPPER_ROOT;12872;14;12869;23;;;12876;13;12879;25;;;12874.0;0.0
bear_volatile_s2;31500;ASH_COATED_OSMIUM;10006;7;10004;19;;;10012;14;10016;24;;;10009.0;0.0
bear_volatile_s2;31600;INTARIAN_PEPPER_ROOT;12872;14;12870;16;;;12874;20;12876;19;;;12873.0;0.0
bear_volatile_s2;31600;ASH_COATED_OSMIUM;9987;11;9984;22;;;10027;5;10030;9;;;10007.0;0.0
bear_volatile_s2;31700;INTARIAN_PEPPER_ROOT;12854;17;12852;20;;;12890;19;12892;8;;;12872.0;0.0
bear_volatile_s2;31700;ASH_COATED_OSMIUM;10006;11;10004;18;;;10012;5;10014;20;;;10009.0;0.0
bear_volatile_s2;31800;INTARIAN_PEPPER_ROOT;12854;17;12852;22;;;12890;5;12894;21;;;12872.0;0.0
bear_volatile_s2;31800;ASH_COATED_OSMIUM;9978;14;9974;17;;;10040;8;10044;22;;;10009.0;0.0
bear_volatile_s2;31900;INTARIAN_PEPPER_ROOT;12856;8;12853;18;;;12882;18;12886;16;;;12869.0;0.0
bear_volatile_s2;31900;ASH_COATED_OSMIUM;9993;13;9991;16;;;10031;13;10034;18;;;10012.0;0.0
bear_volatile_s2;32000;INTARIAN_PEPPER_ROOT;12868;11;12866;24;;;12870;7;12874;13;;;12869.0;0.0
bear_volatile_s2;32000;ASH_COATED_OSMIUM;10014;13;10011;23;;;10016;22;10020;20;;;10015.0;0.0
bear_volatile_s2;32100;INTARIAN_PEPPER_ROOT;12870;12;12868;21;;;12876;18;12880;19;;;12873.0;0.0
bear_volatile_s2;32100;ASH_COATED_OSMIUM;10011;6;10007;21;;;10013;7;10017;16;;;10012.0;0.0
bear_volatile_s2;32200;INTARIAN_PEPPER_ROOT;12872;22;12870;17;;;12874;11;12876;14;;;12873.0;0.0
bear_volatile_s2;32200;ASH_COATED_OSMIUM;10005;7;10001;18;;;10017;5;10021;28;;;10011.0;0.0
bear_volatile_s2;32300;INTARIAN_PEPPER_ROOT;12865;20;12861;21;;;12875;15;12877;16;;;12870.0;0.0
bear_volatile_s2;32300;ASH_COATED_OSMIUM;10006;9;10004;26;;;10012;13;10015;22;;;10009.0;0.0
bear_volatile_s2;32400;INTARIAN_PEPPER_ROOT;12868;19;12866;19;;;12872;22;12875;22;;;12870.0;0.0
bear_volatile_s2;32400;ASH_COATED_OSMIUM;10008;17;10005;25;;;10010;10;10012;17;;;10009.0;0.0
bear_volatile_s2;32500;INTARIAN_PEPPER_ROOT;12856;8;12853;22;;;12886;11;12889;14;;;12871.0;0.0
bear_volatile_s2;32500;ASH_COATED_OSMIUM;10007;7;10003;21;;;10011;12;10013;22;;;10009.0;0.0
bear_volatile_s2;32600;INTARIAN_PEPPER_ROOT;12868;25;12866;19;;;12878;15;12882;19;;;12873.0;0.0
bear_volatile_s2;32600;ASH_COATED_OSMIUM;9994;11;9990;20;;;10016;18;10019;8;;;10005.0;0.0
bear_volatile_s2;32700;INTARIAN_PEPPER_ROOT;12866;11;12863;17;;;12880;19;12882;17;;;12873.0;0.0
bear_volatile_s2;32700;ASH_COATED_OSMIUM;10008;12;10004;16;;;10010;12;10013;24;;;10009.0;0.0
bear_volatile_s2;32800;INTARIAN_PEPPER_ROOT;12871;10;12868;16;;;12873;14;12877;16;;;12872.0;0.0
bear_volatile_s2;32800;ASH_COATED_OSMIUM;9997;5;9993;24;;;10023;9;10025;9;;;10010.0;0.0
bear_volatile_s2;32900;INTARIAN_PEPPER_ROOT;12871;18;12867;20;;;12875;9;12879;21;;;12873.0;0.0
bear_volatile_s2;32900;ASH_COATED_OSMIUM;10003;12;10001;13;;;10019;11;10021;15;;;10011.0;0.0
bear_volatile_s2;33000;INTARIAN_PEPPER_ROOT;12864;16;12862;10;;;12884;23;12886;15;;;12874.0;0.0
bear_volatile_s2;33000;ASH_COATED_OSMIUM;10002;15;9998;10;;;10026;6;10028;18;;;10014.0;0.0
bear_volatile_s2;33100;INTARIAN_PEPPER_ROOT;12869;23;12865;21;;;12873;26;12875;16;;;12871.0;0.0
bear_volatile_s2;33100;ASH_COATED_OSMIUM;10008;10;10004;31;;;10022;11;10024;15;;;10015.0;0.0
bear_volatile_s2;33200;INTARIAN_PEPPER_ROOT;12870;6;12866;14;;;12874;18;12877;25;;;12872.0;0.0
bear_volatile_s2;33200;ASH_COATED_OSMIUM;10003;20;10000;21;;;10027;14;10029;22;;;10015.0;0.0
bear_volatile_s2;33300;INTARIAN_PEPPER_ROOT;12867;13;12865;20;;;12875;17;12878;22;;;12871.0;0.0
bear_volatile_s2;33300;ASH_COATED_OSMIUM;10006;6;10002;11;;;10024;17;10027;22;;;10015.0;0.0
bear_volatile_s2;33400;INTARIAN_PEPPER_ROOT;12869;20;12866;25;;;12875;20;12879;18;;;12872.0;0.0
bear_volatile_s2;33400;ASH_COATED_OSMIUM;10003;18;9999;17;;;10029;22;10033;20;;;10016.0;0.0
bear_volatile_s2;33500;INTARIAN_PEPPER_ROOT;12870;17;12868;26;;;12874;15;12877;21;;;12872.0;0.0
bear_volatile_s2;33500;ASH_COATED_OSMIUM;10005;12;10002;20;;;10025;5;10028;23;;;10015.0;0.0
bear_volatile_s2;33600;INTARIAN_PEPPER_ROOT;12872;26;12868;29;;;12874;8;12878;15;;;12873.0;0.0
bear_volatile_s2;33600;ASH_COATED_OSMIUM;10011;6;10008;14;;;10019;7;10022;22;;;10015.0;0.0
bear_volatile_s2;33700;INTARIAN_PEPPER_ROOT;12868;12;12865;13;;;12878;9;12882;30;;;12873.0;0.0
bear_volatile_s2;33700;ASH_COATED_OSMIUM;9998;11;9995;13;;;10020;5;10024;20;;;10009.0;0.0
bear_volatile_s2;33800;INTARIAN_PEPPER_ROOT;12861;8;12859;21;;;12885;5;12888;21;;;12873.0;0.0
bear_volatile_s2;33800;ASH_COATED_OSMIUM;10007;17;10004;25;;;10009;27;10013;22;;;10008.0;0.0
bear_volatile_s2;33900;INTARIAN_PEPPER_ROOT;12872;14;12869;15;;;12874;16;12876;13;;;12873.0;0.0
bear_volatile_s2;33900;ASH_COATED_OSMIUM;9986;5;9984;27;;;10026;17;10030;14;;;10006.0;0.0
bear_volatile_s2;34000;INTARIAN_PEPPER_ROOT;12863;8;12860;9;;;12881;18;12884;27;;;12872.0;0.0
bear_volatile_s2;34000;ASH_COATED_OSMIUM;10002;5;10000;30;;;10020;24;10022;24;;;10011.0;0.0
bear_volatile_s2;34100;INTARIAN_PEPPER_ROOT;12860;12;12857;31;;;12884;18;12887;17;;;12872.0;0.0
bear_volatile_s2;34100;ASH_COATED_OSMIUM;9974;12;9972;14;;;10044;18;10046;14;;;10009.0;0.0
bear_volatile_s2;34200;INTARIAN_PEPPER_ROOT;12816;17;12812;24;;;12928;21;12931;18;;;12872.0;0.0
bear_volatile_s2;34200;ASH_COATED_OSMIUM;10004;9;10002;23;;;10008;8;10011;29;;;10006.0;0.0
bear_volatile_s2;34300;INTARIAN_PEPPER_ROOT;12870;20;12868;20;;;12876;17;12878;16;;;12873.0;0.0
bear_volatile_s2;34300;ASH_COATED_OSMIUM;9990;17;9988;23;;;10026;17;10030;28;;;10008.0;0.0
bear_volatile_s2;34400;INTARIAN_PEPPER_ROOT;12866;18;12862;16;;;12884;15;12888;28;;;12875.0;0.0
bear_volatile_s2;34400;ASH_COATED_OSMIUM;10007;19;10005;27;;;10009;20;10012;21;;;10008.0;0.0
bear_volatile_s2;34500;INTARIAN_PEPPER_ROOT;12854;12;12852;15;;;12898;17;12900;25;;;12876.0;0.0
bear_volatile_s2;34500;ASH_COATED_OSMIUM;9992;14;9989;18;;;10016;7;10019;23;;;10004.0;0.0
bear_volatile_s2;34600;INTARIAN_PEPPER_ROOT;12869;8;12865;13;;;12883;7;12887;17;;;12876.0;0.0
bear_volatile_s2;34600;ASH_COATED_OSMIUM;9995;14;9992;18;;;10009;13;10011;28;;;10002.0;0.0
bear_volatile_s2;34700;INTARIAN_PEPPER_ROOT;12878;13;12874;18;;;12880;14;12884;11;;;12879.0;0.0
bear_volatile_s2;34700;ASH_COATED_OSMIUM;10002;22;9998;21;;;10004;11;10007;17;;;10003.0;0.0
bear_volatile_s2;34800;INTARIAN_PEPPER_ROOT;12874;24;12871;21;;;12882;13;12884;23;;;12878.0;0.0
bear_volatile_s2;34800;ASH_COATED_OSMIUM;10000;18;9997;20;;;10004;18;10008;10;;;10002.0;0.0
bear_volatile_s2;34900;INTARIAN_PEPPER_ROOT;12872;20;12869;19;;;12886;12;12890;19;;;12879.0;0.0
bear_volatile_s2;34900;ASH_COATED_OSMIUM;9996;10;9994;23;;;10008;15;10012;25;;;10002.0;0.0
bear_volatile_s2;35000;INTARIAN_PEPPER_ROOT;12877;24;12873;26;;;12879;19;12882;20;;;12878.0;0.0
bear_volatile_s2;35000;ASH_COATED_OSMIUM;9978;15;9976;21;;;10030;17;10033;24;;;10004.0;0.0
bear_volatile_s2;35100;INTARIAN_PEPPER_ROOT;12875;12;12872;8;;;12881;12;12883;16;;;12878.0;0.0
bear_volatile_s2;35100;ASH_COATED_OSMIUM;10005;10;10001;21;;;10007;20;10011;18;;;10006.0;0.0
bear_volatile_s2;35200;INTARIAN_PEPPER_ROOT;12879;18;12877;22;;;12881;15;12885;23;;;12880.0;0.0
bear_volatile_s2;35200;ASH_COATED_OSMIUM;10008;9;10005;19;;;10010;13;10013;15;;;10009.0;0.0
bear_volatile_s2;35300;INTARIAN_PEPPER_ROOT;12877;17;12874;19;;;12881;14;12884;18;;;12879.0;0.0
bear_volatile_s2;35300;ASH_COATED_OSMIUM;10010;5;10007;17;;;10016;6;10020;14;;;10013.0;0.0
bear_volatile_s2;35400;INTARIAN_PEPPER_ROOT;12873;5;12869;31;;;12891;16;12893;12;;;12882.0;0.0
bear_volatile_s2;35400;ASH_COATED_OSMIUM;10007;15;10004;32;;;10017;19;10021;20;;;10012.0;0.0
bear_volatile_s2;35500;INTARIAN_PEPPER_ROOT;12879;13;12876;24;;;12881;27;12885;24;;;12880.0;0.0
bear_volatile_s2;35500;ASH_COATED_OSMIUM;10004;7;10002;19;;;10012;13;10016;29;;;10008.0;0.0
bear_volatile_s2;35600;INTARIAN_PEPPER_ROOT;12876;8;12874;18;;;12878;10;12881;24;;;12877.0;0.0
bear_volatile_s2;35600;ASH_COATED_OSMIUM;10016;13;10012;20;;;10018;14;10022;14;;;10017.0;0.0
bear_volatile_s2;35700;INTARIAN_PEPPER_ROOT;12869;12;12865;22;;;12885;20;12889;21;;;12877.0;0.0
bear_volatile_s2;35700;ASH_COATED_OSMIUM;9996;12;9994;26;;;10034;6;10037;20;;;10015.0;0.0
bear_volatile_s2;35800;INTARIAN_PEPPER_ROOT;12869;21;12865;25;;;12881;8;12884;13;;;12875.0;0.0
bear_volatile_s2;35800;ASH_COATED_OSMIUM;10002;15;9999;22;;;10028;12;10032;15;;;10015.0;0.0
bear_volatile_s2;35900;INTARIAN_PEPPER_ROOT;12877;18;12873;21;;;12879;11;12881;23;;;12878.0;0.0
bear_volatile_s2;35900;ASH_COATED_OSMIUM;10015;17;10013;18;;;10023;7;10027;18;;;10019.0;0.0
bear_volatile_s2;36000;INTARIAN_PEPPER_ROOT;12879;16;12875;25;;;12883;15;12886;19;;;12881.0;0.0
bear_volatile_s2;36000;ASH_COATED_OSMIUM;10018;13;10014;17;;;10030;5;10032;26;;;10024.0;0.0
bear_volatile_s2;36100;INTARIAN_PEPPER_ROOT;12878;12;12876;22;;;12880;14;12884;20;;;12879.0;0.0
bear_volatile_s2;36100;ASH_COATED_OSMIUM;10009;17;10005;18;;;10025;9;10028;16;;;10017.0;0.0
bear_volatile_s2;36200;INTARIAN_PEPPER_ROOT;12877;8;12873;22;;;12879;17;12882;18;;;12878.0;0.0
bear_volatile_s2;36200;ASH_COATED_OSMIUM;10009;19;10005;27;;;10025;12;10028;18;;;10017.0;0.0
bear_volatile_s2;36300;INTARIAN_PEPPER_ROOT;12873;12;12870;22;;;12881;21;12884;12;;;12877.0;0.0
bear_volatile_s2;36300;ASH_COATED_OSMIUM;10011;5;10009;22;;;10023;11;10026;17;;;10017.0;0.0
bear_volatile_s2;36400;INTARIAN_PEPPER_ROOT;12870;14;12868;19;;;12884;14;12887;19;;;12877.0;0.0
bear_volatile_s2;36400;ASH_COATED_OSMIUM;9991;12;9988;11;;;10041;15;10045;19;;;10016.0;0.0
bear_volatile_s2;36500;INTARIAN_PEPPER_ROOT;12874;6;12871;30;;;12878;9;12882;18;;;12876.0;0.0
bear_volatile_s2;36500;ASH_COATED_OSMIUM;10008;16;10006;22;;;10018;12;10021;9;;;10013.0;0.0
bear_volatile_s2;36600;INTARIAN_PEPPER_ROOT;12872;5;12869;20;;;12884;23;12886;20;;;12878.0;0.0
bear_volatile_s2;36600;ASH_COATED_OSMIUM;10008;23;10004;20;;;10010;10;10012;21;;;10009.0;0.0
bear_volatile_s2;36700;INTARIAN_PEPPER_ROOT;12874;17;12871;21;;;12884;7;12886;27;;;12879.0;0.0
bear_volatile_s2;36700;ASH_COATED_OSMIUM;10004;5;10000;8;;;10010;13;10013;21;;;10007.0;0.0
bear_volatile_s2;36800;INTARIAN_PEPPER_ROOT;12877;13;12873;23;;;12881;25;12884;13;;;12879.0;0.0
bear_volatile_s2;36800;ASH_COATED_OSMIUM;10001;10;9997;12;;;10015;15;10019;30;;;10008.0;0.0
bear_volatile_s2;36900;INTARIAN_PEPPER_ROOT;12859;30;12857;21;;;12895;21;12898;26;;;12877.0;0.0
bear_volatile_s2;36900;ASH_COATED_OSMIUM;10008;19;10006;17;;;10010;10;10014;21;;;10009.0;0.0
bear_volatile_s2;37000;INTARIAN_PEPPER_ROOT;12870;12;12866;16;;;12884;11;12886;13;;;12877.0;0.0
bear_volatile_s2;37000;ASH_COATED_OSMIUM;10004;9;10000;14;;;10014;10;10018;16;;;10009.0;0.0
bear_volatile_s2;37100;INTARIAN_PEPPER_ROOT;12870;16;12867;20;;;12882;13;12884;16;;;12876.0;0.0
bear_volatile_s2;37100;ASH_COATED_OSMIUM;9989;11;9986;19;;;10021;10;10024;23;;;10005.0;0.0
bear_volatile_s2;37200;INTARIAN_PEPPER_ROOT;12870;15;12868;12;;;12888;14;12892;27;;;12879.0;0.0
bear_volatile_s2;37200;ASH_COATED_OSMIUM;9974;8;9970;16;;;10038;5;10041;19;;;10006.0;0.0
bear_volatile_s2;37300;INTARIAN_PEPPER_ROOT;12875;15;12872;22;;;12881;15;12884;15;;;12878.0;0.0
bear_volatile_s2;37300;ASH_COATED_OSMIUM;9997;30;9993;25;;;10009;23;10012;26;;;10003.0;0.0
bear_volatile_s2;37400;INTARIAN_PEPPER_ROOT;12873;27;12870;17;;;12885;25;12889;20;;;12879.0;0.0
bear_volatile_s2;37400;ASH_COATED_OSMIUM;9987;5;9984;18;;;10021;12;10024;23;;;10004.0;0.0
bear_volatile_s2;37500;INTARIAN_PEPPER_ROOT;12876;11;12872;11;;;12882;12;12886;21;;;12879.0;0.0
bear_volatile_s2;37500;ASH_COATED_OSMIUM;9995;22;9991;14;;;10009;18;10012;13;;;10002.0;0.0
bear_volatile_s2;37600;INTARIAN_PEPPER_ROOT;12878;17;12874;21;;;12880;15;12882;10;;;12879.0;0.0
bear_volatile_s2;37600;ASH_COATED_OSMIUM;9983;19;9980;20;;;10015;5;10019;19;;;9999.0;0.0
bear_volatile_s2;37700;INTARIAN_PEPPER_ROOT;12877;21;12875;23;;;12879;16;12883;19;;;12878.0;0.0
bear_volatile_s2;37700;ASH_COATED_OSMIUM;9998;13;9994;21;;;10000;21;10002;14;;;9999.0;0.0
bear_volatile_s2;37800;INTARIAN_PEPPER_ROOT;12877;15;12874;22;;;12879;22;12883;13;;;12878.0;0.0
bear_volatile_s2;37800;ASH_COATED_OSMIUM;9998;16;9994;20;;;10008;13;10011;21;;;10003.0;0.0
bear_volatile_s2;37900;INTARIAN_PEPPER_ROOT;12881;17;12878;19;;;12883;8;12887;22;;;12882.0;0.0
bear_volatile_s2;37900;ASH_COATED_OSMIUM;10002;18;9999;33;;;10008;10;10011;16;;;10005.0;0.0
bear_volatile_s2;38000;INTARIAN_PEPPER_ROOT;12881;13;12878;21;;;12885;18;12888;23;;;12883.0;0.0
bear_volatile_s2;38000;ASH_COATED_OSMIUM;10007;13;10003;22;;;10009;6;10012;27;;;10008.0;0.0
bear_volatile_s2;38100;INTARIAN_PEPPER_ROOT;12876;17;12872;27;;;12888;21;12892;22;;;12882.0;0.0
bear_volatile_s2;38100;ASH_COATED_OSMIUM;9999;10;9997;18;;;10015;12;10019;11;;;10007.0;0.0
bear_volatile_s2;38200;INTARIAN_PEPPER_ROOT;12880;22;12878;21;;;12886;12;12889;23;;;12883.0;0.0
bear_volatile_s2;38200;ASH_COATED_OSMIUM;10005;12;10001;27;;;10007;12;10010;23;;;10006.0;0.0
bear_volatile_s2;38300;INTARIAN_PEPPER_ROOT;12867;22;12863;20;;;12899;15;12901;17;;;12883.0;0.0
bear_volatile_s2;38300;ASH_COATED_OSMIUM;10001;9;9999;13;;;10003;6;10007;18;;;10002.0;0.0
bear_volatile_s2;38400;INTARIAN_PEPPER_ROOT;12867;16;12865;20;;;12893;9;12896;12;;;12880.0;0.0
bear_volatile_s2;38400;ASH_COATED_OSMIUM;10000;8;9997;16;;;10002;15;10005;14;;;10001.0;0.0
bear_volatile_s2;38500;INTARIAN_PEPPER_ROOT;12879;15;12877;33;;;12883;10;12886;24;;;12881.0;0.0
bear_volatile_s2;38500;ASH_COATED_OSMIUM;9986;8;9984;24;;;10026;14;10030;24;;;10006.0;0.0
bear_volatile_s2;38600;INTARIAN_PEPPER_ROOT;12873;20;12869;8;;;12891;7;12894;20;;;12882.0;0.0
bear_volatile_s2;38600;ASH_COATED_OSMIUM;9986;9;9982;25;;;10026;12;10030;27;;;10006.0;0.0
bear_volatile_s2;38700;INTARIAN_PEPPER_ROOT;12880;14;12878;16;;;12886;22;12888;8;;;12883.0;0.0
bear_volatile_s2;38700;ASH_COATED_OSMIUM;9994;16;9991;19;;;10024;14;10027;25;;;10009.0;0.0
bear_volatile_s2;38800;INTARIAN_PEPPER_ROOT;12877;5;12874;17;;;12881;18;12885;25;;;12879.0;0.0
bear_volatile_s2;38800;ASH_COATED_OSMIUM;10003;15;10001;25;;;10013;12;10017;18;;;10008.0;0.0
bear_volatile_s2;38900;INTARIAN_PEPPER_ROOT;12879;23;12876;24;;;12881;21;12883;23;;;12880.0;0.0
bear_volatile_s2;38900;ASH_COATED_OSMIUM;10006;5;10004;22;;;10008;9;10011;8;;;10007.0;0.0
bear_volatile_s2;39000;INTARIAN_PEPPER_ROOT;12879;16;12876;18;;;12887;18;12890;20;;;12883.0;0.0
bear_volatile_s2;39000;ASH_COATED_OSMIUM;10003;16;10001;27;;;10009;22;10013;12;;;10006.0;0.0
bear_volatile_s2;39100;INTARIAN_PEPPER_ROOT;12876;23;12872;16;;;12892;17;12896;20;;;12884.0;0.0
bear_volatile_s2;39100;ASH_COATED_OSMIUM;9998;7;9994;14;;;10006;10;10010;21;;;10002.0;0.0
bear_volatile_s2;39200;INTARIAN_PEPPER_ROOT;12876;12;12872;14;;;12894;20;12897;9;;;12885.0;0.0
bear_volatile_s2;39200;ASH_COATED_OSMIUM;9977;11;9974;23;;;10019;17;10022;15;;;9998.0;0.0
bear_volatile_s2;39300;INTARIAN_PEPPER_ROOT;12887;21;12883;21;;;12891;15;12893;23;;;12889.0;0.0
bear_volatile_s2;39300;ASH_COATED_OSMIUM;9991;5;9987;17;;;10015;14;10019;16;;;10003.0;0.0
bear_volatile_s2;39400;INTARIAN_PEPPER_ROOT;12883;9;12879;15;;;12899;20;12902;21;;;12891.0;0.0
bear_volatile_s2;39400;ASH_COATED_OSMIUM;10004;5;10001;13;;;10010;7;10013;15;;;10007.0;0.0
bear_volatile_s2;39500;INTARIAN_PEPPER_ROOT;12889;12;12886;17;;;12893;15;12896;20;;;12891.0;0.0
bear_volatile_s2;39500;ASH_COATED_OSMIUM;10007;11;10005;16;;;10011;17;10014;11;;;10009.0;0.0
bear_volatile_s2;39600;INTARIAN_PEPPER_ROOT;12886;18;12884;15;;;12896;15;12900;22;;;12891.0;0.0
bear_volatile_s2;39600;ASH_COATED_OSMIUM;10013;11;10011;22;;;10023;13;10027;24;;;10018.0;0.0
bear_volatile_s2;39700;INTARIAN_PEPPER_ROOT;12889;18;12887;20;;;12893;10;12897;24;;;12891.0;0.0
bear_volatile_s2;39700;ASH_COATED_OSMIUM;10006;17;10004;18;;;10020;12;10024;18;;;10013.0;0.0
bear_volatile_s2;39800;INTARIAN_PEPPER_ROOT;12887;20;12883;20;;;12891;15;12893;17;;;12889.0;0.0
bear_volatile_s2;39800;ASH_COATED_OSMIUM;10014;11;10011;13;;;10016;22;10020;21;;;10015.0;0.0
bear_volatile_s2;39900;INTARIAN_PEPPER_ROOT;12890;12;12888;24;;;12892;15;12894;17;;;12891.0;0.0
bear_volatile_s2;39900;ASH_COATED_OSMIUM;9989;20;9985;17;;;10039;23;10041;15;;;10014.0;0.0
bear_volatile_s2;40000;INTARIAN_PEPPER_ROOT;12882;6;12878;12;;;12898;14;12901;22;;;12890.0;0.0
bear_volatile_s2;40000;ASH_COATED_OSMIUM;10000;11;9998;21;;;10022;19;10024;22;;;10011.0;0.0
bear_volatile_s2;40100;INTARIAN_PEPPER_ROOT;12870;23;12868;17;;;12912;14;12916;22;;;12891.0;0.0
bear_volatile_s2;40100;ASH_COATED_OSMIUM;10009;19;10006;11;;;10017;6;10020;20;;;10013.0;0.0
bear_volatile_s2;40200;INTARIAN_PEPPER_ROOT;12873;9;12871;21;;;12911;14;12913;21;;;12892.0;0.0
bear_volatile_s2;40200;ASH_COATED_OSMIUM;10009;11;10005;14;;;10023;10;10026;19;;;10016.0;0.0
bear_volatile_s2;40300;INTARIAN_PEPPER_ROOT;12889;16;12885;25;;;12891;14;12893;18;;;12890.0;0.0
bear_volatile_s2;40300;ASH_COATED_OSMIUM;10015;8;10011;12;;;10021;7;10024;12;;;10018.0;0.0
bear_volatile_s2;40400;INTARIAN_PEPPER_ROOT;12889;9;12886;16;;;12893;11;12896;16;;;12891.0;0.0
bear_volatile_s2;40400;ASH_COATED_OSMIUM;10012;8;10008;13;;;10018;17;10022;22;;;10015.0;0.0
bear_volatile_s2;40500;INTARIAN_PEPPER_ROOT;12885;17;12883;21;;;12891;10;12893;18;;;12888.0;0.0
bear_volatile_s2;40500;ASH_COATED_OSMIUM;9987;16;9984;19;;;10029;11;10032;20;;;10008.0;0.0
bear_volatile_s2;40600;INTARIAN_PEPPER_ROOT;12883;13;12881;17;;;12891;19;12893;18;;;12887.0;0.0
bear_volatile_s2;40600;ASH_COATED_OSMIUM;9982;11;9979;13;;;10024;12;10026;8;;;10003.0;0.0
bear_volatile_s2;40700;INTARIAN_PEPPER_ROOT;12875;12;12872;16;;;12895;8;12897;23;;;12885.0;0.0
bear_volatile_s2;40700;ASH_COATED_OSMIUM;9998;13;9995;14;;;10004;5;10006;10;;;10001.0;0.0
bear_volatile_s2;40800;INTARIAN_PEPPER_ROOT;12868;20;12866;15;;;12904;11;12908;21;;;12886.0;0.0
bear_volatile_s2;40800;ASH_COATED_OSMIUM;10001;12;9999;16;;;10003;9;10007;20;;;10002.0;0.0
bear_volatile_s2;40900;INTARIAN_PEPPER_ROOT;12883;14;12879;23;;;12887;11;12889;15;;;12885.0;0.0
bear_volatile_s2;40900;ASH_COATED_OSMIUM;9998;11;9995;14;;;10002;12;10004;18;;;10000.0;0.0
bear_volatile_s2;41000;INTARIAN_PEPPER_ROOT;12882;8;12880;17;;;12892;11;12895;17;;;12887.0;0.0
bear_volatile_s2;41000;ASH_COATED_OSMIUM;10000;21;9998;20;;;10004;10;10008;18;;;10002.0;0.0
bear_volatile_s2;41100;INTARIAN_PEPPER_ROOT;12885;14;12883;19;;;12887;10;12889;16;;;12886.0;0.0
bear_volatile_s2;41100;ASH_COATED_OSMIUM;9979;19;9976;20;;;10031;15;10034;20;;;10005.0;0.0
bear_volatile_s2;41200;INTARIAN_PEPPER_ROOT;12879;17;12875;16;;;12895;21;12897;14;;;12887.0;0.0
bear_volatile_s2;41200;ASH_COATED_OSMIUM;9995;20;9991;24;;;10009;13;10011;27;;;10002.0;0.0
bear_volatile_s2;41300;INTARIAN_PEPPER_ROOT;12882;11;12880;29;;;12888;16;12890;9;;;12885.0;0.0
bear_volatile_s2;41300;ASH_COATED_OSMIUM;9984;6;9981;21;;;10016;9;10018;18;;;10000.0;0.0
bear_volatile_s2;41400;INTARIAN_PEPPER_ROOT;12884;17;12880;22;;;12888;9;12892;28;;;12886.0;0.0
bear_volatile_s2;41400;ASH_COATED_OSMIUM;9998;13;9995;21;;;10004;12;10006;18;;;10001.0;0.0
bear_volatile_s2;41500;INTARIAN_PEPPER_ROOT;12872;25;12868;20;;;12900;8;12903;25;;;12886.0;0.0
bear_volatile_s2;41500;ASH_COATED_OSMIUM;9976;7;9974;21;;;10022;14;10025;14;;;9999.0;0.0
bear_volatile_s2;41600;INTARIAN_PEPPER_ROOT;12885;14;12881;17;;;12887;23;12889;24;;;12886.0;0.0
bear_volatile_s2;41600;ASH_COATED_OSMIUM;9994;16;9992;21;;;10004;13;10007;21;;;9999.0;0.0
bear_volatile_s2;41700;INTARIAN_PEPPER_ROOT;12884;14;12882;11;;;12886;18;12888;14;;;12885.0;0.0
bear_volatile_s2;41700;ASH_COATED_OSMIUM;9995;17;9991;18;;;10001;16;10004;14;;;9998.0;0.0
bear_volatile_s2;41800;INTARIAN_PEPPER_ROOT;12873;12;12869;21;;;12893;20;12897;26;;;12883.0;0.0
bear_volatile_s2;41800;ASH_COATED_OSMIUM;9993;14;9989;24;;;9999;19;10002;20;;;9996.0;0.0
bear_volatile_s2;41900;INTARIAN_PEPPER_ROOT;12866;9;12864;26;;;12900;20;12902;24;;;12883.0;0.0
bear_volatile_s2;41900;ASH_COATED_OSMIUM;9991;13;9988;14;;;10003;12;10006;19;;;9997.0;0.0
bear_volatile_s2;42000;INTARIAN_PEPPER_ROOT;12878;12;12876;17;;;12890;20;12894;19;;;12884.0;0.0
bear_volatile_s2;42000;ASH_COATED_OSMIUM;10002;9;9999;11;;;10004;5;10007;14;;;10003.0;0.0
bear_volatile_s2;42100;INTARIAN_PEPPER_ROOT;12879;17;12876;22;;;12885;24;12887;21;;;12882.0;0.0
bear_volatile_s2;42100;ASH_COATED_OSMIUM;9999;12;9995;20;;;10001;6;10003;23;;;10000.0;0.0
bear_volatile_s2;42200;INTARIAN_PEPPER_ROOT;12878;12;12874;23;;;12880;12;12882;19;;;12879.0;0.0
bear_volatile_s2;42200;ASH_COATED_OSMIUM;9997;17;9993;22;;;10003;16;10005;16;;;10000.0;0.0
bear_volatile_s2;42300;INTARIAN_PEPPER_ROOT;12875;16;12872;16;;;12883;11;12887;23;;;12879.0;0.0
bear_volatile_s2;42300;ASH_COATED_OSMIUM;9995;19;9992;13;;;10009;18;10011;16;;;10002.0;0.0
bear_volatile_s2;42400;INTARIAN_PEPPER_ROOT;12873;10;12869;27;;;12887;14;12889;27;;;12880.0;0.0
bear_volatile_s2;42400;ASH_COATED_OSMIUM;9998;15;9994;26;;;10006;14;10010;16;;;10002.0;0.0
bear_volatile_s2;42500;INTARIAN_PEPPER_ROOT;12876;18;12873;23;;;12880;8;12882;16;;;12878.0;0.0
bear_volatile_s2;42500;ASH_COATED_OSMIUM;9993;9;9990;23;;;10009;8;10011;16;;;10001.0;0.0
bear_volatile_s2;42600;INTARIAN_PEPPER_ROOT;12872;17;12869;18;;;12880;11;12884;23;;;12876.0;0.0
bear_volatile_s2;42600;ASH_COATED_OSMIUM;9981;17;9978;17;;;10019;11;10021;20;;;10000.0;0.0
bear_volatile_s2;42700;INTARIAN_PEPPER_ROOT;12876;19;12873;17;;;12878;12;12880;20;;;12877.0;0.0
bear_volatile_s2;42700;ASH_COATED_OSMIUM;9985;6;9981;31;;;10007;12;10009;21;;;9996.0;0.0
bear_volatile_s2;42800;INTARIAN_PEPPER_ROOT;12864;16;12860;25;;;12888;12;12892;18;;;12876.0;0.0
bear_volatile_s2;42800;ASH_COATED_OSMIUM;9994;14;9991;19;;;10002;8;10005;20;;;9998.0;0.0
bear_volatile_s2;42900;INTARIAN_PEPPER_ROOT;12842;10;12839;13;;;12910;22;12912;21;;;12876.0;0.0
bear_volatile_s2;42900;ASH_COATED_OSMIUM;9991;19;9989;13;;;10007;18;10011;14;;;9999.0;0.0
bear_volatile_s2;43000;INTARIAN_PEPPER_ROOT;12875;21;12871;19;;;12879;22;12882;16;;;12877.0;0.0
bear_volatile_s2;43000;ASH_COATED_OSMIUM;10000;10;9996;22;;;10002;10;10006;8;;;10001.0;0.0
bear_volatile_s2;43100;INTARIAN_PEPPER_ROOT;12876;19;12872;15;;;12878;18;12882;24;;;12877.0;0.0
bear_volatile_s2;43100;ASH_COATED_OSMIUM;9985;21;9981;14;;;10011;8;10013;21;;;9998.0;0.0
bear_volatile_s2;43200;INTARIAN_PEPPER_ROOT;12870;14;12868;19;;;12884;13;12888;18;;;12877.0;0.0
bear_volatile_s2;43200;ASH_COATED_OSMIUM;9988;11;9985;23;;;9994;10;9998;20;;;9991.0;0.0
bear_volatile_s2;43300;INTARIAN_PEPPER_ROOT;12875;8;12871;22;;;12879;23;12882;21;;;12877.0;0.0
bear_volatile_s2;43300;ASH_COATED_OSMIUM;9983;23;9980;12;;;9991;5;9994;15;;;9987.0;0.0
bear_volatile_s2;43400;INTARIAN_PEPPER_ROOT;12877;17;12874;17;;;12879;17;12883;23;;;12878.0;0.0
bear_volatile_s2;43400;ASH_COATED_OSMIUM;9985;11;9982;12;;;9995;12;9998;20;;;9990.0;0.0
bear_volatile_s2;43500;INTARIAN_PEPPER_ROOT;12875;20;12872;13;;;12877;16;12879;23;;;12876.0;0.0
bear_volatile_s2;43500;ASH_COATED_OSMIUM;9994;6;9990;17;;;9998;16;10000;16;;;9996.0;0.0
bear_volatile_s2;43600;INTARIAN_PEPPER_ROOT;12872;11;12869;14;;;12874;16;12877;17;;;12873.0;0.0
bear_volatile_s2;43600;ASH_COATED_OSMIUM;9988;17;9985;13;;;9998;11;10000;17;;;9993.0;0.0
bear_volatile_s2;43700;INTARIAN_PEPPER_ROOT;12835;23;12833;11;;;12909;5;12912;22;;;12872.0;0.0
bear_volatile_s2;43700;ASH_COATED_OSMIUM;9996;8;9993;26;;;9998;7;10002;22;;;9997.0;0.0
bear_volatile_s2;43800;INTARIAN_PEPPER_ROOT;12872;11;12868;22;;;12876;8;12880;23;;;12874.0;0.0
bear_volatile_s2;43800;ASH_COATED_OSMIUM;9992;9;9990;19;;;10006;20;10008;20;;;9999.0;0.0
bear_volatile_s2;43900;INTARIAN_PEPPER_ROOT;12859;17;12857;15;;;12889;10;12893;24;;;12874.0;0.0
bear_volatile_s2;43900;ASH_COATED_OSMIUM;9986;13;9983;20;;;10006;10;10010;21;;;9996.0;0.0
bear_volatile_s2;44000;INTARIAN_PEPPER_ROOT;12874;15;12872;15;;;12876;15;12879;17;;;12875.0;0.0
bear_volatile_s2;44000;ASH_COATED_OSMIUM;9995;7;9993;17;;;9997;11;10001;30;;;9996.0;0.0
bear_volatile_s2;44100;INTARIAN_PEPPER_ROOT;12867;12;12864;10;;;12883;17;12886;28;;;12875.0;0.0
bear_volatile_s2;44100;ASH_COATED_OSMIUM;9997;19;9995;15;;;9999;15;10003;12;;;9998.0;0.0
bear_volatile_s2;44200;INTARIAN_PEPPER_ROOT;12872;15;12870;24;;;12876;18;12880;18;;;12874.0;0.0
bear_volatile_s2;44200;ASH_COATED_OSMIUM;9981;11;9977;15;;;10015;12;10017;16;;;9998.0;0.0
bear_volatile_s2;44300;INTARIAN_PEPPER_ROOT;12866;16;12863;8;;;12882;7;12886;13;;;12874.0;0.0
bear_volatile_s2;44300;ASH_COATED_OSMIUM;9990;18;9986;27;;;10012;11;10014;20;;;10001.0;0.0
bear_volatile_s2;44400;INTARIAN_PEPPER_ROOT;12872;8;12869;24;;;12874;11;12878;12;;;12873.0;0.0
bear_volatile_s2;44400;ASH_COATED_OSMIUM;9994;19;9992;21;;;10008;9;10012;12;;;10001.0;0.0
bear_volatile_s2;44500;INTARIAN_PEPPER_ROOT;12869;15;12866;17;;;12871;19;12874;18;;;12870.0;0.0
bear_volatile_s2;44500;ASH_COATED_OSMIUM;9997;18;9995;16;;;9999;11;10001;24;;;9998.0;0.0
bear_volatile_s2;44600;INTARIAN_PEPPER_ROOT;12867;12;12865;25;;;12871;11;12874;22;;;12869.0;0.0
bear_volatile_s2;44600;ASH_COATED_OSMIUM;9994;8;9991;16;;;10004;12;10006;23;;;9999.0;0.0
bear_volatile_s2;44700;INTARIAN_PEPPER_ROOT;12866;15;12862;22;;;12868;22;12872;23;;;12867.0;0.0
bear_volatile_s2;44700;ASH_COATED_OSMIUM;9997;13;9995;14;;;10009;15;10013;21;;;10003.0;0.0
bear_volatile_s2;44800;INTARIAN_PEPPER_ROOT;12846;24;12844;13;;;12886;13;12889;19;;;12866.0;0.0
bear_volatile_s2;44800;ASH_COATED_OSMIUM;9991;10;9989;11;;;10011;5;10014;17;;;10001.0;0.0
bear_volatile_s2;44900;INTARIAN_PEPPER_ROOT;12847;9;12844;27;;;12885;20;12889;16;;;12866.0;0.0
bear_volatile_s2;44900;ASH_COATED_OSMIUM;9999;12;9997;25;;;10001;8;10004;15;;;10000.0;0.0
bear_volatile_s2;45000;INTARIAN_PEPPER_ROOT;12867;18;12863;18;;;12873;11;12877;21;;;12870.0;0.0
bear_volatile_s2;45000;ASH_COATED_OSMIUM;9992;16;9989;25;;;10004;12;10006;16;;;9998.0;0.0
bear_volatile_s2;45100;INTARIAN_PEPPER_ROOT;12866;18;12863;16;;;12872;11;12875;26;;;12869.0;0.0
bear_volatile_s2;45100;ASH_COATED_OSMIUM;9997;9;9993;14;;;10003;11;10007;29;;;10000.0;0.0
bear_volatile_s2;45200;INTARIAN_PEPPER_ROOT;12866;10;12863;17;;;12870;22;12874;14;;;12868.0;0.0
bear_volatile_s2;45200;ASH_COATED_OSMIUM;9994;10;9992;28;;;10002;24;10006;27;;;9998.0;0.0
bear_volatile_s2;45300;INTARIAN_PEPPER_ROOT;12867;12;12864;12;;;12869;20;12873;25;;;12868.0;0.0
bear_volatile_s2;45300;ASH_COATED_OSMIUM;9984;6;9982;20;;;10008;11;10012;25;;;9996.0;0.0
bear_volatile_s2;45400;INTARIAN_PEPPER_ROOT;12866;13;12864;30;;;12870;22;12873;16;;;12868.0;0.0
bear_volatile_s2;45400;ASH_COATED_OSMIUM;9995;16;9991;29;;;9999;16;10003;24;;;9997.0;0.0
bear_volatile_s2;45500;INTARIAN_PEPPER_ROOT;12866;10;12863;27;;;12870;21;12874;21;;;12868.0;0.0
bear_volatile_s2;45500;ASH_COATED_OSMIUM;9993;11;9990;18;;;9995;16;9998;16;;;9994.0;0.0
bear_volatile_s2;45600;INTARIAN_PEPPER_ROOT;12865;19;12863;16;;;12867;19;12870;19;;;12866.0;0.0
bear_volatile_s2;45600;ASH_COATED_OSMIUM;9996;18;9992;21;;;10000;13;10003;12;;;9998.0;0.0
bear_volatile_s2;45700;INTARIAN_PEPPER_ROOT;12863;5;12859;29;;;12865;15;12868;17;;;12864.0;0.0
bear_volatile_s2;45700;ASH_COATED_OSMIUM;9999;11;9996;28;;;10001;12;10004;17;;;10000.0;0.0
bear_volatile_s2;45800;INTARIAN_PEPPER_ROOT;12851;12;12849;12;;;12875;22;12878;20;;;12863.0;0.0
bear_volatile_s2;45800;ASH_COATED_OSMIUM;9970;13;9968;26;;;10034;13;10038;22;;;10002.0;0.0
bear_volatile_s2;45900;INTARIAN_PEPPER_ROOT;12859;11;12857;17;;;12863;15;12866;22;;;12861.0;0.0
bear_volatile_s2;45900;ASH_COATED_OSMIUM;9995;5;9993;10;;;10013;6;10016;25;;;10004.0;0.0
bear_volatile_s2;46000;INTARIAN_PEPPER_ROOT;12857;14;12853;17;;;12863;8;12865;24;;;12860.0;0.0
bear_volatile_s2;46000;ASH_COATED_OSMIUM;10004;28;10002;15;;;10006;13;10010;26;;;10005.0;0.0
bear_volatile_s2;46100;INTARIAN_PEPPER_ROOT;12851;12;12849;34;;;12867;5;12869;22;;;12859.0;0.0
bear_volatile_s2;46100;ASH_COATED_OSMIUM;9981;16;9977;9;;;10027;28;10029;16;;;10004.0;0.0
bear_volatile_s2;46200;INTARIAN_PEPPER_ROOT;12853;8;12850;15;;;12867;16;12870;23;;;12860.0;0.0
bear_volatile_s2;46200;ASH_COATED_OSMIUM;9988;26;9986;11;;;10032;11;10035;22;;;10010.0;0.0
bear_volatile_s2;46300;INTARIAN_PEPPER_ROOT;12848;16;12844;13;;;12864;8;12868;26;;;12856.0;0.0
bear_volatile_s2;46300;ASH_COATED_OSMIUM;10004;18;10002;21;;;10018;12;10021;15;;;10011.0;0.0
bear_volatile_s2;46400;INTARIAN_PEPPER_ROOT;12854;5;12851;20;;;12864;10;12866;26;;;12859.0;0.0
bear_volatile_s2;46400;ASH_COATED_OSMIUM;10005;8;10001;20;;;10013;15;10016;17;;;10009.0;0.0
bear_volatile_s2;46500;INTARIAN_PEPPER_ROOT;12848;19;12846;20;;;12868;15;12872;20;;;12858.0;0.0
bear_volatile_s2;46500;ASH_COATED_OSMIUM;9962;20;9958;16;;;10050;30;10053;20;;;10006.0;0.0
bear_volatile_s2;46600;INTARIAN_PEPPER_ROOT;12842;19;12838;18;;;12870;13;12874;20;;;12856.0;0.0
bear_volatile_s2;46600;ASH_COATED_OSMIUM;9984;5;9980;21;;;10030;17;10032;17;;;10007.0;0.0
bear_volatile_s2;46700;INTARIAN_PEPPER_ROOT;12853;13;12849;10;;;12855;12;12859;20;;;12854.0;0.0
bear_volatile_s2;46700;ASH_COATED_OSMIUM;10000;8;9996;16;;;10012;12;10015;20;;;10006.0;0.0
bear_volatile_s2;46800;INTARIAN_PEPPER_ROOT;12844;12;12842;22;;;12866;12;12870;21;;;12855.0;0.0
bear_volatile_s2;46800;ASH_COATED_OSMIUM;9999;13;9995;16;;;10011;12;10014;27;;;10005.0;0.0
bear_volatile_s2;46900;INTARIAN_PEPPER_ROOT;12856;12;12854;23;;;12858;7;12862;27;;;12857.0;0.0
bear_volatile_s2;46900;ASH_COATED_OSMIUM;9991;15;9989;14;;;10031;5;10034;21;;;10011.0;0.0
bear_volatile_s2;47000;INTARIAN_PEPPER_ROOT;12850;20;12847;22;;;12860;10;12862;19;;;12855.0;0.0
bear_volatile_s2;47000;ASH_COATED_OSMIUM;10005;12;10003;16;;;10015;11;10017;23;;;10010.0;0.0
bear_volatile_s2;47100;INTARIAN_PEPPER_ROOT;12854;15;12850;27;;;12856;7;12859;20;;;12855.0;0.0
bear_volatile_s2;47100;ASH_COATED_OSMIUM;10005;16;10001;19;;;10021;5;10023;16;;;10013.0;0.0
bear_volatile_s2;47200;INTARIAN_PEPPER_ROOT;12844;8;12841;20;;;12866;11;12869;18;;;12855.0;0.0
bear_volatile_s2;47200;ASH_COATED_OSMIUM;9995;5;9991;15;;;10041;15;10045;17;;;10018.0;0.0
bear_volatile_s2;47300;INTARIAN_PEPPER_ROOT;12851;13;12849;14;;;12857;12;12859;13;;;12854.0;0.0
bear_volatile_s2;47300;ASH_COATED_OSMIUM;10017;7;10013;19;;;10023;12;10025;21;;;10020.0;0.0
bear_volatile_s2;47400;INTARIAN_PEPPER_ROOT;12846;10;12843;15;;;12860;17;12863;11;;;12853.0;0.0
bear_volatile_s2;47400;ASH_COATED_OSMIUM;10019;10;10016;24;;;10021;15;10023;20;;;10020.0;0.0
bear_volatile_s2;47500;INTARIAN_PEPPER_ROOT;12851;18;12848;16;;;12857;15;12861;20;;;12854.0;0.0
bear_volatile_s2;47500;ASH_COATED_OSMIUM;10017;17;10013;16;;;10021;7;10024;16;;;10019.0;0.0
bear_volatile_s2;47600;INTARIAN_PEPPER_ROOT;12849;12;12845;27;;;12853;19;12855;15;;;12851.0;0.0
bear_volatile_s2;47600;ASH_COATED_OSMIUM;10005;18;10001;16;;;10033;15;10037;15;;;10019.0;0.0
bear_volatile_s2;47700;INTARIAN_PEPPER_ROOT;12847;17;12843;13;;;12849;15;12853;17;;;12848.0;0.0
bear_volatile_s2;47700;ASH_COATED_OSMIUM;10012;14;10008;17;;;10026;14;10030;11;;;10019.0;0.0
bear_volatile_s2;47800;INTARIAN_PEPPER_ROOT;12832;20;12830;17;;;12864;16;12868;22;;;12848.0;0.0
bear_volatile_s2;47800;ASH_COATED_OSMIUM;10016;12;10014;12;;;10018;20;10022;14;;;10017.0;0.0
bear_volatile_s2;47900;INTARIAN_PEPPER_ROOT;12834;8;12830;22;;;12862;15;12864;16;;;12848.0;0.0
bear_volatile_s2;47900;ASH_COATED_OSMIUM;10005;9;10003;32;;;10025;12;10028;24;;;10015.0;0.0
bear_volatile_s2;48000;INTARIAN_PEPPER_ROOT;12838;17;12834;13;;;12858;11;12861;22;;;12848.0;0.0
bear_volatile_s2;48000;ASH_COATED_OSMIUM;10003;19;9999;16;;;10027;5;10030;19;;;10015.0;0.0
bear_volatile_s2;48100;INTARIAN_PEPPER_ROOT;12836;12;12833;25;;;12854;16;12858;22;;;12845.0;0.0
bear_volatile_s2;48100;ASH_COATED_OSMIUM;10007;19;10003;16;;;10011;10;10014;17;;;10009.0;0.0
bear_volatile_s2;48200;INTARIAN_PEPPER_ROOT;12842;13;12838;21;;;12846;15;12849;20;;;12844.0;0.0
bear_volatile_s2;48200;ASH_COATED_OSMIUM;10003;8;10001;22;;;10015;5;10017;30;;;10009.0;0.0
bear_volatile_s2;48300;INTARIAN_PEPPER_ROOT;12840;17;12837;12;;;12852;10;12854;21;;;12846.0;0.0
bear_volatile_s2;48300;ASH_COATED_OSMIUM;10004;20;10002;19;;;10010;11;10012;17;;;10007.0;0.0
bear_volatile_s2;48400;INTARIAN_PEPPER_ROOT;12837;17;12834;20;;;12849;12;12851;20;;;12843.0;0.0
bear_volatile_s2;48400;ASH_COATED_OSMIUM;10005;22;10003;20;;;10007;11;10009;22;;;10006.0;0.0
bear_volatile_s2;48500;INTARIAN_PEPPER_ROOT;12828;18;12825;19;;;12858;12;12860;17;;;12843.0;0.0
bear_volatile_s2;48500;ASH_COATED_OSMIUM;9993;18;9989;13;;;10013;6;10016;8;;;10003.0;0.0
bear_volatile_s2;48600;INTARIAN_PEPPER_ROOT;12841;16;12839;20;;;12843;12;12845;11;;;12842.0;0.0
bear_volatile_s2;48600;ASH_COATED_OSMIUM;9972;10;9968;17;;;10028;11;10032;24;;;10000.0;0.0
bear_volatile_s2;48700;INTARIAN_PEPPER_ROOT;12833;20;12831;17;;;12849;17;12851;21;;;12841.0;0.0
bear_volatile_s2;48700;ASH_COATED_OSMIUM;9996;8;9992;15;;;10006;9;10008;19;;;10001.0;0.0
bear_volatile_s2;48800;INTARIAN_PEPPER_ROOT;12837;9;12833;13;;;12839;13;12842;26;;;12838.0;0.0
bear_volatile_s2;48800;ASH_COATED_OSMIUM;10005;13;10002;21;;;10009;16;10013;19;;;10007.0;0.0
bear_volatile_s2;48900;INTARIAN_PEPPER_ROOT;12831;12;12829;25;;;12849;19;12852;18;;;12840.0;0.0
bear_volatile_s2;48900;ASH_COATED_OSMIUM;9984;5;9982;20;;;10034;9;10036;17;;;10009.0;0.0
bear_volatile_s2;49000;INTARIAN_PEPPER_ROOT;12828;24;12824;20;;;12846;12;12850;22;;;12837.0;0.0
bear_volatile_s2;49000;ASH_COATED_OSMIUM;10002;11;9999;22;;;10012;13;10016;15;;;10007.0;0.0
bear_volatile_s2;49100;INTARIAN_PEPPER_ROOT;12834;5;12832;19;;;12836;10;12840;20;;;12835.0;0.0
bear_volatile_s2;49100;ASH_COATED_OSMIUM;9999;15;9997;31;;;10013;10;10016;18;;;10006.0;0.0
bear_volatile_s2;49200;INTARIAN_PEPPER_ROOT;12821;17;12819;21;;;12845;11;12848;19;;;12833.0;0.0
bear_volatile_s2;49200;ASH_COATED_OSMIUM;9995;12;9992;23;;;10001;5;10005;18;;;9998.0;0.0
bear_volatile_s2;49300;INTARIAN_PEPPER_ROOT;12833;13;12830;21;;;12837;23;12839;10;;;12835.0;0.0
bear_volatile_s2;49300;ASH_COATED_OSMIUM;9971;14;9967;21;;;10019;16;10023;25;;;9995.0;0.0
bear_volatile_s2;49400;INTARIAN_PEPPER_ROOT;12833;14;12829;21;;;12835;25;12837;22;;;12834.0;0.0
bear_volatile_s2;49400;ASH_COATED_OSMIUM;9981;5;9977;16;;;10013;5;10016;18;;;9997.0;0.0
bear_volatile_s2;49500;INTARIAN_PEPPER_ROOT;12835;18;12832;18;;;12837;11;12841;13;;;12836.0;0.0
bear_volatile_s2;49500;ASH_COATED_OSMIUM;9996;11;9992;22;;;10006;11;10009;27;;;10001.0;0.0
bear_volatile_s2;49600;INTARIAN_PEPPER_ROOT;12835;12;12831;23;;;12837;9;12839;23;;;12836.0;0.0
bear_volatile_s2;49600;ASH_COATED_OSMIUM;9981;10;9979;19;;;10017;20;10019;23;;;9999.0;0.0
bear_volatile_s2;49700;INTARIAN_PEPPER_ROOT;12829;5;12825;16;;;12843;13;12845;16;;;12836.0;0.0
bear_volatile_s2;49700;ASH_COATED_OSMIUM;9986;19;9983;26;;;10010;24;10012;16;;;9998.0;0.0
bear_volatile_s2;49800;INTARIAN_PEPPER_ROOT;12826;15;12824;20;;;12846;16;12850;20;;;12836.0;0.0
bear_volatile_s2;49800;ASH_COATED_OSMIUM;9998;10;9995;16;;;10000;10;10002;22;;;9999.0;0.0
bear_volatile_s2;49900;INTARIAN_PEPPER_ROOT;12836;11;12834;8;;;12840;8;12844;17;;;12838.0;0.0
bear_volatile_s2;49900;ASH_COATED_OSMIUM;9997;12;9995;25;;;10001;10;10003;15;;;9999.0;0.0
bear_volatile_s2;50000;INTARIAN_PEPPER_ROOT;12835;13;12833;28;;;12841;14;12844;12;;;12838.0;0.0
bear_volatile_s2;50000;ASH_COATED_OSMIUM;9990;11;9987;30;;;10008;24;10011;29;;;9999.0;0.0
bear_volatile_s2;50100;INTARIAN_PEPPER_ROOT;12815;9;12813;24;;;12857;9;12861;11;;;12836.0;0.0
bear_volatile_s2;50100;ASH_COATED_OSMIUM;9993;17;9989;20;;;9999;23;10003;23;;;9996.0;0.0
bear_volatile_s2;50200;INTARIAN_PEPPER_ROOT;12819;13;12816;19;;;12853;10;12856;21;;;12836.0;0.0
bear_volatile_s2;50200;ASH_COATED_OSMIUM;9985;8;9982;18;;;10009;22;10013;25;;;9997.0;0.0
bear_volatile_s2;50300;INTARIAN_PEPPER_ROOT;12813;11;12811;11;;;12861;10;12863;20;;;12837.0;0.0
bear_volatile_s2;50300;ASH_COATED_OSMIUM;9996;15;9994;18;;;9998;12;10001;23;;;9997.0;0.0
bear_volatile_s2;50400;INTARIAN_PEPPER_ROOT;12833;13;12830;33;;;12837;9;12840;25;;;12835.0;0.0
bear_volatile_s2;50400;ASH_COATED_OSMIUM;9995;5;9993;19;;;9997;15;10001;23;;;9996.0;0.0
bear_volatile_s2;50500;INTARIAN_PEPPER_ROOT;12831;17;12828;20;;;12837;16;12841;26;;;12834.0;0.0
bear_volatile_s2;50500;ASH_COATED_OSMIUM;9993;17;9991;15;;;10007;9;10010;17;;;10000.0;0.0
bear_volatile_s2;50600;INTARIAN_PEPPER_ROOT;12827;14;12824;21;;;12839;5;12842;11;;;12833.0;0.0
bear_volatile_s2;50600;ASH_COATED_OSMIUM;9987;12;9983;11;;;10021;17;10024;17;;;10004.0;0.0
bear_volatile_s2;50700;INTARIAN_PEPPER_ROOT;12821;17;12819;21;;;12849;16;12851;17;;;12835.0;0.0
bear_volatile_s2;50700;ASH_COATED_OSMIUM;9994;12;9990;32;;;10012;12;10015;12;;;10003.0;0.0
bear_volatile_s2;50800;INTARIAN_PEPPER_ROOT;12833;10;12829;27;;;12837;24;12841;24;;;12835.0;0.0
bear_volatile_s2;50800;ASH_COATED_OSMIUM;9994;18;9990;20;;;10012;5;10016;25;;;10003.0;0.0
bear_volatile_s2;50900;INTARIAN_PEPPER_ROOT;12819;15;12815;22;;;12843;10;12846;23;;;12831.0;0.0
bear_volatile_s2;50900;ASH_COATED_OSMIUM;9989;7;9986;18;;;10015;11;10018;20;;;10002.0;0.0
bear_volatile_s2;51000;INTARIAN_PEPPER_ROOT;12803;26;12801;18;;;12859;11;12861;28;;;12831.0;0.0
bear_volatile_s2;51000;ASH_COATED_OSMIUM;9991;18;9989;20;;;10007;5;10011;23;;;9999.0;0.0
bear_volatile_s2;51100;INTARIAN_PEPPER_ROOT;12828;16;12825;16;;;12830;14;12834;12;;;12829.0;0.0
bear_volatile_s2;51100;ASH_COATED_OSMIUM;9983;9;9981;18;;;10015;10;10019;17;;;9999.0;0.0
bear_volatile_s2;51200;INTARIAN_PEPPER_ROOT;12830;26;12827;30;;;12832;13;12834;17;;;12831.0;0.0
bear_volatile_s2;51200;ASH_COATED_OSMIUM;9999;9;9996;21;;;10001;18;10005;16;;;10000.0;0.0
bear_volatile_s2;51300;INTARIAN_PEPPER_ROOT;12830;13;12828;24;;;12832;7;12836;19;;;12831.0;0.0
bear_volatile_s2;51300;ASH_COATED_OSMIUM;9982;7;9979;24;;;10010;12;10012;16;;;9996.0;0.0
bear_volatile_s2;51400;INTARIAN_PEPPER_ROOT;12813;25;12811;21;;;12843;22;12845;18;;;12828.0;0.0
bear_volatile_s2;51400;ASH_COATED_OSMIUM;9991;11;9987;18;;;10003;11;10007;10;;;9997.0;0.0
bear_volatile_s2;51500;INTARIAN_PEPPER_ROOT;12825;12;12821;22;;;12829;19;12831;22;;;12827.0;0.0
bear_volatile_s2;51500;ASH_COATED_OSMIUM;10002;9;9998;26;;;10004;20;10006;12;;;10003.0;0.0
bear_volatile_s2;51600;INTARIAN_PEPPER_ROOT;12804;11;12802;22;;;12846;15;12848;22;;;12825.0;0.0
bear_volatile_s2;51600;ASH_COATED_OSMIUM;10003;20;9999;10;;;10005;9;10009;15;;;10004.0;0.0
bear_volatile_s2;51700;INTARIAN_PEPPER_ROOT;12823;19;12819;13;;;12825;17;12828;18;;;12824.0;0.0
bear_volatile_s2;51700;ASH_COATED_OSMIUM;10007;10;10003;18;;;10009;11;10013;21;;;10008.0;0.0
bear_volatile_s2;51800;INTARIAN_PEPPER_ROOT;12816;9;12813;19;;;12830;19;12834;21;;;12823.0;0.0
bear_volatile_s2;51800;ASH_COATED_OSMIUM;10007;14;10004;22;;;10009;16;10011;10;;;10008.0;0.0
bear_volatile_s2;51900;INTARIAN_PEPPER_ROOT;12816;13;12813;15;;;12822;19;12825;13;;;12819.0;0.0
bear_volatile_s2;51900;ASH_COATED_OSMIUM;9998;16;9995;11;;;10018;15;10021;25;;;10008.0;0.0
bear_volatile_s2;52000;INTARIAN_PEPPER_ROOT;12818;12;12814;17;;;12820;11;12822;15;;;12819.0;0.0
bear_volatile_s2;52000;ASH_COATED_OSMIUM;9992;15;9989;18;;;10020;18;10022;19;;;10006.0;0.0
bear_volatile_s2;52100;INTARIAN_PEPPER_ROOT;12796;16;12794;20;;;12838;12;12842;12;;;12817.0;0.0
bear_volatile_s2;52100;ASH_COATED_OSMIUM;10002;10;10000;11;;;10010;10;10012;19;;;10006.0;0.0
bear_volatile_s2;52200;INTARIAN_PEPPER_ROOT;12793;6;12791;17;;;12839;14;12842;20;;;12816.0;0.0
bear_volatile_s2;52200;ASH_COATED_OSMIUM;9997;11;9995;15;;;10015;14;10018;19;;;10006.0;0.0
bear_volatile_s2;52300;INTARIAN_PEPPER_ROOT;12799;13;12795;13;;;12833;13;12836;22;;;12816.0;0.0
bear_volatile_s2;52300;ASH_COATED_OSMIUM;10004;12;10001;20;;;10006;14;10008;15;;;10005.0;0.0
bear_volatile_s2;52400;INTARIAN_PEPPER_ROOT;12802;14;12798;17;;;12836;9;12840;17;;;12819.0;0.0
bear_volatile_s2;52400;ASH_COATED_OSMIUM;9998;17;9995;23;;;10006;16;10008;22;;;10002.0;0.0
bear_volatile_s2;52500;INTARIAN_PEPPER_ROOT;12817;18;12813;21;;;12819;9;12821;24;;;12818.0;0.0
bear_volatile_s2;52500;ASH_COATED_OSMIUM;9978;13;9974;13;;;10030;10;10034;30;;;10004.0;0.0
bear_volatile_s2;52600;INTARIAN_PEPPER_ROOT;12820;5;12818;14;;;12822;15;12824;14;;;12821.0;0.0
bear_volatile_s2;52600;ASH_COATED_OSMIUM;9997;19;9993;15;;;10007;12;10009;17;;;10002.0;0.0
bear_volatile_s2;52700;INTARIAN_PEPPER_ROOT;12814;13;12810;19;;;12820;13;12823;16;;;12817.0;0.0
bear_volatile_s2;52700;ASH_COATED_OSMIUM;9997;5;9995;8;;;10009;19;10013;20;;;10003.0;0.0
bear_volatile_s2;52800;INTARIAN_PEPPER_ROOT;12809;10;12806;22;;;12825;8;12827;22;;;12817.0;0.0
bear_volatile_s2;52800;ASH_COATED_OSMIUM;9995;19;9993;25;;;10011;8;10015;17;;;10003.0;0.0
bear_volatile_s2;52900;INTARIAN_PEPPER_ROOT;12814;9;12810;28;;;12818;13;12820;19;;;12816.0;0.0
bear_volatile_s2;52900;ASH_COATED_OSMIUM;9996;14;9992;22;;;10010;15;10012;18;;;10003.0;0.0
bear_volatile_s2;53000;INTARIAN_PEPPER_ROOT;12815;15;12813;23;;;12819;5;12821;24;;;12817.0;0.0
bear_volatile_s2;53000;ASH_COATED_OSMIUM;10005;17;10002;22;;;10007;13;10011;16;;;10006.0;0.0
bear_volatile_s2;53100;INTARIAN_PEPPER_ROOT;12806;15;12804;20;;;12822;10;12825;16;;;12814.0;0.0
bear_volatile_s2;53100;ASH_COATED_OSMIUM;9996;8;9992;26;;;10020;9;10023;22;;;10008.0;0.0
bear_volatile_s2;53200;INTARIAN_PEPPER_ROOT;12812;21;12810;25;;;12814;14;12818;26;;;12813.0;0.0
bear_volatile_s2;53200;ASH_COATED_OSMIUM;10005;14;10002;20;;;10007;5;10009;29;;;10006.0;0.0
bear_volatile_s2;53300;INTARIAN_PEPPER_ROOT;12810;15;12808;19;;;12814;10;12817;18;;;12812.0;0.0
bear_volatile_s2;53300;ASH_COATED_OSMIUM;10003;14;10001;25;;;10011;18;10013;11;;;10007.0;0.0
bear_volatile_s2;53400;INTARIAN_PEPPER_ROOT;12762;5;12759;20;;;12860;12;12862;22;;;12811.0;0.0
bear_volatile_s2;53400;ASH_COATED_OSMIUM;10003;12;9999;19;;;10015;6;10019;24;;;10009.0;0.0
bear_volatile_s2;53500;INTARIAN_PEPPER_ROOT;12804;14;12802;15;;;12820;5;12824;23;;;12812.0;0.0
bear_volatile_s2;53500;ASH_COATED_OSMIUM;10000;16;9997;16;;;10014;21;10016;15;;;10007.0;0.0
bear_volatile_s2;53600;INTARIAN_PEPPER_ROOT;12810;12;12807;18;;;12820;22;12824;21;;;12815.0;0.0
