day;timestamp;product;bid_price_1;bid_volume_1;bid_price_2;bid_volume_2;bid_price_3;bid_volume_3;ask_price_1;ask_volume_1;ask_price_2;ask_volume_2;ask_price_3;ask_volume_3;mid_price;profit_and_loss
spike_crash_volatile_s2;0;INTARIAN_PEPPER_ROOT;10998;10;10995;16;;;11000;14;11004;22;;;10999.0;0.0
spike_crash_volatile_s2;0;ASH_COATED_OSMIUM;9986;8;9984;13;;;10014;23;10017;23;;;10000.0;0.0
spike_crash_volatile_s2;100;INTARIAN_PEPPER_ROOT;10997;13;10993;17;;;11001;5;11005;14;;;10999.0;0.0
spike_crash_volatile_s2;100;ASH_COATED_OSMIUM;9993;20;9991;22;;;10001;8;10004;23;;;9997.0;0.0
spike_crash_volatile_s2;200;INTARIAN_PEPPER_ROOT;10967;13;10963;19;;;11023;15;11026;27;;;10995.0;0.0
spike_crash_volatile_s2;200;ASH_COATED_OSMIUM;9983;14;9981;16;;;10009;13;10012;23;;;9996.0;0.0
spike_crash_volatile_s2;300;INTARIAN_PEPPER_ROOT;10999;5;10996;18;;;11001;16;11003;15;;;11000.0;0.0
spike_crash_volatile_s2;300;ASH_COATED_OSMIUM;9987;5;9985;14;;;10003;7;10005;19;;;9995.0;0.0
spike_crash_volatile_s2;400;INTARIAN_PEPPER_ROOT;10993;14;10990;18;;;10999;13;11001;18;;;10996.0;0.0
spike_crash_volatile_s2;400;ASH_COATED_OSMIUM;9987;17;9983;18;;;10001;17;10005;19;;;9994.0;0.0
spike_crash_volatile_s2;500;INTARIAN_PEPPER_ROOT;10979;12;10977;21;;;11011;13;11015;29;;;10995.0;0.0
spike_crash_volatile_s2;500;ASH_COATED_OSMIUM;9976;14;9974;19;;;10000;24;10004;24;;;9988.0;0.0
spike_crash_volatile_s2;600;INTARIAN_PEPPER_ROOT;10997;9;10995;22;;;10999;23;11002;22;;;10998.0;0.0
spike_crash_volatile_s2;600;ASH_COATED_OSMIUM;9977;5;9973;21;;;10003;14;10005;23;;;9990.0;0.0
spike_crash_volatile_s2;700;INTARIAN_PEPPER_ROOT;10989;6;10987;13;;;11001;6;11005;21;;;10995.0;0.0
spike_crash_volatile_s2;700;ASH_COATED_OSMIUM;9966;17;9962;15;;;10010;17;10013;18;;;9988.0;0.0
spike_crash_volatile_s2;800;INTARIAN_PEPPER_ROOT;10967;13;10965;20;;;11021;14;11024;23;;;10994.0;0.0
spike_crash_volatile_s2;800;ASH_COATED_OSMIUM;9987;17;9985;17;;;9991;7;9994;14;;;9989.0;0.0
spike_crash_volatile_s2;900;INTARIAN_PEPPER_ROOT;10984;16;10980;26;;;11002;15;11005;21;;;10993.0;0.0
spike_crash_volatile_s2;900;ASH_COATED_OSMIUM;9973;17;9970;16;;;9997;21;10000;17;;;9985.0;0.0
spike_crash_volatile_s2;1000;INTARIAN_PEPPER_ROOT;10988;16;10984;18;;;11002;20;11005;27;;;10995.0;0.0
spike_crash_volatile_s2;1000;ASH_COATED_OSMIUM;9968;20;9965;15;;;9994;14;9996;13;;;9981.0;0.0
spike_crash_volatile_s2;1100;INTARIAN_PEPPER_ROOT;10999;9;10996;18;;;11005;18;11008;26;;;11002.0;0.0
spike_crash_volatile_s2;1100;ASH_COATED_OSMIUM;9962;22;9959;21;;;10002;15;10005;11;;;9982.0;0.0
spike_crash_volatile_s2;1200;INTARIAN_PEPPER_ROOT;10999;12;10996;28;;;11009;13;11011;20;;;11004.0;0.0
spike_crash_volatile_s2;1200;ASH_COATED_OSMIUM;9978;21;9976;23;;;9986;17;9988;17;;;9982.0;0.0
spike_crash_volatile_s2;1300;INTARIAN_PEPPER_ROOT;11000;9;10996;23;;;11002;10;11005;20;;;11001.0;0.0
spike_crash_volatile_s2;1300;ASH_COATED_OSMIUM;9982;22;9979;25;;;9984;13;9988;22;;;9983.0;0.0
spike_crash_volatile_s2;1400;INTARIAN_PEPPER_ROOT;10997;14;10993;17;;;11009;12;11013;28;;;11003.0;0.0
spike_crash_volatile_s2;1400;ASH_COATED_OSMIUM;9983;9;9981;8;;;9987;13;9989;13;;;9985.0;0.0
spike_crash_volatile_s2;1500;INTARIAN_PEPPER_ROOT;11002;17;10998;25;;;11004;17;11007;18;;;11003.0;0.0
spike_crash_volatile_s2;1500;ASH_COATED_OSMIUM;9980;17;9978;21;;;9982;11;9985;26;;;9981.0;0.0
spike_crash_volatile_s2;1600;INTARIAN_PEPPER_ROOT;10993;17;10990;20;;;11015;8;11017;24;;;11004.0;0.0
spike_crash_volatile_s2;1600;ASH_COATED_OSMIUM;9981;8;9978;22;;;9983;14;9985;25;;;9982.0;0.0
spike_crash_volatile_s2;1700;INTARIAN_PEPPER_ROOT;10978;20;10974;14;;;11036;21;11038;15;;;11007.0;0.0
spike_crash_volatile_s2;1700;ASH_COATED_OSMIUM;9978;9;9974;15;;;9988;12;9992;20;;;9983.0;0.0
spike_crash_volatile_s2;1800;INTARIAN_PEPPER_ROOT;10999;25;10996;12;;;11017;22;11021;13;;;11008.0;0.0
spike_crash_volatile_s2;1800;ASH_COATED_OSMIUM;9972;11;9968;14;;;9994;18;9997;21;;;9983.0;0.0
spike_crash_volatile_s2;1900;INTARIAN_PEPPER_ROOT;11007;11;11003;15;;;11009;16;11011;20;;;11008.0;0.0
spike_crash_volatile_s2;1900;ASH_COATED_OSMIUM;9974;13;9971;17;;;9994;18;9996;17;;;9984.0;0.0
spike_crash_volatile_s2;2000;INTARIAN_PEPPER_ROOT;11004;15;11000;19;;;11010;19;11013;24;;;11007.0;0.0
spike_crash_volatile_s2;2000;ASH_COATED_OSMIUM;9983;10;9979;26;;;9985;16;9989;13;;;9984.0;0.0
spike_crash_volatile_s2;2100;INTARIAN_PEPPER_ROOT;11006;14;11004;26;;;11008;17;11011;20;;;11007.0;0.0
spike_crash_volatile_s2;2100;ASH_COATED_OSMIUM;9971;21;9969;19;;;10001;13;10005;25;;;9986.0;0.0
spike_crash_volatile_s2;2200;INTARIAN_PEPPER_ROOT;10999;17;10995;26;;;11019;11;11022;21;;;11009.0;0.0
spike_crash_volatile_s2;2200;ASH_COATED_OSMIUM;9982;5;9978;21;;;9984;5;9986;16;;;9983.0;0.0
spike_crash_volatile_s2;2300;INTARIAN_PEPPER_ROOT;11005;20;11003;25;;;11011;22;11013;18;;;11008.0;0.0
spike_crash_volatile_s2;2300;ASH_COATED_OSMIUM;9979;9;9976;15;;;9981;18;9983;16;;;9980.0;0.0
spike_crash_volatile_s2;2400;INTARIAN_PEPPER_ROOT;11006;10;11002;18;;;11008;21;11010;10;;;11007.0;0.0
spike_crash_volatile_s2;2400;ASH_COATED_OSMIUM;9984;5;9981;26;;;9994;15;9996;15;;;9989.0;0.0
spike_crash_volatile_s2;2500;INTARIAN_PEPPER_ROOT;11007;15;11004;20;;;11009;23;11013;24;;;11008.0;0.0
spike_crash_volatile_s2;2500;ASH_COATED_OSMIUM;9949;10;9945;23;;;10021;16;10025;19;;;9985.0;0.0
spike_crash_volatile_s2;2600;INTARIAN_PEPPER_ROOT;11006;16;11002;9;;;11008;13;11011;20;;;11007.0;0.0
spike_crash_volatile_s2;2600;ASH_COATED_OSMIUM;9981;16;9977;15;;;9991;6;9995;19;;;9986.0;0.0
spike_crash_volatile_s2;2700;INTARIAN_PEPPER_ROOT;11001;17;10998;15;;;11011;18;11013;18;;;11006.0;0.0
spike_crash_volatile_s2;2700;ASH_COATED_OSMIUM;9981;19;9978;25;;;10001;17;10003;21;;;9991.0;0.0
spike_crash_volatile_s2;2800;INTARIAN_PEPPER_ROOT;11002;13;10998;24;;;11004;22;11007;19;;;11003.0;0.0
spike_crash_volatile_s2;2800;ASH_COATED_OSMIUM;9988;12;9985;21;;;9990;13;9994;23;;;9989.0;0.0
spike_crash_volatile_s2;2900;INTARIAN_PEPPER_ROOT;10997;26;10993;35;;;11011;9;11015;18;;;11004.0;0.0
spike_crash_volatile_s2;2900;ASH_COATED_OSMIUM;9982;22;9978;25;;;9998;8;10001;14;;;9990.0;0.0
spike_crash_volatile_s2;3000;INTARIAN_PEPPER_ROOT;10999;21;10997;21;;;11009;18;11012;11;;;11004.0;0.0
spike_crash_volatile_s2;3000;ASH_COATED_OSMIUM;9968;12;9964;18;;;10014;5;10016;19;;;9991.0;0.0
spike_crash_volatile_s2;3100;INTARIAN_PEPPER_ROOT;11007;12;11004;12;;;11013;16;11015;26;;;11010.0;0.0
spike_crash_volatile_s2;3100;ASH_COATED_OSMIUM;9969;17;9965;22;;;10015;14;10019;8;;;9992.0;0.0
spike_crash_volatile_s2;3200;INTARIAN_PEPPER_ROOT;11000;5;10998;23;;;11012;11;11014;22;;;11006.0;0.0
spike_crash_volatile_s2;3200;ASH_COATED_OSMIUM;9991;18;9987;15;;;9995;11;9997;22;;;9993.0;0.0
spike_crash_volatile_s2;3300;INTARIAN_PEPPER_ROOT;11005;9;11001;21;;;11009;10;11012;20;;;11007.0;0.0
spike_crash_volatile_s2;3300;ASH_COATED_OSMIUM;9999;6;9996;21;;;10001;16;10003;21;;;10000.0;0.0
spike_crash_volatile_s2;3400;INTARIAN_PEPPER_ROOT;11007;5;11005;17;;;11011;21;11013;21;;;11009.0;0.0
spike_crash_volatile_s2;3400;ASH_COATED_OSMIUM;9975;11;9973;19;;;10015;7;10018;24;;;9995.0;0.0
spike_crash_volatile_s2;3500;INTARIAN_PEPPER_ROOT;10998;20;10995;20;;;11026;22;11029;22;;;11012.0;0.0
spike_crash_volatile_s2;3500;ASH_COATED_OSMIUM;9993;19;9989;14;;;9995;13;9999;9;;;9994.0;0.0
spike_crash_volatile_s2;3600;INTARIAN_PEPPER_ROOT;11010;16;11006;30;;;11020;19;11023;20;;;11015.0;0.0
spike_crash_volatile_s2;3600;ASH_COATED_OSMIUM;9988;11;9984;28;;;10002;11;10005;20;;;9995.0;0.0
spike_crash_volatile_s2;3700;INTARIAN_PEPPER_ROOT;11014;9;11010;22;;;11016;11;11019;24;;;11015.0;0.0
spike_crash_volatile_s2;3700;ASH_COATED_OSMIUM;9976;5;9973;18;;;10010;15;10014;16;;;9993.0;0.0
spike_crash_volatile_s2;3800;INTARIAN_PEPPER_ROOT;10980;18;10976;15;;;11050;9;11052;15;;;11015.0;0.0
spike_crash_volatile_s2;3800;ASH_COATED_OSMIUM;9992;8;9989;26;;;9994;14;9996;15;;;9993.0;0.0
spike_crash_volatile_s2;3900;INTARIAN_PEPPER_ROOT;11017;8;11015;34;;;11019;18;11023;19;;;11018.0;0.0
spike_crash_volatile_s2;3900;ASH_COATED_OSMIUM;9988;19;9986;16;;;10006;16;10010;14;;;9997.0;0.0
spike_crash_volatile_s2;4000;INTARIAN_PEPPER_ROOT;11016;11;11014;21;;;11018;10;11020;21;;;11017.0;0.0
spike_crash_volatile_s2;4000;ASH_COATED_OSMIUM;9994;18;9991;21;;;10000;12;10002;18;;;9997.0;0.0
spike_crash_volatile_s2;4100;INTARIAN_PEPPER_ROOT;11011;9;11007;21;;;11031;8;11033;27;;;11021.0;0.0
spike_crash_volatile_s2;4100;ASH_COATED_OSMIUM;9987;19;9985;20;;;9997;20;10000;21;;;9992.0;0.0
spike_crash_volatile_s2;4200;INTARIAN_PEPPER_ROOT;11015;19;11011;20;;;11019;8;11022;17;;;11017.0;0.0
spike_crash_volatile_s2;4200;ASH_COATED_OSMIUM;9992;17;9990;21;;;9994;9;9996;23;;;9993.0;0.0
spike_crash_volatile_s2;4300;INTARIAN_PEPPER_ROOT;11015;21;11013;22;;;11031;17;11033;17;;;11023.0;0.0
spike_crash_volatile_s2;4300;ASH_COATED_OSMIUM;9987;12;9984;15;;;9993;13;9996;22;;;9990.0;0.0
spike_crash_volatile_s2;4400;INTARIAN_PEPPER_ROOT;11010;9;11006;28;;;11044;19;11047;22;;;11027.0;0.0
spike_crash_volatile_s2;4400;ASH_COATED_OSMIUM;9972;18;9968;15;;;10010;14;10014;22;;;9991.0;0.0
spike_crash_volatile_s2;4500;INTARIAN_PEPPER_ROOT;11012;8;11009;18;;;11042;16;11044;22;;;11027.0;0.0
spike_crash_volatile_s2;4500;ASH_COATED_OSMIUM;9981;15;9977;19;;;10001;20;10003;25;;;9991.0;0.0
spike_crash_volatile_s2;4600;INTARIAN_PEPPER_ROOT;11016;19;11014;13;;;11044;15;11046;15;;;11030.0;0.0
spike_crash_volatile_s2;4600;ASH_COATED_OSMIUM;9990;14;9987;21;;;9992;11;9994;23;;;9991.0;0.0
spike_crash_volatile_s2;4700;INTARIAN_PEPPER_ROOT;11030;21;11027;21;;;11032;14;11035;23;;;11031.0;0.0
spike_crash_volatile_s2;4700;ASH_COATED_OSMIUM;9970;13;9968;25;;;10020;16;10024;18;;;9995.0;0.0
spike_crash_volatile_s2;4800;INTARIAN_PEPPER_ROOT;11025;22;11022;18;;;11035;15;11037;26;;;11030.0;0.0
spike_crash_volatile_s2;4800;ASH_COATED_OSMIUM;9991;5;9988;18;;;9995;7;9999;8;;;9993.0;0.0
spike_crash_volatile_s2;4900;INTARIAN_PEPPER_ROOT;11010;19;11008;23;;;11052;9;11056;11;;;11031.0;0.0
spike_crash_volatile_s2;4900;ASH_COATED_OSMIUM;9986;14;9984;21;;;10004;18;10006;25;;;9995.0;0.0
spike_crash_volatile_s2;5000;INTARIAN_PEPPER_ROOT;11028;16;11026;18;;;11040;11;11043;18;;;11034.0;0.0
spike_crash_volatile_s2;5000;ASH_COATED_OSMIUM;9996;18;9993;23;;;10000;15;10002;22;;;9998.0;0.0
spike_crash_volatile_s2;5100;INTARIAN_PEPPER_ROOT;11025;25;11022;18;;;11045;16;11048;19;;;11035.0;0.0
spike_crash_volatile_s2;5100;ASH_COATED_OSMIUM;9984;10;9981;13;;;10016;21;10019;20;;;10000.0;0.0
spike_crash_volatile_s2;5200;INTARIAN_PEPPER_ROOT;11033;7;11029;20;;;11037;13;11041;12;;;11035.0;0.0
spike_crash_volatile_s2;5200;ASH_COATED_OSMIUM;9982;5;9978;13;;;10016;12;10018;16;;;9999.0;0.0
spike_crash_volatile_s2;5300;INTARIAN_PEPPER_ROOT;11035;17;11032;26;;;11037;18;11039;16;;;11036.0;0.0
spike_crash_volatile_s2;5300;ASH_COATED_OSMIUM;10000;7;9997;27;;;10002;11;10004;16;;;10001.0;0.0
spike_crash_volatile_s2;5400;INTARIAN_PEPPER_ROOT;11031;10;11027;21;;;11045;10;11049;30;;;11038.0;0.0
spike_crash_volatile_s2;5400;ASH_COATED_OSMIUM;10003;7;9999;28;;;10009;23;10011;16;;;10006.0;0.0
spike_crash_volatile_s2;5500;INTARIAN_PEPPER_ROOT;11038;16;11035;31;;;11046;22;11048;25;;;11042.0;0.0
spike_crash_volatile_s2;5500;ASH_COATED_OSMIUM;10004;13;10000;13;;;10006;14;10008;23;;;10005.0;0.0
spike_crash_volatile_s2;5600;INTARIAN_PEPPER_ROOT;11030;16;11028;17;;;11052;16;11055;21;;;11041.0;0.0
spike_crash_volatile_s2;5600;ASH_COATED_OSMIUM;10000;14;9998;24;;;10016;11;10019;20;;;10008.0;0.0
spike_crash_volatile_s2;5700;INTARIAN_PEPPER_ROOT;11000;15;10997;18;;;11086;22;11090;23;;;11043.0;0.0
spike_crash_volatile_s2;5700;ASH_COATED_OSMIUM;10007;11;10003;21;;;10009;5;10013;12;;;10008.0;0.0
spike_crash_volatile_s2;5800;INTARIAN_PEPPER_ROOT;11041;18;11037;20;;;11049;8;11053;16;;;11045.0;0.0
spike_crash_volatile_s2;5800;ASH_COATED_OSMIUM;10006;6;10002;20;;;10016;9;10018;19;;;10011.0;0.0
spike_crash_volatile_s2;5900;INTARIAN_PEPPER_ROOT;11026;9;11022;8;;;11058;19;11060;12;;;11042.0;0.0
spike_crash_volatile_s2;5900;ASH_COATED_OSMIUM;9995;9;9991;20;;;10017;25;10019;20;;;10006.0;0.0
spike_crash_volatile_s2;6000;INTARIAN_PEPPER_ROOT;11038;23;11035;29;;;11044;15;11047;12;;;11041.0;0.0
spike_crash_volatile_s2;6000;ASH_COATED_OSMIUM;9988;13;9985;22;;;10024;12;10027;15;;;10006.0;0.0
spike_crash_volatile_s2;6100;INTARIAN_PEPPER_ROOT;11035;9;11033;19;;;11047;11;11051;24;;;11041.0;0.0
spike_crash_volatile_s2;6100;ASH_COATED_OSMIUM;9999;14;9997;11;;;10005;5;10009;15;;;10002.0;0.0
spike_crash_volatile_s2;6200;INTARIAN_PEPPER_ROOT;11042;17;11040;20;;;11044;13;11046;21;;;11043.0;0.0
spike_crash_volatile_s2;6200;ASH_COATED_OSMIUM;9996;12;9993;26;;;10004;13;10008;21;;;10000.0;0.0
spike_crash_volatile_s2;6300;INTARIAN_PEPPER_ROOT;11042;21;11038;24;;;11046;12;11048;22;;;11044.0;0.0
spike_crash_volatile_s2;6300;ASH_COATED_OSMIUM;10000;29;9997;18;;;10004;7;10007;15;;;10002.0;0.0
spike_crash_volatile_s2;6400;INTARIAN_PEPPER_ROOT;11039;11;11035;22;;;11041;9;11045;22;;;11040.0;0.0
spike_crash_volatile_s2;6400;ASH_COATED_OSMIUM;9983;11;9981;16;;;10023;9;10027;19;;;10003.0;0.0
spike_crash_volatile_s2;6500;INTARIAN_PEPPER_ROOT;11034;20;11032;19;;;11050;16;11053;13;;;11042.0;0.0
spike_crash_volatile_s2;6500;ASH_COATED_OSMIUM;9987;12;9983;13;;;10021;12;10025;23;;;10004.0;0.0
spike_crash_volatile_s2;6600;INTARIAN_PEPPER_ROOT;11039;16;11036;18;;;11043;25;11047;22;;;11041.0;0.0
spike_crash_volatile_s2;6600;ASH_COATED_OSMIUM;9995;17;9992;19;;;10011;12;10015;27;;;10003.0;0.0
spike_crash_volatile_s2;6700;INTARIAN_PEPPER_ROOT;11028;12;11026;24;;;11050;15;11053;12;;;11039.0;0.0
spike_crash_volatile_s2;6700;ASH_COATED_OSMIUM;9997;13;9993;18;;;9999;7;10001;19;;;9998.0;0.0
spike_crash_volatile_s2;6800;INTARIAN_PEPPER_ROOT;11033;17;11030;14;;;11049;18;11051;22;;;11041.0;0.0
spike_crash_volatile_s2;6800;ASH_COATED_OSMIUM;9998;15;9996;20;;;10000;11;10003;26;;;9999.0;0.0
spike_crash_volatile_s2;6900;INTARIAN_PEPPER_ROOT;11042;14;11040;22;;;11044;20;11047;22;;;11043.0;0.0
spike_crash_volatile_s2;6900;ASH_COATED_OSMIUM;9987;8;9983;12;;;10011;14;10014;19;;;9999.0;0.0
spike_crash_volatile_s2;7000;INTARIAN_PEPPER_ROOT;11036;21;11032;16;;;11050;22;11053;19;;;11043.0;0.0
spike_crash_volatile_s2;7000;ASH_COATED_OSMIUM;9999;22;9997;21;;;10005;11;10007;20;;;10002.0;0.0
spike_crash_volatile_s2;7100;INTARIAN_PEPPER_ROOT;11044;5;11042;14;;;11048;20;11051;13;;;11046.0;0.0
spike_crash_volatile_s2;7100;ASH_COATED_OSMIUM;9989;11;9986;11;;;10009;16;10012;28;;;9999.0;0.0
spike_crash_volatile_s2;7200;INTARIAN_PEPPER_ROOT;11045;11;11042;16;;;11047;15;11051;13;;;11046.0;0.0
spike_crash_volatile_s2;7200;ASH_COATED_OSMIUM;9994;5;9992;18;;;10004;17;10008;14;;;9999.0;0.0
spike_crash_volatile_s2;7300;INTARIAN_PEPPER_ROOT;11043;21;11040;22;;;11051;13;11054;26;;;11047.0;0.0
spike_crash_volatile_s2;7300;ASH_COATED_OSMIUM;9990;14;9988;18;;;10010;12;10012;25;;;10000.0;0.0
spike_crash_volatile_s2;7400;INTARIAN_PEPPER_ROOT;11037;9;11035;20;;;11055;22;11059;15;;;11046.0;0.0
spike_crash_volatile_s2;7400;ASH_COATED_OSMIUM;9989;22;9985;24;;;10013;20;10015;28;;;10001.0;0.0
spike_crash_volatile_s2;7500;INTARIAN_PEPPER_ROOT;11048;15;11045;26;;;11054;11;11056;11;;;11051.0;0.0
spike_crash_volatile_s2;7500;ASH_COATED_OSMIUM;9999;17;9995;27;;;10001;8;10003;22;;;10000.0;0.0
spike_crash_volatile_s2;7600;INTARIAN_PEPPER_ROOT;11043;25;11040;15;;;11047;9;11049;16;;;11045.0;0.0
spike_crash_volatile_s2;7600;ASH_COATED_OSMIUM;9998;7;9994;9;;;10000;16;10002;23;;;9999.0;0.0
spike_crash_volatile_s2;7700;INTARIAN_PEPPER_ROOT;11042;17;11038;14;;;11050;10;11054;25;;;11046.0;0.0
spike_crash_volatile_s2;7700;ASH_COATED_OSMIUM;9995;10;9993;22;;;9999;9;10001;17;;;9997.0;0.0
spike_crash_volatile_s2;7800;INTARIAN_PEPPER_ROOT;11042;19;11038;24;;;11054;8;11057;25;;;11048.0;0.0
spike_crash_volatile_s2;7800;ASH_COATED_OSMIUM;9986;13;9982;21;;;10008;8;10010;12;;;9997.0;0.0
spike_crash_volatile_s2;7900;INTARIAN_PEPPER_ROOT;11042;11;11038;11;;;11046;21;11050;27;;;11044.0;0.0
spike_crash_volatile_s2;7900;ASH_COATED_OSMIUM;9994;10;9991;23;;;10008;18;10012;12;;;10001.0;0.0
spike_crash_volatile_s2;8000;INTARIAN_PEPPER_ROOT;11039;12;11036;18;;;11051;16;11055;23;;;11045.0;0.0
spike_crash_volatile_s2;8000;ASH_COATED_OSMIUM;9994;13;9991;17;;;10016;5;10020;19;;;10005.0;0.0
spike_crash_volatile_s2;8100;INTARIAN_PEPPER_ROOT;11044;12;11042;15;;;11046;12;11050;26;;;11045.0;0.0
spike_crash_volatile_s2;8100;ASH_COATED_OSMIUM;9999;12;9996;12;;;10003;8;10005;24;;;10001.0;0.0
spike_crash_volatile_s2;8200;INTARIAN_PEPPER_ROOT;11046;13;11042;26;;;11052;22;11054;18;;;11049.0;0.0
spike_crash_volatile_s2;8200;ASH_COATED_OSMIUM;9993;9;9990;27;;;10011;16;10015;19;;;10002.0;0.0
spike_crash_volatile_s2;8300;INTARIAN_PEPPER_ROOT;11052;11;11049;14;;;11054;19;11056;20;;;11053.0;0.0
spike_crash_volatile_s2;8300;ASH_COATED_OSMIUM;9998;8;9996;20;;;10014;9;10016;21;;;10006.0;0.0
spike_crash_volatile_s2;8400;INTARIAN_PEPPER_ROOT;11036;12;11033;16;;;11070;14;11072;21;;;11053.0;0.0
spike_crash_volatile_s2;8400;ASH_COATED_OSMIUM;10005;11;10001;25;;;10011;15;10014;14;;;10008.0;0.0
spike_crash_volatile_s2;8500;INTARIAN_PEPPER_ROOT;11050;13;11046;18;;;11052;14;11054;20;;;11051.0;0.0
spike_crash_volatile_s2;8500;ASH_COATED_OSMIUM;10007;13;10005;21;;;10009;9;10013;14;;;10008.0;0.0
spike_crash_volatile_s2;8600;INTARIAN_PEPPER_ROOT;11053;5;11050;30;;;11057;15;11060;15;;;11055.0;0.0
spike_crash_volatile_s2;8600;ASH_COATED_OSMIUM;10003;19;10001;9;;;10013;7;10015;22;;;10008.0;0.0
spike_crash_volatile_s2;8700;INTARIAN_PEPPER_ROOT;11055;6;11051;26;;;11063;12;11067;12;;;11059.0;0.0
spike_crash_volatile_s2;8700;ASH_COATED_OSMIUM;10007;6;10004;14;;;10017;10;10019;22;;;10012.0;0.0
spike_crash_volatile_s2;8800;INTARIAN_PEPPER_ROOT;11056;21;11053;22;;;11062;14;11066;13;;;11059.0;0.0
spike_crash_volatile_s2;8800;ASH_COATED_OSMIUM;10006;24;10002;19;;;10020;5;10022;26;;;10013.0;0.0
spike_crash_volatile_s2;8900;INTARIAN_PEPPER_ROOT;11059;20;11057;18;;;11061;11;11063;30;;;11060.0;0.0
spike_crash_volatile_s2;8900;ASH_COATED_OSMIUM;10008;16;10004;30;;;10014;12;10016;24;;;10011.0;0.0
spike_crash_volatile_s2;9000;INTARIAN_PEPPER_ROOT;11061;12;11059;21;;;11063;12;11067;12;;;11062.0;0.0
spike_crash_volatile_s2;9000;ASH_COATED_OSMIUM;10008;7;10004;18;;;10010;16;10012;20;;;10009.0;0.0
spike_crash_volatile_s2;9100;INTARIAN_PEPPER_ROOT;11064;19;11062;24;;;11066;14;11069;17;;;11065.0;0.0
spike_crash_volatile_s2;9100;ASH_COATED_OSMIUM;10004;13;10002;14;;;10008;18;10011;15;;;10006.0;0.0
spike_crash_volatile_s2;9200;INTARIAN_PEPPER_ROOT;11050;17;11047;22;;;11082;10;11085;21;;;11066.0;0.0
spike_crash_volatile_s2;9200;ASH_COATED_OSMIUM;9983;7;9979;18;;;10025;14;10027;22;;;10004.0;0.0
spike_crash_volatile_s2;9300;INTARIAN_PEPPER_ROOT;11066;14;11064;16;;;11076;17;11080;28;;;11071.0;0.0
spike_crash_volatile_s2;9300;ASH_COATED_OSMIUM;10002;5;9999;24;;;10008;17;10010;13;;;10005.0;0.0
spike_crash_volatile_s2;9400;INTARIAN_PEPPER_ROOT;11062;12;11060;24;;;11074;13;11078;25;;;11068.0;0.0
spike_crash_volatile_s2;9400;ASH_COATED_OSMIUM;9999;11;9996;15;;;10015;16;10017;18;;;10007.0;0.0
spike_crash_volatile_s2;9500;INTARIAN_PEPPER_ROOT;11068;16;11065;22;;;11074;20;11077;17;;;11071.0;0.0
spike_crash_volatile_s2;9500;ASH_COATED_OSMIUM;10007;16;10003;17;;;10013;17;10017;22;;;10010.0;0.0
spike_crash_volatile_s2;9600;INTARIAN_PEPPER_ROOT;11072;19;11068;11;;;11074;8;11076;26;;;11073.0;0.0
spike_crash_volatile_s2;9600;ASH_COATED_OSMIUM;10008;14;10005;26;;;10010;9;10014;14;;;10009.0;0.0
spike_crash_volatile_s2;9700;INTARIAN_PEPPER_ROOT;11029;17;11026;17;;;11119;10;11123;25;;;11074.0;0.0
spike_crash_volatile_s2;9700;ASH_COATED_OSMIUM;10000;16;9996;22;;;10002;8;10006;18;;;10001.0;0.0
spike_crash_volatile_s2;9800;INTARIAN_PEPPER_ROOT;11077;14;11075;22;;;11079;18;11081;17;;;11078.0;0.0
spike_crash_volatile_s2;9800;ASH_COATED_OSMIUM;10003;13;10000;14;;;10011;13;10013;24;;;10007.0;0.0
spike_crash_volatile_s2;9900;INTARIAN_PEPPER_ROOT;11071;18;11069;28;;;11075;16;11077;10;;;11073.0;0.0
spike_crash_volatile_s2;9900;ASH_COATED_OSMIUM;10004;19;10000;22;;;10006;8;10010;17;;;10005.0;0.0
spike_crash_volatile_s2;10000;INTARIAN_PEPPER_ROOT;11060;12;11057;20;;;11092;13;11094;24;;;11076.0;0.0
spike_crash_volatile_s2;10000;ASH_COATED_OSMIUM;10002;27;9999;13;;;10008;10;10010;22;;;10005.0;0.0
spike_crash_volatile_s2;10100;INTARIAN_PEPPER_ROOT;11069;14;11065;20;;;11087;7;11091;28;;;11078.0;0.0
spike_crash_volatile_s2;10100;ASH_COATED_OSMIUM;9998;5;9995;12;;;10012;17;10016;21;;;10005.0;0.0
spike_crash_volatile_s2;10200;INTARIAN_PEPPER_ROOT;11074;13;11070;22;;;11078;15;11082;14;;;11076.0;0.0
spike_crash_volatile_s2;10200;ASH_COATED_OSMIUM;10006;23;10003;21;;;10016;14;10019;15;;;10011.0;0.0
spike_crash_volatile_s2;10300;INTARIAN_PEPPER_ROOT;11078;10;11075;31;;;11080;22;11084;12;;;11079.0;0.0
spike_crash_volatile_s2;10300;ASH_COATED_OSMIUM;10004;20;10002;13;;;10024;5;10026;21;;;10014.0;0.0
spike_crash_volatile_s2;10400;INTARIAN_PEPPER_ROOT;11075;12;11072;20;;;11083;18;11086;22;;;11079.0;0.0
spike_crash_volatile_s2;10400;ASH_COATED_OSMIUM;10002;13;10000;25;;;10030;15;10034;25;;;10016.0;0.0
spike_crash_volatile_s2;10500;INTARIAN_PEPPER_ROOT;11081;22;11079;22;;;11093;15;11097;8;;;11087.0;0.0
spike_crash_volatile_s2;10500;ASH_COATED_OSMIUM;10008;9;10005;24;;;10020;5;10024;21;;;10014.0;0.0
spike_crash_volatile_s2;10600;INTARIAN_PEPPER_ROOT;11091;12;11088;19;;;11093;17;11097;25;;;11092.0;0.0
spike_crash_volatile_s2;10600;ASH_COATED_OSMIUM;10003;9;10001;18;;;10019;14;10021;8;;;10011.0;0.0
spike_crash_volatile_s2;10700;INTARIAN_PEPPER_ROOT;11093;15;11090;12;;;11095;8;11098;16;;;11094.0;0.0
spike_crash_volatile_s2;10700;ASH_COATED_OSMIUM;9986;12;9983;16;;;10026;15;10030;22;;;10006.0;0.0
spike_crash_volatile_s2;10800;INTARIAN_PEPPER_ROOT;11089;15;11086;11;;;11097;17;11099;15;;;11093.0;0.0
spike_crash_volatile_s2;10800;ASH_COATED_OSMIUM;10000;23;9996;16;;;10004;9;10008;21;;;10002.0;0.0
spike_crash_volatile_s2;10900;INTARIAN_PEPPER_ROOT;11090;20;11086;23;;;11096;14;11100;14;;;11093.0;0.0
spike_crash_volatile_s2;10900;ASH_COATED_OSMIUM;10000;14;9998;14;;;10006;13;10009;15;;;10003.0;0.0
spike_crash_volatile_s2;11000;INTARIAN_PEPPER_ROOT;11079;18;11076;21;;;11107;20;11109;20;;;11093.0;0.0
spike_crash_volatile_s2;11000;ASH_COATED_OSMIUM;9962;9;9960;14;;;10048;5;10051;20;;;10005.0;0.0
spike_crash_volatile_s2;11100;INTARIAN_PEPPER_ROOT;11085;13;11083;18;;;11101;7;11104;26;;;11093.0;0.0
spike_crash_volatile_s2;11100;ASH_COATED_OSMIUM;9986;13;9982;9;;;10018;7;10022;21;;;10002.0;0.0
spike_crash_volatile_s2;11200;INTARIAN_PEPPER_ROOT;11084;12;11080;22;;;11098;17;11101;23;;;11091.0;0.0
spike_crash_volatile_s2;11200;ASH_COATED_OSMIUM;10002;8;9998;20;;;10012;5;10015;29;;;10007.0;0.0
spike_crash_volatile_s2;11300;INTARIAN_PEPPER_ROOT;11087;11;11085;30;;;11095;6;11098;26;;;11091.0;0.0
spike_crash_volatile_s2;11300;ASH_COATED_OSMIUM;10007;6;10003;24;;;10009;13;10011;19;;;10008.0;0.0
spike_crash_volatile_s2;11400;INTARIAN_PEPPER_ROOT;11091;13;11087;19;;;11093;17;11095;17;;;11092.0;0.0
spike_crash_volatile_s2;11400;ASH_COATED_OSMIUM;10009;10;10006;23;;;10011;11;10013;15;;;10010.0;0.0
spike_crash_volatile_s2;11500;INTARIAN_PEPPER_ROOT;11079;17;11075;21;;;11103;15;11107;25;;;11091.0;0.0
spike_crash_volatile_s2;11500;ASH_COATED_OSMIUM;10005;20;10001;24;;;10021;12;10023;12;;;10013.0;0.0
spike_crash_volatile_s2;11600;INTARIAN_PEPPER_ROOT;11066;9;11062;22;;;11114;17;11118;16;;;11090.0;0.0
spike_crash_volatile_s2;11600;ASH_COATED_OSMIUM;10000;15;9997;16;;;10028;5;10031;19;;;10014.0;0.0
spike_crash_volatile_s2;11700;INTARIAN_PEPPER_ROOT;11071;8;11068;25;;;11107;9;11110;19;;;11089.0;0.0
spike_crash_volatile_s2;11700;ASH_COATED_OSMIUM;10015;11;10011;28;;;10025;21;10028;23;;;10020.0;0.0
spike_crash_volatile_s2;11800;INTARIAN_PEPPER_ROOT;11089;24;11086;19;;;11103;14;11106;18;;;11096.0;0.0
spike_crash_volatile_s2;11800;ASH_COATED_OSMIUM;10010;8;10007;24;;;10024;12;10026;11;;;10017.0;0.0
spike_crash_volatile_s2;11900;INTARIAN_PEPPER_ROOT;11084;16;11081;18;;;11102;12;11105;22;;;11093.0;0.0
spike_crash_volatile_s2;11900;ASH_COATED_OSMIUM;10014;17;10012;19;;;10024;6;10026;16;;;10019.0;0.0
spike_crash_volatile_s2;12000;INTARIAN_PEPPER_ROOT;11091;12;11089;35;;;11093;10;11097;21;;;11092.0;0.0
spike_crash_volatile_s2;12000;ASH_COATED_OSMIUM;10016;14;10014;19;;;10024;9;10026;24;;;10020.0;0.0
spike_crash_volatile_s2;12100;INTARIAN_PEPPER_ROOT;11094;18;11092;23;;;11096;16;11100;22;;;11095.0;0.0
spike_crash_volatile_s2;12100;ASH_COATED_OSMIUM;10018;10;10015;24;;;10020;16;10024;21;;;10019.0;0.0
spike_crash_volatile_s2;12200;INTARIAN_PEPPER_ROOT;11087;5;11085;26;;;11101;5;11105;18;;;11094.0;0.0
spike_crash_volatile_s2;12200;ASH_COATED_OSMIUM;10021;16;10019;13;;;10023;12;10027;20;;;10022.0;0.0
spike_crash_volatile_s2;12300;INTARIAN_PEPPER_ROOT;11095;19;11093;26;;;11097;13;11100;22;;;11096.0;0.0
spike_crash_volatile_s2;12300;ASH_COATED_OSMIUM;10015;14;10013;16;;;10019;10;10023;24;;;10017.0;0.0
spike_crash_volatile_s2;12400;INTARIAN_PEPPER_ROOT;11097;18;11094;26;;;11101;13;11103;19;;;11099.0;0.0
spike_crash_volatile_s2;12400;ASH_COATED_OSMIUM;10011;6;10009;20;;;10023;5;10026;23;;;10017.0;0.0
spike_crash_volatile_s2;12500;INTARIAN_PEPPER_ROOT;11102;7;11099;21;;;11104;7;11106;27;;;11103.0;0.0
spike_crash_volatile_s2;12500;ASH_COATED_OSMIUM;9999;14;9997;27;;;10031;8;10035;23;;;10015.0;0.0
spike_crash_volatile_s2;12600;INTARIAN_PEPPER_ROOT;11091;12;11089;12;;;11121;19;11124;22;;;11106.0;0.0
spike_crash_volatile_s2;12600;ASH_COATED_OSMIUM;9991;14;9987;17;;;10039;6;10042;25;;;10015.0;0.0
spike_crash_volatile_s2;12700;INTARIAN_PEPPER_ROOT;11101;11;11099;22;;;11109;5;11113;18;;;11105.0;0.0
spike_crash_volatile_s2;12700;ASH_COATED_OSMIUM;10010;5;10007;34;;;10016;19;10018;22;;;10013.0;0.0
spike_crash_volatile_s2;12800;INTARIAN_PEPPER_ROOT;11101;12;11097;14;;;11115;21;11119;20;;;11108.0;0.0
spike_crash_volatile_s2;12800;ASH_COATED_OSMIUM;10017;13;10014;14;;;10019;15;10023;25;;;10018.0;0.0
spike_crash_volatile_s2;12900;INTARIAN_PEPPER_ROOT;11101;11;11097;21;;;11111;18;11115;20;;;11106.0;0.0
spike_crash_volatile_s2;12900;ASH_COATED_OSMIUM;10013;12;10011;31;;;10021;17;10023;21;;;10017.0;0.0
spike_crash_volatile_s2;13000;INTARIAN_PEPPER_ROOT;11089;14;11085;22;;;11123;14;11127;18;;;11106.0;0.0
spike_crash_volatile_s2;13000;ASH_COATED_OSMIUM;10014;5;10011;22;;;10016;5;10018;20;;;10015.0;0.0
spike_crash_volatile_s2;13100;INTARIAN_PEPPER_ROOT;11105;14;11103;22;;;11107;23;11110;8;;;11106.0;0.0
spike_crash_volatile_s2;13100;ASH_COATED_OSMIUM;10014;12;10012;11;;;10026;15;10028;15;;;10020.0;0.0
spike_crash_volatile_s2;13200;INTARIAN_PEPPER_ROOT;11099;15;11097;20;;;11109;17;11112;21;;;11104.0;0.0
spike_crash_volatile_s2;13200;ASH_COATED_OSMIUM;10014;11;10010;24;;;10018;5;10022;17;;;10016.0;0.0
spike_crash_volatile_s2;13300;INTARIAN_PEPPER_ROOT;11104;19;11100;12;;;11110;18;11112;23;;;11107.0;0.0
spike_crash_volatile_s2;13300;ASH_COATED_OSMIUM;10006;13;10002;18;;;10008;11;10011;16;;;10007.0;0.0
spike_crash_volatile_s2;13400;INTARIAN_PEPPER_ROOT;11101;17;11099;27;;;11113;19;11117;22;;;11107.0;0.0
spike_crash_volatile_s2;13400;ASH_COATED_OSMIUM;10008;11;10006;19;;;10010;10;10014;18;;;10009.0;0.0
spike_crash_volatile_s2;13500;INTARIAN_PEPPER_ROOT;11098;16;11096;8;;;11122;10;11126;13;;;11110.0;0.0
spike_crash_volatile_s2;13500;ASH_COATED_OSMIUM;10002;19;9999;17;;;10008;8;10010;12;;;10005.0;0.0
spike_crash_volatile_s2;13600;INTARIAN_PEPPER_ROOT;11107;17;11103;11;;;11109;5;11112;21;;;11108.0;0.0
spike_crash_volatile_s2;13600;ASH_COATED_OSMIUM;9977;14;9975;13;;;10031;13;10033;25;;;10004.0;0.0
spike_crash_volatile_s2;13700;INTARIAN_PEPPER_ROOT;11107;11;11105;17;;;11113;19;11116;20;;;11110.0;0.0
spike_crash_volatile_s2;13700;ASH_COATED_OSMIUM;9999;18;9997;20;;;10009;8;10011;22;;;10004.0;0.0
spike_crash_volatile_s2;13800;INTARIAN_PEPPER_ROOT;11111;5;11108;21;;;11115;18;11119;26;;;11113.0;0.0
spike_crash_volatile_s2;13800;ASH_COATED_OSMIUM;9993;17;9990;27;;;10009;7;10012;18;;;10001.0;0.0
spike_crash_volatile_s2;13900;INTARIAN_PEPPER_ROOT;11107;10;11103;25;;;11125;22;11128;21;;;11116.0;0.0
spike_crash_volatile_s2;13900;ASH_COATED_OSMIUM;9999;8;9996;25;;;10005;14;10009;12;;;10002.0;0.0
spike_crash_volatile_s2;14000;INTARIAN_PEPPER_ROOT;11110;18;11108;20;;;11112;9;11115;21;;;11111.0;0.0
spike_crash_volatile_s2;14000;ASH_COATED_OSMIUM;9978;14;9974;12;;;10028;6;10031;8;;;10003.0;0.0
spike_crash_volatile_s2;14100;INTARIAN_PEPPER_ROOT;11101;17;11097;21;;;11125;19;11128;10;;;11113.0;0.0
spike_crash_volatile_s2;14100;ASH_COATED_OSMIUM;10004;10;10002;15;;;10006;16;10010;16;;;10005.0;0.0
spike_crash_volatile_s2;14200;INTARIAN_PEPPER_ROOT;11109;19;11105;17;;;11111;13;11114;29;;;11110.0;0.0
spike_crash_volatile_s2;14200;ASH_COATED_OSMIUM;9987;14;9985;18;;;10015;15;10017;21;;;10001.0;0.0
spike_crash_volatile_s2;14300;INTARIAN_PEPPER_ROOT;11102;16;11098;19;;;11108;7;11110;16;;;11105.0;0.0
spike_crash_volatile_s2;14300;ASH_COATED_OSMIUM;9998;11;9996;8;;;10014;21;10017;13;;;10006.0;0.0
spike_crash_volatile_s2;14400;INTARIAN_PEPPER_ROOT;11103;13;11101;25;;;11125;18;11129;10;;;11114.0;0.0
spike_crash_volatile_s2;14400;ASH_COATED_OSMIUM;10009;8;10005;25;;;10011;13;10013;16;;;10010.0;0.0
spike_crash_volatile_s2;14500;INTARIAN_PEPPER_ROOT;11114;15;11110;17;;;11120;11;11124;14;;;11117.0;0.0
spike_crash_volatile_s2;14500;ASH_COATED_OSMIUM;10000;14;9997;21;;;10012;14;10016;30;;;10006.0;0.0
spike_crash_volatile_s2;14600;INTARIAN_PEPPER_ROOT;11117;16;11113;24;;;11131;15;11133;17;;;11124.0;0.0
spike_crash_volatile_s2;14600;ASH_COATED_OSMIUM;10010;8;10007;20;;;10012;15;10016;21;;;10011.0;0.0
spike_crash_volatile_s2;14700;INTARIAN_PEPPER_ROOT;11116;15;11114;20;;;11132;8;11135;20;;;11124.0;0.0
spike_crash_volatile_s2;14700;ASH_COATED_OSMIUM;10007;8;10005;21;;;10021;17;10025;21;;;10014.0;0.0
spike_crash_volatile_s2;14800;INTARIAN_PEPPER_ROOT;11117;14;11113;18;;;11137;16;11140;19;;;11127.0;0.0
spike_crash_volatile_s2;14800;ASH_COATED_OSMIUM;10006;8;10004;25;;;10016;13;10019;10;;;10011.0;0.0
spike_crash_volatile_s2;14900;INTARIAN_PEPPER_ROOT;11128;16;11125;20;;;11130;16;11132;26;;;11129.0;0.0
spike_crash_volatile_s2;14900;ASH_COATED_OSMIUM;10002;10;9999;16;;;10024;13;10027;18;;;10013.0;0.0
spike_crash_volatile_s2;15000;INTARIAN_PEPPER_ROOT;11129;13;11126;18;;;11133;18;11137;22;;;11131.0;0.0
spike_crash_volatile_s2;15000;ASH_COATED_OSMIUM;10006;12;10002;18;;;10012;5;10016;18;;;10009.0;0.0
spike_crash_volatile_s2;15100;INTARIAN_PEPPER_ROOT;11131;7;11129;14;;;11135;18;11138;18;;;11133.0;0.0
spike_crash_volatile_s2;15100;ASH_COATED_OSMIUM;10001;13;9999;29;;;10023;9;10027;17;;;10012.0;0.0
spike_crash_volatile_s2;15200;INTARIAN_PEPPER_ROOT;11102;21;11098;21;;;11162;13;11165;8;;;11132.0;0.0
spike_crash_volatile_s2;15200;ASH_COATED_OSMIUM;10011;21;10007;17;;;10013;15;10017;17;;;10012.0;0.0
spike_crash_volatile_s2;15300;INTARIAN_PEPPER_ROOT;11128;18;11124;26;;;11130;11;11134;15;;;11129.0;0.0
spike_crash_volatile_s2;15300;ASH_COATED_OSMIUM;10004;9;10001;25;;;10020;13;10022;19;;;10012.0;0.0
spike_crash_volatile_s2;15400;INTARIAN_PEPPER_ROOT;11120;15;11116;17;;;11142;5;11146;11;;;11131.0;0.0
spike_crash_volatile_s2;15400;ASH_COATED_OSMIUM;9992;6;9989;20;;;10026;25;10030;15;;;10009.0;0.0
spike_crash_volatile_s2;15500;INTARIAN_PEPPER_ROOT;11132;15;11129;12;;;11134;13;11136;19;;;11133.0;0.0
spike_crash_volatile_s2;15500;ASH_COATED_OSMIUM;9990;23;9987;21;;;10018;8;10022;16;;;10004.0;0.0
spike_crash_volatile_s2;15600;INTARIAN_PEPPER_ROOT;11135;16;11131;16;;;11139;22;11143;14;;;11137.0;0.0
spike_crash_volatile_s2;15600;ASH_COATED_OSMIUM;9994;11;9992;14;;;10010;5;10014;21;;;10002.0;0.0
spike_crash_volatile_s2;15700;INTARIAN_PEPPER_ROOT;11126;15;11123;20;;;11148;8;11152;11;;;11137.0;0.0
spike_crash_volatile_s2;15700;ASH_COATED_OSMIUM;9989;21;9987;23;;;10023;5;10025;16;;;10006.0;0.0
spike_crash_volatile_s2;15800;INTARIAN_PEPPER_ROOT;11142;14;11139;29;;;11144;18;11146;23;;;11143.0;0.0
spike_crash_volatile_s2;15800;ASH_COATED_OSMIUM;10001;13;9999;17;;;10013;5;10016;28;;;10007.0;0.0
spike_crash_volatile_s2;15900;INTARIAN_PEPPER_ROOT;11142;16;11140;21;;;11144;17;11146;19;;;11143.0;0.0
spike_crash_volatile_s2;15900;ASH_COATED_OSMIUM;10001;8;9998;12;;;10003;19;10005;16;;;10002.0;0.0
spike_crash_volatile_s2;16000;INTARIAN_PEPPER_ROOT;11140;16;11137;24;;;11142;16;11145;22;;;11141.0;0.0
spike_crash_volatile_s2;16000;ASH_COATED_OSMIUM;10000;11;9997;19;;;10010;10;10013;14;;;10005.0;0.0
spike_crash_volatile_s2;16100;INTARIAN_PEPPER_ROOT;11142;21;11140;16;;;11146;20;11148;16;;;11144.0;0.0
spike_crash_volatile_s2;16100;ASH_COATED_OSMIUM;9995;18;9991;20;;;10011;12;10015;18;;;10003.0;0.0
spike_crash_volatile_s2;16200;INTARIAN_PEPPER_ROOT;11133;8;11130;21;;;11155;7;11159;23;;;11144.0;0.0
spike_crash_volatile_s2;16200;ASH_COATED_OSMIUM;9971;9;9968;23;;;10033;11;10037;21;;;10002.0;0.0
spike_crash_volatile_s2;16300;INTARIAN_PEPPER_ROOT;11139;12;11137;24;;;11143;20;11145;11;;;11141.0;0.0
spike_crash_volatile_s2;16300;ASH_COATED_OSMIUM;10000;10;9996;27;;;10002;11;10006;19;;;10001.0;0.0
spike_crash_volatile_s2;16400;INTARIAN_PEPPER_ROOT;11126;14;11124;22;;;11160;14;11162;24;;;11143.0;0.0
spike_crash_volatile_s2;16400;ASH_COATED_OSMIUM;9976;7;9972;24;;;10018;5;10020;28;;;9997.0;0.0
spike_crash_volatile_s2;16500;INTARIAN_PEPPER_ROOT;11142;12;11139;10;;;11150;18;11152;11;;;11146.0;0.0
spike_crash_volatile_s2;16500;ASH_COATED_OSMIUM;9997;5;9995;24;;;9999;11;10001;21;;;9998.0;0.0
spike_crash_volatile_s2;16600;INTARIAN_PEPPER_ROOT;11144;6;11140;18;;;11150;19;11152;19;;;11147.0;0.0
spike_crash_volatile_s2;16600;ASH_COATED_OSMIUM;9984;6;9980;24;;;10018;21;10022;17;;;10001.0;0.0
spike_crash_volatile_s2;16700;INTARIAN_PEPPER_ROOT;11142;21;11138;25;;;11156;10;11160;24;;;11149.0;0.0
spike_crash_volatile_s2;16700;ASH_COATED_OSMIUM;10006;12;10002;21;;;10008;13;10010;17;;;10007.0;0.0
spike_crash_volatile_s2;16800;INTARIAN_PEPPER_ROOT;11158;6;11156;21;;;11164;19;11166;21;;;11161.0;0.0
spike_crash_volatile_s2;16800;ASH_COATED_OSMIUM;9999;15;9997;14;;;10019;19;10023;28;;;10009.0;0.0
spike_crash_volatile_s2;16900;INTARIAN_PEPPER_ROOT;11154;5;11152;22;;;11174;14;11176;14;;;11164.0;0.0
spike_crash_volatile_s2;16900;ASH_COATED_OSMIUM;10012;6;10009;21;;;10014;12;10018;19;;;10013.0;0.0
spike_crash_volatile_s2;17000;INTARIAN_PEPPER_ROOT;11135;9;11133;20;;;11203;13;11206;21;;;11169.0;0.0
spike_crash_volatile_s2;17000;ASH_COATED_OSMIUM;10008;12;10006;12;;;10026;18;10030;22;;;10017.0;0.0
spike_crash_volatile_s2;17100;INTARIAN_PEPPER_ROOT;11163;20;11161;34;;;11167;12;11169;16;;;11165.0;0.0
spike_crash_volatile_s2;17100;ASH_COATED_OSMIUM;10007;15;10003;18;;;10031;14;10033;11;;;10019.0;0.0
spike_crash_volatile_s2;17200;INTARIAN_PEPPER_ROOT;11163;5;11160;24;;;11171;27;11174;25;;;11167.0;0.0
spike_crash_volatile_s2;17200;ASH_COATED_OSMIUM;10017;8;10013;22;;;10019;14;10022;15;;;10018.0;0.0
spike_crash_volatile_s2;17300;INTARIAN_PEPPER_ROOT;11167;9;11165;22;;;11171;20;11174;9;;;11169.0;0.0
spike_crash_volatile_s2;17300;ASH_COATED_OSMIUM;9999;15;9996;21;;;10029;10;10032;18;;;10014.0;0.0
spike_crash_volatile_s2;17400;INTARIAN_PEPPER_ROOT;11169;18;11165;20;;;11171;26;11174;18;;;11170.0;0.0
spike_crash_volatile_s2;17400;ASH_COATED_OSMIUM;9998;19;9996;27;;;10024;16;10027;15;;;10011.0;0.0
spike_crash_volatile_s2;17500;INTARIAN_PEPPER_ROOT;11165;17;11162;25;;;11173;6;11175;11;;;11169.0;0.0
spike_crash_volatile_s2;17500;ASH_COATED_OSMIUM;9982;16;9980;17;;;10038;16;10042;26;;;10010.0;0.0
spike_crash_volatile_s2;17600;INTARIAN_PEPPER_ROOT;11168;9;11165;15;;;11174;15;11178;24;;;11171.0;0.0
spike_crash_volatile_s2;17600;ASH_COATED_OSMIUM;10012;15;10010;19;;;10014;23;10016;17;;;10013.0;0.0
spike_crash_volatile_s2;17700;INTARIAN_PEPPER_ROOT;11162;13;11158;20;;;11180;5;11183;10;;;11171.0;0.0
spike_crash_volatile_s2;17700;ASH_COATED_OSMIUM;10009;14;10007;15;;;10011;10;10013;19;;;10010.0;0.0
spike_crash_volatile_s2;17800;INTARIAN_PEPPER_ROOT;11164;19;11161;20;;;11176;7;11178;17;;;11170.0;0.0
spike_crash_volatile_s2;17800;ASH_COATED_OSMIUM;10004;13;10000;20;;;10008;14;10011;22;;;10006.0;0.0
spike_crash_volatile_s2;17900;INTARIAN_PEPPER_ROOT;11172;12;11169;23;;;11176;13;11180;26;;;11174.0;0.0
spike_crash_volatile_s2;17900;ASH_COATED_OSMIUM;9995;12;9991;22;;;10015;20;10019;21;;;10005.0;0.0
spike_crash_volatile_s2;18000;INTARIAN_PEPPER_ROOT;11172;16;11168;15;;;11184;10;11187;19;;;11178.0;0.0
spike_crash_volatile_s2;18000;ASH_COATED_OSMIUM;10001;5;9998;15;;;10011;19;10014;21;;;10006.0;0.0
spike_crash_volatile_s2;18100;INTARIAN_PEPPER_ROOT;11166;13;11164;19;;;11194;21;11196;22;;;11180.0;0.0
spike_crash_volatile_s2;18100;ASH_COATED_OSMIUM;10004;13;10000;14;;;10006;9;10010;18;;;10005.0;0.0
spike_crash_volatile_s2;18200;INTARIAN_PEPPER_ROOT;11174;17;11170;21;;;11186;17;11189;9;;;11180.0;0.0
spike_crash_volatile_s2;18200;ASH_COATED_OSMIUM;9990;17;9988;10;;;10022;14;10026;18;;;10006.0;0.0
spike_crash_volatile_s2;18300;INTARIAN_PEPPER_ROOT;11178;8;11176;19;;;11186;14;11188;18;;;11182.0;0.0
spike_crash_volatile_s2;18300;ASH_COATED_OSMIUM;10008;16;10006;25;;;10010;9;10012;27;;;10009.0;0.0
spike_crash_volatile_s2;18400;INTARIAN_PEPPER_ROOT;11171;7;11169;11;;;11201;16;11205;20;;;11186.0;0.0
spike_crash_volatile_s2;18400;ASH_COATED_OSMIUM;9998;9;9994;25;;;10020;6;10024;24;;;10009.0;0.0
spike_crash_volatile_s2;18500;INTARIAN_PEPPER_ROOT;11156;11;11154;30;;;11220;22;11224;14;;;11188.0;0.0
spike_crash_volatile_s2;18500;ASH_COATED_OSMIUM;10007;14;10003;22;;;10009;8;10011;28;;;10008.0;0.0
spike_crash_volatile_s2;18600;INTARIAN_PEPPER_ROOT;11177;24;11173;17;;;11193;18;11197;21;;;11185.0;0.0
spike_crash_volatile_s2;18600;ASH_COATED_OSMIUM;10000;5;9996;14;;;10006;8;10009;14;;;10003.0;0.0
spike_crash_volatile_s2;18700;INTARIAN_PEPPER_ROOT;11180;17;11178;26;;;11190;15;11193;29;;;11185.0;0.0
spike_crash_volatile_s2;18700;ASH_COATED_OSMIUM;10000;12;9998;18;;;10008;13;10012;26;;;10004.0;0.0
spike_crash_volatile_s2;18800;INTARIAN_PEPPER_ROOT;11183;16;11180;18;;;11191;13;11194;20;;;11187.0;0.0
spike_crash_volatile_s2;18800;ASH_COATED_OSMIUM;9999;14;9996;20;;;10009;10;10013;27;;;10004.0;0.0
spike_crash_volatile_s2;18900;INTARIAN_PEPPER_ROOT;11175;18;11172;15;;;11205;8;11207;26;;;11190.0;0.0
spike_crash_volatile_s2;18900;ASH_COATED_OSMIUM;9992;16;9990;26;;;10020;18;10022;19;;;10006.0;0.0
spike_crash_volatile_s2;19000;INTARIAN_PEPPER_ROOT;11186;19;11184;24;;;11200;18;11202;27;;;11193.0;0.0
spike_crash_volatile_s2;19000;ASH_COATED_OSMIUM;9993;13;9989;17;;;10007;18;10011;19;;;10000.0;0.0
spike_crash_volatile_s2;19100;INTARIAN_PEPPER_ROOT;11194;12;11191;26;;;11198;17;11202;12;;;11196.0;0.0
spike_crash_volatile_s2;19100;ASH_COATED_OSMIUM;9989;14;9986;15;;;10019;19;10022;14;;;10004.0;0.0
spike_crash_volatile_s2;19200;INTARIAN_PEPPER_ROOT;11194;18;11190;25;;;11196;17;11199;17;;;11195.0;0.0
spike_crash_volatile_s2;19200;ASH_COATED_OSMIUM;10000;20;9998;24;;;10010;18;10012;19;;;10005.0;0.0
spike_crash_volatile_s2;19300;INTARIAN_PEPPER_ROOT;11190;9;11186;20;;;11196;14;11199;21;;;11193.0;0.0
spike_crash_volatile_s2;19300;ASH_COATED_OSMIUM;9999;19;9997;20;;;10001;16;10004;15;;;10000.0;0.0
spike_crash_volatile_s2;19400;INTARIAN_PEPPER_ROOT;11190;9;11187;23;;;11194;26;11197;29;;;11192.0;0.0
spike_crash_volatile_s2;19400;ASH_COATED_OSMIUM;9988;10;9985;23;;;10016;11;10020;11;;;10002.0;0.0
spike_crash_volatile_s2;19500;INTARIAN_PEPPER_ROOT;11194;16;11191;21;;;11200;12;11204;23;;;11197.0;0.0
spike_crash_volatile_s2;19500;ASH_COATED_OSMIUM;9990;7;9987;16;;;10018;24;10021;18;;;10004.0;0.0
spike_crash_volatile_s2;19600;INTARIAN_PEPPER_ROOT;11190;13;11187;17;;;11206;21;11209;18;;;11198.0;0.0
spike_crash_volatile_s2;19600;ASH_COATED_OSMIUM;10004;5;10001;15;;;10008;21;10010;17;;;10006.0;0.0
spike_crash_volatile_s2;19700;INTARIAN_PEPPER_ROOT;11198;19;11194;22;;;11204;18;11208;18;;;11201.0;0.0
spike_crash_volatile_s2;19700;ASH_COATED_OSMIUM;9987;11;9983;23;;;10025;16;10027;28;;;10006.0;0.0
spike_crash_volatile_s2;19800;INTARIAN_PEPPER_ROOT;11201;9;11199;22;;;11207;13;11210;19;;;11204.0;0.0
spike_crash_volatile_s2;19800;ASH_COATED_OSMIUM;9991;11;9988;23;;;10007;15;10010;21;;;9999.0;0.0
spike_crash_volatile_s2;19900;INTARIAN_PEPPER_ROOT;11191;25;11187;23;;;11219;5;11222;12;;;11205.0;0.0
spike_crash_volatile_s2;19900;ASH_COATED_OSMIUM;9996;22;9994;25;;;9998;12;10000;22;;;9997.0;0.0
spike_crash_volatile_s2;20000;INTARIAN_PEPPER_ROOT;11201;17;11199;21;;;11205;11;11209;24;;;11203.0;0.0
spike_crash_volatile_s2;20000;ASH_COATED_OSMIUM;9992;5;9990;20;;;9994;17;9997;26;;;9993.0;0.0
spike_crash_volatile_s2;20100;INTARIAN_PEPPER_ROOT;11201;18;11199;18;;;11203;15;11207;13;;;11202.0;0.0
spike_crash_volatile_s2;20100;ASH_COATED_OSMIUM;9991;12;9987;18;;;9993;16;9997;15;;;9992.0;0.0
spike_crash_volatile_s2;20200;INTARIAN_PEPPER_ROOT;11185;8;11182;13;;;11221;15;11224;15;;;11203.0;0.0
spike_crash_volatile_s2;20200;ASH_COATED_OSMIUM;9972;12;9968;17;;;10014;17;10018;20;;;9993.0;0.0
spike_crash_volatile_s2;20300;INTARIAN_PEPPER_ROOT;11191;9;11188;16;;;11225;6;11228;19;;;11208.0;0.0
spike_crash_volatile_s2;20300;ASH_COATED_OSMIUM;9988;11;9985;16;;;10002;10;10006;12;;;9995.0;0.0
spike_crash_volatile_s2;20400;INTARIAN_PEPPER_ROOT;11208;23;11204;25;;;11214;11;11217;17;;;11211.0;0.0
spike_crash_volatile_s2;20400;ASH_COATED_OSMIUM;9957;12;9953;24;;;10047;18;10051;24;;;10002.0;0.0
spike_crash_volatile_s2;20500;INTARIAN_PEPPER_ROOT;11203;12;11201;13;;;11215;18;11219;22;;;11209.0;0.0
spike_crash_volatile_s2;20500;ASH_COATED_OSMIUM;9991;14;9989;22;;;10015;13;10018;24;;;10003.0;0.0
spike_crash_volatile_s2;20600;INTARIAN_PEPPER_ROOT;11200;13;11197;18;;;11224;16;11228;19;;;11212.0;0.0
spike_crash_volatile_s2;20600;ASH_COATED_OSMIUM;10005;17;10001;17;;;10007;7;10011;19;;;10006.0;0.0
spike_crash_volatile_s2;20700;INTARIAN_PEPPER_ROOT;11213;23;11211;27;;;11217;10;11220;14;;;11215.0;0.0
spike_crash_volatile_s2;20700;ASH_COATED_OSMIUM;9967;15;9965;20;;;10039;16;10041;24;;;10003.0;0.0
spike_crash_volatile_s2;20800;INTARIAN_PEPPER_ROOT;11195;13;11193;23;;;11231;23;11233;22;;;11213.0;0.0
spike_crash_volatile_s2;20800;ASH_COATED_OSMIUM;9995;14;9992;12;;;10001;12;10005;19;;;9998.0;0.0
spike_crash_volatile_s2;20900;INTARIAN_PEPPER_ROOT;11205;14;11203;18;;;11223;22;11226;23;;;11214.0;0.0
spike_crash_volatile_s2;20900;ASH_COATED_OSMIUM;9991;14;9987;24;;;10001;14;10003;15;;;9996.0;0.0
spike_crash_volatile_s2;21000;INTARIAN_PEPPER_ROOT;11210;13;11207;17;;;11212;14;11214;22;;;11211.0;0.0
spike_crash_volatile_s2;21000;ASH_COATED_OSMIUM;9990;7;9987;16;;;10006;16;10010;20;;;9998.0;0.0
spike_crash_volatile_s2;21100;INTARIAN_PEPPER_ROOT;11207;11;11203;17;;;11217;18;11220;16;;;11212.0;0.0
spike_crash_volatile_s2;21100;ASH_COATED_OSMIUM;9986;11;9983;15;;;10008;8;10011;12;;;9997.0;0.0
spike_crash_volatile_s2;21200;INTARIAN_PEPPER_ROOT;11211;11;11207;14;;;11215;15;11219;16;;;11213.0;0.0
spike_crash_volatile_s2;21200;ASH_COATED_OSMIUM;9978;8;9976;18;;;10018;12;10020;19;;;9998.0;0.0
spike_crash_volatile_s2;21300;INTARIAN_PEPPER_ROOT;11201;7;11197;21;;;11219;11;11223;19;;;11210.0;0.0
spike_crash_volatile_s2;21300;ASH_COATED_OSMIUM;9995;8;9993;30;;;10001;18;10004;31;;;9998.0;0.0
spike_crash_volatile_s2;21400;INTARIAN_PEPPER_ROOT;11208;9;11204;20;;;11212;5;11216;16;;;11210.0;0.0
spike_crash_volatile_s2;21400;ASH_COATED_OSMIUM;9998;19;9994;20;;;10000;5;10003;16;;;9999.0;0.0
spike_crash_volatile_s2;21500;INTARIAN_PEPPER_ROOT;11210;19;11206;25;;;11212;24;11215;17;;;11211.0;0.0
spike_crash_volatile_s2;21500;ASH_COATED_OSMIUM;9997;14;9995;17;;;10003;13;10005;18;;;10000.0;0.0
spike_crash_volatile_s2;21600;INTARIAN_PEPPER_ROOT;11204;10;11200;15;;;11218;8;11220;19;;;11211.0;0.0
spike_crash_volatile_s2;21600;ASH_COATED_OSMIUM;9985;10;9982;21;;;10007;8;10011;25;;;9996.0;0.0
spike_crash_volatile_s2;21700;INTARIAN_PEPPER_ROOT;11210;21;11206;25;;;11214;11;11216;20;;;11212.0;0.0
spike_crash_volatile_s2;21700;ASH_COATED_OSMIUM;9993;19;9991;23;;;10005;13;10008;15;;;9999.0;0.0
spike_crash_volatile_s2;21800;INTARIAN_PEPPER_ROOT;11206;11;11202;18;;;11224;11;11227;18;;;11215.0;0.0
spike_crash_volatile_s2;21800;ASH_COATED_OSMIUM;9981;18;9977;18;;;10017;13;10019;19;;;9999.0;0.0
spike_crash_volatile_s2;21900;INTARIAN_PEPPER_ROOT;11183;19;11180;25;;;11243;13;11245;20;;;11213.0;0.0
spike_crash_volatile_s2;21900;ASH_COATED_OSMIUM;9997;6;9993;21;;;9999;7;10002;20;;;9998.0;0.0
spike_crash_volatile_s2;22000;INTARIAN_PEPPER_ROOT;11213;11;11211;22;;;11215;20;11218;25;;;11214.0;0.0
spike_crash_volatile_s2;22000;ASH_COATED_OSMIUM;9997;9;9993;16;;;9999;12;10001;11;;;9998.0;0.0
spike_crash_volatile_s2;22100;INTARIAN_PEPPER_ROOT;11218;16;11216;19;;;11224;17;11227;22;;;11221.0;0.0
spike_crash_volatile_s2;22100;ASH_COATED_OSMIUM;9999;5;9995;18;;;10001;13;10005;18;;;10000.0;0.0
spike_crash_volatile_s2;22200;INTARIAN_PEPPER_ROOT;11221;28;11217;24;;;11223;11;11226;21;;;11222.0;0.0
spike_crash_volatile_s2;22200;ASH_COATED_OSMIUM;9989;14;9985;25;;;10011;12;10013;26;;;10000.0;0.0
spike_crash_volatile_s2;22300;INTARIAN_PEPPER_ROOT;11218;26;11216;17;;;11222;24;11225;23;;;11220.0;0.0
spike_crash_volatile_s2;22300;ASH_COATED_OSMIUM;9997;14;9993;31;;;10001;11;10003;14;;;9999.0;0.0
spike_crash_volatile_s2;22400;INTARIAN_PEPPER_ROOT;11218;13;11214;25;;;11226;13;11230;21;;;11222.0;0.0
spike_crash_volatile_s2;22400;ASH_COATED_OSMIUM;10000;14;9997;15;;;10002;11;10005;18;;;10001.0;0.0
spike_crash_volatile_s2;22500;INTARIAN_PEPPER_ROOT;11215;22;11213;13;;;11223;11;11227;11;;;11219.0;0.0
spike_crash_volatile_s2;22500;ASH_COATED_OSMIUM;10002;14;9999;21;;;10004;5;10008;22;;;10003.0;0.0
spike_crash_volatile_s2;22600;INTARIAN_PEPPER_ROOT;11220;18;11218;22;;;11226;20;11229;20;;;11223.0;0.0
spike_crash_volatile_s2;22600;ASH_COATED_OSMIUM;9993;8;9989;16;;;10013;5;10016;31;;;10003.0;0.0
spike_crash_volatile_s2;22700;INTARIAN_PEPPER_ROOT;11208;8;11206;18;;;11242;18;11246;11;;;11225.0;0.0
spike_crash_volatile_s2;22700;ASH_COATED_OSMIUM;10001;12;9999;17;;;10003;13;10007;17;;;10002.0;0.0
spike_crash_volatile_s2;22800;INTARIAN_PEPPER_ROOT;11228;19;11225;21;;;11230;7;11234;20;;;11229.0;0.0
spike_crash_volatile_s2;22800;ASH_COATED_OSMIUM;9994;14;9990;29;;;10004;11;10008;15;;;9999.0;0.0
spike_crash_volatile_s2;22900;INTARIAN_PEPPER_ROOT;11230;9;11228;17;;;11234;11;11237;28;;;11232.0;0.0
spike_crash_volatile_s2;22900;ASH_COATED_OSMIUM;9996;15;9994;18;;;10006;7;10008;18;;;10001.0;0.0
spike_crash_volatile_s2;23000;INTARIAN_PEPPER_ROOT;11233;22;11230;16;;;11235;10;11237;26;;;11234.0;0.0
spike_crash_volatile_s2;23000;ASH_COATED_OSMIUM;9983;12;9979;21;;;10021;10;10024;23;;;10002.0;0.0
spike_crash_volatile_s2;23100;INTARIAN_PEPPER_ROOT;11231;7;11228;21;;;11243;13;11245;16;;;11237.0;0.0
spike_crash_volatile_s2;23100;ASH_COATED_OSMIUM;9998;16;9996;20;;;10004;12;10008;24;;;10001.0;0.0
spike_crash_volatile_s2;23200;INTARIAN_PEPPER_ROOT;11218;12;11215;16;;;11260;9;11264;19;;;11239.0;0.0
spike_crash_volatile_s2;23200;ASH_COATED_OSMIUM;9990;14;9987;28;;;10012;10;10016;26;;;10001.0;0.0
spike_crash_volatile_s2;23300;INTARIAN_PEPPER_ROOT;11237;13;11235;24;;;11239;18;11241;22;;;11238.0;0.0
spike_crash_volatile_s2;23300;ASH_COATED_OSMIUM;10001;8;9998;18;;;10005;9;10007;19;;;10003.0;0.0
spike_crash_volatile_s2;23400;INTARIAN_PEPPER_ROOT;11225;16;11222;8;;;11249;24;11251;17;;;11237.0;0.0
spike_crash_volatile_s2;23400;ASH_COATED_OSMIUM;9985;12;9982;23;;;10015;18;10017;17;;;10000.0;0.0
spike_crash_volatile_s2;23500;INTARIAN_PEPPER_ROOT;11236;11;11233;24;;;11238;9;11241;18;;;11237.0;0.0
spike_crash_volatile_s2;23500;ASH_COATED_OSMIUM;9986;5;9982;19;;;10018;7;10020;26;;;10002.0;0.0
spike_crash_volatile_s2;23600;INTARIAN_PEPPER_ROOT;11210;14;11206;15;;;11252;22;11255;22;;;11231.0;0.0
spike_crash_volatile_s2;23600;ASH_COATED_OSMIUM;10002;5;9999;21;;;10010;9;10013;16;;;10006.0;0.0
spike_crash_volatile_s2;23700;INTARIAN_PEPPER_ROOT;11235;10;11232;19;;;11239;14;11241;13;;;11237.0;0.0
spike_crash_volatile_s2;23700;ASH_COATED_OSMIUM;9978;21;9974;15;;;10038;14;10041;13;;;10008.0;0.0
spike_crash_volatile_s2;23800;INTARIAN_PEPPER_ROOT;11225;11;11222;18;;;11243;9;11245;25;;;11234.0;0.0
spike_crash_volatile_s2;23800;ASH_COATED_OSMIUM;10002;11;10000;21;;;10020;12;10023;26;;;10011.0;0.0
spike_crash_volatile_s2;23900;INTARIAN_PEPPER_ROOT;11227;5;11224;26;;;11241;11;11245;19;;;11234.0;0.0
spike_crash_volatile_s2;23900;ASH_COATED_OSMIUM;10006;15;10003;16;;;10014;9;10017;13;;;10010.0;0.0
spike_crash_volatile_s2;24000;INTARIAN_PEPPER_ROOT;11231;14;11229;20;;;11233;13;11235;28;;;11232.0;0.0
spike_crash_volatile_s2;24000;ASH_COATED_OSMIUM;10005;20;10002;19;;;10007;10;10011;20;;;10006.0;0.0
spike_crash_volatile_s2;24100;INTARIAN_PEPPER_ROOT;11221;22;11218;23;;;11237;17;11241;26;;;11229.0;0.0
spike_crash_volatile_s2;24100;ASH_COATED_OSMIUM;10005;15;10001;25;;;10007;6;10010;23;;;10006.0;0.0
spike_crash_volatile_s2;24200;INTARIAN_PEPPER_ROOT;11227;9;11224;12;;;11231;17;11234;22;;;11229.0;0.0
spike_crash_volatile_s2;24200;ASH_COATED_OSMIUM;10003;13;10000;17;;;10005;10;10008;22;;;10004.0;0.0
spike_crash_volatile_s2;24300;INTARIAN_PEPPER_ROOT;11228;15;11225;22;;;11230;14;11232;14;;;11229.0;0.0
spike_crash_volatile_s2;24300;ASH_COATED_OSMIUM;10005;21;10001;15;;;10009;15;10011;11;;;10007.0;0.0
spike_crash_volatile_s2;24400;INTARIAN_PEPPER_ROOT;11223;14;11219;16;;;11237;17;11241;17;;;11230.0;0.0
spike_crash_volatile_s2;24400;ASH_COATED_OSMIUM;9993;9;9989;20;;;10011;5;10013;24;;;10002.0;0.0
spike_crash_volatile_s2;24500;INTARIAN_PEPPER_ROOT;11223;13;11219;15;;;11241;15;11245;10;;;11232.0;0.0
spike_crash_volatile_s2;24500;ASH_COATED_OSMIUM;9998;11;9996;18;;;10010;6;10013;13;;;10004.0;0.0
spike_crash_volatile_s2;24600;INTARIAN_PEPPER_ROOT;11227;14;11224;20;;;11237;15;11240;23;;;11232.0;0.0
spike_crash_volatile_s2;24600;ASH_COATED_OSMIUM;9982;15;9978;19;;;10034;8;10038;13;;;10008.0;0.0
spike_crash_volatile_s2;24700;INTARIAN_PEPPER_ROOT;11232;5;11229;21;;;11234;21;11238;16;;;11233.0;0.0
spike_crash_volatile_s2;24700;ASH_COATED_OSMIUM;9995;5;9991;16;;;10023;16;10027;8;;;10009.0;0.0
spike_crash_volatile_s2;24800;INTARIAN_PEPPER_ROOT;11234;24;11232;24;;;11236;14;11239;21;;;11235.0;0.0
spike_crash_volatile_s2;24800;ASH_COATED_OSMIUM;10010;10;10007;13;;;10012;14;10015;27;;;10011.0;0.0
spike_crash_volatile_s2;24900;INTARIAN_PEPPER_ROOT;11233;14;11229;18;;;11239;19;11241;16;;;11236.0;0.0
spike_crash_volatile_s2;24900;ASH_COATED_OSMIUM;9986;10;9984;20;;;10032;10;10035;24;;;10009.0;0.0
spike_crash_volatile_s2;25000;INTARIAN_PEPPER_ROOT;11228;21;11224;23;;;11244;11;11247;20;;;11236.0;0.0
spike_crash_volatile_s2;25000;ASH_COATED_OSMIUM;10000;21;9998;28;;;10016;15;10019;23;;;10008.0;0.0
spike_crash_volatile_s2;25100;INTARIAN_PEPPER_ROOT;11233;27;11229;14;;;11243;16;11247;29;;;11238.0;0.0
spike_crash_volatile_s2;25100;ASH_COATED_OSMIUM;9997;9;9993;12;;;10015;13;10018;18;;;10006.0;0.0
spike_crash_volatile_s2;25200;INTARIAN_PEPPER_ROOT;11233;16;11231;25;;;11247;15;11251;14;;;11240.0;0.0
spike_crash_volatile_s2;25200;ASH_COATED_OSMIUM;10012;17;10008;22;;;10014;9;10016;15;;;10013.0;0.0
spike_crash_volatile_s2;25300;INTARIAN_PEPPER_ROOT;11237;16;11234;13;;;11245;5;11249;12;;;11241.0;0.0
spike_crash_volatile_s2;25300;ASH_COATED_OSMIUM;10013;5;10011;9;;;10015;19;10017;11;;;10014.0;0.0
spike_crash_volatile_s2;25400;INTARIAN_PEPPER_ROOT;11230;10;11226;21;;;11242;14;11244;16;;;11236.0;0.0
spike_crash_volatile_s2;25400;ASH_COATED_OSMIUM;10012;9;10008;16;;;10014;6;10017;20;;;10013.0;0.0
spike_crash_volatile_s2;25500;INTARIAN_PEPPER_ROOT;11228;11;11226;23;;;11246;11;11250;14;;;11237.0;0.0
spike_crash_volatile_s2;25500;ASH_COATED_OSMIUM;10015;15;10011;27;;;10021;15;10024;22;;;10018.0;0.0
spike_crash_volatile_s2;25600;INTARIAN_PEPPER_ROOT;11227;5;11223;21;;;11251;16;11254;15;;;11239.0;0.0
spike_crash_volatile_s2;25600;ASH_COATED_OSMIUM;10012;9;10009;20;;;10022;10;10024;21;;;10017.0;0.0
spike_crash_volatile_s2;25700;INTARIAN_PEPPER_ROOT;11237;17;11234;18;;;11243;15;11247;22;;;11240.0;0.0
spike_crash_volatile_s2;25700;ASH_COATED_OSMIUM;10014;22;10011;13;;;10022;8;10025;20;;;10018.0;0.0
spike_crash_volatile_s2;25800;INTARIAN_PEPPER_ROOT;11233;7;11231;23;;;11249;7;11252;21;;;11241.0;0.0
spike_crash_volatile_s2;25800;ASH_COATED_OSMIUM;10018;10;10014;13;;;10022;5;10024;19;;;10020.0;0.0
spike_crash_volatile_s2;25900;INTARIAN_PEPPER_ROOT;11244;24;11241;17;;;11252;17;11254;15;;;11248.0;0.0
spike_crash_volatile_s2;25900;ASH_COATED_OSMIUM;10023;19;10020;20;;;10029;14;10033;32;;;10026.0;0.0
spike_crash_volatile_s2;26000;INTARIAN_PEPPER_ROOT;11247;10;11244;8;;;11251;6;11254;14;;;11249.0;0.0
spike_crash_volatile_s2;26000;ASH_COATED_OSMIUM;10023;17;10021;22;;;10029;9;10032;12;;;10026.0;0.0
spike_crash_volatile_s2;26100;INTARIAN_PEPPER_ROOT;11250;19;11247;27;;;11252;5;11254;15;;;11251.0;0.0
spike_crash_volatile_s2;26100;ASH_COATED_OSMIUM;10025;13;10021;12;;;10027;19;10029;25;;;10026.0;0.0
spike_crash_volatile_s2;26200;INTARIAN_PEPPER_ROOT;11249;18;11246;22;;;11251;14;11254;21;;;11250.0;0.0
spike_crash_volatile_s2;26200;ASH_COATED_OSMIUM;10018;26;10014;21;;;10024;17;10026;22;;;10021.0;0.0
spike_crash_volatile_s2;26300;INTARIAN_PEPPER_ROOT;11237;18;11235;16;;;11261;9;11265;21;;;11249.0;0.0
spike_crash_volatile_s2;26300;ASH_COATED_OSMIUM;10024;6;10021;17;;;10026;15;10030;23;;;10025.0;0.0
spike_crash_volatile_s2;26400;INTARIAN_PEPPER_ROOT;11245;16;11241;24;;;11251;9;11254;19;;;11248.0;0.0
spike_crash_volatile_s2;26400;ASH_COATED_OSMIUM;10027;10;10023;16;;;10031;16;10034;19;;;10029.0;0.0
spike_crash_volatile_s2;26500;INTARIAN_PEPPER_ROOT;11239;12;11236;26;;;11255;14;11257;17;;;11247.0;0.0
spike_crash_volatile_s2;26500;ASH_COATED_OSMIUM;10021;7;10019;21;;;10031;24;10034;13;;;10026.0;0.0
spike_crash_volatile_s2;26600;INTARIAN_PEPPER_ROOT;11245;10;11243;19;;;11251;14;11254;24;;;11248.0;0.0
spike_crash_volatile_s2;26600;ASH_COATED_OSMIUM;10018;13;10016;26;;;10022;12;10025;22;;;10020.0;0.0
spike_crash_volatile_s2;26700;INTARIAN_PEPPER_ROOT;11244;20;11240;25;;;11250;12;11253;18;;;11247.0;0.0
spike_crash_volatile_s2;26700;ASH_COATED_OSMIUM;10025;5;10021;15;;;10027;17;10030;27;;;10026.0;0.0
spike_crash_volatile_s2;26800;INTARIAN_PEPPER_ROOT;11243;14;11240;23;;;11251;15;11253;19;;;11247.0;0.0
spike_crash_volatile_s2;26800;ASH_COATED_OSMIUM;10018;15;10015;17;;;10020;11;10023;20;;;10019.0;0.0
spike_crash_volatile_s2;26900;INTARIAN_PEPPER_ROOT;11234;24;11231;20;;;11256;14;11260;26;;;11245.0;0.0
spike_crash_volatile_s2;26900;ASH_COATED_OSMIUM;10006;5;10002;27;;;10026;19;10029;16;;;10016.0;0.0
spike_crash_volatile_s2;27000;INTARIAN_PEPPER_ROOT;11233;10;11229;11;;;11251;15;11253;14;;;11242.0;0.0
spike_crash_volatile_s2;27000;ASH_COATED_OSMIUM;10012;7;10009;27;;;10020;20;10023;29;;;10016.0;0.0
spike_crash_volatile_s2;27100;INTARIAN_PEPPER_ROOT;11241;17;11237;15;;;11243;26;11245;16;;;11242.0;0.0
spike_crash_volatile_s2;27100;ASH_COATED_OSMIUM;10017;5;10013;19;;;10019;8;10021;25;;;10018.0;0.0
spike_crash_volatile_s2;27200;INTARIAN_PEPPER_ROOT;11237;9;11233;25;;;11241;21;11243;20;;;11239.0;0.0
spike_crash_volatile_s2;27200;ASH_COATED_OSMIUM;10012;17;10008;17;;;10030;6;10034;16;;;10021.0;0.0
spike_crash_volatile_s2;27300;INTARIAN_PEPPER_ROOT;11217;5;11213;18;;;11261;14;11263;29;;;11239.0;0.0
spike_crash_volatile_s2;27300;ASH_COATED_OSMIUM;10013;16;10010;22;;;10017;5;10019;20;;;10015.0;0.0
spike_crash_volatile_s2;27400;INTARIAN_PEPPER_ROOT;11237;7;11234;23;;;11239;11;11243;30;;;11238.0;0.0
spike_crash_volatile_s2;27400;ASH_COATED_OSMIUM;10019;18;10017;14;;;10029;8;10031;21;;;10024.0;0.0
spike_crash_volatile_s2;27500;INTARIAN_PEPPER_ROOT;11223;11;11220;17;;;11253;8;11257;18;;;11238.0;0.0
spike_crash_volatile_s2;27500;ASH_COATED_OSMIUM;10011;14;10008;22;;;10035;8;10037;17;;;10023.0;0.0
spike_crash_volatile_s2;27600;INTARIAN_PEPPER_ROOT;11239;14;11235;15;;;11245;18;11248;20;;;11242.0;0.0
spike_crash_volatile_s2;27600;ASH_COATED_OSMIUM;10016;6;10013;23;;;10018;16;10021;14;;;10017.0;0.0
spike_crash_volatile_s2;27700;INTARIAN_PEPPER_ROOT;11243;19;11239;21;;;11249;11;11251;19;;;11246.0;0.0
spike_crash_volatile_s2;27700;ASH_COATED_OSMIUM;10010;8;10008;15;;;10014;15;10018;18;;;10012.0;0.0
spike_crash_volatile_s2;27800;INTARIAN_PEPPER_ROOT;11248;22;11245;8;;;11250;27;11252;22;;;11249.0;0.0
spike_crash_volatile_s2;27800;ASH_COATED_OSMIUM;9981;17;9978;19;;;10037;9;10039;11;;;10009.0;0.0
spike_crash_volatile_s2;27900;INTARIAN_PEPPER_ROOT;11248;15;11244;17;;;11250;12;11253;25;;;11249.0;0.0
spike_crash_volatile_s2;27900;ASH_COATED_OSMIUM;10007;14;10004;18;;;10011;13;10015;19;;;10009.0;0.0
spike_crash_volatile_s2;28000;INTARIAN_PEPPER_ROOT;11250;19;11246;16;;;11260;13;11263;10;;;11255.0;0.0
spike_crash_volatile_s2;28000;ASH_COATED_OSMIUM;10002;7;9998;15;;;10022;15;10024;21;;;10012.0;0.0
spike_crash_volatile_s2;28100;INTARIAN_PEPPER_ROOT;11226;6;11222;23;;;11276;13;11278;24;;;11251.0;0.0
spike_crash_volatile_s2;28100;ASH_COATED_OSMIUM;10009;19;10006;23;;;10017;10;10020;17;;;10013.0;0.0
spike_crash_volatile_s2;28200;INTARIAN_PEPPER_ROOT;11242;13;11240;21;;;11252;15;11255;21;;;11247.0;0.0
spike_crash_volatile_s2;28200;ASH_COATED_OSMIUM;10013;7;10009;18;;;10019;19;10022;20;;;10016.0;0.0
spike_crash_volatile_s2;28300;INTARIAN_PEPPER_ROOT;11239;12;11235;19;;;11259;18;11263;20;;;11249.0;0.0
spike_crash_volatile_s2;28300;ASH_COATED_OSMIUM;10005;11;10001;20;;;10025;18;10027;23;;;10015.0;0.0
spike_crash_volatile_s2;28400;INTARIAN_PEPPER_ROOT;11242;18;11240;21;;;11258;17;11260;26;;;11250.0;0.0
spike_crash_volatile_s2;28400;ASH_COATED_OSMIUM;10015;10;10013;28;;;10017;21;10019;16;;;10016.0;0.0
spike_crash_volatile_s2;28500;INTARIAN_PEPPER_ROOT;11244;19;11240;14;;;11258;9;11260;24;;;11251.0;0.0
spike_crash_volatile_s2;28500;ASH_COATED_OSMIUM;10018;16;10016;14;;;10022;13;10026;24;;;10020.0;0.0
spike_crash_volatile_s2;28600;INTARIAN_PEPPER_ROOT;11249;12;11245;30;;;11253;15;11257;26;;;11251.0;0.0
spike_crash_volatile_s2;28600;ASH_COATED_OSMIUM;10016;16;10014;21;;;10020;5;10023;17;;;10018.0;0.0
spike_crash_volatile_s2;28700;INTARIAN_PEPPER_ROOT;11245;13;11243;24;;;11253;17;11255;24;;;11249.0;0.0
spike_crash_volatile_s2;28700;ASH_COATED_OSMIUM;9999;22;9997;22;;;10031;12;10035;26;;;10015.0;0.0
spike_crash_volatile_s2;28800;INTARIAN_PEPPER_ROOT;11246;19;11243;22;;;11248;14;11251;10;;;11247.0;0.0
spike_crash_volatile_s2;28800;ASH_COATED_OSMIUM;10001;15;9999;24;;;10025;12;10027;21;;;10013.0;0.0
spike_crash_volatile_s2;28900;INTARIAN_PEPPER_ROOT;11250;9;11247;8;;;11252;25;11254;20;;;11251.0;0.0
spike_crash_volatile_s2;28900;ASH_COATED_OSMIUM;10000;19;9998;21;;;10012;13;10015;24;;;10006.0;0.0
spike_crash_volatile_s2;29000;INTARIAN_PEPPER_ROOT;11253;18;11251;20;;;11255;10;11257;18;;;11254.0;0.0
spike_crash_volatile_s2;29000;ASH_COATED_OSMIUM;10005;12;10003;21;;;10015;8;10019;18;;;10010.0;0.0
spike_crash_volatile_s2;29100;INTARIAN_PEPPER_ROOT;11253;15;11249;22;;;11255;11;11258;16;;;11254.0;0.0
spike_crash_volatile_s2;29100;ASH_COATED_OSMIUM;10006;10;10002;19;;;10010;5;10013;13;;;10008.0;0.0
spike_crash_volatile_s2;29200;INTARIAN_PEPPER_ROOT;11259;11;11256;24;;;11261;18;11264;26;;;11260.0;0.0
spike_crash_volatile_s2;29200;ASH_COATED_OSMIUM;10009;19;10007;24;;;10011;8;10013;27;;;10010.0;0.0
spike_crash_volatile_s2;29300;INTARIAN_PEPPER_ROOT;11244;11;11242;19;;;11272;14;11276;16;;;11258.0;0.0
spike_crash_volatile_s2;29300;ASH_COATED_OSMIUM;10011;15;10009;18;;;10013;17;10015;19;;;10012.0;0.0
spike_crash_volatile_s2;29400;INTARIAN_PEPPER_ROOT;11251;11;11247;13;;;11263;14;11265;14;;;11257.0;0.0
spike_crash_volatile_s2;29400;ASH_COATED_OSMIUM;10009;14;10007;32;;;10011;16;10014;21;;;10010.0;0.0
spike_crash_volatile_s2;29500;INTARIAN_PEPPER_ROOT;11252;17;11249;19;;;11268;23;11271;19;;;11260.0;0.0
spike_crash_volatile_s2;29500;ASH_COATED_OSMIUM;10004;10;10002;16;;;10010;22;10013;25;;;10007.0;0.0
spike_crash_volatile_s2;29600;INTARIAN_PEPPER_ROOT;11244;19;11241;29;;;11270;10;11273;14;;;11257.0;0.0
spike_crash_volatile_s2;29600;ASH_COATED_OSMIUM;9997;7;9993;23;;;10021;12;10025;18;;;10009.0;0.0
spike_crash_volatile_s2;29700;INTARIAN_PEPPER_ROOT;11238;9;11236;20;;;11276;14;11278;25;;;11257.0;0.0
spike_crash_volatile_s2;29700;ASH_COATED_OSMIUM;10002;15;9999;22;;;10004;12;10007;17;;;10003.0;0.0
spike_crash_volatile_s2;29800;INTARIAN_PEPPER_ROOT;11250;11;11248;26;;;11264;5;11268;17;;;11257.0;0.0
spike_crash_volatile_s2;29800;ASH_COATED_OSMIUM;9999;18;9997;23;;;10009;13;10012;19;;;10004.0;0.0
spike_crash_volatile_s2;29900;INTARIAN_PEPPER_ROOT;11256;13;11252;25;;;11258;5;11261;11;;;11257.0;0.0
spike_crash_volatile_s2;29900;ASH_COATED_OSMIUM;9998;10;9995;26;;;10000;15;10003;18;;;9999.0;0.0
spike_crash_volatile_s2;30000;INTARIAN_PEPPER_ROOT;11221;11;11219;18;;;11299;16;11302;15;;;11260.0;0.0
spike_crash_volatile_s2;30000;ASH_COATED_OSMIUM;9985;7;9983;21;;;10011;12;10013;15;;;9998.0;0.0
spike_crash_volatile_s2;30100;INTARIAN_PEPPER_ROOT;11259;10;11257;17;;;11267;15;11269;27;;;11263.0;0.0
spike_crash_volatile_s2;30100;ASH_COATED_OSMIUM;9987;11;9983;10;;;10003;5;10006;13;;;9995.0;0.0
spike_crash_volatile_s2;30200;INTARIAN_PEPPER_ROOT;11241;17;11239;15;;;11281;10;11285;16;;;11261.0;0.0
spike_crash_volatile_s2;30200;ASH_COATED_OSMIUM;9992;12;9988;14;;;9994;6;9997;25;;;9993.0;0.0
spike_crash_volatile_s2;30300;INTARIAN_PEPPER_ROOT;11236;20;11233;12;;;11286;19;11289;27;;;11261.0;0.0
spike_crash_volatile_s2;30300;ASH_COATED_OSMIUM;9980;11;9976;22;;;10006;14;10010;9;;;9993.0;0.0
spike_crash_volatile_s2;30400;INTARIAN_PEPPER_ROOT;11260;12;11258;20;;;11264;18;11266;26;;;11262.0;0.0
spike_crash_volatile_s2;30400;ASH_COATED_OSMIUM;9983;11;9981;18;;;10007;25;10011;25;;;9995.0;0.0
spike_crash_volatile_s2;30500;INTARIAN_PEPPER_ROOT;11261;19;11257;17;;;11265;16;11269;24;;;11263.0;0.0
spike_crash_volatile_s2;30500;ASH_COATED_OSMIUM;9977;29;9975;13;;;10013;19;10017;15;;;9995.0;0.0
spike_crash_volatile_s2;30600;INTARIAN_PEPPER_ROOT;11242;13;11240;23;;;11282;21;11284;19;;;11262.0;0.0
spike_crash_volatile_s2;30600;ASH_COATED_OSMIUM;9980;16;9976;22;;;10006;15;10010;23;;;9993.0;0.0
spike_crash_volatile_s2;30700;INTARIAN_PEPPER_ROOT;11256;12;11253;23;;;11272;10;11276;18;;;11264.0;0.0
spike_crash_volatile_s2;30700;ASH_COATED_OSMIUM;9978;16;9976;32;;;10010;14;10012;27;;;9994.0;0.0
spike_crash_volatile_s2;30800;INTARIAN_PEPPER_ROOT;11264;16;11261;21;;;11270;8;11272;9;;;11267.0;0.0
spike_crash_volatile_s2;30800;ASH_COATED_OSMIUM;9949;15;9947;11;;;10039;14;10043;24;;;9994.0;0.0
spike_crash_volatile_s2;30900;INTARIAN_PEPPER_ROOT;11251;18;11248;8;;;11281;10;11285;16;;;11266.0;0.0
spike_crash_volatile_s2;30900;ASH_COATED_OSMIUM;9997;9;9994;21;;;9999;11;10003;17;;;9998.0;0.0
spike_crash_volatile_s2;31000;INTARIAN_PEPPER_ROOT;11269;12;11267;20;;;11271;12;11274;8;;;11270.0;0.0
spike_crash_volatile_s2;31000;ASH_COATED_OSMIUM;9981;15;9977;24;;;10015;5;10017;27;;;9998.0;0.0
spike_crash_volatile_s2;31100;INTARIAN_PEPPER_ROOT;11265;20;11263;25;;;11267;8;11271;26;;;11266.0;0.0
spike_crash_volatile_s2;31100;ASH_COATED_OSMIUM;9999;15;9996;26;;;10005;8;10007;18;;;10002.0;0.0
spike_crash_volatile_s2;31200;INTARIAN_PEPPER_ROOT;11247;21;11243;23;;;11279;12;11283;30;;;11263.0;0.0
spike_crash_volatile_s2;31200;ASH_COATED_OSMIUM;9983;12;9979;21;;;10025;16;10029;17;;;10004.0;0.0
spike_crash_volatile_s2;31300;INTARIAN_PEPPER_ROOT;11264;13;11260;24;;;11266;10;11268;14;;;11265.0;0.0
spike_crash_volatile_s2;31300;ASH_COATED_OSMIUM;10005;5;10001;16;;;10007;20;10011;24;;;10006.0;0.0
spike_crash_volatile_s2;31400;INTARIAN_PEPPER_ROOT;11248;29;11246;26;;;11282;18;11285;18;;;11265.0;0.0
spike_crash_volatile_s2;31400;ASH_COATED_OSMIUM;10009;11;10006;18;;;10011;10;10014;20;;;10010.0;0.0
spike_crash_volatile_s2;31500;INTARIAN_PEPPER_ROOT;11261;14;11258;23;;;11265;13;11268;25;;;11263.0;0.0
spike_crash_volatile_s2;31500;ASH_COATED_OSMIUM;10006;7;10004;19;;;10012;14;10016;24;;;10009.0;0.0
spike_crash_volatile_s2;31600;INTARIAN_PEPPER_ROOT;11262;14;11260;16;;;11264;20;11266;19;;;11263.0;0.0
spike_crash_volatile_s2;31600;ASH_COATED_OSMIUM;9987;11;9984;22;;;10027;5;10030;9;;;10007.0;0.0
spike_crash_volatile_s2;31700;INTARIAN_PEPPER_ROOT;11245;17;11243;20;;;11281;19;11283;8;;;11263.0;0.0
spike_crash_volatile_s2;31700;ASH_COATED_OSMIUM;10006;11;10004;18;;;10012;5;10014;20;;;10009.0;0.0
spike_crash_volatile_s2;31800;INTARIAN_PEPPER_ROOT;11246;17;11244;22;;;11282;5;11286;21;;;11264.0;0.0
spike_crash_volatile_s2;31800;ASH_COATED_OSMIUM;9978;14;9974;17;;;10040;8;10044;22;;;10009.0;0.0
spike_crash_volatile_s2;31900;INTARIAN_PEPPER_ROOT;11248;8;11245;18;;;11274;18;11278;16;;;11261.0;0.0
spike_crash_volatile_s2;31900;ASH_COATED_OSMIUM;9993;13;9991;16;;;10031;13;10034;18;;;10012.0;0.0
spike_crash_volatile_s2;32000;INTARIAN_PEPPER_ROOT;11261;11;11259;24;;;11263;7;11267;13;;;11262.0;0.0
spike_crash_volatile_s2;32000;ASH_COATED_OSMIUM;10014;13;10011;23;;;10016;22;10020;20;;;10015.0;0.0
spike_crash_volatile_s2;32100;INTARIAN_PEPPER_ROOT;11267;12;11265;21;;;11273;18;11277;19;;;11270.0;0.0
spike_crash_volatile_s2;32100;ASH_COATED_OSMIUM;10011;6;10007;21;;;10013;7;10017;16;;;10012.0;0.0
spike_crash_volatile_s2;32200;INTARIAN_PEPPER_ROOT;11271;22;11269;17;;;11273;11;11275;14;;;11272.0;0.0
spike_crash_volatile_s2;32200;ASH_COATED_OSMIUM;10005;7;10001;18;;;10017;5;10021;28;;;10011.0;0.0
spike_crash_volatile_s2;32300;INTARIAN_PEPPER_ROOT;11263;20;11259;21;;;11273;15;11275;16;;;11268.0;0.0
spike_crash_volatile_s2;32300;ASH_COATED_OSMIUM;10006;9;10004;26;;;10012;13;10015;22;;;10009.0;0.0
spike_crash_volatile_s2;32400;INTARIAN_PEPPER_ROOT;11269;19;11267;19;;;11273;22;11276;22;;;11271.0;0.0
spike_crash_volatile_s2;32400;ASH_COATED_OSMIUM;10008;17;10005;25;;;10010;10;10012;17;;;10009.0;0.0
spike_crash_volatile_s2;32500;INTARIAN_PEPPER_ROOT;11258;8;11255;22;;;11288;11;11291;14;;;11273.0;0.0
spike_crash_volatile_s2;32500;ASH_COATED_OSMIUM;10007;7;10003;21;;;10011;12;10013;22;;;10009.0;0.0
spike_crash_volatile_s2;32600;INTARIAN_PEPPER_ROOT;11273;25;11271;19;;;11283;15;11287;19;;;11278.0;0.0
spike_crash_volatile_s2;32600;ASH_COATED_OSMIUM;9994;11;9990;20;;;10016;18;10019;8;;;10005.0;0.0
spike_crash_volatile_s2;32700;INTARIAN_PEPPER_ROOT;11272;11;11269;17;;;11286;19;11288;17;;;11279.0;0.0
spike_crash_volatile_s2;32700;ASH_COATED_OSMIUM;10008;12;10004;16;;;10010;12;10013;24;;;10009.0;0.0
spike_crash_volatile_s2;32800;INTARIAN_PEPPER_ROOT;11278;10;11275;16;;;11280;14;11284;16;;;11279.0;0.0
spike_crash_volatile_s2;32800;ASH_COATED_OSMIUM;9997;5;9993;24;;;10023;9;10025;9;;;10010.0;0.0
spike_crash_volatile_s2;32900;INTARIAN_PEPPER_ROOT;11281;18;11277;20;;;11285;9;11289;21;;;11283.0;0.0
spike_crash_volatile_s2;32900;ASH_COATED_OSMIUM;10003;12;10001;13;;;10019;11;10021;15;;;10011.0;0.0
spike_crash_volatile_s2;33000;INTARIAN_PEPPER_ROOT;11275;16;11273;10;;;11295;23;11297;15;;;11285.0;0.0
spike_crash_volatile_s2;33000;ASH_COATED_OSMIUM;10002;15;9998;10;;;10026;6;10028;18;;;10014.0;0.0
spike_crash_volatile_s2;33100;INTARIAN_PEPPER_ROOT;11280;23;11276;21;;;11284;26;11286;16;;;11282.0;0.0
spike_crash_volatile_s2;33100;ASH_COATED_OSMIUM;10008;10;10004;31;;;10022;11;10024;15;;;10015.0;0.0
spike_crash_volatile_s2;33200;INTARIAN_PEPPER_ROOT;11283;6;11279;14;;;11287;18;11290;25;;;11285.0;0.0
spike_crash_volatile_s2;33200;ASH_COATED_OSMIUM;10003;20;10000;21;;;10027;14;10029;22;;;10015.0;0.0
spike_crash_volatile_s2;33300;INTARIAN_PEPPER_ROOT;11281;13;11279;20;;;11289;17;11292;22;;;11285.0;0.0
spike_crash_volatile_s2;33300;ASH_COATED_OSMIUM;10006;6;10002;11;;;10024;17;10027;22;;;10015.0;0.0
spike_crash_volatile_s2;33400;INTARIAN_PEPPER_ROOT;11286;20;11283;25;;;11292;20;11296;18;;;11289.0;0.0
spike_crash_volatile_s2;33400;ASH_COATED_OSMIUM;10003;18;9999;17;;;10029;22;10033;20;;;10016.0;0.0
spike_crash_volatile_s2;33500;INTARIAN_PEPPER_ROOT;11287;17;11285;26;;;11291;15;11294;21;;;11289.0;0.0
spike_crash_volatile_s2;33500;ASH_COATED_OSMIUM;10005;12;10002;20;;;10025;5;10028;23;;;10015.0;0.0
spike_crash_volatile_s2;33600;INTARIAN_PEPPER_ROOT;11291;26;11287;29;;;11293;8;11297;15;;;11292.0;0.0
spike_crash_volatile_s2;33600;ASH_COATED_OSMIUM;10011;6;10008;14;;;10019;7;10022;22;;;10015.0;0.0
spike_crash_volatile_s2;33700;INTARIAN_PEPPER_ROOT;11289;12;11286;13;;;11299;9;11303;30;;;11294.0;0.0
spike_crash_volatile_s2;33700;ASH_COATED_OSMIUM;9998;11;9995;13;;;10020;5;10024;20;;;10009.0;0.0
spike_crash_volatile_s2;33800;INTARIAN_PEPPER_ROOT;11284;8;11282;21;;;11308;5;11311;21;;;11296.0;0.0
spike_crash_volatile_s2;33800;ASH_COATED_OSMIUM;10007;17;10004;25;;;10009;27;10013;22;;;10008.0;0.0
spike_crash_volatile_s2;33900;INTARIAN_PEPPER_ROOT;11296;14;11293;15;;;11298;16;11300;13;;;11297.0;0.0
spike_crash_volatile_s2;33900;ASH_COATED_OSMIUM;9986;5;9984;27;;;10026;17;10030;14;;;10006.0;0.0
spike_crash_volatile_s2;34000;INTARIAN_PEPPER_ROOT;11288;8;11285;9;;;11306;18;11309;27;;;11297.0;0.0
spike_crash_volatile_s2;34000;ASH_COATED_OSMIUM;10002;5;10000;30;;;10020;24;10022;24;;;10011.0;0.0
spike_crash_volatile_s2;34100;INTARIAN_PEPPER_ROOT;11286;12;11283;31;;;11310;18;11313;17;;;11298.0;0.0
spike_crash_volatile_s2;34100;ASH_COATED_OSMIUM;9974;12;9972;14;;;10044;18;10046;14;;;10009.0;0.0
spike_crash_volatile_s2;34200;INTARIAN_PEPPER_ROOT;11244;17;11240;24;;;11356;21;11359;18;;;11300.0;0.0
spike_crash_volatile_s2;34200;ASH_COATED_OSMIUM;10004;9;10002;23;;;10008;8;10011;29;;;10006.0;0.0
spike_crash_volatile_s2;34300;INTARIAN_PEPPER_ROOT;11300;20;11298;20;;;11306;17;11308;16;;;11303.0;0.0
spike_crash_volatile_s2;34300;ASH_COATED_OSMIUM;9990;17;9988;23;;;10026;17;10030;28;;;10008.0;0.0
spike_crash_volatile_s2;34400;INTARIAN_PEPPER_ROOT;11299;18;11295;16;;;11317;15;11321;28;;;11308.0;0.0
spike_crash_volatile_s2;34400;ASH_COATED_OSMIUM;10007;19;10005;27;;;10009;20;10012;21;;;10008.0;0.0
spike_crash_volatile_s2;34500;INTARIAN_PEPPER_ROOT;11288;12;11286;15;;;11332;17;11334;25;;;11310.0;0.0
spike_crash_volatile_s2;34500;ASH_COATED_OSMIUM;9992;14;9989;18;;;10016;7;10019;23;;;10004.0;0.0
spike_crash_volatile_s2;34600;INTARIAN_PEPPER_ROOT;11305;8;11301;13;;;11319;7;11323;17;;;11312.0;0.0
spike_crash_volatile_s2;34600;ASH_COATED_OSMIUM;9995;14;9992;18;;;10009;13;10011;28;;;10002.0;0.0
spike_crash_volatile_s2;34700;INTARIAN_PEPPER_ROOT;11318;13;11314;18;;;11320;14;11324;11;;;11319.0;0.0
spike_crash_volatile_s2;34700;ASH_COATED_OSMIUM;10002;22;9998;21;;;10004;11;10007;17;;;10003.0;0.0
spike_crash_volatile_s2;34800;INTARIAN_PEPPER_ROOT;11316;24;11313;21;;;11324;13;11326;23;;;11320.0;0.0
spike_crash_volatile_s2;34800;ASH_COATED_OSMIUM;10000;18;9997;20;;;10004;18;10008;10;;;10002.0;0.0
spike_crash_volatile_s2;34900;INTARIAN_PEPPER_ROOT;11315;20;11312;19;;;11329;12;11333;19;;;11322.0;0.0
spike_crash_volatile_s2;34900;ASH_COATED_OSMIUM;9996;10;9994;23;;;10008;15;10012;25;;;10002.0;0.0
spike_crash_volatile_s2;35000;INTARIAN_PEPPER_ROOT;11321;24;11317;26;;;11323;19;11326;20;;;11322.0;0.0
spike_crash_volatile_s2;35000;ASH_COATED_OSMIUM;9978;15;9976;21;;;10030;17;10033;24;;;10004.0;0.0
spike_crash_volatile_s2;35100;INTARIAN_PEPPER_ROOT;11320;12;11317;8;;;11326;12;11328;16;;;11323.0;0.0
spike_crash_volatile_s2;35100;ASH_COATED_OSMIUM;10005;10;10001;21;;;10007;20;10011;18;;;10006.0;0.0
spike_crash_volatile_s2;35200;INTARIAN_PEPPER_ROOT;11327;18;11325;22;;;11329;15;11333;23;;;11328.0;0.0
spike_crash_volatile_s2;35200;ASH_COATED_OSMIUM;10008;9;10005;19;;;10010;13;10013;15;;;10009.0;0.0
spike_crash_volatile_s2;35300;INTARIAN_PEPPER_ROOT;11327;17;11324;19;;;11331;14;11334;18;;;11329.0;0.0
spike_crash_volatile_s2;35300;ASH_COATED_OSMIUM;10010;5;10007;17;;;10016;6;10020;14;;;10013.0;0.0
spike_crash_volatile_s2;35400;INTARIAN_PEPPER_ROOT;11325;5;11321;31;;;11343;16;11345;12;;;11334.0;0.0
spike_crash_volatile_s2;35400;ASH_COATED_OSMIUM;10007;15;10004;32;;;10017;19;10021;20;;;10012.0;0.0
spike_crash_volatile_s2;35500;INTARIAN_PEPPER_ROOT;11332;13;11329;24;;;11334;27;11338;24;;;11333.0;0.0
spike_crash_volatile_s2;35500;ASH_COATED_OSMIUM;10004;7;10002;19;;;10012;13;10016;29;;;10008.0;0.0
spike_crash_volatile_s2;35600;INTARIAN_PEPPER_ROOT;11329;8;11327;18;;;11331;10;11334;24;;;11330.0;0.0
spike_crash_volatile_s2;35600;ASH_COATED_OSMIUM;10016;13;10012;20;;;10018;14;10022;14;;;10017.0;0.0
spike_crash_volatile_s2;35700;INTARIAN_PEPPER_ROOT;11324;12;11320;22;;;11340;20;11344;21;;;11332.0;0.0
spike_crash_volatile_s2;35700;ASH_COATED_OSMIUM;9996;12;9994;26;;;10034;6;10037;20;;;10015.0;0.0
spike_crash_volatile_s2;35800;INTARIAN_PEPPER_ROOT;11323;21;11319;25;;;11335;8;11338;13;;;11329.0;0.0
spike_crash_volatile_s2;35800;ASH_COATED_OSMIUM;10002;15;9999;22;;;10028;12;10032;15;;;10015.0;0.0
spike_crash_volatile_s2;35900;INTARIAN_PEPPER_ROOT;11336;18;11332;21;;;11338;11;11340;23;;;11337.0;0.0
spike_crash_volatile_s2;35900;ASH_COATED_OSMIUM;10015;17;10013;18;;;10023;7;10027;18;;;10019.0;0.0
spike_crash_volatile_s2;36000;INTARIAN_PEPPER_ROOT;11340;16;11336;25;;;11344;15;11347;19;;;11342.0;0.0
spike_crash_volatile_s2;36000;ASH_COATED_OSMIUM;10018;13;10014;17;;;10030;5;10032;26;;;10024.0;0.0
spike_crash_volatile_s2;36100;INTARIAN_PEPPER_ROOT;11339;12;11337;22;;;11341;14;11345;20;;;11340.0;0.0
spike_crash_volatile_s2;36100;ASH_COATED_OSMIUM;10009;17;10005;18;;;10025;9;10028;16;;;10017.0;0.0
spike_crash_volatile_s2;36200;INTARIAN_PEPPER_ROOT;11339;8;11335;22;;;11341;17;11344;18;;;11340.0;0.0
spike_crash_volatile_s2;36200;ASH_COATED_OSMIUM;10009;19;10005;27;;;10025;12;10028;18;;;10017.0;0.0
spike_crash_volatile_s2;36300;INTARIAN_PEPPER_ROOT;11335;12;11332;22;;;11343;21;11346;12;;;11339.0;0.0
spike_crash_volatile_s2;36300;ASH_COATED_OSMIUM;10011;5;10009;22;;;10023;11;10026;17;;;10017.0;0.0
spike_crash_volatile_s2;36400;INTARIAN_PEPPER_ROOT;11334;14;11332;19;;;11348;14;11351;19;;;11341.0;0.0
spike_crash_volatile_s2;36400;ASH_COATED_OSMIUM;9991;12;9988;11;;;10041;15;10045;19;;;10016.0;0.0
spike_crash_volatile_s2;36500;INTARIAN_PEPPER_ROOT;11340;6;11337;30;;;11344;9;11348;18;;;11342.0;0.0
spike_crash_volatile_s2;36500;ASH_COATED_OSMIUM;10008;16;10006;22;;;10018;12;10021;9;;;10013.0;0.0
spike_crash_volatile_s2;36600;INTARIAN_PEPPER_ROOT;11340;5;11337;20;;;11352;23;11354;20;;;11346.0;0.0
spike_crash_volatile_s2;36600;ASH_COATED_OSMIUM;10008;23;10004;20;;;10010;10;10012;21;;;10009.0;0.0
spike_crash_volatile_s2;36700;INTARIAN_PEPPER_ROOT;11345;17;11342;21;;;11355;7;11357;27;;;11350.0;0.0
spike_crash_volatile_s2;36700;ASH_COATED_OSMIUM;10004;5;10000;8;;;10010;13;10013;21;;;10007.0;0.0
spike_crash_volatile_s2;36800;INTARIAN_PEPPER_ROOT;11349;13;11345;23;;;11353;25;11356;13;;;11351.0;0.0
spike_crash_volatile_s2;36800;ASH_COATED_OSMIUM;10001;10;9997;12;;;10015;15;10019;30;;;10008.0;0.0
spike_crash_volatile_s2;36900;INTARIAN_PEPPER_ROOT;11331;30;11329;21;;;11367;21;11370;26;;;11349.0;0.0
spike_crash_volatile_s2;36900;ASH_COATED_OSMIUM;10008;19;10006;17;;;10010;10;10014;21;;;10009.0;0.0
spike_crash_volatile_s2;37000;INTARIAN_PEPPER_ROOT;11344;12;11340;16;;;11358;11;11360;13;;;11351.0;0.0
spike_crash_volatile_s2;37000;ASH_COATED_OSMIUM;10004;9;10000;14;;;10014;10;10018;16;;;10009.0;0.0
spike_crash_volatile_s2;37100;INTARIAN_PEPPER_ROOT;11345;16;11342;20;;;11357;13;11359;16;;;11351.0;0.0
spike_crash_volatile_s2;37100;ASH_COATED_OSMIUM;9989;11;9986;19;;;10021;10;10024;23;;;10005.0;0.0
spike_crash_volatile_s2;37200;INTARIAN_PEPPER_ROOT;11347;15;11345;12;;;11365;14;11369;27;;;11356.0;0.0
spike_crash_volatile_s2;37200;ASH_COATED_OSMIUM;9974;8;9970;16;;;10038;5;10041;19;;;10006.0;0.0
spike_crash_volatile_s2;37300;INTARIAN_PEPPER_ROOT;11353;15;11350;22;;;11359;15;11362;15;;;11356.0;0.0
spike_crash_volatile_s2;37300;ASH_COATED_OSMIUM;9997;30;9993;25;;;10009;23;10012;26;;;10003.0;0.0
spike_crash_volatile_s2;37400;INTARIAN_PEPPER_ROOT;11354;27;11351;17;;;11366;25;11370;20;;;11360.0;0.0
spike_crash_volatile_s2;37400;ASH_COATED_OSMIUM;9987;5;9984;18;;;10021;12;10024;23;;;10004.0;0.0
spike_crash_volatile_s2;37500;INTARIAN_PEPPER_ROOT;11359;11;11355;11;;;11365;12;11369;21;;;11362.0;0.0
spike_crash_volatile_s2;37500;ASH_COATED_OSMIUM;9995;22;9991;14;;;10009;18;10012;13;;;10002.0;0.0
spike_crash_volatile_s2;37600;INTARIAN_PEPPER_ROOT;11361;17;11357;21;;;11363;15;11365;10;;;11362.0;0.0
spike_crash_volatile_s2;37600;ASH_COATED_OSMIUM;9983;19;9980;20;;;10015;5;10019;19;;;9999.0;0.0
spike_crash_volatile_s2;37700;INTARIAN_PEPPER_ROOT;11361;21;11359;23;;;11363;16;11367;19;;;11362.0;0.0
spike_crash_volatile_s2;37700;ASH_COATED_OSMIUM;9998;13;9994;21;;;10000;21;10002;14;;;9999.0;0.0
spike_crash_volatile_s2;37800;INTARIAN_PEPPER_ROOT;11363;15;11360;22;;;11365;22;11369;13;;;11364.0;0.0
spike_crash_volatile_s2;37800;ASH_COATED_OSMIUM;9998;16;9994;20;;;10008;13;10011;21;;;10003.0;0.0
spike_crash_volatile_s2;37900;INTARIAN_PEPPER_ROOT;11371;17;11368;19;;;11373;8;11377;22;;;11372.0;0.0
spike_crash_volatile_s2;37900;ASH_COATED_OSMIUM;10002;18;9999;33;;;10008;10;10011;16;;;10005.0;0.0
spike_crash_volatile_s2;38000;INTARIAN_PEPPER_ROOT;11373;13;11370;21;;;11377;18;11380;23;;;11375.0;0.0
spike_crash_volatile_s2;38000;ASH_COATED_OSMIUM;10007;13;10003;22;;;10009;6;10012;27;;;10008.0;0.0
spike_crash_volatile_s2;38100;INTARIAN_PEPPER_ROOT;11369;17;11365;27;;;11381;21;11385;22;;;11375.0;0.0
spike_crash_volatile_s2;38100;ASH_COATED_OSMIUM;9999;10;9997;18;;;10015;12;10019;11;;;10007.0;0.0
spike_crash_volatile_s2;38200;INTARIAN_PEPPER_ROOT;11375;22;11373;21;;;11381;12;11384;23;;;11378.0;0.0
spike_crash_volatile_s2;38200;ASH_COATED_OSMIUM;10005;12;10001;27;;;10007;12;10010;23;;;10006.0;0.0
spike_crash_volatile_s2;38300;INTARIAN_PEPPER_ROOT;11363;22;11359;20;;;11395;15;11397;17;;;11379.0;0.0
spike_crash_volatile_s2;38300;ASH_COATED_OSMIUM;10001;9;9999;13;;;10003;6;10007;18;;;10002.0;0.0
spike_crash_volatile_s2;38400;INTARIAN_PEPPER_ROOT;11364;16;11362;20;;;11390;9;11393;12;;;11377.0;0.0
spike_crash_volatile_s2;38400;ASH_COATED_OSMIUM;10000;8;9997;16;;;10002;15;10005;14;;;10001.0;0.0
spike_crash_volatile_s2;38500;INTARIAN_PEPPER_ROOT;11378;15;11376;33;;;11382;10;11385;24;;;11380.0;0.0
spike_crash_volatile_s2;38500;ASH_COATED_OSMIUM;9986;8;9984;24;;;10026;14;10030;24;;;10006.0;0.0
spike_crash_volatile_s2;38600;INTARIAN_PEPPER_ROOT;11375;20;11371;8;;;11393;7;11396;20;;;11384.0;0.0
spike_crash_volatile_s2;38600;ASH_COATED_OSMIUM;9986;9;9982;25;;;10026;12;10030;27;;;10006.0;0.0
spike_crash_volatile_s2;38700;INTARIAN_PEPPER_ROOT;11382;14;11380;16;;;11388;22;11390;8;;;11385.0;0.0
spike_crash_volatile_s2;38700;ASH_COATED_OSMIUM;9994;16;9991;19;;;10024;14;10027;25;;;10009.0;0.0
spike_crash_volatile_s2;38800;INTARIAN_PEPPER_ROOT;11380;5;11377;17;;;11384;18;11388;25;;;11382.0;0.0
spike_crash_volatile_s2;38800;ASH_COATED_OSMIUM;10003;15;10001;25;;;10013;12;10017;18;;;10008.0;0.0
spike_crash_volatile_s2;38900;INTARIAN_PEPPER_ROOT;11383;23;11380;24;;;11385;21;11387;23;;;11384.0;0.0
spike_crash_volatile_s2;38900;ASH_COATED_OSMIUM;10006;5;10004;22;;;10008;9;10011;8;;;10007.0;0.0
spike_crash_volatile_s2;39000;INTARIAN_PEPPER_ROOT;11386;16;11383;18;;;11394;18;11397;20;;;11390.0;0.0
spike_crash_volatile_s2;39000;ASH_COATED_OSMIUM;10003;16;10001;27;;;10009;22;10013;12;;;10006.0;0.0
spike_crash_volatile_s2;39100;INTARIAN_PEPPER_ROOT;11386;23;11382;16;;;11402;17;11406;20;;;11394.0;0.0
spike_crash_volatile_s2;39100;ASH_COATED_OSMIUM;9998;7;9994;14;;;10006;10;10010;21;;;10002.0;0.0
spike_crash_volatile_s2;39200;INTARIAN_PEPPER_ROOT;11388;12;11384;14;;;11406;20;11409;9;;;11397.0;0.0
spike_crash_volatile_s2;39200;ASH_COATED_OSMIUM;9977;11;9974;23;;;10019;17;10022;15;;;9998.0;0.0
spike_crash_volatile_s2;39300;INTARIAN_PEPPER_ROOT;11402;21;11398;21;;;11406;15;11408;23;;;11404.0;0.0
spike_crash_volatile_s2;39300;ASH_COATED_OSMIUM;9991;5;9987;17;;;10015;14;10019;16;;;10003.0;0.0
spike_crash_volatile_s2;39400;INTARIAN_PEPPER_ROOT;11401;9;11397;15;;;11417;20;11420;21;;;11409.0;0.0
spike_crash_volatile_s2;39400;ASH_COATED_OSMIUM;10004;5;10001;13;;;10010;7;10013;15;;;10007.0;0.0
spike_crash_volatile_s2;39500;INTARIAN_PEPPER_ROOT;11410;12;11407;17;;;11414;15;11417;20;;;11412.0;0.0
spike_crash_volatile_s2;39500;ASH_COATED_OSMIUM;10007;11;10005;16;;;10011;17;10014;11;;;10009.0;0.0
spike_crash_volatile_s2;39600;INTARIAN_PEPPER_ROOT;11407;18;11405;15;;;11417;15;11421;22;;;11412.0;0.0
spike_crash_volatile_s2;39600;ASH_COATED_OSMIUM;10013;11;10011;22;;;10023;13;10027;24;;;10018.0;0.0
spike_crash_volatile_s2;39700;INTARIAN_PEPPER_ROOT;11412;18;11410;20;;;11416;10;11420;24;;;11414.0;0.0
spike_crash_volatile_s2;39700;ASH_COATED_OSMIUM;10006;17;10004;18;;;10020;12;10024;18;;;10013.0;0.0
spike_crash_volatile_s2;39800;INTARIAN_PEPPER_ROOT;11412;20;11408;20;;;11416;15;11418;17;;;11414.0;0.0
spike_crash_volatile_s2;39800;ASH_COATED_OSMIUM;10014;11;10011;13;;;10016;22;10020;21;;;10015.0;0.0
spike_crash_volatile_s2;39900;INTARIAN_PEPPER_ROOT;11416;12;11414;24;;;11418;15;11420;17;;;11417.0;0.0
spike_crash_volatile_s2;39900;ASH_COATED_OSMIUM;9989;20;9985;17;;;10039;23;10041;15;;;10014.0;0.0
spike_crash_volatile_s2;40000;INTARIAN_PEPPER_ROOT;11408;6;11404;12;;;11424;14;11427;22;;;11416.0;0.0
spike_crash_volatile_s2;40000;ASH_COATED_OSMIUM;10000;11;9998;21;;;10022;19;10024;22;;;10011.0;0.0
spike_crash_volatile_s2;40100;INTARIAN_PEPPER_ROOT;11400;23;11398;17;;;11442;14;11446;22;;;11421.0;0.0
spike_crash_volatile_s2;40100;ASH_COATED_OSMIUM;10009;19;10006;11;;;10017;6;10020;20;;;10013.0;0.0
spike_crash_volatile_s2;40200;INTARIAN_PEPPER_ROOT;11404;9;11402;21;;;11442;14;11444;21;;;11423.0;0.0
spike_crash_volatile_s2;40200;ASH_COATED_OSMIUM;10009;11;10005;14;;;10023;10;10026;19;;;10016.0;0.0
spike_crash_volatile_s2;40300;INTARIAN_PEPPER_ROOT;11421;16;11417;25;;;11423;14;11425;18;;;11422.0;0.0
spike_crash_volatile_s2;40300;ASH_COATED_OSMIUM;10015;8;10011;12;;;10021;7;10024;12;;;10018.0;0.0
spike_crash_volatile_s2;40400;INTARIAN_PEPPER_ROOT;11423;9;11420;16;;;11427;11;11430;16;;;11425.0;0.0
spike_crash_volatile_s2;40400;ASH_COATED_OSMIUM;10012;8;10008;13;;;10018;17;10022;22;;;10015.0;0.0
spike_crash_volatile_s2;40500;INTARIAN_PEPPER_ROOT;11418;17;11416;21;;;11424;10;11426;18;;;11421.0;0.0
spike_crash_volatile_s2;40500;ASH_COATED_OSMIUM;9987;16;9984;19;;;10029;11;10032;20;;;10008.0;0.0
spike_crash_volatile_s2;40600;INTARIAN_PEPPER_ROOT;11416;13;11414;17;;;11424;19;11426;18;;;11420.0;0.0
spike_crash_volatile_s2;40600;ASH_COATED_OSMIUM;9982;11;9979;13;;;10024;12;10026;8;;;10003.0;0.0
spike_crash_volatile_s2;40700;INTARIAN_PEPPER_ROOT;11410;12;11407;16;;;11430;8;11432;23;;;11420.0;0.0
spike_crash_volatile_s2;40700;ASH_COATED_OSMIUM;9998;13;9995;14;;;10004;5;10006;10;;;10001.0;0.0
spike_crash_volatile_s2;40800;INTARIAN_PEPPER_ROOT;11404;20;11402;15;;;11440;11;11444;21;;;11422.0;0.0
spike_crash_volatile_s2;40800;ASH_COATED_OSMIUM;10001;12;9999;16;;;10003;9;10007;20;;;10002.0;0.0
spike_crash_volatile_s2;40900;INTARIAN_PEPPER_ROOT;11420;14;11416;23;;;11424;11;11426;15;;;11422.0;0.0
spike_crash_volatile_s2;40900;ASH_COATED_OSMIUM;9998;11;9995;14;;;10002;12;10004;18;;;10000.0;0.0
spike_crash_volatile_s2;41000;INTARIAN_PEPPER_ROOT;11422;8;11420;17;;;11432;11;11435;17;;;11427.0;0.0
spike_crash_volatile_s2;41000;ASH_COATED_OSMIUM;10000;21;9998;20;;;10004;10;10008;18;;;10002.0;0.0
spike_crash_volatile_s2;41100;INTARIAN_PEPPER_ROOT;11426;14;11424;19;;;11428;10;11430;16;;;11427.0;0.0
spike_crash_volatile_s2;41100;ASH_COATED_OSMIUM;9979;19;9976;20;;;10031;15;10034;20;;;10005.0;0.0
spike_crash_volatile_s2;41200;INTARIAN_PEPPER_ROOT;11421;17;11417;16;;;11437;21;11439;14;;;11429.0;0.0
spike_crash_volatile_s2;41200;ASH_COATED_OSMIUM;9995;20;9991;24;;;10009;13;10011;27;;;10002.0;0.0
spike_crash_volatile_s2;41300;INTARIAN_PEPPER_ROOT;11425;11;11423;29;;;11431;16;11433;9;;;11428.0;0.0
spike_crash_volatile_s2;41300;ASH_COATED_OSMIUM;9984;6;9981;21;;;10016;9;10018;18;;;10000.0;0.0
spike_crash_volatile_s2;41400;INTARIAN_PEPPER_ROOT;11430;17;11426;22;;;11434;9;11438;28;;;11432.0;0.0
spike_crash_volatile_s2;41400;ASH_COATED_OSMIUM;9998;13;9995;21;;;10004;12;10006;18;;;10001.0;0.0
spike_crash_volatile_s2;41500;INTARIAN_PEPPER_ROOT;11419;25;11415;20;;;11447;8;11450;25;;;11433.0;0.0
spike_crash_volatile_s2;41500;ASH_COATED_OSMIUM;9976;7;9974;21;;;10022;14;10025;14;;;9999.0;0.0
spike_crash_volatile_s2;41600;INTARIAN_PEPPER_ROOT;11434;14;11430;17;;;11436;23;11438;24;;;11435.0;0.0
spike_crash_volatile_s2;41600;ASH_COATED_OSMIUM;9994;16;9992;21;;;10004;13;10007;21;;;9999.0;0.0
spike_crash_volatile_s2;41700;INTARIAN_PEPPER_ROOT;11434;14;11432;11;;;11436;18;11438;14;;;11435.0;0.0
spike_crash_volatile_s2;41700;ASH_COATED_OSMIUM;9995;17;9991;18;;;10001;16;10004;14;;;9998.0;0.0
spike_crash_volatile_s2;41800;INTARIAN_PEPPER_ROOT;11423;12;11419;21;;;11443;20;11447;26;;;11433.0;0.0
spike_crash_volatile_s2;41800;ASH_COATED_OSMIUM;9993;14;9989;24;;;9999;19;10002;20;;;9996.0;0.0
spike_crash_volatile_s2;41900;INTARIAN_PEPPER_ROOT;11416;9;11414;26;;;11450;20;11452;24;;;11433.0;0.0
spike_crash_volatile_s2;41900;ASH_COATED_OSMIUM;9991;13;9988;14;;;10003;12;10006;19;;;9997.0;0.0
spike_crash_volatile_s2;42000;INTARIAN_PEPPER_ROOT;11431;12;11429;17;;;11443;20;11447;19;;;11437.0;0.0
spike_crash_volatile_s2;42000;ASH_COATED_OSMIUM;10002;9;9999;11;;;10004;5;10007;14;;;10003.0;0.0
spike_crash_volatile_s2;42100;INTARIAN_PEPPER_ROOT;11432;17;11429;22;;;11438;24;11440;21;;;11435.0;0.0
spike_crash_volatile_s2;42100;ASH_COATED_OSMIUM;9999;12;9995;20;;;10001;6;10003;23;;;10000.0;0.0
spike_crash_volatile_s2;42200;INTARIAN_PEPPER_ROOT;11431;12;11427;23;;;11433;12;11435;19;;;11432.0;0.0
spike_crash_volatile_s2;42200;ASH_COATED_OSMIUM;9997;17;9993;22;;;10003;16;10005;16;;;10000.0;0.0
spike_crash_volatile_s2;42300;INTARIAN_PEPPER_ROOT;11429;16;11426;16;;;11437;11;11441;23;;;11433.0;0.0
spike_crash_volatile_s2;42300;ASH_COATED_OSMIUM;9995;19;9992;13;;;10009;18;10011;16;;;10002.0;0.0
spike_crash_volatile_s2;42400;INTARIAN_PEPPER_ROOT;11429;10;11425;27;;;11443;14;11445;27;;;11436.0;0.0
spike_crash_volatile_s2;42400;ASH_COATED_OSMIUM;9998;15;9994;26;;;10006;14;10010;16;;;10002.0;0.0
spike_crash_volatile_s2;42500;INTARIAN_PEPPER_ROOT;11433;18;11430;23;;;11437;8;11439;16;;;11435.0;0.0
spike_crash_volatile_s2;42500;ASH_COATED_OSMIUM;9993;9;9990;23;;;10009;8;10011;16;;;10001.0;0.0
spike_crash_volatile_s2;42600;INTARIAN_PEPPER_ROOT;11430;17;11427;18;;;11438;11;11442;23;;;11434.0;0.0
spike_crash_volatile_s2;42600;ASH_COATED_OSMIUM;9981;17;9978;17;;;10019;11;10021;20;;;10000.0;0.0
spike_crash_volatile_s2;42700;INTARIAN_PEPPER_ROOT;11434;19;11431;17;;;11436;12;11438;20;;;11435.0;0.0
spike_crash_volatile_s2;42700;ASH_COATED_OSMIUM;9985;6;9981;31;;;10007;12;10009;21;;;9996.0;0.0
spike_crash_volatile_s2;42800;INTARIAN_PEPPER_ROOT;11424;16;11420;25;;;11448;12;11452;18;;;11436.0;0.0
spike_crash_volatile_s2;42800;ASH_COATED_OSMIUM;9994;14;9991;19;;;10002;8;10005;20;;;9998.0;0.0
spike_crash_volatile_s2;42900;INTARIAN_PEPPER_ROOT;11403;10;11400;13;;;11471;22;11473;21;;;11437.0;0.0
spike_crash_volatile_s2;42900;ASH_COATED_OSMIUM;9991;19;9989;13;;;10007;18;10011;14;;;9999.0;0.0
spike_crash_volatile_s2;43000;INTARIAN_PEPPER_ROOT;11439;21;11435;19;;;11443;22;11446;16;;;11441.0;0.0
spike_crash_volatile_s2;43000;ASH_COATED_OSMIUM;10000;10;9996;22;;;10002;10;10006;8;;;10001.0;0.0
spike_crash_volatile_s2;43100;INTARIAN_PEPPER_ROOT;11441;19;11437;15;;;11443;18;11447;24;;;11442.0;0.0
spike_crash_volatile_s2;43100;ASH_COATED_OSMIUM;9985;21;9981;14;;;10011;8;10013;21;;;9998.0;0.0
spike_crash_volatile_s2;43200;INTARIAN_PEPPER_ROOT;11436;14;11434;19;;;11450;13;11454;18;;;11443.0;0.0
spike_crash_volatile_s2;43200;ASH_COATED_OSMIUM;9988;11;9985;23;;;9994;10;9998;20;;;9991.0;0.0
spike_crash_volatile_s2;43300;INTARIAN_PEPPER_ROOT;11444;8;11440;22;;;11448;23;11451;21;;;11446.0;0.0
spike_crash_volatile_s2;43300;ASH_COATED_OSMIUM;9983;23;9980;12;;;9991;5;9994;15;;;9987.0;0.0
spike_crash_volatile_s2;43400;INTARIAN_PEPPER_ROOT;11446;17;11443;17;;;11448;17;11452;23;;;11447.0;0.0
spike_crash_volatile_s2;43400;ASH_COATED_OSMIUM;9985;11;9982;12;;;9995;12;9998;20;;;9990.0;0.0
spike_crash_volatile_s2;43500;INTARIAN_PEPPER_ROOT;11445;20;11442;13;;;11447;16;11449;23;;;11446.0;0.0
spike_crash_volatile_s2;43500;ASH_COATED_OSMIUM;9994;6;9990;17;;;9998;16;10000;16;;;9996.0;0.0
spike_crash_volatile_s2;43600;INTARIAN_PEPPER_ROOT;11443;11;11440;14;;;11445;16;11448;17;;;11444.0;0.0
spike_crash_volatile_s2;43600;ASH_COATED_OSMIUM;9988;17;9985;13;;;9998;11;10000;17;;;9993.0;0.0
spike_crash_volatile_s2;43700;INTARIAN_PEPPER_ROOT;11405;23;11403;11;;;11479;5;11482;22;;;11442.0;0.0
spike_crash_volatile_s2;43700;ASH_COATED_OSMIUM;9996;8;9993;26;;;9998;7;10002;22;;;9997.0;0.0
spike_crash_volatile_s2;43800;INTARIAN_PEPPER_ROOT;11446;11;11442;22;;;11450;8;11454;23;;;11448.0;0.0
spike_crash_volatile_s2;43800;ASH_COATED_OSMIUM;9992;9;9990;19;;;10006;20;10008;20;;;9999.0;0.0
spike_crash_volatile_s2;43900;INTARIAN_PEPPER_ROOT;11433;17;11431;15;;;11463;10;11467;24;;;11448.0;0.0
spike_crash_volatile_s2;43900;ASH_COATED_OSMIUM;9986;13;9983;20;;;10006;10;10010;21;;;9996.0;0.0
spike_crash_volatile_s2;44000;INTARIAN_PEPPER_ROOT;11451;15;11449;15;;;11453;15;11456;17;;;11452.0;0.0
spike_crash_volatile_s2;44000;ASH_COATED_OSMIUM;9995;7;9993;17;;;9997;11;10001;30;;;9996.0;0.0
spike_crash_volatile_s2;44100;INTARIAN_PEPPER_ROOT;11446;12;11443;10;;;11462;17;11465;28;;;11454.0;0.0
spike_crash_volatile_s2;44100;ASH_COATED_OSMIUM;9997;19;9995;15;;;9999;15;10003;12;;;9998.0;0.0
spike_crash_volatile_s2;44200;INTARIAN_PEPPER_ROOT;11451;15;11449;24;;;11455;18;11459;18;;;11453.0;0.0
spike_crash_volatile_s2;44200;ASH_COATED_OSMIUM;9981;11;9977;15;;;10015;12;10017;16;;;9998.0;0.0
spike_crash_volatile_s2;44300;INTARIAN_PEPPER_ROOT;11447;16;11444;8;;;11463;7;11467;13;;;11455.0;0.0
spike_crash_volatile_s2;44300;ASH_COATED_OSMIUM;9990;18;9986;27;;;10012;11;10014;20;;;10001.0;0.0
spike_crash_volatile_s2;44400;INTARIAN_PEPPER_ROOT;11454;8;11451;24;;;11456;11;11460;12;;;11455.0;0.0
spike_crash_volatile_s2;44400;ASH_COATED_OSMIUM;9994;19;9992;21;;;10008;9;10012;12;;;10001.0;0.0
spike_crash_volatile_s2;44500;INTARIAN_PEPPER_ROOT;11450;15;11447;17;;;11452;19;11455;18;;;11451.0;0.0
spike_crash_volatile_s2;44500;ASH_COATED_OSMIUM;9997;18;9995;16;;;9999;11;10001;24;;;9998.0;0.0
spike_crash_volatile_s2;44600;INTARIAN_PEPPER_ROOT;11449;12;11447;25;;;11453;11;11456;22;;;11451.0;0.0
spike_crash_volatile_s2;44600;ASH_COATED_OSMIUM;9994;8;9991;16;;;10004;12;10006;23;;;9999.0;0.0
spike_crash_volatile_s2;44700;INTARIAN_PEPPER_ROOT;11449;15;11445;22;;;11451;22;11455;23;;;11450.0;0.0
spike_crash_volatile_s2;44700;ASH_COATED_OSMIUM;9997;13;9995;14;;;10009;15;10013;21;;;10003.0;0.0
spike_crash_volatile_s2;44800;INTARIAN_PEPPER_ROOT;11429;24;11427;13;;;11469;13;11472;19;;;11449.0;0.0
spike_crash_volatile_s2;44800;ASH_COATED_OSMIUM;9991;10;9989;11;;;10011;5;10014;17;;;10001.0;0.0
spike_crash_volatile_s2;44900;INTARIAN_PEPPER_ROOT;11432;9;11429;27;;;11470;20;11474;16;;;11451.0;0.0
spike_crash_volatile_s2;44900;ASH_COATED_OSMIUM;9999;12;9997;25;;;10001;8;10004;15;;;10000.0;0.0
spike_crash_volatile_s2;45000;INTARIAN_PEPPER_ROOT;11456;18;11452;18;;;11462;11;11466;21;;;11459.0;0.0
spike_crash_volatile_s2;45000;ASH_COATED_OSMIUM;9992;16;9989;25;;;10004;12;10006;16;;;9998.0;0.0
spike_crash_volatile_s2;45100;INTARIAN_PEPPER_ROOT;11455;18;11452;16;;;11461;11;11464;26;;;11458.0;0.0
spike_crash_volatile_s2;45100;ASH_COATED_OSMIUM;9997;9;9993;14;;;10003;11;10007;29;;;10000.0;0.0
spike_crash_volatile_s2;45200;INTARIAN_PEPPER_ROOT;11457;10;11454;17;;;11461;22;11465;14;;;11459.0;0.0
spike_crash_volatile_s2;45200;ASH_COATED_OSMIUM;9994;10;9992;28;;;10002;24;10006;27;;;9998.0;0.0
spike_crash_volatile_s2;45300;INTARIAN_PEPPER_ROOT;11459;12;11456;12;;;11461;20;11465;25;;;11460.0;0.0
spike_crash_volatile_s2;45300;ASH_COATED_OSMIUM;9984;6;9982;20;;;10008;11;10012;25;;;9996.0;0.0
spike_crash_volatile_s2;45400;INTARIAN_PEPPER_ROOT;11460;13;11458;30;;;11464;22;11467;16;;;11462.0;0.0
spike_crash_volatile_s2;45400;ASH_COATED_OSMIUM;9995;16;9991;29;;;9999;16;10003;24;;;9997.0;0.0
spike_crash_volatile_s2;45500;INTARIAN_PEPPER_ROOT;11461;10;11458;27;;;11465;21;11469;21;;;11463.0;0.0
spike_crash_volatile_s2;45500;ASH_COATED_OSMIUM;9993;11;9990;18;;;9995;16;9998;16;;;9994.0;0.0
spike_crash_volatile_s2;45600;INTARIAN_PEPPER_ROOT;11460;19;11458;16;;;11462;19;11465;19;;;11461.0;0.0
spike_crash_volatile_s2;45600;ASH_COATED_OSMIUM;9996;18;9992;21;;;10000;13;10003;12;;;9998.0;0.0
spike_crash_volatile_s2;45700;INTARIAN_PEPPER_ROOT;11458;5;11454;29;;;11460;15;11463;17;;;11459.0;0.0
spike_crash_volatile_s2;45700;ASH_COATED_OSMIUM;9999;11;9996;28;;;10001;12;10004;17;;;10000.0;0.0
spike_crash_volatile_s2;45800;INTARIAN_PEPPER_ROOT;11448;12;11446;12;;;11472;22;11475;20;;;11460.0;0.0
spike_crash_volatile_s2;45800;ASH_COATED_OSMIUM;9970;13;9968;26;;;10034;13;10038;22;;;10002.0;0.0
spike_crash_volatile_s2;45900;INTARIAN_PEPPER_ROOT;11456;11;11454;17;;;11460;15;11463;22;;;11458.0;0.0
spike_crash_volatile_s2;45900;ASH_COATED_OSMIUM;9995;5;9993;10;;;10013;6;10016;25;;;10004.0;0.0
spike_crash_volatile_s2;46000;INTARIAN_PEPPER_ROOT;11454;14;11450;17;;;11460;8;11462;24;;;11457.0;0.0
spike_crash_volatile_s2;46000;ASH_COATED_OSMIUM;10004;28;10002;15;;;10006;13;10010;26;;;10005.0;0.0
spike_crash_volatile_s2;46100;INTARIAN_PEPPER_ROOT;11448;12;11446;34;;;11464;5;11466;22;;;11456.0;0.0
spike_crash_volatile_s2;46100;ASH_COATED_OSMIUM;9981;16;9977;9;;;10027;28;10029;16;;;10004.0;0.0
spike_crash_volatile_s2;46200;INTARIAN_PEPPER_ROOT;11453;8;11450;15;;;11467;16;11470;23;;;11460.0;0.0
spike_crash_volatile_s2;46200;ASH_COATED_OSMIUM;9988;26;9986;11;;;10032;11;10035;22;;;10010.0;0.0
spike_crash_volatile_s2;46300;INTARIAN_PEPPER_ROOT;11448;16;11444;13;;;11464;8;11468;26;;;11456.0;0.0
spike_crash_volatile_s2;46300;ASH_COATED_OSMIUM;10004;18;10002;21;;;10018;12;10021;15;;;10011.0;0.0
spike_crash_volatile_s2;46400;INTARIAN_PEPPER_ROOT;11457;5;11454;20;;;11467;10;11469;26;;;11462.0;0.0
spike_crash_volatile_s2;46400;ASH_COATED_OSMIUM;10005;8;10001;20;;;10013;15;10016;17;;;10009.0;0.0
spike_crash_volatile_s2;46500;INTARIAN_PEPPER_ROOT;11452;19;11450;20;;;11472;15;11476;20;;;11462.0;0.0
spike_crash_volatile_s2;46500;ASH_COATED_OSMIUM;9962;20;9958;16;;;10050;30;10053;20;;;10006.0;0.0
spike_crash_volatile_s2;46600;INTARIAN_PEPPER_ROOT;11446;19;11442;18;;;11474;13;11478;20;;;11460.0;0.0
spike_crash_volatile_s2;46600;ASH_COATED_OSMIUM;9984;5;9980;21;;;10030;17;10032;17;;;10007.0;0.0
spike_crash_volatile_s2;46700;INTARIAN_PEPPER_ROOT;11457;13;11453;10;;;11459;12;11463;20;;;11458.0;0.0
spike_crash_volatile_s2;46700;ASH_COATED_OSMIUM;10000;8;9996;16;;;10012;12;10015;20;;;10006.0;0.0
spike_crash_volatile_s2;46800;INTARIAN_PEPPER_ROOT;11450;12;11448;22;;;11472;12;11476;21;;;11461.0;0.0
spike_crash_volatile_s2;46800;ASH_COATED_OSMIUM;9999;13;9995;16;;;10011;12;10014;27;;;10005.0;0.0
spike_crash_volatile_s2;46900;INTARIAN_PEPPER_ROOT;11464;12;11462;23;;;11466;7;11470;27;;;11465.0;0.0
spike_crash_volatile_s2;46900;ASH_COATED_OSMIUM;9991;15;9989;14;;;10031;5;10034;21;;;10011.0;0.0
spike_crash_volatile_s2;47000;INTARIAN_PEPPER_ROOT;11458;20;11455;22;;;11468;10;11470;19;;;11463.0;0.0
spike_crash_volatile_s2;47000;ASH_COATED_OSMIUM;10005;12;10003;16;;;10015;11;10017;23;;;10010.0;0.0
spike_crash_volatile_s2;47100;INTARIAN_PEPPER_ROOT;11464;15;11460;27;;;11466;7;11469;20;;;11465.0;0.0
spike_crash_volatile_s2;47100;ASH_COATED_OSMIUM;10005;16;10001;19;;;10021;5;10023;16;;;10013.0;0.0
spike_crash_volatile_s2;47200;INTARIAN_PEPPER_ROOT;11455;8;11452;20;;;11477;11;11480;18;;;11466.0;0.0
spike_crash_volatile_s2;47200;ASH_COATED_OSMIUM;9995;5;9991;15;;;10041;15;10045;17;;;10018.0;0.0
spike_crash_volatile_s2;47300;INTARIAN_PEPPER_ROOT;11464;13;11462;14;;;11470;12;11472;13;;;11467.0;0.0
spike_crash_volatile_s2;47300;ASH_COATED_OSMIUM;10017;7;10013;19;;;10023;12;10025;21;;;10020.0;0.0
spike_crash_volatile_s2;47400;INTARIAN_PEPPER_ROOT;11460;10;11457;15;;;11474;17;11477;11;;;11467.0;0.0
spike_crash_volatile_s2;47400;ASH_COATED_OSMIUM;10019;10;10016;24;;;10021;15;10023;20;;;10020.0;0.0
spike_crash_volatile_s2;47500;INTARIAN_PEPPER_ROOT;11468;18;11465;16;;;11474;15;11478;20;;;11471.0;0.0
spike_crash_volatile_s2;47500;ASH_COATED_OSMIUM;10017;17;10013;16;;;10021;7;10024;16;;;10019.0;0.0
spike_crash_volatile_s2;47600;INTARIAN_PEPPER_ROOT;11465;12;11461;27;;;11469;19;11471;15;;;11467.0;0.0
spike_crash_volatile_s2;47600;ASH_COATED_OSMIUM;10005;18;10001;16;;;10033;15;10037;15;;;10019.0;0.0
spike_crash_volatile_s2;47700;INTARIAN_PEPPER_ROOT;11461;17;11457;13;;;11463;15;11467;17;;;11462.0;0.0
spike_crash_volatile_s2;47700;ASH_COATED_OSMIUM;10012;14;10008;17;;;10026;14;10030;11;;;10019.0;0.0
spike_crash_volatile_s2;47800;INTARIAN_PEPPER_ROOT;11448;20;11446;17;;;11480;16;11484;22;;;11464.0;0.0
spike_crash_volatile_s2;47800;ASH_COATED_OSMIUM;10016;12;10014;12;;;10018;20;10022;14;;;10017.0;0.0
spike_crash_volatile_s2;47900;INTARIAN_PEPPER_ROOT;11451;8;11447;22;;;11479;15;11481;16;;;11465.0;0.0
spike_crash_volatile_s2;47900;ASH_COATED_OSMIUM;10005;9;10003;32;;;10025;12;10028;24;;;10015.0;0.0
spike_crash_volatile_s2;48000;INTARIAN_PEPPER_ROOT;11458;17;11454;13;;;11478;11;11481;22;;;11468.0;0.0
spike_crash_volatile_s2;48000;ASH_COATED_OSMIUM;10003;19;9999;16;;;10027;5;10030;19;;;10015.0;0.0
spike_crash_volatile_s2;48100;INTARIAN_PEPPER_ROOT;11455;12;11452;25;;;11473;16;11477;22;;;11464.0;0.0
spike_crash_volatile_s2;48100;ASH_COATED_OSMIUM;10007;19;10003;16;;;10011;10;10014;17;;;10009.0;0.0
spike_crash_volatile_s2;48200;INTARIAN_PEPPER_ROOT;11461;13;11457;21;;;11465;15;11468;20;;;11463.0;0.0
spike_crash_volatile_s2;48200;ASH_COATED_OSMIUM;10003;8;10001;22;;;10015;5;10017;30;;;10009.0;0.0
spike_crash_volatile_s2;48300;INTARIAN_PEPPER_ROOT;11462;17;11459;12;;;11474;10;11476;21;;;11468.0;0.0
spike_crash_volatile_s2;48300;ASH_COATED_OSMIUM;10004;20;10002;19;;;10010;11;10012;17;;;10007.0;0.0
spike_crash_volatile_s2;48400;INTARIAN_PEPPER_ROOT;11459;17;11456;20;;;11471;12;11473;20;;;11465.0;0.0
spike_crash_volatile_s2;48400;ASH_COATED_OSMIUM;10005;22;10003;20;;;10007;11;10009;22;;;10006.0;0.0
spike_crash_volatile_s2;48500;INTARIAN_PEPPER_ROOT;11452;18;11449;19;;;11482;12;11484;17;;;11467.0;0.0
spike_crash_volatile_s2;48500;ASH_COATED_OSMIUM;9993;18;9989;13;;;10013;6;10016;8;;;10003.0;0.0
spike_crash_volatile_s2;48600;INTARIAN_PEPPER_ROOT;11465;16;11463;20;;;11467;12;11469;11;;;11466.0;0.0
spike_crash_volatile_s2;48600;ASH_COATED_OSMIUM;9972;10;9968;17;;;10028;11;10032;24;;;10000.0;0.0
spike_crash_volatile_s2;48700;INTARIAN_PEPPER_ROOT;11458;20;11456;17;;;11474;17;11476;21;;;11466.0;0.0
spike_crash_volatile_s2;48700;ASH_COATED_OSMIUM;9996;8;9992;15;;;10006;9;10008;19;;;10001.0;0.0
spike_crash_volatile_s2;48800;INTARIAN_PEPPER_ROOT;11462;9;11458;13;;;11464;13;11467;26;;;11463.0;0.0
spike_crash_volatile_s2;48800;ASH_COATED_OSMIUM;10005;13;10002;21;;;10009;16;10013;19;;;10007.0;0.0
spike_crash_volatile_s2;48900;INTARIAN_PEPPER_ROOT;11459;12;11457;25;;;11477;19;11480;18;;;11468.0;0.0
spike_crash_volatile_s2;48900;ASH_COATED_OSMIUM;9984;5;9982;20;;;10034;9;10036;17;;;10009.0;0.0
spike_crash_volatile_s2;49000;INTARIAN_PEPPER_ROOT;11455;24;11451;20;;;11473;12;11477;22;;;11464.0;0.0
spike_crash_volatile_s2;49000;ASH_COATED_OSMIUM;10002;11;9999;22;;;10012;13;10016;15;;;10007.0;0.0
spike_crash_volatile_s2;49100;INTARIAN_PEPPER_ROOT;11461;5;11459;19;;;11463;10;11467;20;;;11462.0;0.0
spike_crash_volatile_s2;49100;ASH_COATED_OSMIUM;9999;15;9997;31;;;10013;10;10016;18;;;10006.0;0.0
spike_crash_volatile_s2;49200;INTARIAN_PEPPER_ROOT;11449;17;11447;21;;;11473;11;11476;19;;;11461.0;0.0
spike_crash_volatile_s2;49200;ASH_COATED_OSMIUM;9995;12;9992;23;;;10001;5;10005;18;;;9998.0;0.0
spike_crash_volatile_s2;49300;INTARIAN_PEPPER_ROOT;11462;13;11459;21;;;11466;23;11468;10;;;11464.0;0.0
spike_crash_volatile_s2;49300;ASH_COATED_OSMIUM;9971;14;9967;21;;;10019;16;10023;25;;;9995.0;0.0
spike_crash_volatile_s2;49400;INTARIAN_PEPPER_ROOT;11465;14;11461;21;;;11467;25;11469;22;;;11466.0;0.0
spike_crash_volatile_s2;49400;ASH_COATED_OSMIUM;9981;5;9977;16;;;10013;5;10016;18;;;9997.0;0.0
spike_crash_volatile_s2;49500;INTARIAN_PEPPER_ROOT;11468;18;11465;18;;;11470;11;11474;13;;;11469.0;0.0
spike_crash_volatile_s2;49500;ASH_COATED_OSMIUM;9996;11;9992;22;;;10006;11;10009;27;;;10001.0;0.0
spike_crash_volatile_s2;49600;INTARIAN_PEPPER_ROOT;11470;12;11466;23;;;11472;9;11474;23;;;11471.0;0.0
spike_crash_volatile_s2;49600;ASH_COATED_OSMIUM;9981;10;9979;19;;;10017;20;10019;23;;;9999.0;0.0
spike_crash_volatile_s2;49700;INTARIAN_PEPPER_ROOT;11465;5;11461;16;;;11479;13;11481;16;;;11472.0;0.0
spike_crash_volatile_s2;49700;ASH_COATED_OSMIUM;9986;19;9983;26;;;10010;24;10012;16;;;9998.0;0.0
spike_crash_volatile_s2;49800;INTARIAN_PEPPER_ROOT;11464;15;11462;20;;;11484;16;11488;20;;;11474.0;0.0
spike_crash_volatile_s2;49800;ASH_COATED_OSMIUM;9998;10;9995;16;;;10000;10;10002;22;;;9999.0;0.0
