day;timestamp;product;bid_price_1;bid_volume_1;bid_price_2;bid_volume_2;bid_price_3;bid_volume_3;ask_price_1;ask_volume_1;ask_price_2;ask_volume_2;ask_price_3;ask_volume_3;mid_price;profit_and_loss
sideways_normal_s2;0;INTARIAN_PEPPER_ROOT;11498;10;11495;16;;;11500;14;11504;22;;;11499.0;0.0
sideways_normal_s2;0;ASH_COATED_OSMIUM;9986;8;9984;13;;;10014;23;10017;23;;;10000.0;0.0
sideways_normal_s2;100;INTARIAN_PEPPER_ROOT;11501;13;11497;17;;;11505;5;11509;14;;;11503.0;0.0
sideways_normal_s2;100;ASH_COATED_OSMIUM;9993;20;9991;22;;;10001;8;10004;23;;;9997.0;0.0
sideways_normal_s2;200;INTARIAN_PEPPER_ROOT;11476;13;11472;19;;;11532;15;11535;27;;;11504.0;0.0
sideways_normal_s2;200;ASH_COATED_OSMIUM;9983;14;9981;16;;;10009;13;10012;23;;;9996.0;0.0
sideways_normal_s2;300;INTARIAN_PEPPER_ROOT;11508;5;11505;18;;;11510;16;11512;15;;;11509.0;0.0
sideways_normal_s2;300;ASH_COATED_OSMIUM;9987;5;9985;14;;;10003;7;10005;19;;;9995.0;0.0
sideways_normal_s2;400;INTARIAN_PEPPER_ROOT;11507;14;11504;18;;;11513;13;11515;18;;;11510.0;0.0
sideways_normal_s2;400;ASH_COATED_OSMIUM;9987;17;9983;18;;;10001;17;10005;19;;;9994.0;0.0
sideways_normal_s2;500;INTARIAN_PEPPER_ROOT;11498;12;11496;21;;;11530;13;11534;29;;;11514.0;0.0
sideways_normal_s2;500;ASH_COATED_OSMIUM;9977;14;9975;19;;;10001;24;10005;24;;;9989.0;0.0
sideways_normal_s2;600;INTARIAN_PEPPER_ROOT;11517;9;11515;22;;;11519;23;11522;22;;;11518.0;0.0
sideways_normal_s2;600;ASH_COATED_OSMIUM;9978;5;9974;21;;;10004;14;10006;23;;;9991.0;0.0
sideways_normal_s2;700;INTARIAN_PEPPER_ROOT;11514;6;11512;13;;;11526;6;11530;21;;;11520.0;0.0
sideways_normal_s2;700;ASH_COATED_OSMIUM;9966;17;9962;15;;;10010;17;10013;18;;;9988.0;0.0
sideways_normal_s2;800;INTARIAN_PEPPER_ROOT;11495;13;11493;20;;;11549;14;11552;23;;;11522.0;0.0
sideways_normal_s2;800;ASH_COATED_OSMIUM;9988;17;9986;17;;;9992;7;9995;14;;;9990.0;0.0
sideways_normal_s2;900;INTARIAN_PEPPER_ROOT;11516;16;11512;26;;;11534;15;11537;21;;;11525.0;0.0
sideways_normal_s2;900;ASH_COATED_OSMIUM;9974;17;9971;16;;;9998;21;10001;17;;;9986.0;0.0
sideways_normal_s2;1000;INTARIAN_PEPPER_ROOT;11522;16;11518;18;;;11536;20;11539;27;;;11529.0;0.0
sideways_normal_s2;1000;ASH_COATED_OSMIUM;9970;20;9967;15;;;9996;14;9998;13;;;9983.0;0.0
sideways_normal_s2;1100;INTARIAN_PEPPER_ROOT;11532;9;11529;18;;;11538;18;11541;26;;;11535.0;0.0
sideways_normal_s2;1100;ASH_COATED_OSMIUM;9964;22;9961;21;;;10004;15;10007;11;;;9984.0;0.0
sideways_normal_s2;1200;INTARIAN_PEPPER_ROOT;11534;12;11531;28;;;11544;13;11546;20;;;11539.0;0.0
sideways_normal_s2;1200;ASH_COATED_OSMIUM;9980;21;9978;23;;;9988;17;9990;17;;;9984.0;0.0
sideways_normal_s2;1300;INTARIAN_PEPPER_ROOT;11540;9;11536;23;;;11542;10;11545;20;;;11541.0;0.0
sideways_normal_s2;1300;ASH_COATED_OSMIUM;9984;22;9981;25;;;9986;13;9990;22;;;9985.0;0.0
sideways_normal_s2;1400;INTARIAN_PEPPER_ROOT;11539;14;11535;17;;;11551;12;11555;28;;;11545.0;0.0
sideways_normal_s2;1400;ASH_COATED_OSMIUM;9985;9;9983;8;;;9989;13;9991;13;;;9987.0;0.0
sideways_normal_s2;1500;INTARIAN_PEPPER_ROOT;11547;17;11543;25;;;11549;17;11552;18;;;11548.0;0.0
sideways_normal_s2;1500;ASH_COATED_OSMIUM;9982;17;9980;21;;;9984;11;9987;26;;;9983.0;0.0
sideways_normal_s2;1600;INTARIAN_PEPPER_ROOT;11540;17;11537;20;;;11562;8;11564;24;;;11551.0;0.0
sideways_normal_s2;1600;ASH_COATED_OSMIUM;9983;8;9980;22;;;9985;14;9987;25;;;9984.0;0.0
sideways_normal_s2;1700;INTARIAN_PEPPER_ROOT;11527;20;11523;14;;;11585;21;11587;15;;;11556.0;0.0
sideways_normal_s2;1700;ASH_COATED_OSMIUM;9981;9;9977;15;;;9991;12;9995;20;;;9986.0;0.0
sideways_normal_s2;1800;INTARIAN_PEPPER_ROOT;11551;25;11548;12;;;11569;22;11573;13;;;11560.0;0.0
sideways_normal_s2;1800;ASH_COATED_OSMIUM;9975;11;9971;14;;;9997;18;10000;21;;;9986.0;0.0
sideways_normal_s2;1900;INTARIAN_PEPPER_ROOT;11562;11;11558;15;;;11564;16;11566;20;;;11563.0;0.0
sideways_normal_s2;1900;ASH_COATED_OSMIUM;9977;13;9974;17;;;9997;18;9999;17;;;9987.0;0.0
sideways_normal_s2;2000;INTARIAN_PEPPER_ROOT;11562;15;11558;19;;;11568;19;11571;24;;;11565.0;0.0
sideways_normal_s2;2000;ASH_COATED_OSMIUM;9986;10;9982;26;;;9988;16;9992;13;;;9987.0;0.0
sideways_normal_s2;2100;INTARIAN_PEPPER_ROOT;11567;14;11565;26;;;11569;17;11572;20;;;11568.0;0.0
sideways_normal_s2;2100;ASH_COATED_OSMIUM;9975;21;9973;19;;;10005;13;10009;25;;;9990.0;0.0
sideways_normal_s2;2200;INTARIAN_PEPPER_ROOT;11562;17;11558;26;;;11582;11;11585;21;;;11572.0;0.0
sideways_normal_s2;2200;ASH_COATED_OSMIUM;9986;5;9982;21;;;9988;5;9990;16;;;9987.0;0.0
sideways_normal_s2;2300;INTARIAN_PEPPER_ROOT;11572;20;11570;25;;;11578;22;11580;18;;;11575.0;0.0
sideways_normal_s2;2300;ASH_COATED_OSMIUM;9983;9;9980;15;;;9985;18;9987;16;;;9984.0;0.0
sideways_normal_s2;2400;INTARIAN_PEPPER_ROOT;11577;10;11573;18;;;11579;21;11581;10;;;11578.0;0.0
sideways_normal_s2;2400;ASH_COATED_OSMIUM;9988;5;9985;26;;;9998;15;10000;15;;;9993.0;0.0
sideways_normal_s2;2500;INTARIAN_PEPPER_ROOT;11580;15;11577;20;;;11582;23;11586;24;;;11581.0;0.0
sideways_normal_s2;2500;ASH_COATED_OSMIUM;9953;10;9949;23;;;10025;16;10029;19;;;9989.0;0.0
sideways_normal_s2;2600;INTARIAN_PEPPER_ROOT;11583;16;11579;9;;;11585;13;11588;20;;;11584.0;0.0
sideways_normal_s2;2600;ASH_COATED_OSMIUM;9985;16;9981;15;;;9995;6;9999;19;;;9990.0;0.0
sideways_normal_s2;2700;INTARIAN_PEPPER_ROOT;11582;17;11579;15;;;11592;18;11594;18;;;11587.0;0.0
sideways_normal_s2;2700;ASH_COATED_OSMIUM;9985;19;9982;25;;;10005;17;10007;21;;;9995.0;0.0
sideways_normal_s2;2800;INTARIAN_PEPPER_ROOT;11588;13;11584;24;;;11590;22;11593;19;;;11589.0;0.0
sideways_normal_s2;2800;ASH_COATED_OSMIUM;9992;12;9989;21;;;9994;13;9998;23;;;9993.0;0.0
sideways_normal_s2;2900;INTARIAN_PEPPER_ROOT;11585;26;11581;35;;;11599;9;11603;18;;;11592.0;0.0
sideways_normal_s2;2900;ASH_COATED_OSMIUM;9986;22;9982;25;;;10002;8;10005;14;;;9994.0;0.0
sideways_normal_s2;3000;INTARIAN_PEPPER_ROOT;11590;21;11588;21;;;11600;18;11603;11;;;11595.0;0.0
sideways_normal_s2;3000;ASH_COATED_OSMIUM;9972;12;9968;18;;;10018;5;10020;19;;;9995.0;0.0
sideways_normal_s2;3100;INTARIAN_PEPPER_ROOT;11598;12;11595;12;;;11604;16;11606;26;;;11601.0;0.0
sideways_normal_s2;3100;ASH_COATED_OSMIUM;9973;17;9969;22;;;10019;14;10023;8;;;9996.0;0.0
sideways_normal_s2;3200;INTARIAN_PEPPER_ROOT;11596;5;11594;23;;;11608;11;11610;22;;;11602.0;0.0
sideways_normal_s2;3200;ASH_COATED_OSMIUM;9995;18;9991;15;;;9999;11;10001;22;;;9997.0;0.0
sideways_normal_s2;3300;INTARIAN_PEPPER_ROOT;11604;9;11600;21;;;11608;10;11611;20;;;11606.0;0.0
sideways_normal_s2;3300;ASH_COATED_OSMIUM;10003;6;10000;21;;;10005;16;10007;21;;;10004.0;0.0
sideways_normal_s2;3400;INTARIAN_PEPPER_ROOT;11607;5;11605;17;;;11611;21;11613;21;;;11609.0;0.0
sideways_normal_s2;3400;ASH_COATED_OSMIUM;9979;11;9977;19;;;10019;7;10022;24;;;9999.0;0.0
sideways_normal_s2;3500;INTARIAN_PEPPER_ROOT;11600;20;11597;20;;;11628;22;11631;22;;;11614.0;0.0
sideways_normal_s2;3500;ASH_COATED_OSMIUM;9997;19;9993;14;;;9999;13;10003;9;;;9998.0;0.0
sideways_normal_s2;3600;INTARIAN_PEPPER_ROOT;11613;16;11609;30;;;11623;19;11626;20;;;11618.0;0.0
sideways_normal_s2;3600;ASH_COATED_OSMIUM;9992;11;9988;28;;;10006;11;10009;20;;;9999.0;0.0
sideways_normal_s2;3700;INTARIAN_PEPPER_ROOT;11620;9;11616;22;;;11622;11;11625;24;;;11621.0;0.0
sideways_normal_s2;3700;ASH_COATED_OSMIUM;9979;5;9976;18;;;10013;15;10017;16;;;9996.0;0.0
sideways_normal_s2;3800;INTARIAN_PEPPER_ROOT;11589;18;11585;15;;;11659;9;11661;15;;;11624.0;0.0
sideways_normal_s2;3800;ASH_COATED_OSMIUM;9995;8;9992;26;;;9997;14;9999;15;;;9996.0;0.0
sideways_normal_s2;3900;INTARIAN_PEPPER_ROOT;11628;8;11626;34;;;11630;18;11634;19;;;11629.0;0.0
sideways_normal_s2;3900;ASH_COATED_OSMIUM;9991;19;9989;16;;;10009;16;10013;14;;;10000.0;0.0
sideways_normal_s2;4000;INTARIAN_PEPPER_ROOT;11630;11;11628;21;;;11632;10;11634;21;;;11631.0;0.0
sideways_normal_s2;4000;ASH_COATED_OSMIUM;9998;18;9995;21;;;10004;12;10006;18;;;10001.0;0.0
sideways_normal_s2;4100;INTARIAN_PEPPER_ROOT;11626;9;11622;21;;;11646;8;11648;27;;;11636.0;0.0
sideways_normal_s2;4100;ASH_COATED_OSMIUM;9990;19;9988;20;;;10000;20;10003;21;;;9995.0;0.0
sideways_normal_s2;4200;INTARIAN_PEPPER_ROOT;11636;19;11632;20;;;11640;8;11643;17;;;11638.0;0.0
sideways_normal_s2;4200;ASH_COATED_OSMIUM;9995;17;9993;21;;;9997;9;9999;23;;;9996.0;0.0
sideways_normal_s2;4300;INTARIAN_PEPPER_ROOT;11635;21;11633;22;;;11651;17;11653;17;;;11643.0;0.0
sideways_normal_s2;4300;ASH_COATED_OSMIUM;9990;12;9987;15;;;9996;13;9999;22;;;9993.0;0.0
sideways_normal_s2;4400;INTARIAN_PEPPER_ROOT;11630;9;11626;28;;;11664;19;11667;22;;;11647.0;0.0
sideways_normal_s2;4400;ASH_COATED_OSMIUM;9975;18;9971;15;;;10013;14;10017;22;;;9994.0;0.0
sideways_normal_s2;4500;INTARIAN_PEPPER_ROOT;11636;8;11633;18;;;11666;16;11668;22;;;11651.0;0.0
sideways_normal_s2;4500;ASH_COATED_OSMIUM;9985;15;9981;19;;;10005;20;10007;25;;;9995.0;0.0
sideways_normal_s2;4600;INTARIAN_PEPPER_ROOT;11640;19;11638;13;;;11668;15;11670;15;;;11654.0;0.0
sideways_normal_s2;4600;ASH_COATED_OSMIUM;9993;14;9990;21;;;9995;11;9997;23;;;9994.0;0.0
sideways_normal_s2;4700;INTARIAN_PEPPER_ROOT;11657;21;11654;21;;;11659;14;11662;23;;;11658.0;0.0
sideways_normal_s2;4700;ASH_COATED_OSMIUM;9973;13;9971;25;;;10023;16;10027;18;;;9998.0;0.0
sideways_normal_s2;4800;INTARIAN_PEPPER_ROOT;11655;22;11652;18;;;11665;15;11667;26;;;11660.0;0.0
sideways_normal_s2;4800;ASH_COATED_OSMIUM;9994;5;9991;18;;;9998;7;10002;8;;;9996.0;0.0
sideways_normal_s2;4900;INTARIAN_PEPPER_ROOT;11643;19;11641;23;;;11685;9;11689;11;;;11664.0;0.0
sideways_normal_s2;4900;ASH_COATED_OSMIUM;9989;14;9987;21;;;10007;18;10009;25;;;9998.0;0.0
sideways_normal_s2;5000;INTARIAN_PEPPER_ROOT;11663;16;11661;18;;;11675;11;11678;18;;;11669.0;0.0
sideways_normal_s2;5000;ASH_COATED_OSMIUM;9999;18;9996;23;;;10003;15;10005;22;;;10001.0;0.0
sideways_normal_s2;5100;INTARIAN_PEPPER_ROOT;11662;25;11659;18;;;11682;16;11685;19;;;11672.0;0.0
sideways_normal_s2;5100;ASH_COATED_OSMIUM;9987;10;9984;13;;;10019;21;10022;20;;;10003.0;0.0
sideways_normal_s2;5200;INTARIAN_PEPPER_ROOT;11673;7;11669;20;;;11677;13;11681;12;;;11675.0;0.0
sideways_normal_s2;5200;ASH_COATED_OSMIUM;9985;5;9981;13;;;10019;12;10021;16;;;10002.0;0.0
sideways_normal_s2;5300;INTARIAN_PEPPER_ROOT;11677;17;11674;26;;;11679;18;11681;16;;;11678.0;0.0
sideways_normal_s2;5300;ASH_COATED_OSMIUM;10003;7;10000;27;;;10005;11;10007;16;;;10004.0;0.0
sideways_normal_s2;5400;INTARIAN_PEPPER_ROOT;11675;10;11671;21;;;11689;10;11693;30;;;11682.0;0.0
sideways_normal_s2;5400;ASH_COATED_OSMIUM;10005;7;10001;28;;;10011;23;10013;16;;;10008.0;0.0
sideways_normal_s2;5500;INTARIAN_PEPPER_ROOT;11682;16;11679;31;;;11690;22;11692;25;;;11686.0;0.0
sideways_normal_s2;5500;ASH_COATED_OSMIUM;10006;13;10002;13;;;10008;14;10010;23;;;10007.0;0.0
sideways_normal_s2;5600;INTARIAN_PEPPER_ROOT;11678;16;11676;17;;;11700;16;11703;21;;;11689.0;0.0
sideways_normal_s2;5600;ASH_COATED_OSMIUM;10002;14;10000;24;;;10018;11;10021;20;;;10010.0;0.0
sideways_normal_s2;5700;INTARIAN_PEPPER_ROOT;11650;15;11647;18;;;11736;22;11740;23;;;11693.0;0.0
sideways_normal_s2;5700;ASH_COATED_OSMIUM;10009;11;10005;21;;;10011;5;10015;12;;;10010.0;0.0
sideways_normal_s2;5800;INTARIAN_PEPPER_ROOT;11692;18;11688;20;;;11700;8;11704;16;;;11696.0;0.0
sideways_normal_s2;5800;ASH_COATED_OSMIUM;10007;6;10003;20;;;10017;9;10019;19;;;10012.0;0.0
sideways_normal_s2;5900;INTARIAN_PEPPER_ROOT;11682;9;11678;8;;;11714;19;11716;12;;;11698.0;0.0
sideways_normal_s2;5900;ASH_COATED_OSMIUM;9996;9;9992;20;;;10018;25;10020;20;;;10007.0;0.0
sideways_normal_s2;6000;INTARIAN_PEPPER_ROOT;11698;23;11695;29;;;11704;15;11707;12;;;11701.0;0.0
sideways_normal_s2;6000;ASH_COATED_OSMIUM;9989;13;9986;22;;;10025;12;10028;15;;;10007.0;0.0
sideways_normal_s2;6100;INTARIAN_PEPPER_ROOT;11698;9;11696;19;;;11710;11;11714;24;;;11704.0;0.0
sideways_normal_s2;6100;ASH_COATED_OSMIUM;10000;14;9998;11;;;10006;5;10010;15;;;10003.0;0.0
sideways_normal_s2;6200;INTARIAN_PEPPER_ROOT;11707;17;11705;20;;;11709;13;11711;21;;;11708.0;0.0
sideways_normal_s2;6200;ASH_COATED_OSMIUM;9997;12;9994;26;;;10005;13;10009;21;;;10001.0;0.0
sideways_normal_s2;6300;INTARIAN_PEPPER_ROOT;11709;21;11705;24;;;11713;12;11715;22;;;11711.0;0.0
sideways_normal_s2;6300;ASH_COATED_OSMIUM;10001;29;9998;18;;;10005;7;10008;15;;;10003.0;0.0
sideways_normal_s2;6400;INTARIAN_PEPPER_ROOT;11711;11;11707;22;;;11713;9;11717;22;;;11712.0;0.0
sideways_normal_s2;6400;ASH_COATED_OSMIUM;9983;11;9981;16;;;10023;9;10027;19;;;10003.0;0.0
sideways_normal_s2;6500;INTARIAN_PEPPER_ROOT;11708;20;11706;19;;;11724;16;11727;13;;;11716.0;0.0
sideways_normal_s2;6500;ASH_COATED_OSMIUM;9988;12;9984;13;;;10022;12;10026;23;;;10005.0;0.0
sideways_normal_s2;6600;INTARIAN_PEPPER_ROOT;11717;16;11714;18;;;11721;25;11725;22;;;11719.0;0.0
sideways_normal_s2;6600;ASH_COATED_OSMIUM;9996;17;9993;19;;;10012;12;10016;27;;;10004.0;0.0
sideways_normal_s2;6700;INTARIAN_PEPPER_ROOT;11710;12;11708;24;;;11732;15;11735;12;;;11721.0;0.0
sideways_normal_s2;6700;ASH_COATED_OSMIUM;9997;13;9993;18;;;9999;7;10001;19;;;9998.0;0.0
sideways_normal_s2;6800;INTARIAN_PEPPER_ROOT;11717;17;11714;14;;;11733;18;11735;22;;;11725.0;0.0
sideways_normal_s2;6800;ASH_COATED_OSMIUM;9998;15;9996;20;;;10000;11;10003;26;;;9999.0;0.0
sideways_normal_s2;6900;INTARIAN_PEPPER_ROOT;11727;14;11725;22;;;11729;20;11732;22;;;11728.0;0.0
sideways_normal_s2;6900;ASH_COATED_OSMIUM;9988;8;9984;12;;;10012;14;10015;19;;;10000.0;0.0
sideways_normal_s2;7000;INTARIAN_PEPPER_ROOT;11724;21;11720;16;;;11738;22;11741;19;;;11731.0;0.0
sideways_normal_s2;7000;ASH_COATED_OSMIUM;10000;22;9998;21;;;10006;11;10008;20;;;10003.0;0.0
sideways_normal_s2;7100;INTARIAN_PEPPER_ROOT;11733;5;11731;14;;;11737;20;11740;13;;;11735.0;0.0
sideways_normal_s2;7100;ASH_COATED_OSMIUM;9989;11;9986;11;;;10009;16;10012;28;;;9999.0;0.0
sideways_normal_s2;7200;INTARIAN_PEPPER_ROOT;11737;11;11734;16;;;11739;15;11743;13;;;11738.0;0.0
sideways_normal_s2;7200;ASH_COATED_OSMIUM;9994;5;9992;18;;;10004;17;10008;14;;;9999.0;0.0
sideways_normal_s2;7300;INTARIAN_PEPPER_ROOT;11737;21;11734;22;;;11745;13;11748;26;;;11741.0;0.0
sideways_normal_s2;7300;ASH_COATED_OSMIUM;9990;14;9988;18;;;10010;12;10012;25;;;10000.0;0.0
sideways_normal_s2;7400;INTARIAN_PEPPER_ROOT;11735;9;11733;20;;;11753;22;11757;15;;;11744.0;0.0
sideways_normal_s2;7400;ASH_COATED_OSMIUM;9989;22;9985;24;;;10013;20;10015;28;;;10001.0;0.0
sideways_normal_s2;7500;INTARIAN_PEPPER_ROOT;11746;15;11743;26;;;11752;11;11754;11;;;11749.0;0.0
sideways_normal_s2;7500;ASH_COATED_OSMIUM;9999;17;9995;27;;;10001;8;10003;22;;;10000.0;0.0
sideways_normal_s2;7600;INTARIAN_PEPPER_ROOT;11747;25;11744;15;;;11751;9;11753;16;;;11749.0;0.0
sideways_normal_s2;7600;ASH_COATED_OSMIUM;9998;7;9994;9;;;10000;16;10002;23;;;9999.0;0.0
sideways_normal_s2;7700;INTARIAN_PEPPER_ROOT;11748;17;11744;14;;;11756;10;11760;25;;;11752.0;0.0
sideways_normal_s2;7700;ASH_COATED_OSMIUM;9995;10;9993;22;;;9999;9;10001;17;;;9997.0;0.0
sideways_normal_s2;7800;INTARIAN_PEPPER_ROOT;11750;19;11746;24;;;11762;8;11765;25;;;11756.0;0.0
sideways_normal_s2;7800;ASH_COATED_OSMIUM;9986;13;9982;21;;;10008;8;10010;12;;;9997.0;0.0
sideways_normal_s2;7900;INTARIAN_PEPPER_ROOT;11755;11;11751;11;;;11759;21;11763;27;;;11757.0;0.0
sideways_normal_s2;7900;ASH_COATED_OSMIUM;9994;10;9991;23;;;10008;18;10012;12;;;10001.0;0.0
sideways_normal_s2;8000;INTARIAN_PEPPER_ROOT;11755;12;11752;18;;;11767;16;11771;23;;;11761.0;0.0
sideways_normal_s2;8000;ASH_COATED_OSMIUM;9994;13;9991;17;;;10016;5;10020;19;;;10005.0;0.0
sideways_normal_s2;8100;INTARIAN_PEPPER_ROOT;11762;12;11760;15;;;11764;12;11768;26;;;11763.0;0.0
sideways_normal_s2;8100;ASH_COATED_OSMIUM;9999;12;9996;12;;;10003;8;10005;24;;;10001.0;0.0
sideways_normal_s2;8200;INTARIAN_PEPPER_ROOT;11765;13;11761;26;;;11771;22;11773;18;;;11768.0;0.0
sideways_normal_s2;8200;ASH_COATED_OSMIUM;9993;9;9990;27;;;10011;16;10015;19;;;10002.0;0.0
sideways_normal_s2;8300;INTARIAN_PEPPER_ROOT;11772;11;11769;14;;;11774;19;11776;20;;;11773.0;0.0
sideways_normal_s2;8300;ASH_COATED_OSMIUM;9998;8;9996;20;;;10014;9;10016;21;;;10006.0;0.0
sideways_normal_s2;8400;INTARIAN_PEPPER_ROOT;11758;12;11755;16;;;11792;14;11794;21;;;11775.0;0.0
sideways_normal_s2;8400;ASH_COATED_OSMIUM;10005;11;10001;25;;;10011;15;10014;14;;;10008.0;0.0
sideways_normal_s2;8500;INTARIAN_PEPPER_ROOT;11776;13;11772;18;;;11778;14;11780;20;;;11777.0;0.0
sideways_normal_s2;8500;ASH_COATED_OSMIUM;10007;13;10005;21;;;10009;9;10013;14;;;10008.0;0.0
sideways_normal_s2;8600;INTARIAN_PEPPER_ROOT;11779;5;11776;30;;;11783;15;11786;15;;;11781.0;0.0
sideways_normal_s2;8600;ASH_COATED_OSMIUM;10002;19;10000;9;;;10012;7;10014;22;;;10007.0;0.0
sideways_normal_s2;8700;INTARIAN_PEPPER_ROOT;11781;6;11777;26;;;11789;12;11793;12;;;11785.0;0.0
sideways_normal_s2;8700;ASH_COATED_OSMIUM;10006;6;10003;14;;;10016;10;10018;22;;;10011.0;0.0
sideways_normal_s2;8800;INTARIAN_PEPPER_ROOT;11785;21;11782;22;;;11791;14;11795;13;;;11788.0;0.0
sideways_normal_s2;8800;ASH_COATED_OSMIUM;10005;24;10001;19;;;10019;5;10021;26;;;10012.0;0.0
sideways_normal_s2;8900;INTARIAN_PEPPER_ROOT;11791;20;11789;18;;;11793;11;11795;30;;;11792.0;0.0
sideways_normal_s2;8900;ASH_COATED_OSMIUM;10007;16;10003;30;;;10013;12;10015;24;;;10010.0;0.0
sideways_normal_s2;9000;INTARIAN_PEPPER_ROOT;11794;12;11792;21;;;11796;12;11800;12;;;11795.0;0.0
sideways_normal_s2;9000;ASH_COATED_OSMIUM;10007;7;10003;18;;;10009;16;10011;20;;;10008.0;0.0
sideways_normal_s2;9100;INTARIAN_PEPPER_ROOT;11798;19;11796;24;;;11800;14;11803;17;;;11799.0;0.0
sideways_normal_s2;9100;ASH_COATED_OSMIUM;10003;13;10001;14;;;10007;18;10010;15;;;10005.0;0.0
sideways_normal_s2;9200;INTARIAN_PEPPER_ROOT;11786;17;11783;22;;;11818;10;11821;21;;;11802.0;0.0
sideways_normal_s2;9200;ASH_COATED_OSMIUM;9982;7;9978;18;;;10024;14;10026;22;;;10003.0;0.0
sideways_normal_s2;9300;INTARIAN_PEPPER_ROOT;11802;14;11800;16;;;11812;17;11816;28;;;11807.0;0.0
sideways_normal_s2;9300;ASH_COATED_OSMIUM;10001;5;9998;24;;;10007;17;10009;13;;;10004.0;0.0
sideways_normal_s2;9400;INTARIAN_PEPPER_ROOT;11802;12;11800;24;;;11814;13;11818;25;;;11808.0;0.0
sideways_normal_s2;9400;ASH_COATED_OSMIUM;9997;11;9994;15;;;10013;16;10015;18;;;10005.0;0.0
sideways_normal_s2;9500;INTARIAN_PEPPER_ROOT;11809;16;11806;22;;;11815;20;11818;17;;;11812.0;0.0
sideways_normal_s2;9500;ASH_COATED_OSMIUM;10005;16;10001;17;;;10011;17;10015;22;;;10008.0;0.0
sideways_normal_s2;9600;INTARIAN_PEPPER_ROOT;11815;19;11811;11;;;11817;8;11819;26;;;11816.0;0.0
sideways_normal_s2;9600;ASH_COATED_OSMIUM;10007;14;10004;26;;;10009;9;10013;14;;;10008.0;0.0
sideways_normal_s2;9700;INTARIAN_PEPPER_ROOT;11774;17;11771;17;;;11864;10;11868;25;;;11819.0;0.0
sideways_normal_s2;9700;ASH_COATED_OSMIUM;9999;16;9995;22;;;10001;8;10005;18;;;10000.0;0.0
sideways_normal_s2;9800;INTARIAN_PEPPER_ROOT;11822;14;11820;22;;;11824;18;11826;17;;;11823.0;0.0
sideways_normal_s2;9800;ASH_COATED_OSMIUM;10001;13;9998;14;;;10009;13;10011;24;;;10005.0;0.0
sideways_normal_s2;9900;INTARIAN_PEPPER_ROOT;11822;18;11820;28;;;11826;16;11828;10;;;11824.0;0.0
sideways_normal_s2;9900;ASH_COATED_OSMIUM;10002;19;9998;22;;;10004;8;10008;17;;;10003.0;0.0
sideways_normal_s2;10000;INTARIAN_PEPPER_ROOT;11812;12;11809;20;;;11844;13;11846;24;;;11828.0;0.0
sideways_normal_s2;10000;ASH_COATED_OSMIUM;10000;27;9997;13;;;10006;10;10008;22;;;10003.0;0.0
sideways_normal_s2;10100;INTARIAN_PEPPER_ROOT;11822;14;11818;20;;;11840;7;11844;28;;;11831.0;0.0
sideways_normal_s2;10100;ASH_COATED_OSMIUM;9996;5;9993;12;;;10010;17;10014;21;;;10003.0;0.0
sideways_normal_s2;10200;INTARIAN_PEPPER_ROOT;11831;13;11827;22;;;11835;15;11839;14;;;11833.0;0.0
sideways_normal_s2;10200;ASH_COATED_OSMIUM;10004;23;10001;21;;;10014;14;10017;15;;;10009.0;0.0
sideways_normal_s2;10300;INTARIAN_PEPPER_ROOT;11835;10;11832;31;;;11837;22;11841;12;;;11836.0;0.0
sideways_normal_s2;10300;ASH_COATED_OSMIUM;10002;20;10000;13;;;10022;5;10024;21;;;10012.0;0.0
sideways_normal_s2;10400;INTARIAN_PEPPER_ROOT;11836;12;11833;20;;;11844;18;11847;22;;;11840.0;0.0
sideways_normal_s2;10400;ASH_COATED_OSMIUM;10000;13;9998;25;;;10028;15;10032;25;;;10014.0;0.0
sideways_normal_s2;10500;INTARIAN_PEPPER_ROOT;11839;22;11837;22;;;11851;15;11855;8;;;11845.0;0.0
sideways_normal_s2;10500;ASH_COATED_OSMIUM;10005;9;10002;24;;;10017;5;10021;21;;;10011.0;0.0
sideways_normal_s2;10600;INTARIAN_PEPPER_ROOT;11849;12;11846;19;;;11851;17;11855;25;;;11850.0;0.0
sideways_normal_s2;10600;ASH_COATED_OSMIUM;10000;9;9998;18;;;10016;14;10018;8;;;10008.0;0.0
sideways_normal_s2;10700;INTARIAN_PEPPER_ROOT;11852;15;11849;12;;;11854;8;11857;16;;;11853.0;0.0
sideways_normal_s2;10700;ASH_COATED_OSMIUM;9983;12;9980;16;;;10023;15;10027;22;;;10003.0;0.0
sideways_normal_s2;10800;INTARIAN_PEPPER_ROOT;11851;15;11848;11;;;11859;17;11861;15;;;11855.0;0.0
sideways_normal_s2;10800;ASH_COATED_OSMIUM;9998;23;9994;16;;;10002;9;10006;21;;;10000.0;0.0
sideways_normal_s2;10900;INTARIAN_PEPPER_ROOT;11855;20;11851;23;;;11861;14;11865;14;;;11858.0;0.0
sideways_normal_s2;10900;ASH_COATED_OSMIUM;9997;14;9995;14;;;10003;13;10006;15;;;10000.0;0.0
sideways_normal_s2;11000;INTARIAN_PEPPER_ROOT;11846;18;11843;21;;;11874;20;11876;20;;;11860.0;0.0
sideways_normal_s2;11000;ASH_COATED_OSMIUM;9960;9;9958;14;;;10046;5;10049;20;;;10003.0;0.0
sideways_normal_s2;11100;INTARIAN_PEPPER_ROOT;11855;13;11853;18;;;11871;7;11874;26;;;11863.0;0.0
sideways_normal_s2;11100;ASH_COATED_OSMIUM;9984;13;9980;9;;;10016;7;10020;21;;;10000.0;0.0
sideways_normal_s2;11200;INTARIAN_PEPPER_ROOT;11858;12;11854;22;;;11872;17;11875;23;;;11865.0;0.0
sideways_normal_s2;11200;ASH_COATED_OSMIUM;10000;8;9996;20;;;10010;5;10013;29;;;10005.0;0.0
sideways_normal_s2;11300;INTARIAN_PEPPER_ROOT;11863;11;11861;30;;;11871;6;11874;26;;;11867.0;0.0
sideways_normal_s2;11300;ASH_COATED_OSMIUM;10005;6;10001;24;;;10007;13;10009;19;;;10006.0;0.0
sideways_normal_s2;11400;INTARIAN_PEPPER_ROOT;11869;13;11865;19;;;11871;17;11873;17;;;11870.0;0.0
sideways_normal_s2;11400;ASH_COATED_OSMIUM;10006;10;10003;23;;;10008;11;10010;15;;;10007.0;0.0
sideways_normal_s2;11500;INTARIAN_PEPPER_ROOT;11860;17;11856;21;;;11884;15;11888;25;;;11872.0;0.0
sideways_normal_s2;11500;ASH_COATED_OSMIUM;10002;20;9998;24;;;10018;12;10020;12;;;10010.0;0.0
sideways_normal_s2;11600;INTARIAN_PEPPER_ROOT;11850;9;11846;22;;;11898;17;11902;16;;;11874.0;0.0
sideways_normal_s2;11600;ASH_COATED_OSMIUM;9998;15;9995;16;;;10026;5;10029;19;;;10012.0;0.0
sideways_normal_s2;11700;INTARIAN_PEPPER_ROOT;11859;8;11856;25;;;11895;9;11898;19;;;11877.0;0.0
sideways_normal_s2;11700;ASH_COATED_OSMIUM;10012;11;10008;28;;;10022;21;10025;23;;;10017.0;0.0
sideways_normal_s2;11800;INTARIAN_PEPPER_ROOT;11874;24;11871;19;;;11888;14;11891;18;;;11881.0;0.0
sideways_normal_s2;11800;ASH_COATED_OSMIUM;10007;8;10004;24;;;10021;12;10023;11;;;10014.0;0.0
sideways_normal_s2;11900;INTARIAN_PEPPER_ROOT;11874;16;11871;18;;;11892;12;11895;22;;;11883.0;0.0
sideways_normal_s2;11900;ASH_COATED_OSMIUM;10011;17;10009;19;;;10021;6;10023;16;;;10016.0;0.0
sideways_normal_s2;12000;INTARIAN_PEPPER_ROOT;11884;12;11882;35;;;11886;10;11890;21;;;11885.0;0.0
sideways_normal_s2;12000;ASH_COATED_OSMIUM;10012;14;10010;19;;;10020;9;10022;24;;;10016.0;0.0
sideways_normal_s2;12100;INTARIAN_PEPPER_ROOT;11888;18;11886;23;;;11890;16;11894;22;;;11889.0;0.0
sideways_normal_s2;12100;ASH_COATED_OSMIUM;10014;10;10011;24;;;10016;16;10020;21;;;10015.0;0.0
sideways_normal_s2;12200;INTARIAN_PEPPER_ROOT;11884;5;11882;26;;;11898;5;11902;18;;;11891.0;0.0
sideways_normal_s2;12200;ASH_COATED_OSMIUM;10017;16;10015;13;;;10019;12;10023;20;;;10018.0;0.0
sideways_normal_s2;12300;INTARIAN_PEPPER_ROOT;11893;19;11891;26;;;11895;13;11898;22;;;11894.0;0.0
sideways_normal_s2;12300;ASH_COATED_OSMIUM;10011;14;10009;16;;;10015;10;10019;24;;;10013.0;0.0
sideways_normal_s2;12400;INTARIAN_PEPPER_ROOT;11895;18;11892;26;;;11899;13;11901;19;;;11897.0;0.0
sideways_normal_s2;12400;ASH_COATED_OSMIUM;10006;6;10004;20;;;10018;5;10021;23;;;10012.0;0.0
sideways_normal_s2;12500;INTARIAN_PEPPER_ROOT;11900;7;11897;21;;;11902;7;11904;27;;;11901.0;0.0
sideways_normal_s2;12500;ASH_COATED_OSMIUM;9995;14;9993;27;;;10027;8;10031;23;;;10011.0;0.0
sideways_normal_s2;12600;INTARIAN_PEPPER_ROOT;11890;12;11888;12;;;11920;19;11923;22;;;11905.0;0.0
sideways_normal_s2;12600;ASH_COATED_OSMIUM;9987;14;9983;17;;;10035;6;10038;25;;;10011.0;0.0
sideways_normal_s2;12700;INTARIAN_PEPPER_ROOT;11903;11;11901;22;;;11911;5;11915;18;;;11907.0;0.0
sideways_normal_s2;12700;ASH_COATED_OSMIUM;10005;5;10002;34;;;10011;19;10013;22;;;10008.0;0.0
sideways_normal_s2;12800;INTARIAN_PEPPER_ROOT;11903;12;11899;14;;;11917;21;11921;20;;;11910.0;0.0
sideways_normal_s2;12800;ASH_COATED_OSMIUM;10012;13;10009;14;;;10014;15;10018;25;;;10013.0;0.0
sideways_normal_s2;12900;INTARIAN_PEPPER_ROOT;11907;11;11903;21;;;11917;18;11921;20;;;11912.0;0.0
sideways_normal_s2;12900;ASH_COATED_OSMIUM;10008;12;10006;31;;;10016;17;10018;21;;;10012.0;0.0
sideways_normal_s2;13000;INTARIAN_PEPPER_ROOT;11897;14;11893;22;;;11931;14;11935;18;;;11914.0;0.0
sideways_normal_s2;13000;ASH_COATED_OSMIUM;10009;5;10006;22;;;10011;5;10013;20;;;10010.0;0.0
sideways_normal_s2;13100;INTARIAN_PEPPER_ROOT;11916;14;11914;22;;;11918;23;11921;8;;;11917.0;0.0
sideways_normal_s2;13100;ASH_COATED_OSMIUM;10009;12;10007;11;;;10021;15;10023;15;;;10015.0;0.0
sideways_normal_s2;13200;INTARIAN_PEPPER_ROOT;11913;15;11911;20;;;11923;17;11926;21;;;11918.0;0.0
sideways_normal_s2;13200;ASH_COATED_OSMIUM;10008;11;10004;24;;;10012;5;10016;17;;;10010.0;0.0
sideways_normal_s2;13300;INTARIAN_PEPPER_ROOT;11919;19;11915;12;;;11925;18;11927;23;;;11922.0;0.0
sideways_normal_s2;13300;ASH_COATED_OSMIUM;10000;13;9996;18;;;10002;11;10005;16;;;10001.0;0.0
sideways_normal_s2;13400;INTARIAN_PEPPER_ROOT;11918;17;11916;27;;;11930;19;11934;22;;;11924.0;0.0
sideways_normal_s2;13400;ASH_COATED_OSMIUM;10003;11;10001;19;;;10005;10;10009;18;;;10004.0;0.0
sideways_normal_s2;13500;INTARIAN_PEPPER_ROOT;11915;16;11913;8;;;11939;10;11943;13;;;11927.0;0.0
sideways_normal_s2;13500;ASH_COATED_OSMIUM;9997;19;9994;17;;;10003;8;10005;12;;;10000.0;0.0
sideways_normal_s2;13600;INTARIAN_PEPPER_ROOT;11927;17;11923;11;;;11929;5;11932;21;;;11928.0;0.0
sideways_normal_s2;13600;ASH_COATED_OSMIUM;9972;14;9970;13;;;10026;13;10028;25;;;9999.0;0.0
sideways_normal_s2;13700;INTARIAN_PEPPER_ROOT;11929;11;11927;17;;;11935;19;11938;20;;;11932.0;0.0
sideways_normal_s2;13700;ASH_COATED_OSMIUM;9994;18;9992;20;;;10004;8;10006;22;;;9999.0;0.0
sideways_normal_s2;13800;INTARIAN_PEPPER_ROOT;11933;5;11930;21;;;11937;18;11941;26;;;11935.0;0.0
sideways_normal_s2;13800;ASH_COATED_OSMIUM;9989;17;9986;27;;;10005;7;10008;18;;;9997.0;0.0
sideways_normal_s2;13900;INTARIAN_PEPPER_ROOT;11930;10;11926;25;;;11948;22;11951;21;;;11939.0;0.0
sideways_normal_s2;13900;ASH_COATED_OSMIUM;9995;8;9992;25;;;10001;14;10005;12;;;9998.0;0.0
sideways_normal_s2;14000;INTARIAN_PEPPER_ROOT;11938;18;11936;20;;;11940;9;11943;21;;;11939.0;0.0
sideways_normal_s2;14000;ASH_COATED_OSMIUM;9974;14;9970;12;;;10024;6;10027;8;;;9999.0;0.0
sideways_normal_s2;14100;INTARIAN_PEPPER_ROOT;11930;17;11926;21;;;11954;19;11957;10;;;11942.0;0.0
sideways_normal_s2;14100;ASH_COATED_OSMIUM;10000;10;9998;15;;;10002;16;10006;16;;;10001.0;0.0
sideways_normal_s2;14200;INTARIAN_PEPPER_ROOT;11942;19;11938;17;;;11944;13;11947;29;;;11943.0;0.0
sideways_normal_s2;14200;ASH_COATED_OSMIUM;9983;14;9981;18;;;10011;15;10013;21;;;9997.0;0.0
sideways_normal_s2;14300;INTARIAN_PEPPER_ROOT;11940;16;11936;19;;;11946;7;11948;16;;;11943.0;0.0
sideways_normal_s2;14300;ASH_COATED_OSMIUM;9994;11;9992;8;;;10010;21;10013;13;;;10002.0;0.0
sideways_normal_s2;14400;INTARIAN_PEPPER_ROOT;11938;13;11936;25;;;11960;18;11964;10;;;11949.0;0.0
sideways_normal_s2;14400;ASH_COATED_OSMIUM;10005;8;10001;25;;;10007;13;10009;16;;;10006.0;0.0
sideways_normal_s2;14500;INTARIAN_PEPPER_ROOT;11949;15;11945;17;;;11955;11;11959;14;;;11952.0;0.0
sideways_normal_s2;14500;ASH_COATED_OSMIUM;9996;14;9993;21;;;10008;14;10012;30;;;10002.0;0.0
sideways_normal_s2;14600;INTARIAN_PEPPER_ROOT;11950;16;11946;24;;;11964;15;11966;17;;;11957.0;0.0
sideways_normal_s2;14600;ASH_COATED_OSMIUM;10007;8;10004;20;;;10009;15;10013;21;;;10008.0;0.0
sideways_normal_s2;14700;INTARIAN_PEPPER_ROOT;11951;15;11949;20;;;11967;8;11970;20;;;11959.0;0.0
sideways_normal_s2;14700;ASH_COATED_OSMIUM;10003;8;10001;21;;;10017;17;10021;21;;;10010.0;0.0
sideways_normal_s2;14800;INTARIAN_PEPPER_ROOT;11953;14;11949;18;;;11973;16;11976;19;;;11963.0;0.0
sideways_normal_s2;14800;ASH_COATED_OSMIUM;10003;8;10001;25;;;10013;13;10016;10;;;10008.0;0.0
sideways_normal_s2;14900;INTARIAN_PEPPER_ROOT;11964;16;11961;20;;;11966;16;11968;26;;;11965.0;0.0
sideways_normal_s2;14900;ASH_COATED_OSMIUM;9998;10;9995;16;;;10020;13;10023;18;;;10009.0;0.0
sideways_normal_s2;15000;INTARIAN_PEPPER_ROOT;11966;13;11963;18;;;11970;18;11974;22;;;11968.0;0.0
sideways_normal_s2;15000;ASH_COATED_OSMIUM;10002;12;9998;18;;;10008;5;10012;18;;;10005.0;0.0
sideways_normal_s2;15100;INTARIAN_PEPPER_ROOT;11969;7;11967;14;;;11973;18;11976;18;;;11971.0;0.0
sideways_normal_s2;15100;ASH_COATED_OSMIUM;9997;13;9995;29;;;10019;9;10023;17;;;10008.0;0.0
sideways_normal_s2;15200;INTARIAN_PEPPER_ROOT;11943;21;11939;21;;;12003;13;12006;8;;;11973.0;0.0
sideways_normal_s2;15200;ASH_COATED_OSMIUM;10007;21;10003;17;;;10009;15;10013;17;;;10008.0;0.0
sideways_normal_s2;15300;INTARIAN_PEPPER_ROOT;11973;18;11969;26;;;11975;11;11979;15;;;11974.0;0.0
sideways_normal_s2;15300;ASH_COATED_OSMIUM;10000;9;9997;25;;;10016;13;10018;19;;;10008.0;0.0
sideways_normal_s2;15400;INTARIAN_PEPPER_ROOT;11965;15;11961;17;;;11987;5;11991;11;;;11976.0;0.0
sideways_normal_s2;15400;ASH_COATED_OSMIUM;9987;6;9984;20;;;10021;25;10025;15;;;10004.0;0.0
sideways_normal_s2;15500;INTARIAN_PEPPER_ROOT;11978;15;11975;12;;;11980;13;11982;19;;;11979.0;0.0
sideways_normal_s2;15500;ASH_COATED_OSMIUM;9986;23;9983;21;;;10014;8;10018;16;;;10000.0;0.0
sideways_normal_s2;15600;INTARIAN_PEPPER_ROOT;11981;16;11977;16;;;11985;22;11989;14;;;11983.0;0.0
sideways_normal_s2;15600;ASH_COATED_OSMIUM;9990;11;9988;14;;;10006;5;10010;21;;;9998.0;0.0
sideways_normal_s2;15700;INTARIAN_PEPPER_ROOT;11974;15;11971;20;;;11996;8;12000;11;;;11985.0;0.0
sideways_normal_s2;15700;ASH_COATED_OSMIUM;9986;21;9984;23;;;10020;5;10022;16;;;10003.0;0.0
sideways_normal_s2;15800;INTARIAN_PEPPER_ROOT;11989;14;11986;29;;;11991;18;11993;23;;;11990.0;0.0
sideways_normal_s2;15800;ASH_COATED_OSMIUM;9997;13;9995;17;;;10009;5;10012;28;;;10003.0;0.0
sideways_normal_s2;15900;INTARIAN_PEPPER_ROOT;11990;16;11988;21;;;11992;17;11994;19;;;11991.0;0.0
sideways_normal_s2;15900;ASH_COATED_OSMIUM;9998;8;9995;12;;;10000;19;10002;16;;;9999.0;0.0
sideways_normal_s2;16000;INTARIAN_PEPPER_ROOT;11991;16;11988;24;;;11993;16;11996;22;;;11992.0;0.0
sideways_normal_s2;16000;ASH_COATED_OSMIUM;9997;11;9994;19;;;10007;10;10010;14;;;10002.0;0.0
sideways_normal_s2;16100;INTARIAN_PEPPER_ROOT;11994;21;11992;16;;;11998;20;12000;16;;;11996.0;0.0
sideways_normal_s2;16100;ASH_COATED_OSMIUM;9992;18;9988;20;;;10008;12;10012;18;;;10000.0;0.0
sideways_normal_s2;16200;INTARIAN_PEPPER_ROOT;11986;8;11983;21;;;12008;7;12012;23;;;11997.0;0.0
sideways_normal_s2;16200;ASH_COATED_OSMIUM;9967;9;9964;23;;;10029;11;10033;21;;;9998.0;0.0
sideways_normal_s2;16300;INTARIAN_PEPPER_ROOT;11996;12;11994;24;;;12000;20;12002;11;;;11998.0;0.0
sideways_normal_s2;16300;ASH_COATED_OSMIUM;9997;10;9993;27;;;9999;11;10003;19;;;9998.0;0.0
sideways_normal_s2;16400;INTARIAN_PEPPER_ROOT;11984;14;11982;22;;;12018;14;12020;24;;;12001.0;0.0
sideways_normal_s2;16400;ASH_COATED_OSMIUM;9972;7;9968;24;;;10014;5;10016;28;;;9993.0;0.0
sideways_normal_s2;16500;INTARIAN_PEPPER_ROOT;12000;12;11997;10;;;12008;18;12010;11;;;12004.0;0.0
sideways_normal_s2;16500;ASH_COATED_OSMIUM;9994;5;9992;24;;;9996;11;9998;21;;;9995.0;0.0
sideways_normal_s2;16600;INTARIAN_PEPPER_ROOT;12003;6;11999;18;;;12009;19;12011;19;;;12006.0;0.0
sideways_normal_s2;16600;ASH_COATED_OSMIUM;9981;6;9977;24;;;10015;21;10019;17;;;9998.0;0.0
sideways_normal_s2;16700;INTARIAN_PEPPER_ROOT;12002;21;11998;25;;;12016;10;12020;24;;;12009.0;0.0
sideways_normal_s2;16700;ASH_COATED_OSMIUM;10003;12;9999;21;;;10005;13;10007;17;;;10004.0;0.0
sideways_normal_s2;16800;INTARIAN_PEPPER_ROOT;12012;6;12010;21;;;12018;19;12020;21;;;12015.0;0.0
sideways_normal_s2;16800;ASH_COATED_OSMIUM;9996;15;9994;14;;;10016;19;10020;28;;;10006.0;0.0
sideways_normal_s2;16900;INTARIAN_PEPPER_ROOT;12008;5;12006;22;;;12028;14;12030;14;;;12018.0;0.0
sideways_normal_s2;16900;ASH_COATED_OSMIUM;10009;6;10006;21;;;10011;12;10015;19;;;10010.0;0.0
sideways_normal_s2;17000;INTARIAN_PEPPER_ROOT;11988;9;11986;20;;;12056;13;12059;21;;;12022.0;0.0
sideways_normal_s2;17000;ASH_COATED_OSMIUM;10005;12;10003;12;;;10023;18;10027;22;;;10014.0;0.0
sideways_normal_s2;17100;INTARIAN_PEPPER_ROOT;12020;20;12018;34;;;12024;12;12026;16;;;12022.0;0.0
sideways_normal_s2;17100;ASH_COATED_OSMIUM;10004;15;10000;18;;;10028;14;10030;11;;;10016.0;0.0
sideways_normal_s2;17200;INTARIAN_PEPPER_ROOT;12021;5;12018;24;;;12029;27;12032;25;;;12025.0;0.0
sideways_normal_s2;17200;ASH_COATED_OSMIUM;10014;8;10010;22;;;10016;14;10019;15;;;10015.0;0.0
sideways_normal_s2;17300;INTARIAN_PEPPER_ROOT;12025;9;12023;22;;;12029;20;12032;9;;;12027.0;0.0
sideways_normal_s2;17300;ASH_COATED_OSMIUM;9996;15;9993;21;;;10026;10;10029;18;;;10011.0;0.0
sideways_normal_s2;17400;INTARIAN_PEPPER_ROOT;12029;18;12025;20;;;12031;26;12034;18;;;12030.0;0.0
sideways_normal_s2;17400;ASH_COATED_OSMIUM;9994;19;9992;27;;;10020;16;10023;15;;;10007.0;0.0
sideways_normal_s2;17500;INTARIAN_PEPPER_ROOT;12028;17;12025;25;;;12036;6;12038;11;;;12032.0;0.0
sideways_normal_s2;17500;ASH_COATED_OSMIUM;9979;16;9977;17;;;10035;16;10039;26;;;10007.0;0.0
sideways_normal_s2;17600;INTARIAN_PEPPER_ROOT;12031;9;12028;15;;;12037;15;12041;24;;;12034.0;0.0
sideways_normal_s2;17600;ASH_COATED_OSMIUM;10009;15;10007;19;;;10011;23;10013;17;;;10010.0;0.0
sideways_normal_s2;17700;INTARIAN_PEPPER_ROOT;12026;13;12022;20;;;12044;5;12047;10;;;12035.0;0.0
sideways_normal_s2;17700;ASH_COATED_OSMIUM;10006;14;10004;15;;;10008;10;10010;19;;;10007.0;0.0
sideways_normal_s2;17800;INTARIAN_PEPPER_ROOT;12031;19;12028;20;;;12043;7;12045;17;;;12037.0;0.0
sideways_normal_s2;17800;ASH_COATED_OSMIUM;10001;13;9997;20;;;10005;14;10008;22;;;10003.0;0.0
sideways_normal_s2;17900;INTARIAN_PEPPER_ROOT;12038;12;12035;23;;;12042;13;12046;26;;;12040.0;0.0
sideways_normal_s2;17900;ASH_COATED_OSMIUM;9991;12;9987;22;;;10011;20;10015;21;;;10001.0;0.0
sideways_normal_s2;18000;INTARIAN_PEPPER_ROOT;12037;16;12033;15;;;12049;10;12052;19;;;12043.0;0.0
sideways_normal_s2;18000;ASH_COATED_OSMIUM;9997;5;9994;15;;;10007;19;10010;21;;;10002.0;0.0
sideways_normal_s2;18100;INTARIAN_PEPPER_ROOT;12031;13;12029;19;;;12059;21;12061;22;;;12045.0;0.0
sideways_normal_s2;18100;ASH_COATED_OSMIUM;10000;13;9996;14;;;10002;9;10006;18;;;10001.0;0.0
sideways_normal_s2;18200;INTARIAN_PEPPER_ROOT;12041;17;12037;21;;;12053;17;12056;9;;;12047.0;0.0
sideways_normal_s2;18200;ASH_COATED_OSMIUM;9986;17;9984;10;;;10018;14;10022;18;;;10002.0;0.0
sideways_normal_s2;18300;INTARIAN_PEPPER_ROOT;12045;8;12043;19;;;12053;14;12055;18;;;12049.0;0.0
sideways_normal_s2;18300;ASH_COATED_OSMIUM;10005;16;10003;25;;;10007;9;10009;27;;;10006.0;0.0
sideways_normal_s2;18400;INTARIAN_PEPPER_ROOT;12038;7;12036;11;;;12068;16;12072;20;;;12053.0;0.0
sideways_normal_s2;18400;ASH_COATED_OSMIUM;9994;9;9990;25;;;10016;6;10020;24;;;10005.0;0.0
sideways_normal_s2;18500;INTARIAN_PEPPER_ROOT;12023;11;12021;30;;;12087;22;12091;14;;;12055.0;0.0
sideways_normal_s2;18500;ASH_COATED_OSMIUM;10004;14;10000;22;;;10006;8;10008;28;;;10005.0;0.0
sideways_normal_s2;18600;INTARIAN_PEPPER_ROOT;12047;24;12043;17;;;12063;18;12067;21;;;12055.0;0.0
sideways_normal_s2;18600;ASH_COATED_OSMIUM;9996;5;9992;14;;;10002;8;10005;14;;;9999.0;0.0
sideways_normal_s2;18700;INTARIAN_PEPPER_ROOT;12052;17;12050;26;;;12062;15;12065;29;;;12057.0;0.0
sideways_normal_s2;18700;ASH_COATED_OSMIUM;9997;12;9995;18;;;10005;13;10009;26;;;10001.0;0.0
sideways_normal_s2;18800;INTARIAN_PEPPER_ROOT;12055;16;12052;18;;;12063;13;12066;20;;;12059.0;0.0
sideways_normal_s2;18800;ASH_COATED_OSMIUM;9996;14;9993;20;;;10006;10;10010;27;;;10001.0;0.0
sideways_normal_s2;18900;INTARIAN_PEPPER_ROOT;12047;18;12044;15;;;12077;8;12079;26;;;12062.0;0.0
sideways_normal_s2;18900;ASH_COATED_OSMIUM;9988;16;9986;26;;;10016;18;10018;19;;;10002.0;0.0
sideways_normal_s2;19000;INTARIAN_PEPPER_ROOT;12058;19;12056;24;;;12072;18;12074;27;;;12065.0;0.0
sideways_normal_s2;19000;ASH_COATED_OSMIUM;9990;13;9986;17;;;10004;18;10008;19;;;9997.0;0.0
sideways_normal_s2;19100;INTARIAN_PEPPER_ROOT;12066;12;12063;26;;;12070;17;12074;12;;;12068.0;0.0
sideways_normal_s2;19100;ASH_COATED_OSMIUM;9986;14;9983;15;;;10016;19;10019;14;;;10001.0;0.0
sideways_normal_s2;19200;INTARIAN_PEPPER_ROOT;12068;18;12064;25;;;12070;17;12073;17;;;12069.0;0.0
sideways_normal_s2;19200;ASH_COATED_OSMIUM;9997;20;9995;24;;;10007;18;10009;19;;;10002.0;0.0
sideways_normal_s2;19300;INTARIAN_PEPPER_ROOT;12066;9;12062;20;;;12072;14;12075;21;;;12069.0;0.0
sideways_normal_s2;19300;ASH_COATED_OSMIUM;9996;19;9994;20;;;9998;16;10001;15;;;9997.0;0.0
sideways_normal_s2;19400;INTARIAN_PEPPER_ROOT;12069;9;12066;23;;;12073;26;12076;29;;;12071.0;0.0
sideways_normal_s2;19400;ASH_COATED_OSMIUM;9985;10;9982;23;;;10013;11;10017;11;;;9999.0;0.0
sideways_normal_s2;19500;INTARIAN_PEPPER_ROOT;12071;16;12068;21;;;12077;12;12081;23;;;12074.0;0.0
sideways_normal_s2;19500;ASH_COATED_OSMIUM;9988;7;9985;16;;;10016;24;10019;18;;;10002.0;0.0
sideways_normal_s2;19600;INTARIAN_PEPPER_ROOT;12068;13;12065;17;;;12084;21;12087;18;;;12076.0;0.0
sideways_normal_s2;19600;ASH_COATED_OSMIUM;10001;5;9998;15;;;10005;21;10007;17;;;10003.0;0.0
sideways_normal_s2;19700;INTARIAN_PEPPER_ROOT;12075;19;12071;22;;;12081;18;12085;18;;;12078.0;0.0
sideways_normal_s2;19700;ASH_COATED_OSMIUM;9984;11;9980;23;;;10022;16;10024;28;;;10003.0;0.0
sideways_normal_s2;19800;INTARIAN_PEPPER_ROOT;12078;9;12076;22;;;12084;13;12087;19;;;12081.0;0.0
sideways_normal_s2;19800;ASH_COATED_OSMIUM;9988;11;9985;23;;;10004;15;10007;21;;;9996.0;0.0
sideways_normal_s2;19900;INTARIAN_PEPPER_ROOT;12068;25;12064;23;;;12096;5;12099;12;;;12082.0;0.0
sideways_normal_s2;19900;ASH_COATED_OSMIUM;9993;22;9991;25;;;9995;12;9997;22;;;9994.0;0.0
sideways_normal_s2;20000;INTARIAN_PEPPER_ROOT;12081;17;12079;21;;;12085;11;12089;24;;;12083.0;0.0
sideways_normal_s2;20000;ASH_COATED_OSMIUM;9990;5;9988;20;;;9992;17;9995;26;;;9991.0;0.0
sideways_normal_s2;20100;INTARIAN_PEPPER_ROOT;12083;18;12081;18;;;12085;15;12089;13;;;12084.0;0.0
sideways_normal_s2;20100;ASH_COATED_OSMIUM;9989;12;9985;18;;;9991;16;9995;15;;;9990.0;0.0
sideways_normal_s2;20200;INTARIAN_PEPPER_ROOT;12068;8;12065;13;;;12104;15;12107;15;;;12086.0;0.0
sideways_normal_s2;20200;ASH_COATED_OSMIUM;9970;12;9966;17;;;10012;17;10016;20;;;9991.0;0.0
sideways_normal_s2;20300;INTARIAN_PEPPER_ROOT;12072;9;12069;16;;;12106;6;12109;19;;;12089.0;0.0
sideways_normal_s2;20300;ASH_COATED_OSMIUM;9987;11;9984;16;;;10001;10;10005;12;;;9994.0;0.0
sideways_normal_s2;20400;INTARIAN_PEPPER_ROOT;12089;23;12085;25;;;12095;11;12098;17;;;12092.0;0.0
sideways_normal_s2;20400;ASH_COATED_OSMIUM;9956;12;9952;24;;;10046;18;10050;24;;;10001.0;0.0
sideways_normal_s2;20500;INTARIAN_PEPPER_ROOT;12086;12;12084;13;;;12098;18;12102;22;;;12092.0;0.0
sideways_normal_s2;20500;ASH_COATED_OSMIUM;9989;14;9987;22;;;10013;13;10016;24;;;10001.0;0.0
sideways_normal_s2;20600;INTARIAN_PEPPER_ROOT;12083;13;12080;18;;;12107;16;12111;19;;;12095.0;0.0
sideways_normal_s2;20600;ASH_COATED_OSMIUM;10004;17;10000;17;;;10006;7;10010;19;;;10005.0;0.0
sideways_normal_s2;20700;INTARIAN_PEPPER_ROOT;12095;23;12093;27;;;12099;10;12102;14;;;12097.0;0.0
sideways_normal_s2;20700;ASH_COATED_OSMIUM;9965;15;9963;20;;;10037;16;10039;24;;;10001.0;0.0
sideways_normal_s2;20800;INTARIAN_PEPPER_ROOT;12079;13;12077;23;;;12115;23;12117;22;;;12097.0;0.0
sideways_normal_s2;20800;ASH_COATED_OSMIUM;9993;14;9990;12;;;9999;12;10003;19;;;9996.0;0.0
sideways_normal_s2;20900;INTARIAN_PEPPER_ROOT;12090;14;12088;18;;;12108;22;12111;23;;;12099.0;0.0
sideways_normal_s2;20900;ASH_COATED_OSMIUM;9990;14;9986;24;;;10000;14;10002;15;;;9995.0;0.0
sideways_normal_s2;21000;INTARIAN_PEPPER_ROOT;12099;13;12096;17;;;12101;14;12103;22;;;12100.0;0.0
sideways_normal_s2;21000;ASH_COATED_OSMIUM;9989;7;9986;16;;;10005;16;10009;20;;;9997.0;0.0
sideways_normal_s2;21100;INTARIAN_PEPPER_ROOT;12096;11;12092;17;;;12106;18;12109;16;;;12101.0;0.0
sideways_normal_s2;21100;ASH_COATED_OSMIUM;9984;11;9981;15;;;10006;8;10009;12;;;9995.0;0.0
sideways_normal_s2;21200;INTARIAN_PEPPER_ROOT;12100;11;12096;14;;;12104;15;12108;16;;;12102.0;0.0
sideways_normal_s2;21200;ASH_COATED_OSMIUM;9977;8;9975;18;;;10017;12;10019;19;;;9997.0;0.0
sideways_normal_s2;21300;INTARIAN_PEPPER_ROOT;12093;7;12089;21;;;12111;11;12115;19;;;12102.0;0.0
sideways_normal_s2;21300;ASH_COATED_OSMIUM;9994;8;9992;30;;;10000;18;10003;31;;;9997.0;0.0
sideways_normal_s2;21400;INTARIAN_PEPPER_ROOT;12101;9;12097;20;;;12105;5;12109;16;;;12103.0;0.0
sideways_normal_s2;21400;ASH_COATED_OSMIUM;9997;19;9993;20;;;9999;5;10002;16;;;9998.0;0.0
sideways_normal_s2;21500;INTARIAN_PEPPER_ROOT;12104;19;12100;25;;;12106;24;12109;17;;;12105.0;0.0
sideways_normal_s2;21500;ASH_COATED_OSMIUM;9996;14;9994;17;;;10002;13;10004;18;;;9999.0;0.0
sideways_normal_s2;21600;INTARIAN_PEPPER_ROOT;12099;10;12095;15;;;12113;8;12115;19;;;12106.0;0.0
sideways_normal_s2;21600;ASH_COATED_OSMIUM;9984;10;9981;21;;;10006;8;10010;25;;;9995.0;0.0
sideways_normal_s2;21700;INTARIAN_PEPPER_ROOT;12106;21;12102;25;;;12110;11;12112;20;;;12108.0;0.0
sideways_normal_s2;21700;ASH_COATED_OSMIUM;9992;19;9990;23;;;10004;13;10007;15;;;9998.0;0.0
sideways_normal_s2;21800;INTARIAN_PEPPER_ROOT;12101;11;12097;18;;;12119;11;12122;18;;;12110.0;0.0
sideways_normal_s2;21800;ASH_COATED_OSMIUM;9981;18;9977;18;;;10017;13;10019;19;;;9999.0;0.0
sideways_normal_s2;21900;INTARIAN_PEPPER_ROOT;12080;19;12077;25;;;12140;13;12142;20;;;12110.0;0.0
sideways_normal_s2;21900;ASH_COATED_OSMIUM;9996;6;9992;21;;;9998;7;10001;20;;;9997.0;0.0
sideways_normal_s2;22000;INTARIAN_PEPPER_ROOT;12110;11;12108;22;;;12112;20;12115;25;;;12111.0;0.0
sideways_normal_s2;22000;ASH_COATED_OSMIUM;9997;9;9993;16;;;9999;12;10001;11;;;9998.0;0.0
sideways_normal_s2;22100;INTARIAN_PEPPER_ROOT;12113;16;12111;19;;;12119;17;12122;22;;;12116.0;0.0
sideways_normal_s2;22100;ASH_COATED_OSMIUM;9999;5;9995;18;;;10001;13;10005;18;;;10000.0;0.0
sideways_normal_s2;22200;INTARIAN_PEPPER_ROOT;12116;28;12112;24;;;12118;11;12121;21;;;12117.0;0.0
sideways_normal_s2;22200;ASH_COATED_OSMIUM;9989;14;9985;25;;;10011;12;10013;26;;;10000.0;0.0
sideways_normal_s2;22300;INTARIAN_PEPPER_ROOT;12115;26;12113;17;;;12119;24;12122;23;;;12117.0;0.0
sideways_normal_s2;22300;ASH_COATED_OSMIUM;9996;14;9992;31;;;10000;11;10002;14;;;9998.0;0.0
sideways_normal_s2;22400;INTARIAN_PEPPER_ROOT;12115;13;12111;25;;;12123;13;12127;21;;;12119.0;0.0
sideways_normal_s2;22400;ASH_COATED_OSMIUM;9999;14;9996;15;;;10001;11;10004;18;;;10000.0;0.0
sideways_normal_s2;22500;INTARIAN_PEPPER_ROOT;12114;22;12112;13;;;12122;11;12126;11;;;12118.0;0.0
sideways_normal_s2;22500;ASH_COATED_OSMIUM;10001;14;9998;21;;;10003;5;10007;22;;;10002.0;0.0
sideways_normal_s2;22600;INTARIAN_PEPPER_ROOT;12118;18;12116;22;;;12124;20;12127;20;;;12121.0;0.0
sideways_normal_s2;22600;ASH_COATED_OSMIUM;9992;8;9988;16;;;10012;5;10015;31;;;10002.0;0.0
sideways_normal_s2;22700;INTARIAN_PEPPER_ROOT;12106;8;12104;18;;;12140;18;12144;11;;;12123.0;0.0
sideways_normal_s2;22700;ASH_COATED_OSMIUM;10000;12;9998;17;;;10002;13;10006;17;;;10001.0;0.0
sideways_normal_s2;22800;INTARIAN_PEPPER_ROOT;12125;19;12122;21;;;12127;7;12131;20;;;12126.0;0.0
sideways_normal_s2;22800;ASH_COATED_OSMIUM;9994;14;9990;29;;;10004;11;10008;15;;;9999.0;0.0
sideways_normal_s2;22900;INTARIAN_PEPPER_ROOT;12126;9;12124;17;;;12130;11;12133;28;;;12128.0;0.0
sideways_normal_s2;22900;ASH_COATED_OSMIUM;9996;15;9994;18;;;10006;7;10008;18;;;10001.0;0.0
sideways_normal_s2;23000;INTARIAN_PEPPER_ROOT;12128;22;12125;16;;;12130;10;12132;26;;;12129.0;0.0
sideways_normal_s2;23000;ASH_COATED_OSMIUM;9982;12;9978;21;;;10020;10;10023;23;;;10001.0;0.0
sideways_normal_s2;23100;INTARIAN_PEPPER_ROOT;12125;7;12122;21;;;12137;13;12139;16;;;12131.0;0.0
sideways_normal_s2;23100;ASH_COATED_OSMIUM;9997;16;9995;20;;;10003;12;10007;24;;;10000.0;0.0
sideways_normal_s2;23200;INTARIAN_PEPPER_ROOT;12112;12;12109;16;;;12154;9;12158;19;;;12133.0;0.0
sideways_normal_s2;23200;ASH_COATED_OSMIUM;9990;14;9987;28;;;10012;10;10016;26;;;10001.0;0.0
sideways_normal_s2;23300;INTARIAN_PEPPER_ROOT;12133;13;12131;24;;;12135;18;12137;22;;;12134.0;0.0
sideways_normal_s2;23300;ASH_COATED_OSMIUM;10000;8;9997;18;;;10004;9;10006;19;;;10002.0;0.0
sideways_normal_s2;23400;INTARIAN_PEPPER_ROOT;12121;16;12118;8;;;12145;24;12147;17;;;12133.0;0.0
sideways_normal_s2;23400;ASH_COATED_OSMIUM;9985;12;9982;23;;;10015;18;10017;17;;;10000.0;0.0
sideways_normal_s2;23500;INTARIAN_PEPPER_ROOT;12133;11;12130;24;;;12135;9;12138;18;;;12134.0;0.0
sideways_normal_s2;23500;ASH_COATED_OSMIUM;9985;5;9981;19;;;10017;7;10019;26;;;10001.0;0.0
sideways_normal_s2;23600;INTARIAN_PEPPER_ROOT;12112;14;12108;15;;;12154;22;12157;22;;;12133.0;0.0
sideways_normal_s2;23600;ASH_COATED_OSMIUM;10001;5;9998;21;;;10009;9;10012;16;;;10005.0;0.0
sideways_normal_s2;23700;INTARIAN_PEPPER_ROOT;12134;10;12131;19;;;12138;14;12140;13;;;12136.0;0.0
sideways_normal_s2;23700;ASH_COATED_OSMIUM;9977;21;9973;15;;;10037;14;10040;13;;;10007.0;0.0
sideways_normal_s2;23800;INTARIAN_PEPPER_ROOT;12127;11;12124;18;;;12145;9;12147;25;;;12136.0;0.0
sideways_normal_s2;23800;ASH_COATED_OSMIUM;10001;11;9999;21;;;10019;12;10022;26;;;10010.0;0.0
sideways_normal_s2;23900;INTARIAN_PEPPER_ROOT;12129;5;12126;26;;;12143;11;12147;19;;;12136.0;0.0
sideways_normal_s2;23900;ASH_COATED_OSMIUM;10005;15;10002;16;;;10013;9;10016;13;;;10009.0;0.0
sideways_normal_s2;24000;INTARIAN_PEPPER_ROOT;12135;14;12133;20;;;12137;13;12139;28;;;12136.0;0.0
sideways_normal_s2;24000;ASH_COATED_OSMIUM;10004;20;10001;19;;;10006;10;10010;20;;;10005.0;0.0
sideways_normal_s2;24100;INTARIAN_PEPPER_ROOT;12128;22;12125;23;;;12144;17;12148;26;;;12136.0;0.0
sideways_normal_s2;24100;ASH_COATED_OSMIUM;10004;15;10000;25;;;10006;6;10009;23;;;10005.0;0.0
sideways_normal_s2;24200;INTARIAN_PEPPER_ROOT;12135;9;12132;12;;;12139;17;12142;22;;;12137.0;0.0
sideways_normal_s2;24200;ASH_COATED_OSMIUM;10001;13;9998;17;;;10003;10;10006;22;;;10002.0;0.0
sideways_normal_s2;24300;INTARIAN_PEPPER_ROOT;12136;15;12133;22;;;12138;14;12140;14;;;12137.0;0.0
sideways_normal_s2;24300;ASH_COATED_OSMIUM;10004;21;10000;15;;;10008;15;10010;11;;;10006.0;0.0
sideways_normal_s2;24400;INTARIAN_PEPPER_ROOT;12131;14;12127;16;;;12145;17;12149;17;;;12138.0;0.0
sideways_normal_s2;24400;ASH_COATED_OSMIUM;9992;9;9988;20;;;10010;5;10012;24;;;10001.0;0.0
sideways_normal_s2;24500;INTARIAN_PEPPER_ROOT;12131;13;12127;15;;;12149;15;12153;10;;;12140.0;0.0
sideways_normal_s2;24500;ASH_COATED_OSMIUM;9996;11;9994;18;;;10008;6;10011;13;;;10002.0;0.0
sideways_normal_s2;24600;INTARIAN_PEPPER_ROOT;12135;14;12132;20;;;12145;15;12148;23;;;12140.0;0.0
sideways_normal_s2;24600;ASH_COATED_OSMIUM;9980;15;9976;19;;;10032;8;10036;13;;;10006.0;0.0
sideways_normal_s2;24700;INTARIAN_PEPPER_ROOT;12140;5;12137;21;;;12142;21;12146;16;;;12141.0;0.0
sideways_normal_s2;24700;ASH_COATED_OSMIUM;9993;5;9989;16;;;10021;16;10025;8;;;10007.0;0.0
sideways_normal_s2;24800;INTARIAN_PEPPER_ROOT;12142;24;12140;24;;;12144;14;12147;21;;;12143.0;0.0
sideways_normal_s2;24800;ASH_COATED_OSMIUM;10008;10;10005;13;;;10010;14;10013;27;;;10009.0;0.0
sideways_normal_s2;24900;INTARIAN_PEPPER_ROOT;12140;14;12136;18;;;12146;19;12148;16;;;12143.0;0.0
sideways_normal_s2;24900;ASH_COATED_OSMIUM;9984;10;9982;20;;;10030;10;10033;24;;;10007.0;0.0
sideways_normal_s2;25000;INTARIAN_PEPPER_ROOT;12137;21;12133;23;;;12153;11;12156;20;;;12145.0;0.0
sideways_normal_s2;25000;ASH_COATED_OSMIUM;9998;21;9996;28;;;10014;15;10017;23;;;10006.0;0.0
sideways_normal_s2;25100;INTARIAN_PEPPER_ROOT;12141;27;12137;14;;;12151;16;12155;29;;;12146.0;0.0
sideways_normal_s2;25100;ASH_COATED_OSMIUM;9995;9;9991;12;;;10013;13;10016;18;;;10004.0;0.0
sideways_normal_s2;25200;INTARIAN_PEPPER_ROOT;12140;16;12138;25;;;12154;15;12158;14;;;12147.0;0.0
sideways_normal_s2;25200;ASH_COATED_OSMIUM;10010;17;10006;22;;;10012;9;10014;15;;;10011.0;0.0
sideways_normal_s2;25300;INTARIAN_PEPPER_ROOT;12144;16;12141;13;;;12152;5;12156;12;;;12148.0;0.0
sideways_normal_s2;25300;ASH_COATED_OSMIUM;10011;5;10009;9;;;10013;19;10015;11;;;10012.0;0.0
sideways_normal_s2;25400;INTARIAN_PEPPER_ROOT;12141;10;12137;21;;;12153;14;12155;16;;;12147.0;0.0
sideways_normal_s2;25400;ASH_COATED_OSMIUM;10010;9;10006;16;;;10012;6;10015;20;;;10011.0;0.0
sideways_normal_s2;25500;INTARIAN_PEPPER_ROOT;12138;11;12136;23;;;12156;11;12160;14;;;12147.0;0.0
sideways_normal_s2;25500;ASH_COATED_OSMIUM;10012;15;10008;27;;;10018;15;10021;22;;;10015.0;0.0
sideways_normal_s2;25600;INTARIAN_PEPPER_ROOT;12136;5;12132;21;;;12160;16;12163;15;;;12148.0;0.0
sideways_normal_s2;25600;ASH_COATED_OSMIUM;10010;9;10007;20;;;10020;10;10022;21;;;10015.0;0.0
sideways_normal_s2;25700;INTARIAN_PEPPER_ROOT;12147;17;12144;18;;;12153;15;12157;22;;;12150.0;0.0
sideways_normal_s2;25700;ASH_COATED_OSMIUM;10011;22;10008;13;;;10019;8;10022;20;;;10015.0;0.0
sideways_normal_s2;25800;INTARIAN_PEPPER_ROOT;12142;7;12140;23;;;12158;7;12161;21;;;12150.0;0.0
sideways_normal_s2;25800;ASH_COATED_OSMIUM;10015;10;10011;13;;;10019;5;10021;19;;;10017.0;0.0
sideways_normal_s2;25900;INTARIAN_PEPPER_ROOT;12150;24;12147;17;;;12158;17;12160;15;;;12154.0;0.0
sideways_normal_s2;25900;ASH_COATED_OSMIUM;10020;19;10017;20;;;10026;14;10030;32;;;10023.0;0.0
sideways_normal_s2;26000;INTARIAN_PEPPER_ROOT;12153;10;12150;8;;;12157;6;12160;14;;;12155.0;0.0
sideways_normal_s2;26000;ASH_COATED_OSMIUM;10019;17;10017;22;;;10025;9;10028;12;;;10022.0;0.0
sideways_normal_s2;26100;INTARIAN_PEPPER_ROOT;12155;19;12152;27;;;12157;5;12159;15;;;12156.0;0.0
sideways_normal_s2;26100;ASH_COATED_OSMIUM;10021;13;10017;12;;;10023;19;10025;25;;;10022.0;0.0
sideways_normal_s2;26200;INTARIAN_PEPPER_ROOT;12155;18;12152;22;;;12157;14;12160;21;;;12156.0;0.0
sideways_normal_s2;26200;ASH_COATED_OSMIUM;10014;26;10010;21;;;10020;17;10022;22;;;10017.0;0.0
sideways_normal_s2;26300;INTARIAN_PEPPER_ROOT;12144;18;12142;16;;;12168;9;12172;21;;;12156.0;0.0
sideways_normal_s2;26300;ASH_COATED_OSMIUM;10020;6;10017;17;;;10022;15;10026;23;;;10021.0;0.0
sideways_normal_s2;26400;INTARIAN_PEPPER_ROOT;12152;16;12148;24;;;12158;9;12161;19;;;12155.0;0.0
sideways_normal_s2;26400;ASH_COATED_OSMIUM;10022;10;10018;16;;;10026;16;10029;19;;;10024.0;0.0
sideways_normal_s2;26500;INTARIAN_PEPPER_ROOT;12147;12;12144;26;;;12163;14;12165;17;;;12155.0;0.0
sideways_normal_s2;26500;ASH_COATED_OSMIUM;10016;7;10014;21;;;10026;24;10029;13;;;10021.0;0.0
sideways_normal_s2;26600;INTARIAN_PEPPER_ROOT;12153;10;12151;19;;;12159;14;12162;24;;;12156.0;0.0
sideways_normal_s2;26600;ASH_COATED_OSMIUM;10012;13;10010;26;;;10016;12;10019;22;;;10014.0;0.0
sideways_normal_s2;26700;INTARIAN_PEPPER_ROOT;12153;20;12149;25;;;12159;12;12162;18;;;12156.0;0.0
sideways_normal_s2;26700;ASH_COATED_OSMIUM;10019;5;10015;15;;;10021;17;10024;27;;;10020.0;0.0
sideways_normal_s2;26800;INTARIAN_PEPPER_ROOT;12152;14;12149;23;;;12160;15;12162;19;;;12156.0;0.0
sideways_normal_s2;26800;ASH_COATED_OSMIUM;10013;15;10010;17;;;10015;11;10018;20;;;10014.0;0.0
sideways_normal_s2;26900;INTARIAN_PEPPER_ROOT;12145;24;12142;20;;;12167;14;12171;26;;;12156.0;0.0
sideways_normal_s2;26900;ASH_COATED_OSMIUM;10000;5;9996;27;;;10020;19;10023;16;;;10010.0;0.0
sideways_normal_s2;27000;INTARIAN_PEPPER_ROOT;12146;10;12142;11;;;12164;15;12166;14;;;12155.0;0.0
sideways_normal_s2;27000;ASH_COATED_OSMIUM;10006;7;10003;27;;;10014;20;10017;29;;;10010.0;0.0
sideways_normal_s2;27100;INTARIAN_PEPPER_ROOT;12154;17;12150;15;;;12156;26;12158;16;;;12155.0;0.0
sideways_normal_s2;27100;ASH_COATED_OSMIUM;10011;5;10007;19;;;10013;8;10015;25;;;10012.0;0.0
sideways_normal_s2;27200;INTARIAN_PEPPER_ROOT;12152;9;12148;25;;;12156;21;12158;20;;;12154.0;0.0
sideways_normal_s2;27200;ASH_COATED_OSMIUM;10006;17;10002;17;;;10024;6;10028;16;;;10015.0;0.0
sideways_normal_s2;27300;INTARIAN_PEPPER_ROOT;12132;5;12128;18;;;12176;14;12178;29;;;12154.0;0.0
sideways_normal_s2;27300;ASH_COATED_OSMIUM;10007;16;10004;22;;;10011;5;10013;20;;;10009.0;0.0
sideways_normal_s2;27400;INTARIAN_PEPPER_ROOT;12153;7;12150;23;;;12155;11;12159;30;;;12154.0;0.0
sideways_normal_s2;27400;ASH_COATED_OSMIUM;10012;18;10010;14;;;10022;8;10024;21;;;10017.0;0.0
sideways_normal_s2;27500;INTARIAN_PEPPER_ROOT;12139;11;12136;17;;;12169;8;12173;18;;;12154.0;0.0
sideways_normal_s2;27500;ASH_COATED_OSMIUM;10004;14;10001;22;;;10028;8;10030;17;;;10016.0;0.0
sideways_normal_s2;27600;INTARIAN_PEPPER_ROOT;12153;14;12149;15;;;12159;18;12162;20;;;12156.0;0.0
sideways_normal_s2;27600;ASH_COATED_OSMIUM;10010;6;10007;23;;;10012;16;10015;14;;;10011.0;0.0
sideways_normal_s2;27700;INTARIAN_PEPPER_ROOT;12154;19;12150;21;;;12160;11;12162;19;;;12157.0;0.0
sideways_normal_s2;27700;ASH_COATED_OSMIUM;10003;8;10001;15;;;10007;15;10011;18;;;10005.0;0.0
sideways_normal_s2;27800;INTARIAN_PEPPER_ROOT;12158;22;12155;8;;;12160;27;12162;22;;;12159.0;0.0
sideways_normal_s2;27800;ASH_COATED_OSMIUM;9975;17;9972;19;;;10031;9;10033;11;;;10003.0;0.0
sideways_normal_s2;27900;INTARIAN_PEPPER_ROOT;12158;15;12154;17;;;12160;12;12163;25;;;12159.0;0.0
sideways_normal_s2;27900;ASH_COATED_OSMIUM;10001;14;9998;18;;;10005;13;10009;19;;;10003.0;0.0
sideways_normal_s2;28000;INTARIAN_PEPPER_ROOT;12157;19;12153;16;;;12167;13;12170;10;;;12162.0;0.0
sideways_normal_s2;28000;ASH_COATED_OSMIUM;9996;7;9992;15;;;10016;15;10018;21;;;10006.0;0.0
sideways_normal_s2;28100;INTARIAN_PEPPER_ROOT;12135;6;12131;23;;;12185;13;12187;24;;;12160.0;0.0
sideways_normal_s2;28100;ASH_COATED_OSMIUM;10003;19;10000;23;;;10011;10;10014;17;;;10007.0;0.0
sideways_normal_s2;28200;INTARIAN_PEPPER_ROOT;12154;13;12152;21;;;12164;15;12167;21;;;12159.0;0.0
sideways_normal_s2;28200;ASH_COATED_OSMIUM;10007;7;10003;18;;;10013;19;10016;20;;;10010.0;0.0
sideways_normal_s2;28300;INTARIAN_PEPPER_ROOT;12150;12;12146;19;;;12170;18;12174;20;;;12160.0;0.0
sideways_normal_s2;28300;ASH_COATED_OSMIUM;9999;11;9995;20;;;10019;18;10021;23;;;10009.0;0.0
sideways_normal_s2;28400;INTARIAN_PEPPER_ROOT;12152;18;12150;21;;;12168;17;12170;26;;;12160.0;0.0
sideways_normal_s2;28400;ASH_COATED_OSMIUM;10009;10;10007;28;;;10011;21;10013;16;;;10010.0;0.0
sideways_normal_s2;28500;INTARIAN_PEPPER_ROOT;12153;19;12149;14;;;12167;9;12169;24;;;12160.0;0.0
sideways_normal_s2;28500;ASH_COATED_OSMIUM;10012;16;10010;14;;;10016;13;10020;24;;;10014.0;0.0
sideways_normal_s2;28600;INTARIAN_PEPPER_ROOT;12158;12;12154;30;;;12162;15;12166;26;;;12160.0;0.0
sideways_normal_s2;28600;ASH_COATED_OSMIUM;10009;16;10007;21;;;10013;5;10016;17;;;10011.0;0.0
sideways_normal_s2;28700;INTARIAN_PEPPER_ROOT;12155;13;12153;24;;;12163;17;12165;24;;;12159.0;0.0
sideways_normal_s2;28700;ASH_COATED_OSMIUM;9993;22;9991;22;;;10025;12;10029;26;;;10009.0;0.0
sideways_normal_s2;28800;INTARIAN_PEPPER_ROOT;12158;19;12155;22;;;12160;14;12163;10;;;12159.0;0.0
sideways_normal_s2;28800;ASH_COATED_OSMIUM;9995;15;9993;24;;;10019;12;10021;21;;;10007.0;0.0
sideways_normal_s2;28900;INTARIAN_PEPPER_ROOT;12160;9;12157;8;;;12162;25;12164;20;;;12161.0;0.0
sideways_normal_s2;28900;ASH_COATED_OSMIUM;9994;19;9992;21;;;10006;13;10009;24;;;10000.0;0.0
sideways_normal_s2;29000;INTARIAN_PEPPER_ROOT;12161;18;12159;20;;;12163;10;12165;18;;;12162.0;0.0
sideways_normal_s2;29000;ASH_COATED_OSMIUM;9999;12;9997;21;;;10009;8;10013;18;;;10004.0;0.0
sideways_normal_s2;29100;INTARIAN_PEPPER_ROOT;12161;15;12157;22;;;12163;11;12166;16;;;12162.0;0.0
sideways_normal_s2;29100;ASH_COATED_OSMIUM;10000;10;9996;19;;;10004;5;10007;13;;;10002.0;0.0
sideways_normal_s2;29200;INTARIAN_PEPPER_ROOT;12163;11;12160;24;;;12165;18;12168;26;;;12164.0;0.0
sideways_normal_s2;29200;ASH_COATED_OSMIUM;10003;19;10001;24;;;10005;8;10007;27;;;10004.0;0.0
sideways_normal_s2;29300;INTARIAN_PEPPER_ROOT;12149;11;12147;19;;;12177;14;12181;16;;;12163.0;0.0
sideways_normal_s2;29300;ASH_COATED_OSMIUM;10005;15;10003;18;;;10007;17;10009;19;;;10006.0;0.0
sideways_normal_s2;29400;INTARIAN_PEPPER_ROOT;12156;11;12152;13;;;12168;14;12170;14;;;12162.0;0.0
sideways_normal_s2;29400;ASH_COATED_OSMIUM;10003;14;10001;32;;;10005;16;10008;21;;;10004.0;0.0
sideways_normal_s2;29500;INTARIAN_PEPPER_ROOT;12156;17;12153;19;;;12172;23;12175;19;;;12164.0;0.0
sideways_normal_s2;29500;ASH_COATED_OSMIUM;9998;10;9996;16;;;10004;22;10007;25;;;10001.0;0.0
sideways_normal_s2;29600;INTARIAN_PEPPER_ROOT;12149;19;12146;29;;;12175;10;12178;14;;;12162.0;0.0
sideways_normal_s2;29600;ASH_COATED_OSMIUM;9992;7;9988;23;;;10016;12;10020;18;;;10004.0;0.0
sideways_normal_s2;29700;INTARIAN_PEPPER_ROOT;12143;9;12141;20;;;12181;14;12183;25;;;12162.0;0.0
sideways_normal_s2;29700;ASH_COATED_OSMIUM;9997;15;9994;22;;;9999;12;10002;17;;;9998.0;0.0
sideways_normal_s2;29800;INTARIAN_PEPPER_ROOT;12155;11;12153;26;;;12169;5;12173;17;;;12162.0;0.0
sideways_normal_s2;29800;ASH_COATED_OSMIUM;9994;18;9992;23;;;10004;13;10007;19;;;9999.0;0.0
sideways_normal_s2;29900;INTARIAN_PEPPER_ROOT;12160;13;12156;25;;;12162;5;12165;11;;;12161.0;0.0
sideways_normal_s2;29900;ASH_COATED_OSMIUM;9993;10;9990;26;;;9995;15;9998;18;;;9994.0;0.0
sideways_normal_s2;30000;INTARIAN_PEPPER_ROOT;12124;11;12122;18;;;12202;16;12205;15;;;12163.0;0.0
sideways_normal_s2;30000;ASH_COATED_OSMIUM;9980;7;9978;21;;;10006;12;10008;15;;;9993.0;0.0
sideways_normal_s2;30100;INTARIAN_PEPPER_ROOT;12159;10;12157;17;;;12167;15;12169;27;;;12163.0;0.0
sideways_normal_s2;30100;ASH_COATED_OSMIUM;9982;11;9978;10;;;9998;5;10001;13;;;9990.0;0.0
sideways_normal_s2;30200;INTARIAN_PEPPER_ROOT;12143;17;12141;15;;;12183;10;12187;16;;;12163.0;0.0
sideways_normal_s2;30200;ASH_COATED_OSMIUM;9987;12;9983;14;;;9989;6;9992;25;;;9988.0;0.0
sideways_normal_s2;30300;INTARIAN_PEPPER_ROOT;12138;20;12135;12;;;12188;19;12191;27;;;12163.0;0.0
sideways_normal_s2;30300;ASH_COATED_OSMIUM;9976;11;9972;22;;;10002;14;10006;9;;;9989.0;0.0
sideways_normal_s2;30400;INTARIAN_PEPPER_ROOT;12160;12;12158;20;;;12164;18;12166;26;;;12162.0;0.0
sideways_normal_s2;30400;ASH_COATED_OSMIUM;9979;11;9977;18;;;10003;25;10007;25;;;9991.0;0.0
sideways_normal_s2;30500;INTARIAN_PEPPER_ROOT;12160;19;12156;17;;;12164;16;12168;24;;;12162.0;0.0
sideways_normal_s2;30500;ASH_COATED_OSMIUM;9973;29;9971;13;;;10009;19;10013;15;;;9991.0;0.0
sideways_normal_s2;30600;INTARIAN_PEPPER_ROOT;12142;13;12140;23;;;12182;21;12184;19;;;12162.0;0.0
sideways_normal_s2;30600;ASH_COATED_OSMIUM;9977;16;9973;22;;;10003;15;10007;23;;;9990.0;0.0
sideways_normal_s2;30700;INTARIAN_PEPPER_ROOT;12154;12;12151;23;;;12170;10;12174;18;;;12162.0;0.0
sideways_normal_s2;30700;ASH_COATED_OSMIUM;9975;16;9973;32;;;10007;14;10009;27;;;9991.0;0.0
sideways_normal_s2;30800;INTARIAN_PEPPER_ROOT;12161;16;12158;21;;;12167;8;12169;9;;;12164.0;0.0
sideways_normal_s2;30800;ASH_COATED_OSMIUM;9947;15;9945;11;;;10037;14;10041;24;;;9992.0;0.0
sideways_normal_s2;30900;INTARIAN_PEPPER_ROOT;12147;18;12144;8;;;12177;10;12181;16;;;12162.0;0.0
sideways_normal_s2;30900;ASH_COATED_OSMIUM;9995;9;9992;21;;;9997;11;10001;17;;;9996.0;0.0
sideways_normal_s2;31000;INTARIAN_PEPPER_ROOT;12163;12;12161;20;;;12165;12;12168;8;;;12164.0;0.0
sideways_normal_s2;31000;ASH_COATED_OSMIUM;9979;15;9975;24;;;10013;5;10015;27;;;9996.0;0.0
sideways_normal_s2;31100;INTARIAN_PEPPER_ROOT;12161;20;12159;25;;;12163;8;12167;26;;;12162.0;0.0
sideways_normal_s2;31100;ASH_COATED_OSMIUM;9997;15;9994;26;;;10003;8;10005;18;;;10000.0;0.0
sideways_normal_s2;31200;INTARIAN_PEPPER_ROOT;12144;21;12140;23;;;12176;12;12180;30;;;12160.0;0.0
sideways_normal_s2;31200;ASH_COATED_OSMIUM;9981;12;9977;21;;;10023;16;10027;17;;;10002.0;0.0
sideways_normal_s2;31300;INTARIAN_PEPPER_ROOT;12160;13;12156;24;;;12162;10;12164;14;;;12161.0;0.0
sideways_normal_s2;31300;ASH_COATED_OSMIUM;10003;5;9999;16;;;10005;20;10009;24;;;10004.0;0.0
sideways_normal_s2;31400;INTARIAN_PEPPER_ROOT;12143;29;12141;26;;;12177;18;12180;18;;;12160.0;0.0
sideways_normal_s2;31400;ASH_COATED_OSMIUM;10007;11;10004;18;;;10009;10;10012;20;;;10008.0;0.0
sideways_normal_s2;31500;INTARIAN_PEPPER_ROOT;12157;14;12154;23;;;12161;13;12164;25;;;12159.0;0.0
sideways_normal_s2;31500;ASH_COATED_OSMIUM;10004;7;10002;19;;;10010;14;10014;24;;;10007.0;0.0
sideways_normal_s2;31600;INTARIAN_PEPPER_ROOT;12158;14;12156;16;;;12160;20;12162;19;;;12159.0;0.0
sideways_normal_s2;31600;ASH_COATED_OSMIUM;9985;11;9982;22;;;10025;5;10028;9;;;10005.0;0.0
sideways_normal_s2;31700;INTARIAN_PEPPER_ROOT;12140;17;12138;20;;;12176;19;12178;8;;;12158.0;0.0
sideways_normal_s2;31700;ASH_COATED_OSMIUM;10004;11;10002;18;;;10010;5;10012;20;;;10007.0;0.0
sideways_normal_s2;31800;INTARIAN_PEPPER_ROOT;12140;17;12138;22;;;12176;5;12180;21;;;12158.0;0.0
sideways_normal_s2;31800;ASH_COATED_OSMIUM;9975;14;9971;17;;;10037;8;10041;22;;;10006.0;0.0
sideways_normal_s2;31900;INTARIAN_PEPPER_ROOT;12143;8;12140;18;;;12169;18;12173;16;;;12156.0;0.0
sideways_normal_s2;31900;ASH_COATED_OSMIUM;9991;13;9989;16;;;10029;13;10032;18;;;10010.0;0.0
sideways_normal_s2;32000;INTARIAN_PEPPER_ROOT;12155;11;12153;24;;;12157;7;12161;13;;;12156.0;0.0
sideways_normal_s2;32000;ASH_COATED_OSMIUM;10012;13;10009;23;;;10014;22;10018;20;;;10013.0;0.0
sideways_normal_s2;32100;INTARIAN_PEPPER_ROOT;12155;12;12153;21;;;12161;18;12165;19;;;12158.0;0.0
sideways_normal_s2;32100;ASH_COATED_OSMIUM;10008;6;10004;21;;;10010;7;10014;16;;;10009.0;0.0
sideways_normal_s2;32200;INTARIAN_PEPPER_ROOT;12158;22;12156;17;;;12160;11;12162;14;;;12159.0;0.0
sideways_normal_s2;32200;ASH_COATED_OSMIUM;10002;7;9998;18;;;10014;5;10018;28;;;10008.0;0.0
sideways_normal_s2;32300;INTARIAN_PEPPER_ROOT;12152;20;12148;21;;;12162;15;12164;16;;;12157.0;0.0
sideways_normal_s2;32300;ASH_COATED_OSMIUM;10003;9;10001;26;;;10009;13;10012;22;;;10006.0;0.0
sideways_normal_s2;32400;INTARIAN_PEPPER_ROOT;12155;19;12153;19;;;12159;22;12162;22;;;12157.0;0.0
sideways_normal_s2;32400;ASH_COATED_OSMIUM;10005;17;10002;25;;;10007;10;10009;17;;;10006.0;0.0
sideways_normal_s2;32500;INTARIAN_PEPPER_ROOT;12142;8;12139;22;;;12172;11;12175;14;;;12157.0;0.0
sideways_normal_s2;32500;ASH_COATED_OSMIUM;10004;7;10000;21;;;10008;12;10010;22;;;10006.0;0.0
sideways_normal_s2;32600;INTARIAN_PEPPER_ROOT;12154;25;12152;19;;;12164;15;12168;19;;;12159.0;0.0
sideways_normal_s2;32600;ASH_COATED_OSMIUM;9991;11;9987;20;;;10013;18;10016;8;;;10002.0;0.0
sideways_normal_s2;32700;INTARIAN_PEPPER_ROOT;12152;11;12149;17;;;12166;19;12168;17;;;12159.0;0.0
sideways_normal_s2;32700;ASH_COATED_OSMIUM;10005;12;10001;16;;;10007;12;10010;24;;;10006.0;0.0
sideways_normal_s2;32800;INTARIAN_PEPPER_ROOT;12157;10;12154;16;;;12159;14;12163;16;;;12158.0;0.0
sideways_normal_s2;32800;ASH_COATED_OSMIUM;9994;5;9990;24;;;10020;9;10022;9;;;10007.0;0.0
sideways_normal_s2;32900;INTARIAN_PEPPER_ROOT;12157;18;12153;20;;;12161;9;12165;21;;;12159.0;0.0
sideways_normal_s2;32900;ASH_COATED_OSMIUM;10000;12;9998;13;;;10016;11;10018;15;;;10008.0;0.0
sideways_normal_s2;33000;INTARIAN_PEPPER_ROOT;12149;16;12147;10;;;12169;23;12171;15;;;12159.0;0.0
sideways_normal_s2;33000;ASH_COATED_OSMIUM;9999;15;9995;10;;;10023;6;10025;18;;;10011.0;0.0
sideways_normal_s2;33100;INTARIAN_PEPPER_ROOT;12156;23;12152;21;;;12160;26;12162;16;;;12158.0;0.0
sideways_normal_s2;33100;ASH_COATED_OSMIUM;10005;10;10001;31;;;10019;11;10021;15;;;10012.0;0.0
sideways_normal_s2;33200;INTARIAN_PEPPER_ROOT;12156;6;12152;14;;;12160;18;12163;25;;;12158.0;0.0
sideways_normal_s2;33200;ASH_COATED_OSMIUM;10000;20;9997;21;;;10024;14;10026;22;;;10012.0;0.0
sideways_normal_s2;33300;INTARIAN_PEPPER_ROOT;12154;13;12152;20;;;12162;17;12165;22;;;12158.0;0.0
sideways_normal_s2;33300;ASH_COATED_OSMIUM;10002;6;9998;11;;;10020;17;10023;22;;;10011.0;0.0
sideways_normal_s2;33400;INTARIAN_PEPPER_ROOT;12155;20;12152;25;;;12161;20;12165;18;;;12158.0;0.0
sideways_normal_s2;33400;ASH_COATED_OSMIUM;9999;18;9995;17;;;10025;22;10029;20;;;10012.0;0.0
sideways_normal_s2;33500;INTARIAN_PEPPER_ROOT;12156;17;12154;26;;;12160;15;12163;21;;;12158.0;0.0
sideways_normal_s2;33500;ASH_COATED_OSMIUM;10002;12;9999;20;;;10022;5;10025;23;;;10012.0;0.0
sideways_normal_s2;33600;INTARIAN_PEPPER_ROOT;12157;26;12153;29;;;12159;8;12163;15;;;12158.0;0.0
sideways_normal_s2;33600;ASH_COATED_OSMIUM;10007;6;10004;14;;;10015;7;10018;22;;;10011.0;0.0
sideways_normal_s2;33700;INTARIAN_PEPPER_ROOT;12153;12;12150;13;;;12163;9;12167;30;;;12158.0;0.0
sideways_normal_s2;33700;ASH_COATED_OSMIUM;9994;11;9991;13;;;10016;5;10020;20;;;10005.0;0.0
sideways_normal_s2;33800;INTARIAN_PEPPER_ROOT;12147;8;12145;21;;;12171;5;12174;21;;;12159.0;0.0
sideways_normal_s2;33800;ASH_COATED_OSMIUM;10003;17;10000;25;;;10005;27;10009;22;;;10004.0;0.0
sideways_normal_s2;33900;INTARIAN_PEPPER_ROOT;12157;14;12154;15;;;12159;16;12161;13;;;12158.0;0.0
sideways_normal_s2;33900;ASH_COATED_OSMIUM;9982;5;9980;27;;;10022;17;10026;14;;;10002.0;0.0
sideways_normal_s2;34000;INTARIAN_PEPPER_ROOT;12148;8;12145;9;;;12166;18;12169;27;;;12157.0;0.0
sideways_normal_s2;34000;ASH_COATED_OSMIUM;9998;5;9996;30;;;10016;24;10018;24;;;10007.0;0.0
sideways_normal_s2;34100;INTARIAN_PEPPER_ROOT;12145;12;12142;31;;;12169;18;12172;17;;;12157.0;0.0
sideways_normal_s2;34100;ASH_COATED_OSMIUM;9971;12;9969;14;;;10041;18;10043;14;;;10006.0;0.0
sideways_normal_s2;34200;INTARIAN_PEPPER_ROOT;12101;17;12097;24;;;12213;21;12216;18;;;12157.0;0.0
sideways_normal_s2;34200;ASH_COATED_OSMIUM;10000;9;9998;23;;;10004;8;10007;29;;;10002.0;0.0
sideways_normal_s2;34300;INTARIAN_PEPPER_ROOT;12155;20;12153;20;;;12161;17;12163;16;;;12158.0;0.0
sideways_normal_s2;34300;ASH_COATED_OSMIUM;9986;17;9984;23;;;10022;17;10026;28;;;10004.0;0.0
sideways_normal_s2;34400;INTARIAN_PEPPER_ROOT;12150;18;12146;16;;;12168;15;12172;28;;;12159.0;0.0
sideways_normal_s2;34400;ASH_COATED_OSMIUM;10003;19;10001;27;;;10005;20;10008;21;;;10004.0;0.0
sideways_normal_s2;34500;INTARIAN_PEPPER_ROOT;12137;12;12135;15;;;12181;17;12183;25;;;12159.0;0.0
sideways_normal_s2;34500;ASH_COATED_OSMIUM;9988;14;9985;18;;;10012;7;10015;23;;;10000.0;0.0
sideways_normal_s2;34600;INTARIAN_PEPPER_ROOT;12151;8;12147;13;;;12165;7;12169;17;;;12158.0;0.0
sideways_normal_s2;34600;ASH_COATED_OSMIUM;9991;14;9988;18;;;10005;13;10007;28;;;9998.0;0.0
sideways_normal_s2;34700;INTARIAN_PEPPER_ROOT;12160;13;12156;18;;;12162;14;12166;11;;;12161.0;0.0
sideways_normal_s2;34700;ASH_COATED_OSMIUM;9999;22;9995;21;;;10001;11;10004;17;;;10000.0;0.0
sideways_normal_s2;34800;INTARIAN_PEPPER_ROOT;12156;24;12153;21;;;12164;13;12166;23;;;12160.0;0.0
sideways_normal_s2;34800;ASH_COATED_OSMIUM;9997;18;9994;20;;;10001;18;10005;10;;;9999.0;0.0
sideways_normal_s2;34900;INTARIAN_PEPPER_ROOT;12153;20;12150;19;;;12167;12;12171;19;;;12160.0;0.0
sideways_normal_s2;34900;ASH_COATED_OSMIUM;9992;10;9990;23;;;10004;15;10008;25;;;9998.0;0.0
sideways_normal_s2;35000;INTARIAN_PEPPER_ROOT;12157;24;12153;26;;;12159;19;12162;20;;;12158.0;0.0
sideways_normal_s2;35000;ASH_COATED_OSMIUM;9974;15;9972;21;;;10026;17;10029;24;;;10000.0;0.0
sideways_normal_s2;35100;INTARIAN_PEPPER_ROOT;12155;12;12152;8;;;12161;12;12163;16;;;12158.0;0.0
sideways_normal_s2;35100;ASH_COATED_OSMIUM;10002;10;9998;21;;;10004;20;10008;18;;;10003.0;0.0
sideways_normal_s2;35200;INTARIAN_PEPPER_ROOT;12158;18;12156;22;;;12160;15;12164;23;;;12159.0;0.0
sideways_normal_s2;35200;ASH_COATED_OSMIUM;10005;9;10002;19;;;10007;13;10010;15;;;10006.0;0.0
sideways_normal_s2;35300;INTARIAN_PEPPER_ROOT;12157;17;12154;19;;;12161;14;12164;18;;;12159.0;0.0
sideways_normal_s2;35300;ASH_COATED_OSMIUM;10007;5;10004;17;;;10013;6;10017;14;;;10010.0;0.0
sideways_normal_s2;35400;INTARIAN_PEPPER_ROOT;12151;5;12147;31;;;12169;16;12171;12;;;12160.0;0.0
sideways_normal_s2;35400;ASH_COATED_OSMIUM;10004;15;10001;32;;;10014;19;10018;20;;;10009.0;0.0
sideways_normal_s2;35500;INTARIAN_PEPPER_ROOT;12157;13;12154;24;;;12159;27;12163;24;;;12158.0;0.0
sideways_normal_s2;35500;ASH_COATED_OSMIUM;10001;7;9999;19;;;10009;13;10013;29;;;10005.0;0.0
sideways_normal_s2;35600;INTARIAN_PEPPER_ROOT;12155;8;12153;18;;;12157;10;12160;24;;;12156.0;0.0
sideways_normal_s2;35600;ASH_COATED_OSMIUM;10012;13;10008;20;;;10014;14;10018;14;;;10013.0;0.0
sideways_normal_s2;35700;INTARIAN_PEPPER_ROOT;12148;12;12144;22;;;12164;20;12168;21;;;12156.0;0.0
sideways_normal_s2;35700;ASH_COATED_OSMIUM;9992;12;9990;26;;;10030;6;10033;20;;;10011.0;0.0
sideways_normal_s2;35800;INTARIAN_PEPPER_ROOT;12148;21;12144;25;;;12160;8;12163;13;;;12154.0;0.0
sideways_normal_s2;35800;ASH_COATED_OSMIUM;9998;15;9995;22;;;10024;12;10028;15;;;10011.0;0.0
sideways_normal_s2;35900;INTARIAN_PEPPER_ROOT;12155;18;12151;21;;;12157;11;12159;23;;;12156.0;0.0
sideways_normal_s2;35900;ASH_COATED_OSMIUM;10012;17;10010;18;;;10020;7;10024;18;;;10016.0;0.0
sideways_normal_s2;36000;INTARIAN_PEPPER_ROOT;12155;16;12151;25;;;12159;15;12162;19;;;12157.0;0.0
sideways_normal_s2;36000;ASH_COATED_OSMIUM;10014;13;10010;17;;;10026;5;10028;26;;;10020.0;0.0
sideways_normal_s2;36100;INTARIAN_PEPPER_ROOT;12154;12;12152;22;;;12156;14;12160;20;;;12155.0;0.0
sideways_normal_s2;36100;ASH_COATED_OSMIUM;10005;17;10001;18;;;10021;9;10024;16;;;10013.0;0.0
sideways_normal_s2;36200;INTARIAN_PEPPER_ROOT;12153;8;12149;22;;;12155;17;12158;18;;;12154.0;0.0
sideways_normal_s2;36200;ASH_COATED_OSMIUM;10005;19;10001;27;;;10021;12;10024;18;;;10013.0;0.0
sideways_normal_s2;36300;INTARIAN_PEPPER_ROOT;12149;12;12146;22;;;12157;21;12160;12;;;12153.0;0.0
sideways_normal_s2;36300;ASH_COATED_OSMIUM;10006;5;10004;22;;;10018;11;10021;17;;;10012.0;0.0
sideways_normal_s2;36400;INTARIAN_PEPPER_ROOT;12146;14;12144;19;;;12160;14;12163;19;;;12153.0;0.0
sideways_normal_s2;36400;ASH_COATED_OSMIUM;9987;12;9984;11;;;10037;15;10041;19;;;10012.0;0.0
sideways_normal_s2;36500;INTARIAN_PEPPER_ROOT;12150;6;12147;30;;;12154;9;12158;18;;;12152.0;0.0
sideways_normal_s2;36500;ASH_COATED_OSMIUM;10003;16;10001;22;;;10013;12;10016;9;;;10008.0;0.0
sideways_normal_s2;36600;INTARIAN_PEPPER_ROOT;12146;5;12143;20;;;12158;23;12160;20;;;12152.0;0.0
sideways_normal_s2;36600;ASH_COATED_OSMIUM;10003;23;9999;20;;;10005;10;10007;21;;;10004.0;0.0
sideways_normal_s2;36700;INTARIAN_PEPPER_ROOT;12148;17;12145;21;;;12158;7;12160;27;;;12153.0;0.0
sideways_normal_s2;36700;ASH_COATED_OSMIUM;10000;5;9996;8;;;10006;13;10009;21;;;10003.0;0.0
sideways_normal_s2;36800;INTARIAN_PEPPER_ROOT;12150;13;12146;23;;;12154;25;12157;13;;;12152.0;0.0
sideways_normal_s2;36800;ASH_COATED_OSMIUM;9997;10;9993;12;;;10011;15;10015;30;;;10004.0;0.0
sideways_normal_s2;36900;INTARIAN_PEPPER_ROOT;12132;30;12130;21;;;12168;21;12171;26;;;12150.0;0.0
sideways_normal_s2;36900;ASH_COATED_OSMIUM;10003;19;10001;17;;;10005;10;10009;21;;;10004.0;0.0
sideways_normal_s2;37000;INTARIAN_PEPPER_ROOT;12143;12;12139;16;;;12157;11;12159;13;;;12150.0;0.0
sideways_normal_s2;37000;ASH_COATED_OSMIUM;10000;9;9996;14;;;10010;10;10014;16;;;10005.0;0.0
sideways_normal_s2;37100;INTARIAN_PEPPER_ROOT;12143;16;12140;20;;;12155;13;12157;16;;;12149.0;0.0
sideways_normal_s2;37100;ASH_COATED_OSMIUM;9985;11;9982;19;;;10017;10;10020;23;;;10001.0;0.0
sideways_normal_s2;37200;INTARIAN_PEPPER_ROOT;12141;15;12139;12;;;12159;14;12163;27;;;12150.0;0.0
sideways_normal_s2;37200;ASH_COATED_OSMIUM;9970;8;9966;16;;;10034;5;10037;19;;;10002.0;0.0
sideways_normal_s2;37300;INTARIAN_PEPPER_ROOT;12146;15;12143;22;;;12152;15;12155;15;;;12149.0;0.0
sideways_normal_s2;37300;ASH_COATED_OSMIUM;9992;30;9988;25;;;10004;23;10007;26;;;9998.0;0.0
sideways_normal_s2;37400;INTARIAN_PEPPER_ROOT;12143;27;12140;17;;;12155;25;12159;20;;;12149.0;0.0
sideways_normal_s2;37400;ASH_COATED_OSMIUM;9983;5;9980;18;;;10017;12;10020;23;;;10000.0;0.0
sideways_normal_s2;37500;INTARIAN_PEPPER_ROOT;12145;11;12141;11;;;12151;12;12155;21;;;12148.0;0.0
sideways_normal_s2;37500;ASH_COATED_OSMIUM;9991;22;9987;14;;;10005;18;10008;13;;;9998.0;0.0
sideways_normal_s2;37600;INTARIAN_PEPPER_ROOT;12146;17;12142;21;;;12148;15;12150;10;;;12147.0;0.0
sideways_normal_s2;37600;ASH_COATED_OSMIUM;9979;19;9976;20;;;10011;5;10015;19;;;9995.0;0.0
sideways_normal_s2;37700;INTARIAN_PEPPER_ROOT;12146;21;12144;23;;;12148;16;12152;19;;;12147.0;0.0
sideways_normal_s2;37700;ASH_COATED_OSMIUM;9994;13;9990;21;;;9996;21;9998;14;;;9995.0;0.0
sideways_normal_s2;37800;INTARIAN_PEPPER_ROOT;12145;15;12142;22;;;12147;22;12151;13;;;12146.0;0.0
sideways_normal_s2;37800;ASH_COATED_OSMIUM;9994;16;9990;20;;;10004;13;10007;21;;;9999.0;0.0
sideways_normal_s2;37900;INTARIAN_PEPPER_ROOT;12147;17;12144;19;;;12149;8;12153;22;;;12148.0;0.0
sideways_normal_s2;37900;ASH_COATED_OSMIUM;9999;18;9996;33;;;10005;10;10008;16;;;10002.0;0.0
sideways_normal_s2;38000;INTARIAN_PEPPER_ROOT;12146;13;12143;21;;;12150;18;12153;23;;;12148.0;0.0
sideways_normal_s2;38000;ASH_COATED_OSMIUM;10004;13;10000;22;;;10006;6;10009;27;;;10005.0;0.0
sideways_normal_s2;38100;INTARIAN_PEPPER_ROOT;12140;17;12136;27;;;12152;21;12156;22;;;12146.0;0.0
sideways_normal_s2;38100;ASH_COATED_OSMIUM;9995;10;9993;18;;;10011;12;10015;11;;;10003.0;0.0
sideways_normal_s2;38200;INTARIAN_PEPPER_ROOT;12143;22;12141;21;;;12149;12;12152;23;;;12146.0;0.0
sideways_normal_s2;38200;ASH_COATED_OSMIUM;10002;12;9998;27;;;10004;12;10007;23;;;10003.0;0.0
sideways_normal_s2;38300;INTARIAN_PEPPER_ROOT;12129;22;12125;20;;;12161;15;12163;17;;;12145.0;0.0
sideways_normal_s2;38300;ASH_COATED_OSMIUM;9997;9;9995;13;;;9999;6;10003;18;;;9998.0;0.0
sideways_normal_s2;38400;INTARIAN_PEPPER_ROOT;12130;16;12128;20;;;12156;9;12159;12;;;12143.0;0.0
sideways_normal_s2;38400;ASH_COATED_OSMIUM;9997;8;9994;16;;;9999;15;10002;14;;;9998.0;0.0
sideways_normal_s2;38500;INTARIAN_PEPPER_ROOT;12141;15;12139;33;;;12145;10;12148;24;;;12143.0;0.0
sideways_normal_s2;38500;ASH_COATED_OSMIUM;9983;8;9981;24;;;10023;14;10027;24;;;10003.0;0.0
sideways_normal_s2;38600;INTARIAN_PEPPER_ROOT;12134;20;12130;8;;;12152;7;12155;20;;;12143.0;0.0
sideways_normal_s2;38600;ASH_COATED_OSMIUM;9983;9;9979;25;;;10023;12;10027;27;;;10003.0;0.0
sideways_normal_s2;38700;INTARIAN_PEPPER_ROOT;12140;14;12138;16;;;12146;22;12148;8;;;12143.0;0.0
sideways_normal_s2;38700;ASH_COATED_OSMIUM;9991;16;9988;19;;;10021;14;10024;25;;;10006.0;0.0
sideways_normal_s2;38800;INTARIAN_PEPPER_ROOT;12137;5;12134;17;;;12141;18;12145;25;;;12139.0;0.0
sideways_normal_s2;38800;ASH_COATED_OSMIUM;10000;15;9998;25;;;10010;12;10014;18;;;10005.0;0.0
sideways_normal_s2;38900;INTARIAN_PEPPER_ROOT;12138;23;12135;24;;;12140;21;12142;23;;;12139.0;0.0
sideways_normal_s2;38900;ASH_COATED_OSMIUM;10003;5;10001;22;;;10005;9;10008;8;;;10004.0;0.0
sideways_normal_s2;39000;INTARIAN_PEPPER_ROOT;12137;16;12134;18;;;12145;18;12148;20;;;12141.0;0.0
sideways_normal_s2;39000;ASH_COATED_OSMIUM;9999;16;9997;27;;;10005;22;10009;12;;;10002.0;0.0
sideways_normal_s2;39100;INTARIAN_PEPPER_ROOT;12133;23;12129;16;;;12149;17;12153;20;;;12141.0;0.0
sideways_normal_s2;39100;ASH_COATED_OSMIUM;9995;7;9991;14;;;10003;10;10007;21;;;9999.0;0.0
sideways_normal_s2;39200;INTARIAN_PEPPER_ROOT;12132;12;12128;14;;;12150;20;12153;9;;;12141.0;0.0
sideways_normal_s2;39200;ASH_COATED_OSMIUM;9974;11;9971;23;;;10016;17;10019;15;;;9995.0;0.0
sideways_normal_s2;39300;INTARIAN_PEPPER_ROOT;12140;21;12136;21;;;12144;15;12146;23;;;12142.0;0.0
sideways_normal_s2;39300;ASH_COATED_OSMIUM;9989;5;9985;17;;;10013;14;10017;16;;;10001.0;0.0
sideways_normal_s2;39400;INTARIAN_PEPPER_ROOT;12135;9;12131;15;;;12151;20;12154;21;;;12143.0;0.0
sideways_normal_s2;39400;ASH_COATED_OSMIUM;10001;5;9998;13;;;10007;7;10010;15;;;10004.0;0.0
sideways_normal_s2;39500;INTARIAN_PEPPER_ROOT;12141;12;12138;17;;;12145;15;12148;20;;;12143.0;0.0
sideways_normal_s2;39500;ASH_COATED_OSMIUM;10005;11;10003;16;;;10009;17;10012;11;;;10007.0;0.0
sideways_normal_s2;39600;INTARIAN_PEPPER_ROOT;12136;18;12134;15;;;12146;15;12150;22;;;12141.0;0.0
sideways_normal_s2;39600;ASH_COATED_OSMIUM;10010;11;10008;22;;;10020;13;10024;24;;;10015.0;0.0
sideways_normal_s2;39700;INTARIAN_PEPPER_ROOT;12139;18;12137;20;;;12143;10;12147;24;;;12141.0;0.0
sideways_normal_s2;39700;ASH_COATED_OSMIUM;10003;17;10001;18;;;10017;12;10021;18;;;10010.0;0.0
sideways_normal_s2;39800;INTARIAN_PEPPER_ROOT;12137;20;12133;20;;;12141;15;12143;17;;;12139.0;0.0
sideways_normal_s2;39800;ASH_COATED_OSMIUM;10011;11;10008;13;;;10013;22;10017;21;;;10012.0;0.0
sideways_normal_s2;39900;INTARIAN_PEPPER_ROOT;12138;12;12136;24;;;12140;15;12142;17;;;12139.0;0.0
sideways_normal_s2;39900;ASH_COATED_OSMIUM;9986;20;9982;17;;;10036;23;10038;15;;;10011.0;0.0
sideways_normal_s2;40000;INTARIAN_PEPPER_ROOT;12129;6;12125;12;;;12145;14;12148;22;;;12137.0;0.0
sideways_normal_s2;40000;ASH_COATED_OSMIUM;9997;11;9995;21;;;10019;19;10021;22;;;10008.0;0.0
sideways_normal_s2;40100;INTARIAN_PEPPER_ROOT;12116;23;12114;17;;;12158;14;12162;22;;;12137.0;0.0
sideways_normal_s2;40100;ASH_COATED_OSMIUM;10005;19;10002;11;;;10013;6;10016;20;;;10009.0;0.0
sideways_normal_s2;40200;INTARIAN_PEPPER_ROOT;12118;9;12116;21;;;12156;14;12158;21;;;12137.0;0.0
sideways_normal_s2;40200;ASH_COATED_OSMIUM;10005;11;10001;14;;;10019;10;10022;19;;;10012.0;0.0
sideways_normal_s2;40300;INTARIAN_PEPPER_ROOT;12134;16;12130;25;;;12136;14;12138;18;;;12135.0;0.0
sideways_normal_s2;40300;ASH_COATED_OSMIUM;10012;8;10008;12;;;10018;7;10021;12;;;10015.0;0.0
sideways_normal_s2;40400;INTARIAN_PEPPER_ROOT;12133;9;12130;16;;;12137;11;12140;16;;;12135.0;0.0
sideways_normal_s2;40400;ASH_COATED_OSMIUM;10008;8;10004;13;;;10014;17;10018;22;;;10011.0;0.0
sideways_normal_s2;40500;INTARIAN_PEPPER_ROOT;12129;17;12127;21;;;12135;10;12137;18;;;12132.0;0.0
sideways_normal_s2;40500;ASH_COATED_OSMIUM;9983;16;9980;19;;;10025;11;10028;20;;;10004.0;0.0
sideways_normal_s2;40600;INTARIAN_PEPPER_ROOT;12126;13;12124;17;;;12134;19;12136;18;;;12130.0;0.0
sideways_normal_s2;40600;ASH_COATED_OSMIUM;9978;11;9975;13;;;10020;12;10022;8;;;9999.0;0.0
sideways_normal_s2;40700;INTARIAN_PEPPER_ROOT;12118;12;12115;16;;;12138;8;12140;23;;;12128.0;0.0
sideways_normal_s2;40700;ASH_COATED_OSMIUM;9994;13;9991;14;;;10000;5;10002;10;;;9997.0;0.0
sideways_normal_s2;40800;INTARIAN_PEPPER_ROOT;12109;20;12107;15;;;12145;11;12149;21;;;12127.0;0.0
sideways_normal_s2;40800;ASH_COATED_OSMIUM;9997;12;9995;16;;;9999;9;10003;20;;;9998.0;0.0
sideways_normal_s2;40900;INTARIAN_PEPPER_ROOT;12124;14;12120;23;;;12128;11;12130;15;;;12126.0;0.0
sideways_normal_s2;40900;ASH_COATED_OSMIUM;9994;11;9991;14;;;9998;12;10000;18;;;9996.0;0.0
sideways_normal_s2;41000;INTARIAN_PEPPER_ROOT;12121;8;12119;17;;;12131;11;12134;17;;;12126.0;0.0
sideways_normal_s2;41000;ASH_COATED_OSMIUM;9997;21;9995;20;;;10001;10;10005;18;;;9999.0;0.0
sideways_normal_s2;41100;INTARIAN_PEPPER_ROOT;12124;14;12122;19;;;12126;10;12128;16;;;12125.0;0.0
sideways_normal_s2;41100;ASH_COATED_OSMIUM;9976;19;9973;20;;;10028;15;10031;20;;;10002.0;0.0
sideways_normal_s2;41200;INTARIAN_PEPPER_ROOT;12116;17;12112;16;;;12132;21;12134;14;;;12124.0;0.0
sideways_normal_s2;41200;ASH_COATED_OSMIUM;9991;20;9987;24;;;10005;13;10007;27;;;9998.0;0.0
sideways_normal_s2;41300;INTARIAN_PEPPER_ROOT;12119;11;12117;29;;;12125;16;12127;9;;;12122.0;0.0
sideways_normal_s2;41300;ASH_COATED_OSMIUM;9981;6;9978;21;;;10013;9;10015;18;;;9997.0;0.0
sideways_normal_s2;41400;INTARIAN_PEPPER_ROOT;12120;17;12116;22;;;12124;9;12128;28;;;12122.0;0.0
sideways_normal_s2;41400;ASH_COATED_OSMIUM;9995;13;9992;21;;;10001;12;10003;18;;;9998.0;0.0
sideways_normal_s2;41500;INTARIAN_PEPPER_ROOT;12107;25;12103;20;;;12135;8;12138;25;;;12121.0;0.0
sideways_normal_s2;41500;ASH_COATED_OSMIUM;9973;7;9971;21;;;10019;14;10022;14;;;9996.0;0.0
sideways_normal_s2;41600;INTARIAN_PEPPER_ROOT;12119;14;12115;17;;;12121;23;12123;24;;;12120.0;0.0
sideways_normal_s2;41600;ASH_COATED_OSMIUM;9991;16;9989;21;;;10001;13;10004;21;;;9996.0;0.0
sideways_normal_s2;41700;INTARIAN_PEPPER_ROOT;12118;14;12116;11;;;12120;18;12122;14;;;12119.0;0.0
sideways_normal_s2;41700;ASH_COATED_OSMIUM;9992;17;9988;18;;;9998;16;10001;14;;;9995.0;0.0
sideways_normal_s2;41800;INTARIAN_PEPPER_ROOT;12106;12;12102;21;;;12126;20;12130;26;;;12116.0;0.0
sideways_normal_s2;41800;ASH_COATED_OSMIUM;9991;14;9987;24;;;9997;19;10000;20;;;9994.0;0.0
sideways_normal_s2;41900;INTARIAN_PEPPER_ROOT;12098;9;12096;26;;;12132;20;12134;24;;;12115.0;0.0
sideways_normal_s2;41900;ASH_COATED_OSMIUM;9989;13;9986;14;;;10001;12;10004;19;;;9995.0;0.0
sideways_normal_s2;42000;INTARIAN_PEPPER_ROOT;12109;12;12107;17;;;12121;20;12125;19;;;12115.0;0.0
sideways_normal_s2;42000;ASH_COATED_OSMIUM;10000;9;9997;11;;;10002;5;10005;14;;;10001.0;0.0
sideways_normal_s2;42100;INTARIAN_PEPPER_ROOT;12109;17;12106;22;;;12115;24;12117;21;;;12112.0;0.0
sideways_normal_s2;42100;ASH_COATED_OSMIUM;9997;12;9993;20;;;9999;6;10001;23;;;9998.0;0.0
sideways_normal_s2;42200;INTARIAN_PEPPER_ROOT;12108;12;12104;23;;;12110;12;12112;19;;;12109.0;0.0
sideways_normal_s2;42200;ASH_COATED_OSMIUM;9995;17;9991;22;;;10001;16;10003;16;;;9998.0;0.0
sideways_normal_s2;42300;INTARIAN_PEPPER_ROOT;12104;16;12101;16;;;12112;11;12116;23;;;12108.0;0.0
sideways_normal_s2;42300;ASH_COATED_OSMIUM;9993;19;9990;13;;;10007;18;10009;16;;;10000.0;0.0
sideways_normal_s2;42400;INTARIAN_PEPPER_ROOT;12101;10;12097;27;;;12115;14;12117;27;;;12108.0;0.0
sideways_normal_s2;42400;ASH_COATED_OSMIUM;9996;15;9992;26;;;10004;14;10008;16;;;10000.0;0.0
sideways_normal_s2;42500;INTARIAN_PEPPER_ROOT;12104;18;12101;23;;;12108;8;12110;16;;;12106.0;0.0
sideways_normal_s2;42500;ASH_COATED_OSMIUM;9991;9;9988;23;;;10007;8;10009;16;;;9999.0;0.0
sideways_normal_s2;42600;INTARIAN_PEPPER_ROOT;12099;17;12096;18;;;12107;11;12111;23;;;12103.0;0.0
sideways_normal_s2;42600;ASH_COATED_OSMIUM;9979;17;9976;17;;;10017;11;10019;20;;;9998.0;0.0
sideways_normal_s2;42700;INTARIAN_PEPPER_ROOT;12102;19;12099;17;;;12104;12;12106;20;;;12103.0;0.0
sideways_normal_s2;42700;ASH_COATED_OSMIUM;9983;6;9979;31;;;10005;12;10007;21;;;9994.0;0.0
sideways_normal_s2;42800;INTARIAN_PEPPER_ROOT;12089;16;12085;25;;;12113;12;12117;18;;;12101.0;0.0
sideways_normal_s2;42800;ASH_COATED_OSMIUM;9992;14;9989;19;;;10000;8;10003;20;;;9996.0;0.0
sideways_normal_s2;42900;INTARIAN_PEPPER_ROOT;12066;10;12063;13;;;12134;22;12136;21;;;12100.0;0.0
sideways_normal_s2;42900;ASH_COATED_OSMIUM;9989;19;9987;13;;;10005;18;10009;14;;;9997.0;0.0
sideways_normal_s2;43000;INTARIAN_PEPPER_ROOT;12098;21;12094;19;;;12102;22;12105;16;;;12100.0;0.0
sideways_normal_s2;43000;ASH_COATED_OSMIUM;9999;10;9995;22;;;10001;10;10005;8;;;10000.0;0.0
sideways_normal_s2;43100;INTARIAN_PEPPER_ROOT;12097;19;12093;15;;;12099;18;12103;24;;;12098.0;0.0
sideways_normal_s2;43100;ASH_COATED_OSMIUM;9984;21;9980;14;;;10010;8;10012;21;;;9997.0;0.0
sideways_normal_s2;43200;INTARIAN_PEPPER_ROOT;12090;14;12088;19;;;12104;13;12108;18;;;12097.0;0.0
sideways_normal_s2;43200;ASH_COATED_OSMIUM;9987;11;9984;23;;;9993;10;9997;20;;;9990.0;0.0
sideways_normal_s2;43300;INTARIAN_PEPPER_ROOT;12095;8;12091;22;;;12099;23;12102;21;;;12097.0;0.0
sideways_normal_s2;43300;ASH_COATED_OSMIUM;9982;23;9979;12;;;9990;5;9993;15;;;9986.0;0.0
sideways_normal_s2;43400;INTARIAN_PEPPER_ROOT;12095;17;12092;17;;;12097;17;12101;23;;;12096.0;0.0
sideways_normal_s2;43400;ASH_COATED_OSMIUM;9985;11;9982;12;;;9995;12;9998;20;;;9990.0;0.0
sideways_normal_s2;43500;INTARIAN_PEPPER_ROOT;12092;20;12089;13;;;12094;16;12096;23;;;12093.0;0.0
sideways_normal_s2;43500;ASH_COATED_OSMIUM;9994;6;9990;17;;;9998;16;10000;16;;;9996.0;0.0
sideways_normal_s2;43600;INTARIAN_PEPPER_ROOT;12090;11;12087;14;;;12092;16;12095;17;;;12091.0;0.0
sideways_normal_s2;43600;ASH_COATED_OSMIUM;9988;17;9985;13;;;9998;11;10000;17;;;9993.0;0.0
sideways_normal_s2;43700;INTARIAN_PEPPER_ROOT;12051;23;12049;11;;;12125;5;12128;22;;;12088.0;0.0
sideways_normal_s2;43700;ASH_COATED_OSMIUM;9996;8;9993;26;;;9998;7;10002;22;;;9997.0;0.0
sideways_normal_s2;43800;INTARIAN_PEPPER_ROOT;12087;11;12083;22;;;12091;8;12095;23;;;12089.0;0.0
sideways_normal_s2;43800;ASH_COATED_OSMIUM;9991;9;9989;19;;;10005;20;10007;20;;;9998.0;0.0
sideways_normal_s2;43900;INTARIAN_PEPPER_ROOT;12072;17;12070;15;;;12102;10;12106;24;;;12087.0;0.0
sideways_normal_s2;43900;ASH_COATED_OSMIUM;9986;13;9983;20;;;10006;10;10010;21;;;9996.0;0.0
sideways_normal_s2;44000;INTARIAN_PEPPER_ROOT;12086;15;12084;15;;;12088;15;12091;17;;;12087.0;0.0
sideways_normal_s2;44000;ASH_COATED_OSMIUM;9995;7;9993;17;;;9997;11;10001;30;;;9996.0;0.0
sideways_normal_s2;44100;INTARIAN_PEPPER_ROOT;12079;12;12076;10;;;12095;17;12098;28;;;12087.0;0.0
sideways_normal_s2;44100;ASH_COATED_OSMIUM;9997;19;9995;15;;;9999;15;10003;12;;;9998.0;0.0
sideways_normal_s2;44200;INTARIAN_PEPPER_ROOT;12083;15;12081;24;;;12087;18;12091;18;;;12085.0;0.0
sideways_normal_s2;44200;ASH_COATED_OSMIUM;9981;11;9977;15;;;10015;12;10017;16;;;9998.0;0.0
sideways_normal_s2;44300;INTARIAN_PEPPER_ROOT;12075;16;12072;8;;;12091;7;12095;13;;;12083.0;0.0
sideways_normal_s2;44300;ASH_COATED_OSMIUM;9990;18;9986;27;;;10012;11;10014;20;;;10001.0;0.0
sideways_normal_s2;44400;INTARIAN_PEPPER_ROOT;12081;8;12078;24;;;12083;11;12087;12;;;12082.0;0.0
sideways_normal_s2;44400;ASH_COATED_OSMIUM;9994;19;9992;21;;;10008;9;10012;12;;;10001.0;0.0
sideways_normal_s2;44500;INTARIAN_PEPPER_ROOT;12077;15;12074;17;;;12079;19;12082;18;;;12078.0;0.0
sideways_normal_s2;44500;ASH_COATED_OSMIUM;9997;18;9995;16;;;9999;11;10001;24;;;9998.0;0.0
sideways_normal_s2;44600;INTARIAN_PEPPER_ROOT;12074;12;12072;25;;;12078;11;12081;22;;;12076.0;0.0
sideways_normal_s2;44600;ASH_COATED_OSMIUM;9994;8;9991;16;;;10004;12;10006;23;;;9999.0;0.0
sideways_normal_s2;44700;INTARIAN_PEPPER_ROOT;12073;15;12069;22;;;12075;22;12079;23;;;12074.0;0.0
sideways_normal_s2;44700;ASH_COATED_OSMIUM;9997;13;9995;14;;;10009;15;10013;21;;;10003.0;0.0
sideways_normal_s2;44800;INTARIAN_PEPPER_ROOT;12052;24;12050;13;;;12092;13;12095;19;;;12072.0;0.0
sideways_normal_s2;44800;ASH_COATED_OSMIUM;9991;10;9989;11;;;10011;5;10014;17;;;10001.0;0.0
sideways_normal_s2;44900;INTARIAN_PEPPER_ROOT;12052;9;12049;27;;;12090;20;12094;16;;;12071.0;0.0
sideways_normal_s2;44900;ASH_COATED_OSMIUM;9999;12;9997;25;;;10001;8;10004;15;;;10000.0;0.0
sideways_normal_s2;45000;INTARIAN_PEPPER_ROOT;12070;18;12066;18;;;12076;11;12080;21;;;12073.0;0.0
sideways_normal_s2;45000;ASH_COATED_OSMIUM;9992;16;9989;25;;;10004;12;10006;16;;;9998.0;0.0
sideways_normal_s2;45100;INTARIAN_PEPPER_ROOT;12067;18;12064;16;;;12073;11;12076;26;;;12070.0;0.0
sideways_normal_s2;45100;ASH_COATED_OSMIUM;9996;9;9992;14;;;10002;11;10006;29;;;9999.0;0.0
sideways_normal_s2;45200;INTARIAN_PEPPER_ROOT;12067;10;12064;17;;;12071;22;12075;14;;;12069.0;0.0
sideways_normal_s2;45200;ASH_COATED_OSMIUM;9994;10;9992;28;;;10002;24;10006;27;;;9998.0;0.0
sideways_normal_s2;45300;INTARIAN_PEPPER_ROOT;12066;12;12063;12;;;12068;20;12072;25;;;12067.0;0.0
sideways_normal_s2;45300;ASH_COATED_OSMIUM;9984;6;9982;20;;;10008;11;10012;25;;;9996.0;0.0
sideways_normal_s2;45400;INTARIAN_PEPPER_ROOT;12064;13;12062;30;;;12068;22;12071;16;;;12066.0;0.0
sideways_normal_s2;45400;ASH_COATED_OSMIUM;9995;16;9991;29;;;9999;16;10003;24;;;9997.0;0.0
sideways_normal_s2;45500;INTARIAN_PEPPER_ROOT;12063;10;12060;27;;;12067;21;12071;21;;;12065.0;0.0
sideways_normal_s2;45500;ASH_COATED_OSMIUM;9993;11;9990;18;;;9995;16;9998;16;;;9994.0;0.0
sideways_normal_s2;45600;INTARIAN_PEPPER_ROOT;12061;19;12059;16;;;12063;19;12066;19;;;12062.0;0.0
sideways_normal_s2;45600;ASH_COATED_OSMIUM;9997;18;9993;21;;;10001;13;10004;12;;;9999.0;0.0
sideways_normal_s2;45700;INTARIAN_PEPPER_ROOT;12059;5;12055;29;;;12061;15;12064;17;;;12060.0;0.0
sideways_normal_s2;45700;ASH_COATED_OSMIUM;10000;11;9997;28;;;10002;12;10005;17;;;10001.0;0.0
sideways_normal_s2;45800;INTARIAN_PEPPER_ROOT;12046;12;12044;12;;;12070;22;12073;20;;;12058.0;0.0
sideways_normal_s2;45800;ASH_COATED_OSMIUM;9970;13;9968;26;;;10034;13;10038;22;;;10002.0;0.0
sideways_normal_s2;45900;INTARIAN_PEPPER_ROOT;12054;11;12052;17;;;12058;15;12061;22;;;12056.0;0.0
sideways_normal_s2;45900;ASH_COATED_OSMIUM;9996;5;9994;10;;;10014;6;10017;25;;;10005.0;0.0
sideways_normal_s2;46000;INTARIAN_PEPPER_ROOT;12050;14;12046;17;;;12056;8;12058;24;;;12053.0;0.0
sideways_normal_s2;46000;ASH_COATED_OSMIUM;10004;28;10002;15;;;10006;13;10010;26;;;10005.0;0.0
sideways_normal_s2;46100;INTARIAN_PEPPER_ROOT;12044;12;12042;34;;;12060;5;12062;22;;;12052.0;0.0
sideways_normal_s2;46100;ASH_COATED_OSMIUM;9981;16;9977;9;;;10027;28;10029;16;;;10004.0;0.0
sideways_normal_s2;46200;INTARIAN_PEPPER_ROOT;12044;8;12041;15;;;12058;16;12061;23;;;12051.0;0.0
sideways_normal_s2;46200;ASH_COATED_OSMIUM;9987;26;9985;11;;;10031;11;10034;22;;;10009.0;0.0
sideways_normal_s2;46300;INTARIAN_PEPPER_ROOT;12039;16;12035;13;;;12055;8;12059;26;;;12047.0;0.0
sideways_normal_s2;46300;ASH_COATED_OSMIUM;10004;18;10002;21;;;10018;12;10021;15;;;10011.0;0.0
sideways_normal_s2;46400;INTARIAN_PEPPER_ROOT;12043;5;12040;20;;;12053;10;12055;26;;;12048.0;0.0
sideways_normal_s2;46400;ASH_COATED_OSMIUM;10004;8;10000;20;;;10012;15;10015;17;;;10008.0;0.0
sideways_normal_s2;46500;INTARIAN_PEPPER_ROOT;12036;19;12034;20;;;12056;15;12060;20;;;12046.0;0.0
sideways_normal_s2;46500;ASH_COATED_OSMIUM;9961;20;9957;16;;;10049;30;10052;20;;;10005.0;0.0
sideways_normal_s2;46600;INTARIAN_PEPPER_ROOT;12029;19;12025;18;;;12057;13;12061;20;;;12043.0;0.0
sideways_normal_s2;46600;ASH_COATED_OSMIUM;9983;5;9979;21;;;10029;17;10031;17;;;10006.0;0.0
sideways_normal_s2;46700;INTARIAN_PEPPER_ROOT;12040;13;12036;10;;;12042;12;12046;20;;;12041.0;0.0
sideways_normal_s2;46700;ASH_COATED_OSMIUM;9999;8;9995;16;;;10011;12;10014;20;;;10005.0;0.0
sideways_normal_s2;46800;INTARIAN_PEPPER_ROOT;12029;12;12027;22;;;12051;12;12055;21;;;12040.0;0.0
sideways_normal_s2;46800;ASH_COATED_OSMIUM;9998;13;9994;16;;;10010;12;10013;27;;;10004.0;0.0
sideways_normal_s2;46900;INTARIAN_PEPPER_ROOT;12040;12;12038;23;;;12042;7;12046;27;;;12041.0;0.0
sideways_normal_s2;46900;ASH_COATED_OSMIUM;9990;15;9988;14;;;10030;5;10033;21;;;10010.0;0.0
sideways_normal_s2;47000;INTARIAN_PEPPER_ROOT;12033;20;12030;22;;;12043;10;12045;19;;;12038.0;0.0
sideways_normal_s2;47000;ASH_COATED_OSMIUM;10004;12;10002;16;;;10014;11;10016;23;;;10009.0;0.0
sideways_normal_s2;47100;INTARIAN_PEPPER_ROOT;12035;15;12031;27;;;12037;7;12040;20;;;12036.0;0.0
sideways_normal_s2;47100;ASH_COATED_OSMIUM;10003;16;9999;19;;;10019;5;10021;16;;;10011.0;0.0
sideways_normal_s2;47200;INTARIAN_PEPPER_ROOT;12024;8;12021;20;;;12046;11;12049;18;;;12035.0;0.0
sideways_normal_s2;47200;ASH_COATED_OSMIUM;9994;5;9990;15;;;10040;15;10044;17;;;10017.0;0.0
sideways_normal_s2;47300;INTARIAN_PEPPER_ROOT;12031;13;12029;14;;;12037;12;12039;13;;;12034.0;0.0
sideways_normal_s2;47300;ASH_COATED_OSMIUM;10015;7;10011;19;;;10021;12;10023;21;;;10018.0;0.0
sideways_normal_s2;47400;INTARIAN_PEPPER_ROOT;12025;10;12022;15;;;12039;17;12042;11;;;12032.0;0.0
sideways_normal_s2;47400;ASH_COATED_OSMIUM;10017;10;10014;24;;;10019;15;10021;20;;;10018.0;0.0
sideways_normal_s2;47500;INTARIAN_PEPPER_ROOT;12028;18;12025;16;;;12034;15;12038;20;;;12031.0;0.0
sideways_normal_s2;47500;ASH_COATED_OSMIUM;10014;17;10010;16;;;10018;7;10021;16;;;10016.0;0.0
sideways_normal_s2;47600;INTARIAN_PEPPER_ROOT;12026;12;12022;27;;;12030;19;12032;15;;;12028.0;0.0
sideways_normal_s2;47600;ASH_COATED_OSMIUM;10002;18;9998;16;;;10030;15;10034;15;;;10016.0;0.0
sideways_normal_s2;47700;INTARIAN_PEPPER_ROOT;12023;17;12019;13;;;12025;15;12029;17;;;12024.0;0.0
sideways_normal_s2;47700;ASH_COATED_OSMIUM;10009;14;10005;17;;;10023;14;10027;11;;;10016.0;0.0
sideways_normal_s2;47800;INTARIAN_PEPPER_ROOT;12007;20;12005;17;;;12039;16;12043;22;;;12023.0;0.0
sideways_normal_s2;47800;ASH_COATED_OSMIUM;10013;12;10011;12;;;10015;20;10019;14;;;10014.0;0.0
sideways_normal_s2;47900;INTARIAN_PEPPER_ROOT;12008;8;12004;22;;;12036;15;12038;16;;;12022.0;0.0
sideways_normal_s2;47900;ASH_COATED_OSMIUM;10001;9;9999;32;;;10021;12;10024;24;;;10011.0;0.0
sideways_normal_s2;48000;INTARIAN_PEPPER_ROOT;12011;17;12007;13;;;12031;11;12034;22;;;12021.0;0.0
sideways_normal_s2;48000;ASH_COATED_OSMIUM;9999;19;9995;16;;;10023;5;10026;19;;;10011.0;0.0
sideways_normal_s2;48100;INTARIAN_PEPPER_ROOT;12008;12;12005;25;;;12026;16;12030;22;;;12017.0;0.0
sideways_normal_s2;48100;ASH_COATED_OSMIUM;10004;19;10000;16;;;10008;10;10011;17;;;10006.0;0.0
sideways_normal_s2;48200;INTARIAN_PEPPER_ROOT;12013;13;12009;21;;;12017;15;12020;20;;;12015.0;0.0
sideways_normal_s2;48200;ASH_COATED_OSMIUM;9999;8;9997;22;;;10011;5;10013;30;;;10005.0;0.0
sideways_normal_s2;48300;INTARIAN_PEPPER_ROOT;12009;17;12006;12;;;12021;10;12023;21;;;12015.0;0.0
sideways_normal_s2;48300;ASH_COATED_OSMIUM;10001;20;9999;19;;;10007;11;10009;17;;;10004.0;0.0
sideways_normal_s2;48400;INTARIAN_PEPPER_ROOT;12006;17;12003;20;;;12018;12;12020;20;;;12012.0;0.0
sideways_normal_s2;48400;ASH_COATED_OSMIUM;10002;22;10000;20;;;10004;11;10006;22;;;10003.0;0.0
sideways_normal_s2;48500;INTARIAN_PEPPER_ROOT;11996;18;11993;19;;;12026;12;12028;17;;;12011.0;0.0
sideways_normal_s2;48500;ASH_COATED_OSMIUM;9989;18;9985;13;;;10009;6;10012;8;;;9999.0;0.0
sideways_normal_s2;48600;INTARIAN_PEPPER_ROOT;12008;16;12006;20;;;12010;12;12012;11;;;12009.0;0.0
sideways_normal_s2;48600;ASH_COATED_OSMIUM;9968;10;9964;17;;;10024;11;10028;24;;;9996.0;0.0
sideways_normal_s2;48700;INTARIAN_PEPPER_ROOT;11999;20;11997;17;;;12015;17;12017;21;;;12007.0;0.0
sideways_normal_s2;48700;ASH_COATED_OSMIUM;9993;8;9989;15;;;10003;9;10005;19;;;9998.0;0.0
sideways_normal_s2;48800;INTARIAN_PEPPER_ROOT;12002;9;11998;13;;;12004;13;12007;26;;;12003.0;0.0
sideways_normal_s2;48800;ASH_COATED_OSMIUM;10002;13;9999;21;;;10006;16;10010;19;;;10004.0;0.0
sideways_normal_s2;48900;INTARIAN_PEPPER_ROOT;11995;12;11993;25;;;12013;19;12016;18;;;12004.0;0.0
sideways_normal_s2;48900;ASH_COATED_OSMIUM;9981;5;9979;20;;;10031;9;10033;17;;;10006.0;0.0
sideways_normal_s2;49000;INTARIAN_PEPPER_ROOT;11991;24;11987;20;;;12009;12;12013;22;;;12000.0;0.0
sideways_normal_s2;49000;ASH_COATED_OSMIUM;9999;11;9996;22;;;10009;13;10013;15;;;10004.0;0.0
sideways_normal_s2;49100;INTARIAN_PEPPER_ROOT;11996;5;11994;19;;;11998;10;12002;20;;;11997.0;0.0
sideways_normal_s2;49100;ASH_COATED_OSMIUM;9995;15;9993;31;;;10009;10;10012;18;;;10002.0;0.0
sideways_normal_s2;49200;INTARIAN_PEPPER_ROOT;11983;17;11981;21;;;12007;11;12010;19;;;11995.0;0.0
sideways_normal_s2;49200;ASH_COATED_OSMIUM;9992;12;9989;23;;;9998;5;10002;18;;;9995.0;0.0
sideways_normal_s2;49300;INTARIAN_PEPPER_ROOT;11993;13;11990;21;;;11997;23;11999;10;;;11995.0;0.0
sideways_normal_s2;49300;ASH_COATED_OSMIUM;9968;14;9964;21;;;10016;16;10020;25;;;9992.0;0.0
sideways_normal_s2;49400;INTARIAN_PEPPER_ROOT;11992;14;11988;21;;;11994;25;11996;22;;;11993.0;0.0
sideways_normal_s2;49400;ASH_COATED_OSMIUM;9978;5;9974;16;;;10010;5;10013;18;;;9994.0;0.0
sideways_normal_s2;49500;INTARIAN_PEPPER_ROOT;11992;18;11989;18;;;11994;11;11998;13;;;11993.0;0.0
sideways_normal_s2;49500;ASH_COATED_OSMIUM;9993;11;9989;22;;;10003;11;10006;27;;;9998.0;0.0
sideways_normal_s2;49600;INTARIAN_PEPPER_ROOT;11991;12;11987;23;;;11993;9;11995;23;;;11992.0;0.0
sideways_normal_s2;49600;ASH_COATED_OSMIUM;9979;10;9977;19;;;10015;20;10017;23;;;9997.0;0.0
sideways_normal_s2;49700;INTARIAN_PEPPER_ROOT;11983;5;11979;16;;;11997;13;11999;16;;;11990.0;0.0
sideways_normal_s2;49700;ASH_COATED_OSMIUM;9984;19;9981;26;;;10008;24;10010;16;;;9996.0;0.0
sideways_normal_s2;49800;INTARIAN_PEPPER_ROOT;11979;15;11977;20;;;11999;16;12003;20;;;11989.0;0.0
sideways_normal_s2;49800;ASH_COATED_OSMIUM;9996;10;9993;16;;;9998;10;10000;22;;;9997.0;0.0
sideways_normal_s2;49900;INTARIAN_PEPPER_ROOT;11987;11;11985;8;;;11991;8;11995;17;;;11989.0;0.0
sideways_normal_s2;49900;ASH_COATED_OSMIUM;9995;12;9993;25;;;9999;10;10001;15;;;9997.0;0.0
sideways_normal_s2;50000;INTARIAN_PEPPER_ROOT;11984;13;11982;28;;;11990;14;11993;12;;;11987.0;0.0
sideways_normal_s2;50000;ASH_COATED_OSMIUM;9988;11;9985;30;;;10006;24;10009;29;;;9997.0;0.0
sideways_normal_s2;50100;INTARIAN_PEPPER_ROOT;11964;9;11962;24;;;12006;9;12010;11;;;11985.0;0.0
sideways_normal_s2;50100;ASH_COATED_OSMIUM;9991;17;9987;20;;;9997;23;10001;23;;;9994.0;0.0
sideways_normal_s2;50200;INTARIAN_PEPPER_ROOT;11967;13;11964;19;;;12001;10;12004;21;;;11984.0;0.0
sideways_normal_s2;50200;ASH_COATED_OSMIUM;9984;8;9981;18;;;10008;22;10012;25;;;9996.0;0.0
sideways_normal_s2;50300;INTARIAN_PEPPER_ROOT;11959;11;11957;11;;;12007;10;12009;20;;;11983.0;0.0
sideways_normal_s2;50300;ASH_COATED_OSMIUM;9994;15;9992;18;;;9996;12;9999;23;;;9995.0;0.0
sideways_normal_s2;50400;INTARIAN_PEPPER_ROOT;11978;13;11975;33;;;11982;9;11985;25;;;11980.0;0.0
sideways_normal_s2;50400;ASH_COATED_OSMIUM;9994;5;9992;19;;;9996;15;10000;23;;;9995.0;0.0
sideways_normal_s2;50500;INTARIAN_PEPPER_ROOT;11976;17;11973;20;;;11982;16;11986;26;;;11979.0;0.0
sideways_normal_s2;50500;ASH_COATED_OSMIUM;9992;17;9990;15;;;10006;9;10009;17;;;9999.0;0.0
sideways_normal_s2;50600;INTARIAN_PEPPER_ROOT;11970;14;11967;21;;;11982;5;11985;11;;;11976.0;0.0
sideways_normal_s2;50600;ASH_COATED_OSMIUM;9986;12;9982;11;;;10020;17;10023;17;;;10003.0;0.0
sideways_normal_s2;50700;INTARIAN_PEPPER_ROOT;11963;17;11961;21;;;11991;16;11993;17;;;11977.0;0.0
sideways_normal_s2;50700;ASH_COATED_OSMIUM;9992;12;9988;32;;;10010;12;10013;12;;;10001.0;0.0
sideways_normal_s2;50800;INTARIAN_PEPPER_ROOT;11973;10;11969;27;;;11977;24;11981;24;;;11975.0;0.0
sideways_normal_s2;50800;ASH_COATED_OSMIUM;9993;18;9989;20;;;10011;5;10015;25;;;10002.0;0.0
sideways_normal_s2;50900;INTARIAN_PEPPER_ROOT;11959;15;11955;22;;;11983;10;11986;23;;;11971.0;0.0
sideways_normal_s2;50900;ASH_COATED_OSMIUM;9988;7;9985;18;;;10014;11;10017;20;;;10001.0;0.0
sideways_normal_s2;51000;INTARIAN_PEPPER_ROOT;11942;26;11940;18;;;11998;11;12000;28;;;11970.0;0.0
sideways_normal_s2;51000;ASH_COATED_OSMIUM;9990;18;9988;20;;;10006;5;10010;23;;;9998.0;0.0
sideways_normal_s2;51100;INTARIAN_PEPPER_ROOT;11967;16;11964;16;;;11969;14;11973;12;;;11968.0;0.0
sideways_normal_s2;51100;ASH_COATED_OSMIUM;9981;9;9979;18;;;10013;10;10017;17;;;9997.0;0.0
sideways_normal_s2;51200;INTARIAN_PEPPER_ROOT;11966;26;11963;30;;;11968;13;11970;17;;;11967.0;0.0
sideways_normal_s2;51200;ASH_COATED_OSMIUM;9998;9;9995;21;;;10000;18;10004;16;;;9999.0;0.0
sideways_normal_s2;51300;INTARIAN_PEPPER_ROOT;11965;13;11963;24;;;11967;7;11971;19;;;11966.0;0.0
sideways_normal_s2;51300;ASH_COATED_OSMIUM;9981;7;9978;24;;;10009;12;10011;16;;;9995.0;0.0
sideways_normal_s2;51400;INTARIAN_PEPPER_ROOT;11948;25;11946;21;;;11978;22;11980;18;;;11963.0;0.0
sideways_normal_s2;51400;ASH_COATED_OSMIUM;9990;11;9986;18;;;10002;11;10006;10;;;9996.0;0.0
sideways_normal_s2;51500;INTARIAN_PEPPER_ROOT;11959;12;11955;22;;;11963;19;11965;22;;;11961.0;0.0
sideways_normal_s2;51500;ASH_COATED_OSMIUM;10002;9;9998;26;;;10004;20;10006;12;;;10003.0;0.0
sideways_normal_s2;51600;INTARIAN_PEPPER_ROOT;11937;11;11935;22;;;11979;15;11981;22;;;11958.0;0.0
sideways_normal_s2;51600;ASH_COATED_OSMIUM;10002;20;9998;10;;;10004;9;10008;15;;;10003.0;0.0
sideways_normal_s2;51700;INTARIAN_PEPPER_ROOT;11955;19;11951;13;;;11957;17;11960;18;;;11956.0;0.0
sideways_normal_s2;51700;ASH_COATED_OSMIUM;10006;10;10002;18;;;10008;11;10012;21;;;10007.0;0.0
sideways_normal_s2;51800;INTARIAN_PEPPER_ROOT;11948;9;11945;19;;;11962;19;11966;21;;;11955.0;0.0
sideways_normal_s2;51800;ASH_COATED_OSMIUM;10006;14;10003;22;;;10008;16;10010;10;;;10007.0;0.0
sideways_normal_s2;51900;INTARIAN_PEPPER_ROOT;11947;13;11944;15;;;11953;19;11956;13;;;11950.0;0.0
sideways_normal_s2;51900;ASH_COATED_OSMIUM;9997;16;9994;11;;;10017;15;10020;25;;;10007.0;0.0
sideways_normal_s2;52000;INTARIAN_PEPPER_ROOT;11948;12;11944;17;;;11950;11;11952;15;;;11949.0;0.0
sideways_normal_s2;52000;ASH_COATED_OSMIUM;9991;15;9988;18;;;10019;18;10021;19;;;10005.0;0.0
sideways_normal_s2;52100;INTARIAN_PEPPER_ROOT;11926;16;11924;20;;;11968;12;11972;12;;;11947.0;0.0
sideways_normal_s2;52100;ASH_COATED_OSMIUM;10001;10;9999;11;;;10009;10;10011;19;;;10005.0;0.0
sideways_normal_s2;52200;INTARIAN_PEPPER_ROOT;11921;6;11919;17;;;11967;14;11970;20;;;11944.0;0.0
sideways_normal_s2;52200;ASH_COATED_OSMIUM;9996;11;9994;15;;;10014;14;10017;19;;;10005.0;0.0
sideways_normal_s2;52300;INTARIAN_PEPPER_ROOT;11926;13;11922;13;;;11960;13;11963;22;;;11943.0;0.0
sideways_normal_s2;52300;ASH_COATED_OSMIUM;10002;12;9999;20;;;10004;14;10006;15;;;10003.0;0.0
sideways_normal_s2;52400;INTARIAN_PEPPER_ROOT;11927;14;11923;17;;;11961;9;11965;17;;;11944.0;0.0
sideways_normal_s2;52400;ASH_COATED_OSMIUM;9996;17;9993;23;;;10004;16;10006;22;;;10000.0;0.0
sideways_normal_s2;52500;INTARIAN_PEPPER_ROOT;11941;18;11937;21;;;11943;9;11945;24;;;11942.0;0.0
sideways_normal_s2;52500;ASH_COATED_OSMIUM;9976;13;9972;13;;;10028;10;10032;30;;;10002.0;0.0
