day;timestamp;product;bid_price_1;bid_volume_1;bid_price_2;bid_volume_2;bid_price_3;bid_volume_3;ask_price_1;ask_volume_1;ask_price_2;ask_volume_2;ask_price_3;ask_volume_3;mid_price;profit_and_loss
sideways_normal_s0;0;INTARIAN_PEPPER_ROOT;11497;15;11494;17;;;11505;20;11509;22;;;11501.0;0.0
sideways_normal_s0;0;ASH_COATED_OSMIUM;9998;17;9994;19;;;10000;11;10004;15;;;9999.0;0.0
sideways_normal_s0;100;INTARIAN_PEPPER_ROOT;11494;20;11490;15;;;11516;20;11518;18;;;11505.0;0.0
sideways_normal_s0;100;ASH_COATED_OSMIUM;9998;8;9996;23;;;10000;16;10003;17;;;9999.0;0.0
sideways_normal_s0;200;INTARIAN_PEPPER_ROOT;11503;8;11500;13;;;11517;23;11521;31;;;11510.0;0.0
sideways_normal_s0;200;ASH_COATED_OSMIUM;9993;15;9989;23;;;10001;5;10005;17;;;9997.0;0.0
sideways_normal_s0;300;INTARIAN_PEPPER_ROOT;11514;17;11512;27;;;11516;14;11519;19;;;11515.0;0.0
sideways_normal_s0;300;ASH_COATED_OSMIUM;9984;16;9982;22;;;10020;11;10024;28;;;10002.0;0.0
sideways_normal_s0;400;INTARIAN_PEPPER_ROOT;11519;22;11515;25;;;11523;14;11526;22;;;11521.0;0.0
sideways_normal_s0;400;ASH_COATED_OSMIUM;9988;19;9984;27;;;10016;7;10019;26;;;10002.0;0.0
sideways_normal_s0;500;INTARIAN_PEPPER_ROOT;11523;18;11519;22;;;11525;21;11527;18;;;11524.0;0.0
sideways_normal_s0;500;ASH_COATED_OSMIUM;9995;18;9992;20;;;10009;18;10011;24;;;10002.0;0.0
sideways_normal_s0;600;INTARIAN_PEPPER_ROOT;11513;21;11509;21;;;11543;27;11546;13;;;11528.0;0.0
sideways_normal_s0;600;ASH_COATED_OSMIUM;9989;9;9985;14;;;10007;8;10009;20;;;9998.0;0.0
sideways_normal_s0;700;INTARIAN_PEPPER_ROOT;11528;8;11526;13;;;11534;22;11538;19;;;11531.0;0.0
sideways_normal_s0;700;ASH_COATED_OSMIUM;9998;19;9994;23;;;10006;13;10009;18;;;10002.0;0.0
sideways_normal_s0;800;INTARIAN_PEPPER_ROOT;11529;21;11526;26;;;11541;14;11544;12;;;11535.0;0.0
sideways_normal_s0;800;ASH_COATED_OSMIUM;10001;9;9997;28;;;10009;11;10011;16;;;10005.0;0.0
sideways_normal_s0;900;INTARIAN_PEPPER_ROOT;11537;17;11533;19;;;11539;5;11542;14;;;11538.0;0.0
sideways_normal_s0;900;ASH_COATED_OSMIUM;10003;12;9999;16;;;10005;14;10009;20;;;10004.0;0.0
sideways_normal_s0;1000;INTARIAN_PEPPER_ROOT;11539;17;11537;21;;;11547;19;11550;23;;;11543.0;0.0
sideways_normal_s0;1000;ASH_COATED_OSMIUM;9995;11;9993;23;;;10009;5;10011;12;;;10002.0;0.0
sideways_normal_s0;1100;INTARIAN_PEPPER_ROOT;11546;23;11542;18;;;11548;12;11551;15;;;11547.0;0.0
sideways_normal_s0;1100;ASH_COATED_OSMIUM;9995;10;9991;19;;;10007;11;10010;20;;;10001.0;0.0
sideways_normal_s0;1200;INTARIAN_PEPPER_ROOT;11551;11;11549;22;;;11553;9;11557;23;;;11552.0;0.0
sideways_normal_s0;1200;ASH_COATED_OSMIUM;9987;17;9985;19;;;10005;18;10009;15;;;9996.0;0.0
sideways_normal_s0;1300;INTARIAN_PEPPER_ROOT;11531;5;11528;18;;;11579;19;11583;15;;;11555.0;0.0
sideways_normal_s0;1300;ASH_COATED_OSMIUM;9999;8;9995;16;;;10003;15;10005;25;;;10001.0;0.0
sideways_normal_s0;1400;INTARIAN_PEPPER_ROOT;11550;12;11547;26;;;11568;6;11571;26;;;11559.0;0.0
sideways_normal_s0;1400;ASH_COATED_OSMIUM;9998;11;9996;29;;;10004;10;10006;16;;;10001.0;0.0
sideways_normal_s0;1500;INTARIAN_PEPPER_ROOT;11551;11;11547;25;;;11575;9;11577;25;;;11563.0;0.0
sideways_normal_s0;1500;ASH_COATED_OSMIUM;9983;13;9980;28;;;10019;17;10022;28;;;10001.0;0.0
sideways_normal_s0;1600;INTARIAN_PEPPER_ROOT;11563;15;11559;20;;;11573;8;11575;25;;;11568.0;0.0
sideways_normal_s0;1600;ASH_COATED_OSMIUM;9993;11;9989;21;;;10017;10;10021;14;;;10005.0;0.0
sideways_normal_s0;1700;INTARIAN_PEPPER_ROOT;11570;11;11568;20;;;11572;5;11575;26;;;11571.0;0.0
sideways_normal_s0;1700;ASH_COATED_OSMIUM;10001;8;9998;21;;;10003;15;10006;19;;;10002.0;0.0
sideways_normal_s0;1800;INTARIAN_PEPPER_ROOT;11575;17;11572;29;;;11577;23;11580;16;;;11576.0;0.0
sideways_normal_s0;1800;ASH_COATED_OSMIUM;10000;16;9996;20;;;10002;13;10005;9;;;10001.0;0.0
sideways_normal_s0;1900;INTARIAN_PEPPER_ROOT;11575;25;11573;18;;;11581;5;11584;14;;;11578.0;0.0
sideways_normal_s0;1900;ASH_COATED_OSMIUM;9976;9;9974;23;;;10026;14;10029;25;;;10001.0;0.0
sideways_normal_s0;2000;INTARIAN_PEPPER_ROOT;11564;11;11562;26;;;11594;17;11597;21;;;11579.0;0.0
sideways_normal_s0;2000;ASH_COATED_OSMIUM;10001;13;9998;12;;;10007;12;10011;15;;;10004.0;0.0
sideways_normal_s0;2100;INTARIAN_PEPPER_ROOT;11576;13;11573;20;;;11590;15;11593;16;;;11583.0;0.0
sideways_normal_s0;2100;ASH_COATED_OSMIUM;9995;16;9991;19;;;10021;7;10023;16;;;10008.0;0.0
sideways_normal_s0;2200;INTARIAN_PEPPER_ROOT;11586;17;11582;23;;;11588;11;11590;20;;;11587.0;0.0
sideways_normal_s0;2200;ASH_COATED_OSMIUM;10006;11;10002;26;;;10016;7;10020;22;;;10011.0;0.0
sideways_normal_s0;2300;INTARIAN_PEPPER_ROOT;11567;13;11563;18;;;11613;15;11617;19;;;11590.0;0.0
sideways_normal_s0;2300;ASH_COATED_OSMIUM;10004;8;10001;20;;;10020;20;10024;14;;;10012.0;0.0
sideways_normal_s0;2400;INTARIAN_PEPPER_ROOT;11580;18;11576;23;;;11612;15;11615;24;;;11596.0;0.0
sideways_normal_s0;2400;ASH_COATED_OSMIUM;9998;11;9994;20;;;10030;14;10034;20;;;10014.0;0.0
sideways_normal_s0;2500;INTARIAN_PEPPER_ROOT;11589;16;11587;17;;;11609;14;11613;21;;;11599.0;0.0
sideways_normal_s0;2500;ASH_COATED_OSMIUM;9993;17;9990;13;;;10015;5;10018;19;;;10004.0;0.0
sideways_normal_s0;2600;INTARIAN_PEPPER_ROOT;11601;15;11597;16;;;11603;17;11607;17;;;11602.0;0.0
sideways_normal_s0;2600;ASH_COATED_OSMIUM;9993;17;9991;12;;;10013;16;10016;15;;;10003.0;0.0
sideways_normal_s0;2700;INTARIAN_PEPPER_ROOT;11597;9;11594;22;;;11613;14;11615;17;;;11605.0;0.0
sideways_normal_s0;2700;ASH_COATED_OSMIUM;10000;12;9998;19;;;10002;15;10004;17;;;10001.0;0.0
sideways_normal_s0;2800;INTARIAN_PEPPER_ROOT;11604;13;11600;25;;;11616;18;11620;27;;;11610.0;0.0
sideways_normal_s0;2800;ASH_COATED_OSMIUM;9999;6;9996;24;;;10009;13;10012;18;;;10004.0;0.0
sideways_normal_s0;2900;INTARIAN_PEPPER_ROOT;11594;7;11590;22;;;11636;12;11639;27;;;11615.0;0.0
sideways_normal_s0;2900;ASH_COATED_OSMIUM;10001;10;9999;15;;;10003;14;10007;24;;;10002.0;0.0
sideways_normal_s0;3000;INTARIAN_PEPPER_ROOT;11614;12;11612;17;;;11624;13;11627;20;;;11619.0;0.0
sideways_normal_s0;3000;ASH_COATED_OSMIUM;10007;13;10003;15;;;10009;20;10013;22;;;10008.0;0.0
sideways_normal_s0;3100;INTARIAN_PEPPER_ROOT;11620;17;11618;17;;;11624;9;11626;22;;;11622.0;0.0
sideways_normal_s0;3100;ASH_COATED_OSMIUM;9998;5;9995;21;;;10016;8;10019;20;;;10007.0;0.0
sideways_normal_s0;3200;INTARIAN_PEPPER_ROOT;11608;15;11606;13;;;11644;11;11646;8;;;11626.0;0.0
sideways_normal_s0;3200;ASH_COATED_OSMIUM;9999;8;9996;18;;;10009;13;10013;23;;;10004.0;0.0
sideways_normal_s0;3300;INTARIAN_PEPPER_ROOT;11591;11;11588;22;;;11663;10;11665;24;;;11627.0;0.0
sideways_normal_s0;3300;ASH_COATED_OSMIUM;10001;5;9997;21;;;10015;15;10019;18;;;10008.0;0.0
sideways_normal_s0;3400;INTARIAN_PEPPER_ROOT;11622;6;11620;24;;;11638;18;11641;19;;;11630.0;0.0
sideways_normal_s0;3400;ASH_COATED_OSMIUM;10001;15;9998;12;;;10017;5;10021;23;;;10009.0;0.0
sideways_normal_s0;3500;INTARIAN_PEPPER_ROOT;11632;16;11629;8;;;11634;17;11637;14;;;11633.0;0.0
sideways_normal_s0;3500;ASH_COATED_OSMIUM;10007;5;10004;24;;;10011;14;10015;21;;;10009.0;0.0
sideways_normal_s0;3600;INTARIAN_PEPPER_ROOT;11632;24;11630;22;;;11646;13;11648;26;;;11639.0;0.0
sideways_normal_s0;3600;ASH_COATED_OSMIUM;10005;16;10003;15;;;10019;13;10022;26;;;10012.0;0.0
sideways_normal_s0;3700;INTARIAN_PEPPER_ROOT;11637;8;11635;23;;;11649;13;11651;20;;;11643.0;0.0
sideways_normal_s0;3700;ASH_COATED_OSMIUM;10008;10;10006;22;;;10012;9;10014;16;;;10010.0;0.0
sideways_normal_s0;3800;INTARIAN_PEPPER_ROOT;11643;17;11639;20;;;11649;12;11653;17;;;11646.0;0.0
sideways_normal_s0;3800;ASH_COATED_OSMIUM;10002;10;9999;10;;;10012;19;10014;26;;;10007.0;0.0
sideways_normal_s0;3900;INTARIAN_PEPPER_ROOT;11645;23;11642;16;;;11653;17;11655;26;;;11649.0;0.0
sideways_normal_s0;3900;ASH_COATED_OSMIUM;10003;23;9999;11;;;10017;5;10019;26;;;10010.0;0.0
sideways_normal_s0;4000;INTARIAN_PEPPER_ROOT;11639;8;11635;23;;;11663;20;11667;28;;;11651.0;0.0
sideways_normal_s0;4000;ASH_COATED_OSMIUM;10003;12;10001;31;;;10013;7;10016;22;;;10008.0;0.0
sideways_normal_s0;4100;INTARIAN_PEPPER_ROOT;11638;18;11636;17;;;11670;6;11674;35;;;11654.0;0.0
sideways_normal_s0;4100;ASH_COATED_OSMIUM;9997;12;9993;20;;;10015;11;10017;22;;;10006.0;0.0
sideways_normal_s0;4200;INTARIAN_PEPPER_ROOT;11655;14;11652;23;;;11657;12;11659;18;;;11656.0;0.0
sideways_normal_s0;4200;ASH_COATED_OSMIUM;10003;19;9999;23;;;10005;5;10008;29;;;10004.0;0.0
sideways_normal_s0;4300;INTARIAN_PEPPER_ROOT;11658;8;11656;19;;;11664;18;11666;26;;;11661.0;0.0
sideways_normal_s0;4300;ASH_COATED_OSMIUM;9973;14;9970;19;;;10033;21;10037;20;;;10003.0;0.0
sideways_normal_s0;4400;INTARIAN_PEPPER_ROOT;11661;9;11657;17;;;11667;5;11671;21;;;11664.0;0.0
sideways_normal_s0;4400;ASH_COATED_OSMIUM;9997;26;9993;28;;;10005;5;10009;18;;;10001.0;0.0
sideways_normal_s0;4500;INTARIAN_PEPPER_ROOT;11657;19;11654;28;;;11677;10;11681;15;;;11667.0;0.0
sideways_normal_s0;4500;ASH_COATED_OSMIUM;9987;16;9983;19;;;10021;11;10023;18;;;10004.0;0.0
sideways_normal_s0;4600;INTARIAN_PEPPER_ROOT;11662;26;11659;23;;;11676;18;11679;16;;;11669.0;0.0
sideways_normal_s0;4600;ASH_COATED_OSMIUM;10001;7;9999;20;;;10005;20;10009;23;;;10003.0;0.0
sideways_normal_s0;4700;INTARIAN_PEPPER_ROOT;11672;19;11668;15;;;11674;16;11676;29;;;11673.0;0.0
sideways_normal_s0;4700;ASH_COATED_OSMIUM;9988;16;9986;23;;;10020;16;10024;11;;;10004.0;0.0
sideways_normal_s0;4800;INTARIAN_PEPPER_ROOT;11667;13;11665;26;;;11683;13;11685;19;;;11675.0;0.0
sideways_normal_s0;4800;ASH_COATED_OSMIUM;9995;9;9993;19;;;10003;18;10005;19;;;9999.0;0.0
sideways_normal_s0;4900;INTARIAN_PEPPER_ROOT;11670;20;11667;25;;;11688;21;11692;13;;;11679.0;0.0
sideways_normal_s0;4900;ASH_COATED_OSMIUM;9986;10;9984;11;;;10018;14;10022;13;;;10002.0;0.0
sideways_normal_s0;5000;INTARIAN_PEPPER_ROOT;11672;14;11668;20;;;11690;8;11693;25;;;11681.0;0.0
sideways_normal_s0;5000;ASH_COATED_OSMIUM;9996;7;9992;20;;;10012;18;10016;16;;;10004.0;0.0
sideways_normal_s0;5100;INTARIAN_PEPPER_ROOT;11680;9;11677;18;;;11688;16;11691;16;;;11684.0;0.0
sideways_normal_s0;5100;ASH_COATED_OSMIUM;10005;15;10003;27;;;10007;8;10011;15;;;10006.0;0.0
sideways_normal_s0;5200;INTARIAN_PEPPER_ROOT;11680;5;11677;12;;;11694;8;11698;20;;;11687.0;0.0
sideways_normal_s0;5200;ASH_COATED_OSMIUM;10008;11;10004;23;;;10012;20;10014;11;;;10010.0;0.0
sideways_normal_s0;5300;INTARIAN_PEPPER_ROOT;11689;19;11686;16;;;11691;27;11693;17;;;11690.0;0.0
sideways_normal_s0;5300;ASH_COATED_OSMIUM;10010;5;10008;25;;;10012;5;10015;21;;;10011.0;0.0
sideways_normal_s0;5400;INTARIAN_PEPPER_ROOT;11689;7;11686;17;;;11697;13;11701;14;;;11693.0;0.0
sideways_normal_s0;5400;ASH_COATED_OSMIUM;10012;6;10010;19;;;10014;22;10017;20;;;10013.0;0.0
sideways_normal_s0;5500;INTARIAN_PEPPER_ROOT;11696;9;11694;17;;;11698;12;11701;20;;;11697.0;0.0
sideways_normal_s0;5500;ASH_COATED_OSMIUM;9988;12;9986;27;;;10036;9;10040;21;;;10012.0;0.0
sideways_normal_s0;5600;INTARIAN_PEPPER_ROOT;11692;14;11689;17;;;11708;24;11711;17;;;11700.0;0.0
sideways_normal_s0;5600;ASH_COATED_OSMIUM;10010;15;10008;23;;;10012;19;10014;28;;;10011.0;0.0
sideways_normal_s0;5700;INTARIAN_PEPPER_ROOT;11694;19;11692;28;;;11714;18;11717;24;;;11704.0;0.0
sideways_normal_s0;5700;ASH_COATED_OSMIUM;10008;14;10006;13;;;10010;8;10013;19;;;10009.0;0.0
sideways_normal_s0;5800;INTARIAN_PEPPER_ROOT;11687;16;11685;21;;;11727;5;11729;20;;;11707.0;0.0
sideways_normal_s0;5800;ASH_COATED_OSMIUM;10002;12;9999;25;;;10016;10;10019;21;;;10009.0;0.0
sideways_normal_s0;5900;INTARIAN_PEPPER_ROOT;11709;20;11705;23;;;11711;14;11715;22;;;11710.0;0.0
sideways_normal_s0;5900;ASH_COATED_OSMIUM;10005;17;10002;19;;;10017;12;10019;16;;;10011.0;0.0
sideways_normal_s0;6000;INTARIAN_PEPPER_ROOT;11711;14;11708;18;;;11713;15;11716;28;;;11712.0;0.0
sideways_normal_s0;6000;ASH_COATED_OSMIUM;10007;8;10004;17;;;10009;12;10013;18;;;10008.0;0.0
sideways_normal_s0;6100;INTARIAN_PEPPER_ROOT;11714;20;11711;14;;;11718;12;11722;15;;;11716.0;0.0
sideways_normal_s0;6100;ASH_COATED_OSMIUM;9989;19;9987;16;;;10015;18;10017;15;;;10002.0;0.0
sideways_normal_s0;6200;INTARIAN_PEPPER_ROOT;11714;11;11710;26;;;11722;15;11726;18;;;11718.0;0.0
sideways_normal_s0;6200;ASH_COATED_OSMIUM;9996;14;9994;19;;;10014;9;10017;20;;;10005.0;0.0
sideways_normal_s0;6300;INTARIAN_PEPPER_ROOT;11719;18;11717;17;;;11721;22;11723;17;;;11720.0;0.0
sideways_normal_s0;6300;ASH_COATED_OSMIUM;9980;11;9976;22;;;10034;15;10037;18;;;10007.0;0.0
sideways_normal_s0;6400;INTARIAN_PEPPER_ROOT;11716;17;11714;12;;;11730;15;11733;16;;;11723.0;0.0
sideways_normal_s0;6400;ASH_COATED_OSMIUM;9995;18;9991;17;;;10017;10;10021;16;;;10006.0;0.0
sideways_normal_s0;6500;INTARIAN_PEPPER_ROOT;11722;10;11720;28;;;11730;13;11733;13;;;11726.0;0.0
sideways_normal_s0;6500;ASH_COATED_OSMIUM;9969;20;9967;28;;;10033;18;10037;20;;;10001.0;0.0
sideways_normal_s0;6600;INTARIAN_PEPPER_ROOT;11726;16;11722;24;;;11730;13;11734;24;;;11728.0;0.0
sideways_normal_s0;6600;ASH_COATED_OSMIUM;9995;12;9993;11;;;10001;13;10004;13;;;9998.0;0.0
sideways_normal_s0;6700;INTARIAN_PEPPER_ROOT;11730;15;11728;25;;;11732;22;11734;10;;;11731.0;0.0
sideways_normal_s0;6700;ASH_COATED_OSMIUM;9985;17;9981;28;;;10015;13;10019;15;;;10000.0;0.0
sideways_normal_s0;6800;INTARIAN_PEPPER_ROOT;11726;16;11723;20;;;11740;15;11742;21;;;11733.0;0.0
sideways_normal_s0;6800;ASH_COATED_OSMIUM;9999;7;9997;25;;;10003;8;10005;15;;;10001.0;0.0
sideways_normal_s0;6900;INTARIAN_PEPPER_ROOT;11732;19;11729;24;;;11744;14;11748;22;;;11738.0;0.0
sideways_normal_s0;6900;ASH_COATED_OSMIUM;10003;13;9999;21;;;10005;13;10007;17;;;10004.0;0.0
sideways_normal_s0;7000;INTARIAN_PEPPER_ROOT;11732;16;11728;24;;;11750;22;11753;20;;;11741.0;0.0
sideways_normal_s0;7000;ASH_COATED_OSMIUM;10000;9;9998;20;;;10002;7;10004;20;;;10001.0;0.0
sideways_normal_s0;7100;INTARIAN_PEPPER_ROOT;11726;18;11724;13;;;11764;17;11767;8;;;11745.0;0.0
sideways_normal_s0;7100;ASH_COATED_OSMIUM;9985;20;9981;19;;;10017;14;10021;28;;;10001.0;0.0
sideways_normal_s0;7200;INTARIAN_PEPPER_ROOT;11739;19;11735;18;;;11759;14;11763;25;;;11749.0;0.0
sideways_normal_s0;7200;ASH_COATED_OSMIUM;9997;7;9995;16;;;10001;5;10004;18;;;9999.0;0.0
sideways_normal_s0;7300;INTARIAN_PEPPER_ROOT;11749;11;11747;20;;;11753;14;11756;21;;;11751.0;0.0
sideways_normal_s0;7300;ASH_COATED_OSMIUM;9994;14;9990;16;;;10006;7;10008;21;;;10000.0;0.0
sideways_normal_s0;7400;INTARIAN_PEPPER_ROOT;11748;21;11745;17;;;11762;11;11765;23;;;11755.0;0.0
sideways_normal_s0;7400;ASH_COATED_OSMIUM;9983;10;9980;13;;;10025;16;10027;18;;;10004.0;0.0
sideways_normal_s0;7500;INTARIAN_PEPPER_ROOT;11750;15;11746;18;;;11764;16;11766;15;;;11757.0;0.0
sideways_normal_s0;7500;ASH_COATED_OSMIUM;9994;10;9990;15;;;10018;19;10022;24;;;10006.0;0.0
sideways_normal_s0;7600;INTARIAN_PEPPER_ROOT;11755;11;11752;22;;;11765;15;11769;25;;;11760.0;0.0
sideways_normal_s0;7600;ASH_COATED_OSMIUM;10004;15;10002;15;;;10018;5;10022;24;;;10011.0;0.0
sideways_normal_s0;7700;INTARIAN_PEPPER_ROOT;11752;14;11750;19;;;11772;9;11775;19;;;11762.0;0.0
sideways_normal_s0;7700;ASH_COATED_OSMIUM;10004;6;10000;17;;;10014;7;10016;10;;;10009.0;0.0
sideways_normal_s0;7800;INTARIAN_PEPPER_ROOT;11754;12;11750;19;;;11778;6;11780;15;;;11766.0;0.0
sideways_normal_s0;7800;ASH_COATED_OSMIUM;10008;9;10005;17;;;10020;11;10022;23;;;10014.0;0.0
sideways_normal_s0;7900;INTARIAN_PEPPER_ROOT;11759;12;11755;21;;;11777;18;11780;15;;;11768.0;0.0
sideways_normal_s0;7900;ASH_COATED_OSMIUM;9993;22;9991;17;;;10033;12;10035;22;;;10013.0;0.0
sideways_normal_s0;8000;INTARIAN_PEPPER_ROOT;11765;20;11761;20;;;11777;16;11780;14;;;11771.0;0.0
sideways_normal_s0;8000;ASH_COATED_OSMIUM;10005;10;10002;22;;;10007;12;10010;16;;;10006.0;0.0
sideways_normal_s0;8100;INTARIAN_PEPPER_ROOT;11766;10;11764;12;;;11784;17;11786;24;;;11775.0;0.0
sideways_normal_s0;8100;ASH_COATED_OSMIUM;9998;5;9996;21;;;10024;15;10028;21;;;10011.0;0.0
sideways_normal_s0;8200;INTARIAN_PEPPER_ROOT;11777;24;11775;26;;;11779;18;11783;13;;;11778.0;0.0
sideways_normal_s0;8200;ASH_COATED_OSMIUM;10006;16;10004;19;;;10014;16;10018;22;;;10010.0;0.0
sideways_normal_s0;8300;INTARIAN_PEPPER_ROOT;11769;20;11765;25;;;11793;17;11797;18;;;11781.0;0.0
sideways_normal_s0;8300;ASH_COATED_OSMIUM;9997;11;9994;10;;;10023;5;10027;14;;;10010.0;0.0
sideways_normal_s0;8400;INTARIAN_PEPPER_ROOT;11780;20;11777;21;;;11790;12;11794;15;;;11785.0;0.0
sideways_normal_s0;8400;ASH_COATED_OSMIUM;10009;18;10005;14;;;10013;14;10015;16;;;10011.0;0.0
sideways_normal_s0;8500;INTARIAN_PEPPER_ROOT;11789;11;11786;16;;;11791;18;11795;20;;;11790.0;0.0
sideways_normal_s0;8500;ASH_COATED_OSMIUM;10002;13;9998;18;;;10006;13;10010;18;;;10004.0;0.0
sideways_normal_s0;8600;INTARIAN_PEPPER_ROOT;11791;9;11788;22;;;11799;7;11803;18;;;11795.0;0.0
sideways_normal_s0;8600;ASH_COATED_OSMIUM;9991;9;9987;17;;;10023;5;10027;21;;;10007.0;0.0
sideways_normal_s0;8700;INTARIAN_PEPPER_ROOT;11794;6;11790;18;;;11802;14;11804;12;;;11798.0;0.0
sideways_normal_s0;8700;ASH_COATED_OSMIUM;10005;13;10001;9;;;10015;12;10019;24;;;10010.0;0.0
sideways_normal_s0;8800;INTARIAN_PEPPER_ROOT;11798;14;11796;21;;;11800;16;11803;21;;;11799.0;0.0
sideways_normal_s0;8800;ASH_COATED_OSMIUM;9988;14;9986;28;;;10030;14;10032;21;;;10009.0;0.0
sideways_normal_s0;8900;INTARIAN_PEPPER_ROOT;11798;15;11796;25;;;11808;6;11810;16;;;11803.0;0.0
sideways_normal_s0;8900;ASH_COATED_OSMIUM;9964;17;9960;19;;;10056;20;10058;18;;;10010.0;0.0
sideways_normal_s0;9000;INTARIAN_PEPPER_ROOT;11803;25;11801;14;;;11811;16;11814;10;;;11807.0;0.0
sideways_normal_s0;9000;ASH_COATED_OSMIUM;10003;9;10001;19;;;10015;20;10018;15;;;10009.0;0.0
sideways_normal_s0;9100;INTARIAN_PEPPER_ROOT;11804;17;11802;19;;;11818;11;11820;18;;;11811.0;0.0
sideways_normal_s0;9100;ASH_COATED_OSMIUM;10010;14;10008;11;;;10012;9;10016;18;;;10011.0;0.0
sideways_normal_s0;9200;INTARIAN_PEPPER_ROOT;11813;12;11811;17;;;11815;19;11819;20;;;11814.0;0.0
sideways_normal_s0;9200;ASH_COATED_OSMIUM;10009;13;10006;18;;;10017;12;10019;26;;;10013.0;0.0
sideways_normal_s0;9300;INTARIAN_PEPPER_ROOT;11795;17;11791;8;;;11841;16;11843;15;;;11818.0;0.0
sideways_normal_s0;9300;ASH_COATED_OSMIUM;9982;11;9980;26;;;10044;20;10046;21;;;10013.0;0.0
sideways_normal_s0;9400;INTARIAN_PEPPER_ROOT;11816;11;11813;21;;;11826;14;11828;17;;;11821.0;0.0
sideways_normal_s0;9400;ASH_COATED_OSMIUM;10010;12;10008;25;;;10022;19;10025;9;;;10016.0;0.0
sideways_normal_s0;9500;INTARIAN_PEPPER_ROOT;11820;14;11818;19;;;11832;14;11835;19;;;11826.0;0.0
sideways_normal_s0;9500;ASH_COATED_OSMIUM;9995;9;9992;16;;;10029;12;10033;15;;;10012.0;0.0
sideways_normal_s0;9600;INTARIAN_PEPPER_ROOT;11828;23;11825;22;;;11830;19;11832;14;;;11829.0;0.0
sideways_normal_s0;9600;ASH_COATED_OSMIUM;10008;22;10006;20;;;10010;6;10012;20;;;10009.0;0.0
sideways_normal_s0;9700;INTARIAN_PEPPER_ROOT;11833;20;11830;14;;;11835;14;11837;17;;;11834.0;0.0
sideways_normal_s0;9700;ASH_COATED_OSMIUM;9998;8;9995;20;;;10004;9;10006;23;;;10001.0;0.0
sideways_normal_s0;9800;INTARIAN_PEPPER_ROOT;11834;19;11832;9;;;11840;8;11843;25;;;11837.0;0.0
sideways_normal_s0;9800;ASH_COATED_OSMIUM;9989;8;9985;19;;;10017;9;10020;26;;;10003.0;0.0
sideways_normal_s0;9900;INTARIAN_PEPPER_ROOT;11839;5;11836;17;;;11841;15;11844;28;;;11840.0;0.0
sideways_normal_s0;9900;ASH_COATED_OSMIUM;10002;13;10000;16;;;10004;14;10006;30;;;10003.0;0.0
sideways_normal_s0;10000;INTARIAN_PEPPER_ROOT;11830;13;11827;12;;;11860;9;11863;27;;;11845.0;0.0
sideways_normal_s0;10000;ASH_COATED_OSMIUM;9996;5;9994;29;;;10004;18;10008;26;;;10000.0;0.0
sideways_normal_s0;10100;INTARIAN_PEPPER_ROOT;11842;14;11838;18;;;11852;13;11855;20;;;11847.0;0.0
sideways_normal_s0;10100;ASH_COATED_OSMIUM;9995;17;9991;23;;;10007;15;10009;30;;;10001.0;0.0
sideways_normal_s0;10200;INTARIAN_PEPPER_ROOT;11843;10;11840;8;;;11853;13;11855;25;;;11848.0;0.0
sideways_normal_s0;10200;ASH_COATED_OSMIUM;10000;9;9997;18;;;10002;20;10004;16;;;10001.0;0.0
sideways_normal_s0;10300;INTARIAN_PEPPER_ROOT;11850;17;11847;13;;;11854;7;11858;18;;;11852.0;0.0
sideways_normal_s0;10300;ASH_COATED_OSMIUM;9994;11;9990;14;;;10008;6;10011;19;;;10001.0;0.0
sideways_normal_s0;10400;INTARIAN_PEPPER_ROOT;11853;10;11849;16;;;11855;14;11859;18;;;11854.0;0.0
sideways_normal_s0;10400;ASH_COATED_OSMIUM;10003;10;9999;29;;;10005;20;10009;21;;;10004.0;0.0
sideways_normal_s0;10500;INTARIAN_PEPPER_ROOT;11853;5;11850;17;;;11867;11;11870;15;;;11860.0;0.0
sideways_normal_s0;10500;ASH_COATED_OSMIUM;10000;14;9996;21;;;10012;16;10016;17;;;10006.0;0.0
sideways_normal_s0;10600;INTARIAN_PEPPER_ROOT;11861;10;11857;15;;;11863;19;11866;25;;;11862.0;0.0
sideways_normal_s0;10600;ASH_COATED_OSMIUM;9997;6;9994;22;;;10023;15;10026;14;;;10010.0;0.0
sideways_normal_s0;10700;INTARIAN_PEPPER_ROOT;11863;10;11861;27;;;11865;13;11867;16;;;11864.0;0.0
sideways_normal_s0;10700;ASH_COATED_OSMIUM;10011;17;10009;21;;;10013;11;10016;17;;;10012.0;0.0
sideways_normal_s0;10800;INTARIAN_PEPPER_ROOT;11862;12;11859;31;;;11876;10;11878;12;;;11869.0;0.0
sideways_normal_s0;10800;ASH_COATED_OSMIUM;10009;13;10007;22;;;10011;16;10014;21;;;10010.0;0.0
sideways_normal_s0;10900;INTARIAN_PEPPER_ROOT;11872;18;11870;17;;;11874;8;11877;23;;;11873.0;0.0
sideways_normal_s0;10900;ASH_COATED_OSMIUM;10005;20;10001;15;;;10007;14;10011;22;;;10006.0;0.0
sideways_normal_s0;11000;INTARIAN_PEPPER_ROOT;11877;12;11873;27;;;11879;7;11881;19;;;11878.0;0.0
sideways_normal_s0;11000;ASH_COATED_OSMIUM;10001;13;9999;28;;;10003;9;10006;13;;;10002.0;0.0
sideways_normal_s0;11100;INTARIAN_PEPPER_ROOT;11880;15;11877;18;;;11884;11;11886;16;;;11882.0;0.0
sideways_normal_s0;11100;ASH_COATED_OSMIUM;9999;7;9997;15;;;10001;18;10005;14;;;10000.0;0.0
sideways_normal_s0;11200;INTARIAN_PEPPER_ROOT;11883;22;11880;29;;;11885;16;11887;15;;;11884.0;0.0
sideways_normal_s0;11200;ASH_COATED_OSMIUM;9999;8;9995;20;;;10007;17;10009;27;;;10003.0;0.0
sideways_normal_s0;11300;INTARIAN_PEPPER_ROOT;11881;19;11878;14;;;11897;9;11900;20;;;11889.0;0.0
sideways_normal_s0;11300;ASH_COATED_OSMIUM;9998;20;9996;22;;;10000;14;10003;22;;;9999.0;0.0
sideways_normal_s0;11400;INTARIAN_PEPPER_ROOT;11884;19;11880;15;;;11900;6;11902;15;;;11892.0;0.0
sideways_normal_s0;11400;ASH_COATED_OSMIUM;9997;9;9994;15;;;9999;11;10001;12;;;9998.0;0.0
sideways_normal_s0;11500;INTARIAN_PEPPER_ROOT;11894;19;11892;19;;;11896;22;11900;17;;;11895.0;0.0
sideways_normal_s0;11500;ASH_COATED_OSMIUM;9996;18;9992;16;;;10002;17;10005;23;;;9999.0;0.0
sideways_normal_s0;11600;INTARIAN_PEPPER_ROOT;11894;13;11892;24;;;11904;16;11908;12;;;11899.0;0.0
sideways_normal_s0;11600;ASH_COATED_OSMIUM;10002;14;9999;21;;;10004;20;10007;28;;;10003.0;0.0
sideways_normal_s0;11700;INTARIAN_PEPPER_ROOT;11900;14;11896;20;;;11904;12;11908;13;;;11902.0;0.0
sideways_normal_s0;11700;ASH_COATED_OSMIUM;10001;9;9997;24;;;10003;20;10007;19;;;10002.0;0.0
sideways_normal_s0;11800;INTARIAN_PEPPER_ROOT;11898;16;11894;15;;;11912;10;11916;23;;;11905.0;0.0
sideways_normal_s0;11800;ASH_COATED_OSMIUM;9992;7;9989;15;;;10014;17;10018;14;;;10003.0;0.0
sideways_normal_s0;11900;INTARIAN_PEPPER_ROOT;11908;7;11905;26;;;11910;22;11914;27;;;11909.0;0.0
sideways_normal_s0;11900;ASH_COATED_OSMIUM;9999;17;9995;23;;;10021;17;10025;26;;;10010.0;0.0
sideways_normal_s0;12000;INTARIAN_PEPPER_ROOT;11902;19;11900;23;;;11924;12;11927;18;;;11913.0;0.0
sideways_normal_s0;12000;ASH_COATED_OSMIUM;10000;13;9997;23;;;10024;7;10028;8;;;10012.0;0.0
sideways_normal_s0;12100;INTARIAN_PEPPER_ROOT;11913;22;11910;21;;;11915;15;11919;19;;;11914.0;0.0
sideways_normal_s0;12100;ASH_COATED_OSMIUM;10007;13;10004;18;;;10011;13;10015;19;;;10009.0;0.0
sideways_normal_s0;12200;INTARIAN_PEPPER_ROOT;11911;11;11909;24;;;11923;15;11925;17;;;11917.0;0.0
sideways_normal_s0;12200;ASH_COATED_OSMIUM;10003;5;10000;16;;;10005;13;10009;28;;;10004.0;0.0
sideways_normal_s0;12300;INTARIAN_PEPPER_ROOT;11893;12;11889;19;;;11951;14;11953;19;;;11922.0;0.0
sideways_normal_s0;12300;ASH_COATED_OSMIUM;10001;13;9999;13;;;10009;14;10013;23;;;10005.0;0.0
sideways_normal_s0;12400;INTARIAN_PEPPER_ROOT;11922;20;11919;16;;;11924;16;11926;31;;;11923.0;0.0
sideways_normal_s0;12400;ASH_COATED_OSMIUM;9991;11;9988;20;;;10023;9;10025;19;;;10007.0;0.0
sideways_normal_s0;12500;INTARIAN_PEPPER_ROOT;11910;11;11907;17;;;11942;5;11945;25;;;11926.0;0.0
sideways_normal_s0;12500;ASH_COATED_OSMIUM;9996;12;9994;18;;;10014;19;10018;19;;;10005.0;0.0
sideways_normal_s0;12600;INTARIAN_PEPPER_ROOT;11922;6;11918;30;;;11934;19;11938;19;;;11928.0;0.0
sideways_normal_s0;12600;ASH_COATED_OSMIUM;9994;15;9990;22;;;10020;17;10024;22;;;10007.0;0.0
sideways_normal_s0;12700;INTARIAN_PEPPER_ROOT;11932;15;11930;16;;;11934;15;11936;22;;;11933.0;0.0
sideways_normal_s0;12700;ASH_COATED_OSMIUM;10003;13;9999;24;;;10011;6;10015;16;;;10007.0;0.0
sideways_normal_s0;12800;INTARIAN_PEPPER_ROOT;11935;12;11933;26;;;11937;16;11941;15;;;11936.0;0.0
sideways_normal_s0;12800;ASH_COATED_OSMIUM;9987;17;9984;16;;;10015;5;10017;16;;;10001.0;0.0
sideways_normal_s0;12900;INTARIAN_PEPPER_ROOT;11929;13;11925;24;;;11949;16;11951;23;;;11939.0;0.0
sideways_normal_s0;12900;ASH_COATED_OSMIUM;9991;18;9987;18;;;10015;12;10018;24;;;10003.0;0.0
sideways_normal_s0;13000;INTARIAN_PEPPER_ROOT;11937;17;11933;15;;;11945;12;11948;20;;;11941.0;0.0
sideways_normal_s0;13000;ASH_COATED_OSMIUM;9972;13;9970;20;;;10028;20;10030;25;;;10000.0;0.0
sideways_normal_s0;13100;INTARIAN_PEPPER_ROOT;11942;8;11939;17;;;11948;10;11951;19;;;11945.0;0.0
sideways_normal_s0;13100;ASH_COATED_OSMIUM;9993;16;9989;27;;;10011;14;10015;19;;;10002.0;0.0
sideways_normal_s0;13200;INTARIAN_PEPPER_ROOT;11935;7;11932;8;;;11959;16;11962;23;;;11947.0;0.0
sideways_normal_s0;13200;ASH_COATED_OSMIUM;10004;12;10000;18;;;10006;14;10008;25;;;10005.0;0.0
sideways_normal_s0;13300;INTARIAN_PEPPER_ROOT;11939;12;11937;20;;;11959;9;11961;15;;;11949.0;0.0
sideways_normal_s0;13300;ASH_COATED_OSMIUM;10004;19;10000;21;;;10008;18;10011;15;;;10006.0;0.0
sideways_normal_s0;13400;INTARIAN_PEPPER_ROOT;11940;10;11938;19;;;11964;15;11968;16;;;11952.0;0.0
sideways_normal_s0;13400;ASH_COATED_OSMIUM;10001;19;9998;17;;;10019;9;10022;21;;;10010.0;0.0
sideways_normal_s0;13500;INTARIAN_PEPPER_ROOT;11949;9;11945;14;;;11961;18;11963;11;;;11955.0;0.0
sideways_normal_s0;13500;ASH_COATED_OSMIUM;9978;12;9976;8;;;10046;15;10048;16;;;10012.0;0.0
sideways_normal_s0;13600;INTARIAN_PEPPER_ROOT;11956;18;11953;15;;;11960;12;11962;17;;;11958.0;0.0
sideways_normal_s0;13600;ASH_COATED_OSMIUM;10004;12;10002;23;;;10020;6;10024;16;;;10012.0;0.0
sideways_normal_s0;13700;INTARIAN_PEPPER_ROOT;11959;10;11955;19;;;11961;16;11964;22;;;11960.0;0.0
sideways_normal_s0;13700;ASH_COATED_OSMIUM;10012;14;10010;27;;;10014;5;10016;12;;;10013.0;0.0
sideways_normal_s0;13800;INTARIAN_PEPPER_ROOT;11959;13;11955;16;;;11969;14;11973;15;;;11964.0;0.0
sideways_normal_s0;13800;ASH_COATED_OSMIUM;10011;11;10007;13;;;10015;22;10018;22;;;10013.0;0.0
sideways_normal_s0;13900;INTARIAN_PEPPER_ROOT;11961;19;11958;20;;;11969;12;11971;11;;;11965.0;0.0
sideways_normal_s0;13900;ASH_COATED_OSMIUM;9982;13;9978;17;;;10054;11;10056;22;;;10018.0;0.0
sideways_normal_s0;14000;INTARIAN_PEPPER_ROOT;11964;12;11962;21;;;11968;15;11971;16;;;11966.0;0.0
sideways_normal_s0;14000;ASH_COATED_OSMIUM;10007;20;10004;14;;;10031;10;10033;23;;;10019.0;0.0
sideways_normal_s0;14100;INTARIAN_PEPPER_ROOT;11963;13;11961;16;;;11975;23;11978;21;;;11969.0;0.0
sideways_normal_s0;14100;ASH_COATED_OSMIUM;10024;6;10021;10;;;10028;6;10030;23;;;10026.0;0.0
sideways_normal_s0;14200;INTARIAN_PEPPER_ROOT;11957;14;11955;16;;;11987;14;11990;20;;;11972.0;0.0
sideways_normal_s0;14200;ASH_COATED_OSMIUM;10004;14;10000;26;;;10038;7;10042;24;;;10021.0;0.0
sideways_normal_s0;14300;INTARIAN_PEPPER_ROOT;11934;6;11931;15;;;12018;19;12020;20;;;11976.0;0.0
sideways_normal_s0;14300;ASH_COATED_OSMIUM;10018;16;10014;28;;;10022;19;10026;33;;;10020.0;0.0
sideways_normal_s0;14400;INTARIAN_PEPPER_ROOT;11975;22;11973;22;;;11985;11;11988;10;;;11980.0;0.0
sideways_normal_s0;14400;ASH_COATED_OSMIUM;10016;23;10012;13;;;10018;11;10020;24;;;10017.0;0.0
sideways_normal_s0;14500;INTARIAN_PEPPER_ROOT;11983;6;11980;32;;;11985;8;11987;17;;;11984.0;0.0
sideways_normal_s0;14500;ASH_COATED_OSMIUM;10009;9;10007;23;;;10027;18;10030;28;;;10018.0;0.0
sideways_normal_s0;14600;INTARIAN_PEPPER_ROOT;11971;12;11968;24;;;11999;20;12001;22;;;11985.0;0.0
sideways_normal_s0;14600;ASH_COATED_OSMIUM;10016;18;10012;24;;;10018;16;10021;31;;;10017.0;0.0
sideways_normal_s0;14700;INTARIAN_PEPPER_ROOT;11983;10;11979;23;;;11995;17;11997;21;;;11989.0;0.0
sideways_normal_s0;14700;ASH_COATED_OSMIUM;10013;14;10011;25;;;10021;21;10024;8;;;10017.0;0.0
sideways_normal_s0;14800;INTARIAN_PEPPER_ROOT;11984;10;11981;22;;;11996;14;12000;25;;;11990.0;0.0
sideways_normal_s0;14800;ASH_COATED_OSMIUM;10006;17;10003;28;;;10024;16;10027;22;;;10015.0;0.0
sideways_normal_s0;14900;INTARIAN_PEPPER_ROOT;11970;11;11967;28;;;12016;12;12020;21;;;11993.0;0.0
sideways_normal_s0;14900;ASH_COATED_OSMIUM;10003;14;10000;12;;;10027;23;10029;16;;;10015.0;0.0
sideways_normal_s0;15000;INTARIAN_PEPPER_ROOT;11989;18;11986;22;;;11999;18;12001;14;;;11994.0;0.0
sideways_normal_s0;15000;ASH_COATED_OSMIUM;10009;13;10007;20;;;10017;6;10020;21;;;10013.0;0.0
sideways_normal_s0;15100;INTARIAN_PEPPER_ROOT;11992;13;11988;22;;;12004;14;12008;22;;;11998.0;0.0
sideways_normal_s0;15100;ASH_COATED_OSMIUM;9998;13;9995;17;;;10028;15;10032;19;;;10013.0;0.0
sideways_normal_s0;15200;INTARIAN_PEPPER_ROOT;11996;13;11994;22;;;12004;12;12006;17;;;12000.0;0.0
sideways_normal_s0;15200;ASH_COATED_OSMIUM;10013;12;10011;23;;;10017;17;10021;14;;;10015.0;0.0
sideways_normal_s0;15300;INTARIAN_PEPPER_ROOT;11996;12;11992;30;;;12008;16;12010;11;;;12002.0;0.0
sideways_normal_s0;15300;ASH_COATED_OSMIUM;10005;11;10001;14;;;10021;12;10024;23;;;10013.0;0.0
sideways_normal_s0;15400;INTARIAN_PEPPER_ROOT;11998;15;11995;17;;;12010;18;12013;24;;;12004.0;0.0
sideways_normal_s0;15400;ASH_COATED_OSMIUM;10007;10;10004;22;;;10021;12;10025;32;;;10014.0;0.0
sideways_normal_s0;15500;INTARIAN_PEPPER_ROOT;11996;15;11994;25;;;12016;28;12018;25;;;12006.0;0.0
sideways_normal_s0;15500;ASH_COATED_OSMIUM;10016;13;10014;10;;;10018;9;10022;30;;;10017.0;0.0
sideways_normal_s0;15600;INTARIAN_PEPPER_ROOT;12006;5;12003;24;;;12012;16;12015;24;;;12009.0;0.0
sideways_normal_s0;15600;ASH_COATED_OSMIUM;10013;19;10009;14;;;10015;7;10017;22;;;10014.0;0.0
sideways_normal_s0;15700;INTARIAN_PEPPER_ROOT;12008;15;12006;26;;;12014;18;12016;20;;;12011.0;0.0
sideways_normal_s0;15700;ASH_COATED_OSMIUM;10011;18;10008;23;;;10019;17;10022;12;;;10015.0;0.0
sideways_normal_s0;15800;INTARIAN_PEPPER_ROOT;11993;14;11991;23;;;12031;11;12033;15;;;12012.0;0.0
sideways_normal_s0;15800;ASH_COATED_OSMIUM;10011;10;10007;15;;;10021;15;10024;18;;;10016.0;0.0
sideways_normal_s0;15900;INTARIAN_PEPPER_ROOT;12011;16;12008;21;;;12017;17;12019;24;;;12014.0;0.0
sideways_normal_s0;15900;ASH_COATED_OSMIUM;10013;16;10009;14;;;10023;5;10026;22;;;10018.0;0.0
sideways_normal_s0;16000;INTARIAN_PEPPER_ROOT;12010;19;12006;20;;;12022;13;12025;16;;;12016.0;0.0
sideways_normal_s0;16000;ASH_COATED_OSMIUM;10013;10;10010;27;;;10023;13;10026;18;;;10018.0;0.0
sideways_normal_s0;16100;INTARIAN_PEPPER_ROOT;12019;5;12017;20;;;12021;16;12023;32;;;12020.0;0.0
sideways_normal_s0;16100;ASH_COATED_OSMIUM;10017;5;10013;19;;;10021;5;10024;15;;;10019.0;0.0
sideways_normal_s0;16200;INTARIAN_PEPPER_ROOT;12019;11;12016;18;;;12029;10;12033;20;;;12024.0;0.0
sideways_normal_s0;16200;ASH_COATED_OSMIUM;10002;20;10000;16;;;10030;12;10032;33;;;10016.0;0.0
sideways_normal_s0;16300;INTARIAN_PEPPER_ROOT;12021;26;12017;24;;;12031;14;12033;12;;;12026.0;0.0
sideways_normal_s0;16300;ASH_COATED_OSMIUM;10009;8;10005;22;;;10017;5;10021;17;;;10013.0;0.0
sideways_normal_s0;16400;INTARIAN_PEPPER_ROOT;12018;19;12016;13;;;12036;24;12038;17;;;12027.0;0.0
sideways_normal_s0;16400;ASH_COATED_OSMIUM;10005;23;10002;17;;;10017;13;10020;21;;;10011.0;0.0
sideways_normal_s0;16500;INTARIAN_PEPPER_ROOT;12029;18;12025;9;;;12031;20;12034;15;;;12030.0;0.0
sideways_normal_s0;16500;ASH_COATED_OSMIUM;10005;20;10003;14;;;10017;16;10021;22;;;10011.0;0.0
sideways_normal_s0;16600;INTARIAN_PEPPER_ROOT;12027;10;12025;25;;;12035;7;12039;21;;;12031.0;0.0
sideways_normal_s0;16600;ASH_COATED_OSMIUM;10008;14;10005;26;;;10010;9;10013;13;;;10009.0;0.0
sideways_normal_s0;16700;INTARIAN_PEPPER_ROOT;12028;10;12024;21;;;12038;14;12041;20;;;12033.0;0.0
sideways_normal_s0;16700;ASH_COATED_OSMIUM;9994;14;9992;14;;;10012;5;10014;26;;;10003.0;0.0
sideways_normal_s0;16800;INTARIAN_PEPPER_ROOT;12023;21;12021;19;;;12047;30;12051;16;;;12035.0;0.0
sideways_normal_s0;16800;ASH_COATED_OSMIUM;10002;13;10000;19;;;10018;5;10020;17;;;10010.0;0.0
sideways_normal_s0;16900;INTARIAN_PEPPER_ROOT;12022;10;12018;23;;;12054;15;12056;22;;;12038.0;0.0
sideways_normal_s0;16900;ASH_COATED_OSMIUM;10010;6;10008;26;;;10012;15;10015;15;;;10011.0;0.0
sideways_normal_s0;17000;INTARIAN_PEPPER_ROOT;12038;13;12035;12;;;12046;10;12048;18;;;12042.0;0.0
sideways_normal_s0;17000;ASH_COATED_OSMIUM;9993;21;9990;28;;;10029;15;10031;30;;;10011.0;0.0
sideways_normal_s0;17100;INTARIAN_PEPPER_ROOT;12042;9;12039;9;;;12044;11;12048;26;;;12043.0;0.0
sideways_normal_s0;17100;ASH_COATED_OSMIUM;10015;10;10013;15;;;10017;9;10020;22;;;10016.0;0.0
sideways_normal_s0;17200;INTARIAN_PEPPER_ROOT;12038;10;12036;18;;;12054;13;12056;27;;;12046.0;0.0
sideways_normal_s0;17200;ASH_COATED_OSMIUM;10000;5;9996;21;;;10020;18;10023;24;;;10010.0;0.0
sideways_normal_s0;17300;INTARIAN_PEPPER_ROOT;12037;10;12035;17;;;12059;19;12062;23;;;12048.0;0.0
sideways_normal_s0;17300;ASH_COATED_OSMIUM;10000;11;9997;25;;;10020;5;10022;15;;;10010.0;0.0
sideways_normal_s0;17400;INTARIAN_PEPPER_ROOT;12038;8;12035;13;;;12060;15;12064;23;;;12049.0;0.0
sideways_normal_s0;17400;ASH_COATED_OSMIUM;10007;7;10004;17;;;10013;19;10015;19;;;10010.0;0.0
sideways_normal_s0;17500;INTARIAN_PEPPER_ROOT;12040;15;12037;23;;;12064;26;12066;10;;;12052.0;0.0
sideways_normal_s0;17500;ASH_COATED_OSMIUM;9997;10;9995;21;;;10029;14;10033;17;;;10013.0;0.0
sideways_normal_s0;17600;INTARIAN_PEPPER_ROOT;12051;15;12048;20;;;12055;17;12057;15;;;12053.0;0.0
sideways_normal_s0;17600;ASH_COATED_OSMIUM;9994;21;9991;17;;;10028;13;10031;24;;;10011.0;0.0
sideways_normal_s0;17700;INTARIAN_PEPPER_ROOT;12049;16;12047;16;;;12061;16;12064;17;;;12055.0;0.0
sideways_normal_s0;17700;ASH_COATED_OSMIUM;9999;15;9997;14;;;10013;9;10016;24;;;10006.0;0.0
sideways_normal_s0;17800;INTARIAN_PEPPER_ROOT;12047;15;12045;22;;;12067;14;12070;14;;;12057.0;0.0
sideways_normal_s0;17800;ASH_COATED_OSMIUM;10007;13;10003;23;;;10009;5;10013;17;;;10008.0;0.0
sideways_normal_s0;17900;INTARIAN_PEPPER_ROOT;12054;15;12051;9;;;12064;18;12066;22;;;12059.0;0.0
sideways_normal_s0;17900;ASH_COATED_OSMIUM;10001;10;9998;23;;;10003;16;10006;19;;;10002.0;0.0
sideways_normal_s0;18000;INTARIAN_PEPPER_ROOT;12044;16;12042;17;;;12076;8;12079;19;;;12060.0;0.0
sideways_normal_s0;18000;ASH_COATED_OSMIUM;9960;10;9956;22;;;10038;20;10042;21;;;9999.0;0.0
sideways_normal_s0;18100;INTARIAN_PEPPER_ROOT;12059;14;12055;13;;;12063;14;12065;24;;;12061.0;0.0
sideways_normal_s0;18100;ASH_COATED_OSMIUM;9995;9;9991;17;;;10007;16;10010;21;;;10001.0;0.0
sideways_normal_s0;18200;INTARIAN_PEPPER_ROOT;12062;16;12060;18;;;12064;17;12066;12;;;12063.0;0.0
sideways_normal_s0;18200;ASH_COATED_OSMIUM;10002;19;9999;22;;;10006;10;10008;15;;;10004.0;0.0
sideways_normal_s0;18300;INTARIAN_PEPPER_ROOT;12048;17;12045;23;;;12076;23;12079;8;;;12062.0;0.0
sideways_normal_s0;18300;ASH_COATED_OSMIUM;9984;14;9982;24;;;10026;6;10029;18;;;10005.0;0.0
sideways_normal_s0;18400;INTARIAN_PEPPER_ROOT;12055;19;12052;25;;;12075;6;12079;23;;;12065.0;0.0
sideways_normal_s0;18400;ASH_COATED_OSMIUM;9977;10;9974;16;;;10031;6;10033;15;;;10004.0;0.0
sideways_normal_s0;18500;INTARIAN_PEPPER_ROOT;12061;11;12059;17;;;12069;17;12073;17;;;12065.0;0.0
sideways_normal_s0;18500;ASH_COATED_OSMIUM;9994;14;9992;15;;;10000;13;10002;20;;;9997.0;0.0
sideways_normal_s0;18600;INTARIAN_PEPPER_ROOT;12065;16;12063;21;;;12067;14;12071;22;;;12066.0;0.0
sideways_normal_s0;18600;ASH_COATED_OSMIUM;9989;14;9986;13;;;10003;6;10006;19;;;9996.0;0.0
sideways_normal_s0;18700;INTARIAN_PEPPER_ROOT;12065;16;12062;23;;;12071;12;12074;16;;;12068.0;0.0
sideways_normal_s0;18700;ASH_COATED_OSMIUM;9989;12;9985;20;;;9999;5;10001;25;;;9994.0;0.0
sideways_normal_s0;18800;INTARIAN_PEPPER_ROOT;12058;10;12055;24;;;12080;15;12082;18;;;12069.0;0.0
sideways_normal_s0;18800;ASH_COATED_OSMIUM;9991;6;9987;16;;;9995;15;9997;14;;;9993.0;0.0
sideways_normal_s0;18900;INTARIAN_PEPPER_ROOT;12072;5;12069;17;;;12074;5;12076;18;;;12073.0;0.0
sideways_normal_s0;18900;ASH_COATED_OSMIUM;9989;7;9985;14;;;9991;11;9994;22;;;9990.0;0.0
sideways_normal_s0;19000;INTARIAN_PEPPER_ROOT;12065;12;12062;20;;;12081;19;12084;21;;;12073.0;0.0
sideways_normal_s0;19000;ASH_COATED_OSMIUM;9978;7;9974;20;;;10000;11;10002;15;;;9989.0;0.0
sideways_normal_s0;19100;INTARIAN_PEPPER_ROOT;12057;17;12055;21;;;12093;11;12095;14;;;12075.0;0.0
sideways_normal_s0;19100;ASH_COATED_OSMIUM;9989;22;9985;18;;;10001;5;10005;21;;;9995.0;0.0
sideways_normal_s0;19200;INTARIAN_PEPPER_ROOT;12066;15;12063;13;;;12088;8;12092;23;;;12077.0;0.0
sideways_normal_s0;19200;ASH_COATED_OSMIUM;9987;16;9985;17;;;9989;14;9991;21;;;9988.0;0.0
sideways_normal_s0;19300;INTARIAN_PEPPER_ROOT;12070;17;12067;35;;;12086;18;12090;15;;;12078.0;0.0
sideways_normal_s0;19300;ASH_COATED_OSMIUM;9976;21;9973;22;;;9986;12;9989;21;;;9981.0;0.0
sideways_normal_s0;19400;INTARIAN_PEPPER_ROOT;12071;14;12069;23;;;12089;14;12093;25;;;12080.0;0.0
sideways_normal_s0;19400;ASH_COATED_OSMIUM;9982;5;9980;21;;;9986;9;9988;20;;;9984.0;0.0
sideways_normal_s0;19500;INTARIAN_PEPPER_ROOT;12077;22;12073;23;;;12087;13;12089;19;;;12082.0;0.0
sideways_normal_s0;19500;ASH_COATED_OSMIUM;9977;19;9973;15;;;9989;11;9991;23;;;9983.0;0.0
sideways_normal_s0;19600;INTARIAN_PEPPER_ROOT;12072;14;12069;21;;;12096;12;12098;15;;;12084.0;0.0
sideways_normal_s0;19600;ASH_COATED_OSMIUM;9976;8;9974;19;;;9988;14;9991;25;;;9982.0;0.0
sideways_normal_s0;19700;INTARIAN_PEPPER_ROOT;12066;19;12063;15;;;12108;16;12111;17;;;12087.0;0.0
sideways_normal_s0;19700;ASH_COATED_OSMIUM;9964;23;9962;22;;;9992;8;9996;21;;;9978.0;0.0
sideways_normal_s0;19800;INTARIAN_PEPPER_ROOT;12089;23;12085;24;;;12093;19;12097;20;;;12091.0;0.0
sideways_normal_s0;19800;ASH_COATED_OSMIUM;9976;12;9974;19;;;9984;18;9988;25;;;9980.0;0.0
sideways_normal_s0;19900;INTARIAN_PEPPER_ROOT;12093;15;12090;14;;;12095;5;12099;9;;;12094.0;0.0
sideways_normal_s0;19900;ASH_COATED_OSMIUM;9958;14;9955;10;;;10004;10;10006;20;;;9981.0;0.0
sideways_normal_s0;20000;INTARIAN_PEPPER_ROOT;12060;9;12057;22;;;12132;14;12135;13;;;12096.0;0.0
sideways_normal_s0;20000;ASH_COATED_OSMIUM;9983;19;9981;23;;;9985;13;9987;20;;;9984.0;0.0
sideways_normal_s0;20100;INTARIAN_PEPPER_ROOT;12092;21;12088;25;;;12102;15;12105;16;;;12097.0;0.0
sideways_normal_s0;20100;ASH_COATED_OSMIUM;9959;15;9956;16;;;10019;13;10022;24;;;9989.0;0.0
sideways_normal_s0;20200;INTARIAN_PEPPER_ROOT;12094;10;12090;15;;;12106;14;12108;35;;;12100.0;0.0
sideways_normal_s0;20200;ASH_COATED_OSMIUM;9985;22;9981;15;;;9991;30;9995;16;;;9988.0;0.0
sideways_normal_s0;20300;INTARIAN_PEPPER_ROOT;12098;13;12094;18;;;12106;20;12110;22;;;12102.0;0.0
sideways_normal_s0;20300;ASH_COATED_OSMIUM;9930;8;9928;21;;;10048;16;10051;11;;;9989.0;0.0
sideways_normal_s0;20400;INTARIAN_PEPPER_ROOT;12099;15;12095;21;;;12109;6;12113;28;;;12104.0;0.0
sideways_normal_s0;20400;ASH_COATED_OSMIUM;9975;13;9971;19;;;10005;13;10009;20;;;9990.0;0.0
sideways_normal_s0;20500;INTARIAN_PEPPER_ROOT;12099;6;12096;21;;;12109;18;12112;17;;;12104.0;0.0
sideways_normal_s0;20500;ASH_COATED_OSMIUM;9989;13;9986;17;;;9991;18;9995;27;;;9990.0;0.0
sideways_normal_s0;20600;INTARIAN_PEPPER_ROOT;12095;16;12093;23;;;12117;18;12121;11;;;12106.0;0.0
sideways_normal_s0;20600;ASH_COATED_OSMIUM;9972;16;9970;27;;;10008;12;10011;30;;;9990.0;0.0
sideways_normal_s0;20700;INTARIAN_PEPPER_ROOT;12100;13;12098;28;;;12114;14;12116;20;;;12107.0;0.0
sideways_normal_s0;20700;ASH_COATED_OSMIUM;9984;7;9982;24;;;9990;18;9992;11;;;9987.0;0.0
sideways_normal_s0;20800;INTARIAN_PEPPER_ROOT;12108;15;12106;16;;;12110;15;12112;17;;;12109.0;0.0
sideways_normal_s0;20800;ASH_COATED_OSMIUM;9985;15;9982;17;;;9989;12;9991;12;;;9987.0;0.0
sideways_normal_s0;20900;INTARIAN_PEPPER_ROOT;12089;9;12086;33;;;12131;22;12134;29;;;12110.0;0.0
sideways_normal_s0;20900;ASH_COATED_OSMIUM;9979;22;9976;16;;;9999;20;10002;22;;;9989.0;0.0
sideways_normal_s0;21000;INTARIAN_PEPPER_ROOT;12102;14;12100;16;;;12126;24;12129;23;;;12114.0;0.0
sideways_normal_s0;21000;ASH_COATED_OSMIUM;9986;15;9984;29;;;9994;15;9998;24;;;9990.0;0.0
sideways_normal_s0;21100;INTARIAN_PEPPER_ROOT;12105;14;12103;13;;;12125;10;12129;16;;;12115.0;0.0
sideways_normal_s0;21100;ASH_COATED_OSMIUM;9979;11;9977;18;;;10007;7;10011;16;;;9993.0;0.0
sideways_normal_s0;21200;INTARIAN_PEPPER_ROOT;12114;12;12110;32;;;12122;12;12124;19;;;12118.0;0.0
sideways_normal_s0;21200;ASH_COATED_OSMIUM;9994;11;9990;22;;;9998;18;10001;12;;;9996.0;0.0
sideways_normal_s0;21300;INTARIAN_PEPPER_ROOT;12093;11;12091;21;;;12143;18;12145;23;;;12118.0;0.0
sideways_normal_s0;21300;ASH_COATED_OSMIUM;9989;16;9987;17;;;9991;17;9993;14;;;9990.0;0.0
sideways_normal_s0;21400;INTARIAN_PEPPER_ROOT;12115;20;12112;8;;;12125;18;12129;21;;;12120.0;0.0
sideways_normal_s0;21400;ASH_COATED_OSMIUM;9968;14;9965;16;;;10008;15;10012;20;;;9988.0;0.0
sideways_normal_s0;21500;INTARIAN_PEPPER_ROOT;12065;13;12062;20;;;12175;11;12178;23;;;12120.0;0.0
sideways_normal_s0;21500;ASH_COATED_OSMIUM;9980;16;9978;13;;;10004;12;10008;17;;;9992.0;0.0
sideways_normal_s0;21600;INTARIAN_PEPPER_ROOT;12121;9;12117;10;;;12123;21;12125;19;;;12122.0;0.0
sideways_normal_s0;21600;ASH_COATED_OSMIUM;9984;11;9981;23;;;9998;20;10002;28;;;9991.0;0.0
sideways_normal_s0;21700;INTARIAN_PEPPER_ROOT;12104;16;12102;18;;;12144;18;12148;14;;;12124.0;0.0
sideways_normal_s0;21700;ASH_COATED_OSMIUM;9979;10;9977;21;;;10005;21;10009;23;;;9992.0;0.0
sideways_normal_s0;21800;INTARIAN_PEPPER_ROOT;12126;17;12122;23;;;12128;17;12130;23;;;12127.0;0.0
sideways_normal_s0;21800;ASH_COATED_OSMIUM;9970;15;9968;23;;;10012;5;10016;28;;;9991.0;0.0
sideways_normal_s0;21900;INTARIAN_PEPPER_ROOT;12106;14;12102;19;;;12152;5;12154;11;;;12129.0;0.0
sideways_normal_s0;21900;ASH_COATED_OSMIUM;9987;16;9985;23;;;10003;5;10005;20;;;9995.0;0.0
sideways_normal_s0;22000;INTARIAN_PEPPER_ROOT;12115;12;12113;24;;;12143;21;12145;18;;;12129.0;0.0
sideways_normal_s0;22000;ASH_COATED_OSMIUM;9994;13;9990;24;;;10000;20;10002;18;;;9997.0;0.0
sideways_normal_s0;22100;INTARIAN_PEPPER_ROOT;12124;9;12121;20;;;12138;15;12140;22;;;12131.0;0.0
sideways_normal_s0;22100;ASH_COATED_OSMIUM;9993;12;9990;18;;;10001;6;10003;12;;;9997.0;0.0
sideways_normal_s0;22200;INTARIAN_PEPPER_ROOT;12130;15;12126;20;;;12132;20;12134;19;;;12131.0;0.0
sideways_normal_s0;22200;ASH_COATED_OSMIUM;9962;19;9958;22;;;10022;12;10026;25;;;9992.0;0.0
sideways_normal_s0;22300;INTARIAN_PEPPER_ROOT;12125;5;12123;16;;;12143;24;12147;14;;;12134.0;0.0
sideways_normal_s0;22300;ASH_COATED_OSMIUM;9974;21;9971;18;;;10000;12;10002;18;;;9987.0;0.0
sideways_normal_s0;22400;INTARIAN_PEPPER_ROOT;12132;10;12128;19;;;12134;12;12138;17;;;12133.0;0.0
sideways_normal_s0;22400;ASH_COATED_OSMIUM;9983;10;9980;18;;;9991;19;9993;9;;;9987.0;0.0
sideways_normal_s0;22500;INTARIAN_PEPPER_ROOT;12130;13;12127;24;;;12138;21;12141;19;;;12134.0;0.0
sideways_normal_s0;22500;ASH_COATED_OSMIUM;9983;5;9979;24;;;9997;7;10001;17;;;9990.0;0.0
sideways_normal_s0;22600;INTARIAN_PEPPER_ROOT;12130;17;12126;10;;;12142;20;12145;20;;;12136.0;0.0
sideways_normal_s0;22600;ASH_COATED_OSMIUM;9988;12;9984;12;;;9990;18;9992;24;;;9989.0;0.0
sideways_normal_s0;22700;INTARIAN_PEPPER_ROOT;12121;23;12117;19;;;12153;21;12156;22;;;12137.0;0.0
sideways_normal_s0;22700;ASH_COATED_OSMIUM;9991;15;9988;28;;;9997;16;9999;21;;;9994.0;0.0
sideways_normal_s0;22800;INTARIAN_PEPPER_ROOT;12134;5;12132;24;;;12142;15;12144;22;;;12138.0;0.0
sideways_normal_s0;22800;ASH_COATED_OSMIUM;9990;16;9987;14;;;9994;16;9998;19;;;9992.0;0.0
sideways_normal_s0;22900;INTARIAN_PEPPER_ROOT;12136;23;12134;18;;;12142;15;12146;26;;;12139.0;0.0
sideways_normal_s0;22900;ASH_COATED_OSMIUM;9976;17;9974;21;;;10010;22;10012;18;;;9993.0;0.0
sideways_normal_s0;23000;INTARIAN_PEPPER_ROOT;12135;19;12132;25;;;12143;25;12147;17;;;12139.0;0.0
sideways_normal_s0;23000;ASH_COATED_OSMIUM;9982;9;9978;11;;;10002;8;10005;11;;;9992.0;0.0
sideways_normal_s0;23100;INTARIAN_PEPPER_ROOT;12139;14;12137;17;;;12141;15;12143;17;;;12140.0;0.0
sideways_normal_s0;23100;ASH_COATED_OSMIUM;9994;14;9990;30;;;9996;17;10000;23;;;9995.0;0.0
sideways_normal_s0;23200;INTARIAN_PEPPER_ROOT;12136;19;12132;23;;;12146;10;12150;26;;;12141.0;0.0
sideways_normal_s0;23200;ASH_COATED_OSMIUM;9992;6;9988;22;;;10006;9;10009;21;;;9999.0;0.0
sideways_normal_s0;23300;INTARIAN_PEPPER_ROOT;12140;11;12136;18;;;12144;14;12146;23;;;12142.0;0.0
sideways_normal_s0;23300;ASH_COATED_OSMIUM;10001;6;9997;20;;;10003;16;10007;13;;;10002.0;0.0
sideways_normal_s0;23400;INTARIAN_PEPPER_ROOT;12135;20;12131;19;;;12151;12;12154;23;;;12143.0;0.0
sideways_normal_s0;23400;ASH_COATED_OSMIUM;10005;5;10001;16;;;10009;18;10011;23;;;10007.0;0.0
sideways_normal_s0;23500;INTARIAN_PEPPER_ROOT;12143;17;12141;18;;;12145;19;12148;15;;;12144.0;0.0
sideways_normal_s0;23500;ASH_COATED_OSMIUM;10002;14;9999;20;;;10006;8;10010;21;;;10004.0;0.0
sideways_normal_s0;23600;INTARIAN_PEPPER_ROOT;12145;10;12143;22;;;12151;16;12155;21;;;12148.0;0.0
sideways_normal_s0;23600;ASH_COATED_OSMIUM;9995;14;9991;14;;;10007;17;10011;22;;;10001.0;0.0
sideways_normal_s0;23700;INTARIAN_PEPPER_ROOT;12139;20;12137;16;;;12153;17;12156;26;;;12146.0;0.0
sideways_normal_s0;23700;ASH_COATED_OSMIUM;9990;12;9987;12;;;10002;6;10006;18;;;9996.0;0.0
sideways_normal_s0;23800;INTARIAN_PEPPER_ROOT;12144;5;12140;26;;;12152;21;12156;20;;;12148.0;0.0
sideways_normal_s0;23800;ASH_COATED_OSMIUM;9981;24;9977;26;;;10011;16;10014;21;;;9996.0;0.0
sideways_normal_s0;23900;INTARIAN_PEPPER_ROOT;12145;9;12142;18;;;12155;20;12158;11;;;12150.0;0.0
sideways_normal_s0;23900;ASH_COATED_OSMIUM;9978;6;9974;9;;;10008;9;10010;20;;;9993.0;0.0
sideways_normal_s0;24000;INTARIAN_PEPPER_ROOT;12138;22;12136;12;;;12162;8;12166;23;;;12150.0;0.0
sideways_normal_s0;24000;ASH_COATED_OSMIUM;9981;18;9979;25;;;9999;13;10003;18;;;9990.0;0.0
sideways_normal_s0;24100;INTARIAN_PEPPER_ROOT;12143;19;12141;17;;;12159;26;12163;15;;;12151.0;0.0
sideways_normal_s0;24100;ASH_COATED_OSMIUM;9986;10;9983;23;;;9990;18;9994;18;;;9988.0;0.0
sideways_normal_s0;24200;INTARIAN_PEPPER_ROOT;12146;18;12143;19;;;12158;14;12160;17;;;12152.0;0.0
sideways_normal_s0;24200;ASH_COATED_OSMIUM;9982;14;9980;24;;;10014;15;10017;16;;;9998.0;0.0
sideways_normal_s0;24300;INTARIAN_PEPPER_ROOT;12144;12;12140;26;;;12160;7;12164;27;;;12152.0;0.0
sideways_normal_s0;24300;ASH_COATED_OSMIUM;9998;11;9995;13;;;10000;7;10002;12;;;9999.0;0.0
sideways_normal_s0;24400;INTARIAN_PEPPER_ROOT;12152;17;12150;25;;;12154;14;12158;19;;;12153.0;0.0
sideways_normal_s0;24400;ASH_COATED_OSMIUM;9997;15;9993;14;;;10001;15;10005;25;;;9999.0;0.0
sideways_normal_s0;24500;INTARIAN_PEPPER_ROOT;12152;20;12150;9;;;12154;25;12157;23;;;12153.0;0.0
sideways_normal_s0;24500;ASH_COATED_OSMIUM;9996;15;9994;11;;;9998;5;10001;17;;;9997.0;0.0
sideways_normal_s0;24600;INTARIAN_PEPPER_ROOT;12151;5;12149;11;;;12159;13;12162;19;;;12155.0;0.0
sideways_normal_s0;24600;ASH_COATED_OSMIUM;9990;14;9986;15;;;9998;14;10000;17;;;9994.0;0.0
sideways_normal_s0;24700;INTARIAN_PEPPER_ROOT;12148;13;12144;16;;;12166;7;12168;26;;;12157.0;0.0
sideways_normal_s0;24700;ASH_COATED_OSMIUM;9984;8;9981;21;;;10004;13;10008;28;;;9994.0;0.0
sideways_normal_s0;24800;INTARIAN_PEPPER_ROOT;12153;19;12150;22;;;12163;10;12166;15;;;12158.0;0.0
sideways_normal_s0;24800;ASH_COATED_OSMIUM;9986;20;9983;24;;;9998;21;10001;19;;;9992.0;0.0
sideways_normal_s0;24900;INTARIAN_PEPPER_ROOT;12154;11;12150;18;;;12160;18;12163;20;;;12157.0;0.0
sideways_normal_s0;24900;ASH_COATED_OSMIUM;9980;19;9978;17;;;9994;15;9998;21;;;9987.0;0.0
sideways_normal_s0;25000;INTARIAN_PEPPER_ROOT;12154;26;12150;12;;;12162;15;12165;21;;;12158.0;0.0
sideways_normal_s0;25000;ASH_COATED_OSMIUM;9976;6;9973;14;;;9988;12;9990;18;;;9982.0;0.0
sideways_normal_s0;25100;INTARIAN_PEPPER_ROOT;12152;14;12148;16;;;12166;16;12168;14;;;12159.0;0.0
sideways_normal_s0;25100;ASH_COATED_OSMIUM;9986;6;9984;23;;;9992;5;9994;15;;;9989.0;0.0
sideways_normal_s0;25200;INTARIAN_PEPPER_ROOT;12157;25;12153;14;;;12163;15;12167;22;;;12160.0;0.0
sideways_normal_s0;25200;ASH_COATED_OSMIUM;9980;18;9977;21;;;9994;12;9996;12;;;9987.0;0.0
sideways_normal_s0;25300;INTARIAN_PEPPER_ROOT;12158;15;12154;11;;;12162;14;12164;21;;;12160.0;0.0
sideways_normal_s0;25300;ASH_COATED_OSMIUM;9967;9;9964;18;;;9999;15;10003;17;;;9983.0;0.0
sideways_normal_s0;25400;INTARIAN_PEPPER_ROOT;12161;22;12159;14;;;12163;16;12166;18;;;12162.0;0.0
sideways_normal_s0;25400;ASH_COATED_OSMIUM;9981;13;9979;19;;;9983;14;9986;20;;;9982.0;0.0
sideways_normal_s0;25500;INTARIAN_PEPPER_ROOT;12161;13;12157;11;;;12165;6;12168;23;;;12163.0;0.0
sideways_normal_s0;25500;ASH_COATED_OSMIUM;9980;6;9978;26;;;9990;14;9993;21;;;9985.0;0.0
sideways_normal_s0;25600;INTARIAN_PEPPER_ROOT;12158;17;12156;18;;;12170;19;12174;22;;;12164.0;0.0
sideways_normal_s0;25600;ASH_COATED_OSMIUM;9977;9;9974;17;;;9995;12;9999;25;;;9986.0;0.0
sideways_normal_s0;25700;INTARIAN_PEPPER_ROOT;12159;12;12156;19;;;12167;15;12169;18;;;12163.0;0.0
sideways_normal_s0;25700;ASH_COATED_OSMIUM;9983;6;9981;19;;;9985;5;9989;11;;;9984.0;0.0
sideways_normal_s0;25800;INTARIAN_PEPPER_ROOT;12161;14;12158;18;;;12163;14;12166;18;;;12162.0;0.0
sideways_normal_s0;25800;ASH_COATED_OSMIUM;9980;6;9977;18;;;9988;6;9990;21;;;9984.0;0.0
sideways_normal_s0;25900;INTARIAN_PEPPER_ROOT;12158;16;12156;21;;;12170;15;12173;21;;;12164.0;0.0
sideways_normal_s0;25900;ASH_COATED_OSMIUM;9979;13;9977;15;;;9987;16;9989;21;;;9983.0;0.0
sideways_normal_s0;26000;INTARIAN_PEPPER_ROOT;12159;16;12155;17;;;12169;8;12171;18;;;12164.0;0.0
sideways_normal_s0;26000;ASH_COATED_OSMIUM;9972;19;9969;15;;;10002;14;10004;13;;;9987.0;0.0
sideways_normal_s0;26100;INTARIAN_PEPPER_ROOT;12147;12;12144;14;;;12179;14;12182;20;;;12163.0;0.0
sideways_normal_s0;26100;ASH_COATED_OSMIUM;9991;14;9987;24;;;9993;15;9997;29;;;9992.0;0.0
sideways_normal_s0;26200;INTARIAN_PEPPER_ROOT;12156;12;12154;19;;;12170;14;12174;23;;;12163.0;0.0
sideways_normal_s0;26200;ASH_COATED_OSMIUM;9992;12;9990;10;;;9994;11;9996;27;;;9993.0;0.0
sideways_normal_s0;26300;INTARIAN_PEPPER_ROOT;12162;15;12158;13;;;12166;17;12170;22;;;12164.0;0.0
sideways_normal_s0;26300;ASH_COATED_OSMIUM;9985;15;9983;17;;;9991;19;9995;15;;;9988.0;0.0
sideways_normal_s0;26400;INTARIAN_PEPPER_ROOT;12156;14;12153;22;;;12170;18;12172;20;;;12163.0;0.0
sideways_normal_s0;26400;ASH_COATED_OSMIUM;9986;22;9984;14;;;9988;8;9990;14;;;9987.0;0.0
sideways_normal_s0;26500;INTARIAN_PEPPER_ROOT;12163;15;12159;11;;;12165;19;12168;16;;;12164.0;0.0
sideways_normal_s0;26500;ASH_COATED_OSMIUM;9987;5;9984;21;;;9991;6;9995;8;;;9989.0;0.0
sideways_normal_s0;26600;INTARIAN_PEPPER_ROOT;12158;17;12155;21;;;12172;18;12176;14;;;12165.0;0.0
sideways_normal_s0;26600;ASH_COATED_OSMIUM;9987;11;9985;15;;;9989;20;9991;8;;;9988.0;0.0
sideways_normal_s0;26700;INTARIAN_PEPPER_ROOT;12161;10;12159;14;;;12173;14;12175;16;;;12167.0;0.0
sideways_normal_s0;26700;ASH_COATED_OSMIUM;9984;17;9980;29;;;9990;12;9993;17;;;9987.0;0.0
sideways_normal_s0;26800;INTARIAN_PEPPER_ROOT;12158;16;12154;21;;;12176;8;12179;17;;;12167.0;0.0
sideways_normal_s0;26800;ASH_COATED_OSMIUM;9987;16;9985;25;;;9989;12;9993;19;;;9988.0;0.0
sideways_normal_s0;26900;INTARIAN_PEPPER_ROOT;12166;11;12164;29;;;12170;11;12172;10;;;12168.0;0.0
sideways_normal_s0;26900;ASH_COATED_OSMIUM;9987;14;9983;21;;;9995;9;9998;18;;;9991.0;0.0
sideways_normal_s0;27000;INTARIAN_PEPPER_ROOT;12160;10;12158;20;;;12178;17;12180;12;;;12169.0;0.0
sideways_normal_s0;27000;ASH_COATED_OSMIUM;9988;13;9986;20;;;10002;8;10006;21;;;9995.0;0.0
sideways_normal_s0;27100;INTARIAN_PEPPER_ROOT;12142;10;12138;21;;;12190;12;12192;19;;;12166.0;0.0
sideways_normal_s0;27100;ASH_COATED_OSMIUM;9990;5;9986;28;;;9996;11;9998;16;;;9993.0;0.0
sideways_normal_s0;27200;INTARIAN_PEPPER_ROOT;12161;14;12157;16;;;12177;14;12180;22;;;12169.0;0.0
sideways_normal_s0;27200;ASH_COATED_OSMIUM;9986;9;9983;23;;;9998;10;10002;25;;;9992.0;0.0
sideways_normal_s0;27300;INTARIAN_PEPPER_ROOT;12161;7;12158;19;;;12179;13;12181;23;;;12170.0;0.0
sideways_normal_s0;27300;ASH_COATED_OSMIUM;9985;15;9981;15;;;9999;16;10001;18;;;9992.0;0.0
sideways_normal_s0;27400;INTARIAN_PEPPER_ROOT;12169;5;12167;18;;;12171;20;12173;24;;;12170.0;0.0
sideways_normal_s0;27400;ASH_COATED_OSMIUM;9984;16;9982;20;;;10004;17;10006;21;;;9994.0;0.0
sideways_normal_s0;27500;INTARIAN_PEPPER_ROOT;12157;13;12155;18;;;12183;5;12187;27;;;12170.0;0.0
sideways_normal_s0;27500;ASH_COATED_OSMIUM;9974;12;9972;13;;;10016;14;10018;19;;;9995.0;0.0
sideways_normal_s0;27600;INTARIAN_PEPPER_ROOT;12136;18;12132;20;;;12208;15;12210;21;;;12172.0;0.0
sideways_normal_s0;27600;ASH_COATED_OSMIUM;9991;12;9988;15;;;9999;18;10001;16;;;9995.0;0.0
sideways_normal_s0;27700;INTARIAN_PEPPER_ROOT;12168;10;12164;15;;;12174;20;12178;20;;;12171.0;0.0
sideways_normal_s0;27700;ASH_COATED_OSMIUM;9971;13;9969;26;;;10019;23;10023;24;;;9995.0;0.0
sideways_normal_s0;27800;INTARIAN_PEPPER_ROOT;12161;12;12158;29;;;12179;15;12182;24;;;12170.0;0.0
sideways_normal_s0;27800;ASH_COATED_OSMIUM;9958;5;9955;18;;;10036;17;10040;17;;;9997.0;0.0
sideways_normal_s0;27900;INTARIAN_PEPPER_ROOT;12172;6;12169;17;;;12174;16;12178;18;;;12173.0;0.0
sideways_normal_s0;27900;ASH_COATED_OSMIUM;9988;18;9985;20;;;10012;10;10016;19;;;10000.0;0.0
sideways_normal_s0;28000;INTARIAN_PEPPER_ROOT;12165;20;12161;14;;;12183;21;12185;24;;;12174.0;0.0
sideways_normal_s0;28000;ASH_COATED_OSMIUM;10004;7;10000;19;;;10006;5;10009;17;;;10005.0;0.0
sideways_normal_s0;28100;INTARIAN_PEPPER_ROOT;12174;15;12171;19;;;12176;23;12180;30;;;12175.0;0.0
sideways_normal_s0;28100;ASH_COATED_OSMIUM;10005;11;10002;17;;;10011;20;10013;21;;;10008.0;0.0
sideways_normal_s0;28200;INTARIAN_PEPPER_ROOT;12173;11;12169;21;;;12175;21;12178;21;;;12174.0;0.0
sideways_normal_s0;28200;ASH_COATED_OSMIUM;9979;8;9977;15;;;10023;7;10027;18;;;10001.0;0.0
sideways_normal_s0;28300;INTARIAN_PEPPER_ROOT;12172;19;12170;25;;;12180;14;12184;20;;;12176.0;0.0
sideways_normal_s0;28300;ASH_COATED_OSMIUM;9996;9;9993;13;;;10000;16;10002;23;;;9998.0;0.0
sideways_normal_s0;28400;INTARIAN_PEPPER_ROOT;12176;14;12174;21;;;12178;21;12182;20;;;12177.0;0.0
sideways_normal_s0;28400;ASH_COATED_OSMIUM;9997;5;9995;10;;;9999;14;10001;14;;;9998.0;0.0
sideways_normal_s0;28500;INTARIAN_PEPPER_ROOT;12175;20;12173;22;;;12181;17;12185;21;;;12178.0;0.0
sideways_normal_s0;28500;ASH_COATED_OSMIUM;9997;9;9993;24;;;10001;15;10003;22;;;9999.0;0.0
sideways_normal_s0;28600;INTARIAN_PEPPER_ROOT;12175;14;12171;19;;;12181;17;12185;12;;;12178.0;0.0
sideways_normal_s0;28600;ASH_COATED_OSMIUM;9994;7;9991;16;;;9996;16;10000;20;;;9995.0;0.0
sideways_normal_s0;28700;INTARIAN_PEPPER_ROOT;12171;10;12169;23;;;12187;19;12191;19;;;12179.0;0.0
sideways_normal_s0;28700;ASH_COATED_OSMIUM;9992;15;9990;25;;;9994;7;9998;14;;;9993.0;0.0
sideways_normal_s0;28800;INTARIAN_PEPPER_ROOT;12179;14;12177;21;;;12181;13;12185;17;;;12180.0;0.0
sideways_normal_s0;28800;ASH_COATED_OSMIUM;9992;6;9990;13;;;9994;20;9997;14;;;9993.0;0.0
sideways_normal_s0;28900;INTARIAN_PEPPER_ROOT;12180;8;12176;20;;;12184;19;12188;17;;;12182.0;0.0
sideways_normal_s0;28900;ASH_COATED_OSMIUM;9993;8;9991;16;;;9997;15;9999;19;;;9995.0;0.0
sideways_normal_s0;29000;INTARIAN_PEPPER_ROOT;12180;21;12177;26;;;12184;17;12187;18;;;12182.0;0.0
sideways_normal_s0;29000;ASH_COATED_OSMIUM;9972;15;9970;26;;;10014;5;10018;19;;;9993.0;0.0
sideways_normal_s0;29100;INTARIAN_PEPPER_ROOT;12179;13;12176;13;;;12183;5;12186;24;;;12181.0;0.0
sideways_normal_s0;29100;ASH_COATED_OSMIUM;9989;12;9985;25;;;9997;18;9999;21;;;9993.0;0.0
sideways_normal_s0;29200;INTARIAN_PEPPER_ROOT;12179;18;12176;23;;;12189;5;12191;11;;;12184.0;0.0
sideways_normal_s0;29200;ASH_COATED_OSMIUM;9986;21;9982;21;;;9998;8;10002;30;;;9992.0;0.0
sideways_normal_s0;29300;INTARIAN_PEPPER_ROOT;12175;5;12172;28;;;12193;19;12195;26;;;12184.0;0.0
sideways_normal_s0;29300;ASH_COATED_OSMIUM;9985;5;9981;17;;;10001;7;10003;15;;;9993.0;0.0
sideways_normal_s0;29400;INTARIAN_PEPPER_ROOT;12183;11;12180;21;;;12185;9;12187;24;;;12184.0;0.0
sideways_normal_s0;29400;ASH_COATED_OSMIUM;9991;13;9989;24;;;9995;13;9997;19;;;9993.0;0.0
sideways_normal_s0;29500;INTARIAN_PEPPER_ROOT;12183;8;12179;26;;;12187;8;12191;24;;;12185.0;0.0
sideways_normal_s0;29500;ASH_COATED_OSMIUM;9997;20;9993;25;;;10001;18;10004;22;;;9999.0;0.0
sideways_normal_s0;29600;INTARIAN_PEPPER_ROOT;12179;13;12177;19;;;12191;20;12194;24;;;12185.0;0.0
sideways_normal_s0;29600;ASH_COATED_OSMIUM;9991;10;9988;27;;;10005;13;10009;29;;;9998.0;0.0
sideways_normal_s0;29700;INTARIAN_PEPPER_ROOT;12181;24;12177;13;;;12193;15;12196;24;;;12187.0;0.0
sideways_normal_s0;29700;ASH_COATED_OSMIUM;9989;16;9986;23;;;9999;19;10003;30;;;9994.0;0.0
sideways_normal_s0;29800;INTARIAN_PEPPER_ROOT;12180;24;12177;20;;;12192;17;12196;8;;;12186.0;0.0
sideways_normal_s0;29800;ASH_COATED_OSMIUM;9980;15;9978;19;;;10006;15;10009;13;;;9993.0;0.0
sideways_normal_s0;29900;INTARIAN_PEPPER_ROOT;12185;17;12182;12;;;12189;11;12193;18;;;12187.0;0.0
sideways_normal_s0;29900;ASH_COATED_OSMIUM;9984;13;9981;21;;;10000;8;10002;22;;;9992.0;0.0
sideways_normal_s0;30000;INTARIAN_PEPPER_ROOT;12182;18;12179;20;;;12188;15;12191;22;;;12185.0;0.0
sideways_normal_s0;30000;ASH_COATED_OSMIUM;9960;13;9957;19;;;10036;18;10040;20;;;9998.0;0.0
sideways_normal_s0;30100;INTARIAN_PEPPER_ROOT;12186;11;12183;10;;;12188;14;12192;18;;;12187.0;0.0
sideways_normal_s0;30100;ASH_COATED_OSMIUM;10000;8;9997;18;;;10004;8;10006;16;;;10002.0;0.0
sideways_normal_s0;30200;INTARIAN_PEPPER_ROOT;12155;11;12152;20;;;12219;11;12221;23;;;12187.0;0.0
sideways_normal_s0;30200;ASH_COATED_OSMIUM;9999;11;9997;22;;;10007;14;10011;17;;;10003.0;0.0
sideways_normal_s0;30300;INTARIAN_PEPPER_ROOT;12173;8;12170;21;;;12201;19;12203;15;;;12187.0;0.0
sideways_normal_s0;30300;ASH_COATED_OSMIUM;9998;22;9996;21;;;10008;15;10010;18;;;10003.0;0.0
sideways_normal_s0;30400;INTARIAN_PEPPER_ROOT;12184;17;12181;21;;;12192;18;12195;17;;;12188.0;0.0
sideways_normal_s0;30400;ASH_COATED_OSMIUM;9995;6;9991;26;;;9997;10;10000;24;;;9996.0;0.0
sideways_normal_s0;30500;INTARIAN_PEPPER_ROOT;12183;11;12179;11;;;12191;15;12193;24;;;12187.0;0.0
sideways_normal_s0;30500;ASH_COATED_OSMIUM;9951;10;9948;22;;;10037;7;10040;21;;;9994.0;0.0
sideways_normal_s0;30600;INTARIAN_PEPPER_ROOT;12178;14;12175;18;;;12194;5;12197;32;;;12186.0;0.0
sideways_normal_s0;30600;ASH_COATED_OSMIUM;9989;18;9986;26;;;9999;17;10003;10;;;9994.0;0.0
sideways_normal_s0;30700;INTARIAN_PEPPER_ROOT;12178;13;12176;18;;;12190;18;12192;21;;;12184.0;0.0
sideways_normal_s0;30700;ASH_COATED_OSMIUM;9982;12;9979;23;;;10004;12;10006;8;;;9993.0;0.0
sideways_normal_s0;30800;INTARIAN_PEPPER_ROOT;12169;17;12166;17;;;12201;14;12205;14;;;12185.0;0.0
sideways_normal_s0;30800;ASH_COATED_OSMIUM;9997;12;9995;20;;;10001;9;10005;22;;;9999.0;0.0
sideways_normal_s0;30900;INTARIAN_PEPPER_ROOT;12177;30;12175;18;;;12193;18;12195;16;;;12185.0;0.0
sideways_normal_s0;30900;ASH_COATED_OSMIUM;9999;5;9997;24;;;10003;12;10006;22;;;10001.0;0.0
sideways_normal_s0;31000;INTARIAN_PEPPER_ROOT;12182;12;12180;14;;;12188;19;12191;21;;;12185.0;0.0
sideways_normal_s0;31000;ASH_COATED_OSMIUM;9976;9;9973;19;;;10028;20;10030;16;;;10002.0;0.0
sideways_normal_s0;31100;INTARIAN_PEPPER_ROOT;12171;13;12168;14;;;12201;16;12205;17;;;12186.0;0.0
sideways_normal_s0;31100;ASH_COATED_OSMIUM;10001;15;9999;17;;;10007;10;10009;13;;;10004.0;0.0
sideways_normal_s0;31200;INTARIAN_PEPPER_ROOT;12177;10;12174;19;;;12193;8;12197;17;;;12185.0;0.0
sideways_normal_s0;31200;ASH_COATED_OSMIUM;9999;5;9995;13;;;10003;13;10007;23;;;10001.0;0.0
sideways_normal_s0;31300;INTARIAN_PEPPER_ROOT;12174;14;12172;12;;;12194;13;12198;17;;;12184.0;0.0
sideways_normal_s0;31300;ASH_COATED_OSMIUM;9994;16;9992;28;;;10018;11;10021;20;;;10006.0;0.0
sideways_normal_s0;31400;INTARIAN_PEPPER_ROOT;12172;22;12169;21;;;12196;12;12200;19;;;12184.0;0.0
sideways_normal_s0;31400;ASH_COATED_OSMIUM;10011;10;10008;25;;;10013;12;10016;22;;;10012.0;0.0
sideways_normal_s0;31500;INTARIAN_PEPPER_ROOT;12180;10;12178;11;;;12188;13;12190;22;;;12184.0;0.0
sideways_normal_s0;31500;ASH_COATED_OSMIUM;10005;15;10002;17;;;10017;13;10019;24;;;10011.0;0.0
sideways_normal_s0;31600;INTARIAN_PEPPER_ROOT;12183;18;12179;18;;;12185;17;12189;19;;;12184.0;0.0
sideways_normal_s0;31600;ASH_COATED_OSMIUM;9991;8;9987;19;;;10033;8;10037;19;;;10012.0;0.0
sideways_normal_s0;31700;INTARIAN_PEPPER_ROOT;12181;19;12179;15;;;12185;13;12189;22;;;12183.0;0.0
sideways_normal_s0;31700;ASH_COATED_OSMIUM;9986;14;9984;22;;;10036;7;10038;20;;;10011.0;0.0
sideways_normal_s0;31800;INTARIAN_PEPPER_ROOT;12183;22;12179;10;;;12185;18;12189;29;;;12184.0;0.0
sideways_normal_s0;31800;ASH_COATED_OSMIUM;10004;11;10001;16;;;10014;17;10018;22;;;10009.0;0.0
sideways_normal_s0;31900;INTARIAN_PEPPER_ROOT;12178;18;12176;22;;;12188;17;12192;14;;;12183.0;0.0
sideways_normal_s0;31900;ASH_COATED_OSMIUM;9981;9;9978;11;;;10039;5;10043;17;;;10010.0;0.0
sideways_normal_s0;32000;INTARIAN_PEPPER_ROOT;12180;16;12177;17;;;12186;14;12189;25;;;12183.0;0.0
sideways_normal_s0;32000;ASH_COATED_OSMIUM;10012;13;10009;21;;;10014;7;10016;24;;;10013.0;0.0
sideways_normal_s0;32100;INTARIAN_PEPPER_ROOT;12177;13;12175;17;;;12187;19;12190;20;;;12182.0;0.0
sideways_normal_s0;32100;ASH_COATED_OSMIUM;10013;18;10011;20;;;10021;13;10023;16;;;10017.0;0.0
sideways_normal_s0;32200;INTARIAN_PEPPER_ROOT;12179;14;12176;22;;;12185;16;12188;17;;;12182.0;0.0
sideways_normal_s0;32200;ASH_COATED_OSMIUM;10021;5;10017;25;;;10023;5;10027;20;;;10022.0;0.0
sideways_normal_s0;32300;INTARIAN_PEPPER_ROOT;12176;10;12174;15;;;12184;10;12188;18;;;12180.0;0.0
sideways_normal_s0;32300;ASH_COATED_OSMIUM;10012;5;10009;27;;;10022;13;10024;19;;;10017.0;0.0
sideways_normal_s0;32400;INTARIAN_PEPPER_ROOT;12178;25;12175;23;;;12180;12;12184;17;;;12179.0;0.0
sideways_normal_s0;32400;ASH_COATED_OSMIUM;10010;18;10006;22;;;10020;7;10023;25;;;10015.0;0.0
sideways_normal_s0;32500;INTARIAN_PEPPER_ROOT;12176;7;12172;21;;;12182;14;12185;18;;;12179.0;0.0
sideways_normal_s0;32500;ASH_COATED_OSMIUM;10012;16;10009;15;;;10016;20;10019;16;;;10014.0;0.0
sideways_normal_s0;32600;INTARIAN_PEPPER_ROOT;12174;20;12171;20;;;12184;19;12188;23;;;12179.0;0.0
sideways_normal_s0;32600;ASH_COATED_OSMIUM;10005;11;10002;20;;;10021;15;10024;14;;;10013.0;0.0
sideways_normal_s0;32700;INTARIAN_PEPPER_ROOT;12178;18;12176;20;;;12184;16;12187;14;;;12181.0;0.0
sideways_normal_s0;32700;ASH_COATED_OSMIUM;10005;5;10003;15;;;10007;18;10009;22;;;10006.0;0.0
sideways_normal_s0;32800;INTARIAN_PEPPER_ROOT;12179;19;12175;30;;;12181;17;12183;13;;;12180.0;0.0
sideways_normal_s0;32800;ASH_COATED_OSMIUM;10005;20;10002;16;;;10007;11;10009;26;;;10006.0;0.0
sideways_normal_s0;32900;INTARIAN_PEPPER_ROOT;12180;11;12176;22;;;12182;23;12184;21;;;12181.0;0.0
sideways_normal_s0;32900;ASH_COATED_OSMIUM;10005;10;10002;28;;;10019;11;10021;17;;;10012.0;0.0
sideways_normal_s0;33000;INTARIAN_PEPPER_ROOT;12180;13;12178;19;;;12182;8;12184;13;;;12181.0;0.0
sideways_normal_s0;33000;ASH_COATED_OSMIUM;10000;12;9998;20;;;10010;13;10013;21;;;10005.0;0.0
sideways_normal_s0;33100;INTARIAN_PEPPER_ROOT;12171;5;12169;23;;;12189;14;12193;12;;;12180.0;0.0
sideways_normal_s0;33100;ASH_COATED_OSMIUM;9996;10;9993;24;;;10014;18;10018;27;;;10005.0;0.0
sideways_normal_s0;33200;INTARIAN_PEPPER_ROOT;12173;22;12169;22;;;12187;18;12189;20;;;12180.0;0.0
sideways_normal_s0;33200;ASH_COATED_OSMIUM;10002;14;10000;20;;;10004;11;10007;12;;;10003.0;0.0
sideways_normal_s0;33300;INTARIAN_PEPPER_ROOT;12174;12;12170;30;;;12184;20;12187;15;;;12179.0;0.0
sideways_normal_s0;33300;ASH_COATED_OSMIUM;9978;7;9974;22;;;10030;20;10033;17;;;10004.0;0.0
sideways_normal_s0;33400;INTARIAN_PEPPER_ROOT;12167;9;12164;22;;;12185;8;12187;23;;;12176.0;0.0
sideways_normal_s0;33400;ASH_COATED_OSMIUM;10000;9;9998;28;;;10006;14;10010;16;;;10003.0;0.0
sideways_normal_s0;33500;INTARIAN_PEPPER_ROOT;12175;17;12171;16;;;12177;22;12181;17;;;12176.0;0.0
sideways_normal_s0;33500;ASH_COATED_OSMIUM;9999;5;9995;22;;;10001;11;10003;16;;;10000.0;0.0
sideways_normal_s0;33600;INTARIAN_PEPPER_ROOT;12168;12;12165;17;;;12180;20;12182;12;;;12174.0;0.0
sideways_normal_s0;33600;ASH_COATED_OSMIUM;9995;13;9992;18;;;10009;5;10013;21;;;10002.0;0.0
sideways_normal_s0;33700;INTARIAN_PEPPER_ROOT;12173;8;12170;15;;;12177;12;12179;24;;;12175.0;0.0
sideways_normal_s0;33700;ASH_COATED_OSMIUM;9998;14;9995;19;;;10006;9;10008;21;;;10002.0;0.0
sideways_normal_s0;33800;INTARIAN_PEPPER_ROOT;12169;23;12165;20;;;12177;16;12180;23;;;12173.0;0.0
sideways_normal_s0;33800;ASH_COATED_OSMIUM;10005;5;10002;21;;;10007;27;10009;22;;;10006.0;0.0
sideways_normal_s0;33900;INTARIAN_PEPPER_ROOT;12166;21;12164;11;;;12184;13;12188;18;;;12175.0;0.0
sideways_normal_s0;33900;ASH_COATED_OSMIUM;10005;19;10001;20;;;10009;14;10012;20;;;10007.0;0.0
sideways_normal_s0;34000;INTARIAN_PEPPER_ROOT;12173;20;12170;33;;;12177;13;12179;18;;;12175.0;0.0
sideways_normal_s0;34000;ASH_COATED_OSMIUM;9997;14;9993;15;;;10021;8;10023;21;;;10009.0;0.0
sideways_normal_s0;34100;INTARIAN_PEPPER_ROOT;12172;13;12170;22;;;12176;18;12180;18;;;12174.0;0.0
sideways_normal_s0;34100;ASH_COATED_OSMIUM;9999;13;9995;23;;;10027;5;10030;18;;;10013.0;0.0
sideways_normal_s0;34200;INTARIAN_PEPPER_ROOT;12171;5;12169;11;;;12175;14;12179;18;;;12173.0;0.0
sideways_normal_s0;34200;ASH_COATED_OSMIUM;9978;18;9976;20;;;10036;11;10039;19;;;10007.0;0.0
sideways_normal_s0;34300;INTARIAN_PEPPER_ROOT;12169;8;12167;19;;;12173;5;12177;21;;;12171.0;0.0
sideways_normal_s0;34300;ASH_COATED_OSMIUM;9991;10;9987;19;;;10025;12;10028;11;;;10008.0;0.0
sideways_normal_s0;34400;INTARIAN_PEPPER_ROOT;12159;13;12156;27;;;12183;10;12186;11;;;12171.0;0.0
sideways_normal_s0;34400;ASH_COATED_OSMIUM;10007;5;10003;29;;;10011;8;10014;17;;;10009.0;0.0
sideways_normal_s0;34500;INTARIAN_PEPPER_ROOT;12166;13;12164;14;;;12174;22;12176;12;;;12170.0;0.0
sideways_normal_s0;34500;ASH_COATED_OSMIUM;10001;16;9998;19;;;10009;11;10013;19;;;10005.0;0.0
sideways_normal_s0;34600;INTARIAN_PEPPER_ROOT;12156;22;12153;14;;;12182;13;12186;24;;;12169.0;0.0
sideways_normal_s0;34600;ASH_COATED_OSMIUM;9993;5;9990;24;;;10013;21;10016;20;;;10003.0;0.0
sideways_normal_s0;34700;INTARIAN_PEPPER_ROOT;12166;19;12162;21;;;12172;8;12174;18;;;12169.0;0.0
sideways_normal_s0;34700;ASH_COATED_OSMIUM;9995;8;9991;20;;;10007;18;10009;12;;;10001.0;0.0
sideways_normal_s0;34800;INTARIAN_PEPPER_ROOT;12165;10;12163;21;;;12173;11;12176;13;;;12169.0;0.0
sideways_normal_s0;34800;ASH_COATED_OSMIUM;9998;16;9996;16;;;10000;6;10003;20;;;9999.0;0.0
sideways_normal_s0;34900;INTARIAN_PEPPER_ROOT;12166;18;12163;19;;;12172;13;12174;13;;;12169.0;0.0
sideways_normal_s0;34900;ASH_COATED_OSMIUM;9994;5;9992;14;;;10004;7;10008;22;;;9999.0;0.0
sideways_normal_s0;35000;INTARIAN_PEPPER_ROOT;12161;13;12158;21;;;12175;20;12178;21;;;12168.0;0.0
sideways_normal_s0;35000;ASH_COATED_OSMIUM;9968;12;9964;16;;;10028;6;10032;17;;;9998.0;0.0
sideways_normal_s0;35100;INTARIAN_PEPPER_ROOT;12164;23;12162;30;;;12168;15;12171;21;;;12166.0;0.0
sideways_normal_s0;35100;ASH_COATED_OSMIUM;10002;5;9998;17;;;10004;9;10008;15;;;10003.0;0.0
sideways_normal_s0;35200;INTARIAN_PEPPER_ROOT;12161;17;12159;26;;;12171;7;12173;22;;;12166.0;0.0
sideways_normal_s0;35200;ASH_COATED_OSMIUM;9986;16;9983;22;;;10018;6;10021;17;;;10002.0;0.0
sideways_normal_s0;35300;INTARIAN_PEPPER_ROOT;12162;10;12158;33;;;12168;26;12171;19;;;12165.0;0.0
sideways_normal_s0;35300;ASH_COATED_OSMIUM;9996;8;9994;18;;;10004;17;10007;23;;;10000.0;0.0
sideways_normal_s0;35400;INTARIAN_PEPPER_ROOT;12162;7;12159;9;;;12166;17;12170;17;;;12164.0;0.0
sideways_normal_s0;35400;ASH_COATED_OSMIUM;9995;10;9992;19;;;10001;14;10005;26;;;9998.0;0.0
sideways_normal_s0;35500;INTARIAN_PEPPER_ROOT;12159;13;12157;17;;;12167;10;12171;30;;;12163.0;0.0
sideways_normal_s0;35500;ASH_COATED_OSMIUM;9996;19;9993;20;;;10006;8;10008;26;;;10001.0;0.0
sideways_normal_s0;35600;INTARIAN_PEPPER_ROOT;12150;5;12147;21;;;12170;20;12174;20;;;12160.0;0.0
sideways_normal_s0;35600;ASH_COATED_OSMIUM;10001;19;9997;26;;;10003;13;10007;30;;;10002.0;0.0
sideways_normal_s0;35700;INTARIAN_PEPPER_ROOT;12155;17;12153;19;;;12165;14;12168;20;;;12160.0;0.0
sideways_normal_s0;35700;ASH_COATED_OSMIUM;9993;14;9989;26;;;10007;6;10011;26;;;10000.0;0.0
sideways_normal_s0;35800;INTARIAN_PEPPER_ROOT;12156;8;12154;16;;;12160;9;12163;26;;;12158.0;0.0
sideways_normal_s0;35800;ASH_COATED_OSMIUM;9995;10;9991;10;;;9999;11;10003;22;;;9997.0;0.0
sideways_normal_s0;35900;INTARIAN_PEPPER_ROOT;12148;18;12146;27;;;12168;14;12170;22;;;12158.0;0.0
sideways_normal_s0;35900;ASH_COATED_OSMIUM;9969;5;9966;26;;;10023;13;10027;15;;;9996.0;0.0
sideways_normal_s0;36000;INTARIAN_PEPPER_ROOT;12145;17;12141;13;;;12171;16;12175;15;;;12158.0;0.0
sideways_normal_s0;36000;ASH_COATED_OSMIUM;9992;12;9990;14;;;9996;8;10000;26;;;9994.0;0.0
sideways_normal_s0;36100;INTARIAN_PEPPER_ROOT;12139;11;12135;14;;;12177;5;12179;26;;;12158.0;0.0
sideways_normal_s0;36100;ASH_COATED_OSMIUM;9996;5;9993;21;;;9998;16;10002;21;;;9997.0;0.0
sideways_normal_s0;36200;INTARIAN_PEPPER_ROOT;12157;17;12155;17;;;12159;14;12161;21;;;12158.0;0.0
sideways_normal_s0;36200;ASH_COATED_OSMIUM;9988;18;9985;22;;;9994;17;9998;10;;;9991.0;0.0
sideways_normal_s0;36300;INTARIAN_PEPPER_ROOT;12146;8;12144;20;;;12170;17;12174;23;;;12158.0;0.0
sideways_normal_s0;36300;ASH_COATED_OSMIUM;9964;20;9961;21;;;10014;21;10017;15;;;9989.0;0.0
sideways_normal_s0;36400;INTARIAN_PEPPER_ROOT;12152;14;12148;21;;;12162;24;12166;13;;;12157.0;0.0
sideways_normal_s0;36400;ASH_COATED_OSMIUM;9992;9;9989;23;;;10002;17;10004;17;;;9997.0;0.0
sideways_normal_s0;36500;INTARIAN_PEPPER_ROOT;12149;19;12146;18;;;12165;8;12167;25;;;12157.0;0.0
sideways_normal_s0;36500;ASH_COATED_OSMIUM;9981;11;9977;21;;;10015;18;10019;22;;;9998.0;0.0
sideways_normal_s0;36600;INTARIAN_PEPPER_ROOT;12153;19;12149;20;;;12157;10;12160;21;;;12155.0;0.0
sideways_normal_s0;36600;ASH_COATED_OSMIUM;9988;11;9985;25;;;10000;26;10004;24;;;9994.0;0.0
sideways_normal_s0;36700;INTARIAN_PEPPER_ROOT;12153;9;12151;18;;;12157;5;12161;18;;;12155.0;0.0
sideways_normal_s0;36700;ASH_COATED_OSMIUM;9988;12;9986;18;;;10000;14;10003;14;;;9994.0;0.0
sideways_normal_s0;36800;INTARIAN_PEPPER_ROOT;12151;6;12148;14;;;12157;7;12159;25;;;12154.0;0.0
sideways_normal_s0;36800;ASH_COATED_OSMIUM;9986;13;9984;20;;;10008;12;10012;13;;;9997.0;0.0
sideways_normal_s0;36900;INTARIAN_PEPPER_ROOT;12142;5;12139;14;;;12162;19;12165;22;;;12152.0;0.0
sideways_normal_s0;36900;ASH_COATED_OSMIUM;9996;7;9994;23;;;10004;6;10007;20;;;10000.0;0.0
sideways_normal_s0;37000;INTARIAN_PEPPER_ROOT;12144;16;12141;21;;;12158;20;12161;22;;;12151.0;0.0
sideways_normal_s0;37000;ASH_COATED_OSMIUM;9993;17;9990;16;;;10001;5;10005;18;;;9997.0;0.0
sideways_normal_s0;37100;INTARIAN_PEPPER_ROOT;12137;6;12133;17;;;12163;13;12166;22;;;12150.0;0.0
sideways_normal_s0;37100;ASH_COATED_OSMIUM;9997;17;9994;23;;;10005;16;10007;12;;;10001.0;0.0
sideways_normal_s0;37200;INTARIAN_PEPPER_ROOT;12149;16;12145;22;;;12151;22;12153;19;;;12150.0;0.0
sideways_normal_s0;37200;ASH_COATED_OSMIUM;9998;10;9996;23;;;10000;10;10004;21;;;9999.0;0.0
sideways_normal_s0;37300;INTARIAN_PEPPER_ROOT;12143;6;12140;17;;;12153;12;12157;15;;;12148.0;0.0
sideways_normal_s0;37300;ASH_COATED_OSMIUM;9982;18;9978;15;;;10008;12;10011;21;;;9995.0;0.0
sideways_normal_s0;37400;INTARIAN_PEPPER_ROOT;12146;19;12142;18;;;12150;14;12154;18;;;12148.0;0.0
sideways_normal_s0;37400;ASH_COATED_OSMIUM;9988;10;9985;24;;;10006;15;10008;19;;;9997.0;0.0
sideways_normal_s0;37500;INTARIAN_PEPPER_ROOT;12131;18;12127;18;;;12163;13;12167;24;;;12147.0;0.0
sideways_normal_s0;37500;ASH_COATED_OSMIUM;9993;12;9991;20;;;10003;23;10005;18;;;9998.0;0.0
sideways_normal_s0;37600;INTARIAN_PEPPER_ROOT;12136;22;12133;21;;;12160;18;12163;29;;;12148.0;0.0
sideways_normal_s0;37600;ASH_COATED_OSMIUM;9987;14;9985;16;;;10009;6;10011;20;;;9998.0;0.0
sideways_normal_s0;37700;INTARIAN_PEPPER_ROOT;12133;18;12131;17;;;12157;11;12161;21;;;12145.0;0.0
sideways_normal_s0;37700;ASH_COATED_OSMIUM;9993;11;9989;28;;;10001;13;10005;10;;;9997.0;0.0
sideways_normal_s0;37800;INTARIAN_PEPPER_ROOT;12143;10;12140;17;;;12145;12;12148;21;;;12144.0;0.0
sideways_normal_s0;37800;ASH_COATED_OSMIUM;9983;12;9979;19;;;10013;17;10015;21;;;9998.0;0.0
sideways_normal_s0;37900;INTARIAN_PEPPER_ROOT;12136;9;12133;18;;;12152;9;12154;21;;;12144.0;0.0
sideways_normal_s0;37900;ASH_COATED_OSMIUM;9979;17;9975;12;;;10017;23;10021;23;;;9998.0;0.0
sideways_normal_s0;38000;INTARIAN_PEPPER_ROOT;12138;5;12136;21;;;12146;15;12150;18;;;12142.0;0.0
sideways_normal_s0;38000;ASH_COATED_OSMIUM;9989;15;9985;25;;;10001;16;10004;30;;;9995.0;0.0
sideways_normal_s0;38100;INTARIAN_PEPPER_ROOT;12140;9;12138;11;;;12142;12;12145;32;;;12141.0;0.0
sideways_normal_s0;38100;ASH_COATED_OSMIUM;9993;13;9990;13;;;9995;15;9997;24;;;9994.0;0.0
sideways_normal_s0;38200;INTARIAN_PEPPER_ROOT;12137;18;12134;20;;;12139;11;12143;17;;;12138.0;0.0
sideways_normal_s0;38200;ASH_COATED_OSMIUM;9987;9;9983;23;;;9995;18;9999;26;;;9991.0;0.0
sideways_normal_s0;38300;INTARIAN_PEPPER_ROOT;12133;18;12129;19;;;12139;21;12141;18;;;12136.0;0.0
sideways_normal_s0;38300;ASH_COATED_OSMIUM;9995;15;9991;24;;;9999;22;10001;16;;;9997.0;0.0
sideways_normal_s0;38400;INTARIAN_PEPPER_ROOT;12129;19;12126;18;;;12141;17;12143;10;;;12135.0;0.0
sideways_normal_s0;38400;ASH_COATED_OSMIUM;9992;12;9990;16;;;9998;23;10001;8;;;9995.0;0.0
sideways_normal_s0;38500;INTARIAN_PEPPER_ROOT;12130;11;12128;22;;;12136;20;12139;11;;;12133.0;0.0
sideways_normal_s0;38500;ASH_COATED_OSMIUM;9986;21;9982;18;;;10008;13;10011;11;;;9997.0;0.0
sideways_normal_s0;38600;INTARIAN_PEPPER_ROOT;12127;15;12125;26;;;12133;8;12135;19;;;12130.0;0.0
sideways_normal_s0;38600;ASH_COATED_OSMIUM;9976;13;9973;16;;;10026;9;10030;14;;;10001.0;0.0
sideways_normal_s0;38700;INTARIAN_PEPPER_ROOT;12122;20;12120;29;;;12134;12;12138;22;;;12128.0;0.0
sideways_normal_s0;38700;ASH_COATED_OSMIUM;9997;7;9993;15;;;9999;12;10001;19;;;9998.0;0.0
sideways_normal_s0;38800;INTARIAN_PEPPER_ROOT;12123;19;12120;27;;;12135;22;12138;11;;;12129.0;0.0
sideways_normal_s0;38800;ASH_COATED_OSMIUM;9987;10;9984;16;;;10009;15;10012;19;;;9998.0;0.0
sideways_normal_s0;38900;INTARIAN_PEPPER_ROOT;12117;24;12113;14;;;12139;17;12142;16;;;12128.0;0.0
sideways_normal_s0;38900;ASH_COATED_OSMIUM;9989;5;9986;23;;;10003;12;10005;23;;;9996.0;0.0
sideways_normal_s0;39000;INTARIAN_PEPPER_ROOT;12127;21;12123;10;;;12129;20;12132;20;;;12128.0;0.0
sideways_normal_s0;39000;ASH_COATED_OSMIUM;9990;9;9987;29;;;10000;12;10002;15;;;9995.0;0.0
sideways_normal_s0;39100;INTARIAN_PEPPER_ROOT;12120;20;12118;8;;;12134;14;12137;23;;;12127.0;0.0
sideways_normal_s0;39100;ASH_COATED_OSMIUM;9993;13;9990;22;;;9995;12;9999;17;;;9994.0;0.0
sideways_normal_s0;39200;INTARIAN_PEPPER_ROOT;12122;16;12118;17;;;12128;12;12132;13;;;12125.0;0.0
sideways_normal_s0;39200;ASH_COATED_OSMIUM;9995;12;9993;15;;;9999;8;10003;25;;;9997.0;0.0
sideways_normal_s0;39300;INTARIAN_PEPPER_ROOT;12119;23;12116;16;;;12125;9;12129;16;;;12122.0;0.0
sideways_normal_s0;39300;ASH_COATED_OSMIUM;9994;16;9991;25;;;9996;14;9999;16;;;9995.0;0.0
sideways_normal_s0;39400;INTARIAN_PEPPER_ROOT;12120;26;12117;20;;;12122;18;12124;15;;;12121.0;0.0
sideways_normal_s0;39400;ASH_COATED_OSMIUM;9984;15;9982;19;;;10006;9;10008;28;;;9995.0;0.0
sideways_normal_s0;39500;INTARIAN_PEPPER_ROOT;12119;16;12115;23;;;12121;10;12124;22;;;12120.0;0.0
sideways_normal_s0;39500;ASH_COATED_OSMIUM;9993;10;9989;19;;;10009;5;10012;24;;;10001.0;0.0
sideways_normal_s0;39600;INTARIAN_PEPPER_ROOT;12114;14;12112;24;;;12126;17;12129;18;;;12120.0;0.0
sideways_normal_s0;39600;ASH_COATED_OSMIUM;9996;11;9994;33;;;10000;16;10003;25;;;9998.0;0.0
sideways_normal_s0;39700;INTARIAN_PEPPER_ROOT;12098;9;12095;14;;;12140;10;12144;23;;;12119.0;0.0
sideways_normal_s0;39700;ASH_COATED_OSMIUM;10001;12;9999;15;;;10003;20;10007;18;;;10002.0;0.0
sideways_normal_s0;39800;INTARIAN_PEPPER_ROOT;12114;19;12112;16;;;12126;9;12130;18;;;12120.0;0.0
sideways_normal_s0;39800;ASH_COATED_OSMIUM;9972;17;9968;22;;;10032;11;10034;21;;;10002.0;0.0
sideways_normal_s0;39900;INTARIAN_PEPPER_ROOT;12113;23;12111;16;;;12127;16;12129;13;;;12120.0;0.0
sideways_normal_s0;39900;ASH_COATED_OSMIUM;10001;17;9997;19;;;10007;8;10010;11;;;10004.0;0.0
sideways_normal_s0;40000;INTARIAN_PEPPER_ROOT;12117;19;12115;17;;;12121;13;12123;34;;;12119.0;0.0
sideways_normal_s0;40000;ASH_COATED_OSMIUM;9995;13;9992;23;;;10009;18;10013;16;;;10002.0;0.0
sideways_normal_s0;40100;INTARIAN_PEPPER_ROOT;12112;16;12109;23;;;12120;20;12123;26;;;12116.0;0.0
sideways_normal_s0;40100;ASH_COATED_OSMIUM;9997;14;9994;20;;;10011;11;10013;23;;;10004.0;0.0
sideways_normal_s0;40200;INTARIAN_PEPPER_ROOT;12115;15;12112;22;;;12117;9;12120;22;;;12116.0;0.0
sideways_normal_s0;40200;ASH_COATED_OSMIUM;10004;14;10001;18;;;10006;9;10008;22;;;10005.0;0.0
sideways_normal_s0;40300;INTARIAN_PEPPER_ROOT;12089;12;12085;17;;;12141;5;12145;23;;;12115.0;0.0
sideways_normal_s0;40300;ASH_COATED_OSMIUM;9995;12;9993;20;;;10013;7;10015;14;;;10004.0;0.0
sideways_normal_s0;40400;INTARIAN_PEPPER_ROOT;12108;9;12105;16;;;12116;12;12120;12;;;12112.0;0.0
sideways_normal_s0;40400;ASH_COATED_OSMIUM;9995;10;9991;19;;;10009;12;10013;12;;;10002.0;0.0
sideways_normal_s0;40500;INTARIAN_PEPPER_ROOT;12102;14;12098;27;;;12122;14;12124;17;;;12112.0;0.0
sideways_normal_s0;40500;ASH_COATED_OSMIUM;9992;5;9990;14;;;10004;5;10008;16;;;9998.0;0.0
sideways_normal_s0;40600;INTARIAN_PEPPER_ROOT;12091;20;12088;25;;;12131;16;12134;17;;;12111.0;0.0
sideways_normal_s0;40600;ASH_COATED_OSMIUM;9983;14;9979;24;;;10011;13;10014;9;;;9997.0;0.0
sideways_normal_s0;40700;INTARIAN_PEPPER_ROOT;12104;6;12102;16;;;12116;9;12119;16;;;12110.0;0.0
sideways_normal_s0;40700;ASH_COATED_OSMIUM;9993;9;9990;13;;;9999;15;10001;13;;;9996.0;0.0
sideways_normal_s0;40800;INTARIAN_PEPPER_ROOT;12100;10;12098;25;;;12118;5;12122;16;;;12109.0;0.0
sideways_normal_s0;40800;ASH_COATED_OSMIUM;9986;20;9982;23;;;10004;20;10006;28;;;9995.0;0.0
sideways_normal_s0;40900;INTARIAN_PEPPER_ROOT;12103;23;12101;19;;;12111;6;12115;17;;;12107.0;0.0
sideways_normal_s0;40900;ASH_COATED_OSMIUM;9983;9;9980;17;;;10003;9;10007;19;;;9993.0;0.0
sideways_normal_s0;41000;INTARIAN_PEPPER_ROOT;12089;20;12085;26;;;12119;13;12122;18;;;12104.0;0.0
sideways_normal_s0;41000;ASH_COATED_OSMIUM;9992;6;9988;13;;;9996;17;9999;19;;;9994.0;0.0
sideways_normal_s0;41100;INTARIAN_PEPPER_ROOT;12099;10;12095;22;;;12111;11;12113;20;;;12105.0;0.0
sideways_normal_s0;41100;ASH_COATED_OSMIUM;9976;11;9974;19;;;10010;16;10014;23;;;9993.0;0.0
sideways_normal_s0;41200;INTARIAN_PEPPER_ROOT;12099;16;12096;22;;;12107;16;12109;26;;;12103.0;0.0
sideways_normal_s0;41200;ASH_COATED_OSMIUM;9976;9;9972;19;;;10012;17;10014;28;;;9994.0;0.0
sideways_normal_s0;41300;INTARIAN_PEPPER_ROOT;12093;10;12090;24;;;12109;22;12113;20;;;12101.0;0.0
sideways_normal_s0;41300;ASH_COATED_OSMIUM;9992;13;9989;24;;;10004;13;10007;13;;;9998.0;0.0
sideways_normal_s0;41400;INTARIAN_PEPPER_ROOT;12095;15;12093;25;;;12109;20;12111;20;;;12102.0;0.0
sideways_normal_s0;41400;ASH_COATED_OSMIUM;9992;9;9990;19;;;10004;10;10008;19;;;9998.0;0.0
sideways_normal_s0;41500;INTARIAN_PEPPER_ROOT;12097;6;12094;18;;;12105;5;12109;21;;;12101.0;0.0
sideways_normal_s0;41500;ASH_COATED_OSMIUM;9996;9;9993;26;;;9998;12;10001;20;;;9997.0;0.0
sideways_normal_s0;41600;INTARIAN_PEPPER_ROOT;12100;15;12097;15;;;12102;14;12104;21;;;12101.0;0.0
sideways_normal_s0;41600;ASH_COATED_OSMIUM;9982;8;9980;14;;;10014;16;10016;13;;;9998.0;0.0
sideways_normal_s0;41700;INTARIAN_PEPPER_ROOT;12092;6;12090;21;;;12108;12;12110;24;;;12100.0;0.0
sideways_normal_s0;41700;ASH_COATED_OSMIUM;9993;5;9990;26;;;10011;17;10015;19;;;10002.0;0.0
sideways_normal_s0;41800;INTARIAN_PEPPER_ROOT;12089;10;12085;21;;;12111;24;12114;18;;;12100.0;0.0
sideways_normal_s0;41800;ASH_COATED_OSMIUM;10003;13;10001;11;;;10005;8;10009;18;;;10004.0;0.0
sideways_normal_s0;41900;INTARIAN_PEPPER_ROOT;12100;11;12096;13;;;12102;20;12104;26;;;12101.0;0.0
sideways_normal_s0;41900;ASH_COATED_OSMIUM;9986;11;9983;24;;;10026;13;10029;18;;;10006.0;0.0
sideways_normal_s0;42000;INTARIAN_PEPPER_ROOT;12092;16;12090;14;;;12108;17;12110;8;;;12100.0;0.0
sideways_normal_s0;42000;ASH_COATED_OSMIUM;10001;5;9999;26;;;10003;8;10005;12;;;10002.0;0.0
sideways_normal_s0;42100;INTARIAN_PEPPER_ROOT;12099;12;12096;14;;;12101;21;12105;17;;;12100.0;0.0
sideways_normal_s0;42100;ASH_COATED_OSMIUM;9996;19;9993;15;;;10000;11;10003;26;;;9998.0;0.0
sideways_normal_s0;42200;INTARIAN_PEPPER_ROOT;12091;11;12089;20;;;12101;17;12105;16;;;12096.0;0.0
sideways_normal_s0;42200;ASH_COATED_OSMIUM;9992;5;9990;19;;;9996;12;9998;9;;;9994.0;0.0
sideways_normal_s0;42300;INTARIAN_PEPPER_ROOT;12095;17;12093;16;;;12097;6;12100;18;;;12096.0;0.0
sideways_normal_s0;42300;ASH_COATED_OSMIUM;9992;11;9988;12;;;10004;14;10008;17;;;9998.0;0.0
sideways_normal_s0;42400;INTARIAN_PEPPER_ROOT;12081;26;12077;14;;;12105;16;12107;19;;;12093.0;0.0
sideways_normal_s0;42400;ASH_COATED_OSMIUM;9993;13;9990;28;;;9995;13;9997;23;;;9994.0;0.0
sideways_normal_s0;42500;INTARIAN_PEPPER_ROOT;12092;15;12089;15;;;12094;19;12098;29;;;12093.0;0.0
sideways_normal_s0;42500;ASH_COATED_OSMIUM;9996;8;9994;19;;;9998;20;10000;15;;;9997.0;0.0
sideways_normal_s0;42600;INTARIAN_PEPPER_ROOT;12086;8;12082;19;;;12098;13;12102;14;;;12092.0;0.0
sideways_normal_s0;42600;ASH_COATED_OSMIUM;9996;13;9993;21;;;9998;10;10000;19;;;9997.0;0.0
sideways_normal_s0;42700;INTARIAN_PEPPER_ROOT;12080;17;12077;22;;;12096;19;12100;23;;;12088.0;0.0
sideways_normal_s0;42700;ASH_COATED_OSMIUM;9998;8;9994;18;;;10000;10;10004;21;;;9999.0;0.0
sideways_normal_s0;42800;INTARIAN_PEPPER_ROOT;12081;15;12078;18;;;12093;18;12096;18;;;12087.0;0.0
sideways_normal_s0;42800;ASH_COATED_OSMIUM;10001;8;9997;20;;;10003;16;10006;22;;;10002.0;0.0
sideways_normal_s0;42900;INTARIAN_PEPPER_ROOT;12084;13;12080;18;;;12086;18;12089;20;;;12085.0;0.0
sideways_normal_s0;42900;ASH_COATED_OSMIUM;10003;20;10001;19;;;10007;13;10011;14;;;10005.0;0.0
sideways_normal_s0;43000;INTARIAN_PEPPER_ROOT;12082;15;12080;14;;;12084;11;12088;19;;;12083.0;0.0
sideways_normal_s0;43000;ASH_COATED_OSMIUM;10006;5;10002;17;;;10016;13;10018;27;;;10011.0;0.0
sideways_normal_s0;43100;INTARIAN_PEPPER_ROOT;12079;11;12075;18;;;12083;18;12086;20;;;12081.0;0.0
sideways_normal_s0;43100;ASH_COATED_OSMIUM;9994;14;9991;18;;;10022;17;10026;18;;;10008.0;0.0
sideways_normal_s0;43200;INTARIAN_PEPPER_ROOT;12080;5;12076;17;;;12082;7;12086;19;;;12081.0;0.0
sideways_normal_s0;43200;ASH_COATED_OSMIUM;10012;12;10010;18;;;10014;15;10016;20;;;10013.0;0.0
sideways_normal_s0;43300;INTARIAN_PEPPER_ROOT;12076;6;12072;26;;;12082;13;12086;16;;;12079.0;0.0
sideways_normal_s0;43300;ASH_COATED_OSMIUM;9991;14;9987;15;;;10033;21;10037;24;;;10012.0;0.0
sideways_normal_s0;43400;INTARIAN_PEPPER_ROOT;12064;12;12062;17;;;12090;20;12092;22;;;12077.0;0.0
sideways_normal_s0;43400;ASH_COATED_OSMIUM;10009;9;10005;12;;;10011;16;10013;19;;;10010.0;0.0
sideways_normal_s0;43500;INTARIAN_PEPPER_ROOT;12071;21;12069;22;;;12081;6;12084;22;;;12076.0;0.0
sideways_normal_s0;43500;ASH_COATED_OSMIUM;10002;17;10000;18;;;10018;21;10022;12;;;10010.0;0.0
sideways_normal_s0;43600;INTARIAN_PEPPER_ROOT;12075;16;12072;19;;;12077;21;12080;23;;;12076.0;0.0
sideways_normal_s0;43600;ASH_COATED_OSMIUM;10004;7;10001;24;;;10008;25;10010;17;;;10006.0;0.0
sideways_normal_s0;43700;INTARIAN_PEPPER_ROOT;12073;20;12069;15;;;12075;14;12078;8;;;12074.0;0.0
sideways_normal_s0;43700;ASH_COATED_OSMIUM;10006;16;10004;17;;;10008;13;10012;8;;;10007.0;0.0
sideways_normal_s0;43800;INTARIAN_PEPPER_ROOT;12073;19;12069;12;;;12077;16;12079;27;;;12075.0;0.0
sideways_normal_s0;43800;ASH_COATED_OSMIUM;9993;10;9991;21;;;10017;16;10019;14;;;10005.0;0.0
sideways_normal_s0;43900;INTARIAN_PEPPER_ROOT;12072;12;12069;19;;;12074;14;12078;20;;;12073.0;0.0
sideways_normal_s0;43900;ASH_COATED_OSMIUM;9988;13;9985;25;;;10024;10;10028;18;;;10006.0;0.0
sideways_normal_s0;44000;INTARIAN_PEPPER_ROOT;12060;18;12057;26;;;12082;17;12084;18;;;12071.0;0.0
sideways_normal_s0;44000;ASH_COATED_OSMIUM;10008;9;10004;15;;;10010;9;10013;25;;;10009.0;0.0
sideways_normal_s0;44100;INTARIAN_PEPPER_ROOT;12068;12;12066;26;;;12070;12;12072;24;;;12069.0;0.0
sideways_normal_s0;44100;ASH_COATED_OSMIUM;9993;22;9989;22;;;10033;10;10037;25;;;10013.0;0.0
sideways_normal_s0;44200;INTARIAN_PEPPER_ROOT;12066;23;12062;19;;;12068;15;12070;23;;;12067.0;0.0
sideways_normal_s0;44200;ASH_COATED_OSMIUM;10009;8;10005;25;;;10011;13;10015;18;;;10010.0;0.0
sideways_normal_s0;44300;INTARIAN_PEPPER_ROOT;12062;12;12060;21;;;12070;10;12074;19;;;12066.0;0.0
sideways_normal_s0;44300;ASH_COATED_OSMIUM;9991;15;9988;15;;;10027;15;10031;22;;;10009.0;0.0
sideways_normal_s0;44400;INTARIAN_PEPPER_ROOT;12062;21;12060;24;;;12068;5;12072;20;;;12065.0;0.0
sideways_normal_s0;44400;ASH_COATED_OSMIUM;10010;9;10007;22;;;10012;17;10014;22;;;10011.0;0.0
sideways_normal_s0;44500;INTARIAN_PEPPER_ROOT;12062;17;12058;17;;;12066;15;12069;9;;;12064.0;0.0
sideways_normal_s0;44500;ASH_COATED_OSMIUM;10005;10;10003;18;;;10023;17;10026;25;;;10014.0;0.0
sideways_normal_s0;44600;INTARIAN_PEPPER_ROOT;12062;15;12060;15;;;12064;14;12066;13;;;12063.0;0.0
sideways_normal_s0;44600;ASH_COATED_OSMIUM;10015;10;10013;14;;;10019;11;10022;18;;;10017.0;0.0
sideways_normal_s0;44700;INTARIAN_PEPPER_ROOT;12059;11;12055;15;;;12063;14;12065;12;;;12061.0;0.0
sideways_normal_s0;44700;ASH_COATED_OSMIUM;10008;17;10004;29;;;10020;12;10022;23;;;10014.0;0.0
sideways_normal_s0;44800;INTARIAN_PEPPER_ROOT;12055;13;12052;13;;;12063;11;12065;20;;;12059.0;0.0
sideways_normal_s0;44800;ASH_COATED_OSMIUM;10011;19;10008;25;;;10017;9;10019;20;;;10014.0;0.0
sideways_normal_s0;44900;INTARIAN_PEPPER_ROOT;12054;18;12051;27;;;12060;8;12064;19;;;12057.0;0.0
sideways_normal_s0;44900;ASH_COATED_OSMIUM;10004;11;10002;19;;;10008;11;10012;22;;;10006.0;0.0
sideways_normal_s0;45000;INTARIAN_PEPPER_ROOT;12052;22;12050;15;;;12056;5;12060;22;;;12054.0;0.0
sideways_normal_s0;45000;ASH_COATED_OSMIUM;10003;13;9999;29;;;10005;6;10009;16;;;10004.0;0.0
sideways_normal_s0;45100;INTARIAN_PEPPER_ROOT;12052;18;12048;13;;;12056;19;12058;19;;;12054.0;0.0
sideways_normal_s0;45100;ASH_COATED_OSMIUM;10000;14;9998;28;;;10002;16;10006;8;;;10001.0;0.0
sideways_normal_s0;45200;INTARIAN_PEPPER_ROOT;12030;5;12028;20;;;12076;20;12078;16;;;12053.0;0.0
sideways_normal_s0;45200;ASH_COATED_OSMIUM;9983;20;9981;29;;;10023;5;10025;23;;;10003.0;0.0
sideways_normal_s0;45300;INTARIAN_PEPPER_ROOT;12051;9;12048;28;;;12053;8;12057;28;;;12052.0;0.0
sideways_normal_s0;45300;ASH_COATED_OSMIUM;9975;17;9971;22;;;10019;8;10022;17;;;9997.0;0.0
sideways_normal_s0;45400;INTARIAN_PEPPER_ROOT;12047;18;12043;23;;;12055;14;12059;18;;;12051.0;0.0
sideways_normal_s0;45400;ASH_COATED_OSMIUM;9974;13;9970;17;;;10018;18;10021;24;;;9996.0;0.0
sideways_normal_s0;45500;INTARIAN_PEPPER_ROOT;12047;13;12045;16;;;12057;9;12061;24;;;12052.0;0.0
sideways_normal_s0;45500;ASH_COATED_OSMIUM;9970;13;9967;15;;;10020;5;10023;22;;;9995.0;0.0
sideways_normal_s0;45600;INTARIAN_PEPPER_ROOT;12032;19;12028;16;;;12068;13;12071;28;;;12050.0;0.0
sideways_normal_s0;45600;ASH_COATED_OSMIUM;9990;14;9987;17;;;10002;16;10004;19;;;9996.0;0.0
sideways_normal_s0;45700;INTARIAN_PEPPER_ROOT;12039;7;12037;16;;;12055;16;12059;20;;;12047.0;0.0
sideways_normal_s0;45700;ASH_COATED_OSMIUM;9993;11;9991;18;;;10003;9;10006;22;;;9998.0;0.0
sideways_normal_s0;45800;INTARIAN_PEPPER_ROOT;12041;10;12038;18;;;12049;24;12052;28;;;12045.0;0.0
sideways_normal_s0;45800;ASH_COATED_OSMIUM;9981;6;9979;22;;;10009;14;10012;19;;;9995.0;0.0
sideways_normal_s0;45900;INTARIAN_PEPPER_ROOT;12040;7;12037;28;;;12046;18;12049;23;;;12043.0;0.0
sideways_normal_s0;45900;ASH_COATED_OSMIUM;9997;19;9994;25;;;10001;15;10004;30;;;9999.0;0.0
sideways_normal_s0;46000;INTARIAN_PEPPER_ROOT;12038;20;12034;21;;;12044;16;12046;14;;;12041.0;0.0
sideways_normal_s0;46000;ASH_COATED_OSMIUM;10000;12;9997;8;;;10004;11;10006;27;;;10002.0;0.0
sideways_normal_s0;46100;INTARIAN_PEPPER_ROOT;12032;17;12028;17;;;12046;14;12049;18;;;12039.0;0.0
sideways_normal_s0;46100;ASH_COATED_OSMIUM;10001;15;9998;22;;;10007;11;10009;25;;;10004.0;0.0
sideways_normal_s0;46200;INTARIAN_PEPPER_ROOT;12036;16;12034;17;;;12038;11;12040;14;;;12037.0;0.0
sideways_normal_s0;46200;ASH_COATED_OSMIUM;10002;17;9998;27;;;10006;11;10008;13;;;10004.0;0.0
sideways_normal_s0;46300;INTARIAN_PEPPER_ROOT;12029;27;12025;15;;;12043;17;12046;21;;;12036.0;0.0
sideways_normal_s0;46300;ASH_COATED_OSMIUM;10000;15;9997;18;;;10004;8;10008;22;;;10002.0;0.0
sideways_normal_s0;46400;INTARIAN_PEPPER_ROOT;12027;14;12024;28;;;12041;20;12045;26;;;12034.0;0.0
sideways_normal_s0;46400;ASH_COATED_OSMIUM;9978;9;9974;19;;;10014;9;10017;18;;;9996.0;0.0
sideways_normal_s0;46500;INTARIAN_PEPPER_ROOT;12032;9;12029;19;;;12038;13;12041;21;;;12035.0;0.0
sideways_normal_s0;46500;ASH_COATED_OSMIUM;9996;16;9994;30;;;9998;11;10000;21;;;9997.0;0.0
sideways_normal_s0;46600;INTARIAN_PEPPER_ROOT;12032;14;12029;17;;;12034;8;12036;26;;;12033.0;0.0
sideways_normal_s0;46600;ASH_COATED_OSMIUM;10002;14;9999;17;;;10006;5;10009;33;;;10004.0;0.0
sideways_normal_s0;46700;INTARIAN_PEPPER_ROOT;12011;16;12008;16;;;12049;9;12051;20;;;12030.0;0.0
sideways_normal_s0;46700;ASH_COATED_OSMIUM;9994;16;9992;22;;;10018;16;10020;26;;;10006.0;0.0
sideways_normal_s0;46800;INTARIAN_PEPPER_ROOT;12018;9;12014;12;;;12034;17;12037;23;;;12026.0;0.0
sideways_normal_s0;46800;ASH_COATED_OSMIUM;9999;9;9995;16;;;10013;22;10017;21;;;10006.0;0.0
sideways_normal_s0;46900;INTARIAN_PEPPER_ROOT;12024;16;12022;23;;;12026;16;12030;28;;;12025.0;0.0
sideways_normal_s0;46900;ASH_COATED_OSMIUM;10004;11;10002;19;;;10008;13;10010;16;;;10006.0;0.0
sideways_normal_s0;47000;INTARIAN_PEPPER_ROOT;12019;15;12015;24;;;12025;12;12029;23;;;12022.0;0.0
sideways_normal_s0;47000;ASH_COATED_OSMIUM;10004;15;10001;27;;;10014;23;10018;24;;;10009.0;0.0
sideways_normal_s0;47100;INTARIAN_PEPPER_ROOT;12019;8;12017;14;;;12021;13;12024;26;;;12020.0;0.0
sideways_normal_s0;47100;ASH_COATED_OSMIUM;10011;12;10008;21;;;10013;7;10017;23;;;10012.0;0.0
sideways_normal_s0;47200;INTARIAN_PEPPER_ROOT;11993;14;11989;15;;;12043;18;12046;30;;;12018.0;0.0
sideways_normal_s0;47200;ASH_COATED_OSMIUM;9989;7;9986;19;;;10029;16;10032;19;;;10009.0;0.0
sideways_normal_s0;47300;INTARIAN_PEPPER_ROOT;12011;20;12008;28;;;12021;5;12024;27;;;12016.0;0.0
sideways_normal_s0;47300;ASH_COATED_OSMIUM;10003;9;10001;14;;;10011;13;10015;28;;;10007.0;0.0
sideways_normal_s0;47400;INTARIAN_PEPPER_ROOT;12016;16;12014;26;;;12018;5;12021;22;;;12017.0;0.0
sideways_normal_s0;47400;ASH_COATED_OSMIUM;10003;13;10001;26;;;10015;12;10019;23;;;10009.0;0.0
sideways_normal_s0;47500;INTARIAN_PEPPER_ROOT;12012;6;12009;21;;;12020;6;12023;20;;;12016.0;0.0
sideways_normal_s0;47500;ASH_COATED_OSMIUM;10002;18;9998;15;;;10016;5;10018;16;;;10009.0;0.0
sideways_normal_s0;47600;INTARIAN_PEPPER_ROOT;12007;18;12003;11;;;12025;9;12029;18;;;12016.0;0.0
sideways_normal_s0;47600;ASH_COATED_OSMIUM;10004;29;10001;23;;;10018;5;10021;23;;;10011.0;0.0
sideways_normal_s0;47700;INTARIAN_PEPPER_ROOT;12012;11;12009;14;;;12014;11;12018;17;;;12013.0;0.0
sideways_normal_s0;47700;ASH_COATED_OSMIUM;10011;20;10008;25;;;10013;25;10016;17;;;10012.0;0.0
sideways_normal_s0;47800;INTARIAN_PEPPER_ROOT;12010;17;12008;25;;;12016;12;12020;11;;;12013.0;0.0
sideways_normal_s0;47800;ASH_COATED_OSMIUM;9988;17;9985;21;;;10026;5;10028;22;;;10007.0;0.0
sideways_normal_s0;47900;INTARIAN_PEPPER_ROOT;12011;12;12007;24;;;12013;25;12015;16;;;12012.0;0.0
sideways_normal_s0;47900;ASH_COATED_OSMIUM;10004;18;10000;20;;;10008;8;10012;21;;;10006.0;0.0
sideways_normal_s0;48000;INTARIAN_PEPPER_ROOT;12010;14;12008;23;;;12012;13;12016;21;;;12011.0;0.0
sideways_normal_s0;48000;ASH_COATED_OSMIUM;10006;19;10003;26;;;10008;12;10011;14;;;10007.0;0.0
sideways_normal_s0;48100;INTARIAN_PEPPER_ROOT;12003;23;11999;23;;;12019;9;12022;16;;;12011.0;0.0
sideways_normal_s0;48100;ASH_COATED_OSMIUM;10007;14;10004;20;;;10009;15;10011;16;;;10008.0;0.0
sideways_normal_s0;48200;INTARIAN_PEPPER_ROOT;12007;14;12004;13;;;12009;10;12012;16;;;12008.0;0.0
sideways_normal_s0;48200;ASH_COATED_OSMIUM;10006;18;10002;17;;;10010;12;10013;17;;;10008.0;0.0
sideways_normal_s0;48300;INTARIAN_PEPPER_ROOT;11999;9;11995;12;;;12013;11;12017;19;;;12006.0;0.0
sideways_normal_s0;48300;ASH_COATED_OSMIUM;10001;8;9997;18;;;10019;9;10023;19;;;10010.0;0.0
sideways_normal_s0;48400;INTARIAN_PEPPER_ROOT;11993;6;11990;24;;;12019;15;12021;22;;;12006.0;0.0
sideways_normal_s0;48400;ASH_COATED_OSMIUM;9992;8;9990;21;;;10032;9;10036;21;;;10012.0;0.0
sideways_normal_s0;48500;INTARIAN_PEPPER_ROOT;11993;5;11990;17;;;12009;5;12011;20;;;12001.0;0.0
sideways_normal_s0;48500;ASH_COATED_OSMIUM;10009;14;10007;28;;;10011;16;10013;14;;;10010.0;0.0
sideways_normal_s0;48600;INTARIAN_PEPPER_ROOT;11999;16;11996;19;;;12005;22;12007;28;;;12002.0;0.0
sideways_normal_s0;48600;ASH_COATED_OSMIUM;10008;16;10004;26;;;10016;20;10020;17;;;10012.0;0.0
sideways_normal_s0;48700;INTARIAN_PEPPER_ROOT;11989;5;11986;13;;;12013;9;12016;19;;;12001.0;0.0
sideways_normal_s0;48700;ASH_COATED_OSMIUM;10008;23;10004;15;;;10012;18;10014;27;;;10010.0;0.0
sideways_normal_s0;48800;INTARIAN_PEPPER_ROOT;11983;21;11981;21;;;12015;13;12019;20;;;11999.0;0.0
sideways_normal_s0;48800;ASH_COATED_OSMIUM;10007;5;10005;23;;;10011;11;10013;17;;;10009.0;0.0
sideways_normal_s0;48900;INTARIAN_PEPPER_ROOT;11993;16;11989;19;;;12003;16;12005;16;;;11998.0;0.0
sideways_normal_s0;48900;ASH_COATED_OSMIUM;9991;13;9988;30;;;10029;16;10031;16;;;10010.0;0.0
sideways_normal_s0;49000;INTARIAN_PEPPER_ROOT;11993;16;11991;25;;;11997;15;11999;27;;;11995.0;0.0
sideways_normal_s0;49000;ASH_COATED_OSMIUM;9995;11;9992;12;;;10023;15;10026;14;;;10009.0;0.0
sideways_normal_s0;49100;INTARIAN_PEPPER_ROOT;11985;20;11982;12;;;12003;16;12006;18;;;11994.0;0.0
sideways_normal_s0;49100;ASH_COATED_OSMIUM;9998;12;9995;29;;;10024;18;10026;24;;;10011.0;0.0
sideways_normal_s0;49200;INTARIAN_PEPPER_ROOT;11990;10;11988;20;;;11996;15;11999;18;;;11993.0;0.0
sideways_normal_s0;49200;ASH_COATED_OSMIUM;10011;5;10008;20;;;10013;14;10016;19;;;10012.0;0.0
sideways_normal_s0;49300;INTARIAN_PEPPER_ROOT;11992;11;11990;19;;;11994;15;11996;26;;;11993.0;0.0
sideways_normal_s0;49300;ASH_COATED_OSMIUM;10003;10;10000;25;;;10021;8;10023;19;;;10012.0;0.0
sideways_normal_s0;49400;INTARIAN_PEPPER_ROOT;11993;17;11989;14;;;11997;15;12001;22;;;11995.0;0.0
sideways_normal_s0;49400;ASH_COATED_OSMIUM;10011;14;10007;18;;;10017;7;10020;26;;;10014.0;0.0
sideways_normal_s0;49500;INTARIAN_PEPPER_ROOT;11991;22;11987;21;;;11993;14;11997;9;;;11992.0;0.0
sideways_normal_s0;49500;ASH_COATED_OSMIUM;10001;13;9998;25;;;10021;20;10025;24;;;10011.0;0.0
sideways_normal_s0;49600;INTARIAN_PEPPER_ROOT;11985;16;11983;16;;;11997;14;12001;27;;;11991.0;0.0
sideways_normal_s0;49600;ASH_COATED_OSMIUM;9990;16;9987;30;;;10038;14;10042;25;;;10014.0;0.0
sideways_normal_s0;49700;INTARIAN_PEPPER_ROOT;11978;22;11976;23;;;12000;12;12002;22;;;11989.0;0.0
sideways_normal_s0;49700;ASH_COATED_OSMIUM;10002;8;10000;22;;;10032;12;10036;18;;;10017.0;0.0
sideways_normal_s0;49800;INTARIAN_PEPPER_ROOT;11968;19;11964;23;;;12004;22;12007;25;;;11986.0;0.0
sideways_normal_s0;49800;ASH_COATED_OSMIUM;10014;15;10011;23;;;10016;12;10019;22;;;10015.0;0.0
sideways_normal_s0;49900;INTARIAN_PEPPER_ROOT;11983;5;11980;17;;;11985;12;11987;18;;;11984.0;0.0
sideways_normal_s0;49900;ASH_COATED_OSMIUM;10003;10;10000;22;;;10017;15;10021;17;;;10010.0;0.0
sideways_normal_s0;50000;INTARIAN_PEPPER_ROOT;11980;10;11977;17;;;11986;14;11989;25;;;11983.0;0.0
sideways_normal_s0;50000;ASH_COATED_OSMIUM;10010;8;10006;15;;;10014;8;10016;22;;;10012.0;0.0
sideways_normal_s0;50100;INTARIAN_PEPPER_ROOT;11974;10;11970;25;;;11988;15;11990;18;;;11981.0;0.0
sideways_normal_s0;50100;ASH_COATED_OSMIUM;10014;11;10012;18;;;10016;5;10018;18;;;10015.0;0.0
sideways_normal_s0;50200;INTARIAN_PEPPER_ROOT;11980;16;11978;19;;;11982;19;11985;30;;;11981.0;0.0
sideways_normal_s0;50200;ASH_COATED_OSMIUM;10012;9;10009;22;;;10014;11;10018;21;;;10013.0;0.0
sideways_normal_s0;50300;INTARIAN_PEPPER_ROOT;11977;23;11974;26;;;11983;16;11987;28;;;11980.0;0.0
sideways_normal_s0;50300;ASH_COATED_OSMIUM;10003;8;10000;23;;;10021;9;10023;32;;;10012.0;0.0
sideways_normal_s0;50400;INTARIAN_PEPPER_ROOT;11969;20;11965;18;;;11987;5;11990;15;;;11978.0;0.0
sideways_normal_s0;50400;ASH_COATED_OSMIUM;9982;18;9980;22;;;10032;5;10035;14;;;10007.0;0.0
sideways_normal_s0;50500;INTARIAN_PEPPER_ROOT;11956;8;11953;19;;;11994;18;11996;9;;;11975.0;0.0
sideways_normal_s0;50500;ASH_COATED_OSMIUM;9985;8;9983;20;;;10029;12;10033;17;;;10007.0;0.0
sideways_normal_s0;50600;INTARIAN_PEPPER_ROOT;11971;14;11967;21;;;11973;28;11977;15;;;11972.0;0.0
sideways_normal_s0;50600;ASH_COATED_OSMIUM;10000;14;9997;21;;;10012;15;10016;24;;;10006.0;0.0
sideways_normal_s0;50700;INTARIAN_PEPPER_ROOT;11968;10;11965;12;;;11970;5;11972;23;;;11969.0;0.0
sideways_normal_s0;50700;ASH_COATED_OSMIUM;9996;19;9992;21;;;10012;17;10015;19;;;10004.0;0.0
sideways_normal_s0;50800;INTARIAN_PEPPER_ROOT;11957;13;11953;16;;;11979;22;11983;15;;;11968.0;0.0
sideways_normal_s0;50800;ASH_COATED_OSMIUM;9986;5;9983;17;;;10018;19;10021;26;;;10002.0;0.0
sideways_normal_s0;50900;INTARIAN_PEPPER_ROOT;11947;15;11943;21;;;11985;15;11987;26;;;11966.0;0.0
sideways_normal_s0;50900;ASH_COATED_OSMIUM;9984;18;9981;13;;;10014;10;10018;16;;;9999.0;0.0
sideways_normal_s0;51000;INTARIAN_PEPPER_ROOT;11965;14;11962;18;;;11967;11;11970;29;;;11966.0;0.0
sideways_normal_s0;51000;ASH_COATED_OSMIUM;10002;7;9998;13;;;10004;9;10006;28;;;10003.0;0.0
sideways_normal_s0;51100;INTARIAN_PEPPER_ROOT;11963;19;11959;15;;;11969;10;11971;23;;;11966.0;0.0
sideways_normal_s0;51100;ASH_COATED_OSMIUM;9990;21;9988;18;;;10006;15;10009;22;;;9998.0;0.0
sideways_normal_s0;51200;INTARIAN_PEPPER_ROOT;11956;14;11953;18;;;11970;17;11974;24;;;11963.0;0.0
sideways_normal_s0;51200;ASH_COATED_OSMIUM;9972;12;9970;17;;;10008;24;10011;22;;;9990.0;0.0
sideways_normal_s0;51300;INTARIAN_PEPPER_ROOT;11952;12;11949;14;;;11966;15;11969;20;;;11959.0;0.0
sideways_normal_s0;51300;ASH_COATED_OSMIUM;9984;10;9981;13;;;9992;16;9996;14;;;9988.0;0.0
sideways_normal_s0;51400;INTARIAN_PEPPER_ROOT;11934;20;11931;14;;;11980;16;11982;21;;;11957.0;0.0
sideways_normal_s0;51400;ASH_COATED_OSMIUM;9987;16;9985;24;;;9991;15;9993;17;;;9989.0;0.0
sideways_normal_s0;51500;INTARIAN_PEPPER_ROOT;11951;18;11948;26;;;11961;11;11963;30;;;11956.0;0.0
sideways_normal_s0;51500;ASH_COATED_OSMIUM;9992;10;9990;21;;;9994;13;9998;31;;;9993.0;0.0
sideways_normal_s0;51600;INTARIAN_PEPPER_ROOT;11945;15;11943;30;;;11965;21;11969;21;;;11955.0;0.0
sideways_normal_s0;51600;ASH_COATED_OSMIUM;9968;16;9964;12;;;10012;5;10014;12;;;9990.0;0.0
sideways_normal_s0;51700;INTARIAN_PEPPER_ROOT;11948;16;11945;28;;;11960;16;11963;18;;;11954.0;0.0
sideways_normal_s0;51700;ASH_COATED_OSMIUM;9990;15;9987;27;;;10002;8;10006;24;;;9996.0;0.0
sideways_normal_s0;51800;INTARIAN_PEPPER_ROOT;11949;14;11945;20;;;11957;17;11960;19;;;11953.0;0.0
sideways_normal_s0;51800;ASH_COATED_OSMIUM;9995;16;9993;29;;;10001;20;10003;27;;;9998.0;0.0
sideways_normal_s0;51900;INTARIAN_PEPPER_ROOT;11952;10;11949;19;;;11956;14;11959;11;;;11954.0;0.0
sideways_normal_s0;51900;ASH_COATED_OSMIUM;9998;13;9994;15;;;10000;5;10002;19;;;9999.0;0.0
sideways_normal_s0;52000;INTARIAN_PEPPER_ROOT;11951;14;11949;15;;;11953;15;11955;21;;;11952.0;0.0
sideways_normal_s0;52000;ASH_COATED_OSMIUM;9978;18;9975;18;;;10018;10;10021;24;;;9998.0;0.0
sideways_normal_s0;52100;INTARIAN_PEPPER_ROOT;11937;17;11935;13;;;11961;26;11964;13;;;11949.0;0.0
sideways_normal_s0;52100;ASH_COATED_OSMIUM;9990;9;9987;22;;;10008;19;10010;21;;;9999.0;0.0
sideways_normal_s0;52200;INTARIAN_PEPPER_ROOT;11938;12;11936;20;;;11954;13;11956;23;;;11946.0;0.0
sideways_normal_s0;52200;ASH_COATED_OSMIUM;9974;19;9972;16;;;10028;5;10032;22;;;10001.0;0.0
sideways_normal_s0;52300;INTARIAN_PEPPER_ROOT;11939;17;11937;18;;;11947;17;11950;20;;;11943.0;0.0
sideways_normal_s0;52300;ASH_COATED_OSMIUM;9995;10;9993;15;;;10005;10;10007;9;;;10000.0;0.0
sideways_normal_s0;52400;INTARIAN_PEPPER_ROOT;11931;12;11927;19;;;11955;19;11959;16;;;11943.0;0.0
sideways_normal_s0;52400;ASH_COATED_OSMIUM;9986;20;9984;14;;;10012;15;10015;25;;;9999.0;0.0
sideways_normal_s0;52500;INTARIAN_PEPPER_ROOT;11932;15;11930;20;;;11950;14;11952;21;;;11941.0;0.0
sideways_normal_s0;52500;ASH_COATED_OSMIUM;9987;20;9985;30;;;10001;14;10003;11;;;9994.0;0.0
sideways_normal_s0;52600;INTARIAN_PEPPER_ROOT;11935;13;11931;18;;;11943;16;11945;27;;;11939.0;0.0
