day;timestamp;product;bid_price_1;bid_volume_1;bid_price_2;bid_volume_2;bid_price_3;bid_volume_3;ask_price_1;ask_volume_1;ask_price_2;ask_volume_2;ask_price_3;ask_volume_3;mid_price;profit_and_loss
spike_crash_volatile_s0;0;INTARIAN_PEPPER_ROOT;11000;15;10997;17;;;11008;20;11012;22;;;11004.0;0.0
spike_crash_volatile_s0;0;ASH_COATED_OSMIUM;9998;17;9994;19;;;10000;11;10004;15;;;9999.0;0.0
spike_crash_volatile_s0;100;INTARIAN_PEPPER_ROOT;10994;20;10990;15;;;11016;20;11018;18;;;11005.0;0.0
spike_crash_volatile_s0;100;ASH_COATED_OSMIUM;9998;8;9996;23;;;10000;16;10003;17;;;9999.0;0.0
spike_crash_volatile_s0;200;INTARIAN_PEPPER_ROOT;11002;8;10999;13;;;11016;23;11020;31;;;11009.0;0.0
spike_crash_volatile_s0;200;ASH_COATED_OSMIUM;9993;15;9989;23;;;10001;5;10005;17;;;9997.0;0.0
spike_crash_volatile_s0;300;INTARIAN_PEPPER_ROOT;11015;17;11013;27;;;11017;14;11020;19;;;11016.0;0.0
spike_crash_volatile_s0;300;ASH_COATED_OSMIUM;9984;16;9982;22;;;10020;11;10024;28;;;10002.0;0.0
spike_crash_volatile_s0;400;INTARIAN_PEPPER_ROOT;11019;22;11015;25;;;11023;14;11026;22;;;11021.0;0.0
spike_crash_volatile_s0;400;ASH_COATED_OSMIUM;9988;19;9984;27;;;10016;7;10019;26;;;10002.0;0.0
spike_crash_volatile_s0;500;INTARIAN_PEPPER_ROOT;11020;18;11016;22;;;11022;21;11024;18;;;11021.0;0.0
spike_crash_volatile_s0;500;ASH_COATED_OSMIUM;9995;18;9992;20;;;10009;18;10011;24;;;10002.0;0.0
spike_crash_volatile_s0;600;INTARIAN_PEPPER_ROOT;11009;21;11005;21;;;11039;27;11042;13;;;11024.0;0.0
spike_crash_volatile_s0;600;ASH_COATED_OSMIUM;9989;9;9985;14;;;10007;8;10009;20;;;9998.0;0.0
spike_crash_volatile_s0;700;INTARIAN_PEPPER_ROOT;11021;8;11019;13;;;11027;22;11031;19;;;11024.0;0.0
spike_crash_volatile_s0;700;ASH_COATED_OSMIUM;9998;19;9994;23;;;10006;13;10009;18;;;10002.0;0.0
spike_crash_volatile_s0;800;INTARIAN_PEPPER_ROOT;11019;21;11016;26;;;11031;14;11034;12;;;11025.0;0.0
spike_crash_volatile_s0;800;ASH_COATED_OSMIUM;10001;9;9997;28;;;10009;11;10011;16;;;10005.0;0.0
spike_crash_volatile_s0;900;INTARIAN_PEPPER_ROOT;11026;17;11022;19;;;11028;5;11031;14;;;11027.0;0.0
spike_crash_volatile_s0;900;ASH_COATED_OSMIUM;10003;12;9999;16;;;10005;14;10009;20;;;10004.0;0.0
spike_crash_volatile_s0;1000;INTARIAN_PEPPER_ROOT;11025;17;11023;21;;;11033;19;11036;23;;;11029.0;0.0
spike_crash_volatile_s0;1000;ASH_COATED_OSMIUM;9996;11;9994;23;;;10010;5;10012;12;;;10003.0;0.0
spike_crash_volatile_s0;1100;INTARIAN_PEPPER_ROOT;11032;23;11028;18;;;11034;12;11037;15;;;11033.0;0.0
spike_crash_volatile_s0;1100;ASH_COATED_OSMIUM;9995;10;9991;19;;;10007;11;10010;20;;;10001.0;0.0
spike_crash_volatile_s0;1200;INTARIAN_PEPPER_ROOT;11035;11;11033;22;;;11037;9;11041;23;;;11036.0;0.0
spike_crash_volatile_s0;1200;ASH_COATED_OSMIUM;9988;17;9986;19;;;10006;18;10010;15;;;9997.0;0.0
spike_crash_volatile_s0;1300;INTARIAN_PEPPER_ROOT;11013;5;11010;18;;;11061;19;11065;15;;;11037.0;0.0
spike_crash_volatile_s0;1300;ASH_COATED_OSMIUM;9999;8;9995;16;;;10003;15;10005;25;;;10001.0;0.0
spike_crash_volatile_s0;1400;INTARIAN_PEPPER_ROOT;11030;12;11027;26;;;11048;6;11051;26;;;11039.0;0.0
spike_crash_volatile_s0;1400;ASH_COATED_OSMIUM;9998;11;9996;29;;;10004;10;10006;16;;;10001.0;0.0
spike_crash_volatile_s0;1500;INTARIAN_PEPPER_ROOT;11028;11;11024;25;;;11052;9;11054;25;;;11040.0;0.0
spike_crash_volatile_s0;1500;ASH_COATED_OSMIUM;9983;13;9980;28;;;10019;17;10022;28;;;10001.0;0.0
spike_crash_volatile_s0;1600;INTARIAN_PEPPER_ROOT;11041;15;11037;20;;;11051;8;11053;25;;;11046.0;0.0
spike_crash_volatile_s0;1600;ASH_COATED_OSMIUM;9994;11;9990;21;;;10018;10;10022;14;;;10006.0;0.0
spike_crash_volatile_s0;1700;INTARIAN_PEPPER_ROOT;11045;11;11043;20;;;11047;5;11050;26;;;11046.0;0.0
spike_crash_volatile_s0;1700;ASH_COATED_OSMIUM;10002;8;9999;21;;;10004;15;10007;19;;;10003.0;0.0
spike_crash_volatile_s0;1800;INTARIAN_PEPPER_ROOT;11047;17;11044;29;;;11049;23;11052;16;;;11048.0;0.0
spike_crash_volatile_s0;1800;ASH_COATED_OSMIUM;10000;16;9996;20;;;10002;13;10005;9;;;10001.0;0.0
spike_crash_volatile_s0;1900;INTARIAN_PEPPER_ROOT;11044;25;11042;18;;;11050;5;11053;14;;;11047.0;0.0
spike_crash_volatile_s0;1900;ASH_COATED_OSMIUM;9977;9;9975;23;;;10027;14;10030;25;;;10002.0;0.0
spike_crash_volatile_s0;2000;INTARIAN_PEPPER_ROOT;11026;11;11024;26;;;11056;17;11059;21;;;11041.0;0.0
spike_crash_volatile_s0;2000;ASH_COATED_OSMIUM;10002;13;9999;12;;;10008;12;10012;15;;;10005.0;0.0
spike_crash_volatile_s0;2100;INTARIAN_PEPPER_ROOT;11037;13;11034;20;;;11051;15;11054;16;;;11044.0;0.0
spike_crash_volatile_s0;2100;ASH_COATED_OSMIUM;9996;16;9992;19;;;10022;7;10024;16;;;10009.0;0.0
spike_crash_volatile_s0;2200;INTARIAN_PEPPER_ROOT;11046;17;11042;23;;;11048;11;11050;20;;;11047.0;0.0
spike_crash_volatile_s0;2200;ASH_COATED_OSMIUM;10006;11;10002;26;;;10016;7;10020;22;;;10011.0;0.0
spike_crash_volatile_s0;2300;INTARIAN_PEPPER_ROOT;11023;13;11019;18;;;11069;15;11073;19;;;11046.0;0.0
spike_crash_volatile_s0;2300;ASH_COATED_OSMIUM;10005;8;10002;20;;;10021;20;10025;14;;;10013.0;0.0
spike_crash_volatile_s0;2400;INTARIAN_PEPPER_ROOT;11037;18;11033;23;;;11069;15;11072;24;;;11053.0;0.0
spike_crash_volatile_s0;2400;ASH_COATED_OSMIUM;9999;11;9995;20;;;10031;14;10035;20;;;10015.0;0.0
spike_crash_volatile_s0;2500;INTARIAN_PEPPER_ROOT;11041;16;11039;17;;;11061;14;11065;21;;;11051.0;0.0
spike_crash_volatile_s0;2500;ASH_COATED_OSMIUM;9995;17;9992;13;;;10017;5;10020;19;;;10006.0;0.0
spike_crash_volatile_s0;2600;INTARIAN_PEPPER_ROOT;11051;15;11047;16;;;11053;17;11057;17;;;11052.0;0.0
spike_crash_volatile_s0;2600;ASH_COATED_OSMIUM;9994;17;9992;12;;;10014;16;10017;15;;;10004.0;0.0
spike_crash_volatile_s0;2700;INTARIAN_PEPPER_ROOT;11044;9;11041;22;;;11060;14;11062;17;;;11052.0;0.0
spike_crash_volatile_s0;2700;ASH_COATED_OSMIUM;10001;12;9999;19;;;10003;15;10005;17;;;10002.0;0.0
spike_crash_volatile_s0;2800;INTARIAN_PEPPER_ROOT;11051;13;11047;25;;;11063;18;11067;27;;;11057.0;0.0
spike_crash_volatile_s0;2800;ASH_COATED_OSMIUM;10001;6;9998;24;;;10011;13;10014;18;;;10006.0;0.0
spike_crash_volatile_s0;2900;INTARIAN_PEPPER_ROOT;11040;7;11036;22;;;11082;12;11085;27;;;11061.0;0.0
spike_crash_volatile_s0;2900;ASH_COATED_OSMIUM;10003;10;10001;15;;;10005;14;10009;24;;;10004.0;0.0
spike_crash_volatile_s0;3000;INTARIAN_PEPPER_ROOT;11058;12;11056;17;;;11068;13;11071;20;;;11063.0;0.0
spike_crash_volatile_s0;3000;ASH_COATED_OSMIUM;10009;13;10005;15;;;10011;20;10015;22;;;10010.0;0.0
spike_crash_volatile_s0;3100;INTARIAN_PEPPER_ROOT;11063;17;11061;17;;;11067;9;11069;22;;;11065.0;0.0
spike_crash_volatile_s0;3100;ASH_COATED_OSMIUM;9999;5;9996;21;;;10017;8;10020;20;;;10008.0;0.0
spike_crash_volatile_s0;3200;INTARIAN_PEPPER_ROOT;11046;15;11044;13;;;11082;11;11084;8;;;11064.0;0.0
spike_crash_volatile_s0;3200;ASH_COATED_OSMIUM;10000;8;9997;18;;;10010;13;10014;23;;;10005.0;0.0
spike_crash_volatile_s0;3300;INTARIAN_PEPPER_ROOT;11024;11;11021;22;;;11096;10;11098;24;;;11060.0;0.0
spike_crash_volatile_s0;3300;ASH_COATED_OSMIUM;10003;5;9999;21;;;10017;15;10021;18;;;10010.0;0.0
spike_crash_volatile_s0;3400;INTARIAN_PEPPER_ROOT;11052;6;11050;24;;;11068;18;11071;19;;;11060.0;0.0
spike_crash_volatile_s0;3400;ASH_COATED_OSMIUM;10003;15;10000;12;;;10019;5;10023;23;;;10011.0;0.0
spike_crash_volatile_s0;3500;INTARIAN_PEPPER_ROOT;11060;16;11057;8;;;11062;17;11065;14;;;11061.0;0.0
spike_crash_volatile_s0;3500;ASH_COATED_OSMIUM;10009;5;10006;24;;;10013;14;10017;21;;;10011.0;0.0
spike_crash_volatile_s0;3600;INTARIAN_PEPPER_ROOT;11059;24;11057;22;;;11073;13;11075;26;;;11066.0;0.0
spike_crash_volatile_s0;3600;ASH_COATED_OSMIUM;10007;16;10005;15;;;10021;13;10024;26;;;10014.0;0.0
spike_crash_volatile_s0;3700;INTARIAN_PEPPER_ROOT;11064;8;11062;23;;;11076;13;11078;20;;;11070.0;0.0
spike_crash_volatile_s0;3700;ASH_COATED_OSMIUM;10010;10;10008;22;;;10014;9;10016;16;;;10012.0;0.0
spike_crash_volatile_s0;3800;INTARIAN_PEPPER_ROOT;11066;17;11062;20;;;11072;12;11076;17;;;11069.0;0.0
spike_crash_volatile_s0;3800;ASH_COATED_OSMIUM;10005;10;10002;10;;;10015;19;10017;26;;;10010.0;0.0
spike_crash_volatile_s0;3900;INTARIAN_PEPPER_ROOT;11066;23;11063;16;;;11074;17;11076;26;;;11070.0;0.0
spike_crash_volatile_s0;3900;ASH_COATED_OSMIUM;10005;23;10001;11;;;10019;5;10021;26;;;10012.0;0.0
spike_crash_volatile_s0;4000;INTARIAN_PEPPER_ROOT;11056;8;11052;23;;;11080;20;11084;28;;;11068.0;0.0
spike_crash_volatile_s0;4000;ASH_COATED_OSMIUM;10006;12;10004;31;;;10016;7;10019;22;;;10011.0;0.0
spike_crash_volatile_s0;4100;INTARIAN_PEPPER_ROOT;11049;18;11047;17;;;11081;6;11085;35;;;11065.0;0.0
spike_crash_volatile_s0;4100;ASH_COATED_OSMIUM;10000;12;9996;20;;;10018;11;10020;22;;;10009.0;0.0
spike_crash_volatile_s0;4200;INTARIAN_PEPPER_ROOT;11062;14;11059;23;;;11064;12;11066;18;;;11063.0;0.0
spike_crash_volatile_s0;4200;ASH_COATED_OSMIUM;10005;19;10001;23;;;10007;5;10010;29;;;10006.0;0.0
spike_crash_volatile_s0;4300;INTARIAN_PEPPER_ROOT;11065;8;11063;19;;;11071;18;11073;26;;;11068.0;0.0
spike_crash_volatile_s0;4300;ASH_COATED_OSMIUM;9976;14;9973;19;;;10036;21;10040;20;;;10006.0;0.0
spike_crash_volatile_s0;4400;INTARIAN_PEPPER_ROOT;11065;9;11061;17;;;11071;5;11075;21;;;11068.0;0.0
spike_crash_volatile_s0;4400;ASH_COATED_OSMIUM;10000;26;9996;28;;;10008;5;10012;18;;;10004.0;0.0
spike_crash_volatile_s0;4500;INTARIAN_PEPPER_ROOT;11058;19;11055;28;;;11078;10;11082;15;;;11068.0;0.0
spike_crash_volatile_s0;4500;ASH_COATED_OSMIUM;9990;16;9986;19;;;10024;11;10026;18;;;10007.0;0.0
spike_crash_volatile_s0;4600;INTARIAN_PEPPER_ROOT;11058;26;11055;23;;;11072;18;11075;16;;;11065.0;0.0
spike_crash_volatile_s0;4600;ASH_COATED_OSMIUM;10004;7;10002;20;;;10008;20;10012;23;;;10006.0;0.0
spike_crash_volatile_s0;4700;INTARIAN_PEPPER_ROOT;11068;19;11064;15;;;11070;16;11072;29;;;11069.0;0.0
spike_crash_volatile_s0;4700;ASH_COATED_OSMIUM;9991;16;9989;23;;;10023;16;10027;11;;;10007.0;0.0
spike_crash_volatile_s0;4800;INTARIAN_PEPPER_ROOT;11057;13;11055;26;;;11073;13;11075;19;;;11065.0;0.0
spike_crash_volatile_s0;4800;ASH_COATED_OSMIUM;9998;9;9996;19;;;10006;18;10008;19;;;10002.0;0.0
spike_crash_volatile_s0;4900;INTARIAN_PEPPER_ROOT;11057;20;11054;25;;;11075;21;11079;13;;;11066.0;0.0
spike_crash_volatile_s0;4900;ASH_COATED_OSMIUM;9989;10;9987;11;;;10021;14;10025;13;;;10005.0;0.0
spike_crash_volatile_s0;5000;INTARIAN_PEPPER_ROOT;11056;14;11052;20;;;11074;8;11077;25;;;11065.0;0.0
spike_crash_volatile_s0;5000;ASH_COATED_OSMIUM;9999;7;9995;20;;;10015;18;10019;16;;;10007.0;0.0
spike_crash_volatile_s0;5100;INTARIAN_PEPPER_ROOT;11063;9;11060;18;;;11071;16;11074;16;;;11067.0;0.0
spike_crash_volatile_s0;5100;ASH_COATED_OSMIUM;10008;15;10006;27;;;10010;8;10014;15;;;10009.0;0.0
spike_crash_volatile_s0;5200;INTARIAN_PEPPER_ROOT;11059;5;11056;12;;;11073;8;11077;20;;;11066.0;0.0
spike_crash_volatile_s0;5200;ASH_COATED_OSMIUM;10011;11;10007;23;;;10015;20;10017;11;;;10013.0;0.0
spike_crash_volatile_s0;5300;INTARIAN_PEPPER_ROOT;11064;19;11061;16;;;11066;27;11068;17;;;11065.0;0.0
spike_crash_volatile_s0;5300;ASH_COATED_OSMIUM;10013;5;10011;25;;;10015;5;10018;21;;;10014.0;0.0
spike_crash_volatile_s0;5400;INTARIAN_PEPPER_ROOT;11062;7;11059;17;;;11070;13;11074;14;;;11066.0;0.0
spike_crash_volatile_s0;5400;ASH_COATED_OSMIUM;10015;6;10013;19;;;10017;22;10020;20;;;10016.0;0.0
spike_crash_volatile_s0;5500;INTARIAN_PEPPER_ROOT;11066;9;11064;17;;;11068;12;11071;20;;;11067.0;0.0
spike_crash_volatile_s0;5500;ASH_COATED_OSMIUM;9991;12;9989;27;;;10039;9;10043;21;;;10015.0;0.0
spike_crash_volatile_s0;5600;INTARIAN_PEPPER_ROOT;11061;14;11058;17;;;11077;24;11080;17;;;11069.0;0.0
spike_crash_volatile_s0;5600;ASH_COATED_OSMIUM;10013;15;10011;23;;;10015;19;10017;28;;;10014.0;0.0
spike_crash_volatile_s0;5700;INTARIAN_PEPPER_ROOT;11061;19;11059;28;;;11081;18;11084;24;;;11071.0;0.0
spike_crash_volatile_s0;5700;ASH_COATED_OSMIUM;10012;14;10010;13;;;10014;8;10017;19;;;10013.0;0.0
spike_crash_volatile_s0;5800;INTARIAN_PEPPER_ROOT;11050;16;11048;21;;;11090;5;11092;20;;;11070.0;0.0
spike_crash_volatile_s0;5800;ASH_COATED_OSMIUM;10005;12;10002;25;;;10019;10;10022;21;;;10012.0;0.0
spike_crash_volatile_s0;5900;INTARIAN_PEPPER_ROOT;11069;20;11065;23;;;11071;14;11075;22;;;11070.0;0.0
spike_crash_volatile_s0;5900;ASH_COATED_OSMIUM;10009;17;10006;19;;;10021;12;10023;16;;;10015.0;0.0
spike_crash_volatile_s0;6000;INTARIAN_PEPPER_ROOT;11068;14;11065;18;;;11070;15;11073;28;;;11069.0;0.0
spike_crash_volatile_s0;6000;ASH_COATED_OSMIUM;10011;8;10008;17;;;10013;12;10017;18;;;10012.0;0.0
spike_crash_volatile_s0;6100;INTARIAN_PEPPER_ROOT;11068;20;11065;14;;;11072;12;11076;15;;;11070.0;0.0
spike_crash_volatile_s0;6100;ASH_COATED_OSMIUM;9993;19;9991;16;;;10019;18;10021;15;;;10006.0;0.0
spike_crash_volatile_s0;6200;INTARIAN_PEPPER_ROOT;11065;11;11061;26;;;11073;15;11077;18;;;11069.0;0.0
spike_crash_volatile_s0;6200;ASH_COATED_OSMIUM;9999;14;9997;19;;;10017;9;10020;20;;;10008.0;0.0
spike_crash_volatile_s0;6300;INTARIAN_PEPPER_ROOT;11064;18;11062;17;;;11066;22;11068;17;;;11065.0;0.0
spike_crash_volatile_s0;6300;ASH_COATED_OSMIUM;9984;11;9980;22;;;10038;15;10041;18;;;10011.0;0.0
spike_crash_volatile_s0;6400;INTARIAN_PEPPER_ROOT;11059;17;11057;12;;;11073;15;11076;16;;;11066.0;0.0
spike_crash_volatile_s0;6400;ASH_COATED_OSMIUM;9999;18;9995;17;;;10021;10;10025;16;;;10010.0;0.0
spike_crash_volatile_s0;6500;INTARIAN_PEPPER_ROOT;11063;10;11061;28;;;11071;13;11074;13;;;11067.0;0.0
spike_crash_volatile_s0;6500;ASH_COATED_OSMIUM;9973;20;9971;28;;;10037;18;10041;20;;;10005.0;0.0
spike_crash_volatile_s0;6600;INTARIAN_PEPPER_ROOT;11062;16;11058;24;;;11066;13;11070;24;;;11064.0;0.0
spike_crash_volatile_s0;6600;ASH_COATED_OSMIUM;9998;12;9996;11;;;10004;13;10007;13;;;10001.0;0.0
spike_crash_volatile_s0;6700;INTARIAN_PEPPER_ROOT;11064;15;11062;25;;;11066;22;11068;10;;;11065.0;0.0
spike_crash_volatile_s0;6700;ASH_COATED_OSMIUM;9989;17;9985;28;;;10019;13;10023;15;;;10004.0;0.0
spike_crash_volatile_s0;6800;INTARIAN_PEPPER_ROOT;11057;16;11054;20;;;11071;15;11073;21;;;11064.0;0.0
spike_crash_volatile_s0;6800;ASH_COATED_OSMIUM;10002;7;10000;25;;;10006;8;10008;15;;;10004.0;0.0
spike_crash_volatile_s0;6900;INTARIAN_PEPPER_ROOT;11060;19;11057;24;;;11072;14;11076;22;;;11066.0;0.0
spike_crash_volatile_s0;6900;ASH_COATED_OSMIUM;10006;13;10002;21;;;10008;13;10010;17;;;10007.0;0.0
spike_crash_volatile_s0;7000;INTARIAN_PEPPER_ROOT;11059;16;11055;24;;;11077;22;11080;20;;;11068.0;0.0
spike_crash_volatile_s0;7000;ASH_COATED_OSMIUM;10004;9;10002;20;;;10006;7;10008;20;;;10005.0;0.0
spike_crash_volatile_s0;7100;INTARIAN_PEPPER_ROOT;11051;18;11049;13;;;11089;17;11092;8;;;11070.0;0.0
spike_crash_volatile_s0;7100;ASH_COATED_OSMIUM;9988;20;9984;19;;;10020;14;10024;28;;;10004.0;0.0
spike_crash_volatile_s0;7200;INTARIAN_PEPPER_ROOT;11064;19;11060;18;;;11084;14;11088;25;;;11074.0;0.0
spike_crash_volatile_s0;7200;ASH_COATED_OSMIUM;10000;7;9998;16;;;10004;5;10007;18;;;10002.0;0.0
spike_crash_volatile_s0;7300;INTARIAN_PEPPER_ROOT;11069;11;11067;20;;;11073;14;11076;21;;;11071.0;0.0
spike_crash_volatile_s0;7300;ASH_COATED_OSMIUM;9997;14;9993;16;;;10009;7;10011;21;;;10003.0;0.0
spike_crash_volatile_s0;7400;INTARIAN_PEPPER_ROOT;11066;21;11063;17;;;11080;11;11083;23;;;11073.0;0.0
spike_crash_volatile_s0;7400;ASH_COATED_OSMIUM;9986;10;9983;13;;;10028;16;10030;18;;;10007.0;0.0
spike_crash_volatile_s0;7500;INTARIAN_PEPPER_ROOT;11066;15;11062;18;;;11080;16;11082;15;;;11073.0;0.0
spike_crash_volatile_s0;7500;ASH_COATED_OSMIUM;9997;10;9993;15;;;10021;19;10025;24;;;10009.0;0.0
spike_crash_volatile_s0;7600;INTARIAN_PEPPER_ROOT;11066;11;11063;22;;;11076;15;11080;25;;;11071.0;0.0
spike_crash_volatile_s0;7600;ASH_COATED_OSMIUM;10007;15;10005;15;;;10021;5;10025;24;;;10014.0;0.0
spike_crash_volatile_s0;7700;INTARIAN_PEPPER_ROOT;11061;14;11059;19;;;11081;9;11084;19;;;11071.0;0.0
spike_crash_volatile_s0;7700;ASH_COATED_OSMIUM;10008;6;10004;17;;;10018;7;10020;10;;;10013.0;0.0
spike_crash_volatile_s0;7800;INTARIAN_PEPPER_ROOT;11060;12;11056;19;;;11084;6;11086;15;;;11072.0;0.0
spike_crash_volatile_s0;7800;ASH_COATED_OSMIUM;10011;9;10008;17;;;10023;11;10025;23;;;10017.0;0.0
spike_crash_volatile_s0;7900;INTARIAN_PEPPER_ROOT;11063;12;11059;21;;;11081;18;11084;15;;;11072.0;0.0
spike_crash_volatile_s0;7900;ASH_COATED_OSMIUM;9996;22;9994;17;;;10036;12;10038;22;;;10016.0;0.0
spike_crash_volatile_s0;8000;INTARIAN_PEPPER_ROOT;11064;20;11060;20;;;11076;16;11079;14;;;11070.0;0.0
spike_crash_volatile_s0;8000;ASH_COATED_OSMIUM;10009;10;10006;22;;;10011;12;10014;16;;;10010.0;0.0
spike_crash_volatile_s0;8100;INTARIAN_PEPPER_ROOT;11065;10;11063;12;;;11083;17;11085;24;;;11074.0;0.0
spike_crash_volatile_s0;8100;ASH_COATED_OSMIUM;10002;5;10000;21;;;10028;15;10032;21;;;10015.0;0.0
spike_crash_volatile_s0;8200;INTARIAN_PEPPER_ROOT;11074;24;11072;26;;;11076;18;11080;13;;;11075.0;0.0
spike_crash_volatile_s0;8200;ASH_COATED_OSMIUM;10010;16;10008;19;;;10018;16;10022;22;;;10014.0;0.0
spike_crash_volatile_s0;8300;INTARIAN_PEPPER_ROOT;11061;20;11057;25;;;11085;17;11089;18;;;11073.0;0.0
spike_crash_volatile_s0;8300;ASH_COATED_OSMIUM;10001;11;9998;10;;;10027;5;10031;14;;;10014.0;0.0
spike_crash_volatile_s0;8400;INTARIAN_PEPPER_ROOT;11073;20;11070;21;;;11083;12;11087;15;;;11078.0;0.0
spike_crash_volatile_s0;8400;ASH_COATED_OSMIUM;10013;18;10009;14;;;10017;14;10019;16;;;10015.0;0.0
spike_crash_volatile_s0;8500;INTARIAN_PEPPER_ROOT;11082;11;11079;16;;;11084;18;11088;20;;;11083.0;0.0
spike_crash_volatile_s0;8500;ASH_COATED_OSMIUM;10006;13;10002;18;;;10010;13;10014;18;;;10008.0;0.0
spike_crash_volatile_s0;8600;INTARIAN_PEPPER_ROOT;11084;9;11081;22;;;11092;7;11096;18;;;11088.0;0.0
spike_crash_volatile_s0;8600;ASH_COATED_OSMIUM;9995;9;9991;17;;;10027;5;10031;21;;;10011.0;0.0
spike_crash_volatile_s0;8700;INTARIAN_PEPPER_ROOT;11084;6;11080;18;;;11092;14;11094;12;;;11088.0;0.0
spike_crash_volatile_s0;8700;ASH_COATED_OSMIUM;10009;13;10005;9;;;10019;12;10023;24;;;10014.0;0.0
spike_crash_volatile_s0;8800;INTARIAN_PEPPER_ROOT;11085;14;11083;21;;;11087;16;11090;21;;;11086.0;0.0
spike_crash_volatile_s0;8800;ASH_COATED_OSMIUM;9992;14;9990;28;;;10034;14;10036;21;;;10013.0;0.0
spike_crash_volatile_s0;8900;INTARIAN_PEPPER_ROOT;11085;15;11083;25;;;11095;6;11097;16;;;11090.0;0.0
spike_crash_volatile_s0;8900;ASH_COATED_OSMIUM;9968;17;9964;19;;;10060;20;10062;18;;;10014.0;0.0
spike_crash_volatile_s0;9000;INTARIAN_PEPPER_ROOT;11086;25;11084;14;;;11094;16;11097;10;;;11090.0;0.0
spike_crash_volatile_s0;9000;ASH_COATED_OSMIUM;10007;9;10005;19;;;10019;20;10022;15;;;10013.0;0.0
spike_crash_volatile_s0;9100;INTARIAN_PEPPER_ROOT;11087;17;11085;19;;;11101;11;11103;18;;;11094.0;0.0
spike_crash_volatile_s0;9100;ASH_COATED_OSMIUM;10014;14;10012;11;;;10016;9;10020;18;;;10015.0;0.0
spike_crash_volatile_s0;9200;INTARIAN_PEPPER_ROOT;11095;12;11093;17;;;11097;19;11101;20;;;11096.0;0.0
spike_crash_volatile_s0;9200;ASH_COATED_OSMIUM;10014;13;10011;18;;;10022;12;10024;26;;;10018.0;0.0
spike_crash_volatile_s0;9300;INTARIAN_PEPPER_ROOT;11076;17;11072;8;;;11122;16;11124;15;;;11099.0;0.0
spike_crash_volatile_s0;9300;ASH_COATED_OSMIUM;9986;11;9984;26;;;10048;20;10050;21;;;10017.0;0.0
spike_crash_volatile_s0;9400;INTARIAN_PEPPER_ROOT;11095;11;11092;21;;;11105;14;11107;17;;;11100.0;0.0
spike_crash_volatile_s0;9400;ASH_COATED_OSMIUM;10015;12;10013;25;;;10027;19;10030;9;;;10021.0;0.0
spike_crash_volatile_s0;9500;INTARIAN_PEPPER_ROOT;11098;14;11096;19;;;11110;14;11113;19;;;11104.0;0.0
spike_crash_volatile_s0;9500;ASH_COATED_OSMIUM;10000;9;9997;16;;;10034;12;10038;15;;;10017.0;0.0
spike_crash_volatile_s0;9600;INTARIAN_PEPPER_ROOT;11104;23;11101;22;;;11106;19;11108;14;;;11105.0;0.0
spike_crash_volatile_s0;9600;ASH_COATED_OSMIUM;10013;22;10011;20;;;10015;6;10017;20;;;10014.0;0.0
spike_crash_volatile_s0;9700;INTARIAN_PEPPER_ROOT;11109;20;11106;14;;;11111;14;11113;17;;;11110.0;0.0
spike_crash_volatile_s0;9700;ASH_COATED_OSMIUM;10003;8;10000;20;;;10009;9;10011;23;;;10006.0;0.0
spike_crash_volatile_s0;9800;INTARIAN_PEPPER_ROOT;11109;19;11107;9;;;11115;8;11118;25;;;11112.0;0.0
spike_crash_volatile_s0;9800;ASH_COATED_OSMIUM;9994;8;9990;19;;;10022;9;10025;26;;;10008.0;0.0
spike_crash_volatile_s0;9900;INTARIAN_PEPPER_ROOT;11112;5;11109;17;;;11114;15;11117;28;;;11113.0;0.0
spike_crash_volatile_s0;9900;ASH_COATED_OSMIUM;10007;13;10005;16;;;10009;14;10011;30;;;10008.0;0.0
spike_crash_volatile_s0;10000;INTARIAN_PEPPER_ROOT;11105;13;11102;12;;;11135;9;11138;27;;;11120.0;0.0
spike_crash_volatile_s0;10000;ASH_COATED_OSMIUM;10001;5;9999;29;;;10009;18;10013;26;;;10005.0;0.0
spike_crash_volatile_s0;10100;INTARIAN_PEPPER_ROOT;11112;14;11108;18;;;11122;13;11125;20;;;11117.0;0.0
spike_crash_volatile_s0;10100;ASH_COATED_OSMIUM;10000;17;9996;23;;;10012;15;10014;30;;;10006.0;0.0
spike_crash_volatile_s0;10200;INTARIAN_PEPPER_ROOT;11109;10;11106;8;;;11119;13;11121;25;;;11114.0;0.0
spike_crash_volatile_s0;10200;ASH_COATED_OSMIUM;10004;9;10001;18;;;10006;20;10008;16;;;10005.0;0.0
spike_crash_volatile_s0;10300;INTARIAN_PEPPER_ROOT;11116;17;11113;13;;;11120;7;11124;18;;;11118.0;0.0
spike_crash_volatile_s0;10300;ASH_COATED_OSMIUM;9999;11;9995;14;;;10013;6;10016;19;;;10006.0;0.0
spike_crash_volatile_s0;10400;INTARIAN_PEPPER_ROOT;11115;10;11111;16;;;11117;14;11121;18;;;11116.0;0.0
spike_crash_volatile_s0;10400;ASH_COATED_OSMIUM;10008;10;10004;29;;;10010;20;10014;21;;;10009.0;0.0
spike_crash_volatile_s0;10500;INTARIAN_PEPPER_ROOT;11116;5;11113;17;;;11130;11;11133;15;;;11123.0;0.0
spike_crash_volatile_s0;10500;ASH_COATED_OSMIUM;10004;14;10000;21;;;10016;16;10020;17;;;10010.0;0.0
spike_crash_volatile_s0;10600;INTARIAN_PEPPER_ROOT;11121;10;11117;15;;;11123;19;11126;25;;;11122.0;0.0
spike_crash_volatile_s0;10600;ASH_COATED_OSMIUM;10002;6;9999;22;;;10028;15;10031;14;;;10015.0;0.0
spike_crash_volatile_s0;10700;INTARIAN_PEPPER_ROOT;11120;10;11118;27;;;11122;13;11124;16;;;11121.0;0.0
spike_crash_volatile_s0;10700;ASH_COATED_OSMIUM;10015;17;10013;21;;;10017;11;10020;17;;;10016.0;0.0
spike_crash_volatile_s0;10800;INTARIAN_PEPPER_ROOT;11120;12;11117;31;;;11134;10;11136;12;;;11127.0;0.0
spike_crash_volatile_s0;10800;ASH_COATED_OSMIUM;10013;13;10011;22;;;10015;16;10018;21;;;10014.0;0.0
spike_crash_volatile_s0;10900;INTARIAN_PEPPER_ROOT;11130;18;11128;17;;;11132;8;11135;23;;;11131.0;0.0
spike_crash_volatile_s0;10900;ASH_COATED_OSMIUM;10010;20;10006;15;;;10012;14;10016;22;;;10011.0;0.0
spike_crash_volatile_s0;11000;INTARIAN_PEPPER_ROOT;11136;12;11132;27;;;11138;7;11140;19;;;11137.0;0.0
spike_crash_volatile_s0;11000;ASH_COATED_OSMIUM;10005;13;10003;28;;;10007;9;10010;13;;;10006.0;0.0
spike_crash_volatile_s0;11100;INTARIAN_PEPPER_ROOT;11138;15;11135;18;;;11142;11;11144;16;;;11140.0;0.0
spike_crash_volatile_s0;11100;ASH_COATED_OSMIUM;10004;7;10002;15;;;10006;18;10010;14;;;10005.0;0.0
spike_crash_volatile_s0;11200;INTARIAN_PEPPER_ROOT;11139;22;11136;29;;;11141;16;11143;15;;;11140.0;0.0
spike_crash_volatile_s0;11200;ASH_COATED_OSMIUM;10004;8;10000;20;;;10012;17;10014;27;;;10008.0;0.0
spike_crash_volatile_s0;11300;INTARIAN_PEPPER_ROOT;11137;19;11134;14;;;11153;9;11156;20;;;11145.0;0.0
spike_crash_volatile_s0;11300;ASH_COATED_OSMIUM;10002;20;10000;22;;;10004;14;10007;22;;;10003.0;0.0
spike_crash_volatile_s0;11400;INTARIAN_PEPPER_ROOT;11138;19;11134;15;;;11154;6;11156;15;;;11146.0;0.0
spike_crash_volatile_s0;11400;ASH_COATED_OSMIUM;10001;9;9998;15;;;10003;11;10005;12;;;10002.0;0.0
spike_crash_volatile_s0;11500;INTARIAN_PEPPER_ROOT;11148;19;11146;19;;;11150;22;11154;17;;;11149.0;0.0
spike_crash_volatile_s0;11500;ASH_COATED_OSMIUM;10000;18;9996;16;;;10006;17;10009;23;;;10003.0;0.0
spike_crash_volatile_s0;11600;INTARIAN_PEPPER_ROOT;11147;13;11145;24;;;11157;16;11161;12;;;11152.0;0.0
spike_crash_volatile_s0;11600;ASH_COATED_OSMIUM;10005;14;10002;21;;;10007;20;10010;28;;;10006.0;0.0
spike_crash_volatile_s0;11700;INTARIAN_PEPPER_ROOT;11151;14;11147;20;;;11155;12;11159;13;;;11153.0;0.0
spike_crash_volatile_s0;11700;ASH_COATED_OSMIUM;10005;9;10001;24;;;10007;20;10011;19;;;10006.0;0.0
spike_crash_volatile_s0;11800;INTARIAN_PEPPER_ROOT;11148;16;11144;15;;;11162;10;11166;23;;;11155.0;0.0
spike_crash_volatile_s0;11800;ASH_COATED_OSMIUM;9996;7;9993;15;;;10018;17;10022;14;;;10007.0;0.0
spike_crash_volatile_s0;11900;INTARIAN_PEPPER_ROOT;11158;7;11155;26;;;11160;22;11164;27;;;11159.0;0.0
spike_crash_volatile_s0;11900;ASH_COATED_OSMIUM;10003;17;9999;23;;;10025;17;10029;26;;;10014.0;0.0
spike_crash_volatile_s0;12000;INTARIAN_PEPPER_ROOT;11150;19;11148;23;;;11172;12;11175;18;;;11161.0;0.0
spike_crash_volatile_s0;12000;ASH_COATED_OSMIUM;10004;13;10001;23;;;10028;7;10032;8;;;10016.0;0.0
spike_crash_volatile_s0;12100;INTARIAN_PEPPER_ROOT;11158;22;11155;21;;;11160;15;11164;19;;;11159.0;0.0
spike_crash_volatile_s0;12100;ASH_COATED_OSMIUM;10011;13;10008;18;;;10015;13;10019;19;;;10013.0;0.0
spike_crash_volatile_s0;12200;INTARIAN_PEPPER_ROOT;11154;11;11152;24;;;11166;15;11168;17;;;11160.0;0.0
spike_crash_volatile_s0;12200;ASH_COATED_OSMIUM;10007;5;10004;16;;;10009;13;10013;28;;;10008.0;0.0
spike_crash_volatile_s0;12300;INTARIAN_PEPPER_ROOT;11136;12;11132;19;;;11194;14;11196;19;;;11165.0;0.0
spike_crash_volatile_s0;12300;ASH_COATED_OSMIUM;10005;13;10003;13;;;10013;14;10017;23;;;10009.0;0.0
spike_crash_volatile_s0;12400;INTARIAN_PEPPER_ROOT;11163;20;11160;16;;;11165;16;11167;31;;;11164.0;0.0
spike_crash_volatile_s0;12400;ASH_COATED_OSMIUM;9995;11;9992;20;;;10027;9;10029;19;;;10011.0;0.0
spike_crash_volatile_s0;12500;INTARIAN_PEPPER_ROOT;11149;11;11146;17;;;11181;5;11184;25;;;11165.0;0.0
spike_crash_volatile_s0;12500;ASH_COATED_OSMIUM;10000;12;9998;18;;;10018;19;10022;19;;;10009.0;0.0
spike_crash_volatile_s0;12600;INTARIAN_PEPPER_ROOT;11158;6;11154;30;;;11170;19;11174;19;;;11164.0;0.0
spike_crash_volatile_s0;12600;ASH_COATED_OSMIUM;9998;15;9994;22;;;10024;17;10028;22;;;10011.0;0.0
spike_crash_volatile_s0;12700;INTARIAN_PEPPER_ROOT;11169;15;11167;16;;;11171;15;11173;22;;;11170.0;0.0
spike_crash_volatile_s0;12700;ASH_COATED_OSMIUM;10007;13;10003;24;;;10015;6;10019;16;;;10011.0;0.0
spike_crash_volatile_s0;12800;INTARIAN_PEPPER_ROOT;11172;12;11170;26;;;11174;16;11178;15;;;11173.0;0.0
spike_crash_volatile_s0;12800;ASH_COATED_OSMIUM;9991;17;9988;16;;;10019;5;10021;16;;;10005.0;0.0
spike_crash_volatile_s0;12900;INTARIAN_PEPPER_ROOT;11165;13;11161;24;;;11185;16;11187;23;;;11175.0;0.0
spike_crash_volatile_s0;12900;ASH_COATED_OSMIUM;9995;18;9991;18;;;10019;12;10022;24;;;10007.0;0.0
spike_crash_volatile_s0;13000;INTARIAN_PEPPER_ROOT;11169;17;11165;15;;;11177;12;11180;20;;;11173.0;0.0
spike_crash_volatile_s0;13000;ASH_COATED_OSMIUM;9976;13;9974;20;;;10032;20;10034;25;;;10004.0;0.0
spike_crash_volatile_s0;13100;INTARIAN_PEPPER_ROOT;11173;8;11170;17;;;11179;10;11182;19;;;11176.0;0.0
spike_crash_volatile_s0;13100;ASH_COATED_OSMIUM;9996;16;9992;27;;;10014;14;10018;19;;;10005.0;0.0
spike_crash_volatile_s0;13200;INTARIAN_PEPPER_ROOT;11164;7;11161;8;;;11188;16;11191;23;;;11176.0;0.0
spike_crash_volatile_s0;13200;ASH_COATED_OSMIUM;10008;12;10004;18;;;10010;14;10012;25;;;10009.0;0.0
spike_crash_volatile_s0;13300;INTARIAN_PEPPER_ROOT;11166;12;11164;20;;;11186;9;11188;15;;;11176.0;0.0
spike_crash_volatile_s0;13300;ASH_COATED_OSMIUM;10008;19;10004;21;;;10012;18;10015;15;;;10010.0;0.0
spike_crash_volatile_s0;13400;INTARIAN_PEPPER_ROOT;11164;10;11162;19;;;11188;15;11192;16;;;11176.0;0.0
spike_crash_volatile_s0;13400;ASH_COATED_OSMIUM;10005;19;10002;17;;;10023;9;10026;21;;;10014.0;0.0
spike_crash_volatile_s0;13500;INTARIAN_PEPPER_ROOT;11173;9;11169;14;;;11185;18;11187;11;;;11179.0;0.0
spike_crash_volatile_s0;13500;ASH_COATED_OSMIUM;9982;12;9980;8;;;10050;15;10052;16;;;10016.0;0.0
spike_crash_volatile_s0;13600;INTARIAN_PEPPER_ROOT;11179;18;11176;15;;;11183;12;11185;17;;;11181.0;0.0
spike_crash_volatile_s0;13600;ASH_COATED_OSMIUM;10008;12;10006;23;;;10024;6;10028;16;;;10016.0;0.0
spike_crash_volatile_s0;13700;INTARIAN_PEPPER_ROOT;11180;10;11176;19;;;11182;16;11185;22;;;11181.0;0.0
spike_crash_volatile_s0;13700;ASH_COATED_OSMIUM;10016;14;10014;27;;;10018;5;10020;12;;;10017.0;0.0
spike_crash_volatile_s0;13800;INTARIAN_PEPPER_ROOT;11179;13;11175;16;;;11189;14;11193;15;;;11184.0;0.0
spike_crash_volatile_s0;13800;ASH_COATED_OSMIUM;10015;11;10011;13;;;10019;22;10022;22;;;10017.0;0.0
spike_crash_volatile_s0;13900;INTARIAN_PEPPER_ROOT;11178;19;11175;20;;;11186;12;11188;11;;;11182.0;0.0
spike_crash_volatile_s0;13900;ASH_COATED_OSMIUM;9986;13;9982;17;;;10058;11;10060;22;;;10022.0;0.0
spike_crash_volatile_s0;14000;INTARIAN_PEPPER_ROOT;11177;12;11175;21;;;11181;15;11184;16;;;11179.0;0.0
spike_crash_volatile_s0;14000;ASH_COATED_OSMIUM;10012;20;10009;14;;;10036;10;10038;23;;;10024.0;0.0
spike_crash_volatile_s0;14100;INTARIAN_PEPPER_ROOT;11175;13;11173;16;;;11187;23;11190;21;;;11181.0;0.0
spike_crash_volatile_s0;14100;ASH_COATED_OSMIUM;10029;6;10026;10;;;10033;6;10035;23;;;10031.0;0.0
spike_crash_volatile_s0;14200;INTARIAN_PEPPER_ROOT;11168;14;11166;16;;;11198;14;11201;20;;;11183.0;0.0
spike_crash_volatile_s0;14200;ASH_COATED_OSMIUM;10009;14;10005;26;;;10043;7;10047;24;;;10026.0;0.0
spike_crash_volatile_s0;14300;INTARIAN_PEPPER_ROOT;11144;6;11141;15;;;11228;19;11230;20;;;11186.0;0.0
spike_crash_volatile_s0;14300;ASH_COATED_OSMIUM;10023;16;10019;28;;;10027;19;10031;33;;;10025.0;0.0
spike_crash_volatile_s0;14400;INTARIAN_PEPPER_ROOT;11187;22;11185;22;;;11197;11;11200;10;;;11192.0;0.0
spike_crash_volatile_s0;14400;ASH_COATED_OSMIUM;10022;23;10018;13;;;10024;11;10026;24;;;10023.0;0.0
spike_crash_volatile_s0;14500;INTARIAN_PEPPER_ROOT;11195;6;11192;32;;;11197;8;11199;17;;;11196.0;0.0
spike_crash_volatile_s0;14500;ASH_COATED_OSMIUM;10015;9;10013;23;;;10033;18;10036;28;;;10024.0;0.0
spike_crash_volatile_s0;14600;INTARIAN_PEPPER_ROOT;11180;12;11177;24;;;11208;20;11210;22;;;11194.0;0.0
spike_crash_volatile_s0;14600;ASH_COATED_OSMIUM;10022;18;10018;24;;;10024;16;10027;31;;;10023.0;0.0
spike_crash_volatile_s0;14700;INTARIAN_PEPPER_ROOT;11192;10;11188;23;;;11204;17;11206;21;;;11198.0;0.0
spike_crash_volatile_s0;14700;ASH_COATED_OSMIUM;10019;14;10017;25;;;10027;21;10030;8;;;10023.0;0.0
spike_crash_volatile_s0;14800;INTARIAN_PEPPER_ROOT;11190;10;11187;22;;;11202;14;11206;25;;;11196.0;0.0
spike_crash_volatile_s0;14800;ASH_COATED_OSMIUM;10013;17;10010;28;;;10031;16;10034;22;;;10022.0;0.0
spike_crash_volatile_s0;14900;INTARIAN_PEPPER_ROOT;11174;11;11171;28;;;11220;12;11224;21;;;11197.0;0.0
spike_crash_volatile_s0;14900;ASH_COATED_OSMIUM;10010;14;10007;12;;;10034;23;10036;16;;;10022.0;0.0
spike_crash_volatile_s0;15000;INTARIAN_PEPPER_ROOT;11191;18;11188;22;;;11201;18;11203;14;;;11196.0;0.0
spike_crash_volatile_s0;15000;ASH_COATED_OSMIUM;10016;13;10014;20;;;10024;6;10027;21;;;10020.0;0.0
spike_crash_volatile_s0;15100;INTARIAN_PEPPER_ROOT;11195;13;11191;22;;;11207;14;11211;22;;;11201.0;0.0
spike_crash_volatile_s0;15100;ASH_COATED_OSMIUM;10005;13;10002;17;;;10035;15;10039;19;;;10020.0;0.0
spike_crash_volatile_s0;15200;INTARIAN_PEPPER_ROOT;11197;13;11195;22;;;11205;12;11207;17;;;11201.0;0.0
spike_crash_volatile_s0;15200;ASH_COATED_OSMIUM;10020;12;10018;23;;;10024;17;10028;14;;;10022.0;0.0
spike_crash_volatile_s0;15300;INTARIAN_PEPPER_ROOT;11194;12;11190;30;;;11206;16;11208;11;;;11200.0;0.0
spike_crash_volatile_s0;15300;ASH_COATED_OSMIUM;10012;11;10008;14;;;10028;12;10031;23;;;10020.0;0.0
spike_crash_volatile_s0;15400;INTARIAN_PEPPER_ROOT;11194;15;11191;17;;;11206;18;11209;24;;;11200.0;0.0
spike_crash_volatile_s0;15400;ASH_COATED_OSMIUM;10014;10;10011;22;;;10028;12;10032;32;;;10021.0;0.0
spike_crash_volatile_s0;15500;INTARIAN_PEPPER_ROOT;11190;15;11188;25;;;11210;28;11212;25;;;11200.0;0.0
spike_crash_volatile_s0;15500;ASH_COATED_OSMIUM;10023;13;10021;10;;;10025;9;10029;30;;;10024.0;0.0
spike_crash_volatile_s0;15600;INTARIAN_PEPPER_ROOT;11201;5;11198;24;;;11207;16;11210;24;;;11204.0;0.0
spike_crash_volatile_s0;15600;ASH_COATED_OSMIUM;10020;19;10016;14;;;10022;7;10024;22;;;10021.0;0.0
spike_crash_volatile_s0;15700;INTARIAN_PEPPER_ROOT;11199;15;11197;26;;;11205;18;11207;20;;;11202.0;0.0
spike_crash_volatile_s0;15700;ASH_COATED_OSMIUM;10018;18;10015;23;;;10026;17;10029;12;;;10022.0;0.0
spike_crash_volatile_s0;15800;INTARIAN_PEPPER_ROOT;11181;14;11179;23;;;11219;11;11221;15;;;11200.0;0.0
spike_crash_volatile_s0;15800;ASH_COATED_OSMIUM;10018;10;10014;15;;;10028;15;10031;18;;;10023.0;0.0
spike_crash_volatile_s0;15900;INTARIAN_PEPPER_ROOT;11197;16;11194;21;;;11203;17;11205;24;;;11200.0;0.0
spike_crash_volatile_s0;15900;ASH_COATED_OSMIUM;10021;16;10017;14;;;10031;5;10034;22;;;10026.0;0.0
spike_crash_volatile_s0;16000;INTARIAN_PEPPER_ROOT;11194;19;11190;20;;;11206;13;11209;16;;;11200.0;0.0
spike_crash_volatile_s0;16000;ASH_COATED_OSMIUM;10021;10;10018;27;;;10031;13;10034;18;;;10026.0;0.0
spike_crash_volatile_s0;16100;INTARIAN_PEPPER_ROOT;11204;5;11202;20;;;11206;16;11208;32;;;11205.0;0.0
spike_crash_volatile_s0;16100;ASH_COATED_OSMIUM;10025;5;10021;19;;;10029;5;10032;15;;;10027.0;0.0
spike_crash_volatile_s0;16200;INTARIAN_PEPPER_ROOT;11204;11;11201;18;;;11214;10;11218;20;;;11209.0;0.0
spike_crash_volatile_s0;16200;ASH_COATED_OSMIUM;10010;20;10008;16;;;10038;12;10040;33;;;10024.0;0.0
spike_crash_volatile_s0;16300;INTARIAN_PEPPER_ROOT;11205;26;11201;24;;;11215;14;11217;12;;;11210.0;0.0
spike_crash_volatile_s0;16300;ASH_COATED_OSMIUM;10017;8;10013;22;;;10025;5;10029;17;;;10021.0;0.0
spike_crash_volatile_s0;16400;INTARIAN_PEPPER_ROOT;11199;19;11197;13;;;11217;24;11219;17;;;11208.0;0.0
spike_crash_volatile_s0;16400;ASH_COATED_OSMIUM;10014;23;10011;17;;;10026;13;10029;21;;;10020.0;0.0
spike_crash_volatile_s0;16500;INTARIAN_PEPPER_ROOT;11210;18;11206;9;;;11212;20;11215;15;;;11211.0;0.0
spike_crash_volatile_s0;16500;ASH_COATED_OSMIUM;10013;20;10011;14;;;10025;16;10029;22;;;10019.0;0.0
spike_crash_volatile_s0;16600;INTARIAN_PEPPER_ROOT;11206;10;11204;25;;;11214;7;11218;21;;;11210.0;0.0
spike_crash_volatile_s0;16600;ASH_COATED_OSMIUM;10016;14;10013;26;;;10018;9;10021;13;;;10017.0;0.0
spike_crash_volatile_s0;16700;INTARIAN_PEPPER_ROOT;11203;10;11199;21;;;11213;14;11216;20;;;11208.0;0.0
spike_crash_volatile_s0;16700;ASH_COATED_OSMIUM;10002;14;10000;14;;;10020;5;10022;26;;;10011.0;0.0
spike_crash_volatile_s0;16800;INTARIAN_PEPPER_ROOT;11199;21;11197;19;;;11223;30;11227;16;;;11211.0;0.0
spike_crash_volatile_s0;16800;ASH_COATED_OSMIUM;10009;13;10007;19;;;10025;5;10027;17;;;10017.0;0.0
spike_crash_volatile_s0;16900;INTARIAN_PEPPER_ROOT;11197;10;11193;23;;;11229;15;11231;22;;;11213.0;0.0
spike_crash_volatile_s0;16900;ASH_COATED_OSMIUM;10018;6;10016;26;;;10020;15;10023;15;;;10019.0;0.0
spike_crash_volatile_s0;17000;INTARIAN_PEPPER_ROOT;11213;13;11210;12;;;11221;10;11223;18;;;11217.0;0.0
spike_crash_volatile_s0;17000;ASH_COATED_OSMIUM;10001;21;9998;28;;;10037;15;10039;30;;;10019.0;0.0
spike_crash_volatile_s0;17100;INTARIAN_PEPPER_ROOT;11217;9;11214;9;;;11219;11;11223;26;;;11218.0;0.0
spike_crash_volatile_s0;17100;ASH_COATED_OSMIUM;10023;10;10021;15;;;10025;9;10028;22;;;10024.0;0.0
spike_crash_volatile_s0;17200;INTARIAN_PEPPER_ROOT;11213;10;11211;18;;;11229;13;11231;27;;;11221.0;0.0
spike_crash_volatile_s0;17200;ASH_COATED_OSMIUM;10008;5;10004;21;;;10028;18;10031;24;;;10018.0;0.0
spike_crash_volatile_s0;17300;INTARIAN_PEPPER_ROOT;11210;10;11208;17;;;11232;19;11235;23;;;11221.0;0.0
spike_crash_volatile_s0;17300;ASH_COATED_OSMIUM;10008;11;10005;25;;;10028;5;10030;15;;;10018.0;0.0
spike_crash_volatile_s0;17400;INTARIAN_PEPPER_ROOT;11208;8;11205;13;;;11230;15;11234;23;;;11219.0;0.0
spike_crash_volatile_s0;17400;ASH_COATED_OSMIUM;10015;7;10012;17;;;10021;19;10023;19;;;10018.0;0.0
spike_crash_volatile_s0;17500;INTARIAN_PEPPER_ROOT;11209;15;11206;23;;;11233;26;11235;10;;;11221.0;0.0
spike_crash_volatile_s0;17500;ASH_COATED_OSMIUM;10005;10;10003;21;;;10037;14;10041;17;;;10021.0;0.0
spike_crash_volatile_s0;17600;INTARIAN_PEPPER_ROOT;11218;15;11215;20;;;11222;17;11224;15;;;11220.0;0.0
spike_crash_volatile_s0;17600;ASH_COATED_OSMIUM;10002;21;9999;17;;;10036;13;10039;24;;;10019.0;0.0
spike_crash_volatile_s0;17700;INTARIAN_PEPPER_ROOT;11213;16;11211;16;;;11225;16;11228;17;;;11219.0;0.0
spike_crash_volatile_s0;17700;ASH_COATED_OSMIUM;10007;15;10005;14;;;10021;9;10024;24;;;10014.0;0.0
spike_crash_volatile_s0;17800;INTARIAN_PEPPER_ROOT;11210;15;11208;22;;;11230;14;11233;14;;;11220.0;0.0
spike_crash_volatile_s0;17800;ASH_COATED_OSMIUM;10014;13;10010;23;;;10016;5;10020;17;;;10015.0;0.0
spike_crash_volatile_s0;17900;INTARIAN_PEPPER_ROOT;11216;15;11213;9;;;11226;18;11228;22;;;11221.0;0.0
spike_crash_volatile_s0;17900;ASH_COATED_OSMIUM;10009;10;10006;23;;;10011;16;10014;19;;;10010.0;0.0
spike_crash_volatile_s0;18000;INTARIAN_PEPPER_ROOT;11205;16;11203;17;;;11237;8;11240;19;;;11221.0;0.0
spike_crash_volatile_s0;18000;ASH_COATED_OSMIUM;9967;10;9963;22;;;10045;20;10049;21;;;10006.0;0.0
spike_crash_volatile_s0;18100;INTARIAN_PEPPER_ROOT;11216;14;11212;13;;;11220;14;11222;24;;;11218.0;0.0
spike_crash_volatile_s0;18100;ASH_COATED_OSMIUM;10002;9;9998;17;;;10014;16;10017;21;;;10008.0;0.0
spike_crash_volatile_s0;18200;INTARIAN_PEPPER_ROOT;11217;16;11215;18;;;11219;17;11221;12;;;11218.0;0.0
spike_crash_volatile_s0;18200;ASH_COATED_OSMIUM;10010;19;10007;22;;;10014;10;10016;15;;;10012.0;0.0
spike_crash_volatile_s0;18300;INTARIAN_PEPPER_ROOT;11199;17;11196;23;;;11227;23;11230;8;;;11213.0;0.0
spike_crash_volatile_s0;18300;ASH_COATED_OSMIUM;9991;14;9989;24;;;10033;6;10036;18;;;10012.0;0.0
spike_crash_volatile_s0;18400;INTARIAN_PEPPER_ROOT;11206;19;11203;25;;;11226;6;11230;23;;;11216.0;0.0
spike_crash_volatile_s0;18400;ASH_COATED_OSMIUM;9984;10;9981;16;;;10038;6;10040;15;;;10011.0;0.0
spike_crash_volatile_s0;18500;INTARIAN_PEPPER_ROOT;11208;11;11206;17;;;11216;17;11220;17;;;11212.0;0.0
spike_crash_volatile_s0;18500;ASH_COATED_OSMIUM;10001;14;9999;15;;;10007;13;10009;20;;;10004.0;0.0
spike_crash_volatile_s0;18600;INTARIAN_PEPPER_ROOT;11210;16;11208;21;;;11212;14;11216;22;;;11211.0;0.0
spike_crash_volatile_s0;18600;ASH_COATED_OSMIUM;9996;14;9993;13;;;10010;6;10013;19;;;10003.0;0.0
spike_crash_volatile_s0;18700;INTARIAN_PEPPER_ROOT;11209;16;11206;23;;;11215;12;11218;16;;;11212.0;0.0
spike_crash_volatile_s0;18700;ASH_COATED_OSMIUM;9995;12;9991;20;;;10005;5;10007;25;;;10000.0;0.0
spike_crash_volatile_s0;18800;INTARIAN_PEPPER_ROOT;11200;10;11197;24;;;11222;15;11224;18;;;11211.0;0.0
spike_crash_volatile_s0;18800;ASH_COATED_OSMIUM;9997;6;9993;16;;;10001;15;10003;14;;;9999.0;0.0
spike_crash_volatile_s0;18900;INTARIAN_PEPPER_ROOT;11215;5;11212;17;;;11217;5;11219;18;;;11216.0;0.0
spike_crash_volatile_s0;18900;ASH_COATED_OSMIUM;9995;7;9991;14;;;9997;11;10000;22;;;9996.0;0.0
spike_crash_volatile_s0;19000;INTARIAN_PEPPER_ROOT;11206;12;11203;20;;;11222;19;11225;21;;;11214.0;0.0
spike_crash_volatile_s0;19000;ASH_COATED_OSMIUM;9983;7;9979;20;;;10005;11;10007;15;;;9994.0;0.0
spike_crash_volatile_s0;19100;INTARIAN_PEPPER_ROOT;11197;17;11195;21;;;11233;11;11235;14;;;11215.0;0.0
spike_crash_volatile_s0;19100;ASH_COATED_OSMIUM;9994;22;9990;18;;;10006;5;10010;21;;;10000.0;0.0
spike_crash_volatile_s0;19200;INTARIAN_PEPPER_ROOT;11205;15;11202;13;;;11227;8;11231;23;;;11216.0;0.0
spike_crash_volatile_s0;19200;ASH_COATED_OSMIUM;9991;16;9989;17;;;9993;14;9995;21;;;9992.0;0.0
spike_crash_volatile_s0;19300;INTARIAN_PEPPER_ROOT;11206;17;11203;35;;;11222;18;11226;15;;;11214.0;0.0
spike_crash_volatile_s0;19300;ASH_COATED_OSMIUM;9980;21;9977;22;;;9990;12;9993;21;;;9985.0;0.0
spike_crash_volatile_s0;19400;INTARIAN_PEPPER_ROOT;11207;14;11205;23;;;11225;14;11229;25;;;11216.0;0.0
spike_crash_volatile_s0;19400;ASH_COATED_OSMIUM;9986;5;9984;21;;;9990;9;9992;20;;;9988.0;0.0
spike_crash_volatile_s0;19500;INTARIAN_PEPPER_ROOT;11213;22;11209;23;;;11223;13;11225;19;;;11218.0;0.0
spike_crash_volatile_s0;19500;ASH_COATED_OSMIUM;9981;19;9977;15;;;9993;11;9995;23;;;9987.0;0.0
spike_crash_volatile_s0;19600;INTARIAN_PEPPER_ROOT;11208;14;11205;21;;;11232;12;11234;15;;;11220.0;0.0
spike_crash_volatile_s0;19600;ASH_COATED_OSMIUM;9979;8;9977;19;;;9991;14;9994;25;;;9985.0;0.0
spike_crash_volatile_s0;19700;INTARIAN_PEPPER_ROOT;11202;19;11199;15;;;11244;16;11247;17;;;11223.0;0.0
spike_crash_volatile_s0;19700;ASH_COATED_OSMIUM;9967;23;9965;22;;;9995;8;9999;21;;;9981.0;0.0
spike_crash_volatile_s0;19800;INTARIAN_PEPPER_ROOT;11227;23;11223;24;;;11231;19;11235;20;;;11229.0;0.0
spike_crash_volatile_s0;19800;ASH_COATED_OSMIUM;9978;12;9976;19;;;9986;18;9990;25;;;9982.0;0.0
spike_crash_volatile_s0;19900;INTARIAN_PEPPER_ROOT;11233;15;11230;14;;;11235;5;11239;9;;;11234.0;0.0
spike_crash_volatile_s0;19900;ASH_COATED_OSMIUM;9960;14;9957;10;;;10006;10;10008;20;;;9983.0;0.0
spike_crash_volatile_s0;20000;INTARIAN_PEPPER_ROOT;11199;9;11196;22;;;11271;14;11274;13;;;11235.0;0.0
spike_crash_volatile_s0;20000;ASH_COATED_OSMIUM;9984;19;9982;23;;;9986;13;9988;20;;;9985.0;0.0
spike_crash_volatile_s0;20100;INTARIAN_PEPPER_ROOT;11230;21;11226;25;;;11240;15;11243;16;;;11235.0;0.0
spike_crash_volatile_s0;20100;ASH_COATED_OSMIUM;9960;15;9957;16;;;10020;13;10023;24;;;9990.0;0.0
spike_crash_volatile_s0;20200;INTARIAN_PEPPER_ROOT;11232;10;11228;15;;;11244;14;11246;35;;;11238.0;0.0
spike_crash_volatile_s0;20200;ASH_COATED_OSMIUM;9986;22;9982;15;;;9992;30;9996;16;;;9989.0;0.0
spike_crash_volatile_s0;20300;INTARIAN_PEPPER_ROOT;11236;13;11232;18;;;11244;20;11248;22;;;11240.0;0.0
spike_crash_volatile_s0;20300;ASH_COATED_OSMIUM;9931;8;9929;21;;;10049;16;10052;11;;;9990.0;0.0
spike_crash_volatile_s0;20400;INTARIAN_PEPPER_ROOT;11238;15;11234;21;;;11248;6;11252;28;;;11243.0;0.0
spike_crash_volatile_s0;20400;ASH_COATED_OSMIUM;9975;13;9971;19;;;10005;13;10009;20;;;9990.0;0.0
spike_crash_volatile_s0;20500;INTARIAN_PEPPER_ROOT;11235;6;11232;21;;;11245;18;11248;17;;;11240.0;0.0
spike_crash_volatile_s0;20500;ASH_COATED_OSMIUM;9989;13;9986;17;;;9991;18;9995;27;;;9990.0;0.0
spike_crash_volatile_s0;20600;INTARIAN_PEPPER_ROOT;11230;16;11228;23;;;11252;18;11256;11;;;11241.0;0.0
spike_crash_volatile_s0;20600;ASH_COATED_OSMIUM;9971;16;9969;27;;;10007;12;10010;30;;;9989.0;0.0
spike_crash_volatile_s0;20700;INTARIAN_PEPPER_ROOT;11234;13;11232;28;;;11248;14;11250;20;;;11241.0;0.0
spike_crash_volatile_s0;20700;ASH_COATED_OSMIUM;9983;7;9981;24;;;9989;18;9991;11;;;9986.0;0.0
spike_crash_volatile_s0;20800;INTARIAN_PEPPER_ROOT;11241;15;11239;16;;;11243;15;11245;17;;;11242.0;0.0
spike_crash_volatile_s0;20800;ASH_COATED_OSMIUM;9984;15;9981;17;;;9988;12;9990;12;;;9986.0;0.0
spike_crash_volatile_s0;20900;INTARIAN_PEPPER_ROOT;11222;9;11219;33;;;11264;22;11267;29;;;11243.0;0.0
spike_crash_volatile_s0;20900;ASH_COATED_OSMIUM;9978;22;9975;16;;;9998;20;10001;22;;;9988.0;0.0
spike_crash_volatile_s0;21000;INTARIAN_PEPPER_ROOT;11235;14;11233;16;;;11259;24;11262;23;;;11247.0;0.0
spike_crash_volatile_s0;21000;ASH_COATED_OSMIUM;9984;15;9982;29;;;9992;15;9996;24;;;9988.0;0.0
spike_crash_volatile_s0;21100;INTARIAN_PEPPER_ROOT;11238;14;11236;13;;;11258;10;11262;16;;;11248.0;0.0
spike_crash_volatile_s0;21100;ASH_COATED_OSMIUM;9978;11;9976;18;;;10006;7;10010;16;;;9992.0;0.0
spike_crash_volatile_s0;21200;INTARIAN_PEPPER_ROOT;11247;12;11243;32;;;11255;12;11257;19;;;11251.0;0.0
spike_crash_volatile_s0;21200;ASH_COATED_OSMIUM;9992;11;9988;22;;;9996;18;9999;12;;;9994.0;0.0
spike_crash_volatile_s0;21300;INTARIAN_PEPPER_ROOT;11226;11;11224;21;;;11276;18;11278;23;;;11251.0;0.0
spike_crash_volatile_s0;21300;ASH_COATED_OSMIUM;9988;16;9986;17;;;9990;17;9992;14;;;9989.0;0.0
spike_crash_volatile_s0;21400;INTARIAN_PEPPER_ROOT;11245;20;11242;8;;;11255;18;11259;21;;;11250.0;0.0
spike_crash_volatile_s0;21400;ASH_COATED_OSMIUM;9966;14;9963;16;;;10006;15;10010;20;;;9986.0;0.0
spike_crash_volatile_s0;21500;INTARIAN_PEPPER_ROOT;11194;13;11191;20;;;11304;11;11307;23;;;11249.0;0.0
spike_crash_volatile_s0;21500;ASH_COATED_OSMIUM;9978;16;9976;13;;;10002;12;10006;17;;;9990.0;0.0
spike_crash_volatile_s0;21600;INTARIAN_PEPPER_ROOT;11250;9;11246;10;;;11252;21;11254;19;;;11251.0;0.0
spike_crash_volatile_s0;21600;ASH_COATED_OSMIUM;9982;11;9979;23;;;9996;20;10000;28;;;9989.0;0.0
spike_crash_volatile_s0;21700;INTARIAN_PEPPER_ROOT;11232;16;11230;18;;;11272;18;11276;14;;;11252.0;0.0
spike_crash_volatile_s0;21700;ASH_COATED_OSMIUM;9977;10;9975;21;;;10003;21;10007;23;;;9990.0;0.0
spike_crash_volatile_s0;21800;INTARIAN_PEPPER_ROOT;11257;17;11253;23;;;11259;17;11261;23;;;11258.0;0.0
spike_crash_volatile_s0;21800;ASH_COATED_OSMIUM;9968;15;9966;23;;;10010;5;10014;28;;;9989.0;0.0
spike_crash_volatile_s0;21900;INTARIAN_PEPPER_ROOT;11237;14;11233;19;;;11283;5;11285;11;;;11260.0;0.0
spike_crash_volatile_s0;21900;ASH_COATED_OSMIUM;9985;16;9983;23;;;10001;5;10003;20;;;9993.0;0.0
spike_crash_volatile_s0;22000;INTARIAN_PEPPER_ROOT;11244;12;11242;24;;;11272;21;11274;18;;;11258.0;0.0
spike_crash_volatile_s0;22000;ASH_COATED_OSMIUM;9992;13;9988;24;;;9998;20;10000;18;;;9995.0;0.0
spike_crash_volatile_s0;22100;INTARIAN_PEPPER_ROOT;11252;9;11249;20;;;11266;15;11268;22;;;11259.0;0.0
spike_crash_volatile_s0;22100;ASH_COATED_OSMIUM;9991;12;9988;18;;;9999;6;10001;12;;;9995.0;0.0
spike_crash_volatile_s0;22200;INTARIAN_PEPPER_ROOT;11257;15;11253;20;;;11259;20;11261;19;;;11258.0;0.0
spike_crash_volatile_s0;22200;ASH_COATED_OSMIUM;9960;19;9956;22;;;10020;12;10024;25;;;9990.0;0.0
spike_crash_volatile_s0;22300;INTARIAN_PEPPER_ROOT;11252;5;11250;16;;;11270;24;11274;14;;;11261.0;0.0
spike_crash_volatile_s0;22300;ASH_COATED_OSMIUM;9972;21;9969;18;;;9998;12;10000;18;;;9985.0;0.0
spike_crash_volatile_s0;22400;INTARIAN_PEPPER_ROOT;11257;10;11253;19;;;11259;12;11263;17;;;11258.0;0.0
spike_crash_volatile_s0;22400;ASH_COATED_OSMIUM;9981;10;9978;18;;;9989;19;9991;9;;;9985.0;0.0
spike_crash_volatile_s0;22500;INTARIAN_PEPPER_ROOT;11255;13;11252;24;;;11263;21;11266;19;;;11259.0;0.0
spike_crash_volatile_s0;22500;ASH_COATED_OSMIUM;9981;5;9977;24;;;9995;7;9999;17;;;9988.0;0.0
spike_crash_volatile_s0;22600;INTARIAN_PEPPER_ROOT;11254;17;11250;10;;;11266;20;11269;20;;;11260.0;0.0
spike_crash_volatile_s0;22600;ASH_COATED_OSMIUM;9985;12;9981;12;;;9987;18;9989;24;;;9986.0;0.0
spike_crash_volatile_s0;22700;INTARIAN_PEPPER_ROOT;11246;23;11242;19;;;11278;21;11281;22;;;11262.0;0.0
spike_crash_volatile_s0;22700;ASH_COATED_OSMIUM;9988;15;9985;28;;;9994;16;9996;21;;;9991.0;0.0
spike_crash_volatile_s0;22800;INTARIAN_PEPPER_ROOT;11257;5;11255;24;;;11265;15;11267;22;;;11261.0;0.0
spike_crash_volatile_s0;22800;ASH_COATED_OSMIUM;9987;16;9984;14;;;9991;16;9995;19;;;9989.0;0.0
spike_crash_volatile_s0;22900;INTARIAN_PEPPER_ROOT;11259;23;11257;18;;;11265;15;11269;26;;;11262.0;0.0
spike_crash_volatile_s0;22900;ASH_COATED_OSMIUM;9973;17;9971;21;;;10007;22;10009;18;;;9990.0;0.0
spike_crash_volatile_s0;23000;INTARIAN_PEPPER_ROOT;11255;19;11252;25;;;11263;25;11267;17;;;11259.0;0.0
spike_crash_volatile_s0;23000;ASH_COATED_OSMIUM;9979;9;9975;11;;;9999;8;10002;11;;;9989.0;0.0
spike_crash_volatile_s0;23100;INTARIAN_PEPPER_ROOT;11259;14;11257;17;;;11261;15;11263;17;;;11260.0;0.0
spike_crash_volatile_s0;23100;ASH_COATED_OSMIUM;9991;14;9987;30;;;9993;17;9997;23;;;9992.0;0.0
spike_crash_volatile_s0;23200;INTARIAN_PEPPER_ROOT;11254;19;11250;23;;;11264;10;11268;26;;;11259.0;0.0
spike_crash_volatile_s0;23200;ASH_COATED_OSMIUM;9989;6;9985;22;;;10003;9;10006;21;;;9996.0;0.0
spike_crash_volatile_s0;23300;INTARIAN_PEPPER_ROOT;11259;11;11255;18;;;11263;14;11265;23;;;11261.0;0.0
spike_crash_volatile_s0;23300;ASH_COATED_OSMIUM;9998;6;9994;20;;;10000;16;10004;13;;;9999.0;0.0
spike_crash_volatile_s0;23400;INTARIAN_PEPPER_ROOT;11251;20;11247;19;;;11267;12;11270;23;;;11259.0;0.0
spike_crash_volatile_s0;23400;ASH_COATED_OSMIUM;10002;5;9998;16;;;10006;18;10008;23;;;10004.0;0.0
spike_crash_volatile_s0;23500;INTARIAN_PEPPER_ROOT;11261;17;11259;18;;;11263;19;11266;15;;;11262.0;0.0
spike_crash_volatile_s0;23500;ASH_COATED_OSMIUM;9999;14;9996;20;;;10003;8;10007;21;;;10001.0;0.0
spike_crash_volatile_s0;23600;INTARIAN_PEPPER_ROOT;11264;10;11262;22;;;11270;16;11274;21;;;11267.0;0.0
spike_crash_volatile_s0;23600;ASH_COATED_OSMIUM;9992;14;9988;14;;;10004;17;10008;22;;;9998.0;0.0
spike_crash_volatile_s0;23700;INTARIAN_PEPPER_ROOT;11255;20;11253;16;;;11269;17;11272;26;;;11262.0;0.0
spike_crash_volatile_s0;23700;ASH_COATED_OSMIUM;9988;12;9985;12;;;10000;6;10004;18;;;9994.0;0.0
spike_crash_volatile_s0;23800;INTARIAN_PEPPER_ROOT;11261;5;11257;26;;;11269;21;11273;20;;;11265.0;0.0
spike_crash_volatile_s0;23800;ASH_COATED_OSMIUM;9979;24;9975;26;;;10009;16;10012;21;;;9994.0;0.0
spike_crash_volatile_s0;23900;INTARIAN_PEPPER_ROOT;11262;9;11259;18;;;11272;20;11275;11;;;11267.0;0.0
spike_crash_volatile_s0;23900;ASH_COATED_OSMIUM;9975;6;9971;9;;;10005;9;10007;20;;;9990.0;0.0
spike_crash_volatile_s0;24000;INTARIAN_PEPPER_ROOT;11254;22;11252;12;;;11278;8;11282;23;;;11266.0;0.0
spike_crash_volatile_s0;24000;ASH_COATED_OSMIUM;9979;18;9977;25;;;9997;13;10001;18;;;9988.0;0.0
spike_crash_volatile_s0;24100;INTARIAN_PEPPER_ROOT;11258;19;11256;17;;;11274;26;11278;15;;;11266.0;0.0
spike_crash_volatile_s0;24100;ASH_COATED_OSMIUM;9983;10;9980;23;;;9987;18;9991;18;;;9985.0;0.0
spike_crash_volatile_s0;24200;INTARIAN_PEPPER_ROOT;11262;18;11259;19;;;11274;14;11276;17;;;11268.0;0.0
spike_crash_volatile_s0;24200;ASH_COATED_OSMIUM;9979;14;9977;24;;;10011;15;10014;16;;;9995.0;0.0
spike_crash_volatile_s0;24300;INTARIAN_PEPPER_ROOT;11259;12;11255;26;;;11275;7;11279;27;;;11267.0;0.0
spike_crash_volatile_s0;24300;ASH_COATED_OSMIUM;9995;11;9992;13;;;9997;7;9999;12;;;9996.0;0.0
spike_crash_volatile_s0;24400;INTARIAN_PEPPER_ROOT;11267;17;11265;25;;;11269;14;11273;19;;;11268.0;0.0
spike_crash_volatile_s0;24400;ASH_COATED_OSMIUM;9995;15;9991;14;;;9999;15;10003;25;;;9997.0;0.0
spike_crash_volatile_s0;24500;INTARIAN_PEPPER_ROOT;11263;20;11261;9;;;11265;25;11268;23;;;11264.0;0.0
spike_crash_volatile_s0;24500;ASH_COATED_OSMIUM;9994;15;9992;11;;;9996;5;9999;17;;;9995.0;0.0
spike_crash_volatile_s0;24600;INTARIAN_PEPPER_ROOT;11265;5;11263;11;;;11273;13;11276;19;;;11269.0;0.0
spike_crash_volatile_s0;24600;ASH_COATED_OSMIUM;9988;14;9984;15;;;9996;14;9998;17;;;9992.0;0.0
spike_crash_volatile_s0;24700;INTARIAN_PEPPER_ROOT;11263;13;11259;16;;;11281;7;11283;26;;;11272.0;0.0
spike_crash_volatile_s0;24700;ASH_COATED_OSMIUM;9982;8;9979;21;;;10002;13;10006;28;;;9992.0;0.0
spike_crash_volatile_s0;24800;INTARIAN_PEPPER_ROOT;11266;19;11263;22;;;11276;10;11279;15;;;11271.0;0.0
spike_crash_volatile_s0;24800;ASH_COATED_OSMIUM;9983;20;9980;24;;;9995;21;9998;19;;;9989.0;0.0
spike_crash_volatile_s0;24900;INTARIAN_PEPPER_ROOT;11265;11;11261;18;;;11271;18;11274;20;;;11268.0;0.0
spike_crash_volatile_s0;24900;ASH_COATED_OSMIUM;9977;19;9975;17;;;9991;15;9995;21;;;9984.0;0.0
spike_crash_volatile_s0;25000;INTARIAN_PEPPER_ROOT;11267;26;11263;12;;;11275;15;11278;21;;;11271.0;0.0
spike_crash_volatile_s0;25000;ASH_COATED_OSMIUM;9974;6;9971;14;;;9986;12;9988;18;;;9980.0;0.0
spike_crash_volatile_s0;25100;INTARIAN_PEPPER_ROOT;11264;14;11260;16;;;11278;16;11280;14;;;11271.0;0.0
spike_crash_volatile_s0;25100;ASH_COATED_OSMIUM;9983;6;9981;23;;;9989;5;9991;15;;;9986.0;0.0
spike_crash_volatile_s0;25200;INTARIAN_PEPPER_ROOT;11269;25;11265;14;;;11275;15;11279;22;;;11272.0;0.0
spike_crash_volatile_s0;25200;ASH_COATED_OSMIUM;9977;18;9974;21;;;9991;12;9993;12;;;9984.0;0.0
spike_crash_volatile_s0;25300;INTARIAN_PEPPER_ROOT;11270;15;11266;11;;;11274;14;11276;21;;;11272.0;0.0
spike_crash_volatile_s0;25300;ASH_COATED_OSMIUM;9964;9;9961;18;;;9996;15;10000;17;;;9980.0;0.0
spike_crash_volatile_s0;25400;INTARIAN_PEPPER_ROOT;11274;22;11272;14;;;11276;16;11279;18;;;11275.0;0.0
spike_crash_volatile_s0;25400;ASH_COATED_OSMIUM;9978;13;9976;19;;;9980;14;9983;20;;;9979.0;0.0
spike_crash_volatile_s0;25500;INTARIAN_PEPPER_ROOT;11275;13;11271;11;;;11279;6;11282;23;;;11277.0;0.0
spike_crash_volatile_s0;25500;ASH_COATED_OSMIUM;9976;6;9974;26;;;9986;14;9989;21;;;9981.0;0.0
spike_crash_volatile_s0;25600;INTARIAN_PEPPER_ROOT;11270;17;11268;18;;;11282;19;11286;22;;;11276.0;0.0
spike_crash_volatile_s0;25600;ASH_COATED_OSMIUM;9973;9;9970;17;;;9991;12;9995;25;;;9982.0;0.0
spike_crash_volatile_s0;25700;INTARIAN_PEPPER_ROOT;11270;12;11267;19;;;11278;15;11280;18;;;11274.0;0.0
spike_crash_volatile_s0;25700;ASH_COATED_OSMIUM;9979;6;9977;19;;;9981;5;9985;11;;;9980.0;0.0
spike_crash_volatile_s0;25800;INTARIAN_PEPPER_ROOT;11270;14;11267;18;;;11272;14;11275;18;;;11271.0;0.0
spike_crash_volatile_s0;25800;ASH_COATED_OSMIUM;9976;6;9973;18;;;9984;6;9986;21;;;9980.0;0.0
spike_crash_volatile_s0;25900;INTARIAN_PEPPER_ROOT;11267;16;11265;21;;;11279;15;11282;21;;;11273.0;0.0
spike_crash_volatile_s0;25900;ASH_COATED_OSMIUM;9974;13;9972;15;;;9982;16;9984;21;;;9978.0;0.0
spike_crash_volatile_s0;26000;INTARIAN_PEPPER_ROOT;11267;16;11263;17;;;11277;8;11279;18;;;11272.0;0.0
spike_crash_volatile_s0;26000;ASH_COATED_OSMIUM;9967;19;9964;15;;;9997;14;9999;13;;;9982.0;0.0
spike_crash_volatile_s0;26100;INTARIAN_PEPPER_ROOT;11255;12;11252;14;;;11287;14;11290;20;;;11271.0;0.0
spike_crash_volatile_s0;26100;ASH_COATED_OSMIUM;9986;14;9982;24;;;9988;15;9992;29;;;9987.0;0.0
spike_crash_volatile_s0;26200;INTARIAN_PEPPER_ROOT;11263;12;11261;19;;;11277;14;11281;23;;;11270.0;0.0
spike_crash_volatile_s0;26200;ASH_COATED_OSMIUM;9988;12;9986;10;;;9990;11;9992;27;;;9989.0;0.0
spike_crash_volatile_s0;26300;INTARIAN_PEPPER_ROOT;11270;15;11266;13;;;11274;17;11278;22;;;11272.0;0.0
spike_crash_volatile_s0;26300;ASH_COATED_OSMIUM;9980;15;9978;17;;;9986;19;9990;15;;;9983.0;0.0
spike_crash_volatile_s0;26400;INTARIAN_PEPPER_ROOT;11261;14;11258;22;;;11275;18;11277;20;;;11268.0;0.0
spike_crash_volatile_s0;26400;ASH_COATED_OSMIUM;9981;22;9979;14;;;9983;8;9985;14;;;9982.0;0.0
spike_crash_volatile_s0;26500;INTARIAN_PEPPER_ROOT;11268;15;11264;11;;;11270;19;11273;16;;;11269.0;0.0
spike_crash_volatile_s0;26500;ASH_COATED_OSMIUM;9982;5;9979;21;;;9986;6;9990;8;;;9984.0;0.0
spike_crash_volatile_s0;26600;INTARIAN_PEPPER_ROOT;11264;17;11261;21;;;11278;18;11282;14;;;11271.0;0.0
spike_crash_volatile_s0;26600;ASH_COATED_OSMIUM;9982;11;9980;15;;;9984;20;9986;8;;;9983.0;0.0
spike_crash_volatile_s0;26700;INTARIAN_PEPPER_ROOT;11267;10;11265;14;;;11279;14;11281;16;;;11273.0;0.0
spike_crash_volatile_s0;26700;ASH_COATED_OSMIUM;9979;17;9975;29;;;9985;12;9988;17;;;9982.0;0.0
spike_crash_volatile_s0;26800;INTARIAN_PEPPER_ROOT;11264;16;11260;21;;;11282;8;11285;17;;;11273.0;0.0
spike_crash_volatile_s0;26800;ASH_COATED_OSMIUM;9982;16;9980;25;;;9984;12;9988;19;;;9983.0;0.0
spike_crash_volatile_s0;26900;INTARIAN_PEPPER_ROOT;11272;11;11270;29;;;11276;11;11278;10;;;11274.0;0.0
spike_crash_volatile_s0;26900;ASH_COATED_OSMIUM;9981;14;9977;21;;;9989;9;9992;18;;;9985.0;0.0
spike_crash_volatile_s0;27000;INTARIAN_PEPPER_ROOT;11267;10;11265;20;;;11285;17;11287;12;;;11276.0;0.0
spike_crash_volatile_s0;27000;ASH_COATED_OSMIUM;9982;13;9980;20;;;9996;8;10000;21;;;9989.0;0.0
spike_crash_volatile_s0;27100;INTARIAN_PEPPER_ROOT;11246;10;11242;21;;;11294;12;11296;19;;;11270.0;0.0
spike_crash_volatile_s0;27100;ASH_COATED_OSMIUM;9985;5;9981;28;;;9991;11;9993;16;;;9988.0;0.0
spike_crash_volatile_s0;27200;INTARIAN_PEPPER_ROOT;11269;14;11265;16;;;11285;14;11288;22;;;11277.0;0.0
spike_crash_volatile_s0;27200;ASH_COATED_OSMIUM;9981;9;9978;23;;;9993;10;9997;25;;;9987.0;0.0
spike_crash_volatile_s0;27300;INTARIAN_PEPPER_ROOT;11269;7;11266;19;;;11287;13;11289;23;;;11278.0;0.0
spike_crash_volatile_s0;27300;ASH_COATED_OSMIUM;9980;15;9976;15;;;9994;16;9996;18;;;9987.0;0.0
spike_crash_volatile_s0;27400;INTARIAN_PEPPER_ROOT;11276;5;11274;18;;;11278;20;11280;24;;;11277.0;0.0
spike_crash_volatile_s0;27400;ASH_COATED_OSMIUM;9979;16;9977;20;;;9999;17;10001;21;;;9989.0;0.0
spike_crash_volatile_s0;27500;INTARIAN_PEPPER_ROOT;11265;13;11263;18;;;11291;5;11295;27;;;11278.0;0.0
spike_crash_volatile_s0;27500;ASH_COATED_OSMIUM;9969;12;9967;13;;;10011;14;10013;19;;;9990.0;0.0
spike_crash_volatile_s0;27600;INTARIAN_PEPPER_ROOT;11245;18;11241;20;;;11317;15;11319;21;;;11281.0;0.0
spike_crash_volatile_s0;27600;ASH_COATED_OSMIUM;9986;12;9983;15;;;9994;18;9996;16;;;9990.0;0.0
spike_crash_volatile_s0;27700;INTARIAN_PEPPER_ROOT;11277;10;11273;15;;;11283;20;11287;20;;;11280.0;0.0
spike_crash_volatile_s0;27700;ASH_COATED_OSMIUM;9966;13;9964;26;;;10014;23;10018;24;;;9990.0;0.0
spike_crash_volatile_s0;27800;INTARIAN_PEPPER_ROOT;11267;12;11264;29;;;11285;15;11288;24;;;11276.0;0.0
spike_crash_volatile_s0;27800;ASH_COATED_OSMIUM;9953;5;9950;18;;;10031;17;10035;17;;;9992.0;0.0
spike_crash_volatile_s0;27900;INTARIAN_PEPPER_ROOT;11282;6;11279;17;;;11284;16;11288;18;;;11283.0;0.0
spike_crash_volatile_s0;27900;ASH_COATED_OSMIUM;9983;18;9980;20;;;10007;10;10011;19;;;9995.0;0.0
spike_crash_volatile_s0;28000;INTARIAN_PEPPER_ROOT;11275;20;11271;14;;;11293;21;11295;24;;;11284.0;0.0
spike_crash_volatile_s0;28000;ASH_COATED_OSMIUM;10000;7;9996;19;;;10002;5;10005;17;;;10001.0;0.0
spike_crash_volatile_s0;28100;INTARIAN_PEPPER_ROOT;11286;15;11283;19;;;11288;23;11292;30;;;11287.0;0.0
spike_crash_volatile_s0;28100;ASH_COATED_OSMIUM;10000;11;9997;17;;;10006;20;10008;21;;;10003.0;0.0
spike_crash_volatile_s0;28200;INTARIAN_PEPPER_ROOT;11285;11;11281;21;;;11287;21;11290;21;;;11286.0;0.0
spike_crash_volatile_s0;28200;ASH_COATED_OSMIUM;9975;8;9973;15;;;10019;7;10023;18;;;9997.0;0.0
spike_crash_volatile_s0;28300;INTARIAN_PEPPER_ROOT;11287;19;11285;25;;;11295;14;11299;20;;;11291.0;0.0
spike_crash_volatile_s0;28300;ASH_COATED_OSMIUM;9992;9;9989;13;;;9996;16;9998;23;;;9994.0;0.0
spike_crash_volatile_s0;28400;INTARIAN_PEPPER_ROOT;11292;14;11290;21;;;11294;21;11298;20;;;11293.0;0.0
spike_crash_volatile_s0;28400;ASH_COATED_OSMIUM;9993;5;9991;10;;;9995;14;9997;14;;;9994.0;0.0
spike_crash_volatile_s0;28500;INTARIAN_PEPPER_ROOT;11292;20;11290;22;;;11298;17;11302;21;;;11295.0;0.0
spike_crash_volatile_s0;28500;ASH_COATED_OSMIUM;9993;9;9989;24;;;9997;15;9999;22;;;9995.0;0.0
spike_crash_volatile_s0;28600;INTARIAN_PEPPER_ROOT;11291;14;11287;19;;;11297;17;11301;12;;;11294.0;0.0
spike_crash_volatile_s0;28600;ASH_COATED_OSMIUM;9990;7;9987;16;;;9992;16;9996;20;;;9991.0;0.0
spike_crash_volatile_s0;28700;INTARIAN_PEPPER_ROOT;11290;10;11288;23;;;11306;19;11310;19;;;11298.0;0.0
spike_crash_volatile_s0;28700;ASH_COATED_OSMIUM;9989;15;9987;25;;;9991;7;9995;14;;;9990.0;0.0
spike_crash_volatile_s0;28800;INTARIAN_PEPPER_ROOT;11300;14;11298;21;;;11302;13;11306;17;;;11301.0;0.0
spike_crash_volatile_s0;28800;ASH_COATED_OSMIUM;9988;6;9986;13;;;9990;20;9993;14;;;9989.0;0.0
spike_crash_volatile_s0;28900;INTARIAN_PEPPER_ROOT;11303;8;11299;20;;;11307;19;11311;17;;;11305.0;0.0
spike_crash_volatile_s0;28900;ASH_COATED_OSMIUM;9989;8;9987;16;;;9993;15;9995;19;;;9991.0;0.0
spike_crash_volatile_s0;29000;INTARIAN_PEPPER_ROOT;11302;21;11299;26;;;11306;17;11309;18;;;11304.0;0.0
spike_crash_volatile_s0;29000;ASH_COATED_OSMIUM;9969;15;9967;26;;;10011;5;10015;19;;;9990.0;0.0
spike_crash_volatile_s0;29100;INTARIAN_PEPPER_ROOT;11302;13;11299;13;;;11306;5;11309;24;;;11304.0;0.0
spike_crash_volatile_s0;29100;ASH_COATED_OSMIUM;9985;12;9981;25;;;9993;18;9995;21;;;9989.0;0.0
spike_crash_volatile_s0;29200;INTARIAN_PEPPER_ROOT;11306;18;11303;23;;;11316;5;11318;11;;;11311.0;0.0
spike_crash_volatile_s0;29200;ASH_COATED_OSMIUM;9982;21;9978;21;;;9994;8;9998;30;;;9988.0;0.0
spike_crash_volatile_s0;29300;INTARIAN_PEPPER_ROOT;11300;5;11297;28;;;11318;19;11320;26;;;11309.0;0.0
spike_crash_volatile_s0;29300;ASH_COATED_OSMIUM;9982;5;9978;17;;;9998;7;10000;15;;;9990.0;0.0
spike_crash_volatile_s0;29400;INTARIAN_PEPPER_ROOT;11309;11;11306;21;;;11311;9;11313;24;;;11310.0;0.0
spike_crash_volatile_s0;29400;ASH_COATED_OSMIUM;9988;13;9986;24;;;9992;13;9994;19;;;9990.0;0.0
spike_crash_volatile_s0;29500;INTARIAN_PEPPER_ROOT;11312;8;11308;26;;;11316;8;11320;24;;;11314.0;0.0
spike_crash_volatile_s0;29500;ASH_COATED_OSMIUM;9994;20;9990;25;;;9998;18;10001;22;;;9996.0;0.0
spike_crash_volatile_s0;29600;INTARIAN_PEPPER_ROOT;11309;13;11307;19;;;11321;20;11324;24;;;11315.0;0.0
spike_crash_volatile_s0;29600;ASH_COATED_OSMIUM;9987;10;9984;27;;;10001;13;10005;29;;;9994.0;0.0
spike_crash_volatile_s0;29700;INTARIAN_PEPPER_ROOT;11312;24;11308;13;;;11324;15;11327;24;;;11318.0;0.0
spike_crash_volatile_s0;29700;ASH_COATED_OSMIUM;9986;16;9983;23;;;9996;19;10000;30;;;9991.0;0.0
spike_crash_volatile_s0;29800;INTARIAN_PEPPER_ROOT;11311;24;11308;20;;;11323;17;11327;8;;;11317.0;0.0
spike_crash_volatile_s0;29800;ASH_COATED_OSMIUM;9977;15;9975;19;;;10003;15;10006;13;;;9990.0;0.0
spike_crash_volatile_s0;29900;INTARIAN_PEPPER_ROOT;11317;17;11314;12;;;11321;11;11325;18;;;11319.0;0.0
spike_crash_volatile_s0;29900;ASH_COATED_OSMIUM;9981;13;9978;21;;;9997;8;9999;22;;;9989.0;0.0
spike_crash_volatile_s0;30000;INTARIAN_PEPPER_ROOT;11314;18;11311;20;;;11320;15;11323;22;;;11317.0;0.0
spike_crash_volatile_s0;30000;ASH_COATED_OSMIUM;9957;13;9954;19;;;10033;18;10037;20;;;9995.0;0.0
spike_crash_volatile_s0;30100;INTARIAN_PEPPER_ROOT;11321;11;11318;10;;;11323;14;11327;18;;;11322.0;0.0
spike_crash_volatile_s0;30100;ASH_COATED_OSMIUM;9997;8;9994;18;;;10001;8;10003;16;;;9999.0;0.0
spike_crash_volatile_s0;30200;INTARIAN_PEPPER_ROOT;11291;11;11288;20;;;11355;11;11357;23;;;11323.0;0.0
spike_crash_volatile_s0;30200;ASH_COATED_OSMIUM;9996;11;9994;22;;;10004;14;10008;17;;;10000.0;0.0
spike_crash_volatile_s0;30300;INTARIAN_PEPPER_ROOT;11308;8;11305;21;;;11336;19;11338;15;;;11322.0;0.0
spike_crash_volatile_s0;30300;ASH_COATED_OSMIUM;9994;22;9992;21;;;10004;15;10006;18;;;9999.0;0.0
spike_crash_volatile_s0;30400;INTARIAN_PEPPER_ROOT;11321;17;11318;21;;;11329;18;11332;17;;;11325.0;0.0
spike_crash_volatile_s0;30400;ASH_COATED_OSMIUM;9992;6;9988;26;;;9994;10;9997;24;;;9993.0;0.0
spike_crash_volatile_s0;30500;INTARIAN_PEPPER_ROOT;11321;11;11317;11;;;11329;15;11331;24;;;11325.0;0.0
spike_crash_volatile_s0;30500;ASH_COATED_OSMIUM;9948;10;9945;22;;;10034;7;10037;21;;;9991.0;0.0
spike_crash_volatile_s0;30600;INTARIAN_PEPPER_ROOT;11315;14;11312;18;;;11331;5;11334;32;;;11323.0;0.0
spike_crash_volatile_s0;30600;ASH_COATED_OSMIUM;9986;18;9983;26;;;9996;17;10000;10;;;9991.0;0.0
spike_crash_volatile_s0;30700;INTARIAN_PEPPER_ROOT;11313;13;11311;18;;;11325;18;11327;21;;;11319.0;0.0
spike_crash_volatile_s0;30700;ASH_COATED_OSMIUM;9979;12;9976;23;;;10001;12;10003;8;;;9990.0;0.0
spike_crash_volatile_s0;30800;INTARIAN_PEPPER_ROOT;11306;17;11303;17;;;11338;14;11342;14;;;11322.0;0.0
spike_crash_volatile_s0;30800;ASH_COATED_OSMIUM;9994;12;9992;20;;;9998;9;10002;22;;;9996.0;0.0
spike_crash_volatile_s0;30900;INTARIAN_PEPPER_ROOT;11315;30;11313;18;;;11331;18;11333;16;;;11323.0;0.0
spike_crash_volatile_s0;30900;ASH_COATED_OSMIUM;9996;5;9994;24;;;10000;12;10003;22;;;9998.0;0.0
spike_crash_volatile_s0;31000;INTARIAN_PEPPER_ROOT;11321;12;11319;14;;;11327;19;11330;21;;;11324.0;0.0
spike_crash_volatile_s0;31000;ASH_COATED_OSMIUM;9973;9;9970;19;;;10025;20;10027;16;;;9999.0;0.0
spike_crash_volatile_s0;31100;INTARIAN_PEPPER_ROOT;11312;13;11309;14;;;11342;16;11346;17;;;11327.0;0.0
spike_crash_volatile_s0;31100;ASH_COATED_OSMIUM;9998;15;9996;17;;;10004;10;10006;13;;;10001.0;0.0
spike_crash_volatile_s0;31200;INTARIAN_PEPPER_ROOT;11318;10;11315;19;;;11334;8;11338;17;;;11326.0;0.0
spike_crash_volatile_s0;31200;ASH_COATED_OSMIUM;9996;5;9992;13;;;10000;13;10004;23;;;9998.0;0.0
spike_crash_volatile_s0;31300;INTARIAN_PEPPER_ROOT;11315;14;11313;12;;;11335;13;11339;17;;;11325.0;0.0
spike_crash_volatile_s0;31300;ASH_COATED_OSMIUM;9991;16;9989;28;;;10015;11;10018;20;;;10003.0;0.0
spike_crash_volatile_s0;31400;INTARIAN_PEPPER_ROOT;11313;22;11310;21;;;11337;12;11341;19;;;11325.0;0.0
spike_crash_volatile_s0;31400;ASH_COATED_OSMIUM;10009;10;10006;25;;;10011;12;10014;22;;;10010.0;0.0
spike_crash_volatile_s0;31500;INTARIAN_PEPPER_ROOT;11322;10;11320;11;;;11330;13;11332;22;;;11326.0;0.0
spike_crash_volatile_s0;31500;ASH_COATED_OSMIUM;10003;15;10000;17;;;10015;13;10017;24;;;10009.0;0.0
spike_crash_volatile_s0;31600;INTARIAN_PEPPER_ROOT;11326;18;11322;18;;;11328;17;11332;19;;;11327.0;0.0
spike_crash_volatile_s0;31600;ASH_COATED_OSMIUM;9989;8;9985;19;;;10031;8;10035;19;;;10010.0;0.0
spike_crash_volatile_s0;31700;INTARIAN_PEPPER_ROOT;11325;19;11323;15;;;11329;13;11333;22;;;11327.0;0.0
spike_crash_volatile_s0;31700;ASH_COATED_OSMIUM;9985;14;9983;22;;;10035;7;10037;20;;;10010.0;0.0
spike_crash_volatile_s0;31800;INTARIAN_PEPPER_ROOT;11328;22;11324;10;;;11330;18;11334;29;;;11329.0;0.0
spike_crash_volatile_s0;31800;ASH_COATED_OSMIUM;10002;11;9999;16;;;10012;17;10016;22;;;10007.0;0.0
spike_crash_volatile_s0;31900;INTARIAN_PEPPER_ROOT;11323;18;11321;22;;;11333;17;11337;14;;;11328.0;0.0
spike_crash_volatile_s0;31900;ASH_COATED_OSMIUM;9980;9;9977;11;;;10038;5;10042;17;;;10009.0;0.0
spike_crash_volatile_s0;32000;INTARIAN_PEPPER_ROOT;11325;16;11322;17;;;11331;14;11334;25;;;11328.0;0.0
spike_crash_volatile_s0;32000;ASH_COATED_OSMIUM;10011;13;10008;21;;;10013;7;10015;24;;;10012.0;0.0
spike_crash_volatile_s0;32100;INTARIAN_PEPPER_ROOT;11322;13;11320;17;;;11332;19;11335;20;;;11327.0;0.0
spike_crash_volatile_s0;32100;ASH_COATED_OSMIUM;10013;18;10011;20;;;10021;13;10023;16;;;10017.0;0.0
spike_crash_volatile_s0;32200;INTARIAN_PEPPER_ROOT;11326;14;11323;22;;;11332;16;11335;17;;;11329.0;0.0
spike_crash_volatile_s0;32200;ASH_COATED_OSMIUM;10021;5;10017;25;;;10023;5;10027;20;;;10022.0;0.0
spike_crash_volatile_s0;32300;INTARIAN_PEPPER_ROOT;11323;10;11321;15;;;11331;10;11335;18;;;11327.0;0.0
spike_crash_volatile_s0;32300;ASH_COATED_OSMIUM;10013;5;10010;27;;;10023;13;10025;19;;;10018.0;0.0
spike_crash_volatile_s0;32400;INTARIAN_PEPPER_ROOT;11324;25;11321;23;;;11326;12;11330;17;;;11325.0;0.0
spike_crash_volatile_s0;32400;ASH_COATED_OSMIUM;10011;18;10007;22;;;10021;7;10024;25;;;10016.0;0.0
spike_crash_volatile_s0;32500;INTARIAN_PEPPER_ROOT;11323;7;11319;21;;;11329;14;11332;18;;;11326.0;0.0
spike_crash_volatile_s0;32500;ASH_COATED_OSMIUM;10013;16;10010;15;;;10017;20;10020;16;;;10015.0;0.0
spike_crash_volatile_s0;32600;INTARIAN_PEPPER_ROOT;11322;20;11319;20;;;11332;19;11336;23;;;11327.0;0.0
spike_crash_volatile_s0;32600;ASH_COATED_OSMIUM;10006;11;10003;20;;;10022;15;10025;14;;;10014.0;0.0
spike_crash_volatile_s0;32700;INTARIAN_PEPPER_ROOT;11330;18;11328;20;;;11336;16;11339;14;;;11333.0;0.0
spike_crash_volatile_s0;32700;ASH_COATED_OSMIUM;10007;5;10005;15;;;10009;18;10011;22;;;10008.0;0.0
spike_crash_volatile_s0;32800;INTARIAN_PEPPER_ROOT;11331;19;11327;30;;;11333;17;11335;13;;;11332.0;0.0
spike_crash_volatile_s0;32800;ASH_COATED_OSMIUM;10006;20;10003;16;;;10008;11;10010;26;;;10007.0;0.0
spike_crash_volatile_s0;32900;INTARIAN_PEPPER_ROOT;11335;11;11331;22;;;11337;23;11339;21;;;11336.0;0.0
spike_crash_volatile_s0;32900;ASH_COATED_OSMIUM;10006;10;10003;28;;;10020;11;10022;17;;;10013.0;0.0
spike_crash_volatile_s0;33000;INTARIAN_PEPPER_ROOT;11338;13;11336;19;;;11340;8;11342;13;;;11339.0;0.0
spike_crash_volatile_s0;33000;ASH_COATED_OSMIUM;10002;12;10000;20;;;10012;13;10015;21;;;10007.0;0.0
spike_crash_volatile_s0;33100;INTARIAN_PEPPER_ROOT;11328;5;11326;23;;;11346;14;11350;12;;;11337.0;0.0
spike_crash_volatile_s0;33100;ASH_COATED_OSMIUM;9997;10;9994;24;;;10015;18;10019;27;;;10006.0;0.0
spike_crash_volatile_s0;33200;INTARIAN_PEPPER_ROOT;11332;22;11328;22;;;11346;18;11348;20;;;11339.0;0.0
spike_crash_volatile_s0;33200;ASH_COATED_OSMIUM;10004;14;10002;20;;;10006;11;10009;12;;;10005.0;0.0
spike_crash_volatile_s0;33300;INTARIAN_PEPPER_ROOT;11333;12;11329;30;;;11343;20;11346;15;;;11338.0;0.0
spike_crash_volatile_s0;33300;ASH_COATED_OSMIUM;9980;7;9976;22;;;10032;20;10035;17;;;10006.0;0.0
spike_crash_volatile_s0;33400;INTARIAN_PEPPER_ROOT;11323;9;11320;22;;;11341;8;11343;23;;;11332.0;0.0
spike_crash_volatile_s0;33400;ASH_COATED_OSMIUM;10002;9;10000;28;;;10008;14;10012;16;;;10005.0;0.0
spike_crash_volatile_s0;33500;INTARIAN_PEPPER_ROOT;11333;17;11329;16;;;11335;22;11339;17;;;11334.0;0.0
spike_crash_volatile_s0;33500;ASH_COATED_OSMIUM;10001;5;9997;22;;;10003;11;10005;16;;;10002.0;0.0
spike_crash_volatile_s0;33600;INTARIAN_PEPPER_ROOT;11325;12;11322;17;;;11337;20;11339;12;;;11331.0;0.0
spike_crash_volatile_s0;33600;ASH_COATED_OSMIUM;9997;13;9994;18;;;10011;5;10015;21;;;10004.0;0.0
spike_crash_volatile_s0;33700;INTARIAN_PEPPER_ROOT;11332;8;11329;15;;;11336;12;11338;24;;;11334.0;0.0
spike_crash_volatile_s0;33700;ASH_COATED_OSMIUM;10000;14;9997;19;;;10008;9;10010;21;;;10004.0;0.0
spike_crash_volatile_s0;33800;INTARIAN_PEPPER_ROOT;11329;23;11325;20;;;11337;16;11340;23;;;11333.0;0.0
spike_crash_volatile_s0;33800;ASH_COATED_OSMIUM;10007;5;10004;21;;;10009;27;10011;22;;;10008.0;0.0
spike_crash_volatile_s0;33900;INTARIAN_PEPPER_ROOT;11329;21;11327;11;;;11347;13;11351;18;;;11338.0;0.0
spike_crash_volatile_s0;33900;ASH_COATED_OSMIUM;10007;19;10003;20;;;10011;14;10014;20;;;10009.0;0.0
spike_crash_volatile_s0;34000;INTARIAN_PEPPER_ROOT;11339;20;11336;33;;;11343;13;11345;18;;;11341.0;0.0
spike_crash_volatile_s0;34000;ASH_COATED_OSMIUM;9999;14;9995;15;;;10023;8;10025;21;;;10011.0;0.0
spike_crash_volatile_s0;34100;INTARIAN_PEPPER_ROOT;11340;13;11338;22;;;11344;18;11348;18;;;11342.0;0.0
spike_crash_volatile_s0;34100;ASH_COATED_OSMIUM;10001;13;9997;23;;;10029;5;10032;18;;;10015.0;0.0
spike_crash_volatile_s0;34200;INTARIAN_PEPPER_ROOT;11338;5;11336;11;;;11342;14;11346;18;;;11340.0;0.0
spike_crash_volatile_s0;34200;ASH_COATED_OSMIUM;9980;18;9978;20;;;10038;11;10041;19;;;10009.0;0.0
spike_crash_volatile_s0;34300;INTARIAN_PEPPER_ROOT;11336;8;11334;19;;;11340;5;11344;21;;;11338.0;0.0
spike_crash_volatile_s0;34300;ASH_COATED_OSMIUM;9994;10;9990;19;;;10028;12;10031;11;;;10011.0;0.0
spike_crash_volatile_s0;34400;INTARIAN_PEPPER_ROOT;11326;13;11323;27;;;11350;10;11353;11;;;11338.0;0.0
spike_crash_volatile_s0;34400;ASH_COATED_OSMIUM;10009;5;10005;29;;;10013;8;10016;17;;;10011.0;0.0
spike_crash_volatile_s0;34500;INTARIAN_PEPPER_ROOT;11335;13;11333;14;;;11343;22;11345;12;;;11339.0;0.0
spike_crash_volatile_s0;34500;ASH_COATED_OSMIUM;10004;16;10001;19;;;10012;11;10016;19;;;10008.0;0.0
spike_crash_volatile_s0;34600;INTARIAN_PEPPER_ROOT;11326;22;11323;14;;;11352;13;11356;24;;;11339.0;0.0
spike_crash_volatile_s0;34600;ASH_COATED_OSMIUM;9996;5;9993;24;;;10016;21;10019;20;;;10006.0;0.0
spike_crash_volatile_s0;34700;INTARIAN_PEPPER_ROOT;11337;19;11333;21;;;11343;8;11345;18;;;11340.0;0.0
spike_crash_volatile_s0;34700;ASH_COATED_OSMIUM;9998;8;9994;20;;;10010;18;10012;12;;;10004.0;0.0
spike_crash_volatile_s0;34800;INTARIAN_PEPPER_ROOT;11338;10;11336;21;;;11346;11;11349;13;;;11342.0;0.0
spike_crash_volatile_s0;34800;ASH_COATED_OSMIUM;10001;16;9999;16;;;10003;6;10006;20;;;10002.0;0.0
spike_crash_volatile_s0;34900;INTARIAN_PEPPER_ROOT;11342;18;11339;19;;;11348;13;11350;13;;;11345.0;0.0
spike_crash_volatile_s0;34900;ASH_COATED_OSMIUM;9996;5;9994;14;;;10006;7;10010;22;;;10001.0;0.0
spike_crash_volatile_s0;35000;INTARIAN_PEPPER_ROOT;11337;13;11334;21;;;11351;20;11354;21;;;11344.0;0.0
spike_crash_volatile_s0;35000;ASH_COATED_OSMIUM;9970;12;9966;16;;;10030;6;10034;17;;;10000.0;0.0
spike_crash_volatile_s0;35100;INTARIAN_PEPPER_ROOT;11339;23;11337;30;;;11343;15;11346;21;;;11341.0;0.0
spike_crash_volatile_s0;35100;ASH_COATED_OSMIUM;10005;5;10001;17;;;10007;9;10011;15;;;10006.0;0.0
spike_crash_volatile_s0;35200;INTARIAN_PEPPER_ROOT;11340;17;11338;26;;;11350;7;11352;22;;;11345.0;0.0
spike_crash_volatile_s0;35200;ASH_COATED_OSMIUM;9988;16;9985;22;;;10020;6;10023;17;;;10004.0;0.0
spike_crash_volatile_s0;35300;INTARIAN_PEPPER_ROOT;11342;10;11338;33;;;11348;26;11351;19;;;11345.0;0.0
spike_crash_volatile_s0;35300;ASH_COATED_OSMIUM;9999;8;9997;18;;;10007;17;10010;23;;;10003.0;0.0
spike_crash_volatile_s0;35400;INTARIAN_PEPPER_ROOT;11342;7;11339;9;;;11346;17;11350;17;;;11344.0;0.0
spike_crash_volatile_s0;35400;ASH_COATED_OSMIUM;9997;10;9994;19;;;10003;14;10007;26;;;10000.0;0.0
spike_crash_volatile_s0;35500;INTARIAN_PEPPER_ROOT;11340;13;11338;17;;;11348;10;11352;30;;;11344.0;0.0
spike_crash_volatile_s0;35500;ASH_COATED_OSMIUM;9998;19;9995;20;;;10008;8;10010;26;;;10003.0;0.0
spike_crash_volatile_s0;35600;INTARIAN_PEPPER_ROOT;11330;5;11327;21;;;11350;20;11354;20;;;11340.0;0.0
spike_crash_volatile_s0;35600;ASH_COATED_OSMIUM;10003;19;9999;26;;;10005;13;10009;30;;;10004.0;0.0
spike_crash_volatile_s0;35700;INTARIAN_PEPPER_ROOT;11335;17;11333;19;;;11345;14;11348;20;;;11340.0;0.0
spike_crash_volatile_s0;35700;ASH_COATED_OSMIUM;9995;14;9991;26;;;10009;6;10013;26;;;10002.0;0.0
spike_crash_volatile_s0;35800;INTARIAN_PEPPER_ROOT;11338;8;11336;16;;;11342;9;11345;26;;;11340.0;0.0
spike_crash_volatile_s0;35800;ASH_COATED_OSMIUM;9997;10;9993;10;;;10001;11;10005;22;;;9999.0;0.0
spike_crash_volatile_s0;35900;INTARIAN_PEPPER_ROOT;11332;18;11330;27;;;11352;14;11354;22;;;11342.0;0.0
spike_crash_volatile_s0;35900;ASH_COATED_OSMIUM;9971;5;9968;26;;;10025;13;10029;15;;;9998.0;0.0
spike_crash_volatile_s0;36000;INTARIAN_PEPPER_ROOT;11332;17;11328;13;;;11358;16;11362;15;;;11345.0;0.0
spike_crash_volatile_s0;36000;ASH_COATED_OSMIUM;9994;12;9992;14;;;9998;8;10002;26;;;9996.0;0.0
spike_crash_volatile_s0;36100;INTARIAN_PEPPER_ROOT;11327;11;11323;14;;;11365;5;11367;26;;;11346.0;0.0
spike_crash_volatile_s0;36100;ASH_COATED_OSMIUM;9998;5;9995;21;;;10000;16;10004;21;;;9999.0;0.0
spike_crash_volatile_s0;36200;INTARIAN_PEPPER_ROOT;11348;17;11346;17;;;11350;14;11352;21;;;11349.0;0.0
spike_crash_volatile_s0;36200;ASH_COATED_OSMIUM;9990;18;9987;22;;;9996;17;10000;10;;;9993.0;0.0
spike_crash_volatile_s0;36300;INTARIAN_PEPPER_ROOT;11340;8;11338;20;;;11364;17;11368;23;;;11352.0;0.0
spike_crash_volatile_s0;36300;ASH_COATED_OSMIUM;9966;20;9963;21;;;10016;21;10019;15;;;9991.0;0.0
spike_crash_volatile_s0;36400;INTARIAN_PEPPER_ROOT;11347;14;11343;21;;;11357;24;11361;13;;;11352.0;0.0
spike_crash_volatile_s0;36400;ASH_COATED_OSMIUM;9993;9;9990;23;;;10003;17;10005;17;;;9998.0;0.0
spike_crash_volatile_s0;36500;INTARIAN_PEPPER_ROOT;11346;19;11343;18;;;11362;8;11364;25;;;11354.0;0.0
spike_crash_volatile_s0;36500;ASH_COATED_OSMIUM;9982;11;9978;21;;;10016;18;10020;22;;;9999.0;0.0
spike_crash_volatile_s0;36600;INTARIAN_PEPPER_ROOT;11352;19;11348;20;;;11356;10;11359;21;;;11354.0;0.0
spike_crash_volatile_s0;36600;ASH_COATED_OSMIUM;9989;11;9986;25;;;10001;26;10005;24;;;9995.0;0.0
spike_crash_volatile_s0;36700;INTARIAN_PEPPER_ROOT;11352;9;11350;18;;;11356;5;11360;18;;;11354.0;0.0
spike_crash_volatile_s0;36700;ASH_COATED_OSMIUM;9988;12;9986;18;;;10000;14;10003;14;;;9994.0;0.0
spike_crash_volatile_s0;36800;INTARIAN_PEPPER_ROOT;11352;6;11349;14;;;11358;7;11360;25;;;11355.0;0.0
spike_crash_volatile_s0;36800;ASH_COATED_OSMIUM;9986;13;9984;20;;;10008;12;10012;13;;;9997.0;0.0
spike_crash_volatile_s0;36900;INTARIAN_PEPPER_ROOT;11343;5;11340;14;;;11363;19;11366;22;;;11353.0;0.0
spike_crash_volatile_s0;36900;ASH_COATED_OSMIUM;9997;7;9995;23;;;10005;6;10008;20;;;10001.0;0.0
spike_crash_volatile_s0;37000;INTARIAN_PEPPER_ROOT;11347;16;11344;21;;;11361;20;11364;22;;;11354.0;0.0
spike_crash_volatile_s0;37000;ASH_COATED_OSMIUM;9994;17;9991;16;;;10002;5;10006;18;;;9998.0;0.0
spike_crash_volatile_s0;37100;INTARIAN_PEPPER_ROOT;11340;6;11336;17;;;11366;13;11369;22;;;11353.0;0.0
spike_crash_volatile_s0;37100;ASH_COATED_OSMIUM;9998;17;9995;23;;;10006;16;10008;12;;;10002.0;0.0
spike_crash_volatile_s0;37200;INTARIAN_PEPPER_ROOT;11355;16;11351;22;;;11357;22;11359;19;;;11356.0;0.0
spike_crash_volatile_s0;37200;ASH_COATED_OSMIUM;9999;10;9997;23;;;10001;10;10005;21;;;10000.0;0.0
spike_crash_volatile_s0;37300;INTARIAN_PEPPER_ROOT;11351;6;11348;17;;;11361;12;11365;15;;;11356.0;0.0
spike_crash_volatile_s0;37300;ASH_COATED_OSMIUM;9983;18;9979;15;;;10009;12;10012;21;;;9996.0;0.0
spike_crash_volatile_s0;37400;INTARIAN_PEPPER_ROOT;11356;19;11352;18;;;11360;14;11364;18;;;11358.0;0.0
spike_crash_volatile_s0;37400;ASH_COATED_OSMIUM;9989;10;9986;24;;;10007;15;10009;19;;;9998.0;0.0
spike_crash_volatile_s0;37500;INTARIAN_PEPPER_ROOT;11344;18;11340;18;;;11376;13;11380;24;;;11360.0;0.0
spike_crash_volatile_s0;37500;ASH_COATED_OSMIUM;9993;12;9991;20;;;10003;23;10005;18;;;9998.0;0.0
spike_crash_volatile_s0;37600;INTARIAN_PEPPER_ROOT;11351;22;11348;21;;;11375;18;11378;29;;;11363.0;0.0
spike_crash_volatile_s0;37600;ASH_COATED_OSMIUM;9987;14;9985;16;;;10009;6;10011;20;;;9998.0;0.0
spike_crash_volatile_s0;37700;INTARIAN_PEPPER_ROOT;11347;18;11345;17;;;11371;11;11375;21;;;11359.0;0.0
spike_crash_volatile_s0;37700;ASH_COATED_OSMIUM;9993;11;9989;28;;;10001;13;10005;10;;;9997.0;0.0
spike_crash_volatile_s0;37800;INTARIAN_PEPPER_ROOT;11359;10;11356;17;;;11361;12;11364;21;;;11360.0;0.0
spike_crash_volatile_s0;37800;ASH_COATED_OSMIUM;9983;12;9979;19;;;10013;17;10015;21;;;9998.0;0.0
spike_crash_volatile_s0;37900;INTARIAN_PEPPER_ROOT;11355;9;11352;18;;;11371;9;11373;21;;;11363.0;0.0
spike_crash_volatile_s0;37900;ASH_COATED_OSMIUM;9980;17;9976;12;;;10018;23;10022;23;;;9999.0;0.0
spike_crash_volatile_s0;38000;INTARIAN_PEPPER_ROOT;11356;5;11354;21;;;11364;15;11368;18;;;11360.0;0.0
spike_crash_volatile_s0;38000;ASH_COATED_OSMIUM;9990;15;9986;25;;;10002;16;10005;30;;;9996.0;0.0
spike_crash_volatile_s0;38100;INTARIAN_PEPPER_ROOT;11361;9;11359;11;;;11363;12;11366;32;;;11362.0;0.0
spike_crash_volatile_s0;38100;ASH_COATED_OSMIUM;9993;13;9990;13;;;9995;15;9997;24;;;9994.0;0.0
spike_crash_volatile_s0;38200;INTARIAN_PEPPER_ROOT;11356;18;11353;20;;;11358;11;11362;17;;;11357.0;0.0
spike_crash_volatile_s0;38200;ASH_COATED_OSMIUM;9987;9;9983;23;;;9995;18;9999;26;;;9991.0;0.0
spike_crash_volatile_s0;38300;INTARIAN_PEPPER_ROOT;11353;18;11349;19;;;11359;21;11361;18;;;11356.0;0.0
spike_crash_volatile_s0;38300;ASH_COATED_OSMIUM;9995;15;9991;24;;;9999;22;10001;16;;;9997.0;0.0
spike_crash_volatile_s0;38400;INTARIAN_PEPPER_ROOT;11350;19;11347;18;;;11362;17;11364;10;;;11356.0;0.0
spike_crash_volatile_s0;38400;ASH_COATED_OSMIUM;9991;12;9989;16;;;9997;23;10000;8;;;9994.0;0.0
spike_crash_volatile_s0;38500;INTARIAN_PEPPER_ROOT;11351;11;11349;22;;;11357;20;11360;11;;;11354.0;0.0
spike_crash_volatile_s0;38500;ASH_COATED_OSMIUM;9985;21;9981;18;;;10007;13;10010;11;;;9996.0;0.0
spike_crash_volatile_s0;38600;INTARIAN_PEPPER_ROOT;11349;15;11347;26;;;11355;8;11357;19;;;11352.0;0.0
spike_crash_volatile_s0;38600;ASH_COATED_OSMIUM;9975;13;9972;16;;;10025;9;10029;14;;;10000.0;0.0
spike_crash_volatile_s0;38700;INTARIAN_PEPPER_ROOT;11344;20;11342;29;;;11356;12;11360;22;;;11350.0;0.0
spike_crash_volatile_s0;38700;ASH_COATED_OSMIUM;9997;7;9993;15;;;9999;12;10001;19;;;9998.0;0.0
spike_crash_volatile_s0;38800;INTARIAN_PEPPER_ROOT;11349;19;11346;27;;;11361;22;11364;11;;;11355.0;0.0
spike_crash_volatile_s0;38800;ASH_COATED_OSMIUM;9987;10;9984;16;;;10009;15;10012;19;;;9998.0;0.0
spike_crash_volatile_s0;38900;INTARIAN_PEPPER_ROOT;11345;24;11341;14;;;11367;17;11370;16;;;11356.0;0.0
spike_crash_volatile_s0;38900;ASH_COATED_OSMIUM;9989;5;9986;23;;;10003;12;10005;23;;;9996.0;0.0
spike_crash_volatile_s0;39000;INTARIAN_PEPPER_ROOT;11357;21;11353;10;;;11359;20;11362;20;;;11358.0;0.0
spike_crash_volatile_s0;39000;ASH_COATED_OSMIUM;9990;9;9987;29;;;10000;12;10002;15;;;9995.0;0.0
spike_crash_volatile_s0;39100;INTARIAN_PEPPER_ROOT;11352;20;11350;8;;;11366;14;11369;23;;;11359.0;0.0
spike_crash_volatile_s0;39100;ASH_COATED_OSMIUM;9992;13;9989;22;;;9994;12;9998;17;;;9993.0;0.0
spike_crash_volatile_s0;39200;INTARIAN_PEPPER_ROOT;11355;16;11351;17;;;11361;12;11365;13;;;11358.0;0.0
spike_crash_volatile_s0;39200;ASH_COATED_OSMIUM;9994;12;9992;15;;;9998;8;10002;25;;;9996.0;0.0
spike_crash_volatile_s0;39300;INTARIAN_PEPPER_ROOT;11352;23;11349;16;;;11358;9;11362;16;;;11355.0;0.0
spike_crash_volatile_s0;39300;ASH_COATED_OSMIUM;9994;16;9991;25;;;9996;14;9999;16;;;9995.0;0.0
spike_crash_volatile_s0;39400;INTARIAN_PEPPER_ROOT;11355;26;11352;20;;;11357;18;11359;15;;;11356.0;0.0
spike_crash_volatile_s0;39400;ASH_COATED_OSMIUM;9983;15;9981;19;;;10005;9;10007;28;;;9994.0;0.0
spike_crash_volatile_s0;39500;INTARIAN_PEPPER_ROOT;11354;16;11350;23;;;11356;10;11359;22;;;11355.0;0.0
spike_crash_volatile_s0;39500;ASH_COATED_OSMIUM;9992;10;9988;19;;;10008;5;10011;24;;;10000.0;0.0
spike_crash_volatile_s0;39600;INTARIAN_PEPPER_ROOT;11353;14;11351;24;;;11365;17;11368;18;;;11359.0;0.0
spike_crash_volatile_s0;39600;ASH_COATED_OSMIUM;9995;11;9993;33;;;9999;16;10002;25;;;9997.0;0.0
spike_crash_volatile_s0;39700;INTARIAN_PEPPER_ROOT;11341;9;11338;14;;;11383;10;11387;23;;;11362.0;0.0
spike_crash_volatile_s0;39700;ASH_COATED_OSMIUM;10000;12;9998;15;;;10002;20;10006;18;;;10001.0;0.0
spike_crash_volatile_s0;39800;INTARIAN_PEPPER_ROOT;11361;19;11359;16;;;11373;9;11377;18;;;11367.0;0.0
spike_crash_volatile_s0;39800;ASH_COATED_OSMIUM;9971;17;9967;22;;;10031;11;10033;21;;;10001.0;0.0
spike_crash_volatile_s0;39900;INTARIAN_PEPPER_ROOT;11363;23;11361;16;;;11377;16;11379;13;;;11370.0;0.0
spike_crash_volatile_s0;39900;ASH_COATED_OSMIUM;10000;17;9996;19;;;10006;8;10009;11;;;10003.0;0.0
spike_crash_volatile_s0;40000;INTARIAN_PEPPER_ROOT;11368;19;11366;17;;;11372;13;11374;34;;;11370.0;0.0
spike_crash_volatile_s0;40000;ASH_COATED_OSMIUM;9995;13;9992;23;;;10009;18;10013;16;;;10002.0;0.0
spike_crash_volatile_s0;40100;INTARIAN_PEPPER_ROOT;11364;16;11361;23;;;11372;20;11375;26;;;11368.0;0.0
spike_crash_volatile_s0;40100;ASH_COATED_OSMIUM;9997;14;9994;20;;;10011;11;10013;23;;;10004.0;0.0
spike_crash_volatile_s0;40200;INTARIAN_PEPPER_ROOT;11370;15;11367;22;;;11372;9;11375;22;;;11371.0;0.0
spike_crash_volatile_s0;40200;ASH_COATED_OSMIUM;10004;14;10001;18;;;10006;9;10008;22;;;10005.0;0.0
spike_crash_volatile_s0;40300;INTARIAN_PEPPER_ROOT;11347;12;11343;17;;;11399;5;11403;23;;;11373.0;0.0
spike_crash_volatile_s0;40300;ASH_COATED_OSMIUM;9995;12;9993;20;;;10013;7;10015;14;;;10004.0;0.0
spike_crash_volatile_s0;40400;INTARIAN_PEPPER_ROOT;11365;9;11362;16;;;11373;12;11377;12;;;11369.0;0.0
spike_crash_volatile_s0;40400;ASH_COATED_OSMIUM;9995;10;9991;19;;;10009;12;10013;12;;;10002.0;0.0
spike_crash_volatile_s0;40500;INTARIAN_PEPPER_ROOT;11361;14;11357;27;;;11381;14;11383;17;;;11371.0;0.0
spike_crash_volatile_s0;40500;ASH_COATED_OSMIUM;9992;5;9990;14;;;10004;5;10008;16;;;9998.0;0.0
spike_crash_volatile_s0;40600;INTARIAN_PEPPER_ROOT;11354;20;11351;25;;;11394;16;11397;17;;;11374.0;0.0
spike_crash_volatile_s0;40600;ASH_COATED_OSMIUM;9983;14;9979;24;;;10011;13;10014;9;;;9997.0;0.0
spike_crash_volatile_s0;40700;INTARIAN_PEPPER_ROOT;11369;6;11367;16;;;11381;9;11384;16;;;11375.0;0.0
spike_crash_volatile_s0;40700;ASH_COATED_OSMIUM;9992;9;9989;13;;;9998;15;10000;13;;;9995.0;0.0
spike_crash_volatile_s0;40800;INTARIAN_PEPPER_ROOT;11367;10;11365;25;;;11385;5;11389;16;;;11376.0;0.0
spike_crash_volatile_s0;40800;ASH_COATED_OSMIUM;9986;20;9982;23;;;10004;20;10006;28;;;9995.0;0.0
spike_crash_volatile_s0;40900;INTARIAN_PEPPER_ROOT;11371;23;11369;19;;;11379;6;11383;17;;;11375.0;0.0
spike_crash_volatile_s0;40900;ASH_COATED_OSMIUM;9983;9;9980;17;;;10003;9;10007;19;;;9993.0;0.0
spike_crash_volatile_s0;41000;INTARIAN_PEPPER_ROOT;11357;20;11353;26;;;11387;13;11390;18;;;11372.0;0.0
spike_crash_volatile_s0;41000;ASH_COATED_OSMIUM;9991;6;9987;13;;;9995;17;9998;19;;;9993.0;0.0
spike_crash_volatile_s0;41100;INTARIAN_PEPPER_ROOT;11370;10;11366;22;;;11382;11;11384;20;;;11376.0;0.0
spike_crash_volatile_s0;41100;ASH_COATED_OSMIUM;9976;11;9974;19;;;10010;16;10014;23;;;9993.0;0.0
spike_crash_volatile_s0;41200;INTARIAN_PEPPER_ROOT;11371;16;11368;22;;;11379;16;11381;26;;;11375.0;0.0
spike_crash_volatile_s0;41200;ASH_COATED_OSMIUM;9975;9;9971;19;;;10011;17;10013;28;;;9993.0;0.0
spike_crash_volatile_s0;41300;INTARIAN_PEPPER_ROOT;11368;10;11365;24;;;11384;22;11388;20;;;11376.0;0.0
spike_crash_volatile_s0;41300;ASH_COATED_OSMIUM;9991;13;9988;24;;;10003;13;10006;13;;;9997.0;0.0
spike_crash_volatile_s0;41400;INTARIAN_PEPPER_ROOT;11374;15;11372;25;;;11388;20;11390;20;;;11381.0;0.0
spike_crash_volatile_s0;41400;ASH_COATED_OSMIUM;9991;9;9989;19;;;10003;10;10007;19;;;9997.0;0.0
spike_crash_volatile_s0;41500;INTARIAN_PEPPER_ROOT;11380;6;11377;18;;;11388;5;11392;21;;;11384.0;0.0
spike_crash_volatile_s0;41500;ASH_COATED_OSMIUM;9995;9;9992;26;;;9997;12;10000;20;;;9996.0;0.0
spike_crash_volatile_s0;41600;INTARIAN_PEPPER_ROOT;11385;15;11382;15;;;11387;14;11389;21;;;11386.0;0.0
spike_crash_volatile_s0;41600;ASH_COATED_OSMIUM;9981;8;9979;14;;;10013;16;10015;13;;;9997.0;0.0
spike_crash_volatile_s0;41700;INTARIAN_PEPPER_ROOT;11379;6;11377;21;;;11395;12;11397;24;;;11387.0;0.0
spike_crash_volatile_s0;41700;ASH_COATED_OSMIUM;9992;5;9989;26;;;10010;17;10014;19;;;10001.0;0.0
spike_crash_volatile_s0;41800;INTARIAN_PEPPER_ROOT;11381;10;11377;21;;;11403;24;11406;18;;;11392.0;0.0
spike_crash_volatile_s0;41800;ASH_COATED_OSMIUM;10002;13;10000;11;;;10004;8;10008;18;;;10003.0;0.0
spike_crash_volatile_s0;41900;INTARIAN_PEPPER_ROOT;11397;11;11393;13;;;11399;20;11401;26;;;11398.0;0.0
spike_crash_volatile_s0;41900;ASH_COATED_OSMIUM;9985;11;9982;24;;;10025;13;10028;18;;;10005.0;0.0
spike_crash_volatile_s0;42000;INTARIAN_PEPPER_ROOT;11392;16;11390;14;;;11408;17;11410;8;;;11400.0;0.0
spike_crash_volatile_s0;42000;ASH_COATED_OSMIUM;10000;5;9998;26;;;10002;8;10004;12;;;10001.0;0.0
spike_crash_volatile_s0;42100;INTARIAN_PEPPER_ROOT;11402;12;11399;14;;;11404;21;11408;17;;;11403.0;0.0
spike_crash_volatile_s0;42100;ASH_COATED_OSMIUM;9995;19;9992;15;;;9999;11;10002;26;;;9997.0;0.0
spike_crash_volatile_s0;42200;INTARIAN_PEPPER_ROOT;11394;11;11392;20;;;11404;17;11408;16;;;11399.0;0.0
spike_crash_volatile_s0;42200;ASH_COATED_OSMIUM;9991;5;9989;19;;;9995;12;9997;9;;;9993.0;0.0
spike_crash_volatile_s0;42300;INTARIAN_PEPPER_ROOT;11400;17;11398;16;;;11402;6;11405;18;;;11401.0;0.0
spike_crash_volatile_s0;42300;ASH_COATED_OSMIUM;9991;11;9987;12;;;10003;14;10007;17;;;9997.0;0.0
spike_crash_volatile_s0;42400;INTARIAN_PEPPER_ROOT;11388;26;11384;14;;;11412;16;11414;19;;;11400.0;0.0
spike_crash_volatile_s0;42400;ASH_COATED_OSMIUM;9993;13;9990;28;;;9995;13;9997;23;;;9994.0;0.0
spike_crash_volatile_s0;42500;INTARIAN_PEPPER_ROOT;11401;15;11398;15;;;11403;19;11407;29;;;11402.0;0.0
spike_crash_volatile_s0;42500;ASH_COATED_OSMIUM;9996;8;9994;19;;;9998;20;10000;15;;;9997.0;0.0
spike_crash_volatile_s0;42600;INTARIAN_PEPPER_ROOT;11400;8;11396;19;;;11412;13;11416;14;;;11406.0;0.0
spike_crash_volatile_s0;42600;ASH_COATED_OSMIUM;9995;13;9992;21;;;9997;10;9999;19;;;9996.0;0.0
spike_crash_volatile_s0;42700;INTARIAN_PEPPER_ROOT;11391;17;11388;22;;;11407;19;11411;23;;;11399.0;0.0
spike_crash_volatile_s0;42700;ASH_COATED_OSMIUM;9997;8;9993;18;;;9999;10;10003;21;;;9998.0;0.0
spike_crash_volatile_s0;42800;INTARIAN_PEPPER_ROOT;11393;15;11390;18;;;11405;18;11408;18;;;11399.0;0.0
spike_crash_volatile_s0;42800;ASH_COATED_OSMIUM;10000;8;9996;20;;;10002;16;10005;22;;;10001.0;0.0
spike_crash_volatile_s0;42900;INTARIAN_PEPPER_ROOT;11400;13;11396;18;;;11402;18;11405;20;;;11401.0;0.0
spike_crash_volatile_s0;42900;ASH_COATED_OSMIUM;10002;20;10000;19;;;10006;13;10010;14;;;10004.0;0.0
spike_crash_volatile_s0;43000;INTARIAN_PEPPER_ROOT;11399;15;11397;14;;;11401;11;11405;19;;;11400.0;0.0
spike_crash_volatile_s0;43000;ASH_COATED_OSMIUM;10005;5;10001;17;;;10015;13;10017;27;;;10010.0;0.0
spike_crash_volatile_s0;43100;INTARIAN_PEPPER_ROOT;11396;11;11392;18;;;11400;18;11403;20;;;11398.0;0.0
spike_crash_volatile_s0;43100;ASH_COATED_OSMIUM;9994;14;9991;18;;;10022;17;10026;18;;;10008.0;0.0
spike_crash_volatile_s0;43200;INTARIAN_PEPPER_ROOT;11400;5;11396;17;;;11402;7;11406;19;;;11401.0;0.0
spike_crash_volatile_s0;43200;ASH_COATED_OSMIUM;10012;12;10010;18;;;10014;15;10016;20;;;10013.0;0.0
spike_crash_volatile_s0;43300;INTARIAN_PEPPER_ROOT;11400;6;11396;26;;;11406;13;11410;16;;;11403.0;0.0
spike_crash_volatile_s0;43300;ASH_COATED_OSMIUM;9991;14;9987;15;;;10033;21;10037;24;;;10012.0;0.0
spike_crash_volatile_s0;43400;INTARIAN_PEPPER_ROOT;11388;12;11386;17;;;11414;20;11416;22;;;11401.0;0.0
spike_crash_volatile_s0;43400;ASH_COATED_OSMIUM;10009;9;10005;12;;;10011;16;10013;19;;;10010.0;0.0
spike_crash_volatile_s0;43500;INTARIAN_PEPPER_ROOT;11398;21;11396;22;;;11408;6;11411;22;;;11403.0;0.0
spike_crash_volatile_s0;43500;ASH_COATED_OSMIUM;10003;17;10001;18;;;10019;21;10023;12;;;10011.0;0.0
spike_crash_volatile_s0;43600;INTARIAN_PEPPER_ROOT;11405;16;11402;19;;;11407;21;11410;23;;;11406.0;0.0
spike_crash_volatile_s0;43600;ASH_COATED_OSMIUM;10005;7;10002;24;;;10009;25;10011;17;;;10007.0;0.0
spike_crash_volatile_s0;43700;INTARIAN_PEPPER_ROOT;11406;20;11402;15;;;11408;14;11411;8;;;11407.0;0.0
spike_crash_volatile_s0;43700;ASH_COATED_OSMIUM;10007;16;10005;17;;;10009;13;10013;8;;;10008.0;0.0
spike_crash_volatile_s0;43800;INTARIAN_PEPPER_ROOT;11409;19;11405;12;;;11413;16;11415;27;;;11411.0;0.0
spike_crash_volatile_s0;43800;ASH_COATED_OSMIUM;9994;10;9992;21;;;10018;16;10020;14;;;10006.0;0.0
spike_crash_volatile_s0;43900;INTARIAN_PEPPER_ROOT;11411;12;11408;19;;;11413;14;11417;20;;;11412.0;0.0
spike_crash_volatile_s0;43900;ASH_COATED_OSMIUM;9989;13;9986;25;;;10025;10;10029;18;;;10007.0;0.0
spike_crash_volatile_s0;44000;INTARIAN_PEPPER_ROOT;11400;18;11397;26;;;11422;17;11424;18;;;11411.0;0.0
spike_crash_volatile_s0;44000;ASH_COATED_OSMIUM;10009;9;10005;15;;;10011;9;10014;25;;;10010.0;0.0
spike_crash_volatile_s0;44100;INTARIAN_PEPPER_ROOT;11409;12;11407;26;;;11411;12;11413;24;;;11410.0;0.0
spike_crash_volatile_s0;44100;ASH_COATED_OSMIUM;9994;22;9990;22;;;10034;10;10038;25;;;10014.0;0.0
spike_crash_volatile_s0;44200;INTARIAN_PEPPER_ROOT;11410;23;11406;19;;;11412;15;11414;23;;;11411.0;0.0
spike_crash_volatile_s0;44200;ASH_COATED_OSMIUM;10010;8;10006;25;;;10012;13;10016;18;;;10011.0;0.0
spike_crash_volatile_s0;44300;INTARIAN_PEPPER_ROOT;11408;12;11406;21;;;11416;10;11420;19;;;11412.0;0.0
spike_crash_volatile_s0;44300;ASH_COATED_OSMIUM;9992;15;9989;15;;;10028;15;10032;22;;;10010.0;0.0
spike_crash_volatile_s0;44400;INTARIAN_PEPPER_ROOT;11412;21;11410;24;;;11418;5;11422;20;;;11415.0;0.0
spike_crash_volatile_s0;44400;ASH_COATED_OSMIUM;10012;9;10009;22;;;10014;17;10016;22;;;10013.0;0.0
spike_crash_volatile_s0;44500;INTARIAN_PEPPER_ROOT;11414;17;11410;17;;;11418;15;11421;9;;;11416.0;0.0
spike_crash_volatile_s0;44500;ASH_COATED_OSMIUM;10007;10;10005;18;;;10025;17;10028;25;;;10016.0;0.0
spike_crash_volatile_s0;44600;INTARIAN_PEPPER_ROOT;11417;15;11415;15;;;11419;14;11421;13;;;11418.0;0.0
spike_crash_volatile_s0;44600;ASH_COATED_OSMIUM;10017;10;10015;14;;;10021;11;10024;18;;;10019.0;0.0
spike_crash_volatile_s0;44700;INTARIAN_PEPPER_ROOT;11415;11;11411;15;;;11419;14;11421;12;;;11417.0;0.0
spike_crash_volatile_s0;44700;ASH_COATED_OSMIUM;10011;17;10007;29;;;10023;12;10025;23;;;10017.0;0.0
spike_crash_volatile_s0;44800;INTARIAN_PEPPER_ROOT;11412;13;11409;13;;;11420;11;11422;20;;;11416.0;0.0
spike_crash_volatile_s0;44800;ASH_COATED_OSMIUM;10014;19;10011;25;;;10020;9;10022;20;;;10017.0;0.0
spike_crash_volatile_s0;44900;INTARIAN_PEPPER_ROOT;11413;18;11410;27;;;11419;8;11423;19;;;11416.0;0.0
spike_crash_volatile_s0;44900;ASH_COATED_OSMIUM;10007;11;10005;19;;;10011;11;10015;22;;;10009.0;0.0
spike_crash_volatile_s0;45000;INTARIAN_PEPPER_ROOT;11412;22;11410;15;;;11416;5;11420;22;;;11414.0;0.0
spike_crash_volatile_s0;45000;ASH_COATED_OSMIUM;10006;13;10002;29;;;10008;6;10012;16;;;10007.0;0.0
spike_crash_volatile_s0;45100;INTARIAN_PEPPER_ROOT;11416;18;11412;13;;;11420;19;11422;19;;;11418.0;0.0
spike_crash_volatile_s0;45100;ASH_COATED_OSMIUM;10003;14;10001;28;;;10005;16;10009;8;;;10004.0;0.0
spike_crash_volatile_s0;45200;INTARIAN_PEPPER_ROOT;11397;5;11395;20;;;11443;20;11445;16;;;11420.0;0.0
spike_crash_volatile_s0;45200;ASH_COATED_OSMIUM;9986;20;9984;29;;;10026;5;10028;23;;;10006.0;0.0
spike_crash_volatile_s0;45300;INTARIAN_PEPPER_ROOT;11420;9;11417;28;;;11422;8;11426;28;;;11421.0;0.0
spike_crash_volatile_s0;45300;ASH_COATED_OSMIUM;9978;17;9974;22;;;10022;8;10025;17;;;10000.0;0.0
spike_crash_volatile_s0;45400;INTARIAN_PEPPER_ROOT;11419;18;11415;23;;;11427;14;11431;18;;;11423.0;0.0
spike_crash_volatile_s0;45400;ASH_COATED_OSMIUM;9976;13;9972;17;;;10020;18;10023;24;;;9998.0;0.0
spike_crash_volatile_s0;45500;INTARIAN_PEPPER_ROOT;11424;13;11422;16;;;11434;9;11438;24;;;11429.0;0.0
spike_crash_volatile_s0;45500;ASH_COATED_OSMIUM;9973;13;9970;15;;;10023;5;10026;22;;;9998.0;0.0
spike_crash_volatile_s0;45600;INTARIAN_PEPPER_ROOT;11412;19;11408;16;;;11448;13;11451;28;;;11430.0;0.0
spike_crash_volatile_s0;45600;ASH_COATED_OSMIUM;9993;14;9990;17;;;10005;16;10007;19;;;9999.0;0.0
spike_crash_volatile_s0;45700;INTARIAN_PEPPER_ROOT;11418;7;11416;16;;;11434;16;11438;20;;;11426.0;0.0
spike_crash_volatile_s0;45700;ASH_COATED_OSMIUM;9995;11;9993;18;;;10005;9;10008;22;;;10000.0;0.0
spike_crash_volatile_s0;45800;INTARIAN_PEPPER_ROOT;11422;10;11419;18;;;11430;24;11433;28;;;11426.0;0.0
spike_crash_volatile_s0;45800;ASH_COATED_OSMIUM;9983;6;9981;22;;;10011;14;10014;19;;;9997.0;0.0
spike_crash_volatile_s0;45900;INTARIAN_PEPPER_ROOT;11424;7;11421;28;;;11430;18;11433;23;;;11427.0;0.0
spike_crash_volatile_s0;45900;ASH_COATED_OSMIUM;9999;19;9996;25;;;10003;15;10006;30;;;10001.0;0.0
spike_crash_volatile_s0;46000;INTARIAN_PEPPER_ROOT;11424;20;11420;21;;;11430;16;11432;14;;;11427.0;0.0
spike_crash_volatile_s0;46000;ASH_COATED_OSMIUM;10002;12;9999;8;;;10006;11;10008;27;;;10004.0;0.0
spike_crash_volatile_s0;46100;INTARIAN_PEPPER_ROOT;11419;17;11415;17;;;11433;14;11436;18;;;11426.0;0.0
spike_crash_volatile_s0;46100;ASH_COATED_OSMIUM;10003;15;10000;22;;;10009;11;10011;25;;;10006.0;0.0
spike_crash_volatile_s0;46200;INTARIAN_PEPPER_ROOT;11424;16;11422;17;;;11426;11;11428;14;;;11425.0;0.0
spike_crash_volatile_s0;46200;ASH_COATED_OSMIUM;10004;17;10000;27;;;10008;11;10010;13;;;10006.0;0.0
spike_crash_volatile_s0;46300;INTARIAN_PEPPER_ROOT;11420;27;11416;15;;;11434;17;11437;21;;;11427.0;0.0
spike_crash_volatile_s0;46300;ASH_COATED_OSMIUM;10002;15;9999;18;;;10006;8;10010;22;;;10004.0;0.0
spike_crash_volatile_s0;46400;INTARIAN_PEPPER_ROOT;11420;14;11417;28;;;11434;20;11438;26;;;11427.0;0.0
spike_crash_volatile_s0;46400;ASH_COATED_OSMIUM;9980;9;9976;19;;;10016;9;10019;18;;;9998.0;0.0
spike_crash_volatile_s0;46500;INTARIAN_PEPPER_ROOT;11431;9;11428;19;;;11437;13;11440;21;;;11434.0;0.0
spike_crash_volatile_s0;46500;ASH_COATED_OSMIUM;9998;16;9996;30;;;10000;11;10002;21;;;9999.0;0.0
spike_crash_volatile_s0;46600;INTARIAN_PEPPER_ROOT;11431;14;11428;17;;;11433;8;11435;26;;;11432.0;0.0
spike_crash_volatile_s0;46600;ASH_COATED_OSMIUM;10004;14;10001;17;;;10008;5;10011;33;;;10006.0;0.0
spike_crash_volatile_s0;46700;INTARIAN_PEPPER_ROOT;11412;16;11409;16;;;11450;9;11452;20;;;11431.0;0.0
spike_crash_volatile_s0;46700;ASH_COATED_OSMIUM;9996;16;9994;22;;;10020;16;10022;26;;;10008.0;0.0
spike_crash_volatile_s0;46800;INTARIAN_PEPPER_ROOT;11418;9;11414;12;;;11434;17;11437;23;;;11426.0;0.0
spike_crash_volatile_s0;46800;ASH_COATED_OSMIUM;10001;9;9997;16;;;10015;22;10019;21;;;10008.0;0.0
spike_crash_volatile_s0;46900;INTARIAN_PEPPER_ROOT;11427;16;11425;23;;;11429;16;11433;28;;;11428.0;0.0
spike_crash_volatile_s0;46900;ASH_COATED_OSMIUM;10006;11;10004;19;;;10010;13;10012;16;;;10008.0;0.0
spike_crash_volatile_s0;47000;INTARIAN_PEPPER_ROOT;11421;15;11417;24;;;11427;12;11431;23;;;11424.0;0.0
spike_crash_volatile_s0;47000;ASH_COATED_OSMIUM;10006;15;10003;27;;;10016;23;10020;24;;;10011.0;0.0
spike_crash_volatile_s0;47100;INTARIAN_PEPPER_ROOT;11423;8;11421;14;;;11425;13;11428;26;;;11424.0;0.0
spike_crash_volatile_s0;47100;ASH_COATED_OSMIUM;10014;12;10011;21;;;10016;7;10020;23;;;10015.0;0.0
spike_crash_volatile_s0;47200;INTARIAN_PEPPER_ROOT;11399;14;11395;15;;;11449;18;11452;30;;;11424.0;0.0
spike_crash_volatile_s0;47200;ASH_COATED_OSMIUM;9991;7;9988;19;;;10031;16;10034;19;;;10011.0;0.0
spike_crash_volatile_s0;47300;INTARIAN_PEPPER_ROOT;11419;20;11416;28;;;11429;5;11432;27;;;11424.0;0.0
spike_crash_volatile_s0;47300;ASH_COATED_OSMIUM;10006;9;10004;14;;;10014;13;10018;28;;;10010.0;0.0
spike_crash_volatile_s0;47400;INTARIAN_PEPPER_ROOT;11428;16;11426;26;;;11430;5;11433;22;;;11429.0;0.0
spike_crash_volatile_s0;47400;ASH_COATED_OSMIUM;10006;13;10004;26;;;10018;12;10022;23;;;10012.0;0.0
spike_crash_volatile_s0;47500;INTARIAN_PEPPER_ROOT;11428;6;11425;21;;;11436;6;11439;20;;;11432.0;0.0
spike_crash_volatile_s0;47500;ASH_COATED_OSMIUM;10005;18;10001;15;;;10019;5;10021;16;;;10012.0;0.0
spike_crash_volatile_s0;47600;INTARIAN_PEPPER_ROOT;11427;18;11423;11;;;11445;9;11449;18;;;11436.0;0.0
spike_crash_volatile_s0;47600;ASH_COATED_OSMIUM;10007;29;10004;23;;;10021;5;10024;23;;;10014.0;0.0
spike_crash_volatile_s0;47700;INTARIAN_PEPPER_ROOT;11434;11;11431;14;;;11436;11;11440;17;;;11435.0;0.0
spike_crash_volatile_s0;47700;ASH_COATED_OSMIUM;10014;20;10011;25;;;10016;25;10019;17;;;10015.0;0.0
spike_crash_volatile_s0;47800;INTARIAN_PEPPER_ROOT;11436;17;11434;25;;;11442;12;11446;11;;;11439.0;0.0
spike_crash_volatile_s0;47800;ASH_COATED_OSMIUM;9991;17;9988;21;;;10029;5;10031;22;;;10010.0;0.0
spike_crash_volatile_s0;47900;INTARIAN_PEPPER_ROOT;11440;12;11436;24;;;11442;25;11444;16;;;11441.0;0.0
spike_crash_volatile_s0;47900;ASH_COATED_OSMIUM;10007;18;10003;20;;;10011;8;10015;21;;;10009.0;0.0
spike_crash_volatile_s0;48000;INTARIAN_PEPPER_ROOT;11443;14;11441;23;;;11445;13;11449;21;;;11444.0;0.0
spike_crash_volatile_s0;48000;ASH_COATED_OSMIUM;10009;19;10006;26;;;10011;12;10014;14;;;10010.0;0.0
spike_crash_volatile_s0;48100;INTARIAN_PEPPER_ROOT;11440;23;11436;23;;;11456;9;11459;16;;;11448.0;0.0
spike_crash_volatile_s0;48100;ASH_COATED_OSMIUM;10010;14;10007;20;;;10012;15;10014;16;;;10011.0;0.0
spike_crash_volatile_s0;48200;INTARIAN_PEPPER_ROOT;11445;14;11442;13;;;11447;10;11450;16;;;11446.0;0.0
spike_crash_volatile_s0;48200;ASH_COATED_OSMIUM;10009;18;10005;17;;;10013;12;10016;17;;;10011.0;0.0
spike_crash_volatile_s0;48300;INTARIAN_PEPPER_ROOT;11439;9;11435;12;;;11453;11;11457;19;;;11446.0;0.0
spike_crash_volatile_s0;48300;ASH_COATED_OSMIUM;10005;8;10001;18;;;10023;9;10027;19;;;10014.0;0.0
spike_crash_volatile_s0;48400;INTARIAN_PEPPER_ROOT;11437;6;11434;24;;;11463;15;11465;22;;;11450.0;0.0
spike_crash_volatile_s0;48400;ASH_COATED_OSMIUM;9996;8;9994;21;;;10036;9;10040;21;;;10016.0;0.0
spike_crash_volatile_s0;48500;INTARIAN_PEPPER_ROOT;11436;5;11433;17;;;11452;5;11454;20;;;11444.0;0.0
spike_crash_volatile_s0;48500;ASH_COATED_OSMIUM;10012;14;10010;28;;;10014;16;10016;14;;;10013.0;0.0
spike_crash_volatile_s0;48600;INTARIAN_PEPPER_ROOT;11446;16;11443;19;;;11452;22;11454;28;;;11449.0;0.0
spike_crash_volatile_s0;48600;ASH_COATED_OSMIUM;10012;16;10008;26;;;10020;20;10024;17;;;10016.0;0.0
spike_crash_volatile_s0;48700;INTARIAN_PEPPER_ROOT;11439;5;11436;13;;;11463;9;11466;19;;;11451.0;0.0
spike_crash_volatile_s0;48700;ASH_COATED_OSMIUM;10012;23;10008;15;;;10016;18;10018;27;;;10014.0;0.0
spike_crash_volatile_s0;48800;INTARIAN_PEPPER_ROOT;11436;21;11434;21;;;11468;13;11472;20;;;11452.0;0.0
spike_crash_volatile_s0;48800;ASH_COATED_OSMIUM;10011;5;10009;23;;;10015;11;10017;17;;;10013.0;0.0
spike_crash_volatile_s0;48900;INTARIAN_PEPPER_ROOT;11448;16;11444;19;;;11458;16;11460;16;;;11453.0;0.0
spike_crash_volatile_s0;48900;ASH_COATED_OSMIUM;9995;13;9992;30;;;10033;16;10035;16;;;10014.0;0.0
spike_crash_volatile_s0;49000;INTARIAN_PEPPER_ROOT;11449;16;11447;25;;;11453;15;11455;27;;;11451.0;0.0
spike_crash_volatile_s0;49000;ASH_COATED_OSMIUM;10000;11;9997;12;;;10028;15;10031;14;;;10014.0;0.0
spike_crash_volatile_s0;49100;INTARIAN_PEPPER_ROOT;11444;20;11441;12;;;11462;16;11465;18;;;11453.0;0.0
spike_crash_volatile_s0;49100;ASH_COATED_OSMIUM;10003;12;10000;29;;;10029;18;10031;24;;;10016.0;0.0
spike_crash_volatile_s0;49200;INTARIAN_PEPPER_ROOT;11452;10;11450;20;;;11458;15;11461;18;;;11455.0;0.0
spike_crash_volatile_s0;49200;ASH_COATED_OSMIUM;10015;5;10012;20;;;10017;14;10020;19;;;10016.0;0.0
spike_crash_volatile_s0;49300;INTARIAN_PEPPER_ROOT;11459;11;11457;19;;;11461;15;11463;26;;;11460.0;0.0
spike_crash_volatile_s0;49300;ASH_COATED_OSMIUM;10007;10;10004;25;;;10025;8;10027;19;;;10016.0;0.0
spike_crash_volatile_s0;49400;INTARIAN_PEPPER_ROOT;11466;17;11462;14;;;11470;15;11474;22;;;11468.0;0.0
spike_crash_volatile_s0;49400;ASH_COATED_OSMIUM;10016;14;10012;18;;;10022;7;10025;26;;;10019.0;0.0
spike_crash_volatile_s0;49500;INTARIAN_PEPPER_ROOT;11467;22;11463;21;;;11469;14;11473;9;;;11468.0;0.0
spike_crash_volatile_s0;49500;ASH_COATED_OSMIUM;10005;13;10002;25;;;10025;20;10029;24;;;10015.0;0.0
spike_crash_volatile_s0;49600;INTARIAN_PEPPER_ROOT;11462;16;11460;16;;;11474;14;11478;27;;;11468.0;0.0
spike_crash_volatile_s0;49600;ASH_COATED_OSMIUM;9995;16;9992;30;;;10043;14;10047;25;;;10019.0;0.0
spike_crash_volatile_s0;49700;INTARIAN_PEPPER_ROOT;11457;22;11455;23;;;11479;12;11481;22;;;11468.0;0.0
spike_crash_volatile_s0;49700;ASH_COATED_OSMIUM;10007;8;10005;22;;;10037;12;10041;18;;;10022.0;0.0
spike_crash_volatile_s0;49800;INTARIAN_PEPPER_ROOT;11448;19;11444;23;;;11484;22;11487;25;;;11466.0;0.0
spike_crash_volatile_s0;49800;ASH_COATED_OSMIUM;10019;15;10016;23;;;10021;12;10024;22;;;10020.0;0.0
spike_crash_volatile_s0;49900;INTARIAN_PEPPER_ROOT;11466;5;11463;17;;;11468;12;11470;18;;;11467.0;0.0
