day;timestamp;product;bid_price_1;bid_volume_1;bid_price_2;bid_volume_2;bid_price_3;bid_volume_3;ask_price_1;ask_volume_1;ask_price_2;ask_volume_2;ask_price_3;ask_volume_3;mid_price;profit_and_loss
bear_normal_s1;0;INTARIAN_PEPPER_ROOT;12998;10;12996;15;;;13006;6;13010;24;;;13002.0;0.0
bear_normal_s1;0;ASH_COATED_OSMIUM;9998;7;9994;21;;;10002;12;10004;16;;;10000.0;0.0
bear_normal_s1;100;INTARIAN_PEPPER_ROOT;12990;19;12988;20;;;13012;14;13016;26;;;13001.0;0.0
bear_normal_s1;100;ASH_COATED_OSMIUM;9980;19;9976;28;;;10016;11;10018;27;;;9998.0;0.0
bear_normal_s1;200;INTARIAN_PEPPER_ROOT;12992;14;12989;22;;;13006;19;13010;21;;;12999.0;0.0
bear_normal_s1;200;ASH_COATED_OSMIUM;9988;6;9985;33;;;10012;13;10016;10;;;10000.0;0.0
bear_normal_s1;300;INTARIAN_PEPPER_ROOT;12996;12;12992;21;;;13000;24;13003;21;;;12998.0;0.0
bear_normal_s1;300;ASH_COATED_OSMIUM;9995;26;9991;15;;;10003;18;10005;20;;;9999.0;0.0
bear_normal_s1;400;INTARIAN_PEPPER_ROOT;12998;13;12995;16;;;13000;15;13002;20;;;12999.0;0.0
bear_normal_s1;400;ASH_COATED_OSMIUM;9990;5;9988;14;;;10002;22;10005;29;;;9996.0;0.0
bear_normal_s1;500;INTARIAN_PEPPER_ROOT;12990;18;12986;20;;;13000;13;13003;20;;;12995.0;0.0
bear_normal_s1;500;ASH_COATED_OSMIUM;9984;13;9981;21;;;10008;8;10011;29;;;9996.0;0.0
bear_normal_s1;600;INTARIAN_PEPPER_ROOT;12991;19;12988;11;;;13005;14;13008;16;;;12998.0;0.0
bear_normal_s1;600;ASH_COATED_OSMIUM;9995;10;9991;21;;;9997;18;9999;25;;;9996.0;0.0
bear_normal_s1;700;INTARIAN_PEPPER_ROOT;12982;19;12980;19;;;13010;18;13012;18;;;12996.0;0.0
bear_normal_s1;700;ASH_COATED_OSMIUM;9972;17;9968;23;;;10024;5;10026;11;;;9998.0;0.0
bear_normal_s1;800;INTARIAN_PEPPER_ROOT;12995;5;12993;21;;;12997;12;13001;22;;;12996.0;0.0
bear_normal_s1;800;ASH_COATED_OSMIUM;9996;8;9992;15;;;9998;14;10000;21;;;9997.0;0.0
bear_normal_s1;900;INTARIAN_PEPPER_ROOT;12994;12;12991;10;;;12996;18;12998;22;;;12995.0;0.0
bear_normal_s1;900;ASH_COATED_OSMIUM;9987;7;9983;20;;;10005;13;10008;21;;;9996.0;0.0
bear_normal_s1;1000;INTARIAN_PEPPER_ROOT;12995;9;12991;12;;;12999;10;13002;13;;;12997.0;0.0
bear_normal_s1;1000;ASH_COATED_OSMIUM;9992;15;9990;19;;;10004;15;10008;27;;;9998.0;0.0
bear_normal_s1;1100;INTARIAN_PEPPER_ROOT;12982;12;12979;23;;;13006;5;13009;19;;;12994.0;0.0
bear_normal_s1;1100;ASH_COATED_OSMIUM;9995;19;9991;14;;;9999;19;10001;11;;;9997.0;0.0
bear_normal_s1;1200;INTARIAN_PEPPER_ROOT;12992;24;12988;23;;;12994;16;12997;26;;;12993.0;0.0
bear_normal_s1;1200;ASH_COATED_OSMIUM;9992;16;9989;18;;;10000;12;10003;13;;;9996.0;0.0
bear_normal_s1;1300;INTARIAN_PEPPER_ROOT;12991;17;12988;20;;;12993;23;12995;20;;;12992.0;0.0
bear_normal_s1;1300;ASH_COATED_OSMIUM;9988;9;9984;13;;;10002;18;10006;18;;;9995.0;0.0
bear_normal_s1;1400;INTARIAN_PEPPER_ROOT;12992;12;12988;26;;;12994;9;12998;15;;;12993.0;0.0
bear_normal_s1;1400;ASH_COATED_OSMIUM;9992;7;9989;12;;;9994;8;9998;25;;;9993.0;0.0
bear_normal_s1;1500;INTARIAN_PEPPER_ROOT;12990;18;12987;20;;;12992;15;12994;15;;;12991.0;0.0
bear_normal_s1;1500;ASH_COATED_OSMIUM;9995;12;9991;15;;;9997;17;9999;18;;;9996.0;0.0
bear_normal_s1;1600;INTARIAN_PEPPER_ROOT;12988;10;12986;13;;;12994;14;12998;23;;;12991.0;0.0
bear_normal_s1;1600;ASH_COATED_OSMIUM;9968;5;9966;14;;;10020;11;10023;19;;;9994.0;0.0
bear_normal_s1;1700;INTARIAN_PEPPER_ROOT;12983;13;12979;25;;;12995;27;12998;31;;;12989.0;0.0
bear_normal_s1;1700;ASH_COATED_OSMIUM;9985;15;9981;17;;;10005;17;10008;14;;;9995.0;0.0
bear_normal_s1;1800;INTARIAN_PEPPER_ROOT;12988;17;12986;22;;;12990;11;12993;18;;;12989.0;0.0
bear_normal_s1;1800;ASH_COATED_OSMIUM;9990;14;9988;32;;;10000;14;10003;18;;;9995.0;0.0
bear_normal_s1;1900;INTARIAN_PEPPER_ROOT;12966;12;12962;22;;;13014;12;13016;18;;;12990.0;0.0
bear_normal_s1;1900;ASH_COATED_OSMIUM;9989;8;9985;24;;;9997;10;10001;23;;;9993.0;0.0
bear_normal_s1;2000;INTARIAN_PEPPER_ROOT;12987;17;12984;19;;;12989;16;12991;28;;;12988.0;0.0
bear_normal_s1;2000;ASH_COATED_OSMIUM;9993;12;9989;16;;;9999;9;10003;17;;;9996.0;0.0
bear_normal_s1;2100;INTARIAN_PEPPER_ROOT;12979;10;12975;27;;;12999;12;13003;16;;;12989.0;0.0
bear_normal_s1;2100;ASH_COATED_OSMIUM;9970;18;9967;19;;;10026;14;10028;20;;;9998.0;0.0
bear_normal_s1;2200;INTARIAN_PEPPER_ROOT;12985;10;12983;24;;;12995;15;12997;19;;;12990.0;0.0
bear_normal_s1;2200;ASH_COATED_OSMIUM;9994;13;9991;22;;;10006;19;10009;17;;;10000.0;0.0
bear_normal_s1;2300;INTARIAN_PEPPER_ROOT;12988;8;12984;18;;;12994;9;12996;13;;;12991.0;0.0
bear_normal_s1;2300;ASH_COATED_OSMIUM;10000;11;9996;28;;;10002;7;10004;13;;;10001.0;0.0
bear_normal_s1;2400;INTARIAN_PEPPER_ROOT;12968;9;12965;20;;;13016;25;13019;19;;;12992.0;0.0
bear_normal_s1;2400;ASH_COATED_OSMIUM;9986;5;9982;21;;;10022;12;10024;18;;;10004.0;0.0
bear_normal_s1;2500;INTARIAN_PEPPER_ROOT;12990;20;12988;20;;;12992;14;12995;15;;;12991.0;0.0
bear_normal_s1;2500;ASH_COATED_OSMIUM;10005;18;10002;14;;;10011;7;10014;15;;;10008.0;0.0
bear_normal_s1;2600;INTARIAN_PEPPER_ROOT;12985;11;12981;20;;;12993;13;12996;17;;;12989.0;0.0
bear_normal_s1;2600;ASH_COATED_OSMIUM;9998;16;9994;29;;;10006;11;10009;21;;;10002.0;0.0
bear_normal_s1;2700;INTARIAN_PEPPER_ROOT;12969;12;12966;17;;;13007;17;13011;15;;;12988.0;0.0
bear_normal_s1;2700;ASH_COATED_OSMIUM;9963;14;9961;19;;;10049;12;10051;13;;;10006.0;0.0
bear_normal_s1;2800;INTARIAN_PEPPER_ROOT;12985;12;12982;23;;;12991;23;12993;18;;;12988.0;0.0
bear_normal_s1;2800;ASH_COATED_OSMIUM;10008;11;10006;9;;;10010;5;10014;23;;;10009.0;0.0
bear_normal_s1;2900;INTARIAN_PEPPER_ROOT;12967;14;12963;8;;;13009;14;13012;20;;;12988.0;0.0
bear_normal_s1;2900;ASH_COATED_OSMIUM;9994;5;9992;19;;;10026;12;10029;20;;;10010.0;0.0
bear_normal_s1;3000;INTARIAN_PEPPER_ROOT;12986;20;12983;22;;;12988;8;12991;14;;;12987.0;0.0
bear_normal_s1;3000;ASH_COATED_OSMIUM;10010;26;10008;22;;;10014;15;10017;23;;;10012.0;0.0
bear_normal_s1;3100;INTARIAN_PEPPER_ROOT;12983;15;12981;22;;;12989;6;12991;19;;;12986.0;0.0
bear_normal_s1;3100;ASH_COATED_OSMIUM;9982;20;9980;27;;;10040;16;10042;22;;;10011.0;0.0
bear_normal_s1;3200;INTARIAN_PEPPER_ROOT;12974;5;12972;19;;;12994;16;12996;13;;;12984.0;0.0
bear_normal_s1;3200;ASH_COATED_OSMIUM;10012;5;10009;15;;;10014;21;10016;15;;;10013.0;0.0
bear_normal_s1;3300;INTARIAN_PEPPER_ROOT;12979;15;12975;19;;;12987;15;12991;21;;;12983.0;0.0
bear_normal_s1;3300;ASH_COATED_OSMIUM;10009;15;10005;21;;;10011;19;10013;26;;;10010.0;0.0
bear_normal_s1;3400;INTARIAN_PEPPER_ROOT;12971;11;12969;24;;;12993;15;12995;19;;;12982.0;0.0
bear_normal_s1;3400;ASH_COATED_OSMIUM;10007;15;10005;14;;;10009;12;10011;12;;;10008.0;0.0
bear_normal_s1;3500;INTARIAN_PEPPER_ROOT;12978;13;12976;18;;;12984;21;12987;20;;;12981.0;0.0
bear_normal_s1;3500;ASH_COATED_OSMIUM;10008;8;10005;15;;;10010;16;10014;24;;;10009.0;0.0
bear_normal_s1;3600;INTARIAN_PEPPER_ROOT;12979;20;12976;16;;;12981;12;12984;20;;;12980.0;0.0
bear_normal_s1;3600;ASH_COATED_OSMIUM;9999;10;9997;15;;;10021;6;10025;14;;;10010.0;0.0
bear_normal_s1;3700;INTARIAN_PEPPER_ROOT;12960;12;12958;18;;;12998;8;13001;28;;;12979.0;0.0
bear_normal_s1;3700;ASH_COATED_OSMIUM;10005;18;10002;19;;;10013;10;10016;21;;;10009.0;0.0
bear_normal_s1;3800;INTARIAN_PEPPER_ROOT;12969;17;12966;23;;;12993;9;12995;23;;;12981.0;0.0
bear_normal_s1;3800;ASH_COATED_OSMIUM;10002;22;9998;24;;;10004;14;10006;28;;;10003.0;0.0
bear_normal_s1;3900;INTARIAN_PEPPER_ROOT;12964;14;12960;22;;;13002;15;13006;11;;;12983.0;0.0
bear_normal_s1;3900;ASH_COATED_OSMIUM;9998;7;9996;19;;;10000;6;10002;18;;;9999.0;0.0
bear_normal_s1;4000;INTARIAN_PEPPER_ROOT;12973;13;12971;18;;;12991;20;12993;20;;;12982.0;0.0
bear_normal_s1;4000;ASH_COATED_OSMIUM;9990;16;9987;20;;;10002;9;10004;13;;;9996.0;0.0
bear_normal_s1;4100;INTARIAN_PEPPER_ROOT;12977;9;12973;25;;;12983;9;12985;28;;;12980.0;0.0
bear_normal_s1;4100;ASH_COATED_OSMIUM;9992;7;9989;29;;;9994;10;9997;15;;;9993.0;0.0
bear_normal_s1;4200;INTARIAN_PEPPER_ROOT;12978;15;12975;18;;;12980;6;12984;16;;;12979.0;0.0
bear_normal_s1;4200;ASH_COATED_OSMIUM;9991;10;9987;13;;;10003;17;10006;17;;;9997.0;0.0
bear_normal_s1;4300;INTARIAN_PEPPER_ROOT;12980;8;12978;9;;;12984;13;12986;23;;;12982.0;0.0
bear_normal_s1;4300;ASH_COATED_OSMIUM;9989;26;9985;22;;;9997;18;10000;18;;;9993.0;0.0
bear_normal_s1;4400;INTARIAN_PEPPER_ROOT;12968;20;12966;21;;;12992;10;12996;15;;;12980.0;0.0
bear_normal_s1;4400;ASH_COATED_OSMIUM;9993;10;9989;24;;;9995;11;9999;27;;;9994.0;0.0
bear_normal_s1;4500;INTARIAN_PEPPER_ROOT;12975;16;12971;16;;;12983;13;12986;23;;;12979.0;0.0
bear_normal_s1;4500;ASH_COATED_OSMIUM;9990;13;9986;13;;;9992;5;9995;20;;;9991.0;0.0
bear_normal_s1;4600;INTARIAN_PEPPER_ROOT;12973;22;12971;24;;;12987;24;12991;18;;;12980.0;0.0
bear_normal_s1;4600;ASH_COATED_OSMIUM;9975;5;9972;28;;;10005;13;10007;12;;;9990.0;0.0
bear_normal_s1;4700;INTARIAN_PEPPER_ROOT;12980;7;12977;18;;;12984;11;12987;22;;;12982.0;0.0
bear_normal_s1;4700;ASH_COATED_OSMIUM;9981;7;9979;9;;;9993;22;9996;26;;;9987.0;0.0
bear_normal_s1;4800;INTARIAN_PEPPER_ROOT;12978;14;12975;21;;;12986;20;12990;16;;;12982.0;0.0
bear_normal_s1;4800;ASH_COATED_OSMIUM;9983;18;9980;16;;;9985;21;9988;25;;;9984.0;0.0
bear_normal_s1;4900;INTARIAN_PEPPER_ROOT;12982;30;12980;28;;;12984;16;12988;19;;;12983.0;0.0
bear_normal_s1;4900;ASH_COATED_OSMIUM;9974;8;9971;12;;;9992;15;9996;19;;;9983.0;0.0
bear_normal_s1;5000;INTARIAN_PEPPER_ROOT;12981;27;12979;18;;;12985;10;12989;24;;;12983.0;0.0
bear_normal_s1;5000;ASH_COATED_OSMIUM;9987;8;9985;18;;;9989;21;9992;17;;;9988.0;0.0
bear_normal_s1;5100;INTARIAN_PEPPER_ROOT;12971;12;12967;18;;;12993;16;12997;28;;;12982.0;0.0
bear_normal_s1;5100;ASH_COATED_OSMIUM;9989;22;9987;19;;;9991;7;9994;20;;;9990.0;0.0
bear_normal_s1;5200;INTARIAN_PEPPER_ROOT;12967;12;12965;25;;;12993;13;12997;22;;;12980.0;0.0
bear_normal_s1;5200;ASH_COATED_OSMIUM;9982;13;9979;14;;;9988;9;9990;19;;;9985.0;0.0
bear_normal_s1;5300;INTARIAN_PEPPER_ROOT;12978;16;12976;11;;;12980;19;12982;24;;;12979.0;0.0
bear_normal_s1;5300;ASH_COATED_OSMIUM;9961;13;9959;22;;;10005;17;10007;17;;;9983.0;0.0
bear_normal_s1;5400;INTARIAN_PEPPER_ROOT;12969;15;12966;13;;;12987;23;12989;17;;;12978.0;0.0
bear_normal_s1;5400;ASH_COATED_OSMIUM;9981;23;9978;16;;;9985;6;9987;24;;;9983.0;0.0
bear_normal_s1;5500;INTARIAN_PEPPER_ROOT;12970;6;12967;22;;;12988;15;12990;14;;;12979.0;0.0
bear_normal_s1;5500;ASH_COATED_OSMIUM;9978;18;9975;25;;;9990;5;9992;20;;;9984.0;0.0
bear_normal_s1;5600;INTARIAN_PEPPER_ROOT;12979;18;12976;15;;;12981;18;12984;15;;;12980.0;0.0
bear_normal_s1;5600;ASH_COATED_OSMIUM;9982;8;9980;27;;;9988;5;9991;17;;;9985.0;0.0
bear_normal_s1;5700;INTARIAN_PEPPER_ROOT;12979;17;12977;15;;;12983;18;12985;28;;;12981.0;0.0
bear_normal_s1;5700;ASH_COATED_OSMIUM;9985;5;9982;27;;;9991;7;9994;16;;;9988.0;0.0
bear_normal_s1;5800;INTARIAN_PEPPER_ROOT;12981;18;12977;20;;;12983;11;12985;19;;;12982.0;0.0
bear_normal_s1;5800;ASH_COATED_OSMIUM;9984;5;9980;20;;;9992;16;9995;23;;;9988.0;0.0
bear_normal_s1;5900;INTARIAN_PEPPER_ROOT;12982;14;12979;32;;;12984;16;12987;17;;;12983.0;0.0
bear_normal_s1;5900;ASH_COATED_OSMIUM;9978;16;9976;8;;;9992;14;9994;12;;;9985.0;0.0
bear_normal_s1;6000;INTARIAN_PEPPER_ROOT;12973;12;12970;20;;;12989;8;12992;25;;;12981.0;0.0
bear_normal_s1;6000;ASH_COATED_OSMIUM;9980;8;9978;22;;;9986;13;9989;21;;;9983.0;0.0
bear_normal_s1;6100;INTARIAN_PEPPER_ROOT;12982;13;12978;22;;;12984;25;12986;22;;;12983.0;0.0
bear_normal_s1;6100;ASH_COATED_OSMIUM;9983;23;9981;18;;;9985;5;9988;16;;;9984.0;0.0
bear_normal_s1;6200;INTARIAN_PEPPER_ROOT;12979;11;12975;17;;;12987;17;12990;18;;;12983.0;0.0
bear_normal_s1;6200;ASH_COATED_OSMIUM;9958;15;9955;28;;;10018;11;10021;24;;;9988.0;0.0
bear_normal_s1;6300;INTARIAN_PEPPER_ROOT;12981;15;12979;16;;;12983;11;12987;16;;;12982.0;0.0
bear_normal_s1;6300;ASH_COATED_OSMIUM;9979;18;9975;23;;;9993;14;9995;9;;;9986.0;0.0
bear_normal_s1;6400;INTARIAN_PEPPER_ROOT;12975;14;12972;14;;;12989;16;12993;10;;;12982.0;0.0
bear_normal_s1;6400;ASH_COATED_OSMIUM;9983;9;9981;16;;;9987;9;9991;19;;;9985.0;0.0
bear_normal_s1;6500;INTARIAN_PEPPER_ROOT;12978;12;12974;27;;;12986;18;12990;13;;;12982.0;0.0
bear_normal_s1;6500;ASH_COATED_OSMIUM;9971;6;9969;21;;;10001;5;10004;21;;;9986.0;0.0
bear_normal_s1;6600;INTARIAN_PEPPER_ROOT;12962;19;12960;19;;;13006;6;13010;24;;;12984.0;0.0
bear_normal_s1;6600;ASH_COATED_OSMIUM;9973;11;9969;23;;;10003;18;10005;22;;;9988.0;0.0
bear_normal_s1;6700;INTARIAN_PEPPER_ROOT;12982;20;12979;15;;;12990;13;12994;14;;;12986.0;0.0
bear_normal_s1;6700;ASH_COATED_OSMIUM;9980;6;9978;20;;;9992;14;9995;24;;;9986.0;0.0
bear_normal_s1;6800;INTARIAN_PEPPER_ROOT;12984;7;12982;30;;;12994;20;12997;24;;;12989.0;0.0
bear_normal_s1;6800;ASH_COATED_OSMIUM;9989;18;9985;17;;;9991;6;9995;22;;;9990.0;0.0
bear_normal_s1;6900;INTARIAN_PEPPER_ROOT;12979;17;12977;17;;;12995;14;12998;20;;;12987.0;0.0
bear_normal_s1;6900;ASH_COATED_OSMIUM;9991;16;9989;16;;;9995;18;9999;26;;;9993.0;0.0
bear_normal_s1;7000;INTARIAN_PEPPER_ROOT;12979;8;12976;18;;;12989;13;12992;24;;;12984.0;0.0
bear_normal_s1;7000;ASH_COATED_OSMIUM;9983;15;9980;14;;;10017;12;10019;20;;;10000.0;0.0
bear_normal_s1;7100;INTARIAN_PEPPER_ROOT;12982;10;12980;23;;;12984;14;12988;29;;;12983.0;0.0
bear_normal_s1;7100;ASH_COATED_OSMIUM;9997;19;9994;19;;;9999;8;10001;8;;;9998.0;0.0
bear_normal_s1;7200;INTARIAN_PEPPER_ROOT;12980;17;12976;28;;;12984;12;12986;17;;;12982.0;0.0
bear_normal_s1;7200;ASH_COATED_OSMIUM;9996;9;9994;18;;;10000;10;10002;19;;;9998.0;0.0
bear_normal_s1;7300;INTARIAN_PEPPER_ROOT;12981;5;12979;19;;;12987;11;12990;21;;;12984.0;0.0
bear_normal_s1;7300;ASH_COATED_OSMIUM;9987;19;9983;23;;;10001;5;10004;19;;;9994.0;0.0
bear_normal_s1;7400;INTARIAN_PEPPER_ROOT;12974;13;12971;31;;;12994;14;12997;12;;;12984.0;0.0
bear_normal_s1;7400;ASH_COATED_OSMIUM;9991;9;9989;24;;;9999;21;10001;28;;;9995.0;0.0
bear_normal_s1;7500;INTARIAN_PEPPER_ROOT;12980;20;12977;24;;;12982;12;12984;22;;;12981.0;0.0
bear_normal_s1;7500;ASH_COATED_OSMIUM;9987;6;9985;8;;;9999;8;10003;27;;;9993.0;0.0
bear_normal_s1;7600;INTARIAN_PEPPER_ROOT;12974;17;12971;21;;;12984;16;12987;16;;;12979.0;0.0
bear_normal_s1;7600;ASH_COATED_OSMIUM;9987;12;9985;29;;;9999;7;10001;19;;;9993.0;0.0
bear_normal_s1;7700;INTARIAN_PEPPER_ROOT;12980;14;12977;16;;;12982;6;12986;23;;;12981.0;0.0
bear_normal_s1;7700;ASH_COATED_OSMIUM;9986;14;9982;20;;;10002;13;10005;9;;;9994.0;0.0
bear_normal_s1;7800;INTARIAN_PEPPER_ROOT;12980;15;12976;16;;;12982;10;12985;16;;;12981.0;0.0
bear_normal_s1;7800;ASH_COATED_OSMIUM;9993;19;9989;19;;;9997;11;9999;23;;;9995.0;0.0
bear_normal_s1;7900;INTARIAN_PEPPER_ROOT;12981;20;12977;13;;;12983;16;12987;8;;;12982.0;0.0
bear_normal_s1;7900;ASH_COATED_OSMIUM;9996;11;9993;17;;;10000;14;10002;25;;;9998.0;0.0
bear_normal_s1;8000;INTARIAN_PEPPER_ROOT;12940;21;12936;19;;;13022;11;13024;19;;;12981.0;0.0
bear_normal_s1;8000;ASH_COATED_OSMIUM;9999;12;9995;21;;;10001;12;10005;19;;;10000.0;0.0
bear_normal_s1;8100;INTARIAN_PEPPER_ROOT;12965;10;12961;27;;;12997;13;13000;11;;;12981.0;0.0
bear_normal_s1;8100;ASH_COATED_OSMIUM;9985;5;9983;22;;;10009;15;10011;17;;;9997.0;0.0
bear_normal_s1;8200;INTARIAN_PEPPER_ROOT;12979;10;12977;19;;;12983;9;12985;8;;;12981.0;0.0
bear_normal_s1;8200;ASH_COATED_OSMIUM;9995;12;9993;23;;;9997;11;10001;29;;;9996.0;0.0
bear_normal_s1;8300;INTARIAN_PEPPER_ROOT;12980;15;12977;19;;;12982;15;12984;10;;;12981.0;0.0
bear_normal_s1;8300;ASH_COATED_OSMIUM;9992;7;9990;21;;;9998;7;10001;30;;;9995.0;0.0
bear_normal_s1;8400;INTARIAN_PEPPER_ROOT;12978;13;12974;25;;;12984;15;12988;28;;;12981.0;0.0
bear_normal_s1;8400;ASH_COATED_OSMIUM;9987;10;9984;26;;;9999;6;10001;12;;;9993.0;0.0
bear_normal_s1;8500;INTARIAN_PEPPER_ROOT;12980;10;12977;9;;;12982;19;12985;23;;;12981.0;0.0
bear_normal_s1;8500;ASH_COATED_OSMIUM;9998;5;9994;19;;;10004;5;10006;19;;;10001.0;0.0
bear_normal_s1;8600;INTARIAN_PEPPER_ROOT;12979;24;12975;14;;;12981;20;12984;23;;;12980.0;0.0
bear_normal_s1;8600;ASH_COATED_OSMIUM;9996;5;9992;15;;;10012;5;10016;11;;;10004.0;0.0
bear_normal_s1;8700;INTARIAN_PEPPER_ROOT;12968;18;12966;31;;;12992;12;12994;27;;;12980.0;0.0
bear_normal_s1;8700;ASH_COATED_OSMIUM;10000;14;9996;19;;;10002;19;10006;15;;;10001.0;0.0
bear_normal_s1;8800;INTARIAN_PEPPER_ROOT;12977;5;12975;18;;;12983;15;12986;27;;;12980.0;0.0
bear_normal_s1;8800;ASH_COATED_OSMIUM;9993;17;9991;18;;;10007;7;10009;22;;;10000.0;0.0
bear_normal_s1;8900;INTARIAN_PEPPER_ROOT;12975;15;12971;27;;;12987;18;12990;21;;;12981.0;0.0
bear_normal_s1;8900;ASH_COATED_OSMIUM;9997;11;9994;26;;;10007;9;10009;20;;;10002.0;0.0
bear_normal_s1;9000;INTARIAN_PEPPER_ROOT;12978;13;12974;21;;;12988;9;12990;21;;;12983.0;0.0
bear_normal_s1;9000;ASH_COATED_OSMIUM;10001;13;9997;27;;;10003;21;10005;14;;;10002.0;0.0
bear_normal_s1;9100;INTARIAN_PEPPER_ROOT;12978;5;12976;24;;;12988;19;12991;23;;;12983.0;0.0
bear_normal_s1;9100;ASH_COATED_OSMIUM;9994;17;9990;29;;;10002;11;10005;9;;;9998.0;0.0
bear_normal_s1;9200;INTARIAN_PEPPER_ROOT;12980;14;12976;25;;;12982;11;12985;28;;;12981.0;0.0
bear_normal_s1;9200;ASH_COATED_OSMIUM;10002;11;9999;17;;;10004;10;10008;32;;;10003.0;0.0
bear_normal_s1;9300;INTARIAN_PEPPER_ROOT;12978;13;12976;16;;;12984;7;12988;13;;;12981.0;0.0
bear_normal_s1;9300;ASH_COATED_OSMIUM;10001;5;9998;28;;;10007;8;10011;25;;;10004.0;0.0
bear_normal_s1;9400;INTARIAN_PEPPER_ROOT;12960;15;12957;18;;;13002;19;13004;28;;;12981.0;0.0
bear_normal_s1;9400;ASH_COATED_OSMIUM;10000;16;9996;22;;;10004;8;10006;21;;;10002.0;0.0
bear_normal_s1;9500;INTARIAN_PEPPER_ROOT;12979;20;12977;24;;;12983;16;12987;17;;;12981.0;0.0
bear_normal_s1;9500;ASH_COATED_OSMIUM;9999;7;9996;22;;;10003;11;10005;25;;;10001.0;0.0
bear_normal_s1;9600;INTARIAN_PEPPER_ROOT;12970;19;12967;9;;;12990;13;12994;20;;;12980.0;0.0
bear_normal_s1;9600;ASH_COATED_OSMIUM;9990;9;9987;21;;;10010;7;10014;15;;;10000.0;0.0
bear_normal_s1;9700;INTARIAN_PEPPER_ROOT;12965;8;12963;19;;;12993;14;12995;18;;;12979.0;0.0
bear_normal_s1;9700;ASH_COATED_OSMIUM;9987;11;9985;22;;;10015;8;10017;23;;;10001.0;0.0
bear_normal_s1;9800;INTARIAN_PEPPER_ROOT;12977;21;12975;27;;;12979;14;12981;21;;;12978.0;0.0
bear_normal_s1;9800;ASH_COATED_OSMIUM;9994;5;9990;25;;;10006;11;10008;21;;;10000.0;0.0
bear_normal_s1;9900;INTARIAN_PEPPER_ROOT;12974;11;12971;16;;;12982;18;12984;27;;;12978.0;0.0
bear_normal_s1;9900;ASH_COATED_OSMIUM;10000;12;9996;25;;;10002;12;10006;28;;;10001.0;0.0
bear_normal_s1;10000;INTARIAN_PEPPER_ROOT;12977;14;12975;24;;;12979;13;12983;19;;;12978.0;0.0
bear_normal_s1;10000;ASH_COATED_OSMIUM;10000;7;9996;17;;;10008;20;10012;19;;;10004.0;0.0
bear_normal_s1;10100;INTARIAN_PEPPER_ROOT;12978;17;12974;15;;;12982;19;12986;21;;;12980.0;0.0
bear_normal_s1;10100;ASH_COATED_OSMIUM;9995;10;9991;21;;;10005;13;10009;20;;;10000.0;0.0
bear_normal_s1;10200;INTARIAN_PEPPER_ROOT;12969;15;12967;16;;;12991;9;12993;20;;;12980.0;0.0
bear_normal_s1;10200;ASH_COATED_OSMIUM;10002;9;9998;23;;;10004;8;10008;15;;;10003.0;0.0
bear_normal_s1;10300;INTARIAN_PEPPER_ROOT;12979;14;12975;27;;;12981;15;12983;13;;;12980.0;0.0
bear_normal_s1;10300;ASH_COATED_OSMIUM;9999;19;9996;20;;;10017;13;10019;23;;;10008.0;0.0
bear_normal_s1;10400;INTARIAN_PEPPER_ROOT;12977;17;12974;18;;;12979;5;12982;22;;;12978.0;0.0
bear_normal_s1;10400;ASH_COATED_OSMIUM;10005;13;10003;17;;;10013;6;10015;23;;;10009.0;0.0
bear_normal_s1;10500;INTARIAN_PEPPER_ROOT;12972;21;12969;15;;;12984;14;12988;11;;;12978.0;0.0
bear_normal_s1;10500;ASH_COATED_OSMIUM;9992;9;9990;10;;;10030;25;10032;15;;;10011.0;0.0
bear_normal_s1;10600;INTARIAN_PEPPER_ROOT;12978;18;12976;25;;;12980;12;12982;32;;;12979.0;0.0
bear_normal_s1;10600;ASH_COATED_OSMIUM;10008;7;10005;23;;;10018;14;10021;20;;;10013.0;0.0
bear_normal_s1;10700;INTARIAN_PEPPER_ROOT;12973;9;12971;18;;;12983;14;12986;21;;;12978.0;0.0
bear_normal_s1;10700;ASH_COATED_OSMIUM;10010;16;10008;18;;;10024;5;10028;22;;;10017.0;0.0
bear_normal_s1;10800;INTARIAN_PEPPER_ROOT;12973;15;12971;15;;;12981;18;12984;19;;;12977.0;0.0
bear_normal_s1;10800;ASH_COATED_OSMIUM;10010;11;10006;19;;;10014;16;10017;31;;;10012.0;0.0
bear_normal_s1;10900;INTARIAN_PEPPER_ROOT;12962;20;12958;12;;;12992;22;12996;28;;;12977.0;0.0
bear_normal_s1;10900;ASH_COATED_OSMIUM;9999;5;9996;13;;;10017;14;10021;13;;;10008.0;0.0
bear_normal_s1;11000;INTARIAN_PEPPER_ROOT;12971;12;12968;14;;;12977;12;12980;27;;;12974.0;0.0
bear_normal_s1;11000;ASH_COATED_OSMIUM;9999;11;9997;15;;;10007;13;10009;19;;;10003.0;0.0
bear_normal_s1;11100;INTARIAN_PEPPER_ROOT;12954;20;12950;27;;;12994;16;12996;15;;;12974.0;0.0
bear_normal_s1;11100;ASH_COATED_OSMIUM;9974;16;9972;19;;;10040;13;10044;17;;;10007.0;0.0
bear_normal_s1;11200;INTARIAN_PEPPER_ROOT;12956;13;12953;30;;;12994;9;12997;20;;;12975.0;0.0
bear_normal_s1;11200;ASH_COATED_OSMIUM;9969;18;9965;20;;;10045;6;10049;24;;;10007.0;0.0
bear_normal_s1;11300;INTARIAN_PEPPER_ROOT;12972;13;12970;24;;;12974;26;12977;19;;;12973.0;0.0
bear_normal_s1;11300;ASH_COATED_OSMIUM;10001;9;9999;22;;;10017;21;10020;20;;;10009.0;0.0
bear_normal_s1;11400;INTARIAN_PEPPER_ROOT;12970;13;12968;21;;;12978;26;12981;26;;;12974.0;0.0
bear_normal_s1;11400;ASH_COATED_OSMIUM;10008;8;10005;30;;;10010;11;10014;17;;;10009.0;0.0
bear_normal_s1;11500;INTARIAN_PEPPER_ROOT;12965;11;12963;16;;;12979;10;12982;21;;;12972.0;0.0
bear_normal_s1;11500;ASH_COATED_OSMIUM;10005;14;10003;15;;;10007;12;10010;15;;;10006.0;0.0
bear_normal_s1;11600;INTARIAN_PEPPER_ROOT;12970;22;12966;29;;;12972;13;12975;13;;;12971.0;0.0
bear_normal_s1;11600;ASH_COATED_OSMIUM;10004;17;10002;18;;;10006;16;10009;24;;;10005.0;0.0
bear_normal_s1;11700;INTARIAN_PEPPER_ROOT;12962;13;12958;22;;;12976;12;12979;31;;;12969.0;0.0
bear_normal_s1;11700;ASH_COATED_OSMIUM;9987;14;9985;22;;;10023;16;10027;13;;;10005.0;0.0
bear_normal_s1;11800;INTARIAN_PEPPER_ROOT;12961;16;12958;23;;;12979;14;12981;25;;;12970.0;0.0
bear_normal_s1;11800;ASH_COATED_OSMIUM;9992;16;9989;12;;;10018;10;10022;24;;;10005.0;0.0
bear_normal_s1;11900;INTARIAN_PEPPER_ROOT;12966;11;12963;27;;;12976;19;12979;21;;;12971.0;0.0
bear_normal_s1;11900;ASH_COATED_OSMIUM;10000;7;9997;33;;;10010;9;10014;22;;;10005.0;0.0
bear_normal_s1;12000;INTARIAN_PEPPER_ROOT;12958;17;12956;18;;;12982;19;12986;21;;;12970.0;0.0
bear_normal_s1;12000;ASH_COATED_OSMIUM;10006;12;10003;16;;;10008;17;10010;21;;;10007.0;0.0
bear_normal_s1;12100;INTARIAN_PEPPER_ROOT;12965;16;12962;15;;;12973;17;12976;21;;;12969.0;0.0
bear_normal_s1;12100;ASH_COATED_OSMIUM;10004;9;10000;15;;;10010;9;10013;12;;;10007.0;0.0
bear_normal_s1;12200;INTARIAN_PEPPER_ROOT;12961;6;12958;25;;;12981;9;12985;11;;;12971.0;0.0
bear_normal_s1;12200;ASH_COATED_OSMIUM;9985;15;9981;16;;;10031;7;10033;14;;;10008.0;0.0
bear_normal_s1;12300;INTARIAN_PEPPER_ROOT;12971;19;12967;28;;;12973;11;12975;14;;;12972.0;0.0
bear_normal_s1;12300;ASH_COATED_OSMIUM;9998;6;9996;32;;;10024;8;10028;20;;;10011.0;0.0
bear_normal_s1;12400;INTARIAN_PEPPER_ROOT;12969;14;12967;23;;;12971;22;12975;15;;;12970.0;0.0
bear_normal_s1;12400;ASH_COATED_OSMIUM;10010;12;10008;21;;;10016;14;10018;22;;;10013.0;0.0
bear_normal_s1;12500;INTARIAN_PEPPER_ROOT;12967;6;12964;19;;;12975;18;12977;22;;;12971.0;0.0
bear_normal_s1;12500;ASH_COATED_OSMIUM;10015;15;10011;18;;;10019;12;10022;14;;;10017.0;0.0
bear_normal_s1;12600;INTARIAN_PEPPER_ROOT;12972;20;12968;18;;;12976;15;12979;24;;;12974.0;0.0
bear_normal_s1;12600;ASH_COATED_OSMIUM;10007;11;10004;21;;;10017;7;10021;21;;;10012.0;0.0
bear_normal_s1;12700;INTARIAN_PEPPER_ROOT;12970;17;12968;17;;;12978;16;12982;19;;;12974.0;0.0
bear_normal_s1;12700;ASH_COATED_OSMIUM;10009;14;10005;8;;;10015;13;10019;20;;;10012.0;0.0
bear_normal_s1;12800;INTARIAN_PEPPER_ROOT;12970;18;12968;24;;;12972;13;12974;10;;;12971.0;0.0
bear_normal_s1;12800;ASH_COATED_OSMIUM;10011;13;10009;18;;;10015;11;10018;15;;;10013.0;0.0
bear_normal_s1;12900;INTARIAN_PEPPER_ROOT;12971;18;12967;20;;;12973;15;12975;13;;;12972.0;0.0
bear_normal_s1;12900;ASH_COATED_OSMIUM;9997;5;9993;22;;;10025;12;10027;27;;;10011.0;0.0
bear_normal_s1;13000;INTARIAN_PEPPER_ROOT;12966;11;12962;16;;;12978;16;12981;27;;;12972.0;0.0
bear_normal_s1;13000;ASH_COATED_OSMIUM;10000;15;9997;20;;;10016;16;10020;21;;;10008.0;0.0
bear_normal_s1;13100;INTARIAN_PEPPER_ROOT;12969;17;12965;21;;;12973;12;12976;20;;;12971.0;0.0
bear_normal_s1;13100;ASH_COATED_OSMIUM;9991;17;9989;19;;;10025;20;10027;14;;;10008.0;0.0
bear_normal_s1;13200;INTARIAN_PEPPER_ROOT;12967;12;12964;24;;;12969;20;12973;20;;;12968.0;0.0
bear_normal_s1;13200;ASH_COATED_OSMIUM;10007;21;10004;21;;;10015;9;10018;21;;;10011.0;0.0
bear_normal_s1;13300;INTARIAN_PEPPER_ROOT;12963;8;12959;13;;;12975;23;12979;20;;;12969.0;0.0
bear_normal_s1;13300;ASH_COATED_OSMIUM;10016;16;10014;24;;;10018;8;10020;18;;;10017.0;0.0
bear_normal_s1;13400;INTARIAN_PEPPER_ROOT;12948;18;12946;16;;;12992;16;12994;21;;;12970.0;0.0
bear_normal_s1;13400;ASH_COATED_OSMIUM;10004;18;10000;29;;;10014;7;10018;25;;;10009.0;0.0
bear_normal_s1;13500;INTARIAN_PEPPER_ROOT;12961;11;12957;22;;;12975;13;12977;15;;;12968.0;0.0
bear_normal_s1;13500;ASH_COATED_OSMIUM;9998;10;9996;26;;;10012;15;10014;9;;;10005.0;0.0
bear_normal_s1;13600;INTARIAN_PEPPER_ROOT;12962;11;12960;19;;;12976;19;12979;19;;;12969.0;0.0
bear_normal_s1;13600;ASH_COATED_OSMIUM;10001;20;9999;23;;;10003;7;10006;22;;;10002.0;0.0
bear_normal_s1;13700;INTARIAN_PEPPER_ROOT;12965;22;12962;15;;;12969;7;12973;25;;;12967.0;0.0
bear_normal_s1;13700;ASH_COATED_OSMIUM;10000;13;9997;20;;;10010;17;10013;19;;;10005.0;0.0
bear_normal_s1;13800;INTARIAN_PEPPER_ROOT;12967;5;12963;17;;;12969;9;12971;19;;;12968.0;0.0
bear_normal_s1;13800;ASH_COATED_OSMIUM;10003;17;9999;15;;;10005;9;10007;15;;;10004.0;0.0
bear_normal_s1;13900;INTARIAN_PEPPER_ROOT;12964;9;12960;23;;;12970;12;12973;15;;;12967.0;0.0
bear_normal_s1;13900;ASH_COATED_OSMIUM;10003;9;9999;29;;;10005;17;10007;22;;;10004.0;0.0
bear_normal_s1;14000;INTARIAN_PEPPER_ROOT;12964;11;12960;15;;;12970;13;12973;16;;;12967.0;0.0
bear_normal_s1;14000;ASH_COATED_OSMIUM;10000;23;9998;31;;;10006;15;10010;25;;;10003.0;0.0
bear_normal_s1;14100;INTARIAN_PEPPER_ROOT;12959;25;12956;19;;;12973;22;12977;15;;;12966.0;0.0
bear_normal_s1;14100;ASH_COATED_OSMIUM;9989;15;9985;16;;;10017;6;10020;24;;;10003.0;0.0
bear_normal_s1;14200;INTARIAN_PEPPER_ROOT;12963;14;12961;15;;;12973;27;12977;19;;;12968.0;0.0
bear_normal_s1;14200;ASH_COATED_OSMIUM;9999;21;9996;16;;;10017;20;10021;16;;;10008.0;0.0
bear_normal_s1;14300;INTARIAN_PEPPER_ROOT;12965;16;12962;16;;;12973;8;12976;21;;;12969.0;0.0
bear_normal_s1;14300;ASH_COATED_OSMIUM;9984;19;9982;15;;;10030;10;10034;17;;;10007.0;0.0
bear_normal_s1;14400;INTARIAN_PEPPER_ROOT;12951;18;12947;23;;;12987;14;12990;18;;;12969.0;0.0
bear_normal_s1;14400;ASH_COATED_OSMIUM;9991;5;9989;16;;;10031;6;10035;21;;;10011.0;0.0
bear_normal_s1;14500;INTARIAN_PEPPER_ROOT;12960;7;12956;17;;;12978;9;12980;30;;;12969.0;0.0
bear_normal_s1;14500;ASH_COATED_OSMIUM;9995;9;9992;13;;;10017;10;10021;17;;;10006.0;0.0
bear_normal_s1;14600;INTARIAN_PEPPER_ROOT;12968;12;12965;20;;;12970;17;12972;20;;;12969.0;0.0
bear_normal_s1;14600;ASH_COATED_OSMIUM;10006;9;10003;16;;;10010;13;10014;18;;;10008.0;0.0
bear_normal_s1;14700;INTARIAN_PEPPER_ROOT;12964;18;12960;20;;;12974;17;12978;34;;;12969.0;0.0
bear_normal_s1;14700;ASH_COATED_OSMIUM;9987;5;9984;19;;;10027;19;10031;21;;;10007.0;0.0
bear_normal_s1;14800;INTARIAN_PEPPER_ROOT;12958;17;12954;21;;;12980;16;12983;21;;;12969.0;0.0
bear_normal_s1;14800;ASH_COATED_OSMIUM;9987;10;9983;14;;;10027;6;10031;14;;;10007.0;0.0
bear_normal_s1;14900;INTARIAN_PEPPER_ROOT;12967;22;12964;23;;;12975;5;12979;22;;;12971.0;0.0
bear_normal_s1;14900;ASH_COATED_OSMIUM;9999;17;9996;18;;;10023;6;10025;26;;;10011.0;0.0
bear_normal_s1;15000;INTARIAN_PEPPER_ROOT;12968;18;12966;21;;;12970;8;12974;25;;;12969.0;0.0
bear_normal_s1;15000;ASH_COATED_OSMIUM;9986;14;9982;17;;;10026;15;10028;24;;;10006.0;0.0
bear_normal_s1;15100;INTARIAN_PEPPER_ROOT;12964;18;12962;20;;;12968;17;12972;20;;;12966.0;0.0
bear_normal_s1;15100;ASH_COATED_OSMIUM;10007;12;10004;24;;;10009;8;10012;11;;;10008.0;0.0
bear_normal_s1;15200;INTARIAN_PEPPER_ROOT;12966;14;12963;13;;;12968;19;12970;19;;;12967.0;0.0
bear_normal_s1;15200;ASH_COATED_OSMIUM;10003;12;10000;9;;;10005;17;10008;16;;;10004.0;0.0
bear_normal_s1;15300;INTARIAN_PEPPER_ROOT;12966;12;12964;22;;;12974;12;12976;20;;;12970.0;0.0
bear_normal_s1;15300;ASH_COATED_OSMIUM;10007;8;10005;13;;;10013;16;10017;21;;;10010.0;0.0
bear_normal_s1;15400;INTARIAN_PEPPER_ROOT;12959;15;12957;19;;;12981;14;12985;19;;;12970.0;0.0
bear_normal_s1;15400;ASH_COATED_OSMIUM;10007;10;10004;13;;;10011;18;10015;25;;;10009.0;0.0
bear_normal_s1;15500;INTARIAN_PEPPER_ROOT;12964;14;12962;21;;;12974;11;12976;28;;;12969.0;0.0
bear_normal_s1;15500;ASH_COATED_OSMIUM;10007;6;10003;8;;;10013;13;10017;13;;;10010.0;0.0
bear_normal_s1;15600;INTARIAN_PEPPER_ROOT;12968;18;12964;15;;;12970;10;12974;20;;;12969.0;0.0
bear_normal_s1;15600;ASH_COATED_OSMIUM;10005;5;10001;15;;;10021;17;10025;21;;;10013.0;0.0
bear_normal_s1;15700;INTARIAN_PEPPER_ROOT;12967;16;12964;13;;;12971;11;12975;18;;;12969.0;0.0
bear_normal_s1;15700;ASH_COATED_OSMIUM;10012;19;10010;23;;;10014;15;10017;15;;;10013.0;0.0
bear_normal_s1;15800;INTARIAN_PEPPER_ROOT;12966;19;12964;17;;;12970;11;12974;16;;;12968.0;0.0
bear_normal_s1;15800;ASH_COATED_OSMIUM;10008;17;10005;17;;;10018;13;10022;19;;;10013.0;0.0
bear_normal_s1;15900;INTARIAN_PEPPER_ROOT;12952;19;12949;9;;;12982;14;12985;22;;;12967.0;0.0
bear_normal_s1;15900;ASH_COATED_OSMIUM;10006;10;10002;21;;;10008;6;10010;19;;;10007.0;0.0
bear_normal_s1;16000;INTARIAN_PEPPER_ROOT;12963;11;12959;14;;;12967;10;12969;24;;;12965.0;0.0
bear_normal_s1;16000;ASH_COATED_OSMIUM;10011;13;10008;24;;;10015;23;10017;15;;;10013.0;0.0
bear_normal_s1;16100;INTARIAN_PEPPER_ROOT;12950;10;12948;27;;;12976;7;12980;16;;;12963.0;0.0
bear_normal_s1;16100;ASH_COATED_OSMIUM;10010;14;10006;18;;;10016;12;10018;19;;;10013.0;0.0
bear_normal_s1;16200;INTARIAN_PEPPER_ROOT;12955;14;12951;17;;;12973;8;12977;17;;;12964.0;0.0
bear_normal_s1;16200;ASH_COATED_OSMIUM;10009;16;10007;21;;;10013;14;10017;13;;;10011.0;0.0
bear_normal_s1;16300;INTARIAN_PEPPER_ROOT;12944;10;12941;19;;;12984;9;12986;11;;;12964.0;0.0
bear_normal_s1;16300;ASH_COATED_OSMIUM;9999;16;9997;12;;;10027;21;10029;30;;;10013.0;0.0
bear_normal_s1;16400;INTARIAN_PEPPER_ROOT;12960;17;12956;15;;;12966;10;12970;19;;;12963.0;0.0
bear_normal_s1;16400;ASH_COATED_OSMIUM;10015;20;10013;12;;;10019;10;10023;19;;;10017.0;0.0
bear_normal_s1;16500;INTARIAN_PEPPER_ROOT;12945;18;12942;21;;;12981;18;12983;27;;;12963.0;0.0
bear_normal_s1;16500;ASH_COATED_OSMIUM;10010;13;10008;19;;;10022;13;10024;18;;;10016.0;0.0
bear_normal_s1;16600;INTARIAN_PEPPER_ROOT;12962;14;12959;19;;;12964;16;12966;18;;;12963.0;0.0
bear_normal_s1;16600;ASH_COATED_OSMIUM;10017;13;10013;20;;;10019;16;10022;20;;;10018.0;0.0
bear_normal_s1;16700;INTARIAN_PEPPER_ROOT;12952;17;12950;18;;;12976;13;12980;10;;;12964.0;0.0
bear_normal_s1;16700;ASH_COATED_OSMIUM;10016;16;10013;18;;;10018;19;10021;20;;;10017.0;0.0
bear_normal_s1;16800;INTARIAN_PEPPER_ROOT;12939;15;12937;19;;;12997;28;13000;20;;;12968.0;0.0
bear_normal_s1;16800;ASH_COATED_OSMIUM;10018;10;10014;22;;;10020;18;10023;15;;;10019.0;0.0
bear_normal_s1;16900;INTARIAN_PEPPER_ROOT;12947;20;12943;27;;;12981;16;12985;8;;;12964.0;0.0
bear_normal_s1;16900;ASH_COATED_OSMIUM;10003;14;9999;21;;;10027;17;10031;15;;;10015.0;0.0
bear_normal_s1;17000;INTARIAN_PEPPER_ROOT;12962;12;12958;24;;;12964;11;12966;14;;;12963.0;0.0
bear_normal_s1;17000;ASH_COATED_OSMIUM;10010;20;10007;24;;;10028;12;10031;17;;;10019.0;0.0
bear_normal_s1;17100;INTARIAN_PEPPER_ROOT;12963;15;12961;22;;;12965;13;12968;13;;;12964.0;0.0
bear_normal_s1;17100;ASH_COATED_OSMIUM;9998;10;9995;28;;;10038;15;10042;18;;;10018.0;0.0
bear_normal_s1;17200;INTARIAN_PEPPER_ROOT;12964;9;12961;21;;;12970;14;12974;18;;;12967.0;0.0
bear_normal_s1;17200;ASH_COATED_OSMIUM;10017;6;10013;11;;;10023;15;10027;20;;;10020.0;0.0
bear_normal_s1;17300;INTARIAN_PEPPER_ROOT;12963;5;12960;21;;;12969;22;12971;21;;;12966.0;0.0
bear_normal_s1;17300;ASH_COATED_OSMIUM;10022;17;10019;25;;;10024;13;10026;20;;;10023.0;0.0
bear_normal_s1;17400;INTARIAN_PEPPER_ROOT;12953;6;12951;13;;;12979;12;12981;12;;;12966.0;0.0
bear_normal_s1;17400;ASH_COATED_OSMIUM;10021;10;10017;22;;;10023;14;10026;23;;;10022.0;0.0
bear_normal_s1;17500;INTARIAN_PEPPER_ROOT;12964;16;12960;21;;;12966;18;12970;17;;;12965.0;0.0
bear_normal_s1;17500;ASH_COATED_OSMIUM;10021;8;10017;16;;;10025;17;10029;22;;;10023.0;0.0
bear_normal_s1;17600;INTARIAN_PEPPER_ROOT;12963;13;12961;28;;;12971;13;12974;21;;;12967.0;0.0
bear_normal_s1;17600;ASH_COATED_OSMIUM;10013;14;10010;18;;;10033;12;10036;18;;;10023.0;0.0
bear_normal_s1;17700;INTARIAN_PEPPER_ROOT;12961;5;12957;23;;;12971;17;12973;15;;;12966.0;0.0
bear_normal_s1;17700;ASH_COATED_OSMIUM;10003;13;10000;16;;;10031;10;10035;27;;;10017.0;0.0
bear_normal_s1;17800;INTARIAN_PEPPER_ROOT;12962;12;12958;22;;;12972;22;12975;20;;;12967.0;0.0
bear_normal_s1;17800;ASH_COATED_OSMIUM;10003;13;9999;23;;;10037;14;10041;24;;;10020.0;0.0
bear_normal_s1;17900;INTARIAN_PEPPER_ROOT;12949;8;12946;15;;;12985;18;12988;18;;;12967.0;0.0
bear_normal_s1;17900;ASH_COATED_OSMIUM;10009;16;10005;14;;;10025;8;10027;12;;;10017.0;0.0
bear_normal_s1;18000;INTARIAN_PEPPER_ROOT;12962;8;12960;16;;;12966;17;12969;10;;;12964.0;0.0
bear_normal_s1;18000;ASH_COATED_OSMIUM;10000;6;9997;8;;;10020;12;10023;14;;;10010.0;0.0
bear_normal_s1;18100;INTARIAN_PEPPER_ROOT;12963;14;12961;18;;;12965;7;12968;24;;;12964.0;0.0
bear_normal_s1;18100;ASH_COATED_OSMIUM;9990;10;9988;18;;;10028;20;10031;18;;;10009.0;0.0
bear_normal_s1;18200;INTARIAN_PEPPER_ROOT;12963;7;12960;8;;;12967;5;12971;10;;;12965.0;0.0
bear_normal_s1;18200;ASH_COATED_OSMIUM;10006;8;10004;20;;;10020;17;10024;14;;;10013.0;0.0
bear_normal_s1;18300;INTARIAN_PEPPER_ROOT;12963;9;12961;19;;;12971;11;12974;15;;;12967.0;0.0
bear_normal_s1;18300;ASH_COATED_OSMIUM;10014;17;10012;21;;;10018;20;10021;24;;;10016.0;0.0
bear_normal_s1;18400;INTARIAN_PEPPER_ROOT;12936;10;12932;26;;;12996;21;13000;19;;;12966.0;0.0
bear_normal_s1;18400;ASH_COATED_OSMIUM;10004;5;10002;25;;;10018;17;10022;23;;;10011.0;0.0
bear_normal_s1;18500;INTARIAN_PEPPER_ROOT;12960;15;12958;19;;;12970;15;12972;20;;;12965.0;0.0
bear_normal_s1;18500;ASH_COATED_OSMIUM;10003;5;10000;18;;;10019;11;10023;13;;;10011.0;0.0
bear_normal_s1;18600;INTARIAN_PEPPER_ROOT;12963;20;12961;22;;;12969;17;12972;22;;;12966.0;0.0
bear_normal_s1;18600;ASH_COATED_OSMIUM;10010;22;10008;18;;;10016;16;10019;9;;;10013.0;0.0
bear_normal_s1;18700;INTARIAN_PEPPER_ROOT;12965;12;12961;25;;;12967;16;12970;20;;;12966.0;0.0
bear_normal_s1;18700;ASH_COATED_OSMIUM;10008;12;10005;17;;;10022;7;10024;23;;;10015.0;0.0
bear_normal_s1;18800;INTARIAN_PEPPER_ROOT;12965;19;12962;23;;;12967;11;12969;15;;;12966.0;0.0
bear_normal_s1;18800;ASH_COATED_OSMIUM;10015;9;10013;9;;;10017;10;10021;23;;;10016.0;0.0
bear_normal_s1;18900;INTARIAN_PEPPER_ROOT;12938;15;12936;25;;;12992;19;12996;10;;;12965.0;0.0
bear_normal_s1;18900;ASH_COATED_OSMIUM;10003;8;10000;17;;;10015;12;10017;15;;;10009.0;0.0
bear_normal_s1;19000;INTARIAN_PEPPER_ROOT;12966;15;12963;24;;;12968;18;12971;21;;;12967.0;0.0
bear_normal_s1;19000;ASH_COATED_OSMIUM;9998;19;9995;13;;;10024;20;10028;15;;;10011.0;0.0
bear_normal_s1;19100;INTARIAN_PEPPER_ROOT;12966;13;12964;15;;;12968;8;12971;22;;;12967.0;0.0
bear_normal_s1;19100;ASH_COATED_OSMIUM;10000;13;9996;17;;;10020;18;10024;17;;;10010.0;0.0
bear_normal_s1;19200;INTARIAN_PEPPER_ROOT;12944;17;12941;21;;;12994;9;12996;16;;;12969.0;0.0
bear_normal_s1;19200;ASH_COATED_OSMIUM;10010;19;10008;17;;;10018;12;10022;24;;;10014.0;0.0
bear_normal_s1;19300;INTARIAN_PEPPER_ROOT;12963;5;12961;18;;;12977;28;12981;14;;;12970.0;0.0
bear_normal_s1;19300;ASH_COATED_OSMIUM;10012;12;10008;18;;;10018;7;10021;22;;;10015.0;0.0
bear_normal_s1;19400;INTARIAN_PEPPER_ROOT;12963;16;12961;17;;;12979;13;12981;25;;;12971.0;0.0
bear_normal_s1;19400;ASH_COATED_OSMIUM;10016;5;10014;16;;;10020;17;10023;17;;;10018.0;0.0
bear_normal_s1;19500;INTARIAN_PEPPER_ROOT;12968;9;12964;19;;;12970;18;12973;22;;;12969.0;0.0
bear_normal_s1;19500;ASH_COATED_OSMIUM;10016;11;10014;18;;;10022;9;10024;18;;;10019.0;0.0
bear_normal_s1;19600;INTARIAN_PEPPER_ROOT;12965;12;12963;18;;;12973;19;12975;22;;;12969.0;0.0
bear_normal_s1;19600;ASH_COATED_OSMIUM;10014;15;10012;15;;;10016;15;10018;21;;;10015.0;0.0
bear_normal_s1;19700;INTARIAN_PEPPER_ROOT;12957;13;12953;13;;;12983;18;12987;18;;;12970.0;0.0
bear_normal_s1;19700;ASH_COATED_OSMIUM;10017;5;10014;24;;;10019;23;10022;10;;;10018.0;0.0
bear_normal_s1;19800;INTARIAN_PEPPER_ROOT;12966;10;12964;18;;;12976;9;12980;18;;;12971.0;0.0
bear_normal_s1;19800;ASH_COATED_OSMIUM;10017;21;10015;27;;;10019;5;10023;28;;;10018.0;0.0
bear_normal_s1;19900;INTARIAN_PEPPER_ROOT;12971;7;12967;18;;;12973;13;12975;17;;;12972.0;0.0
bear_normal_s1;19900;ASH_COATED_OSMIUM;10009;12;10006;18;;;10015;15;10017;23;;;10012.0;0.0
bear_normal_s1;20000;INTARIAN_PEPPER_ROOT;12970;13;12967;21;;;12972;10;12975;23;;;12971.0;0.0
bear_normal_s1;20000;ASH_COATED_OSMIUM;10012;18;10010;26;;;10014;9;10016;15;;;10013.0;0.0
bear_normal_s1;20100;INTARIAN_PEPPER_ROOT;12953;17;12949;20;;;12991;12;12993;16;;;12972.0;0.0
bear_normal_s1;20100;ASH_COATED_OSMIUM;9991;12;9987;17;;;10029;5;10033;18;;;10010.0;0.0
bear_normal_s1;20200;INTARIAN_PEPPER_ROOT;12970;22;12967;18;;;12972;18;12976;23;;;12971.0;0.0
bear_normal_s1;20200;ASH_COATED_OSMIUM;10006;16;10002;20;;;10020;9;10023;26;;;10013.0;0.0
bear_normal_s1;20300;INTARIAN_PEPPER_ROOT;12969;15;12967;25;;;12977;16;12979;16;;;12973.0;0.0
bear_normal_s1;20300;ASH_COATED_OSMIUM;10008;7;10004;25;;;10020;15;10022;13;;;10014.0;0.0
bear_normal_s1;20400;INTARIAN_PEPPER_ROOT;12965;9;12963;23;;;12977;20;12979;19;;;12971.0;0.0
bear_normal_s1;20400;ASH_COATED_OSMIUM;9988;6;9986;23;;;10038;16;10040;15;;;10013.0;0.0
bear_normal_s1;20500;INTARIAN_PEPPER_ROOT;12967;7;12965;30;;;12969;7;12973;8;;;12968.0;0.0
bear_normal_s1;20500;ASH_COATED_OSMIUM;10012;8;10009;22;;;10014;19;10017;20;;;10013.0;0.0
bear_normal_s1;20600;INTARIAN_PEPPER_ROOT;12956;18;12953;18;;;12976;5;12980;22;;;12966.0;0.0
bear_normal_s1;20600;ASH_COATED_OSMIUM;10012;5;10008;11;;;10014;12;10016;15;;;10013.0;0.0
bear_normal_s1;20700;INTARIAN_PEPPER_ROOT;12963;10;12961;22;;;12965;19;12967;23;;;12964.0;0.0
bear_normal_s1;20700;ASH_COATED_OSMIUM;10016;5;10013;21;;;10018;8;10020;23;;;10017.0;0.0
bear_normal_s1;20800;INTARIAN_PEPPER_ROOT;12956;9;12952;25;;;12966;15;12969;16;;;12961.0;0.0
bear_normal_s1;20800;ASH_COATED_OSMIUM;10016;9;10012;10;;;10020;11;10022;16;;;10018.0;0.0
bear_normal_s1;20900;INTARIAN_PEPPER_ROOT;12959;17;12957;22;;;12971;11;12973;20;;;12965.0;0.0
bear_normal_s1;20900;ASH_COATED_OSMIUM;10012;10;10009;20;;;10018;19;10021;23;;;10015.0;0.0
bear_normal_s1;21000;INTARIAN_PEPPER_ROOT;12945;15;12943;24;;;12983;12;12985;14;;;12964.0;0.0
bear_normal_s1;21000;ASH_COATED_OSMIUM;10008;19;10006;21;;;10014;19;10016;18;;;10011.0;0.0
bear_normal_s1;21100;INTARIAN_PEPPER_ROOT;12944;13;12941;17;;;12978;8;12981;19;;;12961.0;0.0
bear_normal_s1;21100;ASH_COATED_OSMIUM;9994;11;9991;17;;;10016;5;10019;18;;;10005.0;0.0
bear_normal_s1;21200;INTARIAN_PEPPER_ROOT;12938;16;12934;20;;;12988;5;12991;17;;;12963.0;0.0
bear_normal_s1;21200;ASH_COATED_OSMIUM;9994;13;9991;20;;;10010;21;10014;25;;;10002.0;0.0
bear_normal_s1;21300;INTARIAN_PEPPER_ROOT;12960;10;12957;19;;;12962;5;12965;20;;;12961.0;0.0
bear_normal_s1;21300;ASH_COATED_OSMIUM;10002;18;9999;21;;;10010;9;10014;19;;;10006.0;0.0
bear_normal_s1;21400;INTARIAN_PEPPER_ROOT;12958;8;12954;17;;;12960;21;12963;8;;;12959.0;0.0
bear_normal_s1;21400;ASH_COATED_OSMIUM;9996;17;9994;13;;;10010;9;10012;22;;;10003.0;0.0
bear_normal_s1;21500;INTARIAN_PEPPER_ROOT;12952;11;12948;30;;;12968;20;12970;25;;;12960.0;0.0
bear_normal_s1;21500;ASH_COATED_OSMIUM;9999;19;9997;13;;;10007;16;10011;22;;;10003.0;0.0
bear_normal_s1;21600;INTARIAN_PEPPER_ROOT;12955;20;12951;9;;;12967;8;12969;22;;;12961.0;0.0
bear_normal_s1;21600;ASH_COATED_OSMIUM;10009;15;10006;21;;;10011;11;10015;13;;;10010.0;0.0
bear_normal_s1;21700;INTARIAN_PEPPER_ROOT;12954;7;12951;19;;;12966;16;12968;16;;;12960.0;0.0
bear_normal_s1;21700;ASH_COATED_OSMIUM;10001;22;9998;14;;;10011;14;10015;18;;;10006.0;0.0
bear_normal_s1;21800;INTARIAN_PEPPER_ROOT;12958;21;12955;21;;;12966;7;12968;23;;;12962.0;0.0
bear_normal_s1;21800;ASH_COATED_OSMIUM;9985;9;9983;14;;;10023;17;10026;22;;;10004.0;0.0
bear_normal_s1;21900;INTARIAN_PEPPER_ROOT;12961;17;12958;21;;;12963;15;12966;17;;;12962.0;0.0
bear_normal_s1;21900;ASH_COATED_OSMIUM;10006;17;10002;22;;;10008;13;10012;18;;;10007.0;0.0
bear_normal_s1;22000;INTARIAN_PEPPER_ROOT;12960;19;12957;17;;;12968;6;12970;26;;;12964.0;0.0
bear_normal_s1;22000;ASH_COATED_OSMIUM;9999;16;9995;26;;;10013;18;10016;27;;;10006.0;0.0
bear_normal_s1;22100;INTARIAN_PEPPER_ROOT;12964;15;12960;17;;;12966;19;12970;24;;;12965.0;0.0
bear_normal_s1;22100;ASH_COATED_OSMIUM;10002;14;9999;28;;;10018;18;10021;19;;;10010.0;0.0
bear_normal_s1;22200;INTARIAN_PEPPER_ROOT;12952;8;12949;17;;;12980;21;12983;25;;;12966.0;0.0
bear_normal_s1;22200;ASH_COATED_OSMIUM;10007;16;10005;19;;;10009;11;10013;18;;;10008.0;0.0
bear_normal_s1;22300;INTARIAN_PEPPER_ROOT;12965;9;12963;15;;;12967;17;12971;16;;;12966.0;0.0
bear_normal_s1;22300;ASH_COATED_OSMIUM;10004;15;10002;18;;;10008;14;10012;16;;;10006.0;0.0
bear_normal_s1;22400;INTARIAN_PEPPER_ROOT;12940;15;12938;25;;;12988;20;12991;17;;;12964.0;0.0
bear_normal_s1;22400;ASH_COATED_OSMIUM;10002;15;10000;18;;;10004;15;10006;11;;;10003.0;0.0
bear_normal_s1;22500;INTARIAN_PEPPER_ROOT;12966;16;12964;18;;;12968;15;12970;12;;;12967.0;0.0
bear_normal_s1;22500;ASH_COATED_OSMIUM;9993;14;9990;26;;;10015;13;10018;24;;;10004.0;0.0
bear_normal_s1;22600;INTARIAN_PEPPER_ROOT;12965;13;12961;23;;;12967;22;12969;21;;;12966.0;0.0
bear_normal_s1;22600;ASH_COATED_OSMIUM;9999;6;9995;16;;;10003;10;10007;22;;;10001.0;0.0
bear_normal_s1;22700;INTARIAN_PEPPER_ROOT;12965;16;12962;20;;;12967;11;12970;22;;;12966.0;0.0
bear_normal_s1;22700;ASH_COATED_OSMIUM;9990;17;9988;19;;;10010;13;10013;13;;;10000.0;0.0
bear_normal_s1;22800;INTARIAN_PEPPER_ROOT;12962;17;12958;14;;;12966;9;12969;16;;;12964.0;0.0
bear_normal_s1;22800;ASH_COATED_OSMIUM;9995;17;9992;21;;;10005;9;10009;25;;;10000.0;0.0
bear_normal_s1;22900;INTARIAN_PEPPER_ROOT;12955;11;12952;19;;;12973;10;12976;19;;;12964.0;0.0
bear_normal_s1;22900;ASH_COATED_OSMIUM;9963;5;9961;10;;;10037;14;10040;20;;;10000.0;0.0
bear_normal_s1;23000;INTARIAN_PEPPER_ROOT;12963;18;12959;11;;;12965;9;12967;19;;;12964.0;0.0
bear_normal_s1;23000;ASH_COATED_OSMIUM;9996;9;9994;21;;;10002;9;10006;13;;;9999.0;0.0
bear_normal_s1;23100;INTARIAN_PEPPER_ROOT;12963;11;12959;21;;;12965;21;12969;15;;;12964.0;0.0
bear_normal_s1;23100;ASH_COATED_OSMIUM;9994;19;9992;20;;;10002;14;10004;16;;;9998.0;0.0
bear_normal_s1;23200;INTARIAN_PEPPER_ROOT;12957;10;12954;21;;;12973;25;12976;19;;;12965.0;0.0
bear_normal_s1;23200;ASH_COATED_OSMIUM;9995;12;9993;23;;;10007;13;10009;29;;;10001.0;0.0
bear_normal_s1;23300;INTARIAN_PEPPER_ROOT;12953;23;12950;12;;;12981;12;12983;17;;;12967.0;0.0
bear_normal_s1;23300;ASH_COATED_OSMIUM;9986;9;9983;13;;;10010;16;10013;17;;;9998.0;0.0
bear_normal_s1;23400;INTARIAN_PEPPER_ROOT;12963;20;12959;13;;;12969;13;12971;21;;;12966.0;0.0
bear_normal_s1;23400;ASH_COATED_OSMIUM;9993;11;9989;20;;;9999;9;10001;20;;;9996.0;0.0
bear_normal_s1;23500;INTARIAN_PEPPER_ROOT;12961;16;12957;14;;;12967;6;12970;25;;;12964.0;0.0
bear_normal_s1;23500;ASH_COATED_OSMIUM;9978;9;9975;12;;;10004;6;10007;20;;;9991.0;0.0
bear_normal_s1;23600;INTARIAN_PEPPER_ROOT;12960;17;12957;18;;;12964;14;12967;15;;;12962.0;0.0
bear_normal_s1;23600;ASH_COATED_OSMIUM;9982;21;9978;20;;;10002;8;10005;17;;;9992.0;0.0
bear_normal_s1;23700;INTARIAN_PEPPER_ROOT;12952;16;12948;16;;;12968;12;12970;29;;;12960.0;0.0
bear_normal_s1;23700;ASH_COATED_OSMIUM;9985;5;9982;14;;;9997;9;10001;26;;;9991.0;0.0
bear_normal_s1;23800;INTARIAN_PEPPER_ROOT;12948;9;12944;10;;;12968;14;12972;21;;;12958.0;0.0
bear_normal_s1;23800;ASH_COATED_OSMIUM;9992;17;9989;18;;;9994;15;9996;22;;;9993.0;0.0
bear_normal_s1;23900;INTARIAN_PEPPER_ROOT;12958;15;12954;15;;;12960;15;12963;19;;;12959.0;0.0
bear_normal_s1;23900;ASH_COATED_OSMIUM;9990;6;9988;24;;;10000;10;10003;13;;;9995.0;0.0
bear_normal_s1;24000;INTARIAN_PEPPER_ROOT;12954;6;12952;16;;;12964;19;12968;13;;;12959.0;0.0
bear_normal_s1;24000;ASH_COATED_OSMIUM;9991;10;9989;20;;;9999;11;10001;19;;;9995.0;0.0
bear_normal_s1;24100;INTARIAN_PEPPER_ROOT;12953;9;12950;12;;;12963;16;12965;23;;;12958.0;0.0
bear_normal_s1;24100;ASH_COATED_OSMIUM;9992;10;9990;27;;;10000;14;10003;19;;;9996.0;0.0
bear_normal_s1;24200;INTARIAN_PEPPER_ROOT;12956;12;12954;20;;;12958;28;12962;21;;;12957.0;0.0
bear_normal_s1;24200;ASH_COATED_OSMIUM;9988;15;9986;17;;;10008;5;10012;22;;;9998.0;0.0
bear_normal_s1;24300;INTARIAN_PEPPER_ROOT;12953;17;12951;24;;;12955;17;12957;20;;;12954.0;0.0
bear_normal_s1;24300;ASH_COATED_OSMIUM;9995;14;9991;13;;;9999;13;10003;19;;;9997.0;0.0
bear_normal_s1;24400;INTARIAN_PEPPER_ROOT;12948;21;12946;26;;;12960;18;12963;23;;;12954.0;0.0
bear_normal_s1;24400;ASH_COATED_OSMIUM;10001;8;9999;11;;;10003;7;10005;20;;;10002.0;0.0
bear_normal_s1;24500;INTARIAN_PEPPER_ROOT;12936;14;12933;22;;;12970;13;12972;26;;;12953.0;0.0
bear_normal_s1;24500;ASH_COATED_OSMIUM;9978;12;9976;20;;;10026;14;10030;22;;;10002.0;0.0
bear_normal_s1;24600;INTARIAN_PEPPER_ROOT;12953;13;12949;19;;;12955;18;12958;19;;;12954.0;0.0
bear_normal_s1;24600;ASH_COATED_OSMIUM;9987;11;9985;13;;;10005;16;10009;26;;;9996.0;0.0
bear_normal_s1;24700;INTARIAN_PEPPER_ROOT;12947;16;12944;15;;;12959;5;12962;22;;;12953.0;0.0
bear_normal_s1;24700;ASH_COATED_OSMIUM;9993;5;9991;20;;;10007;7;10009;20;;;10000.0;0.0
bear_normal_s1;24800;INTARIAN_PEPPER_ROOT;12954;9;12951;18;;;12956;11;12958;26;;;12955.0;0.0
bear_normal_s1;24800;ASH_COATED_OSMIUM;9981;20;9978;17;;;10021;18;10025;25;;;10001.0;0.0
bear_normal_s1;24900;INTARIAN_PEPPER_ROOT;12946;11;12944;23;;;12962;11;12965;20;;;12954.0;0.0
bear_normal_s1;24900;ASH_COATED_OSMIUM;9999;15;9995;17;;;10007;10;10010;28;;;10003.0;0.0
bear_normal_s1;25000;INTARIAN_PEPPER_ROOT;12951;14;12947;14;;;12953;12;12957;25;;;12952.0;0.0
bear_normal_s1;25000;ASH_COATED_OSMIUM;10001;17;9998;22;;;10007;14;10009;15;;;10004.0;0.0
bear_normal_s1;25100;INTARIAN_PEPPER_ROOT;12944;25;12942;22;;;12960;17;12963;17;;;12952.0;0.0
bear_normal_s1;25100;ASH_COATED_OSMIUM;10006;18;10003;18;;;10008;8;10012;19;;;10007.0;0.0
bear_normal_s1;25200;INTARIAN_PEPPER_ROOT;12938;15;12935;23;;;12956;14;12960;21;;;12947.0;0.0
bear_normal_s1;25200;ASH_COATED_OSMIUM;9991;22;9988;9;;;10011;14;10015;21;;;10001.0;0.0
bear_normal_s1;25300;INTARIAN_PEPPER_ROOT;12934;8;12931;27;;;12966;17;12970;16;;;12950.0;0.0
bear_normal_s1;25300;ASH_COATED_OSMIUM;9984;14;9982;19;;;10020;15;10022;13;;;10002.0;0.0
bear_normal_s1;25400;INTARIAN_PEPPER_ROOT;12917;13;12913;26;;;12983;15;12985;28;;;12950.0;0.0
bear_normal_s1;25400;ASH_COATED_OSMIUM;9993;15;9989;22;;;10013;22;10017;11;;;10003.0;0.0
bear_normal_s1;25500;INTARIAN_PEPPER_ROOT;12943;11;12939;13;;;12955;13;12959;22;;;12949.0;0.0
bear_normal_s1;25500;ASH_COATED_OSMIUM;10001;16;9997;17;;;10013;11;10016;29;;;10007.0;0.0
bear_normal_s1;25600;INTARIAN_PEPPER_ROOT;12948;7;12944;24;;;12954;19;12958;24;;;12951.0;0.0
bear_normal_s1;25600;ASH_COATED_OSMIUM;9991;16;9989;12;;;10007;15;10009;19;;;9999.0;0.0
bear_normal_s1;25700;INTARIAN_PEPPER_ROOT;12933;12;12930;22;;;12969;15;12973;23;;;12951.0;0.0
bear_normal_s1;25700;ASH_COATED_OSMIUM;9991;5;9987;11;;;10005;12;10009;23;;;9998.0;0.0
bear_normal_s1;25800;INTARIAN_PEPPER_ROOT;12929;14;12925;23;;;12975;17;12977;10;;;12952.0;0.0
bear_normal_s1;25800;ASH_COATED_OSMIUM;9995;13;9993;25;;;10007;14;10010;19;;;10001.0;0.0
bear_normal_s1;25900;INTARIAN_PEPPER_ROOT;12950;14;12946;19;;;12952;17;12954;14;;;12951.0;0.0
bear_normal_s1;25900;ASH_COATED_OSMIUM;9980;6;9976;21;;;10018;6;10021;22;;;9999.0;0.0
bear_normal_s1;26000;INTARIAN_PEPPER_ROOT;12948;13;12946;20;;;12954;13;12956;17;;;12951.0;0.0
bear_normal_s1;26000;ASH_COATED_OSMIUM;9997;23;9994;19;;;10011;14;10013;21;;;10004.0;0.0
bear_normal_s1;26100;INTARIAN_PEPPER_ROOT;12931;23;12929;12;;;12965;11;12967;21;;;12948.0;0.0
bear_normal_s1;26100;ASH_COATED_OSMIUM;9982;9;9980;25;;;10024;20;10026;24;;;10003.0;0.0
bear_normal_s1;26200;INTARIAN_PEPPER_ROOT;12948;23;12945;21;;;12952;19;12955;21;;;12950.0;0.0
bear_normal_s1;26200;ASH_COATED_OSMIUM;9995;12;9993;20;;;10005;15;10008;10;;;10000.0;0.0
bear_normal_s1;26300;INTARIAN_PEPPER_ROOT;12942;16;12939;27;;;12954;17;12957;21;;;12948.0;0.0
bear_normal_s1;26300;ASH_COATED_OSMIUM;9995;17;9993;23;;;10001;10;10004;13;;;9998.0;0.0
bear_normal_s1;26400;INTARIAN_PEPPER_ROOT;12943;20;12941;12;;;12953;20;12957;19;;;12948.0;0.0
bear_normal_s1;26400;ASH_COATED_OSMIUM;9994;12;9991;20;;;10000;10;10003;9;;;9997.0;0.0
bear_normal_s1;26500;INTARIAN_PEPPER_ROOT;12940;19;12937;15;;;12958;8;12961;19;;;12949.0;0.0
bear_normal_s1;26500;ASH_COATED_OSMIUM;9987;13;9985;18;;;9993;20;9995;13;;;9990.0;0.0
bear_normal_s1;26600;INTARIAN_PEPPER_ROOT;12949;18;12947;22;;;12951;17;12953;26;;;12950.0;0.0
bear_normal_s1;26600;ASH_COATED_OSMIUM;9966;14;9963;14;;;10010;15;10012;27;;;9988.0;0.0
bear_normal_s1;26700;INTARIAN_PEPPER_ROOT;12946;16;12942;23;;;12952;16;12954;21;;;12949.0;0.0
bear_normal_s1;26700;ASH_COATED_OSMIUM;9983;19;9979;20;;;9985;9;9989;25;;;9984.0;0.0
bear_normal_s1;26800;INTARIAN_PEPPER_ROOT;12948;18;12944;19;;;12952;13;12956;16;;;12950.0;0.0
bear_normal_s1;26800;ASH_COATED_OSMIUM;9966;18;9963;24;;;10006;16;10010;23;;;9986.0;0.0
bear_normal_s1;26900;INTARIAN_PEPPER_ROOT;12941;15;12938;22;;;12957;17;12959;18;;;12949.0;0.0
bear_normal_s1;26900;ASH_COATED_OSMIUM;9967;16;9965;25;;;10017;20;10021;23;;;9992.0;0.0
bear_normal_s1;27000;INTARIAN_PEPPER_ROOT;12938;16;12936;20;;;12960;15;12962;11;;;12949.0;0.0
bear_normal_s1;27000;ASH_COATED_OSMIUM;9982;19;9979;31;;;9998;16;10002;14;;;9990.0;0.0
bear_normal_s1;27100;INTARIAN_PEPPER_ROOT;12951;14;12949;18;;;12953;15;12957;24;;;12952.0;0.0
bear_normal_s1;27100;ASH_COATED_OSMIUM;9984;15;9982;21;;;9994;11;9997;13;;;9989.0;0.0
bear_normal_s1;27200;INTARIAN_PEPPER_ROOT;12951;19;12948;17;;;12953;7;12956;14;;;12952.0;0.0
bear_normal_s1;27200;ASH_COATED_OSMIUM;9983;19;9980;18;;;9995;19;9999;20;;;9989.0;0.0
bear_normal_s1;27300;INTARIAN_PEPPER_ROOT;12950;10;12947;17;;;12956;11;12959;24;;;12953.0;0.0
bear_normal_s1;27300;ASH_COATED_OSMIUM;9967;13;9963;27;;;10017;17;10021;20;;;9992.0;0.0
bear_normal_s1;27400;INTARIAN_PEPPER_ROOT;12950;18;12947;25;;;12954;11;12958;19;;;12952.0;0.0
bear_normal_s1;27400;ASH_COATED_OSMIUM;9986;12;9984;28;;;9996;16;9999;22;;;9991.0;0.0
bear_normal_s1;27500;INTARIAN_PEPPER_ROOT;12948;14;12946;17;;;12952;14;12956;21;;;12950.0;0.0
bear_normal_s1;27500;ASH_COATED_OSMIUM;9991;11;9988;22;;;10003;13;10006;18;;;9997.0;0.0
bear_normal_s1;27600;INTARIAN_PEPPER_ROOT;12941;25;12939;12;;;12955;14;12959;13;;;12948.0;0.0
bear_normal_s1;27600;ASH_COATED_OSMIUM;9988;20;9986;13;;;9998;13;10000;28;;;9993.0;0.0
bear_normal_s1;27700;INTARIAN_PEPPER_ROOT;12948;27;12945;27;;;12950;21;12954;25;;;12949.0;0.0
bear_normal_s1;27700;ASH_COATED_OSMIUM;9985;16;9982;24;;;10003;12;10005;22;;;9994.0;0.0
bear_normal_s1;27800;INTARIAN_PEPPER_ROOT;12946;22;12942;21;;;12952;17;12955;19;;;12949.0;0.0
bear_normal_s1;27800;ASH_COATED_OSMIUM;9989;5;9986;22;;;9991;16;9994;18;;;9990.0;0.0
bear_normal_s1;27900;INTARIAN_PEPPER_ROOT;12944;24;12940;15;;;12958;20;12960;17;;;12951.0;0.0
bear_normal_s1;27900;ASH_COATED_OSMIUM;9980;15;9977;13;;;9998;14;10002;25;;;9989.0;0.0
bear_normal_s1;28000;INTARIAN_PEPPER_ROOT;12948;24;12945;17;;;12950;14;12952;22;;;12949.0;0.0
bear_normal_s1;28000;ASH_COATED_OSMIUM;9988;13;9985;25;;;9990;17;9994;26;;;9989.0;0.0
bear_normal_s1;28100;INTARIAN_PEPPER_ROOT;12947;5;12945;8;;;12949;15;12952;17;;;12948.0;0.0
bear_normal_s1;28100;ASH_COATED_OSMIUM;9993;19;9991;20;;;9995;14;9999;26;;;9994.0;0.0
bear_normal_s1;28200;INTARIAN_PEPPER_ROOT;12926;14;12923;20;;;12970;7;12972;10;;;12948.0;0.0
bear_normal_s1;28200;ASH_COATED_OSMIUM;9984;15;9980;12;;;10000;17;10004;24;;;9992.0;0.0
bear_normal_s1;28300;INTARIAN_PEPPER_ROOT;12944;8;12942;22;;;12954;14;12956;14;;;12949.0;0.0
bear_normal_s1;28300;ASH_COATED_OSMIUM;9988;14;9986;18;;;9998;18;10002;27;;;9993.0;0.0
bear_normal_s1;28400;INTARIAN_PEPPER_ROOT;12946;14;12944;23;;;12950;19;12953;20;;;12948.0;0.0
bear_normal_s1;28400;ASH_COATED_OSMIUM;9992;11;9988;14;;;9996;11;9998;18;;;9994.0;0.0
bear_normal_s1;28500;INTARIAN_PEPPER_ROOT;12943;17;12940;25;;;12955;17;12958;24;;;12949.0;0.0
bear_normal_s1;28500;ASH_COATED_OSMIUM;9995;20;9991;15;;;9997;14;10000;18;;;9996.0;0.0
bear_normal_s1;28600;INTARIAN_PEPPER_ROOT;12946;14;12942;11;;;12950;9;12953;18;;;12948.0;0.0
bear_normal_s1;28600;ASH_COATED_OSMIUM;9992;15;9990;17;;;10000;13;10002;15;;;9996.0;0.0
bear_normal_s1;28700;INTARIAN_PEPPER_ROOT;12946;23;12943;22;;;12950;11;12952;18;;;12948.0;0.0
bear_normal_s1;28700;ASH_COATED_OSMIUM;9989;19;9986;26;;;10005;12;10009;31;;;9997.0;0.0
bear_normal_s1;28800;INTARIAN_PEPPER_ROOT;12936;12;12933;28;;;12956;16;12960;20;;;12946.0;0.0
bear_normal_s1;28800;ASH_COATED_OSMIUM;9985;14;9983;21;;;10009;17;10013;22;;;9997.0;0.0
bear_normal_s1;28900;INTARIAN_PEPPER_ROOT;12939;5;12937;18;;;12953;14;12955;18;;;12946.0;0.0
bear_normal_s1;28900;ASH_COATED_OSMIUM;9973;7;9971;18;;;10019;13;10022;27;;;9996.0;0.0
bear_normal_s1;29000;INTARIAN_PEPPER_ROOT;12937;23;12935;26;;;12955;8;12958;26;;;12946.0;0.0
bear_normal_s1;29000;ASH_COATED_OSMIUM;9984;6;9982;16;;;10004;5;10006;28;;;9994.0;0.0
bear_normal_s1;29100;INTARIAN_PEPPER_ROOT;12944;10;12941;19;;;12948;22;12951;16;;;12946.0;0.0
bear_normal_s1;29100;ASH_COATED_OSMIUM;9977;10;9974;17;;;10013;16;10016;28;;;9995.0;0.0
bear_normal_s1;29200;INTARIAN_PEPPER_ROOT;12939;15;12935;28;;;12951;13;12954;21;;;12945.0;0.0
bear_normal_s1;29200;ASH_COATED_OSMIUM;9996;5;9994;24;;;9998;8;10002;19;;;9997.0;0.0
bear_normal_s1;29300;INTARIAN_PEPPER_ROOT;12941;9;12938;23;;;12947;11;12951;25;;;12944.0;0.0
bear_normal_s1;29300;ASH_COATED_OSMIUM;9996;13;9994;22;;;9998;22;10000;18;;;9997.0;0.0
bear_normal_s1;29400;INTARIAN_PEPPER_ROOT;12943;21;12939;20;;;12945;6;12947;10;;;12944.0;0.0
bear_normal_s1;29400;ASH_COATED_OSMIUM;9983;12;9979;18;;;10005;10;10009;15;;;9994.0;0.0
bear_normal_s1;29500;INTARIAN_PEPPER_ROOT;12938;19;12935;8;;;12948;6;12951;12;;;12943.0;0.0
bear_normal_s1;29500;ASH_COATED_OSMIUM;9989;9;9987;17;;;10009;19;10013;13;;;9999.0;0.0
bear_normal_s1;29600;INTARIAN_PEPPER_ROOT;12922;18;12919;11;;;12966;9;12968;16;;;12944.0;0.0
bear_normal_s1;29600;ASH_COATED_OSMIUM;9989;11;9985;30;;;10011;12;10015;14;;;10000.0;0.0
bear_normal_s1;29700;INTARIAN_PEPPER_ROOT;12937;20;12934;18;;;12951;15;12955;21;;;12944.0;0.0
bear_normal_s1;29700;ASH_COATED_OSMIUM;9996;11;9993;16;;;10004;9;10006;14;;;10000.0;0.0
bear_normal_s1;29800;INTARIAN_PEPPER_ROOT;12937;12;12935;21;;;12949;13;12953;14;;;12943.0;0.0
bear_normal_s1;29800;ASH_COATED_OSMIUM;10000;9;9998;26;;;10004;9;10008;14;;;10002.0;0.0
bear_normal_s1;29900;INTARIAN_PEPPER_ROOT;12942;13;12938;17;;;12944;11;12946;21;;;12943.0;0.0
bear_normal_s1;29900;ASH_COATED_OSMIUM;9965;7;9962;18;;;10035;10;10037;13;;;10000.0;0.0
bear_normal_s1;30000;INTARIAN_PEPPER_ROOT;12944;9;12940;16;;;12948;17;12952;16;;;12946.0;0.0
bear_normal_s1;30000;ASH_COATED_OSMIUM;9974;5;9971;13;;;10012;5;10014;18;;;9993.0;0.0
bear_normal_s1;30100;INTARIAN_PEPPER_ROOT;12936;10;12934;22;;;12952;9;12955;28;;;12944.0;0.0
bear_normal_s1;30100;ASH_COATED_OSMIUM;9992;20;9990;28;;;9996;10;9998;15;;;9994.0;0.0
bear_normal_s1;30200;INTARIAN_PEPPER_ROOT;12937;17;12934;19;;;12947;11;12951;20;;;12942.0;0.0
bear_normal_s1;30200;ASH_COATED_OSMIUM;9990;15;9986;9;;;10006;16;10010;18;;;9998.0;0.0
bear_normal_s1;30300;INTARIAN_PEPPER_ROOT;12934;20;12932;16;;;12946;18;12950;11;;;12940.0;0.0
bear_normal_s1;30300;ASH_COATED_OSMIUM;9994;12;9992;22;;;10002;6;10006;20;;;9998.0;0.0
bear_normal_s1;30400;INTARIAN_PEPPER_ROOT;12933;13;12931;28;;;12947;26;12949;22;;;12940.0;0.0
bear_normal_s1;30400;ASH_COATED_OSMIUM;9990;7;9988;13;;;9998;15;10000;17;;;9994.0;0.0
bear_normal_s1;30500;INTARIAN_PEPPER_ROOT;12941;9;12938;18;;;12943;17;12945;24;;;12942.0;0.0
bear_normal_s1;30500;ASH_COATED_OSMIUM;9979;13;9976;22;;;10007;11;10009;19;;;9993.0;0.0
bear_normal_s1;30600;INTARIAN_PEPPER_ROOT;12939;14;12937;13;;;12945;13;12947;18;;;12942.0;0.0
bear_normal_s1;30600;ASH_COATED_OSMIUM;9977;22;9974;20;;;10001;20;10004;20;;;9989.0;0.0
bear_normal_s1;30700;INTARIAN_PEPPER_ROOT;12933;20;12929;29;;;12949;22;12951;19;;;12941.0;0.0
bear_normal_s1;30700;ASH_COATED_OSMIUM;9978;18;9976;19;;;10000;11;10004;25;;;9989.0;0.0
bear_normal_s1;30800;INTARIAN_PEPPER_ROOT;12934;18;12932;21;;;12948;20;12950;30;;;12941.0;0.0
bear_normal_s1;30800;ASH_COATED_OSMIUM;9990;17;9986;25;;;9992;15;9995;23;;;9991.0;0.0
bear_normal_s1;30900;INTARIAN_PEPPER_ROOT;12938;16;12936;19;;;12942;10;12946;16;;;12940.0;0.0
bear_normal_s1;30900;ASH_COATED_OSMIUM;9984;19;9982;23;;;9998;5;10002;16;;;9991.0;0.0
bear_normal_s1;31000;INTARIAN_PEPPER_ROOT;12921;11;12917;13;;;12961;11;12964;20;;;12941.0;0.0
bear_normal_s1;31000;ASH_COATED_OSMIUM;9996;16;9992;19;;;9998;16;10000;17;;;9997.0;0.0
bear_normal_s1;31100;INTARIAN_PEPPER_ROOT;12937;5;12935;20;;;12945;16;12948;19;;;12941.0;0.0
bear_normal_s1;31100;ASH_COATED_OSMIUM;10002;21;9998;14;;;10004;20;10006;16;;;10003.0;0.0
bear_normal_s1;31200;INTARIAN_PEPPER_ROOT;12939;14;12937;12;;;12947;7;12949;14;;;12943.0;0.0
bear_normal_s1;31200;ASH_COATED_OSMIUM;9986;6;9982;19;;;10014;10;10017;26;;;10000.0;0.0
bear_normal_s1;31300;INTARIAN_PEPPER_ROOT;12941;18;12938;14;;;12943;10;12945;22;;;12942.0;0.0
bear_normal_s1;31300;ASH_COATED_OSMIUM;9995;9;9991;23;;;10009;19;10011;21;;;10002.0;0.0
bear_normal_s1;31400;INTARIAN_PEPPER_ROOT;12913;19;12911;20;;;12979;17;12983;15;;;12946.0;0.0
bear_normal_s1;31400;ASH_COATED_OSMIUM;9998;9;9996;24;;;10000;21;10004;13;;;9999.0;0.0
bear_normal_s1;31500;INTARIAN_PEPPER_ROOT;12937;13;12935;22;;;12955;18;12958;15;;;12946.0;0.0
bear_normal_s1;31500;ASH_COATED_OSMIUM;9996;13;9992;29;;;9998;9;10002;18;;;9997.0;0.0
bear_normal_s1;31600;INTARIAN_PEPPER_ROOT;12930;15;12928;21;;;12966;16;12970;28;;;12948.0;0.0
bear_normal_s1;31600;ASH_COATED_OSMIUM;9981;20;9978;18;;;10023;17;10025;19;;;10002.0;0.0
bear_normal_s1;31700;INTARIAN_PEPPER_ROOT;12929;17;12927;24;;;12967;5;12971;29;;;12948.0;0.0
bear_normal_s1;31700;ASH_COATED_OSMIUM;10004;9;10000;26;;;10010;5;10012;13;;;10007.0;0.0
bear_normal_s1;31800;INTARIAN_PEPPER_ROOT;12942;14;12938;25;;;12950;11;12954;16;;;12946.0;0.0
bear_normal_s1;31800;ASH_COATED_OSMIUM;10003;7;10000;20;;;10009;19;10012;20;;;10006.0;0.0
bear_normal_s1;31900;INTARIAN_PEPPER_ROOT;12933;12;12931;21;;;12957;13;12959;23;;;12945.0;0.0
bear_normal_s1;31900;ASH_COATED_OSMIUM;9998;6;9996;25;;;10010;10;10013;28;;;10004.0;0.0
bear_normal_s1;32000;INTARIAN_PEPPER_ROOT;12943;13;12941;21;;;12945;11;12948;13;;;12944.0;0.0
bear_normal_s1;32000;ASH_COATED_OSMIUM;10004;11;10002;15;;;10008;10;10011;15;;;10006.0;0.0
bear_normal_s1;32100;INTARIAN_PEPPER_ROOT;12940;20;12936;20;;;12942;22;12944;23;;;12941.0;0.0
bear_normal_s1;32100;ASH_COATED_OSMIUM;10002;7;9998;26;;;10010;9;10014;17;;;10006.0;0.0
bear_normal_s1;32200;INTARIAN_PEPPER_ROOT;12939;19;12936;27;;;12947;10;12949;21;;;12943.0;0.0
bear_normal_s1;32200;ASH_COATED_OSMIUM;10006;16;10003;18;;;10008;12;10012;15;;;10007.0;0.0
bear_normal_s1;32300;INTARIAN_PEPPER_ROOT;12932;15;12928;24;;;12950;9;12954;19;;;12941.0;0.0
bear_normal_s1;32300;ASH_COATED_OSMIUM;9994;19;9990;18;;;10012;5;10015;20;;;10003.0;0.0
bear_normal_s1;32400;INTARIAN_PEPPER_ROOT;12935;14;12933;22;;;12947;20;12951;21;;;12941.0;0.0
bear_normal_s1;32400;ASH_COATED_OSMIUM;9998;8;9994;23;;;10006;12;10009;14;;;10002.0;0.0
bear_normal_s1;32500;INTARIAN_PEPPER_ROOT;12932;10;12928;22;;;12954;21;12957;26;;;12943.0;0.0
bear_normal_s1;32500;ASH_COATED_OSMIUM;9999;16;9996;21;;;10011;7;10013;23;;;10005.0;0.0
bear_normal_s1;32600;INTARIAN_PEPPER_ROOT;12939;13;12935;17;;;12943;12;12945;25;;;12941.0;0.0
bear_normal_s1;32600;ASH_COATED_OSMIUM;10002;15;10000;16;;;10004;5;10008;17;;;10003.0;0.0
bear_normal_s1;32700;INTARIAN_PEPPER_ROOT;12939;7;12935;23;;;12945;10;12947;27;;;12942.0;0.0
bear_normal_s1;32700;ASH_COATED_OSMIUM;9999;20;9996;16;;;10001;13;10005;14;;;10000.0;0.0
bear_normal_s1;32800;INTARIAN_PEPPER_ROOT;12938;20;12935;24;;;12946;15;12948;16;;;12942.0;0.0
bear_normal_s1;32800;ASH_COATED_OSMIUM;9989;12;9986;22;;;10017;15;10020;25;;;10003.0;0.0
bear_normal_s1;32900;INTARIAN_PEPPER_ROOT;12942;9;12938;21;;;12944;29;12946;27;;;12943.0;0.0
bear_normal_s1;32900;ASH_COATED_OSMIUM;10005;12;10001;20;;;10007;16;10009;22;;;10006.0;0.0
bear_normal_s1;33000;INTARIAN_PEPPER_ROOT;12943;14;12940;27;;;12945;10;12948;21;;;12944.0;0.0
bear_normal_s1;33000;ASH_COATED_OSMIUM;9987;14;9984;29;;;10013;12;10017;23;;;10000.0;0.0
bear_normal_s1;33100;INTARIAN_PEPPER_ROOT;12943;12;12940;15;;;12947;16;12949;13;;;12945.0;0.0
bear_normal_s1;33100;ASH_COATED_OSMIUM;9980;18;9977;20;;;10016;23;10020;17;;;9998.0;0.0
bear_normal_s1;33200;INTARIAN_PEPPER_ROOT;12928;8;12924;11;;;12958;20;12960;13;;;12943.0;0.0
bear_normal_s1;33200;ASH_COATED_OSMIUM;9983;14;9979;8;;;10017;14;10020;15;;;10000.0;0.0
bear_normal_s1;33300;INTARIAN_PEPPER_ROOT;12942;14;12940;12;;;12944;18;12947;23;;;12943.0;0.0
bear_normal_s1;33300;ASH_COATED_OSMIUM;9975;19;9972;24;;;10021;10;10024;20;;;9998.0;0.0
bear_normal_s1;33400;INTARIAN_PEPPER_ROOT;12944;14;12941;8;;;12946;7;12948;20;;;12945.0;0.0
bear_normal_s1;33400;ASH_COATED_OSMIUM;9992;11;9989;21;;;10004;14;10006;23;;;9998.0;0.0
bear_normal_s1;33500;INTARIAN_PEPPER_ROOT;12941;21;12938;23;;;12947;13;12950;13;;;12944.0;0.0
bear_normal_s1;33500;ASH_COATED_OSMIUM;9998;11;9996;25;;;10002;5;10005;23;;;10000.0;0.0
bear_normal_s1;33600;INTARIAN_PEPPER_ROOT;12931;17;12927;26;;;12949;18;12951;17;;;12940.0;0.0
bear_normal_s1;33600;ASH_COATED_OSMIUM;9999;9;9995;23;;;10003;5;10006;20;;;10001.0;0.0
bear_normal_s1;33700;INTARIAN_PEPPER_ROOT;12933;13;12931;18;;;12941;5;12945;15;;;12937.0;0.0
bear_normal_s1;33700;ASH_COATED_OSMIUM;9983;15;9981;24;;;10017;11;10019;15;;;10000.0;0.0
bear_normal_s1;33800;INTARIAN_PEPPER_ROOT;12916;17;12913;24;;;12950;10;12953;26;;;12933.0;0.0
bear_normal_s1;33800;ASH_COATED_OSMIUM;9983;11;9980;21;;;10015;11;10019;21;;;9999.0;0.0
bear_normal_s1;33900;INTARIAN_PEPPER_ROOT;12926;18;12922;15;;;12932;18;12935;21;;;12929.0;0.0
bear_normal_s1;33900;ASH_COATED_OSMIUM;9957;14;9954;17;;;10051;10;10054;18;;;10004.0;0.0
bear_normal_s1;34000;INTARIAN_PEPPER_ROOT;12923;22;12920;14;;;12933;7;12935;25;;;12928.0;0.0
bear_normal_s1;34000;ASH_COATED_OSMIUM;10000;12;9998;16;;;10002;18;10005;23;;;10001.0;0.0
bear_normal_s1;34100;INTARIAN_PEPPER_ROOT;12925;14;12923;21;;;12935;15;12939;23;;;12930.0;0.0
bear_normal_s1;34100;ASH_COATED_OSMIUM;9993;14;9990;16;;;10015;6;10018;32;;;10004.0;0.0
bear_normal_s1;34200;INTARIAN_PEPPER_ROOT;12927;16;12924;15;;;12931;19;12935;12;;;12929.0;0.0
bear_normal_s1;34200;ASH_COATED_OSMIUM;10008;16;10004;23;;;10016;6;10020;13;;;10012.0;0.0
bear_normal_s1;34300;INTARIAN_PEPPER_ROOT;12921;18;12917;11;;;12937;16;12941;17;;;12929.0;0.0
bear_normal_s1;34300;ASH_COATED_OSMIUM;10009;17;10006;20;;;10019;7;10022;16;;;10014.0;0.0
bear_normal_s1;34400;INTARIAN_PEPPER_ROOT;12928;14;12926;15;;;12930;16;12932;16;;;12929.0;0.0
bear_normal_s1;34400;ASH_COATED_OSMIUM;9999;16;9996;32;;;10039;21;10043;24;;;10019.0;0.0
bear_normal_s1;34500;INTARIAN_PEPPER_ROOT;12918;18;12914;26;;;12940;22;12942;28;;;12929.0;0.0
bear_normal_s1;34500;ASH_COATED_OSMIUM;10017;10;10013;19;;;10021;8;10024;15;;;10019.0;0.0
bear_normal_s1;34600;INTARIAN_PEPPER_ROOT;12926;23;12923;19;;;12930;15;12932;16;;;12928.0;0.0
bear_normal_s1;34600;ASH_COATED_OSMIUM;10006;14;10003;14;;;10020;19;10023;27;;;10013.0;0.0
bear_normal_s1;34700;INTARIAN_PEPPER_ROOT;12927;16;12924;18;;;12929;8;12931;24;;;12928.0;0.0
bear_normal_s1;34700;ASH_COATED_OSMIUM;10012;15;10009;24;;;10014;9;10018;12;;;10013.0;0.0
bear_normal_s1;34800;INTARIAN_PEPPER_ROOT;12926;17;12923;17;;;12930;17;12934;34;;;12928.0;0.0
bear_normal_s1;34800;ASH_COATED_OSMIUM;9997;16;9994;16;;;10029;17;10033;9;;;10013.0;0.0
bear_normal_s1;34900;INTARIAN_PEPPER_ROOT;12918;12;12914;25;;;12934;22;12938;20;;;12926.0;0.0
bear_normal_s1;34900;ASH_COATED_OSMIUM;10017;17;10014;20;;;10019;6;10023;19;;;10018.0;0.0
bear_normal_s1;35000;INTARIAN_PEPPER_ROOT;12926;20;12924;17;;;12928;19;12930;19;;;12927.0;0.0
bear_normal_s1;35000;ASH_COATED_OSMIUM;10016;17;10014;17;;;10020;9;10024;14;;;10018.0;0.0
bear_normal_s1;35100;INTARIAN_PEPPER_ROOT;12927;18;12924;23;;;12929;16;12933;8;;;12928.0;0.0
bear_normal_s1;35100;ASH_COATED_OSMIUM;10011;12;10007;26;;;10027;12;10029;19;;;10019.0;0.0
bear_normal_s1;35200;INTARIAN_PEPPER_ROOT;12927;18;12923;18;;;12929;14;12931;22;;;12928.0;0.0
bear_normal_s1;35200;ASH_COATED_OSMIUM;9989;11;9986;9;;;10047;7;10049;17;;;10018.0;0.0
bear_normal_s1;35300;INTARIAN_PEPPER_ROOT;12922;11;12919;20;;;12936;19;12939;23;;;12929.0;0.0
bear_normal_s1;35300;ASH_COATED_OSMIUM;10016;20;10014;21;;;10018;5;10022;20;;;10017.0;0.0
bear_normal_s1;35400;INTARIAN_PEPPER_ROOT;12918;20;12916;16;;;12936;5;12939;20;;;12927.0;0.0
bear_normal_s1;35400;ASH_COATED_OSMIUM;9997;10;9993;13;;;10041;11;10045;16;;;10019.0;0.0
bear_normal_s1;35500;INTARIAN_PEPPER_ROOT;12920;13;12918;20;;;12932;11;12934;24;;;12926.0;0.0
bear_normal_s1;35500;ASH_COATED_OSMIUM;9999;15;9996;23;;;10039;18;10043;21;;;10019.0;0.0
bear_normal_s1;35600;INTARIAN_PEPPER_ROOT;12922;5;12919;12;;;12930;10;12932;21;;;12926.0;0.0
bear_normal_s1;35600;ASH_COATED_OSMIUM;10008;11;10004;12;;;10022;11;10024;19;;;10015.0;0.0
bear_normal_s1;35700;INTARIAN_PEPPER_ROOT;12913;5;12909;26;;;12937;18;12940;16;;;12925.0;0.0
bear_normal_s1;35700;ASH_COATED_OSMIUM;10015;9;10012;15;;;10017;17;10019;17;;;10016.0;0.0
bear_normal_s1;35800;INTARIAN_PEPPER_ROOT;12923;13;12919;19;;;12925;17;12927;23;;;12924.0;0.0
bear_normal_s1;35800;ASH_COATED_OSMIUM;10011;15;10007;18;;;10019;18;10021;23;;;10015.0;0.0
bear_normal_s1;35900;INTARIAN_PEPPER_ROOT;12918;17;12915;17;;;12928;21;12931;26;;;12923.0;0.0
bear_normal_s1;35900;ASH_COATED_OSMIUM;9987;13;9983;17;;;10047;12;10050;13;;;10017.0;0.0
bear_normal_s1;36000;INTARIAN_PEPPER_ROOT;12907;16;12903;15;;;12937;10;12941;14;;;12922.0;0.0
bear_normal_s1;36000;ASH_COATED_OSMIUM;10013;12;10011;19;;;10017;12;10019;19;;;10015.0;0.0
bear_normal_s1;36100;INTARIAN_PEPPER_ROOT;12922;7;12920;18;;;12924;14;12927;18;;;12923.0;0.0
bear_normal_s1;36100;ASH_COATED_OSMIUM;9966;6;9962;16;;;10054;6;10057;29;;;10010.0;0.0
bear_normal_s1;36200;INTARIAN_PEPPER_ROOT;12916;27;12912;16;;;12924;14;12928;27;;;12920.0;0.0
bear_normal_s1;36200;ASH_COATED_OSMIUM;9994;16;9990;24;;;10028;12;10031;23;;;10011.0;0.0
bear_normal_s1;36300;INTARIAN_PEPPER_ROOT;12919;10;12915;20;;;12921;19;12925;23;;;12920.0;0.0
bear_normal_s1;36300;ASH_COATED_OSMIUM;10005;8;10001;17;;;10007;13;10011;26;;;10006.0;0.0
bear_normal_s1;36400;INTARIAN_PEPPER_ROOT;12919;10;12915;24;;;12921;16;12923;24;;;12920.0;0.0
bear_normal_s1;36400;ASH_COATED_OSMIUM;10007;11;10003;21;;;10009;11;10013;24;;;10008.0;0.0
bear_normal_s1;36500;INTARIAN_PEPPER_ROOT;12902;17;12899;25;;;12938;14;12942;20;;;12920.0;0.0
bear_normal_s1;36500;ASH_COATED_OSMIUM;9985;12;9983;17;;;10025;13;10028;26;;;10005.0;0.0
bear_normal_s1;36600;INTARIAN_PEPPER_ROOT;12920;16;12918;20;;;12922;17;12924;22;;;12921.0;0.0
bear_normal_s1;36600;ASH_COATED_OSMIUM;9997;14;9995;18;;;10003;8;10005;22;;;10000.0;0.0
bear_normal_s1;36700;INTARIAN_PEPPER_ROOT;12911;18;12907;16;;;12923;14;12927;27;;;12917.0;0.0
bear_normal_s1;36700;ASH_COATED_OSMIUM;9993;13;9989;28;;;10011;11;10013;21;;;10002.0;0.0
bear_normal_s1;36800;INTARIAN_PEPPER_ROOT;12911;16;12907;22;;;12923;19;12926;15;;;12917.0;0.0
bear_normal_s1;36800;ASH_COATED_OSMIUM;9990;7;9987;20;;;10014;8;10017;21;;;10002.0;0.0
bear_normal_s1;36900;INTARIAN_PEPPER_ROOT;12906;12;12903;23;;;12928;16;12930;23;;;12917.0;0.0
bear_normal_s1;36900;ASH_COATED_OSMIUM;9986;8;9982;16;;;10012;11;10014;15;;;9999.0;0.0
bear_normal_s1;37000;INTARIAN_PEPPER_ROOT;12915;19;12913;24;;;12919;12;12922;23;;;12917.0;0.0
bear_normal_s1;37000;ASH_COATED_OSMIUM;10000;14;9998;27;;;10004;23;10008;24;;;10002.0;0.0
bear_normal_s1;37100;INTARIAN_PEPPER_ROOT;12915;16;12911;16;;;12917;9;12919;14;;;12916.0;0.0
bear_normal_s1;37100;ASH_COATED_OSMIUM;9984;20;9982;8;;;9998;5;10002;11;;;9991.0;0.0
bear_normal_s1;37200;INTARIAN_PEPPER_ROOT;12902;14;12900;16;;;12930;14;12934;24;;;12916.0;0.0
bear_normal_s1;37200;ASH_COATED_OSMIUM;9980;23;9977;16;;;10000;13;10003;27;;;9990.0;0.0
bear_normal_s1;37300;INTARIAN_PEPPER_ROOT;12910;13;12906;15;;;12920;15;12923;29;;;12915.0;0.0
bear_normal_s1;37300;ASH_COATED_OSMIUM;9974;12;9972;18;;;10002;18;10005;17;;;9988.0;0.0
bear_normal_s1;37400;INTARIAN_PEPPER_ROOT;12907;15;12904;27;;;12929;9;12932;22;;;12918.0;0.0
bear_normal_s1;37400;ASH_COATED_OSMIUM;9957;9;9955;9;;;10021;11;10024;20;;;9989.0;0.0
bear_normal_s1;37500;INTARIAN_PEPPER_ROOT;12915;12;12913;21;;;12923;12;12925;22;;;12919.0;0.0
bear_normal_s1;37500;ASH_COATED_OSMIUM;9982;7;9978;23;;;9992;8;9994;18;;;9987.0;0.0
bear_normal_s1;37600;INTARIAN_PEPPER_ROOT;12918;7;12914;16;;;12926;12;12930;22;;;12922.0;0.0
bear_normal_s1;37600;ASH_COATED_OSMIUM;9980;19;9978;17;;;10000;10;10002;18;;;9990.0;0.0
bear_normal_s1;37700;INTARIAN_PEPPER_ROOT;12919;5;12915;23;;;12921;11;12925;15;;;12920.0;0.0
bear_normal_s1;37700;ASH_COATED_OSMIUM;9988;6;9986;20;;;9994;6;9998;14;;;9991.0;0.0
bear_normal_s1;37800;INTARIAN_PEPPER_ROOT;12916;12;12913;16;;;12918;13;12920;14;;;12917.0;0.0
bear_normal_s1;37800;ASH_COATED_OSMIUM;9985;11;9982;21;;;9997;22;10000;21;;;9991.0;0.0
bear_normal_s1;37900;INTARIAN_PEPPER_ROOT;12917;14;12915;24;;;12919;28;12922;16;;;12918.0;0.0
bear_normal_s1;37900;ASH_COATED_OSMIUM;9989;15;9985;13;;;9999;27;10001;20;;;9994.0;0.0
bear_normal_s1;38000;INTARIAN_PEPPER_ROOT;12905;18;12903;15;;;12933;11;12937;14;;;12919.0;0.0
bear_normal_s1;38000;ASH_COATED_OSMIUM;9988;19;9986;26;;;10004;13;10008;14;;;9996.0;0.0
bear_normal_s1;38100;INTARIAN_PEPPER_ROOT;12913;13;12909;24;;;12923;17;12927;22;;;12918.0;0.0
bear_normal_s1;38100;ASH_COATED_OSMIUM;9986;11;9982;14;;;10004;13;10008;22;;;9995.0;0.0
bear_normal_s1;38200;INTARIAN_PEPPER_ROOT;12909;24;12905;18;;;12923;5;12926;19;;;12916.0;0.0
bear_normal_s1;38200;ASH_COATED_OSMIUM;9995;17;9991;24;;;9997;9;10000;17;;;9996.0;0.0
bear_normal_s1;38300;INTARIAN_PEPPER_ROOT;12914;12;12912;18;;;12916;23;12920;18;;;12915.0;0.0
bear_normal_s1;38300;ASH_COATED_OSMIUM;9994;9;9992;23;;;9996;10;9998;21;;;9995.0;0.0
bear_normal_s1;38400;INTARIAN_PEPPER_ROOT;12907;8;12905;23;;;12925;15;12929;22;;;12916.0;0.0
bear_normal_s1;38400;ASH_COATED_OSMIUM;10001;15;9998;20;;;10003;8;10005;11;;;10002.0;0.0
bear_normal_s1;38500;INTARIAN_PEPPER_ROOT;12912;16;12908;10;;;12918;10;12921;8;;;12915.0;0.0
bear_normal_s1;38500;ASH_COATED_OSMIUM;9987;15;9983;24;;;10009;12;10011;23;;;9998.0;0.0
bear_normal_s1;38600;INTARIAN_PEPPER_ROOT;12896;11;12893;19;;;12934;19;12936;22;;;12915.0;0.0
bear_normal_s1;38600;ASH_COATED_OSMIUM;9998;15;9995;19;;;10006;17;10008;16;;;10002.0;0.0
bear_normal_s1;38700;INTARIAN_PEPPER_ROOT;12894;19;12892;15;;;12934;14;12938;18;;;12914.0;0.0
bear_normal_s1;38700;ASH_COATED_OSMIUM;10001;19;9998;33;;;10003;6;10007;12;;;10002.0;0.0
bear_normal_s1;38800;INTARIAN_PEPPER_ROOT;12912;9;12908;28;;;12914;13;12918;16;;;12913.0;0.0
bear_normal_s1;38800;ASH_COATED_OSMIUM;9993;9;9990;15;;;10007;8;10011;17;;;10000.0;0.0
bear_normal_s1;38900;INTARIAN_PEPPER_ROOT;12907;21;12903;17;;;12917;11;12920;25;;;12912.0;0.0
bear_normal_s1;38900;ASH_COATED_OSMIUM;9993;18;9991;20;;;10007;12;10010;11;;;10000.0;0.0
bear_normal_s1;39000;INTARIAN_PEPPER_ROOT;12905;20;12901;22;;;12913;16;12917;17;;;12909.0;0.0
bear_normal_s1;39000;ASH_COATED_OSMIUM;9996;16;9992;21;;;9998;5;10000;26;;;9997.0;0.0
bear_normal_s1;39100;INTARIAN_PEPPER_ROOT;12904;16;12900;26;;;12918;8;12920;23;;;12911.0;0.0
bear_normal_s1;39100;ASH_COATED_OSMIUM;9994;19;9990;8;;;10004;9;10008;23;;;9999.0;0.0
bear_normal_s1;39200;INTARIAN_PEPPER_ROOT;12898;10;12895;10;;;12922;14;12924;18;;;12910.0;0.0
bear_normal_s1;39200;ASH_COATED_OSMIUM;9990;10;9986;21;;;10004;19;10006;18;;;9997.0;0.0
bear_normal_s1;39300;INTARIAN_PEPPER_ROOT;12902;6;12900;29;;;12918;5;12921;17;;;12910.0;0.0
bear_normal_s1;39300;ASH_COATED_OSMIUM;9994;12;9991;15;;;9996;10;10000;25;;;9995.0;0.0
bear_normal_s1;39400;INTARIAN_PEPPER_ROOT;12907;14;12904;17;;;12909;11;12913;22;;;12908.0;0.0
bear_normal_s1;39400;ASH_COATED_OSMIUM;9995;18;9993;15;;;9999;13;10002;19;;;9997.0;0.0
bear_normal_s1;39500;INTARIAN_PEPPER_ROOT;12894;16;12891;18;;;12924;16;12926;28;;;12909.0;0.0
bear_normal_s1;39500;ASH_COATED_OSMIUM;9988;14;9986;20;;;10008;16;10012;21;;;9998.0;0.0
bear_normal_s1;39600;INTARIAN_PEPPER_ROOT;12900;11;12896;24;;;12914;21;12916;22;;;12907.0;0.0
bear_normal_s1;39600;ASH_COATED_OSMIUM;9995;5;9991;27;;;9999;13;10001;18;;;9997.0;0.0
bear_normal_s1;39700;INTARIAN_PEPPER_ROOT;12901;18;12898;14;;;12915;16;12919;24;;;12908.0;0.0
bear_normal_s1;39700;ASH_COATED_OSMIUM;9985;11;9983;16;;;10011;14;10013;20;;;9998.0;0.0
bear_normal_s1;39800;INTARIAN_PEPPER_ROOT;12881;11;12877;17;;;12933;11;12936;17;;;12907.0;0.0
bear_normal_s1;39800;ASH_COATED_OSMIUM;9998;5;9994;18;;;10006;14;10008;12;;;10002.0;0.0
bear_normal_s1;39900;INTARIAN_PEPPER_ROOT;12909;16;12907;26;;;12911;12;12914;23;;;12910.0;0.0
bear_normal_s1;39900;ASH_COATED_OSMIUM;9983;11;9979;14;;;10021;11;10024;18;;;10002.0;0.0
bear_normal_s1;40000;INTARIAN_PEPPER_ROOT;12900;20;12896;17;;;12916;18;12919;13;;;12908.0;0.0
bear_normal_s1;40000;ASH_COATED_OSMIUM;10000;8;9996;18;;;10006;17;10010;23;;;10003.0;0.0
bear_normal_s1;40100;INTARIAN_PEPPER_ROOT;12896;11;12892;17;;;12920;13;12922;18;;;12908.0;0.0
bear_normal_s1;40100;ASH_COATED_OSMIUM;9986;9;9982;23;;;10012;11;10015;23;;;9999.0;0.0
bear_normal_s1;40200;INTARIAN_PEPPER_ROOT;12907;11;12905;13;;;12909;14;12911;13;;;12908.0;0.0
bear_normal_s1;40200;ASH_COATED_OSMIUM;9998;18;9995;25;;;10004;9;10007;19;;;10001.0;0.0
bear_normal_s1;40300;INTARIAN_PEPPER_ROOT;12907;20;12905;24;;;12913;5;12916;21;;;12910.0;0.0
bear_normal_s1;40300;ASH_COATED_OSMIUM;9994;18;9991;10;;;10004;7;10006;12;;;9999.0;0.0
bear_normal_s1;40400;INTARIAN_PEPPER_ROOT;12902;15;12898;14;;;12916;21;12918;15;;;12909.0;0.0
bear_normal_s1;40400;ASH_COATED_OSMIUM;9996;13;9993;19;;;10000;17;10004;17;;;9998.0;0.0
bear_normal_s1;40500;INTARIAN_PEPPER_ROOT;12898;10;12894;13;;;12920;15;12922;23;;;12909.0;0.0
bear_normal_s1;40500;ASH_COATED_OSMIUM;9985;7;9982;16;;;10015;10;10019;18;;;10000.0;0.0
bear_normal_s1;40600;INTARIAN_PEPPER_ROOT;12884;16;12880;25;;;12926;19;12928;13;;;12905.0;0.0
bear_normal_s1;40600;ASH_COATED_OSMIUM;9998;5;9996;17;;;10006;20;10008;29;;;10002.0;0.0
bear_normal_s1;40700;INTARIAN_PEPPER_ROOT;12898;13;12894;20;;;12910;8;12912;15;;;12904.0;0.0
bear_normal_s1;40700;ASH_COATED_OSMIUM;10005;13;10002;28;;;10007;9;10010;20;;;10006.0;0.0
bear_normal_s1;40800;INTARIAN_PEPPER_ROOT;12900;23;12897;20;;;12908;22;12910;25;;;12904.0;0.0
bear_normal_s1;40800;ASH_COATED_OSMIUM;9998;24;9995;24;;;10010;17;10014;19;;;10004.0;0.0
bear_normal_s1;40900;INTARIAN_PEPPER_ROOT;12902;19;12898;13;;;12908;9;12911;27;;;12905.0;0.0
bear_normal_s1;40900;ASH_COATED_OSMIUM;10000;16;9996;22;;;10012;14;10016;15;;;10006.0;0.0
bear_normal_s1;41000;INTARIAN_PEPPER_ROOT;12897;11;12893;17;;;12911;18;12913;25;;;12904.0;0.0
bear_normal_s1;41000;ASH_COATED_OSMIUM;10002;16;9998;24;;;10004;22;10006;22;;;10003.0;0.0
bear_normal_s1;41100;INTARIAN_PEPPER_ROOT;12898;20;12895;24;;;12916;18;12918;17;;;12907.0;0.0
bear_normal_s1;41100;ASH_COATED_OSMIUM;10007;6;10003;21;;;10011;6;10015;17;;;10009.0;0.0
bear_normal_s1;41200;INTARIAN_PEPPER_ROOT;12909;5;12906;16;;;12911;15;12915;15;;;12910.0;0.0
bear_normal_s1;41200;ASH_COATED_OSMIUM;10008;5;10005;30;;;10010;5;10013;24;;;10009.0;0.0
bear_normal_s1;41300;INTARIAN_PEPPER_ROOT;12903;13;12899;24;;;12915;22;12917;19;;;12909.0;0.0
bear_normal_s1;41300;ASH_COATED_OSMIUM;10002;14;10000;28;;;10012;9;10015;20;;;10007.0;0.0
bear_normal_s1;41400;INTARIAN_PEPPER_ROOT;12904;14;12901;21;;;12906;5;12908;19;;;12905.0;0.0
bear_normal_s1;41400;ASH_COATED_OSMIUM;10001;21;9999;17;;;10003;8;10005;16;;;10002.0;0.0
bear_normal_s1;41500;INTARIAN_PEPPER_ROOT;12897;15;12895;22;;;12907;12;12909;13;;;12902.0;0.0
bear_normal_s1;41500;ASH_COATED_OSMIUM;10004;14;10001;15;;;10006;19;10009;22;;;10005.0;0.0
bear_normal_s1;41600;INTARIAN_PEPPER_ROOT;12895;16;12891;15;;;12907;7;12909;20;;;12901.0;0.0
bear_normal_s1;41600;ASH_COATED_OSMIUM;10006;5;10004;18;;;10008;16;10011;17;;;10007.0;0.0
bear_normal_s1;41700;INTARIAN_PEPPER_ROOT;12896;20;12893;22;;;12908;13;12910;22;;;12902.0;0.0
bear_normal_s1;41700;ASH_COATED_OSMIUM;9993;7;9991;17;;;10013;13;10017;24;;;10003.0;0.0
bear_normal_s1;41800;INTARIAN_PEPPER_ROOT;12891;13;12887;22;;;12913;10;12917;27;;;12902.0;0.0
bear_normal_s1;41800;ASH_COATED_OSMIUM;10003;6;10000;23;;;10005;8;10008;25;;;10004.0;0.0
bear_normal_s1;41900;INTARIAN_PEPPER_ROOT;12895;14;12892;24;;;12903;14;12905;12;;;12899.0;0.0
bear_normal_s1;41900;ASH_COATED_OSMIUM;9995;16;9992;22;;;10011;16;10013;8;;;10003.0;0.0
bear_normal_s1;42000;INTARIAN_PEPPER_ROOT;12894;17;12891;15;;;12902;13;12906;20;;;12898.0;0.0
bear_normal_s1;42000;ASH_COATED_OSMIUM;9986;6;9983;17;;;10024;17;10027;16;;;10005.0;0.0
bear_normal_s1;42100;INTARIAN_PEPPER_ROOT;12898;14;12894;20;;;12904;14;12906;21;;;12901.0;0.0
bear_normal_s1;42100;ASH_COATED_OSMIUM;10001;8;9998;15;;;10003;14;10006;9;;;10002.0;0.0
bear_normal_s1;42200;INTARIAN_PEPPER_ROOT;12895;9;12892;12;;;12905;18;12909;27;;;12900.0;0.0
bear_normal_s1;42200;ASH_COATED_OSMIUM;9980;6;9978;26;;;10010;8;10012;23;;;9995.0;0.0
bear_normal_s1;42300;INTARIAN_PEPPER_ROOT;12898;22;12896;12;;;12900;12;12903;12;;;12899.0;0.0
bear_normal_s1;42300;ASH_COATED_OSMIUM;9995;7;9992;24;;;10001;18;10004;16;;;9998.0;0.0
bear_normal_s1;42400;INTARIAN_PEPPER_ROOT;12896;15;12892;26;;;12904;8;12907;26;;;12900.0;0.0
bear_normal_s1;42400;ASH_COATED_OSMIUM;9994;9;9992;25;;;9996;16;10000;18;;;9995.0;0.0
bear_normal_s1;42500;INTARIAN_PEPPER_ROOT;12893;16;12889;21;;;12909;25;12912;12;;;12901.0;0.0
bear_normal_s1;42500;ASH_COATED_OSMIUM;9981;9;9979;29;;;10007;15;10009;16;;;9994.0;0.0
bear_normal_s1;42600;INTARIAN_PEPPER_ROOT;12894;15;12891;21;;;12904;19;12906;10;;;12899.0;0.0
bear_normal_s1;42600;ASH_COATED_OSMIUM;9982;19;9979;15;;;10004;13;10008;20;;;9993.0;0.0
bear_normal_s1;42700;INTARIAN_PEPPER_ROOT;12899;13;12895;17;;;12901;24;12905;21;;;12900.0;0.0
bear_normal_s1;42700;ASH_COATED_OSMIUM;9987;5;9984;23;;;9989;26;9991;25;;;9988.0;0.0
bear_normal_s1;42800;INTARIAN_PEPPER_ROOT;12894;10;12890;15;;;12906;11;12909;20;;;12900.0;0.0
bear_normal_s1;42800;ASH_COATED_OSMIUM;9966;9;9962;29;;;10006;10;10008;15;;;9986.0;0.0
bear_normal_s1;42900;INTARIAN_PEPPER_ROOT;12876;18;12872;20;;;12920;5;12922;17;;;12898.0;0.0
bear_normal_s1;42900;ASH_COATED_OSMIUM;9975;8;9973;28;;;9993;15;9997;13;;;9984.0;0.0
bear_normal_s1;43000;INTARIAN_PEPPER_ROOT;12885;13;12882;28;;;12915;19;12919;15;;;12900.0;0.0
bear_normal_s1;43000;ASH_COATED_OSMIUM;9977;10;9973;13;;;9995;14;9998;20;;;9986.0;0.0
bear_normal_s1;43100;INTARIAN_PEPPER_ROOT;12883;15;12881;19;;;12919;11;12921;20;;;12901.0;0.0
bear_normal_s1;43100;ASH_COATED_OSMIUM;9982;11;9979;17;;;9986;20;9990;20;;;9984.0;0.0
bear_normal_s1;43200;INTARIAN_PEPPER_ROOT;12900;17;12896;18;;;12904;17;12907;18;;;12902.0;0.0
bear_normal_s1;43200;ASH_COATED_OSMIUM;9985;9;9983;18;;;9993;16;9996;13;;;9989.0;0.0
bear_normal_s1;43300;INTARIAN_PEPPER_ROOT;12877;14;12875;15;;;12929;14;12933;26;;;12903.0;0.0
bear_normal_s1;43300;ASH_COATED_OSMIUM;9976;13;9974;21;;;10002;7;10004;19;;;9989.0;0.0
bear_normal_s1;43400;INTARIAN_PEPPER_ROOT;12901;14;12898;17;;;12907;8;12909;22;;;12904.0;0.0
bear_normal_s1;43400;ASH_COATED_OSMIUM;9972;20;9968;26;;;10008;15;10011;17;;;9990.0;0.0
bear_normal_s1;43500;INTARIAN_PEPPER_ROOT;12902;15;12899;22;;;12904;15;12907;18;;;12903.0;0.0
bear_normal_s1;43500;ASH_COATED_OSMIUM;9976;17;9973;23;;;10004;5;10006;13;;;9990.0;0.0
bear_normal_s1;43600;INTARIAN_PEPPER_ROOT;12900;16;12896;16;;;12906;10;12910;15;;;12903.0;0.0
bear_normal_s1;43600;ASH_COATED_OSMIUM;9980;12;9976;18;;;9990;13;9993;17;;;9985.0;0.0
bear_normal_s1;43700;INTARIAN_PEPPER_ROOT;12898;18;12896;10;;;12910;27;12912;27;;;12904.0;0.0
bear_normal_s1;43700;ASH_COATED_OSMIUM;9979;15;9977;23;;;9997;9;10001;17;;;9988.0;0.0
bear_normal_s1;43800;INTARIAN_PEPPER_ROOT;12905;13;12901;30;;;12907;19;12910;21;;;12906.0;0.0
bear_normal_s1;43800;ASH_COATED_OSMIUM;9965;17;9963;19;;;10011;8;10015;16;;;9988.0;0.0
bear_normal_s1;43900;INTARIAN_PEPPER_ROOT;12906;5;12904;14;;;12908;7;12910;17;;;12907.0;0.0
bear_normal_s1;43900;ASH_COATED_OSMIUM;9990;15;9986;26;;;9994;15;9996;19;;;9992.0;0.0
bear_normal_s1;44000;INTARIAN_PEPPER_ROOT;12903;12;12899;13;;;12913;19;12917;22;;;12908.0;0.0
bear_normal_s1;44000;ASH_COATED_OSMIUM;9994;14;9991;26;;;9998;7;10000;13;;;9996.0;0.0
bear_normal_s1;44100;INTARIAN_PEPPER_ROOT;12905;15;12901;18;;;12907;15;12910;20;;;12906.0;0.0
bear_normal_s1;44100;ASH_COATED_OSMIUM;9985;15;9982;16;;;10001;11;10003;18;;;9993.0;0.0
bear_normal_s1;44200;INTARIAN_PEPPER_ROOT;12894;13;12892;18;;;12912;12;12914;16;;;12903.0;0.0
bear_normal_s1;44200;ASH_COATED_OSMIUM;9990;12;9986;25;;;9998;7;10002;15;;;9994.0;0.0
bear_normal_s1;44300;INTARIAN_PEPPER_ROOT;12894;9;12891;19;;;12916;18;12920;21;;;12905.0;0.0
bear_normal_s1;44300;ASH_COATED_OSMIUM;9992;12;9989;23;;;10000;11;10002;18;;;9996.0;0.0
bear_normal_s1;44400;INTARIAN_PEPPER_ROOT;12897;10;12893;19;;;12911;15;12915;22;;;12904.0;0.0
bear_normal_s1;44400;ASH_COATED_OSMIUM;9990;17;9987;25;;;10006;12;10009;22;;;9998.0;0.0
bear_normal_s1;44500;INTARIAN_PEPPER_ROOT;12885;23;12881;17;;;12925;17;12928;21;;;12905.0;0.0
bear_normal_s1;44500;ASH_COATED_OSMIUM;9992;7;9990;20;;;10002;27;10006;25;;;9997.0;0.0
bear_normal_s1;44600;INTARIAN_PEPPER_ROOT;12902;14;12898;22;;;12904;16;12908;18;;;12903.0;0.0
bear_normal_s1;44600;ASH_COATED_OSMIUM;9993;11;9991;16;;;10003;13;10006;22;;;9998.0;0.0
bear_normal_s1;44700;INTARIAN_PEPPER_ROOT;12899;18;12895;17;;;12909;14;12912;25;;;12904.0;0.0
bear_normal_s1;44700;ASH_COATED_OSMIUM;9982;8;9980;21;;;10006;14;10009;16;;;9994.0;0.0
bear_normal_s1;44800;INTARIAN_PEPPER_ROOT;12898;14;12895;21;;;12910;9;12912;20;;;12904.0;0.0
bear_normal_s1;44800;ASH_COATED_OSMIUM;9990;6;9988;12;;;9996;9;10000;21;;;9993.0;0.0
bear_normal_s1;44900;INTARIAN_PEPPER_ROOT;12904;13;12902;27;;;12906;13;12909;29;;;12905.0;0.0
bear_normal_s1;44900;ASH_COATED_OSMIUM;9989;15;9985;24;;;10001;25;10005;24;;;9995.0;0.0
bear_normal_s1;45000;INTARIAN_PEPPER_ROOT;12902;15;12898;15;;;12908;16;12911;22;;;12905.0;0.0
bear_normal_s1;45000;ASH_COATED_OSMIUM;9995;15;9993;18;;;9999;19;10003;21;;;9997.0;0.0
bear_normal_s1;45100;INTARIAN_PEPPER_ROOT;12876;5;12874;25;;;12936;17;12940;21;;;12906.0;0.0
bear_normal_s1;45100;ASH_COATED_OSMIUM;9988;13;9984;16;;;10012;9;10015;17;;;10000.0;0.0
bear_normal_s1;45200;INTARIAN_PEPPER_ROOT;12903;8;12899;13;;;12909;14;12912;18;;;12906.0;0.0
bear_normal_s1;45200;ASH_COATED_OSMIUM;9964;8;9962;21;;;10036;14;10040;26;;;10000.0;0.0
bear_normal_s1;45300;INTARIAN_PEPPER_ROOT;12903;11;12901;11;;;12907;12;12910;19;;;12905.0;0.0
bear_normal_s1;45300;ASH_COATED_OSMIUM;10001;5;9997;18;;;10003;20;10006;16;;;10002.0;0.0
bear_normal_s1;45400;INTARIAN_PEPPER_ROOT;12902;19;12900;16;;;12908;7;12910;26;;;12905.0;0.0
bear_normal_s1;45400;ASH_COATED_OSMIUM;9981;11;9977;19;;;10031;9;10035;16;;;10006.0;0.0
bear_normal_s1;45500;INTARIAN_PEPPER_ROOT;12898;7;12896;19;;;12912;20;12916;22;;;12905.0;0.0
bear_normal_s1;45500;ASH_COATED_OSMIUM;10000;9;9996;24;;;10010;14;10013;18;;;10005.0;0.0
bear_normal_s1;45600;INTARIAN_PEPPER_ROOT;12900;15;12896;26;;;12906;15;12908;9;;;12903.0;0.0
bear_normal_s1;45600;ASH_COATED_OSMIUM;9999;16;9995;17;;;10011;18;10015;17;;;10005.0;0.0
bear_normal_s1;45700;INTARIAN_PEPPER_ROOT;12902;8;12899;23;;;12906;10;12910;19;;;12904.0;0.0
bear_normal_s1;45700;ASH_COATED_OSMIUM;10001;5;9997;26;;;10003;5;10007;17;;;10002.0;0.0
bear_normal_s1;45800;INTARIAN_PEPPER_ROOT;12896;8;12892;23;;;12910;17;12913;18;;;12903.0;0.0
bear_normal_s1;45800;ASH_COATED_OSMIUM;9987;14;9985;17;;;10017;6;10019;21;;;10002.0;0.0
bear_normal_s1;45900;INTARIAN_PEPPER_ROOT;12899;17;12895;20;;;12903;11;12906;13;;;12901.0;0.0
bear_normal_s1;45900;ASH_COATED_OSMIUM;9994;18;9992;15;;;9998;7;10002;22;;;9996.0;0.0
bear_normal_s1;46000;INTARIAN_PEPPER_ROOT;12895;7;12893;17;;;12907;16;12909;20;;;12901.0;0.0
bear_normal_s1;46000;ASH_COATED_OSMIUM;9991;13;9987;26;;;10005;18;10007;20;;;9998.0;0.0
bear_normal_s1;46100;INTARIAN_PEPPER_ROOT;12898;9;12895;13;;;12900;15;12904;18;;;12899.0;0.0
bear_normal_s1;46100;ASH_COATED_OSMIUM;9979;9;9976;27;;;10017;19;10021;21;;;9998.0;0.0
bear_normal_s1;46200;INTARIAN_PEPPER_ROOT;12891;19;12888;24;;;12909;12;12911;8;;;12900.0;0.0
bear_normal_s1;46200;ASH_COATED_OSMIUM;9986;8;9983;21;;;10004;8;10008;20;;;9995.0;0.0
bear_normal_s1;46300;INTARIAN_PEPPER_ROOT;12898;11;12894;19;;;12904;13;12908;26;;;12901.0;0.0
bear_normal_s1;46300;ASH_COATED_OSMIUM;9994;5;9991;20;;;10014;5;10016;9;;;10004.0;0.0
bear_normal_s1;46400;INTARIAN_PEPPER_ROOT;12899;7;12896;22;;;12901;17;12905;10;;;12900.0;0.0
bear_normal_s1;46400;ASH_COATED_OSMIUM;10000;16;9996;16;;;10006;7;10010;35;;;10003.0;0.0
bear_normal_s1;46500;INTARIAN_PEPPER_ROOT;12892;16;12890;16;;;12908;15;12910;15;;;12900.0;0.0
bear_normal_s1;46500;ASH_COATED_OSMIUM;9980;12;9976;22;;;10020;14;10022;13;;;10000.0;0.0
bear_normal_s1;46600;INTARIAN_PEPPER_ROOT;12899;8;12896;14;;;12901;15;12903;21;;;12900.0;0.0
bear_normal_s1;46600;ASH_COATED_OSMIUM;10001;8;9997;26;;;10003;10;10005;8;;;10002.0;0.0
bear_normal_s1;46700;INTARIAN_PEPPER_ROOT;12897;11;12894;19;;;12909;15;12913;19;;;12903.0;0.0
bear_normal_s1;46700;ASH_COATED_OSMIUM;9991;20;9988;22;;;10017;15;10019;18;;;10004.0;0.0
bear_normal_s1;46800;INTARIAN_PEPPER_ROOT;12893;8;12891;18;;;12915;9;12919;15;;;12904.0;0.0
bear_normal_s1;46800;ASH_COATED_OSMIUM;9984;9;9982;19;;;10026;16;10029;16;;;10005.0;0.0
bear_normal_s1;46900;INTARIAN_PEPPER_ROOT;12896;17;12893;18;;;12910;22;12913;19;;;12903.0;0.0
bear_normal_s1;46900;ASH_COATED_OSMIUM;9994;11;9990;23;;;10002;11;10004;16;;;9998.0;0.0
bear_normal_s1;47000;INTARIAN_PEPPER_ROOT;12902;13;12899;17;;;12904;18;12907;15;;;12903.0;0.0
bear_normal_s1;47000;ASH_COATED_OSMIUM;9992;18;9988;17;;;10008;10;10011;20;;;10000.0;0.0
bear_normal_s1;47100;INTARIAN_PEPPER_ROOT;12892;13;12889;24;;;12914;14;12916;22;;;12903.0;0.0
bear_normal_s1;47100;ASH_COATED_OSMIUM;9993;18;9991;23;;;9995;12;9997;21;;;9994.0;0.0
bear_normal_s1;47200;INTARIAN_PEPPER_ROOT;12875;5;12873;19;;;12929;6;12932;9;;;12902.0;0.0
bear_normal_s1;47200;ASH_COATED_OSMIUM;9980;15;9976;22;;;10022;19;10025;15;;;10001.0;0.0
bear_normal_s1;47300;INTARIAN_PEPPER_ROOT;12904;15;12900;18;;;12906;10;12909;21;;;12905.0;0.0
bear_normal_s1;47300;ASH_COATED_OSMIUM;9997;14;9995;13;;;10005;17;10008;18;;;10001.0;0.0
bear_normal_s1;47400;INTARIAN_PEPPER_ROOT;12897;8;12894;21;;;12911;28;12913;21;;;12904.0;0.0
bear_normal_s1;47400;ASH_COATED_OSMIUM;9997;11;9993;23;;;10013;8;10017;23;;;10005.0;0.0
bear_normal_s1;47500;INTARIAN_PEPPER_ROOT;12888;18;12885;25;;;12918;22;12920;19;;;12903.0;0.0
bear_normal_s1;47500;ASH_COATED_OSMIUM;10001;13;9998;25;;;10011;10;10013;18;;;10006.0;0.0
bear_normal_s1;47600;INTARIAN_PEPPER_ROOT;12899;13;12897;17;;;12901;15;12903;20;;;12900.0;0.0
bear_normal_s1;47600;ASH_COATED_OSMIUM;9992;12;9990;12;;;10034;14;10037;14;;;10013.0;0.0
bear_normal_s1;47700;INTARIAN_PEPPER_ROOT;12895;12;12891;18;;;12899;16;12903;17;;;12897.0;0.0
bear_normal_s1;47700;ASH_COATED_OSMIUM;10011;6;10008;24;;;10015;9;10017;21;;;10013.0;0.0
bear_normal_s1;47800;INTARIAN_PEPPER_ROOT;12896;21;12894;26;;;12898;15;12902;27;;;12897.0;0.0
bear_normal_s1;47800;ASH_COATED_OSMIUM;9998;16;9996;14;;;10024;9;10027;20;;;10011.0;0.0
bear_normal_s1;47900;INTARIAN_PEPPER_ROOT;12896;17;12894;17;;;12898;12;12901;17;;;12897.0;0.0
bear_normal_s1;47900;ASH_COATED_OSMIUM;10011;8;10009;12;;;10017;21;10019;12;;;10014.0;0.0
bear_normal_s1;48000;INTARIAN_PEPPER_ROOT;12896;8;12894;18;;;12898;7;12902;25;;;12897.0;0.0
bear_normal_s1;48000;ASH_COATED_OSMIUM;10009;8;10006;17;;;10015;9;10018;27;;;10012.0;0.0
bear_normal_s1;48100;INTARIAN_PEPPER_ROOT;12890;8;12887;22;;;12900;9;12903;24;;;12895.0;0.0
bear_normal_s1;48100;ASH_COATED_OSMIUM;10014;14;10011;20;;;10018;6;10021;20;;;10016.0;0.0
bear_normal_s1;48200;INTARIAN_PEPPER_ROOT;12893;18;12891;22;;;12895;13;12899;21;;;12894.0;0.0
bear_normal_s1;48200;ASH_COATED_OSMIUM;10009;13;10006;17;;;10027;5;10030;27;;;10018.0;0.0
bear_normal_s1;48300;INTARIAN_PEPPER_ROOT;12890;16;12887;17;;;12898;18;12901;23;;;12894.0;0.0
bear_normal_s1;48300;ASH_COATED_OSMIUM;10008;13;10005;18;;;10030;13;10032;17;;;10019.0;0.0
bear_normal_s1;48400;INTARIAN_PEPPER_ROOT;12886;19;12883;24;;;12906;20;12909;29;;;12896.0;0.0
bear_normal_s1;48400;ASH_COATED_OSMIUM;10014;11;10010;22;;;10020;8;10023;12;;;10017.0;0.0
bear_normal_s1;48500;INTARIAN_PEPPER_ROOT;12893;11;12889;8;;;12899;19;12903;27;;;12896.0;0.0
bear_normal_s1;48500;ASH_COATED_OSMIUM;10015;11;10011;16;;;10017;12;10019;18;;;10016.0;0.0
bear_normal_s1;48600;INTARIAN_PEPPER_ROOT;12893;24;12891;19;;;12903;26;12905;15;;;12898.0;0.0
bear_normal_s1;48600;ASH_COATED_OSMIUM;10011;5;10009;25;;;10013;21;10016;13;;;10012.0;0.0
bear_normal_s1;48700;INTARIAN_PEPPER_ROOT;12892;11;12888;24;;;12908;11;12912;21;;;12900.0;0.0
bear_normal_s1;48700;ASH_COATED_OSMIUM;10009;12;10005;22;;;10013;17;10017;16;;;10011.0;0.0
bear_normal_s1;48800;INTARIAN_PEPPER_ROOT;12896;8;12892;28;;;12908;17;12912;13;;;12902.0;0.0
bear_normal_s1;48800;ASH_COATED_OSMIUM;10010;15;10006;24;;;10012;18;10016;22;;;10011.0;0.0
bear_normal_s1;48900;INTARIAN_PEPPER_ROOT;12892;29;12890;23;;;12908;10;12911;20;;;12900.0;0.0
bear_normal_s1;48900;ASH_COATED_OSMIUM;10006;19;10002;17;;;10016;8;10020;23;;;10011.0;0.0
bear_normal_s1;49000;INTARIAN_PEPPER_ROOT;12898;19;12896;22;;;12900;15;12904;20;;;12899.0;0.0
bear_normal_s1;49000;ASH_COATED_OSMIUM;10008;11;10006;23;;;10018;11;10020;17;;;10013.0;0.0
bear_normal_s1;49100;INTARIAN_PEPPER_ROOT;12896;15;12894;17;;;12906;30;12909;16;;;12901.0;0.0
bear_normal_s1;49100;ASH_COATED_OSMIUM;10004;9;10000;22;;;10016;11;10019;14;;;10010.0;0.0
bear_normal_s1;49200;INTARIAN_PEPPER_ROOT;12892;13;12889;30;;;12908;12;12912;18;;;12900.0;0.0
bear_normal_s1;49200;ASH_COATED_OSMIUM;10007;9;10005;18;;;10017;6;10021;20;;;10012.0;0.0
bear_normal_s1;49300;INTARIAN_PEPPER_ROOT;12895;25;12891;8;;;12905;20;12908;16;;;12900.0;0.0
bear_normal_s1;49300;ASH_COATED_OSMIUM;9998;7;9996;12;;;10022;16;10026;25;;;10010.0;0.0
bear_normal_s1;49400;INTARIAN_PEPPER_ROOT;12893;18;12889;13;;;12901;20;12905;15;;;12897.0;0.0
bear_normal_s1;49400;ASH_COATED_OSMIUM;10006;17;10002;11;;;10018;5;10022;16;;;10012.0;0.0
bear_normal_s1;49500;INTARIAN_PEPPER_ROOT;12868;12;12866;20;;;12924;11;12927;23;;;12896.0;0.0
bear_normal_s1;49500;ASH_COATED_OSMIUM;10007;11;10005;14;;;10013;5;10017;13;;;10010.0;0.0
bear_normal_s1;49600;INTARIAN_PEPPER_ROOT;12893;11;12891;19;;;12899;23;12902;23;;;12896.0;0.0
bear_normal_s1;49600;ASH_COATED_OSMIUM;10005;12;10003;21;;;10027;15;10029;23;;;10016.0;0.0
bear_normal_s1;49700;INTARIAN_PEPPER_ROOT;12889;9;12886;26;;;12897;10;12900;16;;;12893.0;0.0
bear_normal_s1;49700;ASH_COATED_OSMIUM;10010;12;10007;19;;;10012;19;10014;23;;;10011.0;0.0
bear_normal_s1;49800;INTARIAN_PEPPER_ROOT;12880;22;12876;20;;;12900;14;12903;22;;;12890.0;0.0
bear_normal_s1;49800;ASH_COATED_OSMIUM;9991;7;9989;17;;;10039;13;10043;22;;;10015.0;0.0
bear_normal_s1;49900;INTARIAN_PEPPER_ROOT;12887;22;12883;23;;;12893;12;12895;14;;;12890.0;0.0
bear_normal_s1;49900;ASH_COATED_OSMIUM;9997;13;9995;8;;;10033;17;10035;15;;;10015.0;0.0
bear_normal_s1;50000;INTARIAN_PEPPER_ROOT;12883;10;12880;24;;;12891;11;12894;17;;;12887.0;0.0
bear_normal_s1;50000;ASH_COATED_OSMIUM;10016;17;10014;18;;;10022;12;10025;22;;;10019.0;0.0
bear_normal_s1;50100;INTARIAN_PEPPER_ROOT;12886;26;12882;23;;;12888;9;12892;24;;;12887.0;0.0
bear_normal_s1;50100;ASH_COATED_OSMIUM;10007;9;10003;21;;;10023;11;10026;23;;;10015.0;0.0
bear_normal_s1;50200;INTARIAN_PEPPER_ROOT;12880;5;12878;12;;;12890;15;12893;21;;;12885.0;0.0
bear_normal_s1;50200;ASH_COATED_OSMIUM;9993;16;9991;22;;;10019;14;10021;23;;;10006.0;0.0
bear_normal_s1;50300;INTARIAN_PEPPER_ROOT;12879;18;12877;18;;;12891;24;12895;18;;;12885.0;0.0
bear_normal_s1;50300;ASH_COATED_OSMIUM;10007;5;10004;18;;;10009;10;10013;8;;;10008.0;0.0
bear_normal_s1;50400;INTARIAN_PEPPER_ROOT;12868;15;12864;20;;;12900;20;12904;26;;;12884.0;0.0
bear_normal_s1;50400;ASH_COATED_OSMIUM;10004;12;10000;13;;;10008;22;10012;17;;;10006.0;0.0
bear_normal_s1;50500;INTARIAN_PEPPER_ROOT;12867;20;12865;10;;;12901;5;12905;20;;;12884.0;0.0
bear_normal_s1;50500;ASH_COATED_OSMIUM;9985;10;9983;25;;;10027;5;10029;28;;;10006.0;0.0
bear_normal_s1;50600;INTARIAN_PEPPER_ROOT;12876;14;12873;15;;;12888;5;12892;20;;;12882.0;0.0
bear_normal_s1;50600;ASH_COATED_OSMIUM;10009;6;10005;17;;;10015;16;10017;23;;;10012.0;0.0
bear_normal_s1;50700;INTARIAN_PEPPER_ROOT;12877;17;12874;16;;;12887;12;12889;25;;;12882.0;0.0
bear_normal_s1;50700;ASH_COATED_OSMIUM;10008;10;10006;22;;;10014;7;10017;32;;;10011.0;0.0
bear_normal_s1;50800;INTARIAN_PEPPER_ROOT;12878;21;12876;21;;;12884;21;12887;18;;;12881.0;0.0
bear_normal_s1;50800;ASH_COATED_OSMIUM;10013;11;10009;19;;;10015;17;10019;26;;;10014.0;0.0
bear_normal_s1;50900;INTARIAN_PEPPER_ROOT;12868;20;12866;25;;;12896;22;12900;14;;;12882.0;0.0
bear_normal_s1;50900;ASH_COATED_OSMIUM;10010;20;10007;19;;;10016;10;10020;15;;;10013.0;0.0
bear_normal_s1;51000;INTARIAN_PEPPER_ROOT;12863;14;12861;13;;;12905;10;12908;26;;;12884.0;0.0
bear_normal_s1;51000;ASH_COATED_OSMIUM;10017;11;10013;19;;;10019;8;10021;24;;;10018.0;0.0
bear_normal_s1;51100;INTARIAN_PEPPER_ROOT;12876;13;12874;29;;;12892;20;12896;20;;;12884.0;0.0
bear_normal_s1;51100;ASH_COATED_OSMIUM;9993;17;9991;10;;;10031;12;10034;18;;;10012.0;0.0
bear_normal_s1;51200;INTARIAN_PEPPER_ROOT;12883;8;12880;17;;;12885;14;12888;23;;;12884.0;0.0
bear_normal_s1;51200;ASH_COATED_OSMIUM;10010;9;10006;24;;;10014;22;10016;23;;;10012.0;0.0
bear_normal_s1;51300;INTARIAN_PEPPER_ROOT;12873;11;12871;22;;;12891;15;12895;11;;;12882.0;0.0
bear_normal_s1;51300;ASH_COATED_OSMIUM;10011;7;10007;18;;;10013;11;10017;13;;;10012.0;0.0
bear_normal_s1;51400;INTARIAN_PEPPER_ROOT;12882;20;12878;22;;;12884;24;12888;12;;;12883.0;0.0
bear_normal_s1;51400;ASH_COATED_OSMIUM;9990;14;9987;27;;;10034;5;10037;19;;;10012.0;0.0
bear_normal_s1;51500;INTARIAN_PEPPER_ROOT;12872;16;12870;23;;;12892;18;12894;20;;;12882.0;0.0
bear_normal_s1;51500;ASH_COATED_OSMIUM;9988;18;9984;22;;;10026;13;10028;21;;;10007.0;0.0
bear_normal_s1;51600;INTARIAN_PEPPER_ROOT;12876;11;12873;23;;;12884;10;12888;21;;;12880.0;0.0
bear_normal_s1;51600;ASH_COATED_OSMIUM;9993;7;9989;24;;;10013;13;10015;23;;;10003.0;0.0
bear_normal_s1;51700;INTARIAN_PEPPER_ROOT;12869;17;12867;16;;;12891;9;12893;21;;;12880.0;0.0
bear_normal_s1;51700;ASH_COATED_OSMIUM;10001;11;9999;17;;;10003;18;10006;16;;;10002.0;0.0
bear_normal_s1;51800;INTARIAN_PEPPER_ROOT;12879;5;12876;15;;;12881;13;12885;23;;;12880.0;0.0
bear_normal_s1;51800;ASH_COATED_OSMIUM;9995;6;9993;21;;;10013;9;10017;29;;;10004.0;0.0
bear_normal_s1;51900;INTARIAN_PEPPER_ROOT;12868;9;12866;22;;;12896;7;12899;29;;;12882.0;0.0
bear_normal_s1;51900;ASH_COATED_OSMIUM;9986;14;9984;16;;;10026;10;10030;18;;;10006.0;0.0
bear_normal_s1;52000;INTARIAN_PEPPER_ROOT;12879;6;12875;19;;;12889;11;12892;19;;;12884.0;0.0
bear_normal_s1;52000;ASH_COATED_OSMIUM;9999;11;9996;17;;;10015;11;10018;21;;;10007.0;0.0
bear_normal_s1;52100;INTARIAN_PEPPER_ROOT;12878;14;12875;20;;;12888;9;12891;18;;;12883.0;0.0
bear_normal_s1;52100;ASH_COATED_OSMIUM;10008;10;10006;24;;;10010;13;10013;18;;;10009.0;0.0
bear_normal_s1;52200;INTARIAN_PEPPER_ROOT;12880;5;12878;18;;;12884;19;12886;19;;;12882.0;0.0
bear_normal_s1;52200;ASH_COATED_OSMIUM;10004;10;10001;15;;;10006;15;10009;25;;;10005.0;0.0
bear_normal_s1;52300;INTARIAN_PEPPER_ROOT;12878;15;12875;17;;;12892;12;12896;23;;;12885.0;0.0
bear_normal_s1;52300;ASH_COATED_OSMIUM;10002;7;9999;12;;;10014;8;10018;14;;;10008.0;0.0
bear_normal_s1;52400;INTARIAN_PEPPER_ROOT;12878;14;12874;12;;;12892;7;12895;17;;;12885.0;0.0
bear_normal_s1;52400;ASH_COATED_OSMIUM;9992;5;9988;24;;;10016;5;10019;24;;;10004.0;0.0
bear_normal_s1;52500;INTARIAN_PEPPER_ROOT;12875;14;12871;21;;;12899;13;12902;14;;;12887.0;0.0
bear_normal_s1;52500;ASH_COATED_OSMIUM;10007;13;10005;29;;;10009;9;10012;15;;;10008.0;0.0
bear_normal_s1;52600;INTARIAN_PEPPER_ROOT;12887;10;12885;16;;;12889;19;12893;28;;;12888.0;0.0
bear_normal_s1;52600;ASH_COATED_OSMIUM;10000;15;9996;19;;;10022;14;10024;24;;;10011.0;0.0
bear_normal_s1;52700;INTARIAN_PEPPER_ROOT;12885;9;12881;13;;;12889;11;12893;9;;;12887.0;0.0
bear_normal_s1;52700;ASH_COATED_OSMIUM;10010;19;10006;18;;;10014;15;10017;24;;;10012.0;0.0
bear_normal_s1;52800;INTARIAN_PEPPER_ROOT;12886;9;12883;27;;;12890;16;12893;13;;;12888.0;0.0
bear_normal_s1;52800;ASH_COATED_OSMIUM;10009;18;10006;21;;;10011;6;10014;23;;;10010.0;0.0
bear_normal_s1;52900;INTARIAN_PEPPER_ROOT;12881;15;12877;17;;;12897;17;12900;24;;;12889.0;0.0
bear_normal_s1;52900;ASH_COATED_OSMIUM;9982;9;9978;17;;;10032;11;10035;27;;;10007.0;0.0
bear_normal_s1;53000;INTARIAN_PEPPER_ROOT;12891;17;12888;14;;;12893;13;12895;18;;;12892.0;0.0
bear_normal_s1;53000;ASH_COATED_OSMIUM;10007;5;10004;22;;;10009;9;10013;23;;;10008.0;0.0
bear_normal_s1;53100;INTARIAN_PEPPER_ROOT;12889;14;12886;21;;;12891;16;12894;24;;;12890.0;0.0
bear_normal_s1;53100;ASH_COATED_OSMIUM;10007;16;10004;23;;;10009;13;10013;14;;;10008.0;0.0
bear_normal_s1;53200;INTARIAN_PEPPER_ROOT;12888;12;12884;18;;;12890;18;12894;22;;;12889.0;0.0
bear_normal_s1;53200;ASH_COATED_OSMIUM;9985;17;9983;29;;;10029;8;10032;18;;;10007.0;0.0
bear_normal_s1;53300;INTARIAN_PEPPER_ROOT;12884;16;12880;18;;;12896;12;12900;24;;;12890.0;0.0
bear_normal_s1;53300;ASH_COATED_OSMIUM;10000;10;9996;8;;;10014;13;10017;13;;;10007.0;0.0
bear_normal_s1;53400;INTARIAN_PEPPER_ROOT;12879;12;12876;24;;;12899;14;12901;16;;;12889.0;0.0
bear_normal_s1;53400;ASH_COATED_OSMIUM;9998;10;9994;18;;;10000;13;10002;13;;;9999.0;0.0
bear_normal_s1;53500;INTARIAN_PEPPER_ROOT;12875;13;12873;24;;;12901;6;12905;21;;;12888.0;0.0
bear_normal_s1;53500;ASH_COATED_OSMIUM;10003;8;10001;17;;;10007;11;10009;21;;;10005.0;0.0
bear_normal_s1;53600;INTARIAN_PEPPER_ROOT;12886;17;12884;12;;;12890;5;12893;16;;;12888.0;0.0
bear_normal_s1;53600;ASH_COATED_OSMIUM;10001;14;9997;25;;;10007;9;10009;12;;;10004.0;0.0
bear_normal_s1;53700;INTARIAN_PEPPER_ROOT;12879;11;12876;22;;;12897;5;12899;26;;;12888.0;0.0
bear_normal_s1;53700;ASH_COATED_OSMIUM;9996;9;9994;19;;;10004;9;10007;12;;;10000.0;0.0
bear_normal_s1;53800;INTARIAN_PEPPER_ROOT;12877;17;12874;15;;;12895;21;12898;13;;;12886.0;0.0
bear_normal_s1;53800;ASH_COATED_OSMIUM;9991;15;9988;14;;;10009;6;10013;22;;;10000.0;0.0
bear_normal_s1;53900;INTARIAN_PEPPER_ROOT;12872;16;12869;31;;;12896;13;12899;15;;;12884.0;0.0
bear_normal_s1;53900;ASH_COATED_OSMIUM;9998;18;9994;19;;;10006;21;10010;25;;;10002.0;0.0
bear_normal_s1;54000;INTARIAN_PEPPER_ROOT;12883;12;12880;15;;;12885;13;12887;16;;;12884.0;0.0
bear_normal_s1;54000;ASH_COATED_OSMIUM;9994;5;9992;15;;;10010;11;10012;17;;;10002.0;0.0
bear_normal_s1;54100;INTARIAN_PEPPER_ROOT;12881;14;12879;16;;;12883;22;12887;28;;;12882.0;0.0
bear_normal_s1;54100;ASH_COATED_OSMIUM;9988;7;9984;27;;;10008;8;10012;20;;;9998.0;0.0
bear_normal_s1;54200;INTARIAN_PEPPER_ROOT;12878;17;12875;19;;;12882;14;12884;24;;;12880.0;0.0
bear_normal_s1;54200;ASH_COATED_OSMIUM;9996;21;9993;13;;;10010;15;10013;25;;;10003.0;0.0
bear_normal_s1;54300;INTARIAN_PEPPER_ROOT;12881;10;12878;23;;;12883;22;12887;19;;;12882.0;0.0
bear_normal_s1;54300;ASH_COATED_OSMIUM;9987;14;9983;13;;;10013;8;10017;26;;;10000.0;0.0
bear_normal_s1;54400;INTARIAN_PEPPER_ROOT;12867;14;12863;19;;;12889;6;12892;24;;;12878.0;0.0
bear_normal_s1;54400;ASH_COATED_OSMIUM;10003;9;9999;14;;;10005;20;10008;15;;;10004.0;0.0
bear_normal_s1;54500;INTARIAN_PEPPER_ROOT;12874;15;12871;25;;;12876;22;12880;18;;;12875.0;0.0
bear_normal_s1;54500;ASH_COATED_OSMIUM;9992;9;9988;19;;;10020;14;10022;10;;;10006.0;0.0
bear_normal_s1;54600;INTARIAN_PEPPER_ROOT;12872;16;12868;16;;;12876;10;12880;17;;;12874.0;0.0
bear_normal_s1;54600;ASH_COATED_OSMIUM;10003;16;9999;16;;;10007;11;10009;15;;;10005.0;0.0
bear_normal_s1;54700;INTARIAN_PEPPER_ROOT;12873;11;12869;19;;;12879;8;12883;20;;;12876.0;0.0
bear_normal_s1;54700;ASH_COATED_OSMIUM;9984;15;9981;22;;;10018;15;10020;12;;;10001.0;0.0
bear_normal_s1;54800;INTARIAN_PEPPER_ROOT;12871;17;12869;22;;;12883;11;12887;20;;;12877.0;0.0
bear_normal_s1;54800;ASH_COATED_OSMIUM;9997;10;9994;22;;;9999;5;10002;21;;;9998.0;0.0
bear_normal_s1;54900;INTARIAN_PEPPER_ROOT;12875;23;12872;14;;;12877;18;12881;21;;;12876.0;0.0
