day;timestamp;product;bid_price_1;bid_volume_1;bid_price_2;bid_volume_2;bid_price_3;bid_volume_3;ask_price_1;ask_volume_1;ask_price_2;ask_volume_2;ask_price_3;ask_volume_3;mid_price;profit_and_loss
v_recovery_normal_s1;0;INTARIAN_PEPPER_ROOT;12499;10;12497;15;;;12507;6;12511;24;;;12503.0;0.0
v_recovery_normal_s1;0;ASH_COATED_OSMIUM;9998;7;9994;21;;;10002;12;10004;16;;;10000.0;0.0
v_recovery_normal_s1;100;INTARIAN_PEPPER_ROOT;12490;19;12488;20;;;12512;14;12516;26;;;12501.0;0.0
v_recovery_normal_s1;100;ASH_COATED_OSMIUM;9980;19;9976;28;;;10016;11;10018;27;;;9998.0;0.0
v_recovery_normal_s1;200;INTARIAN_PEPPER_ROOT;12492;14;12489;22;;;12506;19;12510;21;;;12499.0;0.0
v_recovery_normal_s1;200;ASH_COATED_OSMIUM;9988;6;9985;33;;;10012;13;10016;10;;;10000.0;0.0
v_recovery_normal_s1;300;INTARIAN_PEPPER_ROOT;12494;12;12490;21;;;12498;24;12501;21;;;12496.0;0.0
v_recovery_normal_s1;300;ASH_COATED_OSMIUM;9995;26;9991;15;;;10003;18;10005;20;;;9999.0;0.0
v_recovery_normal_s1;400;INTARIAN_PEPPER_ROOT;12497;13;12494;16;;;12499;15;12501;20;;;12498.0;0.0
v_recovery_normal_s1;400;ASH_COATED_OSMIUM;9990;5;9988;14;;;10002;22;10005;29;;;9996.0;0.0
v_recovery_normal_s1;500;INTARIAN_PEPPER_ROOT;12488;18;12484;20;;;12498;13;12501;20;;;12493.0;0.0
v_recovery_normal_s1;500;ASH_COATED_OSMIUM;9984;13;9981;21;;;10008;8;10011;29;;;9996.0;0.0
v_recovery_normal_s1;600;INTARIAN_PEPPER_ROOT;12489;19;12486;11;;;12503;14;12506;16;;;12496.0;0.0
v_recovery_normal_s1;600;ASH_COATED_OSMIUM;9995;10;9991;21;;;9997;18;9999;25;;;9996.0;0.0
v_recovery_normal_s1;700;INTARIAN_PEPPER_ROOT;12479;19;12477;19;;;12507;18;12509;18;;;12493.0;0.0
v_recovery_normal_s1;700;ASH_COATED_OSMIUM;9972;17;9968;23;;;10024;5;10026;11;;;9998.0;0.0
v_recovery_normal_s1;800;INTARIAN_PEPPER_ROOT;12492;5;12490;21;;;12494;12;12498;22;;;12493.0;0.0
v_recovery_normal_s1;800;ASH_COATED_OSMIUM;9996;8;9992;15;;;9998;14;10000;21;;;9997.0;0.0
v_recovery_normal_s1;900;INTARIAN_PEPPER_ROOT;12491;12;12488;10;;;12493;18;12495;22;;;12492.0;0.0
v_recovery_normal_s1;900;ASH_COATED_OSMIUM;9987;7;9983;20;;;10005;13;10008;21;;;9996.0;0.0
v_recovery_normal_s1;1000;INTARIAN_PEPPER_ROOT;12493;9;12489;12;;;12497;10;12500;13;;;12495.0;0.0
v_recovery_normal_s1;1000;ASH_COATED_OSMIUM;9992;15;9990;19;;;10004;15;10008;27;;;9998.0;0.0
v_recovery_normal_s1;1100;INTARIAN_PEPPER_ROOT;12478;12;12475;23;;;12502;5;12505;19;;;12490.0;0.0
v_recovery_normal_s1;1100;ASH_COATED_OSMIUM;9995;19;9991;14;;;9999;19;10001;11;;;9997.0;0.0
v_recovery_normal_s1;1200;INTARIAN_PEPPER_ROOT;12487;24;12483;23;;;12489;16;12492;26;;;12488.0;0.0
v_recovery_normal_s1;1200;ASH_COATED_OSMIUM;9992;16;9989;18;;;10000;12;10003;13;;;9996.0;0.0
v_recovery_normal_s1;1300;INTARIAN_PEPPER_ROOT;12486;17;12483;20;;;12488;23;12490;20;;;12487.0;0.0
v_recovery_normal_s1;1300;ASH_COATED_OSMIUM;9988;9;9984;13;;;10002;18;10006;18;;;9995.0;0.0
v_recovery_normal_s1;1400;INTARIAN_PEPPER_ROOT;12487;12;12483;26;;;12489;9;12493;15;;;12488.0;0.0
v_recovery_normal_s1;1400;ASH_COATED_OSMIUM;9992;7;9989;12;;;9994;8;9998;25;;;9993.0;0.0
v_recovery_normal_s1;1500;INTARIAN_PEPPER_ROOT;12485;18;12482;20;;;12487;15;12489;15;;;12486.0;0.0
v_recovery_normal_s1;1500;ASH_COATED_OSMIUM;9995;12;9991;15;;;9997;17;9999;18;;;9996.0;0.0
v_recovery_normal_s1;1600;INTARIAN_PEPPER_ROOT;12482;10;12480;13;;;12488;14;12492;23;;;12485.0;0.0
v_recovery_normal_s1;1600;ASH_COATED_OSMIUM;9968;5;9966;14;;;10020;11;10023;19;;;9994.0;0.0
v_recovery_normal_s1;1700;INTARIAN_PEPPER_ROOT;12477;13;12473;25;;;12489;27;12492;31;;;12483.0;0.0
v_recovery_normal_s1;1700;ASH_COATED_OSMIUM;9985;15;9981;17;;;10005;17;10008;14;;;9995.0;0.0
v_recovery_normal_s1;1800;INTARIAN_PEPPER_ROOT;12481;17;12479;22;;;12483;11;12486;18;;;12482.0;0.0
v_recovery_normal_s1;1800;ASH_COATED_OSMIUM;9990;14;9988;32;;;10000;14;10003;18;;;9995.0;0.0
v_recovery_normal_s1;1900;INTARIAN_PEPPER_ROOT;12459;12;12455;22;;;12507;12;12509;18;;;12483.0;0.0
v_recovery_normal_s1;1900;ASH_COATED_OSMIUM;9989;8;9985;24;;;9997;10;10001;23;;;9993.0;0.0
v_recovery_normal_s1;2000;INTARIAN_PEPPER_ROOT;12479;17;12476;19;;;12481;16;12483;28;;;12480.0;0.0
v_recovery_normal_s1;2000;ASH_COATED_OSMIUM;9993;12;9989;16;;;9999;9;10003;17;;;9996.0;0.0
v_recovery_normal_s1;2100;INTARIAN_PEPPER_ROOT;12471;10;12467;27;;;12491;12;12495;16;;;12481.0;0.0
v_recovery_normal_s1;2100;ASH_COATED_OSMIUM;9970;18;9967;19;;;10026;14;10028;20;;;9998.0;0.0
v_recovery_normal_s1;2200;INTARIAN_PEPPER_ROOT;12478;10;12476;24;;;12488;15;12490;19;;;12483.0;0.0
v_recovery_normal_s1;2200;ASH_COATED_OSMIUM;9994;13;9991;22;;;10006;19;10009;17;;;10000.0;0.0
v_recovery_normal_s1;2300;INTARIAN_PEPPER_ROOT;12480;8;12476;18;;;12486;9;12488;13;;;12483.0;0.0
v_recovery_normal_s1;2300;ASH_COATED_OSMIUM;10000;11;9996;28;;;10002;7;10004;13;;;10001.0;0.0
v_recovery_normal_s1;2400;INTARIAN_PEPPER_ROOT;12461;9;12458;20;;;12509;25;12512;19;;;12485.0;0.0
v_recovery_normal_s1;2400;ASH_COATED_OSMIUM;9986;5;9982;21;;;10022;12;10024;18;;;10004.0;0.0
v_recovery_normal_s1;2500;INTARIAN_PEPPER_ROOT;12482;20;12480;20;;;12484;14;12487;15;;;12483.0;0.0
v_recovery_normal_s1;2500;ASH_COATED_OSMIUM;10005;18;10002;14;;;10011;7;10014;15;;;10008.0;0.0
v_recovery_normal_s1;2600;INTARIAN_PEPPER_ROOT;12477;11;12473;20;;;12485;13;12488;17;;;12481.0;0.0
v_recovery_normal_s1;2600;ASH_COATED_OSMIUM;9998;16;9994;29;;;10006;11;10009;21;;;10002.0;0.0
v_recovery_normal_s1;2700;INTARIAN_PEPPER_ROOT;12460;12;12457;17;;;12498;17;12502;15;;;12479.0;0.0
v_recovery_normal_s1;2700;ASH_COATED_OSMIUM;9963;14;9961;19;;;10049;12;10051;13;;;10006.0;0.0
v_recovery_normal_s1;2800;INTARIAN_PEPPER_ROOT;12475;12;12472;23;;;12481;23;12483;18;;;12478.0;0.0
v_recovery_normal_s1;2800;ASH_COATED_OSMIUM;10008;11;10006;9;;;10010;5;10014;23;;;10009.0;0.0
v_recovery_normal_s1;2900;INTARIAN_PEPPER_ROOT;12458;14;12454;8;;;12500;14;12503;20;;;12479.0;0.0
v_recovery_normal_s1;2900;ASH_COATED_OSMIUM;9994;5;9992;19;;;10026;12;10029;20;;;10010.0;0.0
v_recovery_normal_s1;3000;INTARIAN_PEPPER_ROOT;12475;20;12472;22;;;12477;8;12480;14;;;12476.0;0.0
v_recovery_normal_s1;3000;ASH_COATED_OSMIUM;10010;26;10008;22;;;10014;15;10017;23;;;10012.0;0.0
v_recovery_normal_s1;3100;INTARIAN_PEPPER_ROOT;12472;15;12470;22;;;12478;6;12480;19;;;12475.0;0.0
v_recovery_normal_s1;3100;ASH_COATED_OSMIUM;9982;20;9980;27;;;10040;16;10042;22;;;10011.0;0.0
v_recovery_normal_s1;3200;INTARIAN_PEPPER_ROOT;12463;5;12461;19;;;12483;16;12485;13;;;12473.0;0.0
v_recovery_normal_s1;3200;ASH_COATED_OSMIUM;10012;5;10009;15;;;10014;21;10016;15;;;10013.0;0.0
v_recovery_normal_s1;3300;INTARIAN_PEPPER_ROOT;12467;15;12463;19;;;12475;15;12479;21;;;12471.0;0.0
v_recovery_normal_s1;3300;ASH_COATED_OSMIUM;10009;15;10005;21;;;10011;19;10013;26;;;10010.0;0.0
v_recovery_normal_s1;3400;INTARIAN_PEPPER_ROOT;12458;11;12456;24;;;12480;15;12482;19;;;12469.0;0.0
v_recovery_normal_s1;3400;ASH_COATED_OSMIUM;10007;15;10005;14;;;10009;12;10011;12;;;10008.0;0.0
v_recovery_normal_s1;3500;INTARIAN_PEPPER_ROOT;12465;13;12463;18;;;12471;21;12474;20;;;12468.0;0.0
v_recovery_normal_s1;3500;ASH_COATED_OSMIUM;10008;8;10005;15;;;10010;16;10014;24;;;10009.0;0.0
v_recovery_normal_s1;3600;INTARIAN_PEPPER_ROOT;12465;20;12462;16;;;12467;12;12470;20;;;12466.0;0.0
v_recovery_normal_s1;3600;ASH_COATED_OSMIUM;9999;10;9997;15;;;10021;6;10025;14;;;10010.0;0.0
v_recovery_normal_s1;3700;INTARIAN_PEPPER_ROOT;12446;12;12444;18;;;12484;8;12487;28;;;12465.0;0.0
v_recovery_normal_s1;3700;ASH_COATED_OSMIUM;10005;18;10002;19;;;10013;10;10016;21;;;10009.0;0.0
v_recovery_normal_s1;3800;INTARIAN_PEPPER_ROOT;12456;17;12453;23;;;12480;9;12482;23;;;12468.0;0.0
v_recovery_normal_s1;3800;ASH_COATED_OSMIUM;10002;22;9998;24;;;10004;14;10006;28;;;10003.0;0.0
v_recovery_normal_s1;3900;INTARIAN_PEPPER_ROOT;12450;14;12446;22;;;12488;15;12492;11;;;12469.0;0.0
v_recovery_normal_s1;3900;ASH_COATED_OSMIUM;9998;7;9996;19;;;10000;6;10002;18;;;9999.0;0.0
v_recovery_normal_s1;4000;INTARIAN_PEPPER_ROOT;12459;13;12457;18;;;12477;20;12479;20;;;12468.0;0.0
v_recovery_normal_s1;4000;ASH_COATED_OSMIUM;9990;16;9987;20;;;10002;9;10004;13;;;9996.0;0.0
v_recovery_normal_s1;4100;INTARIAN_PEPPER_ROOT;12463;9;12459;25;;;12469;9;12471;28;;;12466.0;0.0
v_recovery_normal_s1;4100;ASH_COATED_OSMIUM;9992;7;9989;29;;;9994;10;9997;15;;;9993.0;0.0
v_recovery_normal_s1;4200;INTARIAN_PEPPER_ROOT;12463;15;12460;18;;;12465;6;12469;16;;;12464.0;0.0
v_recovery_normal_s1;4200;ASH_COATED_OSMIUM;9991;10;9987;13;;;10003;17;10006;17;;;9997.0;0.0
v_recovery_normal_s1;4300;INTARIAN_PEPPER_ROOT;12465;8;12463;9;;;12469;13;12471;23;;;12467.0;0.0
v_recovery_normal_s1;4300;ASH_COATED_OSMIUM;9989;26;9985;22;;;9997;18;10000;18;;;9993.0;0.0
v_recovery_normal_s1;4400;INTARIAN_PEPPER_ROOT;12453;20;12451;21;;;12477;10;12481;15;;;12465.0;0.0
v_recovery_normal_s1;4400;ASH_COATED_OSMIUM;9993;10;9989;24;;;9995;11;9999;27;;;9994.0;0.0
v_recovery_normal_s1;4500;INTARIAN_PEPPER_ROOT;12460;16;12456;16;;;12468;13;12471;23;;;12464.0;0.0
v_recovery_normal_s1;4500;ASH_COATED_OSMIUM;9990;13;9986;13;;;9992;5;9995;20;;;9991.0;0.0
v_recovery_normal_s1;4600;INTARIAN_PEPPER_ROOT;12457;22;12455;24;;;12471;24;12475;18;;;12464.0;0.0
v_recovery_normal_s1;4600;ASH_COATED_OSMIUM;9975;5;9972;28;;;10005;13;10007;12;;;9990.0;0.0
v_recovery_normal_s1;4700;INTARIAN_PEPPER_ROOT;12465;7;12462;18;;;12469;11;12472;22;;;12467.0;0.0
v_recovery_normal_s1;4700;ASH_COATED_OSMIUM;9981;7;9979;9;;;9993;22;9996;26;;;9987.0;0.0
v_recovery_normal_s1;4800;INTARIAN_PEPPER_ROOT;12463;14;12460;21;;;12471;20;12475;16;;;12467.0;0.0
v_recovery_normal_s1;4800;ASH_COATED_OSMIUM;9983;18;9980;16;;;9985;21;9988;25;;;9984.0;0.0
v_recovery_normal_s1;4900;INTARIAN_PEPPER_ROOT;12467;30;12465;28;;;12469;16;12473;19;;;12468.0;0.0
v_recovery_normal_s1;4900;ASH_COATED_OSMIUM;9974;8;9971;12;;;9992;15;9996;19;;;9983.0;0.0
v_recovery_normal_s1;5000;INTARIAN_PEPPER_ROOT;12465;27;12463;18;;;12469;10;12473;24;;;12467.0;0.0
v_recovery_normal_s1;5000;ASH_COATED_OSMIUM;9987;8;9985;18;;;9989;21;9992;17;;;9988.0;0.0
v_recovery_normal_s1;5100;INTARIAN_PEPPER_ROOT;12455;12;12451;18;;;12477;16;12481;28;;;12466.0;0.0
v_recovery_normal_s1;5100;ASH_COATED_OSMIUM;9989;22;9987;19;;;9991;7;9994;20;;;9990.0;0.0
v_recovery_normal_s1;5200;INTARIAN_PEPPER_ROOT;12450;12;12448;25;;;12476;13;12480;22;;;12463.0;0.0
v_recovery_normal_s1;5200;ASH_COATED_OSMIUM;9982;13;9979;14;;;9988;9;9990;19;;;9985.0;0.0
v_recovery_normal_s1;5300;INTARIAN_PEPPER_ROOT;12461;16;12459;11;;;12463;19;12465;24;;;12462.0;0.0
v_recovery_normal_s1;5300;ASH_COATED_OSMIUM;9961;13;9959;22;;;10005;17;10007;17;;;9983.0;0.0
v_recovery_normal_s1;5400;INTARIAN_PEPPER_ROOT;12451;15;12448;13;;;12469;23;12471;17;;;12460.0;0.0
v_recovery_normal_s1;5400;ASH_COATED_OSMIUM;9981;23;9978;16;;;9985;6;9987;24;;;9983.0;0.0
v_recovery_normal_s1;5500;INTARIAN_PEPPER_ROOT;12453;6;12450;22;;;12471;15;12473;14;;;12462.0;0.0
v_recovery_normal_s1;5500;ASH_COATED_OSMIUM;9978;18;9975;25;;;9990;5;9992;20;;;9984.0;0.0
v_recovery_normal_s1;5600;INTARIAN_PEPPER_ROOT;12462;18;12459;15;;;12464;18;12467;15;;;12463.0;0.0
v_recovery_normal_s1;5600;ASH_COATED_OSMIUM;9982;8;9980;27;;;9988;5;9991;17;;;9985.0;0.0
v_recovery_normal_s1;5700;INTARIAN_PEPPER_ROOT;12462;17;12460;15;;;12466;18;12468;28;;;12464.0;0.0
v_recovery_normal_s1;5700;ASH_COATED_OSMIUM;9985;5;9982;27;;;9991;7;9994;16;;;9988.0;0.0
v_recovery_normal_s1;5800;INTARIAN_PEPPER_ROOT;12463;18;12459;20;;;12465;11;12467;19;;;12464.0;0.0
v_recovery_normal_s1;5800;ASH_COATED_OSMIUM;9984;5;9980;20;;;9992;16;9995;23;;;9988.0;0.0
v_recovery_normal_s1;5900;INTARIAN_PEPPER_ROOT;12464;14;12461;32;;;12466;16;12469;17;;;12465.0;0.0
v_recovery_normal_s1;5900;ASH_COATED_OSMIUM;9978;16;9976;8;;;9992;14;9994;12;;;9985.0;0.0
v_recovery_normal_s1;6000;INTARIAN_PEPPER_ROOT;12455;12;12452;20;;;12471;8;12474;25;;;12463.0;0.0
v_recovery_normal_s1;6000;ASH_COATED_OSMIUM;9980;8;9978;22;;;9986;13;9989;21;;;9983.0;0.0
v_recovery_normal_s1;6100;INTARIAN_PEPPER_ROOT;12464;13;12460;22;;;12466;25;12468;22;;;12465.0;0.0
v_recovery_normal_s1;6100;ASH_COATED_OSMIUM;9983;23;9981;18;;;9985;5;9988;16;;;9984.0;0.0
v_recovery_normal_s1;6200;INTARIAN_PEPPER_ROOT;12462;11;12458;17;;;12470;17;12473;18;;;12466.0;0.0
v_recovery_normal_s1;6200;ASH_COATED_OSMIUM;9958;15;9955;28;;;10018;11;10021;24;;;9988.0;0.0
v_recovery_normal_s1;6300;INTARIAN_PEPPER_ROOT;12463;15;12461;16;;;12465;11;12469;16;;;12464.0;0.0
v_recovery_normal_s1;6300;ASH_COATED_OSMIUM;9979;18;9975;23;;;9993;14;9995;9;;;9986.0;0.0
v_recovery_normal_s1;6400;INTARIAN_PEPPER_ROOT;12457;14;12454;14;;;12471;16;12475;10;;;12464.0;0.0
v_recovery_normal_s1;6400;ASH_COATED_OSMIUM;9983;9;9981;16;;;9987;9;9991;19;;;9985.0;0.0
v_recovery_normal_s1;6500;INTARIAN_PEPPER_ROOT;12460;12;12456;27;;;12468;18;12472;13;;;12464.0;0.0
v_recovery_normal_s1;6500;ASH_COATED_OSMIUM;9971;6;9969;21;;;10001;5;10004;21;;;9986.0;0.0
v_recovery_normal_s1;6600;INTARIAN_PEPPER_ROOT;12443;19;12441;19;;;12487;6;12491;24;;;12465.0;0.0
v_recovery_normal_s1;6600;ASH_COATED_OSMIUM;9973;11;9969;23;;;10003;18;10005;22;;;9988.0;0.0
v_recovery_normal_s1;6700;INTARIAN_PEPPER_ROOT;12464;20;12461;15;;;12472;13;12476;14;;;12468.0;0.0
v_recovery_normal_s1;6700;ASH_COATED_OSMIUM;9980;6;9978;20;;;9992;14;9995;24;;;9986.0;0.0
v_recovery_normal_s1;6800;INTARIAN_PEPPER_ROOT;12467;7;12465;30;;;12477;20;12480;24;;;12472.0;0.0
v_recovery_normal_s1;6800;ASH_COATED_OSMIUM;9989;18;9985;17;;;9991;6;9995;22;;;9990.0;0.0
v_recovery_normal_s1;6900;INTARIAN_PEPPER_ROOT;12461;17;12459;17;;;12477;14;12480;20;;;12469.0;0.0
v_recovery_normal_s1;6900;ASH_COATED_OSMIUM;9991;16;9989;16;;;9995;18;9999;26;;;9993.0;0.0
v_recovery_normal_s1;7000;INTARIAN_PEPPER_ROOT;12459;8;12456;18;;;12469;13;12472;24;;;12464.0;0.0
v_recovery_normal_s1;7000;ASH_COATED_OSMIUM;9983;15;9980;14;;;10017;12;10019;20;;;10000.0;0.0
v_recovery_normal_s1;7100;INTARIAN_PEPPER_ROOT;12462;10;12460;23;;;12464;14;12468;29;;;12463.0;0.0
v_recovery_normal_s1;7100;ASH_COATED_OSMIUM;9997;19;9994;19;;;9999;8;10001;8;;;9998.0;0.0
v_recovery_normal_s1;7200;INTARIAN_PEPPER_ROOT;12460;17;12456;28;;;12464;12;12466;17;;;12462.0;0.0
v_recovery_normal_s1;7200;ASH_COATED_OSMIUM;9996;9;9994;18;;;10000;10;10002;19;;;9998.0;0.0
v_recovery_normal_s1;7300;INTARIAN_PEPPER_ROOT;12461;5;12459;19;;;12467;11;12470;21;;;12464.0;0.0
v_recovery_normal_s1;7300;ASH_COATED_OSMIUM;9987;19;9983;23;;;10001;5;10004;19;;;9994.0;0.0
v_recovery_normal_s1;7400;INTARIAN_PEPPER_ROOT;12454;13;12451;31;;;12474;14;12477;12;;;12464.0;0.0
v_recovery_normal_s1;7400;ASH_COATED_OSMIUM;9991;9;9989;24;;;9999;21;10001;28;;;9995.0;0.0
v_recovery_normal_s1;7500;INTARIAN_PEPPER_ROOT;12458;20;12455;24;;;12460;12;12462;22;;;12459.0;0.0
v_recovery_normal_s1;7500;ASH_COATED_OSMIUM;9987;6;9985;8;;;9999;8;10003;27;;;9993.0;0.0
v_recovery_normal_s1;7600;INTARIAN_PEPPER_ROOT;12453;17;12450;21;;;12463;16;12466;16;;;12458.0;0.0
v_recovery_normal_s1;7600;ASH_COATED_OSMIUM;9987;12;9985;29;;;9999;7;10001;19;;;9993.0;0.0
v_recovery_normal_s1;7700;INTARIAN_PEPPER_ROOT;12458;14;12455;16;;;12460;6;12464;23;;;12459.0;0.0
v_recovery_normal_s1;7700;ASH_COATED_OSMIUM;9986;14;9982;20;;;10002;13;10005;9;;;9994.0;0.0
v_recovery_normal_s1;7800;INTARIAN_PEPPER_ROOT;12458;15;12454;16;;;12460;10;12463;16;;;12459.0;0.0
v_recovery_normal_s1;7800;ASH_COATED_OSMIUM;9993;19;9989;19;;;9997;11;9999;23;;;9995.0;0.0
v_recovery_normal_s1;7900;INTARIAN_PEPPER_ROOT;12459;20;12455;13;;;12461;16;12465;8;;;12460.0;0.0
v_recovery_normal_s1;7900;ASH_COATED_OSMIUM;9996;11;9993;17;;;10000;14;10002;25;;;9998.0;0.0
v_recovery_normal_s1;8000;INTARIAN_PEPPER_ROOT;12418;21;12414;19;;;12500;11;12502;19;;;12459.0;0.0
v_recovery_normal_s1;8000;ASH_COATED_OSMIUM;9999;12;9995;21;;;10001;12;10005;19;;;10000.0;0.0
v_recovery_normal_s1;8100;INTARIAN_PEPPER_ROOT;12442;10;12438;27;;;12474;13;12477;11;;;12458.0;0.0
v_recovery_normal_s1;8100;ASH_COATED_OSMIUM;9985;5;9983;22;;;10009;15;10011;17;;;9997.0;0.0
v_recovery_normal_s1;8200;INTARIAN_PEPPER_ROOT;12456;10;12454;19;;;12460;9;12462;8;;;12458.0;0.0
v_recovery_normal_s1;8200;ASH_COATED_OSMIUM;9995;12;9993;23;;;9997;11;10001;29;;;9996.0;0.0
v_recovery_normal_s1;8300;INTARIAN_PEPPER_ROOT;12457;15;12454;19;;;12459;15;12461;10;;;12458.0;0.0
v_recovery_normal_s1;8300;ASH_COATED_OSMIUM;9992;7;9990;21;;;9998;7;10001;30;;;9995.0;0.0
v_recovery_normal_s1;8400;INTARIAN_PEPPER_ROOT;12455;13;12451;25;;;12461;15;12465;28;;;12458.0;0.0
v_recovery_normal_s1;8400;ASH_COATED_OSMIUM;9987;10;9984;26;;;9999;6;10001;12;;;9993.0;0.0
v_recovery_normal_s1;8500;INTARIAN_PEPPER_ROOT;12456;10;12453;9;;;12458;19;12461;23;;;12457.0;0.0
v_recovery_normal_s1;8500;ASH_COATED_OSMIUM;9998;5;9994;19;;;10004;5;10006;19;;;10001.0;0.0
v_recovery_normal_s1;8600;INTARIAN_PEPPER_ROOT;12455;24;12451;14;;;12457;20;12460;23;;;12456.0;0.0
v_recovery_normal_s1;8600;ASH_COATED_OSMIUM;9996;5;9992;15;;;10012;5;10016;11;;;10004.0;0.0
v_recovery_normal_s1;8700;INTARIAN_PEPPER_ROOT;12444;18;12442;31;;;12468;12;12470;27;;;12456.0;0.0
v_recovery_normal_s1;8700;ASH_COATED_OSMIUM;10000;14;9996;19;;;10002;19;10006;15;;;10001.0;0.0
v_recovery_normal_s1;8800;INTARIAN_PEPPER_ROOT;12453;5;12451;18;;;12459;15;12462;27;;;12456.0;0.0
v_recovery_normal_s1;8800;ASH_COATED_OSMIUM;9993;17;9991;18;;;10007;7;10009;22;;;10000.0;0.0
v_recovery_normal_s1;8900;INTARIAN_PEPPER_ROOT;12451;15;12447;27;;;12463;18;12466;21;;;12457.0;0.0
v_recovery_normal_s1;8900;ASH_COATED_OSMIUM;9997;11;9994;26;;;10007;9;10009;20;;;10002.0;0.0
v_recovery_normal_s1;9000;INTARIAN_PEPPER_ROOT;12454;13;12450;21;;;12464;9;12466;21;;;12459.0;0.0
v_recovery_normal_s1;9000;ASH_COATED_OSMIUM;10001;13;9997;27;;;10003;21;10005;14;;;10002.0;0.0
v_recovery_normal_s1;9100;INTARIAN_PEPPER_ROOT;12454;5;12452;24;;;12464;19;12467;23;;;12459.0;0.0
v_recovery_normal_s1;9100;ASH_COATED_OSMIUM;9994;17;9990;29;;;10002;11;10005;9;;;9998.0;0.0
v_recovery_normal_s1;9200;INTARIAN_PEPPER_ROOT;12456;14;12452;25;;;12458;11;12461;28;;;12457.0;0.0
v_recovery_normal_s1;9200;ASH_COATED_OSMIUM;10002;11;9999;17;;;10004;10;10008;32;;;10003.0;0.0
v_recovery_normal_s1;9300;INTARIAN_PEPPER_ROOT;12453;13;12451;16;;;12459;7;12463;13;;;12456.0;0.0
v_recovery_normal_s1;9300;ASH_COATED_OSMIUM;10001;5;9998;28;;;10007;8;10011;25;;;10004.0;0.0
v_recovery_normal_s1;9400;INTARIAN_PEPPER_ROOT;12435;15;12432;18;;;12477;19;12479;28;;;12456.0;0.0
v_recovery_normal_s1;9400;ASH_COATED_OSMIUM;10000;16;9996;22;;;10004;8;10006;21;;;10002.0;0.0
v_recovery_normal_s1;9500;INTARIAN_PEPPER_ROOT;12453;20;12451;24;;;12457;16;12461;17;;;12455.0;0.0
v_recovery_normal_s1;9500;ASH_COATED_OSMIUM;9999;7;9996;22;;;10003;11;10005;25;;;10001.0;0.0
v_recovery_normal_s1;9600;INTARIAN_PEPPER_ROOT;12444;19;12441;9;;;12464;13;12468;20;;;12454.0;0.0
v_recovery_normal_s1;9600;ASH_COATED_OSMIUM;9990;9;9987;21;;;10010;7;10014;15;;;10000.0;0.0
v_recovery_normal_s1;9700;INTARIAN_PEPPER_ROOT;12439;8;12437;19;;;12467;14;12469;18;;;12453.0;0.0
v_recovery_normal_s1;9700;ASH_COATED_OSMIUM;9987;11;9985;22;;;10015;8;10017;23;;;10001.0;0.0
v_recovery_normal_s1;9800;INTARIAN_PEPPER_ROOT;12450;21;12448;27;;;12452;14;12454;21;;;12451.0;0.0
v_recovery_normal_s1;9800;ASH_COATED_OSMIUM;9994;5;9990;25;;;10006;11;10008;21;;;10000.0;0.0
v_recovery_normal_s1;9900;INTARIAN_PEPPER_ROOT;12448;11;12445;16;;;12456;18;12458;27;;;12452.0;0.0
v_recovery_normal_s1;9900;ASH_COATED_OSMIUM;10000;12;9996;25;;;10002;12;10006;28;;;10001.0;0.0
v_recovery_normal_s1;10000;INTARIAN_PEPPER_ROOT;12450;14;12448;24;;;12452;13;12456;19;;;12451.0;0.0
v_recovery_normal_s1;10000;ASH_COATED_OSMIUM;10000;7;9996;17;;;10008;20;10012;19;;;10004.0;0.0
v_recovery_normal_s1;10100;INTARIAN_PEPPER_ROOT;12451;17;12447;15;;;12455;19;12459;21;;;12453.0;0.0
v_recovery_normal_s1;10100;ASH_COATED_OSMIUM;9995;10;9991;21;;;10005;13;10009;20;;;10000.0;0.0
v_recovery_normal_s1;10200;INTARIAN_PEPPER_ROOT;12442;15;12440;16;;;12464;9;12466;20;;;12453.0;0.0
v_recovery_normal_s1;10200;ASH_COATED_OSMIUM;10002;9;9998;23;;;10004;8;10008;15;;;10003.0;0.0
v_recovery_normal_s1;10300;INTARIAN_PEPPER_ROOT;12452;14;12448;27;;;12454;15;12456;13;;;12453.0;0.0
v_recovery_normal_s1;10300;ASH_COATED_OSMIUM;9999;19;9996;20;;;10017;13;10019;23;;;10008.0;0.0
v_recovery_normal_s1;10400;INTARIAN_PEPPER_ROOT;12449;17;12446;18;;;12451;5;12454;22;;;12450.0;0.0
v_recovery_normal_s1;10400;ASH_COATED_OSMIUM;10005;13;10003;17;;;10013;6;10015;23;;;10009.0;0.0
v_recovery_normal_s1;10500;INTARIAN_PEPPER_ROOT;12444;21;12441;15;;;12456;14;12460;11;;;12450.0;0.0
v_recovery_normal_s1;10500;ASH_COATED_OSMIUM;9992;9;9990;10;;;10030;25;10032;15;;;10011.0;0.0
v_recovery_normal_s1;10600;INTARIAN_PEPPER_ROOT;12450;18;12448;25;;;12452;12;12454;32;;;12451.0;0.0
v_recovery_normal_s1;10600;ASH_COATED_OSMIUM;10008;7;10005;23;;;10018;14;10021;20;;;10013.0;0.0
v_recovery_normal_s1;10700;INTARIAN_PEPPER_ROOT;12444;9;12442;18;;;12454;14;12457;21;;;12449.0;0.0
v_recovery_normal_s1;10700;ASH_COATED_OSMIUM;10010;16;10008;18;;;10024;5;10028;22;;;10017.0;0.0
v_recovery_normal_s1;10800;INTARIAN_PEPPER_ROOT;12444;15;12442;15;;;12452;18;12455;19;;;12448.0;0.0
v_recovery_normal_s1;10800;ASH_COATED_OSMIUM;10010;11;10006;19;;;10014;16;10017;31;;;10012.0;0.0
v_recovery_normal_s1;10900;INTARIAN_PEPPER_ROOT;12432;20;12428;12;;;12462;22;12466;28;;;12447.0;0.0
v_recovery_normal_s1;10900;ASH_COATED_OSMIUM;9999;5;9996;13;;;10017;14;10021;13;;;10008.0;0.0
v_recovery_normal_s1;11000;INTARIAN_PEPPER_ROOT;12441;12;12438;14;;;12447;12;12450;27;;;12444.0;0.0
v_recovery_normal_s1;11000;ASH_COATED_OSMIUM;9999;11;9997;15;;;10007;13;10009;19;;;10003.0;0.0
v_recovery_normal_s1;11100;INTARIAN_PEPPER_ROOT;12423;20;12419;27;;;12463;16;12465;15;;;12443.0;0.0
v_recovery_normal_s1;11100;ASH_COATED_OSMIUM;9974;16;9972;19;;;10040;13;10044;17;;;10007.0;0.0
v_recovery_normal_s1;11200;INTARIAN_PEPPER_ROOT;12426;13;12423;30;;;12464;9;12467;20;;;12445.0;0.0
v_recovery_normal_s1;11200;ASH_COATED_OSMIUM;9969;18;9965;20;;;10045;6;10049;24;;;10007.0;0.0
v_recovery_normal_s1;11300;INTARIAN_PEPPER_ROOT;12441;13;12439;24;;;12443;26;12446;19;;;12442.0;0.0
v_recovery_normal_s1;11300;ASH_COATED_OSMIUM;10001;9;9999;22;;;10017;21;10020;20;;;10009.0;0.0
v_recovery_normal_s1;11400;INTARIAN_PEPPER_ROOT;12438;13;12436;21;;;12446;26;12449;26;;;12442.0;0.0
v_recovery_normal_s1;11400;ASH_COATED_OSMIUM;10008;8;10005;30;;;10010;11;10014;17;;;10009.0;0.0
v_recovery_normal_s1;11500;INTARIAN_PEPPER_ROOT;12433;11;12431;16;;;12447;10;12450;21;;;12440.0;0.0
v_recovery_normal_s1;11500;ASH_COATED_OSMIUM;10005;14;10003;15;;;10007;12;10010;15;;;10006.0;0.0
v_recovery_normal_s1;11600;INTARIAN_PEPPER_ROOT;12437;22;12433;29;;;12439;13;12442;13;;;12438.0;0.0
v_recovery_normal_s1;11600;ASH_COATED_OSMIUM;10004;17;10002;18;;;10006;16;10009;24;;;10005.0;0.0
v_recovery_normal_s1;11700;INTARIAN_PEPPER_ROOT;12429;13;12425;22;;;12443;12;12446;31;;;12436.0;0.0
v_recovery_normal_s1;11700;ASH_COATED_OSMIUM;9987;14;9985;22;;;10023;16;10027;13;;;10005.0;0.0
v_recovery_normal_s1;11800;INTARIAN_PEPPER_ROOT;12427;16;12424;23;;;12445;14;12447;25;;;12436.0;0.0
v_recovery_normal_s1;11800;ASH_COATED_OSMIUM;9992;16;9989;12;;;10018;10;10022;24;;;10005.0;0.0
v_recovery_normal_s1;11900;INTARIAN_PEPPER_ROOT;12432;11;12429;27;;;12442;19;12445;21;;;12437.0;0.0
v_recovery_normal_s1;11900;ASH_COATED_OSMIUM;10000;7;9997;33;;;10010;9;10014;22;;;10005.0;0.0
v_recovery_normal_s1;12000;INTARIAN_PEPPER_ROOT;12424;17;12422;18;;;12448;19;12452;21;;;12436.0;0.0
v_recovery_normal_s1;12000;ASH_COATED_OSMIUM;10006;12;10003;16;;;10008;17;10010;21;;;10007.0;0.0
v_recovery_normal_s1;12100;INTARIAN_PEPPER_ROOT;12430;16;12427;15;;;12438;17;12441;21;;;12434.0;0.0
v_recovery_normal_s1;12100;ASH_COATED_OSMIUM;10004;9;10000;15;;;10010;9;10013;12;;;10007.0;0.0
v_recovery_normal_s1;12200;INTARIAN_PEPPER_ROOT;12426;6;12423;25;;;12446;9;12450;11;;;12436.0;0.0
v_recovery_normal_s1;12200;ASH_COATED_OSMIUM;9985;15;9981;16;;;10031;7;10033;14;;;10008.0;0.0
v_recovery_normal_s1;12300;INTARIAN_PEPPER_ROOT;12438;19;12434;28;;;12440;11;12442;14;;;12439.0;0.0
v_recovery_normal_s1;12300;ASH_COATED_OSMIUM;9998;6;9996;32;;;10024;8;10028;20;;;10011.0;0.0
v_recovery_normal_s1;12400;INTARIAN_PEPPER_ROOT;12434;14;12432;23;;;12436;22;12440;15;;;12435.0;0.0
v_recovery_normal_s1;12400;ASH_COATED_OSMIUM;10010;12;10008;21;;;10016;14;10018;22;;;10013.0;0.0
v_recovery_normal_s1;12500;INTARIAN_PEPPER_ROOT;12433;6;12430;19;;;12441;18;12443;22;;;12437.0;0.0
v_recovery_normal_s1;12500;ASH_COATED_OSMIUM;10015;15;10011;18;;;10019;12;10022;14;;;10017.0;0.0
v_recovery_normal_s1;12600;INTARIAN_PEPPER_ROOT;12438;20;12434;18;;;12442;15;12445;24;;;12440.0;0.0
v_recovery_normal_s1;12600;ASH_COATED_OSMIUM;10007;11;10004;21;;;10017;7;10021;21;;;10012.0;0.0
v_recovery_normal_s1;12700;INTARIAN_PEPPER_ROOT;12435;17;12433;17;;;12443;16;12447;19;;;12439.0;0.0
v_recovery_normal_s1;12700;ASH_COATED_OSMIUM;10009;14;10005;8;;;10015;13;10019;20;;;10012.0;0.0
v_recovery_normal_s1;12800;INTARIAN_PEPPER_ROOT;12435;18;12433;24;;;12437;13;12439;10;;;12436.0;0.0
v_recovery_normal_s1;12800;ASH_COATED_OSMIUM;10011;13;10009;18;;;10015;11;10018;15;;;10013.0;0.0
v_recovery_normal_s1;12900;INTARIAN_PEPPER_ROOT;12436;18;12432;20;;;12438;15;12440;13;;;12437.0;0.0
v_recovery_normal_s1;12900;ASH_COATED_OSMIUM;9997;5;9993;22;;;10025;12;10027;27;;;10011.0;0.0
v_recovery_normal_s1;13000;INTARIAN_PEPPER_ROOT;12430;11;12426;16;;;12442;16;12445;27;;;12436.0;0.0
v_recovery_normal_s1;13000;ASH_COATED_OSMIUM;10000;15;9997;20;;;10016;16;10020;21;;;10008.0;0.0
v_recovery_normal_s1;13100;INTARIAN_PEPPER_ROOT;12433;17;12429;21;;;12437;12;12440;20;;;12435.0;0.0
v_recovery_normal_s1;13100;ASH_COATED_OSMIUM;9991;17;9989;19;;;10025;20;10027;14;;;10008.0;0.0
v_recovery_normal_s1;13200;INTARIAN_PEPPER_ROOT;12431;12;12428;24;;;12433;20;12437;20;;;12432.0;0.0
v_recovery_normal_s1;13200;ASH_COATED_OSMIUM;10007;21;10004;21;;;10015;9;10018;21;;;10011.0;0.0
v_recovery_normal_s1;13300;INTARIAN_PEPPER_ROOT;12426;8;12422;13;;;12438;23;12442;20;;;12432.0;0.0
v_recovery_normal_s1;13300;ASH_COATED_OSMIUM;10016;16;10014;24;;;10018;8;10020;18;;;10017.0;0.0
v_recovery_normal_s1;13400;INTARIAN_PEPPER_ROOT;12411;18;12409;16;;;12455;16;12457;21;;;12433.0;0.0
v_recovery_normal_s1;13400;ASH_COATED_OSMIUM;10004;18;10000;29;;;10014;7;10018;25;;;10009.0;0.0
v_recovery_normal_s1;13500;INTARIAN_PEPPER_ROOT;12424;11;12420;22;;;12438;13;12440;15;;;12431.0;0.0
v_recovery_normal_s1;13500;ASH_COATED_OSMIUM;9998;10;9996;26;;;10012;15;10014;9;;;10005.0;0.0
v_recovery_normal_s1;13600;INTARIAN_PEPPER_ROOT;12425;11;12423;19;;;12439;19;12442;19;;;12432.0;0.0
v_recovery_normal_s1;13600;ASH_COATED_OSMIUM;10001;20;9999;23;;;10003;7;10006;22;;;10002.0;0.0
v_recovery_normal_s1;13700;INTARIAN_PEPPER_ROOT;12427;22;12424;15;;;12431;7;12435;25;;;12429.0;0.0
v_recovery_normal_s1;13700;ASH_COATED_OSMIUM;10000;13;9997;20;;;10010;17;10013;19;;;10005.0;0.0
v_recovery_normal_s1;13800;INTARIAN_PEPPER_ROOT;12429;5;12425;17;;;12431;9;12433;19;;;12430.0;0.0
v_recovery_normal_s1;13800;ASH_COATED_OSMIUM;10003;17;9999;15;;;10005;9;10007;15;;;10004.0;0.0
v_recovery_normal_s1;13900;INTARIAN_PEPPER_ROOT;12426;9;12422;23;;;12432;12;12435;15;;;12429.0;0.0
v_recovery_normal_s1;13900;ASH_COATED_OSMIUM;10003;9;9999;29;;;10005;17;10007;22;;;10004.0;0.0
v_recovery_normal_s1;14000;INTARIAN_PEPPER_ROOT;12425;11;12421;15;;;12431;13;12434;16;;;12428.0;0.0
v_recovery_normal_s1;14000;ASH_COATED_OSMIUM;10000;23;9998;31;;;10006;15;10010;25;;;10003.0;0.0
v_recovery_normal_s1;14100;INTARIAN_PEPPER_ROOT;12420;25;12417;19;;;12434;22;12438;15;;;12427.0;0.0
v_recovery_normal_s1;14100;ASH_COATED_OSMIUM;9989;15;9985;16;;;10017;6;10020;24;;;10003.0;0.0
v_recovery_normal_s1;14200;INTARIAN_PEPPER_ROOT;12424;14;12422;15;;;12434;27;12438;19;;;12429.0;0.0
v_recovery_normal_s1;14200;ASH_COATED_OSMIUM;9999;21;9996;16;;;10017;20;10021;16;;;10008.0;0.0
v_recovery_normal_s1;14300;INTARIAN_PEPPER_ROOT;12426;16;12423;16;;;12434;8;12437;21;;;12430.0;0.0
v_recovery_normal_s1;14300;ASH_COATED_OSMIUM;9984;19;9982;15;;;10030;10;10034;17;;;10007.0;0.0
v_recovery_normal_s1;14400;INTARIAN_PEPPER_ROOT;12412;18;12408;23;;;12448;14;12451;18;;;12430.0;0.0
v_recovery_normal_s1;14400;ASH_COATED_OSMIUM;9991;5;9989;16;;;10031;6;10035;21;;;10011.0;0.0
v_recovery_normal_s1;14500;INTARIAN_PEPPER_ROOT;12420;7;12416;17;;;12438;9;12440;30;;;12429.0;0.0
v_recovery_normal_s1;14500;ASH_COATED_OSMIUM;9995;9;9992;13;;;10017;10;10021;17;;;10006.0;0.0
v_recovery_normal_s1;14600;INTARIAN_PEPPER_ROOT;12429;12;12426;20;;;12431;17;12433;20;;;12430.0;0.0
v_recovery_normal_s1;14600;ASH_COATED_OSMIUM;10006;9;10003;16;;;10010;13;10014;18;;;10008.0;0.0
v_recovery_normal_s1;14700;INTARIAN_PEPPER_ROOT;12425;18;12421;20;;;12435;17;12439;34;;;12430.0;0.0
v_recovery_normal_s1;14700;ASH_COATED_OSMIUM;9987;5;9984;19;;;10027;19;10031;21;;;10007.0;0.0
v_recovery_normal_s1;14800;INTARIAN_PEPPER_ROOT;12418;17;12414;21;;;12440;16;12443;21;;;12429.0;0.0
v_recovery_normal_s1;14800;ASH_COATED_OSMIUM;9987;10;9983;14;;;10027;6;10031;14;;;10007.0;0.0
v_recovery_normal_s1;14900;INTARIAN_PEPPER_ROOT;12427;22;12424;23;;;12435;5;12439;22;;;12431.0;0.0
v_recovery_normal_s1;14900;ASH_COATED_OSMIUM;9999;17;9996;18;;;10023;6;10025;26;;;10011.0;0.0
v_recovery_normal_s1;15000;INTARIAN_PEPPER_ROOT;12428;18;12426;21;;;12430;8;12434;25;;;12429.0;0.0
v_recovery_normal_s1;15000;ASH_COATED_OSMIUM;9986;14;9982;17;;;10026;15;10028;24;;;10006.0;0.0
v_recovery_normal_s1;15100;INTARIAN_PEPPER_ROOT;12422;18;12420;20;;;12426;17;12430;20;;;12424.0;0.0
v_recovery_normal_s1;15100;ASH_COATED_OSMIUM;10007;12;10004;24;;;10009;8;10012;11;;;10008.0;0.0
v_recovery_normal_s1;15200;INTARIAN_PEPPER_ROOT;12424;14;12421;13;;;12426;19;12428;19;;;12425.0;0.0
v_recovery_normal_s1;15200;ASH_COATED_OSMIUM;10003;12;10000;9;;;10005;17;10008;16;;;10004.0;0.0
v_recovery_normal_s1;15300;INTARIAN_PEPPER_ROOT;12425;12;12423;22;;;12433;12;12435;20;;;12429.0;0.0
v_recovery_normal_s1;15300;ASH_COATED_OSMIUM;10007;8;10005;13;;;10013;16;10017;21;;;10010.0;0.0
v_recovery_normal_s1;15400;INTARIAN_PEPPER_ROOT;12419;15;12417;19;;;12441;14;12445;19;;;12430.0;0.0
v_recovery_normal_s1;15400;ASH_COATED_OSMIUM;10007;10;10004;13;;;10011;18;10015;25;;;10009.0;0.0
v_recovery_normal_s1;15500;INTARIAN_PEPPER_ROOT;12423;14;12421;21;;;12433;11;12435;28;;;12428.0;0.0
v_recovery_normal_s1;15500;ASH_COATED_OSMIUM;10007;6;10003;8;;;10013;13;10017;13;;;10010.0;0.0
v_recovery_normal_s1;15600;INTARIAN_PEPPER_ROOT;12427;18;12423;15;;;12429;10;12433;20;;;12428.0;0.0
v_recovery_normal_s1;15600;ASH_COATED_OSMIUM;10005;5;10001;15;;;10021;17;10025;21;;;10013.0;0.0
v_recovery_normal_s1;15700;INTARIAN_PEPPER_ROOT;12425;16;12422;13;;;12429;11;12433;18;;;12427.0;0.0
v_recovery_normal_s1;15700;ASH_COATED_OSMIUM;10012;19;10010;23;;;10014;15;10017;15;;;10013.0;0.0
v_recovery_normal_s1;15800;INTARIAN_PEPPER_ROOT;12424;19;12422;17;;;12428;11;12432;16;;;12426.0;0.0
v_recovery_normal_s1;15800;ASH_COATED_OSMIUM;10008;17;10005;17;;;10018;13;10022;19;;;10013.0;0.0
v_recovery_normal_s1;15900;INTARIAN_PEPPER_ROOT;12409;19;12406;9;;;12439;14;12442;22;;;12424.0;0.0
v_recovery_normal_s1;15900;ASH_COATED_OSMIUM;10006;10;10002;21;;;10008;6;10010;19;;;10007.0;0.0
v_recovery_normal_s1;16000;INTARIAN_PEPPER_ROOT;12420;11;12416;14;;;12424;10;12426;24;;;12422.0;0.0
v_recovery_normal_s1;16000;ASH_COATED_OSMIUM;10011;13;10008;24;;;10015;23;10017;15;;;10013.0;0.0
v_recovery_normal_s1;16100;INTARIAN_PEPPER_ROOT;12406;10;12404;27;;;12432;7;12436;16;;;12419.0;0.0
v_recovery_normal_s1;16100;ASH_COATED_OSMIUM;10010;14;10006;18;;;10016;12;10018;19;;;10013.0;0.0
v_recovery_normal_s1;16200;INTARIAN_PEPPER_ROOT;12411;14;12407;17;;;12429;8;12433;17;;;12420.0;0.0
v_recovery_normal_s1;16200;ASH_COATED_OSMIUM;10009;16;10007;21;;;10013;14;10017;13;;;10011.0;0.0
v_recovery_normal_s1;16300;INTARIAN_PEPPER_ROOT;12399;10;12396;19;;;12439;9;12441;11;;;12419.0;0.0
v_recovery_normal_s1;16300;ASH_COATED_OSMIUM;9999;16;9997;12;;;10027;21;10029;30;;;10013.0;0.0
v_recovery_normal_s1;16400;INTARIAN_PEPPER_ROOT;12416;17;12412;15;;;12422;10;12426;19;;;12419.0;0.0
v_recovery_normal_s1;16400;ASH_COATED_OSMIUM;10015;20;10013;12;;;10019;10;10023;19;;;10017.0;0.0
v_recovery_normal_s1;16500;INTARIAN_PEPPER_ROOT;12399;18;12396;21;;;12435;18;12437;27;;;12417.0;0.0
v_recovery_normal_s1;16500;ASH_COATED_OSMIUM;10010;13;10008;19;;;10022;13;10024;18;;;10016.0;0.0
v_recovery_normal_s1;16600;INTARIAN_PEPPER_ROOT;12417;14;12414;19;;;12419;16;12421;18;;;12418.0;0.0
v_recovery_normal_s1;16600;ASH_COATED_OSMIUM;10017;13;10013;20;;;10019;16;10022;20;;;10018.0;0.0
v_recovery_normal_s1;16700;INTARIAN_PEPPER_ROOT;12406;17;12404;18;;;12430;13;12434;10;;;12418.0;0.0
v_recovery_normal_s1;16700;ASH_COATED_OSMIUM;10016;16;10013;18;;;10018;19;10021;20;;;10017.0;0.0
v_recovery_normal_s1;16800;INTARIAN_PEPPER_ROOT;12394;15;12392;19;;;12452;28;12455;20;;;12423.0;0.0
v_recovery_normal_s1;16800;ASH_COATED_OSMIUM;10018;10;10014;22;;;10020;18;10023;15;;;10019.0;0.0
v_recovery_normal_s1;16900;INTARIAN_PEPPER_ROOT;12401;20;12397;27;;;12435;16;12439;8;;;12418.0;0.0
v_recovery_normal_s1;16900;ASH_COATED_OSMIUM;10003;14;9999;21;;;10027;17;10031;15;;;10015.0;0.0
v_recovery_normal_s1;17000;INTARIAN_PEPPER_ROOT;12415;12;12411;24;;;12417;11;12419;14;;;12416.0;0.0
v_recovery_normal_s1;17000;ASH_COATED_OSMIUM;10010;20;10007;24;;;10028;12;10031;17;;;10019.0;0.0
v_recovery_normal_s1;17100;INTARIAN_PEPPER_ROOT;12417;15;12415;22;;;12419;13;12422;13;;;12418.0;0.0
v_recovery_normal_s1;17100;ASH_COATED_OSMIUM;9998;10;9995;28;;;10038;15;10042;18;;;10018.0;0.0
v_recovery_normal_s1;17200;INTARIAN_PEPPER_ROOT;12419;9;12416;21;;;12425;14;12429;18;;;12422.0;0.0
v_recovery_normal_s1;17200;ASH_COATED_OSMIUM;10017;6;10013;11;;;10023;15;10027;20;;;10020.0;0.0
v_recovery_normal_s1;17300;INTARIAN_PEPPER_ROOT;12418;5;12415;21;;;12424;22;12426;21;;;12421.0;0.0
v_recovery_normal_s1;17300;ASH_COATED_OSMIUM;10022;17;10019;25;;;10024;13;10026;20;;;10023.0;0.0
v_recovery_normal_s1;17400;INTARIAN_PEPPER_ROOT;12407;6;12405;13;;;12433;12;12435;12;;;12420.0;0.0
v_recovery_normal_s1;17400;ASH_COATED_OSMIUM;10021;10;10017;22;;;10023;14;10026;23;;;10022.0;0.0
v_recovery_normal_s1;17500;INTARIAN_PEPPER_ROOT;12418;16;12414;21;;;12420;18;12424;17;;;12419.0;0.0
v_recovery_normal_s1;17500;ASH_COATED_OSMIUM;10021;8;10017;16;;;10025;17;10029;22;;;10023.0;0.0
v_recovery_normal_s1;17600;INTARIAN_PEPPER_ROOT;12417;13;12415;28;;;12425;13;12428;21;;;12421.0;0.0
v_recovery_normal_s1;17600;ASH_COATED_OSMIUM;10013;14;10010;18;;;10033;12;10036;18;;;10023.0;0.0
v_recovery_normal_s1;17700;INTARIAN_PEPPER_ROOT;12415;5;12411;23;;;12425;17;12427;15;;;12420.0;0.0
v_recovery_normal_s1;17700;ASH_COATED_OSMIUM;10003;13;10000;16;;;10031;10;10035;27;;;10017.0;0.0
v_recovery_normal_s1;17800;INTARIAN_PEPPER_ROOT;12416;12;12412;22;;;12426;22;12429;20;;;12421.0;0.0
v_recovery_normal_s1;17800;ASH_COATED_OSMIUM;10003;13;9999;23;;;10037;14;10041;24;;;10020.0;0.0
v_recovery_normal_s1;17900;INTARIAN_PEPPER_ROOT;12402;8;12399;15;;;12438;18;12441;18;;;12420.0;0.0
v_recovery_normal_s1;17900;ASH_COATED_OSMIUM;10009;16;10005;14;;;10025;8;10027;12;;;10017.0;0.0
v_recovery_normal_s1;18000;INTARIAN_PEPPER_ROOT;12414;8;12412;16;;;12418;17;12421;10;;;12416.0;0.0
v_recovery_normal_s1;18000;ASH_COATED_OSMIUM;10000;6;9997;8;;;10020;12;10023;14;;;10010.0;0.0
v_recovery_normal_s1;18100;INTARIAN_PEPPER_ROOT;12415;14;12413;18;;;12417;7;12420;24;;;12416.0;0.0
v_recovery_normal_s1;18100;ASH_COATED_OSMIUM;9990;10;9988;18;;;10028;20;10031;18;;;10009.0;0.0
v_recovery_normal_s1;18200;INTARIAN_PEPPER_ROOT;12415;7;12412;8;;;12419;5;12423;10;;;12417.0;0.0
v_recovery_normal_s1;18200;ASH_COATED_OSMIUM;10006;8;10004;20;;;10020;17;10024;14;;;10013.0;0.0
v_recovery_normal_s1;18300;INTARIAN_PEPPER_ROOT;12415;9;12413;19;;;12423;11;12426;15;;;12419.0;0.0
v_recovery_normal_s1;18300;ASH_COATED_OSMIUM;10014;17;10012;21;;;10018;20;10021;24;;;10016.0;0.0
v_recovery_normal_s1;18400;INTARIAN_PEPPER_ROOT;12388;10;12384;26;;;12448;21;12452;19;;;12418.0;0.0
v_recovery_normal_s1;18400;ASH_COATED_OSMIUM;10004;5;10002;25;;;10018;17;10022;23;;;10011.0;0.0
v_recovery_normal_s1;18500;INTARIAN_PEPPER_ROOT;12411;15;12409;19;;;12421;15;12423;20;;;12416.0;0.0
v_recovery_normal_s1;18500;ASH_COATED_OSMIUM;10003;5;10000;18;;;10019;11;10023;13;;;10011.0;0.0
v_recovery_normal_s1;18600;INTARIAN_PEPPER_ROOT;12414;20;12412;22;;;12420;17;12423;22;;;12417.0;0.0
v_recovery_normal_s1;18600;ASH_COATED_OSMIUM;10010;22;10008;18;;;10016;16;10019;9;;;10013.0;0.0
v_recovery_normal_s1;18700;INTARIAN_PEPPER_ROOT;12416;12;12412;25;;;12418;16;12421;20;;;12417.0;0.0
v_recovery_normal_s1;18700;ASH_COATED_OSMIUM;10008;12;10005;17;;;10022;7;10024;23;;;10015.0;0.0
v_recovery_normal_s1;18800;INTARIAN_PEPPER_ROOT;12416;19;12413;23;;;12418;11;12420;15;;;12417.0;0.0
v_recovery_normal_s1;18800;ASH_COATED_OSMIUM;10015;9;10013;9;;;10017;10;10021;23;;;10016.0;0.0
v_recovery_normal_s1;18900;INTARIAN_PEPPER_ROOT;12389;15;12387;25;;;12443;19;12447;10;;;12416.0;0.0
v_recovery_normal_s1;18900;ASH_COATED_OSMIUM;10003;8;10000;17;;;10015;12;10017;15;;;10009.0;0.0
v_recovery_normal_s1;19000;INTARIAN_PEPPER_ROOT;12417;15;12414;24;;;12419;18;12422;21;;;12418.0;0.0
v_recovery_normal_s1;19000;ASH_COATED_OSMIUM;9998;19;9995;13;;;10024;20;10028;15;;;10011.0;0.0
v_recovery_normal_s1;19100;INTARIAN_PEPPER_ROOT;12417;13;12415;15;;;12419;8;12422;22;;;12418.0;0.0
v_recovery_normal_s1;19100;ASH_COATED_OSMIUM;10000;13;9996;17;;;10020;18;10024;17;;;10010.0;0.0
v_recovery_normal_s1;19200;INTARIAN_PEPPER_ROOT;12396;17;12393;21;;;12446;9;12448;16;;;12421.0;0.0
v_recovery_normal_s1;19200;ASH_COATED_OSMIUM;10010;19;10008;17;;;10018;12;10022;24;;;10014.0;0.0
v_recovery_normal_s1;19300;INTARIAN_PEPPER_ROOT;12415;5;12413;18;;;12429;28;12433;14;;;12422.0;0.0
v_recovery_normal_s1;19300;ASH_COATED_OSMIUM;10012;12;10008;18;;;10018;7;10021;22;;;10015.0;0.0
v_recovery_normal_s1;19400;INTARIAN_PEPPER_ROOT;12415;16;12413;17;;;12431;13;12433;25;;;12423.0;0.0
v_recovery_normal_s1;19400;ASH_COATED_OSMIUM;10016;5;10014;16;;;10020;17;10023;17;;;10018.0;0.0
v_recovery_normal_s1;19500;INTARIAN_PEPPER_ROOT;12418;9;12414;19;;;12420;18;12423;22;;;12419.0;0.0
v_recovery_normal_s1;19500;ASH_COATED_OSMIUM;10016;11;10014;18;;;10022;9;10024;18;;;10019.0;0.0
v_recovery_normal_s1;19600;INTARIAN_PEPPER_ROOT;12416;12;12414;18;;;12424;19;12426;22;;;12420.0;0.0
v_recovery_normal_s1;19600;ASH_COATED_OSMIUM;10014;15;10012;15;;;10016;15;10018;21;;;10015.0;0.0
v_recovery_normal_s1;19700;INTARIAN_PEPPER_ROOT;12408;13;12404;13;;;12434;18;12438;18;;;12421.0;0.0
v_recovery_normal_s1;19700;ASH_COATED_OSMIUM;10017;5;10014;24;;;10019;23;10022;10;;;10018.0;0.0
v_recovery_normal_s1;19800;INTARIAN_PEPPER_ROOT;12416;10;12414;18;;;12426;9;12430;18;;;12421.0;0.0
v_recovery_normal_s1;19800;ASH_COATED_OSMIUM;10017;21;10015;27;;;10019;5;10023;28;;;10018.0;0.0
v_recovery_normal_s1;19900;INTARIAN_PEPPER_ROOT;12422;7;12418;18;;;12424;13;12426;17;;;12423.0;0.0
v_recovery_normal_s1;19900;ASH_COATED_OSMIUM;10009;12;10006;18;;;10015;15;10017;23;;;10012.0;0.0
v_recovery_normal_s1;20000;INTARIAN_PEPPER_ROOT;12420;13;12417;21;;;12422;10;12425;23;;;12421.0;0.0
v_recovery_normal_s1;20000;ASH_COATED_OSMIUM;10012;18;10010;26;;;10014;9;10016;15;;;10013.0;0.0
v_recovery_normal_s1;20100;INTARIAN_PEPPER_ROOT;12403;17;12399;20;;;12441;12;12443;16;;;12422.0;0.0
v_recovery_normal_s1;20100;ASH_COATED_OSMIUM;9991;12;9987;17;;;10029;5;10033;18;;;10010.0;0.0
v_recovery_normal_s1;20200;INTARIAN_PEPPER_ROOT;12420;22;12417;18;;;12422;18;12426;23;;;12421.0;0.0
v_recovery_normal_s1;20200;ASH_COATED_OSMIUM;10006;16;10002;20;;;10020;9;10023;26;;;10013.0;0.0
v_recovery_normal_s1;20300;INTARIAN_PEPPER_ROOT;12419;15;12417;25;;;12427;16;12429;16;;;12423.0;0.0
v_recovery_normal_s1;20300;ASH_COATED_OSMIUM;10008;7;10004;25;;;10020;15;10022;13;;;10014.0;0.0
v_recovery_normal_s1;20400;INTARIAN_PEPPER_ROOT;12415;9;12413;23;;;12427;20;12429;19;;;12421.0;0.0
v_recovery_normal_s1;20400;ASH_COATED_OSMIUM;9988;6;9986;23;;;10038;16;10040;15;;;10013.0;0.0
v_recovery_normal_s1;20500;INTARIAN_PEPPER_ROOT;12415;7;12413;30;;;12417;7;12421;8;;;12416.0;0.0
v_recovery_normal_s1;20500;ASH_COATED_OSMIUM;10012;8;10009;22;;;10014;19;10017;20;;;10013.0;0.0
v_recovery_normal_s1;20600;INTARIAN_PEPPER_ROOT;12403;18;12400;18;;;12423;5;12427;22;;;12413.0;0.0
v_recovery_normal_s1;20600;ASH_COATED_OSMIUM;10012;5;10008;11;;;10014;12;10016;15;;;10013.0;0.0
v_recovery_normal_s1;20700;INTARIAN_PEPPER_ROOT;12409;10;12407;22;;;12411;19;12413;23;;;12410.0;0.0
v_recovery_normal_s1;20700;ASH_COATED_OSMIUM;10016;5;10013;21;;;10018;8;10020;23;;;10017.0;0.0
v_recovery_normal_s1;20800;INTARIAN_PEPPER_ROOT;12402;9;12398;25;;;12412;15;12415;16;;;12407.0;0.0
v_recovery_normal_s1;20800;ASH_COATED_OSMIUM;10016;9;10012;10;;;10020;11;10022;16;;;10018.0;0.0
v_recovery_normal_s1;20900;INTARIAN_PEPPER_ROOT;12405;17;12403;22;;;12417;11;12419;20;;;12411.0;0.0
v_recovery_normal_s1;20900;ASH_COATED_OSMIUM;10012;10;10009;20;;;10018;19;10021;23;;;10015.0;0.0
v_recovery_normal_s1;21000;INTARIAN_PEPPER_ROOT;12391;15;12389;24;;;12429;12;12431;14;;;12410.0;0.0
v_recovery_normal_s1;21000;ASH_COATED_OSMIUM;10008;19;10006;21;;;10014;19;10016;18;;;10011.0;0.0
v_recovery_normal_s1;21100;INTARIAN_PEPPER_ROOT;12389;13;12386;17;;;12423;8;12426;19;;;12406.0;0.0
v_recovery_normal_s1;21100;ASH_COATED_OSMIUM;9994;11;9991;17;;;10016;5;10019;18;;;10005.0;0.0
v_recovery_normal_s1;21200;INTARIAN_PEPPER_ROOT;12383;16;12379;20;;;12433;5;12436;17;;;12408.0;0.0
v_recovery_normal_s1;21200;ASH_COATED_OSMIUM;9994;13;9991;20;;;10010;21;10014;25;;;10002.0;0.0
v_recovery_normal_s1;21300;INTARIAN_PEPPER_ROOT;12405;10;12402;19;;;12407;5;12410;20;;;12406.0;0.0
v_recovery_normal_s1;21300;ASH_COATED_OSMIUM;10002;18;9999;21;;;10010;9;10014;19;;;10006.0;0.0
v_recovery_normal_s1;21400;INTARIAN_PEPPER_ROOT;12402;8;12398;17;;;12404;21;12407;8;;;12403.0;0.0
v_recovery_normal_s1;21400;ASH_COATED_OSMIUM;9996;17;9994;13;;;10010;9;10012;22;;;10003.0;0.0
v_recovery_normal_s1;21500;INTARIAN_PEPPER_ROOT;12396;11;12392;30;;;12412;20;12414;25;;;12404.0;0.0
v_recovery_normal_s1;21500;ASH_COATED_OSMIUM;9999;19;9997;13;;;10007;16;10011;22;;;10003.0;0.0
v_recovery_normal_s1;21600;INTARIAN_PEPPER_ROOT;12399;20;12395;9;;;12411;8;12413;22;;;12405.0;0.0
v_recovery_normal_s1;21600;ASH_COATED_OSMIUM;10009;15;10006;21;;;10011;11;10015;13;;;10010.0;0.0
v_recovery_normal_s1;21700;INTARIAN_PEPPER_ROOT;12398;7;12395;19;;;12410;16;12412;16;;;12404.0;0.0
v_recovery_normal_s1;21700;ASH_COATED_OSMIUM;10001;22;9998;14;;;10011;14;10015;18;;;10006.0;0.0
v_recovery_normal_s1;21800;INTARIAN_PEPPER_ROOT;12401;21;12398;21;;;12409;7;12411;23;;;12405.0;0.0
v_recovery_normal_s1;21800;ASH_COATED_OSMIUM;9985;9;9983;14;;;10023;17;10026;22;;;10004.0;0.0
v_recovery_normal_s1;21900;INTARIAN_PEPPER_ROOT;12405;17;12402;21;;;12407;15;12410;17;;;12406.0;0.0
v_recovery_normal_s1;21900;ASH_COATED_OSMIUM;10006;17;10002;22;;;10008;13;10012;18;;;10007.0;0.0
v_recovery_normal_s1;22000;INTARIAN_PEPPER_ROOT;12404;19;12401;17;;;12412;6;12414;26;;;12408.0;0.0
v_recovery_normal_s1;22000;ASH_COATED_OSMIUM;9999;16;9995;26;;;10013;18;10016;27;;;10006.0;0.0
v_recovery_normal_s1;22100;INTARIAN_PEPPER_ROOT;12408;15;12404;17;;;12410;19;12414;24;;;12409.0;0.0
v_recovery_normal_s1;22100;ASH_COATED_OSMIUM;10002;14;9999;28;;;10018;18;10021;19;;;10010.0;0.0
v_recovery_normal_s1;22200;INTARIAN_PEPPER_ROOT;12397;8;12394;17;;;12425;21;12428;25;;;12411.0;0.0
v_recovery_normal_s1;22200;ASH_COATED_OSMIUM;10007;16;10005;19;;;10009;11;10013;18;;;10008.0;0.0
v_recovery_normal_s1;22300;INTARIAN_PEPPER_ROOT;12409;9;12407;15;;;12411;17;12415;16;;;12410.0;0.0
v_recovery_normal_s1;22300;ASH_COATED_OSMIUM;10004;15;10002;18;;;10008;14;10012;16;;;10006.0;0.0
v_recovery_normal_s1;22400;INTARIAN_PEPPER_ROOT;12383;15;12381;25;;;12431;20;12434;17;;;12407.0;0.0
v_recovery_normal_s1;22400;ASH_COATED_OSMIUM;10002;15;10000;18;;;10004;15;10006;11;;;10003.0;0.0
v_recovery_normal_s1;22500;INTARIAN_PEPPER_ROOT;12410;16;12408;18;;;12412;15;12414;12;;;12411.0;0.0
v_recovery_normal_s1;22500;ASH_COATED_OSMIUM;9993;14;9990;26;;;10015;13;10018;24;;;10004.0;0.0
v_recovery_normal_s1;22600;INTARIAN_PEPPER_ROOT;12409;13;12405;23;;;12411;22;12413;21;;;12410.0;0.0
v_recovery_normal_s1;22600;ASH_COATED_OSMIUM;9999;6;9995;16;;;10003;10;10007;22;;;10001.0;0.0
v_recovery_normal_s1;22700;INTARIAN_PEPPER_ROOT;12408;16;12405;20;;;12410;11;12413;22;;;12409.0;0.0
v_recovery_normal_s1;22700;ASH_COATED_OSMIUM;9990;17;9988;19;;;10010;13;10013;13;;;10000.0;0.0
v_recovery_normal_s1;22800;INTARIAN_PEPPER_ROOT;12405;17;12401;14;;;12409;9;12412;16;;;12407.0;0.0
v_recovery_normal_s1;22800;ASH_COATED_OSMIUM;9995;17;9992;21;;;10005;9;10009;25;;;10000.0;0.0
v_recovery_normal_s1;22900;INTARIAN_PEPPER_ROOT;12397;11;12394;19;;;12415;10;12418;19;;;12406.0;0.0
v_recovery_normal_s1;22900;ASH_COATED_OSMIUM;9963;5;9961;10;;;10037;14;10040;20;;;10000.0;0.0
v_recovery_normal_s1;23000;INTARIAN_PEPPER_ROOT;12405;18;12401;11;;;12407;9;12409;19;;;12406.0;0.0
v_recovery_normal_s1;23000;ASH_COATED_OSMIUM;9996;9;9994;21;;;10002;9;10006;13;;;9999.0;0.0
v_recovery_normal_s1;23100;INTARIAN_PEPPER_ROOT;12405;11;12401;21;;;12407;21;12411;15;;;12406.0;0.0
v_recovery_normal_s1;23100;ASH_COATED_OSMIUM;9994;19;9992;20;;;10002;14;10004;16;;;9998.0;0.0
v_recovery_normal_s1;23200;INTARIAN_PEPPER_ROOT;12398;10;12395;21;;;12414;25;12417;19;;;12406.0;0.0
v_recovery_normal_s1;23200;ASH_COATED_OSMIUM;9995;12;9993;23;;;10007;13;10009;29;;;10001.0;0.0
v_recovery_normal_s1;23300;INTARIAN_PEPPER_ROOT;12396;23;12393;12;;;12424;12;12426;17;;;12410.0;0.0
v_recovery_normal_s1;23300;ASH_COATED_OSMIUM;9986;9;9983;13;;;10010;16;10013;17;;;9998.0;0.0
v_recovery_normal_s1;23400;INTARIAN_PEPPER_ROOT;12405;20;12401;13;;;12411;13;12413;21;;;12408.0;0.0
v_recovery_normal_s1;23400;ASH_COATED_OSMIUM;9993;11;9989;20;;;9999;9;10001;20;;;9996.0;0.0
v_recovery_normal_s1;23500;INTARIAN_PEPPER_ROOT;12403;16;12399;14;;;12409;6;12412;25;;;12406.0;0.0
v_recovery_normal_s1;23500;ASH_COATED_OSMIUM;9978;9;9975;12;;;10004;6;10007;20;;;9991.0;0.0
v_recovery_normal_s1;23600;INTARIAN_PEPPER_ROOT;12401;17;12398;18;;;12405;14;12408;15;;;12403.0;0.0
v_recovery_normal_s1;23600;ASH_COATED_OSMIUM;9982;21;9978;20;;;10002;8;10005;17;;;9992.0;0.0
v_recovery_normal_s1;23700;INTARIAN_PEPPER_ROOT;12392;16;12388;16;;;12408;12;12410;29;;;12400.0;0.0
v_recovery_normal_s1;23700;ASH_COATED_OSMIUM;9985;5;9982;14;;;9997;9;10001;26;;;9991.0;0.0
v_recovery_normal_s1;23800;INTARIAN_PEPPER_ROOT;12386;9;12382;10;;;12406;14;12410;21;;;12396.0;0.0
v_recovery_normal_s1;23800;ASH_COATED_OSMIUM;9992;17;9989;18;;;9994;15;9996;22;;;9993.0;0.0
v_recovery_normal_s1;23900;INTARIAN_PEPPER_ROOT;12397;15;12393;15;;;12399;15;12402;19;;;12398.0;0.0
v_recovery_normal_s1;23900;ASH_COATED_OSMIUM;9990;6;9988;24;;;10000;10;10003;13;;;9995.0;0.0
v_recovery_normal_s1;24000;INTARIAN_PEPPER_ROOT;12392;6;12390;16;;;12402;19;12406;13;;;12397.0;0.0
v_recovery_normal_s1;24000;ASH_COATED_OSMIUM;9991;10;9989;20;;;9999;11;10001;19;;;9995.0;0.0
v_recovery_normal_s1;24100;INTARIAN_PEPPER_ROOT;12390;9;12387;12;;;12400;16;12402;23;;;12395.0;0.0
v_recovery_normal_s1;24100;ASH_COATED_OSMIUM;9992;10;9990;27;;;10000;14;10003;19;;;9996.0;0.0
v_recovery_normal_s1;24200;INTARIAN_PEPPER_ROOT;12393;12;12391;20;;;12395;28;12399;21;;;12394.0;0.0
v_recovery_normal_s1;24200;ASH_COATED_OSMIUM;9988;15;9986;17;;;10008;5;10012;22;;;9998.0;0.0
v_recovery_normal_s1;24300;INTARIAN_PEPPER_ROOT;12390;17;12388;24;;;12392;17;12394;20;;;12391.0;0.0
v_recovery_normal_s1;24300;ASH_COATED_OSMIUM;9995;14;9991;13;;;9999;13;10003;19;;;9997.0;0.0
v_recovery_normal_s1;24400;INTARIAN_PEPPER_ROOT;12383;21;12381;26;;;12395;18;12398;23;;;12389.0;0.0
v_recovery_normal_s1;24400;ASH_COATED_OSMIUM;10001;8;9999;11;;;10003;7;10005;20;;;10002.0;0.0
v_recovery_normal_s1;24500;INTARIAN_PEPPER_ROOT;12372;14;12369;22;;;12406;13;12408;26;;;12389.0;0.0
v_recovery_normal_s1;24500;ASH_COATED_OSMIUM;9978;12;9976;20;;;10026;14;10030;22;;;10002.0;0.0
v_recovery_normal_s1;24600;INTARIAN_PEPPER_ROOT;12389;13;12385;19;;;12391;18;12394;19;;;12390.0;0.0
v_recovery_normal_s1;24600;ASH_COATED_OSMIUM;9987;11;9985;13;;;10005;16;10009;26;;;9996.0;0.0
v_recovery_normal_s1;24700;INTARIAN_PEPPER_ROOT;12382;16;12379;15;;;12394;5;12397;22;;;12388.0;0.0
v_recovery_normal_s1;24700;ASH_COATED_OSMIUM;9993;5;9991;20;;;10007;7;10009;20;;;10000.0;0.0
v_recovery_normal_s1;24800;INTARIAN_PEPPER_ROOT;12390;9;12387;18;;;12392;11;12394;26;;;12391.0;0.0
v_recovery_normal_s1;24800;ASH_COATED_OSMIUM;9981;20;9978;17;;;10021;18;10025;25;;;10001.0;0.0
v_recovery_normal_s1;24900;INTARIAN_PEPPER_ROOT;12380;11;12378;23;;;12396;11;12399;20;;;12388.0;0.0
v_recovery_normal_s1;24900;ASH_COATED_OSMIUM;9999;15;9995;17;;;10007;10;10010;28;;;10003.0;0.0
v_recovery_normal_s1;25000;INTARIAN_PEPPER_ROOT;12386;14;12382;14;;;12388;12;12392;25;;;12387.0;0.0
v_recovery_normal_s1;25000;ASH_COATED_OSMIUM;10001;17;9998;22;;;10007;14;10009;15;;;10004.0;0.0
v_recovery_normal_s1;25100;INTARIAN_PEPPER_ROOT;12378;25;12376;22;;;12394;17;12397;17;;;12386.0;0.0
v_recovery_normal_s1;25100;ASH_COATED_OSMIUM;10006;18;10003;18;;;10008;8;10012;19;;;10007.0;0.0
v_recovery_normal_s1;25200;INTARIAN_PEPPER_ROOT;12370;15;12367;23;;;12388;14;12392;21;;;12379.0;0.0
v_recovery_normal_s1;25200;ASH_COATED_OSMIUM;9991;22;9988;9;;;10011;14;10015;21;;;10001.0;0.0
v_recovery_normal_s1;25300;INTARIAN_PEPPER_ROOT;12367;8;12364;27;;;12399;17;12403;16;;;12383.0;0.0
v_recovery_normal_s1;25300;ASH_COATED_OSMIUM;9984;14;9982;19;;;10020;15;10022;13;;;10002.0;0.0
v_recovery_normal_s1;25400;INTARIAN_PEPPER_ROOT;12350;13;12346;26;;;12416;15;12418;28;;;12383.0;0.0
v_recovery_normal_s1;25400;ASH_COATED_OSMIUM;9993;15;9989;22;;;10013;22;10017;11;;;10003.0;0.0
v_recovery_normal_s1;25500;INTARIAN_PEPPER_ROOT;12375;11;12371;13;;;12387;13;12391;22;;;12381.0;0.0
v_recovery_normal_s1;25500;ASH_COATED_OSMIUM;10001;16;9997;17;;;10013;11;10016;29;;;10007.0;0.0
v_recovery_normal_s1;25600;INTARIAN_PEPPER_ROOT;12381;7;12377;24;;;12387;19;12391;24;;;12384.0;0.0
v_recovery_normal_s1;25600;ASH_COATED_OSMIUM;9991;16;9989;12;;;10007;15;10009;19;;;9999.0;0.0
v_recovery_normal_s1;25700;INTARIAN_PEPPER_ROOT;12366;12;12363;22;;;12402;15;12406;23;;;12384.0;0.0
v_recovery_normal_s1;25700;ASH_COATED_OSMIUM;9991;5;9987;11;;;10005;12;10009;23;;;9998.0;0.0
v_recovery_normal_s1;25800;INTARIAN_PEPPER_ROOT;12362;14;12358;23;;;12408;17;12410;10;;;12385.0;0.0
v_recovery_normal_s1;25800;ASH_COATED_OSMIUM;9995;13;9993;25;;;10007;14;10010;19;;;10001.0;0.0
v_recovery_normal_s1;25900;INTARIAN_PEPPER_ROOT;12382;14;12378;19;;;12384;17;12386;14;;;12383.0;0.0
v_recovery_normal_s1;25900;ASH_COATED_OSMIUM;9980;6;9976;21;;;10018;6;10021;22;;;9999.0;0.0
v_recovery_normal_s1;26000;INTARIAN_PEPPER_ROOT;12379;13;12377;20;;;12385;13;12387;17;;;12382.0;0.0
v_recovery_normal_s1;26000;ASH_COATED_OSMIUM;9997;23;9994;19;;;10011;14;10013;21;;;10004.0;0.0
v_recovery_normal_s1;26100;INTARIAN_PEPPER_ROOT;12362;23;12360;12;;;12396;11;12398;21;;;12379.0;0.0
v_recovery_normal_s1;26100;ASH_COATED_OSMIUM;9982;9;9980;25;;;10024;20;10026;24;;;10003.0;0.0
v_recovery_normal_s1;26200;INTARIAN_PEPPER_ROOT;12379;23;12376;21;;;12383;19;12386;21;;;12381.0;0.0
v_recovery_normal_s1;26200;ASH_COATED_OSMIUM;9995;12;9993;20;;;10005;15;10008;10;;;10000.0;0.0
v_recovery_normal_s1;26300;INTARIAN_PEPPER_ROOT;12372;16;12369;27;;;12384;17;12387;21;;;12378.0;0.0
v_recovery_normal_s1;26300;ASH_COATED_OSMIUM;9995;17;9993;23;;;10001;10;10004;13;;;9998.0;0.0
v_recovery_normal_s1;26400;INTARIAN_PEPPER_ROOT;12373;20;12371;12;;;12383;20;12387;19;;;12378.0;0.0
v_recovery_normal_s1;26400;ASH_COATED_OSMIUM;9994;12;9991;20;;;10000;10;10003;9;;;9997.0;0.0
v_recovery_normal_s1;26500;INTARIAN_PEPPER_ROOT;12371;19;12368;15;;;12389;8;12392;19;;;12380.0;0.0
v_recovery_normal_s1;26500;ASH_COATED_OSMIUM;9987;13;9985;18;;;9993;20;9995;13;;;9990.0;0.0
v_recovery_normal_s1;26600;INTARIAN_PEPPER_ROOT;12379;18;12377;22;;;12381;17;12383;26;;;12380.0;0.0
v_recovery_normal_s1;26600;ASH_COATED_OSMIUM;9966;14;9963;14;;;10010;15;10012;27;;;9988.0;0.0
v_recovery_normal_s1;26700;INTARIAN_PEPPER_ROOT;12376;16;12372;23;;;12382;16;12384;21;;;12379.0;0.0
v_recovery_normal_s1;26700;ASH_COATED_OSMIUM;9983;19;9979;20;;;9985;9;9989;25;;;9984.0;0.0
v_recovery_normal_s1;26800;INTARIAN_PEPPER_ROOT;12378;18;12374;19;;;12382;13;12386;16;;;12380.0;0.0
v_recovery_normal_s1;26800;ASH_COATED_OSMIUM;9966;18;9963;24;;;10006;16;10010;23;;;9986.0;0.0
v_recovery_normal_s1;26900;INTARIAN_PEPPER_ROOT;12370;15;12367;22;;;12386;17;12388;18;;;12378.0;0.0
v_recovery_normal_s1;26900;ASH_COATED_OSMIUM;9967;16;9965;25;;;10017;20;10021;23;;;9992.0;0.0
v_recovery_normal_s1;27000;INTARIAN_PEPPER_ROOT;12368;16;12366;20;;;12390;15;12392;11;;;12379.0;0.0
v_recovery_normal_s1;27000;ASH_COATED_OSMIUM;9982;19;9979;31;;;9998;16;10002;14;;;9990.0;0.0
v_recovery_normal_s1;27100;INTARIAN_PEPPER_ROOT;12380;14;12378;18;;;12382;15;12386;24;;;12381.0;0.0
v_recovery_normal_s1;27100;ASH_COATED_OSMIUM;9984;15;9982;21;;;9994;11;9997;13;;;9989.0;0.0
v_recovery_normal_s1;27200;INTARIAN_PEPPER_ROOT;12381;19;12378;17;;;12383;7;12386;14;;;12382.0;0.0
v_recovery_normal_s1;27200;ASH_COATED_OSMIUM;9983;19;9980;18;;;9995;19;9999;20;;;9989.0;0.0
v_recovery_normal_s1;27300;INTARIAN_PEPPER_ROOT;12380;10;12377;17;;;12386;11;12389;24;;;12383.0;0.0
v_recovery_normal_s1;27300;ASH_COATED_OSMIUM;9967;13;9963;27;;;10017;17;10021;20;;;9992.0;0.0
v_recovery_normal_s1;27400;INTARIAN_PEPPER_ROOT;12379;18;12376;25;;;12383;11;12387;19;;;12381.0;0.0
v_recovery_normal_s1;27400;ASH_COATED_OSMIUM;9986;12;9984;28;;;9996;16;9999;22;;;9991.0;0.0
v_recovery_normal_s1;27500;INTARIAN_PEPPER_ROOT;12377;14;12375;17;;;12381;14;12385;21;;;12379.0;0.0
v_recovery_normal_s1;27500;ASH_COATED_OSMIUM;9991;11;9988;22;;;10003;13;10006;18;;;9997.0;0.0
v_recovery_normal_s1;27600;INTARIAN_PEPPER_ROOT;12368;25;12366;12;;;12382;14;12386;13;;;12375.0;0.0
v_recovery_normal_s1;27600;ASH_COATED_OSMIUM;9988;20;9986;13;;;9998;13;10000;28;;;9993.0;0.0
v_recovery_normal_s1;27700;INTARIAN_PEPPER_ROOT;12376;27;12373;27;;;12378;21;12382;25;;;12377.0;0.0
v_recovery_normal_s1;27700;ASH_COATED_OSMIUM;9985;16;9982;24;;;10003;12;10005;22;;;9994.0;0.0
v_recovery_normal_s1;27800;INTARIAN_PEPPER_ROOT;12373;22;12369;21;;;12379;17;12382;19;;;12376.0;0.0
v_recovery_normal_s1;27800;ASH_COATED_OSMIUM;9989;5;9986;22;;;9991;16;9994;18;;;9990.0;0.0
v_recovery_normal_s1;27900;INTARIAN_PEPPER_ROOT;12371;24;12367;15;;;12385;20;12387;17;;;12378.0;0.0
v_recovery_normal_s1;27900;ASH_COATED_OSMIUM;9980;15;9977;13;;;9998;14;10002;25;;;9989.0;0.0
v_recovery_normal_s1;28000;INTARIAN_PEPPER_ROOT;12375;24;12372;17;;;12377;14;12379;22;;;12376.0;0.0
v_recovery_normal_s1;28000;ASH_COATED_OSMIUM;9988;13;9985;25;;;9990;17;9994;26;;;9989.0;0.0
v_recovery_normal_s1;28100;INTARIAN_PEPPER_ROOT;12373;5;12371;8;;;12375;15;12378;17;;;12374.0;0.0
v_recovery_normal_s1;28100;ASH_COATED_OSMIUM;9993;19;9991;20;;;9995;14;9999;26;;;9994.0;0.0
v_recovery_normal_s1;28200;INTARIAN_PEPPER_ROOT;12352;14;12349;20;;;12396;7;12398;10;;;12374.0;0.0
v_recovery_normal_s1;28200;ASH_COATED_OSMIUM;9984;15;9980;12;;;10000;17;10004;24;;;9992.0;0.0
v_recovery_normal_s1;28300;INTARIAN_PEPPER_ROOT;12371;8;12369;22;;;12381;14;12383;14;;;12376.0;0.0
v_recovery_normal_s1;28300;ASH_COATED_OSMIUM;9988;14;9986;18;;;9998;18;10002;27;;;9993.0;0.0
v_recovery_normal_s1;28400;INTARIAN_PEPPER_ROOT;12373;14;12371;23;;;12377;19;12380;20;;;12375.0;0.0
v_recovery_normal_s1;28400;ASH_COATED_OSMIUM;9992;11;9988;14;;;9996;11;9998;18;;;9994.0;0.0
v_recovery_normal_s1;28500;INTARIAN_PEPPER_ROOT;12369;17;12366;25;;;12381;17;12384;24;;;12375.0;0.0
v_recovery_normal_s1;28500;ASH_COATED_OSMIUM;9995;20;9991;15;;;9997;14;10000;18;;;9996.0;0.0
v_recovery_normal_s1;28600;INTARIAN_PEPPER_ROOT;12372;14;12368;11;;;12376;9;12379;18;;;12374.0;0.0
v_recovery_normal_s1;28600;ASH_COATED_OSMIUM;9992;15;9990;17;;;10000;13;10002;15;;;9996.0;0.0
v_recovery_normal_s1;28700;INTARIAN_PEPPER_ROOT;12371;23;12368;22;;;12375;11;12377;18;;;12373.0;0.0
v_recovery_normal_s1;28700;ASH_COATED_OSMIUM;9989;19;9986;26;;;10005;12;10009;31;;;9997.0;0.0
v_recovery_normal_s1;28800;INTARIAN_PEPPER_ROOT;12361;12;12358;28;;;12381;16;12385;20;;;12371.0;0.0
v_recovery_normal_s1;28800;ASH_COATED_OSMIUM;9985;14;9983;21;;;10009;17;10013;22;;;9997.0;0.0
v_recovery_normal_s1;28900;INTARIAN_PEPPER_ROOT;12364;5;12362;18;;;12378;14;12380;18;;;12371.0;0.0
v_recovery_normal_s1;28900;ASH_COATED_OSMIUM;9973;7;9971;18;;;10019;13;10022;27;;;9996.0;0.0
v_recovery_normal_s1;29000;INTARIAN_PEPPER_ROOT;12361;23;12359;26;;;12379;8;12382;26;;;12370.0;0.0
v_recovery_normal_s1;29000;ASH_COATED_OSMIUM;9984;6;9982;16;;;10004;5;10006;28;;;9994.0;0.0
v_recovery_normal_s1;29100;INTARIAN_PEPPER_ROOT;12368;10;12365;19;;;12372;22;12375;16;;;12370.0;0.0
v_recovery_normal_s1;29100;ASH_COATED_OSMIUM;9977;10;9974;17;;;10013;16;10016;28;;;9995.0;0.0
v_recovery_normal_s1;29200;INTARIAN_PEPPER_ROOT;12363;15;12359;28;;;12375;13;12378;21;;;12369.0;0.0
v_recovery_normal_s1;29200;ASH_COATED_OSMIUM;9996;5;9994;24;;;9998;8;10002;19;;;9997.0;0.0
v_recovery_normal_s1;29300;INTARIAN_PEPPER_ROOT;12364;9;12361;23;;;12370;11;12374;25;;;12367.0;0.0
v_recovery_normal_s1;29300;ASH_COATED_OSMIUM;9996;13;9994;22;;;9998;22;10000;18;;;9997.0;0.0
v_recovery_normal_s1;29400;INTARIAN_PEPPER_ROOT;12365;21;12361;20;;;12367;6;12369;10;;;12366.0;0.0
v_recovery_normal_s1;29400;ASH_COATED_OSMIUM;9983;12;9979;18;;;10005;10;10009;15;;;9994.0;0.0
v_recovery_normal_s1;29500;INTARIAN_PEPPER_ROOT;12360;19;12357;8;;;12370;6;12373;12;;;12365.0;0.0
v_recovery_normal_s1;29500;ASH_COATED_OSMIUM;9989;9;9987;17;;;10009;19;10013;13;;;9999.0;0.0
v_recovery_normal_s1;29600;INTARIAN_PEPPER_ROOT;12344;18;12341;11;;;12388;9;12390;16;;;12366.0;0.0
v_recovery_normal_s1;29600;ASH_COATED_OSMIUM;9989;11;9985;30;;;10011;12;10015;14;;;10000.0;0.0
v_recovery_normal_s1;29700;INTARIAN_PEPPER_ROOT;12359;20;12356;18;;;12373;15;12377;21;;;12366.0;0.0
v_recovery_normal_s1;29700;ASH_COATED_OSMIUM;9996;11;9993;16;;;10004;9;10006;14;;;10000.0;0.0
v_recovery_normal_s1;29800;INTARIAN_PEPPER_ROOT;12358;12;12356;21;;;12370;13;12374;14;;;12364.0;0.0
v_recovery_normal_s1;29800;ASH_COATED_OSMIUM;10000;9;9998;26;;;10004;9;10008;14;;;10002.0;0.0
v_recovery_normal_s1;29900;INTARIAN_PEPPER_ROOT;12364;13;12360;17;;;12366;11;12368;21;;;12365.0;0.0
v_recovery_normal_s1;29900;ASH_COATED_OSMIUM;9965;7;9962;18;;;10035;10;10037;13;;;10000.0;0.0
v_recovery_normal_s1;30000;INTARIAN_PEPPER_ROOT;12366;9;12362;16;;;12370;17;12374;16;;;12368.0;0.0
v_recovery_normal_s1;30000;ASH_COATED_OSMIUM;9974;5;9971;13;;;10012;5;10014;18;;;9993.0;0.0
v_recovery_normal_s1;30100;INTARIAN_PEPPER_ROOT;12357;10;12355;22;;;12373;9;12376;28;;;12365.0;0.0
v_recovery_normal_s1;30100;ASH_COATED_OSMIUM;9992;20;9990;28;;;9996;10;9998;15;;;9994.0;0.0
v_recovery_normal_s1;30200;INTARIAN_PEPPER_ROOT;12357;17;12354;19;;;12367;11;12371;20;;;12362.0;0.0
v_recovery_normal_s1;30200;ASH_COATED_OSMIUM;9990;15;9986;9;;;10006;16;10010;18;;;9998.0;0.0
v_recovery_normal_s1;30300;INTARIAN_PEPPER_ROOT;12354;20;12352;16;;;12366;18;12370;11;;;12360.0;0.0
v_recovery_normal_s1;30300;ASH_COATED_OSMIUM;9994;12;9992;22;;;10002;6;10006;20;;;9998.0;0.0
v_recovery_normal_s1;30400;INTARIAN_PEPPER_ROOT;12352;13;12350;28;;;12366;26;12368;22;;;12359.0;0.0
v_recovery_normal_s1;30400;ASH_COATED_OSMIUM;9990;7;9988;13;;;9998;15;10000;17;;;9994.0;0.0
v_recovery_normal_s1;30500;INTARIAN_PEPPER_ROOT;12361;9;12358;18;;;12363;17;12365;24;;;12362.0;0.0
v_recovery_normal_s1;30500;ASH_COATED_OSMIUM;9979;13;9976;22;;;10007;11;10009;19;;;9993.0;0.0
v_recovery_normal_s1;30600;INTARIAN_PEPPER_ROOT;12358;14;12356;13;;;12364;13;12366;18;;;12361.0;0.0
v_recovery_normal_s1;30600;ASH_COATED_OSMIUM;9977;22;9974;20;;;10001;20;10004;20;;;9989.0;0.0
v_recovery_normal_s1;30700;INTARIAN_PEPPER_ROOT;12352;20;12348;29;;;12368;22;12370;19;;;12360.0;0.0
v_recovery_normal_s1;30700;ASH_COATED_OSMIUM;9978;18;9976;19;;;10000;11;10004;25;;;9989.0;0.0
v_recovery_normal_s1;30800;INTARIAN_PEPPER_ROOT;12353;18;12351;21;;;12367;20;12369;30;;;12360.0;0.0
v_recovery_normal_s1;30800;ASH_COATED_OSMIUM;9990;17;9986;25;;;9992;15;9995;23;;;9991.0;0.0
v_recovery_normal_s1;30900;INTARIAN_PEPPER_ROOT;12356;16;12354;19;;;12360;10;12364;16;;;12358.0;0.0
v_recovery_normal_s1;30900;ASH_COATED_OSMIUM;9984;19;9982;23;;;9998;5;10002;16;;;9991.0;0.0
v_recovery_normal_s1;31000;INTARIAN_PEPPER_ROOT;12339;11;12335;13;;;12379;11;12382;20;;;12359.0;0.0
v_recovery_normal_s1;31000;ASH_COATED_OSMIUM;9996;16;9992;19;;;9998;16;10000;17;;;9997.0;0.0
v_recovery_normal_s1;31100;INTARIAN_PEPPER_ROOT;12356;5;12354;20;;;12364;16;12367;19;;;12360.0;0.0
v_recovery_normal_s1;31100;ASH_COATED_OSMIUM;10002;21;9998;14;;;10004;20;10006;16;;;10003.0;0.0
v_recovery_normal_s1;31200;INTARIAN_PEPPER_ROOT;12358;14;12356;12;;;12366;7;12368;14;;;12362.0;0.0
v_recovery_normal_s1;31200;ASH_COATED_OSMIUM;9986;6;9982;19;;;10014;10;10017;26;;;10000.0;0.0
v_recovery_normal_s1;31300;INTARIAN_PEPPER_ROOT;12359;18;12356;14;;;12361;10;12363;22;;;12360.0;0.0
v_recovery_normal_s1;31300;ASH_COATED_OSMIUM;9995;9;9991;23;;;10009;19;10011;21;;;10002.0;0.0
v_recovery_normal_s1;31400;INTARIAN_PEPPER_ROOT;12333;19;12331;20;;;12399;17;12403;15;;;12366.0;0.0
v_recovery_normal_s1;31400;ASH_COATED_OSMIUM;9998;9;9996;24;;;10000;21;10004;13;;;9999.0;0.0
v_recovery_normal_s1;31500;INTARIAN_PEPPER_ROOT;12357;13;12355;22;;;12375;18;12378;15;;;12366.0;0.0
v_recovery_normal_s1;31500;ASH_COATED_OSMIUM;9996;13;9992;29;;;9998;9;10002;18;;;9997.0;0.0
v_recovery_normal_s1;31600;INTARIAN_PEPPER_ROOT;12349;15;12347;21;;;12385;16;12389;28;;;12367.0;0.0
v_recovery_normal_s1;31600;ASH_COATED_OSMIUM;9981;20;9978;18;;;10023;17;10025;19;;;10002.0;0.0
v_recovery_normal_s1;31700;INTARIAN_PEPPER_ROOT;12348;17;12346;24;;;12386;5;12390;29;;;12367.0;0.0
v_recovery_normal_s1;31700;ASH_COATED_OSMIUM;10004;9;10000;26;;;10010;5;10012;13;;;10007.0;0.0
v_recovery_normal_s1;31800;INTARIAN_PEPPER_ROOT;12361;14;12357;25;;;12369;11;12373;16;;;12365.0;0.0
v_recovery_normal_s1;31800;ASH_COATED_OSMIUM;10003;7;10000;20;;;10009;19;10012;20;;;10006.0;0.0
v_recovery_normal_s1;31900;INTARIAN_PEPPER_ROOT;12350;12;12348;21;;;12374;13;12376;23;;;12362.0;0.0
v_recovery_normal_s1;31900;ASH_COATED_OSMIUM;9998;6;9996;25;;;10010;10;10013;28;;;10004.0;0.0
v_recovery_normal_s1;32000;INTARIAN_PEPPER_ROOT;12360;13;12358;21;;;12362;11;12365;13;;;12361.0;0.0
v_recovery_normal_s1;32000;ASH_COATED_OSMIUM;10004;11;10002;15;;;10008;10;10011;15;;;10006.0;0.0
v_recovery_normal_s1;32100;INTARIAN_PEPPER_ROOT;12357;20;12353;20;;;12359;22;12361;23;;;12358.0;0.0
v_recovery_normal_s1;32100;ASH_COATED_OSMIUM;10002;7;9998;26;;;10010;9;10014;17;;;10006.0;0.0
v_recovery_normal_s1;32200;INTARIAN_PEPPER_ROOT;12355;19;12352;27;;;12363;10;12365;21;;;12359.0;0.0
v_recovery_normal_s1;32200;ASH_COATED_OSMIUM;10006;16;10003;18;;;10008;12;10012;15;;;10007.0;0.0
v_recovery_normal_s1;32300;INTARIAN_PEPPER_ROOT;12347;15;12343;24;;;12365;9;12369;19;;;12356.0;0.0
v_recovery_normal_s1;32300;ASH_COATED_OSMIUM;9994;19;9990;18;;;10012;5;10015;20;;;10003.0;0.0
v_recovery_normal_s1;32400;INTARIAN_PEPPER_ROOT;12351;14;12349;22;;;12363;20;12367;21;;;12357.0;0.0
v_recovery_normal_s1;32400;ASH_COATED_OSMIUM;9998;8;9994;23;;;10006;12;10009;14;;;10002.0;0.0
v_recovery_normal_s1;32500;INTARIAN_PEPPER_ROOT;12347;10;12343;22;;;12369;21;12372;26;;;12358.0;0.0
v_recovery_normal_s1;32500;ASH_COATED_OSMIUM;9999;16;9996;21;;;10011;7;10013;23;;;10005.0;0.0
v_recovery_normal_s1;32600;INTARIAN_PEPPER_ROOT;12354;13;12350;17;;;12358;12;12360;25;;;12356.0;0.0
v_recovery_normal_s1;32600;ASH_COATED_OSMIUM;10002;15;10000;16;;;10004;5;10008;17;;;10003.0;0.0
v_recovery_normal_s1;32700;INTARIAN_PEPPER_ROOT;12355;7;12351;23;;;12361;10;12363;27;;;12358.0;0.0
v_recovery_normal_s1;32700;ASH_COATED_OSMIUM;9999;20;9996;16;;;10001;13;10005;14;;;10000.0;0.0
v_recovery_normal_s1;32800;INTARIAN_PEPPER_ROOT;12353;20;12350;24;;;12361;15;12363;16;;;12357.0;0.0
v_recovery_normal_s1;32800;ASH_COATED_OSMIUM;9989;12;9986;22;;;10017;15;10020;25;;;10003.0;0.0
v_recovery_normal_s1;32900;INTARIAN_PEPPER_ROOT;12358;9;12354;21;;;12360;29;12362;27;;;12359.0;0.0
v_recovery_normal_s1;32900;ASH_COATED_OSMIUM;10005;12;10001;20;;;10007;16;10009;22;;;10006.0;0.0
v_recovery_normal_s1;33000;INTARIAN_PEPPER_ROOT;12358;14;12355;27;;;12360;10;12363;21;;;12359.0;0.0
v_recovery_normal_s1;33000;ASH_COATED_OSMIUM;9987;14;9984;29;;;10013;12;10017;23;;;10000.0;0.0
v_recovery_normal_s1;33100;INTARIAN_PEPPER_ROOT;12359;12;12356;15;;;12363;16;12365;13;;;12361.0;0.0
v_recovery_normal_s1;33100;ASH_COATED_OSMIUM;9980;18;9977;20;;;10016;23;10020;17;;;9998.0;0.0
v_recovery_normal_s1;33200;INTARIAN_PEPPER_ROOT;12343;8;12339;11;;;12373;20;12375;13;;;12358.0;0.0
v_recovery_normal_s1;33200;ASH_COATED_OSMIUM;9983;14;9979;8;;;10017;14;10020;15;;;10000.0;0.0
v_recovery_normal_s1;33300;INTARIAN_PEPPER_ROOT;12356;14;12354;12;;;12358;18;12361;23;;;12357.0;0.0
v_recovery_normal_s1;33300;ASH_COATED_OSMIUM;9975;19;9972;24;;;10021;10;10024;20;;;9998.0;0.0
v_recovery_normal_s1;33400;INTARIAN_PEPPER_ROOT;12359;14;12356;8;;;12361;7;12363;20;;;12360.0;0.0
v_recovery_normal_s1;33400;ASH_COATED_OSMIUM;9992;11;9989;21;;;10004;14;10006;23;;;9998.0;0.0
v_recovery_normal_s1;33500;INTARIAN_PEPPER_ROOT;12355;21;12352;23;;;12361;13;12364;13;;;12358.0;0.0
v_recovery_normal_s1;33500;ASH_COATED_OSMIUM;9998;11;9996;25;;;10002;5;10005;23;;;10000.0;0.0
v_recovery_normal_s1;33600;INTARIAN_PEPPER_ROOT;12344;17;12340;26;;;12362;18;12364;17;;;12353.0;0.0
v_recovery_normal_s1;33600;ASH_COATED_OSMIUM;9999;9;9995;23;;;10003;5;10006;20;;;10001.0;0.0
v_recovery_normal_s1;33700;INTARIAN_PEPPER_ROOT;12345;13;12343;18;;;12353;5;12357;15;;;12349.0;0.0
v_recovery_normal_s1;33700;ASH_COATED_OSMIUM;9983;15;9981;24;;;10017;11;10019;15;;;10000.0;0.0
v_recovery_normal_s1;33800;INTARIAN_PEPPER_ROOT;12326;17;12323;24;;;12360;10;12363;26;;;12343.0;0.0
v_recovery_normal_s1;33800;ASH_COATED_OSMIUM;9983;11;9980;21;;;10015;11;10019;21;;;9999.0;0.0
v_recovery_normal_s1;33900;INTARIAN_PEPPER_ROOT;12335;18;12331;15;;;12341;18;12344;21;;;12338.0;0.0
v_recovery_normal_s1;33900;ASH_COATED_OSMIUM;9957;14;9954;17;;;10051;10;10054;18;;;10004.0;0.0
v_recovery_normal_s1;34000;INTARIAN_PEPPER_ROOT;12332;22;12329;14;;;12342;7;12344;25;;;12337.0;0.0
v_recovery_normal_s1;34000;ASH_COATED_OSMIUM;10000;12;9998;16;;;10002;18;10005;23;;;10001.0;0.0
v_recovery_normal_s1;34100;INTARIAN_PEPPER_ROOT;12334;14;12332;21;;;12344;15;12348;23;;;12339.0;0.0
v_recovery_normal_s1;34100;ASH_COATED_OSMIUM;9993;14;9990;16;;;10015;6;10018;32;;;10004.0;0.0
v_recovery_normal_s1;34200;INTARIAN_PEPPER_ROOT;12335;16;12332;15;;;12339;19;12343;12;;;12337.0;0.0
v_recovery_normal_s1;34200;ASH_COATED_OSMIUM;10008;16;10004;23;;;10016;6;10020;13;;;10012.0;0.0
v_recovery_normal_s1;34300;INTARIAN_PEPPER_ROOT;12329;18;12325;11;;;12345;16;12349;17;;;12337.0;0.0
v_recovery_normal_s1;34300;ASH_COATED_OSMIUM;10009;17;10006;20;;;10019;7;10022;16;;;10014.0;0.0
v_recovery_normal_s1;34400;INTARIAN_PEPPER_ROOT;12336;14;12334;15;;;12338;16;12340;16;;;12337.0;0.0
v_recovery_normal_s1;34400;ASH_COATED_OSMIUM;9999;16;9996;32;;;10039;21;10043;24;;;10019.0;0.0
v_recovery_normal_s1;34500;INTARIAN_PEPPER_ROOT;12325;18;12321;26;;;12347;22;12349;28;;;12336.0;0.0
v_recovery_normal_s1;34500;ASH_COATED_OSMIUM;10017;10;10013;19;;;10021;8;10024;15;;;10019.0;0.0
v_recovery_normal_s1;34600;INTARIAN_PEPPER_ROOT;12333;23;12330;19;;;12337;15;12339;16;;;12335.0;0.0
v_recovery_normal_s1;34600;ASH_COATED_OSMIUM;10006;14;10003;14;;;10020;19;10023;27;;;10013.0;0.0
v_recovery_normal_s1;34700;INTARIAN_PEPPER_ROOT;12333;16;12330;18;;;12335;8;12337;24;;;12334.0;0.0
v_recovery_normal_s1;34700;ASH_COATED_OSMIUM;10012;15;10009;24;;;10014;9;10018;12;;;10013.0;0.0
v_recovery_normal_s1;34800;INTARIAN_PEPPER_ROOT;12332;17;12329;17;;;12336;17;12340;34;;;12334.0;0.0
v_recovery_normal_s1;34800;ASH_COATED_OSMIUM;9997;16;9994;16;;;10029;17;10033;9;;;10013.0;0.0
v_recovery_normal_s1;34900;INTARIAN_PEPPER_ROOT;12324;12;12320;25;;;12340;22;12344;20;;;12332.0;0.0
v_recovery_normal_s1;34900;ASH_COATED_OSMIUM;10017;17;10014;20;;;10019;6;10023;19;;;10018.0;0.0
v_recovery_normal_s1;35000;INTARIAN_PEPPER_ROOT;12332;20;12330;17;;;12334;19;12336;19;;;12333.0;0.0
v_recovery_normal_s1;35000;ASH_COATED_OSMIUM;10016;17;10014;17;;;10020;9;10024;14;;;10018.0;0.0
v_recovery_normal_s1;35100;INTARIAN_PEPPER_ROOT;12333;18;12330;23;;;12335;16;12339;8;;;12334.0;0.0
v_recovery_normal_s1;35100;ASH_COATED_OSMIUM;10011;12;10007;26;;;10027;12;10029;19;;;10019.0;0.0
v_recovery_normal_s1;35200;INTARIAN_PEPPER_ROOT;12332;18;12328;18;;;12334;14;12336;22;;;12333.0;0.0
v_recovery_normal_s1;35200;ASH_COATED_OSMIUM;9989;11;9986;9;;;10047;7;10049;17;;;10018.0;0.0
v_recovery_normal_s1;35300;INTARIAN_PEPPER_ROOT;12327;11;12324;20;;;12341;19;12344;23;;;12334.0;0.0
v_recovery_normal_s1;35300;ASH_COATED_OSMIUM;10016;20;10014;21;;;10018;5;10022;20;;;10017.0;0.0
v_recovery_normal_s1;35400;INTARIAN_PEPPER_ROOT;12323;20;12321;16;;;12341;5;12344;20;;;12332.0;0.0
v_recovery_normal_s1;35400;ASH_COATED_OSMIUM;9997;10;9993;13;;;10041;11;10045;16;;;10019.0;0.0
v_recovery_normal_s1;35500;INTARIAN_PEPPER_ROOT;12324;13;12322;20;;;12336;11;12338;24;;;12330.0;0.0
v_recovery_normal_s1;35500;ASH_COATED_OSMIUM;9999;15;9996;23;;;10039;18;10043;21;;;10019.0;0.0
v_recovery_normal_s1;35600;INTARIAN_PEPPER_ROOT;12326;5;12323;12;;;12334;10;12336;21;;;12330.0;0.0
v_recovery_normal_s1;35600;ASH_COATED_OSMIUM;10008;11;10004;12;;;10022;11;10024;19;;;10015.0;0.0
v_recovery_normal_s1;35700;INTARIAN_PEPPER_ROOT;12317;5;12313;26;;;12341;18;12344;16;;;12329.0;0.0
v_recovery_normal_s1;35700;ASH_COATED_OSMIUM;10015;9;10012;15;;;10017;17;10019;17;;;10016.0;0.0
v_recovery_normal_s1;35800;INTARIAN_PEPPER_ROOT;12326;13;12322;19;;;12328;17;12330;23;;;12327.0;0.0
v_recovery_normal_s1;35800;ASH_COATED_OSMIUM;10011;15;10007;18;;;10019;18;10021;23;;;10015.0;0.0
v_recovery_normal_s1;35900;INTARIAN_PEPPER_ROOT;12321;17;12318;17;;;12331;21;12334;26;;;12326.0;0.0
v_recovery_normal_s1;35900;ASH_COATED_OSMIUM;9987;13;9983;17;;;10047;12;10050;13;;;10017.0;0.0
v_recovery_normal_s1;36000;INTARIAN_PEPPER_ROOT;12309;16;12305;15;;;12339;10;12343;14;;;12324.0;0.0
v_recovery_normal_s1;36000;ASH_COATED_OSMIUM;10013;12;10011;19;;;10017;12;10019;19;;;10015.0;0.0
v_recovery_normal_s1;36100;INTARIAN_PEPPER_ROOT;12325;7;12323;18;;;12327;14;12330;18;;;12326.0;0.0
v_recovery_normal_s1;36100;ASH_COATED_OSMIUM;9966;6;9962;16;;;10054;6;10057;29;;;10010.0;0.0
v_recovery_normal_s1;36200;INTARIAN_PEPPER_ROOT;12317;27;12313;16;;;12325;14;12329;27;;;12321.0;0.0
v_recovery_normal_s1;36200;ASH_COATED_OSMIUM;9994;16;9990;24;;;10028;12;10031;23;;;10011.0;0.0
v_recovery_normal_s1;36300;INTARIAN_PEPPER_ROOT;12320;10;12316;20;;;12322;19;12326;23;;;12321.0;0.0
v_recovery_normal_s1;36300;ASH_COATED_OSMIUM;10005;8;10001;17;;;10007;13;10011;26;;;10006.0;0.0
v_recovery_normal_s1;36400;INTARIAN_PEPPER_ROOT;12319;10;12315;24;;;12321;16;12323;24;;;12320.0;0.0
v_recovery_normal_s1;36400;ASH_COATED_OSMIUM;10007;11;10003;21;;;10009;11;10013;24;;;10008.0;0.0
v_recovery_normal_s1;36500;INTARIAN_PEPPER_ROOT;12303;17;12300;25;;;12339;14;12343;20;;;12321.0;0.0
v_recovery_normal_s1;36500;ASH_COATED_OSMIUM;9985;12;9983;17;;;10025;13;10028;26;;;10005.0;0.0
v_recovery_normal_s1;36600;INTARIAN_PEPPER_ROOT;12320;16;12318;20;;;12322;17;12324;22;;;12321.0;0.0
v_recovery_normal_s1;36600;ASH_COATED_OSMIUM;9997;14;9995;18;;;10003;8;10005;22;;;10000.0;0.0
v_recovery_normal_s1;36700;INTARIAN_PEPPER_ROOT;12310;18;12306;16;;;12322;14;12326;27;;;12316.0;0.0
v_recovery_normal_s1;36700;ASH_COATED_OSMIUM;9993;13;9989;28;;;10011;11;10013;21;;;10002.0;0.0
v_recovery_normal_s1;36800;INTARIAN_PEPPER_ROOT;12310;16;12306;22;;;12322;19;12325;15;;;12316.0;0.0
v_recovery_normal_s1;36800;ASH_COATED_OSMIUM;9990;7;9987;20;;;10014;8;10017;21;;;10002.0;0.0
v_recovery_normal_s1;36900;INTARIAN_PEPPER_ROOT;12305;12;12302;23;;;12327;16;12329;23;;;12316.0;0.0
v_recovery_normal_s1;36900;ASH_COATED_OSMIUM;9986;8;9982;16;;;10012;11;10014;15;;;9999.0;0.0
v_recovery_normal_s1;37000;INTARIAN_PEPPER_ROOT;12313;19;12311;24;;;12317;12;12320;23;;;12315.0;0.0
v_recovery_normal_s1;37000;ASH_COATED_OSMIUM;10000;14;9998;27;;;10004;23;10008;24;;;10002.0;0.0
v_recovery_normal_s1;37100;INTARIAN_PEPPER_ROOT;12312;16;12308;16;;;12314;9;12316;14;;;12313.0;0.0
v_recovery_normal_s1;37100;ASH_COATED_OSMIUM;9984;20;9982;8;;;9998;5;10002;11;;;9991.0;0.0
v_recovery_normal_s1;37200;INTARIAN_PEPPER_ROOT;12300;14;12298;16;;;12328;14;12332;24;;;12314.0;0.0
v_recovery_normal_s1;37200;ASH_COATED_OSMIUM;9980;23;9977;16;;;10000;13;10003;27;;;9990.0;0.0
v_recovery_normal_s1;37300;INTARIAN_PEPPER_ROOT;12308;13;12304;15;;;12318;15;12321;29;;;12313.0;0.0
v_recovery_normal_s1;37300;ASH_COATED_OSMIUM;9974;12;9972;18;;;10002;18;10005;17;;;9988.0;0.0
v_recovery_normal_s1;37400;INTARIAN_PEPPER_ROOT;12305;15;12302;27;;;12327;9;12330;22;;;12316.0;0.0
v_recovery_normal_s1;37400;ASH_COATED_OSMIUM;9957;9;9955;9;;;10021;11;10024;20;;;9989.0;0.0
v_recovery_normal_s1;37500;INTARIAN_PEPPER_ROOT;12313;12;12311;21;;;12321;12;12323;22;;;12317.0;0.0
v_recovery_normal_s1;37500;ASH_COATED_OSMIUM;9982;7;9978;23;;;9992;8;9994;18;;;9987.0;0.0
v_recovery_normal_s1;37600;INTARIAN_PEPPER_ROOT;12317;7;12313;16;;;12325;12;12329;22;;;12321.0;0.0
v_recovery_normal_s1;37600;ASH_COATED_OSMIUM;9980;19;9978;17;;;10000;10;10002;18;;;9990.0;0.0
v_recovery_normal_s1;37700;INTARIAN_PEPPER_ROOT;12317;5;12313;23;;;12319;11;12323;15;;;12318.0;0.0
v_recovery_normal_s1;37700;ASH_COATED_OSMIUM;9988;6;9986;20;;;9994;6;9998;14;;;9991.0;0.0
v_recovery_normal_s1;37800;INTARIAN_PEPPER_ROOT;12313;12;12310;16;;;12315;13;12317;14;;;12314.0;0.0
v_recovery_normal_s1;37800;ASH_COATED_OSMIUM;9985;11;9982;21;;;9997;22;10000;21;;;9991.0;0.0
v_recovery_normal_s1;37900;INTARIAN_PEPPER_ROOT;12314;14;12312;24;;;12316;28;12319;16;;;12315.0;0.0
v_recovery_normal_s1;37900;ASH_COATED_OSMIUM;9989;15;9985;13;;;9999;27;10001;20;;;9994.0;0.0
v_recovery_normal_s1;38000;INTARIAN_PEPPER_ROOT;12303;18;12301;15;;;12331;11;12335;14;;;12317.0;0.0
v_recovery_normal_s1;38000;ASH_COATED_OSMIUM;9988;19;9986;26;;;10004;13;10008;14;;;9996.0;0.0
v_recovery_normal_s1;38100;INTARIAN_PEPPER_ROOT;12310;13;12306;24;;;12320;17;12324;22;;;12315.0;0.0
v_recovery_normal_s1;38100;ASH_COATED_OSMIUM;9986;11;9982;14;;;10004;13;10008;22;;;9995.0;0.0
v_recovery_normal_s1;38200;INTARIAN_PEPPER_ROOT;12305;24;12301;18;;;12319;5;12322;19;;;12312.0;0.0
v_recovery_normal_s1;38200;ASH_COATED_OSMIUM;9995;17;9991;24;;;9997;9;10000;17;;;9996.0;0.0
v_recovery_normal_s1;38300;INTARIAN_PEPPER_ROOT;12309;12;12307;18;;;12311;23;12315;18;;;12310.0;0.0
v_recovery_normal_s1;38300;ASH_COATED_OSMIUM;9994;9;9992;23;;;9996;10;9998;21;;;9995.0;0.0
v_recovery_normal_s1;38400;INTARIAN_PEPPER_ROOT;12302;8;12300;23;;;12320;15;12324;22;;;12311.0;0.0
v_recovery_normal_s1;38400;ASH_COATED_OSMIUM;10001;15;9998;20;;;10003;8;10005;11;;;10002.0;0.0
v_recovery_normal_s1;38500;INTARIAN_PEPPER_ROOT;12307;16;12303;10;;;12313;10;12316;8;;;12310.0;0.0
v_recovery_normal_s1;38500;ASH_COATED_OSMIUM;9987;15;9983;24;;;10009;12;10011;23;;;9998.0;0.0
v_recovery_normal_s1;38600;INTARIAN_PEPPER_ROOT;12291;11;12288;19;;;12329;19;12331;22;;;12310.0;0.0
v_recovery_normal_s1;38600;ASH_COATED_OSMIUM;9998;15;9995;19;;;10006;17;10008;16;;;10002.0;0.0
v_recovery_normal_s1;38700;INTARIAN_PEPPER_ROOT;12288;19;12286;15;;;12328;14;12332;18;;;12308.0;0.0
v_recovery_normal_s1;38700;ASH_COATED_OSMIUM;10001;19;9998;33;;;10003;6;10007;12;;;10002.0;0.0
v_recovery_normal_s1;38800;INTARIAN_PEPPER_ROOT;12305;9;12301;28;;;12307;13;12311;16;;;12306.0;0.0
v_recovery_normal_s1;38800;ASH_COATED_OSMIUM;9993;9;9990;15;;;10007;8;10011;17;;;10000.0;0.0
v_recovery_normal_s1;38900;INTARIAN_PEPPER_ROOT;12299;21;12295;17;;;12309;11;12312;25;;;12304.0;0.0
v_recovery_normal_s1;38900;ASH_COATED_OSMIUM;9993;18;9991;20;;;10007;12;10010;11;;;10000.0;0.0
v_recovery_normal_s1;39000;INTARIAN_PEPPER_ROOT;12297;20;12293;22;;;12305;16;12309;17;;;12301.0;0.0
v_recovery_normal_s1;39000;ASH_COATED_OSMIUM;9996;16;9992;21;;;9998;5;10000;26;;;9997.0;0.0
v_recovery_normal_s1;39100;INTARIAN_PEPPER_ROOT;12297;16;12293;26;;;12311;8;12313;23;;;12304.0;0.0
v_recovery_normal_s1;39100;ASH_COATED_OSMIUM;9994;19;9990;8;;;10004;9;10008;23;;;9999.0;0.0
v_recovery_normal_s1;39200;INTARIAN_PEPPER_ROOT;12290;10;12287;10;;;12314;14;12316;18;;;12302.0;0.0
v_recovery_normal_s1;39200;ASH_COATED_OSMIUM;9990;10;9986;21;;;10004;19;10006;18;;;9997.0;0.0
v_recovery_normal_s1;39300;INTARIAN_PEPPER_ROOT;12294;6;12292;29;;;12310;5;12313;17;;;12302.0;0.0
v_recovery_normal_s1;39300;ASH_COATED_OSMIUM;9994;12;9991;15;;;9996;10;10000;25;;;9995.0;0.0
v_recovery_normal_s1;39400;INTARIAN_PEPPER_ROOT;12298;14;12295;17;;;12300;11;12304;22;;;12299.0;0.0
v_recovery_normal_s1;39400;ASH_COATED_OSMIUM;9995;18;9993;15;;;9999;13;10002;19;;;9997.0;0.0
v_recovery_normal_s1;39500;INTARIAN_PEPPER_ROOT;12285;16;12282;18;;;12315;16;12317;28;;;12300.0;0.0
v_recovery_normal_s1;39500;ASH_COATED_OSMIUM;9988;14;9986;20;;;10008;16;10012;21;;;9998.0;0.0
v_recovery_normal_s1;39600;INTARIAN_PEPPER_ROOT;12289;11;12285;24;;;12303;21;12305;22;;;12296.0;0.0
v_recovery_normal_s1;39600;ASH_COATED_OSMIUM;9995;5;9991;27;;;9999;13;10001;18;;;9997.0;0.0
v_recovery_normal_s1;39700;INTARIAN_PEPPER_ROOT;12291;18;12288;14;;;12305;16;12309;24;;;12298.0;0.0
v_recovery_normal_s1;39700;ASH_COATED_OSMIUM;9985;11;9983;16;;;10011;14;10013;20;;;9998.0;0.0
v_recovery_normal_s1;39800;INTARIAN_PEPPER_ROOT;12271;11;12267;17;;;12323;11;12326;17;;;12297.0;0.0
v_recovery_normal_s1;39800;ASH_COATED_OSMIUM;9998;5;9994;18;;;10006;14;10008;12;;;10002.0;0.0
v_recovery_normal_s1;39900;INTARIAN_PEPPER_ROOT;12299;16;12297;26;;;12301;12;12304;23;;;12300.0;0.0
v_recovery_normal_s1;39900;ASH_COATED_OSMIUM;9983;11;9979;14;;;10021;11;10024;18;;;10002.0;0.0
v_recovery_normal_s1;40000;INTARIAN_PEPPER_ROOT;12290;20;12286;17;;;12306;18;12309;13;;;12298.0;0.0
v_recovery_normal_s1;40000;ASH_COATED_OSMIUM;10000;8;9996;18;;;10006;17;10010;23;;;10003.0;0.0
v_recovery_normal_s1;40100;INTARIAN_PEPPER_ROOT;12285;11;12281;17;;;12309;13;12311;18;;;12297.0;0.0
v_recovery_normal_s1;40100;ASH_COATED_OSMIUM;9986;9;9982;23;;;10012;11;10015;23;;;9999.0;0.0
v_recovery_normal_s1;40200;INTARIAN_PEPPER_ROOT;12296;11;12294;13;;;12298;14;12300;13;;;12297.0;0.0
v_recovery_normal_s1;40200;ASH_COATED_OSMIUM;9998;18;9995;25;;;10004;9;10007;19;;;10001.0;0.0
v_recovery_normal_s1;40300;INTARIAN_PEPPER_ROOT;12297;20;12295;24;;;12303;5;12306;21;;;12300.0;0.0
v_recovery_normal_s1;40300;ASH_COATED_OSMIUM;9994;18;9991;10;;;10004;7;10006;12;;;9999.0;0.0
v_recovery_normal_s1;40400;INTARIAN_PEPPER_ROOT;12291;15;12287;14;;;12305;21;12307;15;;;12298.0;0.0
v_recovery_normal_s1;40400;ASH_COATED_OSMIUM;9996;13;9993;19;;;10000;17;10004;17;;;9998.0;0.0
v_recovery_normal_s1;40500;INTARIAN_PEPPER_ROOT;12286;10;12282;13;;;12308;15;12310;23;;;12297.0;0.0
v_recovery_normal_s1;40500;ASH_COATED_OSMIUM;9985;7;9982;16;;;10015;10;10019;18;;;10000.0;0.0
v_recovery_normal_s1;40600;INTARIAN_PEPPER_ROOT;12271;16;12267;25;;;12313;19;12315;13;;;12292.0;0.0
v_recovery_normal_s1;40600;ASH_COATED_OSMIUM;9998;5;9996;17;;;10006;20;10008;29;;;10002.0;0.0
v_recovery_normal_s1;40700;INTARIAN_PEPPER_ROOT;12284;13;12280;20;;;12296;8;12298;15;;;12290.0;0.0
v_recovery_normal_s1;40700;ASH_COATED_OSMIUM;10005;13;10002;28;;;10007;9;10010;20;;;10006.0;0.0
v_recovery_normal_s1;40800;INTARIAN_PEPPER_ROOT;12286;23;12283;20;;;12294;22;12296;25;;;12290.0;0.0
v_recovery_normal_s1;40800;ASH_COATED_OSMIUM;9998;24;9995;24;;;10010;17;10014;19;;;10004.0;0.0
v_recovery_normal_s1;40900;INTARIAN_PEPPER_ROOT;12289;19;12285;13;;;12295;9;12298;27;;;12292.0;0.0
v_recovery_normal_s1;40900;ASH_COATED_OSMIUM;10000;16;9996;22;;;10012;14;10016;15;;;10006.0;0.0
v_recovery_normal_s1;41000;INTARIAN_PEPPER_ROOT;12284;11;12280;17;;;12298;18;12300;25;;;12291.0;0.0
v_recovery_normal_s1;41000;ASH_COATED_OSMIUM;10002;16;9998;24;;;10004;22;10006;22;;;10003.0;0.0
v_recovery_normal_s1;41100;INTARIAN_PEPPER_ROOT;12285;20;12282;24;;;12303;18;12305;17;;;12294.0;0.0
v_recovery_normal_s1;41100;ASH_COATED_OSMIUM;10007;6;10003;21;;;10011;6;10015;17;;;10009.0;0.0
v_recovery_normal_s1;41200;INTARIAN_PEPPER_ROOT;12296;5;12293;16;;;12298;15;12302;15;;;12297.0;0.0
v_recovery_normal_s1;41200;ASH_COATED_OSMIUM;10008;5;10005;30;;;10010;5;10013;24;;;10009.0;0.0
v_recovery_normal_s1;41300;INTARIAN_PEPPER_ROOT;12290;13;12286;24;;;12302;22;12304;19;;;12296.0;0.0
v_recovery_normal_s1;41300;ASH_COATED_OSMIUM;10002;14;10000;28;;;10012;9;10015;20;;;10007.0;0.0
v_recovery_normal_s1;41400;INTARIAN_PEPPER_ROOT;12290;14;12287;21;;;12292;5;12294;19;;;12291.0;0.0
v_recovery_normal_s1;41400;ASH_COATED_OSMIUM;10001;21;9999;17;;;10003;8;10005;16;;;10002.0;0.0
v_recovery_normal_s1;41500;INTARIAN_PEPPER_ROOT;12282;15;12280;22;;;12292;12;12294;13;;;12287.0;0.0
v_recovery_normal_s1;41500;ASH_COATED_OSMIUM;10004;14;10001;15;;;10006;19;10009;22;;;10005.0;0.0
v_recovery_normal_s1;41600;INTARIAN_PEPPER_ROOT;12279;16;12275;15;;;12291;7;12293;20;;;12285.0;0.0
v_recovery_normal_s1;41600;ASH_COATED_OSMIUM;10006;5;10004;18;;;10008;16;10011;17;;;10007.0;0.0
v_recovery_normal_s1;41700;INTARIAN_PEPPER_ROOT;12280;20;12277;22;;;12292;13;12294;22;;;12286.0;0.0
v_recovery_normal_s1;41700;ASH_COATED_OSMIUM;9993;7;9991;17;;;10013;13;10017;24;;;10003.0;0.0
v_recovery_normal_s1;41800;INTARIAN_PEPPER_ROOT;12275;13;12271;22;;;12297;10;12301;27;;;12286.0;0.0
v_recovery_normal_s1;41800;ASH_COATED_OSMIUM;10003;6;10000;23;;;10005;8;10008;25;;;10004.0;0.0
v_recovery_normal_s1;41900;INTARIAN_PEPPER_ROOT;12278;14;12275;24;;;12286;14;12288;12;;;12282.0;0.0
v_recovery_normal_s1;41900;ASH_COATED_OSMIUM;9995;16;9992;22;;;10011;16;10013;8;;;10003.0;0.0
v_recovery_normal_s1;42000;INTARIAN_PEPPER_ROOT;12276;17;12273;15;;;12284;13;12288;20;;;12280.0;0.0
v_recovery_normal_s1;42000;ASH_COATED_OSMIUM;9986;6;9983;17;;;10024;17;10027;16;;;10005.0;0.0
v_recovery_normal_s1;42100;INTARIAN_PEPPER_ROOT;12281;14;12277;20;;;12287;14;12289;21;;;12284.0;0.0
v_recovery_normal_s1;42100;ASH_COATED_OSMIUM;10001;8;9998;15;;;10003;14;10006;9;;;10002.0;0.0
v_recovery_normal_s1;42200;INTARIAN_PEPPER_ROOT;12277;9;12274;12;;;12287;18;12291;27;;;12282.0;0.0
v_recovery_normal_s1;42200;ASH_COATED_OSMIUM;9980;6;9978;26;;;10010;8;10012;23;;;9995.0;0.0
v_recovery_normal_s1;42300;INTARIAN_PEPPER_ROOT;12279;22;12277;12;;;12281;12;12284;12;;;12280.0;0.0
v_recovery_normal_s1;42300;ASH_COATED_OSMIUM;9995;7;9992;24;;;10001;18;10004;16;;;9998.0;0.0
v_recovery_normal_s1;42400;INTARIAN_PEPPER_ROOT;12278;15;12274;26;;;12286;8;12289;26;;;12282.0;0.0
v_recovery_normal_s1;42400;ASH_COATED_OSMIUM;9994;9;9992;25;;;9996;16;10000;18;;;9995.0;0.0
v_recovery_normal_s1;42500;INTARIAN_PEPPER_ROOT;12275;16;12271;21;;;12291;25;12294;12;;;12283.0;0.0
v_recovery_normal_s1;42500;ASH_COATED_OSMIUM;9981;9;9979;29;;;10007;15;10009;16;;;9994.0;0.0
v_recovery_normal_s1;42600;INTARIAN_PEPPER_ROOT;12275;15;12272;21;;;12285;19;12287;10;;;12280.0;0.0
v_recovery_normal_s1;42600;ASH_COATED_OSMIUM;9982;19;9979;15;;;10004;13;10008;20;;;9993.0;0.0
v_recovery_normal_s1;42700;INTARIAN_PEPPER_ROOT;12281;13;12277;17;;;12283;24;12287;21;;;12282.0;0.0
v_recovery_normal_s1;42700;ASH_COATED_OSMIUM;9987;5;9984;23;;;9989;26;9991;25;;;9988.0;0.0
v_recovery_normal_s1;42800;INTARIAN_PEPPER_ROOT;12275;10;12271;15;;;12287;11;12290;20;;;12281.0;0.0
v_recovery_normal_s1;42800;ASH_COATED_OSMIUM;9966;9;9962;29;;;10006;10;10008;15;;;9986.0;0.0
v_recovery_normal_s1;42900;INTARIAN_PEPPER_ROOT;12257;18;12253;20;;;12301;5;12303;17;;;12279.0;0.0
v_recovery_normal_s1;42900;ASH_COATED_OSMIUM;9975;8;9973;28;;;9993;15;9997;13;;;9984.0;0.0
v_recovery_normal_s1;43000;INTARIAN_PEPPER_ROOT;12266;13;12263;28;;;12296;19;12300;15;;;12281.0;0.0
v_recovery_normal_s1;43000;ASH_COATED_OSMIUM;9977;10;9973;13;;;9995;14;9998;20;;;9986.0;0.0
v_recovery_normal_s1;43100;INTARIAN_PEPPER_ROOT;12264;15;12262;19;;;12300;11;12302;20;;;12282.0;0.0
v_recovery_normal_s1;43100;ASH_COATED_OSMIUM;9982;11;9979;17;;;9986;20;9990;20;;;9984.0;0.0
v_recovery_normal_s1;43200;INTARIAN_PEPPER_ROOT;12282;17;12278;18;;;12286;17;12289;18;;;12284.0;0.0
v_recovery_normal_s1;43200;ASH_COATED_OSMIUM;9985;9;9983;18;;;9993;16;9996;13;;;9989.0;0.0
v_recovery_normal_s1;43300;INTARIAN_PEPPER_ROOT;12258;14;12256;15;;;12310;14;12314;26;;;12284.0;0.0
v_recovery_normal_s1;43300;ASH_COATED_OSMIUM;9976;13;9974;21;;;10002;7;10004;19;;;9989.0;0.0
v_recovery_normal_s1;43400;INTARIAN_PEPPER_ROOT;12282;14;12279;17;;;12288;8;12290;22;;;12285.0;0.0
v_recovery_normal_s1;43400;ASH_COATED_OSMIUM;9972;20;9968;26;;;10008;15;10011;17;;;9990.0;0.0
v_recovery_normal_s1;43500;INTARIAN_PEPPER_ROOT;12283;15;12280;22;;;12285;15;12288;18;;;12284.0;0.0
v_recovery_normal_s1;43500;ASH_COATED_OSMIUM;9976;17;9973;23;;;10004;5;10006;13;;;9990.0;0.0
v_recovery_normal_s1;43600;INTARIAN_PEPPER_ROOT;12281;16;12277;16;;;12287;10;12291;15;;;12284.0;0.0
v_recovery_normal_s1;43600;ASH_COATED_OSMIUM;9980;12;9976;18;;;9990;13;9993;17;;;9985.0;0.0
v_recovery_normal_s1;43700;INTARIAN_PEPPER_ROOT;12279;18;12277;10;;;12291;27;12293;27;;;12285.0;0.0
v_recovery_normal_s1;43700;ASH_COATED_OSMIUM;9979;15;9977;23;;;9997;9;10001;17;;;9988.0;0.0
v_recovery_normal_s1;43800;INTARIAN_PEPPER_ROOT;12286;13;12282;30;;;12288;19;12291;21;;;12287.0;0.0
v_recovery_normal_s1;43800;ASH_COATED_OSMIUM;9965;17;9963;19;;;10011;8;10015;16;;;9988.0;0.0
v_recovery_normal_s1;43900;INTARIAN_PEPPER_ROOT;12288;5;12286;14;;;12290;7;12292;17;;;12289.0;0.0
v_recovery_normal_s1;43900;ASH_COATED_OSMIUM;9990;15;9986;26;;;9994;15;9996;19;;;9992.0;0.0
v_recovery_normal_s1;44000;INTARIAN_PEPPER_ROOT;12285;12;12281;13;;;12295;19;12299;22;;;12290.0;0.0
v_recovery_normal_s1;44000;ASH_COATED_OSMIUM;9994;14;9991;26;;;9998;7;10000;13;;;9996.0;0.0
v_recovery_normal_s1;44100;INTARIAN_PEPPER_ROOT;12285;15;12281;18;;;12287;15;12290;20;;;12286.0;0.0
v_recovery_normal_s1;44100;ASH_COATED_OSMIUM;9985;15;9982;16;;;10001;11;10003;18;;;9993.0;0.0
v_recovery_normal_s1;44200;INTARIAN_PEPPER_ROOT;12274;13;12272;18;;;12292;12;12294;16;;;12283.0;0.0
v_recovery_normal_s1;44200;ASH_COATED_OSMIUM;9990;12;9986;25;;;9998;7;10002;15;;;9994.0;0.0
v_recovery_normal_s1;44300;INTARIAN_PEPPER_ROOT;12274;9;12271;19;;;12296;18;12300;21;;;12285.0;0.0
v_recovery_normal_s1;44300;ASH_COATED_OSMIUM;9992;12;9989;23;;;10000;11;10002;18;;;9996.0;0.0
v_recovery_normal_s1;44400;INTARIAN_PEPPER_ROOT;12277;10;12273;19;;;12291;15;12295;22;;;12284.0;0.0
v_recovery_normal_s1;44400;ASH_COATED_OSMIUM;9990;17;9987;25;;;10006;12;10009;22;;;9998.0;0.0
v_recovery_normal_s1;44500;INTARIAN_PEPPER_ROOT;12264;23;12260;17;;;12304;17;12307;21;;;12284.0;0.0
v_recovery_normal_s1;44500;ASH_COATED_OSMIUM;9992;7;9990;20;;;10002;27;10006;25;;;9997.0;0.0
v_recovery_normal_s1;44600;INTARIAN_PEPPER_ROOT;12280;14;12276;22;;;12282;16;12286;18;;;12281.0;0.0
v_recovery_normal_s1;44600;ASH_COATED_OSMIUM;9993;11;9991;16;;;10003;13;10006;22;;;9998.0;0.0
v_recovery_normal_s1;44700;INTARIAN_PEPPER_ROOT;12278;18;12274;17;;;12288;14;12291;25;;;12283.0;0.0
v_recovery_normal_s1;44700;ASH_COATED_OSMIUM;9982;8;9980;21;;;10006;14;10009;16;;;9994.0;0.0
v_recovery_normal_s1;44800;INTARIAN_PEPPER_ROOT;12276;14;12273;21;;;12288;9;12290;20;;;12282.0;0.0
v_recovery_normal_s1;44800;ASH_COATED_OSMIUM;9990;6;9988;12;;;9996;9;10000;21;;;9993.0;0.0
v_recovery_normal_s1;44900;INTARIAN_PEPPER_ROOT;12283;13;12281;27;;;12285;13;12288;29;;;12284.0;0.0
v_recovery_normal_s1;44900;ASH_COATED_OSMIUM;9989;15;9985;24;;;10001;25;10005;24;;;9995.0;0.0
v_recovery_normal_s1;45000;INTARIAN_PEPPER_ROOT;12280;15;12276;15;;;12286;16;12289;22;;;12283.0;0.0
v_recovery_normal_s1;45000;ASH_COATED_OSMIUM;9995;15;9993;18;;;9999;19;10003;21;;;9997.0;0.0
v_recovery_normal_s1;45100;INTARIAN_PEPPER_ROOT;12254;5;12252;25;;;12314;17;12318;21;;;12284.0;0.0
v_recovery_normal_s1;45100;ASH_COATED_OSMIUM;9988;13;9984;16;;;10012;9;10015;17;;;10000.0;0.0
v_recovery_normal_s1;45200;INTARIAN_PEPPER_ROOT;12282;8;12278;13;;;12288;14;12291;18;;;12285.0;0.0
v_recovery_normal_s1;45200;ASH_COATED_OSMIUM;9964;8;9962;21;;;10036;14;10040;26;;;10000.0;0.0
v_recovery_normal_s1;45300;INTARIAN_PEPPER_ROOT;12281;11;12279;11;;;12285;12;12288;19;;;12283.0;0.0
v_recovery_normal_s1;45300;ASH_COATED_OSMIUM;10001;5;9997;18;;;10003;20;10006;16;;;10002.0;0.0
v_recovery_normal_s1;45400;INTARIAN_PEPPER_ROOT;12280;19;12278;16;;;12286;7;12288;26;;;12283.0;0.0
v_recovery_normal_s1;45400;ASH_COATED_OSMIUM;9981;11;9977;19;;;10031;9;10035;16;;;10006.0;0.0
v_recovery_normal_s1;45500;INTARIAN_PEPPER_ROOT;12275;7;12273;19;;;12289;20;12293;22;;;12282.0;0.0
v_recovery_normal_s1;45500;ASH_COATED_OSMIUM;10000;9;9996;24;;;10010;14;10013;18;;;10005.0;0.0
v_recovery_normal_s1;45600;INTARIAN_PEPPER_ROOT;12277;15;12273;26;;;12283;15;12285;9;;;12280.0;0.0
v_recovery_normal_s1;45600;ASH_COATED_OSMIUM;9999;16;9995;17;;;10011;18;10015;17;;;10005.0;0.0
v_recovery_normal_s1;45700;INTARIAN_PEPPER_ROOT;12279;8;12276;23;;;12283;10;12287;19;;;12281.0;0.0
v_recovery_normal_s1;45700;ASH_COATED_OSMIUM;10001;5;9997;26;;;10003;5;10007;17;;;10002.0;0.0
v_recovery_normal_s1;45800;INTARIAN_PEPPER_ROOT;12272;8;12268;23;;;12286;17;12289;18;;;12279.0;0.0
v_recovery_normal_s1;45800;ASH_COATED_OSMIUM;9987;14;9985;17;;;10017;6;10019;21;;;10002.0;0.0
v_recovery_normal_s1;45900;INTARIAN_PEPPER_ROOT;12275;17;12271;20;;;12279;11;12282;13;;;12277.0;0.0
v_recovery_normal_s1;45900;ASH_COATED_OSMIUM;9994;18;9992;15;;;9998;7;10002;22;;;9996.0;0.0
v_recovery_normal_s1;46000;INTARIAN_PEPPER_ROOT;12270;7;12268;17;;;12282;16;12284;20;;;12276.0;0.0
v_recovery_normal_s1;46000;ASH_COATED_OSMIUM;9991;13;9987;26;;;10005;18;10007;20;;;9998.0;0.0
v_recovery_normal_s1;46100;INTARIAN_PEPPER_ROOT;12272;9;12269;13;;;12274;15;12278;18;;;12273.0;0.0
v_recovery_normal_s1;46100;ASH_COATED_OSMIUM;9979;9;9976;27;;;10017;19;10021;21;;;9998.0;0.0
v_recovery_normal_s1;46200;INTARIAN_PEPPER_ROOT;12266;19;12263;24;;;12284;12;12286;8;;;12275.0;0.0
v_recovery_normal_s1;46200;ASH_COATED_OSMIUM;9986;8;9983;21;;;10004;8;10008;20;;;9995.0;0.0
v_recovery_normal_s1;46300;INTARIAN_PEPPER_ROOT;12272;11;12268;19;;;12278;13;12282;26;;;12275.0;0.0
v_recovery_normal_s1;46300;ASH_COATED_OSMIUM;9994;5;9991;20;;;10014;5;10016;9;;;10004.0;0.0
v_recovery_normal_s1;46400;INTARIAN_PEPPER_ROOT;12273;7;12270;22;;;12275;17;12279;10;;;12274.0;0.0
v_recovery_normal_s1;46400;ASH_COATED_OSMIUM;10000;16;9996;16;;;10006;7;10010;35;;;10003.0;0.0
v_recovery_normal_s1;46500;INTARIAN_PEPPER_ROOT;12266;16;12264;16;;;12282;15;12284;15;;;12274.0;0.0
v_recovery_normal_s1;46500;ASH_COATED_OSMIUM;9980;12;9976;22;;;10020;14;10022;13;;;10000.0;0.0
v_recovery_normal_s1;46600;INTARIAN_PEPPER_ROOT;12273;8;12270;14;;;12275;15;12277;21;;;12274.0;0.0
v_recovery_normal_s1;46600;ASH_COATED_OSMIUM;10001;8;9997;26;;;10003;10;10005;8;;;10002.0;0.0
v_recovery_normal_s1;46700;INTARIAN_PEPPER_ROOT;12271;11;12268;19;;;12283;15;12287;19;;;12277.0;0.0
v_recovery_normal_s1;46700;ASH_COATED_OSMIUM;9991;20;9988;22;;;10017;15;10019;18;;;10004.0;0.0
v_recovery_normal_s1;46800;INTARIAN_PEPPER_ROOT;12267;8;12265;18;;;12289;9;12293;15;;;12278.0;0.0
v_recovery_normal_s1;46800;ASH_COATED_OSMIUM;9984;9;9982;19;;;10026;16;10029;16;;;10005.0;0.0
v_recovery_normal_s1;46900;INTARIAN_PEPPER_ROOT;12269;17;12266;18;;;12283;22;12286;19;;;12276.0;0.0
v_recovery_normal_s1;46900;ASH_COATED_OSMIUM;9994;11;9990;23;;;10002;11;10004;16;;;9998.0;0.0
v_recovery_normal_s1;47000;INTARIAN_PEPPER_ROOT;12276;13;12273;17;;;12278;18;12281;15;;;12277.0;0.0
v_recovery_normal_s1;47000;ASH_COATED_OSMIUM;9992;18;9988;17;;;10008;10;10011;20;;;10000.0;0.0
v_recovery_normal_s1;47100;INTARIAN_PEPPER_ROOT;12265;13;12262;24;;;12287;14;12289;22;;;12276.0;0.0
v_recovery_normal_s1;47100;ASH_COATED_OSMIUM;9993;18;9991;23;;;9995;12;9997;21;;;9994.0;0.0
v_recovery_normal_s1;47200;INTARIAN_PEPPER_ROOT;12248;5;12246;19;;;12302;6;12305;9;;;12275.0;0.0
v_recovery_normal_s1;47200;ASH_COATED_OSMIUM;9980;15;9976;22;;;10022;19;10025;15;;;10001.0;0.0
v_recovery_normal_s1;47300;INTARIAN_PEPPER_ROOT;12278;15;12274;18;;;12280;10;12283;21;;;12279.0;0.0
v_recovery_normal_s1;47300;ASH_COATED_OSMIUM;9997;14;9995;13;;;10005;17;10008;18;;;10001.0;0.0
v_recovery_normal_s1;47400;INTARIAN_PEPPER_ROOT;12270;8;12267;21;;;12284;28;12286;21;;;12277.0;0.0
v_recovery_normal_s1;47400;ASH_COATED_OSMIUM;9997;11;9993;23;;;10013;8;10017;23;;;10005.0;0.0
v_recovery_normal_s1;47500;INTARIAN_PEPPER_ROOT;12261;18;12258;25;;;12291;22;12293;19;;;12276.0;0.0
v_recovery_normal_s1;47500;ASH_COATED_OSMIUM;10001;13;9998;25;;;10011;10;10013;18;;;10006.0;0.0
v_recovery_normal_s1;47600;INTARIAN_PEPPER_ROOT;12270;13;12268;17;;;12272;15;12274;20;;;12271.0;0.0
v_recovery_normal_s1;47600;ASH_COATED_OSMIUM;9992;12;9990;12;;;10034;14;10037;14;;;10013.0;0.0
v_recovery_normal_s1;47700;INTARIAN_PEPPER_ROOT;12266;12;12262;18;;;12270;16;12274;17;;;12268.0;0.0
v_recovery_normal_s1;47700;ASH_COATED_OSMIUM;10011;6;10008;24;;;10015;9;10017;21;;;10013.0;0.0
v_recovery_normal_s1;47800;INTARIAN_PEPPER_ROOT;12267;21;12265;26;;;12269;15;12273;27;;;12268.0;0.0
v_recovery_normal_s1;47800;ASH_COATED_OSMIUM;9998;16;9996;14;;;10024;9;10027;20;;;10011.0;0.0
v_recovery_normal_s1;47900;INTARIAN_PEPPER_ROOT;12265;17;12263;17;;;12267;12;12270;17;;;12266.0;0.0
v_recovery_normal_s1;47900;ASH_COATED_OSMIUM;10011;8;10009;12;;;10017;21;10019;12;;;10014.0;0.0
v_recovery_normal_s1;48000;INTARIAN_PEPPER_ROOT;12265;8;12263;18;;;12267;7;12271;25;;;12266.0;0.0
v_recovery_normal_s1;48000;ASH_COATED_OSMIUM;10009;8;10006;17;;;10015;9;10018;27;;;10012.0;0.0
v_recovery_normal_s1;48100;INTARIAN_PEPPER_ROOT;12259;8;12256;22;;;12269;9;12272;24;;;12264.0;0.0
v_recovery_normal_s1;48100;ASH_COATED_OSMIUM;10014;14;10011;20;;;10018;6;10021;20;;;10016.0;0.0
v_recovery_normal_s1;48200;INTARIAN_PEPPER_ROOT;12261;18;12259;22;;;12263;13;12267;21;;;12262.0;0.0
v_recovery_normal_s1;48200;ASH_COATED_OSMIUM;10009;13;10006;17;;;10027;5;10030;27;;;10018.0;0.0
v_recovery_normal_s1;48300;INTARIAN_PEPPER_ROOT;12258;16;12255;17;;;12266;18;12269;23;;;12262.0;0.0
v_recovery_normal_s1;48300;ASH_COATED_OSMIUM;10008;13;10005;18;;;10030;13;10032;17;;;10019.0;0.0
v_recovery_normal_s1;48400;INTARIAN_PEPPER_ROOT;12255;19;12252;24;;;12275;20;12278;29;;;12265.0;0.0
v_recovery_normal_s1;48400;ASH_COATED_OSMIUM;10014;11;10010;22;;;10020;8;10023;12;;;10017.0;0.0
v_recovery_normal_s1;48500;INTARIAN_PEPPER_ROOT;12262;11;12258;8;;;12268;19;12272;27;;;12265.0;0.0
v_recovery_normal_s1;48500;ASH_COATED_OSMIUM;10015;11;10011;16;;;10017;12;10019;18;;;10016.0;0.0
v_recovery_normal_s1;48600;INTARIAN_PEPPER_ROOT;12262;24;12260;19;;;12272;26;12274;15;;;12267.0;0.0
v_recovery_normal_s1;48600;ASH_COATED_OSMIUM;10011;5;10009;25;;;10013;21;10016;13;;;10012.0;0.0
v_recovery_normal_s1;48700;INTARIAN_PEPPER_ROOT;12262;11;12258;24;;;12278;11;12282;21;;;12270.0;0.0
v_recovery_normal_s1;48700;ASH_COATED_OSMIUM;10009;12;10005;22;;;10013;17;10017;16;;;10011.0;0.0
v_recovery_normal_s1;48800;INTARIAN_PEPPER_ROOT;12265;8;12261;28;;;12277;17;12281;13;;;12271.0;0.0
v_recovery_normal_s1;48800;ASH_COATED_OSMIUM;10010;15;10006;24;;;10012;18;10016;22;;;10011.0;0.0
v_recovery_normal_s1;48900;INTARIAN_PEPPER_ROOT;12261;29;12259;23;;;12277;10;12280;20;;;12269.0;0.0
v_recovery_normal_s1;48900;ASH_COATED_OSMIUM;10006;19;10002;17;;;10016;8;10020;23;;;10011.0;0.0
v_recovery_normal_s1;49000;INTARIAN_PEPPER_ROOT;12267;19;12265;22;;;12269;15;12273;20;;;12268.0;0.0
v_recovery_normal_s1;49000;ASH_COATED_OSMIUM;10008;11;10006;23;;;10018;11;10020;17;;;10013.0;0.0
v_recovery_normal_s1;49100;INTARIAN_PEPPER_ROOT;12264;15;12262;17;;;12274;30;12277;16;;;12269.0;0.0
v_recovery_normal_s1;49100;ASH_COATED_OSMIUM;10004;9;10000;22;;;10016;11;10019;14;;;10010.0;0.0
v_recovery_normal_s1;49200;INTARIAN_PEPPER_ROOT;12260;13;12257;30;;;12276;12;12280;18;;;12268.0;0.0
v_recovery_normal_s1;49200;ASH_COATED_OSMIUM;10007;9;10005;18;;;10017;6;10021;20;;;10012.0;0.0
v_recovery_normal_s1;49300;INTARIAN_PEPPER_ROOT;12263;25;12259;8;;;12273;20;12276;16;;;12268.0;0.0
v_recovery_normal_s1;49300;ASH_COATED_OSMIUM;9998;7;9996;12;;;10022;16;10026;25;;;10010.0;0.0
v_recovery_normal_s1;49400;INTARIAN_PEPPER_ROOT;12260;18;12256;13;;;12268;20;12272;15;;;12264.0;0.0
v_recovery_normal_s1;49400;ASH_COATED_OSMIUM;10006;17;10002;11;;;10018;5;10022;16;;;10012.0;0.0
v_recovery_normal_s1;49500;INTARIAN_PEPPER_ROOT;12234;12;12232;20;;;12290;11;12293;23;;;12262.0;0.0
v_recovery_normal_s1;49500;ASH_COATED_OSMIUM;10007;11;10005;14;;;10013;5;10017;13;;;10010.0;0.0
v_recovery_normal_s1;49600;INTARIAN_PEPPER_ROOT;12259;11;12257;19;;;12265;23;12268;23;;;12262.0;0.0
v_recovery_normal_s1;49600;ASH_COATED_OSMIUM;10005;12;10003;21;;;10027;15;10029;23;;;10016.0;0.0
v_recovery_normal_s1;49700;INTARIAN_PEPPER_ROOT;12253;9;12250;26;;;12261;10;12264;16;;;12257.0;0.0
v_recovery_normal_s1;49700;ASH_COATED_OSMIUM;10010;12;10007;19;;;10012;19;10014;23;;;10011.0;0.0
v_recovery_normal_s1;49800;INTARIAN_PEPPER_ROOT;12244;22;12240;20;;;12264;14;12267;22;;;12254.0;0.0
v_recovery_normal_s1;49800;ASH_COATED_OSMIUM;9991;7;9989;17;;;10039;13;10043;22;;;10015.0;0.0
v_recovery_normal_s1;49900;INTARIAN_PEPPER_ROOT;12251;22;12247;23;;;12257;12;12259;14;;;12254.0;0.0
v_recovery_normal_s1;49900;ASH_COATED_OSMIUM;9997;13;9995;8;;;10033;17;10035;15;;;10015.0;0.0
v_recovery_normal_s1;50000;INTARIAN_PEPPER_ROOT;12245;10;12242;24;;;12253;11;12256;17;;;12249.0;0.0
v_recovery_normal_s1;50000;ASH_COATED_OSMIUM;10016;17;10014;18;;;10022;12;10025;22;;;10019.0;0.0
v_recovery_normal_s1;50100;INTARIAN_PEPPER_ROOT;12248;26;12244;23;;;12250;9;12254;24;;;12249.0;0.0
v_recovery_normal_s1;50100;ASH_COATED_OSMIUM;10007;9;10003;21;;;10023;11;10026;23;;;10015.0;0.0
v_recovery_normal_s1;50200;INTARIAN_PEPPER_ROOT;12242;5;12240;12;;;12252;15;12255;21;;;12247.0;0.0
v_recovery_normal_s1;50200;ASH_COATED_OSMIUM;9993;16;9991;22;;;10019;14;10021;23;;;10006.0;0.0
v_recovery_normal_s1;50300;INTARIAN_PEPPER_ROOT;12240;18;12238;18;;;12252;24;12256;18;;;12246.0;0.0
v_recovery_normal_s1;50300;ASH_COATED_OSMIUM;10007;5;10004;18;;;10009;10;10013;8;;;10008.0;0.0
v_recovery_normal_s1;50400;INTARIAN_PEPPER_ROOT;12228;15;12224;20;;;12260;20;12264;26;;;12244.0;0.0
v_recovery_normal_s1;50400;ASH_COATED_OSMIUM;10004;12;10000;13;;;10008;22;10012;17;;;10006.0;0.0
v_recovery_normal_s1;50500;INTARIAN_PEPPER_ROOT;12227;20;12225;10;;;12261;5;12265;20;;;12244.0;0.0
v_recovery_normal_s1;50500;ASH_COATED_OSMIUM;9985;10;9983;25;;;10027;5;10029;28;;;10006.0;0.0
v_recovery_normal_s1;50600;INTARIAN_PEPPER_ROOT;12236;14;12233;15;;;12248;5;12252;20;;;12242.0;0.0
v_recovery_normal_s1;50600;ASH_COATED_OSMIUM;10009;6;10005;17;;;10015;16;10017;23;;;10012.0;0.0
v_recovery_normal_s1;50700;INTARIAN_PEPPER_ROOT;12237;17;12234;16;;;12247;12;12249;25;;;12242.0;0.0
v_recovery_normal_s1;50700;ASH_COATED_OSMIUM;10008;10;10006;22;;;10014;7;10017;32;;;10011.0;0.0
v_recovery_normal_s1;50800;INTARIAN_PEPPER_ROOT;12237;21;12235;21;;;12243;21;12246;18;;;12240.0;0.0
v_recovery_normal_s1;50800;ASH_COATED_OSMIUM;10013;11;10009;19;;;10015;17;10019;26;;;10014.0;0.0
v_recovery_normal_s1;50900;INTARIAN_PEPPER_ROOT;12227;20;12225;25;;;12255;22;12259;14;;;12241.0;0.0
v_recovery_normal_s1;50900;ASH_COATED_OSMIUM;10010;20;10007;19;;;10016;10;10020;15;;;10013.0;0.0
v_recovery_normal_s1;51000;INTARIAN_PEPPER_ROOT;12223;14;12221;13;;;12265;10;12268;26;;;12244.0;0.0
v_recovery_normal_s1;51000;ASH_COATED_OSMIUM;10017;11;10013;19;;;10019;8;10021;24;;;10018.0;0.0
v_recovery_normal_s1;51100;INTARIAN_PEPPER_ROOT;12235;13;12233;29;;;12251;20;12255;20;;;12243.0;0.0
v_recovery_normal_s1;51100;ASH_COATED_OSMIUM;9993;17;9991;10;;;10031;12;10034;18;;;10012.0;0.0
v_recovery_normal_s1;51200;INTARIAN_PEPPER_ROOT;12242;8;12239;17;;;12244;14;12247;23;;;12243.0;0.0
v_recovery_normal_s1;51200;ASH_COATED_OSMIUM;10010;9;10006;24;;;10014;22;10016;23;;;10012.0;0.0
v_recovery_normal_s1;51300;INTARIAN_PEPPER_ROOT;12231;11;12229;22;;;12249;15;12253;11;;;12240.0;0.0
v_recovery_normal_s1;51300;ASH_COATED_OSMIUM;10011;7;10007;18;;;10013;11;10017;13;;;10012.0;0.0
v_recovery_normal_s1;51400;INTARIAN_PEPPER_ROOT;12240;20;12236;22;;;12242;24;12246;12;;;12241.0;0.0
v_recovery_normal_s1;51400;ASH_COATED_OSMIUM;9990;14;9987;27;;;10034;5;10037;19;;;10012.0;0.0
v_recovery_normal_s1;51500;INTARIAN_PEPPER_ROOT;12229;16;12227;23;;;12249;18;12251;20;;;12239.0;0.0
