day;timestamp;product;bid_price_1;bid_volume_1;bid_price_2;bid_volume_2;bid_price_3;bid_volume_3;ask_price_1;ask_volume_1;ask_price_2;ask_volume_2;ask_price_3;ask_volume_3;mid_price;profit_and_loss
bear_normal_s0;0;INTARIAN_PEPPER_ROOT;12998;15;12995;17;;;13006;20;13010;22;;;13002.0;0.0
bear_normal_s0;0;ASH_COATED_OSMIUM;9998;17;9994;19;;;10000;11;10004;15;;;9999.0;0.0
bear_normal_s0;100;INTARIAN_PEPPER_ROOT;12991;20;12987;15;;;13013;20;13015;18;;;13002.0;0.0
bear_normal_s0;100;ASH_COATED_OSMIUM;9998;8;9996;23;;;10000;16;10003;17;;;9999.0;0.0
bear_normal_s0;200;INTARIAN_PEPPER_ROOT;12996;8;12993;13;;;13010;23;13014;31;;;13003.0;0.0
bear_normal_s0;200;ASH_COATED_OSMIUM;9993;15;9989;23;;;10001;5;10005;17;;;9997.0;0.0
bear_normal_s0;300;INTARIAN_PEPPER_ROOT;13005;17;13003;27;;;13007;14;13010;19;;;13006.0;0.0
bear_normal_s0;300;ASH_COATED_OSMIUM;9984;16;9982;22;;;10020;11;10024;28;;;10002.0;0.0
bear_normal_s0;400;INTARIAN_PEPPER_ROOT;13007;22;13003;25;;;13011;14;13014;22;;;13009.0;0.0
bear_normal_s0;400;ASH_COATED_OSMIUM;9988;19;9984;27;;;10016;7;10019;26;;;10002.0;0.0
bear_normal_s0;500;INTARIAN_PEPPER_ROOT;13007;18;13003;22;;;13009;21;13011;18;;;13008.0;0.0
bear_normal_s0;500;ASH_COATED_OSMIUM;9995;18;9992;20;;;10009;18;10011;24;;;10002.0;0.0
bear_normal_s0;600;INTARIAN_PEPPER_ROOT;12993;21;12989;21;;;13023;27;13026;13;;;13008.0;0.0
bear_normal_s0;600;ASH_COATED_OSMIUM;9989;9;9985;14;;;10007;8;10009;20;;;9998.0;0.0
bear_normal_s0;700;INTARIAN_PEPPER_ROOT;13005;8;13003;13;;;13011;22;13015;19;;;13008.0;0.0
bear_normal_s0;700;ASH_COATED_OSMIUM;9998;19;9994;23;;;10006;13;10009;18;;;10002.0;0.0
bear_normal_s0;800;INTARIAN_PEPPER_ROOT;13002;21;12999;26;;;13014;14;13017;12;;;13008.0;0.0
bear_normal_s0;800;ASH_COATED_OSMIUM;10001;9;9997;28;;;10009;11;10011;16;;;10005.0;0.0
bear_normal_s0;900;INTARIAN_PEPPER_ROOT;13007;17;13003;19;;;13009;5;13012;14;;;13008.0;0.0
bear_normal_s0;900;ASH_COATED_OSMIUM;10003;12;9999;16;;;10005;14;10009;20;;;10004.0;0.0
bear_normal_s0;1000;INTARIAN_PEPPER_ROOT;13004;17;13002;21;;;13012;19;13015;23;;;13008.0;0.0
bear_normal_s0;1000;ASH_COATED_OSMIUM;9995;11;9993;23;;;10009;5;10011;12;;;10002.0;0.0
bear_normal_s0;1100;INTARIAN_PEPPER_ROOT;13009;23;13005;18;;;13011;12;13014;15;;;13010.0;0.0
bear_normal_s0;1100;ASH_COATED_OSMIUM;9995;10;9991;19;;;10007;11;10010;20;;;10001.0;0.0
bear_normal_s0;1200;INTARIAN_PEPPER_ROOT;13010;11;13008;22;;;13012;9;13016;23;;;13011.0;0.0
bear_normal_s0;1200;ASH_COATED_OSMIUM;9987;17;9985;19;;;10005;18;10009;15;;;9996.0;0.0
bear_normal_s0;1300;INTARIAN_PEPPER_ROOT;12986;5;12983;18;;;13034;19;13038;15;;;13010.0;0.0
bear_normal_s0;1300;ASH_COATED_OSMIUM;9999;8;9995;16;;;10003;15;10005;25;;;10001.0;0.0
bear_normal_s0;1400;INTARIAN_PEPPER_ROOT;13002;12;12999;26;;;13020;6;13023;26;;;13011.0;0.0
bear_normal_s0;1400;ASH_COATED_OSMIUM;9998;11;9996;29;;;10004;10;10006;16;;;10001.0;0.0
bear_normal_s0;1500;INTARIAN_PEPPER_ROOT;12998;11;12994;25;;;13022;9;13024;25;;;13010.0;0.0
bear_normal_s0;1500;ASH_COATED_OSMIUM;9983;13;9980;28;;;10019;17;10022;28;;;10001.0;0.0
bear_normal_s0;1600;INTARIAN_PEPPER_ROOT;13008;15;13004;20;;;13018;8;13020;25;;;13013.0;0.0
bear_normal_s0;1600;ASH_COATED_OSMIUM;9993;11;9989;21;;;10017;10;10021;14;;;10005.0;0.0
bear_normal_s0;1700;INTARIAN_PEPPER_ROOT;13011;11;13009;20;;;13013;5;13016;26;;;13012.0;0.0
bear_normal_s0;1700;ASH_COATED_OSMIUM;10001;8;9998;21;;;10003;15;10006;19;;;10002.0;0.0
bear_normal_s0;1800;INTARIAN_PEPPER_ROOT;13012;17;13009;29;;;13014;23;13017;16;;;13013.0;0.0
bear_normal_s0;1800;ASH_COATED_OSMIUM;10000;16;9996;20;;;10002;13;10005;9;;;10001.0;0.0
bear_normal_s0;1900;INTARIAN_PEPPER_ROOT;13008;25;13006;18;;;13014;5;13017;14;;;13011.0;0.0
bear_normal_s0;1900;ASH_COATED_OSMIUM;9976;9;9974;23;;;10026;14;10029;25;;;10001.0;0.0
bear_normal_s0;2000;INTARIAN_PEPPER_ROOT;12991;11;12989;26;;;13021;17;13024;21;;;13006.0;0.0
bear_normal_s0;2000;ASH_COATED_OSMIUM;10001;13;9998;12;;;10007;12;10011;15;;;10004.0;0.0
bear_normal_s0;2100;INTARIAN_PEPPER_ROOT;13000;13;12997;20;;;13014;15;13017;16;;;13007.0;0.0
bear_normal_s0;2100;ASH_COATED_OSMIUM;9995;16;9991;19;;;10021;7;10023;16;;;10008.0;0.0
bear_normal_s0;2200;INTARIAN_PEPPER_ROOT;13007;17;13003;23;;;13009;11;13011;20;;;13008.0;0.0
bear_normal_s0;2200;ASH_COATED_OSMIUM;10006;11;10002;26;;;10016;7;10020;22;;;10011.0;0.0
bear_normal_s0;2300;INTARIAN_PEPPER_ROOT;12984;13;12980;18;;;13030;15;13034;19;;;13007.0;0.0
bear_normal_s0;2300;ASH_COATED_OSMIUM;10004;8;10001;20;;;10020;20;10024;14;;;10012.0;0.0
bear_normal_s0;2400;INTARIAN_PEPPER_ROOT;12994;18;12990;23;;;13026;15;13029;24;;;13010.0;0.0
bear_normal_s0;2400;ASH_COATED_OSMIUM;9998;11;9994;20;;;10030;14;10034;20;;;10014.0;0.0
bear_normal_s0;2500;INTARIAN_PEPPER_ROOT;12998;16;12996;17;;;13018;14;13022;21;;;13008.0;0.0
bear_normal_s0;2500;ASH_COATED_OSMIUM;9993;17;9990;13;;;10015;5;10018;19;;;10004.0;0.0
bear_normal_s0;2600;INTARIAN_PEPPER_ROOT;13006;15;13002;16;;;13008;17;13012;17;;;13007.0;0.0
bear_normal_s0;2600;ASH_COATED_OSMIUM;9993;17;9991;12;;;10013;16;10016;15;;;10003.0;0.0
bear_normal_s0;2700;INTARIAN_PEPPER_ROOT;12999;9;12996;22;;;13015;14;13017;17;;;13007.0;0.0
bear_normal_s0;2700;ASH_COATED_OSMIUM;10000;12;9998;19;;;10002;15;10004;17;;;10001.0;0.0
bear_normal_s0;2800;INTARIAN_PEPPER_ROOT;13003;13;12999;25;;;13015;18;13019;27;;;13009.0;0.0
bear_normal_s0;2800;ASH_COATED_OSMIUM;9999;6;9996;24;;;10009;13;10012;18;;;10004.0;0.0
bear_normal_s0;2900;INTARIAN_PEPPER_ROOT;12989;7;12985;22;;;13031;12;13034;27;;;13010.0;0.0
bear_normal_s0;2900;ASH_COATED_OSMIUM;10001;10;9999;15;;;10003;14;10007;24;;;10002.0;0.0
bear_normal_s0;3000;INTARIAN_PEPPER_ROOT;13006;12;13004;17;;;13016;13;13019;20;;;13011.0;0.0
bear_normal_s0;3000;ASH_COATED_OSMIUM;10007;13;10003;15;;;10009;20;10013;22;;;10008.0;0.0
bear_normal_s0;3100;INTARIAN_PEPPER_ROOT;13009;17;13007;17;;;13013;9;13015;22;;;13011.0;0.0
bear_normal_s0;3100;ASH_COATED_OSMIUM;9998;5;9995;21;;;10016;8;10019;20;;;10007.0;0.0
bear_normal_s0;3200;INTARIAN_PEPPER_ROOT;12992;15;12990;13;;;13028;11;13030;8;;;13010.0;0.0
bear_normal_s0;3200;ASH_COATED_OSMIUM;9999;8;9996;18;;;10009;13;10013;23;;;10004.0;0.0
bear_normal_s0;3300;INTARIAN_PEPPER_ROOT;12970;11;12967;22;;;13042;10;13044;24;;;13006.0;0.0
bear_normal_s0;3300;ASH_COATED_OSMIUM;10001;5;9997;21;;;10015;15;10019;18;;;10008.0;0.0
bear_normal_s0;3400;INTARIAN_PEPPER_ROOT;12997;6;12995;24;;;13013;18;13016;19;;;13005.0;0.0
bear_normal_s0;3400;ASH_COATED_OSMIUM;10001;15;9998;12;;;10017;5;10021;23;;;10009.0;0.0
bear_normal_s0;3500;INTARIAN_PEPPER_ROOT;13004;16;13001;8;;;13006;17;13009;14;;;13005.0;0.0
bear_normal_s0;3500;ASH_COATED_OSMIUM;10007;5;10004;24;;;10011;14;10015;21;;;10009.0;0.0
bear_normal_s0;3600;INTARIAN_PEPPER_ROOT;13000;24;12998;22;;;13014;13;13016;26;;;13007.0;0.0
bear_normal_s0;3600;ASH_COATED_OSMIUM;10005;16;10003;15;;;10019;13;10022;26;;;10012.0;0.0
bear_normal_s0;3700;INTARIAN_PEPPER_ROOT;13002;8;13000;23;;;13014;13;13016;20;;;13008.0;0.0
bear_normal_s0;3700;ASH_COATED_OSMIUM;10008;10;10006;22;;;10012;9;10014;16;;;10010.0;0.0
bear_normal_s0;3800;INTARIAN_PEPPER_ROOT;13004;17;13000;20;;;13010;12;13014;17;;;13007.0;0.0
bear_normal_s0;3800;ASH_COATED_OSMIUM;10002;10;9999;10;;;10012;19;10014;26;;;10007.0;0.0
bear_normal_s0;3900;INTARIAN_PEPPER_ROOT;13002;23;12999;16;;;13010;17;13012;26;;;13006.0;0.0
bear_normal_s0;3900;ASH_COATED_OSMIUM;10003;23;9999;11;;;10017;5;10019;26;;;10010.0;0.0
bear_normal_s0;4000;INTARIAN_PEPPER_ROOT;12992;8;12988;23;;;13016;20;13020;28;;;13004.0;0.0
bear_normal_s0;4000;ASH_COATED_OSMIUM;10003;12;10001;31;;;10013;7;10016;22;;;10008.0;0.0
bear_normal_s0;4100;INTARIAN_PEPPER_ROOT;12986;18;12984;17;;;13018;6;13022;35;;;13002.0;0.0
bear_normal_s0;4100;ASH_COATED_OSMIUM;9997;12;9993;20;;;10015;11;10017;22;;;10006.0;0.0
bear_normal_s0;4200;INTARIAN_PEPPER_ROOT;12999;14;12996;23;;;13001;12;13003;18;;;13000.0;0.0
bear_normal_s0;4200;ASH_COATED_OSMIUM;10003;19;9999;23;;;10005;5;10008;29;;;10004.0;0.0
bear_normal_s0;4300;INTARIAN_PEPPER_ROOT;12999;8;12997;19;;;13005;18;13007;26;;;13002.0;0.0
bear_normal_s0;4300;ASH_COATED_OSMIUM;9973;14;9970;19;;;10033;21;10037;20;;;10003.0;0.0
bear_normal_s0;4400;INTARIAN_PEPPER_ROOT;12998;9;12994;17;;;13004;5;13008;21;;;13001.0;0.0
bear_normal_s0;4400;ASH_COATED_OSMIUM;9997;26;9993;28;;;10005;5;10009;18;;;10001.0;0.0
bear_normal_s0;4500;INTARIAN_PEPPER_ROOT;12990;19;12987;28;;;13010;10;13014;15;;;13000.0;0.0
bear_normal_s0;4500;ASH_COATED_OSMIUM;9987;16;9983;19;;;10021;11;10023;18;;;10004.0;0.0
bear_normal_s0;4600;INTARIAN_PEPPER_ROOT;12991;26;12988;23;;;13005;18;13008;16;;;12998.0;0.0
bear_normal_s0;4600;ASH_COATED_OSMIUM;10001;7;9999;20;;;10005;20;10009;23;;;10003.0;0.0
bear_normal_s0;4700;INTARIAN_PEPPER_ROOT;12998;19;12994;15;;;13000;16;13002;29;;;12999.0;0.0
bear_normal_s0;4700;ASH_COATED_OSMIUM;9988;16;9986;23;;;10020;16;10024;11;;;10004.0;0.0
bear_normal_s0;4800;INTARIAN_PEPPER_ROOT;12988;13;12986;26;;;13004;13;13006;19;;;12996.0;0.0
bear_normal_s0;4800;ASH_COATED_OSMIUM;9995;9;9993;19;;;10003;18;10005;19;;;9999.0;0.0
bear_normal_s0;4900;INTARIAN_PEPPER_ROOT;12987;20;12984;25;;;13005;21;13009;13;;;12996.0;0.0
bear_normal_s0;4900;ASH_COATED_OSMIUM;9986;10;9984;11;;;10018;14;10022;13;;;10002.0;0.0
bear_normal_s0;5000;INTARIAN_PEPPER_ROOT;12985;14;12981;20;;;13003;8;13006;25;;;12994.0;0.0
bear_normal_s0;5000;ASH_COATED_OSMIUM;9996;7;9992;20;;;10012;18;10016;16;;;10004.0;0.0
bear_normal_s0;5100;INTARIAN_PEPPER_ROOT;12990;9;12987;18;;;12998;16;13001;16;;;12994.0;0.0
bear_normal_s0;5100;ASH_COATED_OSMIUM;10005;15;10003;27;;;10007;8;10011;15;;;10006.0;0.0
bear_normal_s0;5200;INTARIAN_PEPPER_ROOT;12986;5;12983;12;;;13000;8;13004;20;;;12993.0;0.0
bear_normal_s0;5200;ASH_COATED_OSMIUM;10008;11;10004;23;;;10012;20;10014;11;;;10010.0;0.0
bear_normal_s0;5300;INTARIAN_PEPPER_ROOT;12990;19;12987;16;;;12992;27;12994;17;;;12991.0;0.0
bear_normal_s0;5300;ASH_COATED_OSMIUM;10010;5;10008;25;;;10012;5;10015;21;;;10011.0;0.0
bear_normal_s0;5400;INTARIAN_PEPPER_ROOT;12987;7;12984;17;;;12995;13;12999;14;;;12991.0;0.0
bear_normal_s0;5400;ASH_COATED_OSMIUM;10012;6;10010;19;;;10014;22;10017;20;;;10013.0;0.0
bear_normal_s0;5500;INTARIAN_PEPPER_ROOT;12990;9;12988;17;;;12992;12;12995;20;;;12991.0;0.0
bear_normal_s0;5500;ASH_COATED_OSMIUM;9988;12;9986;27;;;10036;9;10040;21;;;10012.0;0.0
bear_normal_s0;5600;INTARIAN_PEPPER_ROOT;12983;14;12980;17;;;12999;24;13002;17;;;12991.0;0.0
bear_normal_s0;5600;ASH_COATED_OSMIUM;10010;15;10008;23;;;10012;19;10014;28;;;10011.0;0.0
bear_normal_s0;5700;INTARIAN_PEPPER_ROOT;12981;19;12979;28;;;13001;18;13004;24;;;12991.0;0.0
bear_normal_s0;5700;ASH_COATED_OSMIUM;10008;14;10006;13;;;10010;8;10013;19;;;10009.0;0.0
bear_normal_s0;5800;INTARIAN_PEPPER_ROOT;12970;16;12968;21;;;13010;5;13012;20;;;12990.0;0.0
bear_normal_s0;5800;ASH_COATED_OSMIUM;10002;12;9999;25;;;10016;10;10019;21;;;10009.0;0.0
bear_normal_s0;5900;INTARIAN_PEPPER_ROOT;12988;20;12984;23;;;12990;14;12994;22;;;12989.0;0.0
bear_normal_s0;5900;ASH_COATED_OSMIUM;10005;17;10002;19;;;10017;12;10019;16;;;10011.0;0.0
bear_normal_s0;6000;INTARIAN_PEPPER_ROOT;12986;14;12983;18;;;12988;15;12991;28;;;12987.0;0.0
bear_normal_s0;6000;ASH_COATED_OSMIUM;10007;8;10004;17;;;10009;12;10013;18;;;10008.0;0.0
bear_normal_s0;6100;INTARIAN_PEPPER_ROOT;12985;20;12982;14;;;12989;12;12993;15;;;12987.0;0.0
bear_normal_s0;6100;ASH_COATED_OSMIUM;9989;19;9987;16;;;10015;18;10017;15;;;10002.0;0.0
bear_normal_s0;6200;INTARIAN_PEPPER_ROOT;12981;11;12977;26;;;12989;15;12993;18;;;12985.0;0.0
bear_normal_s0;6200;ASH_COATED_OSMIUM;9996;14;9994;19;;;10014;9;10017;20;;;10005.0;0.0
bear_normal_s0;6300;INTARIAN_PEPPER_ROOT;12981;18;12979;17;;;12983;22;12985;17;;;12982.0;0.0
bear_normal_s0;6300;ASH_COATED_OSMIUM;9980;11;9976;22;;;10034;15;10037;18;;;10007.0;0.0
bear_normal_s0;6400;INTARIAN_PEPPER_ROOT;12975;17;12973;12;;;12989;15;12992;16;;;12982.0;0.0
bear_normal_s0;6400;ASH_COATED_OSMIUM;9995;18;9991;17;;;10017;10;10021;16;;;10006.0;0.0
bear_normal_s0;6500;INTARIAN_PEPPER_ROOT;12978;10;12976;28;;;12986;13;12989;13;;;12982.0;0.0
bear_normal_s0;6500;ASH_COATED_OSMIUM;9969;20;9967;28;;;10033;18;10037;20;;;10001.0;0.0
bear_normal_s0;6600;INTARIAN_PEPPER_ROOT;12977;16;12973;24;;;12981;13;12985;24;;;12979.0;0.0
bear_normal_s0;6600;ASH_COATED_OSMIUM;9995;12;9993;11;;;10001;13;10004;13;;;9998.0;0.0
bear_normal_s0;6700;INTARIAN_PEPPER_ROOT;12977;15;12975;25;;;12979;22;12981;10;;;12978.0;0.0
bear_normal_s0;6700;ASH_COATED_OSMIUM;9985;17;9981;28;;;10015;13;10019;15;;;10000.0;0.0
bear_normal_s0;6800;INTARIAN_PEPPER_ROOT;12970;16;12967;20;;;12984;15;12986;21;;;12977.0;0.0
bear_normal_s0;6800;ASH_COATED_OSMIUM;9999;7;9997;25;;;10003;8;10005;15;;;10001.0;0.0
bear_normal_s0;6900;INTARIAN_PEPPER_ROOT;12971;19;12968;24;;;12983;14;12987;22;;;12977.0;0.0
bear_normal_s0;6900;ASH_COATED_OSMIUM;10003;13;9999;21;;;10005;13;10007;17;;;10004.0;0.0
bear_normal_s0;7000;INTARIAN_PEPPER_ROOT;12969;16;12965;24;;;12987;22;12990;20;;;12978.0;0.0
bear_normal_s0;7000;ASH_COATED_OSMIUM;10000;9;9998;20;;;10002;7;10004;20;;;10001.0;0.0
bear_normal_s0;7100;INTARIAN_PEPPER_ROOT;12959;18;12957;13;;;12997;17;13000;8;;;12978.0;0.0
bear_normal_s0;7100;ASH_COATED_OSMIUM;9985;20;9981;19;;;10017;14;10021;28;;;10001.0;0.0
bear_normal_s0;7200;INTARIAN_PEPPER_ROOT;12969;19;12965;18;;;12989;14;12993;25;;;12979.0;0.0
bear_normal_s0;7200;ASH_COATED_OSMIUM;9997;7;9995;16;;;10001;5;10004;18;;;9999.0;0.0
bear_normal_s0;7300;INTARIAN_PEPPER_ROOT;12975;11;12973;20;;;12979;14;12982;21;;;12977.0;0.0
bear_normal_s0;7300;ASH_COATED_OSMIUM;9994;14;9990;16;;;10006;7;10008;21;;;10000.0;0.0
bear_normal_s0;7400;INTARIAN_PEPPER_ROOT;12970;21;12967;17;;;12984;11;12987;23;;;12977.0;0.0
bear_normal_s0;7400;ASH_COATED_OSMIUM;9983;10;9980;13;;;10025;16;10027;18;;;10004.0;0.0
bear_normal_s0;7500;INTARIAN_PEPPER_ROOT;12969;15;12965;18;;;12983;16;12985;15;;;12976.0;0.0
bear_normal_s0;7500;ASH_COATED_OSMIUM;9994;10;9990;15;;;10018;19;10022;24;;;10006.0;0.0
bear_normal_s0;7600;INTARIAN_PEPPER_ROOT;12969;11;12966;22;;;12979;15;12983;25;;;12974.0;0.0
bear_normal_s0;7600;ASH_COATED_OSMIUM;10004;15;10002;15;;;10018;5;10022;24;;;10011.0;0.0
bear_normal_s0;7700;INTARIAN_PEPPER_ROOT;12963;14;12961;19;;;12983;9;12986;19;;;12973.0;0.0
bear_normal_s0;7700;ASH_COATED_OSMIUM;10004;6;10000;17;;;10014;7;10016;10;;;10009.0;0.0
bear_normal_s0;7800;INTARIAN_PEPPER_ROOT;12961;12;12957;19;;;12985;6;12987;15;;;12973.0;0.0
bear_normal_s0;7800;ASH_COATED_OSMIUM;10008;9;10005;17;;;10020;11;10022;23;;;10014.0;0.0
bear_normal_s0;7900;INTARIAN_PEPPER_ROOT;12963;12;12959;21;;;12981;18;12984;15;;;12972.0;0.0
bear_normal_s0;7900;ASH_COATED_OSMIUM;9993;22;9991;17;;;10033;12;10035;22;;;10013.0;0.0
bear_normal_s0;8000;INTARIAN_PEPPER_ROOT;12964;20;12960;20;;;12976;16;12979;14;;;12970.0;0.0
bear_normal_s0;8000;ASH_COATED_OSMIUM;10005;10;10002;22;;;10007;12;10010;16;;;10006.0;0.0
bear_normal_s0;8100;INTARIAN_PEPPER_ROOT;12962;10;12960;12;;;12980;17;12982;24;;;12971.0;0.0
bear_normal_s0;8100;ASH_COATED_OSMIUM;9998;5;9996;21;;;10024;15;10028;21;;;10011.0;0.0
bear_normal_s0;8200;INTARIAN_PEPPER_ROOT;12970;24;12968;26;;;12972;18;12976;13;;;12971.0;0.0
bear_normal_s0;8200;ASH_COATED_OSMIUM;10006;16;10004;19;;;10014;16;10018;22;;;10010.0;0.0
bear_normal_s0;8300;INTARIAN_PEPPER_ROOT;12957;20;12953;25;;;12981;17;12985;18;;;12969.0;0.0
bear_normal_s0;8300;ASH_COATED_OSMIUM;9997;11;9994;10;;;10023;5;10027;14;;;10010.0;0.0
bear_normal_s0;8400;INTARIAN_PEPPER_ROOT;12966;20;12963;21;;;12976;12;12980;15;;;12971.0;0.0
bear_normal_s0;8400;ASH_COATED_OSMIUM;10009;18;10005;14;;;10013;14;10015;16;;;10011.0;0.0
bear_normal_s0;8500;INTARIAN_PEPPER_ROOT;12972;11;12969;16;;;12974;18;12978;20;;;12973.0;0.0
bear_normal_s0;8500;ASH_COATED_OSMIUM;10002;13;9998;18;;;10006;13;10010;18;;;10004.0;0.0
bear_normal_s0;8600;INTARIAN_PEPPER_ROOT;12971;9;12968;22;;;12979;7;12983;18;;;12975.0;0.0
bear_normal_s0;8600;ASH_COATED_OSMIUM;9991;9;9987;17;;;10023;5;10027;21;;;10007.0;0.0
bear_normal_s0;8700;INTARIAN_PEPPER_ROOT;12971;6;12967;18;;;12979;14;12981;12;;;12975.0;0.0
bear_normal_s0;8700;ASH_COATED_OSMIUM;10005;13;10001;9;;;10015;12;10019;24;;;10010.0;0.0
bear_normal_s0;8800;INTARIAN_PEPPER_ROOT;12971;14;12969;21;;;12973;16;12976;21;;;12972.0;0.0
bear_normal_s0;8800;ASH_COATED_OSMIUM;9988;14;9986;28;;;10030;14;10032;21;;;10009.0;0.0
bear_normal_s0;8900;INTARIAN_PEPPER_ROOT;12969;15;12967;25;;;12979;6;12981;16;;;12974.0;0.0
bear_normal_s0;8900;ASH_COATED_OSMIUM;9964;17;9960;19;;;10056;20;10058;18;;;10010.0;0.0
bear_normal_s0;9000;INTARIAN_PEPPER_ROOT;12969;25;12967;14;;;12977;16;12980;10;;;12973.0;0.0
bear_normal_s0;9000;ASH_COATED_OSMIUM;10003;9;10001;19;;;10015;20;10018;15;;;10009.0;0.0
bear_normal_s0;9100;INTARIAN_PEPPER_ROOT;12968;17;12966;19;;;12982;11;12984;18;;;12975.0;0.0
bear_normal_s0;9100;ASH_COATED_OSMIUM;10010;14;10008;11;;;10012;9;10016;18;;;10011.0;0.0
bear_normal_s0;9200;INTARIAN_PEPPER_ROOT;12973;12;12971;17;;;12975;19;12979;20;;;12974.0;0.0
bear_normal_s0;9200;ASH_COATED_OSMIUM;10009;13;10006;18;;;10017;12;10019;26;;;10013.0;0.0
bear_normal_s0;9300;INTARIAN_PEPPER_ROOT;12952;17;12948;8;;;12998;16;13000;15;;;12975.0;0.0
bear_normal_s0;9300;ASH_COATED_OSMIUM;9982;11;9980;26;;;10044;20;10046;21;;;10013.0;0.0
bear_normal_s0;9400;INTARIAN_PEPPER_ROOT;12970;11;12967;21;;;12980;14;12982;17;;;12975.0;0.0
bear_normal_s0;9400;ASH_COATED_OSMIUM;10010;12;10008;25;;;10022;19;10025;9;;;10016.0;0.0
bear_normal_s0;9500;INTARIAN_PEPPER_ROOT;12971;14;12969;19;;;12983;14;12986;19;;;12977.0;0.0
bear_normal_s0;9500;ASH_COATED_OSMIUM;9995;9;9992;16;;;10029;12;10033;15;;;10012.0;0.0
bear_normal_s0;9600;INTARIAN_PEPPER_ROOT;12976;23;12973;22;;;12978;19;12980;14;;;12977.0;0.0
bear_normal_s0;9600;ASH_COATED_OSMIUM;10008;22;10006;20;;;10010;6;10012;20;;;10009.0;0.0
bear_normal_s0;9700;INTARIAN_PEPPER_ROOT;12978;20;12975;14;;;12980;14;12982;17;;;12979.0;0.0
bear_normal_s0;9700;ASH_COATED_OSMIUM;9998;8;9995;20;;;10004;9;10006;23;;;10001.0;0.0
bear_normal_s0;9800;INTARIAN_PEPPER_ROOT;12976;19;12974;9;;;12982;8;12985;25;;;12979.0;0.0
bear_normal_s0;9800;ASH_COATED_OSMIUM;9989;8;9985;19;;;10017;9;10020;26;;;10003.0;0.0
bear_normal_s0;9900;INTARIAN_PEPPER_ROOT;12978;5;12975;17;;;12980;15;12983;28;;;12979.0;0.0
bear_normal_s0;9900;ASH_COATED_OSMIUM;10002;13;10000;16;;;10004;14;10006;30;;;10003.0;0.0
bear_normal_s0;10000;INTARIAN_PEPPER_ROOT;12967;13;12964;12;;;12997;9;13000;27;;;12982.0;0.0
bear_normal_s0;10000;ASH_COATED_OSMIUM;9996;5;9994;29;;;10004;18;10008;26;;;10000.0;0.0
bear_normal_s0;10100;INTARIAN_PEPPER_ROOT;12974;14;12970;18;;;12984;13;12987;20;;;12979.0;0.0
bear_normal_s0;10100;ASH_COATED_OSMIUM;9995;17;9991;23;;;10007;15;10009;30;;;10001.0;0.0
bear_normal_s0;10200;INTARIAN_PEPPER_ROOT;12972;10;12969;8;;;12982;13;12984;25;;;12977.0;0.0
bear_normal_s0;10200;ASH_COATED_OSMIUM;10000;9;9997;18;;;10002;20;10004;16;;;10001.0;0.0
bear_normal_s0;10300;INTARIAN_PEPPER_ROOT;12976;17;12973;13;;;12980;7;12984;18;;;12978.0;0.0
bear_normal_s0;10300;ASH_COATED_OSMIUM;9994;11;9990;14;;;10008;6;10011;19;;;10001.0;0.0
bear_normal_s0;10400;INTARIAN_PEPPER_ROOT;12975;10;12971;16;;;12977;14;12981;18;;;12976.0;0.0
bear_normal_s0;10400;ASH_COATED_OSMIUM;10003;10;9999;29;;;10005;20;10009;21;;;10004.0;0.0
bear_normal_s0;10500;INTARIAN_PEPPER_ROOT;12972;5;12969;17;;;12986;11;12989;15;;;12979.0;0.0
bear_normal_s0;10500;ASH_COATED_OSMIUM;10000;14;9996;21;;;10012;16;10016;17;;;10006.0;0.0
bear_normal_s0;10600;INTARIAN_PEPPER_ROOT;12977;10;12973;15;;;12979;19;12982;25;;;12978.0;0.0
bear_normal_s0;10600;ASH_COATED_OSMIUM;9997;6;9994;22;;;10023;15;10026;14;;;10010.0;0.0
bear_normal_s0;10700;INTARIAN_PEPPER_ROOT;12975;10;12973;27;;;12977;13;12979;16;;;12976.0;0.0
bear_normal_s0;10700;ASH_COATED_OSMIUM;10011;17;10009;21;;;10013;11;10016;17;;;10012.0;0.0
bear_normal_s0;10800;INTARIAN_PEPPER_ROOT;12972;12;12969;31;;;12986;10;12988;12;;;12979.0;0.0
bear_normal_s0;10800;ASH_COATED_OSMIUM;10009;13;10007;22;;;10011;16;10014;21;;;10010.0;0.0
bear_normal_s0;10900;INTARIAN_PEPPER_ROOT;12979;18;12977;17;;;12981;8;12984;23;;;12980.0;0.0
bear_normal_s0;10900;ASH_COATED_OSMIUM;10005;20;10001;15;;;10007;14;10011;22;;;10006.0;0.0
bear_normal_s0;11000;INTARIAN_PEPPER_ROOT;12982;12;12978;27;;;12984;7;12986;19;;;12983.0;0.0
bear_normal_s0;11000;ASH_COATED_OSMIUM;10001;13;9999;28;;;10003;9;10006;13;;;10002.0;0.0
bear_normal_s0;11100;INTARIAN_PEPPER_ROOT;12982;15;12979;18;;;12986;11;12988;16;;;12984.0;0.0
bear_normal_s0;11100;ASH_COATED_OSMIUM;9999;7;9997;15;;;10001;18;10005;14;;;10000.0;0.0
bear_normal_s0;11200;INTARIAN_PEPPER_ROOT;12982;22;12979;29;;;12984;16;12986;15;;;12983.0;0.0
bear_normal_s0;11200;ASH_COATED_OSMIUM;9999;8;9995;20;;;10007;17;10009;27;;;10003.0;0.0
bear_normal_s0;11300;INTARIAN_PEPPER_ROOT;12977;19;12974;14;;;12993;9;12996;20;;;12985.0;0.0
bear_normal_s0;11300;ASH_COATED_OSMIUM;9998;20;9996;22;;;10000;14;10003;22;;;9999.0;0.0
bear_normal_s0;11400;INTARIAN_PEPPER_ROOT;12977;19;12973;15;;;12993;6;12995;15;;;12985.0;0.0
bear_normal_s0;11400;ASH_COATED_OSMIUM;9997;9;9994;15;;;9999;11;10001;12;;;9998.0;0.0
bear_normal_s0;11500;INTARIAN_PEPPER_ROOT;12985;19;12983;19;;;12987;22;12991;17;;;12986.0;0.0
bear_normal_s0;11500;ASH_COATED_OSMIUM;9996;18;9992;16;;;10002;17;10005;23;;;9999.0;0.0
bear_normal_s0;11600;INTARIAN_PEPPER_ROOT;12982;13;12980;24;;;12992;16;12996;12;;;12987.0;0.0
bear_normal_s0;11600;ASH_COATED_OSMIUM;10002;14;9999;21;;;10004;20;10007;28;;;10003.0;0.0
bear_normal_s0;11700;INTARIAN_PEPPER_ROOT;12984;14;12980;20;;;12988;12;12992;13;;;12986.0;0.0
bear_normal_s0;11700;ASH_COATED_OSMIUM;10001;9;9997;24;;;10003;20;10007;19;;;10002.0;0.0
bear_normal_s0;11800;INTARIAN_PEPPER_ROOT;12979;16;12975;15;;;12993;10;12997;23;;;12986.0;0.0
bear_normal_s0;11800;ASH_COATED_OSMIUM;9992;7;9989;15;;;10014;17;10018;14;;;10003.0;0.0
bear_normal_s0;11900;INTARIAN_PEPPER_ROOT;12987;7;12984;26;;;12989;22;12993;27;;;12988.0;0.0
bear_normal_s0;11900;ASH_COATED_OSMIUM;9999;17;9995;23;;;10021;17;10025;26;;;10010.0;0.0
bear_normal_s0;12000;INTARIAN_PEPPER_ROOT;12977;19;12975;23;;;12999;12;13002;18;;;12988.0;0.0
bear_normal_s0;12000;ASH_COATED_OSMIUM;10000;13;9997;23;;;10024;7;10028;8;;;10012.0;0.0
bear_normal_s0;12100;INTARIAN_PEPPER_ROOT;12985;22;12982;21;;;12987;15;12991;19;;;12986.0;0.0
bear_normal_s0;12100;ASH_COATED_OSMIUM;10007;13;10004;18;;;10011;13;10015;19;;;10009.0;0.0
bear_normal_s0;12200;INTARIAN_PEPPER_ROOT;12980;11;12978;24;;;12992;15;12994;17;;;12986.0;0.0
bear_normal_s0;12200;ASH_COATED_OSMIUM;10003;5;10000;16;;;10005;13;10009;28;;;10004.0;0.0
bear_normal_s0;12300;INTARIAN_PEPPER_ROOT;12959;12;12955;19;;;13017;14;13019;19;;;12988.0;0.0
bear_normal_s0;12300;ASH_COATED_OSMIUM;10001;13;9999;13;;;10009;14;10013;23;;;10005.0;0.0
bear_normal_s0;12400;INTARIAN_PEPPER_ROOT;12985;20;12982;16;;;12987;16;12989;31;;;12986.0;0.0
bear_normal_s0;12400;ASH_COATED_OSMIUM;9991;11;9988;20;;;10023;9;10025;19;;;10007.0;0.0
bear_normal_s0;12500;INTARIAN_PEPPER_ROOT;12970;11;12967;17;;;13002;5;13005;25;;;12986.0;0.0
bear_normal_s0;12500;ASH_COATED_OSMIUM;9996;12;9994;18;;;10014;19;10018;19;;;10005.0;0.0
bear_normal_s0;12600;INTARIAN_PEPPER_ROOT;12979;6;12975;30;;;12991;19;12995;19;;;12985.0;0.0
bear_normal_s0;12600;ASH_COATED_OSMIUM;9994;15;9990;22;;;10020;17;10024;22;;;10007.0;0.0
bear_normal_s0;12700;INTARIAN_PEPPER_ROOT;12987;15;12985;16;;;12989;15;12991;22;;;12988.0;0.0
bear_normal_s0;12700;ASH_COATED_OSMIUM;10003;13;9999;24;;;10011;6;10015;16;;;10007.0;0.0
bear_normal_s0;12800;INTARIAN_PEPPER_ROOT;12987;12;12985;26;;;12989;16;12993;15;;;12988.0;0.0
bear_normal_s0;12800;ASH_COATED_OSMIUM;9987;17;9984;16;;;10015;5;10017;16;;;10001.0;0.0
bear_normal_s0;12900;INTARIAN_PEPPER_ROOT;12978;13;12974;24;;;12998;16;13000;23;;;12988.0;0.0
bear_normal_s0;12900;ASH_COATED_OSMIUM;9991;18;9987;18;;;10015;12;10018;24;;;10003.0;0.0
bear_normal_s0;13000;INTARIAN_PEPPER_ROOT;12983;17;12979;15;;;12991;12;12994;20;;;12987.0;0.0
bear_normal_s0;13000;ASH_COATED_OSMIUM;9972;13;9970;20;;;10028;20;10030;25;;;10000.0;0.0
bear_normal_s0;13100;INTARIAN_PEPPER_ROOT;12984;8;12981;17;;;12990;10;12993;19;;;12987.0;0.0
bear_normal_s0;13100;ASH_COATED_OSMIUM;9993;16;9989;27;;;10011;14;10015;19;;;10002.0;0.0
bear_normal_s0;13200;INTARIAN_PEPPER_ROOT;12974;7;12971;8;;;12998;16;13001;23;;;12986.0;0.0
bear_normal_s0;13200;ASH_COATED_OSMIUM;10004;12;10000;18;;;10006;14;10008;25;;;10005.0;0.0
bear_normal_s0;13300;INTARIAN_PEPPER_ROOT;12976;12;12974;20;;;12996;9;12998;15;;;12986.0;0.0
bear_normal_s0;13300;ASH_COATED_OSMIUM;10004;19;10000;21;;;10008;18;10011;15;;;10006.0;0.0
bear_normal_s0;13400;INTARIAN_PEPPER_ROOT;12973;10;12971;19;;;12997;15;13001;16;;;12985.0;0.0
bear_normal_s0;13400;ASH_COATED_OSMIUM;10001;19;9998;17;;;10019;9;10022;21;;;10010.0;0.0
bear_normal_s0;13500;INTARIAN_PEPPER_ROOT;12979;9;12975;14;;;12991;18;12993;11;;;12985.0;0.0
bear_normal_s0;13500;ASH_COATED_OSMIUM;9978;12;9976;8;;;10046;15;10048;16;;;10012.0;0.0
bear_normal_s0;13600;INTARIAN_PEPPER_ROOT;12984;18;12981;15;;;12988;12;12990;17;;;12986.0;0.0
bear_normal_s0;13600;ASH_COATED_OSMIUM;10004;12;10002;23;;;10020;6;10024;16;;;10012.0;0.0
bear_normal_s0;13700;INTARIAN_PEPPER_ROOT;12984;10;12980;19;;;12986;16;12989;22;;;12985.0;0.0
bear_normal_s0;13700;ASH_COATED_OSMIUM;10012;14;10010;27;;;10014;5;10016;12;;;10013.0;0.0
bear_normal_s0;13800;INTARIAN_PEPPER_ROOT;12981;13;12977;16;;;12991;14;12995;15;;;12986.0;0.0
bear_normal_s0;13800;ASH_COATED_OSMIUM;10011;11;10007;13;;;10015;22;10018;22;;;10013.0;0.0
bear_normal_s0;13900;INTARIAN_PEPPER_ROOT;12980;19;12977;20;;;12988;12;12990;11;;;12984.0;0.0
bear_normal_s0;13900;ASH_COATED_OSMIUM;9982;13;9978;17;;;10054;11;10056;22;;;10018.0;0.0
bear_normal_s0;14000;INTARIAN_PEPPER_ROOT;12979;12;12977;21;;;12983;15;12986;16;;;12981.0;0.0
bear_normal_s0;14000;ASH_COATED_OSMIUM;10007;20;10004;14;;;10031;10;10033;23;;;10019.0;0.0
bear_normal_s0;14100;INTARIAN_PEPPER_ROOT;12976;13;12974;16;;;12988;23;12991;21;;;12982.0;0.0
bear_normal_s0;14100;ASH_COATED_OSMIUM;10024;6;10021;10;;;10028;6;10030;23;;;10026.0;0.0
bear_normal_s0;14200;INTARIAN_PEPPER_ROOT;12967;14;12965;16;;;12997;14;13000;20;;;12982.0;0.0
bear_normal_s0;14200;ASH_COATED_OSMIUM;10004;14;10000;26;;;10038;7;10042;24;;;10021.0;0.0
bear_normal_s0;14300;INTARIAN_PEPPER_ROOT;12941;6;12938;15;;;13025;19;13027;20;;;12983.0;0.0
bear_normal_s0;14300;ASH_COATED_OSMIUM;10018;16;10014;28;;;10022;19;10026;33;;;10020.0;0.0
bear_normal_s0;14400;INTARIAN_PEPPER_ROOT;12981;22;12979;22;;;12991;11;12994;10;;;12986.0;0.0
bear_normal_s0;14400;ASH_COATED_OSMIUM;10016;23;10012;13;;;10018;11;10020;24;;;10017.0;0.0
bear_normal_s0;14500;INTARIAN_PEPPER_ROOT;12986;6;12983;32;;;12988;8;12990;17;;;12987.0;0.0
bear_normal_s0;14500;ASH_COATED_OSMIUM;10009;9;10007;23;;;10027;18;10030;28;;;10018.0;0.0
bear_normal_s0;14600;INTARIAN_PEPPER_ROOT;12971;12;12968;24;;;12999;20;13001;22;;;12985.0;0.0
bear_normal_s0;14600;ASH_COATED_OSMIUM;10016;18;10012;24;;;10018;16;10021;31;;;10017.0;0.0
bear_normal_s0;14700;INTARIAN_PEPPER_ROOT;12980;10;12976;23;;;12992;17;12994;21;;;12986.0;0.0
bear_normal_s0;14700;ASH_COATED_OSMIUM;10013;14;10011;25;;;10021;21;10024;8;;;10017.0;0.0
bear_normal_s0;14800;INTARIAN_PEPPER_ROOT;12978;10;12975;22;;;12990;14;12994;25;;;12984.0;0.0
bear_normal_s0;14800;ASH_COATED_OSMIUM;10006;17;10003;28;;;10024;16;10027;22;;;10015.0;0.0
bear_normal_s0;14900;INTARIAN_PEPPER_ROOT;12961;11;12958;28;;;13007;12;13011;21;;;12984.0;0.0
bear_normal_s0;14900;ASH_COATED_OSMIUM;10003;14;10000;12;;;10027;23;10029;16;;;10015.0;0.0
bear_normal_s0;15000;INTARIAN_PEPPER_ROOT;12977;18;12974;22;;;12987;18;12989;14;;;12982.0;0.0
bear_normal_s0;15000;ASH_COATED_OSMIUM;10009;13;10007;20;;;10017;6;10020;21;;;10013.0;0.0
bear_normal_s0;15100;INTARIAN_PEPPER_ROOT;12979;13;12975;22;;;12991;14;12995;22;;;12985.0;0.0
bear_normal_s0;15100;ASH_COATED_OSMIUM;9998;13;9995;17;;;10028;15;10032;19;;;10013.0;0.0
bear_normal_s0;15200;INTARIAN_PEPPER_ROOT;12979;13;12977;22;;;12987;12;12989;17;;;12983.0;0.0
bear_normal_s0;15200;ASH_COATED_OSMIUM;10013;12;10011;23;;;10017;17;10021;14;;;10015.0;0.0
bear_normal_s0;15300;INTARIAN_PEPPER_ROOT;12976;12;12972;30;;;12988;16;12990;11;;;12982.0;0.0
bear_normal_s0;15300;ASH_COATED_OSMIUM;10005;11;10001;14;;;10021;12;10024;23;;;10013.0;0.0
bear_normal_s0;15400;INTARIAN_PEPPER_ROOT;12975;15;12972;17;;;12987;18;12990;24;;;12981.0;0.0
bear_normal_s0;15400;ASH_COATED_OSMIUM;10007;10;10004;22;;;10021;12;10025;32;;;10014.0;0.0
bear_normal_s0;15500;INTARIAN_PEPPER_ROOT;12970;15;12968;25;;;12990;28;12992;25;;;12980.0;0.0
bear_normal_s0;15500;ASH_COATED_OSMIUM;10016;13;10014;10;;;10018;9;10022;30;;;10017.0;0.0
bear_normal_s0;15600;INTARIAN_PEPPER_ROOT;12978;5;12975;24;;;12984;16;12987;24;;;12981.0;0.0
bear_normal_s0;15600;ASH_COATED_OSMIUM;10013;19;10009;14;;;10015;7;10017;22;;;10014.0;0.0
bear_normal_s0;15700;INTARIAN_PEPPER_ROOT;12977;15;12975;26;;;12983;18;12985;20;;;12980.0;0.0
bear_normal_s0;15700;ASH_COATED_OSMIUM;10011;18;10008;23;;;10019;17;10022;12;;;10015.0;0.0
bear_normal_s0;15800;INTARIAN_PEPPER_ROOT;12959;14;12957;23;;;12997;11;12999;15;;;12978.0;0.0
bear_normal_s0;15800;ASH_COATED_OSMIUM;10011;10;10007;15;;;10021;15;10024;18;;;10016.0;0.0
bear_normal_s0;15900;INTARIAN_PEPPER_ROOT;12973;16;12970;21;;;12979;17;12981;24;;;12976.0;0.0
bear_normal_s0;15900;ASH_COATED_OSMIUM;10013;16;10009;14;;;10023;5;10026;22;;;10018.0;0.0
bear_normal_s0;16000;INTARIAN_PEPPER_ROOT;12969;19;12965;20;;;12981;13;12984;16;;;12975.0;0.0
bear_normal_s0;16000;ASH_COATED_OSMIUM;10013;10;10010;27;;;10023;13;10026;18;;;10018.0;0.0
bear_normal_s0;16100;INTARIAN_PEPPER_ROOT;12977;5;12975;20;;;12979;16;12981;32;;;12978.0;0.0
bear_normal_s0;16100;ASH_COATED_OSMIUM;10017;5;10013;19;;;10021;5;10024;15;;;10019.0;0.0
bear_normal_s0;16200;INTARIAN_PEPPER_ROOT;12975;11;12972;18;;;12985;10;12989;20;;;12980.0;0.0
bear_normal_s0;16200;ASH_COATED_OSMIUM;10002;20;10000;16;;;10030;12;10032;33;;;10016.0;0.0
bear_normal_s0;16300;INTARIAN_PEPPER_ROOT;12974;26;12970;24;;;12984;14;12986;12;;;12979.0;0.0
bear_normal_s0;16300;ASH_COATED_OSMIUM;10009;8;10005;22;;;10017;5;10021;17;;;10013.0;0.0
bear_normal_s0;16400;INTARIAN_PEPPER_ROOT;12968;19;12966;13;;;12986;24;12988;17;;;12977.0;0.0
bear_normal_s0;16400;ASH_COATED_OSMIUM;10005;23;10002;17;;;10017;13;10020;21;;;10011.0;0.0
bear_normal_s0;16500;INTARIAN_PEPPER_ROOT;12977;18;12973;9;;;12979;20;12982;15;;;12978.0;0.0
bear_normal_s0;16500;ASH_COATED_OSMIUM;10005;20;10003;14;;;10017;16;10021;22;;;10011.0;0.0
bear_normal_s0;16600;INTARIAN_PEPPER_ROOT;12972;10;12970;25;;;12980;7;12984;21;;;12976.0;0.0
bear_normal_s0;16600;ASH_COATED_OSMIUM;10008;14;10005;26;;;10010;9;10013;13;;;10009.0;0.0
bear_normal_s0;16700;INTARIAN_PEPPER_ROOT;12969;10;12965;21;;;12979;14;12982;20;;;12974.0;0.0
bear_normal_s0;16700;ASH_COATED_OSMIUM;9994;14;9992;14;;;10012;5;10014;26;;;10003.0;0.0
bear_normal_s0;16800;INTARIAN_PEPPER_ROOT;12963;21;12961;19;;;12987;30;12991;16;;;12975.0;0.0
bear_normal_s0;16800;ASH_COATED_OSMIUM;10002;13;10000;19;;;10018;5;10020;17;;;10010.0;0.0
bear_normal_s0;16900;INTARIAN_PEPPER_ROOT;12959;10;12955;23;;;12991;15;12993;22;;;12975.0;0.0
bear_normal_s0;16900;ASH_COATED_OSMIUM;10010;6;10008;26;;;10012;15;10015;15;;;10011.0;0.0
bear_normal_s0;17000;INTARIAN_PEPPER_ROOT;12973;13;12970;12;;;12981;10;12983;18;;;12977.0;0.0
bear_normal_s0;17000;ASH_COATED_OSMIUM;9993;21;9990;28;;;10029;15;10031;30;;;10011.0;0.0
bear_normal_s0;17100;INTARIAN_PEPPER_ROOT;12975;9;12972;9;;;12977;11;12981;26;;;12976.0;0.0
bear_normal_s0;17100;ASH_COATED_OSMIUM;10015;10;10013;15;;;10017;9;10020;22;;;10016.0;0.0
bear_normal_s0;17200;INTARIAN_PEPPER_ROOT;12969;10;12967;18;;;12985;13;12987;27;;;12977.0;0.0
bear_normal_s0;17200;ASH_COATED_OSMIUM;10000;5;9996;21;;;10020;18;10023;24;;;10010.0;0.0
bear_normal_s0;17300;INTARIAN_PEPPER_ROOT;12965;10;12963;17;;;12987;19;12990;23;;;12976.0;0.0
bear_normal_s0;17300;ASH_COATED_OSMIUM;10000;11;9997;25;;;10020;5;10022;15;;;10010.0;0.0
bear_normal_s0;17400;INTARIAN_PEPPER_ROOT;12963;8;12960;13;;;12985;15;12989;23;;;12974.0;0.0
bear_normal_s0;17400;ASH_COATED_OSMIUM;10007;7;10004;17;;;10013;19;10015;19;;;10010.0;0.0
bear_normal_s0;17500;INTARIAN_PEPPER_ROOT;12963;15;12960;23;;;12987;26;12989;10;;;12975.0;0.0
bear_normal_s0;17500;ASH_COATED_OSMIUM;9997;10;9995;21;;;10029;14;10033;17;;;10013.0;0.0
bear_normal_s0;17600;INTARIAN_PEPPER_ROOT;12971;15;12968;20;;;12975;17;12977;15;;;12973.0;0.0
bear_normal_s0;17600;ASH_COATED_OSMIUM;9994;21;9991;17;;;10028;13;10031;24;;;10011.0;0.0
bear_normal_s0;17700;INTARIAN_PEPPER_ROOT;12966;16;12964;16;;;12978;16;12981;17;;;12972.0;0.0
bear_normal_s0;17700;ASH_COATED_OSMIUM;9999;15;9997;14;;;10013;9;10016;24;;;10006.0;0.0
bear_normal_s0;17800;INTARIAN_PEPPER_ROOT;12962;15;12960;22;;;12982;14;12985;14;;;12972.0;0.0
bear_normal_s0;17800;ASH_COATED_OSMIUM;10007;13;10003;23;;;10009;5;10013;17;;;10008.0;0.0
bear_normal_s0;17900;INTARIAN_PEPPER_ROOT;12966;15;12963;9;;;12976;18;12978;22;;;12971.0;0.0
bear_normal_s0;17900;ASH_COATED_OSMIUM;10001;10;9998;23;;;10003;16;10006;19;;;10002.0;0.0
bear_normal_s0;18000;INTARIAN_PEPPER_ROOT;12954;16;12952;17;;;12986;8;12989;19;;;12970.0;0.0
bear_normal_s0;18000;ASH_COATED_OSMIUM;9960;10;9956;22;;;10038;20;10042;21;;;9999.0;0.0
bear_normal_s0;18100;INTARIAN_PEPPER_ROOT;12966;14;12962;13;;;12970;14;12972;24;;;12968.0;0.0
bear_normal_s0;18100;ASH_COATED_OSMIUM;9995;9;9991;17;;;10007;16;10010;21;;;10001.0;0.0
bear_normal_s0;18200;INTARIAN_PEPPER_ROOT;12966;16;12964;18;;;12968;17;12970;12;;;12967.0;0.0
bear_normal_s0;18200;ASH_COATED_OSMIUM;10002;19;9999;22;;;10006;10;10008;15;;;10004.0;0.0
bear_normal_s0;18300;INTARIAN_PEPPER_ROOT;12949;17;12946;23;;;12977;23;12980;8;;;12963.0;0.0
bear_normal_s0;18300;ASH_COATED_OSMIUM;9984;14;9982;24;;;10026;6;10029;18;;;10005.0;0.0
bear_normal_s0;18400;INTARIAN_PEPPER_ROOT;12954;19;12951;25;;;12974;6;12978;23;;;12964.0;0.0
bear_normal_s0;18400;ASH_COATED_OSMIUM;9977;10;9974;16;;;10031;6;10033;15;;;10004.0;0.0
bear_normal_s0;18500;INTARIAN_PEPPER_ROOT;12957;11;12955;17;;;12965;17;12969;17;;;12961.0;0.0
bear_normal_s0;18500;ASH_COATED_OSMIUM;9994;14;9992;15;;;10000;13;10002;20;;;9997.0;0.0
bear_normal_s0;18600;INTARIAN_PEPPER_ROOT;12958;16;12956;21;;;12960;14;12964;22;;;12959.0;0.0
bear_normal_s0;18600;ASH_COATED_OSMIUM;9989;14;9986;13;;;10003;6;10006;19;;;9996.0;0.0
bear_normal_s0;18700;INTARIAN_PEPPER_ROOT;12956;16;12953;23;;;12962;12;12965;16;;;12959.0;0.0
bear_normal_s0;18700;ASH_COATED_OSMIUM;9989;12;9985;20;;;9999;5;10001;25;;;9994.0;0.0
bear_normal_s0;18800;INTARIAN_PEPPER_ROOT;12946;10;12943;24;;;12968;15;12970;18;;;12957.0;0.0
bear_normal_s0;18800;ASH_COATED_OSMIUM;9991;6;9987;16;;;9995;15;9997;14;;;9993.0;0.0
bear_normal_s0;18900;INTARIAN_PEPPER_ROOT;12958;5;12955;17;;;12960;5;12962;18;;;12959.0;0.0
bear_normal_s0;18900;ASH_COATED_OSMIUM;9989;7;9985;14;;;9991;11;9994;22;;;9990.0;0.0
bear_normal_s0;19000;INTARIAN_PEPPER_ROOT;12949;12;12946;20;;;12965;19;12968;21;;;12957.0;0.0
bear_normal_s0;19000;ASH_COATED_OSMIUM;9978;7;9974;20;;;10000;11;10002;15;;;9989.0;0.0
bear_normal_s0;19100;INTARIAN_PEPPER_ROOT;12939;17;12937;21;;;12975;11;12977;14;;;12957.0;0.0
bear_normal_s0;19100;ASH_COATED_OSMIUM;9989;22;9985;18;;;10001;5;10005;21;;;9995.0;0.0
bear_normal_s0;19200;INTARIAN_PEPPER_ROOT;12946;15;12943;13;;;12968;8;12972;23;;;12957.0;0.0
bear_normal_s0;19200;ASH_COATED_OSMIUM;9987;16;9985;17;;;9989;14;9991;21;;;9988.0;0.0
bear_normal_s0;19300;INTARIAN_PEPPER_ROOT;12946;17;12943;35;;;12962;18;12966;15;;;12954.0;0.0
bear_normal_s0;19300;ASH_COATED_OSMIUM;9976;21;9973;22;;;9986;12;9989;21;;;9981.0;0.0
bear_normal_s0;19400;INTARIAN_PEPPER_ROOT;12946;14;12944;23;;;12964;14;12968;25;;;12955.0;0.0
bear_normal_s0;19400;ASH_COATED_OSMIUM;9982;5;9980;21;;;9986;9;9988;20;;;9984.0;0.0
bear_normal_s0;19500;INTARIAN_PEPPER_ROOT;12950;22;12946;23;;;12960;13;12962;19;;;12955.0;0.0
bear_normal_s0;19500;ASH_COATED_OSMIUM;9977;19;9973;15;;;9989;11;9991;23;;;9983.0;0.0
bear_normal_s0;19600;INTARIAN_PEPPER_ROOT;12943;14;12940;21;;;12967;12;12969;15;;;12955.0;0.0
bear_normal_s0;19600;ASH_COATED_OSMIUM;9976;8;9974;19;;;9988;14;9991;25;;;9982.0;0.0
bear_normal_s0;19700;INTARIAN_PEPPER_ROOT;12935;19;12932;15;;;12977;16;12980;17;;;12956.0;0.0
bear_normal_s0;19700;ASH_COATED_OSMIUM;9964;23;9962;22;;;9992;8;9996;21;;;9978.0;0.0
bear_normal_s0;19800;INTARIAN_PEPPER_ROOT;12957;23;12953;24;;;12961;19;12965;20;;;12959.0;0.0
bear_normal_s0;19800;ASH_COATED_OSMIUM;9976;12;9974;19;;;9984;18;9988;25;;;9980.0;0.0
bear_normal_s0;19900;INTARIAN_PEPPER_ROOT;12960;15;12957;14;;;12962;5;12966;9;;;12961.0;0.0
bear_normal_s0;19900;ASH_COATED_OSMIUM;9958;14;9955;10;;;10004;10;10006;20;;;9981.0;0.0
bear_normal_s0;20000;INTARIAN_PEPPER_ROOT;12925;9;12922;22;;;12997;14;13000;13;;;12961.0;0.0
bear_normal_s0;20000;ASH_COATED_OSMIUM;9983;19;9981;23;;;9985;13;9987;20;;;9984.0;0.0
bear_normal_s0;20100;INTARIAN_PEPPER_ROOT;12955;21;12951;25;;;12965;15;12968;16;;;12960.0;0.0
bear_normal_s0;20100;ASH_COATED_OSMIUM;9959;15;9956;16;;;10019;13;10022;24;;;9989.0;0.0
bear_normal_s0;20200;INTARIAN_PEPPER_ROOT;12955;10;12951;15;;;12967;14;12969;35;;;12961.0;0.0
bear_normal_s0;20200;ASH_COATED_OSMIUM;9985;22;9981;15;;;9991;30;9995;16;;;9988.0;0.0
bear_normal_s0;20300;INTARIAN_PEPPER_ROOT;12957;13;12953;18;;;12965;20;12969;22;;;12961.0;0.0
bear_normal_s0;20300;ASH_COATED_OSMIUM;9930;8;9928;21;;;10048;16;10051;11;;;9989.0;0.0
bear_normal_s0;20400;INTARIAN_PEPPER_ROOT;12957;15;12953;21;;;12967;6;12971;28;;;12962.0;0.0
bear_normal_s0;20400;ASH_COATED_OSMIUM;9975;13;9971;19;;;10005;13;10009;20;;;9990.0;0.0
bear_normal_s0;20500;INTARIAN_PEPPER_ROOT;12954;6;12951;21;;;12964;18;12967;17;;;12959.0;0.0
bear_normal_s0;20500;ASH_COATED_OSMIUM;9989;13;9986;17;;;9991;18;9995;27;;;9990.0;0.0
bear_normal_s0;20600;INTARIAN_PEPPER_ROOT;12948;16;12946;23;;;12970;18;12974;11;;;12959.0;0.0
bear_normal_s0;20600;ASH_COATED_OSMIUM;9972;16;9970;27;;;10008;12;10011;30;;;9990.0;0.0
bear_normal_s0;20700;INTARIAN_PEPPER_ROOT;12951;13;12949;28;;;12965;14;12967;20;;;12958.0;0.0
bear_normal_s0;20700;ASH_COATED_OSMIUM;9984;7;9982;24;;;9990;18;9992;11;;;9987.0;0.0
bear_normal_s0;20800;INTARIAN_PEPPER_ROOT;12957;15;12955;16;;;12959;15;12961;17;;;12958.0;0.0
bear_normal_s0;20800;ASH_COATED_OSMIUM;9985;15;9982;17;;;9989;12;9991;12;;;9987.0;0.0
bear_normal_s0;20900;INTARIAN_PEPPER_ROOT;12936;9;12933;33;;;12978;22;12981;29;;;12957.0;0.0
bear_normal_s0;20900;ASH_COATED_OSMIUM;9979;22;9976;16;;;9999;20;10002;22;;;9989.0;0.0
bear_normal_s0;21000;INTARIAN_PEPPER_ROOT;12947;14;12945;16;;;12971;24;12974;23;;;12959.0;0.0
bear_normal_s0;21000;ASH_COATED_OSMIUM;9986;15;9984;29;;;9994;15;9998;24;;;9990.0;0.0
bear_normal_s0;21100;INTARIAN_PEPPER_ROOT;12948;14;12946;13;;;12968;10;12972;16;;;12958.0;0.0
bear_normal_s0;21100;ASH_COATED_OSMIUM;9979;11;9977;18;;;10007;7;10011;16;;;9993.0;0.0
bear_normal_s0;21200;INTARIAN_PEPPER_ROOT;12956;12;12952;32;;;12964;12;12966;19;;;12960.0;0.0
bear_normal_s0;21200;ASH_COATED_OSMIUM;9994;11;9990;22;;;9998;18;10001;12;;;9996.0;0.0
bear_normal_s0;21300;INTARIAN_PEPPER_ROOT;12933;11;12931;21;;;12983;18;12985;23;;;12958.0;0.0
bear_normal_s0;21300;ASH_COATED_OSMIUM;9989;16;9987;17;;;9991;17;9993;14;;;9990.0;0.0
bear_normal_s0;21400;INTARIAN_PEPPER_ROOT;12952;20;12949;8;;;12962;18;12966;21;;;12957.0;0.0
bear_normal_s0;21400;ASH_COATED_OSMIUM;9968;14;9965;16;;;10008;15;10012;20;;;9988.0;0.0
bear_normal_s0;21500;INTARIAN_PEPPER_ROOT;12901;13;12898;20;;;13011;11;13014;23;;;12956.0;0.0
bear_normal_s0;21500;ASH_COATED_OSMIUM;9980;16;9978;13;;;10004;12;10008;17;;;9992.0;0.0
bear_normal_s0;21600;INTARIAN_PEPPER_ROOT;12955;9;12951;10;;;12957;21;12959;19;;;12956.0;0.0
bear_normal_s0;21600;ASH_COATED_OSMIUM;9984;11;9981;23;;;9998;20;10002;28;;;9991.0;0.0
bear_normal_s0;21700;INTARIAN_PEPPER_ROOT;12936;16;12934;18;;;12976;18;12980;14;;;12956.0;0.0
bear_normal_s0;21700;ASH_COATED_OSMIUM;9979;10;9977;21;;;10005;21;10009;23;;;9992.0;0.0
bear_normal_s0;21800;INTARIAN_PEPPER_ROOT;12957;17;12953;23;;;12959;17;12961;23;;;12958.0;0.0
bear_normal_s0;21800;ASH_COATED_OSMIUM;9970;15;9968;23;;;10012;5;10016;28;;;9991.0;0.0
bear_normal_s0;21900;INTARIAN_PEPPER_ROOT;12935;14;12931;19;;;12981;5;12983;11;;;12958.0;0.0
bear_normal_s0;21900;ASH_COATED_OSMIUM;9987;16;9985;23;;;10003;5;10005;20;;;9995.0;0.0
bear_normal_s0;22000;INTARIAN_PEPPER_ROOT;12943;12;12941;24;;;12971;21;12973;18;;;12957.0;0.0
bear_normal_s0;22000;ASH_COATED_OSMIUM;9994;13;9990;24;;;10000;20;10002;18;;;9997.0;0.0
bear_normal_s0;22100;INTARIAN_PEPPER_ROOT;12949;9;12946;20;;;12963;15;12965;22;;;12956.0;0.0
bear_normal_s0;22100;ASH_COATED_OSMIUM;9993;12;9990;18;;;10001;6;10003;12;;;9997.0;0.0
bear_normal_s0;22200;INTARIAN_PEPPER_ROOT;12954;15;12950;20;;;12956;20;12958;19;;;12955.0;0.0
bear_normal_s0;22200;ASH_COATED_OSMIUM;9962;19;9958;22;;;10022;12;10026;25;;;9992.0;0.0
bear_normal_s0;22300;INTARIAN_PEPPER_ROOT;12947;5;12945;16;;;12965;24;12969;14;;;12956.0;0.0
bear_normal_s0;22300;ASH_COATED_OSMIUM;9974;21;9971;18;;;10000;12;10002;18;;;9987.0;0.0
bear_normal_s0;22400;INTARIAN_PEPPER_ROOT;12952;10;12948;19;;;12954;12;12958;17;;;12953.0;0.0
bear_normal_s0;22400;ASH_COATED_OSMIUM;9983;10;9980;18;;;9991;19;9993;9;;;9987.0;0.0
bear_normal_s0;22500;INTARIAN_PEPPER_ROOT;12949;13;12946;24;;;12957;21;12960;19;;;12953.0;0.0
bear_normal_s0;22500;ASH_COATED_OSMIUM;9983;5;9979;24;;;9997;7;10001;17;;;9990.0;0.0
bear_normal_s0;22600;INTARIAN_PEPPER_ROOT;12946;17;12942;10;;;12958;20;12961;20;;;12952.0;0.0
bear_normal_s0;22600;ASH_COATED_OSMIUM;9988;12;9984;12;;;9990;18;9992;24;;;9989.0;0.0
bear_normal_s0;22700;INTARIAN_PEPPER_ROOT;12936;23;12932;19;;;12968;21;12971;22;;;12952.0;0.0
bear_normal_s0;22700;ASH_COATED_OSMIUM;9991;15;9988;28;;;9997;16;9999;21;;;9994.0;0.0
bear_normal_s0;22800;INTARIAN_PEPPER_ROOT;12947;5;12945;24;;;12955;15;12957;22;;;12951.0;0.0
bear_normal_s0;22800;ASH_COATED_OSMIUM;9990;16;9987;14;;;9994;16;9998;19;;;9992.0;0.0
bear_normal_s0;22900;INTARIAN_PEPPER_ROOT;12947;23;12945;18;;;12953;15;12957;26;;;12950.0;0.0
bear_normal_s0;22900;ASH_COATED_OSMIUM;9976;17;9974;21;;;10010;22;10012;18;;;9993.0;0.0
bear_normal_s0;23000;INTARIAN_PEPPER_ROOT;12944;19;12941;25;;;12952;25;12956;17;;;12948.0;0.0
bear_normal_s0;23000;ASH_COATED_OSMIUM;9982;9;9978;11;;;10002;8;10005;11;;;9992.0;0.0
bear_normal_s0;23100;INTARIAN_PEPPER_ROOT;12947;14;12945;17;;;12949;15;12951;17;;;12948.0;0.0
bear_normal_s0;23100;ASH_COATED_OSMIUM;9994;14;9990;30;;;9996;17;10000;23;;;9995.0;0.0
bear_normal_s0;23200;INTARIAN_PEPPER_ROOT;12941;19;12937;23;;;12951;10;12955;26;;;12946.0;0.0
bear_normal_s0;23200;ASH_COATED_OSMIUM;9992;6;9988;22;;;10006;9;10009;21;;;9999.0;0.0
bear_normal_s0;23300;INTARIAN_PEPPER_ROOT;12944;11;12940;18;;;12948;14;12950;23;;;12946.0;0.0
bear_normal_s0;23300;ASH_COATED_OSMIUM;10001;6;9997;20;;;10003;16;10007;13;;;10002.0;0.0
bear_normal_s0;23400;INTARIAN_PEPPER_ROOT;12937;20;12933;19;;;12953;12;12956;23;;;12945.0;0.0
bear_normal_s0;23400;ASH_COATED_OSMIUM;10005;5;10001;16;;;10009;18;10011;23;;;10007.0;0.0
bear_normal_s0;23500;INTARIAN_PEPPER_ROOT;12944;17;12942;18;;;12946;19;12949;15;;;12945.0;0.0
bear_normal_s0;23500;ASH_COATED_OSMIUM;10002;14;9999;20;;;10006;8;10010;21;;;10004.0;0.0
bear_normal_s0;23600;INTARIAN_PEPPER_ROOT;12945;10;12943;22;;;12951;16;12955;21;;;12948.0;0.0
bear_normal_s0;23600;ASH_COATED_OSMIUM;9995;14;9991;14;;;10007;17;10011;22;;;10001.0;0.0
bear_normal_s0;23700;INTARIAN_PEPPER_ROOT;12937;20;12935;16;;;12951;17;12954;26;;;12944.0;0.0
bear_normal_s0;23700;ASH_COATED_OSMIUM;9990;12;9987;12;;;10002;6;10006;18;;;9996.0;0.0
bear_normal_s0;23800;INTARIAN_PEPPER_ROOT;12940;5;12936;26;;;12948;21;12952;20;;;12944.0;0.0
bear_normal_s0;23800;ASH_COATED_OSMIUM;9981;24;9977;26;;;10011;16;10014;21;;;9996.0;0.0
bear_normal_s0;23900;INTARIAN_PEPPER_ROOT;12940;9;12937;18;;;12950;20;12953;11;;;12945.0;0.0
bear_normal_s0;23900;ASH_COATED_OSMIUM;9978;6;9974;9;;;10008;9;10010;20;;;9993.0;0.0
bear_normal_s0;24000;INTARIAN_PEPPER_ROOT;12931;22;12929;12;;;12955;8;12959;23;;;12943.0;0.0
bear_normal_s0;24000;ASH_COATED_OSMIUM;9981;18;9979;25;;;9999;13;10003;18;;;9990.0;0.0
bear_normal_s0;24100;INTARIAN_PEPPER_ROOT;12935;19;12933;17;;;12951;26;12955;15;;;12943.0;0.0
bear_normal_s0;24100;ASH_COATED_OSMIUM;9986;10;9983;23;;;9990;18;9994;18;;;9988.0;0.0
bear_normal_s0;24200;INTARIAN_PEPPER_ROOT;12937;18;12934;19;;;12949;14;12951;17;;;12943.0;0.0
bear_normal_s0;24200;ASH_COATED_OSMIUM;9982;14;9980;24;;;10014;15;10017;16;;;9998.0;0.0
bear_normal_s0;24300;INTARIAN_PEPPER_ROOT;12933;12;12929;26;;;12949;7;12953;27;;;12941.0;0.0
bear_normal_s0;24300;ASH_COATED_OSMIUM;9998;11;9995;13;;;10000;7;10002;12;;;9999.0;0.0
bear_normal_s0;24400;INTARIAN_PEPPER_ROOT;12940;17;12938;25;;;12942;14;12946;19;;;12941.0;0.0
bear_normal_s0;24400;ASH_COATED_OSMIUM;9997;15;9993;14;;;10001;15;10005;25;;;9999.0;0.0
bear_normal_s0;24500;INTARIAN_PEPPER_ROOT;12937;20;12935;9;;;12939;25;12942;23;;;12938.0;0.0
bear_normal_s0;24500;ASH_COATED_OSMIUM;9996;15;9994;11;;;9998;5;10001;17;;;9997.0;0.0
bear_normal_s0;24600;INTARIAN_PEPPER_ROOT;12935;5;12933;11;;;12943;13;12946;19;;;12939.0;0.0
bear_normal_s0;24600;ASH_COATED_OSMIUM;9990;14;9986;15;;;9998;14;10000;17;;;9994.0;0.0
bear_normal_s0;24700;INTARIAN_PEPPER_ROOT;12932;13;12928;16;;;12950;7;12952;26;;;12941.0;0.0
bear_normal_s0;24700;ASH_COATED_OSMIUM;9984;8;9981;21;;;10004;13;10008;28;;;9994.0;0.0
bear_normal_s0;24800;INTARIAN_PEPPER_ROOT;12934;19;12931;22;;;12944;10;12947;15;;;12939.0;0.0
bear_normal_s0;24800;ASH_COATED_OSMIUM;9986;20;9983;24;;;9998;21;10001;19;;;9992.0;0.0
bear_normal_s0;24900;INTARIAN_PEPPER_ROOT;12934;11;12930;18;;;12940;18;12943;20;;;12937.0;0.0
bear_normal_s0;24900;ASH_COATED_OSMIUM;9980;19;9978;17;;;9994;15;9998;21;;;9987.0;0.0
bear_normal_s0;25000;INTARIAN_PEPPER_ROOT;12933;26;12929;12;;;12941;15;12944;21;;;12937.0;0.0
bear_normal_s0;25000;ASH_COATED_OSMIUM;9976;6;9973;14;;;9988;12;9990;18;;;9982.0;0.0
bear_normal_s0;25100;INTARIAN_PEPPER_ROOT;12930;14;12926;16;;;12944;16;12946;14;;;12937.0;0.0
bear_normal_s0;25100;ASH_COATED_OSMIUM;9986;6;9984;23;;;9992;5;9994;15;;;9989.0;0.0
bear_normal_s0;25200;INTARIAN_PEPPER_ROOT;12933;25;12929;14;;;12939;15;12943;22;;;12936.0;0.0
bear_normal_s0;25200;ASH_COATED_OSMIUM;9980;18;9977;21;;;9994;12;9996;12;;;9987.0;0.0
bear_normal_s0;25300;INTARIAN_PEPPER_ROOT;12933;15;12929;11;;;12937;14;12939;21;;;12935.0;0.0
bear_normal_s0;25300;ASH_COATED_OSMIUM;9967;9;9964;18;;;9999;15;10003;17;;;9983.0;0.0
bear_normal_s0;25400;INTARIAN_PEPPER_ROOT;12935;22;12933;14;;;12937;16;12940;18;;;12936.0;0.0
bear_normal_s0;25400;ASH_COATED_OSMIUM;9981;13;9979;19;;;9983;14;9986;20;;;9982.0;0.0
bear_normal_s0;25500;INTARIAN_PEPPER_ROOT;12934;13;12930;11;;;12938;6;12941;23;;;12936.0;0.0
bear_normal_s0;25500;ASH_COATED_OSMIUM;9980;6;9978;26;;;9990;14;9993;21;;;9985.0;0.0
bear_normal_s0;25600;INTARIAN_PEPPER_ROOT;12929;17;12927;18;;;12941;19;12945;22;;;12935.0;0.0
bear_normal_s0;25600;ASH_COATED_OSMIUM;9977;9;9974;17;;;9995;12;9999;25;;;9986.0;0.0
bear_normal_s0;25700;INTARIAN_PEPPER_ROOT;12929;12;12926;19;;;12937;15;12939;18;;;12933.0;0.0
bear_normal_s0;25700;ASH_COATED_OSMIUM;9983;6;9981;19;;;9985;5;9989;11;;;9984.0;0.0
bear_normal_s0;25800;INTARIAN_PEPPER_ROOT;12929;14;12926;18;;;12931;14;12934;18;;;12930.0;0.0
bear_normal_s0;25800;ASH_COATED_OSMIUM;9980;6;9977;18;;;9988;6;9990;21;;;9984.0;0.0
bear_normal_s0;25900;INTARIAN_PEPPER_ROOT;12925;16;12923;21;;;12937;15;12940;21;;;12931.0;0.0
bear_normal_s0;25900;ASH_COATED_OSMIUM;9979;13;9977;15;;;9987;16;9989;21;;;9983.0;0.0
bear_normal_s0;26000;INTARIAN_PEPPER_ROOT;12924;16;12920;17;;;12934;8;12936;18;;;12929.0;0.0
bear_normal_s0;26000;ASH_COATED_OSMIUM;9972;19;9969;15;;;10002;14;10004;13;;;9987.0;0.0
bear_normal_s0;26100;INTARIAN_PEPPER_ROOT;12911;12;12908;14;;;12943;14;12946;20;;;12927.0;0.0
bear_normal_s0;26100;ASH_COATED_OSMIUM;9991;14;9987;24;;;9993;15;9997;29;;;9992.0;0.0
bear_normal_s0;26200;INTARIAN_PEPPER_ROOT;12919;12;12917;19;;;12933;14;12937;23;;;12926.0;0.0
bear_normal_s0;26200;ASH_COATED_OSMIUM;9992;12;9990;10;;;9994;11;9996;27;;;9993.0;0.0
bear_normal_s0;26300;INTARIAN_PEPPER_ROOT;12924;15;12920;13;;;12928;17;12932;22;;;12926.0;0.0
bear_normal_s0;26300;ASH_COATED_OSMIUM;9985;15;9983;17;;;9991;19;9995;15;;;9988.0;0.0
bear_normal_s0;26400;INTARIAN_PEPPER_ROOT;12916;14;12913;22;;;12930;18;12932;20;;;12923.0;0.0
bear_normal_s0;26400;ASH_COATED_OSMIUM;9986;22;9984;14;;;9988;8;9990;14;;;9987.0;0.0
bear_normal_s0;26500;INTARIAN_PEPPER_ROOT;12922;15;12918;11;;;12924;19;12927;16;;;12923.0;0.0
bear_normal_s0;26500;ASH_COATED_OSMIUM;9987;5;9984;21;;;9991;6;9995;8;;;9989.0;0.0
bear_normal_s0;26600;INTARIAN_PEPPER_ROOT;12916;17;12913;21;;;12930;18;12934;14;;;12923.0;0.0
bear_normal_s0;26600;ASH_COATED_OSMIUM;9987;11;9985;15;;;9989;20;9991;8;;;9988.0;0.0
bear_normal_s0;26700;INTARIAN_PEPPER_ROOT;12917;10;12915;14;;;12929;14;12931;16;;;12923.0;0.0
bear_normal_s0;26700;ASH_COATED_OSMIUM;9984;17;9980;29;;;9990;12;9993;17;;;9987.0;0.0
bear_normal_s0;26800;INTARIAN_PEPPER_ROOT;12913;16;12909;21;;;12931;8;12934;17;;;12922.0;0.0
bear_normal_s0;26800;ASH_COATED_OSMIUM;9987;16;9985;25;;;9989;12;9993;19;;;9988.0;0.0
bear_normal_s0;26900;INTARIAN_PEPPER_ROOT;12920;11;12918;29;;;12924;11;12926;10;;;12922.0;0.0
bear_normal_s0;26900;ASH_COATED_OSMIUM;9987;14;9983;21;;;9995;9;9998;18;;;9991.0;0.0
bear_normal_s0;27000;INTARIAN_PEPPER_ROOT;12913;10;12911;20;;;12931;17;12933;12;;;12922.0;0.0
bear_normal_s0;27000;ASH_COATED_OSMIUM;9988;13;9986;20;;;10002;8;10006;21;;;9995.0;0.0
bear_normal_s0;27100;INTARIAN_PEPPER_ROOT;12894;10;12890;21;;;12942;12;12944;19;;;12918.0;0.0
bear_normal_s0;27100;ASH_COATED_OSMIUM;9990;5;9986;28;;;9996;11;9998;16;;;9993.0;0.0
bear_normal_s0;27200;INTARIAN_PEPPER_ROOT;12913;14;12909;16;;;12929;14;12932;22;;;12921.0;0.0
bear_normal_s0;27200;ASH_COATED_OSMIUM;9986;9;9983;23;;;9998;10;10002;25;;;9992.0;0.0
bear_normal_s0;27300;INTARIAN_PEPPER_ROOT;12912;7;12909;19;;;12930;13;12932;23;;;12921.0;0.0
bear_normal_s0;27300;ASH_COATED_OSMIUM;9985;15;9981;15;;;9999;16;10001;18;;;9992.0;0.0
bear_normal_s0;27400;INTARIAN_PEPPER_ROOT;12918;5;12916;18;;;12920;20;12922;24;;;12919.0;0.0
bear_normal_s0;27400;ASH_COATED_OSMIUM;9984;16;9982;20;;;10004;17;10006;21;;;9994.0;0.0
bear_normal_s0;27500;INTARIAN_PEPPER_ROOT;12906;13;12904;18;;;12932;5;12936;27;;;12919.0;0.0
bear_normal_s0;27500;ASH_COATED_OSMIUM;9974;12;9972;13;;;10016;14;10018;19;;;9995.0;0.0
bear_normal_s0;27600;INTARIAN_PEPPER_ROOT;12884;18;12880;20;;;12956;15;12958;21;;;12920.0;0.0
bear_normal_s0;27600;ASH_COATED_OSMIUM;9991;12;9988;15;;;9999;18;10001;16;;;9995.0;0.0
bear_normal_s0;27700;INTARIAN_PEPPER_ROOT;12916;10;12912;15;;;12922;20;12926;20;;;12919.0;0.0
bear_normal_s0;27700;ASH_COATED_OSMIUM;9971;13;9969;26;;;10019;23;10023;24;;;9995.0;0.0
bear_normal_s0;27800;INTARIAN_PEPPER_ROOT;12906;12;12903;29;;;12924;15;12927;24;;;12915.0;0.0
bear_normal_s0;27800;ASH_COATED_OSMIUM;9958;5;9955;18;;;10036;17;10040;17;;;9997.0;0.0
bear_normal_s0;27900;INTARIAN_PEPPER_ROOT;12917;6;12914;17;;;12919;16;12923;18;;;12918.0;0.0
bear_normal_s0;27900;ASH_COATED_OSMIUM;9988;18;9985;20;;;10012;10;10016;19;;;10000.0;0.0
bear_normal_s0;28000;INTARIAN_PEPPER_ROOT;12909;20;12905;14;;;12927;21;12929;24;;;12918.0;0.0
bear_normal_s0;28000;ASH_COATED_OSMIUM;10004;7;10000;19;;;10006;5;10009;17;;;10005.0;0.0
bear_normal_s0;28100;INTARIAN_PEPPER_ROOT;12918;15;12915;19;;;12920;23;12924;30;;;12919.0;0.0
bear_normal_s0;28100;ASH_COATED_OSMIUM;10005;11;10002;17;;;10011;20;10013;21;;;10008.0;0.0
bear_normal_s0;28200;INTARIAN_PEPPER_ROOT;12916;11;12912;21;;;12918;21;12921;21;;;12917.0;0.0
bear_normal_s0;28200;ASH_COATED_OSMIUM;9979;8;9977;15;;;10023;7;10027;18;;;10001.0;0.0
bear_normal_s0;28300;INTARIAN_PEPPER_ROOT;12915;19;12913;25;;;12923;14;12927;20;;;12919.0;0.0
bear_normal_s0;28300;ASH_COATED_OSMIUM;9996;9;9993;13;;;10000;16;10002;23;;;9998.0;0.0
bear_normal_s0;28400;INTARIAN_PEPPER_ROOT;12919;14;12917;21;;;12921;21;12925;20;;;12920.0;0.0
bear_normal_s0;28400;ASH_COATED_OSMIUM;9997;5;9995;10;;;9999;14;10001;14;;;9998.0;0.0
bear_normal_s0;28500;INTARIAN_PEPPER_ROOT;12917;20;12915;22;;;12923;17;12927;21;;;12920.0;0.0
bear_normal_s0;28500;ASH_COATED_OSMIUM;9997;9;9993;24;;;10001;15;10003;22;;;9999.0;0.0
bear_normal_s0;28600;INTARIAN_PEPPER_ROOT;12916;14;12912;19;;;12922;17;12926;12;;;12919.0;0.0
bear_normal_s0;28600;ASH_COATED_OSMIUM;9994;7;9991;16;;;9996;16;10000;20;;;9995.0;0.0
bear_normal_s0;28700;INTARIAN_PEPPER_ROOT;12912;10;12910;23;;;12928;19;12932;19;;;12920.0;0.0
bear_normal_s0;28700;ASH_COATED_OSMIUM;9992;15;9990;25;;;9994;7;9998;14;;;9993.0;0.0
bear_normal_s0;28800;INTARIAN_PEPPER_ROOT;12920;14;12918;21;;;12922;13;12926;17;;;12921.0;0.0
bear_normal_s0;28800;ASH_COATED_OSMIUM;9992;6;9990;13;;;9994;20;9997;14;;;9993.0;0.0
bear_normal_s0;28900;INTARIAN_PEPPER_ROOT;12921;8;12917;20;;;12925;19;12929;17;;;12923.0;0.0
bear_normal_s0;28900;ASH_COATED_OSMIUM;9993;8;9991;16;;;9997;15;9999;19;;;9995.0;0.0
bear_normal_s0;29000;INTARIAN_PEPPER_ROOT;12919;21;12916;26;;;12923;17;12926;18;;;12921.0;0.0
bear_normal_s0;29000;ASH_COATED_OSMIUM;9972;15;9970;26;;;10014;5;10018;19;;;9993.0;0.0
bear_normal_s0;29100;INTARIAN_PEPPER_ROOT;12918;13;12915;13;;;12922;5;12925;24;;;12920.0;0.0
bear_normal_s0;29100;ASH_COATED_OSMIUM;9989;12;9985;25;;;9997;18;9999;21;;;9993.0;0.0
bear_normal_s0;29200;INTARIAN_PEPPER_ROOT;12918;18;12915;23;;;12928;5;12930;11;;;12923.0;0.0
bear_normal_s0;29200;ASH_COATED_OSMIUM;9986;21;9982;21;;;9998;8;10002;30;;;9992.0;0.0
bear_normal_s0;29300;INTARIAN_PEPPER_ROOT;12913;5;12910;28;;;12931;19;12933;26;;;12922.0;0.0
bear_normal_s0;29300;ASH_COATED_OSMIUM;9985;5;9981;17;;;10001;7;10003;15;;;9993.0;0.0
bear_normal_s0;29400;INTARIAN_PEPPER_ROOT;12920;11;12917;21;;;12922;9;12924;24;;;12921.0;0.0
bear_normal_s0;29400;ASH_COATED_OSMIUM;9991;13;9989;24;;;9995;13;9997;19;;;9993.0;0.0
bear_normal_s0;29500;INTARIAN_PEPPER_ROOT;12921;8;12917;26;;;12925;8;12929;24;;;12923.0;0.0
bear_normal_s0;29500;ASH_COATED_OSMIUM;9997;20;9993;25;;;10001;18;10004;22;;;9999.0;0.0
bear_normal_s0;29600;INTARIAN_PEPPER_ROOT;12916;13;12914;19;;;12928;20;12931;24;;;12922.0;0.0
bear_normal_s0;29600;ASH_COATED_OSMIUM;9991;10;9988;27;;;10005;13;10009;29;;;9998.0;0.0
bear_normal_s0;29700;INTARIAN_PEPPER_ROOT;12918;24;12914;13;;;12930;15;12933;24;;;12924.0;0.0
bear_normal_s0;29700;ASH_COATED_OSMIUM;9989;16;9986;23;;;9999;19;10003;30;;;9994.0;0.0
bear_normal_s0;29800;INTARIAN_PEPPER_ROOT;12916;24;12913;20;;;12928;17;12932;8;;;12922.0;0.0
bear_normal_s0;29800;ASH_COATED_OSMIUM;9980;15;9978;19;;;10006;15;10009;13;;;9993.0;0.0
bear_normal_s0;29900;INTARIAN_PEPPER_ROOT;12920;17;12917;12;;;12924;11;12928;18;;;12922.0;0.0
bear_normal_s0;29900;ASH_COATED_OSMIUM;9984;13;9981;21;;;10000;8;10002;22;;;9992.0;0.0
bear_normal_s0;30000;INTARIAN_PEPPER_ROOT;12917;18;12914;20;;;12923;15;12926;22;;;12920.0;0.0
bear_normal_s0;30000;ASH_COATED_OSMIUM;9960;13;9957;19;;;10036;18;10040;20;;;9998.0;0.0
bear_normal_s0;30100;INTARIAN_PEPPER_ROOT;12921;11;12918;10;;;12923;14;12927;18;;;12922.0;0.0
bear_normal_s0;30100;ASH_COATED_OSMIUM;10000;8;9997;18;;;10004;8;10006;16;;;10002.0;0.0
bear_normal_s0;30200;INTARIAN_PEPPER_ROOT;12890;11;12887;20;;;12954;11;12956;23;;;12922.0;0.0
bear_normal_s0;30200;ASH_COATED_OSMIUM;9999;11;9997;22;;;10007;14;10011;17;;;10003.0;0.0
bear_normal_s0;30300;INTARIAN_PEPPER_ROOT;12907;8;12904;21;;;12935;19;12937;15;;;12921.0;0.0
bear_normal_s0;30300;ASH_COATED_OSMIUM;9998;22;9996;21;;;10008;15;10010;18;;;10003.0;0.0
bear_normal_s0;30400;INTARIAN_PEPPER_ROOT;12917;17;12914;21;;;12925;18;12928;17;;;12921.0;0.0
bear_normal_s0;30400;ASH_COATED_OSMIUM;9995;6;9991;26;;;9997;10;10000;24;;;9996.0;0.0
bear_normal_s0;30500;INTARIAN_PEPPER_ROOT;12916;11;12912;11;;;12924;15;12926;24;;;12920.0;0.0
bear_normal_s0;30500;ASH_COATED_OSMIUM;9951;10;9948;22;;;10037;7;10040;21;;;9994.0;0.0
bear_normal_s0;30600;INTARIAN_PEPPER_ROOT;12910;14;12907;18;;;12926;5;12929;32;;;12918.0;0.0
bear_normal_s0;30600;ASH_COATED_OSMIUM;9989;18;9986;26;;;9999;17;10003;10;;;9994.0;0.0
bear_normal_s0;30700;INTARIAN_PEPPER_ROOT;12909;13;12907;18;;;12921;18;12923;21;;;12915.0;0.0
bear_normal_s0;30700;ASH_COATED_OSMIUM;9982;12;9979;23;;;10004;12;10006;8;;;9993.0;0.0
bear_normal_s0;30800;INTARIAN_PEPPER_ROOT;12900;17;12897;17;;;12932;14;12936;14;;;12916.0;0.0
bear_normal_s0;30800;ASH_COATED_OSMIUM;9997;12;9995;20;;;10001;9;10005;22;;;9999.0;0.0
bear_normal_s0;30900;INTARIAN_PEPPER_ROOT;12907;30;12905;18;;;12923;18;12925;16;;;12915.0;0.0
bear_normal_s0;30900;ASH_COATED_OSMIUM;9999;5;9997;24;;;10003;12;10006;22;;;10001.0;0.0
bear_normal_s0;31000;INTARIAN_PEPPER_ROOT;12912;12;12910;14;;;12918;19;12921;21;;;12915.0;0.0
bear_normal_s0;31000;ASH_COATED_OSMIUM;9976;9;9973;19;;;10028;20;10030;16;;;10002.0;0.0
bear_normal_s0;31100;INTARIAN_PEPPER_ROOT;12901;13;12898;14;;;12931;16;12935;17;;;12916.0;0.0
bear_normal_s0;31100;ASH_COATED_OSMIUM;10001;15;9999;17;;;10007;10;10009;13;;;10004.0;0.0
bear_normal_s0;31200;INTARIAN_PEPPER_ROOT;12906;10;12903;19;;;12922;8;12926;17;;;12914.0;0.0
bear_normal_s0;31200;ASH_COATED_OSMIUM;9999;5;9995;13;;;10003;13;10007;23;;;10001.0;0.0
bear_normal_s0;31300;INTARIAN_PEPPER_ROOT;12903;14;12901;12;;;12923;13;12927;17;;;12913.0;0.0
bear_normal_s0;31300;ASH_COATED_OSMIUM;9994;16;9992;28;;;10018;11;10021;20;;;10006.0;0.0
bear_normal_s0;31400;INTARIAN_PEPPER_ROOT;12900;22;12897;21;;;12924;12;12928;19;;;12912.0;0.0
bear_normal_s0;31400;ASH_COATED_OSMIUM;10011;10;10008;25;;;10013;12;10016;22;;;10012.0;0.0
bear_normal_s0;31500;INTARIAN_PEPPER_ROOT;12908;10;12906;11;;;12916;13;12918;22;;;12912.0;0.0
bear_normal_s0;31500;ASH_COATED_OSMIUM;10005;15;10002;17;;;10017;13;10019;24;;;10011.0;0.0
bear_normal_s0;31600;INTARIAN_PEPPER_ROOT;12910;18;12906;18;;;12912;17;12916;19;;;12911.0;0.0
bear_normal_s0;31600;ASH_COATED_OSMIUM;9991;8;9987;19;;;10033;8;10037;19;;;10012.0;0.0
bear_normal_s0;31700;INTARIAN_PEPPER_ROOT;12908;19;12906;15;;;12912;13;12916;22;;;12910.0;0.0
bear_normal_s0;31700;ASH_COATED_OSMIUM;9986;14;9984;22;;;10036;7;10038;20;;;10011.0;0.0
bear_normal_s0;31800;INTARIAN_PEPPER_ROOT;12910;22;12906;10;;;12912;18;12916;29;;;12911.0;0.0
bear_normal_s0;31800;ASH_COATED_OSMIUM;10004;11;10001;16;;;10014;17;10018;22;;;10009.0;0.0
bear_normal_s0;31900;INTARIAN_PEPPER_ROOT;12904;18;12902;22;;;12914;17;12918;14;;;12909.0;0.0
bear_normal_s0;31900;ASH_COATED_OSMIUM;9981;9;9978;11;;;10039;5;10043;17;;;10010.0;0.0
bear_normal_s0;32000;INTARIAN_PEPPER_ROOT;12906;16;12903;17;;;12912;14;12915;25;;;12909.0;0.0
bear_normal_s0;32000;ASH_COATED_OSMIUM;10012;13;10009;21;;;10014;7;10016;24;;;10013.0;0.0
bear_normal_s0;32100;INTARIAN_PEPPER_ROOT;12902;13;12900;17;;;12912;19;12915;20;;;12907.0;0.0
bear_normal_s0;32100;ASH_COATED_OSMIUM;10013;18;10011;20;;;10021;13;10023;16;;;10017.0;0.0
bear_normal_s0;32200;INTARIAN_PEPPER_ROOT;12904;14;12901;22;;;12910;16;12913;17;;;12907.0;0.0
bear_normal_s0;32200;ASH_COATED_OSMIUM;10021;5;10017;25;;;10023;5;10027;20;;;10022.0;0.0
bear_normal_s0;32300;INTARIAN_PEPPER_ROOT;12901;10;12899;15;;;12909;10;12913;18;;;12905.0;0.0
bear_normal_s0;32300;ASH_COATED_OSMIUM;10012;5;10009;27;;;10022;13;10024;19;;;10017.0;0.0
bear_normal_s0;32400;INTARIAN_PEPPER_ROOT;12902;25;12899;23;;;12904;12;12908;17;;;12903.0;0.0
bear_normal_s0;32400;ASH_COATED_OSMIUM;10010;18;10006;22;;;10020;7;10023;25;;;10015.0;0.0
bear_normal_s0;32500;INTARIAN_PEPPER_ROOT;12900;7;12896;21;;;12906;14;12909;18;;;12903.0;0.0
bear_normal_s0;32500;ASH_COATED_OSMIUM;10012;16;10009;15;;;10016;20;10019;16;;;10014.0;0.0
bear_normal_s0;32600;INTARIAN_PEPPER_ROOT;12897;20;12894;20;;;12907;19;12911;23;;;12902.0;0.0
bear_normal_s0;32600;ASH_COATED_OSMIUM;10005;11;10002;20;;;10021;15;10024;14;;;10013.0;0.0
bear_normal_s0;32700;INTARIAN_PEPPER_ROOT;12902;18;12900;20;;;12908;16;12911;14;;;12905.0;0.0
bear_normal_s0;32700;ASH_COATED_OSMIUM;10005;5;10003;15;;;10007;18;10009;22;;;10006.0;0.0
bear_normal_s0;32800;INTARIAN_PEPPER_ROOT;12903;19;12899;30;;;12905;17;12907;13;;;12904.0;0.0
bear_normal_s0;32800;ASH_COATED_OSMIUM;10005;20;10002;16;;;10007;11;10009;26;;;10006.0;0.0
bear_normal_s0;32900;INTARIAN_PEPPER_ROOT;12905;11;12901;22;;;12907;23;12909;21;;;12906.0;0.0
bear_normal_s0;32900;ASH_COATED_OSMIUM;10005;10;10002;28;;;10019;11;10021;17;;;10012.0;0.0
bear_normal_s0;33000;INTARIAN_PEPPER_ROOT;12905;13;12903;19;;;12907;8;12909;13;;;12906.0;0.0
bear_normal_s0;33000;ASH_COATED_OSMIUM;10000;12;9998;20;;;10010;13;10013;21;;;10005.0;0.0
bear_normal_s0;33100;INTARIAN_PEPPER_ROOT;12895;5;12893;23;;;12913;14;12917;12;;;12904.0;0.0
bear_normal_s0;33100;ASH_COATED_OSMIUM;9996;10;9993;24;;;10014;18;10018;27;;;10005.0;0.0
bear_normal_s0;33200;INTARIAN_PEPPER_ROOT;12897;22;12893;22;;;12911;18;12913;20;;;12904.0;0.0
bear_normal_s0;33200;ASH_COATED_OSMIUM;10002;14;10000;20;;;10004;11;10007;12;;;10003.0;0.0
bear_normal_s0;33300;INTARIAN_PEPPER_ROOT;12898;12;12894;30;;;12908;20;12911;15;;;12903.0;0.0
bear_normal_s0;33300;ASH_COATED_OSMIUM;9978;7;9974;22;;;10030;20;10033;17;;;10004.0;0.0
bear_normal_s0;33400;INTARIAN_PEPPER_ROOT;12890;9;12887;22;;;12908;8;12910;23;;;12899.0;0.0
bear_normal_s0;33400;ASH_COATED_OSMIUM;10000;9;9998;28;;;10006;14;10010;16;;;10003.0;0.0
bear_normal_s0;33500;INTARIAN_PEPPER_ROOT;12898;17;12894;16;;;12900;22;12904;17;;;12899.0;0.0
bear_normal_s0;33500;ASH_COATED_OSMIUM;9999;5;9995;22;;;10001;11;10003;16;;;10000.0;0.0
bear_normal_s0;33600;INTARIAN_PEPPER_ROOT;12890;12;12887;17;;;12902;20;12904;12;;;12896.0;0.0
bear_normal_s0;33600;ASH_COATED_OSMIUM;9995;13;9992;18;;;10009;5;10013;21;;;10002.0;0.0
bear_normal_s0;33700;INTARIAN_PEPPER_ROOT;12895;8;12892;15;;;12899;12;12901;24;;;12897.0;0.0
bear_normal_s0;33700;ASH_COATED_OSMIUM;9998;14;9995;19;;;10006;9;10008;21;;;10002.0;0.0
bear_normal_s0;33800;INTARIAN_PEPPER_ROOT;12891;23;12887;20;;;12899;16;12902;23;;;12895.0;0.0
bear_normal_s0;33800;ASH_COATED_OSMIUM;10005;5;10002;21;;;10007;27;10009;22;;;10006.0;0.0
bear_normal_s0;33900;INTARIAN_PEPPER_ROOT;12889;21;12887;11;;;12907;13;12911;18;;;12898.0;0.0
bear_normal_s0;33900;ASH_COATED_OSMIUM;10005;19;10001;20;;;10009;14;10012;20;;;10007.0;0.0
bear_normal_s0;34000;INTARIAN_PEPPER_ROOT;12897;20;12894;33;;;12901;13;12903;18;;;12899.0;0.0
bear_normal_s0;34000;ASH_COATED_OSMIUM;9997;14;9993;15;;;10021;8;10023;21;;;10009.0;0.0
bear_normal_s0;34100;INTARIAN_PEPPER_ROOT;12896;13;12894;22;;;12900;18;12904;18;;;12898.0;0.0
bear_normal_s0;34100;ASH_COATED_OSMIUM;9999;13;9995;23;;;10027;5;10030;18;;;10013.0;0.0
bear_normal_s0;34200;INTARIAN_PEPPER_ROOT;12894;5;12892;11;;;12898;14;12902;18;;;12896.0;0.0
bear_normal_s0;34200;ASH_COATED_OSMIUM;9978;18;9976;20;;;10036;11;10039;19;;;10007.0;0.0
bear_normal_s0;34300;INTARIAN_PEPPER_ROOT;12892;8;12890;19;;;12896;5;12900;21;;;12894.0;0.0
bear_normal_s0;34300;ASH_COATED_OSMIUM;9991;10;9987;19;;;10025;12;10028;11;;;10008.0;0.0
bear_normal_s0;34400;INTARIAN_PEPPER_ROOT;12881;13;12878;27;;;12905;10;12908;11;;;12893.0;0.0
bear_normal_s0;34400;ASH_COATED_OSMIUM;10007;5;10003;29;;;10011;8;10014;17;;;10009.0;0.0
bear_normal_s0;34500;INTARIAN_PEPPER_ROOT;12888;13;12886;14;;;12896;22;12898;12;;;12892.0;0.0
bear_normal_s0;34500;ASH_COATED_OSMIUM;10001;16;9998;19;;;10009;11;10013;19;;;10005.0;0.0
bear_normal_s0;34600;INTARIAN_PEPPER_ROOT;12879;22;12876;14;;;12905;13;12909;24;;;12892.0;0.0
bear_normal_s0;34600;ASH_COATED_OSMIUM;9993;5;9990;24;;;10013;21;10016;20;;;10003.0;0.0
bear_normal_s0;34700;INTARIAN_PEPPER_ROOT;12888;19;12884;21;;;12894;8;12896;18;;;12891.0;0.0
bear_normal_s0;34700;ASH_COATED_OSMIUM;9995;8;9991;20;;;10007;18;10009;12;;;10001.0;0.0
bear_normal_s0;34800;INTARIAN_PEPPER_ROOT;12888;10;12886;21;;;12896;11;12899;13;;;12892.0;0.0
bear_normal_s0;34800;ASH_COATED_OSMIUM;9998;16;9996;16;;;10000;6;10003;20;;;9999.0;0.0
bear_normal_s0;34900;INTARIAN_PEPPER_ROOT;12889;18;12886;19;;;12895;13;12897;13;;;12892.0;0.0
bear_normal_s0;34900;ASH_COATED_OSMIUM;9994;5;9992;14;;;10004;7;10008;22;;;9999.0;0.0
bear_normal_s0;35000;INTARIAN_PEPPER_ROOT;12884;13;12881;21;;;12898;20;12901;21;;;12891.0;0.0
bear_normal_s0;35000;ASH_COATED_OSMIUM;9968;12;9964;16;;;10028;6;10032;17;;;9998.0;0.0
bear_normal_s0;35100;INTARIAN_PEPPER_ROOT;12887;23;12885;30;;;12891;15;12894;21;;;12889.0;0.0
bear_normal_s0;35100;ASH_COATED_OSMIUM;10002;5;9998;17;;;10004;9;10008;15;;;10003.0;0.0
bear_normal_s0;35200;INTARIAN_PEPPER_ROOT;12885;17;12883;26;;;12895;7;12897;22;;;12890.0;0.0
bear_normal_s0;35200;ASH_COATED_OSMIUM;9986;16;9983;22;;;10018;6;10021;17;;;10002.0;0.0
bear_normal_s0;35300;INTARIAN_PEPPER_ROOT;12886;10;12882;33;;;12892;26;12895;19;;;12889.0;0.0
bear_normal_s0;35300;ASH_COATED_OSMIUM;9996;8;9994;18;;;10004;17;10007;23;;;10000.0;0.0
bear_normal_s0;35400;INTARIAN_PEPPER_ROOT;12885;7;12882;9;;;12889;17;12893;17;;;12887.0;0.0
bear_normal_s0;35400;ASH_COATED_OSMIUM;9995;10;9992;19;;;10001;14;10005;26;;;9998.0;0.0
bear_normal_s0;35500;INTARIAN_PEPPER_ROOT;12882;13;12880;17;;;12890;10;12894;30;;;12886.0;0.0
bear_normal_s0;35500;ASH_COATED_OSMIUM;9996;19;9993;20;;;10006;8;10008;26;;;10001.0;0.0
bear_normal_s0;35600;INTARIAN_PEPPER_ROOT;12873;5;12870;21;;;12893;20;12897;20;;;12883.0;0.0
bear_normal_s0;35600;ASH_COATED_OSMIUM;10001;19;9997;26;;;10003;13;10007;30;;;10002.0;0.0
bear_normal_s0;35700;INTARIAN_PEPPER_ROOT;12878;17;12876;19;;;12888;14;12891;20;;;12883.0;0.0
bear_normal_s0;35700;ASH_COATED_OSMIUM;9993;14;9989;26;;;10007;6;10011;26;;;10000.0;0.0
bear_normal_s0;35800;INTARIAN_PEPPER_ROOT;12879;8;12877;16;;;12883;9;12886;26;;;12881.0;0.0
bear_normal_s0;35800;ASH_COATED_OSMIUM;9995;10;9991;10;;;9999;11;10003;22;;;9997.0;0.0
bear_normal_s0;35900;INTARIAN_PEPPER_ROOT;12872;18;12870;27;;;12892;14;12894;22;;;12882.0;0.0
bear_normal_s0;35900;ASH_COATED_OSMIUM;9969;5;9966;26;;;10023;13;10027;15;;;9996.0;0.0
bear_normal_s0;36000;INTARIAN_PEPPER_ROOT;12870;17;12866;13;;;12896;16;12900;15;;;12883.0;0.0
bear_normal_s0;36000;ASH_COATED_OSMIUM;9992;12;9990;14;;;9996;8;10000;26;;;9994.0;0.0
bear_normal_s0;36100;INTARIAN_PEPPER_ROOT;12864;11;12860;14;;;12902;5;12904;26;;;12883.0;0.0
bear_normal_s0;36100;ASH_COATED_OSMIUM;9996;5;9993;21;;;9998;16;10002;21;;;9997.0;0.0
bear_normal_s0;36200;INTARIAN_PEPPER_ROOT;12882;17;12880;17;;;12884;14;12886;21;;;12883.0;0.0
bear_normal_s0;36200;ASH_COATED_OSMIUM;9988;18;9985;22;;;9994;17;9998;10;;;9991.0;0.0
bear_normal_s0;36300;INTARIAN_PEPPER_ROOT;12872;8;12870;20;;;12896;17;12900;23;;;12884.0;0.0
bear_normal_s0;36300;ASH_COATED_OSMIUM;9964;20;9961;21;;;10014;21;10017;15;;;9989.0;0.0
bear_normal_s0;36400;INTARIAN_PEPPER_ROOT;12878;14;12874;21;;;12888;24;12892;13;;;12883.0;0.0
bear_normal_s0;36400;ASH_COATED_OSMIUM;9992;9;9989;23;;;10002;17;10004;17;;;9997.0;0.0
bear_normal_s0;36500;INTARIAN_PEPPER_ROOT;12876;19;12873;18;;;12892;8;12894;25;;;12884.0;0.0
bear_normal_s0;36500;ASH_COATED_OSMIUM;9981;11;9977;21;;;10015;18;10019;22;;;9998.0;0.0
bear_normal_s0;36600;INTARIAN_PEPPER_ROOT;12880;19;12876;20;;;12884;10;12887;21;;;12882.0;0.0
bear_normal_s0;36600;ASH_COATED_OSMIUM;9988;11;9985;25;;;10000;26;10004;24;;;9994.0;0.0
bear_normal_s0;36700;INTARIAN_PEPPER_ROOT;12880;9;12878;18;;;12884;5;12888;18;;;12882.0;0.0
bear_normal_s0;36700;ASH_COATED_OSMIUM;9988;12;9986;18;;;10000;14;10003;14;;;9994.0;0.0
bear_normal_s0;36800;INTARIAN_PEPPER_ROOT;12878;6;12875;14;;;12884;7;12886;25;;;12881.0;0.0
bear_normal_s0;36800;ASH_COATED_OSMIUM;9986;13;9984;20;;;10008;12;10012;13;;;9997.0;0.0
bear_normal_s0;36900;INTARIAN_PEPPER_ROOT;12869;5;12866;14;;;12889;19;12892;22;;;12879.0;0.0
bear_normal_s0;36900;ASH_COATED_OSMIUM;9996;7;9994;23;;;10004;6;10007;20;;;10000.0;0.0
bear_normal_s0;37000;INTARIAN_PEPPER_ROOT;12872;16;12869;21;;;12886;20;12889;22;;;12879.0;0.0
bear_normal_s0;37000;ASH_COATED_OSMIUM;9993;17;9990;16;;;10001;5;10005;18;;;9997.0;0.0
bear_normal_s0;37100;INTARIAN_PEPPER_ROOT;12865;6;12861;17;;;12891;13;12894;22;;;12878.0;0.0
bear_normal_s0;37100;ASH_COATED_OSMIUM;9997;17;9994;23;;;10005;16;10007;12;;;10001.0;0.0
bear_normal_s0;37200;INTARIAN_PEPPER_ROOT;12878;16;12874;22;;;12880;22;12882;19;;;12879.0;0.0
bear_normal_s0;37200;ASH_COATED_OSMIUM;9998;10;9996;23;;;10000;10;10004;21;;;9999.0;0.0
bear_normal_s0;37300;INTARIAN_PEPPER_ROOT;12872;6;12869;17;;;12882;12;12886;15;;;12877.0;0.0
bear_normal_s0;37300;ASH_COATED_OSMIUM;9982;18;9978;15;;;10008;12;10011;21;;;9995.0;0.0
bear_normal_s0;37400;INTARIAN_PEPPER_ROOT;12876;19;12872;18;;;12880;14;12884;18;;;12878.0;0.0
bear_normal_s0;37400;ASH_COATED_OSMIUM;9988;10;9985;24;;;10006;15;10008;19;;;9997.0;0.0
bear_normal_s0;37500;INTARIAN_PEPPER_ROOT;12862;18;12858;18;;;12894;13;12898;24;;;12878.0;0.0
bear_normal_s0;37500;ASH_COATED_OSMIUM;9993;12;9991;20;;;10003;23;10005;18;;;9998.0;0.0
bear_normal_s0;37600;INTARIAN_PEPPER_ROOT;12867;22;12864;21;;;12891;18;12894;29;;;12879.0;0.0
bear_normal_s0;37600;ASH_COATED_OSMIUM;9987;14;9985;16;;;10009;6;10011;20;;;9998.0;0.0
bear_normal_s0;37700;INTARIAN_PEPPER_ROOT;12864;18;12862;17;;;12888;11;12892;21;;;12876.0;0.0
bear_normal_s0;37700;ASH_COATED_OSMIUM;9993;11;9989;28;;;10001;13;10005;10;;;9997.0;0.0
bear_normal_s0;37800;INTARIAN_PEPPER_ROOT;12875;10;12872;17;;;12877;12;12880;21;;;12876.0;0.0
bear_normal_s0;37800;ASH_COATED_OSMIUM;9983;12;9979;19;;;10013;17;10015;21;;;9998.0;0.0
bear_normal_s0;37900;INTARIAN_PEPPER_ROOT;12868;9;12865;18;;;12884;9;12886;21;;;12876.0;0.0
bear_normal_s0;37900;ASH_COATED_OSMIUM;9979;17;9975;12;;;10017;23;10021;23;;;9998.0;0.0
bear_normal_s0;38000;INTARIAN_PEPPER_ROOT;12870;5;12868;21;;;12878;15;12882;18;;;12874.0;0.0
bear_normal_s0;38000;ASH_COATED_OSMIUM;9989;15;9985;25;;;10001;16;10004;30;;;9995.0;0.0
bear_normal_s0;38100;INTARIAN_PEPPER_ROOT;12873;9;12871;11;;;12875;12;12878;32;;;12874.0;0.0
bear_normal_s0;38100;ASH_COATED_OSMIUM;9993;13;9990;13;;;9995;15;9997;24;;;9994.0;0.0
bear_normal_s0;38200;INTARIAN_PEPPER_ROOT;12869;18;12866;20;;;12871;11;12875;17;;;12870.0;0.0
bear_normal_s0;38200;ASH_COATED_OSMIUM;9987;9;9983;23;;;9995;18;9999;26;;;9991.0;0.0
bear_normal_s0;38300;INTARIAN_PEPPER_ROOT;12865;18;12861;19;;;12871;21;12873;18;;;12868.0;0.0
bear_normal_s0;38300;ASH_COATED_OSMIUM;9995;15;9991;24;;;9999;22;10001;16;;;9997.0;0.0
bear_normal_s0;38400;INTARIAN_PEPPER_ROOT;12862;19;12859;18;;;12874;17;12876;10;;;12868.0;0.0
bear_normal_s0;38400;ASH_COATED_OSMIUM;9992;12;9990;16;;;9998;23;10001;8;;;9995.0;0.0
bear_normal_s0;38500;INTARIAN_PEPPER_ROOT;12862;11;12860;22;;;12868;20;12871;11;;;12865.0;0.0
bear_normal_s0;38500;ASH_COATED_OSMIUM;9986;21;9982;18;;;10008;13;10011;11;;;9997.0;0.0
bear_normal_s0;38600;INTARIAN_PEPPER_ROOT;12860;15;12858;26;;;12866;8;12868;19;;;12863.0;0.0
bear_normal_s0;38600;ASH_COATED_OSMIUM;9976;13;9973;16;;;10026;9;10030;14;;;10001.0;0.0
bear_normal_s0;38700;INTARIAN_PEPPER_ROOT;12855;20;12853;29;;;12867;12;12871;22;;;12861.0;0.0
bear_normal_s0;38700;ASH_COATED_OSMIUM;9997;7;9993;15;;;9999;12;10001;19;;;9998.0;0.0
bear_normal_s0;38800;INTARIAN_PEPPER_ROOT;12857;19;12854;27;;;12869;22;12872;11;;;12863.0;0.0
bear_normal_s0;38800;ASH_COATED_OSMIUM;9987;10;9984;16;;;10009;15;10012;19;;;9998.0;0.0
bear_normal_s0;38900;INTARIAN_PEPPER_ROOT;12852;24;12848;14;;;12874;17;12877;16;;;12863.0;0.0
bear_normal_s0;38900;ASH_COATED_OSMIUM;9989;5;9986;23;;;10003;12;10005;23;;;9996.0;0.0
bear_normal_s0;39000;INTARIAN_PEPPER_ROOT;12862;21;12858;10;;;12864;20;12867;20;;;12863.0;0.0
bear_normal_s0;39000;ASH_COATED_OSMIUM;9990;9;9987;29;;;10000;12;10002;15;;;9995.0;0.0
bear_normal_s0;39100;INTARIAN_PEPPER_ROOT;12856;20;12854;8;;;12870;14;12873;23;;;12863.0;0.0
bear_normal_s0;39100;ASH_COATED_OSMIUM;9993;13;9990;22;;;9995;12;9999;17;;;9994.0;0.0
bear_normal_s0;39200;INTARIAN_PEPPER_ROOT;12859;16;12855;17;;;12865;12;12869;13;;;12862.0;0.0
bear_normal_s0;39200;ASH_COATED_OSMIUM;9995;12;9993;15;;;9999;8;10003;25;;;9997.0;0.0
bear_normal_s0;39300;INTARIAN_PEPPER_ROOT;12856;23;12853;16;;;12862;9;12866;16;;;12859.0;0.0
bear_normal_s0;39300;ASH_COATED_OSMIUM;9994;16;9991;25;;;9996;14;9999;16;;;9995.0;0.0
bear_normal_s0;39400;INTARIAN_PEPPER_ROOT;12858;26;12855;20;;;12860;18;12862;15;;;12859.0;0.0
bear_normal_s0;39400;ASH_COATED_OSMIUM;9984;15;9982;19;;;10006;9;10008;28;;;9995.0;0.0
bear_normal_s0;39500;INTARIAN_PEPPER_ROOT;12856;16;12852;23;;;12858;10;12861;22;;;12857.0;0.0
bear_normal_s0;39500;ASH_COATED_OSMIUM;9993;10;9989;19;;;10009;5;10012;24;;;10001.0;0.0
bear_normal_s0;39600;INTARIAN_PEPPER_ROOT;12853;14;12851;24;;;12865;17;12868;18;;;12859.0;0.0
bear_normal_s0;39600;ASH_COATED_OSMIUM;9996;11;9994;33;;;10000;16;10003;25;;;9998.0;0.0
bear_normal_s0;39700;INTARIAN_PEPPER_ROOT;12838;9;12835;14;;;12880;10;12884;23;;;12859.0;0.0
bear_normal_s0;39700;ASH_COATED_OSMIUM;10001;12;9999;15;;;10003;20;10007;18;;;10002.0;0.0
bear_normal_s0;39800;INTARIAN_PEPPER_ROOT;12856;19;12854;16;;;12868;9;12872;18;;;12862.0;0.0
bear_normal_s0;39800;ASH_COATED_OSMIUM;9972;17;9968;22;;;10032;11;10034;21;;;10002.0;0.0
bear_normal_s0;39900;INTARIAN_PEPPER_ROOT;12855;23;12853;16;;;12869;16;12871;13;;;12862.0;0.0
bear_normal_s0;39900;ASH_COATED_OSMIUM;10001;17;9997;19;;;10007;8;10010;11;;;10004.0;0.0
bear_normal_s0;40000;INTARIAN_PEPPER_ROOT;12860;19;12858;17;;;12864;13;12866;34;;;12862.0;0.0
bear_normal_s0;40000;ASH_COATED_OSMIUM;9995;13;9992;23;;;10009;18;10013;16;;;10002.0;0.0
bear_normal_s0;40100;INTARIAN_PEPPER_ROOT;12855;16;12852;23;;;12863;20;12866;26;;;12859.0;0.0
bear_normal_s0;40100;ASH_COATED_OSMIUM;9997;14;9994;20;;;10011;11;10013;23;;;10004.0;0.0
bear_normal_s0;40200;INTARIAN_PEPPER_ROOT;12859;15;12856;22;;;12861;9;12864;22;;;12860.0;0.0
bear_normal_s0;40200;ASH_COATED_OSMIUM;10004;14;10001;18;;;10006;9;10008;22;;;10005.0;0.0
bear_normal_s0;40300;INTARIAN_PEPPER_ROOT;12835;12;12831;17;;;12887;5;12891;23;;;12861.0;0.0
bear_normal_s0;40300;ASH_COATED_OSMIUM;9995;12;9993;20;;;10013;7;10015;14;;;10004.0;0.0
bear_normal_s0;40400;INTARIAN_PEPPER_ROOT;12853;9;12850;16;;;12861;12;12865;12;;;12857.0;0.0
bear_normal_s0;40400;ASH_COATED_OSMIUM;9995;10;9991;19;;;10009;12;10013;12;;;10002.0;0.0
bear_normal_s0;40500;INTARIAN_PEPPER_ROOT;12848;14;12844;27;;;12868;14;12870;17;;;12858.0;0.0
bear_normal_s0;40500;ASH_COATED_OSMIUM;9992;5;9990;14;;;10004;5;10008;16;;;9998.0;0.0
bear_normal_s0;40600;INTARIAN_PEPPER_ROOT;12838;20;12835;25;;;12878;16;12881;17;;;12858.0;0.0
bear_normal_s0;40600;ASH_COATED_OSMIUM;9983;14;9979;24;;;10011;13;10014;9;;;9997.0;0.0
bear_normal_s0;40700;INTARIAN_PEPPER_ROOT;12853;6;12851;16;;;12865;9;12868;16;;;12859.0;0.0
bear_normal_s0;40700;ASH_COATED_OSMIUM;9993;9;9990;13;;;9999;15;10001;13;;;9996.0;0.0
bear_normal_s0;40800;INTARIAN_PEPPER_ROOT;12849;10;12847;25;;;12867;5;12871;16;;;12858.0;0.0
bear_normal_s0;40800;ASH_COATED_OSMIUM;9986;20;9982;23;;;10004;20;10006;28;;;9995.0;0.0
bear_normal_s0;40900;INTARIAN_PEPPER_ROOT;12853;23;12851;19;;;12861;6;12865;17;;;12857.0;0.0
bear_normal_s0;40900;ASH_COATED_OSMIUM;9983;9;9980;17;;;10003;9;10007;19;;;9993.0;0.0
bear_normal_s0;41000;INTARIAN_PEPPER_ROOT;12839;20;12835;26;;;12869;13;12872;18;;;12854.0;0.0
bear_normal_s0;41000;ASH_COATED_OSMIUM;9992;6;9988;13;;;9996;17;9999;19;;;9994.0;0.0
bear_normal_s0;41100;INTARIAN_PEPPER_ROOT;12849;10;12845;22;;;12861;11;12863;20;;;12855.0;0.0
bear_normal_s0;41100;ASH_COATED_OSMIUM;9976;11;9974;19;;;10010;16;10014;23;;;9993.0;0.0
bear_normal_s0;41200;INTARIAN_PEPPER_ROOT;12850;16;12847;22;;;12858;16;12860;26;;;12854.0;0.0
bear_normal_s0;41200;ASH_COATED_OSMIUM;9976;9;9972;19;;;10012;17;10014;28;;;9994.0;0.0
bear_normal_s0;41300;INTARIAN_PEPPER_ROOT;12846;10;12843;24;;;12862;22;12866;20;;;12854.0;0.0
bear_normal_s0;41300;ASH_COATED_OSMIUM;9992;13;9989;24;;;10004;13;10007;13;;;9998.0;0.0
bear_normal_s0;41400;INTARIAN_PEPPER_ROOT;12848;15;12846;25;;;12862;20;12864;20;;;12855.0;0.0
bear_normal_s0;41400;ASH_COATED_OSMIUM;9992;9;9990;19;;;10004;10;10008;19;;;9998.0;0.0
bear_normal_s0;41500;INTARIAN_PEPPER_ROOT;12852;6;12849;18;;;12860;5;12864;21;;;12856.0;0.0
bear_normal_s0;41500;ASH_COATED_OSMIUM;9996;9;9993;26;;;9998;12;10001;20;;;9997.0;0.0
bear_normal_s0;41600;INTARIAN_PEPPER_ROOT;12856;15;12853;15;;;12858;14;12860;21;;;12857.0;0.0
bear_normal_s0;41600;ASH_COATED_OSMIUM;9982;8;9980;14;;;10014;16;10016;13;;;9998.0;0.0
bear_normal_s0;41700;INTARIAN_PEPPER_ROOT;12849;6;12847;21;;;12865;12;12867;24;;;12857.0;0.0
bear_normal_s0;41700;ASH_COATED_OSMIUM;9993;5;9990;26;;;10011;17;10015;19;;;10002.0;0.0
bear_normal_s0;41800;INTARIAN_PEPPER_ROOT;12848;10;12844;21;;;12870;24;12873;18;;;12859.0;0.0
bear_normal_s0;41800;ASH_COATED_OSMIUM;10003;13;10001;11;;;10005;8;10009;18;;;10004.0;0.0
bear_normal_s0;41900;INTARIAN_PEPPER_ROOT;12860;11;12856;13;;;12862;20;12864;26;;;12861.0;0.0
bear_normal_s0;41900;ASH_COATED_OSMIUM;9986;11;9983;24;;;10026;13;10029;18;;;10006.0;0.0
bear_normal_s0;42000;INTARIAN_PEPPER_ROOT;12854;16;12852;14;;;12870;17;12872;8;;;12862.0;0.0
bear_normal_s0;42000;ASH_COATED_OSMIUM;10001;5;9999;26;;;10003;8;10005;12;;;10002.0;0.0
bear_normal_s0;42100;INTARIAN_PEPPER_ROOT;12862;12;12859;14;;;12864;21;12868;17;;;12863.0;0.0
bear_normal_s0;42100;ASH_COATED_OSMIUM;9996;19;9993;15;;;10000;11;10003;26;;;9998.0;0.0
bear_normal_s0;42200;INTARIAN_PEPPER_ROOT;12854;11;12852;20;;;12864;17;12868;16;;;12859.0;0.0
bear_normal_s0;42200;ASH_COATED_OSMIUM;9992;5;9990;19;;;9996;12;9998;9;;;9994.0;0.0
bear_normal_s0;42300;INTARIAN_PEPPER_ROOT;12858;17;12856;16;;;12860;6;12863;18;;;12859.0;0.0
bear_normal_s0;42300;ASH_COATED_OSMIUM;9992;11;9988;12;;;10004;14;10008;17;;;9998.0;0.0
bear_normal_s0;42400;INTARIAN_PEPPER_ROOT;12846;26;12842;14;;;12870;16;12872;19;;;12858.0;0.0
bear_normal_s0;42400;ASH_COATED_OSMIUM;9993;13;9990;28;;;9995;13;9997;23;;;9994.0;0.0
bear_normal_s0;42500;INTARIAN_PEPPER_ROOT;12857;15;12854;15;;;12859;19;12863;29;;;12858.0;0.0
bear_normal_s0;42500;ASH_COATED_OSMIUM;9996;8;9994;19;;;9998;20;10000;15;;;9997.0;0.0
bear_normal_s0;42600;INTARIAN_PEPPER_ROOT;12854;8;12850;19;;;12866;13;12870;14;;;12860.0;0.0
bear_normal_s0;42600;ASH_COATED_OSMIUM;9996;13;9993;21;;;9998;10;10000;19;;;9997.0;0.0
bear_normal_s0;42700;INTARIAN_PEPPER_ROOT;12847;17;12844;22;;;12863;19;12867;23;;;12855.0;0.0
bear_normal_s0;42700;ASH_COATED_OSMIUM;9998;8;9994;18;;;10000;10;10004;21;;;9999.0;0.0
bear_normal_s0;42800;INTARIAN_PEPPER_ROOT;12848;15;12845;18;;;12860;18;12863;18;;;12854.0;0.0
bear_normal_s0;42800;ASH_COATED_OSMIUM;10001;8;9997;20;;;10003;16;10006;22;;;10002.0;0.0
bear_normal_s0;42900;INTARIAN_PEPPER_ROOT;12853;13;12849;18;;;12855;18;12858;20;;;12854.0;0.0
bear_normal_s0;42900;ASH_COATED_OSMIUM;10003;20;10001;19;;;10007;13;10011;14;;;10005.0;0.0
bear_normal_s0;43000;INTARIAN_PEPPER_ROOT;12851;15;12849;14;;;12853;11;12857;19;;;12852.0;0.0
bear_normal_s0;43000;ASH_COATED_OSMIUM;10006;5;10002;17;;;10016;13;10018;27;;;10011.0;0.0
bear_normal_s0;43100;INTARIAN_PEPPER_ROOT;12849;11;12845;18;;;12853;18;12856;20;;;12851.0;0.0
bear_normal_s0;43100;ASH_COATED_OSMIUM;9994;14;9991;18;;;10022;17;10026;18;;;10008.0;0.0
bear_normal_s0;43200;INTARIAN_PEPPER_ROOT;12851;5;12847;17;;;12853;7;12857;19;;;12852.0;0.0
bear_normal_s0;43200;ASH_COATED_OSMIUM;10012;12;10010;18;;;10014;15;10016;20;;;10013.0;0.0
bear_normal_s0;43300;INTARIAN_PEPPER_ROOT;12848;6;12844;26;;;12854;13;12858;16;;;12851.0;0.0
bear_normal_s0;43300;ASH_COATED_OSMIUM;9991;14;9987;15;;;10033;21;10037;24;;;10012.0;0.0
bear_normal_s0;43400;INTARIAN_PEPPER_ROOT;12837;12;12835;17;;;12863;20;12865;22;;;12850.0;0.0
bear_normal_s0;43400;ASH_COATED_OSMIUM;10009;9;10005;12;;;10011;16;10013;19;;;10010.0;0.0
bear_normal_s0;43500;INTARIAN_PEPPER_ROOT;12845;21;12843;22;;;12855;6;12858;22;;;12850.0;0.0
bear_normal_s0;43500;ASH_COATED_OSMIUM;10002;17;10000;18;;;10018;21;10022;12;;;10010.0;0.0
bear_normal_s0;43600;INTARIAN_PEPPER_ROOT;12850;16;12847;19;;;12852;21;12855;23;;;12851.0;0.0
bear_normal_s0;43600;ASH_COATED_OSMIUM;10004;7;10001;24;;;10008;25;10010;17;;;10006.0;0.0
bear_normal_s0;43700;INTARIAN_PEPPER_ROOT;12849;20;12845;15;;;12851;14;12854;8;;;12850.0;0.0
bear_normal_s0;43700;ASH_COATED_OSMIUM;10006;16;10004;17;;;10008;13;10012;8;;;10007.0;0.0
bear_normal_s0;43800;INTARIAN_PEPPER_ROOT;12850;19;12846;12;;;12854;16;12856;27;;;12852.0;0.0
bear_normal_s0;43800;ASH_COATED_OSMIUM;9993;10;9991;21;;;10017;16;10019;14;;;10005.0;0.0
bear_normal_s0;43900;INTARIAN_PEPPER_ROOT;12851;12;12848;19;;;12853;14;12857;20;;;12852.0;0.0
bear_normal_s0;43900;ASH_COATED_OSMIUM;9988;13;9985;25;;;10024;10;10028;18;;;10006.0;0.0
bear_normal_s0;44000;INTARIAN_PEPPER_ROOT;12840;18;12837;26;;;12862;17;12864;18;;;12851.0;0.0
bear_normal_s0;44000;ASH_COATED_OSMIUM;10008;9;10004;15;;;10010;9;10013;25;;;10009.0;0.0
bear_normal_s0;44100;INTARIAN_PEPPER_ROOT;12848;12;12846;26;;;12850;12;12852;24;;;12849.0;0.0
bear_normal_s0;44100;ASH_COATED_OSMIUM;9993;22;9989;22;;;10033;10;10037;25;;;10013.0;0.0
bear_normal_s0;44200;INTARIAN_PEPPER_ROOT;12847;23;12843;19;;;12849;15;12851;23;;;12848.0;0.0
bear_normal_s0;44200;ASH_COATED_OSMIUM;10009;8;10005;25;;;10011;13;10015;18;;;10010.0;0.0
bear_normal_s0;44300;INTARIAN_PEPPER_ROOT;12844;12;12842;21;;;12852;10;12856;19;;;12848.0;0.0
bear_normal_s0;44300;ASH_COATED_OSMIUM;9991;15;9988;15;;;10027;15;10031;22;;;10009.0;0.0
bear_normal_s0;44400;INTARIAN_PEPPER_ROOT;12846;21;12844;24;;;12852;5;12856;20;;;12849.0;0.0
bear_normal_s0;44400;ASH_COATED_OSMIUM;10010;9;10007;22;;;10012;17;10014;22;;;10011.0;0.0
bear_normal_s0;44500;INTARIAN_PEPPER_ROOT;12847;17;12843;17;;;12851;15;12854;9;;;12849.0;0.0
bear_normal_s0;44500;ASH_COATED_OSMIUM;10005;10;10003;18;;;10023;17;10026;25;;;10014.0;0.0
bear_normal_s0;44600;INTARIAN_PEPPER_ROOT;12848;15;12846;15;;;12850;14;12852;13;;;12849.0;0.0
bear_normal_s0;44600;ASH_COATED_OSMIUM;10015;10;10013;14;;;10019;11;10022;18;;;10017.0;0.0
bear_normal_s0;44700;INTARIAN_PEPPER_ROOT;12846;11;12842;15;;;12850;14;12852;12;;;12848.0;0.0
bear_normal_s0;44700;ASH_COATED_OSMIUM;10008;17;10004;29;;;10020;12;10022;23;;;10014.0;0.0
bear_normal_s0;44800;INTARIAN_PEPPER_ROOT;12842;13;12839;13;;;12850;11;12852;20;;;12846.0;0.0
bear_normal_s0;44800;ASH_COATED_OSMIUM;10011;19;10008;25;;;10017;9;10019;20;;;10014.0;0.0
bear_normal_s0;44900;INTARIAN_PEPPER_ROOT;12842;18;12839;27;;;12848;8;12852;19;;;12845.0;0.0
bear_normal_s0;44900;ASH_COATED_OSMIUM;10004;11;10002;19;;;10008;11;10012;22;;;10006.0;0.0
bear_normal_s0;45000;INTARIAN_PEPPER_ROOT;12841;22;12839;15;;;12845;5;12849;22;;;12843.0;0.0
bear_normal_s0;45000;ASH_COATED_OSMIUM;10003;13;9999;29;;;10005;6;10009;16;;;10004.0;0.0
bear_normal_s0;45100;INTARIAN_PEPPER_ROOT;12842;18;12838;13;;;12846;19;12848;19;;;12844.0;0.0
bear_normal_s0;45100;ASH_COATED_OSMIUM;10000;14;9998;28;;;10002;16;10006;8;;;10001.0;0.0
bear_normal_s0;45200;INTARIAN_PEPPER_ROOT;12822;5;12820;20;;;12868;20;12870;16;;;12845.0;0.0
bear_normal_s0;45200;ASH_COATED_OSMIUM;9983;20;9981;29;;;10023;5;10025;23;;;10003.0;0.0
bear_normal_s0;45300;INTARIAN_PEPPER_ROOT;12844;9;12841;28;;;12846;8;12850;28;;;12845.0;0.0
bear_normal_s0;45300;ASH_COATED_OSMIUM;9975;17;9971;22;;;10019;8;10022;17;;;9997.0;0.0
bear_normal_s0;45400;INTARIAN_PEPPER_ROOT;12841;18;12837;23;;;12849;14;12853;18;;;12845.0;0.0
bear_normal_s0;45400;ASH_COATED_OSMIUM;9974;13;9970;17;;;10018;18;10021;24;;;9996.0;0.0
bear_normal_s0;45500;INTARIAN_PEPPER_ROOT;12843;13;12841;16;;;12853;9;12857;24;;;12848.0;0.0
bear_normal_s0;45500;ASH_COATED_OSMIUM;9970;13;9967;15;;;10020;5;10023;22;;;9995.0;0.0
bear_normal_s0;45600;INTARIAN_PEPPER_ROOT;12829;19;12825;16;;;12865;13;12868;28;;;12847.0;0.0
bear_normal_s0;45600;ASH_COATED_OSMIUM;9990;14;9987;17;;;10002;16;10004;19;;;9996.0;0.0
bear_normal_s0;45700;INTARIAN_PEPPER_ROOT;12836;7;12834;16;;;12852;16;12856;20;;;12844.0;0.0
bear_normal_s0;45700;ASH_COATED_OSMIUM;9993;11;9991;18;;;10003;9;10006;22;;;9998.0;0.0
bear_normal_s0;45800;INTARIAN_PEPPER_ROOT;12839;10;12836;18;;;12847;24;12850;28;;;12843.0;0.0
bear_normal_s0;45800;ASH_COATED_OSMIUM;9981;6;9979;22;;;10009;14;10012;19;;;9995.0;0.0
bear_normal_s0;45900;INTARIAN_PEPPER_ROOT;12839;7;12836;28;;;12845;18;12848;23;;;12842.0;0.0
bear_normal_s0;45900;ASH_COATED_OSMIUM;9997;19;9994;25;;;10001;15;10004;30;;;9999.0;0.0
bear_normal_s0;46000;INTARIAN_PEPPER_ROOT;12839;20;12835;21;;;12845;16;12847;14;;;12842.0;0.0
bear_normal_s0;46000;ASH_COATED_OSMIUM;10000;12;9997;8;;;10004;11;10006;27;;;10002.0;0.0
bear_normal_s0;46100;INTARIAN_PEPPER_ROOT;12833;17;12829;17;;;12847;14;12850;18;;;12840.0;0.0
bear_normal_s0;46100;ASH_COATED_OSMIUM;10001;15;9998;22;;;10007;11;10009;25;;;10004.0;0.0
bear_normal_s0;46200;INTARIAN_PEPPER_ROOT;12838;16;12836;17;;;12840;11;12842;14;;;12839.0;0.0
bear_normal_s0;46200;ASH_COATED_OSMIUM;10002;17;9998;27;;;10006;11;10008;13;;;10004.0;0.0
bear_normal_s0;46300;INTARIAN_PEPPER_ROOT;12833;27;12829;15;;;12847;17;12850;21;;;12840.0;0.0
bear_normal_s0;46300;ASH_COATED_OSMIUM;10000;15;9997;18;;;10004;8;10008;22;;;10002.0;0.0
bear_normal_s0;46400;INTARIAN_PEPPER_ROOT;12831;14;12828;28;;;12845;20;12849;26;;;12838.0;0.0
bear_normal_s0;46400;ASH_COATED_OSMIUM;9978;9;9974;19;;;10014;9;10017;18;;;9996.0;0.0
bear_normal_s0;46500;INTARIAN_PEPPER_ROOT;12838;9;12835;19;;;12844;13;12847;21;;;12841.0;0.0
bear_normal_s0;46500;ASH_COATED_OSMIUM;9996;16;9994;30;;;9998;11;10000;21;;;9997.0;0.0
bear_normal_s0;46600;INTARIAN_PEPPER_ROOT;12839;14;12836;17;;;12841;8;12843;26;;;12840.0;0.0
bear_normal_s0;46600;ASH_COATED_OSMIUM;10002;14;9999;17;;;10006;5;10009;33;;;10004.0;0.0
bear_normal_s0;46700;INTARIAN_PEPPER_ROOT;12819;16;12816;16;;;12857;9;12859;20;;;12838.0;0.0
bear_normal_s0;46700;ASH_COATED_OSMIUM;9994;16;9992;22;;;10018;16;10020;26;;;10006.0;0.0
bear_normal_s0;46800;INTARIAN_PEPPER_ROOT;12826;9;12822;12;;;12842;17;12845;23;;;12834.0;0.0
bear_normal_s0;46800;ASH_COATED_OSMIUM;9999;9;9995;16;;;10013;22;10017;21;;;10006.0;0.0
bear_normal_s0;46900;INTARIAN_PEPPER_ROOT;12833;16;12831;23;;;12835;16;12839;28;;;12834.0;0.0
bear_normal_s0;46900;ASH_COATED_OSMIUM;10004;11;10002;19;;;10008;13;10010;16;;;10006.0;0.0
bear_normal_s0;47000;INTARIAN_PEPPER_ROOT;12828;15;12824;24;;;12834;12;12838;23;;;12831.0;0.0
bear_normal_s0;47000;ASH_COATED_OSMIUM;10004;15;10001;27;;;10014;23;10018;24;;;10009.0;0.0
bear_normal_s0;47100;INTARIAN_PEPPER_ROOT;12829;8;12827;14;;;12831;13;12834;26;;;12830.0;0.0
bear_normal_s0;47100;ASH_COATED_OSMIUM;10011;12;10008;21;;;10013;7;10017;23;;;10012.0;0.0
bear_normal_s0;47200;INTARIAN_PEPPER_ROOT;12804;14;12800;15;;;12854;18;12857;30;;;12829.0;0.0
bear_normal_s0;47200;ASH_COATED_OSMIUM;9989;7;9986;19;;;10029;16;10032;19;;;10009.0;0.0
bear_normal_s0;47300;INTARIAN_PEPPER_ROOT;12823;20;12820;28;;;12833;5;12836;27;;;12828.0;0.0
bear_normal_s0;47300;ASH_COATED_OSMIUM;10003;9;10001;14;;;10011;13;10015;28;;;10007.0;0.0
bear_normal_s0;47400;INTARIAN_PEPPER_ROOT;12830;16;12828;26;;;12832;5;12835;22;;;12831.0;0.0
bear_normal_s0;47400;ASH_COATED_OSMIUM;10003;13;10001;26;;;10015;12;10019;23;;;10009.0;0.0
bear_normal_s0;47500;INTARIAN_PEPPER_ROOT;12827;6;12824;21;;;12835;6;12838;20;;;12831.0;0.0
bear_normal_s0;47500;ASH_COATED_OSMIUM;10002;18;9998;15;;;10016;5;10018;16;;;10009.0;0.0
bear_normal_s0;47600;INTARIAN_PEPPER_ROOT;12824;18;12820;11;;;12842;9;12846;18;;;12833.0;0.0
bear_normal_s0;47600;ASH_COATED_OSMIUM;10004;29;10001;23;;;10018;5;10021;23;;;10011.0;0.0
bear_normal_s0;47700;INTARIAN_PEPPER_ROOT;12830;11;12827;14;;;12832;11;12836;17;;;12831.0;0.0
bear_normal_s0;47700;ASH_COATED_OSMIUM;10011;20;10008;25;;;10013;25;10016;17;;;10012.0;0.0
bear_normal_s0;47800;INTARIAN_PEPPER_ROOT;12830;17;12828;25;;;12836;12;12840;11;;;12833.0;0.0
bear_normal_s0;47800;ASH_COATED_OSMIUM;9988;17;9985;21;;;10026;5;10028;22;;;10007.0;0.0
bear_normal_s0;47900;INTARIAN_PEPPER_ROOT;12833;12;12829;24;;;12835;25;12837;16;;;12834.0;0.0
bear_normal_s0;47900;ASH_COATED_OSMIUM;10004;18;10000;20;;;10008;8;10012;21;;;10006.0;0.0
bear_normal_s0;48000;INTARIAN_PEPPER_ROOT;12833;14;12831;23;;;12835;13;12839;21;;;12834.0;0.0
bear_normal_s0;48000;ASH_COATED_OSMIUM;10006;19;10003;26;;;10008;12;10011;14;;;10007.0;0.0
bear_normal_s0;48100;INTARIAN_PEPPER_ROOT;12828;23;12824;23;;;12844;9;12847;16;;;12836.0;0.0
bear_normal_s0;48100;ASH_COATED_OSMIUM;10007;14;10004;20;;;10009;15;10011;16;;;10008.0;0.0
bear_normal_s0;48200;INTARIAN_PEPPER_ROOT;12833;14;12830;13;;;12835;10;12838;16;;;12834.0;0.0
bear_normal_s0;48200;ASH_COATED_OSMIUM;10006;18;10002;17;;;10010;12;10013;17;;;10008.0;0.0
bear_normal_s0;48300;INTARIAN_PEPPER_ROOT;12825;9;12821;12;;;12839;11;12843;19;;;12832.0;0.0
bear_normal_s0;48300;ASH_COATED_OSMIUM;10001;8;9997;18;;;10019;9;10023;19;;;10010.0;0.0
bear_normal_s0;48400;INTARIAN_PEPPER_ROOT;12821;6;12818;24;;;12847;15;12849;22;;;12834.0;0.0
bear_normal_s0;48400;ASH_COATED_OSMIUM;9992;8;9990;21;;;10032;9;10036;21;;;10012.0;0.0
bear_normal_s0;48500;INTARIAN_PEPPER_ROOT;12821;5;12818;17;;;12837;5;12839;20;;;12829.0;0.0
bear_normal_s0;48500;ASH_COATED_OSMIUM;10009;14;10007;28;;;10011;16;10013;14;;;10010.0;0.0
bear_normal_s0;48600;INTARIAN_PEPPER_ROOT;12829;16;12826;19;;;12835;22;12837;28;;;12832.0;0.0
bear_normal_s0;48600;ASH_COATED_OSMIUM;10008;16;10004;26;;;10016;20;10020;17;;;10012.0;0.0
bear_normal_s0;48700;INTARIAN_PEPPER_ROOT;12820;5;12817;13;;;12844;9;12847;19;;;12832.0;0.0
bear_normal_s0;48700;ASH_COATED_OSMIUM;10008;23;10004;15;;;10012;18;10014;27;;;10010.0;0.0
bear_normal_s0;48800;INTARIAN_PEPPER_ROOT;12816;21;12814;21;;;12848;13;12852;20;;;12832.0;0.0
bear_normal_s0;48800;ASH_COATED_OSMIUM;10007;5;10005;23;;;10011;11;10013;17;;;10009.0;0.0
bear_normal_s0;48900;INTARIAN_PEPPER_ROOT;12826;16;12822;19;;;12836;16;12838;16;;;12831.0;0.0
bear_normal_s0;48900;ASH_COATED_OSMIUM;9991;13;9988;30;;;10029;16;10031;16;;;10010.0;0.0
bear_normal_s0;49000;INTARIAN_PEPPER_ROOT;12827;16;12825;25;;;12831;15;12833;27;;;12829.0;0.0
bear_normal_s0;49000;ASH_COATED_OSMIUM;9995;11;9992;12;;;10023;15;10026;14;;;10009.0;0.0
bear_normal_s0;49100;INTARIAN_PEPPER_ROOT;12820;20;12817;12;;;12838;16;12841;18;;;12829.0;0.0
bear_normal_s0;49100;ASH_COATED_OSMIUM;9998;12;9995;29;;;10024;18;10026;24;;;10011.0;0.0
bear_normal_s0;49200;INTARIAN_PEPPER_ROOT;12827;10;12825;20;;;12833;15;12836;18;;;12830.0;0.0
bear_normal_s0;49200;ASH_COATED_OSMIUM;10011;5;10008;20;;;10013;14;10016;19;;;10012.0;0.0
bear_normal_s0;49300;INTARIAN_PEPPER_ROOT;12831;11;12829;19;;;12833;15;12835;26;;;12832.0;0.0
bear_normal_s0;49300;ASH_COATED_OSMIUM;10003;10;10000;25;;;10021;8;10023;19;;;10012.0;0.0
bear_normal_s0;49400;INTARIAN_PEPPER_ROOT;12834;17;12830;14;;;12838;15;12842;22;;;12836.0;0.0
bear_normal_s0;49400;ASH_COATED_OSMIUM;10011;14;10007;18;;;10017;7;10020;26;;;10014.0;0.0
bear_normal_s0;49500;INTARIAN_PEPPER_ROOT;12834;22;12830;21;;;12836;14;12840;9;;;12835.0;0.0
bear_normal_s0;49500;ASH_COATED_OSMIUM;10001;13;9998;25;;;10021;20;10025;24;;;10011.0;0.0
bear_normal_s0;49600;INTARIAN_PEPPER_ROOT;12828;16;12826;16;;;12840;14;12844;27;;;12834.0;0.0
bear_normal_s0;49600;ASH_COATED_OSMIUM;9990;16;9987;30;;;10038;14;10042;25;;;10014.0;0.0
bear_normal_s0;49700;INTARIAN_PEPPER_ROOT;12822;22;12820;23;;;12844;12;12846;22;;;12833.0;0.0
bear_normal_s0;49700;ASH_COATED_OSMIUM;10002;8;10000;22;;;10032;12;10036;18;;;10017.0;0.0
bear_normal_s0;49800;INTARIAN_PEPPER_ROOT;12813;19;12809;23;;;12849;22;12852;25;;;12831.0;0.0
bear_normal_s0;49800;ASH_COATED_OSMIUM;10014;15;10011;23;;;10016;12;10019;22;;;10015.0;0.0
bear_normal_s0;49900;INTARIAN_PEPPER_ROOT;12830;5;12827;17;;;12832;12;12834;18;;;12831.0;0.0
bear_normal_s0;49900;ASH_COATED_OSMIUM;10003;10;10000;22;;;10017;15;10021;17;;;10010.0;0.0
bear_normal_s0;50000;INTARIAN_PEPPER_ROOT;12828;10;12825;17;;;12834;14;12837;25;;;12831.0;0.0
bear_normal_s0;50000;ASH_COATED_OSMIUM;10010;8;10006;15;;;10014;8;10016;22;;;10012.0;0.0
bear_normal_s0;50100;INTARIAN_PEPPER_ROOT;12823;10;12819;25;;;12837;15;12839;18;;;12830.0;0.0
bear_normal_s0;50100;ASH_COATED_OSMIUM;10014;11;10012;18;;;10016;5;10018;18;;;10015.0;0.0
bear_normal_s0;50200;INTARIAN_PEPPER_ROOT;12831;16;12829;19;;;12833;19;12836;30;;;12832.0;0.0
bear_normal_s0;50200;ASH_COATED_OSMIUM;10012;9;10009;22;;;10014;11;10018;21;;;10013.0;0.0
bear_normal_s0;50300;INTARIAN_PEPPER_ROOT;12828;23;12825;26;;;12834;16;12838;28;;;12831.0;0.0
bear_normal_s0;50300;ASH_COATED_OSMIUM;10003;8;10000;23;;;10021;9;10023;32;;;10012.0;0.0
bear_normal_s0;50400;INTARIAN_PEPPER_ROOT;12822;20;12818;18;;;12840;5;12843;15;;;12831.0;0.0
bear_normal_s0;50400;ASH_COATED_OSMIUM;9982;18;9980;22;;;10032;5;10035;14;;;10007.0;0.0
bear_normal_s0;50500;INTARIAN_PEPPER_ROOT;12810;8;12807;19;;;12848;18;12850;9;;;12829.0;0.0
bear_normal_s0;50500;ASH_COATED_OSMIUM;9985;8;9983;20;;;10029;12;10033;17;;;10007.0;0.0
bear_normal_s0;50600;INTARIAN_PEPPER_ROOT;12825;14;12821;21;;;12827;28;12831;15;;;12826.0;0.0
bear_normal_s0;50600;ASH_COATED_OSMIUM;10000;14;9997;21;;;10012;15;10016;24;;;10006.0;0.0
bear_normal_s0;50700;INTARIAN_PEPPER_ROOT;12823;10;12820;12;;;12825;5;12827;23;;;12824.0;0.0
bear_normal_s0;50700;ASH_COATED_OSMIUM;9996;19;9992;21;;;10012;17;10015;19;;;10004.0;0.0
bear_normal_s0;50800;INTARIAN_PEPPER_ROOT;12812;13;12808;16;;;12834;22;12838;15;;;12823.0;0.0
bear_normal_s0;50800;ASH_COATED_OSMIUM;9986;5;9983;17;;;10018;19;10021;26;;;10002.0;0.0
bear_normal_s0;50900;INTARIAN_PEPPER_ROOT;12804;15;12800;21;;;12842;15;12844;26;;;12823.0;0.0
bear_normal_s0;50900;ASH_COATED_OSMIUM;9984;18;9981;13;;;10014;10;10018;16;;;9999.0;0.0
bear_normal_s0;51000;INTARIAN_PEPPER_ROOT;12824;14;12821;18;;;12826;11;12829;29;;;12825.0;0.0
bear_normal_s0;51000;ASH_COATED_OSMIUM;10002;7;9998;13;;;10004;9;10006;28;;;10003.0;0.0
bear_normal_s0;51100;INTARIAN_PEPPER_ROOT;12823;19;12819;15;;;12829;10;12831;23;;;12826.0;0.0
bear_normal_s0;51100;ASH_COATED_OSMIUM;9990;21;9988;18;;;10006;15;10009;22;;;9998.0;0.0
bear_normal_s0;51200;INTARIAN_PEPPER_ROOT;12817;14;12814;18;;;12831;17;12835;24;;;12824.0;0.0
bear_normal_s0;51200;ASH_COATED_OSMIUM;9972;12;9970;17;;;10008;24;10011;22;;;9990.0;0.0
bear_normal_s0;51300;INTARIAN_PEPPER_ROOT;12813;12;12810;14;;;12827;15;12830;20;;;12820.0;0.0
bear_normal_s0;51300;ASH_COATED_OSMIUM;9984;10;9981;13;;;9992;16;9996;14;;;9988.0;0.0
bear_normal_s0;51400;INTARIAN_PEPPER_ROOT;12796;20;12793;14;;;12842;16;12844;21;;;12819.0;0.0
bear_normal_s0;51400;ASH_COATED_OSMIUM;9987;16;9985;24;;;9991;15;9993;17;;;9989.0;0.0
bear_normal_s0;51500;INTARIAN_PEPPER_ROOT;12815;18;12812;26;;;12825;11;12827;30;;;12820.0;0.0
bear_normal_s0;51500;ASH_COATED_OSMIUM;9992;10;9990;21;;;9994;13;9998;31;;;9993.0;0.0
bear_normal_s0;51600;INTARIAN_PEPPER_ROOT;12810;15;12808;30;;;12830;21;12834;21;;;12820.0;0.0
bear_normal_s0;51600;ASH_COATED_OSMIUM;9968;16;9964;12;;;10012;5;10014;12;;;9990.0;0.0
bear_normal_s0;51700;INTARIAN_PEPPER_ROOT;12815;16;12812;28;;;12827;16;12830;18;;;12821.0;0.0
bear_normal_s0;51700;ASH_COATED_OSMIUM;9990;15;9987;27;;;10002;8;10006;24;;;9996.0;0.0
bear_normal_s0;51800;INTARIAN_PEPPER_ROOT;12817;14;12813;20;;;12825;17;12828;19;;;12821.0;0.0
bear_normal_s0;51800;ASH_COATED_OSMIUM;9995;16;9993;29;;;10001;20;10003;27;;;9998.0;0.0
bear_normal_s0;51900;INTARIAN_PEPPER_ROOT;12823;10;12820;19;;;12827;14;12830;11;;;12825.0;0.0
bear_normal_s0;51900;ASH_COATED_OSMIUM;9998;13;9994;15;;;10000;5;10002;19;;;9999.0;0.0
bear_normal_s0;52000;INTARIAN_PEPPER_ROOT;12822;14;12820;15;;;12824;15;12826;21;;;12823.0;0.0
bear_normal_s0;52000;ASH_COATED_OSMIUM;9978;18;9975;18;;;10018;10;10021;24;;;9998.0;0.0
bear_normal_s0;52100;INTARIAN_PEPPER_ROOT;12809;17;12807;13;;;12833;26;12836;13;;;12821.0;0.0
bear_normal_s0;52100;ASH_COATED_OSMIUM;9990;9;9987;22;;;10008;19;10010;21;;;9999.0;0.0
bear_normal_s0;52200;INTARIAN_PEPPER_ROOT;12810;12;12808;20;;;12826;13;12828;23;;;12818.0;0.0
bear_normal_s0;52200;ASH_COATED_OSMIUM;9974;19;9972;16;;;10028;5;10032;22;;;10001.0;0.0
bear_normal_s0;52300;INTARIAN_PEPPER_ROOT;12812;17;12810;18;;;12820;17;12823;20;;;12816.0;0.0
bear_normal_s0;52300;ASH_COATED_OSMIUM;9995;10;9993;15;;;10005;10;10007;9;;;10000.0;0.0
bear_normal_s0;52400;INTARIAN_PEPPER_ROOT;12805;12;12801;19;;;12829;19;12833;16;;;12817.0;0.0
bear_normal_s0;52400;ASH_COATED_OSMIUM;9986;20;9984;14;;;10012;15;10015;25;;;9999.0;0.0
bear_normal_s0;52500;INTARIAN_PEPPER_ROOT;12807;15;12805;20;;;12825;14;12827;21;;;12816.0;0.0
bear_normal_s0;52500;ASH_COATED_OSMIUM;9987;20;9985;30;;;10001;14;10003;11;;;9994.0;0.0
bear_normal_s0;52600;INTARIAN_PEPPER_ROOT;12812;13;12808;18;;;12820;16;12822;27;;;12816.0;0.0
bear_normal_s0;52600;ASH_COATED_OSMIUM;9993;14;9989;15;;;9995;13;9998;24;;;9994.0;0.0
bear_normal_s0;52700;INTARIAN_PEPPER_ROOT;12817;5;12815;20;;;12819;6;12822;24;;;12818.0;0.0
bear_normal_s0;52700;ASH_COATED_OSMIUM;9993;18;9991;24;;;10007;11;10010;20;;;10000.0;0.0
bear_normal_s0;52800;INTARIAN_PEPPER_ROOT;12812;17;12810;18;;;12816;20;12820;22;;;12814.0;0.0
bear_normal_s0;52800;ASH_COATED_OSMIUM;10003;8;9999;16;;;10007;10;10010;28;;;10005.0;0.0
bear_normal_s0;52900;INTARIAN_PEPPER_ROOT;12814;16;12811;31;;;12816;18;12820;14;;;12815.0;0.0
bear_normal_s0;52900;ASH_COATED_OSMIUM;10009;9;10005;22;;;10011;6;10014;24;;;10010.0;0.0
bear_normal_s0;53000;INTARIAN_PEPPER_ROOT;12811;16;12809;23;;;12813;12;12815;19;;;12812.0;0.0
bear_normal_s0;53000;ASH_COATED_OSMIUM;10003;11;10001;12;;;10011;12;10013;22;;;10007.0;0.0
bear_normal_s0;53100;INTARIAN_PEPPER_ROOT;12810;12;12807;18;;;12814;15;12817;19;;;12812.0;0.0
bear_normal_s0;53100;ASH_COATED_OSMIUM;9997;13;9994;23;;;10009;10;10012;19;;;10003.0;0.0
bear_normal_s0;53200;INTARIAN_PEPPER_ROOT;12798;16;12795;13;;;12830;11;12833;18;;;12814.0;0.0
bear_normal_s0;53200;ASH_COATED_OSMIUM;9999;13;9996;15;;;10003;5;10005;14;;;10001.0;0.0
bear_normal_s0;53300;INTARIAN_PEPPER_ROOT;12813;14;12811;22;;;12815;10;12819;18;;;12814.0;0.0
bear_normal_s0;53300;ASH_COATED_OSMIUM;9996;12;9994;17;;;10002;18;10005;15;;;9999.0;0.0
bear_normal_s0;53400;INTARIAN_PEPPER_ROOT;12801;21;12797;15;;;12821;22;12823;17;;;12811.0;0.0
bear_normal_s0;53400;ASH_COATED_OSMIUM;9994;16;9992;17;;;10004;17;10006;29;;;9999.0;0.0
bear_normal_s0;53500;INTARIAN_PEPPER_ROOT;12805;15;12802;24;;;12815;21;12817;28;;;12810.0;0.0
bear_normal_s0;53500;ASH_COATED_OSMIUM;9989;25;9985;22;;;10003;9;10006;17;;;9996.0;0.0
bear_normal_s0;53600;INTARIAN_PEPPER_ROOT;12808;14;12806;13;;;12810;21;12812;26;;;12809.0;0.0
bear_normal_s0;53600;ASH_COATED_OSMIUM;9988;5;9986;15;;;9996;15;10000;24;;;9992.0;0.0
bear_normal_s0;53700;INTARIAN_PEPPER_ROOT;12805;11;12803;20;;;12813;20;12816;28;;;12809.0;0.0
bear_normal_s0;53700;ASH_COATED_OSMIUM;9994;12;9991;16;;;10002;14;10004;20;;;9998.0;0.0
bear_normal_s0;53800;INTARIAN_PEPPER_ROOT;12805;15;12803;21;;;12813;10;12816;18;;;12809.0;0.0
bear_normal_s0;53800;ASH_COATED_OSMIUM;9997;20;9993;16;;;9999;5;10001;15;;;9998.0;0.0
bear_normal_s0;53900;INTARIAN_PEPPER_ROOT;12805;10;12801;21;;;12809;15;12811;26;;;12807.0;0.0
bear_normal_s0;53900;ASH_COATED_OSMIUM;9995;8;9992;14;;;10011;19;10014;12;;;10003.0;0.0
bear_normal_s0;54000;INTARIAN_PEPPER_ROOT;12807;21;12805;18;;;12809;20;12812;25;;;12808.0;0.0
bear_normal_s0;54000;ASH_COATED_OSMIUM;9982;10;9980;18;;;10016;14;10019;21;;;9999.0;0.0
bear_normal_s0;54100;INTARIAN_PEPPER_ROOT;12804;19;12802;14;;;12806;7;12808;12;;;12805.0;0.0
bear_normal_s0;54100;ASH_COATED_OSMIUM;9994;7;9991;22;;;10010;7;10012;15;;;10002.0;0.0
bear_normal_s0;54200;INTARIAN_PEPPER_ROOT;12800;10;12796;21;;;12810;12;12812;30;;;12805.0;0.0
bear_normal_s0;54200;ASH_COATED_OSMIUM;9991;7;9987;22;;;10005;21;10007;18;;;9998.0;0.0
bear_normal_s0;54300;INTARIAN_PEPPER_ROOT;12806;20;12804;16;;;12808;10;12810;23;;;12807.0;0.0
bear_normal_s0;54300;ASH_COATED_OSMIUM;9969;7;9967;20;;;10025;17;10029;21;;;9997.0;0.0
bear_normal_s0;54400;INTARIAN_PEPPER_ROOT;12790;9;12786;19;;;12822;12;12824;26;;;12806.0;0.0
bear_normal_s0;54400;ASH_COATED_OSMIUM;9994;20;9990;17;;;9996;15;9999;32;;;9995.0;0.0
bear_normal_s0;54500;INTARIAN_PEPPER_ROOT;12805;7;12801;17;;;12807;19;12809;28;;;12806.0;0.0
bear_normal_s0;54500;ASH_COATED_OSMIUM;9992;11;9988;18;;;9994;14;9998;21;;;9993.0;0.0
bear_normal_s0;54600;INTARIAN_PEPPER_ROOT;12805;15;12801;11;;;12807;5;12811;22;;;12806.0;0.0
bear_normal_s0;54600;ASH_COATED_OSMIUM;9997;18;9995;17;;;9999;11;10003;12;;;9998.0;0.0
bear_normal_s0;54700;INTARIAN_PEPPER_ROOT;12773;12;12769;22;;;12831;12;12834;19;;;12802.0;0.0
bear_normal_s0;54700;ASH_COATED_OSMIUM;9993;16;9991;20;;;9999;11;10003;16;;;9996.0;0.0
bear_normal_s0;54800;INTARIAN_PEPPER_ROOT;12804;14;12800;26;;;12806;13;12808;15;;;12805.0;0.0
bear_normal_s0;54800;ASH_COATED_OSMIUM;9992;15;9988;23;;;10004;13;10006;14;;;9998.0;0.0
bear_normal_s0;54900;INTARIAN_PEPPER_ROOT;12802;10;12800;21;;;12804;16;12806;20;;;12803.0;0.0
