day;timestamp;product;bid_price_1;bid_volume_1;bid_price_2;bid_volume_2;bid_price_3;bid_volume_3;ask_price_1;ask_volume_1;ask_price_2;ask_volume_2;ask_price_3;ask_volume_3;mid_price;profit_and_loss
v_recovery_normal_s2;0;INTARIAN_PEPPER_ROOT;12498;10;12495;16;;;12500;14;12504;22;;;12499.0;0.0
v_recovery_normal_s2;0;ASH_COATED_OSMIUM;9986;8;9984;13;;;10014;23;10017;23;;;10000.0;0.0
v_recovery_normal_s2;100;INTARIAN_PEPPER_ROOT;12496;13;12492;17;;;12500;5;12504;14;;;12498.0;0.0
v_recovery_normal_s2;100;ASH_COATED_OSMIUM;9993;20;9991;22;;;10001;8;10004;23;;;9997.0;0.0
v_recovery_normal_s2;200;INTARIAN_PEPPER_ROOT;12465;13;12461;19;;;12521;15;12524;27;;;12493.0;0.0
v_recovery_normal_s2;200;ASH_COATED_OSMIUM;9983;14;9981;16;;;10009;13;10012;23;;;9996.0;0.0
v_recovery_normal_s2;300;INTARIAN_PEPPER_ROOT;12495;5;12492;18;;;12497;16;12499;15;;;12496.0;0.0
v_recovery_normal_s2;300;ASH_COATED_OSMIUM;9987;5;9985;14;;;10003;7;10005;19;;;9995.0;0.0
v_recovery_normal_s2;400;INTARIAN_PEPPER_ROOT;12488;14;12485;18;;;12494;13;12496;18;;;12491.0;0.0
v_recovery_normal_s2;400;ASH_COATED_OSMIUM;9987;17;9983;18;;;10001;17;10005;19;;;9994.0;0.0
v_recovery_normal_s2;500;INTARIAN_PEPPER_ROOT;12473;12;12471;21;;;12505;13;12509;29;;;12489.0;0.0
v_recovery_normal_s2;500;ASH_COATED_OSMIUM;9977;14;9975;19;;;10001;24;10005;24;;;9989.0;0.0
v_recovery_normal_s2;600;INTARIAN_PEPPER_ROOT;12489;9;12487;22;;;12491;23;12494;22;;;12490.0;0.0
v_recovery_normal_s2;600;ASH_COATED_OSMIUM;9978;5;9974;21;;;10004;14;10006;23;;;9991.0;0.0
v_recovery_normal_s2;700;INTARIAN_PEPPER_ROOT;12480;6;12478;13;;;12492;6;12496;21;;;12486.0;0.0
v_recovery_normal_s2;700;ASH_COATED_OSMIUM;9966;17;9962;15;;;10010;17;10013;18;;;9988.0;0.0
v_recovery_normal_s2;800;INTARIAN_PEPPER_ROOT;12457;13;12455;20;;;12511;14;12514;23;;;12484.0;0.0
v_recovery_normal_s2;800;ASH_COATED_OSMIUM;9988;17;9986;17;;;9992;7;9995;14;;;9990.0;0.0
v_recovery_normal_s2;900;INTARIAN_PEPPER_ROOT;12473;16;12469;26;;;12491;15;12494;21;;;12482.0;0.0
v_recovery_normal_s2;900;ASH_COATED_OSMIUM;9974;17;9971;16;;;9998;21;10001;17;;;9986.0;0.0
v_recovery_normal_s2;1000;INTARIAN_PEPPER_ROOT;12475;16;12471;18;;;12489;20;12492;27;;;12482.0;0.0
v_recovery_normal_s2;1000;ASH_COATED_OSMIUM;9970;20;9967;15;;;9996;14;9998;13;;;9983.0;0.0
v_recovery_normal_s2;1100;INTARIAN_PEPPER_ROOT;12483;9;12480;18;;;12489;18;12492;26;;;12486.0;0.0
v_recovery_normal_s2;1100;ASH_COATED_OSMIUM;9964;22;9961;21;;;10004;15;10007;11;;;9984.0;0.0
v_recovery_normal_s2;1200;INTARIAN_PEPPER_ROOT;12481;12;12478;28;;;12491;13;12493;20;;;12486.0;0.0
v_recovery_normal_s2;1200;ASH_COATED_OSMIUM;9980;21;9978;23;;;9988;17;9990;17;;;9984.0;0.0
v_recovery_normal_s2;1300;INTARIAN_PEPPER_ROOT;12482;9;12478;23;;;12484;10;12487;20;;;12483.0;0.0
v_recovery_normal_s2;1300;ASH_COATED_OSMIUM;9984;22;9981;25;;;9986;13;9990;22;;;9985.0;0.0
v_recovery_normal_s2;1400;INTARIAN_PEPPER_ROOT;12477;14;12473;17;;;12489;12;12493;28;;;12483.0;0.0
v_recovery_normal_s2;1400;ASH_COATED_OSMIUM;9985;9;9983;8;;;9989;13;9991;13;;;9987.0;0.0
v_recovery_normal_s2;1500;INTARIAN_PEPPER_ROOT;12480;17;12476;25;;;12482;17;12485;18;;;12481.0;0.0
v_recovery_normal_s2;1500;ASH_COATED_OSMIUM;9982;17;9980;21;;;9984;11;9987;26;;;9983.0;0.0
v_recovery_normal_s2;1600;INTARIAN_PEPPER_ROOT;12470;17;12467;20;;;12492;8;12494;24;;;12481.0;0.0
v_recovery_normal_s2;1600;ASH_COATED_OSMIUM;9983;8;9980;22;;;9985;14;9987;25;;;9984.0;0.0
v_recovery_normal_s2;1700;INTARIAN_PEPPER_ROOT;12453;20;12449;14;;;12511;21;12513;15;;;12482.0;0.0
v_recovery_normal_s2;1700;ASH_COATED_OSMIUM;9981;9;9977;15;;;9991;12;9995;20;;;9986.0;0.0
v_recovery_normal_s2;1800;INTARIAN_PEPPER_ROOT;12472;25;12469;12;;;12490;22;12494;13;;;12481.0;0.0
v_recovery_normal_s2;1800;ASH_COATED_OSMIUM;9975;11;9971;14;;;9997;18;10000;21;;;9986.0;0.0
v_recovery_normal_s2;1900;INTARIAN_PEPPER_ROOT;12479;11;12475;15;;;12481;16;12483;20;;;12480.0;0.0
v_recovery_normal_s2;1900;ASH_COATED_OSMIUM;9977;13;9974;17;;;9997;18;9999;17;;;9987.0;0.0
v_recovery_normal_s2;2000;INTARIAN_PEPPER_ROOT;12474;15;12470;19;;;12480;19;12483;24;;;12477.0;0.0
v_recovery_normal_s2;2000;ASH_COATED_OSMIUM;9986;10;9982;26;;;9988;16;9992;13;;;9987.0;0.0
v_recovery_normal_s2;2100;INTARIAN_PEPPER_ROOT;12475;14;12473;26;;;12477;17;12480;20;;;12476.0;0.0
v_recovery_normal_s2;2100;ASH_COATED_OSMIUM;9975;21;9973;19;;;10005;13;10009;25;;;9990.0;0.0
v_recovery_normal_s2;2200;INTARIAN_PEPPER_ROOT;12466;17;12462;26;;;12486;11;12489;21;;;12476.0;0.0
v_recovery_normal_s2;2200;ASH_COATED_OSMIUM;9986;5;9982;21;;;9988;5;9990;16;;;9987.0;0.0
v_recovery_normal_s2;2300;INTARIAN_PEPPER_ROOT;12471;20;12469;25;;;12477;22;12479;18;;;12474.0;0.0
v_recovery_normal_s2;2300;ASH_COATED_OSMIUM;9983;9;9980;15;;;9985;18;9987;16;;;9984.0;0.0
v_recovery_normal_s2;2400;INTARIAN_PEPPER_ROOT;12471;10;12467;18;;;12473;21;12475;10;;;12472.0;0.0
v_recovery_normal_s2;2400;ASH_COATED_OSMIUM;9988;5;9985;26;;;9998;15;10000;15;;;9993.0;0.0
v_recovery_normal_s2;2500;INTARIAN_PEPPER_ROOT;12470;15;12467;20;;;12472;23;12476;24;;;12471.0;0.0
v_recovery_normal_s2;2500;ASH_COATED_OSMIUM;9953;10;9949;23;;;10025;16;10029;19;;;9989.0;0.0
v_recovery_normal_s2;2600;INTARIAN_PEPPER_ROOT;12468;16;12464;9;;;12470;13;12473;20;;;12469.0;0.0
v_recovery_normal_s2;2600;ASH_COATED_OSMIUM;9985;16;9981;15;;;9995;6;9999;19;;;9990.0;0.0
v_recovery_normal_s2;2700;INTARIAN_PEPPER_ROOT;12462;17;12459;15;;;12472;18;12474;18;;;12467.0;0.0
v_recovery_normal_s2;2700;ASH_COATED_OSMIUM;9985;19;9982;25;;;10005;17;10007;21;;;9995.0;0.0
v_recovery_normal_s2;2800;INTARIAN_PEPPER_ROOT;12462;13;12458;24;;;12464;22;12467;19;;;12463.0;0.0
v_recovery_normal_s2;2800;ASH_COATED_OSMIUM;9992;12;9989;21;;;9994;13;9998;23;;;9993.0;0.0
v_recovery_normal_s2;2900;INTARIAN_PEPPER_ROOT;12455;26;12451;35;;;12469;9;12473;18;;;12462.0;0.0
v_recovery_normal_s2;2900;ASH_COATED_OSMIUM;9986;22;9982;25;;;10002;8;10005;14;;;9994.0;0.0
v_recovery_normal_s2;3000;INTARIAN_PEPPER_ROOT;12456;21;12454;21;;;12466;18;12469;11;;;12461.0;0.0
v_recovery_normal_s2;3000;ASH_COATED_OSMIUM;9972;12;9968;18;;;10018;5;10020;19;;;9995.0;0.0
v_recovery_normal_s2;3100;INTARIAN_PEPPER_ROOT;12462;12;12459;12;;;12468;16;12470;26;;;12465.0;0.0
v_recovery_normal_s2;3100;ASH_COATED_OSMIUM;9973;17;9969;22;;;10019;14;10023;8;;;9996.0;0.0
v_recovery_normal_s2;3200;INTARIAN_PEPPER_ROOT;12454;5;12452;23;;;12466;11;12468;22;;;12460.0;0.0
v_recovery_normal_s2;3200;ASH_COATED_OSMIUM;9995;18;9991;15;;;9999;11;10001;22;;;9997.0;0.0
v_recovery_normal_s2;3300;INTARIAN_PEPPER_ROOT;12457;9;12453;21;;;12461;10;12464;20;;;12459.0;0.0
v_recovery_normal_s2;3300;ASH_COATED_OSMIUM;10003;6;10000;21;;;10005;16;10007;21;;;10004.0;0.0
v_recovery_normal_s2;3400;INTARIAN_PEPPER_ROOT;12457;5;12455;17;;;12461;21;12463;21;;;12459.0;0.0
v_recovery_normal_s2;3400;ASH_COATED_OSMIUM;9979;11;9977;19;;;10019;7;10022;24;;;9999.0;0.0
v_recovery_normal_s2;3500;INTARIAN_PEPPER_ROOT;12447;20;12444;20;;;12475;22;12478;22;;;12461.0;0.0
v_recovery_normal_s2;3500;ASH_COATED_OSMIUM;9997;19;9993;14;;;9999;13;10003;9;;;9998.0;0.0
v_recovery_normal_s2;3600;INTARIAN_PEPPER_ROOT;12457;16;12453;30;;;12467;19;12470;20;;;12462.0;0.0
v_recovery_normal_s2;3600;ASH_COATED_OSMIUM;9992;11;9988;28;;;10006;11;10009;20;;;9999.0;0.0
v_recovery_normal_s2;3700;INTARIAN_PEPPER_ROOT;12459;9;12455;22;;;12461;11;12464;24;;;12460.0;0.0
v_recovery_normal_s2;3700;ASH_COATED_OSMIUM;9979;5;9976;18;;;10013;15;10017;16;;;9996.0;0.0
v_recovery_normal_s2;3800;INTARIAN_PEPPER_ROOT;12423;18;12419;15;;;12493;9;12495;15;;;12458.0;0.0
v_recovery_normal_s2;3800;ASH_COATED_OSMIUM;9995;8;9992;26;;;9997;14;9999;15;;;9996.0;0.0
v_recovery_normal_s2;3900;INTARIAN_PEPPER_ROOT;12459;8;12457;34;;;12461;18;12465;19;;;12460.0;0.0
v_recovery_normal_s2;3900;ASH_COATED_OSMIUM;9991;19;9989;16;;;10009;16;10013;14;;;10000.0;0.0
v_recovery_normal_s2;4000;INTARIAN_PEPPER_ROOT;12457;11;12455;21;;;12459;10;12461;21;;;12458.0;0.0
v_recovery_normal_s2;4000;ASH_COATED_OSMIUM;9998;18;9995;21;;;10004;12;10006;18;;;10001.0;0.0
v_recovery_normal_s2;4100;INTARIAN_PEPPER_ROOT;12449;9;12445;21;;;12469;8;12471;27;;;12459.0;0.0
v_recovery_normal_s2;4100;ASH_COATED_OSMIUM;9990;19;9988;20;;;10000;20;10003;21;;;9995.0;0.0
v_recovery_normal_s2;4200;INTARIAN_PEPPER_ROOT;12453;19;12449;20;;;12457;8;12460;17;;;12455.0;0.0
v_recovery_normal_s2;4200;ASH_COATED_OSMIUM;9995;17;9993;21;;;9997;9;9999;23;;;9996.0;0.0
v_recovery_normal_s2;4300;INTARIAN_PEPPER_ROOT;12450;21;12448;22;;;12466;17;12468;17;;;12458.0;0.0
v_recovery_normal_s2;4300;ASH_COATED_OSMIUM;9990;12;9987;15;;;9996;13;9999;22;;;9993.0;0.0
v_recovery_normal_s2;4400;INTARIAN_PEPPER_ROOT;12443;9;12439;28;;;12477;19;12480;22;;;12460.0;0.0
v_recovery_normal_s2;4400;ASH_COATED_OSMIUM;9975;18;9971;15;;;10013;14;10017;22;;;9994.0;0.0
v_recovery_normal_s2;4500;INTARIAN_PEPPER_ROOT;12444;8;12441;18;;;12474;16;12476;22;;;12459.0;0.0
v_recovery_normal_s2;4500;ASH_COATED_OSMIUM;9985;15;9981;19;;;10005;20;10007;25;;;9995.0;0.0
v_recovery_normal_s2;4600;INTARIAN_PEPPER_ROOT;12445;19;12443;13;;;12473;15;12475;15;;;12459.0;0.0
v_recovery_normal_s2;4600;ASH_COATED_OSMIUM;9993;14;9990;21;;;9995;11;9997;23;;;9994.0;0.0
v_recovery_normal_s2;4700;INTARIAN_PEPPER_ROOT;12458;21;12455;21;;;12460;14;12463;23;;;12459.0;0.0
v_recovery_normal_s2;4700;ASH_COATED_OSMIUM;9973;13;9971;25;;;10023;16;10027;18;;;9998.0;0.0
v_recovery_normal_s2;4800;INTARIAN_PEPPER_ROOT;12451;22;12448;18;;;12461;15;12463;26;;;12456.0;0.0
v_recovery_normal_s2;4800;ASH_COATED_OSMIUM;9994;5;9991;18;;;9998;7;10002;8;;;9996.0;0.0
v_recovery_normal_s2;4900;INTARIAN_PEPPER_ROOT;12435;19;12433;23;;;12477;9;12481;11;;;12456.0;0.0
v_recovery_normal_s2;4900;ASH_COATED_OSMIUM;9989;14;9987;21;;;10007;18;10009;25;;;9998.0;0.0
v_recovery_normal_s2;5000;INTARIAN_PEPPER_ROOT;12451;16;12449;18;;;12463;11;12466;18;;;12457.0;0.0
v_recovery_normal_s2;5000;ASH_COATED_OSMIUM;9999;18;9996;23;;;10003;15;10005;22;;;10001.0;0.0
v_recovery_normal_s2;5100;INTARIAN_PEPPER_ROOT;12446;25;12443;18;;;12466;16;12469;19;;;12456.0;0.0
v_recovery_normal_s2;5100;ASH_COATED_OSMIUM;9987;10;9984;13;;;10019;21;10022;20;;;10003.0;0.0
v_recovery_normal_s2;5200;INTARIAN_PEPPER_ROOT;12453;7;12449;20;;;12457;13;12461;12;;;12455.0;0.0
v_recovery_normal_s2;5200;ASH_COATED_OSMIUM;9985;5;9981;13;;;10019;12;10021;16;;;10002.0;0.0
v_recovery_normal_s2;5300;INTARIAN_PEPPER_ROOT;12454;17;12451;26;;;12456;18;12458;16;;;12455.0;0.0
v_recovery_normal_s2;5300;ASH_COATED_OSMIUM;10003;7;10000;27;;;10005;11;10007;16;;;10004.0;0.0
v_recovery_normal_s2;5400;INTARIAN_PEPPER_ROOT;12447;10;12443;21;;;12461;10;12465;30;;;12454.0;0.0
v_recovery_normal_s2;5400;ASH_COATED_OSMIUM;10005;7;10001;28;;;10011;23;10013;16;;;10008.0;0.0
v_recovery_normal_s2;5500;INTARIAN_PEPPER_ROOT;12452;16;12449;31;;;12460;22;12462;25;;;12456.0;0.0
v_recovery_normal_s2;5500;ASH_COATED_OSMIUM;10006;13;10002;13;;;10008;14;10010;23;;;10007.0;0.0
v_recovery_normal_s2;5600;INTARIAN_PEPPER_ROOT;12443;16;12441;17;;;12465;16;12468;21;;;12454.0;0.0
v_recovery_normal_s2;5600;ASH_COATED_OSMIUM;10002;14;10000;24;;;10018;11;10021;20;;;10010.0;0.0
v_recovery_normal_s2;5700;INTARIAN_PEPPER_ROOT;12412;15;12409;18;;;12498;22;12502;23;;;12455.0;0.0
v_recovery_normal_s2;5700;ASH_COATED_OSMIUM;10009;11;10005;21;;;10011;5;10015;12;;;10010.0;0.0
v_recovery_normal_s2;5800;INTARIAN_PEPPER_ROOT;12450;18;12446;20;;;12458;8;12462;16;;;12454.0;0.0
v_recovery_normal_s2;5800;ASH_COATED_OSMIUM;10007;6;10003;20;;;10017;9;10019;19;;;10012.0;0.0
v_recovery_normal_s2;5900;INTARIAN_PEPPER_ROOT;12435;9;12431;8;;;12467;19;12469;12;;;12451.0;0.0
v_recovery_normal_s2;5900;ASH_COATED_OSMIUM;9996;9;9992;20;;;10018;25;10020;20;;;10007.0;0.0
v_recovery_normal_s2;6000;INTARIAN_PEPPER_ROOT;12446;23;12443;29;;;12452;15;12455;12;;;12449.0;0.0
v_recovery_normal_s2;6000;ASH_COATED_OSMIUM;9989;13;9986;22;;;10025;12;10028;15;;;10007.0;0.0
v_recovery_normal_s2;6100;INTARIAN_PEPPER_ROOT;12442;9;12440;19;;;12454;11;12458;24;;;12448.0;0.0
v_recovery_normal_s2;6100;ASH_COATED_OSMIUM;10000;14;9998;11;;;10006;5;10010;15;;;10003.0;0.0
v_recovery_normal_s2;6200;INTARIAN_PEPPER_ROOT;12447;17;12445;20;;;12449;13;12451;21;;;12448.0;0.0
v_recovery_normal_s2;6200;ASH_COATED_OSMIUM;9997;12;9994;26;;;10005;13;10009;21;;;10001.0;0.0
v_recovery_normal_s2;6300;INTARIAN_PEPPER_ROOT;12445;21;12441;24;;;12449;12;12451;22;;;12447.0;0.0
v_recovery_normal_s2;6300;ASH_COATED_OSMIUM;10001;29;9998;18;;;10005;7;10008;15;;;10003.0;0.0
v_recovery_normal_s2;6400;INTARIAN_PEPPER_ROOT;12442;11;12438;22;;;12444;9;12448;22;;;12443.0;0.0
v_recovery_normal_s2;6400;ASH_COATED_OSMIUM;9983;11;9981;16;;;10023;9;10027;19;;;10003.0;0.0
v_recovery_normal_s2;6500;INTARIAN_PEPPER_ROOT;12435;20;12433;19;;;12451;16;12454;13;;;12443.0;0.0
v_recovery_normal_s2;6500;ASH_COATED_OSMIUM;9988;12;9984;13;;;10022;12;10026;23;;;10005.0;0.0
v_recovery_normal_s2;6600;INTARIAN_PEPPER_ROOT;12439;16;12436;18;;;12443;25;12447;22;;;12441.0;0.0
v_recovery_normal_s2;6600;ASH_COATED_OSMIUM;9996;17;9993;19;;;10012;12;10016;27;;;10004.0;0.0
v_recovery_normal_s2;6700;INTARIAN_PEPPER_ROOT;12426;12;12424;24;;;12448;15;12451;12;;;12437.0;0.0
v_recovery_normal_s2;6700;ASH_COATED_OSMIUM;9997;13;9993;18;;;9999;7;10001;19;;;9998.0;0.0
v_recovery_normal_s2;6800;INTARIAN_PEPPER_ROOT;12430;17;12427;14;;;12446;18;12448;22;;;12438.0;0.0
v_recovery_normal_s2;6800;ASH_COATED_OSMIUM;9998;15;9996;20;;;10000;11;10003;26;;;9999.0;0.0
v_recovery_normal_s2;6900;INTARIAN_PEPPER_ROOT;12437;14;12435;22;;;12439;20;12442;22;;;12438.0;0.0
v_recovery_normal_s2;6900;ASH_COATED_OSMIUM;9988;8;9984;12;;;10012;14;10015;19;;;10000.0;0.0
v_recovery_normal_s2;7000;INTARIAN_PEPPER_ROOT;12429;21;12425;16;;;12443;22;12446;19;;;12436.0;0.0
v_recovery_normal_s2;7000;ASH_COATED_OSMIUM;10000;22;9998;21;;;10006;11;10008;20;;;10003.0;0.0
v_recovery_normal_s2;7100;INTARIAN_PEPPER_ROOT;12435;5;12433;14;;;12439;20;12442;13;;;12437.0;0.0
v_recovery_normal_s2;7100;ASH_COATED_OSMIUM;9989;11;9986;11;;;10009;16;10012;28;;;9999.0;0.0
v_recovery_normal_s2;7200;INTARIAN_PEPPER_ROOT;12435;11;12432;16;;;12437;15;12441;13;;;12436.0;0.0
v_recovery_normal_s2;7200;ASH_COATED_OSMIUM;9994;5;9992;18;;;10004;17;10008;14;;;9999.0;0.0
v_recovery_normal_s2;7300;INTARIAN_PEPPER_ROOT;12431;21;12428;22;;;12439;13;12442;26;;;12435.0;0.0
v_recovery_normal_s2;7300;ASH_COATED_OSMIUM;9990;14;9988;18;;;10010;12;10012;25;;;10000.0;0.0
v_recovery_normal_s2;7400;INTARIAN_PEPPER_ROOT;12424;9;12422;20;;;12442;22;12446;15;;;12433.0;0.0
v_recovery_normal_s2;7400;ASH_COATED_OSMIUM;9989;22;9985;24;;;10013;20;10015;28;;;10001.0;0.0
v_recovery_normal_s2;7500;INTARIAN_PEPPER_ROOT;12432;15;12429;26;;;12438;11;12440;11;;;12435.0;0.0
v_recovery_normal_s2;7500;ASH_COATED_OSMIUM;9999;17;9995;27;;;10001;8;10003;22;;;10000.0;0.0
v_recovery_normal_s2;7600;INTARIAN_PEPPER_ROOT;12427;25;12424;15;;;12431;9;12433;16;;;12429.0;0.0
v_recovery_normal_s2;7600;ASH_COATED_OSMIUM;9998;7;9994;9;;;10000;16;10002;23;;;9999.0;0.0
v_recovery_normal_s2;7700;INTARIAN_PEPPER_ROOT;12425;17;12421;14;;;12433;10;12437;25;;;12429.0;0.0
v_recovery_normal_s2;7700;ASH_COATED_OSMIUM;9995;10;9993;22;;;9999;9;10001;17;;;9997.0;0.0
v_recovery_normal_s2;7800;INTARIAN_PEPPER_ROOT;12423;19;12419;24;;;12435;8;12438;25;;;12429.0;0.0
v_recovery_normal_s2;7800;ASH_COATED_OSMIUM;9986;13;9982;21;;;10008;8;10010;12;;;9997.0;0.0
v_recovery_normal_s2;7900;INTARIAN_PEPPER_ROOT;12423;11;12419;11;;;12427;21;12431;27;;;12425.0;0.0
v_recovery_normal_s2;7900;ASH_COATED_OSMIUM;9994;10;9991;23;;;10008;18;10012;12;;;10001.0;0.0
v_recovery_normal_s2;8000;INTARIAN_PEPPER_ROOT;12418;12;12415;18;;;12430;16;12434;23;;;12424.0;0.0
v_recovery_normal_s2;8000;ASH_COATED_OSMIUM;9994;13;9991;17;;;10016;5;10020;19;;;10005.0;0.0
v_recovery_normal_s2;8100;INTARIAN_PEPPER_ROOT;12421;12;12419;15;;;12423;12;12427;26;;;12422.0;0.0
v_recovery_normal_s2;8100;ASH_COATED_OSMIUM;9999;12;9996;12;;;10003;8;10005;24;;;10001.0;0.0
v_recovery_normal_s2;8200;INTARIAN_PEPPER_ROOT;12421;13;12417;26;;;12427;22;12429;18;;;12424.0;0.0
v_recovery_normal_s2;8200;ASH_COATED_OSMIUM;9993;9;9990;27;;;10011;16;10015;19;;;10002.0;0.0
v_recovery_normal_s2;8300;INTARIAN_PEPPER_ROOT;12425;11;12422;14;;;12427;19;12429;20;;;12426.0;0.0
v_recovery_normal_s2;8300;ASH_COATED_OSMIUM;9998;8;9996;20;;;10014;9;10016;21;;;10006.0;0.0
v_recovery_normal_s2;8400;INTARIAN_PEPPER_ROOT;12408;12;12405;16;;;12442;14;12444;21;;;12425.0;0.0
v_recovery_normal_s2;8400;ASH_COATED_OSMIUM;10005;11;10001;25;;;10011;15;10014;14;;;10008.0;0.0
v_recovery_normal_s2;8500;INTARIAN_PEPPER_ROOT;12421;13;12417;18;;;12423;14;12425;20;;;12422.0;0.0
v_recovery_normal_s2;8500;ASH_COATED_OSMIUM;10007;13;10005;21;;;10009;9;10013;14;;;10008.0;0.0
v_recovery_normal_s2;8600;INTARIAN_PEPPER_ROOT;12422;5;12419;30;;;12426;15;12429;15;;;12424.0;0.0
v_recovery_normal_s2;8600;ASH_COATED_OSMIUM;10002;19;10000;9;;;10012;7;10014;22;;;10007.0;0.0
v_recovery_normal_s2;8700;INTARIAN_PEPPER_ROOT;12421;6;12417;26;;;12429;12;12433;12;;;12425.0;0.0
v_recovery_normal_s2;8700;ASH_COATED_OSMIUM;10006;6;10003;14;;;10016;10;10018;22;;;10011.0;0.0
v_recovery_normal_s2;8800;INTARIAN_PEPPER_ROOT;12421;21;12418;22;;;12427;14;12431;13;;;12424.0;0.0
v_recovery_normal_s2;8800;ASH_COATED_OSMIUM;10005;24;10001;19;;;10019;5;10021;26;;;10012.0;0.0
v_recovery_normal_s2;8900;INTARIAN_PEPPER_ROOT;12422;20;12420;18;;;12424;11;12426;30;;;12423.0;0.0
v_recovery_normal_s2;8900;ASH_COATED_OSMIUM;10007;16;10003;30;;;10013;12;10015;24;;;10010.0;0.0
v_recovery_normal_s2;9000;INTARIAN_PEPPER_ROOT;12423;12;12421;21;;;12425;12;12429;12;;;12424.0;0.0
v_recovery_normal_s2;9000;ASH_COATED_OSMIUM;10007;7;10003;18;;;10009;16;10011;20;;;10008.0;0.0
v_recovery_normal_s2;9100;INTARIAN_PEPPER_ROOT;12423;19;12421;24;;;12425;14;12428;17;;;12424.0;0.0
v_recovery_normal_s2;9100;ASH_COATED_OSMIUM;10003;13;10001;14;;;10007;18;10010;15;;;10005.0;0.0
v_recovery_normal_s2;9200;INTARIAN_PEPPER_ROOT;12408;17;12405;22;;;12440;10;12443;21;;;12424.0;0.0
v_recovery_normal_s2;9200;ASH_COATED_OSMIUM;9982;7;9978;18;;;10024;14;10026;22;;;10003.0;0.0
v_recovery_normal_s2;9300;INTARIAN_PEPPER_ROOT;12421;14;12419;16;;;12431;17;12435;28;;;12426.0;0.0
v_recovery_normal_s2;9300;ASH_COATED_OSMIUM;10001;5;9998;24;;;10007;17;10009;13;;;10004.0;0.0
v_recovery_normal_s2;9400;INTARIAN_PEPPER_ROOT;12417;12;12415;24;;;12429;13;12433;25;;;12423.0;0.0
v_recovery_normal_s2;9400;ASH_COATED_OSMIUM;9997;11;9994;15;;;10013;16;10015;18;;;10005.0;0.0
v_recovery_normal_s2;9500;INTARIAN_PEPPER_ROOT;12421;16;12418;22;;;12427;20;12430;17;;;12424.0;0.0
v_recovery_normal_s2;9500;ASH_COATED_OSMIUM;10005;16;10001;17;;;10011;17;10015;22;;;10008.0;0.0
v_recovery_normal_s2;9600;INTARIAN_PEPPER_ROOT;12423;19;12419;11;;;12425;8;12427;26;;;12424.0;0.0
v_recovery_normal_s2;9600;ASH_COATED_OSMIUM;10007;14;10004;26;;;10009;9;10013;14;;;10008.0;0.0
v_recovery_normal_s2;9700;INTARIAN_PEPPER_ROOT;12379;17;12376;17;;;12469;10;12473;25;;;12424.0;0.0
v_recovery_normal_s2;9700;ASH_COATED_OSMIUM;9999;16;9995;22;;;10001;8;10005;18;;;10000.0;0.0
v_recovery_normal_s2;9800;INTARIAN_PEPPER_ROOT;12424;14;12422;22;;;12426;18;12428;17;;;12425.0;0.0
v_recovery_normal_s2;9800;ASH_COATED_OSMIUM;10001;13;9998;14;;;10009;13;10011;24;;;10005.0;0.0
v_recovery_normal_s2;9900;INTARIAN_PEPPER_ROOT;12417;18;12415;28;;;12421;16;12423;10;;;12419.0;0.0
v_recovery_normal_s2;9900;ASH_COATED_OSMIUM;10002;19;9998;22;;;10004;8;10008;17;;;10003.0;0.0
v_recovery_normal_s2;10000;INTARIAN_PEPPER_ROOT;12405;12;12402;20;;;12437;13;12439;24;;;12421.0;0.0
v_recovery_normal_s2;10000;ASH_COATED_OSMIUM;10000;27;9997;13;;;10006;10;10008;22;;;10003.0;0.0
v_recovery_normal_s2;10100;INTARIAN_PEPPER_ROOT;12412;14;12408;20;;;12430;7;12434;28;;;12421.0;0.0
v_recovery_normal_s2;10100;ASH_COATED_OSMIUM;9996;5;9993;12;;;10010;17;10014;21;;;10003.0;0.0
v_recovery_normal_s2;10200;INTARIAN_PEPPER_ROOT;12416;13;12412;22;;;12420;15;12424;14;;;12418.0;0.0
v_recovery_normal_s2;10200;ASH_COATED_OSMIUM;10004;23;10001;21;;;10014;14;10017;15;;;10009.0;0.0
v_recovery_normal_s2;10300;INTARIAN_PEPPER_ROOT;12417;10;12414;31;;;12419;22;12423;12;;;12418.0;0.0
v_recovery_normal_s2;10300;ASH_COATED_OSMIUM;10002;20;10000;13;;;10022;5;10024;21;;;10012.0;0.0
v_recovery_normal_s2;10400;INTARIAN_PEPPER_ROOT;12414;12;12411;20;;;12422;18;12425;22;;;12418.0;0.0
v_recovery_normal_s2;10400;ASH_COATED_OSMIUM;10000;13;9998;25;;;10028;15;10032;25;;;10014.0;0.0
v_recovery_normal_s2;10500;INTARIAN_PEPPER_ROOT;12416;22;12414;22;;;12428;15;12432;8;;;12422.0;0.0
v_recovery_normal_s2;10500;ASH_COATED_OSMIUM;10005;9;10002;24;;;10017;5;10021;21;;;10011.0;0.0
v_recovery_normal_s2;10600;INTARIAN_PEPPER_ROOT;12424;12;12421;19;;;12426;17;12430;25;;;12425.0;0.0
v_recovery_normal_s2;10600;ASH_COATED_OSMIUM;10000;9;9998;18;;;10016;14;10018;8;;;10008.0;0.0
v_recovery_normal_s2;10700;INTARIAN_PEPPER_ROOT;12424;15;12421;12;;;12426;8;12429;16;;;12425.0;0.0
v_recovery_normal_s2;10700;ASH_COATED_OSMIUM;9983;12;9980;16;;;10023;15;10027;22;;;10003.0;0.0
v_recovery_normal_s2;10800;INTARIAN_PEPPER_ROOT;12419;15;12416;11;;;12427;17;12429;15;;;12423.0;0.0
v_recovery_normal_s2;10800;ASH_COATED_OSMIUM;9998;23;9994;16;;;10002;9;10006;21;;;10000.0;0.0
v_recovery_normal_s2;10900;INTARIAN_PEPPER_ROOT;12419;20;12415;23;;;12425;14;12429;14;;;12422.0;0.0
v_recovery_normal_s2;10900;ASH_COATED_OSMIUM;9997;14;9995;14;;;10003;13;10006;15;;;10000.0;0.0
v_recovery_normal_s2;11000;INTARIAN_PEPPER_ROOT;12406;18;12403;21;;;12434;20;12436;20;;;12420.0;0.0
v_recovery_normal_s2;11000;ASH_COATED_OSMIUM;9960;9;9958;14;;;10046;5;10049;20;;;10003.0;0.0
v_recovery_normal_s2;11100;INTARIAN_PEPPER_ROOT;12411;13;12409;18;;;12427;7;12430;26;;;12419.0;0.0
v_recovery_normal_s2;11100;ASH_COATED_OSMIUM;9984;13;9980;9;;;10016;7;10020;21;;;10000.0;0.0
v_recovery_normal_s2;11200;INTARIAN_PEPPER_ROOT;12409;12;12405;22;;;12423;17;12426;23;;;12416.0;0.0
v_recovery_normal_s2;11200;ASH_COATED_OSMIUM;10000;8;9996;20;;;10010;5;10013;29;;;10005.0;0.0
v_recovery_normal_s2;11300;INTARIAN_PEPPER_ROOT;12410;11;12408;30;;;12418;6;12421;26;;;12414.0;0.0
v_recovery_normal_s2;11300;ASH_COATED_OSMIUM;10005;6;10001;24;;;10007;13;10009;19;;;10006.0;0.0
v_recovery_normal_s2;11400;INTARIAN_PEPPER_ROOT;12413;13;12409;19;;;12415;17;12417;17;;;12414.0;0.0
v_recovery_normal_s2;11400;ASH_COATED_OSMIUM;10006;10;10003;23;;;10008;11;10010;15;;;10007.0;0.0
v_recovery_normal_s2;11500;INTARIAN_PEPPER_ROOT;12400;17;12396;21;;;12424;15;12428;25;;;12412.0;0.0
v_recovery_normal_s2;11500;ASH_COATED_OSMIUM;10002;20;9998;24;;;10018;12;10020;12;;;10010.0;0.0
v_recovery_normal_s2;11600;INTARIAN_PEPPER_ROOT;12385;9;12381;22;;;12433;17;12437;16;;;12409.0;0.0
v_recovery_normal_s2;11600;ASH_COATED_OSMIUM;9998;15;9995;16;;;10026;5;10029;19;;;10012.0;0.0
v_recovery_normal_s2;11700;INTARIAN_PEPPER_ROOT;12390;8;12387;25;;;12426;9;12429;19;;;12408.0;0.0
v_recovery_normal_s2;11700;ASH_COATED_OSMIUM;10012;11;10008;28;;;10022;21;10025;23;;;10017.0;0.0
v_recovery_normal_s2;11800;INTARIAN_PEPPER_ROOT;12404;24;12401;19;;;12418;14;12421;18;;;12411.0;0.0
v_recovery_normal_s2;11800;ASH_COATED_OSMIUM;10007;8;10004;24;;;10021;12;10023;11;;;10014.0;0.0
v_recovery_normal_s2;11900;INTARIAN_PEPPER_ROOT;12399;16;12396;18;;;12417;12;12420;22;;;12408.0;0.0
v_recovery_normal_s2;11900;ASH_COATED_OSMIUM;10011;17;10009;19;;;10021;6;10023;16;;;10016.0;0.0
v_recovery_normal_s2;12000;INTARIAN_PEPPER_ROOT;12404;12;12402;35;;;12406;10;12410;21;;;12405.0;0.0
v_recovery_normal_s2;12000;ASH_COATED_OSMIUM;10012;14;10010;19;;;10020;9;10022;24;;;10016.0;0.0
v_recovery_normal_s2;12100;INTARIAN_PEPPER_ROOT;12405;18;12403;23;;;12407;16;12411;22;;;12406.0;0.0
v_recovery_normal_s2;12100;ASH_COATED_OSMIUM;10014;10;10011;24;;;10016;16;10020;21;;;10015.0;0.0
v_recovery_normal_s2;12200;INTARIAN_PEPPER_ROOT;12398;5;12396;26;;;12412;5;12416;18;;;12405.0;0.0
v_recovery_normal_s2;12200;ASH_COATED_OSMIUM;10017;16;10015;13;;;10019;12;10023;20;;;10018.0;0.0
v_recovery_normal_s2;12300;INTARIAN_PEPPER_ROOT;12403;19;12401;26;;;12405;13;12408;22;;;12404.0;0.0
v_recovery_normal_s2;12300;ASH_COATED_OSMIUM;10011;14;10009;16;;;10015;10;10019;24;;;10013.0;0.0
v_recovery_normal_s2;12400;INTARIAN_PEPPER_ROOT;12403;18;12400;26;;;12407;13;12409;19;;;12405.0;0.0
v_recovery_normal_s2;12400;ASH_COATED_OSMIUM;10006;6;10004;20;;;10018;5;10021;23;;;10012.0;0.0
v_recovery_normal_s2;12500;INTARIAN_PEPPER_ROOT;12406;7;12403;21;;;12408;7;12410;27;;;12407.0;0.0
v_recovery_normal_s2;12500;ASH_COATED_OSMIUM;9995;14;9993;27;;;10027;8;10031;23;;;10011.0;0.0
v_recovery_normal_s2;12600;INTARIAN_PEPPER_ROOT;12393;12;12391;12;;;12423;19;12426;22;;;12408.0;0.0
v_recovery_normal_s2;12600;ASH_COATED_OSMIUM;9987;14;9983;17;;;10035;6;10038;25;;;10011.0;0.0
v_recovery_normal_s2;12700;INTARIAN_PEPPER_ROOT;12402;11;12400;22;;;12410;5;12414;18;;;12406.0;0.0
v_recovery_normal_s2;12700;ASH_COATED_OSMIUM;10005;5;10002;34;;;10011;19;10013;22;;;10008.0;0.0
v_recovery_normal_s2;12800;INTARIAN_PEPPER_ROOT;12400;12;12396;14;;;12414;21;12418;20;;;12407.0;0.0
v_recovery_normal_s2;12800;ASH_COATED_OSMIUM;10012;13;10009;14;;;10014;15;10018;25;;;10013.0;0.0
v_recovery_normal_s2;12900;INTARIAN_PEPPER_ROOT;12399;11;12395;21;;;12409;18;12413;20;;;12404.0;0.0
v_recovery_normal_s2;12900;ASH_COATED_OSMIUM;10008;12;10006;31;;;10016;17;10018;21;;;10012.0;0.0
v_recovery_normal_s2;13000;INTARIAN_PEPPER_ROOT;12386;14;12382;22;;;12420;14;12424;18;;;12403.0;0.0
v_recovery_normal_s2;13000;ASH_COATED_OSMIUM;10009;5;10006;22;;;10011;5;10013;20;;;10010.0;0.0
v_recovery_normal_s2;13100;INTARIAN_PEPPER_ROOT;12400;14;12398;22;;;12402;23;12405;8;;;12401.0;0.0
v_recovery_normal_s2;13100;ASH_COATED_OSMIUM;10009;12;10007;11;;;10021;15;10023;15;;;10015.0;0.0
v_recovery_normal_s2;13200;INTARIAN_PEPPER_ROOT;12393;15;12391;20;;;12403;17;12406;21;;;12398.0;0.0
v_recovery_normal_s2;13200;ASH_COATED_OSMIUM;10008;11;10004;24;;;10012;5;10016;17;;;10010.0;0.0
v_recovery_normal_s2;13300;INTARIAN_PEPPER_ROOT;12396;19;12392;12;;;12402;18;12404;23;;;12399.0;0.0
v_recovery_normal_s2;13300;ASH_COATED_OSMIUM;10000;13;9996;18;;;10002;11;10005;16;;;10001.0;0.0
v_recovery_normal_s2;13400;INTARIAN_PEPPER_ROOT;12392;17;12390;27;;;12404;19;12408;22;;;12398.0;0.0
v_recovery_normal_s2;13400;ASH_COATED_OSMIUM;10003;11;10001;19;;;10005;10;10009;18;;;10004.0;0.0
v_recovery_normal_s2;13500;INTARIAN_PEPPER_ROOT;12387;16;12385;8;;;12411;10;12415;13;;;12399.0;0.0
v_recovery_normal_s2;13500;ASH_COATED_OSMIUM;9997;19;9994;17;;;10003;8;10005;12;;;10000.0;0.0
v_recovery_normal_s2;13600;INTARIAN_PEPPER_ROOT;12394;17;12390;11;;;12396;5;12399;21;;;12395.0;0.0
v_recovery_normal_s2;13600;ASH_COATED_OSMIUM;9972;14;9970;13;;;10026;13;10028;25;;;9999.0;0.0
v_recovery_normal_s2;13700;INTARIAN_PEPPER_ROOT;12393;11;12391;17;;;12399;19;12402;20;;;12396.0;0.0
v_recovery_normal_s2;13700;ASH_COATED_OSMIUM;9994;18;9992;20;;;10004;8;10006;22;;;9999.0;0.0
v_recovery_normal_s2;13800;INTARIAN_PEPPER_ROOT;12395;5;12392;21;;;12399;18;12403;26;;;12397.0;0.0
v_recovery_normal_s2;13800;ASH_COATED_OSMIUM;9989;17;9986;27;;;10005;7;10008;18;;;9997.0;0.0
v_recovery_normal_s2;13900;INTARIAN_PEPPER_ROOT;12389;10;12385;25;;;12407;22;12410;21;;;12398.0;0.0
v_recovery_normal_s2;13900;ASH_COATED_OSMIUM;9995;8;9992;25;;;10001;14;10005;12;;;9998.0;0.0
v_recovery_normal_s2;14000;INTARIAN_PEPPER_ROOT;12392;18;12390;20;;;12394;9;12397;21;;;12393.0;0.0
v_recovery_normal_s2;14000;ASH_COATED_OSMIUM;9974;14;9970;12;;;10024;6;10027;8;;;9999.0;0.0
v_recovery_normal_s2;14100;INTARIAN_PEPPER_ROOT;12381;17;12377;21;;;12405;19;12408;10;;;12393.0;0.0
v_recovery_normal_s2;14100;ASH_COATED_OSMIUM;10000;10;9998;15;;;10002;16;10006;16;;;10001.0;0.0
v_recovery_normal_s2;14200;INTARIAN_PEPPER_ROOT;12388;19;12384;17;;;12390;13;12393;29;;;12389.0;0.0
v_recovery_normal_s2;14200;ASH_COATED_OSMIUM;9983;14;9981;18;;;10011;15;10013;21;;;9997.0;0.0
v_recovery_normal_s2;14300;INTARIAN_PEPPER_ROOT;12381;16;12377;19;;;12387;7;12389;16;;;12384.0;0.0
v_recovery_normal_s2;14300;ASH_COATED_OSMIUM;9994;11;9992;8;;;10010;21;10013;13;;;10002.0;0.0
v_recovery_normal_s2;14400;INTARIAN_PEPPER_ROOT;12379;13;12377;25;;;12401;18;12405;10;;;12390.0;0.0
v_recovery_normal_s2;14400;ASH_COATED_OSMIUM;10005;8;10001;25;;;10007;13;10009;16;;;10006.0;0.0
v_recovery_normal_s2;14500;INTARIAN_PEPPER_ROOT;12388;15;12384;17;;;12394;11;12398;14;;;12391.0;0.0
v_recovery_normal_s2;14500;ASH_COATED_OSMIUM;9996;14;9993;21;;;10008;14;10012;30;;;10002.0;0.0
v_recovery_normal_s2;14600;INTARIAN_PEPPER_ROOT;12387;16;12383;24;;;12401;15;12403;17;;;12394.0;0.0
v_recovery_normal_s2;14600;ASH_COATED_OSMIUM;10007;8;10004;20;;;10009;15;10013;21;;;10008.0;0.0
v_recovery_normal_s2;14700;INTARIAN_PEPPER_ROOT;12385;15;12383;20;;;12401;8;12404;20;;;12393.0;0.0
v_recovery_normal_s2;14700;ASH_COATED_OSMIUM;10003;8;10001;21;;;10017;17;10021;21;;;10010.0;0.0
v_recovery_normal_s2;14800;INTARIAN_PEPPER_ROOT;12384;14;12380;18;;;12404;16;12407;19;;;12394.0;0.0
v_recovery_normal_s2;14800;ASH_COATED_OSMIUM;10003;8;10001;25;;;10013;13;10016;10;;;10008.0;0.0
v_recovery_normal_s2;14900;INTARIAN_PEPPER_ROOT;12393;16;12390;20;;;12395;16;12397;26;;;12394.0;0.0
v_recovery_normal_s2;14900;ASH_COATED_OSMIUM;9998;10;9995;16;;;10020;13;10023;18;;;10009.0;0.0
v_recovery_normal_s2;15000;INTARIAN_PEPPER_ROOT;12393;13;12390;18;;;12397;18;12401;22;;;12395.0;0.0
v_recovery_normal_s2;15000;ASH_COATED_OSMIUM;10002;12;9998;18;;;10008;5;10012;18;;;10005.0;0.0
v_recovery_normal_s2;15100;INTARIAN_PEPPER_ROOT;12393;7;12391;14;;;12397;18;12400;18;;;12395.0;0.0
v_recovery_normal_s2;15100;ASH_COATED_OSMIUM;9997;13;9995;29;;;10019;9;10023;17;;;10008.0;0.0
v_recovery_normal_s2;15200;INTARIAN_PEPPER_ROOT;12363;21;12359;21;;;12423;13;12426;8;;;12393.0;0.0
v_recovery_normal_s2;15200;ASH_COATED_OSMIUM;10007;21;10003;17;;;10009;15;10013;17;;;10008.0;0.0
v_recovery_normal_s2;15300;INTARIAN_PEPPER_ROOT;12388;18;12384;26;;;12390;11;12394;15;;;12389.0;0.0
v_recovery_normal_s2;15300;ASH_COATED_OSMIUM;10000;9;9997;25;;;10016;13;10018;19;;;10008.0;0.0
v_recovery_normal_s2;15400;INTARIAN_PEPPER_ROOT;12378;15;12374;17;;;12400;5;12404;11;;;12389.0;0.0
v_recovery_normal_s2;15400;ASH_COATED_OSMIUM;9987;6;9984;20;;;10021;25;10025;15;;;10004.0;0.0
v_recovery_normal_s2;15500;INTARIAN_PEPPER_ROOT;12388;15;12385;12;;;12390;13;12392;19;;;12389.0;0.0
v_recovery_normal_s2;15500;ASH_COATED_OSMIUM;9986;23;9983;21;;;10014;8;10018;16;;;10000.0;0.0
v_recovery_normal_s2;15600;INTARIAN_PEPPER_ROOT;12389;16;12385;16;;;12393;22;12397;14;;;12391.0;0.0
v_recovery_normal_s2;15600;ASH_COATED_OSMIUM;9990;11;9988;14;;;10006;5;10010;21;;;9998.0;0.0
v_recovery_normal_s2;15700;INTARIAN_PEPPER_ROOT;12379;15;12376;20;;;12401;8;12405;11;;;12390.0;0.0
v_recovery_normal_s2;15700;ASH_COATED_OSMIUM;9986;21;9984;23;;;10020;5;10022;16;;;10003.0;0.0
v_recovery_normal_s2;15800;INTARIAN_PEPPER_ROOT;12392;14;12389;29;;;12394;18;12396;23;;;12393.0;0.0
v_recovery_normal_s2;15800;ASH_COATED_OSMIUM;9997;13;9995;17;;;10009;5;10012;28;;;10003.0;0.0
v_recovery_normal_s2;15900;INTARIAN_PEPPER_ROOT;12390;16;12388;21;;;12392;17;12394;19;;;12391.0;0.0
v_recovery_normal_s2;15900;ASH_COATED_OSMIUM;9998;8;9995;12;;;10000;19;10002;16;;;9999.0;0.0
v_recovery_normal_s2;16000;INTARIAN_PEPPER_ROOT;12387;16;12384;24;;;12389;16;12392;22;;;12388.0;0.0
v_recovery_normal_s2;16000;ASH_COATED_OSMIUM;9997;11;9994;19;;;10007;10;10010;14;;;10002.0;0.0
v_recovery_normal_s2;16100;INTARIAN_PEPPER_ROOT;12388;21;12386;16;;;12392;20;12394;16;;;12390.0;0.0
v_recovery_normal_s2;16100;ASH_COATED_OSMIUM;9992;18;9988;20;;;10008;12;10012;18;;;10000.0;0.0
v_recovery_normal_s2;16200;INTARIAN_PEPPER_ROOT;12377;8;12374;21;;;12399;7;12403;23;;;12388.0;0.0
v_recovery_normal_s2;16200;ASH_COATED_OSMIUM;9967;9;9964;23;;;10029;11;10033;21;;;9998.0;0.0
v_recovery_normal_s2;16300;INTARIAN_PEPPER_ROOT;12382;12;12380;24;;;12386;20;12388;11;;;12384.0;0.0
v_recovery_normal_s2;16300;ASH_COATED_OSMIUM;9997;10;9993;27;;;9999;11;10003;19;;;9998.0;0.0
v_recovery_normal_s2;16400;INTARIAN_PEPPER_ROOT;12368;14;12366;22;;;12402;14;12404;24;;;12385.0;0.0
v_recovery_normal_s2;16400;ASH_COATED_OSMIUM;9972;7;9968;24;;;10014;5;10016;28;;;9993.0;0.0
v_recovery_normal_s2;16500;INTARIAN_PEPPER_ROOT;12381;12;12378;10;;;12389;18;12391;11;;;12385.0;0.0
v_recovery_normal_s2;16500;ASH_COATED_OSMIUM;9994;5;9992;24;;;9996;11;9998;21;;;9995.0;0.0
v_recovery_normal_s2;16600;INTARIAN_PEPPER_ROOT;12382;6;12378;18;;;12388;19;12390;19;;;12385.0;0.0
v_recovery_normal_s2;16600;ASH_COATED_OSMIUM;9981;6;9977;24;;;10015;21;10019;17;;;9998.0;0.0
v_recovery_normal_s2;16700;INTARIAN_PEPPER_ROOT;12379;21;12375;25;;;12393;10;12397;24;;;12386.0;0.0
v_recovery_normal_s2;16700;ASH_COATED_OSMIUM;10003;12;9999;21;;;10005;13;10007;17;;;10004.0;0.0
v_recovery_normal_s2;16800;INTARIAN_PEPPER_ROOT;12390;6;12388;21;;;12396;19;12398;21;;;12393.0;0.0
v_recovery_normal_s2;16800;ASH_COATED_OSMIUM;9996;15;9994;14;;;10016;19;10020;28;;;10006.0;0.0
v_recovery_normal_s2;16900;INTARIAN_PEPPER_ROOT;12384;5;12382;22;;;12404;14;12406;14;;;12394.0;0.0
v_recovery_normal_s2;16900;ASH_COATED_OSMIUM;10009;6;10006;21;;;10011;12;10015;19;;;10010.0;0.0
v_recovery_normal_s2;17000;INTARIAN_PEPPER_ROOT;12363;9;12361;20;;;12431;13;12434;21;;;12397.0;0.0
v_recovery_normal_s2;17000;ASH_COATED_OSMIUM;10005;12;10003;12;;;10023;18;10027;22;;;10014.0;0.0
v_recovery_normal_s2;17100;INTARIAN_PEPPER_ROOT;12390;20;12388;34;;;12394;12;12396;16;;;12392.0;0.0
v_recovery_normal_s2;17100;ASH_COATED_OSMIUM;10004;15;10000;18;;;10028;14;10030;11;;;10016.0;0.0
v_recovery_normal_s2;17200;INTARIAN_PEPPER_ROOT;12389;5;12386;24;;;12397;27;12400;25;;;12393.0;0.0
v_recovery_normal_s2;17200;ASH_COATED_OSMIUM;10014;8;10010;22;;;10016;14;10019;15;;;10015.0;0.0
v_recovery_normal_s2;17300;INTARIAN_PEPPER_ROOT;12391;9;12389;22;;;12395;20;12398;9;;;12393.0;0.0
v_recovery_normal_s2;17300;ASH_COATED_OSMIUM;9996;15;9993;21;;;10026;10;10029;18;;;10011.0;0.0
v_recovery_normal_s2;17400;INTARIAN_PEPPER_ROOT;12391;18;12387;20;;;12393;26;12396;18;;;12392.0;0.0
v_recovery_normal_s2;17400;ASH_COATED_OSMIUM;9994;19;9992;27;;;10020;16;10023;15;;;10007.0;0.0
v_recovery_normal_s2;17500;INTARIAN_PEPPER_ROOT;12386;17;12383;25;;;12394;6;12396;11;;;12390.0;0.0
v_recovery_normal_s2;17500;ASH_COATED_OSMIUM;9979;16;9977;17;;;10035;16;10039;26;;;10007.0;0.0
v_recovery_normal_s2;17600;INTARIAN_PEPPER_ROOT;12387;9;12384;15;;;12393;15;12397;24;;;12390.0;0.0
v_recovery_normal_s2;17600;ASH_COATED_OSMIUM;10009;15;10007;19;;;10011;23;10013;17;;;10010.0;0.0
v_recovery_normal_s2;17700;INTARIAN_PEPPER_ROOT;12380;13;12376;20;;;12398;5;12401;10;;;12389.0;0.0
v_recovery_normal_s2;17700;ASH_COATED_OSMIUM;10006;14;10004;15;;;10008;10;10010;19;;;10007.0;0.0
v_recovery_normal_s2;17800;INTARIAN_PEPPER_ROOT;12381;19;12378;20;;;12393;7;12395;17;;;12387.0;0.0
v_recovery_normal_s2;17800;ASH_COATED_OSMIUM;10001;13;9997;20;;;10005;14;10008;22;;;10003.0;0.0
v_recovery_normal_s2;17900;INTARIAN_PEPPER_ROOT;12387;12;12384;23;;;12391;13;12395;26;;;12389.0;0.0
v_recovery_normal_s2;17900;ASH_COATED_OSMIUM;9991;12;9987;22;;;10011;20;10015;21;;;10001.0;0.0
v_recovery_normal_s2;18000;INTARIAN_PEPPER_ROOT;12385;16;12381;15;;;12397;10;12400;19;;;12391.0;0.0
v_recovery_normal_s2;18000;ASH_COATED_OSMIUM;9997;5;9994;15;;;10007;19;10010;21;;;10002.0;0.0
v_recovery_normal_s2;18100;INTARIAN_PEPPER_ROOT;12376;13;12374;19;;;12404;21;12406;22;;;12390.0;0.0
v_recovery_normal_s2;18100;ASH_COATED_OSMIUM;10000;13;9996;14;;;10002;9;10006;18;;;10001.0;0.0
v_recovery_normal_s2;18200;INTARIAN_PEPPER_ROOT;12383;17;12379;21;;;12395;17;12398;9;;;12389.0;0.0
v_recovery_normal_s2;18200;ASH_COATED_OSMIUM;9986;17;9984;10;;;10018;14;10022;18;;;10002.0;0.0
v_recovery_normal_s2;18300;INTARIAN_PEPPER_ROOT;12385;8;12383;19;;;12393;14;12395;18;;;12389.0;0.0
v_recovery_normal_s2;18300;ASH_COATED_OSMIUM;10005;16;10003;25;;;10007;9;10009;27;;;10006.0;0.0
v_recovery_normal_s2;18400;INTARIAN_PEPPER_ROOT;12376;7;12374;11;;;12406;16;12410;20;;;12391.0;0.0
v_recovery_normal_s2;18400;ASH_COATED_OSMIUM;9994;9;9990;25;;;10016;6;10020;24;;;10005.0;0.0
v_recovery_normal_s2;18500;INTARIAN_PEPPER_ROOT;12359;11;12357;30;;;12423;22;12427;14;;;12391.0;0.0
v_recovery_normal_s2;18500;ASH_COATED_OSMIUM;10004;14;10000;22;;;10006;8;10008;28;;;10005.0;0.0
v_recovery_normal_s2;18600;INTARIAN_PEPPER_ROOT;12380;24;12376;17;;;12396;18;12400;21;;;12388.0;0.0
v_recovery_normal_s2;18600;ASH_COATED_OSMIUM;9996;5;9992;14;;;10002;8;10005;14;;;9999.0;0.0
v_recovery_normal_s2;18700;INTARIAN_PEPPER_ROOT;12381;17;12379;26;;;12391;15;12394;29;;;12386.0;0.0
v_recovery_normal_s2;18700;ASH_COATED_OSMIUM;9997;12;9995;18;;;10005;13;10009;26;;;10001.0;0.0
v_recovery_normal_s2;18800;INTARIAN_PEPPER_ROOT;12382;16;12379;18;;;12390;13;12393;20;;;12386.0;0.0
v_recovery_normal_s2;18800;ASH_COATED_OSMIUM;9996;14;9993;20;;;10006;10;10010;27;;;10001.0;0.0
v_recovery_normal_s2;18900;INTARIAN_PEPPER_ROOT;12372;18;12369;15;;;12402;8;12404;26;;;12387.0;0.0
v_recovery_normal_s2;18900;ASH_COATED_OSMIUM;9988;16;9986;26;;;10016;18;10018;19;;;10002.0;0.0
v_recovery_normal_s2;19000;INTARIAN_PEPPER_ROOT;12382;19;12380;24;;;12396;18;12398;27;;;12389.0;0.0
v_recovery_normal_s2;19000;ASH_COATED_OSMIUM;9990;13;9986;17;;;10004;18;10008;19;;;9997.0;0.0
v_recovery_normal_s2;19100;INTARIAN_PEPPER_ROOT;12388;12;12385;26;;;12392;17;12396;12;;;12390.0;0.0
v_recovery_normal_s2;19100;ASH_COATED_OSMIUM;9986;14;9983;15;;;10016;19;10019;14;;;10001.0;0.0
v_recovery_normal_s2;19200;INTARIAN_PEPPER_ROOT;12386;18;12382;25;;;12388;17;12391;17;;;12387.0;0.0
v_recovery_normal_s2;19200;ASH_COATED_OSMIUM;9997;20;9995;24;;;10007;18;10009;19;;;10002.0;0.0
v_recovery_normal_s2;19300;INTARIAN_PEPPER_ROOT;12381;9;12377;20;;;12387;14;12390;21;;;12384.0;0.0
v_recovery_normal_s2;19300;ASH_COATED_OSMIUM;9996;19;9994;20;;;9998;16;10001;15;;;9997.0;0.0
v_recovery_normal_s2;19400;INTARIAN_PEPPER_ROOT;12380;9;12377;23;;;12384;26;12387;29;;;12382.0;0.0
v_recovery_normal_s2;19400;ASH_COATED_OSMIUM;9985;10;9982;23;;;10013;11;10017;11;;;9999.0;0.0
v_recovery_normal_s2;19500;INTARIAN_PEPPER_ROOT;12382;16;12379;21;;;12388;12;12392;23;;;12385.0;0.0
v_recovery_normal_s2;19500;ASH_COATED_OSMIUM;9988;7;9985;16;;;10016;24;10019;18;;;10002.0;0.0
v_recovery_normal_s2;19600;INTARIAN_PEPPER_ROOT;12376;13;12373;17;;;12392;21;12395;18;;;12384.0;0.0
v_recovery_normal_s2;19600;ASH_COATED_OSMIUM;10001;5;9998;15;;;10005;21;10007;17;;;10003.0;0.0
v_recovery_normal_s2;19700;INTARIAN_PEPPER_ROOT;12381;19;12377;22;;;12387;18;12391;18;;;12384.0;0.0
v_recovery_normal_s2;19700;ASH_COATED_OSMIUM;9984;11;9980;23;;;10022;16;10024;28;;;10003.0;0.0
v_recovery_normal_s2;19800;INTARIAN_PEPPER_ROOT;12383;9;12381;22;;;12389;13;12392;19;;;12386.0;0.0
v_recovery_normal_s2;19800;ASH_COATED_OSMIUM;9988;11;9985;23;;;10004;15;10007;21;;;9996.0;0.0
v_recovery_normal_s2;19900;INTARIAN_PEPPER_ROOT;12371;25;12367;23;;;12399;5;12402;12;;;12385.0;0.0
v_recovery_normal_s2;19900;ASH_COATED_OSMIUM;9993;22;9991;25;;;9995;12;9997;22;;;9994.0;0.0
v_recovery_normal_s2;20000;INTARIAN_PEPPER_ROOT;12380;17;12378;21;;;12384;11;12388;24;;;12382.0;0.0
v_recovery_normal_s2;20000;ASH_COATED_OSMIUM;9990;5;9988;20;;;9992;17;9995;26;;;9991.0;0.0
v_recovery_normal_s2;20100;INTARIAN_PEPPER_ROOT;12379;18;12377;18;;;12381;15;12385;13;;;12380.0;0.0
v_recovery_normal_s2;20100;ASH_COATED_OSMIUM;9989;12;9985;18;;;9991;16;9995;15;;;9990.0;0.0
v_recovery_normal_s2;20200;INTARIAN_PEPPER_ROOT;12362;8;12359;13;;;12398;15;12401;15;;;12380.0;0.0
v_recovery_normal_s2;20200;ASH_COATED_OSMIUM;9970;12;9966;17;;;10012;17;10016;20;;;9991.0;0.0
v_recovery_normal_s2;20300;INTARIAN_PEPPER_ROOT;12365;9;12362;16;;;12399;6;12402;19;;;12382.0;0.0
v_recovery_normal_s2;20300;ASH_COATED_OSMIUM;9987;11;9984;16;;;10001;10;10005;12;;;9994.0;0.0
v_recovery_normal_s2;20400;INTARIAN_PEPPER_ROOT;12380;23;12376;25;;;12386;11;12389;17;;;12383.0;0.0
v_recovery_normal_s2;20400;ASH_COATED_OSMIUM;9956;12;9952;24;;;10046;18;10050;24;;;10001.0;0.0
v_recovery_normal_s2;20500;INTARIAN_PEPPER_ROOT;12374;12;12372;13;;;12386;18;12390;22;;;12380.0;0.0
v_recovery_normal_s2;20500;ASH_COATED_OSMIUM;9989;14;9987;22;;;10013;13;10016;24;;;10001.0;0.0
v_recovery_normal_s2;20600;INTARIAN_PEPPER_ROOT;12369;13;12366;18;;;12393;16;12397;19;;;12381.0;0.0
v_recovery_normal_s2;20600;ASH_COATED_OSMIUM;10004;17;10000;17;;;10006;7;10010;19;;;10005.0;0.0
v_recovery_normal_s2;20700;INTARIAN_PEPPER_ROOT;12380;23;12378;27;;;12384;10;12387;14;;;12382.0;0.0
v_recovery_normal_s2;20700;ASH_COATED_OSMIUM;9965;15;9963;20;;;10037;16;10039;24;;;10001.0;0.0
v_recovery_normal_s2;20800;INTARIAN_PEPPER_ROOT;12361;13;12359;23;;;12397;23;12399;22;;;12379.0;0.0
v_recovery_normal_s2;20800;ASH_COATED_OSMIUM;9993;14;9990;12;;;9999;12;10003;19;;;9996.0;0.0
v_recovery_normal_s2;20900;INTARIAN_PEPPER_ROOT;12370;14;12368;18;;;12388;22;12391;23;;;12379.0;0.0
v_recovery_normal_s2;20900;ASH_COATED_OSMIUM;9990;14;9986;24;;;10000;14;10002;15;;;9995.0;0.0
v_recovery_normal_s2;21000;INTARIAN_PEPPER_ROOT;12374;13;12371;17;;;12376;14;12378;22;;;12375.0;0.0
v_recovery_normal_s2;21000;ASH_COATED_OSMIUM;9989;7;9986;16;;;10005;16;10009;20;;;9997.0;0.0
v_recovery_normal_s2;21100;INTARIAN_PEPPER_ROOT;12369;11;12365;17;;;12379;18;12382;16;;;12374.0;0.0
v_recovery_normal_s2;21100;ASH_COATED_OSMIUM;9984;11;9981;15;;;10006;8;10009;12;;;9995.0;0.0
v_recovery_normal_s2;21200;INTARIAN_PEPPER_ROOT;12371;11;12367;14;;;12375;15;12379;16;;;12373.0;0.0
v_recovery_normal_s2;21200;ASH_COATED_OSMIUM;9977;8;9975;18;;;10017;12;10019;19;;;9997.0;0.0
v_recovery_normal_s2;21300;INTARIAN_PEPPER_ROOT;12361;7;12357;21;;;12379;11;12383;19;;;12370.0;0.0
v_recovery_normal_s2;21300;ASH_COATED_OSMIUM;9994;8;9992;30;;;10000;18;10003;31;;;9997.0;0.0
v_recovery_normal_s2;21400;INTARIAN_PEPPER_ROOT;12366;9;12362;20;;;12370;5;12374;16;;;12368.0;0.0
v_recovery_normal_s2;21400;ASH_COATED_OSMIUM;9997;19;9993;20;;;9999;5;10002;16;;;9998.0;0.0
v_recovery_normal_s2;21500;INTARIAN_PEPPER_ROOT;12366;19;12362;25;;;12368;24;12371;17;;;12367.0;0.0
v_recovery_normal_s2;21500;ASH_COATED_OSMIUM;9996;14;9994;17;;;10002;13;10004;18;;;9999.0;0.0
v_recovery_normal_s2;21600;INTARIAN_PEPPER_ROOT;12359;10;12355;15;;;12373;8;12375;19;;;12366.0;0.0
v_recovery_normal_s2;21600;ASH_COATED_OSMIUM;9984;10;9981;21;;;10006;8;10010;25;;;9995.0;0.0
v_recovery_normal_s2;21700;INTARIAN_PEPPER_ROOT;12364;21;12360;25;;;12368;11;12370;20;;;12366.0;0.0
v_recovery_normal_s2;21700;ASH_COATED_OSMIUM;9992;19;9990;23;;;10004;13;10007;15;;;9998.0;0.0
v_recovery_normal_s2;21800;INTARIAN_PEPPER_ROOT;12357;11;12353;18;;;12375;11;12378;18;;;12366.0;0.0
v_recovery_normal_s2;21800;ASH_COATED_OSMIUM;9981;18;9977;18;;;10017;13;10019;19;;;9999.0;0.0
v_recovery_normal_s2;21900;INTARIAN_PEPPER_ROOT;12334;19;12331;25;;;12394;13;12396;20;;;12364.0;0.0
v_recovery_normal_s2;21900;ASH_COATED_OSMIUM;9996;6;9992;21;;;9998;7;10001;20;;;9997.0;0.0
v_recovery_normal_s2;22000;INTARIAN_PEPPER_ROOT;12362;11;12360;22;;;12364;20;12367;25;;;12363.0;0.0
v_recovery_normal_s2;22000;ASH_COATED_OSMIUM;9997;9;9993;16;;;9999;12;10001;11;;;9998.0;0.0
v_recovery_normal_s2;22100;INTARIAN_PEPPER_ROOT;12364;16;12362;19;;;12370;17;12373;22;;;12367.0;0.0
v_recovery_normal_s2;22100;ASH_COATED_OSMIUM;9999;5;9995;18;;;10001;13;10005;18;;;10000.0;0.0
v_recovery_normal_s2;22200;INTARIAN_PEPPER_ROOT;12365;28;12361;24;;;12367;11;12370;21;;;12366.0;0.0
v_recovery_normal_s2;22200;ASH_COATED_OSMIUM;9989;14;9985;25;;;10011;12;10013;26;;;10000.0;0.0
v_recovery_normal_s2;22300;INTARIAN_PEPPER_ROOT;12362;26;12360;17;;;12366;24;12369;23;;;12364.0;0.0
v_recovery_normal_s2;22300;ASH_COATED_OSMIUM;9996;14;9992;31;;;10000;11;10002;14;;;9998.0;0.0
v_recovery_normal_s2;22400;INTARIAN_PEPPER_ROOT;12360;13;12356;25;;;12368;13;12372;21;;;12364.0;0.0
v_recovery_normal_s2;22400;ASH_COATED_OSMIUM;9999;14;9996;15;;;10001;11;10004;18;;;10000.0;0.0
v_recovery_normal_s2;22500;INTARIAN_PEPPER_ROOT;12356;22;12354;13;;;12364;11;12368;11;;;12360.0;0.0
v_recovery_normal_s2;22500;ASH_COATED_OSMIUM;10001;14;9998;21;;;10003;5;10007;22;;;10002.0;0.0
v_recovery_normal_s2;22600;INTARIAN_PEPPER_ROOT;12359;18;12357;22;;;12365;20;12368;20;;;12362.0;0.0
v_recovery_normal_s2;22600;ASH_COATED_OSMIUM;9992;8;9988;16;;;10012;5;10015;31;;;10002.0;0.0
v_recovery_normal_s2;22700;INTARIAN_PEPPER_ROOT;12345;8;12343;18;;;12379;18;12383;11;;;12362.0;0.0
v_recovery_normal_s2;22700;ASH_COATED_OSMIUM;10000;12;9998;17;;;10002;13;10006;17;;;10001.0;0.0
v_recovery_normal_s2;22800;INTARIAN_PEPPER_ROOT;12363;19;12360;21;;;12365;7;12369;20;;;12364.0;0.0
v_recovery_normal_s2;22800;ASH_COATED_OSMIUM;9994;14;9990;29;;;10004;11;10008;15;;;9999.0;0.0
v_recovery_normal_s2;22900;INTARIAN_PEPPER_ROOT;12363;9;12361;17;;;12367;11;12370;28;;;12365.0;0.0
v_recovery_normal_s2;22900;ASH_COATED_OSMIUM;9996;15;9994;18;;;10006;7;10008;18;;;10001.0;0.0
v_recovery_normal_s2;23000;INTARIAN_PEPPER_ROOT;12364;22;12361;16;;;12366;10;12368;26;;;12365.0;0.0
v_recovery_normal_s2;23000;ASH_COATED_OSMIUM;9982;12;9978;21;;;10020;10;10023;23;;;10001.0;0.0
v_recovery_normal_s2;23100;INTARIAN_PEPPER_ROOT;12360;7;12357;21;;;12372;13;12374;16;;;12366.0;0.0
v_recovery_normal_s2;23100;ASH_COATED_OSMIUM;9997;16;9995;20;;;10003;12;10007;24;;;10000.0;0.0
v_recovery_normal_s2;23200;INTARIAN_PEPPER_ROOT;12345;12;12342;16;;;12387;9;12391;19;;;12366.0;0.0
v_recovery_normal_s2;23200;ASH_COATED_OSMIUM;9990;14;9987;28;;;10012;10;10016;26;;;10001.0;0.0
v_recovery_normal_s2;23300;INTARIAN_PEPPER_ROOT;12363;13;12361;24;;;12365;18;12367;22;;;12364.0;0.0
v_recovery_normal_s2;23300;ASH_COATED_OSMIUM;10000;8;9997;18;;;10004;9;10006;19;;;10002.0;0.0
v_recovery_normal_s2;23400;INTARIAN_PEPPER_ROOT;12349;16;12346;8;;;12373;24;12375;17;;;12361.0;0.0
v_recovery_normal_s2;23400;ASH_COATED_OSMIUM;9985;12;9982;23;;;10015;18;10017;17;;;10000.0;0.0
v_recovery_normal_s2;23500;INTARIAN_PEPPER_ROOT;12359;11;12356;24;;;12361;9;12364;18;;;12360.0;0.0
v_recovery_normal_s2;23500;ASH_COATED_OSMIUM;9985;5;9981;19;;;10017;7;10019;26;;;10001.0;0.0
v_recovery_normal_s2;23600;INTARIAN_PEPPER_ROOT;12333;14;12329;15;;;12375;22;12378;22;;;12354.0;0.0
v_recovery_normal_s2;23600;ASH_COATED_OSMIUM;10001;5;9998;21;;;10009;9;10012;16;;;10005.0;0.0
v_recovery_normal_s2;23700;INTARIAN_PEPPER_ROOT;12355;10;12352;19;;;12359;14;12361;13;;;12357.0;0.0
v_recovery_normal_s2;23700;ASH_COATED_OSMIUM;9977;21;9973;15;;;10037;14;10040;13;;;10007.0;0.0
v_recovery_normal_s2;23800;INTARIAN_PEPPER_ROOT;12345;11;12342;18;;;12363;9;12365;25;;;12354.0;0.0
v_recovery_normal_s2;23800;ASH_COATED_OSMIUM;10001;11;9999;21;;;10019;12;10022;26;;;10010.0;0.0
v_recovery_normal_s2;23900;INTARIAN_PEPPER_ROOT;12346;5;12343;26;;;12360;11;12364;19;;;12353.0;0.0
v_recovery_normal_s2;23900;ASH_COATED_OSMIUM;10005;15;10002;16;;;10013;9;10016;13;;;10009.0;0.0
v_recovery_normal_s2;24000;INTARIAN_PEPPER_ROOT;12349;14;12347;20;;;12351;13;12353;28;;;12350.0;0.0
v_recovery_normal_s2;24000;ASH_COATED_OSMIUM;10004;20;10001;19;;;10006;10;10010;20;;;10005.0;0.0
v_recovery_normal_s2;24100;INTARIAN_PEPPER_ROOT;12337;22;12334;23;;;12353;17;12357;26;;;12345.0;0.0
v_recovery_normal_s2;24100;ASH_COATED_OSMIUM;10004;15;10000;25;;;10006;6;10009;23;;;10005.0;0.0
v_recovery_normal_s2;24200;INTARIAN_PEPPER_ROOT;12342;9;12339;12;;;12346;17;12349;22;;;12344.0;0.0
v_recovery_normal_s2;24200;ASH_COATED_OSMIUM;10001;13;9998;17;;;10003;10;10006;22;;;10002.0;0.0
v_recovery_normal_s2;24300;INTARIAN_PEPPER_ROOT;12341;15;12338;22;;;12343;14;12345;14;;;12342.0;0.0
v_recovery_normal_s2;24300;ASH_COATED_OSMIUM;10004;21;10000;15;;;10008;15;10010;11;;;10006.0;0.0
v_recovery_normal_s2;24400;INTARIAN_PEPPER_ROOT;12335;14;12331;16;;;12349;17;12353;17;;;12342.0;0.0
v_recovery_normal_s2;24400;ASH_COATED_OSMIUM;9992;9;9988;20;;;10010;5;10012;24;;;10001.0;0.0
v_recovery_normal_s2;24500;INTARIAN_PEPPER_ROOT;12334;13;12330;15;;;12352;15;12356;10;;;12343.0;0.0
v_recovery_normal_s2;24500;ASH_COATED_OSMIUM;9996;11;9994;18;;;10008;6;10011;13;;;10002.0;0.0
v_recovery_normal_s2;24600;INTARIAN_PEPPER_ROOT;12336;14;12333;20;;;12346;15;12349;23;;;12341.0;0.0
v_recovery_normal_s2;24600;ASH_COATED_OSMIUM;9980;15;9976;19;;;10032;8;10036;13;;;10006.0;0.0
v_recovery_normal_s2;24700;INTARIAN_PEPPER_ROOT;12340;5;12337;21;;;12342;21;12346;16;;;12341.0;0.0
v_recovery_normal_s2;24700;ASH_COATED_OSMIUM;9993;5;9989;16;;;10021;16;10025;8;;;10007.0;0.0
v_recovery_normal_s2;24800;INTARIAN_PEPPER_ROOT;12340;24;12338;24;;;12342;14;12345;21;;;12341.0;0.0
v_recovery_normal_s2;24800;ASH_COATED_OSMIUM;10008;10;10005;13;;;10010;14;10013;27;;;10009.0;0.0
v_recovery_normal_s2;24900;INTARIAN_PEPPER_ROOT;12337;14;12333;18;;;12343;19;12345;16;;;12340.0;0.0
v_recovery_normal_s2;24900;ASH_COATED_OSMIUM;9984;10;9982;20;;;10030;10;10033;24;;;10007.0;0.0
v_recovery_normal_s2;25000;INTARIAN_PEPPER_ROOT;12331;21;12327;23;;;12347;11;12350;20;;;12339.0;0.0
v_recovery_normal_s2;25000;ASH_COATED_OSMIUM;9998;21;9996;28;;;10014;15;10017;23;;;10006.0;0.0
v_recovery_normal_s2;25100;INTARIAN_PEPPER_ROOT;12334;27;12330;14;;;12344;16;12348;29;;;12339.0;0.0
v_recovery_normal_s2;25100;ASH_COATED_OSMIUM;9995;9;9991;12;;;10013;13;10016;18;;;10004.0;0.0
v_recovery_normal_s2;25200;INTARIAN_PEPPER_ROOT;12332;16;12330;25;;;12346;15;12350;14;;;12339.0;0.0
v_recovery_normal_s2;25200;ASH_COATED_OSMIUM;10010;17;10006;22;;;10012;9;10014;15;;;10011.0;0.0
v_recovery_normal_s2;25300;INTARIAN_PEPPER_ROOT;12334;16;12331;13;;;12342;5;12346;12;;;12338.0;0.0
v_recovery_normal_s2;25300;ASH_COATED_OSMIUM;10011;5;10009;9;;;10013;19;10015;11;;;10012.0;0.0
v_recovery_normal_s2;25400;INTARIAN_PEPPER_ROOT;12327;10;12323;21;;;12339;14;12341;16;;;12333.0;0.0
v_recovery_normal_s2;25400;ASH_COATED_OSMIUM;10010;9;10006;16;;;10012;6;10015;20;;;10011.0;0.0
v_recovery_normal_s2;25500;INTARIAN_PEPPER_ROOT;12323;11;12321;23;;;12341;11;12345;14;;;12332.0;0.0
v_recovery_normal_s2;25500;ASH_COATED_OSMIUM;10012;15;10008;27;;;10018;15;10021;22;;;10015.0;0.0
v_recovery_normal_s2;25600;INTARIAN_PEPPER_ROOT;12320;5;12316;21;;;12344;16;12347;15;;;12332.0;0.0
v_recovery_normal_s2;25600;ASH_COATED_OSMIUM;10010;9;10007;20;;;10020;10;10022;21;;;10015.0;0.0
v_recovery_normal_s2;25700;INTARIAN_PEPPER_ROOT;12329;17;12326;18;;;12335;15;12339;22;;;12332.0;0.0
v_recovery_normal_s2;25700;ASH_COATED_OSMIUM;10011;22;10008;13;;;10019;8;10022;20;;;10015.0;0.0
v_recovery_normal_s2;25800;INTARIAN_PEPPER_ROOT;12324;7;12322;23;;;12340;7;12343;21;;;12332.0;0.0
v_recovery_normal_s2;25800;ASH_COATED_OSMIUM;10015;10;10011;13;;;10019;5;10021;19;;;10017.0;0.0
v_recovery_normal_s2;25900;INTARIAN_PEPPER_ROOT;12332;24;12329;17;;;12340;17;12342;15;;;12336.0;0.0
v_recovery_normal_s2;25900;ASH_COATED_OSMIUM;10020;19;10017;20;;;10026;14;10030;32;;;10023.0;0.0
v_recovery_normal_s2;26000;INTARIAN_PEPPER_ROOT;12333;10;12330;8;;;12337;6;12340;14;;;12335.0;0.0
v_recovery_normal_s2;26000;ASH_COATED_OSMIUM;10019;17;10017;22;;;10025;9;10028;12;;;10022.0;0.0
v_recovery_normal_s2;26100;INTARIAN_PEPPER_ROOT;12335;19;12332;27;;;12337;5;12339;15;;;12336.0;0.0
v_recovery_normal_s2;26100;ASH_COATED_OSMIUM;10021;13;10017;12;;;10023;19;10025;25;;;10022.0;0.0
v_recovery_normal_s2;26200;INTARIAN_PEPPER_ROOT;12332;18;12329;22;;;12334;14;12337;21;;;12333.0;0.0
v_recovery_normal_s2;26200;ASH_COATED_OSMIUM;10014;26;10010;21;;;10020;17;10022;22;;;10017.0;0.0
v_recovery_normal_s2;26300;INTARIAN_PEPPER_ROOT;12319;18;12317;16;;;12343;9;12347;21;;;12331.0;0.0
v_recovery_normal_s2;26300;ASH_COATED_OSMIUM;10020;6;10017;17;;;10022;15;10026;23;;;10021.0;0.0
v_recovery_normal_s2;26400;INTARIAN_PEPPER_ROOT;12326;16;12322;24;;;12332;9;12335;19;;;12329.0;0.0
v_recovery_normal_s2;26400;ASH_COATED_OSMIUM;10022;10;10018;16;;;10026;16;10029;19;;;10024.0;0.0
v_recovery_normal_s2;26500;INTARIAN_PEPPER_ROOT;12319;12;12316;26;;;12335;14;12337;17;;;12327.0;0.0
v_recovery_normal_s2;26500;ASH_COATED_OSMIUM;10016;7;10014;21;;;10026;24;10029;13;;;10021.0;0.0
v_recovery_normal_s2;26600;INTARIAN_PEPPER_ROOT;12323;10;12321;19;;;12329;14;12332;24;;;12326.0;0.0
v_recovery_normal_s2;26600;ASH_COATED_OSMIUM;10012;13;10010;26;;;10016;12;10019;22;;;10014.0;0.0
v_recovery_normal_s2;26700;INTARIAN_PEPPER_ROOT;12320;20;12316;25;;;12326;12;12329;18;;;12323.0;0.0
v_recovery_normal_s2;26700;ASH_COATED_OSMIUM;10019;5;10015;15;;;10021;17;10024;27;;;10020.0;0.0
v_recovery_normal_s2;26800;INTARIAN_PEPPER_ROOT;12318;14;12315;23;;;12326;15;12328;19;;;12322.0;0.0
v_recovery_normal_s2;26800;ASH_COATED_OSMIUM;10013;15;10010;17;;;10015;11;10018;20;;;10014.0;0.0
v_recovery_normal_s2;26900;INTARIAN_PEPPER_ROOT;12308;24;12305;20;;;12330;14;12334;26;;;12319.0;0.0
v_recovery_normal_s2;26900;ASH_COATED_OSMIUM;10000;5;9996;27;;;10020;19;10023;16;;;10010.0;0.0
v_recovery_normal_s2;27000;INTARIAN_PEPPER_ROOT;12306;10;12302;11;;;12324;15;12326;14;;;12315.0;0.0
v_recovery_normal_s2;27000;ASH_COATED_OSMIUM;10006;7;10003;27;;;10014;20;10017;29;;;10010.0;0.0
v_recovery_normal_s2;27100;INTARIAN_PEPPER_ROOT;12313;17;12309;15;;;12315;26;12317;16;;;12314.0;0.0
v_recovery_normal_s2;27100;ASH_COATED_OSMIUM;10011;5;10007;19;;;10013;8;10015;25;;;10012.0;0.0
v_recovery_normal_s2;27200;INTARIAN_PEPPER_ROOT;12309;9;12305;25;;;12313;21;12315;20;;;12311.0;0.0
v_recovery_normal_s2;27200;ASH_COATED_OSMIUM;10006;17;10002;17;;;10024;6;10028;16;;;10015.0;0.0
v_recovery_normal_s2;27300;INTARIAN_PEPPER_ROOT;12287;5;12283;18;;;12331;14;12333;29;;;12309.0;0.0
v_recovery_normal_s2;27300;ASH_COATED_OSMIUM;10007;16;10004;22;;;10011;5;10013;20;;;10009.0;0.0
v_recovery_normal_s2;27400;INTARIAN_PEPPER_ROOT;12306;7;12303;23;;;12308;11;12312;30;;;12307.0;0.0
v_recovery_normal_s2;27400;ASH_COATED_OSMIUM;10012;18;10010;14;;;10022;8;10024;21;;;10017.0;0.0
v_recovery_normal_s2;27500;INTARIAN_PEPPER_ROOT;12290;11;12287;17;;;12320;8;12324;18;;;12305.0;0.0
v_recovery_normal_s2;27500;ASH_COATED_OSMIUM;10004;14;10001;22;;;10028;8;10030;17;;;10016.0;0.0
v_recovery_normal_s2;27600;INTARIAN_PEPPER_ROOT;12304;14;12300;15;;;12310;18;12313;20;;;12307.0;0.0
v_recovery_normal_s2;27600;ASH_COATED_OSMIUM;10010;6;10007;23;;;10012;16;10015;14;;;10011.0;0.0
v_recovery_normal_s2;27700;INTARIAN_PEPPER_ROOT;12306;19;12302;21;;;12312;11;12314;19;;;12309.0;0.0
v_recovery_normal_s2;27700;ASH_COATED_OSMIUM;10003;8;10001;15;;;10007;15;10011;18;;;10005.0;0.0
v_recovery_normal_s2;27800;INTARIAN_PEPPER_ROOT;12309;22;12306;8;;;12311;27;12313;22;;;12310.0;0.0
v_recovery_normal_s2;27800;ASH_COATED_OSMIUM;9975;17;9972;19;;;10031;9;10033;11;;;10003.0;0.0
v_recovery_normal_s2;27900;INTARIAN_PEPPER_ROOT;12307;15;12303;17;;;12309;12;12312;25;;;12308.0;0.0
v_recovery_normal_s2;27900;ASH_COATED_OSMIUM;10001;14;9998;18;;;10005;13;10009;19;;;10003.0;0.0
v_recovery_normal_s2;28000;INTARIAN_PEPPER_ROOT;12307;19;12303;16;;;12317;13;12320;10;;;12312.0;0.0
v_recovery_normal_s2;28000;ASH_COATED_OSMIUM;9996;7;9992;15;;;10016;15;10018;21;;;10006.0;0.0
v_recovery_normal_s2;28100;INTARIAN_PEPPER_ROOT;12282;6;12278;23;;;12332;13;12334;24;;;12307.0;0.0
v_recovery_normal_s2;28100;ASH_COATED_OSMIUM;10003;19;10000;23;;;10011;10;10014;17;;;10007.0;0.0
v_recovery_normal_s2;28200;INTARIAN_PEPPER_ROOT;12298;13;12296;21;;;12308;15;12311;21;;;12303.0;0.0
v_recovery_normal_s2;28200;ASH_COATED_OSMIUM;10007;7;10003;18;;;10013;19;10016;20;;;10010.0;0.0
v_recovery_normal_s2;28300;INTARIAN_PEPPER_ROOT;12293;12;12289;19;;;12313;18;12317;20;;;12303.0;0.0
v_recovery_normal_s2;28300;ASH_COATED_OSMIUM;9999;11;9995;20;;;10019;18;10021;23;;;10009.0;0.0
v_recovery_normal_s2;28400;INTARIAN_PEPPER_ROOT;12294;18;12292;21;;;12310;17;12312;26;;;12302.0;0.0
v_recovery_normal_s2;28400;ASH_COATED_OSMIUM;10009;10;10007;28;;;10011;21;10013;16;;;10010.0;0.0
v_recovery_normal_s2;28500;INTARIAN_PEPPER_ROOT;12294;19;12290;14;;;12308;9;12310;24;;;12301.0;0.0
v_recovery_normal_s2;28500;ASH_COATED_OSMIUM;10012;16;10010;14;;;10016;13;10020;24;;;10014.0;0.0
v_recovery_normal_s2;28600;INTARIAN_PEPPER_ROOT;12298;12;12294;30;;;12302;15;12306;26;;;12300.0;0.0
v_recovery_normal_s2;28600;ASH_COATED_OSMIUM;10009;16;10007;21;;;10013;5;10016;17;;;10011.0;0.0
v_recovery_normal_s2;28700;INTARIAN_PEPPER_ROOT;12293;13;12291;24;;;12301;17;12303;24;;;12297.0;0.0
v_recovery_normal_s2;28700;ASH_COATED_OSMIUM;9993;22;9991;22;;;10025;12;10029;26;;;10009.0;0.0
v_recovery_normal_s2;28800;INTARIAN_PEPPER_ROOT;12293;19;12290;22;;;12295;14;12298;10;;;12294.0;0.0
v_recovery_normal_s2;28800;ASH_COATED_OSMIUM;9995;15;9993;24;;;10019;12;10021;21;;;10007.0;0.0
v_recovery_normal_s2;28900;INTARIAN_PEPPER_ROOT;12295;9;12292;8;;;12297;25;12299;20;;;12296.0;0.0
v_recovery_normal_s2;28900;ASH_COATED_OSMIUM;9994;19;9992;21;;;10006;13;10009;24;;;10000.0;0.0
v_recovery_normal_s2;29000;INTARIAN_PEPPER_ROOT;12296;18;12294;20;;;12298;10;12300;18;;;12297.0;0.0
v_recovery_normal_s2;29000;ASH_COATED_OSMIUM;9999;12;9997;21;;;10009;8;10013;18;;;10004.0;0.0
v_recovery_normal_s2;29100;INTARIAN_PEPPER_ROOT;12294;15;12290;22;;;12296;11;12299;16;;;12295.0;0.0
v_recovery_normal_s2;29100;ASH_COATED_OSMIUM;10000;10;9996;19;;;10004;5;10007;13;;;10002.0;0.0
v_recovery_normal_s2;29200;INTARIAN_PEPPER_ROOT;12298;11;12295;24;;;12300;18;12303;26;;;12299.0;0.0
v_recovery_normal_s2;29200;ASH_COATED_OSMIUM;10003;19;10001;24;;;10005;8;10007;27;;;10004.0;0.0
v_recovery_normal_s2;29300;INTARIAN_PEPPER_ROOT;12282;11;12280;19;;;12310;14;12314;16;;;12296.0;0.0
v_recovery_normal_s2;29300;ASH_COATED_OSMIUM;10005;15;10003;18;;;10007;17;10009;19;;;10006.0;0.0
v_recovery_normal_s2;29400;INTARIAN_PEPPER_ROOT;12288;11;12284;13;;;12300;14;12302;14;;;12294.0;0.0
v_recovery_normal_s2;29400;ASH_COATED_OSMIUM;10003;14;10001;32;;;10005;16;10008;21;;;10004.0;0.0
v_recovery_normal_s2;29500;INTARIAN_PEPPER_ROOT;12287;17;12284;19;;;12303;23;12306;19;;;12295.0;0.0
v_recovery_normal_s2;29500;ASH_COATED_OSMIUM;9998;10;9996;16;;;10004;22;10007;25;;;10001.0;0.0
v_recovery_normal_s2;29600;INTARIAN_PEPPER_ROOT;12278;19;12275;29;;;12304;10;12307;14;;;12291.0;0.0
v_recovery_normal_s2;29600;ASH_COATED_OSMIUM;9992;7;9988;23;;;10016;12;10020;18;;;10004.0;0.0
v_recovery_normal_s2;29700;INTARIAN_PEPPER_ROOT;12270;9;12268;20;;;12308;14;12310;25;;;12289.0;0.0
v_recovery_normal_s2;29700;ASH_COATED_OSMIUM;9997;15;9994;22;;;9999;12;10002;17;;;9998.0;0.0
v_recovery_normal_s2;29800;INTARIAN_PEPPER_ROOT;12282;11;12280;26;;;12296;5;12300;17;;;12289.0;0.0
v_recovery_normal_s2;29800;ASH_COATED_OSMIUM;9994;18;9992;23;;;10004;13;10007;19;;;9999.0;0.0
v_recovery_normal_s2;29900;INTARIAN_PEPPER_ROOT;12286;13;12282;25;;;12288;5;12291;11;;;12287.0;0.0
v_recovery_normal_s2;29900;ASH_COATED_OSMIUM;9993;10;9990;26;;;9995;15;9998;18;;;9994.0;0.0
v_recovery_normal_s2;30000;INTARIAN_PEPPER_ROOT;12249;11;12247;18;;;12327;16;12330;15;;;12288.0;0.0
v_recovery_normal_s2;30000;ASH_COATED_OSMIUM;9980;7;9978;21;;;10006;12;10008;15;;;9993.0;0.0
v_recovery_normal_s2;30100;INTARIAN_PEPPER_ROOT;12285;10;12283;17;;;12293;15;12295;27;;;12289.0;0.0
v_recovery_normal_s2;30100;ASH_COATED_OSMIUM;9982;11;9978;10;;;9998;5;10001;13;;;9990.0;0.0
v_recovery_normal_s2;30200;INTARIAN_PEPPER_ROOT;12266;17;12264;15;;;12306;10;12310;16;;;12286.0;0.0
v_recovery_normal_s2;30200;ASH_COATED_OSMIUM;9987;12;9983;14;;;9989;6;9992;25;;;9988.0;0.0
v_recovery_normal_s2;30300;INTARIAN_PEPPER_ROOT;12260;20;12257;12;;;12310;19;12313;27;;;12285.0;0.0
v_recovery_normal_s2;30300;ASH_COATED_OSMIUM;9976;11;9972;22;;;10002;14;10006;9;;;9989.0;0.0
v_recovery_normal_s2;30400;INTARIAN_PEPPER_ROOT;12281;12;12279;20;;;12285;18;12287;26;;;12283.0;0.0
v_recovery_normal_s2;30400;ASH_COATED_OSMIUM;9979;11;9977;18;;;10003;25;10007;25;;;9991.0;0.0
v_recovery_normal_s2;30500;INTARIAN_PEPPER_ROOT;12281;19;12277;17;;;12285;16;12289;24;;;12283.0;0.0
v_recovery_normal_s2;30500;ASH_COATED_OSMIUM;9973;29;9971;13;;;10009;19;10013;15;;;9991.0;0.0
v_recovery_normal_s2;30600;INTARIAN_PEPPER_ROOT;12261;13;12259;23;;;12301;21;12303;19;;;12281.0;0.0
v_recovery_normal_s2;30600;ASH_COATED_OSMIUM;9977;16;9973;22;;;10003;15;10007;23;;;9990.0;0.0
v_recovery_normal_s2;30700;INTARIAN_PEPPER_ROOT;12273;12;12270;23;;;12289;10;12293;18;;;12281.0;0.0
v_recovery_normal_s2;30700;ASH_COATED_OSMIUM;9975;16;9973;32;;;10007;14;10009;27;;;9991.0;0.0
v_recovery_normal_s2;30800;INTARIAN_PEPPER_ROOT;12280;16;12277;21;;;12286;8;12288;9;;;12283.0;0.0
v_recovery_normal_s2;30800;ASH_COATED_OSMIUM;9947;15;9945;11;;;10037;14;10041;24;;;9992.0;0.0
v_recovery_normal_s2;30900;INTARIAN_PEPPER_ROOT;12265;18;12262;8;;;12295;10;12299;16;;;12280.0;0.0
v_recovery_normal_s2;30900;ASH_COATED_OSMIUM;9995;9;9992;21;;;9997;11;10001;17;;;9996.0;0.0
v_recovery_normal_s2;31000;INTARIAN_PEPPER_ROOT;12281;12;12279;20;;;12283;12;12286;8;;;12282.0;0.0
v_recovery_normal_s2;31000;ASH_COATED_OSMIUM;9979;15;9975;24;;;10013;5;10015;27;;;9996.0;0.0
v_recovery_normal_s2;31100;INTARIAN_PEPPER_ROOT;12277;20;12275;25;;;12279;8;12283;26;;;12278.0;0.0
v_recovery_normal_s2;31100;ASH_COATED_OSMIUM;9997;15;9994;26;;;10003;8;10005;18;;;10000.0;0.0
v_recovery_normal_s2;31200;INTARIAN_PEPPER_ROOT;12258;21;12254;23;;;12290;12;12294;30;;;12274.0;0.0
v_recovery_normal_s2;31200;ASH_COATED_OSMIUM;9981;12;9977;21;;;10023;16;10027;17;;;10002.0;0.0
v_recovery_normal_s2;31300;INTARIAN_PEPPER_ROOT;12273;13;12269;24;;;12275;10;12277;14;;;12274.0;0.0
v_recovery_normal_s2;31300;ASH_COATED_OSMIUM;10003;5;9999;16;;;10005;20;10009;24;;;10004.0;0.0
v_recovery_normal_s2;31400;INTARIAN_PEPPER_ROOT;12255;29;12253;26;;;12289;18;12292;18;;;12272.0;0.0
v_recovery_normal_s2;31400;ASH_COATED_OSMIUM;10007;11;10004;18;;;10009;10;10012;20;;;10008.0;0.0
v_recovery_normal_s2;31500;INTARIAN_PEPPER_ROOT;12267;14;12264;23;;;12271;13;12274;25;;;12269.0;0.0
v_recovery_normal_s2;31500;ASH_COATED_OSMIUM;10004;7;10002;19;;;10010;14;10014;24;;;10007.0;0.0
v_recovery_normal_s2;31600;INTARIAN_PEPPER_ROOT;12267;14;12265;16;;;12269;20;12271;19;;;12268.0;0.0
v_recovery_normal_s2;31600;ASH_COATED_OSMIUM;9985;11;9982;22;;;10025;5;10028;9;;;10005.0;0.0
v_recovery_normal_s2;31700;INTARIAN_PEPPER_ROOT;12248;17;12246;20;;;12284;19;12286;8;;;12266.0;0.0
v_recovery_normal_s2;31700;ASH_COATED_OSMIUM;10004;11;10002;18;;;10010;5;10012;20;;;10007.0;0.0
v_recovery_normal_s2;31800;INTARIAN_PEPPER_ROOT;12248;17;12246;22;;;12284;5;12288;21;;;12266.0;0.0
v_recovery_normal_s2;31800;ASH_COATED_OSMIUM;9975;14;9971;17;;;10037;8;10041;22;;;10006.0;0.0
v_recovery_normal_s2;31900;INTARIAN_PEPPER_ROOT;12249;8;12246;18;;;12275;18;12279;16;;;12262.0;0.0
v_recovery_normal_s2;31900;ASH_COATED_OSMIUM;9991;13;9989;16;;;10029;13;10032;18;;;10010.0;0.0
v_recovery_normal_s2;32000;INTARIAN_PEPPER_ROOT;12261;11;12259;24;;;12263;7;12267;13;;;12262.0;0.0
v_recovery_normal_s2;32000;ASH_COATED_OSMIUM;10012;13;10009;23;;;10014;22;10018;20;;;10013.0;0.0
v_recovery_normal_s2;32100;INTARIAN_PEPPER_ROOT;12263;12;12261;21;;;12269;18;12273;19;;;12266.0;0.0
v_recovery_normal_s2;32100;ASH_COATED_OSMIUM;10008;6;10004;21;;;10010;7;10014;16;;;10009.0;0.0
v_recovery_normal_s2;32200;INTARIAN_PEPPER_ROOT;12266;22;12264;17;;;12268;11;12270;14;;;12267.0;0.0
v_recovery_normal_s2;32200;ASH_COATED_OSMIUM;10002;7;9998;18;;;10014;5;10018;28;;;10008.0;0.0
v_recovery_normal_s2;32300;INTARIAN_PEPPER_ROOT;12257;20;12253;21;;;12267;15;12269;16;;;12262.0;0.0
v_recovery_normal_s2;32300;ASH_COATED_OSMIUM;10003;9;10001;26;;;10009;13;10012;22;;;10006.0;0.0
v_recovery_normal_s2;32400;INTARIAN_PEPPER_ROOT;12261;19;12259;19;;;12265;22;12268;22;;;12263.0;0.0
v_recovery_normal_s2;32400;ASH_COATED_OSMIUM;10005;17;10002;25;;;10007;10;10009;17;;;10006.0;0.0
v_recovery_normal_s2;32500;INTARIAN_PEPPER_ROOT;12248;8;12245;22;;;12278;11;12281;14;;;12263.0;0.0
v_recovery_normal_s2;32500;ASH_COATED_OSMIUM;10004;7;10000;21;;;10008;12;10010;22;;;10006.0;0.0
v_recovery_normal_s2;32600;INTARIAN_PEPPER_ROOT;12261;25;12259;19;;;12271;15;12275;19;;;12266.0;0.0
v_recovery_normal_s2;32600;ASH_COATED_OSMIUM;9991;11;9987;20;;;10013;18;10016;8;;;10002.0;0.0
v_recovery_normal_s2;32700;INTARIAN_PEPPER_ROOT;12258;11;12255;17;;;12272;19;12274;17;;;12265.0;0.0
v_recovery_normal_s2;32700;ASH_COATED_OSMIUM;10005;12;10001;16;;;10007;12;10010;24;;;10006.0;0.0
v_recovery_normal_s2;32800;INTARIAN_PEPPER_ROOT;12263;10;12260;16;;;12265;14;12269;16;;;12264.0;0.0
v_recovery_normal_s2;32800;ASH_COATED_OSMIUM;9994;5;9990;24;;;10020;9;10022;9;;;10007.0;0.0
v_recovery_normal_s2;32900;INTARIAN_PEPPER_ROOT;12263;18;12259;20;;;12267;9;12271;21;;;12265.0;0.0
v_recovery_normal_s2;32900;ASH_COATED_OSMIUM;10000;12;9998;13;;;10016;11;10018;15;;;10008.0;0.0
v_recovery_normal_s2;33000;INTARIAN_PEPPER_ROOT;12256;16;12254;10;;;12276;23;12278;15;;;12266.0;0.0
v_recovery_normal_s2;33000;ASH_COATED_OSMIUM;9999;15;9995;10;;;10023;6;10025;18;;;10011.0;0.0
v_recovery_normal_s2;33100;INTARIAN_PEPPER_ROOT;12260;23;12256;21;;;12264;26;12266;16;;;12262.0;0.0
v_recovery_normal_s2;33100;ASH_COATED_OSMIUM;10005;10;10001;31;;;10019;11;10021;15;;;10012.0;0.0
v_recovery_normal_s2;33200;INTARIAN_PEPPER_ROOT;12261;6;12257;14;;;12265;18;12268;25;;;12263.0;0.0
v_recovery_normal_s2;33200;ASH_COATED_OSMIUM;10000;20;9997;21;;;10024;14;10026;22;;;10012.0;0.0
v_recovery_normal_s2;33300;INTARIAN_PEPPER_ROOT;12258;13;12256;20;;;12266;17;12269;22;;;12262.0;0.0
v_recovery_normal_s2;33300;ASH_COATED_OSMIUM;10002;6;9998;11;;;10020;17;10023;22;;;10011.0;0.0
v_recovery_normal_s2;33400;INTARIAN_PEPPER_ROOT;12260;20;12257;25;;;12266;20;12270;18;;;12263.0;0.0
v_recovery_normal_s2;33400;ASH_COATED_OSMIUM;9999;18;9995;17;;;10025;22;10029;20;;;10012.0;0.0
v_recovery_normal_s2;33500;INTARIAN_PEPPER_ROOT;12260;17;12258;26;;;12264;15;12267;21;;;12262.0;0.0
v_recovery_normal_s2;33500;ASH_COATED_OSMIUM;10002;12;9999;20;;;10022;5;10025;23;;;10012.0;0.0
v_recovery_normal_s2;33600;INTARIAN_PEPPER_ROOT;12262;26;12258;29;;;12264;8;12268;15;;;12263.0;0.0
v_recovery_normal_s2;33600;ASH_COATED_OSMIUM;10007;6;10004;14;;;10015;7;10018;22;;;10011.0;0.0
v_recovery_normal_s2;33700;INTARIAN_PEPPER_ROOT;12258;12;12255;13;;;12268;9;12272;30;;;12263.0;0.0
v_recovery_normal_s2;33700;ASH_COATED_OSMIUM;9994;11;9991;13;;;10016;5;10020;20;;;10005.0;0.0
v_recovery_normal_s2;33800;INTARIAN_PEPPER_ROOT;12252;8;12250;21;;;12276;5;12279;21;;;12264.0;0.0
v_recovery_normal_s2;33800;ASH_COATED_OSMIUM;10003;17;10000;25;;;10005;27;10009;22;;;10004.0;0.0
v_recovery_normal_s2;33900;INTARIAN_PEPPER_ROOT;12262;14;12259;15;;;12264;16;12266;13;;;12263.0;0.0
v_recovery_normal_s2;33900;ASH_COATED_OSMIUM;9982;5;9980;27;;;10022;17;10026;14;;;10002.0;0.0
v_recovery_normal_s2;34000;INTARIAN_PEPPER_ROOT;12252;8;12249;9;;;12270;18;12273;27;;;12261.0;0.0
v_recovery_normal_s2;34000;ASH_COATED_OSMIUM;9998;5;9996;30;;;10016;24;10018;24;;;10007.0;0.0
v_recovery_normal_s2;34100;INTARIAN_PEPPER_ROOT;12249;12;12246;31;;;12273;18;12276;17;;;12261.0;0.0
v_recovery_normal_s2;34100;ASH_COATED_OSMIUM;9971;12;9969;14;;;10041;18;10043;14;;;10006.0;0.0
v_recovery_normal_s2;34200;INTARIAN_PEPPER_ROOT;12205;17;12201;24;;;12317;21;12320;18;;;12261.0;0.0
v_recovery_normal_s2;34200;ASH_COATED_OSMIUM;10000;9;9998;23;;;10004;8;10007;29;;;10002.0;0.0
v_recovery_normal_s2;34300;INTARIAN_PEPPER_ROOT;12259;20;12257;20;;;12265;17;12267;16;;;12262.0;0.0
v_recovery_normal_s2;34300;ASH_COATED_OSMIUM;9986;17;9984;23;;;10022;17;10026;28;;;10004.0;0.0
v_recovery_normal_s2;34400;INTARIAN_PEPPER_ROOT;12256;18;12252;16;;;12274;15;12278;28;;;12265.0;0.0
v_recovery_normal_s2;34400;ASH_COATED_OSMIUM;10003;19;10001;27;;;10005;20;10008;21;;;10004.0;0.0
v_recovery_normal_s2;34500;INTARIAN_PEPPER_ROOT;12243;12;12241;15;;;12287;17;12289;25;;;12265.0;0.0
v_recovery_normal_s2;34500;ASH_COATED_OSMIUM;9988;14;9985;18;;;10012;7;10015;23;;;10000.0;0.0
v_recovery_normal_s2;34600;INTARIAN_PEPPER_ROOT;12258;8;12254;13;;;12272;7;12276;17;;;12265.0;0.0
v_recovery_normal_s2;34600;ASH_COATED_OSMIUM;9991;14;9988;18;;;10005;13;10007;28;;;9998.0;0.0
v_recovery_normal_s2;34700;INTARIAN_PEPPER_ROOT;12268;13;12264;18;;;12270;14;12274;11;;;12269.0;0.0
v_recovery_normal_s2;34700;ASH_COATED_OSMIUM;9999;22;9995;21;;;10001;11;10004;17;;;10000.0;0.0
v_recovery_normal_s2;34800;INTARIAN_PEPPER_ROOT;12265;24;12262;21;;;12273;13;12275;23;;;12269.0;0.0
v_recovery_normal_s2;34800;ASH_COATED_OSMIUM;9997;18;9994;20;;;10001;18;10005;10;;;9999.0;0.0
v_recovery_normal_s2;34900;INTARIAN_PEPPER_ROOT;12262;20;12259;19;;;12276;12;12280;19;;;12269.0;0.0
v_recovery_normal_s2;34900;ASH_COATED_OSMIUM;9992;10;9990;23;;;10004;15;10008;25;;;9998.0;0.0
v_recovery_normal_s2;35000;INTARIAN_PEPPER_ROOT;12266;24;12262;26;;;12268;19;12271;20;;;12267.0;0.0
v_recovery_normal_s2;35000;ASH_COATED_OSMIUM;9974;15;9972;21;;;10026;17;10029;24;;;10000.0;0.0
v_recovery_normal_s2;35100;INTARIAN_PEPPER_ROOT;12264;12;12261;8;;;12270;12;12272;16;;;12267.0;0.0
v_recovery_normal_s2;35100;ASH_COATED_OSMIUM;10002;10;9998;21;;;10004;20;10008;18;;;10003.0;0.0
v_recovery_normal_s2;35200;INTARIAN_PEPPER_ROOT;12268;18;12266;22;;;12270;15;12274;23;;;12269.0;0.0
v_recovery_normal_s2;35200;ASH_COATED_OSMIUM;10005;9;10002;19;;;10007;13;10010;15;;;10006.0;0.0
v_recovery_normal_s2;35300;INTARIAN_PEPPER_ROOT;12267;17;12264;19;;;12271;14;12274;18;;;12269.0;0.0
v_recovery_normal_s2;35300;ASH_COATED_OSMIUM;10007;5;10004;17;;;10013;6;10017;14;;;10010.0;0.0
v_recovery_normal_s2;35400;INTARIAN_PEPPER_ROOT;12263;5;12259;31;;;12281;16;12283;12;;;12272.0;0.0
v_recovery_normal_s2;35400;ASH_COATED_OSMIUM;10004;15;10001;32;;;10014;19;10018;20;;;10009.0;0.0
v_recovery_normal_s2;35500;INTARIAN_PEPPER_ROOT;12268;13;12265;24;;;12270;27;12274;24;;;12269.0;0.0
v_recovery_normal_s2;35500;ASH_COATED_OSMIUM;10001;7;9999;19;;;10009;13;10013;29;;;10005.0;0.0
v_recovery_normal_s2;35600;INTARIAN_PEPPER_ROOT;12264;8;12262;18;;;12266;10;12269;24;;;12265.0;0.0
v_recovery_normal_s2;35600;ASH_COATED_OSMIUM;10012;13;10008;20;;;10014;14;10018;14;;;10013.0;0.0
v_recovery_normal_s2;35700;INTARIAN_PEPPER_ROOT;12257;12;12253;22;;;12273;20;12277;21;;;12265.0;0.0
v_recovery_normal_s2;35700;ASH_COATED_OSMIUM;9992;12;9990;26;;;10030;6;10033;20;;;10011.0;0.0
v_recovery_normal_s2;35800;INTARIAN_PEPPER_ROOT;12256;21;12252;25;;;12268;8;12271;13;;;12262.0;0.0
v_recovery_normal_s2;35800;ASH_COATED_OSMIUM;9998;15;9995;22;;;10024;12;10028;15;;;10011.0;0.0
v_recovery_normal_s2;35900;INTARIAN_PEPPER_ROOT;12265;18;12261;21;;;12267;11;12269;23;;;12266.0;0.0
v_recovery_normal_s2;35900;ASH_COATED_OSMIUM;10012;17;10010;18;;;10020;7;10024;18;;;10016.0;0.0
v_recovery_normal_s2;36000;INTARIAN_PEPPER_ROOT;12267;16;12263;25;;;12271;15;12274;19;;;12269.0;0.0
v_recovery_normal_s2;36000;ASH_COATED_OSMIUM;10014;13;10010;17;;;10026;5;10028;26;;;10020.0;0.0
v_recovery_normal_s2;36100;INTARIAN_PEPPER_ROOT;12265;12;12263;22;;;12267;14;12271;20;;;12266.0;0.0
v_recovery_normal_s2;36100;ASH_COATED_OSMIUM;10005;17;10001;18;;;10021;9;10024;16;;;10013.0;0.0
v_recovery_normal_s2;36200;INTARIAN_PEPPER_ROOT;12264;8;12260;22;;;12266;17;12269;18;;;12265.0;0.0
v_recovery_normal_s2;36200;ASH_COATED_OSMIUM;10005;19;10001;27;;;10021;12;10024;18;;;10013.0;0.0
v_recovery_normal_s2;36300;INTARIAN_PEPPER_ROOT;12259;12;12256;22;;;12267;21;12270;12;;;12263.0;0.0
v_recovery_normal_s2;36300;ASH_COATED_OSMIUM;10006;5;10004;22;;;10018;11;10021;17;;;10012.0;0.0
v_recovery_normal_s2;36400;INTARIAN_PEPPER_ROOT;12256;14;12254;19;;;12270;14;12273;19;;;12263.0;0.0
v_recovery_normal_s2;36400;ASH_COATED_OSMIUM;9987;12;9984;11;;;10037;15;10041;19;;;10012.0;0.0
v_recovery_normal_s2;36500;INTARIAN_PEPPER_ROOT;12260;6;12257;30;;;12264;9;12268;18;;;12262.0;0.0
v_recovery_normal_s2;36500;ASH_COATED_OSMIUM;10003;16;10001;22;;;10013;12;10016;9;;;10008.0;0.0
v_recovery_normal_s2;36600;INTARIAN_PEPPER_ROOT;12258;5;12255;20;;;12270;23;12272;20;;;12264.0;0.0
v_recovery_normal_s2;36600;ASH_COATED_OSMIUM;10003;23;9999;20;;;10005;10;10007;21;;;10004.0;0.0
v_recovery_normal_s2;36700;INTARIAN_PEPPER_ROOT;12261;17;12258;21;;;12271;7;12273;27;;;12266.0;0.0
v_recovery_normal_s2;36700;ASH_COATED_OSMIUM;10000;5;9996;8;;;10006;13;10009;21;;;10003.0;0.0
v_recovery_normal_s2;36800;INTARIAN_PEPPER_ROOT;12263;13;12259;23;;;12267;25;12270;13;;;12265.0;0.0
v_recovery_normal_s2;36800;ASH_COATED_OSMIUM;9997;10;9993;12;;;10011;15;10015;30;;;10004.0;0.0
v_recovery_normal_s2;36900;INTARIAN_PEPPER_ROOT;12244;30;12242;21;;;12280;21;12283;26;;;12262.0;0.0
v_recovery_normal_s2;36900;ASH_COATED_OSMIUM;10003;19;10001;17;;;10005;10;10009;21;;;10004.0;0.0
v_recovery_normal_s2;37000;INTARIAN_PEPPER_ROOT;12256;12;12252;16;;;12270;11;12272;13;;;12263.0;0.0
v_recovery_normal_s2;37000;ASH_COATED_OSMIUM;10000;9;9996;14;;;10010;10;10014;16;;;10005.0;0.0
v_recovery_normal_s2;37100;INTARIAN_PEPPER_ROOT;12255;16;12252;20;;;12267;13;12269;16;;;12261.0;0.0
v_recovery_normal_s2;37100;ASH_COATED_OSMIUM;9985;11;9982;19;;;10017;10;10020;23;;;10001.0;0.0
v_recovery_normal_s2;37200;INTARIAN_PEPPER_ROOT;12255;15;12253;12;;;12273;14;12277;27;;;12264.0;0.0
v_recovery_normal_s2;37200;ASH_COATED_OSMIUM;9970;8;9966;16;;;10034;5;10037;19;;;10002.0;0.0
v_recovery_normal_s2;37300;INTARIAN_PEPPER_ROOT;12260;15;12257;22;;;12266;15;12269;15;;;12263.0;0.0
v_recovery_normal_s2;37300;ASH_COATED_OSMIUM;9992;30;9988;25;;;10004;23;10007;26;;;9998.0;0.0
v_recovery_normal_s2;37400;INTARIAN_PEPPER_ROOT;12258;27;12255;17;;;12270;25;12274;20;;;12264.0;0.0
v_recovery_normal_s2;37400;ASH_COATED_OSMIUM;9983;5;9980;18;;;10017;12;10020;23;;;10000.0;0.0
v_recovery_normal_s2;37500;INTARIAN_PEPPER_ROOT;12261;11;12257;11;;;12267;12;12271;21;;;12264.0;0.0
v_recovery_normal_s2;37500;ASH_COATED_OSMIUM;9991;22;9987;14;;;10005;18;10008;13;;;9998.0;0.0
v_recovery_normal_s2;37600;INTARIAN_PEPPER_ROOT;12262;17;12258;21;;;12264;15;12266;10;;;12263.0;0.0
v_recovery_normal_s2;37600;ASH_COATED_OSMIUM;9979;19;9976;20;;;10011;5;10015;19;;;9995.0;0.0
v_recovery_normal_s2;37700;INTARIAN_PEPPER_ROOT;12261;21;12259;23;;;12263;16;12267;19;;;12262.0;0.0
v_recovery_normal_s2;37700;ASH_COATED_OSMIUM;9994;13;9990;21;;;9996;21;9998;14;;;9995.0;0.0
v_recovery_normal_s2;37800;INTARIAN_PEPPER_ROOT;12261;15;12258;22;;;12263;22;12267;13;;;12262.0;0.0
v_recovery_normal_s2;37800;ASH_COATED_OSMIUM;9994;16;9990;20;;;10004;13;10007;21;;;9999.0;0.0
v_recovery_normal_s2;37900;INTARIAN_PEPPER_ROOT;12266;17;12263;19;;;12268;8;12272;22;;;12267.0;0.0
v_recovery_normal_s2;37900;ASH_COATED_OSMIUM;9999;18;9996;33;;;10005;10;10008;16;;;10002.0;0.0
v_recovery_normal_s2;38000;INTARIAN_PEPPER_ROOT;12266;13;12263;21;;;12270;18;12273;23;;;12268.0;0.0
v_recovery_normal_s2;38000;ASH_COATED_OSMIUM;10004;13;10000;22;;;10006;6;10009;27;;;10005.0;0.0
v_recovery_normal_s2;38100;INTARIAN_PEPPER_ROOT;12260;17;12256;27;;;12272;21;12276;22;;;12266.0;0.0
v_recovery_normal_s2;38100;ASH_COATED_OSMIUM;9995;10;9993;18;;;10011;12;10015;11;;;10003.0;0.0
v_recovery_normal_s2;38200;INTARIAN_PEPPER_ROOT;12265;22;12263;21;;;12271;12;12274;23;;;12268.0;0.0
v_recovery_normal_s2;38200;ASH_COATED_OSMIUM;10002;12;9998;27;;;10004;12;10007;23;;;10003.0;0.0
v_recovery_normal_s2;38300;INTARIAN_PEPPER_ROOT;12251;22;12247;20;;;12283;15;12285;17;;;12267.0;0.0
v_recovery_normal_s2;38300;ASH_COATED_OSMIUM;9997;9;9995;13;;;9999;6;10003;18;;;9998.0;0.0
v_recovery_normal_s2;38400;INTARIAN_PEPPER_ROOT;12251;16;12249;20;;;12277;9;12280;12;;;12264.0;0.0
v_recovery_normal_s2;38400;ASH_COATED_OSMIUM;9997;8;9994;16;;;9999;15;10002;14;;;9998.0;0.0
v_recovery_normal_s2;38500;INTARIAN_PEPPER_ROOT;12263;15;12261;33;;;12267;10;12270;24;;;12265.0;0.0
v_recovery_normal_s2;38500;ASH_COATED_OSMIUM;9983;8;9981;24;;;10023;14;10027;24;;;10003.0;0.0
v_recovery_normal_s2;38600;INTARIAN_PEPPER_ROOT;12257;20;12253;8;;;12275;7;12278;20;;;12266.0;0.0
v_recovery_normal_s2;38600;ASH_COATED_OSMIUM;9983;9;9979;25;;;10023;12;10027;27;;;10003.0;0.0
v_recovery_normal_s2;38700;INTARIAN_PEPPER_ROOT;12263;14;12261;16;;;12269;22;12271;8;;;12266.0;0.0
v_recovery_normal_s2;38700;ASH_COATED_OSMIUM;9991;16;9988;19;;;10021;14;10024;25;;;10006.0;0.0
v_recovery_normal_s2;38800;INTARIAN_PEPPER_ROOT;12260;5;12257;17;;;12264;18;12268;25;;;12262.0;0.0
v_recovery_normal_s2;38800;ASH_COATED_OSMIUM;10000;15;9998;25;;;10010;12;10014;18;;;10005.0;0.0
v_recovery_normal_s2;38900;INTARIAN_PEPPER_ROOT;12262;23;12259;24;;;12264;21;12266;23;;;12263.0;0.0
v_recovery_normal_s2;38900;ASH_COATED_OSMIUM;10003;5;10001;22;;;10005;9;10008;8;;;10004.0;0.0
v_recovery_normal_s2;39000;INTARIAN_PEPPER_ROOT;12262;16;12259;18;;;12270;18;12273;20;;;12266.0;0.0
v_recovery_normal_s2;39000;ASH_COATED_OSMIUM;9999;16;9997;27;;;10005;22;10009;12;;;10002.0;0.0
v_recovery_normal_s2;39100;INTARIAN_PEPPER_ROOT;12259;23;12255;16;;;12275;17;12279;20;;;12267.0;0.0
v_recovery_normal_s2;39100;ASH_COATED_OSMIUM;9995;7;9991;14;;;10003;10;10007;21;;;9999.0;0.0
v_recovery_normal_s2;39200;INTARIAN_PEPPER_ROOT;12260;12;12256;14;;;12278;20;12281;9;;;12269.0;0.0
v_recovery_normal_s2;39200;ASH_COATED_OSMIUM;9974;11;9971;23;;;10016;17;10019;15;;;9995.0;0.0
v_recovery_normal_s2;39300;INTARIAN_PEPPER_ROOT;12271;21;12267;21;;;12275;15;12277;23;;;12273.0;0.0
v_recovery_normal_s2;39300;ASH_COATED_OSMIUM;9989;5;9985;17;;;10013;14;10017;16;;;10001.0;0.0
v_recovery_normal_s2;39400;INTARIAN_PEPPER_ROOT;12267;9;12263;15;;;12283;20;12286;21;;;12275.0;0.0
v_recovery_normal_s2;39400;ASH_COATED_OSMIUM;10001;5;9998;13;;;10007;7;10010;15;;;10004.0;0.0
v_recovery_normal_s2;39500;INTARIAN_PEPPER_ROOT;12274;12;12271;17;;;12278;15;12281;20;;;12276.0;0.0
v_recovery_normal_s2;39500;ASH_COATED_OSMIUM;10005;11;10003;16;;;10009;17;10012;11;;;10007.0;0.0
v_recovery_normal_s2;39600;INTARIAN_PEPPER_ROOT;12270;18;12268;15;;;12280;15;12284;22;;;12275.0;0.0
v_recovery_normal_s2;39600;ASH_COATED_OSMIUM;10010;11;10008;22;;;10020;13;10024;24;;;10015.0;0.0
v_recovery_normal_s2;39700;INTARIAN_PEPPER_ROOT;12273;18;12271;20;;;12277;10;12281;24;;;12275.0;0.0
v_recovery_normal_s2;39700;ASH_COATED_OSMIUM;10003;17;10001;18;;;10017;12;10021;18;;;10010.0;0.0
v_recovery_normal_s2;39800;INTARIAN_PEPPER_ROOT;12271;20;12267;20;;;12275;15;12277;17;;;12273.0;0.0
v_recovery_normal_s2;39800;ASH_COATED_OSMIUM;10011;11;10008;13;;;10013;22;10017;21;;;10012.0;0.0
v_recovery_normal_s2;39900;INTARIAN_PEPPER_ROOT;12274;12;12272;24;;;12276;15;12278;17;;;12275.0;0.0
v_recovery_normal_s2;39900;ASH_COATED_OSMIUM;9986;20;9982;17;;;10036;23;10038;15;;;10011.0;0.0
v_recovery_normal_s2;40000;INTARIAN_PEPPER_ROOT;12265;6;12261;12;;;12281;14;12284;22;;;12273.0;0.0
v_recovery_normal_s2;40000;ASH_COATED_OSMIUM;9997;11;9995;21;;;10019;19;10021;22;;;10008.0;0.0
v_recovery_normal_s2;40100;INTARIAN_PEPPER_ROOT;12254;23;12252;17;;;12296;14;12300;22;;;12275.0;0.0
v_recovery_normal_s2;40100;ASH_COATED_OSMIUM;10005;19;10002;11;;;10013;6;10016;20;;;10009.0;0.0
v_recovery_normal_s2;40200;INTARIAN_PEPPER_ROOT;12256;9;12254;21;;;12294;14;12296;21;;;12275.0;0.0
v_recovery_normal_s2;40200;ASH_COATED_OSMIUM;10005;11;10001;14;;;10019;10;10022;19;;;10012.0;0.0
v_recovery_normal_s2;40300;INTARIAN_PEPPER_ROOT;12272;16;12268;25;;;12274;14;12276;18;;;12273.0;0.0
v_recovery_normal_s2;40300;ASH_COATED_OSMIUM;10012;8;10008;12;;;10018;7;10021;12;;;10015.0;0.0
v_recovery_normal_s2;40400;INTARIAN_PEPPER_ROOT;12272;9;12269;16;;;12276;11;12279;16;;;12274.0;0.0
v_recovery_normal_s2;40400;ASH_COATED_OSMIUM;10008;8;10004;13;;;10014;17;10018;22;;;10011.0;0.0
v_recovery_normal_s2;40500;INTARIAN_PEPPER_ROOT;12267;17;12265;21;;;12273;10;12275;18;;;12270.0;0.0
v_recovery_normal_s2;40500;ASH_COATED_OSMIUM;9983;16;9980;19;;;10025;11;10028;20;;;10004.0;0.0
v_recovery_normal_s2;40600;INTARIAN_PEPPER_ROOT;12264;13;12262;17;;;12272;19;12274;18;;;12268.0;0.0
v_recovery_normal_s2;40600;ASH_COATED_OSMIUM;9978;11;9975;13;;;10020;12;10022;8;;;9999.0;0.0
v_recovery_normal_s2;40700;INTARIAN_PEPPER_ROOT;12256;12;12253;16;;;12276;8;12278;23;;;12266.0;0.0
v_recovery_normal_s2;40700;ASH_COATED_OSMIUM;9994;13;9991;14;;;10000;5;10002;10;;;9997.0;0.0
v_recovery_normal_s2;40800;INTARIAN_PEPPER_ROOT;12248;20;12246;15;;;12284;11;12288;21;;;12266.0;0.0
v_recovery_normal_s2;40800;ASH_COATED_OSMIUM;9997;12;9995;16;;;9999;9;10003;20;;;9998.0;0.0
v_recovery_normal_s2;40900;INTARIAN_PEPPER_ROOT;12263;14;12259;23;;;12267;11;12269;15;;;12265.0;0.0
v_recovery_normal_s2;40900;ASH_COATED_OSMIUM;9994;11;9991;14;;;9998;12;10000;18;;;9996.0;0.0
v_recovery_normal_s2;41000;INTARIAN_PEPPER_ROOT;12262;8;12260;17;;;12272;11;12275;17;;;12267.0;0.0
v_recovery_normal_s2;41000;ASH_COATED_OSMIUM;9997;21;9995;20;;;10001;10;10005;18;;;9999.0;0.0
v_recovery_normal_s2;41100;INTARIAN_PEPPER_ROOT;12265;14;12263;19;;;12267;10;12269;16;;;12266.0;0.0
v_recovery_normal_s2;41100;ASH_COATED_OSMIUM;9976;19;9973;20;;;10028;15;10031;20;;;10002.0;0.0
v_recovery_normal_s2;41200;INTARIAN_PEPPER_ROOT;12259;17;12255;16;;;12275;21;12277;14;;;12267.0;0.0
v_recovery_normal_s2;41200;ASH_COATED_OSMIUM;9991;20;9987;24;;;10005;13;10007;27;;;9998.0;0.0
v_recovery_normal_s2;41300;INTARIAN_PEPPER_ROOT;12261;11;12259;29;;;12267;16;12269;9;;;12264.0;0.0
v_recovery_normal_s2;41300;ASH_COATED_OSMIUM;9981;6;9978;21;;;10013;9;10015;18;;;9997.0;0.0
v_recovery_normal_s2;41400;INTARIAN_PEPPER_ROOT;12264;17;12260;22;;;12268;9;12272;28;;;12266.0;0.0
v_recovery_normal_s2;41400;ASH_COATED_OSMIUM;9995;13;9992;21;;;10001;12;10003;18;;;9998.0;0.0
v_recovery_normal_s2;41500;INTARIAN_PEPPER_ROOT;12251;25;12247;20;;;12279;8;12282;25;;;12265.0;0.0
v_recovery_normal_s2;41500;ASH_COATED_OSMIUM;9973;7;9971;21;;;10019;14;10022;14;;;9996.0;0.0
v_recovery_normal_s2;41600;INTARIAN_PEPPER_ROOT;12264;14;12260;17;;;12266;23;12268;24;;;12265.0;0.0
v_recovery_normal_s2;41600;ASH_COATED_OSMIUM;9991;16;9989;21;;;10001;13;10004;21;;;9996.0;0.0
v_recovery_normal_s2;41700;INTARIAN_PEPPER_ROOT;12263;14;12261;11;;;12265;18;12267;14;;;12264.0;0.0
v_recovery_normal_s2;41700;ASH_COATED_OSMIUM;9992;17;9988;18;;;9998;16;10001;14;;;9995.0;0.0
v_recovery_normal_s2;41800;INTARIAN_PEPPER_ROOT;12251;12;12247;21;;;12271;20;12275;26;;;12261.0;0.0
v_recovery_normal_s2;41800;ASH_COATED_OSMIUM;9991;14;9987;24;;;9997;19;10000;20;;;9994.0;0.0
v_recovery_normal_s2;41900;INTARIAN_PEPPER_ROOT;12243;9;12241;26;;;12277;20;12279;24;;;12260.0;0.0
v_recovery_normal_s2;41900;ASH_COATED_OSMIUM;9989;13;9986;14;;;10001;12;10004;19;;;9995.0;0.0
v_recovery_normal_s2;42000;INTARIAN_PEPPER_ROOT;12256;12;12254;17;;;12268;20;12272;19;;;12262.0;0.0
v_recovery_normal_s2;42000;ASH_COATED_OSMIUM;10000;9;9997;11;;;10002;5;10005;14;;;10001.0;0.0
v_recovery_normal_s2;42100;INTARIAN_PEPPER_ROOT;12256;17;12253;22;;;12262;24;12264;21;;;12259.0;0.0
v_recovery_normal_s2;42100;ASH_COATED_OSMIUM;9997;12;9993;20;;;9999;6;10001;23;;;9998.0;0.0
v_recovery_normal_s2;42200;INTARIAN_PEPPER_ROOT;12254;12;12250;23;;;12256;12;12258;19;;;12255.0;0.0
v_recovery_normal_s2;42200;ASH_COATED_OSMIUM;9995;17;9991;22;;;10001;16;10003;16;;;9998.0;0.0
v_recovery_normal_s2;42300;INTARIAN_PEPPER_ROOT;12250;16;12247;16;;;12258;11;12262;23;;;12254.0;0.0
v_recovery_normal_s2;42300;ASH_COATED_OSMIUM;9993;19;9990;13;;;10007;18;10009;16;;;10000.0;0.0
v_recovery_normal_s2;42400;INTARIAN_PEPPER_ROOT;12248;10;12244;27;;;12262;14;12264;27;;;12255.0;0.0
v_recovery_normal_s2;42400;ASH_COATED_OSMIUM;9996;15;9992;26;;;10004;14;10008;16;;;10000.0;0.0
v_recovery_normal_s2;42500;INTARIAN_PEPPER_ROOT;12251;18;12248;23;;;12255;8;12257;16;;;12253.0;0.0
v_recovery_normal_s2;42500;ASH_COATED_OSMIUM;9991;9;9988;23;;;10007;8;10009;16;;;9999.0;0.0
v_recovery_normal_s2;42600;INTARIAN_PEPPER_ROOT;12246;17;12243;18;;;12254;11;12258;23;;;12250.0;0.0
v_recovery_normal_s2;42600;ASH_COATED_OSMIUM;9979;17;9976;17;;;10017;11;10019;20;;;9998.0;0.0
v_recovery_normal_s2;42700;INTARIAN_PEPPER_ROOT;12249;19;12246;17;;;12251;12;12253;20;;;12250.0;0.0
v_recovery_normal_s2;42700;ASH_COATED_OSMIUM;9983;6;9979;31;;;10005;12;10007;21;;;9994.0;0.0
v_recovery_normal_s2;42800;INTARIAN_PEPPER_ROOT;12237;16;12233;25;;;12261;12;12265;18;;;12249.0;0.0
v_recovery_normal_s2;42800;ASH_COATED_OSMIUM;9992;14;9989;19;;;10000;8;10003;20;;;9996.0;0.0
v_recovery_normal_s2;42900;INTARIAN_PEPPER_ROOT;12215;10;12212;13;;;12283;22;12285;21;;;12249.0;0.0
v_recovery_normal_s2;42900;ASH_COATED_OSMIUM;9989;19;9987;13;;;10005;18;10009;14;;;9997.0;0.0
v_recovery_normal_s2;43000;INTARIAN_PEPPER_ROOT;12248;21;12244;19;;;12252;22;12255;16;;;12250.0;0.0
v_recovery_normal_s2;43000;ASH_COATED_OSMIUM;9999;10;9995;22;;;10001;10;10005;8;;;10000.0;0.0
v_recovery_normal_s2;43100;INTARIAN_PEPPER_ROOT;12249;19;12245;15;;;12251;18;12255;24;;;12250.0;0.0
v_recovery_normal_s2;43100;ASH_COATED_OSMIUM;9984;21;9980;14;;;10010;8;10012;21;;;9997.0;0.0
v_recovery_normal_s2;43200;INTARIAN_PEPPER_ROOT;12242;14;12240;19;;;12256;13;12260;18;;;12249.0;0.0
v_recovery_normal_s2;43200;ASH_COATED_OSMIUM;9987;11;9984;23;;;9993;10;9997;20;;;9990.0;0.0
v_recovery_normal_s2;43300;INTARIAN_PEPPER_ROOT;12248;8;12244;22;;;12252;23;12255;21;;;12250.0;0.0
v_recovery_normal_s2;43300;ASH_COATED_OSMIUM;9982;23;9979;12;;;9990;5;9993;15;;;9986.0;0.0
v_recovery_normal_s2;43400;INTARIAN_PEPPER_ROOT;12249;17;12246;17;;;12251;17;12255;23;;;12250.0;0.0
v_recovery_normal_s2;43400;ASH_COATED_OSMIUM;9985;11;9982;12;;;9995;12;9998;20;;;9990.0;0.0
v_recovery_normal_s2;43500;INTARIAN_PEPPER_ROOT;12246;20;12243;13;;;12248;16;12250;23;;;12247.0;0.0
v_recovery_normal_s2;43500;ASH_COATED_OSMIUM;9994;6;9990;17;;;9998;16;10000;16;;;9996.0;0.0
v_recovery_normal_s2;43600;INTARIAN_PEPPER_ROOT;12243;11;12240;14;;;12245;16;12248;17;;;12244.0;0.0
v_recovery_normal_s2;43600;ASH_COATED_OSMIUM;9988;17;9985;13;;;9998;11;10000;17;;;9993.0;0.0
v_recovery_normal_s2;43700;INTARIAN_PEPPER_ROOT;12205;23;12203;11;;;12279;5;12282;22;;;12242.0;0.0
v_recovery_normal_s2;43700;ASH_COATED_OSMIUM;9996;8;9993;26;;;9998;7;10002;22;;;9997.0;0.0
v_recovery_normal_s2;43800;INTARIAN_PEPPER_ROOT;12243;11;12239;22;;;12247;8;12251;23;;;12245.0;0.0
v_recovery_normal_s2;43800;ASH_COATED_OSMIUM;9991;9;9989;19;;;10005;20;10007;20;;;9998.0;0.0
v_recovery_normal_s2;43900;INTARIAN_PEPPER_ROOT;12229;17;12227;15;;;12259;10;12263;24;;;12244.0;0.0
v_recovery_normal_s2;43900;ASH_COATED_OSMIUM;9986;13;9983;20;;;10006;10;10010;21;;;9996.0;0.0
v_recovery_normal_s2;44000;INTARIAN_PEPPER_ROOT;12244;15;12242;15;;;12246;15;12249;17;;;12245.0;0.0
v_recovery_normal_s2;44000;ASH_COATED_OSMIUM;9995;7;9993;17;;;9997;11;10001;30;;;9996.0;0.0
v_recovery_normal_s2;44100;INTARIAN_PEPPER_ROOT;12238;12;12235;10;;;12254;17;12257;28;;;12246.0;0.0
v_recovery_normal_s2;44100;ASH_COATED_OSMIUM;9997;19;9995;15;;;9999;15;10003;12;;;9998.0;0.0
v_recovery_normal_s2;44200;INTARIAN_PEPPER_ROOT;12242;15;12240;24;;;12246;18;12250;18;;;12244.0;0.0
v_recovery_normal_s2;44200;ASH_COATED_OSMIUM;9981;11;9977;15;;;10015;12;10017;16;;;9998.0;0.0
v_recovery_normal_s2;44300;INTARIAN_PEPPER_ROOT;12236;16;12233;8;;;12252;7;12256;13;;;12244.0;0.0
v_recovery_normal_s2;44300;ASH_COATED_OSMIUM;9990;18;9986;27;;;10012;11;10014;20;;;10001.0;0.0
v_recovery_normal_s2;44400;INTARIAN_PEPPER_ROOT;12241;8;12238;24;;;12243;11;12247;12;;;12242.0;0.0
v_recovery_normal_s2;44400;ASH_COATED_OSMIUM;9994;19;9992;21;;;10008;9;10012;12;;;10001.0;0.0
v_recovery_normal_s2;44500;INTARIAN_PEPPER_ROOT;12236;15;12233;17;;;12238;19;12241;18;;;12237.0;0.0
v_recovery_normal_s2;44500;ASH_COATED_OSMIUM;9997;18;9995;16;;;9999;11;10001;24;;;9998.0;0.0
v_recovery_normal_s2;44600;INTARIAN_PEPPER_ROOT;12234;12;12232;25;;;12238;11;12241;22;;;12236.0;0.0
v_recovery_normal_s2;44600;ASH_COATED_OSMIUM;9994;8;9991;16;;;10004;12;10006;23;;;9999.0;0.0
v_recovery_normal_s2;44700;INTARIAN_PEPPER_ROOT;12233;15;12229;22;;;12235;22;12239;23;;;12234.0;0.0
v_recovery_normal_s2;44700;ASH_COATED_OSMIUM;9997;13;9995;14;;;10009;15;10013;21;;;10003.0;0.0
v_recovery_normal_s2;44800;INTARIAN_PEPPER_ROOT;12212;24;12210;13;;;12252;13;12255;19;;;12232.0;0.0
v_recovery_normal_s2;44800;ASH_COATED_OSMIUM;9991;10;9989;11;;;10011;5;10014;17;;;10001.0;0.0
v_recovery_normal_s2;44900;INTARIAN_PEPPER_ROOT;12213;9;12210;27;;;12251;20;12255;16;;;12232.0;0.0
v_recovery_normal_s2;44900;ASH_COATED_OSMIUM;9999;12;9997;25;;;10001;8;10004;15;;;10000.0;0.0
v_recovery_normal_s2;45000;INTARIAN_PEPPER_ROOT;12234;18;12230;18;;;12240;11;12244;21;;;12237.0;0.0
v_recovery_normal_s2;45000;ASH_COATED_OSMIUM;9992;16;9989;25;;;10004;12;10006;16;;;9998.0;0.0
v_recovery_normal_s2;45100;INTARIAN_PEPPER_ROOT;12232;18;12229;16;;;12238;11;12241;26;;;12235.0;0.0
v_recovery_normal_s2;45100;ASH_COATED_OSMIUM;9996;9;9992;14;;;10002;11;10006;29;;;9999.0;0.0
v_recovery_normal_s2;45200;INTARIAN_PEPPER_ROOT;12232;10;12229;17;;;12236;22;12240;14;;;12234.0;0.0
v_recovery_normal_s2;45200;ASH_COATED_OSMIUM;9994;10;9992;28;;;10002;24;10006;27;;;9998.0;0.0
v_recovery_normal_s2;45300;INTARIAN_PEPPER_ROOT;12233;12;12230;12;;;12235;20;12239;25;;;12234.0;0.0
v_recovery_normal_s2;45300;ASH_COATED_OSMIUM;9984;6;9982;20;;;10008;11;10012;25;;;9996.0;0.0
v_recovery_normal_s2;45400;INTARIAN_PEPPER_ROOT;12232;13;12230;30;;;12236;22;12239;16;;;12234.0;0.0
v_recovery_normal_s2;45400;ASH_COATED_OSMIUM;9995;16;9991;29;;;9999;16;10003;24;;;9997.0;0.0
v_recovery_normal_s2;45500;INTARIAN_PEPPER_ROOT;12231;10;12228;27;;;12235;21;12239;21;;;12233.0;0.0
v_recovery_normal_s2;45500;ASH_COATED_OSMIUM;9993;11;9990;18;;;9995;16;9998;16;;;9994.0;0.0
v_recovery_normal_s2;45600;INTARIAN_PEPPER_ROOT;12229;19;12227;16;;;12231;19;12234;19;;;12230.0;0.0
v_recovery_normal_s2;45600;ASH_COATED_OSMIUM;9997;18;9993;21;;;10001;13;10004;12;;;9999.0;0.0
v_recovery_normal_s2;45700;INTARIAN_PEPPER_ROOT;12226;5;12222;29;;;12228;15;12231;17;;;12227.0;0.0
v_recovery_normal_s2;45700;ASH_COATED_OSMIUM;10000;11;9997;28;;;10002;12;10005;17;;;10001.0;0.0
v_recovery_normal_s2;45800;INTARIAN_PEPPER_ROOT;12214;12;12212;12;;;12238;22;12241;20;;;12226.0;0.0
v_recovery_normal_s2;45800;ASH_COATED_OSMIUM;9970;13;9968;26;;;10034;13;10038;22;;;10002.0;0.0
v_recovery_normal_s2;45900;INTARIAN_PEPPER_ROOT;12222;11;12220;17;;;12226;15;12229;22;;;12224.0;0.0
v_recovery_normal_s2;45900;ASH_COATED_OSMIUM;9996;5;9994;10;;;10014;6;10017;25;;;10005.0;0.0
v_recovery_normal_s2;46000;INTARIAN_PEPPER_ROOT;12218;14;12214;17;;;12224;8;12226;24;;;12221.0;0.0
v_recovery_normal_s2;46000;ASH_COATED_OSMIUM;10004;28;10002;15;;;10006;13;10010;26;;;10005.0;0.0
v_recovery_normal_s2;46100;INTARIAN_PEPPER_ROOT;12211;12;12209;34;;;12227;5;12229;22;;;12219.0;0.0
v_recovery_normal_s2;46100;ASH_COATED_OSMIUM;9981;16;9977;9;;;10027;28;10029;16;;;10004.0;0.0
v_recovery_normal_s2;46200;INTARIAN_PEPPER_ROOT;12214;8;12211;15;;;12228;16;12231;23;;;12221.0;0.0
v_recovery_normal_s2;46200;ASH_COATED_OSMIUM;9987;26;9985;11;;;10031;11;10034;22;;;10009.0;0.0
v_recovery_normal_s2;46300;INTARIAN_PEPPER_ROOT;12208;16;12204;13;;;12224;8;12228;26;;;12216.0;0.0
v_recovery_normal_s2;46300;ASH_COATED_OSMIUM;10004;18;10002;21;;;10018;12;10021;15;;;10011.0;0.0
v_recovery_normal_s2;46400;INTARIAN_PEPPER_ROOT;12214;5;12211;20;;;12224;10;12226;26;;;12219.0;0.0
v_recovery_normal_s2;46400;ASH_COATED_OSMIUM;10004;8;10000;20;;;10012;15;10015;17;;;10008.0;0.0
v_recovery_normal_s2;46500;INTARIAN_PEPPER_ROOT;12208;19;12206;20;;;12228;15;12232;20;;;12218.0;0.0
v_recovery_normal_s2;46500;ASH_COATED_OSMIUM;9961;20;9957;16;;;10049;30;10052;20;;;10005.0;0.0
v_recovery_normal_s2;46600;INTARIAN_PEPPER_ROOT;12201;19;12197;18;;;12229;13;12233;20;;;12215.0;0.0
v_recovery_normal_s2;46600;ASH_COATED_OSMIUM;9983;5;9979;21;;;10029;17;10031;17;;;10006.0;0.0
v_recovery_normal_s2;46700;INTARIAN_PEPPER_ROOT;12211;13;12207;10;;;12213;12;12217;20;;;12212.0;0.0
v_recovery_normal_s2;46700;ASH_COATED_OSMIUM;9999;8;9995;16;;;10011;12;10014;20;;;10005.0;0.0
v_recovery_normal_s2;46800;INTARIAN_PEPPER_ROOT;12202;12;12200;22;;;12224;12;12228;21;;;12213.0;0.0
v_recovery_normal_s2;46800;ASH_COATED_OSMIUM;9998;13;9994;16;;;10010;12;10013;27;;;10004.0;0.0
v_recovery_normal_s2;46900;INTARIAN_PEPPER_ROOT;12214;12;12212;23;;;12216;7;12220;27;;;12215.0;0.0
v_recovery_normal_s2;46900;ASH_COATED_OSMIUM;9990;15;9988;14;;;10030;5;10033;21;;;10010.0;0.0
v_recovery_normal_s2;47000;INTARIAN_PEPPER_ROOT;12207;20;12204;22;;;12217;10;12219;19;;;12212.0;0.0
v_recovery_normal_s2;47000;ASH_COATED_OSMIUM;10004;12;10002;16;;;10014;11;10016;23;;;10009.0;0.0
v_recovery_normal_s2;47100;INTARIAN_PEPPER_ROOT;12211;15;12207;27;;;12213;7;12216;20;;;12212.0;0.0
v_recovery_normal_s2;47100;ASH_COATED_OSMIUM;10003;16;9999;19;;;10019;5;10021;16;;;10011.0;0.0
v_recovery_normal_s2;47200;INTARIAN_PEPPER_ROOT;12201;8;12198;20;;;12223;11;12226;18;;;12212.0;0.0
v_recovery_normal_s2;47200;ASH_COATED_OSMIUM;9994;5;9990;15;;;10040;15;10044;17;;;10017.0;0.0
v_recovery_normal_s2;47300;INTARIAN_PEPPER_ROOT;12208;13;12206;14;;;12214;12;12216;13;;;12211.0;0.0
v_recovery_normal_s2;47300;ASH_COATED_OSMIUM;10015;7;10011;19;;;10021;12;10023;21;;;10018.0;0.0
v_recovery_normal_s2;47400;INTARIAN_PEPPER_ROOT;12203;10;12200;15;;;12217;17;12220;11;;;12210.0;0.0
v_recovery_normal_s2;47400;ASH_COATED_OSMIUM;10017;10;10014;24;;;10019;15;10021;20;;;10018.0;0.0
v_recovery_normal_s2;47500;INTARIAN_PEPPER_ROOT;12208;18;12205;16;;;12214;15;12218;20;;;12211.0;0.0
v_recovery_normal_s2;47500;ASH_COATED_OSMIUM;10014;17;10010;16;;;10018;7;10021;16;;;10016.0;0.0
v_recovery_normal_s2;47600;INTARIAN_PEPPER_ROOT;12205;12;12201;27;;;12209;19;12211;15;;;12207.0;0.0
v_recovery_normal_s2;47600;ASH_COATED_OSMIUM;10002;18;9998;16;;;10030;15;10034;15;;;10016.0;0.0
v_recovery_normal_s2;47700;INTARIAN_PEPPER_ROOT;12201;17;12197;13;;;12203;15;12207;17;;;12202.0;0.0
v_recovery_normal_s2;47700;ASH_COATED_OSMIUM;10009;14;10005;17;;;10023;14;10027;11;;;10016.0;0.0
v_recovery_normal_s2;47800;INTARIAN_PEPPER_ROOT;12186;20;12184;17;;;12218;16;12222;22;;;12202.0;0.0
v_recovery_normal_s2;47800;ASH_COATED_OSMIUM;10013;12;10011;12;;;10015;20;10019;14;;;10014.0;0.0
v_recovery_normal_s2;47900;INTARIAN_PEPPER_ROOT;12187;8;12183;22;;;12215;15;12217;16;;;12201.0;0.0
v_recovery_normal_s2;47900;ASH_COATED_OSMIUM;10001;9;9999;32;;;10021;12;10024;24;;;10011.0;0.0
v_recovery_normal_s2;48000;INTARIAN_PEPPER_ROOT;12192;17;12188;13;;;12212;11;12215;22;;;12202.0;0.0
v_recovery_normal_s2;48000;ASH_COATED_OSMIUM;9999;19;9995;16;;;10023;5;10026;19;;;10011.0;0.0
v_recovery_normal_s2;48100;INTARIAN_PEPPER_ROOT;12189;12;12186;25;;;12207;16;12211;22;;;12198.0;0.0
v_recovery_normal_s2;48100;ASH_COATED_OSMIUM;10004;19;10000;16;;;10008;10;10011;17;;;10006.0;0.0
v_recovery_normal_s2;48200;INTARIAN_PEPPER_ROOT;12194;13;12190;21;;;12198;15;12201;20;;;12196.0;0.0
v_recovery_normal_s2;48200;ASH_COATED_OSMIUM;9999;8;9997;22;;;10011;5;10013;30;;;10005.0;0.0
v_recovery_normal_s2;48300;INTARIAN_PEPPER_ROOT;12192;17;12189;12;;;12204;10;12206;21;;;12198.0;0.0
v_recovery_normal_s2;48300;ASH_COATED_OSMIUM;10001;20;9999;19;;;10007;11;10009;17;;;10004.0;0.0
v_recovery_normal_s2;48400;INTARIAN_PEPPER_ROOT;12189;17;12186;20;;;12201;12;12203;20;;;12195.0;0.0
v_recovery_normal_s2;48400;ASH_COATED_OSMIUM;10002;22;10000;20;;;10004;11;10006;22;;;10003.0;0.0
v_recovery_normal_s2;48500;INTARIAN_PEPPER_ROOT;12179;18;12176;19;;;12209;12;12211;17;;;12194.0;0.0
v_recovery_normal_s2;48500;ASH_COATED_OSMIUM;9989;18;9985;13;;;10009;6;10012;8;;;9999.0;0.0
v_recovery_normal_s2;48600;INTARIAN_PEPPER_ROOT;12191;16;12189;20;;;12193;12;12195;11;;;12192.0;0.0
v_recovery_normal_s2;48600;ASH_COATED_OSMIUM;9968;10;9964;17;;;10024;11;10028;24;;;9996.0;0.0
v_recovery_normal_s2;48700;INTARIAN_PEPPER_ROOT;12183;20;12181;17;;;12199;17;12201;21;;;12191.0;0.0
v_recovery_normal_s2;48700;ASH_COATED_OSMIUM;9993;8;9989;15;;;10003;9;10005;19;;;9998.0;0.0
v_recovery_normal_s2;48800;INTARIAN_PEPPER_ROOT;12186;9;12182;13;;;12188;13;12191;26;;;12187.0;0.0
v_recovery_normal_s2;48800;ASH_COATED_OSMIUM;10002;13;9999;21;;;10006;16;10010;19;;;10004.0;0.0
v_recovery_normal_s2;48900;INTARIAN_PEPPER_ROOT;12180;12;12178;25;;;12198;19;12201;18;;;12189.0;0.0
v_recovery_normal_s2;48900;ASH_COATED_OSMIUM;9981;5;9979;20;;;10031;9;10033;17;;;10006.0;0.0
v_recovery_normal_s2;49000;INTARIAN_PEPPER_ROOT;12176;24;12172;20;;;12194;12;12198;22;;;12185.0;0.0
v_recovery_normal_s2;49000;ASH_COATED_OSMIUM;9999;11;9996;22;;;10009;13;10013;15;;;10004.0;0.0
v_recovery_normal_s2;49100;INTARIAN_PEPPER_ROOT;12181;5;12179;19;;;12183;10;12187;20;;;12182.0;0.0
v_recovery_normal_s2;49100;ASH_COATED_OSMIUM;9995;15;9993;31;;;10009;10;10012;18;;;10002.0;0.0
v_recovery_normal_s2;49200;INTARIAN_PEPPER_ROOT;12168;17;12166;21;;;12192;11;12195;19;;;12180.0;0.0
v_recovery_normal_s2;49200;ASH_COATED_OSMIUM;9992;12;9989;23;;;9998;5;10002;18;;;9995.0;0.0
v_recovery_normal_s2;49300;INTARIAN_PEPPER_ROOT;12179;13;12176;21;;;12183;23;12185;10;;;12181.0;0.0
v_recovery_normal_s2;49300;ASH_COATED_OSMIUM;9968;14;9964;21;;;10016;16;10020;25;;;9992.0;0.0
v_recovery_normal_s2;49400;INTARIAN_PEPPER_ROOT;12180;14;12176;21;;;12182;25;12184;22;;;12181.0;0.0
v_recovery_normal_s2;49400;ASH_COATED_OSMIUM;9978;5;9974;16;;;10010;5;10013;18;;;9994.0;0.0
v_recovery_normal_s2;49500;INTARIAN_PEPPER_ROOT;12181;18;12178;18;;;12183;11;12187;13;;;12182.0;0.0
v_recovery_normal_s2;49500;ASH_COATED_OSMIUM;9993;11;9989;22;;;10003;11;10006;27;;;9998.0;0.0
v_recovery_normal_s2;49600;INTARIAN_PEPPER_ROOT;12181;12;12177;23;;;12183;9;12185;23;;;12182.0;0.0
v_recovery_normal_s2;49600;ASH_COATED_OSMIUM;9979;10;9977;19;;;10015;20;10017;23;;;9997.0;0.0
v_recovery_normal_s2;49700;INTARIAN_PEPPER_ROOT;12174;5;12170;16;;;12188;13;12190;16;;;12181.0;0.0
v_recovery_normal_s2;49700;ASH_COATED_OSMIUM;9984;19;9981;26;;;10008;24;10010;16;;;9996.0;0.0
v_recovery_normal_s2;49800;INTARIAN_PEPPER_ROOT;12171;15;12169;20;;;12191;16;12195;20;;;12181.0;0.0
v_recovery_normal_s2;49800;ASH_COATED_OSMIUM;9996;10;9993;16;;;9998;10;10000;22;;;9997.0;0.0
v_recovery_normal_s2;49900;INTARIAN_PEPPER_ROOT;12182;11;12180;8;;;12186;8;12190;17;;;12184.0;0.0
v_recovery_normal_s2;49900;ASH_COATED_OSMIUM;9995;12;9993;25;;;9999;10;10001;15;;;9997.0;0.0
v_recovery_normal_s2;50000;INTARIAN_PEPPER_ROOT;12181;13;12179;28;;;12187;14;12190;12;;;12184.0;0.0
v_recovery_normal_s2;50000;ASH_COATED_OSMIUM;9988;11;9985;30;;;10006;24;10009;29;;;9997.0;0.0
v_recovery_normal_s2;50100;INTARIAN_PEPPER_ROOT;12160;9;12158;24;;;12202;9;12206;11;;;12181.0;0.0
v_recovery_normal_s2;50100;ASH_COATED_OSMIUM;9991;17;9987;20;;;9997;23;10001;23;;;9994.0;0.0
v_recovery_normal_s2;50200;INTARIAN_PEPPER_ROOT;12165;13;12162;19;;;12199;10;12202;21;;;12182.0;0.0
v_recovery_normal_s2;50200;ASH_COATED_OSMIUM;9984;8;9981;18;;;10008;22;10012;25;;;9996.0;0.0
v_recovery_normal_s2;50300;INTARIAN_PEPPER_ROOT;12158;11;12156;11;;;12206;10;12208;20;;;12182.0;0.0
v_recovery_normal_s2;50300;ASH_COATED_OSMIUM;9994;15;9992;18;;;9996;12;9999;23;;;9995.0;0.0
v_recovery_normal_s2;50400;INTARIAN_PEPPER_ROOT;12177;13;12174;33;;;12181;9;12184;25;;;12179.0;0.0
v_recovery_normal_s2;50400;ASH_COATED_OSMIUM;9994;5;9992;19;;;9996;15;10000;23;;;9995.0;0.0
v_recovery_normal_s2;50500;INTARIAN_PEPPER_ROOT;12175;17;12172;20;;;12181;16;12185;26;;;12178.0;0.0
v_recovery_normal_s2;50500;ASH_COATED_OSMIUM;9992;17;9990;15;;;10006;9;10009;17;;;9999.0;0.0
v_recovery_normal_s2;50600;INTARIAN_PEPPER_ROOT;12170;14;12167;21;;;12182;5;12185;11;;;12176.0;0.0
v_recovery_normal_s2;50600;ASH_COATED_OSMIUM;9986;12;9982;11;;;10020;17;10023;17;;;10003.0;0.0
v_recovery_normal_s2;50700;INTARIAN_PEPPER_ROOT;12165;17;12163;21;;;12193;16;12195;17;;;12179.0;0.0
v_recovery_normal_s2;50700;ASH_COATED_OSMIUM;9992;12;9988;32;;;10010;12;10013;12;;;10001.0;0.0
v_recovery_normal_s2;50800;INTARIAN_PEPPER_ROOT;12176;10;12172;27;;;12180;24;12184;24;;;12178.0;0.0
v_recovery_normal_s2;50800;ASH_COATED_OSMIUM;9993;18;9989;20;;;10011;5;10015;25;;;10002.0;0.0
v_recovery_normal_s2;50900;INTARIAN_PEPPER_ROOT;12161;15;12157;22;;;12185;10;12188;23;;;12173.0;0.0
v_recovery_normal_s2;50900;ASH_COATED_OSMIUM;9988;7;9985;18;;;10014;11;10017;20;;;10001.0;0.0
v_recovery_normal_s2;51000;INTARIAN_PEPPER_ROOT;12145;26;12143;18;;;12201;11;12203;28;;;12173.0;0.0
v_recovery_normal_s2;51000;ASH_COATED_OSMIUM;9990;18;9988;20;;;10006;5;10010;23;;;9998.0;0.0
v_recovery_normal_s2;51100;INTARIAN_PEPPER_ROOT;12170;16;12167;16;;;12172;14;12176;12;;;12171.0;0.0
v_recovery_normal_s2;51100;ASH_COATED_OSMIUM;9981;9;9979;18;;;10013;10;10017;17;;;9997.0;0.0
v_recovery_normal_s2;51200;INTARIAN_PEPPER_ROOT;12172;26;12169;30;;;12174;13;12176;17;;;12173.0;0.0
v_recovery_normal_s2;51200;ASH_COATED_OSMIUM;9998;9;9995;21;;;10000;18;10004;16;;;9999.0;0.0
v_recovery_normal_s2;51300;INTARIAN_PEPPER_ROOT;12171;13;12169;24;;;12173;7;12177;19;;;12172.0;0.0
v_recovery_normal_s2;51300;ASH_COATED_OSMIUM;9981;7;9978;24;;;10009;12;10011;16;;;9995.0;0.0
v_recovery_normal_s2;51400;INTARIAN_PEPPER_ROOT;12154;25;12152;21;;;12184;22;12186;18;;;12169.0;0.0
v_recovery_normal_s2;51400;ASH_COATED_OSMIUM;9990;11;9986;18;;;10002;11;10006;10;;;9996.0;0.0
