day;timestamp;product;bid_price_1;bid_volume_1;bid_price_2;bid_volume_2;bid_price_3;bid_volume_3;ask_price_1;ask_volume_1;ask_price_2;ask_volume_2;ask_price_3;ask_volume_3;mid_price;profit_and_loss
high_vol_volatile_s1;0;INTARIAN_PEPPER_ROOT;11800;10;11798;15;;;11808;6;11812;24;;;11804.0;0.0
high_vol_volatile_s1;0;ASH_COATED_OSMIUM;9998;7;9994;21;;;10002;12;10004;16;;;10000.0;0.0
high_vol_volatile_s1;100;INTARIAN_PEPPER_ROOT;11806;19;11804;20;;;11828;14;11832;26;;;11817.0;0.0
high_vol_volatile_s1;100;ASH_COATED_OSMIUM;9980;19;9976;28;;;10016;11;10018;27;;;9998.0;0.0
high_vol_volatile_s1;200;INTARIAN_PEPPER_ROOT;11822;14;11819;22;;;11836;19;11840;21;;;11829.0;0.0
high_vol_volatile_s1;200;ASH_COATED_OSMIUM;9988;6;9985;33;;;10012;13;10016;10;;;10000.0;0.0
high_vol_volatile_s1;300;INTARIAN_PEPPER_ROOT;11837;12;11833;21;;;11841;24;11844;21;;;11839.0;0.0
high_vol_volatile_s1;300;ASH_COATED_OSMIUM;9995;26;9991;15;;;10003;18;10005;20;;;9999.0;0.0
high_vol_volatile_s1;400;INTARIAN_PEPPER_ROOT;11854;13;11851;16;;;11856;15;11858;20;;;11855.0;0.0
high_vol_volatile_s1;400;ASH_COATED_OSMIUM;9990;5;9988;14;;;10002;22;10005;29;;;9996.0;0.0
high_vol_volatile_s1;500;INTARIAN_PEPPER_ROOT;11855;18;11851;20;;;11865;13;11868;20;;;11860.0;0.0
high_vol_volatile_s1;500;ASH_COATED_OSMIUM;9984;13;9981;21;;;10008;8;10011;29;;;9996.0;0.0
high_vol_volatile_s1;600;INTARIAN_PEPPER_ROOT;11870;19;11867;11;;;11884;14;11887;16;;;11877.0;0.0
high_vol_volatile_s1;600;ASH_COATED_OSMIUM;9995;10;9991;21;;;9997;18;9999;25;;;9996.0;0.0
high_vol_volatile_s1;700;INTARIAN_PEPPER_ROOT;11870;19;11868;19;;;11898;18;11900;18;;;11884.0;0.0
high_vol_volatile_s1;700;ASH_COATED_OSMIUM;9972;17;9968;23;;;10024;5;10026;11;;;9998.0;0.0
high_vol_volatile_s1;800;INTARIAN_PEPPER_ROOT;11894;5;11892;21;;;11896;12;11900;22;;;11895.0;0.0
high_vol_volatile_s1;800;ASH_COATED_OSMIUM;9996;8;9992;15;;;9998;14;10000;21;;;9997.0;0.0
high_vol_volatile_s1;900;INTARIAN_PEPPER_ROOT;11903;12;11900;10;;;11905;18;11907;22;;;11904.0;0.0
high_vol_volatile_s1;900;ASH_COATED_OSMIUM;9987;7;9983;20;;;10005;13;10008;21;;;9996.0;0.0
high_vol_volatile_s1;1000;INTARIAN_PEPPER_ROOT;11915;9;11911;12;;;11919;10;11922;13;;;11917.0;0.0
high_vol_volatile_s1;1000;ASH_COATED_OSMIUM;9992;15;9990;19;;;10004;15;10008;27;;;9998.0;0.0
high_vol_volatile_s1;1100;INTARIAN_PEPPER_ROOT;11907;12;11904;23;;;11931;5;11934;19;;;11919.0;0.0
high_vol_volatile_s1;1100;ASH_COATED_OSMIUM;9994;19;9990;14;;;9998;19;10000;11;;;9996.0;0.0
high_vol_volatile_s1;1200;INTARIAN_PEPPER_ROOT;11924;24;11920;23;;;11926;16;11929;26;;;11925.0;0.0
high_vol_volatile_s1;1200;ASH_COATED_OSMIUM;9992;16;9989;18;;;10000;12;10003;13;;;9996.0;0.0
high_vol_volatile_s1;1300;INTARIAN_PEPPER_ROOT;11930;17;11927;20;;;11932;23;11934;20;;;11931.0;0.0
high_vol_volatile_s1;1300;ASH_COATED_OSMIUM;9987;9;9983;13;;;10001;18;10005;18;;;9994.0;0.0
high_vol_volatile_s1;1400;INTARIAN_PEPPER_ROOT;11940;12;11936;26;;;11942;9;11946;15;;;11941.0;0.0
high_vol_volatile_s1;1400;ASH_COATED_OSMIUM;9991;7;9988;12;;;9993;8;9997;25;;;9992.0;0.0
high_vol_volatile_s1;1500;INTARIAN_PEPPER_ROOT;11942;18;11939;20;;;11944;15;11946;15;;;11943.0;0.0
high_vol_volatile_s1;1500;ASH_COATED_OSMIUM;9994;12;9990;15;;;9996;17;9998;18;;;9995.0;0.0
high_vol_volatile_s1;1600;INTARIAN_PEPPER_ROOT;11946;10;11944;13;;;11952;14;11956;23;;;11949.0;0.0
high_vol_volatile_s1;1600;ASH_COATED_OSMIUM;9968;5;9966;14;;;10020;11;10023;19;;;9994.0;0.0
high_vol_volatile_s1;1700;INTARIAN_PEPPER_ROOT;11945;13;11941;25;;;11957;27;11960;31;;;11951.0;0.0
high_vol_volatile_s1;1700;ASH_COATED_OSMIUM;9984;15;9980;17;;;10004;17;10007;14;;;9994.0;0.0
high_vol_volatile_s1;1800;INTARIAN_PEPPER_ROOT;11954;17;11952;22;;;11956;11;11959;18;;;11955.0;0.0
high_vol_volatile_s1;1800;ASH_COATED_OSMIUM;9989;14;9987;32;;;9999;14;10002;18;;;9994.0;0.0
high_vol_volatile_s1;1900;INTARIAN_PEPPER_ROOT;11936;12;11932;22;;;11984;12;11986;18;;;11960.0;0.0
high_vol_volatile_s1;1900;ASH_COATED_OSMIUM;9989;8;9985;24;;;9997;10;10001;23;;;9993.0;0.0
high_vol_volatile_s1;2000;INTARIAN_PEPPER_ROOT;11960;17;11957;19;;;11962;16;11964;28;;;11961.0;0.0
high_vol_volatile_s1;2000;ASH_COATED_OSMIUM;9992;12;9988;16;;;9998;9;10002;17;;;9995.0;0.0
high_vol_volatile_s1;2100;INTARIAN_PEPPER_ROOT;11957;10;11953;27;;;11977;12;11981;16;;;11967.0;0.0
high_vol_volatile_s1;2100;ASH_COATED_OSMIUM;9969;18;9966;19;;;10025;14;10027;20;;;9997.0;0.0
high_vol_volatile_s1;2200;INTARIAN_PEPPER_ROOT;11967;10;11965;24;;;11977;15;11979;19;;;11972.0;0.0
high_vol_volatile_s1;2200;ASH_COATED_OSMIUM;9993;13;9990;22;;;10005;19;10008;17;;;9999.0;0.0
high_vol_volatile_s1;2300;INTARIAN_PEPPER_ROOT;11972;8;11968;18;;;11978;9;11980;13;;;11975.0;0.0
high_vol_volatile_s1;2300;ASH_COATED_OSMIUM;9999;11;9995;28;;;10001;7;10003;13;;;10000.0;0.0
high_vol_volatile_s1;2400;INTARIAN_PEPPER_ROOT;11956;9;11953;20;;;12004;25;12007;19;;;11980.0;0.0
high_vol_volatile_s1;2400;ASH_COATED_OSMIUM;9985;5;9981;21;;;10021;12;10023;18;;;10003.0;0.0
high_vol_volatile_s1;2500;INTARIAN_PEPPER_ROOT;11978;20;11976;20;;;11980;14;11983;15;;;11979.0;0.0
high_vol_volatile_s1;2500;ASH_COATED_OSMIUM;10004;18;10001;14;;;10010;7;10013;15;;;10007.0;0.0
high_vol_volatile_s1;2600;INTARIAN_PEPPER_ROOT;11975;11;11971;20;;;11983;13;11986;17;;;11979.0;0.0
high_vol_volatile_s1;2600;ASH_COATED_OSMIUM;9998;16;9994;29;;;10006;11;10009;21;;;10002.0;0.0
high_vol_volatile_s1;2700;INTARIAN_PEPPER_ROOT;11958;12;11955;17;;;11996;17;12000;15;;;11977.0;0.0
high_vol_volatile_s1;2700;ASH_COATED_OSMIUM;9962;14;9960;19;;;10048;12;10050;13;;;10005.0;0.0
high_vol_volatile_s1;2800;INTARIAN_PEPPER_ROOT;11974;12;11971;23;;;11980;23;11982;18;;;11977.0;0.0
high_vol_volatile_s1;2800;ASH_COATED_OSMIUM;10008;11;10006;9;;;10010;5;10014;23;;;10009.0;0.0
high_vol_volatile_s1;2900;INTARIAN_PEPPER_ROOT;11957;14;11953;8;;;11999;14;12002;20;;;11978.0;0.0
high_vol_volatile_s1;2900;ASH_COATED_OSMIUM;9994;5;9992;19;;;10026;12;10029;20;;;10010.0;0.0
high_vol_volatile_s1;3000;INTARIAN_PEPPER_ROOT;11975;20;11972;22;;;11977;8;11980;14;;;11976.0;0.0
high_vol_volatile_s1;3000;ASH_COATED_OSMIUM;10010;26;10008;22;;;10014;15;10017;23;;;10012.0;0.0
high_vol_volatile_s1;3100;INTARIAN_PEPPER_ROOT;11971;15;11969;22;;;11977;6;11979;19;;;11974.0;0.0
high_vol_volatile_s1;3100;ASH_COATED_OSMIUM;9982;20;9980;27;;;10040;16;10042;22;;;10011.0;0.0
high_vol_volatile_s1;3200;INTARIAN_PEPPER_ROOT;11961;5;11959;19;;;11981;16;11983;13;;;11971.0;0.0
high_vol_volatile_s1;3200;ASH_COATED_OSMIUM;10013;5;10010;15;;;10015;21;10017;15;;;10014.0;0.0
high_vol_volatile_s1;3300;INTARIAN_PEPPER_ROOT;11964;15;11960;19;;;11972;15;11976;21;;;11968.0;0.0
high_vol_volatile_s1;3300;ASH_COATED_OSMIUM;10010;15;10006;21;;;10012;19;10014;26;;;10011.0;0.0
high_vol_volatile_s1;3400;INTARIAN_PEPPER_ROOT;11954;11;11952;24;;;11976;15;11978;19;;;11965.0;0.0
high_vol_volatile_s1;3400;ASH_COATED_OSMIUM;10008;15;10006;14;;;10010;12;10012;12;;;10009.0;0.0
high_vol_volatile_s1;3500;INTARIAN_PEPPER_ROOT;11960;13;11958;18;;;11966;21;11969;20;;;11963.0;0.0
high_vol_volatile_s1;3500;ASH_COATED_OSMIUM;10009;8;10006;15;;;10011;16;10015;24;;;10010.0;0.0
high_vol_volatile_s1;3600;INTARIAN_PEPPER_ROOT;11958;20;11955;16;;;11960;12;11963;20;;;11959.0;0.0
high_vol_volatile_s1;3600;ASH_COATED_OSMIUM;10000;10;9998;15;;;10022;6;10026;14;;;10011.0;0.0
high_vol_volatile_s1;3700;INTARIAN_PEPPER_ROOT;11939;12;11937;18;;;11977;8;11980;28;;;11958.0;0.0
high_vol_volatile_s1;3700;ASH_COATED_OSMIUM;10006;18;10003;19;;;10014;10;10017;21;;;10010.0;0.0
high_vol_volatile_s1;3800;INTARIAN_PEPPER_ROOT;11949;17;11946;23;;;11973;9;11975;23;;;11961.0;0.0
high_vol_volatile_s1;3800;ASH_COATED_OSMIUM;10003;22;9999;24;;;10005;14;10007;28;;;10004.0;0.0
high_vol_volatile_s1;3900;INTARIAN_PEPPER_ROOT;11944;14;11940;22;;;11982;15;11986;11;;;11963.0;0.0
high_vol_volatile_s1;3900;ASH_COATED_OSMIUM;9999;7;9997;19;;;10001;6;10003;18;;;10000.0;0.0
high_vol_volatile_s1;4000;INTARIAN_PEPPER_ROOT;11951;13;11949;18;;;11969;20;11971;20;;;11960.0;0.0
high_vol_volatile_s1;4000;ASH_COATED_OSMIUM;9992;16;9989;20;;;10004;9;10006;13;;;9998.0;0.0
high_vol_volatile_s1;4100;INTARIAN_PEPPER_ROOT;11953;9;11949;25;;;11959;9;11961;28;;;11956.0;0.0
high_vol_volatile_s1;4100;ASH_COATED_OSMIUM;9994;7;9991;29;;;9996;10;9999;15;;;9995.0;0.0
high_vol_volatile_s1;4200;INTARIAN_PEPPER_ROOT;11952;15;11949;18;;;11954;6;11958;16;;;11953.0;0.0
high_vol_volatile_s1;4200;ASH_COATED_OSMIUM;9992;10;9988;13;;;10004;17;10007;17;;;9998.0;0.0
high_vol_volatile_s1;4300;INTARIAN_PEPPER_ROOT;11955;8;11953;9;;;11959;13;11961;23;;;11957.0;0.0
high_vol_volatile_s1;4300;ASH_COATED_OSMIUM;9990;26;9986;22;;;9998;18;10001;18;;;9994.0;0.0
high_vol_volatile_s1;4400;INTARIAN_PEPPER_ROOT;11943;20;11941;21;;;11967;10;11971;15;;;11955.0;0.0
high_vol_volatile_s1;4400;ASH_COATED_OSMIUM;9994;10;9990;24;;;9996;11;10000;27;;;9995.0;0.0
high_vol_volatile_s1;4500;INTARIAN_PEPPER_ROOT;11948;16;11944;16;;;11956;13;11959;23;;;11952.0;0.0
high_vol_volatile_s1;4500;ASH_COATED_OSMIUM;9991;13;9987;13;;;9993;5;9996;20;;;9992.0;0.0
high_vol_volatile_s1;4600;INTARIAN_PEPPER_ROOT;11945;22;11943;24;;;11959;24;11963;18;;;11952.0;0.0
high_vol_volatile_s1;4600;ASH_COATED_OSMIUM;9976;5;9973;28;;;10006;13;10008;12;;;9991.0;0.0
high_vol_volatile_s1;4700;INTARIAN_PEPPER_ROOT;11955;7;11952;18;;;11959;11;11962;22;;;11957.0;0.0
high_vol_volatile_s1;4700;ASH_COATED_OSMIUM;9982;7;9980;9;;;9994;22;9997;26;;;9988.0;0.0
high_vol_volatile_s1;4800;INTARIAN_PEPPER_ROOT;11953;14;11950;21;;;11961;20;11965;16;;;11957.0;0.0
high_vol_volatile_s1;4800;ASH_COATED_OSMIUM;9983;18;9980;16;;;9985;21;9988;25;;;9984.0;0.0
high_vol_volatile_s1;4900;INTARIAN_PEPPER_ROOT;11958;30;11956;28;;;11960;16;11964;19;;;11959.0;0.0
high_vol_volatile_s1;4900;ASH_COATED_OSMIUM;9974;8;9971;12;;;9992;15;9996;19;;;9983.0;0.0
high_vol_volatile_s1;5000;INTARIAN_PEPPER_ROOT;11957;27;11955;18;;;11961;10;11965;24;;;11959.0;0.0
high_vol_volatile_s1;5000;ASH_COATED_OSMIUM;9987;8;9985;18;;;9989;21;9992;17;;;9988.0;0.0
high_vol_volatile_s1;5100;INTARIAN_PEPPER_ROOT;11947;12;11943;18;;;11969;16;11973;28;;;11958.0;0.0
high_vol_volatile_s1;5100;ASH_COATED_OSMIUM;9988;22;9986;19;;;9990;7;9993;20;;;9989.0;0.0
high_vol_volatile_s1;5200;INTARIAN_PEPPER_ROOT;11942;12;11940;25;;;11968;13;11972;22;;;11955.0;0.0
high_vol_volatile_s1;5200;ASH_COATED_OSMIUM;9982;13;9979;14;;;9988;9;9990;19;;;9985.0;0.0
high_vol_volatile_s1;5300;INTARIAN_PEPPER_ROOT;11953;16;11951;11;;;11955;19;11957;24;;;11954.0;0.0
high_vol_volatile_s1;5300;ASH_COATED_OSMIUM;9960;13;9958;22;;;10004;17;10006;17;;;9982.0;0.0
high_vol_volatile_s1;5400;INTARIAN_PEPPER_ROOT;11945;15;11942;13;;;11963;23;11965;17;;;11954.0;0.0
high_vol_volatile_s1;5400;ASH_COATED_OSMIUM;9980;23;9977;16;;;9984;6;9986;24;;;9982.0;0.0
high_vol_volatile_s1;5500;INTARIAN_PEPPER_ROOT;11949;6;11946;22;;;11967;15;11969;14;;;11958.0;0.0
high_vol_volatile_s1;5500;ASH_COATED_OSMIUM;9976;18;9973;25;;;9988;5;9990;20;;;9982.0;0.0
high_vol_volatile_s1;5600;INTARIAN_PEPPER_ROOT;11961;18;11958;15;;;11963;18;11966;15;;;11962.0;0.0
high_vol_volatile_s1;5600;ASH_COATED_OSMIUM;9980;8;9978;27;;;9986;5;9989;17;;;9983.0;0.0
high_vol_volatile_s1;5700;INTARIAN_PEPPER_ROOT;11964;17;11962;15;;;11968;18;11970;28;;;11966.0;0.0
high_vol_volatile_s1;5700;ASH_COATED_OSMIUM;9983;5;9980;27;;;9989;7;9992;16;;;9986.0;0.0
high_vol_volatile_s1;5800;INTARIAN_PEPPER_ROOT;11969;18;11965;20;;;11971;11;11973;19;;;11970.0;0.0
high_vol_volatile_s1;5800;ASH_COATED_OSMIUM;9982;5;9978;20;;;9990;16;9993;23;;;9986.0;0.0
high_vol_volatile_s1;5900;INTARIAN_PEPPER_ROOT;11974;14;11971;32;;;11976;16;11979;17;;;11975.0;0.0
high_vol_volatile_s1;5900;ASH_COATED_OSMIUM;9976;16;9974;8;;;9990;14;9992;12;;;9983.0;0.0
high_vol_volatile_s1;6000;INTARIAN_PEPPER_ROOT;11968;12;11965;20;;;11984;8;11987;25;;;11976.0;0.0
high_vol_volatile_s1;6000;ASH_COATED_OSMIUM;9977;8;9975;22;;;9983;13;9986;21;;;9980.0;0.0
high_vol_volatile_s1;6100;INTARIAN_PEPPER_ROOT;11982;13;11978;22;;;11984;25;11986;22;;;11983.0;0.0
high_vol_volatile_s1;6100;ASH_COATED_OSMIUM;9980;23;9978;18;;;9982;5;9985;16;;;9981.0;0.0
high_vol_volatile_s1;6200;INTARIAN_PEPPER_ROOT;11985;11;11981;17;;;11993;17;11996;18;;;11989.0;0.0
high_vol_volatile_s1;6200;ASH_COATED_OSMIUM;9955;15;9952;28;;;10015;11;10018;24;;;9985.0;0.0
high_vol_volatile_s1;6300;INTARIAN_PEPPER_ROOT;11991;15;11989;16;;;11993;11;11997;16;;;11992.0;0.0
high_vol_volatile_s1;6300;ASH_COATED_OSMIUM;9976;18;9972;23;;;9990;14;9992;9;;;9983.0;0.0
high_vol_volatile_s1;6400;INTARIAN_PEPPER_ROOT;11990;14;11987;14;;;12004;16;12008;10;;;11997.0;0.0
high_vol_volatile_s1;6400;ASH_COATED_OSMIUM;9979;9;9977;16;;;9983;9;9987;19;;;9981.0;0.0
high_vol_volatile_s1;6500;INTARIAN_PEPPER_ROOT;11999;12;11995;27;;;12007;18;12011;13;;;12003.0;0.0
high_vol_volatile_s1;6500;ASH_COATED_OSMIUM;9968;6;9966;21;;;9998;5;10001;21;;;9983.0;0.0
high_vol_volatile_s1;6600;INTARIAN_PEPPER_ROOT;11990;19;11988;19;;;12034;6;12038;24;;;12012.0;0.0
high_vol_volatile_s1;6600;ASH_COATED_OSMIUM;9969;11;9965;23;;;9999;18;10001;22;;;9984.0;0.0
high_vol_volatile_s1;6700;INTARIAN_PEPPER_ROOT;12018;20;12015;15;;;12026;13;12030;14;;;12022.0;0.0
high_vol_volatile_s1;6700;ASH_COATED_OSMIUM;9976;6;9974;20;;;9988;14;9991;24;;;9982.0;0.0
high_vol_volatile_s1;6800;INTARIAN_PEPPER_ROOT;12030;7;12028;30;;;12040;20;12043;24;;;12035.0;0.0
high_vol_volatile_s1;6800;ASH_COATED_OSMIUM;9985;18;9981;17;;;9987;6;9991;22;;;9986.0;0.0
high_vol_volatile_s1;6900;INTARIAN_PEPPER_ROOT;12031;17;12029;17;;;12047;14;12050;20;;;12039.0;0.0
high_vol_volatile_s1;6900;ASH_COATED_OSMIUM;9987;16;9985;16;;;9991;18;9995;26;;;9989.0;0.0
high_vol_volatile_s1;7000;INTARIAN_PEPPER_ROOT;12036;8;12033;18;;;12046;13;12049;24;;;12041.0;0.0
high_vol_volatile_s1;7000;ASH_COATED_OSMIUM;9979;15;9976;14;;;10013;12;10015;20;;;9996.0;0.0
high_vol_volatile_s1;7100;INTARIAN_PEPPER_ROOT;12046;10;12044;23;;;12048;14;12052;29;;;12047.0;0.0
high_vol_volatile_s1;7100;ASH_COATED_OSMIUM;9993;19;9990;19;;;9995;8;9997;8;;;9994.0;0.0
high_vol_volatile_s1;7200;INTARIAN_PEPPER_ROOT;12053;17;12049;28;;;12057;12;12059;17;;;12055.0;0.0
high_vol_volatile_s1;7200;ASH_COATED_OSMIUM;9992;9;9990;18;;;9996;10;9998;19;;;9994.0;0.0
high_vol_volatile_s1;7300;INTARIAN_PEPPER_ROOT;12064;5;12062;19;;;12070;11;12073;21;;;12067.0;0.0
high_vol_volatile_s1;7300;ASH_COATED_OSMIUM;9983;19;9979;23;;;9997;5;10000;19;;;9990.0;0.0
high_vol_volatile_s1;7400;INTARIAN_PEPPER_ROOT;12067;13;12064;31;;;12087;14;12090;12;;;12077.0;0.0
high_vol_volatile_s1;7400;ASH_COATED_OSMIUM;9987;9;9985;24;;;9995;21;9997;28;;;9991.0;0.0
high_vol_volatile_s1;7500;INTARIAN_PEPPER_ROOT;12079;20;12076;24;;;12081;12;12083;22;;;12080.0;0.0
high_vol_volatile_s1;7500;ASH_COATED_OSMIUM;9983;6;9981;8;;;9995;8;9999;27;;;9989.0;0.0
high_vol_volatile_s1;7600;INTARIAN_PEPPER_ROOT;12084;17;12081;21;;;12094;16;12097;16;;;12089.0;0.0
high_vol_volatile_s1;7600;ASH_COATED_OSMIUM;9983;12;9981;29;;;9995;7;9997;19;;;9989.0;0.0
high_vol_volatile_s1;7700;INTARIAN_PEPPER_ROOT;12101;14;12098;16;;;12103;6;12107;23;;;12102.0;0.0
high_vol_volatile_s1;7700;ASH_COATED_OSMIUM;9983;14;9979;20;;;9999;13;10002;9;;;9991.0;0.0
high_vol_volatile_s1;7800;INTARIAN_PEPPER_ROOT;12112;15;12108;16;;;12114;10;12117;16;;;12113.0;0.0
high_vol_volatile_s1;7800;ASH_COATED_OSMIUM;9989;19;9985;19;;;9993;11;9995;23;;;9991.0;0.0
high_vol_volatile_s1;7900;INTARIAN_PEPPER_ROOT;12125;20;12121;13;;;12127;16;12131;8;;;12126.0;0.0
high_vol_volatile_s1;7900;ASH_COATED_OSMIUM;9992;11;9989;17;;;9996;14;9998;25;;;9994.0;0.0
high_vol_volatile_s1;8000;INTARIAN_PEPPER_ROOT;12096;21;12092;19;;;12178;11;12180;19;;;12137.0;0.0
high_vol_volatile_s1;8000;ASH_COATED_OSMIUM;9996;12;9992;21;;;9998;12;10002;19;;;9997.0;0.0
high_vol_volatile_s1;8100;INTARIAN_PEPPER_ROOT;12132;10;12128;27;;;12164;13;12167;11;;;12148.0;0.0
high_vol_volatile_s1;8100;ASH_COATED_OSMIUM;9982;5;9980;22;;;10006;15;10008;17;;;9994.0;0.0
high_vol_volatile_s1;8200;INTARIAN_PEPPER_ROOT;12159;10;12157;19;;;12163;9;12165;8;;;12161.0;0.0
high_vol_volatile_s1;8200;ASH_COATED_OSMIUM;9991;12;9989;23;;;9993;11;9997;29;;;9992.0;0.0
high_vol_volatile_s1;8300;INTARIAN_PEPPER_ROOT;12173;15;12170;19;;;12175;15;12177;10;;;12174.0;0.0
high_vol_volatile_s1;8300;ASH_COATED_OSMIUM;9989;7;9987;21;;;9995;7;9998;30;;;9992.0;0.0
high_vol_volatile_s1;8400;INTARIAN_PEPPER_ROOT;12184;13;12180;25;;;12190;15;12194;28;;;12187.0;0.0
high_vol_volatile_s1;8400;ASH_COATED_OSMIUM;9984;10;9981;26;;;9996;6;9998;12;;;9990.0;0.0
high_vol_volatile_s1;8500;INTARIAN_PEPPER_ROOT;12199;10;12196;9;;;12201;19;12204;23;;;12200.0;0.0
high_vol_volatile_s1;8500;ASH_COATED_OSMIUM;9995;5;9991;19;;;10001;5;10003;19;;;9998.0;0.0
high_vol_volatile_s1;8600;INTARIAN_PEPPER_ROOT;12211;24;12207;14;;;12213;20;12216;23;;;12212.0;0.0
high_vol_volatile_s1;8600;ASH_COATED_OSMIUM;9993;5;9989;15;;;10009;5;10013;11;;;10001.0;0.0
high_vol_volatile_s1;8700;INTARIAN_PEPPER_ROOT;12214;18;12212;31;;;12238;12;12240;27;;;12226.0;0.0
high_vol_volatile_s1;8700;ASH_COATED_OSMIUM;9997;14;9993;19;;;9999;19;10003;15;;;9998.0;0.0
high_vol_volatile_s1;8800;INTARIAN_PEPPER_ROOT;12237;5;12235;18;;;12243;15;12246;27;;;12240.0;0.0
high_vol_volatile_s1;8800;ASH_COATED_OSMIUM;9990;17;9988;18;;;10004;7;10006;22;;;9997.0;0.0
high_vol_volatile_s1;8900;INTARIAN_PEPPER_ROOT;12251;15;12247;27;;;12263;18;12266;21;;;12257.0;0.0
high_vol_volatile_s1;8900;ASH_COATED_OSMIUM;9994;11;9991;26;;;10004;9;10006;20;;;9999.0;0.0
high_vol_volatile_s1;9000;INTARIAN_PEPPER_ROOT;12270;13;12266;21;;;12280;9;12282;21;;;12275.0;0.0
high_vol_volatile_s1;9000;ASH_COATED_OSMIUM;9999;13;9995;27;;;10001;21;10003;14;;;10000.0;0.0
high_vol_volatile_s1;9100;INTARIAN_PEPPER_ROOT;12284;5;12282;24;;;12294;19;12297;23;;;12289.0;0.0
high_vol_volatile_s1;9100;ASH_COATED_OSMIUM;9991;17;9987;29;;;9999;11;10002;9;;;9995.0;0.0
high_vol_volatile_s1;9200;INTARIAN_PEPPER_ROOT;12301;14;12297;25;;;12303;11;12306;28;;;12302.0;0.0
high_vol_volatile_s1;9200;ASH_COATED_OSMIUM;9999;11;9996;17;;;10001;10;10005;32;;;10000.0;0.0
high_vol_volatile_s1;9300;INTARIAN_PEPPER_ROOT;12312;13;12310;16;;;12318;7;12322;13;;;12315.0;0.0
high_vol_volatile_s1;9300;ASH_COATED_OSMIUM;9999;5;9996;28;;;10005;8;10009;25;;;10002.0;0.0
high_vol_volatile_s1;9400;INTARIAN_PEPPER_ROOT;12309;15;12306;18;;;12351;19;12353;28;;;12330.0;0.0
high_vol_volatile_s1;9400;ASH_COATED_OSMIUM;9998;16;9994;22;;;10002;8;10004;21;;;10000.0;0.0
high_vol_volatile_s1;9500;INTARIAN_PEPPER_ROOT;12343;20;12341;24;;;12347;16;12351;17;;;12345.0;0.0
high_vol_volatile_s1;9500;ASH_COATED_OSMIUM;9997;7;9994;22;;;10001;11;10003;25;;;9999.0;0.0
high_vol_volatile_s1;9600;INTARIAN_PEPPER_ROOT;12348;19;12345;9;;;12368;13;12372;20;;;12358.0;0.0
high_vol_volatile_s1;9600;ASH_COATED_OSMIUM;9988;9;9985;21;;;10008;7;10012;15;;;9998.0;0.0
high_vol_volatile_s1;9700;INTARIAN_PEPPER_ROOT;12358;8;12356;19;;;12386;14;12388;18;;;12372.0;0.0
high_vol_volatile_s1;9700;ASH_COATED_OSMIUM;9985;11;9983;22;;;10013;8;10015;23;;;9999.0;0.0
high_vol_volatile_s1;9800;INTARIAN_PEPPER_ROOT;12384;21;12382;27;;;12386;14;12388;21;;;12385.0;0.0
high_vol_volatile_s1;9800;ASH_COATED_OSMIUM;9993;5;9989;25;;;10005;11;10007;21;;;9999.0;0.0
high_vol_volatile_s1;9900;INTARIAN_PEPPER_ROOT;12397;11;12394;16;;;12405;18;12407;27;;;12401.0;0.0
high_vol_volatile_s1;9900;ASH_COATED_OSMIUM;9998;12;9994;25;;;10000;12;10004;28;;;9999.0;0.0
high_vol_volatile_s1;10000;INTARIAN_PEPPER_ROOT;12413;14;12411;24;;;12415;13;12419;19;;;12414.0;0.0
high_vol_volatile_s1;10000;ASH_COATED_OSMIUM;9999;7;9995;17;;;10007;20;10011;19;;;10003.0;0.0
high_vol_volatile_s1;10100;INTARIAN_PEPPER_ROOT;12430;17;12426;15;;;12434;19;12438;21;;;12432.0;0.0
high_vol_volatile_s1;10100;ASH_COATED_OSMIUM;9993;10;9989;21;;;10003;13;10007;20;;;9998.0;0.0
high_vol_volatile_s1;10200;INTARIAN_PEPPER_ROOT;12436;15;12434;16;;;12458;9;12460;20;;;12447.0;0.0
high_vol_volatile_s1;10200;ASH_COATED_OSMIUM;10001;9;9997;23;;;10003;8;10007;15;;;10002.0;0.0
high_vol_volatile_s1;10300;INTARIAN_PEPPER_ROOT;12461;14;12457;27;;;12463;15;12465;13;;;12462.0;0.0
high_vol_volatile_s1;10300;ASH_COATED_OSMIUM;9997;19;9994;20;;;10015;13;10017;23;;;10006.0;0.0
high_vol_volatile_s1;10400;INTARIAN_PEPPER_ROOT;12472;17;12469;18;;;12474;5;12477;22;;;12473.0;0.0
high_vol_volatile_s1;10400;ASH_COATED_OSMIUM;10004;13;10002;17;;;10012;6;10014;23;;;10008.0;0.0
high_vol_volatile_s1;10500;INTARIAN_PEPPER_ROOT;12480;21;12477;15;;;12492;14;12496;11;;;12486.0;0.0
high_vol_volatile_s1;10500;ASH_COATED_OSMIUM;9991;9;9989;10;;;10029;25;10031;15;;;10010.0;0.0
high_vol_volatile_s1;10600;INTARIAN_PEPPER_ROOT;12501;18;12499;25;;;12503;12;12505;32;;;12502.0;0.0
high_vol_volatile_s1;10600;ASH_COATED_OSMIUM;10008;7;10005;23;;;10018;14;10021;20;;;10013.0;0.0
high_vol_volatile_s1;10700;INTARIAN_PEPPER_ROOT;12507;9;12505;18;;;12517;14;12520;21;;;12512.0;0.0
high_vol_volatile_s1;10700;ASH_COATED_OSMIUM;10010;16;10008;18;;;10024;5;10028;22;;;10017.0;0.0
high_vol_volatile_s1;10800;INTARIAN_PEPPER_ROOT;12520;15;12518;15;;;12528;18;12531;19;;;12524.0;0.0
high_vol_volatile_s1;10800;ASH_COATED_OSMIUM;10010;11;10006;19;;;10014;16;10017;31;;;10012.0;0.0
high_vol_volatile_s1;10900;INTARIAN_PEPPER_ROOT;12521;20;12517;12;;;12551;22;12555;28;;;12536.0;0.0
high_vol_volatile_s1;10900;ASH_COATED_OSMIUM;10000;5;9997;13;;;10018;14;10022;13;;;10009.0;0.0
high_vol_volatile_s1;11000;INTARIAN_PEPPER_ROOT;12541;12;12538;14;;;12547;12;12550;27;;;12544.0;0.0
high_vol_volatile_s1;11000;ASH_COATED_OSMIUM;9999;11;9997;15;;;10007;13;10009;19;;;10003.0;0.0
high_vol_volatile_s1;11100;INTARIAN_PEPPER_ROOT;12535;20;12531;27;;;12575;16;12577;15;;;12555.0;0.0
high_vol_volatile_s1;11100;ASH_COATED_OSMIUM;9975;16;9973;19;;;10041;13;10045;17;;;10008.0;0.0
high_vol_volatile_s1;11200;INTARIAN_PEPPER_ROOT;12550;13;12547;30;;;12588;9;12591;20;;;12569.0;0.0
high_vol_volatile_s1;11200;ASH_COATED_OSMIUM;9969;18;9965;20;;;10045;6;10049;24;;;10007.0;0.0
high_vol_volatile_s1;11300;INTARIAN_PEPPER_ROOT;12576;13;12574;24;;;12578;26;12581;19;;;12577.0;0.0
high_vol_volatile_s1;11300;ASH_COATED_OSMIUM;10001;9;9999;22;;;10017;21;10020;20;;;10009.0;0.0
high_vol_volatile_s1;11400;INTARIAN_PEPPER_ROOT;12584;13;12582;21;;;12592;26;12595;26;;;12588.0;0.0
high_vol_volatile_s1;11400;ASH_COATED_OSMIUM;10009;8;10006;30;;;10011;11;10015;17;;;10010.0;0.0
high_vol_volatile_s1;11500;INTARIAN_PEPPER_ROOT;12587;11;12585;16;;;12601;10;12604;21;;;12594.0;0.0
high_vol_volatile_s1;11500;ASH_COATED_OSMIUM;10006;14;10004;15;;;10008;12;10011;15;;;10007.0;0.0
high_vol_volatile_s1;11600;INTARIAN_PEPPER_ROOT;12602;22;12598;29;;;12604;13;12607;13;;;12603.0;0.0
high_vol_volatile_s1;11600;ASH_COATED_OSMIUM;10005;17;10003;18;;;10007;16;10010;24;;;10006.0;0.0
high_vol_volatile_s1;11700;INTARIAN_PEPPER_ROOT;12600;13;12596;22;;;12614;12;12617;31;;;12607.0;0.0
high_vol_volatile_s1;11700;ASH_COATED_OSMIUM;9988;14;9986;22;;;10024;16;10028;13;;;10006.0;0.0
high_vol_volatile_s1;11800;INTARIAN_PEPPER_ROOT;12609;16;12606;23;;;12627;14;12629;25;;;12618.0;0.0
high_vol_volatile_s1;11800;ASH_COATED_OSMIUM;9993;16;9990;12;;;10019;10;10023;24;;;10006.0;0.0
high_vol_volatile_s1;11900;INTARIAN_PEPPER_ROOT;12622;11;12619;27;;;12632;19;12635;21;;;12627.0;0.0
high_vol_volatile_s1;11900;ASH_COATED_OSMIUM;10001;7;9998;33;;;10011;9;10015;22;;;10006.0;0.0
high_vol_volatile_s1;12000;INTARIAN_PEPPER_ROOT;12622;17;12620;18;;;12646;19;12650;21;;;12634.0;0.0
high_vol_volatile_s1;12000;ASH_COATED_OSMIUM;10007;12;10004;16;;;10009;17;10011;21;;;10008.0;0.0
high_vol_volatile_s1;12100;INTARIAN_PEPPER_ROOT;12634;16;12631;15;;;12642;17;12645;21;;;12638.0;0.0
high_vol_volatile_s1;12100;ASH_COATED_OSMIUM;10006;9;10002;15;;;10012;9;10015;12;;;10009.0;0.0
high_vol_volatile_s1;12200;INTARIAN_PEPPER_ROOT;12638;6;12635;25;;;12658;9;12662;11;;;12648.0;0.0
high_vol_volatile_s1;12200;ASH_COATED_OSMIUM;9987;15;9983;16;;;10033;7;10035;14;;;10010.0;0.0
high_vol_volatile_s1;12300;INTARIAN_PEPPER_ROOT;12657;19;12653;28;;;12659;11;12661;14;;;12658.0;0.0
high_vol_volatile_s1;12300;ASH_COATED_OSMIUM;10000;6;9998;32;;;10026;8;10030;20;;;10013.0;0.0
high_vol_volatile_s1;12400;INTARIAN_PEPPER_ROOT;12656;14;12654;23;;;12658;22;12662;15;;;12657.0;0.0
high_vol_volatile_s1;12400;ASH_COATED_OSMIUM;10012;12;10010;21;;;10018;14;10020;22;;;10015.0;0.0
high_vol_volatile_s1;12500;INTARIAN_PEPPER_ROOT;12660;6;12657;19;;;12668;18;12670;22;;;12664.0;0.0
high_vol_volatile_s1;12500;ASH_COATED_OSMIUM;10017;15;10013;18;;;10021;12;10024;14;;;10019.0;0.0
high_vol_volatile_s1;12600;INTARIAN_PEPPER_ROOT;12670;20;12666;18;;;12674;15;12677;24;;;12672.0;0.0
high_vol_volatile_s1;12600;ASH_COATED_OSMIUM;10010;11;10007;21;;;10020;7;10024;21;;;10015.0;0.0
high_vol_volatile_s1;12700;INTARIAN_PEPPER_ROOT;12671;17;12669;17;;;12679;16;12683;19;;;12675.0;0.0
high_vol_volatile_s1;12700;ASH_COATED_OSMIUM;10012;14;10008;8;;;10018;13;10022;20;;;10015.0;0.0
high_vol_volatile_s1;12800;INTARIAN_PEPPER_ROOT;12672;18;12670;24;;;12674;13;12676;10;;;12673.0;0.0
high_vol_volatile_s1;12800;ASH_COATED_OSMIUM;10014;13;10012;18;;;10018;11;10021;15;;;10016.0;0.0
high_vol_volatile_s1;12900;INTARIAN_PEPPER_ROOT;12675;18;12671;20;;;12677;15;12679;13;;;12676.0;0.0
high_vol_volatile_s1;12900;ASH_COATED_OSMIUM;10000;5;9996;22;;;10028;12;10030;27;;;10014.0;0.0
high_vol_volatile_s1;13000;INTARIAN_PEPPER_ROOT;12670;11;12666;16;;;12682;16;12685;27;;;12676.0;0.0
high_vol_volatile_s1;13000;ASH_COATED_OSMIUM;10003;15;10000;20;;;10019;16;10023;21;;;10011.0;0.0
high_vol_volatile_s1;13100;INTARIAN_PEPPER_ROOT;12672;17;12668;21;;;12676;12;12679;20;;;12674.0;0.0
high_vol_volatile_s1;13100;ASH_COATED_OSMIUM;9995;17;9993;19;;;10029;20;10031;14;;;10012.0;0.0
high_vol_volatile_s1;13200;INTARIAN_PEPPER_ROOT;12668;12;12665;24;;;12670;20;12674;20;;;12669.0;0.0
high_vol_volatile_s1;13200;ASH_COATED_OSMIUM;10010;21;10007;21;;;10018;9;10021;21;;;10014.0;0.0
high_vol_volatile_s1;13300;INTARIAN_PEPPER_ROOT;12663;8;12659;13;;;12675;23;12679;20;;;12669.0;0.0
high_vol_volatile_s1;13300;ASH_COATED_OSMIUM;10019;16;10017;24;;;10021;8;10023;18;;;10020.0;0.0
high_vol_volatile_s1;13400;INTARIAN_PEPPER_ROOT;12646;18;12644;16;;;12690;16;12692;21;;;12668.0;0.0
high_vol_volatile_s1;13400;ASH_COATED_OSMIUM;10008;18;10004;29;;;10018;7;10022;25;;;10013.0;0.0
high_vol_volatile_s1;13500;INTARIAN_PEPPER_ROOT;12655;11;12651;22;;;12669;13;12671;15;;;12662.0;0.0
high_vol_volatile_s1;13500;ASH_COATED_OSMIUM;10002;10;10000;26;;;10016;15;10018;9;;;10009.0;0.0
high_vol_volatile_s1;13600;INTARIAN_PEPPER_ROOT;12653;11;12651;19;;;12667;19;12670;19;;;12660.0;0.0
high_vol_volatile_s1;13600;ASH_COATED_OSMIUM;10005;20;10003;23;;;10007;7;10010;22;;;10006.0;0.0
high_vol_volatile_s1;13700;INTARIAN_PEPPER_ROOT;12649;22;12646;15;;;12653;7;12657;25;;;12651.0;0.0
high_vol_volatile_s1;13700;ASH_COATED_OSMIUM;10003;13;10000;20;;;10013;17;10016;19;;;10008.0;0.0
high_vol_volatile_s1;13800;INTARIAN_PEPPER_ROOT;12647;5;12643;17;;;12649;9;12651;19;;;12648.0;0.0
high_vol_volatile_s1;13800;ASH_COATED_OSMIUM;10007;17;10003;15;;;10009;9;10011;15;;;10008.0;0.0
high_vol_volatile_s1;13900;INTARIAN_PEPPER_ROOT;12638;9;12634;23;;;12644;12;12647;15;;;12641.0;0.0
high_vol_volatile_s1;13900;ASH_COATED_OSMIUM;10006;9;10002;29;;;10008;17;10010;22;;;10007.0;0.0
high_vol_volatile_s1;14000;INTARIAN_PEPPER_ROOT;12631;11;12627;15;;;12637;13;12640;16;;;12634.0;0.0
high_vol_volatile_s1;14000;ASH_COATED_OSMIUM;10004;23;10002;31;;;10010;15;10014;25;;;10007.0;0.0
high_vol_volatile_s1;14100;INTARIAN_PEPPER_ROOT;12618;25;12615;19;;;12632;22;12636;15;;;12625.0;0.0
high_vol_volatile_s1;14100;ASH_COATED_OSMIUM;9993;15;9989;16;;;10021;6;10024;24;;;10007.0;0.0
high_vol_volatile_s1;14200;INTARIAN_PEPPER_ROOT;12615;14;12613;15;;;12625;27;12629;19;;;12620.0;0.0
high_vol_volatile_s1;14200;ASH_COATED_OSMIUM;10002;21;9999;16;;;10020;20;10024;16;;;10011.0;0.0
high_vol_volatile_s1;14300;INTARIAN_PEPPER_ROOT;12608;16;12605;16;;;12616;8;12619;21;;;12612.0;0.0
high_vol_volatile_s1;14300;ASH_COATED_OSMIUM;9987;19;9985;15;;;10033;10;10037;17;;;10010.0;0.0
high_vol_volatile_s1;14400;INTARIAN_PEPPER_ROOT;12586;18;12582;23;;;12622;14;12625;18;;;12604.0;0.0
high_vol_volatile_s1;14400;ASH_COATED_OSMIUM;9994;5;9992;16;;;10034;6;10038;21;;;10014.0;0.0
high_vol_volatile_s1;14500;INTARIAN_PEPPER_ROOT;12584;7;12580;17;;;12602;9;12604;30;;;12593.0;0.0
high_vol_volatile_s1;14500;ASH_COATED_OSMIUM;9999;9;9996;13;;;10021;10;10025;17;;;10010.0;0.0
high_vol_volatile_s1;14600;INTARIAN_PEPPER_ROOT;12582;12;12579;20;;;12584;17;12586;20;;;12583.0;0.0
high_vol_volatile_s1;14600;ASH_COATED_OSMIUM;10010;9;10007;16;;;10014;13;10018;18;;;10012.0;0.0
high_vol_volatile_s1;14700;INTARIAN_PEPPER_ROOT;12566;18;12562;20;;;12576;17;12580;34;;;12571.0;0.0
high_vol_volatile_s1;14700;ASH_COATED_OSMIUM;9991;5;9988;19;;;10031;19;10035;21;;;10011.0;0.0
high_vol_volatile_s1;14800;INTARIAN_PEPPER_ROOT;12548;17;12544;21;;;12570;16;12573;21;;;12559.0;0.0
high_vol_volatile_s1;14800;ASH_COATED_OSMIUM;9991;10;9987;14;;;10031;6;10035;14;;;10011.0;0.0
high_vol_volatile_s1;14900;INTARIAN_PEPPER_ROOT;12545;22;12542;23;;;12553;5;12557;22;;;12549.0;0.0
high_vol_volatile_s1;14900;ASH_COATED_OSMIUM;10003;17;10000;18;;;10027;6;10029;26;;;10015.0;0.0
high_vol_volatile_s1;15000;INTARIAN_PEPPER_ROOT;12532;18;12530;21;;;12534;8;12538;25;;;12533.0;0.0
high_vol_volatile_s1;15000;ASH_COATED_OSMIUM;9990;14;9986;17;;;10030;15;10032;24;;;10010.0;0.0
high_vol_volatile_s1;15100;INTARIAN_PEPPER_ROOT;12510;18;12508;20;;;12514;17;12518;20;;;12512.0;0.0
high_vol_volatile_s1;15100;ASH_COATED_OSMIUM;10011;12;10008;24;;;10013;8;10016;11;;;10012.0;0.0
high_vol_volatile_s1;15200;INTARIAN_PEPPER_ROOT;12499;14;12496;13;;;12501;19;12503;19;;;12500.0;0.0
high_vol_volatile_s1;15200;ASH_COATED_OSMIUM;10007;12;10004;9;;;10009;17;10012;16;;;10008.0;0.0
high_vol_volatile_s1;15300;INTARIAN_PEPPER_ROOT;12487;12;12485;22;;;12495;12;12497;20;;;12491.0;0.0
high_vol_volatile_s1;15300;ASH_COATED_OSMIUM;10011;8;10009;13;;;10017;16;10021;21;;;10014.0;0.0
high_vol_volatile_s1;15400;INTARIAN_PEPPER_ROOT;12465;15;12463;19;;;12487;14;12491;19;;;12476.0;0.0
high_vol_volatile_s1;15400;ASH_COATED_OSMIUM;10011;10;10008;13;;;10015;18;10019;25;;;10013.0;0.0
high_vol_volatile_s1;15500;INTARIAN_PEPPER_ROOT;12453;14;12451;21;;;12463;11;12465;28;;;12458.0;0.0
high_vol_volatile_s1;15500;ASH_COATED_OSMIUM;10011;6;10007;8;;;10017;13;10021;13;;;10014.0;0.0
high_vol_volatile_s1;15600;INTARIAN_PEPPER_ROOT;12440;18;12436;15;;;12442;10;12446;20;;;12441.0;0.0
high_vol_volatile_s1;15600;ASH_COATED_OSMIUM;10010;5;10006;15;;;10026;17;10030;21;;;10018.0;0.0
high_vol_volatile_s1;15700;INTARIAN_PEPPER_ROOT;12421;16;12418;13;;;12425;11;12429;18;;;12423.0;0.0
high_vol_volatile_s1;15700;ASH_COATED_OSMIUM;10016;19;10014;23;;;10018;15;10021;15;;;10017.0;0.0
high_vol_volatile_s1;15800;INTARIAN_PEPPER_ROOT;12403;19;12401;17;;;12407;11;12411;16;;;12405.0;0.0
high_vol_volatile_s1;15800;ASH_COATED_OSMIUM;10012;17;10009;17;;;10022;13;10026;19;;;10017.0;0.0
high_vol_volatile_s1;15900;INTARIAN_PEPPER_ROOT;12369;19;12366;9;;;12399;14;12402;22;;;12384.0;0.0
high_vol_volatile_s1;15900;ASH_COATED_OSMIUM;10011;10;10007;21;;;10013;6;10015;19;;;10012.0;0.0
high_vol_volatile_s1;16000;INTARIAN_PEPPER_ROOT;12361;11;12357;14;;;12365;10;12367;24;;;12363.0;0.0
high_vol_volatile_s1;16000;ASH_COATED_OSMIUM;10016;13;10013;24;;;10020;23;10022;15;;;10018.0;0.0
high_vol_volatile_s1;16100;INTARIAN_PEPPER_ROOT;12327;10;12325;27;;;12353;7;12357;16;;;12340.0;0.0
high_vol_volatile_s1;16100;ASH_COATED_OSMIUM;10015;14;10011;18;;;10021;12;10023;19;;;10018.0;0.0
high_vol_volatile_s1;16200;INTARIAN_PEPPER_ROOT;12313;14;12309;17;;;12331;8;12335;17;;;12322.0;0.0
high_vol_volatile_s1;16200;ASH_COATED_OSMIUM;10014;16;10012;21;;;10018;14;10022;13;;;10016.0;0.0
high_vol_volatile_s1;16300;INTARIAN_PEPPER_ROOT;12282;10;12279;19;;;12322;9;12324;11;;;12302.0;0.0
high_vol_volatile_s1;16300;ASH_COATED_OSMIUM;10004;16;10002;12;;;10032;21;10034;30;;;10018.0;0.0
high_vol_volatile_s1;16400;INTARIAN_PEPPER_ROOT;12280;17;12276;15;;;12286;10;12290;19;;;12283.0;0.0
high_vol_volatile_s1;16400;ASH_COATED_OSMIUM;10020;20;10018;12;;;10024;10;10028;19;;;10022.0;0.0
high_vol_volatile_s1;16500;INTARIAN_PEPPER_ROOT;12244;18;12241;21;;;12280;18;12282;27;;;12262.0;0.0
high_vol_volatile_s1;16500;ASH_COATED_OSMIUM;10015;13;10013;19;;;10027;13;10029;18;;;10021.0;0.0
high_vol_volatile_s1;16600;INTARIAN_PEPPER_ROOT;12243;14;12240;19;;;12245;16;12247;18;;;12244.0;0.0
high_vol_volatile_s1;16600;ASH_COATED_OSMIUM;10022;13;10018;20;;;10024;16;10027;20;;;10023.0;0.0
high_vol_volatile_s1;16700;INTARIAN_PEPPER_ROOT;12212;17;12210;18;;;12236;13;12240;10;;;12224.0;0.0
high_vol_volatile_s1;16700;ASH_COATED_OSMIUM;10022;16;10019;18;;;10024;19;10027;20;;;10023.0;0.0
high_vol_volatile_s1;16800;INTARIAN_PEPPER_ROOT;12182;15;12180;19;;;12240;28;12243;20;;;12211.0;0.0
high_vol_volatile_s1;16800;ASH_COATED_OSMIUM;10024;10;10020;22;;;10026;18;10029;15;;;10025.0;0.0
high_vol_volatile_s1;16900;INTARIAN_PEPPER_ROOT;12167;20;12163;27;;;12201;16;12205;8;;;12184.0;0.0
high_vol_volatile_s1;16900;ASH_COATED_OSMIUM;10009;14;10005;21;;;10033;17;10037;15;;;10021.0;0.0
high_vol_volatile_s1;17000;INTARIAN_PEPPER_ROOT;12160;12;12156;24;;;12162;11;12164;14;;;12161.0;0.0
high_vol_volatile_s1;17000;ASH_COATED_OSMIUM;10016;20;10013;24;;;10034;12;10037;17;;;10025.0;0.0
high_vol_volatile_s1;17100;INTARIAN_PEPPER_ROOT;12142;15;12140;22;;;12144;13;12147;13;;;12143.0;0.0
high_vol_volatile_s1;17100;ASH_COATED_OSMIUM;10005;10;10002;28;;;10045;15;10049;18;;;10025.0;0.0
high_vol_volatile_s1;17200;INTARIAN_PEPPER_ROOT;12126;9;12123;21;;;12132;14;12136;18;;;12129.0;0.0
high_vol_volatile_s1;17200;ASH_COATED_OSMIUM;10024;6;10020;11;;;10030;15;10034;20;;;10027.0;0.0
high_vol_volatile_s1;17300;INTARIAN_PEPPER_ROOT;12105;5;12102;21;;;12111;22;12113;21;;;12108.0;0.0
high_vol_volatile_s1;17300;ASH_COATED_OSMIUM;10029;17;10026;25;;;10031;13;10033;20;;;10030.0;0.0
high_vol_volatile_s1;17400;INTARIAN_PEPPER_ROOT;12074;6;12072;13;;;12100;12;12102;12;;;12087.0;0.0
high_vol_volatile_s1;17400;ASH_COATED_OSMIUM;10028;10;10024;22;;;10030;14;10033;23;;;10029.0;0.0
high_vol_volatile_s1;17500;INTARIAN_PEPPER_ROOT;12064;16;12060;21;;;12066;18;12070;17;;;12065.0;0.0
high_vol_volatile_s1;17500;ASH_COATED_OSMIUM;10028;8;10024;16;;;10032;17;10036;22;;;10030.0;0.0
high_vol_volatile_s1;17600;INTARIAN_PEPPER_ROOT;12045;13;12043;28;;;12053;13;12056;21;;;12049.0;0.0
high_vol_volatile_s1;17600;ASH_COATED_OSMIUM;10020;14;10017;18;;;10040;12;10043;18;;;10030.0;0.0
high_vol_volatile_s1;17700;INTARIAN_PEPPER_ROOT;12022;5;12018;23;;;12032;17;12034;15;;;12027.0;0.0
high_vol_volatile_s1;17700;ASH_COATED_OSMIUM;10011;13;10008;16;;;10039;10;10043;27;;;10025.0;0.0
high_vol_volatile_s1;17800;INTARIAN_PEPPER_ROOT;12004;12;12000;22;;;12014;22;12017;20;;;12009.0;0.0
high_vol_volatile_s1;17800;ASH_COATED_OSMIUM;10010;13;10006;23;;;10044;14;10048;24;;;10027.0;0.0
high_vol_volatile_s1;17900;INTARIAN_PEPPER_ROOT;11971;8;11968;15;;;12007;18;12010;18;;;11989.0;0.0
high_vol_volatile_s1;17900;ASH_COATED_OSMIUM;10017;16;10013;14;;;10033;8;10035;12;;;10025.0;0.0
high_vol_volatile_s1;18000;INTARIAN_PEPPER_ROOT;11963;8;11961;16;;;11967;17;11970;10;;;11965.0;0.0
high_vol_volatile_s1;18000;ASH_COATED_OSMIUM;10009;6;10006;8;;;10029;12;10032;14;;;10019.0;0.0
high_vol_volatile_s1;18100;INTARIAN_PEPPER_ROOT;11945;14;11943;18;;;11947;7;11950;24;;;11946.0;0.0
high_vol_volatile_s1;18100;ASH_COATED_OSMIUM;9998;10;9996;18;;;10036;20;10039;18;;;10017.0;0.0
high_vol_volatile_s1;18200;INTARIAN_PEPPER_ROOT;11927;7;11924;8;;;11931;5;11935;10;;;11929.0;0.0
high_vol_volatile_s1;18200;ASH_COATED_OSMIUM;10015;8;10013;20;;;10029;17;10033;14;;;10022.0;0.0
high_vol_volatile_s1;18300;INTARIAN_PEPPER_ROOT;11910;9;11908;19;;;11918;11;11921;15;;;11914.0;0.0
high_vol_volatile_s1;18300;ASH_COATED_OSMIUM;10022;17;10020;21;;;10026;20;10029;24;;;10024.0;0.0
high_vol_volatile_s1;18400;INTARIAN_PEPPER_ROOT;11865;10;11861;26;;;11925;21;11929;19;;;11895.0;0.0
high_vol_volatile_s1;18400;ASH_COATED_OSMIUM;10012;5;10010;25;;;10026;17;10030;23;;;10019.0;0.0
high_vol_volatile_s1;18500;INTARIAN_PEPPER_ROOT;11870;15;11868;19;;;11880;15;11882;20;;;11875.0;0.0
high_vol_volatile_s1;18500;ASH_COATED_OSMIUM;10011;5;10008;18;;;10027;11;10031;13;;;10019.0;0.0
high_vol_volatile_s1;18600;INTARIAN_PEPPER_ROOT;11856;20;11854;22;;;11862;17;11865;22;;;11859.0;0.0
high_vol_volatile_s1;18600;ASH_COATED_OSMIUM;10018;22;10016;18;;;10024;16;10027;9;;;10021.0;0.0
high_vol_volatile_s1;18700;INTARIAN_PEPPER_ROOT;11842;12;11838;25;;;11844;16;11847;20;;;11843.0;0.0
high_vol_volatile_s1;18700;ASH_COATED_OSMIUM;10016;12;10013;17;;;10030;7;10032;23;;;10023.0;0.0
high_vol_volatile_s1;18800;INTARIAN_PEPPER_ROOT;11826;19;11823;23;;;11828;11;11830;15;;;11827.0;0.0
high_vol_volatile_s1;18800;ASH_COATED_OSMIUM;10023;9;10021;9;;;10025;10;10029;23;;;10024.0;0.0
high_vol_volatile_s1;18900;INTARIAN_PEPPER_ROOT;11783;15;11781;25;;;11837;19;11841;10;;;11810.0;0.0
high_vol_volatile_s1;18900;ASH_COATED_OSMIUM;10012;8;10009;17;;;10024;12;10026;15;;;10018.0;0.0
high_vol_volatile_s1;19000;INTARIAN_PEPPER_ROOT;11797;15;11794;24;;;11799;18;11802;21;;;11798.0;0.0
high_vol_volatile_s1;19000;ASH_COATED_OSMIUM;10007;19;10004;13;;;10033;20;10037;15;;;10020.0;0.0
high_vol_volatile_s1;19100;INTARIAN_PEPPER_ROOT;11783;13;11781;15;;;11785;8;11788;22;;;11784.0;0.0
high_vol_volatile_s1;19100;ASH_COATED_OSMIUM;10008;13;10004;17;;;10028;18;10032;17;;;10018.0;0.0
high_vol_volatile_s1;19200;INTARIAN_PEPPER_ROOT;11751;17;11748;21;;;11801;9;11803;16;;;11776.0;0.0
high_vol_volatile_s1;19200;ASH_COATED_OSMIUM;10018;19;10016;17;;;10026;12;10030;24;;;10022.0;0.0
high_vol_volatile_s1;19300;INTARIAN_PEPPER_ROOT;11758;5;11756;18;;;11772;28;11776;14;;;11765.0;0.0
high_vol_volatile_s1;19300;ASH_COATED_OSMIUM;10020;12;10016;18;;;10026;7;10029;22;;;10023.0;0.0
high_vol_volatile_s1;19400;INTARIAN_PEPPER_ROOT;11745;16;11743;17;;;11761;13;11763;25;;;11753.0;0.0
high_vol_volatile_s1;19400;ASH_COATED_OSMIUM;10025;5;10023;16;;;10029;17;10032;17;;;10027.0;0.0
high_vol_volatile_s1;19500;INTARIAN_PEPPER_ROOT;11735;9;11731;19;;;11737;18;11740;22;;;11736.0;0.0
high_vol_volatile_s1;19500;ASH_COATED_OSMIUM;10025;11;10023;18;;;10031;9;10033;18;;;10028.0;0.0
high_vol_volatile_s1;19600;INTARIAN_PEPPER_ROOT;11722;12;11720;18;;;11730;19;11732;22;;;11726.0;0.0
high_vol_volatile_s1;19600;ASH_COATED_OSMIUM;10022;15;10020;15;;;10024;15;10026;21;;;10023.0;0.0
high_vol_volatile_s1;19700;INTARIAN_PEPPER_ROOT;11703;13;11699;13;;;11729;18;11733;18;;;11716.0;0.0
high_vol_volatile_s1;19700;ASH_COATED_OSMIUM;10026;5;10023;24;;;10028;23;10031;10;;;10027.0;0.0
high_vol_volatile_s1;19800;INTARIAN_PEPPER_ROOT;11703;10;11701;18;;;11713;9;11717;18;;;11708.0;0.0
high_vol_volatile_s1;19800;ASH_COATED_OSMIUM;10026;21;10024;27;;;10028;5;10032;28;;;10027.0;0.0
high_vol_volatile_s1;19900;INTARIAN_PEPPER_ROOT;11699;7;11695;18;;;11701;13;11703;17;;;11700.0;0.0
high_vol_volatile_s1;19900;ASH_COATED_OSMIUM;10018;12;10015;18;;;10024;15;10026;23;;;10021.0;0.0
high_vol_volatile_s1;20000;INTARIAN_PEPPER_ROOT;11689;13;11686;21;;;11691;10;11694;23;;;11690.0;0.0
high_vol_volatile_s1;20000;ASH_COATED_OSMIUM;10021;18;10019;26;;;10023;9;10025;15;;;10022.0;0.0
high_vol_volatile_s1;20100;INTARIAN_PEPPER_ROOT;11665;17;11661;20;;;11703;12;11705;16;;;11684.0;0.0
high_vol_volatile_s1;20100;ASH_COATED_OSMIUM;10000;12;9996;17;;;10038;5;10042;18;;;10019.0;0.0
high_vol_volatile_s1;20200;INTARIAN_PEPPER_ROOT;11674;22;11671;18;;;11676;18;11680;23;;;11675.0;0.0
high_vol_volatile_s1;20200;ASH_COATED_OSMIUM;10014;16;10010;20;;;10028;9;10031;26;;;10021.0;0.0
high_vol_volatile_s1;20300;INTARIAN_PEPPER_ROOT;11669;15;11667;25;;;11677;16;11679;16;;;11673.0;0.0
high_vol_volatile_s1;20300;ASH_COATED_OSMIUM;10017;7;10013;25;;;10029;15;10031;13;;;10023.0;0.0
high_vol_volatile_s1;20400;INTARIAN_PEPPER_ROOT;11657;9;11655;23;;;11669;20;11671;19;;;11663.0;0.0
high_vol_volatile_s1;20400;ASH_COATED_OSMIUM;9996;6;9994;23;;;10046;16;10048;15;;;10021.0;0.0
high_vol_volatile_s1;20500;INTARIAN_PEPPER_ROOT;11651;7;11649;30;;;11653;7;11657;8;;;11652.0;0.0
high_vol_volatile_s1;20500;ASH_COATED_OSMIUM;10021;8;10018;22;;;10023;19;10026;20;;;10022.0;0.0
high_vol_volatile_s1;20600;INTARIAN_PEPPER_ROOT;11633;18;11630;18;;;11653;5;11657;22;;;11643.0;0.0
high_vol_volatile_s1;20600;ASH_COATED_OSMIUM;10020;5;10016;11;;;10022;12;10024;15;;;10021.0;0.0
high_vol_volatile_s1;20700;INTARIAN_PEPPER_ROOT;11634;10;11632;22;;;11636;19;11638;23;;;11635.0;0.0
high_vol_volatile_s1;20700;ASH_COATED_OSMIUM;10025;5;10022;21;;;10027;8;10029;23;;;10026.0;0.0
high_vol_volatile_s1;20800;INTARIAN_PEPPER_ROOT;11623;9;11619;25;;;11633;15;11636;16;;;11628.0;0.0
high_vol_volatile_s1;20800;ASH_COATED_OSMIUM;10025;9;10021;10;;;10029;11;10031;16;;;10027.0;0.0
high_vol_volatile_s1;20900;INTARIAN_PEPPER_ROOT;11626;17;11624;22;;;11638;11;11640;20;;;11632.0;0.0
high_vol_volatile_s1;20900;ASH_COATED_OSMIUM;10021;10;10018;20;;;10027;19;10030;23;;;10024.0;0.0
high_vol_volatile_s1;21000;INTARIAN_PEPPER_ROOT;11609;15;11607;24;;;11647;12;11649;14;;;11628.0;0.0
high_vol_volatile_s1;21000;ASH_COATED_OSMIUM;10017;19;10015;21;;;10023;19;10025;18;;;10020.0;0.0
high_vol_volatile_s1;21100;INTARIAN_PEPPER_ROOT;11606;13;11603;17;;;11640;8;11643;19;;;11623.0;0.0
high_vol_volatile_s1;21100;ASH_COATED_OSMIUM;10003;11;10000;17;;;10025;5;10028;18;;;10014.0;0.0
high_vol_volatile_s1;21200;INTARIAN_PEPPER_ROOT;11601;16;11597;20;;;11651;5;11654;17;;;11626.0;0.0
high_vol_volatile_s1;21200;ASH_COATED_OSMIUM;10003;13;10000;20;;;10019;21;10023;25;;;10011.0;0.0
high_vol_volatile_s1;21300;INTARIAN_PEPPER_ROOT;11623;10;11620;19;;;11625;5;11628;20;;;11624.0;0.0
high_vol_volatile_s1;21300;ASH_COATED_OSMIUM;10011;18;10008;21;;;10019;9;10023;19;;;10015.0;0.0
high_vol_volatile_s1;21400;INTARIAN_PEPPER_ROOT;11621;8;11617;17;;;11623;21;11626;8;;;11622.0;0.0
high_vol_volatile_s1;21400;ASH_COATED_OSMIUM;10004;17;10002;13;;;10018;9;10020;22;;;10011.0;0.0
high_vol_volatile_s1;21500;INTARIAN_PEPPER_ROOT;11618;11;11614;30;;;11634;20;11636;25;;;11626.0;0.0
high_vol_volatile_s1;21500;ASH_COATED_OSMIUM;10008;19;10006;13;;;10016;16;10020;22;;;10012.0;0.0
high_vol_volatile_s1;21600;INTARIAN_PEPPER_ROOT;11625;20;11621;9;;;11637;8;11639;22;;;11631.0;0.0
high_vol_volatile_s1;21600;ASH_COATED_OSMIUM;10017;15;10014;21;;;10019;11;10023;13;;;10018.0;0.0
high_vol_volatile_s1;21700;INTARIAN_PEPPER_ROOT;11627;7;11624;19;;;11639;16;11641;16;;;11633.0;0.0
high_vol_volatile_s1;21700;ASH_COATED_OSMIUM;10009;22;10006;14;;;10019;14;10023;18;;;10014.0;0.0
high_vol_volatile_s1;21800;INTARIAN_PEPPER_ROOT;11636;21;11633;21;;;11644;7;11646;23;;;11640.0;0.0
high_vol_volatile_s1;21800;ASH_COATED_OSMIUM;9993;9;9991;14;;;10031;17;10034;22;;;10012.0;0.0
high_vol_volatile_s1;21900;INTARIAN_PEPPER_ROOT;11645;17;11642;21;;;11647;15;11650;17;;;11646.0;0.0
high_vol_volatile_s1;21900;ASH_COATED_OSMIUM;10014;17;10010;22;;;10016;13;10020;18;;;10015.0;0.0
high_vol_volatile_s1;22000;INTARIAN_PEPPER_ROOT;11651;19;11648;17;;;11659;6;11661;26;;;11655.0;0.0
high_vol_volatile_s1;22000;ASH_COATED_OSMIUM;10007;16;10003;26;;;10021;18;10024;27;;;10014.0;0.0
high_vol_volatile_s1;22100;INTARIAN_PEPPER_ROOT;11662;15;11658;17;;;11664;19;11668;24;;;11663.0;0.0
high_vol_volatile_s1;22100;ASH_COATED_OSMIUM;10009;14;10006;28;;;10025;18;10028;19;;;10017.0;0.0
high_vol_volatile_s1;22200;INTARIAN_PEPPER_ROOT;11659;8;11656;17;;;11687;21;11690;25;;;11673.0;0.0
high_vol_volatile_s1;22200;ASH_COATED_OSMIUM;10014;16;10012;19;;;10016;11;10020;18;;;10015.0;0.0
high_vol_volatile_s1;22300;INTARIAN_PEPPER_ROOT;11679;9;11677;15;;;11681;17;11685;16;;;11680.0;0.0
high_vol_volatile_s1;22300;ASH_COATED_OSMIUM;10011;15;10009;18;;;10015;14;10019;16;;;10013.0;0.0
high_vol_volatile_s1;22400;INTARIAN_PEPPER_ROOT;11661;15;11659;25;;;11709;20;11712;17;;;11685.0;0.0
high_vol_volatile_s1;22400;ASH_COATED_OSMIUM;10009;15;10007;18;;;10011;15;10013;11;;;10010.0;0.0
high_vol_volatile_s1;22500;INTARIAN_PEPPER_ROOT;11699;16;11697;18;;;11701;15;11703;12;;;11700.0;0.0
high_vol_volatile_s1;22500;ASH_COATED_OSMIUM;10000;14;9997;26;;;10022;13;10025;24;;;10011.0;0.0
high_vol_volatile_s1;22600;INTARIAN_PEPPER_ROOT;11706;13;11702;23;;;11708;22;11710;21;;;11707.0;0.0
high_vol_volatile_s1;22600;ASH_COATED_OSMIUM;10006;6;10002;16;;;10010;10;10014;22;;;10008.0;0.0
high_vol_volatile_s1;22700;INTARIAN_PEPPER_ROOT;11715;16;11712;20;;;11717;11;11720;22;;;11716.0;0.0
high_vol_volatile_s1;22700;ASH_COATED_OSMIUM;9997;17;9995;19;;;10017;13;10020;13;;;10007.0;0.0
high_vol_volatile_s1;22800;INTARIAN_PEPPER_ROOT;11721;17;11717;14;;;11725;9;11728;16;;;11723.0;0.0
high_vol_volatile_s1;22800;ASH_COATED_OSMIUM;10002;17;9999;21;;;10012;9;10016;25;;;10007.0;0.0
high_vol_volatile_s1;22900;INTARIAN_PEPPER_ROOT;11724;11;11721;19;;;11742;10;11745;19;;;11733.0;0.0
high_vol_volatile_s1;22900;ASH_COATED_OSMIUM;9970;5;9968;10;;;10044;14;10047;20;;;10007.0;0.0
high_vol_volatile_s1;23000;INTARIAN_PEPPER_ROOT;11743;18;11739;11;;;11745;9;11747;19;;;11744.0;0.0
high_vol_volatile_s1;23000;ASH_COATED_OSMIUM;10002;9;10000;21;;;10008;9;10012;13;;;10005.0;0.0
high_vol_volatile_s1;23100;INTARIAN_PEPPER_ROOT;11755;11;11751;21;;;11757;21;11761;15;;;11756.0;0.0
high_vol_volatile_s1;23100;ASH_COATED_OSMIUM;10001;19;9999;20;;;10009;14;10011;16;;;10005.0;0.0
high_vol_volatile_s1;23200;INTARIAN_PEPPER_ROOT;11761;10;11758;21;;;11777;25;11780;19;;;11769.0;0.0
high_vol_volatile_s1;23200;ASH_COATED_OSMIUM;10001;12;9999;23;;;10013;13;10015;29;;;10007.0;0.0
high_vol_volatile_s1;23300;INTARIAN_PEPPER_ROOT;11772;23;11769;12;;;11800;12;11802;17;;;11786.0;0.0
high_vol_volatile_s1;23300;ASH_COATED_OSMIUM;9992;9;9989;13;;;10016;16;10019;17;;;10004.0;0.0
high_vol_volatile_s1;23400;INTARIAN_PEPPER_ROOT;11795;20;11791;13;;;11801;13;11803;21;;;11798.0;0.0
high_vol_volatile_s1;23400;ASH_COATED_OSMIUM;9998;11;9994;20;;;10004;9;10006;20;;;10001.0;0.0
high_vol_volatile_s1;23500;INTARIAN_PEPPER_ROOT;11804;16;11800;14;;;11810;6;11813;25;;;11807.0;0.0
high_vol_volatile_s1;23500;ASH_COATED_OSMIUM;9984;9;9981;12;;;10010;6;10013;20;;;9997.0;0.0
high_vol_volatile_s1;23600;INTARIAN_PEPPER_ROOT;11814;17;11811;18;;;11818;14;11821;15;;;11816.0;0.0
high_vol_volatile_s1;23600;ASH_COATED_OSMIUM;9987;21;9983;20;;;10007;8;10010;17;;;9997.0;0.0
high_vol_volatile_s1;23700;INTARIAN_PEPPER_ROOT;11819;16;11815;16;;;11835;12;11837;29;;;11827.0;0.0
high_vol_volatile_s1;23700;ASH_COATED_OSMIUM;9990;5;9987;14;;;10002;9;10006;26;;;9996.0;0.0
high_vol_volatile_s1;23800;INTARIAN_PEPPER_ROOT;11825;9;11821;10;;;11845;14;11849;21;;;11835.0;0.0
high_vol_volatile_s1;23800;ASH_COATED_OSMIUM;9996;17;9993;18;;;9998;15;10000;22;;;9997.0;0.0
high_vol_volatile_s1;23900;INTARIAN_PEPPER_ROOT;11850;15;11846;15;;;11852;15;11855;19;;;11851.0;0.0
high_vol_volatile_s1;23900;ASH_COATED_OSMIUM;9994;6;9992;24;;;10004;10;10007;13;;;9999.0;0.0
high_vol_volatile_s1;24000;INTARIAN_PEPPER_ROOT;11859;6;11857;16;;;11869;19;11873;13;;;11864.0;0.0
high_vol_volatile_s1;24000;ASH_COATED_OSMIUM;9995;10;9993;20;;;10003;11;10005;19;;;9999.0;0.0
high_vol_volatile_s1;24100;INTARIAN_PEPPER_ROOT;11871;9;11868;12;;;11881;16;11883;23;;;11876.0;0.0
high_vol_volatile_s1;24100;ASH_COATED_OSMIUM;9996;10;9994;27;;;10004;14;10007;19;;;10000.0;0.0
high_vol_volatile_s1;24200;INTARIAN_PEPPER_ROOT;11889;12;11887;20;;;11891;28;11895;21;;;11890.0;0.0
high_vol_volatile_s1;24200;ASH_COATED_OSMIUM;9991;15;9989;17;;;10011;5;10015;22;;;10001.0;0.0
high_vol_volatile_s1;24300;INTARIAN_PEPPER_ROOT;11899;17;11897;24;;;11901;17;11903;20;;;11900.0;0.0
high_vol_volatile_s1;24300;ASH_COATED_OSMIUM;9998;14;9994;13;;;10002;13;10006;19;;;10000.0;0.0
high_vol_volatile_s1;24400;INTARIAN_PEPPER_ROOT;11906;21;11904;26;;;11918;18;11921;23;;;11912.0;0.0
high_vol_volatile_s1;24400;ASH_COATED_OSMIUM;10005;8;10003;11;;;10007;7;10009;20;;;10006.0;0.0
high_vol_volatile_s1;24500;INTARIAN_PEPPER_ROOT;11910;14;11907;22;;;11944;13;11946;26;;;11927.0;0.0
high_vol_volatile_s1;24500;ASH_COATED_OSMIUM;9981;12;9979;20;;;10029;14;10033;22;;;10005.0;0.0
high_vol_volatile_s1;24600;INTARIAN_PEPPER_ROOT;11942;13;11938;19;;;11944;18;11947;19;;;11943.0;0.0
high_vol_volatile_s1;24600;ASH_COATED_OSMIUM;9990;11;9988;13;;;10008;16;10012;26;;;9999.0;0.0
high_vol_volatile_s1;24700;INTARIAN_PEPPER_ROOT;11950;16;11947;15;;;11962;5;11965;22;;;11956.0;0.0
high_vol_volatile_s1;24700;ASH_COATED_OSMIUM;9996;5;9994;20;;;10010;7;10012;20;;;10003.0;0.0
high_vol_volatile_s1;24800;INTARIAN_PEPPER_ROOT;11974;9;11971;18;;;11976;11;11978;26;;;11975.0;0.0
high_vol_volatile_s1;24800;ASH_COATED_OSMIUM;9984;20;9981;17;;;10024;18;10028;25;;;10004.0;0.0
high_vol_volatile_s1;24900;INTARIAN_PEPPER_ROOT;11978;11;11976;23;;;11994;11;11997;20;;;11986.0;0.0
high_vol_volatile_s1;24900;ASH_COATED_OSMIUM;10002;15;9998;17;;;10010;10;10013;28;;;10006.0;0.0
high_vol_volatile_s1;25000;INTARIAN_PEPPER_ROOT;11997;14;11993;14;;;11999;12;12003;25;;;11998.0;0.0
high_vol_volatile_s1;25000;ASH_COATED_OSMIUM;10004;17;10001;22;;;10010;14;10012;15;;;10007.0;0.0
high_vol_volatile_s1;25100;INTARIAN_PEPPER_ROOT;12003;25;12001;22;;;12019;17;12022;17;;;12011.0;0.0
high_vol_volatile_s1;25100;ASH_COATED_OSMIUM;10009;18;10006;18;;;10011;8;10015;19;;;10010.0;0.0
high_vol_volatile_s1;25200;INTARIAN_PEPPER_ROOT;12007;15;12004;23;;;12025;14;12029;21;;;12016.0;0.0
high_vol_volatile_s1;25200;ASH_COATED_OSMIUM;9994;22;9991;9;;;10014;14;10018;21;;;10004.0;0.0
high_vol_volatile_s1;25300;INTARIAN_PEPPER_ROOT;12020;8;12017;27;;;12052;17;12056;16;;;12036.0;0.0
high_vol_volatile_s1;25300;ASH_COATED_OSMIUM;9987;14;9985;19;;;10023;15;10025;13;;;10005.0;0.0
high_vol_volatile_s1;25400;INTARIAN_PEPPER_ROOT;12017;13;12013;26;;;12083;15;12085;28;;;12050.0;0.0
high_vol_volatile_s1;25400;ASH_COATED_OSMIUM;9996;15;9992;22;;;10016;22;10020;11;;;10006.0;0.0
high_vol_volatile_s1;25500;INTARIAN_PEPPER_ROOT;12054;11;12050;13;;;12066;13;12070;22;;;12060.0;0.0
high_vol_volatile_s1;25500;ASH_COATED_OSMIUM;10004;16;10000;17;;;10016;11;10019;29;;;10010.0;0.0
high_vol_volatile_s1;25600;INTARIAN_PEPPER_ROOT;12076;7;12072;24;;;12082;19;12086;24;;;12079.0;0.0
high_vol_volatile_s1;25600;ASH_COATED_OSMIUM;9994;16;9992;12;;;10010;15;10012;19;;;10002.0;0.0
high_vol_volatile_s1;25700;INTARIAN_PEPPER_ROOT;12074;12;12071;22;;;12110;15;12114;23;;;12092.0;0.0
high_vol_volatile_s1;25700;ASH_COATED_OSMIUM;9994;5;9990;11;;;10008;12;10012;23;;;10001.0;0.0
high_vol_volatile_s1;25800;INTARIAN_PEPPER_ROOT;12084;14;12080;23;;;12130;17;12132;10;;;12107.0;0.0
high_vol_volatile_s1;25800;ASH_COATED_OSMIUM;9997;13;9995;25;;;10009;14;10012;19;;;10003.0;0.0
high_vol_volatile_s1;25900;INTARIAN_PEPPER_ROOT;12115;14;12111;19;;;12117;17;12119;14;;;12116.0;0.0
high_vol_volatile_s1;25900;ASH_COATED_OSMIUM;9983;6;9979;21;;;10021;6;10024;22;;;10002.0;0.0
high_vol_volatile_s1;26000;INTARIAN_PEPPER_ROOT;12125;13;12123;20;;;12131;13;12133;17;;;12128.0;0.0
high_vol_volatile_s1;26000;ASH_COATED_OSMIUM;10000;23;9997;19;;;10014;14;10016;21;;;10007.0;0.0
high_vol_volatile_s1;26100;INTARIAN_PEPPER_ROOT;12117;23;12115;12;;;12151;11;12153;21;;;12134.0;0.0
high_vol_volatile_s1;26100;ASH_COATED_OSMIUM;9985;9;9983;25;;;10027;20;10029;24;;;10006.0;0.0
high_vol_volatile_s1;26200;INTARIAN_PEPPER_ROOT;12146;23;12143;21;;;12150;19;12153;21;;;12148.0;0.0
high_vol_volatile_s1;26200;ASH_COATED_OSMIUM;9998;12;9996;20;;;10008;15;10011;10;;;10003.0;0.0
high_vol_volatile_s1;26300;INTARIAN_PEPPER_ROOT;12151;16;12148;27;;;12163;17;12166;21;;;12157.0;0.0
high_vol_volatile_s1;26300;ASH_COATED_OSMIUM;9998;17;9996;23;;;10004;10;10007;13;;;10001.0;0.0
high_vol_volatile_s1;26400;INTARIAN_PEPPER_ROOT;12162;20;12160;12;;;12172;20;12176;19;;;12167.0;0.0
high_vol_volatile_s1;26400;ASH_COATED_OSMIUM;9997;12;9994;20;;;10003;10;10006;9;;;10000.0;0.0
high_vol_volatile_s1;26500;INTARIAN_PEPPER_ROOT;12171;19;12168;15;;;12189;8;12192;19;;;12180.0;0.0
high_vol_volatile_s1;26500;ASH_COATED_OSMIUM;9990;13;9988;18;;;9996;20;9998;13;;;9993.0;0.0
high_vol_volatile_s1;26600;INTARIAN_PEPPER_ROOT;12189;18;12187;22;;;12191;17;12193;26;;;12190.0;0.0
high_vol_volatile_s1;26600;ASH_COATED_OSMIUM;9968;14;9965;14;;;10012;15;10014;27;;;9990.0;0.0
high_vol_volatile_s1;26700;INTARIAN_PEPPER_ROOT;12196;16;12192;23;;;12202;16;12204;21;;;12199.0;0.0
high_vol_volatile_s1;26700;ASH_COATED_OSMIUM;9985;19;9981;20;;;9987;9;9991;25;;;9986.0;0.0
high_vol_volatile_s1;26800;INTARIAN_PEPPER_ROOT;12206;18;12202;19;;;12210;13;12214;16;;;12208.0;0.0
high_vol_volatile_s1;26800;ASH_COATED_OSMIUM;9967;18;9964;24;;;10007;16;10011;23;;;9987.0;0.0
high_vol_volatile_s1;26900;INTARIAN_PEPPER_ROOT;12206;15;12203;22;;;12222;17;12224;18;;;12214.0;0.0
high_vol_volatile_s1;26900;ASH_COATED_OSMIUM;9968;16;9966;25;;;10018;20;10022;23;;;9993.0;0.0
high_vol_volatile_s1;27000;INTARIAN_PEPPER_ROOT;12212;16;12210;20;;;12234;15;12236;11;;;12223.0;0.0
high_vol_volatile_s1;27000;ASH_COATED_OSMIUM;9982;19;9979;31;;;9998;16;10002;14;;;9990.0;0.0
high_vol_volatile_s1;27100;INTARIAN_PEPPER_ROOT;12234;14;12232;18;;;12236;15;12240;24;;;12235.0;0.0
high_vol_volatile_s1;27100;ASH_COATED_OSMIUM;9985;15;9983;21;;;9995;11;9998;13;;;9990.0;0.0
high_vol_volatile_s1;27200;INTARIAN_PEPPER_ROOT;12242;19;12239;17;;;12244;7;12247;14;;;12243.0;0.0
high_vol_volatile_s1;27200;ASH_COATED_OSMIUM;9984;19;9981;18;;;9996;19;10000;20;;;9990.0;0.0
high_vol_volatile_s1;27300;INTARIAN_PEPPER_ROOT;12248;10;12245;17;;;12254;11;12257;24;;;12251.0;0.0
high_vol_volatile_s1;27300;ASH_COATED_OSMIUM;9968;13;9964;27;;;10018;17;10022;20;;;9993.0;0.0
high_vol_volatile_s1;27400;INTARIAN_PEPPER_ROOT;12252;18;12249;25;;;12256;11;12260;19;;;12254.0;0.0
high_vol_volatile_s1;27400;ASH_COATED_OSMIUM;9986;12;9984;28;;;9996;16;9999;22;;;9991.0;0.0
high_vol_volatile_s1;27500;INTARIAN_PEPPER_ROOT;12254;14;12252;17;;;12258;14;12262;21;;;12256.0;0.0
high_vol_volatile_s1;27500;ASH_COATED_OSMIUM;9991;11;9988;22;;;10003;13;10006;18;;;9997.0;0.0
high_vol_volatile_s1;27600;INTARIAN_PEPPER_ROOT;12249;25;12247;12;;;12263;14;12267;13;;;12256.0;0.0
high_vol_volatile_s1;27600;ASH_COATED_OSMIUM;9988;20;9986;13;;;9998;13;10000;28;;;9993.0;0.0
high_vol_volatile_s1;27700;INTARIAN_PEPPER_ROOT;12262;27;12259;27;;;12264;21;12268;25;;;12263.0;0.0
high_vol_volatile_s1;27700;ASH_COATED_OSMIUM;9984;16;9981;24;;;10002;12;10004;22;;;9993.0;0.0
high_vol_volatile_s1;27800;INTARIAN_PEPPER_ROOT;12263;22;12259;21;;;12269;17;12272;19;;;12266.0;0.0
high_vol_volatile_s1;27800;ASH_COATED_OSMIUM;9989;5;9986;22;;;9991;16;9994;18;;;9990.0;0.0
high_vol_volatile_s1;27900;INTARIAN_PEPPER_ROOT;12265;24;12261;15;;;12279;20;12281;17;;;12272.0;0.0
high_vol_volatile_s1;27900;ASH_COATED_OSMIUM;9979;15;9976;13;;;9997;14;10001;25;;;9988.0;0.0
high_vol_volatile_s1;28000;INTARIAN_PEPPER_ROOT;12271;24;12268;17;;;12273;14;12275;22;;;12272.0;0.0
high_vol_volatile_s1;28000;ASH_COATED_OSMIUM;9987;13;9984;25;;;9989;17;9993;26;;;9988.0;0.0
high_vol_volatile_s1;28100;INTARIAN_PEPPER_ROOT;12271;5;12269;8;;;12273;15;12276;17;;;12272.0;0.0
high_vol_volatile_s1;28100;ASH_COATED_OSMIUM;9992;19;9990;20;;;9994;14;9998;26;;;9993.0;0.0
high_vol_volatile_s1;28200;INTARIAN_PEPPER_ROOT;12252;14;12249;20;;;12296;7;12298;10;;;12274.0;0.0
high_vol_volatile_s1;28200;ASH_COATED_OSMIUM;9983;15;9979;12;;;9999;17;10003;24;;;9991.0;0.0
high_vol_volatile_s1;28300;INTARIAN_PEPPER_ROOT;12272;8;12270;22;;;12282;14;12284;14;;;12277.0;0.0
high_vol_volatile_s1;28300;ASH_COATED_OSMIUM;9987;14;9985;18;;;9997;18;10001;27;;;9992.0;0.0
high_vol_volatile_s1;28400;INTARIAN_PEPPER_ROOT;12275;14;12273;23;;;12279;19;12282;20;;;12277.0;0.0
high_vol_volatile_s1;28400;ASH_COATED_OSMIUM;9991;11;9987;14;;;9995;11;9997;18;;;9993.0;0.0
high_vol_volatile_s1;28500;INTARIAN_PEPPER_ROOT;12272;17;12269;25;;;12284;17;12287;24;;;12278.0;0.0
high_vol_volatile_s1;28500;ASH_COATED_OSMIUM;9994;20;9990;15;;;9996;14;9999;18;;;9995.0;0.0
high_vol_volatile_s1;28600;INTARIAN_PEPPER_ROOT;12275;14;12271;11;;;12279;9;12282;18;;;12277.0;0.0
high_vol_volatile_s1;28600;ASH_COATED_OSMIUM;9990;15;9988;17;;;9998;13;10000;15;;;9994.0;0.0
high_vol_volatile_s1;28700;INTARIAN_PEPPER_ROOT;12274;23;12271;22;;;12278;11;12280;18;;;12276.0;0.0
high_vol_volatile_s1;28700;ASH_COATED_OSMIUM;9987;19;9984;26;;;10003;12;10007;31;;;9995.0;0.0
high_vol_volatile_s1;28800;INTARIAN_PEPPER_ROOT;12262;12;12259;28;;;12282;16;12286;20;;;12272.0;0.0
high_vol_volatile_s1;28800;ASH_COATED_OSMIUM;9984;14;9982;21;;;10008;17;10012;22;;;9996.0;0.0
high_vol_volatile_s1;28900;INTARIAN_PEPPER_ROOT;12263;5;12261;18;;;12277;14;12279;18;;;12270.0;0.0
high_vol_volatile_s1;28900;ASH_COATED_OSMIUM;9971;7;9969;18;;;10017;13;10020;27;;;9994.0;0.0
high_vol_volatile_s1;29000;INTARIAN_PEPPER_ROOT;12258;23;12256;26;;;12276;8;12279;26;;;12267.0;0.0
high_vol_volatile_s1;29000;ASH_COATED_OSMIUM;9983;6;9981;16;;;10003;5;10005;28;;;9993.0;0.0
high_vol_volatile_s1;29100;INTARIAN_PEPPER_ROOT;12262;10;12259;19;;;12266;22;12269;16;;;12264.0;0.0
high_vol_volatile_s1;29100;ASH_COATED_OSMIUM;9975;10;9972;17;;;10011;16;10014;28;;;9993.0;0.0
high_vol_volatile_s1;29200;INTARIAN_PEPPER_ROOT;12256;15;12252;28;;;12268;13;12271;21;;;12262.0;0.0
high_vol_volatile_s1;29200;ASH_COATED_OSMIUM;9994;5;9992;24;;;9996;8;10000;19;;;9995.0;0.0
high_vol_volatile_s1;29300;INTARIAN_PEPPER_ROOT;12253;9;12250;23;;;12259;11;12263;25;;;12256.0;0.0
high_vol_volatile_s1;29300;ASH_COATED_OSMIUM;9994;13;9992;22;;;9996;22;9998;18;;;9995.0;0.0
high_vol_volatile_s1;29400;INTARIAN_PEPPER_ROOT;12251;21;12247;20;;;12253;6;12255;10;;;12252.0;0.0
high_vol_volatile_s1;29400;ASH_COATED_OSMIUM;9982;12;9978;18;;;10004;10;10008;15;;;9993.0;0.0
high_vol_volatile_s1;29500;INTARIAN_PEPPER_ROOT;12242;19;12239;8;;;12252;6;12255;12;;;12247.0;0.0
high_vol_volatile_s1;29500;ASH_COATED_OSMIUM;9988;9;9986;17;;;10008;19;10012;13;;;9998.0;0.0
high_vol_volatile_s1;29600;INTARIAN_PEPPER_ROOT;12222;18;12219;11;;;12266;9;12268;16;;;12244.0;0.0
high_vol_volatile_s1;29600;ASH_COATED_OSMIUM;9987;11;9983;30;;;10009;12;10013;14;;;9998.0;0.0
high_vol_volatile_s1;29700;INTARIAN_PEPPER_ROOT;12234;20;12231;18;;;12248;15;12252;21;;;12241.0;0.0
high_vol_volatile_s1;29700;ASH_COATED_OSMIUM;9994;11;9991;16;;;10002;9;10004;14;;;9998.0;0.0
high_vol_volatile_s1;29800;INTARIAN_PEPPER_ROOT;12228;12;12226;21;;;12240;13;12244;14;;;12234.0;0.0
high_vol_volatile_s1;29800;ASH_COATED_OSMIUM;9999;9;9997;26;;;10003;9;10007;14;;;10001.0;0.0
high_vol_volatile_s1;29900;INTARIAN_PEPPER_ROOT;12229;13;12225;17;;;12231;11;12233;21;;;12230.0;0.0
high_vol_volatile_s1;29900;ASH_COATED_OSMIUM;9964;7;9961;18;;;10034;10;10036;13;;;9999.0;0.0
high_vol_volatile_s1;30000;INTARIAN_PEPPER_ROOT;12229;9;12225;16;;;12233;17;12237;16;;;12231.0;0.0
high_vol_volatile_s1;30000;ASH_COATED_OSMIUM;9972;5;9969;13;;;10010;5;10012;18;;;9991.0;0.0
high_vol_volatile_s1;30100;INTARIAN_PEPPER_ROOT;12213;10;12211;22;;;12229;9;12232;28;;;12221.0;0.0
high_vol_volatile_s1;30100;ASH_COATED_OSMIUM;9990;20;9988;28;;;9994;10;9996;15;;;9992.0;0.0
high_vol_volatile_s1;30200;INTARIAN_PEPPER_ROOT;12208;17;12205;19;;;12218;11;12222;20;;;12213.0;0.0
high_vol_volatile_s1;30200;ASH_COATED_OSMIUM;9989;15;9985;9;;;10005;16;10009;18;;;9997.0;0.0
high_vol_volatile_s1;30300;INTARIAN_PEPPER_ROOT;12198;20;12196;16;;;12210;18;12214;11;;;12204.0;0.0
high_vol_volatile_s1;30300;ASH_COATED_OSMIUM;9993;12;9991;22;;;10001;6;10005;20;;;9997.0;0.0
high_vol_volatile_s1;30400;INTARIAN_PEPPER_ROOT;12190;13;12188;28;;;12204;26;12206;22;;;12197.0;0.0
high_vol_volatile_s1;30400;ASH_COATED_OSMIUM;9989;7;9987;13;;;9997;15;9999;17;;;9993.0;0.0
high_vol_volatile_s1;30500;INTARIAN_PEPPER_ROOT;12195;9;12192;18;;;12197;17;12199;24;;;12196.0;0.0
high_vol_volatile_s1;30500;ASH_COATED_OSMIUM;9977;13;9974;22;;;10005;11;10007;19;;;9991.0;0.0
high_vol_volatile_s1;30600;INTARIAN_PEPPER_ROOT;12187;14;12185;13;;;12193;13;12195;18;;;12190.0;0.0
high_vol_volatile_s1;30600;ASH_COATED_OSMIUM;9975;22;9972;20;;;9999;20;10002;20;;;9987.0;0.0
high_vol_volatile_s1;30700;INTARIAN_PEPPER_ROOT;12174;20;12170;29;;;12190;22;12192;19;;;12182.0;0.0
high_vol_volatile_s1;30700;ASH_COATED_OSMIUM;9976;18;9974;19;;;9998;11;10002;25;;;9987.0;0.0
high_vol_volatile_s1;30800;INTARIAN_PEPPER_ROOT;12170;18;12168;21;;;12184;20;12186;30;;;12177.0;0.0
high_vol_volatile_s1;30800;ASH_COATED_OSMIUM;9988;17;9984;25;;;9990;15;9993;23;;;9989.0;0.0
high_vol_volatile_s1;30900;INTARIAN_PEPPER_ROOT;12168;16;12166;19;;;12172;10;12176;16;;;12170.0;0.0
high_vol_volatile_s1;30900;ASH_COATED_OSMIUM;9982;19;9980;23;;;9996;5;10000;16;;;9989.0;0.0
high_vol_volatile_s1;31000;INTARIAN_PEPPER_ROOT;12146;11;12142;13;;;12186;11;12189;20;;;12166.0;0.0
high_vol_volatile_s1;31000;ASH_COATED_OSMIUM;9993;16;9989;19;;;9995;16;9997;17;;;9994.0;0.0
high_vol_volatile_s1;31100;INTARIAN_PEPPER_ROOT;12157;5;12155;20;;;12165;16;12168;19;;;12161.0;0.0
high_vol_volatile_s1;31100;ASH_COATED_OSMIUM;10000;21;9996;14;;;10002;20;10004;16;;;10001.0;0.0
high_vol_volatile_s1;31200;INTARIAN_PEPPER_ROOT;12155;14;12153;12;;;12163;7;12165;14;;;12159.0;0.0
high_vol_volatile_s1;31200;ASH_COATED_OSMIUM;9984;6;9980;19;;;10012;10;10015;26;;;9998.0;0.0
high_vol_volatile_s1;31300;INTARIAN_PEPPER_ROOT;12151;18;12148;14;;;12153;10;12155;22;;;12152.0;0.0
high_vol_volatile_s1;31300;ASH_COATED_OSMIUM;9993;9;9989;23;;;10007;19;10009;21;;;10000.0;0.0
high_vol_volatile_s1;31400;INTARIAN_PEPPER_ROOT;12122;19;12120;20;;;12188;17;12192;15;;;12155.0;0.0
high_vol_volatile_s1;31400;ASH_COATED_OSMIUM;9996;9;9994;24;;;9998;21;10002;13;;;9997.0;0.0
high_vol_volatile_s1;31500;INTARIAN_PEPPER_ROOT;12143;13;12141;22;;;12161;18;12164;15;;;12152.0;0.0
high_vol_volatile_s1;31500;ASH_COATED_OSMIUM;9994;13;9990;29;;;9996;9;10000;18;;;9995.0;0.0
high_vol_volatile_s1;31600;INTARIAN_PEPPER_ROOT;12130;15;12128;21;;;12166;16;12170;28;;;12148.0;0.0
high_vol_volatile_s1;31600;ASH_COATED_OSMIUM;9979;20;9976;18;;;10021;17;10023;19;;;10000.0;0.0
high_vol_volatile_s1;31700;INTARIAN_PEPPER_ROOT;12125;17;12123;24;;;12163;5;12167;29;;;12144.0;0.0
high_vol_volatile_s1;31700;ASH_COATED_OSMIUM;10002;9;9998;26;;;10008;5;10010;13;;;10005.0;0.0
high_vol_volatile_s1;31800;INTARIAN_PEPPER_ROOT;12133;14;12129;25;;;12141;11;12145;16;;;12137.0;0.0
high_vol_volatile_s1;31800;ASH_COATED_OSMIUM;10001;7;9998;20;;;10007;19;10010;20;;;10004.0;0.0
high_vol_volatile_s1;31900;INTARIAN_PEPPER_ROOT;12117;12;12115;21;;;12141;13;12143;23;;;12129.0;0.0
high_vol_volatile_s1;31900;ASH_COATED_OSMIUM;9997;6;9995;25;;;10009;10;10012;28;;;10003.0;0.0
high_vol_volatile_s1;32000;INTARIAN_PEPPER_ROOT;12123;13;12121;21;;;12125;11;12128;13;;;12124.0;0.0
high_vol_volatile_s1;32000;ASH_COATED_OSMIUM;10002;11;10000;15;;;10006;10;10009;15;;;10004.0;0.0
high_vol_volatile_s1;32100;INTARIAN_PEPPER_ROOT;12116;20;12112;20;;;12118;22;12120;23;;;12117.0;0.0
high_vol_volatile_s1;32100;ASH_COATED_OSMIUM;10001;7;9997;26;;;10009;9;10013;17;;;10005.0;0.0
high_vol_volatile_s1;32200;INTARIAN_PEPPER_ROOT;12111;19;12108;27;;;12119;10;12121;21;;;12115.0;0.0
high_vol_volatile_s1;32200;ASH_COATED_OSMIUM;10005;16;10002;18;;;10007;12;10011;15;;;10006.0;0.0
high_vol_volatile_s1;32300;INTARIAN_PEPPER_ROOT;12100;15;12096;24;;;12118;9;12122;19;;;12109.0;0.0
high_vol_volatile_s1;32300;ASH_COATED_OSMIUM;9993;19;9989;18;;;10011;5;10014;20;;;10002.0;0.0
high_vol_volatile_s1;32400;INTARIAN_PEPPER_ROOT;12102;14;12100;22;;;12114;20;12118;21;;;12108.0;0.0
high_vol_volatile_s1;32400;ASH_COATED_OSMIUM;9998;8;9994;23;;;10006;12;10009;14;;;10002.0;0.0
high_vol_volatile_s1;32500;INTARIAN_PEPPER_ROOT;12097;10;12093;22;;;12119;21;12122;26;;;12108.0;0.0
high_vol_volatile_s1;32500;ASH_COATED_OSMIUM;9999;16;9996;21;;;10011;7;10013;23;;;10005.0;0.0
high_vol_volatile_s1;32600;INTARIAN_PEPPER_ROOT;12102;13;12098;17;;;12106;12;12108;25;;;12104.0;0.0
high_vol_volatile_s1;32600;ASH_COATED_OSMIUM;10002;15;10000;16;;;10004;5;10008;17;;;10003.0;0.0
high_vol_volatile_s1;32700;INTARIAN_PEPPER_ROOT;12102;7;12098;23;;;12108;10;12110;27;;;12105.0;0.0
high_vol_volatile_s1;32700;ASH_COATED_OSMIUM;9999;20;9996;16;;;10001;13;10005;14;;;10000.0;0.0
high_vol_volatile_s1;32800;INTARIAN_PEPPER_ROOT;12100;20;12097;24;;;12108;15;12110;16;;;12104.0;0.0
high_vol_volatile_s1;32800;ASH_COATED_OSMIUM;9988;12;9985;22;;;10016;15;10019;25;;;10002.0;0.0
high_vol_volatile_s1;32900;INTARIAN_PEPPER_ROOT;12105;9;12101;21;;;12107;29;12109;27;;;12106.0;0.0
high_vol_volatile_s1;32900;ASH_COATED_OSMIUM;10005;12;10001;20;;;10007;16;10009;22;;;10006.0;0.0
high_vol_volatile_s1;33000;INTARIAN_PEPPER_ROOT;12106;14;12103;27;;;12108;10;12111;21;;;12107.0;0.0
high_vol_volatile_s1;33000;ASH_COATED_OSMIUM;9987;14;9984;29;;;10013;12;10017;23;;;10000.0;0.0
high_vol_volatile_s1;33100;INTARIAN_PEPPER_ROOT;12108;12;12105;15;;;12112;16;12114;13;;;12110.0;0.0
high_vol_volatile_s1;33100;ASH_COATED_OSMIUM;9980;18;9977;20;;;10016;23;10020;17;;;9998.0;0.0
high_vol_volatile_s1;33200;INTARIAN_PEPPER_ROOT;12092;8;12088;11;;;12122;20;12124;13;;;12107.0;0.0
high_vol_volatile_s1;33200;ASH_COATED_OSMIUM;9983;14;9979;8;;;10017;14;10020;15;;;10000.0;0.0
high_vol_volatile_s1;33300;INTARIAN_PEPPER_ROOT;12107;14;12105;12;;;12109;18;12112;23;;;12108.0;0.0
high_vol_volatile_s1;33300;ASH_COATED_OSMIUM;9975;19;9972;24;;;10021;10;10024;20;;;9998.0;0.0
high_vol_volatile_s1;33400;INTARIAN_PEPPER_ROOT;12114;14;12111;8;;;12116;7;12118;20;;;12115.0;0.0
high_vol_volatile_s1;33400;ASH_COATED_OSMIUM;9992;11;9989;21;;;10004;14;10006;23;;;9998.0;0.0
high_vol_volatile_s1;33500;INTARIAN_PEPPER_ROOT;12112;21;12109;23;;;12118;13;12121;13;;;12115.0;0.0
high_vol_volatile_s1;33500;ASH_COATED_OSMIUM;9997;11;9995;25;;;10001;5;10004;23;;;9999.0;0.0
high_vol_volatile_s1;33600;INTARIAN_PEPPER_ROOT;12102;17;12098;26;;;12120;18;12122;17;;;12111.0;0.0
high_vol_volatile_s1;33600;ASH_COATED_OSMIUM;9999;9;9995;23;;;10003;5;10006;20;;;10001.0;0.0
high_vol_volatile_s1;33700;INTARIAN_PEPPER_ROOT;12104;13;12102;18;;;12112;5;12116;15;;;12108.0;0.0
high_vol_volatile_s1;33700;ASH_COATED_OSMIUM;9983;15;9981;24;;;10017;11;10019;15;;;10000.0;0.0
high_vol_volatile_s1;33800;INTARIAN_PEPPER_ROOT;12087;17;12084;24;;;12121;10;12124;26;;;12104.0;0.0
high_vol_volatile_s1;33800;ASH_COATED_OSMIUM;9983;11;9980;21;;;10015;11;10019;21;;;9999.0;0.0
high_vol_volatile_s1;33900;INTARIAN_PEPPER_ROOT;12099;18;12095;15;;;12105;18;12108;21;;;12102.0;0.0
high_vol_volatile_s1;33900;ASH_COATED_OSMIUM;9957;14;9954;17;;;10051;10;10054;18;;;10004.0;0.0
high_vol_volatile_s1;34000;INTARIAN_PEPPER_ROOT;12100;22;12097;14;;;12110;7;12112;25;;;12105.0;0.0
high_vol_volatile_s1;34000;ASH_COATED_OSMIUM;10000;12;9998;16;;;10002;18;10005;23;;;10001.0;0.0
high_vol_volatile_s1;34100;INTARIAN_PEPPER_ROOT;12109;14;12107;21;;;12119;15;12123;23;;;12114.0;0.0
high_vol_volatile_s1;34100;ASH_COATED_OSMIUM;9993;14;9990;16;;;10015;6;10018;32;;;10004.0;0.0
high_vol_volatile_s1;34200;INTARIAN_PEPPER_ROOT;12117;16;12114;15;;;12121;19;12125;12;;;12119.0;0.0
high_vol_volatile_s1;34200;ASH_COATED_OSMIUM;10008;16;10004;23;;;10016;6;10020;13;;;10012.0;0.0
high_vol_volatile_s1;34300;INTARIAN_PEPPER_ROOT;12118;18;12114;11;;;12134;16;12138;17;;;12126.0;0.0
high_vol_volatile_s1;34300;ASH_COATED_OSMIUM;10010;17;10007;20;;;10020;7;10023;16;;;10015.0;0.0
high_vol_volatile_s1;34400;INTARIAN_PEPPER_ROOT;12132;14;12130;15;;;12134;16;12136;16;;;12133.0;0.0
high_vol_volatile_s1;34400;ASH_COATED_OSMIUM;10000;16;9997;32;;;10040;21;10044;24;;;10020.0;0.0
high_vol_volatile_s1;34500;INTARIAN_PEPPER_ROOT;12129;18;12125;26;;;12151;22;12153;28;;;12140.0;0.0
high_vol_volatile_s1;34500;ASH_COATED_OSMIUM;10018;10;10014;19;;;10022;8;10025;15;;;10020.0;0.0
high_vol_volatile_s1;34600;INTARIAN_PEPPER_ROOT;12146;23;12143;19;;;12150;15;12152;16;;;12148.0;0.0
high_vol_volatile_s1;34600;ASH_COATED_OSMIUM;10008;14;10005;14;;;10022;19;10025;27;;;10015.0;0.0
high_vol_volatile_s1;34700;INTARIAN_PEPPER_ROOT;12155;16;12152;18;;;12157;8;12159;24;;;12156.0;0.0
high_vol_volatile_s1;34700;ASH_COATED_OSMIUM;10014;15;10011;24;;;10016;9;10020;12;;;10015.0;0.0
high_vol_volatile_s1;34800;INTARIAN_PEPPER_ROOT;12164;17;12161;17;;;12168;17;12172;34;;;12166.0;0.0
high_vol_volatile_s1;34800;ASH_COATED_OSMIUM;9999;16;9996;16;;;10031;17;10035;9;;;10015.0;0.0
high_vol_volatile_s1;34900;INTARIAN_PEPPER_ROOT;12164;12;12160;25;;;12180;22;12184;20;;;12172.0;0.0
high_vol_volatile_s1;34900;ASH_COATED_OSMIUM;10019;17;10016;20;;;10021;6;10025;19;;;10020.0;0.0
high_vol_volatile_s1;35000;INTARIAN_PEPPER_ROOT;12183;20;12181;17;;;12185;19;12187;19;;;12184.0;0.0
high_vol_volatile_s1;35000;ASH_COATED_OSMIUM;10019;17;10017;17;;;10023;9;10027;14;;;10021.0;0.0
high_vol_volatile_s1;35100;INTARIAN_PEPPER_ROOT;12197;18;12194;23;;;12199;16;12203;8;;;12198.0;0.0
high_vol_volatile_s1;35100;ASH_COATED_OSMIUM;10014;12;10010;26;;;10030;12;10032;19;;;10022.0;0.0
high_vol_volatile_s1;35200;INTARIAN_PEPPER_ROOT;12207;18;12203;18;;;12209;14;12211;22;;;12208.0;0.0
high_vol_volatile_s1;35200;ASH_COATED_OSMIUM;9992;11;9989;9;;;10050;7;10052;17;;;10021.0;0.0
high_vol_volatile_s1;35300;INTARIAN_PEPPER_ROOT;12215;11;12212;20;;;12229;19;12232;23;;;12222.0;0.0
high_vol_volatile_s1;35300;ASH_COATED_OSMIUM;10020;20;10018;21;;;10022;5;10026;20;;;10021.0;0.0
high_vol_volatile_s1;35400;INTARIAN_PEPPER_ROOT;12222;20;12220;16;;;12240;5;12243;20;;;12231.0;0.0
high_vol_volatile_s1;35400;ASH_COATED_OSMIUM;10001;10;9997;13;;;10045;11;10049;16;;;10023.0;0.0
high_vol_volatile_s1;35500;INTARIAN_PEPPER_ROOT;12235;13;12233;20;;;12247;11;12249;24;;;12241.0;0.0
high_vol_volatile_s1;35500;ASH_COATED_OSMIUM;10003;15;10000;23;;;10043;18;10047;21;;;10023.0;0.0
high_vol_volatile_s1;35600;INTARIAN_PEPPER_ROOT;12250;5;12247;12;;;12258;10;12260;21;;;12254.0;0.0
high_vol_volatile_s1;35600;ASH_COATED_OSMIUM;10012;11;10008;12;;;10026;11;10028;19;;;10019.0;0.0
high_vol_volatile_s1;35700;INTARIAN_PEPPER_ROOT;12255;5;12251;26;;;12279;18;12282;16;;;12267.0;0.0
high_vol_volatile_s1;35700;ASH_COATED_OSMIUM;10020;9;10017;15;;;10022;17;10024;17;;;10021.0;0.0
high_vol_volatile_s1;35800;INTARIAN_PEPPER_ROOT;12277;13;12273;19;;;12279;17;12281;23;;;12278.0;0.0
high_vol_volatile_s1;35800;ASH_COATED_OSMIUM;10016;15;10012;18;;;10024;18;10026;23;;;10020.0;0.0
high_vol_volatile_s1;35900;INTARIAN_PEPPER_ROOT;12285;17;12282;17;;;12295;21;12298;26;;;12290.0;0.0
high_vol_volatile_s1;35900;ASH_COATED_OSMIUM;9991;13;9987;17;;;10051;12;10054;13;;;10021.0;0.0
high_vol_volatile_s1;36000;INTARIAN_PEPPER_ROOT;12287;16;12283;15;;;12317;10;12321;14;;;12302.0;0.0
high_vol_volatile_s1;36000;ASH_COATED_OSMIUM;10018;12;10016;19;;;10022;12;10024;19;;;10020.0;0.0
high_vol_volatile_s1;36100;INTARIAN_PEPPER_ROOT;12318;7;12316;18;;;12320;14;12323;18;;;12319.0;0.0
high_vol_volatile_s1;36100;ASH_COATED_OSMIUM;9971;6;9967;16;;;10059;6;10062;29;;;10015.0;0.0
high_vol_volatile_s1;36200;INTARIAN_PEPPER_ROOT;12324;27;12320;16;;;12332;14;12336;27;;;12328.0;0.0
high_vol_volatile_s1;36200;ASH_COATED_OSMIUM;9999;16;9995;24;;;10033;12;10036;23;;;10016.0;0.0
high_vol_volatile_s1;36300;INTARIAN_PEPPER_ROOT;12342;10;12338;20;;;12344;19;12348;23;;;12343.0;0.0
high_vol_volatile_s1;36300;ASH_COATED_OSMIUM;10010;8;10006;17;;;10012;13;10016;26;;;10011.0;0.0
high_vol_volatile_s1;36400;INTARIAN_PEPPER_ROOT;12357;10;12353;24;;;12359;16;12361;24;;;12358.0;0.0
high_vol_volatile_s1;36400;ASH_COATED_OSMIUM;10013;11;10009;21;;;10015;11;10019;24;;;10014.0;0.0
high_vol_volatile_s1;36500;INTARIAN_PEPPER_ROOT;12357;17;12354;25;;;12393;14;12397;20;;;12375.0;0.0
high_vol_volatile_s1;36500;ASH_COATED_OSMIUM;9990;12;9988;17;;;10030;13;10033;26;;;10010.0;0.0
high_vol_volatile_s1;36600;INTARIAN_PEPPER_ROOT;12390;16;12388;20;;;12392;17;12394;22;;;12391.0;0.0
high_vol_volatile_s1;36600;ASH_COATED_OSMIUM;10002;14;10000;18;;;10008;8;10010;22;;;10005.0;0.0
high_vol_volatile_s1;36700;INTARIAN_PEPPER_ROOT;12393;18;12389;16;;;12405;14;12409;27;;;12399.0;0.0
high_vol_volatile_s1;36700;ASH_COATED_OSMIUM;9998;13;9994;28;;;10016;11;10018;21;;;10007.0;0.0
high_vol_volatile_s1;36800;INTARIAN_PEPPER_ROOT;12410;16;12406;22;;;12422;19;12425;15;;;12416.0;0.0
high_vol_volatile_s1;36800;ASH_COATED_OSMIUM;9995;7;9992;20;;;10019;8;10022;21;;;10007.0;0.0
high_vol_volatile_s1;36900;INTARIAN_PEPPER_ROOT;12421;12;12418;23;;;12443;16;12445;23;;;12432.0;0.0
high_vol_volatile_s1;36900;ASH_COATED_OSMIUM;9991;8;9987;16;;;10017;11;10019;15;;;10004.0;0.0
high_vol_volatile_s1;37000;INTARIAN_PEPPER_ROOT;12446;19;12444;24;;;12450;12;12453;23;;;12448.0;0.0
high_vol_volatile_s1;37000;ASH_COATED_OSMIUM;10004;14;10002;27;;;10008;23;10012;24;;;10006.0;0.0
high_vol_volatile_s1;37100;INTARIAN_PEPPER_ROOT;12461;16;12457;16;;;12463;9;12465;14;;;12462.0;0.0
high_vol_volatile_s1;37100;ASH_COATED_OSMIUM;9988;20;9986;8;;;10002;5;10006;11;;;9995.0;0.0
high_vol_volatile_s1;37200;INTARIAN_PEPPER_ROOT;12466;14;12464;16;;;12494;14;12498;24;;;12480.0;0.0
high_vol_volatile_s1;37200;ASH_COATED_OSMIUM;9984;23;9981;16;;;10004;13;10007;27;;;9994.0;0.0
high_vol_volatile_s1;37300;INTARIAN_PEPPER_ROOT;12489;13;12485;15;;;12499;15;12502;29;;;12494.0;0.0
high_vol_volatile_s1;37300;ASH_COATED_OSMIUM;9978;12;9976;18;;;10006;18;10009;17;;;9992.0;0.0
high_vol_volatile_s1;37400;INTARIAN_PEPPER_ROOT;12504;15;12501;27;;;12526;9;12529;22;;;12515.0;0.0
high_vol_volatile_s1;37400;ASH_COATED_OSMIUM;9960;9;9958;9;;;10024;11;10027;20;;;9992.0;0.0
high_vol_volatile_s1;37500;INTARIAN_PEPPER_ROOT;12528;12;12526;21;;;12536;12;12538;22;;;12532.0;0.0
high_vol_volatile_s1;37500;ASH_COATED_OSMIUM;9986;7;9982;23;;;9996;8;9998;18;;;9991.0;0.0
high_vol_volatile_s1;37600;INTARIAN_PEPPER_ROOT;12550;7;12546;16;;;12558;12;12562;22;;;12554.0;0.0
high_vol_volatile_s1;37600;ASH_COATED_OSMIUM;9983;19;9981;17;;;10003;10;10005;18;;;9993.0;0.0
high_vol_volatile_s1;37700;INTARIAN_PEPPER_ROOT;12565;5;12561;23;;;12567;11;12571;15;;;12566.0;0.0
high_vol_volatile_s1;37700;ASH_COATED_OSMIUM;9991;6;9989;20;;;9997;6;10001;14;;;9994.0;0.0
high_vol_volatile_s1;37800;INTARIAN_PEPPER_ROOT;12575;12;12572;16;;;12577;13;12579;14;;;12576.0;0.0
high_vol_volatile_s1;37800;ASH_COATED_OSMIUM;9988;11;9985;21;;;10000;22;10003;21;;;9994.0;0.0
high_vol_volatile_s1;37900;INTARIAN_PEPPER_ROOT;12591;14;12589;24;;;12593;28;12596;16;;;12592.0;0.0
high_vol_volatile_s1;37900;ASH_COATED_OSMIUM;9991;15;9987;13;;;10001;27;10003;20;;;9996.0;0.0
high_vol_volatile_s1;38000;INTARIAN_PEPPER_ROOT;12596;18;12594;15;;;12624;11;12628;14;;;12610.0;0.0
high_vol_volatile_s1;38000;ASH_COATED_OSMIUM;9990;19;9988;26;;;10006;13;10010;14;;;9998.0;0.0
high_vol_volatile_s1;38100;INTARIAN_PEPPER_ROOT;12618;13;12614;24;;;12628;17;12632;22;;;12623.0;0.0
high_vol_volatile_s1;38100;ASH_COATED_OSMIUM;9988;11;9984;14;;;10006;13;10010;22;;;9997.0;0.0
high_vol_volatile_s1;38200;INTARIAN_PEPPER_ROOT;12626;24;12622;18;;;12640;5;12643;19;;;12633.0;0.0
high_vol_volatile_s1;38200;ASH_COATED_OSMIUM;9997;17;9993;24;;;9999;9;10002;17;;;9998.0;0.0
high_vol_volatile_s1;38300;INTARIAN_PEPPER_ROOT;12643;12;12641;18;;;12645;23;12649;18;;;12644.0;0.0
high_vol_volatile_s1;38300;ASH_COATED_OSMIUM;9996;9;9994;23;;;9998;10;10000;21;;;9997.0;0.0
high_vol_volatile_s1;38400;INTARIAN_PEPPER_ROOT;12650;8;12648;23;;;12668;15;12672;22;;;12659.0;0.0
high_vol_volatile_s1;38400;ASH_COATED_OSMIUM;10003;15;10000;20;;;10005;8;10007;11;;;10004.0;0.0
high_vol_volatile_s1;38500;INTARIAN_PEPPER_ROOT;12669;16;12665;10;;;12675;10;12678;8;;;12672.0;0.0
high_vol_volatile_s1;38500;ASH_COATED_OSMIUM;9989;15;9985;24;;;10011;12;10013;23;;;10000.0;0.0
high_vol_volatile_s1;38600;INTARIAN_PEPPER_ROOT;12665;11;12662;19;;;12703;19;12705;22;;;12684.0;0.0
high_vol_volatile_s1;38600;ASH_COATED_OSMIUM;9999;15;9996;19;;;10007;17;10009;16;;;10003.0;0.0
high_vol_volatile_s1;38700;INTARIAN_PEPPER_ROOT;12674;19;12672;15;;;12714;14;12718;18;;;12694.0;0.0
high_vol_volatile_s1;38700;ASH_COATED_OSMIUM;10003;19;10000;33;;;10005;6;10009;12;;;10004.0;0.0
high_vol_volatile_s1;38800;INTARIAN_PEPPER_ROOT;12702;9;12698;28;;;12704;13;12708;16;;;12703.0;0.0
high_vol_volatile_s1;38800;ASH_COATED_OSMIUM;9995;9;9992;15;;;10009;8;10013;17;;;10002.0;0.0
high_vol_volatile_s1;38900;INTARIAN_PEPPER_ROOT;12707;21;12703;17;;;12717;11;12720;25;;;12712.0;0.0
high_vol_volatile_s1;38900;ASH_COATED_OSMIUM;9995;18;9993;20;;;10009;12;10012;11;;;10002.0;0.0
high_vol_volatile_s1;39000;INTARIAN_PEPPER_ROOT;12714;20;12710;22;;;12722;16;12726;17;;;12718.0;0.0
high_vol_volatile_s1;39000;ASH_COATED_OSMIUM;9997;16;9993;21;;;9999;5;10001;26;;;9998.0;0.0
high_vol_volatile_s1;39100;INTARIAN_PEPPER_ROOT;12726;16;12722;26;;;12740;8;12742;23;;;12733.0;0.0
high_vol_volatile_s1;39100;ASH_COATED_OSMIUM;9995;19;9991;8;;;10005;9;10009;23;;;10000.0;0.0
high_vol_volatile_s1;39200;INTARIAN_PEPPER_ROOT;12728;10;12725;10;;;12752;14;12754;18;;;12740.0;0.0
high_vol_volatile_s1;39200;ASH_COATED_OSMIUM;9991;10;9987;21;;;10005;19;10007;18;;;9998.0;0.0
high_vol_volatile_s1;39300;INTARIAN_PEPPER_ROOT;12742;6;12740;29;;;12758;5;12761;17;;;12750.0;0.0
high_vol_volatile_s1;39300;ASH_COATED_OSMIUM;9995;12;9992;15;;;9997;10;10001;25;;;9996.0;0.0
high_vol_volatile_s1;39400;INTARIAN_PEPPER_ROOT;12753;14;12750;17;;;12755;11;12759;22;;;12754.0;0.0
high_vol_volatile_s1;39400;ASH_COATED_OSMIUM;9996;18;9994;15;;;10000;13;10003;19;;;9998.0;0.0
high_vol_volatile_s1;39500;INTARIAN_PEPPER_ROOT;12749;16;12746;18;;;12779;16;12781;28;;;12764.0;0.0
high_vol_volatile_s1;39500;ASH_COATED_OSMIUM;9989;14;9987;20;;;10009;16;10013;21;;;9999.0;0.0
high_vol_volatile_s1;39600;INTARIAN_PEPPER_ROOT;12758;11;12754;24;;;12772;21;12774;22;;;12765.0;0.0
high_vol_volatile_s1;39600;ASH_COATED_OSMIUM;9996;5;9992;27;;;10000;13;10002;18;;;9998.0;0.0
high_vol_volatile_s1;39700;INTARIAN_PEPPER_ROOT;12766;18;12763;14;;;12780;16;12784;24;;;12773.0;0.0
high_vol_volatile_s1;39700;ASH_COATED_OSMIUM;9986;11;9984;16;;;10012;14;10014;20;;;9999.0;0.0
high_vol_volatile_s1;39800;INTARIAN_PEPPER_ROOT;12753;11;12749;17;;;12805;11;12808;17;;;12779.0;0.0
high_vol_volatile_s1;39800;ASH_COATED_OSMIUM;9998;5;9994;18;;;10006;14;10008;12;;;10002.0;0.0
high_vol_volatile_s1;39900;INTARIAN_PEPPER_ROOT;12788;16;12786;26;;;12790;12;12793;23;;;12789.0;0.0
high_vol_volatile_s1;39900;ASH_COATED_OSMIUM;9984;11;9980;14;;;10022;11;10025;18;;;10003.0;0.0
high_vol_volatile_s1;40000;INTARIAN_PEPPER_ROOT;12781;20;12777;17;;;12797;18;12800;13;;;12789.0;0.0
high_vol_volatile_s1;40000;ASH_COATED_OSMIUM;10001;8;9997;18;;;10007;17;10011;23;;;10004.0;0.0
high_vol_volatile_s1;40100;INTARIAN_PEPPER_ROOT;12780;11;12776;17;;;12804;13;12806;18;;;12792.0;0.0
high_vol_volatile_s1;40100;ASH_COATED_OSMIUM;9986;9;9982;23;;;10012;11;10015;23;;;9999.0;0.0
high_vol_volatile_s1;40200;INTARIAN_PEPPER_ROOT;12794;11;12792;13;;;12796;14;12798;13;;;12795.0;0.0
high_vol_volatile_s1;40200;ASH_COATED_OSMIUM;9999;18;9996;25;;;10005;9;10008;19;;;10002.0;0.0
high_vol_volatile_s1;40300;INTARIAN_PEPPER_ROOT;12798;20;12796;24;;;12804;5;12807;21;;;12801.0;0.0
high_vol_volatile_s1;40300;ASH_COATED_OSMIUM;9994;18;9991;10;;;10004;7;10006;12;;;9999.0;0.0
high_vol_volatile_s1;40400;INTARIAN_PEPPER_ROOT;12793;15;12789;14;;;12807;21;12809;15;;;12800.0;0.0
high_vol_volatile_s1;40400;ASH_COATED_OSMIUM;9996;13;9993;19;;;10000;17;10004;17;;;9998.0;0.0
high_vol_volatile_s1;40500;INTARIAN_PEPPER_ROOT;12788;10;12784;13;;;12810;15;12812;23;;;12799.0;0.0
high_vol_volatile_s1;40500;ASH_COATED_OSMIUM;9985;7;9982;16;;;10015;10;10019;18;;;10000.0;0.0
high_vol_volatile_s1;40600;INTARIAN_PEPPER_ROOT;12770;16;12766;25;;;12812;19;12814;13;;;12791.0;0.0
high_vol_volatile_s1;40600;ASH_COATED_OSMIUM;9999;5;9997;17;;;10007;20;10009;29;;;10003.0;0.0
high_vol_volatile_s1;40700;INTARIAN_PEPPER_ROOT;12781;13;12777;20;;;12793;8;12795;15;;;12787.0;0.0
high_vol_volatile_s1;40700;ASH_COATED_OSMIUM;10005;13;10002;28;;;10007;9;10010;20;;;10006.0;0.0
high_vol_volatile_s1;40800;INTARIAN_PEPPER_ROOT;12781;23;12778;20;;;12789;22;12791;25;;;12785.0;0.0
high_vol_volatile_s1;40800;ASH_COATED_OSMIUM;9999;24;9996;24;;;10011;17;10015;19;;;10005.0;0.0
high_vol_volatile_s1;40900;INTARIAN_PEPPER_ROOT;12782;19;12778;13;;;12788;9;12791;27;;;12785.0;0.0
high_vol_volatile_s1;40900;ASH_COATED_OSMIUM;10001;16;9997;22;;;10013;14;10017;15;;;10007.0;0.0
high_vol_volatile_s1;41000;INTARIAN_PEPPER_ROOT;12772;11;12768;17;;;12786;18;12788;25;;;12779.0;0.0
high_vol_volatile_s1;41000;ASH_COATED_OSMIUM;10003;16;9999;24;;;10005;22;10007;22;;;10004.0;0.0
high_vol_volatile_s1;41100;INTARIAN_PEPPER_ROOT;12771;20;12768;24;;;12789;18;12791;17;;;12780.0;0.0
high_vol_volatile_s1;41100;ASH_COATED_OSMIUM;10008;6;10004;21;;;10012;6;10016;17;;;10010.0;0.0
high_vol_volatile_s1;41200;INTARIAN_PEPPER_ROOT;12778;5;12775;16;;;12780;15;12784;15;;;12779.0;0.0
high_vol_volatile_s1;41200;ASH_COATED_OSMIUM;10010;5;10007;30;;;10012;5;10015;24;;;10011.0;0.0
high_vol_volatile_s1;41300;INTARIAN_PEPPER_ROOT;12766;13;12762;24;;;12778;22;12780;19;;;12772.0;0.0
high_vol_volatile_s1;41300;ASH_COATED_OSMIUM;10003;14;10001;28;;;10013;9;10016;20;;;10008.0;0.0
high_vol_volatile_s1;41400;INTARIAN_PEPPER_ROOT;12756;14;12753;21;;;12758;5;12760;19;;;12757.0;0.0
high_vol_volatile_s1;41400;ASH_COATED_OSMIUM;10003;21;10001;17;;;10005;8;10007;16;;;10004.0;0.0
high_vol_volatile_s1;41500;INTARIAN_PEPPER_ROOT;12738;15;12736;22;;;12748;12;12750;13;;;12743.0;0.0
high_vol_volatile_s1;41500;ASH_COATED_OSMIUM;10006;14;10003;15;;;10008;19;10011;22;;;10007.0;0.0
high_vol_volatile_s1;41600;INTARIAN_PEPPER_ROOT;12725;16;12721;15;;;12737;7;12739;20;;;12731.0;0.0
high_vol_volatile_s1;41600;ASH_COATED_OSMIUM;10008;5;10006;18;;;10010;16;10013;17;;;10009.0;0.0
high_vol_volatile_s1;41700;INTARIAN_PEPPER_ROOT;12718;20;12715;22;;;12730;13;12732;22;;;12724.0;0.0
high_vol_volatile_s1;41700;ASH_COATED_OSMIUM;9995;7;9993;17;;;10015;13;10019;24;;;10005.0;0.0
high_vol_volatile_s1;41800;INTARIAN_PEPPER_ROOT;12703;13;12699;22;;;12725;10;12729;27;;;12714.0;0.0
high_vol_volatile_s1;41800;ASH_COATED_OSMIUM;10004;6;10001;23;;;10006;8;10009;25;;;10005.0;0.0
high_vol_volatile_s1;41900;INTARIAN_PEPPER_ROOT;12692;14;12689;24;;;12700;14;12702;12;;;12696.0;0.0
high_vol_volatile_s1;41900;ASH_COATED_OSMIUM;9996;16;9993;22;;;10012;16;10014;8;;;10004.0;0.0
high_vol_volatile_s1;42000;INTARIAN_PEPPER_ROOT;12678;17;12675;15;;;12686;13;12690;20;;;12682.0;0.0
high_vol_volatile_s1;42000;ASH_COATED_OSMIUM;9988;6;9985;17;;;10026;17;10029;16;;;10007.0;0.0
high_vol_volatile_s1;42100;INTARIAN_PEPPER_ROOT;12671;14;12667;20;;;12677;14;12679;21;;;12674.0;0.0
high_vol_volatile_s1;42100;ASH_COATED_OSMIUM;10003;8;10000;15;;;10005;14;10008;9;;;10004.0;0.0
high_vol_volatile_s1;42200;INTARIAN_PEPPER_ROOT;12653;9;12650;12;;;12663;18;12667;27;;;12658.0;0.0
high_vol_volatile_s1;42200;ASH_COATED_OSMIUM;9982;6;9980;26;;;10012;8;10014;23;;;9997.0;0.0
high_vol_volatile_s1;42300;INTARIAN_PEPPER_ROOT;12640;22;12638;12;;;12642;12;12645;12;;;12641.0;0.0
high_vol_volatile_s1;42300;ASH_COATED_OSMIUM;9997;7;9994;24;;;10003;18;10006;16;;;10000.0;0.0
high_vol_volatile_s1;42400;INTARIAN_PEPPER_ROOT;12626;15;12622;26;;;12634;8;12637;26;;;12630.0;0.0
high_vol_volatile_s1;42400;ASH_COATED_OSMIUM;9995;9;9993;25;;;9997;16;10001;18;;;9996.0;0.0
high_vol_volatile_s1;42500;INTARIAN_PEPPER_ROOT;12607;16;12603;21;;;12623;25;12626;12;;;12615.0;0.0
high_vol_volatile_s1;42500;ASH_COATED_OSMIUM;9982;9;9980;29;;;10008;15;10010;16;;;9995.0;0.0
high_vol_volatile_s1;42600;INTARIAN_PEPPER_ROOT;12591;15;12588;21;;;12601;19;12603;10;;;12596.0;0.0
high_vol_volatile_s1;42600;ASH_COATED_OSMIUM;9983;19;9980;15;;;10005;13;10009;20;;;9994.0;0.0
high_vol_volatile_s1;42700;INTARIAN_PEPPER_ROOT;12579;13;12575;17;;;12581;24;12585;21;;;12580.0;0.0
high_vol_volatile_s1;42700;ASH_COATED_OSMIUM;9988;5;9985;23;;;9990;26;9992;25;;;9989.0;0.0
high_vol_volatile_s1;42800;INTARIAN_PEPPER_ROOT;12556;10;12552;15;;;12568;11;12571;20;;;12562.0;0.0
high_vol_volatile_s1;42800;ASH_COATED_OSMIUM;9967;9;9963;29;;;10007;10;10009;15;;;9987.0;0.0
high_vol_volatile_s1;42900;INTARIAN_PEPPER_ROOT;12519;18;12515;20;;;12563;5;12565;17;;;12541.0;0.0
high_vol_volatile_s1;42900;ASH_COATED_OSMIUM;9976;8;9974;28;;;9994;15;9998;13;;;9985.0;0.0
high_vol_volatile_s1;43000;INTARIAN_PEPPER_ROOT;12510;13;12507;28;;;12540;19;12544;15;;;12525.0;0.0
high_vol_volatile_s1;43000;ASH_COATED_OSMIUM;9977;10;9973;13;;;9995;14;9998;20;;;9986.0;0.0
high_vol_volatile_s1;43100;INTARIAN_PEPPER_ROOT;12489;15;12487;19;;;12525;11;12527;20;;;12507.0;0.0
high_vol_volatile_s1;43100;ASH_COATED_OSMIUM;9982;11;9979;17;;;9986;20;9990;20;;;9984.0;0.0
high_vol_volatile_s1;43200;INTARIAN_PEPPER_ROOT;12487;17;12483;18;;;12491;17;12494;18;;;12489.0;0.0
high_vol_volatile_s1;43200;ASH_COATED_OSMIUM;9985;9;9983;18;;;9993;16;9996;13;;;9989.0;0.0
high_vol_volatile_s1;43300;INTARIAN_PEPPER_ROOT;12443;14;12441;15;;;12495;14;12499;26;;;12469.0;0.0
high_vol_volatile_s1;43300;ASH_COATED_OSMIUM;9976;13;9974;21;;;10002;7;10004;19;;;9989.0;0.0
high_vol_volatile_s1;43400;INTARIAN_PEPPER_ROOT;12447;14;12444;17;;;12453;8;12455;22;;;12450.0;0.0
high_vol_volatile_s1;43400;ASH_COATED_OSMIUM;9971;20;9967;26;;;10007;15;10010;17;;;9989.0;0.0
high_vol_volatile_s1;43500;INTARIAN_PEPPER_ROOT;12426;15;12423;22;;;12428;15;12431;18;;;12427.0;0.0
high_vol_volatile_s1;43500;ASH_COATED_OSMIUM;9975;17;9972;23;;;10003;5;10005;13;;;9989.0;0.0
high_vol_volatile_s1;43600;INTARIAN_PEPPER_ROOT;12402;16;12398;16;;;12408;10;12412;15;;;12405.0;0.0
high_vol_volatile_s1;43600;ASH_COATED_OSMIUM;9979;12;9975;18;;;9989;13;9992;17;;;9984.0;0.0
high_vol_volatile_s1;43700;INTARIAN_PEPPER_ROOT;12379;18;12377;10;;;12391;27;12393;27;;;12385.0;0.0
high_vol_volatile_s1;43700;ASH_COATED_OSMIUM;9978;15;9976;23;;;9996;9;10000;17;;;9987.0;0.0
high_vol_volatile_s1;43800;INTARIAN_PEPPER_ROOT;12364;13;12360;30;;;12366;19;12369;21;;;12365.0;0.0
high_vol_volatile_s1;43800;ASH_COATED_OSMIUM;9964;17;9962;19;;;10010;8;10014;16;;;9987.0;0.0
high_vol_volatile_s1;43900;INTARIAN_PEPPER_ROOT;12344;5;12342;14;;;12346;7;12348;17;;;12345.0;0.0
high_vol_volatile_s1;43900;ASH_COATED_OSMIUM;9988;15;9984;26;;;9992;15;9994;19;;;9990.0;0.0
high_vol_volatile_s1;44000;INTARIAN_PEPPER_ROOT;12318;12;12314;13;;;12328;19;12332;22;;;12323.0;0.0
high_vol_volatile_s1;44000;ASH_COATED_OSMIUM;9992;14;9989;26;;;9996;7;9998;13;;;9994.0;0.0
high_vol_volatile_s1;44100;INTARIAN_PEPPER_ROOT;12292;15;12288;18;;;12294;15;12297;20;;;12293.0;0.0
high_vol_volatile_s1;44100;ASH_COATED_OSMIUM;9983;15;9980;16;;;9999;11;10001;18;;;9991.0;0.0
high_vol_volatile_s1;44200;INTARIAN_PEPPER_ROOT;12256;13;12254;18;;;12274;12;12276;16;;;12265.0;0.0
high_vol_volatile_s1;44200;ASH_COATED_OSMIUM;9988;12;9984;25;;;9996;7;10000;15;;;9992.0;0.0
high_vol_volatile_s1;44300;INTARIAN_PEPPER_ROOT;12233;9;12230;19;;;12255;18;12259;21;;;12244.0;0.0
high_vol_volatile_s1;44300;ASH_COATED_OSMIUM;9990;12;9987;23;;;9998;11;10000;18;;;9994.0;0.0
high_vol_volatile_s1;44400;INTARIAN_PEPPER_ROOT;12210;10;12206;19;;;12224;15;12228;22;;;12217.0;0.0
high_vol_volatile_s1;44400;ASH_COATED_OSMIUM;9988;17;9985;25;;;10004;12;10007;22;;;9996.0;0.0
high_vol_volatile_s1;44500;INTARIAN_PEPPER_ROOT;12173;23;12169;17;;;12213;17;12216;21;;;12193.0;0.0
high_vol_volatile_s1;44500;ASH_COATED_OSMIUM;9990;7;9988;20;;;10000;27;10004;25;;;9995.0;0.0
high_vol_volatile_s1;44600;INTARIAN_PEPPER_ROOT;12163;14;12159;22;;;12165;16;12169;18;;;12164.0;0.0
high_vol_volatile_s1;44600;ASH_COATED_OSMIUM;9991;11;9989;16;;;10001;13;10004;22;;;9996.0;0.0
high_vol_volatile_s1;44700;INTARIAN_PEPPER_ROOT;12137;18;12133;17;;;12147;14;12150;25;;;12142.0;0.0
high_vol_volatile_s1;44700;ASH_COATED_OSMIUM;9980;8;9978;21;;;10004;14;10007;16;;;9992.0;0.0
high_vol_volatile_s1;44800;INTARIAN_PEPPER_ROOT;12109;14;12106;21;;;12121;9;12123;20;;;12115.0;0.0
high_vol_volatile_s1;44800;ASH_COATED_OSMIUM;9988;6;9986;12;;;9994;9;9998;21;;;9991.0;0.0
high_vol_volatile_s1;44900;INTARIAN_PEPPER_ROOT;12092;13;12090;27;;;12094;13;12097;29;;;12093.0;0.0
high_vol_volatile_s1;44900;ASH_COATED_OSMIUM;9987;15;9983;24;;;9999;25;10003;24;;;9993.0;0.0
high_vol_volatile_s1;45000;INTARIAN_PEPPER_ROOT;12063;15;12059;15;;;12069;16;12072;22;;;12066.0;0.0
high_vol_volatile_s1;45000;ASH_COATED_OSMIUM;9993;15;9991;18;;;9997;19;10001;21;;;9995.0;0.0
high_vol_volatile_s1;45100;INTARIAN_PEPPER_ROOT;12013;5;12011;25;;;12073;17;12077;21;;;12043.0;0.0
high_vol_volatile_s1;45100;ASH_COATED_OSMIUM;9986;13;9982;16;;;10010;9;10013;17;;;9998.0;0.0
high_vol_volatile_s1;45200;INTARIAN_PEPPER_ROOT;12017;8;12013;13;;;12023;14;12026;18;;;12020.0;0.0
high_vol_volatile_s1;45200;ASH_COATED_OSMIUM;9962;8;9960;21;;;10034;14;10038;26;;;9998.0;0.0
high_vol_volatile_s1;45300;INTARIAN_PEPPER_ROOT;11990;11;11988;11;;;11994;12;11997;19;;;11992.0;0.0
high_vol_volatile_s1;45300;ASH_COATED_OSMIUM;10000;5;9996;18;;;10002;20;10005;16;;;10001.0;0.0
high_vol_volatile_s1;45400;INTARIAN_PEPPER_ROOT;11966;19;11964;16;;;11972;7;11974;26;;;11969.0;0.0
high_vol_volatile_s1;45400;ASH_COATED_OSMIUM;9979;11;9975;19;;;10029;9;10033;16;;;10004.0;0.0
high_vol_volatile_s1;45500;INTARIAN_PEPPER_ROOT;11934;7;11932;19;;;11948;20;11952;22;;;11941.0;0.0
high_vol_volatile_s1;45500;ASH_COATED_OSMIUM;9998;9;9994;24;;;10008;14;10011;18;;;10003.0;0.0
high_vol_volatile_s1;45600;INTARIAN_PEPPER_ROOT;11911;15;11907;26;;;11917;15;11919;9;;;11914.0;0.0
high_vol_volatile_s1;45600;ASH_COATED_OSMIUM;9997;16;9993;17;;;10009;18;10013;17;;;10003.0;0.0
high_vol_volatile_s1;45700;INTARIAN_PEPPER_ROOT;11889;8;11886;23;;;11893;10;11897;19;;;11891.0;0.0
high_vol_volatile_s1;45700;ASH_COATED_OSMIUM;10000;5;9996;26;;;10002;5;10006;17;;;10001.0;0.0
high_vol_volatile_s1;45800;INTARIAN_PEPPER_ROOT;11857;8;11853;23;;;11871;17;11874;18;;;11864.0;0.0
high_vol_volatile_s1;45800;ASH_COATED_OSMIUM;9986;14;9984;17;;;10016;6;10018;21;;;10001.0;0.0
high_vol_volatile_s1;45900;INTARIAN_PEPPER_ROOT;11835;17;11831;20;;;11839;11;11842;13;;;11837.0;0.0
high_vol_volatile_s1;45900;ASH_COATED_OSMIUM;9993;18;9991;15;;;9997;7;10001;22;;;9995.0;0.0
high_vol_volatile_s1;46000;INTARIAN_PEPPER_ROOT;11806;7;11804;17;;;11818;16;11820;20;;;11812.0;0.0
high_vol_volatile_s1;46000;ASH_COATED_OSMIUM;9990;13;9986;26;;;10004;18;10006;20;;;9997.0;0.0
high_vol_volatile_s1;46100;INTARIAN_PEPPER_ROOT;11783;9;11780;13;;;11785;15;11789;18;;;11784.0;0.0
high_vol_volatile_s1;46100;ASH_COATED_OSMIUM;9978;9;9975;27;;;10016;19;10020;21;;;9997.0;0.0
high_vol_volatile_s1;46200;INTARIAN_PEPPER_ROOT;11755;19;11752;24;;;11773;12;11775;8;;;11764.0;0.0
high_vol_volatile_s1;46200;ASH_COATED_OSMIUM;9985;8;9982;21;;;10003;8;10007;20;;;9994.0;0.0
high_vol_volatile_s1;46300;INTARIAN_PEPPER_ROOT;11739;11;11735;19;;;11745;13;11749;26;;;11742.0;0.0
high_vol_volatile_s1;46300;ASH_COATED_OSMIUM;9993;5;9990;20;;;10013;5;10015;9;;;10003.0;0.0
high_vol_volatile_s1;46400;INTARIAN_PEPPER_ROOT;11718;7;11715;22;;;11720;17;11724;10;;;11719.0;0.0
high_vol_volatile_s1;46400;ASH_COATED_OSMIUM;9999;16;9995;16;;;10005;7;10009;35;;;10002.0;0.0
high_vol_volatile_s1;46500;INTARIAN_PEPPER_ROOT;11688;16;11686;16;;;11704;15;11706;15;;;11696.0;0.0
high_vol_volatile_s1;46500;ASH_COATED_OSMIUM;9979;12;9975;22;;;10019;14;10021;13;;;9999.0;0.0
high_vol_volatile_s1;46600;INTARIAN_PEPPER_ROOT;11674;8;11671;14;;;11676;15;11678;21;;;11675.0;0.0
high_vol_volatile_s1;46600;ASH_COATED_OSMIUM;10000;8;9996;26;;;10002;10;10004;8;;;10001.0;0.0
high_vol_volatile_s1;46700;INTARIAN_PEPPER_ROOT;11653;11;11650;19;;;11665;15;11669;19;;;11659.0;0.0
high_vol_volatile_s1;46700;ASH_COATED_OSMIUM;9990;20;9987;22;;;10016;15;10018;18;;;10003.0;0.0
high_vol_volatile_s1;46800;INTARIAN_PEPPER_ROOT;11629;8;11627;18;;;11651;9;11655;15;;;11640.0;0.0
high_vol_volatile_s1;46800;ASH_COATED_OSMIUM;9983;9;9981;19;;;10025;16;10028;16;;;10004.0;0.0
high_vol_volatile_s1;46900;INTARIAN_PEPPER_ROOT;11611;17;11608;18;;;11625;22;11628;19;;;11618.0;0.0
high_vol_volatile_s1;46900;ASH_COATED_OSMIUM;9994;11;9990;23;;;10002;11;10004;16;;;9998.0;0.0
high_vol_volatile_s1;47000;INTARIAN_PEPPER_ROOT;11598;13;11595;17;;;11600;18;11603;15;;;11599.0;0.0
high_vol_volatile_s1;47000;ASH_COATED_OSMIUM;9992;18;9988;17;;;10008;10;10011;20;;;10000.0;0.0
high_vol_volatile_s1;47100;INTARIAN_PEPPER_ROOT;11568;13;11565;24;;;11590;14;11592;22;;;11579.0;0.0
high_vol_volatile_s1;47100;ASH_COATED_OSMIUM;9992;18;9990;23;;;9994;12;9996;21;;;9993.0;0.0
high_vol_volatile_s1;47200;INTARIAN_PEPPER_ROOT;11532;5;11530;19;;;11586;6;11589;9;;;11559.0;0.0
high_vol_volatile_s1;47200;ASH_COATED_OSMIUM;9979;15;9975;22;;;10021;19;10024;15;;;10000.0;0.0
high_vol_volatile_s1;47300;INTARIAN_PEPPER_ROOT;11545;15;11541;18;;;11547;10;11550;21;;;11546.0;0.0
high_vol_volatile_s1;47300;ASH_COATED_OSMIUM;9997;14;9995;13;;;10005;17;10008;18;;;10001.0;0.0
high_vol_volatile_s1;47400;INTARIAN_PEPPER_ROOT;11520;8;11517;21;;;11534;28;11536;21;;;11527.0;0.0
high_vol_volatile_s1;47400;ASH_COATED_OSMIUM;9996;11;9992;23;;;10012;8;10016;23;;;10004.0;0.0
high_vol_volatile_s1;47500;INTARIAN_PEPPER_ROOT;11493;18;11490;25;;;11523;22;11525;19;;;11508.0;0.0
high_vol_volatile_s1;47500;ASH_COATED_OSMIUM;10001;13;9998;25;;;10011;10;10013;18;;;10006.0;0.0
high_vol_volatile_s1;47600;INTARIAN_PEPPER_ROOT;11484;13;11482;17;;;11486;15;11488;20;;;11485.0;0.0
high_vol_volatile_s1;47600;ASH_COATED_OSMIUM;9992;12;9990;12;;;10034;14;10037;14;;;10013.0;0.0
high_vol_volatile_s1;47700;INTARIAN_PEPPER_ROOT;11462;12;11458;18;;;11466;16;11470;17;;;11464.0;0.0
high_vol_volatile_s1;47700;ASH_COATED_OSMIUM;10011;6;10008;24;;;10015;9;10017;21;;;10013.0;0.0
high_vol_volatile_s1;47800;INTARIAN_PEPPER_ROOT;11448;21;11446;26;;;11450;15;11454;27;;;11449.0;0.0
high_vol_volatile_s1;47800;ASH_COATED_OSMIUM;9998;16;9996;14;;;10024;9;10027;20;;;10011.0;0.0
high_vol_volatile_s1;47900;INTARIAN_PEPPER_ROOT;11432;17;11430;17;;;11434;12;11437;17;;;11433.0;0.0
high_vol_volatile_s1;47900;ASH_COATED_OSMIUM;10012;8;10010;12;;;10018;21;10020;12;;;10015.0;0.0
high_vol_volatile_s1;48000;INTARIAN_PEPPER_ROOT;11418;8;11416;18;;;11420;7;11424;25;;;11419.0;0.0
high_vol_volatile_s1;48000;ASH_COATED_OSMIUM;10010;8;10007;17;;;10016;9;10019;27;;;10013.0;0.0
high_vol_volatile_s1;48100;INTARIAN_PEPPER_ROOT;11397;8;11394;22;;;11407;9;11410;24;;;11402.0;0.0
high_vol_volatile_s1;48100;ASH_COATED_OSMIUM;10015;14;10012;20;;;10019;6;10022;20;;;10017.0;0.0
high_vol_volatile_s1;48200;INTARIAN_PEPPER_ROOT;11386;18;11384;22;;;11388;13;11392;21;;;11387.0;0.0
high_vol_volatile_s1;48200;ASH_COATED_OSMIUM;10010;13;10007;17;;;10028;5;10031;27;;;10019.0;0.0
high_vol_volatile_s1;48300;INTARIAN_PEPPER_ROOT;11371;16;11368;17;;;11379;18;11382;23;;;11375.0;0.0
high_vol_volatile_s1;48300;ASH_COATED_OSMIUM;10009;13;10006;18;;;10031;13;10033;17;;;10020.0;0.0
high_vol_volatile_s1;48400;INTARIAN_PEPPER_ROOT;11358;19;11355;24;;;11378;20;11381;29;;;11368.0;0.0
high_vol_volatile_s1;48400;ASH_COATED_OSMIUM;10016;11;10012;22;;;10022;8;10025;12;;;10019.0;0.0
high_vol_volatile_s1;48500;INTARIAN_PEPPER_ROOT;11355;11;11351;8;;;11361;19;11365;27;;;11358.0;0.0
high_vol_volatile_s1;48500;ASH_COATED_OSMIUM;10017;11;10013;16;;;10019;12;10021;18;;;10018.0;0.0
high_vol_volatile_s1;48600;INTARIAN_PEPPER_ROOT;11346;24;11344;19;;;11356;26;11358;15;;;11351.0;0.0
high_vol_volatile_s1;48600;ASH_COATED_OSMIUM;10013;5;10011;25;;;10015;21;10018;13;;;10014.0;0.0
high_vol_volatile_s1;48700;INTARIAN_PEPPER_ROOT;11337;11;11333;24;;;11353;11;11357;21;;;11345.0;0.0
high_vol_volatile_s1;48700;ASH_COATED_OSMIUM;10011;12;10007;22;;;10015;17;10019;16;;;10013.0;0.0
high_vol_volatile_s1;48800;INTARIAN_PEPPER_ROOT;11333;8;11329;28;;;11345;17;11349;13;;;11339.0;0.0
high_vol_volatile_s1;48800;ASH_COATED_OSMIUM;10013;15;10009;24;;;10015;18;10019;22;;;10014.0;0.0
high_vol_volatile_s1;48900;INTARIAN_PEPPER_ROOT;11319;29;11317;23;;;11335;10;11338;20;;;11327.0;0.0
high_vol_volatile_s1;48900;ASH_COATED_OSMIUM;10009;19;10005;17;;;10019;8;10023;23;;;10014.0;0.0
high_vol_volatile_s1;49000;INTARIAN_PEPPER_ROOT;11317;19;11315;22;;;11319;15;11323;20;;;11318.0;0.0
high_vol_volatile_s1;49000;ASH_COATED_OSMIUM;10012;11;10010;23;;;10022;11;10024;17;;;10017.0;0.0
high_vol_volatile_s1;49100;INTARIAN_PEPPER_ROOT;11307;15;11305;17;;;11317;30;11320;16;;;11312.0;0.0
high_vol_volatile_s1;49100;ASH_COATED_OSMIUM;10007;9;10003;22;;;10019;11;10022;14;;;10013.0;0.0
high_vol_volatile_s1;49200;INTARIAN_PEPPER_ROOT;11296;13;11293;30;;;11312;12;11316;18;;;11304.0;0.0
high_vol_volatile_s1;49200;ASH_COATED_OSMIUM;10011;9;10009;18;;;10021;6;10025;20;;;10016.0;0.0
high_vol_volatile_s1;49300;INTARIAN_PEPPER_ROOT;11293;25;11289;8;;;11303;20;11306;16;;;11298.0;0.0
high_vol_volatile_s1;49300;ASH_COATED_OSMIUM;10002;7;10000;12;;;10026;16;10030;25;;;10014.0;0.0
high_vol_volatile_s1;49400;INTARIAN_PEPPER_ROOT;11283;18;11279;13;;;11291;20;11295;15;;;11287.0;0.0
high_vol_volatile_s1;49400;ASH_COATED_OSMIUM;10010;17;10006;11;;;10022;5;10026;16;;;10016.0;0.0
high_vol_volatile_s1;49500;INTARIAN_PEPPER_ROOT;11251;12;11249;20;;;11307;11;11310;23;;;11279.0;0.0
high_vol_volatile_s1;49500;ASH_COATED_OSMIUM;10011;11;10009;14;;;10017;5;10021;13;;;10014.0;0.0
high_vol_volatile_s1;49600;INTARIAN_PEPPER_ROOT;11272;11;11270;19;;;11278;23;11281;23;;;11275.0;0.0
high_vol_volatile_s1;49600;ASH_COATED_OSMIUM;10008;12;10006;21;;;10030;15;10032;23;;;10019.0;0.0
high_vol_volatile_s1;49700;INTARIAN_PEPPER_ROOT;11260;9;11257;26;;;11268;10;11271;16;;;11264.0;0.0
high_vol_volatile_s1;49700;ASH_COATED_OSMIUM;10014;12;10011;19;;;10016;19;10018;23;;;10015.0;0.0
high_vol_volatile_s1;49800;INTARIAN_PEPPER_ROOT;11246;22;11242;20;;;11266;14;11269;22;;;11256.0;0.0
high_vol_volatile_s1;49800;ASH_COATED_OSMIUM;9995;7;9993;17;;;10043;13;10047;22;;;10019.0;0.0
high_vol_volatile_s1;49900;INTARIAN_PEPPER_ROOT;11249;22;11245;23;;;11255;12;11257;14;;;11252.0;0.0
high_vol_volatile_s1;49900;ASH_COATED_OSMIUM;10001;13;9999;8;;;10037;17;10039;15;;;10019.0;0.0
high_vol_volatile_s1;50000;INTARIAN_PEPPER_ROOT;11239;10;11236;24;;;11247;11;11250;17;;;11243.0;0.0
high_vol_volatile_s1;50000;ASH_COATED_OSMIUM;10020;17;10018;18;;;10026;12;10029;22;;;10023.0;0.0
high_vol_volatile_s1;50100;INTARIAN_PEPPER_ROOT;11240;26;11236;23;;;11242;9;11246;24;;;11241.0;0.0
high_vol_volatile_s1;50100;ASH_COATED_OSMIUM;10012;9;10008;21;;;10028;11;10031;23;;;10020.0;0.0
high_vol_volatile_s1;50200;INTARIAN_PEPPER_ROOT;11231;5;11229;12;;;11241;15;11244;21;;;11236.0;0.0
high_vol_volatile_s1;50200;ASH_COATED_OSMIUM;9998;16;9996;22;;;10024;14;10026;23;;;10011.0;0.0
high_vol_volatile_s1;50300;INTARIAN_PEPPER_ROOT;11227;18;11225;18;;;11239;24;11243;18;;;11233.0;0.0
high_vol_volatile_s1;50300;ASH_COATED_OSMIUM;10012;5;10009;18;;;10014;10;10018;8;;;10013.0;0.0
high_vol_volatile_s1;50400;INTARIAN_PEPPER_ROOT;11214;15;11210;20;;;11246;20;11250;26;;;11230.0;0.0
high_vol_volatile_s1;50400;ASH_COATED_OSMIUM;10009;12;10005;13;;;10013;22;10017;17;;;10011.0;0.0
high_vol_volatile_s1;50500;INTARIAN_PEPPER_ROOT;11212;20;11210;10;;;11246;5;11250;20;;;11229.0;0.0
high_vol_volatile_s1;50500;ASH_COATED_OSMIUM;9990;10;9988;25;;;10032;5;10034;28;;;10011.0;0.0
high_vol_volatile_s1;50600;INTARIAN_PEPPER_ROOT;11220;14;11217;15;;;11232;5;11236;20;;;11226.0;0.0
high_vol_volatile_s1;50600;ASH_COATED_OSMIUM;10014;6;10010;17;;;10020;16;10022;23;;;10017.0;0.0
high_vol_volatile_s1;50700;INTARIAN_PEPPER_ROOT;11221;17;11218;16;;;11231;12;11233;25;;;11226.0;0.0
high_vol_volatile_s1;50700;ASH_COATED_OSMIUM;10013;10;10011;22;;;10019;7;10022;32;;;10016.0;0.0
high_vol_volatile_s1;50800;INTARIAN_PEPPER_ROOT;11220;21;11218;21;;;11226;21;11229;18;;;11223.0;0.0
high_vol_volatile_s1;50800;ASH_COATED_OSMIUM;10018;11;10014;19;;;10020;17;10024;26;;;10019.0;0.0
high_vol_volatile_s1;50900;INTARIAN_PEPPER_ROOT;11211;20;11209;25;;;11239;22;11243;14;;;11225.0;0.0
high_vol_volatile_s1;50900;ASH_COATED_OSMIUM;10015;20;10012;19;;;10021;10;10025;15;;;10018.0;0.0
high_vol_volatile_s1;51000;INTARIAN_PEPPER_ROOT;11209;14;11207;13;;;11251;10;11254;26;;;11230.0;0.0
high_vol_volatile_s1;51000;ASH_COATED_OSMIUM;10023;11;10019;19;;;10025;8;10027;24;;;10024.0;0.0
high_vol_volatile_s1;51100;INTARIAN_PEPPER_ROOT;11223;13;11221;29;;;11239;20;11243;20;;;11231.0;0.0
high_vol_volatile_s1;51100;ASH_COATED_OSMIUM;9998;17;9996;10;;;10036;12;10039;18;;;10017.0;0.0
high_vol_volatile_s1;51200;INTARIAN_PEPPER_ROOT;11231;8;11228;17;;;11233;14;11236;23;;;11232.0;0.0
high_vol_volatile_s1;51200;ASH_COATED_OSMIUM;10016;9;10012;24;;;10020;22;10022;23;;;10018.0;0.0
high_vol_volatile_s1;51300;INTARIAN_PEPPER_ROOT;11220;11;11218;22;;;11238;15;11242;11;;;11229.0;0.0
high_vol_volatile_s1;51300;ASH_COATED_OSMIUM;10017;7;10013;18;;;10019;11;10023;13;;;10018.0;0.0
high_vol_volatile_s1;51400;INTARIAN_PEPPER_ROOT;11230;20;11226;22;;;11232;24;11236;12;;;11231.0;0.0
high_vol_volatile_s1;51400;ASH_COATED_OSMIUM;9996;14;9993;27;;;10040;5;10043;19;;;10018.0;0.0
high_vol_volatile_s1;51500;INTARIAN_PEPPER_ROOT;11220;16;11218;23;;;11240;18;11242;20;;;11230.0;0.0
