day;timestamp;product;bid_price_1;bid_volume_1;bid_price_2;bid_volume_2;bid_price_3;bid_volume_3;ask_price_1;ask_volume_1;ask_price_2;ask_volume_2;ask_price_3;ask_volume_3;mid_price;profit_and_loss
yf_ZW=F_d4;0;ASH_COATED_OSMIUM;9969;17;9967;19;;;9975;19;9978;22;;;9972.0;0.0
yf_ZW=F_d4;0;INTARIAN_PEPPER_ROOT;12560;11;12556;26;;;12566;15;12570;24;;;12563.0;0.0
yf_ZW=F_d4;100;ASH_COATED_OSMIUM;9962;12;9959;20;;;9982;21;9986;22;;;9972.0;0.0
yf_ZW=F_d4;100;INTARIAN_PEPPER_ROOT;12554;22;12551;14;;;12574;11;12576;24;;;12564.0;0.0
yf_ZW=F_d4;200;ASH_COATED_OSMIUM;9968;9;9965;19;;;9974;20;9976;18;;;9971.0;0.0
yf_ZW=F_d4;200;INTARIAN_PEPPER_ROOT;12561;21;12557;16;;;12567;21;12569;16;;;12564.0;0.0
yf_ZW=F_d4;300;ASH_COATED_OSMIUM;9968;22;9965;28;;;9976;17;9978;21;;;9972.0;0.0
yf_ZW=F_d4;300;INTARIAN_PEPPER_ROOT;12562;23;12558;23;;;12568;21;12570;20;;;12565.0;0.0
yf_ZW=F_d4;400;ASH_COATED_OSMIUM;9949;10;9947;8;;;9994;18;9996;9;;;9971.5;0.0
yf_ZW=F_d4;400;INTARIAN_PEPPER_ROOT;12562;14;12560;20;;;12568;8;12572;23;;;12565.0;0.0
yf_ZW=F_d4;500;ASH_COATED_OSMIUM;9969;11;9966;30;;;9975;9;9979;25;;;9972.0;0.0
yf_ZW=F_d4;500;INTARIAN_PEPPER_ROOT;12561;5;12557;22;;;12569;19;12572;17;;;12565.0;0.0
yf_ZW=F_d4;600;ASH_COATED_OSMIUM;9968;11;9964;23;;;9974;14;9977;27;;;9971.0;0.0
yf_ZW=F_d4;600;INTARIAN_PEPPER_ROOT;12563;5;12560;11;;;12569;23;12573;17;;;12566.0;0.0
yf_ZW=F_d4;700;ASH_COATED_OSMIUM;9966;12;9963;18;;;9978;17;9981;22;;;9972.0;0.0
yf_ZW=F_d4;700;INTARIAN_PEPPER_ROOT;12561;19;12559;19;;;12572;11;12576;26;;;12566.5;0.0
yf_ZW=F_d4;800;ASH_COATED_OSMIUM;9966;20;9964;23;;;9975;15;9978;22;;;9970.5;0.0
yf_ZW=F_d4;800;INTARIAN_PEPPER_ROOT;12564;13;12561;21;;;12570;18;12573;11;;;12567.0;0.0
yf_ZW=F_d4;900;ASH_COATED_OSMIUM;9962;19;9960;20;;;9979;7;9981;18;;;9970.5;0.0
yf_ZW=F_d4;900;INTARIAN_PEPPER_ROOT;12554;12;12550;22;;;12581;7;12584;25;;;12567.5;0.0
yf_ZW=F_d4;1000;ASH_COATED_OSMIUM;9954;11;9951;16;;;9989;9;9991;19;;;9971.5;0.0
yf_ZW=F_d4;1000;INTARIAN_PEPPER_ROOT;12564;12;12560;25;;;12571;16;12573;20;;;12567.5;0.0
yf_ZW=F_d4;1100;ASH_COATED_OSMIUM;9968;10;9966;15;;;9974;17;9976;16;;;9971.0;0.0
yf_ZW=F_d4;1100;INTARIAN_PEPPER_ROOT;12566;16;12562;18;;;12572;7;12576;23;;;12569.0;0.0
yf_ZW=F_d4;1200;ASH_COATED_OSMIUM;9968;16;9964;21;;;9974;17;9976;25;;;9971.0;0.0
yf_ZW=F_d4;1200;INTARIAN_PEPPER_ROOT;12566;13;12564;27;;;12572;9;12576;25;;;12569.0;0.0
yf_ZW=F_d4;1300;ASH_COATED_OSMIUM;9968;22;9966;22;;;9974;16;9978;23;;;9971.0;0.0
yf_ZW=F_d4;1300;INTARIAN_PEPPER_ROOT;12563;11;12559;23;;;12575;16;12579;17;;;12569.0;0.0
yf_ZW=F_d4;1400;ASH_COATED_OSMIUM;9949;10;9945;25;;;9991;22;9993;15;;;9970.0;0.0
yf_ZW=F_d4;1400;INTARIAN_PEPPER_ROOT;12563;11;12561;25;;;12577;13;12581;27;;;12570.0;0.0
yf_ZW=F_d4;1500;ASH_COATED_OSMIUM;9967;16;9963;20;;;9973;6;9976;29;;;9970.0;0.0
yf_ZW=F_d4;1500;INTARIAN_PEPPER_ROOT;12566;11;12562;12;;;12575;21;12579;18;;;12570.5;0.0
yf_ZW=F_d4;1600;ASH_COATED_OSMIUM;9968;14;9965;20;;;9974;7;9977;19;;;9971.0;0.0
yf_ZW=F_d4;1600;INTARIAN_PEPPER_ROOT;12568;22;12565;21;;;12574;5;12577;25;;;12571.0;0.0
yf_ZW=F_d4;1700;ASH_COATED_OSMIUM;9961;7;9958;24;;;9979;22;9983;16;;;9970.0;0.0
yf_ZW=F_d4;1700;INTARIAN_PEPPER_ROOT;12568;25;12565;25;;;12574;16;12576;13;;;12571.0;0.0
yf_ZW=F_d4;1800;ASH_COATED_OSMIUM;9966;29;9963;16;;;9974;5;9976;16;;;9970.0;0.0
yf_ZW=F_d4;1800;INTARIAN_PEPPER_ROOT;12566;6;12564;16;;;12579;12;12583;25;;;12572.5;0.0
yf_ZW=F_d4;1900;ASH_COATED_OSMIUM;9967;19;9963;20;;;9973;16;9976;22;;;9970.0;0.0
yf_ZW=F_d4;1900;INTARIAN_PEPPER_ROOT;12569;17;12567;22;;;12575;16;12578;21;;;12572.0;0.0
yf_ZW=F_d4;2000;ASH_COATED_OSMIUM;9967;20;9964;27;;;9973;24;9975;21;;;9970.0;0.0
yf_ZW=F_d4;2000;INTARIAN_PEPPER_ROOT;12570;12;12567;16;;;12576;9;12579;19;;;12573.0;0.0
yf_ZW=F_d4;2100;ASH_COATED_OSMIUM;9961;12;9958;19;;;9978;17;9982;25;;;9969.5;0.0
yf_ZW=F_d4;2100;INTARIAN_PEPPER_ROOT;12567;17;12565;25;;;12580;22;12582;21;;;12573.5;0.0
yf_ZW=F_d4;2200;ASH_COATED_OSMIUM;9967;17;9964;16;;;9973;17;9975;23;;;9970.0;0.0
yf_ZW=F_d4;2200;INTARIAN_PEPPER_ROOT;12571;13;12567;23;;;12577;7;12580;25;;;12574.0;0.0
yf_ZW=F_d4;2300;ASH_COATED_OSMIUM;9961;22;9958;14;;;9978;5;9981;26;;;9969.5;0.0
yf_ZW=F_d4;2300;INTARIAN_PEPPER_ROOT;12570;9;12566;28;;;12579;10;12583;22;;;12574.5;0.0
yf_ZW=F_d4;2400;ASH_COATED_OSMIUM;9966;7;9963;14;;;9972;12;9975;16;;;9969.0;0.0
yf_ZW=F_d4;2400;INTARIAN_PEPPER_ROOT;12553;23;12551;24;;;12599;21;12603;19;;;12576.0;0.0
yf_ZW=F_d4;2500;ASH_COATED_OSMIUM;9964;15;9962;16;;;9976;11;9978;23;;;9970.0;0.0
yf_ZW=F_d4;2500;INTARIAN_PEPPER_ROOT;12573;13;12570;16;;;12579;14;12583;17;;;12576.0;0.0
yf_ZW=F_d4;2600;ASH_COATED_OSMIUM;9965;20;9961;23;;;9973;20;9977;24;;;9969.0;0.0
yf_ZW=F_d4;2600;INTARIAN_PEPPER_ROOT;12574;20;12570;19;;;12580;12;12583;21;;;12577.0;0.0
yf_ZW=F_d4;2700;ASH_COATED_OSMIUM;9961;5;9957;24;;;9979;10;9981;23;;;9970.0;0.0
yf_ZW=F_d4;2700;INTARIAN_PEPPER_ROOT;12574;16;12570;26;;;12580;22;12583;22;;;12577.0;0.0
yf_ZW=F_d4;2800;ASH_COATED_OSMIUM;9966;19;9963;20;;;9972;17;9976;30;;;9969.0;0.0
yf_ZW=F_d4;2800;INTARIAN_PEPPER_ROOT;12575;7;12572;15;;;12581;9;12585;27;;;12578.0;0.0
yf_ZW=F_d4;2900;ASH_COATED_OSMIUM;9966;16;9963;25;;;9972;24;9976;17;;;9969.0;0.0
yf_ZW=F_d4;2900;INTARIAN_PEPPER_ROOT;12575;9;12572;15;;;12581;16;12585;20;;;12578.0;0.0
yf_ZW=F_d4;3000;ASH_COATED_OSMIUM;9965;13;9963;14;;;9971;22;9975;14;;;9968.0;0.0
yf_ZW=F_d4;3000;INTARIAN_PEPPER_ROOT;12575;17;12573;19;;;12581;10;12585;23;;;12578.0;0.0
yf_ZW=F_d4;3100;ASH_COATED_OSMIUM;9966;11;9964;28;;;9972;18;9974;22;;;9969.0;0.0
yf_ZW=F_d4;3100;INTARIAN_PEPPER_ROOT;12575;14;12571;22;;;12581;13;12583;16;;;12578.0;0.0
yf_ZW=F_d4;3200;ASH_COATED_OSMIUM;9946;10;9942;25;;;9990;7;9993;16;;;9968.0;0.0
yf_ZW=F_d4;3200;INTARIAN_PEPPER_ROOT;12577;10;12573;17;;;12583;19;12587;18;;;12580.0;0.0
yf_ZW=F_d4;3300;ASH_COATED_OSMIUM;9965;13;9961;16;;;9971;25;9975;26;;;9968.0;0.0
yf_ZW=F_d4;3300;INTARIAN_PEPPER_ROOT;12577;14;12575;17;;;12583;11;12585;23;;;12580.0;0.0
yf_ZW=F_d4;3400;ASH_COATED_OSMIUM;9964;23;9961;19;;;9973;5;9975;16;;;9968.5;0.0
yf_ZW=F_d4;3400;INTARIAN_PEPPER_ROOT;12578;21;12575;19;;;12584;12;12587;20;;;12581.0;0.0
yf_ZW=F_d4;3500;ASH_COATED_OSMIUM;9966;11;9963;34;;;9972;9;9975;19;;;9969.0;0.0
yf_ZW=F_d4;3500;INTARIAN_PEPPER_ROOT;12578;15;12576;20;;;12584;18;12586;12;;;12581.0;0.0
yf_ZW=F_d4;3600;ASH_COATED_OSMIUM;9965;11;9963;15;;;9971;15;9973;21;;;9968.0;0.0
yf_ZW=F_d4;3600;INTARIAN_PEPPER_ROOT;12577;5;12573;22;;;12586;5;12590;18;;;12581.5;0.0
yf_ZW=F_d4;3700;ASH_COATED_OSMIUM;9966;9;9964;17;;;9972;15;9976;21;;;9969.0;0.0
yf_ZW=F_d4;3700;INTARIAN_PEPPER_ROOT;12579;13;12576;20;;;12585;20;12589;20;;;12582.0;0.0
yf_ZW=F_d4;3800;ASH_COATED_OSMIUM;9961;18;9958;17;;;9975;27;9979;17;;;9968.0;0.0
yf_ZW=F_d4;3800;INTARIAN_PEPPER_ROOT;12579;17;12577;20;;;12586;15;12589;14;;;12582.5;0.0
yf_ZW=F_d4;3900;ASH_COATED_OSMIUM;9965;14;9963;26;;;9971;12;9974;23;;;9968.0;0.0
yf_ZW=F_d4;3900;INTARIAN_PEPPER_ROOT;12575;14;12573;15;;;12590;16;12593;20;;;12582.5;0.0
yf_ZW=F_d4;4000;ASH_COATED_OSMIUM;9965;11;9961;11;;;9971;13;9973;22;;;9968.0;0.0
yf_ZW=F_d4;4000;INTARIAN_PEPPER_ROOT;12580;6;12576;15;;;12586;15;12589;14;;;12583.0;0.0
yf_ZW=F_d4;4100;ASH_COATED_OSMIUM;9955;13;9953;8;;;9979;19;9981;25;;;9967.0;0.0
yf_ZW=F_d4;4100;INTARIAN_PEPPER_ROOT;12579;15;12577;29;;;12588;19;12590;23;;;12583.5;0.0
yf_ZW=F_d4;4200;ASH_COATED_OSMIUM;9964;19;9961;25;;;9970;23;9972;16;;;9967.0;0.0
yf_ZW=F_d4;4200;INTARIAN_PEPPER_ROOT;12580;8;12577;26;;;12590;10;12592;23;;;12585.0;0.0
yf_ZW=F_d4;4300;ASH_COATED_OSMIUM;9963;14;9959;13;;;9973;16;9975;26;;;9968.0;0.0
yf_ZW=F_d4;4300;INTARIAN_PEPPER_ROOT;12582;21;12580;15;;;12588;17;12592;25;;;12585.0;0.0
yf_ZW=F_d4;4400;ASH_COATED_OSMIUM;9964;15;9961;20;;;9970;10;9972;10;;;9967.0;0.0
yf_ZW=F_d4;4400;INTARIAN_PEPPER_ROOT;12578;22;12574;24;;;12593;12;12595;8;;;12585.5;0.0
yf_ZW=F_d4;4500;ASH_COATED_OSMIUM;9961;23;9957;21;;;9975;8;9979;18;;;9968.0;0.0
yf_ZW=F_d4;4500;INTARIAN_PEPPER_ROOT;12583;10;12579;12;;;12589;20;12593;18;;;12586.0;0.0
yf_ZW=F_d4;4600;ASH_COATED_OSMIUM;9964;15;9962;14;;;9970;9;9973;9;;;9967.0;0.0
yf_ZW=F_d4;4600;INTARIAN_PEPPER_ROOT;12584;18;12582;26;;;12590;12;12592;15;;;12587.0;0.0
yf_ZW=F_d4;4700;ASH_COATED_OSMIUM;9964;22;9962;21;;;9970;19;9974;15;;;9967.0;0.0
yf_ZW=F_d4;4700;INTARIAN_PEPPER_ROOT;12577;15;12575;10;;;12596;18;12598;19;;;12586.5;0.0
yf_ZW=F_d4;4800;ASH_COATED_OSMIUM;9964;17;9961;21;;;9970;12;9974;25;;;9967.0;0.0
yf_ZW=F_d4;4800;INTARIAN_PEPPER_ROOT;12585;9;12582;13;;;12591;13;12594;18;;;12588.0;0.0
yf_ZW=F_d4;4900;ASH_COATED_OSMIUM;9962;11;9959;14;;;9972;15;9976;14;;;9967.0;0.0
yf_ZW=F_d4;4900;INTARIAN_PEPPER_ROOT;12585;26;12583;18;;;12591;16;12594;30;;;12588.0;0.0
yf_ZW=F_d4;5000;ASH_COATED_OSMIUM;9964;8;9961;18;;;9970;10;9972;15;;;9967.0;0.0
yf_ZW=F_d4;5000;INTARIAN_PEPPER_ROOT;12572;9;12569;24;;;12606;18;12610;16;;;12589.0;0.0
yf_ZW=F_d4;5100;ASH_COATED_OSMIUM;9964;19;9962;20;;;9970;18;9972;20;;;9967.0;0.0
yf_ZW=F_d4;5100;INTARIAN_PEPPER_ROOT;12586;10;12583;27;;;12592;12;12594;14;;;12589.0;0.0
yf_ZW=F_d4;5200;ASH_COATED_OSMIUM;9961;15;9957;18;;;9973;17;9975;16;;;9967.0;0.0
yf_ZW=F_d4;5200;INTARIAN_PEPPER_ROOT;12574;10;12570;16;;;12604;5;12606;18;;;12589.0;0.0
yf_ZW=F_d4;5300;ASH_COATED_OSMIUM;9964;9;9961;25;;;9970;13;9973;20;;;9967.0;0.0
yf_ZW=F_d4;5300;INTARIAN_PEPPER_ROOT;12587;11;12583;10;;;12593;18;12597;10;;;12590.0;0.0
yf_ZW=F_d4;5400;ASH_COATED_OSMIUM;9963;15;9960;19;;;9969;13;9972;9;;;9966.0;0.0
yf_ZW=F_d4;5400;INTARIAN_PEPPER_ROOT;12583;9;12580;22;;;12597;5;12600;26;;;12590.0;0.0
yf_ZW=F_d4;5500;ASH_COATED_OSMIUM;9960;23;9956;29;;;9974;9;9978;22;;;9967.0;0.0
yf_ZW=F_d4;5500;INTARIAN_PEPPER_ROOT;12583;10;12581;17;;;12598;15;12601;23;;;12590.5;0.0
yf_ZW=F_d4;5600;ASH_COATED_OSMIUM;9963;20;9959;24;;;9969;16;9973;21;;;9966.0;0.0
yf_ZW=F_d4;5600;INTARIAN_PEPPER_ROOT;12588;15;12585;20;;;12595;11;12598;18;;;12591.5;0.0
yf_ZW=F_d4;5700;ASH_COATED_OSMIUM;9963;15;9960;17;;;9970;13;9972;23;;;9966.5;0.0
yf_ZW=F_d4;5700;INTARIAN_PEPPER_ROOT;12590;5;12586;22;;;12596;18;12598;25;;;12593.0;0.0
yf_ZW=F_d4;5800;ASH_COATED_OSMIUM;9961;14;9959;19;;;9970;16;9974;15;;;9965.5;0.0
yf_ZW=F_d4;5800;INTARIAN_PEPPER_ROOT;12590;15;12587;21;;;12596;10;12598;23;;;12593.0;0.0
yf_ZW=F_d4;5900;ASH_COATED_OSMIUM;9963;19;9961;10;;;9969;15;9971;12;;;9966.0;0.0
yf_ZW=F_d4;5900;INTARIAN_PEPPER_ROOT;12590;6;12587;30;;;12596;11;12598;27;;;12593.0;0.0
yf_ZW=F_d4;6000;ASH_COATED_OSMIUM;9963;11;9961;17;;;9969;15;9972;8;;;9966.0;0.0
yf_ZW=F_d4;6000;INTARIAN_PEPPER_ROOT;12591;8;12589;25;;;12597;12;12599;19;;;12594.0;0.0
yf_ZW=F_d4;6100;ASH_COATED_OSMIUM;9960;13;9957;15;;;9971;11;9974;23;;;9965.5;0.0
yf_ZW=F_d4;6100;INTARIAN_PEPPER_ROOT;12590;20;12586;21;;;12599;23;12601;24;;;12594.5;0.0
yf_ZW=F_d4;6200;ASH_COATED_OSMIUM;9963;11;9960;27;;;9969;5;9971;16;;;9966.0;0.0
yf_ZW=F_d4;6200;INTARIAN_PEPPER_ROOT;12591;13;12587;16;;;12599;13;12603;23;;;12595.0;0.0
yf_ZW=F_d4;6300;ASH_COATED_OSMIUM;9959;9;9955;19;;;9973;10;9975;20;;;9966.0;0.0
yf_ZW=F_d4;6300;INTARIAN_PEPPER_ROOT;12593;17;12590;29;;;12599;21;12602;14;;;12596.0;0.0
yf_ZW=F_d4;6400;ASH_COATED_OSMIUM;9961;12;9959;27;;;9969;14;9971;19;;;9965.0;0.0
yf_ZW=F_d4;6400;INTARIAN_PEPPER_ROOT;12593;12;12591;20;;;12599;11;12603;26;;;12596.0;0.0
yf_ZW=F_d4;6500;ASH_COATED_OSMIUM;9962;5;9960;16;;;9968;8;9970;24;;;9965.0;0.0
yf_ZW=F_d4;6500;INTARIAN_PEPPER_ROOT;12593;20;12589;20;;;12599;16;12603;19;;;12596.0;0.0
yf_ZW=F_d4;6600;ASH_COATED_OSMIUM;9963;5;9960;11;;;9969;29;9971;16;;;9966.0;0.0
yf_ZW=F_d4;6600;INTARIAN_PEPPER_ROOT;12592;16;12589;26;;;12602;12;12606;12;;;12597.0;0.0
yf_ZW=F_d4;6700;ASH_COATED_OSMIUM;9963;17;9959;17;;;9969;24;9971;15;;;9966.0;0.0
yf_ZW=F_d4;6700;INTARIAN_PEPPER_ROOT;12594;16;12591;14;;;12600;16;12602;28;;;12597.0;0.0
yf_ZW=F_d4;6800;ASH_COATED_OSMIUM;9959;14;9955;19;;;9971;24;9974;22;;;9965.0;0.0
yf_ZW=F_d4;6800;INTARIAN_PEPPER_ROOT;12591;9;12589;20;;;12605;26;12608;12;;;12598.0;0.0
yf_ZW=F_d4;6900;ASH_COATED_OSMIUM;9952;14;9950;13;;;9978;17;9980;13;;;9965.0;0.0
yf_ZW=F_d4;6900;INTARIAN_PEPPER_ROOT;12596;11;12592;21;;;12602;15;12606;17;;;12599.0;0.0
yf_ZW=F_d4;7000;ASH_COATED_OSMIUM;9960;13;9958;22;;;9969;17;9971;19;;;9964.5;0.0
yf_ZW=F_d4;7000;INTARIAN_PEPPER_ROOT;12596;16;12594;17;;;12603;7;12606;29;;;12599.5;0.0
yf_ZW=F_d4;7100;ASH_COATED_OSMIUM;9962;17;9960;16;;;9968;12;9972;21;;;9965.0;0.0
yf_ZW=F_d4;7100;INTARIAN_PEPPER_ROOT;12596;12;12592;16;;;12602;9;12606;30;;;12599.0;0.0
yf_ZW=F_d4;7200;ASH_COATED_OSMIUM;9960;17;9956;23;;;9968;20;9970;13;;;9964.0;0.0
yf_ZW=F_d4;7200;INTARIAN_PEPPER_ROOT;12597;13;12595;13;;;12603;19;12605;19;;;12600.0;0.0
yf_ZW=F_d4;7300;ASH_COATED_OSMIUM;9962;16;9958;21;;;9968;19;9970;17;;;9965.0;0.0
yf_ZW=F_d4;7300;INTARIAN_PEPPER_ROOT;12597;12;12595;19;;;12603;23;12605;15;;;12600.0;0.0
yf_ZW=F_d4;7400;ASH_COATED_OSMIUM;9962;20;9960;21;;;9968;14;9971;20;;;9965.0;0.0
yf_ZW=F_d4;7400;INTARIAN_PEPPER_ROOT;12593;14;12589;11;;;12610;11;12612;14;;;12601.5;0.0
yf_ZW=F_d4;7500;ASH_COATED_OSMIUM;9961;13;9957;17;;;9968;8;9970;19;;;9964.5;0.0
yf_ZW=F_d4;7500;INTARIAN_PEPPER_ROOT;12598;14;12596;15;;;12604;5;12606;23;;;12601.0;0.0
yf_ZW=F_d4;7600;ASH_COATED_OSMIUM;9958;5;9956;19;;;9970;25;9973;20;;;9964.0;0.0
yf_ZW=F_d4;7600;INTARIAN_PEPPER_ROOT;12599;8;12596;19;;;12605;13;12608;27;;;12602.0;0.0
yf_ZW=F_d4;7700;ASH_COATED_OSMIUM;9961;19;9957;24;;;9967;24;9970;23;;;9964.0;0.0
yf_ZW=F_d4;7700;INTARIAN_PEPPER_ROOT;12599;11;12596;20;;;12607;15;12610;17;;;12603.0;0.0
yf_ZW=F_d4;7800;ASH_COATED_OSMIUM;9961;15;9958;20;;;9967;12;9970;28;;;9964.0;0.0
yf_ZW=F_d4;7800;INTARIAN_PEPPER_ROOT;12600;9;12598;11;;;12606;12;12609;14;;;12603.0;0.0
yf_ZW=F_d4;7900;ASH_COATED_OSMIUM;9961;20;9959;20;;;9967;16;9970;21;;;9964.0;0.0
yf_ZW=F_d4;7900;INTARIAN_PEPPER_ROOT;12599;10;12596;14;;;12608;18;12612;15;;;12603.5;0.0
yf_ZW=F_d4;8000;ASH_COATED_OSMIUM;9961;14;9958;22;;;9967;18;9969;18;;;9964.0;0.0
yf_ZW=F_d4;8000;INTARIAN_PEPPER_ROOT;12602;18;12598;21;;;12608;5;12610;22;;;12605.0;0.0
yf_ZW=F_d4;8100;ASH_COATED_OSMIUM;9961;16;9958;17;;;9967;25;9971;23;;;9964.0;0.0
yf_ZW=F_d4;8100;INTARIAN_PEPPER_ROOT;12602;17;12599;22;;;12608;8;12612;21;;;12605.0;0.0
yf_ZW=F_d4;8200;ASH_COATED_OSMIUM;9960;19;9958;22;;;9966;14;9970;26;;;9963.0;0.0
yf_ZW=F_d4;8200;INTARIAN_PEPPER_ROOT;12602;23;12600;17;;;12608;17;12612;23;;;12605.0;0.0
yf_ZW=F_d4;8300;ASH_COATED_OSMIUM;9959;10;9956;18;;;9968;14;9971;24;;;9963.5;0.0
yf_ZW=F_d4;8300;INTARIAN_PEPPER_ROOT;12602;22;12598;20;;;12608;16;12611;23;;;12605.0;0.0
yf_ZW=F_d4;8400;ASH_COATED_OSMIUM;9960;5;9957;17;;;9968;9;9971;26;;;9964.0;0.0
yf_ZW=F_d4;8400;INTARIAN_PEPPER_ROOT;12595;16;12593;17;;;12616;14;12620;26;;;12605.5;0.0
yf_ZW=F_d4;8500;ASH_COATED_OSMIUM;9960;12;9958;21;;;9966;20;9969;17;;;9963.0;0.0
yf_ZW=F_d4;8500;INTARIAN_PEPPER_ROOT;12602;7;12598;21;;;12612;19;12616;16;;;12607.0;0.0
yf_ZW=F_d4;8600;ASH_COATED_OSMIUM;9960;13;9956;22;;;9966;15;9968;16;;;9963.0;0.0
yf_ZW=F_d4;8600;INTARIAN_PEPPER_ROOT;12602;12;12600;21;;;12611;18;12613;15;;;12606.5;0.0
yf_ZW=F_d4;8700;ASH_COATED_OSMIUM;9954;12;9952;24;;;9972;20;9975;20;;;9963.0;0.0
yf_ZW=F_d4;8700;INTARIAN_PEPPER_ROOT;12605;19;12603;20;;;12611;15;12614;21;;;12608.0;0.0
yf_ZW=F_d4;8800;ASH_COATED_OSMIUM;9959;20;9955;19;;;9967;16;9971;14;;;9963.0;0.0
yf_ZW=F_d4;8800;INTARIAN_PEPPER_ROOT;12599;27;12597;18;;;12617;6;12620;27;;;12608.0;0.0
yf_ZW=F_d4;8900;ASH_COATED_OSMIUM;9960;16;9958;18;;;9966;17;9970;16;;;9963.0;0.0
yf_ZW=F_d4;8900;INTARIAN_PEPPER_ROOT;12604;6;12601;28;;;12614;16;12616;24;;;12609.0;0.0
yf_ZW=F_d4;9000;ASH_COATED_OSMIUM;9955;15;9953;16;;;9970;12;9972;22;;;9962.5;0.0
yf_ZW=F_d4;9000;INTARIAN_PEPPER_ROOT;12606;5;12602;24;;;12612;9;12614;15;;;12609.0;0.0
yf_ZW=F_d4;9100;ASH_COATED_OSMIUM;9960;13;9957;11;;;9966;20;9970;17;;;9963.0;0.0
yf_ZW=F_d4;9100;INTARIAN_PEPPER_ROOT;12606;14;12604;19;;;12614;13;12618;19;;;12610.0;0.0
yf_ZW=F_d4;9200;ASH_COATED_OSMIUM;9952;24;9948;18;;;9974;17;9976;12;;;9963.0;0.0
yf_ZW=F_d4;9200;INTARIAN_PEPPER_ROOT;12603;11;12599;20;;;12618;8;12620;20;;;12610.5;0.0
yf_ZW=F_d4;9300;ASH_COATED_OSMIUM;9959;18;9955;20;;;9965;18;9967;26;;;9962.0;0.0
yf_ZW=F_d4;9300;INTARIAN_PEPPER_ROOT;12607;16;12603;20;;;12616;5;12619;22;;;12611.5;0.0
yf_ZW=F_d4;9400;ASH_COATED_OSMIUM;9957;22;9955;22;;;9968;16;9971;23;;;9962.5;0.0
yf_ZW=F_d4;9400;INTARIAN_PEPPER_ROOT;12608;14;12606;16;;;12614;15;12618;31;;;12611.0;0.0
yf_ZW=F_d4;9500;ASH_COATED_OSMIUM;9957;9;9954;19;;;9969;11;9971;22;;;9963.0;0.0
yf_ZW=F_d4;9500;INTARIAN_PEPPER_ROOT;12605;8;12601;16;;;12618;17;12622;13;;;12611.5;0.0
yf_ZW=F_d4;9600;ASH_COATED_OSMIUM;9959;18;9957;20;;;9965;13;9969;22;;;9962.0;0.0
yf_ZW=F_d4;9600;INTARIAN_PEPPER_ROOT;12610;16;12607;28;;;12616;19;12619;12;;;12613.0;0.0
yf_ZW=F_d4;9700;ASH_COATED_OSMIUM;9959;14;9957;28;;;9965;16;9968;10;;;9962.0;0.0
yf_ZW=F_d4;9700;INTARIAN_PEPPER_ROOT;12610;11;12608;15;;;12616;15;12620;20;;;12613.0;0.0
yf_ZW=F_d4;9800;ASH_COATED_OSMIUM;9947;6;9944;24;;;9977;13;9981;15;;;9962.0;0.0
yf_ZW=F_d4;9800;INTARIAN_PEPPER_ROOT;12610;16;12608;20;;;12616;13;12618;14;;;12613.0;0.0
yf_ZW=F_d4;9900;ASH_COATED_OSMIUM;9959;13;9955;25;;;9965;23;9967;23;;;9962.0;0.0
yf_ZW=F_d4;9900;INTARIAN_PEPPER_ROOT;12603;17;12601;23;;;12625;14;12627;20;;;12614.0;0.0
yf_ZW=F_d4;10000;ASH_COATED_OSMIUM;9959;13;9956;18;;;9965;18;9969;20;;;9962.0;0.0
yf_ZW=F_d4;10000;INTARIAN_PEPPER_ROOT;12611;13;12607;20;;;12617;17;12620;18;;;12614.0;0.0
yf_ZW=F_d4;10100;ASH_COATED_OSMIUM;9951;22;9948;22;;;9972;17;9974;18;;;9961.5;0.0
yf_ZW=F_d4;10100;INTARIAN_PEPPER_ROOT;12612;12;12610;10;;;12618;17;12622;23;;;12615.0;0.0
yf_ZW=F_d4;10200;ASH_COATED_OSMIUM;9958;15;9955;26;;;9967;13;9970;20;;;9962.5;0.0
yf_ZW=F_d4;10200;INTARIAN_PEPPER_ROOT;12611;15;12609;19;;;12619;13;12621;14;;;12615.0;0.0
yf_ZW=F_d4;10300;ASH_COATED_OSMIUM;9956;5;9954;22;;;9966;15;9970;21;;;9961.0;0.0
yf_ZW=F_d4;10300;INTARIAN_PEPPER_ROOT;12611;17;12608;16;;;12620;19;12624;13;;;12615.5;0.0
yf_ZW=F_d4;10400;ASH_COATED_OSMIUM;9959;17;9956;24;;;9965;23;9968;35;;;9962.0;0.0
yf_ZW=F_d4;10400;INTARIAN_PEPPER_ROOT;12613;18;12609;23;;;12619;13;12623;24;;;12616.0;0.0
yf_ZW=F_d4;10500;ASH_COATED_OSMIUM;9950;12;9946;23;;;9973;15;9976;11;;;9961.5;0.0
yf_ZW=F_d4;10500;INTARIAN_PEPPER_ROOT;12599;8;12597;25;;;12634;10;12638;19;;;12616.5;0.0
yf_ZW=F_d4;10600;ASH_COATED_OSMIUM;9958;5;9955;24;;;9964;17;9967;14;;;9961.0;0.0
yf_ZW=F_d4;10600;INTARIAN_PEPPER_ROOT;12614;20;12612;13;;;12621;19;12625;24;;;12617.5;0.0
yf_ZW=F_d4;10700;ASH_COATED_OSMIUM;9956;16;9953;13;;;9966;17;9969;12;;;9961.0;0.0
yf_ZW=F_d4;10700;INTARIAN_PEPPER_ROOT;12615;13;12612;19;;;12621;19;12624;16;;;12618.0;0.0
yf_ZW=F_d4;10800;ASH_COATED_OSMIUM;9958;14;9955;20;;;9964;22;9966;21;;;9961.0;0.0
yf_ZW=F_d4;10800;INTARIAN_PEPPER_ROOT;12615;5;12611;23;;;12621;8;12624;10;;;12618.0;0.0
yf_ZW=F_d4;10900;ASH_COATED_OSMIUM;9958;17;9954;14;;;9964;11;9967;25;;;9961.0;0.0
yf_ZW=F_d4;10900;INTARIAN_PEPPER_ROOT;12616;9;12614;30;;;12622;13;12625;25;;;12619.0;0.0
yf_ZW=F_d4;11000;ASH_COATED_OSMIUM;9958;17;9956;13;;;9964;17;9968;20;;;9961.0;0.0
yf_ZW=F_d4;11000;INTARIAN_PEPPER_ROOT;12617;8;12613;22;;;12623;12;12626;14;;;12620.0;0.0
yf_ZW=F_d4;11100;ASH_COATED_OSMIUM;9958;11;9954;19;;;9964;19;9966;18;;;9961.0;0.0
yf_ZW=F_d4;11100;INTARIAN_PEPPER_ROOT;12617;16;12613;15;;;12623;15;12627;16;;;12620.0;0.0
yf_ZW=F_d4;11200;ASH_COATED_OSMIUM;9955;7;9952;17;;;9967;19;9971;22;;;9961.0;0.0
yf_ZW=F_d4;11200;INTARIAN_PEPPER_ROOT;12617;10;12614;9;;;12624;13;12626;15;;;12620.5;0.0
yf_ZW=F_d4;11300;ASH_COATED_OSMIUM;9957;23;9954;17;;;9965;11;9968;8;;;9961.0;0.0
yf_ZW=F_d4;11300;INTARIAN_PEPPER_ROOT;12618;18;12615;18;;;12624;20;12628;32;;;12621.0;0.0
yf_ZW=F_d4;11400;ASH_COATED_OSMIUM;9957;23;9955;22;;;9963;23;9965;21;;;9960.0;0.0
yf_ZW=F_d4;11400;INTARIAN_PEPPER_ROOT;12618;5;12616;28;;;12624;7;12628;23;;;12621.0;0.0
yf_ZW=F_d4;11500;ASH_COATED_OSMIUM;9957;7;9953;13;;;9963;20;9965;26;;;9960.0;0.0
yf_ZW=F_d4;11500;INTARIAN_PEPPER_ROOT;12615;10;12611;31;;;12629;11;12633;18;;;12622.0;0.0
yf_ZW=F_d4;11600;ASH_COATED_OSMIUM;9957;15;9953;18;;;9964;17;9968;17;;;9960.5;0.0
yf_ZW=F_d4;11600;INTARIAN_PEPPER_ROOT;12620;20;12616;27;;;12626;16;12628;19;;;12623.0;0.0
yf_ZW=F_d4;11700;ASH_COATED_OSMIUM;9958;6;9955;13;;;9964;15;9966;18;;;9961.0;0.0
yf_ZW=F_d4;11700;INTARIAN_PEPPER_ROOT;12620;7;12617;23;;;12626;8;12629;18;;;12623.0;0.0
yf_ZW=F_d4;11800;ASH_COATED_OSMIUM;9957;9;9953;28;;;9963;15;9965;17;;;9960.0;0.0
yf_ZW=F_d4;11800;INTARIAN_PEPPER_ROOT;12620;5;12616;17;;;12626;16;12628;15;;;12623.0;0.0
yf_ZW=F_d4;11900;ASH_COATED_OSMIUM;9957;21;9954;16;;;9963;25;9966;21;;;9960.0;0.0
yf_ZW=F_d4;11900;INTARIAN_PEPPER_ROOT;12621;15;12618;26;;;12627;16;12631;24;;;12624.0;0.0
yf_ZW=F_d4;12000;ASH_COATED_OSMIUM;9950;22;9946;24;;;9969;12;9972;23;;;9959.5;0.0
yf_ZW=F_d4;12000;INTARIAN_PEPPER_ROOT;12621;14;12619;28;;;12627;9;12631;16;;;12624.0;0.0
yf_ZW=F_d4;12100;ASH_COATED_OSMIUM;9957;11;9953;12;;;9963;5;9967;15;;;9960.0;0.0
yf_ZW=F_d4;12100;INTARIAN_PEPPER_ROOT;12621;21;12619;18;;;12630;16;12632;16;;;12625.5;0.0
yf_ZW=F_d4;12200;ASH_COATED_OSMIUM;9956;21;9953;25;;;9962;19;9966;21;;;9959.0;0.0
yf_ZW=F_d4;12200;INTARIAN_PEPPER_ROOT;12623;18;12620;29;;;12629;18;12632;19;;;12626.0;0.0
yf_ZW=F_d4;12300;ASH_COATED_OSMIUM;9955;23;9953;27;;;9966;18;9969;22;;;9960.5;0.0
yf_ZW=F_d4;12300;INTARIAN_PEPPER_ROOT;12618;14;12615;29;;;12634;20;12636;21;;;12626.0;0.0
yf_ZW=F_d4;12400;ASH_COATED_OSMIUM;9952;12;9948;19;;;9968;22;9971;22;;;9960.0;0.0
yf_ZW=F_d4;12400;INTARIAN_PEPPER_ROOT;12621;13;12618;16;;;12632;20;12634;9;;;12626.5;0.0
yf_ZW=F_d4;12500;ASH_COATED_OSMIUM;9957;17;9954;24;;;9963;15;9967;19;;;9960.0;0.0
yf_ZW=F_d4;12500;INTARIAN_PEPPER_ROOT;12624;19;12622;20;;;12630;6;12632;19;;;12627.0;0.0
yf_ZW=F_d4;12600;ASH_COATED_OSMIUM;9955;11;9952;23;;;9964;12;9966;14;;;9959.5;0.0
yf_ZW=F_d4;12600;INTARIAN_PEPPER_ROOT;12621;16;12617;12;;;12636;17;12640;18;;;12628.5;0.0
yf_ZW=F_d4;12700;ASH_COATED_OSMIUM;9956;15;9952;21;;;9962;9;9965;18;;;9959.0;0.0
yf_ZW=F_d4;12700;INTARIAN_PEPPER_ROOT;12618;19;12616;25;;;12637;11;12641;18;;;12627.5;0.0
yf_ZW=F_d4;12800;ASH_COATED_OSMIUM;9956;20;9954;32;;;9962;15;9965;21;;;9959.0;0.0
yf_ZW=F_d4;12800;INTARIAN_PEPPER_ROOT;12624;17;12621;20;;;12634;9;12636;18;;;12629.0;0.0
yf_ZW=F_d4;12900;ASH_COATED_OSMIUM;9956;14;9953;23;;;9962;20;9964;17;;;9959.0;0.0
yf_ZW=F_d4;12900;INTARIAN_PEPPER_ROOT;12626;22;12623;25;;;12632;17;12634;20;;;12629.0;0.0
yf_ZW=F_d4;13000;ASH_COATED_OSMIUM;9953;14;9950;12;;;9965;13;9968;19;;;9959.0;0.0
yf_ZW=F_d4;13000;INTARIAN_PEPPER_ROOT;12627;17;12623;23;;;12633;9;12637;13;;;12630.0;0.0
yf_ZW=F_d4;13100;ASH_COATED_OSMIUM;9953;22;9949;20;;;9964;12;9968;22;;;9958.5;0.0
yf_ZW=F_d4;13100;INTARIAN_PEPPER_ROOT;12627;28;12623;22;;;12633;12;12635;22;;;12630.0;0.0
yf_ZW=F_d4;13200;ASH_COATED_OSMIUM;9956;15;9954;11;;;9962;17;9964;25;;;9959.0;0.0
yf_ZW=F_d4;13200;INTARIAN_PEPPER_ROOT;12628;11;12626;24;;;12634;14;12636;15;;;12631.0;0.0
yf_ZW=F_d4;13300;ASH_COATED_OSMIUM;9956;16;9954;20;;;9962;17;9965;14;;;9959.0;0.0
yf_ZW=F_d4;13300;INTARIAN_PEPPER_ROOT;12629;10;12626;19;;;12635;24;12637;20;;;12632.0;0.0
yf_ZW=F_d4;13400;ASH_COATED_OSMIUM;9955;19;9952;29;;;9961;13;9965;23;;;9958.0;0.0
yf_ZW=F_d4;13400;INTARIAN_PEPPER_ROOT;12629;19;12626;18;;;12635;22;12638;22;;;12632.0;0.0
yf_ZW=F_d4;13500;ASH_COATED_OSMIUM;9955;9;9952;25;;;9961;18;9965;25;;;9958.0;0.0
yf_ZW=F_d4;13500;INTARIAN_PEPPER_ROOT;12630;8;12627;26;;;12636;16;12639;22;;;12633.0;0.0
yf_ZW=F_d4;13600;ASH_COATED_OSMIUM;9955;5;9952;25;;;9961;8;9965;25;;;9958.0;0.0
yf_ZW=F_d4;13600;INTARIAN_PEPPER_ROOT;12627;13;12624;18;;;12639;13;12642;22;;;12633.0;0.0
yf_ZW=F_d4;13700;ASH_COATED_OSMIUM;9953;17;9949;11;;;9961;9;9964;23;;;9957.0;0.0
yf_ZW=F_d4;13700;INTARIAN_PEPPER_ROOT;12628;19;12625;18;;;12639;18;12642;14;;;12633.5;0.0
yf_ZW=F_d4;13800;ASH_COATED_OSMIUM;9955;12;9953;23;;;9961;12;9965;17;;;9958.0;0.0
yf_ZW=F_d4;13800;INTARIAN_PEPPER_ROOT;12631;10;12628;13;;;12637;19;12639;13;;;12634.0;0.0
yf_ZW=F_d4;13900;ASH_COATED_OSMIUM;9954;12;9951;19;;;9962;9;9965;16;;;9958.0;0.0
yf_ZW=F_d4;13900;INTARIAN_PEPPER_ROOT;12630;14;12626;14;;;12638;16;12640;14;;;12634.0;0.0
yf_ZW=F_d4;14000;ASH_COATED_OSMIUM;9955;12;9953;26;;;9961;13;9963;21;;;9958.0;0.0
yf_ZW=F_d4;14000;INTARIAN_PEPPER_ROOT;12632;10;12630;17;;;12638;15;12640;20;;;12635.0;0.0
yf_ZW=F_d4;14100;ASH_COATED_OSMIUM;9928;8;9925;20;;;9987;17;9991;23;;;9957.5;0.0
yf_ZW=F_d4;14100;INTARIAN_PEPPER_ROOT;12633;16;12630;20;;;12639;22;12642;25;;;12636.0;0.0
yf_ZW=F_d4;14200;ASH_COATED_OSMIUM;9948;22;9946;15;;;9967;22;9969;18;;;9957.5;0.0
yf_ZW=F_d4;14200;INTARIAN_PEPPER_ROOT;12632;12;12629;13;;;12641;19;12644;19;;;12636.5;0.0
yf_ZW=F_d4;14300;ASH_COATED_OSMIUM;9954;14;9952;18;;;9960;14;9962;21;;;9957.0;0.0
yf_ZW=F_d4;14300;INTARIAN_PEPPER_ROOT;12634;18;12631;20;;;12640;11;12642;22;;;12637.0;0.0
yf_ZW=F_d4;14400;ASH_COATED_OSMIUM;9955;7;9953;32;;;9961;21;9965;17;;;9958.0;0.0
yf_ZW=F_d4;14400;INTARIAN_PEPPER_ROOT;12631;16;12628;15;;;12643;11;12645;12;;;12637.0;0.0
yf_ZW=F_d4;14500;ASH_COATED_OSMIUM;9954;5;9950;17;;;9960;17;9963;21;;;9957.0;0.0
yf_ZW=F_d4;14500;INTARIAN_PEPPER_ROOT;12635;17;12631;27;;;12641;17;12645;17;;;12638.0;0.0
yf_ZW=F_d4;14600;ASH_COATED_OSMIUM;9954;8;9950;16;;;9960;9;9963;20;;;9957.0;0.0
yf_ZW=F_d4;14600;INTARIAN_PEPPER_ROOT;12635;19;12631;19;;;12641;22;12643;26;;;12638.0;0.0
yf_ZW=F_d4;14700;ASH_COATED_OSMIUM;9954;15;9950;24;;;9960;18;9963;23;;;9957.0;0.0
yf_ZW=F_d4;14700;INTARIAN_PEPPER_ROOT;12636;15;12632;10;;;12642;13;12644;24;;;12639.0;0.0
yf_ZW=F_d4;14800;ASH_COATED_OSMIUM;9954;17;9950;18;;;9960;9;9964;23;;;9957.0;0.0
yf_ZW=F_d4;14800;INTARIAN_PEPPER_ROOT;12629;5;12626;20;;;12650;22;12654;18;;;12639.5;0.0
yf_ZW=F_d4;14900;ASH_COATED_OSMIUM;9954;9;9950;21;;;9960;5;9964;13;;;9957.0;0.0
yf_ZW=F_d4;14900;INTARIAN_PEPPER_ROOT;12637;17;12635;19;;;12643;5;12647;20;;;12640.0;0.0
yf_ZW=F_d4;15000;ASH_COATED_OSMIUM;9953;15;9951;15;;;9960;13;9962;25;;;9956.5;0.0
yf_ZW=F_d4;15000;INTARIAN_PEPPER_ROOT;12637;19;12634;22;;;12643;15;12645;13;;;12640.0;0.0
yf_ZW=F_d4;15100;ASH_COATED_OSMIUM;9952;15;9949;19;;;9960;18;9964;16;;;9956.0;0.0
yf_ZW=F_d4;15100;INTARIAN_PEPPER_ROOT;12637;24;12634;16;;;12643;17;12645;29;;;12640.0;0.0
yf_ZW=F_d4;15200;ASH_COATED_OSMIUM;9953;13;9950;27;;;9959;6;9961;14;;;9956.0;0.0
yf_ZW=F_d4;15200;INTARIAN_PEPPER_ROOT;12639;17;12636;20;;;12645;12;12649;13;;;12642.0;0.0
yf_ZW=F_d4;15300;ASH_COATED_OSMIUM;9951;12;9948;20;;;9962;10;9964;23;;;9956.5;0.0
yf_ZW=F_d4;15300;INTARIAN_PEPPER_ROOT;12639;18;12636;18;;;12645;7;12649;15;;;12642.0;0.0
yf_ZW=F_d4;15400;ASH_COATED_OSMIUM;9952;15;9950;19;;;9961;14;9963;15;;;9956.5;0.0
yf_ZW=F_d4;15400;INTARIAN_PEPPER_ROOT;12637;8;12635;22;;;12647;5;12649;8;;;12642.0;0.0
yf_ZW=F_d4;15500;ASH_COATED_OSMIUM;9944;13;9941;24;;;9969;5;9972;16;;;9956.5;0.0
yf_ZW=F_d4;15500;INTARIAN_PEPPER_ROOT;12640;15;12637;20;;;12646;18;12649;17;;;12643.0;0.0
yf_ZW=F_d4;15600;ASH_COATED_OSMIUM;9953;5;9949;10;;;9959;12;9963;24;;;9956.0;0.0
yf_ZW=F_d4;15600;INTARIAN_PEPPER_ROOT;12641;8;12637;31;;;12647;20;12651;21;;;12644.0;0.0
yf_ZW=F_d4;15700;ASH_COATED_OSMIUM;9953;15;9949;28;;;9959;13;9963;23;;;9956.0;0.0
yf_ZW=F_d4;15700;INTARIAN_PEPPER_ROOT;12639;17;12637;20;;;12649;11;12651;17;;;12644.0;0.0
yf_ZW=F_d4;15800;ASH_COATED_OSMIUM;9951;15;9949;18;;;9959;10;9961;22;;;9955.0;0.0
yf_ZW=F_d4;15800;INTARIAN_PEPPER_ROOT;12642;10;12640;19;;;12648;11;12651;17;;;12645.0;0.0
yf_ZW=F_d4;15900;ASH_COATED_OSMIUM;9953;15;9949;19;;;9959;8;9962;12;;;9956.0;0.0
yf_ZW=F_d4;15900;INTARIAN_PEPPER_ROOT;12642;18;12639;25;;;12648;9;12650;18;;;12645.0;0.0
yf_ZW=F_d4;16000;ASH_COATED_OSMIUM;9953;16;9950;22;;;9959;19;9962;20;;;9956.0;0.0
yf_ZW=F_d4;16000;INTARIAN_PEPPER_ROOT;12642;17;12639;25;;;12648;5;12652;21;;;12645.0;0.0
yf_ZW=F_d4;16100;ASH_COATED_OSMIUM;9950;14;9948;32;;;9961;19;9965;20;;;9955.5;0.0
yf_ZW=F_d4;16100;INTARIAN_PEPPER_ROOT;12642;22;12639;22;;;12648;6;12650;18;;;12645.0;0.0
yf_ZW=F_d4;16200;ASH_COATED_OSMIUM;9952;11;9949;17;;;9959;10;9963;22;;;9955.5;0.0
yf_ZW=F_d4;16200;INTARIAN_PEPPER_ROOT;12643;7;12641;18;;;12649;19;12652;21;;;12646.0;0.0
yf_ZW=F_d4;16300;ASH_COATED_OSMIUM;9950;17;9946;22;;;9960;18;9964;22;;;9955.0;0.0
yf_ZW=F_d4;16300;INTARIAN_PEPPER_ROOT;12644;17;12642;25;;;12650;21;12652;16;;;12647.0;0.0
yf_ZW=F_d4;16400;ASH_COATED_OSMIUM;9952;7;9949;23;;;9958;15;9960;13;;;9955.0;0.0
yf_ZW=F_d4;16400;INTARIAN_PEPPER_ROOT;12644;19;12642;15;;;12650;14;12653;21;;;12647.0;0.0
yf_ZW=F_d4;16500;ASH_COATED_OSMIUM;9952;18;9948;24;;;9958;13;9960;22;;;9955.0;0.0
yf_ZW=F_d4;16500;INTARIAN_PEPPER_ROOT;12645;14;12641;23;;;12651;6;12654;17;;;12648.0;0.0
yf_ZW=F_d4;16600;ASH_COATED_OSMIUM;9952;13;9948;20;;;9958;8;9961;21;;;9955.0;0.0
yf_ZW=F_d4;16600;INTARIAN_PEPPER_ROOT;12645;16;12642;11;;;12651;13;12654;21;;;12648.0;0.0
yf_ZW=F_d4;16700;ASH_COATED_OSMIUM;9950;18;9946;25;;;9958;17;9962;14;;;9954.0;0.0
yf_ZW=F_d4;16700;INTARIAN_PEPPER_ROOT;12642;15;12640;10;;;12655;17;12657;19;;;12648.5;0.0
yf_ZW=F_d4;16800;ASH_COATED_OSMIUM;9952;11;9948;28;;;9958;10;9960;23;;;9955.0;0.0
yf_ZW=F_d4;16800;INTARIAN_PEPPER_ROOT;12647;13;12645;16;;;12653;14;12655;30;;;12650.0;0.0
yf_ZW=F_d4;16900;ASH_COATED_OSMIUM;9952;11;9950;13;;;9958;12;9960;17;;;9955.0;0.0
yf_ZW=F_d4;16900;INTARIAN_PEPPER_ROOT;12647;12;12645;22;;;12653;16;12656;22;;;12650.0;0.0
yf_ZW=F_d4;17000;ASH_COATED_OSMIUM;9952;13;9950;24;;;9958;16;9960;12;;;9955.0;0.0
yf_ZW=F_d4;17000;INTARIAN_PEPPER_ROOT;12647;13;12644;24;;;12653;5;12656;22;;;12650.0;0.0
yf_ZW=F_d4;17100;ASH_COATED_OSMIUM;9952;11;9949;17;;;9958;5;9962;21;;;9955.0;0.0
yf_ZW=F_d4;17100;INTARIAN_PEPPER_ROOT;12648;7;12646;31;;;12654;13;12658;17;;;12651.0;0.0
yf_ZW=F_d4;17200;ASH_COATED_OSMIUM;9947;13;9943;22;;;9963;24;9967;27;;;9955.0;0.0
yf_ZW=F_d4;17200;INTARIAN_PEPPER_ROOT;12649;10;12645;26;;;12655;13;12658;23;;;12652.0;0.0
yf_ZW=F_d4;17300;ASH_COATED_OSMIUM;9951;17;9947;22;;;9957;10;9959;12;;;9954.0;0.0
yf_ZW=F_d4;17300;INTARIAN_PEPPER_ROOT;12651;10;12647;19;;;12657;24;12660;19;;;12654.0;0.0
yf_ZW=F_d4;17400;ASH_COATED_OSMIUM;9949;19;9947;23;;;9959;16;9961;10;;;9954.0;0.0
yf_ZW=F_d4;17400;INTARIAN_PEPPER_ROOT;12652;13;12648;27;;;12658;5;12660;30;;;12655.0;0.0
yf_ZW=F_d4;17500;ASH_COATED_OSMIUM;9951;16;9947;14;;;9957;21;9960;27;;;9954.0;0.0
yf_ZW=F_d4;17500;INTARIAN_PEPPER_ROOT;12653;16;12651;19;;;12660;20;12663;24;;;12656.5;0.0
yf_ZW=F_d4;17600;ASH_COATED_OSMIUM;9948;12;9944;21;;;9959;10;9961;13;;;9953.5;0.0
yf_ZW=F_d4;17600;INTARIAN_PEPPER_ROOT;12652;8;12648;14;;;12661;15;12663;16;;;12656.5;0.0
yf_ZW=F_d4;17700;ASH_COATED_OSMIUM;9946;15;9942;19;;;9962;15;9965;25;;;9954.0;0.0
yf_ZW=F_d4;17700;INTARIAN_PEPPER_ROOT;12655;17;12652;20;;;12661;17;12663;14;;;12658.0;0.0
yf_ZW=F_d4;17800;ASH_COATED_OSMIUM;9951;5;9949;15;;;9957;16;9960;21;;;9954.0;0.0
yf_ZW=F_d4;17800;INTARIAN_PEPPER_ROOT;12648;10;12645;21;;;12668;9;12670;19;;;12658.0;0.0
yf_ZW=F_d4;17900;ASH_COATED_OSMIUM;9947;11;9943;22;;;9961;25;9963;20;;;9954.0;0.0
yf_ZW=F_d4;17900;INTARIAN_PEPPER_ROOT;12654;6;12651;20;;;12666;18;12668;15;;;12660.0;0.0
yf_ZW=F_d4;18000;ASH_COATED_OSMIUM;9951;20;9947;21;;;9957;13;9959;8;;;9954.0;0.0
yf_ZW=F_d4;18000;INTARIAN_PEPPER_ROOT;12657;11;12653;18;;;12663;11;12665;18;;;12660.0;0.0
yf_ZW=F_d4;18100;ASH_COATED_OSMIUM;9951;12;9949;20;;;9957;17;9960;17;;;9954.0;0.0
yf_ZW=F_d4;18100;INTARIAN_PEPPER_ROOT;12659;17;12657;34;;;12665;22;12669;20;;;12662.0;0.0
yf_ZW=F_d4;18200;ASH_COATED_OSMIUM;9948;15;9944;28;;;9959;12;9962;12;;;9953.5;0.0
yf_ZW=F_d4;18200;INTARIAN_PEPPER_ROOT;12659;20;12655;23;;;12666;21;12668;25;;;12662.5;0.0
yf_ZW=F_d4;18300;ASH_COATED_OSMIUM;9951;15;9947;33;;;9957;16;9959;26;;;9954.0;0.0
yf_ZW=F_d4;18300;INTARIAN_PEPPER_ROOT;12650;6;12648;24;;;12677;19;12681;27;;;12663.5;0.0
yf_ZW=F_d4;18400;ASH_COATED_OSMIUM;9951;13;9948;15;;;9957;15;9961;18;;;9954.0;0.0
yf_ZW=F_d4;18400;INTARIAN_PEPPER_ROOT;12661;13;12658;23;;;12667;16;12669;14;;;12664.0;0.0
yf_ZW=F_d4;18500;ASH_COATED_OSMIUM;9951;11;9948;25;;;9957;18;9961;22;;;9954.0;0.0
yf_ZW=F_d4;18500;INTARIAN_PEPPER_ROOT;12662;17;12659;14;;;12668;16;12672;24;;;12665.0;0.0
yf_ZW=F_d4;18600;ASH_COATED_OSMIUM;9948;14;9944;15;;;9960;17;9963;17;;;9954.0;0.0
yf_ZW=F_d4;18600;INTARIAN_PEPPER_ROOT;12663;12;12659;16;;;12670;10;12674;22;;;12666.5;0.0
yf_ZW=F_d4;18700;ASH_COATED_OSMIUM;9951;16;9949;20;;;9957;20;9961;23;;;9954.0;0.0
yf_ZW=F_d4;18700;INTARIAN_PEPPER_ROOT;12656;20;12653;21;;;12678;17;12680;25;;;12667.0;0.0
yf_ZW=F_d4;18800;ASH_COATED_OSMIUM;9950;14;9947;23;;;9956;21;9958;18;;;9953.0;0.0
yf_ZW=F_d4;18800;INTARIAN_PEPPER_ROOT;12666;13;12662;19;;;12672;5;12675;25;;;12669.0;0.0
yf_ZW=F_d4;18900;ASH_COATED_OSMIUM;9939;21;9937;21;;;9965;8;9968;27;;;9952.0;0.0
yf_ZW=F_d4;18900;INTARIAN_PEPPER_ROOT;12666;13;12663;21;;;12673;5;12677;15;;;12669.5;0.0
yf_ZW=F_d4;19000;ASH_COATED_OSMIUM;9951;17;9947;13;;;9957;15;9959;16;;;9954.0;0.0
yf_ZW=F_d4;19000;INTARIAN_PEPPER_ROOT;12667;15;12665;20;;;12674;12;12678;18;;;12670.5;0.0
yf_ZW=F_d4;19100;ASH_COATED_OSMIUM;9951;23;9947;25;;;9957;5;9960;18;;;9954.0;0.0
yf_ZW=F_d4;19100;INTARIAN_PEPPER_ROOT;12668;18;12666;14;;;12674;9;12678;16;;;12671.0;0.0
yf_ZW=F_d4;19200;ASH_COATED_OSMIUM;9947;11;9943;18;;;9957;12;9959;16;;;9952.0;0.0
yf_ZW=F_d4;19200;INTARIAN_PEPPER_ROOT;12670;21;12666;24;;;12676;18;12679;18;;;12673.0;0.0
yf_ZW=F_d4;19300;ASH_COATED_OSMIUM;9950;13;9948;21;;;9956;16;9959;21;;;9953.0;0.0
yf_ZW=F_d4;19300;INTARIAN_PEPPER_ROOT;12670;21;12666;18;;;12676;16;12679;22;;;12673.0;0.0
yf_ZW=F_d4;19400;ASH_COATED_OSMIUM;9946;9;9942;17;;;9960;15;9962;22;;;9953.0;0.0
yf_ZW=F_d4;19400;INTARIAN_PEPPER_ROOT;12671;18;12669;29;;;12677;7;12680;16;;;12674.0;0.0
yf_ZW=F_d4;19500;ASH_COATED_OSMIUM;9950;15;9946;27;;;9956;27;9958;18;;;9953.0;0.0
yf_ZW=F_d4;19500;INTARIAN_PEPPER_ROOT;12672;17;12668;27;;;12678;10;12682;19;;;12675.0;0.0
yf_ZW=F_d4;19600;ASH_COATED_OSMIUM;9950;12;9948;19;;;9956;21;9960;25;;;9953.0;0.0
yf_ZW=F_d4;19600;INTARIAN_PEPPER_ROOT;12667;18;12665;22;;;12686;15;12689;20;;;12676.5;0.0
yf_ZW=F_d4;19700;ASH_COATED_OSMIUM;9950;14;9947;24;;;9956;9;9959;16;;;9953.0;0.0
yf_ZW=F_d4;19700;INTARIAN_PEPPER_ROOT;12672;9;12670;28;;;12681;13;12685;18;;;12676.5;0.0
yf_ZW=F_d4;19800;ASH_COATED_OSMIUM;9949;10;9946;24;;;9955;18;9958;24;;;9952.0;0.0
yf_ZW=F_d4;19800;INTARIAN_PEPPER_ROOT;12674;19;12672;15;;;12682;14;12685;26;;;12678.0;0.0
yf_ZW=F_d4;19900;ASH_COATED_OSMIUM;9947;14;9943;23;;;9958;12;9960;30;;;9952.5;0.0
yf_ZW=F_d4;19900;INTARIAN_PEPPER_ROOT;12677;12;12675;19;;;12683;15;12685;19;;;12680.0;0.0
yf_ZW=F_d4;20000;ASH_COATED_OSMIUM;9949;5;9945;21;;;9955;19;9959;12;;;9952.0;0.0
yf_ZW=F_d4;20000;INTARIAN_PEPPER_ROOT;12677;20;12673;18;;;12683;15;12687;13;;;12680.0;0.0
yf_ZW=F_d4;20100;ASH_COATED_OSMIUM;9949;10;9945;19;;;9955;12;9959;17;;;9952.0;0.0
yf_ZW=F_d4;20100;INTARIAN_PEPPER_ROOT;12678;12;12675;14;;;12684;16;12686;25;;;12681.0;0.0
yf_ZW=F_d4;20200;ASH_COATED_OSMIUM;9950;17;9948;13;;;9956;11;9960;26;;;9953.0;0.0
yf_ZW=F_d4;20200;INTARIAN_PEPPER_ROOT;12678;12;12674;24;;;12686;7;12689;23;;;12682.0;0.0
yf_ZW=F_d4;20300;ASH_COATED_OSMIUM;9949;17;9945;23;;;9955;7;9958;18;;;9952.0;0.0
yf_ZW=F_d4;20300;INTARIAN_PEPPER_ROOT;12680;5;12677;17;;;12686;14;12689;20;;;12683.0;0.0
yf_ZW=F_d4;20400;ASH_COATED_OSMIUM;9949;8;9946;16;;;9955;6;9959;22;;;9952.0;0.0
yf_ZW=F_d4;20400;INTARIAN_PEPPER_ROOT;12675;10;12671;20;;;12694;17;12697;8;;;12684.5;0.0
yf_ZW=F_d4;20500;ASH_COATED_OSMIUM;9947;22;9944;11;;;9956;8;9958;26;;;9951.5;0.0
yf_ZW=F_d4;20500;INTARIAN_PEPPER_ROOT;12676;26;12674;26;;;12695;14;12698;13;;;12685.5;0.0
yf_ZW=F_d4;20600;ASH_COATED_OSMIUM;9948;13;9945;16;;;9956;14;9958;21;;;9952.0;0.0
yf_ZW=F_d4;20600;INTARIAN_PEPPER_ROOT;12681;17;12679;22;;;12690;8;12692;21;;;12685.5;0.0
yf_ZW=F_d4;20700;ASH_COATED_OSMIUM;9949;13;9945;25;;;9955;19;9957;22;;;9952.0;0.0
yf_ZW=F_d4;20700;INTARIAN_PEPPER_ROOT;12679;11;12676;27;;;12696;20;12699;22;;;12687.5;0.0
yf_ZW=F_d4;20800;ASH_COATED_OSMIUM;9949;15;9945;12;;;9955;24;9959;18;;;9952.0;0.0
yf_ZW=F_d4;20800;INTARIAN_PEPPER_ROOT;12685;18;12682;28;;;12691;10;12694;18;;;12688.0;0.0
yf_ZW=F_d4;20900;ASH_COATED_OSMIUM;9949;7;9947;28;;;9955;17;9958;22;;;9952.0;0.0
yf_ZW=F_d4;20900;INTARIAN_PEPPER_ROOT;12686;12;12682;15;;;12692;19;12694;11;;;12689.0;0.0
yf_ZW=F_d4;21000;ASH_COATED_OSMIUM;9948;21;9944;17;;;9954;11;9956;24;;;9951.0;0.0
yf_ZW=F_d4;21000;INTARIAN_PEPPER_ROOT;12687;8;12685;23;;;12693;20;12696;15;;;12690.0;0.0
yf_ZW=F_d4;21100;ASH_COATED_OSMIUM;9948;9;9944;12;;;9954;13;9958;18;;;9951.0;0.0
yf_ZW=F_d4;21100;INTARIAN_PEPPER_ROOT;12687;18;12683;20;;;12694;12;12698;20;;;12690.5;0.0
yf_ZW=F_d4;21200;ASH_COATED_OSMIUM;9948;22;9946;18;;;9956;12;9958;17;;;9952.0;0.0
yf_ZW=F_d4;21200;INTARIAN_PEPPER_ROOT;12689;13;12686;23;;;12695;15;12698;16;;;12692.0;0.0
yf_ZW=F_d4;21300;ASH_COATED_OSMIUM;9944;12;9940;23;;;9959;12;9961;15;;;9951.5;0.0
yf_ZW=F_d4;21300;INTARIAN_PEPPER_ROOT;12688;18;12686;22;;;12695;21;12699;17;;;12691.5;0.0
yf_ZW=F_d4;21400;ASH_COATED_OSMIUM;9943;14;9940;20;;;9959;26;9961;21;;;9951.0;0.0
yf_ZW=F_d4;21400;INTARIAN_PEPPER_ROOT;12689;21;12686;24;;;12698;8;12700;22;;;12693.5;0.0
yf_ZW=F_d4;21500;ASH_COATED_OSMIUM;9947;13;9945;9;;;9958;12;9962;27;;;9952.5;0.0
yf_ZW=F_d4;21500;INTARIAN_PEPPER_ROOT;12686;13;12683;23;;;12704;8;12708;14;;;12695.0;0.0
yf_ZW=F_d4;21600;ASH_COATED_OSMIUM;9949;22;9945;21;;;9955;15;9957;20;;;9952.0;0.0
yf_ZW=F_d4;21600;INTARIAN_PEPPER_ROOT;12693;9;12689;24;;;12699;12;12701;19;;;12696.0;0.0
yf_ZW=F_d4;21700;ASH_COATED_OSMIUM;9948;8;9946;24;;;9954;17;9958;27;;;9951.0;0.0
yf_ZW=F_d4;21700;INTARIAN_PEPPER_ROOT;12689;16;12685;18;;;12705;5;12709;21;;;12697.0;0.0
yf_ZW=F_d4;21800;ASH_COATED_OSMIUM;9946;15;9942;19;;;9957;10;9959;18;;;9951.5;0.0
yf_ZW=F_d4;21800;INTARIAN_PEPPER_ROOT;12692;15;12688;24;;;12703;18;12706;14;;;12697.5;0.0
yf_ZW=F_d4;21900;ASH_COATED_OSMIUM;9948;15;9946;22;;;9954;12;9958;14;;;9951.0;0.0
yf_ZW=F_d4;21900;INTARIAN_PEPPER_ROOT;12696;7;12692;13;;;12702;16;12705;14;;;12699.0;0.0
yf_ZW=F_d4;22000;ASH_COATED_OSMIUM;9948;12;9944;20;;;9956;7;9960;25;;;9952.0;0.0
yf_ZW=F_d4;22000;INTARIAN_PEPPER_ROOT;12697;12;12694;13;;;12703;10;12706;24;;;12700.0;0.0
yf_ZW=F_d4;22100;ASH_COATED_OSMIUM;9948;17;9944;20;;;9954;11;9957;16;;;9951.0;0.0
yf_ZW=F_d4;22100;INTARIAN_PEPPER_ROOT;12697;9;12695;17;;;12703;17;12705;13;;;12700.0;0.0
yf_ZW=F_d4;22200;ASH_COATED_OSMIUM;9948;14;9945;20;;;9954;16;9958;22;;;9951.0;0.0
yf_ZW=F_d4;22200;INTARIAN_PEPPER_ROOT;12697;16;12693;25;;;12707;19;12710;22;;;12702.0;0.0
yf_ZW=F_d4;22300;ASH_COATED_OSMIUM;9947;9;9944;21;;;9953;11;9957;21;;;9950.0;0.0
yf_ZW=F_d4;22300;INTARIAN_PEPPER_ROOT;12699;9;12696;24;;;12705;11;12707;23;;;12702.0;0.0
yf_ZW=F_d4;22400;ASH_COATED_OSMIUM;9948;16;9946;16;;;9954;10;9957;26;;;9951.0;0.0
yf_ZW=F_d4;22400;INTARIAN_PEPPER_ROOT;12701;11;12698;14;;;12707;19;12709;13;;;12704.0;0.0
yf_ZW=F_d4;22500;ASH_COATED_OSMIUM;9948;15;9944;23;;;9954;10;9958;29;;;9951.0;0.0
yf_ZW=F_d4;22500;INTARIAN_PEPPER_ROOT;12701;10;12698;24;;;12707;21;12709;22;;;12704.0;0.0
yf_ZW=F_d4;22600;ASH_COATED_OSMIUM;9943;16;9941;24;;;9956;20;9960;18;;;9949.5;0.0
yf_ZW=F_d4;22600;INTARIAN_PEPPER_ROOT;12702;19;12699;23;;;12708;14;12710;15;;;12705.0;0.0
yf_ZW=F_d4;22700;ASH_COATED_OSMIUM;9947;18;9943;24;;;9953;10;9956;9;;;9950.0;0.0
yf_ZW=F_d4;22700;INTARIAN_PEPPER_ROOT;12689;18;12685;21;;;12723;8;12727;26;;;12706.0;0.0
yf_ZW=F_d4;22800;ASH_COATED_OSMIUM;9947;12;9944;10;;;9953;16;9956;17;;;9950.0;0.0
yf_ZW=F_d4;22800;INTARIAN_PEPPER_ROOT;12705;13;12701;28;;;12711;5;12714;10;;;12708.0;0.0
yf_ZW=F_d4;22900;ASH_COATED_OSMIUM;9947;22;9944;27;;;9953;18;9955;23;;;9950.0;0.0
yf_ZW=F_d4;22900;INTARIAN_PEPPER_ROOT;12704;10;12701;14;;;12713;20;12717;17;;;12708.5;0.0
yf_ZW=F_d4;23000;ASH_COATED_OSMIUM;9947;13;9943;25;;;9954;19;9957;20;;;9950.5;0.0
yf_ZW=F_d4;23000;INTARIAN_PEPPER_ROOT;12706;23;12702;21;;;12712;20;12715;14;;;12709.0;0.0
yf_ZW=F_d4;23100;ASH_COATED_OSMIUM;9947;9;9944;23;;;9953;9;9957;23;;;9950.0;0.0
yf_ZW=F_d4;23100;INTARIAN_PEPPER_ROOT;12699;14;12695;22;;;12722;9;12725;15;;;12710.5;0.0
yf_ZW=F_d4;23200;ASH_COATED_OSMIUM;9945;15;9943;20;;;9954;10;9956;15;;;9949.5;0.0
yf_ZW=F_d4;23200;INTARIAN_PEPPER_ROOT;12708;13;12706;23;;;12714;9;12718;14;;;12711.0;0.0
yf_ZW=F_d4;23300;ASH_COATED_OSMIUM;9947;10;9945;22;;;9953;13;9956;20;;;9950.0;0.0
yf_ZW=F_d4;23300;INTARIAN_PEPPER_ROOT;12709;22;12705;23;;;12715;17;12718;18;;;12712.0;0.0
yf_ZW=F_d4;23400;ASH_COATED_OSMIUM;9947;12;9943;24;;;9953;13;9955;21;;;9950.0;0.0
yf_ZW=F_d4;23400;INTARIAN_PEPPER_ROOT;12710;15;12706;14;;;12716;17;12720;19;;;12713.0;0.0
yf_ZW=F_d4;23500;ASH_COATED_OSMIUM;9947;14;9944;11;;;9953;12;9955;27;;;9950.0;0.0
yf_ZW=F_d4;23500;INTARIAN_PEPPER_ROOT;12703;23;12701;15;;;12725;17;12727;17;;;12714.0;0.0
yf_ZW=F_d4;23600;ASH_COATED_OSMIUM;9948;16;9944;23;;;9954;13;9958;26;;;9951.0;0.0
yf_ZW=F_d4;23600;INTARIAN_PEPPER_ROOT;12712;22;12710;21;;;12718;23;12720;21;;;12715.0;0.0
yf_ZW=F_d4;23700;ASH_COATED_OSMIUM;9947;14;9943;13;;;9953;12;9957;15;;;9950.0;0.0
yf_ZW=F_d4;23700;INTARIAN_PEPPER_ROOT;12708;7;12705;16;;;12724;15;12728;23;;;12716.0;0.0
yf_ZW=F_d4;23800;ASH_COATED_OSMIUM;9946;22;9943;9;;;9952;11;9956;18;;;9949.0;0.0
yf_ZW=F_d4;23800;INTARIAN_PEPPER_ROOT;12714;20;12711;32;;;12720;18;12722;14;;;12717.0;0.0
yf_ZW=F_d4;23900;ASH_COATED_OSMIUM;9947;10;9943;26;;;9953;19;9957;18;;;9950.0;0.0
yf_ZW=F_d4;23900;INTARIAN_PEPPER_ROOT;12707;17;12705;23;;;12727;13;12729;16;;;12717.0;0.0
yf_ZW=F_d4;24000;ASH_COATED_OSMIUM;9947;14;9945;17;;;9953;12;9957;14;;;9950.0;0.0
yf_ZW=F_d4;24000;INTARIAN_PEPPER_ROOT;12707;8;12703;25;;;12732;12;12735;23;;;12719.5;0.0
yf_ZW=F_d4;24100;ASH_COATED_OSMIUM;9947;21;9943;25;;;9953;8;9956;23;;;9950.0;0.0
yf_ZW=F_d4;24100;INTARIAN_PEPPER_ROOT;12711;15;12708;16;;;12730;15;12734;15;;;12720.5;0.0
yf_ZW=F_d4;24200;ASH_COATED_OSMIUM;9944;12;9942;13;;;9955;15;9959;21;;;9949.5;0.0
yf_ZW=F_d4;24200;INTARIAN_PEPPER_ROOT;12718;19;12715;13;;;12724;11;12726;16;;;12721.0;0.0
yf_ZW=F_d4;24300;ASH_COATED_OSMIUM;9946;17;9943;15;;;9952;8;9955;23;;;9949.0;0.0
yf_ZW=F_d4;24300;INTARIAN_PEPPER_ROOT;12719;14;12715;26;;;12725;18;12729;21;;;12722.0;0.0
yf_ZW=F_d4;24400;ASH_COATED_OSMIUM;9946;20;9944;13;;;9952;14;9955;16;;;9949.0;0.0
yf_ZW=F_d4;24400;INTARIAN_PEPPER_ROOT;12720;15;12717;8;;;12727;16;12729;15;;;12723.5;0.0
yf_ZW=F_d4;24500;ASH_COATED_OSMIUM;9946;12;9942;20;;;9952;13;9955;30;;;9949.0;0.0
yf_ZW=F_d4;24500;INTARIAN_PEPPER_ROOT;12703;13;12699;19;;;12745;9;12748;21;;;12724.0;0.0
yf_ZW=F_d4;24600;ASH_COATED_OSMIUM;9946;23;9942;13;;;9952;12;9956;27;;;9949.0;0.0
yf_ZW=F_d4;24600;INTARIAN_PEPPER_ROOT;12722;9;12719;18;;;12728;18;12732;16;;;12725.0;0.0
yf_ZW=F_d4;24700;ASH_COATED_OSMIUM;9942;25;9939;23;;;9955;16;9957;29;;;9948.5;0.0
yf_ZW=F_d4;24700;INTARIAN_PEPPER_ROOT;12723;9;12719;22;;;12729;9;12731;18;;;12726.0;0.0
yf_ZW=F_d4;24800;ASH_COATED_OSMIUM;9946;13;9942;19;;;9952;14;9955;21;;;9949.0;0.0
yf_ZW=F_d4;24800;INTARIAN_PEPPER_ROOT;12724;10;12721;27;;;12730;11;12733;12;;;12727.0;0.0
yf_ZW=F_d4;24900;ASH_COATED_OSMIUM;9946;14;9942;17;;;9952;18;9956;17;;;9949.0;0.0
yf_ZW=F_d4;24900;INTARIAN_PEPPER_ROOT;12720;12;12717;16;;;12736;12;12738;16;;;12728.0;0.0
yf_ZW=F_d4;25000;ASH_COATED_OSMIUM;9931;20;9929;26;;;9966;7;9968;19;;;9948.5;0.0
yf_ZW=F_d4;25000;INTARIAN_PEPPER_ROOT;12716;18;12714;13;;;12741;18;12743;13;;;12728.5;0.0
yf_ZW=F_d4;25100;ASH_COATED_OSMIUM;9942;5;9939;8;;;9955;15;9958;11;;;9948.5;0.0
yf_ZW=F_d4;25100;INTARIAN_PEPPER_ROOT;12725;14;12722;26;;;12734;12;12737;27;;;12729.5;0.0
yf_ZW=F_d4;25200;ASH_COATED_OSMIUM;9939;19;9937;14;;;9958;21;9962;23;;;9948.5;0.0
yf_ZW=F_d4;25200;INTARIAN_PEPPER_ROOT;12728;20;12725;15;;;12734;7;12736;22;;;12731.0;0.0
yf_ZW=F_d4;25300;ASH_COATED_OSMIUM;9945;15;9942;21;;;9951;22;9955;25;;;9948.0;0.0
yf_ZW=F_d4;25300;INTARIAN_PEPPER_ROOT;12728;12;12725;12;;;12736;8;12738;23;;;12732.0;0.0
yf_ZW=F_d4;25400;ASH_COATED_OSMIUM;9946;16;9942;18;;;9952;18;9954;23;;;9949.0;0.0
yf_ZW=F_d4;25400;INTARIAN_PEPPER_ROOT;12729;14;12726;20;;;12735;15;12737;15;;;12732.0;0.0
yf_ZW=F_d4;25500;ASH_COATED_OSMIUM;9945;12;9943;19;;;9951;15;9953;16;;;9948.0;0.0
yf_ZW=F_d4;25500;INTARIAN_PEPPER_ROOT;12731;14;12727;27;;;12737;21;12739;15;;;12734.0;0.0
yf_ZW=F_d4;25600;ASH_COATED_OSMIUM;9946;22;9944;14;;;9952;8;9954;13;;;9949.0;0.0
yf_ZW=F_d4;25600;INTARIAN_PEPPER_ROOT;12731;19;12728;15;;;12737;16;12740;18;;;12734.0;0.0
yf_ZW=F_d4;25700;ASH_COATED_OSMIUM;9946;22;9944;28;;;9952;19;9956;22;;;9949.0;0.0
yf_ZW=F_d4;25700;INTARIAN_PEPPER_ROOT;12732;9;12729;20;;;12738;12;12741;26;;;12735.0;0.0
yf_ZW=F_d4;25800;ASH_COATED_OSMIUM;9943;12;9940;21;;;9954;5;9957;23;;;9948.5;0.0
yf_ZW=F_d4;25800;INTARIAN_PEPPER_ROOT;12731;9;12728;24;;;12742;14;12744;20;;;12736.5;0.0
yf_ZW=F_d4;25900;ASH_COATED_OSMIUM;9935;6;9933;16;;;9962;15;9966;22;;;9948.5;0.0
yf_ZW=F_d4;25900;INTARIAN_PEPPER_ROOT;12732;26;12728;13;;;12742;13;12745;21;;;12737.0;0.0
yf_ZW=F_d4;26000;ASH_COATED_OSMIUM;9944;9;9941;14;;;9953;7;9957;18;;;9948.5;0.0
yf_ZW=F_d4;26000;INTARIAN_PEPPER_ROOT;12734;10;12731;15;;;12743;19;12747;18;;;12738.5;0.0
yf_ZW=F_d4;26100;ASH_COATED_OSMIUM;9945;14;9942;29;;;9951;15;9955;20;;;9948.0;0.0
yf_ZW=F_d4;26100;INTARIAN_PEPPER_ROOT;12734;5;12731;21;;;12747;18;12750;30;;;12740.5;0.0
yf_ZW=F_d4;26200;ASH_COATED_OSMIUM;9945;18;9943;17;;;9951;15;9955;16;;;9948.0;0.0
yf_ZW=F_d4;26200;INTARIAN_PEPPER_ROOT;12735;12;12733;24;;;12747;10;12749;22;;;12741.0;0.0
yf_ZW=F_d4;26300;ASH_COATED_OSMIUM;9945;9;9941;23;;;9951;19;9955;15;;;9948.0;0.0
yf_ZW=F_d4;26300;INTARIAN_PEPPER_ROOT;12738;16;12736;15;;;12744;19;12747;21;;;12741.0;0.0
yf_ZW=F_d4;26400;ASH_COATED_OSMIUM;9945;11;9941;21;;;9951;15;9953;23;;;9948.0;0.0
yf_ZW=F_d4;26400;INTARIAN_PEPPER_ROOT;12739;12;12735;17;;;12745;12;12749;13;;;12742.0;0.0
yf_ZW=F_d4;26500;ASH_COATED_OSMIUM;9933;13;9929;12;;;9963;22;9965;17;;;9948.0;0.0
yf_ZW=F_d4;26500;INTARIAN_PEPPER_ROOT;12740;11;12738;29;;;12746;13;12748;21;;;12743.0;0.0
yf_ZW=F_d4;26600;ASH_COATED_OSMIUM;9944;21;9942;25;;;9950;19;9952;22;;;9947.0;0.0
yf_ZW=F_d4;26600;INTARIAN_PEPPER_ROOT;12742;7;12740;21;;;12748;17;12752;14;;;12745.0;0.0
yf_ZW=F_d4;26700;ASH_COATED_OSMIUM;9945;8;9942;23;;;9951;18;9954;16;;;9948.0;0.0
yf_ZW=F_d4;26700;INTARIAN_PEPPER_ROOT;12739;6;12737;20;;;12752;14;12756;16;;;12745.5;0.0
yf_ZW=F_d4;26800;ASH_COATED_OSMIUM;9944;9;9941;23;;;9950;7;9952;25;;;9947.0;0.0
yf_ZW=F_d4;26800;INTARIAN_PEPPER_ROOT;12743;8;12740;26;;;12749;14;12753;20;;;12746.0;0.0
yf_ZW=F_d4;26900;ASH_COATED_OSMIUM;9944;5;9942;17;;;9950;11;9953;17;;;9947.0;0.0
yf_ZW=F_d4;26900;INTARIAN_PEPPER_ROOT;12742;15;12739;22;;;12752;16;12756;15;;;12747.0;0.0
yf_ZW=F_d4;27000;ASH_COATED_OSMIUM;9944;13;9942;16;;;9951;12;9955;17;;;9947.5;0.0
yf_ZW=F_d4;27000;INTARIAN_PEPPER_ROOT;12745;15;12742;25;;;12751;11;12755;18;;;12748.0;0.0
yf_ZW=F_d4;27100;ASH_COATED_OSMIUM;9944;24;9940;20;;;9950;14;9954;20;;;9947.0;0.0
yf_ZW=F_d4;27100;INTARIAN_PEPPER_ROOT;12744;16;12742;23;;;12754;10;12757;8;;;12749.0;0.0
yf_ZW=F_d4;27200;ASH_COATED_OSMIUM;9941;9;9937;15;;;9953;8;9955;20;;;9947.0;0.0
yf_ZW=F_d4;27200;INTARIAN_PEPPER_ROOT;12747;14;12745;20;;;12753;16;12756;24;;;12750.0;0.0
yf_ZW=F_d4;27300;ASH_COATED_OSMIUM;9943;13;9939;20;;;9950;20;9953;21;;;9946.5;0.0
yf_ZW=F_d4;27300;INTARIAN_PEPPER_ROOT;12745;5;12742;14;;;12757;11;12761;21;;;12751.0;0.0
yf_ZW=F_d4;27400;ASH_COATED_OSMIUM;9944;10;9940;27;;;9950;14;9953;17;;;9947.0;0.0
yf_ZW=F_d4;27400;INTARIAN_PEPPER_ROOT;12749;6;12747;16;;;12755;13;12759;20;;;12752.0;0.0
yf_ZW=F_d4;27500;ASH_COATED_OSMIUM;9944;16;9941;19;;;9950;14;9953;28;;;9947.0;0.0
yf_ZW=F_d4;27500;INTARIAN_PEPPER_ROOT;12750;18;12747;21;;;12756;14;12760;18;;;12753.0;0.0
yf_ZW=F_d4;27600;ASH_COATED_OSMIUM;9944;10;9941;20;;;9950;17;9954;18;;;9947.0;0.0
yf_ZW=F_d4;27600;INTARIAN_PEPPER_ROOT;12751;16;12749;8;;;12757;13;12761;23;;;12754.0;0.0
yf_ZW=F_d4;27700;ASH_COATED_OSMIUM;9944;11;9942;24;;;9950;15;9954;22;;;9947.0;0.0
yf_ZW=F_d4;27700;INTARIAN_PEPPER_ROOT;12750;9;12747;12;;;12760;17;12762;15;;;12755.0;0.0
yf_ZW=F_d4;27800;ASH_COATED_OSMIUM;9939;15;9937;22;;;9954;16;9956;25;;;9946.5;0.0
yf_ZW=F_d4;27800;INTARIAN_PEPPER_ROOT;12747;13;12743;20;;;12764;21;12767;17;;;12755.5;0.0
yf_ZW=F_d4;27900;ASH_COATED_OSMIUM;9944;10;9940;15;;;9950;8;9953;23;;;9947.0;0.0
yf_ZW=F_d4;27900;INTARIAN_PEPPER_ROOT;12754;13;12752;21;;;12760;20;12764;18;;;12757.0;0.0
yf_ZW=F_d4;28000;ASH_COATED_OSMIUM;9940;14;9936;17;;;9952;13;9955;19;;;9946.0;0.0
yf_ZW=F_d4;28000;INTARIAN_PEPPER_ROOT;12754;11;12751;25;;;12762;5;12765;14;;;12758.0;0.0
yf_ZW=F_d4;28100;ASH_COATED_OSMIUM;9942;13;9940;19;;;9951;19;9955;18;;;9946.5;0.0
yf_ZW=F_d4;28100;INTARIAN_PEPPER_ROOT;12756;22;12752;21;;;12762;14;12766;17;;;12759.0;0.0
yf_ZW=F_d4;28200;ASH_COATED_OSMIUM;9942;15;9940;27;;;9950;13;9953;18;;;9946.0;0.0
yf_ZW=F_d4;28200;INTARIAN_PEPPER_ROOT;12757;22;12753;28;;;12763;23;12767;18;;;12760.0;0.0
yf_ZW=F_d4;28300;ASH_COATED_OSMIUM;9943;11;9940;16;;;9949;5;9953;25;;;9946.0;0.0
yf_ZW=F_d4;28300;INTARIAN_PEPPER_ROOT;12757;14;12754;14;;;12764;8;12766;25;;;12760.5;0.0
yf_ZW=F_d4;28400;ASH_COATED_OSMIUM;9943;7;9941;17;;;9949;12;9953;28;;;9946.0;0.0
yf_ZW=F_d4;28400;INTARIAN_PEPPER_ROOT;12758;7;12755;26;;;12765;12;12767;11;;;12761.5;0.0
yf_ZW=F_d4;28500;ASH_COATED_OSMIUM;9943;9;9941;20;;;9949;15;9953;18;;;9946.0;0.0
yf_ZW=F_d4;28500;INTARIAN_PEPPER_ROOT;12760;18;12757;18;;;12766;13;12769;16;;;12763.0;0.0
yf_ZW=F_d4;28600;ASH_COATED_OSMIUM;9943;22;9941;11;;;9949;17;9951;17;;;9946.0;0.0
yf_ZW=F_d4;28600;INTARIAN_PEPPER_ROOT;12761;13;12758;21;;;12767;15;12769;18;;;12764.0;0.0
yf_ZW=F_d4;28700;ASH_COATED_OSMIUM;9943;10;9939;12;;;9949;11;9951;24;;;9946.0;0.0
yf_ZW=F_d4;28700;INTARIAN_PEPPER_ROOT;12760;13;12757;17;;;12771;16;12774;25;;;12765.5;0.0
yf_ZW=F_d4;28800;ASH_COATED_OSMIUM;9940;13;9937;17;;;9951;15;9955;23;;;9945.5;0.0
yf_ZW=F_d4;28800;INTARIAN_PEPPER_ROOT;12752;27;12749;21;;;12780;21;12782;28;;;12766.0;0.0
yf_ZW=F_d4;28900;ASH_COATED_OSMIUM;9939;12;9937;18;;;9953;11;9955;18;;;9946.0;0.0
yf_ZW=F_d4;28900;INTARIAN_PEPPER_ROOT;12764;8;12762;16;;;12770;11;12773;17;;;12767.0;0.0
yf_ZW=F_d4;29000;ASH_COATED_OSMIUM;9943;21;9941;18;;;9949;17;9952;21;;;9946.0;0.0
yf_ZW=F_d4;29000;INTARIAN_PEPPER_ROOT;12764;20;12760;22;;;12772;11;12776;22;;;12768.0;0.0
yf_ZW=F_d4;29100;ASH_COATED_OSMIUM;9940;9;9937;22;;;9951;14;9953;15;;;9945.5;0.0
yf_ZW=F_d4;29100;INTARIAN_PEPPER_ROOT;12765;12;12762;27;;;12773;8;12777;15;;;12769.0;0.0
yf_ZW=F_d4;29200;ASH_COATED_OSMIUM;9943;19;9939;22;;;9949;17;9951;20;;;9946.0;0.0
yf_ZW=F_d4;29200;INTARIAN_PEPPER_ROOT;12767;10;12765;23;;;12773;11;12777;16;;;12770.0;0.0
yf_ZW=F_d4;29300;ASH_COATED_OSMIUM;9939;14;9935;23;;;9954;13;9957;24;;;9946.5;0.0
yf_ZW=F_d4;29300;INTARIAN_PEPPER_ROOT;12767;14;12764;16;;;12775;14;12778;30;;;12771.0;0.0
yf_ZW=F_d4;29400;ASH_COATED_OSMIUM;9931;19;9927;23;;;9960;9;9964;14;;;9945.5;0.0
yf_ZW=F_d4;29400;INTARIAN_PEPPER_ROOT;12769;12;12767;20;;;12775;15;12778;19;;;12772.0;0.0
yf_ZW=F_d4;29500;ASH_COATED_OSMIUM;9942;19;9939;15;;;9948;19;9950;24;;;9945.0;0.0
yf_ZW=F_d4;29500;INTARIAN_PEPPER_ROOT;12766;5;12764;25;;;12780;12;12783;17;;;12773.0;0.0
yf_ZW=F_d4;29600;ASH_COATED_OSMIUM;9942;19;9939;17;;;9948;11;9952;19;;;9945.0;0.0
yf_ZW=F_d4;29600;INTARIAN_PEPPER_ROOT;12771;12;12769;22;;;12777;18;12780;14;;;12774.0;0.0
yf_ZW=F_d4;29700;ASH_COATED_OSMIUM;9942;13;9940;19;;;9948;16;9951;16;;;9945.0;0.0
yf_ZW=F_d4;29700;INTARIAN_PEPPER_ROOT;12765;12;12762;12;;;12783;20;12787;16;;;12774.0;0.0
yf_ZW=F_d4;29800;ASH_COATED_OSMIUM;9942;6;9938;25;;;9948;14;9950;16;;;9945.0;0.0
yf_ZW=F_d4;29800;INTARIAN_PEPPER_ROOT;12767;16;12765;23;;;12783;8;12785;20;;;12775.0;0.0
yf_ZW=F_d4;29900;ASH_COATED_OSMIUM;9942;12;9939;18;;;9948;25;9951;21;;;9945.0;0.0
yf_ZW=F_d4;29900;INTARIAN_PEPPER_ROOT;12773;8;12769;18;;;12779;18;12782;13;;;12776.0;0.0
yf_ZW=F_d4;30000;ASH_COATED_OSMIUM;9942;8;9939;19;;;9948;13;9952;16;;;9945.0;0.0
yf_ZW=F_d4;30000;INTARIAN_PEPPER_ROOT;12774;14;12771;17;;;12780;9;12783;19;;;12777.0;0.0
yf_ZW=F_d4;30100;ASH_COATED_OSMIUM;9939;10;9936;20;;;9951;27;9953;24;;;9945.0;0.0
yf_ZW=F_d4;30100;INTARIAN_PEPPER_ROOT;12773;15;12771;28;;;12784;20;12786;21;;;12778.5;0.0
yf_ZW=F_d4;30200;ASH_COATED_OSMIUM;9938;16;9935;19;;;9952;9;9956;22;;;9945.0;0.0
yf_ZW=F_d4;30200;INTARIAN_PEPPER_ROOT;12777;18;12773;18;;;12783;5;12786;13;;;12780.0;0.0
yf_ZW=F_d4;30300;ASH_COATED_OSMIUM;9941;12;9939;20;;;9950;10;9954;18;;;9945.5;0.0
yf_ZW=F_d4;30300;INTARIAN_PEPPER_ROOT;12777;14;12773;19;;;12783;18;12787;21;;;12780.0;0.0
yf_ZW=F_d4;30400;ASH_COATED_OSMIUM;9942;20;9940;17;;;9948;30;9951;13;;;9945.0;0.0
yf_ZW=F_d4;30400;INTARIAN_PEPPER_ROOT;12778;9;12774;19;;;12784;11;12788;16;;;12781.0;0.0
yf_ZW=F_d4;30500;ASH_COATED_OSMIUM;9936;16;9933;14;;;9954;13;9957;18;;;9945.0;0.0
yf_ZW=F_d4;30500;INTARIAN_PEPPER_ROOT;12774;21;12771;22;;;12790;17;12794;22;;;12782.0;0.0
yf_ZW=F_d4;30600;ASH_COATED_OSMIUM;9942;14;9940;21;;;9948;13;9951;16;;;9945.0;0.0
yf_ZW=F_d4;30600;INTARIAN_PEPPER_ROOT;12777;9;12773;21;;;12790;19;12794;17;;;12783.5;0.0
yf_ZW=F_d4;30700;ASH_COATED_OSMIUM;9936;17;9933;17;;;9955;8;9958;17;;;9945.5;0.0
yf_ZW=F_d4;30700;INTARIAN_PEPPER_ROOT;12768;15;12766;21;;;12801;26;12803;19;;;12784.5;0.0
yf_ZW=F_d4;30800;ASH_COATED_OSMIUM;9941;16;9939;14;;;9948;16;9950;15;;;9944.5;0.0
yf_ZW=F_d4;30800;INTARIAN_PEPPER_ROOT;12781;21;12777;17;;;12788;19;12791;18;;;12784.5;0.0
yf_ZW=F_d4;30900;ASH_COATED_OSMIUM;9941;9;9939;18;;;9947;16;9949;12;;;9944.0;0.0
yf_ZW=F_d4;30900;INTARIAN_PEPPER_ROOT;12779;10;12777;12;;;12793;7;12796;18;;;12786.0;0.0
yf_ZW=F_d4;31000;ASH_COATED_OSMIUM;9941;8;9938;8;;;9947;18;9950;20;;;9944.0;0.0
yf_ZW=F_d4;31000;INTARIAN_PEPPER_ROOT;12784;18;12782;23;;;12790;18;12792;18;;;12787.0;0.0
yf_ZW=F_d4;31100;ASH_COATED_OSMIUM;9941;14;9938;19;;;9949;15;9952;25;;;9945.0;0.0
yf_ZW=F_d4;31100;INTARIAN_PEPPER_ROOT;12785;15;12782;25;;;12791;21;12794;27;;;12788.0;0.0
yf_ZW=F_d4;31200;ASH_COATED_OSMIUM;9942;20;9940;29;;;9948;13;9952;28;;;9945.0;0.0
yf_ZW=F_d4;31200;INTARIAN_PEPPER_ROOT;12785;21;12782;34;;;12794;14;12797;21;;;12789.5;0.0
yf_ZW=F_d4;31300;ASH_COATED_OSMIUM;9941;21;9937;20;;;9947;7;9951;20;;;9944.0;0.0
yf_ZW=F_d4;31300;INTARIAN_PEPPER_ROOT;12787;19;12784;14;;;12793;13;12797;15;;;12790.0;0.0
yf_ZW=F_d4;31400;ASH_COATED_OSMIUM;9941;15;9939;10;;;9947;16;9949;30;;;9944.0;0.0
yf_ZW=F_d4;31400;INTARIAN_PEPPER_ROOT;12782;10;12779;16;;;12800;13;12802;21;;;12791.0;0.0
yf_ZW=F_d4;31500;ASH_COATED_OSMIUM;9931;5;9929;22;;;9958;14;9960;17;;;9944.5;0.0
yf_ZW=F_d4;31500;INTARIAN_PEPPER_ROOT;12786;15;12782;24;;;12799;19;12802;23;;;12792.5;0.0
yf_ZW=F_d4;31600;ASH_COATED_OSMIUM;9940;10;9938;13;;;9949;10;9951;21;;;9944.5;0.0
yf_ZW=F_d4;31600;INTARIAN_PEPPER_ROOT;12784;14;12781;20;;;12802;21;12805;8;;;12793.0;0.0
yf_ZW=F_d4;31700;ASH_COATED_OSMIUM;9926;6;9924;21;;;9961;20;9963;16;;;9943.5;0.0
yf_ZW=F_d4;31700;INTARIAN_PEPPER_ROOT;12783;18;12780;20;;;12806;16;12810;18;;;12794.5;0.0
yf_ZW=F_d4;31800;ASH_COATED_OSMIUM;9941;15;9937;15;;;9947;21;9949;28;;;9944.0;0.0
yf_ZW=F_d4;31800;INTARIAN_PEPPER_ROOT;12789;21;12787;20;;;12801;13;12804;15;;;12795.0;0.0
yf_ZW=F_d4;31900;ASH_COATED_OSMIUM;9940;13;9936;19;;;9946;22;9949;22;;;9943.0;0.0
yf_ZW=F_d4;31900;INTARIAN_PEPPER_ROOT;12793;5;12790;19;;;12799;21;12801;23;;;12796.0;0.0
yf_ZW=F_d4;32000;ASH_COATED_OSMIUM;9936;13;9932;24;;;9952;8;9956;30;;;9944.0;0.0
yf_ZW=F_d4;32000;INTARIAN_PEPPER_ROOT;12790;17;12786;17;;;12803;18;12805;27;;;12796.5;0.0
yf_ZW=F_d4;32100;ASH_COATED_OSMIUM;9937;14;9933;23;;;9950;9;9954;17;;;9943.5;0.0
yf_ZW=F_d4;32100;INTARIAN_PEPPER_ROOT;12796;17;12792;27;;;12802;10;12805;21;;;12799.0;0.0
yf_ZW=F_d4;32200;ASH_COATED_OSMIUM;9941;12;9938;20;;;9947;13;9951;18;;;9944.0;0.0
yf_ZW=F_d4;32200;INTARIAN_PEPPER_ROOT;12792;15;12790;12;;;12806;20;12810;28;;;12799.0;0.0
yf_ZW=F_d4;32300;ASH_COATED_OSMIUM;9939;7;9936;15;;;9948;24;9952;11;;;9943.5;0.0
yf_ZW=F_d4;32300;INTARIAN_PEPPER_ROOT;12796;12;12792;18;;;12802;11;12804;8;;;12799.0;0.0
yf_ZW=F_d4;32400;ASH_COATED_OSMIUM;9940;14;9937;16;;;9946;14;9949;14;;;9943.0;0.0
yf_ZW=F_d4;32400;INTARIAN_PEPPER_ROOT;12796;11;12794;16;;;12806;14;12809;16;;;12801.0;0.0
yf_ZW=F_d4;32500;ASH_COATED_OSMIUM;9940;18;9936;28;;;9946;10;9950;15;;;9943.0;0.0
yf_ZW=F_d4;32500;INTARIAN_PEPPER_ROOT;12799;14;12796;21;;;12805;28;12809;17;;;12802.0;0.0
yf_ZW=F_d4;32600;ASH_COATED_OSMIUM;9929;10;9926;26;;;9957;13;9960;22;;;9943.0;0.0
yf_ZW=F_d4;32600;INTARIAN_PEPPER_ROOT;12800;5;12796;13;;;12806;11;12808;11;;;12803.0;0.0
yf_ZW=F_d4;32700;ASH_COATED_OSMIUM;9940;23;9938;27;;;9946;11;9950;18;;;9943.0;0.0
yf_ZW=F_d4;32700;INTARIAN_PEPPER_ROOT;12800;12;12798;25;;;12806;13;12810;17;;;12803.0;0.0
yf_ZW=F_d4;32800;ASH_COATED_OSMIUM;9940;17;9937;27;;;9946;17;9949;15;;;9943.0;0.0
yf_ZW=F_d4;32800;INTARIAN_PEPPER_ROOT;12801;10;12799;15;;;12809;20;12812;20;;;12805.0;0.0
yf_ZW=F_d4;32900;ASH_COATED_OSMIUM;9935;13;9931;27;;;9952;13;9954;14;;;9943.5;0.0
yf_ZW=F_d4;32900;INTARIAN_PEPPER_ROOT;12801;9;12799;29;;;12810;30;12814;22;;;12805.5;0.0
yf_ZW=F_d4;33000;ASH_COATED_OSMIUM;9936;11;9933;23;;;9949;16;9952;15;;;9942.5;0.0
yf_ZW=F_d4;33000;INTARIAN_PEPPER_ROOT;12804;11;12801;23;;;12810;22;12813;18;;;12807.0;0.0
yf_ZW=F_d4;33100;ASH_COATED_OSMIUM;9940;11;9937;20;;;9946;18;9949;19;;;9943.0;0.0
yf_ZW=F_d4;33100;INTARIAN_PEPPER_ROOT;12805;15;12801;23;;;12811;9;12815;12;;;12808.0;0.0
yf_ZW=F_d4;33200;ASH_COATED_OSMIUM;9923;17;9919;16;;;9963;20;9966;27;;;9943.0;0.0
yf_ZW=F_d4;33200;INTARIAN_PEPPER_ROOT;12805;11;12803;15;;;12811;19;12813;18;;;12808.0;0.0
yf_ZW=F_d4;33300;ASH_COATED_OSMIUM;9938;14;9936;17;;;9948;17;9951;16;;;9943.0;0.0
yf_ZW=F_d4;33300;INTARIAN_PEPPER_ROOT;12806;11;12803;21;;;12812;5;12815;26;;;12809.0;0.0
yf_ZW=F_d4;33400;ASH_COATED_OSMIUM;9939;15;9935;19;;;9945;17;9948;20;;;9942.0;0.0
yf_ZW=F_d4;33400;INTARIAN_PEPPER_ROOT;12804;13;12801;22;;;12817;14;12820;20;;;12810.5;0.0
yf_ZW=F_d4;33500;ASH_COATED_OSMIUM;9939;15;9935;8;;;9945;14;9947;10;;;9942.0;0.0
yf_ZW=F_d4;33500;INTARIAN_PEPPER_ROOT;12808;6;12805;16;;;12814;5;12817;20;;;12811.0;0.0
yf_ZW=F_d4;33600;ASH_COATED_OSMIUM;9939;12;9936;21;;;9945;14;9948;14;;;9942.0;0.0
yf_ZW=F_d4;33600;INTARIAN_PEPPER_ROOT;12810;5;12806;12;;;12816;9;12820;20;;;12813.0;0.0
yf_ZW=F_d4;33700;ASH_COATED_OSMIUM;9939;10;9936;26;;;9945;8;9948;9;;;9942.0;0.0
yf_ZW=F_d4;33700;INTARIAN_PEPPER_ROOT;12811;17;12807;19;;;12817;20;12820;18;;;12814.0;0.0
yf_ZW=F_d4;33800;ASH_COATED_OSMIUM;9932;17;9930;22;;;9953;20;9956;22;;;9942.5;0.0
yf_ZW=F_d4;33800;INTARIAN_PEPPER_ROOT;12810;16;12806;20;;;12818;7;12821;21;;;12814.0;0.0
yf_ZW=F_d4;33900;ASH_COATED_OSMIUM;9923;14;9919;14;;;9960;13;9964;20;;;9941.5;0.0
yf_ZW=F_d4;33900;INTARIAN_PEPPER_ROOT;12811;15;12807;18;;;12820;16;12822;19;;;12815.5;0.0
yf_ZW=F_d4;34000;ASH_COATED_OSMIUM;9937;15;9933;21;;;9948;14;9951;19;;;9942.5;0.0
yf_ZW=F_d4;34000;INTARIAN_PEPPER_ROOT;12812;11;12810;20;;;12821;14;12823;27;;;12816.5;0.0
yf_ZW=F_d4;34100;ASH_COATED_OSMIUM;9939;19;9935;26;;;9945;21;9949;19;;;9942.0;0.0
yf_ZW=F_d4;34100;INTARIAN_PEPPER_ROOT;12814;11;12811;14;;;12821;9;12825;19;;;12817.5;0.0
yf_ZW=F_d4;34200;ASH_COATED_OSMIUM;9940;20;9937;26;;;9946;11;9948;19;;;9943.0;0.0
yf_ZW=F_d4;34200;INTARIAN_PEPPER_ROOT;12816;16;12814;14;;;12822;21;12824;12;;;12819.0;0.0
yf_ZW=F_d4;34300;ASH_COATED_OSMIUM;9939;11;9935;18;;;9947;16;9949;29;;;9943.0;0.0
yf_ZW=F_d4;34300;INTARIAN_PEPPER_ROOT;12817;15;12813;20;;;12823;24;12826;26;;;12820.0;0.0
yf_ZW=F_d4;34400;ASH_COATED_OSMIUM;9939;7;9937;30;;;9946;21;9950;20;;;9942.5;0.0
yf_ZW=F_d4;34400;INTARIAN_PEPPER_ROOT;12817;21;12815;27;;;12825;15;12828;21;;;12821.0;0.0
yf_ZW=F_d4;34500;ASH_COATED_OSMIUM;9940;14;9936;16;;;9946;12;9950;20;;;9943.0;0.0
yf_ZW=F_d4;34500;INTARIAN_PEPPER_ROOT;12819;23;12816;20;;;12825;23;12828;24;;;12822.0;0.0
yf_ZW=F_d4;34600;ASH_COATED_OSMIUM;9940;15;9937;19;;;9946;5;9950;23;;;9943.0;0.0
yf_ZW=F_d4;34600;INTARIAN_PEPPER_ROOT;12820;24;12816;16;;;12826;13;12829;19;;;12823.0;0.0
yf_ZW=F_d4;34700;ASH_COATED_OSMIUM;9930;12;9927;21;;;9957;11;9961;24;;;9943.5;0.0
yf_ZW=F_d4;34700;INTARIAN_PEPPER_ROOT;12817;16;12815;20;;;12831;7;12835;25;;;12824.0;0.0
yf_ZW=F_d4;34800;ASH_COATED_OSMIUM;9940;5;9937;21;;;9947;18;9949;24;;;9943.5;0.0
yf_ZW=F_d4;34800;INTARIAN_PEPPER_ROOT;12822;13;12818;15;;;12828;8;12831;17;;;12825.0;0.0
yf_ZW=F_d4;34900;ASH_COATED_OSMIUM;9940;17;9938;13;;;9946;11;9949;25;;;9943.0;0.0
yf_ZW=F_d4;34900;INTARIAN_PEPPER_ROOT;12819;10;12815;20;;;12833;15;12835;17;;;12826.0;0.0
yf_ZW=F_d4;35000;ASH_COATED_OSMIUM;9939;10;9935;27;;;9948;19;9951;26;;;9943.5;0.0
yf_ZW=F_d4;35000;INTARIAN_PEPPER_ROOT;12824;15;12821;28;;;12830;14;12833;19;;;12827.0;0.0
yf_ZW=F_d4;35100;ASH_COATED_OSMIUM;9933;18;9931;26;;;9953;15;9955;17;;;9943.0;0.0
yf_ZW=F_d4;35100;INTARIAN_PEPPER_ROOT;12825;13;12821;18;;;12831;14;12834;14;;;12828.0;0.0
yf_ZW=F_d4;35200;ASH_COATED_OSMIUM;9941;17;9937;14;;;9947;14;9951;16;;;9944.0;0.0
yf_ZW=F_d4;35200;INTARIAN_PEPPER_ROOT;12827;20;12824;30;;;12833;22;12837;20;;;12830.0;0.0
yf_ZW=F_d4;35300;ASH_COATED_OSMIUM;9938;16;9936;24;;;9949;27;9953;23;;;9943.5;0.0
yf_ZW=F_d4;35300;INTARIAN_PEPPER_ROOT;12828;18;12824;23;;;12834;19;12838;21;;;12831.0;0.0
yf_ZW=F_d4;35400;ASH_COATED_OSMIUM;9939;17;9937;16;;;9947;14;9951;20;;;9943.0;0.0
yf_ZW=F_d4;35400;INTARIAN_PEPPER_ROOT;12827;11;12824;13;;;12836;16;12838;14;;;12831.5;0.0
yf_ZW=F_d4;35500;ASH_COATED_OSMIUM;9939;25;9937;24;;;9948;10;9951;16;;;9943.5;0.0
yf_ZW=F_d4;35500;INTARIAN_PEPPER_ROOT;12830;12;12828;9;;;12836;17;12839;25;;;12833.0;0.0
yf_ZW=F_d4;35600;ASH_COATED_OSMIUM;9941;12;9938;27;;;9947;14;9950;24;;;9944.0;0.0
yf_ZW=F_d4;35600;INTARIAN_PEPPER_ROOT;12831;18;12828;18;;;12837;19;12840;17;;;12834.0;0.0
yf_ZW=F_d4;35700;ASH_COATED_OSMIUM;9940;13;9936;20;;;9948;14;9952;17;;;9944.0;0.0
yf_ZW=F_d4;35700;INTARIAN_PEPPER_ROOT;12828;24;12825;30;;;12842;14;12845;21;;;12835.0;0.0
yf_ZW=F_d4;35800;ASH_COATED_OSMIUM;9941;15;9937;22;;;9947;6;9950;13;;;9944.0;0.0
yf_ZW=F_d4;35800;INTARIAN_PEPPER_ROOT;12832;15;12828;16;;;12839;14;12841;20;;;12835.5;0.0
yf_ZW=F_d4;35900;ASH_COATED_OSMIUM;9940;14;9937;25;;;9948;16;9950;32;;;9944.0;0.0
yf_ZW=F_d4;35900;INTARIAN_PEPPER_ROOT;12834;15;12831;12;;;12840;25;12843;15;;;12837.0;0.0
yf_ZW=F_d4;36000;ASH_COATED_OSMIUM;9941;17;9938;13;;;9947;18;9951;26;;;9944.0;0.0
yf_ZW=F_d4;36000;INTARIAN_PEPPER_ROOT;12836;10;12832;27;;;12842;15;12844;26;;;12839.0;0.0
yf_ZW=F_d4;36100;ASH_COATED_OSMIUM;9940;18;9936;21;;;9948;23;9950;19;;;9944.0;0.0
yf_ZW=F_d4;36100;INTARIAN_PEPPER_ROOT;12837;12;12833;21;;;12843;5;12846;12;;;12840.0;0.0
yf_ZW=F_d4;36200;ASH_COATED_OSMIUM;9942;18;9938;17;;;9948;21;9952;21;;;9945.0;0.0
yf_ZW=F_d4;36200;INTARIAN_PEPPER_ROOT;12834;25;12832;21;;;12848;10;12851;21;;;12841.0;0.0
yf_ZW=F_d4;36300;ASH_COATED_OSMIUM;9918;16;9914;16;;;9972;15;9976;20;;;9945.0;0.0
yf_ZW=F_d4;36300;INTARIAN_PEPPER_ROOT;12839;20;12837;13;;;12845;16;12847;22;;;12842.0;0.0
yf_ZW=F_d4;36400;ASH_COATED_OSMIUM;9938;16;9936;20;;;9951;17;9955;10;;;9944.5;0.0
yf_ZW=F_d4;36400;INTARIAN_PEPPER_ROOT;12836;25;12834;20;;;12850;9;12854;27;;;12843.0;0.0
yf_ZW=F_d4;36500;ASH_COATED_OSMIUM;9942;16;9940;17;;;9948;16;9950;22;;;9945.0;0.0
yf_ZW=F_d4;36500;INTARIAN_PEPPER_ROOT;12837;11;12833;23;;;12850;12;12854;8;;;12843.5;0.0
yf_ZW=F_d4;36600;ASH_COATED_OSMIUM;9942;19;9940;21;;;9948;16;9951;24;;;9945.0;0.0
yf_ZW=F_d4;36600;INTARIAN_PEPPER_ROOT;12842;16;12839;24;;;12849;12;12851;21;;;12845.5;0.0
yf_ZW=F_d4;36700;ASH_COATED_OSMIUM;9941;16;9939;13;;;9948;16;9951;16;;;9944.5;0.0
yf_ZW=F_d4;36700;INTARIAN_PEPPER_ROOT;12843;14;12839;19;;;12849;11;12851;8;;;12846.0;0.0
yf_ZW=F_d4;36800;ASH_COATED_OSMIUM;9942;10;9939;25;;;9948;18;9950;19;;;9945.0;0.0
yf_ZW=F_d4;36800;INTARIAN_PEPPER_ROOT;12843;14;12840;21;;;12849;21;12852;18;;;12846.0;0.0
yf_ZW=F_d4;36900;ASH_COATED_OSMIUM;9942;17;9940;16;;;9948;10;9952;20;;;9945.0;0.0
yf_ZW=F_d4;36900;INTARIAN_PEPPER_ROOT;12845;13;12841;28;;;12851;15;12855;15;;;12848.0;0.0
yf_ZW=F_d4;37000;ASH_COATED_OSMIUM;9934;13;9931;23;;;9956;16;9959;25;;;9945.0;0.0
yf_ZW=F_d4;37000;INTARIAN_PEPPER_ROOT;12847;16;12844;17;;;12853;12;12857;23;;;12850.0;0.0
yf_ZW=F_d4;37100;ASH_COATED_OSMIUM;9940;10;9937;21;;;9952;17;9954;30;;;9946.0;0.0
yf_ZW=F_d4;37100;INTARIAN_PEPPER_ROOT;12847;16;12844;15;;;12853;21;12857;27;;;12850.0;0.0
yf_ZW=F_d4;37200;ASH_COATED_OSMIUM;9942;18;9940;20;;;9948;11;9951;16;;;9945.0;0.0
yf_ZW=F_d4;37200;INTARIAN_PEPPER_ROOT;12848;13;12846;17;;;12854;9;12858;12;;;12851.0;0.0
yf_ZW=F_d4;37300;ASH_COATED_OSMIUM;9936;10;9934;14;;;9955;12;9959;17;;;9945.5;0.0
yf_ZW=F_d4;37300;INTARIAN_PEPPER_ROOT;12850;20;12848;21;;;12856;15;12858;26;;;12853.0;0.0
yf_ZW=F_d4;37400;ASH_COATED_OSMIUM;9942;16;9940;18;;;9948;15;9952;25;;;9945.0;0.0
yf_ZW=F_d4;37400;INTARIAN_PEPPER_ROOT;12850;14;12847;25;;;12856;15;12859;23;;;12853.0;0.0
yf_ZW=F_d4;37500;ASH_COATED_OSMIUM;9943;13;9941;23;;;9949;24;9951;24;;;9946.0;0.0
yf_ZW=F_d4;37500;INTARIAN_PEPPER_ROOT;12850;17;12846;17;;;12860;13;12863;22;;;12855.0;0.0
yf_ZW=F_d4;37600;ASH_COATED_OSMIUM;9943;16;9941;22;;;9949;13;9953;13;;;9946.0;0.0
yf_ZW=F_d4;37600;INTARIAN_PEPPER_ROOT;12852;20;12849;21;;;12860;15;12863;27;;;12856.0;0.0
yf_ZW=F_d4;37700;ASH_COATED_OSMIUM;9943;13;9941;21;;;9949;14;9952;16;;;9946.0;0.0
yf_ZW=F_d4;37700;INTARIAN_PEPPER_ROOT;12854;10;12850;19;;;12860;24;12863;22;;;12857.0;0.0
yf_ZW=F_d4;37800;ASH_COATED_OSMIUM;9943;12;9941;11;;;9949;18;9952;18;;;9946.0;0.0
yf_ZW=F_d4;37800;INTARIAN_PEPPER_ROOT;12842;10;12840;25;;;12873;6;12876;12;;;12857.5;0.0
yf_ZW=F_d4;37900;ASH_COATED_OSMIUM;9939;12;9935;20;;;9953;17;9955;20;;;9946.0;0.0
yf_ZW=F_d4;37900;INTARIAN_PEPPER_ROOT;12855;15;12851;29;;;12862;19;12866;29;;;12858.5;0.0
yf_ZW=F_d4;38000;ASH_COATED_OSMIUM;9938;18;9935;16;;;9954;14;9956;26;;;9946.0;0.0
yf_ZW=F_d4;38000;INTARIAN_PEPPER_ROOT;12836;20;12832;18;;;12885;15;12887;20;;;12860.5;0.0
yf_ZW=F_d4;38100;ASH_COATED_OSMIUM;9943;22;9940;16;;;9949;6;9951;13;;;9946.0;0.0
yf_ZW=F_d4;38100;INTARIAN_PEPPER_ROOT;12858;15;12856;16;;;12864;26;12866;16;;;12861.0;0.0
yf_ZW=F_d4;38200;ASH_COATED_OSMIUM;9943;19;9941;19;;;9949;15;9952;12;;;9946.0;0.0
yf_ZW=F_d4;38200;INTARIAN_PEPPER_ROOT;12859;16;12856;15;;;12865;23;12869;27;;;12862.0;0.0
yf_ZW=F_d4;38300;ASH_COATED_OSMIUM;9944;6;9942;8;;;9950;19;9953;16;;;9947.0;0.0
yf_ZW=F_d4;38300;INTARIAN_PEPPER_ROOT;12860;18;12858;20;;;12868;8;12871;11;;;12864.0;0.0
yf_ZW=F_d4;38400;ASH_COATED_OSMIUM;9944;9;9940;18;;;9950;19;9954;20;;;9947.0;0.0
yf_ZW=F_d4;38400;INTARIAN_PEPPER_ROOT;12857;15;12854;14;;;12873;18;12876;13;;;12865.0;0.0
yf_ZW=F_d4;38500;ASH_COATED_OSMIUM;9943;19;9940;25;;;9949;16;9951;26;;;9946.0;0.0
yf_ZW=F_d4;38500;INTARIAN_PEPPER_ROOT;12862;6;12858;23;;;12868;6;12872;21;;;12865.0;0.0
yf_ZW=F_d4;38600;ASH_COATED_OSMIUM;9944;12;9940;30;;;9950;12;9953;13;;;9947.0;0.0
yf_ZW=F_d4;38600;INTARIAN_PEPPER_ROOT;12864;13;12861;11;;;12870;21;12872;25;;;12867.0;0.0
yf_ZW=F_d4;38700;ASH_COATED_OSMIUM;9942;12;9938;25;;;9952;12;9954;14;;;9947.0;0.0
yf_ZW=F_d4;38700;INTARIAN_PEPPER_ROOT;12864;7;12862;16;;;12871;24;12874;15;;;12867.5;0.0
yf_ZW=F_d4;38800;ASH_COATED_OSMIUM;9936;15;9932;14;;;9958;15;9960;10;;;9947.0;0.0
yf_ZW=F_d4;38800;INTARIAN_PEPPER_ROOT;12861;15;12858;25;;;12876;15;12879;18;;;12868.5;0.0
yf_ZW=F_d4;38900;ASH_COATED_OSMIUM;9943;14;9940;23;;;9951;17;9954;21;;;9947.0;0.0
yf_ZW=F_d4;38900;INTARIAN_PEPPER_ROOT;12864;23;12861;16;;;12875;17;12877;17;;;12869.5;0.0
yf_ZW=F_d4;39000;ASH_COATED_OSMIUM;9944;9;9942;27;;;9950;5;9953;15;;;9947.0;0.0
yf_ZW=F_d4;39000;INTARIAN_PEPPER_ROOT;12868;11;12864;18;;;12874;19;12876;10;;;12871.0;0.0
yf_ZW=F_d4;39100;ASH_COATED_OSMIUM;9944;18;9941;28;;;9950;12;9954;19;;;9947.0;0.0
yf_ZW=F_d4;39100;INTARIAN_PEPPER_ROOT;12869;9;12866;19;;;12875;18;12878;18;;;12872.0;0.0
yf_ZW=F_d4;39200;ASH_COATED_OSMIUM;9926;16;9922;21;;;9968;20;9972;18;;;9947.0;0.0
yf_ZW=F_d4;39200;INTARIAN_PEPPER_ROOT;12865;11;12863;21;;;12881;12;12885;13;;;12873.0;0.0
yf_ZW=F_d4;39300;ASH_COATED_OSMIUM;9944;15;9940;16;;;9950;17;9953;18;;;9947.0;0.0
yf_ZW=F_d4;39300;INTARIAN_PEPPER_ROOT;12869;9;12866;18;;;12879;17;12883;22;;;12874.0;0.0
yf_ZW=F_d4;39400;ASH_COATED_OSMIUM;9944;19;9940;29;;;9950;10;9954;19;;;9947.0;0.0
yf_ZW=F_d4;39400;INTARIAN_PEPPER_ROOT;12870;15;12867;13;;;12881;19;12883;11;;;12875.5;0.0
yf_ZW=F_d4;39500;ASH_COATED_OSMIUM;9928;16;9926;22;;;9967;15;9971;22;;;9947.5;0.0
yf_ZW=F_d4;39500;INTARIAN_PEPPER_ROOT;12871;17;12869;23;;;12881;16;12883;19;;;12876.0;0.0
yf_ZW=F_d4;39600;ASH_COATED_OSMIUM;9945;15;9942;22;;;9951;8;9953;20;;;9948.0;0.0
yf_ZW=F_d4;39600;INTARIAN_PEPPER_ROOT;12870;7;12868;12;;;12883;18;12887;18;;;12876.5;0.0
yf_ZW=F_d4;39700;ASH_COATED_OSMIUM;9945;13;9941;21;;;9951;14;9955;27;;;9948.0;0.0
yf_ZW=F_d4;39700;INTARIAN_PEPPER_ROOT;12874;10;12871;10;;;12882;14;12884;18;;;12878.0;0.0
yf_ZW=F_d4;39800;ASH_COATED_OSMIUM;9945;14;9943;18;;;9951;11;9953;22;;;9948.0;0.0
yf_ZW=F_d4;39800;INTARIAN_PEPPER_ROOT;12877;10;12873;23;;;12883;17;12887;25;;;12880.0;0.0
yf_ZW=F_d4;39900;ASH_COATED_OSMIUM;9945;13;9943;22;;;9951;5;9954;17;;;9948.0;0.0
yf_ZW=F_d4;39900;INTARIAN_PEPPER_ROOT;12878;20;12874;16;;;12884;11;12888;22;;;12881.0;0.0
yf_ZW=F_d4;40000;ASH_COATED_OSMIUM;9943;5;9940;26;;;9952;15;9956;20;;;9947.5;0.0
yf_ZW=F_d4;40000;INTARIAN_PEPPER_ROOT;12869;13;12866;19;;;12893;22;12897;20;;;12881.0;0.0
yf_ZW=F_d4;40100;ASH_COATED_OSMIUM;9944;5;9941;18;;;9952;14;9954;24;;;9948.0;0.0
yf_ZW=F_d4;40100;INTARIAN_PEPPER_ROOT;12880;19;12878;15;;;12886;11;12888;17;;;12883.0;0.0
yf_ZW=F_d4;40200;ASH_COATED_OSMIUM;9946;19;9944;14;;;9952;15;9954;19;;;9949.0;0.0
yf_ZW=F_d4;40200;INTARIAN_PEPPER_ROOT;12881;18;12878;27;;;12887;26;12890;21;;;12884.0;0.0
yf_ZW=F_d4;40300;ASH_COATED_OSMIUM;9945;26;9942;25;;;9952;13;9955;18;;;9948.5;0.0
yf_ZW=F_d4;40300;INTARIAN_PEPPER_ROOT;12882;18;12878;27;;;12888;16;12892;20;;;12885.0;0.0
yf_ZW=F_d4;40400;ASH_COATED_OSMIUM;9945;21;9941;24;;;9951;7;9953;16;;;9948.0;0.0
yf_ZW=F_d4;40400;INTARIAN_PEPPER_ROOT;12883;5;12881;8;;;12889;5;12891;21;;;12886.0;0.0
yf_ZW=F_d4;40500;ASH_COATED_OSMIUM;9946;14;9943;20;;;9952;7;9956;35;;;9949.0;0.0
yf_ZW=F_d4;40500;INTARIAN_PEPPER_ROOT;12885;28;12883;18;;;12891;12;12895;20;;;12888.0;0.0
yf_ZW=F_d4;40600;ASH_COATED_OSMIUM;9946;18;9942;22;;;9952;16;9955;22;;;9949.0;0.0
yf_ZW=F_d4;40600;INTARIAN_PEPPER_ROOT;12886;13;12884;18;;;12892;17;12895;27;;;12889.0;0.0
yf_ZW=F_d4;40700;ASH_COATED_OSMIUM;9943;16;9940;18;;;9954;12;9958;16;;;9948.5;0.0
yf_ZW=F_d4;40700;INTARIAN_PEPPER_ROOT;12881;16;12877;16;;;12898;20;12901;14;;;12889.5;0.0
yf_ZW=F_d4;40800;ASH_COATED_OSMIUM;9946;14;9943;20;;;9952;18;9955;20;;;9949.0;0.0
yf_ZW=F_d4;40800;INTARIAN_PEPPER_ROOT;12887;19;12885;19;;;12893;22;12896;24;;;12890.0;0.0
yf_ZW=F_d4;40900;ASH_COATED_OSMIUM;9945;18;9941;15;;;9954;16;9956;14;;;9949.5;0.0
yf_ZW=F_d4;40900;INTARIAN_PEPPER_ROOT;12888;11;12884;20;;;12895;14;12899;23;;;12891.5;0.0
yf_ZW=F_d4;41000;ASH_COATED_OSMIUM;9940;11;9937;17;;;9959;5;9963;29;;;9949.5;0.0
yf_ZW=F_d4;41000;INTARIAN_PEPPER_ROOT;12889;18;12886;16;;;12895;17;12897;21;;;12892.0;0.0
yf_ZW=F_d4;41100;ASH_COATED_OSMIUM;9943;14;9941;19;;;9957;12;9961;15;;;9950.0;0.0
yf_ZW=F_d4;41100;INTARIAN_PEPPER_ROOT;12891;15;12888;12;;;12897;9;12900;16;;;12894.0;0.0
yf_ZW=F_d4;41200;ASH_COATED_OSMIUM;9944;24;9942;27;;;9954;19;9958;24;;;9949.0;0.0
yf_ZW=F_d4;41200;INTARIAN_PEPPER_ROOT;12890;20;12886;19;;;12899;19;12903;21;;;12894.5;0.0
yf_ZW=F_d4;41300;ASH_COATED_OSMIUM;9945;15;9941;14;;;9954;10;9957;13;;;9949.5;0.0
yf_ZW=F_d4;41300;INTARIAN_PEPPER_ROOT;12893;14;12890;16;;;12899;13;12902;27;;;12896.0;0.0
yf_ZW=F_d4;41400;ASH_COATED_OSMIUM;9947;26;9944;17;;;9953;11;9956;26;;;9950.0;0.0
yf_ZW=F_d4;41400;INTARIAN_PEPPER_ROOT;12891;23;12889;24;;;12904;14;12906;30;;;12897.5;0.0
yf_ZW=F_d4;41500;ASH_COATED_OSMIUM;9947;14;9943;27;;;9953;8;9957;25;;;9950.0;0.0
yf_ZW=F_d4;41500;INTARIAN_PEPPER_ROOT;12895;17;12892;26;;;12901;18;12905;28;;;12898.0;0.0
yf_ZW=F_d4;41600;ASH_COATED_OSMIUM;9947;18;9943;21;;;9953;9;9957;22;;;9950.0;0.0
yf_ZW=F_d4;41600;INTARIAN_PEPPER_ROOT;12896;17;12893;14;;;12902;15;12904;16;;;12899.0;0.0
yf_ZW=F_d4;41700;ASH_COATED_OSMIUM;9947;13;9945;17;;;9953;9;9956;17;;;9950.0;0.0
yf_ZW=F_d4;41700;INTARIAN_PEPPER_ROOT;12897;15;12895;21;;;12903;12;12907;21;;;12900.0;0.0
yf_ZW=F_d4;41800;ASH_COATED_OSMIUM;9947;17;9945;14;;;9953;6;9956;16;;;9950.0;0.0
yf_ZW=F_d4;41800;INTARIAN_PEPPER_ROOT;12897;16;12895;21;;;12906;15;12908;20;;;12901.5;0.0
yf_ZW=F_d4;41900;ASH_COATED_OSMIUM;9947;14;9944;21;;;9953;10;9956;20;;;9950.0;0.0
yf_ZW=F_d4;41900;INTARIAN_PEPPER_ROOT;12899;9;12896;19;;;12905;28;12908;19;;;12902.0;0.0
yf_ZW=F_d4;42000;ASH_COATED_OSMIUM;9947;13;9943;16;;;9953;17;9957;12;;;9950.0;0.0
yf_ZW=F_d4;42000;INTARIAN_PEPPER_ROOT;12898;15;12895;21;;;12909;9;12911;17;;;12903.5;0.0
yf_ZW=F_d4;42100;ASH_COATED_OSMIUM;9941;12;9939;15;;;9959;13;9961;16;;;9950.0;0.0
yf_ZW=F_d4;42100;INTARIAN_PEPPER_ROOT;12902;17;12900;18;;;12908;17;12911;19;;;12905.0;0.0
yf_ZW=F_d4;42200;ASH_COATED_OSMIUM;9940;11;9937;21;;;9960;14;9962;18;;;9950.0;0.0
yf_ZW=F_d4;42200;INTARIAN_PEPPER_ROOT;12898;21;12894;21;;;12914;13;12918;14;;;12906.0;0.0
yf_ZW=F_d4;42300;ASH_COATED_OSMIUM;9948;14;9944;16;;;9954;13;9956;18;;;9951.0;0.0
yf_ZW=F_d4;42300;INTARIAN_PEPPER_ROOT;12904;18;12901;20;;;12911;21;12915;20;;;12907.5;0.0
yf_ZW=F_d4;42400;ASH_COATED_OSMIUM;9947;19;9945;19;;;9955;11;9959;18;;;9951.0;0.0
yf_ZW=F_d4;42400;INTARIAN_PEPPER_ROOT;12905;21;12902;14;;;12911;11;12913;25;;;12908.0;0.0
yf_ZW=F_d4;42500;ASH_COATED_OSMIUM;9947;14;9945;16;;;9954;19;9958;13;;;9950.5;0.0
yf_ZW=F_d4;42500;INTARIAN_PEPPER_ROOT;12890;18;12888;15;;;12929;21;12932;13;;;12909.5;0.0
yf_ZW=F_d4;42600;ASH_COATED_OSMIUM;9947;16;9945;13;;;9953;8;9955;19;;;9950.0;0.0
yf_ZW=F_d4;42600;INTARIAN_PEPPER_ROOT;12907;8;12904;23;;;12913;5;12917;24;;;12910.0;0.0
yf_ZW=F_d4;42700;ASH_COATED_OSMIUM;9947;16;9943;18;;;9954;19;9958;21;;;9950.5;0.0
yf_ZW=F_d4;42700;INTARIAN_PEPPER_ROOT;12904;12;12900;21;;;12918;16;12921;24;;;12911.0;0.0
yf_ZW=F_d4;42800;ASH_COATED_OSMIUM;9948;14;9946;21;;;9954;11;9957;25;;;9951.0;0.0
yf_ZW=F_d4;42800;INTARIAN_PEPPER_ROOT;12909;19;12907;16;;;12915;22;12919;19;;;12912.0;0.0
yf_ZW=F_d4;42900;ASH_COATED_OSMIUM;9947;8;9944;15;;;9957;12;9960;18;;;9952.0;0.0
yf_ZW=F_d4;42900;INTARIAN_PEPPER_ROOT;12910;14;12906;23;;;12916;22;12918;16;;;12913.0;0.0
yf_ZW=F_d4;43000;ASH_COATED_OSMIUM;9948;19;9945;18;;;9955;24;9959;22;;;9951.5;0.0
yf_ZW=F_d4;43000;INTARIAN_PEPPER_ROOT;12912;15;12908;21;;;12918;13;12920;24;;;12915.0;0.0
yf_ZW=F_d4;43100;ASH_COATED_OSMIUM;9949;14;9945;14;;;9955;9;9957;25;;;9952.0;0.0
yf_ZW=F_d4;43100;INTARIAN_PEPPER_ROOT;12912;14;12909;20;;;12919;20;12923;21;;;12915.5;0.0
yf_ZW=F_d4;43200;ASH_COATED_OSMIUM;9948;13;9944;19;;;9954;22;9957;26;;;9951.0;0.0
yf_ZW=F_d4;43200;INTARIAN_PEPPER_ROOT;12909;16;12907;21;;;12924;21;12926;18;;;12916.5;0.0
yf_ZW=F_d4;43300;ASH_COATED_OSMIUM;9944;15;9941;16;;;9960;8;9964;16;;;9952.0;0.0
yf_ZW=F_d4;43300;INTARIAN_PEPPER_ROOT;12915;17;12912;25;;;12921;19;12923;17;;;12918.0;0.0
yf_ZW=F_d4;43400;ASH_COATED_OSMIUM;9948;11;9946;11;;;9954;8;9956;24;;;9951.0;0.0
yf_ZW=F_d4;43400;INTARIAN_PEPPER_ROOT;12915;13;12911;21;;;12924;13;12927;15;;;12919.5;0.0
yf_ZW=F_d4;43500;ASH_COATED_OSMIUM;9949;12;9945;18;;;9955;17;9958;26;;;9952.0;0.0
yf_ZW=F_d4;43500;INTARIAN_PEPPER_ROOT;12916;18;12912;22;;;12925;20;12928;20;;;12920.5;0.0
yf_ZW=F_d4;43600;ASH_COATED_OSMIUM;9944;14;9940;13;;;9960;12;9962;19;;;9952.0;0.0
yf_ZW=F_d4;43600;INTARIAN_PEPPER_ROOT;12918;9;12916;22;;;12924;12;12927;17;;;12921.0;0.0
yf_ZW=F_d4;43700;ASH_COATED_OSMIUM;9949;12;9945;23;;;9955;5;9958;20;;;9952.0;0.0
yf_ZW=F_d4;43700;INTARIAN_PEPPER_ROOT;12918;18;12916;32;;;12926;18;12928;24;;;12922.0;0.0
yf_ZW=F_d4;43800;ASH_COATED_OSMIUM;9933;13;9931;24;;;9970;22;9974;30;;;9951.5;0.0
yf_ZW=F_d4;43800;INTARIAN_PEPPER_ROOT;12914;17;12910;18;;;12933;19;12935;23;;;12923.5;0.0
yf_ZW=F_d4;43900;ASH_COATED_OSMIUM;9949;19;9946;19;;;9955;5;9958;11;;;9952.0;0.0
yf_ZW=F_d4;43900;INTARIAN_PEPPER_ROOT;12917;7;12915;21;;;12931;18;12934;19;;;12924.0;0.0
yf_ZW=F_d4;44000;ASH_COATED_OSMIUM;9948;15;9945;24;;;9956;16;9958;24;;;9952.0;0.0
yf_ZW=F_d4;44000;INTARIAN_PEPPER_ROOT;12918;7;12916;28;;;12932;13;12935;26;;;12925.0;0.0
yf_ZW=F_d4;44100;ASH_COATED_OSMIUM;9950;13;9946;20;;;9956;16;9960;22;;;9953.0;0.0
yf_ZW=F_d4;44100;INTARIAN_PEPPER_ROOT;12924;20;12920;11;;;12930;13;12934;22;;;12927.0;0.0
yf_ZW=F_d4;44200;ASH_COATED_OSMIUM;9949;22;9945;18;;;9956;17;9960;16;;;9952.5;0.0
yf_ZW=F_d4;44200;INTARIAN_PEPPER_ROOT;12920;20;12916;25;;;12935;18;12937;19;;;12927.5;0.0
yf_ZW=F_d4;44300;ASH_COATED_OSMIUM;9949;14;9946;16;;;9955;24;9959;20;;;9952.0;0.0
yf_ZW=F_d4;44300;INTARIAN_PEPPER_ROOT;12926;18;12923;17;;;12932;14;12936;15;;;12929.0;0.0
yf_ZW=F_d4;44400;ASH_COATED_OSMIUM;9949;17;9945;14;;;9956;14;9958;18;;;9952.5;0.0
yf_ZW=F_d4;44400;INTARIAN_PEPPER_ROOT;12927;12;12923;20;;;12933;9;12937;20;;;12930.0;0.0
yf_ZW=F_d4;44500;ASH_COATED_OSMIUM;9950;16;9948;18;;;9956;8;9958;15;;;9953.0;0.0
yf_ZW=F_d4;44500;INTARIAN_PEPPER_ROOT;12928;16;12924;27;;;12934;10;12938;16;;;12931.0;0.0
yf_ZW=F_d4;44600;ASH_COATED_OSMIUM;9945;16;9941;13;;;9962;5;9964;22;;;9953.5;0.0
yf_ZW=F_d4;44600;INTARIAN_PEPPER_ROOT;12928;16;12926;23;;;12934;5;12937;18;;;12931.0;0.0
yf_ZW=F_d4;44700;ASH_COATED_OSMIUM;9950;19;9946;15;;;9956;12;9960;16;;;9953.0;0.0
yf_ZW=F_d4;44700;INTARIAN_PEPPER_ROOT;12930;12;12926;24;;;12936;16;12940;20;;;12933.0;0.0
yf_ZW=F_d4;44800;ASH_COATED_OSMIUM;9946;15;9943;26;;;9960;6;9964;23;;;9953.0;0.0
yf_ZW=F_d4;44800;INTARIAN_PEPPER_ROOT;12932;5;12929;17;;;12938;8;12941;18;;;12935.0;0.0
yf_ZW=F_d4;44900;ASH_COATED_OSMIUM;9945;13;9942;21;;;9961;8;9964;20;;;9953.0;0.0
yf_ZW=F_d4;44900;INTARIAN_PEPPER_ROOT;12923;16;12919;17;;;12948;11;12952;23;;;12935.5;0.0
yf_ZW=F_d4;45000;ASH_COATED_OSMIUM;9949;13;9947;30;;;9957;17;9959;21;;;9953.0;0.0
yf_ZW=F_d4;45000;INTARIAN_PEPPER_ROOT;12933;17;12930;17;;;12939;7;12943;19;;;12936.0;0.0
yf_ZW=F_d4;45100;ASH_COATED_OSMIUM;9951;8;9947;21;;;9957;16;9961;16;;;9954.0;0.0
yf_ZW=F_d4;45100;INTARIAN_PEPPER_ROOT;12925;10;12921;20;;;12950;19;12954;20;;;12937.5;0.0
yf_ZW=F_d4;45200;ASH_COATED_OSMIUM;9950;16;9947;18;;;9956;16;9958;24;;;9953.0;0.0
yf_ZW=F_d4;45200;INTARIAN_PEPPER_ROOT;12936;14;12933;17;;;12942;21;12944;13;;;12939.0;0.0
yf_ZW=F_d4;45300;ASH_COATED_OSMIUM;9939;24;9937;26;;;9969;22;9972;18;;;9954.0;0.0
yf_ZW=F_d4;45300;INTARIAN_PEPPER_ROOT;12936;11;12932;18;;;12942;9;12945;26;;;12939.0;0.0
yf_ZW=F_d4;45400;ASH_COATED_OSMIUM;9951;9;9948;28;;;9957;17;9960;16;;;9954.0;0.0
yf_ZW=F_d4;45400;INTARIAN_PEPPER_ROOT;12938;20;12936;22;;;12944;17;12946;21;;;12941.0;0.0
yf_ZW=F_d4;45500;ASH_COATED_OSMIUM;9929;10;9926;21;;;9978;13;9980;9;;;9953.5;0.0
yf_ZW=F_d4;45500;INTARIAN_PEPPER_ROOT;12939;5;12937;22;;;12945;9;12949;20;;;12942.0;0.0
yf_ZW=F_d4;45600;ASH_COATED_OSMIUM;9949;9;9945;23;;;9960;15;9962;18;;;9954.5;0.0
yf_ZW=F_d4;45600;INTARIAN_PEPPER_ROOT;12935;13;12931;12;;;12951;14;12953;15;;;12943.0;0.0
yf_ZW=F_d4;45700;ASH_COATED_OSMIUM;9949;12;9945;14;;;9958;11;9961;15;;;9953.5;0.0
yf_ZW=F_d4;45700;INTARIAN_PEPPER_ROOT;12941;9;12937;22;;;12947;5;12950;21;;;12944.0;0.0
yf_ZW=F_d4;45800;ASH_COATED_OSMIUM;9943;25;9940;18;;;9965;15;9967;14;;;9954.0;0.0
yf_ZW=F_d4;45800;INTARIAN_PEPPER_ROOT;12936;18;12932;28;;;12953;12;12957;18;;;12944.5;0.0
yf_ZW=F_d4;45900;ASH_COATED_OSMIUM;9951;15;9949;25;;;9957;14;9960;20;;;9954.0;0.0
yf_ZW=F_d4;45900;INTARIAN_PEPPER_ROOT;12941;5;12937;15;;;12952;11;12954;31;;;12946.5;0.0
yf_ZW=F_d4;46000;ASH_COATED_OSMIUM;9951;19;9947;17;;;9957;15;9961;13;;;9954.0;0.0
yf_ZW=F_d4;46000;INTARIAN_PEPPER_ROOT;12943;10;12941;25;;;12952;12;12955;26;;;12947.5;0.0
yf_ZW=F_d4;46100;ASH_COATED_OSMIUM;9947;14;9943;23;;;9961;5;9964;10;;;9954.0;0.0
yf_ZW=F_d4;46100;INTARIAN_PEPPER_ROOT;12945;15;12941;20;;;12951;12;12955;28;;;12948.0;0.0
yf_ZW=F_d4;46200;ASH_COATED_OSMIUM;9952;13;9950;15;;;9958;22;9960;19;;;9955.0;0.0
yf_ZW=F_d4;46200;INTARIAN_PEPPER_ROOT;12947;10;12945;19;;;12953;13;12957;24;;;12950.0;0.0
yf_ZW=F_d4;46300;ASH_COATED_OSMIUM;9952;9;9948;17;;;9958;10;9960;27;;;9955.0;0.0
yf_ZW=F_d4;46300;INTARIAN_PEPPER_ROOT;12943;12;12939;22;;;12958;17;12962;31;;;12950.5;0.0
yf_ZW=F_d4;46400;ASH_COATED_OSMIUM;9952;9;9950;18;;;9958;15;9962;27;;;9955.0;0.0
yf_ZW=F_d4;46400;INTARIAN_PEPPER_ROOT;12944;11;12942;17;;;12958;16;12961;23;;;12951.0;0.0
yf_ZW=F_d4;46500;ASH_COATED_OSMIUM;9952;9;9948;17;;;9958;16;9960;21;;;9955.0;0.0
yf_ZW=F_d4;46500;INTARIAN_PEPPER_ROOT;12947;15;12943;15;;;12958;12;12960;32;;;12952.5;0.0
yf_ZW=F_d4;46600;ASH_COATED_OSMIUM;9952;17;9950;15;;;9958;17;9961;20;;;9955.0;0.0
yf_ZW=F_d4;46600;INTARIAN_PEPPER_ROOT;12950;13;12947;20;;;12956;26;12959;22;;;12953.0;0.0
yf_ZW=F_d4;46700;ASH_COATED_OSMIUM;9952;9;9948;21;;;9958;20;9961;21;;;9955.0;0.0
yf_ZW=F_d4;46700;INTARIAN_PEPPER_ROOT;12952;8;12950;19;;;12958;12;12962;25;;;12955.0;0.0
yf_ZW=F_d4;46800;ASH_COATED_OSMIUM;9952;10;9948;18;;;9959;7;9962;19;;;9955.5;0.0
yf_ZW=F_d4;46800;INTARIAN_PEPPER_ROOT;12952;19;12950;20;;;12961;19;12963;13;;;12956.5;0.0
yf_ZW=F_d4;46900;ASH_COATED_OSMIUM;9949;26;9947;24;;;9961;13;9964;19;;;9955.0;0.0
yf_ZW=F_d4;46900;INTARIAN_PEPPER_ROOT;12952;20;12948;26;;;12962;22;12966;15;;;12957.0;0.0
yf_ZW=F_d4;47000;ASH_COATED_OSMIUM;9952;10;9950;14;;;9958;15;9960;20;;;9955.0;0.0
yf_ZW=F_d4;47000;INTARIAN_PEPPER_ROOT;12955;10;12952;18;;;12961;16;12965;24;;;12958.0;0.0
yf_ZW=F_d4;47100;ASH_COATED_OSMIUM;9949;10;9946;23;;;9961;12;9963;16;;;9955.0;0.0
yf_ZW=F_d4;47100;INTARIAN_PEPPER_ROOT;12956;17;12952;19;;;12962;8;12966;23;;;12959.0;0.0
yf_ZW=F_d4;47200;ASH_COATED_OSMIUM;9953;17;9951;18;;;9959;23;9962;15;;;9956.0;0.0
yf_ZW=F_d4;47200;INTARIAN_PEPPER_ROOT;12955;11;12953;24;;;12965;11;12968;18;;;12960.0;0.0
yf_ZW=F_d4;47300;ASH_COATED_OSMIUM;9952;7;9948;16;;;9959;18;9961;28;;;9955.5;0.0
yf_ZW=F_d4;47300;INTARIAN_PEPPER_ROOT;12959;15;12957;21;;;12965;15;12967;13;;;12962.0;0.0
yf_ZW=F_d4;47400;ASH_COATED_OSMIUM;9952;13;9948;19;;;9958;12;9961;23;;;9955.0;0.0
yf_ZW=F_d4;47400;INTARIAN_PEPPER_ROOT;12956;16;12954;20;;;12968;14;12971;16;;;12962.0;0.0
yf_ZW=F_d4;47500;ASH_COATED_OSMIUM;9947;15;9944;20;;;9964;13;9968;12;;;9955.5;0.0
yf_ZW=F_d4;47500;INTARIAN_PEPPER_ROOT;12959;18;12956;23;;;12967;9;12971;21;;;12963.0;0.0
yf_ZW=F_d4;47600;ASH_COATED_OSMIUM;9952;12;9950;15;;;9958;10;9961;15;;;9955.0;0.0
yf_ZW=F_d4;47600;INTARIAN_PEPPER_ROOT;12961;18;12957;24;;;12967;11;12971;23;;;12964.0;0.0
yf_ZW=F_d4;47700;ASH_COATED_OSMIUM;9951;13;9949;22;;;9960;17;9962;16;;;9955.5;0.0
yf_ZW=F_d4;47700;INTARIAN_PEPPER_ROOT;12962;22;12959;14;;;12969;17;12973;23;;;12965.5;0.0
yf_ZW=F_d4;47800;ASH_COATED_OSMIUM;9953;14;9951;19;;;9959;19;9963;17;;;9956.0;0.0
yf_ZW=F_d4;47800;INTARIAN_PEPPER_ROOT;12964;12;12961;20;;;12970;14;12974;23;;;12967.0;0.0
yf_ZW=F_d4;47900;ASH_COATED_OSMIUM;9953;17;9949;27;;;9959;15;9962;18;;;9956.0;0.0
yf_ZW=F_d4;47900;INTARIAN_PEPPER_ROOT;12962;5;12958;22;;;12974;21;12978;19;;;12968.0;0.0
yf_ZW=F_d4;48000;ASH_COATED_OSMIUM;9953;13;9949;23;;;9959;10;9962;14;;;9956.0;0.0
yf_ZW=F_d4;48000;INTARIAN_PEPPER_ROOT;12966;22;12964;26;;;12972;15;12976;15;;;12969.0;0.0
yf_ZW=F_d4;48100;ASH_COATED_OSMIUM;9953;26;9949;17;;;9959;5;9963;20;;;9956.0;0.0
yf_ZW=F_d4;48100;INTARIAN_PEPPER_ROOT;12967;10;12963;18;;;12973;7;12975;25;;;12970.0;0.0
yf_ZW=F_d4;48200;ASH_COATED_OSMIUM;9950;7;9947;9;;;9962;11;9964;19;;;9956.0;0.0
yf_ZW=F_d4;48200;INTARIAN_PEPPER_ROOT;12968;15;12964;19;;;12974;14;12978;14;;;12971.0;0.0
yf_ZW=F_d4;48300;ASH_COATED_OSMIUM;9953;5;9951;14;;;9960;5;9962;16;;;9956.5;0.0
yf_ZW=F_d4;48300;INTARIAN_PEPPER_ROOT;12965;21;12963;25;;;12979;10;12982;21;;;12972.0;0.0
yf_ZW=F_d4;48400;ASH_COATED_OSMIUM;9953;13;9950;14;;;9959;10;9963;21;;;9956.0;0.0
yf_ZW=F_d4;48400;INTARIAN_PEPPER_ROOT;12970;10;12967;28;;;12976;14;12978;18;;;12973.0;0.0
yf_ZW=F_d4;48500;ASH_COATED_OSMIUM;9954;9;9950;24;;;9960;17;9962;19;;;9957.0;0.0
yf_ZW=F_d4;48500;INTARIAN_PEPPER_ROOT;12966;16;12962;21;;;12983;15;12986;15;;;12974.5;0.0
yf_ZW=F_d4;48600;ASH_COATED_OSMIUM;9954;14;9950;23;;;9960;6;9963;23;;;9957.0;0.0
yf_ZW=F_d4;48600;INTARIAN_PEPPER_ROOT;12972;13;12969;13;;;12978;16;12982;32;;;12975.0;0.0
yf_ZW=F_d4;48700;ASH_COATED_OSMIUM;9953;11;9950;20;;;9962;27;9964;23;;;9957.5;0.0
yf_ZW=F_d4;48700;INTARIAN_PEPPER_ROOT;12973;12;12969;26;;;12979;9;12981;28;;;12976.0;0.0
yf_ZW=F_d4;48800;ASH_COATED_OSMIUM;9953;13;9951;17;;;9960;25;9963;14;;;9956.5;0.0
yf_ZW=F_d4;48800;INTARIAN_PEPPER_ROOT;12971;14;12968;19;;;12985;5;12988;22;;;12978.0;0.0
yf_ZW=F_d4;48900;ASH_COATED_OSMIUM;9953;15;9951;27;;;9961;18;9964;19;;;9957.0;0.0
yf_ZW=F_d4;48900;INTARIAN_PEPPER_ROOT;12968;19;12964;26;;;12990;13;12994;20;;;12979.0;0.0
yf_ZW=F_d4;49000;ASH_COATED_OSMIUM;9953;17;9949;18;;;9962;20;9966;21;;;9957.5;0.0
yf_ZW=F_d4;49000;INTARIAN_PEPPER_ROOT;12966;13;12962;22;;;12994;16;12996;24;;;12980.0;0.0
yf_ZW=F_d4;49100;ASH_COATED_OSMIUM;9954;17;9952;22;;;9962;13;9966;27;;;9958.0;0.0
yf_ZW=F_d4;49100;INTARIAN_PEPPER_ROOT;12971;17;12967;19;;;12992;20;12995;20;;;12981.5;0.0
yf_ZW=F_d4;49200;ASH_COATED_OSMIUM;9954;18;9950;24;;;9960;14;9962;22;;;9957.0;0.0
yf_ZW=F_d4;49200;INTARIAN_PEPPER_ROOT;12969;30;12967;22;;;12994;10;12998;15;;;12981.5;0.0
yf_ZW=F_d4;49300;ASH_COATED_OSMIUM;9946;18;9943;19;;;9970;13;9972;21;;;9958.0;0.0
yf_ZW=F_d4;49300;INTARIAN_PEPPER_ROOT;12980;7;12978;29;;;12986;11;12989;20;;;12983.0;0.0
yf_ZW=F_d4;49400;ASH_COATED_OSMIUM;9954;16;9950;28;;;9962;10;9964;11;;;9958.0;0.0
yf_ZW=F_d4;49400;INTARIAN_PEPPER_ROOT;12980;18;12976;20;;;12989;14;12991;17;;;12984.5;0.0
yf_ZW=F_d4;49500;ASH_COATED_OSMIUM;9955;13;9951;28;;;9961;12;9963;18;;;9958.0;0.0
yf_ZW=F_d4;49500;INTARIAN_PEPPER_ROOT;12978;8;12974;15;;;12992;11;12996;27;;;12985.0;0.0
yf_ZW=F_d4;49600;ASH_COATED_OSMIUM;9955;20;9951;18;;;9961;20;9964;23;;;9958.0;0.0
yf_ZW=F_d4;49600;INTARIAN_PEPPER_ROOT;12983;16;12980;21;;;12989;5;12993;10;;;12986.0;0.0
yf_ZW=F_d4;49700;ASH_COATED_OSMIUM;9955;16;9952;19;;;9961;16;9963;22;;;9958.0;0.0
yf_ZW=F_d4;49700;INTARIAN_PEPPER_ROOT;12982;5;12979;16;;;12993;12;12995;14;;;12987.5;0.0
yf_ZW=F_d4;49800;ASH_COATED_OSMIUM;9952;15;9948;14;;;9964;10;9967;24;;;9958.0;0.0
yf_ZW=F_d4;49800;INTARIAN_PEPPER_ROOT;12981;15;12977;22;;;12997;15;12999;24;;;12989.0;0.0
yf_ZW=F_d4;49900;ASH_COATED_OSMIUM;9953;13;9949;21;;;9964;14;9968;17;;;9958.5;0.0
yf_ZW=F_d4;49900;INTARIAN_PEPPER_ROOT;12986;19;12983;18;;;12993;25;12997;23;;;12989.5;0.0
yf_ZW=F_d4;50000;ASH_COATED_OSMIUM;9954;16;9952;21;;;9961;10;9965;21;;;9957.5;0.0
yf_ZW=F_d4;50000;INTARIAN_PEPPER_ROOT;12988;11;12986;23;;;12994;14;12998;19;;;12991.0;0.0
yf_ZW=F_d4;50100;ASH_COATED_OSMIUM;9944;7;9940;21;;;9973;18;9975;18;;;9958.5;0.0
yf_ZW=F_d4;50100;INTARIAN_PEPPER_ROOT;12985;14;12983;21;;;12999;15;13003;18;;;12992.0;0.0
yf_ZW=F_d4;50200;ASH_COATED_OSMIUM;9955;18;9951;22;;;9961;6;9963;17;;;9958.0;0.0
yf_ZW=F_d4;50200;INTARIAN_PEPPER_ROOT;12990;20;12987;22;;;12996;12;12999;18;;;12993.0;0.0
yf_ZW=F_d4;50300;ASH_COATED_OSMIUM;9953;14;9949;24;;;9964;16;9966;22;;;9958.5;0.0
yf_ZW=F_d4;50300;INTARIAN_PEPPER_ROOT;12978;21;12976;12;;;13010;5;13014;19;;;12994.0;0.0
yf_ZW=F_d4;50400;ASH_COATED_OSMIUM;9954;5;9952;21;;;9962;19;9964;12;;;9958.0;0.0
yf_ZW=F_d4;50400;INTARIAN_PEPPER_ROOT;12992;15;12990;22;;;12998;10;13001;28;;;12995.0;0.0
yf_ZW=F_d4;50500;ASH_COATED_OSMIUM;9956;19;9952;14;;;9962;15;9965;29;;;9959.0;0.0
yf_ZW=F_d4;50500;INTARIAN_PEPPER_ROOT;12988;23;12986;31;;;13006;13;13010;16;;;12997.0;0.0
yf_ZW=F_d4;50600;ASH_COATED_OSMIUM;9956;9;9954;8;;;9962;14;9965;21;;;9959.0;0.0
yf_ZW=F_d4;50600;INTARIAN_PEPPER_ROOT;12994;21;12990;28;;;13000;19;13002;22;;;12997.0;0.0
yf_ZW=F_d4;50700;ASH_COATED_OSMIUM;9953;19;9949;14;;;9965;18;9968;21;;;9959.0;0.0
yf_ZW=F_d4;50700;INTARIAN_PEPPER_ROOT;12981;16;12979;14;;;13015;27;13018;25;;;12998.0;0.0
yf_ZW=F_d4;50800;ASH_COATED_OSMIUM;9956;16;9953;10;;;9962;9;9965;22;;;9959.0;0.0
yf_ZW=F_d4;50800;INTARIAN_PEPPER_ROOT;12996;9;12994;23;;;13002;15;13004;9;;;12999.0;0.0
yf_ZW=F_d4;50900;ASH_COATED_OSMIUM;9956;16;9954;15;;;9962;12;9965;14;;;9959.0;0.0
yf_ZW=F_d4;50900;INTARIAN_PEPPER_ROOT;12995;12;12991;25;;;13003;23;13006;20;;;12999.0;0.0
yf_ZW=F_d4;51000;ASH_COATED_OSMIUM;9956;9;9952;14;;;9962;13;9965;15;;;9959.0;0.0
yf_ZW=F_d4;51000;INTARIAN_PEPPER_ROOT;12993;7;12991;10;;;13002;17;13006;18;;;12997.5;0.0
yf_ZW=F_d4;51100;ASH_COATED_OSMIUM;9957;9;9954;29;;;9963;18;9967;18;;;9960.0;0.0
yf_ZW=F_d4;51100;INTARIAN_PEPPER_ROOT;12994;17;12990;16;;;13000;14;13002;10;;;12997.0;0.0
yf_ZW=F_d4;51200;ASH_COATED_OSMIUM;9952;20;9949;15;;;9967;12;9969;25;;;9959.5;0.0
yf_ZW=F_d4;51200;INTARIAN_PEPPER_ROOT;12993;16;12991;15;;;12999;16;13002;12;;;12996.0;0.0
yf_ZW=F_d4;51300;ASH_COATED_OSMIUM;9953;14;9951;24;;;9966;12;9970;21;;;9959.5;0.0
yf_ZW=F_d4;51300;INTARIAN_PEPPER_ROOT;12989;13;12986;24;;;13000;7;13004;20;;;12994.5;0.0
yf_ZW=F_d4;51400;ASH_COATED_OSMIUM;9957;8;9953;11;;;9963;17;9967;29;;;9960.0;0.0
yf_ZW=F_d4;51400;INTARIAN_PEPPER_ROOT;12991;14;12989;16;;;12997;17;12999;15;;;12994.0;0.0
yf_ZW=F_d4;51500;ASH_COATED_OSMIUM;9957;18;9954;17;;;9963;22;9966;24;;;9960.0;0.0
yf_ZW=F_d4;51500;INTARIAN_PEPPER_ROOT;12978;24;12976;19;;;13007;5;13011;17;;;12992.5;0.0
yf_ZW=F_d4;51600;ASH_COATED_OSMIUM;9954;13;9951;22;;;9966;22;9970;26;;;9960.0;0.0
yf_ZW=F_d4;51600;INTARIAN_PEPPER_ROOT;12988;17;12985;14;;;12996;20;13000;16;;;12992.0;0.0
yf_ZW=F_d4;51700;ASH_COATED_OSMIUM;9957;19;9955;23;;;9963;10;9967;21;;;9960.0;0.0
yf_ZW=F_d4;51700;INTARIAN_PEPPER_ROOT;12987;17;12984;14;;;12993;14;12996;24;;;12990.0;0.0
yf_ZW=F_d4;51800;ASH_COATED_OSMIUM;9958;18;9956;15;;;9964;13;9966;10;;;9961.0;0.0
yf_ZW=F_d4;51800;INTARIAN_PEPPER_ROOT;12985;18;12982;13;;;12995;12;12998;28;;;12990.0;0.0
yf_ZW=F_d4;51900;ASH_COATED_OSMIUM;9957;19;9953;12;;;9965;12;9969;20;;;9961.0;0.0
yf_ZW=F_d4;51900;INTARIAN_PEPPER_ROOT;12986;10;12984;24;;;12992;17;12996;15;;;12989.0;0.0
yf_ZW=F_d4;52000;ASH_COATED_OSMIUM;9957;13;9954;24;;;9963;21;9965;27;;;9960.0;0.0
yf_ZW=F_d4;52000;INTARIAN_PEPPER_ROOT;12984;10;12981;26;;;12990;13;12992;15;;;12987.0;0.0
yf_ZW=F_d4;52100;ASH_COATED_OSMIUM;9958;11;9955;18;;;9964;15;9967;18;;;9961.0;0.0
yf_ZW=F_d4;52100;INTARIAN_PEPPER_ROOT;12980;13;12976;22;;;12993;16;12997;22;;;12986.5;0.0
yf_ZW=F_d4;52200;ASH_COATED_OSMIUM;9953;18;9950;19;;;9969;19;9971;19;;;9961.0;0.0
yf_ZW=F_d4;52200;INTARIAN_PEPPER_ROOT;12982;11;12980;17;;;12988;20;12990;24;;;12985.0;0.0
yf_ZW=F_d4;52300;ASH_COATED_OSMIUM;9958;11;9956;25;;;9964;16;9967;13;;;9961.0;0.0
yf_ZW=F_d4;52300;INTARIAN_PEPPER_ROOT;12980;13;12977;21;;;12988;10;12992;24;;;12984.0;0.0
yf_ZW=F_d4;52400;ASH_COATED_OSMIUM;9956;13;9953;20;;;9966;13;9969;17;;;9961.0;0.0
yf_ZW=F_d4;52400;INTARIAN_PEPPER_ROOT;12978;9;12974;17;;;12989;11;12991;24;;;12983.5;0.0
yf_ZW=F_d4;52500;ASH_COATED_OSMIUM;9955;17;9953;23;;;9968;23;9972;21;;;9961.5;0.0
yf_ZW=F_d4;52500;INTARIAN_PEPPER_ROOT;12979;16;12976;19;;;12985;14;12989;19;;;12982.0;0.0
yf_ZW=F_d4;52600;ASH_COATED_OSMIUM;9959;17;9955;13;;;9965;17;9968;22;;;9962.0;0.0
yf_ZW=F_d4;52600;INTARIAN_PEPPER_ROOT;12975;17;12972;19;;;12986;12;12990;27;;;12980.5;0.0
yf_ZW=F_d4;52700;ASH_COATED_OSMIUM;9954;24;9950;24;;;9971;9;9975;22;;;9962.5;0.0
yf_ZW=F_d4;52700;INTARIAN_PEPPER_ROOT;12977;13;12975;23;;;12983;15;12985;17;;;12980.0;0.0
yf_ZW=F_d4;52800;ASH_COATED_OSMIUM;9959;15;9957;10;;;9965;18;9968;19;;;9962.0;0.0
yf_ZW=F_d4;52800;INTARIAN_PEPPER_ROOT;12976;14;12973;22;;;12982;16;12984;29;;;12979.0;0.0
yf_ZW=F_d4;52900;ASH_COATED_OSMIUM;9959;19;9956;17;;;9965;12;9968;17;;;9962.0;0.0
yf_ZW=F_d4;52900;INTARIAN_PEPPER_ROOT;12961;15;12957;14;;;12995;17;12998;19;;;12978.0;0.0
yf_ZW=F_d4;53000;ASH_COATED_OSMIUM;9959;14;9957;22;;;9965;21;9969;18;;;9962.0;0.0
yf_ZW=F_d4;53000;INTARIAN_PEPPER_ROOT;12973;12;12970;25;;;12979;15;12981;16;;;12976.0;0.0
yf_ZW=F_d4;53100;ASH_COATED_OSMIUM;9955;9;9953;22;;;9969;21;9973;22;;;9962.0;0.0
yf_ZW=F_d4;53100;INTARIAN_PEPPER_ROOT;12972;12;12970;32;;;12978;14;12982;20;;;12975.0;0.0
yf_ZW=F_d4;53200;ASH_COATED_OSMIUM;9952;13;9949;26;;;9974;11;9976;22;;;9963.0;0.0
yf_ZW=F_d4;53200;INTARIAN_PEPPER_ROOT;12969;8;12967;20;;;12979;11;12983;22;;;12974.0;0.0
yf_ZW=F_d4;53300;ASH_COATED_OSMIUM;9956;12;9953;20;;;9968;5;9970;24;;;9962.0;0.0
yf_ZW=F_d4;53300;INTARIAN_PEPPER_ROOT;12970;14;12966;15;;;12976;12;12980;15;;;12973.0;0.0
yf_ZW=F_d4;53400;ASH_COATED_OSMIUM;9960;14;9956;21;;;9966;9;9969;19;;;9963.0;0.0
yf_ZW=F_d4;53400;INTARIAN_PEPPER_ROOT;12969;20;12966;20;;;12975;18;12978;21;;;12972.0;0.0
yf_ZW=F_d4;53500;ASH_COATED_OSMIUM;9960;30;9956;20;;;9966;19;9970;24;;;9963.0;0.0
yf_ZW=F_d4;53500;INTARIAN_PEPPER_ROOT;12968;6;12965;21;;;12974;18;12977;18;;;12971.0;0.0
yf_ZW=F_d4;53600;ASH_COATED_OSMIUM;9960;14;9957;17;;;9966;20;9970;16;;;9963.0;0.0
yf_ZW=F_d4;53600;INTARIAN_PEPPER_ROOT;12967;21;12964;16;;;12973;11;12975;19;;;12970.0;0.0
yf_ZW=F_d4;53700;ASH_COATED_OSMIUM;9958;15;9954;10;;;9970;10;9974;17;;;9964.0;0.0
yf_ZW=F_d4;53700;INTARIAN_PEPPER_ROOT;12966;14;12963;16;;;12972;13;12976;26;;;12969.0;0.0
yf_ZW=F_d4;53800;ASH_COATED_OSMIUM;9957;11;9953;13;;;9970;6;9973;14;;;9963.5;0.0
yf_ZW=F_d4;53800;INTARIAN_PEPPER_ROOT;12965;22;12961;18;;;12971;10;12973;15;;;12968.0;0.0
yf_ZW=F_d4;53900;ASH_COATED_OSMIUM;9961;6;9958;17;;;9967;18;9971;14;;;9964.0;0.0
yf_ZW=F_d4;53900;INTARIAN_PEPPER_ROOT;12964;15;12962;31;;;12970;19;12974;23;;;12967.0;0.0
yf_ZW=F_d4;54000;ASH_COATED_OSMIUM;9955;20;9953;18;;;9972;21;9976;32;;;9963.5;0.0
yf_ZW=F_d4;54000;INTARIAN_PEPPER_ROOT;12955;13;12951;16;;;12976;19;12980;15;;;12965.5;0.0
yf_ZW=F_d4;54100;ASH_COATED_OSMIUM;9961;16;9959;25;;;9967;16;9969;24;;;9964.0;0.0
yf_ZW=F_d4;54100;INTARIAN_PEPPER_ROOT;12962;11;12959;29;;;12968;12;12971;21;;;12965.0;0.0
yf_ZW=F_d4;54200;ASH_COATED_OSMIUM;9961;14;9957;13;;;9967;12;9970;19;;;9964.0;0.0
yf_ZW=F_d4;54200;INTARIAN_PEPPER_ROOT;12960;15;12958;9;;;12966;14;12968;26;;;12963.0;0.0
yf_ZW=F_d4;54300;ASH_COATED_OSMIUM;9959;13;9955;16;;;9967;15;9969;17;;;9963.0;0.0
yf_ZW=F_d4;54300;INTARIAN_PEPPER_ROOT;12959;28;12956;23;;;12965;17;12969;21;;;12962.0;0.0
yf_ZW=F_d4;54400;ASH_COATED_OSMIUM;9961;9;9959;15;;;9967;12;9971;23;;;9964.0;0.0
yf_ZW=F_d4;54400;INTARIAN_PEPPER_ROOT;12958;18;12956;26;;;12964;11;12968;23;;;12961.0;0.0
yf_ZW=F_d4;54500;ASH_COATED_OSMIUM;9962;19;9960;26;;;9968;15;9972;24;;;9965.0;0.0
yf_ZW=F_d4;54500;INTARIAN_PEPPER_ROOT;12944;5;12940;26;;;12976;21;12978;25;;;12960.0;0.0
yf_ZW=F_d4;54600;ASH_COATED_OSMIUM;9958;22;9956;14;;;9971;7;9973;17;;;9964.5;0.0
yf_ZW=F_d4;54600;INTARIAN_PEPPER_ROOT;12954;20;12951;24;;;12964;16;12967;17;;;12959.0;0.0
yf_ZW=F_d4;54700;ASH_COATED_OSMIUM;9962;12;9960;9;;;9968;14;9970;18;;;9965.0;0.0
yf_ZW=F_d4;54700;INTARIAN_PEPPER_ROOT;12954;24;12951;13;;;12961;18;12965;19;;;12957.5;0.0
yf_ZW=F_d4;54800;ASH_COATED_OSMIUM;9962;14;9958;15;;;9968;23;9970;24;;;9965.0;0.0
yf_ZW=F_d4;54800;INTARIAN_PEPPER_ROOT;12953;5;12949;27;;;12961;5;12963;17;;;12957.0;0.0
yf_ZW=F_d4;54900;ASH_COATED_OSMIUM;9963;16;9959;25;;;9969;16;9972;14;;;9966.0;0.0
yf_ZW=F_d4;54900;INTARIAN_PEPPER_ROOT;12953;17;12949;24;;;12960;25;12962;21;;;12956.5;0.0
yf_ZW=F_d4;55000;ASH_COATED_OSMIUM;9959;16;9955;17;;;9971;10;9974;18;;;9965.0;0.0
yf_ZW=F_d4;55000;INTARIAN_PEPPER_ROOT;12951;19;12949;28;;;12959;17;12961;20;;;12955.0;0.0
yf_ZW=F_d4;55100;ASH_COATED_OSMIUM;9963;7;9961;30;;;9969;16;9972;22;;;9966.0;0.0
yf_ZW=F_d4;55100;INTARIAN_PEPPER_ROOT;12951;10;12947;25;;;12957;19;12961;21;;;12954.0;0.0
yf_ZW=F_d4;55200;ASH_COATED_OSMIUM;9963;24;9961;21;;;9969;15;9971;14;;;9966.0;0.0
yf_ZW=F_d4;55200;INTARIAN_PEPPER_ROOT;12950;8;12947;22;;;12956;22;12960;27;;;12953.0;0.0
yf_ZW=F_d4;55300;ASH_COATED_OSMIUM;9963;12;9959;34;;;9969;20;9971;21;;;9966.0;0.0
yf_ZW=F_d4;55300;INTARIAN_PEPPER_ROOT;12949;14;12946;20;;;12955;21;12958;22;;;12952.0;0.0
yf_ZW=F_d4;55400;ASH_COATED_OSMIUM;9963;9;9961;24;;;9969;16;9972;13;;;9966.0;0.0
yf_ZW=F_d4;55400;INTARIAN_PEPPER_ROOT;12940;17;12938;19;;;12962;12;12965;29;;;12951.0;0.0
yf_ZW=F_d4;55500;ASH_COATED_OSMIUM;9963;18;9961;22;;;9969;15;9973;20;;;9966.0;0.0
yf_ZW=F_d4;55500;INTARIAN_PEPPER_ROOT;12946;6;12944;21;;;12952;14;12955;23;;;12949.0;0.0
yf_ZW=F_d4;55600;ASH_COATED_OSMIUM;9963;24;9959;29;;;9969;14;9973;20;;;9966.0;0.0
yf_ZW=F_d4;55600;INTARIAN_PEPPER_ROOT;12945;14;12942;23;;;12951;21;12953;14;;;12948.0;0.0
yf_ZW=F_d4;55700;ASH_COATED_OSMIUM;9963;14;9959;14;;;9969;21;9971;20;;;9966.0;0.0
yf_ZW=F_d4;55700;INTARIAN_PEPPER_ROOT;12944;7;12940;27;;;12950;21;12952;17;;;12947.0;0.0
yf_ZW=F_d4;55800;ASH_COATED_OSMIUM;9963;19;9960;27;;;9970;17;9973;14;;;9966.5;0.0
yf_ZW=F_d4;55800;INTARIAN_PEPPER_ROOT;12935;7;12932;21;;;12959;9;12962;21;;;12947.0;0.0
yf_ZW=F_d4;55900;ASH_COATED_OSMIUM;9962;28;9960;18;;;9970;19;9974;22;;;9966.0;0.0
yf_ZW=F_d4;55900;INTARIAN_PEPPER_ROOT;12942;11;12938;14;;;12948;16;12950;16;;;12945.0;0.0
yf_ZW=F_d4;56000;ASH_COATED_OSMIUM;9964;14;9960;11;;;9970;17;9973;14;;;9967.0;0.0
yf_ZW=F_d4;56000;INTARIAN_PEPPER_ROOT;12935;12;12932;13;;;12952;17;12954;16;;;12943.5;0.0
yf_ZW=F_d4;56100;ASH_COATED_OSMIUM;9953;5;9951;12;;;9981;9;9985;15;;;9967.0;0.0
yf_ZW=F_d4;56100;INTARIAN_PEPPER_ROOT;12940;9;12937;15;;;12946;17;12949;17;;;12943.0;0.0
yf_ZW=F_d4;56200;ASH_COATED_OSMIUM;9961;10;9958;19;;;9972;18;9974;25;;;9966.5;0.0
yf_ZW=F_d4;56200;INTARIAN_PEPPER_ROOT;12934;23;12932;27;;;12948;16;12950;18;;;12941.0;0.0
yf_ZW=F_d4;56300;ASH_COATED_OSMIUM;9953;16;9950;25;;;9980;10;9982;19;;;9966.5;0.0
yf_ZW=F_d4;56300;INTARIAN_PEPPER_ROOT;12937;11;12933;9;;;12943;5;12945;20;;;12940.0;0.0
yf_ZW=F_d4;56400;ASH_COATED_OSMIUM;9964;16;9960;24;;;9970;11;9974;23;;;9967.0;0.0
yf_ZW=F_d4;56400;INTARIAN_PEPPER_ROOT;12936;17;12932;16;;;12942;24;12945;19;;;12939.0;0.0
yf_ZW=F_d4;56500;ASH_COATED_OSMIUM;9965;24;9963;17;;;9971;17;9975;30;;;9968.0;0.0
yf_ZW=F_d4;56500;INTARIAN_PEPPER_ROOT;12935;8;12931;23;;;12942;14;12946;21;;;12938.5;0.0
yf_ZW=F_d4;56600;ASH_COATED_OSMIUM;9965;12;9962;23;;;9971;24;9973;26;;;9968.0;0.0
yf_ZW=F_d4;56600;INTARIAN_PEPPER_ROOT;12933;12;12929;29;;;12942;11;12946;25;;;12937.5;0.0
yf_ZW=F_d4;56700;ASH_COATED_OSMIUM;9965;13;9961;15;;;9971;17;9975;16;;;9968.0;0.0
yf_ZW=F_d4;56700;INTARIAN_PEPPER_ROOT;12933;15;12931;24;;;12939;29;12941;25;;;12936.0;0.0
yf_ZW=F_d4;56800;ASH_COATED_OSMIUM;9961;14;9959;23;;;9975;16;9978;19;;;9968.0;0.0
yf_ZW=F_d4;56800;INTARIAN_PEPPER_ROOT;12925;20;12921;20;;;12946;8;12948;21;;;12935.5;0.0
yf_ZW=F_d4;56900;ASH_COATED_OSMIUM;9965;14;9961;16;;;9971;17;9974;23;;;9968.0;0.0
yf_ZW=F_d4;56900;INTARIAN_PEPPER_ROOT;12924;15;12921;24;;;12945;13;12947;20;;;12934.5;0.0
yf_ZW=F_d4;57000;ASH_COATED_OSMIUM;9965;9;9963;19;;;9971;18;9974;23;;;9968.0;0.0
yf_ZW=F_d4;57000;INTARIAN_PEPPER_ROOT;12930;15;12926;29;;;12936;16;12940;22;;;12933.0;0.0
yf_ZW=F_d4;57100;ASH_COATED_OSMIUM;9966;13;9964;19;;;9972;18;9974;21;;;9969.0;0.0
yf_ZW=F_d4;57100;INTARIAN_PEPPER_ROOT;12929;18;12927;15;;;12935;25;12939;25;;;12932.0;0.0
yf_ZW=F_d4;57200;ASH_COATED_OSMIUM;9965;5;9963;19;;;9971;7;9973;27;;;9968.0;0.0
yf_ZW=F_d4;57200;INTARIAN_PEPPER_ROOT;12928;11;12924;13;;;12934;9;12937;18;;;12931.0;0.0
yf_ZW=F_d4;57300;ASH_COATED_OSMIUM;9959;7;9956;20;;;9979;9;9983;28;;;9969.0;0.0
yf_ZW=F_d4;57300;INTARIAN_PEPPER_ROOT;12916;12;12912;24;;;12942;10;12946;24;;;12929.0;0.0
yf_ZW=F_d4;57400;ASH_COATED_OSMIUM;9965;5;9962;11;;;9973;25;9975;23;;;9969.0;0.0
yf_ZW=F_d4;57400;INTARIAN_PEPPER_ROOT;12926;15;12923;20;;;12932;14;12935;20;;;12929.0;0.0
yf_ZW=F_d4;57500;ASH_COATED_OSMIUM;9966;17;9964;14;;;9972;18;9975;20;;;9969.0;0.0
yf_ZW=F_d4;57500;INTARIAN_PEPPER_ROOT;12922;9;12918;21;;;12934;7;12938;23;;;12928.0;0.0
yf_ZW=F_d4;57600;ASH_COATED_OSMIUM;9966;16;9964;31;;;9972;16;9975;23;;;9969.0;0.0
yf_ZW=F_d4;57600;INTARIAN_PEPPER_ROOT;12924;16;12921;16;;;12930;22;12933;15;;;12927.0;0.0
yf_ZW=F_d4;57700;ASH_COATED_OSMIUM;9967;5;9965;27;;;9973;13;9977;17;;;9970.0;0.0
yf_ZW=F_d4;57700;INTARIAN_PEPPER_ROOT;12922;5;12918;24;;;12928;19;12931;8;;;12925.0;0.0
yf_ZW=F_d4;57800;ASH_COATED_OSMIUM;9966;12;9963;24;;;9972;23;9976;24;;;9969.0;0.0
yf_ZW=F_d4;57800;INTARIAN_PEPPER_ROOT;12918;20;12914;23;;;12931;10;12933;18;;;12924.5;0.0
yf_ZW=F_d4;57900;ASH_COATED_OSMIUM;9966;17;9962;13;;;9972;13;9974;13;;;9969.0;0.0
yf_ZW=F_d4;57900;INTARIAN_PEPPER_ROOT;12920;17;12918;8;;;12926;5;12930;19;;;12923.0;0.0
yf_ZW=F_d4;58000;ASH_COATED_OSMIUM;9962;22;9960;24;;;9978;18;9981;26;;;9970.0;0.0
yf_ZW=F_d4;58000;INTARIAN_PEPPER_ROOT;12918;14;12914;17;;;12926;14;12928;19;;;12922.0;0.0
yf_ZW=F_d4;58100;ASH_COATED_OSMIUM;9967;12;9964;26;;;9973;13;9976;26;;;9970.0;0.0
yf_ZW=F_d4;58100;INTARIAN_PEPPER_ROOT;12914;6;12911;16;;;12926;14;12929;24;;;12920.0;0.0
yf_ZW=F_d4;58200;ASH_COATED_OSMIUM;9967;16;9964;17;;;9973;16;9975;22;;;9970.0;0.0
yf_ZW=F_d4;58200;INTARIAN_PEPPER_ROOT;12910;13;12907;26;;;12930;23;12933;15;;;12920.0;0.0
yf_ZW=F_d4;58300;ASH_COATED_OSMIUM;9967;23;9964;20;;;9973;16;9975;13;;;9970.0;0.0
yf_ZW=F_d4;58300;INTARIAN_PEPPER_ROOT;12916;21;12912;17;;;12922;13;12924;18;;;12919.0;0.0
