day;timestamp;product;bid_price_1;bid_volume_1;bid_price_2;bid_volume_2;bid_price_3;bid_volume_3;ask_price_1;ask_volume_1;ask_price_2;ask_volume_2;ask_price_3;ask_volume_3;mid_price;profit_and_loss
yf_ZC=F_d14;0;ASH_COATED_OSMIUM;9897;18;9893;26;;;9903;7;9907;14;;;9900.0;0.0
yf_ZC=F_d14;0;INTARIAN_PEPPER_ROOT;11531;12;11527;16;;;11537;10;11539;20;;;11534.0;0.0
yf_ZC=F_d14;100;ASH_COATED_OSMIUM;9897;17;9894;19;;;9903;12;9907;17;;;9900.0;0.0
yf_ZC=F_d14;100;INTARIAN_PEPPER_ROOT;11532;11;11530;17;;;11538;13;11540;22;;;11535.0;0.0
yf_ZC=F_d14;200;ASH_COATED_OSMIUM;9897;11;9895;30;;;9903;15;9907;19;;;9900.0;0.0
yf_ZC=F_d14;200;INTARIAN_PEPPER_ROOT;11535;12;11532;20;;;11541;12;11545;23;;;11538.0;0.0
yf_ZC=F_d14;300;ASH_COATED_OSMIUM;9897;14;9895;10;;;9903;11;9907;19;;;9900.0;0.0
yf_ZC=F_d14;300;INTARIAN_PEPPER_ROOT;11537;14;11534;25;;;11543;11;11545;29;;;11540.0;0.0
yf_ZC=F_d14;400;ASH_COATED_OSMIUM;9897;20;9894;18;;;9903;11;9906;15;;;9900.0;0.0
yf_ZC=F_d14;400;INTARIAN_PEPPER_ROOT;11536;12;11534;21;;;11548;14;11550;23;;;11542.0;0.0
yf_ZC=F_d14;500;ASH_COATED_OSMIUM;9896;10;9892;18;;;9902;18;9905;15;;;9899.0;0.0
yf_ZC=F_d14;500;INTARIAN_PEPPER_ROOT;11541;24;11537;22;;;11547;7;11549;20;;;11544.0;0.0
yf_ZC=F_d14;600;ASH_COATED_OSMIUM;9897;16;9893;16;;;9904;12;9908;22;;;9900.5;0.0
yf_ZC=F_d14;600;INTARIAN_PEPPER_ROOT;11544;10;11541;16;;;11550;12;11552;26;;;11547.0;0.0
yf_ZC=F_d14;700;ASH_COATED_OSMIUM;9896;13;9893;15;;;9902;22;9905;26;;;9899.0;0.0
yf_ZC=F_d14;700;INTARIAN_PEPPER_ROOT;11546;12;11544;26;;;11552;19;11554;22;;;11549.0;0.0
yf_ZC=F_d14;800;ASH_COATED_OSMIUM;9881;10;9878;19;;;9918;25;9920;16;;;9899.5;0.0
yf_ZC=F_d14;800;INTARIAN_PEPPER_ROOT;11548;16;11545;14;;;11554;16;11556;18;;;11551.0;0.0
yf_ZC=F_d14;900;ASH_COATED_OSMIUM;9897;16;9894;21;;;9903;16;9907;15;;;9900.0;0.0
yf_ZC=F_d14;900;INTARIAN_PEPPER_ROOT;11550;18;11548;27;;;11556;19;11559;17;;;11553.0;0.0
yf_ZC=F_d14;1000;ASH_COATED_OSMIUM;9897;19;9895;27;;;9903;18;9907;21;;;9900.0;0.0
yf_ZC=F_d14;1000;INTARIAN_PEPPER_ROOT;11548;11;11545;20;;;11563;17;11565;27;;;11555.5;0.0
yf_ZC=F_d14;1100;ASH_COATED_OSMIUM;9897;14;9895;20;;;9903;17;9905;16;;;9900.0;0.0
yf_ZC=F_d14;1100;INTARIAN_PEPPER_ROOT;11554;18;11551;16;;;11561;18;11565;21;;;11557.5;0.0
yf_ZC=F_d14;1200;ASH_COATED_OSMIUM;9893;10;9890;18;;;9908;13;9912;13;;;9900.5;0.0
yf_ZC=F_d14;1200;INTARIAN_PEPPER_ROOT;11552;22;11550;17;;;11566;5;11569;25;;;11559.0;0.0
yf_ZC=F_d14;1300;ASH_COATED_OSMIUM;9897;18;9894;22;;;9903;16;9905;23;;;9900.0;0.0
yf_ZC=F_d14;1300;INTARIAN_PEPPER_ROOT;11555;13;11553;25;;;11568;13;11570;20;;;11561.5;0.0
yf_ZC=F_d14;1400;ASH_COATED_OSMIUM;9897;11;9895;20;;;9903;16;9906;26;;;9900.0;0.0
yf_ZC=F_d14;1400;INTARIAN_PEPPER_ROOT;11561;13;11558;21;;;11567;30;11570;23;;;11564.0;0.0
yf_ZC=F_d14;1500;ASH_COATED_OSMIUM;9897;17;9895;14;;;9903;5;9905;16;;;9900.0;0.0
yf_ZC=F_d14;1500;INTARIAN_PEPPER_ROOT;11554;14;11551;9;;;11577;6;11579;17;;;11565.5;0.0
yf_ZC=F_d14;1600;ASH_COATED_OSMIUM;9891;13;9888;25;;;9908;16;9911;19;;;9899.5;0.0
yf_ZC=F_d14;1600;INTARIAN_PEPPER_ROOT;11560;16;11557;21;;;11577;19;11579;15;;;11568.5;0.0
yf_ZC=F_d14;1700;ASH_COATED_OSMIUM;9897;18;9895;24;;;9903;17;9907;14;;;9900.0;0.0
yf_ZC=F_d14;1700;INTARIAN_PEPPER_ROOT;11568;15;11564;26;;;11574;17;11577;26;;;11571.0;0.0
yf_ZC=F_d14;1800;ASH_COATED_OSMIUM;9895;23;9893;23;;;9906;17;9909;14;;;9900.5;0.0
yf_ZC=F_d14;1800;INTARIAN_PEPPER_ROOT;11561;12;11559;13;;;11582;17;11584;16;;;11571.5;0.0
yf_ZC=F_d14;1900;ASH_COATED_OSMIUM;9897;18;9894;20;;;9903;5;9906;26;;;9900.0;0.0
yf_ZC=F_d14;1900;INTARIAN_PEPPER_ROOT;11568;15;11565;18;;;11581;10;11584;23;;;11574.5;0.0
yf_ZC=F_d14;2000;ASH_COATED_OSMIUM;9898;13;9896;16;;;9904;21;9907;22;;;9901.0;0.0
yf_ZC=F_d14;2000;INTARIAN_PEPPER_ROOT;11574;11;11570;16;;;11580;21;11584;22;;;11577.0;0.0
yf_ZC=F_d14;2100;ASH_COATED_OSMIUM;9897;15;9894;22;;;9903;12;9905;13;;;9900.0;0.0
yf_ZC=F_d14;2100;INTARIAN_PEPPER_ROOT;11576;17;11572;22;;;11582;14;11584;20;;;11579.0;0.0
yf_ZC=F_d14;2200;ASH_COATED_OSMIUM;9897;11;9894;22;;;9903;7;9905;29;;;9900.0;0.0
yf_ZC=F_d14;2200;INTARIAN_PEPPER_ROOT;11578;19;11575;16;;;11584;22;11587;25;;;11581.0;0.0
yf_ZC=F_d14;2300;ASH_COATED_OSMIUM;9892;8;9889;18;;;9908;25;9911;20;;;9900.0;0.0
yf_ZC=F_d14;2300;INTARIAN_PEPPER_ROOT;11580;20;11577;9;;;11588;6;11592;14;;;11584.0;0.0
yf_ZC=F_d14;2400;ASH_COATED_OSMIUM;9897;12;9895;16;;;9903;11;9906;8;;;9900.0;0.0
yf_ZC=F_d14;2400;INTARIAN_PEPPER_ROOT;11583;12;11579;15;;;11589;12;11591;20;;;11586.0;0.0
yf_ZC=F_d14;2500;ASH_COATED_OSMIUM;9897;14;9894;29;;;9903;9;9905;13;;;9900.0;0.0
yf_ZC=F_d14;2500;INTARIAN_PEPPER_ROOT;11583;17;11579;13;;;11592;14;11596;20;;;11587.5;0.0
yf_ZC=F_d14;2600;ASH_COATED_OSMIUM;9894;13;9891;21;;;9906;9;9908;14;;;9900.0;0.0
yf_ZC=F_d14;2600;INTARIAN_PEPPER_ROOT;11587;14;11585;16;;;11593;15;11597;20;;;11590.0;0.0
yf_ZC=F_d14;2700;ASH_COATED_OSMIUM;9897;7;9894;22;;;9903;10;9905;15;;;9900.0;0.0
yf_ZC=F_d14;2700;INTARIAN_PEPPER_ROOT;11589;19;11586;20;;;11595;7;11597;16;;;11592.0;0.0
yf_ZC=F_d14;2800;ASH_COATED_OSMIUM;9896;8;9892;25;;;9902;12;9905;8;;;9899.0;0.0
yf_ZC=F_d14;2800;INTARIAN_PEPPER_ROOT;11591;16;11587;14;;;11597;15;11601;24;;;11594.0;0.0
yf_ZC=F_d14;2900;ASH_COATED_OSMIUM;9897;15;9893;27;;;9903;11;9905;18;;;9900.0;0.0
yf_ZC=F_d14;2900;INTARIAN_PEPPER_ROOT;11593;15;11590;21;;;11599;14;11601;14;;;11596.0;0.0
yf_ZC=F_d14;3000;ASH_COATED_OSMIUM;9896;14;9893;27;;;9903;21;9905;24;;;9899.5;0.0
yf_ZC=F_d14;3000;INTARIAN_PEPPER_ROOT;11593;17;11591;18;;;11602;7;11604;21;;;11597.5;0.0
yf_ZC=F_d14;3100;ASH_COATED_OSMIUM;9898;13;9894;14;;;9904;10;9906;15;;;9901.0;0.0
yf_ZC=F_d14;3100;INTARIAN_PEPPER_ROOT;11598;18;11596;20;;;11604;15;11607;18;;;11601.0;0.0
yf_ZC=F_d14;3200;ASH_COATED_OSMIUM;9897;12;9893;13;;;9903;14;9905;31;;;9900.0;0.0
yf_ZC=F_d14;3200;INTARIAN_PEPPER_ROOT;11600;17;11598;17;;;11606;20;11610;25;;;11603.0;0.0
yf_ZC=F_d14;3300;ASH_COATED_OSMIUM;9895;18;9892;8;;;9905;18;9908;27;;;9900.0;0.0
yf_ZC=F_d14;3300;INTARIAN_PEPPER_ROOT;11602;11;11600;22;;;11608;14;11611;24;;;11605.0;0.0
yf_ZC=F_d14;3400;ASH_COATED_OSMIUM;9897;16;9894;16;;;9903;16;9905;12;;;9900.0;0.0
yf_ZC=F_d14;3400;INTARIAN_PEPPER_ROOT;11603;12;11600;25;;;11611;15;11614;28;;;11607.0;0.0
yf_ZC=F_d14;3500;ASH_COATED_OSMIUM;9897;9;9893;19;;;9903;15;9905;21;;;9900.0;0.0
yf_ZC=F_d14;3500;INTARIAN_PEPPER_ROOT;11606;14;11604;23;;;11612;20;11615;23;;;11609.0;0.0
yf_ZC=F_d14;3600;ASH_COATED_OSMIUM;9892;18;9890;23;;;9908;17;9911;24;;;9900.0;0.0
yf_ZC=F_d14;3600;INTARIAN_PEPPER_ROOT;11608;16;11605;17;;;11615;17;11618;25;;;11611.5;0.0
yf_ZC=F_d14;3700;ASH_COATED_OSMIUM;9892;18;9889;25;;;9908;25;9911;15;;;9900.0;0.0
yf_ZC=F_d14;3700;INTARIAN_PEPPER_ROOT;11611;9;11609;23;;;11617;21;11621;22;;;11614.0;0.0
yf_ZC=F_d14;3800;ASH_COATED_OSMIUM;9896;19;9894;24;;;9902;7;9905;16;;;9899.0;0.0
yf_ZC=F_d14;3800;INTARIAN_PEPPER_ROOT;11613;13;11609;28;;;11619;16;11623;14;;;11616.0;0.0
yf_ZC=F_d14;3900;ASH_COATED_OSMIUM;9893;20;9890;22;;;9907;5;9910;20;;;9900.0;0.0
yf_ZC=F_d14;3900;INTARIAN_PEPPER_ROOT;11612;23;11608;23;;;11624;10;11627;17;;;11618.0;0.0
yf_ZC=F_d14;4000;ASH_COATED_OSMIUM;9897;8;9893;16;;;9903;20;9906;10;;;9900.0;0.0
yf_ZC=F_d14;4000;INTARIAN_PEPPER_ROOT;11617;7;11614;12;;;11623;14;11626;21;;;11620.0;0.0
yf_ZC=F_d14;4100;ASH_COATED_OSMIUM;9892;12;9888;10;;;9907;13;9910;15;;;9899.5;0.0
yf_ZC=F_d14;4100;INTARIAN_PEPPER_ROOT;11619;15;11616;17;;;11627;12;11631;22;;;11623.0;0.0
yf_ZC=F_d14;4200;ASH_COATED_OSMIUM;9897;16;9894;22;;;9903;19;9907;26;;;9900.0;0.0
yf_ZC=F_d14;4200;INTARIAN_PEPPER_ROOT;11621;17;11618;19;;;11627;16;11631;30;;;11624.0;0.0
yf_ZC=F_d14;4300;ASH_COATED_OSMIUM;9896;14;9893;26;;;9902;15;9905;17;;;9899.0;0.0
yf_ZC=F_d14;4300;INTARIAN_PEPPER_ROOT;11624;18;11621;18;;;11631;8;11633;19;;;11627.5;0.0
yf_ZC=F_d14;4400;ASH_COATED_OSMIUM;9897;19;9894;17;;;9903;15;9907;30;;;9900.0;0.0
yf_ZC=F_d14;4400;INTARIAN_PEPPER_ROOT;11624;11;11620;21;;;11632;18;11635;18;;;11628.0;0.0
yf_ZC=F_d14;4500;ASH_COATED_OSMIUM;9897;5;9894;19;;;9903;10;9906;18;;;9900.0;0.0
yf_ZC=F_d14;4500;INTARIAN_PEPPER_ROOT;11628;20;11625;21;;;11634;16;11637;23;;;11631.0;0.0
yf_ZC=F_d14;4600;ASH_COATED_OSMIUM;9897;16;9894;18;;;9903;9;9906;22;;;9900.0;0.0
yf_ZC=F_d14;4600;INTARIAN_PEPPER_ROOT;11629;16;11626;13;;;11637;15;11640;26;;;11633.0;0.0
yf_ZC=F_d14;4700;ASH_COATED_OSMIUM;9890;7;9886;31;;;9909;13;9913;24;;;9899.5;0.0
yf_ZC=F_d14;4700;INTARIAN_PEPPER_ROOT;11629;18;11626;22;;;11641;16;11645;27;;;11635.0;0.0
yf_ZC=F_d14;4800;ASH_COATED_OSMIUM;9897;9;9895;25;;;9903;5;9906;21;;;9900.0;0.0
yf_ZC=F_d14;4800;INTARIAN_PEPPER_ROOT;11628;7;11626;18;;;11648;15;11650;14;;;11638.0;0.0
yf_ZC=F_d14;4900;ASH_COATED_OSMIUM;9894;11;9892;14;;;9906;9;9910;24;;;9900.0;0.0
yf_ZC=F_d14;4900;INTARIAN_PEPPER_ROOT;11637;17;11634;12;;;11643;15;11645;29;;;11640.0;0.0
yf_ZC=F_d14;5000;ASH_COATED_OSMIUM;9896;8;9893;31;;;9904;20;9908;21;;;9900.0;0.0
yf_ZC=F_d14;5000;INTARIAN_PEPPER_ROOT;11639;11;11635;27;;;11645;15;11649;12;;;11642.0;0.0
yf_ZC=F_d14;5100;ASH_COATED_OSMIUM;9897;14;9893;16;;;9903;15;9907;11;;;9900.0;0.0
yf_ZC=F_d14;5100;INTARIAN_PEPPER_ROOT;11637;21;11633;17;;;11650;13;11652;16;;;11643.5;0.0
yf_ZC=F_d14;5200;ASH_COATED_OSMIUM;9892;19;9888;17;;;9908;15;9911;18;;;9900.0;0.0
yf_ZC=F_d14;5200;INTARIAN_PEPPER_ROOT;11643;9;11639;21;;;11649;16;11651;21;;;11646.0;0.0
yf_ZC=F_d14;5300;ASH_COATED_OSMIUM;9895;20;9891;21;;;9904;8;9906;22;;;9899.5;0.0
yf_ZC=F_d14;5300;INTARIAN_PEPPER_ROOT;11644;15;11641;22;;;11653;13;11657;20;;;11648.5;0.0
yf_ZC=F_d14;5400;ASH_COATED_OSMIUM;9896;14;9892;18;;;9905;11;9907;24;;;9900.5;0.0
yf_ZC=F_d14;5400;INTARIAN_PEPPER_ROOT;11641;15;11639;28;;;11661;19;11663;16;;;11651.0;0.0
yf_ZC=F_d14;5500;ASH_COATED_OSMIUM;9895;8;9893;18;;;9904;11;9908;20;;;9899.5;0.0
yf_ZC=F_d14;5500;INTARIAN_PEPPER_ROOT;11650;21;11648;20;;;11656;11;11660;18;;;11653.0;0.0
yf_ZC=F_d14;5600;ASH_COATED_OSMIUM;9897;21;9893;13;;;9903;14;9907;21;;;9900.0;0.0
yf_ZC=F_d14;5600;INTARIAN_PEPPER_ROOT;11652;21;11649;18;;;11660;13;11663;18;;;11656.0;0.0
yf_ZC=F_d14;5700;ASH_COATED_OSMIUM;9897;5;9894;23;;;9903;16;9907;22;;;9900.0;0.0
yf_ZC=F_d14;5700;INTARIAN_PEPPER_ROOT;11654;9;11650;17;;;11660;12;11664;20;;;11657.0;0.0
yf_ZC=F_d14;5800;ASH_COATED_OSMIUM;9892;17;9889;19;;;9908;8;9912;28;;;9900.0;0.0
yf_ZC=F_d14;5800;INTARIAN_PEPPER_ROOT;11654;17;11651;9;;;11665;5;11669;20;;;11659.5;0.0
yf_ZC=F_d14;5900;ASH_COATED_OSMIUM;9895;14;9893;24;;;9906;20;9910;18;;;9900.5;0.0
yf_ZC=F_d14;5900;INTARIAN_PEPPER_ROOT;11653;9;11651;22;;;11669;24;11671;19;;;11661.0;0.0
yf_ZC=F_d14;6000;ASH_COATED_OSMIUM;9897;23;9894;20;;;9903;14;9907;17;;;9900.0;0.0
yf_ZC=F_d14;6000;INTARIAN_PEPPER_ROOT;11660;5;11656;20;;;11666;17;11670;21;;;11663.0;0.0
yf_ZC=F_d14;6100;ASH_COATED_OSMIUM;9897;12;9893;21;;;9903;18;9907;19;;;9900.0;0.0
yf_ZC=F_d14;6100;INTARIAN_PEPPER_ROOT;11656;25;11653;16;;;11674;13;11678;21;;;11665.0;0.0
yf_ZC=F_d14;6200;ASH_COATED_OSMIUM;9897;18;9893;22;;;9903;15;9907;24;;;9900.0;0.0
yf_ZC=F_d14;6200;INTARIAN_PEPPER_ROOT;11665;8;11661;21;;;11671;19;11673;27;;;11668.0;0.0
yf_ZC=F_d14;6300;ASH_COATED_OSMIUM;9895;11;9893;17;;;9906;8;9908;19;;;9900.5;0.0
yf_ZC=F_d14;6300;INTARIAN_PEPPER_ROOT;11658;13;11654;12;;;11681;22;11684;17;;;11669.5;0.0
yf_ZC=F_d14;6400;ASH_COATED_OSMIUM;9897;9;9895;10;;;9903;9;9905;12;;;9900.0;0.0
yf_ZC=F_d14;6400;INTARIAN_PEPPER_ROOT;11666;12;11662;19;;;11677;15;11679;18;;;11671.5;0.0
yf_ZC=F_d14;6500;ASH_COATED_OSMIUM;9897;16;9893;19;;;9903;17;9906;23;;;9900.0;0.0
yf_ZC=F_d14;6500;INTARIAN_PEPPER_ROOT;11670;15;11668;25;;;11678;13;11681;18;;;11674.0;0.0
yf_ZC=F_d14;6600;ASH_COATED_OSMIUM;9892;5;9890;16;;;9907;10;9909;16;;;9899.5;0.0
yf_ZC=F_d14;6600;INTARIAN_PEPPER_ROOT;11674;17;11671;24;;;11680;16;11683;22;;;11677.0;0.0
yf_ZC=F_d14;6700;ASH_COATED_OSMIUM;9897;19;9895;18;;;9903;6;9907;12;;;9900.0;0.0
yf_ZC=F_d14;6700;INTARIAN_PEPPER_ROOT;11675;10;11671;15;;;11681;9;11683;15;;;11678.0;0.0
yf_ZC=F_d14;6800;ASH_COATED_OSMIUM;9897;16;9894;26;;;9903;19;9906;20;;;9900.0;0.0
yf_ZC=F_d14;6800;INTARIAN_PEPPER_ROOT;11674;19;11672;28;;;11687;9;11691;21;;;11680.5;0.0
yf_ZC=F_d14;6900;ASH_COATED_OSMIUM;9897;19;9894;33;;;9903;8;9907;15;;;9900.0;0.0
yf_ZC=F_d14;6900;INTARIAN_PEPPER_ROOT;11680;19;11677;18;;;11686;13;11690;15;;;11683.0;0.0
yf_ZC=F_d14;7000;ASH_COATED_OSMIUM;9893;26;9890;19;;;9905;10;9907;17;;;9899.0;0.0
yf_ZC=F_d14;7000;INTARIAN_PEPPER_ROOT;11681;21;11678;25;;;11690;14;11694;15;;;11685.5;0.0
yf_ZC=F_d14;7100;ASH_COATED_OSMIUM;9892;26;9888;26;;;9908;8;9911;20;;;9900.0;0.0
yf_ZC=F_d14;7100;INTARIAN_PEPPER_ROOT;11682;12;11678;26;;;11692;17;11696;20;;;11687.0;0.0
yf_ZC=F_d14;7200;ASH_COATED_OSMIUM;9897;14;9894;30;;;9903;13;9907;15;;;9900.0;0.0
yf_ZC=F_d14;7200;INTARIAN_PEPPER_ROOT;11685;10;11682;8;;;11693;14;11697;14;;;11689.0;0.0
yf_ZC=F_d14;7300;ASH_COATED_OSMIUM;9897;19;9894;28;;;9903;16;9906;21;;;9900.0;0.0
yf_ZC=F_d14;7300;INTARIAN_PEPPER_ROOT;11688;16;11684;18;;;11694;11;11697;22;;;11691.0;0.0
yf_ZC=F_d14;7400;ASH_COATED_OSMIUM;9883;22;9881;18;;;9916;16;9918;23;;;9899.5;0.0
yf_ZC=F_d14;7400;INTARIAN_PEPPER_ROOT;11691;10;11688;19;;;11697;12;11700;16;;;11694.0;0.0
yf_ZC=F_d14;7500;ASH_COATED_OSMIUM;9893;24;9890;24;;;9905;13;9908;18;;;9899.0;0.0
yf_ZC=F_d14;7500;INTARIAN_PEPPER_ROOT;11690;15;11686;24;;;11701;20;11705;27;;;11695.5;0.0
yf_ZC=F_d14;7600;ASH_COATED_OSMIUM;9897;17;9893;20;;;9903;21;9905;15;;;9900.0;0.0
yf_ZC=F_d14;7600;INTARIAN_PEPPER_ROOT;11695;13;11693;16;;;11701;16;11705;26;;;11698.0;0.0
yf_ZC=F_d14;7700;ASH_COATED_OSMIUM;9897;9;9894;17;;;9903;11;9906;19;;;9900.0;0.0
yf_ZC=F_d14;7700;INTARIAN_PEPPER_ROOT;11689;18;11685;18;;;11712;7;11716;26;;;11700.5;0.0
yf_ZC=F_d14;7800;ASH_COATED_OSMIUM;9894;8;9890;18;;;9906;21;9909;14;;;9900.0;0.0
yf_ZC=F_d14;7800;INTARIAN_PEPPER_ROOT;11680;23;11676;15;;;11723;7;11726;18;;;11701.5;0.0
yf_ZC=F_d14;7900;ASH_COATED_OSMIUM;9896;16;9892;29;;;9902;13;9905;24;;;9899.0;0.0
yf_ZC=F_d14;7900;INTARIAN_PEPPER_ROOT;11701;10;11699;19;;;11707;14;11710;10;;;11704.0;0.0
yf_ZC=F_d14;8000;ASH_COATED_OSMIUM;9897;14;9893;14;;;9903;13;9907;23;;;9900.0;0.0
yf_ZC=F_d14;8000;INTARIAN_PEPPER_ROOT;11703;21;11701;27;;;11710;17;11712;22;;;11706.5;0.0
yf_ZC=F_d14;8100;ASH_COATED_OSMIUM;9896;15;9892;25;;;9902;9;9904;24;;;9899.0;0.0
yf_ZC=F_d14;8100;INTARIAN_PEPPER_ROOT;11706;6;11702;20;;;11712;14;11716;18;;;11709.0;0.0
yf_ZC=F_d14;8200;ASH_COATED_OSMIUM;9897;12;9894;20;;;9903;19;9906;15;;;9900.0;0.0
yf_ZC=F_d14;8200;INTARIAN_PEPPER_ROOT;11701;11;11699;16;;;11721;26;11725;22;;;11711.0;0.0
yf_ZC=F_d14;8300;ASH_COATED_OSMIUM;9897;13;9894;22;;;9903;14;9907;22;;;9900.0;0.0
yf_ZC=F_d14;8300;INTARIAN_PEPPER_ROOT;11710;17;11708;22;;;11716;20;11719;19;;;11713.0;0.0
yf_ZC=F_d14;8400;ASH_COATED_OSMIUM;9893;16;9889;21;;;9907;15;9909;14;;;9900.0;0.0
yf_ZC=F_d14;8400;INTARIAN_PEPPER_ROOT;11713;20;11709;22;;;11719;13;11721;22;;;11716.0;0.0
yf_ZC=F_d14;8500;ASH_COATED_OSMIUM;9897;27;9895;20;;;9903;13;9905;26;;;9900.0;0.0
yf_ZC=F_d14;8500;INTARIAN_PEPPER_ROOT;11714;15;11710;21;;;11720;15;11724;15;;;11717.0;0.0
yf_ZC=F_d14;8600;ASH_COATED_OSMIUM;9897;21;9893;21;;;9903;22;9905;21;;;9900.0;0.0
yf_ZC=F_d14;8600;INTARIAN_PEPPER_ROOT;11717;17;11713;20;;;11723;5;11726;13;;;11720.0;0.0
yf_ZC=F_d14;8700;ASH_COATED_OSMIUM;9894;19;9890;14;;;9905;20;9907;17;;;9899.5;0.0
yf_ZC=F_d14;8700;INTARIAN_PEPPER_ROOT;11716;14;11712;19;;;11728;7;11730;19;;;11722.0;0.0
yf_ZC=F_d14;8800;ASH_COATED_OSMIUM;9897;20;9893;19;;;9903;12;9906;24;;;9900.0;0.0
yf_ZC=F_d14;8800;INTARIAN_PEPPER_ROOT;11705;13;11702;21;;;11742;18;11745;28;;;11723.5;0.0
yf_ZC=F_d14;8900;ASH_COATED_OSMIUM;9896;10;9894;15;;;9902;20;9905;26;;;9899.0;0.0
yf_ZC=F_d14;8900;INTARIAN_PEPPER_ROOT;11723;15;11720;16;;;11729;16;11731;18;;;11726.0;0.0
yf_ZC=F_d14;9000;ASH_COATED_OSMIUM;9897;14;9893;11;;;9903;24;9907;17;;;9900.0;0.0
yf_ZC=F_d14;9000;INTARIAN_PEPPER_ROOT;11723;17;11719;23;;;11733;15;11737;17;;;11728.0;0.0
yf_ZC=F_d14;9100;ASH_COATED_OSMIUM;9896;11;9893;25;;;9904;20;9907;12;;;9900.0;0.0
yf_ZC=F_d14;9100;INTARIAN_PEPPER_ROOT;11728;23;11724;14;;;11734;23;11738;17;;;11731.0;0.0
yf_ZC=F_d14;9200;ASH_COATED_OSMIUM;9897;9;9893;12;;;9903;18;9906;17;;;9900.0;0.0
yf_ZC=F_d14;9200;INTARIAN_PEPPER_ROOT;11723;21;11719;16;;;11742;15;11746;24;;;11732.5;0.0
yf_ZC=F_d14;9300;ASH_COATED_OSMIUM;9894;14;9892;11;;;9904;13;9906;23;;;9899.0;0.0
yf_ZC=F_d14;9300;INTARIAN_PEPPER_ROOT;11731;15;11727;26;;;11737;20;11741;17;;;11734.0;0.0
yf_ZC=F_d14;9400;ASH_COATED_OSMIUM;9895;14;9893;20;;;9903;16;9907;17;;;9899.0;0.0
yf_ZC=F_d14;9400;INTARIAN_PEPPER_ROOT;11734;9;11731;26;;;11740;22;11744;17;;;11737.0;0.0
yf_ZC=F_d14;9500;ASH_COATED_OSMIUM;9896;8;9894;8;;;9902;16;9905;13;;;9899.0;0.0
yf_ZC=F_d14;9500;INTARIAN_PEPPER_ROOT;11734;8;11732;17;;;11745;10;11749;17;;;11739.5;0.0
yf_ZC=F_d14;9600;ASH_COATED_OSMIUM;9892;20;9888;25;;;9907;16;9910;21;;;9899.5;0.0
yf_ZC=F_d14;9600;INTARIAN_PEPPER_ROOT;11732;19;11728;28;;;11750;8;11752;21;;;11741.0;0.0
yf_ZC=F_d14;9700;ASH_COATED_OSMIUM;9894;21;9892;19;;;9906;16;9909;19;;;9900.0;0.0
yf_ZC=F_d14;9700;INTARIAN_PEPPER_ROOT;11741;15;11739;24;;;11747;20;11751;17;;;11744.0;0.0
yf_ZC=F_d14;9800;ASH_COATED_OSMIUM;9895;13;9893;20;;;9903;11;9905;24;;;9899.0;0.0
yf_ZC=F_d14;9800;INTARIAN_PEPPER_ROOT;11743;5;11739;26;;;11749;15;11751;15;;;11746.0;0.0
yf_ZC=F_d14;9900;ASH_COATED_OSMIUM;9893;14;9889;19;;;9906;12;9910;9;;;9899.5;0.0
yf_ZC=F_d14;9900;INTARIAN_PEPPER_ROOT;11745;14;11742;26;;;11751;16;11754;22;;;11748.0;0.0
yf_ZC=F_d14;10000;ASH_COATED_OSMIUM;9895;12;9893;20;;;9904;18;9906;16;;;9899.5;0.0
yf_ZC=F_d14;10000;INTARIAN_PEPPER_ROOT;11747;13;11743;21;;;11753;9;11757;24;;;11750.0;0.0
yf_ZC=F_d14;10100;ASH_COATED_OSMIUM;9897;13;9893;18;;;9903;16;9907;18;;;9900.0;0.0
yf_ZC=F_d14;10100;INTARIAN_PEPPER_ROOT;11745;14;11743;21;;;11760;17;11763;16;;;11752.5;0.0
yf_ZC=F_d14;10200;ASH_COATED_OSMIUM;9897;20;9894;19;;;9903;16;9907;24;;;9900.0;0.0
yf_ZC=F_d14;10200;INTARIAN_PEPPER_ROOT;11751;10;11748;17;;;11757;16;11760;20;;;11754.0;0.0
yf_ZC=F_d14;10300;ASH_COATED_OSMIUM;9897;14;9895;20;;;9903;14;9906;15;;;9900.0;0.0
yf_ZC=F_d14;10300;INTARIAN_PEPPER_ROOT;11754;14;11751;28;;;11760;16;11764;31;;;11757.0;0.0
yf_ZC=F_d14;10400;ASH_COATED_OSMIUM;9896;20;9892;26;;;9902;13;9906;17;;;9899.0;0.0
yf_ZC=F_d14;10400;INTARIAN_PEPPER_ROOT;11756;12;11753;12;;;11762;17;11764;17;;;11759.0;0.0
yf_ZC=F_d14;10500;ASH_COATED_OSMIUM;9896;19;9894;17;;;9902;13;9905;27;;;9899.0;0.0
yf_ZC=F_d14;10500;INTARIAN_PEPPER_ROOT;11758;10;11755;18;;;11764;8;11768;23;;;11761.0;0.0
yf_ZC=F_d14;10600;ASH_COATED_OSMIUM;9897;14;9893;23;;;9903;8;9905;22;;;9900.0;0.0
yf_ZC=F_d14;10600;INTARIAN_PEPPER_ROOT;11760;21;11757;11;;;11766;11;11769;15;;;11763.0;0.0
yf_ZC=F_d14;10700;ASH_COATED_OSMIUM;9896;22;9893;26;;;9902;17;9905;15;;;9899.0;0.0
yf_ZC=F_d14;10700;INTARIAN_PEPPER_ROOT;11761;15;11757;22;;;11767;8;11771;16;;;11764.0;0.0
yf_ZC=F_d14;10800;ASH_COATED_OSMIUM;9896;15;9893;31;;;9902;12;9906;20;;;9899.0;0.0
yf_ZC=F_d14;10800;INTARIAN_PEPPER_ROOT;11765;12;11761;26;;;11771;17;11774;27;;;11768.0;0.0
yf_ZC=F_d14;10900;ASH_COATED_OSMIUM;9895;17;9892;21;;;9904;14;9908;16;;;9899.5;0.0
yf_ZC=F_d14;10900;INTARIAN_PEPPER_ROOT;11766;12;11764;26;;;11772;13;11775;30;;;11769.0;0.0
yf_ZC=F_d14;11000;ASH_COATED_OSMIUM;9885;15;9881;21;;;9915;5;9919;28;;;9900.0;0.0
yf_ZC=F_d14;11000;INTARIAN_PEPPER_ROOT;11768;11;11766;18;;;11776;18;11779;17;;;11772.0;0.0
yf_ZC=F_d14;11100;ASH_COATED_OSMIUM;9897;13;9895;22;;;9903;22;9905;18;;;9900.0;0.0
yf_ZC=F_d14;11100;INTARIAN_PEPPER_ROOT;11764;17;11760;9;;;11784;15;11787;19;;;11774.0;0.0
yf_ZC=F_d14;11200;ASH_COATED_OSMIUM;9890;13;9888;27;;;9908;15;9911;17;;;9899.0;0.0
yf_ZC=F_d14;11200;INTARIAN_PEPPER_ROOT;11773;24;11771;17;;;11779;13;11783;12;;;11776.0;0.0
yf_ZC=F_d14;11300;ASH_COATED_OSMIUM;9897;13;9895;19;;;9903;10;9905;16;;;9900.0;0.0
yf_ZC=F_d14;11300;INTARIAN_PEPPER_ROOT;11775;12;11772;17;;;11781;9;11784;20;;;11778.0;0.0
yf_ZC=F_d14;11400;ASH_COATED_OSMIUM;9892;18;9890;21;;;9908;23;9912;23;;;9900.0;0.0
yf_ZC=F_d14;11400;INTARIAN_PEPPER_ROOT;11772;25;11769;22;;;11787;7;11789;25;;;11779.5;0.0
yf_ZC=F_d14;11500;ASH_COATED_OSMIUM;9897;10;9894;17;;;9903;12;9905;14;;;9900.0;0.0
yf_ZC=F_d14;11500;INTARIAN_PEPPER_ROOT;11779;11;11777;24;;;11785;15;11789;18;;;11782.0;0.0
yf_ZC=F_d14;11600;ASH_COATED_OSMIUM;9897;19;9895;15;;;9903;19;9906;17;;;9900.0;0.0
yf_ZC=F_d14;11600;INTARIAN_PEPPER_ROOT;11779;8;11777;20;;;11790;13;11792;9;;;11784.5;0.0
yf_ZC=F_d14;11700;ASH_COATED_OSMIUM;9893;11;9890;20;;;9906;17;9908;16;;;9899.5;0.0
yf_ZC=F_d14;11700;INTARIAN_PEPPER_ROOT;11782;17;11778;17;;;11790;11;11794;17;;;11786.0;0.0
yf_ZC=F_d14;11800;ASH_COATED_OSMIUM;9896;22;9894;21;;;9904;14;9906;18;;;9900.0;0.0
yf_ZC=F_d14;11800;INTARIAN_PEPPER_ROOT;11784;21;11780;25;;;11793;13;11797;22;;;11788.5;0.0
yf_ZC=F_d14;11900;ASH_COATED_OSMIUM;9896;9;9892;16;;;9902;12;9905;23;;;9899.0;0.0
yf_ZC=F_d14;11900;INTARIAN_PEPPER_ROOT;11788;14;11786;16;;;11794;10;11797;23;;;11791.0;0.0
yf_ZC=F_d14;12000;ASH_COATED_OSMIUM;9896;17;9893;20;;;9904;14;9907;31;;;9900.0;0.0
yf_ZC=F_d14;12000;INTARIAN_PEPPER_ROOT;11786;9;11784;28;;;11800;23;11803;19;;;11793.0;0.0
yf_ZC=F_d14;12100;ASH_COATED_OSMIUM;9895;10;9892;25;;;9905;18;9907;28;;;9900.0;0.0
yf_ZC=F_d14;12100;INTARIAN_PEPPER_ROOT;11792;16;11789;15;;;11798;14;11801;16;;;11795.0;0.0
yf_ZC=F_d14;12200;ASH_COATED_OSMIUM;9896;10;9894;19;;;9902;19;9905;20;;;9899.0;0.0
yf_ZC=F_d14;12200;INTARIAN_PEPPER_ROOT;11794;12;11791;30;;;11800;18;11803;20;;;11797.0;0.0
yf_ZC=F_d14;12300;ASH_COATED_OSMIUM;9895;23;9892;13;;;9904;7;9906;26;;;9899.5;0.0
yf_ZC=F_d14;12300;INTARIAN_PEPPER_ROOT;11796;20;11792;27;;;11802;21;11806;19;;;11799.0;0.0
yf_ZC=F_d14;12400;ASH_COATED_OSMIUM;9896;18;9893;24;;;9904;23;9907;17;;;9900.0;0.0
yf_ZC=F_d14;12400;INTARIAN_PEPPER_ROOT;11797;8;11793;20;;;11807;12;11811;20;;;11802.0;0.0
yf_ZC=F_d14;12500;ASH_COATED_OSMIUM;9896;22;9894;22;;;9902;18;9905;19;;;9899.0;0.0
yf_ZC=F_d14;12500;INTARIAN_PEPPER_ROOT;11801;11;11798;8;;;11807;15;11811;23;;;11804.0;0.0
yf_ZC=F_d14;12600;ASH_COATED_OSMIUM;9889;10;9885;16;;;9911;9;9913;17;;;9900.0;0.0
yf_ZC=F_d14;12600;INTARIAN_PEPPER_ROOT;11786;19;11783;28;;;11827;9;11831;24;;;11806.5;0.0
yf_ZC=F_d14;12700;ASH_COATED_OSMIUM;9886;22;9883;28;;;9914;6;9917;16;;;9900.0;0.0
yf_ZC=F_d14;12700;INTARIAN_PEPPER_ROOT;11799;23;11796;16;;;11817;5;11820;16;;;11808.0;0.0
yf_ZC=F_d14;12800;ASH_COATED_OSMIUM;9896;20;9893;21;;;9902;20;9905;18;;;9899.0;0.0
yf_ZC=F_d14;12800;INTARIAN_PEPPER_ROOT;11808;12;11804;19;;;11814;15;11817;17;;;11811.0;0.0
yf_ZC=F_d14;12900;ASH_COATED_OSMIUM;9894;16;9892;18;;;9906;25;9909;17;;;9900.0;0.0
yf_ZC=F_d14;12900;INTARIAN_PEPPER_ROOT;11810;16;11807;20;;;11816;9;11820;18;;;11813.0;0.0
yf_ZC=F_d14;13000;ASH_COATED_OSMIUM;9897;11;9893;21;;;9903;13;9905;32;;;9900.0;0.0
yf_ZC=F_d14;13000;INTARIAN_PEPPER_ROOT;11807;16;11803;20;;;11822;14;11825;16;;;11814.5;0.0
yf_ZC=F_d14;13100;ASH_COATED_OSMIUM;9895;18;9892;26;;;9904;11;9906;21;;;9899.5;0.0
yf_ZC=F_d14;13100;INTARIAN_PEPPER_ROOT;11814;11;11811;16;;;11820;16;11822;26;;;11817.0;0.0
yf_ZC=F_d14;13200;ASH_COATED_OSMIUM;9897;16;9893;18;;;9903;24;9905;20;;;9900.0;0.0
yf_ZC=F_d14;13200;INTARIAN_PEPPER_ROOT;11816;16;11813;27;;;11822;15;11826;12;;;11819.0;0.0
yf_ZC=F_d14;13300;ASH_COATED_OSMIUM;9897;18;9893;23;;;9903;17;9905;21;;;9900.0;0.0
yf_ZC=F_d14;13300;INTARIAN_PEPPER_ROOT;11818;15;11814;18;;;11824;10;11827;25;;;11821.0;0.0
yf_ZC=F_d14;13400;ASH_COATED_OSMIUM;9893;18;9890;17;;;9907;15;9911;22;;;9900.0;0.0
yf_ZC=F_d14;13400;INTARIAN_PEPPER_ROOT;11820;5;11816;19;;;11826;5;11828;28;;;11823.0;0.0
yf_ZC=F_d14;13500;ASH_COATED_OSMIUM;9894;9;9892;21;;;9906;9;9908;19;;;9900.0;0.0
yf_ZC=F_d14;13500;INTARIAN_PEPPER_ROOT;11823;11;11820;16;;;11829;13;11832;15;;;11826.0;0.0
yf_ZC=F_d14;13600;ASH_COATED_OSMIUM;9896;8;9892;17;;;9902;15;9904;20;;;9899.0;0.0
yf_ZC=F_d14;13600;INTARIAN_PEPPER_ROOT;11825;19;11823;20;;;11831;17;11833;21;;;11828.0;0.0
yf_ZC=F_d14;13700;ASH_COATED_OSMIUM;9895;10;9892;31;;;9903;19;9905;28;;;9899.0;0.0
yf_ZC=F_d14;13700;INTARIAN_PEPPER_ROOT;11827;22;11825;25;;;11833;9;11836;17;;;11830.0;0.0
yf_ZC=F_d14;13800;ASH_COATED_OSMIUM;9888;11;9884;16;;;9911;10;9913;17;;;9899.5;0.0
yf_ZC=F_d14;13800;INTARIAN_PEPPER_ROOT;11829;11;11825;20;;;11835;19;11838;25;;;11832.0;0.0
yf_ZC=F_d14;13900;ASH_COATED_OSMIUM;9897;19;9893;25;;;9903;16;9906;18;;;9900.0;0.0
yf_ZC=F_d14;13900;INTARIAN_PEPPER_ROOT;11832;16;11830;28;;;11838;9;11842;16;;;11835.0;0.0
yf_ZC=F_d14;14000;ASH_COATED_OSMIUM;9896;14;9893;21;;;9902;18;9904;15;;;9899.0;0.0
yf_ZC=F_d14;14000;INTARIAN_PEPPER_ROOT;11834;20;11830;20;;;11840;15;11842;17;;;11837.0;0.0
yf_ZC=F_d14;14100;ASH_COATED_OSMIUM;9895;7;9893;20;;;9904;16;9907;18;;;9899.5;0.0
yf_ZC=F_d14;14100;INTARIAN_PEPPER_ROOT;11836;19;11833;26;;;11842;14;11845;17;;;11839.0;0.0
yf_ZC=F_d14;14200;ASH_COATED_OSMIUM;9879;22;9877;19;;;9919;18;9921;20;;;9899.0;0.0
yf_ZC=F_d14;14200;INTARIAN_PEPPER_ROOT;11837;14;11835;14;;;11843;13;11847;19;;;11840.0;0.0
yf_ZC=F_d14;14300;ASH_COATED_OSMIUM;9897;11;9895;13;;;9903;18;9905;12;;;9900.0;0.0
yf_ZC=F_d14;14300;INTARIAN_PEPPER_ROOT;11840;13;11837;22;;;11846;18;11850;23;;;11843.0;0.0
yf_ZC=F_d14;14400;ASH_COATED_OSMIUM;9896;21;9894;15;;;9902;14;9905;21;;;9899.0;0.0
yf_ZC=F_d14;14400;INTARIAN_PEPPER_ROOT;11840;14;11836;25;;;11851;12;11853;23;;;11845.5;0.0
yf_ZC=F_d14;14500;ASH_COATED_OSMIUM;9896;17;9894;26;;;9903;29;9906;23;;;9899.5;0.0
yf_ZC=F_d14;14500;INTARIAN_PEPPER_ROOT;11844;16;11841;19;;;11850;10;11852;22;;;11847.0;0.0
yf_ZC=F_d14;14600;ASH_COATED_OSMIUM;9897;19;9893;20;;;9903;18;9906;23;;;9900.0;0.0
yf_ZC=F_d14;14600;INTARIAN_PEPPER_ROOT;11843;13;11839;26;;;11855;20;11859;12;;;11849.0;0.0
yf_ZC=F_d14;14700;ASH_COATED_OSMIUM;9894;10;9890;14;;;9905;16;9907;13;;;9899.5;0.0
yf_ZC=F_d14;14700;INTARIAN_PEPPER_ROOT;11845;27;11842;24;;;11859;26;11863;18;;;11852.0;0.0
yf_ZC=F_d14;14800;ASH_COATED_OSMIUM;9897;5;9894;22;;;9903;13;9907;17;;;9900.0;0.0
yf_ZC=F_d14;14800;INTARIAN_PEPPER_ROOT;11844;5;11840;25;;;11863;12;11867;15;;;11853.5;0.0
yf_ZC=F_d14;14900;ASH_COATED_OSMIUM;9896;11;9894;16;;;9903;11;9907;22;;;9899.5;0.0
yf_ZC=F_d14;14900;INTARIAN_PEPPER_ROOT;11852;13;11848;18;;;11858;5;11860;26;;;11855.0;0.0
yf_ZC=F_d14;15000;ASH_COATED_OSMIUM;9897;10;9893;16;;;9903;5;9906;24;;;9900.0;0.0
yf_ZC=F_d14;15000;INTARIAN_PEPPER_ROOT;11854;11;11850;13;;;11860;13;11862;22;;;11857.0;0.0
yf_ZC=F_d14;15100;ASH_COATED_OSMIUM;9892;17;9890;24;;;9908;9;9911;27;;;9900.0;0.0
yf_ZC=F_d14;15100;INTARIAN_PEPPER_ROOT;11852;18;11850;16;;;11868;24;11872;24;;;11860.0;0.0
yf_ZC=F_d14;15200;ASH_COATED_OSMIUM;9895;10;9893;19;;;9904;8;9907;19;;;9899.5;0.0
yf_ZC=F_d14;15200;INTARIAN_PEPPER_ROOT;11859;18;11855;23;;;11865;17;11867;13;;;11862.0;0.0
yf_ZC=F_d14;15300;ASH_COATED_OSMIUM;9892;11;9890;20;;;9906;29;9910;25;;;9899.0;0.0
yf_ZC=F_d14;15300;INTARIAN_PEPPER_ROOT;11862;15;11860;15;;;11868;19;11871;17;;;11865.0;0.0
yf_ZC=F_d14;15400;ASH_COATED_OSMIUM;9897;6;9894;19;;;9903;20;9906;28;;;9900.0;0.0
yf_ZC=F_d14;15400;INTARIAN_PEPPER_ROOT;11864;16;11862;26;;;11870;22;11872;17;;;11867.0;0.0
yf_ZC=F_d14;15500;ASH_COATED_OSMIUM;9897;15;9893;24;;;9903;17;9907;16;;;9900.0;0.0
yf_ZC=F_d14;15500;INTARIAN_PEPPER_ROOT;11866;24;11862;22;;;11872;16;11874;15;;;11869.0;0.0
yf_ZC=F_d14;15600;ASH_COATED_OSMIUM;9877;13;9875;17;;;9922;23;9924;20;;;9899.5;0.0
yf_ZC=F_d14;15600;INTARIAN_PEPPER_ROOT;11868;11;11865;19;;;11874;10;11877;23;;;11871.0;0.0
yf_ZC=F_d14;15700;ASH_COATED_OSMIUM;9891;19;9887;22;;;9908;5;9912;20;;;9899.5;0.0
yf_ZC=F_d14;15700;INTARIAN_PEPPER_ROOT;11870;15;11868;21;;;11876;14;11880;15;;;11873.0;0.0
yf_ZC=F_d14;15800;ASH_COATED_OSMIUM;9893;10;9890;16;;;9906;21;9908;14;;;9899.5;0.0
yf_ZC=F_d14;15800;INTARIAN_PEPPER_ROOT;11870;11;11866;25;;;11880;20;11883;17;;;11875.0;0.0
yf_ZC=F_d14;15900;ASH_COATED_OSMIUM;9896;18;9894;9;;;9902;17;9906;21;;;9899.0;0.0
yf_ZC=F_d14;15900;INTARIAN_PEPPER_ROOT;11873;22;11869;17;;;11881;20;11885;23;;;11877.0;0.0
yf_ZC=F_d14;16000;ASH_COATED_OSMIUM;9895;13;9892;14;;;9904;20;9906;20;;;9899.5;0.0
yf_ZC=F_d14;16000;INTARIAN_PEPPER_ROOT;11877;12;11873;17;;;11883;14;11886;32;;;11880.0;0.0
yf_ZC=F_d14;16100;ASH_COATED_OSMIUM;9897;12;9895;20;;;9903;13;9906;14;;;9900.0;0.0
yf_ZC=F_d14;16100;INTARIAN_PEPPER_ROOT;11866;5;11862;17;;;11897;18;11901;28;;;11881.5;0.0
yf_ZC=F_d14;16200;ASH_COATED_OSMIUM;9897;12;9893;15;;;9903;24;9906;18;;;9900.0;0.0
yf_ZC=F_d14;16200;INTARIAN_PEPPER_ROOT;11880;11;11876;14;;;11886;7;11890;18;;;11883.0;0.0
yf_ZC=F_d14;16300;ASH_COATED_OSMIUM;9893;9;9891;17;;;9906;15;9909;24;;;9899.5;0.0
yf_ZC=F_d14;16300;INTARIAN_PEPPER_ROOT;11883;20;11880;24;;;11889;16;11891;10;;;11886.0;0.0
yf_ZC=F_d14;16400;ASH_COATED_OSMIUM;9891;6;9888;21;;;9909;23;9911;23;;;9900.0;0.0
yf_ZC=F_d14;16400;INTARIAN_PEPPER_ROOT;11885;12;11881;28;;;11891;20;11894;20;;;11888.0;0.0
yf_ZC=F_d14;16500;ASH_COATED_OSMIUM;9897;17;9894;11;;;9903;15;9905;22;;;9900.0;0.0
yf_ZC=F_d14;16500;INTARIAN_PEPPER_ROOT;11886;5;11884;16;;;11894;12;11898;27;;;11890.0;0.0
yf_ZC=F_d14;16600;ASH_COATED_OSMIUM;9893;12;9890;21;;;9906;11;9908;19;;;9899.5;0.0
yf_ZC=F_d14;16600;INTARIAN_PEPPER_ROOT;11889;16;11886;14;;;11895;12;11897;19;;;11892.0;0.0
yf_ZC=F_d14;16700;ASH_COATED_OSMIUM;9894;8;9890;25;;;9905;9;9908;20;;;9899.5;0.0
yf_ZC=F_d14;16700;INTARIAN_PEPPER_ROOT;11892;18;11889;10;;;11898;13;11901;23;;;11895.0;0.0
yf_ZC=F_d14;16800;ASH_COATED_OSMIUM;9895;14;9893;18;;;9904;16;9908;20;;;9899.5;0.0
yf_ZC=F_d14;16800;INTARIAN_PEPPER_ROOT;11894;7;11890;20;;;11900;12;11904;18;;;11897.0;0.0
yf_ZC=F_d14;16900;ASH_COATED_OSMIUM;9897;11;9895;18;;;9903;12;9906;32;;;9900.0;0.0
yf_ZC=F_d14;16900;INTARIAN_PEPPER_ROOT;11893;11;11890;20;;;11904;19;11906;21;;;11898.5;0.0
yf_ZC=F_d14;17000;ASH_COATED_OSMIUM;9896;21;9893;18;;;9902;13;9904;25;;;9899.0;0.0
yf_ZC=F_d14;17000;INTARIAN_PEPPER_ROOT;11898;16;11896;19;;;11904;22;11908;19;;;11901.0;0.0
yf_ZC=F_d14;17100;ASH_COATED_OSMIUM;9897;10;9894;17;;;9903;10;9905;10;;;9900.0;0.0
yf_ZC=F_d14;17100;INTARIAN_PEPPER_ROOT;11898;10;11894;17;;;11908;14;11910;25;;;11903.0;0.0
yf_ZC=F_d14;17200;ASH_COATED_OSMIUM;9897;17;9894;23;;;9903;17;9906;20;;;9900.0;0.0
yf_ZC=F_d14;17200;INTARIAN_PEPPER_ROOT;11902;20;11900;19;;;11908;14;11910;18;;;11905.0;0.0
yf_ZC=F_d14;17300;ASH_COATED_OSMIUM;9896;9;9894;20;;;9902;24;9904;23;;;9899.0;0.0
yf_ZC=F_d14;17300;INTARIAN_PEPPER_ROOT;11904;17;11902;10;;;11910;22;11914;18;;;11907.0;0.0
yf_ZC=F_d14;17400;ASH_COATED_OSMIUM;9893;17;9889;22;;;9905;13;9909;20;;;9899.0;0.0
yf_ZC=F_d14;17400;INTARIAN_PEPPER_ROOT;11900;13;11896;24;;;11919;15;11922;21;;;11909.5;0.0
yf_ZC=F_d14;17500;ASH_COATED_OSMIUM;9896;12;9894;11;;;9904;16;9906;20;;;9900.0;0.0
yf_ZC=F_d14;17500;INTARIAN_PEPPER_ROOT;11902;18;11898;22;;;11924;24;11928;19;;;11913.0;0.0
yf_ZC=F_d14;17600;ASH_COATED_OSMIUM;9893;10;9889;26;;;9905;14;9907;26;;;9899.0;0.0
yf_ZC=F_d14;17600;INTARIAN_PEPPER_ROOT;11911;13;11908;27;;;11917;9;11919;23;;;11914.0;0.0
yf_ZC=F_d14;17700;ASH_COATED_OSMIUM;9896;11;9894;24;;;9904;12;9908;13;;;9900.0;0.0
yf_ZC=F_d14;17700;INTARIAN_PEPPER_ROOT;11913;14;11910;27;;;11919;15;11922;25;;;11916.0;0.0
yf_ZC=F_d14;17800;ASH_COATED_OSMIUM;9897;25;9893;22;;;9903;16;9907;22;;;9900.0;0.0
yf_ZC=F_d14;17800;INTARIAN_PEPPER_ROOT;11901;15;11898;13;;;11935;16;11937;23;;;11918.0;0.0
yf_ZC=F_d14;17900;ASH_COATED_OSMIUM;9897;18;9894;14;;;9903;13;9907;15;;;9900.0;0.0
yf_ZC=F_d14;17900;INTARIAN_PEPPER_ROOT;11918;12;11915;21;;;11924;13;11927;13;;;11921.0;0.0
yf_ZC=F_d14;18000;ASH_COATED_OSMIUM;9897;16;9895;21;;;9903;7;9906;19;;;9900.0;0.0
yf_ZC=F_d14;18000;INTARIAN_PEPPER_ROOT;11920;23;11916;29;;;11926;12;11930;25;;;11923.0;0.0
yf_ZC=F_d14;18100;ASH_COATED_OSMIUM;9893;14;9891;19;;;9908;13;9912;19;;;9900.5;0.0
yf_ZC=F_d14;18100;INTARIAN_PEPPER_ROOT;11919;13;11916;20;;;11931;12;11935;19;;;11925.0;0.0
yf_ZC=F_d14;18200;ASH_COATED_OSMIUM;9897;15;9893;17;;;9903;21;9906;22;;;9900.0;0.0
yf_ZC=F_d14;18200;INTARIAN_PEPPER_ROOT;11925;18;11922;12;;;11931;20;11934;10;;;11928.0;0.0
yf_ZC=F_d14;18300;ASH_COATED_OSMIUM;9898;14;9896;29;;;9904;11;9908;29;;;9901.0;0.0
yf_ZC=F_d14;18300;INTARIAN_PEPPER_ROOT;11926;18;11922;14;;;11932;18;11934;18;;;11929.0;0.0
yf_ZC=F_d14;18400;ASH_COATED_OSMIUM;9895;6;9891;28;;;9905;14;9907;15;;;9900.0;0.0
yf_ZC=F_d14;18400;INTARIAN_PEPPER_ROOT;11927;10;11924;21;;;11934;16;11936;20;;;11930.5;0.0
yf_ZC=F_d14;18500;ASH_COATED_OSMIUM;9897;9;9894;12;;;9903;10;9905;20;;;9900.0;0.0
yf_ZC=F_d14;18500;INTARIAN_PEPPER_ROOT;11931;17;11927;23;;;11937;14;11941;9;;;11934.0;0.0
yf_ZC=F_d14;18600;ASH_COATED_OSMIUM;9897;8;9894;24;;;9903;13;9907;23;;;9900.0;0.0
yf_ZC=F_d14;18600;INTARIAN_PEPPER_ROOT;11933;13;11929;26;;;11940;12;11943;20;;;11936.5;0.0
yf_ZC=F_d14;18700;ASH_COATED_OSMIUM;9897;12;9894;26;;;9903;9;9907;16;;;9900.0;0.0
yf_ZC=F_d14;18700;INTARIAN_PEPPER_ROOT;11935;19;11931;15;;;11941;23;11943;23;;;11938.0;0.0
yf_ZC=F_d14;18800;ASH_COATED_OSMIUM;9898;14;9894;22;;;9904;14;9908;21;;;9901.0;0.0
yf_ZC=F_d14;18800;INTARIAN_PEPPER_ROOT;11937;14;11934;14;;;11943;17;11946;32;;;11940.0;0.0
yf_ZC=F_d14;18900;ASH_COATED_OSMIUM;9897;20;9893;15;;;9903;19;9905;20;;;9900.0;0.0
yf_ZC=F_d14;18900;INTARIAN_PEPPER_ROOT;11939;14;11935;17;;;11945;18;11949;14;;;11942.0;0.0
yf_ZC=F_d14;19000;ASH_COATED_OSMIUM;9892;11;9889;19;;;9910;15;9914;18;;;9901.0;0.0
yf_ZC=F_d14;19000;INTARIAN_PEPPER_ROOT;11936;15;11932;23;;;11953;26;11955;25;;;11944.5;0.0
yf_ZC=F_d14;19100;ASH_COATED_OSMIUM;9898;20;9894;20;;;9904;10;9906;16;;;9901.0;0.0
yf_ZC=F_d14;19100;INTARIAN_PEPPER_ROOT;11943;12;11940;13;;;11949;9;11953;12;;;11946.0;0.0
yf_ZC=F_d14;19200;ASH_COATED_OSMIUM;9898;21;9895;22;;;9904;14;9908;22;;;9901.0;0.0
yf_ZC=F_d14;19200;INTARIAN_PEPPER_ROOT;11932;16;11928;19;;;11965;12;11969;22;;;11948.5;0.0
yf_ZC=F_d14;19300;ASH_COATED_OSMIUM;9894;19;9890;14;;;9907;10;9910;23;;;9900.5;0.0
yf_ZC=F_d14;19300;INTARIAN_PEPPER_ROOT;11948;15;11944;25;;;11954;9;11958;21;;;11951.0;0.0
yf_ZC=F_d14;19400;ASH_COATED_OSMIUM;9894;13;9890;20;;;9907;12;9909;12;;;9900.5;0.0
yf_ZC=F_d14;19400;INTARIAN_PEPPER_ROOT;11950;17;11948;21;;;11957;19;11961;25;;;11953.5;0.0
yf_ZC=F_d14;19500;ASH_COATED_OSMIUM;9898;13;9894;19;;;9904;11;9907;15;;;9901.0;0.0
yf_ZC=F_d14;19500;INTARIAN_PEPPER_ROOT;11952;14;11950;9;;;11958;13;11961;17;;;11955.0;0.0
yf_ZC=F_d14;19600;ASH_COATED_OSMIUM;9898;17;9896;16;;;9904;16;9907;16;;;9901.0;0.0
yf_ZC=F_d14;19600;INTARIAN_PEPPER_ROOT;11954;17;11950;21;;;11960;22;11964;14;;;11957.0;0.0
yf_ZC=F_d14;19700;ASH_COATED_OSMIUM;9898;16;9894;17;;;9904;15;9908;21;;;9901.0;0.0
yf_ZC=F_d14;19700;INTARIAN_PEPPER_ROOT;11956;5;11954;13;;;11962;8;11964;21;;;11959.0;0.0
yf_ZC=F_d14;19800;ASH_COATED_OSMIUM;9898;15;9896;17;;;9904;20;9907;27;;;9901.0;0.0
yf_ZC=F_d14;19800;INTARIAN_PEPPER_ROOT;11956;18;11952;19;;;11968;9;11970;24;;;11962.0;0.0
yf_ZC=F_d14;19900;ASH_COATED_OSMIUM;9898;16;9896;19;;;9904;14;9908;11;;;9901.0;0.0
yf_ZC=F_d14;19900;INTARIAN_PEPPER_ROOT;11959;19;11955;25;;;11969;14;11973;15;;;11964.0;0.0
yf_ZC=F_d14;20000;ASH_COATED_OSMIUM;9891;16;9889;23;;;9911;5;9915;24;;;9901.0;0.0
yf_ZC=F_d14;20000;INTARIAN_PEPPER_ROOT;11963;11;11959;13;;;11969;21;11972;27;;;11966.0;0.0
yf_ZC=F_d14;20100;ASH_COATED_OSMIUM;9898;16;9895;25;;;9904;14;9906;10;;;9901.0;0.0
yf_ZC=F_d14;20100;INTARIAN_PEPPER_ROOT;11960;9;11956;12;;;11977;12;11981;22;;;11968.5;0.0
yf_ZC=F_d14;20200;ASH_COATED_OSMIUM;9898;18;9896;14;;;9904;21;9906;17;;;9901.0;0.0
yf_ZC=F_d14;20200;INTARIAN_PEPPER_ROOT;11967;18;11963;17;;;11973;12;11977;11;;;11970.0;0.0
yf_ZC=F_d14;20300;ASH_COATED_OSMIUM;9898;23;9895;20;;;9904;15;9907;21;;;9901.0;0.0
yf_ZC=F_d14;20300;INTARIAN_PEPPER_ROOT;11967;17;11963;18;;;11978;19;11980;18;;;11972.5;0.0
yf_ZC=F_d14;20400;ASH_COATED_OSMIUM;9898;17;9896;18;;;9904;19;9907;18;;;9901.0;0.0
yf_ZC=F_d14;20400;INTARIAN_PEPPER_ROOT;11972;18;11970;15;;;11978;12;11980;17;;;11975.0;0.0
yf_ZC=F_d14;20500;ASH_COATED_OSMIUM;9884;9;9880;13;;;9918;13;9922;22;;;9901.0;0.0
yf_ZC=F_d14;20500;INTARIAN_PEPPER_ROOT;11974;21;11972;18;;;11980;19;11983;22;;;11977.0;0.0
yf_ZC=F_d14;20600;ASH_COATED_OSMIUM;9895;26;9893;18;;;9908;14;9911;22;;;9901.5;0.0
yf_ZC=F_d14;20600;INTARIAN_PEPPER_ROOT;11972;14;11969;24;;;11987;15;11990;15;;;11979.5;0.0
yf_ZC=F_d14;20700;ASH_COATED_OSMIUM;9898;18;9895;27;;;9904;16;9907;26;;;9901.0;0.0
yf_ZC=F_d14;20700;INTARIAN_PEPPER_ROOT;11978;14;11975;19;;;11984;27;11987;27;;;11981.0;0.0
yf_ZC=F_d14;20800;ASH_COATED_OSMIUM;9898;11;9896;28;;;9904;11;9907;23;;;9901.0;0.0
yf_ZC=F_d14;20800;INTARIAN_PEPPER_ROOT;11981;10;11977;20;;;11987;9;11990;17;;;11984.0;0.0
yf_ZC=F_d14;20900;ASH_COATED_OSMIUM;9899;12;9895;24;;;9905;26;9908;13;;;9902.0;0.0
yf_ZC=F_d14;20900;INTARIAN_PEPPER_ROOT;11979;14;11975;30;;;11992;6;11994;24;;;11985.5;0.0
yf_ZC=F_d14;21000;ASH_COATED_OSMIUM;9899;10;9895;21;;;9905;18;9907;23;;;9902.0;0.0
yf_ZC=F_d14;21000;INTARIAN_PEPPER_ROOT;11979;15;11977;24;;;11996;21;12000;21;;;11987.5;0.0
yf_ZC=F_d14;21100;ASH_COATED_OSMIUM;9891;10;9889;17;;;9912;7;9916;19;;;9901.5;0.0
yf_ZC=F_d14;21100;INTARIAN_PEPPER_ROOT;11983;11;11979;14;;;11998;19;12002;22;;;11990.5;0.0
yf_ZC=F_d14;21200;ASH_COATED_OSMIUM;9899;13;9896;13;;;9905;12;9907;17;;;9902.0;0.0
yf_ZC=F_d14;21200;INTARIAN_PEPPER_ROOT;11989;13;11986;23;;;11995;19;11998;24;;;11992.0;0.0
yf_ZC=F_d14;21300;ASH_COATED_OSMIUM;9899;10;9896;20;;;9905;12;9909;23;;;9902.0;0.0
yf_ZC=F_d14;21300;INTARIAN_PEPPER_ROOT;11990;26;11986;20;;;11998;28;12002;16;;;11994.0;0.0
yf_ZC=F_d14;21400;ASH_COATED_OSMIUM;9898;15;9896;24;;;9906;6;9909;19;;;9902.0;0.0
yf_ZC=F_d14;21400;INTARIAN_PEPPER_ROOT;11993;13;11991;25;;;11999;24;12001;14;;;11996.0;0.0
yf_ZC=F_d14;21500;ASH_COATED_OSMIUM;9898;5;9896;14;;;9904;22;9908;27;;;9901.0;0.0
yf_ZC=F_d14;21500;INTARIAN_PEPPER_ROOT;11996;16;11994;23;;;12002;10;12004;17;;;11999.0;0.0
yf_ZC=F_d14;21600;ASH_COATED_OSMIUM;9899;12;9897;13;;;9905;16;9907;23;;;9902.0;0.0
yf_ZC=F_d14;21600;INTARIAN_PEPPER_ROOT;11998;11;11996;11;;;12004;6;12007;17;;;12001.0;0.0
yf_ZC=F_d14;21700;ASH_COATED_OSMIUM;9898;15;9894;13;;;9904;11;9906;17;;;9901.0;0.0
yf_ZC=F_d14;21700;INTARIAN_PEPPER_ROOT;11987;21;11985;30;;;12020;21;12024;24;;;12003.5;0.0
yf_ZC=F_d14;21800;ASH_COATED_OSMIUM;9895;23;9891;24;;;9908;6;9912;8;;;9901.5;0.0
yf_ZC=F_d14;21800;INTARIAN_PEPPER_ROOT;12002;7;11998;24;;;12008;19;12011;24;;;12005.0;0.0
yf_ZC=F_d14;21900;ASH_COATED_OSMIUM;9897;14;9895;16;;;9905;14;9907;31;;;9901.0;0.0
yf_ZC=F_d14;21900;INTARIAN_PEPPER_ROOT;12004;7;12002;18;;;12010;8;12012;23;;;12007.0;0.0
yf_ZC=F_d14;22000;ASH_COATED_OSMIUM;9899;19;9897;22;;;9905;10;9908;25;;;9902.0;0.0
yf_ZC=F_d14;22000;INTARIAN_PEPPER_ROOT;12005;23;12003;23;;;12015;14;12018;23;;;12010.0;0.0
yf_ZC=F_d14;22100;ASH_COATED_OSMIUM;9899;17;9896;20;;;9905;15;9909;19;;;9902.0;0.0
yf_ZC=F_d14;22100;INTARIAN_PEPPER_ROOT;12003;12;11999;17;;;12019;9;12023;16;;;12011.0;0.0
yf_ZC=F_d14;22200;ASH_COATED_OSMIUM;9898;29;9895;19;;;9906;15;9908;19;;;9902.0;0.0
yf_ZC=F_d14;22200;INTARIAN_PEPPER_ROOT;12011;18;12009;13;;;12017;7;12021;13;;;12014.0;0.0
yf_ZC=F_d14;22300;ASH_COATED_OSMIUM;9899;13;9897;32;;;9905;12;9908;17;;;9902.0;0.0
yf_ZC=F_d14;22300;INTARIAN_PEPPER_ROOT;12010;18;12006;17;;;12022;16;12024;25;;;12016.0;0.0
yf_ZC=F_d14;22400;ASH_COATED_OSMIUM;9899;17;9895;23;;;9905;6;9908;24;;;9902.0;0.0
yf_ZC=F_d14;22400;INTARIAN_PEPPER_ROOT;12002;16;11999;25;;;12034;26;12037;30;;;12018.0;0.0
yf_ZC=F_d14;22500;ASH_COATED_OSMIUM;9899;19;9896;15;;;9905;20;9907;18;;;9902.0;0.0
yf_ZC=F_d14;22500;INTARIAN_PEPPER_ROOT;12017;14;12015;18;;;12024;17;12027;26;;;12020.5;0.0
yf_ZC=F_d14;22600;ASH_COATED_OSMIUM;9899;8;9896;26;;;9905;20;9908;17;;;9902.0;0.0
yf_ZC=F_d14;22600;INTARIAN_PEPPER_ROOT;12019;10;12017;29;;;12025;14;12029;25;;;12022.0;0.0
yf_ZC=F_d14;22700;ASH_COATED_OSMIUM;9897;9;9893;9;;;9907;9;9909;15;;;9902.0;0.0
yf_ZC=F_d14;22700;INTARIAN_PEPPER_ROOT;12021;11;12019;19;;;12027;24;12030;17;;;12024.0;0.0
yf_ZC=F_d14;22800;ASH_COATED_OSMIUM;9899;15;9895;18;;;9905;20;9907;21;;;9902.0;0.0
yf_ZC=F_d14;22800;INTARIAN_PEPPER_ROOT;12024;9;12020;22;;;12030;22;12032;20;;;12027.0;0.0
yf_ZC=F_d14;22900;ASH_COATED_OSMIUM;9892;17;9888;20;;;9913;9;9915;26;;;9902.5;0.0
yf_ZC=F_d14;22900;INTARIAN_PEPPER_ROOT;12024;22;12021;8;;;12034;9;12038;19;;;12029.0;0.0
yf_ZC=F_d14;23000;ASH_COATED_OSMIUM;9896;14;9892;17;;;9908;21;9912;19;;;9902.0;0.0
yf_ZC=F_d14;23000;INTARIAN_PEPPER_ROOT;12028;11;12024;18;;;12034;17;12037;24;;;12031.0;0.0
yf_ZC=F_d14;23100;ASH_COATED_OSMIUM;9899;22;9895;20;;;9905;13;9908;17;;;9902.0;0.0
yf_ZC=F_d14;23100;INTARIAN_PEPPER_ROOT;12030;11;12026;18;;;12036;15;12040;20;;;12033.0;0.0
yf_ZC=F_d14;23200;ASH_COATED_OSMIUM;9899;20;9895;20;;;9906;14;9909;23;;;9902.5;0.0
yf_ZC=F_d14;23200;INTARIAN_PEPPER_ROOT;12031;11;12028;12;;;12039;10;12043;23;;;12035.0;0.0
yf_ZC=F_d14;23300;ASH_COATED_OSMIUM;9900;18;9898;25;;;9906;17;9910;15;;;9903.0;0.0
yf_ZC=F_d14;23300;INTARIAN_PEPPER_ROOT;12034;14;12032;25;;;12041;22;12045;9;;;12037.5;0.0
yf_ZC=F_d14;23400;ASH_COATED_OSMIUM;9900;10;9898;17;;;9906;6;9908;17;;;9903.0;0.0
yf_ZC=F_d14;23400;INTARIAN_PEPPER_ROOT;12035;20;12031;20;;;12043;14;12046;13;;;12039.0;0.0
yf_ZC=F_d14;23500;ASH_COATED_OSMIUM;9900;19;9898;17;;;9906;14;9909;18;;;9903.0;0.0
yf_ZC=F_d14;23500;INTARIAN_PEPPER_ROOT;12038;16;12036;14;;;12044;12;12047;21;;;12041.0;0.0
yf_ZC=F_d14;23600;ASH_COATED_OSMIUM;9900;14;9897;12;;;9906;14;9908;18;;;9903.0;0.0
yf_ZC=F_d14;23600;INTARIAN_PEPPER_ROOT;12041;16;12037;25;;;12047;17;12051;28;;;12044.0;0.0
yf_ZC=F_d14;23700;ASH_COATED_OSMIUM;9900;16;9898;20;;;9906;16;9909;22;;;9903.0;0.0
yf_ZC=F_d14;23700;INTARIAN_PEPPER_ROOT;12043;20;12039;22;;;12049;11;12051;10;;;12046.0;0.0
yf_ZC=F_d14;23800;ASH_COATED_OSMIUM;9900;17;9897;20;;;9906;21;9909;13;;;9903.0;0.0
yf_ZC=F_d14;23800;INTARIAN_PEPPER_ROOT;12039;19;12037;20;;;12058;7;12060;25;;;12048.5;0.0
yf_ZC=F_d14;23900;ASH_COATED_OSMIUM;9900;20;9898;20;;;9906;24;9908;14;;;9903.0;0.0
yf_ZC=F_d14;23900;INTARIAN_PEPPER_ROOT;12044;10;12042;21;;;12057;11;12059;23;;;12050.5;0.0
yf_ZC=F_d14;24000;ASH_COATED_OSMIUM;9885;22;9882;22;;;9920;11;9922;18;;;9902.5;0.0
yf_ZC=F_d14;24000;INTARIAN_PEPPER_ROOT;12050;15;12048;23;;;12056;18;12060;18;;;12053.0;0.0
yf_ZC=F_d14;24100;ASH_COATED_OSMIUM;9900;20;9896;22;;;9906;15;9909;21;;;9903.0;0.0
yf_ZC=F_d14;24100;INTARIAN_PEPPER_ROOT;12052;7;12048;21;;;12058;9;12062;23;;;12055.0;0.0
yf_ZC=F_d14;24200;ASH_COATED_OSMIUM;9900;13;9897;24;;;9906;19;9909;16;;;9903.0;0.0
yf_ZC=F_d14;24200;INTARIAN_PEPPER_ROOT;12049;12;12046;20;;;12063;7;12065;21;;;12056.0;0.0
yf_ZC=F_d14;24300;ASH_COATED_OSMIUM;9900;13;9896;18;;;9906;16;9910;16;;;9903.0;0.0
yf_ZC=F_d14;24300;INTARIAN_PEPPER_ROOT;12056;13;12054;22;;;12062;14;12064;26;;;12059.0;0.0
yf_ZC=F_d14;24400;ASH_COATED_OSMIUM;9900;17;9896;10;;;9906;5;9910;20;;;9903.0;0.0
yf_ZC=F_d14;24400;INTARIAN_PEPPER_ROOT;12058;21;12056;12;;;12064;20;12066;30;;;12061.0;0.0
yf_ZC=F_d14;24500;ASH_COATED_OSMIUM;9886;22;9883;22;;;9921;14;9925;21;;;9903.5;0.0
yf_ZC=F_d14;24500;INTARIAN_PEPPER_ROOT;12060;16;12058;10;;;12066;10;12069;19;;;12063.0;0.0
yf_ZC=F_d14;24600;ASH_COATED_OSMIUM;9900;15;9897;20;;;9906;21;9908;18;;;9903.0;0.0
yf_ZC=F_d14;24600;INTARIAN_PEPPER_ROOT;12063;11;12059;26;;;12069;10;12072;22;;;12066.0;0.0
yf_ZC=F_d14;24700;ASH_COATED_OSMIUM;9900;5;9896;19;;;9906;11;9909;19;;;9903.0;0.0
yf_ZC=F_d14;24700;INTARIAN_PEPPER_ROOT;12064;21;12060;22;;;12072;11;12076;15;;;12068.0;0.0
yf_ZC=F_d14;24800;ASH_COATED_OSMIUM;9900;16;9896;23;;;9906;13;9909;23;;;9903.0;0.0
yf_ZC=F_d14;24800;INTARIAN_PEPPER_ROOT;12064;17;12060;19;;;12075;5;12078;22;;;12069.5;0.0
yf_ZC=F_d14;24900;ASH_COATED_OSMIUM;9900;18;9896;20;;;9906;15;9909;29;;;9903.0;0.0
yf_ZC=F_d14;24900;INTARIAN_PEPPER_ROOT;12069;13;12065;20;;;12075;12;12077;15;;;12072.0;0.0
yf_ZC=F_d14;25000;ASH_COATED_OSMIUM;9899;18;9896;8;;;9909;19;9911;26;;;9904.0;0.0
yf_ZC=F_d14;25000;INTARIAN_PEPPER_ROOT;12071;13;12068;19;;;12078;18;12082;14;;;12074.5;0.0
yf_ZC=F_d14;25100;ASH_COATED_OSMIUM;9900;12;9898;15;;;9906;24;9908;30;;;9903.0;0.0
yf_ZC=F_d14;25100;INTARIAN_PEPPER_ROOT;12070;15;12067;17;;;12082;12;12086;12;;;12076.0;0.0
yf_ZC=F_d14;25200;ASH_COATED_OSMIUM;9901;22;9897;21;;;9907;16;9910;21;;;9904.0;0.0
yf_ZC=F_d14;25200;INTARIAN_PEPPER_ROOT;12061;7;12058;17;;;12096;18;12100;18;;;12078.5;0.0
yf_ZC=F_d14;25300;ASH_COATED_OSMIUM;9892;14;9890;17;;;9916;17;9919;28;;;9904.0;0.0
yf_ZC=F_d14;25300;INTARIAN_PEPPER_ROOT;12076;14;12073;18;;;12085;20;12089;24;;;12080.5;0.0
yf_ZC=F_d14;25400;ASH_COATED_OSMIUM;9900;5;9896;15;;;9906;11;9908;19;;;9903.0;0.0
yf_ZC=F_d14;25400;INTARIAN_PEPPER_ROOT;12079;21;12076;15;;;12085;19;12089;12;;;12082.0;0.0
yf_ZC=F_d14;25500;ASH_COATED_OSMIUM;9900;20;9897;22;;;9906;20;9908;18;;;9903.0;0.0
yf_ZC=F_d14;25500;INTARIAN_PEPPER_ROOT;12079;19;12076;13;;;12090;13;12092;15;;;12084.5;0.0
yf_ZC=F_d14;25600;ASH_COATED_OSMIUM;9900;18;9896;18;;;9908;13;9911;22;;;9904.0;0.0
yf_ZC=F_d14;25600;INTARIAN_PEPPER_ROOT;12084;21;12081;18;;;12090;28;12093;23;;;12087.0;0.0
yf_ZC=F_d14;25700;ASH_COATED_OSMIUM;9901;9;9899;15;;;9907;26;9911;14;;;9904.0;0.0
yf_ZC=F_d14;25700;INTARIAN_PEPPER_ROOT;12086;15;12082;20;;;12093;15;12095;22;;;12089.5;0.0
yf_ZC=F_d14;25800;ASH_COATED_OSMIUM;9901;17;9899;20;;;9907;9;9910;21;;;9904.0;0.0
yf_ZC=F_d14;25800;INTARIAN_PEPPER_ROOT;12088;22;12086;17;;;12094;17;12097;16;;;12091.0;0.0
yf_ZC=F_d14;25900;ASH_COATED_OSMIUM;9901;10;9898;16;;;9907;11;9909;8;;;9904.0;0.0
yf_ZC=F_d14;25900;INTARIAN_PEPPER_ROOT;12091;24;12089;18;;;12097;21;12101;28;;;12094.0;0.0
yf_ZC=F_d14;26000;ASH_COATED_OSMIUM;9896;18;9894;22;;;9913;7;9916;23;;;9904.5;0.0
yf_ZC=F_d14;26000;INTARIAN_PEPPER_ROOT;12091;9;12087;20;;;12102;13;12105;11;;;12096.5;0.0
yf_ZC=F_d14;26100;ASH_COATED_OSMIUM;9901;13;9899;17;;;9907;16;9910;25;;;9904.0;0.0
yf_ZC=F_d14;26100;INTARIAN_PEPPER_ROOT;12093;14;12091;21;;;12103;19;12106;23;;;12098.0;0.0
yf_ZC=F_d14;26200;ASH_COATED_OSMIUM;9901;14;9899;18;;;9907;10;9909;18;;;9904.0;0.0
yf_ZC=F_d14;26200;INTARIAN_PEPPER_ROOT;12091;20;12087;25;;;12110;13;12113;27;;;12100.5;0.0
yf_ZC=F_d14;26300;ASH_COATED_OSMIUM;9901;7;9898;9;;;9907;10;9910;22;;;9904.0;0.0
yf_ZC=F_d14;26300;INTARIAN_PEPPER_ROOT;12099;21;12097;24;;;12105;13;12107;26;;;12102.0;0.0
yf_ZC=F_d14;26400;ASH_COATED_OSMIUM;9901;18;9897;22;;;9907;18;9910;18;;;9904.0;0.0
yf_ZC=F_d14;26400;INTARIAN_PEPPER_ROOT;12102;11;12099;27;;;12108;15;12111;21;;;12105.0;0.0
yf_ZC=F_d14;26500;ASH_COATED_OSMIUM;9901;12;9898;20;;;9907;5;9910;25;;;9904.0;0.0
yf_ZC=F_d14;26500;INTARIAN_PEPPER_ROOT;12098;7;12095;11;;;12115;11;12117;15;;;12106.5;0.0
yf_ZC=F_d14;26600;ASH_COATED_OSMIUM;9901;10;9897;17;;;9907;14;9911;9;;;9904.0;0.0
yf_ZC=F_d14;26600;INTARIAN_PEPPER_ROOT;12100;5;12097;22;;;12118;15;12122;17;;;12109.0;0.0
yf_ZC=F_d14;26700;ASH_COATED_OSMIUM;9902;13;9899;14;;;9908;17;9910;22;;;9905.0;0.0
yf_ZC=F_d14;26700;INTARIAN_PEPPER_ROOT;12103;13;12101;23;;;12118;16;12121;28;;;12110.5;0.0
yf_ZC=F_d14;26800;ASH_COATED_OSMIUM;9901;13;9897;26;;;9907;14;9910;22;;;9904.0;0.0
yf_ZC=F_d14;26800;INTARIAN_PEPPER_ROOT;12105;9;12103;27;;;12120;9;12123;22;;;12112.5;0.0
yf_ZC=F_d14;26900;ASH_COATED_OSMIUM;9901;12;9897;23;;;9907;10;9911;22;;;9904.0;0.0
yf_ZC=F_d14;26900;INTARIAN_PEPPER_ROOT;12113;14;12111;14;;;12119;14;12121;21;;;12116.0;0.0
yf_ZC=F_d14;27000;ASH_COATED_OSMIUM;9902;23;9900;27;;;9908;20;9912;20;;;9905.0;0.0
yf_ZC=F_d14;27000;INTARIAN_PEPPER_ROOT;12115;10;12112;17;;;12121;16;12124;24;;;12118.0;0.0
yf_ZC=F_d14;27100;ASH_COATED_OSMIUM;9894;10;9892;21;;;9916;12;9919;22;;;9905.0;0.0
yf_ZC=F_d14;27100;INTARIAN_PEPPER_ROOT;12117;14;12113;9;;;12123;19;12127;23;;;12120.0;0.0
yf_ZC=F_d14;27200;ASH_COATED_OSMIUM;9901;11;9899;19;;;9909;14;9913;17;;;9905.0;0.0
yf_ZC=F_d14;27200;INTARIAN_PEPPER_ROOT;12119;12;12116;25;;;12125;18;12129;21;;;12122.0;0.0
yf_ZC=F_d14;27300;ASH_COATED_OSMIUM;9902;20;9900;15;;;9908;20;9912;17;;;9905.0;0.0
yf_ZC=F_d14;27300;INTARIAN_PEPPER_ROOT;12121;15;12118;19;;;12127;11;12131;24;;;12124.0;0.0
yf_ZC=F_d14;27400;ASH_COATED_OSMIUM;9902;20;9898;30;;;9908;11;9912;13;;;9905.0;0.0
yf_ZC=F_d14;27400;INTARIAN_PEPPER_ROOT;12121;14;12119;21;;;12130;19;12133;23;;;12125.5;0.0
yf_ZC=F_d14;27500;ASH_COATED_OSMIUM;9902;6;9900;24;;;9908;16;9912;18;;;9905.0;0.0
yf_ZC=F_d14;27500;INTARIAN_PEPPER_ROOT;12125;15;12123;19;;;12131;13;12133;8;;;12128.0;0.0
yf_ZC=F_d14;27600;ASH_COATED_OSMIUM;9902;11;9899;26;;;9908;8;9912;25;;;9905.0;0.0
yf_ZC=F_d14;27600;INTARIAN_PEPPER_ROOT;12127;20;12124;19;;;12133;6;12135;18;;;12130.0;0.0
yf_ZC=F_d14;27700;ASH_COATED_OSMIUM;9897;13;9894;20;;;9912;10;9916;15;;;9904.5;0.0
yf_ZC=F_d14;27700;INTARIAN_PEPPER_ROOT;12129;14;12126;10;;;12137;8;12141;15;;;12133.0;0.0
yf_ZC=F_d14;27800;ASH_COATED_OSMIUM;9902;21;9900;8;;;9908;13;9910;30;;;9905.0;0.0
yf_ZC=F_d14;27800;INTARIAN_PEPPER_ROOT;12132;13;12129;22;;;12138;20;12140;21;;;12135.0;0.0
yf_ZC=F_d14;27900;ASH_COATED_OSMIUM;9899;20;9896;15;;;9911;15;9915;13;;;9905.0;0.0
yf_ZC=F_d14;27900;INTARIAN_PEPPER_ROOT;12131;19;12127;18;;;12143;14;12146;22;;;12137.0;0.0
yf_ZC=F_d14;28000;ASH_COATED_OSMIUM;9902;21;9898;22;;;9908;21;9911;17;;;9905.0;0.0
yf_ZC=F_d14;28000;INTARIAN_PEPPER_ROOT;12133;29;12131;17;;;12146;5;12149;21;;;12139.5;0.0
yf_ZC=F_d14;28100;ASH_COATED_OSMIUM;9901;11;9897;23;;;9910;8;9913;18;;;9905.5;0.0
yf_ZC=F_d14;28100;INTARIAN_PEPPER_ROOT;12138;11;12135;15;;;12144;11;12147;25;;;12141.0;0.0
yf_ZC=F_d14;28200;ASH_COATED_OSMIUM;9897;18;9895;18;;;9913;15;9915;15;;;9905.0;0.0
yf_ZC=F_d14;28200;INTARIAN_PEPPER_ROOT;12136;14;12132;28;;;12149;12;12153;19;;;12142.5;0.0
yf_ZC=F_d14;28300;ASH_COATED_OSMIUM;9902;28;9899;9;;;9908;7;9912;19;;;9905.0;0.0
yf_ZC=F_d14;28300;INTARIAN_PEPPER_ROOT;12142;20;12138;21;;;12148;24;12150;16;;;12145.0;0.0
yf_ZC=F_d14;28400;ASH_COATED_OSMIUM;9902;5;9899;14;;;9908;6;9910;19;;;9905.0;0.0
yf_ZC=F_d14;28400;INTARIAN_PEPPER_ROOT;12141;13;12138;13;;;12155;7;12159;19;;;12148.0;0.0
yf_ZC=F_d14;28500;ASH_COATED_OSMIUM;9902;18;9899;22;;;9909;12;9913;23;;;9905.5;0.0
yf_ZC=F_d14;28500;INTARIAN_PEPPER_ROOT;12147;16;12144;19;;;12153;16;12156;23;;;12150.0;0.0
yf_ZC=F_d14;28600;ASH_COATED_OSMIUM;9903;17;9899;22;;;9909;12;9911;10;;;9906.0;0.0
yf_ZC=F_d14;28600;INTARIAN_PEPPER_ROOT;12149;10;12147;20;;;12155;15;12159;24;;;12152.0;0.0
yf_ZC=F_d14;28700;ASH_COATED_OSMIUM;9896;17;9892;18;;;9915;15;9919;19;;;9905.5;0.0
yf_ZC=F_d14;28700;INTARIAN_PEPPER_ROOT;12150;11;12147;20;;;12159;9;12161;17;;;12154.5;0.0
yf_ZC=F_d14;28800;ASH_COATED_OSMIUM;9901;17;9898;32;;;9909;10;9912;23;;;9905.0;0.0
yf_ZC=F_d14;28800;INTARIAN_PEPPER_ROOT;12153;18;12151;28;;;12159;14;12161;14;;;12156.0;0.0
yf_ZC=F_d14;28900;ASH_COATED_OSMIUM;9896;21;9893;14;;;9915;14;9917;12;;;9905.5;0.0
yf_ZC=F_d14;28900;INTARIAN_PEPPER_ROOT;12156;21;12153;25;;;12162;18;12166;25;;;12159.0;0.0
yf_ZC=F_d14;29000;ASH_COATED_OSMIUM;9903;11;9899;17;;;9909;7;9912;25;;;9906.0;0.0
yf_ZC=F_d14;29000;INTARIAN_PEPPER_ROOT;12158;12;12155;22;;;12164;18;12167;20;;;12161.0;0.0
yf_ZC=F_d14;29100;ASH_COATED_OSMIUM;9903;18;9901;17;;;9909;19;9912;27;;;9906.0;0.0
yf_ZC=F_d14;29100;INTARIAN_PEPPER_ROOT;12150;15;12147;16;;;12175;17;12179;10;;;12162.5;0.0
yf_ZC=F_d14;29200;ASH_COATED_OSMIUM;9898;17;9895;33;;;9912;10;9914;19;;;9905.0;0.0
yf_ZC=F_d14;29200;INTARIAN_PEPPER_ROOT;12154;17;12152;27;;;12176;20;12178;22;;;12165.0;0.0
yf_ZC=F_d14;29300;ASH_COATED_OSMIUM;9898;20;9894;21;;;9913;17;9915;18;;;9905.5;0.0
yf_ZC=F_d14;29300;INTARIAN_PEPPER_ROOT;12164;15;12160;19;;;12170;11;12172;24;;;12167.0;0.0
yf_ZC=F_d14;29400;ASH_COATED_OSMIUM;9900;11;9898;21;;;9911;19;9913;19;;;9905.5;0.0
yf_ZC=F_d14;29400;INTARIAN_PEPPER_ROOT;12166;11;12163;24;;;12172;12;12176;19;;;12169.0;0.0
yf_ZC=F_d14;29500;ASH_COATED_OSMIUM;9903;21;9900;22;;;9909;16;9912;25;;;9906.0;0.0
yf_ZC=F_d14;29500;INTARIAN_PEPPER_ROOT;12168;9;12166;24;;;12174;20;12176;15;;;12171.0;0.0
yf_ZC=F_d14;29600;ASH_COATED_OSMIUM;9903;24;9901;19;;;9909;11;9913;22;;;9906.0;0.0
yf_ZC=F_d14;29600;INTARIAN_PEPPER_ROOT;12171;18;12167;20;;;12177;19;12181;20;;;12174.0;0.0
yf_ZC=F_d14;29700;ASH_COATED_OSMIUM;9901;17;9897;22;;;9910;6;9914;23;;;9905.5;0.0
yf_ZC=F_d14;29700;INTARIAN_PEPPER_ROOT;12172;6;12168;23;;;12180;16;12183;14;;;12176.0;0.0
yf_ZC=F_d14;29800;ASH_COATED_OSMIUM;9903;5;9899;16;;;9909;18;9912;10;;;9906.0;0.0
yf_ZC=F_d14;29800;INTARIAN_PEPPER_ROOT;12169;22;12167;19;;;12187;14;12190;28;;;12178.0;0.0
yf_ZC=F_d14;29900;ASH_COATED_OSMIUM;9902;20;9898;13;;;9909;8;9913;10;;;9905.5;0.0
yf_ZC=F_d14;29900;INTARIAN_PEPPER_ROOT;12175;17;12173;15;;;12186;9;12189;19;;;12180.5;0.0
yf_ZC=F_d14;30000;ASH_COATED_OSMIUM;9903;13;9899;19;;;9909;13;9911;16;;;9906.0;0.0
yf_ZC=F_d14;30000;INTARIAN_PEPPER_ROOT;12179;16;12176;24;;;12188;18;12190;18;;;12183.5;0.0
yf_ZC=F_d14;30100;ASH_COATED_OSMIUM;9903;17;9900;25;;;9909;8;9913;19;;;9906.0;0.0
yf_ZC=F_d14;30100;INTARIAN_PEPPER_ROOT;12179;11;12176;13;;;12190;14;12193;16;;;12184.5;0.0
yf_ZC=F_d14;30200;ASH_COATED_OSMIUM;9896;13;9894;17;;;9915;14;9919;18;;;9905.5;0.0
yf_ZC=F_d14;30200;INTARIAN_PEPPER_ROOT;12183;14;12180;17;;;12191;17;12195;22;;;12187.0;0.0
yf_ZC=F_d14;30300;ASH_COATED_OSMIUM;9903;12;9899;20;;;9909;15;9913;19;;;9906.0;0.0
yf_ZC=F_d14;30300;INTARIAN_PEPPER_ROOT;12183;16;12179;25;;;12196;11;12199;25;;;12189.5;0.0
yf_ZC=F_d14;30400;ASH_COATED_OSMIUM;9899;19;9897;14;;;9912;16;9916;19;;;9905.5;0.0
yf_ZC=F_d14;30400;INTARIAN_PEPPER_ROOT;12182;9;12180;14;;;12198;16;12202;12;;;12190.0;0.0
yf_ZC=F_d14;30500;ASH_COATED_OSMIUM;9903;15;9900;15;;;9909;17;9912;22;;;9906.0;0.0
yf_ZC=F_d14;30500;INTARIAN_PEPPER_ROOT;12190;5;12186;35;;;12197;12;12200;21;;;12193.5;0.0
yf_ZC=F_d14;30600;ASH_COATED_OSMIUM;9901;17;9899;14;;;9913;10;9917;17;;;9907.0;0.0
yf_ZC=F_d14;30600;INTARIAN_PEPPER_ROOT;12192;14;12190;18;;;12198;14;12202;20;;;12195.0;0.0
yf_ZC=F_d14;30700;ASH_COATED_OSMIUM;9903;15;9901;17;;;9909;14;9911;18;;;9906.0;0.0
yf_ZC=F_d14;30700;INTARIAN_PEPPER_ROOT;12195;11;12193;20;;;12201;5;12205;19;;;12198.0;0.0
yf_ZC=F_d14;30800;ASH_COATED_OSMIUM;9904;21;9901;16;;;9910;16;9912;19;;;9907.0;0.0
yf_ZC=F_d14;30800;INTARIAN_PEPPER_ROOT;12191;7;12187;21;;;12208;21;12210;18;;;12199.5;0.0
yf_ZC=F_d14;30900;ASH_COATED_OSMIUM;9902;5;9898;19;;;9910;15;9913;26;;;9906.0;0.0
yf_ZC=F_d14;30900;INTARIAN_PEPPER_ROOT;12192;15;12188;19;;;12212;17;12214;17;;;12202.0;0.0
yf_ZC=F_d14;31000;ASH_COATED_OSMIUM;9894;16;9892;20;;;9920;18;9923;19;;;9907.0;0.0
yf_ZC=F_d14;31000;INTARIAN_PEPPER_ROOT;12198;15;12194;13;;;12209;21;12212;16;;;12203.5;0.0
yf_ZC=F_d14;31100;ASH_COATED_OSMIUM;9904;10;9902;14;;;9910;9;9913;17;;;9907.0;0.0
yf_ZC=F_d14;31100;INTARIAN_PEPPER_ROOT;12189;15;12186;16;;;12223;18;12227;24;;;12206.0;0.0
yf_ZC=F_d14;31200;ASH_COATED_OSMIUM;9903;19;9901;17;;;9909;7;9911;20;;;9906.0;0.0
yf_ZC=F_d14;31200;INTARIAN_PEPPER_ROOT;12206;12;12202;15;;;12212;14;12216;22;;;12209.0;0.0
yf_ZC=F_d14;31300;ASH_COATED_OSMIUM;9900;11;9896;12;;;9913;11;9916;24;;;9906.5;0.0
yf_ZC=F_d14;31300;INTARIAN_PEPPER_ROOT;12207;13;12203;21;;;12213;12;12217;20;;;12210.0;0.0
yf_ZC=F_d14;31400;ASH_COATED_OSMIUM;9895;19;9892;13;;;9918;18;9920;34;;;9906.5;0.0
yf_ZC=F_d14;31400;INTARIAN_PEPPER_ROOT;12209;14;12206;21;;;12215;8;12217;31;;;12212.0;0.0
yf_ZC=F_d14;31500;ASH_COATED_OSMIUM;9895;17;9893;18;;;9918;13;9922;22;;;9906.5;0.0
yf_ZC=F_d14;31500;INTARIAN_PEPPER_ROOT;12212;8;12208;20;;;12218;20;12222;26;;;12215.0;0.0
yf_ZC=F_d14;31600;ASH_COATED_OSMIUM;9897;5;9893;19;;;9918;18;9920;13;;;9907.5;0.0
yf_ZC=F_d14;31600;INTARIAN_PEPPER_ROOT;12213;10;12211;15;;;12220;23;12224;22;;;12216.5;0.0
yf_ZC=F_d14;31700;ASH_COATED_OSMIUM;9904;9;9900;24;;;9910;9;9912;22;;;9907.0;0.0
yf_ZC=F_d14;31700;INTARIAN_PEPPER_ROOT;12216;19;12214;24;;;12222;17;12225;19;;;12219.0;0.0
yf_ZC=F_d14;31800;ASH_COATED_OSMIUM;9904;13;9900;26;;;9910;10;9914;19;;;9907.0;0.0
yf_ZC=F_d14;31800;INTARIAN_PEPPER_ROOT;12219;21;12217;15;;;12225;11;12229;22;;;12222.0;0.0
yf_ZC=F_d14;31900;ASH_COATED_OSMIUM;9904;17;9902;20;;;9910;24;9913;16;;;9907.0;0.0
yf_ZC=F_d14;31900;INTARIAN_PEPPER_ROOT;12220;7;12217;16;;;12226;19;12228;14;;;12223.0;0.0
yf_ZC=F_d14;32000;ASH_COATED_OSMIUM;9903;8;9901;11;;;9911;21;9915;21;;;9907.0;0.0
yf_ZC=F_d14;32000;INTARIAN_PEPPER_ROOT;12220;17;12217;17;;;12231;13;12233;27;;;12225.5;0.0
yf_ZC=F_d14;32100;ASH_COATED_OSMIUM;9904;20;9900;28;;;9910;8;9912;8;;;9907.0;0.0
yf_ZC=F_d14;32100;INTARIAN_PEPPER_ROOT;12225;7;12223;25;;;12231;9;12233;23;;;12228.0;0.0
yf_ZC=F_d14;32200;ASH_COATED_OSMIUM;9904;25;9902;28;;;9910;19;9913;20;;;9907.0;0.0
yf_ZC=F_d14;32200;INTARIAN_PEPPER_ROOT;12227;8;12225;17;;;12233;12;12237;24;;;12230.0;0.0
yf_ZC=F_d14;32300;ASH_COATED_OSMIUM;9904;15;9900;20;;;9910;16;9914;16;;;9907.0;0.0
yf_ZC=F_d14;32300;INTARIAN_PEPPER_ROOT;12229;13;12225;14;;;12235;12;12239;19;;;12232.0;0.0
yf_ZC=F_d14;32400;ASH_COATED_OSMIUM;9904;21;9900;20;;;9910;18;9913;18;;;9907.0;0.0
yf_ZC=F_d14;32400;INTARIAN_PEPPER_ROOT;12224;11;12222;17;;;12243;10;12246;16;;;12233.5;0.0
yf_ZC=F_d14;32500;ASH_COATED_OSMIUM;9905;19;9902;18;;;9911;21;9914;13;;;9908.0;0.0
yf_ZC=F_d14;32500;INTARIAN_PEPPER_ROOT;12233;9;12229;28;;;12239;20;12242;16;;;12236.0;0.0
yf_ZC=F_d14;32600;ASH_COATED_OSMIUM;9898;15;9896;24;;;9916;17;9920;22;;;9907.0;0.0
yf_ZC=F_d14;32600;INTARIAN_PEPPER_ROOT;12235;14;12233;16;;;12241;16;12244;10;;;12238.0;0.0
yf_ZC=F_d14;32700;ASH_COATED_OSMIUM;9905;13;9903;18;;;9911;9;9914;18;;;9908.0;0.0
yf_ZC=F_d14;32700;INTARIAN_PEPPER_ROOT;12237;23;12235;25;;;12245;7;12248;15;;;12241.0;0.0
yf_ZC=F_d14;32800;ASH_COATED_OSMIUM;9905;10;9902;20;;;9911;23;9914;17;;;9908.0;0.0
yf_ZC=F_d14;32800;INTARIAN_PEPPER_ROOT;12240;14;12236;20;;;12246;18;12249;18;;;12243.0;0.0
yf_ZC=F_d14;32900;ASH_COATED_OSMIUM;9904;28;9900;19;;;9910;12;9914;20;;;9907.0;0.0
yf_ZC=F_d14;32900;INTARIAN_PEPPER_ROOT;12241;25;12238;31;;;12248;21;12250;10;;;12244.5;0.0
yf_ZC=F_d14;33000;ASH_COATED_OSMIUM;9900;19;9896;18;;;9914;15;9916;17;;;9907.0;0.0
yf_ZC=F_d14;33000;INTARIAN_PEPPER_ROOT;12244;8;12240;16;;;12250;10;12252;18;;;12247.0;0.0
yf_ZC=F_d14;33100;ASH_COATED_OSMIUM;9905;17;9901;19;;;9911;9;9914;20;;;9908.0;0.0
yf_ZC=F_d14;33100;INTARIAN_PEPPER_ROOT;12246;9;12242;18;;;12252;14;12255;15;;;12249.0;0.0
yf_ZC=F_d14;33200;ASH_COATED_OSMIUM;9900;21;9896;13;;;9916;5;9918;8;;;9908.0;0.0
yf_ZC=F_d14;33200;INTARIAN_PEPPER_ROOT;12246;11;12242;20;;;12257;10;12261;22;;;12251.5;0.0
yf_ZC=F_d14;33300;ASH_COATED_OSMIUM;9903;13;9900;33;;;9912;9;9915;35;;;9907.5;0.0
yf_ZC=F_d14;33300;INTARIAN_PEPPER_ROOT;12246;13;12243;11;;;12262;16;12264;18;;;12254.0;0.0
yf_ZC=F_d14;33400;ASH_COATED_OSMIUM;9905;21;9902;14;;;9911;8;9914;24;;;9908.0;0.0
yf_ZC=F_d14;33400;INTARIAN_PEPPER_ROOT;12245;14;12243;19;;;12267;18;12269;25;;;12256.0;0.0
yf_ZC=F_d14;33500;ASH_COATED_OSMIUM;9904;23;9900;21;;;9910;8;9914;15;;;9907.0;0.0
yf_ZC=F_d14;33500;INTARIAN_PEPPER_ROOT;12255;5;12252;15;;;12261;20;12264;25;;;12258.0;0.0
yf_ZC=F_d14;33600;ASH_COATED_OSMIUM;9901;8;9897;23;;;9916;18;9918;21;;;9908.5;0.0
yf_ZC=F_d14;33600;INTARIAN_PEPPER_ROOT;12254;7;12250;16;;;12267;13;12270;24;;;12260.5;0.0
yf_ZC=F_d14;33700;ASH_COATED_OSMIUM;9904;19;9902;21;;;9910;12;9914;17;;;9907.0;0.0
yf_ZC=F_d14;33700;INTARIAN_PEPPER_ROOT;12257;18;12253;17;;;12268;15;12270;16;;;12262.5;0.0
yf_ZC=F_d14;33800;ASH_COATED_OSMIUM;9904;12;9902;13;;;9912;14;9916;28;;;9908.0;0.0
yf_ZC=F_d14;33800;INTARIAN_PEPPER_ROOT;12262;10;12259;14;;;12268;14;12272;21;;;12265.0;0.0
yf_ZC=F_d14;33900;ASH_COATED_OSMIUM;9905;18;9901;21;;;9911;20;9914;12;;;9908.0;0.0
yf_ZC=F_d14;33900;INTARIAN_PEPPER_ROOT;12263;18;12259;15;;;12269;15;12271;24;;;12266.0;0.0
yf_ZC=F_d14;34000;ASH_COATED_OSMIUM;9892;6;9889;18;;;9925;6;9929;24;;;9908.5;0.0
yf_ZC=F_d14;34000;INTARIAN_PEPPER_ROOT;12263;16;12260;21;;;12269;14;12272;11;;;12266.0;0.0
yf_ZC=F_d14;34100;ASH_COATED_OSMIUM;9905;18;9901;24;;;9911;21;9913;16;;;9908.0;0.0
yf_ZC=F_d14;34100;INTARIAN_PEPPER_ROOT;12261;14;12259;25;;;12271;22;12275;23;;;12266.0;0.0
yf_ZC=F_d14;34200;ASH_COATED_OSMIUM;9905;17;9902;13;;;9911;9;9913;19;;;9908.0;0.0
yf_ZC=F_d14;34200;INTARIAN_PEPPER_ROOT;12253;10;12250;28;;;12277;5;12279;26;;;12265.0;0.0
yf_ZC=F_d14;34300;ASH_COATED_OSMIUM;9905;10;9901;18;;;9911;14;9913;21;;;9908.0;0.0
yf_ZC=F_d14;34300;INTARIAN_PEPPER_ROOT;12262;15;12260;26;;;12268;9;12272;19;;;12265.0;0.0
yf_ZC=F_d14;34400;ASH_COATED_OSMIUM;9905;7;9901;25;;;9911;23;9915;22;;;9908.0;0.0
yf_ZC=F_d14;34400;INTARIAN_PEPPER_ROOT;12256;30;12254;27;;;12274;7;12278;12;;;12265.0;0.0
yf_ZC=F_d14;34500;ASH_COATED_OSMIUM;9905;6;9901;19;;;9911;11;9915;27;;;9908.0;0.0
yf_ZC=F_d14;34500;INTARIAN_PEPPER_ROOT;12255;14;12252;12;;;12273;11;12275;16;;;12264.0;0.0
yf_ZC=F_d14;34600;ASH_COATED_OSMIUM;9898;10;9894;18;;;9917;20;9920;18;;;9907.5;0.0
yf_ZC=F_d14;34600;INTARIAN_PEPPER_ROOT;12260;13;12258;17;;;12266;17;12270;25;;;12263.0;0.0
yf_ZC=F_d14;34700;ASH_COATED_OSMIUM;9905;11;9901;22;;;9911;20;9915;21;;;9908.0;0.0
yf_ZC=F_d14;34700;INTARIAN_PEPPER_ROOT;12261;5;12258;19;;;12267;14;12269;31;;;12264.0;0.0
yf_ZC=F_d14;34800;ASH_COATED_OSMIUM;9905;19;9901;15;;;9911;15;9913;24;;;9908.0;0.0
yf_ZC=F_d14;34800;INTARIAN_PEPPER_ROOT;12260;7;12256;22;;;12266;11;12270;21;;;12263.0;0.0
yf_ZC=F_d14;34900;ASH_COATED_OSMIUM;9905;7;9901;18;;;9911;9;9913;20;;;9908.0;0.0
yf_ZC=F_d14;34900;INTARIAN_PEPPER_ROOT;12253;8;12251;12;;;12273;11;12277;15;;;12263.0;0.0
yf_ZC=F_d14;35000;ASH_COATED_OSMIUM;9905;18;9902;18;;;9911;10;9913;19;;;9908.0;0.0
yf_ZC=F_d14;35000;INTARIAN_PEPPER_ROOT;12259;6;12257;22;;;12265;11;12269;11;;;12262.0;0.0
yf_ZC=F_d14;35100;ASH_COATED_OSMIUM;9905;9;9903;18;;;9911;10;9914;22;;;9908.0;0.0
yf_ZC=F_d14;35100;INTARIAN_PEPPER_ROOT;12256;12;12252;17;;;12268;12;12271;24;;;12262.0;0.0
yf_ZC=F_d14;35200;ASH_COATED_OSMIUM;9905;9;9903;15;;;9911;16;9915;20;;;9908.0;0.0
yf_ZC=F_d14;35200;INTARIAN_PEPPER_ROOT;12258;9;12254;23;;;12264;17;12266;27;;;12261.0;0.0
yf_ZC=F_d14;35300;ASH_COATED_OSMIUM;9905;19;9901;11;;;9911;21;9915;32;;;9908.0;0.0
yf_ZC=F_d14;35300;INTARIAN_PEPPER_ROOT;12258;8;12254;23;;;12264;20;12268;21;;;12261.0;0.0
yf_ZC=F_d14;35400;ASH_COATED_OSMIUM;9904;8;9902;20;;;9910;17;9913;17;;;9907.0;0.0
yf_ZC=F_d14;35400;INTARIAN_PEPPER_ROOT;12256;17;12253;10;;;12263;16;12266;20;;;12259.5;0.0
yf_ZC=F_d14;35500;ASH_COATED_OSMIUM;9906;5;9904;22;;;9912;13;9915;23;;;9909.0;0.0
yf_ZC=F_d14;35500;INTARIAN_PEPPER_ROOT;12251;11;12249;19;;;12270;13;12272;16;;;12260.5;0.0
yf_ZC=F_d14;35600;ASH_COATED_OSMIUM;9904;13;9901;17;;;9910;8;9912;14;;;9907.0;0.0
yf_ZC=F_d14;35600;INTARIAN_PEPPER_ROOT;12257;13;12255;26;;;12263;18;12267;23;;;12260.0;0.0
yf_ZC=F_d14;35700;ASH_COATED_OSMIUM;9900;13;9897;9;;;9914;6;9917;28;;;9907.0;0.0
yf_ZC=F_d14;35700;INTARIAN_PEPPER_ROOT;12256;19;12253;25;;;12262;18;12264;23;;;12259.0;0.0
yf_ZC=F_d14;35800;ASH_COATED_OSMIUM;9905;11;9903;20;;;9911;12;9913;26;;;9908.0;0.0
yf_ZC=F_d14;35800;INTARIAN_PEPPER_ROOT;12250;21;12248;21;;;12269;15;12271;25;;;12259.5;0.0
yf_ZC=F_d14;35900;ASH_COATED_OSMIUM;9905;20;9902;18;;;9911;10;9914;14;;;9908.0;0.0
yf_ZC=F_d14;35900;INTARIAN_PEPPER_ROOT;12255;16;12252;19;;;12262;18;12266;20;;;12258.5;0.0
yf_ZC=F_d14;36000;ASH_COATED_OSMIUM;9904;15;9901;28;;;9911;17;9915;13;;;9907.5;0.0
yf_ZC=F_d14;36000;INTARIAN_PEPPER_ROOT;12250;12;12248;16;;;12267;16;12269;23;;;12258.5;0.0
yf_ZC=F_d14;36100;ASH_COATED_OSMIUM;9901;14;9897;25;;;9915;11;9919;20;;;9908.0;0.0
yf_ZC=F_d14;36100;INTARIAN_PEPPER_ROOT;12255;16;12253;9;;;12261;16;12265;24;;;12258.0;0.0
yf_ZC=F_d14;36200;ASH_COATED_OSMIUM;9902;19;9900;23;;;9914;10;9917;9;;;9908.0;0.0
yf_ZC=F_d14;36200;INTARIAN_PEPPER_ROOT;12255;15;12253;21;;;12261;18;12264;18;;;12258.0;0.0
yf_ZC=F_d14;36300;ASH_COATED_OSMIUM;9905;14;9901;23;;;9911;12;9913;24;;;9908.0;0.0
yf_ZC=F_d14;36300;INTARIAN_PEPPER_ROOT;12253;17;12250;24;;;12259;18;12263;28;;;12256.0;0.0
yf_ZC=F_d14;36400;ASH_COATED_OSMIUM;9904;19;9901;26;;;9910;13;9913;32;;;9907.0;0.0
yf_ZC=F_d14;36400;INTARIAN_PEPPER_ROOT;12253;14;12250;14;;;12259;22;12262;22;;;12256.0;0.0
yf_ZC=F_d14;36500;ASH_COATED_OSMIUM;9905;18;9901;25;;;9911;10;9915;19;;;9908.0;0.0
yf_ZC=F_d14;36500;INTARIAN_PEPPER_ROOT;12253;7;12249;20;;;12259;18;12262;16;;;12256.0;0.0
yf_ZC=F_d14;36600;ASH_COATED_OSMIUM;9902;20;9898;25;;;9913;10;9916;13;;;9907.5;0.0
yf_ZC=F_d14;36600;INTARIAN_PEPPER_ROOT;12252;21;12248;28;;;12258;10;12262;22;;;12255.0;0.0
yf_ZC=F_d14;36700;ASH_COATED_OSMIUM;9905;19;9901;15;;;9911;15;9913;22;;;9908.0;0.0
yf_ZC=F_d14;36700;INTARIAN_PEPPER_ROOT;12252;6;12250;23;;;12258;11;12262;26;;;12255.0;0.0
yf_ZC=F_d14;36800;ASH_COATED_OSMIUM;9904;16;9901;13;;;9911;11;9914;23;;;9907.5;0.0
yf_ZC=F_d14;36800;INTARIAN_PEPPER_ROOT;12252;10;12248;17;;;12258;12;12261;14;;;12255.0;0.0
yf_ZC=F_d14;36900;ASH_COATED_OSMIUM;9898;13;9896;22;;;9916;15;9920;16;;;9907.0;0.0
yf_ZC=F_d14;36900;INTARIAN_PEPPER_ROOT;12247;16;12243;13;;;12262;11;12266;28;;;12254.5;0.0
yf_ZC=F_d14;37000;ASH_COATED_OSMIUM;9905;10;9901;13;;;9911;14;9915;15;;;9908.0;0.0
yf_ZC=F_d14;37000;INTARIAN_PEPPER_ROOT;12250;12;12248;19;;;12256;14;12259;20;;;12253.0;0.0
yf_ZC=F_d14;37100;ASH_COATED_OSMIUM;9904;12;9902;17;;;9911;6;9914;24;;;9907.5;0.0
yf_ZC=F_d14;37100;INTARIAN_PEPPER_ROOT;12251;24;12248;20;;;12257;15;12261;14;;;12254.0;0.0
yf_ZC=F_d14;37200;ASH_COATED_OSMIUM;9905;15;9902;20;;;9911;11;9914;20;;;9908.0;0.0
yf_ZC=F_d14;37200;INTARIAN_PEPPER_ROOT;12250;12;12246;18;;;12256;16;12260;31;;;12253.0;0.0
yf_ZC=F_d14;37300;ASH_COATED_OSMIUM;9896;17;9894;18;;;9918;17;9922;26;;;9907.0;0.0
yf_ZC=F_d14;37300;INTARIAN_PEPPER_ROOT;12249;27;12247;14;;;12255;17;12257;27;;;12252.0;0.0
yf_ZC=F_d14;37400;ASH_COATED_OSMIUM;9901;19;9899;19;;;9914;8;9917;27;;;9907.5;0.0
yf_ZC=F_d14;37400;INTARIAN_PEPPER_ROOT;12250;17;12248;10;;;12256;12;12258;27;;;12253.0;0.0
yf_ZC=F_d14;37500;ASH_COATED_OSMIUM;9897;8;9893;21;;;9919;25;9922;18;;;9908.0;0.0
yf_ZC=F_d14;37500;INTARIAN_PEPPER_ROOT;12250;5;12248;15;;;12256;16;12260;18;;;12253.0;0.0
yf_ZC=F_d14;37600;ASH_COATED_OSMIUM;9904;14;9900;22;;;9910;14;9914;21;;;9907.0;0.0
yf_ZC=F_d14;37600;INTARIAN_PEPPER_ROOT;12248;15;12246;22;;;12254;17;12256;13;;;12251.0;0.0
yf_ZC=F_d14;37700;ASH_COATED_OSMIUM;9904;15;9902;20;;;9910;21;9914;21;;;9907.0;0.0
yf_ZC=F_d14;37700;INTARIAN_PEPPER_ROOT;12247;12;12245;24;;;12255;10;12258;17;;;12251.0;0.0
yf_ZC=F_d14;37800;ASH_COATED_OSMIUM;9904;13;9902;13;;;9910;12;9914;23;;;9907.0;0.0
yf_ZC=F_d14;37800;INTARIAN_PEPPER_ROOT;12242;15;12238;15;;;12260;16;12264;13;;;12251.0;0.0
yf_ZC=F_d14;37900;ASH_COATED_OSMIUM;9905;14;9903;18;;;9911;7;9914;20;;;9908.0;0.0
yf_ZC=F_d14;37900;INTARIAN_PEPPER_ROOT;12248;15;12246;18;;;12254;16;12258;12;;;12251.0;0.0
yf_ZC=F_d14;38000;ASH_COATED_OSMIUM;9901;9;9898;19;;;9914;15;9918;20;;;9907.5;0.0
yf_ZC=F_d14;38000;INTARIAN_PEPPER_ROOT;12247;11;12245;23;;;12254;15;12258;13;;;12250.5;0.0
yf_ZC=F_d14;38100;ASH_COATED_OSMIUM;9901;14;9897;17;;;9915;15;9917;28;;;9908.0;0.0
yf_ZC=F_d14;38100;INTARIAN_PEPPER_ROOT;12246;8;12243;12;;;12252;5;12256;17;;;12249.0;0.0
yf_ZC=F_d14;38200;ASH_COATED_OSMIUM;9905;8;9903;20;;;9911;10;9913;26;;;9908.0;0.0
yf_ZC=F_d14;38200;INTARIAN_PEPPER_ROOT;12246;12;12242;20;;;12252;18;12254;14;;;12249.0;0.0
yf_ZC=F_d14;38300;ASH_COATED_OSMIUM;9901;24;9898;17;;;9914;23;9916;12;;;9907.5;0.0
yf_ZC=F_d14;38300;INTARIAN_PEPPER_ROOT;12243;16;12239;22;;;12255;12;12259;17;;;12249.0;0.0
yf_ZC=F_d14;38400;ASH_COATED_OSMIUM;9904;13;9900;16;;;9910;18;9912;22;;;9907.0;0.0
yf_ZC=F_d14;38400;INTARIAN_PEPPER_ROOT;12238;17;12235;30;;;12258;22;12260;19;;;12248.0;0.0
yf_ZC=F_d14;38500;ASH_COATED_OSMIUM;9905;23;9903;13;;;9911;17;9913;23;;;9908.0;0.0
yf_ZC=F_d14;38500;INTARIAN_PEPPER_ROOT;12245;20;12241;9;;;12251;16;12253;21;;;12248.0;0.0
yf_ZC=F_d14;38600;ASH_COATED_OSMIUM;9905;20;9901;8;;;9911;13;9913;25;;;9908.0;0.0
yf_ZC=F_d14;38600;INTARIAN_PEPPER_ROOT;12245;17;12243;12;;;12251;14;12253;26;;;12248.0;0.0
yf_ZC=F_d14;38700;ASH_COATED_OSMIUM;9905;15;9903;29;;;9911;18;9914;21;;;9908.0;0.0
yf_ZC=F_d14;38700;INTARIAN_PEPPER_ROOT;12244;11;12240;18;;;12250;16;12253;22;;;12247.0;0.0
yf_ZC=F_d14;38800;ASH_COATED_OSMIUM;9902;15;9899;17;;;9911;10;9915;18;;;9906.5;0.0
yf_ZC=F_d14;38800;INTARIAN_PEPPER_ROOT;12244;17;12240;22;;;12250;20;12254;16;;;12247.0;0.0
yf_ZC=F_d14;38900;ASH_COATED_OSMIUM;9902;10;9898;24;;;9913;11;9915;20;;;9907.5;0.0
yf_ZC=F_d14;38900;INTARIAN_PEPPER_ROOT;12243;16;12241;19;;;12249;6;12251;27;;;12246.0;0.0
yf_ZC=F_d14;39000;ASH_COATED_OSMIUM;9905;9;9901;22;;;9911;22;9914;22;;;9908.0;0.0
yf_ZC=F_d14;39000;INTARIAN_PEPPER_ROOT;12242;13;12238;24;;;12248;20;12250;10;;;12245.0;0.0
yf_ZC=F_d14;39100;ASH_COATED_OSMIUM;9899;19;9895;13;;;9914;10;9918;19;;;9906.5;0.0
yf_ZC=F_d14;39100;INTARIAN_PEPPER_ROOT;12243;16;12240;23;;;12249;7;12253;17;;;12246.0;0.0
yf_ZC=F_d14;39200;ASH_COATED_OSMIUM;9901;14;9899;22;;;9913;18;9915;16;;;9907.0;0.0
yf_ZC=F_d14;39200;INTARIAN_PEPPER_ROOT;12241;18;12238;19;;;12247;13;12251;25;;;12244.0;0.0
yf_ZC=F_d14;39300;ASH_COATED_OSMIUM;9904;6;9900;19;;;9910;18;9914;14;;;9907.0;0.0
yf_ZC=F_d14;39300;INTARIAN_PEPPER_ROOT;12241;14;12237;15;;;12248;12;12250;20;;;12244.5;0.0
yf_ZC=F_d14;39400;ASH_COATED_OSMIUM;9905;7;9901;10;;;9911;6;9914;15;;;9908.0;0.0
yf_ZC=F_d14;39400;INTARIAN_PEPPER_ROOT;12242;27;12239;20;;;12248;14;12251;21;;;12245.0;0.0
yf_ZC=F_d14;39500;ASH_COATED_OSMIUM;9905;18;9903;28;;;9911;18;9914;18;;;9908.0;0.0
yf_ZC=F_d14;39500;INTARIAN_PEPPER_ROOT;12241;21;12238;16;;;12247;9;12249;23;;;12244.0;0.0
yf_ZC=F_d14;39600;ASH_COATED_OSMIUM;9898;17;9895;17;;;9917;24;9919;14;;;9907.5;0.0
yf_ZC=F_d14;39600;INTARIAN_PEPPER_ROOT;12240;5;12237;20;;;12246;16;12250;23;;;12243.0;0.0
yf_ZC=F_d14;39700;ASH_COATED_OSMIUM;9902;14;9899;19;;;9913;20;9915;16;;;9907.5;0.0
yf_ZC=F_d14;39700;INTARIAN_PEPPER_ROOT;12240;22;12237;32;;;12246;14;12248;18;;;12243.0;0.0
yf_ZC=F_d14;39800;ASH_COATED_OSMIUM;9904;15;9900;12;;;9910;19;9913;17;;;9907.0;0.0
yf_ZC=F_d14;39800;INTARIAN_PEPPER_ROOT;12237;19;12235;22;;;12250;14;12253;21;;;12243.5;0.0
yf_ZC=F_d14;39900;ASH_COATED_OSMIUM;9897;24;9893;35;;;9918;21;9920;27;;;9907.5;0.0
yf_ZC=F_d14;39900;INTARIAN_PEPPER_ROOT;12237;9;12234;8;;;12248;18;12252;21;;;12242.5;0.0
yf_ZC=F_d14;40000;ASH_COATED_OSMIUM;9903;23;9899;16;;;9912;10;9916;25;;;9907.5;0.0
yf_ZC=F_d14;40000;INTARIAN_PEPPER_ROOT;12237;13;12234;15;;;12246;13;12250;26;;;12241.5;0.0
yf_ZC=F_d14;40100;ASH_COATED_OSMIUM;9904;21;9902;15;;;9910;16;9914;18;;;9907.0;0.0
yf_ZC=F_d14;40100;INTARIAN_PEPPER_ROOT;12238;17;12234;21;;;12246;15;12250;22;;;12242.0;0.0
yf_ZC=F_d14;40200;ASH_COATED_OSMIUM;9903;10;9900;20;;;9911;11;9915;24;;;9907.0;0.0
yf_ZC=F_d14;40200;INTARIAN_PEPPER_ROOT;12232;11;12230;23;;;12251;18;12254;10;;;12241.5;0.0
yf_ZC=F_d14;40300;ASH_COATED_OSMIUM;9902;21;9900;28;;;9913;17;9915;17;;;9907.5;0.0
yf_ZC=F_d14;40300;INTARIAN_PEPPER_ROOT;12237;10;12233;24;;;12245;14;12247;15;;;12241.0;0.0
yf_ZC=F_d14;40400;ASH_COATED_OSMIUM;9902;18;9900;18;;;9912;13;9915;22;;;9907.0;0.0
yf_ZC=F_d14;40400;INTARIAN_PEPPER_ROOT;12237;16;12235;22;;;12243;14;12245;22;;;12240.0;0.0
yf_ZC=F_d14;40500;ASH_COATED_OSMIUM;9898;19;9894;19;;;9917;20;9920;17;;;9907.5;0.0
yf_ZC=F_d14;40500;INTARIAN_PEPPER_ROOT;12234;8;12232;12;;;12245;5;12249;19;;;12239.5;0.0
yf_ZC=F_d14;40600;ASH_COATED_OSMIUM;9904;8;9901;13;;;9910;15;9912;20;;;9907.0;0.0
yf_ZC=F_d14;40600;INTARIAN_PEPPER_ROOT;12236;6;12232;19;;;12242;5;12244;26;;;12239.0;0.0
yf_ZC=F_d14;40700;ASH_COATED_OSMIUM;9904;16;9902;19;;;9910;16;9913;19;;;9907.0;0.0
yf_ZC=F_d14;40700;INTARIAN_PEPPER_ROOT;12235;17;12231;17;;;12241;19;12245;8;;;12238.0;0.0
yf_ZC=F_d14;40800;ASH_COATED_OSMIUM;9904;22;9901;28;;;9910;14;9912;16;;;9907.0;0.0
yf_ZC=F_d14;40800;INTARIAN_PEPPER_ROOT;12236;11;12233;26;;;12242;12;12246;9;;;12239.0;0.0
yf_ZC=F_d14;40900;ASH_COATED_OSMIUM;9904;12;9902;17;;;9910;7;9913;26;;;9907.0;0.0
yf_ZC=F_d14;40900;INTARIAN_PEPPER_ROOT;12235;13;12231;20;;;12241;18;12244;17;;;12238.0;0.0
yf_ZC=F_d14;41000;ASH_COATED_OSMIUM;9905;12;9901;16;;;9911;6;9914;26;;;9908.0;0.0
yf_ZC=F_d14;41000;INTARIAN_PEPPER_ROOT;12235;11;12233;21;;;12241;22;12245;24;;;12238.0;0.0
yf_ZC=F_d14;41100;ASH_COATED_OSMIUM;9901;6;9898;21;;;9913;15;9916;21;;;9907.0;0.0
yf_ZC=F_d14;41100;INTARIAN_PEPPER_ROOT;12233;10;12229;28;;;12241;18;12245;25;;;12237.0;0.0
yf_ZC=F_d14;41200;ASH_COATED_OSMIUM;9905;11;9902;15;;;9911;12;9915;21;;;9908.0;0.0
yf_ZC=F_d14;41200;INTARIAN_PEPPER_ROOT;12233;18;12229;20;;;12242;11;12245;20;;;12237.5;0.0
yf_ZC=F_d14;41300;ASH_COATED_OSMIUM;9904;16;9902;21;;;9910;10;9913;21;;;9907.0;0.0
yf_ZC=F_d14;41300;INTARIAN_PEPPER_ROOT;12225;17;12221;27;;;12247;12;12251;13;;;12236.0;0.0
yf_ZC=F_d14;41400;ASH_COATED_OSMIUM;9904;18;9901;24;;;9910;14;9914;24;;;9907.0;0.0
yf_ZC=F_d14;41400;INTARIAN_PEPPER_ROOT;12231;18;12229;32;;;12240;8;12244;22;;;12235.5;0.0
yf_ZC=F_d14;41500;ASH_COATED_OSMIUM;9904;21;9902;21;;;9910;19;9913;14;;;9907.0;0.0
yf_ZC=F_d14;41500;INTARIAN_PEPPER_ROOT;12233;13;12229;24;;;12239;13;12243;29;;;12236.0;0.0
yf_ZC=F_d14;41600;ASH_COATED_OSMIUM;9901;8;9898;17;;;9913;16;9917;20;;;9907.0;0.0
yf_ZC=F_d14;41600;INTARIAN_PEPPER_ROOT;12233;13;12229;24;;;12239;13;12243;21;;;12236.0;0.0
yf_ZC=F_d14;41700;ASH_COATED_OSMIUM;9904;23;9902;15;;;9910;21;9913;23;;;9907.0;0.0
yf_ZC=F_d14;41700;INTARIAN_PEPPER_ROOT;12232;5;12230;17;;;12238;12;12240;32;;;12235.0;0.0
yf_ZC=F_d14;41800;ASH_COATED_OSMIUM;9904;19;9902;16;;;9910;8;9914;22;;;9907.0;0.0
yf_ZC=F_d14;41800;INTARIAN_PEPPER_ROOT;12232;10;12229;22;;;12238;11;12240;22;;;12235.0;0.0
yf_ZC=F_d14;41900;ASH_COATED_OSMIUM;9888;6;9885;8;;;9925;12;9928;15;;;9906.5;0.0
yf_ZC=F_d14;41900;INTARIAN_PEPPER_ROOT;12228;19;12225;23;;;12241;22;12244;13;;;12234.5;0.0
yf_ZC=F_d14;42000;ASH_COATED_OSMIUM;9904;11;9900;24;;;9910;8;9914;18;;;9907.0;0.0
yf_ZC=F_d14;42000;INTARIAN_PEPPER_ROOT;12231;5;12228;11;;;12237;18;12241;27;;;12234.0;0.0
yf_ZC=F_d14;42100;ASH_COATED_OSMIUM;9891;14;9888;13;;;9922;5;9924;16;;;9906.5;0.0
yf_ZC=F_d14;42100;INTARIAN_PEPPER_ROOT;12230;6;12228;15;;;12236;12;12238;19;;;12233.0;0.0
yf_ZC=F_d14;42200;ASH_COATED_OSMIUM;9904;13;9902;14;;;9910;15;9912;18;;;9907.0;0.0
yf_ZC=F_d14;42200;INTARIAN_PEPPER_ROOT;12225;22;12223;10;;;12241;10;12243;11;;;12233.0;0.0
yf_ZC=F_d14;42300;ASH_COATED_OSMIUM;9899;16;9897;18;;;9916;17;9920;11;;;9907.5;0.0
yf_ZC=F_d14;42300;INTARIAN_PEPPER_ROOT;12230;13;12227;22;;;12236;10;12239;22;;;12233.0;0.0
yf_ZC=F_d14;42400;ASH_COATED_OSMIUM;9886;10;9882;21;;;9929;16;9932;14;;;9907.5;0.0
yf_ZC=F_d14;42400;INTARIAN_PEPPER_ROOT;12229;15;12225;18;;;12235;12;12237;21;;;12232.0;0.0
yf_ZC=F_d14;42500;ASH_COATED_OSMIUM;9904;8;9902;23;;;9910;19;9914;26;;;9907.0;0.0
yf_ZC=F_d14;42500;INTARIAN_PEPPER_ROOT;12226;12;12224;19;;;12237;20;12241;26;;;12231.5;0.0
yf_ZC=F_d14;42600;ASH_COATED_OSMIUM;9904;17;9900;12;;;9910;19;9914;18;;;9907.0;0.0
yf_ZC=F_d14;42600;INTARIAN_PEPPER_ROOT;12229;12;12227;21;;;12235;21;12239;16;;;12232.0;0.0
yf_ZC=F_d14;42700;ASH_COATED_OSMIUM;9904;16;9902;19;;;9910;19;9913;28;;;9907.0;0.0
yf_ZC=F_d14;42700;INTARIAN_PEPPER_ROOT;12229;23;12227;32;;;12235;21;12237;21;;;12232.0;0.0
yf_ZC=F_d14;42800;ASH_COATED_OSMIUM;9904;12;9902;24;;;9910;14;9914;26;;;9907.0;0.0
yf_ZC=F_d14;42800;INTARIAN_PEPPER_ROOT;12220;13;12216;16;;;12241;12;12244;18;;;12230.5;0.0
yf_ZC=F_d14;42900;ASH_COATED_OSMIUM;9900;12;9897;27;;;9915;11;9917;16;;;9907.5;0.0
yf_ZC=F_d14;42900;INTARIAN_PEPPER_ROOT;12217;16;12215;17;;;12243;22;12246;17;;;12230.0;0.0
yf_ZC=F_d14;43000;ASH_COATED_OSMIUM;9904;18;9900;18;;;9910;16;9914;20;;;9907.0;0.0
yf_ZC=F_d14;43000;INTARIAN_PEPPER_ROOT;12227;10;12223;22;;;12233;19;12237;22;;;12230.0;0.0
yf_ZC=F_d14;43100;ASH_COATED_OSMIUM;9904;10;9900;17;;;9910;20;9914;19;;;9907.0;0.0
yf_ZC=F_d14;43100;INTARIAN_PEPPER_ROOT;12222;20;12220;21;;;12236;14;12239;23;;;12229.0;0.0
yf_ZC=F_d14;43200;ASH_COATED_OSMIUM;9901;17;9897;26;;;9914;13;9916;18;;;9907.5;0.0
yf_ZC=F_d14;43200;INTARIAN_PEPPER_ROOT;12226;25;12223;21;;;12232;14;12235;23;;;12229.0;0.0
yf_ZC=F_d14;43300;ASH_COATED_OSMIUM;9904;15;9901;18;;;9910;11;9914;24;;;9907.0;0.0
yf_ZC=F_d14;43300;INTARIAN_PEPPER_ROOT;12224;19;12222;23;;;12232;16;12234;23;;;12228.0;0.0
yf_ZC=F_d14;43400;ASH_COATED_OSMIUM;9904;12;9902;20;;;9910;11;9912;16;;;9907.0;0.0
yf_ZC=F_d14;43400;INTARIAN_PEPPER_ROOT;12225;16;12221;15;;;12231;17;12235;19;;;12228.0;0.0
yf_ZC=F_d14;43500;ASH_COATED_OSMIUM;9904;14;9902;20;;;9910;21;9912;20;;;9907.0;0.0
yf_ZC=F_d14;43500;INTARIAN_PEPPER_ROOT;12224;7;12220;19;;;12230;7;12232;17;;;12227.0;0.0
yf_ZC=F_d14;43600;ASH_COATED_OSMIUM;9901;15;9897;23;;;9912;14;9916;16;;;9906.5;0.0
yf_ZC=F_d14;43600;INTARIAN_PEPPER_ROOT;12224;9;12221;15;;;12230;13;12232;15;;;12227.0;0.0
yf_ZC=F_d14;43700;ASH_COATED_OSMIUM;9905;23;9903;17;;;9911;11;9915;27;;;9908.0;0.0
yf_ZC=F_d14;43700;INTARIAN_PEPPER_ROOT;12224;18;12222;13;;;12230;16;12232;23;;;12227.0;0.0
yf_ZC=F_d14;43800;ASH_COATED_OSMIUM;9903;22;9901;16;;;9911;15;9915;19;;;9907.0;0.0
yf_ZC=F_d14;43800;INTARIAN_PEPPER_ROOT;12223;10;12219;29;;;12230;19;12234;18;;;12226.5;0.0
yf_ZC=F_d14;43900;ASH_COATED_OSMIUM;9904;22;9902;27;;;9910;13;9912;32;;;9907.0;0.0
yf_ZC=F_d14;43900;INTARIAN_PEPPER_ROOT;12219;15;12217;17;;;12233;15;12237;22;;;12226.0;0.0
yf_ZC=F_d14;44000;ASH_COATED_OSMIUM;9902;7;9898;19;;;9911;9;9913;30;;;9906.5;0.0
yf_ZC=F_d14;44000;INTARIAN_PEPPER_ROOT;12222;13;12218;17;;;12228;16;12231;21;;;12225.0;0.0
yf_ZC=F_d14;44100;ASH_COATED_OSMIUM;9904;7;9901;21;;;9910;14;9913;19;;;9907.0;0.0
yf_ZC=F_d14;44100;INTARIAN_PEPPER_ROOT;12222;5;12220;30;;;12228;16;12231;25;;;12225.0;0.0
yf_ZC=F_d14;44200;ASH_COATED_OSMIUM;9902;18;9899;28;;;9913;17;9917;15;;;9907.5;0.0
yf_ZC=F_d14;44200;INTARIAN_PEPPER_ROOT;12220;6;12218;18;;;12230;12;12232;25;;;12225.0;0.0
yf_ZC=F_d14;44300;ASH_COATED_OSMIUM;9904;25;9900;17;;;9910;5;9913;18;;;9907.0;0.0
yf_ZC=F_d14;44300;INTARIAN_PEPPER_ROOT;12221;18;12219;27;;;12227;16;12230;18;;;12224.0;0.0
yf_ZC=F_d14;44400;ASH_COATED_OSMIUM;9904;14;9900;24;;;9910;11;9914;16;;;9907.0;0.0
yf_ZC=F_d14;44400;INTARIAN_PEPPER_ROOT;12217;15;12213;21;;;12231;12;12233;24;;;12224.0;0.0
yf_ZC=F_d14;44500;ASH_COATED_OSMIUM;9903;14;9901;23;;;9912;12;9914;16;;;9907.5;0.0
yf_ZC=F_d14;44500;INTARIAN_PEPPER_ROOT;12215;15;12212;22;;;12232;14;12236;20;;;12223.5;0.0
yf_ZC=F_d14;44600;ASH_COATED_OSMIUM;9900;19;9897;12;;;9914;12;9918;22;;;9907.0;0.0
yf_ZC=F_d14;44600;INTARIAN_PEPPER_ROOT;12220;17;12218;18;;;12226;15;12230;15;;;12223.0;0.0
yf_ZC=F_d14;44700;ASH_COATED_OSMIUM;9904;8;9902;18;;;9910;5;9913;23;;;9907.0;0.0
yf_ZC=F_d14;44700;INTARIAN_PEPPER_ROOT;12220;18;12217;16;;;12226;20;12228;17;;;12223.0;0.0
yf_ZC=F_d14;44800;ASH_COATED_OSMIUM;9904;17;9901;20;;;9910;16;9913;16;;;9907.0;0.0
yf_ZC=F_d14;44800;INTARIAN_PEPPER_ROOT;12219;14;12216;19;;;12225;18;12227;27;;;12222.0;0.0
yf_ZC=F_d14;44900;ASH_COATED_OSMIUM;9904;14;9900;17;;;9910;20;9913;22;;;9907.0;0.0
yf_ZC=F_d14;44900;INTARIAN_PEPPER_ROOT;12219;5;12216;13;;;12225;20;12229;17;;;12222.0;0.0
yf_ZC=F_d14;45000;ASH_COATED_OSMIUM;9904;18;9900;24;;;9910;24;9913;13;;;9907.0;0.0
yf_ZC=F_d14;45000;INTARIAN_PEPPER_ROOT;12216;15;12212;25;;;12227;11;12229;27;;;12221.5;0.0
yf_ZC=F_d14;45100;ASH_COATED_OSMIUM;9904;15;9902;24;;;9910;5;9912;18;;;9907.0;0.0
yf_ZC=F_d14;45100;INTARIAN_PEPPER_ROOT;12215;14;12212;10;;;12227;14;12230;24;;;12221.0;0.0
yf_ZC=F_d14;45200;ASH_COATED_OSMIUM;9895;15;9891;27;;;9919;16;9922;19;;;9907.0;0.0
yf_ZC=F_d14;45200;INTARIAN_PEPPER_ROOT;12218;14;12214;22;;;12224;10;12228;21;;;12221.0;0.0
yf_ZC=F_d14;45300;ASH_COATED_OSMIUM;9903;10;9899;26;;;9910;22;9914;25;;;9906.5;0.0
yf_ZC=F_d14;45300;INTARIAN_PEPPER_ROOT;12217;11;12213;15;;;12223;12;12226;35;;;12220.0;0.0
yf_ZC=F_d14;45400;ASH_COATED_OSMIUM;9904;21;9901;23;;;9910;17;9914;30;;;9907.0;0.0
yf_ZC=F_d14;45400;INTARIAN_PEPPER_ROOT;12217;23;12214;20;;;12223;5;12227;18;;;12220.0;0.0
yf_ZC=F_d14;45500;ASH_COATED_OSMIUM;9903;21;9899;17;;;9911;5;9915;25;;;9907.0;0.0
yf_ZC=F_d14;45500;INTARIAN_PEPPER_ROOT;12209;11;12207;17;;;12230;20;12233;14;;;12219.5;0.0
yf_ZC=F_d14;45600;ASH_COATED_OSMIUM;9900;16;9897;25;;;9914;14;9917;21;;;9907.0;0.0
yf_ZC=F_d14;45600;INTARIAN_PEPPER_ROOT;12213;13;12210;20;;;12225;13;12228;17;;;12219.0;0.0
yf_ZC=F_d14;45700;ASH_COATED_OSMIUM;9903;10;9901;18;;;9909;15;9913;20;;;9906.0;0.0
yf_ZC=F_d14;45700;INTARIAN_PEPPER_ROOT;12216;12;12213;18;;;12223;12;12225;16;;;12219.5;0.0
yf_ZC=F_d14;45800;ASH_COATED_OSMIUM;9904;18;9902;19;;;9910;22;9914;15;;;9907.0;0.0
yf_ZC=F_d14;45800;INTARIAN_PEPPER_ROOT;12215;13;12212;15;;;12221;5;12225;17;;;12218.0;0.0
yf_ZC=F_d14;45900;ASH_COATED_OSMIUM;9904;12;9902;15;;;9910;17;9913;14;;;9907.0;0.0
yf_ZC=F_d14;45900;INTARIAN_PEPPER_ROOT;12215;12;12212;14;;;12221;18;12223;28;;;12218.0;0.0
yf_ZC=F_d14;46000;ASH_COATED_OSMIUM;9904;16;9900;27;;;9910;6;9914;18;;;9907.0;0.0
yf_ZC=F_d14;46000;INTARIAN_PEPPER_ROOT;12210;11;12207;16;;;12224;12;12227;20;;;12217.0;0.0
yf_ZC=F_d14;46100;ASH_COATED_OSMIUM;9902;20;9898;20;;;9913;19;9915;24;;;9907.5;0.0
yf_ZC=F_d14;46100;INTARIAN_PEPPER_ROOT;12214;7;12210;23;;;12220;15;12222;19;;;12217.0;0.0
yf_ZC=F_d14;46200;ASH_COATED_OSMIUM;9904;15;9901;11;;;9910;14;9912;14;;;9907.0;0.0
yf_ZC=F_d14;46200;INTARIAN_PEPPER_ROOT;12214;19;12211;21;;;12220;8;12223;15;;;12217.0;0.0
yf_ZC=F_d14;46300;ASH_COATED_OSMIUM;9903;11;9901;18;;;9909;6;9913;18;;;9906.0;0.0
yf_ZC=F_d14;46300;INTARIAN_PEPPER_ROOT;12213;21;12211;23;;;12219;14;12223;17;;;12216.0;0.0
yf_ZC=F_d14;46400;ASH_COATED_OSMIUM;9904;14;9902;33;;;9910;14;9912;9;;;9907.0;0.0
yf_ZC=F_d14;46400;INTARIAN_PEPPER_ROOT;12212;11;12209;19;;;12221;25;12225;16;;;12216.5;0.0
yf_ZC=F_d14;46500;ASH_COATED_OSMIUM;9904;11;9900;25;;;9910;16;9913;23;;;9907.0;0.0
yf_ZC=F_d14;46500;INTARIAN_PEPPER_ROOT;12212;10;12208;24;;;12218;9;12220;16;;;12215.0;0.0
yf_ZC=F_d14;46600;ASH_COATED_OSMIUM;9904;8;9901;14;;;9910;11;9913;23;;;9907.0;0.0
yf_ZC=F_d14;46600;INTARIAN_PEPPER_ROOT;12212;14;12208;17;;;12218;16;12222;21;;;12215.0;0.0
yf_ZC=F_d14;46700;ASH_COATED_OSMIUM;9895;14;9891;11;;;9919;11;9921;25;;;9907.0;0.0
yf_ZC=F_d14;46700;INTARIAN_PEPPER_ROOT;12211;11;12208;22;;;12217;12;12219;23;;;12214.0;0.0
yf_ZC=F_d14;46800;ASH_COATED_OSMIUM;9899;12;9897;16;;;9915;14;9917;23;;;9907.0;0.0
yf_ZC=F_d14;46800;INTARIAN_PEPPER_ROOT;12205;15;12203;22;;;12222;10;12226;21;;;12213.5;0.0
yf_ZC=F_d14;46900;ASH_COATED_OSMIUM;9904;10;9900;13;;;9910;11;9914;19;;;9907.0;0.0
yf_ZC=F_d14;46900;INTARIAN_PEPPER_ROOT;12211;15;12208;18;;;12217;16;12219;17;;;12214.0;0.0
yf_ZC=F_d14;47000;ASH_COATED_OSMIUM;9904;5;9902;14;;;9910;16;9912;13;;;9907.0;0.0
yf_ZC=F_d14;47000;INTARIAN_PEPPER_ROOT;12208;24;12206;16;;;12219;11;12221;20;;;12213.5;0.0
yf_ZC=F_d14;47100;ASH_COATED_OSMIUM;9899;7;9897;20;;;9914;16;9918;30;;;9906.5;0.0
yf_ZC=F_d14;47100;INTARIAN_PEPPER_ROOT;12210;11;12206;27;;;12216;17;12219;24;;;12213.0;0.0
yf_ZC=F_d14;47200;ASH_COATED_OSMIUM;9902;11;9900;17;;;9912;18;9915;28;;;9907.0;0.0
yf_ZC=F_d14;47200;INTARIAN_PEPPER_ROOT;12209;11;12205;12;;;12215;12;12217;19;;;12212.0;0.0
yf_ZC=F_d14;47300;ASH_COATED_OSMIUM;9901;13;9899;14;;;9911;6;9915;16;;;9906.0;0.0
yf_ZC=F_d14;47300;INTARIAN_PEPPER_ROOT;12210;12;12208;21;;;12216;15;12219;20;;;12213.0;0.0
yf_ZC=F_d14;47400;ASH_COATED_OSMIUM;9903;20;9900;14;;;9909;15;9912;20;;;9906.0;0.0
yf_ZC=F_d14;47400;INTARIAN_PEPPER_ROOT;12209;22;12207;8;;;12215;20;12219;16;;;12212.0;0.0
yf_ZC=F_d14;47500;ASH_COATED_OSMIUM;9903;14;9899;18;;;9909;12;9912;22;;;9906.0;0.0
yf_ZC=F_d14;47500;INTARIAN_PEPPER_ROOT;12209;11;12206;15;;;12215;5;12217;12;;;12212.0;0.0
yf_ZC=F_d14;47600;ASH_COATED_OSMIUM;9903;19;9901;14;;;9909;10;9911;19;;;9906.0;0.0
yf_ZC=F_d14;47600;INTARIAN_PEPPER_ROOT;12208;5;12205;19;;;12214;15;12216;13;;;12211.0;0.0
yf_ZC=F_d14;47700;ASH_COATED_OSMIUM;9904;19;9900;20;;;9910;5;9914;25;;;9907.0;0.0
yf_ZC=F_d14;47700;INTARIAN_PEPPER_ROOT;12208;21;12205;22;;;12215;17;12217;14;;;12211.5;0.0
yf_ZC=F_d14;47800;ASH_COATED_OSMIUM;9904;12;9902;11;;;9910;8;9914;17;;;9907.0;0.0
yf_ZC=F_d14;47800;INTARIAN_PEPPER_ROOT;12204;11;12201;18;;;12216;21;12219;20;;;12210.0;0.0
yf_ZC=F_d14;47900;ASH_COATED_OSMIUM;9904;12;9902;17;;;9910;15;9912;17;;;9907.0;0.0
yf_ZC=F_d14;47900;INTARIAN_PEPPER_ROOT;12207;9;12203;21;;;12213;18;12215;30;;;12210.0;0.0
yf_ZC=F_d14;48000;ASH_COATED_OSMIUM;9898;11;9896;14;;;9915;9;9918;17;;;9906.5;0.0
yf_ZC=F_d14;48000;INTARIAN_PEPPER_ROOT;12206;20;12204;21;;;12213;16;12215;20;;;12209.5;0.0
yf_ZC=F_d14;48100;ASH_COATED_OSMIUM;9903;18;9900;17;;;9909;22;9911;13;;;9906.0;0.0
yf_ZC=F_d14;48100;INTARIAN_PEPPER_ROOT;12206;8;12203;21;;;12212;16;12214;21;;;12209.0;0.0
yf_ZC=F_d14;48200;ASH_COATED_OSMIUM;9904;5;9901;18;;;9910;15;9914;16;;;9907.0;0.0
yf_ZC=F_d14;48200;INTARIAN_PEPPER_ROOT;12205;14;12201;9;;;12211;12;12213;16;;;12208.0;0.0
yf_ZC=F_d14;48300;ASH_COATED_OSMIUM;9902;17;9900;17;;;9912;17;9915;27;;;9907.0;0.0
yf_ZC=F_d14;48300;INTARIAN_PEPPER_ROOT;12205;5;12202;29;;;12211;19;12213;14;;;12208.0;0.0
yf_ZC=F_d14;48400;ASH_COATED_OSMIUM;9903;20;9900;17;;;9910;12;9914;20;;;9906.5;0.0
yf_ZC=F_d14;48400;INTARIAN_PEPPER_ROOT;12204;24;12201;15;;;12211;9;12213;16;;;12207.5;0.0
yf_ZC=F_d14;48500;ASH_COATED_OSMIUM;9897;8;9893;28;;;9917;17;9921;26;;;9907.0;0.0
yf_ZC=F_d14;48500;INTARIAN_PEPPER_ROOT;12198;19;12194;25;;;12217;22;12221;24;;;12207.5;0.0
yf_ZC=F_d14;48600;ASH_COATED_OSMIUM;9896;13;9892;15;;;9917;13;9921;12;;;9906.5;0.0
yf_ZC=F_d14;48600;INTARIAN_PEPPER_ROOT;12203;12;12199;21;;;12209;17;12213;21;;;12206.0;0.0
yf_ZC=F_d14;48700;ASH_COATED_OSMIUM;9901;16;9897;13;;;9912;12;9915;20;;;9906.5;0.0
yf_ZC=F_d14;48700;INTARIAN_PEPPER_ROOT;12199;9;12196;14;;;12213;16;12217;17;;;12206.0;0.0
yf_ZC=F_d14;48800;ASH_COATED_OSMIUM;9904;12;9901;24;;;9910;5;9912;15;;;9907.0;0.0
yf_ZC=F_d14;48800;INTARIAN_PEPPER_ROOT;12204;8;12201;16;;;12210;21;12212;21;;;12207.0;0.0
yf_ZC=F_d14;48900;ASH_COATED_OSMIUM;9904;24;9902;15;;;9910;11;9912;17;;;9907.0;0.0
yf_ZC=F_d14;48900;INTARIAN_PEPPER_ROOT;12200;12;12196;16;;;12212;16;12214;14;;;12206.0;0.0
yf_ZC=F_d14;49000;ASH_COATED_OSMIUM;9902;20;9899;17;;;9912;7;9914;19;;;9907.0;0.0
yf_ZC=F_d14;49000;INTARIAN_PEPPER_ROOT;12202;13;12200;19;;;12210;13;12214;17;;;12206.0;0.0
yf_ZC=F_d14;49100;ASH_COATED_OSMIUM;9897;15;9894;18;;;9918;16;9920;17;;;9907.5;0.0
yf_ZC=F_d14;49100;INTARIAN_PEPPER_ROOT;12202;20;12200;21;;;12208;10;12211;9;;;12205.0;0.0
yf_ZC=F_d14;49200;ASH_COATED_OSMIUM;9903;7;9901;19;;;9909;12;9911;19;;;9906.0;0.0
yf_ZC=F_d14;49200;INTARIAN_PEPPER_ROOT;12201;15;12198;16;;;12207;21;12209;25;;;12204.0;0.0
yf_ZC=F_d14;49300;ASH_COATED_OSMIUM;9903;20;9899;18;;;9909;11;9911;21;;;9906.0;0.0
yf_ZC=F_d14;49300;INTARIAN_PEPPER_ROOT;12193;25;12191;12;;;12214;11;12217;13;;;12203.5;0.0
yf_ZC=F_d14;49400;ASH_COATED_OSMIUM;9903;16;9901;16;;;9911;18;9914;25;;;9907.0;0.0
yf_ZC=F_d14;49400;INTARIAN_PEPPER_ROOT;12201;13;12199;21;;;12207;15;12210;18;;;12204.0;0.0
yf_ZC=F_d14;49500;ASH_COATED_OSMIUM;9903;14;9899;21;;;9909;16;9912;15;;;9906.0;0.0
yf_ZC=F_d14;49500;INTARIAN_PEPPER_ROOT;12200;19;12197;18;;;12208;10;12211;23;;;12204.0;0.0
yf_ZC=F_d14;49600;ASH_COATED_OSMIUM;9891;21;9889;9;;;9922;18;9924;26;;;9906.5;0.0
yf_ZC=F_d14;49600;INTARIAN_PEPPER_ROOT;12195;10;12192;23;;;12210;17;12214;20;;;12202.5;0.0
yf_ZC=F_d14;49700;ASH_COATED_OSMIUM;9900;17;9897;19;;;9912;22;9914;17;;;9906.0;0.0
yf_ZC=F_d14;49700;INTARIAN_PEPPER_ROOT;12195;13;12192;24;;;12210;8;12214;17;;;12202.5;0.0
yf_ZC=F_d14;49800;ASH_COATED_OSMIUM;9895;15;9893;17;;;9918;10;9921;12;;;9906.5;0.0
yf_ZC=F_d14;49800;INTARIAN_PEPPER_ROOT;12200;20;12197;21;;;12206;14;12209;8;;;12203.0;0.0
yf_ZC=F_d14;49900;ASH_COATED_OSMIUM;9904;6;9901;35;;;9910;12;9912;16;;;9907.0;0.0
yf_ZC=F_d14;49900;INTARIAN_PEPPER_ROOT;12199;22;12196;21;;;12205;22;12207;24;;;12202.0;0.0
yf_ZC=F_d14;50000;ASH_COATED_OSMIUM;9899;9;9895;24;;;9915;26;9919;8;;;9907.0;0.0
yf_ZC=F_d14;50000;INTARIAN_PEPPER_ROOT;12196;13;12193;23;;;12207;13;12211;15;;;12201.5;0.0
yf_ZC=F_d14;50100;ASH_COATED_OSMIUM;9902;16;9898;17;;;9910;16;9912;22;;;9906.0;0.0
yf_ZC=F_d14;50100;INTARIAN_PEPPER_ROOT;12194;19;12191;17;;;12209;15;12213;26;;;12201.5;0.0
yf_ZC=F_d14;50200;ASH_COATED_OSMIUM;9904;7;9901;20;;;9910;15;9912;20;;;9907.0;0.0
yf_ZC=F_d14;50200;INTARIAN_PEPPER_ROOT;12193;12;12190;32;;;12208;7;12211;15;;;12200.5;0.0
yf_ZC=F_d14;50300;ASH_COATED_OSMIUM;9903;17;9899;18;;;9909;16;9911;16;;;9906.0;0.0
yf_ZC=F_d14;50300;INTARIAN_PEPPER_ROOT;12195;20;12191;16;;;12206;5;12209;15;;;12200.5;0.0
yf_ZC=F_d14;50400;ASH_COATED_OSMIUM;9904;22;9901;21;;;9910;24;9914;22;;;9907.0;0.0
yf_ZC=F_d14;50400;INTARIAN_PEPPER_ROOT;12197;11;12193;17;;;12203;18;12207;25;;;12200.0;0.0
yf_ZC=F_d14;50500;ASH_COATED_OSMIUM;9903;15;9899;19;;;9909;14;9912;25;;;9906.0;0.0
yf_ZC=F_d14;50500;INTARIAN_PEPPER_ROOT;12196;19;12194;24;;;12203;15;12207;19;;;12199.5;0.0
yf_ZC=F_d14;50600;ASH_COATED_OSMIUM;9903;23;9901;21;;;9909;16;9912;25;;;9906.0;0.0
yf_ZC=F_d14;50600;INTARIAN_PEPPER_ROOT;12184;14;12180;10;;;12213;21;12215;20;;;12198.5;0.0
yf_ZC=F_d14;50700;ASH_COATED_OSMIUM;9901;18;9899;21;;;9912;20;9916;17;;;9906.5;0.0
yf_ZC=F_d14;50700;INTARIAN_PEPPER_ROOT;12195;21;12191;25;;;12202;15;12205;11;;;12198.5;0.0
yf_ZC=F_d14;50800;ASH_COATED_OSMIUM;9904;11;9902;26;;;9910;18;9913;24;;;9907.0;0.0
yf_ZC=F_d14;50800;INTARIAN_PEPPER_ROOT;12196;16;12192;17;;;12202;14;12206;23;;;12199.0;0.0
yf_ZC=F_d14;50900;ASH_COATED_OSMIUM;9901;13;9898;17;;;9911;12;9914;21;;;9906.0;0.0
yf_ZC=F_d14;50900;INTARIAN_PEPPER_ROOT;12196;16;12194;23;;;12202;18;12206;31;;;12199.0;0.0
yf_ZC=F_d14;51000;ASH_COATED_OSMIUM;9903;13;9901;16;;;9910;16;9912;24;;;9906.5;0.0
yf_ZC=F_d14;51000;INTARIAN_PEPPER_ROOT;12198;24;12195;16;;;12204;21;12207;17;;;12201.0;0.0
yf_ZC=F_d14;51100;ASH_COATED_OSMIUM;9898;14;9894;14;;;9916;12;9919;13;;;9907.0;0.0
yf_ZC=F_d14;51100;INTARIAN_PEPPER_ROOT;12199;10;12197;21;;;12205;17;12209;17;;;12202.0;0.0
yf_ZC=F_d14;51200;ASH_COATED_OSMIUM;9900;14;9896;10;;;9913;12;9915;20;;;9906.5;0.0
yf_ZC=F_d14;51200;INTARIAN_PEPPER_ROOT;12202;8;12198;27;;;12208;11;12212;23;;;12205.0;0.0
yf_ZC=F_d14;51300;ASH_COATED_OSMIUM;9903;23;9899;15;;;9909;19;9912;14;;;9906.0;0.0
yf_ZC=F_d14;51300;INTARIAN_PEPPER_ROOT;12203;9;12200;20;;;12209;10;12212;8;;;12206.0;0.0
yf_ZC=F_d14;51400;ASH_COATED_OSMIUM;9904;25;9901;22;;;9910;25;9914;26;;;9907.0;0.0
yf_ZC=F_d14;51400;INTARIAN_PEPPER_ROOT;12194;12;12192;18;;;12220;15;12222;22;;;12207.0;0.0
yf_ZC=F_d14;51500;ASH_COATED_OSMIUM;9894;11;9892;14;;;9920;7;9923;12;;;9907.0;0.0
yf_ZC=F_d14;51500;INTARIAN_PEPPER_ROOT;12206;9;12203;9;;;12213;12;12216;20;;;12209.5;0.0
yf_ZC=F_d14;51600;ASH_COATED_OSMIUM;9904;19;9900;21;;;9910;13;9914;20;;;9907.0;0.0
yf_ZC=F_d14;51600;INTARIAN_PEPPER_ROOT;12208;18;12205;17;;;12214;18;12217;22;;;12211.0;0.0
yf_ZC=F_d14;51700;ASH_COATED_OSMIUM;9904;17;9902;23;;;9910;11;9913;26;;;9907.0;0.0
yf_ZC=F_d14;51700;INTARIAN_PEPPER_ROOT;12210;24;12208;32;;;12216;11;12220;30;;;12213.0;0.0
yf_ZC=F_d14;51800;ASH_COATED_OSMIUM;9903;21;9901;21;;;9910;13;9912;22;;;9906.5;0.0
yf_ZC=F_d14;51800;INTARIAN_PEPPER_ROOT;12209;12;12205;21;;;12221;16;12224;27;;;12215.0;0.0
yf_ZC=F_d14;51900;ASH_COATED_OSMIUM;9904;9;9901;19;;;9910;22;9912;25;;;9907.0;0.0
yf_ZC=F_d14;51900;INTARIAN_PEPPER_ROOT;12212;5;12210;21;;;12221;21;12224;30;;;12216.5;0.0
yf_ZC=F_d14;52000;ASH_COATED_OSMIUM;9896;17;9893;27;;;9919;18;9923;16;;;9907.5;0.0
yf_ZC=F_d14;52000;INTARIAN_PEPPER_ROOT;12215;5;12211;21;;;12221;20;12223;16;;;12218.0;0.0
yf_ZC=F_d14;52100;ASH_COATED_OSMIUM;9904;11;9900;27;;;9910;15;9914;17;;;9907.0;0.0
yf_ZC=F_d14;52100;INTARIAN_PEPPER_ROOT;12217;12;12215;19;;;12223;16;12225;27;;;12220.0;0.0
yf_ZC=F_d14;52200;ASH_COATED_OSMIUM;9900;16;9897;24;;;9913;21;9915;14;;;9906.5;0.0
yf_ZC=F_d14;52200;INTARIAN_PEPPER_ROOT;12216;11;12212;17;;;12227;21;12229;14;;;12221.5;0.0
yf_ZC=F_d14;52300;ASH_COATED_OSMIUM;9904;14;9902;19;;;9910;19;9913;20;;;9907.0;0.0
yf_ZC=F_d14;52300;INTARIAN_PEPPER_ROOT;12220;13;12218;24;;;12226;21;12228;13;;;12223.0;0.0
yf_ZC=F_d14;52400;ASH_COATED_OSMIUM;9898;8;9895;19;;;9915;27;9917;19;;;9906.5;0.0
yf_ZC=F_d14;52400;INTARIAN_PEPPER_ROOT;12222;7;12219;21;;;12228;11;12232;15;;;12225.0;0.0
yf_ZC=F_d14;52500;ASH_COATED_OSMIUM;9904;14;9900;8;;;9910;24;9914;8;;;9907.0;0.0
yf_ZC=F_d14;52500;INTARIAN_PEPPER_ROOT;12224;9;12221;23;;;12230;12;12232;20;;;12227.0;0.0
yf_ZC=F_d14;52600;ASH_COATED_OSMIUM;9904;6;9901;18;;;9910;14;9912;24;;;9907.0;0.0
yf_ZC=F_d14;52600;INTARIAN_PEPPER_ROOT;12224;18;12220;20;;;12233;17;12235;21;;;12228.5;0.0
yf_ZC=F_d14;52700;ASH_COATED_OSMIUM;9900;14;9896;18;;;9913;8;9916;18;;;9906.5;0.0
yf_ZC=F_d14;52700;INTARIAN_PEPPER_ROOT;12227;14;12225;15;;;12233;14;12237;23;;;12230.0;0.0
yf_ZC=F_d14;52800;ASH_COATED_OSMIUM;9904;15;9901;23;;;9910;8;9912;22;;;9907.0;0.0
yf_ZC=F_d14;52800;INTARIAN_PEPPER_ROOT;12229;10;12227;27;;;12235;24;12239;27;;;12232.0;0.0
yf_ZC=F_d14;52900;ASH_COATED_OSMIUM;9902;20;9900;25;;;9910;14;9913;24;;;9906.0;0.0
yf_ZC=F_d14;52900;INTARIAN_PEPPER_ROOT;12226;9;12223;19;;;12242;14;12246;25;;;12234.0;0.0
yf_ZC=F_d14;53000;ASH_COATED_OSMIUM;9904;14;9902;26;;;9911;13;9915;12;;;9907.5;0.0
yf_ZC=F_d14;53000;INTARIAN_PEPPER_ROOT;12233;13;12231;21;;;12239;18;12242;19;;;12236.0;0.0
yf_ZC=F_d14;53100;ASH_COATED_OSMIUM;9904;11;9902;22;;;9911;11;9913;14;;;9907.5;0.0
yf_ZC=F_d14;53100;INTARIAN_PEPPER_ROOT;12234;17;12231;11;;;12240;16;12244;25;;;12237.0;0.0
yf_ZC=F_d14;53200;ASH_COATED_OSMIUM;9897;12;9893;16;;;9916;11;9920;13;;;9906.5;0.0
yf_ZC=F_d14;53200;INTARIAN_PEPPER_ROOT;12232;20;12230;19;;;12247;8;12251;14;;;12239.5;0.0
yf_ZC=F_d14;53300;ASH_COATED_OSMIUM;9904;16;9901;24;;;9910;18;9913;21;;;9907.0;0.0
yf_ZC=F_d14;53300;INTARIAN_PEPPER_ROOT;12236;9;12232;25;;;12245;10;12247;24;;;12240.5;0.0
yf_ZC=F_d14;53400;ASH_COATED_OSMIUM;9904;12;9901;29;;;9910;16;9913;24;;;9907.0;0.0
yf_ZC=F_d14;53400;INTARIAN_PEPPER_ROOT;12240;18;12238;14;;;12246;14;12248;17;;;12243.0;0.0
yf_ZC=F_d14;53500;ASH_COATED_OSMIUM;9899;21;9895;22;;;9915;11;9918;19;;;9907.0;0.0
yf_ZC=F_d14;53500;INTARIAN_PEPPER_ROOT;12233;16;12231;15;;;12255;5;12258;11;;;12244.0;0.0
yf_ZC=F_d14;53600;ASH_COATED_OSMIUM;9899;14;9897;26;;;9915;11;9918;27;;;9907.0;0.0
yf_ZC=F_d14;53600;INTARIAN_PEPPER_ROOT;12240;15;12236;14;;;12252;22;12255;10;;;12246.0;0.0
yf_ZC=F_d14;53700;ASH_COATED_OSMIUM;9904;17;9900;24;;;9910;18;9913;19;;;9907.0;0.0
yf_ZC=F_d14;53700;INTARIAN_PEPPER_ROOT;12245;17;12241;19;;;12252;10;12254;17;;;12248.5;0.0
yf_ZC=F_d14;53800;ASH_COATED_OSMIUM;9905;11;9903;22;;;9911;12;9914;18;;;9908.0;0.0
yf_ZC=F_d14;53800;INTARIAN_PEPPER_ROOT;12247;13;12243;17;;;12253;17;12257;20;;;12250.0;0.0
yf_ZC=F_d14;53900;ASH_COATED_OSMIUM;9902;10;9899;18;;;9911;15;9915;21;;;9906.5;0.0
yf_ZC=F_d14;53900;INTARIAN_PEPPER_ROOT;12248;22;12246;19;;;12254;15;12256;28;;;12251.0;0.0
yf_ZC=F_d14;54000;ASH_COATED_OSMIUM;9904;20;9901;19;;;9910;24;9912;34;;;9907.0;0.0
yf_ZC=F_d14;54000;INTARIAN_PEPPER_ROOT;12242;17;12240;15;;;12265;7;12269;25;;;12253.5;0.0
yf_ZC=F_d14;54100;ASH_COATED_OSMIUM;9904;6;9901;18;;;9910;21;9912;16;;;9907.0;0.0
yf_ZC=F_d14;54100;INTARIAN_PEPPER_ROOT;12252;19;12248;17;;;12258;21;12262;23;;;12255.0;0.0
yf_ZC=F_d14;54200;ASH_COATED_OSMIUM;9904;9;9900;27;;;9910;12;9913;24;;;9907.0;0.0
yf_ZC=F_d14;54200;INTARIAN_PEPPER_ROOT;12250;5;12248;26;;;12261;14;12264;19;;;12255.5;0.0
yf_ZC=F_d14;54300;ASH_COATED_OSMIUM;9903;10;9900;13;;;9910;10;9914;17;;;9906.5;0.0
yf_ZC=F_d14;54300;INTARIAN_PEPPER_ROOT;12255;11;12252;21;;;12261;21;12264;21;;;12258.0;0.0
yf_ZC=F_d14;54400;ASH_COATED_OSMIUM;9905;19;9903;17;;;9911;23;9915;19;;;9908.0;0.0
yf_ZC=F_d14;54400;INTARIAN_PEPPER_ROOT;12256;18;12254;16;;;12265;8;12269;15;;;12260.5;0.0
yf_ZC=F_d14;54500;ASH_COATED_OSMIUM;9904;17;9901;21;;;9910;8;9913;19;;;9907.0;0.0
yf_ZC=F_d14;54500;INTARIAN_PEPPER_ROOT;12259;23;12256;24;;;12265;26;12267;18;;;12262.0;0.0
yf_ZC=F_d14;54600;ASH_COATED_OSMIUM;9904;12;9902;24;;;9911;13;9914;26;;;9907.5;0.0
yf_ZC=F_d14;54600;INTARIAN_PEPPER_ROOT;12261;12;12259;10;;;12267;17;12271;27;;;12264.0;0.0
yf_ZC=F_d14;54700;ASH_COATED_OSMIUM;9904;9;9901;12;;;9910;10;9913;27;;;9907.0;0.0
yf_ZC=F_d14;54700;INTARIAN_PEPPER_ROOT;12262;15;12260;23;;;12269;16;12273;24;;;12265.5;0.0
yf_ZC=F_d14;54800;ASH_COATED_OSMIUM;9904;24;9901;25;;;9910;6;9913;18;;;9907.0;0.0
yf_ZC=F_d14;54800;INTARIAN_PEPPER_ROOT;12252;22;12250;24;;;12283;14;12287;17;;;12267.5;0.0
yf_ZC=F_d14;54900;ASH_COATED_OSMIUM;9903;11;9899;19;;;9911;12;9913;16;;;9907.0;0.0
yf_ZC=F_d14;54900;INTARIAN_PEPPER_ROOT;12266;19;12263;19;;;12272;13;12274;18;;;12269.0;0.0
yf_ZC=F_d14;55000;ASH_COATED_OSMIUM;9905;5;9901;14;;;9911;8;9914;21;;;9908.0;0.0
yf_ZC=F_d14;55000;INTARIAN_PEPPER_ROOT;12268;20;12265;11;;;12274;10;12277;15;;;12271.0;0.0
yf_ZC=F_d14;55100;ASH_COATED_OSMIUM;9901;18;9897;13;;;9915;19;9919;20;;;9908.0;0.0
yf_ZC=F_d14;55100;INTARIAN_PEPPER_ROOT;12259;7;12255;25;;;12287;14;12289;20;;;12273.0;0.0
yf_ZC=F_d14;55200;ASH_COATED_OSMIUM;9904;23;9902;29;;;9910;15;9913;12;;;9907.0;0.0
yf_ZC=F_d14;55200;INTARIAN_PEPPER_ROOT;12269;12;12266;19;;;12278;16;12280;23;;;12273.5;0.0
yf_ZC=F_d14;55300;ASH_COATED_OSMIUM;9904;16;9901;18;;;9910;15;9912;22;;;9907.0;0.0
yf_ZC=F_d14;55300;INTARIAN_PEPPER_ROOT;12271;21;12269;17;;;12282;26;12284;24;;;12276.5;0.0
yf_ZC=F_d14;55400;ASH_COATED_OSMIUM;9904;12;9900;17;;;9910;10;9914;17;;;9907.0;0.0
yf_ZC=F_d14;55400;INTARIAN_PEPPER_ROOT;12275;12;12271;19;;;12281;11;12284;24;;;12278.0;0.0
yf_ZC=F_d14;55500;ASH_COATED_OSMIUM;9905;15;9901;21;;;9911;18;9913;19;;;9908.0;0.0
yf_ZC=F_d14;55500;INTARIAN_PEPPER_ROOT;12276;23;12272;21;;;12282;14;12285;24;;;12279.0;0.0
yf_ZC=F_d14;55600;ASH_COATED_OSMIUM;9904;17;9900;23;;;9910;20;9912;15;;;9907.0;0.0
yf_ZC=F_d14;55600;INTARIAN_PEPPER_ROOT;12278;12;12274;19;;;12284;10;12287;19;;;12281.0;0.0
yf_ZC=F_d14;55700;ASH_COATED_OSMIUM;9903;12;9901;16;;;9913;5;9917;8;;;9908.0;0.0
yf_ZC=F_d14;55700;INTARIAN_PEPPER_ROOT;12280;20;12276;32;;;12286;17;12288;26;;;12283.0;0.0
yf_ZC=F_d14;55800;ASH_COATED_OSMIUM;9905;17;9902;24;;;9911;9;9914;21;;;9908.0;0.0
yf_ZC=F_d14;55800;INTARIAN_PEPPER_ROOT;12280;17;12276;16;;;12290;6;12293;17;;;12285.0;0.0
yf_ZC=F_d14;55900;ASH_COATED_OSMIUM;9901;15;9897;23;;;9914;15;9916;20;;;9907.5;0.0
yf_ZC=F_d14;55900;INTARIAN_PEPPER_ROOT;12279;9;12277;24;;;12295;24;12299;23;;;12287.0;0.0
yf_ZC=F_d14;56000;ASH_COATED_OSMIUM;9897;15;9894;22;;;9918;14;9921;17;;;9907.5;0.0
yf_ZC=F_d14;56000;INTARIAN_PEPPER_ROOT;12286;13;12284;17;;;12292;20;12296;21;;;12289.0;0.0
yf_ZC=F_d14;56100;ASH_COATED_OSMIUM;9905;13;9901;20;;;9911;13;9914;24;;;9908.0;0.0
yf_ZC=F_d14;56100;INTARIAN_PEPPER_ROOT;12287;16;12285;16;;;12293;18;12295;18;;;12290.0;0.0
yf_ZC=F_d14;56200;ASH_COATED_OSMIUM;9903;18;9900;23;;;9912;15;9916;23;;;9907.5;0.0
yf_ZC=F_d14;56200;INTARIAN_PEPPER_ROOT;12284;20;12281;18;;;12301;17;12303;13;;;12292.5;0.0
yf_ZC=F_d14;56300;ASH_COATED_OSMIUM;9899;20;9897;22;;;9917;13;9919;22;;;9908.0;0.0
yf_ZC=F_d14;56300;INTARIAN_PEPPER_ROOT;12291;16;12287;18;;;12297;17;12301;14;;;12294.0;0.0
yf_ZC=F_d14;56400;ASH_COATED_OSMIUM;9906;13;9902;19;;;9912;6;9916;12;;;9909.0;0.0
yf_ZC=F_d14;56400;INTARIAN_PEPPER_ROOT;12289;10;12286;18;;;12301;13;12305;23;;;12295.0;0.0
yf_ZC=F_d14;56500;ASH_COATED_OSMIUM;9903;8;9901;13;;;9911;19;9913;20;;;9907.0;0.0
yf_ZC=F_d14;56500;INTARIAN_PEPPER_ROOT;12294;14;12291;17;;;12301;20;12303;16;;;12297.5;0.0
yf_ZC=F_d14;56600;ASH_COATED_OSMIUM;9905;13;9901;28;;;9911;12;9913;20;;;9908.0;0.0
yf_ZC=F_d14;56600;INTARIAN_PEPPER_ROOT;12295;16;12293;15;;;12305;19;12307;12;;;12300.0;0.0
yf_ZC=F_d14;56700;ASH_COATED_OSMIUM;9904;13;9902;27;;;9911;14;9915;10;;;9907.5;0.0
yf_ZC=F_d14;56700;INTARIAN_PEPPER_ROOT;12298;14;12295;20;;;12304;13;12308;20;;;12301.0;0.0
yf_ZC=F_d14;56800;ASH_COATED_OSMIUM;9905;10;9901;15;;;9911;15;9915;21;;;9908.0;0.0
yf_ZC=F_d14;56800;INTARIAN_PEPPER_ROOT;12300;19;12297;23;;;12306;21;12310;20;;;12303.0;0.0
yf_ZC=F_d14;56900;ASH_COATED_OSMIUM;9905;21;9901;20;;;9911;12;9914;17;;;9908.0;0.0
yf_ZC=F_d14;56900;INTARIAN_PEPPER_ROOT;12301;13;12298;17;;;12307;6;12310;24;;;12304.0;0.0
yf_ZC=F_d14;57000;ASH_COATED_OSMIUM;9905;11;9901;22;;;9911;14;9914;10;;;9908.0;0.0
yf_ZC=F_d14;57000;INTARIAN_PEPPER_ROOT;12302;22;12298;10;;;12308;13;12312;21;;;12305.0;0.0
yf_ZC=F_d14;57100;ASH_COATED_OSMIUM;9905;17;9902;21;;;9911;12;9913;17;;;9908.0;0.0
yf_ZC=F_d14;57100;INTARIAN_PEPPER_ROOT;12305;8;12302;20;;;12311;12;12315;17;;;12308.0;0.0
yf_ZC=F_d14;57200;ASH_COATED_OSMIUM;9903;15;9900;28;;;9913;16;9915;11;;;9908.0;0.0
yf_ZC=F_d14;57200;INTARIAN_PEPPER_ROOT;12306;7;12303;21;;;12315;16;12319;18;;;12310.5;0.0
yf_ZC=F_d14;57300;ASH_COATED_OSMIUM;9899;17;9897;15;;;9917;9;9921;21;;;9908.0;0.0
yf_ZC=F_d14;57300;INTARIAN_PEPPER_ROOT;12308;13;12305;27;;;12314;19;12316;18;;;12311.0;0.0
yf_ZC=F_d14;57400;ASH_COATED_OSMIUM;9898;10;9894;21;;;9920;16;9924;26;;;9909.0;0.0
yf_ZC=F_d14;57400;INTARIAN_PEPPER_ROOT;12310;15;12307;20;;;12316;11;12320;16;;;12313.0;0.0
yf_ZC=F_d14;57500;ASH_COATED_OSMIUM;9905;17;9903;19;;;9911;12;9914;30;;;9908.0;0.0
yf_ZC=F_d14;57500;INTARIAN_PEPPER_ROOT;12312;25;12310;10;;;12318;22;12320;30;;;12315.0;0.0
yf_ZC=F_d14;57600;ASH_COATED_OSMIUM;9902;16;9900;20;;;9913;17;9917;24;;;9907.5;0.0
yf_ZC=F_d14;57600;INTARIAN_PEPPER_ROOT;12312;13;12308;17;;;12320;5;12324;19;;;12316.0;0.0
