day;timestamp;product;bid_price_1;bid_volume_1;bid_price_2;bid_volume_2;bid_price_3;bid_volume_3;ask_price_1;ask_volume_1;ask_price_2;ask_volume_2;ask_price_3;ask_volume_3;mid_price;profit_and_loss
yf_ADM_d6;0;ASH_COATED_OSMIUM;9907;9;9903;16;;;9913;13;9916;24;;;9910.0;0.0
yf_ADM_d6;0;INTARIAN_PEPPER_ROOT;12152;17;12150;16;;;12164;15;12168;13;;;12158.0;0.0
yf_ADM_d6;100;ASH_COATED_OSMIUM;9907;17;9904;18;;;9913;16;9917;20;;;9910.0;0.0
yf_ADM_d6;100;INTARIAN_PEPPER_ROOT;12136;8;12134;25;;;12180;19;12184;29;;;12158.0;0.0
yf_ADM_d6;200;ASH_COATED_OSMIUM;9897;5;9895;17;;;9922;12;9926;23;;;9909.5;0.0
yf_ADM_d6;200;INTARIAN_PEPPER_ROOT;12154;11;12152;15;;;12160;22;12163;9;;;12157.0;0.0
yf_ADM_d6;300;ASH_COATED_OSMIUM;9907;16;9904;21;;;9914;15;9916;14;;;9910.5;0.0
yf_ADM_d6;300;INTARIAN_PEPPER_ROOT;12154;15;12150;21;;;12160;16;12163;19;;;12157.0;0.0
yf_ADM_d6;400;ASH_COATED_OSMIUM;9903;14;9900;18;;;9917;25;9921;13;;;9910.0;0.0
yf_ADM_d6;400;INTARIAN_PEPPER_ROOT;12154;10;12150;18;;;12160;22;12162;17;;;12157.0;0.0
yf_ADM_d6;500;ASH_COATED_OSMIUM;9902;14;9900;20;;;9918;12;9920;24;;;9910.0;0.0
yf_ADM_d6;500;INTARIAN_PEPPER_ROOT;12153;19;12150;20;;;12159;5;12162;22;;;12156.0;0.0
yf_ADM_d6;600;ASH_COATED_OSMIUM;9905;7;9901;26;;;9915;10;9917;18;;;9910.0;0.0
yf_ADM_d6;600;INTARIAN_PEPPER_ROOT;12149;5;12147;21;;;12160;17;12162;21;;;12154.5;0.0
yf_ADM_d6;700;ASH_COATED_OSMIUM;9904;17;9902;28;;;9917;19;9920;21;;;9910.5;0.0
yf_ADM_d6;700;INTARIAN_PEPPER_ROOT;12150;21;12146;25;;;12159;5;12162;24;;;12154.5;0.0
yf_ADM_d6;800;ASH_COATED_OSMIUM;9906;15;9902;20;;;9912;22;9915;17;;;9909.0;0.0
yf_ADM_d6;800;INTARIAN_PEPPER_ROOT;12151;16;12147;24;;;12158;11;12160;30;;;12154.5;0.0
yf_ADM_d6;900;ASH_COATED_OSMIUM;9906;19;9902;16;;;9912;18;9916;25;;;9909.0;0.0
yf_ADM_d6;900;INTARIAN_PEPPER_ROOT;12148;15;12145;13;;;12160;17;12164;10;;;12154.0;0.0
yf_ADM_d6;1000;ASH_COATED_OSMIUM;9899;13;9897;29;;;9918;11;9921;18;;;9908.5;0.0
yf_ADM_d6;1000;INTARIAN_PEPPER_ROOT;12151;13;12148;25;;;12157;18;12161;23;;;12154.0;0.0
yf_ADM_d6;1100;ASH_COATED_OSMIUM;9905;9;9903;17;;;9914;13;9917;14;;;9909.5;0.0
yf_ADM_d6;1100;INTARIAN_PEPPER_ROOT;12147;12;12145;32;;;12160;14;12164;24;;;12153.5;0.0
yf_ADM_d6;1200;ASH_COATED_OSMIUM;9905;17;9901;34;;;9913;20;9915;10;;;9909.0;0.0
yf_ADM_d6;1200;INTARIAN_PEPPER_ROOT;12146;14;12143;22;;;12160;14;12163;20;;;12153.0;0.0
yf_ADM_d6;1300;ASH_COATED_OSMIUM;9905;5;9903;22;;;9913;7;9916;24;;;9909.0;0.0
yf_ADM_d6;1300;INTARIAN_PEPPER_ROOT;12149;22;12145;18;;;12155;22;12157;26;;;12152.0;0.0
yf_ADM_d6;1400;ASH_COATED_OSMIUM;9904;17;9901;35;;;9914;8;9916;24;;;9909.0;0.0
yf_ADM_d6;1400;INTARIAN_PEPPER_ROOT;12149;21;12146;12;;;12155;17;12158;25;;;12152.0;0.0
yf_ADM_d6;1500;ASH_COATED_OSMIUM;9906;18;9904;15;;;9912;22;9914;20;;;9909.0;0.0
yf_ADM_d6;1500;INTARIAN_PEPPER_ROOT;12144;17;12140;18;;;12159;6;12162;16;;;12151.5;0.0
yf_ADM_d6;1600;ASH_COATED_OSMIUM;9906;14;9902;17;;;9912;8;9916;21;;;9909.0;0.0
yf_ADM_d6;1600;INTARIAN_PEPPER_ROOT;12148;16;12145;26;;;12154;16;12158;16;;;12151.0;0.0
yf_ADM_d6;1700;ASH_COATED_OSMIUM;9906;11;9902;20;;;9912;14;9915;25;;;9909.0;0.0
yf_ADM_d6;1700;INTARIAN_PEPPER_ROOT;12148;21;12144;19;;;12154;25;12157;13;;;12151.0;0.0
yf_ADM_d6;1800;ASH_COATED_OSMIUM;9898;17;9894;15;;;9919;8;9921;16;;;9908.5;0.0
yf_ADM_d6;1800;INTARIAN_PEPPER_ROOT;12147;19;12145;22;;;12153;17;12156;18;;;12150.0;0.0
yf_ADM_d6;1900;ASH_COATED_OSMIUM;9900;9;9896;26;;;9917;15;9921;15;;;9908.5;0.0
yf_ADM_d6;1900;INTARIAN_PEPPER_ROOT;12145;13;12141;20;;;12156;5;12160;14;;;12150.5;0.0
yf_ADM_d6;2000;ASH_COATED_OSMIUM;9906;15;9903;25;;;9912;13;9914;22;;;9909.0;0.0
yf_ADM_d6;2000;INTARIAN_PEPPER_ROOT;12140;10;12136;14;;;12159;18;12161;17;;;12149.5;0.0
yf_ADM_d6;2100;ASH_COATED_OSMIUM;9898;19;9896;21;;;9919;14;9923;25;;;9908.5;0.0
yf_ADM_d6;2100;INTARIAN_PEPPER_ROOT;12146;20;12143;19;;;12152;20;12156;20;;;12149.0;0.0
yf_ADM_d6;2200;ASH_COATED_OSMIUM;9902;15;9899;23;;;9915;21;9918;19;;;9908.5;0.0
yf_ADM_d6;2200;INTARIAN_PEPPER_ROOT;12141;17;12139;30;;;12157;14;12160;16;;;12149.0;0.0
yf_ADM_d6;2300;ASH_COATED_OSMIUM;9905;12;9903;14;;;9911;14;9915;19;;;9908.0;0.0
yf_ADM_d6;2300;INTARIAN_PEPPER_ROOT;12145;16;12142;17;;;12151;14;12155;19;;;12148.0;0.0
yf_ADM_d6;2400;ASH_COATED_OSMIUM;9904;19;9900;18;;;9913;9;9916;13;;;9908.5;0.0
yf_ADM_d6;2400;INTARIAN_PEPPER_ROOT;12145;16;12142;32;;;12151;12;12155;24;;;12148.0;0.0
yf_ADM_d6;2500;ASH_COATED_OSMIUM;9901;7;9899;9;;;9915;6;9919;17;;;9908.0;0.0
yf_ADM_d6;2500;INTARIAN_PEPPER_ROOT;12142;13;12140;22;;;12151;14;12153;20;;;12146.5;0.0
yf_ADM_d6;2600;ASH_COATED_OSMIUM;9902;8;9900;22;;;9915;11;9917;28;;;9908.5;0.0
yf_ADM_d6;2600;INTARIAN_PEPPER_ROOT;12138;7;12135;24;;;12156;16;12160;22;;;12147.0;0.0
yf_ADM_d6;2700;ASH_COATED_OSMIUM;9905;17;9903;13;;;9911;5;9915;11;;;9908.0;0.0
yf_ADM_d6;2700;INTARIAN_PEPPER_ROOT;12139;19;12136;21;;;12153;17;12156;27;;;12146.0;0.0
yf_ADM_d6;2800;ASH_COATED_OSMIUM;9906;21;9902;20;;;9912;14;9914;19;;;9909.0;0.0
yf_ADM_d6;2800;INTARIAN_PEPPER_ROOT;12143;16;12140;15;;;12149;15;12151;21;;;12146.0;0.0
yf_ADM_d6;2900;ASH_COATED_OSMIUM;9899;18;9895;20;;;9919;16;9923;23;;;9909.0;0.0
yf_ADM_d6;2900;INTARIAN_PEPPER_ROOT;12139;15;12136;17;;;12152;9;12155;24;;;12145.5;0.0
yf_ADM_d6;3000;ASH_COATED_OSMIUM;9893;7;9891;21;;;9923;14;9925;19;;;9908.0;0.0
yf_ADM_d6;3000;INTARIAN_PEPPER_ROOT;12142;17;12140;28;;;12148;15;12152;30;;;12145.0;0.0
yf_ADM_d6;3100;ASH_COATED_OSMIUM;9904;12;9901;14;;;9911;13;9913;16;;;9907.5;0.0
yf_ADM_d6;3100;INTARIAN_PEPPER_ROOT;12141;20;12138;18;;;12147;10;12150;18;;;12144.0;0.0
yf_ADM_d6;3200;ASH_COATED_OSMIUM;9896;23;9893;13;;;9919;8;9923;18;;;9907.5;0.0
yf_ADM_d6;3200;INTARIAN_PEPPER_ROOT;12141;26;12137;24;;;12147;5;12149;19;;;12144.0;0.0
yf_ADM_d6;3300;ASH_COATED_OSMIUM;9893;13;9890;15;;;9924;19;9927;16;;;9908.5;0.0
yf_ADM_d6;3300;INTARIAN_PEPPER_ROOT;12141;16;12139;16;;;12147;10;12150;22;;;12144.0;0.0
yf_ADM_d6;3400;ASH_COATED_OSMIUM;9898;12;9896;27;;;9918;14;9921;14;;;9908.0;0.0
yf_ADM_d6;3400;INTARIAN_PEPPER_ROOT;12140;10;12138;26;;;12146;15;12148;20;;;12143.0;0.0
yf_ADM_d6;3500;ASH_COATED_OSMIUM;9905;14;9901;22;;;9911;11;9914;13;;;9908.0;0.0
yf_ADM_d6;3500;INTARIAN_PEPPER_ROOT;12140;14;12137;18;;;12146;17;12150;23;;;12143.0;0.0
yf_ADM_d6;3600;ASH_COATED_OSMIUM;9903;23;9899;21;;;9912;14;9915;27;;;9907.5;0.0
yf_ADM_d6;3600;INTARIAN_PEPPER_ROOT;12139;13;12136;17;;;12146;6;12148;21;;;12142.5;0.0
yf_ADM_d6;3700;ASH_COATED_OSMIUM;9904;18;9900;18;;;9910;17;9914;16;;;9907.0;0.0
yf_ADM_d6;3700;INTARIAN_PEPPER_ROOT;12132;14;12128;13;;;12153;17;12156;18;;;12142.5;0.0
yf_ADM_d6;3800;ASH_COATED_OSMIUM;9905;8;9903;20;;;9911;19;9913;19;;;9908.0;0.0
yf_ADM_d6;3800;INTARIAN_PEPPER_ROOT;12139;22;12135;23;;;12145;16;12149;23;;;12142.0;0.0
yf_ADM_d6;3900;ASH_COATED_OSMIUM;9905;10;9902;29;;;9911;9;9914;15;;;9908.0;0.0
yf_ADM_d6;3900;INTARIAN_PEPPER_ROOT;12138;20;12135;25;;;12144;17;12146;15;;;12141.0;0.0
yf_ADM_d6;4000;ASH_COATED_OSMIUM;9905;5;9901;17;;;9911;18;9914;19;;;9908.0;0.0
yf_ADM_d6;4000;INTARIAN_PEPPER_ROOT;12138;15;12134;20;;;12144;15;12148;20;;;12141.0;0.0
yf_ADM_d6;4100;ASH_COATED_OSMIUM;9897;19;9893;21;;;9917;11;9921;20;;;9907.0;0.0
yf_ADM_d6;4100;INTARIAN_PEPPER_ROOT;12126;21;12122;8;;;12155;10;12157;10;;;12140.5;0.0
yf_ADM_d6;4200;ASH_COATED_OSMIUM;9905;7;9902;19;;;9911;5;9915;18;;;9908.0;0.0
yf_ADM_d6;4200;INTARIAN_PEPPER_ROOT;12136;14;12134;11;;;12144;14;12146;12;;;12140.0;0.0
yf_ADM_d6;4300;ASH_COATED_OSMIUM;9904;21;9901;18;;;9910;21;9913;25;;;9907.0;0.0
yf_ADM_d6;4300;INTARIAN_PEPPER_ROOT;12132;16;12130;16;;;12149;18;12151;22;;;12140.5;0.0
yf_ADM_d6;4400;ASH_COATED_OSMIUM;9904;17;9901;16;;;9910;12;9914;18;;;9907.0;0.0
yf_ADM_d6;4400;INTARIAN_PEPPER_ROOT;12136;20;12133;8;;;12142;13;12144;20;;;12139.0;0.0
yf_ADM_d6;4500;ASH_COATED_OSMIUM;9904;14;9902;13;;;9910;9;9913;24;;;9907.0;0.0
yf_ADM_d6;4500;INTARIAN_PEPPER_ROOT;12135;15;12131;19;;;12141;8;12145;28;;;12138.0;0.0
yf_ADM_d6;4600;ASH_COATED_OSMIUM;9903;16;9901;19;;;9911;18;9915;27;;;9907.0;0.0
yf_ADM_d6;4600;INTARIAN_PEPPER_ROOT;12128;11;12124;21;;;12149;19;12151;22;;;12138.5;0.0
yf_ADM_d6;4700;ASH_COATED_OSMIUM;9904;11;9901;23;;;9910;21;9913;19;;;9907.0;0.0
yf_ADM_d6;4700;INTARIAN_PEPPER_ROOT;12135;18;12133;19;;;12141;22;12145;18;;;12138.0;0.0
yf_ADM_d6;4800;ASH_COATED_OSMIUM;9904;16;9900;12;;;9910;16;9914;22;;;9907.0;0.0
yf_ADM_d6;4800;INTARIAN_PEPPER_ROOT;12132;20;12128;17;;;12143;19;12147;23;;;12137.5;0.0
yf_ADM_d6;4900;ASH_COATED_OSMIUM;9898;12;9896;19;;;9916;12;9918;12;;;9907.0;0.0
yf_ADM_d6;4900;INTARIAN_PEPPER_ROOT;12134;15;12130;20;;;12140;19;12144;23;;;12137.0;0.0
yf_ADM_d6;5000;ASH_COATED_OSMIUM;9901;16;9899;20;;;9913;18;9917;22;;;9907.0;0.0
yf_ADM_d6;5000;INTARIAN_PEPPER_ROOT;12133;15;12131;20;;;12139;18;12143;11;;;12136.0;0.0
yf_ADM_d6;5100;ASH_COATED_OSMIUM;9902;9;9899;22;;;9913;15;9915;23;;;9907.5;0.0
yf_ADM_d6;5100;INTARIAN_PEPPER_ROOT;12133;16;12130;14;;;12139;18;12142;18;;;12136.0;0.0
yf_ADM_d6;5200;ASH_COATED_OSMIUM;9904;8;9902;14;;;9910;11;9913;21;;;9907.0;0.0
yf_ADM_d6;5200;INTARIAN_PEPPER_ROOT;12131;5;12128;24;;;12140;16;12144;17;;;12135.5;0.0
yf_ADM_d6;5300;ASH_COATED_OSMIUM;9901;16;9897;14;;;9913;30;9917;13;;;9907.0;0.0
yf_ADM_d6;5300;INTARIAN_PEPPER_ROOT;12129;6;12125;18;;;12141;8;12145;21;;;12135.0;0.0
yf_ADM_d6;5400;ASH_COATED_OSMIUM;9901;10;9897;23;;;9913;11;9915;26;;;9907.0;0.0
yf_ADM_d6;5400;INTARIAN_PEPPER_ROOT;12132;16;12129;19;;;12138;13;12140;19;;;12135.0;0.0
yf_ADM_d6;5500;ASH_COATED_OSMIUM;9897;11;9894;12;;;9917;16;9921;19;;;9907.0;0.0
yf_ADM_d6;5500;INTARIAN_PEPPER_ROOT;12130;18;12126;13;;;12138;11;12141;19;;;12134.0;0.0
yf_ADM_d6;5600;ASH_COATED_OSMIUM;9898;10;9894;16;;;9914;13;9917;34;;;9906.0;0.0
yf_ADM_d6;5600;INTARIAN_PEPPER_ROOT;12129;13;12125;22;;;12138;12;12141;14;;;12133.5;0.0
yf_ADM_d6;5700;ASH_COATED_OSMIUM;9902;16;9898;27;;;9911;17;9913;19;;;9906.5;0.0
yf_ADM_d6;5700;INTARIAN_PEPPER_ROOT;12130;5;12126;18;;;12136;11;12139;25;;;12133.0;0.0
yf_ADM_d6;5800;ASH_COATED_OSMIUM;9904;12;9901;25;;;9910;8;9914;24;;;9907.0;0.0
yf_ADM_d6;5800;INTARIAN_PEPPER_ROOT;12129;12;12126;14;;;12136;12;12138;25;;;12132.5;0.0
yf_ADM_d6;5900;ASH_COATED_OSMIUM;9903;14;9900;24;;;9909;17;9913;22;;;9906.0;0.0
yf_ADM_d6;5900;INTARIAN_PEPPER_ROOT;12130;14;12127;13;;;12136;13;12139;20;;;12133.0;0.0
yf_ADM_d6;6000;ASH_COATED_OSMIUM;9901;17;9898;24;;;9913;10;9915;21;;;9907.0;0.0
yf_ADM_d6;6000;INTARIAN_PEPPER_ROOT;12127;18;12123;21;;;12135;5;12139;18;;;12131.0;0.0
yf_ADM_d6;6100;ASH_COATED_OSMIUM;9902;12;9899;18;;;9912;13;9916;24;;;9907.0;0.0
yf_ADM_d6;6100;INTARIAN_PEPPER_ROOT;12122;13;12118;20;;;12142;11;12144;15;;;12132.0;0.0
yf_ADM_d6;6200;ASH_COATED_OSMIUM;9900;12;9896;16;;;9912;10;9916;18;;;9906.0;0.0
yf_ADM_d6;6200;INTARIAN_PEPPER_ROOT;12129;19;12126;13;;;12135;14;12139;25;;;12132.0;0.0
yf_ADM_d6;6300;ASH_COATED_OSMIUM;9903;17;9901;26;;;9909;17;9911;25;;;9906.0;0.0
yf_ADM_d6;6300;INTARIAN_PEPPER_ROOT;12124;14;12121;14;;;12138;23;12140;14;;;12131.0;0.0
yf_ADM_d6;6400;ASH_COATED_OSMIUM;9901;8;9898;20;;;9910;17;9914;27;;;9905.5;0.0
yf_ADM_d6;6400;INTARIAN_PEPPER_ROOT;12127;10;12124;18;;;12133;13;12137;30;;;12130.0;0.0
yf_ADM_d6;6500;ASH_COATED_OSMIUM;9903;10;9900;20;;;9909;9;9911;14;;;9906.0;0.0
yf_ADM_d6;6500;INTARIAN_PEPPER_ROOT;12127;17;12124;25;;;12133;5;12137;28;;;12130.0;0.0
yf_ADM_d6;6600;ASH_COATED_OSMIUM;9886;8;9882;20;;;9925;16;9928;19;;;9905.5;0.0
yf_ADM_d6;6600;INTARIAN_PEPPER_ROOT;12127;25;12124;17;;;12133;8;12137;19;;;12130.0;0.0
yf_ADM_d6;6700;ASH_COATED_OSMIUM;9901;11;9898;16;;;9910;13;9912;16;;;9905.5;0.0
yf_ADM_d6;6700;INTARIAN_PEPPER_ROOT;12124;5;12121;20;;;12133;5;12136;24;;;12128.5;0.0
yf_ADM_d6;6800;ASH_COATED_OSMIUM;9902;23;9898;17;;;9908;23;9910;16;;;9905.0;0.0
yf_ADM_d6;6800;INTARIAN_PEPPER_ROOT;12118;13;12114;8;;;12139;5;12141;10;;;12128.5;0.0
yf_ADM_d6;6900;ASH_COATED_OSMIUM;9903;16;9901;20;;;9909;10;9913;26;;;9906.0;0.0
yf_ADM_d6;6900;INTARIAN_PEPPER_ROOT;12122;10;12119;16;;;12135;24;12137;22;;;12128.5;0.0
yf_ADM_d6;7000;ASH_COATED_OSMIUM;9903;11;9899;30;;;9909;12;9913;29;;;9906.0;0.0
yf_ADM_d6;7000;INTARIAN_PEPPER_ROOT;12121;18;12118;23;;;12134;8;12138;26;;;12127.5;0.0
yf_ADM_d6;7100;ASH_COATED_OSMIUM;9898;27;9894;19;;;9914;6;9918;23;;;9906.0;0.0
yf_ADM_d6;7100;INTARIAN_PEPPER_ROOT;12124;14;12122;25;;;12130;9;12134;17;;;12127.0;0.0
yf_ADM_d6;7200;ASH_COATED_OSMIUM;9901;8;9897;26;;;9910;17;9912;23;;;9905.5;0.0
yf_ADM_d6;7200;INTARIAN_PEPPER_ROOT;12123;10;12121;25;;;12131;14;12134;12;;;12127.0;0.0
yf_ADM_d6;7300;ASH_COATED_OSMIUM;9877;14;9875;9;;;9934;7;9937;16;;;9905.5;0.0
yf_ADM_d6;7300;INTARIAN_PEPPER_ROOT;12124;17;12121;24;;;12130;22;12133;17;;;12127.0;0.0
yf_ADM_d6;7400;ASH_COATED_OSMIUM;9899;16;9896;15;;;9911;18;9913;20;;;9905.0;0.0
yf_ADM_d6;7400;INTARIAN_PEPPER_ROOT;12123;15;12119;24;;;12129;16;12133;18;;;12126.0;0.0
yf_ADM_d6;7500;ASH_COATED_OSMIUM;9903;12;9901;20;;;9909;24;9913;20;;;9906.0;0.0
yf_ADM_d6;7500;INTARIAN_PEPPER_ROOT;12121;13;12119;19;;;12130;10;12132;19;;;12125.5;0.0
yf_ADM_d6;7600;ASH_COATED_OSMIUM;9899;15;9896;11;;;9911;22;9913;14;;;9905.0;0.0
yf_ADM_d6;7600;INTARIAN_PEPPER_ROOT;12122;20;12119;26;;;12128;13;12131;23;;;12125.0;0.0
yf_ADM_d6;7700;ASH_COATED_OSMIUM;9902;13;9898;8;;;9908;15;9911;16;;;9905.0;0.0
yf_ADM_d6;7700;INTARIAN_PEPPER_ROOT;12120;20;12117;17;;;12129;22;12132;21;;;12124.5;0.0
yf_ADM_d6;7800;ASH_COATED_OSMIUM;9902;11;9900;23;;;9908;20;9912;19;;;9905.0;0.0
yf_ADM_d6;7800;INTARIAN_PEPPER_ROOT;12121;20;12118;15;;;12127;13;12131;17;;;12124.0;0.0
yf_ADM_d6;7900;ASH_COATED_OSMIUM;9902;17;9898;23;;;9908;22;9910;24;;;9905.0;0.0
yf_ADM_d6;7900;INTARIAN_PEPPER_ROOT;12121;17;12119;13;;;12127;12;12129;20;;;12124.0;0.0
yf_ADM_d6;8000;ASH_COATED_OSMIUM;9901;22;9898;22;;;9907;23;9909;14;;;9904.0;0.0
yf_ADM_d6;8000;INTARIAN_PEPPER_ROOT;12120;5;12118;18;;;12126;7;12129;14;;;12123.0;0.0
yf_ADM_d6;8100;ASH_COATED_OSMIUM;9902;12;9900;24;;;9908;12;9910;17;;;9905.0;0.0
yf_ADM_d6;8100;INTARIAN_PEPPER_ROOT;12110;15;12108;22;;;12137;21;12141;22;;;12123.5;0.0
yf_ADM_d6;8200;ASH_COATED_OSMIUM;9902;13;9898;15;;;9908;7;9912;17;;;9905.0;0.0
yf_ADM_d6;8200;INTARIAN_PEPPER_ROOT;12119;9;12117;14;;;12127;14;12131;18;;;12123.0;0.0
yf_ADM_d6;8300;ASH_COATED_OSMIUM;9902;23;9900;15;;;9908;14;9912;23;;;9905.0;0.0
yf_ADM_d6;8300;INTARIAN_PEPPER_ROOT;12119;15;12115;19;;;12126;15;12130;20;;;12122.5;0.0
yf_ADM_d6;8400;ASH_COATED_OSMIUM;9897;9;9893;16;;;9912;10;9916;11;;;9904.5;0.0
yf_ADM_d6;8400;INTARIAN_PEPPER_ROOT;12114;6;12112;18;;;12129;16;12133;17;;;12121.5;0.0
yf_ADM_d6;8500;ASH_COATED_OSMIUM;9902;21;9900;26;;;9908;7;9911;12;;;9905.0;0.0
yf_ADM_d6;8500;INTARIAN_PEPPER_ROOT;12106;23;12104;21;;;12137;22;12140;12;;;12121.5;0.0
yf_ADM_d6;8600;ASH_COATED_OSMIUM;9902;25;9899;21;;;9908;5;9910;28;;;9905.0;0.0
yf_ADM_d6;8600;INTARIAN_PEPPER_ROOT;12118;20;12114;23;;;12124;13;12128;24;;;12121.0;0.0
yf_ADM_d6;8700;ASH_COATED_OSMIUM;9901;20;9899;20;;;9907;10;9909;16;;;9904.0;0.0
yf_ADM_d6;8700;INTARIAN_PEPPER_ROOT;12117;13;12114;25;;;12124;10;12128;19;;;12120.5;0.0
yf_ADM_d6;8800;ASH_COATED_OSMIUM;9902;22;9898;17;;;9908;16;9910;22;;;9905.0;0.0
yf_ADM_d6;8800;INTARIAN_PEPPER_ROOT;12117;16;12113;19;;;12123;15;12126;24;;;12120.0;0.0
yf_ADM_d6;8900;ASH_COATED_OSMIUM;9887;16;9884;19;;;9921;23;9923;21;;;9904.0;0.0
yf_ADM_d6;8900;INTARIAN_PEPPER_ROOT;12116;18;12114;20;;;12122;14;12124;18;;;12119.0;0.0
yf_ADM_d6;9000;ASH_COATED_OSMIUM;9891;22;9887;20;;;9918;8;9920;24;;;9904.5;0.0
yf_ADM_d6;9000;INTARIAN_PEPPER_ROOT;12116;16;12113;24;;;12122;11;12125;18;;;12119.0;0.0
yf_ADM_d6;9100;ASH_COATED_OSMIUM;9901;17;9898;30;;;9907;16;9911;23;;;9904.0;0.0
yf_ADM_d6;9100;INTARIAN_PEPPER_ROOT;12116;18;12114;21;;;12122;12;12126;28;;;12119.0;0.0
yf_ADM_d6;9200;ASH_COATED_OSMIUM;9901;15;9899;17;;;9907;15;9911;20;;;9904.0;0.0
yf_ADM_d6;9200;INTARIAN_PEPPER_ROOT;12115;23;12112;16;;;12121;18;12123;24;;;12118.0;0.0
yf_ADM_d6;9300;ASH_COATED_OSMIUM;9897;10;9895;9;;;9911;13;9914;17;;;9904.0;0.0
yf_ADM_d6;9300;INTARIAN_PEPPER_ROOT;12115;15;12111;25;;;12121;17;12123;20;;;12118.0;0.0
yf_ADM_d6;9400;ASH_COATED_OSMIUM;9901;20;9897;15;;;9907;20;9909;27;;;9904.0;0.0
yf_ADM_d6;9400;INTARIAN_PEPPER_ROOT;12110;17;12107;28;;;12125;18;12129;18;;;12117.5;0.0
yf_ADM_d6;9500;ASH_COATED_OSMIUM;9901;13;9898;29;;;9907;9;9909;25;;;9904.0;0.0
yf_ADM_d6;9500;INTARIAN_PEPPER_ROOT;12106;10;12103;23;;;12128;12;12130;29;;;12117.0;0.0
yf_ADM_d6;9600;ASH_COATED_OSMIUM;9899;11;9897;17;;;9909;11;9912;15;;;9904.0;0.0
yf_ADM_d6;9600;INTARIAN_PEPPER_ROOT;12112;13;12110;19;;;12121;17;12123;24;;;12116.5;0.0
yf_ADM_d6;9700;ASH_COATED_OSMIUM;9901;16;9897;26;;;9907;20;9910;20;;;9904.0;0.0
yf_ADM_d6;9700;INTARIAN_PEPPER_ROOT;12106;9;12104;26;;;12127;10;12129;18;;;12116.5;0.0
yf_ADM_d6;9800;ASH_COATED_OSMIUM;9899;18;9896;14;;;9908;17;9911;15;;;9903.5;0.0
yf_ADM_d6;9800;INTARIAN_PEPPER_ROOT;12106;16;12103;14;;;12125;20;12128;24;;;12115.5;0.0
yf_ADM_d6;9900;ASH_COATED_OSMIUM;9901;15;9897;13;;;9908;16;9911;20;;;9904.5;0.0
yf_ADM_d6;9900;INTARIAN_PEPPER_ROOT;12112;22;12108;17;;;12118;6;12122;26;;;12115.0;0.0
yf_ADM_d6;10000;ASH_COATED_OSMIUM;9896;16;9894;20;;;9912;19;9915;8;;;9904.0;0.0
yf_ADM_d6;10000;INTARIAN_PEPPER_ROOT;12112;8;12110;13;;;12118;9;12120;19;;;12115.0;0.0
yf_ADM_d6;10100;ASH_COATED_OSMIUM;9896;20;9892;23;;;9912;9;9914;19;;;9904.0;0.0
yf_ADM_d6;10100;INTARIAN_PEPPER_ROOT;12111;15;12109;19;;;12117;14;12121;9;;;12114.0;0.0
yf_ADM_d6;10200;ASH_COATED_OSMIUM;9896;25;9894;23;;;9911;26;9914;19;;;9903.5;0.0
yf_ADM_d6;10200;INTARIAN_PEPPER_ROOT;12110;11;12106;24;;;12116;14;12118;23;;;12113.0;0.0
yf_ADM_d6;10300;ASH_COATED_OSMIUM;9901;15;9898;18;;;9907;18;9910;18;;;9904.0;0.0
yf_ADM_d6;10300;INTARIAN_PEPPER_ROOT;12110;14;12107;17;;;12116;12;12120;21;;;12113.0;0.0
yf_ADM_d6;10400;ASH_COATED_OSMIUM;9900;17;9897;17;;;9906;16;9908;16;;;9903.0;0.0
yf_ADM_d6;10400;INTARIAN_PEPPER_ROOT;12107;11;12103;21;;;12119;15;12122;17;;;12113.0;0.0
yf_ADM_d6;10500;ASH_COATED_OSMIUM;9899;12;9897;23;;;9908;10;9910;18;;;9903.5;0.0
yf_ADM_d6;10500;INTARIAN_PEPPER_ROOT;12110;13;12108;23;;;12116;8;12118;22;;;12113.0;0.0
yf_ADM_d6;10600;ASH_COATED_OSMIUM;9901;18;9897;20;;;9907;24;9909;16;;;9904.0;0.0
yf_ADM_d6;10600;INTARIAN_PEPPER_ROOT;12107;18;12103;26;;;12116;13;12120;24;;;12111.5;0.0
yf_ADM_d6;10700;ASH_COATED_OSMIUM;9897;22;9893;26;;;9910;21;9912;23;;;9903.5;0.0
yf_ADM_d6;10700;INTARIAN_PEPPER_ROOT;12104;11;12101;27;;;12120;13;12124;21;;;12112.0;0.0
yf_ADM_d6;10800;ASH_COATED_OSMIUM;9900;17;9896;12;;;9906;24;9908;23;;;9903.0;0.0
yf_ADM_d6;10800;INTARIAN_PEPPER_ROOT;12108;14;12104;23;;;12114;15;12118;14;;;12111.0;0.0
yf_ADM_d6;10900;ASH_COATED_OSMIUM;9900;18;9896;23;;;9906;7;9908;17;;;9903.0;0.0
yf_ADM_d6;10900;INTARIAN_PEPPER_ROOT;12108;6;12105;25;;;12114;22;12116;17;;;12111.0;0.0
yf_ADM_d6;11000;ASH_COATED_OSMIUM;9899;9;9896;20;;;9906;13;9910;26;;;9902.5;0.0
yf_ADM_d6;11000;INTARIAN_PEPPER_ROOT;12105;16;12103;26;;;12115;14;12118;15;;;12110.0;0.0
yf_ADM_d6;11100;ASH_COATED_OSMIUM;9900;15;9897;15;;;9906;5;9908;25;;;9903.0;0.0
yf_ADM_d6;11100;INTARIAN_PEPPER_ROOT;12107;13;12104;28;;;12113;16;12117;19;;;12110.0;0.0
yf_ADM_d6;11200;ASH_COATED_OSMIUM;9899;12;9897;21;;;9906;21;9910;19;;;9902.5;0.0
yf_ADM_d6;11200;INTARIAN_PEPPER_ROOT;12101;17;12099;23;;;12118;9;12120;15;;;12109.5;0.0
yf_ADM_d6;11300;ASH_COATED_OSMIUM;9896;6;9894;20;;;9910;25;9912;16;;;9903.0;0.0
yf_ADM_d6;11300;INTARIAN_PEPPER_ROOT;12106;14;12103;21;;;12112;16;12116;20;;;12109.0;0.0
yf_ADM_d6;11400;ASH_COATED_OSMIUM;9898;13;9896;18;;;9908;10;9912;29;;;9903.0;0.0
yf_ADM_d6;11400;INTARIAN_PEPPER_ROOT;12101;9;12097;26;;;12117;9;12121;24;;;12109.0;0.0
yf_ADM_d6;11500;ASH_COATED_OSMIUM;9899;12;9896;16;;;9905;13;9909;14;;;9902.0;0.0
yf_ADM_d6;11500;INTARIAN_PEPPER_ROOT;12102;11;12100;15;;;12115;12;12117;16;;;12108.5;0.0
yf_ADM_d6;11600;ASH_COATED_OSMIUM;9900;16;9897;15;;;9906;23;9910;25;;;9903.0;0.0
yf_ADM_d6;11600;INTARIAN_PEPPER_ROOT;12104;20;12100;24;;;12110;11;12112;26;;;12107.0;0.0
yf_ADM_d6;11700;ASH_COATED_OSMIUM;9900;21;9897;19;;;9906;18;9908;12;;;9903.0;0.0
yf_ADM_d6;11700;INTARIAN_PEPPER_ROOT;12103;5;12099;12;;;12111;12;12114;32;;;12107.0;0.0
yf_ADM_d6;11800;ASH_COATED_OSMIUM;9900;9;9896;25;;;9906;18;9910;17;;;9903.0;0.0
yf_ADM_d6;11800;INTARIAN_PEPPER_ROOT;12104;14;12102;17;;;12110;16;12112;13;;;12107.0;0.0
yf_ADM_d6;11900;ASH_COATED_OSMIUM;9900;29;9897;8;;;9906;10;9909;22;;;9903.0;0.0
yf_ADM_d6;11900;INTARIAN_PEPPER_ROOT;12104;13;12100;23;;;12110;10;12114;23;;;12107.0;0.0
yf_ADM_d6;12000;ASH_COATED_OSMIUM;9899;8;9895;20;;;9906;20;9910;23;;;9902.5;0.0
yf_ADM_d6;12000;INTARIAN_PEPPER_ROOT;12102;17;12099;17;;;12111;20;12114;24;;;12106.5;0.0
yf_ADM_d6;12100;ASH_COATED_OSMIUM;9899;16;9897;8;;;9905;17;9908;28;;;9902.0;0.0
yf_ADM_d6;12100;INTARIAN_PEPPER_ROOT;12103;10;12099;18;;;12109;16;12113;20;;;12106.0;0.0
yf_ADM_d6;12200;ASH_COATED_OSMIUM;9900;12;9897;26;;;9906;16;9910;21;;;9903.0;0.0
yf_ADM_d6;12200;INTARIAN_PEPPER_ROOT;12102;15;12099;23;;;12108;21;12110;21;;;12105.0;0.0
yf_ADM_d6;12300;ASH_COATED_OSMIUM;9900;10;9896;17;;;9906;13;9908;14;;;9903.0;0.0
yf_ADM_d6;12300;INTARIAN_PEPPER_ROOT;12088;10;12086;34;;;12121;22;12124;19;;;12104.5;0.0
yf_ADM_d6;12400;ASH_COATED_OSMIUM;9899;21;9895;20;;;9905;19;9909;28;;;9902.0;0.0
yf_ADM_d6;12400;INTARIAN_PEPPER_ROOT;12101;10;12097;24;;;12107;17;12110;20;;;12104.0;0.0
yf_ADM_d6;12500;ASH_COATED_OSMIUM;9892;6;9888;15;;;9911;5;9915;13;;;9901.5;0.0
yf_ADM_d6;12500;INTARIAN_PEPPER_ROOT;12095;23;12092;15;;;12113;12;12117;16;;;12104.0;0.0
yf_ADM_d6;12600;ASH_COATED_OSMIUM;9899;16;9895;29;;;9905;11;9907;16;;;9902.0;0.0
yf_ADM_d6;12600;INTARIAN_PEPPER_ROOT;12096;25;12094;21;;;12109;10;12112;27;;;12102.5;0.0
yf_ADM_d6;12700;ASH_COATED_OSMIUM;9899;16;9897;17;;;9905;11;9907;12;;;9902.0;0.0
yf_ADM_d6;12700;INTARIAN_PEPPER_ROOT;12096;9;12093;19;;;12111;13;12115;24;;;12103.5;0.0
yf_ADM_d6;12800;ASH_COATED_OSMIUM;9899;5;9897;27;;;9906;6;9910;14;;;9902.5;0.0
yf_ADM_d6;12800;INTARIAN_PEPPER_ROOT;12096;20;12093;17;;;12109;14;12112;14;;;12102.5;0.0
yf_ADM_d6;12900;ASH_COATED_OSMIUM;9898;20;9895;17;;;9906;16;9910;17;;;9902.0;0.0
yf_ADM_d6;12900;INTARIAN_PEPPER_ROOT;12100;11;12096;26;;;12106;10;12108;17;;;12103.0;0.0
yf_ADM_d6;13000;ASH_COATED_OSMIUM;9899;10;9897;26;;;9905;5;9908;30;;;9902.0;0.0
yf_ADM_d6;13000;INTARIAN_PEPPER_ROOT;12093;13;12089;11;;;12110;13;12114;20;;;12101.5;0.0
yf_ADM_d6;13100;ASH_COATED_OSMIUM;9899;13;9897;17;;;9905;16;9909;15;;;9902.0;0.0
yf_ADM_d6;13100;INTARIAN_PEPPER_ROOT;12099;12;12097;15;;;12105;5;12109;26;;;12102.0;0.0
yf_ADM_d6;13200;ASH_COATED_OSMIUM;9899;16;9897;21;;;9905;11;9908;17;;;9902.0;0.0
yf_ADM_d6;13200;INTARIAN_PEPPER_ROOT;12097;18;12094;18;;;12105;22;12107;24;;;12101.0;0.0
yf_ADM_d6;13300;ASH_COATED_OSMIUM;9899;19;9896;18;;;9905;8;9909;21;;;9902.0;0.0
yf_ADM_d6;13300;INTARIAN_PEPPER_ROOT;12095;13;12092;16;;;12105;14;12107;20;;;12100.0;0.0
yf_ADM_d6;13400;ASH_COATED_OSMIUM;9899;7;9895;19;;;9905;19;9907;21;;;9902.0;0.0
yf_ADM_d6;13400;INTARIAN_PEPPER_ROOT;12097;16;12094;19;;;12103;13;12105;28;;;12100.0;0.0
yf_ADM_d6;13500;ASH_COATED_OSMIUM;9898;12;9896;20;;;9904;16;9906;9;;;9901.0;0.0
yf_ADM_d6;13500;INTARIAN_PEPPER_ROOT;12096;13;12094;27;;;12102;7;12105;21;;;12099.0;0.0
yf_ADM_d6;13600;ASH_COATED_OSMIUM;9899;10;9896;30;;;9905;24;9907;15;;;9902.0;0.0
yf_ADM_d6;13600;INTARIAN_PEPPER_ROOT;12096;14;12092;22;;;12102;20;12105;25;;;12099.0;0.0
yf_ADM_d6;13700;ASH_COATED_OSMIUM;9897;18;9894;11;;;9907;26;9909;17;;;9902.0;0.0
yf_ADM_d6;13700;INTARIAN_PEPPER_ROOT;12096;19;12093;15;;;12102;19;12106;19;;;12099.0;0.0
yf_ADM_d6;13800;ASH_COATED_OSMIUM;9898;13;9896;17;;;9906;23;9910;23;;;9902.0;0.0
yf_ADM_d6;13800;INTARIAN_PEPPER_ROOT;12085;10;12082;23;;;12111;5;12115;18;;;12098.0;0.0
yf_ADM_d6;13900;ASH_COATED_OSMIUM;9897;13;9895;21;;;9903;19;9906;27;;;9900.0;0.0
yf_ADM_d6;13900;INTARIAN_PEPPER_ROOT;12091;14;12088;15;;;12104;5;12107;9;;;12097.5;0.0
yf_ADM_d6;14000;ASH_COATED_OSMIUM;9894;9;9892;14;;;9908;11;9910;22;;;9901.0;0.0
yf_ADM_d6;14000;INTARIAN_PEPPER_ROOT;12095;19;12091;23;;;12101;15;12105;14;;;12098.0;0.0
yf_ADM_d6;14100;ASH_COATED_OSMIUM;9898;21;9894;22;;;9904;15;9906;23;;;9901.0;0.0
yf_ADM_d6;14100;INTARIAN_PEPPER_ROOT;12094;13;12092;17;;;12100;22;12103;19;;;12097.0;0.0
yf_ADM_d6;14200;ASH_COATED_OSMIUM;9899;20;9895;16;;;9905;21;9908;21;;;9902.0;0.0
yf_ADM_d6;14200;INTARIAN_PEPPER_ROOT;12094;14;12090;18;;;12100;18;12104;19;;;12097.0;0.0
yf_ADM_d6;14300;ASH_COATED_OSMIUM;9898;8;9896;13;;;9904;22;9906;23;;;9901.0;0.0
yf_ADM_d6;14300;INTARIAN_PEPPER_ROOT;12094;12;12092;21;;;12100;7;12102;22;;;12097.0;0.0
yf_ADM_d6;14400;ASH_COATED_OSMIUM;9898;15;9895;16;;;9904;12;9908;16;;;9901.0;0.0
yf_ADM_d6;14400;INTARIAN_PEPPER_ROOT;12091;16;12087;18;;;12102;15;12105;26;;;12096.5;0.0
yf_ADM_d6;14500;ASH_COATED_OSMIUM;9898;15;9894;18;;;9904;11;9907;31;;;9901.0;0.0
yf_ADM_d6;14500;INTARIAN_PEPPER_ROOT;12092;15;12090;19;;;12098;20;12100;24;;;12095.0;0.0
yf_ADM_d6;14600;ASH_COATED_OSMIUM;9898;15;9894;24;;;9904;5;9906;15;;;9901.0;0.0
yf_ADM_d6;14600;INTARIAN_PEPPER_ROOT;12092;12;12090;19;;;12098;10;12101;13;;;12095.0;0.0
yf_ADM_d6;14700;ASH_COATED_OSMIUM;9896;19;9893;12;;;9904;18;9906;19;;;9900.0;0.0
yf_ADM_d6;14700;INTARIAN_PEPPER_ROOT;12091;16;12087;25;;;12097;16;12101;21;;;12094.0;0.0
yf_ADM_d6;14800;ASH_COATED_OSMIUM;9898;8;9894;17;;;9904;10;9907;17;;;9901.0;0.0
yf_ADM_d6;14800;INTARIAN_PEPPER_ROOT;12088;21;12086;23;;;12101;19;12103;16;;;12094.5;0.0
yf_ADM_d6;14900;ASH_COATED_OSMIUM;9890;16;9887;23;;;9912;15;9916;23;;;9901.0;0.0
yf_ADM_d6;14900;INTARIAN_PEPPER_ROOT;12089;12;12085;20;;;12099;15;12102;8;;;12094.0;0.0
yf_ADM_d6;15000;ASH_COATED_OSMIUM;9898;7;9894;27;;;9904;11;9907;17;;;9901.0;0.0
yf_ADM_d6;15000;INTARIAN_PEPPER_ROOT;12090;22;12087;26;;;12096;11;12098;17;;;12093.0;0.0
yf_ADM_d6;15100;ASH_COATED_OSMIUM;9896;11;9893;25;;;9904;16;9906;32;;;9900.0;0.0
yf_ADM_d6;15100;INTARIAN_PEPPER_ROOT;12086;17;12083;24;;;12098;5;12102;14;;;12092.0;0.0
yf_ADM_d6;15200;ASH_COATED_OSMIUM;9897;10;9893;24;;;9904;12;9907;14;;;9900.5;0.0
yf_ADM_d6;15200;INTARIAN_PEPPER_ROOT;12089;16;12085;20;;;12095;12;12099;19;;;12092.0;0.0
yf_ADM_d6;15300;ASH_COATED_OSMIUM;9898;8;9895;25;;;9904;11;9906;16;;;9901.0;0.0
yf_ADM_d6;15300;INTARIAN_PEPPER_ROOT;12086;14;12082;25;;;12096;17;12100;18;;;12091.0;0.0
yf_ADM_d6;15400;ASH_COATED_OSMIUM;9897;12;9893;17;;;9905;20;9909;20;;;9901.0;0.0
yf_ADM_d6;15400;INTARIAN_PEPPER_ROOT;12088;11;12086;30;;;12094;8;12096;24;;;12091.0;0.0
yf_ADM_d6;15500;ASH_COATED_OSMIUM;9897;10;9895;18;;;9903;22;9907;22;;;9900.0;0.0
yf_ADM_d6;15500;INTARIAN_PEPPER_ROOT;12088;11;12086;23;;;12094;7;12098;25;;;12091.0;0.0
yf_ADM_d6;15600;ASH_COATED_OSMIUM;9895;12;9892;23;;;9905;10;9909;22;;;9900.0;0.0
yf_ADM_d6;15600;INTARIAN_PEPPER_ROOT;12087;12;12084;24;;;12093;9;12097;17;;;12090.0;0.0
yf_ADM_d6;15700;ASH_COATED_OSMIUM;9895;16;9891;23;;;9906;7;9909;15;;;9900.5;0.0
yf_ADM_d6;15700;INTARIAN_PEPPER_ROOT;12087;12;12083;30;;;12093;5;12097;22;;;12090.0;0.0
yf_ADM_d6;15800;ASH_COATED_OSMIUM;9897;16;9893;22;;;9903;18;9906;33;;;9900.0;0.0
yf_ADM_d6;15800;INTARIAN_PEPPER_ROOT;12077;9;12073;18;;;12103;18;12107;26;;;12090.0;0.0
yf_ADM_d6;15900;ASH_COATED_OSMIUM;9897;11;9895;19;;;9903;13;9906;24;;;9900.0;0.0
yf_ADM_d6;15900;INTARIAN_PEPPER_ROOT;12086;24;12083;18;;;12092;10;12096;15;;;12089.0;0.0
yf_ADM_d6;16000;ASH_COATED_OSMIUM;9897;17;9895;21;;;9903;18;9907;16;;;9900.0;0.0
yf_ADM_d6;16000;INTARIAN_PEPPER_ROOT;12085;11;12081;9;;;12091;11;12095;16;;;12088.0;0.0
yf_ADM_d6;16100;ASH_COATED_OSMIUM;9894;10;9890;17;;;9907;11;9910;17;;;9900.5;0.0
yf_ADM_d6;16100;INTARIAN_PEPPER_ROOT;12085;12;12082;19;;;12091;8;12094;19;;;12088.0;0.0
yf_ADM_d6;16200;ASH_COATED_OSMIUM;9896;8;9892;17;;;9902;13;9904;22;;;9899.0;0.0
yf_ADM_d6;16200;INTARIAN_PEPPER_ROOT;12085;17;12082;17;;;12091;18;12095;11;;;12088.0;0.0
yf_ADM_d6;16300;ASH_COATED_OSMIUM;9897;13;9895;20;;;9903;6;9905;17;;;9900.0;0.0
yf_ADM_d6;16300;INTARIAN_PEPPER_ROOT;12081;25;12077;19;;;12093;14;12097;21;;;12087.0;0.0
yf_ADM_d6;16400;ASH_COATED_OSMIUM;9897;19;9893;20;;;9903;20;9906;13;;;9900.0;0.0
yf_ADM_d6;16400;INTARIAN_PEPPER_ROOT;12084;12;12082;25;;;12090;20;12093;13;;;12087.0;0.0
yf_ADM_d6;16500;ASH_COATED_OSMIUM;9897;8;9893;22;;;9903;10;9907;11;;;9900.0;0.0
yf_ADM_d6;16500;INTARIAN_PEPPER_ROOT;12073;14;12070;20;;;12101;14;12104;14;;;12087.0;0.0
yf_ADM_d6;16600;ASH_COATED_OSMIUM;9893;24;9890;13;;;9907;19;9910;20;;;9900.0;0.0
yf_ADM_d6;16600;INTARIAN_PEPPER_ROOT;12083;17;12081;27;;;12090;11;12092;16;;;12086.5;0.0
yf_ADM_d6;16700;ASH_COATED_OSMIUM;9897;8;9895;9;;;9903;8;9906;8;;;9900.0;0.0
yf_ADM_d6;16700;INTARIAN_PEPPER_ROOT;12078;19;12075;19;;;12093;14;12096;19;;;12085.5;0.0
yf_ADM_d6;16800;ASH_COATED_OSMIUM;9896;26;9894;22;;;9902;9;9905;24;;;9899.0;0.0
yf_ADM_d6;16800;INTARIAN_PEPPER_ROOT;12082;16;12080;23;;;12088;15;12091;15;;;12085.0;0.0
yf_ADM_d6;16900;ASH_COATED_OSMIUM;9890;19;9886;21;;;9910;5;9913;22;;;9900.0;0.0
yf_ADM_d6;16900;INTARIAN_PEPPER_ROOT;12076;10;12073;19;;;12094;18;12096;23;;;12085.0;0.0
yf_ADM_d6;17000;ASH_COATED_OSMIUM;9896;15;9892;17;;;9902;15;9906;29;;;9899.0;0.0
yf_ADM_d6;17000;INTARIAN_PEPPER_ROOT;12082;6;12080;25;;;12088;13;12090;24;;;12085.0;0.0
yf_ADM_d6;17100;ASH_COATED_OSMIUM;9890;22;9888;13;;;9908;16;9911;24;;;9899.0;0.0
yf_ADM_d6;17100;INTARIAN_PEPPER_ROOT;12080;18;12078;25;;;12086;7;12089;18;;;12083.0;0.0
yf_ADM_d6;17200;ASH_COATED_OSMIUM;9896;14;9894;18;;;9902;12;9905;24;;;9899.0;0.0
yf_ADM_d6;17200;INTARIAN_PEPPER_ROOT;12079;16;12075;13;;;12085;11;12089;21;;;12082.0;0.0
yf_ADM_d6;17300;ASH_COATED_OSMIUM;9895;20;9891;21;;;9906;16;9908;21;;;9900.5;0.0
yf_ADM_d6;17300;INTARIAN_PEPPER_ROOT;12077;17;12074;12;;;12083;19;12086;18;;;12080.0;0.0
yf_ADM_d6;17400;ASH_COATED_OSMIUM;9896;13;9892;26;;;9902;13;9904;22;;;9899.0;0.0
yf_ADM_d6;17400;INTARIAN_PEPPER_ROOT;12077;20;12075;27;;;12083;9;12087;13;;;12080.0;0.0
yf_ADM_d6;17500;ASH_COATED_OSMIUM;9895;15;9891;18;;;9904;7;9907;22;;;9899.5;0.0
yf_ADM_d6;17500;INTARIAN_PEPPER_ROOT;12074;14;12071;21;;;12083;20;12087;17;;;12078.5;0.0
yf_ADM_d6;17600;ASH_COATED_OSMIUM;9897;14;9895;16;;;9903;9;9905;20;;;9900.0;0.0
yf_ADM_d6;17600;INTARIAN_PEPPER_ROOT;12075;18;12071;15;;;12081;10;12085;17;;;12078.0;0.0
yf_ADM_d6;17700;ASH_COATED_OSMIUM;9897;12;9895;15;;;9903;19;9906;12;;;9900.0;0.0
yf_ADM_d6;17700;INTARIAN_PEPPER_ROOT;12074;9;12071;20;;;12080;18;12083;22;;;12077.0;0.0
yf_ADM_d6;17800;ASH_COATED_OSMIUM;9897;13;9895;19;;;9903;13;9906;16;;;9900.0;0.0
yf_ADM_d6;17800;INTARIAN_PEPPER_ROOT;12073;18;12071;21;;;12079;15;12081;21;;;12076.0;0.0
yf_ADM_d6;17900;ASH_COATED_OSMIUM;9897;19;9895;33;;;9903;12;9905;17;;;9900.0;0.0
yf_ADM_d6;17900;INTARIAN_PEPPER_ROOT;12071;15;12068;17;;;12077;11;12079;12;;;12074.0;0.0
yf_ADM_d6;18000;ASH_COATED_OSMIUM;9897;21;9893;18;;;9903;20;9907;18;;;9900.0;0.0
yf_ADM_d6;18000;INTARIAN_PEPPER_ROOT;12069;17;12065;21;;;12078;6;12081;24;;;12073.5;0.0
yf_ADM_d6;18100;ASH_COATED_OSMIUM;9896;18;9892;18;;;9902;12;9906;13;;;9899.0;0.0
yf_ADM_d6;18100;INTARIAN_PEPPER_ROOT;12069;8;12067;16;;;12075;10;12077;31;;;12072.0;0.0
yf_ADM_d6;18200;ASH_COATED_OSMIUM;9897;17;9895;19;;;9903;23;9906;25;;;9900.0;0.0
yf_ADM_d6;18200;INTARIAN_PEPPER_ROOT;12066;19;12062;22;;;12077;14;12079;20;;;12071.5;0.0
yf_ADM_d6;18300;ASH_COATED_OSMIUM;9892;13;9890;21;;;9907;19;9910;20;;;9899.5;0.0
yf_ADM_d6;18300;INTARIAN_PEPPER_ROOT;12064;18;12061;17;;;12076;23;12079;25;;;12070.0;0.0
yf_ADM_d6;18400;ASH_COATED_OSMIUM;9896;16;9893;27;;;9903;22;9905;20;;;9899.5;0.0
yf_ADM_d6;18400;INTARIAN_PEPPER_ROOT;12066;9;12064;12;;;12072;18;12075;25;;;12069.0;0.0
yf_ADM_d6;18500;ASH_COATED_OSMIUM;9895;18;9892;19;;;9905;10;9909;17;;;9900.0;0.0
yf_ADM_d6;18500;INTARIAN_PEPPER_ROOT;12065;17;12063;22;;;12071;5;12073;27;;;12068.0;0.0
yf_ADM_d6;18600;ASH_COATED_OSMIUM;9897;16;9895;20;;;9903;8;9906;17;;;9900.0;0.0
yf_ADM_d6;18600;INTARIAN_PEPPER_ROOT;12064;16;12060;26;;;12070;7;12074;15;;;12067.0;0.0
yf_ADM_d6;18700;ASH_COATED_OSMIUM;9894;14;9890;20;;;9907;15;9910;18;;;9900.5;0.0
yf_ADM_d6;18700;INTARIAN_PEPPER_ROOT;12063;20;12060;16;;;12069;20;12073;9;;;12066.0;0.0
yf_ADM_d6;18800;ASH_COATED_OSMIUM;9897;15;9894;11;;;9903;12;9907;21;;;9900.0;0.0
yf_ADM_d6;18800;INTARIAN_PEPPER_ROOT;12061;8;12059;14;;;12070;14;12072;21;;;12065.5;0.0
yf_ADM_d6;18900;ASH_COATED_OSMIUM;9887;17;9883;11;;;9914;18;9918;9;;;9900.5;0.0
yf_ADM_d6;18900;INTARIAN_PEPPER_ROOT;12061;27;12059;9;;;12067;17;12070;11;;;12064.0;0.0
yf_ADM_d6;19000;ASH_COATED_OSMIUM;9892;16;9888;21;;;9906;11;9908;19;;;9899.0;0.0
yf_ADM_d6;19000;INTARIAN_PEPPER_ROOT;12058;17;12056;20;;;12067;16;12070;19;;;12062.5;0.0
yf_ADM_d6;19100;ASH_COATED_OSMIUM;9897;19;9894;19;;;9903;21;9905;14;;;9900.0;0.0
yf_ADM_d6;19100;INTARIAN_PEPPER_ROOT;12058;18;12056;18;;;12064;19;12066;21;;;12061.0;0.0
yf_ADM_d6;19200;ASH_COATED_OSMIUM;9898;10;9894;22;;;9904;6;9906;29;;;9901.0;0.0
yf_ADM_d6;19200;INTARIAN_PEPPER_ROOT;12056;7;12054;11;;;12066;25;12069;21;;;12061.0;0.0
yf_ADM_d6;19300;ASH_COATED_OSMIUM;9897;18;9894;21;;;9903;7;9906;18;;;9900.0;0.0
yf_ADM_d6;19300;INTARIAN_PEPPER_ROOT;12056;12;12053;23;;;12062;11;12066;23;;;12059.0;0.0
yf_ADM_d6;19400;ASH_COATED_OSMIUM;9889;21;9887;23;;;9912;15;9914;8;;;9900.5;0.0
yf_ADM_d6;19400;INTARIAN_PEPPER_ROOT;12055;13;12052;18;;;12061;10;12065;18;;;12058.0;0.0
yf_ADM_d6;19500;ASH_COATED_OSMIUM;9897;7;9894;14;;;9903;13;9906;24;;;9900.0;0.0
yf_ADM_d6;19500;INTARIAN_PEPPER_ROOT;12052;9;12049;18;;;12063;17;12067;11;;;12057.5;0.0
yf_ADM_d6;19600;ASH_COATED_OSMIUM;9894;19;9891;19;;;9908;11;9910;16;;;9901.0;0.0
yf_ADM_d6;19600;INTARIAN_PEPPER_ROOT;12052;15;12049;12;;;12059;21;12061;15;;;12055.5;0.0
yf_ADM_d6;19700;ASH_COATED_OSMIUM;9898;12;9895;19;;;9904;10;9906;19;;;9901.0;0.0
yf_ADM_d6;19700;INTARIAN_PEPPER_ROOT;12052;20;12050;14;;;12059;14;12062;22;;;12055.5;0.0
yf_ADM_d6;19800;ASH_COATED_OSMIUM;9897;11;9894;34;;;9903;13;9907;24;;;9900.0;0.0
yf_ADM_d6;19800;INTARIAN_PEPPER_ROOT;12051;19;12049;8;;;12057;19;12061;27;;;12054.0;0.0
yf_ADM_d6;19900;ASH_COATED_OSMIUM;9897;17;9893;16;;;9903;18;9907;13;;;9900.0;0.0
yf_ADM_d6;19900;INTARIAN_PEPPER_ROOT;12044;18;12042;20;;;12062;16;12065;19;;;12053.0;0.0
yf_ADM_d6;20000;ASH_COATED_OSMIUM;9897;14;9895;25;;;9903;18;9907;27;;;9900.0;0.0
yf_ADM_d6;20000;INTARIAN_PEPPER_ROOT;12049;19;12047;19;;;12055;18;12059;30;;;12052.0;0.0
yf_ADM_d6;20100;ASH_COATED_OSMIUM;9898;22;9896;18;;;9904;6;9908;21;;;9901.0;0.0
yf_ADM_d6;20100;INTARIAN_PEPPER_ROOT;12044;13;12040;24;;;12059;16;12061;18;;;12051.5;0.0
yf_ADM_d6;20200;ASH_COATED_OSMIUM;9896;13;9893;24;;;9905;21;9907;23;;;9900.5;0.0
yf_ADM_d6;20200;INTARIAN_PEPPER_ROOT;12047;8;12045;19;;;12053;11;12056;24;;;12050.0;0.0
yf_ADM_d6;20300;ASH_COATED_OSMIUM;9898;19;9895;21;;;9904;14;9907;24;;;9901.0;0.0
yf_ADM_d6;20300;INTARIAN_PEPPER_ROOT;12045;22;12043;25;;;12051;6;12054;13;;;12048.0;0.0
yf_ADM_d6;20400;ASH_COATED_OSMIUM;9898;7;9895;26;;;9904;11;9907;20;;;9901.0;0.0
yf_ADM_d6;20400;INTARIAN_PEPPER_ROOT;12044;11;12042;17;;;12052;16;12054;16;;;12048.0;0.0
yf_ADM_d6;20500;ASH_COATED_OSMIUM;9897;11;9893;19;;;9904;9;9908;12;;;9900.5;0.0
yf_ADM_d6;20500;INTARIAN_PEPPER_ROOT;12044;14;12040;13;;;12050;7;12052;14;;;12047.0;0.0
yf_ADM_d6;20600;ASH_COATED_OSMIUM;9897;12;9893;20;;;9903;10;9907;14;;;9900.0;0.0
yf_ADM_d6;20600;INTARIAN_PEPPER_ROOT;12042;23;12040;20;;;12048;17;12052;18;;;12045.0;0.0
yf_ADM_d6;20700;ASH_COATED_OSMIUM;9894;15;9890;23;;;9907;8;9910;14;;;9900.5;0.0
yf_ADM_d6;20700;INTARIAN_PEPPER_ROOT;12041;9;12037;23;;;12047;9;12049;22;;;12044.0;0.0
yf_ADM_d6;20800;ASH_COATED_OSMIUM;9898;5;9894;26;;;9904;24;9906;21;;;9901.0;0.0
yf_ADM_d6;20800;INTARIAN_PEPPER_ROOT;12041;18;12038;17;;;12047;12;12051;22;;;12044.0;0.0
yf_ADM_d6;20900;ASH_COATED_OSMIUM;9898;16;9894;15;;;9904;8;9908;20;;;9901.0;0.0
yf_ADM_d6;20900;INTARIAN_PEPPER_ROOT;12039;23;12035;9;;;12045;12;12047;17;;;12042.0;0.0
yf_ADM_d6;21000;ASH_COATED_OSMIUM;9898;15;9895;11;;;9904;16;9908;18;;;9901.0;0.0
yf_ADM_d6;21000;INTARIAN_PEPPER_ROOT;12038;14;12034;24;;;12046;20;12050;27;;;12042.0;0.0
yf_ADM_d6;21100;ASH_COATED_OSMIUM;9897;14;9894;23;;;9903;18;9907;24;;;9900.0;0.0
yf_ADM_d6;21100;INTARIAN_PEPPER_ROOT;12033;19;12029;14;;;12047;12;12050;29;;;12040.0;0.0
yf_ADM_d6;21200;ASH_COATED_OSMIUM;9898;12;9895;25;;;9904;14;9906;14;;;9901.0;0.0
yf_ADM_d6;21200;INTARIAN_PEPPER_ROOT;12037;13;12034;21;;;12043;14;12046;11;;;12040.0;0.0
yf_ADM_d6;21300;ASH_COATED_OSMIUM;9898;16;9896;16;;;9904;14;9907;14;;;9901.0;0.0
yf_ADM_d6;21300;INTARIAN_PEPPER_ROOT;12033;23;12029;27;;;12043;12;12046;24;;;12038.0;0.0
yf_ADM_d6;21400;ASH_COATED_OSMIUM;9898;16;9894;13;;;9904;6;9906;22;;;9901.0;0.0
yf_ADM_d6;21400;INTARIAN_PEPPER_ROOT;12035;7;12033;21;;;12041;15;12043;19;;;12038.0;0.0
yf_ADM_d6;21500;ASH_COATED_OSMIUM;9890;22;9887;18;;;9911;15;9914;13;;;9900.5;0.0
yf_ADM_d6;21500;INTARIAN_PEPPER_ROOT;12033;16;12029;19;;;12039;10;12041;19;;;12036.0;0.0
yf_ADM_d6;21600;ASH_COATED_OSMIUM;9897;24;9893;15;;;9905;17;9908;22;;;9901.0;0.0
yf_ADM_d6;21600;INTARIAN_PEPPER_ROOT;12026;11;12024;21;;;12044;13;12047;19;;;12035.0;0.0
yf_ADM_d6;21700;ASH_COATED_OSMIUM;9898;12;9895;12;;;9904;7;9907;27;;;9901.0;0.0
yf_ADM_d6;21700;INTARIAN_PEPPER_ROOT;12023;15;12021;18;;;12045;23;12047;24;;;12034.0;0.0
yf_ADM_d6;21800;ASH_COATED_OSMIUM;9897;24;9894;33;;;9904;9;9908;20;;;9900.5;0.0
yf_ADM_d6;21800;INTARIAN_PEPPER_ROOT;12027;15;12023;13;;;12038;18;12041;17;;;12032.5;0.0
yf_ADM_d6;21900;ASH_COATED_OSMIUM;9898;5;9894;23;;;9904;26;9908;25;;;9901.0;0.0
yf_ADM_d6;21900;INTARIAN_PEPPER_ROOT;12029;12;12025;20;;;12036;9;12040;16;;;12032.5;0.0
yf_ADM_d6;22000;ASH_COATED_OSMIUM;9898;20;9894;19;;;9904;16;9908;23;;;9901.0;0.0
yf_ADM_d6;22000;INTARIAN_PEPPER_ROOT;12027;16;12024;17;;;12034;10;12037;21;;;12030.5;0.0
yf_ADM_d6;22100;ASH_COATED_OSMIUM;9892;19;9890;12;;;9911;12;9914;22;;;9901.5;0.0
yf_ADM_d6;22100;INTARIAN_PEPPER_ROOT;12024;11;12020;20;;;12035;27;12039;15;;;12029.5;0.0
yf_ADM_d6;22200;ASH_COATED_OSMIUM;9898;7;9894;23;;;9904;30;9908;23;;;9901.0;0.0
yf_ADM_d6;22200;INTARIAN_PEPPER_ROOT;12023;12;12020;17;;;12032;12;12036;22;;;12027.5;0.0
yf_ADM_d6;22300;ASH_COATED_OSMIUM;9898;5;9895;13;;;9904;12;9907;20;;;9901.0;0.0
yf_ADM_d6;22300;INTARIAN_PEPPER_ROOT;12025;5;12021;22;;;12031;13;12035;26;;;12028.0;0.0
yf_ADM_d6;22400;ASH_COATED_OSMIUM;9898;16;9894;17;;;9904;13;9908;19;;;9901.0;0.0
yf_ADM_d6;22400;INTARIAN_PEPPER_ROOT;12004;17;12000;24;;;12049;9;12053;18;;;12026.5;0.0
yf_ADM_d6;22500;ASH_COATED_OSMIUM;9898;16;9896;20;;;9904;21;9906;18;;;9901.0;0.0
yf_ADM_d6;22500;INTARIAN_PEPPER_ROOT;12021;17;12017;18;;;12029;7;12031;21;;;12025.0;0.0
yf_ADM_d6;22600;ASH_COATED_OSMIUM;9898;11;9894;22;;;9904;17;9908;21;;;9901.0;0.0
yf_ADM_d6;22600;INTARIAN_PEPPER_ROOT;12008;10;12004;17;;;12040;18;12042;22;;;12024.0;0.0
yf_ADM_d6;22700;ASH_COATED_OSMIUM;9898;13;9896;20;;;9905;15;9909;12;;;9901.5;0.0
yf_ADM_d6;22700;INTARIAN_PEPPER_ROOT;12001;9;11999;21;;;12046;22;12050;24;;;12023.5;0.0
yf_ADM_d6;22800;ASH_COATED_OSMIUM;9898;13;9894;25;;;9904;12;9906;17;;;9901.0;0.0
yf_ADM_d6;22800;INTARIAN_PEPPER_ROOT;12019;10;12015;14;;;12025;16;12027;21;;;12022.0;0.0
yf_ADM_d6;22900;ASH_COATED_OSMIUM;9898;18;9895;18;;;9904;15;9907;14;;;9901.0;0.0
yf_ADM_d6;22900;INTARIAN_PEPPER_ROOT;12018;23;12016;16;;;12024;10;12027;17;;;12021.0;0.0
yf_ADM_d6;23000;ASH_COATED_OSMIUM;9898;14;9895;21;;;9904;14;9906;23;;;9901.0;0.0
yf_ADM_d6;23000;INTARIAN_PEPPER_ROOT;12017;12;12013;17;;;12023;13;12026;25;;;12020.0;0.0
yf_ADM_d6;23100;ASH_COATED_OSMIUM;9899;19;9896;25;;;9905;15;9909;24;;;9902.0;0.0
yf_ADM_d6;23100;INTARIAN_PEPPER_ROOT;12016;19;12013;21;;;12023;23;12027;24;;;12019.5;0.0
yf_ADM_d6;23200;ASH_COATED_OSMIUM;9896;15;9892;20;;;9907;17;9911;22;;;9901.5;0.0
yf_ADM_d6;23200;INTARIAN_PEPPER_ROOT;12015;17;12013;27;;;12021;10;12025;23;;;12018.0;0.0
yf_ADM_d6;23300;ASH_COATED_OSMIUM;9898;22;9896;22;;;9904;13;9908;16;;;9901.0;0.0
yf_ADM_d6;23300;INTARIAN_PEPPER_ROOT;12013;11;12009;24;;;12019;15;12021;19;;;12016.0;0.0
yf_ADM_d6;23400;ASH_COATED_OSMIUM;9897;15;9895;8;;;9905;12;9908;20;;;9901.0;0.0
yf_ADM_d6;23400;INTARIAN_PEPPER_ROOT;12013;17;12011;19;;;12019;19;12023;19;;;12016.0;0.0
yf_ADM_d6;23500;ASH_COATED_OSMIUM;9898;17;9895;21;;;9904;11;9908;16;;;9901.0;0.0
yf_ADM_d6;23500;INTARIAN_PEPPER_ROOT;12012;13;12009;16;;;12018;22;12020;20;;;12015.0;0.0
yf_ADM_d6;23600;ASH_COATED_OSMIUM;9899;13;9896;18;;;9905;18;9909;16;;;9902.0;0.0
yf_ADM_d6;23600;INTARIAN_PEPPER_ROOT;12011;13;12009;20;;;12017;19;12020;19;;;12014.0;0.0
yf_ADM_d6;23700;ASH_COATED_OSMIUM;9890;9;9888;15;;;9913;12;9917;18;;;9901.5;0.0
yf_ADM_d6;23700;INTARIAN_PEPPER_ROOT;12010;11;12006;18;;;12016;15;12020;19;;;12013.0;0.0
yf_ADM_d6;23800;ASH_COATED_OSMIUM;9899;14;9896;24;;;9905;16;9909;27;;;9902.0;0.0
yf_ADM_d6;23800;INTARIAN_PEPPER_ROOT;12007;19;12005;20;;;12015;8;12017;34;;;12011.0;0.0
yf_ADM_d6;23900;ASH_COATED_OSMIUM;9895;14;9891;22;;;9907;16;9911;22;;;9901.0;0.0
yf_ADM_d6;23900;INTARIAN_PEPPER_ROOT;12007;19;12005;13;;;12013;25;12016;17;;;12010.0;0.0
yf_ADM_d6;24000;ASH_COATED_OSMIUM;9899;15;9897;15;;;9905;22;9908;19;;;9902.0;0.0
yf_ADM_d6;24000;INTARIAN_PEPPER_ROOT;12006;13;12002;25;;;12012;20;12015;19;;;12009.0;0.0
yf_ADM_d6;24100;ASH_COATED_OSMIUM;9898;25;9894;21;;;9905;13;9909;21;;;9901.5;0.0
yf_ADM_d6;24100;INTARIAN_PEPPER_ROOT;12004;18;12001;26;;;12012;7;12015;14;;;12008.0;0.0
yf_ADM_d6;24200;ASH_COATED_OSMIUM;9897;7;9893;16;;;9906;20;9910;17;;;9901.5;0.0
yf_ADM_d6;24200;INTARIAN_PEPPER_ROOT;12003;22;12000;18;;;12010;14;12014;23;;;12006.5;0.0
yf_ADM_d6;24300;ASH_COATED_OSMIUM;9899;12;9895;27;;;9905;5;9909;15;;;9902.0;0.0
yf_ADM_d6;24300;INTARIAN_PEPPER_ROOT;11998;10;11995;14;;;12015;12;12017;24;;;12006.5;0.0
yf_ADM_d6;24400;ASH_COATED_OSMIUM;9898;26;9895;23;;;9904;13;9907;19;;;9901.0;0.0
yf_ADM_d6;24400;INTARIAN_PEPPER_ROOT;12002;17;12000;20;;;12008;23;12010;17;;;12005.0;0.0
yf_ADM_d6;24500;ASH_COATED_OSMIUM;9898;15;9894;15;;;9904;17;9907;16;;;9901.0;0.0
yf_ADM_d6;24500;INTARIAN_PEPPER_ROOT;11999;12;11995;23;;;12009;15;12013;23;;;12004.0;0.0
yf_ADM_d6;24600;ASH_COATED_OSMIUM;9899;12;9897;19;;;9905;17;9907;29;;;9902.0;0.0
yf_ADM_d6;24600;INTARIAN_PEPPER_ROOT;11989;14;11987;16;;;12018;14;12022;24;;;12003.5;0.0
yf_ADM_d6;24700;ASH_COATED_OSMIUM;9893;15;9890;19;;;9911;21;9914;12;;;9902.0;0.0
yf_ADM_d6;24700;INTARIAN_PEPPER_ROOT;11997;15;11994;18;;;12006;10;12009;21;;;12001.5;0.0
yf_ADM_d6;24800;ASH_COATED_OSMIUM;9897;19;9894;30;;;9905;5;9908;21;;;9901.0;0.0
yf_ADM_d6;24800;INTARIAN_PEPPER_ROOT;11996;12;11994;20;;;12006;13;12008;18;;;12001.0;0.0
yf_ADM_d6;24900;ASH_COATED_OSMIUM;9894;12;9891;19;;;9908;10;9910;32;;;9901.0;0.0
yf_ADM_d6;24900;INTARIAN_PEPPER_ROOT;11991;13;11989;16;;;12009;10;12011;23;;;12000.0;0.0
yf_ADM_d6;25000;ASH_COATED_OSMIUM;9893;17;9890;11;;;9910;13;9913;15;;;9901.5;0.0
yf_ADM_d6;25000;INTARIAN_PEPPER_ROOT;11996;12;11992;22;;;12002;17;12005;25;;;11999.0;0.0
yf_ADM_d6;25100;ASH_COATED_OSMIUM;9898;13;9894;17;;;9905;14;9907;15;;;9901.5;0.0
yf_ADM_d6;25100;INTARIAN_PEPPER_ROOT;11995;8;11991;18;;;12001;17;12003;16;;;11998.0;0.0
yf_ADM_d6;25200;ASH_COATED_OSMIUM;9891;18;9889;19;;;9913;12;9917;14;;;9902.0;0.0
yf_ADM_d6;25200;INTARIAN_PEPPER_ROOT;11993;17;11990;14;;;11999;16;12003;17;;;11996.0;0.0
yf_ADM_d6;25300;ASH_COATED_OSMIUM;9897;19;9895;20;;;9908;11;9911;24;;;9902.5;0.0
yf_ADM_d6;25300;INTARIAN_PEPPER_ROOT;11992;16;11990;14;;;11998;14;12002;26;;;11995.0;0.0
yf_ADM_d6;25400;ASH_COATED_OSMIUM;9896;6;9893;15;;;9908;12;9912;19;;;9902.0;0.0
yf_ADM_d6;25400;INTARIAN_PEPPER_ROOT;11990;11;11986;22;;;11998;11;12001;13;;;11994.0;0.0
yf_ADM_d6;25500;ASH_COATED_OSMIUM;9890;14;9886;14;;;9913;6;9916;19;;;9901.5;0.0
yf_ADM_d6;25500;INTARIAN_PEPPER_ROOT;11991;14;11989;24;;;11997;23;12001;13;;;11994.0;0.0
yf_ADM_d6;25600;ASH_COATED_OSMIUM;9894;7;9891;18;;;9909;19;9913;12;;;9901.5;0.0
yf_ADM_d6;25600;INTARIAN_PEPPER_ROOT;11989;19;11987;17;;;11995;15;11997;20;;;11992.0;0.0
yf_ADM_d6;25700;ASH_COATED_OSMIUM;9890;7;9886;19;;;9914;17;9916;14;;;9902.0;0.0
yf_ADM_d6;25700;INTARIAN_PEPPER_ROOT;11988;15;11984;19;;;11994;5;11997;21;;;11991.0;0.0
yf_ADM_d6;25800;ASH_COATED_OSMIUM;9900;19;9898;22;;;9906;14;9909;16;;;9903.0;0.0
yf_ADM_d6;25800;INTARIAN_PEPPER_ROOT;11987;16;11983;16;;;11993;15;11996;20;;;11990.0;0.0
yf_ADM_d6;25900;ASH_COATED_OSMIUM;9896;9;9893;19;;;9906;5;9908;20;;;9901.0;0.0
yf_ADM_d6;25900;INTARIAN_PEPPER_ROOT;11986;15;11983;16;;;11992;9;11994;20;;;11989.0;0.0
yf_ADM_d6;26000;ASH_COATED_OSMIUM;9895;13;9892;35;;;9909;8;9912;20;;;9902.0;0.0
yf_ADM_d6;26000;INTARIAN_PEPPER_ROOT;11985;9;11982;25;;;11991;21;11994;15;;;11988.0;0.0
yf_ADM_d6;26100;ASH_COATED_OSMIUM;9899;15;9895;14;;;9905;22;9907;20;;;9902.0;0.0
yf_ADM_d6;26100;INTARIAN_PEPPER_ROOT;11971;26;11969;24;;;12001;12;12004;14;;;11986.0;0.0
yf_ADM_d6;26200;ASH_COATED_OSMIUM;9895;25;9892;13;;;9908;16;9910;16;;;9901.5;0.0
yf_ADM_d6;26200;INTARIAN_PEPPER_ROOT;11983;13;11979;26;;;11989;21;11992;9;;;11986.0;0.0
yf_ADM_d6;26300;ASH_COATED_OSMIUM;9899;27;9896;25;;;9905;27;9907;14;;;9902.0;0.0
yf_ADM_d6;26300;INTARIAN_PEPPER_ROOT;11981;13;11979;21;;;11987;11;11989;18;;;11984.0;0.0
yf_ADM_d6;26400;ASH_COATED_OSMIUM;9896;16;9893;29;;;9908;12;9910;12;;;9902.0;0.0
yf_ADM_d6;26400;INTARIAN_PEPPER_ROOT;11980;9;11976;30;;;11986;10;11990;15;;;11983.0;0.0
yf_ADM_d6;26500;ASH_COATED_OSMIUM;9899;24;9897;21;;;9905;20;9909;20;;;9902.0;0.0
yf_ADM_d6;26500;INTARIAN_PEPPER_ROOT;11979;17;11975;23;;;11985;12;11989;19;;;11982.0;0.0
yf_ADM_d6;26600;ASH_COATED_OSMIUM;9899;11;9897;17;;;9905;21;9907;14;;;9902.0;0.0
yf_ADM_d6;26600;INTARIAN_PEPPER_ROOT;11979;23;11975;18;;;11985;13;11989;16;;;11982.0;0.0
yf_ADM_d6;26700;ASH_COATED_OSMIUM;9899;9;9897;23;;;9905;18;9907;25;;;9902.0;0.0
yf_ADM_d6;26700;INTARIAN_PEPPER_ROOT;11977;7;11973;17;;;11983;15;11987;17;;;11980.0;0.0
yf_ADM_d6;26800;ASH_COATED_OSMIUM;9897;15;9895;18;;;9908;14;9912;23;;;9902.5;0.0
yf_ADM_d6;26800;INTARIAN_PEPPER_ROOT;11976;9;11972;18;;;11982;6;11984;17;;;11979.0;0.0
yf_ADM_d6;26900;ASH_COATED_OSMIUM;9899;19;9896;29;;;9905;15;9908;23;;;9902.0;0.0
yf_ADM_d6;26900;INTARIAN_PEPPER_ROOT;11975;15;11973;23;;;11981;10;11985;8;;;11978.0;0.0
yf_ADM_d6;27000;ASH_COATED_OSMIUM;9900;15;9897;24;;;9906;6;9909;21;;;9903.0;0.0
yf_ADM_d6;27000;INTARIAN_PEPPER_ROOT;11971;21;11967;22;;;11982;13;11984;17;;;11976.5;0.0
yf_ADM_d6;27100;ASH_COATED_OSMIUM;9900;9;9897;28;;;9906;10;9909;22;;;9903.0;0.0
yf_ADM_d6;27100;INTARIAN_PEPPER_ROOT;11970;14;11967;20;;;11982;21;11986;15;;;11976.0;0.0
yf_ADM_d6;27200;ASH_COATED_OSMIUM;9899;14;9897;29;;;9905;5;9908;11;;;9902.0;0.0
yf_ADM_d6;27200;INTARIAN_PEPPER_ROOT;11972;14;11969;22;;;11978;9;11981;25;;;11975.0;0.0
yf_ADM_d6;27300;ASH_COATED_OSMIUM;9899;16;9896;23;;;9905;13;9907;16;;;9902.0;0.0
yf_ADM_d6;27300;INTARIAN_PEPPER_ROOT;11971;14;11969;14;;;11977;9;11980;17;;;11974.0;0.0
yf_ADM_d6;27400;ASH_COATED_OSMIUM;9899;19;9895;18;;;9905;16;9909;15;;;9902.0;0.0
yf_ADM_d6;27400;INTARIAN_PEPPER_ROOT;11967;15;11965;11;;;11979;6;11983;19;;;11973.0;0.0
yf_ADM_d6;27500;ASH_COATED_OSMIUM;9894;16;9890;18;;;9911;13;9913;20;;;9902.5;0.0
yf_ADM_d6;27500;INTARIAN_PEPPER_ROOT;11963;14;11961;20;;;11981;13;11983;20;;;11972.0;0.0
yf_ADM_d6;27600;ASH_COATED_OSMIUM;9899;18;9896;25;;;9905;10;9909;24;;;9902.0;0.0
yf_ADM_d6;27600;INTARIAN_PEPPER_ROOT;11964;12;11960;27;;;11979;18;11983;24;;;11971.5;0.0
yf_ADM_d6;27700;ASH_COATED_OSMIUM;9899;26;9896;14;;;9905;13;9909;20;;;9902.0;0.0
yf_ADM_d6;27700;INTARIAN_PEPPER_ROOT;11967;20;11964;21;;;11973;5;11975;23;;;11970.0;0.0
yf_ADM_d6;27800;ASH_COATED_OSMIUM;9900;16;9896;25;;;9906;13;9910;19;;;9903.0;0.0
yf_ADM_d6;27800;INTARIAN_PEPPER_ROOT;11965;18;11963;19;;;11973;15;11975;23;;;11969.0;0.0
yf_ADM_d6;27900;ASH_COATED_OSMIUM;9899;24;9897;22;;;9906;5;9908;15;;;9902.5;0.0
yf_ADM_d6;27900;INTARIAN_PEPPER_ROOT;11960;14;11958;18;;;11974;15;11977;14;;;11967.0;0.0
yf_ADM_d6;28000;ASH_COATED_OSMIUM;9900;22;9896;24;;;9906;14;9910;17;;;9903.0;0.0
yf_ADM_d6;28000;INTARIAN_PEPPER_ROOT;11957;12;11953;15;;;11975;16;11978;14;;;11966.0;0.0
yf_ADM_d6;28100;ASH_COATED_OSMIUM;9897;16;9894;25;;;9909;14;9911;15;;;9903.0;0.0
yf_ADM_d6;28100;INTARIAN_PEPPER_ROOT;11948;13;11946;22;;;11984;13;11988;19;;;11966.0;0.0
yf_ADM_d6;28200;ASH_COATED_OSMIUM;9900;22;9896;26;;;9906;18;9908;21;;;9903.0;0.0
yf_ADM_d6;28200;INTARIAN_PEPPER_ROOT;11961;12;11958;26;;;11968;20;11971;25;;;11964.5;0.0
yf_ADM_d6;28300;ASH_COATED_OSMIUM;9900;17;9896;13;;;9906;18;9910;23;;;9903.0;0.0
yf_ADM_d6;28300;INTARIAN_PEPPER_ROOT;11960;20;11958;21;;;11966;20;11969;22;;;11963.0;0.0
yf_ADM_d6;28400;ASH_COATED_OSMIUM;9899;7;9896;23;;;9907;16;9910;26;;;9903.0;0.0
yf_ADM_d6;28400;INTARIAN_PEPPER_ROOT;11959;17;11957;26;;;11966;18;11969;19;;;11962.5;0.0
yf_ADM_d6;28500;ASH_COATED_OSMIUM;9900;12;9898;13;;;9906;19;9909;18;;;9903.0;0.0
yf_ADM_d6;28500;INTARIAN_PEPPER_ROOT;11958;17;11954;13;;;11964;16;11967;25;;;11961.0;0.0
yf_ADM_d6;28600;ASH_COATED_OSMIUM;9900;14;9898;27;;;9906;14;9909;23;;;9903.0;0.0
yf_ADM_d6;28600;INTARIAN_PEPPER_ROOT;11956;12;11952;17;;;11962;18;11964;22;;;11959.0;0.0
yf_ADM_d6;28700;ASH_COATED_OSMIUM;9896;16;9893;19;;;9910;18;9914;19;;;9903.0;0.0
yf_ADM_d6;28700;INTARIAN_PEPPER_ROOT;11956;13;11952;19;;;11962;25;11964;18;;;11959.0;0.0
yf_ADM_d6;28800;ASH_COATED_OSMIUM;9900;13;9898;21;;;9906;16;9908;31;;;9903.0;0.0
yf_ADM_d6;28800;INTARIAN_PEPPER_ROOT;11950;18;11948;21;;;11965;20;11969;12;;;11957.5;0.0
yf_ADM_d6;28900;ASH_COATED_OSMIUM;9893;12;9891;20;;;9913;15;9916;15;;;9903.0;0.0
yf_ADM_d6;28900;INTARIAN_PEPPER_ROOT;11948;10;11946;19;;;11967;7;11971;23;;;11957.5;0.0
yf_ADM_d6;29000;ASH_COATED_OSMIUM;9900;20;9897;16;;;9906;8;9908;19;;;9903.0;0.0
yf_ADM_d6;29000;INTARIAN_PEPPER_ROOT;11946;19;11944;23;;;11966;15;11968;19;;;11956.0;0.0
yf_ADM_d6;29100;ASH_COATED_OSMIUM;9900;15;9896;26;;;9906;22;9909;18;;;9903.0;0.0
yf_ADM_d6;29100;INTARIAN_PEPPER_ROOT;11951;13;11947;11;;;11957;21;11960;28;;;11954.0;0.0
yf_ADM_d6;29200;ASH_COATED_OSMIUM;9895;19;9893;17;;;9911;9;9913;26;;;9903.0;0.0
yf_ADM_d6;29200;INTARIAN_PEPPER_ROOT;11950;18;11946;17;;;11957;18;11960;15;;;11953.5;0.0
yf_ADM_d6;29300;ASH_COATED_OSMIUM;9899;13;9897;25;;;9906;7;9908;19;;;9902.5;0.0
yf_ADM_d6;29300;INTARIAN_PEPPER_ROOT;11949;12;11947;21;;;11957;13;11961;15;;;11953.0;0.0
yf_ADM_d6;29400;ASH_COATED_OSMIUM;9898;8;9896;24;;;9907;21;9910;16;;;9902.5;0.0
yf_ADM_d6;29400;INTARIAN_PEPPER_ROOT;11949;18;11946;13;;;11955;23;11958;29;;;11952.0;0.0
yf_ADM_d6;29500;ASH_COATED_OSMIUM;9899;14;9897;24;;;9905;12;9907;15;;;9902.0;0.0
yf_ADM_d6;29500;INTARIAN_PEPPER_ROOT;11947;26;11943;9;;;11953;13;11957;13;;;11950.0;0.0
yf_ADM_d6;29600;ASH_COATED_OSMIUM;9900;18;9898;22;;;9906;21;9908;19;;;9903.0;0.0
yf_ADM_d6;29600;INTARIAN_PEPPER_ROOT;11943;6;11939;16;;;11955;16;11959;11;;;11949.0;0.0
yf_ADM_d6;29700;ASH_COATED_OSMIUM;9900;15;9897;26;;;9906;23;9909;16;;;9903.0;0.0
yf_ADM_d6;29700;INTARIAN_PEPPER_ROOT;11939;15;11937;20;;;11958;10;11962;10;;;11948.5;0.0
yf_ADM_d6;29800;ASH_COATED_OSMIUM;9900;13;9897;19;;;9907;6;9909;11;;;9903.5;0.0
yf_ADM_d6;29800;INTARIAN_PEPPER_ROOT;11944;12;11941;19;;;11950;13;11953;14;;;11947.0;0.0
yf_ADM_d6;29900;ASH_COATED_OSMIUM;9899;10;9895;25;;;9907;21;9910;22;;;9903.0;0.0
yf_ADM_d6;29900;INTARIAN_PEPPER_ROOT;11941;22;11939;26;;;11952;19;11956;18;;;11946.5;0.0
yf_ADM_d6;30000;ASH_COATED_OSMIUM;9900;10;9896;21;;;9907;13;9910;31;;;9903.5;0.0
yf_ADM_d6;30000;INTARIAN_PEPPER_ROOT;11942;20;11938;23;;;11948;26;11950;21;;;11945.0;0.0
yf_ADM_d6;30100;ASH_COATED_OSMIUM;9891;21;9887;15;;;9916;13;9918;25;;;9903.5;0.0
yf_ADM_d6;30100;INTARIAN_PEPPER_ROOT;11941;10;11939;24;;;11947;9;11950;22;;;11944.0;0.0
yf_ADM_d6;30200;ASH_COATED_OSMIUM;9900;30;9898;22;;;9906;24;9909;20;;;9903.0;0.0
yf_ADM_d6;30200;INTARIAN_PEPPER_ROOT;11940;18;11938;15;;;11946;5;11949;18;;;11943.0;0.0
yf_ADM_d6;30300;ASH_COATED_OSMIUM;9900;26;9898;26;;;9906;18;9908;25;;;9903.0;0.0
yf_ADM_d6;30300;INTARIAN_PEPPER_ROOT;11939;18;11936;20;;;11945;16;11949;15;;;11942.0;0.0
yf_ADM_d6;30400;ASH_COATED_OSMIUM;9900;12;9897;21;;;9906;21;9908;31;;;9903.0;0.0
yf_ADM_d6;30400;INTARIAN_PEPPER_ROOT;11938;12;11936;21;;;11944;12;11948;25;;;11941.0;0.0
yf_ADM_d6;30500;ASH_COATED_OSMIUM;9900;14;9896;28;;;9906;13;9909;23;;;9903.0;0.0
yf_ADM_d6;30500;INTARIAN_PEPPER_ROOT;11937;13;11934;18;;;11943;12;11945;10;;;11940.0;0.0
yf_ADM_d6;30600;ASH_COATED_OSMIUM;9900;9;9897;20;;;9906;15;9910;18;;;9903.0;0.0
yf_ADM_d6;30600;INTARIAN_PEPPER_ROOT;11934;14;11932;14;;;11942;9;11946;18;;;11938.0;0.0
yf_ADM_d6;30700;ASH_COATED_OSMIUM;9901;19;9897;29;;;9907;8;9909;19;;;9904.0;0.0
yf_ADM_d6;30700;INTARIAN_PEPPER_ROOT;11935;22;11931;14;;;11941;11;11945;25;;;11938.0;0.0
yf_ADM_d6;30800;ASH_COATED_OSMIUM;9901;11;9898;27;;;9907;18;9911;19;;;9904.0;0.0
yf_ADM_d6;30800;INTARIAN_PEPPER_ROOT;11932;15;11930;9;;;11940;20;11942;22;;;11936.0;0.0
yf_ADM_d6;30900;ASH_COATED_OSMIUM;9898;15;9895;19;;;9908;23;9910;14;;;9903.0;0.0
yf_ADM_d6;30900;INTARIAN_PEPPER_ROOT;11932;14;11929;30;;;11938;15;11941;23;;;11935.0;0.0
yf_ADM_d6;31000;ASH_COATED_OSMIUM;9900;17;9898;21;;;9906;14;9908;17;;;9903.0;0.0
yf_ADM_d6;31000;INTARIAN_PEPPER_ROOT;11931;19;11928;22;;;11937;15;11940;16;;;11934.0;0.0
yf_ADM_d6;31100;ASH_COATED_OSMIUM;9901;17;9898;20;;;9907;10;9910;17;;;9904.0;0.0
yf_ADM_d6;31100;INTARIAN_PEPPER_ROOT;11931;24;11929;20;;;11937;12;11940;13;;;11934.0;0.0
yf_ADM_d6;31200;ASH_COATED_OSMIUM;9894;13;9890;25;;;9912;23;9915;27;;;9903.0;0.0
yf_ADM_d6;31200;INTARIAN_PEPPER_ROOT;11925;10;11922;20;;;11939;19;11943;21;;;11932.0;0.0
yf_ADM_d6;31300;ASH_COATED_OSMIUM;9901;11;9897;21;;;9907;27;9909;35;;;9904.0;0.0
yf_ADM_d6;31300;INTARIAN_PEPPER_ROOT;11923;17;11920;14;;;11940;12;11942;23;;;11931.5;0.0
yf_ADM_d6;31400;ASH_COATED_OSMIUM;9887;13;9883;24;;;9919;9;9922;16;;;9903.0;0.0
yf_ADM_d6;31400;INTARIAN_PEPPER_ROOT;11927;17;11924;18;;;11933;14;11936;21;;;11930.0;0.0
yf_ADM_d6;31500;ASH_COATED_OSMIUM;9901;5;9898;23;;;9907;13;9911;20;;;9904.0;0.0
yf_ADM_d6;31500;INTARIAN_PEPPER_ROOT;11926;19;11923;35;;;11932;25;11934;16;;;11929.0;0.0
yf_ADM_d6;31600;ASH_COATED_OSMIUM;9900;18;9896;24;;;9906;11;9908;15;;;9903.0;0.0
yf_ADM_d6;31600;INTARIAN_PEPPER_ROOT;11925;25;11921;16;;;11931;22;11934;17;;;11928.0;0.0
yf_ADM_d6;31700;ASH_COATED_OSMIUM;9900;17;9898;24;;;9906;18;9910;11;;;9903.0;0.0
yf_ADM_d6;31700;INTARIAN_PEPPER_ROOT;11924;14;11920;22;;;11930;14;11933;21;;;11927.0;0.0
yf_ADM_d6;31800;ASH_COATED_OSMIUM;9901;9;9897;15;;;9907;14;9910;9;;;9904.0;0.0
yf_ADM_d6;31800;INTARIAN_PEPPER_ROOT;11923;12;11919;21;;;11929;16;11933;15;;;11926.0;0.0
yf_ADM_d6;31900;ASH_COATED_OSMIUM;9901;17;9899;23;;;9907;11;9911;22;;;9904.0;0.0
yf_ADM_d6;31900;INTARIAN_PEPPER_ROOT;11922;5;11918;12;;;11928;18;11930;18;;;11925.0;0.0
yf_ADM_d6;32000;ASH_COATED_OSMIUM;9895;17;9892;22;;;9912;11;9915;20;;;9903.5;0.0
yf_ADM_d6;32000;INTARIAN_PEPPER_ROOT;11921;10;11918;18;;;11927;18;11930;22;;;11924.0;0.0
yf_ADM_d6;32100;ASH_COATED_OSMIUM;9901;11;9897;22;;;9907;17;9910;8;;;9904.0;0.0
yf_ADM_d6;32100;INTARIAN_PEPPER_ROOT;11920;25;11918;19;;;11926;19;11929;12;;;11923.0;0.0
yf_ADM_d6;32200;ASH_COATED_OSMIUM;9901;17;9897;17;;;9907;9;9910;14;;;9904.0;0.0
yf_ADM_d6;32200;INTARIAN_PEPPER_ROOT;11919;15;11915;22;;;11925;12;11928;15;;;11922.0;0.0
yf_ADM_d6;32300;ASH_COATED_OSMIUM;9901;15;9899;15;;;9907;15;9909;20;;;9904.0;0.0
yf_ADM_d6;32300;INTARIAN_PEPPER_ROOT;11917;12;11913;26;;;11923;7;11926;23;;;11920.0;0.0
yf_ADM_d6;32400;ASH_COATED_OSMIUM;9893;15;9890;22;;;9916;14;9920;20;;;9904.5;0.0
yf_ADM_d6;32400;INTARIAN_PEPPER_ROOT;11917;20;11914;19;;;11923;15;11925;19;;;11920.0;0.0
yf_ADM_d6;32500;ASH_COATED_OSMIUM;9897;17;9894;26;;;9911;10;9913;24;;;9904.0;0.0
yf_ADM_d6;32500;INTARIAN_PEPPER_ROOT;11905;9;11903;19;;;11931;15;11935;16;;;11918.0;0.0
yf_ADM_d6;32600;ASH_COATED_OSMIUM;9901;9;9899;24;;;9907;12;9910;22;;;9904.0;0.0
yf_ADM_d6;32600;INTARIAN_PEPPER_ROOT;11911;18;11908;19;;;11925;16;11929;14;;;11918.0;0.0
yf_ADM_d6;32700;ASH_COATED_OSMIUM;9888;13;9886;13;;;9918;14;9920;20;;;9903.0;0.0
yf_ADM_d6;32700;INTARIAN_PEPPER_ROOT;11908;13;11905;15;;;11924;19;11928;22;;;11916.0;0.0
yf_ADM_d6;32800;ASH_COATED_OSMIUM;9898;9;9896;20;;;9909;20;9911;17;;;9903.5;0.0
yf_ADM_d6;32800;INTARIAN_PEPPER_ROOT;11912;12;11909;25;;;11918;11;11920;13;;;11915.0;0.0
yf_ADM_d6;32900;ASH_COATED_OSMIUM;9885;21;9883;18;;;9921;22;9923;18;;;9903.0;0.0
yf_ADM_d6;32900;INTARIAN_PEPPER_ROOT;11911;16;11907;16;;;11917;27;11921;18;;;11914.0;0.0
yf_ADM_d6;33000;ASH_COATED_OSMIUM;9901;18;9898;19;;;9907;24;9910;30;;;9904.0;0.0
yf_ADM_d6;33000;INTARIAN_PEPPER_ROOT;11904;10;11900;17;;;11921;9;11925;23;;;11912.5;0.0
yf_ADM_d6;33100;ASH_COATED_OSMIUM;9901;14;9899;14;;;9907;17;9909;23;;;9904.0;0.0
yf_ADM_d6;33100;INTARIAN_PEPPER_ROOT;11909;18;11907;19;;;11915;15;11919;14;;;11912.0;0.0
yf_ADM_d6;33200;ASH_COATED_OSMIUM;9895;11;9893;23;;;9913;13;9916;16;;;9904.0;0.0
yf_ADM_d6;33200;INTARIAN_PEPPER_ROOT;11907;16;11905;8;;;11913;9;11915;17;;;11910.0;0.0
yf_ADM_d6;33300;ASH_COATED_OSMIUM;9901;10;9897;20;;;9907;28;9909;20;;;9904.0;0.0
yf_ADM_d6;33300;INTARIAN_PEPPER_ROOT;11906;13;11904;21;;;11914;18;11918;18;;;11910.0;0.0
yf_ADM_d6;33400;ASH_COATED_OSMIUM;9901;15;9899;19;;;9907;16;9911;24;;;9904.0;0.0
yf_ADM_d6;33400;INTARIAN_PEPPER_ROOT;11898;12;11896;26;;;11920;6;11922;21;;;11909.0;0.0
yf_ADM_d6;33500;ASH_COATED_OSMIUM;9901;9;9898;10;;;9907;19;9910;22;;;9904.0;0.0
yf_ADM_d6;33500;INTARIAN_PEPPER_ROOT;11905;16;11902;10;;;11911;14;11913;24;;;11908.0;0.0
yf_ADM_d6;33600;ASH_COATED_OSMIUM;9900;20;9898;12;;;9906;13;9909;18;;;9903.0;0.0
yf_ADM_d6;33600;INTARIAN_PEPPER_ROOT;11903;14;11901;20;;;11911;14;11915;29;;;11907.0;0.0
yf_ADM_d6;33700;ASH_COATED_OSMIUM;9902;10;9898;21;;;9908;7;9910;24;;;9905.0;0.0
yf_ADM_d6;33700;INTARIAN_PEPPER_ROOT;11902;13;11899;8;;;11908;11;11911;20;;;11905.0;0.0
yf_ADM_d6;33800;ASH_COATED_OSMIUM;9902;17;9898;22;;;9908;9;9910;20;;;9905.0;0.0
yf_ADM_d6;33800;INTARIAN_PEPPER_ROOT;11900;7;11896;22;;;11909;13;11913;14;;;11904.5;0.0
yf_ADM_d6;33900;ASH_COATED_OSMIUM;9899;13;9897;18;;;9909;16;9913;8;;;9904.0;0.0
yf_ADM_d6;33900;INTARIAN_PEPPER_ROOT;11900;19;11898;32;;;11906;14;11910;25;;;11903.0;0.0
yf_ADM_d6;34000;ASH_COATED_OSMIUM;9901;13;9899;23;;;9907;16;9911;15;;;9904.0;0.0
yf_ADM_d6;34000;INTARIAN_PEPPER_ROOT;11897;15;11893;17;;;11910;18;11913;13;;;11903.5;0.0
yf_ADM_d6;34100;ASH_COATED_OSMIUM;9901;20;9899;15;;;9908;12;9912;11;;;9904.5;0.0
yf_ADM_d6;34100;INTARIAN_PEPPER_ROOT;11899;17;11897;19;;;11905;25;11908;23;;;11902.0;0.0
yf_ADM_d6;34200;ASH_COATED_OSMIUM;9897;12;9894;24;;;9912;17;9915;19;;;9904.5;0.0
yf_ADM_d6;34200;INTARIAN_PEPPER_ROOT;11899;5;11897;15;;;11905;8;11907;22;;;11902.0;0.0
yf_ADM_d6;34300;ASH_COATED_OSMIUM;9901;13;9898;26;;;9908;16;9911;24;;;9904.5;0.0
yf_ADM_d6;34300;INTARIAN_PEPPER_ROOT;11898;15;11895;30;;;11904;14;11907;17;;;11901.0;0.0
yf_ADM_d6;34400;ASH_COATED_OSMIUM;9902;13;9900;12;;;9908;19;9912;13;;;9905.0;0.0
yf_ADM_d6;34400;INTARIAN_PEPPER_ROOT;11896;13;11894;25;;;11905;8;11907;17;;;11900.5;0.0
yf_ADM_d6;34500;ASH_COATED_OSMIUM;9902;13;9900;21;;;9908;14;9912;21;;;9905.0;0.0
yf_ADM_d6;34500;INTARIAN_PEPPER_ROOT;11891;8;11887;21;;;11909;7;11912;22;;;11900.0;0.0
yf_ADM_d6;34600;ASH_COATED_OSMIUM;9893;21;9891;28;;;9915;18;9917;24;;;9904.0;0.0
yf_ADM_d6;34600;INTARIAN_PEPPER_ROOT;11897;17;11893;10;;;11903;13;11905;20;;;11900.0;0.0
yf_ADM_d6;34700;ASH_COATED_OSMIUM;9891;21;9889;19;;;9918;14;9921;16;;;9904.5;0.0
yf_ADM_d6;34700;INTARIAN_PEPPER_ROOT;11896;7;11894;19;;;11902;17;11905;21;;;11899.0;0.0
yf_ADM_d6;34800;ASH_COATED_OSMIUM;9902;14;9899;17;;;9908;9;9912;15;;;9905.0;0.0
yf_ADM_d6;34800;INTARIAN_PEPPER_ROOT;11891;9;11888;18;;;11906;11;11910;15;;;11898.5;0.0
yf_ADM_d6;34900;ASH_COATED_OSMIUM;9901;5;9899;21;;;9908;5;9912;24;;;9904.5;0.0
yf_ADM_d6;34900;INTARIAN_PEPPER_ROOT;11895;18;11893;19;;;11901;12;11905;22;;;11898.0;0.0
yf_ADM_d6;35000;ASH_COATED_OSMIUM;9902;14;9898;27;;;9908;6;9910;8;;;9905.0;0.0
yf_ADM_d6;35000;INTARIAN_PEPPER_ROOT;11895;21;11891;20;;;11901;12;11904;22;;;11898.0;0.0
yf_ADM_d6;35100;ASH_COATED_OSMIUM;9902;6;9899;18;;;9908;13;9911;12;;;9905.0;0.0
yf_ADM_d6;35100;INTARIAN_PEPPER_ROOT;11894;13;11890;25;;;11900;19;11904;17;;;11897.0;0.0
yf_ADM_d6;35200;ASH_COATED_OSMIUM;9900;13;9896;22;;;9909;18;9912;14;;;9904.5;0.0
yf_ADM_d6;35200;INTARIAN_PEPPER_ROOT;11891;15;11889;24;;;11902;5;11904;18;;;11896.5;0.0
yf_ADM_d6;35300;ASH_COATED_OSMIUM;9902;11;9899;18;;;9908;17;9912;10;;;9905.0;0.0
yf_ADM_d6;35300;INTARIAN_PEPPER_ROOT;11893;14;11889;18;;;11900;18;11904;23;;;11896.5;0.0
yf_ADM_d6;35400;ASH_COATED_OSMIUM;9902;7;9899;19;;;9908;16;9912;10;;;9905.0;0.0
yf_ADM_d6;35400;INTARIAN_PEPPER_ROOT;11889;19;11886;23;;;11903;6;11906;19;;;11896.0;0.0
yf_ADM_d6;35500;ASH_COATED_OSMIUM;9901;6;9897;27;;;9907;14;9911;28;;;9904.0;0.0
yf_ADM_d6;35500;INTARIAN_PEPPER_ROOT;11892;8;11889;21;;;11898;16;11900;27;;;11895.0;0.0
yf_ADM_d6;35600;ASH_COATED_OSMIUM;9902;20;9898;25;;;9908;13;9911;12;;;9905.0;0.0
yf_ADM_d6;35600;INTARIAN_PEPPER_ROOT;11888;15;11885;18;;;11901;16;11903;24;;;11894.5;0.0
yf_ADM_d6;35700;ASH_COATED_OSMIUM;9901;15;9897;18;;;9907;9;9911;11;;;9904.0;0.0
yf_ADM_d6;35700;INTARIAN_PEPPER_ROOT;11890;15;11888;13;;;11897;21;11901;19;;;11893.5;0.0
yf_ADM_d6;35800;ASH_COATED_OSMIUM;9902;13;9898;18;;;9908;15;9912;21;;;9905.0;0.0
yf_ADM_d6;35800;INTARIAN_PEPPER_ROOT;11890;11;11887;22;;;11898;13;11900;23;;;11894.0;0.0
yf_ADM_d6;35900;ASH_COATED_OSMIUM;9902;22;9900;21;;;9908;21;9911;25;;;9905.0;0.0
yf_ADM_d6;35900;INTARIAN_PEPPER_ROOT;11890;16;11886;10;;;11896;14;11899;19;;;11893.0;0.0
yf_ADM_d6;36000;ASH_COATED_OSMIUM;9901;22;9898;23;;;9907;21;9911;13;;;9904.0;0.0
yf_ADM_d6;36000;INTARIAN_PEPPER_ROOT;11890;7;11888;20;;;11896;20;11899;16;;;11893.0;0.0
yf_ADM_d6;36100;ASH_COATED_OSMIUM;9902;6;9899;20;;;9908;14;9911;14;;;9905.0;0.0
yf_ADM_d6;36100;INTARIAN_PEPPER_ROOT;11889;16;11886;26;;;11895;18;11899;14;;;11892.0;0.0
yf_ADM_d6;36200;ASH_COATED_OSMIUM;9903;18;9899;18;;;9909;17;9911;25;;;9906.0;0.0
yf_ADM_d6;36200;INTARIAN_PEPPER_ROOT;11888;19;11885;20;;;11894;11;11896;28;;;11891.0;0.0
yf_ADM_d6;36300;ASH_COATED_OSMIUM;9898;16;9894;24;;;9912;22;9914;24;;;9905.0;0.0
yf_ADM_d6;36300;INTARIAN_PEPPER_ROOT;11885;12;11882;13;;;11897;12;11899;29;;;11891.0;0.0
yf_ADM_d6;36400;ASH_COATED_OSMIUM;9902;12;9898;17;;;9908;18;9911;15;;;9905.0;0.0
yf_ADM_d6;36400;INTARIAN_PEPPER_ROOT;11888;23;11885;19;;;11894;11;11897;23;;;11891.0;0.0
yf_ADM_d6;36500;ASH_COATED_OSMIUM;9902;11;9898;17;;;9908;26;9910;19;;;9905.0;0.0
yf_ADM_d6;36500;INTARIAN_PEPPER_ROOT;11884;7;11881;23;;;11896;20;11898;17;;;11890.0;0.0
yf_ADM_d6;36600;ASH_COATED_OSMIUM;9902;15;9898;25;;;9908;11;9912;16;;;9905.0;0.0
yf_ADM_d6;36600;INTARIAN_PEPPER_ROOT;11884;13;11880;18;;;11896;8;11898;24;;;11890.0;0.0
yf_ADM_d6;36700;ASH_COATED_OSMIUM;9903;16;9901;26;;;9909;9;9913;18;;;9906.0;0.0
yf_ADM_d6;36700;INTARIAN_PEPPER_ROOT;11886;10;11882;26;;;11892;20;11895;22;;;11889.0;0.0
yf_ADM_d6;36800;ASH_COATED_OSMIUM;9903;11;9899;14;;;9909;8;9912;18;;;9906.0;0.0
yf_ADM_d6;36800;INTARIAN_PEPPER_ROOT;11883;11;11880;25;;;11894;16;11898;22;;;11888.5;0.0
yf_ADM_d6;36900;ASH_COATED_OSMIUM;9903;11;9899;16;;;9909;19;9913;30;;;9906.0;0.0
yf_ADM_d6;36900;INTARIAN_PEPPER_ROOT;11879;5;11876;19;;;11895;15;11899;26;;;11887.0;0.0
yf_ADM_d6;37000;ASH_COATED_OSMIUM;9902;12;9900;27;;;9908;13;9910;28;;;9905.0;0.0
yf_ADM_d6;37000;INTARIAN_PEPPER_ROOT;11881;9;11877;20;;;11895;27;11899;19;;;11888.0;0.0
yf_ADM_d6;37100;ASH_COATED_OSMIUM;9903;12;9900;16;;;9909;8;9911;33;;;9906.0;0.0
yf_ADM_d6;37100;INTARIAN_PEPPER_ROOT;11884;13;11882;29;;;11890;9;11892;9;;;11887.0;0.0
yf_ADM_d6;37200;ASH_COATED_OSMIUM;9902;11;9898;21;;;9908;22;9912;13;;;9905.0;0.0
yf_ADM_d6;37200;INTARIAN_PEPPER_ROOT;11883;18;11879;34;;;11890;18;11894;22;;;11886.5;0.0
yf_ADM_d6;37300;ASH_COATED_OSMIUM;9901;19;9898;25;;;9909;12;9911;22;;;9905.0;0.0
yf_ADM_d6;37300;INTARIAN_PEPPER_ROOT;11879;12;11877;17;;;11894;19;11897;22;;;11886.5;0.0
yf_ADM_d6;37400;ASH_COATED_OSMIUM;9901;13;9898;20;;;9910;16;9913;25;;;9905.5;0.0
yf_ADM_d6;37400;INTARIAN_PEPPER_ROOT;11881;13;11877;16;;;11890;9;11892;11;;;11885.5;0.0
yf_ADM_d6;37500;ASH_COATED_OSMIUM;9903;9;9900;27;;;9909;17;9911;17;;;9906.0;0.0
yf_ADM_d6;37500;INTARIAN_PEPPER_ROOT;11881;13;11878;19;;;11887;17;11890;20;;;11884.0;0.0
yf_ADM_d6;37600;ASH_COATED_OSMIUM;9898;29;9896;23;;;9913;12;9915;17;;;9905.5;0.0
yf_ADM_d6;37600;INTARIAN_PEPPER_ROOT;11881;16;11879;26;;;11888;18;11890;22;;;11884.5;0.0
yf_ADM_d6;37700;ASH_COATED_OSMIUM;9903;13;9900;19;;;9909;18;9911;9;;;9906.0;0.0
yf_ADM_d6;37700;INTARIAN_PEPPER_ROOT;11875;19;11871;15;;;11892;9;11895;14;;;11883.5;0.0
yf_ADM_d6;37800;ASH_COATED_OSMIUM;9902;19;9898;20;;;9910;13;9912;18;;;9906.0;0.0
yf_ADM_d6;37800;INTARIAN_PEPPER_ROOT;11880;16;11878;25;;;11887;5;11890;17;;;11883.5;0.0
yf_ADM_d6;37900;ASH_COATED_OSMIUM;9901;22;9898;23;;;9910;6;9913;12;;;9905.5;0.0
yf_ADM_d6;37900;INTARIAN_PEPPER_ROOT;11880;8;11877;19;;;11886;15;11888;19;;;11883.0;0.0
yf_ADM_d6;38000;ASH_COATED_OSMIUM;9895;23;9891;21;;;9915;12;9919;24;;;9905.0;0.0
yf_ADM_d6;38000;INTARIAN_PEPPER_ROOT;11880;13;11877;19;;;11886;15;11890;22;;;11883.0;0.0
yf_ADM_d6;38100;ASH_COATED_OSMIUM;9903;5;9900;18;;;9909;12;9913;17;;;9906.0;0.0
yf_ADM_d6;38100;INTARIAN_PEPPER_ROOT;11879;13;11877;21;;;11885;15;11887;22;;;11882.0;0.0
yf_ADM_d6;38200;ASH_COATED_OSMIUM;9903;12;9900;11;;;9909;23;9911;18;;;9906.0;0.0
yf_ADM_d6;38200;INTARIAN_PEPPER_ROOT;11878;17;11874;27;;;11884;15;11888;15;;;11881.0;0.0
yf_ADM_d6;38300;ASH_COATED_OSMIUM;9903;19;9901;25;;;9909;14;9912;23;;;9906.0;0.0
yf_ADM_d6;38300;INTARIAN_PEPPER_ROOT;11877;13;11873;16;;;11883;15;11886;16;;;11880.0;0.0
yf_ADM_d6;38400;ASH_COATED_OSMIUM;9903;12;9899;16;;;9909;24;9913;17;;;9906.0;0.0
yf_ADM_d6;38400;INTARIAN_PEPPER_ROOT;11876;13;11873;20;;;11886;19;11888;22;;;11881.0;0.0
yf_ADM_d6;38500;ASH_COATED_OSMIUM;9903;8;9901;13;;;9909;13;9912;28;;;9906.0;0.0
yf_ADM_d6;38500;INTARIAN_PEPPER_ROOT;11875;12;11872;27;;;11884;11;11886;23;;;11879.5;0.0
yf_ADM_d6;38600;ASH_COATED_OSMIUM;9903;16;9901;17;;;9909;21;9913;22;;;9906.0;0.0
yf_ADM_d6;38600;INTARIAN_PEPPER_ROOT;11873;12;11871;17;;;11886;14;11889;19;;;11879.5;0.0
yf_ADM_d6;38700;ASH_COATED_OSMIUM;9904;15;9901;20;;;9910;13;9914;28;;;9907.0;0.0
yf_ADM_d6;38700;INTARIAN_PEPPER_ROOT;11876;20;11873;14;;;11882;14;11885;26;;;11879.0;0.0
yf_ADM_d6;38800;ASH_COATED_OSMIUM;9904;14;9902;28;;;9910;17;9912;13;;;9907.0;0.0
yf_ADM_d6;38800;INTARIAN_PEPPER_ROOT;11875;19;11871;20;;;11881;18;11884;18;;;11878.0;0.0
yf_ADM_d6;38900;ASH_COATED_OSMIUM;9903;13;9901;24;;;9909;17;9912;18;;;9906.0;0.0
yf_ADM_d6;38900;INTARIAN_PEPPER_ROOT;11874;26;11870;9;;;11880;25;11883;17;;;11877.0;0.0
yf_ADM_d6;39000;ASH_COATED_OSMIUM;9903;9;9899;20;;;9910;17;9912;17;;;9906.5;0.0
yf_ADM_d6;39000;INTARIAN_PEPPER_ROOT;11872;15;11868;24;;;11881;16;11884;8;;;11876.5;0.0
yf_ADM_d6;39100;ASH_COATED_OSMIUM;9895;12;9891;18;;;9918;9;9921;27;;;9906.5;0.0
yf_ADM_d6;39100;INTARIAN_PEPPER_ROOT;11866;18;11862;19;;;11888;10;11891;24;;;11877.0;0.0
yf_ADM_d6;39200;ASH_COATED_OSMIUM;9903;21;9899;17;;;9909;13;9911;14;;;9906.0;0.0
yf_ADM_d6;39200;INTARIAN_PEPPER_ROOT;11874;17;11872;27;;;11880;19;11884;22;;;11877.0;0.0
yf_ADM_d6;39300;ASH_COATED_OSMIUM;9903;18;9899;17;;;9909;20;9913;14;;;9906.0;0.0
yf_ADM_d6;39300;INTARIAN_PEPPER_ROOT;11873;12;11871;12;;;11879;14;11883;27;;;11876.0;0.0
yf_ADM_d6;39400;ASH_COATED_OSMIUM;9903;13;9901;28;;;9909;8;9912;13;;;9906.0;0.0
yf_ADM_d6;39400;INTARIAN_PEPPER_ROOT;11872;30;11870;17;;;11878;18;11881;23;;;11875.0;0.0
yf_ADM_d6;39500;ASH_COATED_OSMIUM;9904;20;9901;13;;;9910;22;9913;13;;;9907.0;0.0
yf_ADM_d6;39500;INTARIAN_PEPPER_ROOT;11863;12;11861;24;;;11886;14;11888;20;;;11874.5;0.0
yf_ADM_d6;39600;ASH_COATED_OSMIUM;9904;18;9901;21;;;9910;13;9912;21;;;9907.0;0.0
yf_ADM_d6;39600;INTARIAN_PEPPER_ROOT;11871;14;11869;25;;;11877;21;11881;21;;;11874.0;0.0
yf_ADM_d6;39700;ASH_COATED_OSMIUM;9898;17;9894;21;;;9914;20;9918;17;;;9906.0;0.0
yf_ADM_d6;39700;INTARIAN_PEPPER_ROOT;11870;16;11866;27;;;11876;20;11880;18;;;11873.0;0.0
yf_ADM_d6;39800;ASH_COATED_OSMIUM;9904;10;9902;19;;;9910;5;9914;20;;;9907.0;0.0
yf_ADM_d6;39800;INTARIAN_PEPPER_ROOT;11871;15;11867;19;;;11877;16;11881;27;;;11874.0;0.0
yf_ADM_d6;39900;ASH_COATED_OSMIUM;9904;17;9900;20;;;9910;12;9912;13;;;9907.0;0.0
yf_ADM_d6;39900;INTARIAN_PEPPER_ROOT;11870;14;11866;23;;;11876;8;11878;25;;;11873.0;0.0
yf_ADM_d6;40000;ASH_COATED_OSMIUM;9904;17;9900;28;;;9910;11;9912;23;;;9907.0;0.0
yf_ADM_d6;40000;INTARIAN_PEPPER_ROOT;11869;13;11866;15;;;11875;9;11879;27;;;11872.0;0.0
yf_ADM_d6;40100;ASH_COATED_OSMIUM;9882;13;9880;15;;;9932;15;9935;12;;;9907.0;0.0
yf_ADM_d6;40100;INTARIAN_PEPPER_ROOT;11868;12;11864;15;;;11875;13;11878;15;;;11871.5;0.0
yf_ADM_d6;40200;ASH_COATED_OSMIUM;9904;16;9900;23;;;9910;16;9912;15;;;9907.0;0.0
yf_ADM_d6;40200;INTARIAN_PEPPER_ROOT;11868;19;11866;16;;;11874;5;11876;16;;;11871.0;0.0
yf_ADM_d6;40300;ASH_COATED_OSMIUM;9904;16;9902;20;;;9910;15;9913;20;;;9907.0;0.0
yf_ADM_d6;40300;INTARIAN_PEPPER_ROOT;11868;21;11865;16;;;11874;6;11878;13;;;11871.0;0.0
yf_ADM_d6;40400;ASH_COATED_OSMIUM;9904;12;9900;24;;;9910;13;9912;20;;;9907.0;0.0
yf_ADM_d6;40400;INTARIAN_PEPPER_ROOT;11859;17;11857;16;;;11881;17;11885;13;;;11870.0;0.0
yf_ADM_d6;40500;ASH_COATED_OSMIUM;9897;8;9895;27;;;9916;15;9920;15;;;9906.5;0.0
yf_ADM_d6;40500;INTARIAN_PEPPER_ROOT;11865;12;11861;21;;;11874;17;11878;25;;;11869.5;0.0
yf_ADM_d6;40600;ASH_COATED_OSMIUM;9903;20;9899;24;;;9909;20;9911;15;;;9906.0;0.0
yf_ADM_d6;40600;INTARIAN_PEPPER_ROOT;11866;21;11864;13;;;11872;11;11875;20;;;11869.0;0.0
yf_ADM_d6;40700;ASH_COATED_OSMIUM;9904;22;9900;17;;;9910;11;9914;24;;;9907.0;0.0
yf_ADM_d6;40700;INTARIAN_PEPPER_ROOT;11860;13;11856;20;;;11876;20;11880;12;;;11868.0;0.0
yf_ADM_d6;40800;ASH_COATED_OSMIUM;9899;15;9895;21;;;9915;9;9918;21;;;9907.0;0.0
yf_ADM_d6;40800;INTARIAN_PEPPER_ROOT;11865;14;11862;20;;;11871;14;11873;9;;;11868.0;0.0
yf_ADM_d6;40900;ASH_COATED_OSMIUM;9902;17;9899;11;;;9912;20;9915;26;;;9907.0;0.0
yf_ADM_d6;40900;INTARIAN_PEPPER_ROOT;11864;17;11862;18;;;11871;17;11875;22;;;11867.5;0.0
yf_ADM_d6;41000;ASH_COATED_OSMIUM;9904;10;9902;17;;;9910;16;9913;22;;;9907.0;0.0
yf_ADM_d6;41000;INTARIAN_PEPPER_ROOT;11863;13;11861;20;;;11871;25;11873;18;;;11867.0;0.0
yf_ADM_d6;41100;ASH_COATED_OSMIUM;9904;14;9900;21;;;9910;6;9913;27;;;9907.0;0.0
yf_ADM_d6;41100;INTARIAN_PEPPER_ROOT;11863;12;11859;26;;;11870;14;11872;25;;;11866.5;0.0
yf_ADM_d6;41200;ASH_COATED_OSMIUM;9903;10;9901;28;;;9912;8;9916;28;;;9907.5;0.0
yf_ADM_d6;41200;INTARIAN_PEPPER_ROOT;11863;19;11859;19;;;11869;21;11871;12;;;11866.0;0.0
yf_ADM_d6;41300;ASH_COATED_OSMIUM;9903;5;9901;10;;;9913;20;9915;14;;;9908.0;0.0
yf_ADM_d6;41300;INTARIAN_PEPPER_ROOT;11863;23;11859;17;;;11869;10;11871;18;;;11866.0;0.0
yf_ADM_d6;41400;ASH_COATED_OSMIUM;9904;22;9900;18;;;9910;14;9913;14;;;9907.0;0.0
yf_ADM_d6;41400;INTARIAN_PEPPER_ROOT;11862;9;11858;20;;;11868;18;11871;19;;;11865.0;0.0
yf_ADM_d6;41500;ASH_COATED_OSMIUM;9904;18;9900;11;;;9910;18;9913;21;;;9907.0;0.0
yf_ADM_d6;41500;INTARIAN_PEPPER_ROOT;11862;6;11858;20;;;11868;24;11872;35;;;11865.0;0.0
yf_ADM_d6;41600;ASH_COATED_OSMIUM;9904;21;9900;23;;;9910;13;9912;10;;;9907.0;0.0
yf_ADM_d6;41600;INTARIAN_PEPPER_ROOT;11860;20;11856;31;;;11868;15;11870;16;;;11864.0;0.0
yf_ADM_d6;41700;ASH_COATED_OSMIUM;9905;16;9902;18;;;9911;11;9915;14;;;9908.0;0.0
yf_ADM_d6;41700;INTARIAN_PEPPER_ROOT;11858;10;11855;16;;;11867;22;11871;20;;;11862.5;0.0
yf_ADM_d6;41800;ASH_COATED_OSMIUM;9898;11;9896;30;;;9917;16;9919;17;;;9907.5;0.0
yf_ADM_d6;41800;INTARIAN_PEPPER_ROOT;11854;21;11851;25;;;11871;14;11874;19;;;11862.5;0.0
yf_ADM_d6;41900;ASH_COATED_OSMIUM;9898;12;9895;18;;;9918;12;9921;27;;;9908.0;0.0
yf_ADM_d6;41900;INTARIAN_PEPPER_ROOT;11855;19;11853;17;;;11870;11;11872;13;;;11862.5;0.0
yf_ADM_d6;42000;ASH_COATED_OSMIUM;9904;25;9901;25;;;9910;13;9912;19;;;9907.0;0.0
yf_ADM_d6;42000;INTARIAN_PEPPER_ROOT;11853;21;11851;20;;;11871;10;11875;18;;;11862.0;0.0
yf_ADM_d6;42100;ASH_COATED_OSMIUM;9904;27;9902;22;;;9911;14;9914;19;;;9907.5;0.0
yf_ADM_d6;42100;INTARIAN_PEPPER_ROOT;11858;10;11855;16;;;11864;16;11866;18;;;11861.0;0.0
yf_ADM_d6;42200;ASH_COATED_OSMIUM;9905;6;9903;27;;;9911;19;9915;10;;;9908.0;0.0
yf_ADM_d6;42200;INTARIAN_PEPPER_ROOT;11855;9;11851;20;;;11867;6;11871;18;;;11861.0;0.0
yf_ADM_d6;42300;ASH_COATED_OSMIUM;9904;13;9901;13;;;9910;14;9913;15;;;9907.0;0.0
yf_ADM_d6;42300;INTARIAN_PEPPER_ROOT;11855;18;11851;20;;;11866;21;11870;19;;;11860.5;0.0
yf_ADM_d6;42400;ASH_COATED_OSMIUM;9905;15;9901;22;;;9911;22;9915;29;;;9908.0;0.0
yf_ADM_d6;42400;INTARIAN_PEPPER_ROOT;11857;17;11855;19;;;11863;14;11866;15;;;11860.0;0.0
yf_ADM_d6;42500;ASH_COATED_OSMIUM;9905;19;9901;17;;;9911;9;9914;19;;;9908.0;0.0
yf_ADM_d6;42500;INTARIAN_PEPPER_ROOT;11855;22;11851;18;;;11864;13;11868;24;;;11859.5;0.0
yf_ADM_d6;42600;ASH_COATED_OSMIUM;9905;16;9902;17;;;9911;20;9914;19;;;9908.0;0.0
yf_ADM_d6;42600;INTARIAN_PEPPER_ROOT;11852;16;11848;17;;;11865;10;11869;12;;;11858.5;0.0
yf_ADM_d6;42700;ASH_COATED_OSMIUM;9905;7;9902;23;;;9911;16;9913;13;;;9908.0;0.0
yf_ADM_d6;42700;INTARIAN_PEPPER_ROOT;11856;11;11853;21;;;11862;7;11864;19;;;11859.0;0.0
yf_ADM_d6;42800;ASH_COATED_OSMIUM;9901;7;9898;18;;;9915;13;9919;18;;;9908.0;0.0
yf_ADM_d6;42800;INTARIAN_PEPPER_ROOT;11855;16;11853;20;;;11861;13;11863;15;;;11858.0;0.0
yf_ADM_d6;42900;ASH_COATED_OSMIUM;9904;23;9901;15;;;9911;12;9913;24;;;9907.5;0.0
yf_ADM_d6;42900;INTARIAN_PEPPER_ROOT;11855;11;11852;26;;;11861;5;11863;16;;;11858.0;0.0
yf_ADM_d6;43000;ASH_COATED_OSMIUM;9905;16;9901;21;;;9911;22;9913;17;;;9908.0;0.0
yf_ADM_d6;43000;INTARIAN_PEPPER_ROOT;11853;7;11850;13;;;11861;15;11865;16;;;11857.0;0.0
yf_ADM_d6;43100;ASH_COATED_OSMIUM;9902;9;9899;24;;;9914;16;9918;19;;;9908.0;0.0
yf_ADM_d6;43100;INTARIAN_PEPPER_ROOT;11854;10;11852;26;;;11860;14;11862;29;;;11857.0;0.0
yf_ADM_d6;43200;ASH_COATED_OSMIUM;9905;22;9901;9;;;9911;14;9913;22;;;9908.0;0.0
yf_ADM_d6;43200;INTARIAN_PEPPER_ROOT;11853;18;11849;23;;;11859;11;11861;18;;;11856.0;0.0
yf_ADM_d6;43300;ASH_COATED_OSMIUM;9905;9;9902;19;;;9911;16;9915;14;;;9908.0;0.0
yf_ADM_d6;43300;INTARIAN_PEPPER_ROOT;11852;8;11848;13;;;11858;11;11862;18;;;11855.0;0.0
yf_ADM_d6;43400;ASH_COATED_OSMIUM;9903;7;9900;19;;;9913;10;9915;8;;;9908.0;0.0
yf_ADM_d6;43400;INTARIAN_PEPPER_ROOT;11851;11;11848;24;;;11858;17;11860;24;;;11854.5;0.0
yf_ADM_d6;43500;ASH_COATED_OSMIUM;9904;17;9902;19;;;9912;10;9914;18;;;9908.0;0.0
yf_ADM_d6;43500;INTARIAN_PEPPER_ROOT;11851;14;11849;20;;;11857;28;11860;20;;;11854.0;0.0
yf_ADM_d6;43600;ASH_COATED_OSMIUM;9905;18;9903;22;;;9911;18;9913;17;;;9908.0;0.0
yf_ADM_d6;43600;INTARIAN_PEPPER_ROOT;11849;13;11846;9;;;11859;22;11863;21;;;11854.0;0.0
yf_ADM_d6;43700;ASH_COATED_OSMIUM;9905;12;9903;18;;;9911;12;9914;14;;;9908.0;0.0
yf_ADM_d6;43700;INTARIAN_PEPPER_ROOT;11850;16;11848;13;;;11856;19;11858;24;;;11853.0;0.0
yf_ADM_d6;43800;ASH_COATED_OSMIUM;9892;17;9889;13;;;9924;12;9926;8;;;9908.0;0.0
yf_ADM_d6;43800;INTARIAN_PEPPER_ROOT;11847;15;11843;17;;;11859;15;11862;24;;;11853.0;0.0
yf_ADM_d6;43900;ASH_COATED_OSMIUM;9905;11;9901;13;;;9911;17;9913;22;;;9908.0;0.0
yf_ADM_d6;43900;INTARIAN_PEPPER_ROOT;11849;15;11846;23;;;11855;12;11858;17;;;11852.0;0.0
yf_ADM_d6;44000;ASH_COATED_OSMIUM;9905;20;9903;21;;;9911;11;9914;20;;;9908.0;0.0
yf_ADM_d6;44000;INTARIAN_PEPPER_ROOT;11848;21;11844;21;;;11856;17;11860;21;;;11852.0;0.0
yf_ADM_d6;44100;ASH_COATED_OSMIUM;9905;10;9901;14;;;9911;13;9915;13;;;9908.0;0.0
yf_ADM_d6;44100;INTARIAN_PEPPER_ROOT;11845;6;11842;24;;;11857;26;11860;19;;;11851.0;0.0
yf_ADM_d6;44200;ASH_COATED_OSMIUM;9905;13;9901;18;;;9911;19;9914;28;;;9908.0;0.0
yf_ADM_d6;44200;INTARIAN_PEPPER_ROOT;11848;14;11844;23;;;11854;18;11856;18;;;11851.0;0.0
yf_ADM_d6;44300;ASH_COATED_OSMIUM;9905;11;9903;21;;;9911;10;9915;22;;;9908.0;0.0
yf_ADM_d6;44300;INTARIAN_PEPPER_ROOT;11844;13;11840;10;;;11856;22;11860;25;;;11850.0;0.0
yf_ADM_d6;44400;ASH_COATED_OSMIUM;9899;7;9896;19;;;9918;11;9920;17;;;9908.5;0.0
yf_ADM_d6;44400;INTARIAN_PEPPER_ROOT;11845;24;11843;27;;;11854;11;11858;19;;;11849.5;0.0
yf_ADM_d6;44500;ASH_COATED_OSMIUM;9886;6;9883;20;;;9931;20;9935;24;;;9908.5;0.0
yf_ADM_d6;44500;INTARIAN_PEPPER_ROOT;11846;27;11842;16;;;11852;16;11854;12;;;11849.0;0.0
yf_ADM_d6;44600;ASH_COATED_OSMIUM;9905;15;9901;14;;;9911;17;9913;29;;;9908.0;0.0
yf_ADM_d6;44600;INTARIAN_PEPPER_ROOT;11844;18;11841;35;;;11853;20;11857;22;;;11848.5;0.0
yf_ADM_d6;44700;ASH_COATED_OSMIUM;9906;12;9902;12;;;9912;7;9915;20;;;9909.0;0.0
yf_ADM_d6;44700;INTARIAN_PEPPER_ROOT;11841;11;11837;15;;;11855;24;11859;24;;;11848.0;0.0
yf_ADM_d6;44800;ASH_COATED_OSMIUM;9905;15;9902;28;;;9911;5;9915;24;;;9908.0;0.0
yf_ADM_d6;44800;INTARIAN_PEPPER_ROOT;11845;21;11841;13;;;11851;11;11854;28;;;11848.0;0.0
yf_ADM_d6;44900;ASH_COATED_OSMIUM;9906;11;9902;16;;;9912;17;9914;18;;;9909.0;0.0
yf_ADM_d6;44900;INTARIAN_PEPPER_ROOT;11845;16;11843;17;;;11851;16;11855;17;;;11848.0;0.0
yf_ADM_d6;45000;ASH_COATED_OSMIUM;9906;18;9904;17;;;9912;21;9914;21;;;9909.0;0.0
yf_ADM_d6;45000;INTARIAN_PEPPER_ROOT;11844;14;11842;17;;;11850;9;11854;16;;;11847.0;0.0
yf_ADM_d6;45100;ASH_COATED_OSMIUM;9905;8;9902;19;;;9911;20;9913;13;;;9908.0;0.0
yf_ADM_d6;45100;INTARIAN_PEPPER_ROOT;11841;15;11839;19;;;11849;9;11853;20;;;11845.0;0.0
yf_ADM_d6;45200;ASH_COATED_OSMIUM;9905;15;9902;23;;;9911;18;9914;11;;;9908.0;0.0
yf_ADM_d6;45200;INTARIAN_PEPPER_ROOT;11842;18;11839;26;;;11848;11;11852;13;;;11845.0;0.0
yf_ADM_d6;45300;ASH_COATED_OSMIUM;9903;9;9901;29;;;9915;23;9917;16;;;9909.0;0.0
yf_ADM_d6;45300;INTARIAN_PEPPER_ROOT;11842;8;11839;28;;;11848;19;11852;31;;;11845.0;0.0
yf_ADM_d6;45400;ASH_COATED_OSMIUM;9906;17;9902;29;;;9912;19;9915;22;;;9909.0;0.0
yf_ADM_d6;45400;INTARIAN_PEPPER_ROOT;11837;10;11833;21;;;11852;18;11854;19;;;11844.5;0.0
yf_ADM_d6;45500;ASH_COATED_OSMIUM;9906;19;9903;17;;;9912;14;9915;17;;;9909.0;0.0
yf_ADM_d6;45500;INTARIAN_PEPPER_ROOT;11837;14;11835;19;;;11852;17;11856;18;;;11844.5;0.0
yf_ADM_d6;45600;ASH_COATED_OSMIUM;9903;28;9900;20;;;9914;19;9917;21;;;9908.5;0.0
yf_ADM_d6;45600;INTARIAN_PEPPER_ROOT;11841;9;11838;25;;;11847;5;11850;15;;;11844.0;0.0
yf_ADM_d6;45700;ASH_COATED_OSMIUM;9902;13;9898;15;;;9916;19;9920;17;;;9909.0;0.0
yf_ADM_d6;45700;INTARIAN_PEPPER_ROOT;11840;22;11836;15;;;11846;15;11849;13;;;11843.0;0.0
yf_ADM_d6;45800;ASH_COATED_OSMIUM;9902;17;9899;20;;;9915;26;9918;22;;;9908.5;0.0
yf_ADM_d6;45800;INTARIAN_PEPPER_ROOT;11837;17;11833;16;;;11847;17;11851;13;;;11842.0;0.0
yf_ADM_d6;45900;ASH_COATED_OSMIUM;9906;24;9903;13;;;9912;11;9915;24;;;9909.0;0.0
yf_ADM_d6;45900;INTARIAN_PEPPER_ROOT;11839;12;11836;22;;;11845;15;11849;8;;;11842.0;0.0
yf_ADM_d6;46000;ASH_COATED_OSMIUM;9902;14;9899;10;;;9916;14;9919;17;;;9909.0;0.0
yf_ADM_d6;46000;INTARIAN_PEPPER_ROOT;11838;22;11836;18;;;11845;16;11849;8;;;11841.5;0.0
yf_ADM_d6;46100;ASH_COATED_OSMIUM;9906;6;9904;23;;;9912;16;9914;34;;;9909.0;0.0
yf_ADM_d6;46100;INTARIAN_PEPPER_ROOT;11838;15;11835;24;;;11844;10;11846;19;;;11841.0;0.0
yf_ADM_d6;46200;ASH_COATED_OSMIUM;9900;11;9897;14;;;9918;5;9921;19;;;9909.0;0.0
yf_ADM_d6;46200;INTARIAN_PEPPER_ROOT;11837;16;11833;19;;;11845;12;11849;25;;;11841.0;0.0
yf_ADM_d6;46300;ASH_COATED_OSMIUM;9906;10;9903;14;;;9912;16;9916;20;;;9909.0;0.0
yf_ADM_d6;46300;INTARIAN_PEPPER_ROOT;11832;16;11828;19;;;11850;7;11852;23;;;11841.0;0.0
yf_ADM_d6;46400;ASH_COATED_OSMIUM;9906;13;9904;8;;;9913;17;9916;25;;;9909.5;0.0
yf_ADM_d6;46400;INTARIAN_PEPPER_ROOT;11837;16;11834;24;;;11843;9;11845;9;;;11840.0;0.0
yf_ADM_d6;46500;ASH_COATED_OSMIUM;9903;17;9901;13;;;9915;17;9919;23;;;9909.0;0.0
yf_ADM_d6;46500;INTARIAN_PEPPER_ROOT;11836;14;11834;22;;;11842;13;11845;24;;;11839.0;0.0
yf_ADM_d6;46600;ASH_COATED_OSMIUM;9906;19;9903;13;;;9912;11;9914;16;;;9909.0;0.0
yf_ADM_d6;46600;INTARIAN_PEPPER_ROOT;11836;15;11833;9;;;11842;7;11845;16;;;11839.0;0.0
yf_ADM_d6;46700;ASH_COATED_OSMIUM;9907;14;9904;9;;;9913;11;9917;16;;;9910.0;0.0
yf_ADM_d6;46700;INTARIAN_PEPPER_ROOT;11835;27;11833;20;;;11841;20;11844;19;;;11838.0;0.0
yf_ADM_d6;46800;ASH_COATED_OSMIUM;9906;16;9903;19;;;9912;12;9916;23;;;9909.0;0.0
yf_ADM_d6;46800;INTARIAN_PEPPER_ROOT;11831;19;11828;16;;;11844;6;11848;17;;;11837.5;0.0
yf_ADM_d6;46900;ASH_COATED_OSMIUM;9905;15;9902;27;;;9914;12;9916;28;;;9909.5;0.0
yf_ADM_d6;46900;INTARIAN_PEPPER_ROOT;11821;17;11819;25;;;11853;15;11856;26;;;11837.0;0.0
yf_ADM_d6;47000;ASH_COATED_OSMIUM;9902;9;9898;23;;;9917;21;9919;20;;;9909.5;0.0
yf_ADM_d6;47000;INTARIAN_PEPPER_ROOT;11833;14;11830;21;;;11839;22;11841;16;;;11836.0;0.0
yf_ADM_d6;47100;ASH_COATED_OSMIUM;9907;17;9903;16;;;9913;11;9915;22;;;9910.0;0.0
yf_ADM_d6;47100;INTARIAN_PEPPER_ROOT;11833;12;11831;18;;;11839;12;11841;26;;;11836.0;0.0
yf_ADM_d6;47200;ASH_COATED_OSMIUM;9907;27;9904;25;;;9913;10;9915;22;;;9910.0;0.0
yf_ADM_d6;47200;INTARIAN_PEPPER_ROOT;11831;19;11829;13;;;11839;19;11842;21;;;11835.0;0.0
yf_ADM_d6;47300;ASH_COATED_OSMIUM;9907;13;9905;24;;;9913;21;9916;17;;;9910.0;0.0
yf_ADM_d6;47300;INTARIAN_PEPPER_ROOT;11832;9;11829;18;;;11838;13;11842;18;;;11835.0;0.0
yf_ADM_d6;47400;ASH_COATED_OSMIUM;9906;10;9903;27;;;9912;12;9916;15;;;9909.0;0.0
yf_ADM_d6;47400;INTARIAN_PEPPER_ROOT;11830;15;11827;8;;;11839;13;11841;22;;;11834.5;0.0
yf_ADM_d6;47500;ASH_COATED_OSMIUM;9907;19;9905;23;;;9913;11;9915;15;;;9910.0;0.0
yf_ADM_d6;47500;INTARIAN_PEPPER_ROOT;11831;20;11829;15;;;11837;9;11839;18;;;11834.0;0.0
yf_ADM_d6;47600;ASH_COATED_OSMIUM;9902;5;9898;16;;;9917;15;9919;30;;;9909.5;0.0
yf_ADM_d6;47600;INTARIAN_PEPPER_ROOT;11825;16;11821;24;;;11842;12;11844;25;;;11833.5;0.0
yf_ADM_d6;47700;ASH_COATED_OSMIUM;9907;10;9905;18;;;9913;16;9917;13;;;9910.0;0.0
yf_ADM_d6;47700;INTARIAN_PEPPER_ROOT;11824;22;11821;18;;;11842;10;11846;12;;;11833.0;0.0
yf_ADM_d6;47800;ASH_COATED_OSMIUM;9903;12;9900;20;;;9917;11;9919;13;;;9910.0;0.0
yf_ADM_d6;47800;INTARIAN_PEPPER_ROOT;11829;17;11825;22;;;11836;14;11840;19;;;11832.5;0.0
yf_ADM_d6;47900;ASH_COATED_OSMIUM;9904;22;9902;20;;;9917;23;9919;12;;;9910.5;0.0
yf_ADM_d6;47900;INTARIAN_PEPPER_ROOT;11829;13;11825;10;;;11835;11;11837;22;;;11832.0;0.0
yf_ADM_d6;48000;ASH_COATED_OSMIUM;9907;18;9903;20;;;9913;9;9916;27;;;9910.0;0.0
yf_ADM_d6;48000;INTARIAN_PEPPER_ROOT;11828;17;11826;15;;;11834;28;11836;31;;;11831.0;0.0
yf_ADM_d6;48100;ASH_COATED_OSMIUM;9898;14;9895;24;;;9923;18;9927;18;;;9910.5;0.0
yf_ADM_d6;48100;INTARIAN_PEPPER_ROOT;11828;17;11825;24;;;11834;18;11838;14;;;11831.0;0.0
yf_ADM_d6;48200;ASH_COATED_OSMIUM;9906;22;9902;18;;;9912;18;9916;16;;;9909.0;0.0
yf_ADM_d6;48200;INTARIAN_PEPPER_ROOT;11819;19;11817;19;;;11841;28;11843;23;;;11830.0;0.0
yf_ADM_d6;48300;ASH_COATED_OSMIUM;9907;9;9904;17;;;9913;13;9917;15;;;9910.0;0.0
yf_ADM_d6;48300;INTARIAN_PEPPER_ROOT;11827;11;11824;26;;;11833;18;11835;14;;;11830.0;0.0
yf_ADM_d6;48400;ASH_COATED_OSMIUM;9900;13;9896;24;;;9920;13;9922;15;;;9910.0;0.0
yf_ADM_d6;48400;INTARIAN_PEPPER_ROOT;11827;14;11823;27;;;11833;17;11837;20;;;11830.0;0.0
yf_ADM_d6;48500;ASH_COATED_OSMIUM;9905;16;9901;24;;;9916;8;9920;11;;;9910.5;0.0
yf_ADM_d6;48500;INTARIAN_PEPPER_ROOT;11826;16;11822;20;;;11832;20;11836;11;;;11829.0;0.0
yf_ADM_d6;48600;ASH_COATED_OSMIUM;9907;13;9904;14;;;9913;21;9917;12;;;9910.0;0.0
yf_ADM_d6;48600;INTARIAN_PEPPER_ROOT;11824;19;11820;19;;;11832;20;11835;20;;;11828.0;0.0
yf_ADM_d6;48700;ASH_COATED_OSMIUM;9908;22;9905;24;;;9914;21;9917;14;;;9911.0;0.0
yf_ADM_d6;48700;INTARIAN_PEPPER_ROOT;11825;12;11823;23;;;11831;17;11835;21;;;11828.0;0.0
yf_ADM_d6;48800;ASH_COATED_OSMIUM;9892;20;9890;28;;;9927;15;9930;22;;;9909.5;0.0
yf_ADM_d6;48800;INTARIAN_PEPPER_ROOT;11824;9;11821;14;;;11831;19;11835;8;;;11827.5;0.0
yf_ADM_d6;48900;ASH_COATED_OSMIUM;9903;5;9900;23;;;9918;22;9921;21;;;9910.5;0.0
yf_ADM_d6;48900;INTARIAN_PEPPER_ROOT;11818;7;11816;19;;;11837;14;11840;28;;;11827.5;0.0
yf_ADM_d6;49000;ASH_COATED_OSMIUM;9907;6;9904;17;;;9914;6;9916;18;;;9910.5;0.0
yf_ADM_d6;49000;INTARIAN_PEPPER_ROOT;11824;10;11822;12;;;11830;5;11833;14;;;11827.0;0.0
yf_ADM_d6;49100;ASH_COATED_OSMIUM;9907;20;9904;11;;;9915;6;9919;21;;;9911.0;0.0
yf_ADM_d6;49100;INTARIAN_PEPPER_ROOT;11820;21;11816;16;;;11831;21;11834;19;;;11825.5;0.0
yf_ADM_d6;49200;ASH_COATED_OSMIUM;9907;13;9904;10;;;9913;18;9915;18;;;9910.0;0.0
yf_ADM_d6;49200;INTARIAN_PEPPER_ROOT;11822;5;11818;20;;;11828;22;11830;22;;;11825.0;0.0
yf_ADM_d6;49300;ASH_COATED_OSMIUM;9907;11;9903;25;;;9913;8;9916;18;;;9910.0;0.0
yf_ADM_d6;49300;INTARIAN_PEPPER_ROOT;11821;18;11817;27;;;11829;10;11833;21;;;11825.0;0.0
yf_ADM_d6;49400;ASH_COATED_OSMIUM;9905;23;9902;24;;;9916;5;9918;22;;;9910.5;0.0
yf_ADM_d6;49400;INTARIAN_PEPPER_ROOT;11822;19;11818;17;;;11828;14;11831;26;;;11825.0;0.0
yf_ADM_d6;49500;ASH_COATED_OSMIUM;9905;19;9901;30;;;9917;12;9919;21;;;9911.0;0.0
yf_ADM_d6;49500;INTARIAN_PEPPER_ROOT;11817;12;11813;27;;;11829;9;11833;17;;;11823.0;0.0
yf_ADM_d6;49600;ASH_COATED_OSMIUM;9907;20;9905;21;;;9913;23;9915;14;;;9910.0;0.0
yf_ADM_d6;49600;INTARIAN_PEPPER_ROOT;11815;18;11811;20;;;11831;12;11833;22;;;11823.0;0.0
yf_ADM_d6;49700;ASH_COATED_OSMIUM;9907;8;9903;24;;;9914;19;9917;17;;;9910.5;0.0
yf_ADM_d6;49700;INTARIAN_PEPPER_ROOT;11820;17;11818;22;;;11826;7;11829;20;;;11823.0;0.0
yf_ADM_d6;49800;ASH_COATED_OSMIUM;9899;17;9897;28;;;9922;13;9924;14;;;9910.5;0.0
yf_ADM_d6;49800;INTARIAN_PEPPER_ROOT;11815;11;11813;15;;;11829;9;11832;18;;;11822.0;0.0
yf_ADM_d6;49900;ASH_COATED_OSMIUM;9907;11;9905;20;;;9913;14;9915;14;;;9910.0;0.0
yf_ADM_d6;49900;INTARIAN_PEPPER_ROOT;11819;17;11817;25;;;11825;11;11829;13;;;11822.0;0.0
yf_ADM_d6;50000;ASH_COATED_OSMIUM;9907;13;9903;16;;;9914;10;9918;16;;;9910.5;0.0
yf_ADM_d6;50000;INTARIAN_PEPPER_ROOT;11818;17;11814;13;;;11824;23;11828;24;;;11821.0;0.0
yf_ADM_d6;50100;ASH_COATED_OSMIUM;9898;13;9896;16;;;9923;16;9927;29;;;9910.5;0.0
yf_ADM_d6;50100;INTARIAN_PEPPER_ROOT;11818;15;11815;23;;;11824;20;11828;15;;;11821.0;0.0
yf_ADM_d6;50200;ASH_COATED_OSMIUM;9907;10;9904;18;;;9913;9;9916;17;;;9910.0;0.0
yf_ADM_d6;50200;INTARIAN_PEPPER_ROOT;11817;13;11815;27;;;11823;20;11826;26;;;11820.0;0.0
yf_ADM_d6;50300;ASH_COATED_OSMIUM;9902;7;9899;23;;;9919;14;9921;24;;;9910.5;0.0
yf_ADM_d6;50300;INTARIAN_PEPPER_ROOT;11817;16;11815;15;;;11823;13;11825;13;;;11820.0;0.0
yf_ADM_d6;50400;ASH_COATED_OSMIUM;9907;12;9905;20;;;9913;18;9917;23;;;9910.0;0.0
yf_ADM_d6;50400;INTARIAN_PEPPER_ROOT;11812;19;11810;18;;;11827;5;11830;28;;;11819.5;0.0
yf_ADM_d6;50500;ASH_COATED_OSMIUM;9906;9;9903;15;;;9914;10;9918;19;;;9910.0;0.0
yf_ADM_d6;50500;INTARIAN_PEPPER_ROOT;11815;19;11812;23;;;11821;13;11824;20;;;11818.0;0.0
yf_ADM_d6;50600;ASH_COATED_OSMIUM;9907;26;9904;20;;;9914;30;9916;18;;;9910.5;0.0
yf_ADM_d6;50600;INTARIAN_PEPPER_ROOT;11815;13;11812;10;;;11822;14;11826;16;;;11818.5;0.0
yf_ADM_d6;50700;ASH_COATED_OSMIUM;9908;18;9906;19;;;9914;15;9916;17;;;9911.0;0.0
yf_ADM_d6;50700;INTARIAN_PEPPER_ROOT;11812;21;11810;15;;;11823;10;11827;24;;;11817.5;0.0
yf_ADM_d6;50800;ASH_COATED_OSMIUM;9908;7;9905;17;;;9914;13;9916;24;;;9911.0;0.0
yf_ADM_d6;50800;INTARIAN_PEPPER_ROOT;11815;22;11812;28;;;11821;19;11823;20;;;11818.0;0.0
yf_ADM_d6;50900;ASH_COATED_OSMIUM;9908;18;9904;17;;;9914;14;9918;18;;;9911.0;0.0
yf_ADM_d6;50900;INTARIAN_PEPPER_ROOT;11812;17;11810;14;;;11823;19;11825;15;;;11817.5;0.0
yf_ADM_d6;51000;ASH_COATED_OSMIUM;9908;20;9906;9;;;9914;12;9917;16;;;9911.0;0.0
yf_ADM_d6;51000;INTARIAN_PEPPER_ROOT;11816;15;11812;25;;;11822;13;11824;14;;;11819.0;0.0
yf_ADM_d6;51100;ASH_COATED_OSMIUM;9896;5;9893;21;;;9926;19;9930;29;;;9911.0;0.0
yf_ADM_d6;51100;INTARIAN_PEPPER_ROOT;11808;5;11806;18;;;11831;19;11835;22;;;11819.5;0.0
yf_ADM_d6;51200;ASH_COATED_OSMIUM;9909;11;9906;18;;;9915;15;9919;14;;;9912.0;0.0
yf_ADM_d6;51200;INTARIAN_PEPPER_ROOT;11817;15;11814;17;;;11823;7;11827;16;;;11820.0;0.0
yf_ADM_d6;51300;ASH_COATED_OSMIUM;9909;7;9906;23;;;9915;12;9918;27;;;9912.0;0.0
yf_ADM_d6;51300;INTARIAN_PEPPER_ROOT;11815;6;11812;16;;;11827;17;11830;20;;;11821.0;0.0
yf_ADM_d6;51400;ASH_COATED_OSMIUM;9908;14;9904;19;;;9914;14;9917;25;;;9911.0;0.0
yf_ADM_d6;51400;INTARIAN_PEPPER_ROOT;11817;10;11813;11;;;11830;15;11832;14;;;11823.5;0.0
yf_ADM_d6;51500;ASH_COATED_OSMIUM;9908;7;9905;18;;;9914;9;9918;23;;;9911.0;0.0
yf_ADM_d6;51500;INTARIAN_PEPPER_ROOT;11816;5;11812;17;;;11830;13;11833;25;;;11823.0;0.0
yf_ADM_d6;51600;ASH_COATED_OSMIUM;9905;18;9903;29;;;9919;15;9923;20;;;9912.0;0.0
yf_ADM_d6;51600;INTARIAN_PEPPER_ROOT;11822;25;11818;25;;;11828;18;11831;11;;;11825.0;0.0
yf_ADM_d6;51700;ASH_COATED_OSMIUM;9906;17;9904;22;;;9918;14;9922;31;;;9912.0;0.0
yf_ADM_d6;51700;INTARIAN_PEPPER_ROOT;11823;11;11821;17;;;11829;13;11832;25;;;11826.0;0.0
yf_ADM_d6;51800;ASH_COATED_OSMIUM;9901;11;9899;19;;;9924;12;9928;28;;;9912.5;0.0
yf_ADM_d6;51800;INTARIAN_PEPPER_ROOT;11823;6;11821;14;;;11831;20;11833;19;;;11827.0;0.0
yf_ADM_d6;51900;ASH_COATED_OSMIUM;9909;13;9905;17;;;9915;8;9918;13;;;9912.0;0.0
yf_ADM_d6;51900;INTARIAN_PEPPER_ROOT;11821;10;11819;23;;;11835;22;11839;22;;;11828.0;0.0
yf_ADM_d6;52000;ASH_COATED_OSMIUM;9909;11;9905;22;;;9915;16;9917;15;;;9912.0;0.0
yf_ADM_d6;52000;INTARIAN_PEPPER_ROOT;11826;15;11822;16;;;11832;16;11834;22;;;11829.0;0.0
yf_ADM_d6;52100;ASH_COATED_OSMIUM;9899;9;9895;15;;;9925;13;9928;24;;;9912.0;0.0
yf_ADM_d6;52100;INTARIAN_PEPPER_ROOT;11828;17;11824;21;;;11834;16;11836;18;;;11831.0;0.0
yf_ADM_d6;52200;ASH_COATED_OSMIUM;9909;12;9907;17;;;9915;13;9917;23;;;9912.0;0.0
yf_ADM_d6;52200;INTARIAN_PEPPER_ROOT;11828;26;11826;12;;;11834;15;11837;23;;;11831.0;0.0
yf_ADM_d6;52300;ASH_COATED_OSMIUM;9910;13;9908;19;;;9916;11;9919;10;;;9913.0;0.0
yf_ADM_d6;52300;INTARIAN_PEPPER_ROOT;11829;13;11825;16;;;11835;11;11839;24;;;11832.0;0.0
yf_ADM_d6;52400;ASH_COATED_OSMIUM;9908;8;9906;27;;;9916;17;9918;21;;;9912.0;0.0
yf_ADM_d6;52400;INTARIAN_PEPPER_ROOT;11830;10;11826;19;;;11836;11;11839;12;;;11833.0;0.0
yf_ADM_d6;52500;ASH_COATED_OSMIUM;9908;12;9904;21;;;9918;13;9920;23;;;9913.0;0.0
yf_ADM_d6;52500;INTARIAN_PEPPER_ROOT;11826;6;11823;23;;;11843;21;11847;21;;;11834.5;0.0
yf_ADM_d6;52600;ASH_COATED_OSMIUM;9909;14;9907;23;;;9918;12;9921;18;;;9913.5;0.0
yf_ADM_d6;52600;INTARIAN_PEPPER_ROOT;11828;14;11825;27;;;11843;22;11846;20;;;11835.5;0.0
yf_ADM_d6;52700;ASH_COATED_OSMIUM;9894;13;9890;24;;;9933;16;9935;24;;;9913.5;0.0
yf_ADM_d6;52700;INTARIAN_PEPPER_ROOT;11833;13;11831;19;;;11839;18;11841;16;;;11836.0;0.0
yf_ADM_d6;52800;ASH_COATED_OSMIUM;9910;18;9907;22;;;9916;7;9920;26;;;9913.0;0.0
yf_ADM_d6;52800;INTARIAN_PEPPER_ROOT;11828;11;11825;16;;;11846;7;11848;20;;;11837.0;0.0
yf_ADM_d6;52900;ASH_COATED_OSMIUM;9910;8;9907;23;;;9917;11;9921;10;;;9913.5;0.0
yf_ADM_d6;52900;INTARIAN_PEPPER_ROOT;11835;13;11831;21;;;11841;21;11843;12;;;11838.0;0.0
yf_ADM_d6;53000;ASH_COATED_OSMIUM;9910;9;9906;30;;;9916;17;9918;15;;;9913.0;0.0
yf_ADM_d6;53000;INTARIAN_PEPPER_ROOT;11837;7;11834;26;;;11843;15;11846;18;;;11840.0;0.0
yf_ADM_d6;53100;ASH_COATED_OSMIUM;9909;5;9906;16;;;9917;21;9919;16;;;9913.0;0.0
yf_ADM_d6;53100;INTARIAN_PEPPER_ROOT;11835;21;11833;8;;;11847;10;11850;19;;;11841.0;0.0
yf_ADM_d6;53200;ASH_COATED_OSMIUM;9909;14;9906;17;;;9919;15;9923;22;;;9914.0;0.0
yf_ADM_d6;53200;INTARIAN_PEPPER_ROOT;11837;15;11833;21;;;11844;17;11847;17;;;11840.5;0.0
yf_ADM_d6;53300;ASH_COATED_OSMIUM;9911;10;9909;23;;;9917;16;9919;14;;;9914.0;0.0
yf_ADM_d6;53300;INTARIAN_PEPPER_ROOT;11839;28;11837;16;;;11845;21;11847;17;;;11842.0;0.0
yf_ADM_d6;53400;ASH_COATED_OSMIUM;9911;17;9907;21;;;9917;14;9919;31;;;9914.0;0.0
yf_ADM_d6;53400;INTARIAN_PEPPER_ROOT;11841;17;11839;17;;;11847;11;11850;19;;;11844.0;0.0
yf_ADM_d6;53500;ASH_COATED_OSMIUM;9903;19;9900;22;;;9924;12;9928;17;;;9913.5;0.0
yf_ADM_d6;53500;INTARIAN_PEPPER_ROOT;11842;10;11838;14;;;11848;28;11851;19;;;11845.0;0.0
yf_ADM_d6;53600;ASH_COATED_OSMIUM;9907;16;9905;17;;;9921;8;9925;16;;;9914.0;0.0
yf_ADM_d6;53600;INTARIAN_PEPPER_ROOT;11841;14;11839;28;;;11850;15;11852;22;;;11845.5;0.0
yf_ADM_d6;53700;ASH_COATED_OSMIUM;9909;14;9907;32;;;9920;7;9922;9;;;9914.5;0.0
yf_ADM_d6;53700;INTARIAN_PEPPER_ROOT;11844;21;11841;24;;;11850;9;11853;22;;;11847.0;0.0
yf_ADM_d6;53800;ASH_COATED_OSMIUM;9909;13;9906;18;;;9919;21;9921;25;;;9914.0;0.0
yf_ADM_d6;53800;INTARIAN_PEPPER_ROOT;11845;10;11842;17;;;11851;11;11855;15;;;11848.0;0.0
yf_ADM_d6;53900;ASH_COATED_OSMIUM;9911;15;9908;19;;;9917;20;9920;22;;;9914.0;0.0
yf_ADM_d6;53900;INTARIAN_PEPPER_ROOT;11846;14;11844;15;;;11852;16;11856;22;;;11849.0;0.0
yf_ADM_d6;54000;ASH_COATED_OSMIUM;9911;19;9907;8;;;9917;18;9920;18;;;9914.0;0.0
yf_ADM_d6;54000;INTARIAN_PEPPER_ROOT;11845;14;11841;26;;;11854;11;11857;19;;;11849.5;0.0
yf_ADM_d6;54100;ASH_COATED_OSMIUM;9911;18;9909;18;;;9918;15;9920;23;;;9914.5;0.0
yf_ADM_d6;54100;INTARIAN_PEPPER_ROOT;11848;7;11844;14;;;11855;19;11859;18;;;11851.5;0.0
yf_ADM_d6;54200;ASH_COATED_OSMIUM;9912;11;9908;16;;;9918;16;9921;26;;;9915.0;0.0
yf_ADM_d6;54200;INTARIAN_PEPPER_ROOT;11849;14;11845;15;;;11855;17;11859;30;;;11852.0;0.0
yf_ADM_d6;54300;ASH_COATED_OSMIUM;9911;19;9909;25;;;9918;14;9922;19;;;9914.5;0.0
yf_ADM_d6;54300;INTARIAN_PEPPER_ROOT;11835;15;11831;19;;;11871;16;11873;26;;;11853.0;0.0
yf_ADM_d6;54400;ASH_COATED_OSMIUM;9912;18;9909;20;;;9918;12;9920;22;;;9915.0;0.0
yf_ADM_d6;54400;INTARIAN_PEPPER_ROOT;11851;13;11847;21;;;11857;5;11860;18;;;11854.0;0.0
yf_ADM_d6;54500;ASH_COATED_OSMIUM;9912;10;9908;27;;;9918;6;9920;14;;;9915.0;0.0
yf_ADM_d6;54500;INTARIAN_PEPPER_ROOT;11848;7;11844;24;;;11862;19;11865;20;;;11855.0;0.0
yf_ADM_d6;54600;ASH_COATED_OSMIUM;9912;14;9909;21;;;9918;14;9921;15;;;9915.0;0.0
yf_ADM_d6;54600;INTARIAN_PEPPER_ROOT;11853;14;11851;28;;;11859;18;11862;25;;;11856.0;0.0
yf_ADM_d6;54700;ASH_COATED_OSMIUM;9912;17;9909;15;;;9918;18;9920;29;;;9915.0;0.0
yf_ADM_d6;54700;INTARIAN_PEPPER_ROOT;11854;19;11851;16;;;11860;16;11864;11;;;11857.0;0.0
yf_ADM_d6;54800;ASH_COATED_OSMIUM;9912;11;9909;11;;;9918;9;9921;12;;;9915.0;0.0
yf_ADM_d6;54800;INTARIAN_PEPPER_ROOT;11853;19;11849;20;;;11865;20;11867;20;;;11859.0;0.0
yf_ADM_d6;54900;ASH_COATED_OSMIUM;9913;19;9909;17;;;9919;19;9922;20;;;9916.0;0.0
yf_ADM_d6;54900;INTARIAN_PEPPER_ROOT;11856;19;11852;17;;;11862;12;11864;11;;;11859.0;0.0
yf_ADM_d6;55000;ASH_COATED_OSMIUM;9901;18;9899;22;;;9929;7;9932;20;;;9915.0;0.0
yf_ADM_d6;55000;INTARIAN_PEPPER_ROOT;11857;13;11853;22;;;11864;11;11867;22;;;11860.5;0.0
yf_ADM_d6;55100;ASH_COATED_OSMIUM;9913;20;9910;15;;;9919;8;9922;15;;;9916.0;0.0
yf_ADM_d6;55100;INTARIAN_PEPPER_ROOT;11858;12;11855;13;;;11866;8;11869;15;;;11862.0;0.0
yf_ADM_d6;55200;ASH_COATED_OSMIUM;9913;8;9910;23;;;9919;15;9921;25;;;9916.0;0.0
yf_ADM_d6;55200;INTARIAN_PEPPER_ROOT;11855;19;11851;23;;;11869;16;11871;17;;;11862.0;0.0
yf_ADM_d6;55300;ASH_COATED_OSMIUM;9913;13;9910;15;;;9919;15;9921;20;;;9916.0;0.0
yf_ADM_d6;55300;INTARIAN_PEPPER_ROOT;11858;10;11854;14;;;11870;13;11874;18;;;11864.0;0.0
yf_ADM_d6;55400;ASH_COATED_OSMIUM;9913;21;9911;19;;;9919;19;9922;22;;;9916.0;0.0
yf_ADM_d6;55400;INTARIAN_PEPPER_ROOT;11856;12;11853;24;;;11872;10;11874;23;;;11864.0;0.0
yf_ADM_d6;55500;ASH_COATED_OSMIUM;9910;13;9908;12;;;9921;12;9925;22;;;9915.5;0.0
yf_ADM_d6;55500;INTARIAN_PEPPER_ROOT;11859;17;11856;20;;;11872;13;11875;24;;;11865.5;0.0
yf_ADM_d6;55600;ASH_COATED_OSMIUM;9907;21;9905;27;;;9924;8;9927;26;;;9915.5;0.0
yf_ADM_d6;55600;INTARIAN_PEPPER_ROOT;11864;13;11861;26;;;11870;10;11873;14;;;11867.0;0.0
yf_ADM_d6;55700;ASH_COATED_OSMIUM;9913;11;9909;22;;;9919;10;9923;24;;;9916.0;0.0
yf_ADM_d6;55700;INTARIAN_PEPPER_ROOT;11855;13;11851;22;;;11879;7;11883;18;;;11867.0;0.0
yf_ADM_d6;55800;ASH_COATED_OSMIUM;9914;17;9910;19;;;9920;8;9923;17;;;9917.0;0.0
yf_ADM_d6;55800;INTARIAN_PEPPER_ROOT;11866;21;11862;22;;;11872;15;11875;23;;;11869.0;0.0
yf_ADM_d6;55900;ASH_COATED_OSMIUM;9913;17;9910;15;;;9919;23;9923;16;;;9916.0;0.0
yf_ADM_d6;55900;INTARIAN_PEPPER_ROOT;11867;13;11865;24;;;11873;6;11875;33;;;11870.0;0.0
yf_ADM_d6;56000;ASH_COATED_OSMIUM;9913;18;9910;15;;;9920;13;9923;20;;;9916.5;0.0
yf_ADM_d6;56000;INTARIAN_PEPPER_ROOT;11866;12;11863;12;;;11875;5;11877;19;;;11870.5;0.0
yf_ADM_d6;56100;ASH_COATED_OSMIUM;9914;14;9912;27;;;9920;14;9923;16;;;9917.0;0.0
yf_ADM_d6;56100;INTARIAN_PEPPER_ROOT;11869;13;11866;18;;;11875;13;11877;18;;;11872.0;0.0
yf_ADM_d6;56200;ASH_COATED_OSMIUM;9914;15;9910;31;;;9920;17;9923;19;;;9917.0;0.0
yf_ADM_d6;56200;INTARIAN_PEPPER_ROOT;11870;12;11866;23;;;11876;9;11878;24;;;11873.0;0.0
yf_ADM_d6;56300;ASH_COATED_OSMIUM;9914;19;9912;18;;;9920;21;9922;17;;;9917.0;0.0
yf_ADM_d6;56300;INTARIAN_PEPPER_ROOT;11871;19;11869;13;;;11877;26;11880;13;;;11874.0;0.0
yf_ADM_d6;56400;ASH_COATED_OSMIUM;9914;21;9911;15;;;9920;21;9923;24;;;9917.0;0.0
yf_ADM_d6;56400;INTARIAN_PEPPER_ROOT;11872;11;11870;13;;;11878;17;11882;13;;;11875.0;0.0
yf_ADM_d6;56500;ASH_COATED_OSMIUM;9914;14;9911;21;;;9920;20;9923;12;;;9917.0;0.0
yf_ADM_d6;56500;INTARIAN_PEPPER_ROOT;11872;18;11869;25;;;11880;16;11882;14;;;11876.0;0.0
yf_ADM_d6;56600;ASH_COATED_OSMIUM;9914;11;9910;21;;;9920;10;9922;11;;;9917.0;0.0
yf_ADM_d6;56600;INTARIAN_PEPPER_ROOT;11874;14;11871;23;;;11880;20;11884;18;;;11877.0;0.0
yf_ADM_d6;56700;ASH_COATED_OSMIUM;9914;18;9912;26;;;9920;15;9922;18;;;9917.0;0.0
yf_ADM_d6;56700;INTARIAN_PEPPER_ROOT;11875;16;11871;18;;;11881;12;11884;12;;;11878.0;0.0
yf_ADM_d6;56800;ASH_COATED_OSMIUM;9915;14;9911;23;;;9921;11;9925;19;;;9918.0;0.0
yf_ADM_d6;56800;INTARIAN_PEPPER_ROOT;11872;24;11868;22;;;11887;21;11890;24;;;11879.5;0.0
yf_ADM_d6;56900;ASH_COATED_OSMIUM;9915;8;9912;26;;;9921;11;9923;20;;;9918.0;0.0
yf_ADM_d6;56900;INTARIAN_PEPPER_ROOT;11873;7;11871;23;;;11887;11;11889;23;;;11880.0;0.0
yf_ADM_d6;57000;ASH_COATED_OSMIUM;9914;15;9910;14;;;9923;14;9926;15;;;9918.5;0.0
yf_ADM_d6;57000;INTARIAN_PEPPER_ROOT;11879;20;11875;16;;;11885;18;11888;15;;;11882.0;0.0
yf_ADM_d6;57100;ASH_COATED_OSMIUM;9915;16;9911;23;;;9921;5;9925;23;;;9918.0;0.0
yf_ADM_d6;57100;INTARIAN_PEPPER_ROOT;11876;18;11873;21;;;11889;9;11892;14;;;11882.5;0.0
yf_ADM_d6;57200;ASH_COATED_OSMIUM;9915;18;9911;24;;;9921;13;9923;31;;;9918.0;0.0
yf_ADM_d6;57200;INTARIAN_PEPPER_ROOT;11881;14;11879;25;;;11887;9;11890;8;;;11884.0;0.0
yf_ADM_d6;57300;ASH_COATED_OSMIUM;9909;11;9907;15;;;9928;20;9931;17;;;9918.5;0.0
yf_ADM_d6;57300;INTARIAN_PEPPER_ROOT;11882;15;11880;19;;;11888;8;11892;22;;;11885.0;0.0
yf_ADM_d6;57400;ASH_COATED_OSMIUM;9915;25;9913;19;;;9921;10;9924;24;;;9918.0;0.0
yf_ADM_d6;57400;INTARIAN_PEPPER_ROOT;11873;16;11870;17;;;11896;13;11900;29;;;11884.5;0.0
yf_ADM_d6;57500;ASH_COATED_OSMIUM;9915;21;9911;20;;;9921;19;9923;24;;;9918.0;0.0
yf_ADM_d6;57500;INTARIAN_PEPPER_ROOT;11884;11;11881;27;;;11890;19;11892;25;;;11887.0;0.0
yf_ADM_d6;57600;ASH_COATED_OSMIUM;9916;20;9912;30;;;9922;23;9925;16;;;9919.0;0.0
yf_ADM_d6;57600;INTARIAN_PEPPER_ROOT;11879;9;11877;29;;;11897;13;11899;26;;;11888.0;0.0
yf_ADM_d6;57700;ASH_COATED_OSMIUM;9908;11;9905;20;;;9929;11;9931;19;;;9918.5;0.0
yf_ADM_d6;57700;INTARIAN_PEPPER_ROOT;11885;21;11883;20;;;11891;20;11893;17;;;11888.0;0.0
yf_ADM_d6;57800;ASH_COATED_OSMIUM;9911;8;9908;8;;;9926;11;9929;17;;;9918.5;0.0
yf_ADM_d6;57800;INTARIAN_PEPPER_ROOT;11886;10;11882;23;;;11892;16;11896;13;;;11889.0;0.0
yf_ADM_d6;57900;ASH_COATED_OSMIUM;9911;20;9907;25;;;9927;17;9929;18;;;9919.0;0.0
yf_ADM_d6;57900;INTARIAN_PEPPER_ROOT;11880;10;11876;16;;;11900;17;11904;20;;;11890.0;0.0
yf_ADM_d6;58000;ASH_COATED_OSMIUM;9907;6;9905;25;;;9931;13;9934;18;;;9919.0;0.0
yf_ADM_d6;58000;INTARIAN_PEPPER_ROOT;11887;19;11883;14;;;11897;9;11901;11;;;11892.0;0.0
yf_ADM_d6;58100;ASH_COATED_OSMIUM;9909;13;9905;19;;;9930;16;9934;24;;;9919.5;0.0
yf_ADM_d6;58100;INTARIAN_PEPPER_ROOT;11890;14;11886;23;;;11896;8;11898;22;;;11893.0;0.0
yf_ADM_d6;58200;ASH_COATED_OSMIUM;9916;13;9914;18;;;9922;16;9926;20;;;9919.0;0.0
yf_ADM_d6;58200;INTARIAN_PEPPER_ROOT;11890;9;11886;21;;;11897;15;11901;22;;;11893.5;0.0
yf_ADM_d6;58300;ASH_COATED_OSMIUM;9912;17;9909;24;;;9926;13;9928;22;;;9919.0;0.0
yf_ADM_d6;58300;INTARIAN_PEPPER_ROOT;11891;8;11888;23;;;11897;21;11899;21;;;11894.0;0.0
yf_ADM_d6;58400;ASH_COATED_OSMIUM;9911;16;9909;25;;;9927;11;9930;12;;;9919.0;0.0
yf_ADM_d6;58400;INTARIAN_PEPPER_ROOT;11891;18;11887;12;;;11901;11;11904;24;;;11896.0;0.0
yf_ADM_d6;58500;ASH_COATED_OSMIUM;9916;17;9914;22;;;9922;15;9924;20;;;9919.0;0.0
yf_ADM_d6;58500;INTARIAN_PEPPER_ROOT;11894;25;11892;16;;;11900;17;11902;24;;;11897.0;0.0
yf_ADM_d6;58600;ASH_COATED_OSMIUM;9909;22;9905;20;;;9930;15;9933;24;;;9919.5;0.0
yf_ADM_d6;58600;INTARIAN_PEPPER_ROOT;11895;17;11892;21;;;11901;11;11903;18;;;11898.0;0.0
yf_ADM_d6;58700;ASH_COATED_OSMIUM;9914;7;9911;31;;;9927;25;9930;21;;;9920.5;0.0
yf_ADM_d6;58700;INTARIAN_PEPPER_ROOT;11896;21;11892;21;;;11902;12;11906;18;;;11899.0;0.0
yf_ADM_d6;58800;ASH_COATED_OSMIUM;9917;15;9915;19;;;9923;15;9926;18;;;9920.0;0.0
yf_ADM_d6;58800;INTARIAN_PEPPER_ROOT;11897;5;11895;25;;;11903;20;11905;19;;;11900.0;0.0
yf_ADM_d6;58900;ASH_COATED_OSMIUM;9915;6;9913;22;;;9926;10;9930;11;;;9920.5;0.0
yf_ADM_d6;58900;INTARIAN_PEPPER_ROOT;11899;13;11897;30;;;11905;10;11908;19;;;11902.0;0.0
yf_ADM_d6;59000;ASH_COATED_OSMIUM;9907;12;9904;15;;;9933;17;9936;16;;;9920.0;0.0
