day;timestamp;product;bid_price_1;bid_volume_1;bid_price_2;bid_volume_2;bid_price_3;bid_volume_3;ask_price_1;ask_volume_1;ask_price_2;ask_volume_2;ask_price_3;ask_volume_3;mid_price;profit_and_loss
av_COTTON_d2;0;ASH_COATED_OSMIUM;10065;9;10062;20;;;10075;5;10077;12;;;10070.0;0.0
av_COTTON_d2;0;INTARIAN_PEPPER_ROOT;12898;16;12895;17;;;12904;8;12906;23;;;12901.0;0.0
av_COTTON_d2;100;ASH_COATED_OSMIUM;10067;7;10065;25;;;10073;11;10075;20;;;10070.0;0.0
av_COTTON_d2;100;INTARIAN_PEPPER_ROOT;12898;16;12896;16;;;12904;18;12907;14;;;12901.0;0.0
av_COTTON_d2;200;ASH_COATED_OSMIUM;10063;18;10061;23;;;10076;21;10079;20;;;10069.5;0.0
av_COTTON_d2;200;INTARIAN_PEPPER_ROOT;12899;5;12897;23;;;12905;14;12907;29;;;12902.0;0.0
av_COTTON_d2;300;ASH_COATED_OSMIUM;10067;19;10065;16;;;10073;13;10076;15;;;10070.0;0.0
av_COTTON_d2;300;INTARIAN_PEPPER_ROOT;12899;18;12896;23;;;12905;18;12908;22;;;12902.0;0.0
av_COTTON_d2;400;ASH_COATED_OSMIUM;10066;7;10062;30;;;10072;14;10075;22;;;10069.0;0.0
av_COTTON_d2;400;INTARIAN_PEPPER_ROOT;12899;7;12896;18;;;12905;13;12908;22;;;12902.0;0.0
av_COTTON_d2;500;ASH_COATED_OSMIUM;10067;6;10064;13;;;10073;17;10076;29;;;10070.0;0.0
av_COTTON_d2;500;INTARIAN_PEPPER_ROOT;12899;22;12897;21;;;12905;10;12909;21;;;12902.0;0.0
av_COTTON_d2;600;ASH_COATED_OSMIUM;10066;13;10063;20;;;10072;12;10076;12;;;10069.0;0.0
av_COTTON_d2;600;INTARIAN_PEPPER_ROOT;12900;6;12898;27;;;12906;16;12909;12;;;12903.0;0.0
av_COTTON_d2;700;ASH_COATED_OSMIUM;10055;6;10051;11;;;10085;19;10087;13;;;10070.0;0.0
av_COTTON_d2;700;INTARIAN_PEPPER_ROOT;12900;16;12898;22;;;12906;17;12908;18;;;12903.0;0.0
av_COTTON_d2;800;ASH_COATED_OSMIUM;10063;20;10060;17;;;10076;17;10079;26;;;10069.5;0.0
av_COTTON_d2;800;INTARIAN_PEPPER_ROOT;12898;16;12896;18;;;12908;20;12911;18;;;12903.0;0.0
av_COTTON_d2;900;ASH_COATED_OSMIUM;10067;15;10064;15;;;10073;7;10075;26;;;10070.0;0.0
av_COTTON_d2;900;INTARIAN_PEPPER_ROOT;12901;16;12897;15;;;12907;12;12910;19;;;12904.0;0.0
av_COTTON_d2;1000;ASH_COATED_OSMIUM;10066;12;10062;26;;;10072;16;10075;22;;;10069.0;0.0
av_COTTON_d2;1000;INTARIAN_PEPPER_ROOT;12901;22;12898;17;;;12907;8;12911;26;;;12904.0;0.0
av_COTTON_d2;1100;ASH_COATED_OSMIUM;10067;15;10065;16;;;10073;14;10075;17;;;10070.0;0.0
av_COTTON_d2;1100;INTARIAN_PEPPER_ROOT;12901;5;12898;17;;;12907;18;12910;19;;;12904.0;0.0
av_COTTON_d2;1200;ASH_COATED_OSMIUM;10065;15;10063;25;;;10074;13;10078;24;;;10069.5;0.0
av_COTTON_d2;1200;INTARIAN_PEPPER_ROOT;12898;10;12895;25;;;12911;17;12913;15;;;12904.5;0.0
av_COTTON_d2;1300;ASH_COATED_OSMIUM;10067;7;10063;10;;;10073;14;10075;22;;;10070.0;0.0
av_COTTON_d2;1300;INTARIAN_PEPPER_ROOT;12899;18;12896;15;;;12911;7;12914;24;;;12905.0;0.0
av_COTTON_d2;1400;ASH_COATED_OSMIUM;10067;22;10063;24;;;10073;15;10077;23;;;10070.0;0.0
av_COTTON_d2;1400;INTARIAN_PEPPER_ROOT;12895;13;12892;16;;;12914;9;12916;23;;;12904.5;0.0
av_COTTON_d2;1500;ASH_COATED_OSMIUM;10052;12;10049;14;;;10085;13;10089;19;;;10068.5;0.0
av_COTTON_d2;1500;INTARIAN_PEPPER_ROOT;12902;11;12899;22;;;12908;12;12910;14;;;12905.0;0.0
av_COTTON_d2;1600;ASH_COATED_OSMIUM;10065;9;10061;16;;;10073;12;10075;10;;;10069.0;0.0
av_COTTON_d2;1600;INTARIAN_PEPPER_ROOT;12903;17;12901;24;;;12909;19;12912;22;;;12906.0;0.0
av_COTTON_d2;1700;ASH_COATED_OSMIUM;10064;21;10061;9;;;10075;10;10077;20;;;10069.5;0.0
av_COTTON_d2;1700;INTARIAN_PEPPER_ROOT;12901;7;12898;18;;;12910;9;12912;23;;;12905.5;0.0
av_COTTON_d2;1800;ASH_COATED_OSMIUM;10066;19;10063;19;;;10072;13;10076;14;;;10069.0;0.0
av_COTTON_d2;1800;INTARIAN_PEPPER_ROOT;12903;8;12899;17;;;12909;20;12912;14;;;12906.0;0.0
av_COTTON_d2;1900;ASH_COATED_OSMIUM;10066;21;10062;27;;;10072;16;10076;13;;;10069.0;0.0
av_COTTON_d2;1900;INTARIAN_PEPPER_ROOT;12902;16;12898;21;;;12910;7;12913;32;;;12906.0;0.0
av_COTTON_d2;2000;ASH_COATED_OSMIUM;10067;19;10064;23;;;10073;11;10076;12;;;10070.0;0.0
av_COTTON_d2;2000;INTARIAN_PEPPER_ROOT;12904;14;12901;11;;;12910;26;12912;24;;;12907.0;0.0
av_COTTON_d2;2100;ASH_COATED_OSMIUM;10059;20;10057;26;;;10080;9;10083;15;;;10069.5;0.0
av_COTTON_d2;2100;INTARIAN_PEPPER_ROOT;12903;14;12899;26;;;12909;18;12913;19;;;12906.0;0.0
av_COTTON_d2;2200;ASH_COATED_OSMIUM;10067;18;10065;16;;;10073;17;10075;21;;;10070.0;0.0
av_COTTON_d2;2200;INTARIAN_PEPPER_ROOT;12904;8;12901;22;;;12910;9;12914;20;;;12907.0;0.0
av_COTTON_d2;2300;ASH_COATED_OSMIUM;10066;12;10063;19;;;10072;20;10075;16;;;10069.0;0.0
av_COTTON_d2;2300;INTARIAN_PEPPER_ROOT;12904;13;12902;21;;;12910;9;12914;11;;;12907.0;0.0
av_COTTON_d2;2400;ASH_COATED_OSMIUM;10064;17;10060;16;;;10073;20;10075;28;;;10068.5;0.0
av_COTTON_d2;2400;INTARIAN_PEPPER_ROOT;12898;16;12896;19;;;12918;9;12921;22;;;12908.0;0.0
av_COTTON_d2;2500;ASH_COATED_OSMIUM;10066;8;10062;25;;;10072;20;10075;11;;;10069.0;0.0
av_COTTON_d2;2500;INTARIAN_PEPPER_ROOT;12895;15;12893;15;;;12920;27;12922;22;;;12907.5;0.0
av_COTTON_d2;2600;ASH_COATED_OSMIUM;10066;11;10064;20;;;10072;13;10076;12;;;10069.0;0.0
av_COTTON_d2;2600;INTARIAN_PEPPER_ROOT;12906;23;12902;21;;;12912;16;12916;11;;;12909.0;0.0
av_COTTON_d2;2700;ASH_COATED_OSMIUM;10066;18;10064;20;;;10072;6;10075;19;;;10069.0;0.0
av_COTTON_d2;2700;INTARIAN_PEPPER_ROOT;12906;21;12904;18;;;12912;11;12914;24;;;12909.0;0.0
av_COTTON_d2;2800;ASH_COATED_OSMIUM;10066;15;10063;8;;;10072;7;10074;26;;;10069.0;0.0
av_COTTON_d2;2800;INTARIAN_PEPPER_ROOT;12906;27;12903;19;;;12912;13;12915;21;;;12909.0;0.0
av_COTTON_d2;2900;ASH_COATED_OSMIUM;10066;9;10064;21;;;10072;19;10074;16;;;10069.0;0.0
av_COTTON_d2;2900;INTARIAN_PEPPER_ROOT;12904;20;12900;25;;;12912;14;12916;15;;;12908.0;0.0
av_COTTON_d2;3000;ASH_COATED_OSMIUM;10066;23;10062;29;;;10072;15;10076;20;;;10069.0;0.0
av_COTTON_d2;3000;INTARIAN_PEPPER_ROOT;12906;17;12904;25;;;12912;15;12916;27;;;12909.0;0.0
av_COTTON_d2;3100;ASH_COATED_OSMIUM;10066;20;10064;30;;;10072;19;10074;20;;;10069.0;0.0
av_COTTON_d2;3100;INTARIAN_PEPPER_ROOT;12906;20;12903;16;;;12912;13;12916;19;;;12909.0;0.0
av_COTTON_d2;3200;ASH_COATED_OSMIUM;10065;18;10063;29;;;10074;16;10077;19;;;10069.5;0.0
av_COTTON_d2;3200;INTARIAN_PEPPER_ROOT;12906;11;12904;20;;;12912;15;12916;12;;;12909.0;0.0
av_COTTON_d2;3300;ASH_COATED_OSMIUM;10064;13;10061;26;;;10074;13;10076;22;;;10069.0;0.0
av_COTTON_d2;3300;INTARIAN_PEPPER_ROOT;12897;12;12894;15;;;12923;18;12926;18;;;12910.0;0.0
av_COTTON_d2;3400;ASH_COATED_OSMIUM;10066;19;10062;17;;;10072;17;10074;20;;;10069.0;0.0
av_COTTON_d2;3400;INTARIAN_PEPPER_ROOT;12902;14;12900;14;;;12918;15;12922;21;;;12910.0;0.0
av_COTTON_d2;3500;ASH_COATED_OSMIUM;10066;16;10062;24;;;10072;14;10076;14;;;10069.0;0.0
av_COTTON_d2;3500;INTARIAN_PEPPER_ROOT;12907;10;12903;17;;;12913;17;12915;19;;;12910.0;0.0
av_COTTON_d2;3600;ASH_COATED_OSMIUM;10066;20;10063;12;;;10072;8;10075;26;;;10069.0;0.0
av_COTTON_d2;3600;INTARIAN_PEPPER_ROOT;12908;12;12906;19;;;12914;13;12918;22;;;12911.0;0.0
av_COTTON_d2;3700;ASH_COATED_OSMIUM;10066;19;10063;20;;;10072;15;10074;19;;;10069.0;0.0
av_COTTON_d2;3700;INTARIAN_PEPPER_ROOT;12906;19;12903;23;;;12915;18;12918;27;;;12910.5;0.0
av_COTTON_d2;3800;ASH_COATED_OSMIUM;10065;20;10061;25;;;10071;13;10073;18;;;10068.0;0.0
av_COTTON_d2;3800;INTARIAN_PEPPER_ROOT;12906;12;12902;14;;;12915;11;12919;15;;;12910.5;0.0
av_COTTON_d2;3900;ASH_COATED_OSMIUM;10063;12;10060;17;;;10074;7;10076;21;;;10068.5;0.0
av_COTTON_d2;3900;INTARIAN_PEPPER_ROOT;12907;14;12903;16;;;12915;10;12919;23;;;12911.0;0.0
av_COTTON_d2;4000;ASH_COATED_OSMIUM;10066;19;10062;20;;;10072;12;10076;20;;;10069.0;0.0
av_COTTON_d2;4000;INTARIAN_PEPPER_ROOT;12908;18;12905;26;;;12914;26;12917;19;;;12911.0;0.0
av_COTTON_d2;4100;ASH_COATED_OSMIUM;10066;5;10062;22;;;10072;5;10075;24;;;10069.0;0.0
av_COTTON_d2;4100;INTARIAN_PEPPER_ROOT;12898;14;12896;22;;;12924;19;12926;22;;;12911.0;0.0
av_COTTON_d2;4200;ASH_COATED_OSMIUM;10065;19;10062;12;;;10073;11;10077;12;;;10069.0;0.0
av_COTTON_d2;4200;INTARIAN_PEPPER_ROOT;12909;5;12905;16;;;12915;13;12919;25;;;12912.0;0.0
av_COTTON_d2;4300;ASH_COATED_OSMIUM;10066;12;10064;16;;;10072;14;10075;15;;;10069.0;0.0
av_COTTON_d2;4300;INTARIAN_PEPPER_ROOT;12909;15;12907;24;;;12915;13;12918;25;;;12912.0;0.0
av_COTTON_d2;4400;ASH_COATED_OSMIUM;10066;16;10063;13;;;10072;14;10076;23;;;10069.0;0.0
av_COTTON_d2;4400;INTARIAN_PEPPER_ROOT;12909;25;12905;19;;;12915;17;12918;28;;;12912.0;0.0
av_COTTON_d2;4500;ASH_COATED_OSMIUM;10066;7;10064;23;;;10072;14;10076;20;;;10069.0;0.0
av_COTTON_d2;4500;INTARIAN_PEPPER_ROOT;12906;16;12902;16;;;12920;27;12924;18;;;12913.0;0.0
av_COTTON_d2;4600;ASH_COATED_OSMIUM;10066;13;10063;22;;;10072;13;10076;29;;;10069.0;0.0
av_COTTON_d2;4600;INTARIAN_PEPPER_ROOT;12909;8;12907;19;;;12917;12;12919;14;;;12913.0;0.0
av_COTTON_d2;4700;ASH_COATED_OSMIUM;10066;13;10062;19;;;10072;15;10075;25;;;10069.0;0.0
av_COTTON_d2;4700;INTARIAN_PEPPER_ROOT;12911;13;12907;35;;;12917;23;12919;27;;;12914.0;0.0
av_COTTON_d2;4800;ASH_COATED_OSMIUM;10066;9;10062;18;;;10072;5;10074;21;;;10069.0;0.0
av_COTTON_d2;4800;INTARIAN_PEPPER_ROOT;12911;12;12908;27;;;12917;20;12921;22;;;12914.0;0.0
av_COTTON_d2;4900;ASH_COATED_OSMIUM;10066;21;10062;17;;;10072;22;10076;17;;;10069.0;0.0
av_COTTON_d2;4900;INTARIAN_PEPPER_ROOT;12911;22;12909;26;;;12917;16;12921;29;;;12914.0;0.0
av_COTTON_d2;5000;ASH_COATED_OSMIUM;10059;10;10056;19;;;10078;17;10082;25;;;10068.5;0.0
av_COTTON_d2;5000;INTARIAN_PEPPER_ROOT;12911;8;12907;18;;;12917;16;12921;14;;;12914.0;0.0
av_COTTON_d2;5100;ASH_COATED_OSMIUM;10066;18;10063;16;;;10072;10;10076;23;;;10069.0;0.0
av_COTTON_d2;5100;INTARIAN_PEPPER_ROOT;12910;8;12906;13;;;12919;16;12921;13;;;12914.5;0.0
av_COTTON_d2;5200;ASH_COATED_OSMIUM;10066;13;10062;29;;;10072;17;10074;24;;;10069.0;0.0
av_COTTON_d2;5200;INTARIAN_PEPPER_ROOT;12912;26;12909;12;;;12918;15;12920;21;;;12915.0;0.0
av_COTTON_d2;5300;ASH_COATED_OSMIUM;10066;17;10062;24;;;10072;8;10074;22;;;10069.0;0.0
av_COTTON_d2;5300;INTARIAN_PEPPER_ROOT;12911;12;12909;27;;;12917;11;12921;23;;;12914.0;0.0
av_COTTON_d2;5400;ASH_COATED_OSMIUM;10066;25;10064;24;;;10072;17;10076;30;;;10069.0;0.0
av_COTTON_d2;5400;INTARIAN_PEPPER_ROOT;12912;14;12910;26;;;12918;19;12922;27;;;12915.0;0.0
av_COTTON_d2;5500;ASH_COATED_OSMIUM;10066;8;10063;19;;;10072;15;10075;21;;;10069.0;0.0
av_COTTON_d2;5500;INTARIAN_PEPPER_ROOT;12911;18;12908;17;;;12918;18;12922;12;;;12914.5;0.0
av_COTTON_d2;5600;ASH_COATED_OSMIUM;10051;8;10047;25;;;10087;17;10089;17;;;10069.0;0.0
av_COTTON_d2;5600;INTARIAN_PEPPER_ROOT;12911;20;12909;23;;;12920;12;12924;23;;;12915.5;0.0
av_COTTON_d2;5700;ASH_COATED_OSMIUM;10055;18;10052;15;;;10082;19;10086;18;;;10068.5;0.0
av_COTTON_d2;5700;INTARIAN_PEPPER_ROOT;12912;11;12909;15;;;12918;13;12921;20;;;12915.0;0.0
av_COTTON_d2;5800;ASH_COATED_OSMIUM;10066;12;10062;16;;;10072;10;10075;20;;;10069.0;0.0
av_COTTON_d2;5800;INTARIAN_PEPPER_ROOT;12913;8;12909;21;;;12919;14;12922;15;;;12916.0;0.0
av_COTTON_d2;5900;ASH_COATED_OSMIUM;10062;16;10059;20;;;10075;17;10077;26;;;10068.5;0.0
av_COTTON_d2;5900;INTARIAN_PEPPER_ROOT;12913;7;12910;21;;;12919;15;12923;17;;;12916.0;0.0
av_COTTON_d2;6000;ASH_COATED_OSMIUM;10065;9;10063;22;;;10071;12;10073;8;;;10068.0;0.0
av_COTTON_d2;6000;INTARIAN_PEPPER_ROOT;12913;7;12911;16;;;12919;11;12923;13;;;12916.0;0.0
av_COTTON_d2;6100;ASH_COATED_OSMIUM;10066;19;10063;17;;;10072;17;10076;18;;;10069.0;0.0
av_COTTON_d2;6100;INTARIAN_PEPPER_ROOT;12910;16;12907;15;;;12922;30;12926;27;;;12916.0;0.0
av_COTTON_d2;6200;ASH_COATED_OSMIUM;10063;22;10060;23;;;10074;27;10077;18;;;10068.5;0.0
av_COTTON_d2;6200;INTARIAN_PEPPER_ROOT;12914;17;12911;23;;;12920;19;12924;18;;;12917.0;0.0
av_COTTON_d2;6300;ASH_COATED_OSMIUM;10066;11;10063;20;;;10072;9;10074;18;;;10069.0;0.0
av_COTTON_d2;6300;INTARIAN_PEPPER_ROOT;12914;23;12910;13;;;12920;18;12923;16;;;12917.0;0.0
av_COTTON_d2;6400;ASH_COATED_OSMIUM;10066;21;10063;24;;;10072;13;10075;22;;;10069.0;0.0
av_COTTON_d2;6400;INTARIAN_PEPPER_ROOT;12915;15;12911;19;;;12921;22;12924;12;;;12918.0;0.0
av_COTTON_d2;6500;ASH_COATED_OSMIUM;10066;11;10064;25;;;10072;5;10074;15;;;10069.0;0.0
av_COTTON_d2;6500;INTARIAN_PEPPER_ROOT;12914;5;12912;22;;;12921;11;12924;8;;;12917.5;0.0
av_COTTON_d2;6600;ASH_COATED_OSMIUM;10060;10;10056;30;;;10077;21;10079;17;;;10068.5;0.0
av_COTTON_d2;6600;INTARIAN_PEPPER_ROOT;12915;14;12913;18;;;12921;19;12924;18;;;12918.0;0.0
av_COTTON_d2;6700;ASH_COATED_OSMIUM;10065;18;10063;23;;;10071;14;10074;14;;;10068.0;0.0
av_COTTON_d2;6700;INTARIAN_PEPPER_ROOT;12915;18;12913;14;;;12922;11;12926;19;;;12918.5;0.0
av_COTTON_d2;6800;ASH_COATED_OSMIUM;10065;20;10061;18;;;10071;14;10074;17;;;10068.0;0.0
av_COTTON_d2;6800;INTARIAN_PEPPER_ROOT;12916;22;12912;9;;;12922;17;12926;23;;;12919.0;0.0
av_COTTON_d2;6900;ASH_COATED_OSMIUM;10059;19;10056;23;;;10077;16;10079;23;;;10068.0;0.0
av_COTTON_d2;6900;INTARIAN_PEPPER_ROOT;12913;18;12910;27;;;12924;20;12928;20;;;12918.5;0.0
av_COTTON_d2;7000;ASH_COATED_OSMIUM;10064;16;10061;19;;;10073;17;10077;16;;;10068.5;0.0
av_COTTON_d2;7000;INTARIAN_PEPPER_ROOT;12915;9;12912;27;;;12923;14;12925;20;;;12919.0;0.0
av_COTTON_d2;7100;ASH_COATED_OSMIUM;10066;12;10062;22;;;10072;17;10076;8;;;10069.0;0.0
av_COTTON_d2;7100;INTARIAN_PEPPER_ROOT;12917;8;12913;15;;;12923;16;12926;18;;;12920.0;0.0
av_COTTON_d2;7200;ASH_COATED_OSMIUM;10065;8;10063;22;;;10071;8;10073;22;;;10068.0;0.0
av_COTTON_d2;7200;INTARIAN_PEPPER_ROOT;12905;18;12903;18;;;12934;12;12936;17;;;12919.5;0.0
av_COTTON_d2;7300;ASH_COATED_OSMIUM;10065;18;10061;24;;;10071;20;10073;15;;;10068.0;0.0
av_COTTON_d2;7300;INTARIAN_PEPPER_ROOT;12913;24;12911;18;;;12927;18;12930;25;;;12920.0;0.0
av_COTTON_d2;7400;ASH_COATED_OSMIUM;10064;7;10060;14;;;10072;25;10076;19;;;10068.0;0.0
av_COTTON_d2;7400;INTARIAN_PEPPER_ROOT;12917;8;12913;26;;;12923;17;12925;12;;;12920.0;0.0
av_COTTON_d2;7500;ASH_COATED_OSMIUM;10062;20;10059;23;;;10073;17;10077;21;;;10067.5;0.0
av_COTTON_d2;7500;INTARIAN_PEPPER_ROOT;12917;8;12913;17;;;12923;5;12926;17;;;12920.0;0.0
av_COTTON_d2;7600;ASH_COATED_OSMIUM;10056;18;10052;14;;;10080;5;10084;21;;;10068.0;0.0
av_COTTON_d2;7600;INTARIAN_PEPPER_ROOT;12918;5;12915;25;;;12924;13;12927;11;;;12921.0;0.0
av_COTTON_d2;7700;ASH_COATED_OSMIUM;10065;15;10061;8;;;10071;12;10075;26;;;10068.0;0.0
av_COTTON_d2;7700;INTARIAN_PEPPER_ROOT;12911;17;12907;27;;;12930;22;12933;26;;;12920.5;0.0
av_COTTON_d2;7800;ASH_COATED_OSMIUM;10056;14;10053;8;;;10080;14;10083;17;;;10068.0;0.0
av_COTTON_d2;7800;INTARIAN_PEPPER_ROOT;12919;9;12917;25;;;12925;19;12927;16;;;12922.0;0.0
av_COTTON_d2;7900;ASH_COATED_OSMIUM;10062;22;10059;8;;;10075;9;10079;28;;;10068.5;0.0
av_COTTON_d2;7900;INTARIAN_PEPPER_ROOT;12914;21;12912;20;;;12929;16;12932;25;;;12921.5;0.0
av_COTTON_d2;8000;ASH_COATED_OSMIUM;10065;14;10063;18;;;10073;7;10077;23;;;10069.0;0.0
av_COTTON_d2;8000;INTARIAN_PEPPER_ROOT;12919;22;12917;21;;;12925;14;12927;20;;;12922.0;0.0
av_COTTON_d2;8100;ASH_COATED_OSMIUM;10065;9;10062;20;;;10072;11;10075;19;;;10068.5;0.0
av_COTTON_d2;8100;INTARIAN_PEPPER_ROOT;12914;18;12912;21;;;12930;9;12934;15;;;12922.0;0.0
av_COTTON_d2;8200;ASH_COATED_OSMIUM;10065;7;10063;21;;;10071;8;10074;16;;;10068.0;0.0
av_COTTON_d2;8200;INTARIAN_PEPPER_ROOT;12918;9;12914;16;;;12927;9;12931;13;;;12922.5;0.0
av_COTTON_d2;8300;ASH_COATED_OSMIUM;10064;18;10061;25;;;10072;20;10075;28;;;10068.0;0.0
av_COTTON_d2;8300;INTARIAN_PEPPER_ROOT;12919;13;12915;23;;;12925;6;12929;13;;;12922.0;0.0
av_COTTON_d2;8400;ASH_COATED_OSMIUM;10062;11;10060;26;;;10076;14;10080;17;;;10069.0;0.0
av_COTTON_d2;8400;INTARIAN_PEPPER_ROOT;12914;17;12911;22;;;12930;20;12932;19;;;12922.0;0.0
av_COTTON_d2;8500;ASH_COATED_OSMIUM;10065;20;10061;18;;;10071;19;10075;25;;;10068.0;0.0
av_COTTON_d2;8500;INTARIAN_PEPPER_ROOT;12920;14;12917;21;;;12926;7;12928;29;;;12923.0;0.0
av_COTTON_d2;8600;ASH_COATED_OSMIUM;10065;15;10062;25;;;10072;21;10076;24;;;10068.5;0.0
av_COTTON_d2;8600;INTARIAN_PEPPER_ROOT;12919;14;12915;20;;;12928;12;12932;23;;;12923.5;0.0
av_COTTON_d2;8700;ASH_COATED_OSMIUM;10065;5;10063;14;;;10071;15;10075;23;;;10068.0;0.0
av_COTTON_d2;8700;INTARIAN_PEPPER_ROOT;12913;21;12911;20;;;12933;5;12935;21;;;12923.0;0.0
av_COTTON_d2;8800;ASH_COATED_OSMIUM;10065;13;10061;19;;;10071;7;10073;10;;;10068.0;0.0
av_COTTON_d2;8800;INTARIAN_PEPPER_ROOT;12921;12;12917;24;;;12927;22;12931;29;;;12924.0;0.0
av_COTTON_d2;8900;ASH_COATED_OSMIUM;10061;11;10059;16;;;10075;7;10079;21;;;10068.0;0.0
av_COTTON_d2;8900;INTARIAN_PEPPER_ROOT;12921;15;12918;20;;;12927;26;12930;12;;;12924.0;0.0
av_COTTON_d2;9000;ASH_COATED_OSMIUM;10065;20;10062;13;;;10071;17;10075;16;;;10068.0;0.0
av_COTTON_d2;9000;INTARIAN_PEPPER_ROOT;12921;21;12918;17;;;12927;9;12931;18;;;12924.0;0.0
av_COTTON_d2;9100;ASH_COATED_OSMIUM;10065;14;10063;20;;;10071;15;10074;13;;;10068.0;0.0
av_COTTON_d2;9100;INTARIAN_PEPPER_ROOT;12922;10;12920;22;;;12928;8;12930;30;;;12925.0;0.0
av_COTTON_d2;9200;ASH_COATED_OSMIUM;10065;13;10061;23;;;10071;10;10074;23;;;10068.0;0.0
av_COTTON_d2;9200;INTARIAN_PEPPER_ROOT;12922;17;12920;22;;;12928;15;12932;17;;;12925.0;0.0
av_COTTON_d2;9300;ASH_COATED_OSMIUM;10062;13;10058;16;;;10074;12;10077;13;;;10068.0;0.0
av_COTTON_d2;9300;INTARIAN_PEPPER_ROOT;12922;12;12918;25;;;12928;11;12931;22;;;12925.0;0.0
av_COTTON_d2;9400;ASH_COATED_OSMIUM;10064;9;10061;25;;;10071;7;10074;10;;;10067.5;0.0
av_COTTON_d2;9400;INTARIAN_PEPPER_ROOT;12922;10;12920;16;;;12928;17;12932;21;;;12925.0;0.0
av_COTTON_d2;9500;ASH_COATED_OSMIUM;10065;5;10063;17;;;10071;12;10075;20;;;10068.0;0.0
av_COTTON_d2;9500;INTARIAN_PEPPER_ROOT;12922;14;12918;20;;;12928;13;12930;11;;;12925.0;0.0
av_COTTON_d2;9600;ASH_COATED_OSMIUM;10065;13;10063;15;;;10071;12;10075;20;;;10068.0;0.0
av_COTTON_d2;9600;INTARIAN_PEPPER_ROOT;12922;16;12919;23;;;12929;23;12931;28;;;12925.5;0.0
av_COTTON_d2;9700;ASH_COATED_OSMIUM;10064;18;10062;15;;;10071;5;10075;24;;;10067.5;0.0
av_COTTON_d2;9700;INTARIAN_PEPPER_ROOT;12923;14;12920;13;;;12929;7;12933;16;;;12926.0;0.0
av_COTTON_d2;9800;ASH_COATED_OSMIUM;10065;18;10061;15;;;10071;5;10075;18;;;10068.0;0.0
av_COTTON_d2;9800;INTARIAN_PEPPER_ROOT;12923;9;12921;17;;;12929;9;12933;24;;;12926.0;0.0
av_COTTON_d2;9900;ASH_COATED_OSMIUM;10065;11;10063;16;;;10071;15;10073;18;;;10068.0;0.0
av_COTTON_d2;9900;INTARIAN_PEPPER_ROOT;12923;7;12921;26;;;12929;15;12931;22;;;12926.0;0.0
av_COTTON_d2;10000;ASH_COATED_OSMIUM;10065;22;10061;19;;;10071;10;10074;9;;;10068.0;0.0
av_COTTON_d2;10000;INTARIAN_PEPPER_ROOT;12923;15;12921;22;;;12930;15;12933;14;;;12926.5;0.0
av_COTTON_d2;10100;ASH_COATED_OSMIUM;10065;16;10062;18;;;10071;25;10075;28;;;10068.0;0.0
av_COTTON_d2;10100;INTARIAN_PEPPER_ROOT;12919;17;12915;23;;;12935;9;12939;15;;;12927.0;0.0
av_COTTON_d2;10200;ASH_COATED_OSMIUM;10065;8;10063;19;;;10071;10;10073;20;;;10068.0;0.0
av_COTTON_d2;10200;INTARIAN_PEPPER_ROOT;12923;9;12919;15;;;12932;10;12936;32;;;12927.5;0.0
av_COTTON_d2;10300;ASH_COATED_OSMIUM;10063;12;10061;15;;;10073;17;10075;12;;;10068.0;0.0
av_COTTON_d2;10300;INTARIAN_PEPPER_ROOT;12924;13;12922;14;;;12931;13;12933;25;;;12927.5;0.0
av_COTTON_d2;10400;ASH_COATED_OSMIUM;10064;12;10061;21;;;10070;15;10073;18;;;10067.0;0.0
av_COTTON_d2;10400;INTARIAN_PEPPER_ROOT;12925;11;12921;18;;;12931;14;12933;11;;;12928.0;0.0
av_COTTON_d2;10500;ASH_COATED_OSMIUM;10064;9;10061;16;;;10073;12;10077;14;;;10068.5;0.0
av_COTTON_d2;10500;INTARIAN_PEPPER_ROOT;12925;14;12922;24;;;12931;14;12934;32;;;12928.0;0.0
av_COTTON_d2;10600;ASH_COATED_OSMIUM;10065;20;10063;20;;;10071;21;10073;19;;;10068.0;0.0
av_COTTON_d2;10600;INTARIAN_PEPPER_ROOT;12925;18;12923;26;;;12931;15;12933;19;;;12928.0;0.0
av_COTTON_d2;10700;ASH_COATED_OSMIUM;10056;13;10053;18;;;10079;21;10082;19;;;10067.5;0.0
av_COTTON_d2;10700;INTARIAN_PEPPER_ROOT;12925;14;12922;22;;;12931;19;12935;25;;;12928.0;0.0
av_COTTON_d2;10800;ASH_COATED_OSMIUM;10047;15;10045;21;;;10088;16;10091;25;;;10067.5;0.0
av_COTTON_d2;10800;INTARIAN_PEPPER_ROOT;12925;11;12923;17;;;12933;13;12935;26;;;12929.0;0.0
av_COTTON_d2;10900;ASH_COATED_OSMIUM;10050;15;10048;21;;;10087;13;10089;19;;;10068.5;0.0
av_COTTON_d2;10900;INTARIAN_PEPPER_ROOT;12924;14;12921;10;;;12934;24;12938;14;;;12929.0;0.0
av_COTTON_d2;11000;ASH_COATED_OSMIUM;10065;6;10061;24;;;10071;11;10073;15;;;10068.0;0.0
av_COTTON_d2;11000;INTARIAN_PEPPER_ROOT;12925;15;12921;14;;;12934;17;12937;20;;;12929.5;0.0
av_COTTON_d2;11100;ASH_COATED_OSMIUM;10060;10;10058;18;;;10075;16;10077;18;;;10067.5;0.0
av_COTTON_d2;11100;INTARIAN_PEPPER_ROOT;12926;15;12924;23;;;12932;13;12934;24;;;12929.0;0.0
av_COTTON_d2;11200;ASH_COATED_OSMIUM;10065;16;10061;22;;;10071;18;10073;25;;;10068.0;0.0
av_COTTON_d2;11200;INTARIAN_PEPPER_ROOT;12926;12;12923;14;;;12934;11;12936;32;;;12930.0;0.0
av_COTTON_d2;11300;ASH_COATED_OSMIUM;10064;16;10060;24;;;10070;15;10074;21;;;10067.0;0.0
av_COTTON_d2;11300;INTARIAN_PEPPER_ROOT;12927;13;12925;25;;;12933;5;12936;16;;;12930.0;0.0
av_COTTON_d2;11400;ASH_COATED_OSMIUM;10064;5;10060;20;;;10070;22;10072;12;;;10067.0;0.0
av_COTTON_d2;11400;INTARIAN_PEPPER_ROOT;12925;22;12922;20;;;12934;19;12937;26;;;12929.5;0.0
av_COTTON_d2;11500;ASH_COATED_OSMIUM;10061;11;10057;15;;;10074;9;10076;22;;;10067.5;0.0
av_COTTON_d2;11500;INTARIAN_PEPPER_ROOT;12927;17;12924;14;;;12933;22;12935;23;;;12930.0;0.0
av_COTTON_d2;11600;ASH_COATED_OSMIUM;10064;17;10061;23;;;10070;18;10074;18;;;10067.0;0.0
av_COTTON_d2;11600;INTARIAN_PEPPER_ROOT;12922;15;12918;29;;;12940;14;12943;15;;;12931.0;0.0
av_COTTON_d2;11700;ASH_COATED_OSMIUM;10065;6;10061;22;;;10071;18;10073;13;;;10068.0;0.0
av_COTTON_d2;11700;INTARIAN_PEPPER_ROOT;12926;13;12923;15;;;12935;16;12939;20;;;12930.5;0.0
av_COTTON_d2;11800;ASH_COATED_OSMIUM;10060;15;10057;19;;;10075;16;10079;24;;;10067.5;0.0
av_COTTON_d2;11800;INTARIAN_PEPPER_ROOT;12915;12;12912;19;;;12946;11;12950;30;;;12930.5;0.0
av_COTTON_d2;11900;ASH_COATED_OSMIUM;10064;12;10061;18;;;10070;13;10072;27;;;10067.0;0.0
av_COTTON_d2;11900;INTARIAN_PEPPER_ROOT;12924;10;12920;9;;;12939;15;12941;16;;;12931.5;0.0
av_COTTON_d2;12000;ASH_COATED_OSMIUM;10060;27;10056;12;;;10075;7;10078;12;;;10067.5;0.0
av_COTTON_d2;12000;INTARIAN_PEPPER_ROOT;12929;9;12925;18;;;12935;24;12937;15;;;12932.0;0.0
av_COTTON_d2;12100;ASH_COATED_OSMIUM;10065;12;10062;19;;;10071;15;10075;16;;;10068.0;0.0
av_COTTON_d2;12100;INTARIAN_PEPPER_ROOT;12924;15;12922;17;;;12940;13;12944;24;;;12932.0;0.0
av_COTTON_d2;12200;ASH_COATED_OSMIUM;10065;17;10062;19;;;10071;20;10074;15;;;10068.0;0.0
av_COTTON_d2;12200;INTARIAN_PEPPER_ROOT;12929;15;12927;19;;;12935;9;12939;30;;;12932.0;0.0
av_COTTON_d2;12300;ASH_COATED_OSMIUM;10061;21;10059;17;;;10073;15;10076;14;;;10067.0;0.0
av_COTTON_d2;12300;INTARIAN_PEPPER_ROOT;12929;18;12925;11;;;12935;19;12937;23;;;12932.0;0.0
av_COTTON_d2;12400;ASH_COATED_OSMIUM;10064;15;10060;16;;;10070;22;10072;23;;;10067.0;0.0
av_COTTON_d2;12400;INTARIAN_PEPPER_ROOT;12929;10;12925;20;;;12935;9;12939;15;;;12932.0;0.0
av_COTTON_d2;12500;ASH_COATED_OSMIUM;10063;16;10060;19;;;10070;11;10073;19;;;10066.5;0.0
av_COTTON_d2;12500;INTARIAN_PEPPER_ROOT;12930;6;12926;32;;;12936;23;12938;25;;;12933.0;0.0
av_COTTON_d2;12600;ASH_COATED_OSMIUM;10063;19;10061;13;;;10071;17;10075;18;;;10067.0;0.0
av_COTTON_d2;12600;INTARIAN_PEPPER_ROOT;12930;23;12927;21;;;12936;15;12940;17;;;12933.0;0.0
av_COTTON_d2;12700;ASH_COATED_OSMIUM;10059;23;10057;22;;;10075;13;10078;12;;;10067.0;0.0
av_COTTON_d2;12700;INTARIAN_PEPPER_ROOT;12928;13;12925;9;;;12940;10;12943;20;;;12934.0;0.0
av_COTTON_d2;12800;ASH_COATED_OSMIUM;10064;20;10061;21;;;10070;17;10073;13;;;10067.0;0.0
av_COTTON_d2;12800;INTARIAN_PEPPER_ROOT;12928;12;12926;23;;;12940;18;12943;17;;;12934.0;0.0
av_COTTON_d2;12900;ASH_COATED_OSMIUM;10064;25;10061;25;;;10070;8;10074;25;;;10067.0;0.0
av_COTTON_d2;12900;INTARIAN_PEPPER_ROOT;12931;11;12929;17;;;12937;11;12939;16;;;12934.0;0.0
av_COTTON_d2;13000;ASH_COATED_OSMIUM;10064;21;10061;20;;;10070;15;10072;11;;;10067.0;0.0
av_COTTON_d2;13000;INTARIAN_PEPPER_ROOT;12920;9;12918;20;;;12949;14;12953;23;;;12934.5;0.0
av_COTTON_d2;13100;ASH_COATED_OSMIUM;10064;11;10062;19;;;10070;15;10072;20;;;10067.0;0.0
av_COTTON_d2;13100;INTARIAN_PEPPER_ROOT;12931;11;12929;22;;;12938;28;12941;22;;;12934.5;0.0
av_COTTON_d2;13200;ASH_COATED_OSMIUM;10064;9;10061;25;;;10071;16;10074;19;;;10067.5;0.0
av_COTTON_d2;13200;INTARIAN_PEPPER_ROOT;12931;14;12927;30;;;12939;13;12943;25;;;12935.0;0.0
av_COTTON_d2;13300;ASH_COATED_OSMIUM;10064;8;10061;21;;;10070;21;10074;25;;;10067.0;0.0
av_COTTON_d2;13300;INTARIAN_PEPPER_ROOT;12927;13;12924;23;;;12942;22;12945;24;;;12934.5;0.0
av_COTTON_d2;13400;ASH_COATED_OSMIUM;10064;18;10062;18;;;10070;8;10074;20;;;10067.0;0.0
av_COTTON_d2;13400;INTARIAN_PEPPER_ROOT;12932;14;12928;23;;;12938;18;12940;23;;;12935.0;0.0
av_COTTON_d2;13500;ASH_COATED_OSMIUM;10062;18;10058;14;;;10073;16;10077;16;;;10067.5;0.0
av_COTTON_d2;13500;INTARIAN_PEPPER_ROOT;12926;7;12923;15;;;12945;19;12949;25;;;12935.5;0.0
av_COTTON_d2;13600;ASH_COATED_OSMIUM;10064;11;10061;23;;;10070;16;10072;23;;;10067.0;0.0
av_COTTON_d2;13600;INTARIAN_PEPPER_ROOT;12933;22;12930;24;;;12939;18;12941;12;;;12936.0;0.0
av_COTTON_d2;13700;ASH_COATED_OSMIUM;10064;17;10061;25;;;10070;18;10073;26;;;10067.0;0.0
av_COTTON_d2;13700;INTARIAN_PEPPER_ROOT;12930;12;12928;22;;;12941;15;12944;25;;;12935.5;0.0
av_COTTON_d2;13800;ASH_COATED_OSMIUM;10064;11;10062;14;;;10070;29;10072;14;;;10067.0;0.0
av_COTTON_d2;13800;INTARIAN_PEPPER_ROOT;12934;18;12932;16;;;12940;15;12944;9;;;12937.0;0.0
av_COTTON_d2;13900;ASH_COATED_OSMIUM;10064;11;10060;13;;;10070;24;10074;13;;;10067.0;0.0
av_COTTON_d2;13900;INTARIAN_PEPPER_ROOT;12930;15;12927;20;;;12944;12;12946;26;;;12937.0;0.0
av_COTTON_d2;14000;ASH_COATED_OSMIUM;10064;21;10061;22;;;10070;17;10074;24;;;10067.0;0.0
av_COTTON_d2;14000;INTARIAN_PEPPER_ROOT;12933;20;12929;14;;;12941;14;12945;21;;;12937.0;0.0
av_COTTON_d2;14100;ASH_COATED_OSMIUM;10065;6;10061;20;;;10071;18;10074;25;;;10068.0;0.0
av_COTTON_d2;14100;INTARIAN_PEPPER_ROOT;12932;15;12929;13;;;12942;18;12944;24;;;12937.0;0.0
av_COTTON_d2;14200;ASH_COATED_OSMIUM;10064;14;10061;15;;;10070;7;10073;22;;;10067.0;0.0
av_COTTON_d2;14200;INTARIAN_PEPPER_ROOT;12932;14;12928;12;;;12943;19;12946;16;;;12937.5;0.0
av_COTTON_d2;14300;ASH_COATED_OSMIUM;10064;11;10061;17;;;10070;16;10072;17;;;10067.0;0.0
av_COTTON_d2;14300;INTARIAN_PEPPER_ROOT;12935;11;12931;20;;;12941;22;12944;24;;;12938.0;0.0
av_COTTON_d2;14400;ASH_COATED_OSMIUM;10055;14;10052;13;;;10080;11;10083;24;;;10067.5;0.0
av_COTTON_d2;14400;INTARIAN_PEPPER_ROOT;12935;15;12933;19;;;12941;19;12944;19;;;12938.0;0.0
av_COTTON_d2;14500;ASH_COATED_OSMIUM;10064;18;10061;19;;;10070;20;10072;23;;;10067.0;0.0
av_COTTON_d2;14500;INTARIAN_PEPPER_ROOT;12934;9;12932;26;;;12942;18;12945;19;;;12938.0;0.0
av_COTTON_d2;14600;ASH_COATED_OSMIUM;10064;13;10061;22;;;10070;9;10072;17;;;10067.0;0.0
av_COTTON_d2;14600;INTARIAN_PEPPER_ROOT;12925;12;12922;18;;;12951;21;12954;10;;;12938.0;0.0
av_COTTON_d2;14700;ASH_COATED_OSMIUM;10058;9;10055;15;;;10077;23;10079;22;;;10067.5;0.0
av_COTTON_d2;14700;INTARIAN_PEPPER_ROOT;12936;23;12932;26;;;12942;10;12945;25;;;12939.0;0.0
av_COTTON_d2;14800;ASH_COATED_OSMIUM;10064;22;10061;20;;;10070;14;10072;22;;;10067.0;0.0
av_COTTON_d2;14800;INTARIAN_PEPPER_ROOT;12929;16;12926;20;;;12949;23;12953;23;;;12939.0;0.0
av_COTTON_d2;14900;ASH_COATED_OSMIUM;10063;17;10060;20;;;10069;15;10071;27;;;10066.0;0.0
av_COTTON_d2;14900;INTARIAN_PEPPER_ROOT;12934;9;12931;18;;;12944;5;12948;14;;;12939.0;0.0
av_COTTON_d2;15000;ASH_COATED_OSMIUM;10064;13;10061;28;;;10070;13;10072;22;;;10067.0;0.0
av_COTTON_d2;15000;INTARIAN_PEPPER_ROOT;12936;26;12934;11;;;12942;15;12945;16;;;12939.0;0.0
av_COTTON_d2;15100;ASH_COATED_OSMIUM;10064;23;10062;29;;;10070;14;10073;8;;;10067.0;0.0
av_COTTON_d2;15100;INTARIAN_PEPPER_ROOT;12921;13;12917;30;;;12959;12;12961;27;;;12940.0;0.0
av_COTTON_d2;15200;ASH_COATED_OSMIUM;10064;19;10062;22;;;10070;21;10074;17;;;10067.0;0.0
av_COTTON_d2;15200;INTARIAN_PEPPER_ROOT;12935;5;12932;26;;;12945;18;12948;27;;;12940.0;0.0
av_COTTON_d2;15300;ASH_COATED_OSMIUM;10063;12;10060;22;;;10069;14;10071;22;;;10066.0;0.0
av_COTTON_d2;15300;INTARIAN_PEPPER_ROOT;12937;14;12934;21;;;12943;14;12947;16;;;12940.0;0.0
av_COTTON_d2;15400;ASH_COATED_OSMIUM;10062;9;10060;17;;;10072;8;10075;34;;;10067.0;0.0
av_COTTON_d2;15400;INTARIAN_PEPPER_ROOT;12937;15;12934;15;;;12943;14;12946;14;;;12940.0;0.0
av_COTTON_d2;15500;ASH_COATED_OSMIUM;10064;5;10060;14;;;10070;13;10073;20;;;10067.0;0.0
av_COTTON_d2;15500;INTARIAN_PEPPER_ROOT;12936;15;12934;15;;;12945;15;12949;24;;;12940.5;0.0
av_COTTON_d2;15600;ASH_COATED_OSMIUM;10056;22;10052;14;;;10077;12;10081;25;;;10066.5;0.0
av_COTTON_d2;15600;INTARIAN_PEPPER_ROOT;12936;19;12934;17;;;12945;20;12948;28;;;12940.5;0.0
av_COTTON_d2;15700;ASH_COATED_OSMIUM;10064;14;10061;18;;;10070;21;10074;19;;;10067.0;0.0
av_COTTON_d2;15700;INTARIAN_PEPPER_ROOT;12938;16;12936;18;;;12944;10;12948;24;;;12941.0;0.0
av_COTTON_d2;15800;ASH_COATED_OSMIUM;10064;13;10062;25;;;10070;15;10073;16;;;10067.0;0.0
av_COTTON_d2;15800;INTARIAN_PEPPER_ROOT;12938;23;12936;16;;;12944;14;12947;15;;;12941.0;0.0
av_COTTON_d2;15900;ASH_COATED_OSMIUM;10063;12;10061;26;;;10069;21;10073;22;;;10066.0;0.0
av_COTTON_d2;15900;INTARIAN_PEPPER_ROOT;12938;24;12935;21;;;12944;19;12946;20;;;12941.0;0.0
av_COTTON_d2;16000;ASH_COATED_OSMIUM;10052;23;10048;18;;;10081;22;10084;14;;;10066.5;0.0
av_COTTON_d2;16000;INTARIAN_PEPPER_ROOT;12939;14;12936;24;;;12945;18;12948;14;;;12942.0;0.0
av_COTTON_d2;16100;ASH_COATED_OSMIUM;10063;14;10059;17;;;10069;23;10073;18;;;10066.0;0.0
av_COTTON_d2;16100;INTARIAN_PEPPER_ROOT;12939;12;12937;20;;;12945;12;12949;25;;;12942.0;0.0
av_COTTON_d2;16200;ASH_COATED_OSMIUM;10064;14;10060;19;;;10070;18;10074;13;;;10067.0;0.0
av_COTTON_d2;16200;INTARIAN_PEPPER_ROOT;12940;17;12937;14;;;12946;18;12948;19;;;12943.0;0.0
av_COTTON_d2;16300;ASH_COATED_OSMIUM;10056;12;10052;21;;;10077;25;10079;25;;;10066.5;0.0
av_COTTON_d2;16300;INTARIAN_PEPPER_ROOT;12938;14;12935;14;;;12947;12;12950;16;;;12942.5;0.0
av_COTTON_d2;16400;ASH_COATED_OSMIUM;10063;10;10059;31;;;10069;17;10073;24;;;10066.0;0.0
av_COTTON_d2;16400;INTARIAN_PEPPER_ROOT;12940;15;12936;11;;;12946;13;12950;20;;;12943.0;0.0
av_COTTON_d2;16500;ASH_COATED_OSMIUM;10062;13;10060;30;;;10071;13;10073;23;;;10066.5;0.0
av_COTTON_d2;16500;INTARIAN_PEPPER_ROOT;12940;22;12938;13;;;12946;17;12948;11;;;12943.0;0.0
av_COTTON_d2;16600;ASH_COATED_OSMIUM;10062;13;10058;18;;;10072;29;10074;19;;;10067.0;0.0
av_COTTON_d2;16600;INTARIAN_PEPPER_ROOT;12928;17;12926;25;;;12959;28;12963;19;;;12943.5;0.0
av_COTTON_d2;16700;ASH_COATED_OSMIUM;10063;14;10059;17;;;10069;7;10072;17;;;10066.0;0.0
av_COTTON_d2;16700;INTARIAN_PEPPER_ROOT;12940;21;12937;29;;;12947;23;12951;29;;;12943.5;0.0
av_COTTON_d2;16800;ASH_COATED_OSMIUM;10061;15;10057;12;;;10073;15;10075;25;;;10067.0;0.0
av_COTTON_d2;16800;INTARIAN_PEPPER_ROOT;12927;12;12923;16;;;12960;23;12962;26;;;12943.5;0.0
av_COTTON_d2;16900;ASH_COATED_OSMIUM;10058;12;10056;28;;;10076;19;10078;27;;;10067.0;0.0
av_COTTON_d2;16900;INTARIAN_PEPPER_ROOT;12942;16;12938;24;;;12948;10;12952;17;;;12945.0;0.0
av_COTTON_d2;17000;ASH_COATED_OSMIUM;10062;14;10060;20;;;10070;13;10074;18;;;10066.0;0.0
av_COTTON_d2;17000;INTARIAN_PEPPER_ROOT;12936;14;12933;24;;;12953;17;12957;15;;;12944.5;0.0
av_COTTON_d2;17100;ASH_COATED_OSMIUM;10057;18;10054;12;;;10076;6;10079;14;;;10066.5;0.0
av_COTTON_d2;17100;INTARIAN_PEPPER_ROOT;12941;16;12937;26;;;12949;17;12951;18;;;12945.0;0.0
av_COTTON_d2;17200;ASH_COATED_OSMIUM;10063;10;10060;18;;;10069;16;10072;13;;;10066.0;0.0
av_COTTON_d2;17200;INTARIAN_PEPPER_ROOT;12942;16;12939;12;;;12948;7;12952;12;;;12945.0;0.0
av_COTTON_d2;17300;ASH_COATED_OSMIUM;10062;14;10058;22;;;10072;19;10074;21;;;10067.0;0.0
av_COTTON_d2;17300;INTARIAN_PEPPER_ROOT;12934;10;12932;21;;;12955;17;12957;32;;;12944.5;0.0
av_COTTON_d2;17400;ASH_COATED_OSMIUM;10063;10;10061;27;;;10069;21;10071;17;;;10066.0;0.0
av_COTTON_d2;17400;INTARIAN_PEPPER_ROOT;12942;23;12939;16;;;12948;19;12952;21;;;12945.0;0.0
av_COTTON_d2;17500;ASH_COATED_OSMIUM;10064;7;10060;19;;;10070;5;10074;18;;;10067.0;0.0
av_COTTON_d2;17500;INTARIAN_PEPPER_ROOT;12931;6;12929;22;;;12958;7;12960;18;;;12944.5;0.0
av_COTTON_d2;17600;ASH_COATED_OSMIUM;10062;5;10059;17;;;10069;20;10072;17;;;10065.5;0.0
av_COTTON_d2;17600;INTARIAN_PEPPER_ROOT;12942;13;12938;25;;;12948;13;12952;16;;;12945.0;0.0
av_COTTON_d2;17700;ASH_COATED_OSMIUM;10064;10;10060;18;;;10070;17;10074;17;;;10067.0;0.0
av_COTTON_d2;17700;INTARIAN_PEPPER_ROOT;12942;8;12939;26;;;12948;20;12952;20;;;12945.0;0.0
av_COTTON_d2;17800;ASH_COATED_OSMIUM;10060;13;10057;10;;;10074;15;10078;17;;;10067.0;0.0
av_COTTON_d2;17800;INTARIAN_PEPPER_ROOT;12941;12;12938;18;;;12947;10;12950;20;;;12944.0;0.0
av_COTTON_d2;17900;ASH_COATED_OSMIUM;10063;17;10060;23;;;10069;8;10072;25;;;10066.0;0.0
av_COTTON_d2;17900;INTARIAN_PEPPER_ROOT;12942;9;12939;26;;;12948;12;12951;16;;;12945.0;0.0
av_COTTON_d2;18000;ASH_COATED_OSMIUM;10060;5;10058;28;;;10071;18;10075;20;;;10065.5;0.0
av_COTTON_d2;18000;INTARIAN_PEPPER_ROOT;12932;18;12929;25;;;12958;16;12962;18;;;12945.0;0.0
av_COTTON_d2;18100;ASH_COATED_OSMIUM;10063;7;10059;20;;;10069;17;10072;19;;;10066.0;0.0
av_COTTON_d2;18100;INTARIAN_PEPPER_ROOT;12943;6;12939;18;;;12949;14;12951;12;;;12946.0;0.0
av_COTTON_d2;18200;ASH_COATED_OSMIUM;10063;14;10060;16;;;10069;22;10072;17;;;10066.0;0.0
av_COTTON_d2;18200;INTARIAN_PEPPER_ROOT;12943;22;12941;24;;;12949;14;12953;21;;;12946.0;0.0
av_COTTON_d2;18300;ASH_COATED_OSMIUM;10063;26;10059;17;;;10069;18;10073;19;;;10066.0;0.0
av_COTTON_d2;18300;INTARIAN_PEPPER_ROOT;12942;15;12940;25;;;12948;16;12952;10;;;12945.0;0.0
av_COTTON_d2;18400;ASH_COATED_OSMIUM;10063;14;10061;25;;;10069;11;10072;14;;;10066.0;0.0
av_COTTON_d2;18400;INTARIAN_PEPPER_ROOT;12943;18;12939;19;;;12949;17;12952;23;;;12946.0;0.0
av_COTTON_d2;18500;ASH_COATED_OSMIUM;10054;15;10050;18;;;10080;10;10082;17;;;10067.0;0.0
av_COTTON_d2;18500;INTARIAN_PEPPER_ROOT;12937;5;12933;21;;;12955;5;12959;9;;;12946.0;0.0
av_COTTON_d2;18600;ASH_COATED_OSMIUM;10063;12;10060;15;;;10069;13;10072;22;;;10066.0;0.0
av_COTTON_d2;18600;INTARIAN_PEPPER_ROOT;12936;13;12932;26;;;12956;23;12960;23;;;12946.0;0.0
av_COTTON_d2;18700;ASH_COATED_OSMIUM;10064;17;10061;17;;;10070;19;10072;22;;;10067.0;0.0
av_COTTON_d2;18700;INTARIAN_PEPPER_ROOT;12943;18;12940;21;;;12949;15;12952;8;;;12946.0;0.0
av_COTTON_d2;18800;ASH_COATED_OSMIUM;10063;10;10059;20;;;10070;14;10073;20;;;10066.5;0.0
av_COTTON_d2;18800;INTARIAN_PEPPER_ROOT;12942;11;12939;32;;;12950;20;12953;25;;;12946.0;0.0
av_COTTON_d2;18900;ASH_COATED_OSMIUM;10064;8;10060;20;;;10070;5;10074;19;;;10067.0;0.0
av_COTTON_d2;18900;INTARIAN_PEPPER_ROOT;12938;5;12934;22;;;12953;10;12956;18;;;12945.5;0.0
av_COTTON_d2;19000;ASH_COATED_OSMIUM;10064;15;10061;23;;;10070;12;10074;12;;;10067.0;0.0
av_COTTON_d2;19000;INTARIAN_PEPPER_ROOT;12943;16;12941;15;;;12949;16;12951;20;;;12946.0;0.0
av_COTTON_d2;19100;ASH_COATED_OSMIUM;10064;16;10062;18;;;10070;12;10072;19;;;10067.0;0.0
av_COTTON_d2;19100;INTARIAN_PEPPER_ROOT;12943;15;12940;23;;;12949;19;12953;12;;;12946.0;0.0
av_COTTON_d2;19200;ASH_COATED_OSMIUM;10061;11;10057;17;;;10072;18;10075;20;;;10066.5;0.0
av_COTTON_d2;19200;INTARIAN_PEPPER_ROOT;12943;13;12939;20;;;12949;20;12953;19;;;12946.0;0.0
av_COTTON_d2;19300;ASH_COATED_OSMIUM;10064;12;10062;14;;;10070;22;10074;15;;;10067.0;0.0
av_COTTON_d2;19300;INTARIAN_PEPPER_ROOT;12943;9;12939;26;;;12949;12;12952;19;;;12946.0;0.0
av_COTTON_d2;19400;ASH_COATED_OSMIUM;10062;15;10059;22;;;10071;14;10075;11;;;10066.5;0.0
av_COTTON_d2;19400;INTARIAN_PEPPER_ROOT;12944;17;12940;22;;;12950;18;12954;23;;;12947.0;0.0
av_COTTON_d2;19500;ASH_COATED_OSMIUM;10063;12;10061;14;;;10069;17;10072;18;;;10066.0;0.0
av_COTTON_d2;19500;INTARIAN_PEPPER_ROOT;12944;19;12942;16;;;12950;16;12954;9;;;12947.0;0.0
av_COTTON_d2;19600;ASH_COATED_OSMIUM;10061;19;10058;12;;;10072;14;10074;14;;;10066.5;0.0
av_COTTON_d2;19600;INTARIAN_PEPPER_ROOT;12941;19;12938;24;;;12952;23;12954;27;;;12946.5;0.0
av_COTTON_d2;19700;ASH_COATED_OSMIUM;10063;14;10059;22;;;10070;8;10072;22;;;10066.5;0.0
av_COTTON_d2;19700;INTARIAN_PEPPER_ROOT;12944;9;12942;25;;;12951;21;12955;21;;;12947.5;0.0
av_COTTON_d2;19800;ASH_COATED_OSMIUM;10058;20;10056;27;;;10075;19;10078;20;;;10066.5;0.0
av_COTTON_d2;19800;INTARIAN_PEPPER_ROOT;12943;21;12939;23;;;12952;11;12956;15;;;12947.5;0.0
av_COTTON_d2;19900;ASH_COATED_OSMIUM;10062;17;10058;16;;;10072;18;10076;27;;;10067.0;0.0
av_COTTON_d2;19900;INTARIAN_PEPPER_ROOT;12941;9;12939;20;;;12954;17;12958;20;;;12947.5;0.0
av_COTTON_d2;20000;ASH_COATED_OSMIUM;10056;6;10053;14;;;10078;11;10082;21;;;10067.0;0.0
av_COTTON_d2;20000;INTARIAN_PEPPER_ROOT;12944;7;12941;28;;;12950;10;12952;16;;;12947.0;0.0
av_COTTON_d2;20100;ASH_COATED_OSMIUM;10064;5;10062;19;;;10070;10;10074;20;;;10067.0;0.0
av_COTTON_d2;20100;INTARIAN_PEPPER_ROOT;12945;10;12942;8;;;12951;10;12954;23;;;12948.0;0.0
av_COTTON_d2;20200;ASH_COATED_OSMIUM;10062;6;10059;12;;;10071;16;10074;14;;;10066.5;0.0
av_COTTON_d2;20200;INTARIAN_PEPPER_ROOT;12944;18;12941;15;;;12950;23;12954;25;;;12947.0;0.0
av_COTTON_d2;20300;ASH_COATED_OSMIUM;10064;12;10060;22;;;10070;13;10072;21;;;10067.0;0.0
av_COTTON_d2;20300;INTARIAN_PEPPER_ROOT;12944;19;12942;16;;;12950;16;12954;20;;;12947.0;0.0
av_COTTON_d2;20400;ASH_COATED_OSMIUM;10063;12;10059;25;;;10071;12;10073;24;;;10067.0;0.0
av_COTTON_d2;20400;INTARIAN_PEPPER_ROOT;12939;19;12937;21;;;12956;20;12958;24;;;12947.5;0.0
av_COTTON_d2;20500;ASH_COATED_OSMIUM;10064;10;10061;21;;;10070;24;10073;25;;;10067.0;0.0
av_COTTON_d2;20500;INTARIAN_PEPPER_ROOT;12944;21;12941;27;;;12950;19;12954;15;;;12947.0;0.0
av_COTTON_d2;20600;ASH_COATED_OSMIUM;10063;11;10059;16;;;10069;15;10071;20;;;10066.0;0.0
av_COTTON_d2;20600;INTARIAN_PEPPER_ROOT;12945;18;12942;23;;;12951;14;12953;18;;;12948.0;0.0
av_COTTON_d2;20700;ASH_COATED_OSMIUM;10063;10;10059;25;;;10070;23;10074;22;;;10066.5;0.0
av_COTTON_d2;20700;INTARIAN_PEPPER_ROOT;12945;24;12943;24;;;12951;14;12953;20;;;12948.0;0.0
av_COTTON_d2;20800;ASH_COATED_OSMIUM;10064;14;10060;29;;;10070;18;10073;26;;;10067.0;0.0
av_COTTON_d2;20800;INTARIAN_PEPPER_ROOT;12942;15;12940;27;;;12953;19;12955;16;;;12947.5;0.0
av_COTTON_d2;20900;ASH_COATED_OSMIUM;10064;16;10060;22;;;10070;8;10074;22;;;10067.0;0.0
av_COTTON_d2;20900;INTARIAN_PEPPER_ROOT;12944;8;12942;22;;;12950;7;12953;19;;;12947.0;0.0
av_COTTON_d2;21000;ASH_COATED_OSMIUM;10060;14;10058;18;;;10074;12;10076;19;;;10067.0;0.0
av_COTTON_d2;21000;INTARIAN_PEPPER_ROOT;12944;10;12942;24;;;12951;21;12955;25;;;12947.5;0.0
av_COTTON_d2;21100;ASH_COATED_OSMIUM;10064;20;10061;8;;;10070;18;10073;18;;;10067.0;0.0
av_COTTON_d2;21100;INTARIAN_PEPPER_ROOT;12945;15;12943;15;;;12951;20;12954;18;;;12948.0;0.0
av_COTTON_d2;21200;ASH_COATED_OSMIUM;10064;17;10060;24;;;10070;20;10073;27;;;10067.0;0.0
av_COTTON_d2;21200;INTARIAN_PEPPER_ROOT;12945;19;12943;24;;;12951;15;12953;20;;;12948.0;0.0
av_COTTON_d2;21300;ASH_COATED_OSMIUM;10062;14;10058;24;;;10071;17;10073;20;;;10066.5;0.0
av_COTTON_d2;21300;INTARIAN_PEPPER_ROOT;12945;10;12942;13;;;12951;14;12955;16;;;12948.0;0.0
av_COTTON_d2;21400;ASH_COATED_OSMIUM;10064;17;10060;23;;;10070;6;10072;25;;;10067.0;0.0
av_COTTON_d2;21400;INTARIAN_PEPPER_ROOT;12943;16;12940;16;;;12953;10;12957;19;;;12948.0;0.0
av_COTTON_d2;21500;ASH_COATED_OSMIUM;10059;8;10056;22;;;10076;21;10080;19;;;10067.5;0.0
av_COTTON_d2;21500;INTARIAN_PEPPER_ROOT;12945;14;12942;16;;;12951;14;12953;26;;;12948.0;0.0
av_COTTON_d2;21600;ASH_COATED_OSMIUM;10060;15;10057;14;;;10073;14;10075;31;;;10066.5;0.0
av_COTTON_d2;21600;INTARIAN_PEPPER_ROOT;12946;12;12942;19;;;12952;20;12955;24;;;12949.0;0.0
av_COTTON_d2;21700;ASH_COATED_OSMIUM;10064;14;10061;19;;;10070;20;10074;11;;;10067.0;0.0
av_COTTON_d2;21700;INTARIAN_PEPPER_ROOT;12946;16;12944;27;;;12952;11;12955;27;;;12949.0;0.0
av_COTTON_d2;21800;ASH_COATED_OSMIUM;10064;10;10060;23;;;10070;16;10072;21;;;10067.0;0.0
av_COTTON_d2;21800;INTARIAN_PEPPER_ROOT;12946;7;12944;20;;;12952;6;12954;13;;;12949.0;0.0
av_COTTON_d2;21900;ASH_COATED_OSMIUM;10061;22;10057;13;;;10072;10;10075;24;;;10066.5;0.0
av_COTTON_d2;21900;INTARIAN_PEPPER_ROOT;12946;17;12943;26;;;12952;13;12954;23;;;12949.0;0.0
av_COTTON_d2;22000;ASH_COATED_OSMIUM;10064;17;10061;13;;;10070;8;10073;22;;;10067.0;0.0
av_COTTON_d2;22000;INTARIAN_PEPPER_ROOT;12946;13;12942;13;;;12952;18;12955;14;;;12949.0;0.0
av_COTTON_d2;22100;ASH_COATED_OSMIUM;10064;8;10060;25;;;10070;24;10074;24;;;10067.0;0.0
av_COTTON_d2;22100;INTARIAN_PEPPER_ROOT;12946;15;12943;26;;;12952;7;12955;22;;;12949.0;0.0
av_COTTON_d2;22200;ASH_COATED_OSMIUM;10064;19;10062;23;;;10070;16;10074;22;;;10067.0;0.0
av_COTTON_d2;22200;INTARIAN_PEPPER_ROOT;12945;22;12943;18;;;12951;21;12954;21;;;12948.0;0.0
av_COTTON_d2;22300;ASH_COATED_OSMIUM;10064;11;10062;21;;;10070;15;10072;20;;;10067.0;0.0
av_COTTON_d2;22300;INTARIAN_PEPPER_ROOT;12946;11;12943;8;;;12952;23;12954;16;;;12949.0;0.0
av_COTTON_d2;22400;ASH_COATED_OSMIUM;10064;21;10062;17;;;10070;15;10073;23;;;10067.0;0.0
av_COTTON_d2;22400;INTARIAN_PEPPER_ROOT;12946;19;12944;19;;;12952;21;12956;24;;;12949.0;0.0
av_COTTON_d2;22500;ASH_COATED_OSMIUM;10064;13;10061;28;;;10070;19;10074;17;;;10067.0;0.0
av_COTTON_d2;22500;INTARIAN_PEPPER_ROOT;12947;19;12945;8;;;12953;12;12956;24;;;12950.0;0.0
av_COTTON_d2;22600;ASH_COATED_OSMIUM;10064;14;10061;17;;;10070;20;10072;20;;;10067.0;0.0
av_COTTON_d2;22600;INTARIAN_PEPPER_ROOT;12945;24;12942;20;;;12953;11;12956;18;;;12949.0;0.0
av_COTTON_d2;22700;ASH_COATED_OSMIUM;10064;6;10060;17;;;10071;15;10073;21;;;10067.5;0.0
av_COTTON_d2;22700;INTARIAN_PEPPER_ROOT;12946;11;12943;27;;;12952;10;12954;21;;;12949.0;0.0
av_COTTON_d2;22800;ASH_COATED_OSMIUM;10063;22;10059;24;;;10071;21;10074;16;;;10067.0;0.0
av_COTTON_d2;22800;INTARIAN_PEPPER_ROOT;12947;20;12944;23;;;12953;20;12955;26;;;12950.0;0.0
av_COTTON_d2;22900;ASH_COATED_OSMIUM;10061;13;10058;21;;;10073;5;10077;19;;;10067.0;0.0
av_COTTON_d2;22900;INTARIAN_PEPPER_ROOT;12947;12;12945;20;;;12953;16;12955;24;;;12950.0;0.0
av_COTTON_d2;23000;ASH_COATED_OSMIUM;10064;10;10061;33;;;10070;17;10074;14;;;10067.0;0.0
av_COTTON_d2;23000;INTARIAN_PEPPER_ROOT;12947;18;12944;14;;;12953;5;12955;17;;;12950.0;0.0
av_COTTON_d2;23100;ASH_COATED_OSMIUM;10064;14;10061;15;;;10070;17;10072;29;;;10067.0;0.0
av_COTTON_d2;23100;INTARIAN_PEPPER_ROOT;12947;10;12945;18;;;12953;21;12955;10;;;12950.0;0.0
av_COTTON_d2;23200;ASH_COATED_OSMIUM;10062;9;10060;22;;;10073;13;10076;18;;;10067.5;0.0
av_COTTON_d2;23200;INTARIAN_PEPPER_ROOT;12947;16;12944;25;;;12953;7;12956;16;;;12950.0;0.0
av_COTTON_d2;23300;ASH_COATED_OSMIUM;10065;21;10062;23;;;10071;9;10073;17;;;10068.0;0.0
av_COTTON_d2;23300;INTARIAN_PEPPER_ROOT;12935;25;12933;17;;;12965;16;12968;21;;;12950.0;0.0
av_COTTON_d2;23400;ASH_COATED_OSMIUM;10061;13;10059;16;;;10073;13;10076;17;;;10067.0;0.0
av_COTTON_d2;23400;INTARIAN_PEPPER_ROOT;12947;24;12944;23;;;12953;25;12955;19;;;12950.0;0.0
av_COTTON_d2;23500;ASH_COATED_OSMIUM;10065;5;10063;12;;;10071;16;10073;19;;;10068.0;0.0
av_COTTON_d2;23500;INTARIAN_PEPPER_ROOT;12948;19;12944;20;;;12954;20;12956;34;;;12951.0;0.0
av_COTTON_d2;23600;ASH_COATED_OSMIUM;10065;15;10063;21;;;10071;14;10075;20;;;10068.0;0.0
av_COTTON_d2;23600;INTARIAN_PEPPER_ROOT;12946;14;12944;23;;;12954;11;12958;21;;;12950.0;0.0
av_COTTON_d2;23700;ASH_COATED_OSMIUM;10064;17;10061;24;;;10070;14;10072;13;;;10067.0;0.0
av_COTTON_d2;23700;INTARIAN_PEPPER_ROOT;12947;16;12945;16;;;12953;16;12956;19;;;12950.0;0.0
av_COTTON_d2;23800;ASH_COATED_OSMIUM;10064;7;10060;17;;;10071;14;10073;21;;;10067.5;0.0
av_COTTON_d2;23800;INTARIAN_PEPPER_ROOT;12948;19;12946;19;;;12954;19;12957;20;;;12951.0;0.0
av_COTTON_d2;23900;ASH_COATED_OSMIUM;10065;17;10063;30;;;10071;14;10074;23;;;10068.0;0.0
av_COTTON_d2;23900;INTARIAN_PEPPER_ROOT;12942;13;12938;12;;;12959;9;12961;18;;;12950.5;0.0
av_COTTON_d2;24000;ASH_COATED_OSMIUM;10064;24;10062;14;;;10070;16;10074;28;;;10067.0;0.0
av_COTTON_d2;24000;INTARIAN_PEPPER_ROOT;12947;15;12943;30;;;12955;11;12957;22;;;12951.0;0.0
av_COTTON_d2;24100;ASH_COATED_OSMIUM;10064;16;10060;25;;;10070;17;10073;17;;;10067.0;0.0
av_COTTON_d2;24100;INTARIAN_PEPPER_ROOT;12948;13;12944;21;;;12954;16;12956;26;;;12951.0;0.0
av_COTTON_d2;24200;ASH_COATED_OSMIUM;10064;12;10061;15;;;10070;14;10073;22;;;10067.0;0.0
av_COTTON_d2;24200;INTARIAN_PEPPER_ROOT;12948;18;12946;9;;;12954;13;12957;22;;;12951.0;0.0
av_COTTON_d2;24300;ASH_COATED_OSMIUM;10064;10;10060;20;;;10070;20;10073;15;;;10067.0;0.0
av_COTTON_d2;24300;INTARIAN_PEPPER_ROOT;12947;12;12943;21;;;12955;10;12959;28;;;12951.0;0.0
av_COTTON_d2;24400;ASH_COATED_OSMIUM;10064;14;10060;32;;;10070;11;10073;17;;;10067.0;0.0
av_COTTON_d2;24400;INTARIAN_PEPPER_ROOT;12942;8;12938;24;;;12960;20;12963;19;;;12951.0;0.0
av_COTTON_d2;24500;ASH_COATED_OSMIUM;10064;15;10060;26;;;10070;11;10074;24;;;10067.0;0.0
av_COTTON_d2;24500;INTARIAN_PEPPER_ROOT;12948;13;12944;23;;;12954;11;12957;23;;;12951.0;0.0
av_COTTON_d2;24600;ASH_COATED_OSMIUM;10064;15;10062;20;;;10070;6;10073;26;;;10067.0;0.0
av_COTTON_d2;24600;INTARIAN_PEPPER_ROOT;12948;15;12945;27;;;12954;18;12958;25;;;12951.0;0.0
av_COTTON_d2;24700;ASH_COATED_OSMIUM;10064;13;10062;22;;;10070;23;10073;26;;;10067.0;0.0
av_COTTON_d2;24700;INTARIAN_PEPPER_ROOT;12948;17;12945;24;;;12954;19;12957;21;;;12951.0;0.0
av_COTTON_d2;24800;ASH_COATED_OSMIUM;10061;11;10057;19;;;10074;19;10078;19;;;10067.5;0.0
av_COTTON_d2;24800;INTARIAN_PEPPER_ROOT;12948;22;12944;24;;;12955;18;12959;20;;;12951.5;0.0
av_COTTON_d2;24900;ASH_COATED_OSMIUM;10065;16;10062;31;;;10071;10;10073;21;;;10068.0;0.0
av_COTTON_d2;24900;INTARIAN_PEPPER_ROOT;12947;14;12945;24;;;12956;6;12958;23;;;12951.5;0.0
av_COTTON_d2;25000;ASH_COATED_OSMIUM;10065;19;10062;21;;;10071;17;10073;22;;;10068.0;0.0
av_COTTON_d2;25000;INTARIAN_PEPPER_ROOT;12949;25;12947;22;;;12955;10;12957;15;;;12952.0;0.0
av_COTTON_d2;25100;ASH_COATED_OSMIUM;10065;20;10061;32;;;10071;19;10073;29;;;10068.0;0.0
av_COTTON_d2;25100;INTARIAN_PEPPER_ROOT;12949;6;12947;21;;;12955;21;12958;24;;;12952.0;0.0
av_COTTON_d2;25200;ASH_COATED_OSMIUM;10063;6;10060;19;;;10071;12;10073;15;;;10067.0;0.0
av_COTTON_d2;25200;INTARIAN_PEPPER_ROOT;12937;6;12933;21;;;12966;16;12969;15;;;12951.5;0.0
av_COTTON_d2;25300;ASH_COATED_OSMIUM;10064;16;10062;20;;;10070;12;10074;17;;;10067.0;0.0
av_COTTON_d2;25300;INTARIAN_PEPPER_ROOT;12948;15;12945;23;;;12957;18;12959;31;;;12952.5;0.0
av_COTTON_d2;25400;ASH_COATED_OSMIUM;10063;17;10061;18;;;10073;19;10077;23;;;10068.0;0.0
av_COTTON_d2;25400;INTARIAN_PEPPER_ROOT;12949;17;12945;24;;;12955;5;12958;14;;;12952.0;0.0
av_COTTON_d2;25500;ASH_COATED_OSMIUM;10064;11;10062;23;;;10070;5;10073;22;;;10067.0;0.0
av_COTTON_d2;25500;INTARIAN_PEPPER_ROOT;12948;12;12946;21;;;12957;10;12961;9;;;12952.5;0.0
av_COTTON_d2;25600;ASH_COATED_OSMIUM;10064;30;10061;23;;;10070;13;10073;11;;;10067.0;0.0
av_COTTON_d2;25600;INTARIAN_PEPPER_ROOT;12937;10;12933;16;;;12967;13;12969;13;;;12952.0;0.0
av_COTTON_d2;25700;ASH_COATED_OSMIUM;10065;14;10061;21;;;10071;22;10075;16;;;10068.0;0.0
av_COTTON_d2;25700;INTARIAN_PEPPER_ROOT;12949;14;12945;21;;;12955;11;12958;23;;;12952.0;0.0
av_COTTON_d2;25800;ASH_COATED_OSMIUM;10063;21;10061;16;;;10072;13;10074;17;;;10067.5;0.0
av_COTTON_d2;25800;INTARIAN_PEPPER_ROOT;12949;8;12947;19;;;12955;9;12958;9;;;12952.0;0.0
av_COTTON_d2;25900;ASH_COATED_OSMIUM;10061;14;10057;31;;;10074;13;10078;24;;;10067.5;0.0
av_COTTON_d2;25900;INTARIAN_PEPPER_ROOT;12941;24;12938;34;;;12963;18;12966;17;;;12952.0;0.0
av_COTTON_d2;26000;ASH_COATED_OSMIUM;10059;16;10056;16;;;10077;16;10080;12;;;10068.0;0.0
av_COTTON_d2;26000;INTARIAN_PEPPER_ROOT;12950;7;12948;22;;;12956;15;12958;19;;;12953.0;0.0
av_COTTON_d2;26100;ASH_COATED_OSMIUM;10064;22;10062;21;;;10070;11;10074;19;;;10067.0;0.0
av_COTTON_d2;26100;INTARIAN_PEPPER_ROOT;12949;20;12947;23;;;12955;21;12958;25;;;12952.0;0.0
av_COTTON_d2;26200;ASH_COATED_OSMIUM;10063;11;10059;15;;;10072;18;10076;17;;;10067.5;0.0
av_COTTON_d2;26200;INTARIAN_PEPPER_ROOT;12950;10;12947;15;;;12956;6;12960;13;;;12953.0;0.0
av_COTTON_d2;26300;ASH_COATED_OSMIUM;10063;14;10060;14;;;10072;16;10075;21;;;10067.5;0.0
av_COTTON_d2;26300;INTARIAN_PEPPER_ROOT;12948;23;12945;23;;;12957;14;12960;29;;;12952.5;0.0
av_COTTON_d2;26400;ASH_COATED_OSMIUM;10065;8;10063;33;;;10071;12;10073;22;;;10068.0;0.0
av_COTTON_d2;26400;INTARIAN_PEPPER_ROOT;12948;13;12946;28;;;12958;17;12960;14;;;12953.0;0.0
av_COTTON_d2;26500;ASH_COATED_OSMIUM;10064;13;10061;20;;;10071;10;10073;19;;;10067.5;0.0
av_COTTON_d2;26500;INTARIAN_PEPPER_ROOT;12950;14;12948;21;;;12956;9;12960;33;;;12953.0;0.0
av_COTTON_d2;26600;ASH_COATED_OSMIUM;10065;8;10061;8;;;10071;9;10073;13;;;10068.0;0.0
av_COTTON_d2;26600;INTARIAN_PEPPER_ROOT;12950;17;12947;24;;;12956;15;12960;12;;;12953.0;0.0
av_COTTON_d2;26700;ASH_COATED_OSMIUM;10065;7;10061;22;;;10071;23;10075;16;;;10068.0;0.0
av_COTTON_d2;26700;INTARIAN_PEPPER_ROOT;12947;13;12943;22;;;12960;10;12964;23;;;12953.5;0.0
av_COTTON_d2;26800;ASH_COATED_OSMIUM;10065;16;10063;26;;;10071;13;10073;19;;;10068.0;0.0
av_COTTON_d2;26800;INTARIAN_PEPPER_ROOT;12949;15;12945;13;;;12955;16;12959;15;;;12952.0;0.0
av_COTTON_d2;26900;ASH_COATED_OSMIUM;10065;14;10061;16;;;10071;15;10075;11;;;10068.0;0.0
av_COTTON_d2;26900;INTARIAN_PEPPER_ROOT;12950;19;12946;30;;;12956;19;12960;24;;;12953.0;0.0
av_COTTON_d2;27000;ASH_COATED_OSMIUM;10064;12;10060;18;;;10070;18;10072;22;;;10067.0;0.0
av_COTTON_d2;27000;INTARIAN_PEPPER_ROOT;12950;14;12948;21;;;12956;17;12959;27;;;12953.0;0.0
av_COTTON_d2;27100;ASH_COATED_OSMIUM;10062;12;10058;22;;;10072;15;10075;11;;;10067.0;0.0
av_COTTON_d2;27100;INTARIAN_PEPPER_ROOT;12951;19;12947;23;;;12957;14;12961;14;;;12954.0;0.0
av_COTTON_d2;27200;ASH_COATED_OSMIUM;10065;15;10063;19;;;10071;12;10074;28;;;10068.0;0.0
av_COTTON_d2;27200;INTARIAN_PEPPER_ROOT;12951;16;12947;24;;;12957;20;12959;19;;;12954.0;0.0
av_COTTON_d2;27300;ASH_COATED_OSMIUM;10065;13;10063;28;;;10071;15;10075;23;;;10068.0;0.0
av_COTTON_d2;27300;INTARIAN_PEPPER_ROOT;12950;20;12947;24;;;12956;15;12960;12;;;12953.0;0.0
av_COTTON_d2;27400;ASH_COATED_OSMIUM;10060;9;10058;15;;;10075;16;10079;22;;;10067.5;0.0
av_COTTON_d2;27400;INTARIAN_PEPPER_ROOT;12939;16;12937;18;;;12969;19;12971;24;;;12954.0;0.0
av_COTTON_d2;27500;ASH_COATED_OSMIUM;10065;6;10063;19;;;10071;19;10073;24;;;10068.0;0.0
av_COTTON_d2;27500;INTARIAN_PEPPER_ROOT;12951;17;12948;18;;;12957;16;12959;19;;;12954.0;0.0
av_COTTON_d2;27600;ASH_COATED_OSMIUM;10065;20;10062;19;;;10071;17;10075;24;;;10068.0;0.0
av_COTTON_d2;27600;INTARIAN_PEPPER_ROOT;12949;13;12946;12;;;12960;14;12964;25;;;12954.5;0.0
av_COTTON_d2;27700;ASH_COATED_OSMIUM;10065;20;10061;9;;;10071;22;10073;8;;;10068.0;0.0
av_COTTON_d2;27700;INTARIAN_PEPPER_ROOT;12949;8;12945;18;;;12959;21;12963;24;;;12954.0;0.0
av_COTTON_d2;27800;ASH_COATED_OSMIUM;10065;5;10062;17;;;10071;21;10074;20;;;10068.0;0.0
av_COTTON_d2;27800;INTARIAN_PEPPER_ROOT;12950;14;12947;25;;;12958;8;12962;21;;;12954.0;0.0
av_COTTON_d2;27900;ASH_COATED_OSMIUM;10065;12;10063;35;;;10071;13;10073;22;;;10068.0;0.0
av_COTTON_d2;27900;INTARIAN_PEPPER_ROOT;12946;15;12944;23;;;12962;17;12965;22;;;12954.0;0.0
av_COTTON_d2;28000;ASH_COATED_OSMIUM;10065;15;10062;21;;;10071;12;10075;22;;;10068.0;0.0
av_COTTON_d2;28000;INTARIAN_PEPPER_ROOT;12951;11;12948;14;;;12958;15;12961;18;;;12954.5;0.0
av_COTTON_d2;28100;ASH_COATED_OSMIUM;10065;14;10061;19;;;10071;16;10073;14;;;10068.0;0.0
av_COTTON_d2;28100;INTARIAN_PEPPER_ROOT;12951;14;12947;12;;;12957;13;12959;19;;;12954.0;0.0
av_COTTON_d2;28200;ASH_COATED_OSMIUM;10065;11;10061;16;;;10071;6;10074;20;;;10068.0;0.0
av_COTTON_d2;28200;INTARIAN_PEPPER_ROOT;12951;14;12949;19;;;12957;13;12961;31;;;12954.0;0.0
av_COTTON_d2;28300;ASH_COATED_OSMIUM;10062;11;10058;28;;;10073;10;10075;23;;;10067.5;0.0
av_COTTON_d2;28300;INTARIAN_PEPPER_ROOT;12940;10;12936;8;;;12968;19;12972;22;;;12954.0;0.0
av_COTTON_d2;28400;ASH_COATED_OSMIUM;10063;23;10061;20;;;10073;11;10075;26;;;10068.0;0.0
av_COTTON_d2;28400;INTARIAN_PEPPER_ROOT;12947;16;12943;14;;;12962;17;12966;15;;;12954.5;0.0
av_COTTON_d2;28500;ASH_COATED_OSMIUM;10065;20;10061;17;;;10071;19;10074;12;;;10068.0;0.0
av_COTTON_d2;28500;INTARIAN_PEPPER_ROOT;12952;7;12948;22;;;12958;15;12962;17;;;12955.0;0.0
av_COTTON_d2;28600;ASH_COATED_OSMIUM;10063;15;10060;20;;;10073;15;10077;21;;;10068.0;0.0
av_COTTON_d2;28600;INTARIAN_PEPPER_ROOT;12949;19;12947;30;;;12960;15;12962;21;;;12954.5;0.0
av_COTTON_d2;28700;ASH_COATED_OSMIUM;10062;5;10059;14;;;10074;16;10078;23;;;10068.0;0.0
av_COTTON_d2;28700;INTARIAN_PEPPER_ROOT;12952;18;12948;11;;;12958;12;12962;22;;;12955.0;0.0
av_COTTON_d2;28800;ASH_COATED_OSMIUM;10065;20;10062;18;;;10071;19;10075;18;;;10068.0;0.0
av_COTTON_d2;28800;INTARIAN_PEPPER_ROOT;12947;5;12943;14;;;12963;22;12967;22;;;12955.0;0.0
av_COTTON_d2;28900;ASH_COATED_OSMIUM;10064;14;10062;11;;;10070;21;10072;19;;;10067.0;0.0
av_COTTON_d2;28900;INTARIAN_PEPPER_ROOT;12951;21;12947;18;;;12959;22;12963;23;;;12955.0;0.0
av_COTTON_d2;29000;ASH_COATED_OSMIUM;10064;10;10062;22;;;10070;17;10073;15;;;10067.0;0.0
av_COTTON_d2;29000;INTARIAN_PEPPER_ROOT;12952;15;12950;20;;;12958;20;12961;12;;;12955.0;0.0
av_COTTON_d2;29100;ASH_COATED_OSMIUM;10065;19;10062;24;;;10071;13;10073;28;;;10068.0;0.0
av_COTTON_d2;29100;INTARIAN_PEPPER_ROOT;12952;20;12950;15;;;12958;14;12962;16;;;12955.0;0.0
av_COTTON_d2;29200;ASH_COATED_OSMIUM;10065;10;10061;25;;;10071;13;10075;20;;;10068.0;0.0
av_COTTON_d2;29200;INTARIAN_PEPPER_ROOT;12953;17;12951;20;;;12959;13;12961;16;;;12956.0;0.0
av_COTTON_d2;29300;ASH_COATED_OSMIUM;10061;8;10057;16;;;10073;5;10076;20;;;10067.0;0.0
av_COTTON_d2;29300;INTARIAN_PEPPER_ROOT;12953;22;12950;24;;;12959;11;12962;21;;;12956.0;0.0
av_COTTON_d2;29400;ASH_COATED_OSMIUM;10064;19;10060;17;;;10071;22;10075;21;;;10067.5;0.0
av_COTTON_d2;29400;INTARIAN_PEPPER_ROOT;12953;13;12951;16;;;12959;14;12962;16;;;12956.0;0.0
av_COTTON_d2;29500;ASH_COATED_OSMIUM;10065;18;10063;22;;;10071;17;10074;19;;;10068.0;0.0
av_COTTON_d2;29500;INTARIAN_PEPPER_ROOT;12952;14;12949;19;;;12958;11;12961;11;;;12955.0;0.0
av_COTTON_d2;29600;ASH_COATED_OSMIUM;10059;14;10055;24;;;10076;5;10079;18;;;10067.5;0.0
av_COTTON_d2;29600;INTARIAN_PEPPER_ROOT;12953;14;12951;19;;;12960;21;12964;14;;;12956.5;0.0
av_COTTON_d2;29700;ASH_COATED_OSMIUM;10062;10;10059;21;;;10074;19;10077;9;;;10068.0;0.0
av_COTTON_d2;29700;INTARIAN_PEPPER_ROOT;12951;20;12947;16;;;12959;20;12962;12;;;12955.0;0.0
av_COTTON_d2;29800;ASH_COATED_OSMIUM;10066;13;10063;15;;;10072;9;10076;22;;;10069.0;0.0
av_COTTON_d2;29800;INTARIAN_PEPPER_ROOT;12951;17;12949;14;;;12960;10;12963;26;;;12955.5;0.0
av_COTTON_d2;29900;ASH_COATED_OSMIUM;10065;15;10063;23;;;10071;17;10074;18;;;10068.0;0.0
av_COTTON_d2;29900;INTARIAN_PEPPER_ROOT;12953;19;12951;18;;;12959;17;12962;19;;;12956.0;0.0
av_COTTON_d2;30000;ASH_COATED_OSMIUM;10065;11;10061;18;;;10071;18;10075;15;;;10068.0;0.0
av_COTTON_d2;30000;INTARIAN_PEPPER_ROOT;12953;11;12949;27;;;12959;13;12961;21;;;12956.0;0.0
av_COTTON_d2;30100;ASH_COATED_OSMIUM;10065;17;10063;28;;;10071;16;10074;16;;;10068.0;0.0
av_COTTON_d2;30100;INTARIAN_PEPPER_ROOT;12953;10;12950;11;;;12959;10;12961;17;;;12956.0;0.0
av_COTTON_d2;30200;ASH_COATED_OSMIUM;10065;15;10062;12;;;10071;24;10073;23;;;10068.0;0.0
av_COTTON_d2;30200;INTARIAN_PEPPER_ROOT;12953;19;12951;17;;;12959;15;12962;19;;;12956.0;0.0
av_COTTON_d2;30300;ASH_COATED_OSMIUM;10065;11;10063;23;;;10071;15;10075;20;;;10068.0;0.0
av_COTTON_d2;30300;INTARIAN_PEPPER_ROOT;12953;5;12949;25;;;12959;18;12963;22;;;12956.0;0.0
av_COTTON_d2;30400;ASH_COATED_OSMIUM;10065;11;10062;15;;;10071;7;10073;26;;;10068.0;0.0
av_COTTON_d2;30400;INTARIAN_PEPPER_ROOT;12932;7;12928;19;;;12981;12;12983;20;;;12956.5;0.0
av_COTTON_d2;30500;ASH_COATED_OSMIUM;10066;14;10062;15;;;10072;18;10076;12;;;10069.0;0.0
av_COTTON_d2;30500;INTARIAN_PEPPER_ROOT;12953;5;12949;13;;;12959;25;12962;29;;;12956.0;0.0
av_COTTON_d2;30600;ASH_COATED_OSMIUM;10065;12;10062;25;;;10071;13;10074;17;;;10068.0;0.0
av_COTTON_d2;30600;INTARIAN_PEPPER_ROOT;12954;14;12952;20;;;12960;5;12962;24;;;12957.0;0.0
av_COTTON_d2;30700;ASH_COATED_OSMIUM;10059;14;10057;22;;;10078;16;10082;18;;;10068.5;0.0
av_COTTON_d2;30700;INTARIAN_PEPPER_ROOT;12954;11;12950;19;;;12960;26;12962;25;;;12957.0;0.0
av_COTTON_d2;30800;ASH_COATED_OSMIUM;10063;8;10060;13;;;10073;19;10075;11;;;10068.0;0.0
av_COTTON_d2;30800;INTARIAN_PEPPER_ROOT;12954;12;12951;20;;;12960;12;12962;25;;;12957.0;0.0
av_COTTON_d2;30900;ASH_COATED_OSMIUM;10057;20;10055;24;;;10080;7;10082;13;;;10068.5;0.0
av_COTTON_d2;30900;INTARIAN_PEPPER_ROOT;12954;8;12950;20;;;12960;16;12962;24;;;12957.0;0.0
av_COTTON_d2;31000;ASH_COATED_OSMIUM;10066;18;10062;17;;;10072;19;10075;21;;;10069.0;0.0
av_COTTON_d2;31000;INTARIAN_PEPPER_ROOT;12954;18;12952;13;;;12960;19;12962;14;;;12957.0;0.0
av_COTTON_d2;31100;ASH_COATED_OSMIUM;10065;13;10062;21;;;10073;13;10075;20;;;10069.0;0.0
av_COTTON_d2;31100;INTARIAN_PEPPER_ROOT;12943;13;12939;24;;;12971;15;12975;17;;;12957.0;0.0
av_COTTON_d2;31200;ASH_COATED_OSMIUM;10058;17;10055;19;;;10078;6;10080;21;;;10068.0;0.0
av_COTTON_d2;31200;INTARIAN_PEPPER_ROOT;12954;9;12952;22;;;12960;12;12964;17;;;12957.0;0.0
av_COTTON_d2;31300;ASH_COATED_OSMIUM;10064;12;10060;29;;;10073;18;10075;16;;;10068.5;0.0
av_COTTON_d2;31300;INTARIAN_PEPPER_ROOT;12953;15;12949;17;;;12961;9;12965;25;;;12957.0;0.0
av_COTTON_d2;31400;ASH_COATED_OSMIUM;10061;16;10057;13;;;10076;5;10079;22;;;10068.5;0.0
av_COTTON_d2;31400;INTARIAN_PEPPER_ROOT;12954;8;12950;17;;;12960;9;12962;21;;;12957.0;0.0
av_COTTON_d2;31500;ASH_COATED_OSMIUM;10065;10;10061;22;;;10071;8;10073;14;;;10068.0;0.0
av_COTTON_d2;31500;INTARIAN_PEPPER_ROOT;12951;14;12947;8;;;12962;9;12965;22;;;12956.5;0.0
av_COTTON_d2;31600;ASH_COATED_OSMIUM;10065;17;10061;18;;;10071;9;10074;21;;;10068.0;0.0
av_COTTON_d2;31600;INTARIAN_PEPPER_ROOT;12954;8;12951;28;;;12960;21;12963;25;;;12957.0;0.0
av_COTTON_d2;31700;ASH_COATED_OSMIUM;10065;15;10063;23;;;10071;17;10073;22;;;10068.0;0.0
av_COTTON_d2;31700;INTARIAN_PEPPER_ROOT;12955;18;12952;17;;;12961;5;12964;21;;;12958.0;0.0
av_COTTON_d2;31800;ASH_COATED_OSMIUM;10065;11;10061;18;;;10071;13;10074;29;;;10068.0;0.0
av_COTTON_d2;31800;INTARIAN_PEPPER_ROOT;12955;20;12952;26;;;12961;5;12965;18;;;12958.0;0.0
av_COTTON_d2;31900;ASH_COATED_OSMIUM;10062;15;10060;19;;;10074;10;10078;14;;;10068.0;0.0
av_COTTON_d2;31900;INTARIAN_PEPPER_ROOT;12953;18;12950;18;;;12962;12;12964;20;;;12957.5;0.0
av_COTTON_d2;32000;ASH_COATED_OSMIUM;10062;18;10059;21;;;10074;13;10077;15;;;10068.0;0.0
av_COTTON_d2;32000;INTARIAN_PEPPER_ROOT;12955;18;12953;25;;;12961;12;12964;20;;;12958.0;0.0
av_COTTON_d2;32100;ASH_COATED_OSMIUM;10065;12;10061;13;;;10071;10;10073;21;;;10068.0;0.0
av_COTTON_d2;32100;INTARIAN_PEPPER_ROOT;12950;13;12947;18;;;12964;18;12967;18;;;12957.0;0.0
av_COTTON_d2;32200;ASH_COATED_OSMIUM;10065;11;10061;23;;;10071;10;10075;16;;;10068.0;0.0
av_COTTON_d2;32200;INTARIAN_PEPPER_ROOT;12954;16;12950;18;;;12962;9;12965;29;;;12958.0;0.0
av_COTTON_d2;32300;ASH_COATED_OSMIUM;10064;14;10060;25;;;10072;19;10075;21;;;10068.0;0.0
av_COTTON_d2;32300;INTARIAN_PEPPER_ROOT;12955;15;12951;30;;;12961;12;12963;26;;;12958.0;0.0
av_COTTON_d2;32400;ASH_COATED_OSMIUM;10065;24;10061;11;;;10071;13;10074;9;;;10068.0;0.0
av_COTTON_d2;32400;INTARIAN_PEPPER_ROOT;12955;10;12951;16;;;12961;14;12964;28;;;12958.0;0.0
av_COTTON_d2;32500;ASH_COATED_OSMIUM;10066;14;10062;14;;;10072;14;10075;31;;;10069.0;0.0
av_COTTON_d2;32500;INTARIAN_PEPPER_ROOT;12947;16;12943;20;;;12968;12;12971;31;;;12957.5;0.0
av_COTTON_d2;32600;ASH_COATED_OSMIUM;10060;11;10057;22;;;10077;9;10079;19;;;10068.5;0.0
av_COTTON_d2;32600;INTARIAN_PEPPER_ROOT;12951;5;12947;24;;;12966;14;12968;24;;;12958.5;0.0
av_COTTON_d2;32700;ASH_COATED_OSMIUM;10062;20;10060;21;;;10075;16;10077;15;;;10068.5;0.0
av_COTTON_d2;32700;INTARIAN_PEPPER_ROOT;12955;12;12951;23;;;12961;20;12964;27;;;12958.0;0.0
av_COTTON_d2;32800;ASH_COATED_OSMIUM;10061;8;10058;18;;;10077;13;10081;19;;;10069.0;0.0
av_COTTON_d2;32800;INTARIAN_PEPPER_ROOT;12954;21;12950;20;;;12963;13;12966;21;;;12958.5;0.0
av_COTTON_d2;32900;ASH_COATED_OSMIUM;10065;17;10063;23;;;10071;20;10075;31;;;10068.0;0.0
av_COTTON_d2;32900;INTARIAN_PEPPER_ROOT;12955;17;12953;28;;;12961;13;12963;31;;;12958.0;0.0
av_COTTON_d2;33000;ASH_COATED_OSMIUM;10066;21;10063;18;;;10072;17;10075;22;;;10069.0;0.0
av_COTTON_d2;33000;INTARIAN_PEPPER_ROOT;12951;16;12948;15;;;12966;5;12970;13;;;12958.5;0.0
av_COTTON_d2;33100;ASH_COATED_OSMIUM;10066;15;10063;26;;;10072;6;10074;14;;;10069.0;0.0
av_COTTON_d2;33100;INTARIAN_PEPPER_ROOT;12956;16;12953;16;;;12962;20;12964;20;;;12959.0;0.0
av_COTTON_d2;33200;ASH_COATED_OSMIUM;10065;5;10061;19;;;10073;15;10076;22;;;10069.0;0.0
av_COTTON_d2;33200;INTARIAN_PEPPER_ROOT;12955;21;12952;20;;;12964;23;12967;20;;;12959.5;0.0
av_COTTON_d2;33300;ASH_COATED_OSMIUM;10066;14;10063;19;;;10072;18;10076;30;;;10069.0;0.0
av_COTTON_d2;33300;INTARIAN_PEPPER_ROOT;12956;8;12952;21;;;12963;15;12967;22;;;12959.5;0.0
av_COTTON_d2;33400;ASH_COATED_OSMIUM;10062;12;10060;21;;;10076;12;10079;19;;;10069.0;0.0
av_COTTON_d2;33400;INTARIAN_PEPPER_ROOT;12956;18;12953;21;;;12962;13;12964;18;;;12959.0;0.0
av_COTTON_d2;33500;ASH_COATED_OSMIUM;10065;18;10062;20;;;10071;8;10075;16;;;10068.0;0.0
av_COTTON_d2;33500;INTARIAN_PEPPER_ROOT;12956;7;12953;16;;;12962;16;12964;25;;;12959.0;0.0
av_COTTON_d2;33600;ASH_COATED_OSMIUM;10065;16;10063;26;;;10071;24;10074;22;;;10068.0;0.0
av_COTTON_d2;33600;INTARIAN_PEPPER_ROOT;12957;22;12954;25;;;12963;11;12965;11;;;12960.0;0.0
av_COTTON_d2;33700;ASH_COATED_OSMIUM;10065;16;10061;15;;;10071;8;10073;13;;;10068.0;0.0
av_COTTON_d2;33700;INTARIAN_PEPPER_ROOT;12953;12;12949;20;;;12966;12;12970;23;;;12959.5;0.0
av_COTTON_d2;33800;ASH_COATED_OSMIUM;10054;12;10052;21;;;10082;12;10084;20;;;10068.0;0.0
av_COTTON_d2;33800;INTARIAN_PEPPER_ROOT;12950;15;12946;19;;;12969;17;12971;17;;;12959.5;0.0
av_COTTON_d2;33900;ASH_COATED_OSMIUM;10065;13;10061;25;;;10071;26;10073;9;;;10068.0;0.0
av_COTTON_d2;33900;INTARIAN_PEPPER_ROOT;12947;19;12944;19;;;12972;22;12975;18;;;12959.5;0.0
av_COTTON_d2;34000;ASH_COATED_OSMIUM;10065;18;10063;20;;;10071;8;10075;17;;;10068.0;0.0
av_COTTON_d2;34000;INTARIAN_PEPPER_ROOT;12956;11;12953;14;;;12962;18;12966;19;;;12959.0;0.0
av_COTTON_d2;34100;ASH_COATED_OSMIUM;10064;24;10061;12;;;10071;8;10073;26;;;10067.5;0.0
av_COTTON_d2;34100;INTARIAN_PEPPER_ROOT;12952;5;12950;29;;;12963;18;12967;11;;;12957.5;0.0
av_COTTON_d2;34200;ASH_COATED_OSMIUM;10061;9;10059;18;;;10077;8;10080;20;;;10069.0;0.0
av_COTTON_d2;34200;INTARIAN_PEPPER_ROOT;12954;20;12951;19;;;12960;16;12963;12;;;12957.0;0.0
av_COTTON_d2;34300;ASH_COATED_OSMIUM;10062;11;10058;21;;;10075;8;10078;20;;;10068.5;0.0
av_COTTON_d2;34300;INTARIAN_PEPPER_ROOT;12951;14;12949;19;;;12962;13;12966;15;;;12956.5;0.0
av_COTTON_d2;34400;ASH_COATED_OSMIUM;10066;22;10063;20;;;10072;15;10074;17;;;10069.0;0.0
av_COTTON_d2;34400;INTARIAN_PEPPER_ROOT;12952;18;12948;22;;;12958;15;12962;15;;;12955.0;0.0
av_COTTON_d2;34500;ASH_COATED_OSMIUM;10061;10;10059;17;;;10075;14;10078;13;;;10068.0;0.0
av_COTTON_d2;34500;INTARIAN_PEPPER_ROOT;12952;12;12950;22;;;12958;9;12962;26;;;12955.0;0.0
av_COTTON_d2;34600;ASH_COATED_OSMIUM;10060;18;10056;17;;;10076;16;10080;20;;;10068.0;0.0
av_COTTON_d2;34600;INTARIAN_PEPPER_ROOT;12952;28;12948;23;;;12958;18;12960;24;;;12955.0;0.0
av_COTTON_d2;34700;ASH_COATED_OSMIUM;10066;12;10064;13;;;10072;18;10076;14;;;10069.0;0.0
av_COTTON_d2;34700;INTARIAN_PEPPER_ROOT;12950;24;12948;19;;;12958;15;12962;14;;;12954.0;0.0
av_COTTON_d2;34800;ASH_COATED_OSMIUM;10065;21;10062;20;;;10071;16;10073;27;;;10068.0;0.0
av_COTTON_d2;34800;INTARIAN_PEPPER_ROOT;12950;6;12947;16;;;12956;10;12959;19;;;12953.0;0.0
av_COTTON_d2;34900;ASH_COATED_OSMIUM;10063;17;10059;13;;;10074;16;10077;13;;;10068.5;0.0
av_COTTON_d2;34900;INTARIAN_PEPPER_ROOT;12949;17;12947;23;;;12955;16;12957;16;;;12952.0;0.0
av_COTTON_d2;35000;ASH_COATED_OSMIUM;10065;15;10063;28;;;10072;20;10076;35;;;10068.5;0.0
av_COTTON_d2;35000;INTARIAN_PEPPER_ROOT;12949;15;12946;20;;;12955;9;12958;27;;;12952.0;0.0
av_COTTON_d2;35100;ASH_COATED_OSMIUM;10059;14;10055;18;;;10079;7;10083;20;;;10069.0;0.0
av_COTTON_d2;35100;INTARIAN_PEPPER_ROOT;12948;19;12946;12;;;12954;13;12956;17;;;12951.0;0.0
av_COTTON_d2;35200;ASH_COATED_OSMIUM;10060;14;10056;18;;;10077;14;10080;21;;;10068.5;0.0
av_COTTON_d2;35200;INTARIAN_PEPPER_ROOT;12947;17;12943;28;;;12953;20;12957;14;;;12950.0;0.0
av_COTTON_d2;35300;ASH_COATED_OSMIUM;10064;20;10060;29;;;10071;8;10074;20;;;10067.5;0.0
av_COTTON_d2;35300;INTARIAN_PEPPER_ROOT;12947;21;12944;17;;;12953;19;12956;20;;;12950.0;0.0
av_COTTON_d2;35400;ASH_COATED_OSMIUM;10064;11;10060;26;;;10071;17;10073;18;;;10067.5;0.0
av_COTTON_d2;35400;INTARIAN_PEPPER_ROOT;12945;22;12943;23;;;12953;17;12957;20;;;12949.0;0.0
av_COTTON_d2;35500;ASH_COATED_OSMIUM;10066;14;10063;12;;;10072;9;10075;31;;;10069.0;0.0
av_COTTON_d2;35500;INTARIAN_PEPPER_ROOT;12945;11;12943;20;;;12951;14;12954;20;;;12948.0;0.0
av_COTTON_d2;35600;ASH_COATED_OSMIUM;10063;20;10061;23;;;10073;20;10075;9;;;10068.0;0.0
av_COTTON_d2;35600;INTARIAN_PEPPER_ROOT;12942;6;12938;21;;;12953;17;12955;23;;;12947.5;0.0
av_COTTON_d2;35700;ASH_COATED_OSMIUM;10063;14;10059;12;;;10073;22;10075;25;;;10068.0;0.0
av_COTTON_d2;35700;INTARIAN_PEPPER_ROOT;12943;18;12940;23;;;12949;7;12951;21;;;12946.0;0.0
av_COTTON_d2;35800;ASH_COATED_OSMIUM;10065;16;10063;19;;;10071;17;10075;23;;;10068.0;0.0
av_COTTON_d2;35800;INTARIAN_PEPPER_ROOT;12942;21;12939;24;;;12949;13;12951;11;;;12945.5;0.0
av_COTTON_d2;35900;ASH_COATED_OSMIUM;10065;22;10063;15;;;10071;18;10075;17;;;10068.0;0.0
av_COTTON_d2;35900;INTARIAN_PEPPER_ROOT;12927;14;12923;13;;;12963;5;12967;30;;;12945.0;0.0
av_COTTON_d2;36000;ASH_COATED_OSMIUM;10065;13;10061;16;;;10071;14;10073;15;;;10068.0;0.0
av_COTTON_d2;36000;INTARIAN_PEPPER_ROOT;12941;15;12938;17;;;12949;28;12952;28;;;12945.0;0.0
av_COTTON_d2;36100;ASH_COATED_OSMIUM;10065;18;10061;25;;;10071;9;10073;19;;;10068.0;0.0
av_COTTON_d2;36100;INTARIAN_PEPPER_ROOT;12940;13;12937;14;;;12946;16;12948;17;;;12943.0;0.0
av_COTTON_d2;36200;ASH_COATED_OSMIUM;10047;16;10045;31;;;10088;13;10090;22;;;10067.5;0.0
av_COTTON_d2;36200;INTARIAN_PEPPER_ROOT;12938;16;12936;22;;;12948;7;12950;8;;;12943.0;0.0
av_COTTON_d2;36300;ASH_COATED_OSMIUM;10057;24;10054;22;;;10078;19;10080;25;;;10067.5;0.0
av_COTTON_d2;36300;INTARIAN_PEPPER_ROOT;12934;10;12932;19;;;12952;22;12954;21;;;12943.0;0.0
av_COTTON_d2;36400;ASH_COATED_OSMIUM;10063;26;10061;21;;;10072;13;10076;15;;;10067.5;0.0
av_COTTON_d2;36400;INTARIAN_PEPPER_ROOT;12938;15;12934;21;;;12944;17;12947;8;;;12941.0;0.0
av_COTTON_d2;36500;ASH_COATED_OSMIUM;10065;12;10063;17;;;10071;24;10074;23;;;10068.0;0.0
av_COTTON_d2;36500;INTARIAN_PEPPER_ROOT;12938;6;12935;18;;;12944;11;12948;20;;;12941.0;0.0
av_COTTON_d2;36600;ASH_COATED_OSMIUM;10065;14;10061;19;;;10071;15;10074;20;;;10068.0;0.0
av_COTTON_d2;36600;INTARIAN_PEPPER_ROOT;12933;16;12931;22;;;12947;7;12950;17;;;12940.0;0.0
av_COTTON_d2;36700;ASH_COATED_OSMIUM;10065;18;10061;20;;;10071;5;10074;20;;;10068.0;0.0
av_COTTON_d2;36700;INTARIAN_PEPPER_ROOT;12936;15;12933;23;;;12942;14;12945;12;;;12939.0;0.0
av_COTTON_d2;36800;ASH_COATED_OSMIUM;10065;12;10062;22;;;10071;18;10074;14;;;10068.0;0.0
av_COTTON_d2;36800;INTARIAN_PEPPER_ROOT;12928;29;12924;15;;;12950;18;12952;17;;;12939.0;0.0
av_COTTON_d2;36900;ASH_COATED_OSMIUM;10064;13;10062;28;;;10070;20;10074;19;;;10067.0;0.0
av_COTTON_d2;36900;INTARIAN_PEPPER_ROOT;12935;18;12933;12;;;12941;12;12945;15;;;12938.0;0.0
av_COTTON_d2;37000;ASH_COATED_OSMIUM;10059;12;10056;18;;;10077;11;10079;21;;;10068.0;0.0
av_COTTON_d2;37000;INTARIAN_PEPPER_ROOT;12934;11;12931;24;;;12940;13;12942;19;;;12937.0;0.0
av_COTTON_d2;37100;ASH_COATED_OSMIUM;10063;23;10059;23;;;10072;16;10076;21;;;10067.5;0.0
av_COTTON_d2;37100;INTARIAN_PEPPER_ROOT;12934;5;12930;21;;;12940;17;12943;18;;;12937.0;0.0
av_COTTON_d2;37200;ASH_COATED_OSMIUM;10065;16;10063;14;;;10071;10;10073;19;;;10068.0;0.0
av_COTTON_d2;37200;INTARIAN_PEPPER_ROOT;12932;10;12929;25;;;12940;12;12943;14;;;12936.0;0.0
av_COTTON_d2;37300;ASH_COATED_OSMIUM;10065;18;10062;18;;;10071;20;10074;20;;;10068.0;0.0
av_COTTON_d2;37300;INTARIAN_PEPPER_ROOT;12932;14;12930;20;;;12938;14;12940;13;;;12935.0;0.0
av_COTTON_d2;37400;ASH_COATED_OSMIUM;10061;12;10057;24;;;10073;19;10076;16;;;10067.0;0.0
av_COTTON_d2;37400;INTARIAN_PEPPER_ROOT;12929;16;12926;18;;;12940;7;12944;30;;;12934.5;0.0
av_COTTON_d2;37500;ASH_COATED_OSMIUM;10065;14;10063;14;;;10071;12;10074;16;;;10068.0;0.0
av_COTTON_d2;37500;INTARIAN_PEPPER_ROOT;12931;21;12927;18;;;12937;15;12940;26;;;12934.0;0.0
av_COTTON_d2;37600;ASH_COATED_OSMIUM;10050;21;10047;20;;;10085;18;10088;24;;;10067.5;0.0
av_COTTON_d2;37600;INTARIAN_PEPPER_ROOT;12925;15;12921;33;;;12939;13;12942;15;;;12932.0;0.0
av_COTTON_d2;37700;ASH_COATED_OSMIUM;10065;17;10063;12;;;10071;15;10074;21;;;10068.0;0.0
av_COTTON_d2;37700;INTARIAN_PEPPER_ROOT;12927;10;12923;28;;;12937;14;12939;10;;;12932.0;0.0
av_COTTON_d2;37800;ASH_COATED_OSMIUM;10064;20;10060;17;;;10070;10;10074;21;;;10067.0;0.0
av_COTTON_d2;37800;INTARIAN_PEPPER_ROOT;12929;8;12926;22;;;12935;19;12938;24;;;12932.0;0.0
av_COTTON_d2;37900;ASH_COATED_OSMIUM;10064;23;10062;19;;;10070;15;10073;21;;;10067.0;0.0
av_COTTON_d2;37900;INTARIAN_PEPPER_ROOT;12917;14;12914;21;;;12944;11;12947;15;;;12930.5;0.0
av_COTTON_d2;38000;ASH_COATED_OSMIUM;10063;5;10061;26;;;10071;12;10073;14;;;10067.0;0.0
av_COTTON_d2;38000;INTARIAN_PEPPER_ROOT;12926;11;12922;22;;;12932;11;12934;20;;;12929.0;0.0
av_COTTON_d2;38100;ASH_COATED_OSMIUM;10064;14;10060;30;;;10070;18;10072;19;;;10067.0;0.0
av_COTTON_d2;38100;INTARIAN_PEPPER_ROOT;12926;6;12924;17;;;12932;16;12934;25;;;12929.0;0.0
av_COTTON_d2;38200;ASH_COATED_OSMIUM;10063;12;10060;15;;;10071;12;10075;11;;;10067.0;0.0
av_COTTON_d2;38200;INTARIAN_PEPPER_ROOT;12925;6;12923;15;;;12931;12;12933;16;;;12928.0;0.0
av_COTTON_d2;38300;ASH_COATED_OSMIUM;10060;18;10056;11;;;10075;11;10079;17;;;10067.5;0.0
av_COTTON_d2;38300;INTARIAN_PEPPER_ROOT;12925;13;12923;26;;;12931;17;12933;16;;;12928.0;0.0
av_COTTON_d2;38400;ASH_COATED_OSMIUM;10064;20;10060;22;;;10070;6;10073;21;;;10067.0;0.0
av_COTTON_d2;38400;INTARIAN_PEPPER_ROOT;12924;13;12921;17;;;12930;8;12933;17;;;12927.0;0.0
av_COTTON_d2;38500;ASH_COATED_OSMIUM;10063;17;10060;21;;;10071;8;10074;23;;;10067.0;0.0
av_COTTON_d2;38500;INTARIAN_PEPPER_ROOT;12917;18;12914;22;;;12937;8;12939;26;;;12927.0;0.0
av_COTTON_d2;38600;ASH_COATED_OSMIUM;10063;5;10061;22;;;10071;11;10073;26;;;10067.0;0.0
av_COTTON_d2;38600;INTARIAN_PEPPER_ROOT;12923;12;12921;19;;;12929;7;12932;8;;;12926.0;0.0
av_COTTON_d2;38700;ASH_COATED_OSMIUM;10064;16;10060;12;;;10070;21;10072;19;;;10067.0;0.0
av_COTTON_d2;38700;INTARIAN_PEPPER_ROOT;12922;16;12918;21;;;12928;22;12932;22;;;12925.0;0.0
av_COTTON_d2;38800;ASH_COATED_OSMIUM;10056;19;10054;11;;;10078;11;10080;23;;;10067.0;0.0
av_COTTON_d2;38800;INTARIAN_PEPPER_ROOT;12921;14;12919;19;;;12927;19;12929;27;;;12924.0;0.0
av_COTTON_d2;38900;ASH_COATED_OSMIUM;10065;14;10062;22;;;10071;18;10074;24;;;10068.0;0.0
av_COTTON_d2;38900;INTARIAN_PEPPER_ROOT;12917;12;12913;25;;;12929;19;12932;25;;;12923.0;0.0
av_COTTON_d2;39000;ASH_COATED_OSMIUM;10064;18;10061;22;;;10070;13;10073;19;;;10067.0;0.0
av_COTTON_d2;39000;INTARIAN_PEPPER_ROOT;12919;12;12916;21;;;12925;16;12928;14;;;12922.0;0.0
av_COTTON_d2;39100;ASH_COATED_OSMIUM;10064;19;10062;19;;;10070;23;10072;17;;;10067.0;0.0
av_COTTON_d2;39100;INTARIAN_PEPPER_ROOT;12914;13;12912;15;;;12930;11;12934;9;;;12922.0;0.0
av_COTTON_d2;39200;ASH_COATED_OSMIUM;10064;17;10061;14;;;10071;12;10073;21;;;10067.5;0.0
av_COTTON_d2;39200;INTARIAN_PEPPER_ROOT;12918;12;12914;23;;;12924;8;12928;22;;;12921.0;0.0
av_COTTON_d2;39300;ASH_COATED_OSMIUM;10056;12;10053;19;;;10077;15;10080;20;;;10066.5;0.0
av_COTTON_d2;39300;INTARIAN_PEPPER_ROOT;12911;15;12909;20;;;12931;5;12935;18;;;12921.0;0.0
av_COTTON_d2;39400;ASH_COATED_OSMIUM;10064;23;10061;18;;;10070;13;10072;21;;;10067.0;0.0
av_COTTON_d2;39400;INTARIAN_PEPPER_ROOT;12915;15;12911;24;;;12924;9;12926;26;;;12919.5;0.0
av_COTTON_d2;39500;ASH_COATED_OSMIUM;10064;12;10060;20;;;10070;20;10074;15;;;10067.0;0.0
av_COTTON_d2;39500;INTARIAN_PEPPER_ROOT;12912;9;12909;16;;;12928;11;12931;17;;;12920.0;0.0
av_COTTON_d2;39600;ASH_COATED_OSMIUM;10063;19;10061;20;;;10071;14;10074;20;;;10067.0;0.0
av_COTTON_d2;39600;INTARIAN_PEPPER_ROOT;12915;14;12912;26;;;12921;23;12925;14;;;12918.0;0.0
av_COTTON_d2;39700;ASH_COATED_OSMIUM;10064;12;10061;27;;;10070;9;10073;14;;;10067.0;0.0
av_COTTON_d2;39700;INTARIAN_PEPPER_ROOT;12915;10;12911;23;;;12921;23;12925;14;;;12918.0;0.0
av_COTTON_d2;39800;ASH_COATED_OSMIUM;10064;23;10061;22;;;10070;18;10072;15;;;10067.0;0.0
av_COTTON_d2;39800;INTARIAN_PEPPER_ROOT;12914;13;12911;17;;;12920;10;12924;21;;;12917.0;0.0
av_COTTON_d2;39900;ASH_COATED_OSMIUM;10063;20;10061;15;;;10069;12;10073;15;;;10066.0;0.0
av_COTTON_d2;39900;INTARIAN_PEPPER_ROOT;12913;25;12911;17;;;12919;18;12921;27;;;12916.0;0.0
av_COTTON_d2;40000;ASH_COATED_OSMIUM;10063;5;10060;20;;;10070;16;10073;21;;;10066.5;0.0
av_COTTON_d2;40000;INTARIAN_PEPPER_ROOT;12911;12;12909;23;;;12920;18;12923;21;;;12915.5;0.0
av_COTTON_d2;40100;ASH_COATED_OSMIUM;10059;22;10057;20;;;10076;21;10079;18;;;10067.5;0.0
av_COTTON_d2;40100;INTARIAN_PEPPER_ROOT;12912;15;12910;23;;;12918;9;12922;24;;;12915.0;0.0
av_COTTON_d2;40200;ASH_COATED_OSMIUM;10064;10;10060;17;;;10070;19;10073;19;;;10067.0;0.0
av_COTTON_d2;40200;INTARIAN_PEPPER_ROOT;12908;15;12906;18;;;12919;10;12923;17;;;12913.5;0.0
av_COTTON_d2;40300;ASH_COATED_OSMIUM;10063;12;10059;18;;;10069;13;10071;19;;;10066.0;0.0
av_COTTON_d2;40300;INTARIAN_PEPPER_ROOT;12910;14;12906;8;;;12916;12;12920;18;;;12913.0;0.0
av_COTTON_d2;40400;ASH_COATED_OSMIUM;10064;20;10062;20;;;10070;8;10074;25;;;10067.0;0.0
av_COTTON_d2;40400;INTARIAN_PEPPER_ROOT;12909;12;12907;29;;;12916;19;12918;20;;;12912.5;0.0
av_COTTON_d2;40500;ASH_COATED_OSMIUM;10060;15;10056;13;;;10074;24;10078;29;;;10067.0;0.0
av_COTTON_d2;40500;INTARIAN_PEPPER_ROOT;12908;15;12906;18;;;12916;24;12920;17;;;12912.0;0.0
av_COTTON_d2;40600;ASH_COATED_OSMIUM;10063;13;10061;22;;;10069;22;10071;19;;;10066.0;0.0
av_COTTON_d2;40600;INTARIAN_PEPPER_ROOT;12908;18;12906;20;;;12914;17;12916;13;;;12911.0;0.0
av_COTTON_d2;40700;ASH_COATED_OSMIUM;10061;14;10059;23;;;10072;18;10076;16;;;10066.5;0.0
av_COTTON_d2;40700;INTARIAN_PEPPER_ROOT;12908;12;12906;14;;;12914;8;12916;26;;;12911.0;0.0
av_COTTON_d2;40800;ASH_COATED_OSMIUM;10063;19;10060;14;;;10070;16;10073;23;;;10066.5;0.0
av_COTTON_d2;40800;INTARIAN_PEPPER_ROOT;12905;23;12903;28;;;12914;7;12918;17;;;12909.5;0.0
av_COTTON_d2;40900;ASH_COATED_OSMIUM;10058;18;10055;20;;;10074;12;10076;27;;;10066.0;0.0
av_COTTON_d2;40900;INTARIAN_PEPPER_ROOT;12904;7;12902;21;;;12914;15;12917;14;;;12909.0;0.0
av_COTTON_d2;41000;ASH_COATED_OSMIUM;10063;28;10061;15;;;10069;11;10073;24;;;10066.0;0.0
av_COTTON_d2;41000;INTARIAN_PEPPER_ROOT;12898;12;12895;10;;;12919;11;12921;29;;;12908.5;0.0
av_COTTON_d2;41100;ASH_COATED_OSMIUM;10063;11;10059;14;;;10071;13;10074;8;;;10067.0;0.0
av_COTTON_d2;41100;INTARIAN_PEPPER_ROOT;12904;28;12900;8;;;12910;20;12913;25;;;12907.0;0.0
av_COTTON_d2;41200;ASH_COATED_OSMIUM;10061;8;10059;15;;;10071;17;10073;19;;;10066.0;0.0
av_COTTON_d2;41200;INTARIAN_PEPPER_ROOT;12903;9;12899;16;;;12909;20;12911;30;;;12906.0;0.0
av_COTTON_d2;41300;ASH_COATED_OSMIUM;10063;14;10059;22;;;10069;29;10071;20;;;10066.0;0.0
av_COTTON_d2;41300;INTARIAN_PEPPER_ROOT;12888;16;12886;20;;;12923;13;12925;19;;;12905.5;0.0
av_COTTON_d2;41400;ASH_COATED_OSMIUM;10063;16;10059;19;;;10069;17;10071;18;;;10066.0;0.0
av_COTTON_d2;41400;INTARIAN_PEPPER_ROOT;12902;13;12898;20;;;12908;20;12911;23;;;12905.0;0.0
av_COTTON_d2;41500;ASH_COATED_OSMIUM;10062;20;10058;20;;;10070;12;10074;20;;;10066.0;0.0
av_COTTON_d2;41500;INTARIAN_PEPPER_ROOT;12901;15;12899;24;;;12907;12;12911;17;;;12904.0;0.0
av_COTTON_d2;41600;ASH_COATED_OSMIUM;10063;20;10059;24;;;10069;19;10071;27;;;10066.0;0.0
av_COTTON_d2;41600;INTARIAN_PEPPER_ROOT;12900;11;12896;16;;;12908;6;12910;20;;;12904.0;0.0
av_COTTON_d2;41700;ASH_COATED_OSMIUM;10064;13;10062;17;;;10070;11;10074;21;;;10067.0;0.0
av_COTTON_d2;41700;INTARIAN_PEPPER_ROOT;12899;12;12895;18;;;12907;19;12910;23;;;12903.0;0.0
av_COTTON_d2;41800;ASH_COATED_OSMIUM;10063;21;10059;25;;;10069;17;10072;22;;;10066.0;0.0
av_COTTON_d2;41800;INTARIAN_PEPPER_ROOT;12899;17;12896;11;;;12905;17;12909;17;;;12902.0;0.0
av_COTTON_d2;41900;ASH_COATED_OSMIUM;10063;16;10059;23;;;10069;22;10072;17;;;10066.0;0.0
av_COTTON_d2;41900;INTARIAN_PEPPER_ROOT;12899;13;12897;25;;;12905;17;12907;21;;;12902.0;0.0
av_COTTON_d2;42000;ASH_COATED_OSMIUM;10063;14;10060;26;;;10069;10;10073;24;;;10066.0;0.0
av_COTTON_d2;42000;INTARIAN_PEPPER_ROOT;12898;18;12896;29;;;12904;20;12908;14;;;12901.0;0.0
av_COTTON_d2;42100;ASH_COATED_OSMIUM;10063;11;10059;17;;;10071;11;10073;26;;;10067.0;0.0
av_COTTON_d2;42100;INTARIAN_PEPPER_ROOT;12897;7;12894;27;;;12903;17;12906;26;;;12900.0;0.0
av_COTTON_d2;42200;ASH_COATED_OSMIUM;10063;23;10060;23;;;10069;25;10073;16;;;10066.0;0.0
av_COTTON_d2;42200;INTARIAN_PEPPER_ROOT;12897;14;12895;23;;;12903;20;12907;13;;;12900.0;0.0
av_COTTON_d2;42300;ASH_COATED_OSMIUM;10063;24;10060;18;;;10069;7;10073;23;;;10066.0;0.0
av_COTTON_d2;42300;INTARIAN_PEPPER_ROOT;12893;9;12891;19;;;12905;22;12908;15;;;12899.0;0.0
av_COTTON_d2;42400;ASH_COATED_OSMIUM;10062;23;10058;22;;;10070;17;10073;24;;;10066.0;0.0
av_COTTON_d2;42400;INTARIAN_PEPPER_ROOT;12895;22;12893;21;;;12901;11;12905;16;;;12898.0;0.0
av_COTTON_d2;42500;ASH_COATED_OSMIUM;10063;15;10059;15;;;10069;19;10073;14;;;10066.0;0.0
av_COTTON_d2;42500;INTARIAN_PEPPER_ROOT;12885;14;12883;15;;;12911;11;12913;19;;;12898.0;0.0
av_COTTON_d2;42600;ASH_COATED_OSMIUM;10054;15;10050;17;;;10078;15;10080;26;;;10066.0;0.0
av_COTTON_d2;42600;INTARIAN_PEPPER_ROOT;12893;9;12889;14;;;12899;15;12903;20;;;12896.0;0.0
av_COTTON_d2;42700;ASH_COATED_OSMIUM;10047;16;10044;18;;;10083;14;10085;24;;;10065.0;0.0
av_COTTON_d2;42700;INTARIAN_PEPPER_ROOT;12890;5;12888;22;;;12901;13;12903;18;;;12895.5;0.0
av_COTTON_d2;42800;ASH_COATED_OSMIUM;10059;20;10057;28;;;10073;21;10076;25;;;10066.0;0.0
av_COTTON_d2;42800;INTARIAN_PEPPER_ROOT;12892;12;12888;19;;;12898;18;12901;26;;;12895.0;0.0
av_COTTON_d2;42900;ASH_COATED_OSMIUM;10059;17;10055;23;;;10072;19;10076;28;;;10065.5;0.0
av_COTTON_d2;42900;INTARIAN_PEPPER_ROOT;12891;9;12888;25;;;12897;23;12901;25;;;12894.0;0.0
av_COTTON_d2;43000;ASH_COATED_OSMIUM;10062;12;10060;19;;;10069;16;10072;29;;;10065.5;0.0
av_COTTON_d2;43000;INTARIAN_PEPPER_ROOT;12891;17;12887;28;;;12897;24;12901;27;;;12894.0;0.0
av_COTTON_d2;43100;ASH_COATED_OSMIUM;10062;22;10058;12;;;10068;19;10070;28;;;10065.0;0.0
av_COTTON_d2;43100;INTARIAN_PEPPER_ROOT;12889;13;12886;23;;;12897;13;12901;13;;;12893.0;0.0
av_COTTON_d2;43200;ASH_COATED_OSMIUM;10062;17;10058;17;;;10069;12;10071;21;;;10065.5;0.0
av_COTTON_d2;43200;INTARIAN_PEPPER_ROOT;12889;10;12886;19;;;12895;6;12897;23;;;12892.0;0.0
av_COTTON_d2;43300;ASH_COATED_OSMIUM;10061;17;10058;12;;;10071;22;10073;21;;;10066.0;0.0
av_COTTON_d2;43300;INTARIAN_PEPPER_ROOT;12889;16;12887;15;;;12895;13;12898;20;;;12892.0;0.0
av_COTTON_d2;43400;ASH_COATED_OSMIUM;10052;7;10048;16;;;10080;19;10083;23;;;10066.0;0.0
av_COTTON_d2;43400;INTARIAN_PEPPER_ROOT;12888;24;12884;19;;;12894;18;12896;20;;;12891.0;0.0
av_COTTON_d2;43500;ASH_COATED_OSMIUM;10059;10;10056;22;;;10073;18;10075;19;;;10066.0;0.0
av_COTTON_d2;43500;INTARIAN_PEPPER_ROOT;12884;12;12881;19;;;12897;13;12900;21;;;12890.5;0.0
av_COTTON_d2;43600;ASH_COATED_OSMIUM;10060;5;10058;22;;;10072;24;10074;21;;;10066.0;0.0
av_COTTON_d2;43600;INTARIAN_PEPPER_ROOT;12885;11;12882;20;;;12893;14;12896;24;;;12889.0;0.0
av_COTTON_d2;43700;ASH_COATED_OSMIUM;10057;25;10055;22;;;10074;14;10078;11;;;10065.5;0.0
av_COTTON_d2;43700;INTARIAN_PEPPER_ROOT;12885;13;12883;15;;;12892;16;12896;25;;;12888.5;0.0
av_COTTON_d2;43800;ASH_COATED_OSMIUM;10060;17;10058;19;;;10071;21;10075;23;;;10065.5;0.0
av_COTTON_d2;43800;INTARIAN_PEPPER_ROOT;12882;16;12878;16;;;12893;10;12897;15;;;12887.5;0.0
av_COTTON_d2;43900;ASH_COATED_OSMIUM;10053;12;10051;14;;;10078;11;10082;21;;;10065.5;0.0
av_COTTON_d2;43900;INTARIAN_PEPPER_ROOT;12885;18;12881;20;;;12891;10;12894;8;;;12888.0;0.0
av_COTTON_d2;44000;ASH_COATED_OSMIUM;10063;15;10060;10;;;10069;22;10073;14;;;10066.0;0.0
av_COTTON_d2;44000;INTARIAN_PEPPER_ROOT;12881;20;12878;20;;;12892;13;12894;27;;;12886.5;0.0
av_COTTON_d2;44100;ASH_COATED_OSMIUM;10063;9;10059;22;;;10069;18;10071;19;;;10066.0;0.0
av_COTTON_d2;44100;INTARIAN_PEPPER_ROOT;12881;16;12878;24;;;12890;10;12893;28;;;12885.5;0.0
av_COTTON_d2;44200;ASH_COATED_OSMIUM;10059;16;10056;19;;;10071;16;10073;19;;;10065.0;0.0
av_COTTON_d2;44200;INTARIAN_PEPPER_ROOT;12878;16;12875;16;;;12891;15;12893;15;;;12884.5;0.0
av_COTTON_d2;44300;ASH_COATED_OSMIUM;10060;18;10056;23;;;10071;20;10074;18;;;10065.5;0.0
av_COTTON_d2;44300;INTARIAN_PEPPER_ROOT;12881;21;12878;19;;;12887;12;12889;20;;;12884.0;0.0
av_COTTON_d2;44400;ASH_COATED_OSMIUM;10062;19;10058;23;;;10068;15;10071;23;;;10065.0;0.0
av_COTTON_d2;44400;INTARIAN_PEPPER_ROOT;12881;12;12877;22;;;12887;21;12891;13;;;12884.0;0.0
av_COTTON_d2;44500;ASH_COATED_OSMIUM;10062;12;10058;20;;;10068;15;10072;23;;;10065.0;0.0
av_COTTON_d2;44500;INTARIAN_PEPPER_ROOT;12880;16;12876;13;;;12886;7;12890;23;;;12883.0;0.0
av_COTTON_d2;44600;ASH_COATED_OSMIUM;10063;14;10060;17;;;10069;15;10071;22;;;10066.0;0.0
av_COTTON_d2;44600;INTARIAN_PEPPER_ROOT;12879;5;12876;13;;;12885;14;12887;24;;;12882.0;0.0
av_COTTON_d2;44700;ASH_COATED_OSMIUM;10059;13;10056;21;;;10073;8;10076;24;;;10066.0;0.0
av_COTTON_d2;44700;INTARIAN_PEPPER_ROOT;12878;5;12876;24;;;12884;13;12887;16;;;12881.0;0.0
av_COTTON_d2;44800;ASH_COATED_OSMIUM;10062;17;10060;18;;;10068;8;10071;21;;;10065.0;0.0
av_COTTON_d2;44800;INTARIAN_PEPPER_ROOT;12878;10;12876;19;;;12884;18;12887;13;;;12881.0;0.0
av_COTTON_d2;44900;ASH_COATED_OSMIUM;10060;10;10056;25;;;10071;18;10075;26;;;10065.5;0.0
av_COTTON_d2;44900;INTARIAN_PEPPER_ROOT;12877;12;12874;18;;;12883;8;12886;18;;;12880.0;0.0
av_COTTON_d2;45000;ASH_COATED_OSMIUM;10047;19;10044;31;;;10083;21;10085;24;;;10065.0;0.0
av_COTTON_d2;45000;INTARIAN_PEPPER_ROOT;12877;10;12874;18;;;12883;25;12885;9;;;12880.0;0.0
av_COTTON_d2;45100;ASH_COATED_OSMIUM;10062;16;10058;28;;;10068;13;10071;24;;;10065.0;0.0
av_COTTON_d2;45100;INTARIAN_PEPPER_ROOT;12876;16;12872;25;;;12882;6;12886;21;;;12879.0;0.0
av_COTTON_d2;45200;ASH_COATED_OSMIUM;10063;13;10060;18;;;10069;15;10072;23;;;10066.0;0.0
av_COTTON_d2;45200;INTARIAN_PEPPER_ROOT;12875;5;12872;18;;;12881;13;12885;23;;;12878.0;0.0
av_COTTON_d2;45300;ASH_COATED_OSMIUM;10061;13;10057;17;;;10069;15;10071;14;;;10065.0;0.0
av_COTTON_d2;45300;INTARIAN_PEPPER_ROOT;12871;8;12867;11;;;12882;7;12884;28;;;12876.5;0.0
av_COTTON_d2;45400;ASH_COATED_OSMIUM;10053;18;10050;25;;;10078;25;10081;13;;;10065.5;0.0
av_COTTON_d2;45400;INTARIAN_PEPPER_ROOT;12873;14;12870;28;;;12879;12;12883;12;;;12876.0;0.0
av_COTTON_d2;45500;ASH_COATED_OSMIUM;10063;8;10061;28;;;10069;11;10073;20;;;10066.0;0.0
av_COTTON_d2;45500;INTARIAN_PEPPER_ROOT;12872;7;12869;34;;;12878;18;12880;15;;;12875.0;0.0
av_COTTON_d2;45600;ASH_COATED_OSMIUM;10052;16;10050;21;;;10079;18;10081;17;;;10065.5;0.0
av_COTTON_d2;45600;INTARIAN_PEPPER_ROOT;12872;17;12868;22;;;12878;22;12880;21;;;12875.0;0.0
av_COTTON_d2;45700;ASH_COATED_OSMIUM;10061;16;10059;18;;;10069;13;10071;21;;;10065.0;0.0
av_COTTON_d2;45700;INTARIAN_PEPPER_ROOT;12871;13;12868;22;;;12877;13;12879;29;;;12874.0;0.0
av_COTTON_d2;45800;ASH_COATED_OSMIUM;10060;14;10058;9;;;10071;27;10075;20;;;10065.5;0.0
av_COTTON_d2;45800;INTARIAN_PEPPER_ROOT;12867;13;12865;12;;;12880;16;12883;20;;;12873.5;0.0
av_COTTON_d2;45900;ASH_COATED_OSMIUM;10062;19;10058;17;;;10068;18;10071;16;;;10065.0;0.0
av_COTTON_d2;45900;INTARIAN_PEPPER_ROOT;12869;12;12867;9;;;12875;12;12879;11;;;12872.0;0.0
av_COTTON_d2;46000;ASH_COATED_OSMIUM;10056;14;10053;19;;;10073;23;10076;18;;;10064.5;0.0
av_COTTON_d2;46000;INTARIAN_PEPPER_ROOT;12869;20;12867;29;;;12875;13;12877;21;;;12872.0;0.0
av_COTTON_d2;46100;ASH_COATED_OSMIUM;10062;16;10058;22;;;10068;5;10070;23;;;10065.0;0.0
av_COTTON_d2;46100;INTARIAN_PEPPER_ROOT;12868;13;12865;20;;;12874;20;12877;19;;;12871.0;0.0
av_COTTON_d2;46200;ASH_COATED_OSMIUM;10062;14;10059;18;;;10068;11;10072;10;;;10065.0;0.0
av_COTTON_d2;46200;INTARIAN_PEPPER_ROOT;12864;20;12862;16;;;12876;19;12880;21;;;12870.0;0.0
av_COTTON_d2;46300;ASH_COATED_OSMIUM;10062;12;10058;22;;;10068;21;10070;15;;;10065.0;0.0
av_COTTON_d2;46300;INTARIAN_PEPPER_ROOT;12866;8;12863;21;;;12872;18;12874;18;;;12869.0;0.0
av_COTTON_d2;46400;ASH_COATED_OSMIUM;10062;10;10058;23;;;10068;16;10072;13;;;10065.0;0.0
av_COTTON_d2;46400;INTARIAN_PEPPER_ROOT;12866;14;12862;26;;;12872;9;12876;12;;;12869.0;0.0
av_COTTON_d2;46500;ASH_COATED_OSMIUM;10062;12;10060;18;;;10068;5;10071;21;;;10065.0;0.0
av_COTTON_d2;46500;INTARIAN_PEPPER_ROOT;12865;19;12862;17;;;12871;15;12875;21;;;12868.0;0.0
av_COTTON_d2;46600;ASH_COATED_OSMIUM;10062;16;10060;21;;;10068;16;10070;21;;;10065.0;0.0
av_COTTON_d2;46600;INTARIAN_PEPPER_ROOT;12865;14;12861;12;;;12871;16;12874;18;;;12868.0;0.0
av_COTTON_d2;46700;ASH_COATED_OSMIUM;10062;6;10059;14;;;10068;12;10070;19;;;10065.0;0.0
av_COTTON_d2;46700;INTARIAN_PEPPER_ROOT;12864;18;12861;24;;;12870;9;12873;21;;;12867.0;0.0
av_COTTON_d2;46800;ASH_COATED_OSMIUM;10061;17;10057;17;;;10069;13;10072;18;;;10065.0;0.0
av_COTTON_d2;46800;INTARIAN_PEPPER_ROOT;12863;9;12861;21;;;12869;17;12872;29;;;12866.0;0.0
av_COTTON_d2;46900;ASH_COATED_OSMIUM;10061;21;10058;21;;;10067;20;10069;22;;;10064.0;0.0
av_COTTON_d2;46900;INTARIAN_PEPPER_ROOT;12863;19;12860;21;;;12869;18;12872;22;;;12866.0;0.0
av_COTTON_d2;47000;ASH_COATED_OSMIUM;10062;11;10058;22;;;10068;5;10071;24;;;10065.0;0.0
av_COTTON_d2;47000;INTARIAN_PEPPER_ROOT;12860;14;12858;18;;;12869;12;12873;19;;;12864.5;0.0
av_COTTON_d2;47100;ASH_COATED_OSMIUM;10061;5;10059;27;;;10069;22;10071;20;;;10065.0;0.0
av_COTTON_d2;47100;INTARIAN_PEPPER_ROOT;12861;16;12858;10;;;12867;12;12869;26;;;12864.0;0.0
av_COTTON_d2;47200;ASH_COATED_OSMIUM;10061;9;10058;19;;;10068;15;10070;13;;;10064.5;0.0
av_COTTON_d2;47200;INTARIAN_PEPPER_ROOT;12857;9;12853;17;;;12869;5;12872;17;;;12863.0;0.0
av_COTTON_d2;47300;ASH_COATED_OSMIUM;10051;20;10048;20;;;10078;13;10081;22;;;10064.5;0.0
av_COTTON_d2;47300;INTARIAN_PEPPER_ROOT;12859;18;12856;14;;;12865;10;12867;23;;;12862.0;0.0
av_COTTON_d2;47400;ASH_COATED_OSMIUM;10060;16;10056;17;;;10069;16;10073;19;;;10064.5;0.0
av_COTTON_d2;47400;INTARIAN_PEPPER_ROOT;12859;15;12857;13;;;12865;21;12867;15;;;12862.0;0.0
av_COTTON_d2;47500;ASH_COATED_OSMIUM;10062;17;10060;25;;;10068;15;10071;31;;;10065.0;0.0
av_COTTON_d2;47500;INTARIAN_PEPPER_ROOT;12858;19;12855;14;;;12864;6;12866;20;;;12861.0;0.0
av_COTTON_d2;47600;ASH_COATED_OSMIUM;10062;15;10060;16;;;10068;18;10071;21;;;10065.0;0.0
av_COTTON_d2;47600;INTARIAN_PEPPER_ROOT;12857;11;12853;26;;;12863;15;12866;30;;;12860.0;0.0
av_COTTON_d2;47700;ASH_COATED_OSMIUM;10055;30;10051;16;;;10072;17;10074;8;;;10063.5;0.0
av_COTTON_d2;47700;INTARIAN_PEPPER_ROOT;12857;20;12854;14;;;12863;22;12866;21;;;12860.0;0.0
av_COTTON_d2;47800;ASH_COATED_OSMIUM;10044;11;10042;19;;;10085;12;10087;23;;;10064.5;0.0
av_COTTON_d2;47800;INTARIAN_PEPPER_ROOT;12854;13;12850;21;;;12865;17;12868;29;;;12859.5;0.0
av_COTTON_d2;47900;ASH_COATED_OSMIUM;10058;10;10055;20;;;10072;17;10074;18;;;10065.0;0.0
av_COTTON_d2;47900;INTARIAN_PEPPER_ROOT;12855;15;12851;24;;;12861;10;12864;21;;;12858.0;0.0
av_COTTON_d2;48000;ASH_COATED_OSMIUM;10060;18;10058;31;;;10068;12;10071;14;;;10064.0;0.0
av_COTTON_d2;48000;INTARIAN_PEPPER_ROOT;12854;11;12852;23;;;12860;23;12863;21;;;12857.0;0.0
av_COTTON_d2;48100;ASH_COATED_OSMIUM;10060;16;10058;22;;;10068;23;10071;21;;;10064.0;0.0
av_COTTON_d2;48100;INTARIAN_PEPPER_ROOT;12854;12;12851;27;;;12860;11;12862;21;;;12857.0;0.0
av_COTTON_d2;48200;ASH_COATED_OSMIUM;10054;13;10052;25;;;10075;19;10077;14;;;10064.5;0.0
av_COTTON_d2;48200;INTARIAN_PEPPER_ROOT;12853;9;12851;19;;;12859;27;12862;10;;;12856.0;0.0
av_COTTON_d2;48300;ASH_COATED_OSMIUM;10061;15;10059;18;;;10067;16;10070;21;;;10064.0;0.0
av_COTTON_d2;48300;INTARIAN_PEPPER_ROOT;12849;18;12846;22;;;12861;19;12865;19;;;12855.0;0.0
av_COTTON_d2;48400;ASH_COATED_OSMIUM;10057;9;10053;15;;;10072;11;10074;25;;;10064.5;0.0
av_COTTON_d2;48400;INTARIAN_PEPPER_ROOT;12851;15;12847;25;;;12857;21;12860;20;;;12854.0;0.0
av_COTTON_d2;48500;ASH_COATED_OSMIUM;10060;11;10057;14;;;10068;19;10070;16;;;10064.0;0.0
av_COTTON_d2;48500;INTARIAN_PEPPER_ROOT;12839;11;12835;24;;;12868;12;12872;19;;;12853.5;0.0
av_COTTON_d2;48600;ASH_COATED_OSMIUM;10057;16;10053;23;;;10070;17;10074;20;;;10063.5;0.0
av_COTTON_d2;48600;INTARIAN_PEPPER_ROOT;12850;15;12848;20;;;12856;15;12860;18;;;12853.0;0.0
av_COTTON_d2;48700;ASH_COATED_OSMIUM;10057;17;10054;24;;;10072;10;10075;25;;;10064.5;0.0
av_COTTON_d2;48700;INTARIAN_PEPPER_ROOT;12850;14;12846;22;;;12856;5;12858;17;;;12853.0;0.0
av_COTTON_d2;48800;ASH_COATED_OSMIUM;10061;9;10057;17;;;10068;19;10072;14;;;10064.5;0.0
av_COTTON_d2;48800;INTARIAN_PEPPER_ROOT;12849;8;12845;18;;;12855;20;12859;22;;;12852.0;0.0
av_COTTON_d2;48900;ASH_COATED_OSMIUM;10061;10;10058;25;;;10067;21;10070;16;;;10064.0;0.0
av_COTTON_d2;48900;INTARIAN_PEPPER_ROOT;12840;16;12837;26;;;12862;16;12864;21;;;12851.0;0.0
av_COTTON_d2;49000;ASH_COATED_OSMIUM;10061;13;10059;24;;;10067;11;10071;25;;;10064.0;0.0
av_COTTON_d2;49000;INTARIAN_PEPPER_ROOT;12846;13;12842;35;;;12855;17;12858;14;;;12850.5;0.0
av_COTTON_d2;49100;ASH_COATED_OSMIUM;10061;16;10057;16;;;10067;17;10069;33;;;10064.0;0.0
av_COTTON_d2;49100;INTARIAN_PEPPER_ROOT;12845;23;12843;23;;;12854;7;12857;18;;;12849.5;0.0
av_COTTON_d2;49200;ASH_COATED_OSMIUM;10061;7;10057;20;;;10067;22;10070;8;;;10064.0;0.0
av_COTTON_d2;49200;INTARIAN_PEPPER_ROOT;12846;7;12842;19;;;12852;14;12854;23;;;12849.0;0.0
av_COTTON_d2;49300;ASH_COATED_OSMIUM;10060;8;10056;23;;;10066;5;10069;28;;;10063.0;0.0
av_COTTON_d2;49300;INTARIAN_PEPPER_ROOT;12845;11;12842;11;;;12851;9;12853;16;;;12848.0;0.0
av_COTTON_d2;49400;ASH_COATED_OSMIUM;10061;25;10059;18;;;10068;13;10072;15;;;10064.5;0.0
av_COTTON_d2;49400;INTARIAN_PEPPER_ROOT;12844;18;12841;17;;;12850;23;12853;30;;;12847.0;0.0
av_COTTON_d2;49500;ASH_COATED_OSMIUM;10061;11;10057;23;;;10067;11;10069;12;;;10064.0;0.0
av_COTTON_d2;49500;INTARIAN_PEPPER_ROOT;12843;8;12841;26;;;12851;8;12853;15;;;12847.0;0.0
av_COTTON_d2;49600;ASH_COATED_OSMIUM;10061;16;10058;19;;;10067;13;10069;22;;;10064.0;0.0
av_COTTON_d2;49600;INTARIAN_PEPPER_ROOT;12841;9;12839;20;;;12851;16;12854;27;;;12846.0;0.0
av_COTTON_d2;49700;ASH_COATED_OSMIUM;10061;5;10057;15;;;10067;24;10069;15;;;10064.0;0.0
av_COTTON_d2;49700;INTARIAN_PEPPER_ROOT;12840;9;12838;19;;;12850;21;12853;20;;;12845.0;0.0
av_COTTON_d2;49800;ASH_COATED_OSMIUM;10056;18;10052;20;;;10073;11;10077;19;;;10064.5;0.0
av_COTTON_d2;49800;INTARIAN_PEPPER_ROOT;12832;11;12828;20;;;12857;20;12861;12;;;12844.5;0.0
av_COTTON_d2;49900;ASH_COATED_OSMIUM;10060;15;10058;20;;;10066;10;10069;27;;;10063.0;0.0
av_COTTON_d2;49900;INTARIAN_PEPPER_ROOT;12840;7;12838;23;;;12846;9;12849;24;;;12843.0;0.0
av_COTTON_d2;50000;ASH_COATED_OSMIUM;10061;13;10059;27;;;10067;14;10071;18;;;10064.0;0.0
av_COTTON_d2;50000;INTARIAN_PEPPER_ROOT;12836;18;12833;14;;;12851;16;12855;28;;;12843.5;0.0
av_COTTON_d2;50100;ASH_COATED_OSMIUM;10061;19;10057;21;;;10067;10;10071;12;;;10064.0;0.0
av_COTTON_d2;50100;INTARIAN_PEPPER_ROOT;12832;18;12830;13;;;12853;18;12856;19;;;12842.5;0.0
av_COTTON_d2;50200;ASH_COATED_OSMIUM;10060;10;10056;8;;;10066;7;10070;21;;;10063.0;0.0
av_COTTON_d2;50200;INTARIAN_PEPPER_ROOT;12836;14;12833;26;;;12847;9;12851;28;;;12841.5;0.0
av_COTTON_d2;50300;ASH_COATED_OSMIUM;10060;25;10056;15;;;10066;14;10069;24;;;10063.0;0.0
av_COTTON_d2;50300;INTARIAN_PEPPER_ROOT;12837;9;12833;17;;;12843;13;12845;18;;;12840.0;0.0
av_COTTON_d2;50400;ASH_COATED_OSMIUM;10052;17;10048;29;;;10075;5;10077;24;;;10063.5;0.0
av_COTTON_d2;50400;INTARIAN_PEPPER_ROOT;12837;14;12833;25;;;12843;19;12845;25;;;12840.0;0.0
av_COTTON_d2;50500;ASH_COATED_OSMIUM;10060;19;10056;25;;;10067;13;10070;22;;;10063.5;0.0
av_COTTON_d2;50500;INTARIAN_PEPPER_ROOT;12836;21;12833;18;;;12842;5;12846;16;;;12839.0;0.0
av_COTTON_d2;50600;ASH_COATED_OSMIUM;10059;7;10055;14;;;10068;8;10072;20;;;10063.5;0.0
av_COTTON_d2;50600;INTARIAN_PEPPER_ROOT;12836;20;12833;16;;;12842;19;12846;18;;;12839.0;0.0
av_COTTON_d2;50700;ASH_COATED_OSMIUM;10061;20;10057;21;;;10067;10;10070;24;;;10064.0;0.0
av_COTTON_d2;50700;INTARIAN_PEPPER_ROOT;12835;15;12833;18;;;12841;14;12845;19;;;12838.0;0.0
av_COTTON_d2;50800;ASH_COATED_OSMIUM;10059;13;10056;12;;;10068;14;10070;13;;;10063.5;0.0
av_COTTON_d2;50800;INTARIAN_PEPPER_ROOT;12829;9;12825;18;;;12845;17;12847;19;;;12837.0;0.0
av_COTTON_d2;50900;ASH_COATED_OSMIUM;10061;10;10059;20;;;10067;20;10071;32;;;10064.0;0.0
av_COTTON_d2;50900;INTARIAN_PEPPER_ROOT;12834;11;12831;18;;;12840;16;12844;16;;;12837.0;0.0
av_COTTON_d2;51000;ASH_COATED_OSMIUM;10061;14;10057;15;;;10067;7;10071;13;;;10064.0;0.0
av_COTTON_d2;51000;INTARIAN_PEPPER_ROOT;12823;18;12819;25;;;12851;16;12853;23;;;12837.0;0.0
av_COTTON_d2;51100;ASH_COATED_OSMIUM;10061;22;10058;21;;;10067;12;10069;19;;;10064.0;0.0
av_COTTON_d2;51100;INTARIAN_PEPPER_ROOT;12830;14;12826;16;;;12845;10;12849;13;;;12837.5;0.0
av_COTTON_d2;51200;ASH_COATED_OSMIUM;10061;22;10058;15;;;10067;10;10071;20;;;10064.0;0.0
av_COTTON_d2;51200;INTARIAN_PEPPER_ROOT;12835;9;12832;19;;;12841;19;12844;22;;;12838.0;0.0
av_COTTON_d2;51300;ASH_COATED_OSMIUM;10061;10;10057;14;;;10067;13;10069;26;;;10064.0;0.0
av_COTTON_d2;51300;INTARIAN_PEPPER_ROOT;12835;19;12831;21;;;12841;16;12843;16;;;12838.0;0.0
av_COTTON_d2;51400;ASH_COATED_OSMIUM;10059;10;10057;21;;;10069;23;10071;9;;;10064.0;0.0
av_COTTON_d2;51400;INTARIAN_PEPPER_ROOT;12835;15;12832;21;;;12841;19;12844;16;;;12838.0;0.0
av_COTTON_d2;51500;ASH_COATED_OSMIUM;10062;23;10058;19;;;10068;17;10070;26;;;10065.0;0.0
av_COTTON_d2;51500;INTARIAN_PEPPER_ROOT;12822;11;12820;17;;;12854;19;12857;20;;;12838.0;0.0
av_COTTON_d2;51600;ASH_COATED_OSMIUM;10061;18;10057;17;;;10067;21;10069;21;;;10064.0;0.0
av_COTTON_d2;51600;INTARIAN_PEPPER_ROOT;12835;9;12833;25;;;12841;7;12845;19;;;12838.0;0.0
av_COTTON_d2;51700;ASH_COATED_OSMIUM;10051;18;10047;18;;;10078;19;10081;14;;;10064.5;0.0
av_COTTON_d2;51700;INTARIAN_PEPPER_ROOT;12836;14;12834;14;;;12842;10;12845;10;;;12839.0;0.0
av_COTTON_d2;51800;ASH_COATED_OSMIUM;10061;16;10058;9;;;10067;21;10070;16;;;10064.0;0.0
av_COTTON_d2;51800;INTARIAN_PEPPER_ROOT;12836;19;12833;18;;;12842;11;12846;12;;;12839.0;0.0
av_COTTON_d2;51900;ASH_COATED_OSMIUM;10059;17;10056;11;;;10072;12;10075;12;;;10065.5;0.0
av_COTTON_d2;51900;INTARIAN_PEPPER_ROOT;12836;18;12832;22;;;12842;11;12845;22;;;12839.0;0.0
av_COTTON_d2;52000;ASH_COATED_OSMIUM;10062;17;10060;19;;;10068;11;10070;17;;;10065.0;0.0
av_COTTON_d2;52000;INTARIAN_PEPPER_ROOT;12836;14;12832;23;;;12842;13;12844;19;;;12839.0;0.0
av_COTTON_d2;52100;ASH_COATED_OSMIUM;10061;13;10058;16;;;10069;14;10073;16;;;10065.0;0.0
av_COTTON_d2;52100;INTARIAN_PEPPER_ROOT;12830;11;12826;20;;;12848;14;12852;25;;;12839.0;0.0
av_COTTON_d2;52200;ASH_COATED_OSMIUM;10057;15;10055;13;;;10072;15;10076;18;;;10064.5;0.0
av_COTTON_d2;52200;INTARIAN_PEPPER_ROOT;12836;11;12834;30;;;12842;11;12845;22;;;12839.0;0.0
av_COTTON_d2;52300;ASH_COATED_OSMIUM;10049;9;10047;21;;;10081;16;10084;23;;;10065.0;0.0
av_COTTON_d2;52300;INTARIAN_PEPPER_ROOT;12826;16;12824;11;;;12853;16;12855;17;;;12839.5;0.0
av_COTTON_d2;52400;ASH_COATED_OSMIUM;10059;12;10056;16;;;10072;10;10074;26;;;10065.5;0.0
av_COTTON_d2;52400;INTARIAN_PEPPER_ROOT;12826;6;12822;25;;;12854;23;12856;21;;;12840.0;0.0
av_COTTON_d2;52500;ASH_COATED_OSMIUM;10057;16;10053;19;;;10074;5;10076;23;;;10065.5;0.0
av_COTTON_d2;52500;INTARIAN_PEPPER_ROOT;12837;12;12835;9;;;12843;22;12847;18;;;12840.0;0.0
av_COTTON_d2;52600;ASH_COATED_OSMIUM;10062;12;10058;11;;;10068;9;10070;22;;;10065.0;0.0
av_COTTON_d2;52600;INTARIAN_PEPPER_ROOT;12837;9;12833;18;;;12843;16;12846;26;;;12840.0;0.0
av_COTTON_d2;52700;ASH_COATED_OSMIUM;10063;9;10061;17;;;10069;14;10072;11;;;10066.0;0.0
av_COTTON_d2;52700;INTARIAN_PEPPER_ROOT;12837;13;12835;18;;;12843;13;12846;17;;;12840.0;0.0
av_COTTON_d2;52800;ASH_COATED_OSMIUM;10063;12;10061;31;;;10070;9;10074;28;;;10066.5;0.0
av_COTTON_d2;52800;INTARIAN_PEPPER_ROOT;12834;8;12830;23;;;12846;16;12849;13;;;12840.0;0.0
av_COTTON_d2;52900;ASH_COATED_OSMIUM;10055;5;10051;17;;;10077;16;10080;23;;;10066.0;0.0
av_COTTON_d2;52900;INTARIAN_PEPPER_ROOT;12838;10;12834;8;;;12844;15;12847;23;;;12841.0;0.0
av_COTTON_d2;53000;ASH_COATED_OSMIUM;10063;15;10059;16;;;10069;12;10073;17;;;10066.0;0.0
av_COTTON_d2;53000;INTARIAN_PEPPER_ROOT;12837;12;12834;20;;;12843;16;12847;15;;;12840.0;0.0
av_COTTON_d2;53100;ASH_COATED_OSMIUM;10063;15;10059;18;;;10069;17;10073;18;;;10066.0;0.0
av_COTTON_d2;53100;INTARIAN_PEPPER_ROOT;12838;9;12836;21;;;12844;14;12847;19;;;12841.0;0.0
av_COTTON_d2;53200;ASH_COATED_OSMIUM;10063;14;10060;24;;;10069;16;10073;22;;;10066.0;0.0
av_COTTON_d2;53200;INTARIAN_PEPPER_ROOT;12837;20;12835;20;;;12844;10;12848;18;;;12840.5;0.0
av_COTTON_d2;53300;ASH_COATED_OSMIUM;10063;8;10060;24;;;10069;19;10071;31;;;10066.0;0.0
av_COTTON_d2;53300;INTARIAN_PEPPER_ROOT;12838;16;12834;18;;;12844;7;12846;14;;;12841.0;0.0
av_COTTON_d2;53400;ASH_COATED_OSMIUM;10064;17;10060;19;;;10070;22;10073;17;;;10067.0;0.0
av_COTTON_d2;53400;INTARIAN_PEPPER_ROOT;12838;16;12835;20;;;12845;5;12849;17;;;12841.5;0.0
av_COTTON_d2;53500;ASH_COATED_OSMIUM;10064;14;10062;13;;;10070;8;10073;21;;;10067.0;0.0
av_COTTON_d2;53500;INTARIAN_PEPPER_ROOT;12839;6;12836;12;;;12845;15;12848;12;;;12842.0;0.0
av_COTTON_d2;53600;ASH_COATED_OSMIUM;10064;18;10061;19;;;10070;13;10072;20;;;10067.0;0.0
av_COTTON_d2;53600;INTARIAN_PEPPER_ROOT;12839;16;12837;21;;;12845;10;12847;16;;;12842.0;0.0
av_COTTON_d2;53700;ASH_COATED_OSMIUM;10064;24;10062;11;;;10070;10;10073;22;;;10067.0;0.0
av_COTTON_d2;53700;INTARIAN_PEPPER_ROOT;12839;12;12837;22;;;12845;5;12848;16;;;12842.0;0.0
av_COTTON_d2;53800;ASH_COATED_OSMIUM;10065;11;10061;20;;;10071;12;10074;25;;;10068.0;0.0
av_COTTON_d2;53800;INTARIAN_PEPPER_ROOT;12839;6;12835;20;;;12845;20;12847;26;;;12842.0;0.0
av_COTTON_d2;53900;ASH_COATED_OSMIUM;10064;9;10061;18;;;10070;15;10074;14;;;10067.0;0.0
av_COTTON_d2;53900;INTARIAN_PEPPER_ROOT;12840;15;12837;21;;;12846;14;12849;12;;;12843.0;0.0
av_COTTON_d2;54000;ASH_COATED_OSMIUM;10064;18;10060;17;;;10070;14;10073;26;;;10067.0;0.0
av_COTTON_d2;54000;INTARIAN_PEPPER_ROOT;12839;20;12837;19;;;12845;16;12849;8;;;12842.0;0.0
av_COTTON_d2;54100;ASH_COATED_OSMIUM;10064;15;10062;28;;;10070;20;10072;20;;;10067.0;0.0
av_COTTON_d2;54100;INTARIAN_PEPPER_ROOT;12839;14;12836;19;;;12845;18;12849;8;;;12842.0;0.0
av_COTTON_d2;54200;ASH_COATED_OSMIUM;10064;18;10061;22;;;10070;20;10074;11;;;10067.0;0.0
av_COTTON_d2;54200;INTARIAN_PEPPER_ROOT;12840;12;12838;12;;;12846;16;12848;23;;;12843.0;0.0
av_COTTON_d2;54300;ASH_COATED_OSMIUM;10065;12;10063;13;;;10071;12;10074;21;;;10068.0;0.0
av_COTTON_d2;54300;INTARIAN_PEPPER_ROOT;12839;8;12835;22;;;12845;20;12849;25;;;12842.0;0.0
av_COTTON_d2;54400;ASH_COATED_OSMIUM;10060;12;10057;14;;;10075;5;10077;22;;;10067.5;0.0
av_COTTON_d2;54400;INTARIAN_PEPPER_ROOT;12840;15;12838;8;;;12846;15;12848;18;;;12843.0;0.0
av_COTTON_d2;54500;ASH_COATED_OSMIUM;10065;17;10063;19;;;10071;18;10074;13;;;10068.0;0.0
av_COTTON_d2;54500;INTARIAN_PEPPER_ROOT;12840;21;12838;27;;;12846;16;12850;20;;;12843.0;0.0
av_COTTON_d2;54600;ASH_COATED_OSMIUM;10065;11;10061;24;;;10071;9;10075;17;;;10068.0;0.0
av_COTTON_d2;54600;INTARIAN_PEPPER_ROOT;12837;12;12833;25;;;12849;16;12851;23;;;12843.0;0.0
av_COTTON_d2;54700;ASH_COATED_OSMIUM;10065;15;10062;21;;;10072;13;10076;18;;;10068.5;0.0
av_COTTON_d2;54700;INTARIAN_PEPPER_ROOT;12833;11;12830;20;;;12854;8;12858;18;;;12843.5;0.0
av_COTTON_d2;54800;ASH_COATED_OSMIUM;10065;14;10062;24;;;10071;15;10074;21;;;10068.0;0.0
av_COTTON_d2;54800;INTARIAN_PEPPER_ROOT;12841;15;12838;20;;;12847;17;12851;26;;;12844.0;0.0
av_COTTON_d2;54900;ASH_COATED_OSMIUM;10046;6;10044;24;;;10090;11;10092;12;;;10068.0;0.0
av_COTTON_d2;54900;INTARIAN_PEPPER_ROOT;12841;9;12837;18;;;12847;5;12851;21;;;12844.0;0.0
av_COTTON_d2;55000;ASH_COATED_OSMIUM;10065;9;10061;21;;;10072;15;10075;31;;;10068.5;0.0
av_COTTON_d2;55000;INTARIAN_PEPPER_ROOT;12840;17;12836;22;;;12846;9;12848;17;;;12843.0;0.0
av_COTTON_d2;55100;ASH_COATED_OSMIUM;10062;19;10059;22;;;10076;20;10078;19;;;10069.0;0.0
av_COTTON_d2;55100;INTARIAN_PEPPER_ROOT;12842;23;12840;30;;;12848;14;12851;25;;;12845.0;0.0
av_COTTON_d2;55200;ASH_COATED_OSMIUM;10064;16;10062;13;;;10074;19;10078;16;;;10069.0;0.0
av_COTTON_d2;55200;INTARIAN_PEPPER_ROOT;12841;11;12837;23;;;12848;14;12851;29;;;12844.5;0.0
av_COTTON_d2;55300;ASH_COATED_OSMIUM;10066;19;10063;23;;;10072;14;10075;27;;;10069.0;0.0
av_COTTON_d2;55300;INTARIAN_PEPPER_ROOT;12842;13;12840;23;;;12848;7;12851;13;;;12845.0;0.0
av_COTTON_d2;55400;ASH_COATED_OSMIUM;10061;14;10058;19;;;10076;13;10078;22;;;10068.5;0.0
