day;timestamp;product;bid_price_1;bid_volume_1;bid_price_2;bid_volume_2;bid_price_3;bid_volume_3;ask_price_1;ask_volume_1;ask_price_2;ask_volume_2;ask_price_3;ask_volume_3;mid_price;profit_and_loss
av_COFFEE_d4;0;ASH_COATED_OSMIUM;9925;12;9921;14;;;9931;19;9935;16;;;9928.0;0.0
av_COFFEE_d4;0;INTARIAN_PEPPER_ROOT;10141;24;10139;24;;;10147;17;10149;25;;;10144.0;0.0
av_COFFEE_d4;100;ASH_COATED_OSMIUM;9919;11;9917;20;;;9937;8;9941;19;;;9928.0;0.0
av_COFFEE_d4;100;INTARIAN_PEPPER_ROOT;10130;12;10128;12;;;10160;22;10164;18;;;10145.0;0.0
av_COFFEE_d4;200;ASH_COATED_OSMIUM;9923;10;9921;8;;;9933;9;9936;24;;;9928.0;0.0
av_COFFEE_d4;200;INTARIAN_PEPPER_ROOT;10140;18;10136;17;;;10148;17;10151;24;;;10144.0;0.0
av_COFFEE_d4;300;ASH_COATED_OSMIUM;9925;18;9921;20;;;9931;9;9935;26;;;9928.0;0.0
av_COFFEE_d4;300;INTARIAN_PEPPER_ROOT;10135;11;10132;26;;;10154;14;10157;14;;;10144.5;0.0
av_COFFEE_d4;400;ASH_COATED_OSMIUM;9924;10;9922;21;;;9930;24;9934;22;;;9927.0;0.0
av_COFFEE_d4;400;INTARIAN_PEPPER_ROOT;10142;9;10139;26;;;10149;11;10152;23;;;10145.5;0.0
av_COFFEE_d4;500;ASH_COATED_OSMIUM;9924;24;9920;16;;;9930;17;9933;23;;;9927.0;0.0
av_COFFEE_d4;500;INTARIAN_PEPPER_ROOT;10141;18;10138;17;;;10147;12;10149;26;;;10144.0;0.0
av_COFFEE_d4;600;ASH_COATED_OSMIUM;9924;16;9922;25;;;9930;13;9934;20;;;9927.0;0.0
av_COFFEE_d4;600;INTARIAN_PEPPER_ROOT;10142;27;10138;14;;;10148;12;10150;26;;;10145.0;0.0
av_COFFEE_d4;700;ASH_COATED_OSMIUM;9924;29;9920;21;;;9930;13;9934;12;;;9927.0;0.0
av_COFFEE_d4;700;INTARIAN_PEPPER_ROOT;10143;19;10141;22;;;10149;22;10152;15;;;10146.0;0.0
av_COFFEE_d4;800;ASH_COATED_OSMIUM;9924;7;9920;20;;;9930;18;9934;23;;;9927.0;0.0
av_COFFEE_d4;800;INTARIAN_PEPPER_ROOT;10142;9;10138;30;;;10149;26;10153;15;;;10145.5;0.0
av_COFFEE_d4;900;ASH_COATED_OSMIUM;9920;7;9917;15;;;9933;20;9936;18;;;9926.5;0.0
av_COFFEE_d4;900;INTARIAN_PEPPER_ROOT;10143;9;10140;14;;;10150;13;10153;15;;;10146.5;0.0
av_COFFEE_d4;1000;ASH_COATED_OSMIUM;9924;13;9921;22;;;9930;7;9932;19;;;9927.0;0.0
av_COFFEE_d4;1000;INTARIAN_PEPPER_ROOT;10136;17;10134;21;;;10155;10;10159;20;;;10145.5;0.0
av_COFFEE_d4;1100;ASH_COATED_OSMIUM;9923;14;9919;19;;;9929;17;9933;22;;;9926.0;0.0
av_COFFEE_d4;1100;INTARIAN_PEPPER_ROOT;10143;21;10140;24;;;10149;21;10152;13;;;10146.0;0.0
av_COFFEE_d4;1200;ASH_COATED_OSMIUM;9922;16;9920;23;;;9929;13;9932;14;;;9925.5;0.0
av_COFFEE_d4;1200;INTARIAN_PEPPER_ROOT;10139;10;10135;24;;;10154;17;10157;21;;;10146.5;0.0
av_COFFEE_d4;1300;ASH_COATED_OSMIUM;9916;11;9913;18;;;9937;15;9940;15;;;9926.5;0.0
av_COFFEE_d4;1300;INTARIAN_PEPPER_ROOT;10138;17;10136;23;;;10155;10;10159;18;;;10146.5;0.0
av_COFFEE_d4;1400;ASH_COATED_OSMIUM;9921;14;9919;25;;;9931;12;9933;12;;;9926.0;0.0
av_COFFEE_d4;1400;INTARIAN_PEPPER_ROOT;10131;9;10128;18;;;10161;13;10163;22;;;10146.0;0.0
av_COFFEE_d4;1500;ASH_COATED_OSMIUM;9923;16;9921;18;;;9929;15;9933;28;;;9926.0;0.0
av_COFFEE_d4;1500;INTARIAN_PEPPER_ROOT;10144;20;10141;17;;;10150;16;10153;17;;;10147.0;0.0
av_COFFEE_d4;1600;ASH_COATED_OSMIUM;9923;18;9921;22;;;9929;17;9933;22;;;9926.0;0.0
av_COFFEE_d4;1600;INTARIAN_PEPPER_ROOT;10144;10;10141;30;;;10150;22;10154;16;;;10147.0;0.0
av_COFFEE_d4;1700;ASH_COATED_OSMIUM;9921;18;9918;16;;;9931;9;9935;16;;;9926.0;0.0
av_COFFEE_d4;1700;INTARIAN_PEPPER_ROOT;10144;12;10142;20;;;10150;14;10153;21;;;10147.0;0.0
av_COFFEE_d4;1800;ASH_COATED_OSMIUM;9922;23;9918;14;;;9928;15;9931;14;;;9925.0;0.0
av_COFFEE_d4;1800;INTARIAN_PEPPER_ROOT;10145;27;10143;26;;;10151;9;10153;17;;;10148.0;0.0
av_COFFEE_d4;1900;ASH_COATED_OSMIUM;9922;15;9920;23;;;9928;15;9931;17;;;9925.0;0.0
av_COFFEE_d4;1900;INTARIAN_PEPPER_ROOT;10145;17;10143;16;;;10151;9;10155;18;;;10148.0;0.0
av_COFFEE_d4;2000;ASH_COATED_OSMIUM;9922;15;9918;24;;;9928;10;9931;23;;;9925.0;0.0
av_COFFEE_d4;2000;INTARIAN_PEPPER_ROOT;10145;12;10143;32;;;10152;9;10156;20;;;10148.5;0.0
av_COFFEE_d4;2100;ASH_COATED_OSMIUM;9919;18;9915;10;;;9930;10;9934;18;;;9924.5;0.0
av_COFFEE_d4;2100;INTARIAN_PEPPER_ROOT;10138;10;10136;28;;;10160;25;10163;29;;;10149.0;0.0
av_COFFEE_d4;2200;ASH_COATED_OSMIUM;9922;18;9920;23;;;9928;16;9930;18;;;9925.0;0.0
av_COFFEE_d4;2200;INTARIAN_PEPPER_ROOT;10146;14;10143;21;;;10152;13;10155;27;;;10149.0;0.0
av_COFFEE_d4;2300;ASH_COATED_OSMIUM;9922;12;9918;11;;;9928;22;9932;33;;;9925.0;0.0
av_COFFEE_d4;2300;INTARIAN_PEPPER_ROOT;10145;14;10141;10;;;10151;18;10155;18;;;10148.0;0.0
av_COFFEE_d4;2400;ASH_COATED_OSMIUM;9920;7;9916;15;;;9929;13;9932;22;;;9924.5;0.0
av_COFFEE_d4;2400;INTARIAN_PEPPER_ROOT;10137;16;10135;16;;;10161;11;10164;22;;;10149.0;0.0
av_COFFEE_d4;2500;ASH_COATED_OSMIUM;9921;16;9918;23;;;9927;23;9929;29;;;9924.0;0.0
av_COFFEE_d4;2500;INTARIAN_PEPPER_ROOT;10146;13;10142;21;;;10152;8;10155;14;;;10149.0;0.0
av_COFFEE_d4;2600;ASH_COATED_OSMIUM;9921;24;9919;17;;;9927;15;9930;17;;;9924.0;0.0
av_COFFEE_d4;2600;INTARIAN_PEPPER_ROOT;10145;13;10141;17;;;10153;16;10155;31;;;10149.0;0.0
av_COFFEE_d4;2700;ASH_COATED_OSMIUM;9915;13;9912;14;;;9932;11;9936;24;;;9923.5;0.0
av_COFFEE_d4;2700;INTARIAN_PEPPER_ROOT;10145;19;10141;21;;;10155;9;10158;17;;;10150.0;0.0
av_COFFEE_d4;2800;ASH_COATED_OSMIUM;9918;18;9916;29;;;9929;14;9931;27;;;9923.5;0.0
av_COFFEE_d4;2800;INTARIAN_PEPPER_ROOT;10146;10;10143;21;;;10152;11;10156;22;;;10149.0;0.0
av_COFFEE_d4;2900;ASH_COATED_OSMIUM;9920;9;9916;19;;;9926;22;9929;24;;;9923.0;0.0
av_COFFEE_d4;2900;INTARIAN_PEPPER_ROOT;10146;13;10143;29;;;10152;14;10154;19;;;10149.0;0.0
av_COFFEE_d4;3000;ASH_COATED_OSMIUM;9918;15;9916;18;;;9929;14;9932;17;;;9923.5;0.0
av_COFFEE_d4;3000;INTARIAN_PEPPER_ROOT;10138;18;10136;11;;;10163;11;10167;25;;;10150.5;0.0
av_COFFEE_d4;3100;ASH_COATED_OSMIUM;9920;23;9916;24;;;9926;18;9928;14;;;9923.0;0.0
av_COFFEE_d4;3100;INTARIAN_PEPPER_ROOT;10147;17;10143;24;;;10153;10;10156;24;;;10150.0;0.0
av_COFFEE_d4;3200;ASH_COATED_OSMIUM;9917;14;9915;19;;;9928;24;9932;21;;;9922.5;0.0
av_COFFEE_d4;3200;INTARIAN_PEPPER_ROOT;10147;13;10145;24;;;10153;20;10157;12;;;10150.0;0.0
av_COFFEE_d4;3300;ASH_COATED_OSMIUM;9920;10;9916;26;;;9926;10;9928;18;;;9923.0;0.0
av_COFFEE_d4;3300;INTARIAN_PEPPER_ROOT;10147;15;10145;16;;;10153;19;10156;14;;;10150.0;0.0
av_COFFEE_d4;3400;ASH_COATED_OSMIUM;9916;19;9913;23;;;9930;24;9934;18;;;9923.0;0.0
av_COFFEE_d4;3400;INTARIAN_PEPPER_ROOT;10148;13;10146;19;;;10154;11;10156;20;;;10151.0;0.0
av_COFFEE_d4;3500;ASH_COATED_OSMIUM;9919;18;9916;22;;;9925;11;9928;28;;;9922.0;0.0
av_COFFEE_d4;3500;INTARIAN_PEPPER_ROOT;10147;14;10143;31;;;10154;11;10157;20;;;10150.5;0.0
av_COFFEE_d4;3600;ASH_COATED_OSMIUM;9915;17;9911;18;;;9929;18;9931;19;;;9922.0;0.0
av_COFFEE_d4;3600;INTARIAN_PEPPER_ROOT;10148;10;10144;28;;;10154;6;10156;20;;;10151.0;0.0
av_COFFEE_d4;3700;ASH_COATED_OSMIUM;9918;13;9915;19;;;9924;17;9926;22;;;9921.0;0.0
av_COFFEE_d4;3700;INTARIAN_PEPPER_ROOT;10137;17;10134;16;;;10166;13;10169;17;;;10151.5;0.0
av_COFFEE_d4;3800;ASH_COATED_OSMIUM;9918;20;9914;31;;;9924;12;9927;25;;;9921.0;0.0
av_COFFEE_d4;3800;INTARIAN_PEPPER_ROOT;10148;17;10146;18;;;10154;14;10156;23;;;10151.0;0.0
av_COFFEE_d4;3900;ASH_COATED_OSMIUM;9919;17;9916;28;;;9925;21;9929;30;;;9922.0;0.0
av_COFFEE_d4;3900;INTARIAN_PEPPER_ROOT;10148;17;10144;18;;;10154;22;10157;22;;;10151.0;0.0
av_COFFEE_d4;4000;ASH_COATED_OSMIUM;9918;16;9915;19;;;9924;13;9927;20;;;9921.0;0.0
av_COFFEE_d4;4000;INTARIAN_PEPPER_ROOT;10140;6;10138;23;;;10165;13;10169;18;;;10152.5;0.0
av_COFFEE_d4;4100;ASH_COATED_OSMIUM;9919;12;9917;16;;;9925;15;9928;24;;;9922.0;0.0
av_COFFEE_d4;4100;INTARIAN_PEPPER_ROOT;10147;9;10145;20;;;10156;17;10160;30;;;10151.5;0.0
av_COFFEE_d4;4200;ASH_COATED_OSMIUM;9918;14;9914;29;;;9924;12;9927;16;;;9921.0;0.0
av_COFFEE_d4;4200;INTARIAN_PEPPER_ROOT;10149;14;10146;17;;;10156;11;10159;19;;;10152.5;0.0
av_COFFEE_d4;4300;ASH_COATED_OSMIUM;9918;9;9915;14;;;9925;14;9929;23;;;9921.5;0.0
av_COFFEE_d4;4300;INTARIAN_PEPPER_ROOT;10146;15;10142;28;;;10159;21;10161;21;;;10152.5;0.0
av_COFFEE_d4;4400;ASH_COATED_OSMIUM;9915;18;9913;21;;;9926;22;9930;14;;;9920.5;0.0
av_COFFEE_d4;4400;INTARIAN_PEPPER_ROOT;10147;17;10144;24;;;10159;14;10161;13;;;10153.0;0.0
av_COFFEE_d4;4500;ASH_COATED_OSMIUM;9918;12;9914;17;;;9924;16;9928;28;;;9921.0;0.0
av_COFFEE_d4;4500;INTARIAN_PEPPER_ROOT;10150;14;10146;11;;;10156;19;10159;19;;;10153.0;0.0
av_COFFEE_d4;4600;ASH_COATED_OSMIUM;9918;7;9916;19;;;9924;12;9927;26;;;9921.0;0.0
av_COFFEE_d4;4600;INTARIAN_PEPPER_ROOT;10149;15;10146;16;;;10156;13;10158;23;;;10152.5;0.0
av_COFFEE_d4;4700;ASH_COATED_OSMIUM;9917;14;9915;14;;;9923;17;9926;21;;;9920.0;0.0
av_COFFEE_d4;4700;INTARIAN_PEPPER_ROOT;10143;21;10139;19;;;10163;16;10166;22;;;10153.0;0.0
av_COFFEE_d4;4800;ASH_COATED_OSMIUM;9917;18;9914;17;;;9923;18;9927;30;;;9920.0;0.0
av_COFFEE_d4;4800;INTARIAN_PEPPER_ROOT;10151;9;10148;20;;;10157;13;10159;19;;;10154.0;0.0
av_COFFEE_d4;4900;ASH_COATED_OSMIUM;9910;18;9907;19;;;9930;19;9933;23;;;9920.0;0.0
av_COFFEE_d4;4900;INTARIAN_PEPPER_ROOT;10150;11;10146;21;;;10158;13;10161;22;;;10154.0;0.0
av_COFFEE_d4;5000;ASH_COATED_OSMIUM;9917;18;9913;13;;;9923;11;9927;18;;;9920.0;0.0
av_COFFEE_d4;5000;INTARIAN_PEPPER_ROOT;10147;8;10143;23;;;10161;21;10165;16;;;10154.0;0.0
av_COFFEE_d4;5100;ASH_COATED_OSMIUM;9914;14;9911;23;;;9924;8;9928;8;;;9919.0;0.0
av_COFFEE_d4;5100;INTARIAN_PEPPER_ROOT;10146;8;10144;13;;;10161;17;10164;28;;;10153.5;0.0
av_COFFEE_d4;5200;ASH_COATED_OSMIUM;9916;19;9912;20;;;9922;17;9925;15;;;9919.0;0.0
av_COFFEE_d4;5200;INTARIAN_PEPPER_ROOT;10152;9;10149;22;;;10158;16;10160;22;;;10155.0;0.0
av_COFFEE_d4;5300;ASH_COATED_OSMIUM;9915;13;9913;24;;;9924;18;9926;17;;;9919.5;0.0
av_COFFEE_d4;5300;INTARIAN_PEPPER_ROOT;10152;13;10150;23;;;10158;17;10160;22;;;10155.0;0.0
av_COFFEE_d4;5400;ASH_COATED_OSMIUM;9916;14;9914;17;;;9922;19;9925;25;;;9919.0;0.0
av_COFFEE_d4;5400;INTARIAN_PEPPER_ROOT;10152;11;10148;18;;;10158;5;10162;15;;;10155.0;0.0
av_COFFEE_d4;5500;ASH_COATED_OSMIUM;9916;16;9913;31;;;9922;10;9924;17;;;9919.0;0.0
av_COFFEE_d4;5500;INTARIAN_PEPPER_ROOT;10139;16;10135;20;;;10171;8;10173;16;;;10155.0;0.0
av_COFFEE_d4;5600;ASH_COATED_OSMIUM;9916;18;9913;17;;;9922;20;9925;17;;;9919.0;0.0
av_COFFEE_d4;5600;INTARIAN_PEPPER_ROOT;10145;8;10141;23;;;10164;21;10167;19;;;10154.5;0.0
av_COFFEE_d4;5700;ASH_COATED_OSMIUM;9910;25;9908;23;;;9928;14;9930;35;;;9919.0;0.0
av_COFFEE_d4;5700;INTARIAN_PEPPER_ROOT;10152;25;10150;15;;;10158;11;10162;17;;;10155.0;0.0
av_COFFEE_d4;5800;ASH_COATED_OSMIUM;9916;22;9913;29;;;9922;20;9924;26;;;9919.0;0.0
av_COFFEE_d4;5800;INTARIAN_PEPPER_ROOT;10152;8;10149;15;;;10158;29;10162;17;;;10155.0;0.0
av_COFFEE_d4;5900;ASH_COATED_OSMIUM;9915;11;9913;19;;;9921;18;9923;11;;;9918.0;0.0
av_COFFEE_d4;5900;INTARIAN_PEPPER_ROOT;10143;19;10139;17;;;10168;9;10171;16;;;10155.5;0.0
av_COFFEE_d4;6000;ASH_COATED_OSMIUM;9908;16;9904;26;;;9928;18;9932;11;;;9918.0;0.0
av_COFFEE_d4;6000;INTARIAN_PEPPER_ROOT;10152;21;10149;24;;;10158;11;10162;22;;;10155.0;0.0
av_COFFEE_d4;6100;ASH_COATED_OSMIUM;9915;17;9911;24;;;9921;12;9924;15;;;9918.0;0.0
av_COFFEE_d4;6100;INTARIAN_PEPPER_ROOT;10147;8;10145;27;;;10165;15;10168;26;;;10156.0;0.0
av_COFFEE_d4;6200;ASH_COATED_OSMIUM;9908;11;9904;18;;;9927;6;9931;18;;;9917.5;0.0
av_COFFEE_d4;6200;INTARIAN_PEPPER_ROOT;10153;19;10149;25;;;10159;17;10161;31;;;10156.0;0.0
av_COFFEE_d4;6300;ASH_COATED_OSMIUM;9915;16;9911;9;;;9921;11;9924;21;;;9918.0;0.0
av_COFFEE_d4;6300;INTARIAN_PEPPER_ROOT;10153;19;10150;20;;;10159;20;10162;20;;;10156.0;0.0
av_COFFEE_d4;6400;ASH_COATED_OSMIUM;9914;8;9912;27;;;9920;13;9923;17;;;9917.0;0.0
av_COFFEE_d4;6400;INTARIAN_PEPPER_ROOT;10153;14;10149;21;;;10159;11;10163;23;;;10156.0;0.0
av_COFFEE_d4;6500;ASH_COATED_OSMIUM;9908;10;9904;25;;;9925;15;9928;24;;;9916.5;0.0
av_COFFEE_d4;6500;INTARIAN_PEPPER_ROOT;10154;17;10150;16;;;10160;12;10162;14;;;10157.0;0.0
av_COFFEE_d4;6600;ASH_COATED_OSMIUM;9914;14;9912;22;;;9920;20;9924;17;;;9917.0;0.0
av_COFFEE_d4;6600;INTARIAN_PEPPER_ROOT;10154;17;10152;15;;;10160;16;10164;17;;;10157.0;0.0
av_COFFEE_d4;6700;ASH_COATED_OSMIUM;9914;13;9910;15;;;9920;12;9924;19;;;9917.0;0.0
av_COFFEE_d4;6700;INTARIAN_PEPPER_ROOT;10146;24;10144;15;;;10168;12;10170;12;;;10157.0;0.0
av_COFFEE_d4;6800;ASH_COATED_OSMIUM;9914;9;9912;20;;;9920;15;9923;24;;;9917.0;0.0
av_COFFEE_d4;6800;INTARIAN_PEPPER_ROOT;10151;11;10149;21;;;10163;14;10165;29;;;10157.0;0.0
av_COFFEE_d4;6900;ASH_COATED_OSMIUM;9900;5;9896;11;;;9934;11;9937;20;;;9917.0;0.0
av_COFFEE_d4;6900;INTARIAN_PEPPER_ROOT;10147;20;10143;23;;;10166;12;10169;19;;;10156.5;0.0
av_COFFEE_d4;7000;ASH_COATED_OSMIUM;9906;14;9902;20;;;9926;9;9930;16;;;9916.0;0.0
av_COFFEE_d4;7000;INTARIAN_PEPPER_ROOT;10138;16;10134;15;;;10177;14;10181;14;;;10157.5;0.0
av_COFFEE_d4;7100;ASH_COATED_OSMIUM;9911;18;9909;19;;;9922;27;9926;16;;;9916.5;0.0
av_COFFEE_d4;7100;INTARIAN_PEPPER_ROOT;10150;13;10147;14;;;10165;9;10167;17;;;10157.5;0.0
av_COFFEE_d4;7200;ASH_COATED_OSMIUM;9913;13;9910;18;;;9919;8;9923;27;;;9916.0;0.0
av_COFFEE_d4;7200;INTARIAN_PEPPER_ROOT;10154;19;10152;18;;;10162;15;10164;19;;;10158.0;0.0
av_COFFEE_d4;7300;ASH_COATED_OSMIUM;9913;19;9910;32;;;9919;7;9923;26;;;9916.0;0.0
av_COFFEE_d4;7300;INTARIAN_PEPPER_ROOT;10155;13;10153;23;;;10161;13;10164;22;;;10158.0;0.0
av_COFFEE_d4;7400;ASH_COATED_OSMIUM;9911;10;9908;10;;;9919;11;9923;17;;;9915.0;0.0
av_COFFEE_d4;7400;INTARIAN_PEPPER_ROOT;10155;16;10153;21;;;10161;11;10164;9;;;10158.0;0.0
av_COFFEE_d4;7500;ASH_COATED_OSMIUM;9912;17;9908;19;;;9919;12;9923;27;;;9915.5;0.0
av_COFFEE_d4;7500;INTARIAN_PEPPER_ROOT;10155;21;10152;25;;;10161;7;10163;24;;;10158.0;0.0
av_COFFEE_d4;7600;ASH_COATED_OSMIUM;9909;25;9906;22;;;9922;8;9924;25;;;9915.5;0.0
av_COFFEE_d4;7600;INTARIAN_PEPPER_ROOT;10155;21;10153;21;;;10164;11;10168;19;;;10159.5;0.0
av_COFFEE_d4;7700;ASH_COATED_OSMIUM;9908;16;9905;26;;;9923;19;9927;19;;;9915.5;0.0
av_COFFEE_d4;7700;INTARIAN_PEPPER_ROOT;10145;14;10142;16;;;10173;12;10176;23;;;10159.0;0.0
av_COFFEE_d4;7800;ASH_COATED_OSMIUM;9910;6;9907;16;;;9920;8;9924;15;;;9915.0;0.0
av_COFFEE_d4;7800;INTARIAN_PEPPER_ROOT;10156;15;10154;20;;;10162;21;10165;25;;;10159.0;0.0
av_COFFEE_d4;7900;ASH_COATED_OSMIUM;9908;21;9904;18;;;9921;12;9925;15;;;9914.5;0.0
av_COFFEE_d4;7900;INTARIAN_PEPPER_ROOT;10154;6;10152;18;;;10164;28;10167;22;;;10159.0;0.0
av_COFFEE_d4;8000;ASH_COATED_OSMIUM;9912;7;9909;24;;;9918;13;9920;13;;;9915.0;0.0
av_COFFEE_d4;8000;INTARIAN_PEPPER_ROOT;10156;8;10152;18;;;10162;18;10165;19;;;10159.0;0.0
av_COFFEE_d4;8100;ASH_COATED_OSMIUM;9911;10;9908;13;;;9917;14;9920;18;;;9914.0;0.0
av_COFFEE_d4;8100;INTARIAN_PEPPER_ROOT;10157;14;10153;22;;;10163;11;10166;17;;;10160.0;0.0
av_COFFEE_d4;8200;ASH_COATED_OSMIUM;9908;8;9904;24;;;9921;13;9924;18;;;9914.5;0.0
av_COFFEE_d4;8200;INTARIAN_PEPPER_ROOT;10157;13;10154;12;;;10163;8;10165;22;;;10160.0;0.0
av_COFFEE_d4;8300;ASH_COATED_OSMIUM;9911;16;9908;16;;;9917;19;9920;25;;;9914.0;0.0
av_COFFEE_d4;8300;INTARIAN_PEPPER_ROOT;10157;8;10155;26;;;10163;13;10166;31;;;10160.0;0.0
av_COFFEE_d4;8400;ASH_COATED_OSMIUM;9906;13;9903;20;;;9923;7;9925;22;;;9914.5;0.0
av_COFFEE_d4;8400;INTARIAN_PEPPER_ROOT;10157;13;10154;19;;;10163;17;10166;20;;;10160.0;0.0
av_COFFEE_d4;8500;ASH_COATED_OSMIUM;9911;14;9909;21;;;9917;15;9920;18;;;9914.0;0.0
av_COFFEE_d4;8500;INTARIAN_PEPPER_ROOT;10157;12;10155;18;;;10163;11;10166;17;;;10160.0;0.0
av_COFFEE_d4;8600;ASH_COATED_OSMIUM;9910;23;9908;28;;;9916;23;9918;16;;;9913.0;0.0
av_COFFEE_d4;8600;INTARIAN_PEPPER_ROOT;10156;13;10153;14;;;10166;13;10168;25;;;10161.0;0.0
av_COFFEE_d4;8700;ASH_COATED_OSMIUM;9911;12;9909;16;;;9917;12;9921;18;;;9914.0;0.0
av_COFFEE_d4;8700;INTARIAN_PEPPER_ROOT;10147;10;10143;16;;;10174;15;10177;16;;;10160.5;0.0
av_COFFEE_d4;8800;ASH_COATED_OSMIUM;9910;6;9908;27;;;9917;17;9920;8;;;9913.5;0.0
av_COFFEE_d4;8800;INTARIAN_PEPPER_ROOT;10158;11;10155;8;;;10164;15;10168;21;;;10161.0;0.0
av_COFFEE_d4;8900;ASH_COATED_OSMIUM;9910;21;9906;31;;;9916;20;9918;13;;;9913.0;0.0
av_COFFEE_d4;8900;INTARIAN_PEPPER_ROOT;10151;22;10147;25;;;10171;18;10175;16;;;10161.0;0.0
av_COFFEE_d4;9000;ASH_COATED_OSMIUM;9910;9;9907;25;;;9916;11;9920;13;;;9913.0;0.0
av_COFFEE_d4;9000;INTARIAN_PEPPER_ROOT;10145;24;10141;22;;;10178;6;10182;12;;;10161.5;0.0
av_COFFEE_d4;9100;ASH_COATED_OSMIUM;9893;12;9890;16;;;9932;10;9934;14;;;9912.5;0.0
av_COFFEE_d4;9100;INTARIAN_PEPPER_ROOT;10159;18;10156;32;;;10165;16;10169;18;;;10162.0;0.0
av_COFFEE_d4;9200;ASH_COATED_OSMIUM;9910;21;9908;16;;;9916;10;9919;23;;;9913.0;0.0
av_COFFEE_d4;9200;INTARIAN_PEPPER_ROOT;10159;6;10156;15;;;10165;12;10169;21;;;10162.0;0.0
av_COFFEE_d4;9300;ASH_COATED_OSMIUM;9909;15;9907;19;;;9915;16;9919;24;;;9912.0;0.0
av_COFFEE_d4;9300;INTARIAN_PEPPER_ROOT;10159;12;10155;19;;;10165;21;10168;20;;;10162.0;0.0
av_COFFEE_d4;9400;ASH_COATED_OSMIUM;9910;5;9908;14;;;9916;28;9919;20;;;9913.0;0.0
av_COFFEE_d4;9400;INTARIAN_PEPPER_ROOT;10160;11;10157;20;;;10166;21;10168;24;;;10163.0;0.0
av_COFFEE_d4;9500;ASH_COATED_OSMIUM;9909;11;9907;21;;;9915;17;9918;11;;;9912.0;0.0
av_COFFEE_d4;9500;INTARIAN_PEPPER_ROOT;10159;9;10156;22;;;10165;15;10169;14;;;10162.0;0.0
av_COFFEE_d4;9600;ASH_COATED_OSMIUM;9909;19;9905;23;;;9915;18;9919;18;;;9912.0;0.0
av_COFFEE_d4;9600;INTARIAN_PEPPER_ROOT;10159;8;10155;21;;;10165;14;10167;14;;;10162.0;0.0
av_COFFEE_d4;9700;ASH_COATED_OSMIUM;9909;13;9905;23;;;9915;14;9917;22;;;9912.0;0.0
av_COFFEE_d4;9700;INTARIAN_PEPPER_ROOT;10159;15;10157;15;;;10165;22;10168;23;;;10162.0;0.0
av_COFFEE_d4;9800;ASH_COATED_OSMIUM;9909;14;9905;23;;;9915;13;9917;21;;;9912.0;0.0
av_COFFEE_d4;9800;INTARIAN_PEPPER_ROOT;10154;21;10152;23;;;10172;17;10174;17;;;10163.0;0.0
av_COFFEE_d4;9900;ASH_COATED_OSMIUM;9902;18;9900;24;;;9920;12;9924;13;;;9911.0;0.0
av_COFFEE_d4;9900;INTARIAN_PEPPER_ROOT;10160;17;10156;32;;;10166;17;10169;13;;;10163.0;0.0
av_COFFEE_d4;10000;ASH_COATED_OSMIUM;9906;21;9902;8;;;9917;9;9921;26;;;9911.5;0.0
av_COFFEE_d4;10000;INTARIAN_PEPPER_ROOT;10160;16;10157;33;;;10166;16;10168;11;;;10163.0;0.0
av_COFFEE_d4;10100;ASH_COATED_OSMIUM;9907;18;9904;24;;;9915;11;9917;12;;;9911.0;0.0
av_COFFEE_d4;10100;INTARIAN_PEPPER_ROOT;10154;11;10150;28;;;10173;18;10175;19;;;10163.5;0.0
av_COFFEE_d4;10200;ASH_COATED_OSMIUM;9908;11;9906;28;;;9914;18;9917;20;;;9911.0;0.0
av_COFFEE_d4;10200;INTARIAN_PEPPER_ROOT;10156;8;10153;16;;;10171;13;10173;24;;;10163.5;0.0
av_COFFEE_d4;10300;ASH_COATED_OSMIUM;9908;16;9905;28;;;9914;15;9918;17;;;9911.0;0.0
av_COFFEE_d4;10300;INTARIAN_PEPPER_ROOT;10161;10;10157;16;;;10167;21;10169;14;;;10164.0;0.0
av_COFFEE_d4;10400;ASH_COATED_OSMIUM;9908;19;9905;27;;;9914;17;9917;22;;;9911.0;0.0
av_COFFEE_d4;10400;INTARIAN_PEPPER_ROOT;10161;20;10159;31;;;10167;11;10171;22;;;10164.0;0.0
av_COFFEE_d4;10500;ASH_COATED_OSMIUM;9908;10;9906;20;;;9914;15;9917;15;;;9911.0;0.0
av_COFFEE_d4;10500;INTARIAN_PEPPER_ROOT;10160;11;10156;11;;;10167;18;10170;21;;;10163.5;0.0
av_COFFEE_d4;10600;ASH_COATED_OSMIUM;9907;18;9904;14;;;9913;15;9916;24;;;9910.0;0.0
av_COFFEE_d4;10600;INTARIAN_PEPPER_ROOT;10160;19;10158;19;;;10168;17;10170;24;;;10164.0;0.0
av_COFFEE_d4;10700;ASH_COATED_OSMIUM;9904;12;9900;18;;;9917;13;9921;23;;;9910.5;0.0
av_COFFEE_d4;10700;INTARIAN_PEPPER_ROOT;10156;14;10153;21;;;10174;14;10178;25;;;10165.0;0.0
av_COFFEE_d4;10800;ASH_COATED_OSMIUM;9907;9;9903;21;;;9913;14;9915;17;;;9910.0;0.0
av_COFFEE_d4;10800;INTARIAN_PEPPER_ROOT;10155;19;10151;21;;;10174;14;10176;17;;;10164.5;0.0
av_COFFEE_d4;10900;ASH_COATED_OSMIUM;9902;19;9900;19;;;9918;10;9922;12;;;9910.0;0.0
av_COFFEE_d4;10900;INTARIAN_PEPPER_ROOT;10162;10;10158;10;;;10168;11;10170;17;;;10165.0;0.0
av_COFFEE_d4;11000;ASH_COATED_OSMIUM;9907;13;9905;23;;;9913;10;9916;21;;;9910.0;0.0
av_COFFEE_d4;11000;INTARIAN_PEPPER_ROOT;10162;20;10159;19;;;10168;20;10171;14;;;10165.0;0.0
av_COFFEE_d4;11100;ASH_COATED_OSMIUM;9907;5;9903;17;;;9913;19;9917;26;;;9910.0;0.0
av_COFFEE_d4;11100;INTARIAN_PEPPER_ROOT;10162;13;10159;8;;;10168;27;10172;19;;;10165.0;0.0
av_COFFEE_d4;11200;ASH_COATED_OSMIUM;9897;16;9894;20;;;9920;6;9924;18;;;9908.5;0.0
av_COFFEE_d4;11200;INTARIAN_PEPPER_ROOT;10162;15;10159;11;;;10168;6;10170;13;;;10165.0;0.0
av_COFFEE_d4;11300;ASH_COATED_OSMIUM;9904;19;9902;17;;;9914;12;9918;22;;;9909.0;0.0
av_COFFEE_d4;11300;INTARIAN_PEPPER_ROOT;10163;19;10161;20;;;10169;13;10172;14;;;10166.0;0.0
av_COFFEE_d4;11400;ASH_COATED_OSMIUM;9906;15;9904;22;;;9912;22;9915;18;;;9909.0;0.0
av_COFFEE_d4;11400;INTARIAN_PEPPER_ROOT;10157;19;10155;21;;;10174;15;10177;23;;;10165.5;0.0
av_COFFEE_d4;11500;ASH_COATED_OSMIUM;9906;10;9902;13;;;9912;12;9915;16;;;9909.0;0.0
av_COFFEE_d4;11500;INTARIAN_PEPPER_ROOT;10161;14;10159;20;;;10170;12;10173;19;;;10165.5;0.0
av_COFFEE_d4;11600;ASH_COATED_OSMIUM;9905;12;9902;20;;;9911;18;9914;19;;;9908.0;0.0
av_COFFEE_d4;11600;INTARIAN_PEPPER_ROOT;10158;16;10154;17;;;10175;12;10179;20;;;10166.5;0.0
av_COFFEE_d4;11700;ASH_COATED_OSMIUM;9895;15;9892;15;;;9921;13;9925;13;;;9908.0;0.0
av_COFFEE_d4;11700;INTARIAN_PEPPER_ROOT;10164;10;10161;16;;;10170;15;10174;26;;;10167.0;0.0
av_COFFEE_d4;11800;ASH_COATED_OSMIUM;9903;11;9899;17;;;9914;11;9916;23;;;9908.5;0.0
av_COFFEE_d4;11800;INTARIAN_PEPPER_ROOT;10160;11;10158;12;;;10172;11;10174;16;;;10166.0;0.0
av_COFFEE_d4;11900;ASH_COATED_OSMIUM;9903;7;9899;20;;;9914;17;9917;27;;;9908.5;0.0
av_COFFEE_d4;11900;INTARIAN_PEPPER_ROOT;10161;22;10157;20;;;10173;26;10175;21;;;10167.0;0.0
av_COFFEE_d4;12000;ASH_COATED_OSMIUM;9904;20;9901;19;;;9913;18;9915;13;;;9908.5;0.0
av_COFFEE_d4;12000;INTARIAN_PEPPER_ROOT;10162;13;10160;15;;;10173;19;10176;8;;;10167.5;0.0
av_COFFEE_d4;12100;ASH_COATED_OSMIUM;9905;14;9902;12;;;9911;17;9914;26;;;9908.0;0.0
av_COFFEE_d4;12100;INTARIAN_PEPPER_ROOT;10161;18;10159;24;;;10173;15;10176;31;;;10167.0;0.0
av_COFFEE_d4;12200;ASH_COATED_OSMIUM;9903;14;9901;15;;;9913;25;9917;22;;;9908.0;0.0
av_COFFEE_d4;12200;INTARIAN_PEPPER_ROOT;10165;14;10162;18;;;10171;8;10173;25;;;10168.0;0.0
av_COFFEE_d4;12300;ASH_COATED_OSMIUM;9904;9;9902;15;;;9910;11;9912;25;;;9907.0;0.0
av_COFFEE_d4;12300;INTARIAN_PEPPER_ROOT;10157;14;10155;19;;;10178;10;10180;21;;;10167.5;0.0
av_COFFEE_d4;12400;ASH_COATED_OSMIUM;9891;12;9889;29;;;9923;12;9927;20;;;9907.0;0.0
av_COFFEE_d4;12400;INTARIAN_PEPPER_ROOT;10162;16;10159;20;;;10175;20;10179;17;;;10168.5;0.0
av_COFFEE_d4;12500;ASH_COATED_OSMIUM;9904;8;9901;27;;;9910;14;9912;21;;;9907.0;0.0
av_COFFEE_d4;12500;INTARIAN_PEPPER_ROOT;10165;16;10161;23;;;10171;10;10173;29;;;10168.0;0.0
av_COFFEE_d4;12600;ASH_COATED_OSMIUM;9898;19;9894;18;;;9915;12;9917;17;;;9906.5;0.0
av_COFFEE_d4;12600;INTARIAN_PEPPER_ROOT;10165;6;10162;14;;;10171;18;10175;24;;;10168.0;0.0
av_COFFEE_d4;12700;ASH_COATED_OSMIUM;9904;10;9901;18;;;9910;9;9914;13;;;9907.0;0.0
av_COFFEE_d4;12700;INTARIAN_PEPPER_ROOT;10165;18;10161;16;;;10171;21;10174;25;;;10168.0;0.0
av_COFFEE_d4;12800;ASH_COATED_OSMIUM;9903;10;9900;23;;;9909;17;9913;19;;;9906.0;0.0
av_COFFEE_d4;12800;INTARIAN_PEPPER_ROOT;10166;18;10162;23;;;10172;15;10176;22;;;10169.0;0.0
av_COFFEE_d4;12900;ASH_COATED_OSMIUM;9903;12;9901;24;;;9909;9;9912;13;;;9906.0;0.0
av_COFFEE_d4;12900;INTARIAN_PEPPER_ROOT;10161;17;10157;21;;;10176;13;10180;23;;;10168.5;0.0
av_COFFEE_d4;13000;ASH_COATED_OSMIUM;9903;9;9899;11;;;9909;29;9912;25;;;9906.0;0.0
av_COFFEE_d4;13000;INTARIAN_PEPPER_ROOT;10166;8;10162;20;;;10172;17;10176;26;;;10169.0;0.0
av_COFFEE_d4;13100;ASH_COATED_OSMIUM;9903;18;9901;13;;;9909;17;9913;22;;;9906.0;0.0
av_COFFEE_d4;13100;INTARIAN_PEPPER_ROOT;10166;16;10164;24;;;10172;10;10174;27;;;10169.0;0.0
av_COFFEE_d4;13200;ASH_COATED_OSMIUM;9900;17;9896;17;;;9913;13;9915;18;;;9906.5;0.0
av_COFFEE_d4;13200;INTARIAN_PEPPER_ROOT;10159;13;10156;24;;;10179;18;10183;20;;;10169.0;0.0
av_COFFEE_d4;13300;ASH_COATED_OSMIUM;9902;12;9898;22;;;9908;14;9912;20;;;9905.0;0.0
av_COFFEE_d4;13300;INTARIAN_PEPPER_ROOT;10167;19;10163;20;;;10173;14;10177;15;;;10170.0;0.0
av_COFFEE_d4;13400;ASH_COATED_OSMIUM;9903;21;9900;28;;;9909;20;9912;18;;;9906.0;0.0
av_COFFEE_d4;13400;INTARIAN_PEPPER_ROOT;10167;17;10163;21;;;10173;13;10175;20;;;10170.0;0.0
av_COFFEE_d4;13500;ASH_COATED_OSMIUM;9902;12;9900;14;;;9908;19;9910;19;;;9905.0;0.0
av_COFFEE_d4;13500;INTARIAN_PEPPER_ROOT;10161;17;10158;19;;;10179;14;10183;26;;;10170.0;0.0
av_COFFEE_d4;13600;ASH_COATED_OSMIUM;9902;10;9899;25;;;9908;20;9911;25;;;9905.0;0.0
av_COFFEE_d4;13600;INTARIAN_PEPPER_ROOT;10164;10;10161;28;;;10176;19;10178;19;;;10170.0;0.0
av_COFFEE_d4;13700;ASH_COATED_OSMIUM;9902;24;9898;21;;;9908;21;9911;14;;;9905.0;0.0
av_COFFEE_d4;13700;INTARIAN_PEPPER_ROOT;10167;6;10165;27;;;10173;13;10175;18;;;10170.0;0.0
av_COFFEE_d4;13800;ASH_COATED_OSMIUM;9901;12;9898;16;;;9909;18;9913;17;;;9905.0;0.0
av_COFFEE_d4;13800;INTARIAN_PEPPER_ROOT;10168;15;10165;25;;;10174;12;10177;23;;;10171.0;0.0
av_COFFEE_d4;13900;ASH_COATED_OSMIUM;9895;5;9892;26;;;9914;5;9917;28;;;9904.5;0.0
av_COFFEE_d4;13900;INTARIAN_PEPPER_ROOT;10167;11;10163;19;;;10175;12;10178;15;;;10171.0;0.0
av_COFFEE_d4;14000;ASH_COATED_OSMIUM;9902;14;9898;20;;;9908;16;9910;10;;;9905.0;0.0
av_COFFEE_d4;14000;INTARIAN_PEPPER_ROOT;10153;16;10149;17;;;10188;11;10192;12;;;10170.5;0.0
av_COFFEE_d4;14100;ASH_COATED_OSMIUM;9902;10;9900;19;;;9908;19;9912;11;;;9905.0;0.0
av_COFFEE_d4;14100;INTARIAN_PEPPER_ROOT;10168;17;10166;25;;;10174;7;10177;27;;;10171.0;0.0
av_COFFEE_d4;14200;ASH_COATED_OSMIUM;9897;9;9893;30;;;9911;21;9914;21;;;9904.0;0.0
av_COFFEE_d4;14200;INTARIAN_PEPPER_ROOT;10169;10;10165;20;;;10175;23;10178;18;;;10172.0;0.0
av_COFFEE_d4;14300;ASH_COATED_OSMIUM;9899;16;9896;19;;;9909;6;9911;28;;;9904.0;0.0
av_COFFEE_d4;14300;INTARIAN_PEPPER_ROOT;10166;18;10162;14;;;10177;24;10180;23;;;10171.5;0.0
av_COFFEE_d4;14400;ASH_COATED_OSMIUM;9900;16;9898;21;;;9908;12;9910;20;;;9904.0;0.0
av_COFFEE_d4;14400;INTARIAN_PEPPER_ROOT;10169;12;10166;11;;;10175;14;10177;24;;;10172.0;0.0
av_COFFEE_d4;14500;ASH_COATED_OSMIUM;9901;8;9898;21;;;9907;15;9909;23;;;9904.0;0.0
av_COFFEE_d4;14500;INTARIAN_PEPPER_ROOT;10165;14;10161;15;;;10178;18;10181;12;;;10171.5;0.0
av_COFFEE_d4;14600;ASH_COATED_OSMIUM;9900;11;9896;18;;;9907;14;9911;12;;;9903.5;0.0
av_COFFEE_d4;14600;INTARIAN_PEPPER_ROOT;10163;14;10161;19;;;10180;11;10184;31;;;10171.5;0.0
av_COFFEE_d4;14700;ASH_COATED_OSMIUM;9895;19;9893;19;;;9912;17;9914;16;;;9903.5;0.0
av_COFFEE_d4;14700;INTARIAN_PEPPER_ROOT;10165;12;10163;21;;;10180;13;10183;16;;;10172.5;0.0
av_COFFEE_d4;14800;ASH_COATED_OSMIUM;9900;14;9898;24;;;9906;17;9910;17;;;9903.0;0.0
av_COFFEE_d4;14800;INTARIAN_PEPPER_ROOT;10170;12;10168;21;;;10176;11;10178;15;;;10173.0;0.0
av_COFFEE_d4;14900;ASH_COATED_OSMIUM;9899;13;9895;24;;;9905;5;9908;26;;;9902.0;0.0
av_COFFEE_d4;14900;INTARIAN_PEPPER_ROOT;10170;19;10166;17;;;10176;15;10178;18;;;10173.0;0.0
av_COFFEE_d4;15000;ASH_COATED_OSMIUM;9900;15;9898;28;;;9906;13;9908;17;;;9903.0;0.0
av_COFFEE_d4;15000;INTARIAN_PEPPER_ROOT;10170;17;10166;17;;;10176;19;10179;20;;;10173.0;0.0
av_COFFEE_d4;15100;ASH_COATED_OSMIUM;9899;15;9895;18;;;9905;11;9909;16;;;9902.0;0.0
av_COFFEE_d4;15100;INTARIAN_PEPPER_ROOT;10170;8;10167;16;;;10176;18;10178;23;;;10173.0;0.0
av_COFFEE_d4;15200;ASH_COATED_OSMIUM;9900;9;9898;15;;;9906;11;9910;24;;;9903.0;0.0
av_COFFEE_d4;15200;INTARIAN_PEPPER_ROOT;10170;7;10168;19;;;10176;10;10180;17;;;10173.0;0.0
av_COFFEE_d4;15300;ASH_COATED_OSMIUM;9898;12;9896;13;;;9907;5;9910;20;;;9902.5;0.0
av_COFFEE_d4;15300;INTARIAN_PEPPER_ROOT;10171;12;10169;20;;;10177;15;10179;24;;;10174.0;0.0
av_COFFEE_d4;15400;ASH_COATED_OSMIUM;9899;6;9895;13;;;9905;18;9909;20;;;9902.0;0.0
av_COFFEE_d4;15400;INTARIAN_PEPPER_ROOT;10169;14;10165;27;;;10179;14;10182;19;;;10174.0;0.0
av_COFFEE_d4;15500;ASH_COATED_OSMIUM;9893;10;9890;28;;;9911;14;9913;19;;;9902.0;0.0
av_COFFEE_d4;15500;INTARIAN_PEPPER_ROOT;10165;21;10162;18;;;10183;19;10187;20;;;10174.0;0.0
av_COFFEE_d4;15600;ASH_COATED_OSMIUM;9899;16;9897;9;;;9905;18;9908;19;;;9902.0;0.0
av_COFFEE_d4;15600;INTARIAN_PEPPER_ROOT;10171;14;10168;24;;;10177;13;10179;27;;;10174.0;0.0
av_COFFEE_d4;15700;ASH_COATED_OSMIUM;9898;19;9895;26;;;9904;17;9908;15;;;9901.0;0.0
av_COFFEE_d4;15700;INTARIAN_PEPPER_ROOT;10168;12;10165;17;;;10180;7;10183;18;;;10174.0;0.0
av_COFFEE_d4;15800;ASH_COATED_OSMIUM;9898;17;9894;27;;;9905;7;9908;18;;;9901.5;0.0
av_COFFEE_d4;15800;INTARIAN_PEPPER_ROOT;10165;15;10162;16;;;10184;9;10187;11;;;10174.5;0.0
av_COFFEE_d4;15900;ASH_COATED_OSMIUM;9898;6;9896;29;;;9904;12;9908;24;;;9901.0;0.0
av_COFFEE_d4;15900;INTARIAN_PEPPER_ROOT;10172;23;10169;13;;;10178;19;10180;20;;;10175.0;0.0
av_COFFEE_d4;16000;ASH_COATED_OSMIUM;9897;18;9895;15;;;9905;14;9908;18;;;9901.0;0.0
av_COFFEE_d4;16000;INTARIAN_PEPPER_ROOT;10170;19;10166;21;;;10179;8;10183;19;;;10174.5;0.0
av_COFFEE_d4;16100;ASH_COATED_OSMIUM;9899;17;9896;24;;;9905;16;9909;22;;;9902.0;0.0
av_COFFEE_d4;16100;INTARIAN_PEPPER_ROOT;10167;12;10165;28;;;10184;14;10187;13;;;10175.5;0.0
av_COFFEE_d4;16200;ASH_COATED_OSMIUM;9897;15;9893;18;;;9905;13;9907;32;;;9901.0;0.0
av_COFFEE_d4;16200;INTARIAN_PEPPER_ROOT;10172;22;10168;14;;;10178;12;10181;26;;;10175.0;0.0
av_COFFEE_d4;16300;ASH_COATED_OSMIUM;9898;16;9894;20;;;9904;21;9907;18;;;9901.0;0.0
av_COFFEE_d4;16300;INTARIAN_PEPPER_ROOT;10172;12;10170;22;;;10178;13;10181;9;;;10175.0;0.0
av_COFFEE_d4;16400;ASH_COATED_OSMIUM;9898;15;9895;21;;;9904;18;9907;21;;;9901.0;0.0
av_COFFEE_d4;16400;INTARIAN_PEPPER_ROOT;10158;5;10156;15;;;10194;14;10196;21;;;10176.0;0.0
av_COFFEE_d4;16500;ASH_COATED_OSMIUM;9898;21;9894;23;;;9904;17;9908;22;;;9901.0;0.0
av_COFFEE_d4;16500;INTARIAN_PEPPER_ROOT;10156;17;10153;12;;;10195;18;10197;20;;;10175.5;0.0
av_COFFEE_d4;16600;ASH_COATED_OSMIUM;9896;18;9893;19;;;9905;9;9907;25;;;9900.5;0.0
av_COFFEE_d4;16600;INTARIAN_PEPPER_ROOT;10173;14;10169;26;;;10179;10;10183;17;;;10176.0;0.0
av_COFFEE_d4;16700;ASH_COATED_OSMIUM;9893;19;9890;21;;;9906;6;9909;22;;;9899.5;0.0
av_COFFEE_d4;16700;INTARIAN_PEPPER_ROOT;10174;14;10172;25;;;10180;18;10182;17;;;10177.0;0.0
av_COFFEE_d4;16800;ASH_COATED_OSMIUM;9897;11;9895;14;;;9903;17;9906;24;;;9900.0;0.0
av_COFFEE_d4;16800;INTARIAN_PEPPER_ROOT;10173;15;10171;21;;;10179;18;10182;11;;;10176.0;0.0
av_COFFEE_d4;16900;ASH_COATED_OSMIUM;9897;18;9895;20;;;9903;9;9905;16;;;9900.0;0.0
av_COFFEE_d4;16900;INTARIAN_PEPPER_ROOT;10174;24;10170;13;;;10180;15;10183;11;;;10177.0;0.0
av_COFFEE_d4;17000;ASH_COATED_OSMIUM;9896;5;9893;26;;;9902;17;9905;17;;;9899.0;0.0
av_COFFEE_d4;17000;INTARIAN_PEPPER_ROOT;10174;16;10172;20;;;10180;15;10182;19;;;10177.0;0.0
av_COFFEE_d4;17100;ASH_COATED_OSMIUM;9892;11;9888;14;;;9907;11;9909;20;;;9899.5;0.0
av_COFFEE_d4;17100;INTARIAN_PEPPER_ROOT;10175;17;10172;19;;;10181;14;10183;21;;;10178.0;0.0
av_COFFEE_d4;17200;ASH_COATED_OSMIUM;9895;12;9893;10;;;9903;18;9906;18;;;9899.0;0.0
av_COFFEE_d4;17200;INTARIAN_PEPPER_ROOT;10177;21;10174;20;;;10183;12;10187;12;;;10180.0;0.0
av_COFFEE_d4;17300;ASH_COATED_OSMIUM;9887;7;9883;23;;;9912;14;9915;19;;;9899.5;0.0
av_COFFEE_d4;17300;INTARIAN_PEPPER_ROOT;10178;20;10176;24;;;10184;5;10187;14;;;10181.0;0.0
av_COFFEE_d4;17400;ASH_COATED_OSMIUM;9897;13;9893;11;;;9903;13;9905;24;;;9900.0;0.0
av_COFFEE_d4;17400;INTARIAN_PEPPER_ROOT;10177;7;10174;17;;;10185;12;10187;22;;;10181.0;0.0
av_COFFEE_d4;17500;ASH_COATED_OSMIUM;9892;11;9890;13;;;9908;8;9910;23;;;9900.0;0.0
av_COFFEE_d4;17500;INTARIAN_PEPPER_ROOT;10177;14;10173;15;;;10188;8;10190;17;;;10182.5;0.0
av_COFFEE_d4;17600;ASH_COATED_OSMIUM;9891;15;9889;15;;;9908;21;9912;21;;;9899.5;0.0
av_COFFEE_d4;17600;INTARIAN_PEPPER_ROOT;10181;20;10178;19;;;10187;14;10191;34;;;10184.0;0.0
av_COFFEE_d4;17700;ASH_COATED_OSMIUM;9888;11;9886;17;;;9910;12;9913;8;;;9899.0;0.0
av_COFFEE_d4;17700;INTARIAN_PEPPER_ROOT;10182;8;10180;19;;;10188;10;10191;22;;;10185.0;0.0
av_COFFEE_d4;17800;ASH_COATED_OSMIUM;9897;13;9893;19;;;9903;12;9906;14;;;9900.0;0.0
av_COFFEE_d4;17800;INTARIAN_PEPPER_ROOT;10182;15;10180;17;;;10188;8;10191;22;;;10185.0;0.0
av_COFFEE_d4;17900;ASH_COATED_OSMIUM;9897;19;9893;20;;;9903;21;9905;11;;;9900.0;0.0
av_COFFEE_d4;17900;INTARIAN_PEPPER_ROOT;10184;13;10182;15;;;10190;16;10194;25;;;10187.0;0.0
av_COFFEE_d4;18000;ASH_COATED_OSMIUM;9897;16;9895;16;;;9903;20;9907;26;;;9900.0;0.0
av_COFFEE_d4;18000;INTARIAN_PEPPER_ROOT;10185;20;10182;28;;;10191;8;10195;18;;;10188.0;0.0
av_COFFEE_d4;18100;ASH_COATED_OSMIUM;9893;12;9891;20;;;9907;12;9911;25;;;9900.0;0.0
av_COFFEE_d4;18100;INTARIAN_PEPPER_ROOT;10183;13;10180;14;;;10196;5;10198;27;;;10189.5;0.0
av_COFFEE_d4;18200;ASH_COATED_OSMIUM;9897;14;9893;23;;;9903;11;9907;18;;;9900.0;0.0
av_COFFEE_d4;18200;INTARIAN_PEPPER_ROOT;10187;10;10185;24;;;10193;17;10197;27;;;10190.0;0.0
av_COFFEE_d4;18300;ASH_COATED_OSMIUM;9881;11;9879;22;;;9920;10;9924;16;;;9900.5;0.0
av_COFFEE_d4;18300;INTARIAN_PEPPER_ROOT;10188;18;10186;18;;;10194;17;10196;14;;;10191.0;0.0
av_COFFEE_d4;18400;ASH_COATED_OSMIUM;9897;15;9893;22;;;9903;25;9905;9;;;9900.0;0.0
av_COFFEE_d4;18400;INTARIAN_PEPPER_ROOT;10189;17;10186;24;;;10197;10;10200;16;;;10193.0;0.0
av_COFFEE_d4;18500;ASH_COATED_OSMIUM;9895;14;9891;16;;;9904;24;9906;18;;;9899.5;0.0
av_COFFEE_d4;18500;INTARIAN_PEPPER_ROOT;10190;19;10188;20;;;10196;16;10199;17;;;10193.0;0.0
av_COFFEE_d4;18600;ASH_COATED_OSMIUM;9894;21;9890;14;;;9908;23;9912;19;;;9901.0;0.0
av_COFFEE_d4;18600;INTARIAN_PEPPER_ROOT;10191;15;10189;20;;;10197;10;10201;17;;;10194.0;0.0
av_COFFEE_d4;18700;ASH_COATED_OSMIUM;9898;9;9896;23;;;9904;9;9908;16;;;9901.0;0.0
av_COFFEE_d4;18700;INTARIAN_PEPPER_ROOT;10191;19;10189;23;;;10201;17;10204;15;;;10196.0;0.0
av_COFFEE_d4;18800;ASH_COATED_OSMIUM;9897;10;9893;13;;;9903;20;9907;19;;;9900.0;0.0
av_COFFEE_d4;18800;INTARIAN_PEPPER_ROOT;10194;14;10192;25;;;10200;15;10203;17;;;10197.0;0.0
av_COFFEE_d4;18900;ASH_COATED_OSMIUM;9894;18;9891;14;;;9909;13;9913;16;;;9901.5;0.0
av_COFFEE_d4;18900;INTARIAN_PEPPER_ROOT;10195;15;10192;18;;;10201;11;10203;24;;;10198.0;0.0
av_COFFEE_d4;19000;ASH_COATED_OSMIUM;9898;11;9896;19;;;9904;16;9908;26;;;9901.0;0.0
av_COFFEE_d4;19000;INTARIAN_PEPPER_ROOT;10195;14;10191;24;;;10201;7;10205;18;;;10198.0;0.0
av_COFFEE_d4;19100;ASH_COATED_OSMIUM;9898;13;9895;25;;;9904;15;9908;20;;;9901.0;0.0
av_COFFEE_d4;19100;INTARIAN_PEPPER_ROOT;10197;10;10194;20;;;10203;14;10206;13;;;10200.0;0.0
av_COFFEE_d4;19200;ASH_COATED_OSMIUM;9897;11;9894;24;;;9903;11;9907;16;;;9900.0;0.0
av_COFFEE_d4;19200;INTARIAN_PEPPER_ROOT;10198;12;10196;11;;;10204;18;10206;21;;;10201.0;0.0
av_COFFEE_d4;19300;ASH_COATED_OSMIUM;9893;14;9889;19;;;9908;22;9912;23;;;9900.5;0.0
av_COFFEE_d4;19300;INTARIAN_PEPPER_ROOT;10199;22;10195;31;;;10205;12;10207;16;;;10202.0;0.0
av_COFFEE_d4;19400;ASH_COATED_OSMIUM;9894;20;9891;23;;;9909;18;9913;8;;;9901.5;0.0
av_COFFEE_d4;19400;INTARIAN_PEPPER_ROOT;10201;15;10197;19;;;10207;13;10211;21;;;10204.0;0.0
av_COFFEE_d4;19500;ASH_COATED_OSMIUM;9898;18;9895;19;;;9904;17;9908;11;;;9901.0;0.0
av_COFFEE_d4;19500;INTARIAN_PEPPER_ROOT;10201;14;10197;25;;;10207;28;10211;18;;;10204.0;0.0
av_COFFEE_d4;19600;ASH_COATED_OSMIUM;9898;19;9895;24;;;9904;9;9906;20;;;9901.0;0.0
av_COFFEE_d4;19600;INTARIAN_PEPPER_ROOT;10202;16;10199;24;;;10208;13;10211;16;;;10205.0;0.0
av_COFFEE_d4;19700;ASH_COATED_OSMIUM;9897;19;9895;24;;;9905;5;9908;15;;;9901.0;0.0
av_COFFEE_d4;19700;INTARIAN_PEPPER_ROOT;10202;19;10200;21;;;10211;18;10213;21;;;10206.5;0.0
av_COFFEE_d4;19800;ASH_COATED_OSMIUM;9892;12;9889;15;;;9910;24;9912;23;;;9901.0;0.0
av_COFFEE_d4;19800;INTARIAN_PEPPER_ROOT;10203;19;10199;23;;;10213;8;10215;22;;;10208.0;0.0
av_COFFEE_d4;19900;ASH_COATED_OSMIUM;9891;14;9887;18;;;9912;10;9914;14;;;9901.5;0.0
av_COFFEE_d4;19900;INTARIAN_PEPPER_ROOT;10207;22;10205;22;;;10213;11;10216;17;;;10210.0;0.0
av_COFFEE_d4;20000;ASH_COATED_OSMIUM;9897;14;9894;27;;;9906;14;9908;21;;;9901.5;0.0
av_COFFEE_d4;20000;INTARIAN_PEPPER_ROOT;10207;18;10204;20;;;10213;16;10216;12;;;10210.0;0.0
av_COFFEE_d4;20100;ASH_COATED_OSMIUM;9897;12;9894;18;;;9906;17;9909;17;;;9901.5;0.0
av_COFFEE_d4;20100;INTARIAN_PEPPER_ROOT;10208;12;10204;17;;;10214;15;10217;16;;;10211.0;0.0
av_COFFEE_d4;20200;ASH_COATED_OSMIUM;9898;20;9896;23;;;9905;15;9909;15;;;9901.5;0.0
av_COFFEE_d4;20200;INTARIAN_PEPPER_ROOT;10209;9;10206;20;;;10215;20;10217;15;;;10212.0;0.0
av_COFFEE_d4;20300;ASH_COATED_OSMIUM;9898;23;9895;16;;;9904;14;9906;23;;;9901.0;0.0
av_COFFEE_d4;20300;INTARIAN_PEPPER_ROOT;10211;16;10209;8;;;10217;21;10220;14;;;10214.0;0.0
av_COFFEE_d4;20400;ASH_COATED_OSMIUM;9899;7;9897;15;;;9905;13;9907;13;;;9902.0;0.0
av_COFFEE_d4;20400;INTARIAN_PEPPER_ROOT;10208;10;10205;16;;;10221;15;10223;25;;;10214.5;0.0
av_COFFEE_d4;20500;ASH_COATED_OSMIUM;9891;17;9887;23;;;9912;13;9915;22;;;9901.5;0.0
av_COFFEE_d4;20500;INTARIAN_PEPPER_ROOT;10212;20;10210;24;;;10218;15;10220;19;;;10215.0;0.0
av_COFFEE_d4;20600;ASH_COATED_OSMIUM;9898;6;9894;26;;;9904;20;9906;13;;;9901.0;0.0
av_COFFEE_d4;20600;INTARIAN_PEPPER_ROOT;10213;11;10211;17;;;10219;16;10222;15;;;10216.0;0.0
av_COFFEE_d4;20700;ASH_COATED_OSMIUM;9897;5;9895;19;;;9904;11;9907;11;;;9900.5;0.0
av_COFFEE_d4;20700;INTARIAN_PEPPER_ROOT;10206;5;10204;17;;;10229;17;10232;20;;;10217.5;0.0
av_COFFEE_d4;20800;ASH_COATED_OSMIUM;9899;16;9896;32;;;9905;18;9909;18;;;9902.0;0.0
av_COFFEE_d4;20800;INTARIAN_PEPPER_ROOT;10215;16;10211;21;;;10221;17;10224;16;;;10218.0;0.0
av_COFFEE_d4;20900;ASH_COATED_OSMIUM;9899;6;9897;23;;;9905;21;9909;12;;;9902.0;0.0
av_COFFEE_d4;20900;INTARIAN_PEPPER_ROOT;10217;13;10214;13;;;10223;5;10225;27;;;10220.0;0.0
av_COFFEE_d4;21000;ASH_COATED_OSMIUM;9899;10;9895;18;;;9905;9;9907;11;;;9902.0;0.0
av_COFFEE_d4;21000;INTARIAN_PEPPER_ROOT;10218;12;10215;29;;;10224;19;10227;25;;;10221.0;0.0
av_COFFEE_d4;21100;ASH_COATED_OSMIUM;9899;15;9895;20;;;9905;9;9909;21;;;9902.0;0.0
av_COFFEE_d4;21100;INTARIAN_PEPPER_ROOT;10218;17;10216;18;;;10224;14;10228;16;;;10221.0;0.0
av_COFFEE_d4;21200;ASH_COATED_OSMIUM;9899;24;9895;20;;;9905;14;9907;21;;;9902.0;0.0
av_COFFEE_d4;21200;INTARIAN_PEPPER_ROOT;10218;15;10215;15;;;10228;11;10232;19;;;10223.0;0.0
av_COFFEE_d4;21300;ASH_COATED_OSMIUM;9899;9;9897;17;;;9905;16;9908;23;;;9902.0;0.0
av_COFFEE_d4;21300;INTARIAN_PEPPER_ROOT;10193;17;10191;15;;;10255;11;10258;24;;;10224.0;0.0
av_COFFEE_d4;21400;ASH_COATED_OSMIUM;9899;13;9897;8;;;9905;15;9908;16;;;9902.0;0.0
av_COFFEE_d4;21400;INTARIAN_PEPPER_ROOT;10222;12;10219;24;;;10228;14;10232;23;;;10225.0;0.0
av_COFFEE_d4;21500;ASH_COATED_OSMIUM;9891;17;9889;17;;;9914;14;9916;20;;;9902.5;0.0
av_COFFEE_d4;21500;INTARIAN_PEPPER_ROOT;10223;18;10220;13;;;10229;24;10233;21;;;10226.0;0.0
av_COFFEE_d4;21600;ASH_COATED_OSMIUM;9893;16;9890;26;;;9910;14;9913;11;;;9901.5;0.0
av_COFFEE_d4;21600;INTARIAN_PEPPER_ROOT;10224;13;10220;22;;;10230;7;10233;20;;;10227.0;0.0
av_COFFEE_d4;21700;ASH_COATED_OSMIUM;9890;20;9886;17;;;9915;19;9917;26;;;9902.5;0.0
av_COFFEE_d4;21700;INTARIAN_PEPPER_ROOT;10212;12;10209;14;;;10246;5;10248;24;;;10229.0;0.0
av_COFFEE_d4;21800;ASH_COATED_OSMIUM;9897;5;9894;23;;;9908;12;9912;17;;;9902.5;0.0
av_COFFEE_d4;21800;INTARIAN_PEPPER_ROOT;10226;20;10224;24;;;10232;16;10234;18;;;10229.0;0.0
av_COFFEE_d4;21900;ASH_COATED_OSMIUM;9899;15;9896;21;;;9905;7;9909;29;;;9902.0;0.0
av_COFFEE_d4;21900;INTARIAN_PEPPER_ROOT;10224;18;10222;21;;;10237;24;10240;17;;;10230.5;0.0
av_COFFEE_d4;22000;ASH_COATED_OSMIUM;9895;27;9892;17;;;9909;17;9911;18;;;9902.0;0.0
av_COFFEE_d4;22000;INTARIAN_PEPPER_ROOT;10226;15;10222;17;;;10237;22;10239;13;;;10231.5;0.0
av_COFFEE_d4;22100;ASH_COATED_OSMIUM;9900;22;9896;23;;;9906;9;9908;22;;;9903.0;0.0
av_COFFEE_d4;22100;INTARIAN_PEPPER_ROOT;10230;8;10227;19;;;10236;12;10238;23;;;10233.0;0.0
av_COFFEE_d4;22200;ASH_COATED_OSMIUM;9900;11;9897;10;;;9906;12;9908;31;;;9903.0;0.0
av_COFFEE_d4;22200;INTARIAN_PEPPER_ROOT;10231;5;10229;23;;;10237;18;10241;19;;;10234.0;0.0
av_COFFEE_d4;22300;ASH_COATED_OSMIUM;9900;5;9896;19;;;9906;18;9910;24;;;9903.0;0.0
av_COFFEE_d4;22300;INTARIAN_PEPPER_ROOT;10230;11;10227;15;;;10240;21;10243;27;;;10235.0;0.0
av_COFFEE_d4;22400;ASH_COATED_OSMIUM;9899;11;9896;11;;;9905;12;9907;20;;;9902.0;0.0
av_COFFEE_d4;22400;INTARIAN_PEPPER_ROOT;10233;10;10231;17;;;10239;12;10241;20;;;10236.0;0.0
av_COFFEE_d4;22500;ASH_COATED_OSMIUM;9897;11;9894;19;;;9908;9;9911;13;;;9902.5;0.0
av_COFFEE_d4;22500;INTARIAN_PEPPER_ROOT;10234;9;10230;22;;;10241;17;10243;13;;;10237.5;0.0
av_COFFEE_d4;22600;ASH_COATED_OSMIUM;9900;17;9897;26;;;9906;12;9908;17;;;9903.0;0.0
av_COFFEE_d4;22600;INTARIAN_PEPPER_ROOT;10235;13;10231;13;;;10241;13;10245;23;;;10238.0;0.0
av_COFFEE_d4;22700;ASH_COATED_OSMIUM;9900;15;9898;23;;;9906;13;9908;21;;;9903.0;0.0
av_COFFEE_d4;22700;INTARIAN_PEPPER_ROOT;10234;17;10231;23;;;10246;16;10250;19;;;10240.0;0.0
av_COFFEE_d4;22800;ASH_COATED_OSMIUM;9898;17;9896;17;;;9908;17;9910;18;;;9903.0;0.0
av_COFFEE_d4;22800;INTARIAN_PEPPER_ROOT;10237;16;10234;21;;;10243;19;10245;15;;;10240.0;0.0
av_COFFEE_d4;22900;ASH_COATED_OSMIUM;9900;12;9898;15;;;9906;18;9909;30;;;9903.0;0.0
av_COFFEE_d4;22900;INTARIAN_PEPPER_ROOT;10227;9;10224;23;;;10256;11;10260;24;;;10241.5;0.0
av_COFFEE_d4;23000;ASH_COATED_OSMIUM;9900;10;9897;14;;;9906;15;9909;18;;;9903.0;0.0
av_COFFEE_d4;23000;INTARIAN_PEPPER_ROOT;10239;22;10235;26;;;10246;16;10250;30;;;10242.5;0.0
av_COFFEE_d4;23100;ASH_COATED_OSMIUM;9900;5;9897;24;;;9906;25;9909;19;;;9903.0;0.0
av_COFFEE_d4;23100;INTARIAN_PEPPER_ROOT;10234;12;10231;15;;;10252;13;10256;19;;;10243.0;0.0
av_COFFEE_d4;23200;ASH_COATED_OSMIUM;9896;15;9892;18;;;9910;17;9913;15;;;9903.0;0.0
av_COFFEE_d4;23200;INTARIAN_PEPPER_ROOT;10242;16;10240;9;;;10248;13;10251;18;;;10245.0;0.0
av_COFFEE_d4;23300;ASH_COATED_OSMIUM;9899;7;9895;17;;;9908;7;9912;28;;;9903.5;0.0
av_COFFEE_d4;23300;INTARIAN_PEPPER_ROOT;10239;10;10235;10;;;10252;21;10256;20;;;10245.5;0.0
av_COFFEE_d4;23400;ASH_COATED_OSMIUM;9897;25;9893;24;;;9908;12;9912;18;;;9902.5;0.0
av_COFFEE_d4;23400;INTARIAN_PEPPER_ROOT;10244;14;10242;25;;;10250;20;10254;23;;;10247.0;0.0
av_COFFEE_d4;23500;ASH_COATED_OSMIUM;9901;22;9899;16;;;9907;20;9910;22;;;9904.0;0.0
av_COFFEE_d4;23500;INTARIAN_PEPPER_ROOT;10239;14;10236;16;;;10257;16;10259;19;;;10248.0;0.0
av_COFFEE_d4;23600;ASH_COATED_OSMIUM;9896;10;9893;17;;;9910;12;9913;27;;;9903.0;0.0
av_COFFEE_d4;23600;INTARIAN_PEPPER_ROOT;10246;8;10243;20;;;10252;8;10255;26;;;10249.0;0.0
av_COFFEE_d4;23700;ASH_COATED_OSMIUM;9901;14;9898;17;;;9907;7;9910;23;;;9904.0;0.0
av_COFFEE_d4;23700;INTARIAN_PEPPER_ROOT;10247;9;10245;21;;;10253;11;10255;17;;;10250.0;0.0
av_COFFEE_d4;23800;ASH_COATED_OSMIUM;9896;17;9894;20;;;9911;17;9913;18;;;9903.5;0.0
av_COFFEE_d4;23800;INTARIAN_PEPPER_ROOT;10248;8;10246;10;;;10254;12;10256;21;;;10251.0;0.0
av_COFFEE_d4;23900;ASH_COATED_OSMIUM;9896;13;9893;15;;;9910;5;9912;20;;;9903.0;0.0
av_COFFEE_d4;23900;INTARIAN_PEPPER_ROOT;10250;9;10248;20;;;10256;21;10259;28;;;10253.0;0.0
av_COFFEE_d4;24000;ASH_COATED_OSMIUM;9901;22;9898;20;;;9907;20;9910;13;;;9904.0;0.0
av_COFFEE_d4;24000;INTARIAN_PEPPER_ROOT;10250;13;10248;19;;;10258;13;10261;22;;;10254.0;0.0
av_COFFEE_d4;24100;ASH_COATED_OSMIUM;9899;13;9895;26;;;9908;12;9911;25;;;9903.5;0.0
av_COFFEE_d4;24100;INTARIAN_PEPPER_ROOT;10249;14;10246;19;;;10261;25;10264;19;;;10255.0;0.0
av_COFFEE_d4;24200;ASH_COATED_OSMIUM;9900;12;9896;18;;;9906;18;9908;19;;;9903.0;0.0
av_COFFEE_d4;24200;INTARIAN_PEPPER_ROOT;10250;17;10246;23;;;10261;18;10263;24;;;10255.5;0.0
av_COFFEE_d4;24300;ASH_COATED_OSMIUM;9901;16;9898;16;;;9907;11;9909;14;;;9904.0;0.0
av_COFFEE_d4;24300;INTARIAN_PEPPER_ROOT;10254;14;10251;8;;;10260;14;10264;15;;;10257.0;0.0
av_COFFEE_d4;24400;ASH_COATED_OSMIUM;9901;20;9899;12;;;9907;30;9911;27;;;9904.0;0.0
av_COFFEE_d4;24400;INTARIAN_PEPPER_ROOT;10251;11;10248;25;;;10264;9;10266;20;;;10257.5;0.0
av_COFFEE_d4;24500;ASH_COATED_OSMIUM;9898;16;9896;22;;;9910;7;9912;22;;;9904.0;0.0
av_COFFEE_d4;24500;INTARIAN_PEPPER_ROOT;10256;22;10253;12;;;10262;15;10265;19;;;10259.0;0.0
av_COFFEE_d4;24600;ASH_COATED_OSMIUM;9901;17;9899;26;;;9907;11;9910;24;;;9904.0;0.0
av_COFFEE_d4;24600;INTARIAN_PEPPER_ROOT;10257;8;10254;17;;;10263;13;10267;20;;;10260.0;0.0
av_COFFEE_d4;24700;ASH_COATED_OSMIUM;9898;16;9894;21;;;9910;18;9913;16;;;9904.0;0.0
av_COFFEE_d4;24700;INTARIAN_PEPPER_ROOT;10257;5;10254;18;;;10266;5;10270;27;;;10261.5;0.0
av_COFFEE_d4;24800;ASH_COATED_OSMIUM;9902;15;9900;22;;;9908;10;9912;17;;;9905.0;0.0
av_COFFEE_d4;24800;INTARIAN_PEPPER_ROOT;10260;20;10256;16;;;10266;23;10270;18;;;10263.0;0.0
av_COFFEE_d4;24900;ASH_COATED_OSMIUM;9901;13;9899;22;;;9908;9;9910;18;;;9904.5;0.0
av_COFFEE_d4;24900;INTARIAN_PEPPER_ROOT;10260;7;10257;26;;;10266;14;10270;21;;;10263.0;0.0
av_COFFEE_d4;25000;ASH_COATED_OSMIUM;9901;19;9899;20;;;9907;16;9909;24;;;9904.0;0.0
av_COFFEE_d4;25000;INTARIAN_PEPPER_ROOT;10251;7;10248;20;;;10279;19;10281;29;;;10265.0;0.0
av_COFFEE_d4;25100;ASH_COATED_OSMIUM;9901;18;9897;18;;;9907;12;9910;18;;;9904.0;0.0
av_COFFEE_d4;25100;INTARIAN_PEPPER_ROOT;10263;26;10259;10;;;10269;10;10272;24;;;10266.0;0.0
av_COFFEE_d4;25200;ASH_COATED_OSMIUM;9901;11;9898;18;;;9907;18;9909;30;;;9904.0;0.0
av_COFFEE_d4;25200;INTARIAN_PEPPER_ROOT;10264;16;10260;19;;;10270;14;10272;26;;;10267.0;0.0
av_COFFEE_d4;25300;ASH_COATED_OSMIUM;9902;13;9898;20;;;9908;15;9911;25;;;9905.0;0.0
av_COFFEE_d4;25300;INTARIAN_PEPPER_ROOT;10263;14;10261;28;;;10272;11;10275;21;;;10267.5;0.0
av_COFFEE_d4;25400;ASH_COATED_OSMIUM;9884;16;9880;18;;;9924;8;9928;22;;;9904.0;0.0
av_COFFEE_d4;25400;INTARIAN_PEPPER_ROOT;10266;14;10264;18;;;10272;14;10276;15;;;10269.0;0.0
av_COFFEE_d4;25500;ASH_COATED_OSMIUM;9901;15;9898;24;;;9907;13;9910;21;;;9904.0;0.0
av_COFFEE_d4;25500;INTARIAN_PEPPER_ROOT;10267;8;10264;21;;;10273;21;10276;19;;;10270.0;0.0
av_COFFEE_d4;25600;ASH_COATED_OSMIUM;9899;23;9897;30;;;9911;13;9913;26;;;9905.0;0.0
av_COFFEE_d4;25600;INTARIAN_PEPPER_ROOT;10262;10;10259;14;;;10282;12;10285;10;;;10272.0;0.0
av_COFFEE_d4;25700;ASH_COATED_OSMIUM;9894;25;9892;19;;;9915;13;9918;20;;;9904.5;0.0
av_COFFEE_d4;25700;INTARIAN_PEPPER_ROOT;10269;23;10265;26;;;10275;5;10279;19;;;10272.0;0.0
av_COFFEE_d4;25800;ASH_COATED_OSMIUM;9899;19;9897;12;;;9910;12;9913;12;;;9904.5;0.0
av_COFFEE_d4;25800;INTARIAN_PEPPER_ROOT;10263;16;10260;20;;;10282;16;10284;19;;;10272.5;0.0
av_COFFEE_d4;25900;ASH_COATED_OSMIUM;9901;5;9898;24;;;9909;10;9912;24;;;9905.0;0.0
av_COFFEE_d4;25900;INTARIAN_PEPPER_ROOT;10270;16;10267;20;;;10278;17;10280;22;;;10274.0;0.0
av_COFFEE_d4;26000;ASH_COATED_OSMIUM;9902;14;9900;21;;;9908;13;9910;16;;;9905.0;0.0
av_COFFEE_d4;26000;INTARIAN_PEPPER_ROOT;10273;15;10270;22;;;10279;16;10283;24;;;10276.0;0.0
av_COFFEE_d4;26100;ASH_COATED_OSMIUM;9897;17;9895;26;;;9912;10;9915;26;;;9904.5;0.0
av_COFFEE_d4;26100;INTARIAN_PEPPER_ROOT;10274;14;10272;18;;;10280;12;10283;22;;;10277.0;0.0
av_COFFEE_d4;26200;ASH_COATED_OSMIUM;9902;6;9898;11;;;9908;16;9911;22;;;9905.0;0.0
av_COFFEE_d4;26200;INTARIAN_PEPPER_ROOT;10274;18;10272;23;;;10280;7;10282;17;;;10277.0;0.0
av_COFFEE_d4;26300;ASH_COATED_OSMIUM;9898;9;9896;17;;;9912;15;9915;25;;;9905.0;0.0
av_COFFEE_d4;26300;INTARIAN_PEPPER_ROOT;10276;18;10272;15;;;10282;8;10284;23;;;10279.0;0.0
av_COFFEE_d4;26400;ASH_COATED_OSMIUM;9897;13;9893;23;;;9913;20;9915;17;;;9905.0;0.0
av_COFFEE_d4;26400;INTARIAN_PEPPER_ROOT;10277;15;10273;25;;;10283;15;10286;21;;;10280.0;0.0
av_COFFEE_d4;26500;ASH_COATED_OSMIUM;9898;15;9895;23;;;9913;13;9917;13;;;9905.5;0.0
av_COFFEE_d4;26500;INTARIAN_PEPPER_ROOT;10278;6;10275;24;;;10284;15;10287;24;;;10281.0;0.0
av_COFFEE_d4;26600;ASH_COATED_OSMIUM;9900;12;9897;19;;;9910;11;9913;18;;;9905.0;0.0
av_COFFEE_d4;26600;INTARIAN_PEPPER_ROOT;10279;13;10277;8;;;10285;12;10289;18;;;10282.0;0.0
av_COFFEE_d4;26700;ASH_COATED_OSMIUM;9902;10;9900;14;;;9908;16;9910;19;;;9905.0;0.0
av_COFFEE_d4;26700;INTARIAN_PEPPER_ROOT;10280;9;10276;13;;;10286;12;10289;20;;;10283.0;0.0
av_COFFEE_d4;26800;ASH_COATED_OSMIUM;9899;12;9895;10;;;9911;20;9915;18;;;9905.0;0.0
av_COFFEE_d4;26800;INTARIAN_PEPPER_ROOT;10281;18;10278;21;;;10287;18;10290;15;;;10284.0;0.0
av_COFFEE_d4;26900;ASH_COATED_OSMIUM;9902;17;9898;17;;;9908;11;9912;24;;;9905.0;0.0
av_COFFEE_d4;26900;INTARIAN_PEPPER_ROOT;10282;11;10280;24;;;10288;5;10290;23;;;10285.0;0.0
av_COFFEE_d4;27000;ASH_COATED_OSMIUM;9902;13;9898;31;;;9908;27;9911;18;;;9905.0;0.0
av_COFFEE_d4;27000;INTARIAN_PEPPER_ROOT;10284;8;10281;14;;;10290;17;10293;22;;;10287.0;0.0
av_COFFEE_d4;27100;ASH_COATED_OSMIUM;9902;15;9898;26;;;9908;6;9911;16;;;9905.0;0.0
av_COFFEE_d4;27100;INTARIAN_PEPPER_ROOT;10284;13;10282;27;;;10290;15;10293;21;;;10287.0;0.0
av_COFFEE_d4;27200;ASH_COATED_OSMIUM;9902;8;9900;12;;;9908;11;9912;17;;;9905.0;0.0
av_COFFEE_d4;27200;INTARIAN_PEPPER_ROOT;10286;15;10282;19;;;10292;9;10296;18;;;10289.0;0.0
av_COFFEE_d4;27300;ASH_COATED_OSMIUM;9901;14;9898;23;;;9910;19;9913;22;;;9905.5;0.0
av_COFFEE_d4;27300;INTARIAN_PEPPER_ROOT;10286;20;10284;13;;;10292;11;10295;21;;;10289.0;0.0
av_COFFEE_d4;27400;ASH_COATED_OSMIUM;9902;12;9899;18;;;9908;22;9912;23;;;9905.0;0.0
av_COFFEE_d4;27400;INTARIAN_PEPPER_ROOT;10286;21;10283;24;;;10296;13;10299;18;;;10291.0;0.0
av_COFFEE_d4;27500;ASH_COATED_OSMIUM;9903;16;9900;20;;;9909;14;9911;13;;;9906.0;0.0
av_COFFEE_d4;27500;INTARIAN_PEPPER_ROOT;10289;18;10286;15;;;10295;15;10298;18;;;10292.0;0.0
av_COFFEE_d4;27600;ASH_COATED_OSMIUM;9901;9;9898;12;;;9911;18;9913;22;;;9906.0;0.0
av_COFFEE_d4;27600;INTARIAN_PEPPER_ROOT;10290;6;10286;20;;;10296;17;10299;19;;;10293.0;0.0
av_COFFEE_d4;27700;ASH_COATED_OSMIUM;9903;6;9899;14;;;9909;10;9912;16;;;9906.0;0.0
av_COFFEE_d4;27700;INTARIAN_PEPPER_ROOT;10291;13;10288;14;;;10297;10;10299;16;;;10294.0;0.0
av_COFFEE_d4;27800;ASH_COATED_OSMIUM;9903;11;9900;13;;;9909;9;9912;17;;;9906.0;0.0
av_COFFEE_d4;27800;INTARIAN_PEPPER_ROOT;10292;5;10288;16;;;10298;18;10300;23;;;10295.0;0.0
av_COFFEE_d4;27900;ASH_COATED_OSMIUM;9896;10;9894;31;;;9916;12;9919;19;;;9906.0;0.0
av_COFFEE_d4;27900;INTARIAN_PEPPER_ROOT;10293;14;10290;25;;;10299;22;10302;24;;;10296.0;0.0
av_COFFEE_d4;28000;ASH_COATED_OSMIUM;9903;15;9900;12;;;9909;21;9912;32;;;9906.0;0.0
av_COFFEE_d4;28000;INTARIAN_PEPPER_ROOT;10294;14;10291;20;;;10300;22;10302;26;;;10297.0;0.0
av_COFFEE_d4;28100;ASH_COATED_OSMIUM;9903;19;9901;23;;;9909;16;9912;21;;;9906.0;0.0
av_COFFEE_d4;28100;INTARIAN_PEPPER_ROOT;10294;17;10292;20;;;10304;11;10308;23;;;10299.0;0.0
av_COFFEE_d4;28200;ASH_COATED_OSMIUM;9883;9;9880;14;;;9929;13;9933;17;;;9906.0;0.0
av_COFFEE_d4;28200;INTARIAN_PEPPER_ROOT;10296;8;10294;17;;;10302;20;10305;25;;;10299.0;0.0
av_COFFEE_d4;28300;ASH_COATED_OSMIUM;9903;10;9901;19;;;9911;15;9913;27;;;9907.0;0.0
av_COFFEE_d4;28300;INTARIAN_PEPPER_ROOT;10278;5;10275;27;;;10323;18;10325;24;;;10300.5;0.0
av_COFFEE_d4;28400;ASH_COATED_OSMIUM;9897;5;9895;23;;;9915;22;9917;22;;;9906.0;0.0
av_COFFEE_d4;28400;INTARIAN_PEPPER_ROOT;10299;10;10297;8;;;10305;21;10308;24;;;10302.0;0.0
av_COFFEE_d4;28500;ASH_COATED_OSMIUM;9899;17;9897;27;;;9914;18;9916;19;;;9906.5;0.0
av_COFFEE_d4;28500;INTARIAN_PEPPER_ROOT;10296;15;10294;22;;;10309;10;10312;24;;;10302.5;0.0
av_COFFEE_d4;28600;ASH_COATED_OSMIUM;9900;12;9896;22;;;9912;12;9914;21;;;9906.0;0.0
av_COFFEE_d4;28600;INTARIAN_PEPPER_ROOT;10301;14;10299;21;;;10307;14;10309;20;;;10304.0;0.0
av_COFFEE_d4;28700;ASH_COATED_OSMIUM;9903;7;9899;20;;;9909;21;9912;18;;;9906.0;0.0
av_COFFEE_d4;28700;INTARIAN_PEPPER_ROOT;10299;19;10295;20;;;10310;19;10312;20;;;10304.5;0.0
av_COFFEE_d4;28800;ASH_COATED_OSMIUM;9903;11;9899;27;;;9910;20;9914;23;;;9906.5;0.0
av_COFFEE_d4;28800;INTARIAN_PEPPER_ROOT;10302;11;10299;12;;;10310;9;10312;26;;;10306.0;0.0
av_COFFEE_d4;28900;ASH_COATED_OSMIUM;9896;14;9893;27;;;9917;22;9921;24;;;9906.5;0.0
av_COFFEE_d4;28900;INTARIAN_PEPPER_ROOT;10303;9;10299;20;;;10309;18;10311;26;;;10306.0;0.0
av_COFFEE_d4;29000;ASH_COATED_OSMIUM;9901;9;9897;20;;;9912;9;9914;27;;;9906.5;0.0
av_COFFEE_d4;29000;INTARIAN_PEPPER_ROOT;10306;22;10303;13;;;10312;19;10314;13;;;10309.0;0.0
av_COFFEE_d4;29100;ASH_COATED_OSMIUM;9903;9;9901;14;;;9910;15;9913;24;;;9906.5;0.0
av_COFFEE_d4;29100;INTARIAN_PEPPER_ROOT;10306;17;10304;23;;;10312;17;10314;21;;;10309.0;0.0
av_COFFEE_d4;29200;ASH_COATED_OSMIUM;9904;13;9901;16;;;9910;13;9912;15;;;9907.0;0.0
av_COFFEE_d4;29200;INTARIAN_PEPPER_ROOT;10302;15;10298;24;;;10319;11;10323;29;;;10310.5;0.0
av_COFFEE_d4;29300;ASH_COATED_OSMIUM;9904;11;9900;18;;;9910;15;9914;10;;;9907.0;0.0
av_COFFEE_d4;29300;INTARIAN_PEPPER_ROOT;10309;18;10305;22;;;10315;15;10318;20;;;10312.0;0.0
av_COFFEE_d4;29400;ASH_COATED_OSMIUM;9892;18;9888;18;;;9923;11;9926;16;;;9907.5;0.0
av_COFFEE_d4;29400;INTARIAN_PEPPER_ROOT;10307;22;10303;22;;;10319;19;10322;18;;;10313.0;0.0
av_COFFEE_d4;29500;ASH_COATED_OSMIUM;9904;22;9902;19;;;9910;11;9912;21;;;9907.0;0.0
av_COFFEE_d4;29500;INTARIAN_PEPPER_ROOT;10311;13;10309;18;;;10317;17;10320;25;;;10314.0;0.0
av_COFFEE_d4;29600;ASH_COATED_OSMIUM;9901;10;9897;28;;;9912;14;9914;16;;;9906.5;0.0
av_COFFEE_d4;29600;INTARIAN_PEPPER_ROOT;10311;22;10309;16;;;10317;12;10320;19;;;10314.0;0.0
av_COFFEE_d4;29700;ASH_COATED_OSMIUM;9904;22;9901;20;;;9910;10;9913;17;;;9907.0;0.0
av_COFFEE_d4;29700;INTARIAN_PEPPER_ROOT;10308;5;10304;19;;;10324;13;10326;14;;;10316.0;0.0
av_COFFEE_d4;29800;ASH_COATED_OSMIUM;9903;5;9899;22;;;9911;13;9915;22;;;9907.0;0.0
av_COFFEE_d4;29800;INTARIAN_PEPPER_ROOT;10314;16;10311;17;;;10320;22;10322;12;;;10317.0;0.0
av_COFFEE_d4;29900;ASH_COATED_OSMIUM;9903;16;9901;15;;;9911;11;9913;19;;;9907.0;0.0
av_COFFEE_d4;29900;INTARIAN_PEPPER_ROOT;10315;10;10311;16;;;10321;16;10325;19;;;10318.0;0.0
av_COFFEE_d4;30000;ASH_COATED_OSMIUM;9904;14;9901;30;;;9911;15;9914;15;;;9907.5;0.0
av_COFFEE_d4;30000;INTARIAN_PEPPER_ROOT;10316;15;10312;17;;;10322;12;10324;12;;;10319.0;0.0
av_COFFEE_d4;30100;ASH_COATED_OSMIUM;9898;22;9894;20;;;9916;13;9918;22;;;9907.0;0.0
av_COFFEE_d4;30100;INTARIAN_PEPPER_ROOT;10312;7;10308;21;;;10328;16;10330;17;;;10320.0;0.0
av_COFFEE_d4;30200;ASH_COATED_OSMIUM;9904;16;9902;20;;;9910;11;9914;14;;;9907.0;0.0
av_COFFEE_d4;30200;INTARIAN_PEPPER_ROOT;10318;12;10316;19;;;10324;12;10327;18;;;10321.0;0.0
av_COFFEE_d4;30300;ASH_COATED_OSMIUM;9904;16;9901;22;;;9910;17;9912;25;;;9907.0;0.0
av_COFFEE_d4;30300;INTARIAN_PEPPER_ROOT;10319;13;10316;13;;;10325;15;10328;25;;;10322.0;0.0
av_COFFEE_d4;30400;ASH_COATED_OSMIUM;9903;16;9899;17;;;9912;30;9915;10;;;9907.5;0.0
av_COFFEE_d4;30400;INTARIAN_PEPPER_ROOT;10320;11;10316;14;;;10326;15;10330;25;;;10323.0;0.0
av_COFFEE_d4;30500;ASH_COATED_OSMIUM;9905;25;9901;24;;;9911;18;9913;16;;;9908.0;0.0
av_COFFEE_d4;30500;INTARIAN_PEPPER_ROOT;10304;15;10300;22;;;10345;22;10347;23;;;10324.5;0.0
av_COFFEE_d4;30600;ASH_COATED_OSMIUM;9899;6;9895;22;;;9917;8;9919;20;;;9908.0;0.0
av_COFFEE_d4;30600;INTARIAN_PEPPER_ROOT;10317;21;10314;24;;;10333;12;10335;12;;;10325.0;0.0
av_COFFEE_d4;30700;ASH_COATED_OSMIUM;9905;17;9901;28;;;9911;10;9914;15;;;9908.0;0.0
av_COFFEE_d4;30700;INTARIAN_PEPPER_ROOT;10323;14;10320;14;;;10329;9;10332;16;;;10326.0;0.0
av_COFFEE_d4;30800;ASH_COATED_OSMIUM;9903;24;9901;13;;;9912;7;9916;25;;;9907.5;0.0
av_COFFEE_d4;30800;INTARIAN_PEPPER_ROOT;10325;25;10321;19;;;10331;16;10334;28;;;10328.0;0.0
av_COFFEE_d4;30900;ASH_COATED_OSMIUM;9903;19;9901;16;;;9913;10;9916;17;;;9908.0;0.0
av_COFFEE_d4;30900;INTARIAN_PEPPER_ROOT;10327;25;10324;16;;;10333;14;10337;23;;;10330.0;0.0
av_COFFEE_d4;31000;ASH_COATED_OSMIUM;9904;13;9900;25;;;9910;11;9914;15;;;9907.0;0.0
av_COFFEE_d4;31000;INTARIAN_PEPPER_ROOT;10323;8;10320;21;;;10338;22;10340;24;;;10330.5;0.0
av_COFFEE_d4;31100;ASH_COATED_OSMIUM;9898;19;9896;22;;;9917;5;9921;18;;;9907.5;0.0
av_COFFEE_d4;31100;INTARIAN_PEPPER_ROOT;10328;11;10324;12;;;10334;18;10338;20;;;10331.0;0.0
av_COFFEE_d4;31200;ASH_COATED_OSMIUM;9905;24;9901;24;;;9911;21;9915;14;;;9908.0;0.0
av_COFFEE_d4;31200;INTARIAN_PEPPER_ROOT;10329;10;10326;17;;;10335;14;10338;31;;;10332.0;0.0
av_COFFEE_d4;31300;ASH_COATED_OSMIUM;9905;10;9902;28;;;9911;12;9915;8;;;9908.0;0.0
av_COFFEE_d4;31300;INTARIAN_PEPPER_ROOT;10330;18;10326;17;;;10336;5;10338;20;;;10333.0;0.0
av_COFFEE_d4;31400;ASH_COATED_OSMIUM;9905;12;9901;24;;;9911;18;9915;20;;;9908.0;0.0
av_COFFEE_d4;31400;INTARIAN_PEPPER_ROOT;10331;8;10329;20;;;10337;20;10340;15;;;10334.0;0.0
av_COFFEE_d4;31500;ASH_COATED_OSMIUM;9905;12;9903;19;;;9911;11;9915;14;;;9908.0;0.0
av_COFFEE_d4;31500;INTARIAN_PEPPER_ROOT;10332;12;10329;21;;;10339;13;10343;18;;;10335.5;0.0
av_COFFEE_d4;31600;ASH_COATED_OSMIUM;9904;8;9902;12;;;9913;14;9915;17;;;9908.5;0.0
av_COFFEE_d4;31600;INTARIAN_PEPPER_ROOT;10334;10;10331;15;;;10340;14;10342;15;;;10337.0;0.0
av_COFFEE_d4;31700;ASH_COATED_OSMIUM;9902;17;9898;28;;;9915;6;9917;17;;;9908.5;0.0
av_COFFEE_d4;31700;INTARIAN_PEPPER_ROOT;10335;12;10332;24;;;10341;17;10345;15;;;10338.0;0.0
av_COFFEE_d4;31800;ASH_COATED_OSMIUM;9900;16;9897;17;;;9917;11;9921;15;;;9908.5;0.0
av_COFFEE_d4;31800;INTARIAN_PEPPER_ROOT;10335;13;10331;20;;;10344;14;10348;18;;;10339.5;0.0
av_COFFEE_d4;31900;ASH_COATED_OSMIUM;9900;5;9897;14;;;9916;11;9920;24;;;9908.0;0.0
av_COFFEE_d4;31900;INTARIAN_PEPPER_ROOT;10332;26;10328;16;;;10348;14;10350;12;;;10340.0;0.0
av_COFFEE_d4;32000;ASH_COATED_OSMIUM;9905;15;9903;15;;;9911;9;9915;30;;;9908.0;0.0
av_COFFEE_d4;32000;INTARIAN_PEPPER_ROOT;10338;12;10334;20;;;10344;12;10346;21;;;10341.0;0.0
av_COFFEE_d4;32100;ASH_COATED_OSMIUM;9905;6;9901;18;;;9912;9;9915;25;;;9908.5;0.0
av_COFFEE_d4;32100;INTARIAN_PEPPER_ROOT;10334;16;10331;16;;;10350;15;10352;24;;;10342.0;0.0
av_COFFEE_d4;32200;ASH_COATED_OSMIUM;9905;19;9902;20;;;9911;22;9914;27;;;9908.0;0.0
av_COFFEE_d4;32200;INTARIAN_PEPPER_ROOT;10340;13;10338;31;;;10346;19;10349;22;;;10343.0;0.0
av_COFFEE_d4;32300;ASH_COATED_OSMIUM;9906;25;9902;19;;;9912;17;9916;13;;;9909.0;0.0
av_COFFEE_d4;32300;INTARIAN_PEPPER_ROOT;10332;5;10329;20;;;10357;19;10360;27;;;10344.5;0.0
av_COFFEE_d4;32400;ASH_COATED_OSMIUM;9905;20;9901;20;;;9911;14;9913;20;;;9908.0;0.0
av_COFFEE_d4;32400;INTARIAN_PEPPER_ROOT;10333;14;10330;21;;;10358;19;10361;27;;;10345.5;0.0
av_COFFEE_d4;32500;ASH_COATED_OSMIUM;9905;17;9902;11;;;9911;15;9915;20;;;9908.0;0.0
av_COFFEE_d4;32500;INTARIAN_PEPPER_ROOT;10343;13;10341;14;;;10349;17;10352;27;;;10346.0;0.0
av_COFFEE_d4;32600;ASH_COATED_OSMIUM;9902;10;9898;23;;;9916;12;9920;14;;;9909.0;0.0
av_COFFEE_d4;32600;INTARIAN_PEPPER_ROOT;10344;22;10342;19;;;10350;23;10352;18;;;10347.0;0.0
av_COFFEE_d4;32700;ASH_COATED_OSMIUM;9905;15;9903;15;;;9912;16;9915;28;;;9908.5;0.0
av_COFFEE_d4;32700;INTARIAN_PEPPER_ROOT;10346;17;10344;20;;;10352;9;10356;14;;;10349.0;0.0
av_COFFEE_d4;32800;ASH_COATED_OSMIUM;9906;23;9904;21;;;9912;15;9915;26;;;9909.0;0.0
av_COFFEE_d4;32800;INTARIAN_PEPPER_ROOT;10345;14;10342;24;;;10354;12;10358;21;;;10349.5;0.0
av_COFFEE_d4;32900;ASH_COATED_OSMIUM;9906;8;9902;19;;;9912;12;9915;19;;;9909.0;0.0
av_COFFEE_d4;32900;INTARIAN_PEPPER_ROOT;10347;7;10344;21;;;10353;11;10355;25;;;10350.0;0.0
av_COFFEE_d4;33000;ASH_COATED_OSMIUM;9906;20;9902;23;;;9912;16;9916;24;;;9909.0;0.0
av_COFFEE_d4;33000;INTARIAN_PEPPER_ROOT;10345;15;10343;28;;;10358;15;10360;27;;;10351.5;0.0
av_COFFEE_d4;33100;ASH_COATED_OSMIUM;9906;5;9903;24;;;9913;18;9917;18;;;9909.5;0.0
av_COFFEE_d4;33100;INTARIAN_PEPPER_ROOT;10350;17;10346;24;;;10356;7;10360;23;;;10353.0;0.0
av_COFFEE_d4;33200;ASH_COATED_OSMIUM;9896;19;9893;24;;;9922;16;9925;25;;;9909.0;0.0
av_COFFEE_d4;33200;INTARIAN_PEPPER_ROOT;10345;18;10342;16;;;10363;11;10365;19;;;10354.0;0.0
av_COFFEE_d4;33300;ASH_COATED_OSMIUM;9906;19;9902;13;;;9912;11;9916;15;;;9909.0;0.0
av_COFFEE_d4;33300;INTARIAN_PEPPER_ROOT;10349;15;10346;17;;;10362;18;10365;18;;;10355.5;0.0
av_COFFEE_d4;33400;ASH_COATED_OSMIUM;9906;10;9902;13;;;9912;25;9916;21;;;9909.0;0.0
av_COFFEE_d4;33400;INTARIAN_PEPPER_ROOT;10349;15;10346;19;;;10363;17;10365;17;;;10356.0;0.0
av_COFFEE_d4;33500;ASH_COATED_OSMIUM;9906;11;9904;14;;;9912;16;9914;16;;;9909.0;0.0
av_COFFEE_d4;33500;INTARIAN_PEPPER_ROOT;10353;8;10350;9;;;10361;11;10363;28;;;10357.0;0.0
av_COFFEE_d4;33600;ASH_COATED_OSMIUM;9906;14;9903;15;;;9912;17;9916;23;;;9909.0;0.0
av_COFFEE_d4;33600;INTARIAN_PEPPER_ROOT;10347;11;10343;26;;;10369;17;10373;21;;;10358.0;0.0
av_COFFEE_d4;33700;ASH_COATED_OSMIUM;9906;8;9902;16;;;9912;25;9914;15;;;9909.0;0.0
av_COFFEE_d4;33700;INTARIAN_PEPPER_ROOT;10351;30;10349;14;;;10367;13;10370;26;;;10359.0;0.0
av_COFFEE_d4;33800;ASH_COATED_OSMIUM;9906;21;9902;22;;;9912;19;9916;20;;;9909.0;0.0
av_COFFEE_d4;33800;INTARIAN_PEPPER_ROOT;10357;20;10354;20;;;10363;20;10366;16;;;10360.0;0.0
av_COFFEE_d4;33900;ASH_COATED_OSMIUM;9906;12;9902;16;;;9912;22;9914;18;;;9909.0;0.0
av_COFFEE_d4;33900;INTARIAN_PEPPER_ROOT;10359;12;10355;18;;;10365;11;10369;15;;;10362.0;0.0
av_COFFEE_d4;34000;ASH_COATED_OSMIUM;9894;25;9892;23;;;9925;6;9929;21;;;9909.5;0.0
av_COFFEE_d4;34000;INTARIAN_PEPPER_ROOT;10358;8;10356;19;;;10364;14;10366;16;;;10361.0;0.0
av_COFFEE_d4;34100;ASH_COATED_OSMIUM;9906;22;9904;16;;;9913;13;9917;17;;;9909.5;0.0
av_COFFEE_d4;34100;INTARIAN_PEPPER_ROOT;10359;8;10356;20;;;10365;11;10367;27;;;10362.0;0.0
av_COFFEE_d4;34200;ASH_COATED_OSMIUM;9907;11;9903;15;;;9913;10;9915;20;;;9910.0;0.0
av_COFFEE_d4;34200;INTARIAN_PEPPER_ROOT;10359;11;10356;21;;;10365;5;10367;30;;;10362.0;0.0
av_COFFEE_d4;34300;ASH_COATED_OSMIUM;9907;16;9905;25;;;9913;20;9917;23;;;9910.0;0.0
av_COFFEE_d4;34300;INTARIAN_PEPPER_ROOT;10359;16;10357;21;;;10365;24;10368;15;;;10362.0;0.0
av_COFFEE_d4;34400;ASH_COATED_OSMIUM;9901;9;9899;17;;;9920;15;9923;17;;;9910.5;0.0
av_COFFEE_d4;34400;INTARIAN_PEPPER_ROOT;10360;8;10356;26;;;10366;6;10369;10;;;10363.0;0.0
av_COFFEE_d4;34500;ASH_COATED_OSMIUM;9906;21;9904;8;;;9912;18;9915;11;;;9909.0;0.0
av_COFFEE_d4;34500;INTARIAN_PEPPER_ROOT;10360;21;10358;25;;;10366;15;10370;12;;;10363.0;0.0
av_COFFEE_d4;34600;ASH_COATED_OSMIUM;9906;16;9902;15;;;9914;17;9917;18;;;9910.0;0.0
av_COFFEE_d4;34600;INTARIAN_PEPPER_ROOT;10360;11;10358;27;;;10366;18;10370;19;;;10363.0;0.0
av_COFFEE_d4;34700;ASH_COATED_OSMIUM;9907;10;9903;19;;;9913;8;9915;18;;;9910.0;0.0
av_COFFEE_d4;34700;INTARIAN_PEPPER_ROOT;10361;15;10357;17;;;10367;21;10369;17;;;10364.0;0.0
av_COFFEE_d4;34800;ASH_COATED_OSMIUM;9908;10;9906;26;;;9914;14;9917;29;;;9911.0;0.0
av_COFFEE_d4;34800;INTARIAN_PEPPER_ROOT;10361;18;10358;19;;;10367;21;10369;22;;;10364.0;0.0
av_COFFEE_d4;34900;ASH_COATED_OSMIUM;9908;11;9906;15;;;9914;20;9916;22;;;9911.0;0.0
av_COFFEE_d4;34900;INTARIAN_PEPPER_ROOT;10361;13;10357;25;;;10367;16;10369;17;;;10364.0;0.0
av_COFFEE_d4;35000;ASH_COATED_OSMIUM;9902;17;9899;18;;;9920;14;9923;9;;;9911.0;0.0
av_COFFEE_d4;35000;INTARIAN_PEPPER_ROOT;10358;9;10355;13;;;10370;14;10374;15;;;10364.0;0.0
av_COFFEE_d4;35100;ASH_COATED_OSMIUM;9907;13;9904;16;;;9913;10;9917;11;;;9910.0;0.0
av_COFFEE_d4;35100;INTARIAN_PEPPER_ROOT;10362;8;10358;19;;;10368;17;10371;18;;;10365.0;0.0
av_COFFEE_d4;35200;ASH_COATED_OSMIUM;9908;7;9905;19;;;9914;6;9917;17;;;9911.0;0.0
av_COFFEE_d4;35200;INTARIAN_PEPPER_ROOT;10362;20;10359;18;;;10368;21;10372;17;;;10365.0;0.0
av_COFFEE_d4;35300;ASH_COATED_OSMIUM;9893;20;9891;11;;;9929;7;9932;10;;;9911.0;0.0
av_COFFEE_d4;35300;INTARIAN_PEPPER_ROOT;10361;17;10358;18;;;10369;13;10372;19;;;10365.0;0.0
av_COFFEE_d4;35400;ASH_COATED_OSMIUM;9908;20;9904;26;;;9914;19;9917;12;;;9911.0;0.0
av_COFFEE_d4;35400;INTARIAN_PEPPER_ROOT;10363;10;10361;26;;;10369;12;10372;15;;;10366.0;0.0
av_COFFEE_d4;35500;ASH_COATED_OSMIUM;9907;11;9904;19;;;9916;7;9919;21;;;9911.5;0.0
av_COFFEE_d4;35500;INTARIAN_PEPPER_ROOT;10363;14;10360;13;;;10369;22;10372;22;;;10366.0;0.0
av_COFFEE_d4;35600;ASH_COATED_OSMIUM;9907;13;9904;22;;;9917;14;9920;25;;;9912.0;0.0
av_COFFEE_d4;35600;INTARIAN_PEPPER_ROOT;10363;7;10360;24;;;10369;10;10371;16;;;10366.0;0.0
av_COFFEE_d4;35700;ASH_COATED_OSMIUM;9891;5;9888;29;;;9932;5;9935;29;;;9911.5;0.0
av_COFFEE_d4;35700;INTARIAN_PEPPER_ROOT;10362;18;10358;21;;;10371;15;10373;26;;;10366.5;0.0
av_COFFEE_d4;35800;ASH_COATED_OSMIUM;9909;23;9906;19;;;9915;13;9917;21;;;9912.0;0.0
av_COFFEE_d4;35800;INTARIAN_PEPPER_ROOT;10364;20;10361;15;;;10370;18;10374;18;;;10367.0;0.0
av_COFFEE_d4;35900;ASH_COATED_OSMIUM;9909;15;9907;8;;;9915;8;9919;20;;;9912.0;0.0
av_COFFEE_d4;35900;INTARIAN_PEPPER_ROOT;10350;20;10346;26;;;10384;17;10387;22;;;10367.0;0.0
av_COFFEE_d4;36000;ASH_COATED_OSMIUM;9900;7;9896;15;;;9924;22;9928;16;;;9912.0;0.0
av_COFFEE_d4;36000;INTARIAN_PEPPER_ROOT;10356;16;10354;18;;;10378;11;10380;16;;;10367.0;0.0
av_COFFEE_d4;36100;ASH_COATED_OSMIUM;9909;14;9906;21;;;9915;13;9918;18;;;9912.0;0.0
av_COFFEE_d4;36100;INTARIAN_PEPPER_ROOT;10365;19;10361;19;;;10371;16;10373;16;;;10368.0;0.0
av_COFFEE_d4;36200;ASH_COATED_OSMIUM;9908;13;9904;23;;;9915;10;9918;24;;;9911.5;0.0
av_COFFEE_d4;36200;INTARIAN_PEPPER_ROOT;10345;15;10342;15;;;10390;13;10394;12;;;10367.5;0.0
av_COFFEE_d4;36300;ASH_COATED_OSMIUM;9909;8;9907;12;;;9915;19;9917;21;;;9912.0;0.0
av_COFFEE_d4;36300;INTARIAN_PEPPER_ROOT;10366;10;10363;17;;;10372;16;10376;18;;;10369.0;0.0
av_COFFEE_d4;36400;ASH_COATED_OSMIUM;9908;13;9904;8;;;9917;17;9919;10;;;9912.5;0.0
av_COFFEE_d4;36400;INTARIAN_PEPPER_ROOT;10366;9;10362;22;;;10372;12;10375;11;;;10369.0;0.0
av_COFFEE_d4;36500;ASH_COATED_OSMIUM;9909;21;9907;18;;;9915;8;9919;19;;;9912.0;0.0
av_COFFEE_d4;36500;INTARIAN_PEPPER_ROOT;10364;22;10360;28;;;10373;17;10376;17;;;10368.5;0.0
av_COFFEE_d4;36600;ASH_COATED_OSMIUM;9910;14;9907;19;;;9916;17;9918;22;;;9913.0;0.0
av_COFFEE_d4;36600;INTARIAN_PEPPER_ROOT;10357;17;10354;12;;;10380;18;10383;24;;;10368.5;0.0
av_COFFEE_d4;36700;ASH_COATED_OSMIUM;9910;15;9908;14;;;9917;15;9921;24;;;9913.5;0.0
av_COFFEE_d4;36700;INTARIAN_PEPPER_ROOT;10367;5;10363;24;;;10373;17;10376;13;;;10370.0;0.0
av_COFFEE_d4;36800;ASH_COATED_OSMIUM;9910;7;9908;21;;;9916;16;9919;8;;;9913.0;0.0
av_COFFEE_d4;36800;INTARIAN_PEPPER_ROOT;10366;13;10363;20;;;10372;20;10374;16;;;10369.0;0.0
av_COFFEE_d4;36900;ASH_COATED_OSMIUM;9910;15;9908;28;;;9916;7;9918;14;;;9913.0;0.0
av_COFFEE_d4;36900;INTARIAN_PEPPER_ROOT;10363;21;10360;13;;;10375;15;10379;18;;;10369.0;0.0
av_COFFEE_d4;37000;ASH_COATED_OSMIUM;9910;17;9906;20;;;9916;11;9918;20;;;9913.0;0.0
av_COFFEE_d4;37000;INTARIAN_PEPPER_ROOT;10361;20;10359;15;;;10379;23;10382;19;;;10370.0;0.0
av_COFFEE_d4;37100;ASH_COATED_OSMIUM;9910;15;9906;17;;;9916;22;9920;8;;;9913.0;0.0
av_COFFEE_d4;37100;INTARIAN_PEPPER_ROOT;10368;17;10364;25;;;10374;17;10377;21;;;10371.0;0.0
av_COFFEE_d4;37200;ASH_COATED_OSMIUM;9911;17;9907;17;;;9917;13;9920;13;;;9914.0;0.0
av_COFFEE_d4;37200;INTARIAN_PEPPER_ROOT;10368;17;10366;20;;;10374;14;10378;18;;;10371.0;0.0
av_COFFEE_d4;37300;ASH_COATED_OSMIUM;9910;17;9906;26;;;9916;11;9919;26;;;9913.0;0.0
av_COFFEE_d4;37300;INTARIAN_PEPPER_ROOT;10368;13;10365;17;;;10374;13;10377;17;;;10371.0;0.0
av_COFFEE_d4;37400;ASH_COATED_OSMIUM;9907;7;9903;19;;;9921;15;9925;8;;;9914.0;0.0
av_COFFEE_d4;37400;INTARIAN_PEPPER_ROOT;10365;16;10363;14;;;10378;17;10380;15;;;10371.5;0.0
av_COFFEE_d4;37500;ASH_COATED_OSMIUM;9911;19;9907;25;;;9917;7;9921;15;;;9914.0;0.0
av_COFFEE_d4;37500;INTARIAN_PEPPER_ROOT;10366;14;10362;17;;;10376;17;10380;12;;;10371.0;0.0
av_COFFEE_d4;37600;ASH_COATED_OSMIUM;9910;21;9908;15;;;9918;17;9922;18;;;9914.0;0.0
av_COFFEE_d4;37600;INTARIAN_PEPPER_ROOT;10368;17;10365;28;;;10376;18;10379;20;;;10372.0;0.0
av_COFFEE_d4;37700;ASH_COATED_OSMIUM;9911;16;9907;18;;;9917;15;9919;8;;;9914.0;0.0
av_COFFEE_d4;37700;INTARIAN_PEPPER_ROOT;10368;9;10366;18;;;10376;14;10379;16;;;10372.0;0.0
av_COFFEE_d4;37800;ASH_COATED_OSMIUM;9911;16;9908;16;;;9917;23;9921;8;;;9914.0;0.0
av_COFFEE_d4;37800;INTARIAN_PEPPER_ROOT;10370;18;10368;24;;;10376;17;10380;22;;;10373.0;0.0
av_COFFEE_d4;37900;ASH_COATED_OSMIUM;9900;19;9898;26;;;9928;16;9932;30;;;9914.0;0.0
av_COFFEE_d4;37900;INTARIAN_PEPPER_ROOT;10369;19;10366;15;;;10375;5;10378;19;;;10372.0;0.0
av_COFFEE_d4;38000;ASH_COATED_OSMIUM;9911;9;9908;13;;;9919;20;9922;14;;;9915.0;0.0
av_COFFEE_d4;38000;INTARIAN_PEPPER_ROOT;10370;16;10368;16;;;10376;18;10379;12;;;10373.0;0.0
av_COFFEE_d4;38100;ASH_COATED_OSMIUM;9911;12;9909;21;;;9917;11;9919;17;;;9914.0;0.0
av_COFFEE_d4;38100;INTARIAN_PEPPER_ROOT;10370;14;10368;20;;;10376;11;10379;15;;;10373.0;0.0
av_COFFEE_d4;38200;ASH_COATED_OSMIUM;9912;16;9908;18;;;9918;18;9922;24;;;9915.0;0.0
av_COFFEE_d4;38200;INTARIAN_PEPPER_ROOT;10371;16;10368;27;;;10377;11;10379;23;;;10374.0;0.0
av_COFFEE_d4;38300;ASH_COATED_OSMIUM;9910;21;9906;26;;;9920;15;9922;14;;;9915.0;0.0
av_COFFEE_d4;38300;INTARIAN_PEPPER_ROOT;10367;14;10363;22;;;10382;22;10385;12;;;10374.5;0.0
av_COFFEE_d4;38400;ASH_COATED_OSMIUM;9912;5;9910;16;;;9918;11;9920;20;;;9915.0;0.0
av_COFFEE_d4;38400;INTARIAN_PEPPER_ROOT;10369;9;10366;15;;;10380;20;10382;19;;;10374.5;0.0
av_COFFEE_d4;38500;ASH_COATED_OSMIUM;9908;20;9904;22;;;9921;19;9924;20;;;9914.5;0.0
av_COFFEE_d4;38500;INTARIAN_PEPPER_ROOT;10372;15;10369;21;;;10378;13;10382;29;;;10375.0;0.0
av_COFFEE_d4;38600;ASH_COATED_OSMIUM;9912;17;9909;19;;;9918;27;9922;20;;;9915.0;0.0
av_COFFEE_d4;38600;INTARIAN_PEPPER_ROOT;10371;5;10369;18;;;10379;21;10381;9;;;10375.0;0.0
av_COFFEE_d4;38700;ASH_COATED_OSMIUM;9911;11;9908;20;;;9920;21;9924;20;;;9915.5;0.0
av_COFFEE_d4;38700;INTARIAN_PEPPER_ROOT;10372;20;10368;11;;;10378;5;10380;26;;;10375.0;0.0
av_COFFEE_d4;38800;ASH_COATED_OSMIUM;9912;14;9909;25;;;9918;14;9922;12;;;9915.0;0.0
av_COFFEE_d4;38800;INTARIAN_PEPPER_ROOT;10371;24;10367;28;;;10380;18;10382;15;;;10375.5;0.0
av_COFFEE_d4;38900;ASH_COATED_OSMIUM;9913;16;9911;23;;;9919;26;9922;11;;;9916.0;0.0
av_COFFEE_d4;38900;INTARIAN_PEPPER_ROOT;10372;17;10368;18;;;10378;15;10381;21;;;10375.0;0.0
av_COFFEE_d4;39000;ASH_COATED_OSMIUM;9913;17;9910;24;;;9919;15;9922;24;;;9916.0;0.0
av_COFFEE_d4;39000;INTARIAN_PEPPER_ROOT;10366;26;10362;13;;;10384;16;10388;27;;;10375.0;0.0
av_COFFEE_d4;39100;ASH_COATED_OSMIUM;9913;13;9909;16;;;9919;15;9923;13;;;9916.0;0.0
av_COFFEE_d4;39100;INTARIAN_PEPPER_ROOT;10373;22;10369;23;;;10379;13;10383;18;;;10376.0;0.0
av_COFFEE_d4;39200;ASH_COATED_OSMIUM;9911;12;9909;21;;;9921;18;9924;16;;;9916.0;0.0
av_COFFEE_d4;39200;INTARIAN_PEPPER_ROOT;10374;11;10371;17;;;10380;10;10383;20;;;10377.0;0.0
av_COFFEE_d4;39300;ASH_COATED_OSMIUM;9908;17;9905;26;;;9922;15;9925;17;;;9915.0;0.0
av_COFFEE_d4;39300;INTARIAN_PEPPER_ROOT;10373;13;10371;20;;;10379;21;10382;17;;;10376.0;0.0
av_COFFEE_d4;39400;ASH_COATED_OSMIUM;9913;14;9910;22;;;9919;20;9922;17;;;9916.0;0.0
av_COFFEE_d4;39400;INTARIAN_PEPPER_ROOT;10373;17;10371;26;;;10379;14;10382;24;;;10376.0;0.0
av_COFFEE_d4;39500;ASH_COATED_OSMIUM;9913;18;9911;24;;;9921;15;9923;14;;;9917.0;0.0
av_COFFEE_d4;39500;INTARIAN_PEPPER_ROOT;10360;8;10358;9;;;10395;24;10398;32;;;10377.5;0.0
av_COFFEE_d4;39600;ASH_COATED_OSMIUM;9911;8;9908;16;;;9922;15;9925;23;;;9916.5;0.0
av_COFFEE_d4;39600;INTARIAN_PEPPER_ROOT;10375;19;10373;18;;;10381;8;10384;17;;;10378.0;0.0
av_COFFEE_d4;39700;ASH_COATED_OSMIUM;9912;11;9910;28;;;9921;20;9923;14;;;9916.5;0.0
av_COFFEE_d4;39700;INTARIAN_PEPPER_ROOT;10374;25;10370;23;;;10381;8;10384;20;;;10377.5;0.0
av_COFFEE_d4;39800;ASH_COATED_OSMIUM;9913;11;9910;19;;;9919;6;9921;30;;;9916.0;0.0
av_COFFEE_d4;39800;INTARIAN_PEPPER_ROOT;10370;17;10367;15;;;10385;27;10388;19;;;10377.5;0.0
av_COFFEE_d4;39900;ASH_COATED_OSMIUM;9914;16;9912;25;;;9920;11;9923;24;;;9917.0;0.0
av_COFFEE_d4;39900;INTARIAN_PEPPER_ROOT;10375;10;10373;22;;;10381;11;10385;13;;;10378.0;0.0
av_COFFEE_d4;40000;ASH_COATED_OSMIUM;9913;12;9909;21;;;9919;11;9921;15;;;9916.0;0.0
av_COFFEE_d4;40000;INTARIAN_PEPPER_ROOT;10369;20;10366;19;;;10389;14;10391;18;;;10379.0;0.0
av_COFFEE_d4;40100;ASH_COATED_OSMIUM;9911;14;9908;29;;;9924;20;9928;14;;;9917.5;0.0
av_COFFEE_d4;40100;INTARIAN_PEPPER_ROOT;10376;15;10372;27;;;10382;12;10386;24;;;10379.0;0.0
av_COFFEE_d4;40200;ASH_COATED_OSMIUM;9912;13;9910;21;;;9921;11;9925;24;;;9916.5;0.0
av_COFFEE_d4;40200;INTARIAN_PEPPER_ROOT;10366;21;10363;19;;;10393;14;10396;27;;;10379.5;0.0
av_COFFEE_d4;40300;ASH_COATED_OSMIUM;9913;16;9909;29;;;9921;16;9925;18;;;9917.0;0.0
av_COFFEE_d4;40300;INTARIAN_PEPPER_ROOT;10377;15;10374;22;;;10383;14;10387;20;;;10380.0;0.0
av_COFFEE_d4;40400;ASH_COATED_OSMIUM;9897;12;9895;14;;;9937;16;9941;18;;;9917.0;0.0
av_COFFEE_d4;40400;INTARIAN_PEPPER_ROOT;10376;15;10373;14;;;10382;11;10386;25;;;10379.0;0.0
av_COFFEE_d4;40500;ASH_COATED_OSMIUM;9914;13;9912;12;;;9920;12;9924;16;;;9917.0;0.0
av_COFFEE_d4;40500;INTARIAN_PEPPER_ROOT;10375;12;10372;12;;;10384;25;10387;12;;;10379.5;0.0
av_COFFEE_d4;40600;ASH_COATED_OSMIUM;9911;21;9907;15;;;9924;16;9926;26;;;9917.5;0.0
av_COFFEE_d4;40600;INTARIAN_PEPPER_ROOT;10367;13;10363;20;;;10393;19;10395;29;;;10380.0;0.0
av_COFFEE_d4;40700;ASH_COATED_OSMIUM;9915;14;9912;13;;;9921;15;9924;11;;;9918.0;0.0
av_COFFEE_d4;40700;INTARIAN_PEPPER_ROOT;10368;25;10366;23;;;10392;14;10395;15;;;10380.0;0.0
av_COFFEE_d4;40800;ASH_COATED_OSMIUM;9909;13;9907;23;;;9928;21;9932;20;;;9918.5;0.0
av_COFFEE_d4;40800;INTARIAN_PEPPER_ROOT;10377;13;10375;27;;;10385;15;10387;22;;;10381.0;0.0
av_COFFEE_d4;40900;ASH_COATED_OSMIUM;9915;15;9911;21;;;9921;17;9924;22;;;9918.0;0.0
av_COFFEE_d4;40900;INTARIAN_PEPPER_ROOT;10378;5;10374;18;;;10384;22;10387;19;;;10381.0;0.0
av_COFFEE_d4;41000;ASH_COATED_OSMIUM;9915;6;9912;26;;;9921;16;9924;23;;;9918.0;0.0
av_COFFEE_d4;41000;INTARIAN_PEPPER_ROOT;10373;15;10370;25;;;10390;9;10394;17;;;10381.5;0.0
av_COFFEE_d4;41100;ASH_COATED_OSMIUM;9915;10;9912;13;;;9921;21;9925;24;;;9918.0;0.0
av_COFFEE_d4;41100;INTARIAN_PEPPER_ROOT;10374;14;10371;11;;;10390;16;10392;24;;;10382.0;0.0
av_COFFEE_d4;41200;ASH_COATED_OSMIUM;9913;13;9911;24;;;9924;24;9926;18;;;9918.5;0.0
av_COFFEE_d4;41200;INTARIAN_PEPPER_ROOT;10379;11;10377;21;;;10385;20;10387;12;;;10382.0;0.0
av_COFFEE_d4;41300;ASH_COATED_OSMIUM;9915;17;9912;15;;;9921;5;9925;19;;;9918.0;0.0
av_COFFEE_d4;41300;INTARIAN_PEPPER_ROOT;10380;18;10377;24;;;10386;18;10389;18;;;10383.0;0.0
av_COFFEE_d4;41400;ASH_COATED_OSMIUM;9912;19;9909;23;;;9925;16;9929;22;;;9918.5;0.0
av_COFFEE_d4;41400;INTARIAN_PEPPER_ROOT;10380;17;10377;21;;;10386;19;10390;22;;;10383.0;0.0
av_COFFEE_d4;41500;ASH_COATED_OSMIUM;9909;11;9907;23;;;9928;20;9931;13;;;9918.5;0.0
av_COFFEE_d4;41500;INTARIAN_PEPPER_ROOT;10380;13;10378;8;;;10386;15;10389;27;;;10383.0;0.0
av_COFFEE_d4;41600;ASH_COATED_OSMIUM;9916;14;9913;25;;;9922;16;9925;16;;;9919.0;0.0
av_COFFEE_d4;41600;INTARIAN_PEPPER_ROOT;10380;17;10376;35;;;10386;17;10388;30;;;10383.0;0.0
av_COFFEE_d4;41700;ASH_COATED_OSMIUM;9914;9;9912;19;;;9924;6;9926;17;;;9919.0;0.0
av_COFFEE_d4;41700;INTARIAN_PEPPER_ROOT;10380;23;10376;19;;;10386;10;10388;22;;;10383.0;0.0
av_COFFEE_d4;41800;ASH_COATED_OSMIUM;9907;10;9904;25;;;9930;17;9934;22;;;9918.5;0.0
av_COFFEE_d4;41800;INTARIAN_PEPPER_ROOT;10376;13;10374;19;;;10391;11;10393;31;;;10383.5;0.0
av_COFFEE_d4;41900;ASH_COATED_OSMIUM;9915;13;9911;26;;;9923;10;9925;19;;;9919.0;0.0
av_COFFEE_d4;41900;INTARIAN_PEPPER_ROOT;10381;10;10377;28;;;10387;14;10390;15;;;10384.0;0.0
av_COFFEE_d4;42000;ASH_COATED_OSMIUM;9910;17;9908;16;;;9928;20;9932;12;;;9919.0;0.0
av_COFFEE_d4;42000;INTARIAN_PEPPER_ROOT;10381;17;10377;20;;;10387;19;10390;24;;;10384.0;0.0
av_COFFEE_d4;42100;ASH_COATED_OSMIUM;9914;12;9911;24;;;9924;21;9926;20;;;9919.0;0.0
av_COFFEE_d4;42100;INTARIAN_PEPPER_ROOT;10381;11;10379;16;;;10388;30;10391;25;;;10384.5;0.0
av_COFFEE_d4;42200;ASH_COATED_OSMIUM;9916;6;9912;32;;;9922;13;9925;20;;;9919.0;0.0
av_COFFEE_d4;42200;INTARIAN_PEPPER_ROOT;10379;15;10375;16;;;10391;14;10394;24;;;10385.0;0.0
av_COFFEE_d4;42300;ASH_COATED_OSMIUM;9914;10;9912;21;;;9925;13;9928;15;;;9919.5;0.0
av_COFFEE_d4;42300;INTARIAN_PEPPER_ROOT;10374;19;10370;26;;;10396;14;10400;16;;;10385.0;0.0
av_COFFEE_d4;42400;ASH_COATED_OSMIUM;9916;13;9913;18;;;9922;9;9925;10;;;9919.0;0.0
av_COFFEE_d4;42400;INTARIAN_PEPPER_ROOT;10381;24;10378;25;;;10389;10;10392;22;;;10385.0;0.0
av_COFFEE_d4;42500;ASH_COATED_OSMIUM;9914;20;9910;17;;;9924;16;9927;15;;;9919.0;0.0
av_COFFEE_d4;42500;INTARIAN_PEPPER_ROOT;10381;19;10379;18;;;10391;11;10394;20;;;10386.0;0.0
av_COFFEE_d4;42600;ASH_COATED_OSMIUM;9917;16;9913;10;;;9923;12;9925;22;;;9920.0;0.0
av_COFFEE_d4;42600;INTARIAN_PEPPER_ROOT;10383;11;10380;17;;;10389;17;10392;27;;;10386.0;0.0
av_COFFEE_d4;42700;ASH_COATED_OSMIUM;9917;12;9914;16;;;9923;7;9926;13;;;9920.0;0.0
av_COFFEE_d4;42700;INTARIAN_PEPPER_ROOT;10372;18;10369;15;;;10400;7;10404;22;;;10386.0;0.0
av_COFFEE_d4;42800;ASH_COATED_OSMIUM;9917;17;9915;15;;;9923;13;9925;16;;;9920.0;0.0
av_COFFEE_d4;42800;INTARIAN_PEPPER_ROOT;10375;9;10371;30;;;10397;24;10401;19;;;10386.0;0.0
av_COFFEE_d4;42900;ASH_COATED_OSMIUM;9917;19;9915;19;;;9923;17;9926;16;;;9920.0;0.0
av_COFFEE_d4;42900;INTARIAN_PEPPER_ROOT;10376;18;10374;22;;;10397;6;10400;20;;;10386.5;0.0
av_COFFEE_d4;43000;ASH_COATED_OSMIUM;9917;17;9913;19;;;9923;17;9925;20;;;9920.0;0.0
av_COFFEE_d4;43000;INTARIAN_PEPPER_ROOT;10377;6;10374;17;;;10397;12;10401;15;;;10387.0;0.0
av_COFFEE_d4;43100;ASH_COATED_OSMIUM;9917;10;9913;19;;;9923;5;9926;34;;;9920.0;0.0
av_COFFEE_d4;43100;INTARIAN_PEPPER_ROOT;10384;14;10382;15;;;10390;12;10394;12;;;10387.0;0.0
av_COFFEE_d4;43200;ASH_COATED_OSMIUM;9918;20;9916;20;;;9924;13;9926;15;;;9921.0;0.0
av_COFFEE_d4;43200;INTARIAN_PEPPER_ROOT;10375;15;10373;17;;;10400;11;10404;13;;;10387.5;0.0
av_COFFEE_d4;43300;ASH_COATED_OSMIUM;9918;13;9915;15;;;9924;22;9926;22;;;9921.0;0.0
av_COFFEE_d4;43300;INTARIAN_PEPPER_ROOT;10383;10;10380;27;;;10393;11;10395;18;;;10388.0;0.0
av_COFFEE_d4;43400;ASH_COATED_OSMIUM;9918;17;9914;32;;;9924;12;9927;14;;;9921.0;0.0
av_COFFEE_d4;43400;INTARIAN_PEPPER_ROOT;10382;22;10379;15;;;10394;15;10396;15;;;10388.0;0.0
av_COFFEE_d4;43500;ASH_COATED_OSMIUM;9916;16;9912;26;;;9926;12;9928;17;;;9921.0;0.0
av_COFFEE_d4;43500;INTARIAN_PEPPER_ROOT;10384;14;10381;22;;;10392;11;10395;18;;;10388.0;0.0
av_COFFEE_d4;43600;ASH_COATED_OSMIUM;9918;6;9916;20;;;9924;9;9926;9;;;9921.0;0.0
av_COFFEE_d4;43600;INTARIAN_PEPPER_ROOT;10385;23;10383;34;;;10391;15;10395;20;;;10388.0;0.0
av_COFFEE_d4;43700;ASH_COATED_OSMIUM;9918;9;9915;15;;;9924;26;9928;13;;;9921.0;0.0
av_COFFEE_d4;43700;INTARIAN_PEPPER_ROOT;10386;15;10383;14;;;10392;13;10394;27;;;10389.0;0.0
av_COFFEE_d4;43800;ASH_COATED_OSMIUM;9918;22;9916;26;;;9924;20;9927;20;;;9921.0;0.0
av_COFFEE_d4;43800;INTARIAN_PEPPER_ROOT;10386;20;10382;28;;;10392;15;10394;19;;;10389.0;0.0
av_COFFEE_d4;43900;ASH_COATED_OSMIUM;9915;18;9912;30;;;9928;16;9931;23;;;9921.5;0.0
av_COFFEE_d4;43900;INTARIAN_PEPPER_ROOT;10386;17;10383;17;;;10392;8;10396;27;;;10389.0;0.0
av_COFFEE_d4;44000;ASH_COATED_OSMIUM;9916;20;9913;18;;;9927;22;9931;17;;;9921.5;0.0
av_COFFEE_d4;44000;INTARIAN_PEPPER_ROOT;10386;11;10383;30;;;10392;16;10396;20;;;10389.0;0.0
av_COFFEE_d4;44100;ASH_COATED_OSMIUM;9917;15;9915;19;;;9927;16;9930;20;;;9922.0;0.0
av_COFFEE_d4;44100;INTARIAN_PEPPER_ROOT;10387;21;10383;17;;;10393;12;10397;22;;;10390.0;0.0
av_COFFEE_d4;44200;ASH_COATED_OSMIUM;9919;9;9917;27;;;9926;13;9928;13;;;9922.5;0.0
av_COFFEE_d4;44200;INTARIAN_PEPPER_ROOT;10387;9;10385;22;;;10393;20;10397;15;;;10390.0;0.0
av_COFFEE_d4;44300;ASH_COATED_OSMIUM;9919;12;9917;13;;;9925;18;9928;15;;;9922.0;0.0
av_COFFEE_d4;44300;INTARIAN_PEPPER_ROOT;10388;21;10386;9;;;10394;15;10397;17;;;10391.0;0.0
av_COFFEE_d4;44400;ASH_COATED_OSMIUM;9919;18;9916;18;;;9925;22;9927;10;;;9922.0;0.0
av_COFFEE_d4;44400;INTARIAN_PEPPER_ROOT;10388;16;10386;20;;;10394;13;10398;20;;;10391.0;0.0
av_COFFEE_d4;44500;ASH_COATED_OSMIUM;9919;19;9915;14;;;9925;20;9928;21;;;9922.0;0.0
av_COFFEE_d4;44500;INTARIAN_PEPPER_ROOT;10385;12;10381;27;;;10398;15;10401;21;;;10391.5;0.0
av_COFFEE_d4;44600;ASH_COATED_OSMIUM;9917;18;9915;9;;;9929;14;9933;25;;;9923.0;0.0
av_COFFEE_d4;44600;INTARIAN_PEPPER_ROOT;10385;13;10383;17;;;10396;16;10400;28;;;10390.5;0.0
av_COFFEE_d4;44700;ASH_COATED_OSMIUM;9919;14;9916;27;;;9925;12;9929;25;;;9922.0;0.0
av_COFFEE_d4;44700;INTARIAN_PEPPER_ROOT;10388;6;10384;15;;;10394;24;10396;15;;;10391.0;0.0
av_COFFEE_d4;44800;ASH_COATED_OSMIUM;9920;14;9917;20;;;9926;19;9930;24;;;9923.0;0.0
av_COFFEE_d4;44800;INTARIAN_PEPPER_ROOT;10385;15;10382;23;;;10399;16;10401;20;;;10392.0;0.0
av_COFFEE_d4;44900;ASH_COATED_OSMIUM;9919;15;9916;27;;;9925;12;9928;22;;;9922.0;0.0
av_COFFEE_d4;44900;INTARIAN_PEPPER_ROOT;10389;22;10386;21;;;10395;5;10398;15;;;10392.0;0.0
av_COFFEE_d4;45000;ASH_COATED_OSMIUM;9915;20;9911;19;;;9932;13;9936;19;;;9923.5;0.0
av_COFFEE_d4;45000;INTARIAN_PEPPER_ROOT;10390;21;10386;14;;;10396;8;10398;14;;;10393.0;0.0
av_COFFEE_d4;45100;ASH_COATED_OSMIUM;9919;15;9915;19;;;9925;14;9928;25;;;9922.0;0.0
av_COFFEE_d4;45100;INTARIAN_PEPPER_ROOT;10389;9;10385;13;;;10395;9;10398;22;;;10392.0;0.0
av_COFFEE_d4;45200;ASH_COATED_OSMIUM;9919;11;9915;25;;;9927;18;9930;19;;;9923.0;0.0
av_COFFEE_d4;45200;INTARIAN_PEPPER_ROOT;10372;14;10370;18;;;10414;9;10416;18;;;10393.0;0.0
av_COFFEE_d4;45300;ASH_COATED_OSMIUM;9920;18;9918;27;;;9926;15;9930;14;;;9923.0;0.0
av_COFFEE_d4;45300;INTARIAN_PEPPER_ROOT;10391;17;10387;17;;;10397;11;10400;20;;;10394.0;0.0
av_COFFEE_d4;45400;ASH_COATED_OSMIUM;9918;18;9916;22;;;9928;18;9930;18;;;9923.0;0.0
av_COFFEE_d4;45400;INTARIAN_PEPPER_ROOT;10387;20;10383;19;;;10399;19;10403;16;;;10393.0;0.0
av_COFFEE_d4;45500;ASH_COATED_OSMIUM;9920;9;9916;14;;;9926;21;9928;23;;;9923.0;0.0
av_COFFEE_d4;45500;INTARIAN_PEPPER_ROOT;10391;19;10387;21;;;10397;11;10401;15;;;10394.0;0.0
av_COFFEE_d4;45600;ASH_COATED_OSMIUM;9921;11;9917;17;;;9927;16;9931;21;;;9924.0;0.0
av_COFFEE_d4;45600;INTARIAN_PEPPER_ROOT;10382;16;10380;18;;;10406;17;10409;11;;;10394.0;0.0
av_COFFEE_d4;45700;ASH_COATED_OSMIUM;9915;12;9912;19;;;9932;13;9936;27;;;9923.5;0.0
av_COFFEE_d4;45700;INTARIAN_PEPPER_ROOT;10391;15;10387;15;;;10398;19;10401;12;;;10394.5;0.0
av_COFFEE_d4;45800;ASH_COATED_OSMIUM;9917;13;9915;20;;;9930;17;9933;23;;;9923.5;0.0
av_COFFEE_d4;45800;INTARIAN_PEPPER_ROOT;10392;17;10388;20;;;10398;17;10401;19;;;10395.0;0.0
av_COFFEE_d4;45900;ASH_COATED_OSMIUM;9921;10;9917;16;;;9927;18;9930;18;;;9924.0;0.0
av_COFFEE_d4;45900;INTARIAN_PEPPER_ROOT;10390;15;10387;26;;;10401;26;10403;22;;;10395.5;0.0
av_COFFEE_d4;46000;ASH_COATED_OSMIUM;9921;19;9917;21;;;9927;20;9930;30;;;9924.0;0.0
av_COFFEE_d4;46000;INTARIAN_PEPPER_ROOT;10389;18;10385;13;;;10401;11;10404;24;;;10395.0;0.0
av_COFFEE_d4;46100;ASH_COATED_OSMIUM;9920;19;9917;21;;;9927;12;9931;22;;;9923.5;0.0
av_COFFEE_d4;46100;INTARIAN_PEPPER_ROOT;10392;15;10390;20;;;10398;5;10402;25;;;10395.0;0.0
av_COFFEE_d4;46200;ASH_COATED_OSMIUM;9921;5;9919;15;;;9927;18;9930;16;;;9924.0;0.0
av_COFFEE_d4;46200;INTARIAN_PEPPER_ROOT;10388;11;10386;17;;;10403;21;10406;23;;;10395.5;0.0
av_COFFEE_d4;46300;ASH_COATED_OSMIUM;9921;22;9919;14;;;9927;14;9929;21;;;9924.0;0.0
av_COFFEE_d4;46300;INTARIAN_PEPPER_ROOT;10393;10;10389;19;;;10399;23;10402;20;;;10396.0;0.0
av_COFFEE_d4;46400;ASH_COATED_OSMIUM;9921;9;9919;19;;;9927;19;9931;11;;;9924.0;0.0
av_COFFEE_d4;46400;INTARIAN_PEPPER_ROOT;10393;15;10390;18;;;10399;25;10402;20;;;10396.0;0.0
av_COFFEE_d4;46500;ASH_COATED_OSMIUM;9922;17;9918;24;;;9928;20;9930;18;;;9925.0;0.0
av_COFFEE_d4;46500;INTARIAN_PEPPER_ROOT;10394;18;10391;24;;;10400;25;10404;26;;;10397.0;0.0
av_COFFEE_d4;46600;ASH_COATED_OSMIUM;9922;21;9919;17;;;9928;19;9930;19;;;9925.0;0.0
av_COFFEE_d4;46600;INTARIAN_PEPPER_ROOT;10392;20;10390;11;;;10400;8;10403;21;;;10396.0;0.0
av_COFFEE_d4;46700;ASH_COATED_OSMIUM;9920;26;9917;21;;;9930;6;9933;22;;;9925.0;0.0
av_COFFEE_d4;46700;INTARIAN_PEPPER_ROOT;10388;14;10386;20;;;10407;15;10411;21;;;10397.5;0.0
av_COFFEE_d4;46800;ASH_COATED_OSMIUM;9921;9;9919;21;;;9927;20;9931;14;;;9924.0;0.0
av_COFFEE_d4;46800;INTARIAN_PEPPER_ROOT;10394;13;10390;18;;;10400;13;10403;18;;;10397.0;0.0
av_COFFEE_d4;46900;ASH_COATED_OSMIUM;9922;9;9920;22;;;9928;21;9930;27;;;9925.0;0.0
av_COFFEE_d4;46900;INTARIAN_PEPPER_ROOT;10378;14;10375;21;;;10418;7;10421;23;;;10398.0;0.0
av_COFFEE_d4;47000;ASH_COATED_OSMIUM;9922;5;9919;13;;;9928;5;9930;20;;;9925.0;0.0
av_COFFEE_d4;47000;INTARIAN_PEPPER_ROOT;10395;11;10391;19;;;10401;13;10405;20;;;10398.0;0.0
av_COFFEE_d4;47100;ASH_COATED_OSMIUM;9922;18;9919;21;;;9928;11;9930;15;;;9925.0;0.0
av_COFFEE_d4;47100;INTARIAN_PEPPER_ROOT;10393;12;10390;21;;;10403;7;10405;20;;;10398.0;0.0
av_COFFEE_d4;47200;ASH_COATED_OSMIUM;9920;10;9916;21;;;9931;13;9935;21;;;9925.5;0.0
av_COFFEE_d4;47200;INTARIAN_PEPPER_ROOT;10386;22;10384;22;;;10410;25;10412;16;;;10398.0;0.0
av_COFFEE_d4;47300;ASH_COATED_OSMIUM;9920;14;9917;17;;;9931;11;9935;12;;;9925.5;0.0
av_COFFEE_d4;47300;INTARIAN_PEPPER_ROOT;10396;17;10394;16;;;10402;9;10404;26;;;10399.0;0.0
av_COFFEE_d4;47400;ASH_COATED_OSMIUM;9922;12;9918;20;;;9931;24;9933;29;;;9926.5;0.0
av_COFFEE_d4;47400;INTARIAN_PEPPER_ROOT;10396;16;10392;15;;;10402;26;10406;18;;;10399.0;0.0
av_COFFEE_d4;47500;ASH_COATED_OSMIUM;9922;26;9918;16;;;9929;21;9932;18;;;9925.5;0.0
av_COFFEE_d4;47500;INTARIAN_PEPPER_ROOT;10397;17;10394;16;;;10403;15;10405;19;;;10400.0;0.0
av_COFFEE_d4;47600;ASH_COATED_OSMIUM;9923;13;9919;23;;;9929;11;9933;22;;;9926.0;0.0
av_COFFEE_d4;47600;INTARIAN_PEPPER_ROOT;10397;14;10394;19;;;10403;10;10405;20;;;10400.0;0.0
av_COFFEE_d4;47700;ASH_COATED_OSMIUM;9923;16;9920;19;;;9929;5;9933;19;;;9926.0;0.0
av_COFFEE_d4;47700;INTARIAN_PEPPER_ROOT;10397;17;10394;18;;;10403;13;10406;21;;;10400.0;0.0
av_COFFEE_d4;47800;ASH_COATED_OSMIUM;9923;10;9919;16;;;9929;10;9931;16;;;9926.0;0.0
av_COFFEE_d4;47800;INTARIAN_PEPPER_ROOT;10387;16;10384;20;;;10414;5;10418;19;;;10400.5;0.0
av_COFFEE_d4;47900;ASH_COATED_OSMIUM;9923;18;9919;22;;;9929;10;9931;19;;;9926.0;0.0
av_COFFEE_d4;47900;INTARIAN_PEPPER_ROOT;10397;19;10393;15;;;10403;14;10406;15;;;10400.0;0.0
av_COFFEE_d4;48000;ASH_COATED_OSMIUM;9924;12;9920;20;;;9930;25;9934;15;;;9927.0;0.0
av_COFFEE_d4;48000;INTARIAN_PEPPER_ROOT;10397;9;10395;10;;;10403;17;10405;18;;;10400.0;0.0
av_COFFEE_d4;48100;ASH_COATED_OSMIUM;9913;13;9911;17;;;9941;22;9944;16;;;9927.0;0.0
av_COFFEE_d4;48100;INTARIAN_PEPPER_ROOT;10398;13;10396;24;;;10404;16;10408;27;;;10401.0;0.0
av_COFFEE_d4;48200;ASH_COATED_OSMIUM;9923;10;9921;26;;;9929;18;9931;18;;;9926.0;0.0
av_COFFEE_d4;48200;INTARIAN_PEPPER_ROOT;10398;6;10395;22;;;10404;21;10407;16;;;10401.0;0.0
av_COFFEE_d4;48300;ASH_COATED_OSMIUM;9919;22;9917;14;;;9935;15;9939;9;;;9927.0;0.0
av_COFFEE_d4;48300;INTARIAN_PEPPER_ROOT;10394;13;10391;22;;;10411;20;10413;17;;;10402.5;0.0
av_COFFEE_d4;48400;ASH_COATED_OSMIUM;9923;12;9920;22;;;9932;18;9935;22;;;9927.5;0.0
av_COFFEE_d4;48400;INTARIAN_PEPPER_ROOT;10394;9;10392;24;;;10409;11;10411;10;;;10401.5;0.0
av_COFFEE_d4;48500;ASH_COATED_OSMIUM;9924;9;9920;18;;;9930;22;9934;21;;;9927.0;0.0
av_COFFEE_d4;48500;INTARIAN_PEPPER_ROOT;10399;15;10396;22;;;10405;17;10408;16;;;10402.0;0.0
av_COFFEE_d4;48600;ASH_COATED_OSMIUM;9924;18;9922;21;;;9930;16;9932;25;;;9927.0;0.0
av_COFFEE_d4;48600;INTARIAN_PEPPER_ROOT;10400;17;10396;21;;;10406;12;10410;16;;;10403.0;0.0
av_COFFEE_d4;48700;ASH_COATED_OSMIUM;9924;17;9922;24;;;9930;13;9934;18;;;9927.0;0.0
av_COFFEE_d4;48700;INTARIAN_PEPPER_ROOT;10400;19;10398;16;;;10406;13;10409;14;;;10403.0;0.0
av_COFFEE_d4;48800;ASH_COATED_OSMIUM;9924;21;9920;23;;;9930;17;9934;19;;;9927.0;0.0
av_COFFEE_d4;48800;INTARIAN_PEPPER_ROOT;10396;21;10392;19;;;10411;13;10413;16;;;10403.5;0.0
av_COFFEE_d4;48900;ASH_COATED_OSMIUM;9924;8;9921;13;;;9930;26;9932;22;;;9927.0;0.0
av_COFFEE_d4;48900;INTARIAN_PEPPER_ROOT;10396;20;10394;18;;;10410;20;10413;19;;;10403.0;0.0
av_COFFEE_d4;49000;ASH_COATED_OSMIUM;9920;14;9917;22;;;9935;11;9937;15;;;9927.5;0.0
av_COFFEE_d4;49000;INTARIAN_PEPPER_ROOT;10400;12;10398;17;;;10407;11;10409;21;;;10403.5;0.0
av_COFFEE_d4;49100;ASH_COATED_OSMIUM;9909;14;9906;21;;;9947;19;9951;21;;;9928.0;0.0
av_COFFEE_d4;49100;INTARIAN_PEPPER_ROOT;10401;15;10398;25;;;10407;14;10410;19;;;10404.0;0.0
av_COFFEE_d4;49200;ASH_COATED_OSMIUM;9923;20;9919;19;;;9932;17;9936;15;;;9927.5;0.0
av_COFFEE_d4;49200;INTARIAN_PEPPER_ROOT;10401;12;10398;28;;;10407;19;10411;18;;;10404.0;0.0
av_COFFEE_d4;49300;ASH_COATED_OSMIUM;9925;20;9923;14;;;9931;11;9933;22;;;9928.0;0.0
av_COFFEE_d4;49300;INTARIAN_PEPPER_ROOT;10397;22;10395;27;;;10412;12;10416;23;;;10404.5;0.0
av_COFFEE_d4;49400;ASH_COATED_OSMIUM;9922;7;9919;17;;;9934;14;9937;20;;;9928.0;0.0
av_COFFEE_d4;49400;INTARIAN_PEPPER_ROOT;10401;16;10399;14;;;10407;24;10410;22;;;10404.0;0.0
av_COFFEE_d4;49500;ASH_COATED_OSMIUM;9924;16;9920;22;;;9933;26;9937;21;;;9928.5;0.0
av_COFFEE_d4;49500;INTARIAN_PEPPER_ROOT;10398;11;10395;25;;;10412;20;10414;21;;;10405.0;0.0
av_COFFEE_d4;49600;ASH_COATED_OSMIUM;9926;8;9924;13;;;9932;9;9934;29;;;9929.0;0.0
av_COFFEE_d4;49600;INTARIAN_PEPPER_ROOT;10402;19;10399;18;;;10408;27;10410;19;;;10405.0;0.0
av_COFFEE_d4;49700;ASH_COATED_OSMIUM;9925;16;9923;16;;;9931;20;9933;17;;;9928.0;0.0
av_COFFEE_d4;49700;INTARIAN_PEPPER_ROOT;10403;20;10399;16;;;10410;16;10413;27;;;10406.5;0.0
av_COFFEE_d4;49800;ASH_COATED_OSMIUM;9925;14;9921;23;;;9933;12;9936;23;;;9929.0;0.0
av_COFFEE_d4;49800;INTARIAN_PEPPER_ROOT;10403;12;10400;13;;;10409;14;10412;21;;;10406.0;0.0
av_COFFEE_d4;49900;ASH_COATED_OSMIUM;9916;20;9913;17;;;9942;16;9944;9;;;9929.0;0.0
av_COFFEE_d4;49900;INTARIAN_PEPPER_ROOT;10398;23;10395;15;;;10415;12;10419;10;;;10406.5;0.0
av_COFFEE_d4;50000;ASH_COATED_OSMIUM;9926;18;9922;19;;;9932;19;9936;24;;;9929.0;0.0
av_COFFEE_d4;50000;INTARIAN_PEPPER_ROOT;10401;11;10398;24;;;10412;29;10415;18;;;10406.5;0.0
av_COFFEE_d4;50100;ASH_COATED_OSMIUM;9926;15;9922;20;;;9932;18;9934;17;;;9929.0;0.0
av_COFFEE_d4;50100;INTARIAN_PEPPER_ROOT;10404;11;10402;25;;;10410;20;10413;26;;;10407.0;0.0
av_COFFEE_d4;50200;ASH_COATED_OSMIUM;9926;9;9922;16;;;9932;16;9934;26;;;9929.0;0.0
av_COFFEE_d4;50200;INTARIAN_PEPPER_ROOT;10404;28;10402;24;;;10410;18;10412;20;;;10407.0;0.0
av_COFFEE_d4;50300;ASH_COATED_OSMIUM;9926;14;9922;24;;;9932;15;9935;10;;;9929.0;0.0
av_COFFEE_d4;50300;INTARIAN_PEPPER_ROOT;10404;13;10400;22;;;10410;9;10413;22;;;10407.0;0.0
av_COFFEE_d4;50400;ASH_COATED_OSMIUM;9927;8;9924;23;;;9933;12;9935;27;;;9930.0;0.0
av_COFFEE_d4;50400;INTARIAN_PEPPER_ROOT;10402;19;10400;14;;;10414;13;10416;26;;;10408.0;0.0
av_COFFEE_d4;50500;ASH_COATED_OSMIUM;9926;12;9924;13;;;9932;9;9934;24;;;9929.0;0.0
av_COFFEE_d4;50500;INTARIAN_PEPPER_ROOT;10405;14;10401;17;;;10411;26;10414;13;;;10408.0;0.0
av_COFFEE_d4;50600;ASH_COATED_OSMIUM;9921;13;9917;14;;;9938;10;9942;15;;;9929.5;0.0
av_COFFEE_d4;50600;INTARIAN_PEPPER_ROOT;10404;15;10402;23;;;10413;11;10415;21;;;10408.5;0.0
av_COFFEE_d4;50700;ASH_COATED_OSMIUM;9926;14;9923;19;;;9932;5;9935;23;;;9929.0;0.0
av_COFFEE_d4;50700;INTARIAN_PEPPER_ROOT;10405;5;10402;17;;;10413;15;10416;21;;;10409.0;0.0
av_COFFEE_d4;50800;ASH_COATED_OSMIUM;9927;20;9923;16;;;9933;18;9935;22;;;9930.0;0.0
av_COFFEE_d4;50800;INTARIAN_PEPPER_ROOT;10405;16;10403;23;;;10412;17;10415;20;;;10408.5;0.0
av_COFFEE_d4;50900;ASH_COATED_OSMIUM;9926;21;9923;19;;;9932;17;9936;22;;;9929.0;0.0
av_COFFEE_d4;50900;INTARIAN_PEPPER_ROOT;10405;10;10403;26;;;10411;17;10414;32;;;10408.0;0.0
av_COFFEE_d4;51000;ASH_COATED_OSMIUM;9927;9;9925;21;;;9933;17;9936;20;;;9930.0;0.0
av_COFFEE_d4;51000;INTARIAN_PEPPER_ROOT;10403;14;10400;16;;;10412;25;10415;18;;;10407.5;0.0
av_COFFEE_d4;51100;ASH_COATED_OSMIUM;9924;17;9920;21;;;9936;22;9940;18;;;9930.0;0.0
av_COFFEE_d4;51100;INTARIAN_PEPPER_ROOT;10400;17;10397;31;;;10412;16;10416;13;;;10406.0;0.0
av_COFFEE_d4;51200;ASH_COATED_OSMIUM;9927;9;9924;18;;;9934;22;9938;12;;;9930.5;0.0
av_COFFEE_d4;51200;INTARIAN_PEPPER_ROOT;10401;19;10398;17;;;10409;15;10413;19;;;10405.0;0.0
av_COFFEE_d4;51300;ASH_COATED_OSMIUM;9919;14;9916;13;;;9942;24;9944;26;;;9930.5;0.0
av_COFFEE_d4;51300;INTARIAN_PEPPER_ROOT;10397;5;10395;26;;;10412;11;10415;8;;;10404.5;0.0
av_COFFEE_d4;51400;ASH_COATED_OSMIUM;9927;21;9925;20;;;9933;17;9937;13;;;9930.0;0.0
av_COFFEE_d4;51400;INTARIAN_PEPPER_ROOT;10401;16;10397;17;;;10407;12;10411;21;;;10404.0;0.0
av_COFFEE_d4;51500;ASH_COATED_OSMIUM;9926;21;9923;24;;;9932;6;9934;23;;;9929.0;0.0
av_COFFEE_d4;51500;INTARIAN_PEPPER_ROOT;10400;13;10396;14;;;10406;24;10408;16;;;10403.0;0.0
av_COFFEE_d4;51600;ASH_COATED_OSMIUM;9924;10;9920;22;;;9937;14;9939;15;;;9930.5;0.0
av_COFFEE_d4;51600;INTARIAN_PEPPER_ROOT;10398;7;10395;19;;;10406;17;10408;17;;;10402.0;0.0
av_COFFEE_d4;51700;ASH_COATED_OSMIUM;9927;9;9924;27;;;9933;5;9935;25;;;9930.0;0.0
av_COFFEE_d4;51700;INTARIAN_PEPPER_ROOT;10392;15;10390;15;;;10410;14;10414;24;;;10401.0;0.0
av_COFFEE_d4;51800;ASH_COATED_OSMIUM;9927;22;9925;23;;;9933;12;9936;27;;;9930.0;0.0
av_COFFEE_d4;51800;INTARIAN_PEPPER_ROOT;10398;23;10396;21;;;10404;17;10408;14;;;10401.0;0.0
av_COFFEE_d4;51900;ASH_COATED_OSMIUM;9927;23;9923;22;;;9933;17;9937;15;;;9930.0;0.0
av_COFFEE_d4;51900;INTARIAN_PEPPER_ROOT;10394;15;10390;26;;;10404;22;10408;19;;;10399.0;0.0
av_COFFEE_d4;52000;ASH_COATED_OSMIUM;9924;11;9920;19;;;9935;24;9937;20;;;9929.5;0.0
av_COFFEE_d4;52000;INTARIAN_PEPPER_ROOT;10391;23;10389;32;;;10406;8;10409;18;;;10398.5;0.0
av_COFFEE_d4;52100;ASH_COATED_OSMIUM;9926;5;9924;18;;;9935;21;9938;25;;;9930.5;0.0
av_COFFEE_d4;52100;INTARIAN_PEPPER_ROOT;10395;5;10393;21;;;10401;12;10403;24;;;10398.0;0.0
av_COFFEE_d4;52200;ASH_COATED_OSMIUM;9927;26;9923;20;;;9933;16;9937;15;;;9930.0;0.0
av_COFFEE_d4;52200;INTARIAN_PEPPER_ROOT;10393;6;10390;18;;;10400;16;10404;19;;;10396.5;0.0
av_COFFEE_d4;52300;ASH_COATED_OSMIUM;9927;16;9923;19;;;9933;12;9935;17;;;9930.0;0.0
av_COFFEE_d4;52300;INTARIAN_PEPPER_ROOT;10393;12;10390;19;;;10399;22;10401;14;;;10396.0;0.0
av_COFFEE_d4;52400;ASH_COATED_OSMIUM;9928;17;9925;16;;;9934;8;9936;19;;;9931.0;0.0
av_COFFEE_d4;52400;INTARIAN_PEPPER_ROOT;10392;19;10390;25;;;10398;12;10401;24;;;10395.0;0.0
av_COFFEE_d4;52500;ASH_COATED_OSMIUM;9924;18;9921;11;;;9938;13;9941;21;;;9931.0;0.0
av_COFFEE_d4;52500;INTARIAN_PEPPER_ROOT;10391;12;10388;11;;;10397;11;10400;14;;;10394.0;0.0
av_COFFEE_d4;52600;ASH_COATED_OSMIUM;9927;9;9925;19;;;9933;25;9935;29;;;9930.0;0.0
av_COFFEE_d4;52600;INTARIAN_PEPPER_ROOT;10391;10;10387;22;;;10397;21;10399;24;;;10394.0;0.0
av_COFFEE_d4;52700;ASH_COATED_OSMIUM;9926;24;9924;19;;;9934;12;9937;20;;;9930.0;0.0
av_COFFEE_d4;52700;INTARIAN_PEPPER_ROOT;10390;7;10387;17;;;10396;14;10398;14;;;10393.0;0.0
av_COFFEE_d4;52800;ASH_COATED_OSMIUM;9919;27;9915;15;;;9943;14;9946;17;;;9931.0;0.0
av_COFFEE_d4;52800;INTARIAN_PEPPER_ROOT;10389;15;10385;18;;;10395;19;10399;13;;;10392.0;0.0
av_COFFEE_d4;52900;ASH_COATED_OSMIUM;9928;13;9926;24;;;9934;9;9936;26;;;9931.0;0.0
av_COFFEE_d4;52900;INTARIAN_PEPPER_ROOT;10388;18;10386;11;;;10394;10;10397;21;;;10391.0;0.0
av_COFFEE_d4;53000;ASH_COATED_OSMIUM;9928;16;9924;23;;;9934;18;9937;16;;;9931.0;0.0
av_COFFEE_d4;53000;INTARIAN_PEPPER_ROOT;10387;16;10385;14;;;10393;25;10397;19;;;10390.0;0.0
av_COFFEE_d4;53100;ASH_COATED_OSMIUM;9924;17;9921;21;;;9936;9;9940;16;;;9930.0;0.0
av_COFFEE_d4;53100;INTARIAN_PEPPER_ROOT;10385;11;10383;22;;;10395;28;10397;19;;;10390.0;0.0
av_COFFEE_d4;53200;ASH_COATED_OSMIUM;9925;16;9922;14;;;9935;19;9938;13;;;9930.0;0.0
av_COFFEE_d4;53200;INTARIAN_PEPPER_ROOT;10386;8;10384;25;;;10392;21;10395;13;;;10389.0;0.0
av_COFFEE_d4;53300;ASH_COATED_OSMIUM;9928;15;9924;25;;;9934;11;9936;16;;;9931.0;0.0
av_COFFEE_d4;53300;INTARIAN_PEPPER_ROOT;10385;14;10382;19;;;10391;21;10394;13;;;10388.0;0.0
av_COFFEE_d4;53400;ASH_COATED_OSMIUM;9928;12;9925;15;;;9934;15;9936;18;;;9931.0;0.0
av_COFFEE_d4;53400;INTARIAN_PEPPER_ROOT;10384;15;10382;19;;;10391;11;10394;18;;;10387.5;0.0
av_COFFEE_d4;53500;ASH_COATED_OSMIUM;9928;14;9925;17;;;9934;17;9938;14;;;9931.0;0.0
av_COFFEE_d4;53500;INTARIAN_PEPPER_ROOT;10384;17;10380;22;;;10390;10;10393;23;;;10387.0;0.0
av_COFFEE_d4;53600;ASH_COATED_OSMIUM;9928;7;9926;26;;;9934;11;9938;24;;;9931.0;0.0
av_COFFEE_d4;53600;INTARIAN_PEPPER_ROOT;10382;18;10378;18;;;10388;19;10390;13;;;10385.0;0.0
av_COFFEE_d4;53700;ASH_COATED_OSMIUM;9928;15;9925;23;;;9934;5;9938;21;;;9931.0;0.0
av_COFFEE_d4;53700;INTARIAN_PEPPER_ROOT;10381;11;10379;22;;;10387;19;10391;16;;;10384.0;0.0
av_COFFEE_d4;53800;ASH_COATED_OSMIUM;9927;16;9923;22;;;9933;12;9935;13;;;9930.0;0.0
av_COFFEE_d4;53800;INTARIAN_PEPPER_ROOT;10379;11;10375;26;;;10388;17;10392;23;;;10383.5;0.0
av_COFFEE_d4;53900;ASH_COATED_OSMIUM;9926;10;9923;27;;;9936;9;9938;23;;;9931.0;0.0
av_COFFEE_d4;53900;INTARIAN_PEPPER_ROOT;10380;9;10376;15;;;10386;14;10389;16;;;10383.0;0.0
av_COFFEE_d4;54000;ASH_COATED_OSMIUM;9927;15;9923;22;;;9933;17;9936;17;;;9930.0;0.0
av_COFFEE_d4;54000;INTARIAN_PEPPER_ROOT;10373;12;10369;23;;;10390;22;10394;25;;;10381.5;0.0
av_COFFEE_d4;54100;ASH_COATED_OSMIUM;9928;13;9925;23;;;9934;6;9937;18;;;9931.0;0.0
av_COFFEE_d4;54100;INTARIAN_PEPPER_ROOT;10376;15;10372;15;;;10387;9;10389;11;;;10381.5;0.0
av_COFFEE_d4;54200;ASH_COATED_OSMIUM;9924;10;9920;19;;;9938;13;9941;22;;;9931.0;0.0
av_COFFEE_d4;54200;INTARIAN_PEPPER_ROOT;10377;16;10375;27;;;10384;14;10388;9;;;10380.5;0.0
av_COFFEE_d4;54300;ASH_COATED_OSMIUM;9928;18;9925;16;;;9934;20;9937;21;;;9931.0;0.0
av_COFFEE_d4;54300;INTARIAN_PEPPER_ROOT;10370;11;10368;27;;;10388;5;10391;25;;;10379.0;0.0
av_COFFEE_d4;54400;ASH_COATED_OSMIUM;9928;14;9924;11;;;9934;5;9937;19;;;9931.0;0.0
av_COFFEE_d4;54400;INTARIAN_PEPPER_ROOT;10373;5;10369;21;;;10384;16;10386;16;;;10378.5;0.0
av_COFFEE_d4;54500;ASH_COATED_OSMIUM;9928;15;9925;30;;;9934;16;9937;20;;;9931.0;0.0
av_COFFEE_d4;54500;INTARIAN_PEPPER_ROOT;10375;7;10371;30;;;10381;8;10385;21;;;10378.0;0.0
av_COFFEE_d4;54600;ASH_COATED_OSMIUM;9919;19;9917;19;;;9942;5;9944;22;;;9930.5;0.0
av_COFFEE_d4;54600;INTARIAN_PEPPER_ROOT;10373;18;10371;17;;;10379;23;10382;21;;;10376.0;0.0
av_COFFEE_d4;54700;ASH_COATED_OSMIUM;9926;16;9922;30;;;9936;17;9939;28;;;9931.0;0.0
av_COFFEE_d4;54700;INTARIAN_PEPPER_ROOT;10373;10;10369;13;;;10379;7;10383;24;;;10376.0;0.0
av_COFFEE_d4;54800;ASH_COATED_OSMIUM;9923;18;9919;21;;;9938;13;9942;28;;;9930.5;0.0
av_COFFEE_d4;54800;INTARIAN_PEPPER_ROOT;10371;13;10368;8;;;10378;10;10380;21;;;10374.5;0.0
av_COFFEE_d4;54900;ASH_COATED_OSMIUM;9925;6;9921;24;;;9937;15;9939;25;;;9931.0;0.0
av_COFFEE_d4;54900;INTARIAN_PEPPER_ROOT;10371;26;10367;25;;;10377;13;10380;16;;;10374.0;0.0
av_COFFEE_d4;55000;ASH_COATED_OSMIUM;9928;21;9925;27;;;9936;18;9940;13;;;9932.0;0.0
av_COFFEE_d4;55000;INTARIAN_PEPPER_ROOT;10370;12;10366;23;;;10376;8;10380;19;;;10373.0;0.0
av_COFFEE_d4;55100;ASH_COATED_OSMIUM;9928;9;9925;16;;;9934;22;9936;29;;;9931.0;0.0
av_COFFEE_d4;55100;INTARIAN_PEPPER_ROOT;10366;19;10363;27;;;10379;19;10381;17;;;10372.5;0.0
av_COFFEE_d4;55200;ASH_COATED_OSMIUM;9927;21;9925;27;;;9933;14;9936;14;;;9930.0;0.0
av_COFFEE_d4;55200;INTARIAN_PEPPER_ROOT;10366;9;10364;21;;;10378;18;10382;30;;;10372.0;0.0
av_COFFEE_d4;55300;ASH_COATED_OSMIUM;9928;15;9924;16;;;9934;21;9936;22;;;9931.0;0.0
av_COFFEE_d4;55300;INTARIAN_PEPPER_ROOT;10367;18;10364;17;;;10373;21;10375;16;;;10370.0;0.0
av_COFFEE_d4;55400;ASH_COATED_OSMIUM;9925;22;9921;27;;;9937;15;9941;30;;;9931.0;0.0
av_COFFEE_d4;55400;INTARIAN_PEPPER_ROOT;10367;5;10363;24;;;10373;28;10377;17;;;10370.0;0.0
av_COFFEE_d4;55500;ASH_COATED_OSMIUM;9928;11;9926;23;;;9934;14;9938;15;;;9931.0;0.0
av_COFFEE_d4;55500;INTARIAN_PEPPER_ROOT;10362;8;10358;14;;;10375;17;10379;16;;;10368.5;0.0
av_COFFEE_d4;55600;ASH_COATED_OSMIUM;9929;7;9927;11;;;9935;16;9939;18;;;9932.0;0.0
av_COFFEE_d4;55600;INTARIAN_PEPPER_ROOT;10365;14;10363;23;;;10371;14;10374;25;;;10368.0;0.0
av_COFFEE_d4;55700;ASH_COATED_OSMIUM;9922;14;9919;25;;;9940;10;9942;23;;;9931.0;0.0
av_COFFEE_d4;55700;INTARIAN_PEPPER_ROOT;10364;20;10361;22;;;10370;12;10373;16;;;10367.0;0.0
av_COFFEE_d4;55800;ASH_COATED_OSMIUM;9928;9;9924;25;;;9934;11;9936;13;;;9931.0;0.0
av_COFFEE_d4;55800;INTARIAN_PEPPER_ROOT;10359;18;10355;20;;;10374;9;10377;14;;;10366.5;0.0
av_COFFEE_d4;55900;ASH_COATED_OSMIUM;9928;14;9924;18;;;9934;11;9936;22;;;9931.0;0.0
av_COFFEE_d4;55900;INTARIAN_PEPPER_ROOT;10353;15;10351;14;;;10378;17;10380;26;;;10365.5;0.0
av_COFFEE_d4;56000;ASH_COATED_OSMIUM;9928;5;9926;17;;;9934;21;9937;27;;;9931.0;0.0
av_COFFEE_d4;56000;INTARIAN_PEPPER_ROOT;10361;16;10359;22;;;10369;21;10371;26;;;10365.0;0.0
av_COFFEE_d4;56100;ASH_COATED_OSMIUM;9928;18;9926;26;;;9934;14;9936;27;;;9931.0;0.0
av_COFFEE_d4;56100;INTARIAN_PEPPER_ROOT;10360;17;10357;14;;;10366;13;10368;18;;;10363.0;0.0
av_COFFEE_d4;56200;ASH_COATED_OSMIUM;9926;16;9924;23;;;9937;9;9940;27;;;9931.5;0.0
av_COFFEE_d4;56200;INTARIAN_PEPPER_ROOT;10360;11;10358;12;;;10366;14;10370;9;;;10363.0;0.0
av_COFFEE_d4;56300;ASH_COATED_OSMIUM;9929;5;9926;20;;;9935;18;9937;29;;;9932.0;0.0
av_COFFEE_d4;56300;INTARIAN_PEPPER_ROOT;10352;13;10350;28;;;10373;6;10376;22;;;10362.5;0.0
av_COFFEE_d4;56400;ASH_COATED_OSMIUM;9929;18;9925;20;;;9935;17;9939;19;;;9932.0;0.0
av_COFFEE_d4;56400;INTARIAN_PEPPER_ROOT;10353;12;10350;15;;;10370;19;10373;10;;;10361.5;0.0
av_COFFEE_d4;56500;ASH_COATED_OSMIUM;9929;18;9927;15;;;9935;10;9939;16;;;9932.0;0.0
av_COFFEE_d4;56500;INTARIAN_PEPPER_ROOT;10358;10;10354;16;;;10364;13;10367;17;;;10361.0;0.0
av_COFFEE_d4;56600;ASH_COATED_OSMIUM;9929;18;9926;18;;;9935;16;9937;29;;;9932.0;0.0
av_COFFEE_d4;56600;INTARIAN_PEPPER_ROOT;10356;18;10352;19;;;10362;10;10364;20;;;10359.0;0.0
av_COFFEE_d4;56700;ASH_COATED_OSMIUM;9929;5;9925;21;;;9935;17;9937;18;;;9932.0;0.0
av_COFFEE_d4;56700;INTARIAN_PEPPER_ROOT;10356;18;10352;20;;;10362;28;10366;27;;;10359.0;0.0
av_COFFEE_d4;56800;ASH_COATED_OSMIUM;9917;11;9914;18;;;9946;13;9950;23;;;9931.5;0.0
av_COFFEE_d4;56800;INTARIAN_PEPPER_ROOT;10355;18;10352;13;;;10361;11;10363;21;;;10358.0;0.0
av_COFFEE_d4;56900;ASH_COATED_OSMIUM;9928;18;9924;21;;;9934;9;9937;21;;;9931.0;0.0
av_COFFEE_d4;56900;INTARIAN_PEPPER_ROOT;10354;16;10351;23;;;10360;15;10363;24;;;10357.0;0.0
av_COFFEE_d4;57000;ASH_COATED_OSMIUM;9928;17;9925;19;;;9934;29;9938;15;;;9931.0;0.0
