day;timestamp;product;bid_price_1;bid_volume_1;bid_price_2;bid_volume_2;bid_price_3;bid_volume_3;ask_price_1;ask_volume_1;ask_price_2;ask_volume_2;ask_price_3;ask_volume_3;mid_price;profit_and_loss
av_SUGAR_d5;0;ASH_COATED_OSMIUM;9952;16;9950;24;;;9976;23;9978;16;;;9964.0;0.0
av_SUGAR_d5;0;INTARIAN_PEPPER_ROOT;10081;18;10077;19;;;10087;17;10089;17;;;10084.0;0.0
av_SUGAR_d5;100;ASH_COATED_OSMIUM;9962;18;9960;14;;;9968;21;9970;20;;;9965.0;0.0
av_SUGAR_d5;100;INTARIAN_PEPPER_ROOT;10080;20;10077;14;;;10086;16;10089;14;;;10083.0;0.0
av_SUGAR_d5;200;ASH_COATED_OSMIUM;9962;12;9959;23;;;9968;19;9971;15;;;9965.0;0.0
av_SUGAR_d5;200;INTARIAN_PEPPER_ROOT;10061;13;10059;14;;;10105;14;10108;20;;;10083.0;0.0
av_SUGAR_d5;300;ASH_COATED_OSMIUM;9962;19;9959;31;;;9968;12;9970;17;;;9965.0;0.0
av_SUGAR_d5;300;INTARIAN_PEPPER_ROOT;10079;14;10075;20;;;10085;12;10089;21;;;10082.0;0.0
av_SUGAR_d5;400;ASH_COATED_OSMIUM;9958;21;9956;17;;;9970;18;9974;28;;;9964.0;0.0
av_SUGAR_d5;400;INTARIAN_PEPPER_ROOT;10079;13;10075;28;;;10085;11;10089;25;;;10082.0;0.0
av_SUGAR_d5;500;ASH_COATED_OSMIUM;9962;9;9960;22;;;9968;25;9972;17;;;9965.0;0.0
av_SUGAR_d5;500;INTARIAN_PEPPER_ROOT;10078;18;10075;19;;;10084;14;10086;18;;;10081.0;0.0
av_SUGAR_d5;600;ASH_COATED_OSMIUM;9962;16;9960;20;;;9968;14;9972;17;;;9965.0;0.0
av_SUGAR_d5;600;INTARIAN_PEPPER_ROOT;10069;11;10066;23;;;10093;13;10096;16;;;10081.0;0.0
av_SUGAR_d5;700;ASH_COATED_OSMIUM;9962;15;9959;28;;;9968;13;9972;20;;;9965.0;0.0
av_SUGAR_d5;700;INTARIAN_PEPPER_ROOT;10078;21;10074;27;;;10084;13;10086;29;;;10081.0;0.0
av_SUGAR_d5;800;ASH_COATED_OSMIUM;9961;14;9959;14;;;9967;19;9970;20;;;9964.0;0.0
av_SUGAR_d5;800;INTARIAN_PEPPER_ROOT;10077;9;10073;23;;;10083;13;10087;24;;;10080.0;0.0
av_SUGAR_d5;900;ASH_COATED_OSMIUM;9962;21;9958;14;;;9968;11;9971;18;;;9965.0;0.0
av_SUGAR_d5;900;INTARIAN_PEPPER_ROOT;10077;21;10074;22;;;10083;13;10087;14;;;10080.0;0.0
av_SUGAR_d5;1000;ASH_COATED_OSMIUM;9961;15;9957;19;;;9967;20;9970;30;;;9964.0;0.0
av_SUGAR_d5;1000;INTARIAN_PEPPER_ROOT;10076;19;10072;23;;;10082;12;10085;16;;;10079.0;0.0
av_SUGAR_d5;1100;ASH_COATED_OSMIUM;9962;5;9959;13;;;9968;13;9971;20;;;9965.0;0.0
av_SUGAR_d5;1100;INTARIAN_PEPPER_ROOT;10075;13;10071;22;;;10081;16;10083;14;;;10078.0;0.0
av_SUGAR_d5;1200;ASH_COATED_OSMIUM;9962;15;9959;20;;;9968;22;9972;27;;;9965.0;0.0
av_SUGAR_d5;1200;INTARIAN_PEPPER_ROOT;10075;17;10071;18;;;10081;10;10084;24;;;10078.0;0.0
av_SUGAR_d5;1300;ASH_COATED_OSMIUM;9961;19;9957;19;;;9967;22;9970;21;;;9964.0;0.0
av_SUGAR_d5;1300;INTARIAN_PEPPER_ROOT;10074;12;10072;24;;;10080;23;10082;21;;;10077.0;0.0
av_SUGAR_d5;1400;ASH_COATED_OSMIUM;9962;11;9960;19;;;9968;13;9970;21;;;9965.0;0.0
av_SUGAR_d5;1400;INTARIAN_PEPPER_ROOT;10073;20;10070;18;;;10079;16;10081;19;;;10076.0;0.0
av_SUGAR_d5;1500;ASH_COATED_OSMIUM;9962;16;9958;27;;;9968;14;9971;14;;;9965.0;0.0
av_SUGAR_d5;1500;INTARIAN_PEPPER_ROOT;10074;22;10072;17;;;10080;5;10084;16;;;10077.0;0.0
av_SUGAR_d5;1600;ASH_COATED_OSMIUM;9957;7;9955;20;;;9974;10;9976;28;;;9965.5;0.0
av_SUGAR_d5;1600;INTARIAN_PEPPER_ROOT;10073;14;10069;18;;;10079;8;10083;21;;;10076.0;0.0
av_SUGAR_d5;1700;ASH_COATED_OSMIUM;9962;8;9959;28;;;9969;10;9971;23;;;9965.5;0.0
av_SUGAR_d5;1700;INTARIAN_PEPPER_ROOT;10072;10;10069;25;;;10078;17;10082;9;;;10075.0;0.0
av_SUGAR_d5;1800;ASH_COATED_OSMIUM;9962;25;9958;30;;;9968;16;9972;19;;;9965.0;0.0
av_SUGAR_d5;1800;INTARIAN_PEPPER_ROOT;10068;18;10064;21;;;10081;14;10084;20;;;10074.5;0.0
av_SUGAR_d5;1900;ASH_COATED_OSMIUM;9962;21;9958;21;;;9968;14;9970;23;;;9965.0;0.0
av_SUGAR_d5;1900;INTARIAN_PEPPER_ROOT;10067;17;10065;18;;;10081;18;10083;12;;;10074.0;0.0
av_SUGAR_d5;2000;ASH_COATED_OSMIUM;9962;19;9959;20;;;9968;22;9970;20;;;9965.0;0.0
av_SUGAR_d5;2000;INTARIAN_PEPPER_ROOT;10071;16;10069;13;;;10078;9;10082;18;;;10074.5;0.0
av_SUGAR_d5;2100;ASH_COATED_OSMIUM;9962;10;9958;22;;;9969;12;9971;17;;;9965.5;0.0
av_SUGAR_d5;2100;INTARIAN_PEPPER_ROOT;10070;12;10068;21;;;10077;6;10080;18;;;10073.5;0.0
av_SUGAR_d5;2200;ASH_COATED_OSMIUM;9962;16;9959;23;;;9969;12;9971;26;;;9965.5;0.0
av_SUGAR_d5;2200;INTARIAN_PEPPER_ROOT;10063;13;10061;20;;;10083;17;10086;24;;;10073.0;0.0
av_SUGAR_d5;2300;ASH_COATED_OSMIUM;9962;11;9959;24;;;9968;25;9972;23;;;9965.0;0.0
av_SUGAR_d5;2300;INTARIAN_PEPPER_ROOT;10043;13;10039;22;;;10102;18;10104;17;;;10072.5;0.0
av_SUGAR_d5;2400;ASH_COATED_OSMIUM;9959;13;9955;12;;;9970;14;9974;9;;;9964.5;0.0
av_SUGAR_d5;2400;INTARIAN_PEPPER_ROOT;10066;8;10063;18;;;10078;23;10082;13;;;10072.0;0.0
av_SUGAR_d5;2500;ASH_COATED_OSMIUM;9960;12;9958;13;;;9969;9;9971;13;;;9964.5;0.0
av_SUGAR_d5;2500;INTARIAN_PEPPER_ROOT;10066;5;10062;21;;;10076;18;10080;28;;;10071.0;0.0
av_SUGAR_d5;2600;ASH_COATED_OSMIUM;9962;13;9959;19;;;9968;17;9970;29;;;9965.0;0.0
av_SUGAR_d5;2600;INTARIAN_PEPPER_ROOT;10068;13;10064;26;;;10074;19;10078;24;;;10071.0;0.0
av_SUGAR_d5;2700;ASH_COATED_OSMIUM;9956;7;9954;12;;;9975;11;9977;21;;;9965.5;0.0
av_SUGAR_d5;2700;INTARIAN_PEPPER_ROOT;10067;25;10064;18;;;10073;9;10076;16;;;10070.0;0.0
av_SUGAR_d5;2800;ASH_COATED_OSMIUM;9962;23;9960;29;;;9968;13;9972;24;;;9965.0;0.0
av_SUGAR_d5;2800;INTARIAN_PEPPER_ROOT;10067;7;10064;13;;;10073;14;10076;27;;;10070.0;0.0
av_SUGAR_d5;2900;ASH_COATED_OSMIUM;9962;5;9958;29;;;9968;25;9972;13;;;9965.0;0.0
av_SUGAR_d5;2900;INTARIAN_PEPPER_ROOT;10067;16;10064;15;;;10073;17;10076;21;;;10070.0;0.0
av_SUGAR_d5;3000;ASH_COATED_OSMIUM;9961;10;9958;27;;;9970;18;9972;10;;;9965.5;0.0
av_SUGAR_d5;3000;INTARIAN_PEPPER_ROOT;10066;20;10062;30;;;10072;9;10075;27;;;10069.0;0.0
av_SUGAR_d5;3100;ASH_COATED_OSMIUM;9962;5;9958;26;;;9968;20;9970;26;;;9965.0;0.0
av_SUGAR_d5;3100;INTARIAN_PEPPER_ROOT;10063;19;10060;24;;;10073;7;10077;20;;;10068.0;0.0
av_SUGAR_d5;3200;ASH_COATED_OSMIUM;9962;9;9959;16;;;9970;12;9974;22;;;9966.0;0.0
av_SUGAR_d5;3200;INTARIAN_PEPPER_ROOT;10053;12;10049;17;;;10082;16;10085;21;;;10067.5;0.0
av_SUGAR_d5;3300;ASH_COATED_OSMIUM;9959;18;9956;18;;;9971;21;9975;15;;;9965.0;0.0
av_SUGAR_d5;3300;INTARIAN_PEPPER_ROOT;10065;16;10063;23;;;10071;12;10074;33;;;10068.0;0.0
av_SUGAR_d5;3400;ASH_COATED_OSMIUM;9962;16;9959;28;;;9968;12;9971;17;;;9965.0;0.0
av_SUGAR_d5;3400;INTARIAN_PEPPER_ROOT;10064;26;10062;8;;;10070;17;10074;14;;;10067.0;0.0
av_SUGAR_d5;3500;ASH_COATED_OSMIUM;9962;10;9959;17;;;9968;19;9970;25;;;9965.0;0.0
av_SUGAR_d5;3500;INTARIAN_PEPPER_ROOT;10056;9;10054;22;;;10076;14;10080;20;;;10066.0;0.0
av_SUGAR_d5;3600;ASH_COATED_OSMIUM;9959;14;9957;27;;;9972;21;9976;23;;;9965.5;0.0
av_SUGAR_d5;3600;INTARIAN_PEPPER_ROOT;10061;16;10057;21;;;10072;16;10075;17;;;10066.5;0.0
av_SUGAR_d5;3700;ASH_COATED_OSMIUM;9962;16;9959;23;;;9969;14;9971;21;;;9965.5;0.0
av_SUGAR_d5;3700;INTARIAN_PEPPER_ROOT;10060;12;10057;17;;;10069;6;10073;10;;;10064.5;0.0
av_SUGAR_d5;3800;ASH_COATED_OSMIUM;9962;14;9959;19;;;9968;10;9970;18;;;9965.0;0.0
av_SUGAR_d5;3800;INTARIAN_PEPPER_ROOT;10062;14;10058;24;;;10068;23;10070;21;;;10065.0;0.0
av_SUGAR_d5;3900;ASH_COATED_OSMIUM;9962;16;9960;16;;;9968;22;9970;22;;;9965.0;0.0
av_SUGAR_d5;3900;INTARIAN_PEPPER_ROOT;10055;10;10052;10;;;10074;23;10076;23;;;10064.5;0.0
av_SUGAR_d5;4000;ASH_COATED_OSMIUM;9961;17;9958;18;;;9968;5;9971;22;;;9964.5;0.0
av_SUGAR_d5;4000;INTARIAN_PEPPER_ROOT;10061;13;10059;22;;;10067;15;10070;20;;;10064.0;0.0
av_SUGAR_d5;4100;ASH_COATED_OSMIUM;9948;11;9944;17;;;9982;11;9985;21;;;9965.0;0.0
av_SUGAR_d5;4100;INTARIAN_PEPPER_ROOT;10053;25;10049;19;;;10074;16;10076;11;;;10063.5;0.0
av_SUGAR_d5;4200;ASH_COATED_OSMIUM;9962;24;9958;23;;;9969;15;9973;22;;;9965.5;0.0
av_SUGAR_d5;4200;INTARIAN_PEPPER_ROOT;10053;14;10051;12;;;10071;5;10075;23;;;10062.0;0.0
av_SUGAR_d5;4300;ASH_COATED_OSMIUM;9963;19;9960;21;;;9969;13;9971;27;;;9966.0;0.0
av_SUGAR_d5;4300;INTARIAN_PEPPER_ROOT;10059;12;10055;26;;;10066;8;10069;21;;;10062.5;0.0
av_SUGAR_d5;4400;ASH_COATED_OSMIUM;9963;15;9959;29;;;9969;19;9971;24;;;9966.0;0.0
av_SUGAR_d5;4400;INTARIAN_PEPPER_ROOT;10059;8;10055;23;;;10065;10;10067;25;;;10062.0;0.0
av_SUGAR_d5;4500;ASH_COATED_OSMIUM;9962;16;9959;8;;;9969;14;9973;19;;;9965.5;0.0
av_SUGAR_d5;4500;INTARIAN_PEPPER_ROOT;10058;5;10056;15;;;10064;12;10066;22;;;10061.0;0.0
av_SUGAR_d5;4600;ASH_COATED_OSMIUM;9962;21;9959;23;;;9968;11;9972;11;;;9965.0;0.0
av_SUGAR_d5;4600;INTARIAN_PEPPER_ROOT;10058;5;10054;17;;;10064;21;10068;18;;;10061.0;0.0
av_SUGAR_d5;4700;ASH_COATED_OSMIUM;9960;18;9956;22;;;9972;28;9975;26;;;9966.0;0.0
av_SUGAR_d5;4700;INTARIAN_PEPPER_ROOT;10057;18;10055;22;;;10063;17;10066;25;;;10060.0;0.0
av_SUGAR_d5;4800;ASH_COATED_OSMIUM;9962;10;9959;19;;;9968;10;9972;16;;;9965.0;0.0
av_SUGAR_d5;4800;INTARIAN_PEPPER_ROOT;10055;17;10053;17;;;10065;11;10067;22;;;10060.0;0.0
av_SUGAR_d5;4900;ASH_COATED_OSMIUM;9963;9;9961;24;;;9969;18;9972;18;;;9966.0;0.0
av_SUGAR_d5;4900;INTARIAN_PEPPER_ROOT;10054;7;10050;19;;;10066;11;10070;24;;;10060.0;0.0
av_SUGAR_d5;5000;ASH_COATED_OSMIUM;9963;23;9959;15;;;9969;7;9973;15;;;9966.0;0.0
av_SUGAR_d5;5000;INTARIAN_PEPPER_ROOT;10056;11;10052;19;;;10062;24;10066;21;;;10059.0;0.0
av_SUGAR_d5;5100;ASH_COATED_OSMIUM;9960;20;9958;15;;;9971;14;9973;20;;;9965.5;0.0
av_SUGAR_d5;5100;INTARIAN_PEPPER_ROOT;10046;22;10042;19;;;10070;22;10074;17;;;10058.0;0.0
av_SUGAR_d5;5200;ASH_COATED_OSMIUM;9962;16;9958;11;;;9968;23;9970;18;;;9965.0;0.0
av_SUGAR_d5;5200;INTARIAN_PEPPER_ROOT;10046;24;10043;18;;;10070;12;10072;19;;;10058.0;0.0
av_SUGAR_d5;5300;ASH_COATED_OSMIUM;9961;17;9958;21;;;9970;15;9974;24;;;9965.5;0.0
av_SUGAR_d5;5300;INTARIAN_PEPPER_ROOT;10052;15;10048;17;;;10064;9;10066;21;;;10058.0;0.0
av_SUGAR_d5;5400;ASH_COATED_OSMIUM;9961;10;9958;28;;;9971;7;9973;20;;;9966.0;0.0
av_SUGAR_d5;5400;INTARIAN_PEPPER_ROOT;10051;12;10048;21;;;10062;14;10064;11;;;10056.5;0.0
av_SUGAR_d5;5500;ASH_COATED_OSMIUM;9963;11;9961;19;;;9969;16;9973;22;;;9966.0;0.0
av_SUGAR_d5;5500;INTARIAN_PEPPER_ROOT;10052;5;10050;16;;;10061;6;10063;16;;;10056.5;0.0
av_SUGAR_d5;5600;ASH_COATED_OSMIUM;9962;9;9960;14;;;9970;13;9974;19;;;9966.0;0.0
av_SUGAR_d5;5600;INTARIAN_PEPPER_ROOT;10049;20;10045;26;;;10062;23;10066;12;;;10055.5;0.0
av_SUGAR_d5;5700;ASH_COATED_OSMIUM;9955;12;9952;19;;;9975;9;9977;23;;;9965.0;0.0
av_SUGAR_d5;5700;INTARIAN_PEPPER_ROOT;10044;16;10041;24;;;10066;14;10070;22;;;10055.0;0.0
av_SUGAR_d5;5800;ASH_COATED_OSMIUM;9956;20;9954;18;;;9974;5;9976;18;;;9965.0;0.0
av_SUGAR_d5;5800;INTARIAN_PEPPER_ROOT;10052;6;10050;26;;;10058;21;10062;23;;;10055.0;0.0
av_SUGAR_d5;5900;ASH_COATED_OSMIUM;9963;15;9960;15;;;9969;9;9973;11;;;9966.0;0.0
av_SUGAR_d5;5900;INTARIAN_PEPPER_ROOT;10051;14;10049;29;;;10057;5;10060;10;;;10054.0;0.0
av_SUGAR_d5;6000;ASH_COATED_OSMIUM;9954;5;9950;20;;;9977;21;9980;22;;;9965.5;0.0
av_SUGAR_d5;6000;INTARIAN_PEPPER_ROOT;10043;8;10040;27;;;10064;24;10068;30;;;10053.5;0.0
av_SUGAR_d5;6100;ASH_COATED_OSMIUM;9951;11;9948;19;;;9981;8;9984;17;;;9966.0;0.0
av_SUGAR_d5;6100;INTARIAN_PEPPER_ROOT;10050;15;10046;19;;;10056;13;10060;17;;;10053.0;0.0
av_SUGAR_d5;6200;ASH_COATED_OSMIUM;9963;17;9960;11;;;9969;19;9972;24;;;9966.0;0.0
av_SUGAR_d5;6200;INTARIAN_PEPPER_ROOT;10049;17;10046;14;;;10055;17;10058;24;;;10052.0;0.0
av_SUGAR_d5;6300;ASH_COATED_OSMIUM;9955;5;9951;22;;;9977;5;9980;12;;;9966.0;0.0
av_SUGAR_d5;6300;INTARIAN_PEPPER_ROOT;10050;14;10048;15;;;10056;26;10058;19;;;10053.0;0.0
av_SUGAR_d5;6400;ASH_COATED_OSMIUM;9959;16;9957;28;;;9974;14;9977;11;;;9966.5;0.0
av_SUGAR_d5;6400;INTARIAN_PEPPER_ROOT;10027;8;10024;12;;;10077;15;10081;16;;;10052.0;0.0
av_SUGAR_d5;6500;ASH_COATED_OSMIUM;9963;11;9961;14;;;9969;12;9972;24;;;9966.0;0.0
av_SUGAR_d5;6500;INTARIAN_PEPPER_ROOT;10046;14;10044;19;;;10056;9;10060;27;;;10051.0;0.0
av_SUGAR_d5;6600;ASH_COATED_OSMIUM;9962;12;9959;21;;;9969;22;9973;24;;;9965.5;0.0
av_SUGAR_d5;6600;INTARIAN_PEPPER_ROOT;10048;14;10045;16;;;10054;12;10058;21;;;10051.0;0.0
av_SUGAR_d5;6700;ASH_COATED_OSMIUM;9962;16;9960;13;;;9969;12;9971;22;;;9965.5;0.0
av_SUGAR_d5;6700;INTARIAN_PEPPER_ROOT;10047;13;10044;22;;;10053;12;10055;8;;;10050.0;0.0
av_SUGAR_d5;6800;ASH_COATED_OSMIUM;9962;8;9960;22;;;9969;14;9972;24;;;9965.5;0.0
av_SUGAR_d5;6800;INTARIAN_PEPPER_ROOT;10043;6;10039;16;;;10057;13;10061;10;;;10050.0;0.0
av_SUGAR_d5;6900;ASH_COATED_OSMIUM;9962;13;9960;18;;;9968;15;9970;17;;;9965.0;0.0
av_SUGAR_d5;6900;INTARIAN_PEPPER_ROOT;10046;16;10044;14;;;10052;15;10054;22;;;10049.0;0.0
av_SUGAR_d5;7000;ASH_COATED_OSMIUM;9963;10;9961;26;;;9969;23;9972;23;;;9966.0;0.0
av_SUGAR_d5;7000;INTARIAN_PEPPER_ROOT;10046;19;10043;16;;;10052;5;10055;10;;;10049.0;0.0
av_SUGAR_d5;7100;ASH_COATED_OSMIUM;9959;11;9956;12;;;9973;20;9975;17;;;9966.0;0.0
av_SUGAR_d5;7100;INTARIAN_PEPPER_ROOT;10045;15;10042;13;;;10051;17;10054;21;;;10048.0;0.0
av_SUGAR_d5;7200;ASH_COATED_OSMIUM;9962;13;9958;30;;;9968;13;9972;8;;;9965.0;0.0
av_SUGAR_d5;7200;INTARIAN_PEPPER_ROOT;10042;16;10038;16;;;10053;17;10055;19;;;10047.5;0.0
av_SUGAR_d5;7300;ASH_COATED_OSMIUM;9957;10;9954;19;;;9975;9;9978;18;;;9966.0;0.0
av_SUGAR_d5;7300;INTARIAN_PEPPER_ROOT;10045;12;10043;16;;;10051;20;10053;20;;;10048.0;0.0
av_SUGAR_d5;7400;ASH_COATED_OSMIUM;9963;13;9961;21;;;9969;12;9972;22;;;9966.0;0.0
av_SUGAR_d5;7400;INTARIAN_PEPPER_ROOT;10044;13;10042;11;;;10050;10;10054;14;;;10047.0;0.0
av_SUGAR_d5;7500;ASH_COATED_OSMIUM;9963;14;9960;20;;;9969;19;9972;16;;;9966.0;0.0
av_SUGAR_d5;7500;INTARIAN_PEPPER_ROOT;10043;21;10040;19;;;10049;12;10053;24;;;10046.0;0.0
av_SUGAR_d5;7600;ASH_COATED_OSMIUM;9962;9;9958;25;;;9968;15;9972;15;;;9965.0;0.0
av_SUGAR_d5;7600;INTARIAN_PEPPER_ROOT;10043;18;10039;11;;;10049;14;10051;18;;;10046.0;0.0
av_SUGAR_d5;7700;ASH_COATED_OSMIUM;9957;23;9953;21;;;9974;19;9977;14;;;9965.5;0.0
av_SUGAR_d5;7700;INTARIAN_PEPPER_ROOT;10042;11;10039;21;;;10048;26;10051;16;;;10045.0;0.0
av_SUGAR_d5;7800;ASH_COATED_OSMIUM;9963;13;9960;26;;;9969;11;9971;20;;;9966.0;0.0
av_SUGAR_d5;7800;INTARIAN_PEPPER_ROOT;10042;22;10038;24;;;10048;22;10050;20;;;10045.0;0.0
av_SUGAR_d5;7900;ASH_COATED_OSMIUM;9959;16;9957;20;;;9974;17;9977;20;;;9966.5;0.0
av_SUGAR_d5;7900;INTARIAN_PEPPER_ROOT;10041;11;10038;14;;;10047;18;10049;16;;;10044.0;0.0
av_SUGAR_d5;8000;ASH_COATED_OSMIUM;9957;12;9953;18;;;9973;19;9976;22;;;9965.0;0.0
av_SUGAR_d5;8000;INTARIAN_PEPPER_ROOT;10041;18;10038;24;;;10047;14;10051;25;;;10044.0;0.0
av_SUGAR_d5;8100;ASH_COATED_OSMIUM;9963;16;9959;19;;;9970;8;9972;18;;;9966.5;0.0
av_SUGAR_d5;8100;INTARIAN_PEPPER_ROOT;10040;10;10036;16;;;10046;11;10050;19;;;10043.0;0.0
av_SUGAR_d5;8200;ASH_COATED_OSMIUM;9963;12;9961;17;;;9969;12;9972;19;;;9966.0;0.0
av_SUGAR_d5;8200;INTARIAN_PEPPER_ROOT;10028;19;10024;25;;;10058;23;10061;23;;;10043.0;0.0
av_SUGAR_d5;8300;ASH_COATED_OSMIUM;9963;15;9961;25;;;9969;19;9972;22;;;9966.0;0.0
av_SUGAR_d5;8300;INTARIAN_PEPPER_ROOT;10039;9;10036;21;;;10045;13;10048;16;;;10042.0;0.0
av_SUGAR_d5;8400;ASH_COATED_OSMIUM;9962;18;9959;21;;;9968;17;9970;26;;;9965.0;0.0
av_SUGAR_d5;8400;INTARIAN_PEPPER_ROOT;10038;15;10036;23;;;10044;23;10046;15;;;10041.0;0.0
av_SUGAR_d5;8500;ASH_COATED_OSMIUM;9960;19;9956;29;;;9973;12;9976;25;;;9966.5;0.0
av_SUGAR_d5;8500;INTARIAN_PEPPER_ROOT;10038;16;10036;25;;;10044;9;10046;10;;;10041.0;0.0
av_SUGAR_d5;8600;ASH_COATED_OSMIUM;9951;13;9949;29;;;9981;19;9984;17;;;9966.0;0.0
av_SUGAR_d5;8600;INTARIAN_PEPPER_ROOT;10030;11;10028;15;;;10050;13;10054;21;;;10040.0;0.0
av_SUGAR_d5;8700;ASH_COATED_OSMIUM;9963;22;9960;21;;;9969;15;9972;22;;;9966.0;0.0
av_SUGAR_d5;8700;INTARIAN_PEPPER_ROOT;10031;15;10027;23;;;10050;11;10053;15;;;10040.5;0.0
av_SUGAR_d5;8800;ASH_COATED_OSMIUM;9962;15;9958;26;;;9970;22;9972;17;;;9966.0;0.0
av_SUGAR_d5;8800;INTARIAN_PEPPER_ROOT;10037;5;10034;14;;;10043;18;10047;28;;;10040.0;0.0
av_SUGAR_d5;8900;ASH_COATED_OSMIUM;9963;25;9960;13;;;9969;14;9971;25;;;9966.0;0.0
av_SUGAR_d5;8900;INTARIAN_PEPPER_ROOT;10037;12;10034;22;;;10043;21;10045;19;;;10040.0;0.0
av_SUGAR_d5;9000;ASH_COATED_OSMIUM;9963;17;9959;23;;;9969;10;9973;14;;;9966.0;0.0
av_SUGAR_d5;9000;INTARIAN_PEPPER_ROOT;10036;11;10034;16;;;10042;16;10046;20;;;10039.0;0.0
av_SUGAR_d5;9100;ASH_COATED_OSMIUM;9963;19;9959;14;;;9969;11;9972;27;;;9966.0;0.0
av_SUGAR_d5;9100;INTARIAN_PEPPER_ROOT;10036;18;10032;16;;;10042;21;10046;19;;;10039.0;0.0
av_SUGAR_d5;9200;ASH_COATED_OSMIUM;9955;5;9953;17;;;9977;17;9980;8;;;9966.0;0.0
av_SUGAR_d5;9200;INTARIAN_PEPPER_ROOT;10035;17;10031;16;;;10041;12;10045;17;;;10038.0;0.0
av_SUGAR_d5;9300;ASH_COATED_OSMIUM;9958;5;9956;26;;;9975;15;9978;16;;;9966.5;0.0
av_SUGAR_d5;9300;INTARIAN_PEPPER_ROOT;10035;25;10032;16;;;10041;8;10044;17;;;10038.0;0.0
av_SUGAR_d5;9400;ASH_COATED_OSMIUM;9963;13;9961;28;;;9969;12;9973;22;;;9966.0;0.0
av_SUGAR_d5;9400;INTARIAN_PEPPER_ROOT;10034;16;10030;18;;;10040;13;10043;23;;;10037.0;0.0
av_SUGAR_d5;9500;ASH_COATED_OSMIUM;9963;8;9959;22;;;9969;11;9971;21;;;9966.0;0.0
av_SUGAR_d5;9500;INTARIAN_PEPPER_ROOT;10033;9;10031;15;;;10040;10;10042;23;;;10036.5;0.0
av_SUGAR_d5;9600;ASH_COATED_OSMIUM;9963;15;9960;16;;;9969;26;9972;22;;;9966.0;0.0
av_SUGAR_d5;9600;INTARIAN_PEPPER_ROOT;10023;9;10019;27;;;10048;7;10051;23;;;10035.5;0.0
av_SUGAR_d5;9700;ASH_COATED_OSMIUM;9960;16;9957;26;;;9972;13;9975;31;;;9966.0;0.0
av_SUGAR_d5;9700;INTARIAN_PEPPER_ROOT;10026;20;10022;22;;;10044;18;10048;22;;;10035.0;0.0
av_SUGAR_d5;9800;ASH_COATED_OSMIUM;9963;21;9960;25;;;9969;11;9972;17;;;9966.0;0.0
av_SUGAR_d5;9800;INTARIAN_PEPPER_ROOT;10032;8;10028;21;;;10038;16;10041;19;;;10035.0;0.0
av_SUGAR_d5;9900;ASH_COATED_OSMIUM;9964;14;9960;22;;;9970;13;9974;15;;;9967.0;0.0
av_SUGAR_d5;9900;INTARIAN_PEPPER_ROOT;10032;13;10028;20;;;10038;13;10042;14;;;10035.0;0.0
av_SUGAR_d5;10000;ASH_COATED_OSMIUM;9963;20;9961;15;;;9969;13;9973;24;;;9966.0;0.0
av_SUGAR_d5;10000;INTARIAN_PEPPER_ROOT;10031;12;10029;14;;;10037;5;10039;11;;;10034.0;0.0
av_SUGAR_d5;10100;ASH_COATED_OSMIUM;9962;5;9959;25;;;9969;13;9971;12;;;9965.5;0.0
av_SUGAR_d5;10100;INTARIAN_PEPPER_ROOT;10026;15;10022;23;;;10041;17;10044;24;;;10033.5;0.0
av_SUGAR_d5;10200;ASH_COATED_OSMIUM;9957;15;9955;30;;;9976;19;9980;25;;;9966.5;0.0
av_SUGAR_d5;10200;INTARIAN_PEPPER_ROOT;10026;13;10024;17;;;10040;18;10043;22;;;10033.0;0.0
av_SUGAR_d5;10300;ASH_COATED_OSMIUM;9963;21;9961;14;;;9969;22;9971;21;;;9966.0;0.0
av_SUGAR_d5;10300;INTARIAN_PEPPER_ROOT;10030;18;10027;17;;;10036;20;10038;19;;;10033.0;0.0
av_SUGAR_d5;10400;ASH_COATED_OSMIUM;9963;12;9961;24;;;9969;5;9973;29;;;9966.0;0.0
av_SUGAR_d5;10400;INTARIAN_PEPPER_ROOT;10025;14;10023;22;;;10038;7;10042;15;;;10031.5;0.0
av_SUGAR_d5;10500;ASH_COATED_OSMIUM;9964;9;9960;21;;;9970;12;9972;28;;;9967.0;0.0
av_SUGAR_d5;10500;INTARIAN_PEPPER_ROOT;10027;13;10023;20;;;10036;7;10039;20;;;10031.5;0.0
av_SUGAR_d5;10600;ASH_COATED_OSMIUM;9963;11;9960;14;;;9969;13;9973;22;;;9966.0;0.0
av_SUGAR_d5;10600;INTARIAN_PEPPER_ROOT;10028;19;10026;24;;;10034;11;10037;15;;;10031.0;0.0
av_SUGAR_d5;10700;ASH_COATED_OSMIUM;9963;13;9960;21;;;9970;18;9972;20;;;9966.5;0.0
av_SUGAR_d5;10700;INTARIAN_PEPPER_ROOT;10025;15;10022;11;;;10037;14;10041;21;;;10031.0;0.0
av_SUGAR_d5;10800;ASH_COATED_OSMIUM;9961;21;9957;19;;;9970;18;9974;21;;;9965.5;0.0
av_SUGAR_d5;10800;INTARIAN_PEPPER_ROOT;10026;13;10023;22;;;10034;26;10037;18;;;10030.0;0.0
av_SUGAR_d5;10900;ASH_COATED_OSMIUM;9963;7;9960;20;;;9969;13;9972;18;;;9966.0;0.0
av_SUGAR_d5;10900;INTARIAN_PEPPER_ROOT;10018;17;10015;22;;;10040;18;10044;27;;;10029.0;0.0
av_SUGAR_d5;11000;ASH_COATED_OSMIUM;9952;6;9949;26;;;9981;5;9985;20;;;9966.5;0.0
av_SUGAR_d5;11000;INTARIAN_PEPPER_ROOT;10026;18;10024;25;;;10032;14;10036;18;;;10029.0;0.0
av_SUGAR_d5;11100;ASH_COATED_OSMIUM;9964;14;9962;19;;;9970;15;9973;18;;;9967.0;0.0
av_SUGAR_d5;11100;INTARIAN_PEPPER_ROOT;10025;16;10021;16;;;10032;18;10034;15;;;10028.5;0.0
av_SUGAR_d5;11200;ASH_COATED_OSMIUM;9963;18;9959;17;;;9969;14;9972;15;;;9966.0;0.0
av_SUGAR_d5;11200;INTARIAN_PEPPER_ROOT;10025;23;10023;14;;;10031;12;10034;17;;;10028.0;0.0
av_SUGAR_d5;11300;ASH_COATED_OSMIUM;9959;21;9957;21;;;9975;16;9979;15;;;9967.0;0.0
av_SUGAR_d5;11300;INTARIAN_PEPPER_ROOT;10024;5;10022;13;;;10030;15;10033;19;;;10027.0;0.0
av_SUGAR_d5;11400;ASH_COATED_OSMIUM;9963;16;9960;29;;;9969;15;9972;14;;;9966.0;0.0
av_SUGAR_d5;11400;INTARIAN_PEPPER_ROOT;10024;20;10020;22;;;10030;17;10032;25;;;10027.0;0.0
av_SUGAR_d5;11500;ASH_COATED_OSMIUM;9960;19;9956;15;;;9973;10;9976;19;;;9966.5;0.0
av_SUGAR_d5;11500;INTARIAN_PEPPER_ROOT;10023;12;10021;17;;;10029;18;10031;22;;;10026.0;0.0
av_SUGAR_d5;11600;ASH_COATED_OSMIUM;9964;12;9962;20;;;9970;12;9974;28;;;9967.0;0.0
av_SUGAR_d5;11600;INTARIAN_PEPPER_ROOT;10023;11;10020;9;;;10029;13;10032;12;;;10026.0;0.0
av_SUGAR_d5;11700;ASH_COATED_OSMIUM;9962;16;9959;23;;;9970;18;9972;17;;;9966.0;0.0
av_SUGAR_d5;11700;INTARIAN_PEPPER_ROOT;10022;18;10018;27;;;10028;9;10031;19;;;10025.0;0.0
av_SUGAR_d5;11800;ASH_COATED_OSMIUM;9946;5;9942;19;;;9986;7;9989;17;;;9966.0;0.0
av_SUGAR_d5;11800;INTARIAN_PEPPER_ROOT;10020;24;10017;23;;;10030;8;10034;14;;;10025.0;0.0
av_SUGAR_d5;11900;ASH_COATED_OSMIUM;9963;8;9960;19;;;9970;15;9974;14;;;9966.5;0.0
av_SUGAR_d5;11900;INTARIAN_PEPPER_ROOT;10021;18;10018;20;;;10027;13;10029;29;;;10024.0;0.0
av_SUGAR_d5;12000;ASH_COATED_OSMIUM;9956;16;9954;28;;;9976;15;9979;21;;;9966.0;0.0
av_SUGAR_d5;12000;INTARIAN_PEPPER_ROOT;10015;10;10013;25;;;10033;17;10037;23;;;10024.0;0.0
av_SUGAR_d5;12100;ASH_COATED_OSMIUM;9964;9;9961;23;;;9970;29;9973;21;;;9967.0;0.0
av_SUGAR_d5;12100;INTARIAN_PEPPER_ROOT;10010;20;10007;15;;;10035;21;10038;24;;;10022.5;0.0
av_SUGAR_d5;12200;ASH_COATED_OSMIUM;9962;20;9960;13;;;9972;7;9975;20;;;9967.0;0.0
av_SUGAR_d5;12200;INTARIAN_PEPPER_ROOT;10020;15;10018;23;;;10026;10;10029;16;;;10023.0;0.0
av_SUGAR_d5;12300;ASH_COATED_OSMIUM;9964;11;9961;16;;;9970;17;9973;19;;;9967.0;0.0
av_SUGAR_d5;12300;INTARIAN_PEPPER_ROOT;10020;8;10016;17;;;10026;24;10029;20;;;10023.0;0.0
av_SUGAR_d5;12400;ASH_COATED_OSMIUM;9958;16;9955;23;;;9975;16;9979;22;;;9966.5;0.0
av_SUGAR_d5;12400;INTARIAN_PEPPER_ROOT;10017;10;10015;25;;;10027;16;10029;20;;;10022.0;0.0
av_SUGAR_d5;12500;ASH_COATED_OSMIUM;9964;16;9960;14;;;9970;20;9973;17;;;9967.0;0.0
av_SUGAR_d5;12500;INTARIAN_PEPPER_ROOT;10017;11;10015;12;;;10025;20;10028;30;;;10021.0;0.0
av_SUGAR_d5;12600;ASH_COATED_OSMIUM;9947;8;9944;18;;;9987;19;9989;17;;;9967.0;0.0
av_SUGAR_d5;12600;INTARIAN_PEPPER_ROOT;10018;7;10014;19;;;10024;17;10027;15;;;10021.0;0.0
av_SUGAR_d5;12700;ASH_COATED_OSMIUM;9960;10;9958;11;;;9974;16;9977;29;;;9967.0;0.0
av_SUGAR_d5;12700;INTARIAN_PEPPER_ROOT;10018;12;10015;17;;;10024;8;10026;23;;;10021.0;0.0
av_SUGAR_d5;12800;ASH_COATED_OSMIUM;9964;19;9962;20;;;9970;16;9972;23;;;9967.0;0.0
av_SUGAR_d5;12800;INTARIAN_PEPPER_ROOT;10017;24;10015;14;;;10023;16;10025;27;;;10020.0;0.0
av_SUGAR_d5;12900;ASH_COATED_OSMIUM;9962;20;9958;8;;;9972;14;9974;21;;;9967.0;0.0
av_SUGAR_d5;12900;INTARIAN_PEPPER_ROOT;10017;14;10015;19;;;10023;17;10025;20;;;10020.0;0.0
av_SUGAR_d5;13000;ASH_COATED_OSMIUM;9963;20;9960;17;;;9969;5;9972;18;;;9966.0;0.0
av_SUGAR_d5;13000;INTARIAN_PEPPER_ROOT;10016;10;10014;12;;;10022;18;10024;15;;;10019.0;0.0
av_SUGAR_d5;13100;ASH_COATED_OSMIUM;9964;15;9961;22;;;9970;11;9974;21;;;9967.0;0.0
av_SUGAR_d5;13100;INTARIAN_PEPPER_ROOT;10015;13;10011;34;;;10021;13;10025;15;;;10018.0;0.0
av_SUGAR_d5;13200;ASH_COATED_OSMIUM;9958;22;9956;18;;;9975;12;9979;22;;;9966.5;0.0
av_SUGAR_d5;13200;INTARIAN_PEPPER_ROOT;10009;11;10007;20;;;10026;14;10029;21;;;10017.5;0.0
av_SUGAR_d5;13300;ASH_COATED_OSMIUM;9965;14;9961;26;;;9971;12;9973;11;;;9968.0;0.0
av_SUGAR_d5;13300;INTARIAN_PEPPER_ROOT;10013;14;10009;28;;;10021;21;10024;24;;;10017.0;0.0
av_SUGAR_d5;13400;ASH_COATED_OSMIUM;9964;9;9960;18;;;9970;9;9972;25;;;9967.0;0.0
av_SUGAR_d5;13400;INTARIAN_PEPPER_ROOT;10014;12;10010;25;;;10021;16;10023;25;;;10017.5;0.0
av_SUGAR_d5;13500;ASH_COATED_OSMIUM;9957;14;9954;18;;;9976;23;9979;17;;;9966.5;0.0
av_SUGAR_d5;13500;INTARIAN_PEPPER_ROOT;10013;23;10010;15;;;10019;7;10021;19;;;10016.0;0.0
av_SUGAR_d5;13600;ASH_COATED_OSMIUM;9963;8;9960;15;;;9969;16;9973;15;;;9966.0;0.0
av_SUGAR_d5;13600;INTARIAN_PEPPER_ROOT;10013;11;10009;24;;;10019;8;10022;21;;;10016.0;0.0
av_SUGAR_d5;13700;ASH_COATED_OSMIUM;9963;25;9961;22;;;9969;24;9973;12;;;9966.0;0.0
av_SUGAR_d5;13700;INTARIAN_PEPPER_ROOT;10011;14;10008;18;;;10019;16;10021;26;;;10015.0;0.0
av_SUGAR_d5;13800;ASH_COATED_OSMIUM;9964;8;9962;22;;;9970;8;9974;18;;;9967.0;0.0
av_SUGAR_d5;13800;INTARIAN_PEPPER_ROOT;10012;14;10009;16;;;10018;21;10021;25;;;10015.0;0.0
av_SUGAR_d5;13900;ASH_COATED_OSMIUM;9964;13;9962;15;;;9970;16;9973;29;;;9967.0;0.0
av_SUGAR_d5;13900;INTARIAN_PEPPER_ROOT;10009;16;10007;15;;;10019;8;10022;24;;;10014.0;0.0
av_SUGAR_d5;14000;ASH_COATED_OSMIUM;9962;11;9959;17;;;9971;12;9973;22;;;9966.5;0.0
av_SUGAR_d5;14000;INTARIAN_PEPPER_ROOT;10011;10;10008;20;;;10017;18;10020;25;;;10014.0;0.0
av_SUGAR_d5;14100;ASH_COATED_OSMIUM;9962;7;9958;33;;;9970;11;9972;20;;;9966.0;0.0
av_SUGAR_d5;14100;INTARIAN_PEPPER_ROOT;10011;14;10009;20;;;10017;6;10020;11;;;10014.0;0.0
av_SUGAR_d5;14200;ASH_COATED_OSMIUM;9964;11;9961;19;;;9970;7;9973;16;;;9967.0;0.0
av_SUGAR_d5;14200;INTARIAN_PEPPER_ROOT;10010;12;10006;17;;;10016;21;10018;14;;;10013.0;0.0
av_SUGAR_d5;14300;ASH_COATED_OSMIUM;9964;28;9961;22;;;9970;14;9973;14;;;9967.0;0.0
av_SUGAR_d5;14300;INTARIAN_PEPPER_ROOT;10010;19;10006;9;;;10016;16;10018;23;;;10013.0;0.0
av_SUGAR_d5;14400;ASH_COATED_OSMIUM;9964;30;9961;27;;;9970;12;9974;18;;;9967.0;0.0
av_SUGAR_d5;14400;INTARIAN_PEPPER_ROOT;10009;21;10007;20;;;10015;23;10017;17;;;10012.0;0.0
av_SUGAR_d5;14500;ASH_COATED_OSMIUM;9964;8;9960;26;;;9970;10;9973;21;;;9967.0;0.0
av_SUGAR_d5;14500;INTARIAN_PEPPER_ROOT;10009;20;10005;12;;;10015;15;10017;16;;;10012.0;0.0
av_SUGAR_d5;14600;ASH_COATED_OSMIUM;9964;27;9960;20;;;9970;9;9973;25;;;9967.0;0.0
av_SUGAR_d5;14600;INTARIAN_PEPPER_ROOT;10008;27;10006;17;;;10014;6;10018;16;;;10011.0;0.0
av_SUGAR_d5;14700;ASH_COATED_OSMIUM;9964;10;9962;22;;;9970;13;9974;19;;;9967.0;0.0
av_SUGAR_d5;14700;INTARIAN_PEPPER_ROOT;10007;16;10003;24;;;10014;9;10017;12;;;10010.5;0.0
av_SUGAR_d5;14800;ASH_COATED_OSMIUM;9964;23;9962;23;;;9970;13;9973;20;;;9967.0;0.0
av_SUGAR_d5;14800;INTARIAN_PEPPER_ROOT;10005;17;10003;22;;;10015;5;10019;17;;;10010.0;0.0
av_SUGAR_d5;14900;ASH_COATED_OSMIUM;9964;9;9960;24;;;9970;17;9972;26;;;9967.0;0.0
av_SUGAR_d5;14900;INTARIAN_PEPPER_ROOT;10005;10;10003;18;;;10015;9;10019;25;;;10010.0;0.0
av_SUGAR_d5;15000;ASH_COATED_OSMIUM;9964;16;9961;13;;;9970;6;9974;21;;;9967.0;0.0
av_SUGAR_d5;15000;INTARIAN_PEPPER_ROOT;9996;11;9994;20;;;10022;10;10025;13;;;10009.0;0.0
av_SUGAR_d5;15100;ASH_COATED_OSMIUM;9955;7;9953;13;;;9979;13;9983;19;;;9967.0;0.0
av_SUGAR_d5;15100;INTARIAN_PEPPER_ROOT;10004;17;10002;14;;;10014;22;10017;20;;;10009.0;0.0
av_SUGAR_d5;15200;ASH_COATED_OSMIUM;9961;15;9957;25;;;9973;13;9976;26;;;9967.0;0.0
av_SUGAR_d5;15200;INTARIAN_PEPPER_ROOT;10005;15;10003;19;;;10011;21;10014;25;;;10008.0;0.0
av_SUGAR_d5;15300;ASH_COATED_OSMIUM;9964;10;9962;23;;;9970;17;9972;20;;;9967.0;0.0
av_SUGAR_d5;15300;INTARIAN_PEPPER_ROOT;10004;11;10001;22;;;10011;30;10015;10;;;10007.5;0.0
av_SUGAR_d5;15400;ASH_COATED_OSMIUM;9964;20;9961;21;;;9970;18;9972;21;;;9967.0;0.0
av_SUGAR_d5;15400;INTARIAN_PEPPER_ROOT;9998;9;9994;20;;;10016;15;10019;19;;;10007.0;0.0
av_SUGAR_d5;15500;ASH_COATED_OSMIUM;9961;15;9959;18;;;9973;16;9977;16;;;9967.0;0.0
av_SUGAR_d5;15500;INTARIAN_PEPPER_ROOT;10003;12;9999;14;;;10010;5;10013;22;;;10006.5;0.0
av_SUGAR_d5;15600;ASH_COATED_OSMIUM;9964;17;9961;27;;;9970;10;9972;8;;;9967.0;0.0
av_SUGAR_d5;15600;INTARIAN_PEPPER_ROOT;9991;8;9989;24;;;10020;26;10022;19;;;10005.5;0.0
av_SUGAR_d5;15700;ASH_COATED_OSMIUM;9964;8;9960;27;;;9970;7;9973;31;;;9967.0;0.0
av_SUGAR_d5;15700;INTARIAN_PEPPER_ROOT;9999;9;9997;20;;;10012;14;10015;20;;;10005.5;0.0
av_SUGAR_d5;15800;ASH_COATED_OSMIUM;9964;11;9961;21;;;9970;12;9974;23;;;9967.0;0.0
av_SUGAR_d5;15800;INTARIAN_PEPPER_ROOT;9990;10;9986;20;;;10020;20;10023;30;;;10005.0;0.0
av_SUGAR_d5;15900;ASH_COATED_OSMIUM;9964;16;9962;14;;;9970;13;9974;15;;;9967.0;0.0
av_SUGAR_d5;15900;INTARIAN_PEPPER_ROOT;10002;16;10000;22;;;10008;9;10010;17;;;10005.0;0.0
av_SUGAR_d5;16000;ASH_COATED_OSMIUM;9964;19;9962;20;;;9970;17;9973;27;;;9967.0;0.0
av_SUGAR_d5;16000;INTARIAN_PEPPER_ROOT;10001;18;9999;22;;;10007;21;10009;12;;;10004.0;0.0
av_SUGAR_d5;16100;ASH_COATED_OSMIUM;9965;12;9962;10;;;9971;21;9975;28;;;9968.0;0.0
av_SUGAR_d5;16100;INTARIAN_PEPPER_ROOT;9997;18;9994;25;;;10012;10;10016;20;;;10004.5;0.0
av_SUGAR_d5;16200;ASH_COATED_OSMIUM;9964;19;9961;8;;;9970;23;9974;26;;;9967.0;0.0
av_SUGAR_d5;16200;INTARIAN_PEPPER_ROOT;10000;20;9996;16;;;10006;17;10008;18;;;10003.0;0.0
av_SUGAR_d5;16300;ASH_COATED_OSMIUM;9964;9;9960;15;;;9970;14;9974;14;;;9967.0;0.0
av_SUGAR_d5;16300;INTARIAN_PEPPER_ROOT;10000;15;9997;18;;;10006;14;10009;32;;;10003.0;0.0
av_SUGAR_d5;16400;ASH_COATED_OSMIUM;9958;19;9954;8;;;9975;14;9978;21;;;9966.5;0.0
av_SUGAR_d5;16400;INTARIAN_PEPPER_ROOT;9999;16;9997;24;;;10005;19;10009;15;;;10002.0;0.0
av_SUGAR_d5;16500;ASH_COATED_OSMIUM;9965;20;9963;19;;;9971;15;9973;15;;;9968.0;0.0
av_SUGAR_d5;16500;INTARIAN_PEPPER_ROOT;9999;18;9997;25;;;10005;22;10008;27;;;10002.0;0.0
av_SUGAR_d5;16600;ASH_COATED_OSMIUM;9964;5;9960;8;;;9971;14;9973;23;;;9967.5;0.0
av_SUGAR_d5;16600;INTARIAN_PEPPER_ROOT;9998;16;9994;19;;;10005;19;10008;25;;;10001.5;0.0
av_SUGAR_d5;16700;ASH_COATED_OSMIUM;9965;14;9961;21;;;9971;15;9975;25;;;9968.0;0.0
av_SUGAR_d5;16700;INTARIAN_PEPPER_ROOT;9993;21;9989;21;;;10008;20;10010;23;;;10000.5;0.0
av_SUGAR_d5;16800;ASH_COATED_OSMIUM;9958;27;9956;23;;;9975;10;9979;23;;;9966.5;0.0
av_SUGAR_d5;16800;INTARIAN_PEPPER_ROOT;9990;14;9987;23;;;10011;12;10013;12;;;10000.5;0.0
av_SUGAR_d5;16900;ASH_COATED_OSMIUM;9964;21;9962;20;;;9970;23;9974;22;;;9967.0;0.0
av_SUGAR_d5;16900;INTARIAN_PEPPER_ROOT;9996;13;9992;18;;;10002;9;10004;24;;;9999.0;0.0
av_SUGAR_d5;17000;ASH_COATED_OSMIUM;9964;17;9961;28;;;9970;20;9973;27;;;9967.0;0.0
av_SUGAR_d5;17000;INTARIAN_PEPPER_ROOT;9997;12;9994;16;;;10003;5;10005;25;;;10000.0;0.0
av_SUGAR_d5;17100;ASH_COATED_OSMIUM;9962;7;9958;17;;;9971;11;9975;22;;;9966.5;0.0
av_SUGAR_d5;17100;INTARIAN_PEPPER_ROOT;9998;13;9996;18;;;10004;12;10006;19;;;10001.0;0.0
av_SUGAR_d5;17200;ASH_COATED_OSMIUM;9964;8;9960;21;;;9970;11;9974;17;;;9967.0;0.0
av_SUGAR_d5;17200;INTARIAN_PEPPER_ROOT;10000;14;9996;23;;;10006;17;10010;28;;;10003.0;0.0
av_SUGAR_d5;17300;ASH_COATED_OSMIUM;9964;11;9961;19;;;9970;11;9973;19;;;9967.0;0.0
av_SUGAR_d5;17300;INTARIAN_PEPPER_ROOT;9999;5;9996;15;;;10009;14;10012;13;;;10004.0;0.0
av_SUGAR_d5;17400;ASH_COATED_OSMIUM;9964;17;9962;27;;;9970;20;9972;13;;;9967.0;0.0
av_SUGAR_d5;17400;INTARIAN_PEPPER_ROOT;10000;9;9996;17;;;10012;11;10014;19;;;10006.0;0.0
av_SUGAR_d5;17500;ASH_COATED_OSMIUM;9964;18;9960;26;;;9970;15;9972;28;;;9967.0;0.0
av_SUGAR_d5;17500;INTARIAN_PEPPER_ROOT;10003;13;10000;24;;;10009;21;10013;18;;;10006.0;0.0
av_SUGAR_d5;17600;ASH_COATED_OSMIUM;9962;8;9960;24;;;9972;11;9974;16;;;9967.0;0.0
av_SUGAR_d5;17600;INTARIAN_PEPPER_ROOT;10003;17;10001;24;;;10015;16;10017;19;;;10009.0;0.0
av_SUGAR_d5;17700;ASH_COATED_OSMIUM;9964;23;9962;8;;;9970;13;9974;27;;;9967.0;0.0
av_SUGAR_d5;17700;INTARIAN_PEPPER_ROOT;10003;11;10000;12;;;10017;13;10021;8;;;10010.0;0.0
av_SUGAR_d5;17800;ASH_COATED_OSMIUM;9964;13;9961;25;;;9970;23;9974;13;;;9967.0;0.0
av_SUGAR_d5;17800;INTARIAN_PEPPER_ROOT;10008;15;10006;16;;;10015;8;10019;28;;;10011.5;0.0
av_SUGAR_d5;17900;ASH_COATED_OSMIUM;9962;20;9960;23;;;9972;18;9975;12;;;9967.0;0.0
av_SUGAR_d5;17900;INTARIAN_PEPPER_ROOT;10010;6;10008;26;;;10016;18;10019;16;;;10013.0;0.0
av_SUGAR_d5;18000;ASH_COATED_OSMIUM;9960;16;9958;18;;;9975;19;9978;16;;;9967.5;0.0
av_SUGAR_d5;18000;INTARIAN_PEPPER_ROOT;10010;16;10006;15;;;10018;15;10020;18;;;10014.0;0.0
av_SUGAR_d5;18100;ASH_COATED_OSMIUM;9961;22;9958;18;;;9973;13;9977;21;;;9967.0;0.0
av_SUGAR_d5;18100;INTARIAN_PEPPER_ROOT;10008;15;10004;21;;;10023;17;10027;29;;;10015.5;0.0
av_SUGAR_d5;18200;ASH_COATED_OSMIUM;9964;8;9961;25;;;9970;8;9973;19;;;9967.0;0.0
av_SUGAR_d5;18200;INTARIAN_PEPPER_ROOT;10012;17;10008;22;;;10021;14;10024;19;;;10016.5;0.0
av_SUGAR_d5;18300;ASH_COATED_OSMIUM;9960;15;9956;19;;;9974;16;9977;23;;;9967.0;0.0
av_SUGAR_d5;18300;INTARIAN_PEPPER_ROOT;10015;16;10012;21;;;10021;17;10025;23;;;10018.0;0.0
av_SUGAR_d5;18400;ASH_COATED_OSMIUM;9964;12;9960;21;;;9970;16;9972;13;;;9967.0;0.0
av_SUGAR_d5;18400;INTARIAN_PEPPER_ROOT;10007;19;10003;26;;;10032;15;10034;15;;;10019.5;0.0
av_SUGAR_d5;18500;ASH_COATED_OSMIUM;9963;23;9960;24;;;9970;14;9972;8;;;9966.5;0.0
av_SUGAR_d5;18500;INTARIAN_PEPPER_ROOT;10018;11;10015;22;;;10024;19;10028;24;;;10021.0;0.0
av_SUGAR_d5;18600;ASH_COATED_OSMIUM;9960;11;9956;17;;;9972;9;9975;17;;;9966.0;0.0
av_SUGAR_d5;18600;INTARIAN_PEPPER_ROOT;10018;17;10016;8;;;10026;19;10030;11;;;10022.0;0.0
av_SUGAR_d5;18700;ASH_COATED_OSMIUM;9964;11;9962;26;;;9970;18;9973;22;;;9967.0;0.0
av_SUGAR_d5;18700;INTARIAN_PEPPER_ROOT;10017;16;10013;14;;;10030;7;10033;9;;;10023.5;0.0
av_SUGAR_d5;18800;ASH_COATED_OSMIUM;9964;8;9960;28;;;9970;10;9973;15;;;9967.0;0.0
av_SUGAR_d5;18800;INTARIAN_PEPPER_ROOT;10018;16;10014;27;;;10033;9;10036;21;;;10025.5;0.0
av_SUGAR_d5;18900;ASH_COATED_OSMIUM;9962;7;9960;20;;;9971;17;9974;13;;;9966.5;0.0
av_SUGAR_d5;18900;INTARIAN_PEPPER_ROOT;10023;23;10020;18;;;10029;25;10032;23;;;10026.0;0.0
av_SUGAR_d5;19000;ASH_COATED_OSMIUM;9963;14;9960;23;;;9969;15;9972;22;;;9966.0;0.0
av_SUGAR_d5;19000;INTARIAN_PEPPER_ROOT;10026;5;10022;12;;;10032;12;10036;18;;;10029.0;0.0
av_SUGAR_d5;19100;ASH_COATED_OSMIUM;9963;24;9961;17;;;9970;21;9972;17;;;9966.5;0.0
av_SUGAR_d5;19100;INTARIAN_PEPPER_ROOT;10012;14;10009;14;;;10047;10;10049;17;;;10029.5;0.0
av_SUGAR_d5;19200;ASH_COATED_OSMIUM;9963;5;9959;27;;;9969;10;9972;13;;;9966.0;0.0
av_SUGAR_d5;19200;INTARIAN_PEPPER_ROOT;10017;5;10015;28;;;10044;12;10047;16;;;10030.5;0.0
av_SUGAR_d5;19300;ASH_COATED_OSMIUM;9963;26;9961;25;;;9971;8;9973;20;;;9967.0;0.0
av_SUGAR_d5;19300;INTARIAN_PEPPER_ROOT;10024;7;10022;26;;;10041;9;10043;24;;;10032.5;0.0
av_SUGAR_d5;19400;ASH_COATED_OSMIUM;9958;20;9954;18;;;9974;20;9977;17;;;9966.0;0.0
av_SUGAR_d5;19400;INTARIAN_PEPPER_ROOT;10030;14;10028;22;;;10036;14;10039;21;;;10033.0;0.0
av_SUGAR_d5;19500;ASH_COATED_OSMIUM;9963;9;9961;14;;;9969;16;9972;21;;;9966.0;0.0
av_SUGAR_d5;19500;INTARIAN_PEPPER_ROOT;10032;16;10030;22;;;10038;11;10041;31;;;10035.0;0.0
av_SUGAR_d5;19600;ASH_COATED_OSMIUM;9963;15;9960;21;;;9969;5;9973;19;;;9966.0;0.0
av_SUGAR_d5;19600;INTARIAN_PEPPER_ROOT;10033;21;10030;23;;;10039;6;10041;19;;;10036.0;0.0
av_SUGAR_d5;19700;ASH_COATED_OSMIUM;9963;12;9960;23;;;9969;17;9971;17;;;9966.0;0.0
av_SUGAR_d5;19700;INTARIAN_PEPPER_ROOT;10035;5;10031;24;;;10041;17;10044;22;;;10038.0;0.0
av_SUGAR_d5;19800;ASH_COATED_OSMIUM;9958;8;9956;18;;;9972;15;9974;24;;;9965.0;0.0
av_SUGAR_d5;19800;INTARIAN_PEPPER_ROOT;10034;26;10032;23;;;10044;16;10047;9;;;10039.0;0.0
av_SUGAR_d5;19900;ASH_COATED_OSMIUM;9963;10;9960;16;;;9969;14;9973;21;;;9966.0;0.0
av_SUGAR_d5;19900;INTARIAN_PEPPER_ROOT;10035;18;10031;24;;;10045;16;10049;26;;;10040.0;0.0
av_SUGAR_d5;20000;ASH_COATED_OSMIUM;9963;13;9959;24;;;9969;13;9971;23;;;9966.0;0.0
av_SUGAR_d5;20000;INTARIAN_PEPPER_ROOT;10039;12;10036;19;;;10045;15;10047;13;;;10042.0;0.0
av_SUGAR_d5;20100;ASH_COATED_OSMIUM;9963;11;9961;22;;;9969;12;9971;19;;;9966.0;0.0
av_SUGAR_d5;20100;INTARIAN_PEPPER_ROOT;10040;16;10038;23;;;10046;18;10049;18;;;10043.0;0.0
av_SUGAR_d5;20200;ASH_COATED_OSMIUM;9962;13;9958;27;;;9971;30;9974;20;;;9966.5;0.0
av_SUGAR_d5;20200;INTARIAN_PEPPER_ROOT;10042;11;10039;17;;;10048;11;10051;20;;;10045.0;0.0
av_SUGAR_d5;20300;ASH_COATED_OSMIUM;9962;8;9959;25;;;9968;12;9972;21;;;9965.0;0.0
av_SUGAR_d5;20300;INTARIAN_PEPPER_ROOT;10042;16;10040;23;;;10048;18;10051;15;;;10045.0;0.0
av_SUGAR_d5;20400;ASH_COATED_OSMIUM;9946;19;9943;26;;;9985;9;9988;31;;;9965.5;0.0
av_SUGAR_d5;20400;INTARIAN_PEPPER_ROOT;10044;15;10040;27;;;10050;22;10053;11;;;10047.0;0.0
av_SUGAR_d5;20500;ASH_COATED_OSMIUM;9962;13;9958;14;;;9968;14;9971;10;;;9965.0;0.0
av_SUGAR_d5;20500;INTARIAN_PEPPER_ROOT;10045;12;10042;20;;;10051;23;10055;20;;;10048.0;0.0
av_SUGAR_d5;20600;ASH_COATED_OSMIUM;9958;14;9954;26;;;9974;15;9977;17;;;9966.0;0.0
av_SUGAR_d5;20600;INTARIAN_PEPPER_ROOT;10046;13;10044;24;;;10052;15;10054;24;;;10049.0;0.0
av_SUGAR_d5;20700;ASH_COATED_OSMIUM;9956;11;9953;18;;;9976;15;9979;10;;;9966.0;0.0
av_SUGAR_d5;20700;INTARIAN_PEPPER_ROOT;10045;6;10041;22;;;10057;15;10061;30;;;10051.0;0.0
av_SUGAR_d5;20800;ASH_COATED_OSMIUM;9963;16;9961;13;;;9969;14;9972;22;;;9966.0;0.0
av_SUGAR_d5;20800;INTARIAN_PEPPER_ROOT;10047;5;10044;21;;;10059;22;10061;27;;;10053.0;0.0
av_SUGAR_d5;20900;ASH_COATED_OSMIUM;9962;12;9959;18;;;9968;26;9971;23;;;9965.0;0.0
av_SUGAR_d5;20900;INTARIAN_PEPPER_ROOT;10051;10;10048;16;;;10057;14;10060;22;;;10054.0;0.0
av_SUGAR_d5;21000;ASH_COATED_OSMIUM;9962;11;9960;17;;;9968;15;9971;18;;;9965.0;0.0
av_SUGAR_d5;21000;INTARIAN_PEPPER_ROOT;10052;12;10048;16;;;10058;12;10062;21;;;10055.0;0.0
av_SUGAR_d5;21100;ASH_COATED_OSMIUM;9962;19;9958;27;;;9968;17;9971;18;;;9965.0;0.0
av_SUGAR_d5;21100;INTARIAN_PEPPER_ROOT;10054;11;10050;20;;;10060;16;10062;24;;;10057.0;0.0
av_SUGAR_d5;21200;ASH_COATED_OSMIUM;9960;17;9956;25;;;9972;10;9976;21;;;9966.0;0.0
av_SUGAR_d5;21200;INTARIAN_PEPPER_ROOT;10050;17;10047;14;;;10067;18;10069;28;;;10058.5;0.0
av_SUGAR_d5;21300;ASH_COATED_OSMIUM;9960;17;9957;8;;;9970;9;9972;16;;;9965.0;0.0
av_SUGAR_d5;21300;INTARIAN_PEPPER_ROOT;10054;8;10052;14;;;10064;13;10068;24;;;10059.0;0.0
av_SUGAR_d5;21400;ASH_COATED_OSMIUM;9962;21;9959;22;;;9968;14;9971;16;;;9965.0;0.0
av_SUGAR_d5;21400;INTARIAN_PEPPER_ROOT;10054;8;10050;24;;;10067;16;10070;21;;;10060.5;0.0
av_SUGAR_d5;21500;ASH_COATED_OSMIUM;9962;19;9958;20;;;9968;12;9971;20;;;9965.0;0.0
av_SUGAR_d5;21500;INTARIAN_PEPPER_ROOT;10059;21;10055;21;;;10065;13;10067;26;;;10062.0;0.0
av_SUGAR_d5;21600;ASH_COATED_OSMIUM;9962;17;9960;19;;;9968;17;9970;12;;;9965.0;0.0
av_SUGAR_d5;21600;INTARIAN_PEPPER_ROOT;10049;8;10046;16;;;10078;27;10081;18;;;10063.5;0.0
av_SUGAR_d5;21700;ASH_COATED_OSMIUM;9962;15;9958;15;;;9969;14;9973;21;;;9965.5;0.0
av_SUGAR_d5;21700;INTARIAN_PEPPER_ROOT;10062;17;10060;29;;;10068;16;10071;12;;;10065.0;0.0
av_SUGAR_d5;21800;ASH_COATED_OSMIUM;9962;6;9960;21;;;9968;6;9971;14;;;9965.0;0.0
av_SUGAR_d5;21800;INTARIAN_PEPPER_ROOT;10063;10;10060;15;;;10069;21;10071;19;;;10066.0;0.0
av_SUGAR_d5;21900;ASH_COATED_OSMIUM;9960;12;9956;25;;;9970;17;9973;20;;;9965.0;0.0
av_SUGAR_d5;21900;INTARIAN_PEPPER_ROOT;10065;11;10062;13;;;10071;14;10073;8;;;10068.0;0.0
av_SUGAR_d5;22000;ASH_COATED_OSMIUM;9962;18;9960;11;;;9968;17;9972;29;;;9965.0;0.0
av_SUGAR_d5;22000;INTARIAN_PEPPER_ROOT;10064;19;10062;20;;;10075;5;10078;20;;;10069.5;0.0
av_SUGAR_d5;22100;ASH_COATED_OSMIUM;9962;8;9958;20;;;9968;14;9971;21;;;9965.0;0.0
av_SUGAR_d5;22100;INTARIAN_PEPPER_ROOT;10067;7;10064;20;;;10075;15;10079;30;;;10071.0;0.0
av_SUGAR_d5;22200;ASH_COATED_OSMIUM;9955;12;9952;20;;;9975;18;9979;24;;;9965.0;0.0
av_SUGAR_d5;22200;INTARIAN_PEPPER_ROOT;10066;14;10063;22;;;10078;6;10082;16;;;10072.0;0.0
av_SUGAR_d5;22300;ASH_COATED_OSMIUM;9962;15;9959;25;;;9968;11;9971;8;;;9965.0;0.0
av_SUGAR_d5;22300;INTARIAN_PEPPER_ROOT;10065;25;10062;15;;;10082;20;10084;21;;;10073.5;0.0
av_SUGAR_d5;22400;ASH_COATED_OSMIUM;9960;12;9957;17;;;9969;12;9971;22;;;9964.5;0.0
av_SUGAR_d5;22400;INTARIAN_PEPPER_ROOT;10072;12;10068;21;;;10078;25;10082;27;;;10075.0;0.0
av_SUGAR_d5;22500;ASH_COATED_OSMIUM;9960;11;9957;12;;;9970;13;9973;15;;;9965.0;0.0
av_SUGAR_d5;22500;INTARIAN_PEPPER_ROOT;10073;18;10071;16;;;10079;11;10083;23;;;10076.0;0.0
av_SUGAR_d5;22600;ASH_COATED_OSMIUM;9962;15;9960;27;;;9968;10;9971;19;;;9965.0;0.0
av_SUGAR_d5;22600;INTARIAN_PEPPER_ROOT;10073;14;10071;21;;;10082;14;10085;26;;;10077.5;0.0
av_SUGAR_d5;22700;ASH_COATED_OSMIUM;9958;14;9956;24;;;9972;22;9975;11;;;9965.0;0.0
av_SUGAR_d5;22700;INTARIAN_PEPPER_ROOT;10073;20;10069;25;;;10084;10;10086;27;;;10078.5;0.0
av_SUGAR_d5;22800;ASH_COATED_OSMIUM;9952;7;9950;25;;;9976;6;9978;16;;;9964.0;0.0
av_SUGAR_d5;22800;INTARIAN_PEPPER_ROOT;10078;7;10076;27;;;10084;12;10088;24;;;10081.0;0.0
av_SUGAR_d5;22900;ASH_COATED_OSMIUM;9962;19;9958;13;;;9968;9;9971;18;;;9965.0;0.0
av_SUGAR_d5;22900;INTARIAN_PEPPER_ROOT;10079;8;10075;19;;;10085;9;10088;22;;;10082.0;0.0
av_SUGAR_d5;23000;ASH_COATED_OSMIUM;9955;21;9952;29;;;9973;16;9977;14;;;9964.0;0.0
av_SUGAR_d5;23000;INTARIAN_PEPPER_ROOT;10080;18;10078;22;;;10086;15;10090;18;;;10083.0;0.0
av_SUGAR_d5;23100;ASH_COATED_OSMIUM;9949;9;9946;14;;;9979;14;9982;10;;;9964.0;0.0
av_SUGAR_d5;23100;INTARIAN_PEPPER_ROOT;10081;11;10077;20;;;10087;18;10089;16;;;10084.0;0.0
av_SUGAR_d5;23200;ASH_COATED_OSMIUM;9961;11;9959;21;;;9967;16;9970;27;;;9964.0;0.0
av_SUGAR_d5;23200;INTARIAN_PEPPER_ROOT;10080;22;10076;13;;;10091;17;10094;19;;;10085.5;0.0
av_SUGAR_d5;23300;ASH_COATED_OSMIUM;9961;10;9959;28;;;9967;13;9969;18;;;9964.0;0.0
av_SUGAR_d5;23300;INTARIAN_PEPPER_ROOT;10077;20;10073;21;;;10098;11;10102;16;;;10087.5;0.0
av_SUGAR_d5;23400;ASH_COATED_OSMIUM;9961;15;9957;22;;;9967;18;9970;21;;;9964.0;0.0
av_SUGAR_d5;23400;INTARIAN_PEPPER_ROOT;10086;8;10084;25;;;10092;16;10096;27;;;10089.0;0.0
av_SUGAR_d5;23500;ASH_COATED_OSMIUM;9957;12;9954;21;;;9972;22;9974;17;;;9964.5;0.0
av_SUGAR_d5;23500;INTARIAN_PEPPER_ROOT;10087;10;10084;24;;;10093;14;10097;26;;;10090.0;0.0
av_SUGAR_d5;23600;ASH_COATED_OSMIUM;9962;10;9960;30;;;9968;16;9970;12;;;9965.0;0.0
av_SUGAR_d5;23600;INTARIAN_PEPPER_ROOT;10082;25;10080;20;;;10102;17;10104;20;;;10092.0;0.0
av_SUGAR_d5;23700;ASH_COATED_OSMIUM;9961;8;9959;14;;;9967;15;9970;21;;;9964.0;0.0
av_SUGAR_d5;23700;INTARIAN_PEPPER_ROOT;10089;5;10086;15;;;10095;10;10098;20;;;10092.0;0.0
av_SUGAR_d5;23800;ASH_COATED_OSMIUM;9961;14;9957;21;;;9967;14;9970;24;;;9964.0;0.0
av_SUGAR_d5;23800;INTARIAN_PEPPER_ROOT;10090;18;10086;23;;;10097;16;10099;16;;;10093.5;0.0
av_SUGAR_d5;23900;ASH_COATED_OSMIUM;9961;10;9958;10;;;9967;13;9970;18;;;9964.0;0.0
av_SUGAR_d5;23900;INTARIAN_PEPPER_ROOT;10093;15;10090;19;;;10099;12;10102;23;;;10096.0;0.0
av_SUGAR_d5;24000;ASH_COATED_OSMIUM;9961;11;9957;18;;;9967;24;9970;21;;;9964.0;0.0
av_SUGAR_d5;24000;INTARIAN_PEPPER_ROOT;10094;14;10092;20;;;10100;20;10102;22;;;10097.0;0.0
av_SUGAR_d5;24100;ASH_COATED_OSMIUM;9950;21;9948;21;;;9979;17;9982;19;;;9964.5;0.0
av_SUGAR_d5;24100;INTARIAN_PEPPER_ROOT;10089;14;10085;16;;;10109;22;10111;18;;;10099.0;0.0
av_SUGAR_d5;24200;ASH_COATED_OSMIUM;9960;16;9958;21;;;9967;11;9969;27;;;9963.5;0.0
av_SUGAR_d5;24200;INTARIAN_PEPPER_ROOT;10097;19;10094;23;;;10103;17;10105;18;;;10100.0;0.0
av_SUGAR_d5;24300;ASH_COATED_OSMIUM;9960;14;9957;18;;;9966;14;9968;24;;;9963.0;0.0
av_SUGAR_d5;24300;INTARIAN_PEPPER_ROOT;10098;5;10094;11;;;10104;15;10107;19;;;10101.0;0.0
av_SUGAR_d5;24400;ASH_COATED_OSMIUM;9961;12;9958;13;;;9967;19;9970;15;;;9964.0;0.0
av_SUGAR_d5;24400;INTARIAN_PEPPER_ROOT;10094;21;10091;17;;;10111;20;10114;14;;;10102.5;0.0
av_SUGAR_d5;24500;ASH_COATED_OSMIUM;9956;15;9954;17;;;9972;12;9976;19;;;9964.0;0.0
av_SUGAR_d5;24500;INTARIAN_PEPPER_ROOT;10093;16;10090;25;;;10114;10;10118;18;;;10103.5;0.0
av_SUGAR_d5;24600;ASH_COATED_OSMIUM;9960;15;9958;23;;;9966;25;9970;19;;;9963.0;0.0
av_SUGAR_d5;24600;INTARIAN_PEPPER_ROOT;10101;11;10098;18;;;10109;5;10111;24;;;10105.0;0.0
av_SUGAR_d5;24700;ASH_COATED_OSMIUM;9958;10;9954;30;;;9970;22;9972;19;;;9964.0;0.0
av_SUGAR_d5;24700;INTARIAN_PEPPER_ROOT;10104;9;10100;11;;;10110;7;10112;24;;;10107.0;0.0
av_SUGAR_d5;24800;ASH_COATED_OSMIUM;9960;11;9958;17;;;9966;17;9969;21;;;9963.0;0.0
av_SUGAR_d5;24800;INTARIAN_PEPPER_ROOT;10101;12;10097;17;;;10114;14;10117;15;;;10107.5;0.0
av_SUGAR_d5;24900;ASH_COATED_OSMIUM;9961;13;9957;20;;;9967;9;9970;16;;;9964.0;0.0
av_SUGAR_d5;24900;INTARIAN_PEPPER_ROOT;10103;8;10101;17;;;10115;15;10119;23;;;10109.0;0.0
av_SUGAR_d5;25000;ASH_COATED_OSMIUM;9960;10;9958;18;;;9966;13;9968;19;;;9963.0;0.0
av_SUGAR_d5;25000;INTARIAN_PEPPER_ROOT;10108;5;10106;23;;;10114;13;10117;27;;;10111.0;0.0
av_SUGAR_d5;25100;ASH_COATED_OSMIUM;9958;14;9955;30;;;9969;12;9971;20;;;9963.5;0.0
av_SUGAR_d5;25100;INTARIAN_PEPPER_ROOT;10106;15;10103;10;;;10118;17;10121;8;;;10112.0;0.0
av_SUGAR_d5;25200;ASH_COATED_OSMIUM;9960;14;9956;10;;;9966;10;9970;13;;;9963.0;0.0
av_SUGAR_d5;25200;INTARIAN_PEPPER_ROOT;10110;11;10108;13;;;10116;15;10118;20;;;10113.0;0.0
av_SUGAR_d5;25300;ASH_COATED_OSMIUM;9957;19;9953;19;;;9970;5;9973;35;;;9963.5;0.0
av_SUGAR_d5;25300;INTARIAN_PEPPER_ROOT;10112;18;10110;17;;;10118;11;10120;30;;;10115.0;0.0
av_SUGAR_d5;25400;ASH_COATED_OSMIUM;9961;11;9959;9;;;9967;25;9971;26;;;9964.0;0.0
av_SUGAR_d5;25400;INTARIAN_PEPPER_ROOT;10111;5;10109;12;;;10122;13;10125;27;;;10116.5;0.0
av_SUGAR_d5;25500;ASH_COATED_OSMIUM;9960;17;9957;12;;;9966;5;9970;26;;;9963.0;0.0
av_SUGAR_d5;25500;INTARIAN_PEPPER_ROOT;10114;9;10110;16;;;10122;11;10126;29;;;10118.0;0.0
av_SUGAR_d5;25600;ASH_COATED_OSMIUM;9960;23;9956;20;;;9966;13;9970;18;;;9963.0;0.0
av_SUGAR_d5;25600;INTARIAN_PEPPER_ROOT;10116;19;10114;19;;;10122;11;10125;17;;;10119.0;0.0
av_SUGAR_d5;25700;ASH_COATED_OSMIUM;9960;5;9957;8;;;9966;15;9969;17;;;9963.0;0.0
av_SUGAR_d5;25700;INTARIAN_PEPPER_ROOT;10117;12;10115;25;;;10123;17;10125;11;;;10120.0;0.0
av_SUGAR_d5;25800;ASH_COATED_OSMIUM;9954;11;9951;19;;;9972;13;9974;25;;;9963.0;0.0
av_SUGAR_d5;25800;INTARIAN_PEPPER_ROOT;10119;13;10115;18;;;10125;19;10128;10;;;10122.0;0.0
av_SUGAR_d5;25900;ASH_COATED_OSMIUM;9959;14;9955;20;;;9967;17;9971;18;;;9963.0;0.0
av_SUGAR_d5;25900;INTARIAN_PEPPER_ROOT;10120;13;10117;27;;;10126;18;10130;24;;;10123.0;0.0
av_SUGAR_d5;26000;ASH_COATED_OSMIUM;9959;13;9957;11;;;9969;17;9972;21;;;9964.0;0.0
av_SUGAR_d5;26000;INTARIAN_PEPPER_ROOT;10121;19;10119;17;;;10127;11;10131;18;;;10124.0;0.0
av_SUGAR_d5;26100;ASH_COATED_OSMIUM;9958;20;9954;8;;;9969;16;9973;19;;;9963.5;0.0
av_SUGAR_d5;26100;INTARIAN_PEPPER_ROOT;10119;5;10117;26;;;10133;8;10137;17;;;10126.0;0.0
av_SUGAR_d5;26200;ASH_COATED_OSMIUM;9960;5;9957;16;;;9966;17;9969;12;;;9963.0;0.0
av_SUGAR_d5;26200;INTARIAN_PEPPER_ROOT;10124;12;10121;23;;;10130;12;10133;18;;;10127.0;0.0
av_SUGAR_d5;26300;ASH_COATED_OSMIUM;9960;19;9956;23;;;9966;7;9970;18;;;9963.0;0.0
av_SUGAR_d5;26300;INTARIAN_PEPPER_ROOT;10125;8;10121;13;;;10131;18;10134;22;;;10128.0;0.0
av_SUGAR_d5;26400;ASH_COATED_OSMIUM;9960;15;9957;16;;;9966;13;9970;14;;;9963.0;0.0
av_SUGAR_d5;26400;INTARIAN_PEPPER_ROOT;10127;18;10125;16;;;10133;7;10136;18;;;10130.0;0.0
av_SUGAR_d5;26500;ASH_COATED_OSMIUM;9958;14;9954;23;;;9968;15;9972;22;;;9963.0;0.0
av_SUGAR_d5;26500;INTARIAN_PEPPER_ROOT;10129;22;10125;19;;;10135;6;10139;19;;;10132.0;0.0
av_SUGAR_d5;26600;ASH_COATED_OSMIUM;9960;5;9956;16;;;9966;12;9968;21;;;9963.0;0.0
av_SUGAR_d5;26600;INTARIAN_PEPPER_ROOT;10120;22;10117;21;;;10145;19;10147;23;;;10132.5;0.0
av_SUGAR_d5;26700;ASH_COATED_OSMIUM;9960;19;9957;21;;;9966;22;9968;27;;;9963.0;0.0
av_SUGAR_d5;26700;INTARIAN_PEPPER_ROOT;10127;14;10125;16;;;10142;13;10144;10;;;10134.5;0.0
av_SUGAR_d5;26800;ASH_COATED_OSMIUM;9960;22;9956;26;;;9966;10;9969;13;;;9963.0;0.0
av_SUGAR_d5;26800;INTARIAN_PEPPER_ROOT;10132;8;10128;22;;;10138;15;10140;23;;;10135.0;0.0
av_SUGAR_d5;26900;ASH_COATED_OSMIUM;9959;21;9955;19;;;9965;10;9967;19;;;9962.0;0.0
av_SUGAR_d5;26900;INTARIAN_PEPPER_ROOT;10134;13;10131;20;;;10140;16;10144;25;;;10137.0;0.0
av_SUGAR_d5;27000;ASH_COATED_OSMIUM;9949;12;9946;26;;;9977;15;9979;32;;;9963.0;0.0
av_SUGAR_d5;27000;INTARIAN_PEPPER_ROOT;10136;23;10132;18;;;10142;13;10144;25;;;10139.0;0.0
av_SUGAR_d5;27100;ASH_COATED_OSMIUM;9959;20;9957;18;;;9965;12;9968;19;;;9962.0;0.0
av_SUGAR_d5;27100;INTARIAN_PEPPER_ROOT;10136;5;10132;20;;;10142;20;10145;11;;;10139.0;0.0
av_SUGAR_d5;27200;ASH_COATED_OSMIUM;9959;25;9955;14;;;9966;25;9969;18;;;9962.5;0.0
av_SUGAR_d5;27200;INTARIAN_PEPPER_ROOT;10139;11;10136;22;;;10145;6;10148;15;;;10142.0;0.0
av_SUGAR_d5;27300;ASH_COATED_OSMIUM;9959;15;9955;21;;;9965;21;9968;15;;;9962.0;0.0
av_SUGAR_d5;27300;INTARIAN_PEPPER_ROOT;10140;7;10138;12;;;10146;10;10148;21;;;10143.0;0.0
av_SUGAR_d5;27400;ASH_COATED_OSMIUM;9959;16;9957;18;;;9965;27;9967;22;;;9962.0;0.0
av_SUGAR_d5;27400;INTARIAN_PEPPER_ROOT;10141;26;10138;23;;;10147;18;10149;20;;;10144.0;0.0
av_SUGAR_d5;27500;ASH_COATED_OSMIUM;9959;13;9955;18;;;9965;7;9969;8;;;9962.0;0.0
av_SUGAR_d5;27500;INTARIAN_PEPPER_ROOT;10140;10;10138;26;;;10151;22;10153;18;;;10145.5;0.0
av_SUGAR_d5;27600;ASH_COATED_OSMIUM;9954;8;9952;11;;;9970;14;9972;23;;;9962.0;0.0
av_SUGAR_d5;27600;INTARIAN_PEPPER_ROOT;10143;9;10140;22;;;10149;6;10151;23;;;10146.0;0.0
av_SUGAR_d5;27700;ASH_COATED_OSMIUM;9956;17;9952;28;;;9969;16;9973;18;;;9962.5;0.0
av_SUGAR_d5;27700;INTARIAN_PEPPER_ROOT;10143;17;10140;21;;;10153;12;10155;18;;;10148.0;0.0
av_SUGAR_d5;27800;ASH_COATED_OSMIUM;9959;8;9957;17;;;9966;19;9968;16;;;9962.5;0.0
av_SUGAR_d5;27800;INTARIAN_PEPPER_ROOT;10147;5;10143;15;;;10153;18;10156;14;;;10150.0;0.0
av_SUGAR_d5;27900;ASH_COATED_OSMIUM;9959;15;9957;16;;;9965;8;9967;12;;;9962.0;0.0
av_SUGAR_d5;27900;INTARIAN_PEPPER_ROOT;10141;15;10138;22;;;10160;14;10162;19;;;10150.5;0.0
av_SUGAR_d5;28000;ASH_COATED_OSMIUM;9952;19;9949;20;;;9973;11;9977;28;;;9962.5;0.0
av_SUGAR_d5;28000;INTARIAN_PEPPER_ROOT;10147;21;10143;24;;;10158;9;10161;27;;;10152.5;0.0
av_SUGAR_d5;28100;ASH_COATED_OSMIUM;9959;13;9955;18;;;9965;14;9969;22;;;9962.0;0.0
av_SUGAR_d5;28100;INTARIAN_PEPPER_ROOT;10151;19;10147;8;;;10157;16;10161;24;;;10154.0;0.0
av_SUGAR_d5;28200;ASH_COATED_OSMIUM;9958;16;9955;25;;;9965;9;9967;23;;;9961.5;0.0
av_SUGAR_d5;28200;INTARIAN_PEPPER_ROOT;10152;9;10149;23;;;10158;15;10161;27;;;10155.0;0.0
av_SUGAR_d5;28300;ASH_COATED_OSMIUM;9958;13;9954;21;;;9966;5;9969;19;;;9962.0;0.0
av_SUGAR_d5;28300;INTARIAN_PEPPER_ROOT;10153;13;10150;21;;;10159;16;10162;14;;;10156.0;0.0
av_SUGAR_d5;28400;ASH_COATED_OSMIUM;9956;16;9954;27;;;9967;11;9970;23;;;9961.5;0.0
av_SUGAR_d5;28400;INTARIAN_PEPPER_ROOT;10155;13;10152;12;;;10161;10;10163;22;;;10158.0;0.0
av_SUGAR_d5;28500;ASH_COATED_OSMIUM;9959;18;9956;19;;;9965;13;9969;14;;;9962.0;0.0
av_SUGAR_d5;28500;INTARIAN_PEPPER_ROOT;10156;24;10152;20;;;10162;15;10164;17;;;10159.0;0.0
av_SUGAR_d5;28600;ASH_COATED_OSMIUM;9959;8;9957;24;;;9965;18;9968;21;;;9962.0;0.0
av_SUGAR_d5;28600;INTARIAN_PEPPER_ROOT;10158;16;10154;22;;;10164;19;10167;17;;;10161.0;0.0
av_SUGAR_d5;28700;ASH_COATED_OSMIUM;9958;10;9956;22;;;9964;18;9966;17;;;9961.0;0.0
av_SUGAR_d5;28700;INTARIAN_PEPPER_ROOT;10159;11;10155;24;;;10165;5;10167;22;;;10162.0;0.0
av_SUGAR_d5;28800;ASH_COATED_OSMIUM;9959;14;9957;19;;;9965;22;9967;21;;;9962.0;0.0
av_SUGAR_d5;28800;INTARIAN_PEPPER_ROOT;10161;20;10157;17;;;10167;10;10170;17;;;10164.0;0.0
av_SUGAR_d5;28900;ASH_COATED_OSMIUM;9956;18;9952;26;;;9967;15;9969;16;;;9961.5;0.0
av_SUGAR_d5;28900;INTARIAN_PEPPER_ROOT;10154;16;10150;21;;;10174;18;10177;13;;;10164.0;0.0
av_SUGAR_d5;29000;ASH_COATED_OSMIUM;9959;16;9955;16;;;9965;9;9968;13;;;9962.0;0.0
av_SUGAR_d5;29000;INTARIAN_PEPPER_ROOT;10163;7;10161;25;;;10169;15;10171;10;;;10166.0;0.0
av_SUGAR_d5;29100;ASH_COATED_OSMIUM;9958;15;9955;20;;;9964;21;9967;10;;;9961.0;0.0
av_SUGAR_d5;29100;INTARIAN_PEPPER_ROOT;10164;11;10161;24;;;10170;9;10172;18;;;10167.0;0.0
av_SUGAR_d5;29200;ASH_COATED_OSMIUM;9957;12;9954;24;;;9965;18;9969;18;;;9961.0;0.0
av_SUGAR_d5;29200;INTARIAN_PEPPER_ROOT;10166;11;10163;14;;;10172;10;10175;13;;;10169.0;0.0
av_SUGAR_d5;29300;ASH_COATED_OSMIUM;9959;13;9956;23;;;9965;9;9968;23;;;9962.0;0.0
av_SUGAR_d5;29300;INTARIAN_PEPPER_ROOT;10167;21;10163;21;;;10173;14;10177;12;;;10170.0;0.0
av_SUGAR_d5;29400;ASH_COATED_OSMIUM;9958;19;9955;17;;;9964;13;9966;11;;;9961.0;0.0
av_SUGAR_d5;29400;INTARIAN_PEPPER_ROOT;10169;12;10165;16;;;10175;14;10177;13;;;10172.0;0.0
av_SUGAR_d5;29500;ASH_COATED_OSMIUM;9959;12;9956;26;;;9965;15;9969;19;;;9962.0;0.0
av_SUGAR_d5;29500;INTARIAN_PEPPER_ROOT;10170;17;10166;11;;;10176;19;10179;26;;;10173.0;0.0
av_SUGAR_d5;29600;ASH_COATED_OSMIUM;9947;16;9945;28;;;9974;16;9976;12;;;9960.5;0.0
av_SUGAR_d5;29600;INTARIAN_PEPPER_ROOT;10162;10;10158;21;;;10188;13;10190;21;;;10175.0;0.0
av_SUGAR_d5;29700;ASH_COATED_OSMIUM;9958;19;9956;26;;;9964;9;9966;28;;;9961.0;0.0
av_SUGAR_d5;29700;INTARIAN_PEPPER_ROOT;10172;12;10169;8;;;10178;16;10180;23;;;10175.0;0.0
av_SUGAR_d5;29800;ASH_COATED_OSMIUM;9956;20;9954;21;;;9967;22;9969;21;;;9961.5;0.0
av_SUGAR_d5;29800;INTARIAN_PEPPER_ROOT;10173;15;10171;21;;;10181;21;10184;18;;;10177.0;0.0
av_SUGAR_d5;29900;ASH_COATED_OSMIUM;9956;13;9952;19;;;9966;15;9970;15;;;9961.0;0.0
av_SUGAR_d5;29900;INTARIAN_PEPPER_ROOT;10169;15;10165;16;;;10188;13;10191;10;;;10178.5;0.0
av_SUGAR_d5;30000;ASH_COATED_OSMIUM;9958;7;9954;25;;;9964;11;9968;21;;;9961.0;0.0
av_SUGAR_d5;30000;INTARIAN_PEPPER_ROOT;10177;15;10173;13;;;10184;14;10188;24;;;10180.5;0.0
av_SUGAR_d5;30100;ASH_COATED_OSMIUM;9958;15;9954;19;;;9964;11;9966;24;;;9961.0;0.0
av_SUGAR_d5;30100;INTARIAN_PEPPER_ROOT;10178;20;10174;18;;;10184;20;10187;27;;;10181.0;0.0
av_SUGAR_d5;30200;ASH_COATED_OSMIUM;9939;12;9937;17;;;9982;10;9985;19;;;9960.5;0.0
av_SUGAR_d5;30200;INTARIAN_PEPPER_ROOT;10180;23;10176;15;;;10186;17;10189;19;;;10183.0;0.0
av_SUGAR_d5;30300;ASH_COATED_OSMIUM;9958;7;9954;19;;;9964;19;9968;21;;;9961.0;0.0
av_SUGAR_d5;30300;INTARIAN_PEPPER_ROOT;10181;18;10177;18;;;10187;11;10191;19;;;10184.0;0.0
av_SUGAR_d5;30400;ASH_COATED_OSMIUM;9958;17;9955;26;;;9964;13;9967;20;;;9961.0;0.0
av_SUGAR_d5;30400;INTARIAN_PEPPER_ROOT;10181;11;10179;24;;;10190;17;10192;18;;;10185.5;0.0
av_SUGAR_d5;30500;ASH_COATED_OSMIUM;9958;15;9955;16;;;9964;9;9968;21;;;9961.0;0.0
av_SUGAR_d5;30500;INTARIAN_PEPPER_ROOT;10183;10;10180;19;;;10189;25;10193;20;;;10186.0;0.0
av_SUGAR_d5;30600;ASH_COATED_OSMIUM;9958;12;9954;24;;;9964;17;9966;27;;;9961.0;0.0
av_SUGAR_d5;30600;INTARIAN_PEPPER_ROOT;10183;12;10180;16;;;10193;13;10197;19;;;10188.0;0.0
av_SUGAR_d5;30700;ASH_COATED_OSMIUM;9957;10;9955;25;;;9965;23;9967;16;;;9961.0;0.0
av_SUGAR_d5;30700;INTARIAN_PEPPER_ROOT;10187;10;10184;24;;;10193;19;10196;22;;;10190.0;0.0
av_SUGAR_d5;30800;ASH_COATED_OSMIUM;9958;7;9955;20;;;9964;13;9968;17;;;9961.0;0.0
av_SUGAR_d5;30800;INTARIAN_PEPPER_ROOT;10187;13;10185;19;;;10193;16;10196;23;;;10190.0;0.0
av_SUGAR_d5;30900;ASH_COATED_OSMIUM;9957;13;9953;17;;;9963;19;9967;14;;;9960.0;0.0
av_SUGAR_d5;30900;INTARIAN_PEPPER_ROOT;10190;17;10187;17;;;10196;8;10199;8;;;10193.0;0.0
av_SUGAR_d5;31000;ASH_COATED_OSMIUM;9956;11;9954;23;;;9965;16;9968;23;;;9960.5;0.0
av_SUGAR_d5;31000;INTARIAN_PEPPER_ROOT;10190;25;10186;19;;;10196;11;10199;16;;;10193.0;0.0
av_SUGAR_d5;31100;ASH_COATED_OSMIUM;9950;21;9946;24;;;9971;7;9973;33;;;9960.5;0.0
av_SUGAR_d5;31100;INTARIAN_PEPPER_ROOT;10192;12;10189;29;;;10198;21;10201;20;;;10195.0;0.0
av_SUGAR_d5;31200;ASH_COATED_OSMIUM;9957;21;9954;23;;;9963;14;9967;22;;;9960.0;0.0
av_SUGAR_d5;31200;INTARIAN_PEPPER_ROOT;10193;12;10191;26;;;10199;13;10201;20;;;10196.0;0.0
av_SUGAR_d5;31300;ASH_COATED_OSMIUM;9957;14;9955;18;;;9963;11;9965;28;;;9960.0;0.0
av_SUGAR_d5;31300;INTARIAN_PEPPER_ROOT;10195;12;10191;12;;;10201;11;10205;24;;;10198.0;0.0
av_SUGAR_d5;31400;ASH_COATED_OSMIUM;9957;5;9954;17;;;9965;13;9969;17;;;9961.0;0.0
av_SUGAR_d5;31400;INTARIAN_PEPPER_ROOT;10195;16;10191;15;;;10204;23;10208;18;;;10199.5;0.0
av_SUGAR_d5;31500;ASH_COATED_OSMIUM;9957;14;9954;18;;;9963;11;9966;20;;;9960.0;0.0
av_SUGAR_d5;31500;INTARIAN_PEPPER_ROOT;10198;16;10196;26;;;10204;15;10206;26;;;10201.0;0.0
av_SUGAR_d5;31600;ASH_COATED_OSMIUM;9955;17;9951;22;;;9965;20;9968;30;;;9960.0;0.0
av_SUGAR_d5;31600;INTARIAN_PEPPER_ROOT;10196;10;10194;22;;;10207;7;10209;23;;;10201.5;0.0
av_SUGAR_d5;31700;ASH_COATED_OSMIUM;9958;16;9955;25;;;9964;14;9967;16;;;9961.0;0.0
av_SUGAR_d5;31700;INTARIAN_PEPPER_ROOT;10200;22;10198;13;;;10206;10;10209;25;;;10203.0;0.0
av_SUGAR_d5;31800;ASH_COATED_OSMIUM;9957;7;9954;19;;;9963;18;9965;15;;;9960.0;0.0
av_SUGAR_d5;31800;INTARIAN_PEPPER_ROOT;10201;16;10199;15;;;10208;13;10211;13;;;10204.5;0.0
av_SUGAR_d5;31900;ASH_COATED_OSMIUM;9957;22;9953;8;;;9963;11;9967;27;;;9960.0;0.0
av_SUGAR_d5;31900;INTARIAN_PEPPER_ROOT;10203;18;10201;22;;;10209;19;10212;16;;;10206.0;0.0
av_SUGAR_d5;32000;ASH_COATED_OSMIUM;9956;23;9953;19;;;9965;21;9968;21;;;9960.5;0.0
av_SUGAR_d5;32000;INTARIAN_PEPPER_ROOT;10205;12;10203;19;;;10211;6;10215;19;;;10208.0;0.0
av_SUGAR_d5;32100;ASH_COATED_OSMIUM;9955;17;9953;26;;;9965;14;9967;16;;;9960.0;0.0
av_SUGAR_d5;32100;INTARIAN_PEPPER_ROOT;10206;25;10202;22;;;10212;13;10215;28;;;10209.0;0.0
av_SUGAR_d5;32200;ASH_COATED_OSMIUM;9957;10;9955;28;;;9963;23;9966;14;;;9960.0;0.0
av_SUGAR_d5;32200;INTARIAN_PEPPER_ROOT;10200;18;10197;30;;;10219;19;10222;25;;;10209.5;0.0
av_SUGAR_d5;32300;ASH_COATED_OSMIUM;9956;16;9953;16;;;9965;9;9968;24;;;9960.5;0.0
av_SUGAR_d5;32300;INTARIAN_PEPPER_ROOT;10209;8;10206;18;;;10215;18;10218;17;;;10212.0;0.0
av_SUGAR_d5;32400;ASH_COATED_OSMIUM;9951;20;9947;20;;;9968;15;9970;12;;;9959.5;0.0
av_SUGAR_d5;32400;INTARIAN_PEPPER_ROOT;10208;13;10204;28;;;10218;6;10221;9;;;10213.0;0.0
av_SUGAR_d5;32500;ASH_COATED_OSMIUM;9957;9;9954;20;;;9963;15;9966;18;;;9960.0;0.0
av_SUGAR_d5;32500;INTARIAN_PEPPER_ROOT;10211;20;10208;23;;;10217;15;10221;12;;;10214.0;0.0
av_SUGAR_d5;32600;ASH_COATED_OSMIUM;9956;11;9953;11;;;9962;12;9965;18;;;9959.0;0.0
av_SUGAR_d5;32600;INTARIAN_PEPPER_ROOT;10211;14;10207;21;;;10221;11;10223;24;;;10216.0;0.0
av_SUGAR_d5;32700;ASH_COATED_OSMIUM;9957;19;9953;8;;;9963;27;9967;19;;;9960.0;0.0
av_SUGAR_d5;32700;INTARIAN_PEPPER_ROOT;10214;11;10212;14;;;10220;19;10223;13;;;10217.0;0.0
av_SUGAR_d5;32800;ASH_COATED_OSMIUM;9956;5;9953;19;;;9962;16;9966;10;;;9959.0;0.0
av_SUGAR_d5;32800;INTARIAN_PEPPER_ROOT;10216;17;10212;18;;;10222;11;10226;28;;;10219.0;0.0
av_SUGAR_d5;32900;ASH_COATED_OSMIUM;9957;20;9955;25;;;9963;9;9967;18;;;9960.0;0.0
av_SUGAR_d5;32900;INTARIAN_PEPPER_ROOT;10217;5;10213;19;;;10223;23;10225;17;;;10220.0;0.0
av_SUGAR_d5;33000;ASH_COATED_OSMIUM;9954;23;9952;19;;;9965;18;9967;10;;;9959.5;0.0
av_SUGAR_d5;33000;INTARIAN_PEPPER_ROOT;10218;7;10216;23;;;10224;15;10227;26;;;10221.0;0.0
av_SUGAR_d5;33100;ASH_COATED_OSMIUM;9956;15;9953;21;;;9962;15;9966;18;;;9959.0;0.0
av_SUGAR_d5;33100;INTARIAN_PEPPER_ROOT;10220;16;10217;8;;;10226;17;10229;24;;;10223.0;0.0
av_SUGAR_d5;33200;ASH_COATED_OSMIUM;9956;20;9952;22;;;9963;9;9965;22;;;9959.5;0.0
av_SUGAR_d5;33200;INTARIAN_PEPPER_ROOT;10219;22;10217;26;;;10228;15;10231;19;;;10223.5;0.0
av_SUGAR_d5;33300;ASH_COATED_OSMIUM;9946;5;9944;23;;;9973;16;9977;11;;;9959.5;0.0
av_SUGAR_d5;33300;INTARIAN_PEPPER_ROOT;10222;21;10219;17;;;10228;17;10231;25;;;10225.0;0.0
av_SUGAR_d5;33400;ASH_COATED_OSMIUM;9951;8;9949;24;;;9968;18;9970;15;;;9959.5;0.0
av_SUGAR_d5;33400;INTARIAN_PEPPER_ROOT;10219;17;10217;14;;;10235;15;10238;19;;;10227.0;0.0
av_SUGAR_d5;33500;ASH_COATED_OSMIUM;9955;13;9952;23;;;9964;21;9966;9;;;9959.5;0.0
av_SUGAR_d5;33500;INTARIAN_PEPPER_ROOT;10226;16;10222;23;;;10232;24;10236;22;;;10229.0;0.0
av_SUGAR_d5;33600;ASH_COATED_OSMIUM;9951;18;9949;19;;;9968;17;9971;23;;;9959.5;0.0
av_SUGAR_d5;33600;INTARIAN_PEPPER_ROOT;10226;10;10223;17;;;10234;9;10238;22;;;10230.0;0.0
av_SUGAR_d5;33700;ASH_COATED_OSMIUM;9956;15;9952;18;;;9962;20;9966;24;;;9959.0;0.0
av_SUGAR_d5;33700;INTARIAN_PEPPER_ROOT;10226;12;10224;21;;;10236;11;10240;26;;;10231.0;0.0
av_SUGAR_d5;33800;ASH_COATED_OSMIUM;9954;15;9951;11;;;9965;17;9969;23;;;9959.5;0.0
av_SUGAR_d5;33800;INTARIAN_PEPPER_ROOT;10228;30;10226;20;;;10237;16;10239;14;;;10232.5;0.0
av_SUGAR_d5;33900;ASH_COATED_OSMIUM;9952;18;9948;12;;;9967;8;9971;22;;;9959.5;0.0
av_SUGAR_d5;33900;INTARIAN_PEPPER_ROOT;10231;9;10229;12;;;10237;5;10241;22;;;10234.0;0.0
av_SUGAR_d5;34000;ASH_COATED_OSMIUM;9956;5;9953;22;;;9962;13;9964;21;;;9959.0;0.0
av_SUGAR_d5;34000;INTARIAN_PEPPER_ROOT;10230;14;10228;21;;;10240;17;10243;17;;;10235.0;0.0
av_SUGAR_d5;34100;ASH_COATED_OSMIUM;9956;16;9952;17;;;9962;18;9965;24;;;9959.0;0.0
av_SUGAR_d5;34100;INTARIAN_PEPPER_ROOT;10232;12;10229;29;;;10238;18;10240;12;;;10235.0;0.0
av_SUGAR_d5;34200;ASH_COATED_OSMIUM;9956;15;9953;24;;;9962;14;9966;12;;;9959.0;0.0
av_SUGAR_d5;34200;INTARIAN_PEPPER_ROOT;10232;10;10229;24;;;10238;10;10242;16;;;10235.0;0.0
av_SUGAR_d5;34300;ASH_COATED_OSMIUM;9955;18;9951;21;;;9961;24;9964;21;;;9958.0;0.0
av_SUGAR_d5;34300;INTARIAN_PEPPER_ROOT;10233;13;10230;19;;;10239;10;10242;10;;;10236.0;0.0
av_SUGAR_d5;34400;ASH_COATED_OSMIUM;9955;15;9952;24;;;9961;7;9963;17;;;9958.0;0.0
av_SUGAR_d5;34400;INTARIAN_PEPPER_ROOT;10233;11;10230;19;;;10240;10;10244;16;;;10236.5;0.0
av_SUGAR_d5;34500;ASH_COATED_OSMIUM;9955;9;9953;21;;;9961;19;9965;20;;;9958.0;0.0
av_SUGAR_d5;34500;INTARIAN_PEPPER_ROOT;10234;9;10231;19;;;10240;18;10243;20;;;10237.0;0.0
av_SUGAR_d5;34600;ASH_COATED_OSMIUM;9955;21;9951;26;;;9961;10;9964;12;;;9958.0;0.0
av_SUGAR_d5;34600;INTARIAN_PEPPER_ROOT;10232;14;10228;15;;;10242;8;10246;26;;;10237.0;0.0
av_SUGAR_d5;34700;ASH_COATED_OSMIUM;9950;22;9946;15;;;9965;22;9968;19;;;9957.5;0.0
av_SUGAR_d5;34700;INTARIAN_PEPPER_ROOT;10235;23;10233;20;;;10241;5;10243;9;;;10238.0;0.0
av_SUGAR_d5;34800;ASH_COATED_OSMIUM;9952;13;9950;23;;;9964;9;9968;17;;;9958.0;0.0
av_SUGAR_d5;34800;INTARIAN_PEPPER_ROOT;10235;14;10232;8;;;10241;26;10244;23;;;10238.0;0.0
av_SUGAR_d5;34900;ASH_COATED_OSMIUM;9951;19;9949;17;;;9964;19;9968;24;;;9957.5;0.0
av_SUGAR_d5;34900;INTARIAN_PEPPER_ROOT;10234;19;10232;21;;;10243;10;10247;16;;;10238.5;0.0
av_SUGAR_d5;35000;ASH_COATED_OSMIUM;9953;11;9949;21;;;9960;20;9964;15;;;9956.5;0.0
av_SUGAR_d5;35000;INTARIAN_PEPPER_ROOT;10236;16;10234;16;;;10243;13;10247;20;;;10239.5;0.0
av_SUGAR_d5;35100;ASH_COATED_OSMIUM;9947;18;9945;21;;;9967;16;9970;18;;;9957.0;0.0
av_SUGAR_d5;35100;INTARIAN_PEPPER_ROOT;10237;23;10233;17;;;10243;20;10246;28;;;10240.0;0.0
av_SUGAR_d5;35200;ASH_COATED_OSMIUM;9954;19;9952;15;;;9960;16;9964;14;;;9957.0;0.0
av_SUGAR_d5;35200;INTARIAN_PEPPER_ROOT;10237;12;10234;16;;;10243;8;10247;20;;;10240.0;0.0
av_SUGAR_d5;35300;ASH_COATED_OSMIUM;9953;9;9950;28;;;9960;11;9962;26;;;9956.5;0.0
av_SUGAR_d5;35300;INTARIAN_PEPPER_ROOT;10238;16;10236;16;;;10244;18;10248;16;;;10241.0;0.0
av_SUGAR_d5;35400;ASH_COATED_OSMIUM;9952;14;9949;27;;;9961;14;9963;27;;;9956.5;0.0
av_SUGAR_d5;35400;INTARIAN_PEPPER_ROOT;10238;19;10234;29;;;10244;23;10246;18;;;10241.0;0.0
av_SUGAR_d5;35500;ASH_COATED_OSMIUM;9950;19;9947;30;;;9961;18;9963;16;;;9955.5;0.0
av_SUGAR_d5;35500;INTARIAN_PEPPER_ROOT;10239;12;10235;18;;;10245;16;10248;25;;;10242.0;0.0
av_SUGAR_d5;35600;ASH_COATED_OSMIUM;9953;16;9951;24;;;9959;11;9961;23;;;9956.0;0.0
av_SUGAR_d5;35600;INTARIAN_PEPPER_ROOT;10240;24;10236;15;;;10246;24;10248;13;;;10243.0;0.0
av_SUGAR_d5;35700;ASH_COATED_OSMIUM;9950;15;9946;27;;;9961;15;9965;21;;;9955.5;0.0
av_SUGAR_d5;35700;INTARIAN_PEPPER_ROOT;10239;15;10237;16;;;10245;11;10247;20;;;10242.0;0.0
av_SUGAR_d5;35800;ASH_COATED_OSMIUM;9953;16;9950;20;;;9959;12;9961;21;;;9956.0;0.0
av_SUGAR_d5;35800;INTARIAN_PEPPER_ROOT;10241;15;10239;19;;;10247;7;10250;18;;;10244.0;0.0
av_SUGAR_d5;35900;ASH_COATED_OSMIUM;9950;15;9946;23;;;9961;11;9963;27;;;9955.5;0.0
av_SUGAR_d5;35900;INTARIAN_PEPPER_ROOT;10241;21;10237;14;;;10247;22;10251;19;;;10244.0;0.0
av_SUGAR_d5;36000;ASH_COATED_OSMIUM;9939;18;9937;16;;;9972;9;9976;23;;;9955.5;0.0
av_SUGAR_d5;36000;INTARIAN_PEPPER_ROOT;10238;16;10234;20;;;10250;14;10252;17;;;10244.0;0.0
av_SUGAR_d5;36100;ASH_COATED_OSMIUM;9952;13;9950;22;;;9958;5;9961;28;;;9955.0;0.0
av_SUGAR_d5;36100;INTARIAN_PEPPER_ROOT;10241;19;10237;16;;;10248;9;10250;21;;;10244.5;0.0
av_SUGAR_d5;36200;ASH_COATED_OSMIUM;9952;10;9948;18;;;9958;12;9961;20;;;9955.0;0.0
av_SUGAR_d5;36200;INTARIAN_PEPPER_ROOT;10243;18;10239;8;;;10249;17;10252;19;;;10246.0;0.0
av_SUGAR_d5;36300;ASH_COATED_OSMIUM;9951;19;9947;23;;;9958;11;9960;20;;;9954.5;0.0
av_SUGAR_d5;36300;INTARIAN_PEPPER_ROOT;10238;16;10236;17;;;10255;19;10258;16;;;10246.5;0.0
av_SUGAR_d5;36400;ASH_COATED_OSMIUM;9952;14;9949;11;;;9958;13;9961;18;;;9955.0;0.0
av_SUGAR_d5;36400;INTARIAN_PEPPER_ROOT;10244;20;10241;25;;;10250;9;10253;17;;;10247.0;0.0
av_SUGAR_d5;36500;ASH_COATED_OSMIUM;9952;17;9948;30;;;9958;13;9962;18;;;9955.0;0.0
av_SUGAR_d5;36500;INTARIAN_PEPPER_ROOT;10243;15;10240;26;;;10249;11;10252;16;;;10246.0;0.0
av_SUGAR_d5;36600;ASH_COATED_OSMIUM;9951;9;9949;16;;;9957;21;9960;21;;;9954.0;0.0
av_SUGAR_d5;36600;INTARIAN_PEPPER_ROOT;10238;16;10234;20;;;10256;6;10260;14;;;10247.0;0.0
av_SUGAR_d5;36700;ASH_COATED_OSMIUM;9951;12;9947;20;;;9957;14;9960;22;;;9954.0;0.0
av_SUGAR_d5;36700;INTARIAN_PEPPER_ROOT;10244;13;10241;17;;;10251;10;10255;16;;;10247.5;0.0
av_SUGAR_d5;36800;ASH_COATED_OSMIUM;9946;18;9943;23;;;9961;16;9965;23;;;9953.5;0.0
av_SUGAR_d5;36800;INTARIAN_PEPPER_ROOT;10238;7;10234;16;;;10260;6;10263;17;;;10249.0;0.0
av_SUGAR_d5;36900;ASH_COATED_OSMIUM;9951;6;9948;22;;;9957;18;9959;19;;;9954.0;0.0
av_SUGAR_d5;36900;INTARIAN_PEPPER_ROOT;10240;7;10236;18;;;10259;17;10263;15;;;10249.5;0.0
av_SUGAR_d5;37000;ASH_COATED_OSMIUM;9943;10;9939;25;;;9964;8;9966;27;;;9953.5;0.0
av_SUGAR_d5;37000;INTARIAN_PEPPER_ROOT;10246;8;10243;26;;;10252;7;10256;20;;;10249.0;0.0
av_SUGAR_d5;37100;ASH_COATED_OSMIUM;9951;6;9949;12;;;9957;13;9960;23;;;9954.0;0.0
av_SUGAR_d5;37100;INTARIAN_PEPPER_ROOT;10247;13;10243;8;;;10253;18;10257;20;;;10250.0;0.0
av_SUGAR_d5;37200;ASH_COATED_OSMIUM;9945;12;9943;17;;;9961;12;9965;23;;;9953.0;0.0
av_SUGAR_d5;37200;INTARIAN_PEPPER_ROOT;10248;14;10244;14;;;10254;12;10258;31;;;10251.0;0.0
av_SUGAR_d5;37300;ASH_COATED_OSMIUM;9947;15;9944;22;;;9958;15;9962;16;;;9952.5;0.0
av_SUGAR_d5;37300;INTARIAN_PEPPER_ROOT;10248;11;10245;20;;;10256;13;10259;21;;;10252.0;0.0
av_SUGAR_d5;37400;ASH_COATED_OSMIUM;9950;20;9946;23;;;9956;17;9960;27;;;9953.0;0.0
av_SUGAR_d5;37400;INTARIAN_PEPPER_ROOT;10249;9;10246;16;;;10255;22;10259;24;;;10252.0;0.0
av_SUGAR_d5;37500;ASH_COATED_OSMIUM;9947;19;9944;20;;;9957;9;9960;26;;;9952.0;0.0
av_SUGAR_d5;37500;INTARIAN_PEPPER_ROOT;10249;16;10245;23;;;10255;11;10258;20;;;10252.0;0.0
av_SUGAR_d5;37600;ASH_COATED_OSMIUM;9939;16;9937;13;;;9966;9;9969;27;;;9952.5;0.0
av_SUGAR_d5;37600;INTARIAN_PEPPER_ROOT;10242;14;10239;17;;;10262;9;10264;8;;;10252.0;0.0
av_SUGAR_d5;37700;ASH_COATED_OSMIUM;9949;15;9947;16;;;9956;13;9959;15;;;9952.5;0.0
av_SUGAR_d5;37700;INTARIAN_PEPPER_ROOT;10250;13;10247;17;;;10256;20;10258;27;;;10253.0;0.0
av_SUGAR_d5;37800;ASH_COATED_OSMIUM;9949;14;9945;25;;;9955;23;9959;27;;;9952.0;0.0
av_SUGAR_d5;37800;INTARIAN_PEPPER_ROOT;10250;18;10248;11;;;10256;10;10259;14;;;10253.0;0.0
av_SUGAR_d5;37900;ASH_COATED_OSMIUM;9942;18;9939;17;;;9960;14;9962;23;;;9951.0;0.0
av_SUGAR_d5;37900;INTARIAN_PEPPER_ROOT;10251;14;10248;27;;;10257;7;10259;19;;;10254.0;0.0
av_SUGAR_d5;38000;ASH_COATED_OSMIUM;9949;14;9947;23;;;9955;10;9959;24;;;9952.0;0.0
av_SUGAR_d5;38000;INTARIAN_PEPPER_ROOT;10252;14;10249;22;;;10258;17;10261;18;;;10255.0;0.0
av_SUGAR_d5;38100;ASH_COATED_OSMIUM;9949;16;9947;27;;;9955;10;9959;11;;;9952.0;0.0
av_SUGAR_d5;38100;INTARIAN_PEPPER_ROOT;10253;11;10250;10;;;10259;16;10261;27;;;10256.0;0.0
av_SUGAR_d5;38200;ASH_COATED_OSMIUM;9948;16;9945;24;;;9954;16;9957;15;;;9951.0;0.0
av_SUGAR_d5;38200;INTARIAN_PEPPER_ROOT;10252;12;10249;18;;;10258;9;10260;12;;;10255.0;0.0
av_SUGAR_d5;38300;ASH_COATED_OSMIUM;9948;14;9946;13;;;9954;6;9956;22;;;9951.0;0.0
av_SUGAR_d5;38300;INTARIAN_PEPPER_ROOT;10253;18;10250;16;;;10259;23;10262;17;;;10256.0;0.0
av_SUGAR_d5;38400;ASH_COATED_OSMIUM;9948;10;9946;24;;;9954;7;9957;25;;;9951.0;0.0
av_SUGAR_d5;38400;INTARIAN_PEPPER_ROOT;10253;17;10251;21;;;10259;21;10263;23;;;10256.0;0.0
av_SUGAR_d5;38500;ASH_COATED_OSMIUM;9947;14;9943;21;;;9953;15;9957;24;;;9950.0;0.0
av_SUGAR_d5;38500;INTARIAN_PEPPER_ROOT;10250;16;10248;24;;;10263;12;10267;8;;;10256.5;0.0
av_SUGAR_d5;38600;ASH_COATED_OSMIUM;9934;15;9932;14;;;9966;14;9969;24;;;9950.0;0.0
av_SUGAR_d5;38600;INTARIAN_PEPPER_ROOT;10253;20;10250;16;;;10263;17;10267;15;;;10258.0;0.0
av_SUGAR_d5;38700;ASH_COATED_OSMIUM;9945;15;9941;9;;;9956;14;9960;20;;;9950.5;0.0
av_SUGAR_d5;38700;INTARIAN_PEPPER_ROOT;10246;16;10243;13;;;10271;12;10273;24;;;10258.5;0.0
av_SUGAR_d5;38800;ASH_COATED_OSMIUM;9947;9;9943;14;;;9953;17;9956;28;;;9950.0;0.0
av_SUGAR_d5;38800;INTARIAN_PEPPER_ROOT;10253;5;10251;14;;;10265;17;10267;20;;;10259.0;0.0
av_SUGAR_d5;38900;ASH_COATED_OSMIUM;9938;8;9934;22;;;9961;14;9965;22;;;9949.5;0.0
av_SUGAR_d5;38900;INTARIAN_PEPPER_ROOT;10256;15;10252;13;;;10262;15;10266;12;;;10259.0;0.0
av_SUGAR_d5;39000;ASH_COATED_OSMIUM;9947;10;9944;23;;;9953;19;9956;16;;;9950.0;0.0
av_SUGAR_d5;39000;INTARIAN_PEPPER_ROOT;10256;21;10253;8;;;10262;13;10265;13;;;10259.0;0.0
av_SUGAR_d5;39100;ASH_COATED_OSMIUM;9947;14;9943;17;;;9953;23;9957;17;;;9950.0;0.0
av_SUGAR_d5;39100;INTARIAN_PEPPER_ROOT;10257;12;10255;19;;;10263;19;10267;24;;;10260.0;0.0
av_SUGAR_d5;39200;ASH_COATED_OSMIUM;9946;12;9942;19;;;9952;8;9955;18;;;9949.0;0.0
av_SUGAR_d5;39200;INTARIAN_PEPPER_ROOT;10257;10;10253;27;;;10263;17;10267;21;;;10260.0;0.0
av_SUGAR_d5;39300;ASH_COATED_OSMIUM;9941;26;9939;17;;;9957;6;9961;16;;;9949.0;0.0
av_SUGAR_d5;39300;INTARIAN_PEPPER_ROOT;10254;17;10252;21;;;10268;5;10270;28;;;10261.0;0.0
av_SUGAR_d5;39400;ASH_COATED_OSMIUM;9946;7;9942;22;;;9952;11;9955;15;;;9949.0;0.0
av_SUGAR_d5;39400;INTARIAN_PEPPER_ROOT;10259;15;10255;24;;;10265;20;10269;15;;;10262.0;0.0
av_SUGAR_d5;39500;ASH_COATED_OSMIUM;9946;22;9944;16;;;9952;13;9955;20;;;9949.0;0.0
av_SUGAR_d5;39500;INTARIAN_PEPPER_ROOT;10258;10;10255;24;;;10264;16;10268;17;;;10261.0;0.0
av_SUGAR_d5;39600;ASH_COATED_OSMIUM;9945;15;9942;24;;;9951;18;9955;19;;;9948.0;0.0
av_SUGAR_d5;39600;INTARIAN_PEPPER_ROOT;10258;20;10255;8;;;10267;21;10270;26;;;10262.5;0.0
av_SUGAR_d5;39700;ASH_COATED_OSMIUM;9944;16;9942;23;;;9952;18;9956;10;;;9948.0;0.0
av_SUGAR_d5;39700;INTARIAN_PEPPER_ROOT;10254;16;10251;16;;;10272;23;10274;26;;;10263.0;0.0
av_SUGAR_d5;39800;ASH_COATED_OSMIUM;9941;19;9937;13;;;9956;17;9959;18;;;9948.5;0.0
av_SUGAR_d5;39800;INTARIAN_PEPPER_ROOT;10260;14;10257;21;;;10266;22;10269;17;;;10263.0;0.0
av_SUGAR_d5;39900;ASH_COATED_OSMIUM;9945;15;9943;21;;;9951;8;9953;17;;;9948.0;0.0
av_SUGAR_d5;39900;INTARIAN_PEPPER_ROOT;10253;23;10250;23;;;10275;15;10278;23;;;10264.0;0.0
av_SUGAR_d5;40000;ASH_COATED_OSMIUM;9924;12;9920;17;;;9971;11;9974;8;;;9947.5;0.0
av_SUGAR_d5;40000;INTARIAN_PEPPER_ROOT;10260;12;10257;20;;;10270;9;10274;18;;;10265.0;0.0
av_SUGAR_d5;40100;ASH_COATED_OSMIUM;9945;15;9942;22;;;9951;19;9955;17;;;9948.0;0.0
av_SUGAR_d5;40100;INTARIAN_PEPPER_ROOT;10262;17;10258;17;;;10268;17;10271;22;;;10265.0;0.0
av_SUGAR_d5;40200;ASH_COATED_OSMIUM;9945;18;9941;18;;;9951;16;9955;22;;;9948.0;0.0
av_SUGAR_d5;40200;INTARIAN_PEPPER_ROOT;10256;13;10252;26;;;10274;17;10276;8;;;10265.0;0.0
av_SUGAR_d5;40300;ASH_COATED_OSMIUM;9944;20;9940;23;;;9950;22;9953;22;;;9947.0;0.0
av_SUGAR_d5;40300;INTARIAN_PEPPER_ROOT;10259;15;10255;21;;;10273;21;10276;20;;;10266.0;0.0
av_SUGAR_d5;40400;ASH_COATED_OSMIUM;9945;11;9942;18;;;9951;13;9953;26;;;9948.0;0.0
av_SUGAR_d5;40400;INTARIAN_PEPPER_ROOT;10263;9;10261;27;;;10269;21;10273;23;;;10266.0;0.0
av_SUGAR_d5;40500;ASH_COATED_OSMIUM;9944;14;9942;26;;;9950;13;9953;24;;;9947.0;0.0
av_SUGAR_d5;40500;INTARIAN_PEPPER_ROOT;10264;14;10262;26;;;10270;5;10273;17;;;10267.0;0.0
av_SUGAR_d5;40600;ASH_COATED_OSMIUM;9944;12;9942;20;;;9950;9;9952;16;;;9947.0;0.0
av_SUGAR_d5;40600;INTARIAN_PEPPER_ROOT;10265;14;10263;9;;;10271;20;10275;21;;;10268.0;0.0
av_SUGAR_d5;40700;ASH_COATED_OSMIUM;9940;20;9937;19;;;9954;13;9956;21;;;9947.0;0.0
av_SUGAR_d5;40700;INTARIAN_PEPPER_ROOT;10265;15;10262;23;;;10271;14;10274;23;;;10268.0;0.0
av_SUGAR_d5;40800;ASH_COATED_OSMIUM;9943;21;9941;19;;;9949;14;9952;23;;;9946.0;0.0
av_SUGAR_d5;40800;INTARIAN_PEPPER_ROOT;10265;9;10263;19;;;10271;16;10273;22;;;10268.0;0.0
av_SUGAR_d5;40900;ASH_COATED_OSMIUM;9938;20;9934;20;;;9955;8;9959;22;;;9946.5;0.0
av_SUGAR_d5;40900;INTARIAN_PEPPER_ROOT;10264;13;10260;18;;;10275;16;10279;25;;;10269.5;0.0
av_SUGAR_d5;41000;ASH_COATED_OSMIUM;9940;5;9938;22;;;9952;9;9955;19;;;9946.0;0.0
av_SUGAR_d5;41000;INTARIAN_PEPPER_ROOT;10266;10;10264;21;;;10273;11;10275;15;;;10269.5;0.0
av_SUGAR_d5;41100;ASH_COATED_OSMIUM;9939;13;9935;19;;;9952;13;9955;15;;;9945.5;0.0
av_SUGAR_d5;41100;INTARIAN_PEPPER_ROOT;10267;12;10263;21;;;10273;13;10276;23;;;10270.0;0.0
av_SUGAR_d5;41200;ASH_COATED_OSMIUM;9939;19;9935;20;;;9954;16;9957;13;;;9946.5;0.0
av_SUGAR_d5;41200;INTARIAN_PEPPER_ROOT;10263;14;10260;24;;;10279;6;10282;23;;;10271.0;0.0
av_SUGAR_d5;41300;ASH_COATED_OSMIUM;9936;19;9932;20;;;9955;16;9958;15;;;9945.5;0.0
av_SUGAR_d5;41300;INTARIAN_PEPPER_ROOT;10268;7;10264;18;;;10274;16;10277;20;;;10271.0;0.0
av_SUGAR_d5;41400;ASH_COATED_OSMIUM;9942;17;9938;24;;;9948;11;9951;23;;;9945.0;0.0
av_SUGAR_d5;41400;INTARIAN_PEPPER_ROOT;10269;17;10265;17;;;10275;20;10277;21;;;10272.0;0.0
av_SUGAR_d5;41500;ASH_COATED_OSMIUM;9942;9;9938;28;;;9948;14;9952;28;;;9945.0;0.0
av_SUGAR_d5;41500;INTARIAN_PEPPER_ROOT;10269;10;10267;30;;;10275;15;10279;20;;;10272.0;0.0
av_SUGAR_d5;41600;ASH_COATED_OSMIUM;9942;21;9940;27;;;9948;19;9951;27;;;9945.0;0.0
av_SUGAR_d5;41600;INTARIAN_PEPPER_ROOT;10266;16;10264;19;;;10279;17;10281;21;;;10272.5;0.0
av_SUGAR_d5;41700;ASH_COATED_OSMIUM;9940;21;9936;24;;;9949;9;9951;27;;;9944.5;0.0
av_SUGAR_d5;41700;INTARIAN_PEPPER_ROOT;10263;7;10259;18;;;10283;23;10287;21;;;10273.0;0.0
av_SUGAR_d5;41800;ASH_COATED_OSMIUM;9941;22;9939;18;;;9949;12;9952;25;;;9945.0;0.0
av_SUGAR_d5;41800;INTARIAN_PEPPER_ROOT;10271;24;10269;22;;;10277;18;10280;20;;;10274.0;0.0
av_SUGAR_d5;41900;ASH_COATED_OSMIUM;9942;9;9938;21;;;9948;12;9950;19;;;9945.0;0.0
av_SUGAR_d5;41900;INTARIAN_PEPPER_ROOT;10271;14;10267;14;;;10277;13;10281;19;;;10274.0;0.0
av_SUGAR_d5;42000;ASH_COATED_OSMIUM;9937;16;9933;24;;;9951;12;9953;20;;;9944.0;0.0
av_SUGAR_d5;42000;INTARIAN_PEPPER_ROOT;10272;20;10268;14;;;10278;17;10280;17;;;10275.0;0.0
av_SUGAR_d5;42100;ASH_COATED_OSMIUM;9940;10;9936;23;;;9948;8;9950;19;;;9944.0;0.0
av_SUGAR_d5;42100;INTARIAN_PEPPER_ROOT;10272;16;10269;26;;;10278;11;10280;25;;;10275.0;0.0
av_SUGAR_d5;42200;ASH_COATED_OSMIUM;9941;14;9939;23;;;9947;30;9950;26;;;9944.0;0.0
av_SUGAR_d5;42200;INTARIAN_PEPPER_ROOT;10272;16;10268;30;;;10280;9;10284;11;;;10276.0;0.0
av_SUGAR_d5;42300;ASH_COATED_OSMIUM;9939;14;9935;21;;;9948;10;9950;20;;;9943.5;0.0
av_SUGAR_d5;42300;INTARIAN_PEPPER_ROOT;10274;9;10271;17;;;10280;17;10282;20;;;10277.0;0.0
av_SUGAR_d5;42400;ASH_COATED_OSMIUM;9941;15;9938;22;;;9947;8;9951;10;;;9944.0;0.0
av_SUGAR_d5;42400;INTARIAN_PEPPER_ROOT;10274;14;10272;15;;;10280;18;10283;24;;;10277.0;0.0
av_SUGAR_d5;42500;ASH_COATED_OSMIUM;9940;28;9938;18;;;9947;15;9949;30;;;9943.5;0.0
av_SUGAR_d5;42500;INTARIAN_PEPPER_ROOT;10272;23;10269;24;;;10282;8;10284;25;;;10277.0;0.0
av_SUGAR_d5;42600;ASH_COATED_OSMIUM;9931;20;9929;27;;;9953;16;9957;23;;;9942.0;0.0
av_SUGAR_d5;42600;INTARIAN_PEPPER_ROOT;10274;11;10270;23;;;10280;17;10283;21;;;10277.0;0.0
av_SUGAR_d5;42700;ASH_COATED_OSMIUM;9940;15;9938;15;;;9946;14;9948;18;;;9943.0;0.0
av_SUGAR_d5;42700;INTARIAN_PEPPER_ROOT;10275;16;10273;16;;;10281;25;10285;18;;;10278.0;0.0
av_SUGAR_d5;42800;ASH_COATED_OSMIUM;9940;16;9938;15;;;9946;8;9950;20;;;9943.0;0.0
av_SUGAR_d5;42800;INTARIAN_PEPPER_ROOT;10275;15;10272;27;;;10281;9;10283;13;;;10278.0;0.0
av_SUGAR_d5;42900;ASH_COATED_OSMIUM;9939;20;9935;17;;;9946;21;9948;15;;;9942.5;0.0
av_SUGAR_d5;42900;INTARIAN_PEPPER_ROOT;10272;20;10268;15;;;10286;16;10288;14;;;10279.0;0.0
av_SUGAR_d5;43000;ASH_COATED_OSMIUM;9939;12;9935;13;;;9945;14;9947;17;;;9942.0;0.0
av_SUGAR_d5;43000;INTARIAN_PEPPER_ROOT;10276;17;10272;20;;;10282;13;10284;21;;;10279.0;0.0
av_SUGAR_d5;43100;ASH_COATED_OSMIUM;9939;5;9935;18;;;9946;20;9948;28;;;9942.5;0.0
av_SUGAR_d5;43100;INTARIAN_PEPPER_ROOT;10277;15;10275;30;;;10283;11;10285;20;;;10280.0;0.0
av_SUGAR_d5;43200;ASH_COATED_OSMIUM;9938;16;9935;18;;;9947;18;9951;26;;;9942.5;0.0
av_SUGAR_d5;43200;INTARIAN_PEPPER_ROOT;10277;14;10274;22;;;10283;24;10287;31;;;10280.0;0.0
av_SUGAR_d5;43300;ASH_COATED_OSMIUM;9932;16;9929;19;;;9952;13;9955;16;;;9942.0;0.0
av_SUGAR_d5;43300;INTARIAN_PEPPER_ROOT;10278;19;10276;22;;;10284;23;10286;19;;;10281.0;0.0
av_SUGAR_d5;43400;ASH_COATED_OSMIUM;9939;16;9937;19;;;9945;19;9949;25;;;9942.0;0.0
av_SUGAR_d5;43400;INTARIAN_PEPPER_ROOT;10272;14;10269;22;;;10291;13;10294;18;;;10281.5;0.0
av_SUGAR_d5;43500;ASH_COATED_OSMIUM;9934;9;9932;17;;;9950;23;9954;29;;;9942.0;0.0
av_SUGAR_d5;43500;INTARIAN_PEPPER_ROOT;10279;12;10276;16;;;10285;8;10287;15;;;10282.0;0.0
av_SUGAR_d5;43600;ASH_COATED_OSMIUM;9939;21;9936;15;;;9945;12;9948;22;;;9942.0;0.0
av_SUGAR_d5;43600;INTARIAN_PEPPER_ROOT;10278;7;10275;13;;;10288;11;10290;11;;;10283.0;0.0
av_SUGAR_d5;43700;ASH_COATED_OSMIUM;9938;9;9935;24;;;9944;11;9947;20;;;9941.0;0.0
av_SUGAR_d5;43700;INTARIAN_PEPPER_ROOT;10280;7;10277;29;;;10286;15;10290;18;;;10283.0;0.0
av_SUGAR_d5;43800;ASH_COATED_OSMIUM;9934;17;9932;24;;;9947;7;9951;12;;;9940.5;0.0
av_SUGAR_d5;43800;INTARIAN_PEPPER_ROOT;10277;19;10275;19;;;10289;15;10291;17;;;10283.0;0.0
av_SUGAR_d5;43900;ASH_COATED_OSMIUM;9933;14;9931;25;;;9948;15;9952;13;;;9940.5;0.0
av_SUGAR_d5;43900;INTARIAN_PEPPER_ROOT;10280;14;10277;23;;;10288;9;10290;23;;;10284.0;0.0
av_SUGAR_d5;44000;ASH_COATED_OSMIUM;9931;21;9928;15;;;9951;18;9955;24;;;9941.0;0.0
av_SUGAR_d5;44000;INTARIAN_PEPPER_ROOT;10282;9;10278;15;;;10288;10;10290;13;;;10285.0;0.0
av_SUGAR_d5;44100;ASH_COATED_OSMIUM;9937;18;9933;19;;;9943;14;9947;28;;;9940.0;0.0
av_SUGAR_d5;44100;INTARIAN_PEPPER_ROOT;10276;14;10272;19;;;10295;12;10299;23;;;10285.5;0.0
av_SUGAR_d5;44200;ASH_COATED_OSMIUM;9937;18;9935;24;;;9943;9;9945;30;;;9940.0;0.0
av_SUGAR_d5;44200;INTARIAN_PEPPER_ROOT;10283;7;10279;16;;;10289;18;10291;18;;;10286.0;0.0
av_SUGAR_d5;44300;ASH_COATED_OSMIUM;9937;8;9934;24;;;9943;8;9947;17;;;9940.0;0.0
av_SUGAR_d5;44300;INTARIAN_PEPPER_ROOT;10283;10;10280;27;;;10289;11;10292;18;;;10286.0;0.0
av_SUGAR_d5;44400;ASH_COATED_OSMIUM;9937;17;9933;26;;;9943;16;9947;24;;;9940.0;0.0
av_SUGAR_d5;44400;INTARIAN_PEPPER_ROOT;10284;22;10281;24;;;10290;17;10294;14;;;10287.0;0.0
av_SUGAR_d5;44500;ASH_COATED_OSMIUM;9937;14;9935;24;;;9943;26;9945;17;;;9940.0;0.0
av_SUGAR_d5;44500;INTARIAN_PEPPER_ROOT;10282;21;10280;16;;;10293;7;10296;26;;;10287.5;0.0
av_SUGAR_d5;44600;ASH_COATED_OSMIUM;9936;14;9933;27;;;9942;13;9944;21;;;9939.0;0.0
av_SUGAR_d5;44600;INTARIAN_PEPPER_ROOT;10284;16;10280;13;;;10290;24;10293;24;;;10287.0;0.0
av_SUGAR_d5;44700;ASH_COATED_OSMIUM;9936;12;9932;29;;;9942;22;9944;22;;;9939.0;0.0
av_SUGAR_d5;44700;INTARIAN_PEPPER_ROOT;10285;21;10282;20;;;10291;10;10294;29;;;10288.0;0.0
av_SUGAR_d5;44800;ASH_COATED_OSMIUM;9933;20;9929;17;;;9944;21;9947;16;;;9938.5;0.0
av_SUGAR_d5;44800;INTARIAN_PEPPER_ROOT;10284;13;10280;12;;;10293;13;10296;21;;;10288.5;0.0
av_SUGAR_d5;44900;ASH_COATED_OSMIUM;9935;18;9931;24;;;9943;11;9947;25;;;9939.0;0.0
av_SUGAR_d5;44900;INTARIAN_PEPPER_ROOT;10286;10;10283;19;;;10292;8;10294;23;;;10289.0;0.0
av_SUGAR_d5;45000;ASH_COATED_OSMIUM;9934;24;9931;13;;;9942;12;9944;16;;;9938.0;0.0
av_SUGAR_d5;45000;INTARIAN_PEPPER_ROOT;10286;18;10282;22;;;10293;20;10295;22;;;10289.5;0.0
av_SUGAR_d5;45100;ASH_COATED_OSMIUM;9935;24;9932;19;;;9941;22;9943;22;;;9938.0;0.0
av_SUGAR_d5;45100;INTARIAN_PEPPER_ROOT;10287;16;10284;24;;;10293;13;10295;17;;;10290.0;0.0
av_SUGAR_d5;45200;ASH_COATED_OSMIUM;9927;9;9923;23;;;9948;25;9952;21;;;9937.5;0.0
av_SUGAR_d5;45200;INTARIAN_PEPPER_ROOT;10285;13;10283;26;;;10297;18;10300;14;;;10291.0;0.0
av_SUGAR_d5;45300;ASH_COATED_OSMIUM;9935;17;9932;8;;;9943;21;9945;20;;;9939.0;0.0
av_SUGAR_d5;45300;INTARIAN_PEPPER_ROOT;10274;15;10270;18;;;10308;16;10312;25;;;10291.0;0.0
av_SUGAR_d5;45400;ASH_COATED_OSMIUM;9935;12;9931;19;;;9941;17;9943;27;;;9938.0;0.0
av_SUGAR_d5;45400;INTARIAN_PEPPER_ROOT;10289;13;10286;17;;;10295;17;10298;20;;;10292.0;0.0
av_SUGAR_d5;45500;ASH_COATED_OSMIUM;9935;5;9932;16;;;9941;16;9944;22;;;9938.0;0.0
av_SUGAR_d5;45500;INTARIAN_PEPPER_ROOT;10288;11;10286;18;;;10296;13;10298;17;;;10292.0;0.0
av_SUGAR_d5;45600;ASH_COATED_OSMIUM;9935;23;9933;22;;;9941;10;9943;19;;;9938.0;0.0
av_SUGAR_d5;45600;INTARIAN_PEPPER_ROOT;10289;17;10286;23;;;10295;15;10297;18;;;10292.0;0.0
av_SUGAR_d5;45700;ASH_COATED_OSMIUM;9934;19;9930;18;;;9940;12;9944;24;;;9937.0;0.0
av_SUGAR_d5;45700;INTARIAN_PEPPER_ROOT;10287;10;10285;16;;;10300;11;10303;16;;;10293.5;0.0
av_SUGAR_d5;45800;ASH_COATED_OSMIUM;9934;14;9930;21;;;9940;17;9944;15;;;9937.0;0.0
av_SUGAR_d5;45800;INTARIAN_PEPPER_ROOT;10291;22;10288;8;;;10297;14;10300;21;;;10294.0;0.0
av_SUGAR_d5;45900;ASH_COATED_OSMIUM;9934;18;9930;19;;;9940;17;9944;19;;;9937.0;0.0
av_SUGAR_d5;45900;INTARIAN_PEPPER_ROOT;10291;8;10289;23;;;10297;18;10300;13;;;10294.0;0.0
av_SUGAR_d5;46000;ASH_COATED_OSMIUM;9934;5;9932;17;;;9940;25;9943;18;;;9937.0;0.0
av_SUGAR_d5;46000;INTARIAN_PEPPER_ROOT;10292;19;10288;23;;;10298;10;10301;23;;;10295.0;0.0
av_SUGAR_d5;46100;ASH_COATED_OSMIUM;9925;10;9922;9;;;9947;19;9951;20;;;9936.0;0.0
av_SUGAR_d5;46100;INTARIAN_PEPPER_ROOT;10288;20;10286;19;;;10304;15;10306;16;;;10296.0;0.0
av_SUGAR_d5;46200;ASH_COATED_OSMIUM;9931;18;9927;28;;;9940;12;9942;25;;;9935.5;0.0
av_SUGAR_d5;46200;INTARIAN_PEPPER_ROOT;10293;16;10289;18;;;10299;15;10303;21;;;10296.0;0.0
av_SUGAR_d5;46300;ASH_COATED_OSMIUM;9934;12;9930;10;;;9940;15;9944;13;;;9937.0;0.0
av_SUGAR_d5;46300;INTARIAN_PEPPER_ROOT;10293;5;10290;19;;;10299;18;10302;17;;;10296.0;0.0
av_SUGAR_d5;46400;ASH_COATED_OSMIUM;9929;15;9925;21;;;9943;18;9945;22;;;9936.0;0.0
av_SUGAR_d5;46400;INTARIAN_PEPPER_ROOT;10294;16;10290;14;;;10300;15;10303;18;;;10297.0;0.0
av_SUGAR_d5;46500;ASH_COATED_OSMIUM;9932;19;9928;15;;;9938;17;9940;21;;;9935.0;0.0
av_SUGAR_d5;46500;INTARIAN_PEPPER_ROOT;10294;10;10290;14;;;10300;9;10303;29;;;10297.0;0.0
av_SUGAR_d5;46600;ASH_COATED_OSMIUM;9931;18;9928;16;;;9940;15;9943;20;;;9935.5;0.0
av_SUGAR_d5;46600;INTARIAN_PEPPER_ROOT;10292;16;10288;23;;;10302;5;10306;16;;;10297.0;0.0
av_SUGAR_d5;46700;ASH_COATED_OSMIUM;9932;21;9929;23;;;9938;11;9942;22;;;9935.0;0.0
av_SUGAR_d5;46700;INTARIAN_PEPPER_ROOT;10295;14;10293;14;;;10301;5;10305;17;;;10298.0;0.0
av_SUGAR_d5;46800;ASH_COATED_OSMIUM;9932;19;9928;22;;;9938;13;9941;16;;;9935.0;0.0
av_SUGAR_d5;46800;INTARIAN_PEPPER_ROOT;10295;21;10293;17;;;10301;12;10304;27;;;10298.0;0.0
av_SUGAR_d5;46900;ASH_COATED_OSMIUM;9928;5;9926;19;;;9942;14;9946;25;;;9935.0;0.0
av_SUGAR_d5;46900;INTARIAN_PEPPER_ROOT;10296;19;10293;32;;;10302;18;10305;21;;;10299.0;0.0
av_SUGAR_d5;47000;ASH_COATED_OSMIUM;9931;10;9928;25;;;9938;9;9942;19;;;9934.5;0.0
av_SUGAR_d5;47000;INTARIAN_PEPPER_ROOT;10296;15;10294;27;;;10304;10;10306;19;;;10300.0;0.0
av_SUGAR_d5;47100;ASH_COATED_OSMIUM;9931;5;9929;19;;;9937;14;9940;24;;;9934.0;0.0
av_SUGAR_d5;47100;INTARIAN_PEPPER_ROOT;10297;6;10295;22;;;10303;11;10307;14;;;10300.0;0.0
av_SUGAR_d5;47200;ASH_COATED_OSMIUM;9931;16;9929;15;;;9937;11;9940;22;;;9934.0;0.0
av_SUGAR_d5;47200;INTARIAN_PEPPER_ROOT;10297;12;10295;10;;;10306;21;10310;13;;;10301.5;0.0
av_SUGAR_d5;47300;ASH_COATED_OSMIUM;9931;21;9929;16;;;9937;12;9941;14;;;9934.0;0.0
av_SUGAR_d5;47300;INTARIAN_PEPPER_ROOT;10298;23;10294;13;;;10304;10;10307;18;;;10301.0;0.0
av_SUGAR_d5;47400;ASH_COATED_OSMIUM;9931;5;9929;25;;;9937;25;9939;26;;;9934.0;0.0
av_SUGAR_d5;47400;INTARIAN_PEPPER_ROOT;10299;16;10295;25;;;10305;14;10308;17;;;10302.0;0.0
av_SUGAR_d5;47500;ASH_COATED_OSMIUM;9930;9;9926;19;;;9937;19;9941;15;;;9933.5;0.0
av_SUGAR_d5;47500;INTARIAN_PEPPER_ROOT;10300;16;10297;23;;;10306;18;10309;17;;;10303.0;0.0
av_SUGAR_d5;47600;ASH_COATED_OSMIUM;9930;21;9926;18;;;9937;15;9939;19;;;9933.5;0.0
av_SUGAR_d5;47600;INTARIAN_PEPPER_ROOT;10297;14;10293;24;;;10309;10;10313;19;;;10303.0;0.0
av_SUGAR_d5;47700;ASH_COATED_OSMIUM;9923;15;9920;20;;;9944;9;9946;21;;;9933.5;0.0
av_SUGAR_d5;47700;INTARIAN_PEPPER_ROOT;10294;15;10291;16;;;10313;12;10315;14;;;10303.5;0.0
av_SUGAR_d5;47800;ASH_COATED_OSMIUM;9926;15;9923;17;;;9939;16;9941;27;;;9932.5;0.0
av_SUGAR_d5;47800;INTARIAN_PEPPER_ROOT;10301;16;10297;22;;;10307;21;10310;8;;;10304.0;0.0
av_SUGAR_d5;47900;ASH_COATED_OSMIUM;9924;16;9920;28;;;9942;18;9946;24;;;9933.0;0.0
av_SUGAR_d5;47900;INTARIAN_PEPPER_ROOT;10296;15;10294;17;;;10313;20;10316;28;;;10304.5;0.0
av_SUGAR_d5;48000;ASH_COATED_OSMIUM;9929;22;9925;27;;;9936;17;9940;21;;;9932.5;0.0
av_SUGAR_d5;48000;INTARIAN_PEPPER_ROOT;10302;17;10298;13;;;10308;10;10310;18;;;10305.0;0.0
av_SUGAR_d5;48100;ASH_COATED_OSMIUM;9930;13;9928;12;;;9936;10;9940;25;;;9933.0;0.0
av_SUGAR_d5;48100;INTARIAN_PEPPER_ROOT;10303;9;10299;23;;;10309;16;10311;19;;;10306.0;0.0
av_SUGAR_d5;48200;ASH_COATED_OSMIUM;9929;19;9926;26;;;9935;14;9937;18;;;9932.0;0.0
av_SUGAR_d5;48200;INTARIAN_PEPPER_ROOT;10303;15;10300;16;;;10309;22;10311;9;;;10306.0;0.0
av_SUGAR_d5;48300;ASH_COATED_OSMIUM;9924;27;9920;8;;;9941;11;9943;22;;;9932.5;0.0
av_SUGAR_d5;48300;INTARIAN_PEPPER_ROOT;10296;5;10292;17;;;10316;27;10318;14;;;10306.0;0.0
av_SUGAR_d5;48400;ASH_COATED_OSMIUM;9929;17;9925;19;;;9935;17;9938;20;;;9932.0;0.0
av_SUGAR_d5;48400;INTARIAN_PEPPER_ROOT;10294;21;10292;16;;;10319;13;10322;18;;;10306.5;0.0
av_SUGAR_d5;48500;ASH_COATED_OSMIUM;9929;13;9926;29;;;9935;15;9937;21;;;9932.0;0.0
av_SUGAR_d5;48500;INTARIAN_PEPPER_ROOT;10302;15;10300;23;;;10311;15;10315;14;;;10306.5;0.0
av_SUGAR_d5;48600;ASH_COATED_OSMIUM;9929;12;9925;20;;;9935;9;9939;22;;;9932.0;0.0
av_SUGAR_d5;48600;INTARIAN_PEPPER_ROOT;10305;11;10303;24;;;10311;17;10313;23;;;10308.0;0.0
av_SUGAR_d5;48700;ASH_COATED_OSMIUM;9929;20;9926;23;;;9935;14;9939;14;;;9932.0;0.0
av_SUGAR_d5;48700;INTARIAN_PEPPER_ROOT;10301;8;10299;11;;;10316;11;10318;21;;;10308.5;0.0
av_SUGAR_d5;48800;ASH_COATED_OSMIUM;9928;21;9926;10;;;9935;10;9939;13;;;9931.5;0.0
av_SUGAR_d5;48800;INTARIAN_PEPPER_ROOT;10306;13;10303;17;;;10312;10;10316;16;;;10309.0;0.0
av_SUGAR_d5;48900;ASH_COATED_OSMIUM;9926;15;9923;19;;;9937;18;9940;11;;;9931.5;0.0
av_SUGAR_d5;48900;INTARIAN_PEPPER_ROOT;10306;15;10303;14;;;10313;18;10316;16;;;10309.5;0.0
av_SUGAR_d5;49000;ASH_COATED_OSMIUM;9927;14;9925;21;;;9935;17;9938;14;;;9931.0;0.0
av_SUGAR_d5;49000;INTARIAN_PEPPER_ROOT;10306;12;10302;21;;;10312;5;10316;26;;;10309.0;0.0
av_SUGAR_d5;49100;ASH_COATED_OSMIUM;9928;5;9924;19;;;9934;6;9938;13;;;9931.0;0.0
av_SUGAR_d5;49100;INTARIAN_PEPPER_ROOT;10307;16;10305;18;;;10313;12;10315;19;;;10310.0;0.0
av_SUGAR_d5;49200;ASH_COATED_OSMIUM;9928;24;9926;18;;;9934;11;9938;16;;;9931.0;0.0
av_SUGAR_d5;49200;INTARIAN_PEPPER_ROOT;10307;22;10305;18;;;10315;12;10317;12;;;10311.0;0.0
av_SUGAR_d5;49300;ASH_COATED_OSMIUM;9926;21;9922;14;;;9935;17;9937;25;;;9930.5;0.0
av_SUGAR_d5;49300;INTARIAN_PEPPER_ROOT;10308;23;10304;27;;;10315;7;10319;16;;;10311.5;0.0
av_SUGAR_d5;49400;ASH_COATED_OSMIUM;9927;14;9925;15;;;9933;16;9935;23;;;9930.0;0.0
av_SUGAR_d5;49400;INTARIAN_PEPPER_ROOT;10302;17;10299;23;;;10321;22;10325;15;;;10311.5;0.0
av_SUGAR_d5;49500;ASH_COATED_OSMIUM;9928;11;9925;26;;;9934;16;9937;19;;;9931.0;0.0
av_SUGAR_d5;49500;INTARIAN_PEPPER_ROOT;10306;16;10304;20;;;10318;20;10321;22;;;10312.0;0.0
av_SUGAR_d5;49600;ASH_COATED_OSMIUM;9927;9;9923;20;;;9933;14;9937;28;;;9930.0;0.0
av_SUGAR_d5;49600;INTARIAN_PEPPER_ROOT;10309;19;10307;17;;;10315;15;10318;9;;;10312.0;0.0
av_SUGAR_d5;49700;ASH_COATED_OSMIUM;9927;16;9925;19;;;9933;21;9937;23;;;9930.0;0.0
av_SUGAR_d5;49700;INTARIAN_PEPPER_ROOT;10310;27;10306;14;;;10316;18;10319;24;;;10313.0;0.0
av_SUGAR_d5;49800;ASH_COATED_OSMIUM;9927;22;9925;23;;;9933;24;9937;25;;;9930.0;0.0
av_SUGAR_d5;49800;INTARIAN_PEPPER_ROOT;10311;13;10307;22;;;10317;11;10320;12;;;10314.0;0.0
av_SUGAR_d5;49900;ASH_COATED_OSMIUM;9926;15;9922;27;;;9932;17;9936;24;;;9929.0;0.0
av_SUGAR_d5;49900;INTARIAN_PEPPER_ROOT;10309;23;10305;23;;;10319;14;10321;13;;;10314.0;0.0
av_SUGAR_d5;50000;ASH_COATED_OSMIUM;9926;15;9924;24;;;9932;16;9935;12;;;9929.0;0.0
av_SUGAR_d5;50000;INTARIAN_PEPPER_ROOT;10312;5;10308;26;;;10318;14;10322;25;;;10315.0;0.0
av_SUGAR_d5;50100;ASH_COATED_OSMIUM;9926;12;9922;20;;;9932;14;9935;22;;;9929.0;0.0
av_SUGAR_d5;50100;INTARIAN_PEPPER_ROOT;10312;12;10309;19;;;10318;19;10321;21;;;10315.0;0.0
av_SUGAR_d5;50200;ASH_COATED_OSMIUM;9925;18;9921;25;;;9933;12;9936;20;;;9929.0;0.0
av_SUGAR_d5;50200;INTARIAN_PEPPER_ROOT;10313;15;10310;17;;;10319;8;10321;30;;;10316.0;0.0
av_SUGAR_d5;50300;ASH_COATED_OSMIUM;9925;22;9921;28;;;9931;11;9933;23;;;9928.0;0.0
av_SUGAR_d5;50300;INTARIAN_PEPPER_ROOT;10313;12;10309;20;;;10319;22;10322;26;;;10316.0;0.0
av_SUGAR_d5;50400;ASH_COATED_OSMIUM;9926;9;9924;17;;;9932;12;9935;19;;;9929.0;0.0
av_SUGAR_d5;50400;INTARIAN_PEPPER_ROOT;10313;13;10310;22;;;10319;25;10321;21;;;10316.0;0.0
av_SUGAR_d5;50500;ASH_COATED_OSMIUM;9925;14;9921;14;;;9931;17;9935;14;;;9928.0;0.0
av_SUGAR_d5;50500;INTARIAN_PEPPER_ROOT;10314;15;10311;16;;;10320;11;10322;18;;;10317.0;0.0
av_SUGAR_d5;50600;ASH_COATED_OSMIUM;9925;20;9922;18;;;9931;17;9934;25;;;9928.0;0.0
av_SUGAR_d5;50600;INTARIAN_PEPPER_ROOT;10309;22;10307;25;;;10327;20;10331;25;;;10318.0;0.0
av_SUGAR_d5;50700;ASH_COATED_OSMIUM;9921;20;9918;21;;;9936;5;9938;20;;;9928.5;0.0
av_SUGAR_d5;50700;INTARIAN_PEPPER_ROOT;10314;9;10310;23;;;10322;15;10324;19;;;10318.0;0.0
av_SUGAR_d5;50800;ASH_COATED_OSMIUM;9921;20;9918;27;;;9934;14;9936;20;;;9927.5;0.0
av_SUGAR_d5;50800;INTARIAN_PEPPER_ROOT;10316;11;10314;19;;;10322;17;10324;27;;;10319.0;0.0
av_SUGAR_d5;50900;ASH_COATED_OSMIUM;9917;21;9915;23;;;9937;13;9941;17;;;9927.0;0.0
av_SUGAR_d5;50900;INTARIAN_PEPPER_ROOT;10314;15;10310;26;;;10323;14;10327;21;;;10318.5;0.0
av_SUGAR_d5;51000;ASH_COATED_OSMIUM;9914;16;9912;19;;;9940;18;9942;13;;;9927.0;0.0
av_SUGAR_d5;51000;INTARIAN_PEPPER_ROOT;10315;23;10313;16;;;10321;13;10324;27;;;10318.0;0.0
av_SUGAR_d5;51100;ASH_COATED_OSMIUM;9924;21;9922;19;;;9930;18;9933;20;;;9927.0;0.0
av_SUGAR_d5;51100;INTARIAN_PEPPER_ROOT;10313;21;10311;11;;;10323;16;10326;12;;;10318.0;0.0
av_SUGAR_d5;51200;ASH_COATED_OSMIUM;9924;14;9921;17;;;9930;13;9933;18;;;9927.0;0.0
av_SUGAR_d5;51200;INTARIAN_PEPPER_ROOT;10314;20;10311;24;;;10320;12;10323;18;;;10317.0;0.0
av_SUGAR_d5;51300;ASH_COATED_OSMIUM;9923;16;9919;11;;;9932;19;9935;21;;;9927.5;0.0
av_SUGAR_d5;51300;INTARIAN_PEPPER_ROOT;10314;16;10312;20;;;10320;8;10323;13;;;10317.0;0.0
av_SUGAR_d5;51400;ASH_COATED_OSMIUM;9924;5;9922;18;;;9930;6;9933;13;;;9927.0;0.0
av_SUGAR_d5;51400;INTARIAN_PEPPER_ROOT;10310;18;10307;15;;;10324;15;10326;18;;;10317.0;0.0
av_SUGAR_d5;51500;ASH_COATED_OSMIUM;9924;13;9922;20;;;9930;8;9932;16;;;9927.0;0.0
av_SUGAR_d5;51500;INTARIAN_PEPPER_ROOT;10313;19;10309;18;;;10319;8;10321;29;;;10316.0;0.0
av_SUGAR_d5;51600;ASH_COATED_OSMIUM;9920;18;9916;23;;;9934;18;9936;22;;;9927.0;0.0
av_SUGAR_d5;51600;INTARIAN_PEPPER_ROOT;10312;13;10309;15;;;10318;10;10320;11;;;10315.0;0.0
av_SUGAR_d5;51700;ASH_COATED_OSMIUM;9923;16;9919;19;;;9929;18;9932;13;;;9926.0;0.0
av_SUGAR_d5;51700;INTARIAN_PEPPER_ROOT;10312;16;10308;26;;;10318;10;10321;24;;;10315.0;0.0
av_SUGAR_d5;51800;ASH_COATED_OSMIUM;9923;6;9921;18;;;9929;13;9932;22;;;9926.0;0.0
av_SUGAR_d5;51800;INTARIAN_PEPPER_ROOT;10308;13;10305;19;;;10321;12;10323;16;;;10314.5;0.0
av_SUGAR_d5;51900;ASH_COATED_OSMIUM;9923;14;9919;19;;;9929;11;9931;17;;;9926.0;0.0
av_SUGAR_d5;51900;INTARIAN_PEPPER_ROOT;10306;10;10302;32;;;10322;11;10326;26;;;10314.0;0.0
av_SUGAR_d5;52000;ASH_COATED_OSMIUM;9918;12;9914;27;;;9933;12;9935;24;;;9925.5;0.0
av_SUGAR_d5;52000;INTARIAN_PEPPER_ROOT;10310;9;10308;22;;;10316;11;10318;11;;;10313.0;0.0
av_SUGAR_d5;52100;ASH_COATED_OSMIUM;9922;12;9920;18;;;9930;21;9932;14;;;9926.0;0.0
av_SUGAR_d5;52100;INTARIAN_PEPPER_ROOT;10309;7;10306;28;;;10315;23;10318;18;;;10312.0;0.0
av_SUGAR_d5;52200;ASH_COATED_OSMIUM;9922;10;9920;27;;;9928;11;9931;30;;;9925.0;0.0
av_SUGAR_d5;52200;INTARIAN_PEPPER_ROOT;10309;14;10307;24;;;10316;8;10318;23;;;10312.5;0.0
av_SUGAR_d5;52300;ASH_COATED_OSMIUM;9922;22;9919;17;;;9928;9;9931;15;;;9925.0;0.0
av_SUGAR_d5;52300;INTARIAN_PEPPER_ROOT;10293;25;10290;23;;;10330;25;10333;20;;;10311.5;0.0
av_SUGAR_d5;52400;ASH_COATED_OSMIUM;9922;10;9920;20;;;9928;17;9930;8;;;9925.0;0.0
av_SUGAR_d5;52400;INTARIAN_PEPPER_ROOT;10305;15;10302;23;;;10316;18;10320;21;;;10310.5;0.0
av_SUGAR_d5;52500;ASH_COATED_OSMIUM;9922;16;9919;18;;;9928;18;9932;13;;;9925.0;0.0
av_SUGAR_d5;52500;INTARIAN_PEPPER_ROOT;10307;16;10304;20;;;10313;16;10316;20;;;10310.0;0.0
av_SUGAR_d5;52600;ASH_COATED_OSMIUM;9921;14;9917;11;;;9927;17;9929;8;;;9924.0;0.0
av_SUGAR_d5;52600;INTARIAN_PEPPER_ROOT;10301;8;10297;21;;;10319;18;10321;21;;;10310.0;0.0
av_SUGAR_d5;52700;ASH_COATED_OSMIUM;9922;15;9920;8;;;9928;14;9932;14;;;9925.0;0.0
av_SUGAR_d5;52700;INTARIAN_PEPPER_ROOT;10306;18;10302;13;;;10313;12;10315;18;;;10309.5;0.0
av_SUGAR_d5;52800;ASH_COATED_OSMIUM;9920;13;9916;21;;;9927;8;9930;13;;;9923.5;0.0
av_SUGAR_d5;52800;INTARIAN_PEPPER_ROOT;10306;7;10304;18;;;10312;11;10316;25;;;10309.0;0.0
av_SUGAR_d5;52900;ASH_COATED_OSMIUM;9921;17;9918;18;;;9927;14;9931;25;;;9924.0;0.0
av_SUGAR_d5;52900;INTARIAN_PEPPER_ROOT;10305;24;10303;22;;;10311;8;10315;13;;;10308.0;0.0
av_SUGAR_d5;53000;ASH_COATED_OSMIUM;9921;5;9918;24;;;9927;10;9930;27;;;9924.0;0.0
av_SUGAR_d5;53000;INTARIAN_PEPPER_ROOT;10302;9;10299;22;;;10314;28;10316;8;;;10308.0;0.0
av_SUGAR_d5;53100;ASH_COATED_OSMIUM;9918;14;9916;23;;;9930;27;9934;19;;;9924.0;0.0
av_SUGAR_d5;53100;INTARIAN_PEPPER_ROOT;10302;11;10298;19;;;10312;12;10314;14;;;10307.0;0.0
av_SUGAR_d5;53200;ASH_COATED_OSMIUM;9917;24;9915;21;;;9930;12;9933;13;;;9923.5;0.0
av_SUGAR_d5;53200;INTARIAN_PEPPER_ROOT;10301;14;10299;16;;;10312;13;10316;18;;;10306.5;0.0
av_SUGAR_d5;53300;ASH_COATED_OSMIUM;9921;13;9917;18;;;9927;11;9930;18;;;9924.0;0.0
av_SUGAR_d5;53300;INTARIAN_PEPPER_ROOT;10303;17;10299;33;;;10309;20;10313;18;;;10306.0;0.0
av_SUGAR_d5;53400;ASH_COATED_OSMIUM;9921;12;9917;21;;;9927;18;9930;15;;;9924.0;0.0
av_SUGAR_d5;53400;INTARIAN_PEPPER_ROOT;10300;14;10296;24;;;10313;7;10316;17;;;10306.5;0.0
av_SUGAR_d5;53500;ASH_COATED_OSMIUM;9918;17;9914;18;;;9929;25;9932;14;;;9923.5;0.0
av_SUGAR_d5;53500;INTARIAN_PEPPER_ROOT;10299;18;10297;22;;;10312;15;10315;21;;;10305.5;0.0
av_SUGAR_d5;53600;ASH_COATED_OSMIUM;9920;20;9918;23;;;9926;11;9930;19;;;9923.0;0.0
av_SUGAR_d5;53600;INTARIAN_PEPPER_ROOT;10301;11;10298;22;;;10307;13;10309;17;;;10304.0;0.0
av_SUGAR_d5;53700;ASH_COATED_OSMIUM;9920;11;9916;19;;;9926;6;9929;17;;;9923.0;0.0
av_SUGAR_d5;53700;INTARIAN_PEPPER_ROOT;10281;15;10279;18;;;10327;16;10330;22;;;10304.0;0.0
av_SUGAR_d5;53800;ASH_COATED_OSMIUM;9918;11;9914;16;;;9929;19;9932;17;;;9923.5;0.0
av_SUGAR_d5;53800;INTARIAN_PEPPER_ROOT;10301;9;10298;15;;;10307;19;10311;14;;;10304.0;0.0
av_SUGAR_d5;53900;ASH_COATED_OSMIUM;9918;14;9914;12;;;9928;5;9931;17;;;9923.0;0.0
av_SUGAR_d5;53900;INTARIAN_PEPPER_ROOT;10300;9;10298;15;;;10306;11;10309;20;;;10303.0;0.0
av_SUGAR_d5;54000;ASH_COATED_OSMIUM;9920;19;9917;19;;;9926;17;9929;23;;;9923.0;0.0
av_SUGAR_d5;54000;INTARIAN_PEPPER_ROOT;10298;6;10294;28;;;10308;15;10312;18;;;10303.0;0.0
av_SUGAR_d5;54100;ASH_COATED_OSMIUM;9909;14;9907;20;;;9935;8;9939;23;;;9922.0;0.0
av_SUGAR_d5;54100;INTARIAN_PEPPER_ROOT;10299;14;10296;21;;;10305;11;10307;16;;;10302.0;0.0
av_SUGAR_d5;54200;ASH_COATED_OSMIUM;9919;10;9917;18;;;9925;16;9928;22;;;9922.0;0.0
av_SUGAR_d5;54200;INTARIAN_PEPPER_ROOT;10299;21;10296;18;;;10305;16;10308;23;;;10302.0;0.0
av_SUGAR_d5;54300;ASH_COATED_OSMIUM;9919;7;9917;23;;;9925;16;9928;18;;;9922.0;0.0
av_SUGAR_d5;54300;INTARIAN_PEPPER_ROOT;10281;15;10277;18;;;10320;8;10322;23;;;10300.5;0.0
av_SUGAR_d5;54400;ASH_COATED_OSMIUM;9919;15;9917;13;;;9925;11;9929;22;;;9922.0;0.0
av_SUGAR_d5;54400;INTARIAN_PEPPER_ROOT;10289;18;10285;20;;;10312;22;10316;22;;;10300.5;0.0
av_SUGAR_d5;54500;ASH_COATED_OSMIUM;9918;18;9914;21;;;9924;9;9926;24;;;9921.0;0.0
av_SUGAR_d5;54500;INTARIAN_PEPPER_ROOT;10297;17;10295;23;;;10303;13;10307;14;;;10300.0;0.0
av_SUGAR_d5;54600;ASH_COATED_OSMIUM;9918;28;9916;18;;;9925;12;9928;25;;;9921.5;0.0
av_SUGAR_d5;54600;INTARIAN_PEPPER_ROOT;10297;24;10293;24;;;10303;20;10305;15;;;10300.0;0.0
av_SUGAR_d5;54700;ASH_COATED_OSMIUM;9918;13;9915;16;;;9924;16;9928;15;;;9921.0;0.0
av_SUGAR_d5;54700;INTARIAN_PEPPER_ROOT;10280;13;10278;19;;;10319;21;10321;23;;;10299.5;0.0
av_SUGAR_d5;54800;ASH_COATED_OSMIUM;9918;16;9914;18;;;9924;12;9926;20;;;9921.0;0.0
av_SUGAR_d5;54800;INTARIAN_PEPPER_ROOT;10296;12;10293;18;;;10302;9;10305;20;;;10299.0;0.0
av_SUGAR_d5;54900;ASH_COATED_OSMIUM;9916;16;9914;18;;;9926;12;9928;25;;;9921.0;0.0
av_SUGAR_d5;54900;INTARIAN_PEPPER_ROOT;10296;17;10294;25;;;10302;8;10305;20;;;10299.0;0.0
av_SUGAR_d5;55000;ASH_COATED_OSMIUM;9918;18;9916;9;;;9924;10;9928;15;;;9921.0;0.0
av_SUGAR_d5;55000;INTARIAN_PEPPER_ROOT;10287;7;10283;23;;;10308;5;10310;23;;;10297.5;0.0
av_SUGAR_d5;55100;ASH_COATED_OSMIUM;9915;15;9911;14;;;9926;5;9928;12;;;9920.5;0.0
av_SUGAR_d5;55100;INTARIAN_PEPPER_ROOT;10292;11;10289;13;;;10303;14;10306;18;;;10297.5;0.0
av_SUGAR_d5;55200;ASH_COATED_OSMIUM;9918;21;9914;17;;;9924;12;9927;15;;;9921.0;0.0
av_SUGAR_d5;55200;INTARIAN_PEPPER_ROOT;10294;14;10290;29;;;10300;17;10303;18;;;10297.0;0.0
av_SUGAR_d5;55300;ASH_COATED_OSMIUM;9917;18;9913;23;;;9923;13;9926;11;;;9920.0;0.0
av_SUGAR_d5;55300;INTARIAN_PEPPER_ROOT;10293;18;10289;17;;;10299;8;10302;22;;;10296.0;0.0
av_SUGAR_d5;55400;ASH_COATED_OSMIUM;9917;20;9913;26;;;9923;14;9927;19;;;9920.0;0.0
av_SUGAR_d5;55400;INTARIAN_PEPPER_ROOT;10292;12;10289;14;;;10299;9;10301;16;;;10295.5;0.0
av_SUGAR_d5;55500;ASH_COATED_OSMIUM;9916;19;9914;16;;;9922;10;9926;20;;;9919.0;0.0
av_SUGAR_d5;55500;INTARIAN_PEPPER_ROOT;10292;15;10289;24;;;10298;22;10300;24;;;10295.0;0.0
av_SUGAR_d5;55600;ASH_COATED_OSMIUM;9914;19;9910;17;;;9925;15;9928;20;;;9919.5;0.0
av_SUGAR_d5;55600;INTARIAN_PEPPER_ROOT;10291;5;10289;19;;;10297;16;10301;21;;;10294.0;0.0
av_SUGAR_d5;55700;ASH_COATED_OSMIUM;9916;10;9914;17;;;9922;13;9924;13;;;9919.0;0.0
av_SUGAR_d5;55700;INTARIAN_PEPPER_ROOT;10291;9;10289;24;;;10297;18;10300;28;;;10294.0;0.0
av_SUGAR_d5;55800;ASH_COATED_OSMIUM;9914;16;9911;13;;;9925;13;9928;17;;;9919.5;0.0
av_SUGAR_d5;55800;INTARIAN_PEPPER_ROOT;10291;9;10289;14;;;10297;15;10301;11;;;10294.0;0.0
av_SUGAR_d5;55900;ASH_COATED_OSMIUM;9916;21;9913;22;;;9922;7;9926;12;;;9919.0;0.0
av_SUGAR_d5;55900;INTARIAN_PEPPER_ROOT;10290;24;10286;22;;;10296;21;10300;23;;;10293.0;0.0
av_SUGAR_d5;56000;ASH_COATED_OSMIUM;9916;20;9912;23;;;9922;13;9924;23;;;9919.0;0.0
av_SUGAR_d5;56000;INTARIAN_PEPPER_ROOT;10289;16;10285;23;;;10297;15;10300;21;;;10293.0;0.0
av_SUGAR_d5;56100;ASH_COATED_OSMIUM;9904;21;9900;24;;;9934;14;9938;16;;;9919.0;0.0
av_SUGAR_d5;56100;INTARIAN_PEPPER_ROOT;10288;9;10284;23;;;10295;10;10299;27;;;10291.5;0.0
av_SUGAR_d5;56200;ASH_COATED_OSMIUM;9910;12;9908;12;;;9926;6;9930;17;;;9918.0;0.0
av_SUGAR_d5;56200;INTARIAN_PEPPER_ROOT;10287;24;10284;14;;;10295;7;10299;27;;;10291.0;0.0
av_SUGAR_d5;56300;ASH_COATED_OSMIUM;9915;12;9913;12;;;9924;5;9926;17;;;9919.5;0.0
av_SUGAR_d5;56300;INTARIAN_PEPPER_ROOT;10286;17;10282;27;;;10296;11;10298;21;;;10291.0;0.0
av_SUGAR_d5;56400;ASH_COATED_OSMIUM;9915;16;9911;23;;;9921;19;9924;9;;;9918.0;0.0
av_SUGAR_d5;56400;INTARIAN_PEPPER_ROOT;10288;22;10284;21;;;10294;14;10298;24;;;10291.0;0.0
av_SUGAR_d5;56500;ASH_COATED_OSMIUM;9915;7;9911;13;;;9921;17;9925;16;;;9918.0;0.0
av_SUGAR_d5;56500;INTARIAN_PEPPER_ROOT;10281;14;10277;12;;;10298;14;10300;16;;;10289.5;0.0
av_SUGAR_d5;56600;ASH_COATED_OSMIUM;9915;11;9911;18;;;9921;12;9924;16;;;9918.0;0.0
av_SUGAR_d5;56600;INTARIAN_PEPPER_ROOT;10286;9;10284;24;;;10292;26;10295;19;;;10289.0;0.0
av_SUGAR_d5;56700;ASH_COATED_OSMIUM;9915;11;9912;14;;;9921;15;9923;14;;;9918.0;0.0
av_SUGAR_d5;56700;INTARIAN_PEPPER_ROOT;10285;13;10281;11;;;10291;14;10295;29;;;10288.0;0.0
av_SUGAR_d5;56800;ASH_COATED_OSMIUM;9915;6;9911;27;;;9921;11;9924;27;;;9918.0;0.0
av_SUGAR_d5;56800;INTARIAN_PEPPER_ROOT;10282;16;10280;23;;;10296;16;10298;16;;;10289.0;0.0
av_SUGAR_d5;56900;ASH_COATED_OSMIUM;9914;13;9910;31;;;9920;18;9923;24;;;9917.0;0.0
av_SUGAR_d5;56900;INTARIAN_PEPPER_ROOT;10274;13;10270;15;;;10302;13;10305;18;;;10288.0;0.0
av_SUGAR_d5;57000;ASH_COATED_OSMIUM;9914;15;9911;11;;;9920;10;9924;15;;;9917.0;0.0
av_SUGAR_d5;57000;INTARIAN_PEPPER_ROOT;10284;23;10280;14;;;10290;15;10294;23;;;10287.0;0.0
av_SUGAR_d5;57100;ASH_COATED_OSMIUM;9914;11;9911;24;;;9922;11;9926;13;;;9918.0;0.0
av_SUGAR_d5;57100;INTARIAN_PEPPER_ROOT;10281;18;10278;21;;;10293;8;10295;29;;;10287.0;0.0
av_SUGAR_d5;57200;ASH_COATED_OSMIUM;9903;10;9900;20;;;9930;16;9934;23;;;9916.5;0.0
av_SUGAR_d5;57200;INTARIAN_PEPPER_ROOT;10283;10;10279;20;;;10289;29;10293;21;;;10286.0;0.0
av_SUGAR_d5;57300;ASH_COATED_OSMIUM;9910;12;9907;17;;;9925;23;9929;17;;;9917.5;0.0
av_SUGAR_d5;57300;INTARIAN_PEPPER_ROOT;10283;14;10280;27;;;10289;12;10291;22;;;10286.0;0.0
av_SUGAR_d5;57400;ASH_COATED_OSMIUM;9914;17;9911;18;;;9920;10;9924;10;;;9917.0;0.0
av_SUGAR_d5;57400;INTARIAN_PEPPER_ROOT;10282;13;10279;17;;;10288;11;10292;26;;;10285.0;0.0
av_SUGAR_d5;57500;ASH_COATED_OSMIUM;9914;16;9912;19;;;9920;14;9924;26;;;9917.0;0.0
av_SUGAR_d5;57500;INTARIAN_PEPPER_ROOT;10282;14;10278;16;;;10288;17;10291;21;;;10285.0;0.0
av_SUGAR_d5;57600;ASH_COATED_OSMIUM;9912;19;9910;27;;;9920;21;9922;13;;;9916.0;0.0
av_SUGAR_d5;57600;INTARIAN_PEPPER_ROOT;10282;5;10278;20;;;10288;20;10292;17;;;10285.0;0.0
av_SUGAR_d5;57700;ASH_COATED_OSMIUM;9909;12;9906;18;;;9924;17;9926;21;;;9916.5;0.0
