day;timestamp;product;bid_price_1;bid_volume_1;bid_price_2;bid_volume_2;bid_price_3;bid_volume_3;ask_price_1;ask_volume_1;ask_price_2;ask_volume_2;ask_price_3;ask_volume_3;mid_price;profit_and_loss
av_COTTON_d4;0;ASH_COATED_OSMIUM;9895;13;9892;21;;;9906;12;9909;18;;;9900.5;0.0
av_COTTON_d4;0;INTARIAN_PEPPER_ROOT;10282;13;10280;23;;;10288;13;10290;19;;;10285.0;0.0
av_COTTON_d4;100;ASH_COATED_OSMIUM;9897;17;9893;22;;;9903;7;9907;21;;;9900.0;0.0
av_COTTON_d4;100;INTARIAN_PEPPER_ROOT;10282;9;10280;24;;;10288;12;10291;20;;;10285.0;0.0
av_COTTON_d4;200;ASH_COATED_OSMIUM;9897;7;9895;17;;;9903;12;9906;23;;;9900.0;0.0
av_COTTON_d4;200;INTARIAN_PEPPER_ROOT;10281;12;10278;18;;;10287;20;10291;24;;;10284.0;0.0
av_COTTON_d4;300;ASH_COATED_OSMIUM;9897;20;9895;14;;;9905;15;9908;19;;;9901.0;0.0
av_COTTON_d4;300;INTARIAN_PEPPER_ROOT;10278;14;10275;23;;;10288;14;10291;20;;;10283.0;0.0
av_COTTON_d4;400;ASH_COATED_OSMIUM;9896;6;9893;19;;;9904;18;9908;17;;;9900.0;0.0
av_COTTON_d4;400;INTARIAN_PEPPER_ROOT;10278;23;10276;30;;;10289;26;10292;20;;;10283.5;0.0
av_COTTON_d4;500;ASH_COATED_OSMIUM;9897;19;9895;19;;;9903;22;9906;18;;;9900.0;0.0
av_COTTON_d4;500;INTARIAN_PEPPER_ROOT;10278;21;10276;22;;;10286;13;10289;31;;;10282.0;0.0
av_COTTON_d4;600;ASH_COATED_OSMIUM;9897;15;9894;23;;;9905;11;9909;25;;;9901.0;0.0
av_COTTON_d4;600;INTARIAN_PEPPER_ROOT;10279;20;10276;23;;;10287;12;10290;24;;;10283.0;0.0
av_COTTON_d4;700;ASH_COATED_OSMIUM;9893;18;9890;16;;;9908;19;9912;19;;;9900.5;0.0
av_COTTON_d4;700;INTARIAN_PEPPER_ROOT;10279;18;10275;25;;;10286;14;10288;16;;;10282.5;0.0
av_COTTON_d4;800;ASH_COATED_OSMIUM;9898;6;9896;13;;;9904;18;9908;23;;;9901.0;0.0
av_COTTON_d4;800;INTARIAN_PEPPER_ROOT;10279;10;10276;25;;;10285;17;10289;16;;;10282.0;0.0
av_COTTON_d4;900;ASH_COATED_OSMIUM;9893;13;9889;23;;;9908;13;9910;17;;;9900.5;0.0
av_COTTON_d4;900;INTARIAN_PEPPER_ROOT;10262;10;10260;25;;;10302;19;10306;20;;;10282.0;0.0
av_COTTON_d4;1000;ASH_COATED_OSMIUM;9898;18;9894;24;;;9904;20;9908;21;;;9901.0;0.0
av_COTTON_d4;1000;INTARIAN_PEPPER_ROOT;10278;7;10275;19;;;10286;18;10290;19;;;10282.0;0.0
av_COTTON_d4;1100;ASH_COATED_OSMIUM;9897;15;9895;18;;;9903;11;9907;19;;;9900.0;0.0
av_COTTON_d4;1100;INTARIAN_PEPPER_ROOT;10279;7;10275;19;;;10285;14;10289;22;;;10282.0;0.0
av_COTTON_d4;1200;ASH_COATED_OSMIUM;9887;18;9883;21;;;9914;14;9916;22;;;9900.5;0.0
av_COTTON_d4;1200;INTARIAN_PEPPER_ROOT;10278;13;10276;18;;;10284;13;10287;21;;;10281.0;0.0
av_COTTON_d4;1300;ASH_COATED_OSMIUM;9895;5;9892;16;;;9906;11;9910;18;;;9900.5;0.0
av_COTTON_d4;1300;INTARIAN_PEPPER_ROOT;10266;15;10264;18;;;10295;11;10297;18;;;10280.5;0.0
av_COTTON_d4;1400;ASH_COATED_OSMIUM;9897;21;9893;16;;;9904;16;9906;18;;;9900.5;0.0
av_COTTON_d4;1400;INTARIAN_PEPPER_ROOT;10273;11;10269;16;;;10288;16;10290;25;;;10280.5;0.0
av_COTTON_d4;1500;ASH_COATED_OSMIUM;9898;20;9896;16;;;9904;14;9906;15;;;9901.0;0.0
av_COTTON_d4;1500;INTARIAN_PEPPER_ROOT;10273;20;10269;28;;;10289;18;10291;15;;;10281.0;0.0
av_COTTON_d4;1600;ASH_COATED_OSMIUM;9894;12;9890;20;;;9908;18;9912;23;;;9901.0;0.0
av_COTTON_d4;1600;INTARIAN_PEPPER_ROOT;10277;16;10273;14;;;10283;15;10287;15;;;10280.0;0.0
av_COTTON_d4;1700;ASH_COATED_OSMIUM;9898;17;9894;29;;;9904;17;9908;11;;;9901.0;0.0
av_COTTON_d4;1700;INTARIAN_PEPPER_ROOT;10262;20;10258;20;;;10299;14;10301;24;;;10280.5;0.0
av_COTTON_d4;1800;ASH_COATED_OSMIUM;9898;17;9895;21;;;9904;18;9906;15;;;9901.0;0.0
av_COTTON_d4;1800;INTARIAN_PEPPER_ROOT;10275;7;10271;14;;;10284;18;10287;19;;;10279.5;0.0
av_COTTON_d4;1900;ASH_COATED_OSMIUM;9897;13;9894;18;;;9904;8;9907;14;;;9900.5;0.0
av_COTTON_d4;1900;INTARIAN_PEPPER_ROOT;10276;8;10272;22;;;10282;16;10286;21;;;10279.0;0.0
av_COTTON_d4;2000;ASH_COATED_OSMIUM;9898;9;9895;10;;;9904;7;9907;26;;;9901.0;0.0
av_COTTON_d4;2000;INTARIAN_PEPPER_ROOT;10269;5;10265;24;;;10289;12;10291;22;;;10279.0;0.0
av_COTTON_d4;2100;ASH_COATED_OSMIUM;9898;23;9896;23;;;9904;10;9908;16;;;9901.0;0.0
av_COTTON_d4;2100;INTARIAN_PEPPER_ROOT;10275;16;10272;20;;;10281;14;10283;15;;;10278.0;0.0
av_COTTON_d4;2200;ASH_COATED_OSMIUM;9898;14;9895;23;;;9904;13;9907;20;;;9901.0;0.0
av_COTTON_d4;2200;INTARIAN_PEPPER_ROOT;10275;8;10271;14;;;10281;16;10284;19;;;10278.0;0.0
av_COTTON_d4;2300;ASH_COATED_OSMIUM;9897;13;9895;20;;;9903;8;9906;14;;;9900.0;0.0
av_COTTON_d4;2300;INTARIAN_PEPPER_ROOT;10275;5;10272;25;;;10281;13;10285;17;;;10278.0;0.0
av_COTTON_d4;2400;ASH_COATED_OSMIUM;9897;12;9894;24;;;9905;15;9907;17;;;9901.0;0.0
av_COTTON_d4;2400;INTARIAN_PEPPER_ROOT;10275;8;10273;24;;;10281;25;10285;8;;;10278.0;0.0
av_COTTON_d4;2500;ASH_COATED_OSMIUM;9898;16;9894;17;;;9904;11;9906;29;;;9901.0;0.0
av_COTTON_d4;2500;INTARIAN_PEPPER_ROOT;10275;14;10271;18;;;10281;17;10284;17;;;10278.0;0.0
av_COTTON_d4;2600;ASH_COATED_OSMIUM;9891;16;9887;21;;;9909;12;9911;24;;;9900.0;0.0
av_COTTON_d4;2600;INTARIAN_PEPPER_ROOT;10264;15;10260;26;;;10289;14;10293;15;;;10276.5;0.0
av_COTTON_d4;2700;ASH_COATED_OSMIUM;9897;11;9894;14;;;9903;13;9905;13;;;9900.0;0.0
av_COTTON_d4;2700;INTARIAN_PEPPER_ROOT;10274;14;10271;14;;;10280;12;10283;15;;;10277.0;0.0
av_COTTON_d4;2800;ASH_COATED_OSMIUM;9898;12;9896;12;;;9904;13;9908;31;;;9901.0;0.0
av_COTTON_d4;2800;INTARIAN_PEPPER_ROOT;10274;16;10271;27;;;10280;23;10282;21;;;10277.0;0.0
av_COTTON_d4;2900;ASH_COATED_OSMIUM;9897;10;9895;15;;;9903;23;9905;18;;;9900.0;0.0
av_COTTON_d4;2900;INTARIAN_PEPPER_ROOT;10272;12;10270;27;;;10281;18;10285;20;;;10276.5;0.0
av_COTTON_d4;3000;ASH_COATED_OSMIUM;9898;16;9895;20;;;9904;15;9908;22;;;9901.0;0.0
av_COTTON_d4;3000;INTARIAN_PEPPER_ROOT;10272;14;10270;18;;;10280;15;10282;20;;;10276.0;0.0
av_COTTON_d4;3100;ASH_COATED_OSMIUM;9892;6;9888;17;;;9908;19;9912;14;;;9900.0;0.0
av_COTTON_d4;3100;INTARIAN_PEPPER_ROOT;10273;7;10269;19;;;10279;16;10283;15;;;10276.0;0.0
av_COTTON_d4;3200;ASH_COATED_OSMIUM;9898;8;9894;27;;;9904;15;9908;20;;;9901.0;0.0
av_COTTON_d4;3200;INTARIAN_PEPPER_ROOT;10262;9;10258;13;;;10288;15;10290;27;;;10275.0;0.0
av_COTTON_d4;3300;ASH_COATED_OSMIUM;9897;24;9893;26;;;9905;14;9907;21;;;9901.0;0.0
av_COTTON_d4;3300;INTARIAN_PEPPER_ROOT;10271;12;10269;15;;;10279;9;10283;25;;;10275.0;0.0
av_COTTON_d4;3400;ASH_COATED_OSMIUM;9897;20;9894;25;;;9904;13;9908;27;;;9900.5;0.0
av_COTTON_d4;3400;INTARIAN_PEPPER_ROOT;10271;15;10268;19;;;10278;28;10281;20;;;10274.5;0.0
av_COTTON_d4;3500;ASH_COATED_OSMIUM;9893;17;9889;19;;;9908;16;9912;26;;;9900.5;0.0
av_COTTON_d4;3500;INTARIAN_PEPPER_ROOT;10261;11;10257;19;;;10286;19;10288;21;;;10273.5;0.0
av_COTTON_d4;3600;ASH_COATED_OSMIUM;9897;19;9894;17;;;9903;5;9905;14;;;9900.0;0.0
av_COTTON_d4;3600;INTARIAN_PEPPER_ROOT;10271;13;10267;27;;;10277;15;10280;23;;;10274.0;0.0
av_COTTON_d4;3700;ASH_COATED_OSMIUM;9889;9;9886;16;;;9912;5;9914;26;;;9900.5;0.0
av_COTTON_d4;3700;INTARIAN_PEPPER_ROOT;10271;16;10267;28;;;10277;15;10281;16;;;10274.0;0.0
av_COTTON_d4;3800;ASH_COATED_OSMIUM;9895;5;9892;20;;;9906;12;9910;20;;;9900.5;0.0
av_COTTON_d4;3800;INTARIAN_PEPPER_ROOT;10270;13;10267;19;;;10276;21;10280;22;;;10273.0;0.0
av_COTTON_d4;3900;ASH_COATED_OSMIUM;9891;10;9887;8;;;9911;17;9913;24;;;9901.0;0.0
av_COTTON_d4;3900;INTARIAN_PEPPER_ROOT;10271;18;10268;10;;;10277;10;10281;23;;;10274.0;0.0
av_COTTON_d4;4000;ASH_COATED_OSMIUM;9898;16;9896;12;;;9904;12;9906;18;;;9901.0;0.0
av_COTTON_d4;4000;INTARIAN_PEPPER_ROOT;10270;7;10267;19;;;10276;12;10279;14;;;10273.0;0.0
av_COTTON_d4;4100;ASH_COATED_OSMIUM;9889;5;9885;20;;;9912;18;9915;20;;;9900.5;0.0
av_COTTON_d4;4100;INTARIAN_PEPPER_ROOT;10270;17;10267;19;;;10276;13;10280;18;;;10273.0;0.0
av_COTTON_d4;4200;ASH_COATED_OSMIUM;9898;21;9894;20;;;9905;8;9908;22;;;9901.5;0.0
av_COTTON_d4;4200;INTARIAN_PEPPER_ROOT;10269;11;10266;14;;;10275;6;10278;17;;;10272.0;0.0
av_COTTON_d4;4300;ASH_COATED_OSMIUM;9897;10;9894;21;;;9904;16;9906;21;;;9900.5;0.0
av_COTTON_d4;4300;INTARIAN_PEPPER_ROOT;10269;20;10267;13;;;10276;17;10279;21;;;10272.5;0.0
av_COTTON_d4;4400;ASH_COATED_OSMIUM;9898;24;9894;27;;;9904;16;9907;16;;;9901.0;0.0
av_COTTON_d4;4400;INTARIAN_PEPPER_ROOT;10268;14;10265;8;;;10274;13;10276;22;;;10271.0;0.0
av_COTTON_d4;4500;ASH_COATED_OSMIUM;9898;21;9895;15;;;9904;17;9906;17;;;9901.0;0.0
av_COTTON_d4;4500;INTARIAN_PEPPER_ROOT;10269;12;10267;18;;;10275;19;10279;23;;;10272.0;0.0
av_COTTON_d4;4600;ASH_COATED_OSMIUM;9894;20;9892;12;;;9909;22;9911;15;;;9901.5;0.0
av_COTTON_d4;4600;INTARIAN_PEPPER_ROOT;10263;21;10261;10;;;10279;8;10282;15;;;10271.0;0.0
av_COTTON_d4;4700;ASH_COATED_OSMIUM;9898;13;9894;18;;;9904;11;9906;16;;;9901.0;0.0
av_COTTON_d4;4700;INTARIAN_PEPPER_ROOT;10259;9;10255;24;;;10283;25;10285;15;;;10271.0;0.0
av_COTTON_d4;4800;ASH_COATED_OSMIUM;9893;13;9891;13;;;9908;16;9911;14;;;9900.5;0.0
av_COTTON_d4;4800;INTARIAN_PEPPER_ROOT;10259;15;10257;25;;;10282;6;10284;19;;;10270.5;0.0
av_COTTON_d4;4900;ASH_COATED_OSMIUM;9898;13;9896;21;;;9904;15;9907;18;;;9901.0;0.0
av_COTTON_d4;4900;INTARIAN_PEPPER_ROOT;10267;9;10264;18;;;10273;10;10276;30;;;10270.0;0.0
av_COTTON_d4;5000;ASH_COATED_OSMIUM;9898;12;9895;25;;;9904;15;9907;21;;;9901.0;0.0
av_COTTON_d4;5000;INTARIAN_PEPPER_ROOT;10265;14;10261;8;;;10274;14;10277;19;;;10269.5;0.0
av_COTTON_d4;5100;ASH_COATED_OSMIUM;9898;15;9896;22;;;9904;16;9908;25;;;9901.0;0.0
av_COTTON_d4;5100;INTARIAN_PEPPER_ROOT;10266;15;10262;26;;;10274;16;10278;20;;;10270.0;0.0
av_COTTON_d4;5200;ASH_COATED_OSMIUM;9898;21;9894;15;;;9904;9;9906;22;;;9901.0;0.0
av_COTTON_d4;5200;INTARIAN_PEPPER_ROOT;10267;14;10263;24;;;10273;15;10277;24;;;10270.0;0.0
av_COTTON_d4;5300;ASH_COATED_OSMIUM;9898;13;9894;21;;;9904;18;9907;11;;;9901.0;0.0
av_COTTON_d4;5300;INTARIAN_PEPPER_ROOT;10266;23;10262;26;;;10272;14;10276;12;;;10269.0;0.0
av_COTTON_d4;5400;ASH_COATED_OSMIUM;9898;7;9894;19;;;9904;13;9908;11;;;9901.0;0.0
av_COTTON_d4;5400;INTARIAN_PEPPER_ROOT;10265;13;10262;27;;;10272;15;10276;17;;;10268.5;0.0
av_COTTON_d4;5500;ASH_COATED_OSMIUM;9899;11;9895;12;;;9905;7;9908;16;;;9902.0;0.0
av_COTTON_d4;5500;INTARIAN_PEPPER_ROOT;10266;16;10264;15;;;10272;12;10275;16;;;10269.0;0.0
av_COTTON_d4;5600;ASH_COATED_OSMIUM;9894;13;9890;20;;;9907;14;9911;22;;;9900.5;0.0
av_COTTON_d4;5600;INTARIAN_PEPPER_ROOT;10266;20;10263;13;;;10272;13;10275;25;;;10269.0;0.0
av_COTTON_d4;5700;ASH_COATED_OSMIUM;9898;15;9895;16;;;9904;12;9906;20;;;9901.0;0.0
av_COTTON_d4;5700;INTARIAN_PEPPER_ROOT;10252;13;10250;10;;;10284;17;10286;9;;;10268.0;0.0
av_COTTON_d4;5800;ASH_COATED_OSMIUM;9898;5;9896;16;;;9904;15;9906;17;;;9901.0;0.0
av_COTTON_d4;5800;INTARIAN_PEPPER_ROOT;10259;17;10257;32;;;10276;18;10280;23;;;10267.5;0.0
av_COTTON_d4;5900;ASH_COATED_OSMIUM;9898;20;9896;8;;;9904;18;9907;24;;;9901.0;0.0
av_COTTON_d4;5900;INTARIAN_PEPPER_ROOT;10264;7;10260;16;;;10270;13;10274;17;;;10267.0;0.0
av_COTTON_d4;6000;ASH_COATED_OSMIUM;9890;10;9887;25;;;9912;7;9916;22;;;9901.0;0.0
av_COTTON_d4;6000;INTARIAN_PEPPER_ROOT;10264;14;10260;17;;;10270;20;10274;12;;;10267.0;0.0
av_COTTON_d4;6100;ASH_COATED_OSMIUM;9894;20;9890;12;;;9908;15;9911;19;;;9901.0;0.0
av_COTTON_d4;6100;INTARIAN_PEPPER_ROOT;10264;15;10261;23;;;10270;11;10274;10;;;10267.0;0.0
av_COTTON_d4;6200;ASH_COATED_OSMIUM;9898;21;9895;19;;;9904;12;9908;22;;;9901.0;0.0
av_COTTON_d4;6200;INTARIAN_PEPPER_ROOT;10259;14;10255;14;;;10273;7;10277;23;;;10266.0;0.0
av_COTTON_d4;6300;ASH_COATED_OSMIUM;9895;18;9891;25;;;9907;8;9911;26;;;9901.0;0.0
av_COTTON_d4;6300;INTARIAN_PEPPER_ROOT;10264;24;10260;17;;;10270;15;10273;12;;;10267.0;0.0
av_COTTON_d4;6400;ASH_COATED_OSMIUM;9898;19;9896;14;;;9904;17;9908;17;;;9901.0;0.0
av_COTTON_d4;6400;INTARIAN_PEPPER_ROOT;10261;16;10257;8;;;10271;10;10274;29;;;10266.0;0.0
av_COTTON_d4;6500;ASH_COATED_OSMIUM;9898;15;9896;26;;;9904;14;9907;24;;;9901.0;0.0
av_COTTON_d4;6500;INTARIAN_PEPPER_ROOT;10263;17;10261;18;;;10269;11;10271;21;;;10266.0;0.0
av_COTTON_d4;6600;ASH_COATED_OSMIUM;9898;6;9894;23;;;9905;17;9908;28;;;9901.5;0.0
av_COTTON_d4;6600;INTARIAN_PEPPER_ROOT;10263;19;10260;25;;;10269;18;10271;20;;;10266.0;0.0
av_COTTON_d4;6700;ASH_COATED_OSMIUM;9893;15;9891;24;;;9909;18;9912;25;;;9901.0;0.0
av_COTTON_d4;6700;INTARIAN_PEPPER_ROOT;10262;10;10258;8;;;10268;11;10272;14;;;10265.0;0.0
av_COTTON_d4;6800;ASH_COATED_OSMIUM;9898;16;9896;22;;;9904;12;9908;21;;;9901.0;0.0
av_COTTON_d4;6800;INTARIAN_PEPPER_ROOT;10262;5;10258;15;;;10268;19;10271;14;;;10265.0;0.0
av_COTTON_d4;6900;ASH_COATED_OSMIUM;9897;11;9895;17;;;9905;16;9908;15;;;9901.0;0.0
av_COTTON_d4;6900;INTARIAN_PEPPER_ROOT;10261;6;10258;18;;;10267;14;10270;14;;;10264.0;0.0
av_COTTON_d4;7000;ASH_COATED_OSMIUM;9896;17;9893;21;;;9905;14;9907;24;;;9900.5;0.0
av_COTTON_d4;7000;INTARIAN_PEPPER_ROOT;10261;15;10258;17;;;10267;10;10269;17;;;10264.0;0.0
av_COTTON_d4;7100;ASH_COATED_OSMIUM;9898;13;9894;18;;;9904;12;9906;18;;;9901.0;0.0
av_COTTON_d4;7100;INTARIAN_PEPPER_ROOT;10261;18;10257;25;;;10267;9;10270;15;;;10264.0;0.0
av_COTTON_d4;7200;ASH_COATED_OSMIUM;9888;15;9885;21;;;9915;18;9919;24;;;9901.5;0.0
av_COTTON_d4;7200;INTARIAN_PEPPER_ROOT;10255;24;10252;29;;;10273;18;10277;21;;;10264.0;0.0
av_COTTON_d4;7300;ASH_COATED_OSMIUM;9891;13;9889;19;;;9912;12;9916;23;;;9901.5;0.0
av_COTTON_d4;7300;INTARIAN_PEPPER_ROOT;10260;24;10258;31;;;10266;10;10270;20;;;10263.0;0.0
av_COTTON_d4;7400;ASH_COATED_OSMIUM;9898;15;9894;22;;;9904;9;9906;22;;;9901.0;0.0
av_COTTON_d4;7400;INTARIAN_PEPPER_ROOT;10259;18;10255;21;;;10265;15;10267;14;;;10262.0;0.0
av_COTTON_d4;7500;ASH_COATED_OSMIUM;9898;14;9896;18;;;9904;12;9907;21;;;9901.0;0.0
av_COTTON_d4;7500;INTARIAN_PEPPER_ROOT;10260;17;10257;24;;;10266;10;10270;13;;;10263.0;0.0
av_COTTON_d4;7600;ASH_COATED_OSMIUM;9897;15;9894;10;;;9904;16;9908;21;;;9900.5;0.0
av_COTTON_d4;7600;INTARIAN_PEPPER_ROOT;10255;16;10252;15;;;10272;18;10275;24;;;10263.5;0.0
av_COTTON_d4;7700;ASH_COATED_OSMIUM;9897;13;9893;20;;;9905;27;9907;12;;;9901.0;0.0
av_COTTON_d4;7700;INTARIAN_PEPPER_ROOT;10259;15;10256;19;;;10265;12;10269;12;;;10262.0;0.0
av_COTTON_d4;7800;ASH_COATED_OSMIUM;9897;15;9894;34;;;9906;14;9910;21;;;9901.5;0.0
av_COTTON_d4;7800;INTARIAN_PEPPER_ROOT;10253;16;10249;15;;;10271;21;10273;9;;;10262.0;0.0
av_COTTON_d4;7900;ASH_COATED_OSMIUM;9894;15;9891;17;;;9907;9;9909;19;;;9900.5;0.0
av_COTTON_d4;7900;INTARIAN_PEPPER_ROOT;10243;13;10239;22;;;10280;17;10282;23;;;10261.5;0.0
av_COTTON_d4;8000;ASH_COATED_OSMIUM;9898;18;9895;23;;;9904;6;9906;12;;;9901.0;0.0
av_COTTON_d4;8000;INTARIAN_PEPPER_ROOT;10258;17;10255;23;;;10264;7;10268;21;;;10261.0;0.0
av_COTTON_d4;8100;ASH_COATED_OSMIUM;9898;10;9894;15;;;9904;13;9908;19;;;9901.0;0.0
av_COTTON_d4;8100;INTARIAN_PEPPER_ROOT;10255;11;10252;9;;;10267;8;10269;21;;;10261.0;0.0
av_COTTON_d4;8200;ASH_COATED_OSMIUM;9885;10;9883;15;;;9917;19;9919;25;;;9901.0;0.0
av_COTTON_d4;8200;INTARIAN_PEPPER_ROOT;10258;17;10255;17;;;10264;13;10267;21;;;10261.0;0.0
av_COTTON_d4;8300;ASH_COATED_OSMIUM;9898;23;9895;21;;;9904;12;9906;14;;;9901.0;0.0
av_COTTON_d4;8300;INTARIAN_PEPPER_ROOT;10258;11;10256;19;;;10264;5;10266;21;;;10261.0;0.0
av_COTTON_d4;8400;ASH_COATED_OSMIUM;9898;25;9895;20;;;9905;19;9907;21;;;9901.5;0.0
av_COTTON_d4;8400;INTARIAN_PEPPER_ROOT;10255;23;10251;25;;;10265;16;10268;20;;;10260.0;0.0
av_COTTON_d4;8500;ASH_COATED_OSMIUM;9898;13;9895;23;;;9904;5;9908;23;;;9901.0;0.0
av_COTTON_d4;8500;INTARIAN_PEPPER_ROOT;10256;23;10252;19;;;10263;24;10266;8;;;10259.5;0.0
av_COTTON_d4;8600;ASH_COATED_OSMIUM;9898;12;9895;23;;;9904;23;9907;16;;;9901.0;0.0
av_COTTON_d4;8600;INTARIAN_PEPPER_ROOT;10253;19;10249;18;;;10267;11;10271;21;;;10260.0;0.0
av_COTTON_d4;8700;ASH_COATED_OSMIUM;9893;16;9891;23;;;9910;12;9912;26;;;9901.5;0.0
av_COTTON_d4;8700;INTARIAN_PEPPER_ROOT;10255;14;10252;20;;;10263;15;10267;25;;;10259.0;0.0
av_COTTON_d4;8800;ASH_COATED_OSMIUM;9898;14;9896;29;;;9904;6;9907;28;;;9901.0;0.0
av_COTTON_d4;8800;INTARIAN_PEPPER_ROOT;10250;16;10247;25;;;10267;17;10269;28;;;10258.5;0.0
av_COTTON_d4;8900;ASH_COATED_OSMIUM;9898;20;9894;22;;;9904;14;9908;14;;;9901.0;0.0
av_COTTON_d4;8900;INTARIAN_PEPPER_ROOT;10254;13;10252;21;;;10262;17;10264;23;;;10258.0;0.0
av_COTTON_d4;9000;ASH_COATED_OSMIUM;9899;24;9895;16;;;9905;11;9909;25;;;9902.0;0.0
av_COTTON_d4;9000;INTARIAN_PEPPER_ROOT;10254;18;10250;10;;;10262;16;10264;17;;;10258.0;0.0
av_COTTON_d4;9100;ASH_COATED_OSMIUM;9899;19;9897;19;;;9905;16;9907;14;;;9902.0;0.0
av_COTTON_d4;9100;INTARIAN_PEPPER_ROOT;10253;14;10249;21;;;10264;10;10267;24;;;10258.5;0.0
av_COTTON_d4;9200;ASH_COATED_OSMIUM;9898;11;9895;23;;;9904;25;9906;17;;;9901.0;0.0
av_COTTON_d4;9200;INTARIAN_PEPPER_ROOT;10251;24;10248;19;;;10264;11;10268;10;;;10257.5;0.0
av_COTTON_d4;9300;ASH_COATED_OSMIUM;9896;22;9892;18;;;9905;16;9907;21;;;9900.5;0.0
av_COTTON_d4;9300;INTARIAN_PEPPER_ROOT;10246;19;10244;16;;;10270;16;10274;16;;;10258.0;0.0
av_COTTON_d4;9400;ASH_COATED_OSMIUM;9894;24;9891;14;;;9907;12;9911;14;;;9900.5;0.0
av_COTTON_d4;9400;INTARIAN_PEPPER_ROOT;10254;19;10250;17;;;10260;14;10263;19;;;10257.0;0.0
av_COTTON_d4;9500;ASH_COATED_OSMIUM;9896;18;9893;18;;;9907;12;9910;15;;;9901.5;0.0
av_COTTON_d4;9500;INTARIAN_PEPPER_ROOT;10254;12;10251;23;;;10260;16;10264;22;;;10257.0;0.0
av_COTTON_d4;9600;ASH_COATED_OSMIUM;9898;9;9896;17;;;9904;9;9907;16;;;9901.0;0.0
av_COTTON_d4;9600;INTARIAN_PEPPER_ROOT;10254;21;10252;13;;;10260;12;10263;10;;;10257.0;0.0
av_COTTON_d4;9700;ASH_COATED_OSMIUM;9898;18;9894;24;;;9904;21;9906;11;;;9901.0;0.0
av_COTTON_d4;9700;INTARIAN_PEPPER_ROOT;10246;9;10244;21;;;10267;11;10269;29;;;10256.5;0.0
av_COTTON_d4;9800;ASH_COATED_OSMIUM;9898;13;9896;17;;;9904;15;9906;13;;;9901.0;0.0
av_COTTON_d4;9800;INTARIAN_PEPPER_ROOT;10253;13;10250;26;;;10259;10;10261;16;;;10256.0;0.0
av_COTTON_d4;9900;ASH_COATED_OSMIUM;9898;12;9895;21;;;9906;20;9910;17;;;9902.0;0.0
av_COTTON_d4;9900;INTARIAN_PEPPER_ROOT;10253;13;10249;22;;;10259;18;10261;23;;;10256.0;0.0
av_COTTON_d4;10000;ASH_COATED_OSMIUM;9898;22;9896;21;;;9904;13;9908;32;;;9901.0;0.0
av_COTTON_d4;10000;INTARIAN_PEPPER_ROOT;10253;7;10249;16;;;10259;5;10263;8;;;10256.0;0.0
av_COTTON_d4;10100;ASH_COATED_OSMIUM;9898;20;9894;14;;;9904;10;9907;13;;;9901.0;0.0
av_COTTON_d4;10100;INTARIAN_PEPPER_ROOT;10252;18;10248;20;;;10258;23;10260;22;;;10255.0;0.0
av_COTTON_d4;10200;ASH_COATED_OSMIUM;9898;13;9895;17;;;9904;18;9906;15;;;9901.0;0.0
av_COTTON_d4;10200;INTARIAN_PEPPER_ROOT;10252;12;10249;26;;;10258;13;10261;23;;;10255.0;0.0
av_COTTON_d4;10300;ASH_COATED_OSMIUM;9897;18;9894;10;;;9905;18;9909;17;;;9901.0;0.0
av_COTTON_d4;10300;INTARIAN_PEPPER_ROOT;10244;18;10242;30;;;10265;18;10268;19;;;10254.5;0.0
av_COTTON_d4;10400;ASH_COATED_OSMIUM;9896;19;9892;23;;;9908;11;9910;21;;;9902.0;0.0
av_COTTON_d4;10400;INTARIAN_PEPPER_ROOT;10231;13;10228;26;;;10277;8;10281;23;;;10254.0;0.0
av_COTTON_d4;10500;ASH_COATED_OSMIUM;9894;19;9890;19;;;9909;16;9911;21;;;9901.5;0.0
av_COTTON_d4;10500;INTARIAN_PEPPER_ROOT;10247;15;10244;31;;;10261;12;10265;18;;;10254.0;0.0
av_COTTON_d4;10600;ASH_COATED_OSMIUM;9899;12;9895;11;;;9905;9;9909;19;;;9902.0;0.0
av_COTTON_d4;10600;INTARIAN_PEPPER_ROOT;10251;19;10249;23;;;10257;12;10260;22;;;10254.0;0.0
av_COTTON_d4;10700;ASH_COATED_OSMIUM;9898;12;9894;23;;;9904;10;9908;17;;;9901.0;0.0
av_COTTON_d4;10700;INTARIAN_PEPPER_ROOT;10251;7;10247;13;;;10257;19;10260;32;;;10254.0;0.0
av_COTTON_d4;10800;ASH_COATED_OSMIUM;9895;19;9892;25;;;9908;14;9910;24;;;9901.5;0.0
av_COTTON_d4;10800;INTARIAN_PEPPER_ROOT;10250;13;10248;18;;;10256;9;10260;16;;;10253.0;0.0
av_COTTON_d4;10900;ASH_COATED_OSMIUM;9896;14;9893;20;;;9906;14;9910;10;;;9901.0;0.0
av_COTTON_d4;10900;INTARIAN_PEPPER_ROOT;10250;19;10246;15;;;10256;10;10259;30;;;10253.0;0.0
av_COTTON_d4;11000;ASH_COATED_OSMIUM;9898;23;9896;8;;;9904;24;9908;18;;;9901.0;0.0
av_COTTON_d4;11000;INTARIAN_PEPPER_ROOT;10250;13;10248;19;;;10256;8;10259;25;;;10253.0;0.0
av_COTTON_d4;11100;ASH_COATED_OSMIUM;9898;13;9895;17;;;9904;16;9908;21;;;9901.0;0.0
av_COTTON_d4;11100;INTARIAN_PEPPER_ROOT;10249;17;10247;24;;;10257;10;10261;21;;;10253.0;0.0
av_COTTON_d4;11200;ASH_COATED_OSMIUM;9898;13;9894;12;;;9904;17;9906;23;;;9901.0;0.0
av_COTTON_d4;11200;INTARIAN_PEPPER_ROOT;10249;12;10246;16;;;10255;15;10259;31;;;10252.0;0.0
av_COTTON_d4;11300;ASH_COATED_OSMIUM;9895;7;9891;14;;;9907;12;9911;21;;;9901.0;0.0
av_COTTON_d4;11300;INTARIAN_PEPPER_ROOT;10230;16;10226;21;;;10272;17;10274;17;;;10251.0;0.0
av_COTTON_d4;11400;ASH_COATED_OSMIUM;9898;21;9895;17;;;9904;16;9908;20;;;9901.0;0.0
av_COTTON_d4;11400;INTARIAN_PEPPER_ROOT;10248;11;10246;28;;;10254;21;10257;17;;;10251.0;0.0
av_COTTON_d4;11500;ASH_COATED_OSMIUM;9897;18;9894;19;;;9907;17;9909;27;;;9902.0;0.0
av_COTTON_d4;11500;INTARIAN_PEPPER_ROOT;10248;16;10244;24;;;10254;18;10257;21;;;10251.0;0.0
av_COTTON_d4;11600;ASH_COATED_OSMIUM;9898;17;9894;11;;;9905;16;9908;18;;;9901.5;0.0
av_COTTON_d4;11600;INTARIAN_PEPPER_ROOT;10242;15;10239;22;;;10260;14;10263;13;;;10251.0;0.0
av_COTTON_d4;11700;ASH_COATED_OSMIUM;9898;6;9894;19;;;9904;12;9906;17;;;9901.0;0.0
av_COTTON_d4;11700;INTARIAN_PEPPER_ROOT;10247;14;10244;25;;;10253;7;10257;24;;;10250.0;0.0
av_COTTON_d4;11800;ASH_COATED_OSMIUM;9899;16;9895;14;;;9905;15;9907;22;;;9902.0;0.0
av_COTTON_d4;11800;INTARIAN_PEPPER_ROOT;10245;22;10242;21;;;10256;10;10258;15;;;10250.5;0.0
av_COTTON_d4;11900;ASH_COATED_OSMIUM;9899;18;9897;11;;;9905;13;9908;18;;;9902.0;0.0
av_COTTON_d4;11900;INTARIAN_PEPPER_ROOT;10247;12;10243;17;;;10253;19;10256;22;;;10250.0;0.0
av_COTTON_d4;12000;ASH_COATED_OSMIUM;9899;20;9896;14;;;9905;13;9908;15;;;9902.0;0.0
av_COTTON_d4;12000;INTARIAN_PEPPER_ROOT;10247;11;10243;15;;;10253;21;10255;23;;;10250.0;0.0
av_COTTON_d4;12100;ASH_COATED_OSMIUM;9884;15;9882;17;;;9920;13;9924;22;;;9902.0;0.0
av_COTTON_d4;12100;INTARIAN_PEPPER_ROOT;10246;8;10244;16;;;10253;14;10256;18;;;10249.5;0.0
av_COTTON_d4;12200;ASH_COATED_OSMIUM;9898;11;9894;17;;;9906;12;9910;26;;;9902.0;0.0
av_COTTON_d4;12200;INTARIAN_PEPPER_ROOT;10238;19;10236;15;;;10261;22;10264;21;;;10249.5;0.0
av_COTTON_d4;12300;ASH_COATED_OSMIUM;9898;15;9895;19;;;9904;23;9908;22;;;9901.0;0.0
av_COTTON_d4;12300;INTARIAN_PEPPER_ROOT;10246;23;10242;21;;;10252;13;10256;18;;;10249.0;0.0
av_COTTON_d4;12400;ASH_COATED_OSMIUM;9899;11;9896;19;;;9905;10;9908;18;;;9902.0;0.0
av_COTTON_d4;12400;INTARIAN_PEPPER_ROOT;10246;17;10244;18;;;10252;20;10256;23;;;10249.0;0.0
av_COTTON_d4;12500;ASH_COATED_OSMIUM;9896;21;9894;18;;;9906;15;9910;15;;;9901.0;0.0
av_COTTON_d4;12500;INTARIAN_PEPPER_ROOT;10245;26;10243;14;;;10251;20;10254;24;;;10248.0;0.0
av_COTTON_d4;12600;ASH_COATED_OSMIUM;9899;14;9895;17;;;9905;15;9909;20;;;9902.0;0.0
av_COTTON_d4;12600;INTARIAN_PEPPER_ROOT;10245;23;10241;17;;;10251;10;10254;25;;;10248.0;0.0
av_COTTON_d4;12700;ASH_COATED_OSMIUM;9899;15;9895;15;;;9905;18;9909;20;;;9902.0;0.0
av_COTTON_d4;12700;INTARIAN_PEPPER_ROOT;10242;8;10239;23;;;10254;14;10258;15;;;10248.0;0.0
av_COTTON_d4;12800;ASH_COATED_OSMIUM;9899;13;9897;20;;;9905;11;9908;25;;;9902.0;0.0
av_COTTON_d4;12800;INTARIAN_PEPPER_ROOT;10244;17;10241;25;;;10250;16;10254;20;;;10247.0;0.0
av_COTTON_d4;12900;ASH_COATED_OSMIUM;9899;18;9896;20;;;9905;9;9907;16;;;9902.0;0.0
av_COTTON_d4;12900;INTARIAN_PEPPER_ROOT;10244;9;10240;20;;;10251;17;10255;16;;;10247.5;0.0
av_COTTON_d4;13000;ASH_COATED_OSMIUM;9898;20;9896;27;;;9904;24;9906;14;;;9901.0;0.0
av_COTTON_d4;13000;INTARIAN_PEPPER_ROOT;10241;11;10238;16;;;10252;22;10255;24;;;10246.5;0.0
av_COTTON_d4;13100;ASH_COATED_OSMIUM;9899;18;9897;22;;;9905;21;9908;23;;;9902.0;0.0
av_COTTON_d4;13100;INTARIAN_PEPPER_ROOT;10239;17;10235;25;;;10253;14;10256;16;;;10246.0;0.0
av_COTTON_d4;13200;ASH_COATED_OSMIUM;9899;6;9895;15;;;9905;12;9908;25;;;9902.0;0.0
av_COTTON_d4;13200;INTARIAN_PEPPER_ROOT;10243;17;10239;21;;;10249;9;10252;15;;;10246.0;0.0
av_COTTON_d4;13300;ASH_COATED_OSMIUM;9899;11;9895;20;;;9905;13;9908;15;;;9902.0;0.0
av_COTTON_d4;13300;INTARIAN_PEPPER_ROOT;10243;17;10239;18;;;10249;20;10253;14;;;10246.0;0.0
av_COTTON_d4;13400;ASH_COATED_OSMIUM;9899;18;9897;19;;;9905;12;9907;22;;;9902.0;0.0
av_COTTON_d4;13400;INTARIAN_PEPPER_ROOT;10243;14;10241;14;;;10249;19;10251;21;;;10246.0;0.0
av_COTTON_d4;13500;ASH_COATED_OSMIUM;9899;22;9895;17;;;9905;8;9909;30;;;9902.0;0.0
av_COTTON_d4;13500;INTARIAN_PEPPER_ROOT;10238;13;10234;14;;;10254;15;10258;15;;;10246.0;0.0
av_COTTON_d4;13600;ASH_COATED_OSMIUM;9898;19;9894;12;;;9906;16;9909;12;;;9902.0;0.0
av_COTTON_d4;13600;INTARIAN_PEPPER_ROOT;10242;10;10240;18;;;10248;13;10252;19;;;10245.0;0.0
av_COTTON_d4;13700;ASH_COATED_OSMIUM;9899;16;9895;18;;;9905;21;9908;20;;;9902.0;0.0
av_COTTON_d4;13700;INTARIAN_PEPPER_ROOT;10241;13;10239;18;;;10248;14;10252;17;;;10244.5;0.0
av_COTTON_d4;13800;ASH_COATED_OSMIUM;9896;15;9894;20;;;9908;16;9911;15;;;9902.0;0.0
av_COTTON_d4;13800;INTARIAN_PEPPER_ROOT;10241;11;10239;22;;;10247;17;10251;24;;;10244.0;0.0
av_COTTON_d4;13900;ASH_COATED_OSMIUM;9899;14;9897;18;;;9905;5;9908;20;;;9902.0;0.0
av_COTTON_d4;13900;INTARIAN_PEPPER_ROOT;10238;18;10236;18;;;10250;23;10254;32;;;10244.0;0.0
av_COTTON_d4;14000;ASH_COATED_OSMIUM;9899;10;9896;24;;;9905;6;9907;24;;;9902.0;0.0
av_COTTON_d4;14000;INTARIAN_PEPPER_ROOT;10240;14;10238;8;;;10249;15;10252;9;;;10244.5;0.0
av_COTTON_d4;14100;ASH_COATED_OSMIUM;9899;9;9896;23;;;9905;19;9908;24;;;9902.0;0.0
av_COTTON_d4;14100;INTARIAN_PEPPER_ROOT;10238;18;10236;21;;;10249;22;10252;22;;;10243.5;0.0
av_COTTON_d4;14200;ASH_COATED_OSMIUM;9899;16;9895;25;;;9905;19;9909;22;;;9902.0;0.0
av_COTTON_d4;14200;INTARIAN_PEPPER_ROOT;10241;17;10237;24;;;10247;10;10249;25;;;10244.0;0.0
av_COTTON_d4;14300;ASH_COATED_OSMIUM;9888;14;9884;21;;;9915;16;9918;23;;;9901.5;0.0
av_COTTON_d4;14300;INTARIAN_PEPPER_ROOT;10240;14;10238;17;;;10246;12;10250;13;;;10243.0;0.0
av_COTTON_d4;14400;ASH_COATED_OSMIUM;9895;12;9893;24;;;9907;11;9910;22;;;9901.0;0.0
av_COTTON_d4;14400;INTARIAN_PEPPER_ROOT;10237;9;10235;23;;;10247;19;10249;25;;;10242.0;0.0
av_COTTON_d4;14500;ASH_COATED_OSMIUM;9899;16;9896;26;;;9905;20;9909;17;;;9902.0;0.0
av_COTTON_d4;14500;INTARIAN_PEPPER_ROOT;10238;12;10235;19;;;10248;11;10252;16;;;10243.0;0.0
av_COTTON_d4;14600;ASH_COATED_OSMIUM;9898;19;9894;13;;;9904;9;9908;18;;;9901.0;0.0
av_COTTON_d4;14600;INTARIAN_PEPPER_ROOT;10239;19;10236;21;;;10245;10;10249;13;;;10242.0;0.0
av_COTTON_d4;14700;ASH_COATED_OSMIUM;9899;18;9896;29;;;9905;16;9909;15;;;9902.0;0.0
av_COTTON_d4;14700;INTARIAN_PEPPER_ROOT;10238;6;10234;18;;;10244;17;10248;12;;;10241.0;0.0
av_COTTON_d4;14800;ASH_COATED_OSMIUM;9899;19;9896;14;;;9905;12;9908;13;;;9902.0;0.0
av_COTTON_d4;14800;INTARIAN_PEPPER_ROOT;10238;18;10234;23;;;10244;7;10248;21;;;10241.0;0.0
av_COTTON_d4;14900;ASH_COATED_OSMIUM;9899;17;9895;8;;;9905;17;9909;23;;;9902.0;0.0
av_COTTON_d4;14900;INTARIAN_PEPPER_ROOT;10234;17;10231;13;;;10248;13;10252;19;;;10241.0;0.0
av_COTTON_d4;15000;ASH_COATED_OSMIUM;9899;17;9897;19;;;9907;9;9910;16;;;9903.0;0.0
av_COTTON_d4;15000;INTARIAN_PEPPER_ROOT;10237;18;10235;16;;;10244;27;10248;15;;;10240.5;0.0
av_COTTON_d4;15100;ASH_COATED_OSMIUM;9889;19;9885;19;;;9914;18;9916;16;;;9901.5;0.0
av_COTTON_d4;15100;INTARIAN_PEPPER_ROOT;10232;16;10228;25;;;10250;22;10252;26;;;10241.0;0.0
av_COTTON_d4;15200;ASH_COATED_OSMIUM;9895;12;9892;24;;;9909;23;9913;22;;;9902.0;0.0
av_COTTON_d4;15200;INTARIAN_PEPPER_ROOT;10233;19;10231;16;;;10248;6;10252;22;;;10240.5;0.0
av_COTTON_d4;15300;ASH_COATED_OSMIUM;9899;13;9897;15;;;9905;8;9908;26;;;9902.0;0.0
av_COTTON_d4;15300;INTARIAN_PEPPER_ROOT;10237;19;10235;17;;;10243;13;10247;18;;;10240.0;0.0
av_COTTON_d4;15400;ASH_COATED_OSMIUM;9899;8;9896;26;;;9905;13;9907;15;;;9902.0;0.0
av_COTTON_d4;15400;INTARIAN_PEPPER_ROOT;10236;17;10232;29;;;10242;15;10244;8;;;10239.0;0.0
av_COTTON_d4;15500;ASH_COATED_OSMIUM;9899;22;9897;30;;;9905;13;9909;20;;;9902.0;0.0
av_COTTON_d4;15500;INTARIAN_PEPPER_ROOT;10229;11;10227;20;;;10249;11;10251;26;;;10239.0;0.0
av_COTTON_d4;15600;ASH_COATED_OSMIUM;9897;17;9894;17;;;9906;8;9909;15;;;9901.5;0.0
av_COTTON_d4;15600;INTARIAN_PEPPER_ROOT;10234;21;10230;27;;;10244;17;10246;11;;;10239.0;0.0
av_COTTON_d4;15700;ASH_COATED_OSMIUM;9886;15;9884;23;;;9917;11;9919;13;;;9901.5;0.0
av_COTTON_d4;15700;INTARIAN_PEPPER_ROOT;10236;21;10232;27;;;10242;15;10245;9;;;10239.0;0.0
av_COTTON_d4;15800;ASH_COATED_OSMIUM;9899;21;9896;19;;;9905;21;9908;27;;;9902.0;0.0
av_COTTON_d4;15800;INTARIAN_PEPPER_ROOT;10236;15;10232;21;;;10242;7;10246;18;;;10239.0;0.0
av_COTTON_d4;15900;ASH_COATED_OSMIUM;9895;20;9892;13;;;9909;18;9911;13;;;9902.0;0.0
av_COTTON_d4;15900;INTARIAN_PEPPER_ROOT;10235;12;10233;20;;;10241;15;10244;23;;;10238.0;0.0
av_COTTON_d4;16000;ASH_COATED_OSMIUM;9899;9;9896;16;;;9905;8;9908;27;;;9902.0;0.0
av_COTTON_d4;16000;INTARIAN_PEPPER_ROOT;10235;12;10232;23;;;10242;13;10244;17;;;10238.5;0.0
av_COTTON_d4;16100;ASH_COATED_OSMIUM;9887;12;9883;25;;;9916;5;9918;24;;;9901.5;0.0
av_COTTON_d4;16100;INTARIAN_PEPPER_ROOT;10235;17;10232;25;;;10241;8;10244;17;;;10238.0;0.0
av_COTTON_d4;16200;ASH_COATED_OSMIUM;9899;11;9896;17;;;9905;14;9908;24;;;9902.0;0.0
av_COTTON_d4;16200;INTARIAN_PEPPER_ROOT;10234;15;10230;17;;;10240;11;10243;25;;;10237.0;0.0
av_COTTON_d4;16300;ASH_COATED_OSMIUM;9899;15;9895;24;;;9906;27;9909;26;;;9902.5;0.0
av_COTTON_d4;16300;INTARIAN_PEPPER_ROOT;10224;12;10221;12;;;10250;15;10252;16;;;10237.0;0.0
av_COTTON_d4;16400;ASH_COATED_OSMIUM;9894;13;9891;18;;;9909;17;9913;20;;;9901.5;0.0
av_COTTON_d4;16400;INTARIAN_PEPPER_ROOT;10234;10;10230;16;;;10240;8;10242;14;;;10237.0;0.0
av_COTTON_d4;16500;ASH_COATED_OSMIUM;9898;9;9894;23;;;9908;16;9910;24;;;9903.0;0.0
av_COTTON_d4;16500;INTARIAN_PEPPER_ROOT;10233;12;10231;19;;;10239;8;10242;14;;;10236.0;0.0
av_COTTON_d4;16600;ASH_COATED_OSMIUM;9899;18;9896;21;;;9905;14;9909;16;;;9902.0;0.0
av_COTTON_d4;16600;INTARIAN_PEPPER_ROOT;10233;10;10229;17;;;10239;10;10243;22;;;10236.0;0.0
av_COTTON_d4;16700;ASH_COATED_OSMIUM;9897;10;9893;23;;;9906;19;9909;20;;;9901.5;0.0
av_COTTON_d4;16700;INTARIAN_PEPPER_ROOT;10231;13;10229;18;;;10240;15;10243;12;;;10235.5;0.0
av_COTTON_d4;16800;ASH_COATED_OSMIUM;9899;12;9895;9;;;9905;17;9907;18;;;9902.0;0.0
av_COTTON_d4;16800;INTARIAN_PEPPER_ROOT;10214;18;10212;17;;;10257;19;10259;15;;;10235.5;0.0
av_COTTON_d4;16900;ASH_COATED_OSMIUM;9898;20;9894;22;;;9906;13;9910;10;;;9902.0;0.0
av_COTTON_d4;16900;INTARIAN_PEPPER_ROOT;10226;20;10224;24;;;10244;19;10248;16;;;10235.0;0.0
av_COTTON_d4;17000;ASH_COATED_OSMIUM;9898;11;9894;27;;;9904;18;9907;27;;;9901.0;0.0
av_COTTON_d4;17000;INTARIAN_PEPPER_ROOT;10231;14;10228;19;;;10239;17;10241;16;;;10235.0;0.0
av_COTTON_d4;17100;ASH_COATED_OSMIUM;9899;17;9897;18;;;9905;19;9909;16;;;9902.0;0.0
av_COTTON_d4;17100;INTARIAN_PEPPER_ROOT;10223;30;10219;12;;;10247;17;10249;11;;;10235.0;0.0
av_COTTON_d4;17200;ASH_COATED_OSMIUM;9899;7;9895;22;;;9905;9;9908;23;;;9902.0;0.0
av_COTTON_d4;17200;INTARIAN_PEPPER_ROOT;10231;5;10227;26;;;10237;13;10240;15;;;10234.0;0.0
av_COTTON_d4;17300;ASH_COATED_OSMIUM;9898;8;9895;30;;;9904;9;9907;19;;;9901.0;0.0
av_COTTON_d4;17300;INTARIAN_PEPPER_ROOT;10231;14;10227;22;;;10237;22;10239;24;;;10234.0;0.0
av_COTTON_d4;17400;ASH_COATED_OSMIUM;9899;12;9895;9;;;9905;20;9907;19;;;9902.0;0.0
av_COTTON_d4;17400;INTARIAN_PEPPER_ROOT;10231;14;10229;13;;;10237;8;10240;10;;;10234.0;0.0
av_COTTON_d4;17500;ASH_COATED_OSMIUM;9891;26;9889;14;;;9912;17;9916;25;;;9901.5;0.0
av_COTTON_d4;17500;INTARIAN_PEPPER_ROOT;10231;12;10229;16;;;10237;20;10240;22;;;10234.0;0.0
av_COTTON_d4;17600;ASH_COATED_OSMIUM;9899;18;9896;22;;;9906;13;9909;14;;;9902.5;0.0
av_COTTON_d4;17600;INTARIAN_PEPPER_ROOT;10230;13;10226;25;;;10236;17;10240;17;;;10233.0;0.0
av_COTTON_d4;17700;ASH_COATED_OSMIUM;9899;11;9896;23;;;9905;14;9909;23;;;9902.0;0.0
av_COTTON_d4;17700;INTARIAN_PEPPER_ROOT;10229;9;10225;17;;;10235;12;10238;24;;;10232.0;0.0
av_COTTON_d4;17800;ASH_COATED_OSMIUM;9899;20;9897;16;;;9905;7;9909;16;;;9902.0;0.0
av_COTTON_d4;17800;INTARIAN_PEPPER_ROOT;10228;18;10225;19;;;10236;10;10239;25;;;10232.0;0.0
av_COTTON_d4;17900;ASH_COATED_OSMIUM;9895;11;9893;28;;;9911;15;9914;18;;;9903.0;0.0
av_COTTON_d4;17900;INTARIAN_PEPPER_ROOT;10228;14;10224;24;;;10234;13;10238;21;;;10231.0;0.0
av_COTTON_d4;18000;ASH_COATED_OSMIUM;9898;13;9894;17;;;9907;16;9911;23;;;9902.5;0.0
av_COTTON_d4;18000;INTARIAN_PEPPER_ROOT;10228;11;10224;20;;;10234;14;10237;26;;;10231.0;0.0
av_COTTON_d4;18100;ASH_COATED_OSMIUM;9899;8;9896;20;;;9905;20;9909;22;;;9902.0;0.0
av_COTTON_d4;18100;INTARIAN_PEPPER_ROOT;10228;16;10224;16;;;10234;15;10236;18;;;10231.0;0.0
av_COTTON_d4;18200;ASH_COATED_OSMIUM;9899;7;9895;20;;;9905;16;9908;14;;;9902.0;0.0
av_COTTON_d4;18200;INTARIAN_PEPPER_ROOT;10227;10;10225;11;;;10235;12;10239;26;;;10231.0;0.0
av_COTTON_d4;18300;ASH_COATED_OSMIUM;9899;13;9897;14;;;9905;17;9908;15;;;9902.0;0.0
av_COTTON_d4;18300;INTARIAN_PEPPER_ROOT;10227;14;10224;23;;;10233;20;10236;14;;;10230.0;0.0
av_COTTON_d4;18400;ASH_COATED_OSMIUM;9899;11;9896;21;;;9905;8;9907;14;;;9902.0;0.0
av_COTTON_d4;18400;INTARIAN_PEPPER_ROOT;10227;13;10224;14;;;10233;15;10237;27;;;10230.0;0.0
av_COTTON_d4;18500;ASH_COATED_OSMIUM;9899;17;9896;10;;;9905;10;9909;25;;;9902.0;0.0
av_COTTON_d4;18500;INTARIAN_PEPPER_ROOT;10227;16;10224;14;;;10233;10;10236;21;;;10230.0;0.0
av_COTTON_d4;18600;ASH_COATED_OSMIUM;9899;12;9896;15;;;9905;14;9908;22;;;9902.0;0.0
av_COTTON_d4;18600;INTARIAN_PEPPER_ROOT;10226;9;10223;14;;;10232;11;10236;17;;;10229.0;0.0
av_COTTON_d4;18700;ASH_COATED_OSMIUM;9898;16;9894;15;;;9907;14;9911;23;;;9902.5;0.0
av_COTTON_d4;18700;INTARIAN_PEPPER_ROOT;10225;17;10221;20;;;10231;16;10234;8;;;10228.0;0.0
av_COTTON_d4;18800;ASH_COATED_OSMIUM;9894;15;9892;23;;;9911;10;9915;17;;;9902.5;0.0
av_COTTON_d4;18800;INTARIAN_PEPPER_ROOT;10222;19;10219;20;;;10234;23;10237;13;;;10228.0;0.0
av_COTTON_d4;18900;ASH_COATED_OSMIUM;9896;11;9893;26;;;9909;13;9913;20;;;9902.5;0.0
av_COTTON_d4;18900;INTARIAN_PEPPER_ROOT;10225;10;10223;21;;;10231;18;10234;26;;;10228.0;0.0
av_COTTON_d4;19000;ASH_COATED_OSMIUM;9899;23;9895;25;;;9905;12;9909;26;;;9902.0;0.0
av_COTTON_d4;19000;INTARIAN_PEPPER_ROOT;10221;10;10219;24;;;10234;18;10236;17;;;10227.5;0.0
av_COTTON_d4;19100;ASH_COATED_OSMIUM;9899;22;9895;20;;;9905;19;9909;10;;;9902.0;0.0
av_COTTON_d4;19100;INTARIAN_PEPPER_ROOT;10224;24;10221;15;;;10230;13;10234;16;;;10227.0;0.0
av_COTTON_d4;19200;ASH_COATED_OSMIUM;9900;15;9898;14;;;9906;13;9909;23;;;9903.0;0.0
av_COTTON_d4;19200;INTARIAN_PEPPER_ROOT;10224;18;10221;17;;;10230;7;10234;24;;;10227.0;0.0
av_COTTON_d4;19300;ASH_COATED_OSMIUM;9899;20;9895;24;;;9905;12;9909;14;;;9902.0;0.0
av_COTTON_d4;19300;INTARIAN_PEPPER_ROOT;10223;13;10221;29;;;10229;22;10233;17;;;10226.0;0.0
av_COTTON_d4;19400;ASH_COATED_OSMIUM;9899;15;9897;21;;;9905;9;9908;29;;;9902.0;0.0
av_COTTON_d4;19400;INTARIAN_PEPPER_ROOT;10218;21;10215;24;;;10236;10;10239;20;;;10227.0;0.0
av_COTTON_d4;19500;ASH_COATED_OSMIUM;9899;17;9897;15;;;9905;13;9909;16;;;9902.0;0.0
av_COTTON_d4;19500;INTARIAN_PEPPER_ROOT;10222;16;10220;23;;;10228;16;10231;21;;;10225.0;0.0
av_COTTON_d4;19600;ASH_COATED_OSMIUM;9895;19;9891;26;;;9909;14;9911;17;;;9902.0;0.0
av_COTTON_d4;19600;INTARIAN_PEPPER_ROOT;10223;13;10219;17;;;10229;12;10232;15;;;10226.0;0.0
av_COTTON_d4;19700;ASH_COATED_OSMIUM;9899;5;9896;20;;;9905;11;9907;25;;;9902.0;0.0
av_COTTON_d4;19700;INTARIAN_PEPPER_ROOT;10213;13;10210;14;;;10238;13;10242;10;;;10225.5;0.0
av_COTTON_d4;19800;ASH_COATED_OSMIUM;9899;15;9895;21;;;9905;11;9907;21;;;9902.0;0.0
av_COTTON_d4;19800;INTARIAN_PEPPER_ROOT;10222;12;10218;14;;;10228;10;10230;18;;;10225.0;0.0
av_COTTON_d4;19900;ASH_COATED_OSMIUM;9899;14;9896;19;;;9905;14;9907;16;;;9902.0;0.0
av_COTTON_d4;19900;INTARIAN_PEPPER_ROOT;10217;17;10213;21;;;10233;14;10236;23;;;10225.0;0.0
av_COTTON_d4;20000;ASH_COATED_OSMIUM;9899;18;9896;28;;;9905;14;9907;16;;;9902.0;0.0
av_COTTON_d4;20000;INTARIAN_PEPPER_ROOT;10221;9;10219;16;;;10227;5;10231;17;;;10224.0;0.0
av_COTTON_d4;20100;ASH_COATED_OSMIUM;9898;17;9894;14;;;9907;13;9911;23;;;9902.5;0.0
av_COTTON_d4;20100;INTARIAN_PEPPER_ROOT;10221;5;10217;21;;;10227;15;10231;17;;;10224.0;0.0
av_COTTON_d4;20200;ASH_COATED_OSMIUM;9899;14;9896;16;;;9905;12;9909;16;;;9902.0;0.0
av_COTTON_d4;20200;INTARIAN_PEPPER_ROOT;10221;16;10219;19;;;10227;10;10230;22;;;10224.0;0.0
av_COTTON_d4;20300;ASH_COATED_OSMIUM;9899;19;9896;25;;;9905;17;9909;17;;;9902.0;0.0
av_COTTON_d4;20300;INTARIAN_PEPPER_ROOT;10221;8;10217;26;;;10227;12;10229;16;;;10224.0;0.0
av_COTTON_d4;20400;ASH_COATED_OSMIUM;9899;15;9896;17;;;9905;9;9908;19;;;9902.0;0.0
av_COTTON_d4;20400;INTARIAN_PEPPER_ROOT;10217;16;10213;26;;;10229;18;10233;17;;;10223.0;0.0
av_COTTON_d4;20500;ASH_COATED_OSMIUM;9898;16;9895;18;;;9906;18;9908;17;;;9902.0;0.0
av_COTTON_d4;20500;INTARIAN_PEPPER_ROOT;10218;12;10214;24;;;10226;14;10230;16;;;10222.0;0.0
av_COTTON_d4;20600;ASH_COATED_OSMIUM;9892;23;9888;27;;;9912;18;9915;16;;;9902.0;0.0
av_COTTON_d4;20600;INTARIAN_PEPPER_ROOT;10219;14;10217;17;;;10225;8;10227;22;;;10222.0;0.0
av_COTTON_d4;20700;ASH_COATED_OSMIUM;9900;18;9897;21;;;9906;14;9910;19;;;9903.0;0.0
av_COTTON_d4;20700;INTARIAN_PEPPER_ROOT;10218;25;10215;29;;;10224;15;10226;25;;;10221.0;0.0
av_COTTON_d4;20800;ASH_COATED_OSMIUM;9899;22;9895;31;;;9906;15;9910;20;;;9902.5;0.0
av_COTTON_d4;20800;INTARIAN_PEPPER_ROOT;10218;16;10216;17;;;10224;7;10227;19;;;10221.0;0.0
av_COTTON_d4;20900;ASH_COATED_OSMIUM;9899;9;9897;18;;;9906;15;9909;21;;;9902.5;0.0
av_COTTON_d4;20900;INTARIAN_PEPPER_ROOT;10217;22;10215;21;;;10226;10;10228;22;;;10221.5;0.0
av_COTTON_d4;21000;ASH_COATED_OSMIUM;9899;15;9895;27;;;9905;17;9907;20;;;9902.0;0.0
av_COTTON_d4;21000;INTARIAN_PEPPER_ROOT;10218;16;10214;28;;;10224;17;10227;22;;;10221.0;0.0
av_COTTON_d4;21100;ASH_COATED_OSMIUM;9897;12;9894;27;;;9908;23;9910;11;;;9902.5;0.0
av_COTTON_d4;21100;INTARIAN_PEPPER_ROOT;10214;19;10210;22;;;10225;14;10228;20;;;10219.5;0.0
av_COTTON_d4;21200;ASH_COATED_OSMIUM;9899;19;9896;22;;;9905;18;9907;20;;;9902.0;0.0
av_COTTON_d4;21200;INTARIAN_PEPPER_ROOT;10216;20;10212;21;;;10222;12;10226;20;;;10219.0;0.0
av_COTTON_d4;21300;ASH_COATED_OSMIUM;9900;21;9896;23;;;9906;12;9910;15;;;9903.0;0.0
av_COTTON_d4;21300;INTARIAN_PEPPER_ROOT;10217;17;10215;10;;;10223;14;10225;13;;;10220.0;0.0
av_COTTON_d4;21400;ASH_COATED_OSMIUM;9897;14;9895;12;;;9907;15;9909;16;;;9902.0;0.0
av_COTTON_d4;21400;INTARIAN_PEPPER_ROOT;10214;12;10212;20;;;10223;9;10227;8;;;10218.5;0.0
av_COTTON_d4;21500;ASH_COATED_OSMIUM;9887;11;9885;20;;;9918;19;9921;21;;;9902.5;0.0
av_COTTON_d4;21500;INTARIAN_PEPPER_ROOT;10216;14;10214;21;;;10222;8;10225;27;;;10219.0;0.0
av_COTTON_d4;21600;ASH_COATED_OSMIUM;9897;15;9895;21;;;9909;10;9911;21;;;9903.0;0.0
av_COTTON_d4;21600;INTARIAN_PEPPER_ROOT;10215;20;10211;24;;;10221;16;10223;25;;;10218.0;0.0
av_COTTON_d4;21700;ASH_COATED_OSMIUM;9899;5;9895;17;;;9905;13;9909;20;;;9902.0;0.0
av_COTTON_d4;21700;INTARIAN_PEPPER_ROOT;10214;15;10212;28;;;10220;17;10224;24;;;10217.0;0.0
av_COTTON_d4;21800;ASH_COATED_OSMIUM;9899;15;9895;21;;;9905;18;9909;19;;;9902.0;0.0
av_COTTON_d4;21800;INTARIAN_PEPPER_ROOT;10214;24;10211;22;;;10220;14;10224;29;;;10217.0;0.0
av_COTTON_d4;21900;ASH_COATED_OSMIUM;9899;15;9897;18;;;9905;21;9909;15;;;9902.0;0.0
av_COTTON_d4;21900;INTARIAN_PEPPER_ROOT;10208;18;10205;23;;;10225;11;10227;14;;;10216.5;0.0
av_COTTON_d4;22000;ASH_COATED_OSMIUM;9899;15;9897;16;;;9906;15;9909;14;;;9902.5;0.0
av_COTTON_d4;22000;INTARIAN_PEPPER_ROOT;10214;19;10212;19;;;10220;16;10223;26;;;10217.0;0.0
av_COTTON_d4;22100;ASH_COATED_OSMIUM;9890;14;9886;23;;;9914;13;9918;21;;;9902.0;0.0
av_COTTON_d4;22100;INTARIAN_PEPPER_ROOT;10214;17;10212;23;;;10220;7;10223;11;;;10217.0;0.0
av_COTTON_d4;22200;ASH_COATED_OSMIUM;9896;7;9894;21;;;9909;5;9912;15;;;9902.5;0.0
av_COTTON_d4;22200;INTARIAN_PEPPER_ROOT;10213;14;10210;22;;;10219;14;10223;15;;;10216.0;0.0
av_COTTON_d4;22300;ASH_COATED_OSMIUM;9897;14;9894;15;;;9908;13;9911;21;;;9902.5;0.0
av_COTTON_d4;22300;INTARIAN_PEPPER_ROOT;10210;18;10208;24;;;10220;15;10224;16;;;10215.0;0.0
av_COTTON_d4;22400;ASH_COATED_OSMIUM;9899;20;9896;15;;;9907;15;9910;21;;;9903.0;0.0
av_COTTON_d4;22400;INTARIAN_PEPPER_ROOT;10211;14;10208;23;;;10220;19;10222;19;;;10215.5;0.0
av_COTTON_d4;22500;ASH_COATED_OSMIUM;9899;16;9895;21;;;9905;9;9908;23;;;9902.0;0.0
av_COTTON_d4;22500;INTARIAN_PEPPER_ROOT;10211;5;10207;21;;;10218;21;10222;13;;;10214.5;0.0
av_COTTON_d4;22600;ASH_COATED_OSMIUM;9900;5;9897;22;;;9906;18;9908;17;;;9903.0;0.0
av_COTTON_d4;22600;INTARIAN_PEPPER_ROOT;10206;18;10203;26;;;10223;14;10227;17;;;10214.5;0.0
av_COTTON_d4;22700;ASH_COATED_OSMIUM;9892;21;9889;28;;;9913;16;9915;34;;;9902.5;0.0
av_COTTON_d4;22700;INTARIAN_PEPPER_ROOT;10211;21;10209;25;;;10217;7;10219;14;;;10214.0;0.0
av_COTTON_d4;22800;ASH_COATED_OSMIUM;9899;12;9897;18;;;9905;14;9908;14;;;9902.0;0.0
av_COTTON_d4;22800;INTARIAN_PEPPER_ROOT;10209;9;10206;24;;;10220;10;10222;18;;;10214.5;0.0
av_COTTON_d4;22900;ASH_COATED_OSMIUM;9898;21;9894;16;;;9906;16;9909;29;;;9902.0;0.0
av_COTTON_d4;22900;INTARIAN_PEPPER_ROOT;10211;11;10207;17;;;10218;14;10221;14;;;10214.5;0.0
av_COTTON_d4;23000;ASH_COATED_OSMIUM;9900;14;9897;14;;;9906;14;9910;10;;;9903.0;0.0
av_COTTON_d4;23000;INTARIAN_PEPPER_ROOT;10210;6;10207;10;;;10216;19;10219;17;;;10213.0;0.0
av_COTTON_d4;23100;ASH_COATED_OSMIUM;9892;21;9889;11;;;9912;16;9916;20;;;9902.0;0.0
av_COTTON_d4;23100;INTARIAN_PEPPER_ROOT;10210;13;10208;14;;;10216;16;10220;14;;;10213.0;0.0
av_COTTON_d4;23200;ASH_COATED_OSMIUM;9897;15;9893;23;;;9908;17;9911;28;;;9902.5;0.0
av_COTTON_d4;23200;INTARIAN_PEPPER_ROOT;10209;14;10206;17;;;10215;9;10219;22;;;10212.0;0.0
av_COTTON_d4;23300;ASH_COATED_OSMIUM;9899;22;9895;31;;;9905;20;9908;21;;;9902.0;0.0
av_COTTON_d4;23300;INTARIAN_PEPPER_ROOT;10209;15;10207;22;;;10215;13;10217;20;;;10212.0;0.0
av_COTTON_d4;23400;ASH_COATED_OSMIUM;9899;15;9895;15;;;9905;13;9908;15;;;9902.0;0.0
av_COTTON_d4;23400;INTARIAN_PEPPER_ROOT;10209;9;10205;27;;;10215;21;10219;26;;;10212.0;0.0
av_COTTON_d4;23500;ASH_COATED_OSMIUM;9898;26;9896;14;;;9905;21;9908;18;;;9901.5;0.0
av_COTTON_d4;23500;INTARIAN_PEPPER_ROOT;10207;17;10203;19;;;10215;10;10218;18;;;10211.0;0.0
av_COTTON_d4;23600;ASH_COATED_OSMIUM;9896;16;9893;19;;;9910;11;9914;19;;;9903.0;0.0
av_COTTON_d4;23600;INTARIAN_PEPPER_ROOT;10205;21;10203;28;;;10216;20;10218;19;;;10210.5;0.0
av_COTTON_d4;23700;ASH_COATED_OSMIUM;9900;24;9898;23;;;9906;17;9908;21;;;9903.0;0.0
av_COTTON_d4;23700;INTARIAN_PEPPER_ROOT;10207;19;10205;16;;;10213;20;10215;21;;;10210.0;0.0
av_COTTON_d4;23800;ASH_COATED_OSMIUM;9895;12;9891;16;;;9910;20;9913;29;;;9902.5;0.0
av_COTTON_d4;23800;INTARIAN_PEPPER_ROOT;10207;11;10204;10;;;10213;11;10217;22;;;10210.0;0.0
av_COTTON_d4;23900;ASH_COATED_OSMIUM;9900;18;9898;22;;;9906;5;9908;23;;;9903.0;0.0
av_COTTON_d4;23900;INTARIAN_PEPPER_ROOT;10207;9;10203;20;;;10213;13;10216;13;;;10210.0;0.0
av_COTTON_d4;24000;ASH_COATED_OSMIUM;9900;16;9897;22;;;9907;18;9911;18;;;9903.5;0.0
av_COTTON_d4;24000;INTARIAN_PEPPER_ROOT;10206;11;10202;22;;;10212;24;10216;19;;;10209.0;0.0
av_COTTON_d4;24100;ASH_COATED_OSMIUM;9898;15;9894;22;;;9906;18;9908;26;;;9902.0;0.0
av_COTTON_d4;24100;INTARIAN_PEPPER_ROOT;10205;12;10203;25;;;10213;14;10217;18;;;10209.0;0.0
av_COTTON_d4;24200;ASH_COATED_OSMIUM;9900;11;9897;12;;;9906;8;9908;16;;;9903.0;0.0
av_COTTON_d4;24200;INTARIAN_PEPPER_ROOT;10205;12;10201;20;;;10211;15;10215;8;;;10208.0;0.0
av_COTTON_d4;24300;ASH_COATED_OSMIUM;9885;6;9881;19;;;9921;6;9923;28;;;9903.0;0.0
av_COTTON_d4;24300;INTARIAN_PEPPER_ROOT;10206;15;10204;12;;;10212;10;10215;16;;;10209.0;0.0
av_COTTON_d4;24400;ASH_COATED_OSMIUM;9894;19;9892;17;;;9911;16;9914;13;;;9902.5;0.0
av_COTTON_d4;24400;INTARIAN_PEPPER_ROOT;10204;21;10200;23;;;10212;16;10215;22;;;10208.0;0.0
av_COTTON_d4;24500;ASH_COATED_OSMIUM;9892;9;9890;22;;;9913;12;9915;11;;;9902.5;0.0
av_COTTON_d4;24500;INTARIAN_PEPPER_ROOT;10202;12;10200;19;;;10213;15;10217;29;;;10207.5;0.0
av_COTTON_d4;24600;ASH_COATED_OSMIUM;9892;16;9890;15;;;9913;14;9915;18;;;9902.5;0.0
av_COTTON_d4;24600;INTARIAN_PEPPER_ROOT;10204;13;10202;21;;;10210;19;10214;22;;;10207.0;0.0
av_COTTON_d4;24700;ASH_COATED_OSMIUM;9900;5;9897;19;;;9906;11;9909;10;;;9903.0;0.0
av_COTTON_d4;24700;INTARIAN_PEPPER_ROOT;10204;14;10200;19;;;10210;17;10213;26;;;10207.0;0.0
av_COTTON_d4;24800;ASH_COATED_OSMIUM;9899;14;9896;16;;;9905;13;9909;24;;;9902.0;0.0
av_COTTON_d4;24800;INTARIAN_PEPPER_ROOT;10203;18;10199;17;;;10209;12;10211;14;;;10206.0;0.0
av_COTTON_d4;24900;ASH_COATED_OSMIUM;9899;12;9895;19;;;9905;14;9907;18;;;9902.0;0.0
av_COTTON_d4;24900;INTARIAN_PEPPER_ROOT;10200;16;10196;18;;;10212;10;10215;19;;;10206.0;0.0
av_COTTON_d4;25000;ASH_COATED_OSMIUM;9900;14;9898;14;;;9906;13;9909;15;;;9903.0;0.0
av_COTTON_d4;25000;INTARIAN_PEPPER_ROOT;10203;14;10200;21;;;10209;10;10211;15;;;10206.0;0.0
av_COTTON_d4;25100;ASH_COATED_OSMIUM;9888;19;9886;24;;;9916;20;9919;26;;;9902.0;0.0
av_COTTON_d4;25100;INTARIAN_PEPPER_ROOT;10199;19;10195;23;;;10211;11;10213;22;;;10205.0;0.0
av_COTTON_d4;25200;ASH_COATED_OSMIUM;9900;11;9896;10;;;9906;12;9908;26;;;9903.0;0.0
av_COTTON_d4;25200;INTARIAN_PEPPER_ROOT;10202;17;10200;17;;;10208;12;10212;24;;;10205.0;0.0
av_COTTON_d4;25300;ASH_COATED_OSMIUM;9900;13;9898;21;;;9906;15;9910;22;;;9903.0;0.0
av_COTTON_d4;25300;INTARIAN_PEPPER_ROOT;10202;10;10199;22;;;10208;5;10212;27;;;10205.0;0.0
av_COTTON_d4;25400;ASH_COATED_OSMIUM;9900;20;9898;22;;;9906;15;9909;19;;;9903.0;0.0
av_COTTON_d4;25400;INTARIAN_PEPPER_ROOT;10186;15;10183;17;;;10222;17;10224;17;;;10204.0;0.0
av_COTTON_d4;25500;ASH_COATED_OSMIUM;9899;15;9895;19;;;9906;16;9908;27;;;9902.5;0.0
av_COTTON_d4;25500;INTARIAN_PEPPER_ROOT;10200;7;10196;23;;;10206;14;10208;22;;;10203.0;0.0
av_COTTON_d4;25600;ASH_COATED_OSMIUM;9895;13;9893;26;;;9910;11;9914;21;;;9902.5;0.0
av_COTTON_d4;25600;INTARIAN_PEPPER_ROOT;10195;18;10193;23;;;10212;11;10216;13;;;10203.5;0.0
av_COTTON_d4;25700;ASH_COATED_OSMIUM;9895;15;9892;20;;;9909;20;9913;20;;;9902.0;0.0
av_COTTON_d4;25700;INTARIAN_PEPPER_ROOT;10200;18;10196;20;;;10206;17;10210;13;;;10203.0;0.0
av_COTTON_d4;25800;ASH_COATED_OSMIUM;9900;16;9898;28;;;9906;17;9910;25;;;9903.0;0.0
av_COTTON_d4;25800;INTARIAN_PEPPER_ROOT;10199;19;10196;13;;;10208;16;10212;22;;;10203.5;0.0
av_COTTON_d4;25900;ASH_COATED_OSMIUM;9900;19;9898;23;;;9906;13;9908;18;;;9903.0;0.0
av_COTTON_d4;25900;INTARIAN_PEPPER_ROOT;10200;15;10197;25;;;10206;12;10210;14;;;10203.0;0.0
av_COTTON_d4;26000;ASH_COATED_OSMIUM;9900;16;9897;19;;;9906;14;9908;23;;;9903.0;0.0
av_COTTON_d4;26000;INTARIAN_PEPPER_ROOT;10199;19;10196;15;;;10205;12;10208;20;;;10202.0;0.0
av_COTTON_d4;26100;ASH_COATED_OSMIUM;9900;19;9897;20;;;9906;16;9910;12;;;9903.0;0.0
av_COTTON_d4;26100;INTARIAN_PEPPER_ROOT;10199;13;10196;31;;;10205;19;10209;20;;;10202.0;0.0
av_COTTON_d4;26200;ASH_COATED_OSMIUM;9900;8;9898;27;;;9906;8;9909;20;;;9903.0;0.0
av_COTTON_d4;26200;INTARIAN_PEPPER_ROOT;10198;15;10196;22;;;10204;17;10208;21;;;10201.0;0.0
av_COTTON_d4;26300;ASH_COATED_OSMIUM;9900;12;9896;15;;;9906;5;9908;9;;;9903.0;0.0
av_COTTON_d4;26300;INTARIAN_PEPPER_ROOT;10193;16;10189;17;;;10210;18;10213;30;;;10201.5;0.0
av_COTTON_d4;26400;ASH_COATED_OSMIUM;9898;18;9896;19;;;9908;16;9910;18;;;9903.0;0.0
av_COTTON_d4;26400;INTARIAN_PEPPER_ROOT;10198;11;10195;25;;;10204;5;10207;27;;;10201.0;0.0
av_COTTON_d4;26500;ASH_COATED_OSMIUM;9900;14;9897;24;;;9906;13;9908;15;;;9903.0;0.0
av_COTTON_d4;26500;INTARIAN_PEPPER_ROOT;10198;11;10195;13;;;10204;18;10208;12;;;10201.0;0.0
av_COTTON_d4;26600;ASH_COATED_OSMIUM;9887;13;9884;22;;;9920;18;9923;18;;;9903.5;0.0
av_COTTON_d4;26600;INTARIAN_PEPPER_ROOT;10197;15;10195;12;;;10203;17;10205;19;;;10200.0;0.0
av_COTTON_d4;26700;ASH_COATED_OSMIUM;9900;25;9897;18;;;9906;10;9910;14;;;9903.0;0.0
av_COTTON_d4;26700;INTARIAN_PEPPER_ROOT;10196;23;10194;18;;;10202;8;10206;13;;;10199.0;0.0
av_COTTON_d4;26800;ASH_COATED_OSMIUM;9899;23;9897;17;;;9905;15;9909;11;;;9902.0;0.0
av_COTTON_d4;26800;INTARIAN_PEPPER_ROOT;10193;7;10191;13;;;10206;14;10210;18;;;10199.5;0.0
av_COTTON_d4;26900;ASH_COATED_OSMIUM;9891;9;9889;23;;;9914;15;9917;12;;;9902.5;0.0
av_COTTON_d4;26900;INTARIAN_PEPPER_ROOT;10194;13;10192;22;;;10202;18;10205;14;;;10198.0;0.0
av_COTTON_d4;27000;ASH_COATED_OSMIUM;9900;15;9896;22;;;9906;10;9909;20;;;9903.0;0.0
av_COTTON_d4;27000;INTARIAN_PEPPER_ROOT;10192;19;10188;33;;;10205;25;10208;10;;;10198.5;0.0
av_COTTON_d4;27100;ASH_COATED_OSMIUM;9900;9;9897;11;;;9906;19;9909;21;;;9903.0;0.0
av_COTTON_d4;27100;INTARIAN_PEPPER_ROOT;10187;25;10185;23;;;10208;8;10212;25;;;10197.5;0.0
av_COTTON_d4;27200;ASH_COATED_OSMIUM;9899;8;9896;19;;;9907;13;9909;27;;;9903.0;0.0
av_COTTON_d4;27200;INTARIAN_PEPPER_ROOT;10193;14;10189;19;;;10201;19;10205;24;;;10197.0;0.0
av_COTTON_d4;27300;ASH_COATED_OSMIUM;9900;5;9896;20;;;9906;12;9908;14;;;9903.0;0.0
av_COTTON_d4;27300;INTARIAN_PEPPER_ROOT;10194;24;10192;25;;;10200;9;10203;15;;;10197.0;0.0
av_COTTON_d4;27400;ASH_COATED_OSMIUM;9900;13;9896;12;;;9906;14;9910;31;;;9903.0;0.0
av_COTTON_d4;27400;INTARIAN_PEPPER_ROOT;10194;12;10191;30;;;10200;17;10203;21;;;10197.0;0.0
av_COTTON_d4;27500;ASH_COATED_OSMIUM;9900;13;9896;11;;;9906;24;9909;21;;;9903.0;0.0
av_COTTON_d4;27500;INTARIAN_PEPPER_ROOT;10194;8;10191;20;;;10200;8;10204;26;;;10197.0;0.0
av_COTTON_d4;27600;ASH_COATED_OSMIUM;9900;15;9898;21;;;9906;19;9908;20;;;9903.0;0.0
av_COTTON_d4;27600;INTARIAN_PEPPER_ROOT;10191;15;10188;19;;;10202;8;10205;18;;;10196.5;0.0
av_COTTON_d4;27700;ASH_COATED_OSMIUM;9900;16;9897;18;;;9906;12;9908;30;;;9903.0;0.0
av_COTTON_d4;27700;INTARIAN_PEPPER_ROOT;10193;25;10190;19;;;10199;7;10201;16;;;10196.0;0.0
av_COTTON_d4;27800;ASH_COATED_OSMIUM;9900;7;9896;16;;;9906;16;9910;24;;;9903.0;0.0
av_COTTON_d4;27800;INTARIAN_PEPPER_ROOT;10188;16;10185;20;;;10202;18;10204;21;;;10195.0;0.0
av_COTTON_d4;27900;ASH_COATED_OSMIUM;9900;14;9897;24;;;9906;12;9909;20;;;9903.0;0.0
av_COTTON_d4;27900;INTARIAN_PEPPER_ROOT;10193;17;10191;18;;;10199;20;10201;14;;;10196.0;0.0
av_COTTON_d4;28000;ASH_COATED_OSMIUM;9900;12;9896;15;;;9906;7;9909;22;;;9903.0;0.0
av_COTTON_d4;28000;INTARIAN_PEPPER_ROOT;10185;10;10181;16;;;10205;15;10208;20;;;10195.0;0.0
av_COTTON_d4;28100;ASH_COATED_OSMIUM;9900;15;9897;17;;;9906;8;9908;14;;;9903.0;0.0
av_COTTON_d4;28100;INTARIAN_PEPPER_ROOT;10191;7;10187;21;;;10197;8;10201;16;;;10194.0;0.0
av_COTTON_d4;28200;ASH_COATED_OSMIUM;9898;7;9896;19;;;9908;8;9912;17;;;9903.0;0.0
av_COTTON_d4;28200;INTARIAN_PEPPER_ROOT;10191;12;10188;20;;;10197;23;10200;16;;;10194.0;0.0
av_COTTON_d4;28300;ASH_COATED_OSMIUM;9894;19;9890;19;;;9913;5;9917;8;;;9903.5;0.0
av_COTTON_d4;28300;INTARIAN_PEPPER_ROOT;10191;23;10188;20;;;10198;10;10202;19;;;10194.5;0.0
av_COTTON_d4;28400;ASH_COATED_OSMIUM;9900;18;9896;21;;;9906;12;9910;20;;;9903.0;0.0
av_COTTON_d4;28400;INTARIAN_PEPPER_ROOT;10190;17;10187;17;;;10196;12;10199;17;;;10193.0;0.0
av_COTTON_d4;28500;ASH_COATED_OSMIUM;9900;14;9896;21;;;9906;14;9909;14;;;9903.0;0.0
av_COTTON_d4;28500;INTARIAN_PEPPER_ROOT;10190;21;10188;21;;;10196;11;10199;25;;;10193.0;0.0
av_COTTON_d4;28600;ASH_COATED_OSMIUM;9901;5;9897;17;;;9907;12;9909;19;;;9904.0;0.0
av_COTTON_d4;28600;INTARIAN_PEPPER_ROOT;10189;15;10187;11;;;10195;5;10198;25;;;10192.0;0.0
av_COTTON_d4;28700;ASH_COATED_OSMIUM;9900;13;9896;16;;;9906;14;9910;24;;;9903.0;0.0
av_COTTON_d4;28700;INTARIAN_PEPPER_ROOT;10189;18;10185;15;;;10195;12;10199;20;;;10192.0;0.0
av_COTTON_d4;28800;ASH_COATED_OSMIUM;9899;15;9895;11;;;9906;15;9909;25;;;9902.5;0.0
av_COTTON_d4;28800;INTARIAN_PEPPER_ROOT;10189;18;10187;23;;;10195;14;10198;13;;;10192.0;0.0
av_COTTON_d4;28900;ASH_COATED_OSMIUM;9900;5;9898;26;;;9906;19;9910;22;;;9903.0;0.0
av_COTTON_d4;28900;INTARIAN_PEPPER_ROOT;10188;17;10186;22;;;10194;12;10197;25;;;10191.0;0.0
av_COTTON_d4;29000;ASH_COATED_OSMIUM;9900;9;9898;16;;;9906;16;9909;21;;;9903.0;0.0
av_COTTON_d4;29000;INTARIAN_PEPPER_ROOT;10188;20;10185;14;;;10194;14;10198;21;;;10191.0;0.0
av_COTTON_d4;29100;ASH_COATED_OSMIUM;9884;22;9880;16;;;9921;12;9923;16;;;9902.5;0.0
av_COTTON_d4;29100;INTARIAN_PEPPER_ROOT;10187;17;10184;24;;;10193;21;10197;14;;;10190.0;0.0
av_COTTON_d4;29200;ASH_COATED_OSMIUM;9900;9;9898;18;;;9906;18;9908;16;;;9903.0;0.0
av_COTTON_d4;29200;INTARIAN_PEPPER_ROOT;10187;16;10183;15;;;10193;12;10197;28;;;10190.0;0.0
av_COTTON_d4;29300;ASH_COATED_OSMIUM;9899;14;9895;19;;;9905;21;9907;20;;;9902.0;0.0
av_COTTON_d4;29300;INTARIAN_PEPPER_ROOT;10187;14;10183;20;;;10193;7;10196;20;;;10190.0;0.0
av_COTTON_d4;29400;ASH_COATED_OSMIUM;9900;15;9897;16;;;9906;20;9910;20;;;9903.0;0.0
av_COTTON_d4;29400;INTARIAN_PEPPER_ROOT;10185;18;10181;8;;;10194;12;10197;18;;;10189.5;0.0
av_COTTON_d4;29500;ASH_COATED_OSMIUM;9900;19;9896;17;;;9906;24;9908;21;;;9903.0;0.0
av_COTTON_d4;29500;INTARIAN_PEPPER_ROOT;10187;13;10183;15;;;10193;20;10195;26;;;10190.0;0.0
av_COTTON_d4;29600;ASH_COATED_OSMIUM;9900;18;9897;18;;;9906;19;9908;13;;;9903.0;0.0
av_COTTON_d4;29600;INTARIAN_PEPPER_ROOT;10186;13;10183;21;;;10192;18;10196;25;;;10189.0;0.0
av_COTTON_d4;29700;ASH_COATED_OSMIUM;9900;18;9898;20;;;9906;24;9910;23;;;9903.0;0.0
av_COTTON_d4;29700;INTARIAN_PEPPER_ROOT;10185;22;10182;19;;;10191;23;10193;26;;;10188.0;0.0
av_COTTON_d4;29800;ASH_COATED_OSMIUM;9896;15;9892;16;;;9911;20;9913;14;;;9903.5;0.0
av_COTTON_d4;29800;INTARIAN_PEPPER_ROOT;10185;23;10181;20;;;10191;21;10194;21;;;10188.0;0.0
av_COTTON_d4;29900;ASH_COATED_OSMIUM;9900;27;9897;16;;;9906;20;9910;19;;;9903.0;0.0
av_COTTON_d4;29900;INTARIAN_PEPPER_ROOT;10184;16;10182;26;;;10190;15;10194;24;;;10187.0;0.0
av_COTTON_d4;30000;ASH_COATED_OSMIUM;9900;10;9897;15;;;9906;10;9908;13;;;9903.0;0.0
av_COTTON_d4;30000;INTARIAN_PEPPER_ROOT;10184;22;10180;16;;;10191;19;10193;21;;;10187.5;0.0
av_COTTON_d4;30100;ASH_COATED_OSMIUM;9900;11;9898;24;;;9906;19;9908;23;;;9903.0;0.0
av_COTTON_d4;30100;INTARIAN_PEPPER_ROOT;10184;10;10181;17;;;10190;13;10194;15;;;10187.0;0.0
av_COTTON_d4;30200;ASH_COATED_OSMIUM;9899;14;9895;22;;;9906;20;9909;16;;;9902.5;0.0
av_COTTON_d4;30200;INTARIAN_PEPPER_ROOT;10183;9;10179;24;;;10189;8;10191;19;;;10186.0;0.0
av_COTTON_d4;30300;ASH_COATED_OSMIUM;9900;21;9896;25;;;9906;27;9909;14;;;9903.0;0.0
av_COTTON_d4;30300;INTARIAN_PEPPER_ROOT;10178;16;10174;14;;;10193;23;10196;23;;;10185.5;0.0
av_COTTON_d4;30400;ASH_COATED_OSMIUM;9900;12;9896;29;;;9906;10;9910;25;;;9903.0;0.0
av_COTTON_d4;30400;INTARIAN_PEPPER_ROOT;10183;8;10180;13;;;10189;10;10191;26;;;10186.0;0.0
av_COTTON_d4;30500;ASH_COATED_OSMIUM;9900;17;9896;16;;;9907;15;9911;24;;;9903.5;0.0
av_COTTON_d4;30500;INTARIAN_PEPPER_ROOT;10183;21;10180;22;;;10189;18;10191;22;;;10186.0;0.0
av_COTTON_d4;30600;ASH_COATED_OSMIUM;9896;9;9893;19;;;9910;12;9912;22;;;9903.0;0.0
av_COTTON_d4;30600;INTARIAN_PEPPER_ROOT;10181;11;10179;24;;;10188;20;10192;31;;;10184.5;0.0
av_COTTON_d4;30700;ASH_COATED_OSMIUM;9894;14;9892;16;;;9913;23;9917;20;;;9903.5;0.0
av_COTTON_d4;30700;INTARIAN_PEPPER_ROOT;10181;14;10177;15;;;10187;19;10189;17;;;10184.0;0.0
av_COTTON_d4;30800;ASH_COATED_OSMIUM;9900;13;9897;16;;;9906;18;9909;17;;;9903.0;0.0
av_COTTON_d4;30800;INTARIAN_PEPPER_ROOT;10180;12;10176;16;;;10190;12;10192;20;;;10185.0;0.0
av_COTTON_d4;30900;ASH_COATED_OSMIUM;9900;7;9898;18;;;9906;17;9909;16;;;9903.0;0.0
av_COTTON_d4;30900;INTARIAN_PEPPER_ROOT;10180;20;10178;17;;;10187;19;10191;28;;;10183.5;0.0
av_COTTON_d4;31000;ASH_COATED_OSMIUM;9900;20;9897;27;;;9906;6;9908;28;;;9903.0;0.0
av_COTTON_d4;31000;INTARIAN_PEPPER_ROOT;10180;12;10177;16;;;10186;14;10189;25;;;10183.0;0.0
av_COTTON_d4;31100;ASH_COATED_OSMIUM;9900;18;9897;22;;;9906;18;9908;23;;;9903.0;0.0
av_COTTON_d4;31100;INTARIAN_PEPPER_ROOT;10180;18;10178;19;;;10186;18;10190;19;;;10183.0;0.0
av_COTTON_d4;31200;ASH_COATED_OSMIUM;9898;11;9896;28;;;9908;17;9912;20;;;9903.0;0.0
av_COTTON_d4;31200;INTARIAN_PEPPER_ROOT;10180;21;10177;13;;;10186;18;10190;22;;;10183.0;0.0
av_COTTON_d4;31300;ASH_COATED_OSMIUM;9900;10;9897;17;;;9906;16;9908;22;;;9903.0;0.0
av_COTTON_d4;31300;INTARIAN_PEPPER_ROOT;10179;22;10175;13;;;10185;16;10189;16;;;10182.0;0.0
av_COTTON_d4;31400;ASH_COATED_OSMIUM;9900;13;9898;17;;;9906;16;9908;24;;;9903.0;0.0
av_COTTON_d4;31400;INTARIAN_PEPPER_ROOT;10179;7;10175;24;;;10185;5;10188;22;;;10182.0;0.0
av_COTTON_d4;31500;ASH_COATED_OSMIUM;9895;17;9892;18;;;9912;19;9915;24;;;9903.5;0.0
av_COTTON_d4;31500;INTARIAN_PEPPER_ROOT;10179;13;10176;16;;;10185;12;10187;15;;;10182.0;0.0
av_COTTON_d4;31600;ASH_COATED_OSMIUM;9900;17;9898;17;;;9906;12;9910;12;;;9903.0;0.0
av_COTTON_d4;31600;INTARIAN_PEPPER_ROOT;10179;11;10177;20;;;10185;14;10187;18;;;10182.0;0.0
av_COTTON_d4;31700;ASH_COATED_OSMIUM;9898;26;9896;15;;;9909;15;9913;20;;;9903.5;0.0
av_COTTON_d4;31700;INTARIAN_PEPPER_ROOT;10178;15;10174;21;;;10184;13;10187;15;;;10181.0;0.0
av_COTTON_d4;31800;ASH_COATED_OSMIUM;9900;15;9897;11;;;9906;12;9909;19;;;9903.0;0.0
av_COTTON_d4;31800;INTARIAN_PEPPER_ROOT;10178;13;10175;25;;;10184;8;10186;16;;;10181.0;0.0
av_COTTON_d4;31900;ASH_COATED_OSMIUM;9900;9;9897;15;;;9906;19;9910;16;;;9903.0;0.0
av_COTTON_d4;31900;INTARIAN_PEPPER_ROOT;10174;13;10170;17;;;10187;6;10191;16;;;10180.5;0.0
av_COTTON_d4;32000;ASH_COATED_OSMIUM;9900;11;9898;13;;;9906;7;9910;16;;;9903.0;0.0
av_COTTON_d4;32000;INTARIAN_PEPPER_ROOT;10177;21;10174;19;;;10183;10;10187;27;;;10180.0;0.0
av_COTTON_d4;32100;ASH_COATED_OSMIUM;9893;18;9890;16;;;9913;9;9916;21;;;9903.0;0.0
av_COTTON_d4;32100;INTARIAN_PEPPER_ROOT;10176;16;10173;14;;;10182;16;10185;18;;;10179.0;0.0
av_COTTON_d4;32200;ASH_COATED_OSMIUM;9877;20;9874;17;;;9930;13;9934;20;;;9903.5;0.0
av_COTTON_d4;32200;INTARIAN_PEPPER_ROOT;10173;18;10170;21;;;10185;13;10188;25;;;10179.0;0.0
av_COTTON_d4;32300;ASH_COATED_OSMIUM;9900;22;9898;22;;;9906;15;9909;18;;;9903.0;0.0
av_COTTON_d4;32300;INTARIAN_PEPPER_ROOT;10172;18;10169;20;;;10185;11;10188;26;;;10178.5;0.0
av_COTTON_d4;32400;ASH_COATED_OSMIUM;9888;9;9884;18;;;9919;11;9921;16;;;9903.5;0.0
av_COTTON_d4;32400;INTARIAN_PEPPER_ROOT;10176;17;10172;11;;;10182;10;10185;22;;;10179.0;0.0
av_COTTON_d4;32500;ASH_COATED_OSMIUM;9886;17;9882;8;;;9921;17;9924;18;;;9903.5;0.0
av_COTTON_d4;32500;INTARIAN_PEPPER_ROOT;10173;13;10170;22;;;10182;7;10184;22;;;10177.5;0.0
av_COTTON_d4;32600;ASH_COATED_OSMIUM;9898;18;9896;26;;;9907;17;9911;14;;;9902.5;0.0
av_COTTON_d4;32600;INTARIAN_PEPPER_ROOT;10170;21;10168;20;;;10184;16;10186;24;;;10177.0;0.0
av_COTTON_d4;32700;ASH_COATED_OSMIUM;9900;7;9896;16;;;9906;18;9909;17;;;9903.0;0.0
av_COTTON_d4;32700;INTARIAN_PEPPER_ROOT;10175;17;10173;11;;;10181;11;10185;24;;;10178.0;0.0
av_COTTON_d4;32800;ASH_COATED_OSMIUM;9900;17;9897;18;;;9906;18;9910;21;;;9903.0;0.0
av_COTTON_d4;32800;INTARIAN_PEPPER_ROOT;10154;16;10151;25;;;10200;10;10204;29;;;10177.0;0.0
av_COTTON_d4;32900;ASH_COATED_OSMIUM;9900;9;9896;20;;;9906;10;9910;24;;;9903.0;0.0
av_COTTON_d4;32900;INTARIAN_PEPPER_ROOT;10170;14;10166;8;;;10183;9;10187;22;;;10176.5;0.0
av_COTTON_d4;33000;ASH_COATED_OSMIUM;9898;20;9896;24;;;9911;9;9915;17;;;9904.5;0.0
av_COTTON_d4;33000;INTARIAN_PEPPER_ROOT;10173;21;10170;18;;;10181;14;10185;24;;;10177.0;0.0
av_COTTON_d4;33100;ASH_COATED_OSMIUM;9900;10;9897;19;;;9906;5;9908;26;;;9903.0;0.0
av_COTTON_d4;33100;INTARIAN_PEPPER_ROOT;10173;16;10170;15;;;10179;23;10182;21;;;10176.0;0.0
av_COTTON_d4;33200;ASH_COATED_OSMIUM;9898;21;9895;26;;;9910;20;9913;16;;;9904.0;0.0
av_COTTON_d4;33200;INTARIAN_PEPPER_ROOT;10173;18;10169;16;;;10179;5;10183;19;;;10176.0;0.0
av_COTTON_d4;33300;ASH_COATED_OSMIUM;9900;19;9898;16;;;9906;21;9908;14;;;9903.0;0.0
av_COTTON_d4;33300;INTARIAN_PEPPER_ROOT;10172;13;10168;22;;;10178;19;10181;22;;;10175.0;0.0
av_COTTON_d4;33400;ASH_COATED_OSMIUM;9901;20;9898;20;;;9907;15;9911;25;;;9904.0;0.0
av_COTTON_d4;33400;INTARIAN_PEPPER_ROOT;10171;18;10168;21;;;10180;20;10184;22;;;10175.5;0.0
av_COTTON_d4;33500;ASH_COATED_OSMIUM;9887;15;9884;24;;;9920;19;9923;9;;;9903.5;0.0
av_COTTON_d4;33500;INTARIAN_PEPPER_ROOT;10171;9;10168;20;;;10177;12;10180;19;;;10174.0;0.0
av_COTTON_d4;33600;ASH_COATED_OSMIUM;9900;17;9898;23;;;9906;20;9908;24;;;9903.0;0.0
av_COTTON_d4;33600;INTARIAN_PEPPER_ROOT;10162;13;10160;24;;;10186;17;10189;24;;;10174.0;0.0
av_COTTON_d4;33700;ASH_COATED_OSMIUM;9901;5;9897;12;;;9907;16;9911;20;;;9904.0;0.0
av_COTTON_d4;33700;INTARIAN_PEPPER_ROOT;10171;25;10169;17;;;10177;19;10180;14;;;10174.0;0.0
av_COTTON_d4;33800;ASH_COATED_OSMIUM;9899;5;9896;15;;;9907;16;9911;9;;;9903.0;0.0
av_COTTON_d4;33800;INTARIAN_PEPPER_ROOT;10171;14;10167;19;;;10177;17;10179;11;;;10174.0;0.0
av_COTTON_d4;33900;ASH_COATED_OSMIUM;9900;13;9898;23;;;9906;15;9909;27;;;9903.0;0.0
av_COTTON_d4;33900;INTARIAN_PEPPER_ROOT;10168;20;10165;28;;;10177;20;10181;16;;;10172.5;0.0
av_COTTON_d4;34000;ASH_COATED_OSMIUM;9900;18;9898;30;;;9906;13;9908;22;;;9903.0;0.0
av_COTTON_d4;34000;INTARIAN_PEPPER_ROOT;10171;12;10168;21;;;10177;16;10181;29;;;10174.0;0.0
av_COTTON_d4;34100;ASH_COATED_OSMIUM;9890;11;9888;14;;;9917;8;9920;15;;;9903.5;0.0
av_COTTON_d4;34100;INTARIAN_PEPPER_ROOT;10170;12;10168;11;;;10176;17;10180;22;;;10173.0;0.0
av_COTTON_d4;34200;ASH_COATED_OSMIUM;9899;19;9895;15;;;9907;12;9911;24;;;9903.0;0.0
av_COTTON_d4;34200;INTARIAN_PEPPER_ROOT;10157;21;10154;29;;;10187;18;10190;10;;;10172.0;0.0
av_COTTON_d4;34300;ASH_COATED_OSMIUM;9900;7;9896;27;;;9906;11;9908;11;;;9903.0;0.0
av_COTTON_d4;34300;INTARIAN_PEPPER_ROOT;10169;12;10166;14;;;10175;16;10177;21;;;10172.0;0.0
av_COTTON_d4;34400;ASH_COATED_OSMIUM;9900;13;9896;18;;;9906;17;9909;18;;;9903.0;0.0
av_COTTON_d4;34400;INTARIAN_PEPPER_ROOT;10166;18;10164;25;;;10177;16;10180;15;;;10171.5;0.0
av_COTTON_d4;34500;ASH_COATED_OSMIUM;9901;18;9898;26;;;9907;23;9910;9;;;9904.0;0.0
av_COTTON_d4;34500;INTARIAN_PEPPER_ROOT;10168;14;10165;16;;;10174;11;10177;26;;;10171.0;0.0
av_COTTON_d4;34600;ASH_COATED_OSMIUM;9901;18;9897;19;;;9907;11;9909;16;;;9904.0;0.0
av_COTTON_d4;34600;INTARIAN_PEPPER_ROOT;10168;13;10165;25;;;10174;17;10178;25;;;10171.0;0.0
av_COTTON_d4;34700;ASH_COATED_OSMIUM;9901;15;9897;22;;;9907;15;9911;19;;;9904.0;0.0
av_COTTON_d4;34700;INTARIAN_PEPPER_ROOT;10167;24;10165;20;;;10174;17;10178;26;;;10170.5;0.0
av_COTTON_d4;34800;ASH_COATED_OSMIUM;9899;5;9897;15;;;9908;17;9910;24;;;9903.5;0.0
av_COTTON_d4;34800;INTARIAN_PEPPER_ROOT;10153;21;10149;16;;;10189;17;10193;20;;;10171.0;0.0
av_COTTON_d4;34900;ASH_COATED_OSMIUM;9900;12;9898;24;;;9906;11;9908;25;;;9903.0;0.0
av_COTTON_d4;34900;INTARIAN_PEPPER_ROOT;10167;12;10165;28;;;10173;19;10176;8;;;10170.0;0.0
av_COTTON_d4;35000;ASH_COATED_OSMIUM;9890;9;9888;26;;;9917;8;9919;20;;;9903.5;0.0
av_COTTON_d4;35000;INTARIAN_PEPPER_ROOT;10167;17;10163;30;;;10173;7;10177;19;;;10170.0;0.0
av_COTTON_d4;35100;ASH_COATED_OSMIUM;9896;16;9893;19;;;9911;14;9915;21;;;9903.5;0.0
av_COTTON_d4;35100;INTARIAN_PEPPER_ROOT;10167;5;10165;20;;;10173;9;10175;20;;;10170.0;0.0
av_COTTON_d4;35200;ASH_COATED_OSMIUM;9901;5;9898;18;;;9907;18;9910;21;;;9904.0;0.0
av_COTTON_d4;35200;INTARIAN_PEPPER_ROOT;10166;6;10162;23;;;10172;19;10175;18;;;10169.0;0.0
av_COTTON_d4;35300;ASH_COATED_OSMIUM;9895;21;9892;22;;;9912;17;9915;21;;;9903.5;0.0
av_COTTON_d4;35300;INTARIAN_PEPPER_ROOT;10166;15;10163;18;;;10172;13;10176;23;;;10169.0;0.0
av_COTTON_d4;35400;ASH_COATED_OSMIUM;9900;17;9896;23;;;9906;9;9910;15;;;9903.0;0.0
av_COTTON_d4;35400;INTARIAN_PEPPER_ROOT;10166;11;10163;27;;;10172;16;10176;20;;;10169.0;0.0
av_COTTON_d4;35500;ASH_COATED_OSMIUM;9897;8;9894;23;;;9909;18;9912;14;;;9903.0;0.0
av_COTTON_d4;35500;INTARIAN_PEPPER_ROOT;10165;10;10163;18;;;10171;13;10175;25;;;10168.0;0.0
av_COTTON_d4;35600;ASH_COATED_OSMIUM;9900;17;9898;13;;;9906;19;9910;16;;;9903.0;0.0
av_COTTON_d4;35600;INTARIAN_PEPPER_ROOT;10165;11;10161;14;;;10171;5;10174;25;;;10168.0;0.0
av_COTTON_d4;35700;ASH_COATED_OSMIUM;9900;11;9896;20;;;9906;19;9910;19;;;9903.0;0.0
av_COTTON_d4;35700;INTARIAN_PEPPER_ROOT;10161;14;10159;20;;;10175;13;10179;22;;;10168.0;0.0
av_COTTON_d4;35800;ASH_COATED_OSMIUM;9895;8;9892;20;;;9910;12;9913;24;;;9902.5;0.0
av_COTTON_d4;35800;INTARIAN_PEPPER_ROOT;10164;6;10162;20;;;10170;19;10172;18;;;10167.0;0.0
av_COTTON_d4;35900;ASH_COATED_OSMIUM;9900;13;9898;17;;;9906;25;9909;17;;;9903.0;0.0
av_COTTON_d4;35900;INTARIAN_PEPPER_ROOT;10164;8;10160;16;;;10170;20;10172;12;;;10167.0;0.0
av_COTTON_d4;36000;ASH_COATED_OSMIUM;9900;15;9896;17;;;9906;7;9909;21;;;9903.0;0.0
av_COTTON_d4;36000;INTARIAN_PEPPER_ROOT;10163;19;10159;20;;;10171;13;10174;14;;;10167.0;0.0
av_COTTON_d4;36100;ASH_COATED_OSMIUM;9900;11;9897;18;;;9906;21;9910;23;;;9903.0;0.0
av_COTTON_d4;36100;INTARIAN_PEPPER_ROOT;10163;16;10160;9;;;10169;6;10172;21;;;10166.0;0.0
av_COTTON_d4;36200;ASH_COATED_OSMIUM;9900;10;9897;24;;;9906;20;9910;23;;;9903.0;0.0
av_COTTON_d4;36200;INTARIAN_PEPPER_ROOT;10163;16;10160;14;;;10169;18;10172;13;;;10166.0;0.0
av_COTTON_d4;36300;ASH_COATED_OSMIUM;9900;13;9896;24;;;9906;17;9910;18;;;9903.0;0.0
av_COTTON_d4;36300;INTARIAN_PEPPER_ROOT;10163;9;10161;17;;;10169;16;10173;16;;;10166.0;0.0
av_COTTON_d4;36400;ASH_COATED_OSMIUM;9901;12;9897;26;;;9907;12;9909;18;;;9904.0;0.0
av_COTTON_d4;36400;INTARIAN_PEPPER_ROOT;10160;5;10156;23;;;10170;7;10173;12;;;10165.0;0.0
av_COTTON_d4;36500;ASH_COATED_OSMIUM;9900;14;9896;13;;;9906;21;9909;28;;;9903.0;0.0
av_COTTON_d4;36500;INTARIAN_PEPPER_ROOT;10162;13;10159;20;;;10168;19;10170;9;;;10165.0;0.0
av_COTTON_d4;36600;ASH_COATED_OSMIUM;9900;12;9897;24;;;9906;11;9910;20;;;9903.0;0.0
av_COTTON_d4;36600;INTARIAN_PEPPER_ROOT;10162;14;10158;17;;;10168;15;10172;27;;;10165.0;0.0
av_COTTON_d4;36700;ASH_COATED_OSMIUM;9901;5;9899;28;;;9907;5;9910;14;;;9904.0;0.0
av_COTTON_d4;36700;INTARIAN_PEPPER_ROOT;10161;16;10157;20;;;10168;13;10172;28;;;10164.5;0.0
av_COTTON_d4;36800;ASH_COATED_OSMIUM;9900;13;9898;15;;;9906;7;9909;18;;;9903.0;0.0
av_COTTON_d4;36800;INTARIAN_PEPPER_ROOT;10161;13;10157;17;;;10167;18;10169;20;;;10164.0;0.0
av_COTTON_d4;36900;ASH_COATED_OSMIUM;9896;16;9893;19;;;9911;14;9913;17;;;9903.5;0.0
av_COTTON_d4;36900;INTARIAN_PEPPER_ROOT;10160;12;10158;15;;;10166;13;10169;24;;;10163.0;0.0
av_COTTON_d4;37000;ASH_COATED_OSMIUM;9894;6;9891;19;;;9911;14;9915;9;;;9902.5;0.0
av_COTTON_d4;37000;INTARIAN_PEPPER_ROOT;10159;18;10157;22;;;10168;20;10171;18;;;10163.5;0.0
av_COTTON_d4;37100;ASH_COATED_OSMIUM;9898;18;9895;18;;;9908;10;9910;33;;;9903.0;0.0
av_COTTON_d4;37100;INTARIAN_PEPPER_ROOT;10160;12;10157;10;;;10166;24;10170;13;;;10163.0;0.0
av_COTTON_d4;37200;ASH_COATED_OSMIUM;9900;19;9896;15;;;9906;11;9908;25;;;9903.0;0.0
av_COTTON_d4;37200;INTARIAN_PEPPER_ROOT;10158;21;10154;18;;;10168;16;10172;20;;;10163.0;0.0
av_COTTON_d4;37300;ASH_COATED_OSMIUM;9900;15;9897;12;;;9906;21;9910;13;;;9903.0;0.0
av_COTTON_d4;37300;INTARIAN_PEPPER_ROOT;10159;11;10157;20;;;10167;12;10169;16;;;10163.0;0.0
av_COTTON_d4;37400;ASH_COATED_OSMIUM;9900;21;9898;25;;;9906;13;9909;16;;;9903.0;0.0
av_COTTON_d4;37400;INTARIAN_PEPPER_ROOT;10159;12;10157;25;;;10165;14;10167;29;;;10162.0;0.0
av_COTTON_d4;37500;ASH_COATED_OSMIUM;9901;16;9897;17;;;9907;8;9911;21;;;9904.0;0.0
av_COTTON_d4;37500;INTARIAN_PEPPER_ROOT;10152;14;10149;17;;;10171;20;10173;11;;;10161.5;0.0
av_COTTON_d4;37600;ASH_COATED_OSMIUM;9899;16;9895;18;;;9907;9;9910;25;;;9903.0;0.0
av_COTTON_d4;37600;INTARIAN_PEPPER_ROOT;10159;17;10155;17;;;10165;13;10169;11;;;10162.0;0.0
av_COTTON_d4;37700;ASH_COATED_OSMIUM;9894;22;9892;33;;;9912;5;9916;19;;;9903.0;0.0
av_COTTON_d4;37700;INTARIAN_PEPPER_ROOT;10155;13;10152;13;;;10168;16;10172;20;;;10161.5;0.0
av_COTTON_d4;37800;ASH_COATED_OSMIUM;9901;16;9899;17;;;9907;17;9910;23;;;9904.0;0.0
av_COTTON_d4;37800;INTARIAN_PEPPER_ROOT;10158;18;10156;13;;;10164;8;10167;26;;;10161.0;0.0
av_COTTON_d4;37900;ASH_COATED_OSMIUM;9900;14;9897;29;;;9906;13;9910;30;;;9903.0;0.0
av_COTTON_d4;37900;INTARIAN_PEPPER_ROOT;10158;5;10155;14;;;10165;12;10169;10;;;10161.5;0.0
av_COTTON_d4;38000;ASH_COATED_OSMIUM;9900;15;9898;22;;;9906;15;9910;8;;;9903.0;0.0
av_COTTON_d4;38000;INTARIAN_PEPPER_ROOT;10154;11;10151;11;;;10167;5;10171;20;;;10160.5;0.0
av_COTTON_d4;38100;ASH_COATED_OSMIUM;9900;14;9896;19;;;9906;13;9909;8;;;9903.0;0.0
av_COTTON_d4;38100;INTARIAN_PEPPER_ROOT;10157;8;10155;25;;;10163;15;10167;16;;;10160.0;0.0
av_COTTON_d4;38200;ASH_COATED_OSMIUM;9889;13;9887;22;;;9917;7;9921;26;;;9903.0;0.0
av_COTTON_d4;38200;INTARIAN_PEPPER_ROOT;10157;16;10154;23;;;10163;11;10165;10;;;10160.0;0.0
av_COTTON_d4;38300;ASH_COATED_OSMIUM;9900;5;9896;19;;;9906;19;9908;26;;;9903.0;0.0
av_COTTON_d4;38300;INTARIAN_PEPPER_ROOT;10157;20;10153;25;;;10163;24;10165;21;;;10160.0;0.0
av_COTTON_d4;38400;ASH_COATED_OSMIUM;9900;9;9898;18;;;9906;23;9910;13;;;9903.0;0.0
av_COTTON_d4;38400;INTARIAN_PEPPER_ROOT;10156;13;10154;30;;;10162;19;10164;18;;;10159.0;0.0
av_COTTON_d4;38500;ASH_COATED_OSMIUM;9896;12;9893;24;;;9911;5;9914;24;;;9903.5;0.0
av_COTTON_d4;38500;INTARIAN_PEPPER_ROOT;10154;16;10150;16;;;10163;15;10167;27;;;10158.5;0.0
av_COTTON_d4;38600;ASH_COATED_OSMIUM;9900;10;9898;20;;;9906;10;9909;17;;;9903.0;0.0
av_COTTON_d4;38600;INTARIAN_PEPPER_ROOT;10152;11;10150;19;;;10166;22;10170;18;;;10159.0;0.0
av_COTTON_d4;38700;ASH_COATED_OSMIUM;9900;20;9898;23;;;9907;17;9909;21;;;9903.5;0.0
av_COTTON_d4;38700;INTARIAN_PEPPER_ROOT;10151;12;10147;16;;;10164;14;10168;28;;;10157.5;0.0
av_COTTON_d4;38800;ASH_COATED_OSMIUM;9899;17;9895;26;;;9908;15;9911;18;;;9903.5;0.0
av_COTTON_d4;38800;INTARIAN_PEPPER_ROOT;10155;15;10151;13;;;10161;11;10165;16;;;10158.0;0.0
av_COTTON_d4;38900;ASH_COATED_OSMIUM;9900;8;9898;24;;;9906;21;9908;22;;;9903.0;0.0
av_COTTON_d4;38900;INTARIAN_PEPPER_ROOT;10154;19;10151;21;;;10160;12;10162;24;;;10157.0;0.0
av_COTTON_d4;39000;ASH_COATED_OSMIUM;9896;16;9894;25;;;9911;26;9914;19;;;9903.5;0.0
av_COTTON_d4;39000;INTARIAN_PEPPER_ROOT;10147;9;10145;24;;;10168;10;10171;10;;;10157.5;0.0
av_COTTON_d4;39100;ASH_COATED_OSMIUM;9899;11;9897;18;;;9907;9;9911;25;;;9903.0;0.0
av_COTTON_d4;39100;INTARIAN_PEPPER_ROOT;10147;23;10144;17;;;10167;10;10170;17;;;10157.0;0.0
av_COTTON_d4;39200;ASH_COATED_OSMIUM;9900;14;9897;15;;;9906;10;9909;15;;;9903.0;0.0
av_COTTON_d4;39200;INTARIAN_PEPPER_ROOT;10154;18;10151;19;;;10160;15;10164;27;;;10157.0;0.0
av_COTTON_d4;39300;ASH_COATED_OSMIUM;9897;21;9894;14;;;9909;19;9913;27;;;9903.0;0.0
av_COTTON_d4;39300;INTARIAN_PEPPER_ROOT;10150;22;10146;18;;;10162;13;10165;18;;;10156.0;0.0
av_COTTON_d4;39400;ASH_COATED_OSMIUM;9899;19;9895;16;;;9907;11;9909;15;;;9903.0;0.0
av_COTTON_d4;39400;INTARIAN_PEPPER_ROOT;10151;11;10149;28;;;10161;18;10164;22;;;10156.0;0.0
av_COTTON_d4;39500;ASH_COATED_OSMIUM;9898;10;9895;25;;;9910;17;9913;15;;;9904.0;0.0
av_COTTON_d4;39500;INTARIAN_PEPPER_ROOT;10153;20;10150;19;;;10159;13;10162;29;;;10156.0;0.0
av_COTTON_d4;39600;ASH_COATED_OSMIUM;9900;7;9898;26;;;9907;16;9909;29;;;9903.5;0.0
av_COTTON_d4;39600;INTARIAN_PEPPER_ROOT;10151;12;10147;24;;;10158;16;10161;16;;;10154.5;0.0
av_COTTON_d4;39700;ASH_COATED_OSMIUM;9900;14;9898;17;;;9907;15;9910;19;;;9903.5;0.0
av_COTTON_d4;39700;INTARIAN_PEPPER_ROOT;10152;12;10150;21;;;10158;12;10161;14;;;10155.0;0.0
av_COTTON_d4;39800;ASH_COATED_OSMIUM;9898;14;9895;20;;;9908;12;9912;20;;;9903.0;0.0
av_COTTON_d4;39800;INTARIAN_PEPPER_ROOT;10152;15;10150;28;;;10158;20;10160;20;;;10155.0;0.0
av_COTTON_d4;39900;ASH_COATED_OSMIUM;9897;25;9894;16;;;9909;18;9911;8;;;9903.0;0.0
av_COTTON_d4;39900;INTARIAN_PEPPER_ROOT;10152;8;10150;22;;;10158;20;10160;17;;;10155.0;0.0
av_COTTON_d4;40000;ASH_COATED_OSMIUM;9899;20;9896;23;;;9908;23;9910;21;;;9903.5;0.0
av_COTTON_d4;40000;INTARIAN_PEPPER_ROOT;10151;17;10147;17;;;10157;9;10160;13;;;10154.0;0.0
av_COTTON_d4;40100;ASH_COATED_OSMIUM;9897;13;9895;18;;;9910;17;9914;19;;;9903.5;0.0
av_COTTON_d4;40100;INTARIAN_PEPPER_ROOT;10150;15;10148;28;;;10156;14;10158;14;;;10153.0;0.0
av_COTTON_d4;40200;ASH_COATED_OSMIUM;9894;11;9890;16;;;9912;13;9916;19;;;9903.0;0.0
av_COTTON_d4;40200;INTARIAN_PEPPER_ROOT;10148;19;10146;25;;;10160;14;10162;18;;;10154.0;0.0
av_COTTON_d4;40300;ASH_COATED_OSMIUM;9900;15;9897;19;;;9906;12;9909;16;;;9903.0;0.0
av_COTTON_d4;40300;INTARIAN_PEPPER_ROOT;10149;11;10147;17;;;10157;21;10159;25;;;10153.0;0.0
av_COTTON_d4;40400;ASH_COATED_OSMIUM;9896;17;9893;22;;;9909;10;9913;25;;;9902.5;0.0
av_COTTON_d4;40400;INTARIAN_PEPPER_ROOT;10150;17;10146;14;;;10156;21;10159;19;;;10153.0;0.0
av_COTTON_d4;40500;ASH_COATED_OSMIUM;9900;20;9897;12;;;9906;14;9909;21;;;9903.0;0.0
av_COTTON_d4;40500;INTARIAN_PEPPER_ROOT;10133;14;10130;17;;;10171;21;10173;21;;;10152.0;0.0
av_COTTON_d4;40600;ASH_COATED_OSMIUM;9900;18;9897;24;;;9906;8;9910;16;;;9903.0;0.0
av_COTTON_d4;40600;INTARIAN_PEPPER_ROOT;10149;15;10145;8;;;10155;20;10158;20;;;10152.0;0.0
av_COTTON_d4;40700;ASH_COATED_OSMIUM;9900;12;9896;21;;;9906;13;9909;17;;;9903.0;0.0
av_COTTON_d4;40700;INTARIAN_PEPPER_ROOT;10148;15;10145;18;;;10154;16;10157;21;;;10151.0;0.0
av_COTTON_d4;40800;ASH_COATED_OSMIUM;9897;19;9893;24;;;9910;14;9913;14;;;9903.5;0.0
av_COTTON_d4;40800;INTARIAN_PEPPER_ROOT;10147;8;10144;21;;;10155;10;10157;15;;;10151.0;0.0
av_COTTON_d4;40900;ASH_COATED_OSMIUM;9901;15;9897;27;;;9907;18;9910;23;;;9904.0;0.0
av_COTTON_d4;40900;INTARIAN_PEPPER_ROOT;10147;21;10143;20;;;10155;7;10159;25;;;10151.0;0.0
av_COTTON_d4;41000;ASH_COATED_OSMIUM;9900;27;9898;20;;;9906;23;9908;15;;;9903.0;0.0
av_COTTON_d4;41000;INTARIAN_PEPPER_ROOT;10147;15;10144;23;;;10153;5;10157;20;;;10150.0;0.0
av_COTTON_d4;41100;ASH_COATED_OSMIUM;9893;16;9890;14;;;9913;16;9917;17;;;9903.0;0.0
av_COTTON_d4;41100;INTARIAN_PEPPER_ROOT;10148;17;10144;17;;;10154;12;10157;17;;;10151.0;0.0
av_COTTON_d4;41200;ASH_COATED_OSMIUM;9881;14;9877;20;;;9924;17;9928;23;;;9902.5;0.0
av_COTTON_d4;41200;INTARIAN_PEPPER_ROOT;10143;16;10139;21;;;10158;6;10161;18;;;10150.5;0.0
av_COTTON_d4;41300;ASH_COATED_OSMIUM;9900;17;9896;27;;;9906;5;9910;13;;;9903.0;0.0
av_COTTON_d4;41300;INTARIAN_PEPPER_ROOT;10143;11;10141;21;;;10157;10;10159;16;;;10150.0;0.0
av_COTTON_d4;41400;ASH_COATED_OSMIUM;9900;14;9897;18;;;9906;14;9908;14;;;9903.0;0.0
av_COTTON_d4;41400;INTARIAN_PEPPER_ROOT;10146;12;10143;25;;;10154;12;10157;20;;;10150.0;0.0
av_COTTON_d4;41500;ASH_COATED_OSMIUM;9900;23;9898;22;;;9906;16;9908;20;;;9903.0;0.0
av_COTTON_d4;41500;INTARIAN_PEPPER_ROOT;10145;14;10141;22;;;10154;17;10157;19;;;10149.5;0.0
av_COTTON_d4;41600;ASH_COATED_OSMIUM;9899;8;9895;16;;;9905;22;9909;22;;;9902.0;0.0
av_COTTON_d4;41600;INTARIAN_PEPPER_ROOT;10146;21;10142;11;;;10152;20;10154;14;;;10149.0;0.0
av_COTTON_d4;41700;ASH_COATED_OSMIUM;9900;13;9898;19;;;9906;20;9908;17;;;9903.0;0.0
av_COTTON_d4;41700;INTARIAN_PEPPER_ROOT;10145;12;10143;18;;;10152;19;10154;21;;;10148.5;0.0
av_COTTON_d4;41800;ASH_COATED_OSMIUM;9894;13;9890;20;;;9913;15;9915;23;;;9903.5;0.0
av_COTTON_d4;41800;INTARIAN_PEPPER_ROOT;10138;20;10134;17;;;10159;20;10163;24;;;10148.5;0.0
av_COTTON_d4;41900;ASH_COATED_OSMIUM;9899;17;9896;21;;;9906;20;9908;10;;;9902.5;0.0
av_COTTON_d4;41900;INTARIAN_PEPPER_ROOT;10145;15;10143;26;;;10151;13;10154;17;;;10148.0;0.0
av_COTTON_d4;42000;ASH_COATED_OSMIUM;9899;8;9897;24;;;9908;17;9912;22;;;9903.5;0.0
av_COTTON_d4;42000;INTARIAN_PEPPER_ROOT;10145;12;10143;28;;;10151;5;10155;12;;;10148.0;0.0
av_COTTON_d4;42100;ASH_COATED_OSMIUM;9895;27;9893;19;;;9913;16;9917;20;;;9904.0;0.0
av_COTTON_d4;42100;INTARIAN_PEPPER_ROOT;10145;11;10143;16;;;10151;8;10153;20;;;10148.0;0.0
av_COTTON_d4;42200;ASH_COATED_OSMIUM;9899;8;9895;26;;;9908;18;9910;17;;;9903.5;0.0
av_COTTON_d4;42200;INTARIAN_PEPPER_ROOT;10142;17;10139;11;;;10153;11;10155;12;;;10147.5;0.0
av_COTTON_d4;42300;ASH_COATED_OSMIUM;9897;16;9894;23;;;9911;7;9913;15;;;9904.0;0.0
av_COTTON_d4;42300;INTARIAN_PEPPER_ROOT;10143;13;10139;27;;;10149;19;10151;15;;;10146.0;0.0
av_COTTON_d4;42400;ASH_COATED_OSMIUM;9900;13;9896;11;;;9906;18;9910;23;;;9903.0;0.0
av_COTTON_d4;42400;INTARIAN_PEPPER_ROOT;10143;9;10141;19;;;10149;19;10153;25;;;10146.0;0.0
av_COTTON_d4;42500;ASH_COATED_OSMIUM;9900;13;9896;22;;;9906;13;9908;16;;;9903.0;0.0
av_COTTON_d4;42500;INTARIAN_PEPPER_ROOT;10144;18;10141;22;;;10150;6;10154;18;;;10147.0;0.0
av_COTTON_d4;42600;ASH_COATED_OSMIUM;9900;14;9896;10;;;9906;17;9908;23;;;9903.0;0.0
av_COTTON_d4;42600;INTARIAN_PEPPER_ROOT;10143;16;10139;25;;;10149;13;10151;21;;;10146.0;0.0
av_COTTON_d4;42700;ASH_COATED_OSMIUM;9899;5;9895;21;;;9908;12;9912;18;;;9903.5;0.0
av_COTTON_d4;42700;INTARIAN_PEPPER_ROOT;10141;27;10138;18;;;10149;11;10152;20;;;10145.0;0.0
av_COTTON_d4;42800;ASH_COATED_OSMIUM;9898;12;9894;18;;;9908;17;9912;17;;;9903.0;0.0
av_COTTON_d4;42800;INTARIAN_PEPPER_ROOT;10142;5;10138;31;;;10148;18;10151;17;;;10145.0;0.0
av_COTTON_d4;42900;ASH_COATED_OSMIUM;9900;16;9898;23;;;9906;12;9910;20;;;9903.0;0.0
av_COTTON_d4;42900;INTARIAN_PEPPER_ROOT;10139;19;10135;22;;;10150;8;10152;20;;;10144.5;0.0
av_COTTON_d4;43000;ASH_COATED_OSMIUM;9899;16;9896;8;;;9906;19;9909;18;;;9902.5;0.0
av_COTTON_d4;43000;INTARIAN_PEPPER_ROOT;10141;28;10137;17;;;10147;15;10149;17;;;10144.0;0.0
av_COTTON_d4;43100;ASH_COATED_OSMIUM;9900;14;9897;17;;;9906;15;9908;19;;;9903.0;0.0
av_COTTON_d4;43100;INTARIAN_PEPPER_ROOT;10138;11;10134;27;;;10151;15;10155;29;;;10144.5;0.0
av_COTTON_d4;43200;ASH_COATED_OSMIUM;9900;7;9896;21;;;9906;13;9910;21;;;9903.0;0.0
av_COTTON_d4;43200;INTARIAN_PEPPER_ROOT;10137;14;10135;30;;;10152;12;10154;25;;;10144.5;0.0
av_COTTON_d4;43300;ASH_COATED_OSMIUM;9898;9;9895;8;;;9908;17;9910;19;;;9903.0;0.0
av_COTTON_d4;43300;INTARIAN_PEPPER_ROOT;10140;18;10137;20;;;10148;19;10150;17;;;10144.0;0.0
av_COTTON_d4;43400;ASH_COATED_OSMIUM;9900;14;9896;24;;;9906;18;9910;22;;;9903.0;0.0
av_COTTON_d4;43400;INTARIAN_PEPPER_ROOT;10131;21;10129;14;;;10156;5;10158;23;;;10143.5;0.0
av_COTTON_d4;43500;ASH_COATED_OSMIUM;9897;12;9894;25;;;9909;15;9913;27;;;9903.0;0.0
av_COTTON_d4;43500;INTARIAN_PEPPER_ROOT;10140;28;10138;19;;;10146;20;10149;10;;;10143.0;0.0
av_COTTON_d4;43600;ASH_COATED_OSMIUM;9900;13;9897;16;;;9906;26;9908;29;;;9903.0;0.0
av_COTTON_d4;43600;INTARIAN_PEPPER_ROOT;10140;7;10137;18;;;10146;20;10150;14;;;10143.0;0.0
av_COTTON_d4;43700;ASH_COATED_OSMIUM;9900;13;9896;18;;;9906;19;9910;30;;;9903.0;0.0
av_COTTON_d4;43700;INTARIAN_PEPPER_ROOT;10140;15;10136;15;;;10146;10;10149;16;;;10143.0;0.0
av_COTTON_d4;43800;ASH_COATED_OSMIUM;9900;17;9897;14;;;9906;17;9910;17;;;9903.0;0.0
av_COTTON_d4;43800;INTARIAN_PEPPER_ROOT;10135;14;10131;24;;;10149;10;10153;24;;;10142.0;0.0
av_COTTON_d4;43900;ASH_COATED_OSMIUM;9900;20;9898;20;;;9906;14;9910;17;;;9903.0;0.0
av_COTTON_d4;43900;INTARIAN_PEPPER_ROOT;10135;26;10132;21;;;10148;14;10152;17;;;10141.5;0.0
av_COTTON_d4;44000;ASH_COATED_OSMIUM;9899;23;9896;28;;;9905;7;9908;19;;;9902.0;0.0
av_COTTON_d4;44000;INTARIAN_PEPPER_ROOT;10122;11;10120;13;;;10162;16;10166;19;;;10142.0;0.0
av_COTTON_d4;44100;ASH_COATED_OSMIUM;9899;14;9895;18;;;9906;11;9910;16;;;9902.5;0.0
av_COTTON_d4;44100;INTARIAN_PEPPER_ROOT;10139;9;10137;19;;;10145;14;10147;17;;;10142.0;0.0
av_COTTON_d4;44200;ASH_COATED_OSMIUM;9899;13;9896;16;;;9907;16;9909;23;;;9903.0;0.0
av_COTTON_d4;44200;INTARIAN_PEPPER_ROOT;10136;7;10134;11;;;10145;13;10149;16;;;10140.5;0.0
av_COTTON_d4;44300;ASH_COATED_OSMIUM;9894;13;9892;17;;;9912;15;9914;20;;;9903.0;0.0
av_COTTON_d4;44300;INTARIAN_PEPPER_ROOT;10138;23;10136;13;;;10144;11;10148;27;;;10141.0;0.0
av_COTTON_d4;44400;ASH_COATED_OSMIUM;9900;13;9898;19;;;9906;9;9908;25;;;9903.0;0.0
av_COTTON_d4;44400;INTARIAN_PEPPER_ROOT;10137;19;10134;18;;;10143;13;10147;24;;;10140.0;0.0
av_COTTON_d4;44500;ASH_COATED_OSMIUM;9899;15;9895;10;;;9908;25;9912;24;;;9903.5;0.0
av_COTTON_d4;44500;INTARIAN_PEPPER_ROOT;10135;12;10133;12;;;10146;11;10149;21;;;10140.5;0.0
av_COTTON_d4;44600;ASH_COATED_OSMIUM;9900;5;9896;26;;;9906;18;9909;14;;;9903.0;0.0
av_COTTON_d4;44600;INTARIAN_PEPPER_ROOT;10135;14;10133;22;;;10143;6;10145;23;;;10139.0;0.0
av_COTTON_d4;44700;ASH_COATED_OSMIUM;9900;15;9897;12;;;9906;19;9910;26;;;9903.0;0.0
av_COTTON_d4;44700;INTARIAN_PEPPER_ROOT;10136;5;10133;18;;;10142;19;10145;15;;;10139.0;0.0
av_COTTON_d4;44800;ASH_COATED_OSMIUM;9900;16;9897;19;;;9906;18;9910;19;;;9903.0;0.0
av_COTTON_d4;44800;INTARIAN_PEPPER_ROOT;10136;17;10134;9;;;10142;19;10146;15;;;10139.0;0.0
av_COTTON_d4;44900;ASH_COATED_OSMIUM;9899;15;9896;20;;;9906;13;9910;18;;;9902.5;0.0
av_COTTON_d4;44900;INTARIAN_PEPPER_ROOT;10135;18;10133;25;;;10141;13;10145;19;;;10138.0;0.0
av_COTTON_d4;45000;ASH_COATED_OSMIUM;9900;16;9898;21;;;9906;22;9910;31;;;9903.0;0.0
av_COTTON_d4;45000;INTARIAN_PEPPER_ROOT;10134;10;10131;24;;;10144;12;10147;16;;;10139.0;0.0
av_COTTON_d4;45100;ASH_COATED_OSMIUM;9899;21;9897;23;;;9905;8;9908;23;;;9902.0;0.0
av_COTTON_d4;45100;INTARIAN_PEPPER_ROOT;10135;9;10133;21;;;10141;13;10144;20;;;10138.0;0.0
av_COTTON_d4;45200;ASH_COATED_OSMIUM;9899;18;9896;16;;;9907;12;9911;12;;;9903.0;0.0
av_COTTON_d4;45200;INTARIAN_PEPPER_ROOT;10134;21;10130;10;;;10142;19;10144;24;;;10138.0;0.0
av_COTTON_d4;45300;ASH_COATED_OSMIUM;9892;17;9890;23;;;9914;11;9918;17;;;9903.0;0.0
av_COTTON_d4;45300;INTARIAN_PEPPER_ROOT;10133;13;10129;18;;;10142;21;10145;11;;;10137.5;0.0
av_COTTON_d4;45400;ASH_COATED_OSMIUM;9900;6;9896;21;;;9906;11;9910;25;;;9903.0;0.0
av_COTTON_d4;45400;INTARIAN_PEPPER_ROOT;10132;12;10128;29;;;10142;14;10146;26;;;10137.0;0.0
av_COTTON_d4;45500;ASH_COATED_OSMIUM;9900;7;9898;18;;;9906;8;9908;19;;;9903.0;0.0
av_COTTON_d4;45500;INTARIAN_PEPPER_ROOT;10134;13;10130;23;;;10140;20;10144;19;;;10137.0;0.0
av_COTTON_d4;45600;ASH_COATED_OSMIUM;9896;12;9893;10;;;9911;15;9913;21;;;9903.5;0.0
av_COTTON_d4;45600;INTARIAN_PEPPER_ROOT;10132;22;10128;22;;;10141;11;10144;24;;;10136.5;0.0
av_COTTON_d4;45700;ASH_COATED_OSMIUM;9898;19;9896;24;;;9907;12;9911;23;;;9902.5;0.0
av_COTTON_d4;45700;INTARIAN_PEPPER_ROOT;10133;19;10129;22;;;10140;14;10144;19;;;10136.5;0.0
av_COTTON_d4;45800;ASH_COATED_OSMIUM;9900;7;9896;14;;;9906;17;9909;13;;;9903.0;0.0
av_COTTON_d4;45800;INTARIAN_PEPPER_ROOT;10132;15;10128;14;;;10138;11;10142;11;;;10135.0;0.0
av_COTTON_d4;45900;ASH_COATED_OSMIUM;9900;19;9897;21;;;9906;23;9909;20;;;9903.0;0.0
av_COTTON_d4;45900;INTARIAN_PEPPER_ROOT;10129;14;10126;21;;;10144;15;10147;20;;;10136.5;0.0
av_COTTON_d4;46000;ASH_COATED_OSMIUM;9900;12;9897;26;;;9906;16;9908;18;;;9903.0;0.0
av_COTTON_d4;46000;INTARIAN_PEPPER_ROOT;10132;17;10130;23;;;10138;9;10141;19;;;10135.0;0.0
av_COTTON_d4;46100;ASH_COATED_OSMIUM;9900;17;9897;13;;;9906;5;9909;21;;;9903.0;0.0
av_COTTON_d4;46100;INTARIAN_PEPPER_ROOT;10132;9;10130;20;;;10138;20;10142;19;;;10135.0;0.0
av_COTTON_d4;46200;ASH_COATED_OSMIUM;9900;20;9898;21;;;9906;14;9909;13;;;9903.0;0.0
av_COTTON_d4;46200;INTARIAN_PEPPER_ROOT;10132;13;10128;9;;;10138;11;10141;18;;;10135.0;0.0
av_COTTON_d4;46300;ASH_COATED_OSMIUM;9900;19;9897;23;;;9906;19;9910;19;;;9903.0;0.0
av_COTTON_d4;46300;INTARIAN_PEPPER_ROOT;10132;9;10128;19;;;10138;14;10142;12;;;10135.0;0.0
av_COTTON_d4;46400;ASH_COATED_OSMIUM;9900;9;9898;25;;;9906;15;9910;11;;;9903.0;0.0
av_COTTON_d4;46400;INTARIAN_PEPPER_ROOT;10129;17;10125;20;;;10140;18;10144;16;;;10134.5;0.0
av_COTTON_d4;46500;ASH_COATED_OSMIUM;9900;13;9898;15;;;9906;15;9908;28;;;9903.0;0.0
av_COTTON_d4;46500;INTARIAN_PEPPER_ROOT;10130;11;10128;19;;;10136;13;10140;22;;;10133.0;0.0
av_COTTON_d4;46600;ASH_COATED_OSMIUM;9898;14;9894;9;;;9910;21;9912;18;;;9904.0;0.0
av_COTTON_d4;46600;INTARIAN_PEPPER_ROOT;10128;12;10126;11;;;10139;11;10143;8;;;10133.5;0.0
av_COTTON_d4;46700;ASH_COATED_OSMIUM;9900;9;9896;19;;;9906;10;9909;20;;;9903.0;0.0
av_COTTON_d4;46700;INTARIAN_PEPPER_ROOT;10130;13;10127;21;;;10136;6;10140;20;;;10133.0;0.0
av_COTTON_d4;46800;ASH_COATED_OSMIUM;9900;18;9898;22;;;9906;20;9908;27;;;9903.0;0.0
av_COTTON_d4;46800;INTARIAN_PEPPER_ROOT;10130;18;10127;25;;;10136;17;10140;27;;;10133.0;0.0
av_COTTON_d4;46900;ASH_COATED_OSMIUM;9896;19;9892;20;;;9910;20;9914;22;;;9903.0;0.0
av_COTTON_d4;46900;INTARIAN_PEPPER_ROOT;10126;14;10123;18;;;10140;9;10143;28;;;10133.0;0.0
av_COTTON_d4;47000;ASH_COATED_OSMIUM;9899;17;9895;22;;;9906;8;9910;15;;;9902.5;0.0
av_COTTON_d4;47000;INTARIAN_PEPPER_ROOT;10129;16;10127;22;;;10135;10;10138;13;;;10132.0;0.0
av_COTTON_d4;47100;ASH_COATED_OSMIUM;9893;16;9890;19;;;9913;18;9916;13;;;9903.0;0.0
av_COTTON_d4;47100;INTARIAN_PEPPER_ROOT;10129;22;10125;20;;;10135;11;10138;17;;;10132.0;0.0
av_COTTON_d4;47200;ASH_COATED_OSMIUM;9900;6;9897;17;;;9906;23;9908;31;;;9903.0;0.0
av_COTTON_d4;47200;INTARIAN_PEPPER_ROOT;10129;5;10126;17;;;10135;15;10138;25;;;10132.0;0.0
av_COTTON_d4;47300;ASH_COATED_OSMIUM;9900;15;9898;17;;;9906;7;9908;24;;;9903.0;0.0
av_COTTON_d4;47300;INTARIAN_PEPPER_ROOT;10123;17;10120;22;;;10140;18;10142;20;;;10131.5;0.0
av_COTTON_d4;47400;ASH_COATED_OSMIUM;9894;14;9891;19;;;9912;11;9916;19;;;9903.0;0.0
av_COTTON_d4;47400;INTARIAN_PEPPER_ROOT;10128;17;10125;19;;;10134;15;10137;20;;;10131.0;0.0
av_COTTON_d4;47500;ASH_COATED_OSMIUM;9900;17;9897;20;;;9906;11;9909;18;;;9903.0;0.0
av_COTTON_d4;47500;INTARIAN_PEPPER_ROOT;10128;20;10125;27;;;10134;12;10137;11;;;10131.0;0.0
av_COTTON_d4;47600;ASH_COATED_OSMIUM;9866;13;9862;28;;;9940;8;9943;25;;;9903.0;0.0
av_COTTON_d4;47600;INTARIAN_PEPPER_ROOT;10127;16;10124;27;;;10133;16;10135;15;;;10130.0;0.0
av_COTTON_d4;47700;ASH_COATED_OSMIUM;9900;12;9897;22;;;9906;20;9908;10;;;9903.0;0.0
av_COTTON_d4;47700;INTARIAN_PEPPER_ROOT;10126;18;10122;24;;;10134;14;10136;22;;;10130.0;0.0
av_COTTON_d4;47800;ASH_COATED_OSMIUM;9899;17;9897;24;;;9905;11;9909;16;;;9902.0;0.0
av_COTTON_d4;47800;INTARIAN_PEPPER_ROOT;10127;10;10124;25;;;10133;8;10135;12;;;10130.0;0.0
av_COTTON_d4;47900;ASH_COATED_OSMIUM;9900;9;9898;26;;;9906;21;9910;21;;;9903.0;0.0
av_COTTON_d4;47900;INTARIAN_PEPPER_ROOT;10126;11;10122;18;;;10132;12;10134;15;;;10129.0;0.0
av_COTTON_d4;48000;ASH_COATED_OSMIUM;9897;19;9894;23;;;9909;15;9912;15;;;9903.0;0.0
av_COTTON_d4;48000;INTARIAN_PEPPER_ROOT;10124;6;10122;28;;;10133;24;10135;21;;;10128.5;0.0
av_COTTON_d4;48100;ASH_COATED_OSMIUM;9900;18;9896;18;;;9906;14;9908;19;;;9903.0;0.0
av_COTTON_d4;48100;INTARIAN_PEPPER_ROOT;10118;14;10116;27;;;10139;5;10142;24;;;10128.5;0.0
av_COTTON_d4;48200;ASH_COATED_OSMIUM;9890;14;9887;20;;;9914;14;9918;12;;;9902.0;0.0
av_COTTON_d4;48200;INTARIAN_PEPPER_ROOT;10122;12;10120;21;;;10134;5;10138;15;;;10128.0;0.0
av_COTTON_d4;48300;ASH_COATED_OSMIUM;9895;18;9891;21;;;9911;10;9915;16;;;9903.0;0.0
av_COTTON_d4;48300;INTARIAN_PEPPER_ROOT;10120;13;10118;13;;;10136;11;10139;18;;;10128.0;0.0
av_COTTON_d4;48400;ASH_COATED_OSMIUM;9900;22;9898;19;;;9906;21;9908;19;;;9903.0;0.0
av_COTTON_d4;48400;INTARIAN_PEPPER_ROOT;10125;13;10123;15;;;10131;17;10134;26;;;10128.0;0.0
av_COTTON_d4;48500;ASH_COATED_OSMIUM;9897;7;9893;13;;;9909;16;9913;22;;;9903.0;0.0
av_COTTON_d4;48500;INTARIAN_PEPPER_ROOT;10122;27;10120;15;;;10132;19;10135;32;;;10127.0;0.0
av_COTTON_d4;48600;ASH_COATED_OSMIUM;9900;19;9896;24;;;9906;19;9910;16;;;9903.0;0.0
av_COTTON_d4;48600;INTARIAN_PEPPER_ROOT;10124;16;10122;26;;;10130;12;10134;20;;;10127.0;0.0
av_COTTON_d4;48700;ASH_COATED_OSMIUM;9897;21;9894;19;;;9909;22;9913;16;;;9903.0;0.0
av_COTTON_d4;48700;INTARIAN_PEPPER_ROOT;10118;16;10116;18;;;10136;11;10138;23;;;10127.0;0.0
av_COTTON_d4;48800;ASH_COATED_OSMIUM;9899;18;9896;23;;;9905;13;9907;17;;;9902.0;0.0
av_COTTON_d4;48800;INTARIAN_PEPPER_ROOT;10123;15;10119;16;;;10129;5;10131;20;;;10126.0;0.0
av_COTTON_d4;48900;ASH_COATED_OSMIUM;9900;10;9896;24;;;9906;12;9908;14;;;9903.0;0.0
av_COTTON_d4;48900;INTARIAN_PEPPER_ROOT;10119;21;10117;18;;;10133;9;10137;8;;;10126.0;0.0
av_COTTON_d4;49000;ASH_COATED_OSMIUM;9900;23;9898;20;;;9906;6;9909;27;;;9903.0;0.0
av_COTTON_d4;49000;INTARIAN_PEPPER_ROOT;10108;13;10106;13;;;10145;15;10149;18;;;10126.5;0.0
av_COTTON_d4;49100;ASH_COATED_OSMIUM;9900;10;9896;21;;;9906;20;9909;19;;;9903.0;0.0
av_COTTON_d4;49100;INTARIAN_PEPPER_ROOT;10121;18;10119;29;;;10130;5;10134;19;;;10125.5;0.0
av_COTTON_d4;49200;ASH_COATED_OSMIUM;9900;5;9897;26;;;9906;17;9908;22;;;9903.0;0.0
av_COTTON_d4;49200;INTARIAN_PEPPER_ROOT;10122;15;10120;17;;;10128;24;10130;19;;;10125.0;0.0
av_COTTON_d4;49300;ASH_COATED_OSMIUM;9900;25;9896;11;;;9906;7;9910;20;;;9903.0;0.0
av_COTTON_d4;49300;INTARIAN_PEPPER_ROOT;10121;19;10119;21;;;10129;23;10131;20;;;10125.0;0.0
av_COTTON_d4;49400;ASH_COATED_OSMIUM;9900;24;9896;27;;;9906;20;9908;21;;;9903.0;0.0
av_COTTON_d4;49400;INTARIAN_PEPPER_ROOT;10121;25;10118;13;;;10127;15;10130;9;;;10124.0;0.0
av_COTTON_d4;49500;ASH_COATED_OSMIUM;9897;16;9894;14;;;9910;13;9913;20;;;9903.5;0.0
av_COTTON_d4;49500;INTARIAN_PEPPER_ROOT;10112;21;10108;21;;;10136;19;10138;17;;;10124.0;0.0
av_COTTON_d4;49600;ASH_COATED_OSMIUM;9899;16;9896;16;;;9905;14;9909;14;;;9902.0;0.0
av_COTTON_d4;49600;INTARIAN_PEPPER_ROOT;10112;8;10108;26;;;10136;20;10138;24;;;10124.0;0.0
av_COTTON_d4;49700;ASH_COATED_OSMIUM;9900;13;9898;17;;;9906;20;9910;10;;;9903.0;0.0
av_COTTON_d4;49700;INTARIAN_PEPPER_ROOT;10121;17;10119;24;;;10127;14;10129;21;;;10124.0;0.0
av_COTTON_d4;49800;ASH_COATED_OSMIUM;9900;16;9897;26;;;9906;9;9910;18;;;9903.0;0.0
av_COTTON_d4;49800;INTARIAN_PEPPER_ROOT;10120;24;10116;28;;;10126;19;10129;19;;;10123.0;0.0
av_COTTON_d4;49900;ASH_COATED_OSMIUM;9899;13;9896;22;;;9906;10;9910;19;;;9902.5;0.0
av_COTTON_d4;49900;INTARIAN_PEPPER_ROOT;10120;7;10118;18;;;10126;12;10129;24;;;10123.0;0.0
av_COTTON_d4;50000;ASH_COATED_OSMIUM;9900;21;9898;19;;;9906;14;9910;18;;;9903.0;0.0
av_COTTON_d4;50000;INTARIAN_PEPPER_ROOT;10119;13;10115;26;;;10125;20;10129;20;;;10122.0;0.0
av_COTTON_d4;50100;ASH_COATED_OSMIUM;9900;19;9898;24;;;9906;11;9908;21;;;9903.0;0.0
av_COTTON_d4;50100;INTARIAN_PEPPER_ROOT;10116;23;10113;21;;;10128;13;10130;21;;;10122.0;0.0
av_COTTON_d4;50200;ASH_COATED_OSMIUM;9900;13;9896;19;;;9906;17;9909;25;;;9903.0;0.0
av_COTTON_d4;50200;INTARIAN_PEPPER_ROOT;10118;15;10114;22;;;10126;14;10128;19;;;10122.0;0.0
av_COTTON_d4;50300;ASH_COATED_OSMIUM;9894;11;9892;16;;;9911;14;9915;21;;;9902.5;0.0
av_COTTON_d4;50300;INTARIAN_PEPPER_ROOT;10113;12;10110;18;;;10131;14;10133;8;;;10122.0;0.0
av_COTTON_d4;50400;ASH_COATED_OSMIUM;9899;12;9895;24;;;9907;10;9909;18;;;9903.0;0.0
av_COTTON_d4;50400;INTARIAN_PEPPER_ROOT;10118;12;10114;16;;;10126;10;10130;20;;;10122.0;0.0
av_COTTON_d4;50500;ASH_COATED_OSMIUM;9900;13;9897;18;;;9906;10;9909;24;;;9903.0;0.0
av_COTTON_d4;50500;INTARIAN_PEPPER_ROOT;10118;12;10116;16;;;10124;13;10128;13;;;10121.0;0.0
av_COTTON_d4;50600;ASH_COATED_OSMIUM;9900;18;9897;24;;;9906;16;9910;9;;;9903.0;0.0
av_COTTON_d4;50600;INTARIAN_PEPPER_ROOT;10117;6;10113;19;;;10126;5;10128;17;;;10121.5;0.0
av_COTTON_d4;50700;ASH_COATED_OSMIUM;9899;22;9897;17;;;9905;13;9908;21;;;9902.0;0.0
av_COTTON_d4;50700;INTARIAN_PEPPER_ROOT;10117;15;10114;23;;;10123;13;10126;16;;;10120.0;0.0
av_COTTON_d4;50800;ASH_COATED_OSMIUM;9899;13;9895;16;;;9908;15;9911;14;;;9903.5;0.0
av_COTTON_d4;50800;INTARIAN_PEPPER_ROOT;10117;15;10115;19;;;10123;10;10126;23;;;10120.0;0.0
av_COTTON_d4;50900;ASH_COATED_OSMIUM;9900;11;9897;24;;;9907;17;9911;17;;;9903.5;0.0
av_COTTON_d4;50900;INTARIAN_PEPPER_ROOT;10117;17;10114;26;;;10123;15;10126;12;;;10120.0;0.0
av_COTTON_d4;51000;ASH_COATED_OSMIUM;9900;20;9898;17;;;9906;30;9910;17;;;9903.0;0.0
av_COTTON_d4;51000;INTARIAN_PEPPER_ROOT;10116;16;10114;21;;;10122;14;10126;17;;;10119.0;0.0
av_COTTON_d4;51100;ASH_COATED_OSMIUM;9900;5;9896;27;;;9906;11;9910;10;;;9903.0;0.0
av_COTTON_d4;51100;INTARIAN_PEPPER_ROOT;10115;20;10111;25;;;10121;14;10123;22;;;10118.0;0.0
av_COTTON_d4;51200;ASH_COATED_OSMIUM;9900;13;9896;14;;;9906;13;9909;22;;;9903.0;0.0
av_COTTON_d4;51200;INTARIAN_PEPPER_ROOT;10112;12;10108;11;;;10125;20;10129;23;;;10118.5;0.0
av_COTTON_d4;51300;ASH_COATED_OSMIUM;9898;18;9896;18;;;9907;21;9909;16;;;9902.5;0.0
av_COTTON_d4;51300;INTARIAN_PEPPER_ROOT;10100;12;10097;17;;;10135;13;10138;21;;;10117.5;0.0
av_COTTON_d4;51400;ASH_COATED_OSMIUM;9899;24;9895;17;;;9907;10;9910;11;;;9903.0;0.0
av_COTTON_d4;51400;INTARIAN_PEPPER_ROOT;10113;14;10109;20;;;10119;19;10122;25;;;10116.0;0.0
av_COTTON_d4;51500;ASH_COATED_OSMIUM;9900;15;9896;21;;;9906;22;9908;28;;;9903.0;0.0
av_COTTON_d4;51500;INTARIAN_PEPPER_ROOT;10113;22;10110;21;;;10119;17;10122;18;;;10116.0;0.0
av_COTTON_d4;51600;ASH_COATED_OSMIUM;9900;18;9897;30;;;9906;18;9910;27;;;9903.0;0.0
av_COTTON_d4;51600;INTARIAN_PEPPER_ROOT;10112;16;10110;22;;;10118;18;10122;22;;;10115.0;0.0
av_COTTON_d4;51700;ASH_COATED_OSMIUM;9878;16;9876;16;;;9929;13;9931;21;;;9903.5;0.0
av_COTTON_d4;51700;INTARIAN_PEPPER_ROOT;10111;15;10108;17;;;10117;13;10120;27;;;10114.0;0.0
av_COTTON_d4;51800;ASH_COATED_OSMIUM;9887;16;9884;29;;;9920;14;9922;18;;;9903.5;0.0
av_COTTON_d4;51800;INTARIAN_PEPPER_ROOT;10110;14;10106;19;;;10116;19;10119;22;;;10113.0;0.0
av_COTTON_d4;51900;ASH_COATED_OSMIUM;9900;20;9896;13;;;9906;12;9910;20;;;9903.0;0.0
av_COTTON_d4;51900;INTARIAN_PEPPER_ROOT;10107;15;10103;28;;;10118;9;10120;22;;;10112.5;0.0
av_COTTON_d4;52000;ASH_COATED_OSMIUM;9900;30;9897;18;;;9906;12;9909;20;;;9903.0;0.0
av_COTTON_d4;52000;INTARIAN_PEPPER_ROOT;10108;11;10105;15;;;10114;16;10116;30;;;10111.0;0.0
av_COTTON_d4;52100;ASH_COATED_OSMIUM;9900;17;9897;14;;;9906;14;9909;22;;;9903.0;0.0
av_COTTON_d4;52100;INTARIAN_PEPPER_ROOT;10108;9;10106;20;;;10114;8;10117;16;;;10111.0;0.0
av_COTTON_d4;52200;ASH_COATED_OSMIUM;9900;21;9896;22;;;9906;21;9909;18;;;9903.0;0.0
av_COTTON_d4;52200;INTARIAN_PEPPER_ROOT;10107;12;10104;20;;;10113;9;10117;25;;;10110.0;0.0
av_COTTON_d4;52300;ASH_COATED_OSMIUM;9900;5;9897;21;;;9906;17;9908;29;;;9903.0;0.0
av_COTTON_d4;52300;INTARIAN_PEPPER_ROOT;10101;23;10098;14;;;10119;17;10122;17;;;10110.0;0.0
av_COTTON_d4;52400;ASH_COATED_OSMIUM;9900;13;9897;31;;;9906;19;9910;24;;;9903.0;0.0
av_COTTON_d4;52400;INTARIAN_PEPPER_ROOT;10106;17;10104;11;;;10112;13;10115;18;;;10109.0;0.0
av_COTTON_d4;52500;ASH_COATED_OSMIUM;9900;19;9896;21;;;9906;16;9908;21;;;9903.0;0.0
av_COTTON_d4;52500;INTARIAN_PEPPER_ROOT;10104;11;10100;22;;;10111;17;10113;21;;;10107.5;0.0
av_COTTON_d4;52600;ASH_COATED_OSMIUM;9900;17;9897;23;;;9906;27;9910;11;;;9903.0;0.0
av_COTTON_d4;52600;INTARIAN_PEPPER_ROOT;10104;14;10102;18;;;10111;11;10115;18;;;10107.5;0.0
av_COTTON_d4;52700;ASH_COATED_OSMIUM;9900;21;9898;30;;;9906;12;9909;18;;;9903.0;0.0
av_COTTON_d4;52700;INTARIAN_PEPPER_ROOT;10090;19;10088;10;;;10123;8;10126;14;;;10106.5;0.0
av_COTTON_d4;52800;ASH_COATED_OSMIUM;9900;18;9896;16;;;9906;10;9908;16;;;9903.0;0.0
av_COTTON_d4;52800;INTARIAN_PEPPER_ROOT;10099;18;10097;13;;;10114;11;10116;18;;;10106.5;0.0
av_COTTON_d4;52900;ASH_COATED_OSMIUM;9893;13;9891;15;;;9913;21;9915;25;;;9903.0;0.0
av_COTTON_d4;52900;INTARIAN_PEPPER_ROOT;10099;22;10095;27;;;10112;17;10114;25;;;10105.5;0.0
av_COTTON_d4;53000;ASH_COATED_OSMIUM;9900;17;9897;23;;;9906;17;9909;18;;;9903.0;0.0
av_COTTON_d4;53000;INTARIAN_PEPPER_ROOT;10102;17;10100;17;;;10108;26;10110;23;;;10105.0;0.0
av_COTTON_d4;53100;ASH_COATED_OSMIUM;9900;12;9897;15;;;9906;18;9909;22;;;9903.0;0.0
av_COTTON_d4;53100;INTARIAN_PEPPER_ROOT;10101;18;10098;25;;;10107;16;10111;23;;;10104.0;0.0
av_COTTON_d4;53200;ASH_COATED_OSMIUM;9900;13;9896;14;;;9906;9;9910;24;;;9903.0;0.0
av_COTTON_d4;53200;INTARIAN_PEPPER_ROOT;10097;14;10094;22;;;10110;10;10114;10;;;10103.5;0.0
av_COTTON_d4;53300;ASH_COATED_OSMIUM;9900;9;9896;23;;;9906;12;9908;16;;;9903.0;0.0
av_COTTON_d4;53300;INTARIAN_PEPPER_ROOT;10098;18;10094;26;;;10107;11;10109;17;;;10102.5;0.0
av_COTTON_d4;53400;ASH_COATED_OSMIUM;9898;8;9896;20;;;9908;18;9910;26;;;9903.0;0.0
av_COTTON_d4;53400;INTARIAN_PEPPER_ROOT;10099;15;10096;17;;;10105;20;10107;24;;;10102.0;0.0
av_COTTON_d4;53500;ASH_COATED_OSMIUM;9900;11;9897;16;;;9906;5;9910;22;;;9903.0;0.0
av_COTTON_d4;53500;INTARIAN_PEPPER_ROOT;10098;17;10095;15;;;10104;14;10108;23;;;10101.0;0.0
av_COTTON_d4;53600;ASH_COATED_OSMIUM;9899;12;9895;18;;;9907;14;9910;22;;;9903.0;0.0
av_COTTON_d4;53600;INTARIAN_PEPPER_ROOT;10098;19;10095;18;;;10104;13;10108;17;;;10101.0;0.0
av_COTTON_d4;53700;ASH_COATED_OSMIUM;9900;23;9898;17;;;9906;13;9908;23;;;9903.0;0.0
av_COTTON_d4;53700;INTARIAN_PEPPER_ROOT;10096;17;10094;16;;;10102;21;10104;18;;;10099.0;0.0
av_COTTON_d4;53800;ASH_COATED_OSMIUM;9900;10;9896;19;;;9906;12;9909;15;;;9903.0;0.0
av_COTTON_d4;53800;INTARIAN_PEPPER_ROOT;10096;8;10094;26;;;10102;13;10106;21;;;10099.0;0.0
av_COTTON_d4;53900;ASH_COATED_OSMIUM;9900;14;9897;18;;;9906;15;9909;16;;;9903.0;0.0
av_COTTON_d4;53900;INTARIAN_PEPPER_ROOT;10094;15;10090;8;;;10102;18;10105;24;;;10098.0;0.0
av_COTTON_d4;54000;ASH_COATED_OSMIUM;9900;8;9897;12;;;9906;26;9909;31;;;9903.0;0.0
av_COTTON_d4;54000;INTARIAN_PEPPER_ROOT;10095;10;10093;15;;;10101;12;10105;10;;;10098.0;0.0
av_COTTON_d4;54100;ASH_COATED_OSMIUM;9900;15;9898;13;;;9906;14;9908;15;;;9903.0;0.0
av_COTTON_d4;54100;INTARIAN_PEPPER_ROOT;10093;13;10091;25;;;10099;15;10103;19;;;10096.0;0.0
av_COTTON_d4;54200;ASH_COATED_OSMIUM;9900;10;9896;19;;;9906;5;9909;21;;;9903.0;0.0
av_COTTON_d4;54200;INTARIAN_PEPPER_ROOT;10093;5;10091;20;;;10099;18;10101;26;;;10096.0;0.0
av_COTTON_d4;54300;ASH_COATED_OSMIUM;9896;15;9894;18;;;9911;6;9914;22;;;9903.5;0.0
av_COTTON_d4;54300;INTARIAN_PEPPER_ROOT;10092;13;10090;17;;;10098;13;10100;19;;;10095.0;0.0
av_COTTON_d4;54400;ASH_COATED_OSMIUM;9900;17;9898;11;;;9906;15;9910;24;;;9903.0;0.0
av_COTTON_d4;54400;INTARIAN_PEPPER_ROOT;10092;12;10090;13;;;10098;19;10102;16;;;10095.0;0.0
av_COTTON_d4;54500;ASH_COATED_OSMIUM;9893;11;9890;8;;;9912;15;9915;17;;;9902.5;0.0
av_COTTON_d4;54500;INTARIAN_PEPPER_ROOT;10091;17;10088;24;;;10097;10;10101;16;;;10094.0;0.0
av_COTTON_d4;54600;ASH_COATED_OSMIUM;9900;12;9898;17;;;9906;22;9910;17;;;9903.0;0.0
av_COTTON_d4;54600;INTARIAN_PEPPER_ROOT;10090;19;10088;22;;;10096;14;10098;22;;;10093.0;0.0
av_COTTON_d4;54700;ASH_COATED_OSMIUM;9900;15;9896;15;;;9906;19;9909;16;;;9903.0;0.0
av_COTTON_d4;54700;INTARIAN_PEPPER_ROOT;10089;14;10087;19;;;10095;12;10098;17;;;10092.0;0.0
av_COTTON_d4;54800;ASH_COATED_OSMIUM;9896;16;9894;21;;;9910;9;9913;17;;;9903.0;0.0
av_COTTON_d4;54800;INTARIAN_PEPPER_ROOT;10088;17;10086;17;;;10095;12;10098;19;;;10091.5;0.0
av_COTTON_d4;54900;ASH_COATED_OSMIUM;9900;11;9896;12;;;9906;15;9910;14;;;9903.0;0.0
av_COTTON_d4;54900;INTARIAN_PEPPER_ROOT;10088;15;10085;20;;;10094;25;10097;19;;;10091.0;0.0
av_COTTON_d4;55000;ASH_COATED_OSMIUM;9900;18;9897;22;;;9906;16;9909;22;;;9903.0;0.0
av_COTTON_d4;55000;INTARIAN_PEPPER_ROOT;10087;21;10083;11;;;10094;19;10096;18;;;10090.5;0.0
av_COTTON_d4;55100;ASH_COATED_OSMIUM;9890;20;9886;20;;;9916;10;9919;23;;;9903.0;0.0
av_COTTON_d4;55100;INTARIAN_PEPPER_ROOT;10084;6;10082;20;;;10096;17;10099;12;;;10090.0;0.0
av_COTTON_d4;55200;ASH_COATED_OSMIUM;9900;13;9896;19;;;9906;17;9910;25;;;9903.0;0.0
av_COTTON_d4;55200;INTARIAN_PEPPER_ROOT;10074;14;10071;17;;;10104;14;10106;18;;;10089.0;0.0
av_COTTON_d4;55300;ASH_COATED_OSMIUM;9900;16;9898;17;;;9906;17;9908;23;;;9903.0;0.0
av_COTTON_d4;55300;INTARIAN_PEPPER_ROOT;10085;21;10082;15;;;10091;10;10093;27;;;10088.0;0.0
av_COTTON_d4;55400;ASH_COATED_OSMIUM;9900;10;9896;25;;;9906;6;9909;20;;;9903.0;0.0
av_COTTON_d4;55400;INTARIAN_PEPPER_ROOT;10084;28;10081;23;;;10090;8;10093;9;;;10087.0;0.0
av_COTTON_d4;55500;ASH_COATED_OSMIUM;9898;17;9896;25;;;9907;13;9910;16;;;9902.5;0.0
av_COTTON_d4;55500;INTARIAN_PEPPER_ROOT;10084;12;10080;13;;;10090;9;10093;24;;;10087.0;0.0
av_COTTON_d4;55600;ASH_COATED_OSMIUM;9897;20;9895;20;;;9907;14;9910;18;;;9902.0;0.0
av_COTTON_d4;55600;INTARIAN_PEPPER_ROOT;10083;20;10080;19;;;10089;16;10091;19;;;10086.0;0.0
av_COTTON_d4;55700;ASH_COATED_OSMIUM;9893;14;9889;22;;;9912;14;9914;13;;;9902.5;0.0
av_COTTON_d4;55700;INTARIAN_PEPPER_ROOT;10082;28;10079;14;;;10090;9;10092;27;;;10086.0;0.0
av_COTTON_d4;55800;ASH_COATED_OSMIUM;9899;14;9896;18;;;9906;10;9910;17;;;9902.5;0.0
av_COTTON_d4;55800;INTARIAN_PEPPER_ROOT;10082;14;10079;18;;;10088;22;10092;19;;;10085.0;0.0
av_COTTON_d4;55900;ASH_COATED_OSMIUM;9900;19;9897;24;;;9906;12;9910;12;;;9903.0;0.0
av_COTTON_d4;55900;INTARIAN_PEPPER_ROOT;10080;13;10078;27;;;10089;11;10092;20;;;10084.5;0.0
av_COTTON_d4;56000;ASH_COATED_OSMIUM;9900;16;9896;16;;;9906;18;9910;15;;;9903.0;0.0
av_COTTON_d4;56000;INTARIAN_PEPPER_ROOT;10080;10;10076;12;;;10087;11;10090;21;;;10083.5;0.0
av_COTTON_d4;56100;ASH_COATED_OSMIUM;9889;18;9886;22;;;9917;17;9919;15;;;9903.0;0.0
av_COTTON_d4;56100;INTARIAN_PEPPER_ROOT;10080;15;10076;17;;;10086;26;10088;14;;;10083.0;0.0
av_COTTON_d4;56200;ASH_COATED_OSMIUM;9894;11;9892;27;;;9911;13;9914;21;;;9902.5;0.0
av_COTTON_d4;56200;INTARIAN_PEPPER_ROOT;10079;8;10075;20;;;10085;25;10089;21;;;10082.0;0.0
av_COTTON_d4;56300;ASH_COATED_OSMIUM;9898;13;9895;11;;;9907;6;9911;21;;;9902.5;0.0
av_COTTON_d4;56300;INTARIAN_PEPPER_ROOT;10074;16;10072;8;;;10088;5;10092;15;;;10081.0;0.0
av_COTTON_d4;56400;ASH_COATED_OSMIUM;9900;8;9896;19;;;9906;19;9908;23;;;9903.0;0.0
av_COTTON_d4;56400;INTARIAN_PEPPER_ROOT;10077;13;10073;24;;;10083;13;10086;23;;;10080.0;0.0
av_COTTON_d4;56500;ASH_COATED_OSMIUM;9897;10;9895;14;;;9910;24;9914;19;;;9903.5;0.0
av_COTTON_d4;56500;INTARIAN_PEPPER_ROOT;10076;16;10073;21;;;10082;7;10085;13;;;10079.0;0.0
av_COTTON_d4;56600;ASH_COATED_OSMIUM;9900;12;9898;20;;;9906;13;9908;23;;;9903.0;0.0
av_COTTON_d4;56600;INTARIAN_PEPPER_ROOT;10076;17;10072;20;;;10082;19;10084;22;;;10079.0;0.0
av_COTTON_d4;56700;ASH_COATED_OSMIUM;9900;13;9897;24;;;9907;10;9909;30;;;9903.5;0.0
av_COTTON_d4;56700;INTARIAN_PEPPER_ROOT;10076;6;10072;26;;;10082;13;10084;28;;;10079.0;0.0
av_COTTON_d4;56800;ASH_COATED_OSMIUM;9900;14;9898;17;;;9906;14;9908;31;;;9903.0;0.0
av_COTTON_d4;56800;INTARIAN_PEPPER_ROOT;10065;16;10063;24;;;10091;17;10095;11;;;10078.0;0.0
av_COTTON_d4;56900;ASH_COATED_OSMIUM;9900;16;9898;24;;;9906;7;9908;25;;;9903.0;0.0
av_COTTON_d4;56900;INTARIAN_PEPPER_ROOT;10074;13;10072;24;;;10080;13;10083;33;;;10077.0;0.0
av_COTTON_d4;57000;ASH_COATED_OSMIUM;9900;14;9897;22;;;9906;15;9909;26;;;9903.0;0.0
