day;timestamp;product;bid_price_1;bid_volume_1;bid_price_2;bid_volume_2;bid_price_3;bid_volume_3;ask_price_1;ask_volume_1;ask_price_2;ask_volume_2;ask_price_3;ask_volume_3;mid_price;profit_and_loss
yf_MKC_d0;0;ASH_COATED_OSMIUM;9945;8;9942;18;;;9961;8;9963;20;;;9953.0;0.0
yf_MKC_d0;0;INTARIAN_PEPPER_ROOT;11434;25;11431;19;;;11440;13;11442;25;;;11437.0;0.0
yf_MKC_d0;100;ASH_COATED_OSMIUM;9950;16;9946;27;;;9956;21;9959;15;;;9953.0;0.0
yf_MKC_d0;100;INTARIAN_PEPPER_ROOT;11435;13;11433;23;;;11441;15;11444;26;;;11438.0;0.0
yf_MKC_d0;200;ASH_COATED_OSMIUM;9951;12;9949;26;;;9957;9;9959;21;;;9954.0;0.0
yf_MKC_d0;200;INTARIAN_PEPPER_ROOT;11435;23;11431;20;;;11443;17;11445;18;;;11439.0;0.0
yf_MKC_d0;300;ASH_COATED_OSMIUM;9950;12;9947;25;;;9956;24;9960;10;;;9953.0;0.0
yf_MKC_d0;300;INTARIAN_PEPPER_ROOT;11436;14;11434;21;;;11442;18;11444;17;;;11439.0;0.0
yf_MKC_d0;400;ASH_COATED_OSMIUM;9951;18;9947;15;;;9957;13;9961;17;;;9954.0;0.0
yf_MKC_d0;400;INTARIAN_PEPPER_ROOT;11437;10;11434;31;;;11443;15;11447;18;;;11440.0;0.0
yf_MKC_d0;500;ASH_COATED_OSMIUM;9948;13;9945;19;;;9959;15;9962;16;;;9953.5;0.0
yf_MKC_d0;500;INTARIAN_PEPPER_ROOT;11438;14;11436;15;;;11445;9;11449;24;;;11441.5;0.0
yf_MKC_d0;600;ASH_COATED_OSMIUM;9950;20;9947;19;;;9956;5;9960;10;;;9953.0;0.0
yf_MKC_d0;600;INTARIAN_PEPPER_ROOT;11435;25;11432;25;;;11451;23;11454;17;;;11443.0;0.0
yf_MKC_d0;700;ASH_COATED_OSMIUM;9944;22;9940;16;;;9962;5;9965;13;;;9953.0;0.0
yf_MKC_d0;700;INTARIAN_PEPPER_ROOT;11436;23;11433;20;;;11450;17;11453;16;;;11443.0;0.0
yf_MKC_d0;800;ASH_COATED_OSMIUM;9946;19;9942;12;;;9959;17;9963;19;;;9952.5;0.0
yf_MKC_d0;800;INTARIAN_PEPPER_ROOT;11441;24;11437;15;;;11447;18;11451;23;;;11444.0;0.0
yf_MKC_d0;900;ASH_COATED_OSMIUM;9946;13;9942;21;;;9959;9;9963;23;;;9952.5;0.0
yf_MKC_d0;900;INTARIAN_PEPPER_ROOT;11440;16;11438;19;;;11452;14;11456;27;;;11446.0;0.0
yf_MKC_d0;1000;ASH_COATED_OSMIUM;9950;13;9947;29;;;9956;26;9960;11;;;9953.0;0.0
yf_MKC_d0;1000;INTARIAN_PEPPER_ROOT;11444;17;11441;13;;;11450;17;11452;17;;;11447.0;0.0
yf_MKC_d0;1100;ASH_COATED_OSMIUM;9937;11;9933;15;;;9970;12;9974;19;;;9953.5;0.0
yf_MKC_d0;1100;INTARIAN_PEPPER_ROOT;11444;9;11441;22;;;11450;14;11452;22;;;11447.0;0.0
yf_MKC_d0;1200;ASH_COATED_OSMIUM;9951;13;9949;20;;;9957;17;9961;25;;;9954.0;0.0
yf_MKC_d0;1200;INTARIAN_PEPPER_ROOT;11439;14;11435;23;;;11458;5;11460;8;;;11448.5;0.0
yf_MKC_d0;1300;ASH_COATED_OSMIUM;9945;10;9942;12;;;9960;11;9964;23;;;9952.5;0.0
yf_MKC_d0;1300;INTARIAN_PEPPER_ROOT;11441;13;11437;10;;;11456;8;11459;23;;;11448.5;0.0
yf_MKC_d0;1400;ASH_COATED_OSMIUM;9951;12;9947;26;;;9957;14;9960;14;;;9954.0;0.0
yf_MKC_d0;1400;INTARIAN_PEPPER_ROOT;11442;14;11439;19;;;11459;14;11461;13;;;11450.5;0.0
yf_MKC_d0;1500;ASH_COATED_OSMIUM;9950;26;9948;18;;;9958;11;9962;24;;;9954.0;0.0
yf_MKC_d0;1500;INTARIAN_PEPPER_ROOT;11448;10;11444;22;;;11454;6;11456;25;;;11451.0;0.0
yf_MKC_d0;1600;ASH_COATED_OSMIUM;9951;8;9947;27;;;9957;6;9959;15;;;9954.0;0.0
yf_MKC_d0;1600;INTARIAN_PEPPER_ROOT;11450;14;11447;15;;;11456;16;11460;22;;;11453.0;0.0
yf_MKC_d0;1700;ASH_COATED_OSMIUM;9951;16;9948;11;;;9957;13;9959;12;;;9954.0;0.0
yf_MKC_d0;1700;INTARIAN_PEPPER_ROOT;11442;12;11440;25;;;11463;19;11467;20;;;11452.5;0.0
yf_MKC_d0;1800;ASH_COATED_OSMIUM;9951;7;9948;17;;;9958;16;9961;14;;;9954.5;0.0
yf_MKC_d0;1800;INTARIAN_PEPPER_ROOT;11451;16;11449;18;;;11457;11;11459;21;;;11454.0;0.0
yf_MKC_d0;1900;ASH_COATED_OSMIUM;9951;18;9949;23;;;9957;7;9960;34;;;9954.0;0.0
yf_MKC_d0;1900;INTARIAN_PEPPER_ROOT;11452;19;11449;12;;;11458;16;11461;17;;;11455.0;0.0
yf_MKC_d0;2000;ASH_COATED_OSMIUM;9951;17;9949;32;;;9957;16;9960;27;;;9954.0;0.0
yf_MKC_d0;2000;INTARIAN_PEPPER_ROOT;11453;15;11451;22;;;11459;12;11461;12;;;11456.0;0.0
yf_MKC_d0;2100;ASH_COATED_OSMIUM;9948;19;9946;22;;;9958;14;9961;20;;;9953.0;0.0
yf_MKC_d0;2100;INTARIAN_PEPPER_ROOT;11451;7;11448;21;;;11462;24;11466;9;;;11456.5;0.0
yf_MKC_d0;2200;ASH_COATED_OSMIUM;9938;19;9936;22;;;9970;24;9972;22;;;9954.0;0.0
yf_MKC_d0;2200;INTARIAN_PEPPER_ROOT;11454;18;11450;20;;;11461;23;11464;24;;;11457.5;0.0
yf_MKC_d0;2300;ASH_COATED_OSMIUM;9947;7;9945;18;;;9961;9;9964;17;;;9954.0;0.0
yf_MKC_d0;2300;INTARIAN_PEPPER_ROOT;11456;26;11452;21;;;11462;16;11466;20;;;11459.0;0.0
yf_MKC_d0;2400;ASH_COATED_OSMIUM;9950;12;9948;19;;;9959;8;9963;21;;;9954.5;0.0
yf_MKC_d0;2400;INTARIAN_PEPPER_ROOT;11457;17;11455;18;;;11463;10;11467;19;;;11460.0;0.0
yf_MKC_d0;2500;ASH_COATED_OSMIUM;9949;19;9945;31;;;9958;15;9962;21;;;9953.5;0.0
yf_MKC_d0;2500;INTARIAN_PEPPER_ROOT;11458;26;11454;13;;;11464;23;11468;16;;;11461.0;0.0
yf_MKC_d0;2600;ASH_COATED_OSMIUM;9947;5;9944;16;;;9961;11;9965;18;;;9954.0;0.0
yf_MKC_d0;2600;INTARIAN_PEPPER_ROOT;11455;14;11453;18;;;11469;22;11471;29;;;11462.0;0.0
yf_MKC_d0;2700;ASH_COATED_OSMIUM;9952;10;9948;21;;;9958;15;9961;26;;;9955.0;0.0
yf_MKC_d0;2700;INTARIAN_PEPPER_ROOT;11459;15;11455;19;;;11466;12;11468;25;;;11462.5;0.0
yf_MKC_d0;2800;ASH_COATED_OSMIUM;9942;12;9939;13;;;9966;15;9968;20;;;9954.0;0.0
yf_MKC_d0;2800;INTARIAN_PEPPER_ROOT;11460;20;11456;19;;;11466;18;11468;23;;;11463.0;0.0
yf_MKC_d0;2900;ASH_COATED_OSMIUM;9952;9;9950;15;;;9958;17;9962;13;;;9955.0;0.0
yf_MKC_d0;2900;INTARIAN_PEPPER_ROOT;11462;21;11458;24;;;11468;12;11470;24;;;11465.0;0.0
yf_MKC_d0;3000;ASH_COATED_OSMIUM;9949;16;9946;10;;;9960;13;9962;17;;;9954.5;0.0
yf_MKC_d0;3000;INTARIAN_PEPPER_ROOT;11463;7;11459;18;;;11469;21;11471;14;;;11466.0;0.0
yf_MKC_d0;3100;ASH_COATED_OSMIUM;9951;14;9949;16;;;9957;17;9959;16;;;9954.0;0.0
yf_MKC_d0;3100;INTARIAN_PEPPER_ROOT;11464;7;11462;9;;;11470;15;11474;24;;;11467.0;0.0
yf_MKC_d0;3200;ASH_COATED_OSMIUM;9952;16;9948;21;;;9958;14;9962;14;;;9955.0;0.0
yf_MKC_d0;3200;INTARIAN_PEPPER_ROOT;11453;13;11450;15;;;11483;19;11485;8;;;11468.0;0.0
yf_MKC_d0;3300;ASH_COATED_OSMIUM;9946;11;9943;23;;;9962;20;9964;23;;;9954.0;0.0
yf_MKC_d0;3300;INTARIAN_PEPPER_ROOT;11458;23;11454;25;;;11479;20;11481;29;;;11468.5;0.0
yf_MKC_d0;3400;ASH_COATED_OSMIUM;9951;17;9949;17;;;9957;14;9959;32;;;9954.0;0.0
yf_MKC_d0;3400;INTARIAN_PEPPER_ROOT;11466;15;11463;12;;;11472;14;11476;16;;;11469.0;0.0
yf_MKC_d0;3500;ASH_COATED_OSMIUM;9952;14;9949;25;;;9958;9;9961;19;;;9955.0;0.0
yf_MKC_d0;3500;INTARIAN_PEPPER_ROOT;11467;18;11465;27;;;11473;20;11477;21;;;11470.0;0.0
yf_MKC_d0;3600;ASH_COATED_OSMIUM;9951;17;9947;22;;;9957;14;9960;21;;;9954.0;0.0
yf_MKC_d0;3600;INTARIAN_PEPPER_ROOT;11468;11;11465;24;;;11474;11;11476;24;;;11471.0;0.0
yf_MKC_d0;3700;ASH_COATED_OSMIUM;9950;16;9947;10;;;9960;18;9964;17;;;9955.0;0.0
yf_MKC_d0;3700;INTARIAN_PEPPER_ROOT;11470;16;11467;8;;;11476;21;11480;13;;;11473.0;0.0
yf_MKC_d0;3800;ASH_COATED_OSMIUM;9950;17;9948;17;;;9961;11;9964;17;;;9955.5;0.0
yf_MKC_d0;3800;INTARIAN_PEPPER_ROOT;11470;13;11467;20;;;11478;23;11482;16;;;11474.0;0.0
yf_MKC_d0;3900;ASH_COATED_OSMIUM;9947;22;9943;17;;;9963;19;9967;19;;;9955.0;0.0
yf_MKC_d0;3900;INTARIAN_PEPPER_ROOT;11472;16;11470;20;;;11478;10;11480;13;;;11475.0;0.0
yf_MKC_d0;4000;ASH_COATED_OSMIUM;9951;10;9949;17;;;9960;9;9963;21;;;9955.5;0.0
yf_MKC_d0;4000;INTARIAN_PEPPER_ROOT;11468;15;11464;16;;;11483;14;11486;23;;;11475.5;0.0
yf_MKC_d0;4100;ASH_COATED_OSMIUM;9948;20;9945;20;;;9961;7;9963;32;;;9954.5;0.0
yf_MKC_d0;4100;INTARIAN_PEPPER_ROOT;11472;22;11470;26;;;11481;9;11485;24;;;11476.5;0.0
yf_MKC_d0;4200;ASH_COATED_OSMIUM;9944;17;9942;12;;;9966;14;9970;11;;;9955.0;0.0
yf_MKC_d0;4200;INTARIAN_PEPPER_ROOT;11474;13;11471;16;;;11480;6;11482;28;;;11477.0;0.0
yf_MKC_d0;4300;ASH_COATED_OSMIUM;9944;19;9942;23;;;9966;13;9968;31;;;9955.0;0.0
yf_MKC_d0;4300;INTARIAN_PEPPER_ROOT;11475;16;11473;15;;;11481;13;11483;16;;;11478.0;0.0
yf_MKC_d0;4400;ASH_COATED_OSMIUM;9953;7;9950;26;;;9959;10;9961;19;;;9956.0;0.0
yf_MKC_d0;4400;INTARIAN_PEPPER_ROOT;11477;20;11473;13;;;11483;7;11486;20;;;11480.0;0.0
yf_MKC_d0;4500;ASH_COATED_OSMIUM;9952;5;9950;21;;;9958;13;9961;16;;;9955.0;0.0
yf_MKC_d0;4500;INTARIAN_PEPPER_ROOT;11476;18;11474;16;;;11484;15;11488;20;;;11480.0;0.0
yf_MKC_d0;4600;ASH_COATED_OSMIUM;9952;5;9949;19;;;9958;8;9961;19;;;9955.0;0.0
yf_MKC_d0;4600;INTARIAN_PEPPER_ROOT;11479;16;11475;16;;;11485;12;11487;23;;;11482.0;0.0
yf_MKC_d0;4700;ASH_COATED_OSMIUM;9951;9;9949;24;;;9960;19;9963;23;;;9955.5;0.0
yf_MKC_d0;4700;INTARIAN_PEPPER_ROOT;11480;19;11477;23;;;11486;8;11490;13;;;11483.0;0.0
yf_MKC_d0;4800;ASH_COATED_OSMIUM;9952;20;9948;17;;;9958;10;9962;16;;;9955.0;0.0
yf_MKC_d0;4800;INTARIAN_PEPPER_ROOT;11479;17;11476;23;;;11489;15;11491;22;;;11484.0;0.0
yf_MKC_d0;4900;ASH_COATED_OSMIUM;9952;10;9949;20;;;9958;14;9961;23;;;9955.0;0.0
yf_MKC_d0;4900;INTARIAN_PEPPER_ROOT;11479;13;11476;29;;;11489;20;11491;18;;;11484.0;0.0
yf_MKC_d0;5000;ASH_COATED_OSMIUM;9953;5;9949;21;;;9959;8;9961;12;;;9956.0;0.0
yf_MKC_d0;5000;INTARIAN_PEPPER_ROOT;11480;14;11476;24;;;11489;17;11491;17;;;11484.5;0.0
yf_MKC_d0;5100;ASH_COATED_OSMIUM;9952;10;9950;26;;;9958;13;9961;31;;;9955.0;0.0
yf_MKC_d0;5100;INTARIAN_PEPPER_ROOT;11484;18;11480;15;;;11490;5;11494;17;;;11487.0;0.0
yf_MKC_d0;5200;ASH_COATED_OSMIUM;9953;13;9951;27;;;9959;12;9963;24;;;9956.0;0.0
yf_MKC_d0;5200;INTARIAN_PEPPER_ROOT;11484;14;11480;24;;;11490;6;11492;19;;;11487.0;0.0
yf_MKC_d0;5300;ASH_COATED_OSMIUM;9953;19;9951;25;;;9959;24;9962;25;;;9956.0;0.0
yf_MKC_d0;5300;INTARIAN_PEPPER_ROOT;11485;15;11481;21;;;11491;18;11495;20;;;11488.0;0.0
yf_MKC_d0;5400;ASH_COATED_OSMIUM;9952;7;9948;23;;;9958;9;9962;23;;;9955.0;0.0
yf_MKC_d0;5400;INTARIAN_PEPPER_ROOT;11486;12;11484;14;;;11492;15;11495;20;;;11489.0;0.0
yf_MKC_d0;5500;ASH_COATED_OSMIUM;9952;12;9948;16;;;9958;13;9960;23;;;9955.0;0.0
yf_MKC_d0;5500;INTARIAN_PEPPER_ROOT;11478;15;11476;20;;;11502;14;11504;20;;;11490.0;0.0
yf_MKC_d0;5600;ASH_COATED_OSMIUM;9953;24;9949;20;;;9959;20;9962;22;;;9956.0;0.0
yf_MKC_d0;5600;INTARIAN_PEPPER_ROOT;11487;21;11483;23;;;11495;19;11498;21;;;11491.0;0.0
yf_MKC_d0;5700;ASH_COATED_OSMIUM;9952;11;9949;20;;;9960;21;9963;22;;;9956.0;0.0
yf_MKC_d0;5700;INTARIAN_PEPPER_ROOT;11489;14;11486;15;;;11495;14;11499;26;;;11492.0;0.0
yf_MKC_d0;5800;ASH_COATED_OSMIUM;9953;21;9951;11;;;9959;13;9962;25;;;9956.0;0.0
yf_MKC_d0;5800;INTARIAN_PEPPER_ROOT;11490;13;11487;18;;;11496;13;11498;29;;;11493.0;0.0
yf_MKC_d0;5900;ASH_COATED_OSMIUM;9953;6;9950;17;;;9959;18;9962;13;;;9956.0;0.0
yf_MKC_d0;5900;INTARIAN_PEPPER_ROOT;11484;16;11480;26;;;11504;15;11508;23;;;11494.0;0.0
yf_MKC_d0;6000;ASH_COATED_OSMIUM;9948;23;9944;24;;;9964;16;9967;17;;;9956.0;0.0
yf_MKC_d0;6000;INTARIAN_PEPPER_ROOT;11492;18;11489;22;;;11498;26;11500;29;;;11495.0;0.0
yf_MKC_d0;6100;ASH_COATED_OSMIUM;9952;11;9950;16;;;9960;14;9963;21;;;9956.0;0.0
yf_MKC_d0;6100;INTARIAN_PEPPER_ROOT;11492;10;11488;20;;;11500;17;11502;26;;;11496.0;0.0
yf_MKC_d0;6200;ASH_COATED_OSMIUM;9953;10;9949;17;;;9959;16;9963;18;;;9956.0;0.0
yf_MKC_d0;6200;INTARIAN_PEPPER_ROOT;11492;20;11488;20;;;11502;10;11505;23;;;11497.0;0.0
yf_MKC_d0;6300;ASH_COATED_OSMIUM;9952;12;9948;29;;;9961;20;9964;17;;;9956.5;0.0
yf_MKC_d0;6300;INTARIAN_PEPPER_ROOT;11495;20;11493;21;;;11501;19;11505;24;;;11498.0;0.0
yf_MKC_d0;6400;ASH_COATED_OSMIUM;9953;13;9949;26;;;9959;14;9963;21;;;9956.0;0.0
yf_MKC_d0;6400;INTARIAN_PEPPER_ROOT;11495;11;11491;17;;;11502;11;11504;15;;;11498.5;0.0
yf_MKC_d0;6500;ASH_COATED_OSMIUM;9951;21;9947;18;;;9961;25;9963;16;;;9956.0;0.0
yf_MKC_d0;6500;INTARIAN_PEPPER_ROOT;11493;15;11490;16;;;11506;15;11508;18;;;11499.5;0.0
yf_MKC_d0;6600;ASH_COATED_OSMIUM;9953;15;9950;22;;;9959;10;9962;17;;;9956.0;0.0
yf_MKC_d0;6600;INTARIAN_PEPPER_ROOT;11498;15;11496;16;;;11504;23;11508;10;;;11501.0;0.0
yf_MKC_d0;6700;ASH_COATED_OSMIUM;9953;12;9951;11;;;9959;11;9961;20;;;9956.0;0.0
yf_MKC_d0;6700;INTARIAN_PEPPER_ROOT;11498;14;11495;21;;;11504;6;11508;11;;;11501.0;0.0
yf_MKC_d0;6800;ASH_COATED_OSMIUM;9954;26;9951;27;;;9960;10;9963;15;;;9957.0;0.0
yf_MKC_d0;6800;INTARIAN_PEPPER_ROOT;11499;14;11496;16;;;11505;22;11508;24;;;11502.0;0.0
yf_MKC_d0;6900;ASH_COATED_OSMIUM;9953;17;9950;18;;;9959;18;9961;9;;;9956.0;0.0
yf_MKC_d0;6900;INTARIAN_PEPPER_ROOT;11496;16;11492;16;;;11511;14;11514;19;;;11503.5;0.0
yf_MKC_d0;7000;ASH_COATED_OSMIUM;9953;11;9951;12;;;9959;21;9963;25;;;9956.0;0.0
yf_MKC_d0;7000;INTARIAN_PEPPER_ROOT;11501;11;11497;23;;;11507;6;11509;27;;;11504.0;0.0
yf_MKC_d0;7100;ASH_COATED_OSMIUM;9953;16;9951;18;;;9959;17;9961;13;;;9956.0;0.0
yf_MKC_d0;7100;INTARIAN_PEPPER_ROOT;11502;15;11500;18;;;11508;23;11511;15;;;11505.0;0.0
yf_MKC_d0;7200;ASH_COATED_OSMIUM;9954;18;9952;13;;;9960;24;9962;18;;;9957.0;0.0
yf_MKC_d0;7200;INTARIAN_PEPPER_ROOT;11503;21;11499;17;;;11509;7;11511;21;;;11506.0;0.0
yf_MKC_d0;7300;ASH_COATED_OSMIUM;9951;20;9947;22;;;9963;21;9965;22;;;9957.0;0.0
yf_MKC_d0;7300;INTARIAN_PEPPER_ROOT;11504;5;11502;18;;;11510;12;11513;21;;;11507.0;0.0
yf_MKC_d0;7400;ASH_COATED_OSMIUM;9954;11;9952;15;;;9960;17;9963;22;;;9957.0;0.0
yf_MKC_d0;7400;INTARIAN_PEPPER_ROOT;11505;22;11502;22;;;11511;11;11515;15;;;11508.0;0.0
yf_MKC_d0;7500;ASH_COATED_OSMIUM;9953;11;9951;21;;;9961;19;9964;20;;;9957.0;0.0
yf_MKC_d0;7500;INTARIAN_PEPPER_ROOT;11506;18;11502;15;;;11512;10;11515;22;;;11509.0;0.0
yf_MKC_d0;7600;ASH_COATED_OSMIUM;9954;13;9951;18;;;9960;9;9964;20;;;9957.0;0.0
yf_MKC_d0;7600;INTARIAN_PEPPER_ROOT;11503;15;11499;15;;;11517;12;11519;12;;;11510.0;0.0
yf_MKC_d0;7700;ASH_COATED_OSMIUM;9954;8;9952;21;;;9960;19;9963;22;;;9957.0;0.0
yf_MKC_d0;7700;INTARIAN_PEPPER_ROOT;11506;16;11503;21;;;11516;12;11518;23;;;11511.0;0.0
yf_MKC_d0;7800;ASH_COATED_OSMIUM;9954;13;9951;19;;;9960;14;9963;25;;;9957.0;0.0
yf_MKC_d0;7800;INTARIAN_PEPPER_ROOT;11509;22;11505;15;;;11515;19;11517;17;;;11512.0;0.0
yf_MKC_d0;7900;ASH_COATED_OSMIUM;9954;17;9951;24;;;9960;12;9964;16;;;9957.0;0.0
yf_MKC_d0;7900;INTARIAN_PEPPER_ROOT;11510;17;11507;23;;;11516;14;11519;12;;;11513.0;0.0
yf_MKC_d0;8000;ASH_COATED_OSMIUM;9950;13;9947;21;;;9963;10;9967;20;;;9956.5;0.0
yf_MKC_d0;8000;INTARIAN_PEPPER_ROOT;11511;9;11508;13;;;11517;22;11519;29;;;11514.0;0.0
yf_MKC_d0;8100;ASH_COATED_OSMIUM;9953;19;9949;12;;;9959;17;9961;14;;;9956.0;0.0
yf_MKC_d0;8100;INTARIAN_PEPPER_ROOT;11503;9;11499;8;;;11528;14;11530;21;;;11515.5;0.0
yf_MKC_d0;8200;ASH_COATED_OSMIUM;9954;16;9951;19;;;9960;13;9962;26;;;9957.0;0.0
yf_MKC_d0;8200;INTARIAN_PEPPER_ROOT;11513;15;11509;23;;;11519;16;11522;29;;;11516.0;0.0
yf_MKC_d0;8300;ASH_COATED_OSMIUM;9949;24;9945;27;;;9966;14;9969;15;;;9957.5;0.0
yf_MKC_d0;8300;INTARIAN_PEPPER_ROOT;11514;9;11512;27;;;11520;15;11524;19;;;11517.0;0.0
yf_MKC_d0;8400;ASH_COATED_OSMIUM;9954;23;9950;20;;;9960;12;9962;17;;;9957.0;0.0
yf_MKC_d0;8400;INTARIAN_PEPPER_ROOT;11515;16;11512;35;;;11521;16;11523;30;;;11518.0;0.0
yf_MKC_d0;8500;ASH_COATED_OSMIUM;9954;18;9950;17;;;9960;12;9964;16;;;9957.0;0.0
yf_MKC_d0;8500;INTARIAN_PEPPER_ROOT;11516;16;11514;12;;;11522;21;11525;12;;;11519.0;0.0
yf_MKC_d0;8600;ASH_COATED_OSMIUM;9954;13;9952;22;;;9960;14;9962;14;;;9957.0;0.0
yf_MKC_d0;8600;INTARIAN_PEPPER_ROOT;11517;18;11514;20;;;11523;14;11527;27;;;11520.0;0.0
yf_MKC_d0;8700;ASH_COATED_OSMIUM;9954;14;9952;22;;;9960;16;9962;25;;;9957.0;0.0
yf_MKC_d0;8700;INTARIAN_PEPPER_ROOT;11515;17;11513;16;;;11527;22;11529;20;;;11521.0;0.0
yf_MKC_d0;8800;ASH_COATED_OSMIUM;9954;19;9952;18;;;9960;10;9963;21;;;9957.0;0.0
yf_MKC_d0;8800;INTARIAN_PEPPER_ROOT;11519;16;11517;26;;;11525;8;11527;19;;;11522.0;0.0
yf_MKC_d0;8900;ASH_COATED_OSMIUM;9955;9;9951;23;;;9961;19;9963;11;;;9958.0;0.0
yf_MKC_d0;8900;INTARIAN_PEPPER_ROOT;11520;19;11517;15;;;11526;9;11528;19;;;11523.0;0.0
yf_MKC_d0;9000;ASH_COATED_OSMIUM;9946;13;9944;8;;;9968;19;9972;18;;;9957.0;0.0
yf_MKC_d0;9000;INTARIAN_PEPPER_ROOT;11519;19;11517;26;;;11528;8;11532;13;;;11523.5;0.0
yf_MKC_d0;9100;ASH_COATED_OSMIUM;9954;12;9950;23;;;9961;17;9964;22;;;9957.5;0.0
yf_MKC_d0;9100;INTARIAN_PEPPER_ROOT;11521;10;11517;18;;;11529;14;11533;13;;;11525.0;0.0
yf_MKC_d0;9200;ASH_COATED_OSMIUM;9951;19;9947;23;;;9964;8;9966;29;;;9957.5;0.0
yf_MKC_d0;9200;INTARIAN_PEPPER_ROOT;11514;16;11511;17;;;11538;13;11540;18;;;11526.0;0.0
yf_MKC_d0;9300;ASH_COATED_OSMIUM;9953;16;9949;19;;;9962;9;9964;9;;;9957.5;0.0
yf_MKC_d0;9300;INTARIAN_PEPPER_ROOT;11524;17;11521;21;;;11530;18;11534;27;;;11527.0;0.0
yf_MKC_d0;9400;ASH_COATED_OSMIUM;9954;23;9950;24;;;9962;13;9965;22;;;9958.0;0.0
yf_MKC_d0;9400;INTARIAN_PEPPER_ROOT;11525;15;11523;21;;;11531;21;11533;21;;;11528.0;0.0
yf_MKC_d0;9500;ASH_COATED_OSMIUM;9955;9;9953;25;;;9961;20;9964;16;;;9958.0;0.0
yf_MKC_d0;9500;INTARIAN_PEPPER_ROOT;11515;17;11513;20;;;11542;5;11545;23;;;11528.5;0.0
yf_MKC_d0;9600;ASH_COATED_OSMIUM;9953;11;9950;22;;;9962;19;9965;20;;;9957.5;0.0
yf_MKC_d0;9600;INTARIAN_PEPPER_ROOT;11527;18;11524;10;;;11533;19;11537;24;;;11530.0;0.0
yf_MKC_d0;9700;ASH_COATED_OSMIUM;9953;9;9950;21;;;9962;6;9964;18;;;9957.5;0.0
yf_MKC_d0;9700;INTARIAN_PEPPER_ROOT;11526;15;11522;22;;;11536;11;11540;15;;;11531.0;0.0
yf_MKC_d0;9800;ASH_COATED_OSMIUM;9952;18;9948;24;;;9963;16;9965;8;;;9957.5;0.0
yf_MKC_d0;9800;INTARIAN_PEPPER_ROOT;11528;15;11525;24;;;11535;19;11539;20;;;11531.5;0.0
yf_MKC_d0;9900;ASH_COATED_OSMIUM;9955;11;9951;21;;;9961;15;9964;15;;;9958.0;0.0
yf_MKC_d0;9900;INTARIAN_PEPPER_ROOT;11529;8;11525;21;;;11535;19;11539;23;;;11532.0;0.0
yf_MKC_d0;10000;ASH_COATED_OSMIUM;9954;11;9950;22;;;9960;12;9964;22;;;9957.0;0.0
yf_MKC_d0;10000;INTARIAN_PEPPER_ROOT;11530;6;11527;22;;;11536;15;11538;17;;;11533.0;0.0
yf_MKC_d0;10100;ASH_COATED_OSMIUM;9955;12;9953;25;;;9961;26;9965;16;;;9958.0;0.0
yf_MKC_d0;10100;INTARIAN_PEPPER_ROOT;11532;16;11530;20;;;11538;7;11541;18;;;11535.0;0.0
yf_MKC_d0;10200;ASH_COATED_OSMIUM;9952;17;9949;17;;;9964;10;9967;18;;;9958.0;0.0
yf_MKC_d0;10200;INTARIAN_PEPPER_ROOT;11525;17;11521;20;;;11546;18;11549;32;;;11535.5;0.0
yf_MKC_d0;10300;ASH_COATED_OSMIUM;9955;23;9953;18;;;9961;16;9963;20;;;9958.0;0.0
yf_MKC_d0;10300;INTARIAN_PEPPER_ROOT;11533;12;11529;25;;;11539;14;11543;15;;;11536.0;0.0
yf_MKC_d0;10400;ASH_COATED_OSMIUM;9955;12;9952;17;;;9961;5;9964;19;;;9958.0;0.0
yf_MKC_d0;10400;INTARIAN_PEPPER_ROOT;11531;16;11527;25;;;11542;18;11546;25;;;11536.5;0.0
yf_MKC_d0;10500;ASH_COATED_OSMIUM;9954;12;9951;16;;;9963;15;9966;17;;;9958.5;0.0
yf_MKC_d0;10500;INTARIAN_PEPPER_ROOT;11535;20;11532;24;;;11541;21;11545;22;;;11538.0;0.0
yf_MKC_d0;10600;ASH_COATED_OSMIUM;9955;5;9952;22;;;9961;16;9964;25;;;9958.0;0.0
yf_MKC_d0;10600;INTARIAN_PEPPER_ROOT;11531;11;11528;9;;;11547;16;11549;22;;;11539.0;0.0
yf_MKC_d0;10700;ASH_COATED_OSMIUM;9950;16;9948;20;;;9966;20;9970;25;;;9958.0;0.0
yf_MKC_d0;10700;INTARIAN_PEPPER_ROOT;11533;7;11529;17;;;11547;10;11550;10;;;11540.0;0.0
yf_MKC_d0;10800;ASH_COATED_OSMIUM;9952;11;9950;20;;;9963;6;9966;15;;;9957.5;0.0
yf_MKC_d0;10800;INTARIAN_PEPPER_ROOT;11538;11;11534;21;;;11544;9;11546;19;;;11541.0;0.0
yf_MKC_d0;10900;ASH_COATED_OSMIUM;9953;14;9949;20;;;9964;7;9966;23;;;9958.5;0.0
yf_MKC_d0;10900;INTARIAN_PEPPER_ROOT;11534;15;11531;17;;;11550;15;11554;16;;;11542.0;0.0
yf_MKC_d0;11000;ASH_COATED_OSMIUM;9956;10;9953;17;;;9962;12;9964;20;;;9959.0;0.0
yf_MKC_d0;11000;INTARIAN_PEPPER_ROOT;11540;15;11538;14;;;11546;23;11549;18;;;11543.0;0.0
yf_MKC_d0;11100;ASH_COATED_OSMIUM;9953;18;9951;14;;;9963;11;9965;18;;;9958.0;0.0
yf_MKC_d0;11100;INTARIAN_PEPPER_ROOT;11540;10;11538;16;;;11547;9;11551;11;;;11543.5;0.0
yf_MKC_d0;11200;ASH_COATED_OSMIUM;9955;14;9952;13;;;9961;22;9963;22;;;9958.0;0.0
yf_MKC_d0;11200;INTARIAN_PEPPER_ROOT;11542;18;11538;12;;;11548;17;11550;16;;;11545.0;0.0
yf_MKC_d0;11300;ASH_COATED_OSMIUM;9956;20;9953;12;;;9962;12;9965;12;;;9959.0;0.0
yf_MKC_d0;11300;INTARIAN_PEPPER_ROOT;11543;11;11540;22;;;11549;11;11553;13;;;11546.0;0.0
yf_MKC_d0;11400;ASH_COATED_OSMIUM;9956;13;9953;23;;;9962;12;9966;22;;;9959.0;0.0
yf_MKC_d0;11400;INTARIAN_PEPPER_ROOT;11544;14;11541;17;;;11550;19;11553;23;;;11547.0;0.0
yf_MKC_d0;11500;ASH_COATED_OSMIUM;9955;18;9952;16;;;9961;11;9964;16;;;9958.0;0.0
yf_MKC_d0;11500;INTARIAN_PEPPER_ROOT;11544;14;11541;13;;;11550;22;11553;23;;;11547.0;0.0
yf_MKC_d0;11600;ASH_COATED_OSMIUM;9956;16;9953;18;;;9962;10;9966;20;;;9959.0;0.0
yf_MKC_d0;11600;INTARIAN_PEPPER_ROOT;11546;20;11542;19;;;11552;21;11555;21;;;11549.0;0.0
yf_MKC_d0;11700;ASH_COATED_OSMIUM;9956;8;9952;9;;;9962;18;9965;27;;;9959.0;0.0
yf_MKC_d0;11700;INTARIAN_PEPPER_ROOT;11546;15;11544;24;;;11554;14;11558;24;;;11550.0;0.0
yf_MKC_d0;11800;ASH_COATED_OSMIUM;9956;20;9952;20;;;9962;14;9964;12;;;9959.0;0.0
yf_MKC_d0;11800;INTARIAN_PEPPER_ROOT;11547;5;11543;16;;;11553;15;11557;19;;;11550.0;0.0
yf_MKC_d0;11900;ASH_COATED_OSMIUM;9937;13;9933;9;;;9980;13;9984;21;;;9958.5;0.0
yf_MKC_d0;11900;INTARIAN_PEPPER_ROOT;11549;16;11547;18;;;11555;14;11557;21;;;11552.0;0.0
yf_MKC_d0;12000;ASH_COATED_OSMIUM;9956;12;9953;18;;;9962;19;9964;16;;;9959.0;0.0
yf_MKC_d0;12000;INTARIAN_PEPPER_ROOT;11534;11;11530;18;;;11570;15;11572;18;;;11552.0;0.0
yf_MKC_d0;12100;ASH_COATED_OSMIUM;9956;18;9953;14;;;9962;18;9966;15;;;9959.0;0.0
yf_MKC_d0;12100;INTARIAN_PEPPER_ROOT;11549;8;11545;19;;;11557;14;11560;20;;;11553.0;0.0
yf_MKC_d0;12200;ASH_COATED_OSMIUM;9953;17;9951;16;;;9963;9;9966;14;;;9958.0;0.0
yf_MKC_d0;12200;INTARIAN_PEPPER_ROOT;11552;11;11548;22;;;11558;17;11560;18;;;11555.0;0.0
yf_MKC_d0;12300;ASH_COATED_OSMIUM;9956;8;9954;12;;;9962;8;9965;17;;;9959.0;0.0
yf_MKC_d0;12300;INTARIAN_PEPPER_ROOT;11552;14;11549;17;;;11558;17;11561;23;;;11555.0;0.0
yf_MKC_d0;12400;ASH_COATED_OSMIUM;9956;19;9953;18;;;9962;18;9966;22;;;9959.0;0.0
yf_MKC_d0;12400;INTARIAN_PEPPER_ROOT;11554;11;11550;13;;;11560;11;11563;11;;;11557.0;0.0
yf_MKC_d0;12500;ASH_COATED_OSMIUM;9955;8;9953;16;;;9962;12;9966;24;;;9958.5;0.0
yf_MKC_d0;12500;INTARIAN_PEPPER_ROOT;11554;10;11550;11;;;11560;9;11564;20;;;11557.0;0.0
yf_MKC_d0;12600;ASH_COATED_OSMIUM;9950;14;9948;26;;;9967;7;9969;24;;;9958.5;0.0
yf_MKC_d0;12600;INTARIAN_PEPPER_ROOT;11552;16;11549;8;;;11565;14;11568;28;;;11558.5;0.0
yf_MKC_d0;12700;ASH_COATED_OSMIUM;9953;13;9950;11;;;9965;19;9969;17;;;9959.0;0.0
yf_MKC_d0;12700;INTARIAN_PEPPER_ROOT;11557;17;11555;14;;;11563;13;11565;17;;;11560.0;0.0
yf_MKC_d0;12800;ASH_COATED_OSMIUM;9956;23;9953;18;;;9962;18;9964;26;;;9959.0;0.0
yf_MKC_d0;12800;INTARIAN_PEPPER_ROOT;11557;9;11555;28;;;11563;12;11566;23;;;11560.0;0.0
yf_MKC_d0;12900;ASH_COATED_OSMIUM;9956;17;9952;22;;;9962;12;9966;20;;;9959.0;0.0
yf_MKC_d0;12900;INTARIAN_PEPPER_ROOT;11559;10;11555;22;;;11565;13;11569;20;;;11562.0;0.0
yf_MKC_d0;13000;ASH_COATED_OSMIUM;9957;21;9953;13;;;9963;13;9967;31;;;9960.0;0.0
yf_MKC_d0;13000;INTARIAN_PEPPER_ROOT;11558;21;11555;12;;;11566;11;11569;26;;;11562.0;0.0
yf_MKC_d0;13100;ASH_COATED_OSMIUM;9957;7;9953;28;;;9963;20;9967;20;;;9960.0;0.0
yf_MKC_d0;13100;INTARIAN_PEPPER_ROOT;11560;15;11558;13;;;11567;17;11570;17;;;11563.5;0.0
yf_MKC_d0;13200;ASH_COATED_OSMIUM;9946;20;9943;20;;;9973;17;9975;17;;;9959.5;0.0
yf_MKC_d0;13200;INTARIAN_PEPPER_ROOT;11561;13;11558;20;;;11567;14;11571;12;;;11564.0;0.0
yf_MKC_d0;13300;ASH_COATED_OSMIUM;9955;18;9953;15;;;9964;11;9967;26;;;9959.5;0.0
yf_MKC_d0;13300;INTARIAN_PEPPER_ROOT;11562;27;11560;15;;;11568;19;11571;21;;;11565.0;0.0
yf_MKC_d0;13400;ASH_COATED_OSMIUM;9956;21;9952;23;;;9963;10;9967;16;;;9959.5;0.0
yf_MKC_d0;13400;INTARIAN_PEPPER_ROOT;11563;17;11561;19;;;11569;22;11572;14;;;11566.0;0.0
yf_MKC_d0;13500;ASH_COATED_OSMIUM;9949;13;9945;21;;;9971;24;9975;12;;;9960.0;0.0
yf_MKC_d0;13500;INTARIAN_PEPPER_ROOT;11565;12;11563;23;;;11571;18;11574;24;;;11568.0;0.0
yf_MKC_d0;13600;ASH_COATED_OSMIUM;9957;19;9954;17;;;9963;13;9966;23;;;9960.0;0.0
yf_MKC_d0;13600;INTARIAN_PEPPER_ROOT;11564;7;11561;13;;;11572;16;11574;20;;;11568.0;0.0
yf_MKC_d0;13700;ASH_COATED_OSMIUM;9956;14;9954;24;;;9962;16;9964;23;;;9959.0;0.0
yf_MKC_d0;13700;INTARIAN_PEPPER_ROOT;11566;12;11562;21;;;11572;8;11576;18;;;11569.0;0.0
yf_MKC_d0;13800;ASH_COATED_OSMIUM;9957;10;9953;22;;;9963;9;9967;27;;;9960.0;0.0
yf_MKC_d0;13800;INTARIAN_PEPPER_ROOT;11567;21;11565;24;;;11574;21;11576;20;;;11570.5;0.0
yf_MKC_d0;13900;ASH_COATED_OSMIUM;9955;17;9953;22;;;9964;13;9967;17;;;9959.5;0.0
yf_MKC_d0;13900;INTARIAN_PEPPER_ROOT;11568;17;11565;20;;;11574;10;11577;24;;;11571.0;0.0
yf_MKC_d0;14000;ASH_COATED_OSMIUM;9957;8;9955;23;;;9963;15;9967;18;;;9960.0;0.0
yf_MKC_d0;14000;INTARIAN_PEPPER_ROOT;11569;20;11565;23;;;11575;19;11578;17;;;11572.0;0.0
yf_MKC_d0;14100;ASH_COATED_OSMIUM;9957;13;9954;23;;;9963;19;9966;31;;;9960.0;0.0
yf_MKC_d0;14100;INTARIAN_PEPPER_ROOT;11569;17;11565;22;;;11575;13;11578;20;;;11572.0;0.0
yf_MKC_d0;14200;ASH_COATED_OSMIUM;9954;18;9952;15;;;9965;17;9967;17;;;9959.5;0.0
yf_MKC_d0;14200;INTARIAN_PEPPER_ROOT;11567;17;11563;19;;;11581;13;11583;22;;;11574.0;0.0
yf_MKC_d0;14300;ASH_COATED_OSMIUM;9957;12;9955;21;;;9963;15;9965;18;;;9960.0;0.0
yf_MKC_d0;14300;INTARIAN_PEPPER_ROOT;11565;17;11562;13;;;11585;6;11589;12;;;11575.0;0.0
yf_MKC_d0;14400;ASH_COATED_OSMIUM;9957;10;9955;18;;;9963;16;9965;25;;;9960.0;0.0
yf_MKC_d0;14400;INTARIAN_PEPPER_ROOT;11570;15;11568;23;;;11581;17;11585;20;;;11575.5;0.0
yf_MKC_d0;14500;ASH_COATED_OSMIUM;9957;12;9954;20;;;9963;9;9965;27;;;9960.0;0.0
yf_MKC_d0;14500;INTARIAN_PEPPER_ROOT;11573;14;11570;10;;;11579;27;11582;8;;;11576.0;0.0
yf_MKC_d0;14600;ASH_COATED_OSMIUM;9957;14;9955;14;;;9963;11;9967;22;;;9960.0;0.0
yf_MKC_d0;14600;INTARIAN_PEPPER_ROOT;11574;8;11570;19;;;11582;11;11584;12;;;11578.0;0.0
yf_MKC_d0;14700;ASH_COATED_OSMIUM;9954;11;9951;22;;;9967;15;9970;23;;;9960.5;0.0
yf_MKC_d0;14700;INTARIAN_PEPPER_ROOT;11575;16;11573;22;;;11581;13;11583;22;;;11578.0;0.0
yf_MKC_d0;14800;ASH_COATED_OSMIUM;9958;8;9955;26;;;9964;13;9967;17;;;9961.0;0.0
yf_MKC_d0;14800;INTARIAN_PEPPER_ROOT;11574;16;11571;19;;;11585;7;11587;28;;;11579.5;0.0
yf_MKC_d0;14900;ASH_COATED_OSMIUM;9957;11;9953;19;;;9963;13;9966;27;;;9960.0;0.0
yf_MKC_d0;14900;INTARIAN_PEPPER_ROOT;11578;12;11574;28;;;11584;13;11586;11;;;11581.0;0.0
yf_MKC_d0;15000;ASH_COATED_OSMIUM;9958;21;9955;17;;;9964;12;9966;17;;;9961.0;0.0
yf_MKC_d0;15000;INTARIAN_PEPPER_ROOT;11572;10;11569;14;;;11592;15;11594;17;;;11582.0;0.0
yf_MKC_d0;15100;ASH_COATED_OSMIUM;9951;13;9948;35;;;9969;15;9971;20;;;9960.0;0.0
yf_MKC_d0;15100;INTARIAN_PEPPER_ROOT;11576;19;11573;13;;;11589;23;11591;23;;;11582.5;0.0
yf_MKC_d0;15200;ASH_COATED_OSMIUM;9950;15;9948;18;;;9971;21;9974;21;;;9960.5;0.0
yf_MKC_d0;15200;INTARIAN_PEPPER_ROOT;11572;16;11569;20;;;11595;6;11599;32;;;11583.5;0.0
yf_MKC_d0;15300;ASH_COATED_OSMIUM;9957;16;9955;17;;;9963;13;9967;23;;;9960.0;0.0
yf_MKC_d0;15300;INTARIAN_PEPPER_ROOT;11582;15;11579;21;;;11588;18;11590;29;;;11585.0;0.0
yf_MKC_d0;15400;ASH_COATED_OSMIUM;9952;16;9950;21;;;9969;10;9971;20;;;9960.5;0.0
yf_MKC_d0;15400;INTARIAN_PEPPER_ROOT;11582;14;11579;18;;;11589;17;11592;24;;;11585.5;0.0
yf_MKC_d0;15500;ASH_COATED_OSMIUM;9958;19;9955;11;;;9964;12;9968;19;;;9961.0;0.0
yf_MKC_d0;15500;INTARIAN_PEPPER_ROOT;11583;15;11580;20;;;11589;13;11591;27;;;11586.0;0.0
yf_MKC_d0;15600;ASH_COATED_OSMIUM;9957;23;9955;20;;;9963;7;9967;20;;;9960.0;0.0
yf_MKC_d0;15600;INTARIAN_PEPPER_ROOT;11584;18;11580;18;;;11590;20;11592;23;;;11587.0;0.0
yf_MKC_d0;15700;ASH_COATED_OSMIUM;9953;16;9949;14;;;9969;14;9972;16;;;9961.0;0.0
yf_MKC_d0;15700;INTARIAN_PEPPER_ROOT;11585;21;11583;16;;;11591;20;11593;30;;;11588.0;0.0
yf_MKC_d0;15800;ASH_COATED_OSMIUM;9958;9;9955;20;;;9964;6;9968;19;;;9961.0;0.0
yf_MKC_d0;15800;INTARIAN_PEPPER_ROOT;11586;8;11582;28;;;11594;16;11597;15;;;11590.0;0.0
yf_MKC_d0;15900;ASH_COATED_OSMIUM;9956;20;9952;26;;;9966;8;9969;14;;;9961.0;0.0
yf_MKC_d0;15900;INTARIAN_PEPPER_ROOT;11587;10;11585;19;;;11593;18;11595;17;;;11590.0;0.0
yf_MKC_d0;16000;ASH_COATED_OSMIUM;9958;13;9954;30;;;9964;5;9966;14;;;9961.0;0.0
yf_MKC_d0;16000;INTARIAN_PEPPER_ROOT;11588;19;11584;26;;;11594;17;11598;16;;;11591.0;0.0
yf_MKC_d0;16100;ASH_COATED_OSMIUM;9954;16;9952;26;;;9967;12;9970;20;;;9960.5;0.0
yf_MKC_d0;16100;INTARIAN_PEPPER_ROOT;11589;13;11587;10;;;11595;18;11597;14;;;11592.0;0.0
yf_MKC_d0;16200;ASH_COATED_OSMIUM;9958;21;9956;13;;;9964;8;9968;15;;;9961.0;0.0
yf_MKC_d0;16200;INTARIAN_PEPPER_ROOT;11591;24;11588;11;;;11597;9;11601;19;;;11594.0;0.0
yf_MKC_d0;16300;ASH_COATED_OSMIUM;9957;5;9953;31;;;9963;14;9965;32;;;9960.0;0.0
yf_MKC_d0;16300;INTARIAN_PEPPER_ROOT;11587;7;11585;20;;;11601;10;11603;18;;;11594.0;0.0
yf_MKC_d0;16400;ASH_COATED_OSMIUM;9959;17;9956;27;;;9965;7;9968;16;;;9962.0;0.0
yf_MKC_d0;16400;INTARIAN_PEPPER_ROOT;11589;10;11585;17;;;11600;9;11604;18;;;11594.5;0.0
yf_MKC_d0;16500;ASH_COATED_OSMIUM;9958;23;9954;24;;;9964;13;9968;8;;;9961.0;0.0
yf_MKC_d0;16500;INTARIAN_PEPPER_ROOT;11593;27;11591;21;;;11599;12;11603;29;;;11596.0;0.0
yf_MKC_d0;16600;ASH_COATED_OSMIUM;9956;9;9954;28;;;9965;20;9969;23;;;9960.5;0.0
yf_MKC_d0;16600;INTARIAN_PEPPER_ROOT;11594;14;11591;18;;;11600;13;11603;16;;;11597.0;0.0
yf_MKC_d0;16700;ASH_COATED_OSMIUM;9955;14;9953;25;;;9968;30;9971;29;;;9961.5;0.0
yf_MKC_d0;16700;INTARIAN_PEPPER_ROOT;11594;14;11591;27;;;11600;17;11603;23;;;11597.0;0.0
yf_MKC_d0;16800;ASH_COATED_OSMIUM;9952;11;9948;19;;;9971;21;9974;23;;;9961.5;0.0
yf_MKC_d0;16800;INTARIAN_PEPPER_ROOT;11593;14;11589;25;;;11604;10;11608;14;;;11598.5;0.0
yf_MKC_d0;16900;ASH_COATED_OSMIUM;9958;14;9954;26;;;9965;25;9969;30;;;9961.5;0.0
yf_MKC_d0;16900;INTARIAN_PEPPER_ROOT;11597;14;11593;20;;;11603;16;11607;15;;;11600.0;0.0
yf_MKC_d0;17000;ASH_COATED_OSMIUM;9959;12;9956;14;;;9965;5;9968;20;;;9962.0;0.0
yf_MKC_d0;17000;INTARIAN_PEPPER_ROOT;11592;13;11588;15;;;11611;17;11614;26;;;11601.5;0.0
yf_MKC_d0;17100;ASH_COATED_OSMIUM;9959;11;9956;23;;;9965;18;9967;19;;;9962.0;0.0
yf_MKC_d0;17100;INTARIAN_PEPPER_ROOT;11599;14;11597;19;;;11605;10;11607;26;;;11602.0;0.0
yf_MKC_d0;17200;ASH_COATED_OSMIUM;9959;11;9956;16;;;9965;11;9968;20;;;9962.0;0.0
yf_MKC_d0;17200;INTARIAN_PEPPER_ROOT;11600;11;11596;35;;;11606;18;11609;24;;;11603.0;0.0
yf_MKC_d0;17300;ASH_COATED_OSMIUM;9958;15;9956;13;;;9964;10;9966;15;;;9961.0;0.0
yf_MKC_d0;17300;INTARIAN_PEPPER_ROOT;11600;13;11598;27;;;11606;17;11610;16;;;11603.0;0.0
yf_MKC_d0;17400;ASH_COATED_OSMIUM;9955;15;9951;21;;;9969;15;9973;23;;;9962.0;0.0
yf_MKC_d0;17400;INTARIAN_PEPPER_ROOT;11601;12;11598;16;;;11607;14;11611;23;;;11604.0;0.0
yf_MKC_d0;17500;ASH_COATED_OSMIUM;9960;17;9957;19;;;9966;15;9969;22;;;9963.0;0.0
yf_MKC_d0;17500;INTARIAN_PEPPER_ROOT;11602;15;11599;17;;;11608;13;11611;18;;;11605.0;0.0
yf_MKC_d0;17600;ASH_COATED_OSMIUM;9959;17;9956;16;;;9965;13;9967;22;;;9962.0;0.0
yf_MKC_d0;17600;INTARIAN_PEPPER_ROOT;11603;21;11599;28;;;11610;12;11612;22;;;11606.5;0.0
yf_MKC_d0;17700;ASH_COATED_OSMIUM;9960;21;9957;17;;;9966;13;9969;20;;;9963.0;0.0
yf_MKC_d0;17700;INTARIAN_PEPPER_ROOT;11604;15;11601;22;;;11611;17;11615;25;;;11607.5;0.0
yf_MKC_d0;17800;ASH_COATED_OSMIUM;9958;17;9956;23;;;9967;17;9969;22;;;9962.5;0.0
yf_MKC_d0;17800;INTARIAN_PEPPER_ROOT;11605;14;11601;24;;;11611;16;11613;12;;;11608.0;0.0
yf_MKC_d0;17900;ASH_COATED_OSMIUM;9955;23;9953;30;;;9971;10;9975;23;;;9963.0;0.0
yf_MKC_d0;17900;INTARIAN_PEPPER_ROOT;11605;22;11601;9;;;11612;21;11614;19;;;11608.5;0.0
yf_MKC_d0;18000;ASH_COATED_OSMIUM;9953;10;9950;19;;;9972;23;9976;23;;;9962.5;0.0
yf_MKC_d0;18000;INTARIAN_PEPPER_ROOT;11606;20;11602;16;;;11613;12;11617;18;;;11609.5;0.0
yf_MKC_d0;18100;ASH_COATED_OSMIUM;9960;22;9957;14;;;9966;15;9969;22;;;9963.0;0.0
yf_MKC_d0;18100;INTARIAN_PEPPER_ROOT;11608;18;11606;15;;;11614;16;11618;16;;;11611.0;0.0
yf_MKC_d0;18200;ASH_COATED_OSMIUM;9961;19;9958;17;;;9967;7;9969;20;;;9964.0;0.0
yf_MKC_d0;18200;INTARIAN_PEPPER_ROOT;11608;16;11605;20;;;11614;7;11617;18;;;11611.0;0.0
yf_MKC_d0;18300;ASH_COATED_OSMIUM;9961;6;9959;24;;;9967;26;9969;21;;;9964.0;0.0
yf_MKC_d0;18300;INTARIAN_PEPPER_ROOT;11609;13;11607;21;;;11615;6;11618;14;;;11612.0;0.0
yf_MKC_d0;18400;ASH_COATED_OSMIUM;9960;16;9956;14;;;9966;19;9970;19;;;9963.0;0.0
yf_MKC_d0;18400;INTARIAN_PEPPER_ROOT;11608;24;11605;21;;;11618;17;11620;19;;;11613.0;0.0
yf_MKC_d0;18500;ASH_COATED_OSMIUM;9961;12;9959;16;;;9967;17;9969;21;;;9964.0;0.0
yf_MKC_d0;18500;INTARIAN_PEPPER_ROOT;11611;15;11607;23;;;11617;5;11620;19;;;11614.0;0.0
yf_MKC_d0;18600;ASH_COATED_OSMIUM;9959;14;9956;24;;;9969;14;9971;22;;;9964.0;0.0
yf_MKC_d0;18600;INTARIAN_PEPPER_ROOT;11609;16;11606;19;;;11622;13;11624;17;;;11615.5;0.0
yf_MKC_d0;18700;ASH_COATED_OSMIUM;9946;15;9943;15;;;9983;15;9985;15;;;9964.5;0.0
yf_MKC_d0;18700;INTARIAN_PEPPER_ROOT;11612;8;11609;26;;;11618;17;11622;20;;;11615.0;0.0
yf_MKC_d0;18800;ASH_COATED_OSMIUM;9961;21;9958;22;;;9967;22;9970;24;;;9964.0;0.0
yf_MKC_d0;18800;INTARIAN_PEPPER_ROOT;11612;14;11610;18;;;11621;11;11624;18;;;11616.5;0.0
yf_MKC_d0;18900;ASH_COATED_OSMIUM;9962;19;9958;15;;;9968;23;9971;19;;;9965.0;0.0
yf_MKC_d0;18900;INTARIAN_PEPPER_ROOT;11613;17;11610;20;;;11622;10;11626;27;;;11617.5;0.0
yf_MKC_d0;19000;ASH_COATED_OSMIUM;9962;8;9960;30;;;9968;20;9970;18;;;9965.0;0.0
yf_MKC_d0;19000;INTARIAN_PEPPER_ROOT;11615;17;11613;18;;;11622;17;11624;30;;;11618.5;0.0
yf_MKC_d0;19100;ASH_COATED_OSMIUM;9962;12;9959;20;;;9968;14;9972;21;;;9965.0;0.0
yf_MKC_d0;19100;INTARIAN_PEPPER_ROOT;11614;5;11612;27;;;11625;11;11628;12;;;11619.5;0.0
yf_MKC_d0;19200;ASH_COATED_OSMIUM;9962;12;9960;28;;;9968;23;9972;14;;;9965.0;0.0
yf_MKC_d0;19200;INTARIAN_PEPPER_ROOT;11613;24;11609;14;;;11627;21;11631;10;;;11620.0;0.0
yf_MKC_d0;19300;ASH_COATED_OSMIUM;9962;26;9960;18;;;9968;17;9972;27;;;9965.0;0.0
yf_MKC_d0;19300;INTARIAN_PEPPER_ROOT;11618;15;11614;11;;;11624;27;11627;26;;;11621.0;0.0
yf_MKC_d0;19400;ASH_COATED_OSMIUM;9963;5;9961;11;;;9969;10;9971;18;;;9966.0;0.0
yf_MKC_d0;19400;INTARIAN_PEPPER_ROOT;11619;12;11617;18;;;11625;17;11629;20;;;11622.0;0.0
yf_MKC_d0;19500;ASH_COATED_OSMIUM;9963;26;9960;28;;;9969;16;9973;20;;;9966.0;0.0
yf_MKC_d0;19500;INTARIAN_PEPPER_ROOT;11617;14;11615;21;;;11629;11;11631;23;;;11623.0;0.0
yf_MKC_d0;19600;ASH_COATED_OSMIUM;9963;18;9960;13;;;9969;9;9973;25;;;9966.0;0.0
yf_MKC_d0;19600;INTARIAN_PEPPER_ROOT;11620;22;11616;28;;;11629;14;11633;16;;;11624.5;0.0
yf_MKC_d0;19700;ASH_COATED_OSMIUM;9963;11;9961;22;;;9969;10;9971;12;;;9966.0;0.0
yf_MKC_d0;19700;INTARIAN_PEPPER_ROOT;11622;16;11618;19;;;11628;18;11632;13;;;11625.0;0.0
yf_MKC_d0;19800;ASH_COATED_OSMIUM;9958;9;9956;25;;;9974;11;9977;15;;;9966.0;0.0
yf_MKC_d0;19800;INTARIAN_PEPPER_ROOT;11616;20;11614;24;;;11635;18;11638;21;;;11625.5;0.0
yf_MKC_d0;19900;ASH_COATED_OSMIUM;9964;13;9960;17;;;9970;14;9974;16;;;9967.0;0.0
yf_MKC_d0;19900;INTARIAN_PEPPER_ROOT;11623;13;11619;21;;;11629;16;11632;19;;;11626.0;0.0
yf_MKC_d0;20000;ASH_COATED_OSMIUM;9964;8;9961;20;;;9971;8;9973;18;;;9967.5;0.0
yf_MKC_d0;20000;INTARIAN_PEPPER_ROOT;11622;12;11619;17;;;11631;16;11633;22;;;11626.5;0.0
yf_MKC_d0;20100;ASH_COATED_OSMIUM;9964;14;9961;17;;;9970;15;9972;12;;;9967.0;0.0
yf_MKC_d0;20100;INTARIAN_PEPPER_ROOT;11625;30;11623;17;;;11631;16;11635;17;;;11628.0;0.0
yf_MKC_d0;20200;ASH_COATED_OSMIUM;9960;10;9958;17;;;9973;15;9976;13;;;9966.5;0.0
yf_MKC_d0;20200;INTARIAN_PEPPER_ROOT;11626;7;11624;22;;;11632;14;11636;11;;;11629.0;0.0
yf_MKC_d0;20300;ASH_COATED_OSMIUM;9964;12;9962;15;;;9970;12;9974;20;;;9967.0;0.0
yf_MKC_d0;20300;INTARIAN_PEPPER_ROOT;11627;15;11624;12;;;11633;9;11637;19;;;11630.0;0.0
yf_MKC_d0;20400;ASH_COATED_OSMIUM;9964;9;9962;15;;;9973;15;9977;17;;;9968.5;0.0
yf_MKC_d0;20400;INTARIAN_PEPPER_ROOT;11628;20;11626;22;;;11634;18;11636;29;;;11631.0;0.0
yf_MKC_d0;20500;ASH_COATED_OSMIUM;9965;15;9961;26;;;9971;22;9975;30;;;9968.0;0.0
yf_MKC_d0;20500;INTARIAN_PEPPER_ROOT;11627;17;11625;16;;;11636;12;11640;15;;;11631.5;0.0
yf_MKC_d0;20600;ASH_COATED_OSMIUM;9958;12;9955;19;;;9978;13;9982;13;;;9968.0;0.0
yf_MKC_d0;20600;INTARIAN_PEPPER_ROOT;11630;22;11628;13;;;11636;17;11638;17;;;11633.0;0.0
yf_MKC_d0;20700;ASH_COATED_OSMIUM;9965;11;9961;18;;;9971;15;9973;18;;;9968.0;0.0
yf_MKC_d0;20700;INTARIAN_PEPPER_ROOT;11625;13;11622;16;;;11642;15;11645;24;;;11633.5;0.0
yf_MKC_d0;20800;ASH_COATED_OSMIUM;9965;14;9963;17;;;9971;17;9975;25;;;9968.0;0.0
yf_MKC_d0;20800;INTARIAN_PEPPER_ROOT;11620;11;11617;21;;;11649;13;11652;20;;;11634.5;0.0
yf_MKC_d0;20900;ASH_COATED_OSMIUM;9952;14;9948;22;;;9984;20;9987;21;;;9968.0;0.0
yf_MKC_d0;20900;INTARIAN_PEPPER_ROOT;11632;14;11630;19;;;11638;20;11642;19;;;11635.0;0.0
yf_MKC_d0;21000;ASH_COATED_OSMIUM;9966;12;9963;13;;;9972;5;9976;23;;;9969.0;0.0
yf_MKC_d0;21000;INTARIAN_PEPPER_ROOT;11627;14;11623;20;;;11644;17;11648;18;;;11635.5;0.0
yf_MKC_d0;21100;ASH_COATED_OSMIUM;9959;15;9955;21;;;9979;16;9981;28;;;9969.0;0.0
yf_MKC_d0;21100;INTARIAN_PEPPER_ROOT;11635;18;11632;18;;;11641;13;11643;13;;;11638.0;0.0
yf_MKC_d0;21200;ASH_COATED_OSMIUM;9964;6;9961;21;;;9975;20;9979;17;;;9969.5;0.0
yf_MKC_d0;21200;INTARIAN_PEPPER_ROOT;11635;10;11633;29;;;11641;11;11644;16;;;11638.0;0.0
yf_MKC_d0;21300;ASH_COATED_OSMIUM;9966;22;9963;18;;;9972;21;9976;19;;;9969.0;0.0
yf_MKC_d0;21300;INTARIAN_PEPPER_ROOT;11633;18;11631;20;;;11645;19;11647;19;;;11639.0;0.0
yf_MKC_d0;21400;ASH_COATED_OSMIUM;9953;15;9949;25;;;9985;8;9989;19;;;9969.0;0.0
yf_MKC_d0;21400;INTARIAN_PEPPER_ROOT;11637;17;11633;30;;;11643;9;11647;12;;;11640.0;0.0
yf_MKC_d0;21500;ASH_COATED_OSMIUM;9967;15;9965;20;;;9973;18;9976;18;;;9970.0;0.0
yf_MKC_d0;21500;INTARIAN_PEPPER_ROOT;11627;10;11625;21;;;11655;9;11657;19;;;11641.0;0.0
yf_MKC_d0;21600;ASH_COATED_OSMIUM;9962;10;9960;18;;;9978;20;9981;21;;;9970.0;0.0
yf_MKC_d0;21600;INTARIAN_PEPPER_ROOT;11639;17;11637;16;;;11645;8;11647;14;;;11642.0;0.0
yf_MKC_d0;21700;ASH_COATED_OSMIUM;9967;21;9963;18;;;9973;19;9976;17;;;9970.0;0.0
yf_MKC_d0;21700;INTARIAN_PEPPER_ROOT;11639;20;11637;18;;;11645;6;11647;20;;;11642.0;0.0
yf_MKC_d0;21800;ASH_COATED_OSMIUM;9965;19;9961;21;;;9975;17;9977;25;;;9970.0;0.0
yf_MKC_d0;21800;INTARIAN_PEPPER_ROOT;11640;12;11637;15;;;11646;5;11650;19;;;11643.0;0.0
yf_MKC_d0;21900;ASH_COATED_OSMIUM;9967;14;9964;15;;;9973;20;9976;17;;;9970.0;0.0
yf_MKC_d0;21900;INTARIAN_PEPPER_ROOT;11630;6;11626;18;;;11658;16;11662;22;;;11644.0;0.0
yf_MKC_d0;22000;ASH_COATED_OSMIUM;9967;18;9965;23;;;9973;10;9975;16;;;9970.0;0.0
yf_MKC_d0;22000;INTARIAN_PEPPER_ROOT;11627;10;11624;23;;;11663;18;11666;16;;;11645.0;0.0
yf_MKC_d0;22100;ASH_COATED_OSMIUM;9968;19;9966;18;;;9974;8;9978;24;;;9971.0;0.0
yf_MKC_d0;22100;INTARIAN_PEPPER_ROOT;11643;6;11639;23;;;11649;12;11652;10;;;11646.0;0.0
yf_MKC_d0;22200;ASH_COATED_OSMIUM;9965;26;9963;23;;;9976;17;9978;19;;;9970.5;0.0
yf_MKC_d0;22200;INTARIAN_PEPPER_ROOT;11644;7;11641;27;;;11650;12;11654;27;;;11647.0;0.0
yf_MKC_d0;22300;ASH_COATED_OSMIUM;9968;11;9965;13;;;9976;5;9980;13;;;9972.0;0.0
yf_MKC_d0;22300;INTARIAN_PEPPER_ROOT;11645;16;11641;19;;;11651;22;11654;21;;;11648.0;0.0
yf_MKC_d0;22400;ASH_COATED_OSMIUM;9969;5;9967;20;;;9975;11;9977;20;;;9972.0;0.0
yf_MKC_d0;22400;INTARIAN_PEPPER_ROOT;11645;14;11642;24;;;11651;14;11654;17;;;11648.0;0.0
yf_MKC_d0;22500;ASH_COATED_OSMIUM;9968;14;9964;28;;;9974;16;9978;17;;;9971.0;0.0
yf_MKC_d0;22500;INTARIAN_PEPPER_ROOT;11642;13;11638;11;;;11657;6;11659;26;;;11649.5;0.0
yf_MKC_d0;22600;ASH_COATED_OSMIUM;9969;12;9966;14;;;9975;5;9979;19;;;9972.0;0.0
yf_MKC_d0;22600;INTARIAN_PEPPER_ROOT;11647;12;11643;26;;;11653;18;11656;23;;;11650.0;0.0
yf_MKC_d0;22700;ASH_COATED_OSMIUM;9967;21;9965;20;;;9977;15;9979;18;;;9972.0;0.0
yf_MKC_d0;22700;INTARIAN_PEPPER_ROOT;11648;12;11645;20;;;11654;11;11658;15;;;11651.0;0.0
yf_MKC_d0;22800;ASH_COATED_OSMIUM;9970;11;9967;19;;;9976;22;9979;24;;;9973.0;0.0
yf_MKC_d0;22800;INTARIAN_PEPPER_ROOT;11649;10;11647;12;;;11655;10;11657;19;;;11652.0;0.0
yf_MKC_d0;22900;ASH_COATED_OSMIUM;9959;22;9955;16;;;9985;12;9989;17;;;9972.0;0.0
yf_MKC_d0;22900;INTARIAN_PEPPER_ROOT;11651;19;11649;19;;;11657;15;11660;22;;;11654.0;0.0
yf_MKC_d0;23000;ASH_COATED_OSMIUM;9968;15;9966;17;;;9977;10;9979;11;;;9972.5;0.0
yf_MKC_d0;23000;INTARIAN_PEPPER_ROOT;11650;22;11646;10;;;11658;17;11660;20;;;11654.0;0.0
yf_MKC_d0;23100;ASH_COATED_OSMIUM;9970;14;9968;18;;;9976;12;9980;22;;;9973.0;0.0
yf_MKC_d0;23100;INTARIAN_PEPPER_ROOT;11649;13;11647;19;;;11660;13;11662;19;;;11654.5;0.0
yf_MKC_d0;23200;ASH_COATED_OSMIUM;9968;16;9965;21;;;9978;11;9982;16;;;9973.0;0.0
yf_MKC_d0;23200;INTARIAN_PEPPER_ROOT;11648;19;11646;23;;;11664;12;11667;14;;;11656.0;0.0
yf_MKC_d0;23300;ASH_COATED_OSMIUM;9968;14;9966;24;;;9978;5;9982;20;;;9973.0;0.0
yf_MKC_d0;23300;INTARIAN_PEPPER_ROOT;11654;5;11650;16;;;11660;15;11664;26;;;11657.0;0.0
yf_MKC_d0;23400;ASH_COATED_OSMIUM;9970;12;9968;25;;;9976;11;9978;19;;;9973.0;0.0
yf_MKC_d0;23400;INTARIAN_PEPPER_ROOT;11655;8;11652;18;;;11661;24;11664;23;;;11658.0;0.0
yf_MKC_d0;23500;ASH_COATED_OSMIUM;9970;14;9966;27;;;9976;17;9979;17;;;9973.0;0.0
yf_MKC_d0;23500;INTARIAN_PEPPER_ROOT;11655;11;11653;23;;;11661;14;11664;17;;;11658.0;0.0
yf_MKC_d0;23600;ASH_COATED_OSMIUM;9971;23;9967;16;;;9977;12;9981;26;;;9974.0;0.0
yf_MKC_d0;23600;INTARIAN_PEPPER_ROOT;11656;10;11652;17;;;11662;15;11666;28;;;11659.0;0.0
yf_MKC_d0;23700;ASH_COATED_OSMIUM;9966;13;9964;20;;;9981;16;9985;11;;;9973.5;0.0
yf_MKC_d0;23700;INTARIAN_PEPPER_ROOT;11657;18;11653;19;;;11663;17;11666;14;;;11660.0;0.0
yf_MKC_d0;23800;ASH_COATED_OSMIUM;9970;6;9968;23;;;9979;9;9982;17;;;9974.5;0.0
yf_MKC_d0;23800;INTARIAN_PEPPER_ROOT;11658;14;11655;16;;;11664;9;11666;19;;;11661.0;0.0
yf_MKC_d0;23900;ASH_COATED_OSMIUM;9970;16;9967;29;;;9976;9;9979;18;;;9973.0;0.0
yf_MKC_d0;23900;INTARIAN_PEPPER_ROOT;11655;18;11653;20;;;11669;10;11673;23;;;11662.0;0.0
yf_MKC_d0;24000;ASH_COATED_OSMIUM;9972;6;9970;18;;;9978;17;9982;16;;;9975.0;0.0
yf_MKC_d0;24000;INTARIAN_PEPPER_ROOT;11660;18;11658;23;;;11666;16;11668;14;;;11663.0;0.0
yf_MKC_d0;24100;ASH_COATED_OSMIUM;9971;8;9967;14;;;9977;7;9980;22;;;9974.0;0.0
yf_MKC_d0;24100;INTARIAN_PEPPER_ROOT;11660;16;11658;18;;;11666;19;11670;16;;;11663.0;0.0
yf_MKC_d0;24200;ASH_COATED_OSMIUM;9971;11;9968;14;;;9977;15;9980;28;;;9974.0;0.0
yf_MKC_d0;24200;INTARIAN_PEPPER_ROOT;11660;9;11657;23;;;11668;20;11672;20;;;11664.0;0.0
yf_MKC_d0;24300;ASH_COATED_OSMIUM;9972;18;9969;16;;;9978;14;9982;18;;;9975.0;0.0
yf_MKC_d0;24300;INTARIAN_PEPPER_ROOT;11662;19;11658;12;;;11668;12;11671;20;;;11665.0;0.0
yf_MKC_d0;24400;ASH_COATED_OSMIUM;9972;19;9970;17;;;9978;9;9981;17;;;9975.0;0.0
yf_MKC_d0;24400;INTARIAN_PEPPER_ROOT;11663;16;11660;14;;;11669;11;11671;24;;;11666.0;0.0
yf_MKC_d0;24500;ASH_COATED_OSMIUM;9965;17;9961;15;;;9987;12;9990;24;;;9976.0;0.0
yf_MKC_d0;24500;INTARIAN_PEPPER_ROOT;11664;16;11660;28;;;11670;13;11674;21;;;11667.0;0.0
yf_MKC_d0;24600;ASH_COATED_OSMIUM;9972;13;9969;11;;;9978;13;9981;19;;;9975.0;0.0
yf_MKC_d0;24600;INTARIAN_PEPPER_ROOT;11662;10;11658;22;;;11674;13;11677;17;;;11668.0;0.0
yf_MKC_d0;24700;ASH_COATED_OSMIUM;9972;19;9970;10;;;9978;10;9981;8;;;9975.0;0.0
yf_MKC_d0;24700;INTARIAN_PEPPER_ROOT;11651;9;11648;23;;;11687;25;11690;30;;;11669.0;0.0
yf_MKC_d0;24800;ASH_COATED_OSMIUM;9968;14;9964;22;;;9983;9;9987;19;;;9975.5;0.0
yf_MKC_d0;24800;INTARIAN_PEPPER_ROOT;11663;18;11661;25;;;11677;13;11679;16;;;11670.0;0.0
yf_MKC_d0;24900;ASH_COATED_OSMIUM;9973;16;9971;19;;;9979;16;9981;23;;;9976.0;0.0
yf_MKC_d0;24900;INTARIAN_PEPPER_ROOT;11668;22;11665;20;;;11674;16;11678;19;;;11671.0;0.0
yf_MKC_d0;25000;ASH_COATED_OSMIUM;9973;13;9971;22;;;9979;15;9981;22;;;9976.0;0.0
yf_MKC_d0;25000;INTARIAN_PEPPER_ROOT;11668;18;11666;17;;;11675;12;11677;22;;;11671.5;0.0
yf_MKC_d0;25100;ASH_COATED_OSMIUM;9973;8;9969;18;;;9979;18;9983;21;;;9976.0;0.0
yf_MKC_d0;25100;INTARIAN_PEPPER_ROOT;11669;12;11666;25;;;11675;5;11679;28;;;11672.0;0.0
yf_MKC_d0;25200;ASH_COATED_OSMIUM;9973;12;9969;18;;;9979;20;9981;14;;;9976.0;0.0
yf_MKC_d0;25200;INTARIAN_PEPPER_ROOT;11668;19;11666;18;;;11678;13;11680;25;;;11673.0;0.0
yf_MKC_d0;25300;ASH_COATED_OSMIUM;9973;12;9971;13;;;9979;15;9981;16;;;9976.0;0.0
yf_MKC_d0;25300;INTARIAN_PEPPER_ROOT;11667;15;11664;11;;;11683;9;11687;21;;;11675.0;0.0
yf_MKC_d0;25400;ASH_COATED_OSMIUM;9973;23;9969;19;;;9980;14;9982;21;;;9976.5;0.0
yf_MKC_d0;25400;INTARIAN_PEPPER_ROOT;11672;18;11669;22;;;11678;16;11682;22;;;11675.0;0.0
yf_MKC_d0;25500;ASH_COATED_OSMIUM;9974;8;9972;21;;;9980;15;9982;14;;;9977.0;0.0
yf_MKC_d0;25500;INTARIAN_PEPPER_ROOT;11673;15;11671;20;;;11679;18;11683;23;;;11676.0;0.0
yf_MKC_d0;25600;ASH_COATED_OSMIUM;9974;21;9971;16;;;9980;16;9982;29;;;9977.0;0.0
yf_MKC_d0;25600;INTARIAN_PEPPER_ROOT;11669;6;11666;28;;;11683;8;11685;24;;;11676.0;0.0
yf_MKC_d0;25700;ASH_COATED_OSMIUM;9975;15;9973;26;;;9981;15;9984;18;;;9978.0;0.0
yf_MKC_d0;25700;INTARIAN_PEPPER_ROOT;11675;18;11673;13;;;11681;13;11684;17;;;11678.0;0.0
yf_MKC_d0;25800;ASH_COATED_OSMIUM;9961;17;9959;22;;;9994;16;9996;20;;;9977.5;0.0
yf_MKC_d0;25800;INTARIAN_PEPPER_ROOT;11672;17;11670;14;;;11685;10;11689;22;;;11678.5;0.0
yf_MKC_d0;25900;ASH_COATED_OSMIUM;9972;11;9969;23;;;9984;27;9987;10;;;9978.0;0.0
yf_MKC_d0;25900;INTARIAN_PEPPER_ROOT;11676;19;11673;12;;;11682;13;11684;21;;;11679.0;0.0
yf_MKC_d0;26000;ASH_COATED_OSMIUM;9951;6;9947;26;;;10005;14;10009;18;;;9978.0;0.0
yf_MKC_d0;26000;INTARIAN_PEPPER_ROOT;11677;16;11673;23;;;11683;14;11685;17;;;11680.0;0.0
yf_MKC_d0;26100;ASH_COATED_OSMIUM;9976;7;9973;17;;;9982;25;9984;24;;;9979.0;0.0
yf_MKC_d0;26100;INTARIAN_PEPPER_ROOT;11679;12;11677;23;;;11685;16;11687;21;;;11682.0;0.0
yf_MKC_d0;26200;ASH_COATED_OSMIUM;9976;19;9974;13;;;9982;24;9984;21;;;9979.0;0.0
yf_MKC_d0;26200;INTARIAN_PEPPER_ROOT;11679;12;11677;27;;;11685;11;11689;17;;;11682.0;0.0
yf_MKC_d0;26300;ASH_COATED_OSMIUM;9975;13;9972;21;;;9981;9;9984;17;;;9978.0;0.0
yf_MKC_d0;26300;INTARIAN_PEPPER_ROOT;11680;17;11678;18;;;11686;20;11690;18;;;11683.0;0.0
yf_MKC_d0;26400;ASH_COATED_OSMIUM;9976;18;9972;17;;;9982;23;9986;21;;;9979.0;0.0
yf_MKC_d0;26400;INTARIAN_PEPPER_ROOT;11681;6;11678;19;;;11687;7;11689;11;;;11684.0;0.0
yf_MKC_d0;26500;ASH_COATED_OSMIUM;9975;16;9971;21;;;9983;24;9985;29;;;9979.0;0.0
yf_MKC_d0;26500;INTARIAN_PEPPER_ROOT;11680;10;11678;10;;;11690;13;11693;18;;;11685.0;0.0
yf_MKC_d0;26600;ASH_COATED_OSMIUM;9976;18;9972;30;;;9982;9;9985;8;;;9979.0;0.0
yf_MKC_d0;26600;INTARIAN_PEPPER_ROOT;11679;7;11677;12;;;11692;9;11695;19;;;11685.5;0.0
yf_MKC_d0;26700;ASH_COATED_OSMIUM;9976;18;9972;22;;;9982;14;9984;20;;;9979.0;0.0
yf_MKC_d0;26700;INTARIAN_PEPPER_ROOT;11683;17;11679;16;;;11689;21;11693;30;;;11686.0;0.0
yf_MKC_d0;26800;ASH_COATED_OSMIUM;9975;30;9973;21;;;9984;21;9986;18;;;9979.5;0.0
yf_MKC_d0;26800;INTARIAN_PEPPER_ROOT;11681;13;11678;16;;;11695;5;11697;24;;;11688.0;0.0
yf_MKC_d0;26900;ASH_COATED_OSMIUM;9977;11;9973;21;;;9983;7;9987;14;;;9980.0;0.0
yf_MKC_d0;26900;INTARIAN_PEPPER_ROOT;11686;21;11684;20;;;11692;10;11695;11;;;11689.0;0.0
yf_MKC_d0;27000;ASH_COATED_OSMIUM;9977;12;9975;19;;;9983;19;9986;22;;;9980.0;0.0
yf_MKC_d0;27000;INTARIAN_PEPPER_ROOT;11677;7;11675;18;;;11701;11;11704;18;;;11689.0;0.0
yf_MKC_d0;27100;ASH_COATED_OSMIUM;9977;16;9973;24;;;9983;16;9987;13;;;9980.0;0.0
yf_MKC_d0;27100;INTARIAN_PEPPER_ROOT;11687;9;11684;16;;;11693;10;11695;28;;;11690.0;0.0
yf_MKC_d0;27200;ASH_COATED_OSMIUM;9977;14;9973;10;;;9983;15;9986;15;;;9980.0;0.0
yf_MKC_d0;27200;INTARIAN_PEPPER_ROOT;11688;13;11686;25;;;11694;16;11696;29;;;11691.0;0.0
yf_MKC_d0;27300;ASH_COATED_OSMIUM;9977;7;9974;22;;;9983;13;9985;25;;;9980.0;0.0
yf_MKC_d0;27300;INTARIAN_PEPPER_ROOT;11689;5;11686;18;;;11695;11;11698;19;;;11692.0;0.0
yf_MKC_d0;27400;ASH_COATED_OSMIUM;9967;11;9964;16;;;9995;11;9999;19;;;9981.0;0.0
yf_MKC_d0;27400;INTARIAN_PEPPER_ROOT;11683;13;11681;19;;;11701;30;11705;16;;;11692.0;0.0
yf_MKC_d0;27500;ASH_COATED_OSMIUM;9974;13;9972;9;;;9988;13;9992;13;;;9981.0;0.0
yf_MKC_d0;27500;INTARIAN_PEPPER_ROOT;11690;15;11686;24;;;11696;17;11698;20;;;11693.0;0.0
yf_MKC_d0;27600;ASH_COATED_OSMIUM;9978;12;9976;30;;;9984;14;9987;23;;;9981.0;0.0
yf_MKC_d0;27600;INTARIAN_PEPPER_ROOT;11691;10;11689;19;;;11698;15;11701;17;;;11694.5;0.0
yf_MKC_d0;27700;ASH_COATED_OSMIUM;9978;12;9976;18;;;9984;18;9987;16;;;9981.0;0.0
yf_MKC_d0;27700;INTARIAN_PEPPER_ROOT;11692;5;11689;26;;;11698;5;11701;16;;;11695.0;0.0
yf_MKC_d0;27800;ASH_COATED_OSMIUM;9976;11;9974;12;;;9985;25;9987;19;;;9980.5;0.0
yf_MKC_d0;27800;INTARIAN_PEPPER_ROOT;11693;10;11691;14;;;11699;8;11703;23;;;11696.0;0.0
yf_MKC_d0;27900;ASH_COATED_OSMIUM;9978;10;9974;19;;;9984;10;9987;24;;;9981.0;0.0
yf_MKC_d0;27900;INTARIAN_PEPPER_ROOT;11694;11;11692;21;;;11700;16;11702;30;;;11697.0;0.0
yf_MKC_d0;28000;ASH_COATED_OSMIUM;9979;12;9977;19;;;9985;12;9988;29;;;9982.0;0.0
yf_MKC_d0;28000;INTARIAN_PEPPER_ROOT;11694;15;11692;16;;;11702;17;11704;20;;;11698.0;0.0
yf_MKC_d0;28100;ASH_COATED_OSMIUM;9976;16;9972;21;;;9987;12;9989;24;;;9981.5;0.0
yf_MKC_d0;28100;INTARIAN_PEPPER_ROOT;11687;20;11684;20;;;11710;10;11714;16;;;11698.5;0.0
yf_MKC_d0;28200;ASH_COATED_OSMIUM;9979;22;9977;20;;;9985;17;9989;24;;;9982.0;0.0
yf_MKC_d0;28200;INTARIAN_PEPPER_ROOT;11697;18;11693;27;;;11703;23;11707;10;;;11700.0;0.0
yf_MKC_d0;28300;ASH_COATED_OSMIUM;9970;19;9966;23;;;9994;22;9998;12;;;9982.0;0.0
yf_MKC_d0;28300;INTARIAN_PEPPER_ROOT;11686;15;11684;24;;;11715;16;11718;21;;;11700.5;0.0
yf_MKC_d0;28400;ASH_COATED_OSMIUM;9979;6;9976;16;;;9985;10;9987;11;;;9982.0;0.0
yf_MKC_d0;28400;INTARIAN_PEPPER_ROOT;11686;10;11684;21;;;11718;11;11722;17;;;11702.0;0.0
yf_MKC_d0;28500;ASH_COATED_OSMIUM;9980;17;9978;28;;;9986;14;9989;15;;;9983.0;0.0
yf_MKC_d0;28500;INTARIAN_PEPPER_ROOT;11700;5;11696;21;;;11706;10;11710;21;;;11703.0;0.0
yf_MKC_d0;28600;ASH_COATED_OSMIUM;9975;14;9973;23;;;9992;16;9995;16;;;9983.5;0.0
yf_MKC_d0;28600;INTARIAN_PEPPER_ROOT;11685;5;11683;15;;;11722;10;11725;20;;;11703.5;0.0
yf_MKC_d0;28700;ASH_COATED_OSMIUM;9980;14;9976;24;;;9986;12;9989;21;;;9983.0;0.0
yf_MKC_d0;28700;INTARIAN_PEPPER_ROOT;11701;23;11699;17;;;11707;18;11711;20;;;11704.0;0.0
yf_MKC_d0;28800;ASH_COATED_OSMIUM;9980;14;9977;24;;;9986;6;9989;20;;;9983.0;0.0
yf_MKC_d0;28800;INTARIAN_PEPPER_ROOT;11696;18;11692;19;;;11714;6;11717;19;;;11705.0;0.0
yf_MKC_d0;28900;ASH_COATED_OSMIUM;9980;21;9978;20;;;9986;20;9989;15;;;9983.0;0.0
yf_MKC_d0;28900;INTARIAN_PEPPER_ROOT;11702;18;11698;23;;;11711;9;11715;13;;;11706.5;0.0
yf_MKC_d0;29000;ASH_COATED_OSMIUM;9981;25;9978;20;;;9987;14;9989;25;;;9984.0;0.0
yf_MKC_d0;29000;INTARIAN_PEPPER_ROOT;11703;13;11699;20;;;11710;18;11712;17;;;11706.5;0.0
yf_MKC_d0;29100;ASH_COATED_OSMIUM;9981;12;9979;9;;;9987;12;9990;15;;;9984.0;0.0
yf_MKC_d0;29100;INTARIAN_PEPPER_ROOT;11705;16;11702;23;;;11711;19;11714;23;;;11708.0;0.0
yf_MKC_d0;29200;ASH_COATED_OSMIUM;9979;15;9977;21;;;9989;15;9991;14;;;9984.0;0.0
yf_MKC_d0;29200;INTARIAN_PEPPER_ROOT;11706;11;11704;25;;;11712;15;11714;25;;;11709.0;0.0
yf_MKC_d0;29300;ASH_COATED_OSMIUM;9980;12;9978;22;;;9986;14;9990;22;;;9983.0;0.0
yf_MKC_d0;29300;INTARIAN_PEPPER_ROOT;11702;12;11698;20;;;11719;12;11721;26;;;11710.5;0.0
yf_MKC_d0;29400;ASH_COATED_OSMIUM;9979;20;9977;22;;;9988;16;9990;21;;;9983.5;0.0
yf_MKC_d0;29400;INTARIAN_PEPPER_ROOT;11708;21;11705;27;;;11714;13;11718;30;;;11711.0;0.0
yf_MKC_d0;29500;ASH_COATED_OSMIUM;9982;17;9979;8;;;9988;12;9992;20;;;9985.0;0.0
yf_MKC_d0;29500;INTARIAN_PEPPER_ROOT;11708;18;11706;21;;;11714;7;11718;23;;;11711.0;0.0
yf_MKC_d0;29600;ASH_COATED_OSMIUM;9980;10;9976;31;;;9991;12;9994;22;;;9985.5;0.0
yf_MKC_d0;29600;INTARIAN_PEPPER_ROOT;11705;10;11703;17;;;11719;18;11723;18;;;11712.0;0.0
yf_MKC_d0;29700;ASH_COATED_OSMIUM;9978;21;9974;22;;;9991;9;9994;20;;;9984.5;0.0
yf_MKC_d0;29700;INTARIAN_PEPPER_ROOT;11708;6;11704;21;;;11719;9;11723;19;;;11713.5;0.0
yf_MKC_d0;29800;ASH_COATED_OSMIUM;9981;29;9979;14;;;9987;17;9991;25;;;9984.0;0.0
yf_MKC_d0;29800;INTARIAN_PEPPER_ROOT;11711;15;11709;28;;;11717;6;11721;19;;;11714.0;0.0
yf_MKC_d0;29900;ASH_COATED_OSMIUM;9979;15;9977;20;;;9991;13;9995;17;;;9985.0;0.0
yf_MKC_d0;29900;INTARIAN_PEPPER_ROOT;11707;18;11705;20;;;11722;15;11724;16;;;11714.5;0.0
yf_MKC_d0;30000;ASH_COATED_OSMIUM;9982;6;9978;17;;;9988;18;9991;20;;;9985.0;0.0
yf_MKC_d0;30000;INTARIAN_PEPPER_ROOT;11708;14;11706;21;;;11722;17;11726;20;;;11715.0;0.0
yf_MKC_d0;30100;ASH_COATED_OSMIUM;9983;12;9981;25;;;9989;8;9992;18;;;9986.0;0.0
yf_MKC_d0;30100;INTARIAN_PEPPER_ROOT;11713;6;11710;11;;;11719;12;11721;28;;;11716.0;0.0
yf_MKC_d0;30200;ASH_COATED_OSMIUM;9981;8;9977;17;;;9992;11;9994;21;;;9986.5;0.0
yf_MKC_d0;30200;INTARIAN_PEPPER_ROOT;11712;17;11709;26;;;11723;13;11727;16;;;11717.5;0.0
yf_MKC_d0;30300;ASH_COATED_OSMIUM;9983;13;9981;20;;;9989;22;9993;29;;;9986.0;0.0
yf_MKC_d0;30300;INTARIAN_PEPPER_ROOT;11708;12;11704;23;;;11728;18;11730;24;;;11718.0;0.0
yf_MKC_d0;30400;ASH_COATED_OSMIUM;9967;14;9964;31;;;10005;16;10009;17;;;9986.0;0.0
yf_MKC_d0;30400;INTARIAN_PEPPER_ROOT;11704;24;11702;14;;;11735;19;11738;17;;;11719.5;0.0
yf_MKC_d0;30500;ASH_COATED_OSMIUM;9967;9;9963;24;;;10004;12;10007;15;;;9985.5;0.0
yf_MKC_d0;30500;INTARIAN_PEPPER_ROOT;11716;17;11712;13;;;11725;9;11728;19;;;11720.5;0.0
yf_MKC_d0;30600;ASH_COATED_OSMIUM;9984;17;9981;19;;;9990;21;9993;24;;;9987.0;0.0
yf_MKC_d0;30600;INTARIAN_PEPPER_ROOT;11716;20;11712;17;;;11726;11;11730;14;;;11721.0;0.0
yf_MKC_d0;30700;ASH_COATED_OSMIUM;9983;18;9981;24;;;9989;16;9993;21;;;9986.0;0.0
yf_MKC_d0;30700;INTARIAN_PEPPER_ROOT;11705;24;11701;22;;;11739;14;11743;18;;;11722.0;0.0
yf_MKC_d0;30800;ASH_COATED_OSMIUM;9978;7;9976;20;;;9995;26;9998;24;;;9986.5;0.0
yf_MKC_d0;30800;INTARIAN_PEPPER_ROOT;11708;16;11704;22;;;11737;5;11740;22;;;11722.5;0.0
yf_MKC_d0;30900;ASH_COATED_OSMIUM;9983;19;9980;15;;;9992;17;9995;19;;;9987.5;0.0
yf_MKC_d0;30900;INTARIAN_PEPPER_ROOT;11715;14;11713;13;;;11732;20;11736;27;;;11723.5;0.0
yf_MKC_d0;31000;ASH_COATED_OSMIUM;9984;13;9982;20;;;9990;9;9994;25;;;9987.0;0.0
yf_MKC_d0;31000;INTARIAN_PEPPER_ROOT;11722;20;11719;17;;;11728;19;11731;13;;;11725.0;0.0
yf_MKC_d0;31100;ASH_COATED_OSMIUM;9984;10;9982;15;;;9991;15;9994;22;;;9987.5;0.0
yf_MKC_d0;31100;INTARIAN_PEPPER_ROOT;11722;11;11719;17;;;11728;17;11731;13;;;11725.0;0.0
yf_MKC_d0;31200;ASH_COATED_OSMIUM;9984;16;9981;10;;;9990;13;9994;24;;;9987.0;0.0
yf_MKC_d0;31200;INTARIAN_PEPPER_ROOT;11723;13;11721;30;;;11729;13;11731;20;;;11726.0;0.0
yf_MKC_d0;31300;ASH_COATED_OSMIUM;9980;13;9978;20;;;9995;21;9998;18;;;9987.5;0.0
yf_MKC_d0;31300;INTARIAN_PEPPER_ROOT;11724;12;11722;16;;;11730;9;11732;17;;;11727.0;0.0
yf_MKC_d0;31400;ASH_COATED_OSMIUM;9972;5;9968;30;;;10004;5;10007;30;;;9988.0;0.0
yf_MKC_d0;31400;INTARIAN_PEPPER_ROOT;11725;14;11723;20;;;11731;10;11735;16;;;11728.0;0.0
yf_MKC_d0;31500;ASH_COATED_OSMIUM;9985;18;9983;21;;;9991;6;9993;17;;;9988.0;0.0
yf_MKC_d0;31500;INTARIAN_PEPPER_ROOT;11724;12;11720;23;;;11734;13;11736;20;;;11729.0;0.0
yf_MKC_d0;31600;ASH_COATED_OSMIUM;9985;20;9982;11;;;9991;17;9994;9;;;9988.0;0.0
yf_MKC_d0;31600;INTARIAN_PEPPER_ROOT;11724;11;11720;17;;;11736;15;11738;26;;;11730.0;0.0
yf_MKC_d0;31700;ASH_COATED_OSMIUM;9986;9;9984;21;;;9992;9;9996;16;;;9989.0;0.0
yf_MKC_d0;31700;INTARIAN_PEPPER_ROOT;11727;14;11723;21;;;11734;15;11737;26;;;11730.5;0.0
yf_MKC_d0;31800;ASH_COATED_OSMIUM;9986;13;9983;18;;;9992;12;9996;17;;;9989.0;0.0
yf_MKC_d0;31800;INTARIAN_PEPPER_ROOT;11724;11;11721;21;;;11738;13;11740;8;;;11731.0;0.0
yf_MKC_d0;31900;ASH_COATED_OSMIUM;9980;16;9976;18;;;9998;13;10000;15;;;9989.0;0.0
yf_MKC_d0;31900;INTARIAN_PEPPER_ROOT;11729;7;11725;23;;;11735;16;11739;11;;;11732.0;0.0
yf_MKC_d0;32000;ASH_COATED_OSMIUM;9986;18;9982;21;;;9992;20;9995;19;;;9989.0;0.0
yf_MKC_d0;32000;INTARIAN_PEPPER_ROOT;11730;21;11726;20;;;11736;18;11738;26;;;11733.0;0.0
yf_MKC_d0;32100;ASH_COATED_OSMIUM;9976;13;9972;20;;;10004;13;10006;17;;;9990.0;0.0
yf_MKC_d0;32100;INTARIAN_PEPPER_ROOT;11731;18;11728;18;;;11737;5;11741;24;;;11734.0;0.0
yf_MKC_d0;32200;ASH_COATED_OSMIUM;9987;19;9985;27;;;9993;17;9996;27;;;9990.0;0.0
yf_MKC_d0;32200;INTARIAN_PEPPER_ROOT;11732;16;11729;22;;;11738;17;11740;12;;;11735.0;0.0
yf_MKC_d0;32300;ASH_COATED_OSMIUM;9984;28;9982;23;;;9996;13;9999;20;;;9990.0;0.0
yf_MKC_d0;32300;INTARIAN_PEPPER_ROOT;11732;14;11729;29;;;11741;9;11743;10;;;11736.5;0.0
yf_MKC_d0;32400;ASH_COATED_OSMIUM;9987;5;9984;14;;;9993;15;9995;19;;;9990.0;0.0
yf_MKC_d0;32400;INTARIAN_PEPPER_ROOT;11734;18;11732;19;;;11740;20;11744;18;;;11737.0;0.0
yf_MKC_d0;32500;ASH_COATED_OSMIUM;9986;14;9984;23;;;9993;15;9997;17;;;9989.5;0.0
yf_MKC_d0;32500;INTARIAN_PEPPER_ROOT;11735;6;11731;23;;;11741;16;11743;14;;;11738.0;0.0
yf_MKC_d0;32600;ASH_COATED_OSMIUM;9987;9;9985;16;;;9993;17;9997;29;;;9990.0;0.0
yf_MKC_d0;32600;INTARIAN_PEPPER_ROOT;11725;12;11723;16;;;11751;16;11755;8;;;11738.0;0.0
yf_MKC_d0;32700;ASH_COATED_OSMIUM;9984;19;9980;17;;;9997;19;10000;31;;;9990.5;0.0
yf_MKC_d0;32700;INTARIAN_PEPPER_ROOT;11736;12;11734;20;;;11742;5;11744;8;;;11739.0;0.0
yf_MKC_d0;32800;ASH_COATED_OSMIUM;9987;17;9983;17;;;9993;12;9995;14;;;9990.0;0.0
yf_MKC_d0;32800;INTARIAN_PEPPER_ROOT;11733;15;11731;11;;;11747;13;11750;15;;;11740.0;0.0
yf_MKC_d0;32900;ASH_COATED_OSMIUM;9985;11;9981;18;;;9997;13;9999;18;;;9991.0;0.0
yf_MKC_d0;32900;INTARIAN_PEPPER_ROOT;11734;16;11732;21;;;11749;15;11752;13;;;11741.5;0.0
yf_MKC_d0;33000;ASH_COATED_OSMIUM;9987;6;9985;13;;;9993;11;9996;16;;;9990.0;0.0
yf_MKC_d0;33000;INTARIAN_PEPPER_ROOT;11739;17;11736;20;;;11745;16;11747;26;;;11742.0;0.0
yf_MKC_d0;33100;ASH_COATED_OSMIUM;9986;13;9983;14;;;9995;5;9997;23;;;9990.5;0.0
yf_MKC_d0;33100;INTARIAN_PEPPER_ROOT;11739;18;11737;18;;;11748;9;11750;28;;;11743.5;0.0
yf_MKC_d0;33200;ASH_COATED_OSMIUM;9978;20;9974;25;;;10005;15;10007;24;;;9991.5;0.0
yf_MKC_d0;33200;INTARIAN_PEPPER_ROOT;11741;25;11738;23;;;11747;5;11749;15;;;11744.0;0.0
yf_MKC_d0;33300;ASH_COATED_OSMIUM;9989;10;9986;19;;;9995;19;9997;23;;;9992.0;0.0
yf_MKC_d0;33300;INTARIAN_PEPPER_ROOT;11742;7;11739;20;;;11748;10;11750;20;;;11745.0;0.0
yf_MKC_d0;33400;ASH_COATED_OSMIUM;9989;9;9985;12;;;9995;11;9997;19;;;9992.0;0.0
yf_MKC_d0;33400;INTARIAN_PEPPER_ROOT;11741;13;11737;23;;;11750;15;11754;11;;;11745.5;0.0
yf_MKC_d0;33500;ASH_COATED_OSMIUM;9982;24;9979;23;;;10001;17;10005;19;;;9991.5;0.0
yf_MKC_d0;33500;INTARIAN_PEPPER_ROOT;11744;20;11741;20;;;11750;22;11754;13;;;11747.0;0.0
yf_MKC_d0;33600;ASH_COATED_OSMIUM;9989;9;9986;9;;;9995;19;9999;17;;;9992.0;0.0
yf_MKC_d0;33600;INTARIAN_PEPPER_ROOT;11745;15;11743;21;;;11751;19;11753;18;;;11748.0;0.0
yf_MKC_d0;33700;ASH_COATED_OSMIUM;9988;16;9985;14;;;9996;18;9999;24;;;9992.0;0.0
yf_MKC_d0;33700;INTARIAN_PEPPER_ROOT;11745;10;11741;18;;;11751;23;11755;16;;;11748.0;0.0
yf_MKC_d0;33800;ASH_COATED_OSMIUM;9989;14;9985;27;;;9995;6;9999;22;;;9992.0;0.0
yf_MKC_d0;33800;INTARIAN_PEPPER_ROOT;11744;13;11742;19;;;11754;17;11758;18;;;11749.0;0.0
yf_MKC_d0;33900;ASH_COATED_OSMIUM;9990;19;9987;14;;;9996;14;9999;16;;;9993.0;0.0
yf_MKC_d0;33900;INTARIAN_PEPPER_ROOT;11747;16;11743;16;;;11754;14;11758;18;;;11750.5;0.0
yf_MKC_d0;34000;ASH_COATED_OSMIUM;9989;14;9986;20;;;9995;7;9999;25;;;9992.0;0.0
yf_MKC_d0;34000;INTARIAN_PEPPER_ROOT;11750;23;11746;15;;;11756;19;11758;29;;;11753.0;0.0
yf_MKC_d0;34100;ASH_COATED_OSMIUM;9987;19;9984;31;;;9998;12;10001;17;;;9992.5;0.0
yf_MKC_d0;34100;INTARIAN_PEPPER_ROOT;11736;7;11733;18;;;11773;16;11777;23;;;11754.5;0.0
yf_MKC_d0;34200;ASH_COATED_OSMIUM;9988;20;9986;21;;;9997;22;10001;17;;;9992.5;0.0
yf_MKC_d0;34200;INTARIAN_PEPPER_ROOT;11755;10;11753;22;;;11761;18;11765;27;;;11758.0;0.0
yf_MKC_d0;34300;ASH_COATED_OSMIUM;9988;13;9984;20;;;9995;16;9999;13;;;9991.5;0.0
yf_MKC_d0;34300;INTARIAN_PEPPER_ROOT;11757;15;11754;23;;;11763;10;11767;13;;;11760.0;0.0
yf_MKC_d0;34400;ASH_COATED_OSMIUM;9985;9;9982;19;;;10000;9;10004;15;;;9992.5;0.0
yf_MKC_d0;34400;INTARIAN_PEPPER_ROOT;11759;15;11757;14;;;11766;15;11768;14;;;11762.5;0.0
yf_MKC_d0;34500;ASH_COATED_OSMIUM;9989;14;9986;16;;;9995;22;9999;12;;;9992.0;0.0
yf_MKC_d0;34500;INTARIAN_PEPPER_ROOT;11762;15;11758;23;;;11768;16;11771;22;;;11765.0;0.0
yf_MKC_d0;34600;ASH_COATED_OSMIUM;9989;18;9987;25;;;9995;11;9999;24;;;9992.0;0.0
yf_MKC_d0;34600;INTARIAN_PEPPER_ROOT;11762;13;11760;17;;;11774;12;11778;20;;;11768.0;0.0
yf_MKC_d0;34700;ASH_COATED_OSMIUM;9982;7;9980;21;;;10003;15;10007;23;;;9992.5;0.0
yf_MKC_d0;34700;INTARIAN_PEPPER_ROOT;11767;9;11763;17;;;11773;14;11777;19;;;11770.0;0.0
yf_MKC_d0;34800;ASH_COATED_OSMIUM;9986;12;9984;15;;;9997;9;10000;23;;;9991.5;0.0
yf_MKC_d0;34800;INTARIAN_PEPPER_ROOT;11768;12;11764;27;;;11778;19;11782;17;;;11773.0;0.0
yf_MKC_d0;34900;ASH_COATED_OSMIUM;9986;23;9984;30;;;9999;11;10003;10;;;9992.5;0.0
yf_MKC_d0;34900;INTARIAN_PEPPER_ROOT;11772;16;11769;16;;;11778;17;11782;21;;;11775.0;0.0
yf_MKC_d0;35000;ASH_COATED_OSMIUM;9989;8;9985;19;;;9995;14;9998;20;;;9992.0;0.0
yf_MKC_d0;35000;INTARIAN_PEPPER_ROOT;11775;8;11773;22;;;11781;30;11784;21;;;11778.0;0.0
yf_MKC_d0;35100;ASH_COATED_OSMIUM;9989;16;9987;17;;;9995;14;9998;20;;;9992.0;0.0
yf_MKC_d0;35100;INTARIAN_PEPPER_ROOT;11773;11;11770;17;;;11787;8;11789;20;;;11780.0;0.0
yf_MKC_d0;35200;ASH_COATED_OSMIUM;9989;19;9987;27;;;9995;16;9997;19;;;9992.0;0.0
yf_MKC_d0;35200;INTARIAN_PEPPER_ROOT;11768;20;11764;20;;;11797;16;11799;13;;;11782.5;0.0
yf_MKC_d0;35300;ASH_COATED_OSMIUM;9989;18;9987;23;;;9996;13;9999;21;;;9992.5;0.0
yf_MKC_d0;35300;INTARIAN_PEPPER_ROOT;11765;21;11763;22;;;11806;18;11808;18;;;11785.5;0.0
yf_MKC_d0;35400;ASH_COATED_OSMIUM;9984;19;9980;26;;;10000;14;10002;21;;;9992.0;0.0
yf_MKC_d0;35400;INTARIAN_PEPPER_ROOT;11785;13;11783;22;;;11791;11;11794;24;;;11788.0;0.0
yf_MKC_d0;35500;ASH_COATED_OSMIUM;9989;22;9987;17;;;9995;6;9998;27;;;9992.0;0.0
yf_MKC_d0;35500;INTARIAN_PEPPER_ROOT;11787;24;11784;16;;;11793;21;11796;12;;;11790.0;0.0
yf_MKC_d0;35600;ASH_COATED_OSMIUM;9989;6;9985;25;;;9995;15;9999;19;;;9992.0;0.0
yf_MKC_d0;35600;INTARIAN_PEPPER_ROOT;11790;13;11787;8;;;11796;17;11798;18;;;11793.0;0.0
yf_MKC_d0;35700;ASH_COATED_OSMIUM;9989;16;9987;19;;;9995;9;9998;16;;;9992.0;0.0
yf_MKC_d0;35700;INTARIAN_PEPPER_ROOT;11790;9;11788;18;;;11800;20;11802;18;;;11795.0;0.0
yf_MKC_d0;35800;ASH_COATED_OSMIUM;9989;19;9985;19;;;9995;14;9997;16;;;9992.0;0.0
yf_MKC_d0;35800;INTARIAN_PEPPER_ROOT;11795;18;11792;24;;;11801;11;11804;16;;;11798.0;0.0
yf_MKC_d0;35900;ASH_COATED_OSMIUM;9988;13;9985;17;;;9994;13;9996;19;;;9991.0;0.0
yf_MKC_d0;35900;INTARIAN_PEPPER_ROOT;11797;20;11794;23;;;11803;14;11805;16;;;11800.0;0.0
yf_MKC_d0;36000;ASH_COATED_OSMIUM;9989;13;9985;17;;;9995;5;9998;23;;;9992.0;0.0
yf_MKC_d0;36000;INTARIAN_PEPPER_ROOT;11799;22;11796;19;;;11808;10;11811;17;;;11803.5;0.0
yf_MKC_d0;36100;ASH_COATED_OSMIUM;9989;27;9985;23;;;9995;9;9997;29;;;9992.0;0.0
yf_MKC_d0;36100;INTARIAN_PEPPER_ROOT;11802;12;11799;27;;;11808;13;11811;19;;;11805.0;0.0
yf_MKC_d0;36200;ASH_COATED_OSMIUM;9986;17;9982;9;;;9997;24;9999;9;;;9991.5;0.0
yf_MKC_d0;36200;INTARIAN_PEPPER_ROOT;11804;10;11802;25;;;11811;9;11814;24;;;11807.5;0.0
yf_MKC_d0;36300;ASH_COATED_OSMIUM;9988;16;9984;21;;;9994;7;9997;20;;;9991.0;0.0
yf_MKC_d0;36300;INTARIAN_PEPPER_ROOT;11807;16;11805;19;;;11813;19;11816;19;;;11810.0;0.0
yf_MKC_d0;36400;ASH_COATED_OSMIUM;9988;5;9984;30;;;9994;15;9998;17;;;9991.0;0.0
yf_MKC_d0;36400;INTARIAN_PEPPER_ROOT;11808;12;11806;26;;;11817;10;11821;13;;;11812.5;0.0
yf_MKC_d0;36500;ASH_COATED_OSMIUM;9982;12;9980;33;;;10001;20;10004;33;;;9991.5;0.0
yf_MKC_d0;36500;INTARIAN_PEPPER_ROOT;11807;20;11805;29;;;11823;13;11826;27;;;11815.0;0.0
yf_MKC_d0;36600;ASH_COATED_OSMIUM;9982;19;9980;28;;;10001;17;10005;35;;;9991.5;0.0
yf_MKC_d0;36600;INTARIAN_PEPPER_ROOT;11809;13;11806;22;;;11826;15;11829;13;;;11817.5;0.0
yf_MKC_d0;36700;ASH_COATED_OSMIUM;9988;15;9986;19;;;9994;16;9996;22;;;9991.0;0.0
yf_MKC_d0;36700;INTARIAN_PEPPER_ROOT;11818;5;11816;27;;;11824;14;11828;13;;;11821.0;0.0
yf_MKC_d0;36800;ASH_COATED_OSMIUM;9986;15;9983;14;;;9995;20;9998;22;;;9990.5;0.0
yf_MKC_d0;36800;INTARIAN_PEPPER_ROOT;11810;8;11807;23;;;11835;18;11837;23;;;11822.5;0.0
yf_MKC_d0;36900;ASH_COATED_OSMIUM;9957;18;9955;23;;;10026;9;10029;19;;;9991.5;0.0
yf_MKC_d0;36900;INTARIAN_PEPPER_ROOT;11819;20;11817;22;;;11831;16;11834;25;;;11825.0;0.0
yf_MKC_d0;37000;ASH_COATED_OSMIUM;9989;19;9986;17;;;9995;17;9999;19;;;9992.0;0.0
yf_MKC_d0;37000;INTARIAN_PEPPER_ROOT;11811;19;11807;22;;;11843;18;11846;8;;;11827.0;0.0
yf_MKC_d0;37100;ASH_COATED_OSMIUM;9988;12;9985;20;;;9994;11;9998;17;;;9991.0;0.0
yf_MKC_d0;37100;INTARIAN_PEPPER_ROOT;11828;26;11824;20;;;11834;19;11838;16;;;11831.0;0.0
yf_MKC_d0;37200;ASH_COATED_OSMIUM;9988;20;9986;19;;;9994;17;9996;11;;;9991.0;0.0
yf_MKC_d0;37200;INTARIAN_PEPPER_ROOT;11827;20;11823;20;;;11839;16;11842;22;;;11833.0;0.0
yf_MKC_d0;37300;ASH_COATED_OSMIUM;9988;11;9986;26;;;9994;13;9996;15;;;9991.0;0.0
yf_MKC_d0;37300;INTARIAN_PEPPER_ROOT;11832;14;11828;24;;;11838;6;11841;13;;;11835.0;0.0
yf_MKC_d0;37400;ASH_COATED_OSMIUM;9988;20;9985;17;;;9994;10;9998;22;;;9991.0;0.0
yf_MKC_d0;37400;INTARIAN_PEPPER_ROOT;11825;6;11821;28;;;11850;10;11852;31;;;11837.5;0.0
yf_MKC_d0;37500;ASH_COATED_OSMIUM;9988;17;9984;22;;;9994;19;9997;22;;;9991.0;0.0
yf_MKC_d0;37500;INTARIAN_PEPPER_ROOT;11837;7;11834;23;;;11845;15;11847;25;;;11841.0;0.0
yf_MKC_d0;37600;ASH_COATED_OSMIUM;9987;5;9983;24;;;9993;6;9996;18;;;9990.0;0.0
yf_MKC_d0;37600;INTARIAN_PEPPER_ROOT;11840;13;11837;22;;;11846;17;11849;11;;;11843.0;0.0
yf_MKC_d0;37700;ASH_COATED_OSMIUM;9988;18;9986;24;;;9994;8;9998;13;;;9991.0;0.0
yf_MKC_d0;37700;INTARIAN_PEPPER_ROOT;11842;10;11839;29;;;11848;17;11852;21;;;11845.0;0.0
yf_MKC_d0;37800;ASH_COATED_OSMIUM;9988;18;9985;25;;;9994;17;9998;16;;;9991.0;0.0
yf_MKC_d0;37800;INTARIAN_PEPPER_ROOT;11841;16;11838;29;;;11855;17;11858;16;;;11848.0;0.0
yf_MKC_d0;37900;ASH_COATED_OSMIUM;9988;21;9986;20;;;9994;17;9998;22;;;9991.0;0.0
yf_MKC_d0;37900;INTARIAN_PEPPER_ROOT;11847;12;11845;15;;;11853;15;11855;27;;;11850.0;0.0
yf_MKC_d0;38000;ASH_COATED_OSMIUM;9976;15;9973;15;;;10006;20;10008;15;;;9991.0;0.0
yf_MKC_d0;38000;INTARIAN_PEPPER_ROOT;11850;9;11847;17;;;11856;9;11858;25;;;11853.0;0.0
yf_MKC_d0;38100;ASH_COATED_OSMIUM;9985;22;9982;27;;;9996;5;10000;22;;;9990.5;0.0
yf_MKC_d0;38100;INTARIAN_PEPPER_ROOT;11851;11;11849;26;;;11859;17;11861;20;;;11855.0;0.0
yf_MKC_d0;38200;ASH_COATED_OSMIUM;9987;10;9983;15;;;9993;12;9995;21;;;9990.0;0.0
yf_MKC_d0;38200;INTARIAN_PEPPER_ROOT;11855;9;11852;26;;;11861;10;11863;20;;;11858.0;0.0
yf_MKC_d0;38300;ASH_COATED_OSMIUM;9987;6;9985;23;;;9993;23;9996;14;;;9990.0;0.0
yf_MKC_d0;38300;INTARIAN_PEPPER_ROOT;11854;23;11850;19;;;11867;17;11869;15;;;11860.5;0.0
yf_MKC_d0;38400;ASH_COATED_OSMIUM;9987;12;9985;11;;;9993;9;9996;28;;;9990.0;0.0
yf_MKC_d0;38400;INTARIAN_PEPPER_ROOT;11856;13;11852;21;;;11870;7;11873;30;;;11863.0;0.0
yf_MKC_d0;38500;ASH_COATED_OSMIUM;9986;14;9982;22;;;9995;7;9998;21;;;9990.5;0.0
yf_MKC_d0;38500;INTARIAN_PEPPER_ROOT;11863;14;11860;20;;;11869;15;11873;20;;;11866.0;0.0
yf_MKC_d0;38600;ASH_COATED_OSMIUM;9974;20;9970;16;;;10007;26;10010;13;;;9990.5;0.0
yf_MKC_d0;38600;INTARIAN_PEPPER_ROOT;11865;16;11862;24;;;11871;8;11873;13;;;11868.0;0.0
yf_MKC_d0;38700;ASH_COATED_OSMIUM;9987;20;9985;25;;;9993;19;9995;20;;;9990.0;0.0
yf_MKC_d0;38700;INTARIAN_PEPPER_ROOT;11867;20;11864;31;;;11873;12;11875;21;;;11870.0;0.0
yf_MKC_d0;38800;ASH_COATED_OSMIUM;9987;13;9985;21;;;9993;17;9997;24;;;9990.0;0.0
yf_MKC_d0;38800;INTARIAN_PEPPER_ROOT;11863;5;11861;22;;;11884;14;11886;15;;;11873.5;0.0
yf_MKC_d0;38900;ASH_COATED_OSMIUM;9986;20;9983;15;;;9993;16;9997;33;;;9989.5;0.0
yf_MKC_d0;38900;INTARIAN_PEPPER_ROOT;11863;21;11861;29;;;11888;16;11892;10;;;11875.5;0.0
yf_MKC_d0;39000;ASH_COATED_OSMIUM;9985;13;9981;21;;;9995;17;9997;17;;;9990.0;0.0
yf_MKC_d0;39000;INTARIAN_PEPPER_ROOT;11875;18;11872;29;;;11881;10;11885;28;;;11878.0;0.0
yf_MKC_d0;39100;ASH_COATED_OSMIUM;9987;12;9983;15;;;9993;6;9995;27;;;9990.0;0.0
yf_MKC_d0;39100;INTARIAN_PEPPER_ROOT;11878;22;11875;20;;;11884;18;11887;17;;;11881.0;0.0
yf_MKC_d0;39200;ASH_COATED_OSMIUM;9985;13;9982;20;;;9996;13;9998;22;;;9990.5;0.0
yf_MKC_d0;39200;INTARIAN_PEPPER_ROOT;11880;16;11876;19;;;11886;16;11888;20;;;11883.0;0.0
yf_MKC_d0;39300;ASH_COATED_OSMIUM;9985;16;9982;22;;;9994;11;9996;20;;;9989.5;0.0
yf_MKC_d0;39300;INTARIAN_PEPPER_ROOT;11883;9;11881;15;;;11889;15;11892;16;;;11886.0;0.0
yf_MKC_d0;39400;ASH_COATED_OSMIUM;9987;21;9984;13;;;9993;10;9995;26;;;9990.0;0.0
yf_MKC_d0;39400;INTARIAN_PEPPER_ROOT;11883;12;11879;25;;;11893;13;11897;30;;;11888.0;0.0
yf_MKC_d0;39500;ASH_COATED_OSMIUM;9986;23;9982;12;;;9994;13;9996;9;;;9990.0;0.0
yf_MKC_d0;39500;INTARIAN_PEPPER_ROOT;11886;21;11882;16;;;11894;22;11896;16;;;11890.0;0.0
yf_MKC_d0;39600;ASH_COATED_OSMIUM;9986;15;9983;24;;;9993;13;9997;12;;;9989.5;0.0
yf_MKC_d0;39600;INTARIAN_PEPPER_ROOT;11890;16;11886;15;;;11896;15;11898;17;;;11893.0;0.0
yf_MKC_d0;39700;ASH_COATED_OSMIUM;9987;8;9984;29;;;9993;6;9996;17;;;9990.0;0.0
yf_MKC_d0;39700;INTARIAN_PEPPER_ROOT;11891;24;11889;22;;;11901;16;11905;22;;;11896.0;0.0
yf_MKC_d0;39800;ASH_COATED_OSMIUM;9987;21;9984;28;;;9993;16;9996;15;;;9990.0;0.0
yf_MKC_d0;39800;INTARIAN_PEPPER_ROOT;11895;14;11893;18;;;11901;11;11904;14;;;11898.0;0.0
yf_MKC_d0;39900;ASH_COATED_OSMIUM;9986;8;9982;20;;;9992;15;9994;18;;;9989.0;0.0
yf_MKC_d0;39900;INTARIAN_PEPPER_ROOT;11897;12;11895;19;;;11903;16;11906;19;;;11900.0;0.0
yf_MKC_d0;40000;ASH_COATED_OSMIUM;9987;13;9985;20;;;9993;13;9997;10;;;9990.0;0.0
yf_MKC_d0;40000;INTARIAN_PEPPER_ROOT;11897;9;11893;23;;;11910;16;11914;22;;;11903.5;0.0
yf_MKC_d0;40100;ASH_COATED_OSMIUM;9987;19;9983;15;;;9993;20;9995;14;;;9990.0;0.0
yf_MKC_d0;40100;INTARIAN_PEPPER_ROOT;11903;9;11901;18;;;11909;15;11913;20;;;11906.0;0.0
yf_MKC_d0;40200;ASH_COATED_OSMIUM;9986;19;9984;22;;;9992;14;9995;9;;;9989.0;0.0
yf_MKC_d0;40200;INTARIAN_PEPPER_ROOT;11904;15;11901;18;;;11910;20;11912;15;;;11907.0;0.0
yf_MKC_d0;40300;ASH_COATED_OSMIUM;9985;14;9981;20;;;9994;12;9998;12;;;9989.5;0.0
yf_MKC_d0;40300;INTARIAN_PEPPER_ROOT;11905;18;11903;17;;;11915;17;11919;12;;;11910.0;0.0
yf_MKC_d0;40400;ASH_COATED_OSMIUM;9986;10;9983;27;;;9992;13;9995;18;;;9989.0;0.0
yf_MKC_d0;40400;INTARIAN_PEPPER_ROOT;11910;20;11907;27;;;11916;16;11918;13;;;11913.0;0.0
yf_MKC_d0;40500;ASH_COATED_OSMIUM;9982;21;9980;21;;;9995;16;9997;20;;;9988.5;0.0
yf_MKC_d0;40500;INTARIAN_PEPPER_ROOT;11911;7;11908;20;;;11921;10;11925;28;;;11916.0;0.0
yf_MKC_d0;40600;ASH_COATED_OSMIUM;9986;16;9982;15;;;9992;14;9995;22;;;9989.0;0.0
yf_MKC_d0;40600;INTARIAN_PEPPER_ROOT;11915;8;11913;19;;;11921;25;11924;23;;;11918.0;0.0
yf_MKC_d0;40700;ASH_COATED_OSMIUM;9986;8;9983;25;;;9992;9;9995;17;;;9989.0;0.0
yf_MKC_d0;40700;INTARIAN_PEPPER_ROOT;11918;19;11915;23;;;11924;16;11927;14;;;11921.0;0.0
yf_MKC_d0;40800;ASH_COATED_OSMIUM;9985;14;9981;21;;;9993;16;9996;20;;;9989.0;0.0
yf_MKC_d0;40800;INTARIAN_PEPPER_ROOT;11920;16;11918;15;;;11926;17;11929;11;;;11923.0;0.0
yf_MKC_d0;40900;ASH_COATED_OSMIUM;9983;22;9981;25;;;9996;13;9999;35;;;9989.5;0.0
yf_MKC_d0;40900;INTARIAN_PEPPER_ROOT;11919;16;11916;21;;;11930;18;11932;20;;;11924.5;0.0
yf_MKC_d0;41000;ASH_COATED_OSMIUM;9983;15;9981;24;;;9995;19;9998;23;;;9989.0;0.0
yf_MKC_d0;41000;INTARIAN_PEPPER_ROOT;11925;15;11921;17;;;11931;8;11935;19;;;11928.0;0.0
yf_MKC_d0;41100;ASH_COATED_OSMIUM;9982;21;9979;20;;;9994;13;9996;16;;;9988.0;0.0
yf_MKC_d0;41100;INTARIAN_PEPPER_ROOT;11927;15;11925;20;;;11933;22;11936;26;;;11930.0;0.0
yf_MKC_d0;41200;ASH_COATED_OSMIUM;9983;12;9979;19;;;9995;18;9999;20;;;9989.0;0.0
yf_MKC_d0;41200;INTARIAN_PEPPER_ROOT;11926;11;11922;21;;;11940;23;11942;19;;;11933.0;0.0
yf_MKC_d0;41300;ASH_COATED_OSMIUM;9986;10;9983;19;;;9992;22;9995;24;;;9989.0;0.0
yf_MKC_d0;41300;INTARIAN_PEPPER_ROOT;11921;17;11918;25;;;11951;13;11954;22;;;11936.0;0.0
yf_MKC_d0;41400;ASH_COATED_OSMIUM;9986;7;9982;27;;;9992;21;9996;25;;;9989.0;0.0
yf_MKC_d0;41400;INTARIAN_PEPPER_ROOT;11934;17;11932;25;;;11942;8;11944;19;;;11938.0;0.0
yf_MKC_d0;41500;ASH_COATED_OSMIUM;9985;5;9983;15;;;9994;16;9996;21;;;9989.5;0.0
yf_MKC_d0;41500;INTARIAN_PEPPER_ROOT;11938;12;11934;19;;;11944;8;11947;23;;;11941.0;0.0
yf_MKC_d0;41600;ASH_COATED_OSMIUM;9986;17;9982;17;;;9992;15;9996;12;;;9989.0;0.0
yf_MKC_d0;41600;INTARIAN_PEPPER_ROOT;11938;20;11936;23;;;11948;5;11952;18;;;11943.0;0.0
yf_MKC_d0;41700;ASH_COATED_OSMIUM;9986;11;9984;25;;;9992;10;9996;28;;;9989.0;0.0
yf_MKC_d0;41700;INTARIAN_PEPPER_ROOT;11943;18;11940;13;;;11949;20;11952;25;;;11946.0;0.0
yf_MKC_d0;41800;ASH_COATED_OSMIUM;9986;13;9984;9;;;9992;16;9996;14;;;9989.0;0.0
yf_MKC_d0;41800;INTARIAN_PEPPER_ROOT;11945;14;11943;18;;;11951;10;11953;17;;;11948.0;0.0
yf_MKC_d0;41900;ASH_COATED_OSMIUM;9984;16;9981;19;;;9994;18;9998;15;;;9989.0;0.0
yf_MKC_d0;41900;INTARIAN_PEPPER_ROOT;11944;20;11942;23;;;11956;11;11959;23;;;11950.0;0.0
yf_MKC_d0;42000;ASH_COATED_OSMIUM;9986;13;9984;30;;;9992;16;9995;15;;;9989.0;0.0
yf_MKC_d0;42000;INTARIAN_PEPPER_ROOT;11950;8;11947;9;;;11956;16;11958;23;;;11953.0;0.0
yf_MKC_d0;42100;ASH_COATED_OSMIUM;9983;15;9981;14;;;9994;13;9996;11;;;9988.5;0.0
yf_MKC_d0;42100;INTARIAN_PEPPER_ROOT;11954;19;11950;26;;;11960;8;11964;25;;;11957.0;0.0
yf_MKC_d0;42200;ASH_COATED_OSMIUM;9986;17;9984;11;;;9992;15;9996;23;;;9989.0;0.0
yf_MKC_d0;42200;INTARIAN_PEPPER_ROOT;11955;16;11951;25;;;11961;18;11965;20;;;11958.0;0.0
yf_MKC_d0;42300;ASH_COATED_OSMIUM;9983;6;9980;14;;;9994;9;9998;15;;;9988.5;0.0
yf_MKC_d0;42300;INTARIAN_PEPPER_ROOT;11958;21;11956;25;;;11964;12;11968;12;;;11961.0;0.0
yf_MKC_d0;42400;ASH_COATED_OSMIUM;9985;7;9983;11;;;9991;16;9995;15;;;9988.0;0.0
yf_MKC_d0;42400;INTARIAN_PEPPER_ROOT;11959;14;11957;28;;;11966;22;11970;15;;;11962.5;0.0
yf_MKC_d0;42500;ASH_COATED_OSMIUM;9985;14;9983;30;;;9991;14;9995;27;;;9988.0;0.0
yf_MKC_d0;42500;INTARIAN_PEPPER_ROOT;11961;14;11957;25;;;11971;14;11974;15;;;11966.0;0.0
yf_MKC_d0;42600;ASH_COATED_OSMIUM;9986;14;9984;25;;;9992;14;9995;24;;;9989.0;0.0
yf_MKC_d0;42600;INTARIAN_PEPPER_ROOT;11964;20;11960;24;;;11973;13;11976;26;;;11968.5;0.0
yf_MKC_d0;42700;ASH_COATED_OSMIUM;9982;18;9978;20;;;9994;14;9998;22;;;9988.0;0.0
yf_MKC_d0;42700;INTARIAN_PEPPER_ROOT;11967;20;11964;19;;;11974;9;11977;20;;;11970.5;0.0
yf_MKC_d0;42800;ASH_COATED_OSMIUM;9985;5;9982;22;;;9991;13;9994;14;;;9988.0;0.0
yf_MKC_d0;42800;INTARIAN_PEPPER_ROOT;11970;17;11966;12;;;11976;18;11980;18;;;11973.0;0.0
yf_MKC_d0;42900;ASH_COATED_OSMIUM;9985;10;9983;19;;;9991;13;9994;15;;;9988.0;0.0
yf_MKC_d0;42900;INTARIAN_PEPPER_ROOT;11970;13;11968;17;;;11981;15;11983;14;;;11975.5;0.0
yf_MKC_d0;43000;ASH_COATED_OSMIUM;9985;16;9983;18;;;9991;11;9994;12;;;9988.0;0.0
yf_MKC_d0;43000;INTARIAN_PEPPER_ROOT;11975;12;11973;20;;;11981;12;11985;20;;;11978.0;0.0
yf_MKC_d0;43100;ASH_COATED_OSMIUM;9985;23;9982;18;;;9991;16;9995;19;;;9988.0;0.0
yf_MKC_d0;43100;INTARIAN_PEPPER_ROOT;11973;13;11969;16;;;11989;16;11993;22;;;11981.0;0.0
yf_MKC_d0;43200;ASH_COATED_OSMIUM;9982;18;9979;21;;;9994;18;9997;18;;;9988.0;0.0
yf_MKC_d0;43200;INTARIAN_PEPPER_ROOT;11980;7;11976;21;;;11987;17;11991;19;;;11983.5;0.0
yf_MKC_d0;43300;ASH_COATED_OSMIUM;9984;15;9981;15;;;9990;20;9994;15;;;9987.0;0.0
yf_MKC_d0;43300;INTARIAN_PEPPER_ROOT;11977;19;11974;19;;;11995;10;11998;13;;;11986.0;0.0
yf_MKC_d0;43400;ASH_COATED_OSMIUM;9984;9;9980;20;;;9992;15;9996;19;;;9988.0;0.0
yf_MKC_d0;43400;INTARIAN_PEPPER_ROOT;11985;14;11982;8;;;11991;12;11994;16;;;11988.0;0.0
yf_MKC_d0;43500;ASH_COATED_OSMIUM;9979;17;9976;18;;;9995;17;9999;9;;;9987.0;0.0
yf_MKC_d0;43500;INTARIAN_PEPPER_ROOT;11988;5;11986;12;;;11994;9;11996;23;;;11991.0;0.0
yf_MKC_d0;43600;ASH_COATED_OSMIUM;9979;9;9975;25;;;9997;10;10000;16;;;9988.0;0.0
yf_MKC_d0;43600;INTARIAN_PEPPER_ROOT;11990;14;11986;21;;;11996;19;12000;24;;;11993.0;0.0
yf_MKC_d0;43700;ASH_COATED_OSMIUM;9984;11;9980;16;;;9990;9;9992;20;;;9987.0;0.0
yf_MKC_d0;43700;INTARIAN_PEPPER_ROOT;11992;18;11988;20;;;11999;20;12002;25;;;11995.5;0.0
yf_MKC_d0;43800;ASH_COATED_OSMIUM;9973;11;9969;19;;;10003;15;10006;35;;;9988.0;0.0
yf_MKC_d0;43800;INTARIAN_PEPPER_ROOT;11996;16;11993;25;;;12002;19;12005;10;;;11999.0;0.0
yf_MKC_d0;43900;ASH_COATED_OSMIUM;9984;21;9981;17;;;9990;15;9992;22;;;9987.0;0.0
yf_MKC_d0;43900;INTARIAN_PEPPER_ROOT;11997;21;11993;24;;;12004;7;12008;22;;;12000.5;0.0
yf_MKC_d0;44000;ASH_COATED_OSMIUM;9984;16;9981;21;;;9991;18;9994;21;;;9987.5;0.0
yf_MKC_d0;44000;INTARIAN_PEPPER_ROOT;12000;9;11998;19;;;12006;14;12010;25;;;12003.0;0.0
yf_MKC_d0;44100;ASH_COATED_OSMIUM;9985;8;9983;28;;;9991;8;9993;22;;;9988.0;0.0
yf_MKC_d0;44100;INTARIAN_PEPPER_ROOT;12003;8;12000;26;;;12009;12;12011;18;;;12006.0;0.0
yf_MKC_d0;44200;ASH_COATED_OSMIUM;9984;14;9982;21;;;9990;10;9993;17;;;9987.0;0.0
yf_MKC_d0;44200;INTARIAN_PEPPER_ROOT;12005;9;12002;24;;;12011;8;12015;13;;;12008.0;0.0
yf_MKC_d0;44300;ASH_COATED_OSMIUM;9982;13;9978;23;;;9992;24;9995;29;;;9987.0;0.0
yf_MKC_d0;44300;INTARIAN_PEPPER_ROOT;12008;8;12004;16;;;12014;14;12016;23;;;12011.0;0.0
yf_MKC_d0;44400;ASH_COATED_OSMIUM;9984;6;9982;20;;;9990;18;9994;21;;;9987.0;0.0
yf_MKC_d0;44400;INTARIAN_PEPPER_ROOT;12010;20;12007;16;;;12016;19;12019;22;;;12013.0;0.0
yf_MKC_d0;44500;ASH_COATED_OSMIUM;9984;11;9982;8;;;9990;11;9992;15;;;9987.0;0.0
yf_MKC_d0;44500;INTARIAN_PEPPER_ROOT;12013;18;12010;20;;;12020;14;12022;17;;;12016.5;0.0
yf_MKC_d0;44600;ASH_COATED_OSMIUM;9984;10;9981;22;;;9991;18;9993;16;;;9987.5;0.0
yf_MKC_d0;44600;INTARIAN_PEPPER_ROOT;12015;19;12012;13;;;12021;25;12024;24;;;12018.0;0.0
yf_MKC_d0;44700;ASH_COATED_OSMIUM;9982;19;9980;18;;;9992;19;9996;17;;;9987.0;0.0
yf_MKC_d0;44700;INTARIAN_PEPPER_ROOT;12017;20;12015;22;;;12025;18;12028;14;;;12021.0;0.0
yf_MKC_d0;44800;ASH_COATED_OSMIUM;9979;14;9977;27;;;9994;13;9997;17;;;9986.5;0.0
yf_MKC_d0;44800;INTARIAN_PEPPER_ROOT;12016;18;12012;21;;;12031;18;12035;31;;;12023.5;0.0
yf_MKC_d0;44900;ASH_COATED_OSMIUM;9982;25;9979;19;;;9991;21;9994;14;;;9986.5;0.0
yf_MKC_d0;44900;INTARIAN_PEPPER_ROOT;12023;12;12019;15;;;12029;10;12031;28;;;12026.0;0.0
yf_MKC_d0;45000;ASH_COATED_OSMIUM;9984;11;9981;27;;;9990;11;9992;27;;;9987.0;0.0
yf_MKC_d0;45000;INTARIAN_PEPPER_ROOT;12025;15;12021;17;;;12032;12;12034;16;;;12028.5;0.0
yf_MKC_d0;45100;ASH_COATED_OSMIUM;9984;16;9982;22;;;9990;14;9993;16;;;9987.0;0.0
yf_MKC_d0;45100;INTARIAN_PEPPER_ROOT;12028;13;12024;14;;;12034;16;12036;17;;;12031.0;0.0
yf_MKC_d0;45200;ASH_COATED_OSMIUM;9982;13;9978;17;;;9992;10;9995;25;;;9987.0;0.0
yf_MKC_d0;45200;INTARIAN_PEPPER_ROOT;12030;16;12027;14;;;12036;25;12039;19;;;12033.0;0.0
yf_MKC_d0;45300;ASH_COATED_OSMIUM;9984;17;9982;23;;;9990;17;9994;17;;;9987.0;0.0
yf_MKC_d0;45300;INTARIAN_PEPPER_ROOT;12019;26;12017;24;;;12052;14;12056;18;;;12035.5;0.0
yf_MKC_d0;45400;ASH_COATED_OSMIUM;9984;14;9980;19;;;9990;15;9994;26;;;9987.0;0.0
yf_MKC_d0;45400;INTARIAN_PEPPER_ROOT;12035;10;12033;18;;;12041;18;12045;10;;;12038.0;0.0
yf_MKC_d0;45500;ASH_COATED_OSMIUM;9977;21;9973;25;;;9996;13;10000;20;;;9986.5;0.0
yf_MKC_d0;45500;INTARIAN_PEPPER_ROOT;12029;21;12025;20;;;12053;5;12056;18;;;12041.0;0.0
yf_MKC_d0;45600;ASH_COATED_OSMIUM;9982;12;9978;8;;;9992;18;9996;17;;;9987.0;0.0
yf_MKC_d0;45600;INTARIAN_PEPPER_ROOT;12040;26;12038;12;;;12049;20;12052;24;;;12044.5;0.0
yf_MKC_d0;45700;ASH_COATED_OSMIUM;9984;10;9981;16;;;9990;16;9993;20;;;9987.0;0.0
yf_MKC_d0;45700;INTARIAN_PEPPER_ROOT;12043;17;12041;21;;;12049;16;12053;15;;;12046.0;0.0
yf_MKC_d0;45800;ASH_COATED_OSMIUM;9975;5;9971;20;;;9999;12;10003;18;;;9987.0;0.0
yf_MKC_d0;45800;INTARIAN_PEPPER_ROOT;12045;20;12042;13;;;12051;14;12054;12;;;12048.0;0.0
yf_MKC_d0;45900;ASH_COATED_OSMIUM;9984;5;9980;21;;;9990;14;9994;18;;;9987.0;0.0
yf_MKC_d0;45900;INTARIAN_PEPPER_ROOT;12042;12;12038;21;;;12060;13;12062;24;;;12051.0;0.0
yf_MKC_d0;46000;ASH_COATED_OSMIUM;9977;21;9975;9;;;9995;20;9998;17;;;9986.0;0.0
yf_MKC_d0;46000;INTARIAN_PEPPER_ROOT;12049;18;12045;25;;;12057;18;12059;22;;;12053.0;0.0
yf_MKC_d0;46100;ASH_COATED_OSMIUM;9983;11;9980;21;;;9989;14;9993;15;;;9986.0;0.0
yf_MKC_d0;46100;INTARIAN_PEPPER_ROOT;12050;7;12046;15;;;12062;14;12066;16;;;12056.0;0.0
yf_MKC_d0;46200;ASH_COATED_OSMIUM;9981;8;9977;21;;;9993;15;9996;12;;;9987.0;0.0
yf_MKC_d0;46200;INTARIAN_PEPPER_ROOT;12055;16;12052;23;;;12061;10;12065;20;;;12058.0;0.0
yf_MKC_d0;46300;ASH_COATED_OSMIUM;9972;18;9970;19;;;10000;9;10002;26;;;9986.0;0.0
yf_MKC_d0;46300;INTARIAN_PEPPER_ROOT;12058;15;12056;26;;;12064;11;12066;17;;;12061.0;0.0
yf_MKC_d0;46400;ASH_COATED_OSMIUM;9983;19;9980;17;;;9989;15;9991;14;;;9986.0;0.0
yf_MKC_d0;46400;INTARIAN_PEPPER_ROOT;12060;10;12056;24;;;12066;5;12068;23;;;12063.0;0.0
yf_MKC_d0;46500;ASH_COATED_OSMIUM;9983;12;9981;21;;;9989;14;9992;15;;;9986.0;0.0
yf_MKC_d0;46500;INTARIAN_PEPPER_ROOT;12063;22;12060;14;;;12069;20;12072;15;;;12066.0;0.0
yf_MKC_d0;46600;ASH_COATED_OSMIUM;9977;21;9974;19;;;9996;14;9998;22;;;9986.5;0.0
yf_MKC_d0;46600;INTARIAN_PEPPER_ROOT;12065;20;12061;20;;;12071;15;12073;22;;;12068.0;0.0
yf_MKC_d0;46700;ASH_COATED_OSMIUM;9976;19;9972;27;;;9998;21;10002;18;;;9987.0;0.0
yf_MKC_d0;46700;INTARIAN_PEPPER_ROOT;12068;20;12065;22;;;12074;14;12076;22;;;12071.0;0.0
yf_MKC_d0;46800;ASH_COATED_OSMIUM;9978;8;9976;22;;;9993;9;9995;19;;;9985.5;0.0
yf_MKC_d0;46800;INTARIAN_PEPPER_ROOT;12070;8;12066;13;;;12076;8;12080;27;;;12073.0;0.0
yf_MKC_d0;46900;ASH_COATED_OSMIUM;9981;19;9979;20;;;9992;18;9996;15;;;9986.5;0.0
yf_MKC_d0;46900;INTARIAN_PEPPER_ROOT;12073;11;12070;12;;;12079;10;12083;13;;;12076.0;0.0
yf_MKC_d0;47000;ASH_COATED_OSMIUM;9983;15;9979;23;;;9989;13;9993;22;;;9986.0;0.0
yf_MKC_d0;47000;INTARIAN_PEPPER_ROOT;12075;17;12071;21;;;12081;8;12083;25;;;12078.0;0.0
yf_MKC_d0;47100;ASH_COATED_OSMIUM;9980;11;9978;22;;;9992;16;9994;19;;;9986.0;0.0
yf_MKC_d0;47100;INTARIAN_PEPPER_ROOT;12078;11;12074;18;;;12084;15;12086;25;;;12081.0;0.0
yf_MKC_d0;47200;ASH_COATED_OSMIUM;9976;14;9973;26;;;9997;16;10000;20;;;9986.5;0.0
yf_MKC_d0;47200;INTARIAN_PEPPER_ROOT;12070;24;12066;17;;;12096;19;12100;19;;;12083.0;0.0
yf_MKC_d0;47300;ASH_COATED_OSMIUM;9983;18;9980;20;;;9989;16;9992;23;;;9986.0;0.0
yf_MKC_d0;47300;INTARIAN_PEPPER_ROOT;12073;8;12069;24;;;12098;13;12101;19;;;12085.5;0.0
yf_MKC_d0;47400;ASH_COATED_OSMIUM;9982;15;9979;20;;;9988;14;9991;11;;;9985.0;0.0
yf_MKC_d0;47400;INTARIAN_PEPPER_ROOT;12085;12;12082;20;;;12091;22;12095;17;;;12088.0;0.0
yf_MKC_d0;47500;ASH_COATED_OSMIUM;9983;16;9979;18;;;9989;17;9991;19;;;9986.0;0.0
yf_MKC_d0;47500;INTARIAN_PEPPER_ROOT;12088;16;12084;19;;;12094;13;12097;24;;;12091.0;0.0
yf_MKC_d0;47600;ASH_COATED_OSMIUM;9977;15;9975;27;;;9993;17;9997;21;;;9985.0;0.0
yf_MKC_d0;47600;INTARIAN_PEPPER_ROOT;12090;5;12087;28;;;12097;20;12100;19;;;12093.5;0.0
yf_MKC_d0;47700;ASH_COATED_OSMIUM;9982;8;9978;20;;;9989;13;9992;18;;;9985.5;0.0
yf_MKC_d0;47700;INTARIAN_PEPPER_ROOT;12093;17;12091;10;;;12100;15;12103;28;;;12096.5;0.0
yf_MKC_d0;47800;ASH_COATED_OSMIUM;9983;14;9980;8;;;9989;20;9991;20;;;9986.0;0.0
yf_MKC_d0;47800;INTARIAN_PEPPER_ROOT;12086;15;12083;18;;;12110;24;12112;24;;;12098.0;0.0
yf_MKC_d0;47900;ASH_COATED_OSMIUM;9983;7;9979;16;;;9989;16;9993;27;;;9986.0;0.0
yf_MKC_d0;47900;INTARIAN_PEPPER_ROOT;12098;14;12095;11;;;12104;11;12107;17;;;12101.0;0.0
yf_MKC_d0;48000;ASH_COATED_OSMIUM;9983;14;9981;21;;;9989;8;9991;24;;;9986.0;0.0
yf_MKC_d0;48000;INTARIAN_PEPPER_ROOT;12101;16;12097;20;;;12107;15;12109;18;;;12104.0;0.0
yf_MKC_d0;48100;ASH_COATED_OSMIUM;9981;10;9978;18;;;9991;18;9994;19;;;9986.0;0.0
yf_MKC_d0;48100;INTARIAN_PEPPER_ROOT;12103;6;12100;23;;;12109;14;12113;22;;;12106.0;0.0
yf_MKC_d0;48200;ASH_COATED_OSMIUM;9973;18;9970;24;;;9998;14;10002;21;;;9985.5;0.0
yf_MKC_d0;48200;INTARIAN_PEPPER_ROOT;12106;21;12103;22;;;12112;19;12115;13;;;12109.0;0.0
yf_MKC_d0;48300;ASH_COATED_OSMIUM;9982;19;9979;19;;;9988;23;9992;25;;;9985.0;0.0
yf_MKC_d0;48300;INTARIAN_PEPPER_ROOT;12108;14;12106;19;;;12114;18;12117;21;;;12111.0;0.0
yf_MKC_d0;48400;ASH_COATED_OSMIUM;9981;19;9977;20;;;9989;20;9991;8;;;9985.0;0.0
yf_MKC_d0;48400;INTARIAN_PEPPER_ROOT;12111;20;12109;17;;;12117;8;12119;9;;;12114.0;0.0
yf_MKC_d0;48500;ASH_COATED_OSMIUM;9973;11;9969;23;;;9997;16;10000;21;;;9985.0;0.0
yf_MKC_d0;48500;INTARIAN_PEPPER_ROOT;12113;14;12109;9;;;12119;16;12122;14;;;12116.0;0.0
yf_MKC_d0;48600;ASH_COATED_OSMIUM;9982;18;9979;23;;;9988;14;9992;33;;;9985.0;0.0
yf_MKC_d0;48600;INTARIAN_PEPPER_ROOT;12115;16;12113;15;;;12122;6;12125;22;;;12118.5;0.0
yf_MKC_d0;48700;ASH_COATED_OSMIUM;9982;24;9979;17;;;9988;21;9990;15;;;9985.0;0.0
yf_MKC_d0;48700;INTARIAN_PEPPER_ROOT;12118;8;12114;19;;;12124;12;12128;9;;;12121.0;0.0
yf_MKC_d0;48800;ASH_COATED_OSMIUM;9981;11;9979;23;;;9989;24;9991;11;;;9985.0;0.0
yf_MKC_d0;48800;INTARIAN_PEPPER_ROOT;12119;12;12116;14;;;12128;15;12130;16;;;12123.5;0.0
yf_MKC_d0;48900;ASH_COATED_OSMIUM;9982;22;9979;21;;;9988;5;9990;16;;;9985.0;0.0
yf_MKC_d0;48900;INTARIAN_PEPPER_ROOT;12114;17;12111;14;;;12140;6;12143;8;;;12127.0;0.0
yf_MKC_d0;49000;ASH_COATED_OSMIUM;9982;19;9980;24;;;9988;20;9990;18;;;9985.0;0.0
yf_MKC_d0;49000;INTARIAN_PEPPER_ROOT;12125;14;12121;22;;;12134;11;12137;15;;;12129.5;0.0
yf_MKC_d0;49100;ASH_COATED_OSMIUM;9981;17;9979;14;;;9989;19;9992;22;;;9985.0;0.0
yf_MKC_d0;49100;INTARIAN_PEPPER_ROOT;12118;15;12114;21;;;12144;13;12146;8;;;12131.0;0.0
yf_MKC_d0;49200;ASH_COATED_OSMIUM;9979;12;9977;22;;;9991;17;9995;10;;;9985.0;0.0
yf_MKC_d0;49200;INTARIAN_PEPPER_ROOT;12129;18;12127;22;;;12138;19;12140;26;;;12133.5;0.0
yf_MKC_d0;49300;ASH_COATED_OSMIUM;9980;12;9978;9;;;9990;25;9993;8;;;9985.0;0.0
yf_MKC_d0;49300;INTARIAN_PEPPER_ROOT;12133;10;12129;19;;;12139;18;12143;26;;;12136.0;0.0
yf_MKC_d0;49400;ASH_COATED_OSMIUM;9982;9;9980;28;;;9988;13;9992;11;;;9985.0;0.0
yf_MKC_d0;49400;INTARIAN_PEPPER_ROOT;12136;24;12132;25;;;12142;7;12145;22;;;12139.0;0.0
yf_MKC_d0;49500;ASH_COATED_OSMIUM;9974;11;9972;13;;;9995;14;9999;21;;;9984.5;0.0
yf_MKC_d0;49500;INTARIAN_PEPPER_ROOT;12138;6;12134;19;;;12145;22;12147;14;;;12141.5;0.0
yf_MKC_d0;49600;ASH_COATED_OSMIUM;9964;18;9961;18;;;10005;12;10007;15;;;9984.5;0.0
yf_MKC_d0;49600;INTARIAN_PEPPER_ROOT;12138;16;12136;24;;;12149;19;12153;13;;;12143.5;0.0
yf_MKC_d0;49700;ASH_COATED_OSMIUM;9978;13;9975;14;;;9990;16;9993;14;;;9984.0;0.0
yf_MKC_d0;49700;INTARIAN_PEPPER_ROOT;12143;22;12139;21;;;12150;11;12153;22;;;12146.5;0.0
yf_MKC_d0;49800;ASH_COATED_OSMIUM;9981;10;9978;16;;;9989;17;9991;16;;;9985.0;0.0
yf_MKC_d0;49800;INTARIAN_PEPPER_ROOT;12145;20;12141;27;;;12151;13;12154;22;;;12148.0;0.0
yf_MKC_d0;49900;ASH_COATED_OSMIUM;9981;18;9978;13;;;9987;21;9991;14;;;9984.0;0.0
yf_MKC_d0;49900;INTARIAN_PEPPER_ROOT;12148;19;12146;22;;;12154;12;12158;20;;;12151.0;0.0
yf_MKC_d0;50000;ASH_COATED_OSMIUM;9981;17;9978;21;;;9987;9;9989;18;;;9984.0;0.0
yf_MKC_d0;50000;INTARIAN_PEPPER_ROOT;12150;17;12148;11;;;12156;17;12159;17;;;12153.0;0.0
yf_MKC_d0;50100;ASH_COATED_OSMIUM;9981;18;9979;12;;;9987;18;9990;21;;;9984.0;0.0
yf_MKC_d0;50100;INTARIAN_PEPPER_ROOT;12149;12;12146;9;;;12164;23;12168;17;;;12156.5;0.0
yf_MKC_d0;50200;ASH_COATED_OSMIUM;9982;18;9978;20;;;9988;5;9991;20;;;9985.0;0.0
yf_MKC_d0;50200;INTARIAN_PEPPER_ROOT;12153;7;12150;20;;;12165;15;12169;19;;;12159.0;0.0
yf_MKC_d0;50300;ASH_COATED_OSMIUM;9979;15;9977;20;;;9990;15;9994;19;;;9984.5;0.0
yf_MKC_d0;50300;INTARIAN_PEPPER_ROOT;12157;9;12153;17;;;12167;13;12169;21;;;12162.0;0.0
yf_MKC_d0;50400;ASH_COATED_OSMIUM;9980;11;9976;28;;;9989;15;9992;29;;;9984.5;0.0
yf_MKC_d0;50400;INTARIAN_PEPPER_ROOT;12161;25;12159;16;;;12167;14;12169;10;;;12164.0;0.0
yf_MKC_d0;50500;ASH_COATED_OSMIUM;9975;17;9971;17;;;9994;6;9997;15;;;9984.5;0.0
yf_MKC_d0;50500;INTARIAN_PEPPER_ROOT;12162;17;12160;21;;;12171;5;12174;15;;;12166.5;0.0
yf_MKC_d0;50600;ASH_COATED_OSMIUM;9976;21;9974;25;;;9993;10;9995;25;;;9984.5;0.0
yf_MKC_d0;50600;INTARIAN_PEPPER_ROOT;12165;17;12163;22;;;12171;17;12174;19;;;12168.0;0.0
yf_MKC_d0;50700;ASH_COATED_OSMIUM;9978;13;9976;18;;;9991;16;9994;21;;;9984.5;0.0
yf_MKC_d0;50700;INTARIAN_PEPPER_ROOT;12168;8;12164;20;;;12174;11;12177;25;;;12171.0;0.0
yf_MKC_d0;50800;ASH_COATED_OSMIUM;9977;16;9973;20;;;9991;9;9993;15;;;9984.0;0.0
yf_MKC_d0;50800;INTARIAN_PEPPER_ROOT;12171;15;12168;19;;;12177;19;12180;19;;;12174.0;0.0
yf_MKC_d0;50900;ASH_COATED_OSMIUM;9981;10;9978;24;;;9987;15;9990;19;;;9984.0;0.0
yf_MKC_d0;50900;INTARIAN_PEPPER_ROOT;12173;13;12170;27;;;12179;16;12182;20;;;12176.0;0.0
yf_MKC_d0;51000;ASH_COATED_OSMIUM;9976;22;9973;26;;;9992;12;9995;9;;;9984.0;0.0
yf_MKC_d0;51000;INTARIAN_PEPPER_ROOT;12174;23;12172;21;;;12180;11;12182;17;;;12177.0;0.0
yf_MKC_d0;51100;ASH_COATED_OSMIUM;9982;11;9980;18;;;9988;10;9990;30;;;9985.0;0.0
yf_MKC_d0;51100;INTARIAN_PEPPER_ROOT;12176;14;12173;21;;;12182;15;12184;26;;;12179.0;0.0
yf_MKC_d0;51200;ASH_COATED_OSMIUM;9978;5;9975;26;;;9989;19;9992;22;;;9983.5;0.0
yf_MKC_d0;51200;INTARIAN_PEPPER_ROOT;12177;9;12174;21;;;12183;12;12187;13;;;12180.0;0.0
yf_MKC_d0;51300;ASH_COATED_OSMIUM;9981;22;9977;19;;;9987;5;9991;13;;;9984.0;0.0
yf_MKC_d0;51300;INTARIAN_PEPPER_ROOT;12180;9;12176;21;;;12186;13;12188;18;;;12183.0;0.0
yf_MKC_d0;51400;ASH_COATED_OSMIUM;9981;6;9978;16;;;9987;14;9990;27;;;9984.0;0.0
yf_MKC_d0;51400;INTARIAN_PEPPER_ROOT;12179;22;12177;11;;;12189;14;12192;19;;;12184.0;0.0
yf_MKC_d0;51500;ASH_COATED_OSMIUM;9975;14;9972;21;;;9994;20;9997;15;;;9984.5;0.0
yf_MKC_d0;51500;INTARIAN_PEPPER_ROOT;12182;15;12179;31;;;12188;19;12190;14;;;12185.0;0.0
yf_MKC_d0;51600;ASH_COATED_OSMIUM;9980;5;9976;19;;;9986;12;9988;18;;;9983.0;0.0
yf_MKC_d0;51600;INTARIAN_PEPPER_ROOT;12184;19;12180;31;;;12190;21;12193;16;;;12187.0;0.0
yf_MKC_d0;51700;ASH_COATED_OSMIUM;9982;9;9978;14;;;9988;13;9992;19;;;9985.0;0.0
yf_MKC_d0;51700;INTARIAN_PEPPER_ROOT;12185;18;12182;33;;;12191;19;12194;20;;;12188.0;0.0
yf_MKC_d0;51800;ASH_COATED_OSMIUM;9975;17;9971;27;;;9994;14;9998;28;;;9984.5;0.0
yf_MKC_d0;51800;INTARIAN_PEPPER_ROOT;12187;13;12184;21;;;12193;15;12197;20;;;12190.0;0.0
yf_MKC_d0;51900;ASH_COATED_OSMIUM;9981;28;9979;21;;;9987;9;9990;11;;;9984.0;0.0
yf_MKC_d0;51900;INTARIAN_PEPPER_ROOT;12189;14;12187;17;;;12195;17;12199;16;;;12192.0;0.0
yf_MKC_d0;52000;ASH_COATED_OSMIUM;9981;16;9979;14;;;9988;19;9992;26;;;9984.5;0.0
yf_MKC_d0;52000;INTARIAN_PEPPER_ROOT;12190;15;12186;11;;;12196;11;12200;20;;;12193.0;0.0
yf_MKC_d0;52100;ASH_COATED_OSMIUM;9981;11;9977;20;;;9987;17;9991;22;;;9984.0;0.0
yf_MKC_d0;52100;INTARIAN_PEPPER_ROOT;12187;5;12183;24;;;12202;5;12204;26;;;12194.5;0.0
yf_MKC_d0;52200;ASH_COATED_OSMIUM;9981;19;9978;16;;;9987;17;9989;13;;;9984.0;0.0
yf_MKC_d0;52200;INTARIAN_PEPPER_ROOT;12192;20;12188;18;;;12200;19;12202;20;;;12196.0;0.0
yf_MKC_d0;52300;ASH_COATED_OSMIUM;9970;15;9967;20;;;9998;12;10000;18;;;9984.0;0.0
yf_MKC_d0;52300;INTARIAN_PEPPER_ROOT;12185;19;12183;21;;;12211;17;12215;13;;;12198.0;0.0
yf_MKC_d0;52400;ASH_COATED_OSMIUM;9981;19;9979;16;;;9987;17;9990;26;;;9984.0;0.0
yf_MKC_d0;52400;INTARIAN_PEPPER_ROOT;12191;14;12188;20;;;12210;18;12213;17;;;12200.5;0.0
yf_MKC_d0;52500;ASH_COATED_OSMIUM;9981;6;9978;18;;;9987;18;9991;19;;;9984.0;0.0
yf_MKC_d0;52500;INTARIAN_PEPPER_ROOT;12198;19;12196;17;;;12204;21;12206;18;;;12201.0;0.0
yf_MKC_d0;52600;ASH_COATED_OSMIUM;9981;8;9978;13;;;9987;19;9991;15;;;9984.0;0.0
yf_MKC_d0;52600;INTARIAN_PEPPER_ROOT;12200;9;12196;21;;;12206;10;12210;22;;;12203.0;0.0
yf_MKC_d0;52700;ASH_COATED_OSMIUM;9973;13;9969;26;;;9995;22;9997;22;;;9984.0;0.0
yf_MKC_d0;52700;INTARIAN_PEPPER_ROOT;12201;6;12199;9;;;12207;16;12209;23;;;12204.0;0.0
yf_MKC_d0;52800;ASH_COATED_OSMIUM;9982;12;9979;29;;;9988;5;9992;18;;;9985.0;0.0
yf_MKC_d0;52800;INTARIAN_PEPPER_ROOT;12203;8;12199;22;;;12209;15;12212;24;;;12206.0;0.0
yf_MKC_d0;52900;ASH_COATED_OSMIUM;9981;5;9977;33;;;9987;24;9991;14;;;9984.0;0.0
yf_MKC_d0;52900;INTARIAN_PEPPER_ROOT;12204;10;12200;14;;;12210;16;12214;24;;;12207.0;0.0
yf_MKC_d0;53000;ASH_COATED_OSMIUM;9981;17;9979;16;;;9987;18;9991;23;;;9984.0;0.0
yf_MKC_d0;53000;INTARIAN_PEPPER_ROOT;12205;12;12201;25;;;12211;18;12215;17;;;12208.0;0.0
yf_MKC_d0;53100;ASH_COATED_OSMIUM;9981;8;9977;20;;;9987;12;9991;21;;;9984.0;0.0
yf_MKC_d0;53100;INTARIAN_PEPPER_ROOT;12184;13;12181;21;;;12236;15;12238;16;;;12210.0;0.0
yf_MKC_d0;53200;ASH_COATED_OSMIUM;9981;10;9978;26;;;9987;9;9989;25;;;9984.0;0.0
yf_MKC_d0;53200;INTARIAN_PEPPER_ROOT;12205;18;12201;18;;;12220;16;12222;22;;;12212.5;0.0
yf_MKC_d0;53300;ASH_COATED_OSMIUM;9981;17;9977;29;;;9987;16;9991;27;;;9984.0;0.0
yf_MKC_d0;53300;INTARIAN_PEPPER_ROOT;12208;23;12206;26;;;12219;17;12221;23;;;12213.5;0.0
yf_MKC_d0;53400;ASH_COATED_OSMIUM;9981;7;9978;17;;;9989;17;9991;24;;;9985.0;0.0
yf_MKC_d0;53400;INTARIAN_PEPPER_ROOT;12210;14;12206;16;;;12220;21;12224;19;;;12215.0;0.0
yf_MKC_d0;53500;ASH_COATED_OSMIUM;9981;16;9979;28;;;9987;19;9991;16;;;9984.0;0.0
yf_MKC_d0;53500;INTARIAN_PEPPER_ROOT;12212;9;12210;19;;;12221;23;12223;21;;;12216.5;0.0
yf_MKC_d0;53600;ASH_COATED_OSMIUM;9977;21;9975;15;;;9990;21;9993;16;;;9983.5;0.0
yf_MKC_d0;53600;INTARIAN_PEPPER_ROOT;12208;5;12206;11;;;12229;9;12231;23;;;12218.5;0.0
yf_MKC_d0;53700;ASH_COATED_OSMIUM;9981;14;9979;25;;;9987;15;9991;20;;;9984.0;0.0
yf_MKC_d0;53700;INTARIAN_PEPPER_ROOT;12217;16;12215;26;;;12223;17;12225;17;;;12220.0;0.0
yf_MKC_d0;53800;ASH_COATED_OSMIUM;9981;17;9977;22;;;9987;14;9990;30;;;9984.0;0.0
yf_MKC_d0;53800;INTARIAN_PEPPER_ROOT;12215;17;12212;19;;;12227;20;12231;17;;;12221.0;0.0
yf_MKC_d0;53900;ASH_COATED_OSMIUM;9981;16;9978;27;;;9987;20;9990;21;;;9984.0;0.0
yf_MKC_d0;53900;INTARIAN_PEPPER_ROOT;12220;12;12216;20;;;12226;14;12229;28;;;12223.0;0.0
yf_MKC_d0;54000;ASH_COATED_OSMIUM;9981;5;9977;13;;;9987;20;9990;23;;;9984.0;0.0
yf_MKC_d0;54000;INTARIAN_PEPPER_ROOT;12222;13;12218;32;;;12228;9;12232;22;;;12225.0;0.0
yf_MKC_d0;54100;ASH_COATED_OSMIUM;9977;13;9974;22;;;9992;12;9996;23;;;9984.5;0.0
yf_MKC_d0;54100;INTARIAN_PEPPER_ROOT;12224;9;12220;16;;;12230;10;12233;16;;;12227.0;0.0
yf_MKC_d0;54200;ASH_COATED_OSMIUM;9981;15;9979;19;;;9987;5;9991;21;;;9984.0;0.0
yf_MKC_d0;54200;INTARIAN_PEPPER_ROOT;12217;21;12213;11;;;12239;18;12242;18;;;12228.0;0.0
yf_MKC_d0;54300;ASH_COATED_OSMIUM;9980;21;9977;18;;;9989;5;9992;20;;;9984.5;0.0
yf_MKC_d0;54300;INTARIAN_PEPPER_ROOT;12227;16;12225;15;;;12233;10;12236;22;;;12230.0;0.0
yf_MKC_d0;54400;ASH_COATED_OSMIUM;9981;5;9978;23;;;9987;14;9989;19;;;9984.0;0.0
yf_MKC_d0;54400;INTARIAN_PEPPER_ROOT;12228;17;12226;23;;;12234;29;12236;15;;;12231.0;0.0
yf_MKC_d0;54500;ASH_COATED_OSMIUM;9981;19;9978;16;;;9987;14;9989;19;;;9984.0;0.0
yf_MKC_d0;54500;INTARIAN_PEPPER_ROOT;12228;16;12225;16;;;12237;15;12239;30;;;12232.5;0.0
yf_MKC_d0;54600;ASH_COATED_OSMIUM;9975;17;9971;11;;;9993;20;9997;20;;;9984.0;0.0
yf_MKC_d0;54600;INTARIAN_PEPPER_ROOT;12231;18;12229;26;;;12238;10;12241;21;;;12234.5;0.0
yf_MKC_d0;54700;ASH_COATED_OSMIUM;9981;15;9977;10;;;9987;6;9989;14;;;9984.0;0.0
yf_MKC_d0;54700;INTARIAN_PEPPER_ROOT;12226;11;12223;23;;;12244;19;12248;18;;;12235.0;0.0
yf_MKC_d0;54800;ASH_COATED_OSMIUM;9977;23;9975;19;;;9991;13;9993;19;;;9984.0;0.0
yf_MKC_d0;54800;INTARIAN_PEPPER_ROOT;12234;14;12232;22;;;12240;8;12242;16;;;12237.0;0.0
yf_MKC_d0;54900;ASH_COATED_OSMIUM;9978;7;9974;16;;;9989;15;9993;24;;;9983.5;0.0
yf_MKC_d0;54900;INTARIAN_PEPPER_ROOT;12236;12;12233;14;;;12242;9;12244;13;;;12239.0;0.0
yf_MKC_d0;55000;ASH_COATED_OSMIUM;9975;5;9971;22;;;9993;9;9997;18;;;9984.0;0.0
yf_MKC_d0;55000;INTARIAN_PEPPER_ROOT;12231;14;12229;19;;;12250;20;12253;18;;;12240.5;0.0
yf_MKC_d0;55100;ASH_COATED_OSMIUM;9981;14;9977;21;;;9987;9;9991;15;;;9984.0;0.0
yf_MKC_d0;55100;INTARIAN_PEPPER_ROOT;12240;6;12238;18;;;12246;12;12249;18;;;12243.0;0.0
yf_MKC_d0;55200;ASH_COATED_OSMIUM;9981;13;9977;14;;;9987;11;9990;18;;;9984.0;0.0
yf_MKC_d0;55200;INTARIAN_PEPPER_ROOT;12237;14;12235;19;;;12250;16;12254;21;;;12243.5;0.0
yf_MKC_d0;55300;ASH_COATED_OSMIUM;9977;5;9973;24;;;9990;30;9993;26;;;9983.5;0.0
yf_MKC_d0;55300;INTARIAN_PEPPER_ROOT;12243;8;12239;21;;;12249;8;12253;22;;;12246.0;0.0
yf_MKC_d0;55400;ASH_COATED_OSMIUM;9981;9;9977;13;;;9988;17;9990;17;;;9984.5;0.0
yf_MKC_d0;55400;INTARIAN_PEPPER_ROOT;12244;16;12241;9;;;12250;13;12252;16;;;12247.0;0.0
yf_MKC_d0;55500;ASH_COATED_OSMIUM;9974;12;9971;16;;;9994;15;9996;20;;;9984.0;0.0
yf_MKC_d0;55500;INTARIAN_PEPPER_ROOT;12246;15;12244;22;;;12252;18;12255;21;;;12249.0;0.0
yf_MKC_d0;55600;ASH_COATED_OSMIUM;9973;14;9971;26;;;9995;15;9998;21;;;9984.0;0.0
yf_MKC_d0;55600;INTARIAN_PEPPER_ROOT;12247;9;12245;22;;;12253;10;12255;22;;;12250.0;0.0
yf_MKC_d0;55700;ASH_COATED_OSMIUM;9979;12;9975;21;;;9990;26;9993;24;;;9984.5;0.0
yf_MKC_d0;55700;INTARIAN_PEPPER_ROOT;12249;8;12245;16;;;12255;12;12258;21;;;12252.0;0.0
yf_MKC_d0;55800;ASH_COATED_OSMIUM;9981;17;9977;25;;;9987;10;9990;23;;;9984.0;0.0
yf_MKC_d0;55800;INTARIAN_PEPPER_ROOT;12246;23;12243;25;;;12260;13;12264;35;;;12253.0;0.0
yf_MKC_d0;55900;ASH_COATED_OSMIUM;9980;17;9976;15;;;9989;11;9991;13;;;9984.5;0.0
yf_MKC_d0;55900;INTARIAN_PEPPER_ROOT;12249;15;12247;9;;;12259;12;12262;14;;;12254.0;0.0
yf_MKC_d0;56000;ASH_COATED_OSMIUM;9981;20;9977;21;;;9987;14;9990;18;;;9984.0;0.0
yf_MKC_d0;56000;INTARIAN_PEPPER_ROOT;12251;30;12247;20;;;12261;20;12264;21;;;12256.0;0.0
yf_MKC_d0;56100;ASH_COATED_OSMIUM;9981;15;9979;22;;;9987;17;9989;16;;;9984.0;0.0
yf_MKC_d0;56100;INTARIAN_PEPPER_ROOT;12255;13;12251;17;;;12261;14;12263;21;;;12258.0;0.0
yf_MKC_d0;56200;ASH_COATED_OSMIUM;9981;14;9978;21;;;9987;14;9989;17;;;9984.0;0.0
yf_MKC_d0;56200;INTARIAN_PEPPER_ROOT;12252;18;12250;14;;;12268;21;12272;17;;;12260.0;0.0
yf_MKC_d0;56300;ASH_COATED_OSMIUM;9974;15;9971;11;;;9992;8;9996;24;;;9983.0;0.0
yf_MKC_d0;56300;INTARIAN_PEPPER_ROOT;12258;19;12254;25;;;12264;8;12268;22;;;12261.0;0.0
yf_MKC_d0;56400;ASH_COATED_OSMIUM;9981;19;9978;22;;;9987;11;9991;22;;;9984.0;0.0
yf_MKC_d0;56400;INTARIAN_PEPPER_ROOT;12258;19;12255;17;;;12267;24;12271;26;;;12262.5;0.0
yf_MKC_d0;56500;ASH_COATED_OSMIUM;9981;17;9977;20;;;9988;18;9992;30;;;9984.5;0.0
yf_MKC_d0;56500;INTARIAN_PEPPER_ROOT;12258;8;12256;12;;;12270;21;12273;22;;;12264.0;0.0
yf_MKC_d0;56600;ASH_COATED_OSMIUM;9970;8;9966;17;;;9998;14;10001;23;;;9984.0;0.0
yf_MKC_d0;56600;INTARIAN_PEPPER_ROOT;12251;17;12247;23;;;12279;9;12282;27;;;12265.0;0.0
yf_MKC_d0;56700;ASH_COATED_OSMIUM;9980;9;9977;19;;;9989;16;9992;19;;;9984.5;0.0
yf_MKC_d0;56700;INTARIAN_PEPPER_ROOT;12264;22;12262;13;;;12270;25;12274;18;;;12267.0;0.0
yf_MKC_d0;56800;ASH_COATED_OSMIUM;9981;13;9977;15;;;9987;9;9990;22;;;9984.0;0.0
yf_MKC_d0;56800;INTARIAN_PEPPER_ROOT;12266;10;12263;21;;;12272;17;12274;13;;;12269.0;0.0
yf_MKC_d0;56900;ASH_COATED_OSMIUM;9981;15;9978;14;;;9987;10;9989;19;;;9984.0;0.0
yf_MKC_d0;56900;INTARIAN_PEPPER_ROOT;12265;17;12263;21;;;12275;13;12278;18;;;12270.0;0.0
yf_MKC_d0;57000;ASH_COATED_OSMIUM;9972;13;9969;16;;;9995;25;9999;20;;;9983.5;0.0
yf_MKC_d0;57000;INTARIAN_PEPPER_ROOT;12269;12;12267;12;;;12275;13;12279;20;;;12272.0;0.0
yf_MKC_d0;57100;ASH_COATED_OSMIUM;9979;13;9977;24;;;9989;19;9992;19;;;9984.0;0.0
yf_MKC_d0;57100;INTARIAN_PEPPER_ROOT;12270;21;12268;20;;;12278;10;12280;13;;;12274.0;0.0
yf_MKC_d0;57200;ASH_COATED_OSMIUM;9981;14;9977;15;;;9987;15;9989;21;;;9984.0;0.0
yf_MKC_d0;57200;INTARIAN_PEPPER_ROOT;12273;19;12271;17;;;12279;12;12282;16;;;12276.0;0.0
yf_MKC_d0;57300;ASH_COATED_OSMIUM;9982;18;9978;19;;;9988;14;9992;18;;;9985.0;0.0
yf_MKC_d0;57300;INTARIAN_PEPPER_ROOT;12273;18;12271;13;;;12280;22;12282;23;;;12276.5;0.0
yf_MKC_d0;57400;ASH_COATED_OSMIUM;9981;5;9977;23;;;9987;19;9989;15;;;9984.0;0.0
yf_MKC_d0;57400;INTARIAN_PEPPER_ROOT;12260;11;12258;18;;;12296;8;12299;17;;;12278.0;0.0
yf_MKC_d0;57500;ASH_COATED_OSMIUM;9981;11;9977;24;;;9987;23;9990;19;;;9984.0;0.0
yf_MKC_d0;57500;INTARIAN_PEPPER_ROOT;12276;8;12272;28;;;12284;17;12288;22;;;12280.0;0.0
yf_MKC_d0;57600;ASH_COATED_OSMIUM;9981;15;9978;26;;;9987;8;9989;25;;;9984.0;0.0
yf_MKC_d0;57600;INTARIAN_PEPPER_ROOT;12277;14;12274;8;;;12286;14;12289;10;;;12281.5;0.0
yf_MKC_d0;57700;ASH_COATED_OSMIUM;9981;15;9977;25;;;9987;17;9990;23;;;9984.0;0.0
yf_MKC_d0;57700;INTARIAN_PEPPER_ROOT;12280;16;12278;29;;;12286;5;12290;14;;;12283.0;0.0
yf_MKC_d0;57800;ASH_COATED_OSMIUM;9981;14;9977;21;;;9987;14;9989;18;;;9984.0;0.0
yf_MKC_d0;57800;INTARIAN_PEPPER_ROOT;12281;5;12279;15;;;12287;5;12290;20;;;12284.0;0.0
yf_MKC_d0;57900;ASH_COATED_OSMIUM;9981;12;9977;8;;;9987;20;9990;19;;;9984.0;0.0
yf_MKC_d0;57900;INTARIAN_PEPPER_ROOT;12284;14;12281;22;;;12290;9;12292;20;;;12287.0;0.0
yf_MKC_d0;58000;ASH_COATED_OSMIUM;9979;14;9976;20;;;9989;11;9993;18;;;9984.0;0.0
yf_MKC_d0;58000;INTARIAN_PEPPER_ROOT;12282;18;12279;19;;;12293;21;12295;20;;;12287.5;0.0
yf_MKC_d0;58100;ASH_COATED_OSMIUM;9976;9;9974;16;;;9993;11;9997;21;;;9984.5;0.0
yf_MKC_d0;58100;INTARIAN_PEPPER_ROOT;12286;17;12283;13;;;12293;12;12297;15;;;12289.5;0.0
yf_MKC_d0;58200;ASH_COATED_OSMIUM;9978;8;9976;18;;;9990;11;9992;16;;;9984.0;0.0
yf_MKC_d0;58200;INTARIAN_PEPPER_ROOT;12288;20;12285;24;;;12295;12;12299;22;;;12291.5;0.0
yf_MKC_d0;58300;ASH_COATED_OSMIUM;9981;9;9979;20;;;9987;11;9990;18;;;9984.0;0.0
yf_MKC_d0;58300;INTARIAN_PEPPER_ROOT;12289;20;12285;18;;;12295;12;12299;25;;;12292.0;0.0
yf_MKC_d0;58400;ASH_COATED_OSMIUM;9981;12;9977;27;;;9987;14;9990;29;;;9984.0;0.0
yf_MKC_d0;58400;INTARIAN_PEPPER_ROOT;12286;17;12283;22;;;12304;18;12307;24;;;12295.0;0.0
yf_MKC_d0;58500;ASH_COATED_OSMIUM;9981;13;9977;21;;;9987;11;9990;20;;;9984.0;0.0
yf_MKC_d0;58500;INTARIAN_PEPPER_ROOT;12293;5;12290;25;;;12299;8;12303;16;;;12296.0;0.0
yf_MKC_d0;58600;ASH_COATED_OSMIUM;9979;13;9975;22;;;9989;19;9992;19;;;9984.0;0.0
yf_MKC_d0;58600;INTARIAN_PEPPER_ROOT;12295;16;12291;24;;;12301;19;12304;18;;;12298.0;0.0
yf_MKC_d0;58700;ASH_COATED_OSMIUM;9980;15;9977;15;;;9988;12;9990;28;;;9984.0;0.0
yf_MKC_d0;58700;INTARIAN_PEPPER_ROOT;12296;22;12294;23;;;12302;14;12305;22;;;12299.0;0.0
yf_MKC_d0;58800;ASH_COATED_OSMIUM;9977;19;9975;16;;;9990;10;9992;20;;;9983.5;0.0
yf_MKC_d0;58800;INTARIAN_PEPPER_ROOT;12288;15;12286;22;;;12314;13;12317;24;;;12301.0;0.0
yf_MKC_d0;58900;ASH_COATED_OSMIUM;9980;19;9976;24;;;9988;17;9990;28;;;9984.0;0.0
yf_MKC_d0;58900;INTARIAN_PEPPER_ROOT;12295;7;12291;21;;;12310;17;12314;13;;;12302.5;0.0
yf_MKC_d0;59000;ASH_COATED_OSMIUM;9979;13;9977;22;;;9990;15;9994;28;;;9984.5;0.0
