day;timestamp;product;bid_price_1;bid_volume_1;bid_price_2;bid_volume_2;bid_price_3;bid_volume_3;ask_price_1;ask_volume_1;ask_price_2;ask_volume_2;ask_price_3;ask_volume_3;mid_price;profit_and_loss
av_COTTON_d11;0;ASH_COATED_OSMIUM;9931;16;9929;16;;;9937;9;9939;22;;;9934.0;0.0
av_COTTON_d11;0;INTARIAN_PEPPER_ROOT;10347;16;10345;20;;;10369;18;10373;16;;;10358.0;0.0
av_COTTON_d11;100;ASH_COATED_OSMIUM;9928;6;9924;26;;;9939;17;9942;21;;;9933.5;0.0
av_COTTON_d11;100;INTARIAN_PEPPER_ROOT;10347;16;10344;17;;;10366;12;10368;21;;;10356.5;0.0
av_COTTON_d11;200;ASH_COATED_OSMIUM;9930;14;9928;21;;;9936;26;9938;18;;;9933.0;0.0
av_COTTON_d11;200;INTARIAN_PEPPER_ROOT;10353;6;10349;18;;;10359;12;10362;22;;;10356.0;0.0
av_COTTON_d11;300;ASH_COATED_OSMIUM;9917;11;9914;17;;;9949;17;9952;21;;;9933.0;0.0
av_COTTON_d11;300;INTARIAN_PEPPER_ROOT;10352;16;10350;17;;;10358;19;10360;22;;;10355.0;0.0
av_COTTON_d11;400;ASH_COATED_OSMIUM;9931;14;9929;26;;;9937;15;9941;24;;;9934.0;0.0
av_COTTON_d11;400;INTARIAN_PEPPER_ROOT;10350;19;10346;17;;;10360;17;10362;21;;;10355.0;0.0
av_COTTON_d11;500;ASH_COATED_OSMIUM;9930;13;9926;9;;;9936;14;9939;28;;;9933.0;0.0
av_COTTON_d11;500;INTARIAN_PEPPER_ROOT;10350;14;10346;15;;;10356;10;10358;21;;;10353.0;0.0
av_COTTON_d11;600;ASH_COATED_OSMIUM;9930;11;9926;20;;;9937;18;9940;17;;;9933.5;0.0
av_COTTON_d11;600;INTARIAN_PEPPER_ROOT;10350;15;10347;26;;;10356;13;10360;18;;;10353.0;0.0
av_COTTON_d11;700;ASH_COATED_OSMIUM;9927;20;9923;16;;;9940;20;9943;23;;;9933.5;0.0
av_COTTON_d11;700;INTARIAN_PEPPER_ROOT;10350;15;10346;31;;;10356;13;10358;9;;;10353.0;0.0
av_COTTON_d11;800;ASH_COATED_OSMIUM;9930;20;9927;18;;;9936;6;9940;19;;;9933.0;0.0
av_COTTON_d11;800;INTARIAN_PEPPER_ROOT;10348;18;10345;23;;;10354;21;10357;12;;;10351.0;0.0
av_COTTON_d11;900;ASH_COATED_OSMIUM;9928;27;9924;24;;;9940;20;9942;21;;;9934.0;0.0
av_COTTON_d11;900;INTARIAN_PEPPER_ROOT;10347;16;10345;10;;;10353;15;10356;17;;;10350.0;0.0
av_COTTON_d11;1000;ASH_COATED_OSMIUM;9930;15;9928;17;;;9936;17;9938;30;;;9933.0;0.0
av_COTTON_d11;1000;INTARIAN_PEPPER_ROOT;10347;9;10344;13;;;10353;17;10357;20;;;10350.0;0.0
av_COTTON_d11;1100;ASH_COATED_OSMIUM;9930;20;9927;22;;;9936;14;9938;19;;;9933.0;0.0
av_COTTON_d11;1100;INTARIAN_PEPPER_ROOT;10345;6;10343;22;;;10351;20;10354;24;;;10348.0;0.0
av_COTTON_d11;1200;ASH_COATED_OSMIUM;9930;26;9927;25;;;9936;19;9939;26;;;9933.0;0.0
av_COTTON_d11;1200;INTARIAN_PEPPER_ROOT;10343;10;10341;22;;;10353;12;10355;12;;;10348.0;0.0
av_COTTON_d11;1300;ASH_COATED_OSMIUM;9930;16;9927;23;;;9936;19;9939;22;;;9933.0;0.0
av_COTTON_d11;1300;INTARIAN_PEPPER_ROOT;10344;13;10342;28;;;10350;5;10354;12;;;10347.0;0.0
av_COTTON_d11;1400;ASH_COATED_OSMIUM;9930;8;9927;20;;;9936;12;9939;25;;;9933.0;0.0
av_COTTON_d11;1400;INTARIAN_PEPPER_ROOT;10342;20;10340;17;;;10351;20;10353;15;;;10346.5;0.0
av_COTTON_d11;1500;ASH_COATED_OSMIUM;9927;12;9924;24;;;9940;8;9944;17;;;9933.5;0.0
av_COTTON_d11;1500;INTARIAN_PEPPER_ROOT;10342;23;10338;17;;;10348;18;10350;18;;;10345.0;0.0
av_COTTON_d11;1600;ASH_COATED_OSMIUM;9930;8;9926;16;;;9936;16;9939;16;;;9933.0;0.0
av_COTTON_d11;1600;INTARIAN_PEPPER_ROOT;10330;13;10327;22;;;10358;5;10361;17;;;10344.0;0.0
av_COTTON_d11;1700;ASH_COATED_OSMIUM;9926;20;9923;16;;;9941;22;9943;21;;;9933.5;0.0
av_COTTON_d11;1700;INTARIAN_PEPPER_ROOT;10340;10;10336;10;;;10347;22;10351;21;;;10343.5;0.0
av_COTTON_d11;1800;ASH_COATED_OSMIUM;9929;10;9925;20;;;9935;26;9937;15;;;9932.0;0.0
av_COTTON_d11;1800;INTARIAN_PEPPER_ROOT;10336;19;10334;19;;;10350;14;10352;22;;;10343.0;0.0
av_COTTON_d11;1900;ASH_COATED_OSMIUM;9930;19;9928;21;;;9936;14;9940;16;;;9933.0;0.0
av_COTTON_d11;1900;INTARIAN_PEPPER_ROOT;10339;15;10335;27;;;10346;9;10350;23;;;10342.5;0.0
av_COTTON_d11;2000;ASH_COATED_OSMIUM;9930;20;9927;23;;;9936;19;9938;21;;;9933.0;0.0
av_COTTON_d11;2000;INTARIAN_PEPPER_ROOT;10338;22;10336;17;;;10344;22;10347;14;;;10341.0;0.0
av_COTTON_d11;2100;ASH_COATED_OSMIUM;9930;11;9927;21;;;9936;17;9940;15;;;9933.0;0.0
av_COTTON_d11;2100;INTARIAN_PEPPER_ROOT;10337;17;10335;26;;;10343;13;10347;19;;;10340.0;0.0
av_COTTON_d11;2200;ASH_COATED_OSMIUM;9927;23;9923;14;;;9937;21;9940;14;;;9932.0;0.0
av_COTTON_d11;2200;INTARIAN_PEPPER_ROOT;10336;13;10333;25;;;10342;25;10345;10;;;10339.0;0.0
av_COTTON_d11;2300;ASH_COATED_OSMIUM;9921;18;9918;21;;;9943;17;9945;19;;;9932.0;0.0
av_COTTON_d11;2300;INTARIAN_PEPPER_ROOT;10335;12;10332;17;;;10341;20;10345;14;;;10338.0;0.0
av_COTTON_d11;2400;ASH_COATED_OSMIUM;9930;17;9927;26;;;9936;15;9938;16;;;9933.0;0.0
av_COTTON_d11;2400;INTARIAN_PEPPER_ROOT;10335;13;10333;18;;;10341;11;10343;24;;;10338.0;0.0
av_COTTON_d11;2500;ASH_COATED_OSMIUM;9925;13;9921;25;;;9940;12;9942;12;;;9932.5;0.0
av_COTTON_d11;2500;INTARIAN_PEPPER_ROOT;10330;5;10327;22;;;10343;15;10345;26;;;10336.5;0.0
av_COTTON_d11;2600;ASH_COATED_OSMIUM;9923;13;9920;28;;;9940;18;9943;16;;;9931.5;0.0
av_COTTON_d11;2600;INTARIAN_PEPPER_ROOT;10333;16;10330;17;;;10339;14;10343;15;;;10336.0;0.0
av_COTTON_d11;2700;ASH_COATED_OSMIUM;9929;21;9927;14;;;9935;14;9938;14;;;9932.0;0.0
av_COTTON_d11;2700;INTARIAN_PEPPER_ROOT;10331;14;10329;8;;;10339;12;10343;15;;;10335.0;0.0
av_COTTON_d11;2800;ASH_COATED_OSMIUM;9929;17;9925;25;;;9935;13;9938;25;;;9932.0;0.0
av_COTTON_d11;2800;INTARIAN_PEPPER_ROOT;10332;9;10329;19;;;10338;15;10340;24;;;10335.0;0.0
av_COTTON_d11;2900;ASH_COATED_OSMIUM;9929;12;9926;24;;;9935;16;9937;22;;;9932.0;0.0
av_COTTON_d11;2900;INTARIAN_PEPPER_ROOT;10329;13;10327;27;;;10337;22;10340;25;;;10333.0;0.0
av_COTTON_d11;3000;ASH_COATED_OSMIUM;9929;17;9925;24;;;9935;14;9939;13;;;9932.0;0.0
av_COTTON_d11;3000;INTARIAN_PEPPER_ROOT;10329;14;10325;17;;;10336;14;10338;29;;;10332.5;0.0
av_COTTON_d11;3100;ASH_COATED_OSMIUM;9928;19;9924;14;;;9936;8;9940;18;;;9932.0;0.0
av_COTTON_d11;3100;INTARIAN_PEPPER_ROOT;10319;16;10317;13;;;10345;5;10349;17;;;10332.0;0.0
av_COTTON_d11;3200;ASH_COATED_OSMIUM;9929;21;9926;23;;;9935;18;9937;27;;;9932.0;0.0
av_COTTON_d11;3200;INTARIAN_PEPPER_ROOT;10327;14;10325;17;;;10336;15;10339;24;;;10331.5;0.0
av_COTTON_d11;3300;ASH_COATED_OSMIUM;9929;20;9925;14;;;9935;13;9938;20;;;9932.0;0.0
av_COTTON_d11;3300;INTARIAN_PEPPER_ROOT;10326;5;10324;21;;;10335;18;10339;19;;;10330.5;0.0
av_COTTON_d11;3400;ASH_COATED_OSMIUM;9925;16;9923;24;;;9938;7;9941;17;;;9931.5;0.0
av_COTTON_d11;3400;INTARIAN_PEPPER_ROOT;10327;13;10325;28;;;10333;13;10335;17;;;10330.0;0.0
av_COTTON_d11;3500;ASH_COATED_OSMIUM;9927;16;9924;17;;;9936;14;9940;24;;;9931.5;0.0
av_COTTON_d11;3500;INTARIAN_PEPPER_ROOT;10325;9;10321;19;;;10331;7;10333;15;;;10328.0;0.0
av_COTTON_d11;3600;ASH_COATED_OSMIUM;9927;23;9925;28;;;9938;7;9942;10;;;9932.5;0.0
av_COTTON_d11;3600;INTARIAN_PEPPER_ROOT;10316;11;10314;12;;;10339;11;10342;26;;;10327.5;0.0
av_COTTON_d11;3700;ASH_COATED_OSMIUM;9929;16;9926;11;;;9935;12;9938;11;;;9932.0;0.0
av_COTTON_d11;3700;INTARIAN_PEPPER_ROOT;10324;16;10320;31;;;10330;14;10332;22;;;10327.0;0.0
av_COTTON_d11;3800;ASH_COATED_OSMIUM;9926;24;9923;16;;;9938;18;9941;16;;;9932.0;0.0
av_COTTON_d11;3800;INTARIAN_PEPPER_ROOT;10323;12;10320;20;;;10329;6;10333;20;;;10326.0;0.0
av_COTTON_d11;3900;ASH_COATED_OSMIUM;9928;22;9925;12;;;9934;12;9937;25;;;9931.0;0.0
av_COTTON_d11;3900;INTARIAN_PEPPER_ROOT;10319;8;10315;25;;;10331;13;10334;20;;;10325.0;0.0
av_COTTON_d11;4000;ASH_COATED_OSMIUM;9929;7;9926;13;;;9935;10;9939;23;;;9932.0;0.0
av_COTTON_d11;4000;INTARIAN_PEPPER_ROOT;10321;20;10319;29;;;10327;16;10329;25;;;10324.0;0.0
av_COTTON_d11;4100;ASH_COATED_OSMIUM;9928;22;9924;20;;;9934;28;9936;18;;;9931.0;0.0
av_COTTON_d11;4100;INTARIAN_PEPPER_ROOT;10318;17;10316;26;;;10329;14;10331;28;;;10323.5;0.0
av_COTTON_d11;4200;ASH_COATED_OSMIUM;9928;10;9926;29;;;9934;11;9936;24;;;9931.0;0.0
av_COTTON_d11;4200;INTARIAN_PEPPER_ROOT;10320;17;10318;23;;;10326;19;10328;21;;;10323.0;0.0
av_COTTON_d11;4300;ASH_COATED_OSMIUM;9927;13;9923;24;;;9936;12;9940;20;;;9931.5;0.0
av_COTTON_d11;4300;INTARIAN_PEPPER_ROOT;10302;22;10298;19;;;10342;9;10344;23;;;10322.0;0.0
av_COTTON_d11;4400;ASH_COATED_OSMIUM;9927;15;9923;19;;;9937;12;9941;23;;;9932.0;0.0
av_COTTON_d11;4400;INTARIAN_PEPPER_ROOT;10318;11;10315;27;;;10324;13;10326;19;;;10321.0;0.0
av_COTTON_d11;4500;ASH_COATED_OSMIUM;9928;17;9924;32;;;9934;19;9936;26;;;9931.0;0.0
av_COTTON_d11;4500;INTARIAN_PEPPER_ROOT;10317;9;10314;13;;;10323;17;10327;16;;;10320.0;0.0
av_COTTON_d11;4600;ASH_COATED_OSMIUM;9928;14;9926;18;;;9934;12;9937;20;;;9931.0;0.0
av_COTTON_d11;4600;INTARIAN_PEPPER_ROOT;10316;14;10314;22;;;10323;28;10327;18;;;10319.5;0.0
av_COTTON_d11;4700;ASH_COATED_OSMIUM;9928;17;9924;22;;;9934;18;9937;15;;;9931.0;0.0
av_COTTON_d11;4700;INTARIAN_PEPPER_ROOT;10316;18;10312;10;;;10322;14;10324;18;;;10319.0;0.0
av_COTTON_d11;4800;ASH_COATED_OSMIUM;9907;15;9903;16;;;9955;20;9958;12;;;9931.0;0.0
av_COTTON_d11;4800;INTARIAN_PEPPER_ROOT;10315;19;10313;28;;;10321;6;10324;15;;;10318.0;0.0
av_COTTON_d11;4900;ASH_COATED_OSMIUM;9928;10;9926;21;;;9934;9;9937;23;;;9931.0;0.0
av_COTTON_d11;4900;INTARIAN_PEPPER_ROOT;10314;18;10310;30;;;10320;15;10324;22;;;10317.0;0.0
av_COTTON_d11;5000;ASH_COATED_OSMIUM;9923;21;9920;16;;;9939;13;9941;22;;;9931.0;0.0
av_COTTON_d11;5000;INTARIAN_PEPPER_ROOT;10313;9;10311;23;;;10319;11;10322;14;;;10316.0;0.0
av_COTTON_d11;5100;ASH_COATED_OSMIUM;9928;21;9925;18;;;9934;20;9936;16;;;9931.0;0.0
av_COTTON_d11;5100;INTARIAN_PEPPER_ROOT;10313;8;10309;23;;;10319;27;10322;16;;;10316.0;0.0
av_COTTON_d11;5200;ASH_COATED_OSMIUM;9928;17;9925;13;;;9934;7;9938;21;;;9931.0;0.0
av_COTTON_d11;5200;INTARIAN_PEPPER_ROOT;10311;12;10307;21;;;10317;5;10321;13;;;10314.0;0.0
av_COTTON_d11;5300;ASH_COATED_OSMIUM;9920;17;9917;26;;;9942;15;9946;17;;;9931.0;0.0
av_COTTON_d11;5300;INTARIAN_PEPPER_ROOT;10310;18;10306;21;;;10316;22;10319;16;;;10313.0;0.0
av_COTTON_d11;5400;ASH_COATED_OSMIUM;9922;9;9919;13;;;9939;18;9942;26;;;9930.5;0.0
av_COTTON_d11;5400;INTARIAN_PEPPER_ROOT;10310;15;10306;14;;;10316;17;10319;28;;;10313.0;0.0
av_COTTON_d11;5500;ASH_COATED_OSMIUM;9928;23;9926;16;;;9934;12;9936;16;;;9931.0;0.0
av_COTTON_d11;5500;INTARIAN_PEPPER_ROOT;10309;16;10305;23;;;10315;10;10317;18;;;10312.0;0.0
av_COTTON_d11;5600;ASH_COATED_OSMIUM;9928;13;9926;14;;;9934;24;9937;32;;;9931.0;0.0
av_COTTON_d11;5600;INTARIAN_PEPPER_ROOT;10308;22;10304;15;;;10314;6;10318;12;;;10311.0;0.0
av_COTTON_d11;5700;ASH_COATED_OSMIUM;9928;5;9925;21;;;9934;15;9936;19;;;9931.0;0.0
av_COTTON_d11;5700;INTARIAN_PEPPER_ROOT;10306;23;10304;17;;;10315;11;10318;20;;;10310.5;0.0
av_COTTON_d11;5800;ASH_COATED_OSMIUM;9928;19;9926;19;;;9934;13;9937;11;;;9931.0;0.0
av_COTTON_d11;5800;INTARIAN_PEPPER_ROOT;10305;15;10302;19;;;10314;5;10318;17;;;10309.5;0.0
av_COTTON_d11;5900;ASH_COATED_OSMIUM;9926;22;9922;18;;;9935;13;9937;26;;;9930.5;0.0
av_COTTON_d11;5900;INTARIAN_PEPPER_ROOT;10305;17;10303;22;;;10311;10;10313;14;;;10308.0;0.0
av_COTTON_d11;6000;ASH_COATED_OSMIUM;9928;19;9924;23;;;9934;11;9936;23;;;9931.0;0.0
av_COTTON_d11;6000;INTARIAN_PEPPER_ROOT;10304;16;10302;22;;;10310;24;10313;18;;;10307.0;0.0
av_COTTON_d11;6100;ASH_COATED_OSMIUM;9927;5;9923;14;;;9933;9;9937;17;;;9930.0;0.0
av_COTTON_d11;6100;INTARIAN_PEPPER_ROOT;10304;18;10302;22;;;10310;13;10313;12;;;10307.0;0.0
av_COTTON_d11;6200;ASH_COATED_OSMIUM;9927;16;9925;23;;;9934;8;9937;15;;;9930.5;0.0
av_COTTON_d11;6200;INTARIAN_PEPPER_ROOT;10303;11;10300;29;;;10309;18;10313;17;;;10306.0;0.0
av_COTTON_d11;6300;ASH_COATED_OSMIUM;9927;9;9924;10;;;9935;18;9938;26;;;9931.0;0.0
av_COTTON_d11;6300;INTARIAN_PEPPER_ROOT;10302;13;10300;24;;;10308;22;10312;19;;;10305.0;0.0
av_COTTON_d11;6400;ASH_COATED_OSMIUM;9927;15;9923;23;;;9933;19;9937;20;;;9930.0;0.0
av_COTTON_d11;6400;INTARIAN_PEPPER_ROOT;10301;18;10297;17;;;10307;21;10310;8;;;10304.0;0.0
av_COTTON_d11;6500;ASH_COATED_OSMIUM;9927;10;9925;14;;;9933;14;9935;26;;;9930.0;0.0
av_COTTON_d11;6500;INTARIAN_PEPPER_ROOT;10298;19;10294;15;;;10310;11;10312;23;;;10304.0;0.0
av_COTTON_d11;6600;ASH_COATED_OSMIUM;9927;15;9923;20;;;9933;13;9936;22;;;9930.0;0.0
av_COTTON_d11;6600;INTARIAN_PEPPER_ROOT;10299;15;10296;17;;;10306;11;10309;22;;;10302.5;0.0
av_COTTON_d11;6700;ASH_COATED_OSMIUM;9918;17;9915;15;;;9943;15;9946;25;;;9930.5;0.0
av_COTTON_d11;6700;INTARIAN_PEPPER_ROOT;10299;21;10297;19;;;10305;18;10309;23;;;10302.0;0.0
av_COTTON_d11;6800;ASH_COATED_OSMIUM;9927;6;9924;19;;;9933;16;9937;27;;;9930.0;0.0
av_COTTON_d11;6800;INTARIAN_PEPPER_ROOT;10298;16;10294;8;;;10304;13;10306;20;;;10301.0;0.0
av_COTTON_d11;6900;ASH_COATED_OSMIUM;9918;24;9916;23;;;9943;14;9947;16;;;9930.5;0.0
av_COTTON_d11;6900;INTARIAN_PEPPER_ROOT;10296;5;10292;22;;;10305;7;10308;18;;;10300.5;0.0
av_COTTON_d11;7000;ASH_COATED_OSMIUM;9927;9;9924;23;;;9933;16;9935;14;;;9930.0;0.0
av_COTTON_d11;7000;INTARIAN_PEPPER_ROOT;10290;22;10287;30;;;10308;10;10312;16;;;10299.0;0.0
av_COTTON_d11;7100;ASH_COATED_OSMIUM;9927;13;9925;18;;;9933;16;9937;18;;;9930.0;0.0
av_COTTON_d11;7100;INTARIAN_PEPPER_ROOT;10294;11;10291;23;;;10302;20;10306;25;;;10298.0;0.0
av_COTTON_d11;7200;ASH_COATED_OSMIUM;9926;13;9923;15;;;9932;5;9936;20;;;9929.0;0.0
av_COTTON_d11;7200;INTARIAN_PEPPER_ROOT;10295;17;10293;25;;;10302;16;10306;21;;;10298.5;0.0
av_COTTON_d11;7300;ASH_COATED_OSMIUM;9923;5;9921;23;;;9937;10;9941;21;;;9930.0;0.0
av_COTTON_d11;7300;INTARIAN_PEPPER_ROOT;10294;21;10290;20;;;10300;14;10304;22;;;10297.0;0.0
av_COTTON_d11;7400;ASH_COATED_OSMIUM;9926;15;9923;28;;;9934;23;9937;24;;;9930.0;0.0
av_COTTON_d11;7400;INTARIAN_PEPPER_ROOT;10292;23;10289;29;;;10298;13;10302;15;;;10295.0;0.0
av_COTTON_d11;7500;ASH_COATED_OSMIUM;9926;18;9922;29;;;9934;17;9937;23;;;9930.0;0.0
av_COTTON_d11;7500;INTARIAN_PEPPER_ROOT;10292;11;10289;25;;;10298;14;10301;14;;;10295.0;0.0
av_COTTON_d11;7600;ASH_COATED_OSMIUM;9920;14;9918;18;;;9939;19;9942;24;;;9929.5;0.0
av_COTTON_d11;7600;INTARIAN_PEPPER_ROOT;10291;15;10288;22;;;10297;12;10299;17;;;10294.0;0.0
av_COTTON_d11;7700;ASH_COATED_OSMIUM;9926;20;9924;20;;;9932;15;9934;16;;;9929.0;0.0
av_COTTON_d11;7700;INTARIAN_PEPPER_ROOT;10289;13;10287;19;;;10295;18;10298;13;;;10292.0;0.0
av_COTTON_d11;7800;ASH_COATED_OSMIUM;9924;16;9922;20;;;9935;7;9938;25;;;9929.5;0.0
av_COTTON_d11;7800;INTARIAN_PEPPER_ROOT;10289;12;10286;22;;;10295;13;10297;22;;;10292.0;0.0
av_COTTON_d11;7900;ASH_COATED_OSMIUM;9926;13;9924;11;;;9932;14;9936;22;;;9929.0;0.0
av_COTTON_d11;7900;INTARIAN_PEPPER_ROOT;10288;16;10286;21;;;10294;15;10296;10;;;10291.0;0.0
av_COTTON_d11;8000;ASH_COATED_OSMIUM;9923;5;9919;15;;;9936;8;9939;18;;;9929.5;0.0
av_COTTON_d11;8000;INTARIAN_PEPPER_ROOT;10288;17;10284;24;;;10294;15;10298;19;;;10291.0;0.0
av_COTTON_d11;8100;ASH_COATED_OSMIUM;9926;23;9923;13;;;9933;14;9935;17;;;9929.5;0.0
av_COTTON_d11;8100;INTARIAN_PEPPER_ROOT;10287;13;10285;16;;;10293;8;10297;21;;;10290.0;0.0
av_COTTON_d11;8200;ASH_COATED_OSMIUM;9926;16;9923;23;;;9932;14;9935;19;;;9929.0;0.0
av_COTTON_d11;8200;INTARIAN_PEPPER_ROOT;10286;8;10283;15;;;10292;19;10295;17;;;10289.0;0.0
av_COTTON_d11;8300;ASH_COATED_OSMIUM;9922;22;9918;22;;;9937;15;9941;21;;;9929.5;0.0
av_COTTON_d11;8300;INTARIAN_PEPPER_ROOT;10285;11;10282;19;;;10291;16;10294;32;;;10288.0;0.0
av_COTTON_d11;8400;ASH_COATED_OSMIUM;9924;15;9920;24;;;9934;16;9936;15;;;9929.0;0.0
av_COTTON_d11;8400;INTARIAN_PEPPER_ROOT;10280;18;10277;11;;;10294;15;10298;22;;;10287.0;0.0
av_COTTON_d11;8500;ASH_COATED_OSMIUM;9927;12;9923;21;;;9933;22;9937;23;;;9930.0;0.0
av_COTTON_d11;8500;INTARIAN_PEPPER_ROOT;10282;12;10280;18;;;10291;22;10294;23;;;10286.5;0.0
av_COTTON_d11;8600;ASH_COATED_OSMIUM;9926;13;9924;9;;;9932;16;9934;28;;;9929.0;0.0
av_COTTON_d11;8600;INTARIAN_PEPPER_ROOT;10279;10;10275;15;;;10292;20;10296;17;;;10285.5;0.0
av_COTTON_d11;8700;ASH_COATED_OSMIUM;9926;21;9924;15;;;9932;12;9934;24;;;9929.0;0.0
av_COTTON_d11;8700;INTARIAN_PEPPER_ROOT;10282;15;10278;20;;;10288;23;10292;16;;;10285.0;0.0
av_COTTON_d11;8800;ASH_COATED_OSMIUM;9921;15;9919;21;;;9937;19;9940;19;;;9929.0;0.0
av_COTTON_d11;8800;INTARIAN_PEPPER_ROOT;10280;9;10276;26;;;10289;14;10292;16;;;10284.5;0.0
av_COTTON_d11;8900;ASH_COATED_OSMIUM;9923;8;9921;33;;;9935;16;9937;22;;;9929.0;0.0
av_COTTON_d11;8900;INTARIAN_PEPPER_ROOT;10280;13;10277;12;;;10286;9;10288;8;;;10283.0;0.0
av_COTTON_d11;9000;ASH_COATED_OSMIUM;9926;6;9923;22;;;9933;14;9936;18;;;9929.5;0.0
av_COTTON_d11;9000;INTARIAN_PEPPER_ROOT;10270;11;10266;20;;;10294;11;10298;23;;;10282.0;0.0
av_COTTON_d11;9100;ASH_COATED_OSMIUM;9922;14;9918;34;;;9937;20;9940;13;;;9929.5;0.0
av_COTTON_d11;9100;INTARIAN_PEPPER_ROOT;10278;27;10276;17;;;10284;21;10287;17;;;10281.0;0.0
av_COTTON_d11;9200;ASH_COATED_OSMIUM;9926;8;9924;19;;;9932;20;9935;21;;;9929.0;0.0
av_COTTON_d11;9200;INTARIAN_PEPPER_ROOT;10277;15;10274;10;;;10283;15;10286;22;;;10280.0;0.0
av_COTTON_d11;9300;ASH_COATED_OSMIUM;9925;5;9923;18;;;9932;19;9934;33;;;9928.5;0.0
av_COTTON_d11;9300;INTARIAN_PEPPER_ROOT;10276;15;10272;14;;;10283;23;10285;17;;;10279.5;0.0
av_COTTON_d11;9400;ASH_COATED_OSMIUM;9926;22;9923;18;;;9932;14;9935;16;;;9929.0;0.0
av_COTTON_d11;9400;INTARIAN_PEPPER_ROOT;10276;15;10274;23;;;10282;16;10286;15;;;10279.0;0.0
av_COTTON_d11;9500;ASH_COATED_OSMIUM;9925;5;9923;24;;;9931;17;9935;11;;;9928.0;0.0
av_COTTON_d11;9500;INTARIAN_PEPPER_ROOT;10274;17;10272;23;;;10280;14;10282;18;;;10277.0;0.0
av_COTTON_d11;9600;ASH_COATED_OSMIUM;9926;27;9922;17;;;9932;25;9934;16;;;9929.0;0.0
av_COTTON_d11;9600;INTARIAN_PEPPER_ROOT;10265;11;10263;27;;;10290;5;10292;12;;;10277.5;0.0
av_COTTON_d11;9700;ASH_COATED_OSMIUM;9924;15;9920;24;;;9931;13;9935;24;;;9927.5;0.0
av_COTTON_d11;9700;INTARIAN_PEPPER_ROOT;10271;13;10267;19;;;10281;20;10285;23;;;10276.0;0.0
av_COTTON_d11;9800;ASH_COATED_OSMIUM;9924;18;9922;22;;;9934;17;9936;16;;;9929.0;0.0
av_COTTON_d11;9800;INTARIAN_PEPPER_ROOT;10273;14;10269;19;;;10279;17;10283;18;;;10276.0;0.0
av_COTTON_d11;9900;ASH_COATED_OSMIUM;9925;7;9922;30;;;9931;15;9934;22;;;9928.0;0.0
av_COTTON_d11;9900;INTARIAN_PEPPER_ROOT;10271;18;10269;14;;;10277;9;10281;18;;;10274.0;0.0
av_COTTON_d11;10000;ASH_COATED_OSMIUM;9922;10;9919;17;;;9933;12;9937;15;;;9927.5;0.0
av_COTTON_d11;10000;INTARIAN_PEPPER_ROOT;10270;20;10268;29;;;10276;14;10278;14;;;10273.0;0.0
av_COTTON_d11;10100;ASH_COATED_OSMIUM;9925;21;9923;17;;;9931;10;9933;15;;;9928.0;0.0
av_COTTON_d11;10100;INTARIAN_PEPPER_ROOT;10270;26;10266;20;;;10277;15;10279;25;;;10273.5;0.0
av_COTTON_d11;10200;ASH_COATED_OSMIUM;9925;9;9921;17;;;9931;5;9933;17;;;9928.0;0.0
av_COTTON_d11;10200;INTARIAN_PEPPER_ROOT;10269;5;10267;19;;;10275;16;10278;16;;;10272.0;0.0
av_COTTON_d11;10300;ASH_COATED_OSMIUM;9925;21;9921;20;;;9931;17;9935;25;;;9928.0;0.0
av_COTTON_d11;10300;INTARIAN_PEPPER_ROOT;10266;16;10262;25;;;10276;16;10279;18;;;10271.0;0.0
av_COTTON_d11;10400;ASH_COATED_OSMIUM;9924;22;9921;10;;;9930;22;9932;11;;;9927.0;0.0
av_COTTON_d11;10400;INTARIAN_PEPPER_ROOT;10267;18;10264;12;;;10273;20;10277;16;;;10270.0;0.0
av_COTTON_d11;10500;ASH_COATED_OSMIUM;9925;15;9923;24;;;9931;12;9934;15;;;9928.0;0.0
av_COTTON_d11;10500;INTARIAN_PEPPER_ROOT;10264;17;10261;21;;;10275;10;10277;21;;;10269.5;0.0
av_COTTON_d11;10600;ASH_COATED_OSMIUM;9925;9;9922;18;;;9931;6;9935;21;;;9928.0;0.0
av_COTTON_d11;10600;INTARIAN_PEPPER_ROOT;10266;9;10263;15;;;10272;21;10275;17;;;10269.0;0.0
av_COTTON_d11;10700;ASH_COATED_OSMIUM;9920;12;9917;27;;;9937;13;9940;19;;;9928.5;0.0
av_COTTON_d11;10700;INTARIAN_PEPPER_ROOT;10262;16;10258;29;;;10273;14;10277;22;;;10267.5;0.0
av_COTTON_d11;10800;ASH_COATED_OSMIUM;9918;24;9916;11;;;9938;28;9940;17;;;9928.0;0.0
av_COTTON_d11;10800;INTARIAN_PEPPER_ROOT;10264;16;10262;14;;;10270;7;10272;23;;;10267.0;0.0
av_COTTON_d11;10900;ASH_COATED_OSMIUM;9924;9;9922;17;;;9930;12;9933;17;;;9927.0;0.0
av_COTTON_d11;10900;INTARIAN_PEPPER_ROOT;10263;12;10261;8;;;10269;12;10272;30;;;10266.0;0.0
av_COTTON_d11;11000;ASH_COATED_OSMIUM;9925;23;9922;22;;;9931;8;9933;15;;;9928.0;0.0
av_COTTON_d11;11000;INTARIAN_PEPPER_ROOT;10259;20;10255;24;;;10272;12;10276;35;;;10265.5;0.0
av_COTTON_d11;11100;ASH_COATED_OSMIUM;9925;13;9921;23;;;9931;8;9934;22;;;9928.0;0.0
av_COTTON_d11;11100;INTARIAN_PEPPER_ROOT;10255;7;10251;24;;;10274;19;10277;20;;;10264.5;0.0
av_COTTON_d11;11200;ASH_COATED_OSMIUM;9921;22;9918;20;;;9934;13;9938;12;;;9927.5;0.0
av_COTTON_d11;11200;INTARIAN_PEPPER_ROOT;10261;17;10258;18;;;10267;21;10269;25;;;10264.0;0.0
av_COTTON_d11;11300;ASH_COATED_OSMIUM;9925;12;9921;25;;;9931;15;9935;25;;;9928.0;0.0
av_COTTON_d11;11300;INTARIAN_PEPPER_ROOT;10260;8;10258;19;;;10266;18;10268;25;;;10263.0;0.0
av_COTTON_d11;11400;ASH_COATED_OSMIUM;9922;21;9920;24;;;9932;14;9934;27;;;9927.0;0.0
av_COTTON_d11;11400;INTARIAN_PEPPER_ROOT;10254;13;10251;19;;;10271;17;10274;25;;;10262.5;0.0
av_COTTON_d11;11500;ASH_COATED_OSMIUM;9925;25;9923;14;;;9931;18;9933;31;;;9928.0;0.0
av_COTTON_d11;11500;INTARIAN_PEPPER_ROOT;10259;16;10255;15;;;10265;18;10269;24;;;10262.0;0.0
av_COTTON_d11;11600;ASH_COATED_OSMIUM;9925;17;9923;15;;;9931;18;9934;18;;;9928.0;0.0
av_COTTON_d11;11600;INTARIAN_PEPPER_ROOT;10251;18;10247;26;;;10270;18;10272;15;;;10260.5;0.0
av_COTTON_d11;11700;ASH_COATED_OSMIUM;9925;17;9923;28;;;9931;11;9934;15;;;9928.0;0.0
av_COTTON_d11;11700;INTARIAN_PEPPER_ROOT;10257;13;10253;21;;;10263;20;10267;20;;;10260.0;0.0
av_COTTON_d11;11800;ASH_COATED_OSMIUM;9917;5;9913;14;;;9938;21;9941;21;;;9927.5;0.0
av_COTTON_d11;11800;INTARIAN_PEPPER_ROOT;10257;5;10254;14;;;10263;8;10266;19;;;10260.0;0.0
av_COTTON_d11;11900;ASH_COATED_OSMIUM;9915;17;9913;29;;;9937;16;9941;17;;;9926.0;0.0
av_COTTON_d11;11900;INTARIAN_PEPPER_ROOT;10255;16;10252;23;;;10261;16;10263;28;;;10258.0;0.0
av_COTTON_d11;12000;ASH_COATED_OSMIUM;9924;13;9922;19;;;9930;5;9934;22;;;9927.0;0.0
av_COTTON_d11;12000;INTARIAN_PEPPER_ROOT;10254;8;10250;21;;;10261;19;10265;23;;;10257.5;0.0
av_COTTON_d11;12100;ASH_COATED_OSMIUM;9921;13;9917;21;;;9933;13;9935;14;;;9927.0;0.0
av_COTTON_d11;12100;INTARIAN_PEPPER_ROOT;10253;17;10250;12;;;10259;10;10261;21;;;10256.0;0.0
av_COTTON_d11;12200;ASH_COATED_OSMIUM;9924;16;9921;13;;;9930;15;9934;17;;;9927.0;0.0
av_COTTON_d11;12200;INTARIAN_PEPPER_ROOT;10247;14;10244;15;;;10266;14;10268;27;;;10256.5;0.0
av_COTTON_d11;12300;ASH_COATED_OSMIUM;9923;16;9920;18;;;9932;12;9935;27;;;9927.5;0.0
av_COTTON_d11;12300;INTARIAN_PEPPER_ROOT;10237;5;10234;19;;;10272;13;10276;18;;;10254.5;0.0
av_COTTON_d11;12400;ASH_COATED_OSMIUM;9913;11;9911;28;;;9940;16;9943;21;;;9926.5;0.0
av_COTTON_d11;12400;INTARIAN_PEPPER_ROOT;10250;11;10246;22;;;10258;22;10261;29;;;10254.0;0.0
av_COTTON_d11;12500;ASH_COATED_OSMIUM;9924;7;9920;23;;;9930;21;9932;20;;;9927.0;0.0
av_COTTON_d11;12500;INTARIAN_PEPPER_ROOT;10250;8;10246;16;;;10256;13;10259;21;;;10253.0;0.0
av_COTTON_d11;12600;ASH_COATED_OSMIUM;9924;14;9920;18;;;9930;16;9934;16;;;9927.0;0.0
av_COTTON_d11;12600;INTARIAN_PEPPER_ROOT;10249;16;10245;22;;;10255;16;10259;16;;;10252.0;0.0
av_COTTON_d11;12700;ASH_COATED_OSMIUM;9923;19;9921;20;;;9929;16;9931;21;;;9926.0;0.0
av_COTTON_d11;12700;INTARIAN_PEPPER_ROOT;10248;19;10244;26;;;10254;20;10256;16;;;10251.0;0.0
av_COTTON_d11;12800;ASH_COATED_OSMIUM;9923;13;9921;28;;;9931;17;9935;17;;;9927.0;0.0
av_COTTON_d11;12800;INTARIAN_PEPPER_ROOT;10247;10;10243;25;;;10254;6;10257;23;;;10250.5;0.0
av_COTTON_d11;12900;ASH_COATED_OSMIUM;9924;7;9920;15;;;9930;20;9932;23;;;9927.0;0.0
av_COTTON_d11;12900;INTARIAN_PEPPER_ROOT;10247;12;10245;20;;;10253;19;10257;24;;;10250.0;0.0
av_COTTON_d11;13000;ASH_COATED_OSMIUM;9921;23;9917;24;;;9934;5;9936;21;;;9927.5;0.0
av_COTTON_d11;13000;INTARIAN_PEPPER_ROOT;10243;11;10241;17;;;10254;8;10256;19;;;10248.5;0.0
av_COTTON_d11;13100;ASH_COATED_OSMIUM;9924;14;9920;24;;;9930;19;9933;19;;;9927.0;0.0
av_COTTON_d11;13100;INTARIAN_PEPPER_ROOT;10239;14;10235;21;;;10257;17;10259;27;;;10248.0;0.0
av_COTTON_d11;13200;ASH_COATED_OSMIUM;9923;23;9921;22;;;9931;19;9934;17;;;9927.0;0.0
av_COTTON_d11;13200;INTARIAN_PEPPER_ROOT;10233;13;10230;19;;;10261;12;10265;15;;;10247.0;0.0
av_COTTON_d11;13300;ASH_COATED_OSMIUM;9914;11;9910;8;;;9940;18;9943;18;;;9927.0;0.0
av_COTTON_d11;13300;INTARIAN_PEPPER_ROOT;10244;11;10241;19;;;10250;10;10252;19;;;10247.0;0.0
av_COTTON_d11;13400;ASH_COATED_OSMIUM;9924;17;9922;15;;;9930;14;9933;9;;;9927.0;0.0
av_COTTON_d11;13400;INTARIAN_PEPPER_ROOT;10243;16;10241;22;;;10249;14;10252;24;;;10246.0;0.0
av_COTTON_d11;13500;ASH_COATED_OSMIUM;9924;30;9920;20;;;9930;16;9933;17;;;9927.0;0.0
av_COTTON_d11;13500;INTARIAN_PEPPER_ROOT;10241;13;10239;8;;;10248;28;10251;23;;;10244.5;0.0
av_COTTON_d11;13600;ASH_COATED_OSMIUM;9924;9;9921;32;;;9930;15;9934;22;;;9927.0;0.0
av_COTTON_d11;13600;INTARIAN_PEPPER_ROOT;10235;12;10232;26;;;10252;19;10256;16;;;10243.5;0.0
av_COTTON_d11;13700;ASH_COATED_OSMIUM;9923;11;9921;17;;;9929;9;9932;18;;;9926.0;0.0
av_COTTON_d11;13700;INTARIAN_PEPPER_ROOT;10240;19;10236;21;;;10246;12;10249;25;;;10243.0;0.0
av_COTTON_d11;13800;ASH_COATED_OSMIUM;9923;24;9920;17;;;9929;20;9932;15;;;9926.0;0.0
av_COTTON_d11;13800;INTARIAN_PEPPER_ROOT;10239;7;10235;25;;;10245;11;10249;16;;;10242.0;0.0
av_COTTON_d11;13900;ASH_COATED_OSMIUM;9924;8;9922;24;;;9930;15;9933;24;;;9927.0;0.0
av_COTTON_d11;13900;INTARIAN_PEPPER_ROOT;10238;18;10236;23;;;10244;15;10246;13;;;10241.0;0.0
av_COTTON_d11;14000;ASH_COATED_OSMIUM;9920;18;9916;16;;;9932;11;9936;24;;;9926.0;0.0
av_COTTON_d11;14000;INTARIAN_PEPPER_ROOT;10233;17;10230;23;;;10249;17;10251;22;;;10241.0;0.0
av_COTTON_d11;14100;ASH_COATED_OSMIUM;9923;11;9921;20;;;9929;14;9932;18;;;9926.0;0.0
av_COTTON_d11;14100;INTARIAN_PEPPER_ROOT;10235;6;10232;26;;;10244;6;10248;16;;;10239.5;0.0
av_COTTON_d11;14200;ASH_COATED_OSMIUM;9918;24;9915;21;;;9934;16;9938;12;;;9926.0;0.0
av_COTTON_d11;14200;INTARIAN_PEPPER_ROOT;10235;12;10233;14;;;10241;19;10244;22;;;10238.0;0.0
av_COTTON_d11;14300;ASH_COATED_OSMIUM;9923;20;9920;18;;;9929;10;9931;22;;;9926.0;0.0
av_COTTON_d11;14300;INTARIAN_PEPPER_ROOT;10235;16;10231;21;;;10241;12;10245;8;;;10238.0;0.0
av_COTTON_d11;14400;ASH_COATED_OSMIUM;9923;6;9920;18;;;9929;16;9932;20;;;9926.0;0.0
av_COTTON_d11;14400;INTARIAN_PEPPER_ROOT;10234;21;10231;26;;;10240;15;10244;14;;;10237.0;0.0
av_COTTON_d11;14500;ASH_COATED_OSMIUM;9923;7;9919;19;;;9929;15;9932;13;;;9926.0;0.0
av_COTTON_d11;14500;INTARIAN_PEPPER_ROOT;10233;14;10230;20;;;10239;13;10242;20;;;10236.0;0.0
av_COTTON_d11;14600;ASH_COATED_OSMIUM;9922;11;9919;21;;;9928;10;9930;25;;;9925.0;0.0
av_COTTON_d11;14600;INTARIAN_PEPPER_ROOT;10227;20;10225;22;;;10244;10;10247;24;;;10235.5;0.0
av_COTTON_d11;14700;ASH_COATED_OSMIUM;9923;17;9921;20;;;9929;12;9933;29;;;9926.0;0.0
av_COTTON_d11;14700;INTARIAN_PEPPER_ROOT;10231;18;10229;23;;;10237;10;10241;20;;;10234.0;0.0
av_COTTON_d11;14800;ASH_COATED_OSMIUM;9923;15;9919;13;;;9929;16;9933;22;;;9926.0;0.0
av_COTTON_d11;14800;INTARIAN_PEPPER_ROOT;10226;10;10224;11;;;10242;11;10245;19;;;10234.0;0.0
av_COTTON_d11;14900;ASH_COATED_OSMIUM;9922;20;9920;16;;;9928;13;9931;19;;;9925.0;0.0
av_COTTON_d11;14900;INTARIAN_PEPPER_ROOT;10228;13;10224;22;;;10238;13;10241;20;;;10233.0;0.0
av_COTTON_d11;15000;ASH_COATED_OSMIUM;9922;13;9919;20;;;9928;19;9931;13;;;9925.0;0.0
av_COTTON_d11;15000;INTARIAN_PEPPER_ROOT;10228;7;10224;20;;;10236;8;10240;12;;;10232.0;0.0
av_COTTON_d11;15100;ASH_COATED_OSMIUM;9922;13;9918;29;;;9928;18;9931;21;;;9925.0;0.0
av_COTTON_d11;15100;INTARIAN_PEPPER_ROOT;10229;14;10225;11;;;10235;9;10237;22;;;10232.0;0.0
av_COTTON_d11;15200;ASH_COATED_OSMIUM;9919;22;9916;28;;;9931;17;9933;26;;;9925.0;0.0
av_COTTON_d11;15200;INTARIAN_PEPPER_ROOT;10227;19;10225;17;;;10233;20;10236;18;;;10230.0;0.0
av_COTTON_d11;15300;ASH_COATED_OSMIUM;9923;12;9921;21;;;9929;21;9933;12;;;9926.0;0.0
av_COTTON_d11;15300;INTARIAN_PEPPER_ROOT;10215;11;10211;19;;;10243;7;10246;16;;;10229.0;0.0
av_COTTON_d11;15400;ASH_COATED_OSMIUM;9922;5;9919;14;;;9928;7;9930;17;;;9925.0;0.0
av_COTTON_d11;15400;INTARIAN_PEPPER_ROOT;10226;16;10222;23;;;10232;21;10235;27;;;10229.0;0.0
av_COTTON_d11;15500;ASH_COATED_OSMIUM;9922;11;9919;8;;;9928;24;9931;13;;;9925.0;0.0
av_COTTON_d11;15500;INTARIAN_PEPPER_ROOT;10225;6;10222;18;;;10231;11;10233;22;;;10228.0;0.0
av_COTTON_d11;15600;ASH_COATED_OSMIUM;9917;22;9913;20;;;9934;12;9936;15;;;9925.5;0.0
av_COTTON_d11;15600;INTARIAN_PEPPER_ROOT;10224;14;10220;17;;;10230;17;10234;21;;;10227.0;0.0
av_COTTON_d11;15700;ASH_COATED_OSMIUM;9922;7;9918;19;;;9928;12;9932;15;;;9925.0;0.0
av_COTTON_d11;15700;INTARIAN_PEPPER_ROOT;10215;16;10211;13;;;10238;19;10240;21;;;10226.5;0.0
av_COTTON_d11;15800;ASH_COATED_OSMIUM;9917;12;9914;22;;;9935;15;9939;15;;;9926.0;0.0
av_COTTON_d11;15800;INTARIAN_PEPPER_ROOT;10222;12;10218;22;;;10228;14;10232;17;;;10225.0;0.0
av_COTTON_d11;15900;ASH_COATED_OSMIUM;9921;19;9919;21;;;9929;12;9931;26;;;9925.0;0.0
av_COTTON_d11;15900;INTARIAN_PEPPER_ROOT;10221;7;10218;21;;;10227;18;10231;19;;;10224.0;0.0
av_COTTON_d11;16000;ASH_COATED_OSMIUM;9918;9;9916;21;;;9932;14;9935;14;;;9925.0;0.0
av_COTTON_d11;16000;INTARIAN_PEPPER_ROOT;10221;5;10217;20;;;10227;17;10229;19;;;10224.0;0.0
av_COTTON_d11;16100;ASH_COATED_OSMIUM;9918;16;9914;18;;;9932;21;9935;13;;;9925.0;0.0
av_COTTON_d11;16100;INTARIAN_PEPPER_ROOT;10220;15;10218;13;;;10226;5;10229;16;;;10223.0;0.0
av_COTTON_d11;16200;ASH_COATED_OSMIUM;9922;10;9919;26;;;9928;22;9930;25;;;9925.0;0.0
av_COTTON_d11;16200;INTARIAN_PEPPER_ROOT;10218;29;10216;26;;;10226;13;10230;15;;;10222.0;0.0
av_COTTON_d11;16300;ASH_COATED_OSMIUM;9922;21;9918;13;;;9928;8;9932;23;;;9925.0;0.0
av_COTTON_d11;16300;INTARIAN_PEPPER_ROOT;10218;16;10215;22;;;10224;22;10228;24;;;10221.0;0.0
av_COTTON_d11;16400;ASH_COATED_OSMIUM;9922;22;9918;25;;;9928;13;9932;24;;;9925.0;0.0
av_COTTON_d11;16400;INTARIAN_PEPPER_ROOT;10206;13;10204;27;;;10235;25;10237;15;;;10220.5;0.0
av_COTTON_d11;16500;ASH_COATED_OSMIUM;9917;6;9915;27;;;9932;11;9936;18;;;9924.5;0.0
av_COTTON_d11;16500;INTARIAN_PEPPER_ROOT;10216;21;10214;21;;;10222;13;10225;17;;;10219.0;0.0
av_COTTON_d11;16600;ASH_COATED_OSMIUM;9920;13;9917;23;;;9930;11;9934;14;;;9925.0;0.0
av_COTTON_d11;16600;INTARIAN_PEPPER_ROOT;10216;14;10212;33;;;10222;23;10225;22;;;10219.0;0.0
av_COTTON_d11;16700;ASH_COATED_OSMIUM;9918;22;9916;14;;;9931;18;9933;19;;;9924.5;0.0
av_COTTON_d11;16700;INTARIAN_PEPPER_ROOT;10215;24;10211;15;;;10221;5;10223;18;;;10218.0;0.0
av_COTTON_d11;16800;ASH_COATED_OSMIUM;9922;21;9919;20;;;9928;18;9931;18;;;9925.0;0.0
av_COTTON_d11;16800;INTARIAN_PEPPER_ROOT;10213;7;10209;24;;;10219;13;10221;28;;;10216.0;0.0
av_COTTON_d11;16900;ASH_COATED_OSMIUM;9922;11;9920;20;;;9928;5;9932;28;;;9925.0;0.0
av_COTTON_d11;16900;INTARIAN_PEPPER_ROOT;10213;20;10210;17;;;10219;5;10223;28;;;10216.0;0.0
av_COTTON_d11;17000;ASH_COATED_OSMIUM;9919;10;9917;15;;;9931;11;9933;14;;;9925.0;0.0
av_COTTON_d11;17000;INTARIAN_PEPPER_ROOT;10213;7;10210;12;;;10219;13;10221;20;;;10216.0;0.0
av_COTTON_d11;17100;ASH_COATED_OSMIUM;9922;18;9919;16;;;9928;13;9930;13;;;9925.0;0.0
av_COTTON_d11;17100;INTARIAN_PEPPER_ROOT;10213;13;10211;13;;;10219;7;10221;14;;;10216.0;0.0
av_COTTON_d11;17200;ASH_COATED_OSMIUM;9921;8;9918;15;;;9927;22;9929;32;;;9924.0;0.0
av_COTTON_d11;17200;INTARIAN_PEPPER_ROOT;10200;16;10197;24;;;10231;20;10235;8;;;10215.5;0.0
av_COTTON_d11;17300;ASH_COATED_OSMIUM;9921;14;9918;24;;;9927;28;9930;14;;;9924.0;0.0
av_COTTON_d11;17300;INTARIAN_PEPPER_ROOT;10212;16;10210;19;;;10221;18;10223;22;;;10216.5;0.0
av_COTTON_d11;17400;ASH_COATED_OSMIUM;9922;17;9920;16;;;9928;12;9930;18;;;9925.0;0.0
av_COTTON_d11;17400;INTARIAN_PEPPER_ROOT;10213;26;10209;19;;;10219;17;10223;20;;;10216.0;0.0
av_COTTON_d11;17500;ASH_COATED_OSMIUM;9922;19;9919;20;;;9928;5;9931;15;;;9925.0;0.0
av_COTTON_d11;17500;INTARIAN_PEPPER_ROOT;10211;13;10207;23;;;10222;14;10226;13;;;10216.5;0.0
av_COTTON_d11;17600;ASH_COATED_OSMIUM;9918;12;9914;13;;;9931;20;9933;21;;;9924.5;0.0
av_COTTON_d11;17600;INTARIAN_PEPPER_ROOT;10213;12;10209;20;;;10219;14;10222;16;;;10216.0;0.0
av_COTTON_d11;17700;ASH_COATED_OSMIUM;9921;17;9919;20;;;9927;20;9930;19;;;9924.0;0.0
av_COTTON_d11;17700;INTARIAN_PEPPER_ROOT;10213;19;10209;17;;;10220;15;10223;16;;;10216.5;0.0
av_COTTON_d11;17800;ASH_COATED_OSMIUM;9920;18;9916;14;;;9930;18;9933;30;;;9925.0;0.0
av_COTTON_d11;17800;INTARIAN_PEPPER_ROOT;10213;14;10209;22;;;10219;13;10223;27;;;10216.0;0.0
av_COTTON_d11;17900;ASH_COATED_OSMIUM;9919;11;9916;21;;;9931;17;9934;15;;;9925.0;0.0
av_COTTON_d11;17900;INTARIAN_PEPPER_ROOT;10214;7;10212;28;;;10220;15;10224;23;;;10217.0;0.0
av_COTTON_d11;18000;ASH_COATED_OSMIUM;9920;16;9916;8;;;9928;6;9930;8;;;9924.0;0.0
av_COTTON_d11;18000;INTARIAN_PEPPER_ROOT;10214;13;10211;32;;;10220;14;10224;25;;;10217.0;0.0
av_COTTON_d11;18100;ASH_COATED_OSMIUM;9922;18;9918;19;;;9928;13;9930;19;;;9925.0;0.0
av_COTTON_d11;18100;INTARIAN_PEPPER_ROOT;10214;12;10210;28;;;10220;17;10224;13;;;10217.0;0.0
av_COTTON_d11;18200;ASH_COATED_OSMIUM;9916;16;9913;21;;;9934;22;9938;15;;;9925.0;0.0
av_COTTON_d11;18200;INTARIAN_PEPPER_ROOT;10214;22;10211;21;;;10220;15;10224;8;;;10217.0;0.0
av_COTTON_d11;18300;ASH_COATED_OSMIUM;9922;20;9920;15;;;9928;9;9930;20;;;9925.0;0.0
av_COTTON_d11;18300;INTARIAN_PEPPER_ROOT;10214;19;10211;25;;;10220;15;10223;17;;;10217.0;0.0
av_COTTON_d11;18400;ASH_COATED_OSMIUM;9922;23;9920;19;;;9928;16;9930;23;;;9925.0;0.0
av_COTTON_d11;18400;INTARIAN_PEPPER_ROOT;10214;21;10212;21;;;10220;7;10223;26;;;10217.0;0.0
av_COTTON_d11;18500;ASH_COATED_OSMIUM;9922;17;9918;20;;;9928;25;9932;18;;;9925.0;0.0
av_COTTON_d11;18500;INTARIAN_PEPPER_ROOT;10214;12;10211;28;;;10220;11;10224;18;;;10217.0;0.0
av_COTTON_d11;18600;ASH_COATED_OSMIUM;9923;12;9919;20;;;9929;19;9933;9;;;9926.0;0.0
av_COTTON_d11;18600;INTARIAN_PEPPER_ROOT;10209;16;10206;15;;;10225;13;10228;16;;;10217.0;0.0
av_COTTON_d11;18700;ASH_COATED_OSMIUM;9917;10;9914;22;;;9931;17;9933;27;;;9924.0;0.0
av_COTTON_d11;18700;INTARIAN_PEPPER_ROOT;10215;13;10213;25;;;10221;5;10224;16;;;10218.0;0.0
av_COTTON_d11;18800;ASH_COATED_OSMIUM;9915;19;9912;24;;;9935;17;9939;22;;;9925.0;0.0
av_COTTON_d11;18800;INTARIAN_PEPPER_ROOT;10215;24;10211;26;;;10221;23;10224;13;;;10218.0;0.0
av_COTTON_d11;18900;ASH_COATED_OSMIUM;9922;12;9920;14;;;9928;20;9930;20;;;9925.0;0.0
av_COTTON_d11;18900;INTARIAN_PEPPER_ROOT;10215;17;10213;20;;;10221;14;10224;22;;;10218.0;0.0
av_COTTON_d11;19000;ASH_COATED_OSMIUM;9916;18;9912;16;;;9934;23;9936;18;;;9925.0;0.0
av_COTTON_d11;19000;INTARIAN_PEPPER_ROOT;10214;20;10211;20;;;10220;10;10223;23;;;10217.0;0.0
av_COTTON_d11;19100;ASH_COATED_OSMIUM;9916;7;9914;20;;;9933;11;9935;27;;;9924.5;0.0
av_COTTON_d11;19100;INTARIAN_PEPPER_ROOT;10215;10;10213;20;;;10221;18;10223;30;;;10218.0;0.0
av_COTTON_d11;19200;ASH_COATED_OSMIUM;9922;18;9920;21;;;9929;16;9933;25;;;9925.5;0.0
av_COTTON_d11;19200;INTARIAN_PEPPER_ROOT;10212;15;10208;21;;;10223;10;10225;23;;;10217.5;0.0
av_COTTON_d11;19300;ASH_COATED_OSMIUM;9922;10;9919;8;;;9928;11;9931;25;;;9925.0;0.0
av_COTTON_d11;19300;INTARIAN_PEPPER_ROOT;10215;11;10212;12;;;10221;16;10223;15;;;10218.0;0.0
av_COTTON_d11;19400;ASH_COATED_OSMIUM;9922;5;9920;20;;;9928;13;9932;27;;;9925.0;0.0
av_COTTON_d11;19400;INTARIAN_PEPPER_ROOT;10215;11;10213;21;;;10221;10;10224;22;;;10218.0;0.0
av_COTTON_d11;19500;ASH_COATED_OSMIUM;9920;20;9916;8;;;9928;15;9931;23;;;9924.0;0.0
av_COTTON_d11;19500;INTARIAN_PEPPER_ROOT;10213;12;10209;21;;;10223;16;10227;17;;;10218.0;0.0
av_COTTON_d11;19600;ASH_COATED_OSMIUM;9922;9;9919;10;;;9928;17;9932;18;;;9925.0;0.0
av_COTTON_d11;19600;INTARIAN_PEPPER_ROOT;10215;10;10212;13;;;10221;24;10223;12;;;10218.0;0.0
av_COTTON_d11;19700;ASH_COATED_OSMIUM;9922;8;9919;32;;;9928;16;9931;29;;;9925.0;0.0
av_COTTON_d11;19700;INTARIAN_PEPPER_ROOT;10215;11;10212;17;;;10221;16;10223;23;;;10218.0;0.0
av_COTTON_d11;19800;ASH_COATED_OSMIUM;9922;8;9919;19;;;9929;13;9932;20;;;9925.5;0.0
av_COTTON_d11;19800;INTARIAN_PEPPER_ROOT;10212;19;10209;21;;;10225;19;10229;20;;;10218.5;0.0
av_COTTON_d11;19900;ASH_COATED_OSMIUM;9923;8;9919;19;;;9929;14;9931;16;;;9926.0;0.0
av_COTTON_d11;19900;INTARIAN_PEPPER_ROOT;10216;14;10213;25;;;10222;17;10226;12;;;10219.0;0.0
av_COTTON_d11;20000;ASH_COATED_OSMIUM;9920;9;9917;20;;;9930;12;9932;18;;;9925.0;0.0
av_COTTON_d11;20000;INTARIAN_PEPPER_ROOT;10216;13;10212;11;;;10222;23;10224;27;;;10219.0;0.0
av_COTTON_d11;20100;ASH_COATED_OSMIUM;9917;17;9915;21;;;9934;10;9937;26;;;9925.5;0.0
av_COTTON_d11;20100;INTARIAN_PEPPER_ROOT;10215;19;10213;20;;;10221;19;10224;23;;;10218.0;0.0
av_COTTON_d11;20200;ASH_COATED_OSMIUM;9922;8;9919;21;;;9928;16;9931;18;;;9925.0;0.0
av_COTTON_d11;20200;INTARIAN_PEPPER_ROOT;10216;14;10213;25;;;10222;21;10225;25;;;10219.0;0.0
av_COTTON_d11;20300;ASH_COATED_OSMIUM;9918;13;9914;26;;;9933;13;9935;16;;;9925.5;0.0
av_COTTON_d11;20300;INTARIAN_PEPPER_ROOT;10216;13;10214;21;;;10222;13;10225;27;;;10219.0;0.0
av_COTTON_d11;20400;ASH_COATED_OSMIUM;9922;14;9920;22;;;9928;13;9931;21;;;9925.0;0.0
av_COTTON_d11;20400;INTARIAN_PEPPER_ROOT;10215;16;10211;17;;;10223;5;10226;15;;;10219.0;0.0
av_COTTON_d11;20500;ASH_COATED_OSMIUM;9922;20;9920;21;;;9928;21;9930;18;;;9925.0;0.0
av_COTTON_d11;20500;INTARIAN_PEPPER_ROOT;10216;12;10212;19;;;10222;11;10224;21;;;10219.0;0.0
av_COTTON_d11;20600;ASH_COATED_OSMIUM;9923;19;9919;25;;;9929;12;9933;19;;;9926.0;0.0
av_COTTON_d11;20600;INTARIAN_PEPPER_ROOT;10216;9;10212;22;;;10222;12;10226;12;;;10219.0;0.0
av_COTTON_d11;20700;ASH_COATED_OSMIUM;9922;9;9920;16;;;9928;21;9931;22;;;9925.0;0.0
av_COTTON_d11;20700;INTARIAN_PEPPER_ROOT;10213;12;10209;15;;;10226;10;10229;29;;;10219.5;0.0
av_COTTON_d11;20800;ASH_COATED_OSMIUM;9923;9;9921;17;;;9930;24;9932;16;;;9926.5;0.0
av_COTTON_d11;20800;INTARIAN_PEPPER_ROOT;10216;6;10213;12;;;10222;18;10224;18;;;10219.0;0.0
av_COTTON_d11;20900;ASH_COATED_OSMIUM;9922;20;9919;22;;;9928;15;9930;15;;;9925.0;0.0
av_COTTON_d11;20900;INTARIAN_PEPPER_ROOT;10210;9;10208;22;;;10230;9;10232;10;;;10220.0;0.0
av_COTTON_d11;21000;ASH_COATED_OSMIUM;9922;17;9920;15;;;9928;14;9930;17;;;9925.0;0.0
av_COTTON_d11;21000;INTARIAN_PEPPER_ROOT;10216;16;10213;20;;;10222;17;10225;23;;;10219.0;0.0
av_COTTON_d11;21100;ASH_COATED_OSMIUM;9918;11;9916;18;;;9931;15;9934;20;;;9924.5;0.0
av_COTTON_d11;21100;INTARIAN_PEPPER_ROOT;10217;6;10215;13;;;10223;18;10225;16;;;10220.0;0.0
av_COTTON_d11;21200;ASH_COATED_OSMIUM;9922;18;9918;28;;;9928;11;9932;26;;;9925.0;0.0
av_COTTON_d11;21200;INTARIAN_PEPPER_ROOT;10217;19;10214;21;;;10223;11;10225;20;;;10220.0;0.0
av_COTTON_d11;21300;ASH_COATED_OSMIUM;9923;11;9921;29;;;9929;16;9933;18;;;9926.0;0.0
av_COTTON_d11;21300;INTARIAN_PEPPER_ROOT;10217;11;10215;31;;;10223;9;10227;17;;;10220.0;0.0
av_COTTON_d11;21400;ASH_COATED_OSMIUM;9922;20;9918;17;;;9928;12;9930;24;;;9925.0;0.0
av_COTTON_d11;21400;INTARIAN_PEPPER_ROOT;10217;26;10215;18;;;10224;19;10227;15;;;10220.5;0.0
av_COTTON_d11;21500;ASH_COATED_OSMIUM;9922;17;9920;24;;;9928;18;9931;28;;;9925.0;0.0
av_COTTON_d11;21500;INTARIAN_PEPPER_ROOT;10217;8;10215;12;;;10223;12;10226;20;;;10220.0;0.0
av_COTTON_d11;21600;ASH_COATED_OSMIUM;9923;13;9919;18;;;9929;21;9932;19;;;9926.0;0.0
av_COTTON_d11;21600;INTARIAN_PEPPER_ROOT;10216;10;10213;19;;;10224;10;10226;12;;;10220.0;0.0
av_COTTON_d11;21700;ASH_COATED_OSMIUM;9922;17;9919;15;;;9928;20;9931;23;;;9925.0;0.0
av_COTTON_d11;21700;INTARIAN_PEPPER_ROOT;10214;19;10210;16;;;10225;18;10228;18;;;10219.5;0.0
av_COTTON_d11;21800;ASH_COATED_OSMIUM;9921;21;9919;13;;;9929;15;9931;18;;;9925.0;0.0
av_COTTON_d11;21800;INTARIAN_PEPPER_ROOT;10218;5;10215;16;;;10224;25;10226;19;;;10221.0;0.0
av_COTTON_d11;21900;ASH_COATED_OSMIUM;9922;16;9918;23;;;9928;19;9931;17;;;9925.0;0.0
av_COTTON_d11;21900;INTARIAN_PEPPER_ROOT;10217;18;10215;27;;;10223;14;10225;13;;;10220.0;0.0
av_COTTON_d11;22000;ASH_COATED_OSMIUM;9920;8;9918;31;;;9930;19;9934;20;;;9925.0;0.0
av_COTTON_d11;22000;INTARIAN_PEPPER_ROOT;10215;16;10211;19;;;10227;12;10229;15;;;10221.0;0.0
av_COTTON_d11;22100;ASH_COATED_OSMIUM;9922;11;9920;15;;;9928;19;9931;17;;;9925.0;0.0
av_COTTON_d11;22100;INTARIAN_PEPPER_ROOT;10218;7;10215;23;;;10224;16;10227;35;;;10221.0;0.0
av_COTTON_d11;22200;ASH_COATED_OSMIUM;9909;26;9907;18;;;9941;8;9943;22;;;9925.0;0.0
av_COTTON_d11;22200;INTARIAN_PEPPER_ROOT;10217;14;10214;18;;;10223;9;10225;14;;;10220.0;0.0
av_COTTON_d11;22300;ASH_COATED_OSMIUM;9917;7;9913;18;;;9932;20;9935;17;;;9924.5;0.0
av_COTTON_d11;22300;INTARIAN_PEPPER_ROOT;10217;18;10214;14;;;10223;25;10225;17;;;10220.0;0.0
av_COTTON_d11;22400;ASH_COATED_OSMIUM;9910;15;9907;20;;;9942;14;9944;16;;;9926.0;0.0
av_COTTON_d11;22400;INTARIAN_PEPPER_ROOT;10217;10;10213;21;;;10223;9;10227;22;;;10220.0;0.0
av_COTTON_d11;22500;ASH_COATED_OSMIUM;9923;19;9920;13;;;9929;8;9931;22;;;9926.0;0.0
av_COTTON_d11;22500;INTARIAN_PEPPER_ROOT;10219;5;10217;27;;;10225;9;10229;20;;;10222.0;0.0
av_COTTON_d11;22600;ASH_COATED_OSMIUM;9923;9;9921;21;;;9929;13;9931;17;;;9926.0;0.0
av_COTTON_d11;22600;INTARIAN_PEPPER_ROOT;10209;20;10206;22;;;10233;15;10235;19;;;10221.0;0.0
av_COTTON_d11;22700;ASH_COATED_OSMIUM;9923;22;9921;25;;;9929;19;9933;20;;;9926.0;0.0
av_COTTON_d11;22700;INTARIAN_PEPPER_ROOT;10204;11;10201;21;;;10239;24;10242;15;;;10221.5;0.0
av_COTTON_d11;22800;ASH_COATED_OSMIUM;9922;18;9920;17;;;9928;19;9930;17;;;9925.0;0.0
av_COTTON_d11;22800;INTARIAN_PEPPER_ROOT;10218;8;10216;23;;;10224;15;10227;16;;;10221.0;0.0
av_COTTON_d11;22900;ASH_COATED_OSMIUM;9922;17;9919;20;;;9928;11;9932;14;;;9925.0;0.0
av_COTTON_d11;22900;INTARIAN_PEPPER_ROOT;10216;14;10213;14;;;10225;21;10228;25;;;10220.5;0.0
av_COTTON_d11;23000;ASH_COATED_OSMIUM;9922;16;9918;9;;;9928;23;9931;23;;;9925.0;0.0
av_COTTON_d11;23000;INTARIAN_PEPPER_ROOT;10218;16;10214;18;;;10224;9;10227;21;;;10221.0;0.0
av_COTTON_d11;23100;ASH_COATED_OSMIUM;9918;13;9915;26;;;9933;19;9935;30;;;9925.5;0.0
av_COTTON_d11;23100;INTARIAN_PEPPER_ROOT;10214;13;10210;23;;;10229;21;10231;25;;;10221.5;0.0
av_COTTON_d11;23200;ASH_COATED_OSMIUM;9904;9;9901;24;;;9947;9;9949;12;;;9925.5;0.0
av_COTTON_d11;23200;INTARIAN_PEPPER_ROOT;10208;20;10205;15;;;10236;29;10238;12;;;10222.0;0.0
av_COTTON_d11;23300;ASH_COATED_OSMIUM;9922;22;9918;22;;;9928;17;9931;14;;;9925.0;0.0
av_COTTON_d11;23300;INTARIAN_PEPPER_ROOT;10218;14;10215;28;;;10224;14;10226;16;;;10221.0;0.0
av_COTTON_d11;23400;ASH_COATED_OSMIUM;9922;22;9920;19;;;9928;12;9930;16;;;9925.0;0.0
av_COTTON_d11;23400;INTARIAN_PEPPER_ROOT;10219;6;10217;18;;;10225;15;10228;20;;;10222.0;0.0
av_COTTON_d11;23500;ASH_COATED_OSMIUM;9922;13;9920;19;;;9928;10;9931;25;;;9925.0;0.0
av_COTTON_d11;23500;INTARIAN_PEPPER_ROOT;10219;21;10215;20;;;10225;17;10227;27;;;10222.0;0.0
av_COTTON_d11;23600;ASH_COATED_OSMIUM;9922;15;9919;14;;;9930;15;9932;13;;;9926.0;0.0
av_COTTON_d11;23600;INTARIAN_PEPPER_ROOT;10219;22;10217;8;;;10225;13;10229;20;;;10222.0;0.0
av_COTTON_d11;23700;ASH_COATED_OSMIUM;9922;12;9918;23;;;9928;7;9931;25;;;9925.0;0.0
av_COTTON_d11;23700;INTARIAN_PEPPER_ROOT;10218;5;10216;16;;;10225;19;10227;20;;;10221.5;0.0
av_COTTON_d11;23800;ASH_COATED_OSMIUM;9923;11;9920;18;;;9929;15;9932;16;;;9926.0;0.0
av_COTTON_d11;23800;INTARIAN_PEPPER_ROOT;10219;16;10215;21;;;10225;9;10228;20;;;10222.0;0.0
av_COTTON_d11;23900;ASH_COATED_OSMIUM;9919;15;9916;21;;;9930;21;9934;33;;;9924.5;0.0
av_COTTON_d11;23900;INTARIAN_PEPPER_ROOT;10208;17;10206;18;;;10237;17;10241;22;;;10222.5;0.0
av_COTTON_d11;24000;ASH_COATED_OSMIUM;9921;11;9918;11;;;9931;20;9933;23;;;9926.0;0.0
av_COTTON_d11;24000;INTARIAN_PEPPER_ROOT;10219;14;10216;25;;;10225;14;10227;21;;;10222.0;0.0
av_COTTON_d11;24100;ASH_COATED_OSMIUM;9922;20;9919;25;;;9929;19;9932;25;;;9925.5;0.0
av_COTTON_d11;24100;INTARIAN_PEPPER_ROOT;10219;13;10216;20;;;10228;8;10232;22;;;10223.5;0.0
av_COTTON_d11;24200;ASH_COATED_OSMIUM;9919;8;9916;18;;;9932;20;9934;15;;;9925.5;0.0
av_COTTON_d11;24200;INTARIAN_PEPPER_ROOT;10216;20;10213;24;;;10229;11;10233;19;;;10222.5;0.0
av_COTTON_d11;24300;ASH_COATED_OSMIUM;9918;15;9915;23;;;9933;9;9936;23;;;9925.5;0.0
av_COTTON_d11;24300;INTARIAN_PEPPER_ROOT;10214;14;10212;21;;;10230;11;10234;16;;;10222.0;0.0
av_COTTON_d11;24400;ASH_COATED_OSMIUM;9920;20;9916;25;;;9931;7;9933;27;;;9925.5;0.0
av_COTTON_d11;24400;INTARIAN_PEPPER_ROOT;10206;27;10203;27;;;10240;15;10244;11;;;10223.0;0.0
av_COTTON_d11;24500;ASH_COATED_OSMIUM;9921;12;9919;27;;;9931;22;9935;17;;;9926.0;0.0
av_COTTON_d11;24500;INTARIAN_PEPPER_ROOT;10220;23;10217;24;;;10226;20;10228;26;;;10223.0;0.0
av_COTTON_d11;24600;ASH_COATED_OSMIUM;9923;14;9919;22;;;9929;11;9931;24;;;9926.0;0.0
av_COTTON_d11;24600;INTARIAN_PEPPER_ROOT;10219;16;10215;23;;;10228;18;10230;27;;;10223.5;0.0
av_COTTON_d11;24700;ASH_COATED_OSMIUM;9923;19;9920;24;;;9929;15;9932;23;;;9926.0;0.0
av_COTTON_d11;24700;INTARIAN_PEPPER_ROOT;10220;14;10217;17;;;10226;12;10229;16;;;10223.0;0.0
av_COTTON_d11;24800;ASH_COATED_OSMIUM;9922;15;9918;11;;;9928;16;9931;12;;;9925.0;0.0
av_COTTON_d11;24800;INTARIAN_PEPPER_ROOT;10218;13;10214;17;;;10227;17;10231;21;;;10222.5;0.0
av_COTTON_d11;24900;ASH_COATED_OSMIUM;9913;20;9909;17;;;9937;10;9940;13;;;9925.0;0.0
av_COTTON_d11;24900;INTARIAN_PEPPER_ROOT;10219;14;10217;17;;;10226;19;10230;11;;;10222.5;0.0
av_COTTON_d11;25000;ASH_COATED_OSMIUM;9923;12;9919;20;;;9929;17;9932;15;;;9926.0;0.0
av_COTTON_d11;25000;INTARIAN_PEPPER_ROOT;10220;21;10218;23;;;10226;12;10228;17;;;10223.0;0.0
av_COTTON_d11;25100;ASH_COATED_OSMIUM;9922;9;9919;13;;;9928;13;9931;19;;;9925.0;0.0
av_COTTON_d11;25100;INTARIAN_PEPPER_ROOT;10221;14;10218;17;;;10227;19;10230;21;;;10224.0;0.0
av_COTTON_d11;25200;ASH_COATED_OSMIUM;9923;13;9921;17;;;9929;14;9931;13;;;9926.0;0.0
av_COTTON_d11;25200;INTARIAN_PEPPER_ROOT;10219;13;10215;17;;;10227;14;10229;20;;;10223.0;0.0
av_COTTON_d11;25300;ASH_COATED_OSMIUM;9920;14;9916;27;;;9931;17;9933;19;;;9925.5;0.0
av_COTTON_d11;25300;INTARIAN_PEPPER_ROOT;10220;20;10216;19;;;10226;15;10230;24;;;10223.0;0.0
av_COTTON_d11;25400;ASH_COATED_OSMIUM;9923;7;9919;25;;;9929;10;9933;15;;;9926.0;0.0
av_COTTON_d11;25400;INTARIAN_PEPPER_ROOT;10220;7;10216;8;;;10226;12;10229;16;;;10223.0;0.0
av_COTTON_d11;25500;ASH_COATED_OSMIUM;9923;12;9921;21;;;9929;23;9932;30;;;9926.0;0.0
av_COTTON_d11;25500;INTARIAN_PEPPER_ROOT;10221;16;10218;24;;;10227;16;10229;29;;;10224.0;0.0
av_COTTON_d11;25600;ASH_COATED_OSMIUM;9923;15;9919;18;;;9929;18;9931;27;;;9926.0;0.0
av_COTTON_d11;25600;INTARIAN_PEPPER_ROOT;10221;21;10218;18;;;10227;9;10229;17;;;10224.0;0.0
av_COTTON_d11;25700;ASH_COATED_OSMIUM;9922;13;9918;18;;;9928;20;9930;15;;;9925.0;0.0
av_COTTON_d11;25700;INTARIAN_PEPPER_ROOT;10214;15;10211;18;;;10234;16;10238;33;;;10224.0;0.0
av_COTTON_d11;25800;ASH_COATED_OSMIUM;9923;20;9920;20;;;9929;5;9931;19;;;9926.0;0.0
av_COTTON_d11;25800;INTARIAN_PEPPER_ROOT;10221;16;10218;21;;;10227;14;10229;22;;;10224.0;0.0
av_COTTON_d11;25900;ASH_COATED_OSMIUM;9923;15;9919;25;;;9929;7;9931;23;;;9926.0;0.0
av_COTTON_d11;25900;INTARIAN_PEPPER_ROOT;10218;21;10215;11;;;10230;14;10232;23;;;10224.0;0.0
av_COTTON_d11;26000;ASH_COATED_OSMIUM;9921;19;9917;20;;;9932;16;9934;15;;;9926.5;0.0
av_COTTON_d11;26000;INTARIAN_PEPPER_ROOT;10222;11;10218;12;;;10228;10;10230;16;;;10225.0;0.0
av_COTTON_d11;26100;ASH_COATED_OSMIUM;9923;13;9921;10;;;9929;8;9933;22;;;9926.0;0.0
av_COTTON_d11;26100;INTARIAN_PEPPER_ROOT;10220;22;10218;23;;;10228;8;10232;18;;;10224.0;0.0
av_COTTON_d11;26200;ASH_COATED_OSMIUM;9918;17;9915;9;;;9933;14;9936;11;;;9925.5;0.0
av_COTTON_d11;26200;INTARIAN_PEPPER_ROOT;10221;21;10217;24;;;10227;10;10230;20;;;10224.0;0.0
av_COTTON_d11;26300;ASH_COATED_OSMIUM;9923;20;9920;13;;;9929;17;9931;24;;;9926.0;0.0
av_COTTON_d11;26300;INTARIAN_PEPPER_ROOT;10221;8;10218;9;;;10227;14;10229;19;;;10224.0;0.0
av_COTTON_d11;26400;ASH_COATED_OSMIUM;9922;18;9920;18;;;9929;19;9931;19;;;9925.5;0.0
av_COTTON_d11;26400;INTARIAN_PEPPER_ROOT;10211;21;10208;28;;;10237;14;10239;28;;;10224.0;0.0
av_COTTON_d11;26500;ASH_COATED_OSMIUM;9922;13;9919;19;;;9930;12;9934;18;;;9926.0;0.0
av_COTTON_d11;26500;INTARIAN_PEPPER_ROOT;10215;9;10211;15;;;10234;17;10237;27;;;10224.5;0.0
av_COTTON_d11;26600;ASH_COATED_OSMIUM;9916;27;9912;16;;;9937;23;9941;23;;;9926.5;0.0
av_COTTON_d11;26600;INTARIAN_PEPPER_ROOT;10222;24;10219;19;;;10228;15;10230;21;;;10225.0;0.0
av_COTTON_d11;26700;ASH_COATED_OSMIUM;9915;14;9913;27;;;9935;9;9937;8;;;9925.0;0.0
av_COTTON_d11;26700;INTARIAN_PEPPER_ROOT;10222;17;10218;20;;;10228;11;10231;26;;;10225.0;0.0
av_COTTON_d11;26800;ASH_COATED_OSMIUM;9916;17;9914;16;;;9935;18;9939;19;;;9925.5;0.0
av_COTTON_d11;26800;INTARIAN_PEPPER_ROOT;10222;21;10219;24;;;10228;18;10230;23;;;10225.0;0.0
av_COTTON_d11;26900;ASH_COATED_OSMIUM;9920;12;9917;16;;;9931;13;9933;15;;;9925.5;0.0
av_COTTON_d11;26900;INTARIAN_PEPPER_ROOT;10222;14;10218;17;;;10228;12;10231;16;;;10225.0;0.0
av_COTTON_d11;27000;ASH_COATED_OSMIUM;9923;12;9920;15;;;9929;14;9931;18;;;9926.0;0.0
av_COTTON_d11;27000;INTARIAN_PEPPER_ROOT;10222;9;10218;18;;;10228;27;10232;25;;;10225.0;0.0
av_COTTON_d11;27100;ASH_COATED_OSMIUM;9923;21;9920;21;;;9929;16;9932;18;;;9926.0;0.0
av_COTTON_d11;27100;INTARIAN_PEPPER_ROOT;10222;11;10219;24;;;10228;25;10230;24;;;10225.0;0.0
av_COTTON_d11;27200;ASH_COATED_OSMIUM;9923;17;9920;18;;;9929;19;9933;15;;;9926.0;0.0
av_COTTON_d11;27200;INTARIAN_PEPPER_ROOT;10222;16;10220;24;;;10228;7;10230;10;;;10225.0;0.0
av_COTTON_d11;27300;ASH_COATED_OSMIUM;9923;5;9919;13;;;9929;11;9931;12;;;9926.0;0.0
av_COTTON_d11;27300;INTARIAN_PEPPER_ROOT;10216;13;10212;19;;;10235;15;10239;22;;;10225.5;0.0
av_COTTON_d11;27400;ASH_COATED_OSMIUM;9922;5;9918;21;;;9928;6;9932;28;;;9925.0;0.0
av_COTTON_d11;27400;INTARIAN_PEPPER_ROOT;10215;17;10212;14;;;10236;13;10238;23;;;10225.5;0.0
av_COTTON_d11;27500;ASH_COATED_OSMIUM;9923;14;9919;25;;;9929;8;9931;24;;;9926.0;0.0
av_COTTON_d11;27500;INTARIAN_PEPPER_ROOT;10222;14;10219;17;;;10228;10;10232;23;;;10225.0;0.0
av_COTTON_d11;27600;ASH_COATED_OSMIUM;9923;10;9920;14;;;9929;22;9931;26;;;9926.0;0.0
av_COTTON_d11;27600;INTARIAN_PEPPER_ROOT;10223;13;10220;28;;;10229;24;10233;32;;;10226.0;0.0
av_COTTON_d11;27700;ASH_COATED_OSMIUM;9920;14;9916;15;;;9930;16;9933;22;;;9925.0;0.0
av_COTTON_d11;27700;INTARIAN_PEPPER_ROOT;10221;14;10218;18;;;10231;18;10235;20;;;10226.0;0.0
av_COTTON_d11;27800;ASH_COATED_OSMIUM;9923;13;9920;13;;;9929;19;9931;26;;;9926.0;0.0
av_COTTON_d11;27800;INTARIAN_PEPPER_ROOT;10222;9;10220;13;;;10229;15;10233;18;;;10225.5;0.0
av_COTTON_d11;27900;ASH_COATED_OSMIUM;9923;6;9919;13;;;9929;19;9933;15;;;9926.0;0.0
av_COTTON_d11;27900;INTARIAN_PEPPER_ROOT;10218;21;10216;22;;;10235;23;10239;26;;;10226.5;0.0
av_COTTON_d11;28000;ASH_COATED_OSMIUM;9923;8;9920;16;;;9929;12;9932;14;;;9926.0;0.0
av_COTTON_d11;28000;INTARIAN_PEPPER_ROOT;10224;8;10222;8;;;10230;14;10233;17;;;10227.0;0.0
av_COTTON_d11;28100;ASH_COATED_OSMIUM;9923;17;9919;16;;;9929;18;9932;21;;;9926.0;0.0
av_COTTON_d11;28100;INTARIAN_PEPPER_ROOT;10224;11;10221;13;;;10230;12;10232;20;;;10227.0;0.0
av_COTTON_d11;28200;ASH_COATED_OSMIUM;9923;14;9920;25;;;9929;26;9931;29;;;9926.0;0.0
av_COTTON_d11;28200;INTARIAN_PEPPER_ROOT;10224;11;10221;22;;;10230;10;10232;19;;;10227.0;0.0
av_COTTON_d11;28300;ASH_COATED_OSMIUM;9923;14;9921;18;;;9929;8;9933;21;;;9926.0;0.0
av_COTTON_d11;28300;INTARIAN_PEPPER_ROOT;10224;19;10221;21;;;10230;21;10232;14;;;10227.0;0.0
av_COTTON_d11;28400;ASH_COATED_OSMIUM;9923;12;9920;17;;;9929;12;9933;16;;;9926.0;0.0
av_COTTON_d11;28400;INTARIAN_PEPPER_ROOT;10223;24;10219;17;;;10229;14;10231;17;;;10226.0;0.0
av_COTTON_d11;28500;ASH_COATED_OSMIUM;9923;14;9919;15;;;9929;20;9933;26;;;9926.0;0.0
av_COTTON_d11;28500;INTARIAN_PEPPER_ROOT;10223;15;10221;21;;;10229;16;10233;16;;;10226.0;0.0
av_COTTON_d11;28600;ASH_COATED_OSMIUM;9923;8;9919;20;;;9929;19;9931;16;;;9926.0;0.0
av_COTTON_d11;28600;INTARIAN_PEPPER_ROOT;10221;13;10217;18;;;10231;14;10235;26;;;10226.0;0.0
av_COTTON_d11;28700;ASH_COATED_OSMIUM;9923;6;9920;13;;;9929;18;9932;19;;;9926.0;0.0
av_COTTON_d11;28700;INTARIAN_PEPPER_ROOT;10224;21;10220;18;;;10230;20;10232;16;;;10227.0;0.0
av_COTTON_d11;28800;ASH_COATED_OSMIUM;9923;11;9919;11;;;9929;5;9933;22;;;9926.0;0.0
av_COTTON_d11;28800;INTARIAN_PEPPER_ROOT;10221;20;10217;15;;;10232;18;10235;16;;;10226.5;0.0
av_COTTON_d11;28900;ASH_COATED_OSMIUM;9922;16;9920;29;;;9928;20;9931;31;;;9925.0;0.0
av_COTTON_d11;28900;INTARIAN_PEPPER_ROOT;10224;10;10222;9;;;10230;10;10234;16;;;10227.0;0.0
av_COTTON_d11;29000;ASH_COATED_OSMIUM;9923;15;9921;10;;;9929;17;9932;23;;;9926.0;0.0
av_COTTON_d11;29000;INTARIAN_PEPPER_ROOT;10224;9;10220;15;;;10231;14;10234;21;;;10227.5;0.0
av_COTTON_d11;29100;ASH_COATED_OSMIUM;9923;10;9921;22;;;9929;17;9933;16;;;9926.0;0.0
av_COTTON_d11;29100;INTARIAN_PEPPER_ROOT;10225;14;10223;14;;;10231;18;10235;31;;;10228.0;0.0
av_COTTON_d11;29200;ASH_COATED_OSMIUM;9920;28;9918;21;;;9933;12;9937;15;;;9926.5;0.0
av_COTTON_d11;29200;INTARIAN_PEPPER_ROOT;10222;8;10220;14;;;10233;16;10237;17;;;10227.5;0.0
av_COTTON_d11;29300;ASH_COATED_OSMIUM;9923;21;9920;17;;;9929;12;9932;26;;;9926.0;0.0
av_COTTON_d11;29300;INTARIAN_PEPPER_ROOT;10222;13;10218;23;;;10233;15;10236;23;;;10227.5;0.0
av_COTTON_d11;29400;ASH_COATED_OSMIUM;9920;5;9917;22;;;9932;6;9935;11;;;9926.0;0.0
av_COTTON_d11;29400;INTARIAN_PEPPER_ROOT;10223;12;10219;21;;;10231;18;10235;16;;;10227.0;0.0
av_COTTON_d11;29500;ASH_COATED_OSMIUM;9923;7;9920;19;;;9929;13;9933;23;;;9926.0;0.0
av_COTTON_d11;29500;INTARIAN_PEPPER_ROOT;10225;14;10221;19;;;10231;16;10233;21;;;10228.0;0.0
av_COTTON_d11;29600;ASH_COATED_OSMIUM;9923;11;9920;24;;;9929;17;9931;13;;;9926.0;0.0
av_COTTON_d11;29600;INTARIAN_PEPPER_ROOT;10218;17;10215;16;;;10238;10;10240;25;;;10228.0;0.0
av_COTTON_d11;29700;ASH_COATED_OSMIUM;9924;15;9921;17;;;9930;20;9933;19;;;9927.0;0.0
av_COTTON_d11;29700;INTARIAN_PEPPER_ROOT;10225;11;10222;24;;;10232;13;10236;25;;;10228.5;0.0
av_COTTON_d11;29800;ASH_COATED_OSMIUM;9923;12;9920;23;;;9929;8;9933;26;;;9926.0;0.0
av_COTTON_d11;29800;INTARIAN_PEPPER_ROOT;10225;17;10222;18;;;10231;13;10234;20;;;10228.0;0.0
av_COTTON_d11;29900;ASH_COATED_OSMIUM;9923;11;9919;16;;;9929;22;9931;17;;;9926.0;0.0
av_COTTON_d11;29900;INTARIAN_PEPPER_ROOT;10222;12;10219;18;;;10234;19;10237;20;;;10228.0;0.0
av_COTTON_d11;30000;ASH_COATED_OSMIUM;9922;15;9920;22;;;9929;20;9932;23;;;9925.5;0.0
av_COTTON_d11;30000;INTARIAN_PEPPER_ROOT;10225;13;10222;22;;;10231;14;10235;17;;;10228.0;0.0
av_COTTON_d11;30100;ASH_COATED_OSMIUM;9923;7;9921;26;;;9929;14;9933;13;;;9926.0;0.0
av_COTTON_d11;30100;INTARIAN_PEPPER_ROOT;10224;7;10222;25;;;10231;5;10235;17;;;10227.5;0.0
av_COTTON_d11;30200;ASH_COATED_OSMIUM;9923;14;9920;11;;;9930;13;9934;18;;;9926.5;0.0
av_COTTON_d11;30200;INTARIAN_PEPPER_ROOT;10217;21;10213;11;;;10240;12;10242;23;;;10228.5;0.0
av_COTTON_d11;30300;ASH_COATED_OSMIUM;9915;12;9911;23;;;9936;22;9940;9;;;9925.5;0.0
av_COTTON_d11;30300;INTARIAN_PEPPER_ROOT;10226;14;10222;13;;;10232;10;10235;25;;;10229.0;0.0
av_COTTON_d11;30400;ASH_COATED_OSMIUM;9924;16;9920;14;;;9930;21;9932;25;;;9927.0;0.0
av_COTTON_d11;30400;INTARIAN_PEPPER_ROOT;10225;17;10223;24;;;10231;18;10235;15;;;10228.0;0.0
av_COTTON_d11;30500;ASH_COATED_OSMIUM;9924;13;9920;18;;;9930;7;9933;28;;;9927.0;0.0
av_COTTON_d11;30500;INTARIAN_PEPPER_ROOT;10225;10;10221;20;;;10231;14;10235;21;;;10228.0;0.0
av_COTTON_d11;30600;ASH_COATED_OSMIUM;9923;15;9921;21;;;9929;20;9932;21;;;9926.0;0.0
av_COTTON_d11;30600;INTARIAN_PEPPER_ROOT;10213;14;10210;18;;;10243;9;10247;22;;;10228.0;0.0
av_COTTON_d11;30700;ASH_COATED_OSMIUM;9923;12;9921;23;;;9929;16;9931;22;;;9926.0;0.0
av_COTTON_d11;30700;INTARIAN_PEPPER_ROOT;10226;18;10224;18;;;10232;15;10236;15;;;10229.0;0.0
av_COTTON_d11;30800;ASH_COATED_OSMIUM;9923;11;9921;24;;;9929;13;9933;21;;;9926.0;0.0
av_COTTON_d11;30800;INTARIAN_PEPPER_ROOT;10226;12;10223;19;;;10232;9;10234;12;;;10229.0;0.0
av_COTTON_d11;30900;ASH_COATED_OSMIUM;9924;14;9921;19;;;9930;15;9933;25;;;9927.0;0.0
av_COTTON_d11;30900;INTARIAN_PEPPER_ROOT;10226;10;10222;15;;;10232;9;10234;8;;;10229.0;0.0
av_COTTON_d11;31000;ASH_COATED_OSMIUM;9923;12;9921;19;;;9929;11;9932;25;;;9926.0;0.0
av_COTTON_d11;31000;INTARIAN_PEPPER_ROOT;10221;9;10218;26;;;10235;17;10239;16;;;10228.0;0.0
av_COTTON_d11;31100;ASH_COATED_OSMIUM;9923;17;9921;19;;;9929;21;9932;16;;;9926.0;0.0
av_COTTON_d11;31100;INTARIAN_PEPPER_ROOT;10226;22;10223;26;;;10232;19;10234;22;;;10229.0;0.0
av_COTTON_d11;31200;ASH_COATED_OSMIUM;9924;21;9921;31;;;9930;9;9934;26;;;9927.0;0.0
av_COTTON_d11;31200;INTARIAN_PEPPER_ROOT;10226;14;10224;16;;;10232;18;10235;23;;;10229.0;0.0
av_COTTON_d11;31300;ASH_COATED_OSMIUM;9914;15;9911;20;;;9939;15;9942;13;;;9926.5;0.0
av_COTTON_d11;31300;INTARIAN_PEPPER_ROOT;10223;12;10220;20;;;10236;9;10239;18;;;10229.5;0.0
av_COTTON_d11;31400;ASH_COATED_OSMIUM;9923;16;9919;16;;;9929;12;9933;25;;;9926.0;0.0
av_COTTON_d11;31400;INTARIAN_PEPPER_ROOT;10226;11;10223;17;;;10232;19;10235;16;;;10229.0;0.0
av_COTTON_d11;31500;ASH_COATED_OSMIUM;9923;22;9919;20;;;9929;15;9931;30;;;9926.0;0.0
av_COTTON_d11;31500;INTARIAN_PEPPER_ROOT;10225;16;10223;13;;;10233;18;10236;9;;;10229.0;0.0
av_COTTON_d11;31600;ASH_COATED_OSMIUM;9923;13;9919;15;;;9929;10;9932;19;;;9926.0;0.0
av_COTTON_d11;31600;INTARIAN_PEPPER_ROOT;10227;15;10224;31;;;10233;9;10235;21;;;10230.0;0.0
av_COTTON_d11;31700;ASH_COATED_OSMIUM;9923;20;9920;17;;;9929;25;9931;19;;;9926.0;0.0
av_COTTON_d11;31700;INTARIAN_PEPPER_ROOT;10224;14;10222;24;;;10235;11;10239;15;;;10229.5;0.0
av_COTTON_d11;31800;ASH_COATED_OSMIUM;9923;12;9920;22;;;9929;11;9931;21;;;9926.0;0.0
av_COTTON_d11;31800;INTARIAN_PEPPER_ROOT;10226;18;10224;15;;;10232;10;10236;28;;;10229.0;0.0
av_COTTON_d11;31900;ASH_COATED_OSMIUM;9919;16;9915;13;;;9934;23;9938;18;;;9926.5;0.0
av_COTTON_d11;31900;INTARIAN_PEPPER_ROOT;10227;9;10224;15;;;10233;16;10236;23;;;10230.0;0.0
av_COTTON_d11;32000;ASH_COATED_OSMIUM;9920;18;9917;15;;;9933;5;9936;15;;;9926.5;0.0
av_COTTON_d11;32000;INTARIAN_PEPPER_ROOT;10227;21;10225;22;;;10233;16;10235;24;;;10230.0;0.0
av_COTTON_d11;32100;ASH_COATED_OSMIUM;9918;15;9915;27;;;9936;9;9938;19;;;9927.0;0.0
av_COTTON_d11;32100;INTARIAN_PEPPER_ROOT;10217;12;10214;21;;;10242;14;10246;24;;;10229.5;0.0
av_COTTON_d11;32200;ASH_COATED_OSMIUM;9924;16;9921;16;;;9930;17;9933;26;;;9927.0;0.0
av_COTTON_d11;32200;INTARIAN_PEPPER_ROOT;10227;13;10225;27;;;10234;19;10238;19;;;10230.5;0.0
av_COTTON_d11;32300;ASH_COATED_OSMIUM;9923;13;9921;33;;;9929;21;9932;23;;;9926.0;0.0
av_COTTON_d11;32300;INTARIAN_PEPPER_ROOT;10227;13;10224;14;;;10233;20;10236;16;;;10230.0;0.0
av_COTTON_d11;32400;ASH_COATED_OSMIUM;9922;10;9920;16;;;9930;12;9932;29;;;9926.0;0.0
av_COTTON_d11;32400;INTARIAN_PEPPER_ROOT;10226;11;10223;18;;;10235;16;10238;24;;;10230.5;0.0
av_COTTON_d11;32500;ASH_COATED_OSMIUM;9923;11;9921;14;;;9930;22;9933;15;;;9926.5;0.0
av_COTTON_d11;32500;INTARIAN_PEPPER_ROOT;10228;22;10226;21;;;10234;22;10238;17;;;10231.0;0.0
av_COTTON_d11;32600;ASH_COATED_OSMIUM;9924;24;9921;22;;;9930;16;9934;9;;;9927.0;0.0
av_COTTON_d11;32600;INTARIAN_PEPPER_ROOT;10227;14;10224;22;;;10233;10;10235;30;;;10230.0;0.0
av_COTTON_d11;32700;ASH_COATED_OSMIUM;9923;13;9919;21;;;9929;21;9931;17;;;9926.0;0.0
av_COTTON_d11;32700;INTARIAN_PEPPER_ROOT;10228;18;10224;23;;;10234;11;10236;14;;;10231.0;0.0
av_COTTON_d11;32800;ASH_COATED_OSMIUM;9923;19;9919;23;;;9929;15;9932;22;;;9926.0;0.0
av_COTTON_d11;32800;INTARIAN_PEPPER_ROOT;10228;9;10225;21;;;10234;14;10237;18;;;10231.0;0.0
av_COTTON_d11;32900;ASH_COATED_OSMIUM;9922;10;9920;17;;;9932;16;9935;23;;;9927.0;0.0
av_COTTON_d11;32900;INTARIAN_PEPPER_ROOT;10228;18;10225;19;;;10234;15;10238;20;;;10231.0;0.0
av_COTTON_d11;33000;ASH_COATED_OSMIUM;9917;13;9915;18;;;9935;13;9938;25;;;9926.0;0.0
av_COTTON_d11;33000;INTARIAN_PEPPER_ROOT;10228;12;10226;19;;;10234;14;10237;23;;;10231.0;0.0
av_COTTON_d11;33100;ASH_COATED_OSMIUM;9924;18;9921;22;;;9930;9;9934;25;;;9927.0;0.0
av_COTTON_d11;33100;INTARIAN_PEPPER_ROOT;10228;12;10226;29;;;10234;17;10237;16;;;10231.0;0.0
av_COTTON_d11;33200;ASH_COATED_OSMIUM;9921;9;9918;20;;;9932;14;9936;16;;;9926.5;0.0
av_COTTON_d11;33200;INTARIAN_PEPPER_ROOT;10228;10;10226;23;;;10234;10;10236;19;;;10231.0;0.0
av_COTTON_d11;33300;ASH_COATED_OSMIUM;9924;14;9921;24;;;9930;9;9932;24;;;9927.0;0.0
av_COTTON_d11;33300;INTARIAN_PEPPER_ROOT;10228;13;10225;18;;;10234;10;10237;30;;;10231.0;0.0
av_COTTON_d11;33400;ASH_COATED_OSMIUM;9924;11;9922;21;;;9930;7;9933;23;;;9927.0;0.0
av_COTTON_d11;33400;INTARIAN_PEPPER_ROOT;10228;14;10224;17;;;10234;16;10236;18;;;10231.0;0.0
av_COTTON_d11;33500;ASH_COATED_OSMIUM;9924;21;9922;13;;;9930;22;9933;21;;;9927.0;0.0
av_COTTON_d11;33500;INTARIAN_PEPPER_ROOT;10228;11;10225;17;;;10234;18;10236;19;;;10231.0;0.0
av_COTTON_d11;33600;ASH_COATED_OSMIUM;9922;13;9919;14;;;9931;12;9933;13;;;9926.5;0.0
av_COTTON_d11;33600;INTARIAN_PEPPER_ROOT;10223;18;10221;20;;;10240;15;10243;25;;;10231.5;0.0
av_COTTON_d11;33700;ASH_COATED_OSMIUM;9924;14;9920;24;;;9930;16;9932;22;;;9927.0;0.0
av_COTTON_d11;33700;INTARIAN_PEPPER_ROOT;10228;17;10224;15;;;10234;5;10238;18;;;10231.0;0.0
av_COTTON_d11;33800;ASH_COATED_OSMIUM;9924;18;9922;14;;;9930;18;9934;13;;;9927.0;0.0
av_COTTON_d11;33800;INTARIAN_PEPPER_ROOT;10223;12;10221;16;;;10240;19;10242;8;;;10231.5;0.0
av_COTTON_d11;33900;ASH_COATED_OSMIUM;9924;24;9920;14;;;9930;6;9933;26;;;9927.0;0.0
av_COTTON_d11;33900;INTARIAN_PEPPER_ROOT;10226;15;10223;21;;;10238;17;10241;23;;;10232.0;0.0
av_COTTON_d11;34000;ASH_COATED_OSMIUM;9923;20;9919;19;;;9931;25;9934;18;;;9927.0;0.0
av_COTTON_d11;34000;INTARIAN_PEPPER_ROOT;10226;19;10222;18;;;10239;21;10241;23;;;10232.5;0.0
av_COTTON_d11;34100;ASH_COATED_OSMIUM;9924;16;9922;15;;;9930;8;9933;17;;;9927.0;0.0
av_COTTON_d11;34100;INTARIAN_PEPPER_ROOT;10230;19;10226;17;;;10236;20;10239;20;;;10233.0;0.0
av_COTTON_d11;34200;ASH_COATED_OSMIUM;9916;15;9912;21;;;9938;23;9940;30;;;9927.0;0.0
av_COTTON_d11;34200;INTARIAN_PEPPER_ROOT;10231;21;10228;26;;;10237;19;10240;18;;;10234.0;0.0
av_COTTON_d11;34300;ASH_COATED_OSMIUM;9922;20;9919;9;;;9931;15;9934;20;;;9926.5;0.0
av_COTTON_d11;34300;INTARIAN_PEPPER_ROOT;10231;22;10228;25;;;10237;23;10240;20;;;10234.0;0.0
av_COTTON_d11;34400;ASH_COATED_OSMIUM;9923;18;9921;20;;;9929;18;9931;22;;;9926.0;0.0
av_COTTON_d11;34400;INTARIAN_PEPPER_ROOT;10231;9;10227;18;;;10237;20;10239;17;;;10234.0;0.0
av_COTTON_d11;34500;ASH_COATED_OSMIUM;9923;16;9921;16;;;9929;9;9933;23;;;9926.0;0.0
av_COTTON_d11;34500;INTARIAN_PEPPER_ROOT;10232;17;10229;16;;;10238;12;10241;26;;;10235.0;0.0
av_COTTON_d11;34600;ASH_COATED_OSMIUM;9923;9;9921;12;;;9929;11;9932;18;;;9926.0;0.0
av_COTTON_d11;34600;INTARIAN_PEPPER_ROOT;10229;20;10226;15;;;10242;18;10246;24;;;10235.5;0.0
av_COTTON_d11;34700;ASH_COATED_OSMIUM;9925;9;9923;26;;;9931;12;9933;26;;;9928.0;0.0
av_COTTON_d11;34700;INTARIAN_PEPPER_ROOT;10228;16;10225;12;;;10242;19;10244;24;;;10235.0;0.0
av_COTTON_d11;34800;ASH_COATED_OSMIUM;9921;13;9919;23;;;9932;16;9935;27;;;9926.5;0.0
av_COTTON_d11;34800;INTARIAN_PEPPER_ROOT;10229;13;10226;13;;;10242;21;10244;9;;;10235.5;0.0
av_COTTON_d11;34900;ASH_COATED_OSMIUM;9924;18;9922;18;;;9930;5;9934;29;;;9927.0;0.0
av_COTTON_d11;34900;INTARIAN_PEPPER_ROOT;10233;14;10229;24;;;10239;10;10241;11;;;10236.0;0.0
av_COTTON_d11;35000;ASH_COATED_OSMIUM;9924;7;9922;18;;;9930;14;9932;19;;;9927.0;0.0
av_COTTON_d11;35000;INTARIAN_PEPPER_ROOT;10231;16;10229;20;;;10244;16;10248;26;;;10237.5;0.0
av_COTTON_d11;35100;ASH_COATED_OSMIUM;9917;19;9913;23;;;9936;14;9940;27;;;9926.5;0.0
av_COTTON_d11;35100;INTARIAN_PEPPER_ROOT;10231;14;10229;24;;;10244;23;10247;19;;;10237.5;0.0
av_COTTON_d11;35200;ASH_COATED_OSMIUM;9924;14;9920;23;;;9930;11;9933;14;;;9927.0;0.0
av_COTTON_d11;35200;INTARIAN_PEPPER_ROOT;10232;19;10228;24;;;10243;9;10247;23;;;10237.5;0.0
av_COTTON_d11;35300;ASH_COATED_OSMIUM;9923;20;9919;20;;;9929;15;9933;21;;;9926.0;0.0
av_COTTON_d11;35300;INTARIAN_PEPPER_ROOT;10230;6;10226;11;;;10246;17;10248;21;;;10238.0;0.0
av_COTTON_d11;35400;ASH_COATED_OSMIUM;9917;11;9915;16;;;9936;18;9939;13;;;9926.5;0.0
av_COTTON_d11;35400;INTARIAN_PEPPER_ROOT;10234;15;10231;18;;;10244;13;10248;22;;;10239.0;0.0
av_COTTON_d11;35500;ASH_COATED_OSMIUM;9922;15;9919;20;;;9931;13;9933;23;;;9926.5;0.0
av_COTTON_d11;35500;INTARIAN_PEPPER_ROOT;10236;16;10233;24;;;10242;16;10245;20;;;10239.0;0.0
av_COTTON_d11;35600;ASH_COATED_OSMIUM;9922;24;9919;28;;;9930;5;9933;26;;;9926.0;0.0
av_COTTON_d11;35600;INTARIAN_PEPPER_ROOT;10237;12;10235;17;;;10243;11;10247;21;;;10240.0;0.0
av_COTTON_d11;35700;ASH_COATED_OSMIUM;9922;15;9919;13;;;9931;13;9934;18;;;9926.5;0.0
av_COTTON_d11;35700;INTARIAN_PEPPER_ROOT;10233;8;10229;17;;;10248;8;10251;21;;;10240.5;0.0
av_COTTON_d11;35800;ASH_COATED_OSMIUM;9921;15;9917;17;;;9932;10;9935;19;;;9926.5;0.0
av_COTTON_d11;35800;INTARIAN_PEPPER_ROOT;10233;15;10230;17;;;10248;16;10250;15;;;10240.5;0.0
av_COTTON_d11;35900;ASH_COATED_OSMIUM;9923;29;9920;24;;;9929;15;9933;13;;;9926.0;0.0
av_COTTON_d11;35900;INTARIAN_PEPPER_ROOT;10238;12;10236;23;;;10244;14;10246;11;;;10241.0;0.0
av_COTTON_d11;36000;ASH_COATED_OSMIUM;9920;16;9918;24;;;9934;22;9938;18;;;9927.0;0.0
av_COTTON_d11;36000;INTARIAN_PEPPER_ROOT;10238;10;10236;24;;;10244;9;10247;12;;;10241.0;0.0
av_COTTON_d11;36100;ASH_COATED_OSMIUM;9924;15;9922;19;;;9930;12;9934;17;;;9927.0;0.0
av_COTTON_d11;36100;INTARIAN_PEPPER_ROOT;10228;5;10224;19;;;10255;10;10257;25;;;10241.5;0.0
av_COTTON_d11;36200;ASH_COATED_OSMIUM;9923;10;9920;21;;;9929;13;9931;19;;;9926.0;0.0
av_COTTON_d11;36200;INTARIAN_PEPPER_ROOT;10236;14;10233;20;;;10248;15;10250;21;;;10242.0;0.0
av_COTTON_d11;36300;ASH_COATED_OSMIUM;9919;20;9916;12;;;9935;17;9938;22;;;9927.0;0.0
av_COTTON_d11;36300;INTARIAN_PEPPER_ROOT;10240;16;10236;21;;;10246;6;10248;19;;;10243.0;0.0
av_COTTON_d11;36400;ASH_COATED_OSMIUM;9924;11;9921;23;;;9930;17;9933;18;;;9927.0;0.0
av_COTTON_d11;36400;INTARIAN_PEPPER_ROOT;10239;17;10237;27;;;10248;17;10250;18;;;10243.5;0.0
av_COTTON_d11;36500;ASH_COATED_OSMIUM;9924;17;9921;25;;;9930;21;9934;18;;;9927.0;0.0
av_COTTON_d11;36500;INTARIAN_PEPPER_ROOT;10240;19;10237;18;;;10246;13;10248;22;;;10243.0;0.0
av_COTTON_d11;36600;ASH_COATED_OSMIUM;9924;15;9920;17;;;9930;10;9933;22;;;9927.0;0.0
av_COTTON_d11;36600;INTARIAN_PEPPER_ROOT;10241;16;10239;10;;;10247;15;10251;19;;;10244.0;0.0
av_COTTON_d11;36700;ASH_COATED_OSMIUM;9914;17;9912;22;;;9939;11;9943;26;;;9926.5;0.0
av_COTTON_d11;36700;INTARIAN_PEPPER_ROOT;10236;14;10233;22;;;10250;7;10254;16;;;10243.0;0.0
av_COTTON_d11;36800;ASH_COATED_OSMIUM;9924;13;9922;22;;;9930;15;9932;24;;;9927.0;0.0
av_COTTON_d11;36800;INTARIAN_PEPPER_ROOT;10242;15;10239;13;;;10248;18;10252;15;;;10245.0;0.0
av_COTTON_d11;36900;ASH_COATED_OSMIUM;9923;19;9920;11;;;9929;14;9931;24;;;9926.0;0.0
av_COTTON_d11;36900;INTARIAN_PEPPER_ROOT;10242;9;10239;12;;;10248;12;10250;8;;;10245.0;0.0
av_COTTON_d11;37000;ASH_COATED_OSMIUM;9923;13;9921;8;;;9929;24;9933;20;;;9926.0;0.0
av_COTTON_d11;37000;INTARIAN_PEPPER_ROOT;10242;21;10238;24;;;10248;18;10250;11;;;10245.0;0.0
av_COTTON_d11;37100;ASH_COATED_OSMIUM;9923;14;9919;14;;;9929;21;9933;10;;;9926.0;0.0
av_COTTON_d11;37100;INTARIAN_PEPPER_ROOT;10243;15;10239;22;;;10249;25;10253;26;;;10246.0;0.0
av_COTTON_d11;37200;ASH_COATED_OSMIUM;9917;6;9914;19;;;9938;19;9941;24;;;9927.5;0.0
av_COTTON_d11;37200;INTARIAN_PEPPER_ROOT;10244;30;10241;21;;;10250;11;10254;17;;;10247.0;0.0
av_COTTON_d11;37300;ASH_COATED_OSMIUM;9919;22;9917;25;;;9936;22;9939;18;;;9927.5;0.0
av_COTTON_d11;37300;INTARIAN_PEPPER_ROOT;10244;16;10242;20;;;10250;14;10253;13;;;10247.0;0.0
av_COTTON_d11;37400;ASH_COATED_OSMIUM;9924;8;9921;12;;;9930;21;9932;22;;;9927.0;0.0
av_COTTON_d11;37400;INTARIAN_PEPPER_ROOT;10244;15;10241;23;;;10250;19;10254;20;;;10247.0;0.0
av_COTTON_d11;37500;ASH_COATED_OSMIUM;9924;6;9922;20;;;9930;12;9933;19;;;9927.0;0.0
av_COTTON_d11;37500;INTARIAN_PEPPER_ROOT;10245;9;10243;22;;;10251;22;10254;16;;;10248.0;0.0
av_COTTON_d11;37600;ASH_COATED_OSMIUM;9923;7;9921;24;;;9929;13;9931;16;;;9926.0;0.0
av_COTTON_d11;37600;INTARIAN_PEPPER_ROOT;10246;10;10243;23;;;10252;8;10254;26;;;10249.0;0.0
av_COTTON_d11;37700;ASH_COATED_OSMIUM;9923;24;9920;23;;;9930;18;9934;15;;;9926.5;0.0
av_COTTON_d11;37700;INTARIAN_PEPPER_ROOT;10246;18;10243;17;;;10252;10;10255;18;;;10249.0;0.0
av_COTTON_d11;37800;ASH_COATED_OSMIUM;9924;8;9922;29;;;9930;21;9932;18;;;9927.0;0.0
av_COTTON_d11;37800;INTARIAN_PEPPER_ROOT;10243;22;10240;22;;;10255;17;10259;17;;;10249.0;0.0
av_COTTON_d11;37900;ASH_COATED_OSMIUM;9923;23;9919;17;;;9932;5;9934;20;;;9927.5;0.0
av_COTTON_d11;37900;INTARIAN_PEPPER_ROOT;10247;9;10245;24;;;10253;13;10255;15;;;10250.0;0.0
av_COTTON_d11;38000;ASH_COATED_OSMIUM;9923;15;9921;26;;;9930;7;9934;28;;;9926.5;0.0
av_COTTON_d11;38000;INTARIAN_PEPPER_ROOT;10240;14;10236;27;;;10261;9;10264;15;;;10250.5;0.0
av_COTTON_d11;38100;ASH_COATED_OSMIUM;9914;9;9911;24;;;9938;24;9941;18;;;9926.0;0.0
av_COTTON_d11;38100;INTARIAN_PEPPER_ROOT;10248;19;10246;12;;;10254;17;10257;16;;;10251.0;0.0
av_COTTON_d11;38200;ASH_COATED_OSMIUM;9923;19;9921;19;;;9929;16;9932;19;;;9926.0;0.0
av_COTTON_d11;38200;INTARIAN_PEPPER_ROOT;10248;14;10244;16;;;10254;16;10258;26;;;10251.0;0.0
av_COTTON_d11;38300;ASH_COATED_OSMIUM;9919;18;9915;21;;;9932;10;9935;24;;;9925.5;0.0
av_COTTON_d11;38300;INTARIAN_PEPPER_ROOT;10249;5;10246;13;;;10255;9;10258;16;;;10252.0;0.0
av_COTTON_d11;38400;ASH_COATED_OSMIUM;9924;13;9920;17;;;9930;18;9932;12;;;9927.0;0.0
av_COTTON_d11;38400;INTARIAN_PEPPER_ROOT;10249;7;10247;18;;;10255;17;10258;31;;;10252.0;0.0
av_COTTON_d11;38500;ASH_COATED_OSMIUM;9911;11;9908;17;;;9941;14;9944;27;;;9926.0;0.0
av_COTTON_d11;38500;INTARIAN_PEPPER_ROOT;10250;24;10246;20;;;10256;5;10260;18;;;10253.0;0.0
av_COTTON_d11;38600;ASH_COATED_OSMIUM;9923;20;9921;29;;;9930;25;9934;15;;;9926.5;0.0
av_COTTON_d11;38600;INTARIAN_PEPPER_ROOT;10250;14;10247;18;;;10256;15;10258;20;;;10253.0;0.0
av_COTTON_d11;38700;ASH_COATED_OSMIUM;9920;5;9918;17;;;9934;7;9937;30;;;9927.0;0.0
av_COTTON_d11;38700;INTARIAN_PEPPER_ROOT;10248;23;10244;14;;;10259;14;10261;23;;;10253.5;0.0
av_COTTON_d11;38800;ASH_COATED_OSMIUM;9924;9;9921;14;;;9930;8;9933;20;;;9927.0;0.0
av_COTTON_d11;38800;INTARIAN_PEPPER_ROOT;10251;16;10249;17;;;10257;14;10259;18;;;10254.0;0.0
av_COTTON_d11;38900;ASH_COATED_OSMIUM;9923;21;9919;18;;;9930;14;9933;27;;;9926.5;0.0
av_COTTON_d11;38900;INTARIAN_PEPPER_ROOT;10251;16;10248;22;;;10257;13;10259;21;;;10254.0;0.0
av_COTTON_d11;39000;ASH_COATED_OSMIUM;9924;16;9922;17;;;9930;17;9933;19;;;9927.0;0.0
av_COTTON_d11;39000;INTARIAN_PEPPER_ROOT;10252;10;10248;24;;;10258;12;10261;14;;;10255.0;0.0
av_COTTON_d11;39100;ASH_COATED_OSMIUM;9922;11;9918;25;;;9932;17;9936;10;;;9927.0;0.0
av_COTTON_d11;39100;INTARIAN_PEPPER_ROOT;10240;11;10237;19;;;10270;24;10272;13;;;10255.0;0.0
av_COTTON_d11;39200;ASH_COATED_OSMIUM;9923;12;9921;25;;;9929;18;9933;14;;;9926.0;0.0
av_COTTON_d11;39200;INTARIAN_PEPPER_ROOT;10251;17;10247;23;;;10261;22;10265;24;;;10256.0;0.0
av_COTTON_d11;39300;ASH_COATED_OSMIUM;9923;17;9921;28;;;9930;16;9934;14;;;9926.5;0.0
av_COTTON_d11;39300;INTARIAN_PEPPER_ROOT;10253;14;10250;19;;;10259;14;10261;16;;;10256.0;0.0
av_COTTON_d11;39400;ASH_COATED_OSMIUM;9924;11;9920;16;;;9930;15;9933;17;;;9927.0;0.0
av_COTTON_d11;39400;INTARIAN_PEPPER_ROOT;10253;19;10249;15;;;10259;11;10262;24;;;10256.0;0.0
av_COTTON_d11;39500;ASH_COATED_OSMIUM;9924;16;9920;14;;;9930;11;9934;32;;;9927.0;0.0
av_COTTON_d11;39500;INTARIAN_PEPPER_ROOT;10248;7;10244;28;;;10266;9;10270;22;;;10257.0;0.0
av_COTTON_d11;39600;ASH_COATED_OSMIUM;9924;21;9920;14;;;9930;12;9932;32;;;9927.0;0.0
av_COTTON_d11;39600;INTARIAN_PEPPER_ROOT;10254;15;10252;20;;;10260;18;10263;14;;;10257.0;0.0
av_COTTON_d11;39700;ASH_COATED_OSMIUM;9916;20;9912;21;;;9936;15;9940;22;;;9926.0;0.0
av_COTTON_d11;39700;INTARIAN_PEPPER_ROOT;10253;18;10249;20;;;10262;16;10266;18;;;10257.5;0.0
av_COTTON_d11;39800;ASH_COATED_OSMIUM;9924;19;9920;23;;;9930;13;9934;16;;;9927.0;0.0
av_COTTON_d11;39800;INTARIAN_PEPPER_ROOT;10254;20;10252;25;;;10264;16;10268;15;;;10259.0;0.0
av_COTTON_d11;39900;ASH_COATED_OSMIUM;9924;22;9920;16;;;9930;16;9932;19;;;9927.0;0.0
av_COTTON_d11;39900;INTARIAN_PEPPER_ROOT;10243;15;10240;24;;;10276;20;10279;17;;;10259.5;0.0
av_COTTON_d11;40000;ASH_COATED_OSMIUM;9924;11;9921;17;;;9930;16;9934;17;;;9927.0;0.0
av_COTTON_d11;40000;INTARIAN_PEPPER_ROOT;10256;14;10252;10;;;10262;12;10265;20;;;10259.0;0.0
av_COTTON_d11;40100;ASH_COATED_OSMIUM;9924;11;9921;8;;;9930;18;9932;20;;;9927.0;0.0
av_COTTON_d11;40100;INTARIAN_PEPPER_ROOT;10253;10;10251;20;;;10266;9;10268;27;;;10259.5;0.0
av_COTTON_d11;40200;ASH_COATED_OSMIUM;9920;19;9916;23;;;9933;14;9935;16;;;9926.5;0.0
av_COTTON_d11;40200;INTARIAN_PEPPER_ROOT;10256;18;10252;18;;;10265;18;10269;29;;;10260.5;0.0
av_COTTON_d11;40300;ASH_COATED_OSMIUM;9923;13;9920;18;;;9929;21;9931;22;;;9926.0;0.0
av_COTTON_d11;40300;INTARIAN_PEPPER_ROOT;10253;13;10251;19;;;10268;9;10270;24;;;10260.5;0.0
av_COTTON_d11;40400;ASH_COATED_OSMIUM;9923;20;9920;28;;;9929;15;9933;16;;;9926.0;0.0
av_COTTON_d11;40400;INTARIAN_PEPPER_ROOT;10258;16;10256;19;;;10264;18;10267;13;;;10261.0;0.0
av_COTTON_d11;40500;ASH_COATED_OSMIUM;9923;13;9919;18;;;9929;7;9932;8;;;9926.0;0.0
av_COTTON_d11;40500;INTARIAN_PEPPER_ROOT;10259;7;10255;21;;;10265;22;10268;18;;;10262.0;0.0
av_COTTON_d11;40600;ASH_COATED_OSMIUM;9924;14;9921;18;;;9930;20;9934;10;;;9927.0;0.0
av_COTTON_d11;40600;INTARIAN_PEPPER_ROOT;10254;17;10252;22;;;10271;17;10274;21;;;10262.5;0.0
av_COTTON_d11;40700;ASH_COATED_OSMIUM;9924;10;9921;23;;;9930;25;9934;25;;;9927.0;0.0
av_COTTON_d11;40700;INTARIAN_PEPPER_ROOT;10253;18;10249;14;;;10273;12;10276;15;;;10263.0;0.0
av_COTTON_d11;40800;ASH_COATED_OSMIUM;9923;13;9920;13;;;9929;11;9932;19;;;9926.0;0.0
av_COTTON_d11;40800;INTARIAN_PEPPER_ROOT;10258;10;10256;18;;;10269;17;10271;13;;;10263.5;0.0
av_COTTON_d11;40900;ASH_COATED_OSMIUM;9921;18;9919;22;;;9932;28;9936;19;;;9926.5;0.0
av_COTTON_d11;40900;INTARIAN_PEPPER_ROOT;10257;17;10253;14;;;10268;21;10270;18;;;10262.5;0.0
av_COTTON_d11;41000;ASH_COATED_OSMIUM;9924;12;9922;18;;;9930;11;9934;24;;;9927.0;0.0
av_COTTON_d11;41000;INTARIAN_PEPPER_ROOT;10261;9;10257;16;;;10267;21;10270;9;;;10264.0;0.0
av_COTTON_d11;41100;ASH_COATED_OSMIUM;9919;21;9916;27;;;9934;12;9936;30;;;9926.5;0.0
av_COTTON_d11;41100;INTARIAN_PEPPER_ROOT;10258;5;10255;21;;;10271;12;10273;11;;;10264.5;0.0
av_COTTON_d11;41200;ASH_COATED_OSMIUM;9922;18;9919;18;;;9931;20;9934;19;;;9926.5;0.0
av_COTTON_d11;41200;INTARIAN_PEPPER_ROOT;10262;17;10259;27;;;10268;14;10270;25;;;10265.0;0.0
av_COTTON_d11;41300;ASH_COATED_OSMIUM;9918;8;9915;22;;;9935;21;9939;17;;;9926.5;0.0
av_COTTON_d11;41300;INTARIAN_PEPPER_ROOT;10262;9;10259;23;;;10268;7;10272;14;;;10265.0;0.0
av_COTTON_d11;41400;ASH_COATED_OSMIUM;9923;16;9921;15;;;9929;23;9931;16;;;9926.0;0.0
av_COTTON_d11;41400;INTARIAN_PEPPER_ROOT;10260;5;10257;21;;;10272;18;10275;20;;;10266.0;0.0
av_COTTON_d11;41500;ASH_COATED_OSMIUM;9924;27;9922;24;;;9930;10;9932;17;;;9927.0;0.0
av_COTTON_d11;41500;INTARIAN_PEPPER_ROOT;10263;14;10259;17;;;10270;17;10273;18;;;10266.5;0.0
av_COTTON_d11;41600;ASH_COATED_OSMIUM;9923;20;9921;29;;;9929;10;9933;23;;;9926.0;0.0
av_COTTON_d11;41600;INTARIAN_PEPPER_ROOT;10262;11;10259;17;;;10271;20;10274;19;;;10266.5;0.0
av_COTTON_d11;41700;ASH_COATED_OSMIUM;9915;13;9911;23;;;9940;15;9944;28;;;9927.5;0.0
av_COTTON_d11;41700;INTARIAN_PEPPER_ROOT;10264;7;10262;22;;;10270;17;10272;17;;;10267.0;0.0
av_COTTON_d11;41800;ASH_COATED_OSMIUM;9920;11;9918;32;;;9933;16;9936;17;;;9926.5;0.0
av_COTTON_d11;41800;INTARIAN_PEPPER_ROOT;10265;10;10263;14;;;10271;19;10274;22;;;10268.0;0.0
av_COTTON_d11;41900;ASH_COATED_OSMIUM;9924;14;9921;13;;;9930;23;9932;16;;;9927.0;0.0
av_COTTON_d11;41900;INTARIAN_PEPPER_ROOT;10263;13;10260;8;;;10274;21;10276;14;;;10268.5;0.0
av_COTTON_d11;42000;ASH_COATED_OSMIUM;9913;14;9910;18;;;9940;16;9942;21;;;9926.5;0.0
av_COTTON_d11;42000;INTARIAN_PEPPER_ROOT;10265;13;10263;17;;;10271;17;10275;10;;;10268.0;0.0
av_COTTON_d11;42100;ASH_COATED_OSMIUM;9924;26;9920;22;;;9930;17;9934;10;;;9927.0;0.0
av_COTTON_d11;42100;INTARIAN_PEPPER_ROOT;10263;19;10259;26;;;10274;12;10276;25;;;10268.5;0.0
av_COTTON_d11;42200;ASH_COATED_OSMIUM;9924;15;9921;27;;;9930;9;9934;25;;;9927.0;0.0
av_COTTON_d11;42200;INTARIAN_PEPPER_ROOT;10264;5;10261;21;;;10275;18;10277;20;;;10269.5;0.0
av_COTTON_d11;42300;ASH_COATED_OSMIUM;9923;20;9921;19;;;9929;13;9932;19;;;9926.0;0.0
av_COTTON_d11;42300;INTARIAN_PEPPER_ROOT;10267;12;10264;19;;;10274;11;10278;19;;;10270.5;0.0
av_COTTON_d11;42400;ASH_COATED_OSMIUM;9923;25;9921;25;;;9929;17;9931;18;;;9926.0;0.0
av_COTTON_d11;42400;INTARIAN_PEPPER_ROOT;10267;17;10264;22;;;10274;14;10276;22;;;10270.5;0.0
av_COTTON_d11;42500;ASH_COATED_OSMIUM;9924;6;9922;22;;;9930;8;9932;18;;;9927.0;0.0
av_COTTON_d11;42500;INTARIAN_PEPPER_ROOT;10265;11;10263;17;;;10277;25;10281;18;;;10271.0;0.0
av_COTTON_d11;42600;ASH_COATED_OSMIUM;9919;5;9915;19;;;9933;9;9936;15;;;9926.0;0.0
av_COTTON_d11;42600;INTARIAN_PEPPER_ROOT;10269;13;10265;26;;;10275;10;10279;11;;;10272.0;0.0
av_COTTON_d11;42700;ASH_COATED_OSMIUM;9923;20;9920;16;;;9930;16;9934;23;;;9926.5;0.0
av_COTTON_d11;42700;INTARIAN_PEPPER_ROOT;10267;13;10264;23;;;10276;13;10280;23;;;10271.5;0.0
av_COTTON_d11;42800;ASH_COATED_OSMIUM;9924;5;9922;31;;;9930;18;9933;22;;;9927.0;0.0
av_COTTON_d11;42800;INTARIAN_PEPPER_ROOT;10267;12;10263;23;;;10277;12;10279;26;;;10272.0;0.0
av_COTTON_d11;42900;ASH_COATED_OSMIUM;9924;22;9922;9;;;9930;16;9933;12;;;9927.0;0.0
av_COTTON_d11;42900;INTARIAN_PEPPER_ROOT;10270;14;10267;8;;;10276;16;10278;16;;;10273.0;0.0
av_COTTON_d11;43000;ASH_COATED_OSMIUM;9923;5;9920;27;;;9929;16;9931;21;;;9926.0;0.0
av_COTTON_d11;43000;INTARIAN_PEPPER_ROOT;10270;7;10268;27;;;10276;15;10280;11;;;10273.0;0.0
av_COTTON_d11;43100;ASH_COATED_OSMIUM;9924;13;9922;22;;;9930;15;9932;21;;;9927.0;0.0
av_COTTON_d11;43100;INTARIAN_PEPPER_ROOT;10270;20;10268;21;;;10276;13;10278;23;;;10273.0;0.0
av_COTTON_d11;43200;ASH_COATED_OSMIUM;9924;14;9921;23;;;9930;7;9934;20;;;9927.0;0.0
av_COTTON_d11;43200;INTARIAN_PEPPER_ROOT;10270;19;10267;12;;;10277;15;10281;16;;;10273.5;0.0
av_COTTON_d11;43300;ASH_COATED_OSMIUM;9924;14;9920;14;;;9930;12;9933;20;;;9927.0;0.0
av_COTTON_d11;43300;INTARIAN_PEPPER_ROOT;10272;15;10270;19;;;10278;20;10280;23;;;10275.0;0.0
av_COTTON_d11;43400;ASH_COATED_OSMIUM;9917;5;9913;16;;;9935;18;9937;20;;;9926.0;0.0
av_COTTON_d11;43400;INTARIAN_PEPPER_ROOT;10262;16;10259;20;;;10287;17;10290;19;;;10274.5;0.0
av_COTTON_d11;43500;ASH_COATED_OSMIUM;9923;21;9921;20;;;9929;21;9933;11;;;9926.0;0.0
av_COTTON_d11;43500;INTARIAN_PEPPER_ROOT;10272;17;10270;17;;;10278;9;10282;19;;;10275.0;0.0
av_COTTON_d11;43600;ASH_COATED_OSMIUM;9923;8;9921;20;;;9929;8;9932;17;;;9926.0;0.0
av_COTTON_d11;43600;INTARIAN_PEPPER_ROOT;10273;7;10271;10;;;10279;18;10281;16;;;10276.0;0.0
av_COTTON_d11;43700;ASH_COATED_OSMIUM;9924;11;9920;26;;;9930;6;9932;19;;;9927.0;0.0
av_COTTON_d11;43700;INTARIAN_PEPPER_ROOT;10273;26;10270;19;;;10279;21;10281;14;;;10276.0;0.0
av_COTTON_d11;43800;ASH_COATED_OSMIUM;9924;5;9922;25;;;9930;18;9934;10;;;9927.0;0.0
av_COTTON_d11;43800;INTARIAN_PEPPER_ROOT;10271;24;10268;27;;;10283;9;10287;15;;;10277.0;0.0
av_COTTON_d11;43900;ASH_COATED_OSMIUM;9923;8;9919;23;;;9929;16;9933;18;;;9926.0;0.0
av_COTTON_d11;43900;INTARIAN_PEPPER_ROOT;10271;17;10267;15;;;10284;13;10288;16;;;10277.5;0.0
av_COTTON_d11;44000;ASH_COATED_OSMIUM;9921;7;9918;18;;;9931;15;9934;23;;;9926.0;0.0
av_COTTON_d11;44000;INTARIAN_PEPPER_ROOT;10275;21;10273;26;;;10281;9;10285;22;;;10278.0;0.0
av_COTTON_d11;44100;ASH_COATED_OSMIUM;9910;7;9908;25;;;9944;18;9946;19;;;9927.0;0.0
av_COTTON_d11;44100;INTARIAN_PEPPER_ROOT;10275;14;10271;15;;;10281;6;10284;23;;;10278.0;0.0
av_COTTON_d11;44200;ASH_COATED_OSMIUM;9923;11;9921;18;;;9929;5;9932;17;;;9926.0;0.0
av_COTTON_d11;44200;INTARIAN_PEPPER_ROOT;10275;20;10273;10;;;10281;5;10283;16;;;10278.0;0.0
av_COTTON_d11;44300;ASH_COATED_OSMIUM;9924;19;9921;21;;;9930;17;9933;26;;;9927.0;0.0
av_COTTON_d11;44300;INTARIAN_PEPPER_ROOT;10276;23;10272;20;;;10282;17;10285;21;;;10279.0;0.0
av_COTTON_d11;44400;ASH_COATED_OSMIUM;9924;17;9922;18;;;9930;11;9933;13;;;9927.0;0.0
av_COTTON_d11;44400;INTARIAN_PEPPER_ROOT;10276;12;10272;24;;;10282;19;10285;22;;;10279.0;0.0
av_COTTON_d11;44500;ASH_COATED_OSMIUM;9920;19;9916;17;;;9933;12;9935;16;;;9926.5;0.0
av_COTTON_d11;44500;INTARIAN_PEPPER_ROOT;10276;9;10273;25;;;10283;14;10287;26;;;10279.5;0.0
av_COTTON_d11;44600;ASH_COATED_OSMIUM;9924;23;9921;18;;;9930;19;9933;14;;;9927.0;0.0
av_COTTON_d11;44600;INTARIAN_PEPPER_ROOT;10277;17;10274;18;;;10283;17;10285;19;;;10280.0;0.0
av_COTTON_d11;44700;ASH_COATED_OSMIUM;9923;15;9921;18;;;9929;21;9933;33;;;9926.0;0.0
av_COTTON_d11;44700;INTARIAN_PEPPER_ROOT;10275;14;10272;21;;;10285;19;10288;21;;;10280.0;0.0
av_COTTON_d11;44800;ASH_COATED_OSMIUM;9924;12;9920;27;;;9930;18;9934;16;;;9927.0;0.0
av_COTTON_d11;44800;INTARIAN_PEPPER_ROOT;10278;10;10275;21;;;10284;15;10286;15;;;10281.0;0.0
av_COTTON_d11;44900;ASH_COATED_OSMIUM;9922;14;9918;18;;;9931;12;9934;16;;;9926.5;0.0
av_COTTON_d11;44900;INTARIAN_PEPPER_ROOT;10276;8;10273;22;;;10287;14;10290;20;;;10281.5;0.0
av_COTTON_d11;45000;ASH_COATED_OSMIUM;9924;14;9922;15;;;9930;14;9934;22;;;9927.0;0.0
av_COTTON_d11;45000;INTARIAN_PEPPER_ROOT;10279;18;10276;14;;;10285;7;10287;17;;;10282.0;0.0
av_COTTON_d11;45100;ASH_COATED_OSMIUM;9920;8;9917;24;;;9933;8;9935;12;;;9926.5;0.0
av_COTTON_d11;45100;INTARIAN_PEPPER_ROOT;10274;13;10272;29;;;10291;21;10295;19;;;10282.5;0.0
av_COTTON_d11;45200;ASH_COATED_OSMIUM;9920;24;9917;22;;;9932;21;9935;17;;;9926.0;0.0
av_COTTON_d11;45200;INTARIAN_PEPPER_ROOT;10273;15;10270;23;;;10293;12;10296;17;;;10283.0;0.0
av_COTTON_d11;45300;ASH_COATED_OSMIUM;9923;18;9919;15;;;9930;18;9934;15;;;9926.5;0.0
av_COTTON_d11;45300;INTARIAN_PEPPER_ROOT;10277;10;10273;16;;;10290;17;10294;22;;;10283.5;0.0
av_COTTON_d11;45400;ASH_COATED_OSMIUM;9924;21;9921;17;;;9930;13;9934;12;;;9927.0;0.0
av_COTTON_d11;45400;INTARIAN_PEPPER_ROOT;10281;13;10279;25;;;10287;12;10290;22;;;10284.0;0.0
av_COTTON_d11;45500;ASH_COATED_OSMIUM;9923;9;9921;31;;;9929;11;9932;13;;;9926.0;0.0
av_COTTON_d11;45500;INTARIAN_PEPPER_ROOT;10281;21;10279;11;;;10287;21;10291;22;;;10284.0;0.0
av_COTTON_d11;45600;ASH_COATED_OSMIUM;9924;21;9922;23;;;9930;7;9933;9;;;9927.0;0.0
av_COTTON_d11;45600;INTARIAN_PEPPER_ROOT;10281;14;10277;24;;;10287;9;10291;26;;;10284.0;0.0
av_COTTON_d11;45700;ASH_COATED_OSMIUM;9923;16;9920;28;;;9929;17;9931;27;;;9926.0;0.0
av_COTTON_d11;45700;INTARIAN_PEPPER_ROOT;10282;15;10278;17;;;10288;12;10291;10;;;10285.0;0.0
av_COTTON_d11;45800;ASH_COATED_OSMIUM;9923;17;9920;18;;;9930;17;9933;14;;;9926.5;0.0
av_COTTON_d11;45800;INTARIAN_PEPPER_ROOT;10283;11;10280;8;;;10289;15;10293;18;;;10286.0;0.0
av_COTTON_d11;45900;ASH_COATED_OSMIUM;9924;26;9920;23;;;9930;14;9933;24;;;9927.0;0.0
av_COTTON_d11;45900;INTARIAN_PEPPER_ROOT;10270;17;10266;22;;;10302;14;10304;23;;;10286.0;0.0
av_COTTON_d11;46000;ASH_COATED_OSMIUM;9920;10;9917;18;;;9931;11;9933;17;;;9925.5;0.0
av_COTTON_d11;46000;INTARIAN_PEPPER_ROOT;10282;17;10280;10;;;10291;14;10295;25;;;10286.5;0.0
av_COTTON_d11;46100;ASH_COATED_OSMIUM;9921;14;9917;15;;;9932;12;9935;22;;;9926.5;0.0
av_COTTON_d11;46100;INTARIAN_PEPPER_ROOT;10283;12;10280;17;;;10291;19;10294;16;;;10287.0;0.0
av_COTTON_d11;46200;ASH_COATED_OSMIUM;9923;26;9920;19;;;9930;16;9932;17;;;9926.5;0.0
av_COTTON_d11;46200;INTARIAN_PEPPER_ROOT;10283;20;10281;19;;;10293;15;10295;15;;;10288.0;0.0
av_COTTON_d11;46300;ASH_COATED_OSMIUM;9924;18;9922;20;;;9930;22;9932;22;;;9927.0;0.0
av_COTTON_d11;46300;INTARIAN_PEPPER_ROOT;10279;19;10275;22;;;10296;11;10298;22;;;10287.5;0.0
av_COTTON_d11;46400;ASH_COATED_OSMIUM;9923;23;9921;22;;;9929;12;9933;15;;;9926.0;0.0
av_COTTON_d11;46400;INTARIAN_PEPPER_ROOT;10285;5;10283;15;;;10291;19;10293;19;;;10288.0;0.0
av_COTTON_d11;46500;ASH_COATED_OSMIUM;9924;23;9920;22;;;9930;23;9934;12;;;9927.0;0.0
av_COTTON_d11;46500;INTARIAN_PEPPER_ROOT;10269;11;10265;10;;;10309;14;10311;16;;;10289.0;0.0
av_COTTON_d11;46600;ASH_COATED_OSMIUM;9924;9;9921;18;;;9930;19;9933;20;;;9927.0;0.0
av_COTTON_d11;46600;INTARIAN_PEPPER_ROOT;10275;17;10271;22;;;10303;18;10306;23;;;10289.0;0.0
av_COTTON_d11;46700;ASH_COATED_OSMIUM;9922;11;9920;16;;;9931;23;9933;15;;;9926.5;0.0
av_COTTON_d11;46700;INTARIAN_PEPPER_ROOT;10287;13;10284;17;;;10293;11;10295;21;;;10290.0;0.0
av_COTTON_d11;46800;ASH_COATED_OSMIUM;9924;9;9922;12;;;9930;10;9934;26;;;9927.0;0.0
av_COTTON_d11;46800;INTARIAN_PEPPER_ROOT;10287;16;10283;22;;;10293;18;10295;16;;;10290.0;0.0
av_COTTON_d11;46900;ASH_COATED_OSMIUM;9923;18;9920;23;;;9929;9;9931;20;;;9926.0;0.0
av_COTTON_d11;46900;INTARIAN_PEPPER_ROOT;10287;12;10284;14;;;10293;22;10295;19;;;10290.0;0.0
av_COTTON_d11;47000;ASH_COATED_OSMIUM;9923;17;9919;15;;;9930;18;9933;24;;;9926.5;0.0
av_COTTON_d11;47000;INTARIAN_PEPPER_ROOT;10285;21;10283;20;;;10298;18;10301;20;;;10291.5;0.0
av_COTTON_d11;47100;ASH_COATED_OSMIUM;9918;14;9914;19;;;9936;13;9939;13;;;9927.0;0.0
av_COTTON_d11;47100;INTARIAN_PEPPER_ROOT;10288;21;10286;21;;;10294;19;10296;25;;;10291.0;0.0
av_COTTON_d11;47200;ASH_COATED_OSMIUM;9924;18;9921;28;;;9930;12;9932;24;;;9927.0;0.0
av_COTTON_d11;47200;INTARIAN_PEPPER_ROOT;10288;26;10286;34;;;10294;13;10296;23;;;10291.0;0.0
av_COTTON_d11;47300;ASH_COATED_OSMIUM;9924;13;9921;13;;;9930;14;9934;18;;;9927.0;0.0
av_COTTON_d11;47300;INTARIAN_PEPPER_ROOT;10289;20;10286;20;;;10295;20;10298;22;;;10292.0;0.0
av_COTTON_d11;47400;ASH_COATED_OSMIUM;9922;12;9919;21;;;9929;17;9931;30;;;9925.5;0.0
av_COTTON_d11;47400;INTARIAN_PEPPER_ROOT;10290;15;10286;19;;;10296;7;10300;9;;;10293.0;0.0
av_COTTON_d11;47500;ASH_COATED_OSMIUM;9924;16;9922;13;;;9930;16;9932;20;;;9927.0;0.0
av_COTTON_d11;47500;INTARIAN_PEPPER_ROOT;10284;21;10280;18;;;10303;16;10307;16;;;10293.5;0.0
av_COTTON_d11;47600;ASH_COATED_OSMIUM;9922;14;9919;8;;;9931;8;9933;18;;;9926.5;0.0
av_COTTON_d11;47600;INTARIAN_PEPPER_ROOT;10283;6;10280;23;;;10305;16;10309;31;;;10294.0;0.0
av_COTTON_d11;47700;ASH_COATED_OSMIUM;9924;20;9920;9;;;9930;14;9934;28;;;9927.0;0.0
av_COTTON_d11;47700;INTARIAN_PEPPER_ROOT;10280;18;10277;18;;;10309;18;10313;16;;;10294.5;0.0
av_COTTON_d11;47800;ASH_COATED_OSMIUM;9924;15;9920;12;;;9930;8;9934;23;;;9927.0;0.0
av_COTTON_d11;47800;INTARIAN_PEPPER_ROOT;10290;10;10288;17;;;10300;17;10304;10;;;10295.0;0.0
av_COTTON_d11;47900;ASH_COATED_OSMIUM;9923;17;9921;15;;;9929;15;9932;17;;;9926.0;0.0
av_COTTON_d11;47900;INTARIAN_PEPPER_ROOT;10292;18;10288;21;;;10298;21;10302;24;;;10295.0;0.0
av_COTTON_d11;48000;ASH_COATED_OSMIUM;9921;16;9918;30;;;9931;10;9933;21;;;9926.0;0.0
av_COTTON_d11;48000;INTARIAN_PEPPER_ROOT;10280;15;10276;13;;;10312;11;10315;14;;;10296.0;0.0
av_COTTON_d11;48100;ASH_COATED_OSMIUM;9924;25;9922;22;;;9930;15;9934;22;;;9927.0;0.0
av_COTTON_d11;48100;INTARIAN_PEPPER_ROOT;10291;11;10288;20;;;10301;19;10305;23;;;10296.0;0.0
av_COTTON_d11;48200;ASH_COATED_OSMIUM;9923;9;9919;17;;;9929;5;9931;29;;;9926.0;0.0
av_COTTON_d11;48200;INTARIAN_PEPPER_ROOT;10294;8;10292;19;;;10300;18;10302;16;;;10297.0;0.0
av_COTTON_d11;48300;ASH_COATED_OSMIUM;9923;7;9921;29;;;9929;7;9933;14;;;9926.0;0.0
av_COTTON_d11;48300;INTARIAN_PEPPER_ROOT;10295;19;10292;24;;;10301;11;10305;11;;;10298.0;0.0
av_COTTON_d11;48400;ASH_COATED_OSMIUM;9924;11;9920;10;;;9930;6;9932;8;;;9927.0;0.0
av_COTTON_d11;48400;INTARIAN_PEPPER_ROOT;10287;5;10284;20;;;10308;17;10311;20;;;10297.5;0.0
av_COTTON_d11;48500;ASH_COATED_OSMIUM;9924;23;9922;29;;;9930;16;9933;13;;;9927.0;0.0
av_COTTON_d11;48500;INTARIAN_PEPPER_ROOT;10296;6;10293;19;;;10302;17;10304;12;;;10299.0;0.0
av_COTTON_d11;48600;ASH_COATED_OSMIUM;9924;18;9921;18;;;9930;22;9932;21;;;9927.0;0.0
av_COTTON_d11;48600;INTARIAN_PEPPER_ROOT;10294;16;10291;21;;;10302;18;10306;16;;;10298.0;0.0
av_COTTON_d11;48700;ASH_COATED_OSMIUM;9923;17;9920;27;;;9929;15;9931;22;;;9926.0;0.0
av_COTTON_d11;48700;INTARIAN_PEPPER_ROOT;10292;17;10288;21;;;10305;5;10309;19;;;10298.5;0.0
av_COTTON_d11;48800;ASH_COATED_OSMIUM;9919;20;9916;24;;;9934;30;9936;19;;;9926.5;0.0
av_COTTON_d11;48800;INTARIAN_PEPPER_ROOT;10296;15;10294;27;;;10302;7;10305;24;;;10299.0;0.0
av_COTTON_d11;48900;ASH_COATED_OSMIUM;9923;10;9919;12;;;9931;19;9935;21;;;9927.0;0.0
av_COTTON_d11;48900;INTARIAN_PEPPER_ROOT;10297;25;10295;11;;;10303;15;10305;25;;;10300.0;0.0
av_COTTON_d11;49000;ASH_COATED_OSMIUM;9916;14;9912;14;;;9936;14;9938;16;;;9926.0;0.0
av_COTTON_d11;49000;INTARIAN_PEPPER_ROOT;10294;15;10292;25;;;10306;13;10308;29;;;10300.0;0.0
av_COTTON_d11;49100;ASH_COATED_OSMIUM;9924;13;9920;20;;;9930;18;9933;24;;;9927.0;0.0
av_COTTON_d11;49100;INTARIAN_PEPPER_ROOT;10298;6;10294;16;;;10304;5;10306;18;;;10301.0;0.0
av_COTTON_d11;49200;ASH_COATED_OSMIUM;9924;16;9921;25;;;9930;15;9932;29;;;9927.0;0.0
av_COTTON_d11;49200;INTARIAN_PEPPER_ROOT;10295;7;10292;20;;;10308;11;10311;20;;;10301.5;0.0
av_COTTON_d11;49300;ASH_COATED_OSMIUM;9921;15;9919;21;;;9932;18;9936;16;;;9926.5;0.0
av_COTTON_d11;49300;INTARIAN_PEPPER_ROOT;10299;17;10295;21;;;10305;24;10308;23;;;10302.0;0.0
av_COTTON_d11;49400;ASH_COATED_OSMIUM;9912;9;9909;19;;;9940;9;9943;30;;;9926.0;0.0
av_COTTON_d11;49400;INTARIAN_PEPPER_ROOT;10297;18;10295;24;;;10308;13;10312;25;;;10302.5;0.0
av_COTTON_d11;49500;ASH_COATED_OSMIUM;9924;29;9921;12;;;9930;14;9933;30;;;9927.0;0.0
av_COTTON_d11;49500;INTARIAN_PEPPER_ROOT;10298;27;10296;11;;;10307;19;10311;16;;;10302.5;0.0
av_COTTON_d11;49600;ASH_COATED_OSMIUM;9912;22;9909;21;;;9941;14;9944;24;;;9926.5;0.0
av_COTTON_d11;49600;INTARIAN_PEPPER_ROOT;10298;12;10296;22;;;10307;18;10310;21;;;10302.5;0.0
av_COTTON_d11;49700;ASH_COATED_OSMIUM;9923;17;9920;20;;;9929;15;9932;20;;;9926.0;0.0
av_COTTON_d11;49700;INTARIAN_PEPPER_ROOT;10300;16;10296;23;;;10306;13;10310;24;;;10303.0;0.0
av_COTTON_d11;49800;ASH_COATED_OSMIUM;9924;17;9920;21;;;9930;15;9934;26;;;9927.0;0.0
av_COTTON_d11;49800;INTARIAN_PEPPER_ROOT;10301;16;10297;19;;;10307;13;10309;22;;;10304.0;0.0
av_COTTON_d11;49900;ASH_COATED_OSMIUM;9922;14;9919;26;;;9931;14;9933;16;;;9926.5;0.0
av_COTTON_d11;49900;INTARIAN_PEPPER_ROOT;10300;10;10296;14;;;10308;16;10312;17;;;10304.0;0.0
av_COTTON_d11;50000;ASH_COATED_OSMIUM;9917;16;9915;22;;;9934;15;9937;14;;;9925.5;0.0
av_COTTON_d11;50000;INTARIAN_PEPPER_ROOT;10302;17;10299;21;;;10308;15;10312;19;;;10305.0;0.0
av_COTTON_d11;50100;ASH_COATED_OSMIUM;9923;24;9921;16;;;9929;19;9931;24;;;9926.0;0.0
av_COTTON_d11;50100;INTARIAN_PEPPER_ROOT;10296;8;10294;23;;;10316;16;10320;18;;;10306.0;0.0
av_COTTON_d11;50200;ASH_COATED_OSMIUM;9923;8;9919;26;;;9929;19;9932;20;;;9926.0;0.0
av_COTTON_d11;50200;INTARIAN_PEPPER_ROOT;10298;24;10296;20;;;10313;16;10316;22;;;10305.5;0.0
av_COTTON_d11;50300;ASH_COATED_OSMIUM;9918;18;9914;16;;;9936;12;9939;15;;;9927.0;0.0
av_COTTON_d11;50300;INTARIAN_PEPPER_ROOT;10303;15;10300;26;;;10309;18;10311;30;;;10306.0;0.0
av_COTTON_d11;50400;ASH_COATED_OSMIUM;9923;8;9921;28;;;9929;11;9932;15;;;9926.0;0.0
av_COTTON_d11;50400;INTARIAN_PEPPER_ROOT;10303;17;10301;24;;;10309;9;10313;22;;;10306.0;0.0
av_COTTON_d11;50500;ASH_COATED_OSMIUM;9924;20;9920;23;;;9930;14;9932;19;;;9927.0;0.0
av_COTTON_d11;50500;INTARIAN_PEPPER_ROOT;10305;26;10301;12;;;10311;20;10314;20;;;10308.0;0.0
av_COTTON_d11;50600;ASH_COATED_OSMIUM;9922;11;9920;20;;;9931;11;9933;19;;;9926.5;0.0
av_COTTON_d11;50600;INTARIAN_PEPPER_ROOT;10304;12;10300;10;;;10310;19;10313;26;;;10307.0;0.0
av_COTTON_d11;50700;ASH_COATED_OSMIUM;9923;27;9921;19;;;9929;18;9932;13;;;9926.0;0.0
av_COTTON_d11;50700;INTARIAN_PEPPER_ROOT;10305;17;10303;25;;;10311;23;10315;17;;;10308.0;0.0
av_COTTON_d11;50800;ASH_COATED_OSMIUM;9924;14;9920;14;;;9930;17;9933;13;;;9927.0;0.0
av_COTTON_d11;50800;INTARIAN_PEPPER_ROOT;10305;10;10303;19;;;10311;15;10314;23;;;10308.0;0.0
av_COTTON_d11;50900;ASH_COATED_OSMIUM;9920;17;9917;16;;;9933;10;9935;25;;;9926.5;0.0
av_COTTON_d11;50900;INTARIAN_PEPPER_ROOT;10297;15;10293;27;;;10319;7;10323;24;;;10308.0;0.0
av_COTTON_d11;51000;ASH_COATED_OSMIUM;9924;5;9922;14;;;9930;6;9932;30;;;9927.0;0.0
av_COTTON_d11;51000;INTARIAN_PEPPER_ROOT;10306;19;10304;23;;;10312;16;10316;17;;;10309.0;0.0
av_COTTON_d11;51100;ASH_COATED_OSMIUM;9923;18;9919;14;;;9930;5;9934;14;;;9926.5;0.0
av_COTTON_d11;51100;INTARIAN_PEPPER_ROOT;10302;22;10299;25;;;10317;9;10320;24;;;10309.5;0.0
av_COTTON_d11;51200;ASH_COATED_OSMIUM;9923;12;9919;21;;;9929;23;9931;19;;;9926.0;0.0
av_COTTON_d11;51200;INTARIAN_PEPPER_ROOT;10306;18;10304;20;;;10312;16;10316;14;;;10309.0;0.0
av_COTTON_d11;51300;ASH_COATED_OSMIUM;9924;20;9922;20;;;9930;11;9932;17;;;9927.0;0.0
av_COTTON_d11;51300;INTARIAN_PEPPER_ROOT;10305;22;10303;13;;;10313;28;10315;31;;;10309.0;0.0
av_COTTON_d11;51400;ASH_COATED_OSMIUM;9922;6;9918;20;;;9932;17;9934;21;;;9927.0;0.0
av_COTTON_d11;51400;INTARIAN_PEPPER_ROOT;10306;15;10303;20;;;10313;11;10316;23;;;10309.5;0.0
av_COTTON_d11;51500;ASH_COATED_OSMIUM;9921;14;9918;20;;;9933;17;9936;21;;;9927.0;0.0
av_COTTON_d11;51500;INTARIAN_PEPPER_ROOT;10304;15;10300;10;;;10315;18;10319;23;;;10309.5;0.0
av_COTTON_d11;51600;ASH_COATED_OSMIUM;9923;12;9921;20;;;9929;16;9932;27;;;9926.0;0.0
av_COTTON_d11;51600;INTARIAN_PEPPER_ROOT;10306;9;10302;15;;;10314;14;10316;17;;;10310.0;0.0
av_COTTON_d11;51700;ASH_COATED_OSMIUM;9919;19;9917;21;;;9936;9;9939;17;;;9927.5;0.0
av_COTTON_d11;51700;INTARIAN_PEPPER_ROOT;10306;7;10302;18;;;10314;6;10316;21;;;10310.0;0.0
av_COTTON_d11;51800;ASH_COATED_OSMIUM;9924;20;9921;22;;;9930;16;9933;16;;;9927.0;0.0
av_COTTON_d11;51800;INTARIAN_PEPPER_ROOT;10307;19;10303;24;;;10313;11;10316;20;;;10310.0;0.0
av_COTTON_d11;51900;ASH_COATED_OSMIUM;9924;15;9920;24;;;9930;11;9932;24;;;9927.0;0.0
av_COTTON_d11;51900;INTARIAN_PEPPER_ROOT;10305;12;10303;15;;;10315;14;10319;19;;;10310.0;0.0
av_COTTON_d11;52000;ASH_COATED_OSMIUM;9924;12;9920;19;;;9930;15;9933;20;;;9927.0;0.0
av_COTTON_d11;52000;INTARIAN_PEPPER_ROOT;10307;11;10303;13;;;10313;14;10315;16;;;10310.0;0.0
av_COTTON_d11;52100;ASH_COATED_OSMIUM;9924;16;9920;13;;;9930;15;9932;19;;;9927.0;0.0
av_COTTON_d11;52100;INTARIAN_PEPPER_ROOT;10302;17;10299;19;;;10319;18;10323;29;;;10310.5;0.0
av_COTTON_d11;52200;ASH_COATED_OSMIUM;9924;6;9920;8;;;9930;19;9932;21;;;9927.0;0.0
av_COTTON_d11;52200;INTARIAN_PEPPER_ROOT;10305;17;10303;13;;;10317;21;10319;23;;;10311.0;0.0
av_COTTON_d11;52300;ASH_COATED_OSMIUM;9924;13;9920;19;;;9930;14;9934;24;;;9927.0;0.0
av_COTTON_d11;52300;INTARIAN_PEPPER_ROOT;10303;22;10301;28;;;10318;16;10322;15;;;10310.5;0.0
av_COTTON_d11;52400;ASH_COATED_OSMIUM;9924;8;9921;21;;;9930;13;9933;20;;;9927.0;0.0
av_COTTON_d11;52400;INTARIAN_PEPPER_ROOT;10308;25;10304;19;;;10314;8;10317;21;;;10311.0;0.0
av_COTTON_d11;52500;ASH_COATED_OSMIUM;9924;24;9921;13;;;9930;15;9932;12;;;9927.0;0.0
av_COTTON_d11;52500;INTARIAN_PEPPER_ROOT;10308;14;10304;15;;;10314;11;10316;19;;;10311.0;0.0
av_COTTON_d11;52600;ASH_COATED_OSMIUM;9923;20;9921;24;;;9929;17;9933;22;;;9926.0;0.0
av_COTTON_d11;52600;INTARIAN_PEPPER_ROOT;10306;16;10302;17;;;10317;9;10321;19;;;10311.5;0.0
av_COTTON_d11;52700;ASH_COATED_OSMIUM;9924;17;9921;25;;;9930;14;9932;16;;;9927.0;0.0
av_COTTON_d11;52700;INTARIAN_PEPPER_ROOT;10308;17;10305;24;;;10314;10;10318;18;;;10311.0;0.0
av_COTTON_d11;52800;ASH_COATED_OSMIUM;9924;13;9921;21;;;9930;19;9932;24;;;9927.0;0.0
av_COTTON_d11;52800;INTARIAN_PEPPER_ROOT;10309;23;10306;18;;;10315;24;10317;20;;;10312.0;0.0
av_COTTON_d11;52900;ASH_COATED_OSMIUM;9917;18;9913;22;;;9937;12;9941;14;;;9927.0;0.0
av_COTTON_d11;52900;INTARIAN_PEPPER_ROOT;10309;13;10306;22;;;10315;10;10317;25;;;10312.0;0.0
av_COTTON_d11;53000;ASH_COATED_OSMIUM;9918;13;9915;17;;;9936;5;9939;18;;;9927.0;0.0
av_COTTON_d11;53000;INTARIAN_PEPPER_ROOT;10310;5;10307;25;;;10316;23;10320;10;;;10313.0;0.0
av_COTTON_d11;53100;ASH_COATED_OSMIUM;9923;16;9920;20;;;9931;14;9934;27;;;9927.0;0.0
av_COTTON_d11;53100;INTARIAN_PEPPER_ROOT;10309;15;10306;20;;;10315;26;10318;26;;;10312.0;0.0
av_COTTON_d11;53200;ASH_COATED_OSMIUM;9924;12;9922;13;;;9930;13;9933;27;;;9927.0;0.0
av_COTTON_d11;53200;INTARIAN_PEPPER_ROOT;10309;17;10306;26;;;10316;18;10320;19;;;10312.5;0.0
av_COTTON_d11;53300;ASH_COATED_OSMIUM;9920;21;9918;29;;;9933;9;9937;14;;;9926.5;0.0
av_COTTON_d11;53300;INTARIAN_PEPPER_ROOT;10306;16;10303;26;;;10318;16;10321;27;;;10312.0;0.0
av_COTTON_d11;53400;ASH_COATED_OSMIUM;9923;8;9919;15;;;9932;17;9934;13;;;9927.5;0.0
av_COTTON_d11;53400;INTARIAN_PEPPER_ROOT;10310;5;10306;20;;;10316;17;10318;12;;;10313.0;0.0
av_COTTON_d11;53500;ASH_COATED_OSMIUM;9923;14;9920;22;;;9932;12;9935;20;;;9927.5;0.0
av_COTTON_d11;53500;INTARIAN_PEPPER_ROOT;10310;13;10306;17;;;10316;18;10320;14;;;10313.0;0.0
av_COTTON_d11;53600;ASH_COATED_OSMIUM;9923;11;9919;18;;;9932;17;9934;17;;;9927.5;0.0
av_COTTON_d11;53600;INTARIAN_PEPPER_ROOT;10308;17;10305;24;;;10318;21;10320;16;;;10313.0;0.0
av_COTTON_d11;53700;ASH_COATED_OSMIUM;9925;19;9922;34;;;9931;15;9935;19;;;9928.0;0.0
av_COTTON_d11;53700;INTARIAN_PEPPER_ROOT;10307;11;10304;21;;;10321;17;10324;30;;;10314.0;0.0
av_COTTON_d11;53800;ASH_COATED_OSMIUM;9925;15;9922;24;;;9931;11;9935;17;;;9928.0;0.0
av_COTTON_d11;53800;INTARIAN_PEPPER_ROOT;10303;11;10299;24;;;10324;13;10327;23;;;10313.5;0.0
av_COTTON_d11;53900;ASH_COATED_OSMIUM;9924;14;9921;20;;;9930;22;9934;21;;;9927.0;0.0
av_COTTON_d11;53900;INTARIAN_PEPPER_ROOT;10311;20;10309;16;;;10317;14;10320;20;;;10314.0;0.0
av_COTTON_d11;54000;ASH_COATED_OSMIUM;9907;14;9905;20;;;9947;14;9951;8;;;9927.0;0.0
av_COTTON_d11;54000;INTARIAN_PEPPER_ROOT;10310;22;10306;21;;;10317;5;10321;26;;;10313.5;0.0
av_COTTON_d11;54100;ASH_COATED_OSMIUM;9924;19;9921;15;;;9930;7;9932;24;;;9927.0;0.0
av_COTTON_d11;54100;INTARIAN_PEPPER_ROOT;10312;5;10308;23;;;10318;9;10322;21;;;10315.0;0.0
av_COTTON_d11;54200;ASH_COATED_OSMIUM;9924;5;9920;14;;;9930;18;9932;21;;;9927.0;0.0
av_COTTON_d11;54200;INTARIAN_PEPPER_ROOT;10311;20;10307;13;;;10317;18;10321;17;;;10314.0;0.0
av_COTTON_d11;54300;ASH_COATED_OSMIUM;9924;26;9921;16;;;9930;13;9934;19;;;9927.0;0.0
av_COTTON_d11;54300;INTARIAN_PEPPER_ROOT;10312;11;10309;22;;;10318;13;10320;20;;;10315.0;0.0
av_COTTON_d11;54400;ASH_COATED_OSMIUM;9919;16;9915;21;;;9935;13;9937;31;;;9927.0;0.0
av_COTTON_d11;54400;INTARIAN_PEPPER_ROOT;10311;16;10309;29;;;10317;14;10321;29;;;10314.0;0.0
av_COTTON_d11;54500;ASH_COATED_OSMIUM;9924;21;9920;11;;;9930;11;9934;16;;;9927.0;0.0
av_COTTON_d11;54500;INTARIAN_PEPPER_ROOT;10312;12;10308;21;;;10318;12;10321;19;;;10315.0;0.0
av_COTTON_d11;54600;ASH_COATED_OSMIUM;9924;8;9920;19;;;9933;20;9937;19;;;9928.5;0.0
av_COTTON_d11;54600;INTARIAN_PEPPER_ROOT;10306;24;10304;20;;;10324;14;10327;26;;;10315.0;0.0
av_COTTON_d11;54700;ASH_COATED_OSMIUM;9924;5;9920;23;;;9930;17;9933;27;;;9927.0;0.0
av_COTTON_d11;54700;INTARIAN_PEPPER_ROOT;10312;17;10308;19;;;10318;25;10321;11;;;10315.0;0.0
av_COTTON_d11;54800;ASH_COATED_OSMIUM;9925;6;9923;19;;;9931;18;9935;18;;;9928.0;0.0
av_COTTON_d11;54800;INTARIAN_PEPPER_ROOT;10312;5;10309;19;;;10318;11;10322;32;;;10315.0;0.0
av_COTTON_d11;54900;ASH_COATED_OSMIUM;9922;9;9919;16;;;9934;12;9936;23;;;9928.0;0.0
av_COTTON_d11;54900;INTARIAN_PEPPER_ROOT;10309;8;10305;22;;;10321;17;10325;18;;;10315.0;0.0
av_COTTON_d11;55000;ASH_COATED_OSMIUM;9920;22;9916;16;;;9937;20;9939;21;;;9928.5;0.0
av_COTTON_d11;55000;INTARIAN_PEPPER_ROOT;10312;16;10310;19;;;10318;20;10320;19;;;10315.0;0.0
av_COTTON_d11;55100;ASH_COATED_OSMIUM;9925;18;9922;17;;;9931;15;9935;17;;;9928.0;0.0
av_COTTON_d11;55100;INTARIAN_PEPPER_ROOT;10313;21;10309;17;;;10319;11;10322;19;;;10316.0;0.0
av_COTTON_d11;55200;ASH_COATED_OSMIUM;9925;14;9923;23;;;9931;11;9934;20;;;9928.0;0.0
av_COTTON_d11;55200;INTARIAN_PEPPER_ROOT;10313;9;10310;20;;;10319;19;10323;14;;;10316.0;0.0
av_COTTON_d11;55300;ASH_COATED_OSMIUM;9923;11;9921;16;;;9933;10;9935;12;;;9928.0;0.0
av_COTTON_d11;55300;INTARIAN_PEPPER_ROOT;10311;19;10308;18;;;10321;19;10325;24;;;10316.0;0.0
av_COTTON_d11;55400;ASH_COATED_OSMIUM;9925;19;9923;21;;;9931;13;9935;21;;;9928.0;0.0
av_COTTON_d11;55400;INTARIAN_PEPPER_ROOT;10305;16;10302;26;;;10328;18;10332;22;;;10316.5;0.0
av_COTTON_d11;55500;ASH_COATED_OSMIUM;9925;12;9921;16;;;9931;22;9935;23;;;9928.0;0.0
av_COTTON_d11;55500;INTARIAN_PEPPER_ROOT;10311;21;10307;14;;;10322;18;10326;28;;;10316.5;0.0
av_COTTON_d11;55600;ASH_COATED_OSMIUM;9923;14;9920;23;;;9932;13;9936;14;;;9927.5;0.0
av_COTTON_d11;55600;INTARIAN_PEPPER_ROOT;10314;19;10312;15;;;10320;17;10323;14;;;10317.0;0.0
av_COTTON_d11;55700;ASH_COATED_OSMIUM;9922;23;9919;22;;;9935;9;9938;23;;;9928.5;0.0
av_COTTON_d11;55700;INTARIAN_PEPPER_ROOT;10314;20;10311;14;;;10320;14;10324;21;;;10317.0;0.0
av_COTTON_d11;55800;ASH_COATED_OSMIUM;9919;16;9917;17;;;9936;17;9940;23;;;9927.5;0.0
av_COTTON_d11;55800;INTARIAN_PEPPER_ROOT;10314;17;10311;23;;;10320;16;10323;13;;;10317.0;0.0
av_COTTON_d11;55900;ASH_COATED_OSMIUM;9925;15;9922;11;;;9931;18;9935;17;;;9928.0;0.0
av_COTTON_d11;55900;INTARIAN_PEPPER_ROOT;10314;12;10311;13;;;10320;6;10323;24;;;10317.0;0.0
av_COTTON_d11;56000;ASH_COATED_OSMIUM;9916;11;9913;20;;;9940;9;9943;25;;;9928.0;0.0
av_COTTON_d11;56000;INTARIAN_PEPPER_ROOT;10315;14;10312;18;;;10321;16;10324;22;;;10318.0;0.0
av_COTTON_d11;56100;ASH_COATED_OSMIUM;9924;17;9921;21;;;9930;24;9934;15;;;9927.0;0.0
av_COTTON_d11;56100;INTARIAN_PEPPER_ROOT;10314;17;10310;23;;;10320;14;10322;19;;;10317.0;0.0
av_COTTON_d11;56200;ASH_COATED_OSMIUM;9925;14;9922;22;;;9931;11;9935;19;;;9928.0;0.0
av_COTTON_d11;56200;INTARIAN_PEPPER_ROOT;10315;18;10313;27;;;10321;14;10323;21;;;10318.0;0.0
av_COTTON_d11;56300;ASH_COATED_OSMIUM;9922;13;9919;21;;;9934;17;9938;19;;;9928.0;0.0
av_COTTON_d11;56300;INTARIAN_PEPPER_ROOT;10303;7;10299;16;;;10332;16;10334;27;;;10317.5;0.0
