day;timestamp;product;bid_price_1;bid_volume_1;bid_price_2;bid_volume_2;bid_price_3;bid_volume_3;ask_price_1;ask_volume_1;ask_price_2;ask_volume_2;ask_price_3;ask_volume_3;mid_price;profit_and_loss
yf_ZC=F_d7;0;ASH_COATED_OSMIUM;9911;10;9907;19;;;9920;7;9924;19;;;9915.5;0.0
yf_ZC=F_d7;0;INTARIAN_PEPPER_ROOT;12736;17;12732;19;;;12742;12;12744;8;;;12739.0;0.0
yf_ZC=F_d7;100;ASH_COATED_OSMIUM;9913;5;9909;27;;;9919;8;9922;11;;;9916.0;0.0
yf_ZC=F_d7;100;INTARIAN_PEPPER_ROOT;12738;14;12736;27;;;12744;9;12746;22;;;12741.0;0.0
yf_ZC=F_d7;200;ASH_COATED_OSMIUM;9901;9;9897;21;;;9932;16;9936;24;;;9916.5;0.0
yf_ZC=F_d7;200;INTARIAN_PEPPER_ROOT;12737;18;12735;13;;;12746;22;12748;29;;;12741.5;0.0
yf_ZC=F_d7;300;ASH_COATED_OSMIUM;9913;12;9911;18;;;9920;12;9924;19;;;9916.5;0.0
yf_ZC=F_d7;300;INTARIAN_PEPPER_ROOT;12733;10;12730;20;;;12753;14;12755;27;;;12743.0;0.0
yf_ZC=F_d7;400;ASH_COATED_OSMIUM;9913;10;9910;27;;;9919;13;9921;17;;;9916.0;0.0
yf_ZC=F_d7;400;INTARIAN_PEPPER_ROOT;12734;17;12732;18;;;12755;20;12759;16;;;12744.5;0.0
yf_ZC=F_d7;500;ASH_COATED_OSMIUM;9907;5;9905;8;;;9926;11;9929;19;;;9916.5;0.0
yf_ZC=F_d7;500;INTARIAN_PEPPER_ROOT;12744;22;12741;17;;;12750;21;12753;16;;;12747.0;0.0
yf_ZC=F_d7;600;ASH_COATED_OSMIUM;9914;21;9911;15;;;9920;25;9924;24;;;9917.0;0.0
yf_ZC=F_d7;600;INTARIAN_PEPPER_ROOT;12745;16;12742;21;;;12751;8;12753;21;;;12748.0;0.0
yf_ZC=F_d7;700;ASH_COATED_OSMIUM;9913;19;9909;17;;;9919;11;9922;8;;;9916.0;0.0
yf_ZC=F_d7;700;INTARIAN_PEPPER_ROOT;12747;12;12743;18;;;12753;17;12756;18;;;12750.0;0.0
yf_ZC=F_d7;800;ASH_COATED_OSMIUM;9910;19;9907;11;;;9923;17;9927;26;;;9916.5;0.0
yf_ZC=F_d7;800;INTARIAN_PEPPER_ROOT;12743;10;12739;22;;;12758;17;12761;19;;;12750.5;0.0
yf_ZC=F_d7;900;ASH_COATED_OSMIUM;9914;14;9910;18;;;9920;13;9924;15;;;9917.0;0.0
yf_ZC=F_d7;900;INTARIAN_PEPPER_ROOT;12749;20;12745;19;;;12756;12;12760;15;;;12752.5;0.0
yf_ZC=F_d7;1000;ASH_COATED_OSMIUM;9914;20;9912;28;;;9920;10;9923;29;;;9917.0;0.0
yf_ZC=F_d7;1000;INTARIAN_PEPPER_ROOT;12750;12;12747;33;;;12756;14;12760;13;;;12753.0;0.0
yf_ZC=F_d7;1100;ASH_COATED_OSMIUM;9905;13;9902;25;;;9930;23;9934;20;;;9917.5;0.0
yf_ZC=F_d7;1100;INTARIAN_PEPPER_ROOT;12749;15;12745;15;;;12762;13;12766;23;;;12755.5;0.0
yf_ZC=F_d7;1200;ASH_COATED_OSMIUM;9913;20;9910;22;;;9921;5;9923;18;;;9917.0;0.0
yf_ZC=F_d7;1200;INTARIAN_PEPPER_ROOT;12754;14;12752;17;;;12760;17;12763;23;;;12757.0;0.0
yf_ZC=F_d7;1300;ASH_COATED_OSMIUM;9914;21;9912;23;;;9920;11;9923;26;;;9917.0;0.0
yf_ZC=F_d7;1300;INTARIAN_PEPPER_ROOT;12755;19;12751;17;;;12763;21;12766;21;;;12759.0;0.0
yf_ZC=F_d7;1400;ASH_COATED_OSMIUM;9914;24;9910;12;;;9920;13;9922;20;;;9917.0;0.0
yf_ZC=F_d7;1400;INTARIAN_PEPPER_ROOT;12757;19;12754;14;;;12763;17;12766;17;;;12760.0;0.0
yf_ZC=F_d7;1500;ASH_COATED_OSMIUM;9914;5;9912;17;;;9920;17;9923;27;;;9917.0;0.0
yf_ZC=F_d7;1500;INTARIAN_PEPPER_ROOT;12758;16;12754;19;;;12764;12;12768;10;;;12761.0;0.0
yf_ZC=F_d7;1600;ASH_COATED_OSMIUM;9915;11;9911;20;;;9921;10;9925;21;;;9918.0;0.0
yf_ZC=F_d7;1600;INTARIAN_PEPPER_ROOT;12761;10;12759;14;;;12767;16;12770;23;;;12764.0;0.0
yf_ZC=F_d7;1700;ASH_COATED_OSMIUM;9914;8;9911;18;;;9920;16;9923;25;;;9917.0;0.0
yf_ZC=F_d7;1700;INTARIAN_PEPPER_ROOT;12762;10;12759;27;;;12768;19;12770;32;;;12765.0;0.0
yf_ZC=F_d7;1800;ASH_COATED_OSMIUM;9914;16;9911;16;;;9920;9;9924;14;;;9917.0;0.0
yf_ZC=F_d7;1800;INTARIAN_PEPPER_ROOT;12764;9;12761;21;;;12770;19;12773;26;;;12767.0;0.0
yf_ZC=F_d7;1900;ASH_COATED_OSMIUM;9915;21;9913;15;;;9921;11;9924;21;;;9918.0;0.0
yf_ZC=F_d7;1900;INTARIAN_PEPPER_ROOT;12763;23;12761;23;;;12773;9;12777;25;;;12768.0;0.0
yf_ZC=F_d7;2000;ASH_COATED_OSMIUM;9914;21;9912;18;;;9922;22;9926;25;;;9918.0;0.0
yf_ZC=F_d7;2000;INTARIAN_PEPPER_ROOT;12766;17;12763;23;;;12772;21;12775;26;;;12769.0;0.0
yf_ZC=F_d7;2100;ASH_COATED_OSMIUM;9910;12;9907;21;;;9925;18;9929;20;;;9917.5;0.0
yf_ZC=F_d7;2100;INTARIAN_PEPPER_ROOT;12766;18;12763;22;;;12774;15;12777;13;;;12770.0;0.0
yf_ZC=F_d7;2200;ASH_COATED_OSMIUM;9909;16;9905;31;;;9928;14;9931;17;;;9918.5;0.0
yf_ZC=F_d7;2200;INTARIAN_PEPPER_ROOT;12769;22;12765;28;;;12775;19;12778;17;;;12772.0;0.0
yf_ZC=F_d7;2300;ASH_COATED_OSMIUM;9915;9;9913;17;;;9921;10;9924;19;;;9918.0;0.0
yf_ZC=F_d7;2300;INTARIAN_PEPPER_ROOT;12767;19;12763;19;;;12782;14;12784;25;;;12774.5;0.0
yf_ZC=F_d7;2400;ASH_COATED_OSMIUM;9916;13;9914;21;;;9922;11;9925;21;;;9919.0;0.0
yf_ZC=F_d7;2400;INTARIAN_PEPPER_ROOT;12768;15;12766;18;;;12783;12;12785;14;;;12775.5;0.0
yf_ZC=F_d7;2500;ASH_COATED_OSMIUM;9913;13;9911;20;;;9923;22;9926;15;;;9918.0;0.0
yf_ZC=F_d7;2500;INTARIAN_PEPPER_ROOT;12774;11;12771;20;;;12780;18;12784;18;;;12777.0;0.0
yf_ZC=F_d7;2600;ASH_COATED_OSMIUM;9905;19;9903;18;;;9933;18;9935;15;;;9919.0;0.0
yf_ZC=F_d7;2600;INTARIAN_PEPPER_ROOT;12776;18;12774;18;;;12782;20;12785;16;;;12779.0;0.0
yf_ZC=F_d7;2700;ASH_COATED_OSMIUM;9916;11;9912;18;;;9922;12;9925;24;;;9919.0;0.0
yf_ZC=F_d7;2700;INTARIAN_PEPPER_ROOT;12778;19;12774;24;;;12784;11;12787;12;;;12781.0;0.0
yf_ZC=F_d7;2800;ASH_COATED_OSMIUM;9916;20;9912;9;;;9922;25;9925;14;;;9919.0;0.0
yf_ZC=F_d7;2800;INTARIAN_PEPPER_ROOT;12778;18;12775;18;;;12786;19;12788;19;;;12782.0;0.0
yf_ZC=F_d7;2900;ASH_COATED_OSMIUM;9916;24;9913;19;;;9922;17;9925;18;;;9919.0;0.0
yf_ZC=F_d7;2900;INTARIAN_PEPPER_ROOT;12779;8;12777;13;;;12788;20;12792;15;;;12783.5;0.0
yf_ZC=F_d7;3000;ASH_COATED_OSMIUM;9915;7;9912;27;;;9921;7;9923;20;;;9918.0;0.0
yf_ZC=F_d7;3000;INTARIAN_PEPPER_ROOT;12779;21;12776;13;;;12789;11;12791;16;;;12784.0;0.0
yf_ZC=F_d7;3100;ASH_COATED_OSMIUM;9913;28;9909;20;;;9924;11;9926;22;;;9918.5;0.0
yf_ZC=F_d7;3100;INTARIAN_PEPPER_ROOT;12780;15;12777;14;;;12793;20;12797;22;;;12786.5;0.0
yf_ZC=F_d7;3200;ASH_COATED_OSMIUM;9916;8;9914;26;;;9922;16;9925;12;;;9919.0;0.0
yf_ZC=F_d7;3200;INTARIAN_PEPPER_ROOT;12785;10;12782;13;;;12791;22;12793;17;;;12788.0;0.0
yf_ZC=F_d7;3300;ASH_COATED_OSMIUM;9916;11;9914;24;;;9923;17;9926;16;;;9919.5;0.0
yf_ZC=F_d7;3300;INTARIAN_PEPPER_ROOT;12785;20;12782;14;;;12793;15;12796;21;;;12789.0;0.0
yf_ZC=F_d7;3400;ASH_COATED_OSMIUM;9915;12;9911;22;;;9922;11;9925;20;;;9918.5;0.0
yf_ZC=F_d7;3400;INTARIAN_PEPPER_ROOT;12788;11;12785;24;;;12794;11;12796;27;;;12791.0;0.0
yf_ZC=F_d7;3500;ASH_COATED_OSMIUM;9916;7;9912;24;;;9922;17;9926;24;;;9919.0;0.0
yf_ZC=F_d7;3500;INTARIAN_PEPPER_ROOT;12778;13;12774;27;;;12807;8;12811;9;;;12792.5;0.0
yf_ZC=F_d7;3600;ASH_COATED_OSMIUM;9915;16;9912;20;;;9923;13;9927;22;;;9919.0;0.0
yf_ZC=F_d7;3600;INTARIAN_PEPPER_ROOT;12788;5;12786;26;;;12801;13;12804;17;;;12794.5;0.0
yf_ZC=F_d7;3700;ASH_COATED_OSMIUM;9917;8;9915;22;;;9923;15;9927;25;;;9920.0;0.0
yf_ZC=F_d7;3700;INTARIAN_PEPPER_ROOT;12793;15;12789;18;;;12799;18;12803;20;;;12796.0;0.0
yf_ZC=F_d7;3800;ASH_COATED_OSMIUM;9916;10;9912;24;;;9922;10;9924;22;;;9919.0;0.0
yf_ZC=F_d7;3800;INTARIAN_PEPPER_ROOT;12793;14;12790;26;;;12802;9;12806;27;;;12797.5;0.0
yf_ZC=F_d7;3900;ASH_COATED_OSMIUM;9916;7;9912;23;;;9922;19;9925;11;;;9919.0;0.0
yf_ZC=F_d7;3900;INTARIAN_PEPPER_ROOT;12796;12;12794;21;;;12802;15;12806;17;;;12799.0;0.0
yf_ZC=F_d7;4000;ASH_COATED_OSMIUM;9911;14;9909;18;;;9929;18;9933;24;;;9920.0;0.0
yf_ZC=F_d7;4000;INTARIAN_PEPPER_ROOT;12797;10;12794;27;;;12803;20;12805;28;;;12800.0;0.0
yf_ZC=F_d7;4100;ASH_COATED_OSMIUM;9918;13;9914;16;;;9924;9;9928;17;;;9921.0;0.0
yf_ZC=F_d7;4100;INTARIAN_PEPPER_ROOT;12799;19;12795;22;;;12805;15;12809;22;;;12802.0;0.0
yf_ZC=F_d7;4200;ASH_COATED_OSMIUM;9917;14;9914;27;;;9923;8;9925;18;;;9920.0;0.0
yf_ZC=F_d7;4200;INTARIAN_PEPPER_ROOT;12800;22;12798;15;;;12806;17;12809;11;;;12803.0;0.0
yf_ZC=F_d7;4300;ASH_COATED_OSMIUM;9917;19;9914;8;;;9924;10;9926;16;;;9920.5;0.0
yf_ZC=F_d7;4300;INTARIAN_PEPPER_ROOT;12800;18;12796;22;;;12809;11;12812;20;;;12804.5;0.0
yf_ZC=F_d7;4400;ASH_COATED_OSMIUM;9917;11;9915;20;;;9923;13;9926;19;;;9920.0;0.0
yf_ZC=F_d7;4400;INTARIAN_PEPPER_ROOT;12804;15;12801;22;;;12811;5;12813;21;;;12807.5;0.0
yf_ZC=F_d7;4500;ASH_COATED_OSMIUM;9908;19;9906;14;;;9932;13;9935;18;;;9920.0;0.0
yf_ZC=F_d7;4500;INTARIAN_PEPPER_ROOT;12802;21;12800;21;;;12814;10;12816;10;;;12808.0;0.0
yf_ZC=F_d7;4600;ASH_COATED_OSMIUM;9916;9;9914;22;;;9925;20;9928;22;;;9920.5;0.0
yf_ZC=F_d7;4600;INTARIAN_PEPPER_ROOT;12806;20;12804;13;;;12812;12;12814;19;;;12809.0;0.0
yf_ZC=F_d7;4700;ASH_COATED_OSMIUM;9914;14;9911;15;;;9926;8;9928;21;;;9920.0;0.0
yf_ZC=F_d7;4700;INTARIAN_PEPPER_ROOT;12808;17;12805;18;;;12814;21;12818;14;;;12811.0;0.0
yf_ZC=F_d7;4800;ASH_COATED_OSMIUM;9918;19;9916;14;;;9924;14;9927;23;;;9921.0;0.0
yf_ZC=F_d7;4800;INTARIAN_PEPPER_ROOT;12810;10;12806;17;;;12816;18;12819;30;;;12813.0;0.0
yf_ZC=F_d7;4900;ASH_COATED_OSMIUM;9917;14;9913;23;;;9923;15;9926;8;;;9920.0;0.0
yf_ZC=F_d7;4900;INTARIAN_PEPPER_ROOT;12811;16;12807;19;;;12817;17;12819;17;;;12814.0;0.0
yf_ZC=F_d7;5000;ASH_COATED_OSMIUM;9918;15;9914;25;;;9924;12;9928;21;;;9921.0;0.0
yf_ZC=F_d7;5000;INTARIAN_PEPPER_ROOT;12809;14;12806;24;;;12822;11;12825;21;;;12815.5;0.0
yf_ZC=F_d7;5100;ASH_COATED_OSMIUM;9918;20;9916;15;;;9924;17;9928;14;;;9921.0;0.0
yf_ZC=F_d7;5100;INTARIAN_PEPPER_ROOT;12814;13;12811;21;;;12820;18;12823;16;;;12817.0;0.0
yf_ZC=F_d7;5200;ASH_COATED_OSMIUM;9915;21;9911;20;;;9926;12;9930;12;;;9920.5;0.0
yf_ZC=F_d7;5200;INTARIAN_PEPPER_ROOT;12816;10;12814;14;;;12822;17;12826;20;;;12819.0;0.0
yf_ZC=F_d7;5300;ASH_COATED_OSMIUM;9918;17;9915;27;;;9924;20;9928;19;;;9921.0;0.0
yf_ZC=F_d7;5300;INTARIAN_PEPPER_ROOT;12812;16;12810;11;;;12829;18;12833;16;;;12820.5;0.0
yf_ZC=F_d7;5400;ASH_COATED_OSMIUM;9918;22;9915;13;;;9924;19;9927;20;;;9921.0;0.0
yf_ZC=F_d7;5400;INTARIAN_PEPPER_ROOT;12818;13;12814;24;;;12826;14;12828;16;;;12822.0;0.0
yf_ZC=F_d7;5500;ASH_COATED_OSMIUM;9917;16;9914;22;;;9926;5;9928;21;;;9921.5;0.0
yf_ZC=F_d7;5500;INTARIAN_PEPPER_ROOT;12815;15;12812;17;;;12831;14;12835;9;;;12823.0;0.0
yf_ZC=F_d7;5600;ASH_COATED_OSMIUM;9918;8;9915;17;;;9924;21;9928;31;;;9921.0;0.0
yf_ZC=F_d7;5600;INTARIAN_PEPPER_ROOT;12822;5;12818;19;;;12828;17;12830;19;;;12825.0;0.0
yf_ZC=F_d7;5700;ASH_COATED_OSMIUM;9919;10;9917;8;;;9925;8;9929;15;;;9922.0;0.0
yf_ZC=F_d7;5700;INTARIAN_PEPPER_ROOT;12823;19;12820;24;;;12829;5;12833;14;;;12826.0;0.0
yf_ZC=F_d7;5800;ASH_COATED_OSMIUM;9918;13;9914;14;;;9924;8;9927;24;;;9921.0;0.0
yf_ZC=F_d7;5800;INTARIAN_PEPPER_ROOT;12816;17;12813;9;;;12841;9;12844;12;;;12828.5;0.0
yf_ZC=F_d7;5900;ASH_COATED_OSMIUM;9910;14;9907;17;;;9931;10;9935;22;;;9920.5;0.0
yf_ZC=F_d7;5900;INTARIAN_PEPPER_ROOT;12827;20;12823;23;;;12833;14;12837;25;;;12830.0;0.0
yf_ZC=F_d7;6000;ASH_COATED_OSMIUM;9919;22;9915;15;;;9925;5;9927;15;;;9922.0;0.0
yf_ZC=F_d7;6000;INTARIAN_PEPPER_ROOT;12828;18;12824;26;;;12834;18;12837;26;;;12831.0;0.0
yf_ZC=F_d7;6100;ASH_COATED_OSMIUM;9919;5;9916;17;;;9925;16;9928;19;;;9922.0;0.0
yf_ZC=F_d7;6100;INTARIAN_PEPPER_ROOT;12830;5;12828;20;;;12836;7;12840;16;;;12833.0;0.0
yf_ZC=F_d7;6200;ASH_COATED_OSMIUM;9918;22;9914;20;;;9924;12;9926;20;;;9921.0;0.0
yf_ZC=F_d7;6200;INTARIAN_PEPPER_ROOT;12831;11;12828;17;;;12837;12;12839;13;;;12834.0;0.0
yf_ZC=F_d7;6300;ASH_COATED_OSMIUM;9918;21;9915;20;;;9926;20;9929;26;;;9922.0;0.0
yf_ZC=F_d7;6300;INTARIAN_PEPPER_ROOT;12827;8;12824;11;;;12844;11;12846;16;;;12835.5;0.0
yf_ZC=F_d7;6400;ASH_COATED_OSMIUM;9919;13;9915;26;;;9925;13;9929;13;;;9922.0;0.0
yf_ZC=F_d7;6400;INTARIAN_PEPPER_ROOT;12834;14;12830;11;;;12842;19;12845;22;;;12838.0;0.0
yf_ZC=F_d7;6500;ASH_COATED_OSMIUM;9919;19;9916;25;;;9926;19;9929;25;;;9922.5;0.0
yf_ZC=F_d7;6500;INTARIAN_PEPPER_ROOT;12836;13;12832;18;;;12842;13;12845;22;;;12839.0;0.0
yf_ZC=F_d7;6600;ASH_COATED_OSMIUM;9919;15;9915;22;;;9925;15;9928;20;;;9922.0;0.0
yf_ZC=F_d7;6600;INTARIAN_PEPPER_ROOT;12837;9;12833;21;;;12843;23;12846;10;;;12840.0;0.0
yf_ZC=F_d7;6700;ASH_COATED_OSMIUM;9919;15;9917;22;;;9925;7;9929;20;;;9922.0;0.0
yf_ZC=F_d7;6700;INTARIAN_PEPPER_ROOT;12833;15;12831;16;;;12852;17;12854;24;;;12842.5;0.0
yf_ZC=F_d7;6800;ASH_COATED_OSMIUM;9919;20;9916;21;;;9925;16;9927;20;;;9922.0;0.0
yf_ZC=F_d7;6800;INTARIAN_PEPPER_ROOT;12841;18;12839;21;;;12847;17;12851;18;;;12844.0;0.0
yf_ZC=F_d7;6900;ASH_COATED_OSMIUM;9917;12;9915;17;;;9928;11;9930;18;;;9922.5;0.0
yf_ZC=F_d7;6900;INTARIAN_PEPPER_ROOT;12842;19;12839;18;;;12848;12;12850;23;;;12845.0;0.0
yf_ZC=F_d7;7000;ASH_COATED_OSMIUM;9913;6;9909;26;;;9933;17;9935;15;;;9923.0;0.0
yf_ZC=F_d7;7000;INTARIAN_PEPPER_ROOT;12838;7;12836;15;;;12855;17;12859;23;;;12846.5;0.0
yf_ZC=F_d7;7100;ASH_COATED_OSMIUM;9920;9;9918;16;;;9926;11;9929;23;;;9923.0;0.0
yf_ZC=F_d7;7100;INTARIAN_PEPPER_ROOT;12845;11;12842;20;;;12851;8;12855;26;;;12848.0;0.0
yf_ZC=F_d7;7200;ASH_COATED_OSMIUM;9920;7;9918;21;;;9926;18;9930;22;;;9923.0;0.0
yf_ZC=F_d7;7200;INTARIAN_PEPPER_ROOT;12839;17;12835;8;;;12860;19;12864;18;;;12849.5;0.0
yf_ZC=F_d7;7300;ASH_COATED_OSMIUM;9920;11;9918;26;;;9926;24;9930;20;;;9923.0;0.0
yf_ZC=F_d7;7300;INTARIAN_PEPPER_ROOT;12848;9;12845;12;;;12854;10;12857;15;;;12851.0;0.0
yf_ZC=F_d7;7400;ASH_COATED_OSMIUM;9919;13;9915;13;;;9927;19;9931;22;;;9923.0;0.0
yf_ZC=F_d7;7400;INTARIAN_PEPPER_ROOT;12850;21;12848;20;;;12856;14;12860;17;;;12853.0;0.0
yf_ZC=F_d7;7500;ASH_COATED_OSMIUM;9920;14;9917;12;;;9926;19;9929;16;;;9923.0;0.0
yf_ZC=F_d7;7500;INTARIAN_PEPPER_ROOT;12851;15;12848;24;;;12858;20;12862;24;;;12854.5;0.0
yf_ZC=F_d7;7600;ASH_COATED_OSMIUM;9920;18;9917;23;;;9926;19;9929;14;;;9923.0;0.0
yf_ZC=F_d7;7600;INTARIAN_PEPPER_ROOT;12853;22;12849;18;;;12859;12;12863;18;;;12856.0;0.0
yf_ZC=F_d7;7700;ASH_COATED_OSMIUM;9915;15;9913;24;;;9932;12;9934;15;;;9923.5;0.0
yf_ZC=F_d7;7700;INTARIAN_PEPPER_ROOT;12855;9;12852;19;;;12861;8;12863;19;;;12858.0;0.0
yf_ZC=F_d7;7800;ASH_COATED_OSMIUM;9920;6;9918;20;;;9926;19;9930;13;;;9923.0;0.0
yf_ZC=F_d7;7800;INTARIAN_PEPPER_ROOT;12845;12;12841;24;;;12873;15;12876;18;;;12859.0;0.0
yf_ZC=F_d7;7900;ASH_COATED_OSMIUM;9914;14;9912;24;;;9933;9;9935;30;;;9923.5;0.0
yf_ZC=F_d7;7900;INTARIAN_PEPPER_ROOT;12854;12;12852;23;;;12869;17;12871;28;;;12861.5;0.0
yf_ZC=F_d7;8000;ASH_COATED_OSMIUM;9913;14;9911;23;;;9934;10;9936;14;;;9923.5;0.0
yf_ZC=F_d7;8000;INTARIAN_PEPPER_ROOT;12854;15;12851;25;;;12868;21;12870;15;;;12861.0;0.0
yf_ZC=F_d7;8100;ASH_COATED_OSMIUM;9921;11;9919;18;;;9927;17;9929;20;;;9924.0;0.0
yf_ZC=F_d7;8100;INTARIAN_PEPPER_ROOT;12861;14;12858;22;;;12867;7;12870;16;;;12864.0;0.0
yf_ZC=F_d7;8200;ASH_COATED_OSMIUM;9916;14;9913;18;;;9932;17;9935;28;;;9924.0;0.0
yf_ZC=F_d7;8200;INTARIAN_PEPPER_ROOT;12860;15;12858;19;;;12871;18;12875;15;;;12865.5;0.0
yf_ZC=F_d7;8300;ASH_COATED_OSMIUM;9922;15;9920;22;;;9928;18;9930;27;;;9925.0;0.0
yf_ZC=F_d7;8300;INTARIAN_PEPPER_ROOT;12864;18;12860;13;;;12870;11;12874;23;;;12867.0;0.0
yf_ZC=F_d7;8400;ASH_COATED_OSMIUM;9921;19;9918;17;;;9927;21;9931;20;;;9924.0;0.0
yf_ZC=F_d7;8400;INTARIAN_PEPPER_ROOT;12866;8;12863;12;;;12872;15;12875;22;;;12869.0;0.0
yf_ZC=F_d7;8500;ASH_COATED_OSMIUM;9919;14;9916;23;;;9928;10;9930;30;;;9923.5;0.0
yf_ZC=F_d7;8500;INTARIAN_PEPPER_ROOT;12867;20;12864;17;;;12873;16;12876;27;;;12870.0;0.0
yf_ZC=F_d7;8600;ASH_COATED_OSMIUM;9918;5;9914;22;;;9930;19;9932;23;;;9924.0;0.0
yf_ZC=F_d7;8600;INTARIAN_PEPPER_ROOT;12869;22;12865;17;;;12875;16;12878;20;;;12872.0;0.0
yf_ZC=F_d7;8700;ASH_COATED_OSMIUM;9916;19;9914;20;;;9932;13;9934;20;;;9924.0;0.0
yf_ZC=F_d7;8700;INTARIAN_PEPPER_ROOT;12867;14;12864;20;;;12880;15;12884;23;;;12873.5;0.0
yf_ZC=F_d7;8800;ASH_COATED_OSMIUM;9919;17;9916;22;;;9930;14;9933;14;;;9924.5;0.0
yf_ZC=F_d7;8800;INTARIAN_PEPPER_ROOT;12872;18;12870;20;;;12878;20;12881;22;;;12875.0;0.0
yf_ZC=F_d7;8900;ASH_COATED_OSMIUM;9921;17;9919;17;;;9927;12;9931;21;;;9924.0;0.0
yf_ZC=F_d7;8900;INTARIAN_PEPPER_ROOT;12873;13;12871;20;;;12879;5;12882;19;;;12876.0;0.0
yf_ZC=F_d7;9000;ASH_COATED_OSMIUM;9919;22;9917;21;;;9931;19;9933;18;;;9925.0;0.0
yf_ZC=F_d7;9000;INTARIAN_PEPPER_ROOT;12874;20;12870;24;;;12881;23;12883;27;;;12877.5;0.0
yf_ZC=F_d7;9100;ASH_COATED_OSMIUM;9917;16;9915;8;;;9933;9;9935;13;;;9925.0;0.0
yf_ZC=F_d7;9100;INTARIAN_PEPPER_ROOT;12876;10;12872;10;;;12882;15;12886;27;;;12879.0;0.0
yf_ZC=F_d7;9200;ASH_COATED_OSMIUM;9922;8;9920;21;;;9928;19;9930;34;;;9925.0;0.0
yf_ZC=F_d7;9200;INTARIAN_PEPPER_ROOT;12878;12;12874;19;;;12884;9;12886;28;;;12881.0;0.0
yf_ZC=F_d7;9300;ASH_COATED_OSMIUM;9913;12;9909;21;;;9937;16;9939;19;;;9925.0;0.0
yf_ZC=F_d7;9300;INTARIAN_PEPPER_ROOT;12879;13;12876;20;;;12885;19;12888;8;;;12882.0;0.0
yf_ZC=F_d7;9400;ASH_COATED_OSMIUM;9922;19;9918;27;;;9928;20;9931;14;;;9925.0;0.0
yf_ZC=F_d7;9400;INTARIAN_PEPPER_ROOT;12878;8;12874;11;;;12889;18;12891;22;;;12883.5;0.0
yf_ZC=F_d7;9500;ASH_COATED_OSMIUM;9922;10;9920;17;;;9928;19;9931;18;;;9925.0;0.0
yf_ZC=F_d7;9500;INTARIAN_PEPPER_ROOT;12882;13;12879;19;;;12888;13;12890;22;;;12885.0;0.0
yf_ZC=F_d7;9600;ASH_COATED_OSMIUM;9922;14;9918;26;;;9928;11;9930;28;;;9925.0;0.0
yf_ZC=F_d7;9600;INTARIAN_PEPPER_ROOT;12884;7;12882;16;;;12890;7;12893;22;;;12887.0;0.0
yf_ZC=F_d7;9700;ASH_COATED_OSMIUM;9920;20;9918;20;;;9931;23;9934;24;;;9925.5;0.0
yf_ZC=F_d7;9700;INTARIAN_PEPPER_ROOT;12879;10;12877;9;;;12897;18;12899;24;;;12888.0;0.0
yf_ZC=F_d7;9800;ASH_COATED_OSMIUM;9918;15;9915;19;;;9933;5;9935;25;;;9925.5;0.0
yf_ZC=F_d7;9800;INTARIAN_PEPPER_ROOT;12887;19;12883;21;;;12893;12;12897;19;;;12890.0;0.0
yf_ZC=F_d7;9900;ASH_COATED_OSMIUM;9922;14;9919;14;;;9928;18;9930;20;;;9925.0;0.0
yf_ZC=F_d7;9900;INTARIAN_PEPPER_ROOT;12883;20;12881;26;;;12900;18;12904;22;;;12891.5;0.0
yf_ZC=F_d7;10000;ASH_COATED_OSMIUM;9923;13;9921;21;;;9929;8;9933;26;;;9926.0;0.0
yf_ZC=F_d7;10000;INTARIAN_PEPPER_ROOT;12879;15;12877;20;;;12907;15;12909;28;;;12893.0;0.0
yf_ZC=F_d7;10100;ASH_COATED_OSMIUM;9919;9;9915;15;;;9932;12;9935;22;;;9925.5;0.0
yf_ZC=F_d7;10100;INTARIAN_PEPPER_ROOT;12892;18;12889;16;;;12898;14;12901;21;;;12895.0;0.0
yf_ZC=F_d7;10200;ASH_COATED_OSMIUM;9923;18;9920;19;;;9929;6;9931;18;;;9926.0;0.0
yf_ZC=F_d7;10200;INTARIAN_PEPPER_ROOT;12893;8;12890;18;;;12899;8;12902;17;;;12896.0;0.0
yf_ZC=F_d7;10300;ASH_COATED_OSMIUM;9923;12;9920;14;;;9929;13;9932;19;;;9926.0;0.0
yf_ZC=F_d7;10300;INTARIAN_PEPPER_ROOT;12894;17;12891;21;;;12900;15;12904;16;;;12897.0;0.0
yf_ZC=F_d7;10400;ASH_COATED_OSMIUM;9921;10;9917;29;;;9931;20;9933;18;;;9926.0;0.0
yf_ZC=F_d7;10400;INTARIAN_PEPPER_ROOT;12895;14;12892;13;;;12903;14;12907;17;;;12899.0;0.0
yf_ZC=F_d7;10500;ASH_COATED_OSMIUM;9916;15;9913;22;;;9936;13;9938;20;;;9926.0;0.0
yf_ZC=F_d7;10500;INTARIAN_PEPPER_ROOT;12898;8;12896;16;;;12904;8;12906;17;;;12901.0;0.0
yf_ZC=F_d7;10600;ASH_COATED_OSMIUM;9923;12;9920;10;;;9929;14;9933;25;;;9926.0;0.0
yf_ZC=F_d7;10600;INTARIAN_PEPPER_ROOT;12900;17;12898;23;;;12906;19;12910;16;;;12903.0;0.0
yf_ZC=F_d7;10700;ASH_COATED_OSMIUM;9923;8;9920;21;;;9929;12;9932;21;;;9926.0;0.0
yf_ZC=F_d7;10700;INTARIAN_PEPPER_ROOT;12898;16;12896;19;;;12911;7;12913;20;;;12904.5;0.0
yf_ZC=F_d7;10800;ASH_COATED_OSMIUM;9923;18;9920;8;;;9929;5;9932;19;;;9926.0;0.0
yf_ZC=F_d7;10800;INTARIAN_PEPPER_ROOT;12902;6;12900;19;;;12908;17;12911;12;;;12905.0;0.0
yf_ZC=F_d7;10900;ASH_COATED_OSMIUM;9919;9;9917;18;;;9933;16;9935;17;;;9926.0;0.0
yf_ZC=F_d7;10900;INTARIAN_PEPPER_ROOT;12902;11;12898;24;;;12911;14;12914;17;;;12906.5;0.0
yf_ZC=F_d7;11000;ASH_COATED_OSMIUM;9923;14;9920;23;;;9929;16;9932;20;;;9926.0;0.0
yf_ZC=F_d7;11000;INTARIAN_PEPPER_ROOT;12905;18;12902;8;;;12911;14;12914;22;;;12908.0;0.0
yf_ZC=F_d7;11100;ASH_COATED_OSMIUM;9924;5;9921;15;;;9930;22;9934;21;;;9927.0;0.0
yf_ZC=F_d7;11100;INTARIAN_PEPPER_ROOT;12904;13;12901;17;;;12917;20;12920;13;;;12910.5;0.0
yf_ZC=F_d7;11200;ASH_COATED_OSMIUM;9923;18;9919;15;;;9930;10;9933;8;;;9926.5;0.0
yf_ZC=F_d7;11200;INTARIAN_PEPPER_ROOT;12905;14;12902;17;;;12918;20;12922;22;;;12911.5;0.0
yf_ZC=F_d7;11300;ASH_COATED_OSMIUM;9924;16;9920;9;;;9930;9;9933;25;;;9927.0;0.0
yf_ZC=F_d7;11300;INTARIAN_PEPPER_ROOT;12909;11;12905;29;;;12917;15;12920;16;;;12913.0;0.0
yf_ZC=F_d7;11400;ASH_COATED_OSMIUM;9904;12;9900;30;;;9951;5;9954;11;;;9927.5;0.0
yf_ZC=F_d7;11400;INTARIAN_PEPPER_ROOT;12912;7;12909;22;;;12918;24;12921;16;;;12915.0;0.0
yf_ZC=F_d7;11500;ASH_COATED_OSMIUM;9924;8;9922;26;;;9930;18;9932;20;;;9927.0;0.0
yf_ZC=F_d7;11500;INTARIAN_PEPPER_ROOT;12909;10;12905;23;;;12923;15;12926;16;;;12916.0;0.0
yf_ZC=F_d7;11600;ASH_COATED_OSMIUM;9916;13;9913;18;;;9938;5;9940;23;;;9927.0;0.0
yf_ZC=F_d7;11600;INTARIAN_PEPPER_ROOT;12915;23;12912;26;;;12921;14;12924;25;;;12918.0;0.0
yf_ZC=F_d7;11700;ASH_COATED_OSMIUM;9919;13;9915;19;;;9936;11;9939;21;;;9927.5;0.0
yf_ZC=F_d7;11700;INTARIAN_PEPPER_ROOT;12916;17;12913;32;;;12922;16;12926;12;;;12919.0;0.0
yf_ZC=F_d7;11800;ASH_COATED_OSMIUM;9925;18;9923;26;;;9931;25;9933;15;;;9928.0;0.0
yf_ZC=F_d7;11800;INTARIAN_PEPPER_ROOT;12917;5;12914;21;;;12923;5;12925;22;;;12920.0;0.0
yf_ZC=F_d7;11900;ASH_COATED_OSMIUM;9925;10;9923;21;;;9931;11;9935;20;;;9928.0;0.0
yf_ZC=F_d7;11900;INTARIAN_PEPPER_ROOT;12917;18;12915;21;;;12926;18;12929;19;;;12921.5;0.0
yf_ZC=F_d7;12000;ASH_COATED_OSMIUM;9918;13;9914;21;;;9938;12;9942;27;;;9928.0;0.0
yf_ZC=F_d7;12000;INTARIAN_PEPPER_ROOT;12921;15;12919;27;;;12927;20;12929;19;;;12924.0;0.0
yf_ZC=F_d7;12100;ASH_COATED_OSMIUM;9925;21;9922;8;;;9931;17;9934;25;;;9928.0;0.0
yf_ZC=F_d7;12100;INTARIAN_PEPPER_ROOT;12920;10;12916;11;;;12932;11;12934;21;;;12926.0;0.0
yf_ZC=F_d7;12200;ASH_COATED_OSMIUM;9925;8;9921;19;;;9931;23;9933;12;;;9928.0;0.0
yf_ZC=F_d7;12200;INTARIAN_PEPPER_ROOT;12924;6;12921;30;;;12930;17;12934;25;;;12927.0;0.0
yf_ZC=F_d7;12300;ASH_COATED_OSMIUM;9925;12;9923;15;;;9931;16;9933;21;;;9928.0;0.0
yf_ZC=F_d7;12300;INTARIAN_PEPPER_ROOT;12920;12;12916;23;;;12936;20;12940;29;;;12928.0;0.0
yf_ZC=F_d7;12400;ASH_COATED_OSMIUM;9925;11;9921;16;;;9931;13;9934;23;;;9928.0;0.0
yf_ZC=F_d7;12400;INTARIAN_PEPPER_ROOT;12927;19;12925;15;;;12933;11;12937;16;;;12930.0;0.0
yf_ZC=F_d7;12500;ASH_COATED_OSMIUM;9925;15;9922;25;;;9931;15;9934;28;;;9928.0;0.0
yf_ZC=F_d7;12500;INTARIAN_PEPPER_ROOT;12928;18;12926;11;;;12934;16;12936;25;;;12931.0;0.0
yf_ZC=F_d7;12600;ASH_COATED_OSMIUM;9925;6;9923;18;;;9931;12;9933;22;;;9928.0;0.0
yf_ZC=F_d7;12600;INTARIAN_PEPPER_ROOT;12930;22;12926;17;;;12937;15;12941;25;;;12933.5;0.0
yf_ZC=F_d7;12700;ASH_COATED_OSMIUM;9926;17;9924;27;;;9932;22;9934;24;;;9929.0;0.0
yf_ZC=F_d7;12700;INTARIAN_PEPPER_ROOT;12929;29;12925;19;;;12939;24;12943;13;;;12934.0;0.0
yf_ZC=F_d7;12800;ASH_COATED_OSMIUM;9926;15;9924;14;;;9932;26;9934;30;;;9929.0;0.0
yf_ZC=F_d7;12800;INTARIAN_PEPPER_ROOT;12922;16;12920;24;;;12950;14;12954;24;;;12936.0;0.0
yf_ZC=F_d7;12900;ASH_COATED_OSMIUM;9926;11;9923;19;;;9932;13;9936;23;;;9929.0;0.0
yf_ZC=F_d7;12900;INTARIAN_PEPPER_ROOT;12935;12;12933;21;;;12941;19;12944;18;;;12938.0;0.0
yf_ZC=F_d7;13000;ASH_COATED_OSMIUM;9926;12;9924;16;;;9932;14;9935;19;;;9929.0;0.0
yf_ZC=F_d7;13000;INTARIAN_PEPPER_ROOT;12935;10;12933;16;;;12945;19;12949;21;;;12940.0;0.0
yf_ZC=F_d7;13100;ASH_COATED_OSMIUM;9925;18;9921;17;;;9931;9;9935;16;;;9928.0;0.0
yf_ZC=F_d7;13100;INTARIAN_PEPPER_ROOT;12934;15;12931;23;;;12948;16;12950;26;;;12941.0;0.0
yf_ZC=F_d7;13200;ASH_COATED_OSMIUM;9926;14;9924;21;;;9932;11;9934;28;;;9929.0;0.0
yf_ZC=F_d7;13200;INTARIAN_PEPPER_ROOT;12937;15;12933;21;;;12948;8;12950;16;;;12942.5;0.0
yf_ZC=F_d7;13300;ASH_COATED_OSMIUM;9925;17;9922;23;;;9931;19;9934;22;;;9928.0;0.0
yf_ZC=F_d7;13300;INTARIAN_PEPPER_ROOT;12941;15;12937;28;;;12947;16;12951;18;;;12944.0;0.0
yf_ZC=F_d7;13400;ASH_COATED_OSMIUM;9926;21;9922;22;;;9932;8;9934;17;;;9929.0;0.0
yf_ZC=F_d7;13400;INTARIAN_PEPPER_ROOT;12942;19;12940;25;;;12948;18;12952;17;;;12945.0;0.0
yf_ZC=F_d7;13500;ASH_COATED_OSMIUM;9926;11;9923;24;;;9932;26;9936;28;;;9929.0;0.0
yf_ZC=F_d7;13500;INTARIAN_PEPPER_ROOT;12944;24;12942;17;;;12950;15;12952;24;;;12947.0;0.0
yf_ZC=F_d7;13600;ASH_COATED_OSMIUM;9927;18;9923;19;;;9933;19;9936;20;;;9930.0;0.0
yf_ZC=F_d7;13600;INTARIAN_PEPPER_ROOT;12946;16;12942;12;;;12952;22;12954;22;;;12949.0;0.0
yf_ZC=F_d7;13700;ASH_COATED_OSMIUM;9921;14;9918;28;;;9937;18;9939;25;;;9929.0;0.0
yf_ZC=F_d7;13700;INTARIAN_PEPPER_ROOT;12945;16;12943;35;;;12954;16;12957;17;;;12949.5;0.0
yf_ZC=F_d7;13800;ASH_COATED_OSMIUM;9927;14;9924;21;;;9933;15;9935;15;;;9930.0;0.0
yf_ZC=F_d7;13800;INTARIAN_PEPPER_ROOT;12944;7;12940;14;;;12960;8;12963;23;;;12952.0;0.0
yf_ZC=F_d7;13900;ASH_COATED_OSMIUM;9927;22;9924;16;;;9933;8;9935;22;;;9930.0;0.0
yf_ZC=F_d7;13900;INTARIAN_PEPPER_ROOT;12950;20;12948;28;;;12956;23;12958;28;;;12953.0;0.0
yf_ZC=F_d7;14000;ASH_COATED_OSMIUM;9927;19;9925;22;;;9933;15;9936;24;;;9930.0;0.0
yf_ZC=F_d7;14000;INTARIAN_PEPPER_ROOT;12945;10;12943;27;;;12963;14;12966;19;;;12954.0;0.0
yf_ZC=F_d7;14100;ASH_COATED_OSMIUM;9923;8;9920;27;;;9937;27;9939;19;;;9930.0;0.0
yf_ZC=F_d7;14100;INTARIAN_PEPPER_ROOT;12950;13;12948;22;;;12962;17;12964;22;;;12956.0;0.0
yf_ZC=F_d7;14200;ASH_COATED_OSMIUM;9915;20;9911;20;;;9943;15;9947;16;;;9929.0;0.0
yf_ZC=F_d7;14200;INTARIAN_PEPPER_ROOT;12949;17;12947;21;;;12968;18;12972;28;;;12958.5;0.0
yf_ZC=F_d7;14300;ASH_COATED_OSMIUM;9920;11;9916;22;;;9938;8;9940;29;;;9929.0;0.0
yf_ZC=F_d7;14300;INTARIAN_PEPPER_ROOT;12956;10;12953;21;;;12962;15;12964;15;;;12959.0;0.0
yf_ZC=F_d7;14400;ASH_COATED_OSMIUM;9927;17;9923;21;;;9933;22;9937;24;;;9930.0;0.0
yf_ZC=F_d7;14400;INTARIAN_PEPPER_ROOT;12952;16;12950;13;;;12970;21;12974;17;;;12961.0;0.0
yf_ZC=F_d7;14500;ASH_COATED_OSMIUM;9926;20;9923;32;;;9934;17;9936;21;;;9930.0;0.0
yf_ZC=F_d7;14500;INTARIAN_PEPPER_ROOT;12959;13;12956;21;;;12965;9;12968;24;;;12962.0;0.0
yf_ZC=F_d7;14600;ASH_COATED_OSMIUM;9927;16;9925;14;;;9933;21;9935;20;;;9930.0;0.0
yf_ZC=F_d7;14600;INTARIAN_PEPPER_ROOT;12959;12;12957;17;;;12968;22;12970;23;;;12963.5;0.0
yf_ZC=F_d7;14700;ASH_COATED_OSMIUM;9914;9;9911;26;;;9946;18;9949;18;;;9930.0;0.0
yf_ZC=F_d7;14700;INTARIAN_PEPPER_ROOT;12962;15;12958;21;;;12968;17;12972;10;;;12965.0;0.0
yf_ZC=F_d7;14800;ASH_COATED_OSMIUM;9925;24;9922;9;;;9935;20;9939;11;;;9930.0;0.0
yf_ZC=F_d7;14800;INTARIAN_PEPPER_ROOT;12952;12;12949;23;;;12983;11;12986;24;;;12967.5;0.0
yf_ZC=F_d7;14900;ASH_COATED_OSMIUM;9927;20;9923;10;;;9933;21;9937;20;;;9930.0;0.0
yf_ZC=F_d7;14900;INTARIAN_PEPPER_ROOT;12955;14;12951;19;;;12983;19;12986;22;;;12969.0;0.0
yf_ZC=F_d7;15000;ASH_COATED_OSMIUM;9928;8;9926;24;;;9934;16;9936;15;;;9931.0;0.0
yf_ZC=F_d7;15000;INTARIAN_PEPPER_ROOT;12967;18;12965;21;;;12973;19;12977;17;;;12970.0;0.0
yf_ZC=F_d7;15100;ASH_COATED_OSMIUM;9927;13;9924;29;;;9934;19;9936;21;;;9930.5;0.0
yf_ZC=F_d7;15100;INTARIAN_PEPPER_ROOT;12969;13;12965;19;;;12975;17;12978;26;;;12972.0;0.0
yf_ZC=F_d7;15200;ASH_COATED_OSMIUM;9928;25;9924;11;;;9934;7;9938;9;;;9931.0;0.0
yf_ZC=F_d7;15200;INTARIAN_PEPPER_ROOT;12970;13;12967;8;;;12976;23;12978;16;;;12973.0;0.0
yf_ZC=F_d7;15300;ASH_COATED_OSMIUM;9928;16;9924;15;;;9934;13;9936;21;;;9931.0;0.0
yf_ZC=F_d7;15300;INTARIAN_PEPPER_ROOT;12971;18;12968;15;;;12977;14;12981;18;;;12974.0;0.0
yf_ZC=F_d7;15400;ASH_COATED_OSMIUM;9928;13;9926;21;;;9934;12;9937;11;;;9931.0;0.0
yf_ZC=F_d7;15400;INTARIAN_PEPPER_ROOT;12966;20;12964;25;;;12987;9;12990;24;;;12976.5;0.0
yf_ZC=F_d7;15500;ASH_COATED_OSMIUM;9928;23;9926;16;;;9934;15;9936;15;;;9931.0;0.0
yf_ZC=F_d7;15500;INTARIAN_PEPPER_ROOT;12975;16;12972;15;;;12981;11;12983;10;;;12978.0;0.0
yf_ZC=F_d7;15600;ASH_COATED_OSMIUM;9928;17;9924;23;;;9934;23;9938;17;;;9931.0;0.0
yf_ZC=F_d7;15600;INTARIAN_PEPPER_ROOT;12971;15;12967;17;;;12988;16;12990;21;;;12979.5;0.0
yf_ZC=F_d7;15700;ASH_COATED_OSMIUM;9928;12;9926;21;;;9934;18;9936;15;;;9931.0;0.0
yf_ZC=F_d7;15700;INTARIAN_PEPPER_ROOT;12978;5;12974;21;;;12984;22;12986;19;;;12981.0;0.0
yf_ZC=F_d7;15800;ASH_COATED_OSMIUM;9927;19;9924;19;;;9935;16;9939;21;;;9931.0;0.0
yf_ZC=F_d7;15800;INTARIAN_PEPPER_ROOT;12979;20;12976;27;;;12985;20;12988;18;;;12982.0;0.0
yf_ZC=F_d7;15900;ASH_COATED_OSMIUM;9929;15;9927;15;;;9935;10;9937;20;;;9932.0;0.0
yf_ZC=F_d7;15900;INTARIAN_PEPPER_ROOT;12980;11;12976;16;;;12988;23;12990;19;;;12984.0;0.0
yf_ZC=F_d7;16000;ASH_COATED_OSMIUM;9926;19;9922;20;;;9938;24;9940;20;;;9932.0;0.0
yf_ZC=F_d7;16000;INTARIAN_PEPPER_ROOT;12983;15;12980;29;;;12989;5;12992;18;;;12986.0;0.0
yf_ZC=F_d7;16100;ASH_COATED_OSMIUM;9928;11;9924;13;;;9934;10;9936;15;;;9931.0;0.0
yf_ZC=F_d7;16100;INTARIAN_PEPPER_ROOT;12984;15;12981;21;;;12990;13;12994;20;;;12987.0;0.0
yf_ZC=F_d7;16200;ASH_COATED_OSMIUM;9929;19;9926;8;;;9935;12;9937;21;;;9932.0;0.0
yf_ZC=F_d7;16200;INTARIAN_PEPPER_ROOT;12982;17;12980;15;;;12995;23;12998;25;;;12988.5;0.0
yf_ZC=F_d7;16300;ASH_COATED_OSMIUM;9925;14;9921;14;;;9938;7;9941;22;;;9931.5;0.0
yf_ZC=F_d7;16300;INTARIAN_PEPPER_ROOT;12987;13;12984;25;;;12993;21;12996;21;;;12990.0;0.0
yf_ZC=F_d7;16400;ASH_COATED_OSMIUM;9928;7;9924;23;;;9935;11;9939;11;;;9931.5;0.0
yf_ZC=F_d7;16400;INTARIAN_PEPPER_ROOT;12983;16;12979;16;;;13001;21;13004;18;;;12992.0;0.0
yf_ZC=F_d7;16500;ASH_COATED_OSMIUM;9929;17;9927;20;;;9935;17;9939;24;;;9932.0;0.0
yf_ZC=F_d7;16500;INTARIAN_PEPPER_ROOT;12982;9;12978;12;;;13004;9;13007;14;;;12993.0;0.0
yf_ZC=F_d7;16600;ASH_COATED_OSMIUM;9929;17;9925;27;;;9935;10;9938;12;;;9932.0;0.0
yf_ZC=F_d7;16600;INTARIAN_PEPPER_ROOT;12988;9;12986;20;;;13001;17;13005;22;;;12994.5;0.0
yf_ZC=F_d7;16700;ASH_COATED_OSMIUM;9929;8;9925;21;;;9935;15;9939;19;;;9932.0;0.0
yf_ZC=F_d7;16700;INTARIAN_PEPPER_ROOT;12992;16;12990;15;;;13001;8;13005;20;;;12996.5;0.0
yf_ZC=F_d7;16800;ASH_COATED_OSMIUM;9930;27;9926;13;;;9936;23;9940;22;;;9933.0;0.0
yf_ZC=F_d7;16800;INTARIAN_PEPPER_ROOT;12995;12;12992;16;;;13001;18;13003;15;;;12998.0;0.0
yf_ZC=F_d7;16900;ASH_COATED_OSMIUM;9918;10;9915;16;;;9947;15;9949;15;;;9932.5;0.0
yf_ZC=F_d7;16900;INTARIAN_PEPPER_ROOT;12997;7;12993;20;;;13003;22;13005;27;;;13000.0;0.0
yf_ZC=F_d7;17000;ASH_COATED_OSMIUM;9929;9;9925;17;;;9935;17;9937;19;;;9932.0;0.0
yf_ZC=F_d7;17000;INTARIAN_PEPPER_ROOT;12986;10;12984;18;;;13013;5;13017;23;;;12999.5;0.0
yf_ZC=F_d7;17100;ASH_COATED_OSMIUM;9930;7;9926;13;;;9936;14;9938;21;;;9933.0;0.0
yf_ZC=F_d7;17100;INTARIAN_PEPPER_ROOT;12992;15;12989;16;;;13006;17;13010;18;;;12999.0;0.0
yf_ZC=F_d7;17200;ASH_COATED_OSMIUM;9927;16;9924;24;;;9938;11;9942;28;;;9932.5;0.0
yf_ZC=F_d7;17200;INTARIAN_PEPPER_ROOT;12995;18;12991;25;;;13001;16;13003;24;;;12998.0;0.0
yf_ZC=F_d7;17300;ASH_COATED_OSMIUM;9929;8;9926;24;;;9935;6;9938;23;;;9932.0;0.0
yf_ZC=F_d7;17300;INTARIAN_PEPPER_ROOT;12983;10;12981;19;;;13009;23;13013;22;;;12996.0;0.0
yf_ZC=F_d7;17400;ASH_COATED_OSMIUM;9928;10;9924;23;;;9938;12;9941;17;;;9933.0;0.0
yf_ZC=F_d7;17400;INTARIAN_PEPPER_ROOT;12992;24;12989;15;;;12998;18;13000;22;;;12995.0;0.0
yf_ZC=F_d7;17500;ASH_COATED_OSMIUM;9927;13;9923;20;;;9938;9;9940;21;;;9932.5;0.0
yf_ZC=F_d7;17500;INTARIAN_PEPPER_ROOT;12988;15;12984;25;;;12999;15;13001;14;;;12993.5;0.0
yf_ZC=F_d7;17600;ASH_COATED_OSMIUM;9930;12;9926;20;;;9936;21;9939;19;;;9933.0;0.0
yf_ZC=F_d7;17600;INTARIAN_PEPPER_ROOT;12990;12;12986;21;;;12996;19;12999;21;;;12993.0;0.0
yf_ZC=F_d7;17700;ASH_COATED_OSMIUM;9927;26;9925;20;;;9937;15;9939;17;;;9932.0;0.0
yf_ZC=F_d7;17700;INTARIAN_PEPPER_ROOT;12983;12;12980;10;;;12999;13;13001;22;;;12991.0;0.0
yf_ZC=F_d7;17800;ASH_COATED_OSMIUM;9929;20;9927;22;;;9936;19;9940;28;;;9932.5;0.0
yf_ZC=F_d7;17800;INTARIAN_PEPPER_ROOT;12987;5;12984;15;;;12993;16;12995;22;;;12990.0;0.0
yf_ZC=F_d7;17900;ASH_COATED_OSMIUM;9929;22;9926;20;;;9935;26;9937;15;;;9932.0;0.0
yf_ZC=F_d7;17900;INTARIAN_PEPPER_ROOT;12986;14;12983;17;;;12992;13;12996;35;;;12989.0;0.0
yf_ZC=F_d7;18000;ASH_COATED_OSMIUM;9926;14;9922;19;;;9939;14;9941;24;;;9932.5;0.0
yf_ZC=F_d7;18000;INTARIAN_PEPPER_ROOT;12983;15;12979;22;;;12993;18;12996;12;;;12988.0;0.0
yf_ZC=F_d7;18100;ASH_COATED_OSMIUM;9927;16;9923;11;;;9938;15;9940;22;;;9932.5;0.0
yf_ZC=F_d7;18100;INTARIAN_PEPPER_ROOT;12981;9;12979;19;;;12991;11;12993;19;;;12986.0;0.0
yf_ZC=F_d7;18200;ASH_COATED_OSMIUM;9929;12;9927;19;;;9935;14;9937;13;;;9932.0;0.0
yf_ZC=F_d7;18200;INTARIAN_PEPPER_ROOT;12982;8;12978;17;;;12988;15;12991;25;;;12985.0;0.0
yf_ZC=F_d7;18300;ASH_COATED_OSMIUM;9923;13;9919;19;;;9941;19;9945;25;;;9932.0;0.0
yf_ZC=F_d7;18300;INTARIAN_PEPPER_ROOT;12981;20;12977;19;;;12987;15;12991;15;;;12984.0;0.0
yf_ZC=F_d7;18400;ASH_COATED_OSMIUM;9929;20;9927;18;;;9935;13;9939;24;;;9932.0;0.0
yf_ZC=F_d7;18400;INTARIAN_PEPPER_ROOT;12980;11;12978;19;;;12986;21;12989;10;;;12983.0;0.0
yf_ZC=F_d7;18500;ASH_COATED_OSMIUM;9929;18;9926;26;;;9935;17;9937;19;;;9932.0;0.0
yf_ZC=F_d7;18500;INTARIAN_PEPPER_ROOT;12975;22;12972;26;;;12988;13;12992;21;;;12981.5;0.0
yf_ZC=F_d7;18600;ASH_COATED_OSMIUM;9929;15;9927;12;;;9935;15;9938;25;;;9932.0;0.0
yf_ZC=F_d7;18600;INTARIAN_PEPPER_ROOT;12977;13;12974;22;;;12983;6;12986;14;;;12980.0;0.0
yf_ZC=F_d7;18700;ASH_COATED_OSMIUM;9929;10;9927;21;;;9935;13;9938;15;;;9932.0;0.0
yf_ZC=F_d7;18700;INTARIAN_PEPPER_ROOT;12976;24;12973;20;;;12982;14;12985;23;;;12979.0;0.0
yf_ZC=F_d7;18800;ASH_COATED_OSMIUM;9929;13;9925;23;;;9935;12;9938;14;;;9932.0;0.0
yf_ZC=F_d7;18800;INTARIAN_PEPPER_ROOT;12975;12;12971;15;;;12981;19;12985;18;;;12978.0;0.0
yf_ZC=F_d7;18900;ASH_COATED_OSMIUM;9926;20;9923;27;;;9938;11;9942;17;;;9932.0;0.0
yf_ZC=F_d7;18900;INTARIAN_PEPPER_ROOT;12974;13;12971;19;;;12980;10;12984;17;;;12977.0;0.0
yf_ZC=F_d7;19000;ASH_COATED_OSMIUM;9920;17;9916;18;;;9944;8;9947;13;;;9932.0;0.0
yf_ZC=F_d7;19000;INTARIAN_PEPPER_ROOT;12973;15;12970;19;;;12979;12;12981;20;;;12976.0;0.0
yf_ZC=F_d7;19100;ASH_COATED_OSMIUM;9929;10;9926;21;;;9935;16;9937;19;;;9932.0;0.0
yf_ZC=F_d7;19100;INTARIAN_PEPPER_ROOT;12966;17;12963;21;;;12983;14;12985;15;;;12974.5;0.0
yf_ZC=F_d7;19200;ASH_COATED_OSMIUM;9929;16;9927;17;;;9935;11;9938;22;;;9932.0;0.0
yf_ZC=F_d7;19200;INTARIAN_PEPPER_ROOT;12970;19;12968;14;;;12976;11;12980;11;;;12973.0;0.0
yf_ZC=F_d7;19300;ASH_COATED_OSMIUM;9927;28;9924;25;;;9936;20;9938;18;;;9931.5;0.0
yf_ZC=F_d7;19300;INTARIAN_PEPPER_ROOT;12968;9;12966;19;;;12976;21;12978;18;;;12972.0;0.0
yf_ZC=F_d7;19400;ASH_COATED_OSMIUM;9922;13;9919;9;;;9941;12;9944;24;;;9931.5;0.0
yf_ZC=F_d7;19400;INTARIAN_PEPPER_ROOT;12961;19;12959;29;;;12979;8;12982;24;;;12970.0;0.0
yf_ZC=F_d7;19500;ASH_COATED_OSMIUM;9929;22;9926;8;;;9935;5;9937;15;;;9932.0;0.0
yf_ZC=F_d7;19500;INTARIAN_PEPPER_ROOT;12965;22;12962;19;;;12974;15;12977;25;;;12969.5;0.0
yf_ZC=F_d7;19600;ASH_COATED_OSMIUM;9929;14;9927;18;;;9935;17;9937;21;;;9932.0;0.0
yf_ZC=F_d7;19600;INTARIAN_PEPPER_ROOT;12962;12;12960;26;;;12974;10;12978;28;;;12968.0;0.0
yf_ZC=F_d7;19700;ASH_COATED_OSMIUM;9928;10;9924;19;;;9934;7;9938;26;;;9931.0;0.0
yf_ZC=F_d7;19700;INTARIAN_PEPPER_ROOT;12956;13;12954;9;;;12977;19;12981;13;;;12966.5;0.0
yf_ZC=F_d7;19800;ASH_COATED_OSMIUM;9929;15;9925;20;;;9935;6;9939;15;;;9932.0;0.0
yf_ZC=F_d7;19800;INTARIAN_PEPPER_ROOT;12963;17;12960;20;;;12969;13;12973;20;;;12966.0;0.0
yf_ZC=F_d7;19900;ASH_COATED_OSMIUM;9918;12;9916;17;;;9945;12;9947;22;;;9931.5;0.0
yf_ZC=F_d7;19900;INTARIAN_PEPPER_ROOT;12959;6;12955;25;;;12970;11;12974;14;;;12964.5;0.0
yf_ZC=F_d7;20000;ASH_COATED_OSMIUM;9927;12;9925;15;;;9938;14;9940;17;;;9932.5;0.0
yf_ZC=F_d7;20000;INTARIAN_PEPPER_ROOT;12960;18;12957;17;;;12967;15;12970;24;;;12963.5;0.0
yf_ZC=F_d7;20100;ASH_COATED_OSMIUM;9929;19;9926;24;;;9935;15;9938;25;;;9932.0;0.0
yf_ZC=F_d7;20100;INTARIAN_PEPPER_ROOT;12959;15;12955;20;;;12965;20;12969;30;;;12962.0;0.0
yf_ZC=F_d7;20200;ASH_COATED_OSMIUM;9926;16;9922;25;;;9937;12;9939;28;;;9931.5;0.0
yf_ZC=F_d7;20200;INTARIAN_PEPPER_ROOT;12955;14;12953;19;;;12966;15;12970;19;;;12960.5;0.0
yf_ZC=F_d7;20300;ASH_COATED_OSMIUM;9929;12;9926;22;;;9935;20;9937;17;;;9932.0;0.0
yf_ZC=F_d7;20300;INTARIAN_PEPPER_ROOT;12957;10;12953;9;;;12963;15;12967;11;;;12960.0;0.0
yf_ZC=F_d7;20400;ASH_COATED_OSMIUM;9929;18;9925;11;;;9935;14;9939;24;;;9932.0;0.0
yf_ZC=F_d7;20400;INTARIAN_PEPPER_ROOT;12955;14;12953;20;;;12962;15;12966;13;;;12958.5;0.0
yf_ZC=F_d7;20500;ASH_COATED_OSMIUM;9928;16;9925;12;;;9935;16;9938;23;;;9931.5;0.0
yf_ZC=F_d7;20500;INTARIAN_PEPPER_ROOT;12947;12;12945;29;;;12967;9;12970;29;;;12957.0;0.0
yf_ZC=F_d7;20600;ASH_COATED_OSMIUM;9927;20;9924;21;;;9935;24;9937;24;;;9931.0;0.0
yf_ZC=F_d7;20600;INTARIAN_PEPPER_ROOT;12953;22;12951;20;;;12960;12;12962;21;;;12956.5;0.0
yf_ZC=F_d7;20700;ASH_COATED_OSMIUM;9928;17;9924;18;;;9934;13;9936;25;;;9931.0;0.0
yf_ZC=F_d7;20700;INTARIAN_PEPPER_ROOT;12950;17;12947;12;;;12960;20;12962;24;;;12955.0;0.0
yf_ZC=F_d7;20800;ASH_COATED_OSMIUM;9928;12;9924;17;;;9934;12;9937;19;;;9931.0;0.0
yf_ZC=F_d7;20800;INTARIAN_PEPPER_ROOT;12949;11;12945;19;;;12959;10;12963;16;;;12954.0;0.0
yf_ZC=F_d7;20900;ASH_COATED_OSMIUM;9926;16;9922;21;;;9937;17;9939;24;;;9931.5;0.0
yf_ZC=F_d7;20900;INTARIAN_PEPPER_ROOT;12950;15;12948;23;;;12956;14;12960;23;;;12953.0;0.0
yf_ZC=F_d7;21000;ASH_COATED_OSMIUM;9922;10;9919;15;;;9941;13;9944;22;;;9931.5;0.0
yf_ZC=F_d7;21000;INTARIAN_PEPPER_ROOT;12948;8;12944;17;;;12954;13;12956;16;;;12951.0;0.0
yf_ZC=F_d7;21100;ASH_COATED_OSMIUM;9928;17;9924;26;;;9934;17;9936;18;;;9931.0;0.0
yf_ZC=F_d7;21100;INTARIAN_PEPPER_ROOT;12947;17;12943;13;;;12953;27;12957;31;;;12950.0;0.0
yf_ZC=F_d7;21200;ASH_COATED_OSMIUM;9928;13;9926;31;;;9934;19;9937;29;;;9931.0;0.0
yf_ZC=F_d7;21200;INTARIAN_PEPPER_ROOT;12946;19;12943;19;;;12952;23;12955;26;;;12949.0;0.0
yf_ZC=F_d7;21300;ASH_COATED_OSMIUM;9928;13;9924;16;;;9934;13;9938;12;;;9931.0;0.0
yf_ZC=F_d7;21300;INTARIAN_PEPPER_ROOT;12944;10;12942;17;;;12952;20;12955;17;;;12948.0;0.0
yf_ZC=F_d7;21400;ASH_COATED_OSMIUM;9928;9;9925;18;;;9934;13;9937;11;;;9931.0;0.0
yf_ZC=F_d7;21400;INTARIAN_PEPPER_ROOT;12940;10;12937;23;;;12953;15;12956;24;;;12946.5;0.0
yf_ZC=F_d7;21500;ASH_COATED_OSMIUM;9928;12;9926;18;;;9934;13;9936;18;;;9931.0;0.0
yf_ZC=F_d7;21500;INTARIAN_PEPPER_ROOT;12942;14;12939;28;;;12948;16;12952;25;;;12945.0;0.0
yf_ZC=F_d7;21600;ASH_COATED_OSMIUM;9929;16;9926;14;;;9935;14;9938;22;;;9932.0;0.0
yf_ZC=F_d7;21600;INTARIAN_PEPPER_ROOT;12941;18;12938;20;;;12947;5;12950;23;;;12944.0;0.0
yf_ZC=F_d7;21700;ASH_COATED_OSMIUM;9928;20;9926;26;;;9934;6;9938;17;;;9931.0;0.0
yf_ZC=F_d7;21700;INTARIAN_PEPPER_ROOT;12940;16;12936;20;;;12946;13;12949;18;;;12943.0;0.0
yf_ZC=F_d7;21800;ASH_COATED_OSMIUM;9928;11;9925;30;;;9934;15;9936;17;;;9931.0;0.0
yf_ZC=F_d7;21800;INTARIAN_PEPPER_ROOT;12938;17;12936;21;;;12944;14;12948;11;;;12941.0;0.0
yf_ZC=F_d7;21900;ASH_COATED_OSMIUM;9928;13;9925;16;;;9934;8;9937;21;;;9931.0;0.0
yf_ZC=F_d7;21900;INTARIAN_PEPPER_ROOT;12937;21;12933;21;;;12943;25;12946;28;;;12940.0;0.0
yf_ZC=F_d7;22000;ASH_COATED_OSMIUM;9920;20;9917;24;;;9942;15;9945;15;;;9931.0;0.0
yf_ZC=F_d7;22000;INTARIAN_PEPPER_ROOT;12930;5;12927;19;;;12947;8;12950;22;;;12938.5;0.0
yf_ZC=F_d7;22100;ASH_COATED_OSMIUM;9927;6;9925;22;;;9935;15;9937;14;;;9931.0;0.0
yf_ZC=F_d7;22100;INTARIAN_PEPPER_ROOT;12935;7;12932;10;;;12941;13;12945;12;;;12938.0;0.0
yf_ZC=F_d7;22200;ASH_COATED_OSMIUM;9928;19;9924;18;;;9934;7;9936;21;;;9931.0;0.0
yf_ZC=F_d7;22200;INTARIAN_PEPPER_ROOT;12934;18;12932;15;;;12940;28;12944;20;;;12937.0;0.0
yf_ZC=F_d7;22300;ASH_COATED_OSMIUM;9924;7;9920;20;;;9939;19;9943;17;;;9931.5;0.0
yf_ZC=F_d7;22300;INTARIAN_PEPPER_ROOT;12930;12;12928;19;;;12940;16;12943;23;;;12935.0;0.0
yf_ZC=F_d7;22400;ASH_COATED_OSMIUM;9928;15;9925;17;;;9934;17;9938;22;;;9931.0;0.0
yf_ZC=F_d7;22400;INTARIAN_PEPPER_ROOT;12916;18;12912;15;;;12953;22;12955;28;;;12934.5;0.0
yf_ZC=F_d7;22500;ASH_COATED_OSMIUM;9928;17;9926;26;;;9934;13;9938;18;;;9931.0;0.0
yf_ZC=F_d7;22500;INTARIAN_PEPPER_ROOT;12930;14;12927;23;;;12936;15;12938;15;;;12933.0;0.0
yf_ZC=F_d7;22600;ASH_COATED_OSMIUM;9928;19;9926;25;;;9934;20;9938;32;;;9931.0;0.0
yf_ZC=F_d7;22600;INTARIAN_PEPPER_ROOT;12928;9;12925;15;;;12935;11;12939;14;;;12931.5;0.0
yf_ZC=F_d7;22700;ASH_COATED_OSMIUM;9921;19;9917;18;;;9941;10;9944;23;;;9931.0;0.0
yf_ZC=F_d7;22700;INTARIAN_PEPPER_ROOT;12926;24;12923;24;;;12935;10;12939;12;;;12930.5;0.0
yf_ZC=F_d7;22800;ASH_COATED_OSMIUM;9929;13;9926;26;;;9935;21;9939;22;;;9932.0;0.0
yf_ZC=F_d7;22800;INTARIAN_PEPPER_ROOT;12923;10;12921;21;;;12936;13;12940;10;;;12929.5;0.0
yf_ZC=F_d7;22900;ASH_COATED_OSMIUM;9921;17;9919;29;;;9942;17;9944;20;;;9931.5;0.0
yf_ZC=F_d7;22900;INTARIAN_PEPPER_ROOT;12925;21;12921;21;;;12931;14;12933;14;;;12928.0;0.0
yf_ZC=F_d7;23000;ASH_COATED_OSMIUM;9918;21;9915;16;;;9943;16;9945;14;;;9930.5;0.0
yf_ZC=F_d7;23000;INTARIAN_PEPPER_ROOT;12923;18;12919;19;;;12931;19;12935;10;;;12927.0;0.0
yf_ZC=F_d7;23100;ASH_COATED_OSMIUM;9928;12;9926;21;;;9934;11;9937;11;;;9931.0;0.0
yf_ZC=F_d7;23100;INTARIAN_PEPPER_ROOT;12923;17;12919;29;;;12929;19;12933;24;;;12926.0;0.0
yf_ZC=F_d7;23200;ASH_COATED_OSMIUM;9921;28;9918;27;;;9943;19;9945;9;;;9932.0;0.0
yf_ZC=F_d7;23200;INTARIAN_PEPPER_ROOT;12913;14;12911;19;;;12937;16;12940;22;;;12925.0;0.0
yf_ZC=F_d7;23300;ASH_COATED_OSMIUM;9927;10;9924;17;;;9933;8;9935;17;;;9930.0;0.0
yf_ZC=F_d7;23300;INTARIAN_PEPPER_ROOT;12913;13;12910;20;;;12934;22;12938;19;;;12923.5;0.0
yf_ZC=F_d7;23400;ASH_COATED_OSMIUM;9926;17;9924;18;;;9936;14;9940;23;;;9931.0;0.0
yf_ZC=F_d7;23400;INTARIAN_PEPPER_ROOT;12916;11;12912;26;;;12929;10;12931;24;;;12922.5;0.0
yf_ZC=F_d7;23500;ASH_COATED_OSMIUM;9926;11;9924;16;;;9936;13;9938;24;;;9931.0;0.0
yf_ZC=F_d7;23500;INTARIAN_PEPPER_ROOT;12916;18;12913;18;;;12925;9;12927;21;;;12920.5;0.0
yf_ZC=F_d7;23600;ASH_COATED_OSMIUM;9928;20;9926;16;;;9934;16;9936;18;;;9931.0;0.0
yf_ZC=F_d7;23600;INTARIAN_PEPPER_ROOT;12912;15;12908;17;;;12928;12;12932;20;;;12920.0;0.0
yf_ZC=F_d7;23700;ASH_COATED_OSMIUM;9923;18;9921;13;;;9938;20;9942;9;;;9930.5;0.0
yf_ZC=F_d7;23700;INTARIAN_PEPPER_ROOT;12916;19;12914;22;;;12922;21;12924;12;;;12919.0;0.0
yf_ZC=F_d7;23800;ASH_COATED_OSMIUM;9928;11;9924;17;;;9934;14;9937;21;;;9931.0;0.0
yf_ZC=F_d7;23800;INTARIAN_PEPPER_ROOT;12914;19;12910;22;;;12920;5;12924;18;;;12917.0;0.0
yf_ZC=F_d7;23900;ASH_COATED_OSMIUM;9928;14;9926;11;;;9934;16;9938;21;;;9931.0;0.0
yf_ZC=F_d7;23900;INTARIAN_PEPPER_ROOT;12910;12;12907;15;;;12922;11;12926;26;;;12916.0;0.0
yf_ZC=F_d7;24000;ASH_COATED_OSMIUM;9927;8;9924;30;;;9933;18;9937;25;;;9930.0;0.0
yf_ZC=F_d7;24000;INTARIAN_PEPPER_ROOT;12912;8;12908;30;;;12918;15;12921;16;;;12915.0;0.0
yf_ZC=F_d7;24100;ASH_COATED_OSMIUM;9926;14;9922;29;;;9935;26;9938;17;;;9930.5;0.0
yf_ZC=F_d7;24100;INTARIAN_PEPPER_ROOT;12911;13;12907;8;;;12919;13;12923;12;;;12915.0;0.0
yf_ZC=F_d7;24200;ASH_COATED_OSMIUM;9925;6;9922;21;;;9936;14;9939;15;;;9930.5;0.0
yf_ZC=F_d7;24200;INTARIAN_PEPPER_ROOT;12908;6;12904;11;;;12915;27;12917;8;;;12911.5;0.0
yf_ZC=F_d7;24300;ASH_COATED_OSMIUM;9923;14;9919;18;;;9939;7;9942;15;;;9931.0;0.0
yf_ZC=F_d7;24300;INTARIAN_PEPPER_ROOT;12908;9;12905;10;;;12914;12;12918;24;;;12911.0;0.0
yf_ZC=F_d7;24400;ASH_COATED_OSMIUM;9926;16;9923;18;;;9935;17;9937;8;;;9930.5;0.0
yf_ZC=F_d7;24400;INTARIAN_PEPPER_ROOT;12908;20;12904;8;;;12914;9;12918;27;;;12911.0;0.0
yf_ZC=F_d7;24500;ASH_COATED_OSMIUM;9927;21;9923;23;;;9933;13;9937;23;;;9930.0;0.0
yf_ZC=F_d7;24500;INTARIAN_PEPPER_ROOT;12906;9;12904;21;;;12912;16;12915;14;;;12909.0;0.0
yf_ZC=F_d7;24600;ASH_COATED_OSMIUM;9928;18;9924;16;;;9934;14;9937;33;;;9931.0;0.0
yf_ZC=F_d7;24600;INTARIAN_PEPPER_ROOT;12905;27;12902;27;;;12911;20;12913;18;;;12908.0;0.0
yf_ZC=F_d7;24700;ASH_COATED_OSMIUM;9925;10;9922;17;;;9935;14;9938;13;;;9930.0;0.0
yf_ZC=F_d7;24700;INTARIAN_PEPPER_ROOT;12903;5;12899;20;;;12909;17;12913;24;;;12906.0;0.0
yf_ZC=F_d7;24800;ASH_COATED_OSMIUM;9923;19;9919;25;;;9938;11;9942;18;;;9930.5;0.0
yf_ZC=F_d7;24800;INTARIAN_PEPPER_ROOT;12902;11;12899;15;;;12908;15;12910;26;;;12905.0;0.0
yf_ZC=F_d7;24900;ASH_COATED_OSMIUM;9928;13;9925;16;;;9934;12;9936;17;;;9931.0;0.0
yf_ZC=F_d7;24900;INTARIAN_PEPPER_ROOT;12900;9;12896;9;;;12908;15;12911;19;;;12904.0;0.0
yf_ZC=F_d7;25000;ASH_COATED_OSMIUM;9927;24;9924;21;;;9935;24;9937;21;;;9931.0;0.0
yf_ZC=F_d7;25000;INTARIAN_PEPPER_ROOT;12900;12;12897;14;;;12906;13;12910;26;;;12903.0;0.0
yf_ZC=F_d7;25100;ASH_COATED_OSMIUM;9925;23;9922;20;;;9937;10;9941;25;;;9931.0;0.0
yf_ZC=F_d7;25100;INTARIAN_PEPPER_ROOT;12899;9;12897;25;;;12905;8;12909;22;;;12902.0;0.0
yf_ZC=F_d7;25200;ASH_COATED_OSMIUM;9927;17;9924;13;;;9933;14;9936;18;;;9930.0;0.0
yf_ZC=F_d7;25200;INTARIAN_PEPPER_ROOT;12889;17;12886;22;;;12911;23;12914;19;;;12900.0;0.0
yf_ZC=F_d7;25300;ASH_COATED_OSMIUM;9927;19;9923;23;;;9933;9;9937;19;;;9930.0;0.0
yf_ZC=F_d7;25300;INTARIAN_PEPPER_ROOT;12897;10;12893;16;;;12903;14;12907;19;;;12900.0;0.0
yf_ZC=F_d7;25400;ASH_COATED_OSMIUM;9927;17;9924;22;;;9934;6;9936;10;;;9930.5;0.0
yf_ZC=F_d7;25400;INTARIAN_PEPPER_ROOT;12895;11;12891;18;;;12901;6;12903;22;;;12898.0;0.0
yf_ZC=F_d7;25500;ASH_COATED_OSMIUM;9927;9;9924;17;;;9933;10;9937;17;;;9930.0;0.0
yf_ZC=F_d7;25500;INTARIAN_PEPPER_ROOT;12893;10;12891;22;;;12901;14;12904;18;;;12897.0;0.0
yf_ZC=F_d7;25600;ASH_COATED_OSMIUM;9919;14;9917;21;;;9942;8;9946;23;;;9930.5;0.0
yf_ZC=F_d7;25600;INTARIAN_PEPPER_ROOT;12893;8;12891;19;;;12899;22;12901;20;;;12896.0;0.0
yf_ZC=F_d7;25700;ASH_COATED_OSMIUM;9927;19;9924;21;;;9933;21;9936;22;;;9930.0;0.0
yf_ZC=F_d7;25700;INTARIAN_PEPPER_ROOT;12890;12;12887;16;;;12899;10;12901;27;;;12894.5;0.0
yf_ZC=F_d7;25800;ASH_COATED_OSMIUM;9927;15;9925;11;;;9933;15;9936;25;;;9930.0;0.0
yf_ZC=F_d7;25800;INTARIAN_PEPPER_ROOT;12891;7;12889;20;;;12897;14;12899;22;;;12894.0;0.0
yf_ZC=F_d7;25900;ASH_COATED_OSMIUM;9927;9;9925;21;;;9933;12;9936;23;;;9930.0;0.0
yf_ZC=F_d7;25900;INTARIAN_PEPPER_ROOT;12889;16;12885;22;;;12895;8;12899;21;;;12892.0;0.0
yf_ZC=F_d7;26000;ASH_COATED_OSMIUM;9927;11;9925;17;;;9934;12;9937;21;;;9930.5;0.0
yf_ZC=F_d7;26000;INTARIAN_PEPPER_ROOT;12887;17;12884;12;;;12893;19;12897;15;;;12890.0;0.0
yf_ZC=F_d7;26100;ASH_COATED_OSMIUM;9927;19;9923;13;;;9933;21;9937;27;;;9930.0;0.0
yf_ZC=F_d7;26100;INTARIAN_PEPPER_ROOT;12886;12;12882;12;;;12894;8;12898;12;;;12890.0;0.0
yf_ZC=F_d7;26200;ASH_COATED_OSMIUM;9927;11;9923;22;;;9933;25;9935;17;;;9930.0;0.0
yf_ZC=F_d7;26200;INTARIAN_PEPPER_ROOT;12886;15;12883;23;;;12892;20;12896;25;;;12889.0;0.0
yf_ZC=F_d7;26300;ASH_COATED_OSMIUM;9927;16;9923;23;;;9934;7;9937;21;;;9930.5;0.0
yf_ZC=F_d7;26300;INTARIAN_PEPPER_ROOT;12881;10;12877;25;;;12894;6;12896;21;;;12887.5;0.0
yf_ZC=F_d7;26400;ASH_COATED_OSMIUM;9927;16;9923;14;;;9933;5;9936;29;;;9930.0;0.0
yf_ZC=F_d7;26400;INTARIAN_PEPPER_ROOT;12883;14;12879;17;;;12890;15;12894;26;;;12886.5;0.0
yf_ZC=F_d7;26500;ASH_COATED_OSMIUM;9927;15;9925;19;;;9933;16;9935;17;;;9930.0;0.0
yf_ZC=F_d7;26500;INTARIAN_PEPPER_ROOT;12882;18;12879;17;;;12889;5;12892;29;;;12885.5;0.0
yf_ZC=F_d7;26600;ASH_COATED_OSMIUM;9928;22;9924;20;;;9934;6;9938;16;;;9931.0;0.0
yf_ZC=F_d7;26600;INTARIAN_PEPPER_ROOT;12881;5;12879;25;;;12887;8;12890;29;;;12884.0;0.0
yf_ZC=F_d7;26700;ASH_COATED_OSMIUM;9927;13;9923;22;;;9933;14;9935;12;;;9930.0;0.0
yf_ZC=F_d7;26700;INTARIAN_PEPPER_ROOT;12879;6;12875;25;;;12885;17;12887;19;;;12882.0;0.0
yf_ZC=F_d7;26800;ASH_COATED_OSMIUM;9927;12;9924;21;;;9933;21;9935;23;;;9930.0;0.0
yf_ZC=F_d7;26800;INTARIAN_PEPPER_ROOT;12878;12;12874;18;;;12884;18;12888;22;;;12881.0;0.0
yf_ZC=F_d7;26900;ASH_COATED_OSMIUM;9923;15;9921;17;;;9938;11;9942;17;;;9930.5;0.0
yf_ZC=F_d7;26900;INTARIAN_PEPPER_ROOT;12872;18;12870;20;;;12888;11;12890;31;;;12880.0;0.0
yf_ZC=F_d7;27000;ASH_COATED_OSMIUM;9922;19;9920;25;;;9937;12;9939;15;;;9929.5;0.0
yf_ZC=F_d7;27000;INTARIAN_PEPPER_ROOT;12873;15;12869;25;;;12885;16;12887;24;;;12879.0;0.0
yf_ZC=F_d7;27100;ASH_COATED_OSMIUM;9927;17;9925;16;;;9933;14;9935;19;;;9930.0;0.0
yf_ZC=F_d7;27100;INTARIAN_PEPPER_ROOT;12875;14;12873;17;;;12881;15;12884;31;;;12878.0;0.0
yf_ZC=F_d7;27200;ASH_COATED_OSMIUM;9927;13;9924;23;;;9933;24;9937;18;;;9930.0;0.0
yf_ZC=F_d7;27200;INTARIAN_PEPPER_ROOT;12873;20;12870;33;;;12879;15;12883;23;;;12876.0;0.0
yf_ZC=F_d7;27300;ASH_COATED_OSMIUM;9925;20;9923;25;;;9934;14;9938;25;;;9929.5;0.0
yf_ZC=F_d7;27300;INTARIAN_PEPPER_ROOT;12868;19;12866;8;;;12881;19;12883;14;;;12874.5;0.0
yf_ZC=F_d7;27400;ASH_COATED_OSMIUM;9927;17;9923;14;;;9933;22;9936;10;;;9930.0;0.0
yf_ZC=F_d7;27400;INTARIAN_PEPPER_ROOT;12870;21;12867;18;;;12878;14;12881;20;;;12874.0;0.0
yf_ZC=F_d7;27500;ASH_COATED_OSMIUM;9919;5;9915;18;;;9941;17;9943;12;;;9930.0;0.0
yf_ZC=F_d7;27500;INTARIAN_PEPPER_ROOT;12867;5;12865;22;;;12880;15;12884;32;;;12873.5;0.0
yf_ZC=F_d7;27600;ASH_COATED_OSMIUM;9927;13;9924;20;;;9933;20;9935;25;;;9930.0;0.0
yf_ZC=F_d7;27600;INTARIAN_PEPPER_ROOT;12859;21;12857;17;;;12883;8;12887;26;;;12871.0;0.0
yf_ZC=F_d7;27700;ASH_COATED_OSMIUM;9926;14;9922;20;;;9932;11;9936;28;;;9929.0;0.0
yf_ZC=F_d7;27700;INTARIAN_PEPPER_ROOT;12867;11;12864;18;;;12873;10;12877;19;;;12870.0;0.0
yf_ZC=F_d7;27800;ASH_COATED_OSMIUM;9927;16;9925;13;;;9933;5;9937;13;;;9930.0;0.0
yf_ZC=F_d7;27800;INTARIAN_PEPPER_ROOT;12866;15;12862;20;;;12872;17;12875;15;;;12869.0;0.0
yf_ZC=F_d7;27900;ASH_COATED_OSMIUM;9926;19;9922;18;;;9932;5;9936;21;;;9929.0;0.0
yf_ZC=F_d7;27900;INTARIAN_PEPPER_ROOT;12859;16;12857;14;;;12876;20;12880;15;;;12867.5;0.0
yf_ZC=F_d7;28000;ASH_COATED_OSMIUM;9926;15;9922;16;;;9932;12;9934;25;;;9929.0;0.0
yf_ZC=F_d7;28000;INTARIAN_PEPPER_ROOT;12862;19;12859;20;;;12871;22;12873;20;;;12866.5;0.0
yf_ZC=F_d7;28100;ASH_COATED_OSMIUM;9927;10;9924;30;;;9933;7;9936;20;;;9930.0;0.0
yf_ZC=F_d7;28100;INTARIAN_PEPPER_ROOT;12862;8;12858;20;;;12868;13;12871;25;;;12865.0;0.0
yf_ZC=F_d7;28200;ASH_COATED_OSMIUM;9926;11;9924;20;;;9932;15;9936;24;;;9929.0;0.0
yf_ZC=F_d7;28200;INTARIAN_PEPPER_ROOT;12861;24;12859;19;;;12867;17;12869;13;;;12864.0;0.0
yf_ZC=F_d7;28300;ASH_COATED_OSMIUM;9926;23;9922;28;;;9932;12;9935;13;;;9929.0;0.0
yf_ZC=F_d7;28300;INTARIAN_PEPPER_ROOT;12858;19;12856;18;;;12869;16;12872;11;;;12863.5;0.0
yf_ZC=F_d7;28400;ASH_COATED_OSMIUM;9923;16;9919;20;;;9937;12;9941;11;;;9930.0;0.0
yf_ZC=F_d7;28400;INTARIAN_PEPPER_ROOT;12859;9;12857;24;;;12865;24;12868;15;;;12862.0;0.0
yf_ZC=F_d7;28500;ASH_COATED_OSMIUM;9916;17;9913;22;;;9943;16;9947;26;;;9929.5;0.0
yf_ZC=F_d7;28500;INTARIAN_PEPPER_ROOT;12858;18;12855;27;;;12864;12;12867;23;;;12861.0;0.0
yf_ZC=F_d7;28600;ASH_COATED_OSMIUM;9923;17;9921;21;;;9936;8;9938;20;;;9929.5;0.0
yf_ZC=F_d7;28600;INTARIAN_PEPPER_ROOT;12856;7;12854;18;;;12864;6;12868;23;;;12860.0;0.0
yf_ZC=F_d7;28700;ASH_COATED_OSMIUM;9926;18;9922;14;;;9934;10;9936;25;;;9930.0;0.0
yf_ZC=F_d7;28700;INTARIAN_PEPPER_ROOT;12856;11;12854;17;;;12862;25;12865;24;;;12859.0;0.0
yf_ZC=F_d7;28800;ASH_COATED_OSMIUM;9926;6;9924;15;;;9932;14;9935;20;;;9929.0;0.0
yf_ZC=F_d7;28800;INTARIAN_PEPPER_ROOT;12852;12;12849;23;;;12861;11;12865;26;;;12856.5;0.0
yf_ZC=F_d7;28900;ASH_COATED_OSMIUM;9927;7;9925;20;;;9933;23;9935;17;;;9930.0;0.0
yf_ZC=F_d7;28900;INTARIAN_PEPPER_ROOT;12853;17;12851;13;;;12859;15;12861;24;;;12856.0;0.0
yf_ZC=F_d7;29000;ASH_COATED_OSMIUM;9916;5;9912;11;;;9943;10;9945;26;;;9929.5;0.0
yf_ZC=F_d7;29000;INTARIAN_PEPPER_ROOT;12851;16;12848;33;;;12858;9;12862;16;;;12854.5;0.0
yf_ZC=F_d7;29100;ASH_COATED_OSMIUM;9913;18;9911;15;;;9946;15;9950;20;;;9929.5;0.0
yf_ZC=F_d7;29100;INTARIAN_PEPPER_ROOT;12848;10;12844;14;;;12858;5;12860;20;;;12853.0;0.0
yf_ZC=F_d7;29200;ASH_COATED_OSMIUM;9926;18;9923;23;;;9932;8;9936;19;;;9929.0;0.0
yf_ZC=F_d7;29200;INTARIAN_PEPPER_ROOT;12849;12;12846;12;;;12855;12;12859;13;;;12852.0;0.0
yf_ZC=F_d7;29300;ASH_COATED_OSMIUM;9925;17;9921;26;;;9935;19;9938;12;;;9930.0;0.0
yf_ZC=F_d7;29300;INTARIAN_PEPPER_ROOT;12848;16;12844;31;;;12854;20;12857;24;;;12851.0;0.0
yf_ZC=F_d7;29400;ASH_COATED_OSMIUM;9926;22;9924;16;;;9932;12;9934;20;;;9929.0;0.0
yf_ZC=F_d7;29400;INTARIAN_PEPPER_ROOT;12847;11;12845;22;;;12853;22;12855;17;;;12850.0;0.0
yf_ZC=F_d7;29500;ASH_COATED_OSMIUM;9926;12;9922;13;;;9932;7;9935;13;;;9929.0;0.0
yf_ZC=F_d7;29500;INTARIAN_PEPPER_ROOT;12845;19;12842;20;;;12851;19;12854;13;;;12848.0;0.0
yf_ZC=F_d7;29600;ASH_COATED_OSMIUM;9927;11;9924;18;;;9933;12;9936;11;;;9930.0;0.0
yf_ZC=F_d7;29600;INTARIAN_PEPPER_ROOT;12844;19;12842;20;;;12850;5;12853;24;;;12847.0;0.0
yf_ZC=F_d7;29700;ASH_COATED_OSMIUM;9926;12;9922;14;;;9932;13;9934;21;;;9929.0;0.0
yf_ZC=F_d7;29700;INTARIAN_PEPPER_ROOT;12843;9;12839;27;;;12849;16;12852;11;;;12846.0;0.0
yf_ZC=F_d7;29800;ASH_COATED_OSMIUM;9920;25;9917;13;;;9939;5;9943;29;;;9929.5;0.0
yf_ZC=F_d7;29800;INTARIAN_PEPPER_ROOT;12842;14;12838;22;;;12849;14;12852;18;;;12845.5;0.0
yf_ZC=F_d7;29900;ASH_COATED_OSMIUM;9926;17;9924;14;;;9932;11;9934;19;;;9929.0;0.0
yf_ZC=F_d7;29900;INTARIAN_PEPPER_ROOT;12841;7;12839;18;;;12847;10;12851;18;;;12844.0;0.0
yf_ZC=F_d7;30000;ASH_COATED_OSMIUM;9926;15;9924;20;;;9932;10;9935;23;;;9929.0;0.0
yf_ZC=F_d7;30000;INTARIAN_PEPPER_ROOT;12836;19;12832;34;;;12848;19;12850;21;;;12842.0;0.0
yf_ZC=F_d7;30100;ASH_COATED_OSMIUM;9926;7;9923;27;;;9932;17;9935;21;;;9929.0;0.0
yf_ZC=F_d7;30100;INTARIAN_PEPPER_ROOT;12836;8;12832;18;;;12847;13;12850;13;;;12841.5;0.0
yf_ZC=F_d7;30200;ASH_COATED_OSMIUM;9925;14;9923;14;;;9933;11;9935;15;;;9929.0;0.0
yf_ZC=F_d7;30200;INTARIAN_PEPPER_ROOT;12837;15;12834;22;;;12843;13;12847;19;;;12840.0;0.0
yf_ZC=F_d7;30300;ASH_COATED_OSMIUM;9921;17;9919;17;;;9937;12;9941;11;;;9929.0;0.0
yf_ZC=F_d7;30300;INTARIAN_PEPPER_ROOT;12836;10;12834;24;;;12842;12;12846;23;;;12839.0;0.0
yf_ZC=F_d7;30400;ASH_COATED_OSMIUM;9926;21;9924;19;;;9932;24;9935;18;;;9929.0;0.0
yf_ZC=F_d7;30400;INTARIAN_PEPPER_ROOT;12835;19;12832;22;;;12841;20;12845;17;;;12838.0;0.0
yf_ZC=F_d7;30500;ASH_COATED_OSMIUM;9926;20;9924;12;;;9933;23;9936;27;;;9929.5;0.0
yf_ZC=F_d7;30500;INTARIAN_PEPPER_ROOT;12831;15;12828;15;;;12842;18;12845;23;;;12836.5;0.0
yf_ZC=F_d7;30600;ASH_COATED_OSMIUM;9926;13;9924;13;;;9932;22;9936;19;;;9929.0;0.0
yf_ZC=F_d7;30600;INTARIAN_PEPPER_ROOT;12833;14;12831;19;;;12839;11;12843;20;;;12836.0;0.0
yf_ZC=F_d7;30700;ASH_COATED_OSMIUM;9926;5;9924;21;;;9932;12;9935;10;;;9929.0;0.0
yf_ZC=F_d7;30700;INTARIAN_PEPPER_ROOT;12831;15;12828;13;;;12837;15;12839;22;;;12834.0;0.0
yf_ZC=F_d7;30800;ASH_COATED_OSMIUM;9924;14;9922;20;;;9935;13;9937;9;;;9929.5;0.0
yf_ZC=F_d7;30800;INTARIAN_PEPPER_ROOT;12828;13;12826;25;;;12838;22;12841;20;;;12833.0;0.0
yf_ZC=F_d7;30900;ASH_COATED_OSMIUM;9925;18;9922;24;;;9933;18;9935;28;;;9929.0;0.0
yf_ZC=F_d7;30900;INTARIAN_PEPPER_ROOT;12826;12;12822;14;;;12838;24;12841;21;;;12832.0;0.0
yf_ZC=F_d7;31000;ASH_COATED_OSMIUM;9925;6;9922;27;;;9933;21;9936;22;;;9929.0;0.0
yf_ZC=F_d7;31000;INTARIAN_PEPPER_ROOT;12827;17;12825;14;;;12833;16;12837;29;;;12830.0;0.0
yf_ZC=F_d7;31100;ASH_COATED_OSMIUM;9926;18;9923;19;;;9932;10;9936;16;;;9929.0;0.0
yf_ZC=F_d7;31100;INTARIAN_PEPPER_ROOT;12827;5;12824;21;;;12833;7;12837;27;;;12830.0;0.0
yf_ZC=F_d7;31200;ASH_COATED_OSMIUM;9926;26;9923;9;;;9932;14;9936;15;;;9929.0;0.0
yf_ZC=F_d7;31200;INTARIAN_PEPPER_ROOT;12825;6;12821;27;;;12831;5;12833;13;;;12828.0;0.0
yf_ZC=F_d7;31300;ASH_COATED_OSMIUM;9911;13;9908;20;;;9945;10;9949;20;;;9928.0;0.0
yf_ZC=F_d7;31300;INTARIAN_PEPPER_ROOT;12823;9;12821;18;;;12829;10;12833;19;;;12826.0;0.0
yf_ZC=F_d7;31400;ASH_COATED_OSMIUM;9926;15;9922;17;;;9932;14;9936;17;;;9929.0;0.0
yf_ZC=F_d7;31400;INTARIAN_PEPPER_ROOT;12823;5;12820;17;;;12829;16;12832;20;;;12826.0;0.0
yf_ZC=F_d7;31500;ASH_COATED_OSMIUM;9922;5;9918;18;;;9936;10;9940;23;;;9929.0;0.0
yf_ZC=F_d7;31500;INTARIAN_PEPPER_ROOT;12812;16;12809;25;;;12837;7;12839;26;;;12824.5;0.0
yf_ZC=F_d7;31600;ASH_COATED_OSMIUM;9925;16;9922;22;;;9932;19;9936;17;;;9928.5;0.0
yf_ZC=F_d7;31600;INTARIAN_PEPPER_ROOT;12820;17;12816;12;;;12826;16;12830;15;;;12823.0;0.0
yf_ZC=F_d7;31700;ASH_COATED_OSMIUM;9926;11;9922;18;;;9932;8;9935;17;;;9929.0;0.0
yf_ZC=F_d7;31700;INTARIAN_PEPPER_ROOT;12802;17;12800;19;;;12843;8;12845;21;;;12822.5;0.0
yf_ZC=F_d7;31800;ASH_COATED_OSMIUM;9921;21;9917;21;;;9937;16;9939;19;;;9929.0;0.0
yf_ZC=F_d7;31800;INTARIAN_PEPPER_ROOT;12816;18;12813;24;;;12827;16;12831;21;;;12821.5;0.0
yf_ZC=F_d7;31900;ASH_COATED_OSMIUM;9925;11;9923;20;;;9932;27;9935;19;;;9928.5;0.0
yf_ZC=F_d7;31900;INTARIAN_PEPPER_ROOT;12817;13;12815;30;;;12823;17;12827;26;;;12820.0;0.0
yf_ZC=F_d7;32000;ASH_COATED_OSMIUM;9925;17;9923;20;;;9933;11;9936;26;;;9929.0;0.0
yf_ZC=F_d7;32000;INTARIAN_PEPPER_ROOT;12815;13;12811;12;;;12821;6;12824;15;;;12818.0;0.0
yf_ZC=F_d7;32100;ASH_COATED_OSMIUM;9926;11;9924;22;;;9932;23;9935;19;;;9929.0;0.0
yf_ZC=F_d7;32100;INTARIAN_PEPPER_ROOT;12814;20;12810;9;;;12821;20;12825;22;;;12817.5;0.0
yf_ZC=F_d7;32200;ASH_COATED_OSMIUM;9924;5;9920;25;;;9935;16;9939;17;;;9929.5;0.0
yf_ZC=F_d7;32200;INTARIAN_PEPPER_ROOT;12813;9;12809;17;;;12819;5;12823;23;;;12816.0;0.0
yf_ZC=F_d7;32300;ASH_COATED_OSMIUM;9916;16;9913;28;;;9942;8;9945;13;;;9929.0;0.0
yf_ZC=F_d7;32300;INTARIAN_PEPPER_ROOT;12812;15;12810;26;;;12818;14;12820;11;;;12815.0;0.0
yf_ZC=F_d7;32400;ASH_COATED_OSMIUM;9919;20;9915;24;;;9939;10;9942;18;;;9929.0;0.0
yf_ZC=F_d7;32400;INTARIAN_PEPPER_ROOT;12811;11;12808;24;;;12817;18;12821;15;;;12814.0;0.0
yf_ZC=F_d7;32500;ASH_COATED_OSMIUM;9925;15;9923;11;;;9932;12;9934;8;;;9928.5;0.0
yf_ZC=F_d7;32500;INTARIAN_PEPPER_ROOT;12807;10;12804;21;;;12817;22;12819;22;;;12812.0;0.0
yf_ZC=F_d7;32600;ASH_COATED_OSMIUM;9925;19;9922;25;;;9933;8;9936;15;;;9929.0;0.0
yf_ZC=F_d7;32600;INTARIAN_PEPPER_ROOT;12799;12;12796;23;;;12822;9;12826;13;;;12810.5;0.0
yf_ZC=F_d7;32700;ASH_COATED_OSMIUM;9925;22;9923;25;;;9931;15;9935;19;;;9928.0;0.0
yf_ZC=F_d7;32700;INTARIAN_PEPPER_ROOT;12807;17;12803;20;;;12813;10;12817;25;;;12810.0;0.0
yf_ZC=F_d7;32800;ASH_COATED_OSMIUM;9925;18;9922;11;;;9931;22;9935;20;;;9928.0;0.0
yf_ZC=F_d7;32800;INTARIAN_PEPPER_ROOT;12806;20;12803;21;;;12813;9;12817;17;;;12809.5;0.0
yf_ZC=F_d7;32900;ASH_COATED_OSMIUM;9925;12;9923;9;;;9931;14;9935;27;;;9928.0;0.0
yf_ZC=F_d7;32900;INTARIAN_PEPPER_ROOT;12802;13;12800;18;;;12814;20;12816;25;;;12808.0;0.0
yf_ZC=F_d7;33000;ASH_COATED_OSMIUM;9922;15;9920;26;;;9935;16;9937;18;;;9928.5;0.0
yf_ZC=F_d7;33000;INTARIAN_PEPPER_ROOT;12803;12;12799;24;;;12809;20;12812;19;;;12806.0;0.0
yf_ZC=F_d7;33100;ASH_COATED_OSMIUM;9924;13;9921;26;;;9934;14;9938;10;;;9929.0;0.0
yf_ZC=F_d7;33100;INTARIAN_PEPPER_ROOT;12802;22;12799;21;;;12808;16;12812;15;;;12805.0;0.0
yf_ZC=F_d7;33200;ASH_COATED_OSMIUM;9925;13;9921;27;;;9932;22;9934;24;;;9928.5;0.0
yf_ZC=F_d7;33200;INTARIAN_PEPPER_ROOT;12800;8;12798;19;;;12807;25;12809;10;;;12803.5;0.0
yf_ZC=F_d7;33300;ASH_COATED_OSMIUM;9925;13;9921;18;;;9931;17;9933;13;;;9928.0;0.0
yf_ZC=F_d7;33300;INTARIAN_PEPPER_ROOT;12799;18;12796;20;;;12807;20;12811;21;;;12803.0;0.0
yf_ZC=F_d7;33400;ASH_COATED_OSMIUM;9925;14;9922;29;;;9931;15;9933;23;;;9928.0;0.0
yf_ZC=F_d7;33400;INTARIAN_PEPPER_ROOT;12797;19;12793;21;;;12804;16;12808;19;;;12800.5;0.0
yf_ZC=F_d7;33500;ASH_COATED_OSMIUM;9920;11;9917;17;;;9936;14;9938;25;;;9928.0;0.0
yf_ZC=F_d7;33500;INTARIAN_PEPPER_ROOT;12797;20;12793;23;;;12803;8;12805;10;;;12800.0;0.0
yf_ZC=F_d7;33600;ASH_COATED_OSMIUM;9914;17;9911;17;;;9942;17;9945;21;;;9928.0;0.0
yf_ZC=F_d7;33600;INTARIAN_PEPPER_ROOT;12795;14;12792;16;;;12802;16;12805;24;;;12798.5;0.0
yf_ZC=F_d7;33700;ASH_COATED_OSMIUM;9925;12;9923;25;;;9931;8;9933;22;;;9928.0;0.0
yf_ZC=F_d7;33700;INTARIAN_PEPPER_ROOT;12795;15;12792;21;;;12801;18;12804;22;;;12798.0;0.0
yf_ZC=F_d7;33800;ASH_COATED_OSMIUM;9926;20;9924;19;;;9932;19;9935;23;;;9929.0;0.0
yf_ZC=F_d7;33800;INTARIAN_PEPPER_ROOT;12789;17;12785;18;;;12804;13;12807;24;;;12796.5;0.0
yf_ZC=F_d7;33900;ASH_COATED_OSMIUM;9926;15;9922;19;;;9932;14;9935;24;;;9929.0;0.0
yf_ZC=F_d7;33900;INTARIAN_PEPPER_ROOT;12792;14;12788;18;;;12798;23;12802;23;;;12795.0;0.0
yf_ZC=F_d7;34000;ASH_COATED_OSMIUM;9925;19;9922;18;;;9931;13;9934;16;;;9928.0;0.0
yf_ZC=F_d7;34000;INTARIAN_PEPPER_ROOT;12792;14;12788;13;;;12799;17;12803;22;;;12795.5;0.0
yf_ZC=F_d7;34100;ASH_COATED_OSMIUM;9925;21;9922;21;;;9931;14;9934;16;;;9928.0;0.0
yf_ZC=F_d7;34100;INTARIAN_PEPPER_ROOT;12793;17;12791;16;;;12799;22;12802;19;;;12796.0;0.0
yf_ZC=F_d7;34200;ASH_COATED_OSMIUM;9926;16;9924;21;;;9932;12;9934;23;;;9929.0;0.0
yf_ZC=F_d7;34200;INTARIAN_PEPPER_ROOT;12792;12;12788;25;;;12798;13;12801;22;;;12795.0;0.0
yf_ZC=F_d7;34300;ASH_COATED_OSMIUM;9919;16;9916;16;;;9938;14;9942;19;;;9928.5;0.0
yf_ZC=F_d7;34300;INTARIAN_PEPPER_ROOT;12788;10;12784;17;;;12804;9;12808;18;;;12796.0;0.0
yf_ZC=F_d7;34400;ASH_COATED_OSMIUM;9926;17;9924;17;;;9932;20;9934;12;;;9929.0;0.0
yf_ZC=F_d7;34400;INTARIAN_PEPPER_ROOT;12791;20;12788;24;;;12802;12;12805;24;;;12796.5;0.0
yf_ZC=F_d7;34500;ASH_COATED_OSMIUM;9926;13;9924;9;;;9932;13;9935;25;;;9929.0;0.0
yf_ZC=F_d7;34500;INTARIAN_PEPPER_ROOT;12790;10;12788;26;;;12803;11;12806;16;;;12796.5;0.0
yf_ZC=F_d7;34600;ASH_COATED_OSMIUM;9917;12;9915;18;;;9940;18;9944;15;;;9928.5;0.0
yf_ZC=F_d7;34600;INTARIAN_PEPPER_ROOT;12794;14;12790;25;;;12801;16;12803;18;;;12797.5;0.0
yf_ZC=F_d7;34700;ASH_COATED_OSMIUM;9920;13;9916;8;;;9938;11;9942;14;;;9929.0;0.0
yf_ZC=F_d7;34700;INTARIAN_PEPPER_ROOT;12794;19;12791;24;;;12800;5;12804;25;;;12797.0;0.0
yf_ZC=F_d7;34800;ASH_COATED_OSMIUM;9913;16;9910;14;;;9944;17;9948;26;;;9928.5;0.0
yf_ZC=F_d7;34800;INTARIAN_PEPPER_ROOT;12794;14;12791;8;;;12800;18;12803;25;;;12797.0;0.0
yf_ZC=F_d7;34900;ASH_COATED_OSMIUM;9926;15;9924;14;;;9932;9;9936;20;;;9929.0;0.0
yf_ZC=F_d7;34900;INTARIAN_PEPPER_ROOT;12793;13;12789;23;;;12799;5;12803;26;;;12796.0;0.0
yf_ZC=F_d7;35000;ASH_COATED_OSMIUM;9925;24;9922;15;;;9933;13;9937;28;;;9929.0;0.0
yf_ZC=F_d7;35000;INTARIAN_PEPPER_ROOT;12794;12;12792;21;;;12800;11;12803;20;;;12797.0;0.0
yf_ZC=F_d7;35100;ASH_COATED_OSMIUM;9926;8;9924;11;;;9932;15;9934;17;;;9929.0;0.0
yf_ZC=F_d7;35100;INTARIAN_PEPPER_ROOT;12794;21;12790;18;;;12801;13;12804;23;;;12797.5;0.0
yf_ZC=F_d7;35200;ASH_COATED_OSMIUM;9926;8;9923;23;;;9932;22;9935;15;;;9929.0;0.0
yf_ZC=F_d7;35200;INTARIAN_PEPPER_ROOT;12794;10;12792;16;;;12800;14;12804;15;;;12797.0;0.0
yf_ZC=F_d7;35300;ASH_COATED_OSMIUM;9926;12;9923;25;;;9932;11;9936;13;;;9929.0;0.0
yf_ZC=F_d7;35300;INTARIAN_PEPPER_ROOT;12791;16;12788;27;;;12804;15;12808;28;;;12797.5;0.0
yf_ZC=F_d7;35400;ASH_COATED_OSMIUM;9926;10;9923;21;;;9932;16;9935;27;;;9929.0;0.0
yf_ZC=F_d7;35400;INTARIAN_PEPPER_ROOT;12795;7;12793;19;;;12801;12;12805;16;;;12798.0;0.0
yf_ZC=F_d7;35500;ASH_COATED_OSMIUM;9926;12;9924;15;;;9932;10;9934;22;;;9929.0;0.0
yf_ZC=F_d7;35500;INTARIAN_PEPPER_ROOT;12794;13;12792;23;;;12800;9;12802;16;;;12797.0;0.0
yf_ZC=F_d7;35600;ASH_COATED_OSMIUM;9926;11;9923;13;;;9932;23;9934;14;;;9929.0;0.0
yf_ZC=F_d7;35600;INTARIAN_PEPPER_ROOT;12787;15;12785;22;;;12807;18;12810;22;;;12797.0;0.0
yf_ZC=F_d7;35700;ASH_COATED_OSMIUM;9926;22;9922;19;;;9932;16;9935;20;;;9929.0;0.0
yf_ZC=F_d7;35700;INTARIAN_PEPPER_ROOT;12795;11;12793;22;;;12801;21;12804;13;;;12798.0;0.0
yf_ZC=F_d7;35800;ASH_COATED_OSMIUM;9926;15;9923;16;;;9933;12;9937;26;;;9929.5;0.0
yf_ZC=F_d7;35800;INTARIAN_PEPPER_ROOT;12792;17;12789;8;;;12805;10;12807;20;;;12798.5;0.0
yf_ZC=F_d7;35900;ASH_COATED_OSMIUM;9926;19;9922;29;;;9932;20;9936;23;;;9929.0;0.0
yf_ZC=F_d7;35900;INTARIAN_PEPPER_ROOT;12795;7;12793;24;;;12801;7;12804;16;;;12798.0;0.0
yf_ZC=F_d7;36000;ASH_COATED_OSMIUM;9925;9;9922;20;;;9934;23;9937;20;;;9929.5;0.0
yf_ZC=F_d7;36000;INTARIAN_PEPPER_ROOT;12795;10;12793;14;;;12801;26;12803;10;;;12798.0;0.0
yf_ZC=F_d7;36100;ASH_COATED_OSMIUM;9926;12;9924;20;;;9932;10;9936;32;;;9929.0;0.0
yf_ZC=F_d7;36100;INTARIAN_PEPPER_ROOT;12795;13;12792;8;;;12801;15;12805;24;;;12798.0;0.0
yf_ZC=F_d7;36200;ASH_COATED_OSMIUM;9926;10;9922;11;;;9932;11;9935;24;;;9929.0;0.0
yf_ZC=F_d7;36200;INTARIAN_PEPPER_ROOT;12796;11;12794;10;;;12802;12;12806;13;;;12799.0;0.0
yf_ZC=F_d7;36300;ASH_COATED_OSMIUM;9927;20;9925;26;;;9933;16;9936;14;;;9930.0;0.0
yf_ZC=F_d7;36300;INTARIAN_PEPPER_ROOT;12796;17;12792;16;;;12802;9;12804;16;;;12799.0;0.0
yf_ZC=F_d7;36400;ASH_COATED_OSMIUM;9921;19;9917;15;;;9938;16;9940;16;;;9929.5;0.0
yf_ZC=F_d7;36400;INTARIAN_PEPPER_ROOT;12792;17;12788;20;;;12806;16;12808;14;;;12799.0;0.0
yf_ZC=F_d7;36500;ASH_COATED_OSMIUM;9926;17;9922;20;;;9932;16;9935;14;;;9929.0;0.0
yf_ZC=F_d7;36500;INTARIAN_PEPPER_ROOT;12796;15;12792;20;;;12802;10;12804;32;;;12799.0;0.0
yf_ZC=F_d7;36600;ASH_COATED_OSMIUM;9926;13;9923;15;;;9932;11;9936;15;;;9929.0;0.0
yf_ZC=F_d7;36600;INTARIAN_PEPPER_ROOT;12791;18;12787;24;;;12807;13;12809;18;;;12799.0;0.0
yf_ZC=F_d7;36700;ASH_COATED_OSMIUM;9924;12;9920;18;;;9934;15;9936;24;;;9929.0;0.0
yf_ZC=F_d7;36700;INTARIAN_PEPPER_ROOT;12796;22;12792;19;;;12802;8;12806;21;;;12799.0;0.0
yf_ZC=F_d7;36800;ASH_COATED_OSMIUM;9926;17;9922;21;;;9932;10;9935;19;;;9929.0;0.0
yf_ZC=F_d7;36800;INTARIAN_PEPPER_ROOT;12797;18;12794;19;;;12803;21;12805;11;;;12800.0;0.0
yf_ZC=F_d7;36900;ASH_COATED_OSMIUM;9926;22;9922;25;;;9932;27;9936;12;;;9929.0;0.0
yf_ZC=F_d7;36900;INTARIAN_PEPPER_ROOT;12796;19;12794;18;;;12804;18;12806;17;;;12800.0;0.0
yf_ZC=F_d7;37000;ASH_COATED_OSMIUM;9922;12;9918;16;;;9938;16;9941;21;;;9930.0;0.0
yf_ZC=F_d7;37000;INTARIAN_PEPPER_ROOT;12796;12;12792;30;;;12803;17;12807;16;;;12799.5;0.0
yf_ZC=F_d7;37100;ASH_COATED_OSMIUM;9926;15;9923;17;;;9933;9;9936;25;;;9929.5;0.0
yf_ZC=F_d7;37100;INTARIAN_PEPPER_ROOT;12796;19;12792;14;;;12802;6;12804;27;;;12799.0;0.0
yf_ZC=F_d7;37200;ASH_COATED_OSMIUM;9926;19;9924;23;;;9934;11;9938;23;;;9930.0;0.0
yf_ZC=F_d7;37200;INTARIAN_PEPPER_ROOT;12795;16;12793;13;;;12806;9;12808;18;;;12800.5;0.0
yf_ZC=F_d7;37300;ASH_COATED_OSMIUM;9927;8;9923;13;;;9933;14;9936;18;;;9930.0;0.0
yf_ZC=F_d7;37300;INTARIAN_PEPPER_ROOT;12797;20;12794;11;;;12803;16;12806;23;;;12800.0;0.0
yf_ZC=F_d7;37400;ASH_COATED_OSMIUM;9927;12;9925;20;;;9933;10;9935;16;;;9930.0;0.0
yf_ZC=F_d7;37400;INTARIAN_PEPPER_ROOT;12796;14;12792;19;;;12803;14;12806;22;;;12799.5;0.0
yf_ZC=F_d7;37500;ASH_COATED_OSMIUM;9927;16;9925;21;;;9933;13;9937;20;;;9930.0;0.0
yf_ZC=F_d7;37500;INTARIAN_PEPPER_ROOT;12797;10;12794;24;;;12804;9;12808;20;;;12800.5;0.0
yf_ZC=F_d7;37600;ASH_COATED_OSMIUM;9924;11;9921;18;;;9934;12;9937;20;;;9929.0;0.0
yf_ZC=F_d7;37600;INTARIAN_PEPPER_ROOT;12796;17;12794;18;;;12804;13;12808;20;;;12800.0;0.0
yf_ZC=F_d7;37700;ASH_COATED_OSMIUM;9927;27;9924;19;;;9933;15;9936;20;;;9930.0;0.0
yf_ZC=F_d7;37700;INTARIAN_PEPPER_ROOT;12798;21;12794;14;;;12804;10;12808;21;;;12801.0;0.0
yf_ZC=F_d7;37800;ASH_COATED_OSMIUM;9927;16;9925;17;;;9933;19;9937;21;;;9930.0;0.0
yf_ZC=F_d7;37800;INTARIAN_PEPPER_ROOT;12798;12;12795;20;;;12804;12;12808;17;;;12801.0;0.0
yf_ZC=F_d7;37900;ASH_COATED_OSMIUM;9926;11;9924;15;;;9934;19;9938;8;;;9930.0;0.0
yf_ZC=F_d7;37900;INTARIAN_PEPPER_ROOT;12798;16;12794;35;;;12804;14;12806;17;;;12801.0;0.0
yf_ZC=F_d7;38000;ASH_COATED_OSMIUM;9926;11;9923;26;;;9933;13;9937;16;;;9929.5;0.0
yf_ZC=F_d7;38000;INTARIAN_PEPPER_ROOT;12796;17;12793;22;;;12805;27;12809;21;;;12800.5;0.0
yf_ZC=F_d7;38100;ASH_COATED_OSMIUM;9923;18;9919;13;;;9937;11;9940;15;;;9930.0;0.0
yf_ZC=F_d7;38100;INTARIAN_PEPPER_ROOT;12798;21;12794;19;;;12804;5;12807;18;;;12801.0;0.0
yf_ZC=F_d7;38200;ASH_COATED_OSMIUM;9926;17;9924;19;;;9933;16;9936;14;;;9929.5;0.0
yf_ZC=F_d7;38200;INTARIAN_PEPPER_ROOT;12797;12;12793;24;;;12805;5;12808;18;;;12801.0;0.0
yf_ZC=F_d7;38300;ASH_COATED_OSMIUM;9927;5;9923;26;;;9933;10;9937;15;;;9930.0;0.0
yf_ZC=F_d7;38300;INTARIAN_PEPPER_ROOT;12798;8;12795;13;;;12804;15;12807;15;;;12801.0;0.0
yf_ZC=F_d7;38400;ASH_COATED_OSMIUM;9926;10;9922;20;;;9934;11;9937;27;;;9930.0;0.0
yf_ZC=F_d7;38400;INTARIAN_PEPPER_ROOT;12798;12;12795;16;;;12804;7;12807;17;;;12801.0;0.0
yf_ZC=F_d7;38500;ASH_COATED_OSMIUM;9923;15;9921;24;;;9938;18;9941;11;;;9930.5;0.0
yf_ZC=F_d7;38500;INTARIAN_PEPPER_ROOT;12798;12;12795;20;;;12804;8;12806;17;;;12801.0;0.0
yf_ZC=F_d7;38600;ASH_COATED_OSMIUM;9927;20;9923;30;;;9933;7;9936;23;;;9930.0;0.0
yf_ZC=F_d7;38600;INTARIAN_PEPPER_ROOT;12796;8;12793;13;;;12808;20;12812;21;;;12802.0;0.0
yf_ZC=F_d7;38700;ASH_COATED_OSMIUM;9927;10;9924;17;;;9934;18;9937;18;;;9930.5;0.0
yf_ZC=F_d7;38700;INTARIAN_PEPPER_ROOT;12797;21;12793;26;;;12807;7;12809;22;;;12802.0;0.0
yf_ZC=F_d7;38800;ASH_COATED_OSMIUM;9913;12;9910;19;;;9947;22;9951;20;;;9930.0;0.0
yf_ZC=F_d7;38800;INTARIAN_PEPPER_ROOT;12796;12;12793;25;;;12808;16;12811;29;;;12802.0;0.0
yf_ZC=F_d7;38900;ASH_COATED_OSMIUM;9926;16;9924;23;;;9932;16;9935;11;;;9929.0;0.0
yf_ZC=F_d7;38900;INTARIAN_PEPPER_ROOT;12799;15;12796;19;;;12805;21;12808;20;;;12802.0;0.0
yf_ZC=F_d7;39000;ASH_COATED_OSMIUM;9926;18;9923;13;;;9935;5;9939;20;;;9930.5;0.0
yf_ZC=F_d7;39000;INTARIAN_PEPPER_ROOT;12796;22;12793;11;;;12810;11;12812;27;;;12803.0;0.0
yf_ZC=F_d7;39100;ASH_COATED_OSMIUM;9928;23;9924;29;;;9934;19;9937;13;;;9931.0;0.0
yf_ZC=F_d7;39100;INTARIAN_PEPPER_ROOT;12799;18;12796;25;;;12806;5;12809;26;;;12802.5;0.0
yf_ZC=F_d7;39200;ASH_COATED_OSMIUM;9928;20;9926;18;;;9934;17;9936;24;;;9931.0;0.0
yf_ZC=F_d7;39200;INTARIAN_PEPPER_ROOT;12800;16;12796;27;;;12806;19;12810;17;;;12803.0;0.0
yf_ZC=F_d7;39300;ASH_COATED_OSMIUM;9927;5;9925;28;;;9934;17;9938;23;;;9930.5;0.0
yf_ZC=F_d7;39300;INTARIAN_PEPPER_ROOT;12800;18;12796;16;;;12806;13;12809;26;;;12803.0;0.0
yf_ZC=F_d7;39400;ASH_COATED_OSMIUM;9928;6;9926;19;;;9934;19;9938;23;;;9931.0;0.0
yf_ZC=F_d7;39400;INTARIAN_PEPPER_ROOT;12795;15;12792;19;;;12810;16;12812;23;;;12802.5;0.0
yf_ZC=F_d7;39500;ASH_COATED_OSMIUM;9928;5;9926;13;;;9934;17;9937;16;;;9931.0;0.0
yf_ZC=F_d7;39500;INTARIAN_PEPPER_ROOT;12796;18;12792;20;;;12810;8;12812;28;;;12803.0;0.0
yf_ZC=F_d7;39600;ASH_COATED_OSMIUM;9928;18;9924;22;;;9934;18;9936;12;;;9931.0;0.0
yf_ZC=F_d7;39600;INTARIAN_PEPPER_ROOT;12798;15;12794;14;;;12808;12;12812;15;;;12803.0;0.0
yf_ZC=F_d7;39700;ASH_COATED_OSMIUM;9921;17;9919;15;;;9940;19;9942;17;;;9930.5;0.0
yf_ZC=F_d7;39700;INTARIAN_PEPPER_ROOT;12792;12;12789;15;;;12815;12;12819;21;;;12803.5;0.0
yf_ZC=F_d7;39800;ASH_COATED_OSMIUM;9927;13;9924;18;;;9933;18;9936;25;;;9930.0;0.0
yf_ZC=F_d7;39800;INTARIAN_PEPPER_ROOT;12801;13;12798;17;;;12807;10;12810;20;;;12804.0;0.0
yf_ZC=F_d7;39900;ASH_COATED_OSMIUM;9928;11;9925;23;;;9934;5;9938;25;;;9931.0;0.0
yf_ZC=F_d7;39900;INTARIAN_PEPPER_ROOT;12800;19;12797;20;;;12806;12;12810;17;;;12803.0;0.0
yf_ZC=F_d7;40000;ASH_COATED_OSMIUM;9928;9;9924;14;;;9934;17;9938;15;;;9931.0;0.0
yf_ZC=F_d7;40000;INTARIAN_PEPPER_ROOT;12801;17;12798;20;;;12807;14;12811;23;;;12804.0;0.0
yf_ZC=F_d7;40100;ASH_COATED_OSMIUM;9928;27;9925;23;;;9934;11;9936;24;;;9931.0;0.0
yf_ZC=F_d7;40100;INTARIAN_PEPPER_ROOT;12797;15;12794;18;;;12811;19;12814;27;;;12804.0;0.0
yf_ZC=F_d7;40200;ASH_COATED_OSMIUM;9925;9;9923;15;;;9937;15;9939;22;;;9931.0;0.0
yf_ZC=F_d7;40200;INTARIAN_PEPPER_ROOT;12801;13;12798;18;;;12807;19;12809;23;;;12804.0;0.0
yf_ZC=F_d7;40300;ASH_COATED_OSMIUM;9927;15;9924;22;;;9935;13;9937;17;;;9931.0;0.0
yf_ZC=F_d7;40300;INTARIAN_PEPPER_ROOT;12796;18;12794;21;;;12813;19;12815;17;;;12804.5;0.0
yf_ZC=F_d7;40400;ASH_COATED_OSMIUM;9928;10;9926;19;;;9934;7;9938;18;;;9931.0;0.0
yf_ZC=F_d7;40400;INTARIAN_PEPPER_ROOT;12801;8;12798;21;;;12807;10;12810;10;;;12804.0;0.0
yf_ZC=F_d7;40500;ASH_COATED_OSMIUM;9918;9;9916;24;;;9944;17;9948;13;;;9931.0;0.0
yf_ZC=F_d7;40500;INTARIAN_PEPPER_ROOT;12801;8;12798;19;;;12807;9;12809;23;;;12804.0;0.0
yf_ZC=F_d7;40600;ASH_COATED_OSMIUM;9928;22;9926;15;;;9934;13;9938;20;;;9931.0;0.0
yf_ZC=F_d7;40600;INTARIAN_PEPPER_ROOT;12801;18;12798;17;;;12809;20;12812;29;;;12805.0;0.0
yf_ZC=F_d7;40700;ASH_COATED_OSMIUM;9928;14;9926;17;;;9934;6;9938;12;;;9931.0;0.0
yf_ZC=F_d7;40700;INTARIAN_PEPPER_ROOT;12802;16;12799;10;;;12808;8;12811;20;;;12805.0;0.0
yf_ZC=F_d7;40800;ASH_COATED_OSMIUM;9922;15;9920;22;;;9939;20;9943;26;;;9930.5;0.0
yf_ZC=F_d7;40800;INTARIAN_PEPPER_ROOT;12802;15;12799;23;;;12808;16;12811;20;;;12805.0;0.0
yf_ZC=F_d7;40900;ASH_COATED_OSMIUM;9928;24;9926;19;;;9934;10;9938;25;;;9931.0;0.0
yf_ZC=F_d7;40900;INTARIAN_PEPPER_ROOT;12792;5;12788;14;;;12818;14;12821;19;;;12805.0;0.0
yf_ZC=F_d7;41000;ASH_COATED_OSMIUM;9928;15;9925;35;;;9934;7;9937;16;;;9931.0;0.0
yf_ZC=F_d7;41000;INTARIAN_PEPPER_ROOT;12801;9;12797;23;;;12810;5;12814;21;;;12805.5;0.0
yf_ZC=F_d7;41100;ASH_COATED_OSMIUM;9926;13;9922;10;;;9936;12;9940;18;;;9931.0;0.0
yf_ZC=F_d7;41100;INTARIAN_PEPPER_ROOT;12802;5;12800;13;;;12808;10;12812;29;;;12805.0;0.0
yf_ZC=F_d7;41200;ASH_COATED_OSMIUM;9928;10;9926;19;;;9934;7;9937;19;;;9931.0;0.0
yf_ZC=F_d7;41200;INTARIAN_PEPPER_ROOT;12802;19;12800;15;;;12808;18;12812;17;;;12805.0;0.0
yf_ZC=F_d7;41300;ASH_COATED_OSMIUM;9929;16;9926;19;;;9935;16;9938;21;;;9932.0;0.0
yf_ZC=F_d7;41300;INTARIAN_PEPPER_ROOT;12789;18;12787;21;;;12822;18;12825;21;;;12805.5;0.0
yf_ZC=F_d7;41400;ASH_COATED_OSMIUM;9928;18;9924;23;;;9934;12;9936;22;;;9931.0;0.0
yf_ZC=F_d7;41400;INTARIAN_PEPPER_ROOT;12803;11;12801;14;;;12809;19;12813;20;;;12806.0;0.0
yf_ZC=F_d7;41500;ASH_COATED_OSMIUM;9929;18;9925;12;;;9935;19;9937;21;;;9932.0;0.0
yf_ZC=F_d7;41500;INTARIAN_PEPPER_ROOT;12800;10;12796;13;;;12811;15;12814;18;;;12805.5;0.0
yf_ZC=F_d7;41600;ASH_COATED_OSMIUM;9911;17;9909;21;;;9951;22;9954;15;;;9931.0;0.0
yf_ZC=F_d7;41600;INTARIAN_PEPPER_ROOT;12803;16;12800;14;;;12809;11;12811;19;;;12806.0;0.0
yf_ZC=F_d7;41700;ASH_COATED_OSMIUM;9923;15;9921;17;;;9939;11;9941;12;;;9931.0;0.0
yf_ZC=F_d7;41700;INTARIAN_PEPPER_ROOT;12796;20;12794;16;;;12817;7;12821;21;;;12806.5;0.0
yf_ZC=F_d7;41800;ASH_COATED_OSMIUM;9926;17;9923;16;;;9936;5;9939;26;;;9931.0;0.0
yf_ZC=F_d7;41800;INTARIAN_PEPPER_ROOT;12803;21;12801;21;;;12809;22;12812;20;;;12806.0;0.0
yf_ZC=F_d7;41900;ASH_COATED_OSMIUM;9925;11;9923;12;;;9940;26;9943;23;;;9932.5;0.0
yf_ZC=F_d7;41900;INTARIAN_PEPPER_ROOT;12789;12;12785;28;;;12825;13;12829;21;;;12807.0;0.0
yf_ZC=F_d7;42000;ASH_COATED_OSMIUM;9928;15;9924;18;;;9934;12;9936;27;;;9931.0;0.0
yf_ZC=F_d7;42000;INTARIAN_PEPPER_ROOT;12802;9;12799;15;;;12810;21;12812;14;;;12806.0;0.0
yf_ZC=F_d7;42100;ASH_COATED_OSMIUM;9926;21;9923;20;;;9936;15;9939;14;;;9931.0;0.0
yf_ZC=F_d7;42100;INTARIAN_PEPPER_ROOT;12793;10;12789;35;;;12821;26;12824;25;;;12807.0;0.0
yf_ZC=F_d7;42200;ASH_COATED_OSMIUM;9924;17;9920;20;;;9939;24;9942;16;;;9931.5;0.0
yf_ZC=F_d7;42200;INTARIAN_PEPPER_ROOT;12801;11;12798;25;;;12812;16;12816;12;;;12806.5;0.0
yf_ZC=F_d7;42300;ASH_COATED_OSMIUM;9929;11;9926;20;;;9935;14;9938;18;;;9932.0;0.0
yf_ZC=F_d7;42300;INTARIAN_PEPPER_ROOT;12804;16;12801;13;;;12810;19;12814;17;;;12807.0;0.0
yf_ZC=F_d7;42400;ASH_COATED_OSMIUM;9929;17;9925;30;;;9935;21;9939;22;;;9932.0;0.0
yf_ZC=F_d7;42400;INTARIAN_PEPPER_ROOT;12804;16;12802;20;;;12810;21;12813;22;;;12807.0;0.0
yf_ZC=F_d7;42500;ASH_COATED_OSMIUM;9929;13;9926;12;;;9935;20;9937;23;;;9932.0;0.0
yf_ZC=F_d7;42500;INTARIAN_PEPPER_ROOT;12803;16;12800;20;;;12809;9;12811;22;;;12806.0;0.0
yf_ZC=F_d7;42600;ASH_COATED_OSMIUM;9929;17;9927;21;;;9935;15;9938;13;;;9932.0;0.0
yf_ZC=F_d7;42600;INTARIAN_PEPPER_ROOT;12804;5;12800;19;;;12811;10;12815;21;;;12807.5;0.0
yf_ZC=F_d7;42700;ASH_COATED_OSMIUM;9929;11;9925;27;;;9935;13;9938;23;;;9932.0;0.0
yf_ZC=F_d7;42700;INTARIAN_PEPPER_ROOT;12804;15;12800;26;;;12810;18;12814;17;;;12807.0;0.0
yf_ZC=F_d7;42800;ASH_COATED_OSMIUM;9928;10;9924;20;;;9936;8;9938;24;;;9932.0;0.0
yf_ZC=F_d7;42800;INTARIAN_PEPPER_ROOT;12805;5;12802;9;;;12811;8;12814;24;;;12808.0;0.0
yf_ZC=F_d7;42900;ASH_COATED_OSMIUM;9927;12;9923;23;;;9936;19;9940;19;;;9931.5;0.0
yf_ZC=F_d7;42900;INTARIAN_PEPPER_ROOT;12803;20;12799;20;;;12813;10;12817;20;;;12808.0;0.0
yf_ZC=F_d7;43000;ASH_COATED_OSMIUM;9926;12;9923;16;;;9937;9;9941;19;;;9931.5;0.0
yf_ZC=F_d7;43000;INTARIAN_PEPPER_ROOT;12805;14;12801;25;;;12811;20;12813;18;;;12808.0;0.0
yf_ZC=F_d7;43100;ASH_COATED_OSMIUM;9929;12;9925;26;;;9935;16;9938;19;;;9932.0;0.0
yf_ZC=F_d7;43100;INTARIAN_PEPPER_ROOT;12804;7;12800;8;;;12813;9;12816;23;;;12808.5;0.0
yf_ZC=F_d7;43200;ASH_COATED_OSMIUM;9926;20;9923;24;;;9938;27;9941;15;;;9932.0;0.0
yf_ZC=F_d7;43200;INTARIAN_PEPPER_ROOT;12800;26;12796;20;;;12816;15;12820;18;;;12808.0;0.0
yf_ZC=F_d7;43300;ASH_COATED_OSMIUM;9929;11;9927;14;;;9935;13;9939;16;;;9932.0;0.0
yf_ZC=F_d7;43300;INTARIAN_PEPPER_ROOT;12806;14;12803;19;;;12812;16;12816;16;;;12809.0;0.0
yf_ZC=F_d7;43400;ASH_COATED_OSMIUM;9926;14;9924;23;;;9938;16;9940;15;;;9932.0;0.0
yf_ZC=F_d7;43400;INTARIAN_PEPPER_ROOT;12802;11;12798;21;;;12815;18;12819;23;;;12808.5;0.0
yf_ZC=F_d7;43500;ASH_COATED_OSMIUM;9929;13;9925;24;;;9935;11;9937;21;;;9932.0;0.0
yf_ZC=F_d7;43500;INTARIAN_PEPPER_ROOT;12805;7;12802;14;;;12813;20;12815;12;;;12809.0;0.0
yf_ZC=F_d7;43600;ASH_COATED_OSMIUM;9928;18;9924;15;;;9937;21;9940;17;;;9932.5;0.0
yf_ZC=F_d7;43600;INTARIAN_PEPPER_ROOT;12805;16;12803;25;;;12812;16;12815;19;;;12808.5;0.0
yf_ZC=F_d7;43700;ASH_COATED_OSMIUM;9928;18;9926;20;;;9938;17;9941;17;;;9933.0;0.0
yf_ZC=F_d7;43700;INTARIAN_PEPPER_ROOT;12806;13;12804;19;;;12812;20;12814;13;;;12809.0;0.0
yf_ZC=F_d7;43800;ASH_COATED_OSMIUM;9926;14;9924;14;;;9939;15;9941;13;;;9932.5;0.0
yf_ZC=F_d7;43800;INTARIAN_PEPPER_ROOT;12806;14;12803;23;;;12812;16;12815;22;;;12809.0;0.0
yf_ZC=F_d7;43900;ASH_COATED_OSMIUM;9926;20;9923;16;;;9939;10;9943;11;;;9932.5;0.0
yf_ZC=F_d7;43900;INTARIAN_PEPPER_ROOT;12804;17;12800;16;;;12814;18;12816;24;;;12809.0;0.0
yf_ZC=F_d7;44000;ASH_COATED_OSMIUM;9925;10;9923;19;;;9940;21;9944;11;;;9932.5;0.0
yf_ZC=F_d7;44000;INTARIAN_PEPPER_ROOT;12806;17;12803;14;;;12812;12;12816;27;;;12809.0;0.0
yf_ZC=F_d7;44100;ASH_COATED_OSMIUM;9926;20;9922;21;;;9939;18;9942;20;;;9932.5;0.0
yf_ZC=F_d7;44100;INTARIAN_PEPPER_ROOT;12804;22;12800;30;;;12815;13;12818;18;;;12809.5;0.0
yf_ZC=F_d7;44200;ASH_COATED_OSMIUM;9925;22;9923;24;;;9941;24;9945;17;;;9933.0;0.0
yf_ZC=F_d7;44200;INTARIAN_PEPPER_ROOT;12806;6;12803;20;;;12812;17;12814;25;;;12809.0;0.0
yf_ZC=F_d7;44300;ASH_COATED_OSMIUM;9929;17;9926;12;;;9935;18;9938;18;;;9932.0;0.0
yf_ZC=F_d7;44300;INTARIAN_PEPPER_ROOT;12801;5;12799;23;;;12818;12;12821;27;;;12809.5;0.0
yf_ZC=F_d7;44400;ASH_COATED_OSMIUM;9925;15;9923;20;;;9939;16;9941;21;;;9932.0;0.0
yf_ZC=F_d7;44400;INTARIAN_PEPPER_ROOT;12807;10;12805;16;;;12813;12;12817;15;;;12810.0;0.0
yf_ZC=F_d7;44500;ASH_COATED_OSMIUM;9929;19;9927;17;;;9937;23;9941;32;;;9933.0;0.0
yf_ZC=F_d7;44500;INTARIAN_PEPPER_ROOT;12807;12;12804;19;;;12813;15;12815;21;;;12810.0;0.0
yf_ZC=F_d7;44600;ASH_COATED_OSMIUM;9925;10;9922;18;;;9941;24;9945;17;;;9933.0;0.0
yf_ZC=F_d7;44600;INTARIAN_PEPPER_ROOT;12806;23;12802;35;;;12812;5;12815;21;;;12809.0;0.0
yf_ZC=F_d7;44700;ASH_COATED_OSMIUM;9930;17;9927;23;;;9936;8;9939;14;;;9933.0;0.0
yf_ZC=F_d7;44700;INTARIAN_PEPPER_ROOT;12800;30;12796;17;;;12820;16;12824;21;;;12810.0;0.0
yf_ZC=F_d7;44800;ASH_COATED_OSMIUM;9930;13;9926;16;;;9936;11;9939;8;;;9933.0;0.0
yf_ZC=F_d7;44800;INTARIAN_PEPPER_ROOT;12807;15;12805;21;;;12813;12;12815;23;;;12810.0;0.0
yf_ZC=F_d7;44900;ASH_COATED_OSMIUM;9923;11;9919;8;;;9942;20;9946;17;;;9932.5;0.0
yf_ZC=F_d7;44900;INTARIAN_PEPPER_ROOT;12804;14;12801;13;;;12816;11;12818;22;;;12810.0;0.0
yf_ZC=F_d7;45000;ASH_COATED_OSMIUM;9930;10;9927;17;;;9936;14;9938;24;;;9933.0;0.0
yf_ZC=F_d7;45000;INTARIAN_PEPPER_ROOT;12803;8;12799;23;;;12819;13;12823;18;;;12811.0;0.0
yf_ZC=F_d7;45100;ASH_COATED_OSMIUM;9930;8;9928;18;;;9936;17;9939;20;;;9933.0;0.0
yf_ZC=F_d7;45100;INTARIAN_PEPPER_ROOT;12808;5;12806;19;;;12814;20;12818;21;;;12811.0;0.0
yf_ZC=F_d7;45200;ASH_COATED_OSMIUM;9930;14;9926;16;;;9936;14;9938;24;;;9933.0;0.0
yf_ZC=F_d7;45200;INTARIAN_PEPPER_ROOT;12808;7;12806;14;;;12814;24;12816;19;;;12811.0;0.0
yf_ZC=F_d7;45300;ASH_COATED_OSMIUM;9930;19;9927;22;;;9936;14;9939;28;;;9933.0;0.0
yf_ZC=F_d7;45300;INTARIAN_PEPPER_ROOT;12807;18;12805;16;;;12815;16;12817;20;;;12811.0;0.0
yf_ZC=F_d7;45400;ASH_COATED_OSMIUM;9931;19;9929;18;;;9937;8;9940;24;;;9934.0;0.0
yf_ZC=F_d7;45400;INTARIAN_PEPPER_ROOT;12808;21;12804;17;;;12814;10;12818;18;;;12811.0;0.0
yf_ZC=F_d7;45500;ASH_COATED_OSMIUM;9917;5;9913;19;;;9949;6;9951;16;;;9933.0;0.0
yf_ZC=F_d7;45500;INTARIAN_PEPPER_ROOT;12808;13;12806;16;;;12814;14;12817;24;;;12811.0;0.0
yf_ZC=F_d7;45600;ASH_COATED_OSMIUM;9921;30;9918;21;;;9945;13;9949;23;;;9933.0;0.0
yf_ZC=F_d7;45600;INTARIAN_PEPPER_ROOT;12808;5;12804;17;;;12814;20;12818;17;;;12811.0;0.0
yf_ZC=F_d7;45700;ASH_COATED_OSMIUM;9928;14;9926;18;;;9939;23;9942;15;;;9933.5;0.0
yf_ZC=F_d7;45700;INTARIAN_PEPPER_ROOT;12804;21;12800;15;;;12818;15;12821;20;;;12811.0;0.0
yf_ZC=F_d7;45800;ASH_COATED_OSMIUM;9930;14;9926;20;;;9936;18;9940;27;;;9933.0;0.0
yf_ZC=F_d7;45800;INTARIAN_PEPPER_ROOT;12808;16;12804;21;;;12814;13;12816;21;;;12811.0;0.0
yf_ZC=F_d7;45900;ASH_COATED_OSMIUM;9928;17;9926;23;;;9938;18;9942;24;;;9933.0;0.0
yf_ZC=F_d7;45900;INTARIAN_PEPPER_ROOT;12809;10;12807;8;;;12815;19;12817;21;;;12812.0;0.0
yf_ZC=F_d7;46000;ASH_COATED_OSMIUM;9926;27;9922;22;;;9941;16;9944;20;;;9933.5;0.0
yf_ZC=F_d7;46000;INTARIAN_PEPPER_ROOT;12809;11;12805;24;;;12815;13;12819;16;;;12812.0;0.0
yf_ZC=F_d7;46100;ASH_COATED_OSMIUM;9930;21;9926;22;;;9936;11;9938;15;;;9933.0;0.0
yf_ZC=F_d7;46100;INTARIAN_PEPPER_ROOT;12807;10;12804;21;;;12817;8;12819;15;;;12812.0;0.0
yf_ZC=F_d7;46200;ASH_COATED_OSMIUM;9931;12;9929;22;;;9937;16;9941;17;;;9934.0;0.0
yf_ZC=F_d7;46200;INTARIAN_PEPPER_ROOT;12806;8;12803;19;;;12817;13;12820;18;;;12811.5;0.0
yf_ZC=F_d7;46300;ASH_COATED_OSMIUM;9920;14;9918;21;;;9947;20;9949;11;;;9933.5;0.0
yf_ZC=F_d7;46300;INTARIAN_PEPPER_ROOT;12809;16;12805;21;;;12815;12;12819;25;;;12812.0;0.0
yf_ZC=F_d7;46400;ASH_COATED_OSMIUM;9930;19;9927;17;;;9936;7;9940;17;;;9933.0;0.0
yf_ZC=F_d7;46400;INTARIAN_PEPPER_ROOT;12809;5;12805;19;;;12815;7;12818;26;;;12812.0;0.0
yf_ZC=F_d7;46500;ASH_COATED_OSMIUM;9928;19;9925;20;;;9939;14;9941;16;;;9933.5;0.0
yf_ZC=F_d7;46500;INTARIAN_PEPPER_ROOT;12802;14;12798;26;;;12822;15;12826;22;;;12812.0;0.0
yf_ZC=F_d7;46600;ASH_COATED_OSMIUM;9929;15;9927;22;;;9938;9;9941;20;;;9933.5;0.0
yf_ZC=F_d7;46600;INTARIAN_PEPPER_ROOT;12810;13;12807;18;;;12816;19;12820;26;;;12813.0;0.0
yf_ZC=F_d7;46700;ASH_COATED_OSMIUM;9927;15;9925;8;;;9942;18;9945;18;;;9934.5;0.0
yf_ZC=F_d7;46700;INTARIAN_PEPPER_ROOT;12810;15;12807;26;;;12816;9;12818;24;;;12813.0;0.0
yf_ZC=F_d7;46800;ASH_COATED_OSMIUM;9931;17;9928;14;;;9937;15;9941;10;;;9934.0;0.0
yf_ZC=F_d7;46800;INTARIAN_PEPPER_ROOT;12810;11;12808;9;;;12816;15;12819;19;;;12813.0;0.0
yf_ZC=F_d7;46900;ASH_COATED_OSMIUM;9931;14;9929;16;;;9937;9;9940;14;;;9934.0;0.0
yf_ZC=F_d7;46900;INTARIAN_PEPPER_ROOT;12810;15;12808;16;;;12816;14;12820;21;;;12813.0;0.0
yf_ZC=F_d7;47000;ASH_COATED_OSMIUM;9930;20;9927;17;;;9936;16;9939;27;;;9933.0;0.0
yf_ZC=F_d7;47000;INTARIAN_PEPPER_ROOT;12810;16;12807;23;;;12816;20;12819;13;;;12813.0;0.0
yf_ZC=F_d7;47100;ASH_COATED_OSMIUM;9931;16;9928;13;;;9937;10;9941;19;;;9934.0;0.0
yf_ZC=F_d7;47100;INTARIAN_PEPPER_ROOT;12805;17;12801;20;;;12820;14;12824;22;;;12812.5;0.0
yf_ZC=F_d7;47200;ASH_COATED_OSMIUM;9922;14;9919;25;;;9945;7;9948;11;;;9933.5;0.0
yf_ZC=F_d7;47200;INTARIAN_PEPPER_ROOT;12810;21;12806;22;;;12816;9;12819;17;;;12813.0;0.0
yf_ZC=F_d7;47300;ASH_COATED_OSMIUM;9931;15;9928;23;;;9937;11;9939;24;;;9934.0;0.0
yf_ZC=F_d7;47300;INTARIAN_PEPPER_ROOT;12810;9;12807;11;;;12818;9;12820;25;;;12814.0;0.0
yf_ZC=F_d7;47400;ASH_COATED_OSMIUM;9928;11;9924;13;;;9940;16;9943;28;;;9934.0;0.0
yf_ZC=F_d7;47400;INTARIAN_PEPPER_ROOT;12810;14;12806;17;;;12817;9;12820;16;;;12813.5;0.0
yf_ZC=F_d7;47500;ASH_COATED_OSMIUM;9930;14;9927;17;;;9937;12;9939;17;;;9933.5;0.0
yf_ZC=F_d7;47500;INTARIAN_PEPPER_ROOT;12810;25;12808;19;;;12818;16;12820;20;;;12814.0;0.0
yf_ZC=F_d7;47600;ASH_COATED_OSMIUM;9929;13;9927;14;;;9938;17;9941;19;;;9933.5;0.0
yf_ZC=F_d7;47600;INTARIAN_PEPPER_ROOT;12810;13;12806;24;;;12816;10;12820;21;;;12813.0;0.0
yf_ZC=F_d7;47700;ASH_COATED_OSMIUM;9931;17;9928;17;;;9937;17;9941;26;;;9934.0;0.0
yf_ZC=F_d7;47700;INTARIAN_PEPPER_ROOT;12811;15;12808;17;;;12817;16;12820;27;;;12814.0;0.0
yf_ZC=F_d7;47800;ASH_COATED_OSMIUM;9931;17;9929;8;;;9937;15;9941;26;;;9934.0;0.0
yf_ZC=F_d7;47800;INTARIAN_PEPPER_ROOT;12808;15;12806;21;;;12821;22;12824;14;;;12814.5;0.0
yf_ZC=F_d7;47900;ASH_COATED_OSMIUM;9931;16;9929;22;;;9938;11;9940;24;;;9934.5;0.0
yf_ZC=F_d7;47900;INTARIAN_PEPPER_ROOT;12809;12;12806;25;;;12819;10;12823;23;;;12814.0;0.0
yf_ZC=F_d7;48000;ASH_COATED_OSMIUM;9932;13;9930;23;;;9938;20;9941;27;;;9935.0;0.0
yf_ZC=F_d7;48000;INTARIAN_PEPPER_ROOT;12811;11;12807;18;;;12817;10;12819;19;;;12814.0;0.0
yf_ZC=F_d7;48100;ASH_COATED_OSMIUM;9932;7;9929;17;;;9938;9;9940;22;;;9935.0;0.0
yf_ZC=F_d7;48100;INTARIAN_PEPPER_ROOT;12812;22;12810;21;;;12818;10;12821;16;;;12815.0;0.0
yf_ZC=F_d7;48200;ASH_COATED_OSMIUM;9926;7;9922;22;;;9941;29;9945;15;;;9933.5;0.0
yf_ZC=F_d7;48200;INTARIAN_PEPPER_ROOT;12812;20;12808;15;;;12818;12;12821;19;;;12815.0;0.0
yf_ZC=F_d7;48300;ASH_COATED_OSMIUM;9926;16;9924;22;;;9944;21;9948;17;;;9935.0;0.0
yf_ZC=F_d7;48300;INTARIAN_PEPPER_ROOT;12810;21;12807;13;;;12820;12;12822;32;;;12815.0;0.0
yf_ZC=F_d7;48400;ASH_COATED_OSMIUM;9927;14;9925;25;;;9940;6;9944;14;;;9933.5;0.0
yf_ZC=F_d7;48400;INTARIAN_PEPPER_ROOT;12812;11;12810;11;;;12818;15;12820;15;;;12815.0;0.0
yf_ZC=F_d7;48500;ASH_COATED_OSMIUM;9931;16;9929;30;;;9938;5;9940;21;;;9934.5;0.0
yf_ZC=F_d7;48500;INTARIAN_PEPPER_ROOT;12812;16;12810;8;;;12818;8;12820;22;;;12815.0;0.0
yf_ZC=F_d7;48600;ASH_COATED_OSMIUM;9932;14;9928;26;;;9938;13;9940;24;;;9935.0;0.0
yf_ZC=F_d7;48600;INTARIAN_PEPPER_ROOT;12813;14;12809;26;;;12819;22;12822;9;;;12816.0;0.0
yf_ZC=F_d7;48700;ASH_COATED_OSMIUM;9931;17;9928;16;;;9937;6;9939;9;;;9934.0;0.0
yf_ZC=F_d7;48700;INTARIAN_PEPPER_ROOT;12810;15;12808;25;;;12821;12;12824;13;;;12815.5;0.0
yf_ZC=F_d7;48800;ASH_COATED_OSMIUM;9932;15;9930;22;;;9938;18;9940;19;;;9935.0;0.0
yf_ZC=F_d7;48800;INTARIAN_PEPPER_ROOT;12813;13;12811;14;;;12819;7;12823;20;;;12816.0;0.0
yf_ZC=F_d7;48900;ASH_COATED_OSMIUM;9928;12;9926;25;;;9941;12;9943;25;;;9934.5;0.0
yf_ZC=F_d7;48900;INTARIAN_PEPPER_ROOT;12813;16;12809;20;;;12819;14;12821;17;;;12816.0;0.0
yf_ZC=F_d7;49000;ASH_COATED_OSMIUM;9931;19;9929;31;;;9937;21;9940;20;;;9934.0;0.0
yf_ZC=F_d7;49000;INTARIAN_PEPPER_ROOT;12813;16;12809;20;;;12819;19;12821;22;;;12816.0;0.0
yf_ZC=F_d7;49100;ASH_COATED_OSMIUM;9931;16;9928;26;;;9938;17;9942;11;;;9934.5;0.0
yf_ZC=F_d7;49100;INTARIAN_PEPPER_ROOT;12813;17;12810;21;;;12819;21;12821;13;;;12816.0;0.0
yf_ZC=F_d7;49200;ASH_COATED_OSMIUM;9932;18;9930;18;;;9938;13;9940;24;;;9935.0;0.0
yf_ZC=F_d7;49200;INTARIAN_PEPPER_ROOT;12788;9;12785;15;;;12843;17;12846;19;;;12815.5;0.0
yf_ZC=F_d7;49300;ASH_COATED_OSMIUM;9932;20;9928;19;;;9938;16;9940;19;;;9935.0;0.0
yf_ZC=F_d7;49300;INTARIAN_PEPPER_ROOT;12813;20;12811;25;;;12819;20;12821;11;;;12816.0;0.0
yf_ZC=F_d7;49400;ASH_COATED_OSMIUM;9932;17;9928;19;;;9938;14;9940;14;;;9935.0;0.0
yf_ZC=F_d7;49400;INTARIAN_PEPPER_ROOT;12804;16;12800;15;;;12828;13;12831;21;;;12816.0;0.0
yf_ZC=F_d7;49500;ASH_COATED_OSMIUM;9932;20;9928;19;;;9938;10;9941;23;;;9935.0;0.0
yf_ZC=F_d7;49500;INTARIAN_PEPPER_ROOT;12813;20;12809;32;;;12819;16;12822;16;;;12816.0;0.0
yf_ZC=F_d7;49600;ASH_COATED_OSMIUM;9931;17;9929;21;;;9937;15;9939;20;;;9934.0;0.0
yf_ZC=F_d7;49600;INTARIAN_PEPPER_ROOT;12813;13;12811;22;;;12820;22;12822;14;;;12816.5;0.0
yf_ZC=F_d7;49700;ASH_COATED_OSMIUM;9932;9;9928;20;;;9938;23;9941;16;;;9935.0;0.0
yf_ZC=F_d7;49700;INTARIAN_PEPPER_ROOT;12813;7;12811;16;;;12819;17;12823;18;;;12816.0;0.0
yf_ZC=F_d7;49800;ASH_COATED_OSMIUM;9932;13;9929;23;;;9938;18;9941;13;;;9935.0;0.0
yf_ZC=F_d7;49800;INTARIAN_PEPPER_ROOT;12814;20;12810;12;;;12820;6;12824;34;;;12817.0;0.0
yf_ZC=F_d7;49900;ASH_COATED_OSMIUM;9931;11;9927;15;;;9940;12;9944;15;;;9935.5;0.0
yf_ZC=F_d7;49900;INTARIAN_PEPPER_ROOT;12814;17;12810;16;;;12820;8;12823;17;;;12817.0;0.0
yf_ZC=F_d7;50000;ASH_COATED_OSMIUM;9930;16;9926;16;;;9940;21;9943;19;;;9935.0;0.0
yf_ZC=F_d7;50000;INTARIAN_PEPPER_ROOT;12801;13;12798;23;;;12835;11;12837;21;;;12818.0;0.0
yf_ZC=F_d7;50100;ASH_COATED_OSMIUM;9932;8;9929;26;;;9938;9;9941;14;;;9935.0;0.0
yf_ZC=F_d7;50100;INTARIAN_PEPPER_ROOT;12814;10;12812;20;;;12821;20;12823;10;;;12817.5;0.0
yf_ZC=F_d7;50200;ASH_COATED_OSMIUM;9932;12;9928;14;;;9938;22;9942;24;;;9935.0;0.0
yf_ZC=F_d7;50200;INTARIAN_PEPPER_ROOT;12814;20;12811;29;;;12820;12;12824;24;;;12817.0;0.0
yf_ZC=F_d7;50300;ASH_COATED_OSMIUM;9933;30;9931;26;;;9939;15;9941;15;;;9936.0;0.0
yf_ZC=F_d7;50300;INTARIAN_PEPPER_ROOT;12815;19;12812;23;;;12821;13;12824;26;;;12818.0;0.0
yf_ZC=F_d7;50400;ASH_COATED_OSMIUM;9917;13;9914;17;;;9954;18;9958;19;;;9935.5;0.0
yf_ZC=F_d7;50400;INTARIAN_PEPPER_ROOT;12815;14;12811;23;;;12821;10;12823;26;;;12818.0;0.0
yf_ZC=F_d7;50500;ASH_COATED_OSMIUM;9932;21;9930;23;;;9938;6;9940;14;;;9935.0;0.0
yf_ZC=F_d7;50500;INTARIAN_PEPPER_ROOT;12813;15;12811;9;;;12821;18;12824;20;;;12817.0;0.0
yf_ZC=F_d7;50600;ASH_COATED_OSMIUM;9932;14;9928;18;;;9939;20;9943;22;;;9935.5;0.0
yf_ZC=F_d7;50600;INTARIAN_PEPPER_ROOT;12811;11;12809;20;;;12826;5;12830;28;;;12818.5;0.0
yf_ZC=F_d7;50700;ASH_COATED_OSMIUM;9932;13;9928;17;;;9938;15;9940;9;;;9935.0;0.0
yf_ZC=F_d7;50700;INTARIAN_PEPPER_ROOT;12814;8;12810;23;;;12822;19;12824;19;;;12818.0;0.0
yf_ZC=F_d7;50800;ASH_COATED_OSMIUM;9912;15;9908;20;;;9959;5;9962;28;;;9935.5;0.0
yf_ZC=F_d7;50800;INTARIAN_PEPPER_ROOT;12811;14;12807;19;;;12825;25;12827;30;;;12818.0;0.0
yf_ZC=F_d7;50900;ASH_COATED_OSMIUM;9930;16;9927;14;;;9940;9;9943;20;;;9935.0;0.0
yf_ZC=F_d7;50900;INTARIAN_PEPPER_ROOT;12814;14;12811;11;;;12820;17;12824;13;;;12817.0;0.0
yf_ZC=F_d7;51000;ASH_COATED_OSMIUM;9933;9;9929;15;;;9939;16;9943;20;;;9936.0;0.0
yf_ZC=F_d7;51000;INTARIAN_PEPPER_ROOT;12812;17;12809;23;;;12818;15;12820;23;;;12815.0;0.0
yf_ZC=F_d7;51100;ASH_COATED_OSMIUM;9932;15;9930;21;;;9938;10;9940;17;;;9935.0;0.0
yf_ZC=F_d7;51100;INTARIAN_PEPPER_ROOT;12810;12;12808;22;;;12816;13;12819;20;;;12813.0;0.0
yf_ZC=F_d7;51200;ASH_COATED_OSMIUM;9932;10;9928;16;;;9938;16;9940;19;;;9935.0;0.0
yf_ZC=F_d7;51200;INTARIAN_PEPPER_ROOT;12809;16;12806;21;;;12815;14;12818;31;;;12812.0;0.0
yf_ZC=F_d7;51300;ASH_COATED_OSMIUM;9932;5;9928;23;;;9938;12;9942;8;;;9935.0;0.0
yf_ZC=F_d7;51300;INTARIAN_PEPPER_ROOT;12796;14;12793;26;;;12823;14;12826;21;;;12809.5;0.0
yf_ZC=F_d7;51400;ASH_COATED_OSMIUM;9933;9;9930;13;;;9939;13;9941;21;;;9936.0;0.0
yf_ZC=F_d7;51400;INTARIAN_PEPPER_ROOT;12805;7;12803;22;;;12811;19;12814;13;;;12808.0;0.0
yf_ZC=F_d7;51500;ASH_COATED_OSMIUM;9927;15;9925;21;;;9944;12;9947;8;;;9935.5;0.0
yf_ZC=F_d7;51500;INTARIAN_PEPPER_ROOT;12804;15;12801;21;;;12810;26;12813;21;;;12807.0;0.0
yf_ZC=F_d7;51600;ASH_COATED_OSMIUM;9932;15;9929;29;;;9938;12;9940;14;;;9935.0;0.0
yf_ZC=F_d7;51600;INTARIAN_PEPPER_ROOT;12801;19;12799;17;;;12807;16;12809;16;;;12804.0;0.0
yf_ZC=F_d7;51700;ASH_COATED_OSMIUM;9933;15;9931;28;;;9939;19;9941;16;;;9936.0;0.0
yf_ZC=F_d7;51700;INTARIAN_PEPPER_ROOT;12800;9;12796;22;;;12807;15;12809;15;;;12803.5;0.0
yf_ZC=F_d7;51800;ASH_COATED_OSMIUM;9932;18;9928;19;;;9938;6;9942;24;;;9935.0;0.0
yf_ZC=F_d7;51800;INTARIAN_PEPPER_ROOT;12795;20;12792;14;;;12806;16;12809;15;;;12800.5;0.0
yf_ZC=F_d7;51900;ASH_COATED_OSMIUM;9931;15;9927;17;;;9940;18;9944;20;;;9935.5;0.0
yf_ZC=F_d7;51900;INTARIAN_PEPPER_ROOT;12796;17;12792;26;;;12802;11;12805;28;;;12799.0;0.0
yf_ZC=F_d7;52000;ASH_COATED_OSMIUM;9932;14;9928;23;;;9938;11;9942;15;;;9935.0;0.0
yf_ZC=F_d7;52000;INTARIAN_PEPPER_ROOT;12794;16;12792;15;;;12800;19;12804;24;;;12797.0;0.0
yf_ZC=F_d7;52100;ASH_COATED_OSMIUM;9924;13;9921;24;;;9946;17;9950;19;;;9935.0;0.0
yf_ZC=F_d7;52100;INTARIAN_PEPPER_ROOT;12792;19;12790;20;;;12800;14;12803;20;;;12796.0;0.0
yf_ZC=F_d7;52200;ASH_COATED_OSMIUM;9932;21;9930;20;;;9938;13;9942;24;;;9935.0;0.0
yf_ZC=F_d7;52200;INTARIAN_PEPPER_ROOT;12789;9;12786;22;;;12798;9;12801;22;;;12793.5;0.0
yf_ZC=F_d7;52300;ASH_COATED_OSMIUM;9931;6;9927;19;;;9939;21;9941;17;;;9935.0;0.0
yf_ZC=F_d7;52300;INTARIAN_PEPPER_ROOT;12789;13;12787;20;;;12795;9;12799;18;;;12792.0;0.0
yf_ZC=F_d7;52400;ASH_COATED_OSMIUM;9927;14;9925;19;;;9944;16;9947;19;;;9935.5;0.0
yf_ZC=F_d7;52400;INTARIAN_PEPPER_ROOT;12785;18;12781;26;;;12795;18;12798;19;;;12790.0;0.0
yf_ZC=F_d7;52500;ASH_COATED_OSMIUM;9926;5;9922;21;;;9945;8;9947;20;;;9935.5;0.0
yf_ZC=F_d7;52500;INTARIAN_PEPPER_ROOT;12785;7;12781;29;;;12791;7;12794;17;;;12788.0;0.0
yf_ZC=F_d7;52600;ASH_COATED_OSMIUM;9930;25;9927;19;;;9942;20;9945;20;;;9936.0;0.0
yf_ZC=F_d7;52600;INTARIAN_PEPPER_ROOT;12783;17;12781;19;;;12789;18;12791;24;;;12786.0;0.0
yf_ZC=F_d7;52700;ASH_COATED_OSMIUM;9932;13;9929;27;;;9939;10;9942;15;;;9935.5;0.0
yf_ZC=F_d7;52700;INTARIAN_PEPPER_ROOT;12780;17;12776;22;;;12790;18;12794;22;;;12785.0;0.0
yf_ZC=F_d7;52800;ASH_COATED_OSMIUM;9932;13;9929;17;;;9939;19;9941;24;;;9935.5;0.0
yf_ZC=F_d7;52800;INTARIAN_PEPPER_ROOT;12780;11;12777;17;;;12786;18;12790;24;;;12783.0;0.0
yf_ZC=F_d7;52900;ASH_COATED_OSMIUM;9933;11;9931;10;;;9939;18;9942;30;;;9936.0;0.0
yf_ZC=F_d7;52900;INTARIAN_PEPPER_ROOT;12778;21;12774;18;;;12784;8;12786;21;;;12781.0;0.0
yf_ZC=F_d7;53000;ASH_COATED_OSMIUM;9931;10;9928;26;;;9940;11;9943;19;;;9935.5;0.0
yf_ZC=F_d7;53000;INTARIAN_PEPPER_ROOT;12775;10;12773;16;;;12782;6;12785;22;;;12778.5;0.0
yf_ZC=F_d7;53100;ASH_COATED_OSMIUM;9930;9;9927;13;;;9941;17;9943;16;;;9935.5;0.0
yf_ZC=F_d7;53100;INTARIAN_PEPPER_ROOT;12775;12;12771;19;;;12781;8;12784;17;;;12778.0;0.0
yf_ZC=F_d7;53200;ASH_COATED_OSMIUM;9932;14;9928;28;;;9938;12;9940;15;;;9935.0;0.0
yf_ZC=F_d7;53200;INTARIAN_PEPPER_ROOT;12773;5;12771;17;;;12779;11;12782;22;;;12776.0;0.0
yf_ZC=F_d7;53300;ASH_COATED_OSMIUM;9933;12;9930;9;;;9939;8;9942;19;;;9936.0;0.0
yf_ZC=F_d7;53300;INTARIAN_PEPPER_ROOT;12771;22;12769;22;;;12777;9;12780;27;;;12774.0;0.0
yf_ZC=F_d7;53400;ASH_COATED_OSMIUM;9932;12;9928;20;;;9938;10;9941;13;;;9935.0;0.0
yf_ZC=F_d7;53400;INTARIAN_PEPPER_ROOT;12766;7;12763;26;;;12778;19;12781;11;;;12772.0;0.0
yf_ZC=F_d7;53500;ASH_COATED_OSMIUM;9932;11;9930;19;;;9938;13;9942;23;;;9935.0;0.0
yf_ZC=F_d7;53500;INTARIAN_PEPPER_ROOT;12767;14;12763;23;;;12773;19;12777;17;;;12770.0;0.0
yf_ZC=F_d7;53600;ASH_COATED_OSMIUM;9931;18;9929;26;;;9938;14;9942;28;;;9934.5;0.0
yf_ZC=F_d7;53600;INTARIAN_PEPPER_ROOT;12759;13;12755;20;;;12778;11;12781;18;;;12768.5;0.0
yf_ZC=F_d7;53700;ASH_COATED_OSMIUM;9911;11;9907;18;;;9959;18;9963;18;;;9935.0;0.0
yf_ZC=F_d7;53700;INTARIAN_PEPPER_ROOT;12764;15;12762;21;;;12770;6;12773;20;;;12767.0;0.0
yf_ZC=F_d7;53800;ASH_COATED_OSMIUM;9928;19;9925;11;;;9942;11;9945;12;;;9935.0;0.0
yf_ZC=F_d7;53800;INTARIAN_PEPPER_ROOT;12762;14;12758;20;;;12768;8;12771;20;;;12765.0;0.0
yf_ZC=F_d7;53900;ASH_COATED_OSMIUM;9926;12;9922;28;;;9945;17;9948;10;;;9935.5;0.0
yf_ZC=F_d7;53900;INTARIAN_PEPPER_ROOT;12760;18;12757;15;;;12766;27;12770;15;;;12763.0;0.0
yf_ZC=F_d7;54000;ASH_COATED_OSMIUM;9932;20;9928;16;;;9938;7;9940;16;;;9935.0;0.0
yf_ZC=F_d7;54000;INTARIAN_PEPPER_ROOT;12749;13;12745;26;;;12773;14;12777;16;;;12761.0;0.0
yf_ZC=F_d7;54100;ASH_COATED_OSMIUM;9924;12;9921;18;;;9947;12;9950;16;;;9935.5;0.0
yf_ZC=F_d7;54100;INTARIAN_PEPPER_ROOT;12756;12;12753;18;;;12763;12;12765;19;;;12759.5;0.0
yf_ZC=F_d7;54200;ASH_COATED_OSMIUM;9932;17;9930;29;;;9938;16;9941;15;;;9935.0;0.0
yf_ZC=F_d7;54200;INTARIAN_PEPPER_ROOT;12750;24;12747;15;;;12765;13;12768;31;;;12757.5;0.0
yf_ZC=F_d7;54300;ASH_COATED_OSMIUM;9928;14;9924;26;;;9941;8;9945;26;;;9934.5;0.0
yf_ZC=F_d7;54300;INTARIAN_PEPPER_ROOT;12746;10;12742;15;;;12765;13;12769;13;;;12755.5;0.0
yf_ZC=F_d7;54400;ASH_COATED_OSMIUM;9924;14;9922;25;;;9946;13;9950;18;;;9935.0;0.0
yf_ZC=F_d7;54400;INTARIAN_PEPPER_ROOT;12750;14;12747;10;;;12757;7;12761;14;;;12753.5;0.0
yf_ZC=F_d7;54500;ASH_COATED_OSMIUM;9932;14;9930;17;;;9938;11;9942;20;;;9935.0;0.0
yf_ZC=F_d7;54500;INTARIAN_PEPPER_ROOT;12747;11;12745;22;;;12758;17;12760;19;;;12752.5;0.0
yf_ZC=F_d7;54600;ASH_COATED_OSMIUM;9932;13;9928;13;;;9938;22;9940;23;;;9935.0;0.0
yf_ZC=F_d7;54600;INTARIAN_PEPPER_ROOT;12744;5;12740;16;;;12756;20;12760;23;;;12750.0;0.0
yf_ZC=F_d7;54700;ASH_COATED_OSMIUM;9933;16;9931;22;;;9939;22;9942;16;;;9936.0;0.0
yf_ZC=F_d7;54700;INTARIAN_PEPPER_ROOT;12745;15;12743;16;;;12751;14;12755;17;;;12748.0;0.0
yf_ZC=F_d7;54800;ASH_COATED_OSMIUM;9932;17;9928;13;;;9938;6;9941;21;;;9935.0;0.0
yf_ZC=F_d7;54800;INTARIAN_PEPPER_ROOT;12744;9;12741;19;;;12750;13;12752;22;;;12747.0;0.0
yf_ZC=F_d7;54900;ASH_COATED_OSMIUM;9926;20;9923;30;;;9943;15;9945;25;;;9934.5;0.0
yf_ZC=F_d7;54900;INTARIAN_PEPPER_ROOT;12736;14;12733;17;;;12754;16;12758;29;;;12745.0;0.0
yf_ZC=F_d7;55000;ASH_COATED_OSMIUM;9930;9;9928;25;;;9940;12;9943;22;;;9935.0;0.0
yf_ZC=F_d7;55000;INTARIAN_PEPPER_ROOT;12738;13;12735;22;;;12749;23;12753;22;;;12743.5;0.0
yf_ZC=F_d7;55100;ASH_COATED_OSMIUM;9925;15;9923;31;;;9945;18;9947;26;;;9935.0;0.0
yf_ZC=F_d7;55100;INTARIAN_PEPPER_ROOT;12738;20;12734;13;;;12744;16;12747;23;;;12741.0;0.0
yf_ZC=F_d7;55200;ASH_COATED_OSMIUM;9931;23;9929;19;;;9940;13;9942;26;;;9935.5;0.0
yf_ZC=F_d7;55200;INTARIAN_PEPPER_ROOT;12736;11;12732;13;;;12744;6;12746;15;;;12740.0;0.0
yf_ZC=F_d7;55300;ASH_COATED_OSMIUM;9933;14;9929;20;;;9939;15;9942;19;;;9936.0;0.0
yf_ZC=F_d7;55300;INTARIAN_PEPPER_ROOT;12735;15;12732;26;;;12741;8;12743;18;;;12738.0;0.0
yf_ZC=F_d7;55400;ASH_COATED_OSMIUM;9932;11;9930;20;;;9938;13;9941;20;;;9935.0;0.0
yf_ZC=F_d7;55400;INTARIAN_PEPPER_ROOT;12733;15;12730;24;;;12739;5;12743;16;;;12736.0;0.0
yf_ZC=F_d7;55500;ASH_COATED_OSMIUM;9932;15;9930;29;;;9938;19;9942;20;;;9935.0;0.0
yf_ZC=F_d7;55500;INTARIAN_PEPPER_ROOT;12731;13;12727;19;;;12737;17;12739;16;;;12734.0;0.0
yf_ZC=F_d7;55600;ASH_COATED_OSMIUM;9932;16;9929;17;;;9938;13;9940;20;;;9935.0;0.0
yf_ZC=F_d7;55600;INTARIAN_PEPPER_ROOT;12727;10;12724;19;;;12737;15;12739;19;;;12732.0;0.0
yf_ZC=F_d7;55700;ASH_COATED_OSMIUM;9931;24;9927;17;;;9938;15;9940;26;;;9934.5;0.0
yf_ZC=F_d7;55700;INTARIAN_PEPPER_ROOT;12723;12;12719;23;;;12736;13;12740;18;;;12729.5;0.0
yf_ZC=F_d7;55800;ASH_COATED_OSMIUM;9931;17;9929;18;;;9939;13;9941;17;;;9935.0;0.0
yf_ZC=F_d7;55800;INTARIAN_PEPPER_ROOT;12725;14;12723;19;;;12731;11;12734;14;;;12728.0;0.0
yf_ZC=F_d7;55900;ASH_COATED_OSMIUM;9932;21;9928;17;;;9938;22;9941;19;;;9935.0;0.0
yf_ZC=F_d7;55900;INTARIAN_PEPPER_ROOT;12720;15;12718;15;;;12732;17;12736;20;;;12726.0;0.0
yf_ZC=F_d7;56000;ASH_COATED_OSMIUM;9932;23;9929;19;;;9938;14;9942;18;;;9935.0;0.0
yf_ZC=F_d7;56000;INTARIAN_PEPPER_ROOT;12722;19;12719;28;;;12728;6;12730;20;;;12725.0;0.0
yf_ZC=F_d7;56100;ASH_COATED_OSMIUM;9913;17;9910;24;;;9957;21;9961;22;;;9935.0;0.0
yf_ZC=F_d7;56100;INTARIAN_PEPPER_ROOT;12719;12;12715;21;;;12727;24;12730;25;;;12723.0;0.0
yf_ZC=F_d7;56200;ASH_COATED_OSMIUM;9932;17;9929;21;;;9938;8;9942;19;;;9935.0;0.0
yf_ZC=F_d7;56200;INTARIAN_PEPPER_ROOT;12714;17;12711;19;;;12728;13;12731;21;;;12721.0;0.0
yf_ZC=F_d7;56300;ASH_COATED_OSMIUM;9932;10;9928;28;;;9938;20;9942;33;;;9935.0;0.0
yf_ZC=F_d7;56300;INTARIAN_PEPPER_ROOT;12709;16;12707;18;;;12729;9;12731;28;;;12719.0;0.0
yf_ZC=F_d7;56400;ASH_COATED_OSMIUM;9931;15;9929;24;;;9941;12;9945;23;;;9936.0;0.0
yf_ZC=F_d7;56400;INTARIAN_PEPPER_ROOT;12711;13;12708;16;;;12724;25;12727;24;;;12717.5;0.0
yf_ZC=F_d7;56500;ASH_COATED_OSMIUM;9932;8;9929;21;;;9938;11;9942;12;;;9935.0;0.0
yf_ZC=F_d7;56500;INTARIAN_PEPPER_ROOT;12713;12;12709;25;;;12719;17;12721;28;;;12716.0;0.0
yf_ZC=F_d7;56600;ASH_COATED_OSMIUM;9929;17;9925;17;;;9941;8;9943;20;;;9935.0;0.0
yf_ZC=F_d7;56600;INTARIAN_PEPPER_ROOT;12711;21;12707;20;;;12717;19;12719;17;;;12714.0;0.0
yf_ZC=F_d7;56700;ASH_COATED_OSMIUM;9928;6;9924;20;;;9943;5;9947;17;;;9935.5;0.0
yf_ZC=F_d7;56700;INTARIAN_PEPPER_ROOT;12708;16;12704;19;;;12717;16;12721;19;;;12712.5;0.0
yf_ZC=F_d7;56800;ASH_COATED_OSMIUM;9932;12;9930;8;;;9938;17;9941;24;;;9935.0;0.0
yf_ZC=F_d7;56800;INTARIAN_PEPPER_ROOT;12706;9;12702;22;;;12714;12;12718;22;;;12710.0;0.0
yf_ZC=F_d7;56900;ASH_COATED_OSMIUM;9932;9;9928;24;;;9938;11;9940;16;;;9935.0;0.0
yf_ZC=F_d7;56900;INTARIAN_PEPPER_ROOT;12706;19;12704;20;;;12712;12;12714;13;;;12709.0;0.0
yf_ZC=F_d7;57000;ASH_COATED_OSMIUM;9926;21;9923;21;;;9943;5;9945;21;;;9934.5;0.0
yf_ZC=F_d7;57000;INTARIAN_PEPPER_ROOT;12702;13;12698;21;;;12712;8;12714;23;;;12707.0;0.0
yf_ZC=F_d7;57100;ASH_COATED_OSMIUM;9932;18;9929;25;;;9938;10;9941;13;;;9935.0;0.0
yf_ZC=F_d7;57100;INTARIAN_PEPPER_ROOT;12702;13;12699;19;;;12708;9;12712;21;;;12705.0;0.0
yf_ZC=F_d7;57200;ASH_COATED_OSMIUM;9930;16;9926;25;;;9939;16;9942;25;;;9934.5;0.0
yf_ZC=F_d7;57200;INTARIAN_PEPPER_ROOT;12700;12;12697;16;;;12706;12;12709;15;;;12703.0;0.0
yf_ZC=F_d7;57300;ASH_COATED_OSMIUM;9931;8;9929;22;;;9939;11;9942;15;;;9935.0;0.0
yf_ZC=F_d7;57300;INTARIAN_PEPPER_ROOT;12698;17;12696;16;;;12704;16;12708;8;;;12701.0;0.0
yf_ZC=F_d7;57400;ASH_COATED_OSMIUM;9932;15;9930;30;;;9938;17;9942;24;;;9935.0;0.0
yf_ZC=F_d7;57400;INTARIAN_PEPPER_ROOT;12696;15;12693;8;;;12702;11;12704;17;;;12699.0;0.0
yf_ZC=F_d7;57500;ASH_COATED_OSMIUM;9932;7;9928;20;;;9938;18;9940;17;;;9935.0;0.0
yf_ZC=F_d7;57500;INTARIAN_PEPPER_ROOT;12687;11;12685;25;;;12707;19;12710;11;;;12697.0;0.0
yf_ZC=F_d7;57600;ASH_COATED_OSMIUM;9929;15;9925;17;;;9941;19;9944;16;;;9935.0;0.0
yf_ZC=F_d7;57600;INTARIAN_PEPPER_ROOT;12693;18;12689;22;;;12699;13;12701;15;;;12696.0;0.0
yf_ZC=F_d7;57700;ASH_COATED_OSMIUM;9932;10;9930;16;;;9938;19;9940;26;;;9935.0;0.0
yf_ZC=F_d7;57700;INTARIAN_PEPPER_ROOT;12691;11;12687;18;;;12697;8;12700;17;;;12694.0;0.0
yf_ZC=F_d7;57800;ASH_COATED_OSMIUM;9926;12;9922;32;;;9943;8;9947;16;;;9934.5;0.0
yf_ZC=F_d7;57800;INTARIAN_PEPPER_ROOT;12687;13;12685;16;;;12698;14;12700;31;;;12692.5;0.0
yf_ZC=F_d7;57900;ASH_COATED_OSMIUM;9929;12;9926;20;;;9941;10;9945;22;;;9935.0;0.0
yf_ZC=F_d7;57900;INTARIAN_PEPPER_ROOT;12687;7;12684;29;;;12693;17;12695;20;;;12690.0;0.0
yf_ZC=F_d7;58000;ASH_COATED_OSMIUM;9930;22;9926;24;;;9940;18;9942;18;;;9935.0;0.0
yf_ZC=F_d7;58000;INTARIAN_PEPPER_ROOT;12686;16;12684;21;;;12692;10;12694;25;;;12689.0;0.0
yf_ZC=F_d7;58100;ASH_COATED_OSMIUM;9930;26;9928;14;;;9939;16;9943;29;;;9934.5;0.0
yf_ZC=F_d7;58100;INTARIAN_PEPPER_ROOT;12683;11;12680;27;;;12689;18;12691;25;;;12686.0;0.0
yf_ZC=F_d7;58200;ASH_COATED_OSMIUM;9930;9;9928;17;;;9939;5;9943;20;;;9934.5;0.0
yf_ZC=F_d7;58200;INTARIAN_PEPPER_ROOT;12682;14;12679;17;;;12688;26;12690;20;;;12685.0;0.0
yf_ZC=F_d7;58300;ASH_COATED_OSMIUM;9928;16;9926;27;;;9942;12;9946;19;;;9935.0;0.0
yf_ZC=F_d7;58300;INTARIAN_PEPPER_ROOT;12680;15;12677;21;;;12687;23;12689;21;;;12683.5;0.0
