day;timestamp;product;bid_price_1;bid_volume_1;bid_price_2;bid_volume_2;bid_price_3;bid_volume_3;ask_price_1;ask_volume_1;ask_price_2;ask_volume_2;ask_price_3;ask_volume_3;mid_price;profit_and_loss
yf_ZW=F_d12;0;ASH_COATED_OSMIUM;9907;9;9903;16;;;9913;13;9916;24;;;9910.0;0.0
yf_ZW=F_d12;0;INTARIAN_PEPPER_ROOT;10721;20;10718;26;;;10727;19;10729;23;;;10724.0;0.0
yf_ZW=F_d12;100;ASH_COATED_OSMIUM;9907;17;9904;18;;;9913;16;9917;20;;;9910.0;0.0
yf_ZW=F_d12;100;INTARIAN_PEPPER_ROOT;10724;15;10721;21;;;10730;21;10733;17;;;10727.0;0.0
yf_ZW=F_d12;200;ASH_COATED_OSMIUM;9897;5;9895;17;;;9922;12;9926;23;;;9909.5;0.0
yf_ZW=F_d12;200;INTARIAN_PEPPER_ROOT;10727;14;10725;10;;;10733;22;10736;19;;;10730.0;0.0
yf_ZW=F_d12;300;ASH_COATED_OSMIUM;9907;16;9904;21;;;9914;15;9916;14;;;9910.5;0.0
yf_ZW=F_d12;300;INTARIAN_PEPPER_ROOT;10729;13;10726;19;;;10735;18;10738;18;;;10732.0;0.0
yf_ZW=F_d12;400;ASH_COATED_OSMIUM;9903;14;9900;18;;;9917;25;9921;13;;;9910.0;0.0
yf_ZW=F_d12;400;INTARIAN_PEPPER_ROOT;10733;18;10730;16;;;10739;10;10741;20;;;10736.0;0.0
yf_ZW=F_d12;500;ASH_COATED_OSMIUM;9902;14;9900;20;;;9918;12;9920;24;;;9910.0;0.0
yf_ZW=F_d12;500;INTARIAN_PEPPER_ROOT;10736;9;10733;17;;;10742;10;10745;20;;;10739.0;0.0
yf_ZW=F_d12;600;ASH_COATED_OSMIUM;9905;7;9901;26;;;9915;10;9917;18;;;9910.0;0.0
yf_ZW=F_d12;600;INTARIAN_PEPPER_ROOT;10738;16;10735;24;;;10745;9;10749;18;;;10741.5;0.0
yf_ZW=F_d12;700;ASH_COATED_OSMIUM;9904;17;9902;28;;;9917;19;9920;21;;;9910.5;0.0
yf_ZW=F_d12;700;INTARIAN_PEPPER_ROOT;10742;12;10740;22;;;10748;18;10750;25;;;10745.0;0.0
yf_ZW=F_d12;800;ASH_COATED_OSMIUM;9906;15;9902;20;;;9912;22;9915;17;;;9909.0;0.0
yf_ZW=F_d12;800;INTARIAN_PEPPER_ROOT;10741;17;10739;16;;;10753;25;10755;22;;;10747.0;0.0
yf_ZW=F_d12;900;ASH_COATED_OSMIUM;9906;19;9902;16;;;9912;18;9916;25;;;9909.0;0.0
yf_ZW=F_d12;900;INTARIAN_PEPPER_ROOT;10747;18;10743;13;;;10753;21;10755;18;;;10750.0;0.0
yf_ZW=F_d12;1000;ASH_COATED_OSMIUM;9899;13;9897;29;;;9918;11;9921;18;;;9908.5;0.0
yf_ZW=F_d12;1000;INTARIAN_PEPPER_ROOT;10750;10;10746;14;;;10756;12;10758;24;;;10753.0;0.0
yf_ZW=F_d12;1100;ASH_COATED_OSMIUM;9905;9;9903;17;;;9914;13;9917;14;;;9909.5;0.0
yf_ZW=F_d12;1100;INTARIAN_PEPPER_ROOT;10749;14;10746;24;;;10765;17;10769;17;;;10757.0;0.0
yf_ZW=F_d12;1200;ASH_COATED_OSMIUM;9905;17;9901;34;;;9913;20;9915;10;;;9909.0;0.0
yf_ZW=F_d12;1200;INTARIAN_PEPPER_ROOT;10756;25;10752;15;;;10762;18;10765;24;;;10759.0;0.0
yf_ZW=F_d12;1300;ASH_COATED_OSMIUM;9905;5;9903;22;;;9913;7;9916;24;;;9909.0;0.0
yf_ZW=F_d12;1300;INTARIAN_PEPPER_ROOT;10759;6;10755;24;;;10765;14;10767;22;;;10762.0;0.0
yf_ZW=F_d12;1400;ASH_COATED_OSMIUM;9904;17;9901;35;;;9914;8;9916;24;;;9909.0;0.0
yf_ZW=F_d12;1400;INTARIAN_PEPPER_ROOT;10761;5;10757;18;;;10769;5;10773;12;;;10765.0;0.0
yf_ZW=F_d12;1500;ASH_COATED_OSMIUM;9906;18;9904;15;;;9912;22;9914;20;;;9909.0;0.0
yf_ZW=F_d12;1500;INTARIAN_PEPPER_ROOT;10765;12;10762;25;;;10771;16;10773;19;;;10768.0;0.0
yf_ZW=F_d12;1600;ASH_COATED_OSMIUM;9906;14;9902;17;;;9912;8;9916;21;;;9909.0;0.0
yf_ZW=F_d12;1600;INTARIAN_PEPPER_ROOT;10768;22;10764;19;;;10774;24;10776;16;;;10771.0;0.0
yf_ZW=F_d12;1700;ASH_COATED_OSMIUM;9906;11;9902;20;;;9912;14;9915;25;;;9909.0;0.0
yf_ZW=F_d12;1700;INTARIAN_PEPPER_ROOT;10756;10;10752;22;;;10791;13;10795;25;;;10773.5;0.0
yf_ZW=F_d12;1800;ASH_COATED_OSMIUM;9898;17;9894;15;;;9919;8;9921;16;;;9908.5;0.0
yf_ZW=F_d12;1800;INTARIAN_PEPPER_ROOT;10774;21;10770;26;;;10780;11;10784;18;;;10777.0;0.0
yf_ZW=F_d12;1900;ASH_COATED_OSMIUM;9900;9;9896;26;;;9917;15;9921;15;;;9908.5;0.0
yf_ZW=F_d12;1900;INTARIAN_PEPPER_ROOT;10775;14;10772;10;;;10785;15;10787;21;;;10780.0;0.0
yf_ZW=F_d12;2000;ASH_COATED_OSMIUM;9906;15;9903;25;;;9912;13;9914;22;;;9909.0;0.0
yf_ZW=F_d12;2000;INTARIAN_PEPPER_ROOT;10776;15;10773;19;;;10789;20;10791;18;;;10782.5;0.0
yf_ZW=F_d12;2100;ASH_COATED_OSMIUM;9898;19;9896;21;;;9919;14;9923;25;;;9908.5;0.0
yf_ZW=F_d12;2100;INTARIAN_PEPPER_ROOT;10779;12;10777;22;;;10793;16;10796;25;;;10786.0;0.0
yf_ZW=F_d12;2200;ASH_COATED_OSMIUM;9902;15;9899;23;;;9915;21;9918;19;;;9908.5;0.0
yf_ZW=F_d12;2200;INTARIAN_PEPPER_ROOT;10771;17;10768;13;;;10807;19;10809;27;;;10789.0;0.0
yf_ZW=F_d12;2300;ASH_COATED_OSMIUM;9905;12;9903;14;;;9911;14;9915;19;;;9908.0;0.0
yf_ZW=F_d12;2300;INTARIAN_PEPPER_ROOT;10789;18;10785;17;;;10795;8;10797;17;;;10792.0;0.0
yf_ZW=F_d12;2400;ASH_COATED_OSMIUM;9904;19;9900;18;;;9913;9;9916;13;;;9908.5;0.0
yf_ZW=F_d12;2400;INTARIAN_PEPPER_ROOT;10787;10;10783;26;;;10803;10;10805;19;;;10795.0;0.0
yf_ZW=F_d12;2500;ASH_COATED_OSMIUM;9901;7;9899;9;;;9915;6;9919;17;;;9908.0;0.0
yf_ZW=F_d12;2500;INTARIAN_PEPPER_ROOT;10795;8;10792;25;;;10801;13;10805;8;;;10798.0;0.0
yf_ZW=F_d12;2600;ASH_COATED_OSMIUM;9902;8;9900;22;;;9915;11;9917;28;;;9908.5;0.0
yf_ZW=F_d12;2600;INTARIAN_PEPPER_ROOT;10798;7;10796;15;;;10805;9;10807;27;;;10801.5;0.0
yf_ZW=F_d12;2700;ASH_COATED_OSMIUM;9905;17;9903;13;;;9911;5;9915;11;;;9908.0;0.0
yf_ZW=F_d12;2700;INTARIAN_PEPPER_ROOT;10801;18;10797;34;;;10807;11;10811;25;;;10804.0;0.0
yf_ZW=F_d12;2800;ASH_COATED_OSMIUM;9906;21;9902;20;;;9912;14;9914;19;;;9909.0;0.0
yf_ZW=F_d12;2800;INTARIAN_PEPPER_ROOT;10794;18;10792;16;;;10821;10;10823;20;;;10807.5;0.0
yf_ZW=F_d12;2900;ASH_COATED_OSMIUM;9899;18;9895;20;;;9919;16;9923;23;;;9909.0;0.0
yf_ZW=F_d12;2900;INTARIAN_PEPPER_ROOT;10807;8;10803;22;;;10813;11;10816;26;;;10810.0;0.0
yf_ZW=F_d12;3000;ASH_COATED_OSMIUM;9893;7;9891;21;;;9923;14;9925;19;;;9908.0;0.0
yf_ZW=F_d12;3000;INTARIAN_PEPPER_ROOT;10807;20;10805;23;;;10818;14;10821;17;;;10812.5;0.0
yf_ZW=F_d12;3100;ASH_COATED_OSMIUM;9904;12;9901;14;;;9911;13;9913;16;;;9907.5;0.0
yf_ZW=F_d12;3100;INTARIAN_PEPPER_ROOT;10813;23;10811;22;;;10819;16;10821;24;;;10816.0;0.0
yf_ZW=F_d12;3200;ASH_COATED_OSMIUM;9896;23;9893;13;;;9919;8;9923;18;;;9907.5;0.0
yf_ZW=F_d12;3200;INTARIAN_PEPPER_ROOT;10817;7;10814;29;;;10823;16;10827;32;;;10820.0;0.0
yf_ZW=F_d12;3300;ASH_COATED_OSMIUM;9893;13;9890;15;;;9924;19;9927;16;;;9908.5;0.0
yf_ZW=F_d12;3300;INTARIAN_PEPPER_ROOT;10819;26;10816;15;;;10825;13;10827;25;;;10822.0;0.0
yf_ZW=F_d12;3400;ASH_COATED_OSMIUM;9898;12;9896;27;;;9918;14;9921;14;;;9908.0;0.0
yf_ZW=F_d12;3400;INTARIAN_PEPPER_ROOT;10821;10;10819;15;;;10827;18;10830;12;;;10824.0;0.0
yf_ZW=F_d12;3500;ASH_COATED_OSMIUM;9905;14;9901;22;;;9911;11;9914;13;;;9908.0;0.0
yf_ZW=F_d12;3500;INTARIAN_PEPPER_ROOT;10824;19;10821;23;;;10830;17;10834;16;;;10827.0;0.0
yf_ZW=F_d12;3600;ASH_COATED_OSMIUM;9903;23;9899;21;;;9912;14;9915;27;;;9907.5;0.0
yf_ZW=F_d12;3600;INTARIAN_PEPPER_ROOT;10818;16;10814;17;;;10844;24;10848;16;;;10831.0;0.0
yf_ZW=F_d12;3700;ASH_COATED_OSMIUM;9904;18;9900;18;;;9910;17;9914;16;;;9907.0;0.0
yf_ZW=F_d12;3700;INTARIAN_PEPPER_ROOT;10830;5;10828;22;;;10838;24;10841;18;;;10834.0;0.0
yf_ZW=F_d12;3800;ASH_COATED_OSMIUM;9905;8;9903;20;;;9911;19;9913;19;;;9908.0;0.0
yf_ZW=F_d12;3800;INTARIAN_PEPPER_ROOT;10829;21;10825;22;;;10845;6;10847;20;;;10837.0;0.0
yf_ZW=F_d12;3900;ASH_COATED_OSMIUM;9905;10;9902;29;;;9911;9;9914;15;;;9908.0;0.0
yf_ZW=F_d12;3900;INTARIAN_PEPPER_ROOT;10828;15;10824;16;;;10852;14;10856;18;;;10840.0;0.0
yf_ZW=F_d12;4000;ASH_COATED_OSMIUM;9905;5;9901;17;;;9911;18;9914;19;;;9908.0;0.0
yf_ZW=F_d12;4000;INTARIAN_PEPPER_ROOT;10838;13;10834;21;;;10847;18;10849;22;;;10842.5;0.0
yf_ZW=F_d12;4100;ASH_COATED_OSMIUM;9897;19;9893;21;;;9917;11;9921;20;;;9907.0;0.0
yf_ZW=F_d12;4100;INTARIAN_PEPPER_ROOT;10842;14;10838;18;;;10848;12;10850;19;;;10845.0;0.0
yf_ZW=F_d12;4200;ASH_COATED_OSMIUM;9905;7;9902;19;;;9911;5;9915;18;;;9908.0;0.0
yf_ZW=F_d12;4200;INTARIAN_PEPPER_ROOT;10845;21;10841;16;;;10851;12;10855;14;;;10848.0;0.0
yf_ZW=F_d12;4300;ASH_COATED_OSMIUM;9904;21;9901;18;;;9910;21;9913;25;;;9907.0;0.0
yf_ZW=F_d12;4300;INTARIAN_PEPPER_ROOT;10849;15;10846;18;;;10855;18;10858;19;;;10852.0;0.0
yf_ZW=F_d12;4400;ASH_COATED_OSMIUM;9904;17;9901;16;;;9910;12;9914;18;;;9907.0;0.0
yf_ZW=F_d12;4400;INTARIAN_PEPPER_ROOT;10852;14;10848;22;;;10858;14;10862;16;;;10855.0;0.0
yf_ZW=F_d12;4500;ASH_COATED_OSMIUM;9904;14;9902;13;;;9910;9;9913;24;;;9907.0;0.0
yf_ZW=F_d12;4500;INTARIAN_PEPPER_ROOT;10847;22;10844;20;;;10868;14;10871;16;;;10857.5;0.0
yf_ZW=F_d12;4600;ASH_COATED_OSMIUM;9903;16;9901;19;;;9911;18;9915;27;;;9907.0;0.0
yf_ZW=F_d12;4600;INTARIAN_PEPPER_ROOT;10848;20;10845;15;;;10873;5;10876;17;;;10860.5;0.0
yf_ZW=F_d12;4700;ASH_COATED_OSMIUM;9904;11;9901;23;;;9910;21;9913;19;;;9907.0;0.0
yf_ZW=F_d12;4700;INTARIAN_PEPPER_ROOT;10861;9;10857;14;;;10867;13;10870;25;;;10864.0;0.0
yf_ZW=F_d12;4800;ASH_COATED_OSMIUM;9904;16;9900;12;;;9910;16;9914;22;;;9907.0;0.0
yf_ZW=F_d12;4800;INTARIAN_PEPPER_ROOT;10839;9;10837;23;;;10893;7;10897;24;;;10866.0;0.0
yf_ZW=F_d12;4900;ASH_COATED_OSMIUM;9898;12;9896;19;;;9916;12;9918;12;;;9907.0;0.0
yf_ZW=F_d12;4900;INTARIAN_PEPPER_ROOT;10866;12;10864;23;;;10874;8;10878;30;;;10870.0;0.0
yf_ZW=F_d12;5000;ASH_COATED_OSMIUM;9901;16;9899;20;;;9913;18;9917;22;;;9907.0;0.0
yf_ZW=F_d12;5000;INTARIAN_PEPPER_ROOT;10870;8;10868;12;;;10876;21;10878;28;;;10873.0;0.0
yf_ZW=F_d12;5100;ASH_COATED_OSMIUM;9902;9;9899;22;;;9913;15;9915;23;;;9907.5;0.0
yf_ZW=F_d12;5100;INTARIAN_PEPPER_ROOT;10871;9;10869;11;;;10880;13;10883;24;;;10875.5;0.0
yf_ZW=F_d12;5200;ASH_COATED_OSMIUM;9904;8;9902;14;;;9910;11;9913;21;;;9907.0;0.0
yf_ZW=F_d12;5200;INTARIAN_PEPPER_ROOT;10876;15;10872;14;;;10882;16;10886;18;;;10879.0;0.0
yf_ZW=F_d12;5300;ASH_COATED_OSMIUM;9901;16;9897;14;;;9913;30;9917;13;;;9907.0;0.0
yf_ZW=F_d12;5300;INTARIAN_PEPPER_ROOT;10878;11;10875;19;;;10884;7;10888;15;;;10881.0;0.0
yf_ZW=F_d12;5400;ASH_COATED_OSMIUM;9901;10;9897;23;;;9913;11;9915;26;;;9907.0;0.0
yf_ZW=F_d12;5400;INTARIAN_PEPPER_ROOT;10880;9;10878;18;;;10888;26;10892;15;;;10884.0;0.0
yf_ZW=F_d12;5500;ASH_COATED_OSMIUM;9897;11;9894;12;;;9917;16;9921;19;;;9907.0;0.0
yf_ZW=F_d12;5500;INTARIAN_PEPPER_ROOT;10884;15;10881;24;;;10890;10;10893;11;;;10887.0;0.0
yf_ZW=F_d12;5600;ASH_COATED_OSMIUM;9898;10;9894;16;;;9914;13;9917;34;;;9906.0;0.0
yf_ZW=F_d12;5600;INTARIAN_PEPPER_ROOT;10888;19;10886;20;;;10894;21;10898;15;;;10891.0;0.0
yf_ZW=F_d12;5700;ASH_COATED_OSMIUM;9902;16;9898;27;;;9911;17;9913;19;;;9906.5;0.0
yf_ZW=F_d12;5700;INTARIAN_PEPPER_ROOT;10891;7;10888;12;;;10897;12;10899;25;;;10894.0;0.0
yf_ZW=F_d12;5800;ASH_COATED_OSMIUM;9904;12;9901;25;;;9910;8;9914;24;;;9907.0;0.0
yf_ZW=F_d12;5800;INTARIAN_PEPPER_ROOT;10893;7;10891;25;;;10899;21;10903;16;;;10896.0;0.0
yf_ZW=F_d12;5900;ASH_COATED_OSMIUM;9903;14;9900;24;;;9909;17;9913;22;;;9906.0;0.0
yf_ZW=F_d12;5900;INTARIAN_PEPPER_ROOT;10896;15;10892;18;;;10902;24;10906;23;;;10899.0;0.0
yf_ZW=F_d12;6000;ASH_COATED_OSMIUM;9901;17;9898;24;;;9913;10;9915;21;;;9907.0;0.0
yf_ZW=F_d12;6000;INTARIAN_PEPPER_ROOT;10895;14;10891;18;;;10910;6;10914;32;;;10902.5;0.0
yf_ZW=F_d12;6100;ASH_COATED_OSMIUM;9902;12;9899;18;;;9912;13;9916;24;;;9907.0;0.0
yf_ZW=F_d12;6100;INTARIAN_PEPPER_ROOT;10902;18;10899;16;;;10909;11;10911;10;;;10905.5;0.0
yf_ZW=F_d12;6200;ASH_COATED_OSMIUM;9900;12;9896;16;;;9912;10;9916;18;;;9906.0;0.0
yf_ZW=F_d12;6200;INTARIAN_PEPPER_ROOT;10905;17;10901;16;;;10911;13;10914;26;;;10908.0;0.0
yf_ZW=F_d12;6300;ASH_COATED_OSMIUM;9903;17;9901;26;;;9909;17;9911;25;;;9906.0;0.0
yf_ZW=F_d12;6300;INTARIAN_PEPPER_ROOT;10908;22;10906;21;;;10914;20;10916;22;;;10911.0;0.0
yf_ZW=F_d12;6400;ASH_COATED_OSMIUM;9901;8;9898;20;;;9910;17;9914;27;;;9905.5;0.0
yf_ZW=F_d12;6400;INTARIAN_PEPPER_ROOT;10911;15;10907;20;;;10917;15;10920;14;;;10914.0;0.0
yf_ZW=F_d12;6500;ASH_COATED_OSMIUM;9903;10;9900;20;;;9909;9;9911;14;;;9906.0;0.0
yf_ZW=F_d12;6500;INTARIAN_PEPPER_ROOT;10914;16;10910;17;;;10920;12;10924;23;;;10917.0;0.0
yf_ZW=F_d12;6600;ASH_COATED_OSMIUM;9886;8;9882;20;;;9925;16;9928;19;;;9905.5;0.0
yf_ZW=F_d12;6600;INTARIAN_PEPPER_ROOT;10917;14;10915;28;;;10923;7;10927;16;;;10920.0;0.0
yf_ZW=F_d12;6700;ASH_COATED_OSMIUM;9901;11;9898;16;;;9910;13;9912;16;;;9905.5;0.0
yf_ZW=F_d12;6700;INTARIAN_PEPPER_ROOT;10921;12;10919;21;;;10927;5;10930;22;;;10924.0;0.0
yf_ZW=F_d12;6800;ASH_COATED_OSMIUM;9902;23;9898;17;;;9908;23;9910;16;;;9905.0;0.0
yf_ZW=F_d12;6800;INTARIAN_PEPPER_ROOT;10918;7;10915;20;;;10935;22;10938;20;;;10926.5;0.0
yf_ZW=F_d12;6900;ASH_COATED_OSMIUM;9903;16;9901;20;;;9909;10;9913;26;;;9906.0;0.0
yf_ZW=F_d12;6900;INTARIAN_PEPPER_ROOT;10926;7;10923;18;;;10932;19;10935;24;;;10929.0;0.0
yf_ZW=F_d12;7000;ASH_COATED_OSMIUM;9903;11;9899;30;;;9909;12;9913;29;;;9906.0;0.0
yf_ZW=F_d12;7000;INTARIAN_PEPPER_ROOT;10914;16;10911;12;;;10950;14;10954;22;;;10932.0;0.0
yf_ZW=F_d12;7100;ASH_COATED_OSMIUM;9898;27;9894;19;;;9914;6;9918;23;;;9906.0;0.0
yf_ZW=F_d12;7100;INTARIAN_PEPPER_ROOT;10927;8;10925;17;;;10943;20;10947;15;;;10935.0;0.0
yf_ZW=F_d12;7200;ASH_COATED_OSMIUM;9901;8;9897;26;;;9910;17;9912;23;;;9905.5;0.0
yf_ZW=F_d12;7200;INTARIAN_PEPPER_ROOT;10935;18;10932;12;;;10941;13;10944;19;;;10938.0;0.0
yf_ZW=F_d12;7300;ASH_COATED_OSMIUM;9877;14;9875;9;;;9934;7;9937;16;;;9905.5;0.0
yf_ZW=F_d12;7300;INTARIAN_PEPPER_ROOT;10937;6;10933;14;;;10944;18;10946;21;;;10940.5;0.0
yf_ZW=F_d12;7400;ASH_COATED_OSMIUM;9899;16;9896;15;;;9911;18;9913;20;;;9905.0;0.0
yf_ZW=F_d12;7400;INTARIAN_PEPPER_ROOT;10941;12;10938;16;;;10947;20;10949;15;;;10944.0;0.0
yf_ZW=F_d12;7500;ASH_COATED_OSMIUM;9903;12;9901;20;;;9909;24;9913;20;;;9906.0;0.0
yf_ZW=F_d12;7500;INTARIAN_PEPPER_ROOT;10944;15;10940;18;;;10950;10;10952;11;;;10947.0;0.0
yf_ZW=F_d12;7600;ASH_COATED_OSMIUM;9899;15;9896;11;;;9911;22;9913;14;;;9905.0;0.0
yf_ZW=F_d12;7600;INTARIAN_PEPPER_ROOT;10941;9;10938;24;;;10959;11;10961;9;;;10950.0;0.0
yf_ZW=F_d12;7700;ASH_COATED_OSMIUM;9902;13;9898;8;;;9908;15;9911;16;;;9905.0;0.0
yf_ZW=F_d12;7700;INTARIAN_PEPPER_ROOT;10949;21;10947;23;;;10956;13;10959;14;;;10952.5;0.0
yf_ZW=F_d12;7800;ASH_COATED_OSMIUM;9902;11;9900;23;;;9908;20;9912;19;;;9905.0;0.0
yf_ZW=F_d12;7800;INTARIAN_PEPPER_ROOT;10953;10;10949;19;;;10959;12;10961;14;;;10956.0;0.0
yf_ZW=F_d12;7900;ASH_COATED_OSMIUM;9902;17;9898;23;;;9908;22;9910;24;;;9905.0;0.0
yf_ZW=F_d12;7900;INTARIAN_PEPPER_ROOT;10946;14;10942;20;;;10971;15;10974;15;;;10958.5;0.0
yf_ZW=F_d12;8000;ASH_COATED_OSMIUM;9901;22;9898;22;;;9907;23;9909;14;;;9904.0;0.0
yf_ZW=F_d12;8000;INTARIAN_PEPPER_ROOT;10959;10;10957;21;;;10965;17;10969;13;;;10962.0;0.0
yf_ZW=F_d12;8100;ASH_COATED_OSMIUM;9902;12;9900;24;;;9908;12;9910;17;;;9905.0;0.0
yf_ZW=F_d12;8100;INTARIAN_PEPPER_ROOT;10959;15;10955;21;;;10971;9;10973;22;;;10965.0;0.0
yf_ZW=F_d12;8200;ASH_COATED_OSMIUM;9902;13;9898;15;;;9908;7;9912;17;;;9905.0;0.0
yf_ZW=F_d12;8200;INTARIAN_PEPPER_ROOT;10965;12;10961;20;;;10971;22;10973;23;;;10968.0;0.0
yf_ZW=F_d12;8300;ASH_COATED_OSMIUM;9902;23;9900;15;;;9908;14;9912;23;;;9905.0;0.0
yf_ZW=F_d12;8300;INTARIAN_PEPPER_ROOT;10968;10;10965;24;;;10974;25;10978;19;;;10971.0;0.0
yf_ZW=F_d12;8400;ASH_COATED_OSMIUM;9897;9;9893;16;;;9912;10;9916;11;;;9904.5;0.0
yf_ZW=F_d12;8400;INTARIAN_PEPPER_ROOT;10971;10;10969;20;;;10977;16;10980;27;;;10974.0;0.0
yf_ZW=F_d12;8500;ASH_COATED_OSMIUM;9902;21;9900;26;;;9908;7;9911;12;;;9905.0;0.0
yf_ZW=F_d12;8500;INTARIAN_PEPPER_ROOT;10974;17;10971;14;;;10980;5;10984;13;;;10977.0;0.0
yf_ZW=F_d12;8600;ASH_COATED_OSMIUM;9902;25;9899;21;;;9908;5;9910;28;;;9905.0;0.0
yf_ZW=F_d12;8600;INTARIAN_PEPPER_ROOT;10962;16;10959;21;;;10997;10;11000;18;;;10979.5;0.0
yf_ZW=F_d12;8700;ASH_COATED_OSMIUM;9901;20;9899;20;;;9907;10;9909;16;;;9904.0;0.0
yf_ZW=F_d12;8700;INTARIAN_PEPPER_ROOT;10972;16;10968;22;;;10993;8;10997;23;;;10982.5;0.0
yf_ZW=F_d12;8800;ASH_COATED_OSMIUM;9902;22;9898;17;;;9908;16;9910;22;;;9905.0;0.0
yf_ZW=F_d12;8800;INTARIAN_PEPPER_ROOT;10983;14;10981;14;;;10989;8;10992;19;;;10986.0;0.0
yf_ZW=F_d12;8900;ASH_COATED_OSMIUM;9887;16;9884;19;;;9921;23;9923;21;;;9904.0;0.0
yf_ZW=F_d12;8900;INTARIAN_PEPPER_ROOT;10986;6;10984;21;;;10992;20;10995;8;;;10989.0;0.0
yf_ZW=F_d12;9000;ASH_COATED_OSMIUM;9891;22;9887;20;;;9918;8;9920;24;;;9904.5;0.0
yf_ZW=F_d12;9000;INTARIAN_PEPPER_ROOT;10989;21;10986;25;;;10995;14;10999;11;;;10992.0;0.0
yf_ZW=F_d12;9100;ASH_COATED_OSMIUM;9901;17;9898;30;;;9907;16;9911;23;;;9904.0;0.0
yf_ZW=F_d12;9100;INTARIAN_PEPPER_ROOT;10991;24;10988;17;;;10997;10;11000;12;;;10994.0;0.0
yf_ZW=F_d12;9200;ASH_COATED_OSMIUM;9901;15;9899;17;;;9907;15;9911;20;;;9904.0;0.0
yf_ZW=F_d12;9200;INTARIAN_PEPPER_ROOT;10994;10;10990;28;;;11000;6;11004;19;;;10997.0;0.0
yf_ZW=F_d12;9300;ASH_COATED_OSMIUM;9897;10;9895;9;;;9911;13;9914;17;;;9904.0;0.0
yf_ZW=F_d12;9300;INTARIAN_PEPPER_ROOT;10994;19;10990;19;;;11006;10;11009;28;;;11000.0;0.0
yf_ZW=F_d12;9400;ASH_COATED_OSMIUM;9901;20;9897;15;;;9907;20;9909;27;;;9904.0;0.0
yf_ZW=F_d12;9400;INTARIAN_PEPPER_ROOT;11000;14;10997;22;;;11006;20;11010;12;;;11003.0;0.0
yf_ZW=F_d12;9500;ASH_COATED_OSMIUM;9901;13;9898;29;;;9907;9;9909;25;;;9904.0;0.0
yf_ZW=F_d12;9500;INTARIAN_PEPPER_ROOT;11002;5;10998;19;;;11010;13;11014;25;;;11006.0;0.0
yf_ZW=F_d12;9600;ASH_COATED_OSMIUM;9899;11;9897;17;;;9909;11;9912;15;;;9904.0;0.0
yf_ZW=F_d12;9600;INTARIAN_PEPPER_ROOT;10997;16;10995;14;;;11023;6;11027;29;;;11010.0;0.0
yf_ZW=F_d12;9700;ASH_COATED_OSMIUM;9901;16;9897;26;;;9907;20;9910;20;;;9904.0;0.0
yf_ZW=F_d12;9700;INTARIAN_PEPPER_ROOT;11001;18;10997;20;;;11023;13;11026;17;;;11012.0;0.0
yf_ZW=F_d12;9800;ASH_COATED_OSMIUM;9899;18;9896;14;;;9908;17;9911;15;;;9903.5;0.0
yf_ZW=F_d12;9800;INTARIAN_PEPPER_ROOT;11012;24;11010;16;;;11018;15;11021;18;;;11015.0;0.0
yf_ZW=F_d12;9900;ASH_COATED_OSMIUM;9901;15;9897;13;;;9908;16;9911;20;;;9904.5;0.0
yf_ZW=F_d12;9900;INTARIAN_PEPPER_ROOT;11006;16;11002;15;;;11032;20;11036;17;;;11019.0;0.0
yf_ZW=F_d12;10000;ASH_COATED_OSMIUM;9896;16;9894;20;;;9912;19;9915;8;;;9904.0;0.0
yf_ZW=F_d12;10000;INTARIAN_PEPPER_ROOT;11019;5;11017;23;;;11025;17;11029;21;;;11022.0;0.0
yf_ZW=F_d12;10100;ASH_COATED_OSMIUM;9896;20;9892;23;;;9912;9;9914;19;;;9904.0;0.0
yf_ZW=F_d12;10100;INTARIAN_PEPPER_ROOT;11020;20;11018;18;;;11030;12;11034;23;;;11025.0;0.0
yf_ZW=F_d12;10200;ASH_COATED_OSMIUM;9896;25;9894;23;;;9911;26;9914;19;;;9903.5;0.0
yf_ZW=F_d12;10200;INTARIAN_PEPPER_ROOT;11018;16;11014;16;;;11035;17;11039;24;;;11026.5;0.0
yf_ZW=F_d12;10300;ASH_COATED_OSMIUM;9901;15;9898;18;;;9907;18;9910;18;;;9904.0;0.0
yf_ZW=F_d12;10300;INTARIAN_PEPPER_ROOT;11026;7;11022;15;;;11034;11;11038;23;;;11030.0;0.0
yf_ZW=F_d12;10400;ASH_COATED_OSMIUM;9900;17;9897;17;;;9906;16;9908;16;;;9903.0;0.0
yf_ZW=F_d12;10400;INTARIAN_PEPPER_ROOT;11024;14;11022;26;;;11044;11;11046;11;;;11034.0;0.0
yf_ZW=F_d12;10500;ASH_COATED_OSMIUM;9899;12;9897;23;;;9908;10;9910;18;;;9903.5;0.0
yf_ZW=F_d12;10500;INTARIAN_PEPPER_ROOT;11031;7;11027;11;;;11040;19;11042;20;;;11035.5;0.0
yf_ZW=F_d12;10600;ASH_COATED_OSMIUM;9901;18;9897;20;;;9907;24;9909;16;;;9904.0;0.0
yf_ZW=F_d12;10600;INTARIAN_PEPPER_ROOT;11036;13;11032;28;;;11042;8;11046;15;;;11039.0;0.0
yf_ZW=F_d12;10700;ASH_COATED_OSMIUM;9897;22;9893;26;;;9910;21;9912;23;;;9903.5;0.0
yf_ZW=F_d12;10700;INTARIAN_PEPPER_ROOT;11034;13;11030;17;;;11050;8;11052;22;;;11042.0;0.0
yf_ZW=F_d12;10800;ASH_COATED_OSMIUM;9900;17;9896;12;;;9906;24;9908;23;;;9903.0;0.0
yf_ZW=F_d12;10800;INTARIAN_PEPPER_ROOT;11042;12;11040;22;;;11048;19;11050;21;;;11045.0;0.0
yf_ZW=F_d12;10900;ASH_COATED_OSMIUM;9900;18;9896;23;;;9906;7;9908;17;;;9903.0;0.0
yf_ZW=F_d12;10900;INTARIAN_PEPPER_ROOT;11045;20;11043;29;;;11051;14;11054;12;;;11048.0;0.0
yf_ZW=F_d12;11000;ASH_COATED_OSMIUM;9899;9;9896;20;;;9906;13;9910;26;;;9902.5;0.0
yf_ZW=F_d12;11000;INTARIAN_PEPPER_ROOT;11044;11;11042;19;;;11058;15;11060;21;;;11051.0;0.0
yf_ZW=F_d12;11100;ASH_COATED_OSMIUM;9900;15;9897;15;;;9906;5;9908;25;;;9903.0;0.0
yf_ZW=F_d12;11100;INTARIAN_PEPPER_ROOT;11051;16;11049;26;;;11057;9;11061;23;;;11054.0;0.0
yf_ZW=F_d12;11200;ASH_COATED_OSMIUM;9899;12;9897;21;;;9906;21;9910;19;;;9902.5;0.0
yf_ZW=F_d12;11200;INTARIAN_PEPPER_ROOT;11054;16;11051;16;;;11060;21;11062;23;;;11057.0;0.0
yf_ZW=F_d12;11300;ASH_COATED_OSMIUM;9896;6;9894;20;;;9910;25;9912;16;;;9903.0;0.0
yf_ZW=F_d12;11300;INTARIAN_PEPPER_ROOT;11047;20;11045;24;;;11073;13;11075;14;;;11060.0;0.0
yf_ZW=F_d12;11400;ASH_COATED_OSMIUM;9898;13;9896;18;;;9908;10;9912;29;;;9903.0;0.0
yf_ZW=F_d12;11400;INTARIAN_PEPPER_ROOT;11060;17;11058;23;;;11066;16;11070;28;;;11063.0;0.0
yf_ZW=F_d12;11500;ASH_COATED_OSMIUM;9899;12;9896;16;;;9905;13;9909;14;;;9902.0;0.0
yf_ZW=F_d12;11500;INTARIAN_PEPPER_ROOT;11058;17;11056;22;;;11074;21;11076;19;;;11066.0;0.0
yf_ZW=F_d12;11600;ASH_COATED_OSMIUM;9900;16;9897;15;;;9906;23;9910;25;;;9903.0;0.0
yf_ZW=F_d12;11600;INTARIAN_PEPPER_ROOT;11065;21;11063;17;;;11071;15;11074;16;;;11068.0;0.0
yf_ZW=F_d12;11700;ASH_COATED_OSMIUM;9900;21;9897;19;;;9906;18;9908;12;;;9903.0;0.0
yf_ZW=F_d12;11700;INTARIAN_PEPPER_ROOT;11066;14;11063;19;;;11079;11;11083;24;;;11072.5;0.0
yf_ZW=F_d12;11800;ASH_COATED_OSMIUM;9900;9;9896;25;;;9906;18;9910;17;;;9903.0;0.0
yf_ZW=F_d12;11800;INTARIAN_PEPPER_ROOT;11072;25;11068;24;;;11078;21;11082;24;;;11075.0;0.0
yf_ZW=F_d12;11900;ASH_COATED_OSMIUM;9900;29;9897;8;;;9906;10;9909;22;;;9903.0;0.0
yf_ZW=F_d12;11900;INTARIAN_PEPPER_ROOT;11075;13;11073;24;;;11081;22;11085;18;;;11078.0;0.0
yf_ZW=F_d12;12000;ASH_COATED_OSMIUM;9899;8;9895;20;;;9906;20;9910;23;;;9902.5;0.0
yf_ZW=F_d12;12000;INTARIAN_PEPPER_ROOT;11078;13;11075;21;;;11084;14;11086;21;;;11081.0;0.0
yf_ZW=F_d12;12100;ASH_COATED_OSMIUM;9899;16;9897;8;;;9905;17;9908;28;;;9902.0;0.0
yf_ZW=F_d12;12100;INTARIAN_PEPPER_ROOT;11076;18;11074;23;;;11091;13;11093;23;;;11083.5;0.0
yf_ZW=F_d12;12200;ASH_COATED_OSMIUM;9900;12;9897;26;;;9906;16;9910;21;;;9903.0;0.0
yf_ZW=F_d12;12200;INTARIAN_PEPPER_ROOT;11084;16;11080;8;;;11090;9;11092;21;;;11087.0;0.0
yf_ZW=F_d12;12300;ASH_COATED_OSMIUM;9900;10;9896;17;;;9906;13;9908;14;;;9903.0;0.0
yf_ZW=F_d12;12300;INTARIAN_PEPPER_ROOT;11087;8;11085;15;;;11093;16;11097;19;;;11090.0;0.0
yf_ZW=F_d12;12400;ASH_COATED_OSMIUM;9899;21;9895;20;;;9905;19;9909;28;;;9902.0;0.0
yf_ZW=F_d12;12400;INTARIAN_PEPPER_ROOT;11089;7;11087;34;;;11097;15;11101;12;;;11093.0;0.0
yf_ZW=F_d12;12500;ASH_COATED_OSMIUM;9892;6;9888;15;;;9911;5;9915;13;;;9901.5;0.0
yf_ZW=F_d12;12500;INTARIAN_PEPPER_ROOT;11092;10;11090;23;;;11100;15;11103;10;;;11096.0;0.0
yf_ZW=F_d12;12600;ASH_COATED_OSMIUM;9899;16;9895;29;;;9905;11;9907;16;;;9902.0;0.0
yf_ZW=F_d12;12600;INTARIAN_PEPPER_ROOT;11096;22;11093;20;;;11102;20;11106;34;;;11099.0;0.0
yf_ZW=F_d12;12700;ASH_COATED_OSMIUM;9899;16;9897;17;;;9905;11;9907;12;;;9902.0;0.0
yf_ZW=F_d12;12700;INTARIAN_PEPPER_ROOT;11099;12;11095;16;;;11105;17;11108;20;;;11102.0;0.0
yf_ZW=F_d12;12800;ASH_COATED_OSMIUM;9899;5;9897;27;;;9906;6;9910;14;;;9902.5;0.0
yf_ZW=F_d12;12800;INTARIAN_PEPPER_ROOT;11095;18;11093;20;;;11114;21;11116;13;;;11104.5;0.0
yf_ZW=F_d12;12900;ASH_COATED_OSMIUM;9898;20;9895;17;;;9906;16;9910;17;;;9902.0;0.0
yf_ZW=F_d12;12900;INTARIAN_PEPPER_ROOT;11105;17;11103;15;;;11111;13;11113;18;;;11108.0;0.0
yf_ZW=F_d12;13000;ASH_COATED_OSMIUM;9899;10;9897;26;;;9905;5;9908;30;;;9902.0;0.0
yf_ZW=F_d12;13000;INTARIAN_PEPPER_ROOT;11105;20;11103;14;;;11116;26;11120;8;;;11110.5;0.0
yf_ZW=F_d12;13100;ASH_COATED_OSMIUM;9899;13;9897;17;;;9905;16;9909;15;;;9902.0;0.0
yf_ZW=F_d12;13100;INTARIAN_PEPPER_ROOT;11109;11;11106;13;;;11119;8;11123;14;;;11114.0;0.0
yf_ZW=F_d12;13200;ASH_COATED_OSMIUM;9899;16;9897;21;;;9905;11;9908;17;;;9902.0;0.0
yf_ZW=F_d12;13200;INTARIAN_PEPPER_ROOT;11113;24;11110;10;;;11119;15;11121;22;;;11116.0;0.0
yf_ZW=F_d12;13300;ASH_COATED_OSMIUM;9899;19;9896;18;;;9905;8;9909;21;;;9902.0;0.0
yf_ZW=F_d12;13300;INTARIAN_PEPPER_ROOT;11113;13;11110;20;;;11125;20;11128;32;;;11119.0;0.0
yf_ZW=F_d12;13400;ASH_COATED_OSMIUM;9899;7;9895;19;;;9905;19;9907;21;;;9902.0;0.0
yf_ZW=F_d12;13400;INTARIAN_PEPPER_ROOT;11119;14;11115;29;;;11127;17;11131;21;;;11123.0;0.0
yf_ZW=F_d12;13500;ASH_COATED_OSMIUM;9898;12;9896;20;;;9904;16;9906;9;;;9901.0;0.0
yf_ZW=F_d12;13500;INTARIAN_PEPPER_ROOT;11122;10;11120;26;;;11128;25;11131;26;;;11125.0;0.0
yf_ZW=F_d12;13600;ASH_COATED_OSMIUM;9899;10;9896;30;;;9905;24;9907;15;;;9902.0;0.0
yf_ZW=F_d12;13600;INTARIAN_PEPPER_ROOT;11126;12;11123;19;;;11132;15;11134;23;;;11129.0;0.0
yf_ZW=F_d12;13700;ASH_COATED_OSMIUM;9897;18;9894;11;;;9907;26;9909;17;;;9902.0;0.0
yf_ZW=F_d12;13700;INTARIAN_PEPPER_ROOT;11127;20;11123;18;;;11137;16;11139;15;;;11132.0;0.0
yf_ZW=F_d12;13800;ASH_COATED_OSMIUM;9898;13;9896;17;;;9906;23;9910;23;;;9902.0;0.0
yf_ZW=F_d12;13800;INTARIAN_PEPPER_ROOT;11130;21;11127;22;;;11140;17;11144;15;;;11135.0;0.0
yf_ZW=F_d12;13900;ASH_COATED_OSMIUM;9897;13;9895;21;;;9903;19;9906;27;;;9900.0;0.0
yf_ZW=F_d12;13900;INTARIAN_PEPPER_ROOT;11135;10;11132;18;;;11141;5;11145;19;;;11138.0;0.0
yf_ZW=F_d12;14000;ASH_COATED_OSMIUM;9894;9;9892;14;;;9908;11;9910;22;;;9901.0;0.0
yf_ZW=F_d12;14000;INTARIAN_PEPPER_ROOT;11136;15;11132;23;;;11144;14;11146;33;;;11140.0;0.0
yf_ZW=F_d12;14100;ASH_COATED_OSMIUM;9898;21;9894;22;;;9904;15;9906;23;;;9901.0;0.0
yf_ZW=F_d12;14100;INTARIAN_PEPPER_ROOT;11139;15;11135;16;;;11148;21;11151;10;;;11143.5;0.0
yf_ZW=F_d12;14200;ASH_COATED_OSMIUM;9899;20;9895;16;;;9905;21;9908;21;;;9902.0;0.0
yf_ZW=F_d12;14200;INTARIAN_PEPPER_ROOT;11143;10;11141;19;;;11149;14;11151;17;;;11146.0;0.0
yf_ZW=F_d12;14300;ASH_COATED_OSMIUM;9898;8;9896;13;;;9904;22;9906;23;;;9901.0;0.0
yf_ZW=F_d12;14300;INTARIAN_PEPPER_ROOT;11146;12;11144;12;;;11152;22;11154;15;;;11149.0;0.0
yf_ZW=F_d12;14400;ASH_COATED_OSMIUM;9898;15;9895;16;;;9904;12;9908;16;;;9901.0;0.0
yf_ZW=F_d12;14400;INTARIAN_PEPPER_ROOT;11148;15;11146;19;;;11154;6;11156;22;;;11151.0;0.0
yf_ZW=F_d12;14500;ASH_COATED_OSMIUM;9898;15;9894;18;;;9904;11;9907;31;;;9901.0;0.0
yf_ZW=F_d12;14500;INTARIAN_PEPPER_ROOT;11152;21;11148;16;;;11159;23;11163;21;;;11155.5;0.0
yf_ZW=F_d12;14600;ASH_COATED_OSMIUM;9898;15;9894;24;;;9904;5;9906;15;;;9901.0;0.0
yf_ZW=F_d12;14600;INTARIAN_PEPPER_ROOT;11155;11;11151;17;;;11161;28;11165;20;;;11158.0;0.0
yf_ZW=F_d12;14700;ASH_COATED_OSMIUM;9896;19;9893;12;;;9904;18;9906;19;;;9900.0;0.0
yf_ZW=F_d12;14700;INTARIAN_PEPPER_ROOT;11155;8;11152;18;;;11166;12;11168;17;;;11160.5;0.0
yf_ZW=F_d12;14800;ASH_COATED_OSMIUM;9898;8;9894;17;;;9904;10;9907;17;;;9901.0;0.0
yf_ZW=F_d12;14800;INTARIAN_PEPPER_ROOT;11161;14;11157;21;;;11168;11;11172;23;;;11164.5;0.0
yf_ZW=F_d12;14900;ASH_COATED_OSMIUM;9890;16;9887;23;;;9912;15;9916;23;;;9901.0;0.0
yf_ZW=F_d12;14900;INTARIAN_PEPPER_ROOT;11162;12;11158;21;;;11172;19;11176;23;;;11167.0;0.0
yf_ZW=F_d12;15000;ASH_COATED_OSMIUM;9898;7;9894;27;;;9904;11;9907;17;;;9901.0;0.0
yf_ZW=F_d12;15000;INTARIAN_PEPPER_ROOT;11165;15;11163;27;;;11175;13;11178;18;;;11170.0;0.0
yf_ZW=F_d12;15100;ASH_COATED_OSMIUM;9896;11;9893;25;;;9904;16;9906;32;;;9900.0;0.0
yf_ZW=F_d12;15100;INTARIAN_PEPPER_ROOT;11168;19;11165;20;;;11179;19;11182;9;;;11173.5;0.0
yf_ZW=F_d12;15200;ASH_COATED_OSMIUM;9897;10;9893;24;;;9904;12;9907;14;;;9900.5;0.0
yf_ZW=F_d12;15200;INTARIAN_PEPPER_ROOT;11170;11;11167;22;;;11181;6;11183;24;;;11175.5;0.0
yf_ZW=F_d12;15300;ASH_COATED_OSMIUM;9898;8;9895;25;;;9904;11;9906;16;;;9901.0;0.0
yf_ZW=F_d12;15300;INTARIAN_PEPPER_ROOT;11176;15;11174;23;;;11182;16;11184;24;;;11179.0;0.0
yf_ZW=F_d12;15400;ASH_COATED_OSMIUM;9897;12;9893;17;;;9905;20;9909;20;;;9901.0;0.0
yf_ZW=F_d12;15400;INTARIAN_PEPPER_ROOT;11171;14;11168;27;;;11193;13;11196;28;;;11182.0;0.0
yf_ZW=F_d12;15500;ASH_COATED_OSMIUM;9897;10;9895;18;;;9903;22;9907;22;;;9900.0;0.0
yf_ZW=F_d12;15500;INTARIAN_PEPPER_ROOT;11179;18;11177;15;;;11190;14;11194;20;;;11184.5;0.0
yf_ZW=F_d12;15600;ASH_COATED_OSMIUM;9895;12;9892;23;;;9905;10;9909;22;;;9900.0;0.0
yf_ZW=F_d12;15600;INTARIAN_PEPPER_ROOT;11178;11;11175;22;;;11196;22;11199;21;;;11187.0;0.0
yf_ZW=F_d12;15700;ASH_COATED_OSMIUM;9895;16;9891;23;;;9906;7;9909;15;;;9900.5;0.0
yf_ZW=F_d12;15700;INTARIAN_PEPPER_ROOT;11186;5;11184;21;;;11196;27;11199;24;;;11191.0;0.0
yf_ZW=F_d12;15800;ASH_COATED_OSMIUM;9897;16;9893;22;;;9903;18;9906;33;;;9900.0;0.0
yf_ZW=F_d12;15800;INTARIAN_PEPPER_ROOT;11187;15;11183;16;;;11201;13;11203;12;;;11194.0;0.0
yf_ZW=F_d12;15900;ASH_COATED_OSMIUM;9897;11;9895;19;;;9903;13;9906;24;;;9900.0;0.0
yf_ZW=F_d12;15900;INTARIAN_PEPPER_ROOT;11194;20;11190;14;;;11200;13;11203;27;;;11197.0;0.0
yf_ZW=F_d12;16000;ASH_COATED_OSMIUM;9897;17;9895;21;;;9903;18;9907;16;;;9900.0;0.0
yf_ZW=F_d12;16000;INTARIAN_PEPPER_ROOT;11192;15;11188;10;;;11209;20;11211;15;;;11200.5;0.0
yf_ZW=F_d12;16100;ASH_COATED_OSMIUM;9894;10;9890;17;;;9907;11;9910;17;;;9900.5;0.0
yf_ZW=F_d12;16100;INTARIAN_PEPPER_ROOT;11200;25;11197;9;;;11206;18;11210;8;;;11203.0;0.0
yf_ZW=F_d12;16200;ASH_COATED_OSMIUM;9896;8;9892;17;;;9902;13;9904;22;;;9899.0;0.0
yf_ZW=F_d12;16200;INTARIAN_PEPPER_ROOT;11203;15;11201;21;;;11209;18;11213;11;;;11206.0;0.0
yf_ZW=F_d12;16300;ASH_COATED_OSMIUM;9897;13;9895;20;;;9903;6;9905;17;;;9900.0;0.0
yf_ZW=F_d12;16300;INTARIAN_PEPPER_ROOT;11202;20;11200;24;;;11216;13;11218;21;;;11209.0;0.0
yf_ZW=F_d12;16400;ASH_COATED_OSMIUM;9897;19;9893;20;;;9903;20;9906;13;;;9900.0;0.0
yf_ZW=F_d12;16400;INTARIAN_PEPPER_ROOT;11209;15;11207;21;;;11215;22;11217;21;;;11212.0;0.0
yf_ZW=F_d12;16500;ASH_COATED_OSMIUM;9897;8;9893;22;;;9903;10;9907;11;;;9900.0;0.0
yf_ZW=F_d12;16500;INTARIAN_PEPPER_ROOT;11200;17;11198;17;;;11229;8;11233;18;;;11214.5;0.0
yf_ZW=F_d12;16600;ASH_COATED_OSMIUM;9893;24;9890;13;;;9907;19;9910;20;;;9900.0;0.0
yf_ZW=F_d12;16600;INTARIAN_PEPPER_ROOT;11215;11;11212;25;;;11221;23;11223;12;;;11218.0;0.0
yf_ZW=F_d12;16700;ASH_COATED_OSMIUM;9897;8;9895;9;;;9903;8;9906;8;;;9900.0;0.0
yf_ZW=F_d12;16700;INTARIAN_PEPPER_ROOT;11218;17;11216;16;;;11224;8;11227;21;;;11221.0;0.0
yf_ZW=F_d12;16800;ASH_COATED_OSMIUM;9896;26;9894;22;;;9902;9;9905;24;;;9899.0;0.0
yf_ZW=F_d12;16800;INTARIAN_PEPPER_ROOT;11220;11;11218;22;;;11226;10;11228;24;;;11223.0;0.0
yf_ZW=F_d12;16900;ASH_COATED_OSMIUM;9890;19;9886;21;;;9910;5;9913;22;;;9900.0;0.0
yf_ZW=F_d12;16900;INTARIAN_PEPPER_ROOT;11217;21;11215;17;;;11235;10;11238;11;;;11226.0;0.0
yf_ZW=F_d12;17000;ASH_COATED_OSMIUM;9896;15;9892;17;;;9902;15;9906;29;;;9899.0;0.0
yf_ZW=F_d12;17000;INTARIAN_PEPPER_ROOT;11225;22;11223;15;;;11231;13;11235;17;;;11228.0;0.0
yf_ZW=F_d12;17100;ASH_COATED_OSMIUM;9890;22;9888;13;;;9908;16;9911;24;;;9899.0;0.0
yf_ZW=F_d12;17100;INTARIAN_PEPPER_ROOT;11224;13;11222;18;;;11231;5;11235;23;;;11227.5;0.0
yf_ZW=F_d12;17200;ASH_COATED_OSMIUM;9896;14;9894;18;;;9902;12;9905;24;;;9899.0;0.0
yf_ZW=F_d12;17200;INTARIAN_PEPPER_ROOT;11222;22;11218;23;;;11233;22;11236;27;;;11227.5;0.0
yf_ZW=F_d12;17300;ASH_COATED_OSMIUM;9895;20;9891;21;;;9906;16;9908;21;;;9900.5;0.0
yf_ZW=F_d12;17300;INTARIAN_PEPPER_ROOT;11221;19;11217;22;;;11232;18;11234;15;;;11226.5;0.0
yf_ZW=F_d12;17400;ASH_COATED_OSMIUM;9896;13;9892;26;;;9902;13;9904;22;;;9899.0;0.0
yf_ZW=F_d12;17400;INTARIAN_PEPPER_ROOT;11222;7;11219;18;;;11230;5;11234;16;;;11226.0;0.0
yf_ZW=F_d12;17500;ASH_COATED_OSMIUM;9895;15;9891;18;;;9904;7;9907;22;;;9899.5;0.0
yf_ZW=F_d12;17500;INTARIAN_PEPPER_ROOT;11224;21;11221;21;;;11230;16;11234;18;;;11227.0;0.0
yf_ZW=F_d12;17600;ASH_COATED_OSMIUM;9897;14;9895;16;;;9903;9;9905;20;;;9900.0;0.0
yf_ZW=F_d12;17600;INTARIAN_PEPPER_ROOT;11223;12;11220;8;;;11229;17;11232;12;;;11226.0;0.0
yf_ZW=F_d12;17700;ASH_COATED_OSMIUM;9897;12;9895;15;;;9903;19;9906;12;;;9900.0;0.0
yf_ZW=F_d12;17700;INTARIAN_PEPPER_ROOT;11222;7;11220;25;;;11230;6;11233;13;;;11226.0;0.0
yf_ZW=F_d12;17800;ASH_COATED_OSMIUM;9897;13;9895;19;;;9903;13;9906;16;;;9900.0;0.0
yf_ZW=F_d12;17800;INTARIAN_PEPPER_ROOT;11223;21;11221;21;;;11229;12;11231;14;;;11226.0;0.0
yf_ZW=F_d12;17900;ASH_COATED_OSMIUM;9897;19;9895;33;;;9903;12;9905;17;;;9900.0;0.0
yf_ZW=F_d12;17900;INTARIAN_PEPPER_ROOT;11222;11;11219;16;;;11228;19;11232;25;;;11225.0;0.0
yf_ZW=F_d12;18000;ASH_COATED_OSMIUM;9897;21;9893;18;;;9903;20;9907;18;;;9900.0;0.0
yf_ZW=F_d12;18000;INTARIAN_PEPPER_ROOT;11223;16;11221;24;;;11229;21;11233;8;;;11226.0;0.0
yf_ZW=F_d12;18100;ASH_COATED_OSMIUM;9896;18;9892;18;;;9902;12;9906;13;;;9899.0;0.0
yf_ZW=F_d12;18100;INTARIAN_PEPPER_ROOT;11222;23;11220;21;;;11228;15;11231;20;;;11225.0;0.0
yf_ZW=F_d12;18200;ASH_COATED_OSMIUM;9897;17;9895;19;;;9903;23;9906;25;;;9900.0;0.0
yf_ZW=F_d12;18200;INTARIAN_PEPPER_ROOT;11221;10;11217;22;;;11227;15;11229;29;;;11224.0;0.0
yf_ZW=F_d12;18300;ASH_COATED_OSMIUM;9892;13;9890;21;;;9907;19;9910;20;;;9899.5;0.0
yf_ZW=F_d12;18300;INTARIAN_PEPPER_ROOT;11221;19;11219;16;;;11227;15;11230;20;;;11224.0;0.0
yf_ZW=F_d12;18400;ASH_COATED_OSMIUM;9896;16;9893;27;;;9903;22;9905;20;;;9899.5;0.0
yf_ZW=F_d12;18400;INTARIAN_PEPPER_ROOT;11221;6;11218;17;;;11227;22;11229;20;;;11224.0;0.0
yf_ZW=F_d12;18500;ASH_COATED_OSMIUM;9895;18;9892;19;;;9905;10;9909;17;;;9900.0;0.0
yf_ZW=F_d12;18500;INTARIAN_PEPPER_ROOT;11221;11;11219;20;;;11227;14;11229;18;;;11224.0;0.0
yf_ZW=F_d12;18600;ASH_COATED_OSMIUM;9897;16;9895;20;;;9903;8;9906;17;;;9900.0;0.0
yf_ZW=F_d12;18600;INTARIAN_PEPPER_ROOT;11220;18;11216;24;;;11226;20;11228;8;;;11223.0;0.0
yf_ZW=F_d12;18700;ASH_COATED_OSMIUM;9894;14;9890;20;;;9907;15;9910;18;;;9900.5;0.0
yf_ZW=F_d12;18700;INTARIAN_PEPPER_ROOT;11216;21;11213;11;;;11230;13;11232;14;;;11223.0;0.0
yf_ZW=F_d12;18800;ASH_COATED_OSMIUM;9897;15;9894;11;;;9903;12;9907;21;;;9900.0;0.0
yf_ZW=F_d12;18800;INTARIAN_PEPPER_ROOT;11219;19;11215;10;;;11225;20;11227;19;;;11222.0;0.0
yf_ZW=F_d12;18900;ASH_COATED_OSMIUM;9887;17;9883;11;;;9914;18;9918;9;;;9900.5;0.0
yf_ZW=F_d12;18900;INTARIAN_PEPPER_ROOT;11219;12;11216;21;;;11225;18;11229;15;;;11222.0;0.0
yf_ZW=F_d12;19000;ASH_COATED_OSMIUM;9892;16;9888;21;;;9906;11;9908;19;;;9899.0;0.0
yf_ZW=F_d12;19000;INTARIAN_PEPPER_ROOT;11211;13;11208;22;;;11232;6;11235;14;;;11221.5;0.0
yf_ZW=F_d12;19100;ASH_COATED_OSMIUM;9897;19;9894;19;;;9903;21;9905;14;;;9900.0;0.0
yf_ZW=F_d12;19100;INTARIAN_PEPPER_ROOT;11219;17;11215;11;;;11225;10;11229;20;;;11222.0;0.0
yf_ZW=F_d12;19200;ASH_COATED_OSMIUM;9898;10;9894;22;;;9904;6;9906;29;;;9901.0;0.0
yf_ZW=F_d12;19200;INTARIAN_PEPPER_ROOT;11218;17;11216;23;;;11224;17;11227;20;;;11221.0;0.0
yf_ZW=F_d12;19300;ASH_COATED_OSMIUM;9897;18;9894;21;;;9903;7;9906;18;;;9900.0;0.0
yf_ZW=F_d12;19300;INTARIAN_PEPPER_ROOT;11218;13;11216;21;;;11224;16;11226;17;;;11221.0;0.0
yf_ZW=F_d12;19400;ASH_COATED_OSMIUM;9889;21;9887;23;;;9912;15;9914;8;;;9900.5;0.0
yf_ZW=F_d12;19400;INTARIAN_PEPPER_ROOT;11218;19;11215;18;;;11224;16;11228;22;;;11221.0;0.0
yf_ZW=F_d12;19500;ASH_COATED_OSMIUM;9897;7;9894;14;;;9903;13;9906;24;;;9900.0;0.0
yf_ZW=F_d12;19500;INTARIAN_PEPPER_ROOT;11217;13;11215;19;;;11223;16;11225;23;;;11220.0;0.0
yf_ZW=F_d12;19600;ASH_COATED_OSMIUM;9894;19;9891;19;;;9908;11;9910;16;;;9901.0;0.0
yf_ZW=F_d12;19600;INTARIAN_PEPPER_ROOT;11214;10;11211;24;;;11226;21;11228;18;;;11220.0;0.0
yf_ZW=F_d12;19700;ASH_COATED_OSMIUM;9898;12;9895;19;;;9904;10;9906;19;;;9901.0;0.0
yf_ZW=F_d12;19700;INTARIAN_PEPPER_ROOT;11215;9;11211;8;;;11225;17;11228;12;;;11220.0;0.0
yf_ZW=F_d12;19800;ASH_COATED_OSMIUM;9897;11;9894;34;;;9903;13;9907;24;;;9900.0;0.0
yf_ZW=F_d12;19800;INTARIAN_PEPPER_ROOT;11208;19;11205;23;;;11230;17;11234;19;;;11219.0;0.0
yf_ZW=F_d12;19900;ASH_COATED_OSMIUM;9897;17;9893;16;;;9903;18;9907;13;;;9900.0;0.0
yf_ZW=F_d12;19900;INTARIAN_PEPPER_ROOT;11216;5;11213;24;;;11222;17;11226;21;;;11219.0;0.0
yf_ZW=F_d12;20000;ASH_COATED_OSMIUM;9897;14;9895;25;;;9903;18;9907;27;;;9900.0;0.0
yf_ZW=F_d12;20000;INTARIAN_PEPPER_ROOT;11214;13;11211;23;;;11223;6;11225;22;;;11218.5;0.0
yf_ZW=F_d12;20100;ASH_COATED_OSMIUM;9898;22;9896;18;;;9904;6;9908;21;;;9901.0;0.0
yf_ZW=F_d12;20100;INTARIAN_PEPPER_ROOT;11215;15;11211;18;;;11221;16;11225;17;;;11218.0;0.0
yf_ZW=F_d12;20200;ASH_COATED_OSMIUM;9896;13;9893;24;;;9905;21;9907;23;;;9900.5;0.0
yf_ZW=F_d12;20200;INTARIAN_PEPPER_ROOT;11208;14;11206;15;;;11230;17;11233;24;;;11219.0;0.0
yf_ZW=F_d12;20300;ASH_COATED_OSMIUM;9898;19;9895;21;;;9904;14;9907;24;;;9901.0;0.0
yf_ZW=F_d12;20300;INTARIAN_PEPPER_ROOT;11214;15;11210;28;;;11221;10;11225;22;;;11217.5;0.0
yf_ZW=F_d12;20400;ASH_COATED_OSMIUM;9898;7;9895;26;;;9904;11;9907;20;;;9901.0;0.0
yf_ZW=F_d12;20400;INTARIAN_PEPPER_ROOT;11214;16;11211;20;;;11220;22;11222;15;;;11217.0;0.0
yf_ZW=F_d12;20500;ASH_COATED_OSMIUM;9897;11;9893;19;;;9904;9;9908;12;;;9900.5;0.0
yf_ZW=F_d12;20500;INTARIAN_PEPPER_ROOT;11214;21;11212;18;;;11220;19;11222;25;;;11217.0;0.0
yf_ZW=F_d12;20600;ASH_COATED_OSMIUM;9897;12;9893;20;;;9903;10;9907;14;;;9900.0;0.0
yf_ZW=F_d12;20600;INTARIAN_PEPPER_ROOT;11214;10;11210;21;;;11220;22;11222;15;;;11217.0;0.0
yf_ZW=F_d12;20700;ASH_COATED_OSMIUM;9894;15;9890;23;;;9907;8;9910;14;;;9900.5;0.0
yf_ZW=F_d12;20700;INTARIAN_PEPPER_ROOT;11213;22;11211;24;;;11221;8;11223;13;;;11217.0;0.0
yf_ZW=F_d12;20800;ASH_COATED_OSMIUM;9898;5;9894;26;;;9904;24;9906;21;;;9901.0;0.0
yf_ZW=F_d12;20800;INTARIAN_PEPPER_ROOT;11213;11;11209;15;;;11219;15;11221;17;;;11216.0;0.0
yf_ZW=F_d12;20900;ASH_COATED_OSMIUM;9898;16;9894;15;;;9904;8;9908;20;;;9901.0;0.0
yf_ZW=F_d12;20900;INTARIAN_PEPPER_ROOT;11209;22;11206;17;;;11224;21;11227;19;;;11216.5;0.0
yf_ZW=F_d12;21000;ASH_COATED_OSMIUM;9898;15;9895;11;;;9904;16;9908;18;;;9901.0;0.0
yf_ZW=F_d12;21000;INTARIAN_PEPPER_ROOT;11206;11;11203;19;;;11225;21;11229;18;;;11215.5;0.0
yf_ZW=F_d12;21100;ASH_COATED_OSMIUM;9897;14;9894;23;;;9903;18;9907;24;;;9900.0;0.0
yf_ZW=F_d12;21100;INTARIAN_PEPPER_ROOT;11203;18;11201;20;;;11227;15;11230;13;;;11215.0;0.0
yf_ZW=F_d12;21200;ASH_COATED_OSMIUM;9898;12;9895;25;;;9904;14;9906;14;;;9901.0;0.0
yf_ZW=F_d12;21200;INTARIAN_PEPPER_ROOT;11202;11;11200;16;;;11229;14;11232;19;;;11215.5;0.0
yf_ZW=F_d12;21300;ASH_COATED_OSMIUM;9898;16;9896;16;;;9904;14;9907;14;;;9901.0;0.0
yf_ZW=F_d12;21300;INTARIAN_PEPPER_ROOT;11212;15;11209;10;;;11218;11;11220;17;;;11215.0;0.0
yf_ZW=F_d12;21400;ASH_COATED_OSMIUM;9898;16;9894;13;;;9904;6;9906;22;;;9901.0;0.0
yf_ZW=F_d12;21400;INTARIAN_PEPPER_ROOT;11212;13;11208;15;;;11218;6;11222;12;;;11215.0;0.0
yf_ZW=F_d12;21500;ASH_COATED_OSMIUM;9890;22;9887;18;;;9911;15;9914;13;;;9900.5;0.0
yf_ZW=F_d12;21500;INTARIAN_PEPPER_ROOT;11210;11;11207;20;;;11220;9;11222;23;;;11215.0;0.0
yf_ZW=F_d12;21600;ASH_COATED_OSMIUM;9897;24;9893;15;;;9905;17;9908;22;;;9901.0;0.0
yf_ZW=F_d12;21600;INTARIAN_PEPPER_ROOT;11211;18;11209;19;;;11217;7;11220;20;;;11214.0;0.0
yf_ZW=F_d12;21700;ASH_COATED_OSMIUM;9898;12;9895;12;;;9904;7;9907;27;;;9901.0;0.0
yf_ZW=F_d12;21700;INTARIAN_PEPPER_ROOT;11210;10;11207;26;;;11216;13;11219;17;;;11213.0;0.0
yf_ZW=F_d12;21800;ASH_COATED_OSMIUM;9897;24;9894;33;;;9904;9;9908;20;;;9900.5;0.0
yf_ZW=F_d12;21800;INTARIAN_PEPPER_ROOT;11210;16;11207;24;;;11216;14;11220;19;;;11213.0;0.0
yf_ZW=F_d12;21900;ASH_COATED_OSMIUM;9898;5;9894;23;;;9904;26;9908;25;;;9901.0;0.0
yf_ZW=F_d12;21900;INTARIAN_PEPPER_ROOT;11207;16;11204;20;;;11219;20;11222;16;;;11213.0;0.0
yf_ZW=F_d12;22000;ASH_COATED_OSMIUM;9898;20;9894;19;;;9904;16;9908;23;;;9901.0;0.0
yf_ZW=F_d12;22000;INTARIAN_PEPPER_ROOT;11210;5;11207;20;;;11216;12;11218;20;;;11213.0;0.0
yf_ZW=F_d12;22100;ASH_COATED_OSMIUM;9892;19;9890;12;;;9911;12;9914;22;;;9901.5;0.0
yf_ZW=F_d12;22100;INTARIAN_PEPPER_ROOT;11203;7;11200;23;;;11223;13;11225;24;;;11213.0;0.0
yf_ZW=F_d12;22200;ASH_COATED_OSMIUM;9898;7;9894;23;;;9904;30;9908;23;;;9901.0;0.0
yf_ZW=F_d12;22200;INTARIAN_PEPPER_ROOT;11207;11;11204;24;;;11217;10;11219;8;;;11212.0;0.0
yf_ZW=F_d12;22300;ASH_COATED_OSMIUM;9898;5;9895;13;;;9904;12;9907;20;;;9901.0;0.0
yf_ZW=F_d12;22300;INTARIAN_PEPPER_ROOT;11205;5;11201;25;;;11217;5;11219;20;;;11211.0;0.0
yf_ZW=F_d12;22400;ASH_COATED_OSMIUM;9898;16;9894;17;;;9904;13;9908;19;;;9901.0;0.0
yf_ZW=F_d12;22400;INTARIAN_PEPPER_ROOT;11204;18;11202;20;;;11218;10;11221;17;;;11211.0;0.0
yf_ZW=F_d12;22500;ASH_COATED_OSMIUM;9898;16;9896;20;;;9904;21;9906;18;;;9901.0;0.0
yf_ZW=F_d12;22500;INTARIAN_PEPPER_ROOT;11203;18;11199;15;;;11218;10;11222;23;;;11210.5;0.0
yf_ZW=F_d12;22600;ASH_COATED_OSMIUM;9898;11;9894;22;;;9904;17;9908;21;;;9901.0;0.0
yf_ZW=F_d12;22600;INTARIAN_PEPPER_ROOT;11205;17;11203;26;;;11216;17;11219;14;;;11210.5;0.0
yf_ZW=F_d12;22700;ASH_COATED_OSMIUM;9898;13;9896;20;;;9905;15;9909;12;;;9901.5;0.0
yf_ZW=F_d12;22700;INTARIAN_PEPPER_ROOT;11202;5;11199;11;;;11218;14;11222;22;;;11210.0;0.0
yf_ZW=F_d12;22800;ASH_COATED_OSMIUM;9898;13;9894;25;;;9904;12;9906;17;;;9901.0;0.0
yf_ZW=F_d12;22800;INTARIAN_PEPPER_ROOT;11207;12;11205;13;;;11213;10;11217;14;;;11210.0;0.0
yf_ZW=F_d12;22900;ASH_COATED_OSMIUM;9898;18;9895;18;;;9904;15;9907;14;;;9901.0;0.0
yf_ZW=F_d12;22900;INTARIAN_PEPPER_ROOT;11206;13;11204;19;;;11212;19;11216;10;;;11209.0;0.0
yf_ZW=F_d12;23000;ASH_COATED_OSMIUM;9898;14;9895;21;;;9904;14;9906;23;;;9901.0;0.0
yf_ZW=F_d12;23000;INTARIAN_PEPPER_ROOT;11206;14;11204;23;;;11212;14;11215;18;;;11209.0;0.0
yf_ZW=F_d12;23100;ASH_COATED_OSMIUM;9899;19;9896;25;;;9905;15;9909;24;;;9902.0;0.0
yf_ZW=F_d12;23100;INTARIAN_PEPPER_ROOT;11201;21;11197;18;;;11217;18;11220;22;;;11209.0;0.0
yf_ZW=F_d12;23200;ASH_COATED_OSMIUM;9896;15;9892;20;;;9907;17;9911;22;;;9901.5;0.0
yf_ZW=F_d12;23200;INTARIAN_PEPPER_ROOT;11206;11;11202;21;;;11212;15;11214;16;;;11209.0;0.0
yf_ZW=F_d12;23300;ASH_COATED_OSMIUM;9898;22;9896;22;;;9904;13;9908;16;;;9901.0;0.0
yf_ZW=F_d12;23300;INTARIAN_PEPPER_ROOT;11204;15;11202;19;;;11214;17;11216;28;;;11209.0;0.0
yf_ZW=F_d12;23400;ASH_COATED_OSMIUM;9897;15;9895;8;;;9905;12;9908;20;;;9901.0;0.0
yf_ZW=F_d12;23400;INTARIAN_PEPPER_ROOT;11205;17;11202;23;;;11211;15;11214;20;;;11208.0;0.0
yf_ZW=F_d12;23500;ASH_COATED_OSMIUM;9898;17;9895;21;;;9904;11;9908;16;;;9901.0;0.0
yf_ZW=F_d12;23500;INTARIAN_PEPPER_ROOT;11196;16;11192;14;;;11220;27;11222;23;;;11208.0;0.0
yf_ZW=F_d12;23600;ASH_COATED_OSMIUM;9899;13;9896;18;;;9905;18;9909;16;;;9902.0;0.0
yf_ZW=F_d12;23600;INTARIAN_PEPPER_ROOT;11205;10;11203;15;;;11211;17;11213;21;;;11208.0;0.0
yf_ZW=F_d12;23700;ASH_COATED_OSMIUM;9890;9;9888;15;;;9913;12;9917;18;;;9901.5;0.0
yf_ZW=F_d12;23700;INTARIAN_PEPPER_ROOT;11205;14;11201;22;;;11211;20;11213;17;;;11208.0;0.0
yf_ZW=F_d12;23800;ASH_COATED_OSMIUM;9899;14;9896;24;;;9905;16;9909;27;;;9902.0;0.0
yf_ZW=F_d12;23800;INTARIAN_PEPPER_ROOT;11205;15;11201;21;;;11211;12;11215;24;;;11208.0;0.0
yf_ZW=F_d12;23900;ASH_COATED_OSMIUM;9895;14;9891;22;;;9907;16;9911;22;;;9901.0;0.0
yf_ZW=F_d12;23900;INTARIAN_PEPPER_ROOT;11204;11;11202;22;;;11210;10;11213;16;;;11207.0;0.0
yf_ZW=F_d12;24000;ASH_COATED_OSMIUM;9899;15;9897;15;;;9905;22;9908;19;;;9902.0;0.0
yf_ZW=F_d12;24000;INTARIAN_PEPPER_ROOT;11204;12;11202;12;;;11210;23;11213;18;;;11207.0;0.0
yf_ZW=F_d12;24100;ASH_COATED_OSMIUM;9898;25;9894;21;;;9905;13;9909;21;;;9901.5;0.0
yf_ZW=F_d12;24100;INTARIAN_PEPPER_ROOT;11204;16;11202;22;;;11210;25;11214;17;;;11207.0;0.0
yf_ZW=F_d12;24200;ASH_COATED_OSMIUM;9897;7;9893;16;;;9906;20;9910;17;;;9901.5;0.0
yf_ZW=F_d12;24200;INTARIAN_PEPPER_ROOT;11203;16;11201;20;;;11209;15;11212;22;;;11206.0;0.0
yf_ZW=F_d12;24300;ASH_COATED_OSMIUM;9899;12;9895;27;;;9905;5;9909;15;;;9902.0;0.0
yf_ZW=F_d12;24300;INTARIAN_PEPPER_ROOT;11203;16;11200;20;;;11209;22;11212;23;;;11206.0;0.0
yf_ZW=F_d12;24400;ASH_COATED_OSMIUM;9898;26;9895;23;;;9904;13;9907;19;;;9901.0;0.0
yf_ZW=F_d12;24400;INTARIAN_PEPPER_ROOT;11192;21;11190;20;;;11219;14;11222;14;;;11205.5;0.0
yf_ZW=F_d12;24500;ASH_COATED_OSMIUM;9898;15;9894;15;;;9904;17;9907;16;;;9901.0;0.0
yf_ZW=F_d12;24500;INTARIAN_PEPPER_ROOT;11202;25;11198;22;;;11208;11;11212;27;;;11205.0;0.0
yf_ZW=F_d12;24600;ASH_COATED_OSMIUM;9899;12;9897;19;;;9905;17;9907;29;;;9902.0;0.0
yf_ZW=F_d12;24600;INTARIAN_PEPPER_ROOT;11200;18;11198;13;;;11208;16;11210;14;;;11204.0;0.0
yf_ZW=F_d12;24700;ASH_COATED_OSMIUM;9893;15;9890;19;;;9911;21;9914;12;;;9902.0;0.0
yf_ZW=F_d12;24700;INTARIAN_PEPPER_ROOT;11201;17;11197;24;;;11207;19;11211;15;;;11204.0;0.0
yf_ZW=F_d12;24800;ASH_COATED_OSMIUM;9897;19;9894;30;;;9905;5;9908;21;;;9901.0;0.0
yf_ZW=F_d12;24800;INTARIAN_PEPPER_ROOT;11199;10;11195;18;;;11208;12;11212;17;;;11203.5;0.0
yf_ZW=F_d12;24900;ASH_COATED_OSMIUM;9894;12;9891;19;;;9908;10;9910;32;;;9901.0;0.0
yf_ZW=F_d12;24900;INTARIAN_PEPPER_ROOT;11201;20;11197;13;;;11207;11;11209;20;;;11204.0;0.0
yf_ZW=F_d12;25000;ASH_COATED_OSMIUM;9893;17;9890;11;;;9910;13;9913;15;;;9901.5;0.0
yf_ZW=F_d12;25000;INTARIAN_PEPPER_ROOT;11201;16;11197;21;;;11207;6;11209;20;;;11204.0;0.0
yf_ZW=F_d12;25100;ASH_COATED_OSMIUM;9898;13;9894;17;;;9905;14;9907;15;;;9901.5;0.0
yf_ZW=F_d12;25100;INTARIAN_PEPPER_ROOT;11200;17;11196;17;;;11206;7;11210;28;;;11203.0;0.0
yf_ZW=F_d12;25200;ASH_COATED_OSMIUM;9891;18;9889;19;;;9913;12;9917;14;;;9902.0;0.0
yf_ZW=F_d12;25200;INTARIAN_PEPPER_ROOT;11195;18;11191;17;;;11211;14;11213;17;;;11203.0;0.0
yf_ZW=F_d12;25300;ASH_COATED_OSMIUM;9897;19;9895;20;;;9908;11;9911;24;;;9902.5;0.0
yf_ZW=F_d12;25300;INTARIAN_PEPPER_ROOT;11199;13;11195;20;;;11205;20;11207;21;;;11202.0;0.0
yf_ZW=F_d12;25400;ASH_COATED_OSMIUM;9896;6;9893;15;;;9908;12;9912;19;;;9902.0;0.0
yf_ZW=F_d12;25400;INTARIAN_PEPPER_ROOT;11199;23;11197;14;;;11205;14;11207;21;;;11202.0;0.0
yf_ZW=F_d12;25500;ASH_COATED_OSMIUM;9890;14;9886;14;;;9913;6;9916;19;;;9901.5;0.0
yf_ZW=F_d12;25500;INTARIAN_PEPPER_ROOT;11199;24;11196;19;;;11205;11;11208;22;;;11202.0;0.0
yf_ZW=F_d12;25600;ASH_COATED_OSMIUM;9894;7;9891;18;;;9909;19;9913;12;;;9901.5;0.0
yf_ZW=F_d12;25600;INTARIAN_PEPPER_ROOT;11199;25;11196;19;;;11205;13;11207;11;;;11202.0;0.0
yf_ZW=F_d12;25700;ASH_COATED_OSMIUM;9890;7;9886;19;;;9914;17;9916;14;;;9902.0;0.0
yf_ZW=F_d12;25700;INTARIAN_PEPPER_ROOT;11196;12;11193;24;;;11207;13;11210;18;;;11201.5;0.0
yf_ZW=F_d12;25800;ASH_COATED_OSMIUM;9900;19;9898;22;;;9906;14;9909;16;;;9903.0;0.0
yf_ZW=F_d12;25800;INTARIAN_PEPPER_ROOT;11198;17;11194;22;;;11204;14;11207;13;;;11201.0;0.0
yf_ZW=F_d12;25900;ASH_COATED_OSMIUM;9896;9;9893;19;;;9906;5;9908;20;;;9901.0;0.0
yf_ZW=F_d12;25900;INTARIAN_PEPPER_ROOT;11198;12;11195;11;;;11204;14;11208;26;;;11201.0;0.0
yf_ZW=F_d12;26000;ASH_COATED_OSMIUM;9895;13;9892;35;;;9909;8;9912;20;;;9902.0;0.0
yf_ZW=F_d12;26000;INTARIAN_PEPPER_ROOT;11197;12;11194;17;;;11203;12;11207;26;;;11200.0;0.0
yf_ZW=F_d12;26100;ASH_COATED_OSMIUM;9899;15;9895;14;;;9905;22;9907;20;;;9902.0;0.0
yf_ZW=F_d12;26100;INTARIAN_PEPPER_ROOT;11196;20;11193;21;;;11204;6;11207;22;;;11200.0;0.0
yf_ZW=F_d12;26200;ASH_COATED_OSMIUM;9895;25;9892;13;;;9908;16;9910;16;;;9901.5;0.0
yf_ZW=F_d12;26200;INTARIAN_PEPPER_ROOT;11197;7;11193;15;;;11203;10;11205;17;;;11200.0;0.0
yf_ZW=F_d12;26300;ASH_COATED_OSMIUM;9899;27;9896;25;;;9905;27;9907;14;;;9902.0;0.0
yf_ZW=F_d12;26300;INTARIAN_PEPPER_ROOT;11196;15;11192;21;;;11202;15;11205;24;;;11199.0;0.0
yf_ZW=F_d12;26400;ASH_COATED_OSMIUM;9896;16;9893;29;;;9908;12;9910;12;;;9902.0;0.0
yf_ZW=F_d12;26400;INTARIAN_PEPPER_ROOT;11187;19;11185;21;;;11213;19;11216;27;;;11200.0;0.0
yf_ZW=F_d12;26500;ASH_COATED_OSMIUM;9899;24;9897;21;;;9905;20;9909;20;;;9902.0;0.0
yf_ZW=F_d12;26500;INTARIAN_PEPPER_ROOT;11196;12;11192;20;;;11202;22;11204;11;;;11199.0;0.0
yf_ZW=F_d12;26600;ASH_COATED_OSMIUM;9899;11;9897;17;;;9905;21;9907;14;;;9902.0;0.0
yf_ZW=F_d12;26600;INTARIAN_PEPPER_ROOT;11196;21;11194;13;;;11202;9;11205;25;;;11199.0;0.0
yf_ZW=F_d12;26700;ASH_COATED_OSMIUM;9899;9;9897;23;;;9905;18;9907;25;;;9902.0;0.0
yf_ZW=F_d12;26700;INTARIAN_PEPPER_ROOT;11193;5;11191;24;;;11203;17;11206;28;;;11198.0;0.0
yf_ZW=F_d12;26800;ASH_COATED_OSMIUM;9897;15;9895;18;;;9908;14;9912;23;;;9902.5;0.0
yf_ZW=F_d12;26800;INTARIAN_PEPPER_ROOT;11195;17;11192;18;;;11201;11;11205;26;;;11198.0;0.0
yf_ZW=F_d12;26900;ASH_COATED_OSMIUM;9899;19;9896;29;;;9905;15;9908;23;;;9902.0;0.0
yf_ZW=F_d12;26900;INTARIAN_PEPPER_ROOT;11194;9;11192;14;;;11200;15;11202;16;;;11197.0;0.0
yf_ZW=F_d12;27000;ASH_COATED_OSMIUM;9900;15;9897;24;;;9906;6;9909;21;;;9903.0;0.0
yf_ZW=F_d12;27000;INTARIAN_PEPPER_ROOT;11195;23;11191;29;;;11201;15;11204;20;;;11198.0;0.0
yf_ZW=F_d12;27100;ASH_COATED_OSMIUM;9900;9;9897;28;;;9906;10;9909;22;;;9903.0;0.0
yf_ZW=F_d12;27100;INTARIAN_PEPPER_ROOT;11194;16;11192;22;;;11200;17;11204;24;;;11197.0;0.0
yf_ZW=F_d12;27200;ASH_COATED_OSMIUM;9899;14;9897;29;;;9905;5;9908;11;;;9902.0;0.0
yf_ZW=F_d12;27200;INTARIAN_PEPPER_ROOT;11193;13;11190;17;;;11200;11;11203;8;;;11196.5;0.0
yf_ZW=F_d12;27300;ASH_COATED_OSMIUM;9899;16;9896;23;;;9905;13;9907;16;;;9902.0;0.0
yf_ZW=F_d12;27300;INTARIAN_PEPPER_ROOT;11181;13;11177;26;;;11212;18;11214;11;;;11196.5;0.0
yf_ZW=F_d12;27400;ASH_COATED_OSMIUM;9899;19;9895;18;;;9905;16;9909;15;;;9902.0;0.0
yf_ZW=F_d12;27400;INTARIAN_PEPPER_ROOT;11193;12;11191;19;;;11199;19;11202;19;;;11196.0;0.0
yf_ZW=F_d12;27500;ASH_COATED_OSMIUM;9894;16;9890;18;;;9911;13;9913;20;;;9902.5;0.0
yf_ZW=F_d12;27500;INTARIAN_PEPPER_ROOT;11192;23;11189;17;;;11198;12;11201;16;;;11195.0;0.0
yf_ZW=F_d12;27600;ASH_COATED_OSMIUM;9899;18;9896;25;;;9905;10;9909;24;;;9902.0;0.0
yf_ZW=F_d12;27600;INTARIAN_PEPPER_ROOT;11192;17;11188;17;;;11198;13;11201;12;;;11195.0;0.0
yf_ZW=F_d12;27700;ASH_COATED_OSMIUM;9899;26;9896;14;;;9905;13;9909;20;;;9902.0;0.0
yf_ZW=F_d12;27700;INTARIAN_PEPPER_ROOT;11192;23;11188;20;;;11198;13;11200;27;;;11195.0;0.0
yf_ZW=F_d12;27800;ASH_COATED_OSMIUM;9900;16;9896;25;;;9906;13;9910;19;;;9903.0;0.0
yf_ZW=F_d12;27800;INTARIAN_PEPPER_ROOT;11189;16;11185;20;;;11201;22;11204;25;;;11195.0;0.0
yf_ZW=F_d12;27900;ASH_COATED_OSMIUM;9899;24;9897;22;;;9906;5;9908;15;;;9902.5;0.0
yf_ZW=F_d12;27900;INTARIAN_PEPPER_ROOT;11192;11;11190;13;;;11198;11;11202;13;;;11195.0;0.0
yf_ZW=F_d12;28000;ASH_COATED_OSMIUM;9900;22;9896;24;;;9906;14;9910;17;;;9903.0;0.0
yf_ZW=F_d12;28000;INTARIAN_PEPPER_ROOT;11191;16;11189;28;;;11197;18;11200;13;;;11194.0;0.0
yf_ZW=F_d12;28100;ASH_COATED_OSMIUM;9897;16;9894;25;;;9909;14;9911;15;;;9903.0;0.0
yf_ZW=F_d12;28100;INTARIAN_PEPPER_ROOT;11191;9;11189;17;;;11197;14;11199;16;;;11194.0;0.0
yf_ZW=F_d12;28200;ASH_COATED_OSMIUM;9900;22;9896;26;;;9906;18;9908;21;;;9903.0;0.0
yf_ZW=F_d12;28200;INTARIAN_PEPPER_ROOT;11189;16;11185;19;;;11198;11;11202;12;;;11193.5;0.0
yf_ZW=F_d12;28300;ASH_COATED_OSMIUM;9900;17;9896;13;;;9906;18;9910;23;;;9903.0;0.0
yf_ZW=F_d12;28300;INTARIAN_PEPPER_ROOT;11190;17;11188;14;;;11196;23;11200;20;;;11193.0;0.0
yf_ZW=F_d12;28400;ASH_COATED_OSMIUM;9899;7;9896;23;;;9907;16;9910;26;;;9903.0;0.0
yf_ZW=F_d12;28400;INTARIAN_PEPPER_ROOT;11190;15;11186;16;;;11196;20;11199;24;;;11193.0;0.0
yf_ZW=F_d12;28500;ASH_COATED_OSMIUM;9900;12;9898;13;;;9906;19;9909;18;;;9903.0;0.0
yf_ZW=F_d12;28500;INTARIAN_PEPPER_ROOT;11190;17;11186;23;;;11196;16;11200;26;;;11193.0;0.0
yf_ZW=F_d12;28600;ASH_COATED_OSMIUM;9900;14;9898;27;;;9906;14;9909;23;;;9903.0;0.0
yf_ZW=F_d12;28600;INTARIAN_PEPPER_ROOT;11181;19;11178;19;;;11204;14;11207;21;;;11192.5;0.0
yf_ZW=F_d12;28700;ASH_COATED_OSMIUM;9896;16;9893;19;;;9910;18;9914;19;;;9903.0;0.0
yf_ZW=F_d12;28700;INTARIAN_PEPPER_ROOT;11189;20;11185;25;;;11195;15;11199;19;;;11192.0;0.0
yf_ZW=F_d12;28800;ASH_COATED_OSMIUM;9900;13;9898;21;;;9906;16;9908;31;;;9903.0;0.0
yf_ZW=F_d12;28800;INTARIAN_PEPPER_ROOT;11187;22;11185;20;;;11196;20;11199;25;;;11191.5;0.0
yf_ZW=F_d12;28900;ASH_COATED_OSMIUM;9893;12;9891;20;;;9913;15;9916;15;;;9903.0;0.0
yf_ZW=F_d12;28900;INTARIAN_PEPPER_ROOT;11189;7;11185;27;;;11195;29;11198;19;;;11192.0;0.0
yf_ZW=F_d12;29000;ASH_COATED_OSMIUM;9900;20;9897;16;;;9906;8;9908;19;;;9903.0;0.0
yf_ZW=F_d12;29000;INTARIAN_PEPPER_ROOT;11189;11;11187;24;;;11195;7;11198;19;;;11192.0;0.0
yf_ZW=F_d12;29100;ASH_COATED_OSMIUM;9900;15;9896;26;;;9906;22;9909;18;;;9903.0;0.0
yf_ZW=F_d12;29100;INTARIAN_PEPPER_ROOT;11184;13;11181;13;;;11197;13;11201;31;;;11190.5;0.0
yf_ZW=F_d12;29200;ASH_COATED_OSMIUM;9895;19;9893;17;;;9911;9;9913;26;;;9903.0;0.0
yf_ZW=F_d12;29200;INTARIAN_PEPPER_ROOT;11187;16;11185;17;;;11193;13;11197;18;;;11190.0;0.0
yf_ZW=F_d12;29300;ASH_COATED_OSMIUM;9899;13;9897;25;;;9906;7;9908;19;;;9902.5;0.0
yf_ZW=F_d12;29300;INTARIAN_PEPPER_ROOT;11179;20;11176;17;;;11200;15;11204;19;;;11189.5;0.0
yf_ZW=F_d12;29400;ASH_COATED_OSMIUM;9898;8;9896;24;;;9907;21;9910;16;;;9902.5;0.0
yf_ZW=F_d12;29400;INTARIAN_PEPPER_ROOT;11187;13;11183;21;;;11193;19;11196;21;;;11190.0;0.0
yf_ZW=F_d12;29500;ASH_COATED_OSMIUM;9899;14;9897;24;;;9905;12;9907;15;;;9902.0;0.0
yf_ZW=F_d12;29500;INTARIAN_PEPPER_ROOT;11179;20;11176;27;;;11199;18;11203;17;;;11189.0;0.0
yf_ZW=F_d12;29600;ASH_COATED_OSMIUM;9900;18;9898;22;;;9906;21;9908;19;;;9903.0;0.0
yf_ZW=F_d12;29600;INTARIAN_PEPPER_ROOT;11185;16;11183;10;;;11192;17;11195;16;;;11188.5;0.0
yf_ZW=F_d12;29700;ASH_COATED_OSMIUM;9900;15;9897;26;;;9906;23;9909;16;;;9903.0;0.0
yf_ZW=F_d12;29700;INTARIAN_PEPPER_ROOT;11186;25;11183;12;;;11192;13;11195;17;;;11189.0;0.0
yf_ZW=F_d12;29800;ASH_COATED_OSMIUM;9900;13;9897;19;;;9907;6;9909;11;;;9903.5;0.0
yf_ZW=F_d12;29800;INTARIAN_PEPPER_ROOT;11184;16;11182;24;;;11193;6;11197;26;;;11188.5;0.0
yf_ZW=F_d12;29900;ASH_COATED_OSMIUM;9899;10;9895;25;;;9907;21;9910;22;;;9903.0;0.0
yf_ZW=F_d12;29900;INTARIAN_PEPPER_ROOT;11185;17;11181;18;;;11193;13;11196;23;;;11189.0;0.0
yf_ZW=F_d12;30000;ASH_COATED_OSMIUM;9900;10;9896;21;;;9907;13;9910;31;;;9903.5;0.0
yf_ZW=F_d12;30000;INTARIAN_PEPPER_ROOT;11185;22;11182;16;;;11191;14;11195;23;;;11188.0;0.0
yf_ZW=F_d12;30100;ASH_COATED_OSMIUM;9891;21;9887;15;;;9916;13;9918;25;;;9903.5;0.0
yf_ZW=F_d12;30100;INTARIAN_PEPPER_ROOT;11180;9;11176;22;;;11195;13;11197;22;;;11187.5;0.0
yf_ZW=F_d12;30200;ASH_COATED_OSMIUM;9900;30;9898;22;;;9906;24;9909;20;;;9903.0;0.0
yf_ZW=F_d12;30200;INTARIAN_PEPPER_ROOT;11185;15;11182;13;;;11191;9;11193;20;;;11188.0;0.0
yf_ZW=F_d12;30300;ASH_COATED_OSMIUM;9900;26;9898;26;;;9906;18;9908;25;;;9903.0;0.0
yf_ZW=F_d12;30300;INTARIAN_PEPPER_ROOT;11185;18;11182;16;;;11191;16;11194;22;;;11188.0;0.0
yf_ZW=F_d12;30400;ASH_COATED_OSMIUM;9900;12;9897;21;;;9906;21;9908;31;;;9903.0;0.0
yf_ZW=F_d12;30400;INTARIAN_PEPPER_ROOT;11184;10;11181;19;;;11190;18;11193;27;;;11187.0;0.0
yf_ZW=F_d12;30500;ASH_COATED_OSMIUM;9900;14;9896;28;;;9906;13;9909;23;;;9903.0;0.0
yf_ZW=F_d12;30500;INTARIAN_PEPPER_ROOT;11178;12;11174;15;;;11195;11;11198;14;;;11186.5;0.0
yf_ZW=F_d12;30600;ASH_COATED_OSMIUM;9900;9;9897;20;;;9906;15;9910;18;;;9903.0;0.0
yf_ZW=F_d12;30600;INTARIAN_PEPPER_ROOT;11184;24;11180;26;;;11190;17;11192;15;;;11187.0;0.0
yf_ZW=F_d12;30700;ASH_COATED_OSMIUM;9901;19;9897;29;;;9907;8;9909;19;;;9904.0;0.0
yf_ZW=F_d12;30700;INTARIAN_PEPPER_ROOT;11183;18;11179;13;;;11189;18;11193;22;;;11186.0;0.0
yf_ZW=F_d12;30800;ASH_COATED_OSMIUM;9901;11;9898;27;;;9907;18;9911;19;;;9904.0;0.0
yf_ZW=F_d12;30800;INTARIAN_PEPPER_ROOT;11183;5;11179;19;;;11189;16;11191;18;;;11186.0;0.0
yf_ZW=F_d12;30900;ASH_COATED_OSMIUM;9898;15;9895;19;;;9908;23;9910;14;;;9903.0;0.0
yf_ZW=F_d12;30900;INTARIAN_PEPPER_ROOT;11182;12;11180;19;;;11188;9;11190;26;;;11185.0;0.0
yf_ZW=F_d12;31000;ASH_COATED_OSMIUM;9900;17;9898;21;;;9906;14;9908;17;;;9903.0;0.0
yf_ZW=F_d12;31000;INTARIAN_PEPPER_ROOT;11182;15;11180;13;;;11188;24;11192;13;;;11185.0;0.0
yf_ZW=F_d12;31100;ASH_COATED_OSMIUM;9901;17;9898;20;;;9907;10;9910;17;;;9904.0;0.0
yf_ZW=F_d12;31100;INTARIAN_PEPPER_ROOT;11182;18;11179;20;;;11188;19;11192;25;;;11185.0;0.0
yf_ZW=F_d12;31200;ASH_COATED_OSMIUM;9894;13;9890;25;;;9912;23;9915;27;;;9903.0;0.0
yf_ZW=F_d12;31200;INTARIAN_PEPPER_ROOT;11179;11;11175;21;;;11190;22;11193;18;;;11184.5;0.0
yf_ZW=F_d12;31300;ASH_COATED_OSMIUM;9901;11;9897;21;;;9907;27;9909;35;;;9904.0;0.0
yf_ZW=F_d12;31300;INTARIAN_PEPPER_ROOT;11180;22;11177;24;;;11188;17;11192;16;;;11184.0;0.0
yf_ZW=F_d12;31400;ASH_COATED_OSMIUM;9887;13;9883;24;;;9919;9;9922;16;;;9903.0;0.0
yf_ZW=F_d12;31400;INTARIAN_PEPPER_ROOT;11182;13;11180;13;;;11188;13;11191;16;;;11185.0;0.0
yf_ZW=F_d12;31500;ASH_COATED_OSMIUM;9901;5;9898;23;;;9907;13;9911;20;;;9904.0;0.0
yf_ZW=F_d12;31500;INTARIAN_PEPPER_ROOT;11179;5;11176;18;;;11188;14;11192;20;;;11183.5;0.0
yf_ZW=F_d12;31600;ASH_COATED_OSMIUM;9900;18;9896;24;;;9906;11;9908;15;;;9903.0;0.0
yf_ZW=F_d12;31600;INTARIAN_PEPPER_ROOT;11180;5;11177;17;;;11186;19;11189;11;;;11183.0;0.0
yf_ZW=F_d12;31700;ASH_COATED_OSMIUM;9900;17;9898;24;;;9906;18;9910;11;;;9903.0;0.0
yf_ZW=F_d12;31700;INTARIAN_PEPPER_ROOT;11179;14;11175;25;;;11186;20;11188;28;;;11182.5;0.0
yf_ZW=F_d12;31800;ASH_COATED_OSMIUM;9901;9;9897;15;;;9907;14;9910;9;;;9904.0;0.0
yf_ZW=F_d12;31800;INTARIAN_PEPPER_ROOT;11173;17;11171;22;;;11191;8;11194;16;;;11182.0;0.0
yf_ZW=F_d12;31900;ASH_COATED_OSMIUM;9901;17;9899;23;;;9907;11;9911;22;;;9904.0;0.0
yf_ZW=F_d12;31900;INTARIAN_PEPPER_ROOT;11180;12;11177;22;;;11186;12;11189;16;;;11183.0;0.0
yf_ZW=F_d12;32000;ASH_COATED_OSMIUM;9895;17;9892;22;;;9912;11;9915;20;;;9903.5;0.0
yf_ZW=F_d12;32000;INTARIAN_PEPPER_ROOT;11179;7;11177;13;;;11185;15;11187;23;;;11182.0;0.0
yf_ZW=F_d12;32100;ASH_COATED_OSMIUM;9901;11;9897;22;;;9907;17;9910;8;;;9904.0;0.0
yf_ZW=F_d12;32100;INTARIAN_PEPPER_ROOT;11179;22;11176;25;;;11185;5;11188;22;;;11182.0;0.0
yf_ZW=F_d12;32200;ASH_COATED_OSMIUM;9901;17;9897;17;;;9907;9;9910;14;;;9904.0;0.0
yf_ZW=F_d12;32200;INTARIAN_PEPPER_ROOT;11178;11;11174;21;;;11184;11;11187;14;;;11181.0;0.0
yf_ZW=F_d12;32300;ASH_COATED_OSMIUM;9901;15;9899;15;;;9907;15;9909;20;;;9904.0;0.0
yf_ZW=F_d12;32300;INTARIAN_PEPPER_ROOT;11178;20;11174;25;;;11184;11;11186;16;;;11181.0;0.0
yf_ZW=F_d12;32400;ASH_COATED_OSMIUM;9893;15;9890;22;;;9916;14;9920;20;;;9904.5;0.0
yf_ZW=F_d12;32400;INTARIAN_PEPPER_ROOT;11175;19;11173;18;;;11186;14;11189;13;;;11180.5;0.0
yf_ZW=F_d12;32500;ASH_COATED_OSMIUM;9897;17;9894;26;;;9911;10;9913;24;;;9904.0;0.0
yf_ZW=F_d12;32500;INTARIAN_PEPPER_ROOT;11178;19;11174;28;;;11184;17;11188;16;;;11181.0;0.0
yf_ZW=F_d12;32600;ASH_COATED_OSMIUM;9901;9;9899;24;;;9907;12;9910;22;;;9904.0;0.0
yf_ZW=F_d12;32600;INTARIAN_PEPPER_ROOT;11176;12;11173;28;;;11183;17;11187;26;;;11179.5;0.0
yf_ZW=F_d12;32700;ASH_COATED_OSMIUM;9888;13;9886;13;;;9918;14;9920;20;;;9903.0;0.0
yf_ZW=F_d12;32700;INTARIAN_PEPPER_ROOT;11177;10;11175;13;;;11183;12;11187;23;;;11180.0;0.0
yf_ZW=F_d12;32800;ASH_COATED_OSMIUM;9898;9;9896;20;;;9909;20;9911;17;;;9903.5;0.0
yf_ZW=F_d12;32800;INTARIAN_PEPPER_ROOT;11174;21;11170;20;;;11185;17;11188;19;;;11179.5;0.0
yf_ZW=F_d12;32900;ASH_COATED_OSMIUM;9885;21;9883;18;;;9921;22;9923;18;;;9903.0;0.0
yf_ZW=F_d12;32900;INTARIAN_PEPPER_ROOT;11177;13;11173;22;;;11183;14;11185;11;;;11180.0;0.0
yf_ZW=F_d12;33000;ASH_COATED_OSMIUM;9901;18;9898;19;;;9907;24;9910;30;;;9904.0;0.0
yf_ZW=F_d12;33000;INTARIAN_PEPPER_ROOT;11175;7;11172;18;;;11184;9;11186;11;;;11179.5;0.0
yf_ZW=F_d12;33100;ASH_COATED_OSMIUM;9901;14;9899;14;;;9907;17;9909;23;;;9904.0;0.0
yf_ZW=F_d12;33100;INTARIAN_PEPPER_ROOT;11175;21;11173;17;;;11181;15;11184;25;;;11178.0;0.0
yf_ZW=F_d12;33200;ASH_COATED_OSMIUM;9895;11;9893;23;;;9913;13;9916;16;;;9904.0;0.0
yf_ZW=F_d12;33200;INTARIAN_PEPPER_ROOT;11175;20;11173;18;;;11181;14;11183;24;;;11178.0;0.0
yf_ZW=F_d12;33300;ASH_COATED_OSMIUM;9901;10;9897;20;;;9907;28;9909;20;;;9904.0;0.0
yf_ZW=F_d12;33300;INTARIAN_PEPPER_ROOT;11175;9;11171;20;;;11181;13;11183;31;;;11178.0;0.0
yf_ZW=F_d12;33400;ASH_COATED_OSMIUM;9901;15;9899;19;;;9907;16;9911;24;;;9904.0;0.0
yf_ZW=F_d12;33400;INTARIAN_PEPPER_ROOT;11175;8;11173;16;;;11181;15;11184;25;;;11178.0;0.0
yf_ZW=F_d12;33500;ASH_COATED_OSMIUM;9901;9;9898;10;;;9907;19;9910;22;;;9904.0;0.0
yf_ZW=F_d12;33500;INTARIAN_PEPPER_ROOT;11175;14;11173;19;;;11181;13;11184;22;;;11178.0;0.0
yf_ZW=F_d12;33600;ASH_COATED_OSMIUM;9900;20;9898;12;;;9906;13;9909;18;;;9903.0;0.0
yf_ZW=F_d12;33600;INTARIAN_PEPPER_ROOT;11169;19;11167;19;;;11186;13;11190;28;;;11177.5;0.0
yf_ZW=F_d12;33700;ASH_COATED_OSMIUM;9902;10;9898;21;;;9908;7;9910;24;;;9905.0;0.0
yf_ZW=F_d12;33700;INTARIAN_PEPPER_ROOT;11168;10;11165;20;;;11186;11;11188;16;;;11177.0;0.0
yf_ZW=F_d12;33800;ASH_COATED_OSMIUM;9902;17;9898;22;;;9908;9;9910;20;;;9905.0;0.0
yf_ZW=F_d12;33800;INTARIAN_PEPPER_ROOT;11173;16;11169;25;;;11179;23;11183;27;;;11176.0;0.0
yf_ZW=F_d12;33900;ASH_COATED_OSMIUM;9899;13;9897;18;;;9909;16;9913;8;;;9904.0;0.0
yf_ZW=F_d12;33900;INTARIAN_PEPPER_ROOT;11167;7;11163;15;;;11185;8;11188;18;;;11176.0;0.0
yf_ZW=F_d12;34000;ASH_COATED_OSMIUM;9901;13;9899;23;;;9907;16;9911;15;;;9904.0;0.0
yf_ZW=F_d12;34000;INTARIAN_PEPPER_ROOT;11162;21;11158;19;;;11194;19;11197;22;;;11178.0;0.0
yf_ZW=F_d12;34100;ASH_COATED_OSMIUM;9901;20;9899;15;;;9908;12;9912;11;;;9904.5;0.0
yf_ZW=F_d12;34100;INTARIAN_PEPPER_ROOT;11171;13;11167;17;;;11192;19;11194;19;;;11181.5;0.0
yf_ZW=F_d12;34200;ASH_COATED_OSMIUM;9897;12;9894;24;;;9912;17;9915;19;;;9904.5;0.0
yf_ZW=F_d12;34200;INTARIAN_PEPPER_ROOT;11181;16;11179;19;;;11187;30;11189;21;;;11184.0;0.0
yf_ZW=F_d12;34300;ASH_COATED_OSMIUM;9901;13;9898;26;;;9908;16;9911;24;;;9904.5;0.0
yf_ZW=F_d12;34300;INTARIAN_PEPPER_ROOT;11183;9;11180;19;;;11189;24;11191;12;;;11186.0;0.0
yf_ZW=F_d12;34400;ASH_COATED_OSMIUM;9902;13;9900;12;;;9908;19;9912;13;;;9905.0;0.0
yf_ZW=F_d12;34400;INTARIAN_PEPPER_ROOT;11185;14;11182;19;;;11191;14;11195;19;;;11188.0;0.0
yf_ZW=F_d12;34500;ASH_COATED_OSMIUM;9902;13;9900;21;;;9908;14;9912;21;;;9905.0;0.0
yf_ZW=F_d12;34500;INTARIAN_PEPPER_ROOT;11187;16;11185;19;;;11193;18;11197;16;;;11190.0;0.0
yf_ZW=F_d12;34600;ASH_COATED_OSMIUM;9893;21;9891;28;;;9915;18;9917;24;;;9904.0;0.0
yf_ZW=F_d12;34600;INTARIAN_PEPPER_ROOT;11190;17;11188;12;;;11196;15;11200;24;;;11193.0;0.0
yf_ZW=F_d12;34700;ASH_COATED_OSMIUM;9891;21;9889;19;;;9918;14;9921;16;;;9904.5;0.0
yf_ZW=F_d12;34700;INTARIAN_PEPPER_ROOT;11181;7;11177;15;;;11209;15;11212;16;;;11195.0;0.0
yf_ZW=F_d12;34800;ASH_COATED_OSMIUM;9902;14;9899;17;;;9908;9;9912;15;;;9905.0;0.0
yf_ZW=F_d12;34800;INTARIAN_PEPPER_ROOT;11194;6;11190;20;;;11200;27;11202;24;;;11197.0;0.0
yf_ZW=F_d12;34900;ASH_COATED_OSMIUM;9901;5;9899;21;;;9908;5;9912;24;;;9904.5;0.0
yf_ZW=F_d12;34900;INTARIAN_PEPPER_ROOT;11196;19;11192;22;;;11202;11;11206;22;;;11199.0;0.0
yf_ZW=F_d12;35000;ASH_COATED_OSMIUM;9902;14;9898;27;;;9908;6;9910;8;;;9905.0;0.0
yf_ZW=F_d12;35000;INTARIAN_PEPPER_ROOT;11194;10;11191;8;;;11209;16;11211;10;;;11201.5;0.0
yf_ZW=F_d12;35100;ASH_COATED_OSMIUM;9902;6;9899;18;;;9908;13;9911;12;;;9905.0;0.0
yf_ZW=F_d12;35100;INTARIAN_PEPPER_ROOT;11198;17;11196;26;;;11209;22;11211;23;;;11203.5;0.0
yf_ZW=F_d12;35200;ASH_COATED_OSMIUM;9900;13;9896;22;;;9909;18;9912;14;;;9904.5;0.0
yf_ZW=F_d12;35200;INTARIAN_PEPPER_ROOT;11203;15;11199;20;;;11209;8;11212;10;;;11206.0;0.0
yf_ZW=F_d12;35300;ASH_COATED_OSMIUM;9902;11;9899;18;;;9908;17;9912;10;;;9905.0;0.0
yf_ZW=F_d12;35300;INTARIAN_PEPPER_ROOT;11205;13;11202;16;;;11211;25;11213;21;;;11208.0;0.0
yf_ZW=F_d12;35400;ASH_COATED_OSMIUM;9902;7;9899;19;;;9908;16;9912;10;;;9905.0;0.0
yf_ZW=F_d12;35400;INTARIAN_PEPPER_ROOT;11201;16;11197;21;;;11220;15;11222;22;;;11210.5;0.0
yf_ZW=F_d12;35500;ASH_COATED_OSMIUM;9901;6;9897;27;;;9907;14;9911;28;;;9904.0;0.0
yf_ZW=F_d12;35500;INTARIAN_PEPPER_ROOT;11208;6;11206;23;;;11219;8;11221;21;;;11213.5;0.0
yf_ZW=F_d12;35600;ASH_COATED_OSMIUM;9902;20;9898;25;;;9908;13;9911;12;;;9905.0;0.0
yf_ZW=F_d12;35600;INTARIAN_PEPPER_ROOT;11204;20;11201;20;;;11226;15;11228;26;;;11215.0;0.0
yf_ZW=F_d12;35700;ASH_COATED_OSMIUM;9901;15;9897;18;;;9907;9;9911;11;;;9904.0;0.0
yf_ZW=F_d12;35700;INTARIAN_PEPPER_ROOT;11210;15;11207;20;;;11224;5;11228;18;;;11217.0;0.0
yf_ZW=F_d12;35800;ASH_COATED_OSMIUM;9902;13;9898;18;;;9908;15;9912;21;;;9905.0;0.0
yf_ZW=F_d12;35800;INTARIAN_PEPPER_ROOT;11215;10;11213;22;;;11224;25;11227;18;;;11219.5;0.0
yf_ZW=F_d12;35900;ASH_COATED_OSMIUM;9902;22;9900;21;;;9908;21;9911;25;;;9905.0;0.0
yf_ZW=F_d12;35900;INTARIAN_PEPPER_ROOT;11220;15;11217;15;;;11226;19;11228;20;;;11223.0;0.0
yf_ZW=F_d12;36000;ASH_COATED_OSMIUM;9901;22;9898;23;;;9907;21;9911;13;;;9904.0;0.0
yf_ZW=F_d12;36000;INTARIAN_PEPPER_ROOT;11222;23;11220;12;;;11228;16;11231;19;;;11225.0;0.0
yf_ZW=F_d12;36100;ASH_COATED_OSMIUM;9902;6;9899;20;;;9908;14;9911;14;;;9905.0;0.0
yf_ZW=F_d12;36100;INTARIAN_PEPPER_ROOT;11221;18;11218;26;;;11233;12;11235;21;;;11227.0;0.0
yf_ZW=F_d12;36200;ASH_COATED_OSMIUM;9903;18;9899;18;;;9909;17;9911;25;;;9906.0;0.0
yf_ZW=F_d12;36200;INTARIAN_PEPPER_ROOT;11221;5;11217;18;;;11237;9;11241;20;;;11229.0;0.0
yf_ZW=F_d12;36300;ASH_COATED_OSMIUM;9898;16;9894;24;;;9912;22;9914;24;;;9905.0;0.0
yf_ZW=F_d12;36300;INTARIAN_PEPPER_ROOT;11228;7;11224;21;;;11234;13;11236;23;;;11231.0;0.0
yf_ZW=F_d12;36400;ASH_COATED_OSMIUM;9902;12;9898;17;;;9908;18;9911;15;;;9905.0;0.0
yf_ZW=F_d12;36400;INTARIAN_PEPPER_ROOT;11230;8;11228;19;;;11236;14;11238;11;;;11233.0;0.0
yf_ZW=F_d12;36500;ASH_COATED_OSMIUM;9902;11;9898;17;;;9908;26;9910;19;;;9905.0;0.0
yf_ZW=F_d12;36500;INTARIAN_PEPPER_ROOT;11233;10;11229;31;;;11239;12;11241;14;;;11236.0;0.0
yf_ZW=F_d12;36600;ASH_COATED_OSMIUM;9902;15;9898;25;;;9908;11;9912;16;;;9905.0;0.0
yf_ZW=F_d12;36600;INTARIAN_PEPPER_ROOT;11234;20;11231;17;;;11244;10;11246;10;;;11239.0;0.0
yf_ZW=F_d12;36700;ASH_COATED_OSMIUM;9903;16;9901;26;;;9909;9;9913;18;;;9906.0;0.0
yf_ZW=F_d12;36700;INTARIAN_PEPPER_ROOT;11238;5;11234;19;;;11244;20;11246;23;;;11241.0;0.0
yf_ZW=F_d12;36800;ASH_COATED_OSMIUM;9903;11;9899;14;;;9909;8;9912;18;;;9906.0;0.0
yf_ZW=F_d12;36800;INTARIAN_PEPPER_ROOT;11240;12;11236;20;;;11246;11;11249;19;;;11243.0;0.0
yf_ZW=F_d12;36900;ASH_COATED_OSMIUM;9903;11;9899;16;;;9909;19;9913;30;;;9906.0;0.0
yf_ZW=F_d12;36900;INTARIAN_PEPPER_ROOT;11227;11;11224;19;;;11262;14;11266;11;;;11244.5;0.0
yf_ZW=F_d12;37000;ASH_COATED_OSMIUM;9902;12;9900;27;;;9908;13;9910;28;;;9905.0;0.0
yf_ZW=F_d12;37000;INTARIAN_PEPPER_ROOT;11244;12;11242;10;;;11250;18;11252;21;;;11247.0;0.0
yf_ZW=F_d12;37100;ASH_COATED_OSMIUM;9903;12;9900;16;;;9909;8;9911;33;;;9906.0;0.0
yf_ZW=F_d12;37100;INTARIAN_PEPPER_ROOT;11247;18;11243;15;;;11253;5;11255;14;;;11250.0;0.0
yf_ZW=F_d12;37200;ASH_COATED_OSMIUM;9902;11;9898;21;;;9908;22;9912;13;;;9905.0;0.0
yf_ZW=F_d12;37200;INTARIAN_PEPPER_ROOT;11249;12;11245;14;;;11256;15;11259;12;;;11252.5;0.0
yf_ZW=F_d12;37300;ASH_COATED_OSMIUM;9901;19;9898;25;;;9909;12;9911;22;;;9905.0;0.0
yf_ZW=F_d12;37300;INTARIAN_PEPPER_ROOT;11251;22;11249;26;;;11257;6;11259;25;;;11254.0;0.0
yf_ZW=F_d12;37400;ASH_COATED_OSMIUM;9901;13;9898;20;;;9910;16;9913;25;;;9905.5;0.0
yf_ZW=F_d12;37400;INTARIAN_PEPPER_ROOT;11252;13;11250;19;;;11262;20;11264;19;;;11257.0;0.0
yf_ZW=F_d12;37500;ASH_COATED_OSMIUM;9903;9;9900;27;;;9909;17;9911;17;;;9906.0;0.0
yf_ZW=F_d12;37500;INTARIAN_PEPPER_ROOT;11256;21;11254;11;;;11262;12;11264;23;;;11259.0;0.0
yf_ZW=F_d12;37600;ASH_COATED_OSMIUM;9898;29;9896;23;;;9913;12;9915;17;;;9905.5;0.0
yf_ZW=F_d12;37600;INTARIAN_PEPPER_ROOT;11253;16;11251;20;;;11269;8;11273;15;;;11261.0;0.0
yf_ZW=F_d12;37700;ASH_COATED_OSMIUM;9903;13;9900;19;;;9909;18;9911;9;;;9906.0;0.0
yf_ZW=F_d12;37700;INTARIAN_PEPPER_ROOT;11256;8;11253;27;;;11270;14;11272;31;;;11263.0;0.0
yf_ZW=F_d12;37800;ASH_COATED_OSMIUM;9902;19;9898;20;;;9910;13;9912;18;;;9906.0;0.0
yf_ZW=F_d12;37800;INTARIAN_PEPPER_ROOT;11261;15;11257;19;;;11270;5;11272;27;;;11265.5;0.0
yf_ZW=F_d12;37900;ASH_COATED_OSMIUM;9901;22;9898;23;;;9910;6;9913;12;;;9905.5;0.0
yf_ZW=F_d12;37900;INTARIAN_PEPPER_ROOT;11265;19;11262;28;;;11271;21;11273;25;;;11268.0;0.0
yf_ZW=F_d12;38000;ASH_COATED_OSMIUM;9895;23;9891;21;;;9915;12;9919;24;;;9905.0;0.0
yf_ZW=F_d12;38000;INTARIAN_PEPPER_ROOT;11268;22;11264;10;;;11274;12;11278;26;;;11271.0;0.0
yf_ZW=F_d12;38100;ASH_COATED_OSMIUM;9903;5;9900;18;;;9909;12;9913;17;;;9906.0;0.0
yf_ZW=F_d12;38100;INTARIAN_PEPPER_ROOT;11265;16;11262;22;;;11279;16;11283;17;;;11272.0;0.0
yf_ZW=F_d12;38200;ASH_COATED_OSMIUM;9903;12;9900;11;;;9909;23;9911;18;;;9906.0;0.0
yf_ZW=F_d12;38200;INTARIAN_PEPPER_ROOT;11271;18;11269;24;;;11277;19;11281;8;;;11274.0;0.0
yf_ZW=F_d12;38300;ASH_COATED_OSMIUM;9903;19;9901;25;;;9909;14;9912;23;;;9906.0;0.0
yf_ZW=F_d12;38300;INTARIAN_PEPPER_ROOT;11273;16;11269;19;;;11281;16;11284;15;;;11277.0;0.0
yf_ZW=F_d12;38400;ASH_COATED_OSMIUM;9903;12;9899;16;;;9909;24;9913;17;;;9906.0;0.0
yf_ZW=F_d12;38400;INTARIAN_PEPPER_ROOT;11274;14;11270;26;;;11284;20;11287;23;;;11279.0;0.0
yf_ZW=F_d12;38500;ASH_COATED_OSMIUM;9903;8;9901;13;;;9909;13;9912;28;;;9906.0;0.0
yf_ZW=F_d12;38500;INTARIAN_PEPPER_ROOT;11269;15;11266;17;;;11294;18;11296;17;;;11281.5;0.0
yf_ZW=F_d12;38600;ASH_COATED_OSMIUM;9903;16;9901;17;;;9909;21;9913;22;;;9906.0;0.0
yf_ZW=F_d12;38600;INTARIAN_PEPPER_ROOT;11281;11;11278;15;;;11287;10;11290;25;;;11284.0;0.0
yf_ZW=F_d12;38700;ASH_COATED_OSMIUM;9904;15;9901;20;;;9910;13;9914;28;;;9907.0;0.0
yf_ZW=F_d12;38700;INTARIAN_PEPPER_ROOT;11279;8;11277;16;;;11293;17;11296;25;;;11286.0;0.0
yf_ZW=F_d12;38800;ASH_COATED_OSMIUM;9904;14;9902;28;;;9910;17;9912;13;;;9907.0;0.0
yf_ZW=F_d12;38800;INTARIAN_PEPPER_ROOT;11284;19;11282;19;;;11292;17;11296;17;;;11288.0;0.0
yf_ZW=F_d12;38900;ASH_COATED_OSMIUM;9903;13;9901;24;;;9909;17;9912;18;;;9906.0;0.0
yf_ZW=F_d12;38900;INTARIAN_PEPPER_ROOT;11287;12;11283;11;;;11296;13;11298;17;;;11291.5;0.0
yf_ZW=F_d12;39000;ASH_COATED_OSMIUM;9903;9;9899;20;;;9910;17;9912;17;;;9906.5;0.0
yf_ZW=F_d12;39000;INTARIAN_PEPPER_ROOT;11290;14;11288;26;;;11296;11;11300;22;;;11293.0;0.0
yf_ZW=F_d12;39100;ASH_COATED_OSMIUM;9895;12;9891;18;;;9918;9;9921;27;;;9906.5;0.0
yf_ZW=F_d12;39100;INTARIAN_PEPPER_ROOT;11292;12;11289;21;;;11299;22;11302;19;;;11295.5;0.0
yf_ZW=F_d12;39200;ASH_COATED_OSMIUM;9903;21;9899;17;;;9909;13;9911;14;;;9906.0;0.0
yf_ZW=F_d12;39200;INTARIAN_PEPPER_ROOT;11292;20;11289;13;;;11303;25;11306;19;;;11297.5;0.0
yf_ZW=F_d12;39300;ASH_COATED_OSMIUM;9903;18;9899;17;;;9909;20;9913;14;;;9906.0;0.0
yf_ZW=F_d12;39300;INTARIAN_PEPPER_ROOT;11295;11;11292;14;;;11306;19;11310;20;;;11300.5;0.0
yf_ZW=F_d12;39400;ASH_COATED_OSMIUM;9903;13;9901;28;;;9909;8;9912;13;;;9906.0;0.0
yf_ZW=F_d12;39400;INTARIAN_PEPPER_ROOT;11299;18;11296;14;;;11305;15;11307;19;;;11302.0;0.0
yf_ZW=F_d12;39500;ASH_COATED_OSMIUM;9904;20;9901;13;;;9910;22;9913;13;;;9907.0;0.0
yf_ZW=F_d12;39500;INTARIAN_PEPPER_ROOT;11302;20;11299;14;;;11308;15;11312;8;;;11305.0;0.0
yf_ZW=F_d12;39600;ASH_COATED_OSMIUM;9904;18;9901;21;;;9910;13;9912;21;;;9907.0;0.0
yf_ZW=F_d12;39600;INTARIAN_PEPPER_ROOT;11298;19;11295;8;;;11315;22;11318;11;;;11306.5;0.0
yf_ZW=F_d12;39700;ASH_COATED_OSMIUM;9898;17;9894;21;;;9914;20;9918;17;;;9906.0;0.0
yf_ZW=F_d12;39700;INTARIAN_PEPPER_ROOT;11306;17;11302;30;;;11312;19;11314;22;;;11309.0;0.0
yf_ZW=F_d12;39800;ASH_COATED_OSMIUM;9904;10;9902;19;;;9910;5;9914;20;;;9907.0;0.0
yf_ZW=F_d12;39800;INTARIAN_PEPPER_ROOT;11308;14;11305;20;;;11314;9;11316;24;;;11311.0;0.0
yf_ZW=F_d12;39900;ASH_COATED_OSMIUM;9904;17;9900;20;;;9910;12;9912;13;;;9907.0;0.0
yf_ZW=F_d12;39900;INTARIAN_PEPPER_ROOT;11308;8;11306;18;;;11319;13;11321;21;;;11313.5;0.0
yf_ZW=F_d12;40000;ASH_COATED_OSMIUM;9904;17;9900;28;;;9910;11;9912;23;;;9907.0;0.0
yf_ZW=F_d12;40000;INTARIAN_PEPPER_ROOT;11313;12;11311;23;;;11320;11;11324;15;;;11316.5;0.0
yf_ZW=F_d12;40100;ASH_COATED_OSMIUM;9882;13;9880;15;;;9932;15;9935;12;;;9907.0;0.0
yf_ZW=F_d12;40100;INTARIAN_PEPPER_ROOT;11315;16;11312;12;;;11321;17;11324;14;;;11318.0;0.0
yf_ZW=F_d12;40200;ASH_COATED_OSMIUM;9904;16;9900;23;;;9910;16;9912;15;;;9907.0;0.0
yf_ZW=F_d12;40200;INTARIAN_PEPPER_ROOT;11317;13;11313;15;;;11323;10;11325;17;;;11320.0;0.0
yf_ZW=F_d12;40300;ASH_COATED_OSMIUM;9904;16;9902;20;;;9910;15;9913;20;;;9907.0;0.0
yf_ZW=F_d12;40300;INTARIAN_PEPPER_ROOT;11320;16;11317;13;;;11326;18;11329;22;;;11323.0;0.0
yf_ZW=F_d12;40400;ASH_COATED_OSMIUM;9904;12;9900;24;;;9910;13;9912;20;;;9907.0;0.0
yf_ZW=F_d12;40400;INTARIAN_PEPPER_ROOT;11312;5;11310;19;;;11336;23;11338;29;;;11324.0;0.0
yf_ZW=F_d12;40500;ASH_COATED_OSMIUM;9897;8;9895;27;;;9916;15;9920;15;;;9906.5;0.0
yf_ZW=F_d12;40500;INTARIAN_PEPPER_ROOT;11325;7;11322;26;;;11331;8;11333;19;;;11328.0;0.0
yf_ZW=F_d12;40600;ASH_COATED_OSMIUM;9903;20;9899;24;;;9909;20;9911;15;;;9906.0;0.0
yf_ZW=F_d12;40600;INTARIAN_PEPPER_ROOT;11325;10;11321;18;;;11335;10;11337;11;;;11330.0;0.0
yf_ZW=F_d12;40700;ASH_COATED_OSMIUM;9904;22;9900;17;;;9910;11;9914;24;;;9907.0;0.0
yf_ZW=F_d12;40700;INTARIAN_PEPPER_ROOT;11329;27;11326;17;;;11335;13;11337;16;;;11332.0;0.0
yf_ZW=F_d12;40800;ASH_COATED_OSMIUM;9899;15;9895;21;;;9915;9;9918;21;;;9907.0;0.0
yf_ZW=F_d12;40800;INTARIAN_PEPPER_ROOT;11331;16;11327;21;;;11337;15;11341;15;;;11334.0;0.0
yf_ZW=F_d12;40900;ASH_COATED_OSMIUM;9902;17;9899;11;;;9912;20;9915;26;;;9907.0;0.0
yf_ZW=F_d12;40900;INTARIAN_PEPPER_ROOT;11329;5;11327;18;;;11344;15;11346;14;;;11336.5;0.0
yf_ZW=F_d12;41000;ASH_COATED_OSMIUM;9904;10;9902;17;;;9910;16;9913;22;;;9907.0;0.0
yf_ZW=F_d12;41000;INTARIAN_PEPPER_ROOT;11336;24;11332;23;;;11342;11;11346;23;;;11339.0;0.0
yf_ZW=F_d12;41100;ASH_COATED_OSMIUM;9904;14;9900;21;;;9910;6;9913;27;;;9907.0;0.0
yf_ZW=F_d12;41100;INTARIAN_PEPPER_ROOT;11335;14;11332;15;;;11348;21;11352;15;;;11341.5;0.0
yf_ZW=F_d12;41200;ASH_COATED_OSMIUM;9903;10;9901;28;;;9912;8;9916;28;;;9907.5;0.0
yf_ZW=F_d12;41200;INTARIAN_PEPPER_ROOT;11341;13;11339;15;;;11347;13;11350;27;;;11344.0;0.0
yf_ZW=F_d12;41300;ASH_COATED_OSMIUM;9903;5;9901;10;;;9913;20;9915;14;;;9908.0;0.0
yf_ZW=F_d12;41300;INTARIAN_PEPPER_ROOT;11343;17;11341;22;;;11349;17;11352;22;;;11346.0;0.0
yf_ZW=F_d12;41400;ASH_COATED_OSMIUM;9904;22;9900;18;;;9910;14;9913;14;;;9907.0;0.0
yf_ZW=F_d12;41400;INTARIAN_PEPPER_ROOT;11345;14;11343;15;;;11351;12;11354;17;;;11348.0;0.0
yf_ZW=F_d12;41500;ASH_COATED_OSMIUM;9904;18;9900;11;;;9910;18;9913;21;;;9907.0;0.0
yf_ZW=F_d12;41500;INTARIAN_PEPPER_ROOT;11347;20;11344;23;;;11353;18;11356;15;;;11350.0;0.0
yf_ZW=F_d12;41600;ASH_COATED_OSMIUM;9904;21;9900;23;;;9910;13;9912;10;;;9907.0;0.0
yf_ZW=F_d12;41600;INTARIAN_PEPPER_ROOT;11349;10;11347;21;;;11356;10;11358;12;;;11352.5;0.0
yf_ZW=F_d12;41700;ASH_COATED_OSMIUM;9905;16;9902;18;;;9911;11;9915;14;;;9908.0;0.0
yf_ZW=F_d12;41700;INTARIAN_PEPPER_ROOT;11343;17;11341;13;;;11367;13;11370;14;;;11355.0;0.0
yf_ZW=F_d12;41800;ASH_COATED_OSMIUM;9898;11;9896;30;;;9917;16;9919;17;;;9907.5;0.0
yf_ZW=F_d12;41800;INTARIAN_PEPPER_ROOT;11354;19;11351;15;;;11360;17;11362;13;;;11357.0;0.0
yf_ZW=F_d12;41900;ASH_COATED_OSMIUM;9898;12;9895;18;;;9918;12;9921;27;;;9908.0;0.0
yf_ZW=F_d12;41900;INTARIAN_PEPPER_ROOT;11357;21;11355;11;;;11363;14;11366;21;;;11360.0;0.0
yf_ZW=F_d12;42000;ASH_COATED_OSMIUM;9904;25;9901;25;;;9910;13;9912;19;;;9907.0;0.0
yf_ZW=F_d12;42000;INTARIAN_PEPPER_ROOT;11359;13;11357;22;;;11365;21;11368;25;;;11362.0;0.0
yf_ZW=F_d12;42100;ASH_COATED_OSMIUM;9904;27;9902;22;;;9911;14;9914;19;;;9907.5;0.0
yf_ZW=F_d12;42100;INTARIAN_PEPPER_ROOT;11361;26;11359;17;;;11367;17;11369;14;;;11364.0;0.0
yf_ZW=F_d12;42200;ASH_COATED_OSMIUM;9905;6;9903;27;;;9911;19;9915;10;;;9908.0;0.0
yf_ZW=F_d12;42200;INTARIAN_PEPPER_ROOT;11362;14;11358;19;;;11371;12;11375;16;;;11366.5;0.0
yf_ZW=F_d12;42300;ASH_COATED_OSMIUM;9904;13;9901;13;;;9910;14;9913;15;;;9907.0;0.0
yf_ZW=F_d12;42300;INTARIAN_PEPPER_ROOT;11365;11;11361;26;;;11371;17;11374;14;;;11368.0;0.0
yf_ZW=F_d12;42400;ASH_COATED_OSMIUM;9905;15;9901;22;;;9911;22;9915;29;;;9908.0;0.0
yf_ZW=F_d12;42400;INTARIAN_PEPPER_ROOT;11368;11;11366;8;;;11374;12;11378;14;;;11371.0;0.0
yf_ZW=F_d12;42500;ASH_COATED_OSMIUM;9905;19;9901;17;;;9911;9;9914;19;;;9908.0;0.0
yf_ZW=F_d12;42500;INTARIAN_PEPPER_ROOT;11370;15;11368;11;;;11376;14;11380;26;;;11373.0;0.0
yf_ZW=F_d12;42600;ASH_COATED_OSMIUM;9905;16;9902;17;;;9911;20;9914;19;;;9908.0;0.0
yf_ZW=F_d12;42600;INTARIAN_PEPPER_ROOT;11373;29;11371;11;;;11379;24;11383;22;;;11376.0;0.0
yf_ZW=F_d12;42700;ASH_COATED_OSMIUM;9905;7;9902;23;;;9911;16;9913;13;;;9908.0;0.0
yf_ZW=F_d12;42700;INTARIAN_PEPPER_ROOT;11374;7;11372;14;;;11380;26;11383;24;;;11377.0;0.0
yf_ZW=F_d12;42800;ASH_COATED_OSMIUM;9901;7;9898;18;;;9915;13;9919;18;;;9908.0;0.0
yf_ZW=F_d12;42800;INTARIAN_PEPPER_ROOT;11374;19;11371;21;;;11387;11;11391;8;;;11380.5;0.0
yf_ZW=F_d12;42900;ASH_COATED_OSMIUM;9904;23;9901;15;;;9911;12;9913;24;;;9907.5;0.0
yf_ZW=F_d12;42900;INTARIAN_PEPPER_ROOT;11380;20;11377;22;;;11386;9;11390;19;;;11383.0;0.0
yf_ZW=F_d12;43000;ASH_COATED_OSMIUM;9905;16;9901;21;;;9911;22;9913;17;;;9908.0;0.0
yf_ZW=F_d12;43000;INTARIAN_PEPPER_ROOT;11376;6;11372;21;;;11394;9;11396;20;;;11385.0;0.0
yf_ZW=F_d12;43100;ASH_COATED_OSMIUM;9902;9;9899;24;;;9914;16;9918;19;;;9908.0;0.0
yf_ZW=F_d12;43100;INTARIAN_PEPPER_ROOT;11384;16;11382;16;;;11390;20;11392;23;;;11387.0;0.0
yf_ZW=F_d12;43200;ASH_COATED_OSMIUM;9905;22;9901;9;;;9911;14;9913;22;;;9908.0;0.0
yf_ZW=F_d12;43200;INTARIAN_PEPPER_ROOT;11383;18;11381;14;;;11396;13;11400;27;;;11389.5;0.0
yf_ZW=F_d12;43300;ASH_COATED_OSMIUM;9905;9;9902;19;;;9911;16;9915;14;;;9908.0;0.0
yf_ZW=F_d12;43300;INTARIAN_PEPPER_ROOT;11386;9;11382;20;;;11397;15;11401;14;;;11391.5;0.0
yf_ZW=F_d12;43400;ASH_COATED_OSMIUM;9903;7;9900;19;;;9913;10;9915;8;;;9908.0;0.0
yf_ZW=F_d12;43400;INTARIAN_PEPPER_ROOT;11391;21;11389;18;;;11397;19;11401;20;;;11394.0;0.0
yf_ZW=F_d12;43500;ASH_COATED_OSMIUM;9904;17;9902;19;;;9912;10;9914;18;;;9908.0;0.0
yf_ZW=F_d12;43500;INTARIAN_PEPPER_ROOT;11393;12;11389;18;;;11399;14;11403;26;;;11396.0;0.0
yf_ZW=F_d12;43600;ASH_COATED_OSMIUM;9905;18;9903;22;;;9911;18;9913;17;;;9908.0;0.0
yf_ZW=F_d12;43600;INTARIAN_PEPPER_ROOT;11395;11;11393;11;;;11401;12;11404;26;;;11398.0;0.0
yf_ZW=F_d12;43700;ASH_COATED_OSMIUM;9905;12;9903;18;;;9911;12;9914;14;;;9908.0;0.0
yf_ZW=F_d12;43700;INTARIAN_PEPPER_ROOT;11395;14;11393;26;;;11406;6;11409;30;;;11400.5;0.0
yf_ZW=F_d12;43800;ASH_COATED_OSMIUM;9892;17;9889;13;;;9924;12;9926;8;;;9908.0;0.0
yf_ZW=F_d12;43800;INTARIAN_PEPPER_ROOT;11400;19;11396;20;;;11406;17;11409;26;;;11403.0;0.0
yf_ZW=F_d12;43900;ASH_COATED_OSMIUM;9905;11;9901;13;;;9911;17;9913;22;;;9908.0;0.0
yf_ZW=F_d12;43900;INTARIAN_PEPPER_ROOT;11398;22;11396;13;;;11414;23;11417;22;;;11406.0;0.0
yf_ZW=F_d12;44000;ASH_COATED_OSMIUM;9905;20;9903;21;;;9911;11;9914;20;;;9908.0;0.0
yf_ZW=F_d12;44000;INTARIAN_PEPPER_ROOT;11405;12;11401;17;;;11411;10;11415;15;;;11408.0;0.0
yf_ZW=F_d12;44100;ASH_COATED_OSMIUM;9905;10;9901;14;;;9911;13;9915;13;;;9908.0;0.0
yf_ZW=F_d12;44100;INTARIAN_PEPPER_ROOT;11407;8;11403;18;;;11414;10;11417;29;;;11410.5;0.0
yf_ZW=F_d12;44200;ASH_COATED_OSMIUM;9905;13;9901;18;;;9911;19;9914;28;;;9908.0;0.0
yf_ZW=F_d12;44200;INTARIAN_PEPPER_ROOT;11409;16;11405;21;;;11415;26;11418;19;;;11412.0;0.0
yf_ZW=F_d12;44300;ASH_COATED_OSMIUM;9905;11;9903;21;;;9911;10;9915;22;;;9908.0;0.0
yf_ZW=F_d12;44300;INTARIAN_PEPPER_ROOT;11411;12;11408;9;;;11417;20;11420;27;;;11414.0;0.0
yf_ZW=F_d12;44400;ASH_COATED_OSMIUM;9899;7;9896;19;;;9918;11;9920;17;;;9908.5;0.0
yf_ZW=F_d12;44400;INTARIAN_PEPPER_ROOT;11413;16;11409;21;;;11419;13;11422;30;;;11416.0;0.0
yf_ZW=F_d12;44500;ASH_COATED_OSMIUM;9886;6;9883;20;;;9931;20;9935;24;;;9908.5;0.0
yf_ZW=F_d12;44500;INTARIAN_PEPPER_ROOT;11410;14;11407;27;;;11427;16;11431;20;;;11418.5;0.0
yf_ZW=F_d12;44600;ASH_COATED_OSMIUM;9905;15;9901;14;;;9911;17;9913;29;;;9908.0;0.0
yf_ZW=F_d12;44600;INTARIAN_PEPPER_ROOT;11415;18;11413;27;;;11428;16;11432;27;;;11421.5;0.0
yf_ZW=F_d12;44700;ASH_COATED_OSMIUM;9906;12;9902;12;;;9912;7;9915;20;;;9909.0;0.0
yf_ZW=F_d12;44700;INTARIAN_PEPPER_ROOT;11421;7;11419;16;;;11427;12;11431;16;;;11424.0;0.0
yf_ZW=F_d12;44800;ASH_COATED_OSMIUM;9905;15;9902;28;;;9911;5;9915;24;;;9908.0;0.0
yf_ZW=F_d12;44800;INTARIAN_PEPPER_ROOT;11423;11;11419;16;;;11429;14;11431;23;;;11426.0;0.0
yf_ZW=F_d12;44900;ASH_COATED_OSMIUM;9906;11;9902;16;;;9912;17;9914;18;;;9909.0;0.0
yf_ZW=F_d12;44900;INTARIAN_PEPPER_ROOT;11424;8;11420;18;;;11433;17;11437;20;;;11428.5;0.0
yf_ZW=F_d12;45000;ASH_COATED_OSMIUM;9906;18;9904;17;;;9912;21;9914;21;;;9909.0;0.0
yf_ZW=F_d12;45000;INTARIAN_PEPPER_ROOT;11415;5;11411;20;;;11445;25;11447;19;;;11430.0;0.0
yf_ZW=F_d12;45100;ASH_COATED_OSMIUM;9905;8;9902;19;;;9911;20;9913;13;;;9908.0;0.0
yf_ZW=F_d12;45100;INTARIAN_PEPPER_ROOT;11424;14;11421;21;;;11443;12;11445;20;;;11433.5;0.0
yf_ZW=F_d12;45200;ASH_COATED_OSMIUM;9905;15;9902;23;;;9911;18;9914;11;;;9908.0;0.0
yf_ZW=F_d12;45200;INTARIAN_PEPPER_ROOT;11431;15;11428;15;;;11440;10;11443;19;;;11435.5;0.0
yf_ZW=F_d12;45300;ASH_COATED_OSMIUM;9903;9;9901;29;;;9915;23;9917;16;;;9909.0;0.0
yf_ZW=F_d12;45300;INTARIAN_PEPPER_ROOT;11431;11;11428;28;;;11444;15;11447;19;;;11437.5;0.0
yf_ZW=F_d12;45400;ASH_COATED_OSMIUM;9906;17;9902;29;;;9912;19;9915;22;;;9909.0;0.0
yf_ZW=F_d12;45400;INTARIAN_PEPPER_ROOT;11436;14;11432;20;;;11443;16;11447;19;;;11439.5;0.0
yf_ZW=F_d12;45500;ASH_COATED_OSMIUM;9906;19;9903;17;;;9912;14;9915;17;;;9909.0;0.0
yf_ZW=F_d12;45500;INTARIAN_PEPPER_ROOT;11434;18;11431;16;;;11450;5;11454;33;;;11442.0;0.0
yf_ZW=F_d12;45600;ASH_COATED_OSMIUM;9903;28;9900;20;;;9914;19;9917;21;;;9908.5;0.0
yf_ZW=F_d12;45600;INTARIAN_PEPPER_ROOT;11441;18;11438;12;;;11447;10;11449;17;;;11444.0;0.0
yf_ZW=F_d12;45700;ASH_COATED_OSMIUM;9902;13;9898;15;;;9916;19;9920;17;;;9909.0;0.0
yf_ZW=F_d12;45700;INTARIAN_PEPPER_ROOT;11444;10;11441;27;;;11450;15;11452;22;;;11447.0;0.0
yf_ZW=F_d12;45800;ASH_COATED_OSMIUM;9902;17;9899;20;;;9915;26;9918;22;;;9908.5;0.0
yf_ZW=F_d12;45800;INTARIAN_PEPPER_ROOT;11445;10;11441;18;;;11451;16;11453;27;;;11448.0;0.0
yf_ZW=F_d12;45900;ASH_COATED_OSMIUM;9906;24;9903;13;;;9912;11;9915;24;;;9909.0;0.0
yf_ZW=F_d12;45900;INTARIAN_PEPPER_ROOT;11447;12;11444;24;;;11455;18;11457;19;;;11451.0;0.0
yf_ZW=F_d12;46000;ASH_COATED_OSMIUM;9902;14;9899;10;;;9916;14;9919;17;;;9909.0;0.0
yf_ZW=F_d12;46000;INTARIAN_PEPPER_ROOT;11450;13;11446;10;;;11456;8;11459;12;;;11453.0;0.0
yf_ZW=F_d12;46100;ASH_COATED_OSMIUM;9906;6;9904;23;;;9912;16;9914;34;;;9909.0;0.0
yf_ZW=F_d12;46100;INTARIAN_PEPPER_ROOT;11447;6;11443;22;;;11464;15;11466;20;;;11455.5;0.0
yf_ZW=F_d12;46200;ASH_COATED_OSMIUM;9900;11;9897;14;;;9918;5;9921;19;;;9909.0;0.0
yf_ZW=F_d12;46200;INTARIAN_PEPPER_ROOT;11455;21;11452;21;;;11461;13;11463;18;;;11458.0;0.0
yf_ZW=F_d12;46300;ASH_COATED_OSMIUM;9906;10;9903;14;;;9912;16;9916;20;;;9909.0;0.0
yf_ZW=F_d12;46300;INTARIAN_PEPPER_ROOT;11458;22;11454;17;;;11464;22;11468;11;;;11461.0;0.0
yf_ZW=F_d12;46400;ASH_COATED_OSMIUM;9906;13;9904;8;;;9913;17;9916;25;;;9909.5;0.0
yf_ZW=F_d12;46400;INTARIAN_PEPPER_ROOT;11457;23;11455;14;;;11468;18;11470;16;;;11462.5;0.0
yf_ZW=F_d12;46500;ASH_COATED_OSMIUM;9903;17;9901;13;;;9915;17;9919;23;;;9909.0;0.0
yf_ZW=F_d12;46500;INTARIAN_PEPPER_ROOT;11461;17;11457;17;;;11468;13;11471;21;;;11464.5;0.0
yf_ZW=F_d12;46600;ASH_COATED_OSMIUM;9906;19;9903;13;;;9912;11;9914;16;;;9909.0;0.0
yf_ZW=F_d12;46600;INTARIAN_PEPPER_ROOT;11464;16;11461;9;;;11470;21;11474;23;;;11467.0;0.0
yf_ZW=F_d12;46700;ASH_COATED_OSMIUM;9907;14;9904;9;;;9913;11;9917;16;;;9910.0;0.0
yf_ZW=F_d12;46700;INTARIAN_PEPPER_ROOT;11467;13;11465;20;;;11473;5;11475;12;;;11470.0;0.0
yf_ZW=F_d12;46800;ASH_COATED_OSMIUM;9906;16;9903;19;;;9912;12;9916;23;;;9909.0;0.0
yf_ZW=F_d12;46800;INTARIAN_PEPPER_ROOT;11468;16;11466;32;;;11474;16;11476;23;;;11471.0;0.0
yf_ZW=F_d12;46900;ASH_COATED_OSMIUM;9905;15;9902;27;;;9914;12;9916;28;;;9909.5;0.0
yf_ZW=F_d12;46900;INTARIAN_PEPPER_ROOT;11471;18;11469;25;;;11477;14;11480;20;;;11474.0;0.0
yf_ZW=F_d12;47000;ASH_COATED_OSMIUM;9902;9;9898;23;;;9917;21;9919;20;;;9909.5;0.0
yf_ZW=F_d12;47000;INTARIAN_PEPPER_ROOT;11472;25;11468;27;;;11478;17;11480;19;;;11475.0;0.0
yf_ZW=F_d12;47100;ASH_COATED_OSMIUM;9907;17;9903;16;;;9913;11;9915;22;;;9910.0;0.0
yf_ZW=F_d12;47100;INTARIAN_PEPPER_ROOT;11466;5;11462;14;;;11491;11;11494;16;;;11478.5;0.0
yf_ZW=F_d12;47200;ASH_COATED_OSMIUM;9907;27;9904;25;;;9913;10;9915;22;;;9910.0;0.0
yf_ZW=F_d12;47200;INTARIAN_PEPPER_ROOT;11475;20;11473;23;;;11487;7;11490;13;;;11481.0;0.0
yf_ZW=F_d12;47300;ASH_COATED_OSMIUM;9907;13;9905;24;;;9913;21;9916;17;;;9910.0;0.0
yf_ZW=F_d12;47300;INTARIAN_PEPPER_ROOT;11478;14;11476;18;;;11488;19;11492;15;;;11483.0;0.0
yf_ZW=F_d12;47400;ASH_COATED_OSMIUM;9906;10;9903;27;;;9912;12;9916;15;;;9909.0;0.0
yf_ZW=F_d12;47400;INTARIAN_PEPPER_ROOT;11482;13;11480;17;;;11488;21;11491;23;;;11485.0;0.0
yf_ZW=F_d12;47500;ASH_COATED_OSMIUM;9907;19;9905;23;;;9913;11;9915;15;;;9910.0;0.0
yf_ZW=F_d12;47500;INTARIAN_PEPPER_ROOT;11483;19;11481;26;;;11494;5;11497;10;;;11488.5;0.0
yf_ZW=F_d12;47600;ASH_COATED_OSMIUM;9902;5;9898;16;;;9917;15;9919;30;;;9909.5;0.0
yf_ZW=F_d12;47600;INTARIAN_PEPPER_ROOT;11487;22;11485;15;;;11493;13;11497;18;;;11490.0;0.0
yf_ZW=F_d12;47700;ASH_COATED_OSMIUM;9907;10;9905;18;;;9913;16;9917;13;;;9910.0;0.0
yf_ZW=F_d12;47700;INTARIAN_PEPPER_ROOT;11490;9;11486;14;;;11496;18;11499;20;;;11493.0;0.0
yf_ZW=F_d12;47800;ASH_COATED_OSMIUM;9903;12;9900;20;;;9917;11;9919;13;;;9910.0;0.0
yf_ZW=F_d12;47800;INTARIAN_PEPPER_ROOT;11491;14;11487;17;;;11499;21;11503;19;;;11495.0;0.0
yf_ZW=F_d12;47900;ASH_COATED_OSMIUM;9904;22;9902;20;;;9917;23;9919;12;;;9910.5;0.0
yf_ZW=F_d12;47900;INTARIAN_PEPPER_ROOT;11493;18;11489;18;;;11501;12;11505;12;;;11497.0;0.0
yf_ZW=F_d12;48000;ASH_COATED_OSMIUM;9907;18;9903;20;;;9913;9;9916;27;;;9910.0;0.0
yf_ZW=F_d12;48000;INTARIAN_PEPPER_ROOT;11496;7;11493;17;;;11502;13;11505;24;;;11499.0;0.0
yf_ZW=F_d12;48100;ASH_COATED_OSMIUM;9898;14;9895;24;;;9923;18;9927;18;;;9910.5;0.0
yf_ZW=F_d12;48100;INTARIAN_PEPPER_ROOT;11494;8;11490;14;;;11510;7;11514;9;;;11502.0;0.0
yf_ZW=F_d12;48200;ASH_COATED_OSMIUM;9906;22;9902;18;;;9912;18;9916;16;;;9909.0;0.0
yf_ZW=F_d12;48200;INTARIAN_PEPPER_ROOT;11501;5;11499;19;;;11508;24;11510;15;;;11504.5;0.0
yf_ZW=F_d12;48300;ASH_COATED_OSMIUM;9907;9;9904;17;;;9913;13;9917;15;;;9910.0;0.0
yf_ZW=F_d12;48300;INTARIAN_PEPPER_ROOT;11503;13;11501;16;;;11509;18;11511;27;;;11506.0;0.0
yf_ZW=F_d12;48400;ASH_COATED_OSMIUM;9900;13;9896;24;;;9920;13;9922;15;;;9910.0;0.0
yf_ZW=F_d12;48400;INTARIAN_PEPPER_ROOT;11506;12;11502;19;;;11512;11;11515;24;;;11509.0;0.0
yf_ZW=F_d12;48500;ASH_COATED_OSMIUM;9905;16;9901;24;;;9916;8;9920;11;;;9910.5;0.0
yf_ZW=F_d12;48500;INTARIAN_PEPPER_ROOT;11507;19;11503;17;;;11513;13;11516;24;;;11510.0;0.0
yf_ZW=F_d12;48600;ASH_COATED_OSMIUM;9907;13;9904;14;;;9913;21;9917;12;;;9910.0;0.0
yf_ZW=F_d12;48600;INTARIAN_PEPPER_ROOT;11510;16;11507;33;;;11516;7;11518;22;;;11513.0;0.0
yf_ZW=F_d12;48700;ASH_COATED_OSMIUM;9908;22;9905;24;;;9914;21;9917;14;;;9911.0;0.0
yf_ZW=F_d12;48700;INTARIAN_PEPPER_ROOT;11509;18;11507;22;;;11520;27;11522;16;;;11514.5;0.0
yf_ZW=F_d12;48800;ASH_COATED_OSMIUM;9892;20;9890;28;;;9927;15;9930;22;;;9909.5;0.0
yf_ZW=F_d12;48800;INTARIAN_PEPPER_ROOT;11508;16;11504;24;;;11527;18;11531;14;;;11517.5;0.0
yf_ZW=F_d12;48900;ASH_COATED_OSMIUM;9903;5;9900;23;;;9918;22;9921;21;;;9910.5;0.0
yf_ZW=F_d12;48900;INTARIAN_PEPPER_ROOT;11517;6;11514;11;;;11523;5;11526;16;;;11520.0;0.0
yf_ZW=F_d12;49000;ASH_COATED_OSMIUM;9907;6;9904;17;;;9914;6;9916;18;;;9910.5;0.0
yf_ZW=F_d12;49000;INTARIAN_PEPPER_ROOT;11519;19;11515;29;;;11525;8;11527;24;;;11522.0;0.0
yf_ZW=F_d12;49100;ASH_COATED_OSMIUM;9907;20;9904;11;;;9915;6;9919;21;;;9911.0;0.0
yf_ZW=F_d12;49100;INTARIAN_PEPPER_ROOT;11521;15;11517;29;;;11527;20;11529;8;;;11524.0;0.0
yf_ZW=F_d12;49200;ASH_COATED_OSMIUM;9907;13;9904;10;;;9913;18;9915;18;;;9910.0;0.0
yf_ZW=F_d12;49200;INTARIAN_PEPPER_ROOT;11524;20;11521;23;;;11530;12;11532;11;;;11527.0;0.0
yf_ZW=F_d12;49300;ASH_COATED_OSMIUM;9907;11;9903;25;;;9913;8;9916;18;;;9910.0;0.0
yf_ZW=F_d12;49300;INTARIAN_PEPPER_ROOT;11526;19;11523;19;;;11532;12;11535;26;;;11529.0;0.0
yf_ZW=F_d12;49400;ASH_COATED_OSMIUM;9905;23;9902;24;;;9916;5;9918;22;;;9910.5;0.0
yf_ZW=F_d12;49400;INTARIAN_PEPPER_ROOT;11520;13;11517;17;;;11543;13;11546;19;;;11531.5;0.0
yf_ZW=F_d12;49500;ASH_COATED_OSMIUM;9905;19;9901;30;;;9917;12;9919;21;;;9911.0;0.0
yf_ZW=F_d12;49500;INTARIAN_PEPPER_ROOT;11530;13;11528;18;;;11537;9;11539;22;;;11533.5;0.0
yf_ZW=F_d12;49600;ASH_COATED_OSMIUM;9907;20;9905;21;;;9913;23;9915;14;;;9910.0;0.0
yf_ZW=F_d12;49600;INTARIAN_PEPPER_ROOT;11532;16;11528;17;;;11539;12;11541;23;;;11535.5;0.0
yf_ZW=F_d12;49700;ASH_COATED_OSMIUM;9907;8;9903;24;;;9914;19;9917;17;;;9910.5;0.0
yf_ZW=F_d12;49700;INTARIAN_PEPPER_ROOT;11531;17;11528;29;;;11545;20;11547;12;;;11538.0;0.0
yf_ZW=F_d12;49800;ASH_COATED_OSMIUM;9899;17;9897;28;;;9922;13;9924;14;;;9910.5;0.0
yf_ZW=F_d12;49800;INTARIAN_PEPPER_ROOT;11520;16;11516;19;;;11561;11;11563;21;;;11540.5;0.0
yf_ZW=F_d12;49900;ASH_COATED_OSMIUM;9907;11;9905;20;;;9913;14;9915;14;;;9910.0;0.0
yf_ZW=F_d12;49900;INTARIAN_PEPPER_ROOT;11539;16;11535;26;;;11545;11;11547;17;;;11542.0;0.0
yf_ZW=F_d12;50000;ASH_COATED_OSMIUM;9907;13;9903;16;;;9914;10;9918;16;;;9910.5;0.0
yf_ZW=F_d12;50000;INTARIAN_PEPPER_ROOT;11542;12;11540;20;;;11548;19;11551;22;;;11545.0;0.0
yf_ZW=F_d12;50100;ASH_COATED_OSMIUM;9898;13;9896;16;;;9923;16;9927;29;;;9910.5;0.0
yf_ZW=F_d12;50100;INTARIAN_PEPPER_ROOT;11544;17;11541;12;;;11550;13;11552;12;;;11547.0;0.0
yf_ZW=F_d12;50200;ASH_COATED_OSMIUM;9907;10;9904;18;;;9913;9;9916;17;;;9910.0;0.0
yf_ZW=F_d12;50200;INTARIAN_PEPPER_ROOT;11541;12;11538;22;;;11558;16;11562;15;;;11549.5;0.0
yf_ZW=F_d12;50300;ASH_COATED_OSMIUM;9902;7;9899;23;;;9919;14;9921;24;;;9910.5;0.0
yf_ZW=F_d12;50300;INTARIAN_PEPPER_ROOT;11548;10;11546;18;;;11555;11;11557;12;;;11551.5;0.0
yf_ZW=F_d12;50400;ASH_COATED_OSMIUM;9907;12;9905;20;;;9913;18;9917;23;;;9910.0;0.0
yf_ZW=F_d12;50400;INTARIAN_PEPPER_ROOT;11551;11;11548;13;;;11557;9;11559;21;;;11554.0;0.0
yf_ZW=F_d12;50500;ASH_COATED_OSMIUM;9906;9;9903;15;;;9914;10;9918;19;;;9910.0;0.0
yf_ZW=F_d12;50500;INTARIAN_PEPPER_ROOT;11553;19;11551;17;;;11559;13;11561;18;;;11556.0;0.0
yf_ZW=F_d12;50600;ASH_COATED_OSMIUM;9907;26;9904;20;;;9914;30;9916;18;;;9910.5;0.0
yf_ZW=F_d12;50600;INTARIAN_PEPPER_ROOT;11549;12;11547;16;;;11568;10;11572;24;;;11558.5;0.0
yf_ZW=F_d12;50700;ASH_COATED_OSMIUM;9908;18;9906;19;;;9914;15;9916;17;;;9911.0;0.0
yf_ZW=F_d12;50700;INTARIAN_PEPPER_ROOT;11558;11;11556;15;;;11564;22;11567;10;;;11561.0;0.0
yf_ZW=F_d12;50800;ASH_COATED_OSMIUM;9908;7;9905;17;;;9914;13;9916;24;;;9911.0;0.0
yf_ZW=F_d12;50800;INTARIAN_PEPPER_ROOT;11561;11;11558;23;;;11567;16;11571;28;;;11564.0;0.0
yf_ZW=F_d12;50900;ASH_COATED_OSMIUM;9908;18;9904;17;;;9914;14;9918;18;;;9911.0;0.0
yf_ZW=F_d12;50900;INTARIAN_PEPPER_ROOT;11560;16;11558;12;;;11566;16;11568;17;;;11563.0;0.0
yf_ZW=F_d12;51000;ASH_COATED_OSMIUM;9908;20;9906;9;;;9914;12;9917;16;;;9911.0;0.0
yf_ZW=F_d12;51000;INTARIAN_PEPPER_ROOT;11544;15;11541;16;;;11578;11;11581;17;;;11561.0;0.0
yf_ZW=F_d12;51100;ASH_COATED_OSMIUM;9896;5;9893;21;;;9926;19;9930;29;;;9911.0;0.0
yf_ZW=F_d12;51100;INTARIAN_PEPPER_ROOT;11556;18;11552;14;;;11562;15;11564;25;;;11559.0;0.0
yf_ZW=F_d12;51200;ASH_COATED_OSMIUM;9909;11;9906;18;;;9915;15;9919;14;;;9912.0;0.0
yf_ZW=F_d12;51200;INTARIAN_PEPPER_ROOT;11547;14;11543;21;;;11565;5;11567;25;;;11556.0;0.0
yf_ZW=F_d12;51300;ASH_COATED_OSMIUM;9909;7;9906;23;;;9915;12;9918;27;;;9912.0;0.0
yf_ZW=F_d12;51300;INTARIAN_PEPPER_ROOT;11552;8;11550;22;;;11558;13;11562;10;;;11555.0;0.0
yf_ZW=F_d12;51400;ASH_COATED_OSMIUM;9908;14;9904;19;;;9914;14;9917;25;;;9911.0;0.0
yf_ZW=F_d12;51400;INTARIAN_PEPPER_ROOT;11545;21;11543;24;;;11560;16;11563;21;;;11552.5;0.0
yf_ZW=F_d12;51500;ASH_COATED_OSMIUM;9908;7;9905;18;;;9914;9;9918;23;;;9911.0;0.0
yf_ZW=F_d12;51500;INTARIAN_PEPPER_ROOT;11544;13;11541;23;;;11555;26;11558;17;;;11549.5;0.0
yf_ZW=F_d12;51600;ASH_COATED_OSMIUM;9905;18;9903;29;;;9919;15;9923;20;;;9912.0;0.0
yf_ZW=F_d12;51600;INTARIAN_PEPPER_ROOT;11545;17;11543;24;;;11551;9;11555;20;;;11548.0;0.0
yf_ZW=F_d12;51700;ASH_COATED_OSMIUM;9906;17;9904;22;;;9918;14;9922;31;;;9912.0;0.0
yf_ZW=F_d12;51700;INTARIAN_PEPPER_ROOT;11542;15;11538;18;;;11548;21;11552;12;;;11545.0;0.0
yf_ZW=F_d12;51800;ASH_COATED_OSMIUM;9901;11;9899;19;;;9924;12;9928;28;;;9912.5;0.0
yf_ZW=F_d12;51800;INTARIAN_PEPPER_ROOT;11540;12;11538;14;;;11546;14;11549;12;;;11543.0;0.0
yf_ZW=F_d12;51900;ASH_COATED_OSMIUM;9909;13;9905;17;;;9915;8;9918;13;;;9912.0;0.0
yf_ZW=F_d12;51900;INTARIAN_PEPPER_ROOT;11538;12;11534;26;;;11544;14;11546;21;;;11541.0;0.0
yf_ZW=F_d12;52000;ASH_COATED_OSMIUM;9909;11;9905;22;;;9915;16;9917;15;;;9912.0;0.0
yf_ZW=F_d12;52000;INTARIAN_PEPPER_ROOT;11536;10;11532;15;;;11542;14;11544;16;;;11539.0;0.0
yf_ZW=F_d12;52100;ASH_COATED_OSMIUM;9899;9;9895;15;;;9925;13;9928;24;;;9912.0;0.0
yf_ZW=F_d12;52100;INTARIAN_PEPPER_ROOT;11533;5;11529;18;;;11541;21;11543;22;;;11537.0;0.0
yf_ZW=F_d12;52200;ASH_COATED_OSMIUM;9909;12;9907;17;;;9915;13;9917;23;;;9912.0;0.0
yf_ZW=F_d12;52200;INTARIAN_PEPPER_ROOT;11529;17;11526;14;;;11539;21;11542;18;;;11534.0;0.0
yf_ZW=F_d12;52300;ASH_COATED_OSMIUM;9910;13;9908;19;;;9916;11;9919;10;;;9913.0;0.0
yf_ZW=F_d12;52300;INTARIAN_PEPPER_ROOT;11523;16;11520;16;;;11540;18;11542;20;;;11531.5;0.0
yf_ZW=F_d12;52400;ASH_COATED_OSMIUM;9908;8;9906;27;;;9916;17;9918;21;;;9912.0;0.0
yf_ZW=F_d12;52400;INTARIAN_PEPPER_ROOT;11527;13;11523;23;;;11533;9;11537;17;;;11530.0;0.0
yf_ZW=F_d12;52500;ASH_COATED_OSMIUM;9908;12;9904;21;;;9918;13;9920;23;;;9913.0;0.0
yf_ZW=F_d12;52500;INTARIAN_PEPPER_ROOT;11525;18;11523;28;;;11531;12;11534;23;;;11528.0;0.0
yf_ZW=F_d12;52600;ASH_COATED_OSMIUM;9909;14;9907;23;;;9918;12;9921;18;;;9913.5;0.0
yf_ZW=F_d12;52600;INTARIAN_PEPPER_ROOT;11522;17;11520;14;;;11528;21;11530;10;;;11525.0;0.0
yf_ZW=F_d12;52700;ASH_COATED_OSMIUM;9894;13;9890;24;;;9933;16;9935;24;;;9913.5;0.0
yf_ZW=F_d12;52700;INTARIAN_PEPPER_ROOT;11520;22;11517;17;;;11526;14;11528;21;;;11523.0;0.0
yf_ZW=F_d12;52800;ASH_COATED_OSMIUM;9910;18;9907;22;;;9916;7;9920;26;;;9913.0;0.0
yf_ZW=F_d12;52800;INTARIAN_PEPPER_ROOT;11518;22;11514;16;;;11524;10;11527;22;;;11521.0;0.0
yf_ZW=F_d12;52900;ASH_COATED_OSMIUM;9910;8;9907;23;;;9917;11;9921;10;;;9913.5;0.0
yf_ZW=F_d12;52900;INTARIAN_PEPPER_ROOT;11515;17;11512;18;;;11521;15;11524;20;;;11518.0;0.0
yf_ZW=F_d12;53000;ASH_COATED_OSMIUM;9910;9;9906;30;;;9916;17;9918;15;;;9913.0;0.0
yf_ZW=F_d12;53000;INTARIAN_PEPPER_ROOT;11510;17;11508;22;;;11523;28;11526;13;;;11516.5;0.0
yf_ZW=F_d12;53100;ASH_COATED_OSMIUM;9909;5;9906;16;;;9917;21;9919;16;;;9913.0;0.0
yf_ZW=F_d12;53100;INTARIAN_PEPPER_ROOT;11511;20;11509;17;;;11518;6;11520;20;;;11514.5;0.0
yf_ZW=F_d12;53200;ASH_COATED_OSMIUM;9909;14;9906;17;;;9919;15;9923;22;;;9914.0;0.0
yf_ZW=F_d12;53200;INTARIAN_PEPPER_ROOT;11509;17;11506;30;;;11515;16;11518;17;;;11512.0;0.0
yf_ZW=F_d12;53300;ASH_COATED_OSMIUM;9911;10;9909;23;;;9917;16;9919;14;;;9914.0;0.0
yf_ZW=F_d12;53300;INTARIAN_PEPPER_ROOT;11507;14;11504;21;;;11513;16;11515;20;;;11510.0;0.0
yf_ZW=F_d12;53400;ASH_COATED_OSMIUM;9911;17;9907;21;;;9917;14;9919;31;;;9914.0;0.0
yf_ZW=F_d12;53400;INTARIAN_PEPPER_ROOT;11504;16;11500;23;;;11510;18;11512;15;;;11507.0;0.0
yf_ZW=F_d12;53500;ASH_COATED_OSMIUM;9903;19;9900;22;;;9924;12;9928;17;;;9913.5;0.0
yf_ZW=F_d12;53500;INTARIAN_PEPPER_ROOT;11502;18;11498;20;;;11509;25;11513;11;;;11505.5;0.0
yf_ZW=F_d12;53600;ASH_COATED_OSMIUM;9907;16;9905;17;;;9921;8;9925;16;;;9914.0;0.0
yf_ZW=F_d12;53600;INTARIAN_PEPPER_ROOT;11500;13;11497;16;;;11506;13;11508;26;;;11503.0;0.0
yf_ZW=F_d12;53700;ASH_COATED_OSMIUM;9909;14;9907;32;;;9920;7;9922;9;;;9914.5;0.0
yf_ZW=F_d12;53700;INTARIAN_PEPPER_ROOT;11498;16;11496;18;;;11504;8;11507;9;;;11501.0;0.0
yf_ZW=F_d12;53800;ASH_COATED_OSMIUM;9909;13;9906;18;;;9919;21;9921;25;;;9914.0;0.0
yf_ZW=F_d12;53800;INTARIAN_PEPPER_ROOT;11496;23;11492;27;;;11502;5;11505;18;;;11499.0;0.0
yf_ZW=F_d12;53900;ASH_COATED_OSMIUM;9911;15;9908;19;;;9917;20;9920;22;;;9914.0;0.0
yf_ZW=F_d12;53900;INTARIAN_PEPPER_ROOT;11489;6;11487;22;;;11504;19;11508;8;;;11496.5;0.0
yf_ZW=F_d12;54000;ASH_COATED_OSMIUM;9911;19;9907;8;;;9917;18;9920;18;;;9914.0;0.0
yf_ZW=F_d12;54000;INTARIAN_PEPPER_ROOT;11491;22;11489;25;;;11497;6;11500;21;;;11494.0;0.0
yf_ZW=F_d12;54100;ASH_COATED_OSMIUM;9911;18;9909;18;;;9918;15;9920;23;;;9914.5;0.0
yf_ZW=F_d12;54100;INTARIAN_PEPPER_ROOT;11487;17;11485;18;;;11496;11;11500;17;;;11491.5;0.0
yf_ZW=F_d12;54200;ASH_COATED_OSMIUM;9912;11;9908;16;;;9918;16;9921;26;;;9915.0;0.0
yf_ZW=F_d12;54200;INTARIAN_PEPPER_ROOT;11472;19;11470;23;;;11508;8;11510;19;;;11490.0;0.0
yf_ZW=F_d12;54300;ASH_COATED_OSMIUM;9911;19;9909;25;;;9918;14;9922;19;;;9914.5;0.0
yf_ZW=F_d12;54300;INTARIAN_PEPPER_ROOT;11484;15;11481;16;;;11490;17;11494;19;;;11487.0;0.0
yf_ZW=F_d12;54400;ASH_COATED_OSMIUM;9912;18;9909;20;;;9918;12;9920;22;;;9915.0;0.0
yf_ZW=F_d12;54400;INTARIAN_PEPPER_ROOT;11483;27;11481;16;;;11489;20;11493;15;;;11486.0;0.0
yf_ZW=F_d12;54500;ASH_COATED_OSMIUM;9912;10;9908;27;;;9918;6;9920;14;;;9915.0;0.0
yf_ZW=F_d12;54500;INTARIAN_PEPPER_ROOT;11481;9;11478;17;;;11487;10;11489;23;;;11484.0;0.0
yf_ZW=F_d12;54600;ASH_COATED_OSMIUM;9912;14;9909;21;;;9918;14;9921;15;;;9915.0;0.0
yf_ZW=F_d12;54600;INTARIAN_PEPPER_ROOT;11478;15;11475;24;;;11484;24;11487;17;;;11481.0;0.0
yf_ZW=F_d12;54700;ASH_COATED_OSMIUM;9912;17;9909;15;;;9918;18;9920;29;;;9915.0;0.0
yf_ZW=F_d12;54700;INTARIAN_PEPPER_ROOT;11476;6;11472;17;;;11482;10;11484;15;;;11479.0;0.0
yf_ZW=F_d12;54800;ASH_COATED_OSMIUM;9912;11;9909;11;;;9918;9;9921;12;;;9915.0;0.0
yf_ZW=F_d12;54800;INTARIAN_PEPPER_ROOT;11472;7;11469;14;;;11480;15;11482;31;;;11476.0;0.0
yf_ZW=F_d12;54900;ASH_COATED_OSMIUM;9913;19;9909;17;;;9919;19;9922;20;;;9916.0;0.0
yf_ZW=F_d12;54900;INTARIAN_PEPPER_ROOT;11471;6;11467;13;;;11477;18;11481;19;;;11474.0;0.0
yf_ZW=F_d12;55000;ASH_COATED_OSMIUM;9901;18;9899;22;;;9929;7;9932;20;;;9915.0;0.0
yf_ZW=F_d12;55000;INTARIAN_PEPPER_ROOT;11470;16;11468;25;;;11476;7;11479;19;;;11473.0;0.0
yf_ZW=F_d12;55100;ASH_COATED_OSMIUM;9913;20;9910;15;;;9919;8;9922;15;;;9916.0;0.0
yf_ZW=F_d12;55100;INTARIAN_PEPPER_ROOT;11466;15;11464;13;;;11475;23;11477;27;;;11470.5;0.0
yf_ZW=F_d12;55200;ASH_COATED_OSMIUM;9913;8;9910;23;;;9919;15;9921;25;;;9916.0;0.0
yf_ZW=F_d12;55200;INTARIAN_PEPPER_ROOT;11465;15;11463;25;;;11471;16;11473;16;;;11468.0;0.0
yf_ZW=F_d12;55300;ASH_COATED_OSMIUM;9913;13;9910;15;;;9919;15;9921;20;;;9916.0;0.0
yf_ZW=F_d12;55300;INTARIAN_PEPPER_ROOT;11462;10;11460;18;;;11468;14;11470;14;;;11465.0;0.0
yf_ZW=F_d12;55400;ASH_COATED_OSMIUM;9913;21;9911;19;;;9919;19;9922;22;;;9916.0;0.0
yf_ZW=F_d12;55400;INTARIAN_PEPPER_ROOT;11460;6;11456;14;;;11466;16;11469;23;;;11463.0;0.0
yf_ZW=F_d12;55500;ASH_COATED_OSMIUM;9910;13;9908;12;;;9921;12;9925;22;;;9915.5;0.0
yf_ZW=F_d12;55500;INTARIAN_PEPPER_ROOT;11458;18;11455;21;;;11465;14;11468;14;;;11461.5;0.0
yf_ZW=F_d12;55600;ASH_COATED_OSMIUM;9907;21;9905;27;;;9924;8;9927;26;;;9915.5;0.0
yf_ZW=F_d12;55600;INTARIAN_PEPPER_ROOT;11456;19;11454;34;;;11462;6;11464;15;;;11459.0;0.0
yf_ZW=F_d12;55700;ASH_COATED_OSMIUM;9913;11;9909;22;;;9919;10;9923;24;;;9916.0;0.0
yf_ZW=F_d12;55700;INTARIAN_PEPPER_ROOT;11445;10;11442;11;;;11470;17;11474;14;;;11457.5;0.0
yf_ZW=F_d12;55800;ASH_COATED_OSMIUM;9914;17;9910;19;;;9920;8;9923;17;;;9917.0;0.0
yf_ZW=F_d12;55800;INTARIAN_PEPPER_ROOT;11451;24;11447;19;;;11457;15;11459;19;;;11454.0;0.0
yf_ZW=F_d12;55900;ASH_COATED_OSMIUM;9913;17;9910;15;;;9919;23;9923;16;;;9916.0;0.0
yf_ZW=F_d12;55900;INTARIAN_PEPPER_ROOT;11449;19;11445;19;;;11455;12;11459;8;;;11452.0;0.0
yf_ZW=F_d12;56000;ASH_COATED_OSMIUM;9913;18;9910;15;;;9920;13;9923;20;;;9916.5;0.0
yf_ZW=F_d12;56000;INTARIAN_PEPPER_ROOT;11447;13;11444;20;;;11453;17;11457;20;;;11450.0;0.0
yf_ZW=F_d12;56100;ASH_COATED_OSMIUM;9914;14;9912;27;;;9920;14;9923;16;;;9917.0;0.0
yf_ZW=F_d12;56100;INTARIAN_PEPPER_ROOT;11433;16;11431;21;;;11462;14;11465;20;;;11447.5;0.0
yf_ZW=F_d12;56200;ASH_COATED_OSMIUM;9914;15;9910;31;;;9920;17;9923;19;;;9917.0;0.0
yf_ZW=F_d12;56200;INTARIAN_PEPPER_ROOT;11443;11;11440;22;;;11449;10;11452;22;;;11446.0;0.0
yf_ZW=F_d12;56300;ASH_COATED_OSMIUM;9914;19;9912;18;;;9920;21;9922;17;;;9917.0;0.0
yf_ZW=F_d12;56300;INTARIAN_PEPPER_ROOT;11441;6;11439;21;;;11447;5;11449;17;;;11444.0;0.0
yf_ZW=F_d12;56400;ASH_COATED_OSMIUM;9914;21;9911;15;;;9920;21;9923;24;;;9917.0;0.0
yf_ZW=F_d12;56400;INTARIAN_PEPPER_ROOT;11433;18;11431;13;;;11450;13;11454;16;;;11441.5;0.0
yf_ZW=F_d12;56500;ASH_COATED_OSMIUM;9914;14;9911;21;;;9920;20;9923;12;;;9917.0;0.0
yf_ZW=F_d12;56500;INTARIAN_PEPPER_ROOT;11431;16;11429;14;;;11448;5;11452;26;;;11439.5;0.0
yf_ZW=F_d12;56600;ASH_COATED_OSMIUM;9914;11;9910;21;;;9920;10;9922;11;;;9917.0;0.0
yf_ZW=F_d12;56600;INTARIAN_PEPPER_ROOT;11434;15;11430;17;;;11440;16;11442;14;;;11437.0;0.0
yf_ZW=F_d12;56700;ASH_COATED_OSMIUM;9914;18;9912;26;;;9920;15;9922;18;;;9917.0;0.0
yf_ZW=F_d12;56700;INTARIAN_PEPPER_ROOT;11430;14;11426;20;;;11440;19;11443;18;;;11435.0;0.0
yf_ZW=F_d12;56800;ASH_COATED_OSMIUM;9915;14;9911;23;;;9921;11;9925;19;;;9918.0;0.0
yf_ZW=F_d12;56800;INTARIAN_PEPPER_ROOT;11429;17;11425;17;;;11435;19;11437;18;;;11432.0;0.0
yf_ZW=F_d12;56900;ASH_COATED_OSMIUM;9915;8;9912;26;;;9921;11;9923;20;;;9918.0;0.0
yf_ZW=F_d12;56900;INTARIAN_PEPPER_ROOT;11427;18;11423;22;;;11433;16;11435;24;;;11430.0;0.0
yf_ZW=F_d12;57000;ASH_COATED_OSMIUM;9914;15;9910;14;;;9923;14;9926;15;;;9918.5;0.0
yf_ZW=F_d12;57000;INTARIAN_PEPPER_ROOT;11425;17;11422;20;;;11431;15;11433;8;;;11428.0;0.0
yf_ZW=F_d12;57100;ASH_COATED_OSMIUM;9915;16;9911;23;;;9921;5;9925;23;;;9918.0;0.0
yf_ZW=F_d12;57100;INTARIAN_PEPPER_ROOT;11421;20;11419;28;;;11432;10;11436;17;;;11426.5;0.0
yf_ZW=F_d12;57200;ASH_COATED_OSMIUM;9915;18;9911;24;;;9921;13;9923;31;;;9918.0;0.0
yf_ZW=F_d12;57200;INTARIAN_PEPPER_ROOT;11419;16;11415;18;;;11428;24;11431;26;;;11423.5;0.0
yf_ZW=F_d12;57300;ASH_COATED_OSMIUM;9909;11;9907;15;;;9928;20;9931;17;;;9918.5;0.0
yf_ZW=F_d12;57300;INTARIAN_PEPPER_ROOT;11415;5;11411;24;;;11427;15;11431;18;;;11421.0;0.0
yf_ZW=F_d12;57400;ASH_COATED_OSMIUM;9915;25;9913;19;;;9921;10;9924;24;;;9918.0;0.0
yf_ZW=F_d12;57400;INTARIAN_PEPPER_ROOT;11416;21;11414;27;;;11422;14;11426;14;;;11419.0;0.0
yf_ZW=F_d12;57500;ASH_COATED_OSMIUM;9915;21;9911;20;;;9921;19;9923;24;;;9918.0;0.0
yf_ZW=F_d12;57500;INTARIAN_PEPPER_ROOT;11408;6;11405;22;;;11426;8;11430;22;;;11417.0;0.0
yf_ZW=F_d12;57600;ASH_COATED_OSMIUM;9916;20;9912;30;;;9922;23;9925;16;;;9919.0;0.0
yf_ZW=F_d12;57600;INTARIAN_PEPPER_ROOT;11412;12;11410;16;;;11418;15;11420;13;;;11415.0;0.0
