day;timestamp;product;bid_price_1;bid_volume_1;bid_price_2;bid_volume_2;bid_price_3;bid_volume_3;ask_price_1;ask_volume_1;ask_price_2;ask_volume_2;ask_price_3;ask_volume_3;mid_price;profit_and_loss
av_CORN_d8;0;ASH_COATED_OSMIUM;10046;14;10042;10;;;10052;15;10056;20;;;10049.0;0.0
av_CORN_d8;0;INTARIAN_PEPPER_ROOT;12019;11;12015;24;;;12025;13;12028;9;;;12022.0;0.0
av_CORN_d8;100;ASH_COATED_OSMIUM;10045;17;10041;27;;;10053;19;10056;9;;;10049.0;0.0
av_CORN_d8;100;INTARIAN_PEPPER_ROOT;12007;13;12005;13;;;12038;16;12042;26;;;12022.5;0.0
av_CORN_d8;200;ASH_COATED_OSMIUM;10045;21;10043;15;;;10051;15;10053;14;;;10048.0;0.0
av_CORN_d8;200;INTARIAN_PEPPER_ROOT;12020;22;12017;29;;;12028;6;12032;17;;;12024.0;0.0
av_CORN_d8;300;ASH_COATED_OSMIUM;10045;8;10043;25;;;10051;17;10054;23;;;10048.0;0.0
av_CORN_d8;300;INTARIAN_PEPPER_ROOT;12016;11;12013;17;;;12033;11;12035;22;;;12024.5;0.0
av_CORN_d8;400;ASH_COATED_OSMIUM;10039;16;10035;19;;;10059;24;10062;20;;;10049.0;0.0
av_CORN_d8;400;INTARIAN_PEPPER_ROOT;12022;13;12020;13;;;12028;21;12031;16;;;12025.0;0.0
av_CORN_d8;500;ASH_COATED_OSMIUM;10045;16;10042;19;;;10052;8;10054;19;;;10048.5;0.0
av_CORN_d8;500;INTARIAN_PEPPER_ROOT;12022;20;12018;20;;;12029;21;12033;12;;;12025.5;0.0
av_CORN_d8;600;ASH_COATED_OSMIUM;10046;12;10043;19;;;10052;8;10056;24;;;10049.0;0.0
av_CORN_d8;600;INTARIAN_PEPPER_ROOT;12017;18;12014;11;;;12035;16;12038;16;;;12026.0;0.0
av_CORN_d8;700;ASH_COATED_OSMIUM;10042;18;10040;19;;;10055;5;10057;22;;;10048.5;0.0
av_CORN_d8;700;INTARIAN_PEPPER_ROOT;12023;16;12020;14;;;12029;19;12033;19;;;12026.0;0.0
av_CORN_d8;800;ASH_COATED_OSMIUM;10044;11;10042;18;;;10052;17;10055;12;;;10048.0;0.0
av_CORN_d8;800;INTARIAN_PEPPER_ROOT;12024;12;12020;16;;;12030;12;12034;19;;;12027.0;0.0
av_CORN_d8;900;ASH_COATED_OSMIUM;10043;20;10041;24;;;10053;20;10056;14;;;10048.0;0.0
av_CORN_d8;900;INTARIAN_PEPPER_ROOT;12025;15;12022;21;;;12032;15;12034;14;;;12028.5;0.0
av_CORN_d8;1000;ASH_COATED_OSMIUM;10043;23;10040;17;;;10055;15;10058;25;;;10049.0;0.0
av_CORN_d8;1000;INTARIAN_PEPPER_ROOT;12026;10;12023;19;;;12032;17;12034;21;;;12029.0;0.0
av_CORN_d8;1100;ASH_COATED_OSMIUM;10046;14;10042;25;;;10052;16;10054;13;;;10049.0;0.0
av_CORN_d8;1100;INTARIAN_PEPPER_ROOT;12026;11;12022;26;;;12032;14;12036;21;;;12029.0;0.0
av_CORN_d8;1200;ASH_COATED_OSMIUM;10043;15;10039;20;;;10054;14;10056;17;;;10048.5;0.0
av_CORN_d8;1200;INTARIAN_PEPPER_ROOT;12028;15;12026;10;;;12034;6;12036;20;;;12031.0;0.0
av_CORN_d8;1300;ASH_COATED_OSMIUM;10046;15;10043;22;;;10052;19;10055;23;;;10049.0;0.0
av_CORN_d8;1300;INTARIAN_PEPPER_ROOT;12028;11;12025;21;;;12034;18;12037;21;;;12031.0;0.0
av_CORN_d8;1400;ASH_COATED_OSMIUM;10043;16;10040;25;;;10055;21;10059;22;;;10049.0;0.0
av_CORN_d8;1400;INTARIAN_PEPPER_ROOT;12028;19;12025;15;;;12034;17;12037;31;;;12031.0;0.0
av_CORN_d8;1500;ASH_COATED_OSMIUM;10046;16;10044;16;;;10052;8;10055;23;;;10049.0;0.0
av_CORN_d8;1500;INTARIAN_PEPPER_ROOT;12029;9;12027;23;;;12036;17;12039;26;;;12032.5;0.0
av_CORN_d8;1600;ASH_COATED_OSMIUM;10041;12;10037;32;;;10057;11;10060;27;;;10049.0;0.0
av_CORN_d8;1600;INTARIAN_PEPPER_ROOT;12030;5;12027;21;;;12036;8;12038;16;;;12033.0;0.0
av_CORN_d8;1700;ASH_COATED_OSMIUM;10042;22;10039;12;;;10055;7;10058;21;;;10048.5;0.0
av_CORN_d8;1700;INTARIAN_PEPPER_ROOT;12030;15;12028;21;;;12036;11;12038;14;;;12033.0;0.0
av_CORN_d8;1800;ASH_COATED_OSMIUM;10045;13;10041;26;;;10052;13;10056;17;;;10048.5;0.0
av_CORN_d8;1800;INTARIAN_PEPPER_ROOT;12029;21;12027;11;;;12038;20;12040;25;;;12033.5;0.0
av_CORN_d8;1900;ASH_COATED_OSMIUM;10045;8;10041;16;;;10053;23;10057;23;;;10049.0;0.0
av_CORN_d8;1900;INTARIAN_PEPPER_ROOT;12023;5;12021;26;;;12046;10;12048;28;;;12034.5;0.0
av_CORN_d8;2000;ASH_COATED_OSMIUM;10046;22;10042;21;;;10052;9;10054;25;;;10049.0;0.0
av_CORN_d8;2000;INTARIAN_PEPPER_ROOT;12033;11;12031;20;;;12039;20;12041;19;;;12036.0;0.0
av_CORN_d8;2100;ASH_COATED_OSMIUM;10046;13;10042;17;;;10052;16;10054;21;;;10049.0;0.0
av_CORN_d8;2100;INTARIAN_PEPPER_ROOT;12033;15;12030;17;;;12039;15;12042;21;;;12036.0;0.0
av_CORN_d8;2200;ASH_COATED_OSMIUM;10046;9;10042;22;;;10052;19;10054;24;;;10049.0;0.0
av_CORN_d8;2200;INTARIAN_PEPPER_ROOT;12033;24;12029;19;;;12039;16;12043;13;;;12036.0;0.0
av_CORN_d8;2300;ASH_COATED_OSMIUM;10047;16;10043;23;;;10053;16;10057;10;;;10050.0;0.0
av_CORN_d8;2300;INTARIAN_PEPPER_ROOT;12034;7;12032;11;;;12040;14;12043;18;;;12037.0;0.0
av_CORN_d8;2400;ASH_COATED_OSMIUM;10043;14;10039;15;;;10054;23;10058;21;;;10048.5;0.0
av_CORN_d8;2400;INTARIAN_PEPPER_ROOT;12025;5;12021;21;;;12051;9;12053;11;;;12038.0;0.0
av_CORN_d8;2500;ASH_COATED_OSMIUM;10046;13;10043;18;;;10052;16;10055;21;;;10049.0;0.0
av_CORN_d8;2500;INTARIAN_PEPPER_ROOT;12036;14;12033;19;;;12042;18;12045;18;;;12039.0;0.0
av_CORN_d8;2600;ASH_COATED_OSMIUM;10046;15;10044;22;;;10052;10;10054;22;;;10049.0;0.0
av_CORN_d8;2600;INTARIAN_PEPPER_ROOT;12036;19;12032;22;;;12042;15;12044;19;;;12039.0;0.0
av_CORN_d8;2700;ASH_COATED_OSMIUM;10045;6;10043;25;;;10054;6;10057;21;;;10049.5;0.0
av_CORN_d8;2700;INTARIAN_PEPPER_ROOT;12037;9;12035;19;;;12043;5;12047;16;;;12040.0;0.0
av_CORN_d8;2800;ASH_COATED_OSMIUM;10046;11;10043;22;;;10052;18;10056;28;;;10049.0;0.0
av_CORN_d8;2800;INTARIAN_PEPPER_ROOT;12036;17;12033;21;;;12044;6;12048;17;;;12040.0;0.0
av_CORN_d8;2900;ASH_COATED_OSMIUM;10046;8;10044;14;;;10052;23;10056;21;;;10049.0;0.0
av_CORN_d8;2900;INTARIAN_PEPPER_ROOT;12038;21;12034;19;;;12044;14;12047;27;;;12041.0;0.0
av_CORN_d8;3000;ASH_COATED_OSMIUM;10046;5;10043;31;;;10052;14;10056;22;;;10049.0;0.0
av_CORN_d8;3000;INTARIAN_PEPPER_ROOT;12038;15;12035;18;;;12046;9;12048;11;;;12042.0;0.0
av_CORN_d8;3100;ASH_COATED_OSMIUM;10046;20;10043;17;;;10052;15;10054;22;;;10049.0;0.0
av_CORN_d8;3100;INTARIAN_PEPPER_ROOT;12039;12;12037;17;;;12045;20;12049;13;;;12042.0;0.0
av_CORN_d8;3200;ASH_COATED_OSMIUM;10043;17;10041;16;;;10055;18;10058;21;;;10049.0;0.0
av_CORN_d8;3200;INTARIAN_PEPPER_ROOT;12040;16;12037;19;;;12046;16;12050;20;;;12043.0;0.0
av_CORN_d8;3300;ASH_COATED_OSMIUM;10046;20;10042;27;;;10052;10;10054;18;;;10049.0;0.0
av_CORN_d8;3300;INTARIAN_PEPPER_ROOT;12034;15;12031;11;;;12053;21;12057;23;;;12043.5;0.0
av_CORN_d8;3400;ASH_COATED_OSMIUM;10037;16;10033;16;;;10062;16;10064;19;;;10049.5;0.0
av_CORN_d8;3400;INTARIAN_PEPPER_ROOT;12041;14;12037;20;;;12047;17;12050;12;;;12044.0;0.0
av_CORN_d8;3500;ASH_COATED_OSMIUM;10046;13;10044;29;;;10052;14;10054;24;;;10049.0;0.0
av_CORN_d8;3500;INTARIAN_PEPPER_ROOT;12042;5;12039;18;;;12048;16;12052;19;;;12045.0;0.0
av_CORN_d8;3600;ASH_COATED_OSMIUM;10040;14;10037;20;;;10059;15;10061;19;;;10049.5;0.0
av_CORN_d8;3600;INTARIAN_PEPPER_ROOT;12043;17;12040;10;;;12049;18;12052;21;;;12046.0;0.0
av_CORN_d8;3700;ASH_COATED_OSMIUM;10045;16;10042;16;;;10053;12;10056;24;;;10049.0;0.0
av_CORN_d8;3700;INTARIAN_PEPPER_ROOT;12043;22;12040;16;;;12049;18;12052;21;;;12046.0;0.0
av_CORN_d8;3800;ASH_COATED_OSMIUM;10043;12;10039;27;;;10055;5;10057;14;;;10049.0;0.0
av_CORN_d8;3800;INTARIAN_PEPPER_ROOT;12040;20;12037;18;;;12053;19;12056;21;;;12046.5;0.0
av_CORN_d8;3900;ASH_COATED_OSMIUM;10047;8;10045;21;;;10053;9;10057;8;;;10050.0;0.0
av_CORN_d8;3900;INTARIAN_PEPPER_ROOT;12044;21;12041;11;;;12050;9;12053;14;;;12047.0;0.0
av_CORN_d8;4000;ASH_COATED_OSMIUM;10046;17;10043;20;;;10054;16;10058;20;;;10050.0;0.0
av_CORN_d8;4000;INTARIAN_PEPPER_ROOT;12045;15;12042;28;;;12051;13;12054;11;;;12048.0;0.0
av_CORN_d8;4100;ASH_COATED_OSMIUM;10046;10;10042;16;;;10052;6;10054;19;;;10049.0;0.0
av_CORN_d8;4100;INTARIAN_PEPPER_ROOT;12042;22;12039;22;;;12054;19;12058;24;;;12048.0;0.0
av_CORN_d8;4200;ASH_COATED_OSMIUM;10047;10;10043;22;;;10053;18;10055;25;;;10050.0;0.0
av_CORN_d8;4200;INTARIAN_PEPPER_ROOT;12032;8;12029;24;;;12066;6;12070;14;;;12049.0;0.0
av_CORN_d8;4300;ASH_COATED_OSMIUM;10047;14;10043;20;;;10053;18;10055;15;;;10050.0;0.0
av_CORN_d8;4300;INTARIAN_PEPPER_ROOT;12047;18;12045;24;;;12053;5;12057;17;;;12050.0;0.0
av_CORN_d8;4400;ASH_COATED_OSMIUM;10046;7;10043;18;;;10052;13;10055;25;;;10049.0;0.0
av_CORN_d8;4400;INTARIAN_PEPPER_ROOT;12048;14;12046;10;;;12054;22;12058;18;;;12051.0;0.0
av_CORN_d8;4500;ASH_COATED_OSMIUM;10045;16;10041;16;;;10053;6;10056;21;;;10049.0;0.0
av_CORN_d8;4500;INTARIAN_PEPPER_ROOT;12045;18;12041;8;;;12057;12;12060;26;;;12051.0;0.0
av_CORN_d8;4600;ASH_COATED_OSMIUM;10047;17;10044;10;;;10053;13;10056;28;;;10050.0;0.0
av_CORN_d8;4600;INTARIAN_PEPPER_ROOT;12045;15;12041;27;;;12057;10;12059;20;;;12051.0;0.0
av_CORN_d8;4700;ASH_COATED_OSMIUM;10046;20;10043;16;;;10052;24;10055;19;;;10049.0;0.0
av_CORN_d8;4700;INTARIAN_PEPPER_ROOT;12048;21;12046;12;;;12056;16;12060;22;;;12052.0;0.0
av_CORN_d8;4800;ASH_COATED_OSMIUM;10047;12;10043;27;;;10053;9;10056;17;;;10050.0;0.0
av_CORN_d8;4800;INTARIAN_PEPPER_ROOT;12048;17;12044;12;;;12058;16;12061;19;;;12053.0;0.0
av_CORN_d8;4900;ASH_COATED_OSMIUM;10046;14;10044;17;;;10052;15;10054;15;;;10049.0;0.0
av_CORN_d8;4900;INTARIAN_PEPPER_ROOT;12051;10;12047;22;;;12057;13;12060;23;;;12054.0;0.0
av_CORN_d8;5000;ASH_COATED_OSMIUM;10045;10;10042;14;;;10054;11;10056;24;;;10049.5;0.0
av_CORN_d8;5000;INTARIAN_PEPPER_ROOT;12049;16;12047;18;;;12061;14;12063;12;;;12055.0;0.0
av_CORN_d8;5100;ASH_COATED_OSMIUM;10047;6;10045;24;;;10053;12;10056;34;;;10050.0;0.0
av_CORN_d8;5100;INTARIAN_PEPPER_ROOT;12050;15;12047;20;;;12060;13;12062;16;;;12055.0;0.0
av_CORN_d8;5200;ASH_COATED_OSMIUM;10045;5;10042;33;;;10053;5;10055;13;;;10049.0;0.0
av_CORN_d8;5200;INTARIAN_PEPPER_ROOT;12053;5;12050;24;;;12059;10;12061;23;;;12056.0;0.0
av_CORN_d8;5300;ASH_COATED_OSMIUM;10046;15;10043;25;;;10052;22;10056;22;;;10049.0;0.0
av_CORN_d8;5300;INTARIAN_PEPPER_ROOT;12053;14;12051;23;;;12059;13;12062;15;;;12056.0;0.0
av_CORN_d8;5400;ASH_COATED_OSMIUM;10046;17;10043;28;;;10053;18;10055;11;;;10049.5;0.0
av_CORN_d8;5400;INTARIAN_PEPPER_ROOT;12049;20;12045;15;;;12062;19;12066;24;;;12055.5;0.0
av_CORN_d8;5500;ASH_COATED_OSMIUM;10047;11;10045;27;;;10053;15;10057;23;;;10050.0;0.0
av_CORN_d8;5500;INTARIAN_PEPPER_ROOT;12054;15;12051;19;;;12060;10;12063;18;;;12057.0;0.0
av_CORN_d8;5600;ASH_COATED_OSMIUM;10045;22;10043;15;;;10055;19;10059;19;;;10050.0;0.0
av_CORN_d8;5600;INTARIAN_PEPPER_ROOT;12051;18;12047;21;;;12066;24;12068;22;;;12058.5;0.0
av_CORN_d8;5700;ASH_COATED_OSMIUM;10047;18;10044;14;;;10053;16;10056;17;;;10050.0;0.0
av_CORN_d8;5700;INTARIAN_PEPPER_ROOT;12050;14;12047;30;;;12067;10;12069;24;;;12058.5;0.0
av_CORN_d8;5800;ASH_COATED_OSMIUM;10042;19;10039;21;;;10056;12;10060;17;;;10049.0;0.0
av_CORN_d8;5800;INTARIAN_PEPPER_ROOT;12057;16;12053;18;;;12063;17;12066;27;;;12060.0;0.0
av_CORN_d8;5900;ASH_COATED_OSMIUM;10046;6;10044;25;;;10052;14;10056;24;;;10049.0;0.0
av_CORN_d8;5900;INTARIAN_PEPPER_ROOT;12056;5;12054;12;;;12062;11;12066;20;;;12059.0;0.0
av_CORN_d8;6000;ASH_COATED_OSMIUM;10046;14;10042;17;;;10052;17;10056;23;;;10049.0;0.0
av_CORN_d8;6000;INTARIAN_PEPPER_ROOT;12058;9;12054;8;;;12064;18;12066;25;;;12061.0;0.0
av_CORN_d8;6100;ASH_COATED_OSMIUM;10044;15;10042;23;;;10054;14;10058;14;;;10049.0;0.0
av_CORN_d8;6100;INTARIAN_PEPPER_ROOT;12056;16;12054;14;;;12067;17;12069;27;;;12061.5;0.0
av_CORN_d8;6200;ASH_COATED_OSMIUM;10046;13;10042;11;;;10052;20;10055;29;;;10049.0;0.0
av_CORN_d8;6200;INTARIAN_PEPPER_ROOT;12058;10;12055;25;;;12064;17;12066;24;;;12061.0;0.0
av_CORN_d8;6300;ASH_COATED_OSMIUM;10046;19;10043;21;;;10052;9;10056;12;;;10049.0;0.0
av_CORN_d8;6300;INTARIAN_PEPPER_ROOT;12060;16;12056;25;;;12066;18;12070;12;;;12063.0;0.0
av_CORN_d8;6400;ASH_COATED_OSMIUM;10047;15;10045;15;;;10053;14;10057;17;;;10050.0;0.0
av_CORN_d8;6400;INTARIAN_PEPPER_ROOT;12060;24;12056;18;;;12066;11;12069;17;;;12063.0;0.0
av_CORN_d8;6500;ASH_COATED_OSMIUM;10047;8;10043;23;;;10053;9;10055;19;;;10050.0;0.0
av_CORN_d8;6500;INTARIAN_PEPPER_ROOT;12060;12;12056;21;;;12066;12;12070;20;;;12063.0;0.0
av_CORN_d8;6600;ASH_COATED_OSMIUM;10046;25;10044;19;;;10052;16;10055;14;;;10049.0;0.0
av_CORN_d8;6600;INTARIAN_PEPPER_ROOT;12061;23;12058;28;;;12067;18;12071;11;;;12064.0;0.0
av_CORN_d8;6700;ASH_COATED_OSMIUM;10047;18;10045;16;;;10053;19;10056;10;;;10050.0;0.0
av_CORN_d8;6700;INTARIAN_PEPPER_ROOT;12054;23;12052;15;;;12075;18;12079;24;;;12064.5;0.0
av_CORN_d8;6800;ASH_COATED_OSMIUM;10041;18;10038;20;;;10058;15;10060;20;;;10049.5;0.0
av_CORN_d8;6800;INTARIAN_PEPPER_ROOT;12061;13;12057;23;;;12070;15;12074;27;;;12065.5;0.0
av_CORN_d8;6900;ASH_COATED_OSMIUM;10046;13;10042;14;;;10052;15;10056;26;;;10049.0;0.0
av_CORN_d8;6900;INTARIAN_PEPPER_ROOT;12058;16;12054;24;;;12073;14;12077;24;;;12065.5;0.0
av_CORN_d8;7000;ASH_COATED_OSMIUM;10047;11;10043;15;;;10053;13;10055;27;;;10050.0;0.0
av_CORN_d8;7000;INTARIAN_PEPPER_ROOT;12064;20;12062;24;;;12070;7;12073;12;;;12067.0;0.0
av_CORN_d8;7100;ASH_COATED_OSMIUM;10047;12;10043;22;;;10053;24;10056;18;;;10050.0;0.0
av_CORN_d8;7100;INTARIAN_PEPPER_ROOT;12062;16;12059;15;;;12073;7;12077;22;;;12067.5;0.0
av_CORN_d8;7200;ASH_COATED_OSMIUM;10035;11;10031;16;;;10063;21;10067;24;;;10049.0;0.0
av_CORN_d8;7200;INTARIAN_PEPPER_ROOT;12056;19;12052;23;;;12081;15;12084;18;;;12068.5;0.0
av_CORN_d8;7300;ASH_COATED_OSMIUM;10045;17;10042;16;;;10054;11;10056;28;;;10049.5;0.0
av_CORN_d8;7300;INTARIAN_PEPPER_ROOT;12059;15;12057;12;;;12078;10;12082;27;;;12068.5;0.0
av_CORN_d8;7400;ASH_COATED_OSMIUM;10046;15;10044;13;;;10052;15;10056;14;;;10049.0;0.0
av_CORN_d8;7400;INTARIAN_PEPPER_ROOT;12066;11;12063;19;;;12072;5;12076;26;;;12069.0;0.0
av_CORN_d8;7500;ASH_COATED_OSMIUM;10047;26;10043;11;;;10053;17;10057;22;;;10050.0;0.0
av_CORN_d8;7500;INTARIAN_PEPPER_ROOT;12058;14;12056;30;;;12081;17;12084;23;;;12069.5;0.0
av_CORN_d8;7600;ASH_COATED_OSMIUM;10047;9;10043;20;;;10053;21;10055;22;;;10050.0;0.0
av_CORN_d8;7600;INTARIAN_PEPPER_ROOT;12068;16;12065;15;;;12074;15;12076;23;;;12071.0;0.0
av_CORN_d8;7700;ASH_COATED_OSMIUM;10046;9;10043;21;;;10052;17;10054;14;;;10049.0;0.0
av_CORN_d8;7700;INTARIAN_PEPPER_ROOT;12068;14;12066;23;;;12074;15;12077;19;;;12071.0;0.0
av_CORN_d8;7800;ASH_COATED_OSMIUM;10042;26;10040;11;;;10058;13;10060;25;;;10050.0;0.0
av_CORN_d8;7800;INTARIAN_PEPPER_ROOT;12066;10;12062;20;;;12076;12;12079;15;;;12071.0;0.0
av_CORN_d8;7900;ASH_COATED_OSMIUM;10047;15;10043;17;;;10053;18;10055;27;;;10050.0;0.0
av_CORN_d8;7900;INTARIAN_PEPPER_ROOT;12064;13;12061;20;;;12080;13;12084;14;;;12072.0;0.0
av_CORN_d8;8000;ASH_COATED_OSMIUM;10044;24;10041;20;;;10056;19;10058;21;;;10050.0;0.0
av_CORN_d8;8000;INTARIAN_PEPPER_ROOT;12061;5;12059;12;;;12085;16;12088;19;;;12073.0;0.0
av_CORN_d8;8100;ASH_COATED_OSMIUM;10032;19;10029;24;;;10067;16;10070;27;;;10049.5;0.0
av_CORN_d8;8100;INTARIAN_PEPPER_ROOT;12071;12;12067;26;;;12077;11;12079;17;;;12074.0;0.0
av_CORN_d8;8200;ASH_COATED_OSMIUM;10047;23;10044;17;;;10053;13;10056;14;;;10050.0;0.0
av_CORN_d8;8200;INTARIAN_PEPPER_ROOT;12071;14;12069;20;;;12078;18;12080;17;;;12074.5;0.0
av_CORN_d8;8300;ASH_COATED_OSMIUM;10046;16;10043;14;;;10053;16;10056;25;;;10049.5;0.0
av_CORN_d8;8300;INTARIAN_PEPPER_ROOT;12072;12;12068;20;;;12078;7;12081;21;;;12075.0;0.0
av_CORN_d8;8400;ASH_COATED_OSMIUM;10047;15;10044;24;;;10053;25;10057;15;;;10050.0;0.0
av_CORN_d8;8400;INTARIAN_PEPPER_ROOT;12073;14;12071;15;;;12079;14;12081;20;;;12076.0;0.0
av_CORN_d8;8500;ASH_COATED_OSMIUM;10040;16;10038;21;;;10060;9;10064;21;;;10050.0;0.0
av_CORN_d8;8500;INTARIAN_PEPPER_ROOT;12073;13;12070;8;;;12079;18;12082;23;;;12076.0;0.0
av_CORN_d8;8600;ASH_COATED_OSMIUM;10045;10;10042;20;;;10055;11;10059;22;;;10050.0;0.0
av_CORN_d8;8600;INTARIAN_PEPPER_ROOT;12074;11;12072;20;;;12080;18;12084;13;;;12077.0;0.0
av_CORN_d8;8700;ASH_COATED_OSMIUM;10046;17;10044;31;;;10054;19;10058;22;;;10050.0;0.0
av_CORN_d8;8700;INTARIAN_PEPPER_ROOT;12071;10;12067;17;;;12083;9;12086;27;;;12077.0;0.0
av_CORN_d8;8800;ASH_COATED_OSMIUM;10047;8;10044;15;;;10053;12;10055;17;;;10050.0;0.0
av_CORN_d8;8800;INTARIAN_PEPPER_ROOT;12069;11;12066;22;;;12087;14;12091;33;;;12078.0;0.0
av_CORN_d8;8900;ASH_COATED_OSMIUM;10042;20;10040;31;;;10058;12;10061;20;;;10050.0;0.0
av_CORN_d8;8900;INTARIAN_PEPPER_ROOT;12076;17;12074;14;;;12082;23;12085;18;;;12079.0;0.0
av_CORN_d8;9000;ASH_COATED_OSMIUM;10045;15;10043;24;;;10056;20;10059;16;;;10050.5;0.0
av_CORN_d8;9000;INTARIAN_PEPPER_ROOT;12077;15;12073;18;;;12083;5;12086;22;;;12080.0;0.0
av_CORN_d8;9100;ASH_COATED_OSMIUM;10044;16;10042;16;;;10057;15;10059;20;;;10050.5;0.0
av_CORN_d8;9100;INTARIAN_PEPPER_ROOT;12077;18;12073;18;;;12083;18;12085;17;;;12080.0;0.0
av_CORN_d8;9200;ASH_COATED_OSMIUM;10042;11;10038;16;;;10058;14;10060;19;;;10050.0;0.0
av_CORN_d8;9200;INTARIAN_PEPPER_ROOT;12078;15;12076;19;;;12084;21;12086;18;;;12081.0;0.0
av_CORN_d8;9300;ASH_COATED_OSMIUM;10047;12;10044;17;;;10053;20;10056;22;;;10050.0;0.0
av_CORN_d8;9300;INTARIAN_PEPPER_ROOT;12073;23;12070;18;;;12089;19;12092;22;;;12081.0;0.0
av_CORN_d8;9400;ASH_COATED_OSMIUM;10047;11;10044;29;;;10053;16;10056;18;;;10050.0;0.0
av_CORN_d8;9400;INTARIAN_PEPPER_ROOT;12079;14;12076;20;;;12085;18;12087;22;;;12082.0;0.0
av_CORN_d8;9500;ASH_COATED_OSMIUM;10045;13;10043;23;;;10055;29;10058;21;;;10050.0;0.0
av_CORN_d8;9500;INTARIAN_PEPPER_ROOT;12079;18;12076;20;;;12085;14;12089;20;;;12082.0;0.0
av_CORN_d8;9600;ASH_COATED_OSMIUM;10047;16;10045;17;;;10054;15;10057;23;;;10050.5;0.0
av_CORN_d8;9600;INTARIAN_PEPPER_ROOT;12080;18;12078;13;;;12086;20;12090;20;;;12083.0;0.0
av_CORN_d8;9700;ASH_COATED_OSMIUM;10046;18;10044;23;;;10055;15;10059;24;;;10050.5;0.0
av_CORN_d8;9700;INTARIAN_PEPPER_ROOT;12077;12;12073;24;;;12090;8;12092;12;;;12083.5;0.0
av_CORN_d8;9800;ASH_COATED_OSMIUM;10047;7;10043;9;;;10053;13;10056;27;;;10050.0;0.0
av_CORN_d8;9800;INTARIAN_PEPPER_ROOT;12079;16;12076;23;;;12089;18;12093;19;;;12084.0;0.0
av_CORN_d8;9900;ASH_COATED_OSMIUM;10047;20;10044;30;;;10053;12;10055;14;;;10050.0;0.0
av_CORN_d8;9900;INTARIAN_PEPPER_ROOT;12073;26;12071;24;;;12096;16;12100;17;;;12084.5;0.0
av_CORN_d8;10000;ASH_COATED_OSMIUM;10047;22;10043;29;;;10053;15;10056;22;;;10050.0;0.0
av_CORN_d8;10000;INTARIAN_PEPPER_ROOT;12082;24;12078;17;;;12088;14;12092;21;;;12085.0;0.0
av_CORN_d8;10100;ASH_COATED_OSMIUM;10047;16;10045;24;;;10055;27;10058;20;;;10051.0;0.0
av_CORN_d8;10100;INTARIAN_PEPPER_ROOT;12083;14;12081;23;;;12089;7;12092;17;;;12086.0;0.0
av_CORN_d8;10200;ASH_COATED_OSMIUM;10044;15;10042;20;;;10058;14;10062;15;;;10051.0;0.0
av_CORN_d8;10200;INTARIAN_PEPPER_ROOT;12084;17;12080;22;;;12090;11;12092;21;;;12087.0;0.0
av_CORN_d8;10300;ASH_COATED_OSMIUM;10044;12;10042;10;;;10056;12;10060;18;;;10050.0;0.0
av_CORN_d8;10300;INTARIAN_PEPPER_ROOT;12085;9;12081;28;;;12091;15;12095;18;;;12088.0;0.0
av_CORN_d8;10400;ASH_COATED_OSMIUM;10046;11;10042;17;;;10053;13;10055;20;;;10049.5;0.0
av_CORN_d8;10400;INTARIAN_PEPPER_ROOT;12074;14;12071;15;;;12103;5;12106;14;;;12088.5;0.0
av_CORN_d8;10500;ASH_COATED_OSMIUM;10046;15;10043;17;;;10054;16;10056;21;;;10050.0;0.0
av_CORN_d8;10500;INTARIAN_PEPPER_ROOT;12085;11;12083;21;;;12091;19;12093;29;;;12088.0;0.0
av_CORN_d8;10600;ASH_COATED_OSMIUM;10048;16;10046;25;;;10054;15;10056;31;;;10051.0;0.0
av_CORN_d8;10600;INTARIAN_PEPPER_ROOT;12081;19;12078;17;;;12098;13;12100;16;;;12089.5;0.0
av_CORN_d8;10700;ASH_COATED_OSMIUM;10046;11;10043;35;;;10052;14;10056;22;;;10049.0;0.0
av_CORN_d8;10700;INTARIAN_PEPPER_ROOT;12087;9;12084;27;;;12094;12;12098;17;;;12090.5;0.0
av_CORN_d8;10800;ASH_COATED_OSMIUM;10045;9;10041;26;;;10056;12;10059;18;;;10050.5;0.0
av_CORN_d8;10800;INTARIAN_PEPPER_ROOT;12086;9;12083;12;;;12096;7;12098;13;;;12091.0;0.0
av_CORN_d8;10900;ASH_COATED_OSMIUM;10048;13;10045;31;;;10054;10;10058;18;;;10051.0;0.0
av_CORN_d8;10900;INTARIAN_PEPPER_ROOT;12088;14;12085;25;;;12094;20;12096;23;;;12091.0;0.0
av_CORN_d8;11000;ASH_COATED_OSMIUM;10039;8;10036;19;;;10062;11;10065;14;;;10050.5;0.0
av_CORN_d8;11000;INTARIAN_PEPPER_ROOT;12088;14;12085;17;;;12097;15;12100;22;;;12092.5;0.0
av_CORN_d8;11100;ASH_COATED_OSMIUM;10048;15;10045;21;;;10054;15;10057;18;;;10051.0;0.0
av_CORN_d8;11100;INTARIAN_PEPPER_ROOT;12090;7;12088;24;;;12096;13;12099;22;;;12093.0;0.0
av_CORN_d8;11200;ASH_COATED_OSMIUM;10045;14;10041;20;;;10054;12;10056;17;;;10049.5;0.0
av_CORN_d8;11200;INTARIAN_PEPPER_ROOT;12085;8;12081;15;;;12103;20;12107;18;;;12094.0;0.0
av_CORN_d8;11300;ASH_COATED_OSMIUM;10046;21;10042;22;;;10055;12;10058;16;;;10050.5;0.0
av_CORN_d8;11300;INTARIAN_PEPPER_ROOT;12091;16;12087;26;;;12097;21;12100;17;;;12094.0;0.0
av_CORN_d8;11400;ASH_COATED_OSMIUM;10047;8;10044;17;;;10053;16;10056;20;;;10050.0;0.0
av_CORN_d8;11400;INTARIAN_PEPPER_ROOT;12092;15;12089;22;;;12098;7;12102;14;;;12095.0;0.0
av_CORN_d8;11500;ASH_COATED_OSMIUM;10048;18;10044;25;;;10054;8;10058;17;;;10051.0;0.0
av_CORN_d8;11500;INTARIAN_PEPPER_ROOT;12092;16;12089;23;;;12098;7;12102;32;;;12095.0;0.0
av_CORN_d8;11600;ASH_COATED_OSMIUM;10041;21;10039;22;;;10060;10;10063;19;;;10050.5;0.0
av_CORN_d8;11600;INTARIAN_PEPPER_ROOT;12093;26;12089;10;;;12099;10;12101;18;;;12096.0;0.0
av_CORN_d8;11700;ASH_COATED_OSMIUM;10044;13;10041;16;;;10057;10;10061;26;;;10050.5;0.0
av_CORN_d8;11700;INTARIAN_PEPPER_ROOT;12092;13;12090;24;;;12101;15;12103;23;;;12096.5;0.0
av_CORN_d8;11800;ASH_COATED_OSMIUM;10047;20;10044;31;;;10053;14;10055;21;;;10050.0;0.0
av_CORN_d8;11800;INTARIAN_PEPPER_ROOT;12089;13;12085;14;;;12105;7;12109;23;;;12097.0;0.0
av_CORN_d8;11900;ASH_COATED_OSMIUM;10036;18;10034;31;;;10064;11;10067;19;;;10050.0;0.0
av_CORN_d8;11900;INTARIAN_PEPPER_ROOT;12095;22;12091;10;;;12101;19;12105;25;;;12098.0;0.0
av_CORN_d8;12000;ASH_COATED_OSMIUM;10036;17;10032;24;;;10065;10;10068;19;;;10050.5;0.0
av_CORN_d8;12000;INTARIAN_PEPPER_ROOT;12091;30;12088;20;;;12105;13;12108;28;;;12098.0;0.0
av_CORN_d8;12100;ASH_COATED_OSMIUM;10043;11;10041;14;;;10057;13;10060;17;;;10050.0;0.0
av_CORN_d8;12100;INTARIAN_PEPPER_ROOT;12096;15;12092;26;;;12102;18;12106;15;;;12099.0;0.0
av_CORN_d8;12200;ASH_COATED_OSMIUM;10042;7;10040;20;;;10058;18;10061;20;;;10050.0;0.0
av_CORN_d8;12200;INTARIAN_PEPPER_ROOT;12092;26;12090;28;;;12109;16;12111;17;;;12100.5;0.0
av_CORN_d8;12300;ASH_COATED_OSMIUM;10048;13;10045;11;;;10054;15;10056;21;;;10051.0;0.0
av_CORN_d8;12300;INTARIAN_PEPPER_ROOT;12097;22;12093;12;;;12103;19;12106;22;;;12100.0;0.0
av_CORN_d8;12400;ASH_COATED_OSMIUM;10047;8;10043;16;;;10053;11;10057;18;;;10050.0;0.0
av_CORN_d8;12400;INTARIAN_PEPPER_ROOT;12092;21;12088;25;;;12109;13;12111;23;;;12100.5;0.0
av_CORN_d8;12500;ASH_COATED_OSMIUM;10041;20;10039;19;;;10061;24;10064;19;;;10051.0;0.0
av_CORN_d8;12500;INTARIAN_PEPPER_ROOT;12097;14;12095;20;;;12107;14;12110;18;;;12102.0;0.0
av_CORN_d8;12600;ASH_COATED_OSMIUM;10043;17;10039;23;;;10058;12;10061;26;;;10050.5;0.0
av_CORN_d8;12600;INTARIAN_PEPPER_ROOT;12099;5;12097;25;;;12105;10;12109;22;;;12102.0;0.0
av_CORN_d8;12700;ASH_COATED_OSMIUM;10043;27;10040;19;;;10058;22;10060;24;;;10050.5;0.0
av_CORN_d8;12700;INTARIAN_PEPPER_ROOT;12100;10;12096;28;;;12106;15;12109;8;;;12103.0;0.0
av_CORN_d8;12800;ASH_COATED_OSMIUM;10048;5;10044;27;;;10054;15;10056;16;;;10051.0;0.0
av_CORN_d8;12800;INTARIAN_PEPPER_ROOT;12101;20;12097;15;;;12107;12;12110;24;;;12104.0;0.0
av_CORN_d8;12900;ASH_COATED_OSMIUM;10047;18;10044;20;;;10053;16;10055;12;;;10050.0;0.0
av_CORN_d8;12900;INTARIAN_PEPPER_ROOT;12101;13;12098;22;;;12107;10;12111;19;;;12104.0;0.0
av_CORN_d8;13000;ASH_COATED_OSMIUM;10035;12;10033;13;;;10067;19;10071;23;;;10051.0;0.0
av_CORN_d8;13000;INTARIAN_PEPPER_ROOT;12102;23;12099;10;;;12108;24;12111;20;;;12105.0;0.0
av_CORN_d8;13100;ASH_COATED_OSMIUM;10048;24;10045;28;;;10054;17;10056;14;;;10051.0;0.0
av_CORN_d8;13100;INTARIAN_PEPPER_ROOT;12102;17;12100;22;;;12108;18;12110;20;;;12105.0;0.0
av_CORN_d8;13200;ASH_COATED_OSMIUM;10040;24;10037;21;;;10061;19;10063;14;;;10050.5;0.0
av_CORN_d8;13200;INTARIAN_PEPPER_ROOT;12101;15;12097;16;;;12110;12;12114;29;;;12105.5;0.0
av_CORN_d8;13300;ASH_COATED_OSMIUM;10048;10;10045;27;;;10054;11;10058;22;;;10051.0;0.0
av_CORN_d8;13300;INTARIAN_PEPPER_ROOT;12103;15;12100;24;;;12111;20;12113;8;;;12107.0;0.0
av_CORN_d8;13400;ASH_COATED_OSMIUM;10034;13;10032;17;;;10066;13;10070;15;;;10050.0;0.0
av_CORN_d8;13400;INTARIAN_PEPPER_ROOT;12103;16;12099;18;;;12111;21;12114;12;;;12107.0;0.0
av_CORN_d8;13500;ASH_COATED_OSMIUM;10048;16;10045;22;;;10054;16;10057;27;;;10051.0;0.0
av_CORN_d8;13500;INTARIAN_PEPPER_ROOT;12105;9;12101;24;;;12111;19;12115;20;;;12108.0;0.0
av_CORN_d8;13600;ASH_COATED_OSMIUM;10048;10;10046;12;;;10054;25;10056;17;;;10051.0;0.0
av_CORN_d8;13600;INTARIAN_PEPPER_ROOT;12106;12;12102;23;;;12112;13;12114;19;;;12109.0;0.0
av_CORN_d8;13700;ASH_COATED_OSMIUM;10048;14;10045;22;;;10054;15;10057;22;;;10051.0;0.0
av_CORN_d8;13700;INTARIAN_PEPPER_ROOT;12106;5;12103;16;;;12112;16;12115;10;;;12109.0;0.0
av_CORN_d8;13800;ASH_COATED_OSMIUM;10048;18;10045;19;;;10054;6;10057;30;;;10051.0;0.0
av_CORN_d8;13800;INTARIAN_PEPPER_ROOT;12107;16;12104;18;;;12113;14;12117;28;;;12110.0;0.0
av_CORN_d8;13900;ASH_COATED_OSMIUM;10046;13;10042;20;;;10054;12;10058;21;;;10050.0;0.0
av_CORN_d8;13900;INTARIAN_PEPPER_ROOT;12107;20;12105;19;;;12114;14;12117;25;;;12110.5;0.0
av_CORN_d8;14000;ASH_COATED_OSMIUM;10042;14;10040;19;;;10060;6;10063;22;;;10051.0;0.0
av_CORN_d8;14000;INTARIAN_PEPPER_ROOT;12108;15;12105;14;;;12114;17;12116;22;;;12111.0;0.0
av_CORN_d8;14100;ASH_COATED_OSMIUM;10048;9;10044;22;;;10054;16;10056;22;;;10051.0;0.0
av_CORN_d8;14100;INTARIAN_PEPPER_ROOT;12109;17;12107;18;;;12115;17;12117;16;;;12112.0;0.0
av_CORN_d8;14200;ASH_COATED_OSMIUM;10044;13;10041;24;;;10057;23;10060;19;;;10050.5;0.0
av_CORN_d8;14200;INTARIAN_PEPPER_ROOT;12110;10;12108;25;;;12116;16;12119;18;;;12113.0;0.0
av_CORN_d8;14300;ASH_COATED_OSMIUM;10046;18;10044;21;;;10056;15;10060;19;;;10051.0;0.0
av_CORN_d8;14300;INTARIAN_PEPPER_ROOT;12110;25;12108;18;;;12116;21;12120;20;;;12113.0;0.0
av_CORN_d8;14400;ASH_COATED_OSMIUM;10046;8;10044;15;;;10056;16;10059;13;;;10051.0;0.0
av_CORN_d8;14400;INTARIAN_PEPPER_ROOT;12110;20;12106;17;;;12116;17;12118;24;;;12113.0;0.0
av_CORN_d8;14500;ASH_COATED_OSMIUM;10048;7;10044;14;;;10054;13;10058;20;;;10051.0;0.0
av_CORN_d8;14500;INTARIAN_PEPPER_ROOT;12111;18;12107;25;;;12118;15;12121;15;;;12114.5;0.0
av_CORN_d8;14600;ASH_COATED_OSMIUM;10048;10;10046;21;;;10054;21;10057;22;;;10051.0;0.0
av_CORN_d8;14600;INTARIAN_PEPPER_ROOT;12112;15;12110;24;;;12118;16;12121;24;;;12115.0;0.0
av_CORN_d8;14700;ASH_COATED_OSMIUM;10042;23;10039;23;;;10060;5;10063;24;;;10051.0;0.0
av_CORN_d8;14700;INTARIAN_PEPPER_ROOT;12112;19;12108;29;;;12118;11;12121;17;;;12115.0;0.0
av_CORN_d8;14800;ASH_COATED_OSMIUM;10048;15;10045;22;;;10054;22;10056;19;;;10051.0;0.0
av_CORN_d8;14800;INTARIAN_PEPPER_ROOT;12113;14;12110;19;;;12119;5;12123;13;;;12116.0;0.0
av_CORN_d8;14900;ASH_COATED_OSMIUM;10047;15;10044;22;;;10055;23;10059;14;;;10051.0;0.0
av_CORN_d8;14900;INTARIAN_PEPPER_ROOT;12111;18;12109;23;;;12123;18;12125;24;;;12117.0;0.0
av_CORN_d8;15000;ASH_COATED_OSMIUM;10046;15;10042;29;;;10056;19;10058;24;;;10051.0;0.0
av_CORN_d8;15000;INTARIAN_PEPPER_ROOT;12110;14;12106;35;;;12124;14;12127;20;;;12117.0;0.0
av_CORN_d8;15100;ASH_COATED_OSMIUM;10047;14;10044;31;;;10053;11;10057;20;;;10050.0;0.0
av_CORN_d8;15100;INTARIAN_PEPPER_ROOT;12113;16;12111;18;;;12123;13;12125;22;;;12118.0;0.0
av_CORN_d8;15200;ASH_COATED_OSMIUM;10047;21;10045;11;;;10057;13;10061;21;;;10052.0;0.0
av_CORN_d8;15200;INTARIAN_PEPPER_ROOT;12110;11;12107;10;;;12127;6;12129;15;;;12118.5;0.0
av_CORN_d8;15300;ASH_COATED_OSMIUM;10041;16;10037;14;;;10062;20;10064;16;;;10051.5;0.0
av_CORN_d8;15300;INTARIAN_PEPPER_ROOT;12116;14;12112;26;;;12122;13;12126;12;;;12119.0;0.0
av_CORN_d8;15400;ASH_COATED_OSMIUM;10032;21;10028;20;;;10071;16;10073;18;;;10051.5;0.0
av_CORN_d8;15400;INTARIAN_PEPPER_ROOT;12115;13;12111;11;;;12125;12;12129;18;;;12120.0;0.0
av_CORN_d8;15500;ASH_COATED_OSMIUM;10048;16;10046;22;;;10054;17;10058;14;;;10051.0;0.0
av_CORN_d8;15500;INTARIAN_PEPPER_ROOT;12117;21;12115;13;;;12123;16;12127;17;;;12120.0;0.0
av_CORN_d8;15600;ASH_COATED_OSMIUM;10048;7;10044;24;;;10054;20;10056;20;;;10051.0;0.0
av_CORN_d8;15600;INTARIAN_PEPPER_ROOT;12118;17;12114;8;;;12124;15;12128;23;;;12121.0;0.0
av_CORN_d8;15700;ASH_COATED_OSMIUM;10048;11;10046;18;;;10054;12;10057;16;;;10051.0;0.0
av_CORN_d8;15700;INTARIAN_PEPPER_ROOT;12119;16;12116;18;;;12125;16;12129;18;;;12122.0;0.0
av_CORN_d8;15800;ASH_COATED_OSMIUM;10048;13;10044;22;;;10054;14;10057;17;;;10051.0;0.0
av_CORN_d8;15800;INTARIAN_PEPPER_ROOT;12119;18;12117;20;;;12125;13;12127;12;;;12122.0;0.0
av_CORN_d8;15900;ASH_COATED_OSMIUM;10047;24;10045;14;;;10055;18;10058;23;;;10051.0;0.0
av_CORN_d8;15900;INTARIAN_PEPPER_ROOT;12113;16;12110;17;;;12133;5;12135;18;;;12123.0;0.0
av_CORN_d8;16000;ASH_COATED_OSMIUM;10049;15;10047;15;;;10055;27;10059;23;;;10052.0;0.0
av_CORN_d8;16000;INTARIAN_PEPPER_ROOT;12121;28;12119;21;;;12127;20;12130;19;;;12124.0;0.0
av_CORN_d8;16100;ASH_COATED_OSMIUM;10046;20;10044;14;;;10056;12;10058;28;;;10051.0;0.0
av_CORN_d8;16100;INTARIAN_PEPPER_ROOT;12116;21;12114;27;;;12134;7;12136;15;;;12125.0;0.0
av_CORN_d8;16200;ASH_COATED_OSMIUM;10045;5;10042;23;;;10057;18;10061;16;;;10051.0;0.0
av_CORN_d8;16200;INTARIAN_PEPPER_ROOT;12122;14;12120;14;;;12128;17;12131;15;;;12125.0;0.0
av_CORN_d8;16300;ASH_COATED_OSMIUM;10047;12;10043;20;;;10055;11;10057;23;;;10051.0;0.0
av_CORN_d8;16300;INTARIAN_PEPPER_ROOT;12121;25;12118;21;;;12131;6;12135;14;;;12126.0;0.0
av_CORN_d8;16400;ASH_COATED_OSMIUM;10046;7;10042;21;;;10056;21;10059;18;;;10051.0;0.0
av_CORN_d8;16400;INTARIAN_PEPPER_ROOT;12119;13;12117;27;;;12134;18;12137;21;;;12126.5;0.0
av_CORN_d8;16500;ASH_COATED_OSMIUM;10043;15;10041;12;;;10058;16;10060;19;;;10050.5;0.0
av_CORN_d8;16500;INTARIAN_PEPPER_ROOT;12124;21;12121;29;;;12130;8;12132;15;;;12127.0;0.0
av_CORN_d8;16600;ASH_COATED_OSMIUM;10038;11;10034;26;;;10065;14;10067;19;;;10051.5;0.0
av_CORN_d8;16600;INTARIAN_PEPPER_ROOT;12116;7;12114;23;;;12139;19;12141;26;;;12127.5;0.0
av_CORN_d8;16700;ASH_COATED_OSMIUM;10047;19;10043;14;;;10055;11;10058;12;;;10051.0;0.0
av_CORN_d8;16700;INTARIAN_PEPPER_ROOT;12124;19;12121;21;;;12131;19;12133;18;;;12127.5;0.0
av_CORN_d8;16800;ASH_COATED_OSMIUM;10048;16;10046;29;;;10054;16;10057;20;;;10051.0;0.0
av_CORN_d8;16800;INTARIAN_PEPPER_ROOT;12126;15;12123;22;;;12132;12;12135;22;;;12129.0;0.0
av_CORN_d8;16900;ASH_COATED_OSMIUM;10047;9;10045;17;;;10056;17;10060;21;;;10051.5;0.0
av_CORN_d8;16900;INTARIAN_PEPPER_ROOT;12118;19;12116;12;;;12141;14;12144;23;;;12129.5;0.0
av_CORN_d8;17000;ASH_COATED_OSMIUM;10048;14;10046;24;;;10054;12;10056;22;;;10051.0;0.0
av_CORN_d8;17000;INTARIAN_PEPPER_ROOT;12127;14;12125;14;;;12133;17;12135;21;;;12130.0;0.0
av_CORN_d8;17100;ASH_COATED_OSMIUM;10048;18;10045;12;;;10054;13;10058;22;;;10051.0;0.0
av_CORN_d8;17100;INTARIAN_PEPPER_ROOT;12124;16;12122;21;;;12137;18;12140;17;;;12130.5;0.0
av_CORN_d8;17200;ASH_COATED_OSMIUM;10049;22;10047;21;;;10055;16;10059;14;;;10052.0;0.0
av_CORN_d8;17200;INTARIAN_PEPPER_ROOT;12125;13;12122;17;;;12134;14;12137;20;;;12129.5;0.0
av_CORN_d8;17300;ASH_COATED_OSMIUM;10049;5;10047;27;;;10055;24;10058;27;;;10052.0;0.0
av_CORN_d8;17300;INTARIAN_PEPPER_ROOT;12125;18;12123;28;;;12135;14;12138;24;;;12130.0;0.0
av_CORN_d8;17400;ASH_COATED_OSMIUM;10048;10;10045;12;;;10056;16;10058;17;;;10052.0;0.0
av_CORN_d8;17400;INTARIAN_PEPPER_ROOT;12128;11;12125;16;;;12134;10;12137;16;;;12131.0;0.0
av_CORN_d8;17500;ASH_COATED_OSMIUM;10049;7;10045;27;;;10055;20;10059;25;;;10052.0;0.0
av_CORN_d8;17500;INTARIAN_PEPPER_ROOT;12121;20;12119;26;;;12140;17;12142;22;;;12130.5;0.0
av_CORN_d8;17600;ASH_COATED_OSMIUM;10035;7;10033;23;;;10068;10;10070;11;;;10051.5;0.0
av_CORN_d8;17600;INTARIAN_PEPPER_ROOT;12124;17;12120;19;;;12137;12;12140;21;;;12130.5;0.0
av_CORN_d8;17700;ASH_COATED_OSMIUM;10049;20;10047;8;;;10055;18;10058;19;;;10052.0;0.0
av_CORN_d8;17700;INTARIAN_PEPPER_ROOT;12128;15;12126;14;;;12134;17;12138;24;;;12131.0;0.0
av_CORN_d8;17800;ASH_COATED_OSMIUM;10043;10;10039;13;;;10061;16;10065;11;;;10052.0;0.0
av_CORN_d8;17800;INTARIAN_PEPPER_ROOT;12126;21;12122;15;;;12134;5;12137;17;;;12130.0;0.0
av_CORN_d8;17900;ASH_COATED_OSMIUM;10049;21;10045;15;;;10057;15;10061;19;;;10053.0;0.0
av_CORN_d8;17900;INTARIAN_PEPPER_ROOT;12128;17;12125;19;;;12134;13;12136;12;;;12131.0;0.0
av_CORN_d8;18000;ASH_COATED_OSMIUM;10048;17;10044;23;;;10056;16;10059;16;;;10052.0;0.0
av_CORN_d8;18000;INTARIAN_PEPPER_ROOT;12125;15;12122;9;;;12138;13;12141;22;;;12131.5;0.0
av_CORN_d8;18100;ASH_COATED_OSMIUM;10044;22;10040;19;;;10061;14;10065;16;;;10052.5;0.0
av_CORN_d8;18100;INTARIAN_PEPPER_ROOT;12127;8;12124;18;;;12136;11;12138;16;;;12131.5;0.0
av_CORN_d8;18200;ASH_COATED_OSMIUM;10049;17;10047;21;;;10057;5;10061;13;;;10053.0;0.0
av_CORN_d8;18200;INTARIAN_PEPPER_ROOT;12128;12;12125;22;;;12134;24;12137;13;;;12131.0;0.0
av_CORN_d8;18300;ASH_COATED_OSMIUM;10050;12;10046;22;;;10056;21;10060;30;;;10053.0;0.0
av_CORN_d8;18300;INTARIAN_PEPPER_ROOT;12123;9;12119;22;;;12138;18;12140;18;;;12130.5;0.0
av_CORN_d8;18400;ASH_COATED_OSMIUM;10050;23;10048;15;;;10056;21;10059;12;;;10053.0;0.0
av_CORN_d8;18400;INTARIAN_PEPPER_ROOT;12129;15;12125;18;;;12135;15;12139;11;;;12132.0;0.0
av_CORN_d8;18500;ASH_COATED_OSMIUM;10050;11;10048;20;;;10056;20;10059;25;;;10053.0;0.0
av_CORN_d8;18500;INTARIAN_PEPPER_ROOT;12129;14;12126;17;;;12135;14;12138;13;;;12132.0;0.0
av_CORN_d8;18600;ASH_COATED_OSMIUM;10050;16;10047;19;;;10056;12;10060;18;;;10053.0;0.0
av_CORN_d8;18600;INTARIAN_PEPPER_ROOT;12125;17;12121;19;;;12139;15;12142;9;;;12132.0;0.0
av_CORN_d8;18700;ASH_COATED_OSMIUM;10050;25;10048;20;;;10056;19;10060;19;;;10053.0;0.0
av_CORN_d8;18700;INTARIAN_PEPPER_ROOT;12126;15;12124;18;;;12137;7;12139;23;;;12131.5;0.0
av_CORN_d8;18800;ASH_COATED_OSMIUM;10050;21;10048;17;;;10056;15;10059;17;;;10053.0;0.0
av_CORN_d8;18800;INTARIAN_PEPPER_ROOT;12125;17;12123;16;;;12138;11;12141;18;;;12131.5;0.0
av_CORN_d8;18900;ASH_COATED_OSMIUM;10037;11;10034;10;;;10069;19;10071;22;;;10053.0;0.0
av_CORN_d8;18900;INTARIAN_PEPPER_ROOT;12129;11;12125;23;;;12135;16;12137;19;;;12132.0;0.0
av_CORN_d8;19000;ASH_COATED_OSMIUM;10045;11;10042;16;;;10062;19;10064;10;;;10053.5;0.0
av_CORN_d8;19000;INTARIAN_PEPPER_ROOT;12129;19;12126;17;;;12135;5;12137;20;;;12132.0;0.0
av_CORN_d8;19100;ASH_COATED_OSMIUM;10047;8;10045;22;;;10060;14;10063;21;;;10053.5;0.0
av_CORN_d8;19100;INTARIAN_PEPPER_ROOT;12130;12;12126;16;;;12136;9;12140;13;;;12133.0;0.0
av_CORN_d8;19200;ASH_COATED_OSMIUM;10048;14;10046;17;;;10058;8;10060;29;;;10053.0;0.0
av_CORN_d8;19200;INTARIAN_PEPPER_ROOT;12129;11;12127;25;;;12135;15;12137;20;;;12132.0;0.0
av_CORN_d8;19300;ASH_COATED_OSMIUM;10051;27;10049;22;;;10057;16;10059;14;;;10054.0;0.0
av_CORN_d8;19300;INTARIAN_PEPPER_ROOT;12129;11;12125;13;;;12135;11;12139;15;;;12132.0;0.0
av_CORN_d8;19400;ASH_COATED_OSMIUM;10051;22;10049;26;;;10057;14;10059;21;;;10054.0;0.0
av_CORN_d8;19400;INTARIAN_PEPPER_ROOT;12117;22;12115;20;;;12149;8;12151;16;;;12133.0;0.0
av_CORN_d8;19500;ASH_COATED_OSMIUM;10051;11;10049;27;;;10057;12;10061;18;;;10054.0;0.0
av_CORN_d8;19500;INTARIAN_PEPPER_ROOT;12130;14;12128;19;;;12136;15;12138;19;;;12133.0;0.0
av_CORN_d8;19600;ASH_COATED_OSMIUM;10051;11;10047;25;;;10057;30;10061;18;;;10054.0;0.0
av_CORN_d8;19600;INTARIAN_PEPPER_ROOT;12127;9;12125;19;;;12140;9;12143;18;;;12133.5;0.0
av_CORN_d8;19700;ASH_COATED_OSMIUM;10043;18;10041;16;;;10065;8;10068;21;;;10054.0;0.0
av_CORN_d8;19700;INTARIAN_PEPPER_ROOT;12130;23;12128;26;;;12136;12;12138;23;;;12133.0;0.0
av_CORN_d8;19800;ASH_COATED_OSMIUM;10051;5;10048;15;;;10057;20;10059;22;;;10054.0;0.0
av_CORN_d8;19800;INTARIAN_PEPPER_ROOT;12128;9;12125;20;;;12137;17;12140;20;;;12132.5;0.0
av_CORN_d8;19900;ASH_COATED_OSMIUM;10051;13;10049;15;;;10057;15;10060;15;;;10054.0;0.0
av_CORN_d8;19900;INTARIAN_PEPPER_ROOT;12128;18;12124;15;;;12137;8;12140;19;;;12132.5;0.0
av_CORN_d8;20000;ASH_COATED_OSMIUM;10052;19;10049;22;;;10058;11;10062;19;;;10055.0;0.0
av_CORN_d8;20000;INTARIAN_PEPPER_ROOT;12128;21;12126;18;;;12139;16;12141;16;;;12133.5;0.0
av_CORN_d8;20100;ASH_COATED_OSMIUM;10052;13;10050;18;;;10058;21;10060;19;;;10055.0;0.0
av_CORN_d8;20100;INTARIAN_PEPPER_ROOT;12130;7;12128;29;;;12136;23;12140;30;;;12133.0;0.0
av_CORN_d8;20200;ASH_COATED_OSMIUM;10052;15;10049;17;;;10058;15;10062;28;;;10055.0;0.0
av_CORN_d8;20200;INTARIAN_PEPPER_ROOT;12131;16;12129;15;;;12137;18;12140;21;;;12134.0;0.0
av_CORN_d8;20300;ASH_COATED_OSMIUM;10048;16;10044;14;;;10062;10;10065;26;;;10055.0;0.0
av_CORN_d8;20300;INTARIAN_PEPPER_ROOT;12130;10;12127;18;;;12138;10;12142;19;;;12134.0;0.0
av_CORN_d8;20400;ASH_COATED_OSMIUM;10045;19;10043;22;;;10065;8;10069;15;;;10055.0;0.0
av_CORN_d8;20400;INTARIAN_PEPPER_ROOT;12126;15;12122;24;;;12140;16;12142;21;;;12133.0;0.0
av_CORN_d8;20500;ASH_COATED_OSMIUM;10052;13;10049;23;;;10058;10;10060;29;;;10055.0;0.0
av_CORN_d8;20500;INTARIAN_PEPPER_ROOT;12122;9;12120;20;;;12146;21;12149;23;;;12134.0;0.0
av_CORN_d8;20600;ASH_COATED_OSMIUM;10051;12;10048;16;;;10059;16;10062;15;;;10055.0;0.0
av_CORN_d8;20600;INTARIAN_PEPPER_ROOT;12125;8;12122;26;;;12143;17;12145;29;;;12134.0;0.0
av_CORN_d8;20700;ASH_COATED_OSMIUM;10052;16;10049;24;;;10058;16;10062;23;;;10055.0;0.0
av_CORN_d8;20700;INTARIAN_PEPPER_ROOT;12131;14;12128;14;;;12137;20;12141;13;;;12134.0;0.0
av_CORN_d8;20800;ASH_COATED_OSMIUM;10049;12;10047;22;;;10063;13;10066;22;;;10056.0;0.0
av_CORN_d8;20800;INTARIAN_PEPPER_ROOT;12117;21;12114;29;;;12151;23;12155;19;;;12134.0;0.0
av_CORN_d8;20900;ASH_COATED_OSMIUM;10053;17;10050;24;;;10059;18;10063;21;;;10056.0;0.0
av_CORN_d8;20900;INTARIAN_PEPPER_ROOT;12131;10;12129;13;;;12137;12;12139;30;;;12134.0;0.0
av_CORN_d8;21000;ASH_COATED_OSMIUM;10053;11;10050;26;;;10059;22;10063;21;;;10056.0;0.0
av_CORN_d8;21000;INTARIAN_PEPPER_ROOT;12128;5;12124;14;;;12141;9;12144;19;;;12134.5;0.0
av_CORN_d8;21100;ASH_COATED_OSMIUM;10053;15;10050;17;;;10059;14;10062;15;;;10056.0;0.0
av_CORN_d8;21100;INTARIAN_PEPPER_ROOT;12129;11;12126;8;;;12139;9;12143;18;;;12134.0;0.0
av_CORN_d8;21200;ASH_COATED_OSMIUM;10049;16;10047;18;;;10064;27;10068;24;;;10056.5;0.0
av_CORN_d8;21200;INTARIAN_PEPPER_ROOT;12131;20;12128;20;;;12140;16;12144;24;;;12135.5;0.0
av_CORN_d8;21300;ASH_COATED_OSMIUM;10050;17;10048;20;;;10062;10;10065;22;;;10056.0;0.0
av_CORN_d8;21300;INTARIAN_PEPPER_ROOT;12132;22;12128;18;;;12138;15;12141;24;;;12135.0;0.0
av_CORN_d8;21400;ASH_COATED_OSMIUM;10053;19;10049;17;;;10059;19;10061;17;;;10056.0;0.0
av_CORN_d8;21400;INTARIAN_PEPPER_ROOT;12123;12;12120;17;;;12148;12;12151;24;;;12135.5;0.0
av_CORN_d8;21500;ASH_COATED_OSMIUM;10054;27;10052;16;;;10060;13;10064;25;;;10057.0;0.0
av_CORN_d8;21500;INTARIAN_PEPPER_ROOT;12128;18;12125;27;;;12143;17;12146;18;;;12135.5;0.0
av_CORN_d8;21600;ASH_COATED_OSMIUM;10039;13;10037;17;;;10074;15;10078;18;;;10056.5;0.0
av_CORN_d8;21600;INTARIAN_PEPPER_ROOT;12132;18;12130;23;;;12138;17;12141;17;;;12135.0;0.0
av_CORN_d8;21700;ASH_COATED_OSMIUM;10054;19;10052;19;;;10060;16;10064;23;;;10057.0;0.0
av_CORN_d8;21700;INTARIAN_PEPPER_ROOT;12132;18;12129;19;;;12138;18;12141;24;;;12135.0;0.0
av_CORN_d8;21800;ASH_COATED_OSMIUM;10053;15;10049;24;;;10059;15;10061;18;;;10056.0;0.0
av_CORN_d8;21800;INTARIAN_PEPPER_ROOT;12125;20;12121;25;;;12145;17;12148;10;;;12135.0;0.0
av_CORN_d8;21900;ASH_COATED_OSMIUM;10047;10;10045;24;;;10067;22;10071;16;;;10057.0;0.0
av_CORN_d8;21900;INTARIAN_PEPPER_ROOT;12132;10;12130;13;;;12138;14;12141;20;;;12135.0;0.0
av_CORN_d8;22000;ASH_COATED_OSMIUM;10053;27;10051;25;;;10059;7;10063;17;;;10056.0;0.0
av_CORN_d8;22000;INTARIAN_PEPPER_ROOT;12128;18;12124;23;;;12142;11;12146;16;;;12135.0;0.0
av_CORN_d8;22100;ASH_COATED_OSMIUM;10053;21;10051;18;;;10061;5;10065;24;;;10057.0;0.0
av_CORN_d8;22100;INTARIAN_PEPPER_ROOT;12133;16;12129;17;;;12139;16;12141;15;;;12136.0;0.0
av_CORN_d8;22200;ASH_COATED_OSMIUM;10055;11;10053;22;;;10061;13;10064;19;;;10058.0;0.0
av_CORN_d8;22200;INTARIAN_PEPPER_ROOT;12132;19;12128;22;;;12141;9;12144;10;;;12136.5;0.0
av_CORN_d8;22300;ASH_COATED_OSMIUM;10054;10;10050;17;;;10060;30;10064;18;;;10057.0;0.0
av_CORN_d8;22300;INTARIAN_PEPPER_ROOT;12129;10;12125;19;;;12143;20;12147;16;;;12136.0;0.0
av_CORN_d8;22400;ASH_COATED_OSMIUM;10055;26;10053;20;;;10061;17;10065;22;;;10058.0;0.0
av_CORN_d8;22400;INTARIAN_PEPPER_ROOT;12119;5;12115;19;;;12154;17;12156;8;;;12136.5;0.0
av_CORN_d8;22500;ASH_COATED_OSMIUM;10054;19;10051;25;;;10060;15;10063;17;;;10057.0;0.0
av_CORN_d8;22500;INTARIAN_PEPPER_ROOT;12133;22;12129;22;;;12139;15;12142;29;;;12136.0;0.0
av_CORN_d8;22600;ASH_COATED_OSMIUM;10055;8;10051;15;;;10061;15;10063;22;;;10058.0;0.0
av_CORN_d8;22600;INTARIAN_PEPPER_ROOT;12115;18;12111;8;;;12158;16;12160;22;;;12136.5;0.0
av_CORN_d8;22700;ASH_COATED_OSMIUM;10053;15;10049;9;;;10063;10;10066;8;;;10058.0;0.0
av_CORN_d8;22700;INTARIAN_PEPPER_ROOT;12127;17;12123;15;;;12146;5;12149;21;;;12136.5;0.0
av_CORN_d8;22800;ASH_COATED_OSMIUM;10052;19;10049;19;;;10062;20;10066;22;;;10057.0;0.0
av_CORN_d8;22800;INTARIAN_PEPPER_ROOT;12133;12;12131;26;;;12139;18;12142;20;;;12136.0;0.0
av_CORN_d8;22900;ASH_COATED_OSMIUM;10055;28;10052;17;;;10061;18;10063;21;;;10058.0;0.0
av_CORN_d8;22900;INTARIAN_PEPPER_ROOT;12134;18;12130;18;;;12140;18;12144;16;;;12137.0;0.0
av_CORN_d8;23000;ASH_COATED_OSMIUM;10055;13;10051;20;;;10061;28;10065;20;;;10058.0;0.0
av_CORN_d8;23000;INTARIAN_PEPPER_ROOT;12121;18;12119;18;;;12152;19;12154;22;;;12136.5;0.0
av_CORN_d8;23100;ASH_COATED_OSMIUM;10045;12;10041;21;;;10071;17;10074;10;;;10058.0;0.0
av_CORN_d8;23100;INTARIAN_PEPPER_ROOT;12129;14;12125;20;;;12146;13;12148;16;;;12137.5;0.0
av_CORN_d8;23200;ASH_COATED_OSMIUM;10040;16;10036;18;;;10077;14;10080;19;;;10058.5;0.0
av_CORN_d8;23200;INTARIAN_PEPPER_ROOT;12133;15;12131;18;;;12140;14;12142;28;;;12136.5;0.0
av_CORN_d8;23300;ASH_COATED_OSMIUM;10053;15;10050;16;;;10063;26;10067;28;;;10058.0;0.0
av_CORN_d8;23300;INTARIAN_PEPPER_ROOT;12134;9;12130;19;;;12140;21;12144;20;;;12137.0;0.0
av_CORN_d8;23400;ASH_COATED_OSMIUM;10055;21;10051;19;;;10061;16;10063;15;;;10058.0;0.0
av_CORN_d8;23400;INTARIAN_PEPPER_ROOT;12134;24;12131;30;;;12140;15;12143;14;;;12137.0;0.0
av_CORN_d8;23500;ASH_COATED_OSMIUM;10056;7;10054;17;;;10062;22;10065;14;;;10059.0;0.0
av_CORN_d8;23500;INTARIAN_PEPPER_ROOT;12134;16;12132;24;;;12140;14;12143;12;;;12137.0;0.0
av_CORN_d8;23600;ASH_COATED_OSMIUM;10053;19;10051;25;;;10064;7;10068;27;;;10058.5;0.0
av_CORN_d8;23600;INTARIAN_PEPPER_ROOT;12135;18;12132;17;;;12141;16;12143;16;;;12138.0;0.0
av_CORN_d8;23700;ASH_COATED_OSMIUM;10055;24;10051;22;;;10061;26;10064;21;;;10058.0;0.0
av_CORN_d8;23700;INTARIAN_PEPPER_ROOT;12129;16;12125;18;;;12145;17;12148;17;;;12137.0;0.0
av_CORN_d8;23800;ASH_COATED_OSMIUM;10051;16;10049;18;;;10066;11;10068;19;;;10058.5;0.0
av_CORN_d8;23800;INTARIAN_PEPPER_ROOT;12135;13;12133;20;;;12141;16;12145;24;;;12138.0;0.0
av_CORN_d8;23900;ASH_COATED_OSMIUM;10056;16;10052;16;;;10062;11;10065;14;;;10059.0;0.0
av_CORN_d8;23900;INTARIAN_PEPPER_ROOT;12129;8;12127;17;;;12148;17;12150;17;;;12138.5;0.0
av_CORN_d8;24000;ASH_COATED_OSMIUM;10056;16;10053;19;;;10062;11;10065;14;;;10059.0;0.0
av_CORN_d8;24000;INTARIAN_PEPPER_ROOT;12135;23;12133;16;;;12141;20;12144;22;;;12138.0;0.0
av_CORN_d8;24100;ASH_COATED_OSMIUM;10056;15;10052;25;;;10062;18;10066;22;;;10059.0;0.0
av_CORN_d8;24100;INTARIAN_PEPPER_ROOT;12135;20;12132;11;;;12141;17;12145;19;;;12138.0;0.0
av_CORN_d8;24200;ASH_COATED_OSMIUM;10055;10;10052;16;;;10065;14;10068;19;;;10060.0;0.0
av_CORN_d8;24200;INTARIAN_PEPPER_ROOT;12135;12;12133;24;;;12141;6;12144;23;;;12138.0;0.0
av_CORN_d8;24300;ASH_COATED_OSMIUM;10056;15;10053;28;;;10062;18;10066;15;;;10059.0;0.0
av_CORN_d8;24300;INTARIAN_PEPPER_ROOT;12135;13;12132;21;;;12141;12;12144;24;;;12138.0;0.0
av_CORN_d8;24400;ASH_COATED_OSMIUM;10056;20;10053;20;;;10063;5;10065;12;;;10059.5;0.0
av_CORN_d8;24400;INTARIAN_PEPPER_ROOT;12133;11;12130;17;;;12144;7;12148;20;;;12138.5;0.0
av_CORN_d8;24500;ASH_COATED_OSMIUM;10057;9;10055;19;;;10063;19;10065;13;;;10060.0;0.0
av_CORN_d8;24500;INTARIAN_PEPPER_ROOT;12132;17;12128;21;;;12145;22;12147;20;;;12138.5;0.0
av_CORN_d8;24600;ASH_COATED_OSMIUM;10046;17;10044;20;;;10073;12;10075;20;;;10059.5;0.0
av_CORN_d8;24600;INTARIAN_PEPPER_ROOT;12135;9;12132;19;;;12141;21;12144;32;;;12138.0;0.0
av_CORN_d8;24700;ASH_COATED_OSMIUM;10057;19;10053;21;;;10063;17;10065;14;;;10060.0;0.0
av_CORN_d8;24700;INTARIAN_PEPPER_ROOT;12136;13;12133;15;;;12142;21;12146;18;;;12139.0;0.0
av_CORN_d8;24800;ASH_COATED_OSMIUM;10057;5;10053;18;;;10063;16;10067;22;;;10060.0;0.0
av_CORN_d8;24800;INTARIAN_PEPPER_ROOT;12135;28;12133;29;;;12141;17;12145;16;;;12138.0;0.0
av_CORN_d8;24900;ASH_COATED_OSMIUM;10056;19;10052;15;;;10062;15;10066;23;;;10059.0;0.0
av_CORN_d8;24900;INTARIAN_PEPPER_ROOT;12136;10;12132;20;;;12142;6;12145;22;;;12139.0;0.0
av_CORN_d8;25000;ASH_COATED_OSMIUM;10057;24;10054;17;;;10063;16;10066;14;;;10060.0;0.0
av_CORN_d8;25000;INTARIAN_PEPPER_ROOT;12136;13;12132;18;;;12142;18;12146;16;;;12139.0;0.0
av_CORN_d8;25100;ASH_COATED_OSMIUM;10057;13;10053;15;;;10063;13;10067;18;;;10060.0;0.0
av_CORN_d8;25100;INTARIAN_PEPPER_ROOT;12136;14;12133;18;;;12142;20;12146;22;;;12139.0;0.0
av_CORN_d8;25200;ASH_COATED_OSMIUM;10058;8;10056;13;;;10064;20;10066;14;;;10061.0;0.0
av_CORN_d8;25200;INTARIAN_PEPPER_ROOT;12131;17;12129;29;;;12147;17;12151;15;;;12139.0;0.0
av_CORN_d8;25300;ASH_COATED_OSMIUM;10053;22;10049;14;;;10068;19;10071;21;;;10060.5;0.0
av_CORN_d8;25300;INTARIAN_PEPPER_ROOT;12136;9;12132;26;;;12142;15;12144;16;;;12139.0;0.0
av_CORN_d8;25400;ASH_COATED_OSMIUM;10058;16;10054;15;;;10064;23;10068;17;;;10061.0;0.0
av_CORN_d8;25400;INTARIAN_PEPPER_ROOT;12137;17;12135;22;;;12143;25;12145;22;;;12140.0;0.0
av_CORN_d8;25500;ASH_COATED_OSMIUM;10055;8;10053;21;;;10066;8;10070;17;;;10060.5;0.0
av_CORN_d8;25500;INTARIAN_PEPPER_ROOT;12136;10;12133;25;;;12143;19;12146;25;;;12139.5;0.0
av_CORN_d8;25600;ASH_COATED_OSMIUM;10055;14;10051;26;;;10066;20;10070;29;;;10060.5;0.0
av_CORN_d8;25600;INTARIAN_PEPPER_ROOT;12137;14;12135;17;;;12143;17;12147;15;;;12140.0;0.0
av_CORN_d8;25700;ASH_COATED_OSMIUM;10058;24;10054;25;;;10064;20;10067;19;;;10061.0;0.0
av_CORN_d8;25700;INTARIAN_PEPPER_ROOT;12137;15;12135;21;;;12143;11;12146;21;;;12140.0;0.0
av_CORN_d8;25800;ASH_COATED_OSMIUM;10053;21;10050;19;;;10069;22;10071;21;;;10061.0;0.0
av_CORN_d8;25800;INTARIAN_PEPPER_ROOT;12137;24;12135;22;;;12143;12;12146;18;;;12140.0;0.0
av_CORN_d8;25900;ASH_COATED_OSMIUM;10058;16;10055;18;;;10064;16;10067;12;;;10061.0;0.0
av_CORN_d8;25900;INTARIAN_PEPPER_ROOT;12126;21;12122;16;;;12153;14;12157;21;;;12139.5;0.0
av_CORN_d8;26000;ASH_COATED_OSMIUM;10056;16;10054;21;;;10067;11;10070;30;;;10061.5;0.0
av_CORN_d8;26000;INTARIAN_PEPPER_ROOT;12135;13;12132;23;;;12146;8;12150;21;;;12140.5;0.0
av_CORN_d8;26100;ASH_COATED_OSMIUM;10050;13;10047;24;;;10072;14;10074;26;;;10061.0;0.0
av_CORN_d8;26100;INTARIAN_PEPPER_ROOT;12137;14;12135;18;;;12143;17;12145;22;;;12140.0;0.0
av_CORN_d8;26200;ASH_COATED_OSMIUM;10058;8;10054;15;;;10064;7;10068;24;;;10061.0;0.0
av_CORN_d8;26200;INTARIAN_PEPPER_ROOT;12137;20;12135;17;;;12144;15;12148;17;;;12140.5;0.0
av_CORN_d8;26300;ASH_COATED_OSMIUM;10058;10;10055;16;;;10064;6;10068;25;;;10061.0;0.0
av_CORN_d8;26300;INTARIAN_PEPPER_ROOT;12138;12;12135;25;;;12144;5;12147;18;;;12141.0;0.0
av_CORN_d8;26400;ASH_COATED_OSMIUM;10048;21;10044;20;;;10076;7;10078;24;;;10062.0;0.0
av_CORN_d8;26400;INTARIAN_PEPPER_ROOT;12137;12;12135;25;;;12143;8;12147;19;;;12140.0;0.0
av_CORN_d8;26500;ASH_COATED_OSMIUM;10059;7;10055;17;;;10065;5;10069;23;;;10062.0;0.0
av_CORN_d8;26500;INTARIAN_PEPPER_ROOT;12138;17;12136;23;;;12144;16;12146;21;;;12141.0;0.0
av_CORN_d8;26600;ASH_COATED_OSMIUM;10059;22;10055;17;;;10065;5;10067;21;;;10062.0;0.0
av_CORN_d8;26600;INTARIAN_PEPPER_ROOT;12138;16;12136;18;;;12144;12;12146;22;;;12141.0;0.0
av_CORN_d8;26700;ASH_COATED_OSMIUM;10059;12;10057;17;;;10065;24;10069;18;;;10062.0;0.0
av_CORN_d8;26700;INTARIAN_PEPPER_ROOT;12138;5;12135;15;;;12144;16;12148;22;;;12141.0;0.0
av_CORN_d8;26800;ASH_COATED_OSMIUM;10057;18;10055;24;;;10068;22;10071;21;;;10062.5;0.0
av_CORN_d8;26800;INTARIAN_PEPPER_ROOT;12138;18;12136;29;;;12144;10;12146;19;;;12141.0;0.0
av_CORN_d8;26900;ASH_COATED_OSMIUM;10060;18;10058;11;;;10066;5;10069;21;;;10063.0;0.0
av_CORN_d8;26900;INTARIAN_PEPPER_ROOT;12131;13;12129;23;;;12151;12;12153;22;;;12141.0;0.0
av_CORN_d8;27000;ASH_COATED_OSMIUM;10060;20;10058;17;;;10066;14;10070;26;;;10063.0;0.0
av_CORN_d8;27000;INTARIAN_PEPPER_ROOT;12138;13;12136;23;;;12144;25;12147;19;;;12141.0;0.0
av_CORN_d8;27100;ASH_COATED_OSMIUM;10050;15;10046;23;;;10075;25;10079;18;;;10062.5;0.0
av_CORN_d8;27100;INTARIAN_PEPPER_ROOT;12138;5;12134;20;;;12144;15;12146;20;;;12141.0;0.0
av_CORN_d8;27200;ASH_COATED_OSMIUM;10060;12;10058;8;;;10066;7;10070;28;;;10063.0;0.0
av_CORN_d8;27200;INTARIAN_PEPPER_ROOT;12130;9;12126;12;;;12154;15;12158;17;;;12142.0;0.0
av_CORN_d8;27300;ASH_COATED_OSMIUM;10059;19;10057;21;;;10066;9;10070;23;;;10062.5;0.0
av_CORN_d8;27300;INTARIAN_PEPPER_ROOT;12138;12;12136;22;;;12146;13;12150;17;;;12142.0;0.0
av_CORN_d8;27400;ASH_COATED_OSMIUM;10059;6;10056;29;;;10065;10;10067;21;;;10062.0;0.0
av_CORN_d8;27400;INTARIAN_PEPPER_ROOT;12139;19;12136;20;;;12145;22;12147;21;;;12142.0;0.0
av_CORN_d8;27500;ASH_COATED_OSMIUM;10055;19;10052;15;;;10071;19;10075;14;;;10063.0;0.0
av_CORN_d8;27500;INTARIAN_PEPPER_ROOT;12139;15;12135;24;;;12145;26;12149;20;;;12142.0;0.0
av_CORN_d8;27600;ASH_COATED_OSMIUM;10060;15;10056;14;;;10066;13;10068;23;;;10063.0;0.0
av_CORN_d8;27600;INTARIAN_PEPPER_ROOT;12139;15;12135;23;;;12145;9;12148;19;;;12142.0;0.0
av_CORN_d8;27700;ASH_COATED_OSMIUM;10060;14;10056;15;;;10066;24;10068;29;;;10063.0;0.0
av_CORN_d8;27700;INTARIAN_PEPPER_ROOT;12124;5;12121;18;;;12161;10;12163;26;;;12142.5;0.0
av_CORN_d8;27800;ASH_COATED_OSMIUM;10060;6;10058;16;;;10067;21;10071;27;;;10063.5;0.0
av_CORN_d8;27800;INTARIAN_PEPPER_ROOT;12135;12;12132;21;;;12151;28;12154;19;;;12143.0;0.0
av_CORN_d8;27900;ASH_COATED_OSMIUM;10060;7;10058;22;;;10066;9;10069;19;;;10063.0;0.0
av_CORN_d8;27900;INTARIAN_PEPPER_ROOT;12135;22;12132;18;;;12149;7;12151;23;;;12142.0;0.0
av_CORN_d8;28000;ASH_COATED_OSMIUM;10057;8;10055;21;;;10070;15;10073;22;;;10063.5;0.0
av_CORN_d8;28000;INTARIAN_PEPPER_ROOT;12137;25;12134;20;;;12148;9;12150;29;;;12142.5;0.0
av_CORN_d8;28100;ASH_COATED_OSMIUM;10057;18;10053;16;;;10069;5;10073;22;;;10063.0;0.0
av_CORN_d8;28100;INTARIAN_PEPPER_ROOT;12140;21;12136;18;;;12146;19;12149;14;;;12143.0;0.0
av_CORN_d8;28200;ASH_COATED_OSMIUM;10059;13;10056;18;;;10069;15;10072;30;;;10064.0;0.0
av_CORN_d8;28200;INTARIAN_PEPPER_ROOT;12140;16;12137;22;;;12146;15;12149;24;;;12143.0;0.0
av_CORN_d8;28300;ASH_COATED_OSMIUM;10061;20;10058;15;;;10067;9;10071;28;;;10064.0;0.0
av_CORN_d8;28300;INTARIAN_PEPPER_ROOT;12140;12;12138;21;;;12146;14;12148;26;;;12143.0;0.0
av_CORN_d8;28400;ASH_COATED_OSMIUM;10058;19;10055;17;;;10070;16;10073;15;;;10064.0;0.0
av_CORN_d8;28400;INTARIAN_PEPPER_ROOT;12137;17;12135;23;;;12148;5;12152;23;;;12142.5;0.0
av_CORN_d8;28500;ASH_COATED_OSMIUM;10056;23;10054;21;;;10072;10;10074;23;;;10064.0;0.0
av_CORN_d8;28500;INTARIAN_PEPPER_ROOT;12140;8;12138;18;;;12146;8;12148;27;;;12143.0;0.0
av_CORN_d8;28600;ASH_COATED_OSMIUM;10061;16;10059;14;;;10067;15;10070;22;;;10064.0;0.0
av_CORN_d8;28600;INTARIAN_PEPPER_ROOT;12141;20;12139;21;;;12147;20;12150;20;;;12144.0;0.0
av_CORN_d8;28700;ASH_COATED_OSMIUM;10061;9;10059;17;;;10067;10;10071;20;;;10064.0;0.0
av_CORN_d8;28700;INTARIAN_PEPPER_ROOT;12128;15;12125;29;;;12157;16;12160;25;;;12142.5;0.0
av_CORN_d8;28800;ASH_COATED_OSMIUM;10061;10;10057;28;;;10067;22;10071;19;;;10064.0;0.0
av_CORN_d8;28800;INTARIAN_PEPPER_ROOT;12138;7;12134;18;;;12149;13;12152;14;;;12143.5;0.0
av_CORN_d8;28900;ASH_COATED_OSMIUM;10061;17;10059;23;;;10067;11;10069;15;;;10064.0;0.0
av_CORN_d8;28900;INTARIAN_PEPPER_ROOT;12141;8;12139;20;;;12147;18;12151;20;;;12144.0;0.0
av_CORN_d8;29000;ASH_COATED_OSMIUM;10058;19;10054;21;;;10071;17;10075;19;;;10064.5;0.0
av_CORN_d8;29000;INTARIAN_PEPPER_ROOT;12141;16;12139;19;;;12147;10;12151;19;;;12144.0;0.0
av_CORN_d8;29100;ASH_COATED_OSMIUM;10060;17;10058;23;;;10068;25;10072;12;;;10064.0;0.0
av_CORN_d8;29100;INTARIAN_PEPPER_ROOT;12140;11;12136;13;;;12146;23;12150;22;;;12143.0;0.0
av_CORN_d8;29200;ASH_COATED_OSMIUM;10055;14;10051;23;;;10075;13;10077;15;;;10065.0;0.0
av_CORN_d8;29200;INTARIAN_PEPPER_ROOT;12141;10;12139;34;;;12147;11;12151;16;;;12144.0;0.0
av_CORN_d8;29300;ASH_COATED_OSMIUM;10060;7;10057;18;;;10069;5;10073;25;;;10064.5;0.0
av_CORN_d8;29300;INTARIAN_PEPPER_ROOT;12141;14;12138;23;;;12147;9;12149;21;;;12144.0;0.0
av_CORN_d8;29400;ASH_COATED_OSMIUM;10059;19;10057;24;;;10070;20;10074;21;;;10064.5;0.0
av_CORN_d8;29400;INTARIAN_PEPPER_ROOT;12129;6;12125;13;;;12159;20;12161;19;;;12144.0;0.0
av_CORN_d8;29500;ASH_COATED_OSMIUM;10062;15;10059;23;;;10068;8;10072;14;;;10065.0;0.0
av_CORN_d8;29500;INTARIAN_PEPPER_ROOT;12142;16;12139;18;;;12148;18;12152;24;;;12145.0;0.0
av_CORN_d8;29600;ASH_COATED_OSMIUM;10062;5;10060;14;;;10068;17;10070;21;;;10065.0;0.0
av_CORN_d8;29600;INTARIAN_PEPPER_ROOT;12141;15;12138;14;;;12147;13;12151;20;;;12144.0;0.0
av_CORN_d8;29700;ASH_COATED_OSMIUM;10050;9;10046;28;;;10079;8;10083;16;;;10064.5;0.0
av_CORN_d8;29700;INTARIAN_PEPPER_ROOT;12141;14;12139;20;;;12147;14;12150;20;;;12144.0;0.0
av_CORN_d8;29800;ASH_COATED_OSMIUM;10062;14;10060;14;;;10068;16;10070;11;;;10065.0;0.0
av_CORN_d8;29800;INTARIAN_PEPPER_ROOT;12141;15;12137;20;;;12147;14;12150;27;;;12144.0;0.0
av_CORN_d8;29900;ASH_COATED_OSMIUM;10061;28;10059;23;;;10069;17;10072;20;;;10065.0;0.0
av_CORN_d8;29900;INTARIAN_PEPPER_ROOT;12140;5;12138;20;;;12150;10;12153;20;;;12145.0;0.0
av_CORN_d8;30000;ASH_COATED_OSMIUM;10063;14;10059;17;;;10069;8;10071;15;;;10066.0;0.0
av_CORN_d8;30000;INTARIAN_PEPPER_ROOT;12142;18;12140;28;;;12148;9;12150;19;;;12145.0;0.0
av_CORN_d8;30100;ASH_COATED_OSMIUM;10063;16;10059;21;;;10069;16;10072;26;;;10066.0;0.0
av_CORN_d8;30100;INTARIAN_PEPPER_ROOT;12142;12;12138;19;;;12148;11;12152;24;;;12145.0;0.0
av_CORN_d8;30200;ASH_COATED_OSMIUM;10056;14;10054;11;;;10075;5;10079;10;;;10065.5;0.0
av_CORN_d8;30200;INTARIAN_PEPPER_ROOT;12142;17;12138;21;;;12148;18;12150;25;;;12145.0;0.0
av_CORN_d8;30300;ASH_COATED_OSMIUM;10060;17;10057;15;;;10072;10;10076;10;;;10066.0;0.0
av_CORN_d8;30300;INTARIAN_PEPPER_ROOT;12142;18;12138;21;;;12148;18;12151;22;;;12145.0;0.0
av_CORN_d8;30400;ASH_COATED_OSMIUM;10064;8;10062;15;;;10070;19;10072;33;;;10067.0;0.0
av_CORN_d8;30400;INTARIAN_PEPPER_ROOT;12143;11;12140;21;;;12149;14;12153;17;;;12146.0;0.0
av_CORN_d8;30500;ASH_COATED_OSMIUM;10063;12;10060;19;;;10069;19;10071;21;;;10066.0;0.0
av_CORN_d8;30500;INTARIAN_PEPPER_ROOT;12142;21;12138;23;;;12148;16;12150;10;;;12145.0;0.0
av_CORN_d8;30600;ASH_COATED_OSMIUM;10064;21;10062;27;;;10070;20;10072;23;;;10067.0;0.0
av_CORN_d8;30600;INTARIAN_PEPPER_ROOT;12142;13;12139;26;;;12148;8;12150;16;;;12145.0;0.0
av_CORN_d8;30700;ASH_COATED_OSMIUM;10055;12;10053;29;;;10078;16;10080;19;;;10066.5;0.0
av_CORN_d8;30700;INTARIAN_PEPPER_ROOT;12142;17;12138;21;;;12148;12;12152;28;;;12145.0;0.0
av_CORN_d8;30800;ASH_COATED_OSMIUM;10063;15;10061;20;;;10069;26;10073;18;;;10066.0;0.0
av_CORN_d8;30800;INTARIAN_PEPPER_ROOT;12114;19;12110;16;;;12177;19;12179;18;;;12145.5;0.0
av_CORN_d8;30900;ASH_COATED_OSMIUM;10064;15;10061;29;;;10070;16;10072;14;;;10067.0;0.0
av_CORN_d8;30900;INTARIAN_PEPPER_ROOT;12142;13;12140;12;;;12148;15;12151;24;;;12145.0;0.0
av_CORN_d8;31000;ASH_COATED_OSMIUM;10061;11;10057;23;;;10072;24;10075;22;;;10066.5;0.0
av_CORN_d8;31000;INTARIAN_PEPPER_ROOT;12143;17;12139;15;;;12149;15;12151;15;;;12146.0;0.0
av_CORN_d8;31100;ASH_COATED_OSMIUM;10064;9;10061;30;;;10070;13;10072;17;;;10067.0;0.0
av_CORN_d8;31100;INTARIAN_PEPPER_ROOT;12143;16;12141;13;;;12149;21;12151;20;;;12146.0;0.0
av_CORN_d8;31200;ASH_COATED_OSMIUM;10064;11;10061;16;;;10070;13;10072;20;;;10067.0;0.0
av_CORN_d8;31200;INTARIAN_PEPPER_ROOT;12139;10;12135;24;;;12153;20;12156;15;;;12146.0;0.0
av_CORN_d8;31300;ASH_COATED_OSMIUM;10058;16;10056;24;;;10076;12;10078;18;;;10067.0;0.0
av_CORN_d8;31300;INTARIAN_PEPPER_ROOT;12143;8;12141;21;;;12149;30;12151;27;;;12146.0;0.0
av_CORN_d8;31400;ASH_COATED_OSMIUM;10064;18;10062;18;;;10070;19;10073;14;;;10067.0;0.0
av_CORN_d8;31400;INTARIAN_PEPPER_ROOT;12142;15;12138;19;;;12150;15;12154;13;;;12146.0;0.0
av_CORN_d8;31500;ASH_COATED_OSMIUM;10060;12;10058;21;;;10075;14;10077;23;;;10067.5;0.0
av_CORN_d8;31500;INTARIAN_PEPPER_ROOT;12143;13;12140;26;;;12149;11;12153;19;;;12146.0;0.0
av_CORN_d8;31600;ASH_COATED_OSMIUM;10065;17;10063;23;;;10071;23;10074;17;;;10068.0;0.0
av_CORN_d8;31600;INTARIAN_PEPPER_ROOT;12134;10;12130;26;;;12159;15;12161;25;;;12146.5;0.0
av_CORN_d8;31700;ASH_COATED_OSMIUM;10065;11;10062;29;;;10071;24;10075;20;;;10068.0;0.0
av_CORN_d8;31700;INTARIAN_PEPPER_ROOT;12141;14;12139;21;;;12151;14;12155;11;;;12146.0;0.0
av_CORN_d8;31800;ASH_COATED_OSMIUM;10064;14;10062;13;;;10071;13;10074;20;;;10067.5;0.0
av_CORN_d8;31800;INTARIAN_PEPPER_ROOT;12142;12;12139;27;;;12152;11;12155;31;;;12147.0;0.0
av_CORN_d8;31900;ASH_COATED_OSMIUM;10064;10;10060;18;;;10070;16;10072;21;;;10067.0;0.0
av_CORN_d8;31900;INTARIAN_PEPPER_ROOT;12143;13;12141;21;;;12151;21;12154;22;;;12147.0;0.0
av_CORN_d8;32000;ASH_COATED_OSMIUM;10064;26;10062;26;;;10071;17;10075;19;;;10067.5;0.0
av_CORN_d8;32000;INTARIAN_PEPPER_ROOT;12144;15;12141;18;;;12150;5;12152;17;;;12147.0;0.0
av_CORN_d8;32100;ASH_COATED_OSMIUM;10063;20;10060;26;;;10072;17;10076;15;;;10067.5;0.0
av_CORN_d8;32100;INTARIAN_PEPPER_ROOT;12143;11;12139;11;;;12151;15;12154;17;;;12147.0;0.0
av_CORN_d8;32200;ASH_COATED_OSMIUM;10065;17;10061;22;;;10071;11;10074;16;;;10068.0;0.0
av_CORN_d8;32200;INTARIAN_PEPPER_ROOT;12138;11;12136;14;;;12158;13;12162;18;;;12148.0;0.0
av_CORN_d8;32300;ASH_COATED_OSMIUM;10065;11;10061;23;;;10071;10;10075;25;;;10068.0;0.0
av_CORN_d8;32300;INTARIAN_PEPPER_ROOT;12145;18;12141;21;;;12151;14;12153;28;;;12148.0;0.0
av_CORN_d8;32400;ASH_COATED_OSMIUM;10065;21;10063;20;;;10071;18;10075;20;;;10068.0;0.0
av_CORN_d8;32400;INTARIAN_PEPPER_ROOT;12145;5;12142;21;;;12151;14;12155;15;;;12148.0;0.0
av_CORN_d8;32500;ASH_COATED_OSMIUM;10066;22;10063;21;;;10072;11;10074;11;;;10069.0;0.0
av_CORN_d8;32500;INTARIAN_PEPPER_ROOT;12133;16;12130;17;;;12162;15;12166;11;;;12147.5;0.0
av_CORN_d8;32600;ASH_COATED_OSMIUM;10063;12;10059;13;;;10074;13;10076;20;;;10068.5;0.0
av_CORN_d8;32600;INTARIAN_PEPPER_ROOT;12141;15;12137;23;;;12155;12;12158;27;;;12148.0;0.0
av_CORN_d8;32700;ASH_COATED_OSMIUM;10066;13;10063;15;;;10072;10;10074;19;;;10069.0;0.0
av_CORN_d8;32700;INTARIAN_PEPPER_ROOT;12144;9;12142;23;;;12150;18;12154;23;;;12147.0;0.0
av_CORN_d8;32800;ASH_COATED_OSMIUM;10063;26;10059;16;;;10073;5;10075;21;;;10068.0;0.0
av_CORN_d8;32800;INTARIAN_PEPPER_ROOT;12145;22;12142;17;;;12151;12;12153;21;;;12148.0;0.0
av_CORN_d8;32900;ASH_COATED_OSMIUM;10066;9;10063;20;;;10072;18;10074;22;;;10069.0;0.0
av_CORN_d8;32900;INTARIAN_PEPPER_ROOT;12145;19;12143;18;;;12151;13;12153;16;;;12148.0;0.0
av_CORN_d8;33000;ASH_COATED_OSMIUM;10055;15;10051;25;;;10083;16;10085;23;;;10069.0;0.0
av_CORN_d8;33000;INTARIAN_PEPPER_ROOT;12141;10;12137;17;;;12155;9;12158;18;;;12148.0;0.0
av_CORN_d8;33100;ASH_COATED_OSMIUM;10066;11;10062;21;;;10072;15;10076;12;;;10069.0;0.0
av_CORN_d8;33100;INTARIAN_PEPPER_ROOT;12146;16;12142;20;;;12152;17;12154;17;;;12149.0;0.0
av_CORN_d8;33200;ASH_COATED_OSMIUM;10062;16;10060;22;;;10076;12;10079;26;;;10069.0;0.0
av_CORN_d8;33200;INTARIAN_PEPPER_ROOT;12145;18;12141;20;;;12151;20;12153;16;;;12148.0;0.0
av_CORN_d8;33300;ASH_COATED_OSMIUM;10066;16;10063;13;;;10072;6;10074;29;;;10069.0;0.0
av_CORN_d8;33300;INTARIAN_PEPPER_ROOT;12138;24;12135;16;;;12160;19;12163;16;;;12149.0;0.0
av_CORN_d8;33400;ASH_COATED_OSMIUM;10066;11;10064;21;;;10074;13;10078;21;;;10070.0;0.0
av_CORN_d8;33400;INTARIAN_PEPPER_ROOT;12145;22;12141;11;;;12151;15;12153;20;;;12148.0;0.0
av_CORN_d8;33500;ASH_COATED_OSMIUM;10066;16;10064;17;;;10072;16;10075;15;;;10069.0;0.0
av_CORN_d8;33500;INTARIAN_PEPPER_ROOT;12121;14;12118;15;;;12178;16;12182;18;;;12149.5;0.0
av_CORN_d8;33600;ASH_COATED_OSMIUM;10066;16;10063;20;;;10072;18;10074;19;;;10069.0;0.0
av_CORN_d8;33600;INTARIAN_PEPPER_ROOT;12144;24;12142;24;;;12152;9;12155;16;;;12148.0;0.0
av_CORN_d8;33700;ASH_COATED_OSMIUM;10067;17;10065;18;;;10073;14;10076;25;;;10070.0;0.0
av_CORN_d8;33700;INTARIAN_PEPPER_ROOT;12138;22;12134;13;;;12159;17;12161;13;;;12148.5;0.0
av_CORN_d8;33800;ASH_COATED_OSMIUM;10063;10;10060;24;;;10076;17;10078;20;;;10069.5;0.0
av_CORN_d8;33800;INTARIAN_PEPPER_ROOT;12145;18;12141;25;;;12155;23;12158;34;;;12150.0;0.0
av_CORN_d8;33900;ASH_COATED_OSMIUM;10067;9;10063;8;;;10073;19;10077;20;;;10070.0;0.0
av_CORN_d8;33900;INTARIAN_PEPPER_ROOT;12146;15;12143;18;;;12152;22;12155;19;;;12149.0;0.0
av_CORN_d8;34000;ASH_COATED_OSMIUM;10067;14;10065;18;;;10073;12;10075;19;;;10070.0;0.0
av_CORN_d8;34000;INTARIAN_PEPPER_ROOT;12123;25;12119;26;;;12174;17;12177;14;;;12148.5;0.0
av_CORN_d8;34100;ASH_COATED_OSMIUM;10067;16;10064;21;;;10073;16;10076;14;;;10070.0;0.0
av_CORN_d8;34100;INTARIAN_PEPPER_ROOT;12146;20;12144;18;;;12152;16;12154;23;;;12149.0;0.0
av_CORN_d8;34200;ASH_COATED_OSMIUM;10067;25;10064;16;;;10073;18;10076;22;;;10070.0;0.0
av_CORN_d8;34200;INTARIAN_PEPPER_ROOT;12144;24;12140;16;;;12150;10;12152;17;;;12147.0;0.0
av_CORN_d8;34300;ASH_COATED_OSMIUM;10064;15;10061;30;;;10074;14;10078;23;;;10069.0;0.0
av_CORN_d8;34300;INTARIAN_PEPPER_ROOT;12142;14;12139;30;;;12152;25;12156;20;;;12147.0;0.0
av_CORN_d8;34400;ASH_COATED_OSMIUM;10066;15;10062;23;;;10072;18;10074;16;;;10069.0;0.0
av_CORN_d8;34400;INTARIAN_PEPPER_ROOT;12143;19;12141;18;;;12149;10;12153;23;;;12146.0;0.0
av_CORN_d8;34500;ASH_COATED_OSMIUM;10058;17;10055;21;;;10080;16;10084;22;;;10069.0;0.0
av_CORN_d8;34500;INTARIAN_PEPPER_ROOT;12137;23;12134;13;;;12153;12;12157;33;;;12145.0;0.0
av_CORN_d8;34600;ASH_COATED_OSMIUM;10060;20;10057;14;;;10077;18;10080;25;;;10068.5;0.0
av_CORN_d8;34600;INTARIAN_PEPPER_ROOT;12142;14;12138;14;;;12148;16;12150;21;;;12145.0;0.0
av_CORN_d8;34700;ASH_COATED_OSMIUM;10050;12;10047;22;;;10087;19;10091;17;;;10068.5;0.0
av_CORN_d8;34700;INTARIAN_PEPPER_ROOT;12140;10;12138;20;;;12148;18;12152;22;;;12144.0;0.0
av_CORN_d8;34800;ASH_COATED_OSMIUM;10065;7;10061;23;;;10071;13;10073;14;;;10068.0;0.0
av_CORN_d8;34800;INTARIAN_PEPPER_ROOT;12141;19;12137;24;;;12147;28;12151;22;;;12144.0;0.0
av_CORN_d8;34900;ASH_COATED_OSMIUM;10052;17;10049;29;;;10085;13;10087;31;;;10068.5;0.0
av_CORN_d8;34900;INTARIAN_PEPPER_ROOT;12132;8;12128;20;;;12155;17;12157;28;;;12143.5;0.0
av_CORN_d8;35000;ASH_COATED_OSMIUM;10063;28;10060;23;;;10073;11;10077;17;;;10068.0;0.0
av_CORN_d8;35000;INTARIAN_PEPPER_ROOT;12139;15;12136;11;;;12146;24;12150;14;;;12142.5;0.0
av_CORN_d8;35100;ASH_COATED_OSMIUM;10064;10;10062;15;;;10072;24;10074;18;;;10068.0;0.0
av_CORN_d8;35100;INTARIAN_PEPPER_ROOT;12139;11;12137;12;;;12145;19;12149;23;;;12142.0;0.0
av_CORN_d8;35200;ASH_COATED_OSMIUM;10065;15;10062;16;;;10071;23;10074;22;;;10068.0;0.0
av_CORN_d8;35200;INTARIAN_PEPPER_ROOT;12138;20;12134;19;;;12144;9;12148;24;;;12141.0;0.0
av_CORN_d8;35300;ASH_COATED_OSMIUM;10065;7;10061;18;;;10071;10;10073;14;;;10068.0;0.0
av_CORN_d8;35300;INTARIAN_PEPPER_ROOT;12137;9;12135;15;;;12143;13;12145;19;;;12140.0;0.0
av_CORN_d8;35400;ASH_COATED_OSMIUM;10065;11;10062;21;;;10072;13;10075;23;;;10068.5;0.0
av_CORN_d8;35400;INTARIAN_PEPPER_ROOT;12132;17;12128;29;;;12148;17;12150;27;;;12140.0;0.0
av_CORN_d8;35500;ASH_COATED_OSMIUM;10064;10;10062;17;;;10070;16;10073;22;;;10067.0;0.0
av_CORN_d8;35500;INTARIAN_PEPPER_ROOT;12136;25;12133;15;;;12142;21;12145;22;;;12139.0;0.0
av_CORN_d8;35600;ASH_COATED_OSMIUM;10064;20;10060;12;;;10070;20;10073;20;;;10067.0;0.0
av_CORN_d8;35600;INTARIAN_PEPPER_ROOT;12136;14;12133;20;;;12142;12;12145;11;;;12139.0;0.0
av_CORN_d8;35700;ASH_COATED_OSMIUM;10062;12;10058;21;;;10072;12;10075;19;;;10067.0;0.0
av_CORN_d8;35700;INTARIAN_PEPPER_ROOT;12134;20;12130;21;;;12142;14;12146;15;;;12138.0;0.0
av_CORN_d8;35800;ASH_COATED_OSMIUM;10065;13;10063;22;;;10071;7;10073;13;;;10068.0;0.0
av_CORN_d8;35800;INTARIAN_PEPPER_ROOT;12135;14;12132;21;;;12141;15;12143;23;;;12138.0;0.0
av_CORN_d8;35900;ASH_COATED_OSMIUM;10063;15;10061;20;;;10070;21;10074;17;;;10066.5;0.0
av_CORN_d8;35900;INTARIAN_PEPPER_ROOT;12133;25;12130;23;;;12141;17;12145;19;;;12137.0;0.0
av_CORN_d8;36000;ASH_COATED_OSMIUM;10064;9;10060;17;;;10070;12;10074;28;;;10067.0;0.0
av_CORN_d8;36000;INTARIAN_PEPPER_ROOT;12133;18;12129;20;;;12139;16;12141;30;;;12136.0;0.0
av_CORN_d8;36100;ASH_COATED_OSMIUM;10055;14;10051;21;;;10078;16;10082;19;;;10066.5;0.0
av_CORN_d8;36100;INTARIAN_PEPPER_ROOT;12132;15;12130;14;;;12138;17;12140;23;;;12135.0;0.0
av_CORN_d8;36200;ASH_COATED_OSMIUM;10063;20;10060;18;;;10069;23;10071;17;;;10066.0;0.0
av_CORN_d8;36200;INTARIAN_PEPPER_ROOT;12126;14;12123;25;;;12144;10;12146;15;;;12135.0;0.0
av_CORN_d8;36300;ASH_COATED_OSMIUM;10061;13;10059;9;;;10070;11;10072;15;;;10065.5;0.0
av_CORN_d8;36300;INTARIAN_PEPPER_ROOT;12130;17;12128;14;;;12136;17;12139;14;;;12133.0;0.0
av_CORN_d8;36400;ASH_COATED_OSMIUM;10054;16;10050;16;;;10076;14;10079;11;;;10065.0;0.0
av_CORN_d8;36400;INTARIAN_PEPPER_ROOT;12131;11;12128;25;;;12137;22;12139;14;;;12134.0;0.0
av_CORN_d8;36500;ASH_COATED_OSMIUM;10062;19;10059;19;;;10069;24;10071;14;;;10065.5;0.0
av_CORN_d8;36500;INTARIAN_PEPPER_ROOT;12130;16;12126;22;;;12136;18;12138;21;;;12133.0;0.0
av_CORN_d8;36600;ASH_COATED_OSMIUM;10063;8;10061;22;;;10069;12;10072;22;;;10066.0;0.0
av_CORN_d8;36600;INTARIAN_PEPPER_ROOT;12130;19;12127;12;;;12136;14;12138;17;;;12133.0;0.0
av_CORN_d8;36700;ASH_COATED_OSMIUM;10050;19;10048;15;;;10081;24;10085;28;;;10065.5;0.0
av_CORN_d8;36700;INTARIAN_PEPPER_ROOT;12128;5;12124;19;;;12134;16;12137;13;;;12131.0;0.0
av_CORN_d8;36800;ASH_COATED_OSMIUM;10061;10;10058;16;;;10069;11;10073;18;;;10065.0;0.0
av_CORN_d8;36800;INTARIAN_PEPPER_ROOT;12128;10;12124;23;;;12134;14;12136;17;;;12131.0;0.0
av_CORN_d8;36900;ASH_COATED_OSMIUM;10062;13;10059;21;;;10069;19;10071;24;;;10065.5;0.0
av_CORN_d8;36900;INTARIAN_PEPPER_ROOT;12127;11;12125;26;;;12133;11;12135;31;;;12130.0;0.0
av_CORN_d8;37000;ASH_COATED_OSMIUM;10062;8;10058;19;;;10068;12;10070;22;;;10065.0;0.0
av_CORN_d8;37000;INTARIAN_PEPPER_ROOT;12124;18;12120;23;;;12135;13;12137;18;;;12129.5;0.0
av_CORN_d8;37100;ASH_COATED_OSMIUM;10058;23;10056;16;;;10072;13;10074;25;;;10065.0;0.0
av_CORN_d8;37100;INTARIAN_PEPPER_ROOT;12126;11;12124;14;;;12132;19;12135;24;;;12129.0;0.0
av_CORN_d8;37200;ASH_COATED_OSMIUM;10062;16;10059;18;;;10068;14;10072;17;;;10065.0;0.0
av_CORN_d8;37200;INTARIAN_PEPPER_ROOT;12126;14;12122;14;;;12132;18;12136;21;;;12129.0;0.0
av_CORN_d8;37300;ASH_COATED_OSMIUM;10057;15;10055;10;;;10072;14;10076;22;;;10064.5;0.0
av_CORN_d8;37300;INTARIAN_PEPPER_ROOT;12122;20;12118;19;;;12133;8;12135;18;;;12127.5;0.0
av_CORN_d8;37400;ASH_COATED_OSMIUM;10061;6;10058;22;;;10067;10;10069;21;;;10064.0;0.0
av_CORN_d8;37400;INTARIAN_PEPPER_ROOT;12124;21;12120;23;;;12130;9;12132;15;;;12127.0;0.0
av_CORN_d8;37500;ASH_COATED_OSMIUM;10059;14;10056;25;;;10069;15;10071;24;;;10064.0;0.0
av_CORN_d8;37500;INTARIAN_PEPPER_ROOT;12123;13;12121;29;;;12129;11;12132;21;;;12126.0;0.0
av_CORN_d8;37600;ASH_COATED_OSMIUM;10061;20;10058;20;;;10067;11;10069;25;;;10064.0;0.0
av_CORN_d8;37600;INTARIAN_PEPPER_ROOT;12119;9;12115;18;;;12133;14;12135;14;;;12126.0;0.0
av_CORN_d8;37700;ASH_COATED_OSMIUM;10061;11;10058;25;;;10067;26;10070;12;;;10064.0;0.0
av_CORN_d8;37700;INTARIAN_PEPPER_ROOT;12108;17;12105;12;;;12143;14;12147;12;;;12125.5;0.0
av_CORN_d8;37800;ASH_COATED_OSMIUM;10061;17;10057;19;;;10067;18;10069;26;;;10064.0;0.0
av_CORN_d8;37800;INTARIAN_PEPPER_ROOT;12121;19;12118;16;;;12127;20;12131;18;;;12124.0;0.0
av_CORN_d8;37900;ASH_COATED_OSMIUM;10061;18;10057;21;;;10067;16;10071;22;;;10064.0;0.0
av_CORN_d8;37900;INTARIAN_PEPPER_ROOT;12121;12;12118;14;;;12129;16;12132;25;;;12125.0;0.0
av_CORN_d8;38000;ASH_COATED_OSMIUM;10060;13;10056;24;;;10066;15;10069;19;;;10063.0;0.0
av_CORN_d8;38000;INTARIAN_PEPPER_ROOT;12120;24;12118;17;;;12127;15;12131;26;;;12123.5;0.0
av_CORN_d8;38100;ASH_COATED_OSMIUM;10061;18;10059;22;;;10067;17;10069;26;;;10064.0;0.0
av_CORN_d8;38100;INTARIAN_PEPPER_ROOT;12119;13;12115;19;;;12127;25;12129;10;;;12123.0;0.0
av_CORN_d8;38200;ASH_COATED_OSMIUM;10061;19;10057;17;;;10067;13;10069;20;;;10064.0;0.0
av_CORN_d8;38200;INTARIAN_PEPPER_ROOT;12105;13;12103;17;;;12140;13;12143;9;;;12122.5;0.0
av_CORN_d8;38300;ASH_COATED_OSMIUM;10049;19;10045;20;;;10077;10;10080;15;;;10063.0;0.0
av_CORN_d8;38300;INTARIAN_PEPPER_ROOT;12119;21;12116;23;;;12125;17;12128;17;;;12122.0;0.0
av_CORN_d8;38400;ASH_COATED_OSMIUM;10059;15;10055;19;;;10065;11;10069;33;;;10062.0;0.0
av_CORN_d8;38400;INTARIAN_PEPPER_ROOT;12116;17;12114;26;;;12126;6;12129;17;;;12121.0;0.0
av_CORN_d8;38500;ASH_COATED_OSMIUM;10060;24;10058;17;;;10066;10;10070;22;;;10063.0;0.0
av_CORN_d8;38500;INTARIAN_PEPPER_ROOT;12113;13;12110;19;;;12127;23;12129;23;;;12120.0;0.0
av_CORN_d8;38600;ASH_COATED_OSMIUM;10042;17;10038;19;;;10084;10;10086;18;;;10063.0;0.0
av_CORN_d8;38600;INTARIAN_PEPPER_ROOT;12117;10;12115;21;;;12123;17;12126;8;;;12120.0;0.0
av_CORN_d8;38700;ASH_COATED_OSMIUM;10060;14;10057;13;;;10066;12;10068;25;;;10063.0;0.0
av_CORN_d8;38700;INTARIAN_PEPPER_ROOT;12106;19;12102;17;;;12133;9;12135;20;;;12119.5;0.0
av_CORN_d8;38800;ASH_COATED_OSMIUM;10054;14;10050;19;;;10071;19;10074;19;;;10062.5;0.0
av_CORN_d8;38800;INTARIAN_PEPPER_ROOT;12116;18;12113;19;;;12122;17;12124;17;;;12119.0;0.0
av_CORN_d8;38900;ASH_COATED_OSMIUM;10056;17;10053;20;;;10068;18;10070;15;;;10062.0;0.0
av_CORN_d8;38900;INTARIAN_PEPPER_ROOT;12113;17;12110;26;;;12123;17;12127;19;;;12118.0;0.0
av_CORN_d8;39000;ASH_COATED_OSMIUM;10059;19;10057;17;;;10065;14;10068;20;;;10062.0;0.0
av_CORN_d8;39000;INTARIAN_PEPPER_ROOT;12113;13;12110;13;;;12122;19;12125;15;;;12117.5;0.0
av_CORN_d8;39100;ASH_COATED_OSMIUM;10059;15;10055;18;;;10065;17;10068;30;;;10062.0;0.0
av_CORN_d8;39100;INTARIAN_PEPPER_ROOT;12113;14;12111;21;;;12121;20;12124;17;;;12117.0;0.0
av_CORN_d8;39200;ASH_COATED_OSMIUM;10058;9;10056;18;;;10064;5;10066;22;;;10061.0;0.0
av_CORN_d8;39200;INTARIAN_PEPPER_ROOT;12113;16;12109;15;;;12119;5;12123;28;;;12116.0;0.0
av_CORN_d8;39300;ASH_COATED_OSMIUM;10059;13;10055;16;;;10065;15;10069;12;;;10062.0;0.0
av_CORN_d8;39300;INTARIAN_PEPPER_ROOT;12111;9;12109;17;;;12120;14;12123;19;;;12115.5;0.0
av_CORN_d8;39400;ASH_COATED_OSMIUM;10058;8;10056;26;;;10064;20;10068;20;;;10061.0;0.0
av_CORN_d8;39400;INTARIAN_PEPPER_ROOT;12112;11;12109;19;;;12118;23;12121;19;;;12115.0;0.0
av_CORN_d8;39500;ASH_COATED_OSMIUM;10058;12;10056;17;;;10064;11;10066;20;;;10061.0;0.0
av_CORN_d8;39500;INTARIAN_PEPPER_ROOT;12111;20;12108;9;;;12117;12;12120;32;;;12114.0;0.0
av_CORN_d8;39600;ASH_COATED_OSMIUM;10049;11;10047;23;;;10072;13;10074;23;;;10060.5;0.0
av_CORN_d8;39600;INTARIAN_PEPPER_ROOT;12111;17;12107;28;;;12117;16;12120;16;;;12114.0;0.0
av_CORN_d8;39700;ASH_COATED_OSMIUM;10056;5;10053;18;;;10065;16;10069;17;;;10060.5;0.0
av_CORN_d8;39700;INTARIAN_PEPPER_ROOT;12102;14;12098;19;;;12123;16;12126;19;;;12112.5;0.0
av_CORN_d8;39800;ASH_COATED_OSMIUM;10058;16;10055;23;;;10064;13;10066;24;;;10061.0;0.0
av_CORN_d8;39800;INTARIAN_PEPPER_ROOT;12098;11;12096;13;;;12129;16;12132;19;;;12113.5;0.0
av_CORN_d8;39900;ASH_COATED_OSMIUM;10056;11;10052;15;;;10066;20;10069;17;;;10061.0;0.0
av_CORN_d8;39900;INTARIAN_PEPPER_ROOT;12109;18;12105;18;;;12115;19;12118;23;;;12112.0;0.0
av_CORN_d8;40000;ASH_COATED_OSMIUM;10057;16;10055;12;;;10063;14;10066;14;;;10060.0;0.0
av_CORN_d8;40000;INTARIAN_PEPPER_ROOT;12108;15;12105;16;;;12114;12;12117;8;;;12111.0;0.0
av_CORN_d8;40100;ASH_COATED_OSMIUM;10053;9;10051;24;;;10067;16;10069;16;;;10060.0;0.0
av_CORN_d8;40100;INTARIAN_PEPPER_ROOT;12108;16;12105;19;;;12114;12;12117;8;;;12111.0;0.0
av_CORN_d8;40200;ASH_COATED_OSMIUM;10057;5;10054;21;;;10063;17;10067;20;;;10060.0;0.0
av_CORN_d8;40200;INTARIAN_PEPPER_ROOT;12107;12;12103;22;;;12113;14;12116;10;;;12110.0;0.0
av_CORN_d8;40300;ASH_COATED_OSMIUM;10057;13;10053;24;;;10063;10;10067;18;;;10060.0;0.0
av_CORN_d8;40300;INTARIAN_PEPPER_ROOT;12107;14;12105;15;;;12113;17;12117;22;;;12110.0;0.0
av_CORN_d8;40400;ASH_COATED_OSMIUM;10056;7;10053;19;;;10062;16;10064;11;;;10059.0;0.0
av_CORN_d8;40400;INTARIAN_PEPPER_ROOT;12100;19;12098;25;;;12119;18;12121;26;;;12109.5;0.0
av_CORN_d8;40500;ASH_COATED_OSMIUM;10057;16;10054;25;;;10063;9;10065;22;;;10060.0;0.0
av_CORN_d8;40500;INTARIAN_PEPPER_ROOT;12105;15;12102;21;;;12111;19;12115;26;;;12108.0;0.0
av_CORN_d8;40600;ASH_COATED_OSMIUM;10056;23;10054;16;;;10062;17;10065;25;;;10059.0;0.0
av_CORN_d8;40600;INTARIAN_PEPPER_ROOT;12100;14;12098;13;;;12116;18;12118;15;;;12108.0;0.0
av_CORN_d8;40700;ASH_COATED_OSMIUM;10056;13;10053;17;;;10062;17;10064;29;;;10059.0;0.0
av_CORN_d8;40700;INTARIAN_PEPPER_ROOT;12098;12;12096;16;;;12116;15;12118;12;;;12107.0;0.0
av_CORN_d8;40800;ASH_COATED_OSMIUM;10047;15;10043;18;;;10071;13;10074;32;;;10059.0;0.0
av_CORN_d8;40800;INTARIAN_PEPPER_ROOT;12098;18;12095;14;;;12115;13;12117;17;;;12106.5;0.0
av_CORN_d8;40900;ASH_COATED_OSMIUM;10053;20;10049;16;;;10065;11;10068;12;;;10059.0;0.0
av_CORN_d8;40900;INTARIAN_PEPPER_ROOT;12102;14;12099;16;;;12108;21;12110;18;;;12105.0;0.0
av_CORN_d8;41000;ASH_COATED_OSMIUM;10056;14;10054;15;;;10062;12;10065;24;;;10059.0;0.0
av_CORN_d8;41000;INTARIAN_PEPPER_ROOT;12095;23;12091;14;;;12114;11;12118;17;;;12104.5;0.0
av_CORN_d8;41100;ASH_COATED_OSMIUM;10041;19;10039;16;;;10075;16;10079;22;;;10058.0;0.0
av_CORN_d8;41100;INTARIAN_PEPPER_ROOT;12098;12;12094;21;;;12111;10;12115;14;;;12104.5;0.0
av_CORN_d8;41200;ASH_COATED_OSMIUM;10056;17;10053;29;;;10062;7;10066;22;;;10059.0;0.0
av_CORN_d8;41200;INTARIAN_PEPPER_ROOT;12101;8;12099;19;;;12107;20;12109;17;;;12104.0;0.0
av_CORN_d8;41300;ASH_COATED_OSMIUM;10055;20;10051;18;;;10061;10;10064;24;;;10058.0;0.0
av_CORN_d8;41300;INTARIAN_PEPPER_ROOT;12100;9;12096;18;;;12106;16;12108;29;;;12103.0;0.0
av_CORN_d8;41400;ASH_COATED_OSMIUM;10055;8;10051;23;;;10061;15;10065;29;;;10058.0;0.0
av_CORN_d8;41400;INTARIAN_PEPPER_ROOT;12088;11;12086;15;;;12116;11;12118;28;;;12102.0;0.0
av_CORN_d8;41500;ASH_COATED_OSMIUM;10046;14;10043;20;;;10071;7;10073;23;;;10058.5;0.0
av_CORN_d8;41500;INTARIAN_PEPPER_ROOT;12099;13;12096;18;;;12105;14;12108;14;;;12102.0;0.0
av_CORN_d8;41600;ASH_COATED_OSMIUM;10055;23;10051;25;;;10061;9;10063;19;;;10058.0;0.0
av_CORN_d8;41600;INTARIAN_PEPPER_ROOT;12095;20;12092;20;;;12107;6;12109;22;;;12101.0;0.0
av_CORN_d8;41700;ASH_COATED_OSMIUM;10055;17;10052;15;;;10061;16;10064;17;;;10058.0;0.0
av_CORN_d8;41700;INTARIAN_PEPPER_ROOT;12098;9;12095;31;;;12104;30;12106;19;;;12101.0;0.0
av_CORN_d8;41800;ASH_COATED_OSMIUM;10054;19;10052;19;;;10060;17;10064;19;;;10057.0;0.0
av_CORN_d8;41800;INTARIAN_PEPPER_ROOT;12097;8;12095;17;;;12103;20;12106;25;;;12100.0;0.0
av_CORN_d8;41900;ASH_COATED_OSMIUM;10050;13;10047;26;;;10064;12;10067;23;;;10057.0;0.0
av_CORN_d8;41900;INTARIAN_PEPPER_ROOT;12096;17;12094;9;;;12102;19;12105;17;;;12099.0;0.0
av_CORN_d8;42000;ASH_COATED_OSMIUM;10055;24;10051;26;;;10061;10;10065;21;;;10058.0;0.0
av_CORN_d8;42000;INTARIAN_PEPPER_ROOT;12091;10;12088;25;;;12106;14;12108;22;;;12098.5;0.0
av_CORN_d8;42100;ASH_COATED_OSMIUM;10048;24;10046;12;;;10065;16;10069;11;;;10056.5;0.0
av_CORN_d8;42100;INTARIAN_PEPPER_ROOT;12095;22;12093;17;;;12101;18;12105;13;;;12098.0;0.0
av_CORN_d8;42200;ASH_COATED_OSMIUM;10054;16;10051;15;;;10060;16;10063;13;;;10057.0;0.0
av_CORN_d8;42200;INTARIAN_PEPPER_ROOT;12094;11;12091;22;;;12100;11;12104;22;;;12097.0;0.0
av_CORN_d8;42300;ASH_COATED_OSMIUM;10054;14;10051;18;;;10060;18;10064;16;;;10057.0;0.0
av_CORN_d8;42300;INTARIAN_PEPPER_ROOT;12094;13;12090;19;;;12100;20;12104;9;;;12097.0;0.0
av_CORN_d8;42400;ASH_COATED_OSMIUM;10050;14;10048;20;;;10064;16;10067;20;;;10057.0;0.0
av_CORN_d8;42400;INTARIAN_PEPPER_ROOT;12093;19;12091;22;;;12099;11;12103;20;;;12096.0;0.0
av_CORN_d8;42500;ASH_COATED_OSMIUM;10053;5;10051;25;;;10059;11;10062;16;;;10056.0;0.0
av_CORN_d8;42500;INTARIAN_PEPPER_ROOT;12092;13;12089;10;;;12098;15;12100;23;;;12095.0;0.0
av_CORN_d8;42600;ASH_COATED_OSMIUM;10052;14;10048;28;;;10058;19;10060;23;;;10055.0;0.0
av_CORN_d8;42600;INTARIAN_PEPPER_ROOT;12092;28;12089;20;;;12098;17;12102;18;;;12095.0;0.0
av_CORN_d8;42700;ASH_COATED_OSMIUM;10051;16;10048;24;;;10061;11;10065;26;;;10056.0;0.0
av_CORN_d8;42700;INTARIAN_PEPPER_ROOT;12092;11;12089;17;;;12098;10;12100;17;;;12095.0;0.0
av_CORN_d8;42800;ASH_COATED_OSMIUM;10053;11;10050;20;;;10059;10;10062;17;;;10056.0;0.0
av_CORN_d8;42800;INTARIAN_PEPPER_ROOT;12091;14;12089;18;;;12097;17;12100;30;;;12094.0;0.0
av_CORN_d8;42900;ASH_COATED_OSMIUM;10053;9;10050;14;;;10059;14;10061;18;;;10056.0;0.0
av_CORN_d8;42900;INTARIAN_PEPPER_ROOT;12090;8;12086;12;;;12096;11;12100;25;;;12093.0;0.0
av_CORN_d8;43000;ASH_COATED_OSMIUM;10052;6;10049;17;;;10058;10;10062;30;;;10055.0;0.0
av_CORN_d8;43000;INTARIAN_PEPPER_ROOT;12080;9;12077;25;;;12106;18;12110;17;;;12093.0;0.0
av_CORN_d8;43100;ASH_COATED_OSMIUM;10053;21;10049;16;;;10059;12;10062;11;;;10056.0;0.0
av_CORN_d8;43100;INTARIAN_PEPPER_ROOT;12082;15;12078;20;;;12101;13;12104;22;;;12091.5;0.0
av_CORN_d8;43200;ASH_COATED_OSMIUM;10043;10;10040;17;;;10068;23;10071;18;;;10055.5;0.0
av_CORN_d8;43200;INTARIAN_PEPPER_ROOT;12088;12;12084;20;;;12094;14;12097;30;;;12091.0;0.0
av_CORN_d8;43300;ASH_COATED_OSMIUM;10053;7;10051;27;;;10059;14;10061;24;;;10056.0;0.0
av_CORN_d8;43300;INTARIAN_PEPPER_ROOT;12079;13;12075;14;;;12102;9;12106;19;;;12090.5;0.0
av_CORN_d8;43400;ASH_COATED_OSMIUM;10052;5;10048;17;;;10058;11;10061;26;;;10055.0;0.0
av_CORN_d8;43400;INTARIAN_PEPPER_ROOT;12087;12;12085;19;;;12094;23;12097;20;;;12090.5;0.0
av_CORN_d8;43500;ASH_COATED_OSMIUM;10052;19;10048;20;;;10058;18;10060;17;;;10055.0;0.0
av_CORN_d8;43500;INTARIAN_PEPPER_ROOT;12087;21;12083;22;;;12093;19;12096;19;;;12090.0;0.0
av_CORN_d8;43600;ASH_COATED_OSMIUM;10052;17;10048;14;;;10058;15;10060;20;;;10055.0;0.0
av_CORN_d8;43600;INTARIAN_PEPPER_ROOT;12086;19;12083;14;;;12092;12;12095;21;;;12089.0;0.0
av_CORN_d8;43700;ASH_COATED_OSMIUM;10052;10;10048;24;;;10058;17;10060;16;;;10055.0;0.0
av_CORN_d8;43700;INTARIAN_PEPPER_ROOT;12085;15;12082;8;;;12091;12;12095;20;;;12088.0;0.0
av_CORN_d8;43800;ASH_COATED_OSMIUM;10051;13;10048;21;;;10057;13;10060;13;;;10054.0;0.0
av_CORN_d8;43800;INTARIAN_PEPPER_ROOT;12083;17;12079;18;;;12092;21;12096;19;;;12087.5;0.0
av_CORN_d8;43900;ASH_COATED_OSMIUM;10051;7;10048;18;;;10057;8;10060;18;;;10054.0;0.0
av_CORN_d8;43900;INTARIAN_PEPPER_ROOT;12084;17;12081;19;;;12090;17;12092;19;;;12087.0;0.0
av_CORN_d8;44000;ASH_COATED_OSMIUM;10048;10;10044;17;;;10062;23;10064;23;;;10055.0;0.0
av_CORN_d8;44000;INTARIAN_PEPPER_ROOT;12081;16;12078;19;;;12091;13;12093;8;;;12086.0;0.0
av_CORN_d8;44100;ASH_COATED_OSMIUM;10051;19;10048;15;;;10057;17;10060;12;;;10054.0;0.0
av_CORN_d8;44100;INTARIAN_PEPPER_ROOT;12082;12;12078;18;;;12088;24;12091;13;;;12085.0;0.0
av_CORN_d8;44200;ASH_COATED_OSMIUM;10051;10;10049;16;;;10057;9;10060;21;;;10054.0;0.0
av_CORN_d8;44200;INTARIAN_PEPPER_ROOT;12081;21;12077;16;;;12089;8;12093;20;;;12085.0;0.0
av_CORN_d8;44300;ASH_COATED_OSMIUM;10050;22;10048;18;;;10057;13;10061;19;;;10053.5;0.0
av_CORN_d8;44300;INTARIAN_PEPPER_ROOT;12080;7;12078;27;;;12090;13;12093;18;;;12085.0;0.0
av_CORN_d8;44400;ASH_COATED_OSMIUM;10046;19;10044;16;;;10061;12;10063;20;;;10053.5;0.0
av_CORN_d8;44400;INTARIAN_PEPPER_ROOT;12078;16;12076;17;;;12089;13;12091;18;;;12083.5;0.0
av_CORN_d8;44500;ASH_COATED_OSMIUM;10051;20;10048;19;;;10057;13;10059;20;;;10054.0;0.0
av_CORN_d8;44500;INTARIAN_PEPPER_ROOT;12079;15;12075;18;;;12088;10;12092;16;;;12083.5;0.0
av_CORN_d8;44600;ASH_COATED_OSMIUM;10045;8;10042;10;;;10062;23;10064;24;;;10053.5;0.0
av_CORN_d8;44600;INTARIAN_PEPPER_ROOT;12079;5;12075;22;;;12085;16;12089;16;;;12082.0;0.0
av_CORN_d8;44700;ASH_COATED_OSMIUM;10050;7;10048;18;;;10056;9;10060;19;;;10053.0;0.0
av_CORN_d8;44700;INTARIAN_PEPPER_ROOT;12079;10;12076;11;;;12085;9;12088;16;;;12082.0;0.0
av_CORN_d8;44800;ASH_COATED_OSMIUM;10050;6;10047;21;;;10056;11;10060;20;;;10053.0;0.0
av_CORN_d8;44800;INTARIAN_PEPPER_ROOT;12078;5;12075;22;;;12084;13;12087;11;;;12081.0;0.0
av_CORN_d8;44900;ASH_COATED_OSMIUM;10050;23;10047;13;;;10056;20;10058;22;;;10053.0;0.0
av_CORN_d8;44900;INTARIAN_PEPPER_ROOT;12070;16;12067;21;;;12092;16;12096;18;;;12081.0;0.0
av_CORN_d8;45000;ASH_COATED_OSMIUM;10047;12;10044;20;;;10057;20;10059;24;;;10052.0;0.0
av_CORN_d8;45000;INTARIAN_PEPPER_ROOT;12077;12;12073;13;;;12084;18;12088;16;;;12080.5;0.0
av_CORN_d8;45100;ASH_COATED_OSMIUM;10048;6;10044;16;;;10056;13;10059;28;;;10052.0;0.0
av_CORN_d8;45100;INTARIAN_PEPPER_ROOT;12073;19;12069;19;;;12086;16;12090;16;;;12079.5;0.0
av_CORN_d8;45200;ASH_COATED_OSMIUM;10046;12;10042;17;;;10060;10;10064;19;;;10053.0;0.0
av_CORN_d8;45200;INTARIAN_PEPPER_ROOT;12076;14;12074;22;;;12083;18;12085;19;;;12079.5;0.0
av_CORN_d8;45300;ASH_COATED_OSMIUM;10046;7;10042;26;;;10057;12;10060;24;;;10051.5;0.0
av_CORN_d8;45300;INTARIAN_PEPPER_ROOT;12075;24;12072;15;;;12081;17;12085;23;;;12078.0;0.0
av_CORN_d8;45400;ASH_COATED_OSMIUM;10045;19;10041;25;;;10061;14;10063;21;;;10053.0;0.0
av_CORN_d8;45400;INTARIAN_PEPPER_ROOT;12074;18;12070;12;;;12080;6;12083;20;;;12077.0;0.0
av_CORN_d8;45500;ASH_COATED_OSMIUM;10049;16;10047;17;;;10055;5;10057;20;;;10052.0;0.0
av_CORN_d8;45500;INTARIAN_PEPPER_ROOT;12071;11;12069;26;;;12083;13;12087;16;;;12077.0;0.0
av_CORN_d8;45600;ASH_COATED_OSMIUM;10036;10;10033;17;;;10068;19;10071;25;;;10052.0;0.0
av_CORN_d8;45600;INTARIAN_PEPPER_ROOT;12074;20;12070;14;;;12080;12;12083;17;;;12077.0;0.0
av_CORN_d8;45700;ASH_COATED_OSMIUM;10043;14;10040;22;;;10060;15;10063;11;;;10051.5;0.0
av_CORN_d8;45700;INTARIAN_PEPPER_ROOT;12073;21;12071;24;;;12079;16;12083;25;;;12076.0;0.0
av_CORN_d8;45800;ASH_COATED_OSMIUM;10038;15;10035;23;;;10065;5;10069;26;;;10051.5;0.0
av_CORN_d8;45800;INTARIAN_PEPPER_ROOT;12072;13;12070;19;;;12078;19;12081;22;;;12075.0;0.0
av_CORN_d8;45900;ASH_COATED_OSMIUM;10048;11;10045;17;;;10054;15;10057;23;;;10051.0;0.0
av_CORN_d8;45900;INTARIAN_PEPPER_ROOT;12071;6;12067;15;;;12077;17;12080;17;;;12074.0;0.0
av_CORN_d8;46000;ASH_COATED_OSMIUM;10048;21;10044;18;;;10054;10;10057;16;;;10051.0;0.0
av_CORN_d8;46000;INTARIAN_PEPPER_ROOT;12071;17;12068;21;;;12077;22;12081;16;;;12074.0;0.0
av_CORN_d8;46100;ASH_COATED_OSMIUM;10037;12;10034;19;;;10066;16;10070;8;;;10051.5;0.0
av_CORN_d8;46100;INTARIAN_PEPPER_ROOT;12070;16;12068;11;;;12076;12;12078;27;;;12073.0;0.0
av_CORN_d8;46200;ASH_COATED_OSMIUM;10043;14;10039;28;;;10058;17;10062;23;;;10050.5;0.0
av_CORN_d8;46200;INTARIAN_PEPPER_ROOT;12067;13;12063;22;;;12078;13;12082;21;;;12072.5;0.0
av_CORN_d8;46300;ASH_COATED_OSMIUM;10043;20;10040;21;;;10060;16;10062;19;;;10051.5;0.0
av_CORN_d8;46300;INTARIAN_PEPPER_ROOT;12063;20;12060;8;;;12081;13;12083;15;;;12072.0;0.0
av_CORN_d8;46400;ASH_COATED_OSMIUM;10047;20;10044;26;;;10053;8;10055;19;;;10050.0;0.0
av_CORN_d8;46400;INTARIAN_PEPPER_ROOT;12068;17;12065;27;;;12075;10;12079;19;;;12071.5;0.0
av_CORN_d8;46500;ASH_COATED_OSMIUM;10046;7;10042;30;;;10054;14;10058;18;;;10050.0;0.0
av_CORN_d8;46500;INTARIAN_PEPPER_ROOT;12068;17;12065;12;;;12074;9;12077;20;;;12071.0;0.0
av_CORN_d8;46600;ASH_COATED_OSMIUM;10047;13;10045;14;;;10053;16;10057;25;;;10050.0;0.0
av_CORN_d8;46600;INTARIAN_PEPPER_ROOT;12067;19;12063;20;;;12075;5;12077;30;;;12071.0;0.0
av_CORN_d8;46700;ASH_COATED_OSMIUM;10029;21;10027;12;;;10071;20;10075;21;;;10050.0;0.0
av_CORN_d8;46700;INTARIAN_PEPPER_ROOT;12043;16;12040;18;;;12096;11;12099;13;;;12069.5;0.0
av_CORN_d8;46800;ASH_COATED_OSMIUM;10045;12;10042;27;;;10054;5;10056;29;;;10049.5;0.0
av_CORN_d8;46800;INTARIAN_PEPPER_ROOT;12065;19;12063;19;;;12071;6;12075;23;;;12068.0;0.0
av_CORN_d8;46900;ASH_COATED_OSMIUM;10047;7;10043;17;;;10053;9;10057;26;;;10050.0;0.0
av_CORN_d8;46900;INTARIAN_PEPPER_ROOT;12059;11;12056;29;;;12078;10;12082;19;;;12068.5;0.0
av_CORN_d8;47000;ASH_COATED_OSMIUM;10040;11;10037;16;;;10059;26;10062;27;;;10049.5;0.0
av_CORN_d8;47000;INTARIAN_PEPPER_ROOT;12065;20;12062;22;;;12071;23;12073;19;;;12068.0;0.0
av_CORN_d8;47100;ASH_COATED_OSMIUM;10046;11;10042;26;;;10052;15;10055;19;;;10049.0;0.0
av_CORN_d8;47100;INTARIAN_PEPPER_ROOT;12064;9;12061;24;;;12070;7;12073;24;;;12067.0;0.0
av_CORN_d8;47200;ASH_COATED_OSMIUM;10044;13;10040;20;;;10054;14;10056;21;;;10049.0;0.0
av_CORN_d8;47200;INTARIAN_PEPPER_ROOT;12061;17;12057;15;;;12072;20;12076;23;;;12066.5;0.0
av_CORN_d8;47300;ASH_COATED_OSMIUM;10044;11;10040;21;;;10053;8;10056;22;;;10048.5;0.0
av_CORN_d8;47300;INTARIAN_PEPPER_ROOT;12046;15;12042;14;;;12086;10;12089;21;;;12066.0;0.0
av_CORN_d8;47400;ASH_COATED_OSMIUM;10046;22;10043;16;;;10052;11;10054;11;;;10049.0;0.0
av_CORN_d8;47400;INTARIAN_PEPPER_ROOT;12063;14;12060;19;;;12069;12;12072;15;;;12066.0;0.0
av_CORN_d8;47500;ASH_COATED_OSMIUM;10046;10;10044;10;;;10052;17;10055;12;;;10049.0;0.0
av_CORN_d8;47500;INTARIAN_PEPPER_ROOT;12062;9;12059;21;;;12068;17;12071;20;;;12065.0;0.0
av_CORN_d8;47600;ASH_COATED_OSMIUM;10046;8;10043;25;;;10052;12;10054;24;;;10049.0;0.0
av_CORN_d8;47600;INTARIAN_PEPPER_ROOT;12061;14;12059;27;;;12067;13;12070;20;;;12064.0;0.0
av_CORN_d8;47700;ASH_COATED_OSMIUM;10042;12;10040;10;;;10055;12;10058;17;;;10048.5;0.0
av_CORN_d8;47700;INTARIAN_PEPPER_ROOT;12058;7;12055;27;;;12069;21;12072;21;;;12063.5;0.0
av_CORN_d8;47800;ASH_COATED_OSMIUM;10045;21;10043;20;;;10051;8;10053;17;;;10048.0;0.0
av_CORN_d8;47800;INTARIAN_PEPPER_ROOT;12059;21;12055;22;;;12065;23;12069;18;;;12062.0;0.0
av_CORN_d8;47900;ASH_COATED_OSMIUM;10045;26;10042;22;;;10051;15;10053;24;;;10048.0;0.0
av_CORN_d8;47900;INTARIAN_PEPPER_ROOT;12059;16;12056;17;;;12065;9;12067;23;;;12062.0;0.0
av_CORN_d8;48000;ASH_COATED_OSMIUM;10045;8;10043;20;;;10051;12;10055;28;;;10048.0;0.0
av_CORN_d8;48000;INTARIAN_PEPPER_ROOT;12056;18;12053;16;;;12068;29;12070;14;;;12062.0;0.0
av_CORN_d8;48100;ASH_COATED_OSMIUM;10044;18;10040;17;;;10050;21;10053;16;;;10047.0;0.0
av_CORN_d8;48100;INTARIAN_PEPPER_ROOT;12057;10;12054;19;;;12063;13;12065;23;;;12060.0;0.0
av_CORN_d8;48200;ASH_COATED_OSMIUM;10043;15;10041;16;;;10051;19;10055;11;;;10047.0;0.0
av_CORN_d8;48200;INTARIAN_PEPPER_ROOT;12054;16;12050;16;;;12065;14;12067;17;;;12059.5;0.0
av_CORN_d8;48300;ASH_COATED_OSMIUM;10044;13;10040;8;;;10051;23;10053;28;;;10047.5;0.0
av_CORN_d8;48300;INTARIAN_PEPPER_ROOT;12057;17;12055;22;;;12063;11;12065;29;;;12060.0;0.0
av_CORN_d8;48400;ASH_COATED_OSMIUM;10044;18;10042;23;;;10050;12;10052;14;;;10047.0;0.0
av_CORN_d8;48400;INTARIAN_PEPPER_ROOT;12056;17;12052;16;;;12062;11;12065;20;;;12059.0;0.0
av_CORN_d8;48500;ASH_COATED_OSMIUM;10044;8;10042;18;;;10050;16;10054;25;;;10047.0;0.0
av_CORN_d8;48500;INTARIAN_PEPPER_ROOT;12055;16;12051;28;;;12061;24;12064;26;;;12058.0;0.0
av_CORN_d8;48600;ASH_COATED_OSMIUM;10036;12;10033;29;;;10058;15;10060;20;;;10047.0;0.0
av_CORN_d8;48600;INTARIAN_PEPPER_ROOT;12052;12;12048;23;;;12061;19;12065;25;;;12056.5;0.0
av_CORN_d8;48700;ASH_COATED_OSMIUM;10042;9;10039;21;;;10050;19;10054;31;;;10046.0;0.0
av_CORN_d8;48700;INTARIAN_PEPPER_ROOT;12053;23;12049;12;;;12060;13;12064;14;;;12056.5;0.0
av_CORN_d8;48800;ASH_COATED_OSMIUM;10043;12;10040;27;;;10050;14;10053;8;;;10046.5;0.0
av_CORN_d8;48800;INTARIAN_PEPPER_ROOT;12050;10;12048;15;;;12063;21;12065;17;;;12056.5;0.0
av_CORN_d8;48900;ASH_COATED_OSMIUM;10041;15;10037;18;;;10053;17;10057;21;;;10047.0;0.0
av_CORN_d8;48900;INTARIAN_PEPPER_ROOT;12052;16;12050;21;;;12059;19;12062;17;;;12055.5;0.0
av_CORN_d8;49000;ASH_COATED_OSMIUM;10038;18;10034;19;;;10054;17;10058;19;;;10046.0;0.0
av_CORN_d8;49000;INTARIAN_PEPPER_ROOT;12052;22;12049;14;;;12058;8;12060;32;;;12055.0;0.0
av_CORN_d8;49100;ASH_COATED_OSMIUM;10043;18;10041;22;;;10049;18;10051;17;;;10046.0;0.0
av_CORN_d8;49100;INTARIAN_PEPPER_ROOT;12051;9;12048;19;;;12057;13;12059;19;;;12054.0;0.0
av_CORN_d8;49200;ASH_COATED_OSMIUM;10032;24;10028;17;;;10060;18;10063;27;;;10046.0;0.0
av_CORN_d8;49200;INTARIAN_PEPPER_ROOT;12048;21;12044;11;;;12060;20;12064;29;;;12054.0;0.0
av_CORN_d8;49300;ASH_COATED_OSMIUM;10038;9;10034;26;;;10053;23;10056;19;;;10045.5;0.0
av_CORN_d8;49300;INTARIAN_PEPPER_ROOT;12047;9;12045;27;;;12059;11;12063;11;;;12053.0;0.0
av_CORN_d8;49400;ASH_COATED_OSMIUM;10043;15;10040;22;;;10049;13;10051;23;;;10046.0;0.0
av_CORN_d8;49400;INTARIAN_PEPPER_ROOT;12050;16;12047;24;;;12056;18;12060;12;;;12053.0;0.0
av_CORN_d8;49500;ASH_COATED_OSMIUM;10042;10;10039;21;;;10048;13;10050;19;;;10045.0;0.0
av_CORN_d8;49500;INTARIAN_PEPPER_ROOT;12043;15;12040;18;;;12059;14;12061;17;;;12051.0;0.0
av_CORN_d8;49600;ASH_COATED_OSMIUM;10042;13;10040;20;;;10048;18;10051;19;;;10045.0;0.0
av_CORN_d8;49600;INTARIAN_PEPPER_ROOT;12027;23;12024;21;;;12077;13;12079;22;;;12052.0;0.0
av_CORN_d8;49700;ASH_COATED_OSMIUM;10040;8;10038;20;;;10050;11;10052;14;;;10045.0;0.0
av_CORN_d8;49700;INTARIAN_PEPPER_ROOT;12048;9;12046;19;;;12054;14;12057;21;;;12051.0;0.0
av_CORN_d8;49800;ASH_COATED_OSMIUM;10042;17;10039;17;;;10048;15;10051;16;;;10045.0;0.0
av_CORN_d8;49800;INTARIAN_PEPPER_ROOT;12047;14;12045;29;;;12053;20;12057;18;;;12050.0;0.0
av_CORN_d8;49900;ASH_COATED_OSMIUM;10037;21;10035;20;;;10053;8;10055;22;;;10045.0;0.0
av_CORN_d8;49900;INTARIAN_PEPPER_ROOT;12047;21;12043;18;;;12053;10;12055;22;;;12050.0;0.0
av_CORN_d8;50000;ASH_COATED_OSMIUM;10042;8;10039;20;;;10048;15;10052;26;;;10045.0;0.0
av_CORN_d8;50000;INTARIAN_PEPPER_ROOT;12042;5;12039;33;;;12056;22;12060;19;;;12049.0;0.0
av_CORN_d8;50100;ASH_COATED_OSMIUM;10042;30;10040;24;;;10048;11;10051;22;;;10045.0;0.0
av_CORN_d8;50100;INTARIAN_PEPPER_ROOT;12046;14;12042;20;;;12052;9;12054;22;;;12049.0;0.0
av_CORN_d8;50200;ASH_COATED_OSMIUM;10041;11;10038;24;;;10047;16;10049;24;;;10044.0;0.0
av_CORN_d8;50200;INTARIAN_PEPPER_ROOT;12042;16;12039;20;;;12054;11;12057;20;;;12048.0;0.0
av_CORN_d8;50300;ASH_COATED_OSMIUM;10039;14;10036;23;;;10048;18;10052;19;;;10043.5;0.0
av_CORN_d8;50300;INTARIAN_PEPPER_ROOT;12044;15;12041;21;;;12050;14;12054;25;;;12047.0;0.0
av_CORN_d8;50400;ASH_COATED_OSMIUM;10041;17;10037;20;;;10047;10;10050;20;;;10044.0;0.0
av_CORN_d8;50400;INTARIAN_PEPPER_ROOT;12036;9;12032;19;;;12057;14;12060;24;;;12046.5;0.0
av_CORN_d8;50500;ASH_COATED_OSMIUM;10038;18;10036;12;;;10049;10;10053;25;;;10043.5;0.0
av_CORN_d8;50500;INTARIAN_PEPPER_ROOT;12043;23;12041;19;;;12049;24;12051;16;;;12046.0;0.0
av_CORN_d8;50600;ASH_COATED_OSMIUM;10041;17;10038;24;;;10047;19;10051;22;;;10044.0;0.0
av_CORN_d8;50600;INTARIAN_PEPPER_ROOT;12034;7;12031;22;;;12056;14;12058;17;;;12045.0;0.0
av_CORN_d8;50700;ASH_COATED_OSMIUM;10040;18;10038;15;;;10046;11;10048;19;;;10043.0;0.0
av_CORN_d8;50700;INTARIAN_PEPPER_ROOT;12042;20;12038;15;;;12048;14;12051;23;;;12045.0;0.0
av_CORN_d8;50800;ASH_COATED_OSMIUM;10040;5;10037;23;;;10047;18;10051;20;;;10043.5;0.0
av_CORN_d8;50800;INTARIAN_PEPPER_ROOT;12041;17;12037;13;;;12047;17;12051;24;;;12044.0;0.0
av_CORN_d8;50900;ASH_COATED_OSMIUM;10040;9;10038;20;;;10046;11;10050;13;;;10043.0;0.0
av_CORN_d8;50900;INTARIAN_PEPPER_ROOT;12040;19;12036;17;;;12046;16;12050;20;;;12043.0;0.0
av_CORN_d8;51000;ASH_COATED_OSMIUM;10040;13;10036;19;;;10046;21;10050;21;;;10043.0;0.0
av_CORN_d8;51000;INTARIAN_PEPPER_ROOT;12040;21;12038;16;;;12046;5;12048;22;;;12043.0;0.0
av_CORN_d8;51100;ASH_COATED_OSMIUM;10039;15;10035;14;;;10047;16;10050;22;;;10043.0;0.0
av_CORN_d8;51100;INTARIAN_PEPPER_ROOT;12037;18;12034;20;;;12048;15;12052;14;;;12042.5;0.0
av_CORN_d8;51200;ASH_COATED_OSMIUM;10035;11;10031;17;;;10052;19;10054;29;;;10043.5;0.0
av_CORN_d8;51200;INTARIAN_PEPPER_ROOT;12033;10;12031;17;;;12051;17;12054;21;;;12042.0;0.0
av_CORN_d8;51300;ASH_COATED_OSMIUM;10036;15;10033;16;;;10051;14;10053;18;;;10043.5;0.0
av_CORN_d8;51300;INTARIAN_PEPPER_ROOT;12033;17;12031;27;;;12049;25;12053;29;;;12041.0;0.0
av_CORN_d8;51400;ASH_COATED_OSMIUM;10041;11;10039;22;;;10047;5;10049;23;;;10044.0;0.0
av_CORN_d8;51400;INTARIAN_PEPPER_ROOT;12035;20;12032;18;;;12047;17;12049;27;;;12041.0;0.0
av_CORN_d8;51500;ASH_COATED_OSMIUM;10041;19;10039;13;;;10047;10;10049;17;;;10044.0;0.0
av_CORN_d8;51500;INTARIAN_PEPPER_ROOT;12029;10;12027;21;;;12052;23;12055;23;;;12040.5;0.0
av_CORN_d8;51600;ASH_COATED_OSMIUM;10042;15;10040;17;;;10048;17;10051;17;;;10045.0;0.0
av_CORN_d8;51600;INTARIAN_PEPPER_ROOT;12030;18;12028;12;;;12049;13;12052;24;;;12039.5;0.0
av_CORN_d8;51700;ASH_COATED_OSMIUM;10042;7;10040;21;;;10048;13;10050;8;;;10045.0;0.0
av_CORN_d8;51700;INTARIAN_PEPPER_ROOT;12034;13;12030;13;;;12044;11;12047;15;;;12039.0;0.0
av_CORN_d8;51800;ASH_COATED_OSMIUM;10042;11;10040;26;;;10048;12;10050;27;;;10045.0;0.0
av_CORN_d8;51800;INTARIAN_PEPPER_ROOT;12035;18;12033;23;;;12041;12;12043;20;;;12038.0;0.0
av_CORN_d8;51900;ASH_COATED_OSMIUM;10042;11;10040;8;;;10048;16;10050;27;;;10045.0;0.0
av_CORN_d8;51900;INTARIAN_PEPPER_ROOT;12035;15;12031;18;;;12041;24;12043;12;;;12038.0;0.0
av_CORN_d8;52000;ASH_COATED_OSMIUM;10042;13;10040;21;;;10048;17;10050;24;;;10045.0;0.0
av_CORN_d8;52000;INTARIAN_PEPPER_ROOT;12035;14;12033;15;;;12041;18;12044;26;;;12038.0;0.0
av_CORN_d8;52100;ASH_COATED_OSMIUM;10043;8;10041;24;;;10049;20;10053;9;;;10046.0;0.0
av_CORN_d8;52100;INTARIAN_PEPPER_ROOT;12035;16;12032;17;;;12041;15;12043;25;;;12038.0;0.0
av_CORN_d8;52200;ASH_COATED_OSMIUM;10042;6;10038;23;;;10048;6;10051;23;;;10045.0;0.0
av_CORN_d8;52200;INTARIAN_PEPPER_ROOT;12025;6;12023;21;;;12049;18;12052;21;;;12037.0;0.0
av_CORN_d8;52300;ASH_COATED_OSMIUM;10041;13;10039;25;;;10050;16;10052;22;;;10045.5;0.0
av_CORN_d8;52300;INTARIAN_PEPPER_ROOT;12031;14;12028;17;;;12040;12;12043;20;;;12035.5;0.0
av_CORN_d8;52400;ASH_COATED_OSMIUM;10042;16;10038;24;;;10048;15;10052;23;;;10045.0;0.0
av_CORN_d8;52400;INTARIAN_PEPPER_ROOT;12031;7;12028;21;;;12039;10;12043;27;;;12035.0;0.0
av_CORN_d8;52500;ASH_COATED_OSMIUM;10042;6;10038;17;;;10048;14;10050;22;;;10045.0;0.0
av_CORN_d8;52500;INTARIAN_PEPPER_ROOT;12023;14;12021;17;;;12048;18;12051;19;;;12035.5;0.0
av_CORN_d8;52600;ASH_COATED_OSMIUM;10043;21;10040;16;;;10049;6;10053;16;;;10046.0;0.0
av_CORN_d8;52600;INTARIAN_PEPPER_ROOT;12026;15;12023;19;;;12044;6;12047;21;;;12035.0;0.0
av_CORN_d8;52700;ASH_COATED_OSMIUM;10043;12;10039;9;;;10049;7;10053;22;;;10046.0;0.0
av_CORN_d8;52700;INTARIAN_PEPPER_ROOT;12031;9;12027;16;;;12037;14;12041;20;;;12034.0;0.0
av_CORN_d8;52800;ASH_COATED_OSMIUM;10043;11;10041;25;;;10049;20;10052;20;;;10046.0;0.0
av_CORN_d8;52800;INTARIAN_PEPPER_ROOT;12030;15;12026;22;;;12036;19;12038;15;;;12033.0;0.0
av_CORN_d8;52900;ASH_COATED_OSMIUM;10036;6;10033;18;;;10055;13;10057;24;;;10045.5;0.0
av_CORN_d8;52900;INTARIAN_PEPPER_ROOT;12030;19;12027;9;;;12036;22;12038;23;;;12033.0;0.0
av_CORN_d8;53000;ASH_COATED_OSMIUM;10044;17;10042;21;;;10050;10;10052;12;;;10047.0;0.0
av_CORN_d8;53000;INTARIAN_PEPPER_ROOT;12023;18;12019;24;;;12041;26;12045;18;;;12032.0;0.0
av_CORN_d8;53100;ASH_COATED_OSMIUM;10044;15;10041;24;;;10050;15;10052;15;;;10047.0;0.0
av_CORN_d8;53100;INTARIAN_PEPPER_ROOT;12028;24;12024;20;;;12034;12;12037;28;;;12031.0;0.0
av_CORN_d8;53200;ASH_COATED_OSMIUM;10044;17;10040;16;;;10050;24;10053;22;;;10047.0;0.0
av_CORN_d8;53200;INTARIAN_PEPPER_ROOT;12029;15;12025;8;;;12035;22;12039;18;;;12032.0;0.0
av_CORN_d8;53300;ASH_COATED_OSMIUM;10034;18;10032;14;;;10060;21;10064;17;;;10047.0;0.0
av_CORN_d8;53300;INTARIAN_PEPPER_ROOT;12028;18;12024;27;;;12034;5;12038;12;;;12031.0;0.0
av_CORN_d8;53400;ASH_COATED_OSMIUM;10043;10;10039;22;;;10051;18;10054;10;;;10047.0;0.0
av_CORN_d8;53400;INTARIAN_PEPPER_ROOT;12027;11;12025;21;;;12033;16;12037;27;;;12030.0;0.0
av_CORN_d8;53500;ASH_COATED_OSMIUM;10035;9;10031;12;;;10060;16;10062;19;;;10047.5;0.0
av_CORN_d8;53500;INTARIAN_PEPPER_ROOT;12027;19;12023;24;;;12033;19;12037;15;;;12030.0;0.0
av_CORN_d8;53600;ASH_COATED_OSMIUM;10041;7;10039;14;;;10055;7;10057;19;;;10048.0;0.0
av_CORN_d8;53600;INTARIAN_PEPPER_ROOT;12026;24;12022;19;;;12032;16;12034;19;;;12029.0;0.0
av_CORN_d8;53700;ASH_COATED_OSMIUM;10036;20;10032;13;;;10059;6;10063;18;;;10047.5;0.0
av_CORN_d8;53700;INTARIAN_PEPPER_ROOT;12024;10;12022;22;;;12033;16;12037;19;;;12028.5;0.0
av_CORN_d8;53800;ASH_COATED_OSMIUM;10044;17;10040;17;;;10050;20;10053;18;;;10047.0;0.0
av_CORN_d8;53800;INTARIAN_PEPPER_ROOT;12025;21;12021;21;;;12031;18;12033;16;;;12028.0;0.0
av_CORN_d8;53900;ASH_COATED_OSMIUM;10045;19;10042;25;;;10051;5;10054;15;;;10048.0;0.0
av_CORN_d8;53900;INTARIAN_PEPPER_ROOT;12003;19;12001;19;;;12053;22;12055;28;;;12028.0;0.0
av_CORN_d8;54000;ASH_COATED_OSMIUM;10045;21;10042;22;;;10051;11;10054;21;;;10048.0;0.0
av_CORN_d8;54000;INTARIAN_PEPPER_ROOT;12025;5;12022;23;;;12031;6;12034;13;;;12028.0;0.0
av_CORN_d8;54100;ASH_COATED_OSMIUM;10040;15;10037;27;;;10056;14;10059;21;;;10048.0;0.0
av_CORN_d8;54100;INTARIAN_PEPPER_ROOT;12024;18;12021;23;;;12030;11;12033;21;;;12027.0;0.0
av_CORN_d8;54200;ASH_COATED_OSMIUM;10043;15;10040;14;;;10054;19;10058;18;;;10048.5;0.0
av_CORN_d8;54200;INTARIAN_PEPPER_ROOT;12022;9;12018;27;;;12030;10;12032;16;;;12026.0;0.0
av_CORN_d8;54300;ASH_COATED_OSMIUM;10045;9;10043;23;;;10051;10;10054;20;;;10048.0;0.0
av_CORN_d8;54300;INTARIAN_PEPPER_ROOT;12019;19;12017;29;;;12033;21;12035;25;;;12026.0;0.0
av_CORN_d8;54400;ASH_COATED_OSMIUM;10044;8;10041;21;;;10054;16;10057;16;;;10049.0;0.0
av_CORN_d8;54400;INTARIAN_PEPPER_ROOT;12022;17;12018;17;;;12028;18;12032;21;;;12025.0;0.0
av_CORN_d8;54500;ASH_COATED_OSMIUM;10046;7;10044;8;;;10052;8;10054;19;;;10049.0;0.0
av_CORN_d8;54500;INTARIAN_PEPPER_ROOT;12022;18;12019;21;;;12028;16;12030;9;;;12025.0;0.0
av_CORN_d8;54600;ASH_COATED_OSMIUM;10045;10;10043;20;;;10052;8;10055;20;;;10048.5;0.0
av_CORN_d8;54600;INTARIAN_PEPPER_ROOT;12019;14;12016;22;;;12031;19;12033;21;;;12025.0;0.0
av_CORN_d8;54700;ASH_COATED_OSMIUM;10046;7;10043;26;;;10052;22;10054;15;;;10049.0;0.0
av_CORN_d8;54700;INTARIAN_PEPPER_ROOT;12021;17;12019;17;;;12027;21;12029;12;;;12024.0;0.0
av_CORN_d8;54800;ASH_COATED_OSMIUM;10046;13;10044;26;;;10052;11;10054;26;;;10049.0;0.0
av_CORN_d8;54800;INTARIAN_PEPPER_ROOT;12018;16;12015;21;;;12029;6;12032;27;;;12023.5;0.0
av_CORN_d8;54900;ASH_COATED_OSMIUM;10045;19;10042;18;;;10054;10;10056;18;;;10049.5;0.0
av_CORN_d8;54900;INTARIAN_PEPPER_ROOT;12014;13;12011;21;;;12032;8;12035;21;;;12023.0;0.0
av_CORN_d8;55000;ASH_COATED_OSMIUM;10046;7;10043;15;;;10052;21;10056;31;;;10049.0;0.0
av_CORN_d8;55000;INTARIAN_PEPPER_ROOT;11995;13;11991;17;;;12050;21;12053;23;;;12022.5;0.0
av_CORN_d8;55100;ASH_COATED_OSMIUM;10043;26;10039;19;;;10056;15;10060;18;;;10049.5;0.0
av_CORN_d8;55100;INTARIAN_PEPPER_ROOT;12019;14;12015;11;;;12025;16;12027;18;;;12022.0;0.0
av_CORN_d8;55200;ASH_COATED_OSMIUM;10044;5;10042;13;;;10054;5;10058;25;;;10049.0;0.0
av_CORN_d8;55200;INTARIAN_PEPPER_ROOT;12018;18;12014;13;;;12024;18;12027;22;;;12021.0;0.0
av_CORN_d8;55300;ASH_COATED_OSMIUM;10047;17;10044;18;;;10053;5;10056;23;;;10050.0;0.0
av_CORN_d8;55300;INTARIAN_PEPPER_ROOT;12018;17;12016;17;;;12024;19;12026;16;;;12021.0;0.0
av_CORN_d8;55400;ASH_COATED_OSMIUM;10047;17;10044;18;;;10053;12;10057;22;;;10050.0;0.0
av_CORN_d8;55400;INTARIAN_PEPPER_ROOT;12017;17;12015;28;;;12023;5;12026;24;;;12020.0;0.0
av_CORN_d8;55500;ASH_COATED_OSMIUM;10047;13;10043;19;;;10053;13;10057;26;;;10050.0;0.0
av_CORN_d8;55500;INTARIAN_PEPPER_ROOT;12017;16;12014;13;;;12024;12;12026;27;;;12020.5;0.0
av_CORN_d8;55600;ASH_COATED_OSMIUM;10046;17;10044;20;;;10055;8;10057;24;;;10050.5;0.0
av_CORN_d8;55600;INTARIAN_PEPPER_ROOT;12016;6;12013;16;;;12022;14;12025;16;;;12019.0;0.0
av_CORN_d8;55700;ASH_COATED_OSMIUM;10047;15;10043;26;;;10053;18;10057;19;;;10050.0;0.0
av_CORN_d8;55700;INTARIAN_PEPPER_ROOT;12013;17;12009;28;;;12023;16;12026;15;;;12018.0;0.0
av_CORN_d8;55800;ASH_COATED_OSMIUM;10044;13;10040;18;;;10057;8;10059;23;;;10050.5;0.0
av_CORN_d8;55800;INTARIAN_PEPPER_ROOT;12000;15;11998;24;;;12036;17;12039;21;;;12018.0;0.0
av_CORN_d8;55900;ASH_COATED_OSMIUM;10042;18;10038;13;;;10060;11;10064;24;;;10051.0;0.0
av_CORN_d8;55900;INTARIAN_PEPPER_ROOT;12015;13;12011;13;;;12021;14;12024;13;;;12018.0;0.0
av_CORN_d8;56000;ASH_COATED_OSMIUM;10044;13;10041;22;;;10058;13;10062;22;;;10051.0;0.0
av_CORN_d8;56000;INTARIAN_PEPPER_ROOT;12012;19;12009;34;;;12023;8;12025;22;;;12017.5;0.0
av_CORN_d8;56100;ASH_COATED_OSMIUM;10049;10;10047;18;;;10055;11;10059;14;;;10052.0;0.0
av_CORN_d8;56100;INTARIAN_PEPPER_ROOT;12013;16;12011;17;;;12020;19;12024;20;;;12016.5;0.0
av_CORN_d8;56200;ASH_COATED_OSMIUM;10045;11;10042;20;;;10057;14;10060;18;;;10051.0;0.0
av_CORN_d8;56200;INTARIAN_PEPPER_ROOT;12013;15;12010;18;;;12019;12;12021;13;;;12016.0;0.0
av_CORN_d8;56300;ASH_COATED_OSMIUM;10048;23;10044;20;;;10054;10;10057;21;;;10051.0;0.0
av_CORN_d8;56300;INTARIAN_PEPPER_ROOT;12013;5;12011;23;;;12019;13;12021;27;;;12016.0;0.0
av_CORN_d8;56400;ASH_COATED_OSMIUM;10048;17;10044;23;;;10054;5;10058;15;;;10051.0;0.0
av_CORN_d8;56400;INTARIAN_PEPPER_ROOT;12012;21;12009;13;;;12018;15;12022;23;;;12015.0;0.0
av_CORN_d8;56500;ASH_COATED_OSMIUM;10049;16;10045;21;;;10055;8;10057;9;;;10052.0;0.0
av_CORN_d8;56500;INTARIAN_PEPPER_ROOT;12009;18;12006;22;;;12020;21;12023;14;;;12014.5;0.0
av_CORN_d8;56600;ASH_COATED_OSMIUM;10049;16;10046;19;;;10055;8;10057;25;;;10052.0;0.0
av_CORN_d8;56600;INTARIAN_PEPPER_ROOT;12011;11;12008;24;;;12017;14;12020;20;;;12014.0;0.0
