day;timestamp;product;bid_price_1;bid_volume_1;bid_price_2;bid_volume_2;bid_price_3;bid_volume_3;ask_price_1;ask_volume_1;ask_price_2;ask_volume_2;ask_price_3;ask_volume_3;mid_price;profit_and_loss
av_SUGAR_d11;0;ASH_COATED_OSMIUM;9896;18;9892;30;;;9917;14;9921;23;;;9906.5;0.0
av_SUGAR_d11;0;INTARIAN_PEPPER_ROOT;10357;16;10354;21;;;10363;14;10367;19;;;10360.0;0.0
av_SUGAR_d11;100;ASH_COATED_OSMIUM;9901;14;9898;15;;;9910;9;9914;14;;;9905.5;0.0
av_SUGAR_d11;100;INTARIAN_PEPPER_ROOT;10357;20;10354;23;;;10363;9;10366;19;;;10360.0;0.0
av_SUGAR_d11;200;ASH_COATED_OSMIUM;9899;5;9897;18;;;9914;11;9916;17;;;9906.5;0.0
av_SUGAR_d11;200;INTARIAN_PEPPER_ROOT;10356;8;10353;8;;;10362;17;10364;20;;;10359.0;0.0
av_SUGAR_d11;300;ASH_COATED_OSMIUM;9902;12;9898;19;;;9908;15;9912;20;;;9905.0;0.0
av_SUGAR_d11;300;INTARIAN_PEPPER_ROOT;10353;19;10349;16;;;10363;14;10365;19;;;10358.0;0.0
av_SUGAR_d11;400;ASH_COATED_OSMIUM;9902;17;9900;22;;;9909;14;9911;21;;;9905.5;0.0
av_SUGAR_d11;400;INTARIAN_PEPPER_ROOT;10355;20;10352;8;;;10361;20;10364;20;;;10358.0;0.0
av_SUGAR_d11;500;ASH_COATED_OSMIUM;9903;13;9899;24;;;9909;16;9911;13;;;9906.0;0.0
av_SUGAR_d11;500;INTARIAN_PEPPER_ROOT;10353;10;10351;18;;;10361;16;10365;19;;;10357.0;0.0
av_SUGAR_d11;600;ASH_COATED_OSMIUM;9901;19;9899;10;;;9910;8;9913;21;;;9905.5;0.0
av_SUGAR_d11;600;INTARIAN_PEPPER_ROOT;10353;15;10349;21;;;10359;17;10361;8;;;10356.0;0.0
av_SUGAR_d11;700;ASH_COATED_OSMIUM;9899;18;9896;22;;;9911;14;9915;23;;;9905.0;0.0
av_SUGAR_d11;700;INTARIAN_PEPPER_ROOT;10353;10;10350;9;;;10359;14;10361;14;;;10356.0;0.0
av_SUGAR_d11;800;ASH_COATED_OSMIUM;9902;14;9898;12;;;9909;13;9912;10;;;9905.5;0.0
av_SUGAR_d11;800;INTARIAN_PEPPER_ROOT;10353;16;10349;18;;;10359;10;10362;17;;;10356.0;0.0
av_SUGAR_d11;900;ASH_COATED_OSMIUM;9903;16;9899;19;;;9909;17;9912;16;;;9906.0;0.0
av_SUGAR_d11;900;INTARIAN_PEPPER_ROOT;10352;23;10350;22;;;10358;12;10360;23;;;10355.0;0.0
av_SUGAR_d11;1000;ASH_COATED_OSMIUM;9902;18;9898;11;;;9908;10;9910;14;;;9905.0;0.0
av_SUGAR_d11;1000;INTARIAN_PEPPER_ROOT;10346;12;10342;13;;;10363;16;10367;27;;;10354.5;0.0
av_SUGAR_d11;1100;ASH_COATED_OSMIUM;9903;15;9901;20;;;9909;14;9911;28;;;9906.0;0.0
av_SUGAR_d11;1100;INTARIAN_PEPPER_ROOT;10351;13;10349;22;;;10357;9;10361;14;;;10354.0;0.0
av_SUGAR_d11;1200;ASH_COATED_OSMIUM;9903;9;9901;21;;;9909;16;9911;19;;;9906.0;0.0
av_SUGAR_d11;1200;INTARIAN_PEPPER_ROOT;10346;18;10343;19;;;10359;15;10363;23;;;10352.5;0.0
av_SUGAR_d11;1300;ASH_COATED_OSMIUM;9902;9;9898;17;;;9908;15;9910;23;;;9905.0;0.0
av_SUGAR_d11;1300;INTARIAN_PEPPER_ROOT;10349;18;10345;17;;;10355;28;10359;25;;;10352.0;0.0
av_SUGAR_d11;1400;ASH_COATED_OSMIUM;9901;10;9898;24;;;9909;10;9912;22;;;9905.0;0.0
av_SUGAR_d11;1400;INTARIAN_PEPPER_ROOT;10343;21;10339;23;;;10361;15;10364;19;;;10352.0;0.0
av_SUGAR_d11;1500;ASH_COATED_OSMIUM;9902;12;9899;14;;;9908;12;9911;18;;;9905.0;0.0
av_SUGAR_d11;1500;INTARIAN_PEPPER_ROOT;10349;17;10347;11;;;10355;20;10357;24;;;10352.0;0.0
av_SUGAR_d11;1600;ASH_COATED_OSMIUM;9899;18;9897;25;;;9912;6;9916;14;;;9905.5;0.0
av_SUGAR_d11;1600;INTARIAN_PEPPER_ROOT;10347;18;10345;12;;;10353;14;10356;23;;;10350.0;0.0
av_SUGAR_d11;1700;ASH_COATED_OSMIUM;9902;11;9899;21;;;9908;19;9912;30;;;9905.0;0.0
av_SUGAR_d11;1700;INTARIAN_PEPPER_ROOT;10346;19;10344;18;;;10354;13;10356;26;;;10350.0;0.0
av_SUGAR_d11;1800;ASH_COATED_OSMIUM;9902;20;9899;20;;;9908;6;9912;8;;;9905.0;0.0
av_SUGAR_d11;1800;INTARIAN_PEPPER_ROOT;10346;21;10343;20;;;10352;13;10356;26;;;10349.0;0.0
av_SUGAR_d11;1900;ASH_COATED_OSMIUM;9903;23;9900;29;;;9909;11;9913;22;;;9906.0;0.0
av_SUGAR_d11;1900;INTARIAN_PEPPER_ROOT;10346;20;10344;22;;;10352;21;10355;11;;;10349.0;0.0
av_SUGAR_d11;2000;ASH_COATED_OSMIUM;9902;19;9899;21;;;9909;10;9912;21;;;9905.5;0.0
av_SUGAR_d11;2000;INTARIAN_PEPPER_ROOT;10346;16;10344;18;;;10352;19;10354;13;;;10349.0;0.0
av_SUGAR_d11;2100;ASH_COATED_OSMIUM;9901;14;9898;21;;;9910;9;9912;16;;;9905.5;0.0
av_SUGAR_d11;2100;INTARIAN_PEPPER_ROOT;10344;16;10340;18;;;10350;7;10354;17;;;10347.0;0.0
av_SUGAR_d11;2200;ASH_COATED_OSMIUM;9902;10;9898;20;;;9908;6;9912;27;;;9905.0;0.0
av_SUGAR_d11;2200;INTARIAN_PEPPER_ROOT;10345;8;10341;18;;;10351;12;10355;22;;;10348.0;0.0
av_SUGAR_d11;2300;ASH_COATED_OSMIUM;9902;14;9900;21;;;9908;14;9911;22;;;9905.0;0.0
av_SUGAR_d11;2300;INTARIAN_PEPPER_ROOT;10344;22;10341;21;;;10350;17;10354;28;;;10347.0;0.0
av_SUGAR_d11;2400;ASH_COATED_OSMIUM;9895;12;9893;19;;;9916;5;9918;28;;;9905.5;0.0
av_SUGAR_d11;2400;INTARIAN_PEPPER_ROOT;10343;5;10340;17;;;10349;7;10351;18;;;10346.0;0.0
av_SUGAR_d11;2500;ASH_COATED_OSMIUM;9902;22;9899;14;;;9908;15;9912;25;;;9905.0;0.0
av_SUGAR_d11;2500;INTARIAN_PEPPER_ROOT;10342;5;10340;16;;;10348;7;10351;13;;;10345.0;0.0
av_SUGAR_d11;2600;ASH_COATED_OSMIUM;9902;11;9898;22;;;9908;12;9911;22;;;9905.0;0.0
av_SUGAR_d11;2600;INTARIAN_PEPPER_ROOT;10342;19;10339;8;;;10348;15;10351;33;;;10345.0;0.0
av_SUGAR_d11;2700;ASH_COATED_OSMIUM;9902;27;9898;21;;;9909;14;9913;18;;;9905.5;0.0
av_SUGAR_d11;2700;INTARIAN_PEPPER_ROOT;10341;11;10339;19;;;10347;11;10351;12;;;10344.0;0.0
av_SUGAR_d11;2800;ASH_COATED_OSMIUM;9903;10;9901;18;;;9909;17;9913;8;;;9906.0;0.0
av_SUGAR_d11;2800;INTARIAN_PEPPER_ROOT;10333;16;10330;18;;;10353;12;10356;10;;;10343.0;0.0
av_SUGAR_d11;2900;ASH_COATED_OSMIUM;9902;23;9900;21;;;9909;17;9912;19;;;9905.5;0.0
av_SUGAR_d11;2900;INTARIAN_PEPPER_ROOT;10340;26;10336;31;;;10346;20;10349;29;;;10343.0;0.0
av_SUGAR_d11;3000;ASH_COATED_OSMIUM;9902;5;9899;14;;;9908;14;9911;10;;;9905.0;0.0
av_SUGAR_d11;3000;INTARIAN_PEPPER_ROOT;10323;16;10319;14;;;10362;10;10366;13;;;10342.5;0.0
av_SUGAR_d11;3100;ASH_COATED_OSMIUM;9902;14;9899;19;;;9908;14;9910;12;;;9905.0;0.0
av_SUGAR_d11;3100;INTARIAN_PEPPER_ROOT;10332;17;10329;18;;;10352;15;10356;14;;;10342.0;0.0
av_SUGAR_d11;3200;ASH_COATED_OSMIUM;9902;14;9899;27;;;9908;12;9910;24;;;9905.0;0.0
av_SUGAR_d11;3200;INTARIAN_PEPPER_ROOT;10339;16;10337;23;;;10345;8;10347;17;;;10342.0;0.0
av_SUGAR_d11;3300;ASH_COATED_OSMIUM;9893;10;9890;8;;;9918;20;9922;32;;;9905.5;0.0
av_SUGAR_d11;3300;INTARIAN_PEPPER_ROOT;10338;5;10336;21;;;10344;18;10346;13;;;10341.0;0.0
av_SUGAR_d11;3400;ASH_COATED_OSMIUM;9902;23;9899;20;;;9908;11;9912;19;;;9905.0;0.0
av_SUGAR_d11;3400;INTARIAN_PEPPER_ROOT;10333;13;10331;21;;;10347;6;10349;17;;;10340.0;0.0
av_SUGAR_d11;3500;ASH_COATED_OSMIUM;9899;11;9895;19;;;9912;18;9915;11;;;9905.5;0.0
av_SUGAR_d11;3500;INTARIAN_PEPPER_ROOT;10336;18;10334;24;;;10342;25;10344;17;;;10339.0;0.0
av_SUGAR_d11;3600;ASH_COATED_OSMIUM;9903;15;9899;16;;;9909;8;9912;23;;;9906.0;0.0
av_SUGAR_d11;3600;INTARIAN_PEPPER_ROOT;10336;21;10332;20;;;10342;16;10344;26;;;10339.0;0.0
av_SUGAR_d11;3700;ASH_COATED_OSMIUM;9902;12;9900;18;;;9908;17;9911;16;;;9905.0;0.0
av_SUGAR_d11;3700;INTARIAN_PEPPER_ROOT;10335;22;10331;33;;;10341;18;10344;17;;;10338.0;0.0
av_SUGAR_d11;3800;ASH_COATED_OSMIUM;9901;23;9899;17;;;9909;14;9913;17;;;9905.0;0.0
av_SUGAR_d11;3800;INTARIAN_PEPPER_ROOT;10335;16;10331;22;;;10341;18;10344;19;;;10338.0;0.0
av_SUGAR_d11;3900;ASH_COATED_OSMIUM;9903;6;9899;26;;;9909;19;9913;35;;;9906.0;0.0
av_SUGAR_d11;3900;INTARIAN_PEPPER_ROOT;10334;15;10332;22;;;10340;14;10342;21;;;10337.0;0.0
av_SUGAR_d11;4000;ASH_COATED_OSMIUM;9902;17;9898;12;;;9908;14;9911;13;;;9905.0;0.0
av_SUGAR_d11;4000;INTARIAN_PEPPER_ROOT;10326;17;10322;16;;;10347;11;10349;17;;;10336.5;0.0
av_SUGAR_d11;4100;ASH_COATED_OSMIUM;9902;11;9898;13;;;9908;21;9911;23;;;9905.0;0.0
av_SUGAR_d11;4100;INTARIAN_PEPPER_ROOT;10324;19;10320;25;;;10350;10;10353;20;;;10337.0;0.0
av_SUGAR_d11;4200;ASH_COATED_OSMIUM;9896;13;9894;22;;;9914;23;9918;24;;;9905.0;0.0
av_SUGAR_d11;4200;INTARIAN_PEPPER_ROOT;10328;17;10325;21;;;10343;18;10346;29;;;10335.5;0.0
av_SUGAR_d11;4300;ASH_COATED_OSMIUM;9902;19;9900;18;;;9908;14;9910;17;;;9905.0;0.0
av_SUGAR_d11;4300;INTARIAN_PEPPER_ROOT;10330;8;10328;22;;;10340;16;10342;14;;;10335.0;0.0
av_SUGAR_d11;4400;ASH_COATED_OSMIUM;9902;17;9900;18;;;9908;12;9911;19;;;9905.0;0.0
av_SUGAR_d11;4400;INTARIAN_PEPPER_ROOT;10331;10;10327;18;;;10337;18;10340;21;;;10334.0;0.0
av_SUGAR_d11;4500;ASH_COATED_OSMIUM;9902;18;9898;22;;;9909;20;9912;27;;;9905.5;0.0
av_SUGAR_d11;4500;INTARIAN_PEPPER_ROOT;10331;13;10327;13;;;10337;7;10339;18;;;10334.0;0.0
av_SUGAR_d11;4600;ASH_COATED_OSMIUM;9901;20;9897;21;;;9909;17;9911;18;;;9905.0;0.0
av_SUGAR_d11;4600;INTARIAN_PEPPER_ROOT;10330;16;10327;18;;;10336;10;10340;8;;;10333.0;0.0
av_SUGAR_d11;4700;ASH_COATED_OSMIUM;9900;22;9896;18;;;9909;14;9911;17;;;9904.5;0.0
av_SUGAR_d11;4700;INTARIAN_PEPPER_ROOT;10330;10;10327;17;;;10336;30;10338;19;;;10333.0;0.0
av_SUGAR_d11;4800;ASH_COATED_OSMIUM;9900;16;9898;23;;;9910;16;9914;20;;;9905.0;0.0
av_SUGAR_d11;4800;INTARIAN_PEPPER_ROOT;10322;17;10320;19;;;10342;6;10344;12;;;10332.0;0.0
av_SUGAR_d11;4900;ASH_COATED_OSMIUM;9902;15;9900;20;;;9908;11;9912;17;;;9905.0;0.0
av_SUGAR_d11;4900;INTARIAN_PEPPER_ROOT;10329;5;10325;18;;;10335;15;10339;21;;;10332.0;0.0
av_SUGAR_d11;5000;ASH_COATED_OSMIUM;9893;11;9891;8;;;9917;13;9920;19;;;9905.0;0.0
av_SUGAR_d11;5000;INTARIAN_PEPPER_ROOT;10328;20;10324;26;;;10334;7;10337;23;;;10331.0;0.0
av_SUGAR_d11;5100;ASH_COATED_OSMIUM;9901;15;9898;20;;;9909;20;9913;14;;;9905.0;0.0
av_SUGAR_d11;5100;INTARIAN_PEPPER_ROOT;10327;23;10325;19;;;10333;10;10335;21;;;10330.0;0.0
av_SUGAR_d11;5200;ASH_COATED_OSMIUM;9895;18;9893;19;;;9915;22;9918;21;;;9905.0;0.0
av_SUGAR_d11;5200;INTARIAN_PEPPER_ROOT;10322;16;10319;21;;;10337;16;10341;22;;;10329.5;0.0
av_SUGAR_d11;5300;ASH_COATED_OSMIUM;9902;10;9900;21;;;9908;18;9910;13;;;9905.0;0.0
av_SUGAR_d11;5300;INTARIAN_PEPPER_ROOT;10326;15;10322;22;;;10332;15;10334;16;;;10329.0;0.0
av_SUGAR_d11;5400;ASH_COATED_OSMIUM;9902;11;9898;10;;;9908;17;9910;20;;;9905.0;0.0
av_SUGAR_d11;5400;INTARIAN_PEPPER_ROOT;10324;8;10321;21;;;10332;21;10335;22;;;10328.0;0.0
av_SUGAR_d11;5500;ASH_COATED_OSMIUM;9901;13;9897;11;;;9907;18;9910;23;;;9904.0;0.0
av_SUGAR_d11;5500;INTARIAN_PEPPER_ROOT;10325;16;10322;22;;;10331;10;10333;22;;;10328.0;0.0
av_SUGAR_d11;5600;ASH_COATED_OSMIUM;9902;16;9899;21;;;9908;10;9910;18;;;9905.0;0.0
av_SUGAR_d11;5600;INTARIAN_PEPPER_ROOT;10324;17;10320;21;;;10330;13;10332;17;;;10327.0;0.0
av_SUGAR_d11;5700;ASH_COATED_OSMIUM;9891;7;9888;21;;;9918;20;9920;19;;;9904.5;0.0
av_SUGAR_d11;5700;INTARIAN_PEPPER_ROOT;10324;18;10322;21;;;10330;12;10332;22;;;10327.0;0.0
av_SUGAR_d11;5800;ASH_COATED_OSMIUM;9902;5;9899;21;;;9908;15;9912;13;;;9905.0;0.0
av_SUGAR_d11;5800;INTARIAN_PEPPER_ROOT;10323;14;10319;22;;;10329;12;10331;23;;;10326.0;0.0
av_SUGAR_d11;5900;ASH_COATED_OSMIUM;9901;9;9899;18;;;9909;17;9911;16;;;9905.0;0.0
av_SUGAR_d11;5900;INTARIAN_PEPPER_ROOT;10320;18;10318;23;;;10330;15;10334;12;;;10325.0;0.0
av_SUGAR_d11;6000;ASH_COATED_OSMIUM;9902;14;9899;22;;;9908;8;9912;26;;;9905.0;0.0
av_SUGAR_d11;6000;INTARIAN_PEPPER_ROOT;10322;13;10318;12;;;10328;23;10332;23;;;10325.0;0.0
av_SUGAR_d11;6100;ASH_COATED_OSMIUM;9902;6;9898;25;;;9908;12;9911;25;;;9905.0;0.0
av_SUGAR_d11;6100;INTARIAN_PEPPER_ROOT;10311;11;10308;15;;;10338;12;10340;8;;;10324.5;0.0
av_SUGAR_d11;6200;ASH_COATED_OSMIUM;9902;19;9899;26;;;9908;23;9912;25;;;9905.0;0.0
av_SUGAR_d11;6200;INTARIAN_PEPPER_ROOT;10315;9;10311;28;;;10332;17;10336;12;;;10323.5;0.0
av_SUGAR_d11;6300;ASH_COATED_OSMIUM;9899;15;9895;14;;;9912;14;9914;18;;;9905.5;0.0
av_SUGAR_d11;6300;INTARIAN_PEPPER_ROOT;10320;17;10316;19;;;10326;18;10328;23;;;10323.0;0.0
av_SUGAR_d11;6400;ASH_COATED_OSMIUM;9896;20;9892;27;;;9914;18;9916;17;;;9905.0;0.0
av_SUGAR_d11;6400;INTARIAN_PEPPER_ROOT;10316;16;10314;25;;;10329;12;10333;20;;;10322.5;0.0
av_SUGAR_d11;6500;ASH_COATED_OSMIUM;9898;10;9894;22;;;9910;17;9913;24;;;9904.0;0.0
av_SUGAR_d11;6500;INTARIAN_PEPPER_ROOT;10319;17;10316;10;;;10325;11;10327;23;;;10322.0;0.0
av_SUGAR_d11;6600;ASH_COATED_OSMIUM;9900;24;9896;18;;;9910;18;9912;19;;;9905.0;0.0
av_SUGAR_d11;6600;INTARIAN_PEPPER_ROOT;10318;25;10315;20;;;10324;8;10326;24;;;10321.0;0.0
av_SUGAR_d11;6700;ASH_COATED_OSMIUM;9899;18;9895;23;;;9910;13;9913;18;;;9904.5;0.0
av_SUGAR_d11;6700;INTARIAN_PEPPER_ROOT;10318;15;10315;21;;;10324;8;10326;24;;;10321.0;0.0
av_SUGAR_d11;6800;ASH_COATED_OSMIUM;9901;12;9898;20;;;9909;18;9913;20;;;9905.0;0.0
av_SUGAR_d11;6800;INTARIAN_PEPPER_ROOT;10313;14;10310;9;;;10328;5;10331;24;;;10320.5;0.0
av_SUGAR_d11;6900;ASH_COATED_OSMIUM;9901;13;9899;26;;;9908;20;9911;24;;;9904.5;0.0
av_SUGAR_d11;6900;INTARIAN_PEPPER_ROOT;10311;11;10307;23;;;10328;26;10330;20;;;10319.5;0.0
av_SUGAR_d11;7000;ASH_COATED_OSMIUM;9902;16;9900;24;;;9908;6;9910;23;;;9905.0;0.0
av_SUGAR_d11;7000;INTARIAN_PEPPER_ROOT;10316;10;10312;27;;;10322;17;10324;17;;;10319.0;0.0
av_SUGAR_d11;7100;ASH_COATED_OSMIUM;9902;11;9899;19;;;9908;6;9912;20;;;9905.0;0.0
av_SUGAR_d11;7100;INTARIAN_PEPPER_ROOT;10315;12;10312;18;;;10321;9;10323;25;;;10318.0;0.0
av_SUGAR_d11;7200;ASH_COATED_OSMIUM;9899;8;9897;19;;;9912;13;9914;21;;;9905.5;0.0
av_SUGAR_d11;7200;INTARIAN_PEPPER_ROOT;10309;6;10306;17;;;10326;18;10330;15;;;10317.5;0.0
av_SUGAR_d11;7300;ASH_COATED_OSMIUM;9902;8;9899;14;;;9908;19;9912;14;;;9905.0;0.0
av_SUGAR_d11;7300;INTARIAN_PEPPER_ROOT;10313;6;10311;18;;;10322;16;10326;15;;;10317.5;0.0
av_SUGAR_d11;7400;ASH_COATED_OSMIUM;9902;13;9900;21;;;9908;15;9910;15;;;9905.0;0.0
av_SUGAR_d11;7400;INTARIAN_PEPPER_ROOT;10314;16;10310;21;;;10320;19;10322;16;;;10317.0;0.0
av_SUGAR_d11;7500;ASH_COATED_OSMIUM;9902;12;9898;19;;;9908;20;9911;25;;;9905.0;0.0
av_SUGAR_d11;7500;INTARIAN_PEPPER_ROOT;10311;8;10307;13;;;10321;15;10323;15;;;10316.0;0.0
av_SUGAR_d11;7600;ASH_COATED_OSMIUM;9902;12;9899;21;;;9908;13;9912;26;;;9905.0;0.0
av_SUGAR_d11;7600;INTARIAN_PEPPER_ROOT;10310;17;10306;23;;;10319;12;10322;22;;;10314.5;0.0
av_SUGAR_d11;7700;ASH_COATED_OSMIUM;9900;5;9898;22;;;9910;9;9912;19;;;9905.0;0.0
av_SUGAR_d11;7700;INTARIAN_PEPPER_ROOT;10312;18;10308;28;;;10318;17;10320;20;;;10315.0;0.0
av_SUGAR_d11;7800;ASH_COATED_OSMIUM;9881;6;9877;26;;;9928;21;9931;21;;;9904.5;0.0
av_SUGAR_d11;7800;INTARIAN_PEPPER_ROOT;10311;18;10309;22;;;10318;10;10320;17;;;10314.5;0.0
av_SUGAR_d11;7900;ASH_COATED_OSMIUM;9901;21;9899;16;;;9909;26;9911;8;;;9905.0;0.0
av_SUGAR_d11;7900;INTARIAN_PEPPER_ROOT;10311;15;10308;26;;;10317;19;10321;21;;;10314.0;0.0
av_SUGAR_d11;8000;ASH_COATED_OSMIUM;9902;16;9899;19;;;9908;16;9912;19;;;9905.0;0.0
av_SUGAR_d11;8000;INTARIAN_PEPPER_ROOT;10310;17;10307;20;;;10316;18;10320;15;;;10313.0;0.0
av_SUGAR_d11;8100;ASH_COATED_OSMIUM;9902;12;9900;17;;;9908;12;9910;28;;;9905.0;0.0
av_SUGAR_d11;8100;INTARIAN_PEPPER_ROOT;10310;15;10307;19;;;10316;24;10318;18;;;10313.0;0.0
av_SUGAR_d11;8200;ASH_COATED_OSMIUM;9902;11;9899;31;;;9908;11;9911;22;;;9905.0;0.0
av_SUGAR_d11;8200;INTARIAN_PEPPER_ROOT;10309;12;10306;18;;;10315;11;10317;21;;;10312.0;0.0
av_SUGAR_d11;8300;ASH_COATED_OSMIUM;9898;16;9895;27;;;9911;17;9914;13;;;9904.5;0.0
av_SUGAR_d11;8300;INTARIAN_PEPPER_ROOT;10305;7;10301;14;;;10318;10;10322;29;;;10311.5;0.0
av_SUGAR_d11;8400;ASH_COATED_OSMIUM;9902;16;9900;15;;;9908;23;9910;26;;;9905.0;0.0
av_SUGAR_d11;8400;INTARIAN_PEPPER_ROOT;10303;24;10299;17;;;10317;16;10320;20;;;10310.0;0.0
av_SUGAR_d11;8500;ASH_COATED_OSMIUM;9891;19;9887;17;;;9918;15;9922;21;;;9904.5;0.0
av_SUGAR_d11;8500;INTARIAN_PEPPER_ROOT;10307;13;10304;12;;;10313;15;10316;15;;;10310.0;0.0
av_SUGAR_d11;8600;ASH_COATED_OSMIUM;9901;12;9898;19;;;9907;12;9910;17;;;9904.0;0.0
av_SUGAR_d11;8600;INTARIAN_PEPPER_ROOT;10306;7;10304;24;;;10314;17;10317;25;;;10310.0;0.0
av_SUGAR_d11;8700;ASH_COATED_OSMIUM;9901;20;9897;10;;;9907;14;9910;26;;;9904.0;0.0
av_SUGAR_d11;8700;INTARIAN_PEPPER_ROOT;10306;19;10303;19;;;10312;30;10315;22;;;10309.0;0.0
av_SUGAR_d11;8800;ASH_COATED_OSMIUM;9901;19;9897;11;;;9908;18;9912;21;;;9904.5;0.0
av_SUGAR_d11;8800;INTARIAN_PEPPER_ROOT;10301;20;10299;16;;;10316;21;10318;18;;;10308.5;0.0
av_SUGAR_d11;8900;ASH_COATED_OSMIUM;9902;8;9899;10;;;9908;21;9911;15;;;9905.0;0.0
av_SUGAR_d11;8900;INTARIAN_PEPPER_ROOT;10304;24;10300;24;;;10310;14;10312;20;;;10307.0;0.0
av_SUGAR_d11;9000;ASH_COATED_OSMIUM;9902;10;9898;33;;;9908;17;9910;16;;;9905.0;0.0
av_SUGAR_d11;9000;INTARIAN_PEPPER_ROOT;10289;20;10285;20;;;10326;9;10329;22;;;10307.5;0.0
av_SUGAR_d11;9100;ASH_COATED_OSMIUM;9883;17;9881;23;;;9926;15;9929;25;;;9904.5;0.0
av_SUGAR_d11;9100;INTARIAN_PEPPER_ROOT;10304;17;10301;19;;;10310;10;10312;13;;;10307.0;0.0
av_SUGAR_d11;9200;ASH_COATED_OSMIUM;9900;15;9897;8;;;9909;22;9913;15;;;9904.5;0.0
av_SUGAR_d11;9200;INTARIAN_PEPPER_ROOT;10303;13;10299;14;;;10309;16;10312;26;;;10306.0;0.0
av_SUGAR_d11;9300;ASH_COATED_OSMIUM;9899;11;9896;19;;;9910;13;9912;22;;;9904.5;0.0
av_SUGAR_d11;9300;INTARIAN_PEPPER_ROOT;10298;22;10296;16;;;10312;5;10315;32;;;10305.0;0.0
av_SUGAR_d11;9400;ASH_COATED_OSMIUM;9902;14;9898;20;;;9908;13;9910;16;;;9905.0;0.0
av_SUGAR_d11;9400;INTARIAN_PEPPER_ROOT;10299;28;10297;10;;;10310;14;10312;17;;;10304.5;0.0
av_SUGAR_d11;9500;ASH_COATED_OSMIUM;9901;10;9897;18;;;9908;26;9911;27;;;9904.5;0.0
av_SUGAR_d11;9500;INTARIAN_PEPPER_ROOT;10301;21;10299;14;;;10307;22;10309;23;;;10304.0;0.0
av_SUGAR_d11;9600;ASH_COATED_OSMIUM;9902;14;9899;23;;;9908;21;9912;17;;;9905.0;0.0
av_SUGAR_d11;9600;INTARIAN_PEPPER_ROOT;10300;13;10297;17;;;10306;11;10308;9;;;10303.0;0.0
av_SUGAR_d11;9700;ASH_COATED_OSMIUM;9902;9;9898;16;;;9908;18;9912;17;;;9905.0;0.0
av_SUGAR_d11;9700;INTARIAN_PEPPER_ROOT;10300;17;10296;17;;;10306;12;10310;14;;;10303.0;0.0
av_SUGAR_d11;9800;ASH_COATED_OSMIUM;9902;12;9900;18;;;9908;20;9912;27;;;9905.0;0.0
av_SUGAR_d11;9800;INTARIAN_PEPPER_ROOT;10300;27;10296;16;;;10306;13;10309;19;;;10303.0;0.0
av_SUGAR_d11;9900;ASH_COATED_OSMIUM;9890;13;9886;17;;;9919;16;9922;21;;;9904.5;0.0
av_SUGAR_d11;9900;INTARIAN_PEPPER_ROOT;10299;16;10296;25;;;10305;10;10308;23;;;10302.0;0.0
av_SUGAR_d11;10000;ASH_COATED_OSMIUM;9902;18;9899;22;;;9908;10;9912;17;;;9905.0;0.0
av_SUGAR_d11;10000;INTARIAN_PEPPER_ROOT;10298;17;10295;27;;;10304;18;10307;22;;;10301.0;0.0
av_SUGAR_d11;10100;ASH_COATED_OSMIUM;9898;21;9894;12;;;9910;19;9912;22;;;9904.0;0.0
av_SUGAR_d11;10100;INTARIAN_PEPPER_ROOT;10297;20;10293;23;;;10303;25;10307;18;;;10300.0;0.0
av_SUGAR_d11;10200;ASH_COATED_OSMIUM;9890;15;9886;34;;;9919;18;9923;16;;;9904.5;0.0
av_SUGAR_d11;10200;INTARIAN_PEPPER_ROOT;10297;16;10295;18;;;10303;20;10306;12;;;10300.0;0.0
av_SUGAR_d11;10300;ASH_COATED_OSMIUM;9901;8;9898;23;;;9907;16;9910;22;;;9904.0;0.0
av_SUGAR_d11;10300;INTARIAN_PEPPER_ROOT;10287;10;10285;10;;;10313;8;10317;21;;;10300.0;0.0
av_SUGAR_d11;10400;ASH_COATED_OSMIUM;9902;21;9899;15;;;9908;14;9911;20;;;9905.0;0.0
av_SUGAR_d11;10400;INTARIAN_PEPPER_ROOT;10296;20;10294;21;;;10303;9;10306;16;;;10299.5;0.0
av_SUGAR_d11;10500;ASH_COATED_OSMIUM;9902;15;9898;8;;;9908;13;9910;24;;;9905.0;0.0
av_SUGAR_d11;10500;INTARIAN_PEPPER_ROOT;10276;20;10273;22;;;10321;13;10324;25;;;10298.5;0.0
av_SUGAR_d11;10600;ASH_COATED_OSMIUM;9895;9;9891;13;;;9915;17;9919;18;;;9905.0;0.0
av_SUGAR_d11;10600;INTARIAN_PEPPER_ROOT;10290;9;10287;16;;;10304;12;10307;25;;;10297.0;0.0
av_SUGAR_d11;10700;ASH_COATED_OSMIUM;9901;21;9898;29;;;9907;15;9910;14;;;9904.0;0.0
av_SUGAR_d11;10700;INTARIAN_PEPPER_ROOT;10291;15;10288;14;;;10303;11;10307;13;;;10297.0;0.0
av_SUGAR_d11;10800;ASH_COATED_OSMIUM;9902;26;9899;18;;;9908;18;9910;21;;;9905.0;0.0
av_SUGAR_d11;10800;INTARIAN_PEPPER_ROOT;10294;12;10292;28;;;10300;13;10302;15;;;10297.0;0.0
av_SUGAR_d11;10900;ASH_COATED_OSMIUM;9901;16;9897;20;;;9907;11;9909;20;;;9904.0;0.0
av_SUGAR_d11;10900;INTARIAN_PEPPER_ROOT;10293;9;10291;19;;;10299;12;10301;21;;;10296.0;0.0
av_SUGAR_d11;11000;ASH_COATED_OSMIUM;9902;11;9898;25;;;9908;12;9910;16;;;9905.0;0.0
av_SUGAR_d11;11000;INTARIAN_PEPPER_ROOT;10293;16;10290;23;;;10300;6;10302;19;;;10296.5;0.0
av_SUGAR_d11;11100;ASH_COATED_OSMIUM;9899;22;9896;18;;;9909;8;9912;22;;;9904.0;0.0
av_SUGAR_d11;11100;INTARIAN_PEPPER_ROOT;10289;17;10286;19;;;10299;12;10303;12;;;10294.0;0.0
av_SUGAR_d11;11200;ASH_COATED_OSMIUM;9902;21;9898;14;;;9908;9;9911;22;;;9905.0;0.0
av_SUGAR_d11;11200;INTARIAN_PEPPER_ROOT;10290;18;10287;20;;;10299;21;10302;22;;;10294.5;0.0
av_SUGAR_d11;11300;ASH_COATED_OSMIUM;9901;18;9898;21;;;9907;10;9910;24;;;9904.0;0.0
av_SUGAR_d11;11300;INTARIAN_PEPPER_ROOT;10286;18;10284;22;;;10302;11;10304;21;;;10294.0;0.0
av_SUGAR_d11;11400;ASH_COATED_OSMIUM;9900;14;9897;24;;;9909;12;9913;15;;;9904.5;0.0
av_SUGAR_d11;11400;INTARIAN_PEPPER_ROOT;10290;13;10287;15;;;10296;9;10299;16;;;10293.0;0.0
av_SUGAR_d11;11500;ASH_COATED_OSMIUM;9901;7;9897;18;;;9909;20;9911;20;;;9905.0;0.0
av_SUGAR_d11;11500;INTARIAN_PEPPER_ROOT;10266;11;10264;15;;;10319;10;10321;16;;;10292.5;0.0
av_SUGAR_d11;11600;ASH_COATED_OSMIUM;9901;13;9899;24;;;9907;11;9910;18;;;9904.0;0.0
av_SUGAR_d11;11600;INTARIAN_PEPPER_ROOT;10286;14;10282;17;;;10298;25;10300;21;;;10292.0;0.0
av_SUGAR_d11;11700;ASH_COATED_OSMIUM;9896;13;9892;22;;;9912;19;9916;14;;;9904.0;0.0
av_SUGAR_d11;11700;INTARIAN_PEPPER_ROOT;10289;18;10286;17;;;10295;13;10298;17;;;10292.0;0.0
av_SUGAR_d11;11800;ASH_COATED_OSMIUM;9901;16;9899;35;;;9907;15;9909;15;;;9904.0;0.0
av_SUGAR_d11;11800;INTARIAN_PEPPER_ROOT;10287;14;10283;17;;;10293;16;10296;19;;;10290.0;0.0
av_SUGAR_d11;11900;ASH_COATED_OSMIUM;9901;5;9898;21;;;9907;17;9911;24;;;9904.0;0.0
av_SUGAR_d11;11900;INTARIAN_PEPPER_ROOT;10285;18;10283;22;;;10296;16;10298;22;;;10290.5;0.0
av_SUGAR_d11;12000;ASH_COATED_OSMIUM;9901;18;9899;18;;;9908;11;9911;17;;;9904.5;0.0
av_SUGAR_d11;12000;INTARIAN_PEPPER_ROOT;10286;5;10284;26;;;10292;15;10294;19;;;10289.0;0.0
av_SUGAR_d11;12100;ASH_COATED_OSMIUM;9898;20;9894;25;;;9910;14;9914;17;;;9904.0;0.0
av_SUGAR_d11;12100;INTARIAN_PEPPER_ROOT;10280;11;10278;21;;;10298;6;10302;20;;;10289.0;0.0
av_SUGAR_d11;12200;ASH_COATED_OSMIUM;9894;24;9890;22;;;9914;22;9916;18;;;9904.0;0.0
av_SUGAR_d11;12200;INTARIAN_PEPPER_ROOT;10278;14;10276;23;;;10298;15;10302;16;;;10288.0;0.0
av_SUGAR_d11;12300;ASH_COATED_OSMIUM;9902;15;9899;21;;;9908;22;9911;14;;;9905.0;0.0
av_SUGAR_d11;12300;INTARIAN_PEPPER_ROOT;10285;17;10282;14;;;10292;19;10294;20;;;10288.5;0.0
av_SUGAR_d11;12400;ASH_COATED_OSMIUM;9901;19;9897;17;;;9907;8;9911;25;;;9904.0;0.0
av_SUGAR_d11;12400;INTARIAN_PEPPER_ROOT;10284;12;10282;9;;;10290;10;10293;21;;;10287.0;0.0
av_SUGAR_d11;12500;ASH_COATED_OSMIUM;9887;9;9884;21;;;9921;12;9925;18;;;9904.0;0.0
av_SUGAR_d11;12500;INTARIAN_PEPPER_ROOT;10284;5;10282;21;;;10290;9;10294;30;;;10287.0;0.0
av_SUGAR_d11;12600;ASH_COATED_OSMIUM;9902;16;9898;19;;;9908;13;9911;19;;;9905.0;0.0
av_SUGAR_d11;12600;INTARIAN_PEPPER_ROOT;10283;14;10279;13;;;10289;16;10292;11;;;10286.0;0.0
av_SUGAR_d11;12700;ASH_COATED_OSMIUM;9898;16;9894;16;;;9911;14;9914;12;;;9904.5;0.0
av_SUGAR_d11;12700;INTARIAN_PEPPER_ROOT;10280;11;10277;16;;;10290;14;10292;26;;;10285.0;0.0
av_SUGAR_d11;12800;ASH_COATED_OSMIUM;9899;21;9896;22;;;9909;11;9912;24;;;9904.0;0.0
av_SUGAR_d11;12800;INTARIAN_PEPPER_ROOT;10282;11;10278;23;;;10288;13;10290;20;;;10285.0;0.0
av_SUGAR_d11;12900;ASH_COATED_OSMIUM;9902;15;9898;20;;;9908;18;9911;23;;;9905.0;0.0
av_SUGAR_d11;12900;INTARIAN_PEPPER_ROOT;10272;5;10268;15;;;10297;15;10300;22;;;10284.5;0.0
av_SUGAR_d11;13000;ASH_COATED_OSMIUM;9893;15;9891;15;;;9916;7;9920;23;;;9904.5;0.0
av_SUGAR_d11;13000;INTARIAN_PEPPER_ROOT;10275;13;10271;19;;;10293;15;10295;26;;;10284.0;0.0
av_SUGAR_d11;13100;ASH_COATED_OSMIUM;9901;13;9899;27;;;9907;7;9909;27;;;9904.0;0.0
av_SUGAR_d11;13100;INTARIAN_PEPPER_ROOT;10277;7;10274;14;;;10290;20;10294;16;;;10283.5;0.0
av_SUGAR_d11;13200;ASH_COATED_OSMIUM;9901;15;9898;23;;;9907;17;9911;24;;;9904.0;0.0
av_SUGAR_d11;13200;INTARIAN_PEPPER_ROOT;10280;5;10277;22;;;10286;13;10290;15;;;10283.0;0.0
av_SUGAR_d11;13300;ASH_COATED_OSMIUM;9901;9;9898;21;;;9909;11;9912;15;;;9905.0;0.0
av_SUGAR_d11;13300;INTARIAN_PEPPER_ROOT;10279;11;10276;27;;;10285;16;10288;21;;;10282.0;0.0
av_SUGAR_d11;13400;ASH_COATED_OSMIUM;9902;16;9900;26;;;9908;5;9911;10;;;9905.0;0.0
av_SUGAR_d11;13400;INTARIAN_PEPPER_ROOT;10279;6;10275;28;;;10285;16;10288;26;;;10282.0;0.0
av_SUGAR_d11;13500;ASH_COATED_OSMIUM;9901;7;9897;24;;;9909;10;9911;14;;;9905.0;0.0
av_SUGAR_d11;13500;INTARIAN_PEPPER_ROOT;10278;18;10275;17;;;10284;15;10287;9;;;10281.0;0.0
av_SUGAR_d11;13600;ASH_COATED_OSMIUM;9899;9;9895;26;;;9908;21;9910;24;;;9903.5;0.0
av_SUGAR_d11;13600;INTARIAN_PEPPER_ROOT;10277;17;10275;14;;;10283;12;10287;16;;;10280.0;0.0
av_SUGAR_d11;13700;ASH_COATED_OSMIUM;9892;16;9888;19;;;9915;16;9919;24;;;9903.5;0.0
av_SUGAR_d11;13700;INTARIAN_PEPPER_ROOT;10276;16;10272;17;;;10282;9;10285;24;;;10279.0;0.0
av_SUGAR_d11;13800;ASH_COATED_OSMIUM;9901;17;9898;11;;;9907;11;9910;22;;;9904.0;0.0
av_SUGAR_d11;13800;INTARIAN_PEPPER_ROOT;10276;11;10272;16;;;10282;16;10286;19;;;10279.0;0.0
av_SUGAR_d11;13900;ASH_COATED_OSMIUM;9881;20;9879;27;;;9927;8;9931;19;;;9904.0;0.0
av_SUGAR_d11;13900;INTARIAN_PEPPER_ROOT;10275;11;10271;16;;;10281;20;10285;14;;;10278.0;0.0
av_SUGAR_d11;14000;ASH_COATED_OSMIUM;9901;17;9898;16;;;9907;16;9910;15;;;9904.0;0.0
av_SUGAR_d11;14000;INTARIAN_PEPPER_ROOT;10275;16;10271;20;;;10281;16;10283;18;;;10278.0;0.0
av_SUGAR_d11;14100;ASH_COATED_OSMIUM;9897;12;9894;17;;;9913;17;9917;22;;;9905.0;0.0
av_SUGAR_d11;14100;INTARIAN_PEPPER_ROOT;10275;7;10273;27;;;10281;18;10285;13;;;10278.0;0.0
av_SUGAR_d11;14200;ASH_COATED_OSMIUM;9897;5;9895;29;;;9912;14;9915;22;;;9904.5;0.0
av_SUGAR_d11;14200;INTARIAN_PEPPER_ROOT;10273;15;10270;22;;;10280;25;10282;21;;;10276.5;0.0
av_SUGAR_d11;14300;ASH_COATED_OSMIUM;9901;15;9897;11;;;9907;11;9910;25;;;9904.0;0.0
av_SUGAR_d11;14300;INTARIAN_PEPPER_ROOT;10273;6;10271;25;;;10279;7;10281;15;;;10276.0;0.0
av_SUGAR_d11;14400;ASH_COATED_OSMIUM;9901;11;9897;23;;;9907;25;9910;24;;;9904.0;0.0
av_SUGAR_d11;14400;INTARIAN_PEPPER_ROOT;10273;13;10269;27;;;10279;14;10281;24;;;10276.0;0.0
av_SUGAR_d11;14500;ASH_COATED_OSMIUM;9901;7;9899;8;;;9907;15;9909;21;;;9904.0;0.0
av_SUGAR_d11;14500;INTARIAN_PEPPER_ROOT;10260;15;10258;22;;;10290;16;10292;16;;;10275.0;0.0
av_SUGAR_d11;14600;ASH_COATED_OSMIUM;9901;16;9899;21;;;9907;15;9911;21;;;9904.0;0.0
av_SUGAR_d11;14600;INTARIAN_PEPPER_ROOT;10271;16;10268;19;;;10277;14;10281;16;;;10274.0;0.0
av_SUGAR_d11;14700;ASH_COATED_OSMIUM;9898;15;9895;17;;;9911;16;9914;15;;;9904.5;0.0
av_SUGAR_d11;14700;INTARIAN_PEPPER_ROOT;10270;16;10267;26;;;10278;22;10282;12;;;10274.0;0.0
av_SUGAR_d11;14800;ASH_COATED_OSMIUM;9901;12;9897;20;;;9907;12;9910;18;;;9904.0;0.0
av_SUGAR_d11;14800;INTARIAN_PEPPER_ROOT;10271;16;10269;14;;;10277;13;10279;14;;;10274.0;0.0
av_SUGAR_d11;14900;ASH_COATED_OSMIUM;9902;20;9898;23;;;9908;19;9911;16;;;9905.0;0.0
av_SUGAR_d11;14900;INTARIAN_PEPPER_ROOT;10267;10;10263;16;;;10278;14;10281;21;;;10272.5;0.0
av_SUGAR_d11;15000;ASH_COATED_OSMIUM;9899;16;9896;8;;;9908;5;9910;12;;;9903.5;0.0
av_SUGAR_d11;15000;INTARIAN_PEPPER_ROOT;10268;11;10264;23;;;10275;16;10279;26;;;10271.5;0.0
av_SUGAR_d11;15100;ASH_COATED_OSMIUM;9902;11;9898;21;;;9908;12;9912;11;;;9905.0;0.0
av_SUGAR_d11;15100;INTARIAN_PEPPER_ROOT;10269;17;10267;18;;;10275;15;10277;19;;;10272.0;0.0
av_SUGAR_d11;15200;ASH_COATED_OSMIUM;9900;14;9898;13;;;9908;15;9912;20;;;9904.0;0.0
av_SUGAR_d11;15200;INTARIAN_PEPPER_ROOT;10268;18;10265;22;;;10274;15;10278;18;;;10271.0;0.0
av_SUGAR_d11;15300;ASH_COATED_OSMIUM;9897;22;9893;27;;;9911;10;9913;20;;;9904.0;0.0
av_SUGAR_d11;15300;INTARIAN_PEPPER_ROOT;10268;14;10264;21;;;10274;11;10277;15;;;10271.0;0.0
av_SUGAR_d11;15400;ASH_COATED_OSMIUM;9899;23;9895;17;;;9909;15;9911;14;;;9904.0;0.0
av_SUGAR_d11;15400;INTARIAN_PEPPER_ROOT;10264;9;10260;24;;;10276;16;10280;11;;;10270.0;0.0
av_SUGAR_d11;15500;ASH_COATED_OSMIUM;9892;13;9890;22;;;9917;20;9921;16;;;9904.5;0.0
av_SUGAR_d11;15500;INTARIAN_PEPPER_ROOT;10266;18;10264;21;;;10272;30;10274;26;;;10269.0;0.0
av_SUGAR_d11;15600;ASH_COATED_OSMIUM;9901;16;9897;21;;;9907;5;9911;18;;;9904.0;0.0
av_SUGAR_d11;15600;INTARIAN_PEPPER_ROOT;10265;18;10263;20;;;10271;10;10275;21;;;10268.0;0.0
av_SUGAR_d11;15700;ASH_COATED_OSMIUM;9900;20;9896;14;;;9909;10;9913;24;;;9904.5;0.0
av_SUGAR_d11;15700;INTARIAN_PEPPER_ROOT;10262;11;10260;14;;;10273;23;10276;18;;;10267.5;0.0
av_SUGAR_d11;15800;ASH_COATED_OSMIUM;9901;19;9898;25;;;9907;7;9910;17;;;9904.0;0.0
av_SUGAR_d11;15800;INTARIAN_PEPPER_ROOT;10264;15;10261;21;;;10270;8;10273;18;;;10267.0;0.0
av_SUGAR_d11;15900;ASH_COATED_OSMIUM;9901;15;9897;17;;;9907;14;9911;13;;;9904.0;0.0
av_SUGAR_d11;15900;INTARIAN_PEPPER_ROOT;10263;11;10260;9;;;10269;12;10271;26;;;10266.0;0.0
av_SUGAR_d11;16000;ASH_COATED_OSMIUM;9889;13;9886;24;;;9921;5;9923;11;;;9905.0;0.0
av_SUGAR_d11;16000;INTARIAN_PEPPER_ROOT;10259;21;10256;23;;;10273;5;10275;21;;;10266.0;0.0
av_SUGAR_d11;16100;ASH_COATED_OSMIUM;9902;19;9899;19;;;9908;10;9910;17;;;9905.0;0.0
av_SUGAR_d11;16100;INTARIAN_PEPPER_ROOT;10263;11;10259;12;;;10269;17;10273;35;;;10266.0;0.0
av_SUGAR_d11;16200;ASH_COATED_OSMIUM;9899;15;9897;20;;;9908;9;9912;21;;;9903.5;0.0
av_SUGAR_d11;16200;INTARIAN_PEPPER_ROOT;10262;15;10258;17;;;10268;19;10271;20;;;10265.0;0.0
av_SUGAR_d11;16300;ASH_COATED_OSMIUM;9901;20;9899;16;;;9907;11;9909;13;;;9904.0;0.0
av_SUGAR_d11;16300;INTARIAN_PEPPER_ROOT;10260;18;10256;16;;;10267;14;10271;22;;;10263.5;0.0
av_SUGAR_d11;16400;ASH_COATED_OSMIUM;9901;11;9899;23;;;9907;15;9910;14;;;9904.0;0.0
av_SUGAR_d11;16400;INTARIAN_PEPPER_ROOT;10261;14;10258;20;;;10267;23;10271;16;;;10264.0;0.0
av_SUGAR_d11;16500;ASH_COATED_OSMIUM;9889;18;9886;10;;;9919;7;9923;18;;;9904.0;0.0
av_SUGAR_d11;16500;INTARIAN_PEPPER_ROOT;10259;18;10256;23;;;10268;21;10270;22;;;10263.5;0.0
av_SUGAR_d11;16600;ASH_COATED_OSMIUM;9896;12;9893;9;;;9911;11;9913;21;;;9903.5;0.0
av_SUGAR_d11;16600;INTARIAN_PEPPER_ROOT;10259;13;10255;17;;;10265;8;10269;19;;;10262.0;0.0
av_SUGAR_d11;16700;ASH_COATED_OSMIUM;9897;15;9894;22;;;9910;10;9913;17;;;9903.5;0.0
av_SUGAR_d11;16700;INTARIAN_PEPPER_ROOT;10258;18;10254;14;;;10264;11;10267;15;;;10261.0;0.0
av_SUGAR_d11;16800;ASH_COATED_OSMIUM;9901;20;9897;20;;;9907;12;9909;18;;;9904.0;0.0
av_SUGAR_d11;16800;INTARIAN_PEPPER_ROOT;10258;8;10256;12;;;10265;12;10268;15;;;10261.5;0.0
av_SUGAR_d11;16900;ASH_COATED_OSMIUM;9901;16;9897;21;;;9907;6;9909;24;;;9904.0;0.0
av_SUGAR_d11;16900;INTARIAN_PEPPER_ROOT;10258;18;10254;22;;;10264;16;10268;20;;;10261.0;0.0
av_SUGAR_d11;17000;ASH_COATED_OSMIUM;9901;16;9897;18;;;9907;10;9909;19;;;9904.0;0.0
av_SUGAR_d11;17000;INTARIAN_PEPPER_ROOT;10255;9;10251;20;;;10264;19;10267;11;;;10259.5;0.0
av_SUGAR_d11;17100;ASH_COATED_OSMIUM;9896;11;9893;24;;;9912;9;9916;21;;;9904.0;0.0
av_SUGAR_d11;17100;INTARIAN_PEPPER_ROOT;10257;15;10255;20;;;10263;13;10265;28;;;10260.0;0.0
av_SUGAR_d11;17200;ASH_COATED_OSMIUM;9901;5;9899;20;;;9907;18;9910;15;;;9904.0;0.0
av_SUGAR_d11;17200;INTARIAN_PEPPER_ROOT;10256;14;10252;17;;;10262;19;10266;23;;;10259.0;0.0
av_SUGAR_d11;17300;ASH_COATED_OSMIUM;9901;11;9898;18;;;9907;5;9910;18;;;9904.0;0.0
av_SUGAR_d11;17300;INTARIAN_PEPPER_ROOT;10250;17;10248;26;;;10268;10;10272;23;;;10259.0;0.0
av_SUGAR_d11;17400;ASH_COATED_OSMIUM;9900;14;9897;15;;;9908;9;9911;14;;;9904.0;0.0
av_SUGAR_d11;17400;INTARIAN_PEPPER_ROOT;10256;7;10254;18;;;10262;21;10264;18;;;10259.0;0.0
av_SUGAR_d11;17500;ASH_COATED_OSMIUM;9901;23;9899;20;;;9907;18;9909;20;;;9904.0;0.0
av_SUGAR_d11;17500;INTARIAN_PEPPER_ROOT;10249;15;10246;19;;;10268;14;10272;9;;;10258.5;0.0
av_SUGAR_d11;17600;ASH_COATED_OSMIUM;9901;19;9899;18;;;9907;18;9909;19;;;9904.0;0.0
av_SUGAR_d11;17600;INTARIAN_PEPPER_ROOT;10255;19;10252;29;;;10261;16;10263;22;;;10258.0;0.0
av_SUGAR_d11;17700;ASH_COATED_OSMIUM;9901;13;9898;8;;;9907;10;9911;19;;;9904.0;0.0
av_SUGAR_d11;17700;INTARIAN_PEPPER_ROOT;10254;11;10251;11;;;10260;11;10263;18;;;10257.0;0.0
av_SUGAR_d11;17800;ASH_COATED_OSMIUM;9901;24;9899;19;;;9907;17;9909;24;;;9904.0;0.0
av_SUGAR_d11;17800;INTARIAN_PEPPER_ROOT;10248;22;10246;10;;;10265;6;10267;13;;;10256.5;0.0
av_SUGAR_d11;17900;ASH_COATED_OSMIUM;9901;6;9899;20;;;9907;12;9910;25;;;9904.0;0.0
av_SUGAR_d11;17900;INTARIAN_PEPPER_ROOT;10251;26;10248;14;;;10261;15;10263;14;;;10256.0;0.0
av_SUGAR_d11;18000;ASH_COATED_OSMIUM;9901;9;9899;22;;;9907;11;9911;21;;;9904.0;0.0
av_SUGAR_d11;18000;INTARIAN_PEPPER_ROOT;10251;17;10249;25;;;10261;25;10265;24;;;10256.0;0.0
av_SUGAR_d11;18100;ASH_COATED_OSMIUM;9901;19;9897;15;;;9907;16;9909;22;;;9904.0;0.0
av_SUGAR_d11;18100;INTARIAN_PEPPER_ROOT;10240;17;10238;14;;;10271;23;10274;16;;;10255.5;0.0
av_SUGAR_d11;18200;ASH_COATED_OSMIUM;9899;12;9896;8;;;9909;8;9913;26;;;9904.0;0.0
av_SUGAR_d11;18200;INTARIAN_PEPPER_ROOT;10252;20;10250;13;;;10258;19;10261;23;;;10255.0;0.0
av_SUGAR_d11;18300;ASH_COATED_OSMIUM;9902;11;9899;22;;;9908;19;9911;13;;;9905.0;0.0
av_SUGAR_d11;18300;INTARIAN_PEPPER_ROOT;10251;22;10248;27;;;10257;15;10260;18;;;10254.0;0.0
av_SUGAR_d11;18400;ASH_COATED_OSMIUM;9901;17;9899;21;;;9907;19;9910;14;;;9904.0;0.0
av_SUGAR_d11;18400;INTARIAN_PEPPER_ROOT;10252;13;10248;18;;;10258;14;10262;23;;;10255.0;0.0
av_SUGAR_d11;18500;ASH_COATED_OSMIUM;9901;16;9897;17;;;9907;19;9910;26;;;9904.0;0.0
av_SUGAR_d11;18500;INTARIAN_PEPPER_ROOT;10250;8;10248;16;;;10259;13;10262;22;;;10254.5;0.0
av_SUGAR_d11;18600;ASH_COATED_OSMIUM;9899;22;9896;20;;;9910;9;9912;24;;;9904.5;0.0
av_SUGAR_d11;18600;INTARIAN_PEPPER_ROOT;10246;9;10242;24;;;10263;17;10266;20;;;10254.5;0.0
av_SUGAR_d11;18700;ASH_COATED_OSMIUM;9901;26;9897;15;;;9907;9;9909;19;;;9904.0;0.0
av_SUGAR_d11;18700;INTARIAN_PEPPER_ROOT;10251;17;10248;18;;;10257;14;10259;23;;;10254.0;0.0
av_SUGAR_d11;18800;ASH_COATED_OSMIUM;9899;9;9897;27;;;9910;15;9914;17;;;9904.5;0.0
av_SUGAR_d11;18800;INTARIAN_PEPPER_ROOT;10246;12;10242;22;;;10261;14;10265;23;;;10253.5;0.0
av_SUGAR_d11;18900;ASH_COATED_OSMIUM;9889;7;9887;32;;;9919;17;9922;24;;;9904.0;0.0
av_SUGAR_d11;18900;INTARIAN_PEPPER_ROOT;10247;15;10245;20;;;10258;20;10261;24;;;10252.5;0.0
av_SUGAR_d11;19000;ASH_COATED_OSMIUM;9901;15;9897;21;;;9908;16;9911;23;;;9904.5;0.0
av_SUGAR_d11;19000;INTARIAN_PEPPER_ROOT;10249;21;10246;23;;;10255;12;10259;17;;;10252.0;0.0
av_SUGAR_d11;19100;ASH_COATED_OSMIUM;9901;13;9897;24;;;9907;15;9911;23;;;9904.0;0.0
av_SUGAR_d11;19100;INTARIAN_PEPPER_ROOT;10248;14;10245;21;;;10255;17;10257;26;;;10251.5;0.0
av_SUGAR_d11;19200;ASH_COATED_OSMIUM;9901;17;9899;27;;;9907;18;9909;21;;;9904.0;0.0
av_SUGAR_d11;19200;INTARIAN_PEPPER_ROOT;10247;14;10244;19;;;10254;13;10256;20;;;10250.5;0.0
av_SUGAR_d11;19300;ASH_COATED_OSMIUM;9901;11;9899;26;;;9907;18;9909;9;;;9904.0;0.0
av_SUGAR_d11;19300;INTARIAN_PEPPER_ROOT;10239;14;10235;17;;;10262;10;10266;14;;;10250.5;0.0
av_SUGAR_d11;19400;ASH_COATED_OSMIUM;9901;16;9898;10;;;9907;16;9909;10;;;9904.0;0.0
av_SUGAR_d11;19400;INTARIAN_PEPPER_ROOT;10241;8;10239;21;;;10260;15;10264;27;;;10250.5;0.0
av_SUGAR_d11;19500;ASH_COATED_OSMIUM;9901;11;9897;21;;;9907;18;9910;8;;;9904.0;0.0
av_SUGAR_d11;19500;INTARIAN_PEPPER_ROOT;10245;18;10242;20;;;10255;9;10258;21;;;10250.0;0.0
av_SUGAR_d11;19600;ASH_COATED_OSMIUM;9901;25;9898;20;;;9907;14;9909;21;;;9904.0;0.0
av_SUGAR_d11;19600;INTARIAN_PEPPER_ROOT;10246;12;10242;17;;;10252;19;10255;11;;;10249.0;0.0
av_SUGAR_d11;19700;ASH_COATED_OSMIUM;9901;5;9898;18;;;9907;21;9910;15;;;9904.0;0.0
av_SUGAR_d11;19700;INTARIAN_PEPPER_ROOT;10246;13;10242;19;;;10252;7;10254;26;;;10249.0;0.0
av_SUGAR_d11;19800;ASH_COATED_OSMIUM;9901;6;9898;20;;;9907;19;9911;11;;;9904.0;0.0
av_SUGAR_d11;19800;INTARIAN_PEPPER_ROOT;10245;8;10241;16;;;10252;17;10255;21;;;10248.5;0.0
av_SUGAR_d11;19900;ASH_COATED_OSMIUM;9902;25;9899;21;;;9908;8;9912;17;;;9905.0;0.0
av_SUGAR_d11;19900;INTARIAN_PEPPER_ROOT;10246;14;10242;17;;;10252;14;10255;18;;;10249.0;0.0
av_SUGAR_d11;20000;ASH_COATED_OSMIUM;9901;14;9897;25;;;9908;21;9912;24;;;9904.5;0.0
av_SUGAR_d11;20000;INTARIAN_PEPPER_ROOT;10245;19;10241;17;;;10251;9;10254;32;;;10248.0;0.0
av_SUGAR_d11;20100;ASH_COATED_OSMIUM;9901;12;9899;17;;;9907;15;9911;18;;;9904.0;0.0
av_SUGAR_d11;20100;INTARIAN_PEPPER_ROOT;10244;8;10241;13;;;10250;16;10252;18;;;10247.0;0.0
av_SUGAR_d11;20200;ASH_COATED_OSMIUM;9901;7;9897;16;;;9907;19;9910;16;;;9904.0;0.0
av_SUGAR_d11;20200;INTARIAN_PEPPER_ROOT;10243;12;10241;14;;;10252;18;10255;14;;;10247.5;0.0
av_SUGAR_d11;20300;ASH_COATED_OSMIUM;9902;19;9898;15;;;9908;21;9912;21;;;9905.0;0.0
av_SUGAR_d11;20300;INTARIAN_PEPPER_ROOT;10240;15;10237;13;;;10253;17;10257;18;;;10246.5;0.0
av_SUGAR_d11;20400;ASH_COATED_OSMIUM;9901;12;9899;19;;;9907;22;9909;24;;;9904.0;0.0
av_SUGAR_d11;20400;INTARIAN_PEPPER_ROOT;10242;22;10239;22;;;10250;16;10253;15;;;10246.0;0.0
av_SUGAR_d11;20500;ASH_COATED_OSMIUM;9901;13;9897;20;;;9907;15;9911;24;;;9904.0;0.0
av_SUGAR_d11;20500;INTARIAN_PEPPER_ROOT;10242;5;10239;15;;;10250;17;10252;29;;;10246.0;0.0
av_SUGAR_d11;20600;ASH_COATED_OSMIUM;9899;21;9897;17;;;9909;8;9912;16;;;9904.0;0.0
av_SUGAR_d11;20600;INTARIAN_PEPPER_ROOT;10243;14;10239;19;;;10249;19;10251;23;;;10246.0;0.0
av_SUGAR_d11;20700;ASH_COATED_OSMIUM;9899;22;9895;22;;;9910;12;9912;21;;;9904.5;0.0
av_SUGAR_d11;20700;INTARIAN_PEPPER_ROOT;10240;12;10238;14;;;10250;13;10252;23;;;10245.0;0.0
av_SUGAR_d11;20800;ASH_COATED_OSMIUM;9902;11;9900;15;;;9908;13;9911;20;;;9905.0;0.0
av_SUGAR_d11;20800;INTARIAN_PEPPER_ROOT;10242;6;10240;16;;;10248;15;10251;19;;;10245.0;0.0
av_SUGAR_d11;20900;ASH_COATED_OSMIUM;9901;18;9899;20;;;9907;16;9910;20;;;9904.0;0.0
av_SUGAR_d11;20900;INTARIAN_PEPPER_ROOT;10237;14;10234;19;;;10252;15;10254;12;;;10244.5;0.0
av_SUGAR_d11;21000;ASH_COATED_OSMIUM;9900;6;9896;14;;;9909;15;9911;14;;;9904.5;0.0
av_SUGAR_d11;21000;INTARIAN_PEPPER_ROOT;10241;14;10237;20;;;10247;13;10249;8;;;10244.0;0.0
av_SUGAR_d11;21100;ASH_COATED_OSMIUM;9901;6;9897;14;;;9907;18;9909;25;;;9904.0;0.0
av_SUGAR_d11;21100;INTARIAN_PEPPER_ROOT;10240;8;10238;18;;;10248;15;10252;22;;;10244.0;0.0
av_SUGAR_d11;21200;ASH_COATED_OSMIUM;9896;10;9893;28;;;9911;11;9914;14;;;9903.5;0.0
av_SUGAR_d11;21200;INTARIAN_PEPPER_ROOT;10238;9;10236;26;;;10248;19;10250;19;;;10243.0;0.0
av_SUGAR_d11;21300;ASH_COATED_OSMIUM;9901;23;9897;25;;;9907;14;9910;23;;;9904.0;0.0
av_SUGAR_d11;21300;INTARIAN_PEPPER_ROOT;10235;17;10232;14;;;10249;16;10252;22;;;10242.0;0.0
av_SUGAR_d11;21400;ASH_COATED_OSMIUM;9901;9;9897;14;;;9907;9;9911;21;;;9904.0;0.0
av_SUGAR_d11;21400;INTARIAN_PEPPER_ROOT;10239;21;10237;19;;;10245;13;10248;25;;;10242.0;0.0
av_SUGAR_d11;21500;ASH_COATED_OSMIUM;9901;13;9898;17;;;9907;16;9910;17;;;9904.0;0.0
av_SUGAR_d11;21500;INTARIAN_PEPPER_ROOT;10239;16;10235;15;;;10245;7;10248;18;;;10242.0;0.0
av_SUGAR_d11;21600;ASH_COATED_OSMIUM;9902;15;9899;26;;;9908;8;9910;16;;;9905.0;0.0
av_SUGAR_d11;21600;INTARIAN_PEPPER_ROOT;10239;24;10236;8;;;10245;27;10247;13;;;10242.0;0.0
av_SUGAR_d11;21700;ASH_COATED_OSMIUM;9901;15;9899;12;;;9907;18;9910;30;;;9904.0;0.0
av_SUGAR_d11;21700;INTARIAN_PEPPER_ROOT;10238;7;10234;20;;;10245;13;10247;18;;;10241.5;0.0
av_SUGAR_d11;21800;ASH_COATED_OSMIUM;9901;21;9897;23;;;9907;20;9911;17;;;9904.0;0.0
av_SUGAR_d11;21800;INTARIAN_PEPPER_ROOT;10230;21;10228;19;;;10252;8;10255;22;;;10241.0;0.0
av_SUGAR_d11;21900;ASH_COATED_OSMIUM;9902;14;9898;19;;;9908;11;9912;26;;;9905.0;0.0
av_SUGAR_d11;21900;INTARIAN_PEPPER_ROOT;10230;16;10228;23;;;10251;8;10255;16;;;10240.5;0.0
av_SUGAR_d11;22000;ASH_COATED_OSMIUM;9901;15;9897;17;;;9907;17;9911;15;;;9904.0;0.0
av_SUGAR_d11;22000;INTARIAN_PEPPER_ROOT;10237;12;10233;18;;;10243;12;10246;16;;;10240.0;0.0
av_SUGAR_d11;22100;ASH_COATED_OSMIUM;9901;17;9898;21;;;9907;5;9910;14;;;9904.0;0.0
av_SUGAR_d11;22100;INTARIAN_PEPPER_ROOT;10237;14;10235;18;;;10243;7;10246;21;;;10240.0;0.0
av_SUGAR_d11;22200;ASH_COATED_OSMIUM;9901;20;9899;14;;;9907;5;9909;11;;;9904.0;0.0
av_SUGAR_d11;22200;INTARIAN_PEPPER_ROOT;10236;8;10232;16;;;10243;16;10247;13;;;10239.5;0.0
av_SUGAR_d11;22300;ASH_COATED_OSMIUM;9898;7;9895;18;;;9912;5;9914;19;;;9905.0;0.0
av_SUGAR_d11;22300;INTARIAN_PEPPER_ROOT;10236;6;10234;23;;;10242;8;10244;21;;;10239.0;0.0
av_SUGAR_d11;22400;ASH_COATED_OSMIUM;9901;11;9897;21;;;9907;12;9910;22;;;9904.0;0.0
av_SUGAR_d11;22400;INTARIAN_PEPPER_ROOT;10231;12;10228;23;;;10245;9;10248;20;;;10238.0;0.0
av_SUGAR_d11;22500;ASH_COATED_OSMIUM;9900;14;9898;18;;;9910;12;9913;21;;;9905.0;0.0
av_SUGAR_d11;22500;INTARIAN_PEPPER_ROOT;10234;13;10232;12;;;10242;24;10244;11;;;10238.0;0.0
av_SUGAR_d11;22600;ASH_COATED_OSMIUM;9901;5;9897;23;;;9907;11;9910;23;;;9904.0;0.0
av_SUGAR_d11;22600;INTARIAN_PEPPER_ROOT;10234;5;10231;18;;;10240;12;10244;17;;;10237.0;0.0
av_SUGAR_d11;22700;ASH_COATED_OSMIUM;9901;17;9897;22;;;9907;5;9909;12;;;9904.0;0.0
av_SUGAR_d11;22700;INTARIAN_PEPPER_ROOT;10234;10;10231;24;;;10240;6;10243;9;;;10237.0;0.0
av_SUGAR_d11;22800;ASH_COATED_OSMIUM;9901;28;9898;11;;;9907;19;9911;23;;;9904.0;0.0
av_SUGAR_d11;22800;INTARIAN_PEPPER_ROOT;10232;25;10229;20;;;10241;16;10245;16;;;10236.5;0.0
av_SUGAR_d11;22900;ASH_COATED_OSMIUM;9901;14;9897;10;;;9907;12;9910;28;;;9904.0;0.0
av_SUGAR_d11;22900;INTARIAN_PEPPER_ROOT;10229;10;10226;26;;;10244;14;10248;18;;;10236.5;0.0
av_SUGAR_d11;23000;ASH_COATED_OSMIUM;9897;14;9894;15;;;9911;17;9913;19;;;9904.0;0.0
av_SUGAR_d11;23000;INTARIAN_PEPPER_ROOT;10233;9;10231;20;;;10239;5;10243;26;;;10236.0;0.0
av_SUGAR_d11;23100;ASH_COATED_OSMIUM;9901;16;9899;21;;;9907;15;9910;26;;;9904.0;0.0
av_SUGAR_d11;23100;INTARIAN_PEPPER_ROOT;10232;8;10229;24;;;10238;14;10241;22;;;10235.0;0.0
av_SUGAR_d11;23200;ASH_COATED_OSMIUM;9898;21;9894;17;;;9912;15;9915;22;;;9905.0;0.0
av_SUGAR_d11;23200;INTARIAN_PEPPER_ROOT;10232;18;10229;24;;;10238;19;10240;16;;;10235.0;0.0
av_SUGAR_d11;23300;ASH_COATED_OSMIUM;9901;13;9898;25;;;9907;10;9909;19;;;9904.0;0.0
av_SUGAR_d11;23300;INTARIAN_PEPPER_ROOT;10229;23;10226;23;;;10241;14;10245;13;;;10235.0;0.0
av_SUGAR_d11;23400;ASH_COATED_OSMIUM;9897;5;9895;16;;;9911;8;9914;26;;;9904.0;0.0
av_SUGAR_d11;23400;INTARIAN_PEPPER_ROOT;10230;14;10226;20;;;10239;14;10242;25;;;10234.5;0.0
av_SUGAR_d11;23500;ASH_COATED_OSMIUM;9894;8;9892;18;;;9914;20;9917;18;;;9904.0;0.0
av_SUGAR_d11;23500;INTARIAN_PEPPER_ROOT;10228;24;10224;20;;;10238;22;10242;20;;;10233.0;0.0
av_SUGAR_d11;23600;ASH_COATED_OSMIUM;9901;22;9898;22;;;9907;15;9911;18;;;9904.0;0.0
av_SUGAR_d11;23600;INTARIAN_PEPPER_ROOT;10231;16;10229;29;;;10237;12;10240;16;;;10234.0;0.0
av_SUGAR_d11;23700;ASH_COATED_OSMIUM;9901;21;9897;17;;;9907;12;9909;25;;;9904.0;0.0
av_SUGAR_d11;23700;INTARIAN_PEPPER_ROOT;10230;12;10227;25;;;10236;21;10238;20;;;10233.0;0.0
av_SUGAR_d11;23800;ASH_COATED_OSMIUM;9902;10;9900;22;;;9908;14;9911;16;;;9905.0;0.0
av_SUGAR_d11;23800;INTARIAN_PEPPER_ROOT;10230;12;10228;23;;;10236;19;10239;19;;;10233.0;0.0
av_SUGAR_d11;23900;ASH_COATED_OSMIUM;9900;13;9897;22;;;9909;15;9911;18;;;9904.5;0.0
av_SUGAR_d11;23900;INTARIAN_PEPPER_ROOT;10223;18;10221;14;;;10241;12;10243;10;;;10232.0;0.0
av_SUGAR_d11;24000;ASH_COATED_OSMIUM;9901;17;9899;24;;;9907;15;9911;18;;;9904.0;0.0
av_SUGAR_d11;24000;INTARIAN_PEPPER_ROOT;10229;15;10225;17;;;10235;19;10239;21;;;10232.0;0.0
av_SUGAR_d11;24100;ASH_COATED_OSMIUM;9901;15;9897;26;;;9907;15;9909;24;;;9904.0;0.0
av_SUGAR_d11;24100;INTARIAN_PEPPER_ROOT;10228;24;10226;15;;;10234;16;10238;23;;;10231.0;0.0
av_SUGAR_d11;24200;ASH_COATED_OSMIUM;9901;16;9897;21;;;9907;15;9910;14;;;9904.0;0.0
av_SUGAR_d11;24200;INTARIAN_PEPPER_ROOT;10218;9;10214;22;;;10243;19;10246;9;;;10230.5;0.0
av_SUGAR_d11;24300;ASH_COATED_OSMIUM;9902;16;9899;32;;;9908;21;9912;24;;;9905.0;0.0
av_SUGAR_d11;24300;INTARIAN_PEPPER_ROOT;10224;15;10221;17;;;10236;12;10240;16;;;10230.0;0.0
av_SUGAR_d11;24400;ASH_COATED_OSMIUM;9901;17;9897;19;;;9907;16;9911;21;;;9904.0;0.0
av_SUGAR_d11;24400;INTARIAN_PEPPER_ROOT;10219;15;10216;8;;;10241;23;10243;23;;;10230.0;0.0
av_SUGAR_d11;24500;ASH_COATED_OSMIUM;9900;19;9896;23;;;9908;19;9912;20;;;9904.0;0.0
av_SUGAR_d11;24500;INTARIAN_PEPPER_ROOT;10227;9;10224;11;;;10233;17;10236;27;;;10230.0;0.0
av_SUGAR_d11;24600;ASH_COATED_OSMIUM;9901;13;9898;14;;;9907;11;9909;23;;;9904.0;0.0
av_SUGAR_d11;24600;INTARIAN_PEPPER_ROOT;10226;24;10223;20;;;10232;20;10235;17;;;10229.0;0.0
av_SUGAR_d11;24700;ASH_COATED_OSMIUM;9899;12;9896;21;;;9908;10;9910;22;;;9903.5;0.0
av_SUGAR_d11;24700;INTARIAN_PEPPER_ROOT;10225;11;10222;17;;;10233;8;10236;20;;;10229.0;0.0
av_SUGAR_d11;24800;ASH_COATED_OSMIUM;9902;11;9898;16;;;9908;7;9912;23;;;9905.0;0.0
av_SUGAR_d11;24800;INTARIAN_PEPPER_ROOT;10226;13;10222;26;;;10232;15;10235;17;;;10229.0;0.0
av_SUGAR_d11;24900;ASH_COATED_OSMIUM;9901;7;9897;8;;;9907;10;9909;14;;;9904.0;0.0
av_SUGAR_d11;24900;INTARIAN_PEPPER_ROOT;10225;14;10221;15;;;10231;21;10235;10;;;10228.0;0.0
av_SUGAR_d11;25000;ASH_COATED_OSMIUM;9901;19;9898;22;;;9907;13;9910;33;;;9904.0;0.0
av_SUGAR_d11;25000;INTARIAN_PEPPER_ROOT;10225;5;10223;14;;;10231;21;10233;19;;;10228.0;0.0
av_SUGAR_d11;25100;ASH_COATED_OSMIUM;9901;9;9898;22;;;9907;16;9909;22;;;9904.0;0.0
av_SUGAR_d11;25100;INTARIAN_PEPPER_ROOT;10224;10;10220;21;;;10230;12;10232;24;;;10227.0;0.0
av_SUGAR_d11;25200;ASH_COATED_OSMIUM;9900;15;9897;23;;;9910;13;9912;23;;;9905.0;0.0
av_SUGAR_d11;25200;INTARIAN_PEPPER_ROOT;10224;12;10220;21;;;10230;20;10234;8;;;10227.0;0.0
av_SUGAR_d11;25300;ASH_COATED_OSMIUM;9891;8;9889;18;;;9918;7;9921;21;;;9904.5;0.0
av_SUGAR_d11;25300;INTARIAN_PEPPER_ROOT;10221;15;10218;17;;;10231;20;10233;11;;;10226.0;0.0
av_SUGAR_d11;25400;ASH_COATED_OSMIUM;9901;5;9898;20;;;9907;9;9910;15;;;9904.0;0.0
av_SUGAR_d11;25400;INTARIAN_PEPPER_ROOT;10219;15;10217;14;;;10233;14;10237;20;;;10226.0;0.0
av_SUGAR_d11;25500;ASH_COATED_OSMIUM;9895;18;9892;23;;;9913;14;9916;14;;;9904.0;0.0
av_SUGAR_d11;25500;INTARIAN_PEPPER_ROOT;10222;5;10218;27;;;10230;5;10233;15;;;10226.0;0.0
av_SUGAR_d11;25600;ASH_COATED_OSMIUM;9898;18;9895;28;;;9911;20;9914;22;;;9904.5;0.0
av_SUGAR_d11;25600;INTARIAN_PEPPER_ROOT;10215;17;10212;24;;;10237;16;10240;21;;;10226.0;0.0
av_SUGAR_d11;25700;ASH_COATED_OSMIUM;9902;15;9900;26;;;9908;13;9911;25;;;9905.0;0.0
av_SUGAR_d11;25700;INTARIAN_PEPPER_ROOT;10212;15;10210;18;;;10238;18;10242;22;;;10225.0;0.0
av_SUGAR_d11;25800;ASH_COATED_OSMIUM;9900;17;9898;23;;;9909;26;9913;23;;;9904.5;0.0
av_SUGAR_d11;25800;INTARIAN_PEPPER_ROOT;10214;5;10211;21;;;10234;25;10236;21;;;10224.0;0.0
av_SUGAR_d11;25900;ASH_COATED_OSMIUM;9895;19;9892;16;;;9913;16;9915;23;;;9904.0;0.0
av_SUGAR_d11;25900;INTARIAN_PEPPER_ROOT;10221;17;10219;20;;;10228;11;10231;26;;;10224.5;0.0
av_SUGAR_d11;26000;ASH_COATED_OSMIUM;9899;12;9896;28;;;9910;5;9913;9;;;9904.5;0.0
av_SUGAR_d11;26000;INTARIAN_PEPPER_ROOT;10221;22;10217;19;;;10227;17;10230;18;;;10224.0;0.0
av_SUGAR_d11;26100;ASH_COATED_OSMIUM;9902;12;9900;25;;;9908;10;9912;22;;;9905.0;0.0
av_SUGAR_d11;26100;INTARIAN_PEPPER_ROOT;10221;11;10217;23;;;10227;14;10231;15;;;10224.0;0.0
av_SUGAR_d11;26200;ASH_COATED_OSMIUM;9902;22;9898;18;;;9908;12;9910;18;;;9905.0;0.0
av_SUGAR_d11;26200;INTARIAN_PEPPER_ROOT;10218;23;10214;22;;;10227;9;10229;20;;;10222.5;0.0
av_SUGAR_d11;26300;ASH_COATED_OSMIUM;9901;18;9897;17;;;9907;21;9909;23;;;9904.0;0.0
av_SUGAR_d11;26300;INTARIAN_PEPPER_ROOT;10220;7;10216;23;;;10226;29;10228;12;;;10223.0;0.0
av_SUGAR_d11;26400;ASH_COATED_OSMIUM;9902;13;9900;14;;;9908;12;9910;20;;;9905.0;0.0
av_SUGAR_d11;26400;INTARIAN_PEPPER_ROOT;10215;15;10211;14;;;10229;22;10232;21;;;10222.0;0.0
av_SUGAR_d11;26500;ASH_COATED_OSMIUM;9901;21;9898;23;;;9907;15;9910;24;;;9904.0;0.0
av_SUGAR_d11;26500;INTARIAN_PEPPER_ROOT;10219;17;10216;29;;;10225;13;10229;27;;;10222.0;0.0
av_SUGAR_d11;26600;ASH_COATED_OSMIUM;9902;21;9900;13;;;9908;9;9911;16;;;9905.0;0.0
av_SUGAR_d11;26600;INTARIAN_PEPPER_ROOT;10218;21;10215;14;;;10224;13;10228;21;;;10221.0;0.0
av_SUGAR_d11;26700;ASH_COATED_OSMIUM;9901;17;9897;22;;;9907;12;9910;23;;;9904.0;0.0
av_SUGAR_d11;26700;INTARIAN_PEPPER_ROOT;10218;16;10216;25;;;10224;18;10227;26;;;10221.0;0.0
av_SUGAR_d11;26800;ASH_COATED_OSMIUM;9896;14;9894;28;;;9913;17;9915;21;;;9904.5;0.0
av_SUGAR_d11;26800;INTARIAN_PEPPER_ROOT;10217;19;10214;27;;;10223;17;10227;25;;;10220.0;0.0
av_SUGAR_d11;26900;ASH_COATED_OSMIUM;9902;27;9899;25;;;9908;8;9910;18;;;9905.0;0.0
av_SUGAR_d11;26900;INTARIAN_PEPPER_ROOT;10217;10;10214;25;;;10223;12;10227;22;;;10220.0;0.0
av_SUGAR_d11;27000;ASH_COATED_OSMIUM;9902;6;9899;20;;;9908;14;9912;22;;;9905.0;0.0
av_SUGAR_d11;27000;INTARIAN_PEPPER_ROOT;10209;11;10205;28;;;10230;15;10233;18;;;10219.5;0.0
av_SUGAR_d11;27100;ASH_COATED_OSMIUM;9901;5;9897;25;;;9907;17;9909;14;;;9904.0;0.0
av_SUGAR_d11;27100;INTARIAN_PEPPER_ROOT;10211;5;10207;21;;;10228;13;10230;18;;;10219.5;0.0
av_SUGAR_d11;27200;ASH_COATED_OSMIUM;9902;15;9898;13;;;9908;9;9912;25;;;9905.0;0.0
av_SUGAR_d11;27200;INTARIAN_PEPPER_ROOT;10216;16;10213;21;;;10222;13;10224;24;;;10219.0;0.0
av_SUGAR_d11;27300;ASH_COATED_OSMIUM;9902;16;9900;13;;;9908;9;9912;16;;;9905.0;0.0
av_SUGAR_d11;27300;INTARIAN_PEPPER_ROOT;10216;13;10213;22;;;10222;15;10226;17;;;10219.0;0.0
av_SUGAR_d11;27400;ASH_COATED_OSMIUM;9901;22;9898;20;;;9907;10;9911;16;;;9904.0;0.0
av_SUGAR_d11;27400;INTARIAN_PEPPER_ROOT;10215;15;10212;18;;;10221;8;10225;21;;;10218.0;0.0
av_SUGAR_d11;27500;ASH_COATED_OSMIUM;9901;19;9898;24;;;9907;16;9911;27;;;9904.0;0.0
av_SUGAR_d11;27500;INTARIAN_PEPPER_ROOT;10215;14;10212;20;;;10221;17;10224;23;;;10218.0;0.0
av_SUGAR_d11;27600;ASH_COATED_OSMIUM;9902;13;9898;27;;;9908;10;9910;17;;;9905.0;0.0
av_SUGAR_d11;27600;INTARIAN_PEPPER_ROOT;10213;5;10210;21;;;10222;20;10224;23;;;10217.5;0.0
av_SUGAR_d11;27700;ASH_COATED_OSMIUM;9902;14;9899;22;;;9908;14;9911;22;;;9905.0;0.0
av_SUGAR_d11;27700;INTARIAN_PEPPER_ROOT;10200;16;10197;15;;;10233;17;10236;15;;;10216.5;0.0
av_SUGAR_d11;27800;ASH_COATED_OSMIUM;9901;9;9898;17;;;9907;15;9910;20;;;9904.0;0.0
av_SUGAR_d11;27800;INTARIAN_PEPPER_ROOT;10211;16;10209;23;;;10222;19;10224;31;;;10216.5;0.0
av_SUGAR_d11;27900;ASH_COATED_OSMIUM;9902;18;9898;14;;;9908;12;9912;15;;;9905.0;0.0
av_SUGAR_d11;27900;INTARIAN_PEPPER_ROOT;10212;15;10210;8;;;10218;11;10220;17;;;10215.0;0.0
av_SUGAR_d11;28000;ASH_COATED_OSMIUM;9901;15;9897;23;;;9909;20;9911;16;;;9905.0;0.0
av_SUGAR_d11;28000;INTARIAN_PEPPER_ROOT;10212;16;10208;13;;;10218;16;10220;25;;;10215.0;0.0
av_SUGAR_d11;28100;ASH_COATED_OSMIUM;9901;20;9899;19;;;9909;6;9911;23;;;9905.0;0.0
av_SUGAR_d11;28100;INTARIAN_PEPPER_ROOT;10205;20;10201;24;;;10224;25;10226;17;;;10214.5;0.0
av_SUGAR_d11;28200;ASH_COATED_OSMIUM;9902;22;9898;22;;;9908;15;9910;16;;;9905.0;0.0
av_SUGAR_d11;28200;INTARIAN_PEPPER_ROOT;10205;13;10202;19;;;10224;14;10227;17;;;10214.5;0.0
av_SUGAR_d11;28300;ASH_COATED_OSMIUM;9901;17;9899;22;;;9907;9;9911;16;;;9904.0;0.0
av_SUGAR_d11;28300;INTARIAN_PEPPER_ROOT;10211;24;10207;22;;;10218;5;10221;21;;;10214.5;0.0
av_SUGAR_d11;28400;ASH_COATED_OSMIUM;9900;21;9898;24;;;9909;16;9912;20;;;9904.5;0.0
av_SUGAR_d11;28400;INTARIAN_PEPPER_ROOT;10211;15;10208;24;;;10217;19;10219;27;;;10214.0;0.0
av_SUGAR_d11;28500;ASH_COATED_OSMIUM;9901;20;9898;21;;;9907;17;9910;11;;;9904.0;0.0
av_SUGAR_d11;28500;INTARIAN_PEPPER_ROOT;10206;16;10203;16;;;10219;12;10221;24;;;10212.5;0.0
av_SUGAR_d11;28600;ASH_COATED_OSMIUM;9901;18;9897;21;;;9907;15;9911;23;;;9904.0;0.0
av_SUGAR_d11;28600;INTARIAN_PEPPER_ROOT;10209;14;10207;22;;;10217;9;10219;19;;;10213.0;0.0
av_SUGAR_d11;28700;ASH_COATED_OSMIUM;9901;22;9898;17;;;9908;9;9912;23;;;9904.5;0.0
av_SUGAR_d11;28700;INTARIAN_PEPPER_ROOT;10207;10;10203;24;;;10219;9;10223;20;;;10213.0;0.0
av_SUGAR_d11;28800;ASH_COATED_OSMIUM;9900;16;9898;19;;;9908;16;9910;21;;;9904.0;0.0
av_SUGAR_d11;28800;INTARIAN_PEPPER_ROOT;10200;13;10198;25;;;10224;17;10227;17;;;10212.0;0.0
av_SUGAR_d11;28900;ASH_COATED_OSMIUM;9902;8;9900;19;;;9908;15;9912;19;;;9905.0;0.0
av_SUGAR_d11;28900;INTARIAN_PEPPER_ROOT;10209;18;10205;14;;;10215;5;10217;24;;;10212.0;0.0
av_SUGAR_d11;29000;ASH_COATED_OSMIUM;9899;18;9895;19;;;9910;14;9913;18;;;9904.5;0.0
av_SUGAR_d11;29000;INTARIAN_PEPPER_ROOT;10208;8;10206;17;;;10214;18;10218;20;;;10211.0;0.0
av_SUGAR_d11;29100;ASH_COATED_OSMIUM;9902;15;9899;16;;;9908;18;9910;22;;;9905.0;0.0
av_SUGAR_d11;29100;INTARIAN_PEPPER_ROOT;10208;11;10206;16;;;10214;20;10217;11;;;10211.0;0.0
av_SUGAR_d11;29200;ASH_COATED_OSMIUM;9900;14;9896;22;;;9909;12;9911;25;;;9904.5;0.0
av_SUGAR_d11;29200;INTARIAN_PEPPER_ROOT;10208;20;10205;23;;;10214;21;10216;23;;;10211.0;0.0
av_SUGAR_d11;29300;ASH_COATED_OSMIUM;9901;17;9899;21;;;9907;10;9911;24;;;9904.0;0.0
av_SUGAR_d11;29300;INTARIAN_PEPPER_ROOT;10208;16;10205;23;;;10214;8;10218;18;;;10211.0;0.0
av_SUGAR_d11;29400;ASH_COATED_OSMIUM;9900;14;9897;25;;;9910;14;9914;10;;;9905.0;0.0
av_SUGAR_d11;29400;INTARIAN_PEPPER_ROOT;10206;21;10203;15;;;10212;14;10214;19;;;10209.0;0.0
av_SUGAR_d11;29500;ASH_COATED_OSMIUM;9902;14;9899;18;;;9908;17;9911;25;;;9905.0;0.0
av_SUGAR_d11;29500;INTARIAN_PEPPER_ROOT;10206;17;10204;28;;;10212;5;10216;22;;;10209.0;0.0
av_SUGAR_d11;29600;ASH_COATED_OSMIUM;9895;12;9891;22;;;9913;17;9916;14;;;9904.0;0.0
av_SUGAR_d11;29600;INTARIAN_PEPPER_ROOT;10206;17;10202;9;;;10212;21;10214;17;;;10209.0;0.0
av_SUGAR_d11;29700;ASH_COATED_OSMIUM;9901;15;9897;15;;;9907;9;9909;28;;;9904.0;0.0
av_SUGAR_d11;29700;INTARIAN_PEPPER_ROOT;10191;12;10188;19;;;10226;9;10230;23;;;10208.5;0.0
av_SUGAR_d11;29800;ASH_COATED_OSMIUM;9901;17;9898;19;;;9907;14;9910;13;;;9904.0;0.0
av_SUGAR_d11;29800;INTARIAN_PEPPER_ROOT;10205;8;10203;27;;;10211;12;10215;17;;;10208.0;0.0
av_SUGAR_d11;29900;ASH_COATED_OSMIUM;9901;14;9897;18;;;9907;22;9910;23;;;9904.0;0.0
av_SUGAR_d11;29900;INTARIAN_PEPPER_ROOT;10204;18;10201;20;;;10210;20;10214;18;;;10207.0;0.0
av_SUGAR_d11;30000;ASH_COATED_OSMIUM;9902;5;9898;17;;;9908;7;9911;28;;;9905.0;0.0
av_SUGAR_d11;30000;INTARIAN_PEPPER_ROOT;10201;12;10198;19;;;10215;9;10217;22;;;10208.0;0.0
av_SUGAR_d11;30100;ASH_COATED_OSMIUM;9902;25;9899;10;;;9908;17;9910;21;;;9905.0;0.0
av_SUGAR_d11;30100;INTARIAN_PEPPER_ROOT;10203;9;10200;23;;;10209;19;10212;17;;;10206.0;0.0
av_SUGAR_d11;30200;ASH_COATED_OSMIUM;9902;12;9899;20;;;9908;8;9910;16;;;9905.0;0.0
av_SUGAR_d11;30200;INTARIAN_PEPPER_ROOT;10200;17;10196;16;;;10214;18;10218;24;;;10207.0;0.0
av_SUGAR_d11;30300;ASH_COATED_OSMIUM;9902;10;9898;20;;;9908;8;9912;20;;;9905.0;0.0
av_SUGAR_d11;30300;INTARIAN_PEPPER_ROOT;10203;11;10201;17;;;10209;16;10212;12;;;10206.0;0.0
av_SUGAR_d11;30400;ASH_COATED_OSMIUM;9897;8;9895;23;;;9911;19;9914;24;;;9904.0;0.0
av_SUGAR_d11;30400;INTARIAN_PEPPER_ROOT;10201;11;10197;14;;;10210;26;10213;27;;;10205.5;0.0
av_SUGAR_d11;30500;ASH_COATED_OSMIUM;9902;18;9900;17;;;9908;11;9912;12;;;9905.0;0.0
av_SUGAR_d11;30500;INTARIAN_PEPPER_ROOT;10197;20;10194;30;;;10214;8;10216;24;;;10205.5;0.0
av_SUGAR_d11;30600;ASH_COATED_OSMIUM;9899;8;9897;15;;;9911;15;9913;11;;;9905.0;0.0
av_SUGAR_d11;30600;INTARIAN_PEPPER_ROOT;10202;21;10198;25;;;10208;15;10210;28;;;10205.0;0.0
av_SUGAR_d11;30700;ASH_COATED_OSMIUM;9898;13;9895;15;;;9912;20;9915;17;;;9905.0;0.0
av_SUGAR_d11;30700;INTARIAN_PEPPER_ROOT;10202;18;10198;8;;;10208;18;10212;22;;;10205.0;0.0
av_SUGAR_d11;30800;ASH_COATED_OSMIUM;9900;10;9896;12;;;9909;15;9911;23;;;9904.5;0.0
av_SUGAR_d11;30800;INTARIAN_PEPPER_ROOT;10199;20;10195;21;;;10210;9;10212;19;;;10204.5;0.0
av_SUGAR_d11;30900;ASH_COATED_OSMIUM;9897;16;9894;21;;;9912;13;9915;24;;;9904.5;0.0
av_SUGAR_d11;30900;INTARIAN_PEPPER_ROOT;10191;15;10188;26;;;10217;20;10221;31;;;10204.0;0.0
av_SUGAR_d11;31000;ASH_COATED_OSMIUM;9902;12;9899;31;;;9908;22;9911;28;;;9905.0;0.0
av_SUGAR_d11;31000;INTARIAN_PEPPER_ROOT;10200;8;10197;18;;;10206;13;10208;26;;;10203.0;0.0
av_SUGAR_d11;31100;ASH_COATED_OSMIUM;9881;16;9878;10;;;9927;6;9929;25;;;9904.0;0.0
av_SUGAR_d11;31100;INTARIAN_PEPPER_ROOT;10200;11;10198;20;;;10206;21;10208;19;;;10203.0;0.0
av_SUGAR_d11;31200;ASH_COATED_OSMIUM;9896;5;9894;16;;;9914;21;9916;13;;;9905.0;0.0
av_SUGAR_d11;31200;INTARIAN_PEPPER_ROOT;10199;15;10195;16;;;10205;14;10208;34;;;10202.0;0.0
av_SUGAR_d11;31300;ASH_COATED_OSMIUM;9901;15;9899;16;;;9907;8;9910;15;;;9904.0;0.0
av_SUGAR_d11;31300;INTARIAN_PEPPER_ROOT;10194;22;10192;21;;;10209;5;10211;21;;;10201.5;0.0
av_SUGAR_d11;31400;ASH_COATED_OSMIUM;9902;17;9898;17;;;9909;18;9913;15;;;9905.5;0.0
av_SUGAR_d11;31400;INTARIAN_PEPPER_ROOT;10198;11;10194;27;;;10204;13;10207;20;;;10201.0;0.0
av_SUGAR_d11;31500;ASH_COATED_OSMIUM;9902;21;9898;10;;;9908;13;9911;19;;;9905.0;0.0
av_SUGAR_d11;31500;INTARIAN_PEPPER_ROOT;10197;14;10193;21;;;10206;18;10209;15;;;10201.5;0.0
av_SUGAR_d11;31600;ASH_COATED_OSMIUM;9902;17;9900;27;;;9908;14;9910;24;;;9905.0;0.0
av_SUGAR_d11;31600;INTARIAN_PEPPER_ROOT;10189;19;10186;23;;;10212;24;10214;26;;;10200.5;0.0
av_SUGAR_d11;31700;ASH_COATED_OSMIUM;9900;17;9896;17;;;9909;9;9911;17;;;9904.5;0.0
av_SUGAR_d11;31700;INTARIAN_PEPPER_ROOT;10197;19;10194;28;;;10203;16;10207;18;;;10200.0;0.0
av_SUGAR_d11;31800;ASH_COATED_OSMIUM;9901;13;9898;15;;;9907;21;9910;18;;;9904.0;0.0
av_SUGAR_d11;31800;INTARIAN_PEPPER_ROOT;10195;15;10192;13;;;10206;13;10208;15;;;10200.5;0.0
av_SUGAR_d11;31900;ASH_COATED_OSMIUM;9902;16;9898;21;;;9908;11;9912;19;;;9905.0;0.0
av_SUGAR_d11;31900;INTARIAN_PEPPER_ROOT;10192;11;10190;21;;;10207;18;10210;22;;;10199.5;0.0
av_SUGAR_d11;32000;ASH_COATED_OSMIUM;9901;15;9898;19;;;9908;10;9912;20;;;9904.5;0.0
av_SUGAR_d11;32000;INTARIAN_PEPPER_ROOT;10195;18;10193;23;;;10201;7;10203;16;;;10198.0;0.0
av_SUGAR_d11;32100;ASH_COATED_OSMIUM;9902;20;9900;16;;;9908;15;9911;16;;;9905.0;0.0
av_SUGAR_d11;32100;INTARIAN_PEPPER_ROOT;10185;17;10182;23;;;10212;12;10216;22;;;10198.5;0.0
av_SUGAR_d11;32200;ASH_COATED_OSMIUM;9894;6;9892;25;;;9914;23;9916;22;;;9904.0;0.0
av_SUGAR_d11;32200;INTARIAN_PEPPER_ROOT;10190;14;10188;16;;;10207;5;10209;24;;;10198.5;0.0
av_SUGAR_d11;32300;ASH_COATED_OSMIUM;9899;21;9895;21;;;9910;22;9912;18;;;9904.5;0.0
av_SUGAR_d11;32300;INTARIAN_PEPPER_ROOT;10195;21;10193;17;;;10201;18;10203;15;;;10198.0;0.0
av_SUGAR_d11;32400;ASH_COATED_OSMIUM;9902;14;9899;17;;;9908;18;9911;18;;;9905.0;0.0
av_SUGAR_d11;32400;INTARIAN_PEPPER_ROOT;10194;13;10192;15;;;10200;11;10202;12;;;10197.0;0.0
av_SUGAR_d11;32500;ASH_COATED_OSMIUM;9902;8;9899;15;;;9908;15;9910;23;;;9905.0;0.0
av_SUGAR_d11;32500;INTARIAN_PEPPER_ROOT;10194;12;10190;24;;;10200;13;10202;19;;;10197.0;0.0
av_SUGAR_d11;32600;ASH_COATED_OSMIUM;9900;14;9898;15;;;9910;16;9914;21;;;9905.0;0.0
av_SUGAR_d11;32600;INTARIAN_PEPPER_ROOT;10194;18;10192;16;;;10200;5;10203;15;;;10197.0;0.0
av_SUGAR_d11;32700;ASH_COATED_OSMIUM;9902;5;9898;20;;;9908;6;9910;21;;;9905.0;0.0
av_SUGAR_d11;32700;INTARIAN_PEPPER_ROOT;10192;17;10190;22;;;10201;10;10205;24;;;10196.5;0.0
av_SUGAR_d11;32800;ASH_COATED_OSMIUM;9902;10;9900;8;;;9908;20;9910;21;;;9905.0;0.0
av_SUGAR_d11;32800;INTARIAN_PEPPER_ROOT;10190;17;10187;19;;;10203;12;10207;20;;;10196.5;0.0
av_SUGAR_d11;32900;ASH_COATED_OSMIUM;9902;13;9899;12;;;9908;12;9910;25;;;9905.0;0.0
av_SUGAR_d11;32900;INTARIAN_PEPPER_ROOT;10192;12;10189;17;;;10199;16;10203;20;;;10195.5;0.0
av_SUGAR_d11;33000;ASH_COATED_OSMIUM;9902;6;9898;22;;;9908;21;9912;20;;;9905.0;0.0
av_SUGAR_d11;33000;INTARIAN_PEPPER_ROOT;10183;12;10179;13;;;10208;17;10211;13;;;10195.5;0.0
av_SUGAR_d11;33100;ASH_COATED_OSMIUM;9902;8;9898;13;;;9908;16;9910;22;;;9905.0;0.0
av_SUGAR_d11;33100;INTARIAN_PEPPER_ROOT;10190;7;10186;28;;;10200;21;10204;25;;;10195.0;0.0
av_SUGAR_d11;33200;ASH_COATED_OSMIUM;9903;9;9899;24;;;9909;11;9912;28;;;9906.0;0.0
av_SUGAR_d11;33200;INTARIAN_PEPPER_ROOT;10191;12;10187;15;;;10197;16;10199;14;;;10194.0;0.0
av_SUGAR_d11;33300;ASH_COATED_OSMIUM;9902;12;9899;23;;;9908;15;9911;13;;;9905.0;0.0
av_SUGAR_d11;33300;INTARIAN_PEPPER_ROOT;10184;12;10181;19;;;10203;15;10207;21;;;10193.5;0.0
av_SUGAR_d11;33400;ASH_COATED_OSMIUM;9902;20;9900;12;;;9908;15;9910;23;;;9905.0;0.0
av_SUGAR_d11;33400;INTARIAN_PEPPER_ROOT;10190;14;10188;19;;;10196;18;10200;20;;;10193.0;0.0
av_SUGAR_d11;33500;ASH_COATED_OSMIUM;9896;7;9893;22;;;9914;20;9918;18;;;9905.0;0.0
av_SUGAR_d11;33500;INTARIAN_PEPPER_ROOT;10188;21;10185;28;;;10197;24;10201;19;;;10192.5;0.0
av_SUGAR_d11;33600;ASH_COATED_OSMIUM;9899;8;9895;18;;;9911;7;9915;19;;;9905.0;0.0
av_SUGAR_d11;33600;INTARIAN_PEPPER_ROOT;10189;8;10186;14;;;10195;11;10198;16;;;10192.0;0.0
av_SUGAR_d11;33700;ASH_COATED_OSMIUM;9902;18;9898;15;;;9909;21;9911;24;;;9905.5;0.0
av_SUGAR_d11;33700;INTARIAN_PEPPER_ROOT;10188;14;10184;25;;;10194;8;10196;21;;;10191.0;0.0
av_SUGAR_d11;33800;ASH_COATED_OSMIUM;9894;23;9891;20;;;9916;15;9918;21;;;9905.0;0.0
av_SUGAR_d11;33800;INTARIAN_PEPPER_ROOT;10189;15;10185;30;;;10195;22;10198;29;;;10192.0;0.0
av_SUGAR_d11;33900;ASH_COATED_OSMIUM;9902;16;9900;22;;;9908;17;9910;17;;;9905.0;0.0
av_SUGAR_d11;33900;INTARIAN_PEPPER_ROOT;10189;9;10185;22;;;10195;15;10197;27;;;10192.0;0.0
av_SUGAR_d11;34000;ASH_COATED_OSMIUM;9902;15;9900;20;;;9908;17;9910;27;;;9905.0;0.0
av_SUGAR_d11;34000;INTARIAN_PEPPER_ROOT;10190;5;10188;14;;;10196;5;10200;21;;;10193.0;0.0
av_SUGAR_d11;34100;ASH_COATED_OSMIUM;9899;14;9897;24;;;9910;16;9912;19;;;9904.5;0.0
av_SUGAR_d11;34100;INTARIAN_PEPPER_ROOT;10191;18;10187;13;;;10197;8;10200;16;;;10194.0;0.0
av_SUGAR_d11;34200;ASH_COATED_OSMIUM;9903;17;9899;21;;;9909;12;9911;17;;;9906.0;0.0
av_SUGAR_d11;34200;INTARIAN_PEPPER_ROOT;10193;8;10189;18;;;10199;9;10202;21;;;10196.0;0.0
av_SUGAR_d11;34300;ASH_COATED_OSMIUM;9902;17;9900;19;;;9908;21;9911;18;;;9905.0;0.0
av_SUGAR_d11;34300;INTARIAN_PEPPER_ROOT;10191;14;10187;19;;;10203;20;10205;18;;;10197.0;0.0
av_SUGAR_d11;34400;ASH_COATED_OSMIUM;9903;11;9900;28;;;9909;12;9913;28;;;9906.0;0.0
av_SUGAR_d11;34400;INTARIAN_PEPPER_ROOT;10195;19;10192;17;;;10201;13;10204;15;;;10198.0;0.0
av_SUGAR_d11;34500;ASH_COATED_OSMIUM;9898;15;9895;14;;;9912;19;9915;17;;;9905.0;0.0
av_SUGAR_d11;34500;INTARIAN_PEPPER_ROOT;10186;15;10184;10;;;10213;29;10217;20;;;10199.5;0.0
av_SUGAR_d11;34600;ASH_COATED_OSMIUM;9903;16;9900;17;;;9909;5;9911;16;;;9906.0;0.0
av_SUGAR_d11;34600;INTARIAN_PEPPER_ROOT;10198;13;10194;25;;;10204;19;10206;25;;;10201.0;0.0
av_SUGAR_d11;34700;ASH_COATED_OSMIUM;9903;23;9900;23;;;9909;18;9913;21;;;9906.0;0.0
av_SUGAR_d11;34700;INTARIAN_PEPPER_ROOT;10195;17;10192;23;;;10210;19;10212;14;;;10202.5;0.0
av_SUGAR_d11;34800;ASH_COATED_OSMIUM;9898;16;9894;31;;;9914;5;9918;24;;;9906.0;0.0
av_SUGAR_d11;34800;INTARIAN_PEPPER_ROOT;10200;21;10198;22;;;10206;12;10210;20;;;10203.0;0.0
av_SUGAR_d11;34900;ASH_COATED_OSMIUM;9903;16;9901;24;;;9909;14;9913;19;;;9906.0;0.0
av_SUGAR_d11;34900;INTARIAN_PEPPER_ROOT;10202;11;10198;17;;;10208;12;10210;15;;;10205.0;0.0
av_SUGAR_d11;35000;ASH_COATED_OSMIUM;9901;18;9899;8;;;9910;27;9912;13;;;9905.5;0.0
av_SUGAR_d11;35000;INTARIAN_PEPPER_ROOT;10200;21;10198;9;;;10212;12;10214;18;;;10206.0;0.0
av_SUGAR_d11;35100;ASH_COATED_OSMIUM;9896;11;9892;21;;;9916;10;9920;20;;;9906.0;0.0
av_SUGAR_d11;35100;INTARIAN_PEPPER_ROOT;10204;12;10201;14;;;10212;20;10215;8;;;10208.0;0.0
av_SUGAR_d11;35200;ASH_COATED_OSMIUM;9903;13;9899;19;;;9909;14;9913;14;;;9906.0;0.0
av_SUGAR_d11;35200;INTARIAN_PEPPER_ROOT;10198;15;10194;25;;;10219;9;10221;14;;;10208.5;0.0
av_SUGAR_d11;35300;ASH_COATED_OSMIUM;9903;11;9900;23;;;9909;22;9911;19;;;9906.0;0.0
av_SUGAR_d11;35300;INTARIAN_PEPPER_ROOT;10194;10;10191;12;;;10226;15;10229;19;;;10210.0;0.0
av_SUGAR_d11;35400;ASH_COATED_OSMIUM;9901;17;9898;16;;;9911;11;9914;21;;;9906.0;0.0
av_SUGAR_d11;35400;INTARIAN_PEPPER_ROOT;10208;16;10205;15;;;10214;16;10217;15;;;10211.0;0.0
av_SUGAR_d11;35500;ASH_COATED_OSMIUM;9904;14;9901;19;;;9910;11;9913;8;;;9907.0;0.0
av_SUGAR_d11;35500;INTARIAN_PEPPER_ROOT;10210;25;10208;18;;;10216;13;10218;19;;;10213.0;0.0
av_SUGAR_d11;35600;ASH_COATED_OSMIUM;9904;20;9900;24;;;9910;5;9912;15;;;9907.0;0.0
av_SUGAR_d11;35600;INTARIAN_PEPPER_ROOT;10207;10;10203;19;;;10222;20;10226;15;;;10214.5;0.0
av_SUGAR_d11;35700;ASH_COATED_OSMIUM;9904;17;9902;17;;;9910;24;9913;26;;;9907.0;0.0
av_SUGAR_d11;35700;INTARIAN_PEPPER_ROOT;10212;14;10209;19;;;10218;9;10220;22;;;10215.0;0.0
av_SUGAR_d11;35800;ASH_COATED_OSMIUM;9903;11;9901;21;;;9912;7;9914;26;;;9907.5;0.0
av_SUGAR_d11;35800;INTARIAN_PEPPER_ROOT;10211;13;10207;22;;;10223;18;10225;23;;;10217.0;0.0
av_SUGAR_d11;35900;ASH_COATED_OSMIUM;9904;25;9901;14;;;9910;18;9914;19;;;9907.0;0.0
av_SUGAR_d11;35900;INTARIAN_PEPPER_ROOT;10215;9;10213;13;;;10221;16;10224;19;;;10218.0;0.0
av_SUGAR_d11;36000;ASH_COATED_OSMIUM;9904;14;9900;24;;;9910;19;9913;31;;;9907.0;0.0
av_SUGAR_d11;36000;INTARIAN_PEPPER_ROOT;10216;10;10214;20;;;10222;14;10225;19;;;10219.0;0.0
av_SUGAR_d11;36100;ASH_COATED_OSMIUM;9905;23;9902;21;;;9911;5;9914;17;;;9908.0;0.0
av_SUGAR_d11;36100;INTARIAN_PEPPER_ROOT;10218;15;10215;20;;;10224;5;10227;21;;;10221.0;0.0
av_SUGAR_d11;36200;ASH_COATED_OSMIUM;9903;9;9901;19;;;9912;16;9914;17;;;9907.5;0.0
av_SUGAR_d11;36200;INTARIAN_PEPPER_ROOT;10213;6;10211;19;;;10232;13;10234;21;;;10222.5;0.0
av_SUGAR_d11;36300;ASH_COATED_OSMIUM;9904;14;9902;14;;;9912;21;9915;11;;;9908.0;0.0
av_SUGAR_d11;36300;INTARIAN_PEPPER_ROOT;10221;19;10219;18;;;10227;18;10230;18;;;10224.0;0.0
av_SUGAR_d11;36400;ASH_COATED_OSMIUM;9905;5;9902;16;;;9911;10;9914;25;;;9908.0;0.0
av_SUGAR_d11;36400;INTARIAN_PEPPER_ROOT;10218;17;10214;20;;;10231;5;10234;12;;;10224.5;0.0
av_SUGAR_d11;36500;ASH_COATED_OSMIUM;9903;15;9899;19;;;9912;22;9916;23;;;9907.5;0.0
av_SUGAR_d11;36500;INTARIAN_PEPPER_ROOT;10223;10;10219;26;;;10229;8;10232;19;;;10226.0;0.0
av_SUGAR_d11;36600;ASH_COATED_OSMIUM;9903;10;9901;19;;;9912;5;9914;19;;;9907.5;0.0
av_SUGAR_d11;36600;INTARIAN_PEPPER_ROOT;10224;7;10221;22;;;10230;25;10232;14;;;10227.0;0.0
av_SUGAR_d11;36700;ASH_COATED_OSMIUM;9900;17;9898;21;;;9917;17;9919;25;;;9908.5;0.0
av_SUGAR_d11;36700;INTARIAN_PEPPER_ROOT;10207;8;10205;24;;;10251;17;10253;22;;;10229.0;0.0
av_SUGAR_d11;36800;ASH_COATED_OSMIUM;9905;17;9903;17;;;9911;10;9915;10;;;9908.0;0.0
av_SUGAR_d11;36800;INTARIAN_PEPPER_ROOT;10227;10;10224;12;;;10233;15;10236;18;;;10230.0;0.0
av_SUGAR_d11;36900;ASH_COATED_OSMIUM;9905;15;9901;23;;;9911;10;9913;8;;;9908.0;0.0
av_SUGAR_d11;36900;INTARIAN_PEPPER_ROOT;10226;21;10224;26;;;10236;13;10238;24;;;10231.0;0.0
av_SUGAR_d11;37000;ASH_COATED_OSMIUM;9897;12;9894;18;;;9919;16;9922;28;;;9908.0;0.0
av_SUGAR_d11;37000;INTARIAN_PEPPER_ROOT;10227;9;10223;16;;;10238;13;10242;24;;;10232.5;0.0
av_SUGAR_d11;37100;ASH_COATED_OSMIUM;9905;10;9902;26;;;9911;12;9913;24;;;9908.0;0.0
av_SUGAR_d11;37100;INTARIAN_PEPPER_ROOT;10231;10;10228;15;;;10237;11;10241;14;;;10234.0;0.0
av_SUGAR_d11;37200;ASH_COATED_OSMIUM;9906;10;9904;24;;;9912;14;9915;13;;;9909.0;0.0
av_SUGAR_d11;37200;INTARIAN_PEPPER_ROOT;10232;10;10230;20;;;10239;5;10241;26;;;10235.5;0.0
av_SUGAR_d11;37300;ASH_COATED_OSMIUM;9906;20;9903;12;;;9912;24;9914;18;;;9909.0;0.0
av_SUGAR_d11;37300;INTARIAN_PEPPER_ROOT;10220;6;10218;14;;;10253;19;10255;15;;;10236.5;0.0
av_SUGAR_d11;37400;ASH_COATED_OSMIUM;9905;17;9903;25;;;9911;5;9915;25;;;9908.0;0.0
av_SUGAR_d11;37400;INTARIAN_PEPPER_ROOT;10231;20;10228;28;;;10245;11;10249;23;;;10238.0;0.0
av_SUGAR_d11;37500;ASH_COATED_OSMIUM;9906;11;9902;26;;;9912;20;9916;8;;;9909.0;0.0
av_SUGAR_d11;37500;INTARIAN_PEPPER_ROOT;10231;15;10228;24;;;10247;16;10251;26;;;10239.0;0.0
av_SUGAR_d11;37600;ASH_COATED_OSMIUM;9906;10;9904;16;;;9912;14;9916;19;;;9909.0;0.0
av_SUGAR_d11;37600;INTARIAN_PEPPER_ROOT;10237;13;10233;22;;;10243;10;10245;17;;;10240.0;0.0
av_SUGAR_d11;37700;ASH_COATED_OSMIUM;9904;14;9901;24;;;9914;5;9917;17;;;9909.0;0.0
av_SUGAR_d11;37700;INTARIAN_PEPPER_ROOT;10239;18;10237;14;;;10245;18;10249;19;;;10242.0;0.0
av_SUGAR_d11;37800;ASH_COATED_OSMIUM;9896;17;9893;16;;;9922;8;9926;21;;;9909.0;0.0
av_SUGAR_d11;37800;INTARIAN_PEPPER_ROOT;10240;9;10237;27;;;10246;8;10249;25;;;10243.0;0.0
av_SUGAR_d11;37900;ASH_COATED_OSMIUM;9906;20;9902;16;;;9912;17;9915;18;;;9909.0;0.0
av_SUGAR_d11;37900;INTARIAN_PEPPER_ROOT;10242;24;10240;21;;;10248;25;10251;19;;;10245.0;0.0
av_SUGAR_d11;38000;ASH_COATED_OSMIUM;9901;16;9899;17;;;9917;19;9921;22;;;9909.0;0.0
av_SUGAR_d11;38000;INTARIAN_PEPPER_ROOT;10243;26;10240;22;;;10249;8;10251;16;;;10246.0;0.0
av_SUGAR_d11;38100;ASH_COATED_OSMIUM;9907;15;9905;14;;;9913;24;9916;13;;;9910.0;0.0
av_SUGAR_d11;38100;INTARIAN_PEPPER_ROOT;10243;11;10239;19;;;10251;11;10254;11;;;10247.0;0.0
av_SUGAR_d11;38200;ASH_COATED_OSMIUM;9907;15;9905;15;;;9913;14;9915;22;;;9910.0;0.0
av_SUGAR_d11;38200;INTARIAN_PEPPER_ROOT;10245;9;10242;22;;;10251;15;10254;14;;;10248.0;0.0
av_SUGAR_d11;38300;ASH_COATED_OSMIUM;9906;10;9902;23;;;9912;12;9916;20;;;9909.0;0.0
av_SUGAR_d11;38300;INTARIAN_PEPPER_ROOT;10237;18;10235;15;;;10264;25;10266;21;;;10250.5;0.0
av_SUGAR_d11;38400;ASH_COATED_OSMIUM;9907;9;9905;17;;;9913;6;9915;32;;;9910.0;0.0
av_SUGAR_d11;38400;INTARIAN_PEPPER_ROOT;10242;14;10240;18;;;10261;5;10265;18;;;10251.5;0.0
av_SUGAR_d11;38500;ASH_COATED_OSMIUM;9907;18;9904;21;;;9913;8;9916;17;;;9910.0;0.0
av_SUGAR_d11;38500;INTARIAN_PEPPER_ROOT;10250;16;10246;13;;;10256;15;10258;18;;;10253.0;0.0
av_SUGAR_d11;38600;ASH_COATED_OSMIUM;9907;12;9904;13;;;9913;9;9915;19;;;9910.0;0.0
av_SUGAR_d11;38600;INTARIAN_PEPPER_ROOT;10251;13;10248;23;;;10257;12;10261;14;;;10254.0;0.0
av_SUGAR_d11;38700;ASH_COATED_OSMIUM;9906;22;9903;35;;;9913;19;9916;12;;;9909.5;0.0
av_SUGAR_d11;38700;INTARIAN_PEPPER_ROOT;10248;20;10244;13;;;10263;12;10265;18;;;10255.5;0.0
av_SUGAR_d11;38800;ASH_COATED_OSMIUM;9907;7;9905;23;;;9913;8;9916;17;;;9910.0;0.0
av_SUGAR_d11;38800;INTARIAN_PEPPER_ROOT;10251;7;10249;22;;;10262;19;10266;30;;;10256.5;0.0
av_SUGAR_d11;38900;ASH_COATED_OSMIUM;9908;11;9904;15;;;9914;15;9917;22;;;9911.0;0.0
av_SUGAR_d11;38900;INTARIAN_PEPPER_ROOT;10255;16;10253;20;;;10261;17;10264;18;;;10258.0;0.0
av_SUGAR_d11;39000;ASH_COATED_OSMIUM;9908;14;9905;15;;;9914;9;9916;21;;;9911.0;0.0
av_SUGAR_d11;39000;INTARIAN_PEPPER_ROOT;10253;23;10249;19;;;10266;5;10269;28;;;10259.5;0.0
av_SUGAR_d11;39100;ASH_COATED_OSMIUM;9906;16;9902;17;;;9917;14;9919;21;;;9911.5;0.0
av_SUGAR_d11;39100;INTARIAN_PEPPER_ROOT;10253;11;10250;19;;;10269;15;10272;21;;;10261.0;0.0
av_SUGAR_d11;39200;ASH_COATED_OSMIUM;9908;19;9906;13;;;9914;8;9916;20;;;9911.0;0.0
av_SUGAR_d11;39200;INTARIAN_PEPPER_ROOT;10257;9;10254;20;;;10266;13;10268;22;;;10261.5;0.0
av_SUGAR_d11;39300;ASH_COATED_OSMIUM;9901;18;9898;18;;;9920;14;9924;20;;;9910.5;0.0
av_SUGAR_d11;39300;INTARIAN_PEPPER_ROOT;10252;6;10249;15;;;10276;21;10278;12;;;10264.0;0.0
av_SUGAR_d11;39400;ASH_COATED_OSMIUM;9907;21;9905;16;;;9913;17;9915;13;;;9910.0;0.0
av_SUGAR_d11;39400;INTARIAN_PEPPER_ROOT;10262;22;10260;14;;;10269;11;10273;9;;;10265.5;0.0
av_SUGAR_d11;39500;ASH_COATED_OSMIUM;9908;21;9905;15;;;9914;8;9917;18;;;9911.0;0.0
av_SUGAR_d11;39500;INTARIAN_PEPPER_ROOT;10262;18;10259;19;;;10270;8;10272;24;;;10266.0;0.0
av_SUGAR_d11;39600;ASH_COATED_OSMIUM;9908;5;9904;29;;;9914;16;9916;20;;;9911.0;0.0
av_SUGAR_d11;39600;INTARIAN_PEPPER_ROOT;10259;19;10256;21;;;10276;9;10279;13;;;10267.5;0.0
av_SUGAR_d11;39700;ASH_COATED_OSMIUM;9905;10;9902;12;;;9917;13;9919;22;;;9911.0;0.0
av_SUGAR_d11;39700;INTARIAN_PEPPER_ROOT;10266;13;10264;26;;;10272;10;10275;24;;;10269.0;0.0
av_SUGAR_d11;39800;ASH_COATED_OSMIUM;9904;8;9900;25;;;9918;14;9920;20;;;9911.0;0.0
av_SUGAR_d11;39800;INTARIAN_PEPPER_ROOT;10267;16;10264;24;;;10273;16;10276;14;;;10270.0;0.0
av_SUGAR_d11;39900;ASH_COATED_OSMIUM;9909;15;9906;18;;;9915;15;9919;20;;;9912.0;0.0
av_SUGAR_d11;39900;INTARIAN_PEPPER_ROOT;10268;8;10265;23;;;10274;14;10278;21;;;10271.0;0.0
av_SUGAR_d11;40000;ASH_COATED_OSMIUM;9908;17;9904;21;;;9915;17;9919;28;;;9911.5;0.0
av_SUGAR_d11;40000;INTARIAN_PEPPER_ROOT;10270;12;10267;23;;;10276;5;10280;23;;;10273.0;0.0
av_SUGAR_d11;40100;ASH_COATED_OSMIUM;9909;16;9906;23;;;9915;12;9918;10;;;9912.0;0.0
av_SUGAR_d11;40100;INTARIAN_PEPPER_ROOT;10271;24;10268;18;;;10277;13;10280;20;;;10274.0;0.0
av_SUGAR_d11;40200;ASH_COATED_OSMIUM;9909;14;9907;24;;;9915;22;9917;19;;;9912.0;0.0
av_SUGAR_d11;40200;INTARIAN_PEPPER_ROOT;10273;17;10270;21;;;10279;6;10283;19;;;10276.0;0.0
av_SUGAR_d11;40300;ASH_COATED_OSMIUM;9897;7;9894;18;;;9926;15;9929;24;;;9911.5;0.0
av_SUGAR_d11;40300;INTARIAN_PEPPER_ROOT;10271;12;10269;21;;;10284;9;10286;10;;;10277.5;0.0
av_SUGAR_d11;40400;ASH_COATED_OSMIUM;9908;12;9904;15;;;9916;10;9920;11;;;9912.0;0.0
av_SUGAR_d11;40400;INTARIAN_PEPPER_ROOT;10275;27;10271;25;;;10281;15;10284;20;;;10278.0;0.0
av_SUGAR_d11;40500;ASH_COATED_OSMIUM;9909;6;9905;25;;;9915;9;9918;22;;;9912.0;0.0
av_SUGAR_d11;40500;INTARIAN_PEPPER_ROOT;10276;5;10274;11;;;10282;8;10286;22;;;10279.0;0.0
av_SUGAR_d11;40600;ASH_COATED_OSMIUM;9907;14;9903;14;;;9919;11;9921;19;;;9913.0;0.0
av_SUGAR_d11;40600;INTARIAN_PEPPER_ROOT;10278;21;10274;8;;;10284;16;10286;17;;;10281.0;0.0
av_SUGAR_d11;40700;ASH_COATED_OSMIUM;9909;20;9905;19;;;9915;7;9919;23;;;9912.0;0.0
av_SUGAR_d11;40700;INTARIAN_PEPPER_ROOT;10279;19;10277;27;;;10285;18;10287;18;;;10282.0;0.0
av_SUGAR_d11;40800;ASH_COATED_OSMIUM;9908;16;9904;20;;;9918;6;9922;23;;;9913.0;0.0
av_SUGAR_d11;40800;INTARIAN_PEPPER_ROOT;10280;15;10278;8;;;10286;9;10290;16;;;10283.0;0.0
av_SUGAR_d11;40900;ASH_COATED_OSMIUM;9910;8;9906;27;;;9916;18;9919;13;;;9913.0;0.0
av_SUGAR_d11;40900;INTARIAN_PEPPER_ROOT;10281;10;10277;15;;;10287;11;10290;25;;;10284.0;0.0
av_SUGAR_d11;41000;ASH_COATED_OSMIUM;9909;21;9906;22;;;9917;23;9919;21;;;9913.0;0.0
av_SUGAR_d11;41000;INTARIAN_PEPPER_ROOT;10278;19;10275;15;;;10294;13;10297;14;;;10286.0;0.0
av_SUGAR_d11;41100;ASH_COATED_OSMIUM;9904;5;9902;22;;;9922;13;9925;19;;;9913.0;0.0
av_SUGAR_d11;41100;INTARIAN_PEPPER_ROOT;10283;18;10279;21;;;10293;5;10296;19;;;10288.0;0.0
av_SUGAR_d11;41200;ASH_COATED_OSMIUM;9908;10;9906;20;;;9918;19;9920;13;;;9913.0;0.0
av_SUGAR_d11;41200;INTARIAN_PEPPER_ROOT;10286;14;10282;15;;;10292;17;10295;26;;;10289.0;0.0
av_SUGAR_d11;41300;ASH_COATED_OSMIUM;9910;18;9908;20;;;9916;18;9918;19;;;9913.0;0.0
av_SUGAR_d11;41300;INTARIAN_PEPPER_ROOT;10287;15;10285;24;;;10293;24;10296;16;;;10290.0;0.0
av_SUGAR_d11;41400;ASH_COATED_OSMIUM;9910;12;9908;16;;;9916;10;9919;20;;;9913.0;0.0
av_SUGAR_d11;41400;INTARIAN_PEPPER_ROOT;10288;10;10286;13;;;10294;7;10298;19;;;10291.0;0.0
av_SUGAR_d11;41500;ASH_COATED_OSMIUM;9910;13;9906;25;;;9916;22;9920;14;;;9913.0;0.0
av_SUGAR_d11;41500;INTARIAN_PEPPER_ROOT;10289;7;10287;18;;;10295;17;10297;16;;;10292.0;0.0
av_SUGAR_d11;41600;ASH_COATED_OSMIUM;9893;8;9890;11;;;9933;16;9936;23;;;9913.0;0.0
av_SUGAR_d11;41600;INTARIAN_PEPPER_ROOT;10291;5;10289;30;;;10297;23;10300;23;;;10294.0;0.0
av_SUGAR_d11;41700;ASH_COATED_OSMIUM;9911;16;9908;22;;;9917;25;9921;25;;;9914.0;0.0
av_SUGAR_d11;41700;INTARIAN_PEPPER_ROOT;10292;21;10289;22;;;10299;10;10303;18;;;10295.5;0.0
av_SUGAR_d11;41800;ASH_COATED_OSMIUM;9911;12;9909;22;;;9917;13;9921;15;;;9914.0;0.0
av_SUGAR_d11;41800;INTARIAN_PEPPER_ROOT;10294;15;10292;16;;;10300;18;10303;24;;;10297.0;0.0
av_SUGAR_d11;41900;ASH_COATED_OSMIUM;9911;19;9909;14;;;9917;24;9919;18;;;9914.0;0.0
av_SUGAR_d11;41900;INTARIAN_PEPPER_ROOT;10294;14;10290;14;;;10302;25;10304;13;;;10298.0;0.0
av_SUGAR_d11;42000;ASH_COATED_OSMIUM;9910;5;9907;30;;;9916;19;9920;17;;;9913.0;0.0
av_SUGAR_d11;42000;INTARIAN_PEPPER_ROOT;10297;12;10295;20;;;10303;17;10305;18;;;10300.0;0.0
av_SUGAR_d11;42100;ASH_COATED_OSMIUM;9904;12;9900;21;;;9924;6;9926;16;;;9914.0;0.0
av_SUGAR_d11;42100;INTARIAN_PEPPER_ROOT;10292;24;10288;16;;;10310;13;10314;23;;;10301.0;0.0
av_SUGAR_d11;42200;ASH_COATED_OSMIUM;9911;10;9907;25;;;9917;13;9920;20;;;9914.0;0.0
av_SUGAR_d11;42200;INTARIAN_PEPPER_ROOT;10294;6;10291;20;;;10310;19;10312;20;;;10302.0;0.0
av_SUGAR_d11;42300;ASH_COATED_OSMIUM;9911;13;9908;20;;;9917;10;9920;17;;;9914.0;0.0
av_SUGAR_d11;42300;INTARIAN_PEPPER_ROOT;10288;13;10286;19;;;10318;18;10320;15;;;10303.0;0.0
av_SUGAR_d11;42400;ASH_COATED_OSMIUM;9911;5;9908;20;;;9917;25;9919;20;;;9914.0;0.0
av_SUGAR_d11;42400;INTARIAN_PEPPER_ROOT;10301;7;10297;15;;;10308;13;10310;16;;;10304.5;0.0
av_SUGAR_d11;42500;ASH_COATED_OSMIUM;9911;17;9909;21;;;9917;13;9919;18;;;9914.0;0.0
av_SUGAR_d11;42500;INTARIAN_PEPPER_ROOT;10303;16;10300;29;;;10309;14;10312;18;;;10306.0;0.0
av_SUGAR_d11;42600;ASH_COATED_OSMIUM;9912;11;9910;9;;;9918;17;9921;24;;;9915.0;0.0
av_SUGAR_d11;42600;INTARIAN_PEPPER_ROOT;10302;15;10298;18;;;10313;15;10316;17;;;10307.5;0.0
av_SUGAR_d11;42700;ASH_COATED_OSMIUM;9902;12;9898;21;;;9928;21;9932;23;;;9915.0;0.0
av_SUGAR_d11;42700;INTARIAN_PEPPER_ROOT;10304;14;10300;10;;;10314;7;10318;27;;;10309.0;0.0
av_SUGAR_d11;42800;ASH_COATED_OSMIUM;9908;19;9904;18;;;9921;11;9924;21;;;9914.5;0.0
av_SUGAR_d11;42800;INTARIAN_PEPPER_ROOT;10304;8;10302;24;;;10317;19;10319;20;;;10310.5;0.0
av_SUGAR_d11;42900;ASH_COATED_OSMIUM;9912;20;9909;20;;;9918;14;9920;10;;;9915.0;0.0
av_SUGAR_d11;42900;INTARIAN_PEPPER_ROOT;10297;23;10294;20;;;10326;15;10329;26;;;10311.5;0.0
av_SUGAR_d11;43000;ASH_COATED_OSMIUM;9910;14;9908;24;;;9920;15;9923;16;;;9915.0;0.0
av_SUGAR_d11;43000;INTARIAN_PEPPER_ROOT;10310;17;10306;20;;;10316;17;10320;24;;;10313.0;0.0
av_SUGAR_d11;43100;ASH_COATED_OSMIUM;9909;18;9905;29;;;9920;10;9923;15;;;9914.5;0.0
av_SUGAR_d11;43100;INTARIAN_PEPPER_ROOT;10311;18;10308;18;;;10317;20;10319;18;;;10314.0;0.0
av_SUGAR_d11;43200;ASH_COATED_OSMIUM;9912;5;9909;17;;;9918;16;9920;19;;;9915.0;0.0
av_SUGAR_d11;43200;INTARIAN_PEPPER_ROOT;10312;13;10310;27;;;10318;18;10322;22;;;10315.0;0.0
av_SUGAR_d11;43300;ASH_COATED_OSMIUM;9912;15;9909;14;;;9918;16;9921;22;;;9915.0;0.0
av_SUGAR_d11;43300;INTARIAN_PEPPER_ROOT;10301;15;10299;23;;;10331;12;10334;30;;;10316.0;0.0
av_SUGAR_d11;43400;ASH_COATED_OSMIUM;9912;5;9910;17;;;9918;21;9921;17;;;9915.0;0.0
av_SUGAR_d11;43400;INTARIAN_PEPPER_ROOT;10315;12;10311;15;;;10321;10;10323;25;;;10318.0;0.0
av_SUGAR_d11;43500;ASH_COATED_OSMIUM;9912;6;9908;21;;;9918;21;9921;16;;;9915.0;0.0
av_SUGAR_d11;43500;INTARIAN_PEPPER_ROOT;10316;15;10312;15;;;10322;16;10324;23;;;10319.0;0.0
av_SUGAR_d11;43600;ASH_COATED_OSMIUM;9911;5;9908;19;;;9920;10;9924;22;;;9915.5;0.0
av_SUGAR_d11;43600;INTARIAN_PEPPER_ROOT;10318;16;10314;21;;;10324;13;10326;15;;;10321.0;0.0
av_SUGAR_d11;43700;ASH_COATED_OSMIUM;9913;16;9909;17;;;9919;17;9922;20;;;9916.0;0.0
av_SUGAR_d11;43700;INTARIAN_PEPPER_ROOT;10309;16;10306;24;;;10335;11;10339;12;;;10322.0;0.0
av_SUGAR_d11;43800;ASH_COATED_OSMIUM;9913;19;9910;22;;;9919;9;9922;11;;;9916.0;0.0
av_SUGAR_d11;43800;INTARIAN_PEPPER_ROOT;10320;19;10317;24;;;10326;5;10330;16;;;10323.0;0.0
av_SUGAR_d11;43900;ASH_COATED_OSMIUM;9909;15;9906;15;;;9922;17;9924;15;;;9915.5;0.0
av_SUGAR_d11;43900;INTARIAN_PEPPER_ROOT;10322;19;10319;25;;;10328;13;10332;20;;;10325.0;0.0
av_SUGAR_d11;44000;ASH_COATED_OSMIUM;9909;17;9906;28;;;9923;6;9925;20;;;9916.0;0.0
av_SUGAR_d11;44000;INTARIAN_PEPPER_ROOT;10323;20;10319;29;;;10329;19;10333;23;;;10326.0;0.0
av_SUGAR_d11;44100;ASH_COATED_OSMIUM;9913;14;9911;25;;;9919;21;9921;12;;;9916.0;0.0
av_SUGAR_d11;44100;INTARIAN_PEPPER_ROOT;10324;10;10320;20;;;10330;20;10332;10;;;10327.0;0.0
av_SUGAR_d11;44200;ASH_COATED_OSMIUM;9910;16;9908;16;;;9924;10;9926;8;;;9917.0;0.0
av_SUGAR_d11;44200;INTARIAN_PEPPER_ROOT;10326;12;10324;25;;;10332;13;10335;16;;;10329.0;0.0
av_SUGAR_d11;44300;ASH_COATED_OSMIUM;9914;8;9912;19;;;9920;6;9924;24;;;9917.0;0.0
av_SUGAR_d11;44300;INTARIAN_PEPPER_ROOT;10327;14;10323;17;;;10333;15;10335;22;;;10330.0;0.0
av_SUGAR_d11;44400;ASH_COATED_OSMIUM;9913;15;9909;16;;;9919;11;9923;20;;;9916.0;0.0
av_SUGAR_d11;44400;INTARIAN_PEPPER_ROOT;10327;22;10325;17;;;10336;22;10338;22;;;10331.5;0.0
av_SUGAR_d11;44500;ASH_COATED_OSMIUM;9914;15;9911;13;;;9921;17;9924;13;;;9917.5;0.0
av_SUGAR_d11;44500;INTARIAN_PEPPER_ROOT;10326;16;10324;12;;;10340;12;10344;21;;;10333.0;0.0
av_SUGAR_d11;44600;ASH_COATED_OSMIUM;9913;15;9911;22;;;9919;8;9923;22;;;9916.0;0.0
av_SUGAR_d11;44600;INTARIAN_PEPPER_ROOT;10331;20;10328;15;;;10337;15;10341;23;;;10334.0;0.0
av_SUGAR_d11;44700;ASH_COATED_OSMIUM;9914;15;9910;21;;;9920;20;9922;16;;;9917.0;0.0
av_SUGAR_d11;44700;INTARIAN_PEPPER_ROOT;10332;17;10330;8;;;10338;21;10342;11;;;10335.0;0.0
av_SUGAR_d11;44800;ASH_COATED_OSMIUM;9912;15;9909;10;;;9922;18;9925;20;;;9917.0;0.0
av_SUGAR_d11;44800;INTARIAN_PEPPER_ROOT;10324;20;10321;20;;;10349;28;10351;14;;;10336.5;0.0
av_SUGAR_d11;44900;ASH_COATED_OSMIUM;9914;18;9912;28;;;9920;7;9923;14;;;9917.0;0.0
av_SUGAR_d11;44900;INTARIAN_PEPPER_ROOT;10332;21;10330;15;;;10344;11;10346;20;;;10338.0;0.0
av_SUGAR_d11;45000;ASH_COATED_OSMIUM;9914;11;9911;13;;;9920;21;9923;22;;;9917.0;0.0
av_SUGAR_d11;45000;INTARIAN_PEPPER_ROOT;10337;23;10335;19;;;10343;18;10347;27;;;10340.0;0.0
av_SUGAR_d11;45100;ASH_COATED_OSMIUM;9914;23;9910;23;;;9920;11;9922;21;;;9917.0;0.0
av_SUGAR_d11;45100;INTARIAN_PEPPER_ROOT;10336;23;10334;19;;;10345;21;10349;17;;;10340.5;0.0
av_SUGAR_d11;45200;ASH_COATED_OSMIUM;9912;17;9908;14;;;9921;12;9923;16;;;9916.5;0.0
av_SUGAR_d11;45200;INTARIAN_PEPPER_ROOT;10337;8;10334;19;;;10347;18;10350;16;;;10342.0;0.0
av_SUGAR_d11;45300;ASH_COATED_OSMIUM;9914;18;9911;20;;;9920;11;9923;23;;;9917.0;0.0
av_SUGAR_d11;45300;INTARIAN_PEPPER_ROOT;10335;16;10333;22;;;10352;18;10356;11;;;10343.5;0.0
av_SUGAR_d11;45400;ASH_COATED_OSMIUM;9915;16;9913;14;;;9921;14;9923;23;;;9918.0;0.0
av_SUGAR_d11;45400;INTARIAN_PEPPER_ROOT;10342;17;10338;23;;;10348;26;10351;18;;;10345.0;0.0
av_SUGAR_d11;45500;ASH_COATED_OSMIUM;9914;16;9911;23;;;9921;6;9924;21;;;9917.5;0.0
av_SUGAR_d11;45500;INTARIAN_PEPPER_ROOT;10343;21;10341;23;;;10349;21;10353;27;;;10346.0;0.0
av_SUGAR_d11;45600;ASH_COATED_OSMIUM;9915;9;9912;20;;;9921;21;9924;15;;;9918.0;0.0
av_SUGAR_d11;45600;INTARIAN_PEPPER_ROOT;10343;11;10339;24;;;10352;13;10356;16;;;10347.5;0.0
av_SUGAR_d11;45700;ASH_COATED_OSMIUM;9914;13;9912;22;;;9920;20;9923;21;;;9917.0;0.0
av_SUGAR_d11;45700;INTARIAN_PEPPER_ROOT;10341;16;10339;24;;;10358;11;10362;22;;;10349.5;0.0
av_SUGAR_d11;45800;ASH_COATED_OSMIUM;9914;10;9910;10;;;9922;17;9925;24;;;9918.0;0.0
av_SUGAR_d11;45800;INTARIAN_PEPPER_ROOT;10347;5;10344;25;;;10353;15;10356;24;;;10350.0;0.0
av_SUGAR_d11;45900;ASH_COATED_OSMIUM;9916;10;9912;18;;;9922;14;9926;18;;;9919.0;0.0
av_SUGAR_d11;45900;INTARIAN_PEPPER_ROOT;10346;23;10343;19;;;10357;10;10360;16;;;10351.5;0.0
av_SUGAR_d11;46000;ASH_COATED_OSMIUM;9915;6;9912;22;;;9922;10;9925;15;;;9918.5;0.0
av_SUGAR_d11;46000;INTARIAN_PEPPER_ROOT;10350;16;10348;27;;;10356;20;10360;17;;;10353.0;0.0
av_SUGAR_d11;46100;ASH_COATED_OSMIUM;9915;26;9911;23;;;9921;10;9923;27;;;9918.0;0.0
av_SUGAR_d11;46100;INTARIAN_PEPPER_ROOT;10351;14;10348;26;;;10357;8;10359;19;;;10354.0;0.0
av_SUGAR_d11;46200;ASH_COATED_OSMIUM;9915;20;9913;10;;;9921;9;9925;21;;;9918.0;0.0
av_SUGAR_d11;46200;INTARIAN_PEPPER_ROOT;10352;18;10349;23;;;10360;16;10362;19;;;10356.0;0.0
av_SUGAR_d11;46300;ASH_COATED_OSMIUM;9915;17;9913;25;;;9921;9;9923;14;;;9918.0;0.0
av_SUGAR_d11;46300;INTARIAN_PEPPER_ROOT;10354;14;10352;19;;;10360;17;10362;21;;;10357.0;0.0
av_SUGAR_d11;46400;ASH_COATED_OSMIUM;9914;14;9911;19;;;9923;15;9925;25;;;9918.5;0.0
av_SUGAR_d11;46400;INTARIAN_PEPPER_ROOT;10355;21;10352;24;;;10361;10;10363;14;;;10358.0;0.0
av_SUGAR_d11;46500;ASH_COATED_OSMIUM;9912;20;9908;24;;;9924;7;9928;22;;;9918.0;0.0
av_SUGAR_d11;46500;INTARIAN_PEPPER_ROOT;10356;10;10352;25;;;10362;22;10366;20;;;10359.0;0.0
av_SUGAR_d11;46600;ASH_COATED_OSMIUM;9913;17;9909;10;;;9925;12;9929;21;;;9919.0;0.0
av_SUGAR_d11;46600;INTARIAN_PEPPER_ROOT;10358;10;10354;22;;;10364;13;10368;19;;;10361.0;0.0
av_SUGAR_d11;46700;ASH_COATED_OSMIUM;9916;10;9912;14;;;9922;16;9925;21;;;9919.0;0.0
av_SUGAR_d11;46700;INTARIAN_PEPPER_ROOT;10345;10;10341;14;;;10380;14;10384;21;;;10362.5;0.0
av_SUGAR_d11;46800;ASH_COATED_OSMIUM;9916;6;9914;17;;;9922;16;9926;19;;;9919.0;0.0
av_SUGAR_d11;46800;INTARIAN_PEPPER_ROOT;10360;14;10356;21;;;10366;9;10370;17;;;10363.0;0.0
av_SUGAR_d11;46900;ASH_COATED_OSMIUM;9910;6;9908;21;;;9929;27;9931;26;;;9919.5;0.0
av_SUGAR_d11;46900;INTARIAN_PEPPER_ROOT;10362;17;10360;15;;;10368;15;10372;25;;;10365.0;0.0
av_SUGAR_d11;47000;ASH_COATED_OSMIUM;9916;18;9914;17;;;9922;10;9925;21;;;9919.0;0.0
av_SUGAR_d11;47000;INTARIAN_PEPPER_ROOT;10361;12;10357;25;;;10372;11;10375;8;;;10366.5;0.0
av_SUGAR_d11;47100;ASH_COATED_OSMIUM;9916;16;9912;23;;;9922;8;9925;24;;;9919.0;0.0
av_SUGAR_d11;47100;INTARIAN_PEPPER_ROOT;10364;15;10360;8;;;10370;15;10372;21;;;10367.0;0.0
av_SUGAR_d11;47200;ASH_COATED_OSMIUM;9916;16;9914;17;;;9922;16;9925;10;;;9919.0;0.0
av_SUGAR_d11;47200;INTARIAN_PEPPER_ROOT;10366;5;10364;14;;;10372;8;10376;24;;;10369.0;0.0
av_SUGAR_d11;47300;ASH_COATED_OSMIUM;9916;10;9912;18;;;9922;19;9924;16;;;9919.0;0.0
av_SUGAR_d11;47300;INTARIAN_PEPPER_ROOT;10367;17;10365;26;;;10373;17;10375;17;;;10370.0;0.0
av_SUGAR_d11;47400;ASH_COATED_OSMIUM;9917;18;9914;11;;;9923;17;9926;13;;;9920.0;0.0
av_SUGAR_d11;47400;INTARIAN_PEPPER_ROOT;10368;11;10366;21;;;10374;16;10376;16;;;10371.0;0.0
av_SUGAR_d11;47500;ASH_COATED_OSMIUM;9910;25;9907;16;;;9928;10;9930;12;;;9919.0;0.0
av_SUGAR_d11;47500;INTARIAN_PEPPER_ROOT;10369;11;10365;26;;;10377;6;10380;19;;;10373.0;0.0
av_SUGAR_d11;47600;ASH_COATED_OSMIUM;9915;13;9912;23;;;9925;21;9928;20;;;9920.0;0.0
av_SUGAR_d11;47600;INTARIAN_PEPPER_ROOT;10371;20;10369;28;;;10378;15;10382;14;;;10374.5;0.0
av_SUGAR_d11;47700;ASH_COATED_OSMIUM;9907;12;9904;29;;;9933;16;9936;10;;;9920.0;0.0
av_SUGAR_d11;47700;INTARIAN_PEPPER_ROOT;10372;23;10368;25;;;10378;8;10382;23;;;10375.0;0.0
av_SUGAR_d11;47800;ASH_COATED_OSMIUM;9913;17;9911;25;;;9927;22;9930;15;;;9920.0;0.0
av_SUGAR_d11;47800;INTARIAN_PEPPER_ROOT;10374;13;10371;19;;;10380;28;10383;9;;;10377.0;0.0
av_SUGAR_d11;47900;ASH_COATED_OSMIUM;9917;16;9914;23;;;9923;8;9927;25;;;9920.0;0.0
av_SUGAR_d11;47900;INTARIAN_PEPPER_ROOT;10375;19;10373;22;;;10381;18;10385;18;;;10378.0;0.0
av_SUGAR_d11;48000;ASH_COATED_OSMIUM;9913;12;9911;28;;;9929;13;9932;24;;;9921.0;0.0
av_SUGAR_d11;48000;INTARIAN_PEPPER_ROOT;10376;13;10372;20;;;10382;17;10386;10;;;10379.0;0.0
av_SUGAR_d11;48100;ASH_COATED_OSMIUM;9917;13;9913;22;;;9923;15;9926;23;;;9920.0;0.0
av_SUGAR_d11;48100;INTARIAN_PEPPER_ROOT;10374;12;10372;19;;;10389;14;10392;14;;;10381.5;0.0
av_SUGAR_d11;48200;ASH_COATED_OSMIUM;9917;23;9914;26;;;9923;14;9926;29;;;9920.0;0.0
av_SUGAR_d11;48200;INTARIAN_PEPPER_ROOT;10379;7;10376;10;;;10385;8;10388;16;;;10382.0;0.0
av_SUGAR_d11;48300;ASH_COATED_OSMIUM;9911;16;9909;25;;;9931;16;9934;19;;;9921.0;0.0
av_SUGAR_d11;48300;INTARIAN_PEPPER_ROOT;10380;15;10376;19;;;10387;12;10391;24;;;10383.5;0.0
av_SUGAR_d11;48400;ASH_COATED_OSMIUM;9910;16;9908;20;;;9931;11;9935;25;;;9920.5;0.0
av_SUGAR_d11;48400;INTARIAN_PEPPER_ROOT;10381;9;10378;21;;;10387;18;10390;18;;;10384.0;0.0
av_SUGAR_d11;48500;ASH_COATED_OSMIUM;9917;14;9913;22;;;9923;7;9925;22;;;9920.0;0.0
av_SUGAR_d11;48500;INTARIAN_PEPPER_ROOT;10383;19;10381;15;;;10391;9;10395;16;;;10387.0;0.0
av_SUGAR_d11;48600;ASH_COATED_OSMIUM;9917;18;9915;26;;;9923;11;9926;22;;;9920.0;0.0
av_SUGAR_d11;48600;INTARIAN_PEPPER_ROOT;10376;17;10373;23;;;10398;10;10402;13;;;10387.0;0.0
av_SUGAR_d11;48700;ASH_COATED_OSMIUM;9919;10;9916;20;;;9925;11;9928;19;;;9922.0;0.0
av_SUGAR_d11;48700;INTARIAN_PEPPER_ROOT;10385;14;10383;17;;;10392;14;10396;21;;;10388.5;0.0
av_SUGAR_d11;48800;ASH_COATED_OSMIUM;9915;15;9913;18;;;9928;12;9930;21;;;9921.5;0.0
av_SUGAR_d11;48800;INTARIAN_PEPPER_ROOT;10387;15;10384;16;;;10393;21;10395;22;;;10390.0;0.0
av_SUGAR_d11;48900;ASH_COATED_OSMIUM;9918;14;9916;16;;;9924;15;9926;20;;;9921.0;0.0
av_SUGAR_d11;48900;INTARIAN_PEPPER_ROOT;10387;5;10385;19;;;10395;10;10397;20;;;10391.0;0.0
av_SUGAR_d11;49000;ASH_COATED_OSMIUM;9918;7;9916;20;;;9924;13;9927;12;;;9921.0;0.0
av_SUGAR_d11;49000;INTARIAN_PEPPER_ROOT;10390;12;10388;12;;;10396;12;10400;18;;;10393.0;0.0
av_SUGAR_d11;49100;ASH_COATED_OSMIUM;9919;15;9915;15;;;9925;5;9927;9;;;9922.0;0.0
av_SUGAR_d11;49100;INTARIAN_PEPPER_ROOT;10390;12;10387;22;;;10398;13;10402;20;;;10394.0;0.0
av_SUGAR_d11;49200;ASH_COATED_OSMIUM;9919;15;9917;23;;;9925;18;9929;12;;;9922.0;0.0
av_SUGAR_d11;49200;INTARIAN_PEPPER_ROOT;10393;11;10389;17;;;10399;12;10403;28;;;10396.0;0.0
av_SUGAR_d11;49300;ASH_COATED_OSMIUM;9919;14;9915;11;;;9925;15;9927;25;;;9922.0;0.0
av_SUGAR_d11;49300;INTARIAN_PEPPER_ROOT;10394;5;10391;25;;;10400;17;10404;17;;;10397.0;0.0
av_SUGAR_d11;49400;ASH_COATED_OSMIUM;9915;17;9912;21;;;9929;5;9931;25;;;9922.0;0.0
av_SUGAR_d11;49400;INTARIAN_PEPPER_ROOT;10395;8;10391;19;;;10401;20;10404;23;;;10398.0;0.0
av_SUGAR_d11;49500;ASH_COATED_OSMIUM;9909;11;9906;26;;;9936;14;9940;16;;;9922.5;0.0
av_SUGAR_d11;49500;INTARIAN_PEPPER_ROOT;10384;19;10380;14;;;10415;6;10419;25;;;10399.5;0.0
av_SUGAR_d11;49600;ASH_COATED_OSMIUM;9915;13;9913;19;;;9928;17;9932;18;;;9921.5;0.0
av_SUGAR_d11;49600;INTARIAN_PEPPER_ROOT;10397;14;10393;19;;;10404;7;10406;19;;;10400.5;0.0
av_SUGAR_d11;49700;ASH_COATED_OSMIUM;9909;11;9907;21;;;9935;19;9937;25;;;9922.0;0.0
av_SUGAR_d11;49700;INTARIAN_PEPPER_ROOT;10399;17;10396;22;;;10405;12;10408;21;;;10402.0;0.0
av_SUGAR_d11;49800;ASH_COATED_OSMIUM;9919;9;9916;18;;;9925;13;9927;20;;;9922.0;0.0
av_SUGAR_d11;49800;INTARIAN_PEPPER_ROOT;10395;14;10391;23;;;10412;15;10415;11;;;10403.5;0.0
av_SUGAR_d11;49900;ASH_COATED_OSMIUM;9919;9;9917;22;;;9925;20;9929;17;;;9922.0;0.0
av_SUGAR_d11;49900;INTARIAN_PEPPER_ROOT;10401;8;10399;30;;;10407;14;10410;30;;;10404.0;0.0
av_SUGAR_d11;50000;ASH_COATED_OSMIUM;9919;17;9916;20;;;9925;21;9927;20;;;9922.0;0.0
av_SUGAR_d11;50000;INTARIAN_PEPPER_ROOT;10403;7;10400;15;;;10409;18;10412;16;;;10406.0;0.0
av_SUGAR_d11;50100;ASH_COATED_OSMIUM;9920;21;9916;25;;;9926;11;9928;12;;;9923.0;0.0
av_SUGAR_d11;50100;INTARIAN_PEPPER_ROOT;10404;10;10401;25;;;10410;15;10414;22;;;10407.0;0.0
av_SUGAR_d11;50200;ASH_COATED_OSMIUM;9920;16;9916;17;;;9926;22;9928;23;;;9923.0;0.0
av_SUGAR_d11;50200;INTARIAN_PEPPER_ROOT;10406;14;10403;22;;;10412;12;10415;15;;;10409.0;0.0
av_SUGAR_d11;50300;ASH_COATED_OSMIUM;9920;7;9916;32;;;9926;16;9929;16;;;9923.0;0.0
av_SUGAR_d11;50300;INTARIAN_PEPPER_ROOT;10406;18;10403;21;;;10414;6;10416;24;;;10410.0;0.0
av_SUGAR_d11;50400;ASH_COATED_OSMIUM;9920;13;9916;10;;;9926;6;9928;26;;;9923.0;0.0
av_SUGAR_d11;50400;INTARIAN_PEPPER_ROOT;10409;19;10406;16;;;10415;12;10418;18;;;10412.0;0.0
av_SUGAR_d11;50500;ASH_COATED_OSMIUM;9915;14;9911;19;;;9932;16;9936;29;;;9923.5;0.0
av_SUGAR_d11;50500;INTARIAN_PEPPER_ROOT;10409;17;10405;13;;;10415;15;10418;10;;;10412.0;0.0
av_SUGAR_d11;50600;ASH_COATED_OSMIUM;9918;19;9916;21;;;9929;10;9933;23;;;9923.5;0.0
av_SUGAR_d11;50600;INTARIAN_PEPPER_ROOT;10411;8;10407;23;;;10417;10;10420;21;;;10414.0;0.0
av_SUGAR_d11;50700;ASH_COATED_OSMIUM;9920;19;9916;22;;;9926;14;9928;26;;;9923.0;0.0
av_SUGAR_d11;50700;INTARIAN_PEPPER_ROOT;10412;10;10409;24;;;10419;11;10423;18;;;10415.5;0.0
av_SUGAR_d11;50800;ASH_COATED_OSMIUM;9914;9;9911;14;;;9932;11;9934;14;;;9923.0;0.0
av_SUGAR_d11;50800;INTARIAN_PEPPER_ROOT;10414;13;10410;18;;;10420;7;10423;12;;;10417.0;0.0
av_SUGAR_d11;50900;ASH_COATED_OSMIUM;9912;14;9908;13;;;9935;10;9938;12;;;9923.5;0.0
av_SUGAR_d11;50900;INTARIAN_PEPPER_ROOT;10401;29;10399;22;;;10434;17;10438;17;;;10417.5;0.0
av_SUGAR_d11;51000;ASH_COATED_OSMIUM;9921;20;9918;20;;;9927;13;9930;11;;;9924.0;0.0
av_SUGAR_d11;51000;INTARIAN_PEPPER_ROOT;10415;17;10411;22;;;10421;14;10423;19;;;10418.0;0.0
av_SUGAR_d11;51100;ASH_COATED_OSMIUM;9921;6;9918;13;;;9927;12;9929;17;;;9924.0;0.0
av_SUGAR_d11;51100;INTARIAN_PEPPER_ROOT;10415;22;10412;12;;;10421;15;10425;15;;;10418.0;0.0
av_SUGAR_d11;51200;ASH_COATED_OSMIUM;9920;16;9918;28;;;9927;21;9929;22;;;9923.5;0.0
av_SUGAR_d11;51200;INTARIAN_PEPPER_ROOT;10413;19;10409;24;;;10425;17;10429;23;;;10419.0;0.0
av_SUGAR_d11;51300;ASH_COATED_OSMIUM;9920;15;9918;22;;;9927;15;9930;14;;;9923.5;0.0
av_SUGAR_d11;51300;INTARIAN_PEPPER_ROOT;10416;23;10412;20;;;10422;9;10426;22;;;10419.0;0.0
av_SUGAR_d11;51400;ASH_COATED_OSMIUM;9919;16;9917;17;;;9929;21;9933;28;;;9924.0;0.0
av_SUGAR_d11;51400;INTARIAN_PEPPER_ROOT;10415;16;10411;20;;;10421;14;10424;27;;;10418.0;0.0
av_SUGAR_d11;51500;ASH_COATED_OSMIUM;9917;16;9914;24;;;9931;15;9933;15;;;9924.0;0.0
av_SUGAR_d11;51500;INTARIAN_PEPPER_ROOT;10416;18;10412;19;;;10422;19;10425;19;;;10419.0;0.0
av_SUGAR_d11;51600;ASH_COATED_OSMIUM;9921;16;9919;17;;;9927;19;9929;18;;;9924.0;0.0
av_SUGAR_d11;51600;INTARIAN_PEPPER_ROOT;10417;15;10414;21;;;10423;11;10425;22;;;10420.0;0.0
av_SUGAR_d11;51700;ASH_COATED_OSMIUM;9921;15;9917;15;;;9927;10;9930;19;;;9924.0;0.0
av_SUGAR_d11;51700;INTARIAN_PEPPER_ROOT;10417;6;10414;13;;;10423;11;10427;22;;;10420.0;0.0
av_SUGAR_d11;51800;ASH_COATED_OSMIUM;9921;18;9918;15;;;9927;20;9930;19;;;9924.0;0.0
av_SUGAR_d11;51800;INTARIAN_PEPPER_ROOT;10417;15;10414;25;;;10423;5;10427;19;;;10420.0;0.0
av_SUGAR_d11;51900;ASH_COATED_OSMIUM;9921;26;9918;12;;;9927;14;9930;20;;;9924.0;0.0
av_SUGAR_d11;51900;INTARIAN_PEPPER_ROOT;10417;14;10415;14;;;10423;14;10425;20;;;10420.0;0.0
av_SUGAR_d11;52000;ASH_COATED_OSMIUM;9920;17;9916;29;;;9928;13;9930;22;;;9924.0;0.0
av_SUGAR_d11;52000;INTARIAN_PEPPER_ROOT;10417;17;10415;19;;;10423;28;10426;19;;;10420.0;0.0
av_SUGAR_d11;52100;ASH_COATED_OSMIUM;9922;12;9918;22;;;9928;13;9931;23;;;9925.0;0.0
av_SUGAR_d11;52100;INTARIAN_PEPPER_ROOT;10417;19;10415;8;;;10423;13;10426;17;;;10420.0;0.0
av_SUGAR_d11;52200;ASH_COATED_OSMIUM;9919;12;9915;14;;;9930;9;9933;27;;;9924.5;0.0
av_SUGAR_d11;52200;INTARIAN_PEPPER_ROOT;10417;12;10414;21;;;10423;18;10426;20;;;10420.0;0.0
av_SUGAR_d11;52300;ASH_COATED_OSMIUM;9922;21;9920;16;;;9928;10;9930;12;;;9925.0;0.0
av_SUGAR_d11;52300;INTARIAN_PEPPER_ROOT;10418;15;10415;16;;;10424;15;10427;22;;;10421.0;0.0
av_SUGAR_d11;52400;ASH_COATED_OSMIUM;9922;10;9918;20;;;9928;11;9930;17;;;9925.0;0.0
av_SUGAR_d11;52400;INTARIAN_PEPPER_ROOT;10418;23;10414;18;;;10424;18;10427;21;;;10421.0;0.0
av_SUGAR_d11;52500;ASH_COATED_OSMIUM;9921;21;9917;21;;;9927;5;9930;12;;;9924.0;0.0
av_SUGAR_d11;52500;INTARIAN_PEPPER_ROOT;10405;15;10403;29;;;10438;13;10440;13;;;10421.5;0.0
av_SUGAR_d11;52600;ASH_COATED_OSMIUM;9922;22;9920;11;;;9928;15;9932;25;;;9925.0;0.0
av_SUGAR_d11;52600;INTARIAN_PEPPER_ROOT;10418;10;10414;20;;;10424;15;10427;17;;;10421.0;0.0
av_SUGAR_d11;52700;ASH_COATED_OSMIUM;9922;13;9920;15;;;9928;7;9932;17;;;9925.0;0.0
av_SUGAR_d11;52700;INTARIAN_PEPPER_ROOT;10419;5;10417;22;;;10425;19;10428;19;;;10422.0;0.0
av_SUGAR_d11;52800;ASH_COATED_OSMIUM;9922;21;9919;30;;;9928;11;9932;30;;;9925.0;0.0
av_SUGAR_d11;52800;INTARIAN_PEPPER_ROOT;10419;15;10415;23;;;10426;19;10428;15;;;10422.5;0.0
av_SUGAR_d11;52900;ASH_COATED_OSMIUM;9922;6;9920;13;;;9928;18;9932;16;;;9925.0;0.0
av_SUGAR_d11;52900;INTARIAN_PEPPER_ROOT;10419;17;10415;24;;;10425;15;10427;19;;;10422.0;0.0
av_SUGAR_d11;53000;ASH_COATED_OSMIUM;9922;18;9920;29;;;9928;14;9930;11;;;9925.0;0.0
av_SUGAR_d11;53000;INTARIAN_PEPPER_ROOT;10419;14;10415;19;;;10426;13;10428;8;;;10422.5;0.0
av_SUGAR_d11;53100;ASH_COATED_OSMIUM;9922;10;9918;19;;;9928;9;9930;26;;;9925.0;0.0
av_SUGAR_d11;53100;INTARIAN_PEPPER_ROOT;10418;11;10414;16;;;10427;14;10431;20;;;10422.5;0.0
av_SUGAR_d11;53200;ASH_COATED_OSMIUM;9905;13;9903;20;;;9944;17;9946;17;;;9924.5;0.0
av_SUGAR_d11;53200;INTARIAN_PEPPER_ROOT;10409;18;10405;21;;;10437;13;10440;19;;;10423.0;0.0
av_SUGAR_d11;53300;ASH_COATED_OSMIUM;9922;16;9918;12;;;9928;14;9930;20;;;9925.0;0.0
av_SUGAR_d11;53300;INTARIAN_PEPPER_ROOT;10420;8;10418;12;;;10426;17;10429;14;;;10423.0;0.0
av_SUGAR_d11;53400;ASH_COATED_OSMIUM;9922;17;9919;21;;;9928;14;9932;21;;;9925.0;0.0
av_SUGAR_d11;53400;INTARIAN_PEPPER_ROOT;10419;13;10416;8;;;10428;9;10432;21;;;10423.5;0.0
av_SUGAR_d11;53500;ASH_COATED_OSMIUM;9923;19;9921;15;;;9929;9;9933;14;;;9926.0;0.0
av_SUGAR_d11;53500;INTARIAN_PEPPER_ROOT;10417;7;10415;22;;;10430;19;10433;21;;;10423.5;0.0
av_SUGAR_d11;53600;ASH_COATED_OSMIUM;9922;17;9918;21;;;9928;16;9932;32;;;9925.0;0.0
av_SUGAR_d11;53600;INTARIAN_PEPPER_ROOT;10421;21;10418;15;;;10427;17;10431;18;;;10424.0;0.0
av_SUGAR_d11;53700;ASH_COATED_OSMIUM;9922;19;9919;20;;;9928;17;9932;30;;;9925.0;0.0
av_SUGAR_d11;53700;INTARIAN_PEPPER_ROOT;10421;13;10418;19;;;10427;15;10430;25;;;10424.0;0.0
av_SUGAR_d11;53800;ASH_COATED_OSMIUM;9922;14;9919;16;;;9928;13;9931;16;;;9925.0;0.0
av_SUGAR_d11;53800;INTARIAN_PEPPER_ROOT;10422;13;10419;22;;;10428;17;10432;21;;;10425.0;0.0
av_SUGAR_d11;53900;ASH_COATED_OSMIUM;9915;23;9912;23;;;9935;10;9939;14;;;9925.0;0.0
av_SUGAR_d11;53900;INTARIAN_PEPPER_ROOT;10421;23;10417;17;;;10427;15;10429;21;;;10424.0;0.0
av_SUGAR_d11;54000;ASH_COATED_OSMIUM;9923;6;9920;19;;;9929;17;9933;14;;;9926.0;0.0
av_SUGAR_d11;54000;INTARIAN_PEPPER_ROOT;10402;14;10398;17;;;10447;10;10449;14;;;10424.5;0.0
av_SUGAR_d11;54100;ASH_COATED_OSMIUM;9922;11;9919;19;;;9929;19;9933;18;;;9925.5;0.0
av_SUGAR_d11;54100;INTARIAN_PEPPER_ROOT;10422;15;10420;23;;;10428;9;10432;14;;;10425.0;0.0
av_SUGAR_d11;54200;ASH_COATED_OSMIUM;9920;17;9917;11;;;9932;14;9935;28;;;9926.0;0.0
av_SUGAR_d11;54200;INTARIAN_PEPPER_ROOT;10423;16;10419;17;;;10429;17;10431;21;;;10426.0;0.0
av_SUGAR_d11;54300;ASH_COATED_OSMIUM;9913;10;9909;17;;;9939;13;9941;19;;;9926.0;0.0
av_SUGAR_d11;54300;INTARIAN_PEPPER_ROOT;10422;11;10418;21;;;10428;14;10431;22;;;10425.0;0.0
av_SUGAR_d11;54400;ASH_COATED_OSMIUM;9922;13;9919;20;;;9929;14;9932;13;;;9925.5;0.0
av_SUGAR_d11;54400;INTARIAN_PEPPER_ROOT;10422;11;10419;18;;;10428;8;10430;23;;;10425.0;0.0
av_SUGAR_d11;54500;ASH_COATED_OSMIUM;9923;9;9921;11;;;9929;15;9931;14;;;9926.0;0.0
av_SUGAR_d11;54500;INTARIAN_PEPPER_ROOT;10423;12;10419;12;;;10429;18;10431;22;;;10426.0;0.0
av_SUGAR_d11;54600;ASH_COATED_OSMIUM;9921;13;9917;35;;;9932;9;9934;19;;;9926.5;0.0
av_SUGAR_d11;54600;INTARIAN_PEPPER_ROOT;10423;11;10421;21;;;10429;15;10431;14;;;10426.0;0.0
av_SUGAR_d11;54700;ASH_COATED_OSMIUM;9923;19;9920;21;;;9929;12;9933;21;;;9926.0;0.0
av_SUGAR_d11;54700;INTARIAN_PEPPER_ROOT;10423;25;10421;28;;;10429;16;10432;31;;;10426.0;0.0
av_SUGAR_d11;54800;ASH_COATED_OSMIUM;9914;17;9912;28;;;9939;10;9941;24;;;9926.5;0.0
av_SUGAR_d11;54800;INTARIAN_PEPPER_ROOT;10424;10;10421;18;;;10430;7;10434;22;;;10427.0;0.0
av_SUGAR_d11;54900;ASH_COATED_OSMIUM;9922;14;9918;19;;;9930;18;9934;14;;;9926.0;0.0
av_SUGAR_d11;54900;INTARIAN_PEPPER_ROOT;10424;12;10420;18;;;10430;16;10434;19;;;10427.0;0.0
av_SUGAR_d11;55000;ASH_COATED_OSMIUM;9920;15;9917;15;;;9932;17;9935;13;;;9926.0;0.0
av_SUGAR_d11;55000;INTARIAN_PEPPER_ROOT;10423;22;10421;25;;;10433;20;10437;9;;;10428.0;0.0
av_SUGAR_d11;55100;ASH_COATED_OSMIUM;9922;9;9919;22;;;9930;20;9934;15;;;9926.0;0.0
av_SUGAR_d11;55100;INTARIAN_PEPPER_ROOT;10423;8;10421;14;;;10432;10;10436;31;;;10427.5;0.0
av_SUGAR_d11;55200;ASH_COATED_OSMIUM;9923;15;9921;17;;;9930;14;9934;15;;;9926.5;0.0
av_SUGAR_d11;55200;INTARIAN_PEPPER_ROOT;10424;16;10421;21;;;10430;19;10432;25;;;10427.0;0.0
av_SUGAR_d11;55300;ASH_COATED_OSMIUM;9923;5;9921;24;;;9929;10;9933;24;;;9926.0;0.0
av_SUGAR_d11;55300;INTARIAN_PEPPER_ROOT;10409;15;10406;18;;;10446;17;10450;17;;;10427.5;0.0
av_SUGAR_d11;55400;ASH_COATED_OSMIUM;9923;10;9921;18;;;9929;7;9933;10;;;9926.0;0.0
av_SUGAR_d11;55400;INTARIAN_PEPPER_ROOT;10418;11;10414;16;;;10439;20;10441;21;;;10428.5;0.0
av_SUGAR_d11;55500;ASH_COATED_OSMIUM;9923;15;9921;22;;;9929;11;9931;26;;;9926.0;0.0
av_SUGAR_d11;55500;INTARIAN_PEPPER_ROOT;10425;24;10422;24;;;10431;20;10434;17;;;10428.0;0.0
av_SUGAR_d11;55600;ASH_COATED_OSMIUM;9923;14;9920;18;;;9929;24;9932;21;;;9926.0;0.0
av_SUGAR_d11;55600;INTARIAN_PEPPER_ROOT;10426;20;10422;23;;;10432;20;10435;17;;;10429.0;0.0
av_SUGAR_d11;55700;ASH_COATED_OSMIUM;9923;8;9921;23;;;9929;17;9933;18;;;9926.0;0.0
av_SUGAR_d11;55700;INTARIAN_PEPPER_ROOT;10423;20;10421;24;;;10435;16;10439;21;;;10429.0;0.0
av_SUGAR_d11;55800;ASH_COATED_OSMIUM;9924;5;9922;18;;;9930;11;9934;14;;;9927.0;0.0
av_SUGAR_d11;55800;INTARIAN_PEPPER_ROOT;10422;15;10420;24;;;10437;11;10440;26;;;10429.5;0.0
av_SUGAR_d11;55900;ASH_COATED_OSMIUM;9923;15;9919;26;;;9929;5;9931;22;;;9926.0;0.0
av_SUGAR_d11;55900;INTARIAN_PEPPER_ROOT;10426;11;10424;20;;;10432;11;10435;27;;;10429.0;0.0
av_SUGAR_d11;56000;ASH_COATED_OSMIUM;9923;11;9920;9;;;9929;5;9932;25;;;9926.0;0.0
av_SUGAR_d11;56000;INTARIAN_PEPPER_ROOT;10427;15;10425;17;;;10433;9;10436;14;;;10430.0;0.0
av_SUGAR_d11;56100;ASH_COATED_OSMIUM;9924;19;9922;24;;;9930;12;9933;24;;;9927.0;0.0
av_SUGAR_d11;56100;INTARIAN_PEPPER_ROOT;10427;16;10424;22;;;10433;7;10435;18;;;10430.0;0.0
av_SUGAR_d11;56200;ASH_COATED_OSMIUM;9922;25;9920;24;;;9932;21;9936;14;;;9927.0;0.0
av_SUGAR_d11;56200;INTARIAN_PEPPER_ROOT;10424;28;10420;25;;;10434;16;10436;22;;;10429.0;0.0
av_SUGAR_d11;56300;ASH_COATED_OSMIUM;9924;17;9920;21;;;9930;7;9933;27;;;9927.0;0.0
av_SUGAR_d11;56300;INTARIAN_PEPPER_ROOT;10426;16;10424;27;;;10434;16;10436;17;;;10430.0;0.0
av_SUGAR_d11;56400;ASH_COATED_OSMIUM;9924;14;9922;17;;;9930;19;9934;20;;;9927.0;0.0
av_SUGAR_d11;56400;INTARIAN_PEPPER_ROOT;10428;24;10426;17;;;10434;12;10436;19;;;10431.0;0.0
av_SUGAR_d11;56500;ASH_COATED_OSMIUM;9916;12;9912;20;;;9938;6;9941;19;;;9927.0;0.0
av_SUGAR_d11;56500;INTARIAN_PEPPER_ROOT;10424;20;10421;16;;;10437;15;10441;25;;;10430.5;0.0
av_SUGAR_d11;56600;ASH_COATED_OSMIUM;9924;17;9920;22;;;9930;8;9932;19;;;9927.0;0.0
av_SUGAR_d11;56600;INTARIAN_PEPPER_ROOT;10429;14;10426;21;;;10435;24;10439;22;;;10432.0;0.0
av_SUGAR_d11;56700;ASH_COATED_OSMIUM;9918;14;9915;8;;;9935;19;9937;21;;;9926.5;0.0
av_SUGAR_d11;56700;INTARIAN_PEPPER_ROOT;10428;21;10426;24;;;10434;7;10437;19;;;10431.0;0.0
av_SUGAR_d11;56800;ASH_COATED_OSMIUM;9924;15;9922;14;;;9930;20;9933;11;;;9927.0;0.0
av_SUGAR_d11;56800;INTARIAN_PEPPER_ROOT;10427;9;10425;16;;;10435;21;10437;14;;;10431.0;0.0
av_SUGAR_d11;56900;ASH_COATED_OSMIUM;9924;20;9920;28;;;9930;15;9934;18;;;9927.0;0.0
av_SUGAR_d11;56900;INTARIAN_PEPPER_ROOT;10428;16;10425;17;;;10434;15;10437;17;;;10431.0;0.0
av_SUGAR_d11;57000;ASH_COATED_OSMIUM;9924;18;9920;22;;;9930;13;9932;23;;;9927.0;0.0
