day;timestamp;product;bid_price_1;bid_volume_1;bid_price_2;bid_volume_2;bid_price_3;bid_volume_3;ask_price_1;ask_volume_1;ask_price_2;ask_volume_2;ask_price_3;ask_volume_3;mid_price;profit_and_loss
av_COFFEE_d11;0;ASH_COATED_OSMIUM;9923;27;9920;15;;;9942;11;9946;27;;;9932.5;0.0
av_COFFEE_d11;0;INTARIAN_PEPPER_ROOT;10175;15;10171;20;;;10182;15;10184;28;;;10178.5;0.0
av_COFFEE_d11;100;ASH_COATED_OSMIUM;9925;28;9921;20;;;9940;15;9943;18;;;9932.5;0.0
av_COFFEE_d11;100;INTARIAN_PEPPER_ROOT;10175;17;10172;24;;;10181;25;10185;16;;;10178.0;0.0
av_COFFEE_d11;200;ASH_COATED_OSMIUM;9921;23;9919;16;;;9945;5;9947;21;;;9933.0;0.0
av_COFFEE_d11;200;INTARIAN_PEPPER_ROOT;10174;15;10170;18;;;10180;26;10182;22;;;10177.0;0.0
av_COFFEE_d11;300;ASH_COATED_OSMIUM;9927;15;9923;20;;;9937;7;9940;26;;;9932.0;0.0
av_COFFEE_d11;300;INTARIAN_PEPPER_ROOT;10172;13;10170;28;;;10180;6;10183;24;;;10176.0;0.0
av_COFFEE_d11;400;ASH_COATED_OSMIUM;9930;16;9928;21;;;9936;6;9938;21;;;9933.0;0.0
av_COFFEE_d11;400;INTARIAN_PEPPER_ROOT;10171;18;10169;25;;;10178;10;10182;14;;;10174.5;0.0
av_COFFEE_d11;500;ASH_COATED_OSMIUM;9930;25;9926;17;;;9936;15;9940;29;;;9933.0;0.0
av_COFFEE_d11;500;INTARIAN_PEPPER_ROOT;10170;19;10167;14;;;10176;16;10179;8;;;10173.0;0.0
av_COFFEE_d11;600;ASH_COATED_OSMIUM;9930;10;9928;23;;;9936;20;9940;21;;;9933.0;0.0
av_COFFEE_d11;600;INTARIAN_PEPPER_ROOT;10169;21;10167;20;;;10177;11;10179;19;;;10173.0;0.0
av_COFFEE_d11;700;ASH_COATED_OSMIUM;9930;15;9926;22;;;9936;9;9938;14;;;9933.0;0.0
av_COFFEE_d11;700;INTARIAN_PEPPER_ROOT;10169;7;10165;18;;;10175;17;10177;12;;;10172.0;0.0
av_COFFEE_d11;800;ASH_COATED_OSMIUM;9928;18;9924;17;;;9937;6;9939;20;;;9932.5;0.0
av_COFFEE_d11;800;INTARIAN_PEPPER_ROOT;10167;9;10165;20;;;10173;18;10177;18;;;10170.0;0.0
av_COFFEE_d11;900;ASH_COATED_OSMIUM;9930;15;9928;16;;;9938;12;9942;21;;;9934.0;0.0
av_COFFEE_d11;900;INTARIAN_PEPPER_ROOT;10165;16;10163;18;;;10172;15;10175;17;;;10168.5;0.0
av_COFFEE_d11;1000;ASH_COATED_OSMIUM;9930;16;9927;22;;;9936;15;9938;16;;;9933.0;0.0
av_COFFEE_d11;1000;INTARIAN_PEPPER_ROOT;10161;18;10159;32;;;10176;5;10179;25;;;10168.5;0.0
av_COFFEE_d11;1100;ASH_COATED_OSMIUM;9930;16;9926;19;;;9936;19;9939;17;;;9933.0;0.0
av_COFFEE_d11;1100;INTARIAN_PEPPER_ROOT;10164;12;10160;20;;;10170;15;10172;16;;;10167.0;0.0
av_COFFEE_d11;1200;ASH_COATED_OSMIUM;9927;5;9925;19;;;9940;12;9944;24;;;9933.5;0.0
av_COFFEE_d11;1200;INTARIAN_PEPPER_ROOT;10163;15;10161;16;;;10169;25;10171;18;;;10166.0;0.0
av_COFFEE_d11;1300;ASH_COATED_OSMIUM;9929;15;9926;24;;;9938;11;9941;16;;;9933.5;0.0
av_COFFEE_d11;1300;INTARIAN_PEPPER_ROOT;10161;15;10158;27;;;10170;15;10174;21;;;10165.5;0.0
av_COFFEE_d11;1400;ASH_COATED_OSMIUM;9930;16;9926;17;;;9936;20;9938;18;;;9933.0;0.0
av_COFFEE_d11;1400;INTARIAN_PEPPER_ROOT;10160;23;10157;19;;;10167;17;10171;21;;;10163.5;0.0
av_COFFEE_d11;1500;ASH_COATED_OSMIUM;9928;13;9925;14;;;9937;13;9941;16;;;9932.5;0.0
av_COFFEE_d11;1500;INTARIAN_PEPPER_ROOT;10159;18;10157;16;;;10167;14;10171;18;;;10163.0;0.0
av_COFFEE_d11;1600;ASH_COATED_OSMIUM;9925;5;9923;15;;;9943;14;9946;20;;;9934.0;0.0
av_COFFEE_d11;1600;INTARIAN_PEPPER_ROOT;10149;14;10147;17;;;10175;5;10179;27;;;10162.0;0.0
av_COFFEE_d11;1700;ASH_COATED_OSMIUM;9930;21;9928;8;;;9937;11;9939;17;;;9933.5;0.0
av_COFFEE_d11;1700;INTARIAN_PEPPER_ROOT;10158;16;10156;25;;;10164;15;10168;17;;;10161.0;0.0
av_COFFEE_d11;1800;ASH_COATED_OSMIUM;9930;14;9927;12;;;9936;10;9938;18;;;9933.0;0.0
av_COFFEE_d11;1800;INTARIAN_PEPPER_ROOT;10157;21;10153;24;;;10163;12;10165;25;;;10160.0;0.0
av_COFFEE_d11;1900;ASH_COATED_OSMIUM;9929;15;9926;28;;;9938;11;9941;16;;;9933.5;0.0
av_COFFEE_d11;1900;INTARIAN_PEPPER_ROOT;10152;14;10149;9;;;10166;8;10169;14;;;10159.0;0.0
av_COFFEE_d11;2000;ASH_COATED_OSMIUM;9925;13;9922;26;;;9941;18;9944;11;;;9933.0;0.0
av_COFFEE_d11;2000;INTARIAN_PEPPER_ROOT;10155;18;10151;20;;;10161;24;10165;20;;;10158.0;0.0
av_COFFEE_d11;2100;ASH_COATED_OSMIUM;9930;11;9927;20;;;9936;16;9940;27;;;9933.0;0.0
av_COFFEE_d11;2100;INTARIAN_PEPPER_ROOT;10154;17;10150;16;;;10160;16;10162;22;;;10157.0;0.0
av_COFFEE_d11;2200;ASH_COATED_OSMIUM;9920;14;9916;26;;;9947;7;9951;16;;;9933.5;0.0
av_COFFEE_d11;2200;INTARIAN_PEPPER_ROOT;10152;12;10150;14;;;10158;8;10160;21;;;10155.0;0.0
av_COFFEE_d11;2300;ASH_COATED_OSMIUM;9931;26;9928;15;;;9937;12;9941;17;;;9934.0;0.0
av_COFFEE_d11;2300;INTARIAN_PEPPER_ROOT;10151;11;10147;19;;;10157;10;10159;16;;;10154.0;0.0
av_COFFEE_d11;2400;ASH_COATED_OSMIUM;9931;17;9928;25;;;9937;15;9940;15;;;9934.0;0.0
av_COFFEE_d11;2400;INTARIAN_PEPPER_ROOT;10151;16;10149;20;;;10157;9;10160;15;;;10154.0;0.0
av_COFFEE_d11;2500;ASH_COATED_OSMIUM;9931;8;9929;19;;;9937;21;9941;14;;;9934.0;0.0
av_COFFEE_d11;2500;INTARIAN_PEPPER_ROOT;10147;6;10143;16;;;10158;14;10162;19;;;10152.5;0.0
av_COFFEE_d11;2600;ASH_COATED_OSMIUM;9922;14;9920;12;;;9946;13;9948;16;;;9934.0;0.0
av_COFFEE_d11;2600;INTARIAN_PEPPER_ROOT;10149;13;10147;19;;;10155;20;10157;13;;;10152.0;0.0
av_COFFEE_d11;2700;ASH_COATED_OSMIUM;9930;19;9928;16;;;9939;9;9941;17;;;9934.5;0.0
av_COFFEE_d11;2700;INTARIAN_PEPPER_ROOT;10147;15;10145;28;;;10153;15;10157;25;;;10150.0;0.0
av_COFFEE_d11;2800;ASH_COATED_OSMIUM;9930;15;9927;17;;;9936;16;9940;19;;;9933.0;0.0
av_COFFEE_d11;2800;INTARIAN_PEPPER_ROOT;10144;15;10142;20;;;10156;10;10158;18;;;10150.0;0.0
av_COFFEE_d11;2900;ASH_COATED_OSMIUM;9927;18;9925;19;;;9941;13;9944;27;;;9934.0;0.0
av_COFFEE_d11;2900;INTARIAN_PEPPER_ROOT;10146;15;10142;11;;;10152;10;10156;19;;;10149.0;0.0
av_COFFEE_d11;3000;ASH_COATED_OSMIUM;9931;24;9928;18;;;9937;18;9941;25;;;9934.0;0.0
av_COFFEE_d11;3000;INTARIAN_PEPPER_ROOT;10144;9;10142;22;;;10150;10;10152;18;;;10147.0;0.0
av_COFFEE_d11;3100;ASH_COATED_OSMIUM;9928;16;9925;16;;;9939;18;9941;34;;;9933.5;0.0
av_COFFEE_d11;3100;INTARIAN_PEPPER_ROOT;10143;15;10140;21;;;10149;19;10152;24;;;10146.0;0.0
av_COFFEE_d11;3200;ASH_COATED_OSMIUM;9931;17;9929;24;;;9937;15;9941;23;;;9934.0;0.0
av_COFFEE_d11;3200;INTARIAN_PEPPER_ROOT;10142;7;10139;14;;;10148;10;10151;29;;;10145.0;0.0
av_COFFEE_d11;3300;ASH_COATED_OSMIUM;9923;12;9921;23;;;9944;7;9947;20;;;9933.5;0.0
av_COFFEE_d11;3300;INTARIAN_PEPPER_ROOT;10140;13;10136;25;;;10149;12;10153;20;;;10144.5;0.0
av_COFFEE_d11;3400;ASH_COATED_OSMIUM;9931;11;9927;20;;;9937;20;9940;19;;;9934.0;0.0
av_COFFEE_d11;3400;INTARIAN_PEPPER_ROOT;10140;14;10137;27;;;10146;17;10149;32;;;10143.0;0.0
av_COFFEE_d11;3500;ASH_COATED_OSMIUM;9931;16;9928;25;;;9939;14;9941;24;;;9935.0;0.0
av_COFFEE_d11;3500;INTARIAN_PEPPER_ROOT;10139;8;10136;16;;;10145;11;10148;23;;;10142.0;0.0
av_COFFEE_d11;3600;ASH_COATED_OSMIUM;9929;13;9925;16;;;9939;15;9941;20;;;9934.0;0.0
av_COFFEE_d11;3600;INTARIAN_PEPPER_ROOT;10134;22;10131;16;;;10146;11;10150;19;;;10140.0;0.0
av_COFFEE_d11;3700;ASH_COATED_OSMIUM;9924;10;9920;18;;;9943;12;9945;19;;;9933.5;0.0
av_COFFEE_d11;3700;INTARIAN_PEPPER_ROOT;10137;6;10134;19;;;10143;18;10145;31;;;10140.0;0.0
av_COFFEE_d11;3800;ASH_COATED_OSMIUM;9924;18;9920;20;;;9945;17;9949;14;;;9934.5;0.0
av_COFFEE_d11;3800;INTARIAN_PEPPER_ROOT;10136;11;10134;15;;;10142;22;10146;14;;;10139.0;0.0
av_COFFEE_d11;3900;ASH_COATED_OSMIUM;9931;16;9928;29;;;9937;21;9939;24;;;9934.0;0.0
av_COFFEE_d11;3900;INTARIAN_PEPPER_ROOT;10132;16;10130;20;;;10143;7;10147;17;;;10137.5;0.0
av_COFFEE_d11;4000;ASH_COATED_OSMIUM;9926;14;9924;17;;;9942;16;9944;19;;;9934.0;0.0
av_COFFEE_d11;4000;INTARIAN_PEPPER_ROOT;10133;7;10131;27;;;10139;17;10143;16;;;10136.0;0.0
av_COFFEE_d11;4100;ASH_COATED_OSMIUM;9926;23;9924;21;;;9941;17;9944;13;;;9933.5;0.0
av_COFFEE_d11;4100;INTARIAN_PEPPER_ROOT;10128;13;10125;13;;;10143;9;10146;12;;;10135.5;0.0
av_COFFEE_d11;4200;ASH_COATED_OSMIUM;9931;17;9929;23;;;9937;15;9939;20;;;9934.0;0.0
av_COFFEE_d11;4200;INTARIAN_PEPPER_ROOT;10129;23;10125;21;;;10140;14;10144;12;;;10134.5;0.0
av_COFFEE_d11;4300;ASH_COATED_OSMIUM;9931;11;9927;23;;;9937;6;9939;21;;;9934.0;0.0
av_COFFEE_d11;4300;INTARIAN_PEPPER_ROOT;10130;20;10126;23;;;10136;12;10140;26;;;10133.0;0.0
av_COFFEE_d11;4400;ASH_COATED_OSMIUM;9931;22;9929;20;;;9938;5;9942;8;;;9934.5;0.0
av_COFFEE_d11;4400;INTARIAN_PEPPER_ROOT;10130;7;10127;17;;;10136;24;10140;17;;;10133.0;0.0
av_COFFEE_d11;4500;ASH_COATED_OSMIUM;9929;18;9926;20;;;9939;14;9942;19;;;9934.0;0.0
av_COFFEE_d11;4500;INTARIAN_PEPPER_ROOT;10126;5;10122;25;;;10136;20;10138;16;;;10131.0;0.0
av_COFFEE_d11;4600;ASH_COATED_OSMIUM;9924;16;9921;26;;;9944;10;9948;12;;;9934.0;0.0
av_COFFEE_d11;4600;INTARIAN_PEPPER_ROOT;10127;17;10123;22;;;10133;12;10137;21;;;10130.0;0.0
av_COFFEE_d11;4700;ASH_COATED_OSMIUM;9930;5;9928;19;;;9938;12;9940;14;;;9934.0;0.0
av_COFFEE_d11;4700;INTARIAN_PEPPER_ROOT;10122;15;10119;20;;;10136;12;10139;20;;;10129.0;0.0
av_COFFEE_d11;4800;ASH_COATED_OSMIUM;9931;6;9929;22;;;9937;6;9939;25;;;9934.0;0.0
av_COFFEE_d11;4800;INTARIAN_PEPPER_ROOT;10125;13;10121;20;;;10131;17;10134;24;;;10128.0;0.0
av_COFFEE_d11;4900;ASH_COATED_OSMIUM;9931;25;9929;19;;;9937;13;9940;24;;;9934.0;0.0
av_COFFEE_d11;4900;INTARIAN_PEPPER_ROOT;10123;23;10119;17;;;10129;5;10133;9;;;10126.0;0.0
av_COFFEE_d11;5000;ASH_COATED_OSMIUM;9927;17;9924;24;;;9943;19;9946;16;;;9935.0;0.0
av_COFFEE_d11;5000;INTARIAN_PEPPER_ROOT;10123;15;10119;19;;;10129;16;10132;17;;;10126.0;0.0
av_COFFEE_d11;5100;ASH_COATED_OSMIUM;9931;19;9928;12;;;9937;11;9941;8;;;9934.0;0.0
av_COFFEE_d11;5100;INTARIAN_PEPPER_ROOT;10121;12;10118;10;;;10130;8;10134;20;;;10125.5;0.0
av_COFFEE_d11;5200;ASH_COATED_OSMIUM;9931;18;9927;22;;;9937;26;9941;21;;;9934.0;0.0
av_COFFEE_d11;5200;INTARIAN_PEPPER_ROOT;10120;18;10118;13;;;10126;15;10130;18;;;10123.0;0.0
av_COFFEE_d11;5300;ASH_COATED_OSMIUM;9932;15;9930;25;;;9938;26;9941;21;;;9935.0;0.0
av_COFFEE_d11;5300;INTARIAN_PEPPER_ROOT;10120;13;10118;16;;;10126;14;10129;14;;;10123.0;0.0
av_COFFEE_d11;5400;ASH_COATED_OSMIUM;9931;17;9927;19;;;9937;16;9941;22;;;9934.0;0.0
av_COFFEE_d11;5400;INTARIAN_PEPPER_ROOT;10119;6;10117;19;;;10125;8;10129;16;;;10122.0;0.0
av_COFFEE_d11;5500;ASH_COATED_OSMIUM;9930;22;9928;11;;;9938;20;9940;22;;;9934.0;0.0
av_COFFEE_d11;5500;INTARIAN_PEPPER_ROOT;10118;24;10116;23;;;10124;14;10128;25;;;10121.0;0.0
av_COFFEE_d11;5600;ASH_COATED_OSMIUM;9931;9;9928;13;;;9937;22;9939;16;;;9934.0;0.0
av_COFFEE_d11;5600;INTARIAN_PEPPER_ROOT;10113;16;10109;16;;;10126;11;10129;15;;;10119.5;0.0
av_COFFEE_d11;5700;ASH_COATED_OSMIUM;9932;24;9930;23;;;9938;8;9941;15;;;9935.0;0.0
av_COFFEE_d11;5700;INTARIAN_PEPPER_ROOT;10115;16;10113;21;;;10121;13;10123;19;;;10118.0;0.0
av_COFFEE_d11;5800;ASH_COATED_OSMIUM;9927;12;9924;18;;;9944;23;9948;20;;;9935.5;0.0
av_COFFEE_d11;5800;INTARIAN_PEPPER_ROOT;10109;13;10105;23;;;10125;14;10129;21;;;10117.0;0.0
av_COFFEE_d11;5900;ASH_COATED_OSMIUM;9931;18;9929;23;;;9937;23;9939;11;;;9934.0;0.0
av_COFFEE_d11;5900;INTARIAN_PEPPER_ROOT;10105;18;10103;23;;;10129;17;10132;23;;;10117.0;0.0
av_COFFEE_d11;6000;ASH_COATED_OSMIUM;9932;6;9929;17;;;9938;15;9940;20;;;9935.0;0.0
av_COFFEE_d11;6000;INTARIAN_PEPPER_ROOT;10113;19;10109;14;;;10119;14;10123;18;;;10116.0;0.0
av_COFFEE_d11;6100;ASH_COATED_OSMIUM;9926;16;9924;11;;;9943;11;9946;19;;;9934.5;0.0
av_COFFEE_d11;6100;INTARIAN_PEPPER_ROOT;10111;11;10108;18;;;10117;14;10121;12;;;10114.0;0.0
av_COFFEE_d11;6200;ASH_COATED_OSMIUM;9930;24;9927;23;;;9939;13;9942;15;;;9934.5;0.0
av_COFFEE_d11;6200;INTARIAN_PEPPER_ROOT;10108;19;10105;21;;;10118;18;10122;24;;;10113.0;0.0
av_COFFEE_d11;6300;ASH_COATED_OSMIUM;9930;17;9928;24;;;9938;21;9940;20;;;9934.0;0.0
av_COFFEE_d11;6300;INTARIAN_PEPPER_ROOT;10106;17;10104;14;;;10118;12;10121;19;;;10112.0;0.0
av_COFFEE_d11;6400;ASH_COATED_OSMIUM;9931;12;9928;13;;;9937;13;9941;16;;;9934.0;0.0
av_COFFEE_d11;6400;INTARIAN_PEPPER_ROOT;10108;5;10106;21;;;10114;23;10118;22;;;10111.0;0.0
av_COFFEE_d11;6500;ASH_COATED_OSMIUM;9926;12;9922;16;;;9943;11;9945;18;;;9934.5;0.0
av_COFFEE_d11;6500;INTARIAN_PEPPER_ROOT;10107;11;10104;19;;;10113;15;10116;16;;;10110.0;0.0
av_COFFEE_d11;6600;ASH_COATED_OSMIUM;9932;18;9929;20;;;9938;14;9942;19;;;9935.0;0.0
av_COFFEE_d11;6600;INTARIAN_PEPPER_ROOT;10105;21;10101;24;;;10111;24;10113;18;;;10108.0;0.0
av_COFFEE_d11;6700;ASH_COATED_OSMIUM;9932;17;9929;19;;;9938;12;9941;15;;;9935.0;0.0
av_COFFEE_d11;6700;INTARIAN_PEPPER_ROOT;10103;5;10101;14;;;10111;18;10114;20;;;10107.0;0.0
av_COFFEE_d11;6800;ASH_COATED_OSMIUM;9932;21;9930;20;;;9938;13;9941;17;;;9935.0;0.0
av_COFFEE_d11;6800;INTARIAN_PEPPER_ROOT;10104;18;10101;26;;;10110;14;10113;16;;;10107.0;0.0
av_COFFEE_d11;6900;ASH_COATED_OSMIUM;9932;12;9929;25;;;9938;11;9941;23;;;9935.0;0.0
av_COFFEE_d11;6900;INTARIAN_PEPPER_ROOT;10103;18;10101;24;;;10109;25;10111;16;;;10106.0;0.0
av_COFFEE_d11;7000;ASH_COATED_OSMIUM;9926;12;9922;30;;;9945;16;9949;26;;;9935.5;0.0
av_COFFEE_d11;7000;INTARIAN_PEPPER_ROOT;10102;14;10100;19;;;10108;18;10110;24;;;10105.0;0.0
av_COFFEE_d11;7100;ASH_COATED_OSMIUM;9933;14;9930;18;;;9939;11;9941;23;;;9936.0;0.0
av_COFFEE_d11;7100;INTARIAN_PEPPER_ROOT;10098;6;10096;15;;;10110;14;10113;23;;;10104.0;0.0
av_COFFEE_d11;7200;ASH_COATED_OSMIUM;9932;13;9929;20;;;9938;30;9941;16;;;9935.0;0.0
av_COFFEE_d11;7200;INTARIAN_PEPPER_ROOT;10098;14;10096;19;;;10108;16;10112;12;;;10103.0;0.0
av_COFFEE_d11;7300;ASH_COATED_OSMIUM;9931;12;9927;35;;;9939;12;9942;23;;;9935.0;0.0
av_COFFEE_d11;7300;INTARIAN_PEPPER_ROOT;10091;20;10087;19;;;10112;6;10115;23;;;10101.5;0.0
av_COFFEE_d11;7400;ASH_COATED_OSMIUM;9932;14;9929;17;;;9938;16;9941;13;;;9935.0;0.0
av_COFFEE_d11;7400;INTARIAN_PEPPER_ROOT;10097;10;10094;23;;;10103;18;10105;20;;;10100.0;0.0
av_COFFEE_d11;7500;ASH_COATED_OSMIUM;9927;12;9924;19;;;9944;11;9947;16;;;9935.5;0.0
av_COFFEE_d11;7500;INTARIAN_PEPPER_ROOT;10096;14;10094;26;;;10102;11;10104;24;;;10099.0;0.0
av_COFFEE_d11;7600;ASH_COATED_OSMIUM;9932;18;9928;26;;;9938;14;9941;22;;;9935.0;0.0
av_COFFEE_d11;7600;INTARIAN_PEPPER_ROOT;10096;9;10092;13;;;10102;5;10104;24;;;10099.0;0.0
av_COFFEE_d11;7700;ASH_COATED_OSMIUM;9924;13;9922;11;;;9947;5;9951;19;;;9935.5;0.0
av_COFFEE_d11;7700;INTARIAN_PEPPER_ROOT;10094;7;10092;25;;;10100;9;10102;21;;;10097.0;0.0
av_COFFEE_d11;7800;ASH_COATED_OSMIUM;9932;12;9929;9;;;9938;15;9941;15;;;9935.0;0.0
av_COFFEE_d11;7800;INTARIAN_PEPPER_ROOT;10083;12;10081;18;;;10109;19;10113;20;;;10096.0;0.0
av_COFFEE_d11;7900;ASH_COATED_OSMIUM;9932;14;9929;12;;;9938;5;9942;22;;;9935.0;0.0
av_COFFEE_d11;7900;INTARIAN_PEPPER_ROOT;10090;25;10087;20;;;10100;18;10104;20;;;10095.0;0.0
av_COFFEE_d11;8000;ASH_COATED_OSMIUM;9932;23;9930;18;;;9938;17;9940;15;;;9935.0;0.0
av_COFFEE_d11;8000;INTARIAN_PEPPER_ROOT;10087;10;10085;20;;;10102;10;10105;25;;;10094.5;0.0
av_COFFEE_d11;8100;ASH_COATED_OSMIUM;9929;15;9927;13;;;9940;12;9943;29;;;9934.5;0.0
av_COFFEE_d11;8100;INTARIAN_PEPPER_ROOT;10090;10;10088;17;;;10096;14;10098;20;;;10093.0;0.0
av_COFFEE_d11;8200;ASH_COATED_OSMIUM;9932;24;9929;13;;;9938;10;9940;27;;;9935.0;0.0
av_COFFEE_d11;8200;INTARIAN_PEPPER_ROOT;10089;16;10085;23;;;10095;20;10098;19;;;10092.0;0.0
av_COFFEE_d11;8300;ASH_COATED_OSMIUM;9923;18;9919;24;;;9948;10;9952;14;;;9935.5;0.0
av_COFFEE_d11;8300;INTARIAN_PEPPER_ROOT;10088;22;10084;19;;;10094;23;10098;22;;;10091.0;0.0
av_COFFEE_d11;8400;ASH_COATED_OSMIUM;9930;8;9928;24;;;9940;9;9942;20;;;9935.0;0.0
av_COFFEE_d11;8400;INTARIAN_PEPPER_ROOT;10086;12;10083;22;;;10094;18;10098;19;;;10090.0;0.0
av_COFFEE_d11;8500;ASH_COATED_OSMIUM;9931;18;9927;8;;;9938;12;9942;13;;;9934.5;0.0
av_COFFEE_d11;8500;INTARIAN_PEPPER_ROOT;10086;22;10082;23;;;10092;17;10094;16;;;10089.0;0.0
av_COFFEE_d11;8600;ASH_COATED_OSMIUM;9933;5;9929;10;;;9939;18;9941;20;;;9936.0;0.0
av_COFFEE_d11;8600;INTARIAN_PEPPER_ROOT;10084;22;10080;14;;;10092;5;10096;20;;;10088.0;0.0
av_COFFEE_d11;8700;ASH_COATED_OSMIUM;9932;19;9930;13;;;9939;18;9941;19;;;9935.5;0.0
av_COFFEE_d11;8700;INTARIAN_PEPPER_ROOT;10084;20;10080;20;;;10090;13;10094;14;;;10087.0;0.0
av_COFFEE_d11;8800;ASH_COATED_OSMIUM;9926;13;9923;26;;;9944;12;9947;23;;;9935.0;0.0
av_COFFEE_d11;8800;INTARIAN_PEPPER_ROOT;10073;20;10069;22;;;10098;14;10100;16;;;10085.5;0.0
av_COFFEE_d11;8900;ASH_COATED_OSMIUM;9932;13;9930;16;;;9938;15;9941;28;;;9935.0;0.0
av_COFFEE_d11;8900;INTARIAN_PEPPER_ROOT;10078;18;10074;19;;;10090;13;10093;22;;;10084.0;0.0
av_COFFEE_d11;9000;ASH_COATED_OSMIUM;9932;13;9928;13;;;9938;16;9940;15;;;9935.0;0.0
av_COFFEE_d11;9000;INTARIAN_PEPPER_ROOT;10080;8;10076;16;;;10086;18;10090;15;;;10083.0;0.0
av_COFFEE_d11;9100;ASH_COATED_OSMIUM;9933;13;9929;23;;;9939;13;9941;17;;;9936.0;0.0
av_COFFEE_d11;9100;INTARIAN_PEPPER_ROOT;10080;19;10078;24;;;10086;18;10088;20;;;10083.0;0.0
av_COFFEE_d11;9200;ASH_COATED_OSMIUM;9933;19;9930;26;;;9939;19;9941;18;;;9936.0;0.0
av_COFFEE_d11;9200;INTARIAN_PEPPER_ROOT;10079;5;10075;19;;;10085;19;10088;17;;;10082.0;0.0
av_COFFEE_d11;9300;ASH_COATED_OSMIUM;9932;17;9929;21;;;9938;14;9941;15;;;9935.0;0.0
av_COFFEE_d11;9300;INTARIAN_PEPPER_ROOT;10073;17;10070;21;;;10089;12;10092;25;;;10081.0;0.0
av_COFFEE_d11;9400;ASH_COATED_OSMIUM;9932;12;9929;25;;;9938;18;9942;21;;;9935.0;0.0
av_COFFEE_d11;9400;INTARIAN_PEPPER_ROOT;10077;16;10075;16;;;10083;20;10086;19;;;10080.0;0.0
av_COFFEE_d11;9500;ASH_COATED_OSMIUM;9925;9;9923;17;;;9946;16;9950;24;;;9935.5;0.0
av_COFFEE_d11;9500;INTARIAN_PEPPER_ROOT;10076;12;10073;13;;;10082;13;10084;26;;;10079.0;0.0
av_COFFEE_d11;9600;ASH_COATED_OSMIUM;9932;5;9930;17;;;9940;14;9942;24;;;9936.0;0.0
av_COFFEE_d11;9600;INTARIAN_PEPPER_ROOT;10074;10;10072;19;;;10080;19;10083;18;;;10077.0;0.0
av_COFFEE_d11;9700;ASH_COATED_OSMIUM;9929;10;9926;13;;;9942;20;9946;23;;;9935.5;0.0
av_COFFEE_d11;9700;INTARIAN_PEPPER_ROOT;10073;18;10070;23;;;10079;19;10081;12;;;10076.0;0.0
av_COFFEE_d11;9800;ASH_COATED_OSMIUM;9933;18;9929;15;;;9939;18;9942;18;;;9936.0;0.0
av_COFFEE_d11;9800;INTARIAN_PEPPER_ROOT;10072;14;10068;18;;;10078;18;10081;21;;;10075.0;0.0
av_COFFEE_d11;9900;ASH_COATED_OSMIUM;9933;13;9929;31;;;9939;10;9943;15;;;9936.0;0.0
av_COFFEE_d11;9900;INTARIAN_PEPPER_ROOT;10067;12;10064;18;;;10082;15;10084;26;;;10074.5;0.0
av_COFFEE_d11;10000;ASH_COATED_OSMIUM;9933;8;9931;35;;;9939;18;9942;21;;;9936.0;0.0
av_COFFEE_d11;10000;INTARIAN_PEPPER_ROOT;10068;11;10066;21;;;10078;20;10081;16;;;10073.0;0.0
av_COFFEE_d11;10100;ASH_COATED_OSMIUM;9933;19;9931;26;;;9939;16;9942;20;;;9936.0;0.0
av_COFFEE_d11;10100;INTARIAN_PEPPER_ROOT;10069;15;10066;17;;;10075;17;10078;22;;;10072.0;0.0
av_COFFEE_d11;10200;ASH_COATED_OSMIUM;9933;11;9929;20;;;9939;13;9943;23;;;9936.0;0.0
av_COFFEE_d11;10200;INTARIAN_PEPPER_ROOT;10060;13;10056;22;;;10082;13;10084;16;;;10071.0;0.0
av_COFFEE_d11;10300;ASH_COATED_OSMIUM;9931;21;9928;24;;;9941;17;9945;15;;;9936.0;0.0
av_COFFEE_d11;10300;INTARIAN_PEPPER_ROOT;10063;14;10059;14;;;10075;19;10077;18;;;10069.0;0.0
av_COFFEE_d11;10400;ASH_COATED_OSMIUM;9933;13;9929;24;;;9939;5;9943;20;;;9936.0;0.0
av_COFFEE_d11;10400;INTARIAN_PEPPER_ROOT;10064;10;10062;20;;;10073;16;10076;24;;;10068.5;0.0
av_COFFEE_d11;10500;ASH_COATED_OSMIUM;9932;7;9929;12;;;9940;17;9943;29;;;9936.0;0.0
av_COFFEE_d11;10500;INTARIAN_PEPPER_ROOT;10060;10;10056;20;;;10075;13;10079;20;;;10067.5;0.0
av_COFFEE_d11;10600;ASH_COATED_OSMIUM;9934;25;9931;24;;;9940;17;9942;16;;;9937.0;0.0
av_COFFEE_d11;10600;INTARIAN_PEPPER_ROOT;10062;19;10058;15;;;10072;16;10075;24;;;10067.0;0.0
av_COFFEE_d11;10700;ASH_COATED_OSMIUM;9932;12;9929;11;;;9941;16;9944;17;;;9936.5;0.0
av_COFFEE_d11;10700;INTARIAN_PEPPER_ROOT;10062;24;10059;24;;;10068;14;10072;22;;;10065.0;0.0
av_COFFEE_d11;10800;ASH_COATED_OSMIUM;9933;11;9930;20;;;9939;7;9943;21;;;9936.0;0.0
av_COFFEE_d11;10800;INTARIAN_PEPPER_ROOT;10061;16;10057;18;;;10067;8;10069;15;;;10064.0;0.0
av_COFFEE_d11;10900;ASH_COATED_OSMIUM;9932;15;9930;18;;;9941;21;9945;26;;;9936.5;0.0
av_COFFEE_d11;10900;INTARIAN_PEPPER_ROOT;10050;16;10046;24;;;10076;13;10079;12;;;10063.0;0.0
av_COFFEE_d11;11000;ASH_COATED_OSMIUM;9933;15;9929;18;;;9939;11;9943;18;;;9936.0;0.0
av_COFFEE_d11;11000;INTARIAN_PEPPER_ROOT;10055;13;10052;26;;;10070;20;10072;16;;;10062.5;0.0
av_COFFEE_d11;11100;ASH_COATED_OSMIUM;9934;18;9932;22;;;9940;19;9944;20;;;9937.0;0.0
av_COFFEE_d11;11100;INTARIAN_PEPPER_ROOT;10048;21;10045;27;;;10074;21;10076;29;;;10061.0;0.0
av_COFFEE_d11;11200;ASH_COATED_OSMIUM;9930;11;9926;20;;;9944;15;9946;9;;;9937.0;0.0
av_COFFEE_d11;11200;INTARIAN_PEPPER_ROOT;10049;14;10047;19;;;10070;18;10074;25;;;10059.5;0.0
av_COFFEE_d11;11300;ASH_COATED_OSMIUM;9934;12;9931;18;;;9940;19;9944;19;;;9937.0;0.0
av_COFFEE_d11;11300;INTARIAN_PEPPER_ROOT;10055;15;10051;18;;;10063;12;10067;16;;;10059.0;0.0
av_COFFEE_d11;11400;ASH_COATED_OSMIUM;9926;17;9924;24;;;9947;13;9950;19;;;9936.5;0.0
av_COFFEE_d11;11400;INTARIAN_PEPPER_ROOT;10055;11;10052;16;;;10061;19;10063;23;;;10058.0;0.0
av_COFFEE_d11;11500;ASH_COATED_OSMIUM;9933;5;9931;30;;;9939;12;9943;11;;;9936.0;0.0
av_COFFEE_d11;11500;INTARIAN_PEPPER_ROOT;10053;22;10050;23;;;10059;15;10063;31;;;10056.0;0.0
av_COFFEE_d11;11600;ASH_COATED_OSMIUM;9933;20;9929;23;;;9939;9;9942;25;;;9936.0;0.0
av_COFFEE_d11;11600;INTARIAN_PEPPER_ROOT;10052;10;10048;26;;;10060;11;10062;23;;;10056.0;0.0
av_COFFEE_d11;11700;ASH_COATED_OSMIUM;9933;11;9930;22;;;9939;15;9943;16;;;9936.0;0.0
av_COFFEE_d11;11700;INTARIAN_PEPPER_ROOT;10052;15;10048;16;;;10058;21;10062;19;;;10055.0;0.0
av_COFFEE_d11;11800;ASH_COATED_OSMIUM;9928;24;9926;25;;;9944;16;9946;11;;;9936.0;0.0
av_COFFEE_d11;11800;INTARIAN_PEPPER_ROOT;10051;9;10048;8;;;10057;12;10059;18;;;10054.0;0.0
av_COFFEE_d11;11900;ASH_COATED_OSMIUM;9922;13;9918;25;;;9951;12;9954;14;;;9936.5;0.0
av_COFFEE_d11;11900;INTARIAN_PEPPER_ROOT;10041;15;10038;25;;;10065;13;10067;28;;;10053.0;0.0
av_COFFEE_d11;12000;ASH_COATED_OSMIUM;9930;19;9928;20;;;9942;6;9946;18;;;9936.0;0.0
av_COFFEE_d11;12000;INTARIAN_PEPPER_ROOT;10049;15;10046;19;;;10055;5;10057;15;;;10052.0;0.0
av_COFFEE_d11;12100;ASH_COATED_OSMIUM;9927;15;9924;23;;;9947;6;9950;20;;;9937.0;0.0
av_COFFEE_d11;12100;INTARIAN_PEPPER_ROOT;10047;7;10043;23;;;10054;9;10056;18;;;10050.5;0.0
av_COFFEE_d11;12200;ASH_COATED_OSMIUM;9934;15;9932;13;;;9940;9;9944;20;;;9937.0;0.0
av_COFFEE_d11;12200;INTARIAN_PEPPER_ROOT;10047;22;10043;24;;;10053;11;10056;21;;;10050.0;0.0
av_COFFEE_d11;12300;ASH_COATED_OSMIUM;9934;23;9932;16;;;9940;16;9943;17;;;9937.0;0.0
av_COFFEE_d11;12300;INTARIAN_PEPPER_ROOT;10044;22;10042;12;;;10052;22;10056;20;;;10048.0;0.0
av_COFFEE_d11;12400;ASH_COATED_OSMIUM;9930;11;9928;24;;;9943;13;9945;31;;;9936.5;0.0
av_COFFEE_d11;12400;INTARIAN_PEPPER_ROOT;10044;16;10040;12;;;10050;23;10052;13;;;10047.0;0.0
av_COFFEE_d11;12500;ASH_COATED_OSMIUM;9923;9;9919;28;;;9950;18;9954;18;;;9936.5;0.0
av_COFFEE_d11;12500;INTARIAN_PEPPER_ROOT;10044;12;10040;21;;;10050;15;10054;17;;;10047.0;0.0
av_COFFEE_d11;12600;ASH_COATED_OSMIUM;9926;16;9922;23;;;9947;15;9949;21;;;9936.5;0.0
av_COFFEE_d11;12600;INTARIAN_PEPPER_ROOT;10042;18;10039;14;;;10048;19;10052;22;;;10045.0;0.0
av_COFFEE_d11;12700;ASH_COATED_OSMIUM;9934;16;9930;9;;;9940;15;9942;20;;;9937.0;0.0
av_COFFEE_d11;12700;INTARIAN_PEPPER_ROOT;10041;5;10038;19;;;10047;9;10050;27;;;10044.0;0.0
av_COFFEE_d11;12800;ASH_COATED_OSMIUM;9934;20;9931;19;;;9940;17;9943;22;;;9937.0;0.0
av_COFFEE_d11;12800;INTARIAN_PEPPER_ROOT;10036;16;10034;16;;;10050;8;10053;17;;;10043.0;0.0
av_COFFEE_d11;12900;ASH_COATED_OSMIUM;9934;24;9930;21;;;9940;20;9944;23;;;9937.0;0.0
av_COFFEE_d11;12900;INTARIAN_PEPPER_ROOT;10037;22;10034;26;;;10047;16;10051;26;;;10042.0;0.0
av_COFFEE_d11;13000;ASH_COATED_OSMIUM;9933;17;9930;20;;;9941;14;9943;19;;;9937.0;0.0
av_COFFEE_d11;13000;INTARIAN_PEPPER_ROOT;10036;13;10033;25;;;10046;11;10050;27;;;10041.0;0.0
av_COFFEE_d11;13100;ASH_COATED_OSMIUM;9933;7;9931;22;;;9939;11;9943;17;;;9936.0;0.0
av_COFFEE_d11;13100;INTARIAN_PEPPER_ROOT;10031;19;10027;22;;;10048;15;10052;21;;;10039.5;0.0
av_COFFEE_d11;13200;ASH_COATED_OSMIUM;9933;9;9930;21;;;9941;24;9944;20;;;9937.0;0.0
av_COFFEE_d11;13200;INTARIAN_PEPPER_ROOT;10036;15;10033;20;;;10042;17;10044;8;;;10039.0;0.0
av_COFFEE_d11;13300;ASH_COATED_OSMIUM;9934;14;9932;23;;;9940;13;9943;21;;;9937.0;0.0
av_COFFEE_d11;13300;INTARIAN_PEPPER_ROOT;10034;13;10031;21;;;10043;22;10047;20;;;10038.5;0.0
av_COFFEE_d11;13400;ASH_COATED_OSMIUM;9934;18;9930;9;;;9940;12;9942;17;;;9937.0;0.0
av_COFFEE_d11;13400;INTARIAN_PEPPER_ROOT;10032;16;10030;14;;;10042;7;10046;24;;;10037.0;0.0
av_COFFEE_d11;13500;ASH_COATED_OSMIUM;9934;17;9932;17;;;9940;5;9943;19;;;9937.0;0.0
av_COFFEE_d11;13500;INTARIAN_PEPPER_ROOT;10033;16;10031;23;;;10039;13;10041;18;;;10036.0;0.0
av_COFFEE_d11;13600;ASH_COATED_OSMIUM;9934;5;9930;16;;;9940;12;9942;21;;;9937.0;0.0
av_COFFEE_d11;13600;INTARIAN_PEPPER_ROOT;10022;10;10020;26;;;10047;20;10049;22;;;10034.5;0.0
av_COFFEE_d11;13700;ASH_COATED_OSMIUM;9933;13;9930;22;;;9940;16;9943;26;;;9936.5;0.0
av_COFFEE_d11;13700;INTARIAN_PEPPER_ROOT;10031;23;10028;20;;;10037;13;10040;22;;;10034.0;0.0
av_COFFEE_d11;13800;ASH_COATED_OSMIUM;9933;24;9931;26;;;9939;21;9943;26;;;9936.0;0.0
av_COFFEE_d11;13800;INTARIAN_PEPPER_ROOT;10030;13;10026;17;;;10036;13;10040;26;;;10033.0;0.0
av_COFFEE_d11;13900;ASH_COATED_OSMIUM;9934;17;9931;20;;;9940;19;9943;16;;;9937.0;0.0
av_COFFEE_d11;13900;INTARIAN_PEPPER_ROOT;10024;21;10021;18;;;10040;18;10043;18;;;10032.0;0.0
av_COFFEE_d11;14000;ASH_COATED_OSMIUM;9932;16;9930;20;;;9943;20;9947;27;;;9937.5;0.0
av_COFFEE_d11;14000;INTARIAN_PEPPER_ROOT;10028;19;10025;21;;;10034;23;10037;8;;;10031.0;0.0
av_COFFEE_d11;14100;ASH_COATED_OSMIUM;9934;7;9930;8;;;9940;11;9943;18;;;9937.0;0.0
av_COFFEE_d11;14100;INTARIAN_PEPPER_ROOT;10027;14;10023;12;;;10033;17;10036;21;;;10030.0;0.0
av_COFFEE_d11;14200;ASH_COATED_OSMIUM;9934;6;9932;24;;;9940;14;9943;22;;;9937.0;0.0
av_COFFEE_d11;14200;INTARIAN_PEPPER_ROOT;10025;16;10023;16;;;10031;11;10035;25;;;10028.0;0.0
av_COFFEE_d11;14300;ASH_COATED_OSMIUM;9934;14;9932;21;;;9940;22;9944;18;;;9937.0;0.0
av_COFFEE_d11;14300;INTARIAN_PEPPER_ROOT;10025;19;10023;22;;;10031;13;10035;20;;;10028.0;0.0
av_COFFEE_d11;14400;ASH_COATED_OSMIUM;9934;12;9930;18;;;9940;16;9942;18;;;9937.0;0.0
av_COFFEE_d11;14400;INTARIAN_PEPPER_ROOT;10023;14;10019;16;;;10029;16;10033;27;;;10026.0;0.0
av_COFFEE_d11;14500;ASH_COATED_OSMIUM;9934;14;9931;21;;;9940;23;9942;8;;;9937.0;0.0
av_COFFEE_d11;14500;INTARIAN_PEPPER_ROOT;10023;13;10019;19;;;10029;9;10031;22;;;10026.0;0.0
av_COFFEE_d11;14600;ASH_COATED_OSMIUM;9935;21;9931;27;;;9941;16;9943;24;;;9938.0;0.0
av_COFFEE_d11;14600;INTARIAN_PEPPER_ROOT;10017;18;10014;30;;;10032;11;10036;24;;;10024.5;0.0
av_COFFEE_d11;14700;ASH_COATED_OSMIUM;9934;21;9931;18;;;9940;28;9942;25;;;9937.0;0.0
av_COFFEE_d11;14700;INTARIAN_PEPPER_ROOT;10020;12;10018;15;;;10026;16;10028;28;;;10023.0;0.0
av_COFFEE_d11;14800;ASH_COATED_OSMIUM;9934;14;9932;15;;;9940;16;9943;17;;;9937.0;0.0
av_COFFEE_d11;14800;INTARIAN_PEPPER_ROOT;10010;10;10007;29;;;10033;18;10035;20;;;10021.5;0.0
av_COFFEE_d11;14900;ASH_COATED_OSMIUM;9918;9;9916;15;;;9957;15;9960;23;;;9937.5;0.0
av_COFFEE_d11;14900;INTARIAN_PEPPER_ROOT;10015;21;10012;18;;;10026;18;10029;18;;;10020.5;0.0
av_COFFEE_d11;15000;ASH_COATED_OSMIUM;9932;11;9930;29;;;9943;19;9946;24;;;9937.5;0.0
av_COFFEE_d11;15000;INTARIAN_PEPPER_ROOT;10012;14;10008;23;;;10027;21;10029;19;;;10019.5;0.0
av_COFFEE_d11;15100;ASH_COATED_OSMIUM;9934;13;9931;17;;;9941;21;9943;20;;;9937.5;0.0
av_COFFEE_d11;15100;INTARIAN_PEPPER_ROOT;10016;21;10014;23;;;10022;17;10026;29;;;10019.0;0.0
av_COFFEE_d11;15200;ASH_COATED_OSMIUM;9929;5;9926;20;;;9946;8;9949;19;;;9937.5;0.0
av_COFFEE_d11;15200;INTARIAN_PEPPER_ROOT;10015;15;10013;16;;;10021;18;10024;28;;;10018.0;0.0
av_COFFEE_d11;15300;ASH_COATED_OSMIUM;9933;11;9930;19;;;9941;18;9943;18;;;9937.0;0.0
av_COFFEE_d11;15300;INTARIAN_PEPPER_ROOT;10014;20;10010;18;;;10020;11;10024;20;;;10017.0;0.0
av_COFFEE_d11;15400;ASH_COATED_OSMIUM;9933;22;9930;20;;;9941;11;9945;25;;;9937.0;0.0
av_COFFEE_d11;15400;INTARIAN_PEPPER_ROOT;10011;29;10008;18;;;10020;10;10022;15;;;10015.5;0.0
av_COFFEE_d11;15500;ASH_COATED_OSMIUM;9934;11;9931;22;;;9940;15;9943;26;;;9937.0;0.0
av_COFFEE_d11;15500;INTARIAN_PEPPER_ROOT;10009;14;10005;17;;;10020;10;10023;17;;;10014.5;0.0
av_COFFEE_d11;15600;ASH_COATED_OSMIUM;9933;11;9931;19;;;9942;24;9946;19;;;9937.5;0.0
av_COFFEE_d11;15600;INTARIAN_PEPPER_ROOT;10008;8;10006;29;;;10020;17;10024;18;;;10014.0;0.0
av_COFFEE_d11;15700;ASH_COATED_OSMIUM;9935;19;9931;16;;;9941;15;9945;18;;;9938.0;0.0
av_COFFEE_d11;15700;INTARIAN_PEPPER_ROOT;10009;23;10005;16;;;10015;9;10019;25;;;10012.0;0.0
av_COFFEE_d11;15800;ASH_COATED_OSMIUM;9934;11;9932;19;;;9941;16;9945;17;;;9937.5;0.0
av_COFFEE_d11;15800;INTARIAN_PEPPER_ROOT;10008;22;10006;16;;;10014;18;10016;24;;;10011.0;0.0
av_COFFEE_d11;15900;ASH_COATED_OSMIUM;9934;26;9931;29;;;9940;15;9943;14;;;9937.0;0.0
av_COFFEE_d11;15900;INTARIAN_PEPPER_ROOT;10008;16;10006;23;;;10014;15;10017;28;;;10011.0;0.0
av_COFFEE_d11;16000;ASH_COATED_OSMIUM;9935;18;9933;13;;;9941;15;9944;19;;;9938.0;0.0
av_COFFEE_d11;16000;INTARIAN_PEPPER_ROOT;10006;23;10002;19;;;10012;15;10014;20;;;10009.0;0.0
av_COFFEE_d11;16100;ASH_COATED_OSMIUM;9934;24;9932;21;;;9940;7;9943;24;;;9937.0;0.0
av_COFFEE_d11;16100;INTARIAN_PEPPER_ROOT;10005;12;10002;12;;;10011;28;10014;20;;;10008.0;0.0
av_COFFEE_d11;16200;ASH_COATED_OSMIUM;9935;12;9932;18;;;9941;13;9945;11;;;9938.0;0.0
av_COFFEE_d11;16200;INTARIAN_PEPPER_ROOT;10004;14;10001;12;;;10010;14;10013;12;;;10007.0;0.0
av_COFFEE_d11;16300;ASH_COATED_OSMIUM;9932;17;9928;27;;;9944;9;9948;9;;;9938.0;0.0
av_COFFEE_d11;16300;INTARIAN_PEPPER_ROOT;10003;16;10000;16;;;10009;8;10011;12;;;10006.0;0.0
av_COFFEE_d11;16400;ASH_COATED_OSMIUM;9935;19;9931;18;;;9941;15;9943;17;;;9938.0;0.0
av_COFFEE_d11;16400;INTARIAN_PEPPER_ROOT;10000;14;9997;18;;;10011;13;10014;21;;;10005.5;0.0
av_COFFEE_d11;16500;ASH_COATED_OSMIUM;9933;12;9931;24;;;9942;11;9944;25;;;9937.5;0.0
av_COFFEE_d11;16500;INTARIAN_PEPPER_ROOT;10001;16;9997;18;;;10007;5;10011;8;;;10004.0;0.0
av_COFFEE_d11;16600;ASH_COATED_OSMIUM;9935;17;9932;21;;;9942;5;9944;16;;;9938.5;0.0
av_COFFEE_d11;16600;INTARIAN_PEPPER_ROOT;10001;10;9997;20;;;10007;12;10009;21;;;10004.0;0.0
av_COFFEE_d11;16700;ASH_COATED_OSMIUM;9933;10;9930;22;;;9943;13;9947;22;;;9938.0;0.0
av_COFFEE_d11;16700;INTARIAN_PEPPER_ROOT;9999;11;9996;16;;;10005;12;10009;23;;;10002.0;0.0
av_COFFEE_d11;16800;ASH_COATED_OSMIUM;9926;11;9924;16;;;9950;15;9953;18;;;9938.0;0.0
av_COFFEE_d11;16800;INTARIAN_PEPPER_ROOT;9998;20;9995;21;;;10004;6;10008;19;;;10001.0;0.0
av_COFFEE_d11;16900;ASH_COATED_OSMIUM;9935;19;9933;13;;;9941;16;9945;15;;;9938.0;0.0
av_COFFEE_d11;16900;INTARIAN_PEPPER_ROOT;9997;19;9993;14;;;10003;18;10005;21;;;10000.0;0.0
av_COFFEE_d11;17000;ASH_COATED_OSMIUM;9935;14;9932;14;;;9941;13;9944;16;;;9938.0;0.0
av_COFFEE_d11;17000;INTARIAN_PEPPER_ROOT;9981;15;9978;31;;;10019;16;10021;15;;;10000.0;0.0
av_COFFEE_d11;17100;ASH_COATED_OSMIUM;9935;10;9931;19;;;9941;14;9945;25;;;9938.0;0.0
av_COFFEE_d11;17100;INTARIAN_PEPPER_ROOT;9997;9;9994;15;;;10003;10;10007;13;;;10000.0;0.0
av_COFFEE_d11;17200;ASH_COATED_OSMIUM;9919;23;9916;25;;;9958;10;9960;15;;;9938.5;0.0
av_COFFEE_d11;17200;INTARIAN_PEPPER_ROOT;9995;13;9993;10;;;10005;17;10009;18;;;10000.0;0.0
av_COFFEE_d11;17300;ASH_COATED_OSMIUM;9935;8;9931;17;;;9943;26;9947;15;;;9939.0;0.0
av_COFFEE_d11;17300;INTARIAN_PEPPER_ROOT;9994;9;9991;12;;;10006;21;10009;22;;;10000.0;0.0
av_COFFEE_d11;17400;ASH_COATED_OSMIUM;9934;22;9930;13;;;9945;11;9949;27;;;9939.5;0.0
av_COFFEE_d11;17400;INTARIAN_PEPPER_ROOT;9993;10;9991;13;;;10008;16;10010;14;;;10000.5;0.0
av_COFFEE_d11;17500;ASH_COATED_OSMIUM;9919;15;9916;22;;;9959;20;9962;13;;;9939.0;0.0
av_COFFEE_d11;17500;INTARIAN_PEPPER_ROOT;9998;19;9996;18;;;10004;7;10007;19;;;10001.0;0.0
av_COFFEE_d11;17600;ASH_COATED_OSMIUM;9936;20;9932;21;;;9942;15;9945;15;;;9939.0;0.0
av_COFFEE_d11;17600;INTARIAN_PEPPER_ROOT;9998;15;9996;16;;;10004;18;10008;20;;;10001.0;0.0
av_COFFEE_d11;17700;ASH_COATED_OSMIUM;9935;18;9931;19;;;9943;11;9947;17;;;9939.0;0.0
av_COFFEE_d11;17700;INTARIAN_PEPPER_ROOT;9993;23;9991;8;;;10010;18;10013;20;;;10001.5;0.0
av_COFFEE_d11;17800;ASH_COATED_OSMIUM;9931;10;9928;18;;;9948;27;9950;20;;;9939.5;0.0
av_COFFEE_d11;17800;INTARIAN_PEPPER_ROOT;9998;19;9996;27;;;10005;19;10008;30;;;10001.5;0.0
av_COFFEE_d11;17900;ASH_COATED_OSMIUM;9937;25;9934;20;;;9943;13;9947;20;;;9940.0;0.0
av_COFFEE_d11;17900;INTARIAN_PEPPER_ROOT;9986;9;9983;13;;;10018;8;10022;18;;;10002.0;0.0
av_COFFEE_d11;18000;ASH_COATED_OSMIUM;9937;16;9934;21;;;9943;22;9945;16;;;9940.0;0.0
av_COFFEE_d11;18000;INTARIAN_PEPPER_ROOT;9998;17;9995;22;;;10006;12;10010;21;;;10002.0;0.0
av_COFFEE_d11;18100;ASH_COATED_OSMIUM;9934;12;9931;25;;;9946;11;9949;22;;;9940.0;0.0
av_COFFEE_d11;18100;INTARIAN_PEPPER_ROOT;9994;13;9991;21;;;10012;22;10014;19;;;10003.0;0.0
av_COFFEE_d11;18200;ASH_COATED_OSMIUM;9937;5;9935;23;;;9943;15;9945;26;;;9940.0;0.0
av_COFFEE_d11;18200;INTARIAN_PEPPER_ROOT;9997;12;9995;28;;;10009;21;10013;14;;;10003.0;0.0
av_COFFEE_d11;18300;ASH_COATED_OSMIUM;9931;18;9929;19;;;9949;17;9953;26;;;9940.0;0.0
av_COFFEE_d11;18300;INTARIAN_PEPPER_ROOT;10000;14;9996;23;;;10006;17;10008;19;;;10003.0;0.0
av_COFFEE_d11;18400;ASH_COATED_OSMIUM;9938;13;9935;19;;;9944;14;9946;28;;;9941.0;0.0
av_COFFEE_d11;18400;INTARIAN_PEPPER_ROOT;9997;12;9995;25;;;10011;17;10013;16;;;10004.0;0.0
av_COFFEE_d11;18500;ASH_COATED_OSMIUM;9938;9;9935;14;;;9944;16;9946;18;;;9941.0;0.0
av_COFFEE_d11;18500;INTARIAN_PEPPER_ROOT;10001;11;9997;24;;;10007;24;10010;21;;;10004.0;0.0
av_COFFEE_d11;18600;ASH_COATED_OSMIUM;9938;10;9935;21;;;9944;15;9946;17;;;9941.0;0.0
av_COFFEE_d11;18600;INTARIAN_PEPPER_ROOT;10001;15;9999;9;;;10007;5;10009;18;;;10004.0;0.0
av_COFFEE_d11;18700;ASH_COATED_OSMIUM;9938;16;9936;16;;;9944;12;9948;24;;;9941.0;0.0
av_COFFEE_d11;18700;INTARIAN_PEPPER_ROOT;10002;18;9998;27;;;10008;19;10012;15;;;10005.0;0.0
av_COFFEE_d11;18800;ASH_COATED_OSMIUM;9938;14;9934;22;;;9944;10;9948;20;;;9941.0;0.0
av_COFFEE_d11;18800;INTARIAN_PEPPER_ROOT;10002;17;10000;26;;;10008;18;10012;16;;;10005.0;0.0
av_COFFEE_d11;18900;ASH_COATED_OSMIUM;9937;11;9935;10;;;9947;19;9949;20;;;9942.0;0.0
av_COFFEE_d11;18900;INTARIAN_PEPPER_ROOT;10000;22;9996;27;;;10011;17;10014;17;;;10005.5;0.0
av_COFFEE_d11;19000;ASH_COATED_OSMIUM;9939;11;9937;21;;;9945;17;9949;17;;;9942.0;0.0
av_COFFEE_d11;19000;INTARIAN_PEPPER_ROOT;10001;19;9999;21;;;10011;9;10013;22;;;10006.0;0.0
av_COFFEE_d11;19100;ASH_COATED_OSMIUM;9939;16;9935;20;;;9945;14;9949;8;;;9942.0;0.0
av_COFFEE_d11;19100;INTARIAN_PEPPER_ROOT;10002;13;9998;16;;;10009;16;10012;11;;;10005.5;0.0
av_COFFEE_d11;19200;ASH_COATED_OSMIUM;9939;17;9935;19;;;9945;14;9949;17;;;9942.0;0.0
av_COFFEE_d11;19200;INTARIAN_PEPPER_ROOT;10003;28;9999;15;;;10009;12;10012;18;;;10006.0;0.0
av_COFFEE_d11;19300;ASH_COATED_OSMIUM;9939;21;9936;22;;;9945;12;9947;21;;;9942.0;0.0
av_COFFEE_d11;19300;INTARIAN_PEPPER_ROOT;10004;20;10000;19;;;10010;22;10014;19;;;10007.0;0.0
av_COFFEE_d11;19400;ASH_COATED_OSMIUM;9939;24;9936;13;;;9945;16;9947;17;;;9942.0;0.0
av_COFFEE_d11;19400;INTARIAN_PEPPER_ROOT;10004;12;10001;20;;;10010;12;10013;22;;;10007.0;0.0
av_COFFEE_d11;19500;ASH_COATED_OSMIUM;9937;15;9934;30;;;9949;7;9951;21;;;9943.0;0.0
av_COFFEE_d11;19500;INTARIAN_PEPPER_ROOT;10003;15;10000;26;;;10012;15;10014;14;;;10007.5;0.0
av_COFFEE_d11;19600;ASH_COATED_OSMIUM;9940;7;9938;15;;;9946;9;9949;23;;;9943.0;0.0
av_COFFEE_d11;19600;INTARIAN_PEPPER_ROOT;10005;20;10002;17;;;10011;13;10013;21;;;10008.0;0.0
av_COFFEE_d11;19700;ASH_COATED_OSMIUM;9934;19;9932;15;;;9952;18;9956;13;;;9943.0;0.0
av_COFFEE_d11;19700;INTARIAN_PEPPER_ROOT;10001;7;9999;24;;;10014;19;10018;24;;;10007.5;0.0
av_COFFEE_d11;19800;ASH_COATED_OSMIUM;9939;15;9935;20;;;9947;18;9950;24;;;9943.0;0.0
av_COFFEE_d11;19800;INTARIAN_PEPPER_ROOT;10005;23;10002;16;;;10011;18;10013;23;;;10008.0;0.0
av_COFFEE_d11;19900;ASH_COATED_OSMIUM;9941;20;9937;21;;;9947;14;9950;14;;;9944.0;0.0
av_COFFEE_d11;19900;INTARIAN_PEPPER_ROOT;10006;16;10004;18;;;10012;14;10016;21;;;10009.0;0.0
av_COFFEE_d11;20000;ASH_COATED_OSMIUM;9941;21;9938;12;;;9947;13;9951;19;;;9944.0;0.0
av_COFFEE_d11;20000;INTARIAN_PEPPER_ROOT;9998;12;9995;19;;;10020;25;10022;16;;;10009.0;0.0
av_COFFEE_d11;20100;ASH_COATED_OSMIUM;9940;17;9936;25;;;9946;10;9950;18;;;9943.0;0.0
av_COFFEE_d11;20100;INTARIAN_PEPPER_ROOT;10006;5;10002;23;;;10012;13;10015;16;;;10009.0;0.0
av_COFFEE_d11;20200;ASH_COATED_OSMIUM;9941;24;9938;13;;;9947;10;9950;16;;;9944.0;0.0
av_COFFEE_d11;20200;INTARIAN_PEPPER_ROOT;10006;19;10002;14;;;10012;11;10016;19;;;10009.0;0.0
av_COFFEE_d11;20300;ASH_COATED_OSMIUM;9941;12;9937;22;;;9947;16;9951;23;;;9944.0;0.0
av_COFFEE_d11;20300;INTARIAN_PEPPER_ROOT;10006;20;10004;19;;;10012;13;10014;25;;;10009.0;0.0
av_COFFEE_d11;20400;ASH_COATED_OSMIUM;9937;20;9934;17;;;9952;17;9955;23;;;9944.5;0.0
av_COFFEE_d11;20400;INTARIAN_PEPPER_ROOT;10005;12;10003;17;;;10016;22;10018;16;;;10010.5;0.0
av_COFFEE_d11;20500;ASH_COATED_OSMIUM;9939;6;9935;18;;;9950;13;9954;26;;;9944.5;0.0
av_COFFEE_d11;20500;INTARIAN_PEPPER_ROOT;10004;18;10002;27;;;10015;14;10019;13;;;10009.5;0.0
av_COFFEE_d11;20600;ASH_COATED_OSMIUM;9940;18;9937;24;;;9949;10;9952;20;;;9944.5;0.0
av_COFFEE_d11;20600;INTARIAN_PEPPER_ROOT;10007;15;10005;15;;;10013;13;10017;19;;;10010.0;0.0
av_COFFEE_d11;20700;ASH_COATED_OSMIUM;9942;12;9938;21;;;9948;16;9951;18;;;9945.0;0.0
av_COFFEE_d11;20700;INTARIAN_PEPPER_ROOT;10008;21;10004;25;;;10014;14;10018;15;;;10011.0;0.0
av_COFFEE_d11;20800;ASH_COATED_OSMIUM;9942;9;9939;11;;;9948;5;9951;19;;;9945.0;0.0
av_COFFEE_d11;20800;INTARIAN_PEPPER_ROOT;10008;9;10005;15;;;10015;14;10018;10;;;10011.5;0.0
av_COFFEE_d11;20900;ASH_COATED_OSMIUM;9939;10;9937;26;;;9950;16;9952;20;;;9944.5;0.0
av_COFFEE_d11;20900;INTARIAN_PEPPER_ROOT;10008;18;10006;25;;;10014;10;10017;22;;;10011.0;0.0
av_COFFEE_d11;21000;ASH_COATED_OSMIUM;9937;17;9934;24;;;9952;13;9955;16;;;9944.5;0.0
av_COFFEE_d11;21000;INTARIAN_PEPPER_ROOT;10008;19;10006;27;;;10015;14;10019;21;;;10011.5;0.0
av_COFFEE_d11;21100;ASH_COATED_OSMIUM;9942;5;9939;27;;;9949;16;9953;18;;;9945.5;0.0
av_COFFEE_d11;21100;INTARIAN_PEPPER_ROOT;10002;21;9999;22;;;10022;25;10025;13;;;10012.0;0.0
av_COFFEE_d11;21200;ASH_COATED_OSMIUM;9942;15;9938;17;;;9949;11;9952;24;;;9945.5;0.0
av_COFFEE_d11;21200;INTARIAN_PEPPER_ROOT;10007;20;10003;23;;;10018;20;10022;19;;;10012.5;0.0
av_COFFEE_d11;21300;ASH_COATED_OSMIUM;9941;18;9937;12;;;9951;14;9953;17;;;9946.0;0.0
av_COFFEE_d11;21300;INTARIAN_PEPPER_ROOT;10005;9;10003;17;;;10019;14;10022;16;;;10012.0;0.0
av_COFFEE_d11;21400;ASH_COATED_OSMIUM;9943;10;9939;22;;;9949;15;9952;13;;;9946.0;0.0
av_COFFEE_d11;21400;INTARIAN_PEPPER_ROOT;10010;9;10008;20;;;10016;13;10019;32;;;10013.0;0.0
av_COFFEE_d11;21500;ASH_COATED_OSMIUM;9942;14;9940;17;;;9951;16;9953;19;;;9946.5;0.0
av_COFFEE_d11;21500;INTARIAN_PEPPER_ROOT;10010;24;10006;22;;;10016;19;10019;21;;;10013.0;0.0
av_COFFEE_d11;21600;ASH_COATED_OSMIUM;9943;19;9940;34;;;9949;16;9953;19;;;9946.0;0.0
av_COFFEE_d11;21600;INTARIAN_PEPPER_ROOT;10011;23;10009;20;;;10017;7;10021;22;;;10014.0;0.0
av_COFFEE_d11;21700;ASH_COATED_OSMIUM;9944;12;9940;9;;;9950;9;9954;28;;;9947.0;0.0
av_COFFEE_d11;21700;INTARIAN_PEPPER_ROOT;10011;14;10009;20;;;10017;13;10019;10;;;10014.0;0.0
av_COFFEE_d11;21800;ASH_COATED_OSMIUM;9940;14;9936;12;;;9955;16;9959;24;;;9947.5;0.0
av_COFFEE_d11;21800;INTARIAN_PEPPER_ROOT;10011;10;10007;26;;;10017;16;10020;15;;;10014.0;0.0
av_COFFEE_d11;21900;ASH_COATED_OSMIUM;9942;28;9940;29;;;9952;9;9956;13;;;9947.0;0.0
av_COFFEE_d11;21900;INTARIAN_PEPPER_ROOT;10011;12;10007;17;;;10017;17;10019;16;;;10014.0;0.0
av_COFFEE_d11;22000;ASH_COATED_OSMIUM;9942;6;9938;18;;;9953;15;9955;22;;;9947.5;0.0
av_COFFEE_d11;22000;INTARIAN_PEPPER_ROOT;10007;12;10003;19;;;10022;19;10024;8;;;10014.5;0.0
av_COFFEE_d11;22100;ASH_COATED_OSMIUM;9944;19;9941;35;;;9950;11;9952;27;;;9947.0;0.0
av_COFFEE_d11;22100;INTARIAN_PEPPER_ROOT;10012;15;10009;22;;;10018;8;10021;24;;;10015.0;0.0
av_COFFEE_d11;22200;ASH_COATED_OSMIUM;9942;17;9940;20;;;9954;9;9957;24;;;9948.0;0.0
av_COFFEE_d11;22200;INTARIAN_PEPPER_ROOT;10012;14;10009;25;;;10018;15;10020;29;;;10015.0;0.0
av_COFFEE_d11;22300;ASH_COATED_OSMIUM;9945;14;9943;14;;;9951;10;9955;26;;;9948.0;0.0
av_COFFEE_d11;22300;INTARIAN_PEPPER_ROOT;10012;14;10010;18;;;10018;20;10021;17;;;10015.0;0.0
av_COFFEE_d11;22400;ASH_COATED_OSMIUM;9945;14;9941;18;;;9951;12;9953;20;;;9948.0;0.0
av_COFFEE_d11;22400;INTARIAN_PEPPER_ROOT;10013;8;10009;21;;;10019;16;10023;26;;;10016.0;0.0
av_COFFEE_d11;22500;ASH_COATED_OSMIUM;9944;8;9941;9;;;9952;5;9954;22;;;9948.0;0.0
av_COFFEE_d11;22500;INTARIAN_PEPPER_ROOT;10013;12;10011;31;;;10019;14;10022;21;;;10016.0;0.0
av_COFFEE_d11;22600;ASH_COATED_OSMIUM;9941;26;9938;19;;;9955;11;9958;22;;;9948.0;0.0
av_COFFEE_d11;22600;INTARIAN_PEPPER_ROOT;10011;21;10007;17;;;10021;17;10025;13;;;10016.0;0.0
av_COFFEE_d11;22700;ASH_COATED_OSMIUM;9945;8;9942;26;;;9951;14;9955;17;;;9948.0;0.0
av_COFFEE_d11;22700;INTARIAN_PEPPER_ROOT;10003;11;10001;15;;;10030;17;10034;22;;;10016.5;0.0
av_COFFEE_d11;22800;ASH_COATED_OSMIUM;9946;12;9944;17;;;9952;11;9955;16;;;9949.0;0.0
av_COFFEE_d11;22800;INTARIAN_PEPPER_ROOT;10014;22;10011;23;;;10020;13;10024;16;;;10017.0;0.0
av_COFFEE_d11;22900;ASH_COATED_OSMIUM;9944;9;9941;20;;;9954;8;9958;15;;;9949.0;0.0
av_COFFEE_d11;22900;INTARIAN_PEPPER_ROOT;10014;9;10012;17;;;10020;12;10022;23;;;10017.0;0.0
av_COFFEE_d11;23000;ASH_COATED_OSMIUM;9936;15;9934;20;;;9961;12;9964;27;;;9948.5;0.0
av_COFFEE_d11;23000;INTARIAN_PEPPER_ROOT;10015;15;10013;14;;;10021;16;10025;19;;;10018.0;0.0
av_COFFEE_d11;23100;ASH_COATED_OSMIUM;9946;16;9942;18;;;9952;18;9954;21;;;9949.0;0.0
av_COFFEE_d11;23100;INTARIAN_PEPPER_ROOT;10009;12;10006;18;;;10029;17;10031;12;;;10019.0;0.0
av_COFFEE_d11;23200;ASH_COATED_OSMIUM;9946;17;9942;10;;;9952;15;9956;26;;;9949.0;0.0
av_COFFEE_d11;23200;INTARIAN_PEPPER_ROOT;10006;13;10003;26;;;10031;8;10034;22;;;10018.5;0.0
av_COFFEE_d11;23300;ASH_COATED_OSMIUM;9946;21;9942;8;;;9952;21;9955;18;;;9949.0;0.0
av_COFFEE_d11;23300;INTARIAN_PEPPER_ROOT;10013;7;10010;21;;;10024;21;10027;17;;;10018.5;0.0
av_COFFEE_d11;23400;ASH_COATED_OSMIUM;9940;21;9936;11;;;9960;11;9962;18;;;9950.0;0.0
av_COFFEE_d11;23400;INTARIAN_PEPPER_ROOT;10016;16;10013;14;;;10022;5;10024;23;;;10019.0;0.0
av_COFFEE_d11;23500;ASH_COATED_OSMIUM;9944;11;9942;15;;;9956;21;9958;21;;;9950.0;0.0
av_COFFEE_d11;23500;INTARIAN_PEPPER_ROOT;10017;16;10014;24;;;10023;10;10025;12;;;10020.0;0.0
av_COFFEE_d11;23600;ASH_COATED_OSMIUM;9945;10;9941;14;;;9955;20;9958;15;;;9950.0;0.0
av_COFFEE_d11;23600;INTARIAN_PEPPER_ROOT;10017;7;10014;16;;;10023;11;10026;21;;;10020.0;0.0
av_COFFEE_d11;23700;ASH_COATED_OSMIUM;9947;9;9945;18;;;9953;15;9957;29;;;9950.0;0.0
av_COFFEE_d11;23700;INTARIAN_PEPPER_ROOT;10015;21;10013;17;;;10024;25;10026;14;;;10019.5;0.0
av_COFFEE_d11;23800;ASH_COATED_OSMIUM;9947;19;9945;29;;;9953;22;9957;16;;;9950.0;0.0
av_COFFEE_d11;23800;INTARIAN_PEPPER_ROOT;10017;22;10015;22;;;10023;17;10026;17;;;10020.0;0.0
av_COFFEE_d11;23900;ASH_COATED_OSMIUM;9947;9;9945;14;;;9953;10;9957;23;;;9950.0;0.0
av_COFFEE_d11;23900;INTARIAN_PEPPER_ROOT;10017;21;10013;17;;;10023;9;10025;17;;;10020.0;0.0
av_COFFEE_d11;24000;ASH_COATED_OSMIUM;9948;17;9946;13;;;9954;16;9958;11;;;9951.0;0.0
av_COFFEE_d11;24000;INTARIAN_PEPPER_ROOT;10009;8;10006;11;;;10034;5;10038;19;;;10021.5;0.0
av_COFFEE_d11;24100;ASH_COATED_OSMIUM;9948;8;9944;12;;;9954;17;9958;24;;;9951.0;0.0
av_COFFEE_d11;24100;INTARIAN_PEPPER_ROOT;10018;16;10016;19;;;10024;22;10027;23;;;10021.0;0.0
av_COFFEE_d11;24200;ASH_COATED_OSMIUM;9943;21;9939;14;;;9958;15;9960;23;;;9950.5;0.0
av_COFFEE_d11;24200;INTARIAN_PEPPER_ROOT;10017;15;10015;15;;;10026;13;10029;28;;;10021.5;0.0
av_COFFEE_d11;24300;ASH_COATED_OSMIUM;9949;15;9945;21;;;9955;17;9958;21;;;9952.0;0.0
av_COFFEE_d11;24300;INTARIAN_PEPPER_ROOT;10018;7;10015;19;;;10024;7;10026;21;;;10021.0;0.0
av_COFFEE_d11;24400;ASH_COATED_OSMIUM;9941;14;9939;24;;;9962;14;9965;20;;;9951.5;0.0
av_COFFEE_d11;24400;INTARIAN_PEPPER_ROOT;10005;25;10002;11;;;10039;15;10041;25;;;10022.0;0.0
av_COFFEE_d11;24500;ASH_COATED_OSMIUM;9948;20;9944;23;;;9954;19;9958;23;;;9951.0;0.0
av_COFFEE_d11;24500;INTARIAN_PEPPER_ROOT;10019;19;10017;13;;;10025;9;10027;22;;;10022.0;0.0
av_COFFEE_d11;24600;ASH_COATED_OSMIUM;9948;14;9946;22;;;9954;14;9956;21;;;9951.0;0.0
av_COFFEE_d11;24600;INTARIAN_PEPPER_ROOT;10019;14;10017;17;;;10026;12;10030;24;;;10022.5;0.0
av_COFFEE_d11;24700;ASH_COATED_OSMIUM;9949;14;9946;20;;;9955;19;9957;14;;;9952.0;0.0
av_COFFEE_d11;24700;INTARIAN_PEPPER_ROOT;10019;17;10015;18;;;10025;18;10027;14;;;10022.0;0.0
av_COFFEE_d11;24800;ASH_COATED_OSMIUM;9949;17;9945;20;;;9957;12;9961;20;;;9953.0;0.0
av_COFFEE_d11;24800;INTARIAN_PEPPER_ROOT;10020;18;10018;16;;;10026;15;10029;9;;;10023.0;0.0
av_COFFEE_d11;24900;ASH_COATED_OSMIUM;9949;22;9945;25;;;9955;9;9957;14;;;9952.0;0.0
av_COFFEE_d11;24900;INTARIAN_PEPPER_ROOT;10020;20;10018;16;;;10026;16;10028;12;;;10023.0;0.0
av_COFFEE_d11;25000;ASH_COATED_OSMIUM;9950;21;9948;17;;;9956;25;9958;20;;;9953.0;0.0
av_COFFEE_d11;25000;INTARIAN_PEPPER_ROOT;10018;5;10015;18;;;10030;14;10032;17;;;10024.0;0.0
av_COFFEE_d11;25100;ASH_COATED_OSMIUM;9945;30;9941;21;;;9960;17;9962;8;;;9952.5;0.0
av_COFFEE_d11;25100;INTARIAN_PEPPER_ROOT;10021;7;10019;15;;;10027;13;10030;22;;;10024.0;0.0
av_COFFEE_d11;25200;ASH_COATED_OSMIUM;9950;12;9946;19;;;9956;9;9959;10;;;9953.0;0.0
av_COFFEE_d11;25200;INTARIAN_PEPPER_ROOT;10021;15;10019;26;;;10027;8;10030;17;;;10024.0;0.0
av_COFFEE_d11;25300;ASH_COATED_OSMIUM;9940;21;9938;21;;;9967;14;9969;15;;;9953.5;0.0
av_COFFEE_d11;25300;INTARIAN_PEPPER_ROOT;10022;8;10019;19;;;10028;11;10031;19;;;10025.0;0.0
av_COFFEE_d11;25400;ASH_COATED_OSMIUM;9950;22;9946;17;;;9957;20;9959;21;;;9953.5;0.0
av_COFFEE_d11;25400;INTARIAN_PEPPER_ROOT;10021;12;10017;21;;;10028;21;10031;16;;;10024.5;0.0
av_COFFEE_d11;25500;ASH_COATED_OSMIUM;9950;24;9946;11;;;9956;17;9960;27;;;9953.0;0.0
av_COFFEE_d11;25500;INTARIAN_PEPPER_ROOT;10022;7;10020;14;;;10028;17;10031;23;;;10025.0;0.0
av_COFFEE_d11;25600;ASH_COATED_OSMIUM;9950;14;9948;17;;;9956;21;9960;18;;;9953.0;0.0
av_COFFEE_d11;25600;INTARIAN_PEPPER_ROOT;10022;13;10018;23;;;10030;13;10032;25;;;10026.0;0.0
av_COFFEE_d11;25700;ASH_COATED_OSMIUM;9951;17;9947;26;;;9957;14;9960;20;;;9954.0;0.0
av_COFFEE_d11;25700;INTARIAN_PEPPER_ROOT;10023;15;10019;25;;;10029;19;10033;17;;;10026.0;0.0
av_COFFEE_d11;25800;ASH_COATED_OSMIUM;9942;25;9939;20;;;9966;7;9968;18;;;9954.0;0.0
av_COFFEE_d11;25800;INTARIAN_PEPPER_ROOT;10023;19;10021;24;;;10029;6;10032;19;;;10026.0;0.0
av_COFFEE_d11;25900;ASH_COATED_OSMIUM;9950;17;9946;31;;;9958;18;9961;26;;;9954.0;0.0
av_COFFEE_d11;25900;INTARIAN_PEPPER_ROOT;10023;22;10019;26;;;10029;22;10031;16;;;10026.0;0.0
av_COFFEE_d11;26000;ASH_COATED_OSMIUM;9947;22;9945;13;;;9962;16;9966;18;;;9954.5;0.0
av_COFFEE_d11;26000;INTARIAN_PEPPER_ROOT;10024;19;10021;24;;;10030;10;10032;16;;;10027.0;0.0
av_COFFEE_d11;26100;ASH_COATED_OSMIUM;9944;15;9940;16;;;9965;5;9968;11;;;9954.5;0.0
av_COFFEE_d11;26100;INTARIAN_PEPPER_ROOT;10022;14;10020;14;;;10030;19;10032;20;;;10026.0;0.0
av_COFFEE_d11;26200;ASH_COATED_OSMIUM;9952;16;9950;18;;;9958;15;9961;10;;;9955.0;0.0
av_COFFEE_d11;26200;INTARIAN_PEPPER_ROOT;10024;5;10021;14;;;10030;21;10034;16;;;10027.0;0.0
av_COFFEE_d11;26300;ASH_COATED_OSMIUM;9952;5;9950;24;;;9959;23;9963;20;;;9955.5;0.0
av_COFFEE_d11;26300;INTARIAN_PEPPER_ROOT;10024;16;10020;22;;;10030;13;10032;18;;;10027.0;0.0
av_COFFEE_d11;26400;ASH_COATED_OSMIUM;9933;21;9931;21;;;9978;15;9981;12;;;9955.5;0.0
av_COFFEE_d11;26400;INTARIAN_PEPPER_ROOT;10023;19;10019;23;;;10032;12;10036;16;;;10027.5;0.0
av_COFFEE_d11;26500;ASH_COATED_OSMIUM;9951;20;9948;24;;;9960;14;9962;26;;;9955.5;0.0
av_COFFEE_d11;26500;INTARIAN_PEPPER_ROOT;10025;13;10022;11;;;10031;15;10034;21;;;10028.0;0.0
av_COFFEE_d11;26600;ASH_COATED_OSMIUM;9953;10;9949;21;;;9959;7;9963;28;;;9956.0;0.0
av_COFFEE_d11;26600;INTARIAN_PEPPER_ROOT;10025;18;10022;16;;;10031;15;10034;17;;;10028.0;0.0
av_COFFEE_d11;26700;ASH_COATED_OSMIUM;9948;24;9945;20;;;9963;23;9965;14;;;9955.5;0.0
av_COFFEE_d11;26700;INTARIAN_PEPPER_ROOT;10026;16;10022;15;;;10032;13;10035;12;;;10029.0;0.0
av_COFFEE_d11;26800;ASH_COATED_OSMIUM;9953;6;9950;22;;;9959;21;9963;15;;;9956.0;0.0
av_COFFEE_d11;26800;INTARIAN_PEPPER_ROOT;10026;14;10022;17;;;10032;14;10034;20;;;10029.0;0.0
av_COFFEE_d11;26900;ASH_COATED_OSMIUM;9953;11;9949;23;;;9959;21;9963;23;;;9956.0;0.0
av_COFFEE_d11;26900;INTARIAN_PEPPER_ROOT;10026;13;10023;24;;;10032;7;10035;21;;;10029.0;0.0
av_COFFEE_d11;27000;ASH_COATED_OSMIUM;9953;12;9949;11;;;9959;14;9963;21;;;9956.0;0.0
av_COFFEE_d11;27000;INTARIAN_PEPPER_ROOT;10027;17;10025;26;;;10033;16;10036;22;;;10030.0;0.0
av_COFFEE_d11;27100;ASH_COATED_OSMIUM;9953;6;9949;22;;;9961;17;9964;18;;;9957.0;0.0
av_COFFEE_d11;27100;INTARIAN_PEPPER_ROOT;10027;19;10025;11;;;10033;10;10036;19;;;10030.0;0.0
av_COFFEE_d11;27200;ASH_COATED_OSMIUM;9954;11;9950;22;;;9960;22;9964;16;;;9957.0;0.0
av_COFFEE_d11;27200;INTARIAN_PEPPER_ROOT;10027;9;10025;19;;;10033;16;10036;19;;;10030.0;0.0
av_COFFEE_d11;27300;ASH_COATED_OSMIUM;9947;12;9944;15;;;9966;14;9970;19;;;9956.5;0.0
av_COFFEE_d11;27300;INTARIAN_PEPPER_ROOT;10027;22;10025;16;;;10034;9;10038;18;;;10030.5;0.0
av_COFFEE_d11;27400;ASH_COATED_OSMIUM;9954;19;9952;22;;;9960;5;9962;29;;;9957.0;0.0
av_COFFEE_d11;27400;INTARIAN_PEPPER_ROOT;10028;20;10025;15;;;10034;25;10038;29;;;10031.0;0.0
av_COFFEE_d11;27500;ASH_COATED_OSMIUM;9953;12;9949;28;;;9959;15;9963;26;;;9956.0;0.0
av_COFFEE_d11;27500;INTARIAN_PEPPER_ROOT;10020;23;10016;19;;;10042;12;10044;24;;;10031.0;0.0
av_COFFEE_d11;27600;ASH_COATED_OSMIUM;9954;19;9952;10;;;9960;5;9962;20;;;9957.0;0.0
av_COFFEE_d11;27600;INTARIAN_PEPPER_ROOT;10023;17;10020;26;;;10039;13;10041;16;;;10031.0;0.0
av_COFFEE_d11;27700;ASH_COATED_OSMIUM;9947;12;9943;22;;;9968;16;9972;16;;;9957.5;0.0
av_COFFEE_d11;27700;INTARIAN_PEPPER_ROOT;10025;13;10023;23;;;10038;16;10042;17;;;10031.5;0.0
av_COFFEE_d11;27800;ASH_COATED_OSMIUM;9952;10;9948;23;;;9963;23;9965;19;;;9957.5;0.0
av_COFFEE_d11;27800;INTARIAN_PEPPER_ROOT;10017;15;10014;20;;;10048;11;10051;23;;;10032.5;0.0
av_COFFEE_d11;27900;ASH_COATED_OSMIUM;9955;23;9952;17;;;9961;18;9965;18;;;9958.0;0.0
av_COFFEE_d11;27900;INTARIAN_PEPPER_ROOT;10030;15;10027;19;;;10036;22;10038;18;;;10033.0;0.0
av_COFFEE_d11;28000;ASH_COATED_OSMIUM;9955;17;9952;21;;;9961;9;9964;19;;;9958.0;0.0
av_COFFEE_d11;28000;INTARIAN_PEPPER_ROOT;10030;20;10028;22;;;10036;20;10040;20;;;10033.0;0.0
av_COFFEE_d11;28100;ASH_COATED_OSMIUM;9950;23;9948;12;;;9967;10;9969;8;;;9958.5;0.0
av_COFFEE_d11;28100;INTARIAN_PEPPER_ROOT;10030;14;10027;20;;;10036;13;10039;31;;;10033.0;0.0
av_COFFEE_d11;28200;ASH_COATED_OSMIUM;9953;12;9950;12;;;9963;15;9967;23;;;9958.0;0.0
av_COFFEE_d11;28200;INTARIAN_PEPPER_ROOT;10031;7;10027;18;;;10037;12;10041;20;;;10034.0;0.0
av_COFFEE_d11;28300;ASH_COATED_OSMIUM;9955;20;9951;23;;;9961;11;9965;23;;;9958.0;0.0
av_COFFEE_d11;28300;INTARIAN_PEPPER_ROOT;10031;18;10027;20;;;10037;13;10040;22;;;10034.0;0.0
av_COFFEE_d11;28400;ASH_COATED_OSMIUM;9952;17;9948;22;;;9965;5;9967;16;;;9958.5;0.0
av_COFFEE_d11;28400;INTARIAN_PEPPER_ROOT;10031;18;10028;18;;;10037;16;10040;14;;;10034.0;0.0
av_COFFEE_d11;28500;ASH_COATED_OSMIUM;9956;11;9953;8;;;9962;13;9964;15;;;9959.0;0.0
av_COFFEE_d11;28500;INTARIAN_PEPPER_ROOT;10031;14;10027;9;;;10037;16;10039;16;;;10034.0;0.0
av_COFFEE_d11;28600;ASH_COATED_OSMIUM;9956;14;9953;20;;;9962;19;9964;17;;;9959.0;0.0
av_COFFEE_d11;28600;INTARIAN_PEPPER_ROOT;10032;19;10029;8;;;10038;15;10042;26;;;10035.0;0.0
av_COFFEE_d11;28700;ASH_COATED_OSMIUM;9956;16;9954;12;;;9962;16;9965;22;;;9959.0;0.0
av_COFFEE_d11;28700;INTARIAN_PEPPER_ROOT;10031;15;10027;9;;;10038;20;10040;23;;;10034.5;0.0
av_COFFEE_d11;28800;ASH_COATED_OSMIUM;9953;19;9950;27;;;9968;17;9972;22;;;9960.5;0.0
av_COFFEE_d11;28800;INTARIAN_PEPPER_ROOT;10032;16;10030;21;;;10038;9;10041;24;;;10035.0;0.0
av_COFFEE_d11;28900;ASH_COATED_OSMIUM;9957;15;9955;14;;;9963;10;9966;24;;;9960.0;0.0
av_COFFEE_d11;28900;INTARIAN_PEPPER_ROOT;10032;18;10030;14;;;10038;14;10040;24;;;10035.0;0.0
av_COFFEE_d11;29000;ASH_COATED_OSMIUM;9955;8;9953;10;;;9966;18;9969;24;;;9960.5;0.0
av_COFFEE_d11;29000;INTARIAN_PEPPER_ROOT;10028;15;10025;22;;;10042;13;10045;15;;;10035.0;0.0
av_COFFEE_d11;29100;ASH_COATED_OSMIUM;9950;13;9948;26;;;9970;8;9974;20;;;9960.0;0.0
av_COFFEE_d11;29100;INTARIAN_PEPPER_ROOT;10033;16;10029;11;;;10039;8;10042;23;;;10036.0;0.0
av_COFFEE_d11;29200;ASH_COATED_OSMIUM;9947;18;9944;25;;;9974;23;9978;24;;;9960.5;0.0
av_COFFEE_d11;29200;INTARIAN_PEPPER_ROOT;10033;17;10029;27;;;10039;19;10041;13;;;10036.0;0.0
av_COFFEE_d11;29300;ASH_COATED_OSMIUM;9957;5;9953;22;;;9963;23;9965;20;;;9960.0;0.0
av_COFFEE_d11;29300;INTARIAN_PEPPER_ROOT;10034;14;10031;13;;;10040;15;10043;28;;;10037.0;0.0
av_COFFEE_d11;29400;ASH_COATED_OSMIUM;9957;9;9953;21;;;9965;11;9967;28;;;9961.0;0.0
av_COFFEE_d11;29400;INTARIAN_PEPPER_ROOT;10034;22;10032;25;;;10040;18;10043;14;;;10037.0;0.0
av_COFFEE_d11;29500;ASH_COATED_OSMIUM;9958;11;9956;21;;;9964;16;9967;25;;;9961.0;0.0
av_COFFEE_d11;29500;INTARIAN_PEPPER_ROOT;10034;15;10030;21;;;10040;8;10042;14;;;10037.0;0.0
av_COFFEE_d11;29600;ASH_COATED_OSMIUM;9956;20;9953;23;;;9967;13;9970;20;;;9961.5;0.0
av_COFFEE_d11;29600;INTARIAN_PEPPER_ROOT;10034;15;10032;25;;;10040;13;10043;16;;;10037.0;0.0
av_COFFEE_d11;29700;ASH_COATED_OSMIUM;9954;20;9950;22;;;9968;16;9971;10;;;9961.0;0.0
av_COFFEE_d11;29700;INTARIAN_PEPPER_ROOT;10035;18;10033;26;;;10041;9;10043;26;;;10038.0;0.0
av_COFFEE_d11;29800;ASH_COATED_OSMIUM;9958;20;9954;16;;;9964;12;9966;14;;;9961.0;0.0
av_COFFEE_d11;29800;INTARIAN_PEPPER_ROOT;10029;6;10026;20;;;10047;12;10050;27;;;10038.0;0.0
av_COFFEE_d11;29900;ASH_COATED_OSMIUM;9938;19;9936;17;;;9986;15;9990;20;;;9962.0;0.0
av_COFFEE_d11;29900;INTARIAN_PEPPER_ROOT;10029;19;10026;25;;;10047;16;10051;14;;;10038.0;0.0
av_COFFEE_d11;30000;ASH_COATED_OSMIUM;9955;13;9953;15;;;9969;13;9972;19;;;9962.0;0.0
av_COFFEE_d11;30000;INTARIAN_PEPPER_ROOT;10036;21;10033;19;;;10042;10;10044;16;;;10039.0;0.0
av_COFFEE_d11;30100;ASH_COATED_OSMIUM;9959;15;9957;18;;;9965;14;9968;16;;;9962.0;0.0
av_COFFEE_d11;30100;INTARIAN_PEPPER_ROOT;10036;10;10033;14;;;10042;6;10045;20;;;10039.0;0.0
av_COFFEE_d11;30200;ASH_COATED_OSMIUM;9959;13;9957;25;;;9965;23;9969;15;;;9962.0;0.0
av_COFFEE_d11;30200;INTARIAN_PEPPER_ROOT;10036;8;10034;21;;;10042;9;10046;19;;;10039.0;0.0
av_COFFEE_d11;30300;ASH_COATED_OSMIUM;9958;17;9956;19;;;9966;17;9968;12;;;9962.0;0.0
av_COFFEE_d11;30300;INTARIAN_PEPPER_ROOT;10036;21;10032;24;;;10044;17;10046;21;;;10040.0;0.0
av_COFFEE_d11;30400;ASH_COATED_OSMIUM;9956;23;9954;27;;;9971;13;9974;21;;;9963.5;0.0
av_COFFEE_d11;30400;INTARIAN_PEPPER_ROOT;10037;18;10033;22;;;10043;24;10045;16;;;10040.0;0.0
av_COFFEE_d11;30500;ASH_COATED_OSMIUM;9960;15;9956;21;;;9966;12;9970;20;;;9963.0;0.0
av_COFFEE_d11;30500;INTARIAN_PEPPER_ROOT;10037;13;10034;24;;;10043;21;10046;15;;;10040.0;0.0
av_COFFEE_d11;30600;ASH_COATED_OSMIUM;9960;19;9956;14;;;9966;14;9970;24;;;9963.0;0.0
av_COFFEE_d11;30600;INTARIAN_PEPPER_ROOT;10038;15;10034;22;;;10044;12;10047;22;;;10041.0;0.0
av_COFFEE_d11;30700;ASH_COATED_OSMIUM;9959;5;9956;20;;;9967;19;9971;14;;;9963.0;0.0
av_COFFEE_d11;30700;INTARIAN_PEPPER_ROOT;10038;10;10036;25;;;10044;23;10048;17;;;10041.0;0.0
av_COFFEE_d11;30800;ASH_COATED_OSMIUM;9956;14;9952;24;;;9969;5;9971;20;;;9962.5;0.0
av_COFFEE_d11;30800;INTARIAN_PEPPER_ROOT;10028;15;10024;19;;;10055;27;10058;22;;;10041.5;0.0
av_COFFEE_d11;30900;ASH_COATED_OSMIUM;9961;17;9957;21;;;9967;15;9970;22;;;9964.0;0.0
av_COFFEE_d11;30900;INTARIAN_PEPPER_ROOT;10038;18;10035;21;;;10044;23;10047;14;;;10041.0;0.0
av_COFFEE_d11;31000;ASH_COATED_OSMIUM;9961;12;9957;24;;;9967;20;9969;22;;;9964.0;0.0
av_COFFEE_d11;31000;INTARIAN_PEPPER_ROOT;10037;14;10033;17;;;10046;16;10049;21;;;10041.5;0.0
av_COFFEE_d11;31100;ASH_COATED_OSMIUM;9961;22;9959;25;;;9967;12;9969;19;;;9964.0;0.0
av_COFFEE_d11;31100;INTARIAN_PEPPER_ROOT;10039;12;10035;20;;;10045;14;10047;23;;;10042.0;0.0
av_COFFEE_d11;31200;ASH_COATED_OSMIUM;9961;16;9957;18;;;9967;20;9970;22;;;9964.0;0.0
av_COFFEE_d11;31200;INTARIAN_PEPPER_ROOT;10027;5;10023;23;;;10057;14;10060;18;;;10042.0;0.0
av_COFFEE_d11;31300;ASH_COATED_OSMIUM;9958;21;9954;28;;;9971;20;9974;15;;;9964.5;0.0
av_COFFEE_d11;31300;INTARIAN_PEPPER_ROOT;10040;14;10038;25;;;10046;20;10050;15;;;10043.0;0.0
av_COFFEE_d11;31400;ASH_COATED_OSMIUM;9959;16;9956;14;;;9970;15;9973;14;;;9964.5;0.0
av_COFFEE_d11;31400;INTARIAN_PEPPER_ROOT;10035;15;10033;26;;;10051;12;10053;21;;;10043.0;0.0
av_COFFEE_d11;31500;ASH_COATED_OSMIUM;9961;17;9957;14;;;9968;13;9972;26;;;9964.5;0.0
av_COFFEE_d11;31500;INTARIAN_PEPPER_ROOT;10037;27;10035;13;;;10049;6;10051;28;;;10043.0;0.0
av_COFFEE_d11;31600;ASH_COATED_OSMIUM;9962;21;9959;16;;;9968;18;9971;14;;;9965.0;0.0
av_COFFEE_d11;31600;INTARIAN_PEPPER_ROOT;10036;5;10033;20;;;10052;11;10055;16;;;10044.0;0.0
av_COFFEE_d11;31700;ASH_COATED_OSMIUM;9962;13;9959;20;;;9968;17;9970;25;;;9965.0;0.0
av_COFFEE_d11;31700;INTARIAN_PEPPER_ROOT;10041;15;10038;15;;;10047;5;10050;14;;;10044.0;0.0
av_COFFEE_d11;31800;ASH_COATED_OSMIUM;9962;13;9960;19;;;9968;15;9972;12;;;9965.0;0.0
av_COFFEE_d11;31800;INTARIAN_PEPPER_ROOT;10034;11;10030;22;;;10054;27;10057;22;;;10044.0;0.0
av_COFFEE_d11;31900;ASH_COATED_OSMIUM;9962;12;9960;26;;;9968;26;9970;24;;;9965.0;0.0
av_COFFEE_d11;31900;INTARIAN_PEPPER_ROOT;10042;14;10040;13;;;10048;18;10052;25;;;10045.0;0.0
av_COFFEE_d11;32000;ASH_COATED_OSMIUM;9962;14;9959;19;;;9968;16;9971;20;;;9965.0;0.0
av_COFFEE_d11;32000;INTARIAN_PEPPER_ROOT;10041;16;10038;14;;;10047;21;10051;27;;;10044.0;0.0
av_COFFEE_d11;32100;ASH_COATED_OSMIUM;9962;5;9958;15;;;9968;9;9971;18;;;9965.0;0.0
av_COFFEE_d11;32100;INTARIAN_PEPPER_ROOT;10034;13;10030;12;;;10056;25;10059;23;;;10045.0;0.0
av_COFFEE_d11;32200;ASH_COATED_OSMIUM;9963;20;9960;26;;;9969;7;9971;16;;;9966.0;0.0
av_COFFEE_d11;32200;INTARIAN_PEPPER_ROOT;10036;25;10033;22;;;10052;19;10054;19;;;10044.0;0.0
av_COFFEE_d11;32300;ASH_COATED_OSMIUM;9963;21;9961;21;;;9969;12;9972;22;;;9966.0;0.0
av_COFFEE_d11;32300;INTARIAN_PEPPER_ROOT;10043;30;10040;18;;;10049;20;10051;20;;;10046.0;0.0
av_COFFEE_d11;32400;ASH_COATED_OSMIUM;9959;5;9956;20;;;9975;24;9979;18;;;9967.0;0.0
av_COFFEE_d11;32400;INTARIAN_PEPPER_ROOT;10043;14;10040;25;;;10049;26;10052;23;;;10046.0;0.0
av_COFFEE_d11;32500;ASH_COATED_OSMIUM;9963;16;9959;20;;;9969;15;9972;28;;;9966.0;0.0
av_COFFEE_d11;32500;INTARIAN_PEPPER_ROOT;10042;13;10038;21;;;10050;12;10054;20;;;10046.0;0.0
av_COFFEE_d11;32600;ASH_COATED_OSMIUM;9954;19;9950;16;;;9980;14;9984;9;;;9967.0;0.0
av_COFFEE_d11;32600;INTARIAN_PEPPER_ROOT;10043;17;10039;16;;;10049;11;10051;16;;;10046.0;0.0
av_COFFEE_d11;32700;ASH_COATED_OSMIUM;9958;20;9956;27;;;9978;14;9982;22;;;9968.0;0.0
av_COFFEE_d11;32700;INTARIAN_PEPPER_ROOT;10044;10;10041;20;;;10050;14;10054;21;;;10047.0;0.0
av_COFFEE_d11;32800;ASH_COATED_OSMIUM;9964;19;9961;20;;;9970;23;9972;21;;;9967.0;0.0
av_COFFEE_d11;32800;INTARIAN_PEPPER_ROOT;10043;16;10041;14;;;10051;14;10054;12;;;10047.0;0.0
av_COFFEE_d11;32900;ASH_COATED_OSMIUM;9960;11;9958;18;;;9975;9;9979;15;;;9967.5;0.0
av_COFFEE_d11;32900;INTARIAN_PEPPER_ROOT;10036;14;10033;22;;;10060;18;10062;22;;;10048.0;0.0
av_COFFEE_d11;33000;ASH_COATED_OSMIUM;9964;6;9962;23;;;9970;16;9974;23;;;9967.0;0.0
av_COFFEE_d11;33000;INTARIAN_PEPPER_ROOT;10045;16;10042;20;;;10051;17;10053;15;;;10048.0;0.0
av_COFFEE_d11;33100;ASH_COATED_OSMIUM;9963;15;9959;20;;;9971;13;9974;19;;;9967.0;0.0
av_COFFEE_d11;33100;INTARIAN_PEPPER_ROOT;10043;11;10041;18;;;10053;13;10055;21;;;10048.0;0.0
av_COFFEE_d11;33200;ASH_COATED_OSMIUM;9965;6;9961;15;;;9971;12;9974;27;;;9968.0;0.0
av_COFFEE_d11;33200;INTARIAN_PEPPER_ROOT;10045;13;10041;27;;;10051;15;10053;17;;;10048.0;0.0
av_COFFEE_d11;33300;ASH_COATED_OSMIUM;9965;15;9962;19;;;9971;18;9973;21;;;9968.0;0.0
av_COFFEE_d11;33300;INTARIAN_PEPPER_ROOT;10046;17;10043;16;;;10052;13;10056;8;;;10049.0;0.0
av_COFFEE_d11;33400;ASH_COATED_OSMIUM;9965;13;9962;28;;;9971;19;9974;25;;;9968.0;0.0
av_COFFEE_d11;33400;INTARIAN_PEPPER_ROOT;10046;25;10044;23;;;10052;13;10054;9;;;10049.0;0.0
av_COFFEE_d11;33500;ASH_COATED_OSMIUM;9965;16;9963;19;;;9971;13;9975;13;;;9968.0;0.0
av_COFFEE_d11;33500;INTARIAN_PEPPER_ROOT;10046;5;10042;26;;;10052;21;10056;29;;;10049.0;0.0
av_COFFEE_d11;33600;ASH_COATED_OSMIUM;9965;13;9961;22;;;9971;10;9975;22;;;9968.0;0.0
av_COFFEE_d11;33600;INTARIAN_PEPPER_ROOT;10043;21;10041;19;;;10056;24;10058;18;;;10049.5;0.0
av_COFFEE_d11;33700;ASH_COATED_OSMIUM;9965;13;9961;11;;;9971;21;9974;24;;;9968.0;0.0
av_COFFEE_d11;33700;INTARIAN_PEPPER_ROOT;10047;15;10045;13;;;10053;12;10055;19;;;10050.0;0.0
av_COFFEE_d11;33800;ASH_COATED_OSMIUM;9961;11;9957;15;;;9978;11;9981;10;;;9969.5;0.0
av_COFFEE_d11;33800;INTARIAN_PEPPER_ROOT;10047;12;10045;27;;;10055;19;10058;21;;;10051.0;0.0
av_COFFEE_d11;33900;ASH_COATED_OSMIUM;9966;9;9963;15;;;9972;14;9974;17;;;9969.0;0.0
av_COFFEE_d11;33900;INTARIAN_PEPPER_ROOT;10046;17;10044;16;;;10055;16;10057;14;;;10050.5;0.0
av_COFFEE_d11;34000;ASH_COATED_OSMIUM;9962;12;9959;27;;;9976;23;9978;18;;;9969.0;0.0
av_COFFEE_d11;34000;INTARIAN_PEPPER_ROOT;10043;9;10041;10;;;10057;17;10060;21;;;10050.0;0.0
av_COFFEE_d11;34100;ASH_COATED_OSMIUM;9966;18;9962;18;;;9972;13;9976;14;;;9969.0;0.0
av_COFFEE_d11;34100;INTARIAN_PEPPER_ROOT;10042;14;10040;8;;;10057;10;10061;18;;;10049.5;0.0
av_COFFEE_d11;34200;ASH_COATED_OSMIUM;9956;18;9953;15;;;9982;7;9985;19;;;9969.0;0.0
av_COFFEE_d11;34200;INTARIAN_PEPPER_ROOT;10047;15;10043;17;;;10053;12;10056;20;;;10050.0;0.0
av_COFFEE_d11;34300;ASH_COATED_OSMIUM;9966;13;9964;17;;;9972;14;9976;18;;;9969.0;0.0
av_COFFEE_d11;34300;INTARIAN_PEPPER_ROOT;10045;21;10041;10;;;10054;15;10058;18;;;10049.5;0.0
av_COFFEE_d11;34400;ASH_COATED_OSMIUM;9966;21;9964;23;;;9972;18;9976;24;;;9969.0;0.0
av_COFFEE_d11;34400;INTARIAN_PEPPER_ROOT;10046;19;10043;29;;;10052;5;10054;10;;;10049.0;0.0
av_COFFEE_d11;34500;ASH_COATED_OSMIUM;9962;9;9960;24;;;9975;14;9977;22;;;9968.5;0.0
av_COFFEE_d11;34500;INTARIAN_PEPPER_ROOT;10046;12;10042;18;;;10052;16;10056;17;;;10049.0;0.0
av_COFFEE_d11;34600;ASH_COATED_OSMIUM;9965;17;9961;16;;;9971;15;9973;20;;;9968.0;0.0
av_COFFEE_d11;34600;INTARIAN_PEPPER_ROOT;10046;15;10042;22;;;10052;18;10055;14;;;10049.0;0.0
av_COFFEE_d11;34700;ASH_COATED_OSMIUM;9965;12;9961;22;;;9972;13;9975;27;;;9968.5;0.0
av_COFFEE_d11;34700;INTARIAN_PEPPER_ROOT;10046;11;10043;21;;;10052;15;10056;11;;;10049.0;0.0
av_COFFEE_d11;34800;ASH_COATED_OSMIUM;9965;16;9963;16;;;9971;12;9974;9;;;9968.0;0.0
av_COFFEE_d11;34800;INTARIAN_PEPPER_ROOT;10046;10;10043;23;;;10052;13;10056;19;;;10049.0;0.0
av_COFFEE_d11;34900;ASH_COATED_OSMIUM;9965;18;9963;26;;;9972;21;9976;16;;;9968.5;0.0
av_COFFEE_d11;34900;INTARIAN_PEPPER_ROOT;10039;5;10035;19;;;10058;12;10062;15;;;10048.5;0.0
av_COFFEE_d11;35000;ASH_COATED_OSMIUM;9966;10;9964;13;;;9972;16;9975;22;;;9969.0;0.0
av_COFFEE_d11;35000;INTARIAN_PEPPER_ROOT;10031;11;10028;14;;;10065;16;10067;22;;;10048.0;0.0
av_COFFEE_d11;35100;ASH_COATED_OSMIUM;9966;7;9964;21;;;9972;20;9975;23;;;9969.0;0.0
av_COFFEE_d11;35100;INTARIAN_PEPPER_ROOT;10045;7;10043;25;;;10051;22;10053;25;;;10048.0;0.0
av_COFFEE_d11;35200;ASH_COATED_OSMIUM;9958;9;9954;13;;;9978;5;9982;15;;;9968.0;0.0
av_COFFEE_d11;35200;INTARIAN_PEPPER_ROOT;10045;16;10041;24;;;10051;11;10055;21;;;10048.0;0.0
av_COFFEE_d11;35300;ASH_COATED_OSMIUM;9965;18;9962;8;;;9971;20;9975;15;;;9968.0;0.0
av_COFFEE_d11;35300;INTARIAN_PEPPER_ROOT;10045;16;10042;17;;;10051;13;10055;21;;;10048.0;0.0
av_COFFEE_d11;35400;ASH_COATED_OSMIUM;9958;11;9955;18;;;9979;12;9981;23;;;9968.5;0.0
av_COFFEE_d11;35400;INTARIAN_PEPPER_ROOT;10045;17;10043;18;;;10051;12;10055;16;;;10048.0;0.0
av_COFFEE_d11;35500;ASH_COATED_OSMIUM;9965;15;9962;18;;;9971;5;9973;18;;;9968.0;0.0
av_COFFEE_d11;35500;INTARIAN_PEPPER_ROOT;10044;17;10042;11;;;10050;20;10054;26;;;10047.0;0.0
av_COFFEE_d11;35600;ASH_COATED_OSMIUM;9965;16;9963;30;;;9971;9;9975;19;;;9968.0;0.0
av_COFFEE_d11;35600;INTARIAN_PEPPER_ROOT;10044;12;10041;23;;;10050;21;10052;28;;;10047.0;0.0
av_COFFEE_d11;35700;ASH_COATED_OSMIUM;9961;15;9959;22;;;9976;24;9978;20;;;9968.5;0.0
av_COFFEE_d11;35700;INTARIAN_PEPPER_ROOT;10044;12;10041;21;;;10050;18;10053;23;;;10047.0;0.0
av_COFFEE_d11;35800;ASH_COATED_OSMIUM;9959;20;9955;17;;;9978;6;9980;13;;;9968.5;0.0
av_COFFEE_d11;35800;INTARIAN_PEPPER_ROOT;10044;18;10042;25;;;10050;11;10053;19;;;10047.0;0.0
av_COFFEE_d11;35900;ASH_COATED_OSMIUM;9964;12;9960;20;;;9972;10;9976;23;;;9968.0;0.0
av_COFFEE_d11;35900;INTARIAN_PEPPER_ROOT;10043;22;10039;16;;;10049;5;10052;20;;;10046.0;0.0
av_COFFEE_d11;36000;ASH_COATED_OSMIUM;9959;19;9955;18;;;9977;15;9979;8;;;9968.0;0.0
av_COFFEE_d11;36000;INTARIAN_PEPPER_ROOT;10043;8;10040;16;;;10049;18;10053;27;;;10046.0;0.0
av_COFFEE_d11;36100;ASH_COATED_OSMIUM;9963;8;9960;23;;;9973;15;9975;18;;;9968.0;0.0
av_COFFEE_d11;36100;INTARIAN_PEPPER_ROOT;10043;8;10040;16;;;10049;18;10052;22;;;10046.0;0.0
av_COFFEE_d11;36200;ASH_COATED_OSMIUM;9965;17;9962;17;;;9971;8;9974;15;;;9968.0;0.0
av_COFFEE_d11;36200;INTARIAN_PEPPER_ROOT;10030;22;10028;18;;;10062;14;10064;23;;;10046.0;0.0
av_COFFEE_d11;36300;ASH_COATED_OSMIUM;9951;11;9949;21;;;9985;23;9989;10;;;9968.0;0.0
av_COFFEE_d11;36300;INTARIAN_PEPPER_ROOT;10038;10;10034;13;;;10052;18;10055;27;;;10045.0;0.0
av_COFFEE_d11;36400;ASH_COATED_OSMIUM;9965;7;9961;19;;;9971;5;9974;13;;;9968.0;0.0
av_COFFEE_d11;36400;INTARIAN_PEPPER_ROOT;10042;15;10039;19;;;10048;21;10051;17;;;10045.0;0.0
av_COFFEE_d11;36500;ASH_COATED_OSMIUM;9965;12;9961;15;;;9971;15;9973;18;;;9968.0;0.0
av_COFFEE_d11;36500;INTARIAN_PEPPER_ROOT;10042;13;10039;17;;;10048;19;10050;22;;;10045.0;0.0
av_COFFEE_d11;36600;ASH_COATED_OSMIUM;9960;14;9956;12;;;9975;10;9977;19;;;9967.5;0.0
av_COFFEE_d11;36600;INTARIAN_PEPPER_ROOT;10042;12;10039;25;;;10048;9;10050;15;;;10045.0;0.0
av_COFFEE_d11;36700;ASH_COATED_OSMIUM;9964;12;9961;21;;;9972;22;9975;13;;;9968.0;0.0
av_COFFEE_d11;36700;INTARIAN_PEPPER_ROOT;10039;9;10037;13;;;10050;14;10052;22;;;10044.5;0.0
av_COFFEE_d11;36800;ASH_COATED_OSMIUM;9958;18;9955;27;;;9978;19;9981;20;;;9968.0;0.0
av_COFFEE_d11;36800;INTARIAN_PEPPER_ROOT;10038;23;10036;23;;;10050;12;10053;19;;;10044.0;0.0
av_COFFEE_d11;36900;ASH_COATED_OSMIUM;9965;5;9961;10;;;9971;8;9975;19;;;9968.0;0.0
av_COFFEE_d11;36900;INTARIAN_PEPPER_ROOT;10041;13;10038;22;;;10047;5;10049;12;;;10044.0;0.0
av_COFFEE_d11;37000;ASH_COATED_OSMIUM;9965;17;9962;25;;;9971;20;9975;19;;;9968.0;0.0
av_COFFEE_d11;37000;INTARIAN_PEPPER_ROOT;10026;21;10024;20;;;10062;7;10065;12;;;10044.0;0.0
av_COFFEE_d11;37100;ASH_COATED_OSMIUM;9964;14;9960;19;;;9970;17;9973;14;;;9967.0;0.0
av_COFFEE_d11;37100;INTARIAN_PEPPER_ROOT;10041;21;10037;33;;;10047;19;10049;31;;;10044.0;0.0
av_COFFEE_d11;37200;ASH_COATED_OSMIUM;9965;21;9963;20;;;9971;10;9974;18;;;9968.0;0.0
av_COFFEE_d11;37200;INTARIAN_PEPPER_ROOT;10040;5;10036;23;;;10046;5;10049;17;;;10043.0;0.0
av_COFFEE_d11;37300;ASH_COATED_OSMIUM;9963;13;9959;23;;;9971;20;9973;20;;;9967.0;0.0
av_COFFEE_d11;37300;INTARIAN_PEPPER_ROOT;10040;24;10038;19;;;10046;15;10049;22;;;10043.0;0.0
av_COFFEE_d11;37400;ASH_COATED_OSMIUM;9962;17;9960;27;;;9973;22;9977;17;;;9967.5;0.0
av_COFFEE_d11;37400;INTARIAN_PEPPER_ROOT;10037;12;10034;21;;;10049;20;10052;10;;;10043.0;0.0
av_COFFEE_d11;37500;ASH_COATED_OSMIUM;9964;5;9960;18;;;9972;15;9975;22;;;9968.0;0.0
av_COFFEE_d11;37500;INTARIAN_PEPPER_ROOT;10039;18;10037;11;;;10046;5;10049;8;;;10042.5;0.0
av_COFFEE_d11;37600;ASH_COATED_OSMIUM;9964;9;9960;18;;;9970;17;9972;18;;;9967.0;0.0
av_COFFEE_d11;37600;INTARIAN_PEPPER_ROOT;10039;13;10035;26;;;10045;20;10049;16;;;10042.0;0.0
av_COFFEE_d11;37700;ASH_COATED_OSMIUM;9965;18;9961;16;;;9971;24;9974;18;;;9968.0;0.0
av_COFFEE_d11;37700;INTARIAN_PEPPER_ROOT;10038;17;10034;15;;;10047;20;10049;13;;;10042.5;0.0
av_COFFEE_d11;37800;ASH_COATED_OSMIUM;9965;7;9963;20;;;9971;12;9975;21;;;9968.0;0.0
av_COFFEE_d11;37800;INTARIAN_PEPPER_ROOT;10039;10;10036;22;;;10045;17;10047;16;;;10042.0;0.0
av_COFFEE_d11;37900;ASH_COATED_OSMIUM;9958;14;9954;25;;;9977;18;9981;19;;;9967.5;0.0
av_COFFEE_d11;37900;INTARIAN_PEPPER_ROOT;10039;17;10036;25;;;10045;9;10047;28;;;10042.0;0.0
av_COFFEE_d11;38000;ASH_COATED_OSMIUM;9964;14;9962;18;;;9970;10;9972;18;;;9967.0;0.0
av_COFFEE_d11;38000;INTARIAN_PEPPER_ROOT;10034;19;10030;15;;;10050;10;10054;22;;;10042.0;0.0
av_COFFEE_d11;38100;ASH_COATED_OSMIUM;9960;12;9957;14;;;9974;13;9978;28;;;9967.0;0.0
av_COFFEE_d11;38100;INTARIAN_PEPPER_ROOT;10039;21;10037;20;;;10045;8;10049;16;;;10042.0;0.0
av_COFFEE_d11;38200;ASH_COATED_OSMIUM;9964;16;9962;19;;;9970;9;9972;12;;;9967.0;0.0
av_COFFEE_d11;38200;INTARIAN_PEPPER_ROOT;10038;6;10036;12;;;10044;10;10046;16;;;10041.0;0.0
av_COFFEE_d11;38300;ASH_COATED_OSMIUM;9964;21;9961;18;;;9970;11;9973;17;;;9967.0;0.0
av_COFFEE_d11;38300;INTARIAN_PEPPER_ROOT;10037;9;10033;13;;;10046;16;10048;15;;;10041.5;0.0
av_COFFEE_d11;38400;ASH_COATED_OSMIUM;9964;14;9960;22;;;9970;10;9973;20;;;9967.0;0.0
av_COFFEE_d11;38400;INTARIAN_PEPPER_ROOT;10037;10;10033;18;;;10045;15;10047;21;;;10041.0;0.0
av_COFFEE_d11;38500;ASH_COATED_OSMIUM;9957;14;9953;14;;;9977;17;9981;10;;;9967.0;0.0
av_COFFEE_d11;38500;INTARIAN_PEPPER_ROOT;10038;5;10036;15;;;10044;21;10046;21;;;10041.0;0.0
av_COFFEE_d11;38600;ASH_COATED_OSMIUM;9964;11;9962;27;;;9970;15;9973;20;;;9967.0;0.0
av_COFFEE_d11;38600;INTARIAN_PEPPER_ROOT;10037;5;10033;19;;;10043;15;10045;34;;;10040.0;0.0
av_COFFEE_d11;38700;ASH_COATED_OSMIUM;9963;11;9961;13;;;9969;9;9971;19;;;9966.0;0.0
av_COFFEE_d11;38700;INTARIAN_PEPPER_ROOT;10033;18;10031;19;;;10048;13;10051;11;;;10040.5;0.0
av_COFFEE_d11;38800;ASH_COATED_OSMIUM;9964;24;9961;24;;;9970;11;9974;20;;;9967.0;0.0
av_COFFEE_d11;38800;INTARIAN_PEPPER_ROOT;10033;22;10030;15;;;10046;6;10049;22;;;10039.5;0.0
av_COFFEE_d11;38900;ASH_COATED_OSMIUM;9964;17;9960;24;;;9970;7;9974;19;;;9967.0;0.0
av_COFFEE_d11;38900;INTARIAN_PEPPER_ROOT;10037;17;10034;16;;;10043;17;10047;16;;;10040.0;0.0
av_COFFEE_d11;39000;ASH_COATED_OSMIUM;9964;11;9960;25;;;9970;14;9973;14;;;9967.0;0.0
av_COFFEE_d11;39000;INTARIAN_PEPPER_ROOT;10036;15;10034;22;;;10042;11;10046;8;;;10039.0;0.0
av_COFFEE_d11;39100;ASH_COATED_OSMIUM;9964;11;9961;19;;;9970;11;9972;18;;;9967.0;0.0
av_COFFEE_d11;39100;INTARIAN_PEPPER_ROOT;10026;14;10023;26;;;10052;16;10055;29;;;10039.0;0.0
av_COFFEE_d11;39200;ASH_COATED_OSMIUM;9964;16;9961;22;;;9970;19;9974;14;;;9967.0;0.0
av_COFFEE_d11;39200;INTARIAN_PEPPER_ROOT;10036;12;10032;17;;;10042;19;10046;27;;;10039.0;0.0
av_COFFEE_d11;39300;ASH_COATED_OSMIUM;9962;10;9958;14;;;9972;16;9974;17;;;9967.0;0.0
av_COFFEE_d11;39300;INTARIAN_PEPPER_ROOT;10027;17;10024;23;;;10050;14;10054;16;;;10038.5;0.0
av_COFFEE_d11;39400;ASH_COATED_OSMIUM;9960;14;9958;21;;;9972;14;9976;27;;;9966.0;0.0
av_COFFEE_d11;39400;INTARIAN_PEPPER_ROOT;10036;17;10034;25;;;10042;18;10046;21;;;10039.0;0.0
av_COFFEE_d11;39500;ASH_COATED_OSMIUM;9963;11;9961;18;;;9971;12;9973;24;;;9967.0;0.0
av_COFFEE_d11;39500;INTARIAN_PEPPER_ROOT;10035;15;10031;12;;;10041;18;10045;28;;;10038.0;0.0
av_COFFEE_d11;39600;ASH_COATED_OSMIUM;9964;5;9961;23;;;9970;16;9974;20;;;9967.0;0.0
av_COFFEE_d11;39600;INTARIAN_PEPPER_ROOT;10036;6;10033;19;;;10042;5;10045;16;;;10039.0;0.0
av_COFFEE_d11;39700;ASH_COATED_OSMIUM;9961;19;9958;22;;;9971;17;9974;8;;;9966.0;0.0
av_COFFEE_d11;39700;INTARIAN_PEPPER_ROOT;10035;25;10031;23;;;10041;14;10044;21;;;10038.0;0.0
av_COFFEE_d11;39800;ASH_COATED_OSMIUM;9957;18;9955;24;;;9976;18;9979;13;;;9966.5;0.0
av_COFFEE_d11;39800;INTARIAN_PEPPER_ROOT;10032;23;10030;19;;;10043;11;10045;17;;;10037.5;0.0
av_COFFEE_d11;39900;ASH_COATED_OSMIUM;9963;8;9959;18;;;9969;5;9971;18;;;9966.0;0.0
av_COFFEE_d11;39900;INTARIAN_PEPPER_ROOT;10035;16;10031;23;;;10041;10;10044;22;;;10038.0;0.0
av_COFFEE_d11;40000;ASH_COATED_OSMIUM;9963;27;9959;29;;;9969;5;9971;20;;;9966.0;0.0
av_COFFEE_d11;40000;INTARIAN_PEPPER_ROOT;10031;8;10028;22;;;10044;16;10048;28;;;10037.5;0.0
av_COFFEE_d11;40100;ASH_COATED_OSMIUM;9954;13;9952;16;;;9978;14;9981;21;;;9966.0;0.0
av_COFFEE_d11;40100;INTARIAN_PEPPER_ROOT;10032;18;10028;26;;;10042;16;10044;18;;;10037.0;0.0
av_COFFEE_d11;40200;ASH_COATED_OSMIUM;9963;12;9959;21;;;9969;13;9972;24;;;9966.0;0.0
av_COFFEE_d11;40200;INTARIAN_PEPPER_ROOT;10034;20;10030;21;;;10040;26;10043;26;;;10037.0;0.0
av_COFFEE_d11;40300;ASH_COATED_OSMIUM;9960;21;9956;23;;;9973;10;9977;26;;;9966.5;0.0
av_COFFEE_d11;40300;INTARIAN_PEPPER_ROOT;10034;13;10030;24;;;10040;13;10043;19;;;10037.0;0.0
av_COFFEE_d11;40400;ASH_COATED_OSMIUM;9954;14;9952;26;;;9977;13;9981;27;;;9965.5;0.0
av_COFFEE_d11;40400;INTARIAN_PEPPER_ROOT;10034;9;10031;17;;;10040;17;10043;17;;;10037.0;0.0
av_COFFEE_d11;40500;ASH_COATED_OSMIUM;9959;16;9955;14;;;9974;8;9978;29;;;9966.5;0.0
av_COFFEE_d11;40500;INTARIAN_PEPPER_ROOT;10032;10;10029;12;;;10040;11;10042;23;;;10036.0;0.0
av_COFFEE_d11;40600;ASH_COATED_OSMIUM;9963;19;9959;22;;;9970;14;9973;28;;;9966.5;0.0
av_COFFEE_d11;40600;INTARIAN_PEPPER_ROOT;10033;15;10031;19;;;10039;9;10043;21;;;10036.0;0.0
av_COFFEE_d11;40700;ASH_COATED_OSMIUM;9963;12;9959;19;;;9969;12;9973;10;;;9966.0;0.0
av_COFFEE_d11;40700;INTARIAN_PEPPER_ROOT;10033;11;10029;22;;;10039;22;10043;20;;;10036.0;0.0
av_COFFEE_d11;40800;ASH_COATED_OSMIUM;9962;20;9960;28;;;9968;12;9972;20;;;9965.0;0.0
av_COFFEE_d11;40800;INTARIAN_PEPPER_ROOT;10025;11;10023;20;;;10047;18;10051;25;;;10036.0;0.0
av_COFFEE_d11;40900;ASH_COATED_OSMIUM;9963;12;9961;21;;;9969;19;9973;25;;;9966.0;0.0
av_COFFEE_d11;40900;INTARIAN_PEPPER_ROOT;10031;14;10027;25;;;10040;15;10043;17;;;10035.5;0.0
av_COFFEE_d11;41000;ASH_COATED_OSMIUM;9963;21;9961;17;;;9969;17;9973;28;;;9966.0;0.0
av_COFFEE_d11;41000;INTARIAN_PEPPER_ROOT;10033;14;10031;8;;;10039;16;10042;20;;;10036.0;0.0
av_COFFEE_d11;41100;ASH_COATED_OSMIUM;9963;6;9960;29;;;9969;17;9972;15;;;9966.0;0.0
av_COFFEE_d11;41100;INTARIAN_PEPPER_ROOT;10032;16;10028;9;;;10038;17;10040;18;;;10035.0;0.0
av_COFFEE_d11;41200;ASH_COATED_OSMIUM;9950;22;9948;24;;;9981;17;9985;18;;;9965.5;0.0
av_COFFEE_d11;41200;INTARIAN_PEPPER_ROOT;10033;8;10030;25;;;10039;18;10043;26;;;10036.0;0.0
av_COFFEE_d11;41300;ASH_COATED_OSMIUM;9961;23;9957;15;;;9970;14;9972;22;;;9965.5;0.0
av_COFFEE_d11;41300;INTARIAN_PEPPER_ROOT;10017;19;10014;13;;;10052;16;10056;13;;;10034.5;0.0
av_COFFEE_d11;41400;ASH_COATED_OSMIUM;9963;15;9960;21;;;9969;17;9972;20;;;9966.0;0.0
av_COFFEE_d11;41400;INTARIAN_PEPPER_ROOT;10031;7;10028;20;;;10037;13;10039;32;;;10034.0;0.0
av_COFFEE_d11;41500;ASH_COATED_OSMIUM;9964;13;9960;22;;;9970;6;9973;21;;;9967.0;0.0
av_COFFEE_d11;41500;INTARIAN_PEPPER_ROOT;10027;5;10025;29;;;10042;19;10044;21;;;10034.5;0.0
av_COFFEE_d11;41600;ASH_COATED_OSMIUM;9963;7;9961;25;;;9969;8;9971;27;;;9966.0;0.0
av_COFFEE_d11;41600;INTARIAN_PEPPER_ROOT;10031;20;10029;28;;;10037;23;10041;12;;;10034.0;0.0
av_COFFEE_d11;41700;ASH_COATED_OSMIUM;9960;5;9957;18;;;9972;16;9976;22;;;9966.0;0.0
av_COFFEE_d11;41700;INTARIAN_PEPPER_ROOT;10031;15;10028;18;;;10037;19;10041;20;;;10034.0;0.0
av_COFFEE_d11;41800;ASH_COATED_OSMIUM;9963;21;9961;14;;;9969;25;9973;14;;;9966.0;0.0
av_COFFEE_d11;41800;INTARIAN_PEPPER_ROOT;10031;15;10029;15;;;10037;7;10040;22;;;10034.0;0.0
av_COFFEE_d11;41900;ASH_COATED_OSMIUM;9963;10;9960;20;;;9969;19;9972;13;;;9966.0;0.0
av_COFFEE_d11;41900;INTARIAN_PEPPER_ROOT;10030;17;10026;20;;;10036;18;10038;11;;;10033.0;0.0
av_COFFEE_d11;42000;ASH_COATED_OSMIUM;9962;21;9960;26;;;9968;22;9972;19;;;9965.0;0.0
av_COFFEE_d11;42000;INTARIAN_PEPPER_ROOT;10029;13;10027;11;;;10037;12;10039;15;;;10033.0;0.0
av_COFFEE_d11;42100;ASH_COATED_OSMIUM;9950;19;9948;16;;;9981;20;9983;23;;;9965.5;0.0
av_COFFEE_d11;42100;INTARIAN_PEPPER_ROOT;10030;16;10027;16;;;10036;8;10039;21;;;10033.0;0.0
av_COFFEE_d11;42200;ASH_COATED_OSMIUM;9962;21;9958;13;;;9968;17;9971;21;;;9965.0;0.0
av_COFFEE_d11;42200;INTARIAN_PEPPER_ROOT;10028;18;10025;22;;;10038;11;10041;27;;;10033.0;0.0
av_COFFEE_d11;42300;ASH_COATED_OSMIUM;9961;12;9959;20;;;9970;12;9973;20;;;9965.5;0.0
av_COFFEE_d11;42300;INTARIAN_PEPPER_ROOT;10030;8;10028;20;;;10036;20;10040;19;;;10033.0;0.0
av_COFFEE_d11;42400;ASH_COATED_OSMIUM;9954;14;9952;27;;;9976;8;9980;23;;;9965.0;0.0
av_COFFEE_d11;42400;INTARIAN_PEPPER_ROOT;10023;17;10021;16;;;10041;14;10045;18;;;10032.0;0.0
av_COFFEE_d11;42500;ASH_COATED_OSMIUM;9959;18;9956;14;;;9971;14;9973;18;;;9965.0;0.0
av_COFFEE_d11;42500;INTARIAN_PEPPER_ROOT;10029;12;10026;31;;;10037;11;10039;21;;;10033.0;0.0
av_COFFEE_d11;42600;ASH_COATED_OSMIUM;9958;17;9956;25;;;9972;17;9974;28;;;9965.0;0.0
av_COFFEE_d11;42600;INTARIAN_PEPPER_ROOT;10029;21;10027;28;;;10035;22;10039;23;;;10032.0;0.0
av_COFFEE_d11;42700;ASH_COATED_OSMIUM;9962;5;9958;22;;;9968;16;9971;14;;;9965.0;0.0
av_COFFEE_d11;42700;INTARIAN_PEPPER_ROOT;10025;13;10021;24;;;10038;15;10040;22;;;10031.5;0.0
av_COFFEE_d11;42800;ASH_COATED_OSMIUM;9962;16;9959;18;;;9968;5;9970;9;;;9965.0;0.0
av_COFFEE_d11;42800;INTARIAN_PEPPER_ROOT;10028;10;10024;12;;;10034;20;10037;24;;;10031.0;0.0
av_COFFEE_d11;42900;ASH_COATED_OSMIUM;9962;16;9960;9;;;9968;9;9970;25;;;9965.0;0.0
av_COFFEE_d11;42900;INTARIAN_PEPPER_ROOT;10026;19;10023;13;;;10037;15;10041;25;;;10031.5;0.0
av_COFFEE_d11;43000;ASH_COATED_OSMIUM;9962;5;9960;19;;;9968;22;9970;18;;;9965.0;0.0
av_COFFEE_d11;43000;INTARIAN_PEPPER_ROOT;10028;18;10025;17;;;10034;13;10037;22;;;10031.0;0.0
av_COFFEE_d11;43100;ASH_COATED_OSMIUM;9961;14;9957;19;;;9969;23;9971;23;;;9965.0;0.0
av_COFFEE_d11;43100;INTARIAN_PEPPER_ROOT;10018;15;10015;20;;;10043;13;10046;23;;;10030.5;0.0
av_COFFEE_d11;43200;ASH_COATED_OSMIUM;9962;16;9958;19;;;9968;15;9970;22;;;9965.0;0.0
av_COFFEE_d11;43200;INTARIAN_PEPPER_ROOT;10028;16;10025;26;;;10034;12;10038;18;;;10031.0;0.0
av_COFFEE_d11;43300;ASH_COATED_OSMIUM;9962;20;9960;13;;;9968;7;9971;15;;;9965.0;0.0
av_COFFEE_d11;43300;INTARIAN_PEPPER_ROOT;10026;15;10023;8;;;10036;17;10038;19;;;10031.0;0.0
av_COFFEE_d11;43400;ASH_COATED_OSMIUM;9962;19;9960;16;;;9968;24;9971;25;;;9965.0;0.0
av_COFFEE_d11;43400;INTARIAN_PEPPER_ROOT;10028;12;10026;21;;;10034;15;10038;19;;;10031.0;0.0
av_COFFEE_d11;43500;ASH_COATED_OSMIUM;9962;19;9958;12;;;9968;16;9972;27;;;9965.0;0.0
av_COFFEE_d11;43500;INTARIAN_PEPPER_ROOT;10027;14;10024;20;;;10033;7;10035;21;;;10030.0;0.0
av_COFFEE_d11;43600;ASH_COATED_OSMIUM;9955;13;9952;15;;;9975;16;9977;24;;;9965.0;0.0
av_COFFEE_d11;43600;INTARIAN_PEPPER_ROOT;10025;24;10022;17;;;10036;19;10039;24;;;10030.5;0.0
av_COFFEE_d11;43700;ASH_COATED_OSMIUM;9958;12;9955;14;;;9973;12;9975;16;;;9965.5;0.0
av_COFFEE_d11;43700;INTARIAN_PEPPER_ROOT;10026;22;10024;21;;;10033;8;10037;20;;;10029.5;0.0
av_COFFEE_d11;43800;ASH_COATED_OSMIUM;9956;18;9952;12;;;9972;15;9976;16;;;9964.0;0.0
av_COFFEE_d11;43800;INTARIAN_PEPPER_ROOT;10027;9;10023;26;;;10033;16;10037;22;;;10030.0;0.0
av_COFFEE_d11;43900;ASH_COATED_OSMIUM;9954;22;9951;17;;;9975;21;9979;28;;;9964.5;0.0
av_COFFEE_d11;43900;INTARIAN_PEPPER_ROOT;10026;19;10023;25;;;10032;16;10034;29;;;10029.0;0.0
av_COFFEE_d11;44000;ASH_COATED_OSMIUM;9961;14;9958;21;;;9967;10;9969;26;;;9964.0;0.0
av_COFFEE_d11;44000;INTARIAN_PEPPER_ROOT;10024;21;10020;20;;;10034;23;10037;18;;;10029.0;0.0
av_COFFEE_d11;44100;ASH_COATED_OSMIUM;9961;15;9959;15;;;9969;9;9973;17;;;9965.0;0.0
av_COFFEE_d11;44100;INTARIAN_PEPPER_ROOT;10021;13;10018;11;;;10036;15;10039;28;;;10028.5;0.0
av_COFFEE_d11;44200;ASH_COATED_OSMIUM;9962;16;9958;18;;;9968;10;9972;16;;;9965.0;0.0
av_COFFEE_d11;44200;INTARIAN_PEPPER_ROOT;10025;21;10023;27;;;10032;9;10036;24;;;10028.5;0.0
av_COFFEE_d11;44300;ASH_COATED_OSMIUM;9962;26;9958;28;;;9968;16;9972;17;;;9965.0;0.0
av_COFFEE_d11;44300;INTARIAN_PEPPER_ROOT;10025;10;10021;19;;;10031;8;10034;16;;;10028.0;0.0
av_COFFEE_d11;44400;ASH_COATED_OSMIUM;9961;11;9957;21;;;9967;18;9971;21;;;9964.0;0.0
av_COFFEE_d11;44400;INTARIAN_PEPPER_ROOT;10025;16;10022;28;;;10031;15;10033;23;;;10028.0;0.0
av_COFFEE_d11;44500;ASH_COATED_OSMIUM;9962;23;9960;27;;;9968;14;9970;31;;;9965.0;0.0
av_COFFEE_d11;44500;INTARIAN_PEPPER_ROOT;10022;20;10019;21;;;10036;13;10038;14;;;10029.0;0.0
av_COFFEE_d11;44600;ASH_COATED_OSMIUM;9961;16;9959;18;;;9967;15;9971;15;;;9964.0;0.0
av_COFFEE_d11;44600;INTARIAN_PEPPER_ROOT;10024;19;10020;20;;;10031;18;10033;24;;;10027.5;0.0
av_COFFEE_d11;44700;ASH_COATED_OSMIUM;9961;16;9957;13;;;9968;16;9970;16;;;9964.5;0.0
av_COFFEE_d11;44700;INTARIAN_PEPPER_ROOT;10024;9;10022;32;;;10030;6;10034;16;;;10027.0;0.0
av_COFFEE_d11;44800;ASH_COATED_OSMIUM;9959;5;9955;12;;;9969;12;9973;16;;;9964.0;0.0
av_COFFEE_d11;44800;INTARIAN_PEPPER_ROOT;10009;21;10005;30;;;10044;20;10046;17;;;10026.5;0.0
av_COFFEE_d11;44900;ASH_COATED_OSMIUM;9951;11;9948;29;;;9977;11;9981;18;;;9964.0;0.0
av_COFFEE_d11;44900;INTARIAN_PEPPER_ROOT;10024;16;10022;24;;;10030;15;10032;21;;;10027.0;0.0
av_COFFEE_d11;45000;ASH_COATED_OSMIUM;9959;14;9955;12;;;9969;7;9973;23;;;9964.0;0.0
av_COFFEE_d11;45000;INTARIAN_PEPPER_ROOT;10024;10;10022;19;;;10030;5;10034;22;;;10027.0;0.0
av_COFFEE_d11;45100;ASH_COATED_OSMIUM;9962;9;9959;24;;;9968;21;9972;23;;;9965.0;0.0
av_COFFEE_d11;45100;INTARIAN_PEPPER_ROOT;10023;13;10019;32;;;10029;8;10033;12;;;10026.0;0.0
av_COFFEE_d11;45200;ASH_COATED_OSMIUM;9961;17;9957;19;;;9967;9;9969;20;;;9964.0;0.0
av_COFFEE_d11;45200;INTARIAN_PEPPER_ROOT;10020;9;10018;23;;;10034;17;10038;17;;;10027.0;0.0
av_COFFEE_d11;45300;ASH_COATED_OSMIUM;9961;9;9958;26;;;9967;18;9970;19;;;9964.0;0.0
av_COFFEE_d11;45300;INTARIAN_PEPPER_ROOT;10023;5;10020;26;;;10029;13;10031;16;;;10026.0;0.0
av_COFFEE_d11;45400;ASH_COATED_OSMIUM;9960;22;9958;29;;;9966;19;9968;27;;;9963.0;0.0
av_COFFEE_d11;45400;INTARIAN_PEPPER_ROOT;10023;20;10019;23;;;10029;5;10033;18;;;10026.0;0.0
av_COFFEE_d11;45500;ASH_COATED_OSMIUM;9961;11;9958;16;;;9967;8;9971;16;;;9964.0;0.0
av_COFFEE_d11;45500;INTARIAN_PEPPER_ROOT;10023;13;10019;18;;;10029;10;10033;25;;;10026.0;0.0
av_COFFEE_d11;45600;ASH_COATED_OSMIUM;9960;9;9957;17;;;9969;18;9971;20;;;9964.5;0.0
av_COFFEE_d11;45600;INTARIAN_PEPPER_ROOT;10023;16;10019;31;;;10029;14;10031;24;;;10026.0;0.0
av_COFFEE_d11;45700;ASH_COATED_OSMIUM;9962;16;9960;26;;;9968;15;9970;18;;;9965.0;0.0
av_COFFEE_d11;45700;INTARIAN_PEPPER_ROOT;10021;11;10017;27;;;10031;12;10034;19;;;10026.0;0.0
av_COFFEE_d11;45800;ASH_COATED_OSMIUM;9961;14;9958;20;;;9967;19;9969;28;;;9964.0;0.0
av_COFFEE_d11;45800;INTARIAN_PEPPER_ROOT;10022;18;10019;12;;;10028;18;10030;18;;;10025.0;0.0
av_COFFEE_d11;45900;ASH_COATED_OSMIUM;9961;13;9958;30;;;9967;16;9971;31;;;9964.0;0.0
av_COFFEE_d11;45900;INTARIAN_PEPPER_ROOT;10021;9;10019;22;;;10027;20;10029;17;;;10024.0;0.0
av_COFFEE_d11;46000;ASH_COATED_OSMIUM;9960;19;9957;18;;;9968;17;9970;26;;;9964.0;0.0
av_COFFEE_d11;46000;INTARIAN_PEPPER_ROOT;10016;8;10014;23;;;10034;16;10038;13;;;10025.0;0.0
av_COFFEE_d11;46100;ASH_COATED_OSMIUM;9961;11;9958;27;;;9967;22;9970;25;;;9964.0;0.0
av_COFFEE_d11;46100;INTARIAN_PEPPER_ROOT;10016;11;10012;26;;;10034;29;10036;20;;;10025.0;0.0
av_COFFEE_d11;46200;ASH_COATED_OSMIUM;9961;19;9958;19;;;9967;14;9970;20;;;9964.0;0.0
av_COFFEE_d11;46200;INTARIAN_PEPPER_ROOT;10021;13;10019;21;;;10027;16;10030;20;;;10024.0;0.0
av_COFFEE_d11;46300;ASH_COATED_OSMIUM;9958;12;9955;19;;;9970;16;9973;19;;;9964.0;0.0
av_COFFEE_d11;46300;INTARIAN_PEPPER_ROOT;10021;9;10018;17;;;10027;7;10031;18;;;10024.0;0.0
av_COFFEE_d11;46400;ASH_COATED_OSMIUM;9959;10;9957;21;;;9967;10;9970;25;;;9963.0;0.0
av_COFFEE_d11;46400;INTARIAN_PEPPER_ROOT;10021;11;10018;28;;;10027;18;10030;17;;;10024.0;0.0
av_COFFEE_d11;46500;ASH_COATED_OSMIUM;9960;18;9957;20;;;9966;17;9968;33;;;9963.0;0.0
av_COFFEE_d11;46500;INTARIAN_PEPPER_ROOT;10021;17;10017;19;;;10027;15;10029;28;;;10024.0;0.0
av_COFFEE_d11;46600;ASH_COATED_OSMIUM;9959;10;9955;13;;;9968;19;9970;20;;;9963.5;0.0
av_COFFEE_d11;46600;INTARIAN_PEPPER_ROOT;10014;14;10012;20;;;10032;19;10035;22;;;10023.0;0.0
av_COFFEE_d11;46700;ASH_COATED_OSMIUM;9958;18;9954;24;;;9969;12;9971;23;;;9963.5;0.0
av_COFFEE_d11;46700;INTARIAN_PEPPER_ROOT;10020;17;10016;14;;;10026;17;10029;10;;;10023.0;0.0
av_COFFEE_d11;46800;ASH_COATED_OSMIUM;9960;11;9957;24;;;9966;27;9970;22;;;9963.0;0.0
av_COFFEE_d11;46800;INTARIAN_PEPPER_ROOT;10017;18;10014;19;;;10029;5;10032;22;;;10023.0;0.0
av_COFFEE_d11;46900;ASH_COATED_OSMIUM;9960;19;9956;19;;;9966;14;9970;22;;;9963.0;0.0
av_COFFEE_d11;46900;INTARIAN_PEPPER_ROOT;10011;11;10008;19;;;10035;21;10039;24;;;10023.0;0.0
av_COFFEE_d11;47000;ASH_COATED_OSMIUM;9951;11;9948;20;;;9975;12;9978;17;;;9963.0;0.0
av_COFFEE_d11;47000;INTARIAN_PEPPER_ROOT;10020;7;10016;19;;;10026;13;10028;17;;;10023.0;0.0
av_COFFEE_d11;47100;ASH_COATED_OSMIUM;9954;14;9952;18;;;9972;16;9974;14;;;9963.0;0.0
av_COFFEE_d11;47100;INTARIAN_PEPPER_ROOT;10019;15;10017;17;;;10025;7;10027;18;;;10022.0;0.0
av_COFFEE_d11;47200;ASH_COATED_OSMIUM;9960;10;9957;14;;;9966;8;9968;25;;;9963.0;0.0
av_COFFEE_d11;47200;INTARIAN_PEPPER_ROOT;10019;16;10015;21;;;10025;18;10029;27;;;10022.0;0.0
av_COFFEE_d11;47300;ASH_COATED_OSMIUM;9960;21;9958;24;;;9966;13;9969;18;;;9963.0;0.0
av_COFFEE_d11;47300;INTARIAN_PEPPER_ROOT;10019;20;10015;10;;;10025;10;10028;12;;;10022.0;0.0
av_COFFEE_d11;47400;ASH_COATED_OSMIUM;9961;17;9958;14;;;9967;23;9970;19;;;9964.0;0.0
av_COFFEE_d11;47400;INTARIAN_PEPPER_ROOT;10019;22;10016;25;;;10025;25;10027;24;;;10022.0;0.0
av_COFFEE_d11;47500;ASH_COATED_OSMIUM;9960;9;9957;23;;;9966;8;9970;28;;;9963.0;0.0
av_COFFEE_d11;47500;INTARIAN_PEPPER_ROOT;10017;12;10015;18;;;10026;15;10030;19;;;10021.5;0.0
av_COFFEE_d11;47600;ASH_COATED_OSMIUM;9958;5;9954;22;;;9967;17;9971;20;;;9962.5;0.0
av_COFFEE_d11;47600;INTARIAN_PEPPER_ROOT;10018;15;10015;22;;;10024;14;10028;19;;;10021.0;0.0
av_COFFEE_d11;47700;ASH_COATED_OSMIUM;9960;6;9957;12;;;9966;22;9970;21;;;9963.0;0.0
av_COFFEE_d11;47700;INTARIAN_PEPPER_ROOT;10019;10;10015;14;;;10025;6;10029;19;;;10022.0;0.0
av_COFFEE_d11;47800;ASH_COATED_OSMIUM;9959;14;9956;10;;;9966;12;9969;20;;;9962.5;0.0
av_COFFEE_d11;47800;INTARIAN_PEPPER_ROOT;10013;7;10010;21;;;10028;13;10030;18;;;10020.5;0.0
av_COFFEE_d11;47900;ASH_COATED_OSMIUM;9960;7;9958;19;;;9966;12;9969;15;;;9963.0;0.0
av_COFFEE_d11;47900;INTARIAN_PEPPER_ROOT;10014;6;10011;15;;;10027;15;10030;17;;;10020.5;0.0
av_COFFEE_d11;48000;ASH_COATED_OSMIUM;9960;13;9957;23;;;9966;9;9969;15;;;9963.0;0.0
av_COFFEE_d11;48000;INTARIAN_PEPPER_ROOT;10018;21;10014;27;;;10024;17;10027;19;;;10021.0;0.0
av_COFFEE_d11;48100;ASH_COATED_OSMIUM;9959;11;9956;18;;;9965;13;9968;19;;;9962.0;0.0
av_COFFEE_d11;48100;INTARIAN_PEPPER_ROOT;10011;15;10008;11;;;10031;5;10035;22;;;10021.0;0.0
av_COFFEE_d11;48200;ASH_COATED_OSMIUM;9960;21;9958;22;;;9966;13;9969;20;;;9963.0;0.0
av_COFFEE_d11;48200;INTARIAN_PEPPER_ROOT;10015;12;10013;12;;;10025;6;10027;19;;;10020.0;0.0
av_COFFEE_d11;48300;ASH_COATED_OSMIUM;9959;14;9956;21;;;9965;9;9968;17;;;9962.0;0.0
av_COFFEE_d11;48300;INTARIAN_PEPPER_ROOT;10013;8;10009;12;;;10027;13;10030;20;;;10020.0;0.0
av_COFFEE_d11;48400;ASH_COATED_OSMIUM;9960;15;9956;13;;;9966;13;9970;22;;;9963.0;0.0
av_COFFEE_d11;48400;INTARIAN_PEPPER_ROOT;10017;7;10013;18;;;10023;15;10025;9;;;10020.0;0.0
av_COFFEE_d11;48500;ASH_COATED_OSMIUM;9945;23;9941;16;;;9979;25;9982;17;;;9962.0;0.0
av_COFFEE_d11;48500;INTARIAN_PEPPER_ROOT;10014;23;10010;8;;;10025;7;10027;14;;;10019.5;0.0
av_COFFEE_d11;48600;ASH_COATED_OSMIUM;9959;18;9957;17;;;9965;20;9967;22;;;9962.0;0.0
av_COFFEE_d11;48600;INTARIAN_PEPPER_ROOT;10014;16;10010;22;;;10024;16;10026;19;;;10019.0;0.0
av_COFFEE_d11;48700;ASH_COATED_OSMIUM;9960;9;9957;16;;;9966;17;9968;28;;;9963.0;0.0
av_COFFEE_d11;48700;INTARIAN_PEPPER_ROOT;10016;26;10013;18;;;10022;14;10024;21;;;10019.0;0.0
av_COFFEE_d11;48800;ASH_COATED_OSMIUM;9959;22;9956;30;;;9966;9;9968;12;;;9962.5;0.0
av_COFFEE_d11;48800;INTARIAN_PEPPER_ROOT;10016;8;10013;21;;;10022;19;10026;17;;;10019.0;0.0
av_COFFEE_d11;48900;ASH_COATED_OSMIUM;9959;11;9956;20;;;9965;5;9969;26;;;9962.0;0.0
av_COFFEE_d11;48900;INTARIAN_PEPPER_ROOT;10016;11;10014;21;;;10022;9;10025;18;;;10019.0;0.0
av_COFFEE_d11;49000;ASH_COATED_OSMIUM;9957;23;9954;13;;;9968;12;9972;23;;;9962.5;0.0
av_COFFEE_d11;49000;INTARIAN_PEPPER_ROOT;10015;19;10013;21;;;10021;5;10024;19;;;10018.0;0.0
av_COFFEE_d11;49100;ASH_COATED_OSMIUM;9959;12;9955;18;;;9965;6;9969;22;;;9962.0;0.0
av_COFFEE_d11;49100;INTARIAN_PEPPER_ROOT;10015;13;10012;12;;;10021;5;10025;18;;;10018.0;0.0
av_COFFEE_d11;49200;ASH_COATED_OSMIUM;9960;12;9958;13;;;9966;23;9968;15;;;9963.0;0.0
av_COFFEE_d11;49200;INTARIAN_PEPPER_ROOT;10015;20;10013;15;;;10021;15;10025;16;;;10018.0;0.0
av_COFFEE_d11;49300;ASH_COATED_OSMIUM;9950;5;9946;19;;;9973;12;9975;24;;;9961.5;0.0
av_COFFEE_d11;49300;INTARIAN_PEPPER_ROOT;10009;20;10006;26;;;10026;16;10030;27;;;10017.5;0.0
av_COFFEE_d11;49400;ASH_COATED_OSMIUM;9959;16;9957;18;;;9965;21;9969;20;;;9962.0;0.0
av_COFFEE_d11;49400;INTARIAN_PEPPER_ROOT;10014;15;10010;17;;;10021;12;10023;26;;;10017.5;0.0
av_COFFEE_d11;49500;ASH_COATED_OSMIUM;9959;11;9956;20;;;9965;10;9968;14;;;9962.0;0.0
av_COFFEE_d11;49500;INTARIAN_PEPPER_ROOT;10014;15;10010;17;;;10021;11;10023;16;;;10017.5;0.0
av_COFFEE_d11;49600;ASH_COATED_OSMIUM;9959;16;9957;19;;;9965;10;9968;20;;;9962.0;0.0
av_COFFEE_d11;49600;INTARIAN_PEPPER_ROOT;10007;10;10004;22;;;10027;17;10031;10;;;10017.0;0.0
av_COFFEE_d11;49700;ASH_COATED_OSMIUM;9959;12;9956;17;;;9965;5;9967;15;;;9962.0;0.0
av_COFFEE_d11;49700;INTARIAN_PEPPER_ROOT;10010;10;10006;25;;;10024;21;10028;11;;;10017.0;0.0
av_COFFEE_d11;49800;ASH_COATED_OSMIUM;9954;10;9950;14;;;9970;12;9974;21;;;9962.0;0.0
av_COFFEE_d11;49800;INTARIAN_PEPPER_ROOT;10012;11;10009;8;;;10021;13;10023;18;;;10016.5;0.0
av_COFFEE_d11;49900;ASH_COATED_OSMIUM;9959;14;9956;19;;;9965;19;9969;27;;;9962.0;0.0
av_COFFEE_d11;49900;INTARIAN_PEPPER_ROOT;10007;17;10005;13;;;10027;13;10029;17;;;10017.0;0.0
av_COFFEE_d11;50000;ASH_COATED_OSMIUM;9956;9;9952;24;;;9969;18;9971;21;;;9962.5;0.0
av_COFFEE_d11;50000;INTARIAN_PEPPER_ROOT;9986;5;9982;27;;;10047;18;10049;23;;;10016.5;0.0
av_COFFEE_d11;50100;ASH_COATED_OSMIUM;9958;16;9956;19;;;9964;14;9966;12;;;9961.0;0.0
av_COFFEE_d11;50100;INTARIAN_PEPPER_ROOT;10013;16;10009;11;;;10019;13;10023;13;;;10016.0;0.0
av_COFFEE_d11;50200;ASH_COATED_OSMIUM;9959;21;9956;21;;;9965;15;9968;16;;;9962.0;0.0
av_COFFEE_d11;50200;INTARIAN_PEPPER_ROOT;10012;8;10009;23;;;10020;17;10024;26;;;10016.0;0.0
av_COFFEE_d11;50300;ASH_COATED_OSMIUM;9955;5;9951;17;;;9969;16;9973;21;;;9962.0;0.0
av_COFFEE_d11;50300;INTARIAN_PEPPER_ROOT;10013;19;10010;20;;;10019;12;10022;23;;;10016.0;0.0
av_COFFEE_d11;50400;ASH_COATED_OSMIUM;9959;19;9956;21;;;9965;8;9968;27;;;9962.0;0.0
av_COFFEE_d11;50400;INTARIAN_PEPPER_ROOT;10013;6;10009;14;;;10019;14;10021;13;;;10016.0;0.0
av_COFFEE_d11;50500;ASH_COATED_OSMIUM;9959;22;9956;21;;;9965;12;9967;22;;;9962.0;0.0
av_COFFEE_d11;50500;INTARIAN_PEPPER_ROOT;10010;20;10008;22;;;10020;12;10023;11;;;10015.0;0.0
av_COFFEE_d11;50600;ASH_COATED_OSMIUM;9958;14;9954;16;;;9964;22;9968;26;;;9961.0;0.0
av_COFFEE_d11;50600;INTARIAN_PEPPER_ROOT;10009;16;10006;14;;;10021;19;10023;18;;;10015.0;0.0
av_COFFEE_d11;50700;ASH_COATED_OSMIUM;9958;16;9955;21;;;9964;5;9967;28;;;9961.0;0.0
av_COFFEE_d11;50700;INTARIAN_PEPPER_ROOT;10005;13;10002;17;;;10024;19;10027;14;;;10014.5;0.0
av_COFFEE_d11;50800;ASH_COATED_OSMIUM;9958;13;9955;17;;;9964;9;9967;18;;;9961.0;0.0
av_COFFEE_d11;50800;INTARIAN_PEPPER_ROOT;10008;8;10006;12;;;10021;18;10024;25;;;10014.5;0.0
av_COFFEE_d11;50900;ASH_COATED_OSMIUM;9958;20;9956;16;;;9965;14;9967;12;;;9961.5;0.0
av_COFFEE_d11;50900;INTARIAN_PEPPER_ROOT;10012;8;10009;17;;;10018;23;10022;22;;;10015.0;0.0
av_COFFEE_d11;51000;ASH_COATED_OSMIUM;9958;20;9954;23;;;9964;17;9968;9;;;9961.0;0.0
av_COFFEE_d11;51000;INTARIAN_PEPPER_ROOT;10014;24;10010;23;;;10020;16;10022;15;;;10017.0;0.0
av_COFFEE_d11;51100;ASH_COATED_OSMIUM;9958;12;9955;28;;;9964;5;9967;22;;;9961.0;0.0
av_COFFEE_d11;51100;INTARIAN_PEPPER_ROOT;10016;13;10012;25;;;10022;8;10024;20;;;10019.0;0.0
av_COFFEE_d11;51200;ASH_COATED_OSMIUM;9957;21;9955;13;;;9965;28;9967;17;;;9961.0;0.0
av_COFFEE_d11;51200;INTARIAN_PEPPER_ROOT;10017;15;10013;18;;;10023;14;10025;24;;;10020.0;0.0
av_COFFEE_d11;51300;ASH_COATED_OSMIUM;9958;16;9956;27;;;9964;10;9967;16;;;9961.0;0.0
av_COFFEE_d11;51300;INTARIAN_PEPPER_ROOT;10018;20;10014;26;;;10024;10;10027;22;;;10021.0;0.0
av_COFFEE_d11;51400;ASH_COATED_OSMIUM;9955;22;9951;10;;;9968;21;9970;24;;;9961.5;0.0
av_COFFEE_d11;51400;INTARIAN_PEPPER_ROOT;10018;15;10016;12;;;10030;18;10032;25;;;10024.0;0.0
av_COFFEE_d11;51500;ASH_COATED_OSMIUM;9958;23;9956;20;;;9964;17;9968;20;;;9961.0;0.0
av_COFFEE_d11;51500;INTARIAN_PEPPER_ROOT;10018;20;10015;30;;;10030;9;10032;24;;;10024.0;0.0
av_COFFEE_d11;51600;ASH_COATED_OSMIUM;9958;13;9956;26;;;9964;11;9967;19;;;9961.0;0.0
av_COFFEE_d11;51600;INTARIAN_PEPPER_ROOT;10023;14;10021;23;;;10030;18;10033;24;;;10026.5;0.0
av_COFFEE_d11;51700;ASH_COATED_OSMIUM;9958;21;9954;24;;;9964;19;9967;13;;;9961.0;0.0
av_COFFEE_d11;51700;INTARIAN_PEPPER_ROOT;10026;20;10024;24;;;10032;20;10035;29;;;10029.0;0.0
av_COFFEE_d11;51800;ASH_COATED_OSMIUM;9958;17;9956;25;;;9964;15;9966;21;;;9961.0;0.0
av_COFFEE_d11;51800;INTARIAN_PEPPER_ROOT;10025;5;10023;19;;;10036;10;10038;32;;;10030.5;0.0
av_COFFEE_d11;51900;ASH_COATED_OSMIUM;9956;15;9952;16;;;9966;19;9969;16;;;9961.0;0.0
av_COFFEE_d11;51900;INTARIAN_PEPPER_ROOT;10018;26;10016;18;;;10045;20;10048;20;;;10031.5;0.0
av_COFFEE_d11;52000;ASH_COATED_OSMIUM;9958;11;9956;25;;;9964;8;9966;10;;;9961.0;0.0
av_COFFEE_d11;52000;INTARIAN_PEPPER_ROOT;10028;11;10026;14;;;10038;13;10041;13;;;10033.0;0.0
av_COFFEE_d11;52100;ASH_COATED_OSMIUM;9951;14;9948;23;;;9970;16;9973;14;;;9960.5;0.0
av_COFFEE_d11;52100;INTARIAN_PEPPER_ROOT;10031;9;10029;17;;;10037;21;10041;14;;;10034.0;0.0
av_COFFEE_d11;52200;ASH_COATED_OSMIUM;9958;12;9955;29;;;9964;19;9966;28;;;9961.0;0.0
av_COFFEE_d11;52200;INTARIAN_PEPPER_ROOT;10033;12;10030;17;;;10039;13;10042;19;;;10036.0;0.0
av_COFFEE_d11;52300;ASH_COATED_OSMIUM;9958;6;9956;19;;;9964;9;9966;14;;;9961.0;0.0
av_COFFEE_d11;52300;INTARIAN_PEPPER_ROOT;10034;14;10030;14;;;10042;15;10044;22;;;10038.0;0.0
av_COFFEE_d11;52400;ASH_COATED_OSMIUM;9958;7;9954;21;;;9964;17;9967;15;;;9961.0;0.0
av_COFFEE_d11;52400;INTARIAN_PEPPER_ROOT;10014;17;10011;25;;;10064;17;10068;16;;;10039.0;0.0
av_COFFEE_d11;52500;ASH_COATED_OSMIUM;9955;13;9952;14;;;9966;9;9969;16;;;9960.5;0.0
av_COFFEE_d11;52500;INTARIAN_PEPPER_ROOT;10038;19;10036;18;;;10044;13;10047;31;;;10041.0;0.0
av_COFFEE_d11;52600;ASH_COATED_OSMIUM;9957;22;9953;22;;;9963;26;9967;27;;;9960.0;0.0
av_COFFEE_d11;52600;INTARIAN_PEPPER_ROOT;10038;16;10035;23;;;10047;5;10050;21;;;10042.5;0.0
av_COFFEE_d11;52700;ASH_COATED_OSMIUM;9957;13;9954;15;;;9963;12;9967;27;;;9960.0;0.0
av_COFFEE_d11;52700;INTARIAN_PEPPER_ROOT;10040;14;10036;11;;;10049;17;10051;18;;;10044.5;0.0
av_COFFEE_d11;52800;ASH_COATED_OSMIUM;9955;20;9952;22;;;9966;22;9970;27;;;9960.5;0.0
av_COFFEE_d11;52800;INTARIAN_PEPPER_ROOT;10042;21;10040;28;;;10050;5;10053;21;;;10046.0;0.0
av_COFFEE_d11;52900;ASH_COATED_OSMIUM;9957;8;9954;22;;;9963;9;9965;16;;;9960.0;0.0
av_COFFEE_d11;52900;INTARIAN_PEPPER_ROOT;10036;14;10034;22;;;10059;9;10063;17;;;10047.5;0.0
av_COFFEE_d11;53000;ASH_COATED_OSMIUM;9958;9;9954;18;;;9964;8;9966;28;;;9961.0;0.0
av_COFFEE_d11;53000;INTARIAN_PEPPER_ROOT;10038;16;10036;21;;;10060;9;10063;21;;;10049.0;0.0
av_COFFEE_d11;53100;ASH_COATED_OSMIUM;9956;15;9953;20;;;9965;12;9968;18;;;9960.5;0.0
av_COFFEE_d11;53100;INTARIAN_PEPPER_ROOT;10047;18;10045;15;;;10054;19;10056;14;;;10050.5;0.0
av_COFFEE_d11;53200;ASH_COATED_OSMIUM;9957;18;9954;22;;;9963;8;9965;16;;;9960.0;0.0
av_COFFEE_d11;53200;INTARIAN_PEPPER_ROOT;10048;16;10046;24;;;10058;13;10061;14;;;10053.0;0.0
av_COFFEE_d11;53300;ASH_COATED_OSMIUM;9955;12;9952;23;;;9966;17;9968;16;;;9960.5;0.0
av_COFFEE_d11;53300;INTARIAN_PEPPER_ROOT;10044;14;10041;8;;;10064;18;10067;27;;;10054.0;0.0
av_COFFEE_d11;53400;ASH_COATED_OSMIUM;9957;14;9953;17;;;9963;21;9965;19;;;9960.0;0.0
av_COFFEE_d11;53400;INTARIAN_PEPPER_ROOT;10053;18;10051;22;;;10059;29;10061;18;;;10056.0;0.0
av_COFFEE_d11;53500;ASH_COATED_OSMIUM;9957;16;9955;14;;;9963;16;9967;22;;;9960.0;0.0
av_COFFEE_d11;53500;INTARIAN_PEPPER_ROOT;10049;12;10047;10;;;10065;30;10068;17;;;10057.0;0.0
av_COFFEE_d11;53600;ASH_COATED_OSMIUM;9958;22;9956;20;;;9964;25;9966;23;;;9961.0;0.0
av_COFFEE_d11;53600;INTARIAN_PEPPER_ROOT;10056;7;10052;19;;;10062;14;10066;28;;;10059.0;0.0
av_COFFEE_d11;53700;ASH_COATED_OSMIUM;9957;19;9953;17;;;9963;15;9965;17;;;9960.0;0.0
av_COFFEE_d11;53700;INTARIAN_PEPPER_ROOT;10053;12;10049;16;;;10068;15;10071;12;;;10060.5;0.0
av_COFFEE_d11;53800;ASH_COATED_OSMIUM;9956;7;9952;21;;;9964;17;9967;21;;;9960.0;0.0
av_COFFEE_d11;53800;INTARIAN_PEPPER_ROOT;10057;29;10053;26;;;10066;18;10068;20;;;10061.5;0.0
av_COFFEE_d11;53900;ASH_COATED_OSMIUM;9957;15;9954;13;;;9963;14;9965;12;;;9960.0;0.0
av_COFFEE_d11;53900;INTARIAN_PEPPER_ROOT;10061;15;10057;22;;;10067;11;10071;8;;;10064.0;0.0
av_COFFEE_d11;54000;ASH_COATED_OSMIUM;9956;13;9953;19;;;9962;12;9966;16;;;9959.0;0.0
av_COFFEE_d11;54000;INTARIAN_PEPPER_ROOT;10058;13;10054;16;;;10073;5;10076;19;;;10065.5;0.0
av_COFFEE_d11;54100;ASH_COATED_OSMIUM;9956;21;9952;20;;;9964;17;9967;12;;;9960.0;0.0
av_COFFEE_d11;54100;INTARIAN_PEPPER_ROOT;10064;14;10062;17;;;10070;12;10074;24;;;10067.0;0.0
av_COFFEE_d11;54200;ASH_COATED_OSMIUM;9954;17;9952;11;;;9964;15;9967;27;;;9959.0;0.0
av_COFFEE_d11;54200;INTARIAN_PEPPER_ROOT;10064;17;10060;18;;;10073;6;10076;22;;;10068.5;0.0
av_COFFEE_d11;54300;ASH_COATED_OSMIUM;9956;10;9953;19;;;9963;10;9965;17;;;9959.5;0.0
av_COFFEE_d11;54300;INTARIAN_PEPPER_ROOT;10065;5;10063;15;;;10075;20;10077;23;;;10070.0;0.0
av_COFFEE_d11;54400;ASH_COATED_OSMIUM;9956;13;9953;18;;;9962;18;9965;16;;;9959.0;0.0
av_COFFEE_d11;54400;INTARIAN_PEPPER_ROOT;10068;12;10066;31;;;10074;13;10076;22;;;10071.0;0.0
av_COFFEE_d11;54500;ASH_COATED_OSMIUM;9956;11;9952;18;;;9962;11;9966;21;;;9959.0;0.0
av_COFFEE_d11;54500;INTARIAN_PEPPER_ROOT;10065;14;10062;23;;;10082;14;10085;17;;;10073.5;0.0
av_COFFEE_d11;54600;ASH_COATED_OSMIUM;9954;21;9951;17;;;9965;13;9969;23;;;9959.5;0.0
av_COFFEE_d11;54600;INTARIAN_PEPPER_ROOT;10072;7;10070;21;;;10078;16;10080;14;;;10075.0;0.0
av_COFFEE_d11;54700;ASH_COATED_OSMIUM;9955;14;9953;14;;;9962;12;9964;25;;;9958.5;0.0
av_COFFEE_d11;54700;INTARIAN_PEPPER_ROOT;10073;9;10071;10;;;10079;14;10081;21;;;10076.0;0.0
av_COFFEE_d11;54800;ASH_COATED_OSMIUM;9944;19;9941;16;;;9975;18;9979;24;;;9959.5;0.0
av_COFFEE_d11;54800;INTARIAN_PEPPER_ROOT;10075;6;10073;21;;;10081;14;10083;17;;;10078.0;0.0
av_COFFEE_d11;54900;ASH_COATED_OSMIUM;9957;17;9955;17;;;9963;10;9965;22;;;9960.0;0.0
av_COFFEE_d11;54900;INTARIAN_PEPPER_ROOT;10077;10;10075;23;;;10083;5;10085;16;;;10080.0;0.0
av_COFFEE_d11;55000;ASH_COATED_OSMIUM;9951;18;9948;18;;;9967;18;9969;21;;;9959.0;0.0
av_COFFEE_d11;55000;INTARIAN_PEPPER_ROOT;10078;18;10076;17;;;10084;24;10088;19;;;10081.0;0.0
av_COFFEE_d11;55100;ASH_COATED_OSMIUM;9954;18;9950;21;;;9965;16;9968;23;;;9959.5;0.0
av_COFFEE_d11;55100;INTARIAN_PEPPER_ROOT;10078;19;10076;14;;;10087;19;10091;15;;;10082.5;0.0
av_COFFEE_d11;55200;ASH_COATED_OSMIUM;9956;12;9954;17;;;9962;15;9964;20;;;9959.0;0.0
av_COFFEE_d11;55200;INTARIAN_PEPPER_ROOT;10082;19;10079;27;;;10088;19;10092;22;;;10085.0;0.0
av_COFFEE_d11;55300;ASH_COATED_OSMIUM;9954;14;9950;16;;;9964;8;9967;17;;;9959.0;0.0
av_COFFEE_d11;55300;INTARIAN_PEPPER_ROOT;10083;20;10079;31;;;10089;20;10091;25;;;10086.0;0.0
av_COFFEE_d11;55400;ASH_COATED_OSMIUM;9956;15;9952;13;;;9962;22;9965;20;;;9959.0;0.0
av_COFFEE_d11;55400;INTARIAN_PEPPER_ROOT;10085;15;10081;22;;;10091;16;10095;14;;;10088.0;0.0
av_COFFEE_d11;55500;ASH_COATED_OSMIUM;9955;17;9951;25;;;9962;10;9964;35;;;9958.5;0.0
av_COFFEE_d11;55500;INTARIAN_PEPPER_ROOT;10079;25;10075;26;;;10099;9;10102;23;;;10089.0;0.0
av_COFFEE_d11;55600;ASH_COATED_OSMIUM;9953;5;9951;20;;;9963;18;9965;19;;;9958.0;0.0
av_COFFEE_d11;55600;INTARIAN_PEPPER_ROOT;10088;10;10086;24;;;10094;14;10097;14;;;10091.0;0.0
av_COFFEE_d11;55700;ASH_COATED_OSMIUM;9956;13;9952;15;;;9962;22;9965;25;;;9959.0;0.0
av_COFFEE_d11;55700;INTARIAN_PEPPER_ROOT;10089;7;10086;27;;;10095;14;10098;20;;;10092.0;0.0
av_COFFEE_d11;55800;ASH_COATED_OSMIUM;9955;14;9951;20;;;9961;21;9963;20;;;9958.0;0.0
av_COFFEE_d11;55800;INTARIAN_PEPPER_ROOT;10092;19;10090;18;;;10098;11;10100;16;;;10095.0;0.0
av_COFFEE_d11;55900;ASH_COATED_OSMIUM;9955;11;9953;13;;;9962;16;9966;22;;;9958.5;0.0
av_COFFEE_d11;55900;INTARIAN_PEPPER_ROOT;10089;21;10086;24;;;10103;13;10105;26;;;10096.0;0.0
av_COFFEE_d11;56000;ASH_COATED_OSMIUM;9955;17;9952;17;;;9961;26;9964;18;;;9958.0;0.0
av_COFFEE_d11;56000;INTARIAN_PEPPER_ROOT;10094;16;10090;15;;;10100;20;10102;25;;;10097.0;0.0
av_COFFEE_d11;56100;ASH_COATED_OSMIUM;9951;19;9947;20;;;9966;20;9970;21;;;9958.5;0.0
av_COFFEE_d11;56100;INTARIAN_PEPPER_ROOT;10092;16;10090;21;;;10107;5;10111;23;;;10099.5;0.0
av_COFFEE_d11;56200;ASH_COATED_OSMIUM;9956;14;9953;20;;;9962;26;9966;17;;;9959.0;0.0
av_COFFEE_d11;56200;INTARIAN_PEPPER_ROOT;10098;11;10095;21;;;10104;13;10106;21;;;10101.0;0.0
av_COFFEE_d11;56300;ASH_COATED_OSMIUM;9954;14;9950;25;;;9963;15;9965;22;;;9958.5;0.0
av_COFFEE_d11;56300;INTARIAN_PEPPER_ROOT;10100;18;10098;20;;;10106;19;10110;21;;;10103.0;0.0
av_COFFEE_d11;56400;ASH_COATED_OSMIUM;9955;7;9951;16;;;9961;9;9965;18;;;9958.0;0.0
