day;timestamp;product;bid_price_1;bid_volume_1;bid_price_2;bid_volume_2;bid_price_3;bid_volume_3;ask_price_1;ask_volume_1;ask_price_2;ask_volume_2;ask_price_3;ask_volume_3;mid_price;profit_and_loss
yf_ZC=F_d13;0;ASH_COATED_OSMIUM;9896;22;9893;20;;;9912;23;9916;21;;;9904.0;0.0
yf_ZC=F_d13;0;INTARIAN_PEPPER_ROOT;11388;17;11386;27;;;11394;17;11397;20;;;11391.0;0.0
yf_ZC=F_d13;100;ASH_COATED_OSMIUM;9901;17;9897;24;;;9907;12;9909;18;;;9904.0;0.0
yf_ZC=F_d13;100;INTARIAN_PEPPER_ROOT;11387;13;11384;24;;;11393;11;11395;13;;;11390.0;0.0
yf_ZC=F_d13;200;ASH_COATED_OSMIUM;9900;19;9898;23;;;9908;19;9910;19;;;9904.0;0.0
yf_ZC=F_d13;200;INTARIAN_PEPPER_ROOT;11385;18;11381;23;;;11392;13;11394;10;;;11388.5;0.0
yf_ZC=F_d13;300;ASH_COATED_OSMIUM;9893;14;9890;14;;;9916;11;9918;20;;;9904.5;0.0
yf_ZC=F_d13;300;INTARIAN_PEPPER_ROOT;11384;16;11381;14;;;11390;10;11393;16;;;11387.0;0.0
yf_ZC=F_d13;400;ASH_COATED_OSMIUM;9903;14;9901;24;;;9909;21;9913;17;;;9906.0;0.0
yf_ZC=F_d13;400;INTARIAN_PEPPER_ROOT;11376;13;11372;23;;;11394;20;11396;25;;;11385.0;0.0
yf_ZC=F_d13;500;ASH_COATED_OSMIUM;9902;18;9898;19;;;9908;18;9912;16;;;9905.0;0.0
yf_ZC=F_d13;500;INTARIAN_PEPPER_ROOT;11381;11;11379;18;;;11387;10;11391;24;;;11384.0;0.0
yf_ZC=F_d13;600;ASH_COATED_OSMIUM;9902;15;9900;24;;;9908;19;9912;20;;;9905.0;0.0
yf_ZC=F_d13;600;INTARIAN_PEPPER_ROOT;11379;17;11376;21;;;11385;23;11387;13;;;11382.0;0.0
yf_ZC=F_d13;700;ASH_COATED_OSMIUM;9901;20;9899;16;;;9908;29;9912;11;;;9904.5;0.0
yf_ZC=F_d13;700;INTARIAN_PEPPER_ROOT;11378;8;11375;35;;;11384;9;11388;13;;;11381.0;0.0
yf_ZC=F_d13;800;ASH_COATED_OSMIUM;9902;22;9900;22;;;9908;22;9911;15;;;9905.0;0.0
yf_ZC=F_d13;800;INTARIAN_PEPPER_ROOT;11376;7;11374;22;;;11382;17;11384;24;;;11379.0;0.0
yf_ZC=F_d13;900;ASH_COATED_OSMIUM;9899;12;9896;14;;;9911;5;9915;22;;;9905.0;0.0
yf_ZC=F_d13;900;INTARIAN_PEPPER_ROOT;11375;16;11373;29;;;11381;13;11384;25;;;11378.0;0.0
yf_ZC=F_d13;1000;ASH_COATED_OSMIUM;9902;21;9900;27;;;9908;14;9912;18;;;9905.0;0.0
yf_ZC=F_d13;1000;INTARIAN_PEPPER_ROOT;11366;20;11363;18;;;11385;16;11389;18;;;11375.5;0.0
yf_ZC=F_d13;1100;ASH_COATED_OSMIUM;9900;6;9898;28;;;9908;14;9912;16;;;9904.0;0.0
yf_ZC=F_d13;1100;INTARIAN_PEPPER_ROOT;11372;17;11368;8;;;11378;14;11381;14;;;11375.0;0.0
yf_ZC=F_d13;1200;ASH_COATED_OSMIUM;9902;10;9899;18;;;9908;19;9911;23;;;9905.0;0.0
yf_ZC=F_d13;1200;INTARIAN_PEPPER_ROOT;11370;18;11367;16;;;11376;9;11379;16;;;11373.0;0.0
yf_ZC=F_d13;1300;ASH_COATED_OSMIUM;9901;16;9898;14;;;9907;15;9911;22;;;9904.0;0.0
yf_ZC=F_d13;1300;INTARIAN_PEPPER_ROOT;11363;10;11361;15;;;11379;21;11382;26;;;11371.0;0.0
yf_ZC=F_d13;1400;ASH_COATED_OSMIUM;9902;14;9899;18;;;9908;5;9910;23;;;9905.0;0.0
yf_ZC=F_d13;1400;INTARIAN_PEPPER_ROOT;11367;12;11363;28;;;11373;10;11375;21;;;11370.0;0.0
yf_ZC=F_d13;1500;ASH_COATED_OSMIUM;9897;25;9893;9;;;9913;11;9916;21;;;9905.0;0.0
yf_ZC=F_d13;1500;INTARIAN_PEPPER_ROOT;11365;16;11361;27;;;11371;20;11374;16;;;11368.0;0.0
yf_ZC=F_d13;1600;ASH_COATED_OSMIUM;9901;10;9899;20;;;9907;24;9910;16;;;9904.0;0.0
yf_ZC=F_d13;1600;INTARIAN_PEPPER_ROOT;11359;6;11357;17;;;11374;14;11378;18;;;11366.5;0.0
yf_ZC=F_d13;1700;ASH_COATED_OSMIUM;9902;25;9900;29;;;9908;20;9910;24;;;9905.0;0.0
yf_ZC=F_d13;1700;INTARIAN_PEPPER_ROOT;11361;11;11359;11;;;11369;22;11373;24;;;11365.0;0.0
yf_ZC=F_d13;1800;ASH_COATED_OSMIUM;9901;7;9899;25;;;9908;18;9912;22;;;9904.5;0.0
yf_ZC=F_d13;1800;INTARIAN_PEPPER_ROOT;11361;18;11357;18;;;11367;13;11371;29;;;11364.0;0.0
yf_ZC=F_d13;1900;ASH_COATED_OSMIUM;9898;14;9896;25;;;9912;14;9915;18;;;9905.0;0.0
yf_ZC=F_d13;1900;INTARIAN_PEPPER_ROOT;11335;18;11331;20;;;11389;17;11393;17;;;11362.0;0.0
yf_ZC=F_d13;2000;ASH_COATED_OSMIUM;9896;16;9893;32;;;9913;21;9915;26;;;9904.5;0.0
yf_ZC=F_d13;2000;INTARIAN_PEPPER_ROOT;11351;18;11348;20;;;11369;17;11371;21;;;11360.0;0.0
yf_ZC=F_d13;2100;ASH_COATED_OSMIUM;9902;14;9899;22;;;9908;19;9912;17;;;9905.0;0.0
yf_ZC=F_d13;2100;INTARIAN_PEPPER_ROOT;11355;15;11353;18;;;11361;15;11365;19;;;11358.0;0.0
yf_ZC=F_d13;2200;ASH_COATED_OSMIUM;9902;13;9900;22;;;9908;20;9912;14;;;9905.0;0.0
yf_ZC=F_d13;2200;INTARIAN_PEPPER_ROOT;11353;23;11351;19;;;11360;12;11362;21;;;11356.5;0.0
yf_ZC=F_d13;2300;ASH_COATED_OSMIUM;9901;19;9898;22;;;9907;10;9911;22;;;9904.0;0.0
yf_ZC=F_d13;2300;INTARIAN_PEPPER_ROOT;11353;14;11349;18;;;11359;11;11363;24;;;11356.0;0.0
yf_ZC=F_d13;2400;ASH_COATED_OSMIUM;9902;11;9899;22;;;9908;17;9912;18;;;9905.0;0.0
yf_ZC=F_d13;2400;INTARIAN_PEPPER_ROOT;11351;20;11349;19;;;11357;13;11359;19;;;11354.0;0.0
yf_ZC=F_d13;2500;ASH_COATED_OSMIUM;9899;15;9897;8;;;9911;16;9913;18;;;9905.0;0.0
yf_ZC=F_d13;2500;INTARIAN_PEPPER_ROOT;11350;15;11348;19;;;11356;11;11359;24;;;11353.0;0.0
yf_ZC=F_d13;2600;ASH_COATED_OSMIUM;9897;12;9893;18;;;9914;16;9918;20;;;9905.5;0.0
yf_ZC=F_d13;2600;INTARIAN_PEPPER_ROOT;11348;12;11346;22;;;11354;7;11357;22;;;11351.0;0.0
yf_ZC=F_d13;2700;ASH_COATED_OSMIUM;9898;17;9896;21;;;9913;16;9917;20;;;9905.5;0.0
yf_ZC=F_d13;2700;INTARIAN_PEPPER_ROOT;11347;17;11343;30;;;11353;10;11357;18;;;11350.0;0.0
yf_ZC=F_d13;2800;ASH_COATED_OSMIUM;9902;10;9900;24;;;9908;13;9910;15;;;9905.0;0.0
yf_ZC=F_d13;2800;INTARIAN_PEPPER_ROOT;11339;15;11336;16;;;11357;16;11359;25;;;11348.0;0.0
yf_ZC=F_d13;2900;ASH_COATED_OSMIUM;9902;15;9900;24;;;9908;16;9910;23;;;9905.0;0.0
yf_ZC=F_d13;2900;INTARIAN_PEPPER_ROOT;11343;20;11339;13;;;11349;14;11351;23;;;11346.0;0.0
yf_ZC=F_d13;3000;ASH_COATED_OSMIUM;9901;15;9897;25;;;9908;11;9911;20;;;9904.5;0.0
yf_ZC=F_d13;3000;INTARIAN_PEPPER_ROOT;11341;24;11339;20;;;11347;12;11349;18;;;11344.0;0.0
yf_ZC=F_d13;3100;ASH_COATED_OSMIUM;9902;14;9898;22;;;9909;17;9913;15;;;9905.5;0.0
yf_ZC=F_d13;3100;INTARIAN_PEPPER_ROOT;11336;21;11334;30;;;11351;17;11353;12;;;11343.5;0.0
yf_ZC=F_d13;3200;ASH_COATED_OSMIUM;9902;12;9898;16;;;9908;12;9911;20;;;9905.0;0.0
yf_ZC=F_d13;3200;INTARIAN_PEPPER_ROOT;11338;20;11335;15;;;11346;25;11348;8;;;11342.0;0.0
yf_ZC=F_d13;3300;ASH_COATED_OSMIUM;9902;14;9900;16;;;9908;5;9912;9;;;9905.0;0.0
yf_ZC=F_d13;3300;INTARIAN_PEPPER_ROOT;11330;21;11327;15;;;11350;15;11353;21;;;11340.0;0.0
yf_ZC=F_d13;3400;ASH_COATED_OSMIUM;9902;8;9900;21;;;9908;13;9910;24;;;9905.0;0.0
yf_ZC=F_d13;3400;INTARIAN_PEPPER_ROOT;11335;7;11332;8;;;11341;11;11345;14;;;11338.0;0.0
yf_ZC=F_d13;3500;ASH_COATED_OSMIUM;9902;10;9900;17;;;9908;16;9912;20;;;9905.0;0.0
yf_ZC=F_d13;3500;INTARIAN_PEPPER_ROOT;11334;12;11330;23;;;11340;13;11344;22;;;11337.0;0.0
yf_ZC=F_d13;3600;ASH_COATED_OSMIUM;9892;17;9888;18;;;9918;10;9921;33;;;9905.0;0.0
yf_ZC=F_d13;3600;INTARIAN_PEPPER_ROOT;11332;5;11328;23;;;11338;12;11340;24;;;11335.0;0.0
yf_ZC=F_d13;3700;ASH_COATED_OSMIUM;9902;15;9900;19;;;9908;19;9912;19;;;9905.0;0.0
yf_ZC=F_d13;3700;INTARIAN_PEPPER_ROOT;11331;20;11327;15;;;11338;16;11340;25;;;11334.5;0.0
yf_ZC=F_d13;3800;ASH_COATED_OSMIUM;9902;23;9898;17;;;9908;7;9912;20;;;9905.0;0.0
yf_ZC=F_d13;3800;INTARIAN_PEPPER_ROOT;11329;7;11327;18;;;11335;12;11338;22;;;11332.0;0.0
yf_ZC=F_d13;3900;ASH_COATED_OSMIUM;9902;17;9899;16;;;9908;17;9910;19;;;9905.0;0.0
yf_ZC=F_d13;3900;INTARIAN_PEPPER_ROOT;11322;15;11320;17;;;11341;15;11343;17;;;11331.5;0.0
yf_ZC=F_d13;4000;ASH_COATED_OSMIUM;9903;9;9899;19;;;9909;18;9911;9;;;9906.0;0.0
yf_ZC=F_d13;4000;INTARIAN_PEPPER_ROOT;11326;16;11324;14;;;11332;19;11335;16;;;11329.0;0.0
yf_ZC=F_d13;4100;ASH_COATED_OSMIUM;9902;12;9900;14;;;9908;9;9910;20;;;9905.0;0.0
yf_ZC=F_d13;4100;INTARIAN_PEPPER_ROOT;11325;9;11323;24;;;11331;13;11333;14;;;11328.0;0.0
yf_ZC=F_d13;4200;ASH_COATED_OSMIUM;9902;14;9900;14;;;9908;13;9911;22;;;9905.0;0.0
yf_ZC=F_d13;4200;INTARIAN_PEPPER_ROOT;11319;16;11315;21;;;11332;13;11336;16;;;11325.5;0.0
yf_ZC=F_d13;4300;ASH_COATED_OSMIUM;9903;10;9900;19;;;9909;15;9913;13;;;9906.0;0.0
yf_ZC=F_d13;4300;INTARIAN_PEPPER_ROOT;11317;15;11315;9;;;11332;16;11334;16;;;11324.5;0.0
yf_ZC=F_d13;4400;ASH_COATED_OSMIUM;9898;16;9894;21;;;9911;20;9915;27;;;9904.5;0.0
yf_ZC=F_d13;4400;INTARIAN_PEPPER_ROOT;11319;21;11315;18;;;11326;15;11330;17;;;11322.5;0.0
yf_ZC=F_d13;4500;ASH_COATED_OSMIUM;9902;19;9899;19;;;9908;20;9910;24;;;9905.0;0.0
yf_ZC=F_d13;4500;INTARIAN_PEPPER_ROOT;11319;19;11316;19;;;11325;16;11329;25;;;11322.0;0.0
yf_ZC=F_d13;4600;ASH_COATED_OSMIUM;9903;14;9900;12;;;9909;11;9912;20;;;9906.0;0.0
yf_ZC=F_d13;4600;INTARIAN_PEPPER_ROOT;11309;5;11307;17;;;11330;17;11332;10;;;11319.5;0.0
yf_ZC=F_d13;4700;ASH_COATED_OSMIUM;9903;26;9899;32;;;9909;13;9911;18;;;9906.0;0.0
yf_ZC=F_d13;4700;INTARIAN_PEPPER_ROOT;11315;26;11311;17;;;11321;19;11324;17;;;11318.0;0.0
yf_ZC=F_d13;4800;ASH_COATED_OSMIUM;9899;20;9895;14;;;9911;12;9914;19;;;9905.0;0.0
yf_ZC=F_d13;4800;INTARIAN_PEPPER_ROOT;11312;11;11308;23;;;11321;16;11323;25;;;11316.5;0.0
yf_ZC=F_d13;4900;ASH_COATED_OSMIUM;9903;22;9900;17;;;9909;16;9912;15;;;9906.0;0.0
yf_ZC=F_d13;4900;INTARIAN_PEPPER_ROOT;11307;15;11303;15;;;11324;12;11327;11;;;11315.5;0.0
yf_ZC=F_d13;5000;ASH_COATED_OSMIUM;9892;14;9890;20;;;9919;20;9922;25;;;9905.5;0.0
yf_ZC=F_d13;5000;INTARIAN_PEPPER_ROOT;11300;13;11297;18;;;11326;5;11330;18;;;11313.0;0.0
yf_ZC=F_d13;5100;ASH_COATED_OSMIUM;9902;12;9898;16;;;9908;12;9911;30;;;9905.0;0.0
yf_ZC=F_d13;5100;INTARIAN_PEPPER_ROOT;11309;14;11307;18;;;11315;12;11319;26;;;11312.0;0.0
yf_ZC=F_d13;5200;ASH_COATED_OSMIUM;9902;22;9898;18;;;9908;5;9912;13;;;9905.0;0.0
yf_ZC=F_d13;5200;INTARIAN_PEPPER_ROOT;11303;20;11300;23;;;11318;10;11320;27;;;11310.5;0.0
yf_ZC=F_d13;5300;ASH_COATED_OSMIUM;9902;17;9898;19;;;9908;12;9911;24;;;9905.0;0.0
yf_ZC=F_d13;5300;INTARIAN_PEPPER_ROOT;11295;8;11293;25;;;11322;15;11324;18;;;11308.5;0.0
yf_ZC=F_d13;5400;ASH_COATED_OSMIUM;9901;10;9899;16;;;9910;13;9914;28;;;9905.5;0.0
yf_ZC=F_d13;5400;INTARIAN_PEPPER_ROOT;11304;19;11300;21;;;11311;16;11313;15;;;11307.5;0.0
yf_ZC=F_d13;5500;ASH_COATED_OSMIUM;9903;14;9899;14;;;9909;13;9911;22;;;9906.0;0.0
yf_ZC=F_d13;5500;INTARIAN_PEPPER_ROOT;11298;19;11296;8;;;11313;11;11317;20;;;11305.5;0.0
yf_ZC=F_d13;5600;ASH_COATED_OSMIUM;9903;14;9899;22;;;9909;12;9911;30;;;9906.0;0.0
yf_ZC=F_d13;5600;INTARIAN_PEPPER_ROOT;11287;13;11283;14;;;11322;14;11324;21;;;11304.5;0.0
yf_ZC=F_d13;5700;ASH_COATED_OSMIUM;9898;20;9895;25;;;9912;9;9914;15;;;9905.0;0.0
yf_ZC=F_d13;5700;INTARIAN_PEPPER_ROOT;11299;8;11295;17;;;11306;8;11310;13;;;11302.5;0.0
yf_ZC=F_d13;5800;ASH_COATED_OSMIUM;9901;9;9897;21;;;9911;19;9914;18;;;9906.0;0.0
yf_ZC=F_d13;5800;INTARIAN_PEPPER_ROOT;11298;20;11296;17;;;11304;5;11308;19;;;11301.0;0.0
yf_ZC=F_d13;5900;ASH_COATED_OSMIUM;9900;13;9896;12;;;9910;10;9912;22;;;9905.0;0.0
yf_ZC=F_d13;5900;INTARIAN_PEPPER_ROOT;11291;15;11287;22;;;11309;17;11312;21;;;11300.0;0.0
yf_ZC=F_d13;6000;ASH_COATED_OSMIUM;9900;5;9896;27;;;9911;18;9915;19;;;9905.5;0.0
yf_ZC=F_d13;6000;INTARIAN_PEPPER_ROOT;11294;18;11291;26;;;11301;12;11303;19;;;11297.5;0.0
yf_ZC=F_d13;6100;ASH_COATED_OSMIUM;9902;19;9900;30;;;9908;14;9911;19;;;9905.0;0.0
yf_ZC=F_d13;6100;INTARIAN_PEPPER_ROOT;11293;13;11289;11;;;11301;16;11304;12;;;11297.0;0.0
yf_ZC=F_d13;6200;ASH_COATED_OSMIUM;9903;9;9901;21;;;9909;21;9913;23;;;9906.0;0.0
yf_ZC=F_d13;6200;INTARIAN_PEPPER_ROOT;11290;17;11288;12;;;11301;12;11303;10;;;11295.5;0.0
yf_ZC=F_d13;6300;ASH_COATED_OSMIUM;9901;17;9898;17;;;9911;18;9915;23;;;9906.0;0.0
yf_ZC=F_d13;6300;INTARIAN_PEPPER_ROOT;11282;20;11280;17;;;11304;16;11308;20;;;11293.0;0.0
yf_ZC=F_d13;6400;ASH_COATED_OSMIUM;9895;10;9892;22;;;9915;19;9919;13;;;9905.0;0.0
yf_ZC=F_d13;6400;INTARIAN_PEPPER_ROOT;11289;16;11286;19;;;11295;20;11298;17;;;11292.0;0.0
yf_ZC=F_d13;6500;ASH_COATED_OSMIUM;9902;15;9899;25;;;9908;18;9910;12;;;9905.0;0.0
yf_ZC=F_d13;6500;INTARIAN_PEPPER_ROOT;11286;5;11283;21;;;11294;17;11298;12;;;11290.0;0.0
yf_ZC=F_d13;6600;ASH_COATED_OSMIUM;9903;22;9900;22;;;9909;5;9913;25;;;9906.0;0.0
yf_ZC=F_d13;6600;INTARIAN_PEPPER_ROOT;11282;11;11280;17;;;11295;8;11297;28;;;11288.5;0.0
yf_ZC=F_d13;6700;ASH_COATED_OSMIUM;9902;16;9900;18;;;9908;15;9912;24;;;9905.0;0.0
yf_ZC=F_d13;6700;INTARIAN_PEPPER_ROOT;11282;9;11279;28;;;11293;20;11296;20;;;11287.5;0.0
yf_ZC=F_d13;6800;ASH_COATED_OSMIUM;9903;13;9900;21;;;9909;26;9911;10;;;9906.0;0.0
yf_ZC=F_d13;6800;INTARIAN_PEPPER_ROOT;11280;14;11278;20;;;11290;22;11293;17;;;11285.0;0.0
yf_ZC=F_d13;6900;ASH_COATED_OSMIUM;9899;14;9896;32;;;9913;16;9915;16;;;9906.0;0.0
yf_ZC=F_d13;6900;INTARIAN_PEPPER_ROOT;11281;14;11278;22;;;11287;21;11290;20;;;11284.0;0.0
yf_ZC=F_d13;7000;ASH_COATED_OSMIUM;9903;12;9899;23;;;9909;20;9913;21;;;9906.0;0.0
yf_ZC=F_d13;7000;INTARIAN_PEPPER_ROOT;11279;17;11276;21;;;11285;9;11289;27;;;11282.0;0.0
yf_ZC=F_d13;7100;ASH_COATED_OSMIUM;9902;13;9899;35;;;9910;14;9912;13;;;9906.0;0.0
yf_ZC=F_d13;7100;INTARIAN_PEPPER_ROOT;11270;17;11268;18;;;11291;19;11294;16;;;11280.5;0.0
yf_ZC=F_d13;7200;ASH_COATED_OSMIUM;9901;19;9899;15;;;9911;20;9913;28;;;9906.0;0.0
yf_ZC=F_d13;7200;INTARIAN_PEPPER_ROOT;11274;19;11271;22;;;11285;10;11288;20;;;11279.5;0.0
yf_ZC=F_d13;7300;ASH_COATED_OSMIUM;9903;8;9901;16;;;9909;16;9911;28;;;9906.0;0.0
yf_ZC=F_d13;7300;INTARIAN_PEPPER_ROOT;11275;18;11273;18;;;11281;15;11284;18;;;11278.0;0.0
yf_ZC=F_d13;7400;ASH_COATED_OSMIUM;9903;15;9900;23;;;9909;12;9911;18;;;9906.0;0.0
yf_ZC=F_d13;7400;INTARIAN_PEPPER_ROOT;11273;15;11269;22;;;11279;19;11281;15;;;11276.0;0.0
yf_ZC=F_d13;7500;ASH_COATED_OSMIUM;9903;7;9899;18;;;9909;20;9912;14;;;9906.0;0.0
yf_ZC=F_d13;7500;INTARIAN_PEPPER_ROOT;11271;18;11267;16;;;11277;17;11280;14;;;11274.0;0.0
yf_ZC=F_d13;7600;ASH_COATED_OSMIUM;9902;8;9900;17;;;9909;13;9913;26;;;9905.5;0.0
yf_ZC=F_d13;7600;INTARIAN_PEPPER_ROOT;11271;15;11269;24;;;11277;19;11280;19;;;11274.0;0.0
yf_ZC=F_d13;7700;ASH_COATED_OSMIUM;9902;11;9900;16;;;9910;19;9914;16;;;9906.0;0.0
yf_ZC=F_d13;7700;INTARIAN_PEPPER_ROOT;11269;5;11266;16;;;11275;13;11278;19;;;11272.0;0.0
yf_ZC=F_d13;7800;ASH_COATED_OSMIUM;9902;15;9898;22;;;9908;8;9910;17;;;9905.0;0.0
yf_ZC=F_d13;7800;INTARIAN_PEPPER_ROOT;11265;13;11262;16;;;11275;21;11279;24;;;11270.0;0.0
yf_ZC=F_d13;7900;ASH_COATED_OSMIUM;9903;15;9899;15;;;9909;20;9911;17;;;9906.0;0.0
yf_ZC=F_d13;7900;INTARIAN_PEPPER_ROOT;11264;17;11260;17;;;11273;16;11275;19;;;11268.5;0.0
yf_ZC=F_d13;8000;ASH_COATED_OSMIUM;9903;11;9900;26;;;9909;13;9911;17;;;9906.0;0.0
yf_ZC=F_d13;8000;INTARIAN_PEPPER_ROOT;11262;22;11259;19;;;11271;18;11274;22;;;11266.5;0.0
yf_ZC=F_d13;8100;ASH_COATED_OSMIUM;9899;13;9896;21;;;9913;22;9917;26;;;9906.0;0.0
yf_ZC=F_d13;8100;INTARIAN_PEPPER_ROOT;11262;19;11258;21;;;11268;17;11270;18;;;11265.0;0.0
yf_ZC=F_d13;8200;ASH_COATED_OSMIUM;9901;16;9899;25;;;9911;21;9914;18;;;9906.0;0.0
yf_ZC=F_d13;8200;INTARIAN_PEPPER_ROOT;11247;17;11243;23;;;11280;20;11282;13;;;11263.5;0.0
yf_ZC=F_d13;8300;ASH_COATED_OSMIUM;9903;17;9901;18;;;9909;10;9913;16;;;9906.0;0.0
yf_ZC=F_d13;8300;INTARIAN_PEPPER_ROOT;11259;10;11256;22;;;11265;5;11269;10;;;11262.0;0.0
yf_ZC=F_d13;8400;ASH_COATED_OSMIUM;9898;5;9895;18;;;9914;12;9918;27;;;9906.0;0.0
yf_ZC=F_d13;8400;INTARIAN_PEPPER_ROOT;11255;18;11252;25;;;11266;16;11269;21;;;11260.5;0.0
yf_ZC=F_d13;8500;ASH_COATED_OSMIUM;9891;18;9889;11;;;9921;16;9923;16;;;9906.0;0.0
yf_ZC=F_d13;8500;INTARIAN_PEPPER_ROOT;11252;13;11250;18;;;11265;7;11269;22;;;11258.5;0.0
yf_ZC=F_d13;8600;ASH_COATED_OSMIUM;9903;8;9900;19;;;9909;10;9911;20;;;9906.0;0.0
yf_ZC=F_d13;8600;INTARIAN_PEPPER_ROOT;11251;19;11249;19;;;11264;17;11266;20;;;11257.5;0.0
yf_ZC=F_d13;8700;ASH_COATED_OSMIUM;9898;16;9894;21;;;9915;19;9918;28;;;9906.5;0.0
yf_ZC=F_d13;8700;INTARIAN_PEPPER_ROOT;11253;7;11251;22;;;11259;18;11262;20;;;11256.0;0.0
yf_ZC=F_d13;8800;ASH_COATED_OSMIUM;9902;15;9899;21;;;9910;17;9914;23;;;9906.0;0.0
yf_ZC=F_d13;8800;INTARIAN_PEPPER_ROOT;11247;16;11244;25;;;11261;20;11265;15;;;11254.0;0.0
yf_ZC=F_d13;8900;ASH_COATED_OSMIUM;9903;22;9900;24;;;9909;19;9911;16;;;9906.0;0.0
yf_ZC=F_d13;8900;INTARIAN_PEPPER_ROOT;11243;16;11241;26;;;11263;20;11266;28;;;11253.0;0.0
yf_ZC=F_d13;9000;ASH_COATED_OSMIUM;9880;14;9876;26;;;9931;17;9934;23;;;9905.5;0.0
yf_ZC=F_d13;9000;INTARIAN_PEPPER_ROOT;11249;16;11246;13;;;11255;13;11259;24;;;11252.0;0.0
yf_ZC=F_d13;9100;ASH_COATED_OSMIUM;9903;16;9901;22;;;9909;11;9911;9;;;9906.0;0.0
yf_ZC=F_d13;9100;INTARIAN_PEPPER_ROOT;11246;15;11242;21;;;11252;17;11256;20;;;11249.0;0.0
yf_ZC=F_d13;9200;ASH_COATED_OSMIUM;9902;11;9898;20;;;9910;19;9912;18;;;9906.0;0.0
yf_ZC=F_d13;9200;INTARIAN_PEPPER_ROOT;11245;18;11241;23;;;11251;24;11255;24;;;11248.0;0.0
yf_ZC=F_d13;9300;ASH_COATED_OSMIUM;9903;15;9900;19;;;9909;6;9911;17;;;9906.0;0.0
yf_ZC=F_d13;9300;INTARIAN_PEPPER_ROOT;11243;12;11239;27;;;11249;13;11252;23;;;11246.0;0.0
yf_ZC=F_d13;9400;ASH_COATED_OSMIUM;9903;7;9901;21;;;9909;18;9912;20;;;9906.0;0.0
yf_ZC=F_d13;9400;INTARIAN_PEPPER_ROOT;11242;7;11239;19;;;11248;14;11251;13;;;11245.0;0.0
yf_ZC=F_d13;9500;ASH_COATED_OSMIUM;9900;14;9898;22;;;9914;5;9916;18;;;9907.0;0.0
yf_ZC=F_d13;9500;INTARIAN_PEPPER_ROOT;11238;20;11234;19;;;11247;12;11251;25;;;11242.5;0.0
yf_ZC=F_d13;9600;ASH_COATED_OSMIUM;9898;11;9896;23;;;9915;18;9917;9;;;9906.5;0.0
yf_ZC=F_d13;9600;INTARIAN_PEPPER_ROOT;11237;14;11235;24;;;11246;5;11249;21;;;11241.5;0.0
yf_ZC=F_d13;9700;ASH_COATED_OSMIUM;9903;20;9900;14;;;9909;15;9912;18;;;9906.0;0.0
yf_ZC=F_d13;9700;INTARIAN_PEPPER_ROOT;11237;23;11234;24;;;11243;13;11246;14;;;11240.0;0.0
yf_ZC=F_d13;9800;ASH_COATED_OSMIUM;9903;11;9900;21;;;9909;19;9912;16;;;9906.0;0.0
yf_ZC=F_d13;9800;INTARIAN_PEPPER_ROOT;11235;14;11232;19;;;11241;20;11243;23;;;11238.0;0.0
yf_ZC=F_d13;9900;ASH_COATED_OSMIUM;9903;5;9901;27;;;9909;14;9913;24;;;9906.0;0.0
yf_ZC=F_d13;9900;INTARIAN_PEPPER_ROOT;11234;16;11231;23;;;11240;15;11244;19;;;11237.0;0.0
yf_ZC=F_d13;10000;ASH_COATED_OSMIUM;9901;14;9897;16;;;9913;10;9915;25;;;9907.0;0.0
yf_ZC=F_d13;10000;INTARIAN_PEPPER_ROOT;11233;12;11230;19;;;11239;19;11241;24;;;11236.0;0.0
yf_ZC=F_d13;10100;ASH_COATED_OSMIUM;9900;9;9897;22;;;9913;9;9916;9;;;9906.5;0.0
yf_ZC=F_d13;10100;INTARIAN_PEPPER_ROOT;11230;11;11227;22;;;11236;16;11239;14;;;11233.0;0.0
yf_ZC=F_d13;10200;ASH_COATED_OSMIUM;9903;17;9899;8;;;9909;10;9911;22;;;9906.0;0.0
yf_ZC=F_d13;10200;INTARIAN_PEPPER_ROOT;11227;12;11223;25;;;11238;16;11240;35;;;11232.5;0.0
yf_ZC=F_d13;10300;ASH_COATED_OSMIUM;9903;21;9899;26;;;9909;17;9913;18;;;9906.0;0.0
yf_ZC=F_d13;10300;INTARIAN_PEPPER_ROOT;11228;18;11224;15;;;11234;7;11238;21;;;11231.0;0.0
yf_ZC=F_d13;10400;ASH_COATED_OSMIUM;9894;22;9890;21;;;9917;20;9919;18;;;9905.5;0.0
yf_ZC=F_d13;10400;INTARIAN_PEPPER_ROOT;11227;7;11224;24;;;11233;16;11235;23;;;11230.0;0.0
yf_ZC=F_d13;10500;ASH_COATED_OSMIUM;9903;16;9899;22;;;9909;17;9912;17;;;9906.0;0.0
yf_ZC=F_d13;10500;INTARIAN_PEPPER_ROOT;11225;10;11221;20;;;11231;8;11235;24;;;11228.0;0.0
yf_ZC=F_d13;10600;ASH_COATED_OSMIUM;9886;14;9883;14;;;9928;7;9931;21;;;9907.0;0.0
yf_ZC=F_d13;10600;INTARIAN_PEPPER_ROOT;11216;17;11212;20;;;11236;21;11240;25;;;11226.0;0.0
yf_ZC=F_d13;10700;ASH_COATED_OSMIUM;9904;20;9902;14;;;9910;12;9913;15;;;9907.0;0.0
yf_ZC=F_d13;10700;INTARIAN_PEPPER_ROOT;11221;15;11218;23;;;11229;9;11231;17;;;11225.0;0.0
yf_ZC=F_d13;10800;ASH_COATED_OSMIUM;9901;5;9898;17;;;9912;17;9914;22;;;9906.5;0.0
yf_ZC=F_d13;10800;INTARIAN_PEPPER_ROOT;11220;14;11216;22;;;11227;11;11231;19;;;11223.5;0.0
yf_ZC=F_d13;10900;ASH_COATED_OSMIUM;9904;12;9902;22;;;9910;14;9914;23;;;9907.0;0.0
yf_ZC=F_d13;10900;INTARIAN_PEPPER_ROOT;11217;10;11213;16;;;11227;18;11230;18;;;11222.0;0.0
yf_ZC=F_d13;11000;ASH_COATED_OSMIUM;9901;11;9897;26;;;9911;19;9913;17;;;9906.0;0.0
yf_ZC=F_d13;11000;INTARIAN_PEPPER_ROOT;11217;12;11214;20;;;11223;20;11226;29;;;11220.0;0.0
yf_ZC=F_d13;11100;ASH_COATED_OSMIUM;9901;17;9898;13;;;9911;12;9915;26;;;9906.0;0.0
yf_ZC=F_d13;11100;INTARIAN_PEPPER_ROOT;11215;20;11212;28;;;11221;9;11224;14;;;11218.0;0.0
yf_ZC=F_d13;11200;ASH_COATED_OSMIUM;9904;5;9900;16;;;9910;28;9912;23;;;9907.0;0.0
yf_ZC=F_d13;11200;INTARIAN_PEPPER_ROOT;11214;11;11210;12;;;11220;14;11222;17;;;11217.0;0.0
yf_ZC=F_d13;11300;ASH_COATED_OSMIUM;9904;15;9900;24;;;9910;6;9914;17;;;9907.0;0.0
yf_ZC=F_d13;11300;INTARIAN_PEPPER_ROOT;11212;17;11209;23;;;11218;11;11221;27;;;11215.0;0.0
yf_ZC=F_d13;11400;ASH_COATED_OSMIUM;9903;14;9900;26;;;9909;13;9913;13;;;9906.0;0.0
yf_ZC=F_d13;11400;INTARIAN_PEPPER_ROOT;11211;17;11209;29;;;11217;13;11220;25;;;11214.0;0.0
yf_ZC=F_d13;11500;ASH_COATED_OSMIUM;9903;13;9899;13;;;9911;12;9914;17;;;9907.0;0.0
yf_ZC=F_d13;11500;INTARIAN_PEPPER_ROOT;11210;13;11208;29;;;11216;16;11220;24;;;11213.0;0.0
yf_ZC=F_d13;11600;ASH_COATED_OSMIUM;9903;15;9900;17;;;9909;7;9911;19;;;9906.0;0.0
yf_ZC=F_d13;11600;INTARIAN_PEPPER_ROOT;11208;13;11206;21;;;11214;13;11217;15;;;11211.0;0.0
yf_ZC=F_d13;11700;ASH_COATED_OSMIUM;9901;13;9897;13;;;9910;17;9913;19;;;9905.5;0.0
yf_ZC=F_d13;11700;INTARIAN_PEPPER_ROOT;11206;16;11204;19;;;11212;19;11216;21;;;11209.0;0.0
yf_ZC=F_d13;11800;ASH_COATED_OSMIUM;9904;14;9900;21;;;9910;12;9913;27;;;9907.0;0.0
yf_ZC=F_d13;11800;INTARIAN_PEPPER_ROOT;11205;14;11201;13;;;11211;6;11213;8;;;11208.0;0.0
yf_ZC=F_d13;11900;ASH_COATED_OSMIUM;9897;7;9893;14;;;9916;12;9920;22;;;9906.5;0.0
yf_ZC=F_d13;11900;INTARIAN_PEPPER_ROOT;11202;14;11200;15;;;11209;19;11212;29;;;11205.5;0.0
yf_ZC=F_d13;12000;ASH_COATED_OSMIUM;9903;20;9900;29;;;9909;13;9912;16;;;9906.0;0.0
yf_ZC=F_d13;12000;INTARIAN_PEPPER_ROOT;11192;7;11189;24;;;11216;16;11218;14;;;11204.0;0.0
yf_ZC=F_d13;12100;ASH_COATED_OSMIUM;9903;21;9899;9;;;9909;17;9912;23;;;9906.0;0.0
yf_ZC=F_d13;12100;INTARIAN_PEPPER_ROOT;11200;14;11197;18;;;11206;11;11210;21;;;11203.0;0.0
yf_ZC=F_d13;12200;ASH_COATED_OSMIUM;9903;15;9899;16;;;9909;16;9911;16;;;9906.0;0.0
yf_ZC=F_d13;12200;INTARIAN_PEPPER_ROOT;11192;17;11190;19;;;11211;13;11213;25;;;11201.5;0.0
yf_ZC=F_d13;12300;ASH_COATED_OSMIUM;9885;21;9883;14;;;9929;12;9932;24;;;9907.0;0.0
yf_ZC=F_d13;12300;INTARIAN_PEPPER_ROOT;11196;14;11194;17;;;11204;15;11206;28;;;11200.0;0.0
yf_ZC=F_d13;12400;ASH_COATED_OSMIUM;9900;22;9898;19;;;9913;19;9916;18;;;9906.5;0.0
yf_ZC=F_d13;12400;INTARIAN_PEPPER_ROOT;11193;15;11191;22;;;11204;7;11206;21;;;11198.5;0.0
yf_ZC=F_d13;12500;ASH_COATED_OSMIUM;9903;19;9901;26;;;9909;20;9913;20;;;9906.0;0.0
yf_ZC=F_d13;12500;INTARIAN_PEPPER_ROOT;11180;13;11178;24;;;11214;13;11216;18;;;11197.0;0.0
yf_ZC=F_d13;12600;ASH_COATED_OSMIUM;9904;30;9902;23;;;9910;17;9913;26;;;9907.0;0.0
yf_ZC=F_d13;12600;INTARIAN_PEPPER_ROOT;11193;10;11189;20;;;11199;23;11203;22;;;11196.0;0.0
yf_ZC=F_d13;12700;ASH_COATED_OSMIUM;9903;9;9901;26;;;9909;5;9911;23;;;9906.0;0.0
yf_ZC=F_d13;12700;INTARIAN_PEPPER_ROOT;11191;11;11188;20;;;11197;11;11199;20;;;11194.0;0.0
yf_ZC=F_d13;12800;ASH_COATED_OSMIUM;9899;5;9896;19;;;9914;11;9917;15;;;9906.5;0.0
yf_ZC=F_d13;12800;INTARIAN_PEPPER_ROOT;11187;18;11183;22;;;11197;17;11200;14;;;11192.0;0.0
yf_ZC=F_d13;12900;ASH_COATED_OSMIUM;9898;12;9895;21;;;9915;13;9917;23;;;9906.5;0.0
yf_ZC=F_d13;12900;INTARIAN_PEPPER_ROOT;11187;11;11185;20;;;11193;15;11195;8;;;11190.0;0.0
yf_ZC=F_d13;13000;ASH_COATED_OSMIUM;9904;12;9900;22;;;9910;8;9912;24;;;9907.0;0.0
yf_ZC=F_d13;13000;INTARIAN_PEPPER_ROOT;11185;13;11182;18;;;11192;16;11195;11;;;11188.5;0.0
yf_ZC=F_d13;13100;ASH_COATED_OSMIUM;9887;14;9884;22;;;9927;21;9931;17;;;9907.0;0.0
yf_ZC=F_d13;13100;INTARIAN_PEPPER_ROOT;11175;11;11171;16;;;11200;15;11203;29;;;11187.5;0.0
yf_ZC=F_d13;13200;ASH_COATED_OSMIUM;9904;19;9902;18;;;9910;26;9914;13;;;9907.0;0.0
yf_ZC=F_d13;13200;INTARIAN_PEPPER_ROOT;11183;13;11180;26;;;11189;12;11193;21;;;11186.0;0.0
yf_ZC=F_d13;13300;ASH_COATED_OSMIUM;9902;20;9900;17;;;9912;23;9915;11;;;9907.0;0.0
yf_ZC=F_d13;13300;INTARIAN_PEPPER_ROOT;11181;19;11178;29;;;11187;13;11189;24;;;11184.0;0.0
yf_ZC=F_d13;13400;ASH_COATED_OSMIUM;9895;12;9891;20;;;9917;20;9920;14;;;9906.0;0.0
yf_ZC=F_d13;13400;INTARIAN_PEPPER_ROOT;11171;14;11168;21;;;11194;12;11198;9;;;11182.5;0.0
yf_ZC=F_d13;13500;ASH_COATED_OSMIUM;9904;11;9900;18;;;9910;16;9913;22;;;9907.0;0.0
yf_ZC=F_d13;13500;INTARIAN_PEPPER_ROOT;11177;17;11175;17;;;11185;17;11187;22;;;11181.0;0.0
yf_ZC=F_d13;13600;ASH_COATED_OSMIUM;9904;10;9902;19;;;9910;16;9914;23;;;9907.0;0.0
yf_ZC=F_d13;13600;INTARIAN_PEPPER_ROOT;11170;12;11168;13;;;11190;6;11194;27;;;11180.0;0.0
yf_ZC=F_d13;13700;ASH_COATED_OSMIUM;9904;14;9902;23;;;9910;26;9913;19;;;9907.0;0.0
yf_ZC=F_d13;13700;INTARIAN_PEPPER_ROOT;11175;19;11171;12;;;11181;9;11184;14;;;11178.0;0.0
yf_ZC=F_d13;13800;ASH_COATED_OSMIUM;9904;13;9900;20;;;9910;13;9912;23;;;9907.0;0.0
yf_ZC=F_d13;13800;INTARIAN_PEPPER_ROOT;11173;24;11170;20;;;11179;14;11182;9;;;11176.0;0.0
yf_ZC=F_d13;13900;ASH_COATED_OSMIUM;9904;19;9901;28;;;9910;21;9913;23;;;9907.0;0.0
yf_ZC=F_d13;13900;INTARIAN_PEPPER_ROOT;11172;16;11170;25;;;11178;16;11180;20;;;11175.0;0.0
yf_ZC=F_d13;14000;ASH_COATED_OSMIUM;9904;17;9901;17;;;9910;11;9912;15;;;9907.0;0.0
yf_ZC=F_d13;14000;INTARIAN_PEPPER_ROOT;11169;8;11166;16;;;11176;11;11178;17;;;11172.5;0.0
yf_ZC=F_d13;14100;ASH_COATED_OSMIUM;9904;5;9900;23;;;9910;18;9914;18;;;9907.0;0.0
yf_ZC=F_d13;14100;INTARIAN_PEPPER_ROOT;11164;7;11161;17;;;11180;22;11182;21;;;11172.0;0.0
yf_ZC=F_d13;14200;ASH_COATED_OSMIUM;9904;12;9902;22;;;9910;17;9912;23;;;9907.0;0.0
yf_ZC=F_d13;14200;INTARIAN_PEPPER_ROOT;11163;5;11160;20;;;11177;20;11181;20;;;11170.0;0.0
yf_ZC=F_d13;14300;ASH_COATED_OSMIUM;9904;8;9901;19;;;9910;9;9912;22;;;9907.0;0.0
yf_ZC=F_d13;14300;INTARIAN_PEPPER_ROOT;11165;11;11162;12;;;11171;22;11173;19;;;11168.0;0.0
yf_ZC=F_d13;14400;ASH_COATED_OSMIUM;9903;12;9901;17;;;9910;5;9912;34;;;9906.5;0.0
yf_ZC=F_d13;14400;INTARIAN_PEPPER_ROOT;11164;10;11162;22;;;11170;14;11172;25;;;11167.0;0.0
yf_ZC=F_d13;14500;ASH_COATED_OSMIUM;9904;21;9901;16;;;9910;7;9912;10;;;9907.0;0.0
yf_ZC=F_d13;14500;INTARIAN_PEPPER_ROOT;11157;15;11155;21;;;11175;13;11179;22;;;11166.0;0.0
yf_ZC=F_d13;14600;ASH_COATED_OSMIUM;9904;8;9902;17;;;9910;7;9914;13;;;9907.0;0.0
yf_ZC=F_d13;14600;INTARIAN_PEPPER_ROOT;11161;9;11159;19;;;11167;14;11171;22;;;11164.0;0.0
yf_ZC=F_d13;14700;ASH_COATED_OSMIUM;9904;10;9902;19;;;9910;10;9914;19;;;9907.0;0.0
yf_ZC=F_d13;14700;INTARIAN_PEPPER_ROOT;11159;17;11155;26;;;11166;9;11170;16;;;11162.5;0.0
yf_ZC=F_d13;14800;ASH_COATED_OSMIUM;9904;12;9901;12;;;9910;17;9914;23;;;9907.0;0.0
yf_ZC=F_d13;14800;INTARIAN_PEPPER_ROOT;11153;9;11151;13;;;11169;11;11173;14;;;11161.0;0.0
yf_ZC=F_d13;14900;ASH_COATED_OSMIUM;9904;16;9902;15;;;9911;10;9915;8;;;9907.5;0.0
yf_ZC=F_d13;14900;INTARIAN_PEPPER_ROOT;11153;17;11150;26;;;11166;5;11169;18;;;11159.5;0.0
yf_ZC=F_d13;15000;ASH_COATED_OSMIUM;9904;5;9902;20;;;9910;13;9914;25;;;9907.0;0.0
yf_ZC=F_d13;15000;INTARIAN_PEPPER_ROOT;11154;13;11151;14;;;11162;18;11165;20;;;11158.0;0.0
yf_ZC=F_d13;15100;ASH_COATED_OSMIUM;9904;17;9902;10;;;9910;26;9913;26;;;9907.0;0.0
yf_ZC=F_d13;15100;INTARIAN_PEPPER_ROOT;11153;23;11151;23;;;11159;24;11163;22;;;11156.0;0.0
yf_ZC=F_d13;15200;ASH_COATED_OSMIUM;9904;12;9901;18;;;9910;20;9914;20;;;9907.0;0.0
yf_ZC=F_d13;15200;INTARIAN_PEPPER_ROOT;11143;18;11141;25;;;11165;5;11169;20;;;11154.0;0.0
yf_ZC=F_d13;15300;ASH_COATED_OSMIUM;9904;10;9901;21;;;9910;9;9914;25;;;9907.0;0.0
yf_ZC=F_d13;15300;INTARIAN_PEPPER_ROOT;11150;6;11147;22;;;11156;18;11159;11;;;11153.0;0.0
yf_ZC=F_d13;15400;ASH_COATED_OSMIUM;9904;15;9900;21;;;9910;18;9914;12;;;9907.0;0.0
yf_ZC=F_d13;15400;INTARIAN_PEPPER_ROOT;11148;20;11145;20;;;11154;17;11156;19;;;11151.0;0.0
yf_ZC=F_d13;15500;ASH_COATED_OSMIUM;9897;26;9893;19;;;9916;18;9920;17;;;9906.5;0.0
yf_ZC=F_d13;15500;INTARIAN_PEPPER_ROOT;11144;7;11142;24;;;11155;15;11157;13;;;11149.5;0.0
yf_ZC=F_d13;15600;ASH_COATED_OSMIUM;9898;17;9896;24;;;9916;9;9919;20;;;9907.0;0.0
yf_ZC=F_d13;15600;INTARIAN_PEPPER_ROOT;11145;19;11141;19;;;11151;14;11154;26;;;11148.0;0.0
yf_ZC=F_d13;15700;ASH_COATED_OSMIUM;9904;13;9902;20;;;9911;5;9915;20;;;9907.5;0.0
yf_ZC=F_d13;15700;INTARIAN_PEPPER_ROOT;11143;16;11139;15;;;11150;11;11153;24;;;11146.5;0.0
yf_ZC=F_d13;15800;ASH_COATED_OSMIUM;9904;21;9901;25;;;9910;17;9912;20;;;9907.0;0.0
yf_ZC=F_d13;15800;INTARIAN_PEPPER_ROOT;11142;11;11138;16;;;11148;10;11150;21;;;11145.0;0.0
yf_ZC=F_d13;15900;ASH_COATED_OSMIUM;9904;22;9902;18;;;9910;28;9914;18;;;9907.0;0.0
yf_ZC=F_d13;15900;INTARIAN_PEPPER_ROOT;11141;11;11137;12;;;11147;10;11149;18;;;11144.0;0.0
yf_ZC=F_d13;16000;ASH_COATED_OSMIUM;9904;21;9900;21;;;9910;18;9914;26;;;9907.0;0.0
yf_ZC=F_d13;16000;INTARIAN_PEPPER_ROOT;11140;8;11136;19;;;11146;16;11150;29;;;11143.0;0.0
yf_ZC=F_d13;16100;ASH_COATED_OSMIUM;9905;17;9902;10;;;9911;15;9915;20;;;9908.0;0.0
yf_ZC=F_d13;16100;INTARIAN_PEPPER_ROOT;11138;14;11135;23;;;11144;8;11148;10;;;11141.0;0.0
yf_ZC=F_d13;16200;ASH_COATED_OSMIUM;9904;14;9900;22;;;9910;9;9913;23;;;9907.0;0.0
yf_ZC=F_d13;16200;INTARIAN_PEPPER_ROOT;11135;15;11133;22;;;11142;10;11144;19;;;11138.5;0.0
yf_ZC=F_d13;16300;ASH_COATED_OSMIUM;9905;9;9901;23;;;9911;5;9913;21;;;9908.0;0.0
yf_ZC=F_d13;16300;INTARIAN_PEPPER_ROOT;11134;25;11130;16;;;11140;17;11143;19;;;11137.0;0.0
yf_ZC=F_d13;16400;ASH_COATED_OSMIUM;9897;14;9893;26;;;9917;5;9919;19;;;9907.0;0.0
yf_ZC=F_d13;16400;INTARIAN_PEPPER_ROOT;11133;18;11129;10;;;11139;17;11143;28;;;11136.0;0.0
yf_ZC=F_d13;16500;ASH_COATED_OSMIUM;9904;11;9902;19;;;9910;12;9913;17;;;9907.0;0.0
yf_ZC=F_d13;16500;INTARIAN_PEPPER_ROOT;11131;11;11127;16;;;11137;21;11140;13;;;11134.0;0.0
yf_ZC=F_d13;16600;ASH_COATED_OSMIUM;9905;7;9903;20;;;9911;19;9913;16;;;9908.0;0.0
yf_ZC=F_d13;16600;INTARIAN_PEPPER_ROOT;11130;9;11128;27;;;11136;16;11139;18;;;11133.0;0.0
yf_ZC=F_d13;16700;ASH_COATED_OSMIUM;9905;16;9901;23;;;9911;18;9915;10;;;9908.0;0.0
yf_ZC=F_d13;16700;INTARIAN_PEPPER_ROOT;11127;15;11123;21;;;11135;14;11137;23;;;11131.0;0.0
yf_ZC=F_d13;16800;ASH_COATED_OSMIUM;9892;10;9889;25;;;9922;5;9926;19;;;9907.0;0.0
yf_ZC=F_d13;16800;INTARIAN_PEPPER_ROOT;11127;19;11125;27;;;11133;15;11137;17;;;11130.0;0.0
yf_ZC=F_d13;16900;ASH_COATED_OSMIUM;9897;19;9895;21;;;9916;17;9920;12;;;9906.5;0.0
yf_ZC=F_d13;16900;INTARIAN_PEPPER_ROOT;11125;10;11123;25;;;11131;15;11134;10;;;11128.0;0.0
yf_ZC=F_d13;17000;ASH_COATED_OSMIUM;9905;18;9903;11;;;9911;24;9915;16;;;9908.0;0.0
yf_ZC=F_d13;17000;INTARIAN_PEPPER_ROOT;11125;12;11123;12;;;11131;17;11134;24;;;11128.0;0.0
yf_ZC=F_d13;17100;ASH_COATED_OSMIUM;9889;16;9887;26;;;9925;16;9928;17;;;9907.0;0.0
yf_ZC=F_d13;17100;INTARIAN_PEPPER_ROOT;11128;17;11125;19;;;11134;5;11137;21;;;11131.0;0.0
yf_ZC=F_d13;17200;ASH_COATED_OSMIUM;9903;10;9900;26;;;9911;17;9915;16;;;9907.0;0.0
yf_ZC=F_d13;17200;INTARIAN_PEPPER_ROOT;11129;14;11126;27;;;11135;13;11138;25;;;11132.0;0.0
yf_ZC=F_d13;17300;ASH_COATED_OSMIUM;9904;9;9900;25;;;9910;10;9913;18;;;9907.0;0.0
yf_ZC=F_d13;17300;INTARIAN_PEPPER_ROOT;11132;20;11130;21;;;11138;9;11140;18;;;11135.0;0.0
yf_ZC=F_d13;17400;ASH_COATED_OSMIUM;9904;14;9902;24;;;9910;16;9914;20;;;9907.0;0.0
yf_ZC=F_d13;17400;INTARIAN_PEPPER_ROOT;11134;15;11130;22;;;11140;9;11144;14;;;11137.0;0.0
yf_ZC=F_d13;17500;ASH_COATED_OSMIUM;9898;10;9895;22;;;9917;13;9919;15;;;9907.5;0.0
yf_ZC=F_d13;17500;INTARIAN_PEPPER_ROOT;11130;18;11127;24;;;11147;18;11150;17;;;11138.5;0.0
yf_ZC=F_d13;17600;ASH_COATED_OSMIUM;9905;11;9903;28;;;9911;18;9915;24;;;9908.0;0.0
yf_ZC=F_d13;17600;INTARIAN_PEPPER_ROOT;11139;8;11137;17;;;11145;5;11147;22;;;11142.0;0.0
yf_ZC=F_d13;17700;ASH_COATED_OSMIUM;9903;17;9899;22;;;9909;13;9911;23;;;9906.0;0.0
yf_ZC=F_d13;17700;INTARIAN_PEPPER_ROOT;11137;22;11135;22;;;11150;13;11152;12;;;11143.5;0.0
yf_ZC=F_d13;17800;ASH_COATED_OSMIUM;9903;29;9899;17;;;9912;21;9915;19;;;9907.5;0.0
yf_ZC=F_d13;17800;INTARIAN_PEPPER_ROOT;11135;8;11131;15;;;11155;16;11159;8;;;11145.0;0.0
yf_ZC=F_d13;17900;ASH_COATED_OSMIUM;9903;18;9900;8;;;9911;15;9915;27;;;9907.0;0.0
yf_ZC=F_d13;17900;INTARIAN_PEPPER_ROOT;11145;11;11141;25;;;11151;17;11154;16;;;11148.0;0.0
yf_ZC=F_d13;18000;ASH_COATED_OSMIUM;9903;5;9899;24;;;9910;15;9914;26;;;9906.5;0.0
yf_ZC=F_d13;18000;INTARIAN_PEPPER_ROOT;11146;18;11142;25;;;11152;16;11156;17;;;11149.0;0.0
yf_ZC=F_d13;18100;ASH_COATED_OSMIUM;9903;6;9899;18;;;9909;11;9912;16;;;9906.0;0.0
yf_ZC=F_d13;18100;INTARIAN_PEPPER_ROOT;11149;15;11145;24;;;11155;17;11159;26;;;11152.0;0.0
yf_ZC=F_d13;18200;ASH_COATED_OSMIUM;9896;16;9892;24;;;9916;5;9920;13;;;9906.0;0.0
yf_ZC=F_d13;18200;INTARIAN_PEPPER_ROOT;11151;19;11148;22;;;11157;17;11161;25;;;11154.0;0.0
yf_ZC=F_d13;18300;ASH_COATED_OSMIUM;9904;5;9902;22;;;9911;5;9913;13;;;9907.5;0.0
yf_ZC=F_d13;18300;INTARIAN_PEPPER_ROOT;11153;19;11150;15;;;11159;15;11162;28;;;11156.0;0.0
yf_ZC=F_d13;18400;ASH_COATED_OSMIUM;9897;18;9893;17;;;9916;12;9919;12;;;9906.5;0.0
yf_ZC=F_d13;18400;INTARIAN_PEPPER_ROOT;11155;15;11153;21;;;11161;19;11165;25;;;11158.0;0.0
yf_ZC=F_d13;18500;ASH_COATED_OSMIUM;9904;11;9900;17;;;9910;11;9914;22;;;9907.0;0.0
yf_ZC=F_d13;18500;INTARIAN_PEPPER_ROOT;11157;15;11153;13;;;11163;15;11166;20;;;11160.0;0.0
yf_ZC=F_d13;18600;ASH_COATED_OSMIUM;9896;5;9893;17;;;9917;13;9920;20;;;9906.5;0.0
yf_ZC=F_d13;18600;INTARIAN_PEPPER_ROOT;11160;20;11158;21;;;11166;10;11169;26;;;11163.0;0.0
yf_ZC=F_d13;18700;ASH_COATED_OSMIUM;9892;12;9889;23;;;9923;17;9926;14;;;9907.5;0.0
yf_ZC=F_d13;18700;INTARIAN_PEPPER_ROOT;11162;10;11160;13;;;11168;17;11171;17;;;11165.0;0.0
yf_ZC=F_d13;18800;ASH_COATED_OSMIUM;9898;22;9894;12;;;9914;8;9916;16;;;9906.0;0.0
yf_ZC=F_d13;18800;INTARIAN_PEPPER_ROOT;11149;15;11147;26;;;11185;11;11188;11;;;11167.0;0.0
yf_ZC=F_d13;18900;ASH_COATED_OSMIUM;9897;17;9895;31;;;9915;23;9918;23;;;9906.0;0.0
yf_ZC=F_d13;18900;INTARIAN_PEPPER_ROOT;11154;15;11150;12;;;11183;15;11187;21;;;11168.5;0.0
yf_ZC=F_d13;19000;ASH_COATED_OSMIUM;9901;27;9897;20;;;9911;12;9913;29;;;9906.0;0.0
yf_ZC=F_d13;19000;INTARIAN_PEPPER_ROOT;11168;19;11164;24;;;11175;19;11178;21;;;11171.5;0.0
yf_ZC=F_d13;19100;ASH_COATED_OSMIUM;9903;18;9901;20;;;9909;20;9912;21;;;9906.0;0.0
yf_ZC=F_d13;19100;INTARIAN_PEPPER_ROOT;11170;19;11166;23;;;11177;12;11181;23;;;11173.5;0.0
yf_ZC=F_d13;19200;ASH_COATED_OSMIUM;9900;23;9898;23;;;9912;15;9914;21;;;9906.0;0.0
yf_ZC=F_d13;19200;INTARIAN_PEPPER_ROOT;11172;15;11170;20;;;11178;14;11180;27;;;11175.0;0.0
yf_ZC=F_d13;19300;ASH_COATED_OSMIUM;9898;10;9895;18;;;9915;7;9918;28;;;9906.5;0.0
yf_ZC=F_d13;19300;INTARIAN_PEPPER_ROOT;11174;21;11171;22;;;11181;18;11185;10;;;11177.5;0.0
yf_ZC=F_d13;19400;ASH_COATED_OSMIUM;9900;12;9898;21;;;9910;10;9913;16;;;9905.0;0.0
yf_ZC=F_d13;19400;INTARIAN_PEPPER_ROOT;11171;14;11168;18;;;11190;9;11192;14;;;11180.5;0.0
yf_ZC=F_d13;19500;ASH_COATED_OSMIUM;9898;5;9894;15;;;9914;5;9917;17;;;9906.0;0.0
yf_ZC=F_d13;19500;INTARIAN_PEPPER_ROOT;11179;15;11175;23;;;11185;17;11189;27;;;11182.0;0.0
yf_ZC=F_d13;19600;ASH_COATED_OSMIUM;9903;8;9899;16;;;9909;15;9911;21;;;9906.0;0.0
yf_ZC=F_d13;19600;INTARIAN_PEPPER_ROOT;11181;13;11177;23;;;11187;17;11189;26;;;11184.0;0.0
yf_ZC=F_d13;19700;ASH_COATED_OSMIUM;9903;12;9899;18;;;9909;16;9912;25;;;9906.0;0.0
yf_ZC=F_d13;19700;INTARIAN_PEPPER_ROOT;11172;7;11169;19;;;11200;12;11202;24;;;11186.0;0.0
yf_ZC=F_d13;19800;ASH_COATED_OSMIUM;9903;13;9900;18;;;9909;19;9911;22;;;9906.0;0.0
yf_ZC=F_d13;19800;INTARIAN_PEPPER_ROOT;11185;14;11181;16;;;11191;14;11193;23;;;11188.0;0.0
yf_ZC=F_d13;19900;ASH_COATED_OSMIUM;9902;17;9900;20;;;9908;5;9911;16;;;9905.0;0.0
yf_ZC=F_d13;19900;INTARIAN_PEPPER_ROOT;11186;13;11183;20;;;11194;19;11197;27;;;11190.0;0.0
yf_ZC=F_d13;20000;ASH_COATED_OSMIUM;9903;19;9900;22;;;9909;18;9913;17;;;9906.0;0.0
yf_ZC=F_d13;20000;INTARIAN_PEPPER_ROOT;11189;9;11187;14;;;11195;16;11198;24;;;11192.0;0.0
yf_ZC=F_d13;20100;ASH_COATED_OSMIUM;9903;6;9900;13;;;9909;12;9913;21;;;9906.0;0.0
yf_ZC=F_d13;20100;INTARIAN_PEPPER_ROOT;11181;18;11177;17;;;11207;16;11209;18;;;11194.0;0.0
yf_ZC=F_d13;20200;ASH_COATED_OSMIUM;9903;16;9899;21;;;9909;21;9912;19;;;9906.0;0.0
yf_ZC=F_d13;20200;INTARIAN_PEPPER_ROOT;11193;11;11190;29;;;11199;19;11202;21;;;11196.0;0.0
yf_ZC=F_d13;20300;ASH_COATED_OSMIUM;9894;17;9892;21;;;9917;20;9919;28;;;9905.5;0.0
yf_ZC=F_d13;20300;INTARIAN_PEPPER_ROOT;11196;14;11193;28;;;11202;15;11205;18;;;11199.0;0.0
yf_ZC=F_d13;20400;ASH_COATED_OSMIUM;9903;13;9901;24;;;9909;9;9913;30;;;9906.0;0.0
yf_ZC=F_d13;20400;INTARIAN_PEPPER_ROOT;11193;19;11189;22;;;11209;12;11212;23;;;11201.0;0.0
yf_ZC=F_d13;20500;ASH_COATED_OSMIUM;9902;16;9900;13;;;9908;13;9910;18;;;9905.0;0.0
yf_ZC=F_d13;20500;INTARIAN_PEPPER_ROOT;11200;9;11198;13;;;11206;14;11210;19;;;11203.0;0.0
yf_ZC=F_d13;20600;ASH_COATED_OSMIUM;9901;18;9897;19;;;9911;13;9914;14;;;9906.0;0.0
yf_ZC=F_d13;20600;INTARIAN_PEPPER_ROOT;11192;17;11190;24;;;11220;16;11223;27;;;11206.0;0.0
yf_ZC=F_d13;20700;ASH_COATED_OSMIUM;9901;6;9899;12;;;9910;19;9912;20;;;9905.5;0.0
yf_ZC=F_d13;20700;INTARIAN_PEPPER_ROOT;11203;8;11201;20;;;11209;5;11211;15;;;11206.0;0.0
yf_ZC=F_d13;20800;ASH_COATED_OSMIUM;9903;10;9899;23;;;9909;14;9911;25;;;9906.0;0.0
yf_ZC=F_d13;20800;INTARIAN_PEPPER_ROOT;11206;9;11204;26;;;11212;15;11216;23;;;11209.0;0.0
yf_ZC=F_d13;20900;ASH_COATED_OSMIUM;9895;7;9893;16;;;9915;19;9919;21;;;9905.0;0.0
yf_ZC=F_d13;20900;INTARIAN_PEPPER_ROOT;11208;13;11205;24;;;11214;9;11216;12;;;11211.0;0.0
yf_ZC=F_d13;21000;ASH_COATED_OSMIUM;9900;17;9896;25;;;9910;16;9914;21;;;9905.0;0.0
yf_ZC=F_d13;21000;INTARIAN_PEPPER_ROOT;11209;22;11206;8;;;11217;14;11220;18;;;11213.0;0.0
yf_ZC=F_d13;21100;ASH_COATED_OSMIUM;9903;16;9899;16;;;9909;15;9913;30;;;9906.0;0.0
yf_ZC=F_d13;21100;INTARIAN_PEPPER_ROOT;11209;11;11206;24;;;11223;23;11225;14;;;11216.0;0.0
yf_ZC=F_d13;21200;ASH_COATED_OSMIUM;9902;17;9900;25;;;9908;17;9912;15;;;9905.0;0.0
yf_ZC=F_d13;21200;INTARIAN_PEPPER_ROOT;11215;10;11213;22;;;11221;17;11225;25;;;11218.0;0.0
yf_ZC=F_d13;21300;ASH_COATED_OSMIUM;9902;14;9900;15;;;9908;16;9912;16;;;9905.0;0.0
yf_ZC=F_d13;21300;INTARIAN_PEPPER_ROOT;11217;7;11215;26;;;11223;12;11227;19;;;11220.0;0.0
yf_ZC=F_d13;21400;ASH_COATED_OSMIUM;9902;9;9900;22;;;9908;23;9911;22;;;9905.0;0.0
yf_ZC=F_d13;21400;INTARIAN_PEPPER_ROOT;11213;18;11210;18;;;11230;5;11234;15;;;11221.5;0.0
yf_ZC=F_d13;21500;ASH_COATED_OSMIUM;9902;8;9900;20;;;9908;21;9911;11;;;9905.0;0.0
yf_ZC=F_d13;21500;INTARIAN_PEPPER_ROOT;11221;15;11219;18;;;11228;16;11230;14;;;11224.5;0.0
yf_ZC=F_d13;21600;ASH_COATED_OSMIUM;9902;12;9899;17;;;9908;16;9910;17;;;9905.0;0.0
yf_ZC=F_d13;21600;INTARIAN_PEPPER_ROOT;11220;20;11217;12;;;11232;16;11236;22;;;11226.0;0.0
yf_ZC=F_d13;21700;ASH_COATED_OSMIUM;9894;19;9892;17;;;9916;20;9919;18;;;9905.0;0.0
yf_ZC=F_d13;21700;INTARIAN_PEPPER_ROOT;11225;16;11222;19;;;11231;16;11233;27;;;11228.0;0.0
yf_ZC=F_d13;21800;ASH_COATED_OSMIUM;9894;17;9890;21;;;9917;14;9920;17;;;9905.5;0.0
yf_ZC=F_d13;21800;INTARIAN_PEPPER_ROOT;11227;7;11224;26;;;11233;16;11235;23;;;11230.0;0.0
yf_ZC=F_d13;21900;ASH_COATED_OSMIUM;9902;17;9899;21;;;9908;17;9910;10;;;9905.0;0.0
yf_ZC=F_d13;21900;INTARIAN_PEPPER_ROOT;11230;12;11226;17;;;11236;16;11238;21;;;11233.0;0.0
yf_ZC=F_d13;22000;ASH_COATED_OSMIUM;9902;16;9898;15;;;9908;19;9912;21;;;9905.0;0.0
yf_ZC=F_d13;22000;INTARIAN_PEPPER_ROOT;11232;18;11228;21;;;11238;18;11240;14;;;11235.0;0.0
yf_ZC=F_d13;22100;ASH_COATED_OSMIUM;9899;13;9896;28;;;9911;12;9914;21;;;9905.0;0.0
yf_ZC=F_d13;22100;INTARIAN_PEPPER_ROOT;11233;17;11231;15;;;11241;19;11243;15;;;11237.0;0.0
yf_ZC=F_d13;22200;ASH_COATED_OSMIUM;9902;23;9899;24;;;9908;14;9912;22;;;9905.0;0.0
yf_ZC=F_d13;22200;INTARIAN_PEPPER_ROOT;11236;27;11234;18;;;11242;17;11245;30;;;11239.0;0.0
yf_ZC=F_d13;22300;ASH_COATED_OSMIUM;9902;15;9899;23;;;9908;21;9912;24;;;9905.0;0.0
yf_ZC=F_d13;22300;INTARIAN_PEPPER_ROOT;11231;8;11228;20;;;11251;12;11254;18;;;11241.0;0.0
yf_ZC=F_d13;22400;ASH_COATED_OSMIUM;9900;13;9897;19;;;9911;17;9913;25;;;9905.5;0.0
yf_ZC=F_d13;22400;INTARIAN_PEPPER_ROOT;11240;10;11236;12;;;11247;14;11250;23;;;11243.5;0.0
yf_ZC=F_d13;22500;ASH_COATED_OSMIUM;9901;13;9897;28;;;9907;7;9911;18;;;9904.0;0.0
yf_ZC=F_d13;22500;INTARIAN_PEPPER_ROOT;11242;23;11240;24;;;11248;5;11251;11;;;11245.0;0.0
yf_ZC=F_d13;22600;ASH_COATED_OSMIUM;9902;19;9898;19;;;9908;26;9912;28;;;9905.0;0.0
yf_ZC=F_d13;22600;INTARIAN_PEPPER_ROOT;11245;5;11241;20;;;11251;12;11255;15;;;11248.0;0.0
yf_ZC=F_d13;22700;ASH_COATED_OSMIUM;9901;14;9898;17;;;9909;22;9912;19;;;9905.0;0.0
yf_ZC=F_d13;22700;INTARIAN_PEPPER_ROOT;11247;25;11244;23;;;11253;7;11256;25;;;11250.0;0.0
yf_ZC=F_d13;22800;ASH_COATED_OSMIUM;9901;10;9897;22;;;9909;10;9913;16;;;9905.0;0.0
yf_ZC=F_d13;22800;INTARIAN_PEPPER_ROOT;11249;16;11246;25;;;11255;17;11258;19;;;11252.0;0.0
yf_ZC=F_d13;22900;ASH_COATED_OSMIUM;9901;17;9899;30;;;9907;12;9910;15;;;9904.0;0.0
yf_ZC=F_d13;22900;INTARIAN_PEPPER_ROOT;11250;11;11248;23;;;11260;12;11263;22;;;11255.0;0.0
yf_ZC=F_d13;23000;ASH_COATED_OSMIUM;9901;10;9898;23;;;9907;10;9909;19;;;9904.0;0.0
yf_ZC=F_d13;23000;INTARIAN_PEPPER_ROOT;11253;13;11250;27;;;11259;9;11263;19;;;11256.0;0.0
yf_ZC=F_d13;23100;ASH_COATED_OSMIUM;9901;14;9899;22;;;9907;17;9911;17;;;9904.0;0.0
yf_ZC=F_d13;23100;INTARIAN_PEPPER_ROOT;11255;9;11253;27;;;11261;19;11264;17;;;11258.0;0.0
yf_ZC=F_d13;23200;ASH_COATED_OSMIUM;9898;8;9896;20;;;9911;17;9914;18;;;9904.5;0.0
yf_ZC=F_d13;23200;INTARIAN_PEPPER_ROOT;11257;15;11254;27;;;11263;6;11265;23;;;11260.0;0.0
yf_ZC=F_d13;23300;ASH_COATED_OSMIUM;9898;13;9896;18;;;9910;17;9912;22;;;9904.0;0.0
yf_ZC=F_d13;23300;INTARIAN_PEPPER_ROOT;11259;9;11257;22;;;11266;19;11268;20;;;11262.5;0.0
yf_ZC=F_d13;23400;ASH_COATED_OSMIUM;9902;5;9899;17;;;9908;13;9912;28;;;9905.0;0.0
yf_ZC=F_d13;23400;INTARIAN_PEPPER_ROOT;11250;10;11248;28;;;11278;24;11280;13;;;11264.0;0.0
yf_ZC=F_d13;23500;ASH_COATED_OSMIUM;9901;16;9898;23;;;9907;10;9911;12;;;9904.0;0.0
yf_ZC=F_d13;23500;INTARIAN_PEPPER_ROOT;11262;13;11259;22;;;11272;15;11275;20;;;11267.0;0.0
yf_ZC=F_d13;23600;ASH_COATED_OSMIUM;9902;11;9900;17;;;9908;11;9912;21;;;9905.0;0.0
yf_ZC=F_d13;23600;INTARIAN_PEPPER_ROOT;11266;18;11264;15;;;11272;6;11275;18;;;11269.0;0.0
yf_ZC=F_d13;23700;ASH_COATED_OSMIUM;9901;21;9898;11;;;9907;15;9910;15;;;9904.0;0.0
yf_ZC=F_d13;23700;INTARIAN_PEPPER_ROOT;11268;19;11264;23;;;11274;8;11276;8;;;11271.0;0.0
yf_ZC=F_d13;23800;ASH_COATED_OSMIUM;9901;7;9899;22;;;9907;6;9911;26;;;9904.0;0.0
yf_ZC=F_d13;23800;INTARIAN_PEPPER_ROOT;11270;9;11268;18;;;11276;16;11280;21;;;11273.0;0.0
yf_ZC=F_d13;23900;ASH_COATED_OSMIUM;9891;14;9888;19;;;9918;12;9921;22;;;9904.5;0.0
yf_ZC=F_d13;23900;INTARIAN_PEPPER_ROOT;11266;22;11262;22;;;11284;20;11286;17;;;11275.0;0.0
yf_ZC=F_d13;24000;ASH_COATED_OSMIUM;9900;15;9897;17;;;9906;20;9909;20;;;9903.0;0.0
yf_ZC=F_d13;24000;INTARIAN_PEPPER_ROOT;11274;16;11272;22;;;11280;9;11282;26;;;11277.0;0.0
yf_ZC=F_d13;24100;ASH_COATED_OSMIUM;9901;16;9899;28;;;9907;16;9911;21;;;9904.0;0.0
yf_ZC=F_d13;24100;INTARIAN_PEPPER_ROOT;11275;9;11272;27;;;11284;13;11287;19;;;11279.5;0.0
yf_ZC=F_d13;24200;ASH_COATED_OSMIUM;9901;10;9897;13;;;9907;21;9911;17;;;9904.0;0.0
yf_ZC=F_d13;24200;INTARIAN_PEPPER_ROOT;11279;12;11276;22;;;11285;5;11288;23;;;11282.0;0.0
yf_ZC=F_d13;24300;ASH_COATED_OSMIUM;9901;17;9898;22;;;9907;10;9911;20;;;9904.0;0.0
yf_ZC=F_d13;24300;INTARIAN_PEPPER_ROOT;11280;17;11277;27;;;11287;9;11290;21;;;11283.5;0.0
yf_ZC=F_d13;24400;ASH_COATED_OSMIUM;9901;5;9898;15;;;9907;11;9910;19;;;9904.0;0.0
yf_ZC=F_d13;24400;INTARIAN_PEPPER_ROOT;11283;10;11281;21;;;11289;25;11293;20;;;11286.0;0.0
yf_ZC=F_d13;24500;ASH_COATED_OSMIUM;9901;21;9899;12;;;9907;6;9909;16;;;9904.0;0.0
yf_ZC=F_d13;24500;INTARIAN_PEPPER_ROOT;11285;14;11281;22;;;11291;20;11295;21;;;11288.0;0.0
yf_ZC=F_d13;24600;ASH_COATED_OSMIUM;9900;19;9897;20;;;9907;15;9909;18;;;9903.5;0.0
yf_ZC=F_d13;24600;INTARIAN_PEPPER_ROOT;11288;17;11286;30;;;11294;8;11297;26;;;11291.0;0.0
yf_ZC=F_d13;24700;ASH_COATED_OSMIUM;9896;18;9892;26;;;9911;13;9914;15;;;9903.5;0.0
yf_ZC=F_d13;24700;INTARIAN_PEPPER_ROOT;11288;10;11285;17;;;11294;15;11296;17;;;11291.0;0.0
yf_ZC=F_d13;24800;ASH_COATED_OSMIUM;9900;14;9898;21;;;9906;15;9910;23;;;9903.0;0.0
yf_ZC=F_d13;24800;INTARIAN_PEPPER_ROOT;11285;12;11281;19;;;11304;21;11306;11;;;11294.5;0.0
yf_ZC=F_d13;24900;ASH_COATED_OSMIUM;9900;16;9896;27;;;9906;12;9909;24;;;9903.0;0.0
yf_ZC=F_d13;24900;INTARIAN_PEPPER_ROOT;11293;11;11289;21;;;11299;19;11303;24;;;11296.0;0.0
yf_ZC=F_d13;25000;ASH_COATED_OSMIUM;9901;11;9898;16;;;9907;18;9911;29;;;9904.0;0.0
yf_ZC=F_d13;25000;INTARIAN_PEPPER_ROOT;11283;8;11279;20;;;11315;16;11319;14;;;11299.0;0.0
yf_ZC=F_d13;25100;ASH_COATED_OSMIUM;9900;11;9898;25;;;9906;7;9909;16;;;9903.0;0.0
yf_ZC=F_d13;25100;INTARIAN_PEPPER_ROOT;11290;9;11288;16;;;11311;18;11314;23;;;11300.5;0.0
yf_ZC=F_d13;25200;ASH_COATED_OSMIUM;9901;17;9897;17;;;9907;18;9909;20;;;9904.0;0.0
yf_ZC=F_d13;25200;INTARIAN_PEPPER_ROOT;11299;11;11295;18;;;11305;12;11307;12;;;11302.0;0.0
yf_ZC=F_d13;25300;ASH_COATED_OSMIUM;9900;18;9898;18;;;9906;13;9910;24;;;9903.0;0.0
yf_ZC=F_d13;25300;INTARIAN_PEPPER_ROOT;11299;25;11297;20;;;11311;10;11314;12;;;11305.0;0.0
yf_ZC=F_d13;25400;ASH_COATED_OSMIUM;9900;13;9897;21;;;9906;14;9908;31;;;9903.0;0.0
yf_ZC=F_d13;25400;INTARIAN_PEPPER_ROOT;11303;5;11300;14;;;11311;11;11315;26;;;11307.0;0.0
yf_ZC=F_d13;25500;ASH_COATED_OSMIUM;9900;15;9897;31;;;9908;6;9911;19;;;9904.0;0.0
yf_ZC=F_d13;25500;INTARIAN_PEPPER_ROOT;11306;13;11304;21;;;11312;22;11315;18;;;11309.0;0.0
yf_ZC=F_d13;25600;ASH_COATED_OSMIUM;9892;15;9889;22;;;9913;12;9917;18;;;9902.5;0.0
yf_ZC=F_d13;25600;INTARIAN_PEPPER_ROOT;11308;14;11305;18;;;11314;19;11317;19;;;11311.0;0.0
yf_ZC=F_d13;25700;ASH_COATED_OSMIUM;9893;14;9891;19;;;9914;15;9917;18;;;9903.5;0.0
yf_ZC=F_d13;25700;INTARIAN_PEPPER_ROOT;11311;11;11309;21;;;11317;17;11320;16;;;11314.0;0.0
yf_ZC=F_d13;25800;ASH_COATED_OSMIUM;9900;10;9898;15;;;9906;15;9909;22;;;9903.0;0.0
yf_ZC=F_d13;25800;INTARIAN_PEPPER_ROOT;11313;12;11310;17;;;11319;26;11323;26;;;11316.0;0.0
yf_ZC=F_d13;25900;ASH_COATED_OSMIUM;9900;18;9897;18;;;9906;12;9910;30;;;9903.0;0.0
yf_ZC=F_d13;25900;INTARIAN_PEPPER_ROOT;11309;11;11307;19;;;11325;16;11327;18;;;11317.0;0.0
yf_ZC=F_d13;26000;ASH_COATED_OSMIUM;9900;9;9898;15;;;9906;9;9910;10;;;9903.0;0.0
yf_ZC=F_d13;26000;INTARIAN_PEPPER_ROOT;11317;20;11314;17;;;11323;11;11327;32;;;11320.0;0.0
yf_ZC=F_d13;26100;ASH_COATED_OSMIUM;9898;12;9895;18;;;9909;14;9911;20;;;9903.5;0.0
yf_ZC=F_d13;26100;INTARIAN_PEPPER_ROOT;11318;11;11314;23;;;11324;18;11328;27;;;11321.0;0.0
yf_ZC=F_d13;26200;ASH_COATED_OSMIUM;9900;7;9898;23;;;9906;8;9910;23;;;9903.0;0.0
yf_ZC=F_d13;26200;INTARIAN_PEPPER_ROOT;11315;21;11311;17;;;11332;13;11336;19;;;11323.5;0.0
yf_ZC=F_d13;26300;ASH_COATED_OSMIUM;9894;16;9891;19;;;9912;21;9915;20;;;9903.0;0.0
yf_ZC=F_d13;26300;INTARIAN_PEPPER_ROOT;11323;14;11320;9;;;11329;10;11333;19;;;11326.0;0.0
yf_ZC=F_d13;26400;ASH_COATED_OSMIUM;9900;13;9897;26;;;9906;5;9909;19;;;9903.0;0.0
yf_ZC=F_d13;26400;INTARIAN_PEPPER_ROOT;11325;10;11323;29;;;11331;17;11333;27;;;11328.0;0.0
yf_ZC=F_d13;26500;ASH_COATED_OSMIUM;9900;13;9896;26;;;9906;20;9909;26;;;9903.0;0.0
yf_ZC=F_d13;26500;INTARIAN_PEPPER_ROOT;11327;16;11323;24;;;11333;13;11337;14;;;11330.0;0.0
yf_ZC=F_d13;26600;ASH_COATED_OSMIUM;9900;17;9896;17;;;9906;13;9908;18;;;9903.0;0.0
yf_ZC=F_d13;26600;INTARIAN_PEPPER_ROOT;11328;25;11324;18;;;11337;11;11340;24;;;11332.5;0.0
yf_ZC=F_d13;26700;ASH_COATED_OSMIUM;9900;7;9898;18;;;9906;18;9910;26;;;9903.0;0.0
yf_ZC=F_d13;26700;INTARIAN_PEPPER_ROOT;11331;16;11328;21;;;11337;16;11340;20;;;11334.0;0.0
yf_ZC=F_d13;26800;ASH_COATED_OSMIUM;9900;7;9896;9;;;9906;9;9908;29;;;9903.0;0.0
yf_ZC=F_d13;26800;INTARIAN_PEPPER_ROOT;11334;12;11330;18;;;11340;19;11344;23;;;11337.0;0.0
yf_ZC=F_d13;26900;ASH_COATED_OSMIUM;9894;10;9892;13;;;9912;11;9916;21;;;9903.0;0.0
yf_ZC=F_d13;26900;INTARIAN_PEPPER_ROOT;11333;15;11329;30;;;11344;18;11347;24;;;11338.5;0.0
yf_ZC=F_d13;27000;ASH_COATED_OSMIUM;9894;16;9891;18;;;9912;12;9915;18;;;9903.0;0.0
yf_ZC=F_d13;27000;INTARIAN_PEPPER_ROOT;11338;8;11335;13;;;11344;30;11346;24;;;11341.0;0.0
yf_ZC=F_d13;27100;ASH_COATED_OSMIUM;9899;19;9897;19;;;9905;10;9909;34;;;9902.0;0.0
yf_ZC=F_d13;27100;INTARIAN_PEPPER_ROOT;11340;15;11338;22;;;11346;15;11348;11;;;11343.0;0.0
yf_ZC=F_d13;27200;ASH_COATED_OSMIUM;9900;18;9897;24;;;9906;15;9910;25;;;9903.0;0.0
yf_ZC=F_d13;27200;INTARIAN_PEPPER_ROOT;11342;8;11339;26;;;11348;6;11352;23;;;11345.0;0.0
yf_ZC=F_d13;27300;ASH_COATED_OSMIUM;9899;17;9896;16;;;9905;14;9909;16;;;9902.0;0.0
yf_ZC=F_d13;27300;INTARIAN_PEPPER_ROOT;11344;9;11340;20;;;11350;5;11353;13;;;11347.0;0.0
yf_ZC=F_d13;27400;ASH_COATED_OSMIUM;9898;7;9896;23;;;9908;25;9911;21;;;9903.0;0.0
yf_ZC=F_d13;27400;INTARIAN_PEPPER_ROOT;11342;19;11340;12;;;11358;14;11360;32;;;11350.0;0.0
yf_ZC=F_d13;27500;ASH_COATED_OSMIUM;9900;7;9898;20;;;9906;14;9910;24;;;9903.0;0.0
yf_ZC=F_d13;27500;INTARIAN_PEPPER_ROOT;11348;15;11344;20;;;11355;11;11358;17;;;11351.5;0.0
yf_ZC=F_d13;27600;ASH_COATED_OSMIUM;9898;19;9895;18;;;9908;19;9911;17;;;9903.0;0.0
yf_ZC=F_d13;27600;INTARIAN_PEPPER_ROOT;11349;21;11346;26;;;11359;17;11362;17;;;11354.0;0.0
yf_ZC=F_d13;27700;ASH_COATED_OSMIUM;9899;18;9895;18;;;9905;6;9908;22;;;9902.0;0.0
yf_ZC=F_d13;27700;INTARIAN_PEPPER_ROOT;11351;23;11348;24;;;11360;18;11364;19;;;11355.5;0.0
yf_ZC=F_d13;27800;ASH_COATED_OSMIUM;9892;16;9890;20;;;9913;20;9915;14;;;9902.5;0.0
yf_ZC=F_d13;27800;INTARIAN_PEPPER_ROOT;11355;8;11351;21;;;11361;16;11365;23;;;11358.0;0.0
yf_ZC=F_d13;27900;ASH_COATED_OSMIUM;9899;21;9897;17;;;9905;15;9908;22;;;9902.0;0.0
yf_ZC=F_d13;27900;INTARIAN_PEPPER_ROOT;11357;18;11355;27;;;11363;5;11367;21;;;11360.0;0.0
yf_ZC=F_d13;28000;ASH_COATED_OSMIUM;9897;6;9893;15;;;9908;14;9912;21;;;9902.5;0.0
yf_ZC=F_d13;28000;INTARIAN_PEPPER_ROOT;11359;16;11355;28;;;11365;9;11367;29;;;11362.0;0.0
yf_ZC=F_d13;28100;ASH_COATED_OSMIUM;9899;9;9897;14;;;9905;26;9907;24;;;9902.0;0.0
yf_ZC=F_d13;28100;INTARIAN_PEPPER_ROOT;11356;20;11353;20;;;11373;16;11377;8;;;11364.5;0.0
yf_ZC=F_d13;28200;ASH_COATED_OSMIUM;9899;16;9896;14;;;9905;5;9909;21;;;9902.0;0.0
yf_ZC=F_d13;28200;INTARIAN_PEPPER_ROOT;11348;23;11344;17;;;11384;12;11388;10;;;11366.0;0.0
yf_ZC=F_d13;28300;ASH_COATED_OSMIUM;9899;13;9897;21;;;9905;19;9908;22;;;9902.0;0.0
yf_ZC=F_d13;28300;INTARIAN_PEPPER_ROOT;11362;18;11360;22;;;11374;14;11376;16;;;11368.0;0.0
yf_ZC=F_d13;28400;ASH_COATED_OSMIUM;9899;13;9897;28;;;9905;15;9908;13;;;9902.0;0.0
yf_ZC=F_d13;28400;INTARIAN_PEPPER_ROOT;11363;18;11359;15;;;11378;8;11380;13;;;11370.5;0.0
yf_ZC=F_d13;28500;ASH_COATED_OSMIUM;9899;20;9896;15;;;9905;17;9907;18;;;9902.0;0.0
yf_ZC=F_d13;28500;INTARIAN_PEPPER_ROOT;11370;24;11368;15;;;11376;17;11379;29;;;11373.0;0.0
yf_ZC=F_d13;28600;ASH_COATED_OSMIUM;9897;6;9893;24;;;9906;11;9910;16;;;9901.5;0.0
yf_ZC=F_d13;28600;INTARIAN_PEPPER_ROOT;11371;6;11367;23;;;11380;17;11382;19;;;11375.5;0.0
yf_ZC=F_d13;28700;ASH_COATED_OSMIUM;9898;14;9896;24;;;9906;19;9908;30;;;9902.0;0.0
yf_ZC=F_d13;28700;INTARIAN_PEPPER_ROOT;11369;12;11365;18;;;11386;17;11388;13;;;11377.5;0.0
yf_ZC=F_d13;28800;ASH_COATED_OSMIUM;9899;21;9897;17;;;9905;8;9909;20;;;9902.0;0.0
yf_ZC=F_d13;28800;INTARIAN_PEPPER_ROOT;11376;10;11374;18;;;11382;14;11384;26;;;11379.0;0.0
yf_ZC=F_d13;28900;ASH_COATED_OSMIUM;9899;14;9896;26;;;9905;20;9909;14;;;9902.0;0.0
yf_ZC=F_d13;28900;INTARIAN_PEPPER_ROOT;11379;17;11377;19;;;11385;14;11388;16;;;11382.0;0.0
yf_ZC=F_d13;29000;ASH_COATED_OSMIUM;9899;11;9896;28;;;9905;11;9909;19;;;9902.0;0.0
yf_ZC=F_d13;29000;INTARIAN_PEPPER_ROOT;11373;13;11371;23;;;11393;13;11396;19;;;11383.0;0.0
yf_ZC=F_d13;29100;ASH_COATED_OSMIUM;9899;15;9895;27;;;9905;24;9908;27;;;9902.0;0.0
yf_ZC=F_d13;29100;INTARIAN_PEPPER_ROOT;11383;5;11381;21;;;11389;23;11392;24;;;11386.0;0.0
yf_ZC=F_d13;29200;ASH_COATED_OSMIUM;9895;21;9893;28;;;9909;16;9911;22;;;9902.0;0.0
yf_ZC=F_d13;29200;INTARIAN_PEPPER_ROOT;11385;17;11381;12;;;11391;12;11393;8;;;11388.0;0.0
yf_ZC=F_d13;29300;ASH_COATED_OSMIUM;9894;22;9891;24;;;9910;20;9912;19;;;9902.0;0.0
yf_ZC=F_d13;29300;INTARIAN_PEPPER_ROOT;11386;12;11382;26;;;11392;11;11394;18;;;11389.0;0.0
yf_ZC=F_d13;29400;ASH_COATED_OSMIUM;9899;18;9895;25;;;9905;13;9909;16;;;9902.0;0.0
yf_ZC=F_d13;29400;INTARIAN_PEPPER_ROOT;11389;15;11386;17;;;11395;12;11397;22;;;11392.0;0.0
yf_ZC=F_d13;29500;ASH_COATED_OSMIUM;9897;6;9895;20;;;9905;5;9908;17;;;9901.0;0.0
yf_ZC=F_d13;29500;INTARIAN_PEPPER_ROOT;11384;18;11381;27;;;11403;8;11406;20;;;11393.5;0.0
yf_ZC=F_d13;29600;ASH_COATED_OSMIUM;9893;14;9891;25;;;9910;23;9914;15;;;9901.5;0.0
yf_ZC=F_d13;29600;INTARIAN_PEPPER_ROOT;11391;10;11387;22;;;11402;8;11406;19;;;11396.5;0.0
yf_ZC=F_d13;29700;ASH_COATED_OSMIUM;9894;16;9891;18;;;9909;24;9913;24;;;9901.5;0.0
yf_ZC=F_d13;29700;INTARIAN_PEPPER_ROOT;11387;16;11384;23;;;11410;19;11413;19;;;11398.5;0.0
yf_ZC=F_d13;29800;ASH_COATED_OSMIUM;9889;12;9886;24;;;9912;15;9916;24;;;9900.5;0.0
yf_ZC=F_d13;29800;INTARIAN_PEPPER_ROOT;11397;13;11394;35;;;11403;12;11407;20;;;11400.0;0.0
yf_ZC=F_d13;29900;ASH_COATED_OSMIUM;9898;17;9895;22;;;9904;10;9908;21;;;9901.0;0.0
yf_ZC=F_d13;29900;INTARIAN_PEPPER_ROOT;11399;12;11395;24;;;11405;30;11407;29;;;11402.0;0.0
yf_ZC=F_d13;30000;ASH_COATED_OSMIUM;9898;16;9895;15;;;9904;16;9907;14;;;9901.0;0.0
yf_ZC=F_d13;30000;INTARIAN_PEPPER_ROOT;11397;11;11394;31;;;11411;16;11415;18;;;11404.0;0.0
yf_ZC=F_d13;30100;ASH_COATED_OSMIUM;9898;18;9894;24;;;9904;14;9906;29;;;9901.0;0.0
yf_ZC=F_d13;30100;INTARIAN_PEPPER_ROOT;11404;20;11400;16;;;11410;13;11412;18;;;11407.0;0.0
yf_ZC=F_d13;30200;ASH_COATED_OSMIUM;9898;15;9894;26;;;9904;18;9907;13;;;9901.0;0.0
yf_ZC=F_d13;30200;INTARIAN_PEPPER_ROOT;11406;21;11404;14;;;11412;14;11416;17;;;11409.0;0.0
yf_ZC=F_d13;30300;ASH_COATED_OSMIUM;9898;28;9895;18;;;9904;14;9907;16;;;9901.0;0.0
yf_ZC=F_d13;30300;INTARIAN_PEPPER_ROOT;11405;16;11403;26;;;11417;19;11420;17;;;11411.0;0.0
yf_ZC=F_d13;30400;ASH_COATED_OSMIUM;9899;17;9896;25;;;9905;18;9909;26;;;9902.0;0.0
yf_ZC=F_d13;30400;INTARIAN_PEPPER_ROOT;11410;12;11408;20;;;11416;15;11420;23;;;11413.0;0.0
yf_ZC=F_d13;30500;ASH_COATED_OSMIUM;9898;19;9896;24;;;9906;16;9908;18;;;9902.0;0.0
yf_ZC=F_d13;30500;INTARIAN_PEPPER_ROOT;11413;22;11410;17;;;11419;14;11421;23;;;11416.0;0.0
yf_ZC=F_d13;30600;ASH_COATED_OSMIUM;9898;22;9896;18;;;9904;15;9907;18;;;9901.0;0.0
yf_ZC=F_d13;30600;INTARIAN_PEPPER_ROOT;11414;15;11410;8;;;11420;21;11424;25;;;11417.0;0.0
yf_ZC=F_d13;30700;ASH_COATED_OSMIUM;9888;16;9885;28;;;9914;21;9917;23;;;9901.0;0.0
yf_ZC=F_d13;30700;INTARIAN_PEPPER_ROOT;11416;14;11412;23;;;11422;8;11426;16;;;11419.0;0.0
yf_ZC=F_d13;30800;ASH_COATED_OSMIUM;9898;6;9894;18;;;9904;9;9907;17;;;9901.0;0.0
yf_ZC=F_d13;30800;INTARIAN_PEPPER_ROOT;11419;12;11416;29;;;11425;10;11428;13;;;11422.0;0.0
yf_ZC=F_d13;30900;ASH_COATED_OSMIUM;9898;15;9896;19;;;9904;6;9907;13;;;9901.0;0.0
yf_ZC=F_d13;30900;INTARIAN_PEPPER_ROOT;11420;11;11418;11;;;11426;12;11428;24;;;11423.0;0.0
yf_ZC=F_d13;31000;ASH_COATED_OSMIUM;9898;16;9895;17;;;9904;18;9907;19;;;9901.0;0.0
yf_ZC=F_d13;31000;INTARIAN_PEPPER_ROOT;11422;16;11419;24;;;11430;18;11432;21;;;11426.0;0.0
yf_ZC=F_d13;31100;ASH_COATED_OSMIUM;9894;24;9891;20;;;9908;15;9910;22;;;9901.0;0.0
yf_ZC=F_d13;31100;INTARIAN_PEPPER_ROOT;11424;14;11420;23;;;11433;12;11436;17;;;11428.5;0.0
yf_ZC=F_d13;31200;ASH_COATED_OSMIUM;9898;13;9894;23;;;9904;15;9907;20;;;9901.0;0.0
yf_ZC=F_d13;31200;INTARIAN_PEPPER_ROOT;11427;22;11425;23;;;11433;13;11435;24;;;11430.0;0.0
yf_ZC=F_d13;31300;ASH_COATED_OSMIUM;9893;18;9889;18;;;9908;5;9911;16;;;9900.5;0.0
yf_ZC=F_d13;31300;INTARIAN_PEPPER_ROOT;11429;16;11425;21;;;11435;16;11438;14;;;11432.0;0.0
yf_ZC=F_d13;31400;ASH_COATED_OSMIUM;9898;15;9894;19;;;9904;17;9908;17;;;9901.0;0.0
yf_ZC=F_d13;31400;INTARIAN_PEPPER_ROOT;11432;11;11430;19;;;11438;16;11440;20;;;11435.0;0.0
yf_ZC=F_d13;31500;ASH_COATED_OSMIUM;9896;10;9894;23;;;9905;15;9909;31;;;9900.5;0.0
yf_ZC=F_d13;31500;INTARIAN_PEPPER_ROOT;11433;21;11429;8;;;11439;17;11442;19;;;11436.0;0.0
yf_ZC=F_d13;31600;ASH_COATED_OSMIUM;9894;9;9890;22;;;9908;16;9911;24;;;9901.0;0.0
yf_ZC=F_d13;31600;INTARIAN_PEPPER_ROOT;11436;20;11434;19;;;11442;13;11446;16;;;11439.0;0.0
yf_ZC=F_d13;31700;ASH_COATED_OSMIUM;9898;15;9895;23;;;9904;21;9906;19;;;9901.0;0.0
yf_ZC=F_d13;31700;INTARIAN_PEPPER_ROOT;11438;21;11436;20;;;11444;5;11447;20;;;11441.0;0.0
yf_ZC=F_d13;31800;ASH_COATED_OSMIUM;9898;14;9895;19;;;9904;20;9906;14;;;9901.0;0.0
yf_ZC=F_d13;31800;INTARIAN_PEPPER_ROOT;11440;13;11437;22;;;11446;16;11449;16;;;11443.0;0.0
yf_ZC=F_d13;31900;ASH_COATED_OSMIUM;9896;10;9894;16;;;9904;8;9906;15;;;9900.0;0.0
yf_ZC=F_d13;31900;INTARIAN_PEPPER_ROOT;11442;6;11440;13;;;11448;24;11450;13;;;11445.0;0.0
yf_ZC=F_d13;32000;ASH_COATED_OSMIUM;9897;18;9895;21;;;9903;19;9905;16;;;9900.0;0.0
yf_ZC=F_d13;32000;INTARIAN_PEPPER_ROOT;11444;5;11440;20;;;11450;8;11452;20;;;11447.0;0.0
yf_ZC=F_d13;32100;ASH_COATED_OSMIUM;9897;26;9894;16;;;9903;13;9906;20;;;9900.0;0.0
yf_ZC=F_d13;32100;INTARIAN_PEPPER_ROOT;11447;5;11444;27;;;11453;15;11457;19;;;11450.0;0.0
yf_ZC=F_d13;32200;ASH_COATED_OSMIUM;9897;8;9893;22;;;9903;21;9907;17;;;9900.0;0.0
yf_ZC=F_d13;32200;INTARIAN_PEPPER_ROOT;11448;14;11446;19;;;11454;10;11458;20;;;11451.0;0.0
yf_ZC=F_d13;32300;ASH_COATED_OSMIUM;9897;22;9895;21;;;9903;16;9905;16;;;9900.0;0.0
yf_ZC=F_d13;32300;INTARIAN_PEPPER_ROOT;11451;19;11448;15;;;11457;15;11459;21;;;11454.0;0.0
yf_ZC=F_d13;32400;ASH_COATED_OSMIUM;9897;7;9895;23;;;9903;19;9907;18;;;9900.0;0.0
yf_ZC=F_d13;32400;INTARIAN_PEPPER_ROOT;11447;18;11445;18;;;11465;13;11468;16;;;11456.0;0.0
yf_ZC=F_d13;32500;ASH_COATED_OSMIUM;9895;10;9893;17;;;9906;10;9908;23;;;9900.5;0.0
yf_ZC=F_d13;32500;INTARIAN_PEPPER_ROOT;11447;12;11443;9;;;11469;9;11471;18;;;11458.0;0.0
yf_ZC=F_d13;32600;ASH_COATED_OSMIUM;9897;17;9895;14;;;9903;17;9905;20;;;9900.0;0.0
yf_ZC=F_d13;32600;INTARIAN_PEPPER_ROOT;11457;19;11454;22;;;11463;13;11467;18;;;11460.0;0.0
yf_ZC=F_d13;32700;ASH_COATED_OSMIUM;9893;7;9889;13;;;9907;8;9909;20;;;9900.0;0.0
yf_ZC=F_d13;32700;INTARIAN_PEPPER_ROOT;11454;14;11452;21;;;11469;15;11471;27;;;11461.5;0.0
yf_ZC=F_d13;32800;ASH_COATED_OSMIUM;9897;11;9893;17;;;9903;14;9905;21;;;9900.0;0.0
yf_ZC=F_d13;32800;INTARIAN_PEPPER_ROOT;11461;9;11458;21;;;11467;23;11469;22;;;11464.0;0.0
yf_ZC=F_d13;32900;ASH_COATED_OSMIUM;9885;11;9881;23;;;9913;12;9917;16;;;9899.0;0.0
yf_ZC=F_d13;32900;INTARIAN_PEPPER_ROOT;11463;19;11461;19;;;11469;12;11473;25;;;11466.0;0.0
yf_ZC=F_d13;33000;ASH_COATED_OSMIUM;9897;14;9894;15;;;9903;15;9907;17;;;9900.0;0.0
yf_ZC=F_d13;33000;INTARIAN_PEPPER_ROOT;11466;19;11462;11;;;11472;14;11476;14;;;11469.0;0.0
yf_ZC=F_d13;33100;ASH_COATED_OSMIUM;9896;24;9894;26;;;9903;12;9906;15;;;9899.5;0.0
yf_ZC=F_d13;33100;INTARIAN_PEPPER_ROOT;11467;15;11465;15;;;11474;5;11478;28;;;11470.5;0.0
yf_ZC=F_d13;33200;ASH_COATED_OSMIUM;9897;19;9894;23;;;9903;13;9907;16;;;9900.0;0.0
yf_ZC=F_d13;33200;INTARIAN_PEPPER_ROOT;11469;23;11465;23;;;11476;15;11480;23;;;11472.5;0.0
yf_ZC=F_d13;33300;ASH_COATED_OSMIUM;9895;12;9891;17;;;9905;14;9907;11;;;9900.0;0.0
yf_ZC=F_d13;33300;INTARIAN_PEPPER_ROOT;11472;17;11470;22;;;11478;13;11482;19;;;11475.0;0.0
yf_ZC=F_d13;33400;ASH_COATED_OSMIUM;9895;15;9893;24;;;9905;26;9908;23;;;9900.0;0.0
yf_ZC=F_d13;33400;INTARIAN_PEPPER_ROOT;11474;10;11472;17;;;11480;16;11484;23;;;11477.0;0.0
yf_ZC=F_d13;33500;ASH_COATED_OSMIUM;9889;13;9885;23;;;9911;15;9914;21;;;9900.0;0.0
yf_ZC=F_d13;33500;INTARIAN_PEPPER_ROOT;11472;17;11470;13;;;11485;17;11487;24;;;11478.5;0.0
yf_ZC=F_d13;33600;ASH_COATED_OSMIUM;9894;24;9890;26;;;9905;20;9908;17;;;9899.5;0.0
yf_ZC=F_d13;33600;INTARIAN_PEPPER_ROOT;11473;19;11471;19;;;11490;17;11494;12;;;11481.5;0.0
yf_ZC=F_d13;33700;ASH_COATED_OSMIUM;9896;15;9893;23;;;9902;25;9906;16;;;9899.0;0.0
yf_ZC=F_d13;33700;INTARIAN_PEPPER_ROOT;11480;10;11477;16;;;11486;11;11488;28;;;11483.0;0.0
yf_ZC=F_d13;33800;ASH_COATED_OSMIUM;9885;17;9883;16;;;9915;8;9918;17;;;9900.0;0.0
yf_ZC=F_d13;33800;INTARIAN_PEPPER_ROOT;11480;18;11477;28;;;11491;17;11493;22;;;11485.5;0.0
yf_ZC=F_d13;33900;ASH_COATED_OSMIUM;9895;10;9892;20;;;9905;14;9908;13;;;9900.0;0.0
yf_ZC=F_d13;33900;INTARIAN_PEPPER_ROOT;11481;10;11478;19;;;11493;15;11496;20;;;11487.0;0.0
yf_ZC=F_d13;34000;ASH_COATED_OSMIUM;9897;19;9894;21;;;9903;17;9906;13;;;9900.0;0.0
yf_ZC=F_d13;34000;INTARIAN_PEPPER_ROOT;11480;20;11476;21;;;11486;14;11489;23;;;11483.0;0.0
yf_ZC=F_d13;34100;ASH_COATED_OSMIUM;9883;15;9879;23;;;9916;16;9918;19;;;9899.5;0.0
yf_ZC=F_d13;34100;INTARIAN_PEPPER_ROOT;11477;19;11473;22;;;11483;18;11486;18;;;11480.0;0.0
yf_ZC=F_d13;34200;ASH_COATED_OSMIUM;9896;10;9893;23;;;9902;15;9904;17;;;9899.0;0.0
yf_ZC=F_d13;34200;INTARIAN_PEPPER_ROOT;11474;12;11472;17;;;11480;14;11484;20;;;11477.0;0.0
yf_ZC=F_d13;34300;ASH_COATED_OSMIUM;9897;14;9894;18;;;9903;5;9907;22;;;9900.0;0.0
yf_ZC=F_d13;34300;INTARIAN_PEPPER_ROOT;11469;12;11465;24;;;11475;8;11479;19;;;11472.0;0.0
yf_ZC=F_d13;34400;ASH_COATED_OSMIUM;9896;18;9894;27;;;9902;15;9906;16;;;9899.0;0.0
yf_ZC=F_d13;34400;INTARIAN_PEPPER_ROOT;11466;11;11464;16;;;11472;12;11476;20;;;11469.0;0.0
yf_ZC=F_d13;34500;ASH_COATED_OSMIUM;9897;18;9895;15;;;9903;8;9906;10;;;9900.0;0.0
yf_ZC=F_d13;34500;INTARIAN_PEPPER_ROOT;11462;16;11459;13;;;11468;11;11470;23;;;11465.0;0.0
yf_ZC=F_d13;34600;ASH_COATED_OSMIUM;9897;28;9894;22;;;9903;14;9906;17;;;9900.0;0.0
yf_ZC=F_d13;34600;INTARIAN_PEPPER_ROOT;11459;5;11457;9;;;11465;11;11468;17;;;11462.0;0.0
yf_ZC=F_d13;34700;ASH_COATED_OSMIUM;9897;8;9895;18;;;9903;17;9905;15;;;9900.0;0.0
yf_ZC=F_d13;34700;INTARIAN_PEPPER_ROOT;11454;13;11451;24;;;11462;18;11464;21;;;11458.0;0.0
yf_ZC=F_d13;34800;ASH_COATED_OSMIUM;9897;18;9894;26;;;9903;17;9907;16;;;9900.0;0.0
yf_ZC=F_d13;34800;INTARIAN_PEPPER_ROOT;11451;9;11448;19;;;11457;15;11461;24;;;11454.0;0.0
yf_ZC=F_d13;34900;ASH_COATED_OSMIUM;9890;16;9887;17;;;9911;15;9913;23;;;9900.5;0.0
yf_ZC=F_d13;34900;INTARIAN_PEPPER_ROOT;11448;10;11446;31;;;11454;12;11457;23;;;11451.0;0.0
yf_ZC=F_d13;35000;ASH_COATED_OSMIUM;9892;20;9890;25;;;9907;13;9909;17;;;9899.5;0.0
yf_ZC=F_d13;35000;INTARIAN_PEPPER_ROOT;11443;9;11441;15;;;11449;20;11451;22;;;11446.0;0.0
yf_ZC=F_d13;35100;ASH_COATED_OSMIUM;9897;16;9895;22;;;9903;21;9906;29;;;9900.0;0.0
yf_ZC=F_d13;35100;INTARIAN_PEPPER_ROOT;11439;11;11435;23;;;11448;12;11450;27;;;11443.5;0.0
yf_ZC=F_d13;35200;ASH_COATED_OSMIUM;9897;21;9893;16;;;9903;19;9905;24;;;9900.0;0.0
yf_ZC=F_d13;35200;INTARIAN_PEPPER_ROOT;11434;13;11431;15;;;11445;18;11449;21;;;11439.5;0.0
yf_ZC=F_d13;35300;ASH_COATED_OSMIUM;9897;19;9895;28;;;9903;21;9907;30;;;9900.0;0.0
yf_ZC=F_d13;35300;INTARIAN_PEPPER_ROOT;11432;12;11430;16;;;11438;17;11440;14;;;11435.0;0.0
yf_ZC=F_d13;35400;ASH_COATED_OSMIUM;9897;11;9895;10;;;9903;10;9905;23;;;9900.0;0.0
yf_ZC=F_d13;35400;INTARIAN_PEPPER_ROOT;11429;20;11425;18;;;11435;6;11437;23;;;11432.0;0.0
yf_ZC=F_d13;35500;ASH_COATED_OSMIUM;9889;15;9886;12;;;9909;8;9911;8;;;9899.0;0.0
yf_ZC=F_d13;35500;INTARIAN_PEPPER_ROOT;11424;15;11421;16;;;11433;13;11436;13;;;11428.5;0.0
yf_ZC=F_d13;35600;ASH_COATED_OSMIUM;9892;14;9888;20;;;9908;12;9912;8;;;9900.0;0.0
yf_ZC=F_d13;35600;INTARIAN_PEPPER_ROOT;11420;15;11418;23;;;11429;25;11433;17;;;11424.5;0.0
yf_ZC=F_d13;35700;ASH_COATED_OSMIUM;9897;14;9894;14;;;9903;12;9907;16;;;9900.0;0.0
yf_ZC=F_d13;35700;INTARIAN_PEPPER_ROOT;11418;16;11416;20;;;11424;19;11428;12;;;11421.0;0.0
yf_ZC=F_d13;35800;ASH_COATED_OSMIUM;9897;12;9893;17;;;9903;17;9905;18;;;9900.0;0.0
yf_ZC=F_d13;35800;INTARIAN_PEPPER_ROOT;11415;18;11411;14;;;11421;12;11424;22;;;11418.0;0.0
yf_ZC=F_d13;35900;ASH_COATED_OSMIUM;9894;25;9892;20;;;9906;23;9910;21;;;9900.0;0.0
yf_ZC=F_d13;35900;INTARIAN_PEPPER_ROOT;11409;17;11406;11;;;11417;24;11420;23;;;11413.0;0.0
yf_ZC=F_d13;36000;ASH_COATED_OSMIUM;9893;16;9889;19;;;9907;16;9910;17;;;9900.0;0.0
yf_ZC=F_d13;36000;INTARIAN_PEPPER_ROOT;11405;13;11403;16;;;11416;13;11418;22;;;11410.5;0.0
yf_ZC=F_d13;36100;ASH_COATED_OSMIUM;9896;14;9893;11;;;9906;17;9910;18;;;9901.0;0.0
yf_ZC=F_d13;36100;INTARIAN_PEPPER_ROOT;11403;7;11400;22;;;11409;11;11411;17;;;11406.0;0.0
yf_ZC=F_d13;36200;ASH_COATED_OSMIUM;9897;11;9894;17;;;9903;13;9907;18;;;9900.0;0.0
yf_ZC=F_d13;36200;INTARIAN_PEPPER_ROOT;11398;19;11396;11;;;11406;15;11410;19;;;11402.0;0.0
yf_ZC=F_d13;36300;ASH_COATED_OSMIUM;9895;11;9893;21;;;9907;13;9911;21;;;9901.0;0.0
yf_ZC=F_d13;36300;INTARIAN_PEPPER_ROOT;11396;21;11392;28;;;11402;5;11406;27;;;11399.0;0.0
yf_ZC=F_d13;36400;ASH_COATED_OSMIUM;9897;9;9895;22;;;9903;10;9907;19;;;9900.0;0.0
yf_ZC=F_d13;36400;INTARIAN_PEPPER_ROOT;11392;13;11390;22;;;11398;17;11400;25;;;11395.0;0.0
yf_ZC=F_d13;36500;ASH_COATED_OSMIUM;9887;17;9885;23;;;9914;26;9918;23;;;9900.5;0.0
yf_ZC=F_d13;36500;INTARIAN_PEPPER_ROOT;11388;17;11384;15;;;11394;12;11396;21;;;11391.0;0.0
yf_ZC=F_d13;36600;ASH_COATED_OSMIUM;9875;23;9873;26;;;9925;12;9928;17;;;9900.0;0.0
yf_ZC=F_d13;36600;INTARIAN_PEPPER_ROOT;11381;20;11378;16;;;11394;9;11397;19;;;11387.5;0.0
yf_ZC=F_d13;36700;ASH_COATED_OSMIUM;9895;18;9891;23;;;9906;20;9909;21;;;9900.5;0.0
yf_ZC=F_d13;36700;INTARIAN_PEPPER_ROOT;11381;5;11379;18;;;11387;20;11391;21;;;11384.0;0.0
yf_ZC=F_d13;36800;ASH_COATED_OSMIUM;9897;14;9893;21;;;9903;13;9906;32;;;9900.0;0.0
yf_ZC=F_d13;36800;INTARIAN_PEPPER_ROOT;11373;9;11370;18;;;11388;14;11391;20;;;11380.5;0.0
yf_ZC=F_d13;36900;ASH_COATED_OSMIUM;9897;13;9893;16;;;9903;16;9907;23;;;9900.0;0.0
yf_ZC=F_d13;36900;INTARIAN_PEPPER_ROOT;11374;20;11371;9;;;11380;5;11384;18;;;11377.0;0.0
yf_ZC=F_d13;37000;ASH_COATED_OSMIUM;9895;12;9891;16;;;9907;17;9911;15;;;9901.0;0.0
yf_ZC=F_d13;37000;INTARIAN_PEPPER_ROOT;11365;5;11363;25;;;11380;8;11384;20;;;11372.5;0.0
yf_ZC=F_d13;37100;ASH_COATED_OSMIUM;9896;9;9894;27;;;9904;21;9906;13;;;9900.0;0.0
yf_ZC=F_d13;37100;INTARIAN_PEPPER_ROOT;11366;20;11364;17;;;11372;8;11375;18;;;11369.0;0.0
yf_ZC=F_d13;37200;ASH_COATED_OSMIUM;9898;16;9895;20;;;9904;10;9906;24;;;9901.0;0.0
yf_ZC=F_d13;37200;INTARIAN_PEPPER_ROOT;11358;21;11355;20;;;11374;10;11378;23;;;11366.0;0.0
yf_ZC=F_d13;37300;ASH_COATED_OSMIUM;9897;8;9895;15;;;9905;19;9907;14;;;9901.0;0.0
yf_ZC=F_d13;37300;INTARIAN_PEPPER_ROOT;11360;12;11356;23;;;11366;14;11368;22;;;11363.0;0.0
yf_ZC=F_d13;37400;ASH_COATED_OSMIUM;9897;17;9895;15;;;9903;28;9906;16;;;9900.0;0.0
yf_ZC=F_d13;37400;INTARIAN_PEPPER_ROOT;11349;9;11345;16;;;11367;12;11369;21;;;11358.0;0.0
yf_ZC=F_d13;37500;ASH_COATED_OSMIUM;9897;16;9895;20;;;9903;18;9905;11;;;9900.0;0.0
yf_ZC=F_d13;37500;INTARIAN_PEPPER_ROOT;11342;19;11338;17;;;11368;17;11370;24;;;11355.0;0.0
yf_ZC=F_d13;37600;ASH_COATED_OSMIUM;9898;15;9895;12;;;9904;20;9908;24;;;9901.0;0.0
yf_ZC=F_d13;37600;INTARIAN_PEPPER_ROOT;11348;13;11344;27;;;11354;11;11357;20;;;11351.0;0.0
yf_ZC=F_d13;37700;ASH_COATED_OSMIUM;9898;21;9894;19;;;9904;18;9908;14;;;9901.0;0.0
yf_ZC=F_d13;37700;INTARIAN_PEPPER_ROOT;11344;10;11342;32;;;11350;11;11352;26;;;11347.0;0.0
yf_ZC=F_d13;37800;ASH_COATED_OSMIUM;9896;14;9894;17;;;9906;11;9910;20;;;9901.0;0.0
yf_ZC=F_d13;37800;INTARIAN_PEPPER_ROOT;11337;12;11333;29;;;11351;21;11355;19;;;11344.0;0.0
yf_ZC=F_d13;37900;ASH_COATED_OSMIUM;9898;7;9895;13;;;9904;22;9907;25;;;9901.0;0.0
yf_ZC=F_d13;37900;INTARIAN_PEPPER_ROOT;11337;16;11334;31;;;11343;18;11345;10;;;11340.0;0.0
yf_ZC=F_d13;38000;ASH_COATED_OSMIUM;9898;15;9895;28;;;9904;5;9908;19;;;9901.0;0.0
yf_ZC=F_d13;38000;INTARIAN_PEPPER_ROOT;11333;18;11331;20;;;11339;17;11342;20;;;11336.0;0.0
yf_ZC=F_d13;38100;ASH_COATED_OSMIUM;9898;15;9896;24;;;9904;12;9908;13;;;9901.0;0.0
yf_ZC=F_d13;38100;INTARIAN_PEPPER_ROOT;11326;8;11324;24;;;11338;19;11340;14;;;11332.0;0.0
yf_ZC=F_d13;38200;ASH_COATED_OSMIUM;9896;5;9894;20;;;9906;16;9910;22;;;9901.0;0.0
yf_ZC=F_d13;38200;INTARIAN_PEPPER_ROOT;11320;11;11316;25;;;11337;25;11339;21;;;11328.5;0.0
yf_ZC=F_d13;38300;ASH_COATED_OSMIUM;9898;27;9894;16;;;9904;21;9907;23;;;9901.0;0.0
yf_ZC=F_d13;38300;INTARIAN_PEPPER_ROOT;11320;16;11318;8;;;11331;10;11334;14;;;11325.5;0.0
yf_ZC=F_d13;38400;ASH_COATED_OSMIUM;9897;20;9894;16;;;9903;13;9907;22;;;9900.0;0.0
yf_ZC=F_d13;38400;INTARIAN_PEPPER_ROOT;11318;18;11315;25;;;11324;20;11326;13;;;11321.0;0.0
yf_ZC=F_d13;38500;ASH_COATED_OSMIUM;9896;16;9892;23;;;9905;18;9909;13;;;9900.5;0.0
yf_ZC=F_d13;38500;INTARIAN_PEPPER_ROOT;11315;14;11312;26;;;11321;11;11323;18;;;11318.0;0.0
yf_ZC=F_d13;38600;ASH_COATED_OSMIUM;9897;18;9895;25;;;9904;12;9908;8;;;9900.5;0.0
yf_ZC=F_d13;38600;INTARIAN_PEPPER_ROOT;11311;14;11309;20;;;11317;7;11319;17;;;11314.0;0.0
yf_ZC=F_d13;38700;ASH_COATED_OSMIUM;9892;6;9889;12;;;9912;21;9915;22;;;9902.0;0.0
yf_ZC=F_d13;38700;INTARIAN_PEPPER_ROOT;11308;10;11305;17;;;11314;6;11316;14;;;11311.0;0.0
yf_ZC=F_d13;38800;ASH_COATED_OSMIUM;9899;10;9897;11;;;9905;7;9909;19;;;9902.0;0.0
yf_ZC=F_d13;38800;INTARIAN_PEPPER_ROOT;11302;17;11300;18;;;11311;18;11314;19;;;11306.5;0.0
yf_ZC=F_d13;38900;ASH_COATED_OSMIUM;9898;9;9896;19;;;9904;9;9908;13;;;9901.0;0.0
yf_ZC=F_d13;38900;INTARIAN_PEPPER_ROOT;11288;7;11285;13;;;11317;17;11321;18;;;11302.5;0.0
yf_ZC=F_d13;39000;ASH_COATED_OSMIUM;9898;14;9895;19;;;9904;12;9908;22;;;9901.0;0.0
yf_ZC=F_d13;39000;INTARIAN_PEPPER_ROOT;11283;17;11281;13;;;11315;20;11317;18;;;11299.0;0.0
yf_ZC=F_d13;39100;ASH_COATED_OSMIUM;9881;14;9879;21;;;9921;22;9925;23;;;9901.0;0.0
yf_ZC=F_d13;39100;INTARIAN_PEPPER_ROOT;11293;20;11291;23;;;11299;15;11301;21;;;11296.0;0.0
yf_ZC=F_d13;39200;ASH_COATED_OSMIUM;9896;19;9894;24;;;9906;14;9910;15;;;9901.0;0.0
yf_ZC=F_d13;39200;INTARIAN_PEPPER_ROOT;11289;18;11286;20;;;11295;10;11298;19;;;11292.0;0.0
yf_ZC=F_d13;39300;ASH_COATED_OSMIUM;9893;17;9891;20;;;9909;18;9913;19;;;9901.0;0.0
yf_ZC=F_d13;39300;INTARIAN_PEPPER_ROOT;11286;13;11282;19;;;11292;20;11296;23;;;11289.0;0.0
yf_ZC=F_d13;39400;ASH_COATED_OSMIUM;9890;5;9886;23;;;9913;25;9915;23;;;9901.5;0.0
yf_ZC=F_d13;39400;INTARIAN_PEPPER_ROOT;11279;19;11275;23;;;11291;25;11294;26;;;11285.0;0.0
yf_ZC=F_d13;39500;ASH_COATED_OSMIUM;9898;21;9896;14;;;9904;14;9908;24;;;9901.0;0.0
yf_ZC=F_d13;39500;INTARIAN_PEPPER_ROOT;11278;22;11275;9;;;11284;18;11286;23;;;11281.0;0.0
yf_ZC=F_d13;39600;ASH_COATED_OSMIUM;9896;12;9893;19;;;9907;21;9911;22;;;9901.5;0.0
yf_ZC=F_d13;39600;INTARIAN_PEPPER_ROOT;11274;5;11271;14;;;11280;15;11284;24;;;11277.0;0.0
yf_ZC=F_d13;39700;ASH_COATED_OSMIUM;9898;18;9895;14;;;9904;18;9908;19;;;9901.0;0.0
yf_ZC=F_d13;39700;INTARIAN_PEPPER_ROOT;11270;22;11267;23;;;11276;11;11280;25;;;11273.0;0.0
yf_ZC=F_d13;39800;ASH_COATED_OSMIUM;9887;12;9885;23;;;9915;17;9918;18;;;9901.0;0.0
yf_ZC=F_d13;39800;INTARIAN_PEPPER_ROOT;11267;19;11264;24;;;11273;10;11276;20;;;11270.0;0.0
yf_ZC=F_d13;39900;ASH_COATED_OSMIUM;9898;16;9896;28;;;9904;19;9908;20;;;9901.0;0.0
yf_ZC=F_d13;39900;INTARIAN_PEPPER_ROOT;11263;18;11260;12;;;11269;9;11271;26;;;11266.0;0.0
yf_ZC=F_d13;40000;ASH_COATED_OSMIUM;9898;19;9894;23;;;9906;22;9910;14;;;9902.0;0.0
yf_ZC=F_d13;40000;INTARIAN_PEPPER_ROOT;11253;10;11249;11;;;11271;14;11274;20;;;11262.0;0.0
yf_ZC=F_d13;40100;ASH_COATED_OSMIUM;9892;17;9889;23;;;9910;11;9913;17;;;9901.0;0.0
yf_ZC=F_d13;40100;INTARIAN_PEPPER_ROOT;11256;14;11254;19;;;11262;21;11266;16;;;11259.0;0.0
yf_ZC=F_d13;40200;ASH_COATED_OSMIUM;9898;8;9894;24;;;9906;8;9908;18;;;9902.0;0.0
yf_ZC=F_d13;40200;INTARIAN_PEPPER_ROOT;11252;20;11250;12;;;11258;20;11260;28;;;11255.0;0.0
yf_ZC=F_d13;40300;ASH_COATED_OSMIUM;9899;11;9897;17;;;9905;12;9909;14;;;9902.0;0.0
yf_ZC=F_d13;40300;INTARIAN_PEPPER_ROOT;11248;24;11245;24;;;11256;13;11258;13;;;11252.0;0.0
yf_ZC=F_d13;40400;ASH_COATED_OSMIUM;9898;5;9894;17;;;9904;13;9907;19;;;9901.0;0.0
yf_ZC=F_d13;40400;INTARIAN_PEPPER_ROOT;11244;19;11241;14;;;11250;25;11254;16;;;11247.0;0.0
yf_ZC=F_d13;40500;ASH_COATED_OSMIUM;9899;15;9895;25;;;9905;13;9907;24;;;9902.0;0.0
yf_ZC=F_d13;40500;INTARIAN_PEPPER_ROOT;11241;5;11238;27;;;11247;8;11251;23;;;11244.0;0.0
yf_ZC=F_d13;40600;ASH_COATED_OSMIUM;9898;7;9896;18;;;9904;14;9908;24;;;9901.0;0.0
yf_ZC=F_d13;40600;INTARIAN_PEPPER_ROOT;11238;22;11235;19;;;11244;15;11247;24;;;11241.0;0.0
yf_ZC=F_d13;40700;ASH_COATED_OSMIUM;9895;9;9893;19;;;9908;21;9910;20;;;9901.5;0.0
yf_ZC=F_d13;40700;INTARIAN_PEPPER_ROOT;11234;9;11231;20;;;11240;9;11243;22;;;11237.0;0.0
yf_ZC=F_d13;40800;ASH_COATED_OSMIUM;9899;21;9896;22;;;9905;21;9908;17;;;9902.0;0.0
yf_ZC=F_d13;40800;INTARIAN_PEPPER_ROOT;11231;8;11228;10;;;11237;10;11240;22;;;11234.0;0.0
yf_ZC=F_d13;40900;ASH_COATED_OSMIUM;9897;8;9895;20;;;9906;27;9910;26;;;9901.5;0.0
yf_ZC=F_d13;40900;INTARIAN_PEPPER_ROOT;11209;17;11207;20;;;11250;12;11252;19;;;11229.5;0.0
yf_ZC=F_d13;41000;ASH_COATED_OSMIUM;9898;14;9895;14;;;9905;15;9908;18;;;9901.5;0.0
yf_ZC=F_d13;41000;INTARIAN_PEPPER_ROOT;11223;17;11219;28;;;11229;8;11233;11;;;11226.0;0.0
yf_ZC=F_d13;41100;ASH_COATED_OSMIUM;9897;22;9894;20;;;9905;19;9909;15;;;9901.0;0.0
yf_ZC=F_d13;41100;INTARIAN_PEPPER_ROOT;11218;15;11216;25;;;11226;16;11230;27;;;11222.0;0.0
yf_ZC=F_d13;41200;ASH_COATED_OSMIUM;9898;8;9896;20;;;9904;6;9907;16;;;9901.0;0.0
yf_ZC=F_d13;41200;INTARIAN_PEPPER_ROOT;11215;5;11212;23;;;11221;26;11225;22;;;11218.0;0.0
yf_ZC=F_d13;41300;ASH_COATED_OSMIUM;9899;8;9895;14;;;9905;13;9908;13;;;9902.0;0.0
yf_ZC=F_d13;41300;INTARIAN_PEPPER_ROOT;11212;12;11209;22;;;11218;12;11221;10;;;11215.0;0.0
yf_ZC=F_d13;41400;ASH_COATED_OSMIUM;9899;12;9897;20;;;9905;17;9908;18;;;9902.0;0.0
yf_ZC=F_d13;41400;INTARIAN_PEPPER_ROOT;11208;9;11204;19;;;11214;23;11216;27;;;11211.0;0.0
yf_ZC=F_d13;41500;ASH_COATED_OSMIUM;9893;16;9891;17;;;9909;18;9913;33;;;9901.0;0.0
yf_ZC=F_d13;41500;INTARIAN_PEPPER_ROOT;11203;16;11200;21;;;11211;18;11213;11;;;11207.0;0.0
yf_ZC=F_d13;41600;ASH_COATED_OSMIUM;9899;10;9897;23;;;9905;11;9909;14;;;9902.0;0.0
yf_ZC=F_d13;41600;INTARIAN_PEPPER_ROOT;11199;16;11195;19;;;11207;15;11209;26;;;11203.0;0.0
yf_ZC=F_d13;41700;ASH_COATED_OSMIUM;9899;15;9896;21;;;9905;16;9907;14;;;9902.0;0.0
yf_ZC=F_d13;41700;INTARIAN_PEPPER_ROOT;11198;18;11194;23;;;11204;18;11207;15;;;11201.0;0.0
yf_ZC=F_d13;41800;ASH_COATED_OSMIUM;9899;9;9896;25;;;9905;19;9907;34;;;9902.0;0.0
yf_ZC=F_d13;41800;INTARIAN_PEPPER_ROOT;11193;15;11189;15;;;11199;20;11203;19;;;11196.0;0.0
yf_ZC=F_d13;41900;ASH_COATED_OSMIUM;9890;17;9887;15;;;9914;17;9916;13;;;9902.0;0.0
yf_ZC=F_d13;41900;INTARIAN_PEPPER_ROOT;11188;15;11185;15;;;11196;12;11200;24;;;11192.0;0.0
yf_ZC=F_d13;42000;ASH_COATED_OSMIUM;9899;16;9897;13;;;9906;14;9908;21;;;9902.5;0.0
yf_ZC=F_d13;42000;INTARIAN_PEPPER_ROOT;11185;7;11181;12;;;11194;7;11197;24;;;11189.5;0.0
yf_ZC=F_d13;42100;ASH_COATED_OSMIUM;9898;24;9896;8;;;9905;11;9907;18;;;9901.5;0.0
yf_ZC=F_d13;42100;INTARIAN_PEPPER_ROOT;11182;12;11180;20;;;11188;14;11191;15;;;11185.0;0.0
yf_ZC=F_d13;42200;ASH_COATED_OSMIUM;9891;24;9887;19;;;9912;5;9916;22;;;9901.5;0.0
yf_ZC=F_d13;42200;INTARIAN_PEPPER_ROOT;11178;26;11175;11;;;11184;8;11188;13;;;11181.0;0.0
yf_ZC=F_d13;42300;ASH_COATED_OSMIUM;9898;18;9895;21;;;9905;13;9908;21;;;9901.5;0.0
yf_ZC=F_d13;42300;INTARIAN_PEPPER_ROOT;11171;13;11169;15;;;11185;15;11188;21;;;11178.0;0.0
yf_ZC=F_d13;42400;ASH_COATED_OSMIUM;9899;6;9895;20;;;9905;18;9907;20;;;9902.0;0.0
yf_ZC=F_d13;42400;INTARIAN_PEPPER_ROOT;11172;23;11169;21;;;11178;19;11181;18;;;11175.0;0.0
yf_ZC=F_d13;42500;ASH_COATED_OSMIUM;9898;15;9896;21;;;9906;17;9908;23;;;9902.0;0.0
yf_ZC=F_d13;42500;INTARIAN_PEPPER_ROOT;11165;16;11161;21;;;11176;15;11180;22;;;11170.5;0.0
yf_ZC=F_d13;42600;ASH_COATED_OSMIUM;9892;13;9889;23;;;9911;8;9915;25;;;9901.5;0.0
yf_ZC=F_d13;42600;INTARIAN_PEPPER_ROOT;11164;8;11161;19;;;11170;19;11174;19;;;11167.0;0.0
yf_ZC=F_d13;42700;ASH_COATED_OSMIUM;9898;18;9895;19;;;9907;14;9911;15;;;9902.5;0.0
yf_ZC=F_d13;42700;INTARIAN_PEPPER_ROOT;11160;19;11158;22;;;11166;21;11170;10;;;11163.0;0.0
yf_ZC=F_d13;42800;ASH_COATED_OSMIUM;9895;10;9892;21;;;9909;19;9911;21;;;9902.0;0.0
yf_ZC=F_d13;42800;INTARIAN_PEPPER_ROOT;11154;14;11152;19;;;11165;11;11167;16;;;11159.5;0.0
yf_ZC=F_d13;42900;ASH_COATED_OSMIUM;9899;10;9895;18;;;9905;17;9908;18;;;9902.0;0.0
yf_ZC=F_d13;42900;INTARIAN_PEPPER_ROOT;11153;20;11150;23;;;11159;17;11161;18;;;11156.0;0.0
yf_ZC=F_d13;43000;ASH_COATED_OSMIUM;9897;13;9895;23;;;9907;11;9911;15;;;9902.0;0.0
yf_ZC=F_d13;43000;INTARIAN_PEPPER_ROOT;11149;20;11146;23;;;11155;7;11159;18;;;11152.0;0.0
yf_ZC=F_d13;43100;ASH_COATED_OSMIUM;9899;13;9897;26;;;9905;14;9908;16;;;9902.0;0.0
yf_ZC=F_d13;43100;INTARIAN_PEPPER_ROOT;11145;15;11141;14;;;11151;21;11153;13;;;11148.0;0.0
yf_ZC=F_d13;43200;ASH_COATED_OSMIUM;9900;9;9898;24;;;9906;24;9908;24;;;9903.0;0.0
yf_ZC=F_d13;43200;INTARIAN_PEPPER_ROOT;11142;17;11138;19;;;11148;9;11151;21;;;11145.0;0.0
yf_ZC=F_d13;43300;ASH_COATED_OSMIUM;9899;12;9897;14;;;9905;15;9909;19;;;9902.0;0.0
yf_ZC=F_d13;43300;INTARIAN_PEPPER_ROOT;11131;18;11129;11;;;11152;24;11154;22;;;11141.5;0.0
yf_ZC=F_d13;43400;ASH_COATED_OSMIUM;9900;12;9897;21;;;9906;20;9908;23;;;9903.0;0.0
yf_ZC=F_d13;43400;INTARIAN_PEPPER_ROOT;11134;16;11132;14;;;11140;13;11142;24;;;11137.0;0.0
yf_ZC=F_d13;43500;ASH_COATED_OSMIUM;9893;13;9889;16;;;9911;8;9913;24;;;9902.0;0.0
yf_ZC=F_d13;43500;INTARIAN_PEPPER_ROOT;11131;10;11129;19;;;11137;19;11139;9;;;11134.0;0.0
yf_ZC=F_d13;43600;ASH_COATED_OSMIUM;9899;17;9895;25;;;9905;11;9909;23;;;9902.0;0.0
yf_ZC=F_d13;43600;INTARIAN_PEPPER_ROOT;11127;9;11124;17;;;11133;16;11137;14;;;11130.0;0.0
yf_ZC=F_d13;43700;ASH_COATED_OSMIUM;9899;6;9896;24;;;9905;12;9907;26;;;9902.0;0.0
yf_ZC=F_d13;43700;INTARIAN_PEPPER_ROOT;11123;14;11119;28;;;11129;15;11133;20;;;11126.0;0.0
yf_ZC=F_d13;43800;ASH_COATED_OSMIUM;9891;13;9889;21;;;9914;12;9916;26;;;9902.5;0.0
yf_ZC=F_d13;43800;INTARIAN_PEPPER_ROOT;11120;19;11117;18;;;11126;15;11130;20;;;11123.0;0.0
yf_ZC=F_d13;43900;ASH_COATED_OSMIUM;9899;20;9897;29;;;9905;13;9908;29;;;9902.0;0.0
yf_ZC=F_d13;43900;INTARIAN_PEPPER_ROOT;11116;12;11114;25;;;11122;15;11126;8;;;11119.0;0.0
yf_ZC=F_d13;44000;ASH_COATED_OSMIUM;9899;17;9897;21;;;9905;17;9908;19;;;9902.0;0.0
yf_ZC=F_d13;44000;INTARIAN_PEPPER_ROOT;11112;16;11110;20;;;11118;22;11122;23;;;11115.0;0.0
yf_ZC=F_d13;44100;ASH_COATED_OSMIUM;9900;11;9898;24;;;9906;16;9910;26;;;9903.0;0.0
yf_ZC=F_d13;44100;INTARIAN_PEPPER_ROOT;11100;22;11096;14;;;11123;15;11127;25;;;11111.5;0.0
yf_ZC=F_d13;44200;ASH_COATED_OSMIUM;9899;13;9896;18;;;9905;11;9908;27;;;9902.0;0.0
yf_ZC=F_d13;44200;INTARIAN_PEPPER_ROOT;11102;18;11100;24;;;11114;14;11117;21;;;11108.0;0.0
yf_ZC=F_d13;44300;ASH_COATED_OSMIUM;9895;19;9892;15;;;9909;11;9911;21;;;9902.0;0.0
yf_ZC=F_d13;44300;INTARIAN_PEPPER_ROOT;11101;14;11097;14;;;11107;21;11110;16;;;11104.0;0.0
yf_ZC=F_d13;44400;ASH_COATED_OSMIUM;9895;16;9893;19;;;9910;15;9912;17;;;9902.5;0.0
yf_ZC=F_d13;44400;INTARIAN_PEPPER_ROOT;11097;15;11095;24;;;11103;24;11106;22;;;11100.0;0.0
yf_ZC=F_d13;44500;ASH_COATED_OSMIUM;9900;10;9897;19;;;9906;18;9908;15;;;9903.0;0.0
yf_ZC=F_d13;44500;INTARIAN_PEPPER_ROOT;11087;30;11085;21;;;11105;8;11108;11;;;11096.0;0.0
yf_ZC=F_d13;44600;ASH_COATED_OSMIUM;9900;11;9898;17;;;9906;17;9909;17;;;9903.0;0.0
yf_ZC=F_d13;44600;INTARIAN_PEPPER_ROOT;11090;20;11088;22;;;11096;15;11099;19;;;11093.0;0.0
yf_ZC=F_d13;44700;ASH_COATED_OSMIUM;9900;16;9896;22;;;9906;30;9910;23;;;9903.0;0.0
yf_ZC=F_d13;44700;INTARIAN_PEPPER_ROOT;11087;5;11084;11;;;11093;9;11096;22;;;11090.0;0.0
yf_ZC=F_d13;44800;ASH_COATED_OSMIUM;9900;11;9896;11;;;9906;20;9908;8;;;9903.0;0.0
yf_ZC=F_d13;44800;INTARIAN_PEPPER_ROOT;11077;9;11075;30;;;11095;10;11097;18;;;11086.0;0.0
yf_ZC=F_d13;44900;ASH_COATED_OSMIUM;9899;7;9896;22;;;9905;20;9909;19;;;9902.0;0.0
yf_ZC=F_d13;44900;INTARIAN_PEPPER_ROOT;11070;13;11068;27;;;11095;5;11098;16;;;11082.5;0.0
yf_ZC=F_d13;45000;ASH_COATED_OSMIUM;9900;23;9898;19;;;9906;15;9909;18;;;9903.0;0.0
yf_ZC=F_d13;45000;INTARIAN_PEPPER_ROOT;11070;14;11067;19;;;11086;12;11090;15;;;11078.0;0.0
yf_ZC=F_d13;45100;ASH_COATED_OSMIUM;9900;17;9896;29;;;9906;8;9910;19;;;9903.0;0.0
yf_ZC=F_d13;45100;INTARIAN_PEPPER_ROOT;11072;14;11070;13;;;11078;26;11081;15;;;11075.0;0.0
yf_ZC=F_d13;45200;ASH_COATED_OSMIUM;9893;11;9890;20;;;9911;14;9913;13;;;9902.0;0.0
yf_ZC=F_d13;45200;INTARIAN_PEPPER_ROOT;11065;22;11062;25;;;11078;19;11080;26;;;11071.5;0.0
yf_ZC=F_d13;45300;ASH_COATED_OSMIUM;9900;18;9897;11;;;9906;18;9908;24;;;9903.0;0.0
yf_ZC=F_d13;45300;INTARIAN_PEPPER_ROOT;11064;22;11061;20;;;11071;9;11073;20;;;11067.5;0.0
yf_ZC=F_d13;45400;ASH_COATED_OSMIUM;9899;13;9895;20;;;9905;24;9909;23;;;9902.0;0.0
yf_ZC=F_d13;45400;INTARIAN_PEPPER_ROOT;11061;11;11059;10;;;11067;14;11071;24;;;11064.0;0.0
yf_ZC=F_d13;45500;ASH_COATED_OSMIUM;9895;11;9892;18;;;9911;12;9914;26;;;9903.0;0.0
yf_ZC=F_d13;45500;INTARIAN_PEPPER_ROOT;11057;16;11054;20;;;11063;9;11066;25;;;11060.0;0.0
yf_ZC=F_d13;45600;ASH_COATED_OSMIUM;9878;13;9876;16;;;9930;16;9934;12;;;9904.0;0.0
yf_ZC=F_d13;45600;INTARIAN_PEPPER_ROOT;11051;14;11049;22;;;11061;12;11065;11;;;11056.0;0.0
yf_ZC=F_d13;45700;ASH_COATED_OSMIUM;9900;17;9896;19;;;9906;14;9909;19;;;9903.0;0.0
yf_ZC=F_d13;45700;INTARIAN_PEPPER_ROOT;11050;17;11046;21;;;11056;15;11058;20;;;11053.0;0.0
yf_ZC=F_d13;45800;ASH_COATED_OSMIUM;9899;10;9895;19;;;9905;19;9909;22;;;9902.0;0.0
yf_ZC=F_d13;45800;INTARIAN_PEPPER_ROOT;11046;13;11042;23;;;11052;8;11055;22;;;11049.0;0.0
yf_ZC=F_d13;45900;ASH_COATED_OSMIUM;9900;12;9898;20;;;9906;17;9909;17;;;9903.0;0.0
yf_ZC=F_d13;45900;INTARIAN_PEPPER_ROOT;11041;14;11038;22;;;11048;19;11050;26;;;11044.5;0.0
yf_ZC=F_d13;46000;ASH_COATED_OSMIUM;9890;16;9888;20;;;9917;5;9921;18;;;9903.5;0.0
yf_ZC=F_d13;46000;INTARIAN_PEPPER_ROOT;11039;8;11036;15;;;11045;12;11047;15;;;11042.0;0.0
yf_ZC=F_d13;46100;ASH_COATED_OSMIUM;9900;18;9898;14;;;9906;13;9909;31;;;9903.0;0.0
yf_ZC=F_d13;46100;INTARIAN_PEPPER_ROOT;11035;6;11033;8;;;11041;22;11043;19;;;11038.0;0.0
yf_ZC=F_d13;46200;ASH_COATED_OSMIUM;9900;15;9897;20;;;9906;6;9910;20;;;9903.0;0.0
yf_ZC=F_d13;46200;INTARIAN_PEPPER_ROOT;11031;16;11028;17;;;11038;17;11041;19;;;11034.5;0.0
yf_ZC=F_d13;46300;ASH_COATED_OSMIUM;9893;22;9891;26;;;9913;25;9917;24;;;9903.0;0.0
yf_ZC=F_d13;46300;INTARIAN_PEPPER_ROOT;11028;11;11025;15;;;11034;12;11037;16;;;11031.0;0.0
yf_ZC=F_d13;46400;ASH_COATED_OSMIUM;9900;15;9897;26;;;9906;12;9908;25;;;9903.0;0.0
yf_ZC=F_d13;46400;INTARIAN_PEPPER_ROOT;11024;9;11022;24;;;11030;20;11032;20;;;11027.0;0.0
yf_ZC=F_d13;46500;ASH_COATED_OSMIUM;9895;11;9891;9;;;9911;15;9915;25;;;9903.0;0.0
yf_ZC=F_d13;46500;INTARIAN_PEPPER_ROOT;11020;21;11016;19;;;11026;13;11028;18;;;11023.0;0.0
yf_ZC=F_d13;46600;ASH_COATED_OSMIUM;9900;17;9898;19;;;9906;13;9908;26;;;9903.0;0.0
yf_ZC=F_d13;46600;INTARIAN_PEPPER_ROOT;11016;14;11013;17;;;11022;15;11024;25;;;11019.0;0.0
yf_ZC=F_d13;46700;ASH_COATED_OSMIUM;9900;16;9897;13;;;9906;11;9908;16;;;9903.0;0.0
yf_ZC=F_d13;46700;INTARIAN_PEPPER_ROOT;11004;20;11002;18;;;11027;12;11030;19;;;11015.5;0.0
yf_ZC=F_d13;46800;ASH_COATED_OSMIUM;9898;16;9894;20;;;9909;17;9912;23;;;9903.5;0.0
yf_ZC=F_d13;46800;INTARIAN_PEPPER_ROOT;11009;18;11006;24;;;11015;14;11017;27;;;11012.0;0.0
yf_ZC=F_d13;46900;ASH_COATED_OSMIUM;9899;18;9895;23;;;9907;9;9909;24;;;9903.0;0.0
yf_ZC=F_d13;46900;INTARIAN_PEPPER_ROOT;11003;10;11000;19;;;11015;25;11019;17;;;11009.0;0.0
yf_ZC=F_d13;47000;ASH_COATED_OSMIUM;9900;11;9896;24;;;9906;21;9909;26;;;9903.0;0.0
yf_ZC=F_d13;47000;INTARIAN_PEPPER_ROOT;11002;18;10999;20;;;11008;9;11010;20;;;11005.0;0.0
yf_ZC=F_d13;47100;ASH_COATED_OSMIUM;9900;15;9897;18;;;9906;23;9908;27;;;9903.0;0.0
yf_ZC=F_d13;47100;INTARIAN_PEPPER_ROOT;10995;15;10992;16;;;11009;8;11013;16;;;11002.0;0.0
yf_ZC=F_d13;47200;ASH_COATED_OSMIUM;9900;7;9898;14;;;9906;25;9908;20;;;9903.0;0.0
yf_ZC=F_d13;47200;INTARIAN_PEPPER_ROOT;10994;28;10992;14;;;11000;13;11002;13;;;10997.0;0.0
yf_ZC=F_d13;47300;ASH_COATED_OSMIUM;9898;18;9894;18;;;9909;12;9912;20;;;9903.5;0.0
yf_ZC=F_d13;47300;INTARIAN_PEPPER_ROOT;10991;20;10987;25;;;10997;22;10999;19;;;10994.0;0.0
yf_ZC=F_d13;47400;ASH_COATED_OSMIUM;9900;19;9897;21;;;9906;14;9910;18;;;9903.0;0.0
yf_ZC=F_d13;47400;INTARIAN_PEPPER_ROOT;10983;20;10981;17;;;10998;7;11002;9;;;10990.5;0.0
yf_ZC=F_d13;47500;ASH_COATED_OSMIUM;9900;16;9896;20;;;9906;14;9910;16;;;9903.0;0.0
yf_ZC=F_d13;47500;INTARIAN_PEPPER_ROOT;10984;21;10981;16;;;10990;15;10993;22;;;10987.0;0.0
yf_ZC=F_d13;47600;ASH_COATED_OSMIUM;9900;20;9898;12;;;9906;14;9908;18;;;9903.0;0.0
yf_ZC=F_d13;47600;INTARIAN_PEPPER_ROOT;10973;13;10969;17;;;10993;25;10996;18;;;10983.0;0.0
yf_ZC=F_d13;47700;ASH_COATED_OSMIUM;9900;12;9898;18;;;9906;9;9910;24;;;9903.0;0.0
yf_ZC=F_d13;47700;INTARIAN_PEPPER_ROOT;10976;12;10974;23;;;10982;11;10984;20;;;10979.0;0.0
yf_ZC=F_d13;47800;ASH_COATED_OSMIUM;9886;8;9884;14;;;9921;11;9923;15;;;9903.5;0.0
yf_ZC=F_d13;47800;INTARIAN_PEPPER_ROOT;10973;27;10971;24;;;10979;10;10981;14;;;10976.0;0.0
yf_ZC=F_d13;47900;ASH_COATED_OSMIUM;9901;22;9898;19;;;9907;11;9909;27;;;9904.0;0.0
yf_ZC=F_d13;47900;INTARIAN_PEPPER_ROOT;10969;10;10966;24;;;10975;6;10978;21;;;10972.0;0.0
yf_ZC=F_d13;48000;ASH_COATED_OSMIUM;9900;5;9897;15;;;9906;17;9910;21;;;9903.0;0.0
yf_ZC=F_d13;48000;INTARIAN_PEPPER_ROOT;10965;16;10963;14;;;10971;6;10973;17;;;10968.0;0.0
yf_ZC=F_d13;48100;ASH_COATED_OSMIUM;9901;20;9897;16;;;9907;21;9911;13;;;9904.0;0.0
yf_ZC=F_d13;48100;INTARIAN_PEPPER_ROOT;10961;13;10958;21;;;10967;15;10970;21;;;10964.0;0.0
yf_ZC=F_d13;48200;ASH_COATED_OSMIUM;9900;21;9898;19;;;9906;8;9908;15;;;9903.0;0.0
yf_ZC=F_d13;48200;INTARIAN_PEPPER_ROOT;10957;13;10953;13;;;10965;12;10969;21;;;10961.0;0.0
yf_ZC=F_d13;48300;ASH_COATED_OSMIUM;9896;9;9893;24;;;9910;13;9912;19;;;9903.0;0.0
yf_ZC=F_d13;48300;INTARIAN_PEPPER_ROOT;10947;14;10943;17;;;10968;20;10970;12;;;10957.5;0.0
yf_ZC=F_d13;48400;ASH_COATED_OSMIUM;9901;14;9898;22;;;9907;6;9909;34;;;9904.0;0.0
yf_ZC=F_d13;48400;INTARIAN_PEPPER_ROOT;10950;11;10946;17;;;10956;11;10958;29;;;10953.0;0.0
yf_ZC=F_d13;48500;ASH_COATED_OSMIUM;9898;13;9894;13;;;9909;11;9913;25;;;9903.5;0.0
yf_ZC=F_d13;48500;INTARIAN_PEPPER_ROOT;10947;17;10944;12;;;10953;9;10957;26;;;10950.0;0.0
yf_ZC=F_d13;48600;ASH_COATED_OSMIUM;9896;21;9892;15;;;9912;21;9916;16;;;9904.0;0.0
yf_ZC=F_d13;48600;INTARIAN_PEPPER_ROOT;10943;17;10941;18;;;10949;25;10952;15;;;10946.0;0.0
yf_ZC=F_d13;48700;ASH_COATED_OSMIUM;9899;18;9896;22;;;9909;15;9912;25;;;9904.0;0.0
yf_ZC=F_d13;48700;INTARIAN_PEPPER_ROOT;10939;10;10936;20;;;10946;11;10950;15;;;10942.5;0.0
yf_ZC=F_d13;48800;ASH_COATED_OSMIUM;9896;18;9894;15;;;9911;17;9915;20;;;9903.5;0.0
yf_ZC=F_d13;48800;INTARIAN_PEPPER_ROOT;10936;15;10933;16;;;10942;11;10945;24;;;10939.0;0.0
yf_ZC=F_d13;48900;ASH_COATED_OSMIUM;9901;11;9899;15;;;9907;9;9909;18;;;9904.0;0.0
yf_ZC=F_d13;48900;INTARIAN_PEPPER_ROOT;10932;27;10929;13;;;10938;12;10940;18;;;10935.0;0.0
yf_ZC=F_d13;49000;ASH_COATED_OSMIUM;9901;10;9899;26;;;9907;18;9911;18;;;9904.0;0.0
yf_ZC=F_d13;49000;INTARIAN_PEPPER_ROOT;10923;15;10920;11;;;10939;18;10942;17;;;10931.0;0.0
yf_ZC=F_d13;49100;ASH_COATED_OSMIUM;9901;15;9898;18;;;9907;13;9909;20;;;9904.0;0.0
yf_ZC=F_d13;49100;INTARIAN_PEPPER_ROOT;10925;21;10922;21;;;10931;9;10935;22;;;10928.0;0.0
yf_ZC=F_d13;49200;ASH_COATED_OSMIUM;9901;10;9898;27;;;9907;18;9909;16;;;9904.0;0.0
yf_ZC=F_d13;49200;INTARIAN_PEPPER_ROOT;10913;17;10909;20;;;10935;16;10937;26;;;10924.0;0.0
yf_ZC=F_d13;49300;ASH_COATED_OSMIUM;9898;22;9896;23;;;9909;16;9912;17;;;9903.5;0.0
yf_ZC=F_d13;49300;INTARIAN_PEPPER_ROOT;10917;19;10913;16;;;10923;10;10925;25;;;10920.0;0.0
yf_ZC=F_d13;49400;ASH_COATED_OSMIUM;9900;12;9897;14;;;9908;10;9911;25;;;9904.0;0.0
yf_ZC=F_d13;49400;INTARIAN_PEPPER_ROOT;10913;11;10911;13;;;10919;15;10923;10;;;10916.0;0.0
yf_ZC=F_d13;49500;ASH_COATED_OSMIUM;9900;8;9897;23;;;9908;11;9911;31;;;9904.0;0.0
yf_ZC=F_d13;49500;INTARIAN_PEPPER_ROOT;10910;26;10907;20;;;10916;20;10918;25;;;10913.0;0.0
yf_ZC=F_d13;49600;ASH_COATED_OSMIUM;9897;23;9894;20;;;9912;17;9916;16;;;9904.5;0.0
yf_ZC=F_d13;49600;INTARIAN_PEPPER_ROOT;10906;15;10903;30;;;10912;20;10914;21;;;10909.0;0.0
yf_ZC=F_d13;49700;ASH_COATED_OSMIUM;9899;15;9897;24;;;9908;16;9911;25;;;9903.5;0.0
yf_ZC=F_d13;49700;INTARIAN_PEPPER_ROOT;10903;16;10901;27;;;10909;16;10912;22;;;10906.0;0.0
yf_ZC=F_d13;49800;ASH_COATED_OSMIUM;9900;24;9896;16;;;9907;17;9909;28;;;9903.5;0.0
yf_ZC=F_d13;49800;INTARIAN_PEPPER_ROOT;10898;14;10895;14;;;10906;15;10910;25;;;10902.0;0.0
yf_ZC=F_d13;49900;ASH_COATED_OSMIUM;9900;11;9897;18;;;9908;20;9910;15;;;9904.0;0.0
yf_ZC=F_d13;49900;INTARIAN_PEPPER_ROOT;10894;14;10891;18;;;10902;14;10904;22;;;10898.0;0.0
yf_ZC=F_d13;50000;ASH_COATED_OSMIUM;9901;17;9898;17;;;9907;15;9909;24;;;9904.0;0.0
yf_ZC=F_d13;50000;INTARIAN_PEPPER_ROOT;10891;6;10889;22;;;10897;14;10901;12;;;10894.0;0.0
yf_ZC=F_d13;50100;ASH_COATED_OSMIUM;9901;12;9899;16;;;9907;25;9910;18;;;9904.0;0.0
yf_ZC=F_d13;50100;INTARIAN_PEPPER_ROOT;10888;15;10884;25;;;10894;13;10897;18;;;10891.0;0.0
yf_ZC=F_d13;50200;ASH_COATED_OSMIUM;9901;21;9898;18;;;9907;9;9911;19;;;9904.0;0.0
yf_ZC=F_d13;50200;INTARIAN_PEPPER_ROOT;10885;8;10882;30;;;10891;6;10893;13;;;10888.0;0.0
yf_ZC=F_d13;50300;ASH_COATED_OSMIUM;9901;19;9899;25;;;9908;15;9911;23;;;9904.5;0.0
yf_ZC=F_d13;50300;INTARIAN_PEPPER_ROOT;10879;9;10877;19;;;10887;6;10889;24;;;10883.0;0.0
yf_ZC=F_d13;50400;ASH_COATED_OSMIUM;9902;5;9898;31;;;9908;20;9911;24;;;9905.0;0.0
yf_ZC=F_d13;50400;INTARIAN_PEPPER_ROOT;10877;9;10873;18;;;10883;6;10886;22;;;10880.0;0.0
yf_ZC=F_d13;50500;ASH_COATED_OSMIUM;9901;12;9899;16;;;9907;13;9910;22;;;9904.0;0.0
yf_ZC=F_d13;50500;INTARIAN_PEPPER_ROOT;10873;30;10870;15;;;10879;12;10883;26;;;10876.0;0.0
yf_ZC=F_d13;50600;ASH_COATED_OSMIUM;9901;12;9899;18;;;9907;10;9910;15;;;9904.0;0.0
yf_ZC=F_d13;50600;INTARIAN_PEPPER_ROOT;10869;23;10867;20;;;10875;12;10879;9;;;10872.0;0.0
yf_ZC=F_d13;50700;ASH_COATED_OSMIUM;9899;13;9897;22;;;9909;21;9911;22;;;9904.0;0.0
yf_ZC=F_d13;50700;INTARIAN_PEPPER_ROOT;10865;8;10863;25;;;10871;25;10875;15;;;10868.0;0.0
yf_ZC=F_d13;50800;ASH_COATED_OSMIUM;9900;13;9897;25;;;9909;6;9913;16;;;9904.5;0.0
yf_ZC=F_d13;50800;INTARIAN_PEPPER_ROOT;10862;15;10860;14;;;10868;20;10872;21;;;10865.0;0.0
yf_ZC=F_d13;50900;ASH_COATED_OSMIUM;9900;13;9898;15;;;9910;9;9912;28;;;9905.0;0.0
yf_ZC=F_d13;50900;INTARIAN_PEPPER_ROOT;10852;16;10849;21;;;10874;17;10876;21;;;10863.0;0.0
yf_ZC=F_d13;51000;ASH_COATED_OSMIUM;9902;14;9900;20;;;9908;16;9911;26;;;9905.0;0.0
yf_ZC=F_d13;51000;INTARIAN_PEPPER_ROOT;10855;25;10853;20;;;10869;18;10873;16;;;10862.0;0.0
yf_ZC=F_d13;51100;ASH_COATED_OSMIUM;9901;17;9898;23;;;9907;17;9911;11;;;9904.0;0.0
yf_ZC=F_d13;51100;INTARIAN_PEPPER_ROOT;10858;13;10854;10;;;10864;17;10866;21;;;10861.0;0.0
yf_ZC=F_d13;51200;ASH_COATED_OSMIUM;9898;21;9896;23;;;9910;13;9913;17;;;9904.0;0.0
yf_ZC=F_d13;51200;INTARIAN_PEPPER_ROOT;10853;13;10849;22;;;10867;14;10869;13;;;10860.0;0.0
yf_ZC=F_d13;51300;ASH_COATED_OSMIUM;9899;11;9897;17;;;9909;16;9912;21;;;9904.0;0.0
yf_ZC=F_d13;51300;INTARIAN_PEPPER_ROOT;10855;13;10852;10;;;10865;19;10867;10;;;10860.0;0.0
yf_ZC=F_d13;51400;ASH_COATED_OSMIUM;9901;7;9898;23;;;9907;15;9910;16;;;9904.0;0.0
yf_ZC=F_d13;51400;INTARIAN_PEPPER_ROOT;10855;9;10853;12;;;10861;18;10864;28;;;10858.0;0.0
yf_ZC=F_d13;51500;ASH_COATED_OSMIUM;9893;15;9891;16;;;9915;12;9917;17;;;9904.0;0.0
yf_ZC=F_d13;51500;INTARIAN_PEPPER_ROOT;10852;17;10850;26;;;10863;11;10867;20;;;10857.5;0.0
yf_ZC=F_d13;51600;ASH_COATED_OSMIUM;9901;17;9898;16;;;9907;14;9910;8;;;9904.0;0.0
yf_ZC=F_d13;51600;INTARIAN_PEPPER_ROOT;10851;14;10847;20;;;10864;7;10866;30;;;10857.5;0.0
yf_ZC=F_d13;51700;ASH_COATED_OSMIUM;9901;15;9898;18;;;9907;8;9911;17;;;9904.0;0.0
yf_ZC=F_d13;51700;INTARIAN_PEPPER_ROOT;10853;18;10851;23;;;10859;11;10862;18;;;10856.0;0.0
yf_ZC=F_d13;51800;ASH_COATED_OSMIUM;9901;16;9898;28;;;9907;7;9911;15;;;9904.0;0.0
yf_ZC=F_d13;51800;INTARIAN_PEPPER_ROOT;10852;21;10848;25;;;10858;17;10860;11;;;10855.0;0.0
yf_ZC=F_d13;51900;ASH_COATED_OSMIUM;9901;6;9899;21;;;9907;9;9911;25;;;9904.0;0.0
yf_ZC=F_d13;51900;INTARIAN_PEPPER_ROOT;10852;5;10850;20;;;10858;18;10860;19;;;10855.0;0.0
yf_ZC=F_d13;52000;ASH_COATED_OSMIUM;9896;8;9892;21;;;9911;22;9915;18;;;9903.5;0.0
yf_ZC=F_d13;52000;INTARIAN_PEPPER_ROOT;10843;22;10839;13;;;10863;15;10867;13;;;10853.0;0.0
yf_ZC=F_d13;52100;ASH_COATED_OSMIUM;9894;10;9890;13;;;9915;18;9918;16;;;9904.5;0.0
yf_ZC=F_d13;52100;INTARIAN_PEPPER_ROOT;10847;18;10845;21;;;10858;12;10860;30;;;10852.5;0.0
yf_ZC=F_d13;52200;ASH_COATED_OSMIUM;9901;18;9899;17;;;9907;8;9911;18;;;9904.0;0.0
yf_ZC=F_d13;52200;INTARIAN_PEPPER_ROOT;10837;20;10834;17;;;10865;14;10868;19;;;10851.0;0.0
yf_ZC=F_d13;52300;ASH_COATED_OSMIUM;9900;13;9897;16;;;9908;13;9910;20;;;9904.0;0.0
yf_ZC=F_d13;52300;INTARIAN_PEPPER_ROOT;10848;15;10844;15;;;10854;10;10856;17;;;10851.0;0.0
yf_ZC=F_d13;52400;ASH_COATED_OSMIUM;9901;14;9899;18;;;9908;18;9912;23;;;9904.5;0.0
yf_ZC=F_d13;52400;INTARIAN_PEPPER_ROOT;10846;8;10842;22;;;10854;16;10857;25;;;10850.0;0.0
yf_ZC=F_d13;52500;ASH_COATED_OSMIUM;9902;25;9899;12;;;9908;11;9911;24;;;9905.0;0.0
yf_ZC=F_d13;52500;INTARIAN_PEPPER_ROOT;10845;7;10842;10;;;10853;20;10857;18;;;10849.0;0.0
yf_ZC=F_d13;52600;ASH_COATED_OSMIUM;9901;22;9898;13;;;9907;12;9910;17;;;9904.0;0.0
yf_ZC=F_d13;52600;INTARIAN_PEPPER_ROOT;10846;20;10843;28;;;10852;14;10854;25;;;10849.0;0.0
yf_ZC=F_d13;52700;ASH_COATED_OSMIUM;9894;22;9890;18;;;9915;11;9919;22;;;9904.5;0.0
yf_ZC=F_d13;52700;INTARIAN_PEPPER_ROOT;10844;16;10842;23;;;10851;13;10855;11;;;10847.5;0.0
yf_ZC=F_d13;52800;ASH_COATED_OSMIUM;9902;15;9898;17;;;9908;16;9911;15;;;9905.0;0.0
yf_ZC=F_d13;52800;INTARIAN_PEPPER_ROOT;10844;11;10841;22;;;10850;19;10852;19;;;10847.0;0.0
yf_ZC=F_d13;52900;ASH_COATED_OSMIUM;9901;20;9899;23;;;9907;24;9910;20;;;9904.0;0.0
yf_ZC=F_d13;52900;INTARIAN_PEPPER_ROOT;10840;18;10838;22;;;10851;19;10855;22;;;10845.5;0.0
yf_ZC=F_d13;53000;ASH_COATED_OSMIUM;9901;18;9897;24;;;9907;11;9911;17;;;9904.0;0.0
yf_ZC=F_d13;53000;INTARIAN_PEPPER_ROOT;10842;10;10840;16;;;10848;16;10851;22;;;10845.0;0.0
yf_ZC=F_d13;53100;ASH_COATED_OSMIUM;9898;14;9896;20;;;9909;12;9912;20;;;9903.5;0.0
yf_ZC=F_d13;53100;INTARIAN_PEPPER_ROOT;10841;23;10839;20;;;10847;12;10851;17;;;10844.0;0.0
yf_ZC=F_d13;53200;ASH_COATED_OSMIUM;9897;13;9894;19;;;9912;13;9914;16;;;9904.5;0.0
yf_ZC=F_d13;53200;INTARIAN_PEPPER_ROOT;10840;18;10838;24;;;10846;14;10850;15;;;10843.0;0.0
yf_ZC=F_d13;53300;ASH_COATED_OSMIUM;9896;10;9893;15;;;9912;6;9914;13;;;9904.0;0.0
yf_ZC=F_d13;53300;INTARIAN_PEPPER_ROOT;10838;17;10834;19;;;10846;10;10850;18;;;10842.0;0.0
yf_ZC=F_d13;53400;ASH_COATED_OSMIUM;9889;5;9886;11;;;9919;12;9923;11;;;9904.0;0.0
yf_ZC=F_d13;53400;INTARIAN_PEPPER_ROOT;10839;14;10835;24;;;10845;9;10848;19;;;10842.0;0.0
yf_ZC=F_d13;53500;ASH_COATED_OSMIUM;9900;5;9898;22;;;9909;12;9912;16;;;9904.5;0.0
yf_ZC=F_d13;53500;INTARIAN_PEPPER_ROOT;10836;5;10832;25;;;10845;19;10848;19;;;10840.5;0.0
yf_ZC=F_d13;53600;ASH_COATED_OSMIUM;9902;29;9900;16;;;9908;20;9910;20;;;9905.0;0.0
yf_ZC=F_d13;53600;INTARIAN_PEPPER_ROOT;10837;10;10833;16;;;10843;20;10846;8;;;10840.0;0.0
yf_ZC=F_d13;53700;ASH_COATED_OSMIUM;9901;20;9897;19;;;9907;14;9910;17;;;9904.0;0.0
yf_ZC=F_d13;53700;INTARIAN_PEPPER_ROOT;10836;17;10834;26;;;10842;13;10845;18;;;10839.0;0.0
yf_ZC=F_d13;53800;ASH_COATED_OSMIUM;9894;9;9890;20;;;9914;9;9916;18;;;9904.0;0.0
yf_ZC=F_d13;53800;INTARIAN_PEPPER_ROOT;10835;15;10833;23;;;10841;13;10845;17;;;10838.0;0.0
yf_ZC=F_d13;53900;ASH_COATED_OSMIUM;9898;12;9895;28;;;9911;18;9915;13;;;9904.5;0.0
yf_ZC=F_d13;53900;INTARIAN_PEPPER_ROOT;10832;5;10828;21;;;10842;16;10844;21;;;10837.0;0.0
yf_ZC=F_d13;54000;ASH_COATED_OSMIUM;9899;13;9897;15;;;9909;19;9913;20;;;9904.0;0.0
yf_ZC=F_d13;54000;INTARIAN_PEPPER_ROOT;10828;14;10825;25;;;10844;18;10847;15;;;10836.0;0.0
yf_ZC=F_d13;54100;ASH_COATED_OSMIUM;9894;16;9892;27;;;9914;18;9917;25;;;9904.0;0.0
yf_ZC=F_d13;54100;INTARIAN_PEPPER_ROOT;10833;10;10831;25;;;10839;15;10841;25;;;10836.0;0.0
yf_ZC=F_d13;54200;ASH_COATED_OSMIUM;9901;10;9897;16;;;9907;18;9910;19;;;9904.0;0.0
yf_ZC=F_d13;54200;INTARIAN_PEPPER_ROOT;10830;14;10827;15;;;10839;15;10843;29;;;10834.5;0.0
yf_ZC=F_d13;54300;ASH_COATED_OSMIUM;9899;13;9895;27;;;9911;10;9913;24;;;9905.0;0.0
yf_ZC=F_d13;54300;INTARIAN_PEPPER_ROOT;10831;17;10827;25;;;10837;14;10839;29;;;10834.0;0.0
yf_ZC=F_d13;54400;ASH_COATED_OSMIUM;9901;15;9898;31;;;9907;16;9909;26;;;9904.0;0.0
yf_ZC=F_d13;54400;INTARIAN_PEPPER_ROOT;10829;22;10826;13;;;10837;5;10839;18;;;10833.0;0.0
yf_ZC=F_d13;54500;ASH_COATED_OSMIUM;9893;17;9889;16;;;9917;20;9921;19;;;9905.0;0.0
yf_ZC=F_d13;54500;INTARIAN_PEPPER_ROOT;10828;21;10824;17;;;10837;26;10841;17;;;10832.5;0.0
yf_ZC=F_d13;54600;ASH_COATED_OSMIUM;9901;18;9899;18;;;9907;14;9909;19;;;9904.0;0.0
yf_ZC=F_d13;54600;INTARIAN_PEPPER_ROOT;10828;15;10825;19;;;10834;11;10838;18;;;10831.0;0.0
yf_ZC=F_d13;54700;ASH_COATED_OSMIUM;9898;11;9894;22;;;9910;22;9914;31;;;9904.0;0.0
yf_ZC=F_d13;54700;INTARIAN_PEPPER_ROOT;10826;10;10822;16;;;10836;16;10838;16;;;10831.0;0.0
yf_ZC=F_d13;54800;ASH_COATED_OSMIUM;9899;15;9895;21;;;9910;5;9912;20;;;9904.5;0.0
yf_ZC=F_d13;54800;INTARIAN_PEPPER_ROOT;10813;13;10810;23;;;10847;11;10851;23;;;10830.0;0.0
yf_ZC=F_d13;54900;ASH_COATED_OSMIUM;9901;18;9897;21;;;9907;18;9911;21;;;9904.0;0.0
yf_ZC=F_d13;54900;INTARIAN_PEPPER_ROOT;10825;13;10822;24;;;10831;5;10835;16;;;10828.0;0.0
yf_ZC=F_d13;55000;ASH_COATED_OSMIUM;9901;16;9897;14;;;9907;5;9909;20;;;9904.0;0.0
yf_ZC=F_d13;55000;INTARIAN_PEPPER_ROOT;10825;30;10821;15;;;10831;18;10833;20;;;10828.0;0.0
yf_ZC=F_d13;55100;ASH_COATED_OSMIUM;9896;8;9893;8;;;9913;21;9917;26;;;9904.5;0.0
yf_ZC=F_d13;55100;INTARIAN_PEPPER_ROOT;10823;17;10821;16;;;10831;13;10834;14;;;10827.0;0.0
yf_ZC=F_d13;55200;ASH_COATED_OSMIUM;9902;16;9898;21;;;9908;5;9910;15;;;9905.0;0.0
yf_ZC=F_d13;55200;INTARIAN_PEPPER_ROOT;10818;20;10816;13;;;10835;10;10839;18;;;10826.5;0.0
yf_ZC=F_d13;55300;ASH_COATED_OSMIUM;9902;20;9898;13;;;9908;17;9911;23;;;9905.0;0.0
yf_ZC=F_d13;55300;INTARIAN_PEPPER_ROOT;10819;15;10816;12;;;10830;9;10833;25;;;10824.5;0.0
yf_ZC=F_d13;55400;ASH_COATED_OSMIUM;9898;8;9895;24;;;9910;10;9914;20;;;9904.0;0.0
yf_ZC=F_d13;55400;INTARIAN_PEPPER_ROOT;10822;14;10820;20;;;10828;21;10831;15;;;10825.0;0.0
yf_ZC=F_d13;55500;ASH_COATED_OSMIUM;9901;24;9899;19;;;9907;11;9910;23;;;9904.0;0.0
yf_ZC=F_d13;55500;INTARIAN_PEPPER_ROOT;10820;8;10817;19;;;10826;6;10830;19;;;10823.0;0.0
yf_ZC=F_d13;55600;ASH_COATED_OSMIUM;9900;6;9897;18;;;9908;5;9912;27;;;9904.0;0.0
yf_ZC=F_d13;55600;INTARIAN_PEPPER_ROOT;10820;6;10818;30;;;10826;15;10830;21;;;10823.0;0.0
yf_ZC=F_d13;55700;ASH_COATED_OSMIUM;9902;23;9900;20;;;9908;13;9911;21;;;9905.0;0.0
yf_ZC=F_d13;55700;INTARIAN_PEPPER_ROOT;10819;22;10816;30;;;10825;9;10828;23;;;10822.0;0.0
yf_ZC=F_d13;55800;ASH_COATED_OSMIUM;9901;18;9899;14;;;9907;17;9909;21;;;9904.0;0.0
yf_ZC=F_d13;55800;INTARIAN_PEPPER_ROOT;10804;14;10801;23;;;10838;15;10840;19;;;10821.0;0.0
yf_ZC=F_d13;55900;ASH_COATED_OSMIUM;9902;17;9900;23;;;9908;9;9911;33;;;9905.0;0.0
yf_ZC=F_d13;55900;INTARIAN_PEPPER_ROOT;10818;17;10816;13;;;10824;15;10827;21;;;10821.0;0.0
yf_ZC=F_d13;56000;ASH_COATED_OSMIUM;9896;16;9892;17;;;9912;19;9915;16;;;9904.0;0.0
yf_ZC=F_d13;56000;INTARIAN_PEPPER_ROOT;10813;20;10809;19;;;10824;15;10827;21;;;10818.5;0.0
yf_ZC=F_d13;56100;ASH_COATED_OSMIUM;9899;14;9897;22;;;9910;18;9913;17;;;9904.5;0.0
yf_ZC=F_d13;56100;INTARIAN_PEPPER_ROOT;10816;17;10813;23;;;10822;8;10825;23;;;10819.0;0.0
yf_ZC=F_d13;56200;ASH_COATED_OSMIUM;9898;17;9894;18;;;9909;21;9912;21;;;9903.5;0.0
yf_ZC=F_d13;56200;INTARIAN_PEPPER_ROOT;10814;19;10810;20;;;10821;14;10825;20;;;10817.5;0.0
yf_ZC=F_d13;56300;ASH_COATED_OSMIUM;9900;7;9898;20;;;9908;13;9910;23;;;9904.0;0.0
yf_ZC=F_d13;56300;INTARIAN_PEPPER_ROOT;10814;10;10811;21;;;10820;15;10823;16;;;10817.0;0.0
yf_ZC=F_d13;56400;ASH_COATED_OSMIUM;9901;15;9899;19;;;9907;15;9910;18;;;9904.0;0.0
yf_ZC=F_d13;56400;INTARIAN_PEPPER_ROOT;10813;17;10810;18;;;10819;11;10823;20;;;10816.0;0.0
yf_ZC=F_d13;56500;ASH_COATED_OSMIUM;9901;22;9899;18;;;9907;17;9909;18;;;9904.0;0.0
yf_ZC=F_d13;56500;INTARIAN_PEPPER_ROOT;10811;8;10809;16;;;10821;7;10825;19;;;10816.0;0.0
yf_ZC=F_d13;56600;ASH_COATED_OSMIUM;9901;20;9898;25;;;9907;14;9910;19;;;9904.0;0.0
yf_ZC=F_d13;56600;INTARIAN_PEPPER_ROOT;10810;11;10807;21;;;10818;17;10820;16;;;10814.0;0.0
yf_ZC=F_d13;56700;ASH_COATED_OSMIUM;9901;11;9897;20;;;9907;16;9911;20;;;9904.0;0.0
yf_ZC=F_d13;56700;INTARIAN_PEPPER_ROOT;10810;8;10808;12;;;10816;14;10819;18;;;10813.0;0.0
yf_ZC=F_d13;56800;ASH_COATED_OSMIUM;9901;16;9897;27;;;9907;21;9910;19;;;9904.0;0.0
yf_ZC=F_d13;56800;INTARIAN_PEPPER_ROOT;10809;13;10807;17;;;10815;7;10817;19;;;10812.0;0.0
yf_ZC=F_d13;56900;ASH_COATED_OSMIUM;9898;19;9895;23;;;9911;8;9913;23;;;9904.5;0.0
yf_ZC=F_d13;56900;INTARIAN_PEPPER_ROOT;10809;20;10805;24;;;10815;25;10819;15;;;10812.0;0.0
yf_ZC=F_d13;57000;ASH_COATED_OSMIUM;9901;12;9897;24;;;9907;13;9911;13;;;9904.0;0.0
yf_ZC=F_d13;57000;INTARIAN_PEPPER_ROOT;10800;25;10798;27;;;10823;15;10826;16;;;10811.5;0.0
yf_ZC=F_d13;57100;ASH_COATED_OSMIUM;9897;12;9894;26;;;9911;14;9914;13;;;9904.0;0.0
yf_ZC=F_d13;57100;INTARIAN_PEPPER_ROOT;10802;10;10800;20;;;10820;5;10823;14;;;10811.0;0.0
yf_ZC=F_d13;57200;ASH_COATED_OSMIUM;9890;22;9886;26;;;9918;11;9921;25;;;9904.0;0.0
yf_ZC=F_d13;57200;INTARIAN_PEPPER_ROOT;10806;12;10804;27;;;10812;14;10814;20;;;10809.0;0.0
yf_ZC=F_d13;57300;ASH_COATED_OSMIUM;9901;12;9899;10;;;9907;23;9910;23;;;9904.0;0.0
yf_ZC=F_d13;57300;INTARIAN_PEPPER_ROOT;10805;17;10802;12;;;10811;11;10815;16;;;10808.0;0.0
yf_ZC=F_d13;57400;ASH_COATED_OSMIUM;9899;17;9895;20;;;9909;11;9913;14;;;9904.0;0.0
yf_ZC=F_d13;57400;INTARIAN_PEPPER_ROOT;10803;12;10801;31;;;10813;14;10815;23;;;10808.0;0.0
yf_ZC=F_d13;57500;ASH_COATED_OSMIUM;9896;15;9893;16;;;9913;17;9916;24;;;9904.5;0.0
yf_ZC=F_d13;57500;INTARIAN_PEPPER_ROOT;10804;7;10801;15;;;10810;20;10812;13;;;10807.0;0.0
yf_ZC=F_d13;57600;ASH_COATED_OSMIUM;9902;23;9900;23;;;9908;15;9912;21;;;9905.0;0.0
yf_ZC=F_d13;57600;INTARIAN_PEPPER_ROOT;10798;16;10794;26;;;10816;13;10819;15;;;10807.0;0.0
