day;timestamp;product;bid_price_1;bid_volume_1;bid_price_2;bid_volume_2;bid_price_3;bid_volume_3;ask_price_1;ask_volume_1;ask_price_2;ask_volume_2;ask_price_3;ask_volume_3;mid_price;profit_and_loss
av_SUGAR_d9;0;ASH_COATED_OSMIUM;9907;9;9903;16;;;9913;13;9916;24;;;9910.0;0.0
av_SUGAR_d9;0;INTARIAN_PEPPER_ROOT;11987;15;11983;9;;;11997;15;12000;14;;;11992.0;0.0
av_SUGAR_d9;100;ASH_COATED_OSMIUM;9907;17;9904;18;;;9913;16;9917;20;;;9910.0;0.0
av_SUGAR_d9;100;INTARIAN_PEPPER_ROOT;11985;13;11983;28;;;11995;8;11998;17;;;11990.0;0.0
av_SUGAR_d9;200;ASH_COATED_OSMIUM;9897;5;9895;17;;;9922;12;9926;23;;;9909.5;0.0
av_SUGAR_d9;200;INTARIAN_PEPPER_ROOT;11986;21;11982;16;;;11992;9;11995;18;;;11989.0;0.0
av_SUGAR_d9;300;ASH_COATED_OSMIUM;9907;16;9904;21;;;9914;15;9916;14;;;9910.5;0.0
av_SUGAR_d9;300;INTARIAN_PEPPER_ROOT;11985;13;11981;21;;;11991;21;11993;18;;;11988.0;0.0
av_SUGAR_d9;400;ASH_COATED_OSMIUM;9903;14;9900;18;;;9917;25;9921;13;;;9910.0;0.0
av_SUGAR_d9;400;INTARIAN_PEPPER_ROOT;11984;17;11981;11;;;11990;17;11993;18;;;11987.0;0.0
av_SUGAR_d9;500;ASH_COATED_OSMIUM;9902;14;9900;20;;;9918;12;9920;24;;;9910.0;0.0
av_SUGAR_d9;500;INTARIAN_PEPPER_ROOT;11978;12;11974;19;;;11991;16;11995;21;;;11984.5;0.0
av_SUGAR_d9;600;ASH_COATED_OSMIUM;9905;7;9901;26;;;9915;10;9917;18;;;9910.0;0.0
av_SUGAR_d9;600;INTARIAN_PEPPER_ROOT;11980;17;11976;18;;;11986;10;11989;24;;;11983.0;0.0
av_SUGAR_d9;700;ASH_COATED_OSMIUM;9904;17;9902;28;;;9917;19;9920;21;;;9910.5;0.0
av_SUGAR_d9;700;INTARIAN_PEPPER_ROOT;11979;18;11977;17;;;11985;18;11988;22;;;11982.0;0.0
av_SUGAR_d9;800;ASH_COATED_OSMIUM;9906;15;9902;20;;;9912;22;9915;17;;;9909.0;0.0
av_SUGAR_d9;800;INTARIAN_PEPPER_ROOT;11963;14;11961;26;;;11998;11;12002;17;;;11980.5;0.0
av_SUGAR_d9;900;ASH_COATED_OSMIUM;9906;19;9902;16;;;9912;18;9916;25;;;9909.0;0.0
av_SUGAR_d9;900;INTARIAN_PEPPER_ROOT;11977;16;11975;21;;;11983;14;11986;18;;;11980.0;0.0
av_SUGAR_d9;1000;ASH_COATED_OSMIUM;9899;13;9897;29;;;9918;11;9921;18;;;9908.5;0.0
av_SUGAR_d9;1000;INTARIAN_PEPPER_ROOT;11974;19;11971;20;;;11980;5;11982;22;;;11977.0;0.0
av_SUGAR_d9;1100;ASH_COATED_OSMIUM;9905;9;9903;17;;;9914;13;9917;14;;;9909.5;0.0
av_SUGAR_d9;1100;INTARIAN_PEPPER_ROOT;11974;18;11971;25;;;11980;23;11982;16;;;11977.0;0.0
av_SUGAR_d9;1200;ASH_COATED_OSMIUM;9905;17;9901;34;;;9913;20;9915;10;;;9909.0;0.0
av_SUGAR_d9;1200;INTARIAN_PEPPER_ROOT;11972;16;11969;19;;;11978;24;11980;16;;;11975.0;0.0
av_SUGAR_d9;1300;ASH_COATED_OSMIUM;9905;5;9903;22;;;9913;7;9916;24;;;9909.0;0.0
av_SUGAR_d9;1300;INTARIAN_PEPPER_ROOT;11970;12;11968;13;;;11977;11;11979;27;;;11973.5;0.0
av_SUGAR_d9;1400;ASH_COATED_OSMIUM;9904;17;9901;35;;;9914;8;9916;24;;;9909.0;0.0
av_SUGAR_d9;1400;INTARIAN_PEPPER_ROOT;11969;12;11967;18;;;11975;8;11978;14;;;11972.0;0.0
av_SUGAR_d9;1500;ASH_COATED_OSMIUM;9906;18;9904;15;;;9912;22;9914;20;;;9909.0;0.0
av_SUGAR_d9;1500;INTARIAN_PEPPER_ROOT;11967;19;11964;17;;;11974;7;11976;13;;;11970.5;0.0
av_SUGAR_d9;1600;ASH_COATED_OSMIUM;9906;14;9902;17;;;9912;8;9916;21;;;9909.0;0.0
av_SUGAR_d9;1600;INTARIAN_PEPPER_ROOT;11966;12;11962;24;;;11972;15;11974;15;;;11969.0;0.0
av_SUGAR_d9;1700;ASH_COATED_OSMIUM;9906;11;9902;20;;;9912;14;9915;25;;;9909.0;0.0
av_SUGAR_d9;1700;INTARIAN_PEPPER_ROOT;11961;13;11958;17;;;11975;23;11979;23;;;11968.0;0.0
av_SUGAR_d9;1800;ASH_COATED_OSMIUM;9898;17;9894;15;;;9919;8;9921;16;;;9908.5;0.0
av_SUGAR_d9;1800;INTARIAN_PEPPER_ROOT;11961;5;11957;19;;;11970;12;11972;30;;;11965.5;0.0
av_SUGAR_d9;1900;ASH_COATED_OSMIUM;9900;9;9896;26;;;9917;15;9921;15;;;9908.5;0.0
av_SUGAR_d9;1900;INTARIAN_PEPPER_ROOT;11962;20;11959;28;;;11968;5;11971;16;;;11965.0;0.0
av_SUGAR_d9;2000;ASH_COATED_OSMIUM;9906;15;9903;25;;;9912;13;9914;22;;;9909.0;0.0
av_SUGAR_d9;2000;INTARIAN_PEPPER_ROOT;11959;23;11955;21;;;11967;7;11971;18;;;11963.0;0.0
av_SUGAR_d9;2100;ASH_COATED_OSMIUM;9898;19;9896;21;;;9919;14;9923;25;;;9908.5;0.0
av_SUGAR_d9;2100;INTARIAN_PEPPER_ROOT;11959;20;11955;18;;;11965;10;11968;18;;;11962.0;0.0
av_SUGAR_d9;2200;ASH_COATED_OSMIUM;9902;15;9899;23;;;9915;21;9918;19;;;9908.5;0.0
av_SUGAR_d9;2200;INTARIAN_PEPPER_ROOT;11957;16;11954;12;;;11963;9;11966;15;;;11960.0;0.0
av_SUGAR_d9;2300;ASH_COATED_OSMIUM;9905;12;9903;14;;;9911;14;9915;19;;;9908.0;0.0
av_SUGAR_d9;2300;INTARIAN_PEPPER_ROOT;11951;15;11949;14;;;11968;23;11972;17;;;11959.5;0.0
av_SUGAR_d9;2400;ASH_COATED_OSMIUM;9904;19;9900;18;;;9913;9;9916;13;;;9908.5;0.0
av_SUGAR_d9;2400;INTARIAN_PEPPER_ROOT;11952;14;11948;18;;;11965;15;11968;20;;;11958.5;0.0
av_SUGAR_d9;2500;ASH_COATED_OSMIUM;9901;7;9899;9;;;9915;6;9919;17;;;9908.0;0.0
av_SUGAR_d9;2500;INTARIAN_PEPPER_ROOT;11953;19;11951;18;;;11959;16;11962;22;;;11956.0;0.0
av_SUGAR_d9;2600;ASH_COATED_OSMIUM;9902;8;9900;22;;;9915;11;9917;28;;;9908.5;0.0
av_SUGAR_d9;2600;INTARIAN_PEPPER_ROOT;11951;16;11948;21;;;11958;12;11960;19;;;11954.5;0.0
av_SUGAR_d9;2700;ASH_COATED_OSMIUM;9905;17;9903;13;;;9911;5;9915;11;;;9908.0;0.0
av_SUGAR_d9;2700;INTARIAN_PEPPER_ROOT;11946;21;11943;17;;;11961;12;11963;24;;;11953.5;0.0
av_SUGAR_d9;2800;ASH_COATED_OSMIUM;9906;21;9902;20;;;9912;14;9914;19;;;9909.0;0.0
av_SUGAR_d9;2800;INTARIAN_PEPPER_ROOT;11950;13;11947;12;;;11956;5;11960;23;;;11953.0;0.0
av_SUGAR_d9;2900;ASH_COATED_OSMIUM;9899;18;9895;20;;;9919;16;9923;23;;;9909.0;0.0
av_SUGAR_d9;2900;INTARIAN_PEPPER_ROOT;11947;23;11944;22;;;11953;14;11957;21;;;11950.0;0.0
av_SUGAR_d9;3000;ASH_COATED_OSMIUM;9893;7;9891;21;;;9923;14;9925;19;;;9908.0;0.0
av_SUGAR_d9;3000;INTARIAN_PEPPER_ROOT;11946;18;11943;17;;;11952;8;11955;20;;;11949.0;0.0
av_SUGAR_d9;3100;ASH_COATED_OSMIUM;9904;12;9901;14;;;9911;13;9913;16;;;9907.5;0.0
av_SUGAR_d9;3100;INTARIAN_PEPPER_ROOT;11945;21;11941;22;;;11951;22;11955;12;;;11948.0;0.0
av_SUGAR_d9;3200;ASH_COATED_OSMIUM;9896;23;9893;13;;;9919;8;9923;18;;;9907.5;0.0
av_SUGAR_d9;3200;INTARIAN_PEPPER_ROOT;11943;9;11941;13;;;11949;9;11951;22;;;11946.0;0.0
av_SUGAR_d9;3300;ASH_COATED_OSMIUM;9893;13;9890;15;;;9924;19;9927;16;;;9908.5;0.0
av_SUGAR_d9;3300;INTARIAN_PEPPER_ROOT;11942;9;11940;15;;;11948;15;11951;21;;;11945.0;0.0
av_SUGAR_d9;3400;ASH_COATED_OSMIUM;9898;12;9896;27;;;9918;14;9921;14;;;9908.0;0.0
av_SUGAR_d9;3400;INTARIAN_PEPPER_ROOT;11941;12;11937;8;;;11947;10;11950;21;;;11944.0;0.0
av_SUGAR_d9;3500;ASH_COATED_OSMIUM;9905;14;9901;22;;;9911;11;9914;13;;;9908.0;0.0
av_SUGAR_d9;3500;INTARIAN_PEPPER_ROOT;11936;19;11932;21;;;11947;12;11950;31;;;11941.5;0.0
av_SUGAR_d9;3600;ASH_COATED_OSMIUM;9903;23;9899;21;;;9912;14;9915;27;;;9907.5;0.0
av_SUGAR_d9;3600;INTARIAN_PEPPER_ROOT;11938;6;11934;22;;;11944;5;11947;30;;;11941.0;0.0
av_SUGAR_d9;3700;ASH_COATED_OSMIUM;9904;18;9900;18;;;9910;17;9914;16;;;9907.0;0.0
av_SUGAR_d9;3700;INTARIAN_PEPPER_ROOT;11936;18;11934;17;;;11942;12;11945;23;;;11939.0;0.0
av_SUGAR_d9;3800;ASH_COATED_OSMIUM;9905;8;9903;20;;;9911;19;9913;19;;;9908.0;0.0
av_SUGAR_d9;3800;INTARIAN_PEPPER_ROOT;11925;9;11922;21;;;11951;14;11953;21;;;11938.0;0.0
av_SUGAR_d9;3900;ASH_COATED_OSMIUM;9905;10;9902;29;;;9911;9;9914;15;;;9908.0;0.0
av_SUGAR_d9;3900;INTARIAN_PEPPER_ROOT;11933;17;11930;14;;;11939;14;11941;20;;;11936.0;0.0
av_SUGAR_d9;4000;ASH_COATED_OSMIUM;9905;5;9901;17;;;9911;18;9914;19;;;9908.0;0.0
av_SUGAR_d9;4000;INTARIAN_PEPPER_ROOT;11932;11;11930;21;;;11938;13;11942;18;;;11935.0;0.0
av_SUGAR_d9;4100;ASH_COATED_OSMIUM;9897;19;9893;21;;;9917;11;9921;20;;;9907.0;0.0
av_SUGAR_d9;4100;INTARIAN_PEPPER_ROOT;11931;17;11929;16;;;11937;22;11941;22;;;11934.0;0.0
av_SUGAR_d9;4200;ASH_COATED_OSMIUM;9905;7;9902;19;;;9911;5;9915;18;;;9908.0;0.0
av_SUGAR_d9;4200;INTARIAN_PEPPER_ROOT;11930;24;11927;16;;;11936;13;11940;20;;;11933.0;0.0
av_SUGAR_d9;4300;ASH_COATED_OSMIUM;9904;21;9901;18;;;9910;21;9913;25;;;9907.0;0.0
av_SUGAR_d9;4300;INTARIAN_PEPPER_ROOT;11926;17;11922;16;;;11935;15;11939;28;;;11930.5;0.0
av_SUGAR_d9;4400;ASH_COATED_OSMIUM;9904;17;9901;16;;;9910;12;9914;18;;;9907.0;0.0
av_SUGAR_d9;4400;INTARIAN_PEPPER_ROOT;11926;17;11922;26;;;11932;14;11936;23;;;11929.0;0.0
av_SUGAR_d9;4500;ASH_COATED_OSMIUM;9904;14;9902;13;;;9910;9;9913;24;;;9907.0;0.0
av_SUGAR_d9;4500;INTARIAN_PEPPER_ROOT;11924;8;11921;14;;;11930;19;11933;23;;;11927.0;0.0
av_SUGAR_d9;4600;ASH_COATED_OSMIUM;9903;16;9901;19;;;9911;18;9915;27;;;9907.0;0.0
av_SUGAR_d9;4600;INTARIAN_PEPPER_ROOT;11923;5;11920;15;;;11929;12;11932;19;;;11926.0;0.0
av_SUGAR_d9;4700;ASH_COATED_OSMIUM;9904;11;9901;23;;;9910;21;9913;19;;;9907.0;0.0
av_SUGAR_d9;4700;INTARIAN_PEPPER_ROOT;11922;16;11920;20;;;11928;15;11932;21;;;11925.0;0.0
av_SUGAR_d9;4800;ASH_COATED_OSMIUM;9904;16;9900;12;;;9910;16;9914;22;;;9907.0;0.0
av_SUGAR_d9;4800;INTARIAN_PEPPER_ROOT;11921;12;11919;30;;;11927;14;11930;24;;;11924.0;0.0
av_SUGAR_d9;4900;ASH_COATED_OSMIUM;9898;12;9896;19;;;9916;12;9918;12;;;9907.0;0.0
av_SUGAR_d9;4900;INTARIAN_PEPPER_ROOT;11912;5;11909;18;;;11932;25;11935;28;;;11922.0;0.0
av_SUGAR_d9;5000;ASH_COATED_OSMIUM;9901;16;9899;20;;;9913;18;9917;22;;;9907.0;0.0
av_SUGAR_d9;5000;INTARIAN_PEPPER_ROOT;11918;10;11914;10;;;11924;7;11928;12;;;11921.0;0.0
av_SUGAR_d9;5100;ASH_COATED_OSMIUM;9902;9;9899;22;;;9913;15;9915;23;;;9907.5;0.0
av_SUGAR_d9;5100;INTARIAN_PEPPER_ROOT;11916;18;11912;29;;;11922;13;11925;27;;;11919.0;0.0
av_SUGAR_d9;5200;ASH_COATED_OSMIUM;9904;8;9902;14;;;9910;11;9913;21;;;9907.0;0.0
av_SUGAR_d9;5200;INTARIAN_PEPPER_ROOT;11912;20;11910;23;;;11924;11;11928;27;;;11918.0;0.0
av_SUGAR_d9;5300;ASH_COATED_OSMIUM;9901;16;9897;14;;;9913;30;9917;13;;;9907.0;0.0
av_SUGAR_d9;5300;INTARIAN_PEPPER_ROOT;11911;12;11909;15;;;11921;15;11924;17;;;11916.0;0.0
av_SUGAR_d9;5400;ASH_COATED_OSMIUM;9901;10;9897;23;;;9913;11;9915;26;;;9907.0;0.0
av_SUGAR_d9;5400;INTARIAN_PEPPER_ROOT;11912;14;11908;23;;;11918;9;11922;17;;;11915.0;0.0
av_SUGAR_d9;5500;ASH_COATED_OSMIUM;9897;11;9894;12;;;9917;16;9921;19;;;9907.0;0.0
av_SUGAR_d9;5500;INTARIAN_PEPPER_ROOT;11910;20;11907;18;;;11916;8;11920;19;;;11913.0;0.0
av_SUGAR_d9;5600;ASH_COATED_OSMIUM;9898;10;9894;16;;;9914;13;9917;34;;;9906.0;0.0
av_SUGAR_d9;5600;INTARIAN_PEPPER_ROOT;11907;17;11903;23;;;11917;10;11920;19;;;11912.0;0.0
av_SUGAR_d9;5700;ASH_COATED_OSMIUM;9902;16;9898;27;;;9911;17;9913;19;;;9906.5;0.0
av_SUGAR_d9;5700;INTARIAN_PEPPER_ROOT;11908;14;11904;21;;;11914;19;11916;23;;;11911.0;0.0
av_SUGAR_d9;5800;ASH_COATED_OSMIUM;9904;12;9901;25;;;9910;8;9914;24;;;9907.0;0.0
av_SUGAR_d9;5800;INTARIAN_PEPPER_ROOT;11888;11;11884;11;;;11930;13;11932;22;;;11909.0;0.0
av_SUGAR_d9;5900;ASH_COATED_OSMIUM;9903;14;9900;24;;;9909;17;9913;22;;;9906.0;0.0
av_SUGAR_d9;5900;INTARIAN_PEPPER_ROOT;11904;18;11902;18;;;11912;16;11914;19;;;11908.0;0.0
av_SUGAR_d9;6000;ASH_COATED_OSMIUM;9901;17;9898;24;;;9913;10;9915;21;;;9907.0;0.0
av_SUGAR_d9;6000;INTARIAN_PEPPER_ROOT;11903;5;11900;11;;;11909;6;11912;17;;;11906.0;0.0
av_SUGAR_d9;6100;ASH_COATED_OSMIUM;9902;12;9899;18;;;9912;13;9916;24;;;9907.0;0.0
av_SUGAR_d9;6100;INTARIAN_PEPPER_ROOT;11900;24;11896;17;;;11910;15;11913;16;;;11905.0;0.0
av_SUGAR_d9;6200;ASH_COATED_OSMIUM;9900;12;9896;16;;;9912;10;9916;18;;;9906.0;0.0
av_SUGAR_d9;6200;INTARIAN_PEPPER_ROOT;11900;18;11896;21;;;11906;10;11910;19;;;11903.0;0.0
av_SUGAR_d9;6300;ASH_COATED_OSMIUM;9903;17;9901;26;;;9909;17;9911;25;;;9906.0;0.0
av_SUGAR_d9;6300;INTARIAN_PEPPER_ROOT;11898;26;11894;25;;;11905;15;11909;19;;;11901.5;0.0
av_SUGAR_d9;6400;ASH_COATED_OSMIUM;9901;8;9898;20;;;9910;17;9914;27;;;9905.5;0.0
av_SUGAR_d9;6400;INTARIAN_PEPPER_ROOT;11898;18;11894;19;;;11904;22;11907;16;;;11901.0;0.0
av_SUGAR_d9;6500;ASH_COATED_OSMIUM;9903;10;9900;20;;;9909;9;9911;14;;;9906.0;0.0
av_SUGAR_d9;6500;INTARIAN_PEPPER_ROOT;11896;16;11892;21;;;11903;8;11906;16;;;11899.5;0.0
av_SUGAR_d9;6600;ASH_COATED_OSMIUM;9886;8;9882;20;;;9925;16;9928;19;;;9905.5;0.0
av_SUGAR_d9;6600;INTARIAN_PEPPER_ROOT;11891;17;11887;24;;;11904;10;11908;19;;;11897.5;0.0
av_SUGAR_d9;6700;ASH_COATED_OSMIUM;9901;11;9898;16;;;9910;13;9912;16;;;9905.5;0.0
av_SUGAR_d9;6700;INTARIAN_PEPPER_ROOT;11892;16;11890;15;;;11901;12;11905;8;;;11896.5;0.0
av_SUGAR_d9;6800;ASH_COATED_OSMIUM;9902;23;9898;17;;;9908;23;9910;16;;;9905.0;0.0
av_SUGAR_d9;6800;INTARIAN_PEPPER_ROOT;11886;24;11884;23;;;11904;18;11908;19;;;11895.0;0.0
av_SUGAR_d9;6900;ASH_COATED_OSMIUM;9903;16;9901;20;;;9909;10;9913;26;;;9906.0;0.0
av_SUGAR_d9;6900;INTARIAN_PEPPER_ROOT;11891;6;11887;13;;;11897;21;11899;26;;;11894.0;0.0
av_SUGAR_d9;7000;ASH_COATED_OSMIUM;9903;11;9899;30;;;9909;12;9913;29;;;9906.0;0.0
av_SUGAR_d9;7000;INTARIAN_PEPPER_ROOT;11889;10;11885;17;;;11895;17;11898;20;;;11892.0;0.0
av_SUGAR_d9;7100;ASH_COATED_OSMIUM;9898;27;9894;19;;;9914;6;9918;23;;;9906.0;0.0
av_SUGAR_d9;7100;INTARIAN_PEPPER_ROOT;11888;11;11884;17;;;11894;19;11897;13;;;11891.0;0.0
av_SUGAR_d9;7200;ASH_COATED_OSMIUM;9901;8;9897;26;;;9910;17;9912;23;;;9905.5;0.0
av_SUGAR_d9;7200;INTARIAN_PEPPER_ROOT;11886;13;11883;20;;;11892;16;11895;11;;;11889.0;0.0
av_SUGAR_d9;7300;ASH_COATED_OSMIUM;9877;14;9875;9;;;9934;7;9937;16;;;9905.5;0.0
av_SUGAR_d9;7300;INTARIAN_PEPPER_ROOT;11884;13;11881;28;;;11890;19;11894;17;;;11887.0;0.0
av_SUGAR_d9;7400;ASH_COATED_OSMIUM;9899;16;9896;15;;;9911;18;9913;20;;;9905.0;0.0
av_SUGAR_d9;7400;INTARIAN_PEPPER_ROOT;11883;12;11879;23;;;11889;5;11892;13;;;11886.0;0.0
av_SUGAR_d9;7500;ASH_COATED_OSMIUM;9903;12;9901;20;;;9909;24;9913;20;;;9906.0;0.0
av_SUGAR_d9;7500;INTARIAN_PEPPER_ROOT;11882;14;11878;26;;;11888;20;11892;23;;;11885.0;0.0
av_SUGAR_d9;7600;ASH_COATED_OSMIUM;9899;15;9896;11;;;9911;22;9913;14;;;9905.0;0.0
av_SUGAR_d9;7600;INTARIAN_PEPPER_ROOT;11881;15;11879;18;;;11887;18;11891;19;;;11884.0;0.0
av_SUGAR_d9;7700;ASH_COATED_OSMIUM;9902;13;9898;8;;;9908;15;9911;16;;;9905.0;0.0
av_SUGAR_d9;7700;INTARIAN_PEPPER_ROOT;11868;11;11866;31;;;11896;12;11898;15;;;11882.0;0.0
av_SUGAR_d9;7800;ASH_COATED_OSMIUM;9902;11;9900;23;;;9908;20;9912;19;;;9905.0;0.0
av_SUGAR_d9;7800;INTARIAN_PEPPER_ROOT;11872;27;11868;24;;;11890;10;11894;23;;;11881.0;0.0
av_SUGAR_d9;7900;ASH_COATED_OSMIUM;9902;17;9898;23;;;9908;22;9910;24;;;9905.0;0.0
av_SUGAR_d9;7900;INTARIAN_PEPPER_ROOT;11876;16;11874;19;;;11882;5;11886;25;;;11879.0;0.0
av_SUGAR_d9;8000;ASH_COATED_OSMIUM;9901;22;9898;22;;;9907;23;9909;14;;;9904.0;0.0
av_SUGAR_d9;8000;INTARIAN_PEPPER_ROOT;11869;13;11866;24;;;11887;8;11890;21;;;11878.0;0.0
av_SUGAR_d9;8100;ASH_COATED_OSMIUM;9902;12;9900;24;;;9908;12;9910;17;;;9905.0;0.0
av_SUGAR_d9;8100;INTARIAN_PEPPER_ROOT;11873;8;11871;25;;;11879;13;11881;16;;;11876.0;0.0
av_SUGAR_d9;8200;ASH_COATED_OSMIUM;9902;13;9898;15;;;9908;7;9912;17;;;9905.0;0.0
av_SUGAR_d9;8200;INTARIAN_PEPPER_ROOT;11872;5;11870;22;;;11878;10;11880;25;;;11875.0;0.0
av_SUGAR_d9;8300;ASH_COATED_OSMIUM;9902;23;9900;15;;;9908;14;9912;23;;;9905.0;0.0
av_SUGAR_d9;8300;INTARIAN_PEPPER_ROOT;11870;18;11867;26;;;11876;11;11879;23;;;11873.0;0.0
av_SUGAR_d9;8400;ASH_COATED_OSMIUM;9897;9;9893;16;;;9912;10;9916;11;;;9904.5;0.0
av_SUGAR_d9;8400;INTARIAN_PEPPER_ROOT;11863;9;11859;29;;;11880;19;11882;22;;;11871.5;0.0
av_SUGAR_d9;8500;ASH_COATED_OSMIUM;9902;21;9900;26;;;9908;7;9911;12;;;9905.0;0.0
av_SUGAR_d9;8500;INTARIAN_PEPPER_ROOT;11867;8;11865;14;;;11873;14;11875;24;;;11870.0;0.0
av_SUGAR_d9;8600;ASH_COATED_OSMIUM;9902;25;9899;21;;;9908;5;9910;28;;;9905.0;0.0
av_SUGAR_d9;8600;INTARIAN_PEPPER_ROOT;11866;18;11862;21;;;11872;21;11875;17;;;11869.0;0.0
av_SUGAR_d9;8700;ASH_COATED_OSMIUM;9901;20;9899;20;;;9907;10;9909;16;;;9904.0;0.0
av_SUGAR_d9;8700;INTARIAN_PEPPER_ROOT;11865;18;11862;18;;;11871;10;11875;21;;;11868.0;0.0
av_SUGAR_d9;8800;ASH_COATED_OSMIUM;9902;22;9898;17;;;9908;16;9910;22;;;9905.0;0.0
av_SUGAR_d9;8800;INTARIAN_PEPPER_ROOT;11863;13;11860;22;;;11869;17;11871;12;;;11866.0;0.0
av_SUGAR_d9;8900;ASH_COATED_OSMIUM;9887;16;9884;19;;;9921;23;9923;21;;;9904.0;0.0
av_SUGAR_d9;8900;INTARIAN_PEPPER_ROOT;11862;12;11859;20;;;11868;13;11871;11;;;11865.0;0.0
av_SUGAR_d9;9000;ASH_COATED_OSMIUM;9891;22;9887;20;;;9918;8;9920;24;;;9904.5;0.0
av_SUGAR_d9;9000;INTARIAN_PEPPER_ROOT;11859;24;11855;25;;;11868;15;11872;15;;;11863.5;0.0
av_SUGAR_d9;9100;ASH_COATED_OSMIUM;9901;17;9898;30;;;9907;16;9911;23;;;9904.0;0.0
av_SUGAR_d9;9100;INTARIAN_PEPPER_ROOT;11859;14;11857;13;;;11865;16;11867;20;;;11862.0;0.0
av_SUGAR_d9;9200;ASH_COATED_OSMIUM;9901;15;9899;17;;;9907;15;9911;20;;;9904.0;0.0
av_SUGAR_d9;9200;INTARIAN_PEPPER_ROOT;11857;15;11853;26;;;11863;14;11866;16;;;11860.0;0.0
av_SUGAR_d9;9300;ASH_COATED_OSMIUM;9897;10;9895;9;;;9911;13;9914;17;;;9904.0;0.0
av_SUGAR_d9;9300;INTARIAN_PEPPER_ROOT;11856;11;11854;13;;;11862;15;11866;25;;;11859.0;0.0
av_SUGAR_d9;9400;ASH_COATED_OSMIUM;9901;20;9897;15;;;9907;20;9909;27;;;9904.0;0.0
av_SUGAR_d9;9400;INTARIAN_PEPPER_ROOT;11843;19;11840;18;;;11871;13;11874;20;;;11857.0;0.0
av_SUGAR_d9;9500;ASH_COATED_OSMIUM;9901;13;9898;29;;;9907;9;9909;25;;;9904.0;0.0
av_SUGAR_d9;9500;INTARIAN_PEPPER_ROOT;11853;5;11850;13;;;11859;12;11862;19;;;11856.0;0.0
av_SUGAR_d9;9600;ASH_COATED_OSMIUM;9899;11;9897;17;;;9909;11;9912;15;;;9904.0;0.0
av_SUGAR_d9;9600;INTARIAN_PEPPER_ROOT;11852;13;11850;18;;;11858;20;11860;22;;;11855.0;0.0
av_SUGAR_d9;9700;ASH_COATED_OSMIUM;9901;16;9897;26;;;9907;20;9910;20;;;9904.0;0.0
av_SUGAR_d9;9700;INTARIAN_PEPPER_ROOT;11842;16;11839;16;;;11865;11;11868;20;;;11853.5;0.0
av_SUGAR_d9;9800;ASH_COATED_OSMIUM;9899;18;9896;14;;;9908;17;9911;15;;;9903.5;0.0
av_SUGAR_d9;9800;INTARIAN_PEPPER_ROOT;11838;8;11834;27;;;11866;12;11870;25;;;11852.0;0.0
av_SUGAR_d9;9900;ASH_COATED_OSMIUM;9901;15;9897;13;;;9908;16;9911;20;;;9904.5;0.0
av_SUGAR_d9;9900;INTARIAN_PEPPER_ROOT;11848;8;11845;17;;;11854;9;11857;23;;;11851.0;0.0
av_SUGAR_d9;10000;ASH_COATED_OSMIUM;9896;16;9894;20;;;9912;19;9915;8;;;9904.0;0.0
av_SUGAR_d9;10000;INTARIAN_PEPPER_ROOT;11846;14;11843;29;;;11852;25;11855;23;;;11849.0;0.0
av_SUGAR_d9;10100;ASH_COATED_OSMIUM;9896;20;9892;23;;;9912;9;9914;19;;;9904.0;0.0
av_SUGAR_d9;10100;INTARIAN_PEPPER_ROOT;11838;20;11836;15;;;11857;9;11860;21;;;11847.5;0.0
av_SUGAR_d9;10200;ASH_COATED_OSMIUM;9896;25;9894;23;;;9911;26;9914;19;;;9903.5;0.0
av_SUGAR_d9;10200;INTARIAN_PEPPER_ROOT;11843;9;11840;18;;;11850;9;11853;24;;;11846.5;0.0
av_SUGAR_d9;10300;ASH_COATED_OSMIUM;9901;15;9898;18;;;9907;18;9910;18;;;9904.0;0.0
av_SUGAR_d9;10300;INTARIAN_PEPPER_ROOT;11828;20;11825;19;;;11863;17;11866;16;;;11845.5;0.0
av_SUGAR_d9;10400;ASH_COATED_OSMIUM;9900;17;9897;17;;;9906;16;9908;16;;;9903.0;0.0
av_SUGAR_d9;10400;INTARIAN_PEPPER_ROOT;11841;10;11838;19;;;11847;8;11849;17;;;11844.0;0.0
av_SUGAR_d9;10500;ASH_COATED_OSMIUM;9899;12;9897;23;;;9908;10;9910;18;;;9903.5;0.0
av_SUGAR_d9;10500;INTARIAN_PEPPER_ROOT;11839;16;11836;22;;;11845;12;11849;23;;;11842.0;0.0
av_SUGAR_d9;10600;ASH_COATED_OSMIUM;9901;18;9897;20;;;9907;24;9909;16;;;9904.0;0.0
av_SUGAR_d9;10600;INTARIAN_PEPPER_ROOT;11838;16;11836;14;;;11844;13;11847;12;;;11841.0;0.0
av_SUGAR_d9;10700;ASH_COATED_OSMIUM;9897;22;9893;26;;;9910;21;9912;23;;;9903.5;0.0
av_SUGAR_d9;10700;INTARIAN_PEPPER_ROOT;11836;15;11832;24;;;11842;19;11844;25;;;11839.0;0.0
av_SUGAR_d9;10800;ASH_COATED_OSMIUM;9900;17;9896;12;;;9906;24;9908;23;;;9903.0;0.0
av_SUGAR_d9;10800;INTARIAN_PEPPER_ROOT;11834;21;11832;21;;;11842;6;11846;18;;;11838.0;0.0
av_SUGAR_d9;10900;ASH_COATED_OSMIUM;9900;18;9896;23;;;9906;7;9908;17;;;9903.0;0.0
av_SUGAR_d9;10900;INTARIAN_PEPPER_ROOT;11834;14;11831;17;;;11840;11;11844;8;;;11837.0;0.0
av_SUGAR_d9;11000;ASH_COATED_OSMIUM;9899;9;9896;20;;;9906;13;9910;26;;;9902.5;0.0
av_SUGAR_d9;11000;INTARIAN_PEPPER_ROOT;11832;9;11829;21;;;11838;14;11841;16;;;11835.0;0.0
av_SUGAR_d9;11100;ASH_COATED_OSMIUM;9900;15;9897;15;;;9906;5;9908;25;;;9903.0;0.0
av_SUGAR_d9;11100;INTARIAN_PEPPER_ROOT;11830;13;11826;11;;;11836;5;11839;13;;;11833.0;0.0
av_SUGAR_d9;11200;ASH_COATED_OSMIUM;9899;12;9897;21;;;9906;21;9910;19;;;9902.5;0.0
av_SUGAR_d9;11200;INTARIAN_PEPPER_ROOT;11813;17;11811;10;;;11852;7;11855;9;;;11832.5;0.0
av_SUGAR_d9;11300;ASH_COATED_OSMIUM;9896;6;9894;20;;;9910;25;9912;16;;;9903.0;0.0
av_SUGAR_d9;11300;INTARIAN_PEPPER_ROOT;11827;16;11825;30;;;11833;17;11837;15;;;11830.0;0.0
av_SUGAR_d9;11400;ASH_COATED_OSMIUM;9898;13;9896;18;;;9908;10;9912;29;;;9903.0;0.0
av_SUGAR_d9;11400;INTARIAN_PEPPER_ROOT;11824;12;11820;23;;;11835;14;11839;30;;;11829.5;0.0
av_SUGAR_d9;11500;ASH_COATED_OSMIUM;9899;12;9896;16;;;9905;13;9909;14;;;9902.0;0.0
av_SUGAR_d9;11500;INTARIAN_PEPPER_ROOT;11818;12;11816;26;;;11837;16;11839;15;;;11827.5;0.0
av_SUGAR_d9;11600;ASH_COATED_OSMIUM;9900;16;9897;15;;;9906;23;9910;25;;;9903.0;0.0
av_SUGAR_d9;11600;INTARIAN_PEPPER_ROOT;11823;14;11819;18;;;11829;14;11832;22;;;11826.0;0.0
av_SUGAR_d9;11700;ASH_COATED_OSMIUM;9900;21;9897;19;;;9906;18;9908;12;;;9903.0;0.0
av_SUGAR_d9;11700;INTARIAN_PEPPER_ROOT;11821;11;11817;16;;;11827;18;11829;15;;;11824.0;0.0
av_SUGAR_d9;11800;ASH_COATED_OSMIUM;9900;9;9896;25;;;9906;18;9910;17;;;9903.0;0.0
av_SUGAR_d9;11800;INTARIAN_PEPPER_ROOT;11820;14;11816;21;;;11826;19;11829;13;;;11823.0;0.0
av_SUGAR_d9;11900;ASH_COATED_OSMIUM;9900;29;9897;8;;;9906;10;9909;22;;;9903.0;0.0
av_SUGAR_d9;11900;INTARIAN_PEPPER_ROOT;11819;6;11817;21;;;11825;25;11828;23;;;11822.0;0.0
av_SUGAR_d9;12000;ASH_COATED_OSMIUM;9899;8;9895;20;;;9906;20;9910;23;;;9902.5;0.0
av_SUGAR_d9;12000;INTARIAN_PEPPER_ROOT;11817;18;11813;26;;;11823;8;11827;11;;;11820.0;0.0
av_SUGAR_d9;12100;ASH_COATED_OSMIUM;9899;16;9897;8;;;9905;17;9908;28;;;9902.0;0.0
av_SUGAR_d9;12100;INTARIAN_PEPPER_ROOT;11816;16;11814;21;;;11822;21;11826;22;;;11819.0;0.0
av_SUGAR_d9;12200;ASH_COATED_OSMIUM;9900;12;9897;26;;;9906;16;9910;21;;;9903.0;0.0
av_SUGAR_d9;12200;INTARIAN_PEPPER_ROOT;11814;16;11811;14;;;11820;15;11822;19;;;11817.0;0.0
av_SUGAR_d9;12300;ASH_COATED_OSMIUM;9900;10;9896;17;;;9906;13;9908;14;;;9903.0;0.0
av_SUGAR_d9;12300;INTARIAN_PEPPER_ROOT;11813;8;11809;9;;;11819;9;11821;23;;;11816.0;0.0
av_SUGAR_d9;12400;ASH_COATED_OSMIUM;9899;21;9895;20;;;9905;19;9909;28;;;9902.0;0.0
av_SUGAR_d9;12400;INTARIAN_PEPPER_ROOT;11812;12;11810;8;;;11818;19;11822;25;;;11815.0;0.0
av_SUGAR_d9;12500;ASH_COATED_OSMIUM;9892;6;9888;15;;;9911;5;9915;13;;;9901.5;0.0
av_SUGAR_d9;12500;INTARIAN_PEPPER_ROOT;11810;19;11808;18;;;11816;10;11820;18;;;11813.0;0.0
av_SUGAR_d9;12600;ASH_COATED_OSMIUM;9899;16;9895;29;;;9905;11;9907;16;;;9902.0;0.0
av_SUGAR_d9;12600;INTARIAN_PEPPER_ROOT;11809;15;11807;19;;;11815;15;11819;24;;;11812.0;0.0
av_SUGAR_d9;12700;ASH_COATED_OSMIUM;9899;16;9897;17;;;9905;11;9907;12;;;9902.0;0.0
av_SUGAR_d9;12700;INTARIAN_PEPPER_ROOT;11808;11;11804;20;;;11814;23;11818;26;;;11811.0;0.0
av_SUGAR_d9;12800;ASH_COATED_OSMIUM;9899;5;9897;27;;;9906;6;9910;14;;;9902.5;0.0
av_SUGAR_d9;12800;INTARIAN_PEPPER_ROOT;11805;11;11803;21;;;11812;22;11815;21;;;11808.5;0.0
av_SUGAR_d9;12900;ASH_COATED_OSMIUM;9898;20;9895;17;;;9906;16;9910;17;;;9902.0;0.0
av_SUGAR_d9;12900;INTARIAN_PEPPER_ROOT;11805;16;11802;17;;;11811;17;11815;17;;;11808.0;0.0
av_SUGAR_d9;13000;ASH_COATED_OSMIUM;9899;10;9897;26;;;9905;5;9908;30;;;9902.0;0.0
av_SUGAR_d9;13000;INTARIAN_PEPPER_ROOT;11803;13;11799;19;;;11809;21;11811;19;;;11806.0;0.0
av_SUGAR_d9;13100;ASH_COATED_OSMIUM;9899;13;9897;17;;;9905;16;9909;15;;;9902.0;0.0
av_SUGAR_d9;13100;INTARIAN_PEPPER_ROOT;11802;18;11799;26;;;11808;15;11812;23;;;11805.0;0.0
av_SUGAR_d9;13200;ASH_COATED_OSMIUM;9899;16;9897;21;;;9905;11;9908;17;;;9902.0;0.0
av_SUGAR_d9;13200;INTARIAN_PEPPER_ROOT;11800;15;11797;21;;;11806;20;11810;18;;;11803.0;0.0
av_SUGAR_d9;13300;ASH_COATED_OSMIUM;9899;19;9896;18;;;9905;8;9909;21;;;9902.0;0.0
av_SUGAR_d9;13300;INTARIAN_PEPPER_ROOT;11799;19;11797;20;;;11805;8;11809;20;;;11802.0;0.0
av_SUGAR_d9;13400;ASH_COATED_OSMIUM;9899;7;9895;19;;;9905;19;9907;21;;;9902.0;0.0
av_SUGAR_d9;13400;INTARIAN_PEPPER_ROOT;11797;23;11794;24;;;11803;13;11807;19;;;11800.0;0.0
av_SUGAR_d9;13500;ASH_COATED_OSMIUM;9898;12;9896;20;;;9904;16;9906;9;;;9901.0;0.0
av_SUGAR_d9;13500;INTARIAN_PEPPER_ROOT;11796;22;11794;23;;;11802;19;11805;20;;;11799.0;0.0
av_SUGAR_d9;13600;ASH_COATED_OSMIUM;9899;10;9896;30;;;9905;24;9907;15;;;9902.0;0.0
av_SUGAR_d9;13600;INTARIAN_PEPPER_ROOT;11794;11;11791;23;;;11800;11;11803;27;;;11797.0;0.0
av_SUGAR_d9;13700;ASH_COATED_OSMIUM;9897;18;9894;11;;;9907;26;9909;17;;;9902.0;0.0
av_SUGAR_d9;13700;INTARIAN_PEPPER_ROOT;11792;23;11788;25;;;11800;19;11802;15;;;11796.0;0.0
av_SUGAR_d9;13800;ASH_COATED_OSMIUM;9898;13;9896;17;;;9906;23;9910;23;;;9902.0;0.0
av_SUGAR_d9;13800;INTARIAN_PEPPER_ROOT;11792;23;11789;12;;;11798;18;11800;20;;;11795.0;0.0
av_SUGAR_d9;13900;ASH_COATED_OSMIUM;9897;13;9895;21;;;9903;19;9906;27;;;9900.0;0.0
av_SUGAR_d9;13900;INTARIAN_PEPPER_ROOT;11790;15;11787;24;;;11796;5;11800;11;;;11793.0;0.0
av_SUGAR_d9;14000;ASH_COATED_OSMIUM;9894;9;9892;14;;;9908;11;9910;22;;;9901.0;0.0
av_SUGAR_d9;14000;INTARIAN_PEPPER_ROOT;11787;19;11785;10;;;11798;17;11800;20;;;11792.5;0.0
av_SUGAR_d9;14100;ASH_COATED_OSMIUM;9898;21;9894;22;;;9904;15;9906;23;;;9901.0;0.0
av_SUGAR_d9;14100;INTARIAN_PEPPER_ROOT;11786;13;11782;19;;;11797;12;11799;22;;;11791.5;0.0
av_SUGAR_d9;14200;ASH_COATED_OSMIUM;9899;20;9895;16;;;9905;21;9908;21;;;9902.0;0.0
av_SUGAR_d9;14200;INTARIAN_PEPPER_ROOT;11785;14;11783;20;;;11791;19;11793;15;;;11788.0;0.0
av_SUGAR_d9;14300;ASH_COATED_OSMIUM;9898;8;9896;13;;;9904;22;9906;23;;;9901.0;0.0
av_SUGAR_d9;14300;INTARIAN_PEPPER_ROOT;11769;14;11765;25;;;11806;17;11810;8;;;11787.5;0.0
av_SUGAR_d9;14400;ASH_COATED_OSMIUM;9898;15;9895;16;;;9904;12;9908;16;;;9901.0;0.0
av_SUGAR_d9;14400;INTARIAN_PEPPER_ROOT;11783;14;11780;20;;;11789;22;11793;17;;;11786.0;0.0
av_SUGAR_d9;14500;ASH_COATED_OSMIUM;9898;15;9894;18;;;9904;11;9907;31;;;9901.0;0.0
av_SUGAR_d9;14500;INTARIAN_PEPPER_ROOT;11780;23;11778;18;;;11790;6;11792;15;;;11785.0;0.0
av_SUGAR_d9;14600;ASH_COATED_OSMIUM;9898;15;9894;24;;;9904;5;9906;15;;;9901.0;0.0
av_SUGAR_d9;14600;INTARIAN_PEPPER_ROOT;11779;11;11775;21;;;11787;24;11790;15;;;11783.0;0.0
av_SUGAR_d9;14700;ASH_COATED_OSMIUM;9896;19;9893;12;;;9904;18;9906;19;;;9900.0;0.0
av_SUGAR_d9;14700;INTARIAN_PEPPER_ROOT;11772;15;11768;22;;;11792;16;11794;23;;;11782.0;0.0
av_SUGAR_d9;14800;ASH_COATED_OSMIUM;9898;8;9894;17;;;9904;10;9907;17;;;9901.0;0.0
av_SUGAR_d9;14800;INTARIAN_PEPPER_ROOT;11778;5;11774;8;;;11784;15;11788;22;;;11781.0;0.0
av_SUGAR_d9;14900;ASH_COATED_OSMIUM;9890;16;9887;23;;;9912;15;9916;23;;;9901.0;0.0
av_SUGAR_d9;14900;INTARIAN_PEPPER_ROOT;11776;18;11774;10;;;11782;17;11784;22;;;11779.0;0.0
av_SUGAR_d9;15000;ASH_COATED_OSMIUM;9898;7;9894;27;;;9904;11;9907;17;;;9901.0;0.0
av_SUGAR_d9;15000;INTARIAN_PEPPER_ROOT;11770;20;11767;16;;;11786;19;11788;24;;;11778.0;0.0
av_SUGAR_d9;15100;ASH_COATED_OSMIUM;9896;11;9893;25;;;9904;16;9906;32;;;9900.0;0.0
av_SUGAR_d9;15100;INTARIAN_PEPPER_ROOT;11773;16;11770;17;;;11779;15;11782;26;;;11776.0;0.0
av_SUGAR_d9;15200;ASH_COATED_OSMIUM;9897;10;9893;24;;;9904;12;9907;14;;;9900.5;0.0
av_SUGAR_d9;15200;INTARIAN_PEPPER_ROOT;11772;25;11768;14;;;11778;8;11781;16;;;11775.0;0.0
av_SUGAR_d9;15300;ASH_COATED_OSMIUM;9898;8;9895;25;;;9904;11;9906;16;;;9901.0;0.0
av_SUGAR_d9;15300;INTARIAN_PEPPER_ROOT;11771;16;11769;22;;;11777;11;11781;21;;;11774.0;0.0
av_SUGAR_d9;15400;ASH_COATED_OSMIUM;9897;12;9893;17;;;9905;20;9909;20;;;9901.0;0.0
av_SUGAR_d9;15400;INTARIAN_PEPPER_ROOT;11769;13;11767;18;;;11775;18;11778;20;;;11772.0;0.0
av_SUGAR_d9;15500;ASH_COATED_OSMIUM;9897;10;9895;18;;;9903;22;9907;22;;;9900.0;0.0
av_SUGAR_d9;15500;INTARIAN_PEPPER_ROOT;11767;9;11765;28;;;11775;17;11777;19;;;11771.0;0.0
av_SUGAR_d9;15600;ASH_COATED_OSMIUM;9895;12;9892;23;;;9905;10;9909;22;;;9900.0;0.0
av_SUGAR_d9;15600;INTARIAN_PEPPER_ROOT;11766;9;11764;20;;;11772;14;11776;28;;;11769.0;0.0
av_SUGAR_d9;15700;ASH_COATED_OSMIUM;9895;16;9891;23;;;9906;7;9909;15;;;9900.5;0.0
av_SUGAR_d9;15700;INTARIAN_PEPPER_ROOT;11760;8;11758;18;;;11775;15;11777;21;;;11767.5;0.0
av_SUGAR_d9;15800;ASH_COATED_OSMIUM;9897;16;9893;22;;;9903;18;9906;33;;;9900.0;0.0
av_SUGAR_d9;15800;INTARIAN_PEPPER_ROOT;11756;21;11754;12;;;11776;21;11779;20;;;11766.0;0.0
av_SUGAR_d9;15900;ASH_COATED_OSMIUM;9897;11;9895;19;;;9903;13;9906;24;;;9900.0;0.0
av_SUGAR_d9;15900;INTARIAN_PEPPER_ROOT;11761;20;11758;27;;;11767;6;11770;10;;;11764.0;0.0
av_SUGAR_d9;16000;ASH_COATED_OSMIUM;9897;17;9895;21;;;9903;18;9907;16;;;9900.0;0.0
av_SUGAR_d9;16000;INTARIAN_PEPPER_ROOT;11758;17;11756;21;;;11770;6;11772;22;;;11764.0;0.0
av_SUGAR_d9;16100;ASH_COATED_OSMIUM;9894;10;9890;17;;;9907;11;9910;17;;;9900.5;0.0
av_SUGAR_d9;16100;INTARIAN_PEPPER_ROOT;11759;21;11755;12;;;11765;12;11769;16;;;11762.0;0.0
av_SUGAR_d9;16200;ASH_COATED_OSMIUM;9896;8;9892;17;;;9902;13;9904;22;;;9899.0;0.0
av_SUGAR_d9;16200;INTARIAN_PEPPER_ROOT;11743;17;11741;18;;;11777;6;11780;15;;;11760.0;0.0
av_SUGAR_d9;16300;ASH_COATED_OSMIUM;9897;13;9895;20;;;9903;6;9905;17;;;9900.0;0.0
av_SUGAR_d9;16300;INTARIAN_PEPPER_ROOT;11752;20;11748;27;;;11765;19;11769;25;;;11758.5;0.0
av_SUGAR_d9;16400;ASH_COATED_OSMIUM;9897;19;9893;20;;;9903;20;9906;13;;;9900.0;0.0
av_SUGAR_d9;16400;INTARIAN_PEPPER_ROOT;11754;13;11752;30;;;11760;12;11764;22;;;11757.0;0.0
av_SUGAR_d9;16500;ASH_COATED_OSMIUM;9897;8;9893;22;;;9903;10;9907;11;;;9900.0;0.0
av_SUGAR_d9;16500;INTARIAN_PEPPER_ROOT;11749;17;11745;8;;;11763;17;11765;26;;;11756.0;0.0
av_SUGAR_d9;16600;ASH_COATED_OSMIUM;9893;24;9890;13;;;9907;19;9910;20;;;9900.0;0.0
av_SUGAR_d9;16600;INTARIAN_PEPPER_ROOT;11750;15;11748;13;;;11759;15;11762;19;;;11754.5;0.0
av_SUGAR_d9;16700;ASH_COATED_OSMIUM;9897;8;9895;9;;;9903;8;9906;8;;;9900.0;0.0
av_SUGAR_d9;16700;INTARIAN_PEPPER_ROOT;11747;16;11743;21;;;11760;22;11762;18;;;11753.5;0.0
av_SUGAR_d9;16800;ASH_COATED_OSMIUM;9896;26;9894;22;;;9902;9;9905;24;;;9899.0;0.0
av_SUGAR_d9;16800;INTARIAN_PEPPER_ROOT;11749;15;11746;17;;;11755;20;11758;16;;;11752.0;0.0
av_SUGAR_d9;16900;ASH_COATED_OSMIUM;9890;19;9886;21;;;9910;5;9913;22;;;9900.0;0.0
av_SUGAR_d9;16900;INTARIAN_PEPPER_ROOT;11748;16;11744;16;;;11754;14;11757;23;;;11751.0;0.0
av_SUGAR_d9;17000;ASH_COATED_OSMIUM;9896;15;9892;17;;;9902;15;9906;29;;;9899.0;0.0
av_SUGAR_d9;17000;INTARIAN_PEPPER_ROOT;11741;7;11737;18;;;11758;19;11760;21;;;11749.5;0.0
av_SUGAR_d9;17100;ASH_COATED_OSMIUM;9890;22;9888;13;;;9908;16;9911;24;;;9899.0;0.0
av_SUGAR_d9;17100;INTARIAN_PEPPER_ROOT;11744;5;11742;28;;;11750;15;11754;13;;;11747.0;0.0
av_SUGAR_d9;17200;ASH_COATED_OSMIUM;9896;14;9894;18;;;9902;12;9905;24;;;9899.0;0.0
av_SUGAR_d9;17200;INTARIAN_PEPPER_ROOT;11742;18;11739;15;;;11748;13;11751;23;;;11745.0;0.0
av_SUGAR_d9;17300;ASH_COATED_OSMIUM;9895;20;9891;21;;;9906;16;9908;21;;;9900.5;0.0
av_SUGAR_d9;17300;INTARIAN_PEPPER_ROOT;11741;12;11737;20;;;11747;11;11751;14;;;11744.0;0.0
av_SUGAR_d9;17400;ASH_COATED_OSMIUM;9896;13;9892;26;;;9902;13;9904;22;;;9899.0;0.0
av_SUGAR_d9;17400;INTARIAN_PEPPER_ROOT;11739;22;11735;20;;;11745;5;11747;18;;;11742.0;0.0
av_SUGAR_d9;17500;ASH_COATED_OSMIUM;9895;15;9891;18;;;9904;7;9907;22;;;9899.5;0.0
av_SUGAR_d9;17500;INTARIAN_PEPPER_ROOT;11733;9;11729;30;;;11747;19;11750;22;;;11740.0;0.0
av_SUGAR_d9;17600;ASH_COATED_OSMIUM;9897;14;9895;16;;;9903;9;9905;20;;;9900.0;0.0
av_SUGAR_d9;17600;INTARIAN_PEPPER_ROOT;11736;15;11732;16;;;11742;5;11745;26;;;11739.0;0.0
av_SUGAR_d9;17700;ASH_COATED_OSMIUM;9897;12;9895;15;;;9903;19;9906;12;;;9900.0;0.0
av_SUGAR_d9;17700;INTARIAN_PEPPER_ROOT;11728;14;11725;22;;;11745;22;11748;11;;;11736.5;0.0
av_SUGAR_d9;17800;ASH_COATED_OSMIUM;9897;13;9895;19;;;9903;13;9906;16;;;9900.0;0.0
av_SUGAR_d9;17800;INTARIAN_PEPPER_ROOT;11732;10;11728;11;;;11738;20;11740;14;;;11735.0;0.0
av_SUGAR_d9;17900;ASH_COATED_OSMIUM;9897;19;9895;33;;;9903;12;9905;17;;;9900.0;0.0
av_SUGAR_d9;17900;INTARIAN_PEPPER_ROOT;11724;8;11722;21;;;11745;15;11749;19;;;11734.5;0.0
av_SUGAR_d9;18000;ASH_COATED_OSMIUM;9897;21;9893;18;;;9903;20;9907;18;;;9900.0;0.0
av_SUGAR_d9;18000;INTARIAN_PEPPER_ROOT;11729;10;11727;16;;;11735;23;11738;18;;;11732.0;0.0
av_SUGAR_d9;18100;ASH_COATED_OSMIUM;9896;18;9892;18;;;9902;12;9906;13;;;9899.0;0.0
av_SUGAR_d9;18100;INTARIAN_PEPPER_ROOT;11727;17;11723;22;;;11733;23;11736;18;;;11730.0;0.0
av_SUGAR_d9;18200;ASH_COATED_OSMIUM;9897;17;9895;19;;;9903;23;9906;25;;;9900.0;0.0
av_SUGAR_d9;18200;INTARIAN_PEPPER_ROOT;11726;9;11722;14;;;11732;16;11734;20;;;11729.0;0.0
av_SUGAR_d9;18300;ASH_COATED_OSMIUM;9892;13;9890;21;;;9907;19;9910;20;;;9899.5;0.0
av_SUGAR_d9;18300;INTARIAN_PEPPER_ROOT;11724;17;11721;23;;;11730;16;11733;32;;;11727.0;0.0
av_SUGAR_d9;18400;ASH_COATED_OSMIUM;9896;16;9893;27;;;9903;22;9905;20;;;9899.5;0.0
av_SUGAR_d9;18400;INTARIAN_PEPPER_ROOT;11723;23;11720;14;;;11729;11;11731;21;;;11726.0;0.0
av_SUGAR_d9;18500;ASH_COATED_OSMIUM;9895;18;9892;19;;;9905;10;9909;17;;;9900.0;0.0
av_SUGAR_d9;18500;INTARIAN_PEPPER_ROOT;11720;17;11716;18;;;11726;13;11729;13;;;11723.0;0.0
av_SUGAR_d9;18600;ASH_COATED_OSMIUM;9897;16;9895;20;;;9903;8;9906;17;;;9900.0;0.0
av_SUGAR_d9;18600;INTARIAN_PEPPER_ROOT;11713;13;11710;22;;;11731;11;11735;24;;;11722.0;0.0
av_SUGAR_d9;18700;ASH_COATED_OSMIUM;9894;14;9890;20;;;9907;15;9910;18;;;9900.5;0.0
av_SUGAR_d9;18700;INTARIAN_PEPPER_ROOT;11718;23;11716;14;;;11724;5;11728;10;;;11721.0;0.0
av_SUGAR_d9;18800;ASH_COATED_OSMIUM;9897;15;9894;11;;;9903;12;9907;21;;;9900.0;0.0
av_SUGAR_d9;18800;INTARIAN_PEPPER_ROOT;11716;14;11713;19;;;11722;15;11724;23;;;11719.0;0.0
av_SUGAR_d9;18900;ASH_COATED_OSMIUM;9887;17;9883;11;;;9914;18;9918;9;;;9900.5;0.0
av_SUGAR_d9;18900;INTARIAN_PEPPER_ROOT;11713;16;11709;21;;;11719;17;11723;22;;;11716.0;0.0
av_SUGAR_d9;19000;ASH_COATED_OSMIUM;9892;16;9888;21;;;9906;11;9908;19;;;9899.0;0.0
av_SUGAR_d9;19000;INTARIAN_PEPPER_ROOT;11712;14;11710;8;;;11718;13;11722;25;;;11715.0;0.0
av_SUGAR_d9;19100;ASH_COATED_OSMIUM;9897;19;9894;19;;;9903;21;9905;14;;;9900.0;0.0
av_SUGAR_d9;19100;INTARIAN_PEPPER_ROOT;11710;15;11706;20;;;11716;25;11718;24;;;11713.0;0.0
av_SUGAR_d9;19200;ASH_COATED_OSMIUM;9898;10;9894;22;;;9904;6;9906;29;;;9901.0;0.0
av_SUGAR_d9;19200;INTARIAN_PEPPER_ROOT;11709;7;11707;26;;;11715;11;11717;25;;;11712.0;0.0
av_SUGAR_d9;19300;ASH_COATED_OSMIUM;9897;18;9894;21;;;9903;7;9906;18;;;9900.0;0.0
av_SUGAR_d9;19300;INTARIAN_PEPPER_ROOT;11708;5;11706;22;;;11714;18;11718;24;;;11711.0;0.0
av_SUGAR_d9;19400;ASH_COATED_OSMIUM;9889;21;9887;23;;;9912;15;9914;8;;;9900.5;0.0
av_SUGAR_d9;19400;INTARIAN_PEPPER_ROOT;11700;15;11696;17;;;11717;19;11719;15;;;11708.5;0.0
av_SUGAR_d9;19500;ASH_COATED_OSMIUM;9897;7;9894;14;;;9903;13;9906;24;;;9900.0;0.0
av_SUGAR_d9;19500;INTARIAN_PEPPER_ROOT;11704;14;11702;22;;;11710;13;11714;22;;;11707.0;0.0
av_SUGAR_d9;19600;ASH_COATED_OSMIUM;9894;19;9891;19;;;9908;11;9910;16;;;9901.0;0.0
av_SUGAR_d9;19600;INTARIAN_PEPPER_ROOT;11702;15;11700;24;;;11708;11;11710;21;;;11705.0;0.0
av_SUGAR_d9;19700;ASH_COATED_OSMIUM;9898;12;9895;19;;;9904;10;9906;19;;;9901.0;0.0
av_SUGAR_d9;19700;INTARIAN_PEPPER_ROOT;11700;14;11698;20;;;11706;27;11710;20;;;11703.0;0.0
av_SUGAR_d9;19800;ASH_COATED_OSMIUM;9897;11;9894;34;;;9903;13;9907;24;;;9900.0;0.0
av_SUGAR_d9;19800;INTARIAN_PEPPER_ROOT;11699;11;11697;10;;;11705;13;11707;24;;;11702.0;0.0
av_SUGAR_d9;19900;ASH_COATED_OSMIUM;9897;17;9893;16;;;9903;18;9907;13;;;9900.0;0.0
av_SUGAR_d9;19900;INTARIAN_PEPPER_ROOT;11691;16;11687;18;;;11709;15;11713;21;;;11700.0;0.0
av_SUGAR_d9;20000;ASH_COATED_OSMIUM;9897;14;9895;25;;;9903;18;9907;27;;;9900.0;0.0
av_SUGAR_d9;20000;INTARIAN_PEPPER_ROOT;11696;11;11694;10;;;11702;23;11705;19;;;11699.0;0.0
av_SUGAR_d9;20100;ASH_COATED_OSMIUM;9898;22;9896;18;;;9904;6;9908;21;;;9901.0;0.0
av_SUGAR_d9;20100;INTARIAN_PEPPER_ROOT;11694;9;11691;26;;;11700;9;11702;21;;;11697.0;0.0
av_SUGAR_d9;20200;ASH_COATED_OSMIUM;9896;13;9893;24;;;9905;21;9907;23;;;9900.5;0.0
av_SUGAR_d9;20200;INTARIAN_PEPPER_ROOT;11687;13;11684;25;;;11704;20;11706;14;;;11695.5;0.0
av_SUGAR_d9;20300;ASH_COATED_OSMIUM;9898;19;9895;21;;;9904;14;9907;24;;;9901.0;0.0
av_SUGAR_d9;20300;INTARIAN_PEPPER_ROOT;11691;13;11687;21;;;11697;13;11700;26;;;11694.0;0.0
av_SUGAR_d9;20400;ASH_COATED_OSMIUM;9898;7;9895;26;;;9904;11;9907;20;;;9901.0;0.0
av_SUGAR_d9;20400;INTARIAN_PEPPER_ROOT;11688;25;11686;14;;;11694;17;11698;18;;;11691.0;0.0
av_SUGAR_d9;20500;ASH_COATED_OSMIUM;9897;11;9893;19;;;9904;9;9908;12;;;9900.5;0.0
av_SUGAR_d9;20500;INTARIAN_PEPPER_ROOT;11687;11;11685;20;;;11693;19;11696;16;;;11690.0;0.0
av_SUGAR_d9;20600;ASH_COATED_OSMIUM;9897;12;9893;20;;;9903;10;9907;14;;;9900.0;0.0
av_SUGAR_d9;20600;INTARIAN_PEPPER_ROOT;11685;13;11683;22;;;11691;10;11695;17;;;11688.0;0.0
av_SUGAR_d9;20700;ASH_COATED_OSMIUM;9894;15;9890;23;;;9907;8;9910;14;;;9900.5;0.0
av_SUGAR_d9;20700;INTARIAN_PEPPER_ROOT;11679;17;11676;27;;;11694;9;11696;24;;;11686.5;0.0
av_SUGAR_d9;20800;ASH_COATED_OSMIUM;9898;5;9894;26;;;9904;24;9906;21;;;9901.0;0.0
av_SUGAR_d9;20800;INTARIAN_PEPPER_ROOT;11682;23;11678;27;;;11688;12;11691;10;;;11685.0;0.0
av_SUGAR_d9;20900;ASH_COATED_OSMIUM;9898;16;9894;15;;;9904;8;9908;20;;;9901.0;0.0
av_SUGAR_d9;20900;INTARIAN_PEPPER_ROOT;11678;14;11675;21;;;11689;15;11691;17;;;11683.5;0.0
av_SUGAR_d9;21000;ASH_COATED_OSMIUM;9898;15;9895;11;;;9904;16;9908;18;;;9901.0;0.0
av_SUGAR_d9;21000;INTARIAN_PEPPER_ROOT;11679;19;11676;22;;;11685;20;11687;23;;;11682.0;0.0
av_SUGAR_d9;21100;ASH_COATED_OSMIUM;9897;14;9894;23;;;9903;18;9907;24;;;9900.0;0.0
av_SUGAR_d9;21100;INTARIAN_PEPPER_ROOT;11677;15;11674;17;;;11683;19;11686;15;;;11680.0;0.0
av_SUGAR_d9;21200;ASH_COATED_OSMIUM;9898;12;9895;25;;;9904;14;9906;14;;;9901.0;0.0
av_SUGAR_d9;21200;INTARIAN_PEPPER_ROOT;11675;18;11673;16;;;11681;16;11685;23;;;11678.0;0.0
av_SUGAR_d9;21300;ASH_COATED_OSMIUM;9898;16;9896;16;;;9904;14;9907;14;;;9901.0;0.0
av_SUGAR_d9;21300;INTARIAN_PEPPER_ROOT;11673;19;11670;15;;;11679;17;11681;25;;;11676.0;0.0
av_SUGAR_d9;21400;ASH_COATED_OSMIUM;9898;16;9894;13;;;9904;6;9906;22;;;9901.0;0.0
av_SUGAR_d9;21400;INTARIAN_PEPPER_ROOT;11669;23;11666;22;;;11682;17;11686;23;;;11675.5;0.0
av_SUGAR_d9;21500;ASH_COATED_OSMIUM;9890;22;9887;18;;;9911;15;9914;13;;;9900.5;0.0
av_SUGAR_d9;21500;INTARIAN_PEPPER_ROOT;11669;12;11667;20;;;11678;13;11682;21;;;11673.5;0.0
av_SUGAR_d9;21600;ASH_COATED_OSMIUM;9897;24;9893;15;;;9905;17;9908;22;;;9901.0;0.0
av_SUGAR_d9;21600;INTARIAN_PEPPER_ROOT;11669;17;11665;29;;;11675;16;11677;12;;;11672.0;0.0
av_SUGAR_d9;21700;ASH_COATED_OSMIUM;9898;12;9895;12;;;9904;7;9907;27;;;9901.0;0.0
av_SUGAR_d9;21700;INTARIAN_PEPPER_ROOT;11665;8;11663;22;;;11675;10;11678;17;;;11670.0;0.0
av_SUGAR_d9;21800;ASH_COATED_OSMIUM;9897;24;9894;33;;;9904;9;9908;20;;;9900.5;0.0
av_SUGAR_d9;21800;INTARIAN_PEPPER_ROOT;11665;23;11662;11;;;11671;23;11673;16;;;11668.0;0.0
av_SUGAR_d9;21900;ASH_COATED_OSMIUM;9898;5;9894;23;;;9904;26;9908;25;;;9901.0;0.0
av_SUGAR_d9;21900;INTARIAN_PEPPER_ROOT;11661;10;11657;19;;;11671;13;11674;11;;;11666.0;0.0
av_SUGAR_d9;22000;ASH_COATED_OSMIUM;9898;20;9894;19;;;9904;16;9908;23;;;9901.0;0.0
av_SUGAR_d9;22000;INTARIAN_PEPPER_ROOT;11659;13;11656;29;;;11672;19;11676;23;;;11665.5;0.0
av_SUGAR_d9;22100;ASH_COATED_OSMIUM;9892;19;9890;12;;;9911;12;9914;22;;;9901.5;0.0
av_SUGAR_d9;22100;INTARIAN_PEPPER_ROOT;11661;21;11657;14;;;11667;14;11671;24;;;11664.0;0.0
av_SUGAR_d9;22200;ASH_COATED_OSMIUM;9898;7;9894;23;;;9904;30;9908;23;;;9901.0;0.0
av_SUGAR_d9;22200;INTARIAN_PEPPER_ROOT;11657;16;11655;25;;;11666;14;11669;26;;;11661.5;0.0
av_SUGAR_d9;22300;ASH_COATED_OSMIUM;9898;5;9895;13;;;9904;12;9907;20;;;9901.0;0.0
av_SUGAR_d9;22300;INTARIAN_PEPPER_ROOT;11636;10;11632;13;;;11684;17;11686;18;;;11660.0;0.0
av_SUGAR_d9;22400;ASH_COATED_OSMIUM;9898;16;9894;17;;;9904;13;9908;19;;;9901.0;0.0
av_SUGAR_d9;22400;INTARIAN_PEPPER_ROOT;11655;15;11652;28;;;11661;14;11665;18;;;11658.0;0.0
av_SUGAR_d9;22500;ASH_COATED_OSMIUM;9898;16;9896;20;;;9904;21;9906;18;;;9901.0;0.0
av_SUGAR_d9;22500;INTARIAN_PEPPER_ROOT;11654;16;11651;19;;;11660;13;11664;20;;;11657.0;0.0
av_SUGAR_d9;22600;ASH_COATED_OSMIUM;9898;11;9894;22;;;9904;17;9908;21;;;9901.0;0.0
av_SUGAR_d9;22600;INTARIAN_PEPPER_ROOT;11652;17;11650;10;;;11658;18;11662;23;;;11655.0;0.0
av_SUGAR_d9;22700;ASH_COATED_OSMIUM;9898;13;9896;20;;;9905;15;9909;12;;;9901.5;0.0
av_SUGAR_d9;22700;INTARIAN_PEPPER_ROOT;11650;17;11648;20;;;11656;14;11659;20;;;11653.0;0.0
av_SUGAR_d9;22800;ASH_COATED_OSMIUM;9898;13;9894;25;;;9904;12;9906;17;;;9901.0;0.0
av_SUGAR_d9;22800;INTARIAN_PEPPER_ROOT;11648;11;11644;23;;;11654;21;11658;20;;;11651.0;0.0
av_SUGAR_d9;22900;ASH_COATED_OSMIUM;9898;18;9895;18;;;9904;15;9907;14;;;9901.0;0.0
av_SUGAR_d9;22900;INTARIAN_PEPPER_ROOT;11644;30;11641;22;;;11656;6;11660;13;;;11650.0;0.0
av_SUGAR_d9;23000;ASH_COATED_OSMIUM;9898;14;9895;21;;;9904;14;9906;23;;;9901.0;0.0
av_SUGAR_d9;23000;INTARIAN_PEPPER_ROOT;11642;7;11638;20;;;11654;13;11656;35;;;11648.0;0.0
av_SUGAR_d9;23100;ASH_COATED_OSMIUM;9899;19;9896;25;;;9905;15;9909;24;;;9902.0;0.0
av_SUGAR_d9;23100;INTARIAN_PEPPER_ROOT;11644;12;11640;22;;;11650;12;11654;18;;;11647.0;0.0
av_SUGAR_d9;23200;ASH_COATED_OSMIUM;9896;15;9892;20;;;9907;17;9911;22;;;9901.5;0.0
av_SUGAR_d9;23200;INTARIAN_PEPPER_ROOT;11642;14;11639;20;;;11648;10;11652;26;;;11645.0;0.0
av_SUGAR_d9;23300;ASH_COATED_OSMIUM;9898;22;9896;22;;;9904;13;9908;16;;;9901.0;0.0
av_SUGAR_d9;23300;INTARIAN_PEPPER_ROOT;11640;15;11637;24;;;11646;11;11648;18;;;11643.0;0.0
av_SUGAR_d9;23400;ASH_COATED_OSMIUM;9897;15;9895;8;;;9905;12;9908;20;;;9901.0;0.0
av_SUGAR_d9;23400;INTARIAN_PEPPER_ROOT;11638;18;11636;23;;;11644;5;11647;25;;;11641.0;0.0
av_SUGAR_d9;23500;ASH_COATED_OSMIUM;9898;17;9895;21;;;9904;11;9908;16;;;9901.0;0.0
av_SUGAR_d9;23500;INTARIAN_PEPPER_ROOT;11613;12;11609;23;;;11667;8;11669;14;;;11640.0;0.0
av_SUGAR_d9;23600;ASH_COATED_OSMIUM;9899;13;9896;18;;;9905;18;9909;16;;;9902.0;0.0
av_SUGAR_d9;23600;INTARIAN_PEPPER_ROOT;11635;12;11633;20;;;11641;8;11643;20;;;11638.0;0.0
av_SUGAR_d9;23700;ASH_COATED_OSMIUM;9890;9;9888;15;;;9913;12;9917;18;;;9901.5;0.0
av_SUGAR_d9;23700;INTARIAN_PEPPER_ROOT;11626;20;11622;19;;;11647;16;11651;18;;;11636.5;0.0
av_SUGAR_d9;23800;ASH_COATED_OSMIUM;9899;14;9896;24;;;9905;16;9909;27;;;9902.0;0.0
av_SUGAR_d9;23800;INTARIAN_PEPPER_ROOT;11630;14;11628;16;;;11639;13;11643;18;;;11634.5;0.0
av_SUGAR_d9;23900;ASH_COATED_OSMIUM;9895;14;9891;22;;;9907;16;9911;22;;;9901.0;0.0
av_SUGAR_d9;23900;INTARIAN_PEPPER_ROOT;11630;23;11627;22;;;11636;12;11639;22;;;11633.0;0.0
av_SUGAR_d9;24000;ASH_COATED_OSMIUM;9899;15;9897;15;;;9905;22;9908;19;;;9902.0;0.0
av_SUGAR_d9;24000;INTARIAN_PEPPER_ROOT;11617;14;11613;21;;;11646;13;11648;13;;;11631.5;0.0
av_SUGAR_d9;24100;ASH_COATED_OSMIUM;9898;25;9894;21;;;9905;13;9909;21;;;9901.5;0.0
av_SUGAR_d9;24100;INTARIAN_PEPPER_ROOT;11627;13;11625;22;;;11633;18;11636;14;;;11630.0;0.0
av_SUGAR_d9;24200;ASH_COATED_OSMIUM;9897;7;9893;16;;;9906;20;9910;17;;;9901.5;0.0
av_SUGAR_d9;24200;INTARIAN_PEPPER_ROOT;11626;16;11622;20;;;11632;17;11636;19;;;11629.0;0.0
av_SUGAR_d9;24300;ASH_COATED_OSMIUM;9899;12;9895;27;;;9905;5;9909;15;;;9902.0;0.0
av_SUGAR_d9;24300;INTARIAN_PEPPER_ROOT;11623;27;11619;23;;;11629;17;11632;21;;;11626.0;0.0
av_SUGAR_d9;24400;ASH_COATED_OSMIUM;9898;26;9895;23;;;9904;13;9907;19;;;9901.0;0.0
av_SUGAR_d9;24400;INTARIAN_PEPPER_ROOT;11619;20;11616;17;;;11629;14;11632;20;;;11624.0;0.0
av_SUGAR_d9;24500;ASH_COATED_OSMIUM;9898;15;9894;15;;;9904;17;9907;16;;;9901.0;0.0
av_SUGAR_d9;24500;INTARIAN_PEPPER_ROOT;11620;17;11617;15;;;11626;13;11630;25;;;11623.0;0.0
av_SUGAR_d9;24600;ASH_COATED_OSMIUM;9899;12;9897;19;;;9905;17;9907;29;;;9902.0;0.0
av_SUGAR_d9;24600;INTARIAN_PEPPER_ROOT;11617;13;11615;13;;;11626;19;11630;25;;;11621.5;0.0
av_SUGAR_d9;24700;ASH_COATED_OSMIUM;9893;15;9890;19;;;9911;21;9914;12;;;9902.0;0.0
av_SUGAR_d9;24700;INTARIAN_PEPPER_ROOT;11614;13;11611;23;;;11625;14;11629;14;;;11619.5;0.0
av_SUGAR_d9;24800;ASH_COATED_OSMIUM;9897;19;9894;30;;;9905;5;9908;21;;;9901.0;0.0
av_SUGAR_d9;24800;INTARIAN_PEPPER_ROOT;11609;16;11606;28;;;11627;17;11630;17;;;11618.0;0.0
av_SUGAR_d9;24900;ASH_COATED_OSMIUM;9894;12;9891;19;;;9908;10;9910;32;;;9901.0;0.0
av_SUGAR_d9;24900;INTARIAN_PEPPER_ROOT;11608;18;11605;12;;;11625;26;11627;26;;;11616.5;0.0
av_SUGAR_d9;25000;ASH_COATED_OSMIUM;9893;17;9890;11;;;9910;13;9913;15;;;9901.5;0.0
av_SUGAR_d9;25000;INTARIAN_PEPPER_ROOT;11612;14;11609;19;;;11618;17;11620;17;;;11615.0;0.0
av_SUGAR_d9;25100;ASH_COATED_OSMIUM;9898;13;9894;17;;;9905;14;9907;15;;;9901.5;0.0
av_SUGAR_d9;25100;INTARIAN_PEPPER_ROOT;11597;17;11594;15;;;11630;7;11633;12;;;11613.5;0.0
av_SUGAR_d9;25200;ASH_COATED_OSMIUM;9891;18;9889;19;;;9913;12;9917;14;;;9902.0;0.0
av_SUGAR_d9;25200;INTARIAN_PEPPER_ROOT;11607;19;11604;23;;;11616;6;11620;15;;;11611.5;0.0
av_SUGAR_d9;25300;ASH_COATED_OSMIUM;9897;19;9895;20;;;9908;11;9911;24;;;9902.5;0.0
av_SUGAR_d9;25300;INTARIAN_PEPPER_ROOT;11607;9;11605;13;;;11613;11;11615;26;;;11610.0;0.0
av_SUGAR_d9;25400;ASH_COATED_OSMIUM;9896;6;9893;15;;;9908;12;9912;19;;;9902.0;0.0
av_SUGAR_d9;25400;INTARIAN_PEPPER_ROOT;11605;7;11602;33;;;11611;8;11614;25;;;11608.0;0.0
av_SUGAR_d9;25500;ASH_COATED_OSMIUM;9890;14;9886;14;;;9913;6;9916;19;;;9901.5;0.0
av_SUGAR_d9;25500;INTARIAN_PEPPER_ROOT;11603;8;11601;20;;;11609;18;11613;23;;;11606.0;0.0
av_SUGAR_d9;25600;ASH_COATED_OSMIUM;9894;7;9891;18;;;9909;19;9913;12;;;9901.5;0.0
av_SUGAR_d9;25600;INTARIAN_PEPPER_ROOT;11598;24;11595;16;;;11612;16;11616;14;;;11605.0;0.0
av_SUGAR_d9;25700;ASH_COATED_OSMIUM;9890;7;9886;19;;;9914;17;9916;14;;;9902.0;0.0
av_SUGAR_d9;25700;INTARIAN_PEPPER_ROOT;11600;20;11597;20;;;11606;11;11608;12;;;11603.0;0.0
av_SUGAR_d9;25800;ASH_COATED_OSMIUM;9900;19;9898;22;;;9906;14;9909;16;;;9903.0;0.0
av_SUGAR_d9;25800;INTARIAN_PEPPER_ROOT;11598;8;11596;20;;;11604;18;11607;16;;;11601.0;0.0
av_SUGAR_d9;25900;ASH_COATED_OSMIUM;9896;9;9893;19;;;9906;5;9908;20;;;9901.0;0.0
av_SUGAR_d9;25900;INTARIAN_PEPPER_ROOT;11596;5;11594;13;;;11602;19;11604;23;;;11599.0;0.0
av_SUGAR_d9;26000;ASH_COATED_OSMIUM;9895;13;9892;35;;;9909;8;9912;20;;;9902.0;0.0
av_SUGAR_d9;26000;INTARIAN_PEPPER_ROOT;11595;11;11591;22;;;11601;21;11605;19;;;11598.0;0.0
av_SUGAR_d9;26100;ASH_COATED_OSMIUM;9899;15;9895;14;;;9905;22;9907;20;;;9902.0;0.0
av_SUGAR_d9;26100;INTARIAN_PEPPER_ROOT;11592;16;11588;24;;;11601;8;11603;24;;;11596.5;0.0
av_SUGAR_d9;26200;ASH_COATED_OSMIUM;9895;25;9892;13;;;9908;16;9910;16;;;9901.5;0.0
av_SUGAR_d9;26200;INTARIAN_PEPPER_ROOT;11587;19;11583;21;;;11600;16;11602;21;;;11593.5;0.0
av_SUGAR_d9;26300;ASH_COATED_OSMIUM;9899;27;9896;25;;;9905;27;9907;14;;;9902.0;0.0
av_SUGAR_d9;26300;INTARIAN_PEPPER_ROOT;11587;12;11585;18;;;11598;12;11601;22;;;11592.5;0.0
av_SUGAR_d9;26400;ASH_COATED_OSMIUM;9896;16;9893;29;;;9908;12;9910;12;;;9902.0;0.0
av_SUGAR_d9;26400;INTARIAN_PEPPER_ROOT;11581;12;11578;23;;;11601;14;11605;19;;;11591.0;0.0
av_SUGAR_d9;26500;ASH_COATED_OSMIUM;9899;24;9897;21;;;9905;20;9909;20;;;9902.0;0.0
av_SUGAR_d9;26500;INTARIAN_PEPPER_ROOT;11587;24;11584;15;;;11593;16;11597;16;;;11590.0;0.0
av_SUGAR_d9;26600;ASH_COATED_OSMIUM;9899;11;9897;17;;;9905;21;9907;14;;;9902.0;0.0
av_SUGAR_d9;26600;INTARIAN_PEPPER_ROOT;11585;5;11583;22;;;11591;14;11595;16;;;11588.0;0.0
av_SUGAR_d9;26700;ASH_COATED_OSMIUM;9899;9;9897;23;;;9905;18;9907;25;;;9902.0;0.0
av_SUGAR_d9;26700;INTARIAN_PEPPER_ROOT;11580;16;11578;14;;;11591;19;11594;12;;;11585.5;0.0
av_SUGAR_d9;26800;ASH_COATED_OSMIUM;9897;15;9895;18;;;9908;14;9912;23;;;9902.5;0.0
av_SUGAR_d9;26800;INTARIAN_PEPPER_ROOT;11581;15;11579;20;;;11587;18;11591;19;;;11584.0;0.0
av_SUGAR_d9;26900;ASH_COATED_OSMIUM;9899;19;9896;29;;;9905;15;9908;23;;;9902.0;0.0
av_SUGAR_d9;26900;INTARIAN_PEPPER_ROOT;11575;20;11572;20;;;11591;12;11595;8;;;11583.0;0.0
av_SUGAR_d9;27000;ASH_COATED_OSMIUM;9900;15;9897;24;;;9906;6;9909;21;;;9903.0;0.0
av_SUGAR_d9;27000;INTARIAN_PEPPER_ROOT;11577;16;11575;22;;;11586;21;11590;24;;;11581.5;0.0
av_SUGAR_d9;27100;ASH_COATED_OSMIUM;9900;9;9897;28;;;9906;10;9909;22;;;9903.0;0.0
av_SUGAR_d9;27100;INTARIAN_PEPPER_ROOT;11561;9;11559;22;;;11598;17;11602;23;;;11579.5;0.0
av_SUGAR_d9;27200;ASH_COATED_OSMIUM;9899;14;9897;29;;;9905;5;9908;11;;;9902.0;0.0
av_SUGAR_d9;27200;INTARIAN_PEPPER_ROOT;11567;17;11564;22;;;11587;13;11589;22;;;11577.0;0.0
av_SUGAR_d9;27300;ASH_COATED_OSMIUM;9899;16;9896;23;;;9905;13;9907;16;;;9902.0;0.0
av_SUGAR_d9;27300;INTARIAN_PEPPER_ROOT;11573;8;11569;18;;;11580;17;11584;12;;;11576.5;0.0
av_SUGAR_d9;27400;ASH_COATED_OSMIUM;9899;19;9895;18;;;9905;16;9909;15;;;9902.0;0.0
av_SUGAR_d9;27400;INTARIAN_PEPPER_ROOT;11571;10;11567;24;;;11579;5;11582;15;;;11575.0;0.0
av_SUGAR_d9;27500;ASH_COATED_OSMIUM;9894;16;9890;18;;;9911;13;9913;20;;;9902.5;0.0
av_SUGAR_d9;27500;INTARIAN_PEPPER_ROOT;11561;13;11557;18;;;11584;10;11587;27;;;11572.5;0.0
av_SUGAR_d9;27600;ASH_COATED_OSMIUM;9899;18;9896;25;;;9905;10;9909;24;;;9902.0;0.0
av_SUGAR_d9;27600;INTARIAN_PEPPER_ROOT;11568;20;11566;23;;;11574;14;11578;25;;;11571.0;0.0
av_SUGAR_d9;27700;ASH_COATED_OSMIUM;9899;26;9896;14;;;9905;13;9909;20;;;9902.0;0.0
av_SUGAR_d9;27700;INTARIAN_PEPPER_ROOT;11567;19;11564;15;;;11573;18;11577;18;;;11570.0;0.0
av_SUGAR_d9;27800;ASH_COATED_OSMIUM;9900;16;9896;25;;;9906;13;9910;19;;;9903.0;0.0
av_SUGAR_d9;27800;INTARIAN_PEPPER_ROOT;11565;15;11563;21;;;11571;12;11573;23;;;11568.0;0.0
av_SUGAR_d9;27900;ASH_COATED_OSMIUM;9899;24;9897;22;;;9906;5;9908;15;;;9902.5;0.0
av_SUGAR_d9;27900;INTARIAN_PEPPER_ROOT;11555;14;11553;20;;;11577;10;11581;27;;;11566.0;0.0
av_SUGAR_d9;28000;ASH_COATED_OSMIUM;9900;22;9896;24;;;9906;14;9910;17;;;9903.0;0.0
av_SUGAR_d9;28000;INTARIAN_PEPPER_ROOT;11554;17;11551;18;;;11575;20;11579;20;;;11564.5;0.0
av_SUGAR_d9;28100;ASH_COATED_OSMIUM;9897;16;9894;25;;;9909;14;9911;15;;;9903.0;0.0
av_SUGAR_d9;28100;INTARIAN_PEPPER_ROOT;11557;11;11553;15;;;11568;15;11570;23;;;11562.5;0.0
av_SUGAR_d9;28200;ASH_COATED_OSMIUM;9900;22;9896;26;;;9906;18;9908;21;;;9903.0;0.0
av_SUGAR_d9;28200;INTARIAN_PEPPER_ROOT;11558;6;11554;23;;;11564;20;11568;22;;;11561.0;0.0
av_SUGAR_d9;28300;ASH_COATED_OSMIUM;9900;17;9896;13;;;9906;18;9910;23;;;9903.0;0.0
av_SUGAR_d9;28300;INTARIAN_PEPPER_ROOT;11556;16;11553;21;;;11562;9;11565;17;;;11559.0;0.0
av_SUGAR_d9;28400;ASH_COATED_OSMIUM;9899;7;9896;23;;;9907;16;9910;26;;;9903.0;0.0
av_SUGAR_d9;28400;INTARIAN_PEPPER_ROOT;11553;17;11551;21;;;11564;12;11567;18;;;11558.5;0.0
av_SUGAR_d9;28500;ASH_COATED_OSMIUM;9900;12;9898;13;;;9906;19;9909;18;;;9903.0;0.0
av_SUGAR_d9;28500;INTARIAN_PEPPER_ROOT;11552;10;11550;15;;;11560;18;11563;20;;;11556.0;0.0
av_SUGAR_d9;28600;ASH_COATED_OSMIUM;9900;14;9898;27;;;9906;14;9909;23;;;9903.0;0.0
av_SUGAR_d9;28600;INTARIAN_PEPPER_ROOT;11548;23;11544;15;;;11559;19;11562;25;;;11553.5;0.0
av_SUGAR_d9;28700;ASH_COATED_OSMIUM;9896;16;9893;19;;;9910;18;9914;19;;;9903.0;0.0
av_SUGAR_d9;28700;INTARIAN_PEPPER_ROOT;11541;6;11537;9;;;11566;23;11569;21;;;11553.5;0.0
av_SUGAR_d9;28800;ASH_COATED_OSMIUM;9900;13;9898;21;;;9906;16;9908;31;;;9903.0;0.0
av_SUGAR_d9;28800;INTARIAN_PEPPER_ROOT;11548;16;11546;16;;;11554;16;11558;25;;;11551.0;0.0
av_SUGAR_d9;28900;ASH_COATED_OSMIUM;9893;12;9891;20;;;9913;15;9916;15;;;9903.0;0.0
av_SUGAR_d9;28900;INTARIAN_PEPPER_ROOT;11539;8;11535;16;;;11559;7;11563;18;;;11549.0;0.0
av_SUGAR_d9;29000;ASH_COATED_OSMIUM;9900;20;9897;16;;;9906;8;9908;19;;;9903.0;0.0
av_SUGAR_d9;29000;INTARIAN_PEPPER_ROOT;11540;11;11538;9;;;11554;18;11558;14;;;11547.0;0.0
av_SUGAR_d9;29100;ASH_COATED_OSMIUM;9900;15;9896;26;;;9906;22;9909;18;;;9903.0;0.0
av_SUGAR_d9;29100;INTARIAN_PEPPER_ROOT;11542;10;11539;22;;;11549;14;11551;17;;;11545.5;0.0
av_SUGAR_d9;29200;ASH_COATED_OSMIUM;9895;19;9893;17;;;9911;9;9913;26;;;9903.0;0.0
av_SUGAR_d9;29200;INTARIAN_PEPPER_ROOT;11540;15;11537;16;;;11550;15;11553;20;;;11545.0;0.0
av_SUGAR_d9;29300;ASH_COATED_OSMIUM;9899;13;9897;25;;;9906;7;9908;19;;;9902.5;0.0
av_SUGAR_d9;29300;INTARIAN_PEPPER_ROOT;11537;14;11535;22;;;11547;11;11551;17;;;11542.0;0.0
av_SUGAR_d9;29400;ASH_COATED_OSMIUM;9898;8;9896;24;;;9907;21;9910;16;;;9902.5;0.0
av_SUGAR_d9;29400;INTARIAN_PEPPER_ROOT;11530;10;11528;16;;;11551;11;11554;26;;;11540.5;0.0
av_SUGAR_d9;29500;ASH_COATED_OSMIUM;9899;14;9897;24;;;9905;12;9907;15;;;9902.0;0.0
av_SUGAR_d9;29500;INTARIAN_PEPPER_ROOT;11528;5;11526;23;;;11549;13;11552;19;;;11538.5;0.0
av_SUGAR_d9;29600;ASH_COATED_OSMIUM;9900;18;9898;22;;;9906;21;9908;19;;;9903.0;0.0
av_SUGAR_d9;29600;INTARIAN_PEPPER_ROOT;11534;12;11530;19;;;11540;14;11542;17;;;11537.0;0.0
av_SUGAR_d9;29700;ASH_COATED_OSMIUM;9900;15;9897;26;;;9906;23;9909;16;;;9903.0;0.0
av_SUGAR_d9;29700;INTARIAN_PEPPER_ROOT;11530;12;11527;19;;;11541;10;11545;18;;;11535.5;0.0
av_SUGAR_d9;29800;ASH_COATED_OSMIUM;9900;13;9897;19;;;9907;6;9909;11;;;9903.5;0.0
av_SUGAR_d9;29800;INTARIAN_PEPPER_ROOT;11529;14;11525;25;;;11540;18;11542;14;;;11534.5;0.0
av_SUGAR_d9;29900;ASH_COATED_OSMIUM;9899;10;9895;25;;;9907;21;9910;22;;;9903.0;0.0
av_SUGAR_d9;29900;INTARIAN_PEPPER_ROOT;11525;12;11521;27;;;11540;17;11544;20;;;11532.5;0.0
av_SUGAR_d9;30000;ASH_COATED_OSMIUM;9900;10;9896;21;;;9907;13;9910;31;;;9903.5;0.0
av_SUGAR_d9;30000;INTARIAN_PEPPER_ROOT;11528;24;11525;15;;;11534;24;11536;27;;;11531.0;0.0
av_SUGAR_d9;30100;ASH_COATED_OSMIUM;9891;21;9887;15;;;9916;13;9918;25;;;9903.5;0.0
av_SUGAR_d9;30100;INTARIAN_PEPPER_ROOT;11526;9;11523;24;;;11532;14;11535;20;;;11529.0;0.0
av_SUGAR_d9;30200;ASH_COATED_OSMIUM;9900;30;9898;22;;;9906;24;9909;20;;;9903.0;0.0
av_SUGAR_d9;30200;INTARIAN_PEPPER_ROOT;11522;20;11520;14;;;11532;24;11536;24;;;11527.0;0.0
av_SUGAR_d9;30300;ASH_COATED_OSMIUM;9900;26;9898;26;;;9906;18;9908;25;;;9903.0;0.0
av_SUGAR_d9;30300;INTARIAN_PEPPER_ROOT;11521;16;11517;18;;;11530;8;11534;13;;;11525.5;0.0
av_SUGAR_d9;30400;ASH_COATED_OSMIUM;9900;12;9897;21;;;9906;21;9908;31;;;9903.0;0.0
av_SUGAR_d9;30400;INTARIAN_PEPPER_ROOT;11519;12;11516;23;;;11529;13;11531;18;;;11524.0;0.0
av_SUGAR_d9;30500;ASH_COATED_OSMIUM;9900;14;9896;28;;;9906;13;9909;23;;;9903.0;0.0
av_SUGAR_d9;30500;INTARIAN_PEPPER_ROOT;11519;5;11517;19;;;11525;6;11528;29;;;11522.0;0.0
av_SUGAR_d9;30600;ASH_COATED_OSMIUM;9900;9;9897;20;;;9906;15;9910;18;;;9903.0;0.0
av_SUGAR_d9;30600;INTARIAN_PEPPER_ROOT;11518;6;11516;19;;;11524;16;11527;15;;;11521.0;0.0
av_SUGAR_d9;30700;ASH_COATED_OSMIUM;9901;19;9897;29;;;9907;8;9909;19;;;9904.0;0.0
av_SUGAR_d9;30700;INTARIAN_PEPPER_ROOT;11516;6;11514;26;;;11522;17;11526;14;;;11519.0;0.0
av_SUGAR_d9;30800;ASH_COATED_OSMIUM;9901;11;9898;27;;;9907;18;9911;19;;;9904.0;0.0
av_SUGAR_d9;30800;INTARIAN_PEPPER_ROOT;11500;11;11496;14;;;11535;5;11538;16;;;11517.5;0.0
av_SUGAR_d9;30900;ASH_COATED_OSMIUM;9898;15;9895;19;;;9908;23;9910;14;;;9903.0;0.0
av_SUGAR_d9;30900;INTARIAN_PEPPER_ROOT;11512;6;11510;11;;;11521;18;11525;21;;;11516.5;0.0
av_SUGAR_d9;31000;ASH_COATED_OSMIUM;9900;17;9898;21;;;9906;14;9908;17;;;9903.0;0.0
av_SUGAR_d9;31000;INTARIAN_PEPPER_ROOT;11510;21;11507;22;;;11518;16;11522;22;;;11514.0;0.0
av_SUGAR_d9;31100;ASH_COATED_OSMIUM;9901;17;9898;20;;;9907;10;9910;17;;;9904.0;0.0
av_SUGAR_d9;31100;INTARIAN_PEPPER_ROOT;11509;17;11507;21;;;11515;14;11518;21;;;11512.0;0.0
av_SUGAR_d9;31200;ASH_COATED_OSMIUM;9894;13;9890;25;;;9912;23;9915;27;;;9903.0;0.0
av_SUGAR_d9;31200;INTARIAN_PEPPER_ROOT;11507;10;11505;20;;;11515;11;11519;24;;;11511.0;0.0
av_SUGAR_d9;31300;ASH_COATED_OSMIUM;9901;11;9897;21;;;9907;27;9909;35;;;9904.0;0.0
av_SUGAR_d9;31300;INTARIAN_PEPPER_ROOT;11506;15;11503;21;;;11512;9;11514;16;;;11509.0;0.0
av_SUGAR_d9;31400;ASH_COATED_OSMIUM;9887;13;9883;24;;;9919;9;9922;16;;;9903.0;0.0
av_SUGAR_d9;31400;INTARIAN_PEPPER_ROOT;11504;30;11502;23;;;11510;13;11514;22;;;11507.0;0.0
av_SUGAR_d9;31500;ASH_COATED_OSMIUM;9901;5;9898;23;;;9907;13;9911;20;;;9904.0;0.0
av_SUGAR_d9;31500;INTARIAN_PEPPER_ROOT;11500;12;11498;24;;;11511;6;11515;21;;;11505.5;0.0
av_SUGAR_d9;31600;ASH_COATED_OSMIUM;9900;18;9896;24;;;9906;11;9908;15;;;9903.0;0.0
av_SUGAR_d9;31600;INTARIAN_PEPPER_ROOT;11500;6;11496;20;;;11507;22;11510;11;;;11503.5;0.0
av_SUGAR_d9;31700;ASH_COATED_OSMIUM;9900;17;9898;24;;;9906;18;9910;11;;;9903.0;0.0
av_SUGAR_d9;31700;INTARIAN_PEPPER_ROOT;11499;19;11495;22;;;11505;22;11508;8;;;11502.0;0.0
av_SUGAR_d9;31800;ASH_COATED_OSMIUM;9901;9;9897;15;;;9907;14;9910;9;;;9904.0;0.0
av_SUGAR_d9;31800;INTARIAN_PEPPER_ROOT;11494;11;11491;16;;;11509;10;11513;14;;;11501.5;0.0
av_SUGAR_d9;31900;ASH_COATED_OSMIUM;9901;17;9899;23;;;9907;11;9911;22;;;9904.0;0.0
av_SUGAR_d9;31900;INTARIAN_PEPPER_ROOT;11495;14;11491;17;;;11501;13;11503;11;;;11498.0;0.0
av_SUGAR_d9;32000;ASH_COATED_OSMIUM;9895;17;9892;22;;;9912;11;9915;20;;;9903.5;0.0
av_SUGAR_d9;32000;INTARIAN_PEPPER_ROOT;11492;19;11490;12;;;11502;20;11504;20;;;11497.0;0.0
av_SUGAR_d9;32100;ASH_COATED_OSMIUM;9901;11;9897;22;;;9907;17;9910;8;;;9904.0;0.0
av_SUGAR_d9;32100;INTARIAN_PEPPER_ROOT;11493;5;11491;16;;;11499;18;11501;16;;;11496.0;0.0
av_SUGAR_d9;32200;ASH_COATED_OSMIUM;9901;17;9897;17;;;9907;9;9910;14;;;9904.0;0.0
av_SUGAR_d9;32200;INTARIAN_PEPPER_ROOT;11491;20;11489;18;;;11497;17;11501;21;;;11494.0;0.0
av_SUGAR_d9;32300;ASH_COATED_OSMIUM;9901;15;9899;15;;;9907;15;9909;20;;;9904.0;0.0
av_SUGAR_d9;32300;INTARIAN_PEPPER_ROOT;11489;17;11487;22;;;11495;6;11497;20;;;11492.0;0.0
av_SUGAR_d9;32400;ASH_COATED_OSMIUM;9893;15;9890;22;;;9916;14;9920;20;;;9904.5;0.0
av_SUGAR_d9;32400;INTARIAN_PEPPER_ROOT;11488;11;11486;19;;;11494;13;11496;21;;;11491.0;0.0
av_SUGAR_d9;32500;ASH_COATED_OSMIUM;9897;17;9894;26;;;9911;10;9913;24;;;9904.0;0.0
av_SUGAR_d9;32500;INTARIAN_PEPPER_ROOT;11477;12;11475;13;;;11502;27;11504;24;;;11489.5;0.0
av_SUGAR_d9;32600;ASH_COATED_OSMIUM;9901;9;9899;24;;;9907;12;9910;22;;;9904.0;0.0
av_SUGAR_d9;32600;INTARIAN_PEPPER_ROOT;11484;13;11480;21;;;11490;15;11494;15;;;11487.0;0.0
av_SUGAR_d9;32700;ASH_COATED_OSMIUM;9888;13;9886;13;;;9918;14;9920;20;;;9903.0;0.0
av_SUGAR_d9;32700;INTARIAN_PEPPER_ROOT;11482;10;11478;30;;;11488;12;11490;20;;;11485.0;0.0
av_SUGAR_d9;32800;ASH_COATED_OSMIUM;9898;9;9896;20;;;9909;20;9911;17;;;9903.5;0.0
av_SUGAR_d9;32800;INTARIAN_PEPPER_ROOT;11480;15;11477;13;;;11487;11;11490;10;;;11483.5;0.0
av_SUGAR_d9;32900;ASH_COATED_OSMIUM;9885;21;9883;18;;;9921;22;9923;18;;;9903.0;0.0
av_SUGAR_d9;32900;INTARIAN_PEPPER_ROOT;11479;21;11477;19;;;11485;14;11489;14;;;11482.0;0.0
av_SUGAR_d9;33000;ASH_COATED_OSMIUM;9901;18;9898;19;;;9907;24;9910;30;;;9904.0;0.0
av_SUGAR_d9;33000;INTARIAN_PEPPER_ROOT;11477;10;11474;28;;;11483;25;11486;20;;;11480.0;0.0
av_SUGAR_d9;33100;ASH_COATED_OSMIUM;9901;14;9899;14;;;9907;17;9909;23;;;9904.0;0.0
av_SUGAR_d9;33100;INTARIAN_PEPPER_ROOT;11471;8;11467;23;;;11486;9;11488;24;;;11478.5;0.0
av_SUGAR_d9;33200;ASH_COATED_OSMIUM;9895;11;9893;23;;;9913;13;9916;16;;;9904.0;0.0
av_SUGAR_d9;33200;INTARIAN_PEPPER_ROOT;11474;20;11471;25;;;11481;11;11483;19;;;11477.5;0.0
av_SUGAR_d9;33300;ASH_COATED_OSMIUM;9901;10;9897;20;;;9907;28;9909;20;;;9904.0;0.0
av_SUGAR_d9;33300;INTARIAN_PEPPER_ROOT;11472;10;11468;25;;;11479;8;11481;14;;;11475.5;0.0
av_SUGAR_d9;33400;ASH_COATED_OSMIUM;9901;15;9899;19;;;9907;16;9911;24;;;9904.0;0.0
av_SUGAR_d9;33400;INTARIAN_PEPPER_ROOT;11471;12;11469;27;;;11477;21;11479;14;;;11474.0;0.0
av_SUGAR_d9;33500;ASH_COATED_OSMIUM;9901;9;9898;10;;;9907;19;9910;22;;;9904.0;0.0
av_SUGAR_d9;33500;INTARIAN_PEPPER_ROOT;11469;18;11467;25;;;11475;16;11477;17;;;11472.0;0.0
av_SUGAR_d9;33600;ASH_COATED_OSMIUM;9900;20;9898;12;;;9906;13;9909;18;;;9903.0;0.0
av_SUGAR_d9;33600;INTARIAN_PEPPER_ROOT;11468;21;11465;21;;;11474;18;11476;19;;;11471.0;0.0
av_SUGAR_d9;33700;ASH_COATED_OSMIUM;9902;10;9898;21;;;9908;7;9910;24;;;9905.0;0.0
av_SUGAR_d9;33700;INTARIAN_PEPPER_ROOT;11466;11;11462;25;;;11472;21;11476;17;;;11469.0;0.0
av_SUGAR_d9;33800;ASH_COATED_OSMIUM;9902;17;9898;22;;;9908;9;9910;20;;;9905.0;0.0
av_SUGAR_d9;33800;INTARIAN_PEPPER_ROOT;11463;8;11460;27;;;11472;19;11474;23;;;11467.5;0.0
av_SUGAR_d9;33900;ASH_COATED_OSMIUM;9899;13;9897;18;;;9909;16;9913;8;;;9904.0;0.0
av_SUGAR_d9;33900;INTARIAN_PEPPER_ROOT;11451;16;11449;18;;;11481;14;11485;21;;;11466.0;0.0
av_SUGAR_d9;34000;ASH_COATED_OSMIUM;9901;13;9899;23;;;9907;16;9911;15;;;9904.0;0.0
av_SUGAR_d9;34000;INTARIAN_PEPPER_ROOT;11462;15;11459;23;;;11468;15;11471;28;;;11465.0;0.0
av_SUGAR_d9;34100;ASH_COATED_OSMIUM;9901;20;9899;15;;;9908;12;9912;11;;;9904.5;0.0
av_SUGAR_d9;34100;INTARIAN_PEPPER_ROOT;11454;22;11451;20;;;11477;13;11481;26;;;11465.5;0.0
av_SUGAR_d9;34200;ASH_COATED_OSMIUM;9897;12;9894;24;;;9912;17;9915;19;;;9904.5;0.0
av_SUGAR_d9;34200;INTARIAN_PEPPER_ROOT;11462;16;11459;14;;;11468;21;11472;23;;;11465.0;0.0
av_SUGAR_d9;34300;ASH_COATED_OSMIUM;9901;13;9898;26;;;9908;16;9911;24;;;9904.5;0.0
av_SUGAR_d9;34300;INTARIAN_PEPPER_ROOT;11462;22;11458;17;;;11468;14;11472;14;;;11465.0;0.0
av_SUGAR_d9;34400;ASH_COATED_OSMIUM;9902;13;9900;12;;;9908;19;9912;13;;;9905.0;0.0
av_SUGAR_d9;34400;INTARIAN_PEPPER_ROOT;11462;11;11460;13;;;11468;15;11471;28;;;11465.0;0.0
av_SUGAR_d9;34500;ASH_COATED_OSMIUM;9902;13;9900;21;;;9908;14;9912;21;;;9905.0;0.0
av_SUGAR_d9;34500;INTARIAN_PEPPER_ROOT;11462;17;11458;24;;;11468;9;11470;25;;;11465.0;0.0
av_SUGAR_d9;34600;ASH_COATED_OSMIUM;9893;21;9891;28;;;9915;18;9917;24;;;9904.0;0.0
av_SUGAR_d9;34600;INTARIAN_PEPPER_ROOT;11462;12;11458;8;;;11468;14;11471;23;;;11465.0;0.0
av_SUGAR_d9;34700;ASH_COATED_OSMIUM;9891;21;9889;19;;;9918;14;9921;16;;;9904.5;0.0
av_SUGAR_d9;34700;INTARIAN_PEPPER_ROOT;11461;18;11458;20;;;11467;7;11469;19;;;11464.0;0.0
av_SUGAR_d9;34800;ASH_COATED_OSMIUM;9902;14;9899;17;;;9908;9;9912;15;;;9905.0;0.0
av_SUGAR_d9;34800;INTARIAN_PEPPER_ROOT;11460;13;11456;18;;;11468;13;11472;25;;;11464.0;0.0
av_SUGAR_d9;34900;ASH_COATED_OSMIUM;9901;5;9899;21;;;9908;5;9912;24;;;9904.5;0.0
av_SUGAR_d9;34900;INTARIAN_PEPPER_ROOT;11456;19;11452;18;;;11473;8;11476;27;;;11464.5;0.0
av_SUGAR_d9;35000;ASH_COATED_OSMIUM;9902;14;9898;27;;;9908;6;9910;8;;;9905.0;0.0
av_SUGAR_d9;35000;INTARIAN_PEPPER_ROOT;11461;13;11458;10;;;11467;12;11469;16;;;11464.0;0.0
av_SUGAR_d9;35100;ASH_COATED_OSMIUM;9902;6;9899;18;;;9908;13;9911;12;;;9905.0;0.0
av_SUGAR_d9;35100;INTARIAN_PEPPER_ROOT;11461;7;11457;21;;;11467;13;11470;14;;;11464.0;0.0
av_SUGAR_d9;35200;ASH_COATED_OSMIUM;9900;13;9896;22;;;9909;18;9912;14;;;9904.5;0.0
av_SUGAR_d9;35200;INTARIAN_PEPPER_ROOT;11461;21;11458;18;;;11469;17;11472;18;;;11465.0;0.0
av_SUGAR_d9;35300;ASH_COATED_OSMIUM;9902;11;9899;18;;;9908;17;9912;10;;;9905.0;0.0
av_SUGAR_d9;35300;INTARIAN_PEPPER_ROOT;11454;6;11450;21;;;11474;21;11477;22;;;11464.0;0.0
av_SUGAR_d9;35400;ASH_COATED_OSMIUM;9902;7;9899;19;;;9908;16;9912;10;;;9905.0;0.0
av_SUGAR_d9;35400;INTARIAN_PEPPER_ROOT;11461;8;11459;22;;;11467;23;11470;18;;;11464.0;0.0
av_SUGAR_d9;35500;ASH_COATED_OSMIUM;9901;6;9897;27;;;9907;14;9911;28;;;9904.0;0.0
av_SUGAR_d9;35500;INTARIAN_PEPPER_ROOT;11457;17;11455;20;;;11471;15;11474;14;;;11464.0;0.0
av_SUGAR_d9;35600;ASH_COATED_OSMIUM;9902;20;9898;25;;;9908;13;9911;12;;;9905.0;0.0
av_SUGAR_d9;35600;INTARIAN_PEPPER_ROOT;11461;22;11457;28;;;11467;9;11469;16;;;11464.0;0.0
av_SUGAR_d9;35700;ASH_COATED_OSMIUM;9901;15;9897;18;;;9907;9;9911;11;;;9904.0;0.0
av_SUGAR_d9;35700;INTARIAN_PEPPER_ROOT;11458;13;11455;12;;;11468;19;11470;21;;;11463.0;0.0
av_SUGAR_d9;35800;ASH_COATED_OSMIUM;9902;13;9898;18;;;9908;15;9912;21;;;9905.0;0.0
av_SUGAR_d9;35800;INTARIAN_PEPPER_ROOT;11461;15;11459;20;;;11467;25;11469;19;;;11464.0;0.0
av_SUGAR_d9;35900;ASH_COATED_OSMIUM;9902;22;9900;21;;;9908;21;9911;25;;;9905.0;0.0
av_SUGAR_d9;35900;INTARIAN_PEPPER_ROOT;11460;11;11458;15;;;11466;14;11470;22;;;11463.0;0.0
av_SUGAR_d9;36000;ASH_COATED_OSMIUM;9901;22;9898;23;;;9907;21;9911;13;;;9904.0;0.0
av_SUGAR_d9;36000;INTARIAN_PEPPER_ROOT;11451;7;11448;25;;;11475;7;11479;23;;;11463.0;0.0
av_SUGAR_d9;36100;ASH_COATED_OSMIUM;9902;6;9899;20;;;9908;14;9911;14;;;9905.0;0.0
av_SUGAR_d9;36100;INTARIAN_PEPPER_ROOT;11460;11;11458;20;;;11466;24;11468;23;;;11463.0;0.0
av_SUGAR_d9;36200;ASH_COATED_OSMIUM;9903;18;9899;18;;;9909;17;9911;25;;;9906.0;0.0
av_SUGAR_d9;36200;INTARIAN_PEPPER_ROOT;11460;15;11456;23;;;11467;19;11470;17;;;11463.5;0.0
av_SUGAR_d9;36300;ASH_COATED_OSMIUM;9898;16;9894;24;;;9912;22;9914;24;;;9905.0;0.0
av_SUGAR_d9;36300;INTARIAN_PEPPER_ROOT;11460;29;11458;17;;;11466;12;11469;23;;;11463.0;0.0
av_SUGAR_d9;36400;ASH_COATED_OSMIUM;9902;12;9898;17;;;9908;18;9911;15;;;9905.0;0.0
av_SUGAR_d9;36400;INTARIAN_PEPPER_ROOT;11460;13;11456;11;;;11466;13;11469;21;;;11463.0;0.0
av_SUGAR_d9;36500;ASH_COATED_OSMIUM;9902;11;9898;17;;;9908;26;9910;19;;;9905.0;0.0
av_SUGAR_d9;36500;INTARIAN_PEPPER_ROOT;11456;11;11453;15;;;11470;20;11473;16;;;11463.0;0.0
av_SUGAR_d9;36600;ASH_COATED_OSMIUM;9902;15;9898;25;;;9908;11;9912;16;;;9905.0;0.0
av_SUGAR_d9;36600;INTARIAN_PEPPER_ROOT;11460;19;11457;16;;;11466;12;11468;23;;;11463.0;0.0
av_SUGAR_d9;36700;ASH_COATED_OSMIUM;9903;16;9901;26;;;9909;9;9913;18;;;9906.0;0.0
av_SUGAR_d9;36700;INTARIAN_PEPPER_ROOT;11459;13;11457;25;;;11467;19;11469;13;;;11463.0;0.0
av_SUGAR_d9;36800;ASH_COATED_OSMIUM;9903;11;9899;14;;;9909;8;9912;18;;;9906.0;0.0
av_SUGAR_d9;36800;INTARIAN_PEPPER_ROOT;11456;21;11454;19;;;11470;15;11474;27;;;11463.0;0.0
av_SUGAR_d9;36900;ASH_COATED_OSMIUM;9903;11;9899;16;;;9909;19;9913;30;;;9906.0;0.0
av_SUGAR_d9;36900;INTARIAN_PEPPER_ROOT;11460;16;11457;8;;;11466;15;11470;13;;;11463.0;0.0
av_SUGAR_d9;37000;ASH_COATED_OSMIUM;9902;12;9900;27;;;9908;13;9910;28;;;9905.0;0.0
av_SUGAR_d9;37000;INTARIAN_PEPPER_ROOT;11456;14;11453;27;;;11470;11;11473;24;;;11463.0;0.0
av_SUGAR_d9;37100;ASH_COATED_OSMIUM;9903;12;9900;16;;;9909;8;9911;33;;;9906.0;0.0
av_SUGAR_d9;37100;INTARIAN_PEPPER_ROOT;11453;22;11450;21;;;11472;18;11474;12;;;11462.5;0.0
av_SUGAR_d9;37200;ASH_COATED_OSMIUM;9902;11;9898;21;;;9908;22;9912;13;;;9905.0;0.0
av_SUGAR_d9;37200;INTARIAN_PEPPER_ROOT;11459;11;11457;18;;;11465;29;11467;23;;;11462.0;0.0
av_SUGAR_d9;37300;ASH_COATED_OSMIUM;9901;19;9898;25;;;9909;12;9911;22;;;9905.0;0.0
av_SUGAR_d9;37300;INTARIAN_PEPPER_ROOT;11456;5;11453;16;;;11468;25;11470;15;;;11462.0;0.0
av_SUGAR_d9;37400;ASH_COATED_OSMIUM;9901;13;9898;20;;;9910;16;9913;25;;;9905.5;0.0
av_SUGAR_d9;37400;INTARIAN_PEPPER_ROOT;11456;23;11453;27;;;11467;22;11469;25;;;11461.5;0.0
av_SUGAR_d9;37500;ASH_COATED_OSMIUM;9903;9;9900;27;;;9909;17;9911;17;;;9906.0;0.0
av_SUGAR_d9;37500;INTARIAN_PEPPER_ROOT;11459;8;11455;24;;;11465;14;11468;15;;;11462.0;0.0
av_SUGAR_d9;37600;ASH_COATED_OSMIUM;9898;29;9896;23;;;9913;12;9915;17;;;9905.5;0.0
av_SUGAR_d9;37600;INTARIAN_PEPPER_ROOT;11458;13;11456;23;;;11464;12;11466;16;;;11461.0;0.0
av_SUGAR_d9;37700;ASH_COATED_OSMIUM;9903;13;9900;19;;;9909;18;9911;9;;;9906.0;0.0
av_SUGAR_d9;37700;INTARIAN_PEPPER_ROOT;11458;17;11455;18;;;11465;18;11468;20;;;11461.5;0.0
av_SUGAR_d9;37800;ASH_COATED_OSMIUM;9902;19;9898;20;;;9910;13;9912;18;;;9906.0;0.0
av_SUGAR_d9;37800;INTARIAN_PEPPER_ROOT;11459;13;11455;19;;;11465;18;11469;19;;;11462.0;0.0
av_SUGAR_d9;37900;ASH_COATED_OSMIUM;9901;22;9898;23;;;9910;6;9913;12;;;9905.5;0.0
av_SUGAR_d9;37900;INTARIAN_PEPPER_ROOT;11459;12;11456;20;;;11465;9;11467;10;;;11462.0;0.0
av_SUGAR_d9;38000;ASH_COATED_OSMIUM;9895;23;9891;21;;;9915;12;9919;24;;;9905.0;0.0
av_SUGAR_d9;38000;INTARIAN_PEPPER_ROOT;11458;22;11455;15;;;11465;20;11468;21;;;11461.5;0.0
av_SUGAR_d9;38100;ASH_COATED_OSMIUM;9903;5;9900;18;;;9909;12;9913;17;;;9906.0;0.0
av_SUGAR_d9;38100;INTARIAN_PEPPER_ROOT;11458;18;11456;14;;;11466;5;11469;21;;;11462.0;0.0
av_SUGAR_d9;38200;ASH_COATED_OSMIUM;9903;12;9900;11;;;9909;23;9911;18;;;9906.0;0.0
av_SUGAR_d9;38200;INTARIAN_PEPPER_ROOT;11456;12;11454;21;;;11467;21;11471;15;;;11461.5;0.0
av_SUGAR_d9;38300;ASH_COATED_OSMIUM;9903;19;9901;25;;;9909;14;9912;23;;;9906.0;0.0
av_SUGAR_d9;38300;INTARIAN_PEPPER_ROOT;11456;17;11454;25;;;11467;11;11471;21;;;11461.5;0.0
av_SUGAR_d9;38400;ASH_COATED_OSMIUM;9903;12;9899;16;;;9909;24;9913;17;;;9906.0;0.0
av_SUGAR_d9;38400;INTARIAN_PEPPER_ROOT;11458;15;11455;10;;;11464;17;11466;29;;;11461.0;0.0
av_SUGAR_d9;38500;ASH_COATED_OSMIUM;9903;8;9901;13;;;9909;13;9912;28;;;9906.0;0.0
av_SUGAR_d9;38500;INTARIAN_PEPPER_ROOT;11457;20;11453;17;;;11465;9;11467;11;;;11461.0;0.0
av_SUGAR_d9;38600;ASH_COATED_OSMIUM;9903;16;9901;17;;;9909;21;9913;22;;;9906.0;0.0
av_SUGAR_d9;38600;INTARIAN_PEPPER_ROOT;11447;23;11444;27;;;11475;19;11478;16;;;11461.0;0.0
av_SUGAR_d9;38700;ASH_COATED_OSMIUM;9904;15;9901;20;;;9910;13;9914;28;;;9907.0;0.0
av_SUGAR_d9;38700;INTARIAN_PEPPER_ROOT;11458;19;11456;20;;;11464;18;11466;21;;;11461.0;0.0
av_SUGAR_d9;38800;ASH_COATED_OSMIUM;9904;14;9902;28;;;9910;17;9912;13;;;9907.0;0.0
av_SUGAR_d9;38800;INTARIAN_PEPPER_ROOT;11456;14;11452;19;;;11465;17;11469;20;;;11460.5;0.0
av_SUGAR_d9;38900;ASH_COATED_OSMIUM;9903;13;9901;24;;;9909;17;9912;18;;;9906.0;0.0
av_SUGAR_d9;38900;INTARIAN_PEPPER_ROOT;11458;20;11454;18;;;11464;16;11467;16;;;11461.0;0.0
av_SUGAR_d9;39000;ASH_COATED_OSMIUM;9903;9;9899;20;;;9910;17;9912;17;;;9906.5;0.0
av_SUGAR_d9;39000;INTARIAN_PEPPER_ROOT;11458;9;11456;21;;;11464;16;11466;17;;;11461.0;0.0
av_SUGAR_d9;39100;ASH_COATED_OSMIUM;9895;12;9891;18;;;9918;9;9921;27;;;9906.5;0.0
av_SUGAR_d9;39100;INTARIAN_PEPPER_ROOT;11457;16;11455;20;;;11464;16;11466;22;;;11460.5;0.0
av_SUGAR_d9;39200;ASH_COATED_OSMIUM;9903;21;9899;17;;;9909;13;9911;14;;;9906.0;0.0
av_SUGAR_d9;39200;INTARIAN_PEPPER_ROOT;11458;16;11454;21;;;11464;12;11468;27;;;11461.0;0.0
av_SUGAR_d9;39300;ASH_COATED_OSMIUM;9903;18;9899;17;;;9909;20;9913;14;;;9906.0;0.0
av_SUGAR_d9;39300;INTARIAN_PEPPER_ROOT;11452;15;11449;18;;;11468;13;11470;17;;;11460.0;0.0
av_SUGAR_d9;39400;ASH_COATED_OSMIUM;9903;13;9901;28;;;9909;8;9912;13;;;9906.0;0.0
av_SUGAR_d9;39400;INTARIAN_PEPPER_ROOT;11457;13;11455;21;;;11463;27;11466;20;;;11460.0;0.0
av_SUGAR_d9;39500;ASH_COATED_OSMIUM;9904;20;9901;13;;;9910;22;9913;13;;;9907.0;0.0
av_SUGAR_d9;39500;INTARIAN_PEPPER_ROOT;11452;17;11449;25;;;11469;11;11472;18;;;11460.5;0.0
av_SUGAR_d9;39600;ASH_COATED_OSMIUM;9904;18;9901;21;;;9910;13;9912;21;;;9907.0;0.0
av_SUGAR_d9;39600;INTARIAN_PEPPER_ROOT;11457;16;11454;22;;;11463;19;11465;26;;;11460.0;0.0
av_SUGAR_d9;39700;ASH_COATED_OSMIUM;9898;17;9894;21;;;9914;20;9918;17;;;9906.0;0.0
av_SUGAR_d9;39700;INTARIAN_PEPPER_ROOT;11452;12;11450;20;;;11468;8;11470;25;;;11460.0;0.0
av_SUGAR_d9;39800;ASH_COATED_OSMIUM;9904;10;9902;19;;;9910;5;9914;20;;;9907.0;0.0
av_SUGAR_d9;39800;INTARIAN_PEPPER_ROOT;11457;15;11453;17;;;11463;20;11466;19;;;11460.0;0.0
av_SUGAR_d9;39900;ASH_COATED_OSMIUM;9904;17;9900;20;;;9910;12;9912;13;;;9907.0;0.0
av_SUGAR_d9;39900;INTARIAN_PEPPER_ROOT;11455;12;11451;15;;;11463;13;11465;22;;;11459.0;0.0
av_SUGAR_d9;40000;ASH_COATED_OSMIUM;9904;17;9900;28;;;9910;11;9912;23;;;9907.0;0.0
av_SUGAR_d9;40000;INTARIAN_PEPPER_ROOT;11457;10;11453;17;;;11463;11;11465;27;;;11460.0;0.0
av_SUGAR_d9;40100;ASH_COATED_OSMIUM;9882;13;9880;15;;;9932;15;9935;12;;;9907.0;0.0
av_SUGAR_d9;40100;INTARIAN_PEPPER_ROOT;11457;6;11455;23;;;11463;14;11466;15;;;11460.0;0.0
av_SUGAR_d9;40200;ASH_COATED_OSMIUM;9904;16;9900;23;;;9910;16;9912;15;;;9907.0;0.0
av_SUGAR_d9;40200;INTARIAN_PEPPER_ROOT;11456;16;11454;10;;;11464;13;11466;20;;;11460.0;0.0
av_SUGAR_d9;40300;ASH_COATED_OSMIUM;9904;16;9902;20;;;9910;15;9913;20;;;9907.0;0.0
av_SUGAR_d9;40300;INTARIAN_PEPPER_ROOT;11456;15;11453;16;;;11462;7;11465;19;;;11459.0;0.0
av_SUGAR_d9;40400;ASH_COATED_OSMIUM;9904;12;9900;24;;;9910;13;9912;20;;;9907.0;0.0
av_SUGAR_d9;40400;INTARIAN_PEPPER_ROOT;11456;16;11452;22;;;11462;14;11466;13;;;11459.0;0.0
av_SUGAR_d9;40500;ASH_COATED_OSMIUM;9897;8;9895;27;;;9916;15;9920;15;;;9906.5;0.0
av_SUGAR_d9;40500;INTARIAN_PEPPER_ROOT;11456;18;11452;13;;;11462;19;11465;12;;;11459.0;0.0
av_SUGAR_d9;40600;ASH_COATED_OSMIUM;9903;20;9899;24;;;9909;20;9911;15;;;9906.0;0.0
av_SUGAR_d9;40600;INTARIAN_PEPPER_ROOT;11453;13;11450;19;;;11464;7;11467;21;;;11458.5;0.0
av_SUGAR_d9;40700;ASH_COATED_OSMIUM;9904;22;9900;17;;;9910;11;9914;24;;;9907.0;0.0
av_SUGAR_d9;40700;INTARIAN_PEPPER_ROOT;11456;17;11452;20;;;11462;20;11465;21;;;11459.0;0.0
av_SUGAR_d9;40800;ASH_COATED_OSMIUM;9899;15;9895;21;;;9915;9;9918;21;;;9907.0;0.0
av_SUGAR_d9;40800;INTARIAN_PEPPER_ROOT;11449;15;11445;22;;;11468;12;11470;23;;;11458.5;0.0
av_SUGAR_d9;40900;ASH_COATED_OSMIUM;9902;17;9899;11;;;9912;20;9915;26;;;9907.0;0.0
av_SUGAR_d9;40900;INTARIAN_PEPPER_ROOT;11455;16;11453;23;;;11462;14;11465;21;;;11458.5;0.0
av_SUGAR_d9;41000;ASH_COATED_OSMIUM;9904;10;9902;17;;;9910;16;9913;22;;;9907.0;0.0
av_SUGAR_d9;41000;INTARIAN_PEPPER_ROOT;11456;13;11453;20;;;11462;8;11465;16;;;11459.0;0.0
av_SUGAR_d9;41100;ASH_COATED_OSMIUM;9904;14;9900;21;;;9910;6;9913;27;;;9907.0;0.0
av_SUGAR_d9;41100;INTARIAN_PEPPER_ROOT;11455;14;11452;18;;;11461;17;11464;21;;;11458.0;0.0
av_SUGAR_d9;41200;ASH_COATED_OSMIUM;9903;10;9901;28;;;9912;8;9916;28;;;9907.5;0.0
av_SUGAR_d9;41200;INTARIAN_PEPPER_ROOT;11455;16;11453;13;;;11461;19;11465;22;;;11458.0;0.0
av_SUGAR_d9;41300;ASH_COATED_OSMIUM;9903;5;9901;10;;;9913;20;9915;14;;;9908.0;0.0
av_SUGAR_d9;41300;INTARIAN_PEPPER_ROOT;11447;15;11445;8;;;11469;19;11473;14;;;11458.0;0.0
av_SUGAR_d9;41400;ASH_COATED_OSMIUM;9904;22;9900;18;;;9910;14;9913;14;;;9907.0;0.0
av_SUGAR_d9;41400;INTARIAN_PEPPER_ROOT;11446;13;11444;29;;;11470;12;11472;18;;;11458.0;0.0
av_SUGAR_d9;41500;ASH_COATED_OSMIUM;9904;18;9900;11;;;9910;18;9913;21;;;9907.0;0.0
av_SUGAR_d9;41500;INTARIAN_PEPPER_ROOT;11447;7;11444;21;;;11469;28;11471;18;;;11458.0;0.0
av_SUGAR_d9;41600;ASH_COATED_OSMIUM;9904;21;9900;23;;;9910;13;9912;10;;;9907.0;0.0
av_SUGAR_d9;41600;INTARIAN_PEPPER_ROOT;11455;16;11453;28;;;11462;9;11466;14;;;11458.5;0.0
av_SUGAR_d9;41700;ASH_COATED_OSMIUM;9905;16;9902;18;;;9911;11;9915;14;;;9908.0;0.0
av_SUGAR_d9;41700;INTARIAN_PEPPER_ROOT;11455;19;11453;13;;;11461;14;11464;14;;;11458.0;0.0
av_SUGAR_d9;41800;ASH_COATED_OSMIUM;9898;11;9896;30;;;9917;16;9919;17;;;9907.5;0.0
av_SUGAR_d9;41800;INTARIAN_PEPPER_ROOT;11455;21;11452;18;;;11461;13;11463;17;;;11458.0;0.0
av_SUGAR_d9;41900;ASH_COATED_OSMIUM;9898;12;9895;18;;;9918;12;9921;27;;;9908.0;0.0
av_SUGAR_d9;41900;INTARIAN_PEPPER_ROOT;11455;17;11452;25;;;11461;17;11463;21;;;11458.0;0.0
av_SUGAR_d9;42000;ASH_COATED_OSMIUM;9904;25;9901;25;;;9910;13;9912;19;;;9907.0;0.0
av_SUGAR_d9;42000;INTARIAN_PEPPER_ROOT;11445;11;11443;18;;;11469;20;11471;26;;;11457.0;0.0
av_SUGAR_d9;42100;ASH_COATED_OSMIUM;9904;27;9902;22;;;9911;14;9914;19;;;9907.5;0.0
av_SUGAR_d9;42100;INTARIAN_PEPPER_ROOT;11450;16;11447;21;;;11466;12;11470;21;;;11458.0;0.0
av_SUGAR_d9;42200;ASH_COATED_OSMIUM;9905;6;9903;27;;;9911;19;9915;10;;;9908.0;0.0
av_SUGAR_d9;42200;INTARIAN_PEPPER_ROOT;11448;16;11446;27;;;11468;7;11470;24;;;11458.0;0.0
av_SUGAR_d9;42300;ASH_COATED_OSMIUM;9904;13;9901;13;;;9910;14;9913;15;;;9907.0;0.0
av_SUGAR_d9;42300;INTARIAN_PEPPER_ROOT;11454;6;11450;13;;;11460;11;11462;21;;;11457.0;0.0
av_SUGAR_d9;42400;ASH_COATED_OSMIUM;9905;15;9901;22;;;9911;22;9915;29;;;9908.0;0.0
av_SUGAR_d9;42400;INTARIAN_PEPPER_ROOT;11452;17;11449;21;;;11462;5;11466;8;;;11457.0;0.0
av_SUGAR_d9;42500;ASH_COATED_OSMIUM;9905;19;9901;17;;;9911;9;9914;19;;;9908.0;0.0
av_SUGAR_d9;42500;INTARIAN_PEPPER_ROOT;11454;23;11452;23;;;11460;22;11462;20;;;11457.0;0.0
av_SUGAR_d9;42600;ASH_COATED_OSMIUM;9905;16;9902;17;;;9911;20;9914;19;;;9908.0;0.0
av_SUGAR_d9;42600;INTARIAN_PEPPER_ROOT;11452;18;11449;26;;;11461;14;11465;16;;;11456.5;0.0
av_SUGAR_d9;42700;ASH_COATED_OSMIUM;9905;7;9902;23;;;9911;16;9913;13;;;9908.0;0.0
av_SUGAR_d9;42700;INTARIAN_PEPPER_ROOT;11454;16;11450;30;;;11460;10;11462;13;;;11457.0;0.0
av_SUGAR_d9;42800;ASH_COATED_OSMIUM;9901;7;9898;18;;;9915;13;9919;18;;;9908.0;0.0
av_SUGAR_d9;42800;INTARIAN_PEPPER_ROOT;11454;13;11451;27;;;11460;11;11464;18;;;11457.0;0.0
av_SUGAR_d9;42900;ASH_COATED_OSMIUM;9904;23;9901;15;;;9911;12;9913;24;;;9907.5;0.0
av_SUGAR_d9;42900;INTARIAN_PEPPER_ROOT;11454;10;11450;15;;;11460;12;11462;18;;;11457.0;0.0
av_SUGAR_d9;43000;ASH_COATED_OSMIUM;9905;16;9901;21;;;9911;22;9913;17;;;9908.0;0.0
av_SUGAR_d9;43000;INTARIAN_PEPPER_ROOT;11454;22;11451;17;;;11460;18;11463;18;;;11457.0;0.0
av_SUGAR_d9;43100;ASH_COATED_OSMIUM;9902;9;9899;24;;;9914;16;9918;19;;;9908.0;0.0
av_SUGAR_d9;43100;INTARIAN_PEPPER_ROOT;11453;15;11451;23;;;11459;25;11463;19;;;11456.0;0.0
av_SUGAR_d9;43200;ASH_COATED_OSMIUM;9905;22;9901;9;;;9911;14;9913;22;;;9908.0;0.0
av_SUGAR_d9;43200;INTARIAN_PEPPER_ROOT;11453;5;11450;17;;;11459;20;11463;16;;;11456.0;0.0
av_SUGAR_d9;43300;ASH_COATED_OSMIUM;9905;9;9902;19;;;9911;16;9915;14;;;9908.0;0.0
av_SUGAR_d9;43300;INTARIAN_PEPPER_ROOT;11453;17;11449;17;;;11459;10;11462;22;;;11456.0;0.0
av_SUGAR_d9;43400;ASH_COATED_OSMIUM;9903;7;9900;19;;;9913;10;9915;8;;;9908.0;0.0
av_SUGAR_d9;43400;INTARIAN_PEPPER_ROOT;11452;20;11449;19;;;11461;5;11465;13;;;11456.5;0.0
av_SUGAR_d9;43500;ASH_COATED_OSMIUM;9904;17;9902;19;;;9912;10;9914;18;;;9908.0;0.0
av_SUGAR_d9;43500;INTARIAN_PEPPER_ROOT;11453;17;11451;17;;;11459;15;11462;19;;;11456.0;0.0
av_SUGAR_d9;43600;ASH_COATED_OSMIUM;9905;18;9903;22;;;9911;18;9913;17;;;9908.0;0.0
av_SUGAR_d9;43600;INTARIAN_PEPPER_ROOT;11453;18;11451;15;;;11460;9;11462;20;;;11456.5;0.0
av_SUGAR_d9;43700;ASH_COATED_OSMIUM;9905;12;9903;18;;;9911;12;9914;14;;;9908.0;0.0
av_SUGAR_d9;43700;INTARIAN_PEPPER_ROOT;11453;21;11450;10;;;11459;5;11462;25;;;11456.0;0.0
av_SUGAR_d9;43800;ASH_COATED_OSMIUM;9892;17;9889;13;;;9924;12;9926;8;;;9908.0;0.0
av_SUGAR_d9;43800;INTARIAN_PEPPER_ROOT;11453;20;11451;16;;;11460;18;11462;22;;;11456.5;0.0
av_SUGAR_d9;43900;ASH_COATED_OSMIUM;9905;11;9901;13;;;9911;17;9913;22;;;9908.0;0.0
av_SUGAR_d9;43900;INTARIAN_PEPPER_ROOT;11453;18;11449;19;;;11459;15;11461;21;;;11456.0;0.0
av_SUGAR_d9;44000;ASH_COATED_OSMIUM;9905;20;9903;21;;;9911;11;9914;20;;;9908.0;0.0
av_SUGAR_d9;44000;INTARIAN_PEPPER_ROOT;11453;10;11450;20;;;11459;14;11461;25;;;11456.0;0.0
av_SUGAR_d9;44100;ASH_COATED_OSMIUM;9905;10;9901;14;;;9911;13;9915;13;;;9908.0;0.0
av_SUGAR_d9;44100;INTARIAN_PEPPER_ROOT;11452;13;11450;24;;;11458;17;11462;15;;;11455.0;0.0
av_SUGAR_d9;44200;ASH_COATED_OSMIUM;9905;13;9901;18;;;9911;19;9914;28;;;9908.0;0.0
av_SUGAR_d9;44200;INTARIAN_PEPPER_ROOT;11452;12;11449;17;;;11460;15;11464;18;;;11456.0;0.0
av_SUGAR_d9;44300;ASH_COATED_OSMIUM;9905;11;9903;21;;;9911;10;9915;22;;;9908.0;0.0
av_SUGAR_d9;44300;INTARIAN_PEPPER_ROOT;11452;14;11448;30;;;11458;20;11461;20;;;11455.0;0.0
av_SUGAR_d9;44400;ASH_COATED_OSMIUM;9899;7;9896;19;;;9918;11;9920;17;;;9908.5;0.0
av_SUGAR_d9;44400;INTARIAN_PEPPER_ROOT;11441;17;11437;27;;;11469;17;11473;19;;;11455.0;0.0
av_SUGAR_d9;44500;ASH_COATED_OSMIUM;9886;6;9883;20;;;9931;20;9935;24;;;9908.5;0.0
av_SUGAR_d9;44500;INTARIAN_PEPPER_ROOT;11453;11;11450;15;;;11459;17;11462;10;;;11456.0;0.0
av_SUGAR_d9;44600;ASH_COATED_OSMIUM;9905;15;9901;14;;;9911;17;9913;29;;;9908.0;0.0
av_SUGAR_d9;44600;INTARIAN_PEPPER_ROOT;11451;17;11449;15;;;11459;14;11461;24;;;11455.0;0.0
av_SUGAR_d9;44700;ASH_COATED_OSMIUM;9906;12;9902;12;;;9912;7;9915;20;;;9909.0;0.0
av_SUGAR_d9;44700;INTARIAN_PEPPER_ROOT;11452;22;11449;28;;;11458;18;11461;26;;;11455.0;0.0
av_SUGAR_d9;44800;ASH_COATED_OSMIUM;9905;15;9902;28;;;9911;5;9915;24;;;9908.0;0.0
av_SUGAR_d9;44800;INTARIAN_PEPPER_ROOT;11452;21;11449;24;;;11458;8;11461;15;;;11455.0;0.0
av_SUGAR_d9;44900;ASH_COATED_OSMIUM;9906;11;9902;16;;;9912;17;9914;18;;;9909.0;0.0
av_SUGAR_d9;44900;INTARIAN_PEPPER_ROOT;11452;12;11449;18;;;11458;16;11460;18;;;11455.0;0.0
av_SUGAR_d9;45000;ASH_COATED_OSMIUM;9906;18;9904;17;;;9912;21;9914;21;;;9909.0;0.0
av_SUGAR_d9;45000;INTARIAN_PEPPER_ROOT;11451;16;11447;24;;;11459;15;11462;15;;;11455.0;0.0
av_SUGAR_d9;45100;ASH_COATED_OSMIUM;9905;8;9902;19;;;9911;20;9913;13;;;9908.0;0.0
av_SUGAR_d9;45100;INTARIAN_PEPPER_ROOT;11452;22;11448;24;;;11458;16;11461;17;;;11455.0;0.0
av_SUGAR_d9;45200;ASH_COATED_OSMIUM;9905;15;9902;23;;;9911;18;9914;11;;;9908.0;0.0
av_SUGAR_d9;45200;INTARIAN_PEPPER_ROOT;11452;14;11448;13;;;11458;9;11462;11;;;11455.0;0.0
av_SUGAR_d9;45300;ASH_COATED_OSMIUM;9903;9;9901;29;;;9915;23;9917;16;;;9909.0;0.0
av_SUGAR_d9;45300;INTARIAN_PEPPER_ROOT;11451;14;11449;23;;;11457;13;11459;17;;;11454.0;0.0
av_SUGAR_d9;45400;ASH_COATED_OSMIUM;9906;17;9902;29;;;9912;19;9915;22;;;9909.0;0.0
av_SUGAR_d9;45400;INTARIAN_PEPPER_ROOT;11450;12;11447;8;;;11460;13;11464;21;;;11455.0;0.0
av_SUGAR_d9;45500;ASH_COATED_OSMIUM;9906;19;9903;17;;;9912;14;9915;17;;;9909.0;0.0
av_SUGAR_d9;45500;INTARIAN_PEPPER_ROOT;11445;20;11442;20;;;11463;10;11467;19;;;11454.0;0.0
av_SUGAR_d9;45600;ASH_COATED_OSMIUM;9903;28;9900;20;;;9914;19;9917;21;;;9908.5;0.0
av_SUGAR_d9;45600;INTARIAN_PEPPER_ROOT;11452;20;11448;23;;;11458;11;11460;20;;;11455.0;0.0
av_SUGAR_d9;45700;ASH_COATED_OSMIUM;9902;13;9898;15;;;9916;19;9920;17;;;9909.0;0.0
av_SUGAR_d9;45700;INTARIAN_PEPPER_ROOT;11449;13;11447;23;;;11459;14;11463;25;;;11454.0;0.0
av_SUGAR_d9;45800;ASH_COATED_OSMIUM;9902;17;9899;20;;;9915;26;9918;22;;;9908.5;0.0
av_SUGAR_d9;45800;INTARIAN_PEPPER_ROOT;11451;14;11447;16;;;11457;18;11459;25;;;11454.0;0.0
av_SUGAR_d9;45900;ASH_COATED_OSMIUM;9906;24;9903;13;;;9912;11;9915;24;;;9909.0;0.0
av_SUGAR_d9;45900;INTARIAN_PEPPER_ROOT;11449;20;11447;12;;;11460;18;11463;13;;;11454.5;0.0
av_SUGAR_d9;46000;ASH_COATED_OSMIUM;9902;14;9899;10;;;9916;14;9919;17;;;9909.0;0.0
av_SUGAR_d9;46000;INTARIAN_PEPPER_ROOT;11450;14;11447;13;;;11456;9;11458;18;;;11453.0;0.0
av_SUGAR_d9;46100;ASH_COATED_OSMIUM;9906;6;9904;23;;;9912;16;9914;34;;;9909.0;0.0
av_SUGAR_d9;46100;INTARIAN_PEPPER_ROOT;11444;10;11442;26;;;11463;20;11466;21;;;11453.5;0.0
av_SUGAR_d9;46200;ASH_COATED_OSMIUM;9900;11;9897;14;;;9918;5;9921;19;;;9909.0;0.0
av_SUGAR_d9;46200;INTARIAN_PEPPER_ROOT;11439;17;11437;24;;;11467;19;11469;16;;;11453.0;0.0
av_SUGAR_d9;46300;ASH_COATED_OSMIUM;9906;10;9903;14;;;9912;16;9916;20;;;9909.0;0.0
av_SUGAR_d9;46300;INTARIAN_PEPPER_ROOT;11447;18;11445;25;;;11460;16;11462;23;;;11453.5;0.0
av_SUGAR_d9;46400;ASH_COATED_OSMIUM;9906;13;9904;8;;;9913;17;9916;25;;;9909.5;0.0
av_SUGAR_d9;46400;INTARIAN_PEPPER_ROOT;11447;18;11445;14;;;11460;18;11464;16;;;11453.5;0.0
av_SUGAR_d9;46500;ASH_COATED_OSMIUM;9903;17;9901;13;;;9915;17;9919;23;;;9909.0;0.0
av_SUGAR_d9;46500;INTARIAN_PEPPER_ROOT;11450;15;11446;26;;;11456;11;11460;13;;;11453.0;0.0
av_SUGAR_d9;46600;ASH_COATED_OSMIUM;9906;19;9903;13;;;9912;11;9914;16;;;9909.0;0.0
av_SUGAR_d9;46600;INTARIAN_PEPPER_ROOT;11450;20;11448;18;;;11456;9;11459;30;;;11453.0;0.0
av_SUGAR_d9;46700;ASH_COATED_OSMIUM;9907;14;9904;9;;;9913;11;9917;16;;;9910.0;0.0
av_SUGAR_d9;46700;INTARIAN_PEPPER_ROOT;11450;14;11448;19;;;11457;15;11461;24;;;11453.5;0.0
av_SUGAR_d9;46800;ASH_COATED_OSMIUM;9906;16;9903;19;;;9912;12;9916;23;;;9909.0;0.0
av_SUGAR_d9;46800;INTARIAN_PEPPER_ROOT;11447;14;11443;23;;;11459;18;11462;11;;;11453.0;0.0
av_SUGAR_d9;46900;ASH_COATED_OSMIUM;9905;15;9902;27;;;9914;12;9916;28;;;9909.5;0.0
av_SUGAR_d9;46900;INTARIAN_PEPPER_ROOT;11450;13;11446;24;;;11456;9;11460;27;;;11453.0;0.0
av_SUGAR_d9;47000;ASH_COATED_OSMIUM;9902;9;9898;23;;;9917;21;9919;20;;;9909.5;0.0
av_SUGAR_d9;47000;INTARIAN_PEPPER_ROOT;11450;15;11446;24;;;11456;11;11460;26;;;11453.0;0.0
av_SUGAR_d9;47100;ASH_COATED_OSMIUM;9907;17;9903;16;;;9913;11;9915;22;;;9910.0;0.0
av_SUGAR_d9;47100;INTARIAN_PEPPER_ROOT;11450;18;11446;25;;;11456;8;11459;19;;;11453.0;0.0
av_SUGAR_d9;47200;ASH_COATED_OSMIUM;9907;27;9904;25;;;9913;10;9915;22;;;9910.0;0.0
av_SUGAR_d9;47200;INTARIAN_PEPPER_ROOT;11450;9;11447;17;;;11456;16;11460;24;;;11453.0;0.0
av_SUGAR_d9;47300;ASH_COATED_OSMIUM;9907;13;9905;24;;;9913;21;9916;17;;;9910.0;0.0
av_SUGAR_d9;47300;INTARIAN_PEPPER_ROOT;11449;17;11447;21;;;11455;16;11457;26;;;11452.0;0.0
av_SUGAR_d9;47400;ASH_COATED_OSMIUM;9906;10;9903;27;;;9912;12;9916;15;;;9909.0;0.0
av_SUGAR_d9;47400;INTARIAN_PEPPER_ROOT;11450;8;11446;29;;;11456;18;11458;17;;;11453.0;0.0
av_SUGAR_d9;47500;ASH_COATED_OSMIUM;9907;19;9905;23;;;9913;11;9915;15;;;9910.0;0.0
av_SUGAR_d9;47500;INTARIAN_PEPPER_ROOT;11449;11;11445;24;;;11455;14;11459;13;;;11452.0;0.0
av_SUGAR_d9;47600;ASH_COATED_OSMIUM;9902;5;9898;16;;;9917;15;9919;30;;;9909.5;0.0
av_SUGAR_d9;47600;INTARIAN_PEPPER_ROOT;11449;5;11445;12;;;11455;14;11458;19;;;11452.0;0.0
av_SUGAR_d9;47700;ASH_COATED_OSMIUM;9907;10;9905;18;;;9913;16;9917;13;;;9910.0;0.0
av_SUGAR_d9;47700;INTARIAN_PEPPER_ROOT;11449;12;11446;10;;;11455;14;11457;19;;;11452.0;0.0
av_SUGAR_d9;47800;ASH_COATED_OSMIUM;9903;12;9900;20;;;9917;11;9919;13;;;9910.0;0.0
av_SUGAR_d9;47800;INTARIAN_PEPPER_ROOT;11449;14;11447;26;;;11455;15;11458;27;;;11452.0;0.0
av_SUGAR_d9;47900;ASH_COATED_OSMIUM;9904;22;9902;20;;;9917;23;9919;12;;;9910.5;0.0
av_SUGAR_d9;47900;INTARIAN_PEPPER_ROOT;11449;20;11447;15;;;11455;17;11458;20;;;11452.0;0.0
av_SUGAR_d9;48000;ASH_COATED_OSMIUM;9907;18;9903;20;;;9913;9;9916;27;;;9910.0;0.0
av_SUGAR_d9;48000;INTARIAN_PEPPER_ROOT;11449;18;11447;15;;;11455;8;11459;16;;;11452.0;0.0
av_SUGAR_d9;48100;ASH_COATED_OSMIUM;9898;14;9895;24;;;9923;18;9927;18;;;9910.5;0.0
av_SUGAR_d9;48100;INTARIAN_PEPPER_ROOT;11449;7;11447;14;;;11455;13;11457;9;;;11452.0;0.0
av_SUGAR_d9;48200;ASH_COATED_OSMIUM;9906;22;9902;18;;;9912;18;9916;16;;;9909.0;0.0
av_SUGAR_d9;48200;INTARIAN_PEPPER_ROOT;11443;13;11441;17;;;11460;20;11464;27;;;11451.5;0.0
av_SUGAR_d9;48300;ASH_COATED_OSMIUM;9907;9;9904;17;;;9913;13;9917;15;;;9910.0;0.0
av_SUGAR_d9;48300;INTARIAN_PEPPER_ROOT;11446;16;11444;14;;;11458;24;11462;14;;;11452.0;0.0
av_SUGAR_d9;48400;ASH_COATED_OSMIUM;9900;13;9896;24;;;9920;13;9922;15;;;9910.0;0.0
av_SUGAR_d9;48400;INTARIAN_PEPPER_ROOT;11448;8;11445;27;;;11454;8;11458;14;;;11451.0;0.0
av_SUGAR_d9;48500;ASH_COATED_OSMIUM;9905;16;9901;24;;;9916;8;9920;11;;;9910.5;0.0
av_SUGAR_d9;48500;INTARIAN_PEPPER_ROOT;11444;13;11440;31;;;11459;13;11461;13;;;11451.5;0.0
av_SUGAR_d9;48600;ASH_COATED_OSMIUM;9907;13;9904;14;;;9913;21;9917;12;;;9910.0;0.0
av_SUGAR_d9;48600;INTARIAN_PEPPER_ROOT;11444;5;11440;23;;;11459;17;11461;14;;;11451.5;0.0
av_SUGAR_d9;48700;ASH_COATED_OSMIUM;9908;22;9905;24;;;9914;21;9917;14;;;9911.0;0.0
av_SUGAR_d9;48700;INTARIAN_PEPPER_ROOT;11445;24;11441;21;;;11457;9;11459;15;;;11451.0;0.0
av_SUGAR_d9;48800;ASH_COATED_OSMIUM;9892;20;9890;28;;;9927;15;9930;22;;;9909.5;0.0
av_SUGAR_d9;48800;INTARIAN_PEPPER_ROOT;11436;21;11432;15;;;11466;13;11469;21;;;11451.0;0.0
av_SUGAR_d9;48900;ASH_COATED_OSMIUM;9903;5;9900;23;;;9918;22;9921;21;;;9910.5;0.0
av_SUGAR_d9;48900;INTARIAN_PEPPER_ROOT;11449;21;11447;30;;;11455;13;11457;21;;;11452.0;0.0
av_SUGAR_d9;49000;ASH_COATED_OSMIUM;9907;6;9904;17;;;9914;6;9916;18;;;9910.5;0.0
av_SUGAR_d9;49000;INTARIAN_PEPPER_ROOT;11447;17;11445;18;;;11454;17;11456;13;;;11450.5;0.0
av_SUGAR_d9;49100;ASH_COATED_OSMIUM;9907;20;9904;11;;;9915;6;9919;21;;;9911.0;0.0
av_SUGAR_d9;49100;INTARIAN_PEPPER_ROOT;11448;13;11445;14;;;11454;15;11456;25;;;11451.0;0.0
av_SUGAR_d9;49200;ASH_COATED_OSMIUM;9907;13;9904;10;;;9913;18;9915;18;;;9910.0;0.0
av_SUGAR_d9;49200;INTARIAN_PEPPER_ROOT;11448;26;11444;16;;;11454;13;11457;11;;;11451.0;0.0
av_SUGAR_d9;49300;ASH_COATED_OSMIUM;9907;11;9903;25;;;9913;8;9916;18;;;9910.0;0.0
av_SUGAR_d9;49300;INTARIAN_PEPPER_ROOT;11448;9;11444;14;;;11454;14;11457;23;;;11451.0;0.0
av_SUGAR_d9;49400;ASH_COATED_OSMIUM;9905;23;9902;24;;;9916;5;9918;22;;;9910.5;0.0
av_SUGAR_d9;49400;INTARIAN_PEPPER_ROOT;11447;9;11444;16;;;11453;16;11456;25;;;11450.0;0.0
av_SUGAR_d9;49500;ASH_COATED_OSMIUM;9905;19;9901;30;;;9917;12;9919;21;;;9911.0;0.0
av_SUGAR_d9;49500;INTARIAN_PEPPER_ROOT;11447;11;11445;11;;;11454;12;11456;21;;;11450.5;0.0
av_SUGAR_d9;49600;ASH_COATED_OSMIUM;9907;20;9905;21;;;9913;23;9915;14;;;9910.0;0.0
av_SUGAR_d9;49600;INTARIAN_PEPPER_ROOT;11438;16;11434;15;;;11463;12;11465;20;;;11450.5;0.0
av_SUGAR_d9;49700;ASH_COATED_OSMIUM;9907;8;9903;24;;;9914;19;9917;17;;;9910.5;0.0
av_SUGAR_d9;49700;INTARIAN_PEPPER_ROOT;11447;8;11443;18;;;11453;12;11456;19;;;11450.0;0.0
av_SUGAR_d9;49800;ASH_COATED_OSMIUM;9899;17;9897;28;;;9922;13;9924;14;;;9910.5;0.0
av_SUGAR_d9;49800;INTARIAN_PEPPER_ROOT;11447;25;11443;9;;;11453;18;11456;22;;;11450.0;0.0
av_SUGAR_d9;49900;ASH_COATED_OSMIUM;9907;11;9905;20;;;9913;14;9915;14;;;9910.0;0.0
av_SUGAR_d9;49900;INTARIAN_PEPPER_ROOT;11447;20;11443;20;;;11453;7;11457;15;;;11450.0;0.0
av_SUGAR_d9;50000;ASH_COATED_OSMIUM;9907;13;9903;16;;;9914;10;9918;16;;;9910.5;0.0
av_SUGAR_d9;50000;INTARIAN_PEPPER_ROOT;11447;19;11444;19;;;11453;8;11457;19;;;11450.0;0.0
av_SUGAR_d9;50100;ASH_COATED_OSMIUM;9898;13;9896;16;;;9923;16;9927;29;;;9910.5;0.0
av_SUGAR_d9;50100;INTARIAN_PEPPER_ROOT;11446;7;11442;16;;;11452;12;11455;14;;;11449.0;0.0
av_SUGAR_d9;50200;ASH_COATED_OSMIUM;9907;10;9904;18;;;9913;9;9916;17;;;9910.0;0.0
av_SUGAR_d9;50200;INTARIAN_PEPPER_ROOT;11447;10;11443;8;;;11453;24;11455;18;;;11450.0;0.0
av_SUGAR_d9;50300;ASH_COATED_OSMIUM;9902;7;9899;23;;;9919;14;9921;24;;;9910.5;0.0
av_SUGAR_d9;50300;INTARIAN_PEPPER_ROOT;11447;17;11444;17;;;11453;17;11457;12;;;11450.0;0.0
av_SUGAR_d9;50400;ASH_COATED_OSMIUM;9907;12;9905;20;;;9913;18;9917;23;;;9910.0;0.0
av_SUGAR_d9;50400;INTARIAN_PEPPER_ROOT;11447;5;11444;14;;;11453;12;11456;19;;;11450.0;0.0
av_SUGAR_d9;50500;ASH_COATED_OSMIUM;9906;9;9903;15;;;9914;10;9918;19;;;9910.0;0.0
av_SUGAR_d9;50500;INTARIAN_PEPPER_ROOT;11446;10;11444;25;;;11452;13;11456;27;;;11449.0;0.0
av_SUGAR_d9;50600;ASH_COATED_OSMIUM;9907;26;9904;20;;;9914;30;9916;18;;;9910.5;0.0
av_SUGAR_d9;50600;INTARIAN_PEPPER_ROOT;11446;18;11442;24;;;11452;12;11454;26;;;11449.0;0.0
av_SUGAR_d9;50700;ASH_COATED_OSMIUM;9908;18;9906;19;;;9914;15;9916;17;;;9911.0;0.0
av_SUGAR_d9;50700;INTARIAN_PEPPER_ROOT;11446;7;11444;25;;;11452;14;11454;21;;;11449.0;0.0
av_SUGAR_d9;50800;ASH_COATED_OSMIUM;9908;7;9905;17;;;9914;13;9916;24;;;9911.0;0.0
av_SUGAR_d9;50800;INTARIAN_PEPPER_ROOT;11446;9;11442;14;;;11452;15;11455;9;;;11449.0;0.0
av_SUGAR_d9;50900;ASH_COATED_OSMIUM;9908;18;9904;17;;;9914;14;9918;18;;;9911.0;0.0
av_SUGAR_d9;50900;INTARIAN_PEPPER_ROOT;11443;16;11440;18;;;11454;9;11458;19;;;11448.5;0.0
av_SUGAR_d9;51000;ASH_COATED_OSMIUM;9908;20;9906;9;;;9914;12;9917;16;;;9911.0;0.0
av_SUGAR_d9;51000;INTARIAN_PEPPER_ROOT;11445;18;11442;24;;;11451;15;11455;19;;;11448.0;0.0
av_SUGAR_d9;51100;ASH_COATED_OSMIUM;9896;5;9893;21;;;9926;19;9930;29;;;9911.0;0.0
av_SUGAR_d9;51100;INTARIAN_PEPPER_ROOT;11444;23;11440;18;;;11450;13;11454;24;;;11447.0;0.0
av_SUGAR_d9;51200;ASH_COATED_OSMIUM;9909;11;9906;18;;;9915;15;9919;14;;;9912.0;0.0
av_SUGAR_d9;51200;INTARIAN_PEPPER_ROOT;11434;13;11430;16;;;11458;14;11462;25;;;11446.0;0.0
av_SUGAR_d9;51300;ASH_COATED_OSMIUM;9909;7;9906;23;;;9915;12;9918;27;;;9912.0;0.0
av_SUGAR_d9;51300;INTARIAN_PEPPER_ROOT;11442;17;11438;23;;;11448;5;11451;19;;;11445.0;0.0
av_SUGAR_d9;51400;ASH_COATED_OSMIUM;9908;14;9904;19;;;9914;14;9917;25;;;9911.0;0.0
av_SUGAR_d9;51400;INTARIAN_PEPPER_ROOT;11441;13;11437;22;;;11447;18;11451;20;;;11444.0;0.0
av_SUGAR_d9;51500;ASH_COATED_OSMIUM;9908;7;9905;18;;;9914;9;9918;23;;;9911.0;0.0
av_SUGAR_d9;51500;INTARIAN_PEPPER_ROOT;11440;24;11437;16;;;11446;17;11448;16;;;11443.0;0.0
av_SUGAR_d9;51600;ASH_COATED_OSMIUM;9905;18;9903;29;;;9919;15;9923;20;;;9912.0;0.0
av_SUGAR_d9;51600;INTARIAN_PEPPER_ROOT;11440;10;11438;17;;;11446;13;11448;21;;;11443.0;0.0
av_SUGAR_d9;51700;ASH_COATED_OSMIUM;9906;17;9904;22;;;9918;14;9922;31;;;9912.0;0.0
av_SUGAR_d9;51700;INTARIAN_PEPPER_ROOT;11438;24;11434;21;;;11447;21;11449;24;;;11442.5;0.0
av_SUGAR_d9;51800;ASH_COATED_OSMIUM;9901;11;9899;19;;;9924;12;9928;28;;;9912.5;0.0
av_SUGAR_d9;51800;INTARIAN_PEPPER_ROOT;11438;14;11434;23;;;11444;24;11447;23;;;11441.0;0.0
av_SUGAR_d9;51900;ASH_COATED_OSMIUM;9909;13;9905;17;;;9915;8;9918;13;;;9912.0;0.0
av_SUGAR_d9;51900;INTARIAN_PEPPER_ROOT;11437;19;11433;11;;;11443;13;11445;26;;;11440.0;0.0
av_SUGAR_d9;52000;ASH_COATED_OSMIUM;9909;11;9905;22;;;9915;16;9917;15;;;9912.0;0.0
av_SUGAR_d9;52000;INTARIAN_PEPPER_ROOT;11437;16;11435;21;;;11443;14;11446;20;;;11440.0;0.0
av_SUGAR_d9;52100;ASH_COATED_OSMIUM;9899;9;9895;15;;;9925;13;9928;24;;;9912.0;0.0
av_SUGAR_d9;52100;INTARIAN_PEPPER_ROOT;11435;30;11432;19;;;11441;20;11445;10;;;11438.0;0.0
av_SUGAR_d9;52200;ASH_COATED_OSMIUM;9909;12;9907;17;;;9915;13;9917;23;;;9912.0;0.0
av_SUGAR_d9;52200;INTARIAN_PEPPER_ROOT;11434;17;11431;27;;;11440;21;11444;11;;;11437.0;0.0
av_SUGAR_d9;52300;ASH_COATED_OSMIUM;9910;13;9908;19;;;9916;11;9919;10;;;9913.0;0.0
av_SUGAR_d9;52300;INTARIAN_PEPPER_ROOT;11433;14;11429;14;;;11439;7;11442;17;;;11436.0;0.0
av_SUGAR_d9;52400;ASH_COATED_OSMIUM;9908;8;9906;27;;;9916;17;9918;21;;;9912.0;0.0
av_SUGAR_d9;52400;INTARIAN_PEPPER_ROOT;11433;6;11430;18;;;11439;18;11442;18;;;11436.0;0.0
av_SUGAR_d9;52500;ASH_COATED_OSMIUM;9908;12;9904;21;;;9918;13;9920;23;;;9913.0;0.0
av_SUGAR_d9;52500;INTARIAN_PEPPER_ROOT;11432;15;11428;20;;;11438;17;11440;27;;;11435.0;0.0
av_SUGAR_d9;52600;ASH_COATED_OSMIUM;9909;14;9907;23;;;9918;12;9921;18;;;9913.5;0.0
av_SUGAR_d9;52600;INTARIAN_PEPPER_ROOT;11431;18;11428;19;;;11437;22;11441;24;;;11434.0;0.0
av_SUGAR_d9;52700;ASH_COATED_OSMIUM;9894;13;9890;24;;;9933;16;9935;24;;;9913.5;0.0
av_SUGAR_d9;52700;INTARIAN_PEPPER_ROOT;11431;5;11427;16;;;11437;13;11439;24;;;11434.0;0.0
av_SUGAR_d9;52800;ASH_COATED_OSMIUM;9910;18;9907;22;;;9916;7;9920;26;;;9913.0;0.0
av_SUGAR_d9;52800;INTARIAN_PEPPER_ROOT;11430;18;11428;19;;;11436;17;11438;19;;;11433.0;0.0
av_SUGAR_d9;52900;ASH_COATED_OSMIUM;9910;8;9907;23;;;9917;11;9921;10;;;9913.5;0.0
av_SUGAR_d9;52900;INTARIAN_PEPPER_ROOT;11428;12;11425;22;;;11434;10;11436;16;;;11431.0;0.0
av_SUGAR_d9;53000;ASH_COATED_OSMIUM;9910;9;9906;30;;;9916;17;9918;15;;;9913.0;0.0
av_SUGAR_d9;53000;INTARIAN_PEPPER_ROOT;11424;19;11422;24;;;11439;10;11442;16;;;11431.5;0.0
av_SUGAR_d9;53100;ASH_COATED_OSMIUM;9909;5;9906;16;;;9917;21;9919;16;;;9913.0;0.0
av_SUGAR_d9;53100;INTARIAN_PEPPER_ROOT;11427;18;11424;14;;;11433;7;11436;22;;;11430.0;0.0
av_SUGAR_d9;53200;ASH_COATED_OSMIUM;9909;14;9906;17;;;9919;15;9923;22;;;9914.0;0.0
av_SUGAR_d9;53200;INTARIAN_PEPPER_ROOT;11426;10;11424;22;;;11432;18;11436;27;;;11429.0;0.0
av_SUGAR_d9;53300;ASH_COATED_OSMIUM;9911;10;9909;23;;;9917;16;9919;14;;;9914.0;0.0
av_SUGAR_d9;53300;INTARIAN_PEPPER_ROOT;11413;12;11411;20;;;11443;5;11446;21;;;11428.0;0.0
av_SUGAR_d9;53400;ASH_COATED_OSMIUM;9911;17;9907;21;;;9917;14;9919;31;;;9914.0;0.0
av_SUGAR_d9;53400;INTARIAN_PEPPER_ROOT;11425;12;11422;21;;;11431;22;11434;21;;;11428.0;0.0
av_SUGAR_d9;53500;ASH_COATED_OSMIUM;9903;19;9900;22;;;9924;12;9928;17;;;9913.5;0.0
av_SUGAR_d9;53500;INTARIAN_PEPPER_ROOT;11418;10;11415;11;;;11436;15;11440;25;;;11427.0;0.0
av_SUGAR_d9;53600;ASH_COATED_OSMIUM;9907;16;9905;17;;;9921;8;9925;16;;;9914.0;0.0
av_SUGAR_d9;53600;INTARIAN_PEPPER_ROOT;11415;14;11413;21;;;11435;16;11439;20;;;11425.0;0.0
av_SUGAR_d9;53700;ASH_COATED_OSMIUM;9909;14;9907;32;;;9920;7;9922;9;;;9914.5;0.0
av_SUGAR_d9;53700;INTARIAN_PEPPER_ROOT;11422;16;11420;24;;;11428;13;11430;16;;;11425.0;0.0
av_SUGAR_d9;53800;ASH_COATED_OSMIUM;9909;13;9906;18;;;9919;21;9921;25;;;9914.0;0.0
av_SUGAR_d9;53800;INTARIAN_PEPPER_ROOT;11421;23;11417;16;;;11427;12;11431;22;;;11424.0;0.0
av_SUGAR_d9;53900;ASH_COATED_OSMIUM;9911;15;9908;19;;;9917;20;9920;22;;;9914.0;0.0
av_SUGAR_d9;53900;INTARIAN_PEPPER_ROOT;11420;8;11416;21;;;11426;8;11428;8;;;11423.0;0.0
av_SUGAR_d9;54000;ASH_COATED_OSMIUM;9911;19;9907;8;;;9917;18;9920;18;;;9914.0;0.0
av_SUGAR_d9;54000;INTARIAN_PEPPER_ROOT;11419;12;11417;17;;;11425;18;11427;12;;;11422.0;0.0
av_SUGAR_d9;54100;ASH_COATED_OSMIUM;9911;18;9909;18;;;9918;15;9920;23;;;9914.5;0.0
av_SUGAR_d9;54100;INTARIAN_PEPPER_ROOT;11417;22;11413;25;;;11425;7;11427;23;;;11421.0;0.0
av_SUGAR_d9;54200;ASH_COATED_OSMIUM;9912;11;9908;16;;;9918;16;9921;26;;;9915.0;0.0
av_SUGAR_d9;54200;INTARIAN_PEPPER_ROOT;11417;10;11413;15;;;11423;17;11425;15;;;11420.0;0.0
av_SUGAR_d9;54300;ASH_COATED_OSMIUM;9911;19;9909;25;;;9918;14;9922;19;;;9914.5;0.0
av_SUGAR_d9;54300;INTARIAN_PEPPER_ROOT;11416;21;11412;17;;;11424;10;11427;24;;;11420.0;0.0
av_SUGAR_d9;54400;ASH_COATED_OSMIUM;9912;18;9909;20;;;9918;12;9920;22;;;9915.0;0.0
av_SUGAR_d9;54400;INTARIAN_PEPPER_ROOT;11413;16;11410;22;;;11424;14;11428;24;;;11418.5;0.0
av_SUGAR_d9;54500;ASH_COATED_OSMIUM;9912;10;9908;27;;;9918;6;9920;14;;;9915.0;0.0
av_SUGAR_d9;54500;INTARIAN_PEPPER_ROOT;11415;17;11412;18;;;11422;17;11424;15;;;11418.5;0.0
av_SUGAR_d9;54600;ASH_COATED_OSMIUM;9912;14;9909;21;;;9918;14;9921;15;;;9915.0;0.0
av_SUGAR_d9;54600;INTARIAN_PEPPER_ROOT;11414;21;11410;23;;;11420;12;11424;19;;;11417.0;0.0
av_SUGAR_d9;54700;ASH_COATED_OSMIUM;9912;17;9909;15;;;9918;18;9920;29;;;9915.0;0.0
av_SUGAR_d9;54700;INTARIAN_PEPPER_ROOT;11414;19;11411;16;;;11420;16;11424;20;;;11417.0;0.0
av_SUGAR_d9;54800;ASH_COATED_OSMIUM;9912;11;9909;11;;;9918;9;9921;12;;;9915.0;0.0
av_SUGAR_d9;54800;INTARIAN_PEPPER_ROOT;11412;20;11408;16;;;11420;11;11424;22;;;11416.0;0.0
av_SUGAR_d9;54900;ASH_COATED_OSMIUM;9913;19;9909;17;;;9919;19;9922;20;;;9916.0;0.0
av_SUGAR_d9;54900;INTARIAN_PEPPER_ROOT;11411;8;11409;26;;;11417;17;11420;24;;;11414.0;0.0
av_SUGAR_d9;55000;ASH_COATED_OSMIUM;9901;18;9899;22;;;9929;7;9932;20;;;9915.0;0.0
av_SUGAR_d9;55000;INTARIAN_PEPPER_ROOT;11411;12;11407;11;;;11417;20;11420;16;;;11414.0;0.0
av_SUGAR_d9;55100;ASH_COATED_OSMIUM;9913;20;9910;15;;;9919;8;9922;15;;;9916.0;0.0
av_SUGAR_d9;55100;INTARIAN_PEPPER_ROOT;11402;15;11399;25;;;11424;14;11426;28;;;11413.0;0.0
av_SUGAR_d9;55200;ASH_COATED_OSMIUM;9913;8;9910;23;;;9919;15;9921;25;;;9916.0;0.0
av_SUGAR_d9;55200;INTARIAN_PEPPER_ROOT;11409;6;11406;26;;;11415;18;11418;18;;;11412.0;0.0
av_SUGAR_d9;55300;ASH_COATED_OSMIUM;9913;13;9910;15;;;9919;15;9921;20;;;9916.0;0.0
av_SUGAR_d9;55300;INTARIAN_PEPPER_ROOT;11409;11;11407;19;;;11415;7;11419;24;;;11412.0;0.0
av_SUGAR_d9;55400;ASH_COATED_OSMIUM;9913;21;9911;19;;;9919;19;9922;22;;;9916.0;0.0
av_SUGAR_d9;55400;INTARIAN_PEPPER_ROOT;11407;19;11403;26;;;11413;16;11416;22;;;11410.0;0.0
av_SUGAR_d9;55500;ASH_COATED_OSMIUM;9910;13;9908;12;;;9921;12;9925;22;;;9915.5;0.0
av_SUGAR_d9;55500;INTARIAN_PEPPER_ROOT;11405;13;11402;23;;;11415;5;11417;13;;;11410.0;0.0
av_SUGAR_d9;55600;ASH_COATED_OSMIUM;9907;21;9905;27;;;9924;8;9927;26;;;9915.5;0.0
av_SUGAR_d9;55600;INTARIAN_PEPPER_ROOT;11405;18;11401;20;;;11411;20;11414;19;;;11408.0;0.0
av_SUGAR_d9;55700;ASH_COATED_OSMIUM;9913;11;9909;22;;;9919;10;9923;24;;;9916.0;0.0
av_SUGAR_d9;55700;INTARIAN_PEPPER_ROOT;11405;18;11402;18;;;11411;11;11415;22;;;11408.0;0.0
av_SUGAR_d9;55800;ASH_COATED_OSMIUM;9914;17;9910;19;;;9920;8;9923;17;;;9917.0;0.0
av_SUGAR_d9;55800;INTARIAN_PEPPER_ROOT;11404;15;11402;28;;;11410;11;11413;18;;;11407.0;0.0
av_SUGAR_d9;55900;ASH_COATED_OSMIUM;9913;17;9910;15;;;9919;23;9923;16;;;9916.0;0.0
av_SUGAR_d9;55900;INTARIAN_PEPPER_ROOT;11402;11;11399;24;;;11410;12;11413;21;;;11406.0;0.0
av_SUGAR_d9;56000;ASH_COATED_OSMIUM;9913;18;9910;15;;;9920;13;9923;20;;;9916.5;0.0
av_SUGAR_d9;56000;INTARIAN_PEPPER_ROOT;11402;8;11399;22;;;11408;18;11411;9;;;11405.0;0.0
av_SUGAR_d9;56100;ASH_COATED_OSMIUM;9914;14;9912;27;;;9920;14;9923;16;;;9917.0;0.0
av_SUGAR_d9;56100;INTARIAN_PEPPER_ROOT;11401;22;11398;21;;;11407;16;11409;14;;;11404.0;0.0
av_SUGAR_d9;56200;ASH_COATED_OSMIUM;9914;15;9910;31;;;9920;17;9923;19;;;9917.0;0.0
av_SUGAR_d9;56200;INTARIAN_PEPPER_ROOT;11401;13;11398;22;;;11407;18;11409;18;;;11404.0;0.0
av_SUGAR_d9;56300;ASH_COATED_OSMIUM;9914;19;9912;18;;;9920;21;9922;17;;;9917.0;0.0
av_SUGAR_d9;56300;INTARIAN_PEPPER_ROOT;11400;7;11398;15;;;11406;19;11409;21;;;11403.0;0.0
av_SUGAR_d9;56400;ASH_COATED_OSMIUM;9914;21;9911;15;;;9920;21;9923;24;;;9917.0;0.0
av_SUGAR_d9;56400;INTARIAN_PEPPER_ROOT;11399;16;11395;26;;;11405;6;11407;20;;;11402.0;0.0
av_SUGAR_d9;56500;ASH_COATED_OSMIUM;9914;14;9911;21;;;9920;20;9923;12;;;9917.0;0.0
av_SUGAR_d9;56500;INTARIAN_PEPPER_ROOT;11398;12;11396;14;;;11404;21;11408;19;;;11401.0;0.0
av_SUGAR_d9;56600;ASH_COATED_OSMIUM;9914;11;9910;21;;;9920;10;9922;11;;;9917.0;0.0
av_SUGAR_d9;56600;INTARIAN_PEPPER_ROOT;11396;6;11393;18;;;11404;5;11408;12;;;11400.0;0.0
av_SUGAR_d9;56700;ASH_COATED_OSMIUM;9914;18;9912;26;;;9920;15;9922;18;;;9917.0;0.0
av_SUGAR_d9;56700;INTARIAN_PEPPER_ROOT;11397;24;11395;25;;;11403;11;11406;19;;;11400.0;0.0
av_SUGAR_d9;56800;ASH_COATED_OSMIUM;9915;14;9911;23;;;9921;11;9925;19;;;9918.0;0.0
av_SUGAR_d9;56800;INTARIAN_PEPPER_ROOT;11391;11;11387;21;;;11406;23;11410;17;;;11398.5;0.0
av_SUGAR_d9;56900;ASH_COATED_OSMIUM;9915;8;9912;26;;;9921;11;9923;20;;;9918.0;0.0
av_SUGAR_d9;56900;INTARIAN_PEPPER_ROOT;11394;15;11392;11;;;11403;18;11405;21;;;11398.5;0.0
av_SUGAR_d9;57000;ASH_COATED_OSMIUM;9914;15;9910;14;;;9923;14;9926;15;;;9918.5;0.0
av_SUGAR_d9;57000;INTARIAN_PEPPER_ROOT;11387;17;11384;21;;;11405;19;11408;21;;;11396.0;0.0
av_SUGAR_d9;57100;ASH_COATED_OSMIUM;9915;16;9911;23;;;9921;5;9925;23;;;9918.0;0.0
av_SUGAR_d9;57100;INTARIAN_PEPPER_ROOT;11393;13;11391;24;;;11399;12;11401;15;;;11396.0;0.0
av_SUGAR_d9;57200;ASH_COATED_OSMIUM;9915;18;9911;24;;;9921;13;9923;31;;;9918.0;0.0
av_SUGAR_d9;57200;INTARIAN_PEPPER_ROOT;11393;18;11390;19;;;11399;13;11402;8;;;11396.0;0.0
av_SUGAR_d9;57300;ASH_COATED_OSMIUM;9909;11;9907;15;;;9928;20;9931;17;;;9918.5;0.0
av_SUGAR_d9;57300;INTARIAN_PEPPER_ROOT;11385;10;11382;15;;;11403;17;11406;19;;;11394.0;0.0
av_SUGAR_d9;57400;ASH_COATED_OSMIUM;9915;25;9913;19;;;9921;10;9924;24;;;9918.0;0.0
av_SUGAR_d9;57400;INTARIAN_PEPPER_ROOT;11389;14;11386;18;;;11398;18;11401;18;;;11393.5;0.0
av_SUGAR_d9;57500;ASH_COATED_OSMIUM;9915;21;9911;20;;;9921;19;9923;24;;;9918.0;0.0
av_SUGAR_d9;57500;INTARIAN_PEPPER_ROOT;11389;18;11387;24;;;11396;13;11398;21;;;11392.5;0.0
av_SUGAR_d9;57600;ASH_COATED_OSMIUM;9916;20;9912;30;;;9922;23;9925;16;;;9919.0;0.0
av_SUGAR_d9;57600;INTARIAN_PEPPER_ROOT;11386;17;11384;19;;;11399;14;11402;32;;;11392.5;0.0
