day;timestamp;product;bid_price_1;bid_volume_1;bid_price_2;bid_volume_2;bid_price_3;bid_volume_3;ask_price_1;ask_volume_1;ask_price_2;ask_volume_2;ask_price_3;ask_volume_3;mid_price;profit_and_loss
yf_ZC=F_d11;0;ASH_COATED_OSMIUM;9913;8;9909;24;;;9919;19;9923;13;;;9916.0;0.0
yf_ZC=F_d11;0;INTARIAN_PEPPER_ROOT;10536;11;10532;22;;;10542;21;10545;9;;;10539.0;0.0
yf_ZC=F_d11;100;ASH_COATED_OSMIUM;9911;14;9907;33;;;9922;18;9924;11;;;9916.5;0.0
yf_ZC=F_d11;100;INTARIAN_PEPPER_ROOT;10533;11;10530;25;;;10547;10;10550;13;;;10540.0;0.0
yf_ZC=F_d11;200;ASH_COATED_OSMIUM;9899;18;9897;22;;;9934;5;9936;19;;;9916.5;0.0
yf_ZC=F_d11;200;INTARIAN_PEPPER_ROOT;10538;17;10535;32;;;10544;18;10546;22;;;10541.0;0.0
yf_ZC=F_d11;300;ASH_COATED_OSMIUM;9913;24;9910;20;;;9919;17;9922;19;;;9916.0;0.0
yf_ZC=F_d11;300;INTARIAN_PEPPER_ROOT;10528;13;10525;14;;;10555;18;10557;17;;;10541.5;0.0
yf_ZC=F_d11;400;ASH_COATED_OSMIUM;9902;17;9898;19;;;9931;14;9935;21;;;9916.5;0.0
yf_ZC=F_d11;400;INTARIAN_PEPPER_ROOT;10537;14;10534;19;;;10547;25;10550;34;;;10542.0;0.0
yf_ZC=F_d11;500;ASH_COATED_OSMIUM;9908;19;9904;26;;;9925;6;9928;22;;;9916.5;0.0
yf_ZC=F_d11;500;INTARIAN_PEPPER_ROOT;10540;11;10537;20;;;10546;14;10548;24;;;10543.0;0.0
yf_ZC=F_d11;600;ASH_COATED_OSMIUM;9913;22;9911;27;;;9919;6;9922;12;;;9916.0;0.0
yf_ZC=F_d11;600;INTARIAN_PEPPER_ROOT;10531;14;10529;22;;;10555;10;10557;18;;;10543.0;0.0
yf_ZC=F_d11;700;ASH_COATED_OSMIUM;9912;18;9908;15;;;9920;7;9922;18;;;9916.0;0.0
yf_ZC=F_d11;700;INTARIAN_PEPPER_ROOT;10537;17;10533;30;;;10551;11;10555;19;;;10544.0;0.0
yf_ZC=F_d11;800;ASH_COATED_OSMIUM;9908;20;9906;22;;;9927;18;9929;24;;;9917.5;0.0
yf_ZC=F_d11;800;INTARIAN_PEPPER_ROOT;10536;19;10533;16;;;10553;17;10557;15;;;10544.5;0.0
yf_ZC=F_d11;900;ASH_COATED_OSMIUM;9910;17;9907;14;;;9923;13;9925;16;;;9916.5;0.0
yf_ZC=F_d11;900;INTARIAN_PEPPER_ROOT;10542;24;10539;16;;;10548;23;10552;23;;;10545.0;0.0
yf_ZC=F_d11;1000;ASH_COATED_OSMIUM;9914;18;9912;11;;;9920;7;9924;14;;;9917.0;0.0
yf_ZC=F_d11;1000;INTARIAN_PEPPER_ROOT;10543;14;10539;26;;;10549;17;10551;18;;;10546.0;0.0
yf_ZC=F_d11;1100;ASH_COATED_OSMIUM;9912;11;9908;13;;;9921;17;9925;15;;;9916.5;0.0
yf_ZC=F_d11;1100;INTARIAN_PEPPER_ROOT;10543;14;10541;23;;;10550;18;10554;26;;;10546.5;0.0
yf_ZC=F_d11;1200;ASH_COATED_OSMIUM;9914;10;9910;24;;;9920;17;9923;23;;;9917.0;0.0
yf_ZC=F_d11;1200;INTARIAN_PEPPER_ROOT;10541;16;10537;16;;;10553;11;10555;27;;;10547.0;0.0
yf_ZC=F_d11;1300;ASH_COATED_OSMIUM;9914;9;9911;16;;;9920;10;9923;29;;;9917.0;0.0
yf_ZC=F_d11;1300;INTARIAN_PEPPER_ROOT;10544;16;10542;16;;;10552;8;10554;17;;;10548.0;0.0
yf_ZC=F_d11;1400;ASH_COATED_OSMIUM;9914;19;9911;21;;;9920;21;9924;22;;;9917.0;0.0
yf_ZC=F_d11;1400;INTARIAN_PEPPER_ROOT;10545;15;10541;13;;;10552;23;10556;22;;;10548.5;0.0
yf_ZC=F_d11;1500;ASH_COATED_OSMIUM;9914;12;9910;24;;;9920;21;9924;24;;;9917.0;0.0
yf_ZC=F_d11;1500;INTARIAN_PEPPER_ROOT;10543;19;10539;27;;;10556;23;10558;25;;;10549.5;0.0
yf_ZC=F_d11;1600;ASH_COATED_OSMIUM;9914;20;9910;19;;;9920;25;9922;16;;;9917.0;0.0
yf_ZC=F_d11;1600;INTARIAN_PEPPER_ROOT;10543;16;10541;17;;;10557;17;10561;17;;;10550.0;0.0
yf_ZC=F_d11;1700;ASH_COATED_OSMIUM;9914;19;9912;27;;;9920;14;9922;15;;;9917.0;0.0
yf_ZC=F_d11;1700;INTARIAN_PEPPER_ROOT;10546;12;10543;19;;;10554;17;10557;23;;;10550.0;0.0
yf_ZC=F_d11;1800;ASH_COATED_OSMIUM;9912;14;9908;20;;;9923;18;9927;17;;;9917.5;0.0
yf_ZC=F_d11;1800;INTARIAN_PEPPER_ROOT;10543;17;10540;28;;;10558;19;10561;20;;;10550.5;0.0
yf_ZC=F_d11;1900;ASH_COATED_OSMIUM;9914;16;9911;21;;;9920;16;9924;19;;;9917.0;0.0
yf_ZC=F_d11;1900;INTARIAN_PEPPER_ROOT;10548;22;10546;15;;;10554;18;10556;24;;;10551.0;0.0
yf_ZC=F_d11;2000;ASH_COATED_OSMIUM;9914;17;9911;19;;;9920;8;9922;14;;;9917.0;0.0
yf_ZC=F_d11;2000;INTARIAN_PEPPER_ROOT;10549;6;10545;32;;;10555;17;10559;22;;;10552.0;0.0
yf_ZC=F_d11;2100;ASH_COATED_OSMIUM;9909;16;9906;12;;;9925;23;9929;24;;;9917.0;0.0
yf_ZC=F_d11;2100;INTARIAN_PEPPER_ROOT;10534;19;10530;10;;;10572;21;10576;15;;;10553.0;0.0
yf_ZC=F_d11;2200;ASH_COATED_OSMIUM;9915;15;9911;25;;;9921;8;9925;22;;;9918.0;0.0
yf_ZC=F_d11;2200;INTARIAN_PEPPER_ROOT;10551;6;10548;26;;;10557;14;10560;24;;;10554.0;0.0
yf_ZC=F_d11;2300;ASH_COATED_OSMIUM;9913;15;9909;12;;;9923;14;9925;25;;;9918.0;0.0
yf_ZC=F_d11;2300;INTARIAN_PEPPER_ROOT;10551;21;10547;20;;;10557;10;10560;12;;;10554.0;0.0
yf_ZC=F_d11;2400;ASH_COATED_OSMIUM;9915;20;9913;9;;;9921;10;9925;27;;;9918.0;0.0
yf_ZC=F_d11;2400;INTARIAN_PEPPER_ROOT;10548;16;10544;24;;;10561;14;10563;16;;;10554.5;0.0
yf_ZC=F_d11;2500;ASH_COATED_OSMIUM;9915;24;9913;26;;;9921;16;9924;24;;;9918.0;0.0
yf_ZC=F_d11;2500;INTARIAN_PEPPER_ROOT;10553;18;10549;26;;;10559;11;10562;24;;;10556.0;0.0
yf_ZC=F_d11;2600;ASH_COATED_OSMIUM;9902;16;9899;22;;;9934;11;9938;21;;;9918.0;0.0
yf_ZC=F_d11;2600;INTARIAN_PEPPER_ROOT;10549;10;10546;24;;;10562;8;10565;20;;;10555.5;0.0
yf_ZC=F_d11;2700;ASH_COATED_OSMIUM;9915;18;9912;20;;;9921;16;9925;19;;;9918.0;0.0
yf_ZC=F_d11;2700;INTARIAN_PEPPER_ROOT;10553;21;10550;17;;;10559;11;10563;13;;;10556.0;0.0
yf_ZC=F_d11;2800;ASH_COATED_OSMIUM;9911;13;9908;18;;;9925;13;9927;17;;;9918.0;0.0
yf_ZC=F_d11;2800;INTARIAN_PEPPER_ROOT;10554;8;10551;21;;;10560;16;10563;20;;;10557.0;0.0
yf_ZC=F_d11;2900;ASH_COATED_OSMIUM;9915;20;9911;23;;;9921;21;9923;22;;;9918.0;0.0
yf_ZC=F_d11;2900;INTARIAN_PEPPER_ROOT;10551;9;10549;17;;;10566;12;10570;16;;;10558.5;0.0
yf_ZC=F_d11;3000;ASH_COATED_OSMIUM;9914;19;9912;14;;;9922;14;9926;22;;;9918.0;0.0
yf_ZC=F_d11;3000;INTARIAN_PEPPER_ROOT;10554;12;10550;21;;;10562;11;10566;21;;;10558.0;0.0
yf_ZC=F_d11;3100;ASH_COATED_OSMIUM;9915;17;9913;13;;;9921;13;9924;14;;;9918.0;0.0
yf_ZC=F_d11;3100;INTARIAN_PEPPER_ROOT;10556;12;10552;13;;;10562;19;10565;28;;;10559.0;0.0
yf_ZC=F_d11;3200;ASH_COATED_OSMIUM;9915;8;9911;21;;;9922;16;9926;28;;;9918.5;0.0
yf_ZC=F_d11;3200;INTARIAN_PEPPER_ROOT;10557;14;10553;21;;;10563;9;10567;16;;;10560.0;0.0
yf_ZC=F_d11;3300;ASH_COATED_OSMIUM;9915;6;9911;18;;;9921;21;9923;20;;;9918.0;0.0
yf_ZC=F_d11;3300;INTARIAN_PEPPER_ROOT;10556;15;10554;20;;;10565;18;10569;13;;;10560.5;0.0
yf_ZC=F_d11;3400;ASH_COATED_OSMIUM;9915;13;9911;16;;;9921;13;9923;19;;;9918.0;0.0
yf_ZC=F_d11;3400;INTARIAN_PEPPER_ROOT;10559;13;10557;8;;;10565;22;10568;20;;;10562.0;0.0
yf_ZC=F_d11;3500;ASH_COATED_OSMIUM;9915;14;9912;19;;;9921;12;9923;19;;;9918.0;0.0
yf_ZC=F_d11;3500;INTARIAN_PEPPER_ROOT;10559;19;10555;17;;;10565;18;10568;22;;;10562.0;0.0
yf_ZC=F_d11;3600;ASH_COATED_OSMIUM;9914;24;9912;20;;;9922;19;9924;17;;;9918.0;0.0
yf_ZC=F_d11;3600;INTARIAN_PEPPER_ROOT;10555;12;10552;23;;;10569;20;10571;15;;;10562.0;0.0
yf_ZC=F_d11;3700;ASH_COATED_OSMIUM;9915;16;9912;21;;;9921;18;9925;19;;;9918.0;0.0
yf_ZC=F_d11;3700;INTARIAN_PEPPER_ROOT;10560;15;10557;16;;;10566;13;10570;8;;;10563.0;0.0
yf_ZC=F_d11;3800;ASH_COATED_OSMIUM;9903;21;9899;15;;;9933;23;9937;31;;;9918.0;0.0
yf_ZC=F_d11;3800;INTARIAN_PEPPER_ROOT;10561;12;10558;9;;;10567;15;10569;15;;;10564.0;0.0
yf_ZC=F_d11;3900;ASH_COATED_OSMIUM;9915;12;9912;20;;;9921;19;9925;16;;;9918.0;0.0
yf_ZC=F_d11;3900;INTARIAN_PEPPER_ROOT;10561;16;10559;20;;;10569;14;10571;24;;;10565.0;0.0
yf_ZC=F_d11;4000;ASH_COATED_OSMIUM;9915;19;9911;19;;;9921;5;9925;15;;;9918.0;0.0
yf_ZC=F_d11;4000;INTARIAN_PEPPER_ROOT;10562;10;10558;14;;;10568;14;10570;8;;;10565.0;0.0
yf_ZC=F_d11;4100;ASH_COATED_OSMIUM;9915;17;9912;26;;;9921;7;9923;12;;;9918.0;0.0
yf_ZC=F_d11;4100;INTARIAN_PEPPER_ROOT;10559;22;10556;18;;;10573;19;10577;20;;;10566.0;0.0
yf_ZC=F_d11;4200;ASH_COATED_OSMIUM;9905;7;9903;19;;;9931;16;9934;23;;;9918.0;0.0
yf_ZC=F_d11;4200;INTARIAN_PEPPER_ROOT;10563;18;10561;22;;;10569;7;10571;12;;;10566.0;0.0
yf_ZC=F_d11;4300;ASH_COATED_OSMIUM;9916;17;9913;16;;;9922;18;9926;26;;;9919.0;0.0
yf_ZC=F_d11;4300;INTARIAN_PEPPER_ROOT;10561;9;10557;24;;;10573;12;10576;20;;;10567.0;0.0
yf_ZC=F_d11;4400;ASH_COATED_OSMIUM;9915;9;9911;19;;;9921;9;9923;13;;;9918.0;0.0
yf_ZC=F_d11;4400;INTARIAN_PEPPER_ROOT;10565;16;10562;14;;;10571;12;10573;21;;;10568.0;0.0
yf_ZC=F_d11;4500;ASH_COATED_OSMIUM;9893;13;9891;14;;;9945;13;9949;22;;;9919.0;0.0
yf_ZC=F_d11;4500;INTARIAN_PEPPER_ROOT;10565;12;10562;13;;;10571;21;10573;19;;;10568.0;0.0
yf_ZC=F_d11;4600;ASH_COATED_OSMIUM;9912;11;9908;19;;;9925;10;9929;22;;;9918.5;0.0
yf_ZC=F_d11;4600;INTARIAN_PEPPER_ROOT;10562;19;10558;16;;;10575;14;10579;16;;;10568.5;0.0
yf_ZC=F_d11;4700;ASH_COATED_OSMIUM;9908;20;9905;16;;;9928;13;9931;21;;;9918.0;0.0
yf_ZC=F_d11;4700;INTARIAN_PEPPER_ROOT;10566;25;10562;18;;;10572;21;10576;11;;;10569.0;0.0
yf_ZC=F_d11;4800;ASH_COATED_OSMIUM;9906;19;9902;23;;;9931;13;9934;17;;;9918.5;0.0
yf_ZC=F_d11;4800;INTARIAN_PEPPER_ROOT;10567;9;10563;18;;;10573;5;10577;20;;;10570.0;0.0
yf_ZC=F_d11;4900;ASH_COATED_OSMIUM;9915;17;9912;17;;;9921;21;9924;21;;;9918.0;0.0
yf_ZC=F_d11;4900;INTARIAN_PEPPER_ROOT;10568;5;10566;19;;;10574;13;10576;24;;;10571.0;0.0
yf_ZC=F_d11;5000;ASH_COATED_OSMIUM;9916;17;9912;23;;;9922;19;9925;20;;;9919.0;0.0
yf_ZC=F_d11;5000;INTARIAN_PEPPER_ROOT;10568;16;10566;32;;;10574;9;10576;24;;;10571.0;0.0
yf_ZC=F_d11;5100;ASH_COATED_OSMIUM;9916;6;9912;30;;;9922;19;9925;23;;;9919.0;0.0
yf_ZC=F_d11;5100;INTARIAN_PEPPER_ROOT;10567;10;10563;24;;;10577;15;10580;19;;;10572.0;0.0
yf_ZC=F_d11;5200;ASH_COATED_OSMIUM;9915;13;9913;26;;;9923;17;9925;28;;;9919.0;0.0
yf_ZC=F_d11;5200;INTARIAN_PEPPER_ROOT;10569;9;10567;14;;;10575;19;10578;22;;;10572.0;0.0
yf_ZC=F_d11;5300;ASH_COATED_OSMIUM;9911;15;9907;14;;;9928;22;9930;24;;;9919.5;0.0
yf_ZC=F_d11;5300;INTARIAN_PEPPER_ROOT;10571;15;10569;12;;;10577;14;10580;15;;;10574.0;0.0
yf_ZC=F_d11;5400;ASH_COATED_OSMIUM;9916;12;9913;26;;;9922;18;9925;22;;;9919.0;0.0
yf_ZC=F_d11;5400;INTARIAN_PEPPER_ROOT;10571;14;10568;25;;;10578;18;10582;25;;;10574.5;0.0
yf_ZC=F_d11;5500;ASH_COATED_OSMIUM;9914;21;9910;20;;;9923;5;9927;23;;;9918.5;0.0
yf_ZC=F_d11;5500;INTARIAN_PEPPER_ROOT;10572;6;10570;28;;;10578;8;10582;19;;;10575.0;0.0
yf_ZC=F_d11;5600;ASH_COATED_OSMIUM;9916;17;9912;17;;;9922;26;9926;17;;;9919.0;0.0
yf_ZC=F_d11;5600;INTARIAN_PEPPER_ROOT;10572;15;10569;18;;;10578;5;10580;22;;;10575.0;0.0
yf_ZC=F_d11;5700;ASH_COATED_OSMIUM;9916;9;9914;20;;;9922;18;9924;28;;;9919.0;0.0
yf_ZC=F_d11;5700;INTARIAN_PEPPER_ROOT;10573;19;10569;24;;;10579;18;10581;18;;;10576.0;0.0
yf_ZC=F_d11;5800;ASH_COATED_OSMIUM;9916;21;9913;28;;;9922;18;9925;23;;;9919.0;0.0
yf_ZC=F_d11;5800;INTARIAN_PEPPER_ROOT;10573;22;10570;18;;;10579;5;10582;28;;;10576.0;0.0
yf_ZC=F_d11;5900;ASH_COATED_OSMIUM;9916;19;9913;24;;;9922;22;9925;24;;;9919.0;0.0
yf_ZC=F_d11;5900;INTARIAN_PEPPER_ROOT;10572;11;10570;14;;;10584;19;10586;14;;;10578.0;0.0
yf_ZC=F_d11;6000;ASH_COATED_OSMIUM;9911;8;9908;23;;;9928;17;9931;20;;;9919.5;0.0
yf_ZC=F_d11;6000;INTARIAN_PEPPER_ROOT;10572;11;10570;23;;;10583;13;10587;21;;;10577.5;0.0
yf_ZC=F_d11;6100;ASH_COATED_OSMIUM;9911;21;9909;19;;;9928;21;9930;26;;;9919.5;0.0
yf_ZC=F_d11;6100;INTARIAN_PEPPER_ROOT;10569;21;10566;23;;;10587;16;10591;22;;;10578.0;0.0
yf_ZC=F_d11;6200;ASH_COATED_OSMIUM;9917;12;9913;8;;;9923;20;9925;26;;;9920.0;0.0
yf_ZC=F_d11;6200;INTARIAN_PEPPER_ROOT;10576;18;10574;19;;;10582;11;10585;23;;;10579.0;0.0
yf_ZC=F_d11;6300;ASH_COATED_OSMIUM;9916;20;9913;17;;;9922;11;9926;13;;;9919.0;0.0
yf_ZC=F_d11;6300;INTARIAN_PEPPER_ROOT;10577;12;10573;21;;;10583;22;10587;18;;;10580.0;0.0
yf_ZC=F_d11;6400;ASH_COATED_OSMIUM;9917;20;9914;13;;;9923;14;9927;19;;;9920.0;0.0
yf_ZC=F_d11;6400;INTARIAN_PEPPER_ROOT;10578;18;10576;23;;;10584;9;10586;23;;;10581.0;0.0
yf_ZC=F_d11;6500;ASH_COATED_OSMIUM;9917;12;9913;15;;;9923;18;9927;20;;;9920.0;0.0
yf_ZC=F_d11;6500;INTARIAN_PEPPER_ROOT;10578;22;10574;25;;;10584;20;10586;16;;;10581.0;0.0
yf_ZC=F_d11;6600;ASH_COATED_OSMIUM;9916;25;9914;21;;;9922;12;9925;14;;;9919.0;0.0
yf_ZC=F_d11;6600;INTARIAN_PEPPER_ROOT;10578;20;10574;21;;;10584;20;10587;19;;;10581.0;0.0
yf_ZC=F_d11;6700;ASH_COATED_OSMIUM;9917;22;9913;18;;;9923;14;9927;12;;;9920.0;0.0
yf_ZC=F_d11;6700;INTARIAN_PEPPER_ROOT;10578;11;10574;26;;;10587;23;10589;22;;;10582.5;0.0
yf_ZC=F_d11;6800;ASH_COATED_OSMIUM;9916;14;9912;16;;;9922;15;9924;32;;;9919.0;0.0
yf_ZC=F_d11;6800;INTARIAN_PEPPER_ROOT;10578;16;10576;15;;;10588;10;10591;21;;;10583.0;0.0
yf_ZC=F_d11;6900;ASH_COATED_OSMIUM;9916;19;9912;22;;;9922;16;9925;15;;;9919.0;0.0
yf_ZC=F_d11;6900;INTARIAN_PEPPER_ROOT;10581;11;10577;16;;;10587;10;10590;18;;;10584.0;0.0
yf_ZC=F_d11;7000;ASH_COATED_OSMIUM;9909;30;9907;17;;;9931;16;9935;12;;;9920.0;0.0
yf_ZC=F_d11;7000;INTARIAN_PEPPER_ROOT;10581;25;10577;20;;;10587;15;10591;11;;;10584.0;0.0
yf_ZC=F_d11;7100;ASH_COATED_OSMIUM;9917;13;9914;24;;;9923;14;9926;23;;;9920.0;0.0
yf_ZC=F_d11;7100;INTARIAN_PEPPER_ROOT;10581;13;10578;20;;;10587;23;10590;22;;;10584.0;0.0
yf_ZC=F_d11;7200;ASH_COATED_OSMIUM;9917;13;9915;16;;;9923;16;9926;20;;;9920.0;0.0
yf_ZC=F_d11;7200;INTARIAN_PEPPER_ROOT;10582;27;10579;17;;;10588;20;10592;21;;;10585.0;0.0
yf_ZC=F_d11;7300;ASH_COATED_OSMIUM;9909;18;9907;16;;;9929;17;9933;17;;;9919.0;0.0
yf_ZC=F_d11;7300;INTARIAN_PEPPER_ROOT;10583;20;10581;16;;;10589;13;10591;21;;;10586.0;0.0
yf_ZC=F_d11;7400;ASH_COATED_OSMIUM;9917;13;9915;14;;;9923;24;9927;16;;;9920.0;0.0
yf_ZC=F_d11;7400;INTARIAN_PEPPER_ROOT;10581;10;10577;15;;;10592;18;10595;24;;;10586.5;0.0
yf_ZC=F_d11;7500;ASH_COATED_OSMIUM;9911;13;9909;12;;;9929;10;9932;15;;;9920.0;0.0
yf_ZC=F_d11;7500;INTARIAN_PEPPER_ROOT;10584;15;10582;24;;;10590;18;10593;17;;;10587.0;0.0
yf_ZC=F_d11;7600;ASH_COATED_OSMIUM;9909;12;9907;26;;;9930;13;9934;8;;;9919.5;0.0
yf_ZC=F_d11;7600;INTARIAN_PEPPER_ROOT;10585;11;10581;15;;;10591;20;10593;23;;;10588.0;0.0
yf_ZC=F_d11;7700;ASH_COATED_OSMIUM;9917;21;9913;21;;;9923;7;9925;12;;;9920.0;0.0
yf_ZC=F_d11;7700;INTARIAN_PEPPER_ROOT;10583;9;10579;13;;;10595;16;10598;21;;;10589.0;0.0
yf_ZC=F_d11;7800;ASH_COATED_OSMIUM;9913;19;9909;25;;;9926;13;9929;20;;;9919.5;0.0
yf_ZC=F_d11;7800;INTARIAN_PEPPER_ROOT;10583;15;10581;21;;;10595;6;10597;23;;;10589.0;0.0
yf_ZC=F_d11;7900;ASH_COATED_OSMIUM;9918;8;9915;21;;;9924;9;9927;18;;;9921.0;0.0
yf_ZC=F_d11;7900;INTARIAN_PEPPER_ROOT;10586;6;10582;22;;;10594;8;10596;13;;;10590.0;0.0
yf_ZC=F_d11;8000;ASH_COATED_OSMIUM;9917;20;9915;23;;;9923;17;9927;17;;;9920.0;0.0
yf_ZC=F_d11;8000;INTARIAN_PEPPER_ROOT;10588;13;10586;19;;;10594;11;10597;16;;;10591.0;0.0
yf_ZC=F_d11;8100;ASH_COATED_OSMIUM;9917;20;9915;9;;;9923;14;9927;25;;;9920.0;0.0
yf_ZC=F_d11;8100;INTARIAN_PEPPER_ROOT;10588;5;10586;28;;;10594;16;10597;19;;;10591.0;0.0
yf_ZC=F_d11;8200;ASH_COATED_OSMIUM;9917;19;9915;14;;;9923;8;9927;21;;;9920.0;0.0
yf_ZC=F_d11;8200;INTARIAN_PEPPER_ROOT;10578;14;10575;21;;;10605;12;10609;24;;;10591.5;0.0
yf_ZC=F_d11;8300;ASH_COATED_OSMIUM;9917;23;9914;24;;;9924;12;9926;17;;;9920.5;0.0
yf_ZC=F_d11;8300;INTARIAN_PEPPER_ROOT;10589;21;10585;27;;;10595;29;10598;16;;;10592.0;0.0
yf_ZC=F_d11;8400;ASH_COATED_OSMIUM;9917;5;9913;17;;;9924;16;9927;15;;;9920.5;0.0
yf_ZC=F_d11;8400;INTARIAN_PEPPER_ROOT;10590;19;10588;18;;;10596;17;10599;25;;;10593.0;0.0
yf_ZC=F_d11;8500;ASH_COATED_OSMIUM;9917;13;9915;18;;;9924;12;9926;24;;;9920.5;0.0
yf_ZC=F_d11;8500;INTARIAN_PEPPER_ROOT;10590;8;10587;17;;;10597;15;10599;29;;;10593.5;0.0
yf_ZC=F_d11;8600;ASH_COATED_OSMIUM;9918;17;9914;21;;;9924;14;9927;18;;;9921.0;0.0
yf_ZC=F_d11;8600;INTARIAN_PEPPER_ROOT;10591;12;10589;22;;;10598;10;10600;16;;;10594.5;0.0
yf_ZC=F_d11;8700;ASH_COATED_OSMIUM;9918;15;9914;22;;;9924;18;9926;19;;;9921.0;0.0
yf_ZC=F_d11;8700;INTARIAN_PEPPER_ROOT;10592;9;10588;14;;;10598;21;10600;23;;;10595.0;0.0
yf_ZC=F_d11;8800;ASH_COATED_OSMIUM;9918;8;9915;25;;;9924;6;9927;26;;;9921.0;0.0
yf_ZC=F_d11;8800;INTARIAN_PEPPER_ROOT;10588;8;10585;28;;;10603;14;10605;21;;;10595.5;0.0
yf_ZC=F_d11;8900;ASH_COATED_OSMIUM;9918;16;9914;14;;;9924;14;9928;23;;;9921.0;0.0
yf_ZC=F_d11;8900;INTARIAN_PEPPER_ROOT;10590;22;10588;21;;;10602;12;10605;8;;;10596.0;0.0
yf_ZC=F_d11;9000;ASH_COATED_OSMIUM;9917;20;9913;13;;;9923;15;9927;33;;;9920.0;0.0
yf_ZC=F_d11;9000;INTARIAN_PEPPER_ROOT;10594;13;10592;28;;;10600;22;10603;22;;;10597.0;0.0
yf_ZC=F_d11;9100;ASH_COATED_OSMIUM;9917;9;9915;22;;;9923;16;9926;18;;;9920.0;0.0
yf_ZC=F_d11;9100;INTARIAN_PEPPER_ROOT;10594;10;10592;22;;;10600;9;10602;8;;;10597.0;0.0
yf_ZC=F_d11;9200;ASH_COATED_OSMIUM;9916;10;9912;21;;;9927;19;9931;30;;;9921.5;0.0
yf_ZC=F_d11;9200;INTARIAN_PEPPER_ROOT;10590;14;10588;23;;;10606;12;10610;14;;;10598.0;0.0
yf_ZC=F_d11;9300;ASH_COATED_OSMIUM;9917;10;9913;15;;;9923;11;9925;28;;;9920.0;0.0
yf_ZC=F_d11;9300;INTARIAN_PEPPER_ROOT;10596;18;10592;23;;;10602;22;10605;19;;;10599.0;0.0
yf_ZC=F_d11;9400;ASH_COATED_OSMIUM;9918;18;9914;20;;;9924;12;9926;8;;;9921.0;0.0
yf_ZC=F_d11;9400;INTARIAN_PEPPER_ROOT;10596;13;10592;22;;;10602;15;10604;21;;;10599.0;0.0
yf_ZC=F_d11;9500;ASH_COATED_OSMIUM;9918;10;9916;17;;;9925;18;9927;16;;;9921.5;0.0
yf_ZC=F_d11;9500;INTARIAN_PEPPER_ROOT;10597;12;10594;27;;;10603;14;10607;23;;;10600.0;0.0
yf_ZC=F_d11;9600;ASH_COATED_OSMIUM;9913;9;9910;19;;;9929;16;9933;11;;;9921.0;0.0
yf_ZC=F_d11;9600;INTARIAN_PEPPER_ROOT;10596;13;10593;17;;;10603;26;10606;13;;;10599.5;0.0
yf_ZC=F_d11;9700;ASH_COATED_OSMIUM;9917;17;9914;21;;;9923;24;9927;21;;;9920.0;0.0
yf_ZC=F_d11;9700;INTARIAN_PEPPER_ROOT;10598;7;10594;18;;;10604;17;10608;18;;;10601.0;0.0
yf_ZC=F_d11;9800;ASH_COATED_OSMIUM;9918;16;9914;15;;;9924;19;9927;12;;;9921.0;0.0
yf_ZC=F_d11;9800;INTARIAN_PEPPER_ROOT;10590;20;10588;19;;;10615;10;10617;22;;;10602.5;0.0
yf_ZC=F_d11;9900;ASH_COATED_OSMIUM;9918;22;9914;18;;;9924;19;9928;17;;;9921.0;0.0
yf_ZC=F_d11;9900;INTARIAN_PEPPER_ROOT;10599;13;10596;19;;;10605;8;10609;20;;;10602.0;0.0
yf_ZC=F_d11;10000;ASH_COATED_OSMIUM;9917;10;9914;19;;;9926;17;9929;20;;;9921.5;0.0
yf_ZC=F_d11;10000;INTARIAN_PEPPER_ROOT;10597;16;10593;20;;;10609;13;10612;15;;;10603.0;0.0
yf_ZC=F_d11;10100;ASH_COATED_OSMIUM;9918;12;9915;16;;;9924;18;9926;16;;;9921.0;0.0
yf_ZC=F_d11;10100;INTARIAN_PEPPER_ROOT;10596;17;10593;12;;;10612;14;10614;23;;;10604.0;0.0
yf_ZC=F_d11;10200;ASH_COATED_OSMIUM;9917;20;9915;17;;;9923;21;9925;12;;;9920.0;0.0
yf_ZC=F_d11;10200;INTARIAN_PEPPER_ROOT;10601;7;10598;24;;;10607;14;10609;21;;;10604.0;0.0
yf_ZC=F_d11;10300;ASH_COATED_OSMIUM;9918;8;9914;18;;;9924;18;9926;21;;;9921.0;0.0
yf_ZC=F_d11;10300;INTARIAN_PEPPER_ROOT;10600;13;10598;17;;;10611;19;10613;17;;;10605.5;0.0
yf_ZC=F_d11;10400;ASH_COATED_OSMIUM;9916;12;9914;25;;;9926;14;9928;19;;;9921.0;0.0
yf_ZC=F_d11;10400;INTARIAN_PEPPER_ROOT;10602;11;10599;18;;;10609;15;10612;24;;;10605.5;0.0
yf_ZC=F_d11;10500;ASH_COATED_OSMIUM;9912;18;9909;20;;;9931;14;9935;17;;;9921.5;0.0
yf_ZC=F_d11;10500;INTARIAN_PEPPER_ROOT;10602;14;10600;22;;;10609;16;10613;14;;;10605.5;0.0
yf_ZC=F_d11;10600;ASH_COATED_OSMIUM;9916;24;9913;26;;;9925;12;9929;24;;;9920.5;0.0
yf_ZC=F_d11;10600;INTARIAN_PEPPER_ROOT;10601;9;10597;27;;;10612;19;10615;27;;;10606.5;0.0
yf_ZC=F_d11;10700;ASH_COATED_OSMIUM;9918;10;9916;23;;;9924;12;9928;21;;;9921.0;0.0
yf_ZC=F_d11;10700;INTARIAN_PEPPER_ROOT;10604;11;10602;22;;;10612;15;10614;18;;;10608.0;0.0
yf_ZC=F_d11;10800;ASH_COATED_OSMIUM;9912;9;9910;16;;;9930;14;9933;24;;;9921.0;0.0
yf_ZC=F_d11;10800;INTARIAN_PEPPER_ROOT;10603;16;10600;17;;;10615;17;10618;17;;;10609.0;0.0
yf_ZC=F_d11;10900;ASH_COATED_OSMIUM;9918;14;9914;20;;;9924;20;9927;25;;;9921.0;0.0
yf_ZC=F_d11;10900;INTARIAN_PEPPER_ROOT;10606;11;10602;21;;;10612;14;10616;17;;;10609.0;0.0
yf_ZC=F_d11;11000;ASH_COATED_OSMIUM;9918;17;9915;17;;;9924;7;9926;16;;;9921.0;0.0
yf_ZC=F_d11;11000;INTARIAN_PEPPER_ROOT;10607;20;10603;14;;;10613;14;10615;21;;;10610.0;0.0
yf_ZC=F_d11;11100;ASH_COATED_OSMIUM;9918;11;9916;10;;;9924;12;9928;14;;;9921.0;0.0
yf_ZC=F_d11;11100;INTARIAN_PEPPER_ROOT;10607;17;10603;17;;;10613;18;10617;22;;;10610.0;0.0
yf_ZC=F_d11;11200;ASH_COATED_OSMIUM;9918;10;9916;21;;;9924;14;9926;27;;;9921.0;0.0
yf_ZC=F_d11;11200;INTARIAN_PEPPER_ROOT;10607;14;10605;19;;;10613;19;10616;22;;;10610.0;0.0
yf_ZC=F_d11;11300;ASH_COATED_OSMIUM;9918;14;9916;23;;;9926;12;9928;27;;;9922.0;0.0
yf_ZC=F_d11;11300;INTARIAN_PEPPER_ROOT;10608;14;10606;23;;;10615;10;10619;22;;;10611.5;0.0
yf_ZC=F_d11;11400;ASH_COATED_OSMIUM;9917;16;9915;11;;;9927;17;9931;26;;;9922.0;0.0
yf_ZC=F_d11;11400;INTARIAN_PEPPER_ROOT;10607;19;10604;13;;;10618;14;10620;13;;;10612.5;0.0
yf_ZC=F_d11;11500;ASH_COATED_OSMIUM;9914;19;9911;23;;;9930;5;9934;18;;;9922.0;0.0
yf_ZC=F_d11;11500;INTARIAN_PEPPER_ROOT;10607;20;10605;15;;;10616;5;10618;14;;;10611.5;0.0
yf_ZC=F_d11;11600;ASH_COATED_OSMIUM;9916;11;9913;17;;;9928;15;9930;14;;;9922.0;0.0
yf_ZC=F_d11;11600;INTARIAN_PEPPER_ROOT;10610;22;10608;24;;;10616;6;10618;27;;;10613.0;0.0
yf_ZC=F_d11;11700;ASH_COATED_OSMIUM;9918;12;9914;31;;;9924;17;9926;16;;;9921.0;0.0
yf_ZC=F_d11;11700;INTARIAN_PEPPER_ROOT;10610;8;10607;14;;;10618;15;10621;24;;;10614.0;0.0
yf_ZC=F_d11;11800;ASH_COATED_OSMIUM;9919;18;9916;17;;;9925;10;9929;26;;;9922.0;0.0
yf_ZC=F_d11;11800;INTARIAN_PEPPER_ROOT;10612;11;10608;25;;;10618;18;10621;23;;;10615.0;0.0
yf_ZC=F_d11;11900;ASH_COATED_OSMIUM;9907;18;9905;25;;;9937;17;9940;18;;;9922.0;0.0
yf_ZC=F_d11;11900;INTARIAN_PEPPER_ROOT;10613;5;10609;20;;;10619;12;10623;28;;;10616.0;0.0
yf_ZC=F_d11;12000;ASH_COATED_OSMIUM;9910;7;9906;26;;;9934;25;9938;19;;;9922.0;0.0
yf_ZC=F_d11;12000;INTARIAN_PEPPER_ROOT;10613;7;10609;19;;;10619;9;10623;18;;;10616.0;0.0
yf_ZC=F_d11;12100;ASH_COATED_OSMIUM;9914;11;9912;9;;;9928;14;9931;18;;;9921.0;0.0
yf_ZC=F_d11;12100;INTARIAN_PEPPER_ROOT;10613;13;10611;22;;;10619;22;10621;14;;;10616.0;0.0
yf_ZC=F_d11;12200;ASH_COATED_OSMIUM;9919;19;9916;20;;;9925;25;9929;21;;;9922.0;0.0
yf_ZC=F_d11;12200;INTARIAN_PEPPER_ROOT;10614;19;10611;18;;;10620;20;10623;16;;;10617.0;0.0
yf_ZC=F_d11;12300;ASH_COATED_OSMIUM;9917;20;9913;21;;;9926;11;9928;29;;;9921.5;0.0
yf_ZC=F_d11;12300;INTARIAN_PEPPER_ROOT;10609;15;10607;23;;;10627;17;10629;21;;;10618.0;0.0
yf_ZC=F_d11;12400;ASH_COATED_OSMIUM;9919;11;9915;12;;;9926;10;9929;21;;;9922.5;0.0
yf_ZC=F_d11;12400;INTARIAN_PEPPER_ROOT;10611;12;10608;25;;;10625;17;10628;22;;;10618.0;0.0
yf_ZC=F_d11;12500;ASH_COATED_OSMIUM;9916;16;9912;17;;;9929;10;9932;11;;;9922.5;0.0
yf_ZC=F_d11;12500;INTARIAN_PEPPER_ROOT;10616;8;10613;11;;;10622;16;10624;29;;;10619.0;0.0
yf_ZC=F_d11;12600;ASH_COATED_OSMIUM;9916;15;9914;19;;;9929;17;9932;17;;;9922.5;0.0
yf_ZC=F_d11;12600;INTARIAN_PEPPER_ROOT;10617;16;10615;19;;;10623;12;10625;17;;;10620.0;0.0
yf_ZC=F_d11;12700;ASH_COATED_OSMIUM;9919;11;9915;12;;;9925;21;9929;22;;;9922.0;0.0
yf_ZC=F_d11;12700;INTARIAN_PEPPER_ROOT;10617;6;10614;25;;;10623;14;10627;24;;;10620.0;0.0
yf_ZC=F_d11;12800;ASH_COATED_OSMIUM;9919;12;9915;12;;;9925;11;9927;20;;;9922.0;0.0
yf_ZC=F_d11;12800;INTARIAN_PEPPER_ROOT;10614;18;10612;22;;;10627;13;10631;18;;;10620.5;0.0
yf_ZC=F_d11;12900;ASH_COATED_OSMIUM;9917;5;9915;14;;;9928;17;9930;15;;;9922.5;0.0
yf_ZC=F_d11;12900;INTARIAN_PEPPER_ROOT;10614;10;10612;19;;;10628;12;10631;12;;;10621.0;0.0
yf_ZC=F_d11;13000;ASH_COATED_OSMIUM;9919;14;9916;15;;;9925;16;9929;22;;;9922.0;0.0
yf_ZC=F_d11;13000;INTARIAN_PEPPER_ROOT;10619;8;10617;10;;;10625;20;10629;22;;;10622.0;0.0
yf_ZC=F_d11;13100;ASH_COATED_OSMIUM;9919;8;9915;19;;;9925;18;9929;27;;;9922.0;0.0
yf_ZC=F_d11;13100;INTARIAN_PEPPER_ROOT;10620;14;10617;26;;;10626;5;10629;20;;;10623.0;0.0
yf_ZC=F_d11;13200;ASH_COATED_OSMIUM;9920;19;9917;16;;;9926;17;9928;15;;;9923.0;0.0
yf_ZC=F_d11;13200;INTARIAN_PEPPER_ROOT;10611;11;10608;15;;;10636;13;10638;20;;;10623.5;0.0
yf_ZC=F_d11;13300;ASH_COATED_OSMIUM;9919;21;9915;19;;;9925;16;9927;8;;;9922.0;0.0
yf_ZC=F_d11;13300;INTARIAN_PEPPER_ROOT;10621;15;10617;16;;;10627;19;10630;17;;;10624.0;0.0
yf_ZC=F_d11;13400;ASH_COATED_OSMIUM;9917;5;9914;28;;;9927;14;9930;10;;;9922.0;0.0
yf_ZC=F_d11;13400;INTARIAN_PEPPER_ROOT;10621;19;10617;22;;;10629;10;10632;28;;;10625.0;0.0
yf_ZC=F_d11;13500;ASH_COATED_OSMIUM;9912;15;9910;17;;;9933;13;9937;18;;;9922.5;0.0
yf_ZC=F_d11;13500;INTARIAN_PEPPER_ROOT;10622;19;10619;22;;;10628;20;10631;21;;;10625.0;0.0
yf_ZC=F_d11;13600;ASH_COATED_OSMIUM;9919;22;9915;16;;;9925;5;9927;11;;;9922.0;0.0
yf_ZC=F_d11;13600;INTARIAN_PEPPER_ROOT;10624;16;10622;28;;;10630;14;10632;21;;;10627.0;0.0
yf_ZC=F_d11;13700;ASH_COATED_OSMIUM;9920;15;9917;24;;;9926;11;9929;18;;;9923.0;0.0
yf_ZC=F_d11;13700;INTARIAN_PEPPER_ROOT;10624;13;10622;19;;;10630;19;10632;18;;;10627.0;0.0
yf_ZC=F_d11;13800;ASH_COATED_OSMIUM;9920;15;9918;26;;;9926;10;9928;23;;;9923.0;0.0
yf_ZC=F_d11;13800;INTARIAN_PEPPER_ROOT;10624;11;10620;17;;;10630;11;10633;18;;;10627.0;0.0
yf_ZC=F_d11;13900;ASH_COATED_OSMIUM;9919;16;9915;20;;;9926;12;9929;22;;;9922.5;0.0
yf_ZC=F_d11;13900;INTARIAN_PEPPER_ROOT;10625;13;10622;21;;;10632;14;10634;23;;;10628.5;0.0
yf_ZC=F_d11;14000;ASH_COATED_OSMIUM;9920;13;9918;20;;;9926;14;9929;16;;;9923.0;0.0
yf_ZC=F_d11;14000;INTARIAN_PEPPER_ROOT;10626;20;10622;18;;;10632;17;10635;14;;;10629.0;0.0
yf_ZC=F_d11;14100;ASH_COATED_OSMIUM;9920;5;9917;17;;;9926;9;9930;28;;;9923.0;0.0
yf_ZC=F_d11;14100;INTARIAN_PEPPER_ROOT;10626;17;10622;17;;;10632;21;10634;19;;;10629.0;0.0
yf_ZC=F_d11;14200;ASH_COATED_OSMIUM;9920;9;9918;16;;;9926;5;9928;24;;;9923.0;0.0
yf_ZC=F_d11;14200;INTARIAN_PEPPER_ROOT;10626;21;10624;13;;;10634;5;10636;15;;;10630.0;0.0
yf_ZC=F_d11;14300;ASH_COATED_OSMIUM;9920;11;9918;17;;;9926;15;9930;19;;;9923.0;0.0
yf_ZC=F_d11;14300;INTARIAN_PEPPER_ROOT;10626;15;10622;16;;;10634;20;10637;21;;;10630.0;0.0
yf_ZC=F_d11;14400;ASH_COATED_OSMIUM;9920;18;9917;26;;;9926;14;9929;17;;;9923.0;0.0
yf_ZC=F_d11;14400;INTARIAN_PEPPER_ROOT;10614;14;10612;22;;;10648;19;10651;24;;;10631.0;0.0
yf_ZC=F_d11;14500;ASH_COATED_OSMIUM;9920;8;9916;17;;;9926;21;9928;27;;;9923.0;0.0
yf_ZC=F_d11;14500;INTARIAN_PEPPER_ROOT;10629;10;10626;14;;;10635;5;10638;24;;;10632.0;0.0
yf_ZC=F_d11;14600;ASH_COATED_OSMIUM;9921;17;9918;20;;;9927;16;9929;14;;;9924.0;0.0
yf_ZC=F_d11;14600;INTARIAN_PEPPER_ROOT;10623;16;10619;17;;;10642;7;10645;18;;;10632.5;0.0
yf_ZC=F_d11;14700;ASH_COATED_OSMIUM;9920;11;9917;14;;;9926;7;9930;23;;;9923.0;0.0
yf_ZC=F_d11;14700;INTARIAN_PEPPER_ROOT;10630;12;10627;15;;;10636;16;10640;18;;;10633.0;0.0
yf_ZC=F_d11;14800;ASH_COATED_OSMIUM;9920;13;9918;25;;;9926;13;9930;11;;;9923.0;0.0
yf_ZC=F_d11;14800;INTARIAN_PEPPER_ROOT;10631;11;10627;19;;;10637;22;10639;19;;;10634.0;0.0
yf_ZC=F_d11;14900;ASH_COATED_OSMIUM;9917;15;9913;21;;;9929;7;9932;22;;;9923.0;0.0
yf_ZC=F_d11;14900;INTARIAN_PEPPER_ROOT;10627;12;10623;22;;;10641;10;10645;17;;;10634.0;0.0
yf_ZC=F_d11;15000;ASH_COATED_OSMIUM;9920;16;9917;28;;;9926;9;9928;29;;;9923.0;0.0
yf_ZC=F_d11;15000;INTARIAN_PEPPER_ROOT;10632;21;10629;15;;;10638;23;10642;25;;;10635.0;0.0
yf_ZC=F_d11;15100;ASH_COATED_OSMIUM;9920;17;9918;17;;;9926;18;9929;18;;;9923.0;0.0
yf_ZC=F_d11;15100;INTARIAN_PEPPER_ROOT;10632;14;10629;26;;;10640;19;10643;22;;;10636.0;0.0
yf_ZC=F_d11;15200;ASH_COATED_OSMIUM;9921;10;9918;8;;;9927;14;9931;21;;;9924.0;0.0
yf_ZC=F_d11;15200;INTARIAN_PEPPER_ROOT;10633;10;10630;17;;;10639;13;10643;26;;;10636.0;0.0
yf_ZC=F_d11;15300;ASH_COATED_OSMIUM;9918;16;9915;14;;;9928;15;9930;15;;;9923.0;0.0
yf_ZC=F_d11;15300;INTARIAN_PEPPER_ROOT;10634;16;10630;25;;;10640;18;10642;14;;;10637.0;0.0
yf_ZC=F_d11;15400;ASH_COATED_OSMIUM;9921;23;9918;21;;;9927;17;9930;28;;;9924.0;0.0
yf_ZC=F_d11;15400;INTARIAN_PEPPER_ROOT;10634;20;10630;16;;;10641;14;10644;12;;;10637.5;0.0
yf_ZC=F_d11;15500;ASH_COATED_OSMIUM;9920;18;9918;21;;;9926;13;9930;14;;;9923.0;0.0
yf_ZC=F_d11;15500;INTARIAN_PEPPER_ROOT;10635;5;10633;16;;;10641;18;10644;12;;;10638.0;0.0
yf_ZC=F_d11;15600;ASH_COATED_OSMIUM;9920;15;9918;20;;;9927;6;9929;17;;;9923.5;0.0
yf_ZC=F_d11;15600;INTARIAN_PEPPER_ROOT;10636;7;10632;10;;;10642;14;10646;17;;;10639.0;0.0
yf_ZC=F_d11;15700;ASH_COATED_OSMIUM;9915;13;9913;20;;;9931;13;9935;23;;;9923.0;0.0
yf_ZC=F_d11;15700;INTARIAN_PEPPER_ROOT;10636;16;10634;8;;;10642;11;10646;17;;;10639.0;0.0
yf_ZC=F_d11;15800;ASH_COATED_OSMIUM;9920;15;9917;23;;;9927;21;9930;21;;;9923.5;0.0
yf_ZC=F_d11;15800;INTARIAN_PEPPER_ROOT;10637;16;10634;21;;;10643;14;10647;21;;;10640.0;0.0
yf_ZC=F_d11;15900;ASH_COATED_OSMIUM;9917;17;9915;25;;;9930;22;9933;26;;;9923.5;0.0
yf_ZC=F_d11;15900;INTARIAN_PEPPER_ROOT;10638;9;10635;26;;;10644;9;10647;19;;;10641.0;0.0
yf_ZC=F_d11;16000;ASH_COATED_OSMIUM;9916;6;9912;12;;;9930;9;9934;18;;;9923.0;0.0
yf_ZC=F_d11;16000;INTARIAN_PEPPER_ROOT;10635;14;10633;21;;;10647;30;10649;20;;;10641.0;0.0
yf_ZC=F_d11;16100;ASH_COATED_OSMIUM;9921;19;9917;21;;;9927;17;9931;28;;;9924.0;0.0
yf_ZC=F_d11;16100;INTARIAN_PEPPER_ROOT;10639;8;10637;22;;;10645;10;10648;29;;;10642.0;0.0
yf_ZC=F_d11;16200;ASH_COATED_OSMIUM;9919;17;9916;19;;;9928;7;9930;20;;;9923.5;0.0
yf_ZC=F_d11;16200;INTARIAN_PEPPER_ROOT;10640;5;10636;17;;;10646;13;10648;21;;;10643.0;0.0
yf_ZC=F_d11;16300;ASH_COATED_OSMIUM;9912;24;9908;22;;;9935;8;9938;20;;;9923.5;0.0
yf_ZC=F_d11;16300;INTARIAN_PEPPER_ROOT;10639;5;10637;15;;;10648;18;10652;17;;;10643.5;0.0
yf_ZC=F_d11;16400;ASH_COATED_OSMIUM;9915;18;9913;19;;;9932;9;9934;22;;;9923.5;0.0
yf_ZC=F_d11;16400;INTARIAN_PEPPER_ROOT;10638;13;10636;21;;;10650;19;10654;19;;;10644.0;0.0
yf_ZC=F_d11;16500;ASH_COATED_OSMIUM;9920;16;9918;21;;;9928;7;9930;22;;;9924.0;0.0
yf_ZC=F_d11;16500;INTARIAN_PEPPER_ROOT;10642;22;10639;18;;;10648;18;10650;15;;;10645.0;0.0
yf_ZC=F_d11;16600;ASH_COATED_OSMIUM;9920;17;9918;12;;;9928;11;9932;20;;;9924.0;0.0
yf_ZC=F_d11;16600;INTARIAN_PEPPER_ROOT;10634;13;10631;14;;;10656;11;10660;21;;;10645.0;0.0
yf_ZC=F_d11;16700;ASH_COATED_OSMIUM;9921;24;9919;19;;;9927;9;9931;20;;;9924.0;0.0
yf_ZC=F_d11;16700;INTARIAN_PEPPER_ROOT;10643;26;10641;18;;;10649;17;10653;28;;;10646.0;0.0
yf_ZC=F_d11;16800;ASH_COATED_OSMIUM;9922;14;9918;13;;;9928;11;9930;15;;;9925.0;0.0
yf_ZC=F_d11;16800;INTARIAN_PEPPER_ROOT;10643;20;10639;15;;;10649;18;10651;25;;;10646.0;0.0
yf_ZC=F_d11;16900;ASH_COATED_OSMIUM;9921;16;9917;18;;;9927;23;9931;18;;;9924.0;0.0
yf_ZC=F_d11;16900;INTARIAN_PEPPER_ROOT;10644;13;10640;22;;;10650;11;10652;14;;;10647.0;0.0
yf_ZC=F_d11;17000;ASH_COATED_OSMIUM;9917;11;9914;15;;;9930;12;9933;15;;;9923.5;0.0
yf_ZC=F_d11;17000;INTARIAN_PEPPER_ROOT;10642;8;10639;19;;;10649;15;10651;20;;;10645.5;0.0
yf_ZC=F_d11;17100;ASH_COATED_OSMIUM;9920;16;9918;14;;;9928;12;9932;18;;;9924.0;0.0
yf_ZC=F_d11;17100;INTARIAN_PEPPER_ROOT;10639;14;10636;27;;;10645;19;10648;23;;;10642.0;0.0
yf_ZC=F_d11;17200;ASH_COATED_OSMIUM;9920;18;9917;21;;;9926;17;9929;18;;;9923.0;0.0
yf_ZC=F_d11;17200;INTARIAN_PEPPER_ROOT;10629;20;10627;21;;;10646;14;10650;24;;;10637.5;0.0
yf_ZC=F_d11;17300;ASH_COATED_OSMIUM;9916;14;9914;13;;;9932;18;9935;14;;;9924.0;0.0
yf_ZC=F_d11;17300;INTARIAN_PEPPER_ROOT;10631;24;10628;22;;;10637;26;10641;21;;;10634.0;0.0
yf_ZC=F_d11;17400;ASH_COATED_OSMIUM;9917;22;9915;23;;;9931;13;9935;15;;;9924.0;0.0
yf_ZC=F_d11;17400;INTARIAN_PEPPER_ROOT;10627;14;10623;20;;;10633;15;10637;20;;;10630.0;0.0
yf_ZC=F_d11;17500;ASH_COATED_OSMIUM;9920;16;9918;12;;;9926;18;9930;13;;;9923.0;0.0
yf_ZC=F_d11;17500;INTARIAN_PEPPER_ROOT;10624;14;10621;24;;;10630;12;10632;22;;;10627.0;0.0
yf_ZC=F_d11;17600;ASH_COATED_OSMIUM;9910;14;9908;18;;;9937;13;9941;27;;;9923.5;0.0
yf_ZC=F_d11;17600;INTARIAN_PEPPER_ROOT;10616;21;10613;23;;;10629;20;10632;19;;;10622.5;0.0
yf_ZC=F_d11;17700;ASH_COATED_OSMIUM;9921;15;9919;11;;;9927;13;9929;9;;;9924.0;0.0
yf_ZC=F_d11;17700;INTARIAN_PEPPER_ROOT;10612;21;10610;17;;;10626;8;10630;26;;;10619.0;0.0
yf_ZC=F_d11;17800;ASH_COATED_OSMIUM;9915;14;9913;23;;;9931;9;9933;19;;;9923.0;0.0
yf_ZC=F_d11;17800;INTARIAN_PEPPER_ROOT;10610;21;10607;24;;;10621;18;10625;8;;;10615.5;0.0
yf_ZC=F_d11;17900;ASH_COATED_OSMIUM;9920;12;9916;27;;;9926;9;9929;24;;;9923.0;0.0
yf_ZC=F_d11;17900;INTARIAN_PEPPER_ROOT;10608;6;10605;16;;;10614;18;10616;8;;;10611.0;0.0
yf_ZC=F_d11;18000;ASH_COATED_OSMIUM;9920;21;9916;18;;;9926;18;9929;24;;;9923.0;0.0
yf_ZC=F_d11;18000;INTARIAN_PEPPER_ROOT;10604;20;10600;12;;;10610;16;10613;20;;;10607.0;0.0
yf_ZC=F_d11;18100;ASH_COATED_OSMIUM;9917;13;9915;15;;;9929;26;9933;26;;;9923.0;0.0
yf_ZC=F_d11;18100;INTARIAN_PEPPER_ROOT;10601;16;10598;18;;;10607;15;10610;20;;;10604.0;0.0
yf_ZC=F_d11;18200;ASH_COATED_OSMIUM;9910;15;9906;14;;;9935;10;9937;20;;;9922.5;0.0
yf_ZC=F_d11;18200;INTARIAN_PEPPER_ROOT;10591;23;10588;18;;;10607;13;10609;17;;;10599.0;0.0
yf_ZC=F_d11;18300;ASH_COATED_OSMIUM;9920;20;9918;22;;;9926;26;9929;16;;;9923.0;0.0
yf_ZC=F_d11;18300;INTARIAN_PEPPER_ROOT;10593;13;10590;18;;;10599;5;10602;29;;;10596.0;0.0
yf_ZC=F_d11;18400;ASH_COATED_OSMIUM;9920;10;9918;17;;;9926;19;9929;19;;;9923.0;0.0
yf_ZC=F_d11;18400;INTARIAN_PEPPER_ROOT;10578;15;10574;17;;;10606;22;10610;22;;;10592.0;0.0
yf_ZC=F_d11;18500;ASH_COATED_OSMIUM;9915;13;9912;30;;;9930;25;9932;14;;;9922.5;0.0
yf_ZC=F_d11;18500;INTARIAN_PEPPER_ROOT;10585;8;10582;28;;;10591;18;10594;20;;;10588.0;0.0
yf_ZC=F_d11;18600;ASH_COATED_OSMIUM;9920;17;9917;27;;;9926;12;9930;15;;;9923.0;0.0
yf_ZC=F_d11;18600;INTARIAN_PEPPER_ROOT;10571;11;10569;20;;;10598;15;10601;16;;;10584.5;0.0
yf_ZC=F_d11;18700;ASH_COATED_OSMIUM;9919;14;9916;26;;;9925;16;9928;19;;;9922.0;0.0
yf_ZC=F_d11;18700;INTARIAN_PEPPER_ROOT;10578;22;10576;18;;;10584;5;10588;26;;;10581.0;0.0
yf_ZC=F_d11;18800;ASH_COATED_OSMIUM;9918;22;9915;27;;;9925;16;9928;21;;;9921.5;0.0
yf_ZC=F_d11;18800;INTARIAN_PEPPER_ROOT;10565;22;10562;20;;;10588;18;10590;19;;;10576.5;0.0
yf_ZC=F_d11;18900;ASH_COATED_OSMIUM;9919;10;9915;18;;;9925;14;9928;11;;;9922.0;0.0
yf_ZC=F_d11;18900;INTARIAN_PEPPER_ROOT;10567;6;10564;11;;;10577;10;10581;16;;;10572.0;0.0
yf_ZC=F_d11;19000;ASH_COATED_OSMIUM;9911;12;9909;29;;;9933;22;9936;24;;;9922.0;0.0
yf_ZC=F_d11;19000;INTARIAN_PEPPER_ROOT;10560;12;10556;8;;;10579;16;10581;18;;;10569.5;0.0
yf_ZC=F_d11;19100;ASH_COATED_OSMIUM;9911;17;9909;12;;;9934;16;9936;15;;;9922.5;0.0
yf_ZC=F_d11;19100;INTARIAN_PEPPER_ROOT;10563;19;10561;20;;;10569;18;10573;16;;;10566.0;0.0
yf_ZC=F_d11;19200;ASH_COATED_OSMIUM;9918;10;9914;20;;;9924;22;9927;19;;;9921.0;0.0
yf_ZC=F_d11;19200;INTARIAN_PEPPER_ROOT;10558;18;10556;19;;;10564;12;10566;15;;;10561.0;0.0
yf_ZC=F_d11;19300;ASH_COATED_OSMIUM;9918;25;9914;35;;;9924;16;9928;22;;;9921.0;0.0
yf_ZC=F_d11;19300;INTARIAN_PEPPER_ROOT;10553;20;10551;32;;;10563;19;10567;25;;;10558.0;0.0
yf_ZC=F_d11;19400;ASH_COATED_OSMIUM;9918;14;9915;13;;;9924;15;9928;24;;;9921.0;0.0
yf_ZC=F_d11;19400;INTARIAN_PEPPER_ROOT;10550;5;10547;27;;;10557;11;10560;18;;;10553.5;0.0
yf_ZC=F_d11;19500;ASH_COATED_OSMIUM;9914;11;9910;19;;;9928;6;9931;11;;;9921.0;0.0
yf_ZC=F_d11;19500;INTARIAN_PEPPER_ROOT;10547;13;10544;24;;;10553;16;10555;22;;;10550.0;0.0
yf_ZC=F_d11;19600;ASH_COATED_OSMIUM;9916;20;9912;16;;;9927;9;9929;17;;;9921.5;0.0
yf_ZC=F_d11;19600;INTARIAN_PEPPER_ROOT;10543;11;10541;15;;;10549;18;10553;22;;;10546.0;0.0
yf_ZC=F_d11;19700;ASH_COATED_OSMIUM;9918;9;9914;26;;;9924;22;9928;17;;;9921.0;0.0
yf_ZC=F_d11;19700;INTARIAN_PEPPER_ROOT;10537;19;10534;16;;;10546;14;10549;11;;;10541.5;0.0
yf_ZC=F_d11;19800;ASH_COATED_OSMIUM;9918;18;9914;10;;;9924;13;9928;28;;;9921.0;0.0
yf_ZC=F_d11;19800;INTARIAN_PEPPER_ROOT;10535;11;10533;18;;;10541;15;10545;20;;;10538.0;0.0
yf_ZC=F_d11;19900;ASH_COATED_OSMIUM;9919;18;9916;15;;;9925;15;9928;10;;;9922.0;0.0
yf_ZC=F_d11;19900;INTARIAN_PEPPER_ROOT;10529;12;10527;22;;;10540;6;10543;27;;;10534.5;0.0
yf_ZC=F_d11;20000;ASH_COATED_OSMIUM;9918;18;9915;21;;;9924;16;9928;17;;;9921.0;0.0
yf_ZC=F_d11;20000;INTARIAN_PEPPER_ROOT;10528;13;10525;22;;;10534;15;10537;19;;;10531.0;0.0
yf_ZC=F_d11;20100;ASH_COATED_OSMIUM;9917;13;9913;14;;;9923;7;9927;23;;;9920.0;0.0
yf_ZC=F_d11;20100;INTARIAN_PEPPER_ROOT;10524;9;10521;22;;;10530;14;10532;14;;;10527.0;0.0
yf_ZC=F_d11;20200;ASH_COATED_OSMIUM;9917;15;9914;17;;;9923;17;9925;15;;;9920.0;0.0
yf_ZC=F_d11;20200;INTARIAN_PEPPER_ROOT;10516;9;10512;18;;;10532;14;10536;28;;;10524.0;0.0
yf_ZC=F_d11;20300;ASH_COATED_OSMIUM;9918;16;9916;14;;;9924;19;9926;16;;;9921.0;0.0
yf_ZC=F_d11;20300;INTARIAN_PEPPER_ROOT;10516;14;10513;21;;;10522;8;10526;17;;;10519.0;0.0
yf_ZC=F_d11;20400;ASH_COATED_OSMIUM;9901;27;9899;15;;;9940;16;9942;26;;;9920.5;0.0
yf_ZC=F_d11;20400;INTARIAN_PEPPER_ROOT;10513;14;10511;23;;;10519;10;10523;19;;;10516.0;0.0
yf_ZC=F_d11;20500;ASH_COATED_OSMIUM;9915;14;9911;19;;;9925;17;9929;19;;;9920.0;0.0
yf_ZC=F_d11;20500;INTARIAN_PEPPER_ROOT;10501;12;10498;21;;;10522;25;10526;21;;;10511.5;0.0
yf_ZC=F_d11;20600;ASH_COATED_OSMIUM;9918;21;9915;25;;;9924;24;9927;22;;;9921.0;0.0
yf_ZC=F_d11;20600;INTARIAN_PEPPER_ROOT;10503;13;10501;19;;;10512;13;10516;21;;;10507.5;0.0
yf_ZC=F_d11;20700;ASH_COATED_OSMIUM;9917;8;9915;21;;;9923;18;9926;24;;;9920.0;0.0
yf_ZC=F_d11;20700;INTARIAN_PEPPER_ROOT;10501;17;10497;21;;;10507;9;10510;27;;;10504.0;0.0
yf_ZC=F_d11;20800;ASH_COATED_OSMIUM;9917;16;9914;13;;;9923;10;9926;13;;;9920.0;0.0
yf_ZC=F_d11;20800;INTARIAN_PEPPER_ROOT;10490;16;10488;30;;;10509;14;10512;14;;;10499.5;0.0
yf_ZC=F_d11;20900;ASH_COATED_OSMIUM;9908;5;9906;16;;;9932;12;9934;18;;;9920.0;0.0
yf_ZC=F_d11;20900;INTARIAN_PEPPER_ROOT;10491;14;10487;14;;;10502;10;10504;19;;;10496.5;0.0
yf_ZC=F_d11;21000;ASH_COATED_OSMIUM;9914;8;9911;14;;;9927;21;9931;19;;;9920.5;0.0
yf_ZC=F_d11;21000;INTARIAN_PEPPER_ROOT;10490;16;10486;14;;;10496;13;10499;20;;;10493.0;0.0
yf_ZC=F_d11;21100;ASH_COATED_OSMIUM;9910;18;9908;20;;;9929;23;9931;31;;;9919.5;0.0
yf_ZC=F_d11;21100;INTARIAN_PEPPER_ROOT;10486;14;10483;12;;;10492;15;10495;11;;;10489.0;0.0
yf_ZC=F_d11;21200;ASH_COATED_OSMIUM;9904;5;9901;22;;;9935;9;9937;27;;;9919.5;0.0
yf_ZC=F_d11;21200;INTARIAN_PEPPER_ROOT;10480;13;10477;19;;;10489;7;10492;14;;;10484.5;0.0
yf_ZC=F_d11;21300;ASH_COATED_OSMIUM;9907;15;9904;25;;;9932;17;9936;18;;;9919.5;0.0
yf_ZC=F_d11;21300;INTARIAN_PEPPER_ROOT;10477;5;10475;21;;;10485;17;10487;19;;;10481.0;0.0
yf_ZC=F_d11;21400;ASH_COATED_OSMIUM;9917;11;9913;10;;;9923;18;9926;26;;;9920.0;0.0
yf_ZC=F_d11;21400;INTARIAN_PEPPER_ROOT;10475;19;10471;12;;;10481;19;10484;20;;;10478.0;0.0
yf_ZC=F_d11;21500;ASH_COATED_OSMIUM;9917;12;9913;26;;;9923;15;9926;14;;;9920.0;0.0
yf_ZC=F_d11;21500;INTARIAN_PEPPER_ROOT;10471;10;10467;19;;;10477;23;10479;22;;;10474.0;0.0
yf_ZC=F_d11;21600;ASH_COATED_OSMIUM;9915;17;9912;24;;;9925;11;9928;15;;;9920.0;0.0
yf_ZC=F_d11;21600;INTARIAN_PEPPER_ROOT;10459;16;10456;15;;;10479;5;10483;16;;;10469.0;0.0
yf_ZC=F_d11;21700;ASH_COATED_OSMIUM;9913;17;9909;18;;;9925;22;9928;25;;;9919.0;0.0
yf_ZC=F_d11;21700;INTARIAN_PEPPER_ROOT;10463;6;10461;9;;;10469;12;10471;17;;;10466.0;0.0
yf_ZC=F_d11;21800;ASH_COATED_OSMIUM;9916;10;9913;18;;;9922;9;9925;24;;;9919.0;0.0
yf_ZC=F_d11;21800;INTARIAN_PEPPER_ROOT;10453;13;10450;14;;;10471;14;10473;16;;;10462.0;0.0
yf_ZC=F_d11;21900;ASH_COATED_OSMIUM;9916;13;9914;22;;;9923;9;9926;8;;;9919.5;0.0
yf_ZC=F_d11;21900;INTARIAN_PEPPER_ROOT;10449;13;10445;14;;;10468;13;10472;15;;;10458.5;0.0
yf_ZC=F_d11;22000;ASH_COATED_OSMIUM;9916;12;9914;27;;;9922;11;9925;17;;;9919.0;0.0
yf_ZC=F_d11;22000;INTARIAN_PEPPER_ROOT;10448;11;10445;20;;;10461;10;10464;17;;;10454.5;0.0
yf_ZC=F_d11;22100;ASH_COATED_OSMIUM;9915;18;9911;21;;;9922;18;9925;19;;;9918.5;0.0
yf_ZC=F_d11;22100;INTARIAN_PEPPER_ROOT;10448;13;10444;22;;;10454;15;10456;23;;;10451.0;0.0
yf_ZC=F_d11;22200;ASH_COATED_OSMIUM;9916;7;9912;23;;;9922;24;9924;18;;;9919.0;0.0
yf_ZC=F_d11;22200;INTARIAN_PEPPER_ROOT;10442;5;10440;17;;;10451;13;10454;20;;;10446.5;0.0
yf_ZC=F_d11;22300;ASH_COATED_OSMIUM;9915;29;9913;20;;;9922;18;9924;18;;;9918.5;0.0
yf_ZC=F_d11;22300;INTARIAN_PEPPER_ROOT;10439;19;10435;16;;;10445;11;10448;15;;;10442.0;0.0
yf_ZC=F_d11;22400;ASH_COATED_OSMIUM;9911;10;9908;15;;;9927;7;9930;24;;;9919.0;0.0
yf_ZC=F_d11;22400;INTARIAN_PEPPER_ROOT;10435;12;10431;20;;;10443;9;10447;23;;;10439.0;0.0
yf_ZC=F_d11;22500;ASH_COATED_OSMIUM;9915;24;9913;22;;;9921;23;9923;26;;;9918.0;0.0
yf_ZC=F_d11;22500;INTARIAN_PEPPER_ROOT;10433;19;10429;11;;;10439;20;10443;15;;;10436.0;0.0
yf_ZC=F_d11;22600;ASH_COATED_OSMIUM;9915;19;9911;21;;;9921;17;9923;20;;;9918.0;0.0
yf_ZC=F_d11;22600;INTARIAN_PEPPER_ROOT;10421;7;10418;18;;;10442;15;10445;25;;;10431.5;0.0
yf_ZC=F_d11;22700;ASH_COATED_OSMIUM;9915;23;9911;16;;;9921;16;9923;22;;;9918.0;0.0
yf_ZC=F_d11;22700;INTARIAN_PEPPER_ROOT;10420;20;10417;15;;;10435;5;10438;20;;;10427.5;0.0
yf_ZC=F_d11;22800;ASH_COATED_OSMIUM;9915;15;9912;23;;;9922;20;9926;21;;;9918.5;0.0
yf_ZC=F_d11;22800;INTARIAN_PEPPER_ROOT;10414;13;10411;13;;;10434;17;10437;30;;;10424.0;0.0
yf_ZC=F_d11;22900;ASH_COATED_OSMIUM;9915;20;9911;22;;;9921;13;9924;22;;;9918.0;0.0
yf_ZC=F_d11;22900;INTARIAN_PEPPER_ROOT;10415;12;10411;19;;;10425;20;10429;15;;;10420.0;0.0
yf_ZC=F_d11;23000;ASH_COATED_OSMIUM;9915;11;9913;18;;;9921;11;9923;19;;;9918.0;0.0
yf_ZC=F_d11;23000;INTARIAN_PEPPER_ROOT;10413;20;10411;25;;;10419;23;10422;30;;;10416.0;0.0
yf_ZC=F_d11;23100;ASH_COATED_OSMIUM;9915;16;9913;20;;;9921;13;9924;21;;;9918.0;0.0
yf_ZC=F_d11;23100;INTARIAN_PEPPER_ROOT;10410;21;10406;17;;;10416;19;10418;25;;;10413.0;0.0
yf_ZC=F_d11;23200;ASH_COATED_OSMIUM;9910;11;9907;15;;;9925;8;9927;24;;;9917.5;0.0
yf_ZC=F_d11;23200;INTARIAN_PEPPER_ROOT;10405;20;10403;24;;;10412;14;10414;14;;;10408.5;0.0
yf_ZC=F_d11;23300;ASH_COATED_OSMIUM;9915;6;9911;20;;;9921;16;9924;14;;;9918.0;0.0
yf_ZC=F_d11;23300;INTARIAN_PEPPER_ROOT;10401;9;10399;19;;;10407;8;10410;23;;;10404.0;0.0
yf_ZC=F_d11;23400;ASH_COATED_OSMIUM;9915;16;9913;22;;;9921;17;9923;22;;;9918.0;0.0
yf_ZC=F_d11;23400;INTARIAN_PEPPER_ROOT;10393;12;10389;19;;;10407;14;10411;26;;;10400.0;0.0
yf_ZC=F_d11;23500;ASH_COATED_OSMIUM;9914;8;9910;12;;;9920;8;9922;30;;;9917.0;0.0
yf_ZC=F_d11;23500;INTARIAN_PEPPER_ROOT;10394;14;10391;16;;;10400;30;10404;25;;;10397.0;0.0
yf_ZC=F_d11;23600;ASH_COATED_OSMIUM;9915;18;9911;16;;;9922;12;9926;24;;;9918.5;0.0
yf_ZC=F_d11;23600;INTARIAN_PEPPER_ROOT;10390;18;10386;16;;;10396;16;10399;17;;;10393.0;0.0
yf_ZC=F_d11;23700;ASH_COATED_OSMIUM;9915;18;9911;31;;;9921;14;9924;25;;;9918.0;0.0
yf_ZC=F_d11;23700;INTARIAN_PEPPER_ROOT;10377;15;10374;17;;;10401;22;10403;25;;;10389.0;0.0
yf_ZC=F_d11;23800;ASH_COATED_OSMIUM;9908;18;9904;20;;;9926;18;9929;25;;;9917.0;0.0
yf_ZC=F_d11;23800;INTARIAN_PEPPER_ROOT;10383;18;10380;23;;;10389;25;10392;23;;;10386.0;0.0
yf_ZC=F_d11;23900;ASH_COATED_OSMIUM;9913;13;9909;18;;;9920;19;9924;12;;;9916.5;0.0
yf_ZC=F_d11;23900;INTARIAN_PEPPER_ROOT;10372;20;10370;22;;;10391;23;10395;15;;;10381.5;0.0
yf_ZC=F_d11;24000;ASH_COATED_OSMIUM;9909;13;9905;20;;;9924;19;9926;25;;;9916.5;0.0
yf_ZC=F_d11;24000;INTARIAN_PEPPER_ROOT;10375;9;10373;25;;;10381;12;10383;17;;;10378.0;0.0
yf_ZC=F_d11;24100;ASH_COATED_OSMIUM;9914;9;9911;16;;;9920;14;9923;10;;;9917.0;0.0
yf_ZC=F_d11;24100;INTARIAN_PEPPER_ROOT;10371;14;10369;23;;;10377;17;10380;22;;;10374.0;0.0
yf_ZC=F_d11;24200;ASH_COATED_OSMIUM;9914;21;9910;22;;;9920;16;9923;18;;;9917.0;0.0
yf_ZC=F_d11;24200;INTARIAN_PEPPER_ROOT;10367;19;10365;27;;;10373;16;10376;23;;;10370.0;0.0
yf_ZC=F_d11;24300;ASH_COATED_OSMIUM;9910;16;9906;16;;;9924;16;9927;16;;;9917.0;0.0
yf_ZC=F_d11;24300;INTARIAN_PEPPER_ROOT;10364;11;10362;25;;;10370;13;10374;27;;;10367.0;0.0
yf_ZC=F_d11;24400;ASH_COATED_OSMIUM;9914;15;9911;18;;;9920;21;9922;22;;;9917.0;0.0
yf_ZC=F_d11;24400;INTARIAN_PEPPER_ROOT;10360;10;10356;20;;;10366;9;10369;18;;;10363.0;0.0
yf_ZC=F_d11;24500;ASH_COATED_OSMIUM;9914;20;9910;18;;;9920;15;9922;25;;;9917.0;0.0
yf_ZC=F_d11;24500;INTARIAN_PEPPER_ROOT;10353;9;10350;17;;;10364;5;10368;16;;;10358.5;0.0
yf_ZC=F_d11;24600;ASH_COATED_OSMIUM;9914;13;9911;20;;;9920;17;9924;21;;;9917.0;0.0
yf_ZC=F_d11;24600;INTARIAN_PEPPER_ROOT;10351;20;10349;15;;;10360;12;10362;25;;;10355.5;0.0
yf_ZC=F_d11;24700;ASH_COATED_OSMIUM;9907;18;9905;14;;;9927;12;9929;18;;;9917.0;0.0
yf_ZC=F_d11;24700;INTARIAN_PEPPER_ROOT;10345;12;10341;18;;;10356;20;10359;24;;;10350.5;0.0
yf_ZC=F_d11;24800;ASH_COATED_OSMIUM;9913;16;9911;21;;;9919;10;9921;30;;;9916.0;0.0
yf_ZC=F_d11;24800;INTARIAN_PEPPER_ROOT;10344;17;10340;26;;;10350;19;10352;25;;;10347.0;0.0
yf_ZC=F_d11;24900;ASH_COATED_OSMIUM;9913;8;9909;21;;;9919;16;9921;8;;;9916.0;0.0
yf_ZC=F_d11;24900;INTARIAN_PEPPER_ROOT;10336;5;10332;26;;;10351;9;10355;18;;;10343.5;0.0
yf_ZC=F_d11;25000;ASH_COATED_OSMIUM;9914;12;9910;12;;;9920;13;9924;18;;;9917.0;0.0
yf_ZC=F_d11;25000;INTARIAN_PEPPER_ROOT;10337;12;10335;17;;;10343;18;10346;14;;;10340.0;0.0
yf_ZC=F_d11;25100;ASH_COATED_OSMIUM;9912;15;9909;20;;;9918;12;9920;22;;;9915.0;0.0
yf_ZC=F_d11;25100;INTARIAN_PEPPER_ROOT;10331;19;10329;21;;;10341;16;10344;26;;;10336.0;0.0
yf_ZC=F_d11;25200;ASH_COATED_OSMIUM;9913;12;9910;19;;;9919;12;9922;13;;;9916.0;0.0
yf_ZC=F_d11;25200;INTARIAN_PEPPER_ROOT;10329;21;10325;21;;;10335;10;10339;19;;;10332.0;0.0
yf_ZC=F_d11;25300;ASH_COATED_OSMIUM;9913;13;9911;31;;;9919;15;9922;29;;;9916.0;0.0
yf_ZC=F_d11;25300;INTARIAN_PEPPER_ROOT;10321;13;10317;21;;;10336;11;10339;21;;;10328.5;0.0
yf_ZC=F_d11;25400;ASH_COATED_OSMIUM;9899;9;9897;15;;;9933;14;9935;13;;;9916.0;0.0
yf_ZC=F_d11;25400;INTARIAN_PEPPER_ROOT;10321;18;10317;19;;;10327;18;10330;22;;;10324.0;0.0
yf_ZC=F_d11;25500;ASH_COATED_OSMIUM;9911;12;9907;23;;;9920;7;9924;22;;;9915.5;0.0
yf_ZC=F_d11;25500;INTARIAN_PEPPER_ROOT;10317;17;10313;14;;;10323;19;10326;11;;;10320.0;0.0
yf_ZC=F_d11;25600;ASH_COATED_OSMIUM;9913;26;9911;17;;;9919;12;9922;22;;;9916.0;0.0
yf_ZC=F_d11;25600;INTARIAN_PEPPER_ROOT;10314;9;10310;13;;;10320;15;10323;18;;;10317.0;0.0
yf_ZC=F_d11;25700;ASH_COATED_OSMIUM;9912;22;9908;27;;;9918;19;9920;26;;;9915.0;0.0
yf_ZC=F_d11;25700;INTARIAN_PEPPER_ROOT;10307;15;10304;23;;;10319;14;10322;9;;;10313.0;0.0
yf_ZC=F_d11;25800;ASH_COATED_OSMIUM;9912;7;9908;19;;;9918;11;9922;25;;;9915.0;0.0
yf_ZC=F_d11;25800;INTARIAN_PEPPER_ROOT;10306;16;10302;24;;;10312;17;10315;19;;;10309.0;0.0
yf_ZC=F_d11;25900;ASH_COATED_OSMIUM;9913;13;9911;24;;;9919;13;9923;26;;;9916.0;0.0
yf_ZC=F_d11;25900;INTARIAN_PEPPER_ROOT;10301;10;10299;16;;;10308;12;10312;29;;;10304.5;0.0
yf_ZC=F_d11;26000;ASH_COATED_OSMIUM;9912;19;9908;21;;;9919;7;9922;21;;;9915.5;0.0
yf_ZC=F_d11;26000;INTARIAN_PEPPER_ROOT;10297;15;10294;19;;;10306;17;10309;25;;;10301.5;0.0
yf_ZC=F_d11;26100;ASH_COATED_OSMIUM;9911;12;9907;13;;;9918;10;9921;25;;;9914.5;0.0
yf_ZC=F_d11;26100;INTARIAN_PEPPER_ROOT;10294;12;10291;17;;;10300;19;10304;21;;;10297.0;0.0
yf_ZC=F_d11;26200;ASH_COATED_OSMIUM;9912;12;9909;23;;;9918;20;9920;20;;;9915.0;0.0
yf_ZC=F_d11;26200;INTARIAN_PEPPER_ROOT;10287;15;10283;15;;;10299;27;10303;18;;;10293.0;0.0
yf_ZC=F_d11;26300;ASH_COATED_OSMIUM;9911;5;9909;20;;;9919;21;9922;28;;;9915.0;0.0
yf_ZC=F_d11;26300;INTARIAN_PEPPER_ROOT;10287;14;10283;10;;;10293;21;10297;12;;;10290.0;0.0
yf_ZC=F_d11;26400;ASH_COATED_OSMIUM;9912;10;9909;18;;;9918;13;9922;22;;;9915.0;0.0
yf_ZC=F_d11;26400;INTARIAN_PEPPER_ROOT;10282;19;10278;24;;;10288;9;10292;23;;;10285.0;0.0
yf_ZC=F_d11;26500;ASH_COATED_OSMIUM;9912;18;9910;17;;;9918;21;9922;22;;;9915.0;0.0
yf_ZC=F_d11;26500;INTARIAN_PEPPER_ROOT;10279;17;10276;19;;;10285;8;10289;18;;;10282.0;0.0
yf_ZC=F_d11;26600;ASH_COATED_OSMIUM;9911;17;9909;22;;;9917;14;9920;20;;;9914.0;0.0
yf_ZC=F_d11;26600;INTARIAN_PEPPER_ROOT;10276;19;10274;23;;;10282;17;10284;15;;;10279.0;0.0
yf_ZC=F_d11;26700;ASH_COATED_OSMIUM;9905;23;9902;9;;;9924;13;9926;19;;;9914.5;0.0
yf_ZC=F_d11;26700;INTARIAN_PEPPER_ROOT;10270;12;10267;16;;;10280;19;10284;27;;;10275.0;0.0
yf_ZC=F_d11;26800;ASH_COATED_OSMIUM;9912;17;9910;13;;;9918;23;9922;22;;;9915.0;0.0
yf_ZC=F_d11;26800;INTARIAN_PEPPER_ROOT;10268;17;10264;26;;;10274;9;10276;20;;;10271.0;0.0
yf_ZC=F_d11;26900;ASH_COATED_OSMIUM;9911;18;9907;21;;;9917;7;9921;22;;;9914.0;0.0
yf_ZC=F_d11;26900;INTARIAN_PEPPER_ROOT;10262;13;10258;15;;;10272;14;10275;16;;;10267.0;0.0
yf_ZC=F_d11;27000;ASH_COATED_OSMIUM;9911;12;9908;24;;;9917;9;9921;18;;;9914.0;0.0
yf_ZC=F_d11;27000;INTARIAN_PEPPER_ROOT;10261;20;10257;13;;;10267;12;10270;25;;;10264.0;0.0
yf_ZC=F_d11;27100;ASH_COATED_OSMIUM;9910;17;9907;9;;;9917;12;9920;12;;;9913.5;0.0
yf_ZC=F_d11;27100;INTARIAN_PEPPER_ROOT;10256;15;10253;24;;;10262;16;10264;20;;;10259.0;0.0
yf_ZC=F_d11;27200;ASH_COATED_OSMIUM;9911;13;9909;23;;;9917;19;9920;21;;;9914.0;0.0
yf_ZC=F_d11;27200;INTARIAN_PEPPER_ROOT;10253;9;10249;15;;;10259;12;10262;22;;;10256.0;0.0
yf_ZC=F_d11;27300;ASH_COATED_OSMIUM;9911;18;9908;24;;;9917;5;9921;24;;;9914.0;0.0
yf_ZC=F_d11;27300;INTARIAN_PEPPER_ROOT;10247;13;10245;15;;;10257;26;10261;24;;;10252.0;0.0
yf_ZC=F_d11;27400;ASH_COATED_OSMIUM;9911;21;9907;12;;;9917;15;9920;31;;;9914.0;0.0
yf_ZC=F_d11;27400;INTARIAN_PEPPER_ROOT;10244;16;10241;25;;;10250;22;10253;13;;;10247.0;0.0
yf_ZC=F_d11;27500;ASH_COATED_OSMIUM;9910;21;9908;18;;;9916;10;9918;26;;;9913.0;0.0
yf_ZC=F_d11;27500;INTARIAN_PEPPER_ROOT;10241;7;10237;26;;;10247;12;10250;21;;;10244.0;0.0
yf_ZC=F_d11;27600;ASH_COATED_OSMIUM;9911;9;9909;17;;;9917;13;9919;22;;;9914.0;0.0
yf_ZC=F_d11;27600;INTARIAN_PEPPER_ROOT;10237;24;10234;8;;;10243;26;10247;21;;;10240.0;0.0
yf_ZC=F_d11;27700;ASH_COATED_OSMIUM;9908;16;9904;14;;;9919;19;9923;14;;;9913.5;0.0
yf_ZC=F_d11;27700;INTARIAN_PEPPER_ROOT;10231;18;10229;11;;;10241;24;10244;22;;;10236.0;0.0
yf_ZC=F_d11;27800;ASH_COATED_OSMIUM;9910;21;9908;23;;;9916;15;9918;18;;;9913.0;0.0
yf_ZC=F_d11;27800;INTARIAN_PEPPER_ROOT;10226;16;10223;21;;;10238;16;10242;15;;;10232.0;0.0
yf_ZC=F_d11;27900;ASH_COATED_OSMIUM;9905;16;9902;19;;;9923;14;9925;21;;;9914.0;0.0
yf_ZC=F_d11;27900;INTARIAN_PEPPER_ROOT;10225;5;10223;20;;;10231;22;10234;21;;;10228.0;0.0
yf_ZC=F_d11;28000;ASH_COATED_OSMIUM;9910;19;9907;28;;;9916;13;9919;26;;;9913.0;0.0
yf_ZC=F_d11;28000;INTARIAN_PEPPER_ROOT;10212;15;10208;13;;;10237;19;10239;21;;;10224.5;0.0
yf_ZC=F_d11;28100;ASH_COATED_OSMIUM;9910;9;9908;19;;;9916;20;9920;23;;;9913.0;0.0
yf_ZC=F_d11;28100;INTARIAN_PEPPER_ROOT;10216;23;10214;18;;;10226;19;10228;15;;;10221.0;0.0
yf_ZC=F_d11;28200;ASH_COATED_OSMIUM;9910;8;9908;22;;;9916;5;9919;16;;;9913.0;0.0
yf_ZC=F_d11;28200;INTARIAN_PEPPER_ROOT;10214;9;10212;21;;;10220;19;10224;21;;;10217.0;0.0
yf_ZC=F_d11;28300;ASH_COATED_OSMIUM;9909;8;9906;14;;;9915;18;9919;17;;;9912.0;0.0
yf_ZC=F_d11;28300;INTARIAN_PEPPER_ROOT;10205;14;10203;19;;;10221;19;10223;20;;;10213.0;0.0
yf_ZC=F_d11;28400;ASH_COATED_OSMIUM;9910;9;9906;13;;;9916;13;9918;21;;;9913.0;0.0
yf_ZC=F_d11;28400;INTARIAN_PEPPER_ROOT;10206;13;10202;13;;;10212;15;10216;13;;;10209.0;0.0
yf_ZC=F_d11;28500;ASH_COATED_OSMIUM;9910;21;9907;18;;;9916;11;9918;20;;;9913.0;0.0
yf_ZC=F_d11;28500;INTARIAN_PEPPER_ROOT;10203;22;10199;28;;;10209;19;10212;24;;;10206.0;0.0
yf_ZC=F_d11;28600;ASH_COATED_OSMIUM;9895;12;9892;18;;;9931;21;9934;21;;;9913.0;0.0
yf_ZC=F_d11;28600;INTARIAN_PEPPER_ROOT;10199;11;10196;27;;;10205;14;10207;8;;;10202.0;0.0
yf_ZC=F_d11;28700;ASH_COATED_OSMIUM;9909;6;9906;21;;;9915;13;9919;27;;;9912.0;0.0
yf_ZC=F_d11;28700;INTARIAN_PEPPER_ROOT;10189;20;10186;25;;;10206;9;10208;17;;;10197.5;0.0
yf_ZC=F_d11;28800;ASH_COATED_OSMIUM;9910;11;9906;10;;;9916;20;9920;14;;;9913.0;0.0
yf_ZC=F_d11;28800;INTARIAN_PEPPER_ROOT;10191;8;10188;23;;;10197;18;10200;31;;;10194.0;0.0
yf_ZC=F_d11;28900;ASH_COATED_OSMIUM;9909;8;9906;20;;;9915;20;9919;15;;;9912.0;0.0
yf_ZC=F_d11;28900;INTARIAN_PEPPER_ROOT;10180;14;10176;18;;;10202;14;10204;21;;;10191.0;0.0
yf_ZC=F_d11;29000;ASH_COATED_OSMIUM;9909;17;9907;24;;;9915;23;9918;21;;;9912.0;0.0
yf_ZC=F_d11;29000;INTARIAN_PEPPER_ROOT;10184;11;10182;30;;;10190;13;10193;8;;;10187.0;0.0
yf_ZC=F_d11;29100;ASH_COATED_OSMIUM;9901;8;9898;25;;;9924;13;9927;22;;;9912.5;0.0
yf_ZC=F_d11;29100;INTARIAN_PEPPER_ROOT;10179;12;10176;22;;;10185;22;10189;18;;;10182.0;0.0
yf_ZC=F_d11;29200;ASH_COATED_OSMIUM;9907;6;9904;16;;;9916;21;9920;13;;;9911.5;0.0
yf_ZC=F_d11;29200;INTARIAN_PEPPER_ROOT;10175;23;10171;19;;;10183;17;10187;25;;;10179.0;0.0
yf_ZC=F_d11;29300;ASH_COATED_OSMIUM;9908;16;9905;19;;;9914;10;9916;23;;;9911.0;0.0
yf_ZC=F_d11;29300;INTARIAN_PEPPER_ROOT;10171;12;10167;22;;;10179;22;10182;16;;;10175.0;0.0
yf_ZC=F_d11;29400;ASH_COATED_OSMIUM;9908;12;9905;30;;;9915;14;9919;23;;;9911.5;0.0
yf_ZC=F_d11;29400;INTARIAN_PEPPER_ROOT;10168;12;10165;15;;;10175;14;10177;18;;;10171.5;0.0
yf_ZC=F_d11;29500;ASH_COATED_OSMIUM;9908;22;9904;23;;;9914;8;9916;16;;;9911.0;0.0
yf_ZC=F_d11;29500;INTARIAN_PEPPER_ROOT;10165;13;10163;17;;;10171;15;10175;13;;;10168.0;0.0
yf_ZC=F_d11;29600;ASH_COATED_OSMIUM;9902;14;9899;26;;;9921;9;9925;26;;;9911.5;0.0
yf_ZC=F_d11;29600;INTARIAN_PEPPER_ROOT;10161;9;10158;15;;;10167;21;10171;20;;;10164.0;0.0
yf_ZC=F_d11;29700;ASH_COATED_OSMIUM;9905;13;9903;31;;;9919;11;9922;30;;;9912.0;0.0
yf_ZC=F_d11;29700;INTARIAN_PEPPER_ROOT;10145;10;10141;22;;;10174;19;10177;21;;;10159.5;0.0
yf_ZC=F_d11;29800;ASH_COATED_OSMIUM;9909;8;9905;24;;;9915;13;9919;17;;;9912.0;0.0
yf_ZC=F_d11;29800;INTARIAN_PEPPER_ROOT;10153;11;10150;18;;;10159;17;10161;17;;;10156.0;0.0
yf_ZC=F_d11;29900;ASH_COATED_OSMIUM;9908;13;9904;15;;;9914;18;9916;19;;;9911.0;0.0
yf_ZC=F_d11;29900;INTARIAN_PEPPER_ROOT;10149;7;10145;21;;;10155;15;10157;26;;;10152.0;0.0
yf_ZC=F_d11;30000;ASH_COATED_OSMIUM;9906;21;9903;18;;;9916;16;9918;22;;;9911.0;0.0
yf_ZC=F_d11;30000;INTARIAN_PEPPER_ROOT;10145;15;10143;19;;;10151;13;10154;9;;;10148.0;0.0
yf_ZC=F_d11;30100;ASH_COATED_OSMIUM;9909;16;9907;16;;;9915;13;9918;20;;;9912.0;0.0
yf_ZC=F_d11;30100;INTARIAN_PEPPER_ROOT;10141;12;10138;16;;;10147;13;10150;25;;;10144.0;0.0
yf_ZC=F_d11;30200;ASH_COATED_OSMIUM;9909;8;9905;16;;;9915;14;9919;17;;;9912.0;0.0
yf_ZC=F_d11;30200;INTARIAN_PEPPER_ROOT;10138;17;10136;25;;;10144;16;10146;17;;;10141.0;0.0
yf_ZC=F_d11;30300;ASH_COATED_OSMIUM;9907;13;9903;20;;;9915;14;9919;19;;;9911.0;0.0
yf_ZC=F_d11;30300;INTARIAN_PEPPER_ROOT;10134;13;10131;15;;;10141;5;10143;18;;;10137.5;0.0
yf_ZC=F_d11;30400;ASH_COATED_OSMIUM;9908;20;9906;15;;;9914;7;9916;16;;;9911.0;0.0
yf_ZC=F_d11;30400;INTARIAN_PEPPER_ROOT;10130;15;10128;25;;;10136;18;10139;26;;;10133.0;0.0
yf_ZC=F_d11;30500;ASH_COATED_OSMIUM;9908;10;9904;20;;;9914;7;9918;19;;;9911.0;0.0
yf_ZC=F_d11;30500;INTARIAN_PEPPER_ROOT;10126;13;10123;19;;;10132;12;10136;13;;;10129.0;0.0
yf_ZC=F_d11;30600;ASH_COATED_OSMIUM;9907;11;9905;15;;;9913;11;9915;26;;;9910.0;0.0
yf_ZC=F_d11;30600;INTARIAN_PEPPER_ROOT;10115;10;10113;16;;;10136;26;10140;28;;;10125.5;0.0
yf_ZC=F_d11;30700;ASH_COATED_OSMIUM;9897;17;9895;26;;;9924;19;9926;12;;;9910.5;0.0
yf_ZC=F_d11;30700;INTARIAN_PEPPER_ROOT;10118;11;10114;15;;;10124;23;10127;13;;;10121.0;0.0
yf_ZC=F_d11;30800;ASH_COATED_OSMIUM;9907;26;9903;25;;;9913;7;9915;13;;;9910.0;0.0
yf_ZC=F_d11;30800;INTARIAN_PEPPER_ROOT;10114;13;10111;20;;;10122;14;10126;17;;;10118.0;0.0
yf_ZC=F_d11;30900;ASH_COATED_OSMIUM;9908;16;9905;23;;;9914;13;9916;15;;;9911.0;0.0
yf_ZC=F_d11;30900;INTARIAN_PEPPER_ROOT;10109;13;10105;8;;;10120;19;10122;24;;;10114.5;0.0
yf_ZC=F_d11;31000;ASH_COATED_OSMIUM;9908;10;9906;19;;;9914;9;9917;16;;;9911.0;0.0
yf_ZC=F_d11;31000;INTARIAN_PEPPER_ROOT;10107;13;10103;15;;;10113;5;10117;17;;;10110.0;0.0
yf_ZC=F_d11;31100;ASH_COATED_OSMIUM;9907;19;9904;22;;;9913;18;9915;21;;;9910.0;0.0
yf_ZC=F_d11;31100;INTARIAN_PEPPER_ROOT;10101;14;10097;20;;;10111;16;10114;18;;;10106.0;0.0
yf_ZC=F_d11;31200;ASH_COATED_OSMIUM;9903;17;9901;21;;;9916;11;9918;22;;;9909.5;0.0
yf_ZC=F_d11;31200;INTARIAN_PEPPER_ROOT;10099;9;10097;18;;;10105;8;10109;29;;;10102.0;0.0
yf_ZC=F_d11;31300;ASH_COATED_OSMIUM;9908;6;9904;14;;;9914;15;9916;17;;;9911.0;0.0
yf_ZC=F_d11;31300;INTARIAN_PEPPER_ROOT;10092;13;10090;23;;;10105;16;10107;18;;;10098.5;0.0
yf_ZC=F_d11;31400;ASH_COATED_OSMIUM;9907;13;9905;14;;;9913;14;9916;19;;;9910.0;0.0
yf_ZC=F_d11;31400;INTARIAN_PEPPER_ROOT;10091;17;10088;14;;;10097;9;10099;15;;;10094.0;0.0
yf_ZC=F_d11;31500;ASH_COATED_OSMIUM;9906;19;9903;23;;;9913;13;9917;32;;;9909.5;0.0
yf_ZC=F_d11;31500;INTARIAN_PEPPER_ROOT;10088;15;10085;10;;;10094;13;10097;24;;;10091.0;0.0
yf_ZC=F_d11;31600;ASH_COATED_OSMIUM;9907;16;9905;23;;;9913;16;9916;26;;;9910.0;0.0
yf_ZC=F_d11;31600;INTARIAN_PEPPER_ROOT;10084;14;10080;29;;;10090;10;10092;23;;;10087.0;0.0
yf_ZC=F_d11;31700;ASH_COATED_OSMIUM;9903;14;9899;27;;;9916;15;9919;18;;;9909.5;0.0
yf_ZC=F_d11;31700;INTARIAN_PEPPER_ROOT;10080;10;10077;20;;;10086;23;10089;19;;;10083.0;0.0
yf_ZC=F_d11;31800;ASH_COATED_OSMIUM;9904;11;9902;22;;;9913;24;9917;16;;;9908.5;0.0
yf_ZC=F_d11;31800;INTARIAN_PEPPER_ROOT;10077;7;10073;23;;;10083;20;10086;22;;;10080.0;0.0
yf_ZC=F_d11;31900;ASH_COATED_OSMIUM;9904;24;9902;30;;;9915;15;9919;24;;;9909.5;0.0
yf_ZC=F_d11;31900;INTARIAN_PEPPER_ROOT;10071;12;10069;19;;;10081;17;10085;29;;;10076.0;0.0
yf_ZC=F_d11;32000;ASH_COATED_OSMIUM;9890;13;9886;23;;;9927;21;9929;18;;;9908.5;0.0
yf_ZC=F_d11;32000;INTARIAN_PEPPER_ROOT;10061;17;10058;20;;;10081;12;10084;16;;;10071.0;0.0
yf_ZC=F_d11;32100;ASH_COATED_OSMIUM;9907;15;9903;22;;;9913;14;9916;24;;;9910.0;0.0
yf_ZC=F_d11;32100;INTARIAN_PEPPER_ROOT;10065;12;10063;27;;;10072;15;10075;21;;;10068.5;0.0
yf_ZC=F_d11;32200;ASH_COATED_OSMIUM;9903;8;9899;25;;;9915;22;9919;24;;;9909.0;0.0
yf_ZC=F_d11;32200;INTARIAN_PEPPER_ROOT;10061;17;10058;26;;;10067;12;10070;22;;;10064.0;0.0
yf_ZC=F_d11;32300;ASH_COATED_OSMIUM;9906;14;9904;11;;;9913;16;9915;14;;;9909.5;0.0
yf_ZC=F_d11;32300;INTARIAN_PEPPER_ROOT;10058;20;10054;19;;;10064;18;10067;31;;;10061.0;0.0
yf_ZC=F_d11;32400;ASH_COATED_OSMIUM;9906;21;9903;12;;;9912;22;9914;21;;;9909.0;0.0
yf_ZC=F_d11;32400;INTARIAN_PEPPER_ROOT;10051;18;10047;18;;;10061;7;10064;24;;;10056.0;0.0
yf_ZC=F_d11;32500;ASH_COATED_OSMIUM;9905;15;9902;22;;;9911;22;9915;16;;;9908.0;0.0
yf_ZC=F_d11;32500;INTARIAN_PEPPER_ROOT;10042;12;10039;22;;;10063;13;10067;22;;;10052.5;0.0
yf_ZC=F_d11;32600;ASH_COATED_OSMIUM;9905;9;9902;25;;;9911;18;9913;22;;;9908.0;0.0
yf_ZC=F_d11;32600;INTARIAN_PEPPER_ROOT;10034;21;10030;16;;;10064;12;10067;17;;;10049.0;0.0
yf_ZC=F_d11;32700;ASH_COATED_OSMIUM;9906;5;9903;20;;;9912;18;9915;16;;;9909.0;0.0
yf_ZC=F_d11;32700;INTARIAN_PEPPER_ROOT;10042;5;10040;24;;;10048;27;10050;24;;;10045.0;0.0
yf_ZC=F_d11;32800;ASH_COATED_OSMIUM;9905;7;9901;18;;;9911;18;9914;25;;;9908.0;0.0
yf_ZC=F_d11;32800;INTARIAN_PEPPER_ROOT;10038;6;10034;26;;;10044;18;10047;19;;;10041.0;0.0
yf_ZC=F_d11;32900;ASH_COATED_OSMIUM;9904;17;9901;22;;;9911;13;9913;24;;;9907.5;0.0
yf_ZC=F_d11;32900;INTARIAN_PEPPER_ROOT;10034;9;10031;20;;;10040;18;10043;19;;;10037.0;0.0
yf_ZC=F_d11;33000;ASH_COATED_OSMIUM;9905;19;9901;13;;;9911;9;9915;14;;;9908.0;0.0
yf_ZC=F_d11;33000;INTARIAN_PEPPER_ROOT;10031;13;10029;25;;;10037;21;10039;22;;;10034.0;0.0
yf_ZC=F_d11;33100;ASH_COATED_OSMIUM;9905;20;9903;17;;;9911;10;9914;23;;;9908.0;0.0
yf_ZC=F_d11;33100;INTARIAN_PEPPER_ROOT;10027;21;10023;26;;;10033;11;10036;19;;;10030.0;0.0
yf_ZC=F_d11;33200;ASH_COATED_OSMIUM;9902;13;9900;13;;;9914;18;9917;17;;;9908.0;0.0
yf_ZC=F_d11;33200;INTARIAN_PEPPER_ROOT;10022;14;10019;28;;;10029;18;10033;26;;;10025.5;0.0
yf_ZC=F_d11;33300;ASH_COATED_OSMIUM;9905;14;9902;11;;;9911;18;9914;14;;;9908.0;0.0
yf_ZC=F_d11;33300;INTARIAN_PEPPER_ROOT;10019;18;10017;20;;;10025;20;10027;18;;;10022.0;0.0
yf_ZC=F_d11;33400;ASH_COATED_OSMIUM;9904;9;9901;15;;;9913;14;9917;17;;;9908.5;0.0
yf_ZC=F_d11;33400;INTARIAN_PEPPER_ROOT;10015;18;10013;15;;;10021;14;10024;19;;;10018.0;0.0
yf_ZC=F_d11;33500;ASH_COATED_OSMIUM;9905;20;9902;23;;;9911;16;9914;8;;;9908.0;0.0
yf_ZC=F_d11;33500;INTARIAN_PEPPER_ROOT;10008;12;10005;27;;;10020;9;10022;16;;;10014.0;0.0
yf_ZC=F_d11;33600;ASH_COATED_OSMIUM;9905;15;9901;21;;;9911;10;9913;13;;;9908.0;0.0
yf_ZC=F_d11;33600;INTARIAN_PEPPER_ROOT;10008;12;10004;22;;;10014;14;10017;14;;;10011.0;0.0
yf_ZC=F_d11;33700;ASH_COATED_OSMIUM;9904;19;9901;16;;;9910;16;9913;27;;;9907.0;0.0
yf_ZC=F_d11;33700;INTARIAN_PEPPER_ROOT;10004;10;10000;25;;;10010;14;10012;24;;;10007.0;0.0
yf_ZC=F_d11;33800;ASH_COATED_OSMIUM;9902;19;9898;23;;;9913;14;9915;17;;;9907.5;0.0
yf_ZC=F_d11;33800;INTARIAN_PEPPER_ROOT;9997;17;9994;19;;;10009;11;10011;22;;;10003.0;0.0
yf_ZC=F_d11;33900;ASH_COATED_OSMIUM;9904;13;9901;24;;;9911;7;9913;31;;;9907.5;0.0
yf_ZC=F_d11;33900;INTARIAN_PEPPER_ROOT;9997;8;9993;18;;;10003;7;10007;26;;;10000.0;0.0
yf_ZC=F_d11;34000;ASH_COATED_OSMIUM;9904;15;9900;20;;;9910;22;9912;20;;;9907.0;0.0
yf_ZC=F_d11;34000;INTARIAN_PEPPER_ROOT;9996;11;9992;21;;;10004;15;10008;24;;;10000.0;0.0
yf_ZC=F_d11;34100;ASH_COATED_OSMIUM;9901;5;9897;24;;;9914;14;9917;14;;;9907.5;0.0
yf_ZC=F_d11;34100;INTARIAN_PEPPER_ROOT;9998;11;9996;18;;;10004;22;10007;25;;;10001.0;0.0
yf_ZC=F_d11;34200;ASH_COATED_OSMIUM;9902;10;9899;22;;;9913;18;9917;30;;;9907.5;0.0
yf_ZC=F_d11;34200;INTARIAN_PEPPER_ROOT;9998;10;9994;23;;;10005;9;10008;19;;;10001.5;0.0
yf_ZC=F_d11;34300;ASH_COATED_OSMIUM;9904;10;9902;28;;;9910;10;9914;24;;;9907.0;0.0
yf_ZC=F_d11;34300;INTARIAN_PEPPER_ROOT;10000;18;9996;18;;;10006;9;10010;22;;;10003.0;0.0
yf_ZC=F_d11;34400;ASH_COATED_OSMIUM;9904;10;9901;19;;;9910;6;9914;21;;;9907.0;0.0
yf_ZC=F_d11;34400;INTARIAN_PEPPER_ROOT;10000;14;9998;21;;;10006;5;10009;16;;;10003.0;0.0
yf_ZC=F_d11;34500;ASH_COATED_OSMIUM;9904;10;9900;24;;;9910;15;9914;20;;;9907.0;0.0
yf_ZC=F_d11;34500;INTARIAN_PEPPER_ROOT;10001;10;9997;16;;;10007;18;10009;17;;;10004.0;0.0
yf_ZC=F_d11;34600;ASH_COATED_OSMIUM;9905;12;9901;8;;;9911;14;9915;21;;;9908.0;0.0
yf_ZC=F_d11;34600;INTARIAN_PEPPER_ROOT;9991;15;9987;25;;;10017;16;10020;19;;;10004.0;0.0
yf_ZC=F_d11;34700;ASH_COATED_OSMIUM;9904;17;9902;23;;;9910;15;9914;19;;;9907.0;0.0
yf_ZC=F_d11;34700;INTARIAN_PEPPER_ROOT;9998;10;9996;18;;;10013;18;10016;14;;;10005.5;0.0
yf_ZC=F_d11;34800;ASH_COATED_OSMIUM;9899;18;9895;12;;;9915;15;9918;21;;;9907.0;0.0
yf_ZC=F_d11;34800;INTARIAN_PEPPER_ROOT;9992;8;9990;35;;;10020;19;10022;20;;;10006.0;0.0
yf_ZC=F_d11;34900;ASH_COATED_OSMIUM;9903;7;9901;17;;;9911;14;9914;21;;;9907.0;0.0
yf_ZC=F_d11;34900;INTARIAN_PEPPER_ROOT;10004;14;10002;15;;;10010;15;10012;23;;;10007.0;0.0
yf_ZC=F_d11;35000;ASH_COATED_OSMIUM;9905;16;9903;21;;;9911;14;9913;24;;;9908.0;0.0
yf_ZC=F_d11;35000;INTARIAN_PEPPER_ROOT;9997;18;9995;15;;;10017;10;10021;23;;;10007.0;0.0
yf_ZC=F_d11;35100;ASH_COATED_OSMIUM;9905;16;9903;20;;;9911;17;9915;19;;;9908.0;0.0
yf_ZC=F_d11;35100;INTARIAN_PEPPER_ROOT;10005;14;10003;20;;;10011;10;10013;14;;;10008.0;0.0
yf_ZC=F_d11;35200;ASH_COATED_OSMIUM;9904;14;9902;14;;;9910;20;9914;19;;;9907.0;0.0
yf_ZC=F_d11;35200;INTARIAN_PEPPER_ROOT;9997;22;9995;8;;;10020;17;10023;16;;;10008.5;0.0
yf_ZC=F_d11;35300;ASH_COATED_OSMIUM;9904;27;9900;22;;;9910;14;9913;20;;;9907.0;0.0
yf_ZC=F_d11;35300;INTARIAN_PEPPER_ROOT;10006;17;10004;29;;;10014;6;10017;25;;;10010.0;0.0
yf_ZC=F_d11;35400;ASH_COATED_OSMIUM;9900;11;9897;26;;;9914;7;9918;25;;;9907.0;0.0
yf_ZC=F_d11;35400;INTARIAN_PEPPER_ROOT;10001;22;9998;17;;;10020;18;10023;16;;;10010.5;0.0
yf_ZC=F_d11;35500;ASH_COATED_OSMIUM;9903;28;9901;29;;;9909;5;9911;11;;;9906.0;0.0
yf_ZC=F_d11;35500;INTARIAN_PEPPER_ROOT;9999;15;9995;28;;;10023;11;10025;19;;;10011.0;0.0
yf_ZC=F_d11;35600;ASH_COATED_OSMIUM;9900;23;9896;21;;;9915;12;9918;14;;;9907.5;0.0
yf_ZC=F_d11;35600;INTARIAN_PEPPER_ROOT;10009;15;10006;21;;;10015;16;10017;23;;;10012.0;0.0
yf_ZC=F_d11;35700;ASH_COATED_OSMIUM;9902;17;9900;21;;;9912;16;9914;11;;;9907.0;0.0
yf_ZC=F_d11;35700;INTARIAN_PEPPER_ROOT;10008;16;10006;21;;;10017;11;10019;25;;;10012.5;0.0
yf_ZC=F_d11;35800;ASH_COATED_OSMIUM;9904;10;9900;17;;;9910;19;9914;14;;;9907.0;0.0
yf_ZC=F_d11;35800;INTARIAN_PEPPER_ROOT;10010;10;10008;18;;;10016;24;10018;14;;;10013.0;0.0
yf_ZC=F_d11;35900;ASH_COATED_OSMIUM;9904;23;9902;10;;;9910;10;9913;19;;;9907.0;0.0
yf_ZC=F_d11;35900;INTARIAN_PEPPER_ROOT;10008;5;10006;22;;;10019;6;10022;23;;;10013.5;0.0
yf_ZC=F_d11;36000;ASH_COATED_OSMIUM;9904;14;9900;25;;;9910;12;9913;18;;;9907.0;0.0
yf_ZC=F_d11;36000;INTARIAN_PEPPER_ROOT;10008;9;10004;18;;;10020;15;10022;19;;;10014.0;0.0
yf_ZC=F_d11;36100;ASH_COATED_OSMIUM;9902;22;9900;20;;;9912;19;9914;12;;;9907.0;0.0
yf_ZC=F_d11;36100;INTARIAN_PEPPER_ROOT;10006;15;10002;23;;;10023;15;10026;21;;;10014.5;0.0
yf_ZC=F_d11;36200;ASH_COATED_OSMIUM;9903;11;9900;11;;;9910;24;9914;25;;;9906.5;0.0
yf_ZC=F_d11;36200;INTARIAN_PEPPER_ROOT;10010;17;10007;20;;;10021;12;10023;26;;;10015.5;0.0
yf_ZC=F_d11;36300;ASH_COATED_OSMIUM;9904;14;9902;15;;;9910;14;9912;18;;;9907.0;0.0
yf_ZC=F_d11;36300;INTARIAN_PEPPER_ROOT;10013;12;10010;25;;;10020;17;10024;24;;;10016.5;0.0
yf_ZC=F_d11;36400;ASH_COATED_OSMIUM;9903;13;9901;15;;;9911;15;9913;19;;;9907.0;0.0
yf_ZC=F_d11;36400;INTARIAN_PEPPER_ROOT;10012;18;10009;16;;;10024;18;10027;25;;;10018.0;0.0
yf_ZC=F_d11;36500;ASH_COATED_OSMIUM;9904;20;9902;28;;;9910;12;9914;25;;;9907.0;0.0
yf_ZC=F_d11;36500;INTARIAN_PEPPER_ROOT;10014;6;10011;22;;;10020;16;10023;21;;;10017.0;0.0
yf_ZC=F_d11;36600;ASH_COATED_OSMIUM;9904;5;9900;16;;;9910;12;9914;14;;;9907.0;0.0
yf_ZC=F_d11;36600;INTARIAN_PEPPER_ROOT;10015;6;10011;23;;;10021;12;10025;19;;;10018.0;0.0
yf_ZC=F_d11;36700;ASH_COATED_OSMIUM;9904;18;9902;20;;;9911;16;9913;10;;;9907.5;0.0
yf_ZC=F_d11;36700;INTARIAN_PEPPER_ROOT;10010;6;10007;20;;;10028;5;10030;22;;;10019.0;0.0
yf_ZC=F_d11;36800;ASH_COATED_OSMIUM;9888;18;9886;19;;;9927;14;9929;17;;;9907.5;0.0
yf_ZC=F_d11;36800;INTARIAN_PEPPER_ROOT;10013;15;10010;17;;;10027;11;10030;19;;;10020.0;0.0
yf_ZC=F_d11;36900;ASH_COATED_OSMIUM;9904;17;9900;20;;;9911;9;9915;15;;;9907.5;0.0
yf_ZC=F_d11;36900;INTARIAN_PEPPER_ROOT;10015;20;10012;21;;;10027;10;10031;21;;;10021.0;0.0
yf_ZC=F_d11;37000;ASH_COATED_OSMIUM;9904;8;9901;21;;;9910;21;9913;22;;;9907.0;0.0
yf_ZC=F_d11;37000;INTARIAN_PEPPER_ROOT;10018;17;10014;14;;;10024;8;10028;20;;;10021.0;0.0
yf_ZC=F_d11;37100;ASH_COATED_OSMIUM;9904;16;9902;20;;;9910;21;9914;19;;;9907.0;0.0
yf_ZC=F_d11;37100;INTARIAN_PEPPER_ROOT;10020;15;10018;10;;;10026;22;10028;22;;;10023.0;0.0
yf_ZC=F_d11;37200;ASH_COATED_OSMIUM;9904;19;9902;10;;;9910;17;9913;14;;;9907.0;0.0
yf_ZC=F_d11;37200;INTARIAN_PEPPER_ROOT;10020;10;10018;26;;;10026;15;10030;18;;;10023.0;0.0
yf_ZC=F_d11;37300;ASH_COATED_OSMIUM;9904;21;9900;17;;;9910;8;9914;16;;;9907.0;0.0
yf_ZC=F_d11;37300;INTARIAN_PEPPER_ROOT;10018;17;10014;16;;;10028;21;10031;19;;;10023.0;0.0
yf_ZC=F_d11;37400;ASH_COATED_OSMIUM;9904;19;9900;23;;;9910;10;9913;23;;;9907.0;0.0
yf_ZC=F_d11;37400;INTARIAN_PEPPER_ROOT;10021;22;10017;24;;;10027;10;10030;22;;;10024.0;0.0
yf_ZC=F_d11;37500;ASH_COATED_OSMIUM;9904;14;9902;18;;;9910;24;9914;11;;;9907.0;0.0
yf_ZC=F_d11;37500;INTARIAN_PEPPER_ROOT;10021;8;10018;13;;;10029;13;10031;25;;;10025.0;0.0
yf_ZC=F_d11;37600;ASH_COATED_OSMIUM;9904;16;9901;17;;;9910;20;9914;22;;;9907.0;0.0
yf_ZC=F_d11;37600;INTARIAN_PEPPER_ROOT;10023;8;10020;17;;;10029;22;10031;9;;;10026.0;0.0
yf_ZC=F_d11;37700;ASH_COATED_OSMIUM;9903;14;9901;15;;;9910;11;9914;17;;;9906.5;0.0
yf_ZC=F_d11;37700;INTARIAN_PEPPER_ROOT;10023;9;10019;24;;;10029;15;10031;16;;;10026.0;0.0
yf_ZC=F_d11;37800;ASH_COATED_OSMIUM;9901;24;9897;17;;;9913;12;9915;29;;;9907.0;0.0
yf_ZC=F_d11;37800;INTARIAN_PEPPER_ROOT;10022;15;10020;21;;;10033;9;10035;22;;;10027.5;0.0
yf_ZC=F_d11;37900;ASH_COATED_OSMIUM;9895;23;9893;23;;;9919;9;9921;14;;;9907.0;0.0
yf_ZC=F_d11;37900;INTARIAN_PEPPER_ROOT;10022;18;10020;30;;;10034;16;10037;17;;;10028.0;0.0
yf_ZC=F_d11;38000;ASH_COATED_OSMIUM;9903;10;9899;22;;;9912;21;9914;12;;;9907.5;0.0
yf_ZC=F_d11;38000;INTARIAN_PEPPER_ROOT;10025;13;10021;29;;;10033;14;10035;16;;;10029.0;0.0
yf_ZC=F_d11;38100;ASH_COATED_OSMIUM;9905;18;9901;18;;;9911;24;9914;24;;;9908.0;0.0
yf_ZC=F_d11;38100;INTARIAN_PEPPER_ROOT;10026;20;10023;21;;;10033;21;10037;24;;;10029.5;0.0
yf_ZC=F_d11;38200;ASH_COATED_OSMIUM;9904;11;9901;26;;;9910;7;9912;20;;;9907.0;0.0
yf_ZC=F_d11;38200;INTARIAN_PEPPER_ROOT;10026;19;10023;18;;;10034;23;10037;16;;;10030.0;0.0
yf_ZC=F_d11;38300;ASH_COATED_OSMIUM;9904;14;9902;17;;;9910;14;9914;17;;;9907.0;0.0
yf_ZC=F_d11;38300;INTARIAN_PEPPER_ROOT;10027;15;10025;23;;;10034;21;10037;25;;;10030.5;0.0
yf_ZC=F_d11;38400;ASH_COATED_OSMIUM;9903;16;9899;21;;;9912;17;9914;27;;;9907.5;0.0
yf_ZC=F_d11;38400;INTARIAN_PEPPER_ROOT;10028;19;10024;28;;;10034;7;10038;21;;;10031.0;0.0
yf_ZC=F_d11;38500;ASH_COATED_OSMIUM;9904;9;9900;27;;;9910;23;9913;26;;;9907.0;0.0
yf_ZC=F_d11;38500;INTARIAN_PEPPER_ROOT;10029;10;10025;17;;;10035;12;10038;26;;;10032.0;0.0
yf_ZC=F_d11;38600;ASH_COATED_OSMIUM;9904;11;9900;19;;;9911;14;9915;17;;;9907.5;0.0
yf_ZC=F_d11;38600;INTARIAN_PEPPER_ROOT;10030;5;10028;18;;;10036;14;10038;25;;;10033.0;0.0
yf_ZC=F_d11;38700;ASH_COATED_OSMIUM;9904;21;9901;18;;;9910;14;9912;34;;;9907.0;0.0
yf_ZC=F_d11;38700;INTARIAN_PEPPER_ROOT;10030;8;10028;20;;;10036;22;10040;26;;;10033.0;0.0
yf_ZC=F_d11;38800;ASH_COATED_OSMIUM;9890;25;9888;24;;;9923;21;9926;25;;;9906.5;0.0
yf_ZC=F_d11;38800;INTARIAN_PEPPER_ROOT;10023;8;10020;13;;;10045;14;10048;28;;;10034.0;0.0
yf_ZC=F_d11;38900;ASH_COATED_OSMIUM;9904;10;9902;26;;;9911;5;9913;14;;;9907.5;0.0
yf_ZC=F_d11;38900;INTARIAN_PEPPER_ROOT;10032;20;10030;23;;;10038;11;10041;18;;;10035.0;0.0
yf_ZC=F_d11;39000;ASH_COATED_OSMIUM;9904;17;9900;25;;;9910;23;9914;19;;;9907.0;0.0
yf_ZC=F_d11;39000;INTARIAN_PEPPER_ROOT;10032;19;10030;19;;;10038;21;10041;23;;;10035.0;0.0
yf_ZC=F_d11;39100;ASH_COATED_OSMIUM;9904;13;9900;17;;;9910;10;9914;21;;;9907.0;0.0
yf_ZC=F_d11;39100;INTARIAN_PEPPER_ROOT;10033;11;10030;17;;;10039;16;10043;26;;;10036.0;0.0
yf_ZC=F_d11;39200;ASH_COATED_OSMIUM;9904;15;9902;16;;;9910;11;9913;20;;;9907.0;0.0
yf_ZC=F_d11;39200;INTARIAN_PEPPER_ROOT;10034;14;10032;10;;;10040;5;10044;28;;;10037.0;0.0
yf_ZC=F_d11;39300;ASH_COATED_OSMIUM;9898;16;9894;24;;;9916;16;9920;25;;;9907.0;0.0
yf_ZC=F_d11;39300;INTARIAN_PEPPER_ROOT;10035;16;10031;14;;;10041;22;10043;19;;;10038.0;0.0
yf_ZC=F_d11;39400;ASH_COATED_OSMIUM;9903;12;9901;25;;;9910;7;9914;24;;;9906.5;0.0
yf_ZC=F_d11;39400;INTARIAN_PEPPER_ROOT;10035;18;10031;25;;;10041;21;10044;17;;;10038.0;0.0
yf_ZC=F_d11;39500;ASH_COATED_OSMIUM;9904;12;9902;8;;;9911;20;9915;20;;;9907.5;0.0
yf_ZC=F_d11;39500;INTARIAN_PEPPER_ROOT;10036;8;10032;20;;;10042;13;10044;23;;;10039.0;0.0
yf_ZC=F_d11;39600;ASH_COATED_OSMIUM;9904;9;9900;30;;;9910;13;9913;24;;;9907.0;0.0
yf_ZC=F_d11;39600;INTARIAN_PEPPER_ROOT;10037;23;10033;16;;;10043;20;10047;18;;;10040.0;0.0
yf_ZC=F_d11;39700;ASH_COATED_OSMIUM;9904;15;9902;18;;;9910;27;9912;20;;;9907.0;0.0
yf_ZC=F_d11;39700;INTARIAN_PEPPER_ROOT;10037;13;10033;17;;;10043;22;10046;8;;;10040.0;0.0
yf_ZC=F_d11;39800;ASH_COATED_OSMIUM;9892;9;9889;28;;;9921;15;9924;20;;;9906.5;0.0
yf_ZC=F_d11;39800;INTARIAN_PEPPER_ROOT;10027;10;10025;23;;;10056;8;10058;13;;;10041.5;0.0
yf_ZC=F_d11;39900;ASH_COATED_OSMIUM;9904;15;9901;20;;;9910;18;9913;21;;;9907.0;0.0
yf_ZC=F_d11;39900;INTARIAN_PEPPER_ROOT;10039;9;10035;15;;;10046;7;10050;32;;;10042.5;0.0
yf_ZC=F_d11;40000;ASH_COATED_OSMIUM;9903;10;9900;21;;;9911;12;9915;20;;;9907.0;0.0
yf_ZC=F_d11;40000;INTARIAN_PEPPER_ROOT;10040;5;10038;23;;;10046;14;10049;15;;;10043.0;0.0
yf_ZC=F_d11;40100;ASH_COATED_OSMIUM;9895;19;9893;21;;;9919;16;9921;17;;;9907.0;0.0
yf_ZC=F_d11;40100;INTARIAN_PEPPER_ROOT;10040;12;10036;11;;;10046;13;10048;22;;;10043.0;0.0
yf_ZC=F_d11;40200;ASH_COATED_OSMIUM;9898;8;9896;17;;;9916;13;9918;31;;;9907.0;0.0
yf_ZC=F_d11;40200;INTARIAN_PEPPER_ROOT;10041;23;10038;19;;;10047;7;10051;22;;;10044.0;0.0
yf_ZC=F_d11;40300;ASH_COATED_OSMIUM;9904;15;9902;22;;;9911;8;9913;13;;;9907.5;0.0
yf_ZC=F_d11;40300;INTARIAN_PEPPER_ROOT;10037;13;10034;11;;;10052;13;10056;14;;;10044.5;0.0
yf_ZC=F_d11;40400;ASH_COATED_OSMIUM;9903;16;9899;35;;;9912;14;9914;23;;;9907.5;0.0
yf_ZC=F_d11;40400;INTARIAN_PEPPER_ROOT;10038;14;10036;18;;;10052;10;10055;24;;;10045.0;0.0
yf_ZC=F_d11;40500;ASH_COATED_OSMIUM;9901;12;9897;27;;;9914;10;9917;22;;;9907.5;0.0
yf_ZC=F_d11;40500;INTARIAN_PEPPER_ROOT;10043;16;10041;17;;;10050;14;10054;24;;;10046.5;0.0
yf_ZC=F_d11;40600;ASH_COATED_OSMIUM;9904;19;9902;19;;;9910;12;9913;12;;;9907.0;0.0
yf_ZC=F_d11;40600;INTARIAN_PEPPER_ROOT;10044;15;10041;13;;;10050;6;10052;9;;;10047.0;0.0
yf_ZC=F_d11;40700;ASH_COATED_OSMIUM;9902;21;9899;26;;;9912;21;9915;26;;;9907.0;0.0
yf_ZC=F_d11;40700;INTARIAN_PEPPER_ROOT;10045;12;10041;21;;;10051;12;10053;15;;;10048.0;0.0
yf_ZC=F_d11;40800;ASH_COATED_OSMIUM;9904;23;9901;15;;;9910;16;9912;24;;;9907.0;0.0
yf_ZC=F_d11;40800;INTARIAN_PEPPER_ROOT;10044;18;10041;23;;;10053;12;10055;23;;;10048.5;0.0
yf_ZC=F_d11;40900;ASH_COATED_OSMIUM;9904;14;9900;29;;;9910;12;9914;23;;;9907.0;0.0
yf_ZC=F_d11;40900;INTARIAN_PEPPER_ROOT;10044;17;10040;17;;;10055;7;10058;21;;;10049.5;0.0
yf_ZC=F_d11;41000;ASH_COATED_OSMIUM;9904;13;9901;13;;;9910;15;9912;20;;;9907.0;0.0
yf_ZC=F_d11;41000;INTARIAN_PEPPER_ROOT;10047;21;10045;34;;;10053;14;10057;8;;;10050.0;0.0
yf_ZC=F_d11;41100;ASH_COATED_OSMIUM;9904;20;9901;25;;;9910;19;9913;20;;;9907.0;0.0
yf_ZC=F_d11;41100;INTARIAN_PEPPER_ROOT;10047;16;10045;17;;;10054;16;10057;16;;;10050.5;0.0
yf_ZC=F_d11;41200;ASH_COATED_OSMIUM;9904;21;9901;15;;;9910;17;9912;21;;;9907.0;0.0
yf_ZC=F_d11;41200;INTARIAN_PEPPER_ROOT;10048;14;10046;18;;;10054;22;10056;16;;;10051.0;0.0
yf_ZC=F_d11;41300;ASH_COATED_OSMIUM;9904;7;9900;22;;;9910;17;9912;19;;;9907.0;0.0
yf_ZC=F_d11;41300;INTARIAN_PEPPER_ROOT;10049;11;10047;25;;;10055;18;10057;30;;;10052.0;0.0
yf_ZC=F_d11;41400;ASH_COATED_OSMIUM;9903;17;9900;23;;;9909;8;9911;24;;;9906.0;0.0
yf_ZC=F_d11;41400;INTARIAN_PEPPER_ROOT;10036;5;10033;19;;;10068;19;10072;16;;;10052.0;0.0
yf_ZC=F_d11;41500;ASH_COATED_OSMIUM;9895;25;9892;18;;;9919;10;9922;22;;;9907.0;0.0
yf_ZC=F_d11;41500;INTARIAN_PEPPER_ROOT;10051;22;10049;15;;;10057;5;10061;23;;;10054.0;0.0
yf_ZC=F_d11;41600;ASH_COATED_OSMIUM;9904;10;9900;20;;;9910;16;9914;17;;;9907.0;0.0
yf_ZC=F_d11;41600;INTARIAN_PEPPER_ROOT;10051;10;10049;9;;;10057;10;10060;17;;;10054.0;0.0
yf_ZC=F_d11;41700;ASH_COATED_OSMIUM;9904;14;9900;28;;;9910;8;9912;22;;;9907.0;0.0
yf_ZC=F_d11;41700;INTARIAN_PEPPER_ROOT;10046;12;10042;27;;;10064;13;10067;18;;;10055.0;0.0
yf_ZC=F_d11;41800;ASH_COATED_OSMIUM;9903;16;9901;19;;;9910;13;9914;29;;;9906.5;0.0
yf_ZC=F_d11;41800;INTARIAN_PEPPER_ROOT;10053;6;10049;31;;;10059;14;10061;23;;;10056.0;0.0
yf_ZC=F_d11;41900;ASH_COATED_OSMIUM;9903;21;9900;28;;;9909;15;9913;17;;;9906.0;0.0
yf_ZC=F_d11;41900;INTARIAN_PEPPER_ROOT;10053;14;10050;24;;;10059;12;10062;16;;;10056.0;0.0
yf_ZC=F_d11;42000;ASH_COATED_OSMIUM;9896;16;9894;17;;;9919;12;9923;24;;;9907.5;0.0
yf_ZC=F_d11;42000;INTARIAN_PEPPER_ROOT;10054;9;10051;21;;;10060;11;10062;22;;;10057.0;0.0
yf_ZC=F_d11;42100;ASH_COATED_OSMIUM;9903;14;9899;27;;;9909;9;9911;29;;;9906.0;0.0
yf_ZC=F_d11;42100;INTARIAN_PEPPER_ROOT;10054;14;10052;12;;;10060;22;10064;13;;;10057.0;0.0
yf_ZC=F_d11;42200;ASH_COATED_OSMIUM;9896;21;9894;34;;;9918;20;9920;14;;;9907.0;0.0
yf_ZC=F_d11;42200;INTARIAN_PEPPER_ROOT;10055;22;10053;21;;;10061;8;10064;18;;;10058.0;0.0
yf_ZC=F_d11;42300;ASH_COATED_OSMIUM;9900;22;9897;26;;;9914;11;9918;23;;;9907.0;0.0
yf_ZC=F_d11;42300;INTARIAN_PEPPER_ROOT;10056;12;10053;11;;;10063;19;10066;10;;;10059.5;0.0
yf_ZC=F_d11;42400;ASH_COATED_OSMIUM;9903;13;9899;10;;;9909;17;9911;18;;;9906.0;0.0
yf_ZC=F_d11;42400;INTARIAN_PEPPER_ROOT;10057;16;10053;20;;;10063;13;10066;17;;;10060.0;0.0
yf_ZC=F_d11;42500;ASH_COATED_OSMIUM;9904;21;9900;14;;;9910;17;9914;27;;;9907.0;0.0
yf_ZC=F_d11;42500;INTARIAN_PEPPER_ROOT;10053;14;10050;20;;;10068;15;10071;14;;;10060.5;0.0
yf_ZC=F_d11;42600;ASH_COATED_OSMIUM;9903;19;9901;21;;;9911;13;9914;20;;;9907.0;0.0
yf_ZC=F_d11;42600;INTARIAN_PEPPER_ROOT;10058;13;10055;21;;;10064;22;10066;26;;;10061.0;0.0
yf_ZC=F_d11;42700;ASH_COATED_OSMIUM;9904;17;9902;13;;;9910;22;9912;9;;;9907.0;0.0
yf_ZC=F_d11;42700;INTARIAN_PEPPER_ROOT;10059;18;10056;25;;;10065;9;10068;26;;;10062.0;0.0
yf_ZC=F_d11;42800;ASH_COATED_OSMIUM;9903;18;9900;22;;;9910;13;9914;18;;;9906.5;0.0
yf_ZC=F_d11;42800;INTARIAN_PEPPER_ROOT;10052;8;10048;13;;;10072;17;10076;17;;;10062.0;0.0
yf_ZC=F_d11;42900;ASH_COATED_OSMIUM;9904;9;9900;22;;;9910;23;9913;20;;;9907.0;0.0
yf_ZC=F_d11;42900;INTARIAN_PEPPER_ROOT;10060;13;10058;14;;;10066;16;10070;14;;;10063.0;0.0
yf_ZC=F_d11;43000;ASH_COATED_OSMIUM;9898;26;9895;21;;;9917;19;9919;21;;;9907.5;0.0
yf_ZC=F_d11;43000;INTARIAN_PEPPER_ROOT;10049;6;10045;22;;;10079;16;10081;18;;;10064.0;0.0
yf_ZC=F_d11;43100;ASH_COATED_OSMIUM;9904;12;9902;26;;;9910;25;9912;21;;;9907.0;0.0
yf_ZC=F_d11;43100;INTARIAN_PEPPER_ROOT;10062;20;10058;11;;;10068;18;10070;23;;;10065.0;0.0
yf_ZC=F_d11;43200;ASH_COATED_OSMIUM;9903;15;9899;13;;;9909;14;9912;19;;;9906.0;0.0
yf_ZC=F_d11;43200;INTARIAN_PEPPER_ROOT;10060;19;10057;17;;;10070;13;10074;31;;;10065.0;0.0
yf_ZC=F_d11;43300;ASH_COATED_OSMIUM;9904;18;9900;22;;;9910;7;9914;23;;;9907.0;0.0
yf_ZC=F_d11;43300;INTARIAN_PEPPER_ROOT;10063;23;10059;25;;;10069;15;10071;13;;;10066.0;0.0
yf_ZC=F_d11;43400;ASH_COATED_OSMIUM;9904;15;9900;21;;;9910;18;9912;12;;;9907.0;0.0
yf_ZC=F_d11;43400;INTARIAN_PEPPER_ROOT;10056;23;10054;22;;;10077;15;10081;22;;;10066.5;0.0
yf_ZC=F_d11;43500;ASH_COATED_OSMIUM;9902;15;9900;14;;;9912;17;9915;20;;;9907.0;0.0
yf_ZC=F_d11;43500;INTARIAN_PEPPER_ROOT;10064;15;10060;28;;;10070;20;10073;32;;;10067.0;0.0
yf_ZC=F_d11;43600;ASH_COATED_OSMIUM;9904;20;9900;18;;;9910;15;9912;21;;;9907.0;0.0
yf_ZC=F_d11;43600;INTARIAN_PEPPER_ROOT;10058;17;10054;15;;;10078;15;10082;17;;;10068.0;0.0
yf_ZC=F_d11;43700;ASH_COATED_OSMIUM;9903;24;9901;23;;;9911;11;9913;22;;;9907.0;0.0
yf_ZC=F_d11;43700;INTARIAN_PEPPER_ROOT;10066;17;10063;22;;;10072;17;10075;23;;;10069.0;0.0
yf_ZC=F_d11;43800;ASH_COATED_OSMIUM;9904;8;9900;20;;;9910;12;9913;21;;;9907.0;0.0
yf_ZC=F_d11;43800;INTARIAN_PEPPER_ROOT;10067;5;10065;16;;;10073;12;10076;21;;;10070.0;0.0
yf_ZC=F_d11;43900;ASH_COATED_OSMIUM;9904;17;9902;18;;;9910;19;9913;15;;;9907.0;0.0
yf_ZC=F_d11;43900;INTARIAN_PEPPER_ROOT;10067;17;10064;28;;;10073;17;10076;8;;;10070.0;0.0
yf_ZC=F_d11;44000;ASH_COATED_OSMIUM;9904;13;9901;25;;;9910;14;9914;24;;;9907.0;0.0
yf_ZC=F_d11;44000;INTARIAN_PEPPER_ROOT;10068;16;10064;17;;;10074;20;10076;9;;;10071.0;0.0
yf_ZC=F_d11;44100;ASH_COATED_OSMIUM;9904;13;9901;25;;;9910;21;9914;19;;;9907.0;0.0
yf_ZC=F_d11;44100;INTARIAN_PEPPER_ROOT;10069;17;10066;18;;;10075;8;10079;16;;;10072.0;0.0
yf_ZC=F_d11;44200;ASH_COATED_OSMIUM;9904;12;9900;22;;;9910;11;9914;13;;;9907.0;0.0
yf_ZC=F_d11;44200;INTARIAN_PEPPER_ROOT;10070;5;10066;19;;;10076;8;10080;26;;;10073.0;0.0
yf_ZC=F_d11;44300;ASH_COATED_OSMIUM;9904;11;9901;22;;;9910;16;9914;10;;;9907.0;0.0
yf_ZC=F_d11;44300;INTARIAN_PEPPER_ROOT;10067;14;10064;13;;;10079;16;10083;21;;;10073.0;0.0
yf_ZC=F_d11;44400;ASH_COATED_OSMIUM;9904;5;9901;13;;;9910;15;9914;22;;;9907.0;0.0
yf_ZC=F_d11;44400;INTARIAN_PEPPER_ROOT;10071;17;10069;22;;;10077;19;10080;20;;;10074.0;0.0
yf_ZC=F_d11;44500;ASH_COATED_OSMIUM;9895;16;9893;26;;;9918;16;9921;12;;;9906.5;0.0
yf_ZC=F_d11;44500;INTARIAN_PEPPER_ROOT;10071;9;10068;17;;;10077;19;10081;21;;;10074.0;0.0
yf_ZC=F_d11;44600;ASH_COATED_OSMIUM;9896;16;9894;16;;;9916;11;9919;25;;;9906.0;0.0
yf_ZC=F_d11;44600;INTARIAN_PEPPER_ROOT;10069;12;10067;22;;;10080;15;10083;13;;;10074.5;0.0
yf_ZC=F_d11;44700;ASH_COATED_OSMIUM;9895;14;9892;22;;;9918;29;9920;14;;;9906.5;0.0
yf_ZC=F_d11;44700;INTARIAN_PEPPER_ROOT;10073;12;10071;22;;;10080;22;10084;8;;;10076.5;0.0
yf_ZC=F_d11;44800;ASH_COATED_OSMIUM;9904;8;9901;24;;;9910;6;9913;27;;;9907.0;0.0
yf_ZC=F_d11;44800;INTARIAN_PEPPER_ROOT;10074;10;10071;27;;;10080;9;10082;21;;;10077.0;0.0
yf_ZC=F_d11;44900;ASH_COATED_OSMIUM;9904;11;9901;16;;;9910;16;9913;27;;;9907.0;0.0
yf_ZC=F_d11;44900;INTARIAN_PEPPER_ROOT;10074;20;10071;22;;;10080;19;10084;19;;;10077.0;0.0
yf_ZC=F_d11;45000;ASH_COATED_OSMIUM;9904;12;9902;23;;;9910;13;9913;18;;;9907.0;0.0
yf_ZC=F_d11;45000;INTARIAN_PEPPER_ROOT;10075;20;10073;21;;;10082;5;10085;17;;;10078.5;0.0
yf_ZC=F_d11;45100;ASH_COATED_OSMIUM;9899;19;9895;16;;;9913;5;9915;25;;;9906.0;0.0
yf_ZC=F_d11;45100;INTARIAN_PEPPER_ROOT;10076;13;10072;22;;;10082;25;10086;23;;;10079.0;0.0
yf_ZC=F_d11;45200;ASH_COATED_OSMIUM;9902;11;9898;18;;;9910;14;9914;22;;;9906.0;0.0
yf_ZC=F_d11;45200;INTARIAN_PEPPER_ROOT;10075;9;10073;17;;;10083;10;10087;14;;;10079.0;0.0
yf_ZC=F_d11;45300;ASH_COATED_OSMIUM;9904;9;9900;17;;;9910;14;9912;17;;;9907.0;0.0
yf_ZC=F_d11;45300;INTARIAN_PEPPER_ROOT;10077;18;10073;14;;;10083;12;10087;21;;;10080.0;0.0
yf_ZC=F_d11;45400;ASH_COATED_OSMIUM;9899;12;9896;15;;;9915;14;9917;21;;;9907.0;0.0
yf_ZC=F_d11;45400;INTARIAN_PEPPER_ROOT;10068;15;10064;31;;;10093;6;10096;27;;;10080.5;0.0
yf_ZC=F_d11;45500;ASH_COATED_OSMIUM;9904;14;9902;21;;;9910;11;9914;15;;;9907.0;0.0
yf_ZC=F_d11;45500;INTARIAN_PEPPER_ROOT;10079;10;10077;16;;;10085;13;10088;25;;;10082.0;0.0
yf_ZC=F_d11;45600;ASH_COATED_OSMIUM;9903;15;9899;17;;;9909;21;9911;15;;;9906.0;0.0
yf_ZC=F_d11;45600;INTARIAN_PEPPER_ROOT;10079;14;10077;18;;;10085;8;10089;33;;;10082.0;0.0
yf_ZC=F_d11;45700;ASH_COATED_OSMIUM;9904;11;9900;17;;;9910;16;9914;15;;;9907.0;0.0
yf_ZC=F_d11;45700;INTARIAN_PEPPER_ROOT;10079;9;10076;19;;;10088;24;10090;15;;;10083.5;0.0
yf_ZC=F_d11;45800;ASH_COATED_OSMIUM;9904;16;9902;15;;;9910;9;9913;9;;;9907.0;0.0
yf_ZC=F_d11;45800;INTARIAN_PEPPER_ROOT;10081;23;10078;20;;;10087;7;10089;15;;;10084.0;0.0
yf_ZC=F_d11;45900;ASH_COATED_OSMIUM;9903;16;9899;16;;;9911;25;9913;13;;;9907.0;0.0
yf_ZC=F_d11;45900;INTARIAN_PEPPER_ROOT;10080;15;10078;20;;;10088;9;10090;16;;;10084.0;0.0
yf_ZC=F_d11;46000;ASH_COATED_OSMIUM;9904;10;9902;19;;;9910;17;9912;15;;;9907.0;0.0
yf_ZC=F_d11;46000;INTARIAN_PEPPER_ROOT;10079;15;10076;11;;;10091;9;10093;26;;;10085.0;0.0
yf_ZC=F_d11;46100;ASH_COATED_OSMIUM;9904;18;9900;23;;;9910;17;9913;21;;;9907.0;0.0
yf_ZC=F_d11;46100;INTARIAN_PEPPER_ROOT;10084;9;10081;18;;;10090;7;10094;15;;;10087.0;0.0
yf_ZC=F_d11;46200;ASH_COATED_OSMIUM;9900;28;9896;14;;;9913;15;9917;19;;;9906.5;0.0
yf_ZC=F_d11;46200;INTARIAN_PEPPER_ROOT;10084;20;10080;15;;;10090;12;10092;20;;;10087.0;0.0
yf_ZC=F_d11;46300;ASH_COATED_OSMIUM;9903;19;9899;25;;;9909;25;9913;24;;;9906.0;0.0
yf_ZC=F_d11;46300;INTARIAN_PEPPER_ROOT;10080;25;10077;22;;;10094;17;10098;15;;;10087.0;0.0
yf_ZC=F_d11;46400;ASH_COATED_OSMIUM;9902;17;9899;10;;;9913;10;9917;21;;;9907.5;0.0
yf_ZC=F_d11;46400;INTARIAN_PEPPER_ROOT;10082;10;10078;14;;;10096;12;10099;18;;;10089.0;0.0
yf_ZC=F_d11;46500;ASH_COATED_OSMIUM;9901;21;9898;25;;;9912;16;9916;23;;;9906.5;0.0
yf_ZC=F_d11;46500;INTARIAN_PEPPER_ROOT;10086;18;10082;15;;;10092;18;10096;29;;;10089.0;0.0
yf_ZC=F_d11;46600;ASH_COATED_OSMIUM;9904;11;9902;22;;;9910;15;9914;17;;;9907.0;0.0
yf_ZC=F_d11;46600;INTARIAN_PEPPER_ROOT;10086;13;10083;15;;;10092;17;10094;21;;;10089.0;0.0
yf_ZC=F_d11;46700;ASH_COATED_OSMIUM;9902;14;9898;16;;;9912;19;9915;27;;;9907.0;0.0
yf_ZC=F_d11;46700;INTARIAN_PEPPER_ROOT;10083;10;10081;15;;;10098;18;10100;15;;;10090.5;0.0
yf_ZC=F_d11;46800;ASH_COATED_OSMIUM;9904;17;9900;25;;;9910;11;9912;14;;;9907.0;0.0
yf_ZC=F_d11;46800;INTARIAN_PEPPER_ROOT;10082;8;10080;32;;;10099;18;10101;15;;;10090.5;0.0
yf_ZC=F_d11;46900;ASH_COATED_OSMIUM;9904;9;9900;18;;;9910;12;9912;23;;;9907.0;0.0
yf_ZC=F_d11;46900;INTARIAN_PEPPER_ROOT;10088;17;10086;19;;;10094;12;10097;28;;;10091.0;0.0
yf_ZC=F_d11;47000;ASH_COATED_OSMIUM;9896;18;9892;17;;;9917;16;9921;18;;;9906.5;0.0
yf_ZC=F_d11;47000;INTARIAN_PEPPER_ROOT;10083;22;10079;13;;;10101;6;10105;19;;;10092.0;0.0
yf_ZC=F_d11;47100;ASH_COATED_OSMIUM;9902;16;9898;19;;;9912;24;9916;18;;;9907.0;0.0
yf_ZC=F_d11;47100;INTARIAN_PEPPER_ROOT;10090;5;10088;16;;;10096;10;10098;21;;;10093.0;0.0
yf_ZC=F_d11;47200;ASH_COATED_OSMIUM;9900;15;9897;26;;;9914;19;9918;20;;;9907.0;0.0
yf_ZC=F_d11;47200;INTARIAN_PEPPER_ROOT;10087;15;10085;19;;;10101;14;10105;13;;;10094.0;0.0
yf_ZC=F_d11;47300;ASH_COATED_OSMIUM;9898;14;9896;23;;;9914;20;9918;20;;;9906.0;0.0
yf_ZC=F_d11;47300;INTARIAN_PEPPER_ROOT;10081;17;10077;16;;;10108;14;10111;8;;;10094.5;0.0
yf_ZC=F_d11;47400;ASH_COATED_OSMIUM;9903;12;9900;19;;;9911;25;9913;14;;;9907.0;0.0
yf_ZC=F_d11;47400;INTARIAN_PEPPER_ROOT;10092;13;10088;15;;;10098;8;10101;13;;;10095.0;0.0
yf_ZC=F_d11;47500;ASH_COATED_OSMIUM;9903;14;9899;17;;;9909;19;9911;15;;;9906.0;0.0
yf_ZC=F_d11;47500;INTARIAN_PEPPER_ROOT;10090;13;10088;13;;;10102;18;10104;20;;;10096.0;0.0
yf_ZC=F_d11;47600;ASH_COATED_OSMIUM;9901;14;9898;13;;;9912;19;9916;26;;;9906.5;0.0
yf_ZC=F_d11;47600;INTARIAN_PEPPER_ROOT;10091;13;10089;21;;;10102;7;10105;19;;;10096.5;0.0
yf_ZC=F_d11;47700;ASH_COATED_OSMIUM;9901;13;9898;9;;;9911;15;9915;26;;;9906.0;0.0
yf_ZC=F_d11;47700;INTARIAN_PEPPER_ROOT;10094;10;10092;15;;;10100;13;10104;25;;;10097.0;0.0
yf_ZC=F_d11;47800;ASH_COATED_OSMIUM;9901;9;9898;17;;;9911;14;9914;12;;;9906.0;0.0
yf_ZC=F_d11;47800;INTARIAN_PEPPER_ROOT;10095;9;10093;15;;;10101;9;10103;14;;;10098.0;0.0
yf_ZC=F_d11;47900;ASH_COATED_OSMIUM;9903;8;9899;18;;;9909;20;9912;24;;;9906.0;0.0
yf_ZC=F_d11;47900;INTARIAN_PEPPER_ROOT;10096;6;10093;24;;;10102;15;10104;21;;;10099.0;0.0
yf_ZC=F_d11;48000;ASH_COATED_OSMIUM;9903;12;9901;18;;;9909;15;9911;26;;;9906.0;0.0
yf_ZC=F_d11;48000;INTARIAN_PEPPER_ROOT;10094;9;10092;23;;;10105;10;10108;21;;;10099.5;0.0
yf_ZC=F_d11;48100;ASH_COATED_OSMIUM;9903;18;9901;31;;;9910;12;9912;20;;;9906.5;0.0
yf_ZC=F_d11;48100;INTARIAN_PEPPER_ROOT;10095;15;10091;25;;;10106;15;10110;19;;;10100.5;0.0
yf_ZC=F_d11;48200;ASH_COATED_OSMIUM;9904;10;9901;21;;;9910;12;9914;15;;;9907.0;0.0
yf_ZC=F_d11;48200;INTARIAN_PEPPER_ROOT;10088;14;10086;24;;;10113;6;10117;16;;;10100.5;0.0
yf_ZC=F_d11;48300;ASH_COATED_OSMIUM;9904;12;9902;23;;;9910;21;9913;15;;;9907.0;0.0
yf_ZC=F_d11;48300;INTARIAN_PEPPER_ROOT;10097;19;10095;17;;;10107;22;10109;18;;;10102.0;0.0
yf_ZC=F_d11;48400;ASH_COATED_OSMIUM;9902;9;9900;12;;;9911;17;9914;21;;;9906.5;0.0
yf_ZC=F_d11;48400;INTARIAN_PEPPER_ROOT;10094;5;10092;15;;;10110;11;10114;14;;;10102.0;0.0
yf_ZC=F_d11;48500;ASH_COATED_OSMIUM;9904;17;9901;26;;;9910;10;9913;20;;;9907.0;0.0
yf_ZC=F_d11;48500;INTARIAN_PEPPER_ROOT;10096;13;10094;12;;;10112;25;10116;29;;;10104.0;0.0
yf_ZC=F_d11;48600;ASH_COATED_OSMIUM;9903;18;9899;13;;;9909;26;9911;16;;;9906.0;0.0
yf_ZC=F_d11;48600;INTARIAN_PEPPER_ROOT;10101;16;10097;23;;;10107;16;10111;26;;;10104.0;0.0
yf_ZC=F_d11;48700;ASH_COATED_OSMIUM;9899;15;9895;17;;;9916;20;9918;24;;;9907.5;0.0
yf_ZC=F_d11;48700;INTARIAN_PEPPER_ROOT;10099;9;10096;24;;;10109;21;10111;22;;;10104.0;0.0
yf_ZC=F_d11;48800;ASH_COATED_OSMIUM;9903;5;9901;10;;;9909;16;9911;27;;;9906.0;0.0
yf_ZC=F_d11;48800;INTARIAN_PEPPER_ROOT;10102;8;10100;17;;;10108;10;10111;20;;;10105.0;0.0
yf_ZC=F_d11;48900;ASH_COATED_OSMIUM;9904;8;9902;18;;;9910;18;9914;22;;;9907.0;0.0
yf_ZC=F_d11;48900;INTARIAN_PEPPER_ROOT;10102;13;10098;10;;;10109;15;10112;22;;;10105.5;0.0
yf_ZC=F_d11;49000;ASH_COATED_OSMIUM;9898;8;9896;25;;;9916;19;9920;18;;;9907.0;0.0
yf_ZC=F_d11;49000;INTARIAN_PEPPER_ROOT;10099;22;10096;21;;;10113;16;10116;22;;;10106.0;0.0
yf_ZC=F_d11;49100;ASH_COATED_OSMIUM;9903;18;9899;21;;;9910;18;9914;17;;;9906.5;0.0
yf_ZC=F_d11;49100;INTARIAN_PEPPER_ROOT;10101;9;10097;11;;;10113;17;10115;27;;;10107.0;0.0
yf_ZC=F_d11;49200;ASH_COATED_OSMIUM;9904;15;9901;20;;;9910;12;9912;23;;;9907.0;0.0
yf_ZC=F_d11;49200;INTARIAN_PEPPER_ROOT;10103;11;10099;23;;;10112;18;10115;19;;;10107.5;0.0
yf_ZC=F_d11;49300;ASH_COATED_OSMIUM;9903;19;9901;11;;;9909;22;9913;19;;;9906.0;0.0
yf_ZC=F_d11;49300;INTARIAN_PEPPER_ROOT;10100;20;10096;22;;;10117;23;10119;13;;;10108.5;0.0
yf_ZC=F_d11;49400;ASH_COATED_OSMIUM;9904;12;9902;11;;;9910;20;9913;29;;;9907.0;0.0
yf_ZC=F_d11;49400;INTARIAN_PEPPER_ROOT;10106;19;10104;23;;;10112;14;10114;27;;;10109.0;0.0
yf_ZC=F_d11;49500;ASH_COATED_OSMIUM;9898;14;9896;22;;;9916;23;9920;21;;;9907.0;0.0
yf_ZC=F_d11;49500;INTARIAN_PEPPER_ROOT;10105;15;10101;23;;;10113;13;10117;19;;;10109.0;0.0
yf_ZC=F_d11;49600;ASH_COATED_OSMIUM;9892;11;9888;14;;;9921;15;9923;21;;;9906.5;0.0
yf_ZC=F_d11;49600;INTARIAN_PEPPER_ROOT;10105;20;10101;22;;;10117;13;10121;21;;;10111.0;0.0
yf_ZC=F_d11;49700;ASH_COATED_OSMIUM;9904;5;9902;29;;;9910;13;9913;21;;;9907.0;0.0
yf_ZC=F_d11;49700;INTARIAN_PEPPER_ROOT;10108;12;10104;24;;;10114;17;10117;20;;;10111.0;0.0
yf_ZC=F_d11;49800;ASH_COATED_OSMIUM;9903;11;9899;21;;;9909;12;9912;15;;;9906.0;0.0
yf_ZC=F_d11;49800;INTARIAN_PEPPER_ROOT;10103;9;10101;16;;;10121;13;10123;18;;;10112.0;0.0
yf_ZC=F_d11;49900;ASH_COATED_OSMIUM;9903;24;9900;14;;;9909;18;9913;9;;;9906.0;0.0
yf_ZC=F_d11;49900;INTARIAN_PEPPER_ROOT;10110;19;10106;24;;;10116;15;10120;16;;;10113.0;0.0
yf_ZC=F_d11;50000;ASH_COATED_OSMIUM;9903;11;9899;19;;;9909;10;9912;23;;;9906.0;0.0
yf_ZC=F_d11;50000;INTARIAN_PEPPER_ROOT;10101;19;10098;12;;;10125;13;10127;12;;;10113.0;0.0
yf_ZC=F_d11;50100;ASH_COATED_OSMIUM;9900;8;9898;18;;;9914;10;9916;18;;;9907.0;0.0
yf_ZC=F_d11;50100;INTARIAN_PEPPER_ROOT;10112;10;10110;33;;;10118;14;10122;30;;;10115.0;0.0
yf_ZC=F_d11;50200;ASH_COATED_OSMIUM;9904;10;9901;18;;;9910;10;9912;15;;;9907.0;0.0
yf_ZC=F_d11;50200;INTARIAN_PEPPER_ROOT;10108;10;10106;19;;;10122;10;10125;18;;;10115.0;0.0
yf_ZC=F_d11;50300;ASH_COATED_OSMIUM;9904;9;9902;22;;;9910;22;9912;20;;;9907.0;0.0
yf_ZC=F_d11;50300;INTARIAN_PEPPER_ROOT;10113;21;10109;23;;;10119;15;10123;23;;;10116.0;0.0
yf_ZC=F_d11;50400;ASH_COATED_OSMIUM;9904;19;9901;23;;;9910;24;9914;16;;;9907.0;0.0
yf_ZC=F_d11;50400;INTARIAN_PEPPER_ROOT;10113;18;10110;21;;;10119;23;10122;24;;;10116.0;0.0
yf_ZC=F_d11;50500;ASH_COATED_OSMIUM;9903;16;9899;15;;;9909;12;9912;28;;;9906.0;0.0
yf_ZC=F_d11;50500;INTARIAN_PEPPER_ROOT;10104;8;10102;19;;;10130;17;10134;16;;;10117.0;0.0
yf_ZC=F_d11;50600;ASH_COATED_OSMIUM;9903;5;9900;18;;;9909;13;9912;22;;;9906.0;0.0
yf_ZC=F_d11;50600;INTARIAN_PEPPER_ROOT;10115;17;10112;15;;;10121;9;10123;14;;;10118.0;0.0
yf_ZC=F_d11;50700;ASH_COATED_OSMIUM;9904;22;9901;18;;;9910;8;9914;23;;;9907.0;0.0
yf_ZC=F_d11;50700;INTARIAN_PEPPER_ROOT;10115;22;10112;20;;;10121;20;10124;25;;;10118.0;0.0
yf_ZC=F_d11;50800;ASH_COATED_OSMIUM;9903;12;9901;22;;;9909;6;9911;23;;;9906.0;0.0
yf_ZC=F_d11;50800;INTARIAN_PEPPER_ROOT;10107;17;10105;17;;;10133;18;10135;27;;;10120.0;0.0
yf_ZC=F_d11;50900;ASH_COATED_OSMIUM;9904;15;9900;17;;;9910;20;9913;15;;;9907.0;0.0
yf_ZC=F_d11;50900;INTARIAN_PEPPER_ROOT;10113;21;10111;24;;;10126;19;10130;23;;;10119.5;0.0
yf_ZC=F_d11;51000;ASH_COATED_OSMIUM;9896;5;9892;8;;;9917;17;9921;25;;;9906.5;0.0
yf_ZC=F_d11;51000;INTARIAN_PEPPER_ROOT;10117;13;10114;12;;;10123;13;10126;26;;;10120.0;0.0
yf_ZC=F_d11;51100;ASH_COATED_OSMIUM;9903;14;9900;16;;;9909;15;9913;16;;;9906.0;0.0
yf_ZC=F_d11;51100;INTARIAN_PEPPER_ROOT;10117;17;10113;13;;;10123;13;10126;29;;;10120.0;0.0
yf_ZC=F_d11;51200;ASH_COATED_OSMIUM;9903;15;9899;15;;;9909;16;9911;18;;;9906.0;0.0
yf_ZC=F_d11;51200;INTARIAN_PEPPER_ROOT;10118;9;10114;25;;;10124;13;10126;14;;;10121.0;0.0
yf_ZC=F_d11;51300;ASH_COATED_OSMIUM;9899;14;9897;22;;;9914;15;9916;22;;;9906.5;0.0
yf_ZC=F_d11;51300;INTARIAN_PEPPER_ROOT;10118;8;10116;21;;;10124;12;10127;18;;;10121.0;0.0
yf_ZC=F_d11;51400;ASH_COATED_OSMIUM;9899;5;9897;17;;;9914;15;9917;28;;;9906.5;0.0
yf_ZC=F_d11;51400;INTARIAN_PEPPER_ROOT;10108;17;10106;32;;;10134;16;10137;25;;;10121.0;0.0
yf_ZC=F_d11;51500;ASH_COATED_OSMIUM;9904;5;9902;26;;;9910;15;9913;16;;;9907.0;0.0
yf_ZC=F_d11;51500;INTARIAN_PEPPER_ROOT;10114;21;10111;15;;;10128;5;10131;21;;;10121.0;0.0
yf_ZC=F_d11;51600;ASH_COATED_OSMIUM;9903;8;9899;18;;;9909;14;9912;26;;;9906.0;0.0
yf_ZC=F_d11;51600;INTARIAN_PEPPER_ROOT;10119;16;10117;24;;;10125;12;10129;20;;;10122.0;0.0
yf_ZC=F_d11;51700;ASH_COATED_OSMIUM;9903;15;9900;19;;;9909;21;9911;22;;;9906.0;0.0
yf_ZC=F_d11;51700;INTARIAN_PEPPER_ROOT;10119;19;10115;24;;;10125;20;10128;19;;;10122.0;0.0
yf_ZC=F_d11;51800;ASH_COATED_OSMIUM;9897;18;9893;20;;;9916;8;9919;15;;;9906.5;0.0
yf_ZC=F_d11;51800;INTARIAN_PEPPER_ROOT;10119;22;10116;18;;;10126;5;10128;15;;;10122.5;0.0
yf_ZC=F_d11;51900;ASH_COATED_OSMIUM;9904;15;9901;29;;;9910;18;9912;17;;;9907.0;0.0
yf_ZC=F_d11;51900;INTARIAN_PEPPER_ROOT;10119;21;10117;26;;;10125;9;10127;12;;;10122.0;0.0
yf_ZC=F_d11;52000;ASH_COATED_OSMIUM;9901;16;9898;18;;;9912;14;9914;21;;;9906.5;0.0
yf_ZC=F_d11;52000;INTARIAN_PEPPER_ROOT;10112;11;10110;20;;;10134;12;10138;22;;;10123.0;0.0
yf_ZC=F_d11;52100;ASH_COATED_OSMIUM;9903;12;9900;17;;;9909;13;9911;19;;;9906.0;0.0
yf_ZC=F_d11;52100;INTARIAN_PEPPER_ROOT;10116;14;10113;22;;;10131;14;10135;22;;;10123.5;0.0
yf_ZC=F_d11;52200;ASH_COATED_OSMIUM;9903;7;9900;18;;;9909;21;9913;27;;;9906.0;0.0
yf_ZC=F_d11;52200;INTARIAN_PEPPER_ROOT;10121;27;10119;18;;;10127;22;10131;24;;;10124.0;0.0
yf_ZC=F_d11;52300;ASH_COATED_OSMIUM;9900;19;9898;14;;;9912;5;9915;17;;;9906.0;0.0
yf_ZC=F_d11;52300;INTARIAN_PEPPER_ROOT;10121;12;10119;25;;;10127;13;10130;22;;;10124.0;0.0
yf_ZC=F_d11;52400;ASH_COATED_OSMIUM;9897;12;9894;25;;;9917;12;9919;15;;;9907.0;0.0
yf_ZC=F_d11;52400;INTARIAN_PEPPER_ROOT;10112;12;10108;17;;;10135;13;10139;21;;;10123.5;0.0
yf_ZC=F_d11;52500;ASH_COATED_OSMIUM;9902;21;9898;13;;;9910;15;9914;21;;;9906.0;0.0
yf_ZC=F_d11;52500;INTARIAN_PEPPER_ROOT;10121;20;10119;16;;;10127;5;10129;23;;;10124.0;0.0
yf_ZC=F_d11;52600;ASH_COATED_OSMIUM;9894;19;9891;28;;;9918;10;9921;15;;;9906.0;0.0
yf_ZC=F_d11;52600;INTARIAN_PEPPER_ROOT;10122;13;10119;17;;;10128;14;10130;19;;;10125.0;0.0
yf_ZC=F_d11;52700;ASH_COATED_OSMIUM;9903;6;9899;26;;;9910;19;9912;19;;;9906.5;0.0
yf_ZC=F_d11;52700;INTARIAN_PEPPER_ROOT;10122;18;10120;11;;;10128;20;10131;22;;;10125.0;0.0
yf_ZC=F_d11;52800;ASH_COATED_OSMIUM;9904;12;9902;21;;;9910;10;9912;24;;;9907.0;0.0
yf_ZC=F_d11;52800;INTARIAN_PEPPER_ROOT;10122;15;10120;9;;;10128;20;10132;25;;;10125.0;0.0
yf_ZC=F_d11;52900;ASH_COATED_OSMIUM;9903;13;9901;19;;;9909;19;9913;12;;;9906.0;0.0
yf_ZC=F_d11;52900;INTARIAN_PEPPER_ROOT;10123;16;10120;15;;;10129;21;10133;18;;;10126.0;0.0
yf_ZC=F_d11;53000;ASH_COATED_OSMIUM;9904;14;9901;12;;;9910;16;9913;20;;;9907.0;0.0
yf_ZC=F_d11;53000;INTARIAN_PEPPER_ROOT;10122;24;10120;22;;;10128;14;10131;23;;;10125.0;0.0
yf_ZC=F_d11;53100;ASH_COATED_OSMIUM;9904;12;9901;21;;;9910;27;9914;20;;;9907.0;0.0
yf_ZC=F_d11;53100;INTARIAN_PEPPER_ROOT;10121;12;10118;11;;;10130;17;10132;15;;;10125.5;0.0
yf_ZC=F_d11;53200;ASH_COATED_OSMIUM;9903;18;9899;21;;;9910;20;9912;20;;;9906.5;0.0
yf_ZC=F_d11;53200;INTARIAN_PEPPER_ROOT;10123;5;10121;15;;;10129;9;10132;22;;;10126.0;0.0
yf_ZC=F_d11;53300;ASH_COATED_OSMIUM;9898;17;9896;28;;;9914;10;9918;23;;;9906.0;0.0
yf_ZC=F_d11;53300;INTARIAN_PEPPER_ROOT;10123;14;10121;23;;;10129;13;10133;16;;;10126.0;0.0
yf_ZC=F_d11;53400;ASH_COATED_OSMIUM;9903;12;9901;20;;;9909;17;9911;13;;;9906.0;0.0
yf_ZC=F_d11;53400;INTARIAN_PEPPER_ROOT;10117;15;10113;17;;;10138;21;10140;14;;;10127.5;0.0
yf_ZC=F_d11;53500;ASH_COATED_OSMIUM;9904;15;9901;25;;;9910;9;9912;22;;;9907.0;0.0
yf_ZC=F_d11;53500;INTARIAN_PEPPER_ROOT;10124;20;10122;25;;;10130;11;10132;17;;;10127.0;0.0
yf_ZC=F_d11;53600;ASH_COATED_OSMIUM;9904;15;9902;10;;;9910;27;9913;17;;;9907.0;0.0
yf_ZC=F_d11;53600;INTARIAN_PEPPER_ROOT;10121;12;10117;15;;;10134;7;10136;11;;;10127.5;0.0
yf_ZC=F_d11;53700;ASH_COATED_OSMIUM;9903;10;9901;17;;;9909;10;9911;11;;;9906.0;0.0
yf_ZC=F_d11;53700;INTARIAN_PEPPER_ROOT;10123;16;10120;9;;;10133;11;10137;19;;;10128.0;0.0
yf_ZC=F_d11;53800;ASH_COATED_OSMIUM;9903;22;9899;12;;;9911;17;9915;24;;;9907.0;0.0
yf_ZC=F_d11;53800;INTARIAN_PEPPER_ROOT;10124;19;10120;17;;;10131;13;10133;19;;;10127.5;0.0
yf_ZC=F_d11;53900;ASH_COATED_OSMIUM;9902;14;9899;19;;;9910;11;9913;21;;;9906.0;0.0
yf_ZC=F_d11;53900;INTARIAN_PEPPER_ROOT;10126;25;10124;20;;;10132;18;10134;8;;;10129.0;0.0
yf_ZC=F_d11;54000;ASH_COATED_OSMIUM;9895;13;9892;24;;;9919;18;9921;14;;;9907.0;0.0
yf_ZC=F_d11;54000;INTARIAN_PEPPER_ROOT;10125;17;10122;16;;;10131;9;10134;19;;;10128.0;0.0
yf_ZC=F_d11;54100;ASH_COATED_OSMIUM;9904;14;9900;21;;;9910;9;9914;19;;;9907.0;0.0
yf_ZC=F_d11;54100;INTARIAN_PEPPER_ROOT;10125;8;10122;22;;;10131;8;10133;29;;;10128.0;0.0
yf_ZC=F_d11;54200;ASH_COATED_OSMIUM;9903;17;9901;19;;;9909;15;9912;17;;;9906.0;0.0
yf_ZC=F_d11;54200;INTARIAN_PEPPER_ROOT;10121;9;10118;18;;;10135;14;10137;8;;;10128.0;0.0
yf_ZC=F_d11;54300;ASH_COATED_OSMIUM;9904;21;9900;28;;;9910;19;9914;26;;;9907.0;0.0
yf_ZC=F_d11;54300;INTARIAN_PEPPER_ROOT;10126;14;10123;13;;;10132;11;10135;19;;;10129.0;0.0
yf_ZC=F_d11;54400;ASH_COATED_OSMIUM;9904;15;9900;26;;;9910;18;9914;29;;;9907.0;0.0
yf_ZC=F_d11;54400;INTARIAN_PEPPER_ROOT;10120;10;10116;19;;;10138;21;10140;14;;;10129.0;0.0
yf_ZC=F_d11;54500;ASH_COATED_OSMIUM;9903;5;9901;23;;;9909;21;9912;24;;;9906.0;0.0
yf_ZC=F_d11;54500;INTARIAN_PEPPER_ROOT;10127;15;10123;16;;;10133;15;10137;16;;;10130.0;0.0
yf_ZC=F_d11;54600;ASH_COATED_OSMIUM;9904;19;9900;21;;;9910;9;9912;24;;;9907.0;0.0
yf_ZC=F_d11;54600;INTARIAN_PEPPER_ROOT;10108;5;10105;20;;;10151;17;10154;26;;;10129.5;0.0
yf_ZC=F_d11;54700;ASH_COATED_OSMIUM;9902;5;9899;23;;;9912;12;9914;22;;;9907.0;0.0
yf_ZC=F_d11;54700;INTARIAN_PEPPER_ROOT;10124;14;10122;21;;;10136;15;10138;23;;;10130.0;0.0
yf_ZC=F_d11;54800;ASH_COATED_OSMIUM;9904;13;9900;23;;;9910;12;9912;24;;;9907.0;0.0
yf_ZC=F_d11;54800;INTARIAN_PEPPER_ROOT;10125;15;10121;23;;;10136;14;10140;13;;;10130.5;0.0
yf_ZC=F_d11;54900;ASH_COATED_OSMIUM;9903;11;9901;18;;;9909;14;9913;31;;;9906.0;0.0
yf_ZC=F_d11;54900;INTARIAN_PEPPER_ROOT;10128;19;10124;26;;;10134;14;10138;28;;;10131.0;0.0
yf_ZC=F_d11;55000;ASH_COATED_OSMIUM;9903;14;9899;21;;;9912;13;9914;17;;;9907.5;0.0
yf_ZC=F_d11;55000;INTARIAN_PEPPER_ROOT;10128;16;10124;23;;;10134;11;10136;27;;;10131.0;0.0
yf_ZC=F_d11;55100;ASH_COATED_OSMIUM;9895;23;9892;12;;;9919;18;9921;13;;;9907.0;0.0
yf_ZC=F_d11;55100;INTARIAN_PEPPER_ROOT;10126;6;10124;14;;;10136;17;10138;18;;;10131.0;0.0
yf_ZC=F_d11;55200;ASH_COATED_OSMIUM;9905;15;9901;20;;;9911;5;9915;26;;;9908.0;0.0
yf_ZC=F_d11;55200;INTARIAN_PEPPER_ROOT;10128;10;10124;18;;;10134;16;10138;23;;;10131.0;0.0
yf_ZC=F_d11;55300;ASH_COATED_OSMIUM;9904;13;9900;16;;;9910;17;9913;12;;;9907.0;0.0
yf_ZC=F_d11;55300;INTARIAN_PEPPER_ROOT;10130;12;10127;24;;;10136;15;10139;28;;;10133.0;0.0
yf_ZC=F_d11;55400;ASH_COATED_OSMIUM;9904;17;9902;8;;;9910;25;9913;20;;;9907.0;0.0
yf_ZC=F_d11;55400;INTARIAN_PEPPER_ROOT;10118;12;10116;23;;;10145;8;10147;21;;;10131.5;0.0
yf_ZC=F_d11;55500;ASH_COATED_OSMIUM;9904;15;9902;16;;;9910;12;9913;24;;;9907.0;0.0
yf_ZC=F_d11;55500;INTARIAN_PEPPER_ROOT;10121;20;10117;20;;;10143;8;10145;28;;;10132.0;0.0
yf_ZC=F_d11;55600;ASH_COATED_OSMIUM;9904;20;9900;18;;;9910;7;9914;24;;;9907.0;0.0
yf_ZC=F_d11;55600;INTARIAN_PEPPER_ROOT;10128;24;10126;23;;;10137;10;10141;17;;;10132.5;0.0
yf_ZC=F_d11;55700;ASH_COATED_OSMIUM;9904;17;9901;18;;;9910;25;9913;20;;;9907.0;0.0
yf_ZC=F_d11;55700;INTARIAN_PEPPER_ROOT;10128;8;10124;12;;;10137;13;10140;18;;;10132.5;0.0
yf_ZC=F_d11;55800;ASH_COATED_OSMIUM;9904;10;9902;25;;;9910;5;9912;15;;;9907.0;0.0
yf_ZC=F_d11;55800;INTARIAN_PEPPER_ROOT;10125;12;10123;17;;;10141;15;10143;13;;;10133.0;0.0
yf_ZC=F_d11;55900;ASH_COATED_OSMIUM;9895;26;9892;25;;;9920;13;9923;17;;;9907.5;0.0
yf_ZC=F_d11;55900;INTARIAN_PEPPER_ROOT;10131;11;10129;28;;;10137;13;10139;21;;;10134.0;0.0
yf_ZC=F_d11;56000;ASH_COATED_OSMIUM;9903;7;9900;13;;;9911;17;9914;19;;;9907.0;0.0
yf_ZC=F_d11;56000;INTARIAN_PEPPER_ROOT;10131;20;10129;14;;;10137;15;10141;19;;;10134.0;0.0
yf_ZC=F_d11;56100;ASH_COATED_OSMIUM;9904;5;9900;25;;;9910;9;9912;24;;;9907.0;0.0
yf_ZC=F_d11;56100;INTARIAN_PEPPER_ROOT;10123;13;10119;29;;;10146;15;10150;23;;;10134.5;0.0
yf_ZC=F_d11;56200;ASH_COATED_OSMIUM;9904;18;9900;17;;;9910;7;9914;23;;;9907.0;0.0
yf_ZC=F_d11;56200;INTARIAN_PEPPER_ROOT;10131;15;10129;22;;;10137;22;10139;16;;;10134.0;0.0
yf_ZC=F_d11;56300;ASH_COATED_OSMIUM;9904;9;9902;23;;;9910;7;9914;9;;;9907.0;0.0
yf_ZC=F_d11;56300;INTARIAN_PEPPER_ROOT;10123;8;10120;23;;;10146;25;10150;22;;;10134.5;0.0
yf_ZC=F_d11;56400;ASH_COATED_OSMIUM;9904;14;9900;17;;;9910;10;9912;21;;;9907.0;0.0
yf_ZC=F_d11;56400;INTARIAN_PEPPER_ROOT;10132;28;10128;16;;;10138;15;10142;15;;;10135.0;0.0
yf_ZC=F_d11;56500;ASH_COATED_OSMIUM;9903;24;9901;16;;;9911;15;9914;16;;;9907.0;0.0
yf_ZC=F_d11;56500;INTARIAN_PEPPER_ROOT;10132;13;10129;22;;;10138;16;10141;15;;;10135.0;0.0
yf_ZC=F_d11;56600;ASH_COATED_OSMIUM;9904;21;9902;24;;;9910;19;9913;20;;;9907.0;0.0
yf_ZC=F_d11;56600;INTARIAN_PEPPER_ROOT;10133;15;10130;16;;;10139;14;10143;23;;;10136.0;0.0
yf_ZC=F_d11;56700;ASH_COATED_OSMIUM;9904;10;9901;20;;;9910;13;9914;25;;;9907.0;0.0
yf_ZC=F_d11;56700;INTARIAN_PEPPER_ROOT;10132;15;10129;28;;;10139;22;10142;20;;;10135.5;0.0
yf_ZC=F_d11;56800;ASH_COATED_OSMIUM;9899;23;9897;21;;;9915;16;9917;26;;;9907.0;0.0
yf_ZC=F_d11;56800;INTARIAN_PEPPER_ROOT;10127;16;10124;14;;;10146;18;10150;22;;;10136.5;0.0
yf_ZC=F_d11;56900;ASH_COATED_OSMIUM;9904;16;9902;19;;;9910;18;9914;21;;;9907.0;0.0
yf_ZC=F_d11;56900;INTARIAN_PEPPER_ROOT;10134;21;10130;18;;;10140;26;10143;18;;;10137.0;0.0
yf_ZC=F_d11;57000;ASH_COATED_OSMIUM;9891;21;9888;15;;;9924;15;9927;15;;;9907.5;0.0
yf_ZC=F_d11;57000;INTARIAN_PEPPER_ROOT;10133;18;10130;14;;;10140;16;10144;14;;;10136.5;0.0
yf_ZC=F_d11;57100;ASH_COATED_OSMIUM;9904;17;9901;16;;;9911;14;9914;13;;;9907.5;0.0
yf_ZC=F_d11;57100;INTARIAN_PEPPER_ROOT;10134;16;10132;17;;;10140;5;10143;11;;;10137.0;0.0
yf_ZC=F_d11;57200;ASH_COATED_OSMIUM;9901;6;9897;17;;;9912;15;9914;25;;;9906.5;0.0
yf_ZC=F_d11;57200;INTARIAN_PEPPER_ROOT;10134;10;10132;23;;;10141;20;10145;24;;;10137.5;0.0
yf_ZC=F_d11;57300;ASH_COATED_OSMIUM;9905;14;9901;25;;;9911;20;9913;22;;;9908.0;0.0
yf_ZC=F_d11;57300;INTARIAN_PEPPER_ROOT;10134;21;10130;12;;;10142;14;10145;23;;;10138.0;0.0
yf_ZC=F_d11;57400;ASH_COATED_OSMIUM;9904;10;9901;21;;;9910;13;9913;23;;;9907.0;0.0
yf_ZC=F_d11;57400;INTARIAN_PEPPER_ROOT;10134;17;10131;18;;;10143;11;10146;22;;;10138.5;0.0
yf_ZC=F_d11;57500;ASH_COATED_OSMIUM;9899;20;9895;13;;;9916;17;9918;14;;;9907.5;0.0
yf_ZC=F_d11;57500;INTARIAN_PEPPER_ROOT;10135;13;10131;15;;;10141;10;10145;8;;;10138.0;0.0
yf_ZC=F_d11;57600;ASH_COATED_OSMIUM;9903;10;9900;31;;;9911;19;9915;17;;;9907.0;0.0
yf_ZC=F_d11;57600;INTARIAN_PEPPER_ROOT;10136;5;10134;19;;;10142;21;10146;18;;;10139.0;0.0
yf_ZC=F_d11;57700;ASH_COATED_OSMIUM;9901;21;9899;25;;;9914;19;9917;18;;;9907.5;0.0
