day;timestamp;product;bid_price_1;bid_volume_1;bid_price_2;bid_volume_2;bid_price_3;bid_volume_3;ask_price_1;ask_volume_1;ask_price_2;ask_volume_2;ask_price_3;ask_volume_3;mid_price;profit_and_loss
av_COFFEE_d8;0;ASH_COATED_OSMIUM;9897;18;9893;26;;;9903;7;9907;14;;;9900.0;0.0
av_COFFEE_d8;0;INTARIAN_PEPPER_ROOT;12997;7;12994;24;;;13003;17;13005;20;;;13000.0;0.0
av_COFFEE_d8;100;ASH_COATED_OSMIUM;9897;17;9894;19;;;9903;12;9907;17;;;9900.0;0.0
av_COFFEE_d8;100;INTARIAN_PEPPER_ROOT;12994;11;12991;21;;;13000;14;13004;14;;;12997.0;0.0
av_COFFEE_d8;200;ASH_COATED_OSMIUM;9897;11;9895;30;;;9903;15;9907;19;;;9900.0;0.0
av_COFFEE_d8;200;INTARIAN_PEPPER_ROOT;12982;13;12979;22;;;13008;14;13012;17;;;12995.0;0.0
av_COFFEE_d8;300;ASH_COATED_OSMIUM;9897;14;9895;10;;;9903;11;9907;19;;;9900.0;0.0
av_COFFEE_d8;300;INTARIAN_PEPPER_ROOT;12990;21;12987;19;;;12997;8;13001;21;;;12993.5;0.0
av_COFFEE_d8;400;ASH_COATED_OSMIUM;9897;20;9894;18;;;9903;11;9906;15;;;9900.0;0.0
av_COFFEE_d8;400;INTARIAN_PEPPER_ROOT;12988;7;12984;12;;;12996;10;12998;18;;;12992.0;0.0
av_COFFEE_d8;500;ASH_COATED_OSMIUM;9896;10;9892;18;;;9902;18;9905;15;;;9899.0;0.0
av_COFFEE_d8;500;INTARIAN_PEPPER_ROOT;12987;20;12983;21;;;12993;16;12995;21;;;12990.0;0.0
av_COFFEE_d8;600;ASH_COATED_OSMIUM;9897;16;9893;16;;;9904;12;9908;22;;;9900.5;0.0
av_COFFEE_d8;600;INTARIAN_PEPPER_ROOT;12985;18;12981;19;;;12991;22;12993;13;;;12988.0;0.0
av_COFFEE_d8;700;ASH_COATED_OSMIUM;9896;13;9893;15;;;9902;22;9905;26;;;9899.0;0.0
av_COFFEE_d8;700;INTARIAN_PEPPER_ROOT;12981;14;12978;25;;;12991;10;12993;10;;;12986.0;0.0
av_COFFEE_d8;800;ASH_COATED_OSMIUM;9881;10;9878;19;;;9918;25;9920;16;;;9899.5;0.0
av_COFFEE_d8;800;INTARIAN_PEPPER_ROOT;12978;5;12975;22;;;12989;20;12992;12;;;12983.5;0.0
av_COFFEE_d8;900;ASH_COATED_OSMIUM;9897;16;9894;21;;;9903;16;9907;15;;;9900.0;0.0
av_COFFEE_d8;900;INTARIAN_PEPPER_ROOT;12973;17;12970;9;;;12990;13;12994;15;;;12981.5;0.0
av_COFFEE_d8;1000;ASH_COATED_OSMIUM;9897;19;9895;27;;;9903;18;9907;21;;;9900.0;0.0
av_COFFEE_d8;1000;INTARIAN_PEPPER_ROOT;12977;19;12975;24;;;12983;28;12987;13;;;12980.0;0.0
av_COFFEE_d8;1100;ASH_COATED_OSMIUM;9897;14;9895;20;;;9903;17;9905;16;;;9900.0;0.0
av_COFFEE_d8;1100;INTARIAN_PEPPER_ROOT;12975;21;12971;29;;;12981;17;12983;20;;;12978.0;0.0
av_COFFEE_d8;1200;ASH_COATED_OSMIUM;9893;10;9890;18;;;9908;13;9912;13;;;9900.5;0.0
av_COFFEE_d8;1200;INTARIAN_PEPPER_ROOT;12956;18;12953;28;;;12995;12;12997;24;;;12975.5;0.0
av_COFFEE_d8;1300;ASH_COATED_OSMIUM;9897;18;9894;22;;;9903;16;9905;23;;;9900.0;0.0
av_COFFEE_d8;1300;INTARIAN_PEPPER_ROOT;12970;21;12968;26;;;12976;11;12980;17;;;12973.0;0.0
av_COFFEE_d8;1400;ASH_COATED_OSMIUM;9897;11;9895;20;;;9903;16;9906;26;;;9900.0;0.0
av_COFFEE_d8;1400;INTARIAN_PEPPER_ROOT;12968;8;12965;21;;;12974;14;12977;15;;;12971.0;0.0
av_COFFEE_d8;1500;ASH_COATED_OSMIUM;9897;17;9895;14;;;9903;5;9905;16;;;9900.0;0.0
av_COFFEE_d8;1500;INTARIAN_PEPPER_ROOT;12966;9;12964;20;;;12972;22;12975;14;;;12969.0;0.0
av_COFFEE_d8;1600;ASH_COATED_OSMIUM;9891;13;9888;25;;;9908;16;9911;19;;;9899.5;0.0
av_COFFEE_d8;1600;INTARIAN_PEPPER_ROOT;12964;10;12960;25;;;12970;14;12972;18;;;12967.0;0.0
av_COFFEE_d8;1700;ASH_COATED_OSMIUM;9897;18;9895;24;;;9903;17;9907;14;;;9900.0;0.0
av_COFFEE_d8;1700;INTARIAN_PEPPER_ROOT;12962;26;12958;26;;;12968;19;12971;11;;;12965.0;0.0
av_COFFEE_d8;1800;ASH_COATED_OSMIUM;9895;23;9893;23;;;9906;17;9909;14;;;9900.5;0.0
av_COFFEE_d8;1800;INTARIAN_PEPPER_ROOT;12960;21;12958;19;;;12966;10;12970;15;;;12963.0;0.0
av_COFFEE_d8;1900;ASH_COATED_OSMIUM;9897;18;9894;20;;;9903;5;9906;26;;;9900.0;0.0
av_COFFEE_d8;1900;INTARIAN_PEPPER_ROOT;12957;6;12955;21;;;12966;21;12968;27;;;12961.5;0.0
av_COFFEE_d8;2000;ASH_COATED_OSMIUM;9898;13;9896;16;;;9904;21;9907;22;;;9901.0;0.0
av_COFFEE_d8;2000;INTARIAN_PEPPER_ROOT;12956;10;12953;23;;;12962;6;12965;25;;;12959.0;0.0
av_COFFEE_d8;2100;ASH_COATED_OSMIUM;9897;15;9894;22;;;9903;12;9905;13;;;9900.0;0.0
av_COFFEE_d8;2100;INTARIAN_PEPPER_ROOT;12954;13;12950;16;;;12961;19;12964;18;;;12957.5;0.0
av_COFFEE_d8;2200;ASH_COATED_OSMIUM;9897;11;9894;22;;;9903;7;9905;29;;;9900.0;0.0
av_COFFEE_d8;2200;INTARIAN_PEPPER_ROOT;12952;19;12948;26;;;12958;18;12962;8;;;12955.0;0.0
av_COFFEE_d8;2300;ASH_COATED_OSMIUM;9892;8;9889;18;;;9908;25;9911;20;;;9900.0;0.0
av_COFFEE_d8;2300;INTARIAN_PEPPER_ROOT;12950;23;12947;23;;;12956;5;12958;27;;;12953.0;0.0
av_COFFEE_d8;2400;ASH_COATED_OSMIUM;9897;12;9895;16;;;9903;11;9906;8;;;9900.0;0.0
av_COFFEE_d8;2400;INTARIAN_PEPPER_ROOT;12943;15;12941;22;;;12958;14;12962;24;;;12950.5;0.0
av_COFFEE_d8;2500;ASH_COATED_OSMIUM;9897;14;9894;29;;;9903;9;9905;13;;;9900.0;0.0
av_COFFEE_d8;2500;INTARIAN_PEPPER_ROOT;12945;10;12942;14;;;12956;9;12958;15;;;12950.5;0.0
av_COFFEE_d8;2600;ASH_COATED_OSMIUM;9894;13;9891;21;;;9906;9;9908;14;;;9900.0;0.0
av_COFFEE_d8;2600;INTARIAN_PEPPER_ROOT;12944;17;12940;10;;;12951;20;12954;25;;;12947.5;0.0
av_COFFEE_d8;2700;ASH_COATED_OSMIUM;9897;7;9894;22;;;9903;10;9905;15;;;9900.0;0.0
av_COFFEE_d8;2700;INTARIAN_PEPPER_ROOT;12942;22;12940;15;;;12948;9;12951;28;;;12945.0;0.0
av_COFFEE_d8;2800;ASH_COATED_OSMIUM;9896;8;9892;25;;;9902;12;9905;8;;;9899.0;0.0
av_COFFEE_d8;2800;INTARIAN_PEPPER_ROOT;12937;12;12934;14;;;12949;19;12951;21;;;12943.0;0.0
av_COFFEE_d8;2900;ASH_COATED_OSMIUM;9897;15;9893;27;;;9903;11;9905;18;;;9900.0;0.0
av_COFFEE_d8;2900;INTARIAN_PEPPER_ROOT;12938;16;12936;26;;;12944;7;12948;8;;;12941.0;0.0
av_COFFEE_d8;3000;ASH_COATED_OSMIUM;9896;14;9893;27;;;9903;21;9905;24;;;9899.5;0.0
av_COFFEE_d8;3000;INTARIAN_PEPPER_ROOT;12934;18;12930;21;;;12945;15;12949;25;;;12939.5;0.0
av_COFFEE_d8;3100;ASH_COATED_OSMIUM;9898;13;9894;14;;;9904;10;9906;15;;;9901.0;0.0
av_COFFEE_d8;3100;INTARIAN_PEPPER_ROOT;12934;13;12930;18;;;12940;15;12944;24;;;12937.0;0.0
av_COFFEE_d8;3200;ASH_COATED_OSMIUM;9897;12;9893;13;;;9903;14;9905;31;;;9900.0;0.0
av_COFFEE_d8;3200;INTARIAN_PEPPER_ROOT;12929;15;12925;30;;;12943;12;12946;21;;;12936.0;0.0
av_COFFEE_d8;3300;ASH_COATED_OSMIUM;9895;18;9892;8;;;9905;18;9908;27;;;9900.0;0.0
av_COFFEE_d8;3300;INTARIAN_PEPPER_ROOT;12929;11;12925;29;;;12938;16;12942;8;;;12933.5;0.0
av_COFFEE_d8;3400;ASH_COATED_OSMIUM;9897;16;9894;16;;;9903;16;9905;12;;;9900.0;0.0
av_COFFEE_d8;3400;INTARIAN_PEPPER_ROOT;12929;10;12926;25;;;12935;10;12939;22;;;12932.0;0.0
av_COFFEE_d8;3500;ASH_COATED_OSMIUM;9897;9;9893;19;;;9903;15;9905;21;;;9900.0;0.0
av_COFFEE_d8;3500;INTARIAN_PEPPER_ROOT;12926;12;12924;18;;;12932;16;12936;18;;;12929.0;0.0
av_COFFEE_d8;3600;ASH_COATED_OSMIUM;9892;18;9890;23;;;9908;17;9911;24;;;9900.0;0.0
av_COFFEE_d8;3600;INTARIAN_PEPPER_ROOT;12924;16;12922;24;;;12930;16;12932;13;;;12927.0;0.0
av_COFFEE_d8;3700;ASH_COATED_OSMIUM;9892;18;9889;25;;;9908;25;9911;15;;;9900.0;0.0
av_COFFEE_d8;3700;INTARIAN_PEPPER_ROOT;12922;15;12920;23;;;12928;19;12930;14;;;12925.0;0.0
av_COFFEE_d8;3800;ASH_COATED_OSMIUM;9896;19;9894;24;;;9902;7;9905;16;;;9899.0;0.0
av_COFFEE_d8;3800;INTARIAN_PEPPER_ROOT;12917;19;12915;21;;;12928;23;12930;21;;;12922.5;0.0
av_COFFEE_d8;3900;ASH_COATED_OSMIUM;9893;20;9890;22;;;9907;5;9910;20;;;9900.0;0.0
av_COFFEE_d8;3900;INTARIAN_PEPPER_ROOT;12919;11;12917;12;;;12925;11;12928;18;;;12922.0;0.0
av_COFFEE_d8;4000;ASH_COATED_OSMIUM;9897;8;9893;16;;;9903;20;9906;10;;;9900.0;0.0
av_COFFEE_d8;4000;INTARIAN_PEPPER_ROOT;12914;12;12911;31;;;12924;11;12928;21;;;12919.0;0.0
av_COFFEE_d8;4100;ASH_COATED_OSMIUM;9892;12;9888;10;;;9907;13;9910;15;;;9899.5;0.0
av_COFFEE_d8;4100;INTARIAN_PEPPER_ROOT;12914;12;12912;23;;;12920;5;12922;29;;;12917.0;0.0
av_COFFEE_d8;4200;ASH_COATED_OSMIUM;9897;16;9894;22;;;9903;19;9907;26;;;9900.0;0.0
av_COFFEE_d8;4200;INTARIAN_PEPPER_ROOT;12913;23;12911;21;;;12919;17;12922;12;;;12916.0;0.0
av_COFFEE_d8;4300;ASH_COATED_OSMIUM;9896;14;9893;26;;;9902;15;9905;17;;;9899.0;0.0
av_COFFEE_d8;4300;INTARIAN_PEPPER_ROOT;12909;18;12906;18;;;12917;22;12921;16;;;12913.0;0.0
av_COFFEE_d8;4400;ASH_COATED_OSMIUM;9897;19;9894;17;;;9903;15;9907;30;;;9900.0;0.0
av_COFFEE_d8;4400;INTARIAN_PEPPER_ROOT;12908;14;12904;28;;;12914;19;12918;19;;;12911.0;0.0
av_COFFEE_d8;4500;ASH_COATED_OSMIUM;9897;5;9894;19;;;9903;10;9906;18;;;9900.0;0.0
av_COFFEE_d8;4500;INTARIAN_PEPPER_ROOT;12906;15;12904;15;;;12912;9;12915;26;;;12909.0;0.0
av_COFFEE_d8;4600;ASH_COATED_OSMIUM;9897;16;9894;18;;;9903;9;9906;22;;;9900.0;0.0
av_COFFEE_d8;4600;INTARIAN_PEPPER_ROOT;12900;8;12898;26;;;12914;5;12916;16;;;12907.0;0.0
av_COFFEE_d8;4700;ASH_COATED_OSMIUM;9890;7;9886;31;;;9909;13;9913;24;;;9899.5;0.0
av_COFFEE_d8;4700;INTARIAN_PEPPER_ROOT;12903;17;12901;14;;;12909;13;12912;23;;;12906.0;0.0
av_COFFEE_d8;4800;ASH_COATED_OSMIUM;9897;9;9895;25;;;9903;5;9906;21;;;9900.0;0.0
av_COFFEE_d8;4800;INTARIAN_PEPPER_ROOT;12900;5;12898;23;;;12906;17;12910;19;;;12903.0;0.0
av_COFFEE_d8;4900;ASH_COATED_OSMIUM;9894;11;9892;14;;;9906;9;9910;24;;;9900.0;0.0
av_COFFEE_d8;4900;INTARIAN_PEPPER_ROOT;12898;27;12894;20;;;12904;17;12906;17;;;12901.0;0.0
av_COFFEE_d8;5000;ASH_COATED_OSMIUM;9896;8;9893;31;;;9904;20;9908;21;;;9900.0;0.0
av_COFFEE_d8;5000;INTARIAN_PEPPER_ROOT;12896;8;12892;26;;;12903;16;12906;12;;;12899.5;0.0
av_COFFEE_d8;5100;ASH_COATED_OSMIUM;9897;14;9893;16;;;9903;15;9907;11;;;9900.0;0.0
av_COFFEE_d8;5100;INTARIAN_PEPPER_ROOT;12885;5;12881;20;;;12909;22;12912;22;;;12897.0;0.0
av_COFFEE_d8;5200;ASH_COATED_OSMIUM;9892;19;9888;17;;;9908;15;9911;18;;;9900.0;0.0
av_COFFEE_d8;5200;INTARIAN_PEPPER_ROOT;12892;13;12890;13;;;12898;21;12902;24;;;12895.0;0.0
av_COFFEE_d8;5300;ASH_COATED_OSMIUM;9895;20;9891;21;;;9904;8;9906;22;;;9899.5;0.0
av_COFFEE_d8;5300;INTARIAN_PEPPER_ROOT;12883;17;12879;31;;;12905;13;12908;22;;;12894.0;0.0
av_COFFEE_d8;5400;ASH_COATED_OSMIUM;9896;14;9892;18;;;9905;11;9907;24;;;9900.5;0.0
av_COFFEE_d8;5400;INTARIAN_PEPPER_ROOT;12888;13;12885;20;;;12894;5;12896;20;;;12891.0;0.0
av_COFFEE_d8;5500;ASH_COATED_OSMIUM;9895;8;9893;18;;;9904;11;9908;20;;;9899.5;0.0
av_COFFEE_d8;5500;INTARIAN_PEPPER_ROOT;12886;10;12882;17;;;12892;14;12895;20;;;12889.0;0.0
av_COFFEE_d8;5600;ASH_COATED_OSMIUM;9897;21;9893;13;;;9903;14;9907;21;;;9900.0;0.0
av_COFFEE_d8;5600;INTARIAN_PEPPER_ROOT;12884;9;12880;18;;;12890;13;12893;12;;;12887.0;0.0
av_COFFEE_d8;5700;ASH_COATED_OSMIUM;9897;5;9894;23;;;9903;16;9907;22;;;9900.0;0.0
av_COFFEE_d8;5700;INTARIAN_PEPPER_ROOT;12881;13;12878;10;;;12888;15;12892;23;;;12884.5;0.0
av_COFFEE_d8;5800;ASH_COATED_OSMIUM;9892;17;9889;19;;;9908;8;9912;28;;;9900.0;0.0
av_COFFEE_d8;5800;INTARIAN_PEPPER_ROOT;12880;5;12878;26;;;12886;15;12889;23;;;12883.0;0.0
av_COFFEE_d8;5900;ASH_COATED_OSMIUM;9895;14;9893;24;;;9906;20;9910;18;;;9900.5;0.0
av_COFFEE_d8;5900;INTARIAN_PEPPER_ROOT;12878;14;12875;27;;;12884;13;12888;22;;;12881.0;0.0
av_COFFEE_d8;6000;ASH_COATED_OSMIUM;9897;23;9894;20;;;9903;14;9907;17;;;9900.0;0.0
av_COFFEE_d8;6000;INTARIAN_PEPPER_ROOT;12876;5;12874;22;;;12882;24;12885;13;;;12879.0;0.0
av_COFFEE_d8;6100;ASH_COATED_OSMIUM;9897;12;9893;21;;;9903;18;9907;19;;;9900.0;0.0
av_COFFEE_d8;6100;INTARIAN_PEPPER_ROOT;12871;16;12867;10;;;12883;7;12886;29;;;12877.0;0.0
av_COFFEE_d8;6200;ASH_COATED_OSMIUM;9897;18;9893;22;;;9903;15;9907;24;;;9900.0;0.0
av_COFFEE_d8;6200;INTARIAN_PEPPER_ROOT;12871;18;12867;24;;;12879;11;12881;28;;;12875.0;0.0
av_COFFEE_d8;6300;ASH_COATED_OSMIUM;9895;11;9893;17;;;9906;8;9908;19;;;9900.5;0.0
av_COFFEE_d8;6300;INTARIAN_PEPPER_ROOT;12862;13;12859;20;;;12883;15;12886;18;;;12872.5;0.0
av_COFFEE_d8;6400;ASH_COATED_OSMIUM;9897;9;9895;10;;;9903;9;9905;12;;;9900.0;0.0
av_COFFEE_d8;6400;INTARIAN_PEPPER_ROOT;12865;22;12861;19;;;12877;11;12880;25;;;12871.0;0.0
av_COFFEE_d8;6500;ASH_COATED_OSMIUM;9897;16;9893;19;;;9903;17;9906;23;;;9900.0;0.0
av_COFFEE_d8;6500;INTARIAN_PEPPER_ROOT;12866;13;12863;18;;;12872;12;12875;21;;;12869.0;0.0
av_COFFEE_d8;6600;ASH_COATED_OSMIUM;9892;5;9890;16;;;9907;10;9909;16;;;9899.5;0.0
av_COFFEE_d8;6600;INTARIAN_PEPPER_ROOT;12859;13;12855;25;;;12875;15;12879;26;;;12867.0;0.0
av_COFFEE_d8;6700;ASH_COATED_OSMIUM;9897;19;9895;18;;;9903;6;9907;12;;;9900.0;0.0
av_COFFEE_d8;6700;INTARIAN_PEPPER_ROOT;12862;17;12858;20;;;12868;15;12872;13;;;12865.0;0.0
av_COFFEE_d8;6800;ASH_COATED_OSMIUM;9897;16;9894;26;;;9903;19;9906;20;;;9900.0;0.0
av_COFFEE_d8;6800;INTARIAN_PEPPER_ROOT;12856;12;12853;26;;;12870;10;12872;17;;;12863.0;0.0
av_COFFEE_d8;6900;ASH_COATED_OSMIUM;9897;19;9894;33;;;9903;8;9907;15;;;9900.0;0.0
av_COFFEE_d8;6900;INTARIAN_PEPPER_ROOT;12858;12;12856;23;;;12864;20;12866;15;;;12861.0;0.0
av_COFFEE_d8;7000;ASH_COATED_OSMIUM;9893;26;9890;19;;;9905;10;9907;17;;;9899.0;0.0
av_COFFEE_d8;7000;INTARIAN_PEPPER_ROOT;12857;10;12854;15;;;12863;13;12867;17;;;12860.0;0.0
av_COFFEE_d8;7100;ASH_COATED_OSMIUM;9892;26;9888;26;;;9908;8;9911;20;;;9900.0;0.0
av_COFFEE_d8;7100;INTARIAN_PEPPER_ROOT;12854;18;12851;21;;;12860;21;12864;14;;;12857.0;0.0
av_COFFEE_d8;7200;ASH_COATED_OSMIUM;9897;14;9894;30;;;9903;13;9907;15;;;9900.0;0.0
av_COFFEE_d8;7200;INTARIAN_PEPPER_ROOT;12852;21;12850;17;;;12858;13;12862;16;;;12855.0;0.0
av_COFFEE_d8;7300;ASH_COATED_OSMIUM;9897;19;9894;28;;;9903;16;9906;21;;;9900.0;0.0
av_COFFEE_d8;7300;INTARIAN_PEPPER_ROOT;12846;18;12842;18;;;12859;16;12861;21;;;12852.5;0.0
av_COFFEE_d8;7400;ASH_COATED_OSMIUM;9883;22;9881;18;;;9916;16;9918;23;;;9899.5;0.0
av_COFFEE_d8;7400;INTARIAN_PEPPER_ROOT;12848;18;12844;21;;;12854;15;12856;22;;;12851.0;0.0
av_COFFEE_d8;7500;ASH_COATED_OSMIUM;9893;24;9890;24;;;9905;13;9908;18;;;9899.0;0.0
av_COFFEE_d8;7500;INTARIAN_PEPPER_ROOT;12842;17;12838;17;;;12856;10;12860;22;;;12849.0;0.0
av_COFFEE_d8;7600;ASH_COATED_OSMIUM;9897;17;9893;20;;;9903;21;9905;15;;;9900.0;0.0
av_COFFEE_d8;7600;INTARIAN_PEPPER_ROOT;12844;16;12840;20;;;12850;19;12854;17;;;12847.0;0.0
av_COFFEE_d8;7700;ASH_COATED_OSMIUM;9897;9;9894;17;;;9903;11;9906;19;;;9900.0;0.0
av_COFFEE_d8;7700;INTARIAN_PEPPER_ROOT;12842;15;12839;11;;;12848;13;12851;19;;;12845.0;0.0
av_COFFEE_d8;7800;ASH_COATED_OSMIUM;9894;8;9890;18;;;9906;21;9909;14;;;9900.0;0.0
av_COFFEE_d8;7800;INTARIAN_PEPPER_ROOT;12837;10;12835;23;;;12850;15;12852;14;;;12843.5;0.0
av_COFFEE_d8;7900;ASH_COATED_OSMIUM;9896;16;9892;29;;;9902;13;9905;24;;;9899.0;0.0
av_COFFEE_d8;7900;INTARIAN_PEPPER_ROOT;12838;8;12834;16;;;12844;17;12847;17;;;12841.0;0.0
av_COFFEE_d8;8000;ASH_COATED_OSMIUM;9897;14;9893;14;;;9903;13;9907;23;;;9900.0;0.0
av_COFFEE_d8;8000;INTARIAN_PEPPER_ROOT;12836;17;12834;9;;;12842;12;12844;9;;;12839.0;0.0
av_COFFEE_d8;8100;ASH_COATED_OSMIUM;9896;15;9892;25;;;9902;9;9904;24;;;9899.0;0.0
av_COFFEE_d8;8100;INTARIAN_PEPPER_ROOT;12835;5;12833;17;;;12841;11;12844;11;;;12838.0;0.0
av_COFFEE_d8;8200;ASH_COATED_OSMIUM;9897;12;9894;20;;;9903;19;9906;15;;;9900.0;0.0
av_COFFEE_d8;8200;INTARIAN_PEPPER_ROOT;12832;12;12830;20;;;12838;7;12840;31;;;12835.0;0.0
av_COFFEE_d8;8300;ASH_COATED_OSMIUM;9897;13;9894;22;;;9903;14;9907;22;;;9900.0;0.0
av_COFFEE_d8;8300;INTARIAN_PEPPER_ROOT;12830;7;12826;22;;;12836;11;12839;19;;;12833.0;0.0
av_COFFEE_d8;8400;ASH_COATED_OSMIUM;9893;16;9889;21;;;9907;15;9909;14;;;9900.0;0.0
av_COFFEE_d8;8400;INTARIAN_PEPPER_ROOT;12828;16;12826;16;;;12834;12;12836;22;;;12831.0;0.0
av_COFFEE_d8;8500;ASH_COATED_OSMIUM;9897;27;9895;20;;;9903;13;9905;26;;;9900.0;0.0
av_COFFEE_d8;8500;INTARIAN_PEPPER_ROOT;12824;13;12820;22;;;12835;20;12837;16;;;12829.5;0.0
av_COFFEE_d8;8600;ASH_COATED_OSMIUM;9897;21;9893;21;;;9903;22;9905;21;;;9900.0;0.0
av_COFFEE_d8;8600;INTARIAN_PEPPER_ROOT;12811;11;12809;22;;;12843;15;12846;22;;;12827.0;0.0
av_COFFEE_d8;8700;ASH_COATED_OSMIUM;9894;19;9890;14;;;9905;20;9907;17;;;9899.5;0.0
av_COFFEE_d8;8700;INTARIAN_PEPPER_ROOT;12815;16;12811;19;;;12834;15;12837;16;;;12824.5;0.0
av_COFFEE_d8;8800;ASH_COATED_OSMIUM;9897;20;9893;19;;;9903;12;9906;24;;;9900.0;0.0
av_COFFEE_d8;8800;INTARIAN_PEPPER_ROOT;12817;23;12813;16;;;12829;19;12833;27;;;12823.0;0.0
av_COFFEE_d8;8900;ASH_COATED_OSMIUM;9896;10;9894;15;;;9902;20;9905;26;;;9899.0;0.0
av_COFFEE_d8;8900;INTARIAN_PEPPER_ROOT;12816;20;12814;21;;;12825;16;12827;20;;;12820.5;0.0
av_COFFEE_d8;9000;ASH_COATED_OSMIUM;9897;14;9893;11;;;9903;24;9907;17;;;9900.0;0.0
av_COFFEE_d8;9000;INTARIAN_PEPPER_ROOT;12816;13;12813;21;;;12822;10;12824;20;;;12819.0;0.0
av_COFFEE_d8;9100;ASH_COATED_OSMIUM;9896;11;9893;25;;;9904;20;9907;12;;;9900.0;0.0
av_COFFEE_d8;9100;INTARIAN_PEPPER_ROOT;12813;5;12809;9;;;12820;9;12823;24;;;12816.5;0.0
av_COFFEE_d8;9200;ASH_COATED_OSMIUM;9897;9;9893;12;;;9903;18;9906;17;;;9900.0;0.0
av_COFFEE_d8;9200;INTARIAN_PEPPER_ROOT;12812;22;12810;22;;;12818;15;12821;17;;;12815.0;0.0
av_COFFEE_d8;9300;ASH_COATED_OSMIUM;9894;14;9892;11;;;9904;13;9906;23;;;9899.0;0.0
av_COFFEE_d8;9300;INTARIAN_PEPPER_ROOT;12806;16;12803;22;;;12818;16;12821;15;;;12812.0;0.0
av_COFFEE_d8;9400;ASH_COATED_OSMIUM;9895;14;9893;20;;;9903;16;9907;17;;;9899.0;0.0
av_COFFEE_d8;9400;INTARIAN_PEPPER_ROOT;12808;13;12806;20;;;12814;5;12817;23;;;12811.0;0.0
av_COFFEE_d8;9500;ASH_COATED_OSMIUM;9896;8;9894;8;;;9902;16;9905;13;;;9899.0;0.0
av_COFFEE_d8;9500;INTARIAN_PEPPER_ROOT;12806;22;12803;19;;;12812;9;12816;26;;;12809.0;0.0
av_COFFEE_d8;9600;ASH_COATED_OSMIUM;9892;20;9888;25;;;9907;16;9910;21;;;9899.5;0.0
av_COFFEE_d8;9600;INTARIAN_PEPPER_ROOT;12805;14;12801;15;;;12811;13;12815;17;;;12808.0;0.0
av_COFFEE_d8;9700;ASH_COATED_OSMIUM;9894;21;9892;19;;;9906;16;9909;19;;;9900.0;0.0
av_COFFEE_d8;9700;INTARIAN_PEPPER_ROOT;12802;15;12798;26;;;12808;8;12812;18;;;12805.0;0.0
av_COFFEE_d8;9800;ASH_COATED_OSMIUM;9895;13;9893;20;;;9903;11;9905;24;;;9899.0;0.0
av_COFFEE_d8;9800;INTARIAN_PEPPER_ROOT;12800;11;12796;24;;;12806;14;12809;17;;;12803.0;0.0
av_COFFEE_d8;9900;ASH_COATED_OSMIUM;9893;14;9889;19;;;9906;12;9910;9;;;9899.5;0.0
av_COFFEE_d8;9900;INTARIAN_PEPPER_ROOT;12798;7;12796;21;;;12804;18;12808;17;;;12801.0;0.0
av_COFFEE_d8;10000;ASH_COATED_OSMIUM;9895;12;9893;20;;;9904;18;9906;16;;;9899.5;0.0
av_COFFEE_d8;10000;INTARIAN_PEPPER_ROOT;12791;11;12787;18;;;12808;16;12810;19;;;12799.5;0.0
av_COFFEE_d8;10100;ASH_COATED_OSMIUM;9897;13;9893;18;;;9903;16;9907;18;;;9900.0;0.0
av_COFFEE_d8;10100;INTARIAN_PEPPER_ROOT;12794;17;12790;15;;;12800;12;12802;27;;;12797.0;0.0
av_COFFEE_d8;10200;ASH_COATED_OSMIUM;9897;20;9894;19;;;9903;16;9907;24;;;9900.0;0.0
av_COFFEE_d8;10200;INTARIAN_PEPPER_ROOT;12792;12;12789;12;;;12798;21;12802;21;;;12795.0;0.0
av_COFFEE_d8;10300;ASH_COATED_OSMIUM;9897;14;9895;20;;;9903;14;9906;15;;;9900.0;0.0
av_COFFEE_d8;10300;INTARIAN_PEPPER_ROOT;12790;10;12786;17;;;12796;12;12798;17;;;12793.0;0.0
av_COFFEE_d8;10400;ASH_COATED_OSMIUM;9896;20;9892;26;;;9902;13;9906;17;;;9899.0;0.0
av_COFFEE_d8;10400;INTARIAN_PEPPER_ROOT;12781;10;12777;23;;;12801;12;12804;24;;;12791.0;0.0
av_COFFEE_d8;10500;ASH_COATED_OSMIUM;9896;19;9894;17;;;9902;13;9905;27;;;9899.0;0.0
av_COFFEE_d8;10500;INTARIAN_PEPPER_ROOT;12786;11;12782;18;;;12792;7;12795;17;;;12789.0;0.0
av_COFFEE_d8;10600;ASH_COATED_OSMIUM;9897;14;9893;23;;;9903;8;9905;22;;;9900.0;0.0
av_COFFEE_d8;10600;INTARIAN_PEPPER_ROOT;12773;15;12769;17;;;12801;14;12805;22;;;12787.0;0.0
av_COFFEE_d8;10700;ASH_COATED_OSMIUM;9896;22;9893;26;;;9902;17;9905;15;;;9899.0;0.0
av_COFFEE_d8;10700;INTARIAN_PEPPER_ROOT;12780;22;12778;16;;;12790;19;12794;16;;;12785.0;0.0
av_COFFEE_d8;10800;ASH_COATED_OSMIUM;9896;15;9893;31;;;9902;12;9906;20;;;9899.0;0.0
av_COFFEE_d8;10800;INTARIAN_PEPPER_ROOT;12780;14;12777;15;;;12786;17;12788;22;;;12783.0;0.0
av_COFFEE_d8;10900;ASH_COATED_OSMIUM;9895;17;9892;21;;;9904;14;9908;16;;;9899.5;0.0
av_COFFEE_d8;10900;INTARIAN_PEPPER_ROOT;12775;10;12771;20;;;12787;11;12791;26;;;12781.0;0.0
av_COFFEE_d8;11000;ASH_COATED_OSMIUM;9885;15;9881;21;;;9915;5;9919;28;;;9900.0;0.0
av_COFFEE_d8;11000;INTARIAN_PEPPER_ROOT;12776;17;12773;16;;;12782;17;12784;20;;;12779.0;0.0
av_COFFEE_d8;11100;ASH_COATED_OSMIUM;9897;13;9895;22;;;9903;22;9905;18;;;9900.0;0.0
av_COFFEE_d8;11100;INTARIAN_PEPPER_ROOT;12765;12;12761;20;;;12789;15;12793;12;;;12777.0;0.0
av_COFFEE_d8;11200;ASH_COATED_OSMIUM;9890;13;9888;27;;;9908;15;9911;17;;;9899.0;0.0
av_COFFEE_d8;11200;INTARIAN_PEPPER_ROOT;12770;18;12766;8;;;12780;19;12782;21;;;12775.0;0.0
av_COFFEE_d8;11300;ASH_COATED_OSMIUM;9897;13;9895;19;;;9903;10;9905;16;;;9900.0;0.0
av_COFFEE_d8;11300;INTARIAN_PEPPER_ROOT;12770;10;12767;13;;;12776;12;12780;15;;;12773.0;0.0
av_COFFEE_d8;11400;ASH_COATED_OSMIUM;9892;18;9890;21;;;9908;23;9912;23;;;9900.0;0.0
av_COFFEE_d8;11400;INTARIAN_PEPPER_ROOT;12768;14;12764;13;;;12774;19;12776;21;;;12771.0;0.0
av_COFFEE_d8;11500;ASH_COATED_OSMIUM;9897;10;9894;17;;;9903;12;9905;14;;;9900.0;0.0
av_COFFEE_d8;11500;INTARIAN_PEPPER_ROOT;12766;20;12763;23;;;12772;12;12774;16;;;12769.0;0.0
av_COFFEE_d8;11600;ASH_COATED_OSMIUM;9897;19;9895;15;;;9903;19;9906;17;;;9900.0;0.0
av_COFFEE_d8;11600;INTARIAN_PEPPER_ROOT;12763;18;12760;20;;;12769;13;12771;15;;;12766.0;0.0
av_COFFEE_d8;11700;ASH_COATED_OSMIUM;9893;11;9890;20;;;9906;17;9908;16;;;9899.5;0.0
av_COFFEE_d8;11700;INTARIAN_PEPPER_ROOT;12762;12;12758;23;;;12768;14;12770;22;;;12765.0;0.0
av_COFFEE_d8;11800;ASH_COATED_OSMIUM;9896;22;9894;21;;;9904;14;9906;18;;;9900.0;0.0
av_COFFEE_d8;11800;INTARIAN_PEPPER_ROOT;12760;10;12758;23;;;12766;18;12769;18;;;12763.0;0.0
av_COFFEE_d8;11900;ASH_COATED_OSMIUM;9896;9;9892;16;;;9902;12;9905;23;;;9899.0;0.0
av_COFFEE_d8;11900;INTARIAN_PEPPER_ROOT;12757;9;12754;28;;;12763;19;12766;26;;;12760.0;0.0
av_COFFEE_d8;12000;ASH_COATED_OSMIUM;9896;17;9893;20;;;9904;14;9907;31;;;9900.0;0.0
av_COFFEE_d8;12000;INTARIAN_PEPPER_ROOT;12755;16;12753;23;;;12761;10;12764;18;;;12758.0;0.0
av_COFFEE_d8;12100;ASH_COATED_OSMIUM;9895;10;9892;25;;;9905;18;9907;28;;;9900.0;0.0
av_COFFEE_d8;12100;INTARIAN_PEPPER_ROOT;12754;17;12751;14;;;12760;18;12764;17;;;12757.0;0.0
av_COFFEE_d8;12200;ASH_COATED_OSMIUM;9896;10;9894;19;;;9902;19;9905;20;;;9899.0;0.0
av_COFFEE_d8;12200;INTARIAN_PEPPER_ROOT;12752;15;12748;22;;;12758;21;12760;17;;;12755.0;0.0
av_COFFEE_d8;12300;ASH_COATED_OSMIUM;9895;23;9892;13;;;9904;7;9906;26;;;9899.5;0.0
av_COFFEE_d8;12300;INTARIAN_PEPPER_ROOT;12750;22;12747;20;;;12756;19;12758;12;;;12753.0;0.0
av_COFFEE_d8;12400;ASH_COATED_OSMIUM;9896;18;9893;24;;;9904;23;9907;17;;;9900.0;0.0
av_COFFEE_d8;12400;INTARIAN_PEPPER_ROOT;12745;15;12741;14;;;12757;15;12760;16;;;12751.0;0.0
av_COFFEE_d8;12500;ASH_COATED_OSMIUM;9896;22;9894;22;;;9902;18;9905;19;;;9899.0;0.0
av_COFFEE_d8;12500;INTARIAN_PEPPER_ROOT;12739;12;12737;10;;;12760;20;12764;27;;;12749.5;0.0
av_COFFEE_d8;12600;ASH_COATED_OSMIUM;9889;10;9885;16;;;9911;9;9913;17;;;9900.0;0.0
av_COFFEE_d8;12600;INTARIAN_PEPPER_ROOT;12744;18;12740;18;;;12750;17;12752;17;;;12747.0;0.0
av_COFFEE_d8;12700;ASH_COATED_OSMIUM;9886;22;9883;28;;;9914;6;9917;16;;;9900.0;0.0
av_COFFEE_d8;12700;INTARIAN_PEPPER_ROOT;12742;22;12739;18;;;12748;21;12752;20;;;12745.0;0.0
av_COFFEE_d8;12800;ASH_COATED_OSMIUM;9896;20;9893;21;;;9902;20;9905;18;;;9899.0;0.0
av_COFFEE_d8;12800;INTARIAN_PEPPER_ROOT;12739;13;12737;19;;;12745;8;12747;16;;;12742.0;0.0
av_COFFEE_d8;12900;ASH_COATED_OSMIUM;9894;16;9892;18;;;9906;25;9909;17;;;9900.0;0.0
av_COFFEE_d8;12900;INTARIAN_PEPPER_ROOT;12737;21;12735;16;;;12743;9;12745;24;;;12740.0;0.0
av_COFFEE_d8;13000;ASH_COATED_OSMIUM;9897;11;9893;21;;;9903;13;9905;32;;;9900.0;0.0
av_COFFEE_d8;13000;INTARIAN_PEPPER_ROOT;12735;19;12731;13;;;12741;8;12744;21;;;12738.0;0.0
av_COFFEE_d8;13100;ASH_COATED_OSMIUM;9895;18;9892;26;;;9904;11;9906;21;;;9899.5;0.0
av_COFFEE_d8;13100;INTARIAN_PEPPER_ROOT;12734;10;12730;24;;;12740;20;12743;19;;;12737.0;0.0
av_COFFEE_d8;13200;ASH_COATED_OSMIUM;9897;16;9893;18;;;9903;24;9905;20;;;9900.0;0.0
av_COFFEE_d8;13200;INTARIAN_PEPPER_ROOT;12730;5;12727;27;;;12740;11;12742;25;;;12735.0;0.0
av_COFFEE_d8;13300;ASH_COATED_OSMIUM;9897;18;9893;23;;;9903;17;9905;21;;;9900.0;0.0
av_COFFEE_d8;13300;INTARIAN_PEPPER_ROOT;12730;17;12728;13;;;12736;14;12738;14;;;12733.0;0.0
av_COFFEE_d8;13400;ASH_COATED_OSMIUM;9893;18;9890;17;;;9907;15;9911;22;;;9900.0;0.0
av_COFFEE_d8;13400;INTARIAN_PEPPER_ROOT;12728;10;12726;10;;;12734;14;12736;20;;;12731.0;0.0
av_COFFEE_d8;13500;ASH_COATED_OSMIUM;9894;9;9892;21;;;9906;9;9908;19;;;9900.0;0.0
av_COFFEE_d8;13500;INTARIAN_PEPPER_ROOT;12726;20;12724;16;;;12732;9;12735;20;;;12729.0;0.0
av_COFFEE_d8;13600;ASH_COATED_OSMIUM;9896;8;9892;17;;;9902;15;9904;20;;;9899.0;0.0
av_COFFEE_d8;13600;INTARIAN_PEPPER_ROOT;12710;14;12708;21;;;12745;16;12747;19;;;12727.5;0.0
av_COFFEE_d8;13700;ASH_COATED_OSMIUM;9895;10;9892;31;;;9903;19;9905;28;;;9899.0;0.0
av_COFFEE_d8;13700;INTARIAN_PEPPER_ROOT;12721;24;12717;24;;;12728;21;12732;11;;;12724.5;0.0
av_COFFEE_d8;13800;ASH_COATED_OSMIUM;9888;11;9884;16;;;9911;10;9913;17;;;9899.5;0.0
av_COFFEE_d8;13800;INTARIAN_PEPPER_ROOT;12719;13;12715;22;;;12725;14;12727;20;;;12722.0;0.0
av_COFFEE_d8;13900;ASH_COATED_OSMIUM;9897;19;9893;25;;;9903;16;9906;18;;;9900.0;0.0
av_COFFEE_d8;13900;INTARIAN_PEPPER_ROOT;12714;23;12711;20;;;12728;18;12731;15;;;12721.0;0.0
av_COFFEE_d8;14000;ASH_COATED_OSMIUM;9896;14;9893;21;;;9902;18;9904;15;;;9899.0;0.0
av_COFFEE_d8;14000;INTARIAN_PEPPER_ROOT;12715;10;12713;8;;;12722;22;12726;13;;;12718.5;0.0
av_COFFEE_d8;14100;ASH_COATED_OSMIUM;9895;7;9893;20;;;9904;16;9907;18;;;9899.5;0.0
av_COFFEE_d8;14100;INTARIAN_PEPPER_ROOT;12714;16;12710;23;;;12720;9;12724;14;;;12717.0;0.0
av_COFFEE_d8;14200;ASH_COATED_OSMIUM;9879;22;9877;19;;;9919;18;9921;20;;;9899.0;0.0
av_COFFEE_d8;14200;INTARIAN_PEPPER_ROOT;12711;13;12709;30;;;12717;22;12719;15;;;12714.0;0.0
av_COFFEE_d8;14300;ASH_COATED_OSMIUM;9897;11;9895;13;;;9903;18;9905;12;;;9900.0;0.0
av_COFFEE_d8;14300;INTARIAN_PEPPER_ROOT;12710;13;12707;12;;;12716;16;12718;20;;;12713.0;0.0
av_COFFEE_d8;14400;ASH_COATED_OSMIUM;9896;21;9894;15;;;9902;14;9905;21;;;9899.0;0.0
av_COFFEE_d8;14400;INTARIAN_PEPPER_ROOT;12702;12;12700;21;;;12718;23;12722;17;;;12710.0;0.0
av_COFFEE_d8;14500;ASH_COATED_OSMIUM;9896;17;9894;26;;;9903;29;9906;23;;;9899.5;0.0
av_COFFEE_d8;14500;INTARIAN_PEPPER_ROOT;12706;10;12702;22;;;12712;19;12716;26;;;12709.0;0.0
av_COFFEE_d8;14600;ASH_COATED_OSMIUM;9897;19;9893;20;;;9903;18;9906;23;;;9900.0;0.0
av_COFFEE_d8;14600;INTARIAN_PEPPER_ROOT;12704;11;12701;22;;;12710;17;12712;17;;;12707.0;0.0
av_COFFEE_d8;14700;ASH_COATED_OSMIUM;9894;10;9890;14;;;9905;16;9907;13;;;9899.5;0.0
av_COFFEE_d8;14700;INTARIAN_PEPPER_ROOT;12702;13;12698;10;;;12708;18;12712;19;;;12705.0;0.0
av_COFFEE_d8;14800;ASH_COATED_OSMIUM;9897;5;9894;22;;;9903;13;9907;17;;;9900.0;0.0
av_COFFEE_d8;14800;INTARIAN_PEPPER_ROOT;12699;14;12695;8;;;12705;20;12709;27;;;12702.0;0.0
av_COFFEE_d8;14900;ASH_COATED_OSMIUM;9896;11;9894;16;;;9903;11;9907;22;;;9899.5;0.0
av_COFFEE_d8;14900;INTARIAN_PEPPER_ROOT;12697;17;12695;28;;;12703;21;12705;20;;;12700.0;0.0
av_COFFEE_d8;15000;ASH_COATED_OSMIUM;9897;10;9893;16;;;9903;5;9906;24;;;9900.0;0.0
av_COFFEE_d8;15000;INTARIAN_PEPPER_ROOT;12691;20;12687;18;;;12706;11;12710;27;;;12698.5;0.0
av_COFFEE_d8;15100;ASH_COATED_OSMIUM;9892;17;9890;24;;;9908;9;9911;27;;;9900.0;0.0
av_COFFEE_d8;15100;INTARIAN_PEPPER_ROOT;12694;22;12691;20;;;12700;17;12702;18;;;12697.0;0.0
av_COFFEE_d8;15200;ASH_COATED_OSMIUM;9895;10;9893;19;;;9904;8;9907;19;;;9899.5;0.0
av_COFFEE_d8;15200;INTARIAN_PEPPER_ROOT;12689;21;12686;24;;;12702;10;12705;17;;;12695.5;0.0
av_COFFEE_d8;15300;ASH_COATED_OSMIUM;9892;11;9890;20;;;9906;29;9910;25;;;9899.0;0.0
av_COFFEE_d8;15300;INTARIAN_PEPPER_ROOT;12685;19;12683;10;;;12700;5;12704;22;;;12692.5;0.0
av_COFFEE_d8;15400;ASH_COATED_OSMIUM;9897;6;9894;19;;;9903;20;9906;28;;;9900.0;0.0
av_COFFEE_d8;15400;INTARIAN_PEPPER_ROOT;12687;12;12684;23;;;12693;14;12696;19;;;12690.0;0.0
av_COFFEE_d8;15500;ASH_COATED_OSMIUM;9897;15;9893;24;;;9903;17;9907;16;;;9900.0;0.0
av_COFFEE_d8;15500;INTARIAN_PEPPER_ROOT;12686;18;12683;19;;;12692;10;12694;11;;;12689.0;0.0
av_COFFEE_d8;15600;ASH_COATED_OSMIUM;9877;13;9875;17;;;9922;23;9924;20;;;9899.5;0.0
av_COFFEE_d8;15600;INTARIAN_PEPPER_ROOT;12684;14;12682;17;;;12690;12;12694;16;;;12687.0;0.0
av_COFFEE_d8;15700;ASH_COATED_OSMIUM;9891;19;9887;22;;;9908;5;9912;20;;;9899.5;0.0
av_COFFEE_d8;15700;INTARIAN_PEPPER_ROOT;12682;7;12678;17;;;12688;13;12692;11;;;12685.0;0.0
av_COFFEE_d8;15800;ASH_COATED_OSMIUM;9893;10;9890;16;;;9906;21;9908;14;;;9899.5;0.0
av_COFFEE_d8;15800;INTARIAN_PEPPER_ROOT;12678;17;12674;18;;;12687;24;12689;27;;;12682.5;0.0
av_COFFEE_d8;15900;ASH_COATED_OSMIUM;9896;18;9894;9;;;9902;17;9906;21;;;9899.0;0.0
av_COFFEE_d8;15900;INTARIAN_PEPPER_ROOT;12678;19;12676;15;;;12684;10;12688;14;;;12681.0;0.0
av_COFFEE_d8;16000;ASH_COATED_OSMIUM;9895;13;9892;14;;;9904;20;9906;20;;;9899.5;0.0
av_COFFEE_d8;16000;INTARIAN_PEPPER_ROOT;12676;9;12674;17;;;12682;15;12684;17;;;12679.0;0.0
av_COFFEE_d8;16100;ASH_COATED_OSMIUM;9897;12;9895;20;;;9903;13;9906;14;;;9900.0;0.0
av_COFFEE_d8;16100;INTARIAN_PEPPER_ROOT;12672;12;12670;26;;;12682;10;12685;16;;;12677.0;0.0
av_COFFEE_d8;16200;ASH_COATED_OSMIUM;9897;12;9893;15;;;9903;24;9906;18;;;9900.0;0.0
av_COFFEE_d8;16200;INTARIAN_PEPPER_ROOT;12670;8;12668;19;;;12680;22;12683;16;;;12675.0;0.0
av_COFFEE_d8;16300;ASH_COATED_OSMIUM;9893;9;9891;17;;;9906;15;9909;24;;;9899.5;0.0
av_COFFEE_d8;16300;INTARIAN_PEPPER_ROOT;12669;6;12666;21;;;12675;20;12677;18;;;12672.0;0.0
av_COFFEE_d8;16400;ASH_COATED_OSMIUM;9891;6;9888;21;;;9909;23;9911;23;;;9900.0;0.0
av_COFFEE_d8;16400;INTARIAN_PEPPER_ROOT;12668;13;12666;19;;;12674;11;12678;21;;;12671.0;0.0
av_COFFEE_d8;16500;ASH_COATED_OSMIUM;9897;17;9894;11;;;9903;15;9905;22;;;9900.0;0.0
av_COFFEE_d8;16500;INTARIAN_PEPPER_ROOT;12665;7;12662;20;;;12671;10;12674;25;;;12668.0;0.0
av_COFFEE_d8;16600;ASH_COATED_OSMIUM;9893;12;9890;21;;;9906;11;9908;19;;;9899.5;0.0
av_COFFEE_d8;16600;INTARIAN_PEPPER_ROOT;12663;17;12659;23;;;12669;16;12671;12;;;12666.0;0.0
av_COFFEE_d8;16700;ASH_COATED_OSMIUM;9894;8;9890;25;;;9905;9;9908;20;;;9899.5;0.0
av_COFFEE_d8;16700;INTARIAN_PEPPER_ROOT;12662;8;12660;18;;;12668;13;12672;21;;;12665.0;0.0
av_COFFEE_d8;16800;ASH_COATED_OSMIUM;9895;14;9893;18;;;9904;16;9908;20;;;9899.5;0.0
av_COFFEE_d8;16800;INTARIAN_PEPPER_ROOT;12658;21;12655;23;;;12668;15;12671;21;;;12663.0;0.0
av_COFFEE_d8;16900;ASH_COATED_OSMIUM;9897;11;9895;18;;;9903;12;9906;32;;;9900.0;0.0
av_COFFEE_d8;16900;INTARIAN_PEPPER_ROOT;12657;13;12655;14;;;12663;10;12666;16;;;12660.0;0.0
av_COFFEE_d8;17000;ASH_COATED_OSMIUM;9896;21;9893;18;;;9902;13;9904;25;;;9899.0;0.0
av_COFFEE_d8;17000;INTARIAN_PEPPER_ROOT;12653;14;12651;24;;;12662;14;12664;21;;;12657.5;0.0
av_COFFEE_d8;17100;ASH_COATED_OSMIUM;9897;10;9894;17;;;9903;10;9905;10;;;9900.0;0.0
av_COFFEE_d8;17100;INTARIAN_PEPPER_ROOT;12651;8;12648;21;;;12657;13;12659;21;;;12654.0;0.0
av_COFFEE_d8;17200;ASH_COATED_OSMIUM;9897;17;9894;23;;;9903;17;9906;20;;;9900.0;0.0
av_COFFEE_d8;17200;INTARIAN_PEPPER_ROOT;12647;11;12644;8;;;12654;8;12658;26;;;12650.5;0.0
av_COFFEE_d8;17300;ASH_COATED_OSMIUM;9896;9;9894;20;;;9902;24;9904;23;;;9899.0;0.0
av_COFFEE_d8;17300;INTARIAN_PEPPER_ROOT;12644;22;12641;21;;;12650;9;12653;15;;;12647.0;0.0
av_COFFEE_d8;17400;ASH_COATED_OSMIUM;9893;17;9889;22;;;9905;13;9909;20;;;9899.0;0.0
av_COFFEE_d8;17400;INTARIAN_PEPPER_ROOT;12641;18;12637;15;;;12647;11;12651;25;;;12644.0;0.0
av_COFFEE_d8;17500;ASH_COATED_OSMIUM;9896;12;9894;11;;;9904;16;9906;20;;;9900.0;0.0
av_COFFEE_d8;17500;INTARIAN_PEPPER_ROOT;12637;11;12633;19;;;12643;13;12645;18;;;12640.0;0.0
av_COFFEE_d8;17600;ASH_COATED_OSMIUM;9893;10;9889;26;;;9905;14;9907;26;;;9899.0;0.0
av_COFFEE_d8;17600;INTARIAN_PEPPER_ROOT;12634;13;12631;23;;;12640;14;12643;16;;;12637.0;0.0
av_COFFEE_d8;17700;ASH_COATED_OSMIUM;9896;11;9894;24;;;9904;12;9908;13;;;9900.0;0.0
av_COFFEE_d8;17700;INTARIAN_PEPPER_ROOT;12630;7;12628;25;;;12636;26;12640;13;;;12633.0;0.0
av_COFFEE_d8;17800;ASH_COATED_OSMIUM;9897;25;9893;22;;;9903;16;9907;22;;;9900.0;0.0
av_COFFEE_d8;17800;INTARIAN_PEPPER_ROOT;12627;5;12624;12;;;12633;15;12635;24;;;12630.0;0.0
av_COFFEE_d8;17900;ASH_COATED_OSMIUM;9897;18;9894;14;;;9903;13;9907;15;;;9900.0;0.0
av_COFFEE_d8;17900;INTARIAN_PEPPER_ROOT;12619;13;12615;27;;;12632;24;12634;28;;;12625.5;0.0
av_COFFEE_d8;18000;ASH_COATED_OSMIUM;9897;16;9895;21;;;9903;7;9906;19;;;9900.0;0.0
av_COFFEE_d8;18000;INTARIAN_PEPPER_ROOT;12620;14;12617;27;;;12626;16;12629;19;;;12623.0;0.0
av_COFFEE_d8;18100;ASH_COATED_OSMIUM;9893;14;9891;19;;;9908;13;9912;19;;;9900.5;0.0
av_COFFEE_d8;18100;INTARIAN_PEPPER_ROOT;12615;19;12613;31;;;12623;15;12627;34;;;12619.0;0.0
av_COFFEE_d8;18200;ASH_COATED_OSMIUM;9897;15;9893;17;;;9903;21;9906;22;;;9900.0;0.0
av_COFFEE_d8;18200;INTARIAN_PEPPER_ROOT;12607;18;12605;15;;;12623;7;12625;16;;;12615.0;0.0
av_COFFEE_d8;18300;ASH_COATED_OSMIUM;9898;14;9896;29;;;9904;11;9908;29;;;9901.0;0.0
av_COFFEE_d8;18300;INTARIAN_PEPPER_ROOT;12606;21;12602;14;;;12618;18;12622;19;;;12612.0;0.0
av_COFFEE_d8;18400;ASH_COATED_OSMIUM;9895;6;9891;28;;;9905;14;9907;15;;;9900.0;0.0
av_COFFEE_d8;18400;INTARIAN_PEPPER_ROOT;12603;16;12600;23;;;12614;20;12616;22;;;12608.5;0.0
av_COFFEE_d8;18500;ASH_COATED_OSMIUM;9897;9;9894;12;;;9903;10;9905;20;;;9900.0;0.0
av_COFFEE_d8;18500;INTARIAN_PEPPER_ROOT;12603;21;12599;25;;;12609;10;12612;21;;;12606.0;0.0
av_COFFEE_d8;18600;ASH_COATED_OSMIUM;9897;8;9894;24;;;9903;13;9907;23;;;9900.0;0.0
av_COFFEE_d8;18600;INTARIAN_PEPPER_ROOT;12596;15;12593;13;;;12607;5;12610;27;;;12601.5;0.0
av_COFFEE_d8;18700;ASH_COATED_OSMIUM;9897;12;9894;26;;;9903;9;9907;16;;;9900.0;0.0
av_COFFEE_d8;18700;INTARIAN_PEPPER_ROOT;12595;12;12593;14;;;12602;16;12605;26;;;12598.5;0.0
av_COFFEE_d8;18800;ASH_COATED_OSMIUM;9898;14;9894;22;;;9904;14;9908;21;;;9901.0;0.0
av_COFFEE_d8;18800;INTARIAN_PEPPER_ROOT;12589;14;12586;26;;;12599;21;12602;23;;;12594.0;0.0
av_COFFEE_d8;18900;ASH_COATED_OSMIUM;9897;20;9893;15;;;9903;19;9905;20;;;9900.0;0.0
av_COFFEE_d8;18900;INTARIAN_PEPPER_ROOT;12588;16;12586;17;;;12594;12;12597;27;;;12591.0;0.0
av_COFFEE_d8;19000;ASH_COATED_OSMIUM;9892;11;9889;19;;;9910;15;9914;18;;;9901.0;0.0
av_COFFEE_d8;19000;INTARIAN_PEPPER_ROOT;12584;16;12580;14;;;12590;6;12594;17;;;12587.0;0.0
av_COFFEE_d8;19100;ASH_COATED_OSMIUM;9898;20;9894;20;;;9904;10;9906;16;;;9901.0;0.0
av_COFFEE_d8;19100;INTARIAN_PEPPER_ROOT;12581;18;12579;26;;;12587;9;12591;19;;;12584.0;0.0
av_COFFEE_d8;19200;ASH_COATED_OSMIUM;9898;21;9895;22;;;9904;14;9908;22;;;9901.0;0.0
av_COFFEE_d8;19200;INTARIAN_PEPPER_ROOT;12577;15;12575;22;;;12583;14;12587;32;;;12580.0;0.0
av_COFFEE_d8;19300;ASH_COATED_OSMIUM;9894;19;9890;14;;;9907;10;9910;23;;;9900.5;0.0
av_COFFEE_d8;19300;INTARIAN_PEPPER_ROOT;12566;17;12562;26;;;12588;19;12591;20;;;12577.0;0.0
av_COFFEE_d8;19400;ASH_COATED_OSMIUM;9894;13;9890;20;;;9907;12;9909;12;;;9900.5;0.0
av_COFFEE_d8;19400;INTARIAN_PEPPER_ROOT;12556;14;12553;23;;;12589;26;12591;19;;;12572.5;0.0
av_COFFEE_d8;19500;ASH_COATED_OSMIUM;9898;13;9894;19;;;9904;11;9907;15;;;9901.0;0.0
av_COFFEE_d8;19500;INTARIAN_PEPPER_ROOT;12567;16;12565;18;;;12573;17;12577;19;;;12570.0;0.0
av_COFFEE_d8;19600;ASH_COATED_OSMIUM;9898;17;9896;16;;;9904;16;9907;16;;;9901.0;0.0
av_COFFEE_d8;19600;INTARIAN_PEPPER_ROOT;12564;15;12560;12;;;12570;14;12574;14;;;12567.0;0.0
av_COFFEE_d8;19700;ASH_COATED_OSMIUM;9898;16;9894;17;;;9904;15;9908;21;;;9901.0;0.0
av_COFFEE_d8;19700;INTARIAN_PEPPER_ROOT;12558;12;12554;19;;;12567;13;12571;17;;;12562.5;0.0
av_COFFEE_d8;19800;ASH_COATED_OSMIUM;9898;15;9896;17;;;9904;20;9907;27;;;9901.0;0.0
av_COFFEE_d8;19800;INTARIAN_PEPPER_ROOT;12555;13;12553;8;;;12563;13;12567;15;;;12559.0;0.0
av_COFFEE_d8;19900;ASH_COATED_OSMIUM;9898;16;9896;19;;;9904;14;9908;11;;;9901.0;0.0
av_COFFEE_d8;19900;INTARIAN_PEPPER_ROOT;12552;15;12550;10;;;12559;9;12561;9;;;12555.5;0.0
av_COFFEE_d8;20000;ASH_COATED_OSMIUM;9891;16;9889;23;;;9911;5;9915;24;;;9901.0;0.0
av_COFFEE_d8;20000;INTARIAN_PEPPER_ROOT;12545;17;12541;21;;;12558;18;12562;16;;;12551.5;0.0
av_COFFEE_d8;20100;ASH_COATED_OSMIUM;9898;16;9895;25;;;9904;14;9906;10;;;9901.0;0.0
av_COFFEE_d8;20100;INTARIAN_PEPPER_ROOT;12543;15;12540;23;;;12553;21;12557;10;;;12548.0;0.0
av_COFFEE_d8;20200;ASH_COATED_OSMIUM;9898;18;9896;14;;;9904;21;9906;17;;;9901.0;0.0
av_COFFEE_d8;20200;INTARIAN_PEPPER_ROOT;12542;10;12538;12;;;12548;22;12551;22;;;12545.0;0.0
av_COFFEE_d8;20300;ASH_COATED_OSMIUM;9898;23;9895;20;;;9904;15;9907;21;;;9901.0;0.0
av_COFFEE_d8;20300;INTARIAN_PEPPER_ROOT;12538;18;12535;13;;;12546;15;12549;8;;;12542.0;0.0
av_COFFEE_d8;20400;ASH_COATED_OSMIUM;9898;17;9896;18;;;9904;19;9907;18;;;9901.0;0.0
av_COFFEE_d8;20400;INTARIAN_PEPPER_ROOT;12523;10;12520;21;;;12552;11;12556;22;;;12537.5;0.0
av_COFFEE_d8;20500;ASH_COATED_OSMIUM;9884;9;9880;13;;;9918;13;9922;22;;;9901.0;0.0
av_COFFEE_d8;20500;INTARIAN_PEPPER_ROOT;12531;13;12528;19;;;12537;13;12541;19;;;12534.0;0.0
av_COFFEE_d8;20600;ASH_COATED_OSMIUM;9895;26;9893;18;;;9908;14;9911;22;;;9901.5;0.0
av_COFFEE_d8;20600;INTARIAN_PEPPER_ROOT;12527;17;12523;24;;;12535;21;12537;20;;;12531.0;0.0
av_COFFEE_d8;20700;ASH_COATED_OSMIUM;9898;18;9895;27;;;9904;16;9907;26;;;9901.0;0.0
av_COFFEE_d8;20700;INTARIAN_PEPPER_ROOT;12525;16;12521;22;;;12531;9;12535;22;;;12528.0;0.0
av_COFFEE_d8;20800;ASH_COATED_OSMIUM;9898;11;9896;28;;;9904;11;9907;23;;;9901.0;0.0
av_COFFEE_d8;20800;INTARIAN_PEPPER_ROOT;12521;10;12519;22;;;12527;13;12530;16;;;12524.0;0.0
av_COFFEE_d8;20900;ASH_COATED_OSMIUM;9899;12;9895;24;;;9905;26;9908;13;;;9902.0;0.0
av_COFFEE_d8;20900;INTARIAN_PEPPER_ROOT;12510;8;12506;18;;;12530;6;12534;10;;;12520.0;0.0
av_COFFEE_d8;21000;ASH_COATED_OSMIUM;9899;10;9895;21;;;9905;18;9907;23;;;9902.0;0.0
av_COFFEE_d8;21000;INTARIAN_PEPPER_ROOT;12514;14;12510;20;;;12520;14;12522;17;;;12517.0;0.0
av_COFFEE_d8;21100;ASH_COATED_OSMIUM;9891;10;9889;17;;;9912;7;9916;19;;;9901.5;0.0
av_COFFEE_d8;21100;INTARIAN_PEPPER_ROOT;12504;7;12501;13;;;12523;6;12525;15;;;12513.5;0.0
av_COFFEE_d8;21200;ASH_COATED_OSMIUM;9899;13;9896;13;;;9905;12;9907;17;;;9902.0;0.0
av_COFFEE_d8;21200;INTARIAN_PEPPER_ROOT;12507;18;12504;22;;;12513;13;12517;13;;;12510.0;0.0
av_COFFEE_d8;21300;ASH_COATED_OSMIUM;9899;10;9896;20;;;9905;12;9909;23;;;9902.0;0.0
av_COFFEE_d8;21300;INTARIAN_PEPPER_ROOT;12503;11;12501;20;;;12509;13;12511;31;;;12506.0;0.0
av_COFFEE_d8;21400;ASH_COATED_OSMIUM;9898;15;9896;24;;;9906;6;9909;19;;;9902.0;0.0
av_COFFEE_d8;21400;INTARIAN_PEPPER_ROOT;12500;6;12498;21;;;12506;20;12509;24;;;12503.0;0.0
av_COFFEE_d8;21500;ASH_COATED_OSMIUM;9898;5;9896;14;;;9904;22;9908;27;;;9901.0;0.0
av_COFFEE_d8;21500;INTARIAN_PEPPER_ROOT;12496;8;12492;22;;;12502;9;12505;22;;;12499.0;0.0
av_COFFEE_d8;21600;ASH_COATED_OSMIUM;9899;12;9897;13;;;9905;16;9907;23;;;9902.0;0.0
av_COFFEE_d8;21600;INTARIAN_PEPPER_ROOT;12479;11;12475;15;;;12512;16;12514;13;;;12495.5;0.0
av_COFFEE_d8;21700;ASH_COATED_OSMIUM;9898;15;9894;13;;;9904;11;9906;17;;;9901.0;0.0
av_COFFEE_d8;21700;INTARIAN_PEPPER_ROOT;12485;25;12482;19;;;12501;19;12504;19;;;12493.0;0.0
av_COFFEE_d8;21800;ASH_COATED_OSMIUM;9895;23;9891;24;;;9908;6;9912;8;;;9901.5;0.0
av_COFFEE_d8;21800;INTARIAN_PEPPER_ROOT;12484;15;12480;17;;;12493;15;12497;23;;;12488.5;0.0
av_COFFEE_d8;21900;ASH_COATED_OSMIUM;9897;14;9895;16;;;9905;14;9907;31;;;9901.0;0.0
av_COFFEE_d8;21900;INTARIAN_PEPPER_ROOT;12483;15;12480;14;;;12489;17;12493;12;;;12486.0;0.0
av_COFFEE_d8;22000;ASH_COATED_OSMIUM;9899;19;9897;22;;;9905;10;9908;25;;;9902.0;0.0
av_COFFEE_d8;22000;INTARIAN_PEPPER_ROOT;12479;13;12476;16;;;12485;13;12487;22;;;12482.0;0.0
av_COFFEE_d8;22100;ASH_COATED_OSMIUM;9899;17;9896;20;;;9905;15;9909;19;;;9902.0;0.0
av_COFFEE_d8;22100;INTARIAN_PEPPER_ROOT;12475;18;12471;15;;;12481;11;12483;19;;;12478.0;0.0
av_COFFEE_d8;22200;ASH_COATED_OSMIUM;9898;29;9895;19;;;9906;15;9908;19;;;9902.0;0.0
av_COFFEE_d8;22200;INTARIAN_PEPPER_ROOT;12468;12;12466;26;;;12482;24;12486;28;;;12475.0;0.0
av_COFFEE_d8;22300;ASH_COATED_OSMIUM;9899;13;9897;32;;;9905;12;9908;17;;;9902.0;0.0
av_COFFEE_d8;22300;INTARIAN_PEPPER_ROOT;12465;15;12463;22;;;12479;16;12481;18;;;12472.0;0.0
av_COFFEE_d8;22400;ASH_COATED_OSMIUM;9899;17;9895;23;;;9905;6;9908;24;;;9902.0;0.0
av_COFFEE_d8;22400;INTARIAN_PEPPER_ROOT;12465;9;12461;25;;;12471;17;12475;16;;;12468.0;0.0
av_COFFEE_d8;22500;ASH_COATED_OSMIUM;9899;19;9896;15;;;9905;20;9907;18;;;9902.0;0.0
av_COFFEE_d8;22500;INTARIAN_PEPPER_ROOT;12461;13;12457;18;;;12467;16;12470;19;;;12464.0;0.0
av_COFFEE_d8;22600;ASH_COATED_OSMIUM;9899;8;9896;26;;;9905;20;9908;17;;;9902.0;0.0
av_COFFEE_d8;22600;INTARIAN_PEPPER_ROOT;12457;11;12454;17;;;12463;15;12465;25;;;12460.0;0.0
av_COFFEE_d8;22700;ASH_COATED_OSMIUM;9897;9;9893;9;;;9907;9;9909;15;;;9902.0;0.0
av_COFFEE_d8;22700;INTARIAN_PEPPER_ROOT;12454;20;12451;16;;;12460;5;12463;17;;;12457.0;0.0
av_COFFEE_d8;22800;ASH_COATED_OSMIUM;9899;15;9895;18;;;9905;20;9907;21;;;9902.0;0.0
av_COFFEE_d8;22800;INTARIAN_PEPPER_ROOT;12450;15;12447;24;;;12456;20;12458;17;;;12453.0;0.0
av_COFFEE_d8;22900;ASH_COATED_OSMIUM;9892;17;9888;20;;;9913;9;9915;26;;;9902.5;0.0
av_COFFEE_d8;22900;INTARIAN_PEPPER_ROOT;12447;13;12444;17;;;12453;13;12455;22;;;12450.0;0.0
av_COFFEE_d8;23000;ASH_COATED_OSMIUM;9896;14;9892;17;;;9908;21;9912;19;;;9902.0;0.0
av_COFFEE_d8;23000;INTARIAN_PEPPER_ROOT;12443;20;12441;19;;;12449;15;12451;23;;;12446.0;0.0
av_COFFEE_d8;23100;ASH_COATED_OSMIUM;9899;22;9895;20;;;9905;13;9908;17;;;9902.0;0.0
av_COFFEE_d8;23100;INTARIAN_PEPPER_ROOT;12440;8;12436;20;;;12446;29;12449;21;;;12443.0;0.0
av_COFFEE_d8;23200;ASH_COATED_OSMIUM;9899;20;9895;20;;;9906;14;9909;23;;;9902.5;0.0
av_COFFEE_d8;23200;INTARIAN_PEPPER_ROOT;12426;17;12422;16;;;12454;16;12458;15;;;12440.0;0.0
av_COFFEE_d8;23300;ASH_COATED_OSMIUM;9900;18;9898;25;;;9906;17;9910;15;;;9903.0;0.0
av_COFFEE_d8;23300;INTARIAN_PEPPER_ROOT;12433;26;12429;18;;;12439;7;12443;22;;;12436.0;0.0
av_COFFEE_d8;23400;ASH_COATED_OSMIUM;9900;10;9898;17;;;9906;6;9908;17;;;9903.0;0.0
av_COFFEE_d8;23400;INTARIAN_PEPPER_ROOT;12430;8;12426;17;;;12436;12;12438;12;;;12433.0;0.0
av_COFFEE_d8;23500;ASH_COATED_OSMIUM;9900;19;9898;17;;;9906;14;9909;18;;;9903.0;0.0
av_COFFEE_d8;23500;INTARIAN_PEPPER_ROOT;12426;21;12422;24;;;12432;15;12434;21;;;12429.0;0.0
av_COFFEE_d8;23600;ASH_COATED_OSMIUM;9900;14;9897;12;;;9906;14;9908;18;;;9903.0;0.0
av_COFFEE_d8;23600;INTARIAN_PEPPER_ROOT;12423;14;12419;29;;;12429;5;12431;21;;;12426.0;0.0
av_COFFEE_d8;23700;ASH_COATED_OSMIUM;9900;16;9898;20;;;9906;16;9909;22;;;9903.0;0.0
av_COFFEE_d8;23700;INTARIAN_PEPPER_ROOT;12417;22;12413;23;;;12426;22;12428;13;;;12421.5;0.0
av_COFFEE_d8;23800;ASH_COATED_OSMIUM;9900;17;9897;20;;;9906;21;9909;13;;;9903.0;0.0
av_COFFEE_d8;23800;INTARIAN_PEPPER_ROOT;12409;14;12407;18;;;12427;16;12430;18;;;12418.0;0.0
av_COFFEE_d8;23900;ASH_COATED_OSMIUM;9900;20;9898;20;;;9906;24;9908;14;;;9903.0;0.0
av_COFFEE_d8;23900;INTARIAN_PEPPER_ROOT;12398;17;12394;26;;;12431;21;12434;22;;;12414.5;0.0
av_COFFEE_d8;24000;ASH_COATED_OSMIUM;9885;22;9882;22;;;9920;11;9922;18;;;9902.5;0.0
av_COFFEE_d8;24000;INTARIAN_PEPPER_ROOT;12408;13;12404;14;;;12414;11;12418;17;;;12411.0;0.0
av_COFFEE_d8;24100;ASH_COATED_OSMIUM;9900;20;9896;22;;;9906;15;9909;21;;;9903.0;0.0
av_COFFEE_d8;24100;INTARIAN_PEPPER_ROOT;12405;18;12403;28;;;12411;15;12413;20;;;12408.0;0.0
av_COFFEE_d8;24200;ASH_COATED_OSMIUM;9900;13;9897;24;;;9906;19;9909;16;;;9903.0;0.0
av_COFFEE_d8;24200;INTARIAN_PEPPER_ROOT;12401;13;12398;19;;;12407;15;12409;11;;;12404.0;0.0
av_COFFEE_d8;24300;ASH_COATED_OSMIUM;9900;13;9896;18;;;9906;16;9910;16;;;9903.0;0.0
av_COFFEE_d8;24300;INTARIAN_PEPPER_ROOT;12398;15;12394;16;;;12404;14;12406;19;;;12401.0;0.0
av_COFFEE_d8;24400;ASH_COATED_OSMIUM;9900;17;9896;10;;;9906;5;9910;20;;;9903.0;0.0
av_COFFEE_d8;24400;INTARIAN_PEPPER_ROOT;12394;18;12390;19;;;12400;14;12403;24;;;12397.0;0.0
av_COFFEE_d8;24500;ASH_COATED_OSMIUM;9886;22;9883;22;;;9921;14;9925;21;;;9903.5;0.0
av_COFFEE_d8;24500;INTARIAN_PEPPER_ROOT;12390;19;12388;21;;;12397;12;12401;13;;;12393.5;0.0
av_COFFEE_d8;24600;ASH_COATED_OSMIUM;9900;15;9897;20;;;9906;21;9908;18;;;9903.0;0.0
av_COFFEE_d8;24600;INTARIAN_PEPPER_ROOT;12379;14;12376;21;;;12400;7;12404;18;;;12389.5;0.0
av_COFFEE_d8;24700;ASH_COATED_OSMIUM;9900;5;9896;19;;;9906;11;9909;19;;;9903.0;0.0
av_COFFEE_d8;24700;INTARIAN_PEPPER_ROOT;12383;20;12379;24;;;12389;13;12392;17;;;12386.0;0.0
av_COFFEE_d8;24800;ASH_COATED_OSMIUM;9900;16;9896;23;;;9906;13;9909;23;;;9903.0;0.0
av_COFFEE_d8;24800;INTARIAN_PEPPER_ROOT;12379;15;12375;16;;;12387;17;12390;21;;;12383.0;0.0
av_COFFEE_d8;24900;ASH_COATED_OSMIUM;9900;18;9896;20;;;9906;15;9909;29;;;9903.0;0.0
av_COFFEE_d8;24900;INTARIAN_PEPPER_ROOT;12377;8;12374;18;;;12383;19;12387;16;;;12380.0;0.0
av_COFFEE_d8;25000;ASH_COATED_OSMIUM;9899;18;9896;8;;;9909;19;9911;26;;;9904.0;0.0
av_COFFEE_d8;25000;INTARIAN_PEPPER_ROOT;12364;22;12361;20;;;12387;22;12390;25;;;12375.5;0.0
av_COFFEE_d8;25100;ASH_COATED_OSMIUM;9900;12;9898;15;;;9906;24;9908;30;;;9903.0;0.0
av_COFFEE_d8;25100;INTARIAN_PEPPER_ROOT;12369;27;12365;19;;;12375;18;12377;17;;;12372.0;0.0
av_COFFEE_d8;25200;ASH_COATED_OSMIUM;9901;22;9897;21;;;9907;16;9910;21;;;9904.0;0.0
av_COFFEE_d8;25200;INTARIAN_PEPPER_ROOT;12366;21;12362;17;;;12372;13;12375;14;;;12369.0;0.0
av_COFFEE_d8;25300;ASH_COATED_OSMIUM;9892;14;9890;17;;;9916;17;9919;28;;;9904.0;0.0
av_COFFEE_d8;25300;INTARIAN_PEPPER_ROOT;12362;12;12359;19;;;12368;11;12372;23;;;12365.0;0.0
av_COFFEE_d8;25400;ASH_COATED_OSMIUM;9900;5;9896;15;;;9906;11;9908;19;;;9903.0;0.0
av_COFFEE_d8;25400;INTARIAN_PEPPER_ROOT;12359;15;12355;14;;;12365;20;12367;14;;;12362.0;0.0
av_COFFEE_d8;25500;ASH_COATED_OSMIUM;9900;20;9897;22;;;9906;20;9908;18;;;9903.0;0.0
av_COFFEE_d8;25500;INTARIAN_PEPPER_ROOT;12352;15;12348;28;;;12365;16;12369;20;;;12358.5;0.0
av_COFFEE_d8;25600;ASH_COATED_OSMIUM;9900;18;9896;18;;;9908;13;9911;22;;;9904.0;0.0
av_COFFEE_d8;25600;INTARIAN_PEPPER_ROOT;12346;15;12344;20;;;12364;7;12367;22;;;12355.0;0.0
av_COFFEE_d8;25700;ASH_COATED_OSMIUM;9901;9;9899;15;;;9907;26;9911;14;;;9904.0;0.0
av_COFFEE_d8;25700;INTARIAN_PEPPER_ROOT;12346;18;12344;12;;;12357;10;12361;13;;;12351.5;0.0
av_COFFEE_d8;25800;ASH_COATED_OSMIUM;9901;17;9899;20;;;9907;9;9910;21;;;9904.0;0.0
av_COFFEE_d8;25800;INTARIAN_PEPPER_ROOT;12345;16;12343;14;;;12351;12;12353;29;;;12348.0;0.0
av_COFFEE_d8;25900;ASH_COATED_OSMIUM;9901;10;9898;16;;;9907;11;9909;8;;;9904.0;0.0
av_COFFEE_d8;25900;INTARIAN_PEPPER_ROOT;12338;17;12335;23;;;12352;19;12354;15;;;12345.0;0.0
av_COFFEE_d8;26000;ASH_COATED_OSMIUM;9896;18;9894;22;;;9913;7;9916;23;;;9904.5;0.0
av_COFFEE_d8;26000;INTARIAN_PEPPER_ROOT;12338;14;12336;12;;;12344;15;12347;19;;;12341.0;0.0
av_COFFEE_d8;26100;ASH_COATED_OSMIUM;9901;13;9899;17;;;9907;16;9910;25;;;9904.0;0.0
av_COFFEE_d8;26100;INTARIAN_PEPPER_ROOT;12332;20;12328;18;;;12342;17;12346;23;;;12337.0;0.0
av_COFFEE_d8;26200;ASH_COATED_OSMIUM;9901;14;9899;18;;;9907;10;9909;18;;;9904.0;0.0
av_COFFEE_d8;26200;INTARIAN_PEPPER_ROOT;12331;15;12327;23;;;12337;19;12339;17;;;12334.0;0.0
av_COFFEE_d8;26300;ASH_COATED_OSMIUM;9901;7;9898;9;;;9907;10;9910;22;;;9904.0;0.0
av_COFFEE_d8;26300;INTARIAN_PEPPER_ROOT;12325;16;12321;21;;;12336;5;12340;19;;;12330.5;0.0
av_COFFEE_d8;26400;ASH_COATED_OSMIUM;9901;18;9897;22;;;9907;18;9910;18;;;9904.0;0.0
av_COFFEE_d8;26400;INTARIAN_PEPPER_ROOT;12319;17;12317;16;;;12334;19;12336;24;;;12326.5;0.0
av_COFFEE_d8;26500;ASH_COATED_OSMIUM;9901;12;9898;20;;;9907;5;9910;25;;;9904.0;0.0
av_COFFEE_d8;26500;INTARIAN_PEPPER_ROOT;12319;17;12315;25;;;12328;15;12330;21;;;12323.5;0.0
av_COFFEE_d8;26600;ASH_COATED_OSMIUM;9901;10;9897;17;;;9907;14;9911;9;;;9904.0;0.0
av_COFFEE_d8;26600;INTARIAN_PEPPER_ROOT;12317;21;12315;24;;;12323;19;12326;24;;;12320.0;0.0
av_COFFEE_d8;26700;ASH_COATED_OSMIUM;9902;13;9899;14;;;9908;17;9910;22;;;9905.0;0.0
av_COFFEE_d8;26700;INTARIAN_PEPPER_ROOT;12313;18;12310;21;;;12319;5;12322;16;;;12316.0;0.0
av_COFFEE_d8;26800;ASH_COATED_OSMIUM;9901;13;9897;26;;;9907;14;9910;22;;;9904.0;0.0
av_COFFEE_d8;26800;INTARIAN_PEPPER_ROOT;12310;22;12308;16;;;12316;20;12318;26;;;12313.0;0.0
av_COFFEE_d8;26900;ASH_COATED_OSMIUM;9901;12;9897;23;;;9907;10;9911;22;;;9904.0;0.0
av_COFFEE_d8;26900;INTARIAN_PEPPER_ROOT;12306;9;12304;16;;;12312;17;12314;18;;;12309.0;0.0
av_COFFEE_d8;27000;ASH_COATED_OSMIUM;9902;23;9900;27;;;9908;20;9912;20;;;9905.0;0.0
av_COFFEE_d8;27000;INTARIAN_PEPPER_ROOT;12295;24;12291;20;;;12316;15;12319;23;;;12305.5;0.0
av_COFFEE_d8;27100;ASH_COATED_OSMIUM;9894;10;9892;21;;;9916;12;9919;22;;;9905.0;0.0
av_COFFEE_d8;27100;INTARIAN_PEPPER_ROOT;12299;11;12296;13;;;12305;16;12307;21;;;12302.0;0.0
av_COFFEE_d8;27200;ASH_COATED_OSMIUM;9901;11;9899;19;;;9909;14;9913;17;;;9905.0;0.0
av_COFFEE_d8;27200;INTARIAN_PEPPER_ROOT;12296;11;12292;21;;;12302;5;12304;17;;;12299.0;0.0
av_COFFEE_d8;27300;ASH_COATED_OSMIUM;9902;20;9900;15;;;9908;20;9912;17;;;9905.0;0.0
av_COFFEE_d8;27300;INTARIAN_PEPPER_ROOT;12287;14;12283;26;;;12305;9;12307;16;;;12296.0;0.0
av_COFFEE_d8;27400;ASH_COATED_OSMIUM;9902;20;9898;30;;;9908;11;9912;13;;;9905.0;0.0
av_COFFEE_d8;27400;INTARIAN_PEPPER_ROOT;12289;15;12287;23;;;12295;14;12297;21;;;12292.0;0.0
av_COFFEE_d8;27500;ASH_COATED_OSMIUM;9902;6;9900;24;;;9908;16;9912;18;;;9905.0;0.0
av_COFFEE_d8;27500;INTARIAN_PEPPER_ROOT;12285;12;12282;18;;;12291;7;12293;16;;;12288.0;0.0
av_COFFEE_d8;27600;ASH_COATED_OSMIUM;9902;11;9899;26;;;9908;8;9912;25;;;9905.0;0.0
av_COFFEE_d8;27600;INTARIAN_PEPPER_ROOT;12282;16;12280;23;;;12288;13;12292;21;;;12285.0;0.0
av_COFFEE_d8;27700;ASH_COATED_OSMIUM;9897;13;9894;20;;;9912;10;9916;15;;;9904.5;0.0
av_COFFEE_d8;27700;INTARIAN_PEPPER_ROOT;12278;22;12275;20;;;12284;15;12286;21;;;12281.0;0.0
av_COFFEE_d8;27800;ASH_COATED_OSMIUM;9902;21;9900;8;;;9908;13;9910;30;;;9905.0;0.0
av_COFFEE_d8;27800;INTARIAN_PEPPER_ROOT;12273;18;12271;16;;;12282;15;12286;16;;;12277.5;0.0
av_COFFEE_d8;27900;ASH_COATED_OSMIUM;9899;20;9896;15;;;9911;15;9915;13;;;9905.0;0.0
av_COFFEE_d8;27900;INTARIAN_PEPPER_ROOT;12268;16;12264;25;;;12281;11;12285;14;;;12274.5;0.0
av_COFFEE_d8;28000;ASH_COATED_OSMIUM;9902;21;9898;22;;;9908;21;9911;17;;;9905.0;0.0
av_COFFEE_d8;28000;INTARIAN_PEPPER_ROOT;12267;18;12263;21;;;12273;9;12276;14;;;12270.0;0.0
av_COFFEE_d8;28100;ASH_COATED_OSMIUM;9901;11;9897;23;;;9910;8;9913;18;;;9905.5;0.0
av_COFFEE_d8;28100;INTARIAN_PEPPER_ROOT;12264;13;12261;21;;;12270;13;12274;20;;;12267.0;0.0
av_COFFEE_d8;28200;ASH_COATED_OSMIUM;9897;18;9895;18;;;9913;15;9915;15;;;9905.0;0.0
av_COFFEE_d8;28200;INTARIAN_PEPPER_ROOT;12261;12;12257;25;;;12267;20;12269;14;;;12264.0;0.0
av_COFFEE_d8;28300;ASH_COATED_OSMIUM;9902;28;9899;9;;;9908;7;9912;19;;;9905.0;0.0
av_COFFEE_d8;28300;INTARIAN_PEPPER_ROOT;12258;16;12255;12;;;12264;22;12266;18;;;12261.0;0.0
av_COFFEE_d8;28400;ASH_COATED_OSMIUM;9902;5;9899;14;;;9908;6;9910;19;;;9905.0;0.0
av_COFFEE_d8;28400;INTARIAN_PEPPER_ROOT;12251;16;12248;17;;;12261;10;12265;20;;;12256.0;0.0
av_COFFEE_d8;28500;ASH_COATED_OSMIUM;9902;18;9899;22;;;9909;12;9913;23;;;9905.5;0.0
av_COFFEE_d8;28500;INTARIAN_PEPPER_ROOT;12250;11;12246;19;;;12256;15;12260;23;;;12253.0;0.0
av_COFFEE_d8;28600;ASH_COATED_OSMIUM;9903;17;9899;22;;;9909;12;9911;10;;;9906.0;0.0
av_COFFEE_d8;28600;INTARIAN_PEPPER_ROOT;12246;19;12244;19;;;12252;14;12254;21;;;12249.0;0.0
av_COFFEE_d8;28700;ASH_COATED_OSMIUM;9896;17;9892;18;;;9915;15;9919;19;;;9905.5;0.0
av_COFFEE_d8;28700;INTARIAN_PEPPER_ROOT;12243;17;12239;18;;;12249;23;12253;18;;;12246.0;0.0
av_COFFEE_d8;28800;ASH_COATED_OSMIUM;9901;17;9898;32;;;9909;10;9912;23;;;9905.0;0.0
av_COFFEE_d8;28800;INTARIAN_PEPPER_ROOT;12232;10;12230;18;;;12252;17;12256;10;;;12242.0;0.0
av_COFFEE_d8;28900;ASH_COATED_OSMIUM;9896;21;9893;14;;;9915;14;9917;12;;;9905.5;0.0
av_COFFEE_d8;28900;INTARIAN_PEPPER_ROOT;12236;24;12234;23;;;12242;21;12245;15;;;12239.0;0.0
av_COFFEE_d8;29000;ASH_COATED_OSMIUM;9903;11;9899;17;;;9909;7;9912;25;;;9906.0;0.0
av_COFFEE_d8;29000;INTARIAN_PEPPER_ROOT;12233;24;12229;25;;;12239;14;12242;12;;;12236.0;0.0
av_COFFEE_d8;29100;ASH_COATED_OSMIUM;9903;18;9901;17;;;9909;19;9912;27;;;9906.0;0.0
av_COFFEE_d8;29100;INTARIAN_PEPPER_ROOT;12228;14;12226;12;;;12234;10;12238;22;;;12231.0;0.0
av_COFFEE_d8;29200;ASH_COATED_OSMIUM;9898;17;9895;33;;;9912;10;9914;19;;;9905.0;0.0
av_COFFEE_d8;29200;INTARIAN_PEPPER_ROOT;12226;20;12224;16;;;12232;18;12235;33;;;12229.0;0.0
av_COFFEE_d8;29300;ASH_COATED_OSMIUM;9898;20;9894;21;;;9913;17;9915;18;;;9905.5;0.0
av_COFFEE_d8;29300;INTARIAN_PEPPER_ROOT;12222;11;12218;24;;;12228;18;12230;24;;;12225.0;0.0
av_COFFEE_d8;29400;ASH_COATED_OSMIUM;9900;11;9898;21;;;9911;19;9913;19;;;9905.5;0.0
av_COFFEE_d8;29400;INTARIAN_PEPPER_ROOT;12218;11;12216;21;;;12225;5;12227;21;;;12221.5;0.0
av_COFFEE_d8;29500;ASH_COATED_OSMIUM;9903;21;9900;22;;;9909;16;9912;25;;;9906.0;0.0
av_COFFEE_d8;29500;INTARIAN_PEPPER_ROOT;12215;12;12213;22;;;12221;12;12223;20;;;12218.0;0.0
av_COFFEE_d8;29600;ASH_COATED_OSMIUM;9903;24;9901;19;;;9909;11;9913;22;;;9906.0;0.0
av_COFFEE_d8;29600;INTARIAN_PEPPER_ROOT;12211;13;12209;19;;;12217;14;12219;22;;;12214.0;0.0
av_COFFEE_d8;29700;ASH_COATED_OSMIUM;9901;17;9897;22;;;9910;6;9914;23;;;9905.5;0.0
av_COFFEE_d8;29700;INTARIAN_PEPPER_ROOT;12202;8;12200;20;;;12219;19;12222;23;;;12210.5;0.0
av_COFFEE_d8;29800;ASH_COATED_OSMIUM;9903;5;9899;16;;;9909;18;9912;10;;;9906.0;0.0
av_COFFEE_d8;29800;INTARIAN_PEPPER_ROOT;12200;25;12197;22;;;12215;12;12218;22;;;12207.5;0.0
av_COFFEE_d8;29900;ASH_COATED_OSMIUM;9902;20;9898;13;;;9909;8;9913;10;;;9905.5;0.0
av_COFFEE_d8;29900;INTARIAN_PEPPER_ROOT;12195;8;12191;24;;;12212;6;12215;8;;;12203.5;0.0
av_COFFEE_d8;30000;ASH_COATED_OSMIUM;9903;13;9899;19;;;9909;13;9911;16;;;9906.0;0.0
av_COFFEE_d8;30000;INTARIAN_PEPPER_ROOT;12197;17;12194;24;;;12203;20;12206;29;;;12200.0;0.0
av_COFFEE_d8;30100;ASH_COATED_OSMIUM;9903;17;9900;25;;;9909;8;9913;19;;;9906.0;0.0
av_COFFEE_d8;30100;INTARIAN_PEPPER_ROOT;12182;8;12179;17;;;12210;17;12213;19;;;12196.0;0.0
av_COFFEE_d8;30200;ASH_COATED_OSMIUM;9896;13;9894;17;;;9915;14;9919;18;;;9905.5;0.0
av_COFFEE_d8;30200;INTARIAN_PEPPER_ROOT;12190;20;12187;20;;;12196;22;12200;20;;;12193.0;0.0
av_COFFEE_d8;30300;ASH_COATED_OSMIUM;9903;12;9899;20;;;9909;15;9913;19;;;9906.0;0.0
av_COFFEE_d8;30300;INTARIAN_PEPPER_ROOT;12184;19;12182;25;;;12194;19;12198;20;;;12189.0;0.0
av_COFFEE_d8;30400;ASH_COATED_OSMIUM;9899;19;9897;14;;;9912;16;9916;19;;;9905.5;0.0
av_COFFEE_d8;30400;INTARIAN_PEPPER_ROOT;12183;13;12180;29;;;12189;15;12191;23;;;12186.0;0.0
av_COFFEE_d8;30500;ASH_COATED_OSMIUM;9903;15;9900;15;;;9909;17;9912;22;;;9906.0;0.0
av_COFFEE_d8;30500;INTARIAN_PEPPER_ROOT;12177;20;12174;22;;;12187;18;12191;18;;;12182.0;0.0
av_COFFEE_d8;30600;ASH_COATED_OSMIUM;9901;17;9899;14;;;9913;10;9917;17;;;9907.0;0.0
av_COFFEE_d8;30600;INTARIAN_PEPPER_ROOT;12173;7;12170;16;;;12186;17;12189;12;;;12179.5;0.0
av_COFFEE_d8;30700;ASH_COATED_OSMIUM;9903;15;9901;17;;;9909;14;9911;18;;;9906.0;0.0
av_COFFEE_d8;30700;INTARIAN_PEPPER_ROOT;12171;16;12169;20;;;12181;11;12184;15;;;12176.0;0.0
av_COFFEE_d8;30800;ASH_COATED_OSMIUM;9904;21;9901;16;;;9910;16;9912;19;;;9907.0;0.0
av_COFFEE_d8;30800;INTARIAN_PEPPER_ROOT;12169;9;12166;17;;;12175;25;12178;26;;;12172.0;0.0
av_COFFEE_d8;30900;ASH_COATED_OSMIUM;9902;5;9898;19;;;9910;15;9913;26;;;9906.0;0.0
av_COFFEE_d8;30900;INTARIAN_PEPPER_ROOT;12164;10;12160;23;;;12174;21;12178;18;;;12169.0;0.0
av_COFFEE_d8;31000;ASH_COATED_OSMIUM;9894;16;9892;20;;;9920;18;9923;19;;;9907.0;0.0
av_COFFEE_d8;31000;INTARIAN_PEPPER_ROOT;12162;5;12158;24;;;12168;19;12170;23;;;12165.0;0.0
av_COFFEE_d8;31100;ASH_COATED_OSMIUM;9904;10;9902;14;;;9910;9;9913;17;;;9907.0;0.0
av_COFFEE_d8;31100;INTARIAN_PEPPER_ROOT;12158;12;12154;21;;;12164;16;12166;23;;;12161.0;0.0
av_COFFEE_d8;31200;ASH_COATED_OSMIUM;9903;19;9901;17;;;9909;7;9911;20;;;9906.0;0.0
av_COFFEE_d8;31200;INTARIAN_PEPPER_ROOT;12154;13;12152;12;;;12160;14;12163;19;;;12157.0;0.0
av_COFFEE_d8;31300;ASH_COATED_OSMIUM;9900;11;9896;12;;;9913;11;9916;24;;;9906.5;0.0
av_COFFEE_d8;31300;INTARIAN_PEPPER_ROOT;12151;10;12148;18;;;12157;17;12161;19;;;12154.0;0.0
av_COFFEE_d8;31400;ASH_COATED_OSMIUM;9895;19;9892;13;;;9918;18;9920;34;;;9906.5;0.0
av_COFFEE_d8;31400;INTARIAN_PEPPER_ROOT;12148;13;12144;28;;;12154;14;12157;26;;;12151.0;0.0
av_COFFEE_d8;31500;ASH_COATED_OSMIUM;9895;17;9893;18;;;9918;13;9922;22;;;9906.5;0.0
av_COFFEE_d8;31500;INTARIAN_PEPPER_ROOT;12139;19;12135;19;;;12156;6;12160;29;;;12147.5;0.0
av_COFFEE_d8;31600;ASH_COATED_OSMIUM;9897;5;9893;19;;;9918;18;9920;13;;;9907.5;0.0
av_COFFEE_d8;31600;INTARIAN_PEPPER_ROOT;12140;16;12136;19;;;12146;5;12149;31;;;12143.0;0.0
av_COFFEE_d8;31700;ASH_COATED_OSMIUM;9904;9;9900;24;;;9910;9;9912;22;;;9907.0;0.0
av_COFFEE_d8;31700;INTARIAN_PEPPER_ROOT;12137;17;12134;27;;;12143;8;12147;19;;;12140.0;0.0
av_COFFEE_d8;31800;ASH_COATED_OSMIUM;9904;13;9900;26;;;9910;10;9914;19;;;9907.0;0.0
av_COFFEE_d8;31800;INTARIAN_PEPPER_ROOT;12134;12;12130;23;;;12140;24;12142;15;;;12137.0;0.0
av_COFFEE_d8;31900;ASH_COATED_OSMIUM;9904;17;9902;20;;;9910;24;9913;16;;;9907.0;0.0
av_COFFEE_d8;31900;INTARIAN_PEPPER_ROOT;12123;7;12119;17;;;12144;9;12147;21;;;12133.5;0.0
av_COFFEE_d8;32000;ASH_COATED_OSMIUM;9903;8;9901;11;;;9911;21;9915;21;;;9907.0;0.0
av_COFFEE_d8;32000;INTARIAN_PEPPER_ROOT;12127;17;12125;16;;;12133;9;12135;16;;;12130.0;0.0
av_COFFEE_d8;32100;ASH_COATED_OSMIUM;9904;20;9900;28;;;9910;8;9912;8;;;9907.0;0.0
av_COFFEE_d8;32100;INTARIAN_PEPPER_ROOT;12123;18;12121;11;;;12129;21;12131;23;;;12126.0;0.0
av_COFFEE_d8;32200;ASH_COATED_OSMIUM;9904;25;9902;28;;;9910;19;9913;20;;;9907.0;0.0
av_COFFEE_d8;32200;INTARIAN_PEPPER_ROOT;12120;24;12118;23;;;12126;15;12130;22;;;12123.0;0.0
av_COFFEE_d8;32300;ASH_COATED_OSMIUM;9904;15;9900;20;;;9910;16;9914;16;;;9907.0;0.0
av_COFFEE_d8;32300;INTARIAN_PEPPER_ROOT;12116;17;12112;19;;;12122;12;12124;28;;;12119.0;0.0
av_COFFEE_d8;32400;ASH_COATED_OSMIUM;9904;21;9900;20;;;9910;18;9913;18;;;9907.0;0.0
av_COFFEE_d8;32400;INTARIAN_PEPPER_ROOT;12113;9;12110;21;;;12119;14;12121;17;;;12116.0;0.0
av_COFFEE_d8;32500;ASH_COATED_OSMIUM;9905;19;9902;18;;;9911;21;9914;13;;;9908.0;0.0
av_COFFEE_d8;32500;INTARIAN_PEPPER_ROOT;12110;15;12106;14;;;12116;14;12119;30;;;12113.0;0.0
av_COFFEE_d8;32600;ASH_COATED_OSMIUM;9898;15;9896;24;;;9916;17;9920;22;;;9907.0;0.0
av_COFFEE_d8;32600;INTARIAN_PEPPER_ROOT;12106;8;12104;20;;;12112;13;12115;17;;;12109.0;0.0
av_COFFEE_d8;32700;ASH_COATED_OSMIUM;9905;13;9903;18;;;9911;9;9914;18;;;9908.0;0.0
av_COFFEE_d8;32700;INTARIAN_PEPPER_ROOT;12098;17;12096;24;;;12111;5;12114;19;;;12104.5;0.0
av_COFFEE_d8;32800;ASH_COATED_OSMIUM;9905;10;9902;20;;;9911;23;9914;17;;;9908.0;0.0
av_COFFEE_d8;32800;INTARIAN_PEPPER_ROOT;12096;13;12094;18;;;12108;25;12110;19;;;12102.0;0.0
av_COFFEE_d8;32900;ASH_COATED_OSMIUM;9904;28;9900;19;;;9910;12;9914;20;;;9907.0;0.0
av_COFFEE_d8;32900;INTARIAN_PEPPER_ROOT;12095;21;12092;26;;;12101;17;12105;18;;;12098.0;0.0
av_COFFEE_d8;33000;ASH_COATED_OSMIUM;9900;19;9896;18;;;9914;15;9916;17;;;9907.0;0.0
av_COFFEE_d8;33000;INTARIAN_PEPPER_ROOT;12091;14;12088;13;;;12097;10;12099;27;;;12094.0;0.0
av_COFFEE_d8;33100;ASH_COATED_OSMIUM;9905;17;9901;19;;;9911;9;9914;20;;;9908.0;0.0
av_COFFEE_d8;33100;INTARIAN_PEPPER_ROOT;12088;13;12084;19;;;12094;5;12098;19;;;12091.0;0.0
av_COFFEE_d8;33200;ASH_COATED_OSMIUM;9900;21;9896;13;;;9916;5;9918;8;;;9908.0;0.0
av_COFFEE_d8;33200;INTARIAN_PEPPER_ROOT;12081;18;12077;17;;;12094;21;12097;19;;;12087.5;0.0
av_COFFEE_d8;33300;ASH_COATED_OSMIUM;9903;13;9900;33;;;9912;9;9915;35;;;9907.5;0.0
av_COFFEE_d8;33300;INTARIAN_PEPPER_ROOT;12079;5;12077;12;;;12087;11;12090;23;;;12083.0;0.0
av_COFFEE_d8;33400;ASH_COATED_OSMIUM;9905;21;9902;14;;;9911;8;9914;24;;;9908.0;0.0
av_COFFEE_d8;33400;INTARIAN_PEPPER_ROOT;12074;8;12071;27;;;12086;17;12088;24;;;12080.0;0.0
av_COFFEE_d8;33500;ASH_COATED_OSMIUM;9904;23;9900;21;;;9910;8;9914;15;;;9907.0;0.0
av_COFFEE_d8;33500;INTARIAN_PEPPER_ROOT;12074;8;12072;22;;;12080;13;12082;10;;;12077.0;0.0
av_COFFEE_d8;33600;ASH_COATED_OSMIUM;9901;8;9897;23;;;9916;18;9918;21;;;9908.5;0.0
av_COFFEE_d8;33600;INTARIAN_PEPPER_ROOT;12071;15;12069;19;;;12077;24;12080;19;;;12074.0;0.0
av_COFFEE_d8;33700;ASH_COATED_OSMIUM;9904;19;9902;21;;;9910;12;9914;17;;;9907.0;0.0
av_COFFEE_d8;33700;INTARIAN_PEPPER_ROOT;12061;6;12057;17;;;12079;16;12083;25;;;12070.0;0.0
av_COFFEE_d8;33800;ASH_COATED_OSMIUM;9904;12;9902;13;;;9912;14;9916;28;;;9908.0;0.0
av_COFFEE_d8;33800;INTARIAN_PEPPER_ROOT;12060;11;12058;13;;;12072;11;12075;25;;;12066.0;0.0
av_COFFEE_d8;33900;ASH_COATED_OSMIUM;9905;18;9901;21;;;9911;20;9914;12;;;9908.0;0.0
av_COFFEE_d8;33900;INTARIAN_PEPPER_ROOT;12060;15;12058;29;;;12066;10;12069;14;;;12063.0;0.0
av_COFFEE_d8;34000;ASH_COATED_OSMIUM;9892;6;9889;18;;;9925;6;9929;24;;;9908.5;0.0
av_COFFEE_d8;34000;INTARIAN_PEPPER_ROOT;12058;11;12056;27;;;12064;8;12066;18;;;12061.0;0.0
av_COFFEE_d8;34100;ASH_COATED_OSMIUM;9905;18;9901;24;;;9911;21;9913;16;;;9908.0;0.0
av_COFFEE_d8;34100;INTARIAN_PEPPER_ROOT;12056;22;12054;15;;;12064;22;12068;21;;;12060.0;0.0
av_COFFEE_d8;34200;ASH_COATED_OSMIUM;9905;17;9902;13;;;9911;9;9913;19;;;9908.0;0.0
av_COFFEE_d8;34200;INTARIAN_PEPPER_ROOT;12054;20;12051;23;;;12063;15;12066;22;;;12058.5;0.0
av_COFFEE_d8;34300;ASH_COATED_OSMIUM;9905;10;9901;18;;;9911;14;9913;21;;;9908.0;0.0
av_COFFEE_d8;34300;INTARIAN_PEPPER_ROOT;12054;16;12050;27;;;12060;5;12064;15;;;12057.0;0.0
av_COFFEE_d8;34400;ASH_COATED_OSMIUM;9905;7;9901;25;;;9911;23;9915;22;;;9908.0;0.0
av_COFFEE_d8;34400;INTARIAN_PEPPER_ROOT;12053;14;12051;17;;;12059;22;12063;19;;;12056.0;0.0
av_COFFEE_d8;34500;ASH_COATED_OSMIUM;9905;6;9901;19;;;9911;11;9915;27;;;9908.0;0.0
av_COFFEE_d8;34500;INTARIAN_PEPPER_ROOT;12051;14;12047;23;;;12058;13;12060;15;;;12054.5;0.0
av_COFFEE_d8;34600;ASH_COATED_OSMIUM;9898;10;9894;18;;;9917;20;9920;18;;;9907.5;0.0
av_COFFEE_d8;34600;INTARIAN_PEPPER_ROOT;12050;17;12048;14;;;12056;16;12058;19;;;12053.0;0.0
av_COFFEE_d8;34700;ASH_COATED_OSMIUM;9905;11;9901;22;;;9911;20;9915;21;;;9908.0;0.0
av_COFFEE_d8;34700;INTARIAN_PEPPER_ROOT;12048;17;12046;22;;;12054;19;12056;22;;;12051.0;0.0
av_COFFEE_d8;34800;ASH_COATED_OSMIUM;9905;19;9901;15;;;9911;15;9913;24;;;9908.0;0.0
av_COFFEE_d8;34800;INTARIAN_PEPPER_ROOT;12047;17;12045;23;;;12053;21;12055;17;;;12050.0;0.0
av_COFFEE_d8;34900;ASH_COATED_OSMIUM;9905;7;9901;18;;;9911;9;9913;20;;;9908.0;0.0
av_COFFEE_d8;34900;INTARIAN_PEPPER_ROOT;12043;16;12041;20;;;12052;15;12056;16;;;12047.5;0.0
av_COFFEE_d8;35000;ASH_COATED_OSMIUM;9905;18;9902;18;;;9911;10;9913;19;;;9908.0;0.0
av_COFFEE_d8;35000;INTARIAN_PEPPER_ROOT;12044;12;12041;16;;;12050;9;12053;8;;;12047.0;0.0
av_COFFEE_d8;35100;ASH_COATED_OSMIUM;9905;9;9903;18;;;9911;10;9914;22;;;9908.0;0.0
av_COFFEE_d8;35100;INTARIAN_PEPPER_ROOT;12042;6;12040;19;;;12048;21;12050;15;;;12045.0;0.0
av_COFFEE_d8;35200;ASH_COATED_OSMIUM;9905;9;9903;15;;;9911;16;9915;20;;;9908.0;0.0
av_COFFEE_d8;35200;INTARIAN_PEPPER_ROOT;12040;5;12038;17;;;12047;14;12050;16;;;12043.5;0.0
av_COFFEE_d8;35300;ASH_COATED_OSMIUM;9905;19;9901;11;;;9911;21;9915;32;;;9908.0;0.0
av_COFFEE_d8;35300;INTARIAN_PEPPER_ROOT;12036;15;12032;23;;;12048;14;12051;18;;;12042.0;0.0
av_COFFEE_d8;35400;ASH_COATED_OSMIUM;9904;8;9902;20;;;9910;17;9913;17;;;9907.0;0.0
av_COFFEE_d8;35400;INTARIAN_PEPPER_ROOT;12038;22;12035;14;;;12044;19;12046;17;;;12041.0;0.0
av_COFFEE_d8;35500;ASH_COATED_OSMIUM;9906;5;9904;22;;;9912;13;9915;23;;;9909.0;0.0
av_COFFEE_d8;35500;INTARIAN_PEPPER_ROOT;12035;12;12032;21;;;12043;11;12047;21;;;12039.0;0.0
av_COFFEE_d8;35600;ASH_COATED_OSMIUM;9904;13;9901;17;;;9910;8;9912;14;;;9907.0;0.0
av_COFFEE_d8;35600;INTARIAN_PEPPER_ROOT;12034;10;12031;18;;;12040;10;12044;13;;;12037.0;0.0
av_COFFEE_d8;35700;ASH_COATED_OSMIUM;9900;13;9897;9;;;9914;6;9917;28;;;9907.0;0.0
av_COFFEE_d8;35700;INTARIAN_PEPPER_ROOT;12033;8;12031;24;;;12040;15;12043;18;;;12036.5;0.0
av_COFFEE_d8;35800;ASH_COATED_OSMIUM;9905;11;9903;20;;;9911;12;9913;26;;;9908.0;0.0
av_COFFEE_d8;35800;INTARIAN_PEPPER_ROOT;12031;17;12028;8;;;12037;18;12041;18;;;12034.0;0.0
av_COFFEE_d8;35900;ASH_COATED_OSMIUM;9905;20;9902;18;;;9911;10;9914;14;;;9908.0;0.0
av_COFFEE_d8;35900;INTARIAN_PEPPER_ROOT;12024;16;12021;23;;;12041;10;12045;24;;;12032.5;0.0
av_COFFEE_d8;36000;ASH_COATED_OSMIUM;9904;15;9901;28;;;9911;17;9915;13;;;9907.5;0.0
av_COFFEE_d8;36000;INTARIAN_PEPPER_ROOT;12028;12;12024;14;;;12035;20;12037;17;;;12031.5;0.0
av_COFFEE_d8;36100;ASH_COATED_OSMIUM;9901;14;9897;25;;;9915;11;9919;20;;;9908.0;0.0
av_COFFEE_d8;36100;INTARIAN_PEPPER_ROOT;12027;18;12024;27;;;12033;10;12035;33;;;12030.0;0.0
av_COFFEE_d8;36200;ASH_COATED_OSMIUM;9902;19;9900;23;;;9914;10;9917;9;;;9908.0;0.0
av_COFFEE_d8;36200;INTARIAN_PEPPER_ROOT;12025;17;12023;15;;;12033;13;12036;15;;;12029.0;0.0
av_COFFEE_d8;36300;ASH_COATED_OSMIUM;9905;14;9901;23;;;9911;12;9913;24;;;9908.0;0.0
av_COFFEE_d8;36300;INTARIAN_PEPPER_ROOT;12018;18;12016;17;;;12035;15;12037;21;;;12026.5;0.0
av_COFFEE_d8;36400;ASH_COATED_OSMIUM;9904;19;9901;26;;;9910;13;9913;32;;;9907.0;0.0
av_COFFEE_d8;36400;INTARIAN_PEPPER_ROOT;12023;11;12021;22;;;12029;10;12033;16;;;12026.0;0.0
av_COFFEE_d8;36500;ASH_COATED_OSMIUM;9905;18;9901;25;;;9911;10;9915;19;;;9908.0;0.0
av_COFFEE_d8;36500;INTARIAN_PEPPER_ROOT;12021;10;12018;30;;;12027;15;12029;17;;;12024.0;0.0
av_COFFEE_d8;36600;ASH_COATED_OSMIUM;9902;20;9898;25;;;9913;10;9916;13;;;9907.5;0.0
av_COFFEE_d8;36600;INTARIAN_PEPPER_ROOT;12014;18;12010;17;;;12031;17;12035;15;;;12022.5;0.0
av_COFFEE_d8;36700;ASH_COATED_OSMIUM;9905;19;9901;15;;;9911;15;9913;22;;;9908.0;0.0
av_COFFEE_d8;36700;INTARIAN_PEPPER_ROOT;12018;20;12014;19;;;12024;12;12027;15;;;12021.0;0.0
av_COFFEE_d8;36800;ASH_COATED_OSMIUM;9904;16;9901;13;;;9911;11;9914;23;;;9907.5;0.0
av_COFFEE_d8;36800;INTARIAN_PEPPER_ROOT;12016;17;12014;25;;;12022;22;12026;18;;;12019.0;0.0
av_COFFEE_d8;36900;ASH_COATED_OSMIUM;9898;13;9896;22;;;9916;15;9920;16;;;9907.0;0.0
av_COFFEE_d8;36900;INTARIAN_PEPPER_ROOT;12015;13;12013;26;;;12021;14;12025;21;;;12018.0;0.0
av_COFFEE_d8;37000;ASH_COATED_OSMIUM;9905;10;9901;13;;;9911;14;9915;15;;;9908.0;0.0
av_COFFEE_d8;37000;INTARIAN_PEPPER_ROOT;12013;14;12011;16;;;12019;11;12023;12;;;12016.0;0.0
av_COFFEE_d8;37100;ASH_COATED_OSMIUM;9904;12;9902;17;;;9911;6;9914;24;;;9907.5;0.0
av_COFFEE_d8;37100;INTARIAN_PEPPER_ROOT;12009;13;12005;21;;;12020;23;12022;22;;;12014.5;0.0
av_COFFEE_d8;37200;ASH_COATED_OSMIUM;9905;15;9902;20;;;9911;11;9914;20;;;9908.0;0.0
av_COFFEE_d8;37200;INTARIAN_PEPPER_ROOT;12011;21;12007;19;;;12017;12;12021;29;;;12014.0;0.0
av_COFFEE_d8;37300;ASH_COATED_OSMIUM;9896;17;9894;18;;;9918;17;9922;26;;;9907.0;0.0
av_COFFEE_d8;37300;INTARIAN_PEPPER_ROOT;12005;10;12003;17;;;12018;12;12020;24;;;12011.5;0.0
av_COFFEE_d8;37400;ASH_COATED_OSMIUM;9901;19;9899;19;;;9914;8;9917;27;;;9907.5;0.0
av_COFFEE_d8;37400;INTARIAN_PEPPER_ROOT;12007;30;12003;17;;;12013;16;12016;22;;;12010.0;0.0
av_COFFEE_d8;37500;ASH_COATED_OSMIUM;9897;8;9893;21;;;9919;25;9922;18;;;9908.0;0.0
av_COFFEE_d8;37500;INTARIAN_PEPPER_ROOT;12006;18;12002;25;;;12012;19;12014;13;;;12009.0;0.0
av_COFFEE_d8;37600;ASH_COATED_OSMIUM;9904;14;9900;22;;;9910;14;9914;21;;;9907.0;0.0
av_COFFEE_d8;37600;INTARIAN_PEPPER_ROOT;12004;15;12000;18;;;12010;11;12012;27;;;12007.0;0.0
av_COFFEE_d8;37700;ASH_COATED_OSMIUM;9904;15;9902;20;;;9910;21;9914;21;;;9907.0;0.0
av_COFFEE_d8;37700;INTARIAN_PEPPER_ROOT;12003;11;12001;17;;;12009;9;12011;16;;;12006.0;0.0
av_COFFEE_d8;37800;ASH_COATED_OSMIUM;9904;13;9902;13;;;9910;12;9914;23;;;9907.0;0.0
av_COFFEE_d8;37800;INTARIAN_PEPPER_ROOT;11997;15;11994;23;;;12011;12;12013;21;;;12004.0;0.0
av_COFFEE_d8;37900;ASH_COATED_OSMIUM;9905;14;9903;18;;;9911;7;9914;20;;;9908.0;0.0
av_COFFEE_d8;37900;INTARIAN_PEPPER_ROOT;12000;13;11996;13;;;12006;23;12008;23;;;12003.0;0.0
av_COFFEE_d8;38000;ASH_COATED_OSMIUM;9901;9;9898;19;;;9914;15;9918;20;;;9907.5;0.0
av_COFFEE_d8;38000;INTARIAN_PEPPER_ROOT;11998;15;11996;19;;;12004;7;12008;24;;;12001.0;0.0
av_COFFEE_d8;38100;ASH_COATED_OSMIUM;9901;14;9897;17;;;9915;15;9917;28;;;9908.0;0.0
av_COFFEE_d8;38100;INTARIAN_PEPPER_ROOT;11997;27;11995;29;;;12003;13;12006;20;;;12000.0;0.0
av_COFFEE_d8;38200;ASH_COATED_OSMIUM;9905;8;9903;20;;;9911;10;9913;26;;;9908.0;0.0
av_COFFEE_d8;38200;INTARIAN_PEPPER_ROOT;11995;15;11993;18;;;12001;13;12004;20;;;11998.0;0.0
av_COFFEE_d8;38300;ASH_COATED_OSMIUM;9901;24;9898;17;;;9914;23;9916;12;;;9907.5;0.0
av_COFFEE_d8;38300;INTARIAN_PEPPER_ROOT;11994;15;11991;11;;;12000;12;12002;22;;;11997.0;0.0
av_COFFEE_d8;38400;ASH_COATED_OSMIUM;9904;13;9900;16;;;9910;18;9912;22;;;9907.0;0.0
av_COFFEE_d8;38400;INTARIAN_PEPPER_ROOT;11992;20;11990;12;;;11998;9;12002;11;;;11995.0;0.0
av_COFFEE_d8;38500;ASH_COATED_OSMIUM;9905;23;9903;13;;;9911;17;9913;23;;;9908.0;0.0
av_COFFEE_d8;38500;INTARIAN_PEPPER_ROOT;11991;10;11989;15;;;11997;18;12001;15;;;11994.0;0.0
av_COFFEE_d8;38600;ASH_COATED_OSMIUM;9905;20;9901;8;;;9911;13;9913;25;;;9908.0;0.0
av_COFFEE_d8;38600;INTARIAN_PEPPER_ROOT;11964;7;11960;13;;;12021;12;12024;23;;;11992.5;0.0
av_COFFEE_d8;38700;ASH_COATED_OSMIUM;9905;15;9903;29;;;9911;18;9914;21;;;9908.0;0.0
av_COFFEE_d8;38700;INTARIAN_PEPPER_ROOT;11985;10;11982;14;;;11996;11;11998;15;;;11990.5;0.0
av_COFFEE_d8;38800;ASH_COATED_OSMIUM;9902;15;9899;17;;;9911;10;9915;18;;;9906.5;0.0
av_COFFEE_d8;38800;INTARIAN_PEPPER_ROOT;11986;8;11982;11;;;11992;18;11996;26;;;11989.0;0.0
av_COFFEE_d8;38900;ASH_COATED_OSMIUM;9902;10;9898;24;;;9913;11;9915;20;;;9907.5;0.0
av_COFFEE_d8;38900;INTARIAN_PEPPER_ROOT;11985;22;11982;19;;;11991;21;11993;12;;;11988.0;0.0
av_COFFEE_d8;39000;ASH_COATED_OSMIUM;9905;9;9901;22;;;9911;22;9914;22;;;9908.0;0.0
av_COFFEE_d8;39000;INTARIAN_PEPPER_ROOT;11983;12;11980;28;;;11989;19;11991;12;;;11986.0;0.0
av_COFFEE_d8;39100;ASH_COATED_OSMIUM;9899;19;9895;13;;;9914;10;9918;19;;;9906.5;0.0
av_COFFEE_d8;39100;INTARIAN_PEPPER_ROOT;11981;16;11978;19;;;11987;7;11990;26;;;11984.0;0.0
av_COFFEE_d8;39200;ASH_COATED_OSMIUM;9901;14;9899;22;;;9913;18;9915;16;;;9907.0;0.0
av_COFFEE_d8;39200;INTARIAN_PEPPER_ROOT;11976;5;11974;27;;;11990;7;11993;10;;;11983.0;0.0
av_COFFEE_d8;39300;ASH_COATED_OSMIUM;9904;6;9900;19;;;9910;18;9914;14;;;9907.0;0.0
av_COFFEE_d8;39300;INTARIAN_PEPPER_ROOT;11979;13;11977;23;;;11985;9;11988;35;;;11982.0;0.0
av_COFFEE_d8;39400;ASH_COATED_OSMIUM;9905;7;9901;10;;;9911;6;9914;15;;;9908.0;0.0
av_COFFEE_d8;39400;INTARIAN_PEPPER_ROOT;11974;5;11972;17;;;11986;8;11990;22;;;11980.0;0.0
av_COFFEE_d8;39500;ASH_COATED_OSMIUM;9905;18;9903;28;;;9911;18;9914;18;;;9908.0;0.0
av_COFFEE_d8;39500;INTARIAN_PEPPER_ROOT;11974;24;11972;17;;;11983;6;11985;19;;;11978.5;0.0
av_COFFEE_d8;39600;ASH_COATED_OSMIUM;9898;17;9895;17;;;9917;24;9919;14;;;9907.5;0.0
av_COFFEE_d8;39600;INTARIAN_PEPPER_ROOT;11974;19;11971;15;;;11982;15;11984;22;;;11978.0;0.0
av_COFFEE_d8;39700;ASH_COATED_OSMIUM;9902;14;9899;19;;;9913;20;9915;16;;;9907.5;0.0
av_COFFEE_d8;39700;INTARIAN_PEPPER_ROOT;11965;14;11962;26;;;11986;11;11990;25;;;11975.5;0.0
av_COFFEE_d8;39800;ASH_COATED_OSMIUM;9904;15;9900;12;;;9910;19;9913;17;;;9907.0;0.0
av_COFFEE_d8;39800;INTARIAN_PEPPER_ROOT;11963;12;11961;27;;;11985;13;11989;16;;;11974.0;0.0
av_COFFEE_d8;39900;ASH_COATED_OSMIUM;9897;24;9893;35;;;9918;21;9920;27;;;9907.5;0.0
av_COFFEE_d8;39900;INTARIAN_PEPPER_ROOT;11970;18;11968;20;;;11976;9;11979;22;;;11973.0;0.0
av_COFFEE_d8;40000;ASH_COATED_OSMIUM;9903;23;9899;16;;;9912;10;9916;25;;;9907.5;0.0
av_COFFEE_d8;40000;INTARIAN_PEPPER_ROOT;11967;8;11963;10;;;11975;15;11978;24;;;11971.0;0.0
av_COFFEE_d8;40100;ASH_COATED_OSMIUM;9904;21;9902;15;;;9910;16;9914;18;;;9907.0;0.0
av_COFFEE_d8;40100;INTARIAN_PEPPER_ROOT;11967;21;11963;13;;;11973;15;11977;26;;;11970.0;0.0
av_COFFEE_d8;40200;ASH_COATED_OSMIUM;9903;10;9900;20;;;9911;11;9915;24;;;9907.0;0.0
av_COFFEE_d8;40200;INTARIAN_PEPPER_ROOT;11965;11;11963;20;;;11971;8;11973;28;;;11968.0;0.0
av_COFFEE_d8;40300;ASH_COATED_OSMIUM;9902;21;9900;28;;;9913;17;9915;17;;;9907.5;0.0
av_COFFEE_d8;40300;INTARIAN_PEPPER_ROOT;11954;18;11951;17;;;11979;19;11982;23;;;11966.5;0.0
av_COFFEE_d8;40400;ASH_COATED_OSMIUM;9902;18;9900;18;;;9912;13;9915;22;;;9907.0;0.0
av_COFFEE_d8;40400;INTARIAN_PEPPER_ROOT;11962;18;11958;19;;;11968;10;11972;24;;;11965.0;0.0
av_COFFEE_d8;40500;ASH_COATED_OSMIUM;9898;19;9894;19;;;9917;20;9920;17;;;9907.5;0.0
av_COFFEE_d8;40500;INTARIAN_PEPPER_ROOT;11961;21;11959;16;;;11967;14;11971;23;;;11964.0;0.0
av_COFFEE_d8;40600;ASH_COATED_OSMIUM;9904;8;9901;13;;;9910;15;9912;20;;;9907.0;0.0
av_COFFEE_d8;40600;INTARIAN_PEPPER_ROOT;11947;13;11944;20;;;11977;5;11981;14;;;11962.0;0.0
av_COFFEE_d8;40700;ASH_COATED_OSMIUM;9904;16;9902;19;;;9910;16;9913;19;;;9907.0;0.0
av_COFFEE_d8;40700;INTARIAN_PEPPER_ROOT;11958;7;11955;19;;;11964;13;11968;20;;;11961.0;0.0
av_COFFEE_d8;40800;ASH_COATED_OSMIUM;9904;22;9901;28;;;9910;14;9912;16;;;9907.0;0.0
av_COFFEE_d8;40800;INTARIAN_PEPPER_ROOT;11956;12;11954;17;;;11962;14;11964;27;;;11959.0;0.0
av_COFFEE_d8;40900;ASH_COATED_OSMIUM;9904;12;9902;17;;;9910;7;9913;26;;;9907.0;0.0
av_COFFEE_d8;40900;INTARIAN_PEPPER_ROOT;11955;18;11952;20;;;11961;17;11965;15;;;11958.0;0.0
av_COFFEE_d8;41000;ASH_COATED_OSMIUM;9905;12;9901;16;;;9911;6;9914;26;;;9908.0;0.0
av_COFFEE_d8;41000;INTARIAN_PEPPER_ROOT;11953;12;11950;23;;;11959;5;11962;10;;;11956.0;0.0
av_COFFEE_d8;41100;ASH_COATED_OSMIUM;9901;6;9898;21;;;9913;15;9916;21;;;9907.0;0.0
av_COFFEE_d8;41100;INTARIAN_PEPPER_ROOT;11952;21;11948;12;;;11958;16;11962;16;;;11955.0;0.0
av_COFFEE_d8;41200;ASH_COATED_OSMIUM;9905;11;9902;15;;;9911;12;9915;21;;;9908.0;0.0
av_COFFEE_d8;41200;INTARIAN_PEPPER_ROOT;11950;21;11947;17;;;11956;21;11959;16;;;11953.0;0.0
av_COFFEE_d8;41300;ASH_COATED_OSMIUM;9904;16;9902;21;;;9910;10;9913;21;;;9907.0;0.0
av_COFFEE_d8;41300;INTARIAN_PEPPER_ROOT;11948;18;11944;19;;;11955;22;11959;22;;;11951.5;0.0
av_COFFEE_d8;41400;ASH_COATED_OSMIUM;9904;18;9901;24;;;9910;14;9914;24;;;9907.0;0.0
av_COFFEE_d8;41400;INTARIAN_PEPPER_ROOT;11943;20;11939;18;;;11957;20;11961;10;;;11950.0;0.0
av_COFFEE_d8;41500;ASH_COATED_OSMIUM;9904;21;9902;21;;;9910;19;9913;14;;;9907.0;0.0
av_COFFEE_d8;41500;INTARIAN_PEPPER_ROOT;11946;17;11944;11;;;11952;18;11956;21;;;11949.0;0.0
av_COFFEE_d8;41600;ASH_COATED_OSMIUM;9901;8;9898;17;;;9913;16;9917;20;;;9907.0;0.0
av_COFFEE_d8;41600;INTARIAN_PEPPER_ROOT;11944;19;11941;21;;;11950;15;11952;15;;;11947.0;0.0
av_COFFEE_d8;41700;ASH_COATED_OSMIUM;9904;23;9902;15;;;9910;21;9913;23;;;9907.0;0.0
av_COFFEE_d8;41700;INTARIAN_PEPPER_ROOT;11943;7;11939;22;;;11949;20;11952;11;;;11946.0;0.0
av_COFFEE_d8;41800;ASH_COATED_OSMIUM;9904;19;9902;16;;;9910;8;9914;22;;;9907.0;0.0
av_COFFEE_d8;41800;INTARIAN_PEPPER_ROOT;11935;10;11933;21;;;11953;13;11955;20;;;11944.0;0.0
av_COFFEE_d8;41900;ASH_COATED_OSMIUM;9888;6;9885;8;;;9925;12;9928;15;;;9906.5;0.0
av_COFFEE_d8;41900;INTARIAN_PEPPER_ROOT;11939;14;11937;16;;;11945;9;11949;23;;;11942.0;0.0
av_COFFEE_d8;42000;ASH_COATED_OSMIUM;9904;11;9900;24;;;9910;8;9914;18;;;9907.0;0.0
av_COFFEE_d8;42000;INTARIAN_PEPPER_ROOT;11936;14;11932;17;;;11946;21;11948;19;;;11941.0;0.0
av_COFFEE_d8;42100;ASH_COATED_OSMIUM;9891;14;9888;13;;;9922;5;9924;16;;;9906.5;0.0
av_COFFEE_d8;42100;INTARIAN_PEPPER_ROOT;11936;13;11933;22;;;11942;11;11944;18;;;11939.0;0.0
av_COFFEE_d8;42200;ASH_COATED_OSMIUM;9904;13;9902;14;;;9910;15;9912;18;;;9907.0;0.0
av_COFFEE_d8;42200;INTARIAN_PEPPER_ROOT;11935;16;11931;17;;;11941;12;11944;17;;;11938.0;0.0
av_COFFEE_d8;42300;ASH_COATED_OSMIUM;9899;16;9897;18;;;9916;17;9920;11;;;9907.5;0.0
av_COFFEE_d8;42300;INTARIAN_PEPPER_ROOT;11930;5;11926;18;;;11943;20;11946;16;;;11936.5;0.0
av_COFFEE_d8;42400;ASH_COATED_OSMIUM;9886;10;9882;21;;;9929;16;9932;14;;;9907.5;0.0
av_COFFEE_d8;42400;INTARIAN_PEPPER_ROOT;11929;7;11925;21;;;11940;19;11944;18;;;11934.5;0.0
av_COFFEE_d8;42500;ASH_COATED_OSMIUM;9904;8;9902;23;;;9910;19;9914;26;;;9907.0;0.0
av_COFFEE_d8;42500;INTARIAN_PEPPER_ROOT;11930;5;11928;17;;;11936;10;11940;24;;;11933.0;0.0
av_COFFEE_d8;42600;ASH_COATED_OSMIUM;9904;17;9900;12;;;9910;19;9914;18;;;9907.0;0.0
av_COFFEE_d8;42600;INTARIAN_PEPPER_ROOT;11929;5;11926;18;;;11935;10;11939;9;;;11932.0;0.0
av_COFFEE_d8;42700;ASH_COATED_OSMIUM;9904;16;9902;19;;;9910;19;9913;28;;;9907.0;0.0
av_COFFEE_d8;42700;INTARIAN_PEPPER_ROOT;11927;10;11925;25;;;11933;17;11935;18;;;11930.0;0.0
av_COFFEE_d8;42800;ASH_COATED_OSMIUM;9904;12;9902;24;;;9910;14;9914;26;;;9907.0;0.0
av_COFFEE_d8;42800;INTARIAN_PEPPER_ROOT;11919;13;11916;13;;;11939;9;11941;23;;;11929.0;0.0
av_COFFEE_d8;42900;ASH_COATED_OSMIUM;9900;12;9897;27;;;9915;11;9917;16;;;9907.5;0.0
av_COFFEE_d8;42900;INTARIAN_PEPPER_ROOT;11923;8;11919;12;;;11932;15;11935;15;;;11927.5;0.0
av_COFFEE_d8;43000;ASH_COATED_OSMIUM;9904;18;9900;18;;;9910;16;9914;20;;;9907.0;0.0
av_COFFEE_d8;43000;INTARIAN_PEPPER_ROOT;11914;18;11912;15;;;11937;13;11940;15;;;11925.5;0.0
av_COFFEE_d8;43100;ASH_COATED_OSMIUM;9904;10;9900;17;;;9910;20;9914;19;;;9907.0;0.0
av_COFFEE_d8;43100;INTARIAN_PEPPER_ROOT;11921;11;11917;13;;;11927;18;11929;22;;;11924.0;0.0
av_COFFEE_d8;43200;ASH_COATED_OSMIUM;9901;17;9897;26;;;9914;13;9916;18;;;9907.5;0.0
av_COFFEE_d8;43200;INTARIAN_PEPPER_ROOT;11910;5;11907;13;;;11935;19;11939;17;;;11922.5;0.0
av_COFFEE_d8;43300;ASH_COATED_OSMIUM;9904;15;9901;18;;;9910;11;9914;24;;;9907.0;0.0
av_COFFEE_d8;43300;INTARIAN_PEPPER_ROOT;11919;11;11915;15;;;11925;12;11927;20;;;11922.0;0.0
av_COFFEE_d8;43400;ASH_COATED_OSMIUM;9904;12;9902;20;;;9910;11;9912;16;;;9907.0;0.0
av_COFFEE_d8;43400;INTARIAN_PEPPER_ROOT;11917;20;11915;15;;;11923;11;11925;27;;;11920.0;0.0
av_COFFEE_d8;43500;ASH_COATED_OSMIUM;9904;14;9902;20;;;9910;21;9912;20;;;9907.0;0.0
av_COFFEE_d8;43500;INTARIAN_PEPPER_ROOT;11911;12;11908;30;;;11926;15;11928;21;;;11918.5;0.0
av_COFFEE_d8;43600;ASH_COATED_OSMIUM;9901;15;9897;23;;;9912;14;9916;16;;;9906.5;0.0
av_COFFEE_d8;43600;INTARIAN_PEPPER_ROOT;11914;19;11910;18;;;11920;13;11924;26;;;11917.0;0.0
av_COFFEE_d8;43700;ASH_COATED_OSMIUM;9905;23;9903;17;;;9911;11;9915;27;;;9908.0;0.0
av_COFFEE_d8;43700;INTARIAN_PEPPER_ROOT;11912;9;11909;23;;;11918;15;11921;19;;;11915.0;0.0
av_COFFEE_d8;43800;ASH_COATED_OSMIUM;9903;22;9901;16;;;9911;15;9915;19;;;9907.0;0.0
av_COFFEE_d8;43800;INTARIAN_PEPPER_ROOT;11911;10;11909;13;;;11917;11;11921;30;;;11914.0;0.0
av_COFFEE_d8;43900;ASH_COATED_OSMIUM;9904;22;9902;27;;;9910;13;9912;32;;;9907.0;0.0
av_COFFEE_d8;43900;INTARIAN_PEPPER_ROOT;11909;17;11905;20;;;11915;17;11917;14;;;11912.0;0.0
av_COFFEE_d8;44000;ASH_COATED_OSMIUM;9902;7;9898;19;;;9911;9;9913;30;;;9906.5;0.0
av_COFFEE_d8;44000;INTARIAN_PEPPER_ROOT;11908;26;11905;16;;;11914;22;11918;18;;;11911.0;0.0
av_COFFEE_d8;44100;ASH_COATED_OSMIUM;9904;7;9901;21;;;9910;14;9913;19;;;9907.0;0.0
av_COFFEE_d8;44100;INTARIAN_PEPPER_ROOT;11904;17;11901;12;;;11915;13;11919;20;;;11909.5;0.0
av_COFFEE_d8;44200;ASH_COATED_OSMIUM;9902;18;9899;28;;;9913;17;9917;15;;;9907.5;0.0
av_COFFEE_d8;44200;INTARIAN_PEPPER_ROOT;11905;8;11903;16;;;11911;15;11915;19;;;11908.0;0.0
av_COFFEE_d8;44300;ASH_COATED_OSMIUM;9904;25;9900;17;;;9910;5;9913;18;;;9907.0;0.0
av_COFFEE_d8;44300;INTARIAN_PEPPER_ROOT;11901;12;11899;19;;;11912;12;11916;17;;;11906.5;0.0
av_COFFEE_d8;44400;ASH_COATED_OSMIUM;9904;14;9900;24;;;9910;11;9914;16;;;9907.0;0.0
av_COFFEE_d8;44400;INTARIAN_PEPPER_ROOT;11901;13;11899;27;;;11907;15;11911;12;;;11904.0;0.0
av_COFFEE_d8;44500;ASH_COATED_OSMIUM;9903;14;9901;23;;;9912;12;9914;16;;;9907.5;0.0
av_COFFEE_d8;44500;INTARIAN_PEPPER_ROOT;11895;17;11891;24;;;11911;13;11914;15;;;11903.0;0.0
av_COFFEE_d8;44600;ASH_COATED_OSMIUM;9900;19;9897;12;;;9914;12;9918;22;;;9907.0;0.0
av_COFFEE_d8;44600;INTARIAN_PEPPER_ROOT;11899;19;11897;28;;;11905;19;11909;25;;;11902.0;0.0
av_COFFEE_d8;44700;ASH_COATED_OSMIUM;9904;8;9902;18;;;9910;5;9913;23;;;9907.0;0.0
av_COFFEE_d8;44700;INTARIAN_PEPPER_ROOT;11898;22;11896;30;;;11904;5;11908;19;;;11901.0;0.0
av_COFFEE_d8;44800;ASH_COATED_OSMIUM;9904;17;9901;20;;;9910;16;9913;16;;;9907.0;0.0
av_COFFEE_d8;44800;INTARIAN_PEPPER_ROOT;11896;14;11894;19;;;11902;17;11906;21;;;11899.0;0.0
av_COFFEE_d8;44900;ASH_COATED_OSMIUM;9904;14;9900;17;;;9910;20;9913;22;;;9907.0;0.0
av_COFFEE_d8;44900;INTARIAN_PEPPER_ROOT;11888;8;11886;29;;;11907;6;11910;20;;;11897.5;0.0
av_COFFEE_d8;45000;ASH_COATED_OSMIUM;9904;18;9900;24;;;9910;24;9913;13;;;9907.0;0.0
av_COFFEE_d8;45000;INTARIAN_PEPPER_ROOT;11893;15;11891;18;;;11899;20;11901;28;;;11896.0;0.0
av_COFFEE_d8;45100;ASH_COATED_OSMIUM;9904;15;9902;24;;;9910;5;9912;18;;;9907.0;0.0
av_COFFEE_d8;45100;INTARIAN_PEPPER_ROOT;11892;17;11889;22;;;11898;16;11900;19;;;11895.0;0.0
av_COFFEE_d8;45200;ASH_COATED_OSMIUM;9895;15;9891;27;;;9919;16;9922;19;;;9907.0;0.0
av_COFFEE_d8;45200;INTARIAN_PEPPER_ROOT;11890;10;11887;13;;;11896;18;11899;8;;;11893.0;0.0
av_COFFEE_d8;45300;ASH_COATED_OSMIUM;9903;10;9899;26;;;9910;22;9914;25;;;9906.5;0.0
av_COFFEE_d8;45300;INTARIAN_PEPPER_ROOT;11884;15;11882;19;;;11899;10;11901;22;;;11891.5;0.0
av_COFFEE_d8;45400;ASH_COATED_OSMIUM;9904;21;9901;23;;;9910;17;9914;30;;;9907.0;0.0
av_COFFEE_d8;45400;INTARIAN_PEPPER_ROOT;11887;13;11883;21;;;11893;13;11895;14;;;11890.0;0.0
av_COFFEE_d8;45500;ASH_COATED_OSMIUM;9903;21;9899;17;;;9911;5;9915;25;;;9907.0;0.0
av_COFFEE_d8;45500;INTARIAN_PEPPER_ROOT;11885;15;11883;29;;;11891;13;11895;26;;;11888.0;0.0
av_COFFEE_d8;45600;ASH_COATED_OSMIUM;9900;16;9897;25;;;9914;14;9917;21;;;9907.0;0.0
av_COFFEE_d8;45600;INTARIAN_PEPPER_ROOT;11879;19;11876;20;;;11894;5;11898;28;;;11886.5;0.0
av_COFFEE_d8;45700;ASH_COATED_OSMIUM;9903;10;9901;18;;;9909;15;9913;20;;;9906.0;0.0
av_COFFEE_d8;45700;INTARIAN_PEPPER_ROOT;11882;19;11878;28;;;11888;20;11890;15;;;11885.0;0.0
av_COFFEE_d8;45800;ASH_COATED_OSMIUM;9904;18;9902;19;;;9910;22;9914;15;;;9907.0;0.0
av_COFFEE_d8;45800;INTARIAN_PEPPER_ROOT;11881;11;11878;24;;;11887;13;11889;8;;;11884.0;0.0
av_COFFEE_d8;45900;ASH_COATED_OSMIUM;9904;12;9902;15;;;9910;17;9913;14;;;9907.0;0.0
av_COFFEE_d8;45900;INTARIAN_PEPPER_ROOT;11877;18;11875;11;;;11887;10;11889;26;;;11882.0;0.0
av_COFFEE_d8;46000;ASH_COATED_OSMIUM;9904;16;9900;27;;;9910;6;9914;18;;;9907.0;0.0
av_COFFEE_d8;46000;INTARIAN_PEPPER_ROOT;11874;16;11870;24;;;11886;16;11890;15;;;11880.0;0.0
av_COFFEE_d8;46100;ASH_COATED_OSMIUM;9902;20;9898;20;;;9913;19;9915;24;;;9907.5;0.0
av_COFFEE_d8;46100;INTARIAN_PEPPER_ROOT;11875;17;11873;15;;;11885;14;11888;17;;;11880.0;0.0
av_COFFEE_d8;46200;ASH_COATED_OSMIUM;9904;15;9901;11;;;9910;14;9912;14;;;9907.0;0.0
av_COFFEE_d8;46200;INTARIAN_PEPPER_ROOT;11875;11;11873;21;;;11881;11;11883;23;;;11878.0;0.0
av_COFFEE_d8;46300;ASH_COATED_OSMIUM;9903;11;9901;18;;;9909;6;9913;18;;;9906.0;0.0
av_COFFEE_d8;46300;INTARIAN_PEPPER_ROOT;11873;9;11871;20;;;11879;15;11882;24;;;11876.0;0.0
av_COFFEE_d8;46400;ASH_COATED_OSMIUM;9904;14;9902;33;;;9910;14;9912;9;;;9907.0;0.0
av_COFFEE_d8;46400;INTARIAN_PEPPER_ROOT;11866;10;11862;20;;;11883;20;11887;16;;;11874.5;0.0
av_COFFEE_d8;46500;ASH_COATED_OSMIUM;9904;11;9900;25;;;9910;16;9913;23;;;9907.0;0.0
av_COFFEE_d8;46500;INTARIAN_PEPPER_ROOT;11866;9;11864;15;;;11880;10;11882;22;;;11873.0;0.0
av_COFFEE_d8;46600;ASH_COATED_OSMIUM;9904;8;9901;14;;;9910;11;9913;23;;;9907.0;0.0
av_COFFEE_d8;46600;INTARIAN_PEPPER_ROOT;11869;23;11866;29;;;11875;13;11878;20;;;11872.0;0.0
av_COFFEE_d8;46700;ASH_COATED_OSMIUM;9895;14;9891;11;;;9919;11;9921;25;;;9907.0;0.0
av_COFFEE_d8;46700;INTARIAN_PEPPER_ROOT;11865;12;11863;21;;;11874;14;11877;23;;;11869.5;0.0
av_COFFEE_d8;46800;ASH_COATED_OSMIUM;9899;12;9897;16;;;9915;14;9917;23;;;9907.0;0.0
av_COFFEE_d8;46800;INTARIAN_PEPPER_ROOT;11866;11;11862;14;;;11872;13;11876;21;;;11869.0;0.0
av_COFFEE_d8;46900;ASH_COATED_OSMIUM;9904;10;9900;13;;;9910;11;9914;19;;;9907.0;0.0
av_COFFEE_d8;46900;INTARIAN_PEPPER_ROOT;11864;17;11860;28;;;11870;10;11872;21;;;11867.0;0.0
av_COFFEE_d8;47000;ASH_COATED_OSMIUM;9904;5;9902;14;;;9910;16;9912;13;;;9907.0;0.0
av_COFFEE_d8;47000;INTARIAN_PEPPER_ROOT;11863;12;11859;20;;;11869;10;11871;29;;;11866.0;0.0
av_COFFEE_d8;47100;ASH_COATED_OSMIUM;9899;7;9897;20;;;9914;16;9918;30;;;9906.5;0.0
av_COFFEE_d8;47100;INTARIAN_PEPPER_ROOT;11857;18;11854;19;;;11871;15;11875;19;;;11864.0;0.0
av_COFFEE_d8;47200;ASH_COATED_OSMIUM;9902;11;9900;17;;;9912;18;9915;28;;;9907.0;0.0
av_COFFEE_d8;47200;INTARIAN_PEPPER_ROOT;11859;24;11856;16;;;11865;13;11867;25;;;11862.0;0.0
av_COFFEE_d8;47300;ASH_COATED_OSMIUM;9901;13;9899;14;;;9911;6;9915;16;;;9906.0;0.0
av_COFFEE_d8;47300;INTARIAN_PEPPER_ROOT;11854;15;11852;23;;;11867;11;11869;11;;;11860.5;0.0
av_COFFEE_d8;47400;ASH_COATED_OSMIUM;9903;20;9900;14;;;9909;15;9912;20;;;9906.0;0.0
av_COFFEE_d8;47400;INTARIAN_PEPPER_ROOT;11856;5;11854;21;;;11862;11;11864;20;;;11859.0;0.0
av_COFFEE_d8;47500;ASH_COATED_OSMIUM;9903;14;9899;18;;;9909;12;9912;22;;;9906.0;0.0
av_COFFEE_d8;47500;INTARIAN_PEPPER_ROOT;11855;12;11851;20;;;11861;9;11865;13;;;11858.0;0.0
av_COFFEE_d8;47600;ASH_COATED_OSMIUM;9903;19;9901;14;;;9909;10;9911;19;;;9906.0;0.0
av_COFFEE_d8;47600;INTARIAN_PEPPER_ROOT;11841;16;11837;20;;;11872;11;11874;19;;;11856.5;0.0
av_COFFEE_d8;47700;ASH_COATED_OSMIUM;9904;19;9900;20;;;9910;5;9914;25;;;9907.0;0.0
av_COFFEE_d8;47700;INTARIAN_PEPPER_ROOT;11852;19;11848;23;;;11858;20;11862;23;;;11855.0;0.0
av_COFFEE_d8;47800;ASH_COATED_OSMIUM;9904;12;9902;11;;;9910;8;9914;17;;;9907.0;0.0
av_COFFEE_d8;47800;INTARIAN_PEPPER_ROOT;11850;17;11846;17;;;11856;19;11859;18;;;11853.0;0.0
av_COFFEE_d8;47900;ASH_COATED_OSMIUM;9904;12;9902;17;;;9910;15;9912;17;;;9907.0;0.0
av_COFFEE_d8;47900;INTARIAN_PEPPER_ROOT;11849;18;11845;20;;;11855;14;11858;18;;;11852.0;0.0
av_COFFEE_d8;48000;ASH_COATED_OSMIUM;9898;11;9896;14;;;9915;9;9918;17;;;9906.5;0.0
av_COFFEE_d8;48000;INTARIAN_PEPPER_ROOT;11845;5;11843;23;;;11855;11;11858;23;;;11850.0;0.0
av_COFFEE_d8;48100;ASH_COATED_OSMIUM;9903;18;9900;17;;;9909;22;9911;13;;;9906.0;0.0
av_COFFEE_d8;48100;INTARIAN_PEPPER_ROOT;11846;8;11843;16;;;11852;18;11856;22;;;11849.0;0.0
av_COFFEE_d8;48200;ASH_COATED_OSMIUM;9904;5;9901;18;;;9910;15;9914;16;;;9907.0;0.0
av_COFFEE_d8;48200;INTARIAN_PEPPER_ROOT;11844;15;11842;23;;;11850;9;11854;10;;;11847.0;0.0
av_COFFEE_d8;48300;ASH_COATED_OSMIUM;9902;17;9900;17;;;9912;17;9915;27;;;9907.0;0.0
av_COFFEE_d8;48300;INTARIAN_PEPPER_ROOT;11836;10;11833;14;;;11855;17;11858;14;;;11845.5;0.0
av_COFFEE_d8;48400;ASH_COATED_OSMIUM;9903;20;9900;17;;;9910;12;9914;20;;;9906.5;0.0
av_COFFEE_d8;48400;INTARIAN_PEPPER_ROOT;11841;27;11839;20;;;11847;12;11849;11;;;11844.0;0.0
av_COFFEE_d8;48500;ASH_COATED_OSMIUM;9897;8;9893;28;;;9917;17;9921;26;;;9907.0;0.0
av_COFFEE_d8;48500;INTARIAN_PEPPER_ROOT;11840;19;11836;11;;;11846;14;11848;19;;;11843.0;0.0
av_COFFEE_d8;48600;ASH_COATED_OSMIUM;9896;13;9892;15;;;9917;13;9921;12;;;9906.5;0.0
av_COFFEE_d8;48600;INTARIAN_PEPPER_ROOT;11838;13;11836;24;;;11844;11;11848;17;;;11841.0;0.0
av_COFFEE_d8;48700;ASH_COATED_OSMIUM;9901;16;9897;13;;;9912;12;9915;20;;;9906.5;0.0
av_COFFEE_d8;48700;INTARIAN_PEPPER_ROOT;11829;5;11825;24;;;11850;25;11854;27;;;11839.5;0.0
av_COFFEE_d8;48800;ASH_COATED_OSMIUM;9904;12;9901;24;;;9910;5;9912;15;;;9907.0;0.0
av_COFFEE_d8;48800;INTARIAN_PEPPER_ROOT;11831;17;11829;20;;;11846;21;11849;17;;;11838.5;0.0
av_COFFEE_d8;48900;ASH_COATED_OSMIUM;9904;24;9902;15;;;9910;11;9912;17;;;9907.0;0.0
av_COFFEE_d8;48900;INTARIAN_PEPPER_ROOT;11834;9;11831;23;;;11840;16;11842;20;;;11837.0;0.0
av_COFFEE_d8;49000;ASH_COATED_OSMIUM;9902;20;9899;17;;;9912;7;9914;19;;;9907.0;0.0
av_COFFEE_d8;49000;INTARIAN_PEPPER_ROOT;11833;19;11830;18;;;11839;18;11841;25;;;11836.0;0.0
av_COFFEE_d8;49100;ASH_COATED_OSMIUM;9897;15;9894;18;;;9918;16;9920;17;;;9907.5;0.0
av_COFFEE_d8;49100;INTARIAN_PEPPER_ROOT;11831;15;11827;17;;;11837;22;11839;19;;;11834.0;0.0
av_COFFEE_d8;49200;ASH_COATED_OSMIUM;9903;7;9901;19;;;9909;12;9911;19;;;9906.0;0.0
av_COFFEE_d8;49200;INTARIAN_PEPPER_ROOT;11830;22;11827;14;;;11836;16;11839;16;;;11833.0;0.0
av_COFFEE_d8;49300;ASH_COATED_OSMIUM;9903;20;9899;18;;;9909;11;9911;21;;;9906.0;0.0
av_COFFEE_d8;49300;INTARIAN_PEPPER_ROOT;11828;19;11826;20;;;11834;18;11837;23;;;11831.0;0.0
av_COFFEE_d8;49400;ASH_COATED_OSMIUM;9903;16;9901;16;;;9911;18;9914;25;;;9907.0;0.0
av_COFFEE_d8;49400;INTARIAN_PEPPER_ROOT;11826;15;11823;21;;;11834;15;11838;23;;;11830.0;0.0
av_COFFEE_d8;49500;ASH_COATED_OSMIUM;9903;14;9899;21;;;9909;16;9912;15;;;9906.0;0.0
av_COFFEE_d8;49500;INTARIAN_PEPPER_ROOT;11825;16;11823;16;;;11831;20;11833;22;;;11828.0;0.0
av_COFFEE_d8;49600;ASH_COATED_OSMIUM;9891;21;9889;9;;;9922;18;9924;26;;;9906.5;0.0
av_COFFEE_d8;49600;INTARIAN_PEPPER_ROOT;11823;14;11821;19;;;11829;16;11833;22;;;11826.0;0.0
av_COFFEE_d8;49700;ASH_COATED_OSMIUM;9900;17;9897;19;;;9912;22;9914;17;;;9906.0;0.0
av_COFFEE_d8;49700;INTARIAN_PEPPER_ROOT;11822;20;11818;24;;;11828;17;11831;17;;;11825.0;0.0
av_COFFEE_d8;49800;ASH_COATED_OSMIUM;9895;15;9893;17;;;9918;10;9921;12;;;9906.5;0.0
av_COFFEE_d8;49800;INTARIAN_PEPPER_ROOT;11815;17;11812;27;;;11832;19;11836;22;;;11823.5;0.0
av_COFFEE_d8;49900;ASH_COATED_OSMIUM;9904;6;9901;35;;;9910;12;9912;16;;;9907.0;0.0
av_COFFEE_d8;49900;INTARIAN_PEPPER_ROOT;11814;5;11812;25;;;11830;16;11833;14;;;11822.0;0.0
av_COFFEE_d8;50000;ASH_COATED_OSMIUM;9899;9;9895;24;;;9915;26;9919;8;;;9907.0;0.0
av_COFFEE_d8;50000;INTARIAN_PEPPER_ROOT;11817;22;11813;20;;;11824;13;11828;15;;;11820.5;0.0
av_COFFEE_d8;50100;ASH_COATED_OSMIUM;9902;16;9898;17;;;9910;16;9912;22;;;9906.0;0.0
av_COFFEE_d8;50100;INTARIAN_PEPPER_ROOT;11816;25;11814;13;;;11822;10;11824;18;;;11819.0;0.0
av_COFFEE_d8;50200;ASH_COATED_OSMIUM;9904;7;9901;20;;;9910;15;9912;20;;;9907.0;0.0
av_COFFEE_d8;50200;INTARIAN_PEPPER_ROOT;11814;9;11812;19;;;11820;8;11823;26;;;11817.0;0.0
av_COFFEE_d8;50300;ASH_COATED_OSMIUM;9903;17;9899;18;;;9909;16;9911;16;;;9906.0;0.0
av_COFFEE_d8;50300;INTARIAN_PEPPER_ROOT;11813;20;11810;20;;;11819;9;11821;10;;;11816.0;0.0
av_COFFEE_d8;50400;ASH_COATED_OSMIUM;9904;22;9901;21;;;9910;24;9914;22;;;9907.0;0.0
av_COFFEE_d8;50400;INTARIAN_PEPPER_ROOT;11811;16;11808;17;;;11817;16;11821;18;;;11814.0;0.0
av_COFFEE_d8;50500;ASH_COATED_OSMIUM;9903;15;9899;19;;;9909;14;9912;25;;;9906.0;0.0
av_COFFEE_d8;50500;INTARIAN_PEPPER_ROOT;11809;5;11806;22;;;11817;14;11819;18;;;11813.0;0.0
av_COFFEE_d8;50600;ASH_COATED_OSMIUM;9903;23;9901;21;;;9909;16;9912;25;;;9906.0;0.0
av_COFFEE_d8;50600;INTARIAN_PEPPER_ROOT;11808;17;11806;14;;;11814;16;11817;22;;;11811.0;0.0
av_COFFEE_d8;50700;ASH_COATED_OSMIUM;9901;18;9899;21;;;9912;20;9916;17;;;9906.5;0.0
av_COFFEE_d8;50700;INTARIAN_PEPPER_ROOT;11807;13;11804;17;;;11813;20;11817;13;;;11810.0;0.0
av_COFFEE_d8;50800;ASH_COATED_OSMIUM;9904;11;9902;26;;;9910;18;9913;24;;;9907.0;0.0
av_COFFEE_d8;50800;INTARIAN_PEPPER_ROOT;11805;20;11801;25;;;11811;14;11813;16;;;11808.0;0.0
av_COFFEE_d8;50900;ASH_COATED_OSMIUM;9901;13;9898;17;;;9911;12;9914;21;;;9906.0;0.0
av_COFFEE_d8;50900;INTARIAN_PEPPER_ROOT;11798;8;11796;22;;;11816;22;11819;17;;;11807.0;0.0
av_COFFEE_d8;51000;ASH_COATED_OSMIUM;9903;13;9901;16;;;9910;16;9912;24;;;9906.5;0.0
av_COFFEE_d8;51000;INTARIAN_PEPPER_ROOT;11803;17;11799;21;;;11809;21;11813;25;;;11806.0;0.0
av_COFFEE_d8;51100;ASH_COATED_OSMIUM;9898;14;9894;14;;;9916;12;9919;13;;;9907.0;0.0
av_COFFEE_d8;51100;INTARIAN_PEPPER_ROOT;11802;21;11799;19;;;11808;16;11812;20;;;11805.0;0.0
av_COFFEE_d8;51200;ASH_COATED_OSMIUM;9900;14;9896;10;;;9913;12;9915;20;;;9906.5;0.0
av_COFFEE_d8;51200;INTARIAN_PEPPER_ROOT;11801;13;11798;8;;;11807;16;11809;15;;;11804.0;0.0
av_COFFEE_d8;51300;ASH_COATED_OSMIUM;9903;23;9899;15;;;9909;19;9912;14;;;9906.0;0.0
av_COFFEE_d8;51300;INTARIAN_PEPPER_ROOT;11799;16;11795;15;;;11805;10;11808;17;;;11802.0;0.0
av_COFFEE_d8;51400;ASH_COATED_OSMIUM;9904;25;9901;22;;;9910;25;9914;26;;;9907.0;0.0
av_COFFEE_d8;51400;INTARIAN_PEPPER_ROOT;11799;11;11795;20;;;11805;16;11809;17;;;11802.0;0.0
av_COFFEE_d8;51500;ASH_COATED_OSMIUM;9894;11;9892;14;;;9920;7;9923;12;;;9907.0;0.0
av_COFFEE_d8;51500;INTARIAN_PEPPER_ROOT;11797;17;11793;15;;;11803;11;11806;20;;;11800.0;0.0
av_COFFEE_d8;51600;ASH_COATED_OSMIUM;9904;19;9900;21;;;9910;13;9914;20;;;9907.0;0.0
av_COFFEE_d8;51600;INTARIAN_PEPPER_ROOT;11796;15;11792;12;;;11802;16;11804;17;;;11799.0;0.0
av_COFFEE_d8;51700;ASH_COATED_OSMIUM;9904;17;9902;23;;;9910;11;9913;26;;;9907.0;0.0
av_COFFEE_d8;51700;INTARIAN_PEPPER_ROOT;11795;14;11791;27;;;11801;15;11805;15;;;11798.0;0.0
av_COFFEE_d8;51800;ASH_COATED_OSMIUM;9903;21;9901;21;;;9910;13;9912;22;;;9906.5;0.0
av_COFFEE_d8;51800;INTARIAN_PEPPER_ROOT;11795;15;11791;17;;;11801;11;11805;21;;;11798.0;0.0
av_COFFEE_d8;51900;ASH_COATED_OSMIUM;9904;9;9901;19;;;9910;22;9912;25;;;9907.0;0.0
av_COFFEE_d8;51900;INTARIAN_PEPPER_ROOT;11792;14;11790;22;;;11801;20;11804;19;;;11796.5;0.0
av_COFFEE_d8;52000;ASH_COATED_OSMIUM;9896;17;9893;27;;;9919;18;9923;16;;;9907.5;0.0
av_COFFEE_d8;52000;INTARIAN_PEPPER_ROOT;11792;14;11790;23;;;11798;8;11801;21;;;11795.0;0.0
av_COFFEE_d8;52100;ASH_COATED_OSMIUM;9904;11;9900;27;;;9910;15;9914;17;;;9907.0;0.0
av_COFFEE_d8;52100;INTARIAN_PEPPER_ROOT;11782;7;11780;16;;;11807;16;11811;17;;;11794.5;0.0
av_COFFEE_d8;52200;ASH_COATED_OSMIUM;9900;16;9897;24;;;9913;21;9915;14;;;9906.5;0.0
av_COFFEE_d8;52200;INTARIAN_PEPPER_ROOT;11788;15;11784;20;;;11799;16;11801;24;;;11793.5;0.0
av_COFFEE_d8;52300;ASH_COATED_OSMIUM;9904;14;9902;19;;;9910;19;9913;20;;;9907.0;0.0
av_COFFEE_d8;52300;INTARIAN_PEPPER_ROOT;11789;14;11785;18;;;11795;15;11797;15;;;11792.0;0.0
av_COFFEE_d8;52400;ASH_COATED_OSMIUM;9898;8;9895;19;;;9915;27;9917;19;;;9906.5;0.0
av_COFFEE_d8;52400;INTARIAN_PEPPER_ROOT;11782;10;11780;17;;;11799;12;11803;20;;;11790.5;0.0
av_COFFEE_d8;52500;ASH_COATED_OSMIUM;9904;14;9900;8;;;9910;24;9914;8;;;9907.0;0.0
av_COFFEE_d8;52500;INTARIAN_PEPPER_ROOT;11787;6;11785;23;;;11793;13;11797;21;;;11790.0;0.0
av_COFFEE_d8;52600;ASH_COATED_OSMIUM;9904;6;9901;18;;;9910;14;9912;24;;;9907.0;0.0
av_COFFEE_d8;52600;INTARIAN_PEPPER_ROOT;11778;15;11776;13;;;11800;16;11804;17;;;11789.0;0.0
av_COFFEE_d8;52700;ASH_COATED_OSMIUM;9900;14;9896;18;;;9913;8;9916;18;;;9906.5;0.0
av_COFFEE_d8;52700;INTARIAN_PEPPER_ROOT;11784;13;11782;18;;;11790;19;11794;34;;;11787.0;0.0
av_COFFEE_d8;52800;ASH_COATED_OSMIUM;9904;15;9901;23;;;9910;8;9912;22;;;9907.0;0.0
av_COFFEE_d8;52800;INTARIAN_PEPPER_ROOT;11783;26;11781;14;;;11789;10;11792;13;;;11786.0;0.0
av_COFFEE_d8;52900;ASH_COATED_OSMIUM;9902;20;9900;25;;;9910;14;9913;24;;;9906.0;0.0
av_COFFEE_d8;52900;INTARIAN_PEPPER_ROOT;11782;18;11779;20;;;11788;9;11792;15;;;11785.0;0.0
av_COFFEE_d8;53000;ASH_COATED_OSMIUM;9904;14;9902;26;;;9911;13;9915;12;;;9907.5;0.0
av_COFFEE_d8;53000;INTARIAN_PEPPER_ROOT;11782;15;11780;16;;;11788;24;11792;17;;;11785.0;0.0
av_COFFEE_d8;53100;ASH_COATED_OSMIUM;9904;11;9902;22;;;9911;11;9913;14;;;9907.5;0.0
av_COFFEE_d8;53100;INTARIAN_PEPPER_ROOT;11781;22;11777;10;;;11787;17;11789;17;;;11784.0;0.0
av_COFFEE_d8;53200;ASH_COATED_OSMIUM;9897;12;9893;16;;;9916;11;9920;13;;;9906.5;0.0
av_COFFEE_d8;53200;INTARIAN_PEPPER_ROOT;11779;12;11775;22;;;11785;17;11789;13;;;11782.0;0.0
av_COFFEE_d8;53300;ASH_COATED_OSMIUM;9904;16;9901;24;;;9910;18;9913;21;;;9907.0;0.0
av_COFFEE_d8;53300;INTARIAN_PEPPER_ROOT;11778;8;11775;24;;;11784;11;11786;19;;;11781.0;0.0
av_COFFEE_d8;53400;ASH_COATED_OSMIUM;9904;12;9901;29;;;9910;16;9913;24;;;9907.0;0.0
av_COFFEE_d8;53400;INTARIAN_PEPPER_ROOT;11777;12;11773;15;;;11783;14;11785;28;;;11780.0;0.0
av_COFFEE_d8;53500;ASH_COATED_OSMIUM;9899;21;9895;22;;;9915;11;9918;19;;;9907.0;0.0
av_COFFEE_d8;53500;INTARIAN_PEPPER_ROOT;11775;9;11772;9;;;11783;13;11787;27;;;11779.0;0.0
av_COFFEE_d8;53600;ASH_COATED_OSMIUM;9899;14;9897;26;;;9915;11;9918;27;;;9907.0;0.0
av_COFFEE_d8;53600;INTARIAN_PEPPER_ROOT;11775;10;11771;11;;;11781;14;11784;19;;;11778.0;0.0
av_COFFEE_d8;53700;ASH_COATED_OSMIUM;9904;17;9900;24;;;9910;18;9913;19;;;9907.0;0.0
av_COFFEE_d8;53700;INTARIAN_PEPPER_ROOT;11773;14;11771;18;;;11779;12;11783;22;;;11776.0;0.0
av_COFFEE_d8;53800;ASH_COATED_OSMIUM;9905;11;9903;22;;;9911;12;9914;18;;;9908.0;0.0
av_COFFEE_d8;53800;INTARIAN_PEPPER_ROOT;11773;14;11771;18;;;11779;24;11783;15;;;11776.0;0.0
av_COFFEE_d8;53900;ASH_COATED_OSMIUM;9902;10;9899;18;;;9911;15;9915;21;;;9906.5;0.0
av_COFFEE_d8;53900;INTARIAN_PEPPER_ROOT;11771;26;11769;20;;;11778;11;11781;17;;;11774.5;0.0
av_COFFEE_d8;54000;ASH_COATED_OSMIUM;9904;20;9901;19;;;9910;24;9912;34;;;9907.0;0.0
av_COFFEE_d8;54000;INTARIAN_PEPPER_ROOT;11771;11;11767;16;;;11777;13;11780;24;;;11774.0;0.0
av_COFFEE_d8;54100;ASH_COATED_OSMIUM;9904;6;9901;18;;;9910;21;9912;16;;;9907.0;0.0
av_COFFEE_d8;54100;INTARIAN_PEPPER_ROOT;11769;16;11767;26;;;11775;16;11778;15;;;11772.0;0.0
av_COFFEE_d8;54200;ASH_COATED_OSMIUM;9904;9;9900;27;;;9910;12;9913;24;;;9907.0;0.0
av_COFFEE_d8;54200;INTARIAN_PEPPER_ROOT;11769;15;11767;16;;;11775;9;11779;18;;;11772.0;0.0
av_COFFEE_d8;54300;ASH_COATED_OSMIUM;9903;10;9900;13;;;9910;10;9914;17;;;9906.5;0.0
av_COFFEE_d8;54300;INTARIAN_PEPPER_ROOT;11767;11;11765;21;;;11773;21;11776;27;;;11770.0;0.0
av_COFFEE_d8;54400;ASH_COATED_OSMIUM;9905;19;9903;17;;;9911;23;9915;19;;;9908.0;0.0
av_COFFEE_d8;54400;INTARIAN_PEPPER_ROOT;11765;24;11762;15;;;11773;19;11776;15;;;11769.0;0.0
av_COFFEE_d8;54500;ASH_COATED_OSMIUM;9904;17;9901;21;;;9910;8;9913;19;;;9907.0;0.0
av_COFFEE_d8;54500;INTARIAN_PEPPER_ROOT;11765;7;11761;29;;;11771;6;11775;25;;;11768.0;0.0
av_COFFEE_d8;54600;ASH_COATED_OSMIUM;9904;12;9902;24;;;9911;13;9914;26;;;9907.5;0.0
av_COFFEE_d8;54600;INTARIAN_PEPPER_ROOT;11764;14;11761;18;;;11770;12;11772;26;;;11767.0;0.0
av_COFFEE_d8;54700;ASH_COATED_OSMIUM;9904;9;9901;12;;;9910;10;9913;27;;;9907.0;0.0
av_COFFEE_d8;54700;INTARIAN_PEPPER_ROOT;11755;19;11753;30;;;11777;5;11781;22;;;11766.0;0.0
av_COFFEE_d8;54800;ASH_COATED_OSMIUM;9904;24;9901;25;;;9910;6;9913;18;;;9907.0;0.0
av_COFFEE_d8;54800;INTARIAN_PEPPER_ROOT;11761;11;11758;14;;;11767;13;11771;25;;;11764.0;0.0
av_COFFEE_d8;54900;ASH_COATED_OSMIUM;9903;11;9899;19;;;9911;12;9913;16;;;9907.0;0.0
av_COFFEE_d8;54900;INTARIAN_PEPPER_ROOT;11759;9;11756;22;;;11768;10;11771;30;;;11763.5;0.0
av_COFFEE_d8;55000;ASH_COATED_OSMIUM;9905;5;9901;14;;;9911;8;9914;21;;;9908.0;0.0
av_COFFEE_d8;55000;INTARIAN_PEPPER_ROOT;11760;18;11757;18;;;11766;7;11768;18;;;11763.0;0.0
av_COFFEE_d8;55100;ASH_COATED_OSMIUM;9901;18;9897;13;;;9915;19;9919;20;;;9908.0;0.0
av_COFFEE_d8;55100;INTARIAN_PEPPER_ROOT;11758;18;11754;20;;;11764;21;11768;15;;;11761.0;0.0
av_COFFEE_d8;55200;ASH_COATED_OSMIUM;9904;23;9902;29;;;9910;15;9913;12;;;9907.0;0.0
av_COFFEE_d8;55200;INTARIAN_PEPPER_ROOT;11757;13;11755;21;;;11763;10;11767;20;;;11760.0;0.0
av_COFFEE_d8;55300;ASH_COATED_OSMIUM;9904;16;9901;18;;;9910;15;9912;22;;;9907.0;0.0
av_COFFEE_d8;55300;INTARIAN_PEPPER_ROOT;11754;15;11752;20;;;11763;12;11766;20;;;11758.5;0.0
av_COFFEE_d8;55400;ASH_COATED_OSMIUM;9904;12;9900;17;;;9910;10;9914;17;;;9907.0;0.0
av_COFFEE_d8;55400;INTARIAN_PEPPER_ROOT;11752;14;11750;25;;;11764;11;11766;19;;;11758.0;0.0
av_COFFEE_d8;55500;ASH_COATED_OSMIUM;9905;15;9901;21;;;9911;18;9913;19;;;9908.0;0.0
av_COFFEE_d8;55500;INTARIAN_PEPPER_ROOT;11750;13;11747;23;;;11763;23;11766;19;;;11756.5;0.0
av_COFFEE_d8;55600;ASH_COATED_OSMIUM;9904;17;9900;23;;;9910;20;9912;15;;;9907.0;0.0
av_COFFEE_d8;55600;INTARIAN_PEPPER_ROOT;11749;22;11747;25;;;11763;29;11765;29;;;11756.0;0.0
av_COFFEE_d8;55700;ASH_COATED_OSMIUM;9903;12;9901;16;;;9913;5;9917;8;;;9908.0;0.0
av_COFFEE_d8;55700;INTARIAN_PEPPER_ROOT;11752;18;11750;16;;;11758;10;11761;16;;;11755.0;0.0
av_COFFEE_d8;55800;ASH_COATED_OSMIUM;9905;17;9902;24;;;9911;9;9914;21;;;9908.0;0.0
av_COFFEE_d8;55800;INTARIAN_PEPPER_ROOT;11751;20;11747;15;;;11757;13;11759;17;;;11754.0;0.0
av_COFFEE_d8;55900;ASH_COATED_OSMIUM;9901;15;9897;23;;;9914;15;9916;20;;;9907.5;0.0
av_COFFEE_d8;55900;INTARIAN_PEPPER_ROOT;11750;5;11746;21;;;11756;14;11758;19;;;11753.0;0.0
av_COFFEE_d8;56000;ASH_COATED_OSMIUM;9897;15;9894;22;;;9918;14;9921;17;;;9907.5;0.0
av_COFFEE_d8;56000;INTARIAN_PEPPER_ROOT;11749;17;11746;14;;;11755;16;11758;19;;;11752.0;0.0
av_COFFEE_d8;56100;ASH_COATED_OSMIUM;9905;13;9901;20;;;9911;13;9914;24;;;9908.0;0.0
av_COFFEE_d8;56100;INTARIAN_PEPPER_ROOT;11743;17;11740;20;;;11758;5;11762;20;;;11750.5;0.0
av_COFFEE_d8;56200;ASH_COATED_OSMIUM;9903;18;9900;23;;;9912;15;9916;23;;;9907.5;0.0
av_COFFEE_d8;56200;INTARIAN_PEPPER_ROOT;11746;17;11742;21;;;11752;14;11755;14;;;11749.0;0.0
av_COFFEE_d8;56300;ASH_COATED_OSMIUM;9899;20;9897;22;;;9917;13;9919;22;;;9908.0;0.0
av_COFFEE_d8;56300;INTARIAN_PEPPER_ROOT;11745;20;11743;17;;;11751;16;11755;18;;;11748.0;0.0
av_COFFEE_d8;56400;ASH_COATED_OSMIUM;9906;13;9902;19;;;9912;6;9916;12;;;9909.0;0.0
av_COFFEE_d8;56400;INTARIAN_PEPPER_ROOT;11744;18;11740;15;;;11750;5;11752;16;;;11747.0;0.0
av_COFFEE_d8;56500;ASH_COATED_OSMIUM;9903;8;9901;13;;;9911;19;9913;20;;;9907.0;0.0
av_COFFEE_d8;56500;INTARIAN_PEPPER_ROOT;11743;7;11741;17;;;11749;13;11751;21;;;11746.0;0.0
av_COFFEE_d8;56600;ASH_COATED_OSMIUM;9905;13;9901;28;;;9911;12;9913;20;;;9908.0;0.0
av_COFFEE_d8;56600;INTARIAN_PEPPER_ROOT;11742;17;11739;12;;;11748;19;11752;12;;;11745.0;0.0
av_COFFEE_d8;56700;ASH_COATED_OSMIUM;9904;13;9902;27;;;9911;14;9915;10;;;9907.5;0.0
av_COFFEE_d8;56700;INTARIAN_PEPPER_ROOT;11741;18;11737;15;;;11747;22;11751;10;;;11744.0;0.0
av_COFFEE_d8;56800;ASH_COATED_OSMIUM;9905;10;9901;15;;;9911;15;9915;21;;;9908.0;0.0
av_COFFEE_d8;56800;INTARIAN_PEPPER_ROOT;11738;14;11734;22;;;11747;14;11750;18;;;11742.5;0.0
av_COFFEE_d8;56900;ASH_COATED_OSMIUM;9905;21;9901;20;;;9911;12;9914;17;;;9908.0;0.0
av_COFFEE_d8;56900;INTARIAN_PEPPER_ROOT;11736;17;11733;23;;;11747;17;11750;8;;;11741.5;0.0
av_COFFEE_d8;57000;ASH_COATED_OSMIUM;9905;11;9901;22;;;9911;14;9914;10;;;9908.0;0.0
