day;timestamp;product;bid_price_1;bid_volume_1;bid_price_2;bid_volume_2;bid_price_3;bid_volume_3;ask_price_1;ask_volume_1;ask_price_2;ask_volume_2;ask_price_3;ask_volume_3;mid_price;profit_and_loss
yf_ZC=F_d4;0;ASH_COATED_OSMIUM;9964;5;9961;21;;;9978;18;9981;14;;;9971.0;0.0
yf_ZC=F_d4;0;INTARIAN_PEPPER_ROOT;11293;17;11291;8;;;11299;18;11303;20;;;11296.0;0.0
yf_ZC=F_d4;100;ASH_COATED_OSMIUM;9967;14;9964;20;;;9973;17;9977;24;;;9970.0;0.0
yf_ZC=F_d4;100;INTARIAN_PEPPER_ROOT;11287;11;11284;16;;;11302;24;11305;22;;;11294.5;0.0
yf_ZC=F_d4;200;ASH_COATED_OSMIUM;9963;13;9959;14;;;9978;11;9982;25;;;9970.5;0.0
yf_ZC=F_d4;200;INTARIAN_PEPPER_ROOT;11290;20;11286;25;;;11296;19;11298;25;;;11293.0;0.0
yf_ZC=F_d4;300;ASH_COATED_OSMIUM;9967;14;9965;18;;;9973;15;9976;25;;;9970.0;0.0
yf_ZC=F_d4;300;INTARIAN_PEPPER_ROOT;11288;8;11284;26;;;11294;7;11298;17;;;11291.0;0.0
yf_ZC=F_d4;400;ASH_COATED_OSMIUM;9967;18;9964;20;;;9973;11;9975;14;;;9970.0;0.0
yf_ZC=F_d4;400;INTARIAN_PEPPER_ROOT;11287;19;11285;21;;;11293;20;11297;15;;;11290.0;0.0
yf_ZC=F_d4;500;ASH_COATED_OSMIUM;9967;23;9963;22;;;9973;13;9976;19;;;9970.0;0.0
yf_ZC=F_d4;500;INTARIAN_PEPPER_ROOT;11284;7;11281;21;;;11293;10;11295;26;;;11288.5;0.0
yf_ZC=F_d4;600;ASH_COATED_OSMIUM;9967;22;9963;24;;;9973;13;9975;24;;;9970.0;0.0
yf_ZC=F_d4;600;INTARIAN_PEPPER_ROOT;11284;18;11281;25;;;11290;5;11292;19;;;11287.0;0.0
yf_ZC=F_d4;700;ASH_COATED_OSMIUM;9966;16;9963;26;;;9972;9;9976;17;;;9969.0;0.0
yf_ZC=F_d4;700;INTARIAN_PEPPER_ROOT;11282;17;11279;21;;;11289;17;11293;16;;;11285.5;0.0
yf_ZC=F_d4;800;ASH_COATED_OSMIUM;9965;14;9962;18;;;9974;8;9978;22;;;9969.5;0.0
yf_ZC=F_d4;800;INTARIAN_PEPPER_ROOT;11280;16;11276;20;;;11286;17;11290;28;;;11283.0;0.0
yf_ZC=F_d4;900;ASH_COATED_OSMIUM;9966;21;9964;23;;;9972;13;9974;16;;;9969.0;0.0
yf_ZC=F_d4;900;INTARIAN_PEPPER_ROOT;11278;18;11276;18;;;11285;10;11288;21;;;11281.5;0.0
yf_ZC=F_d4;1000;ASH_COATED_OSMIUM;9965;16;9963;17;;;9971;5;9975;16;;;9968.0;0.0
yf_ZC=F_d4;1000;INTARIAN_PEPPER_ROOT;11265;20;11263;17;;;11294;16;11296;12;;;11279.5;0.0
yf_ZC=F_d4;1100;ASH_COATED_OSMIUM;9962;13;9959;15;;;9974;14;9977;20;;;9968.0;0.0
yf_ZC=F_d4;1100;INTARIAN_PEPPER_ROOT;11276;20;11273;22;;;11282;24;11284;26;;;11279.0;0.0
yf_ZC=F_d4;1200;ASH_COATED_OSMIUM;9966;16;9962;18;;;9972;8;9974;25;;;9969.0;0.0
yf_ZC=F_d4;1200;INTARIAN_PEPPER_ROOT;11273;17;11271;19;;;11279;21;11283;23;;;11276.0;0.0
yf_ZC=F_d4;1300;ASH_COATED_OSMIUM;9965;24;9962;19;;;9971;18;9973;21;;;9968.0;0.0
yf_ZC=F_d4;1300;INTARIAN_PEPPER_ROOT;11271;24;11268;21;;;11278;16;11281;23;;;11274.5;0.0
yf_ZC=F_d4;1400;ASH_COATED_OSMIUM;9959;13;9955;21;;;9978;19;9982;22;;;9968.5;0.0
yf_ZC=F_d4;1400;INTARIAN_PEPPER_ROOT;11271;5;11267;16;;;11277;22;11279;20;;;11274.0;0.0
yf_ZC=F_d4;1500;ASH_COATED_OSMIUM;9954;24;9951;22;;;9983;14;9987;14;;;9968.5;0.0
yf_ZC=F_d4;1500;INTARIAN_PEPPER_ROOT;11269;16;11265;14;;;11275;10;11277;33;;;11272.0;0.0
yf_ZC=F_d4;1600;ASH_COATED_OSMIUM;9965;16;9963;28;;;9971;14;9973;23;;;9968.0;0.0
yf_ZC=F_d4;1600;INTARIAN_PEPPER_ROOT;11267;9;11265;24;;;11273;21;11275;15;;;11270.0;0.0
yf_ZC=F_d4;1700;ASH_COATED_OSMIUM;9965;12;9963;26;;;9971;14;9975;23;;;9968.0;0.0
yf_ZC=F_d4;1700;INTARIAN_PEPPER_ROOT;11265;9;11261;20;;;11271;16;11275;18;;;11268.0;0.0
yf_ZC=F_d4;1800;ASH_COATED_OSMIUM;9965;17;9962;14;;;9971;9;9974;19;;;9968.0;0.0
yf_ZC=F_d4;1800;INTARIAN_PEPPER_ROOT;11264;16;11262;22;;;11270;17;11273;19;;;11267.0;0.0
yf_ZC=F_d4;1900;ASH_COATED_OSMIUM;9965;5;9962;19;;;9971;15;9975;15;;;9968.0;0.0
yf_ZC=F_d4;1900;INTARIAN_PEPPER_ROOT;11260;5;11258;18;;;11272;16;11274;20;;;11266.0;0.0
yf_ZC=F_d4;2000;ASH_COATED_OSMIUM;9964;7;9961;24;;;9970;16;9973;22;;;9967.0;0.0
yf_ZC=F_d4;2000;INTARIAN_PEPPER_ROOT;11261;14;11258;21;;;11267;13;11271;21;;;11264.0;0.0
yf_ZC=F_d4;2100;ASH_COATED_OSMIUM;9964;16;9960;26;;;9970;13;9972;15;;;9967.0;0.0
yf_ZC=F_d4;2100;INTARIAN_PEPPER_ROOT;11259;12;11257;26;;;11265;19;11268;23;;;11262.0;0.0
yf_ZC=F_d4;2200;ASH_COATED_OSMIUM;9964;13;9961;17;;;9970;15;9972;17;;;9967.0;0.0
yf_ZC=F_d4;2200;INTARIAN_PEPPER_ROOT;11258;15;11256;18;;;11264;10;11266;21;;;11261.0;0.0
yf_ZC=F_d4;2300;ASH_COATED_OSMIUM;9964;18;9960;23;;;9970;13;9974;20;;;9967.0;0.0
yf_ZC=F_d4;2300;INTARIAN_PEPPER_ROOT;11256;11;11252;24;;;11262;22;11266;18;;;11259.0;0.0
yf_ZC=F_d4;2400;ASH_COATED_OSMIUM;9962;15;9960;24;;;9970;17;9973;16;;;9966.0;0.0
yf_ZC=F_d4;2400;INTARIAN_PEPPER_ROOT;11254;16;11251;24;;;11260;15;11263;14;;;11257.0;0.0
yf_ZC=F_d4;2500;ASH_COATED_OSMIUM;9963;11;9960;20;;;9969;15;9973;23;;;9966.0;0.0
yf_ZC=F_d4;2500;INTARIAN_PEPPER_ROOT;11253;12;11250;18;;;11259;15;11263;24;;;11256.0;0.0
yf_ZC=F_d4;2600;ASH_COATED_OSMIUM;9961;10;9959;24;;;9973;16;9975;21;;;9967.0;0.0
yf_ZC=F_d4;2600;INTARIAN_PEPPER_ROOT;11251;21;11247;21;;;11257;21;11261;11;;;11254.0;0.0
yf_ZC=F_d4;2700;ASH_COATED_OSMIUM;9963;6;9960;19;;;9969;19;9972;14;;;9966.0;0.0
yf_ZC=F_d4;2700;INTARIAN_PEPPER_ROOT;11245;17;11243;15;;;11261;24;11265;13;;;11253.0;0.0
yf_ZC=F_d4;2800;ASH_COATED_OSMIUM;9963;5;9960;26;;;9969;17;9973;17;;;9966.0;0.0
yf_ZC=F_d4;2800;INTARIAN_PEPPER_ROOT;11246;14;11244;20;;;11255;21;11258;13;;;11250.5;0.0
yf_ZC=F_d4;2900;ASH_COATED_OSMIUM;9963;17;9960;25;;;9969;21;9971;30;;;9966.0;0.0
yf_ZC=F_d4;2900;INTARIAN_PEPPER_ROOT;11246;17;11242;26;;;11252;15;11256;20;;;11249.0;0.0
yf_ZC=F_d4;3000;ASH_COATED_OSMIUM;9960;19;9957;11;;;9973;13;9976;9;;;9966.5;0.0
yf_ZC=F_d4;3000;INTARIAN_PEPPER_ROOT;11242;20;11239;19;;;11252;10;11255;20;;;11247.0;0.0
yf_ZC=F_d4;3100;ASH_COATED_OSMIUM;9963;14;9960;29;;;9969;14;9973;18;;;9966.0;0.0
yf_ZC=F_d4;3100;INTARIAN_PEPPER_ROOT;11241;13;11238;8;;;11250;18;11253;20;;;11245.5;0.0
yf_ZC=F_d4;3200;ASH_COATED_OSMIUM;9963;8;9960;19;;;9969;11;9972;17;;;9966.0;0.0
yf_ZC=F_d4;3200;INTARIAN_PEPPER_ROOT;11241;20;11238;18;;;11247;10;11249;25;;;11244.0;0.0
yf_ZC=F_d4;3300;ASH_COATED_OSMIUM;9959;19;9957;16;;;9970;11;9973;20;;;9964.5;0.0
yf_ZC=F_d4;3300;INTARIAN_PEPPER_ROOT;11233;15;11231;13;;;11253;14;11257;21;;;11243.0;0.0
yf_ZC=F_d4;3400;ASH_COATED_OSMIUM;9961;13;9958;18;;;9967;14;9971;23;;;9964.0;0.0
yf_ZC=F_d4;3400;INTARIAN_PEPPER_ROOT;11234;12;11231;18;;;11248;16;11251;32;;;11241.0;0.0
yf_ZC=F_d4;3500;ASH_COATED_OSMIUM;9961;25;9959;26;;;9969;15;9973;23;;;9965.0;0.0
yf_ZC=F_d4;3500;INTARIAN_PEPPER_ROOT;11236;6;11234;28;;;11242;9;11244;16;;;11239.0;0.0
yf_ZC=F_d4;3600;ASH_COATED_OSMIUM;9959;13;9957;16;;;9971;16;9973;18;;;9965.0;0.0
yf_ZC=F_d4;3600;INTARIAN_PEPPER_ROOT;11235;11;11233;18;;;11241;8;11244;20;;;11238.0;0.0
yf_ZC=F_d4;3700;ASH_COATED_OSMIUM;9961;21;9959;21;;;9969;6;9973;22;;;9965.0;0.0
yf_ZC=F_d4;3700;INTARIAN_PEPPER_ROOT;11233;13;11231;20;;;11239;11;11241;24;;;11236.0;0.0
yf_ZC=F_d4;3800;ASH_COATED_OSMIUM;9962;14;9958;17;;;9968;21;9970;23;;;9965.0;0.0
yf_ZC=F_d4;3800;INTARIAN_PEPPER_ROOT;11231;16;11227;18;;;11237;12;11241;20;;;11234.0;0.0
yf_ZC=F_d4;3900;ASH_COATED_OSMIUM;9957;15;9954;15;;;9972;20;9974;17;;;9964.5;0.0
yf_ZC=F_d4;3900;INTARIAN_PEPPER_ROOT;11230;11;11228;18;;;11236;11;11238;20;;;11233.0;0.0
yf_ZC=F_d4;4000;ASH_COATED_OSMIUM;9961;10;9959;23;;;9967;15;9970;24;;;9964.0;0.0
yf_ZC=F_d4;4000;INTARIAN_PEPPER_ROOT;11228;15;11225;14;;;11234;10;11237;14;;;11231.0;0.0
yf_ZC=F_d4;4100;ASH_COATED_OSMIUM;9958;10;9955;15;;;9971;14;9974;10;;;9964.5;0.0
yf_ZC=F_d4;4100;INTARIAN_PEPPER_ROOT;11211;13;11207;23;;;11249;15;11253;19;;;11230.0;0.0
yf_ZC=F_d4;4200;ASH_COATED_OSMIUM;9958;15;9956;12;;;9969;17;9973;20;;;9963.5;0.0
yf_ZC=F_d4;4200;INTARIAN_PEPPER_ROOT;11224;12;11221;11;;;11232;17;11235;25;;;11228.0;0.0
yf_ZC=F_d4;4300;ASH_COATED_OSMIUM;9961;11;9959;17;;;9967;11;9970;13;;;9964.0;0.0
yf_ZC=F_d4;4300;INTARIAN_PEPPER_ROOT;11216;16;11214;8;;;11236;10;11240;30;;;11226.0;0.0
yf_ZC=F_d4;4400;ASH_COATED_OSMIUM;9956;6;9952;24;;;9971;16;9973;28;;;9963.5;0.0
yf_ZC=F_d4;4400;INTARIAN_PEPPER_ROOT;11216;16;11213;12;;;11233;10;11236;14;;;11224.5;0.0
yf_ZC=F_d4;4500;ASH_COATED_OSMIUM;9949;9;9947;18;;;9978;11;9982;22;;;9963.5;0.0
yf_ZC=F_d4;4500;INTARIAN_PEPPER_ROOT;11217;10;11214;20;;;11229;17;11231;21;;;11223.0;0.0
yf_ZC=F_d4;4600;ASH_COATED_OSMIUM;9960;18;9956;8;;;9966;8;9968;23;;;9963.0;0.0
yf_ZC=F_d4;4600;INTARIAN_PEPPER_ROOT;11218;10;11215;19;;;11224;6;11228;19;;;11221.0;0.0
yf_ZC=F_d4;4700;ASH_COATED_OSMIUM;9960;21;9958;11;;;9966;13;9969;22;;;9963.0;0.0
yf_ZC=F_d4;4700;INTARIAN_PEPPER_ROOT;11217;12;11213;13;;;11223;22;11226;22;;;11220.0;0.0
yf_ZC=F_d4;4800;ASH_COATED_OSMIUM;9950;30;9947;20;;;9976;13;9980;9;;;9963.0;0.0
yf_ZC=F_d4;4800;INTARIAN_PEPPER_ROOT;11215;12;11211;18;;;11221;11;11225;32;;;11218.0;0.0
yf_ZC=F_d4;4900;ASH_COATED_OSMIUM;9955;14;9952;24;;;9971;7;9974;12;;;9963.0;0.0
yf_ZC=F_d4;4900;INTARIAN_PEPPER_ROOT;11202;22;11199;23;;;11231;11;11235;21;;;11216.5;0.0
yf_ZC=F_d4;5000;ASH_COATED_OSMIUM;9960;23;9956;11;;;9966;15;9968;18;;;9963.0;0.0
yf_ZC=F_d4;5000;INTARIAN_PEPPER_ROOT;11212;19;11208;24;;;11218;6;11222;25;;;11215.0;0.0
yf_ZC=F_d4;5100;ASH_COATED_OSMIUM;9959;17;9956;25;;;9966;17;9970;19;;;9962.5;0.0
yf_ZC=F_d4;5100;INTARIAN_PEPPER_ROOT;11211;17;11208;13;;;11217;17;11220;14;;;11214.0;0.0
yf_ZC=F_d4;5200;ASH_COATED_OSMIUM;9960;12;9958;19;;;9966;22;9970;19;;;9963.0;0.0
yf_ZC=F_d4;5200;INTARIAN_PEPPER_ROOT;11207;18;11204;25;;;11216;19;11219;12;;;11211.5;0.0
yf_ZC=F_d4;5300;ASH_COATED_OSMIUM;9959;16;9955;19;;;9965;12;9969;22;;;9962.0;0.0
yf_ZC=F_d4;5300;INTARIAN_PEPPER_ROOT;11207;22;11203;28;;;11213;12;11216;21;;;11210.0;0.0
yf_ZC=F_d4;5400;ASH_COATED_OSMIUM;9959;16;9957;13;;;9965;16;9968;17;;;9962.0;0.0
yf_ZC=F_d4;5400;INTARIAN_PEPPER_ROOT;11206;23;11202;12;;;11212;24;11214;18;;;11209.0;0.0
yf_ZC=F_d4;5500;ASH_COATED_OSMIUM;9959;14;9957;11;;;9965;16;9968;20;;;9962.0;0.0
yf_ZC=F_d4;5500;INTARIAN_PEPPER_ROOT;11205;14;11202;21;;;11211;5;11215;18;;;11208.0;0.0
yf_ZC=F_d4;5600;ASH_COATED_OSMIUM;9959;16;9957;19;;;9965;24;9969;15;;;9962.0;0.0
yf_ZC=F_d4;5600;INTARIAN_PEPPER_ROOT;11200;20;11197;18;;;11211;5;11214;18;;;11205.5;0.0
yf_ZC=F_d4;5700;ASH_COATED_OSMIUM;9959;8;9955;20;;;9965;6;9967;17;;;9962.0;0.0
yf_ZC=F_d4;5700;INTARIAN_PEPPER_ROOT;11200;14;11197;18;;;11206;11;11209;24;;;11203.0;0.0
yf_ZC=F_d4;5800;ASH_COATED_OSMIUM;9959;11;9957;25;;;9965;9;9969;30;;;9962.0;0.0
yf_ZC=F_d4;5800;INTARIAN_PEPPER_ROOT;11199;18;11195;26;;;11205;17;11208;23;;;11202.0;0.0
yf_ZC=F_d4;5900;ASH_COATED_OSMIUM;9958;10;9954;33;;;9964;7;9968;27;;;9961.0;0.0
yf_ZC=F_d4;5900;INTARIAN_PEPPER_ROOT;11198;27;11196;30;;;11204;19;11206;17;;;11201.0;0.0
yf_ZC=F_d4;6000;ASH_COATED_OSMIUM;9958;13;9954;25;;;9964;20;9967;23;;;9961.0;0.0
yf_ZC=F_d4;6000;INTARIAN_PEPPER_ROOT;11195;10;11193;17;;;11203;21;11207;16;;;11199.0;0.0
yf_ZC=F_d4;6100;ASH_COATED_OSMIUM;9945;9;9942;26;;;9977;12;9981;13;;;9961.0;0.0
yf_ZC=F_d4;6100;INTARIAN_PEPPER_ROOT;11195;14;11192;18;;;11201;13;11204;19;;;11198.0;0.0
yf_ZC=F_d4;6200;ASH_COATED_OSMIUM;9957;20;9954;17;;;9963;14;9967;24;;;9960.0;0.0
yf_ZC=F_d4;6200;INTARIAN_PEPPER_ROOT;11190;17;11186;22;;;11201;19;11205;23;;;11195.5;0.0
yf_ZC=F_d4;6300;ASH_COATED_OSMIUM;9957;16;9954;21;;;9963;13;9966;14;;;9960.0;0.0
yf_ZC=F_d4;6300;INTARIAN_PEPPER_ROOT;11189;7;11185;21;;;11199;22;11201;14;;;11194.0;0.0
yf_ZC=F_d4;6400;ASH_COATED_OSMIUM;9958;16;9954;17;;;9964;16;9966;16;;;9961.0;0.0
yf_ZC=F_d4;6400;INTARIAN_PEPPER_ROOT;11189;14;11187;16;;;11195;11;11198;16;;;11192.0;0.0
yf_ZC=F_d4;6500;ASH_COATED_OSMIUM;9958;12;9955;18;;;9964;5;9966;14;;;9961.0;0.0
yf_ZC=F_d4;6500;INTARIAN_PEPPER_ROOT;11188;17;11184;20;;;11194;21;11198;18;;;11191.0;0.0
yf_ZC=F_d4;6600;ASH_COATED_OSMIUM;9957;5;9955;13;;;9963;8;9965;23;;;9960.0;0.0
yf_ZC=F_d4;6600;INTARIAN_PEPPER_ROOT;11186;15;11184;20;;;11192;17;11194;15;;;11189.0;0.0
yf_ZC=F_d4;6700;ASH_COATED_OSMIUM;9955;14;9951;12;;;9965;20;9967;18;;;9960.0;0.0
yf_ZC=F_d4;6700;INTARIAN_PEPPER_ROOT;11185;12;11182;18;;;11191;15;11195;24;;;11188.0;0.0
yf_ZC=F_d4;6800;ASH_COATED_OSMIUM;9955;15;9951;19;;;9965;16;9968;18;;;9960.0;0.0
yf_ZC=F_d4;6800;INTARIAN_PEPPER_ROOT;11183;17;11180;23;;;11189;16;11191;8;;;11186.0;0.0
yf_ZC=F_d4;6900;ASH_COATED_OSMIUM;9957;15;9953;16;;;9963;12;9967;28;;;9960.0;0.0
yf_ZC=F_d4;6900;INTARIAN_PEPPER_ROOT;11182;21;11179;22;;;11188;18;11192;20;;;11185.0;0.0
yf_ZC=F_d4;7000;ASH_COATED_OSMIUM;9955;17;9953;9;;;9963;5;9966;21;;;9959.0;0.0
yf_ZC=F_d4;7000;INTARIAN_PEPPER_ROOT;11170;9;11166;18;;;11195;5;11197;12;;;11182.5;0.0
yf_ZC=F_d4;7100;ASH_COATED_OSMIUM;9957;11;9954;23;;;9963;12;9965;19;;;9960.0;0.0
yf_ZC=F_d4;7100;INTARIAN_PEPPER_ROOT;11174;9;11170;24;;;11187;5;11189;24;;;11180.5;0.0
yf_ZC=F_d4;7200;ASH_COATED_OSMIUM;9956;19;9952;28;;;9962;11;9965;23;;;9959.0;0.0
yf_ZC=F_d4;7200;INTARIAN_PEPPER_ROOT;11176;20;11174;23;;;11182;10;11184;26;;;11179.0;0.0
yf_ZC=F_d4;7300;ASH_COATED_OSMIUM;9956;13;9953;24;;;9962;9;9964;24;;;9959.0;0.0
yf_ZC=F_d4;7300;INTARIAN_PEPPER_ROOT;11173;8;11170;17;;;11182;19;11185;15;;;11177.5;0.0
yf_ZC=F_d4;7400;ASH_COATED_OSMIUM;9955;14;9953;21;;;9963;11;9966;21;;;9959.0;0.0
yf_ZC=F_d4;7400;INTARIAN_PEPPER_ROOT;11174;23;11172;14;;;11180;7;11183;22;;;11177.0;0.0
yf_ZC=F_d4;7500;ASH_COATED_OSMIUM;9955;15;9953;17;;;9962;16;9965;23;;;9958.5;0.0
yf_ZC=F_d4;7500;INTARIAN_PEPPER_ROOT;11168;26;11164;23;;;11181;13;11185;22;;;11174.5;0.0
yf_ZC=F_d4;7600;ASH_COATED_OSMIUM;9945;19;9941;26;;;9972;23;9974;15;;;9958.5;0.0
yf_ZC=F_d4;7600;INTARIAN_PEPPER_ROOT;11166;15;11162;32;;;11179;16;11181;17;;;11172.5;0.0
yf_ZC=F_d4;7700;ASH_COATED_OSMIUM;9955;13;9952;15;;;9961;13;9963;20;;;9958.0;0.0
yf_ZC=F_d4;7700;INTARIAN_PEPPER_ROOT;11169;13;11165;19;;;11175;14;11179;14;;;11172.0;0.0
yf_ZC=F_d4;7800;ASH_COATED_OSMIUM;9955;19;9953;23;;;9961;9;9963;28;;;9958.0;0.0
yf_ZC=F_d4;7800;INTARIAN_PEPPER_ROOT;11165;17;11161;22;;;11175;27;11178;17;;;11170.0;0.0
yf_ZC=F_d4;7900;ASH_COATED_OSMIUM;9955;20;9953;31;;;9961;5;9963;20;;;9958.0;0.0
yf_ZC=F_d4;7900;INTARIAN_PEPPER_ROOT;11165;16;11162;19;;;11171;17;11173;24;;;11168.0;0.0
yf_ZC=F_d4;8000;ASH_COATED_OSMIUM;9955;24;9952;23;;;9961;22;9963;20;;;9958.0;0.0
yf_ZC=F_d4;8000;INTARIAN_PEPPER_ROOT;11154;22;11152;13;;;11180;13;11183;26;;;11167.0;0.0
yf_ZC=F_d4;8100;ASH_COATED_OSMIUM;9952;21;9948;21;;;9963;16;9966;23;;;9957.5;0.0
yf_ZC=F_d4;8100;INTARIAN_PEPPER_ROOT;11162;11;11158;20;;;11168;18;11170;20;;;11165.0;0.0
yf_ZC=F_d4;8200;ASH_COATED_OSMIUM;9947;10;9944;22;;;9966;17;9970;18;;;9956.5;0.0
yf_ZC=F_d4;8200;INTARIAN_PEPPER_ROOT;11161;14;11157;20;;;11167;5;11170;26;;;11164.0;0.0
yf_ZC=F_d4;8300;ASH_COATED_OSMIUM;9954;23;9950;16;;;9960;15;9964;21;;;9957.0;0.0
yf_ZC=F_d4;8300;INTARIAN_PEPPER_ROOT;11159;15;11155;12;;;11165;12;11167;21;;;11162.0;0.0
yf_ZC=F_d4;8400;ASH_COATED_OSMIUM;9952;23;9948;35;;;9961;12;9963;28;;;9956.5;0.0
yf_ZC=F_d4;8400;INTARIAN_PEPPER_ROOT;11157;8;11155;9;;;11163;19;11166;14;;;11160.0;0.0
yf_ZC=F_d4;8500;ASH_COATED_OSMIUM;9954;16;9952;8;;;9960;11;9963;24;;;9957.0;0.0
yf_ZC=F_d4;8500;INTARIAN_PEPPER_ROOT;11155;11;11153;22;;;11161;18;11163;21;;;11158.0;0.0
yf_ZC=F_d4;8600;ASH_COATED_OSMIUM;9954;10;9950;11;;;9960;14;9962;21;;;9957.0;0.0
yf_ZC=F_d4;8600;INTARIAN_PEPPER_ROOT;11154;16;11152;19;;;11160;17;11163;26;;;11157.0;0.0
yf_ZC=F_d4;8700;ASH_COATED_OSMIUM;9950;10;9947;27;;;9963;13;9966;22;;;9956.5;0.0
yf_ZC=F_d4;8700;INTARIAN_PEPPER_ROOT;11152;12;11148;23;;;11158;13;11162;18;;;11155.0;0.0
yf_ZC=F_d4;8800;ASH_COATED_OSMIUM;9954;17;9952;27;;;9960;13;9964;28;;;9957.0;0.0
yf_ZC=F_d4;8800;INTARIAN_PEPPER_ROOT;11146;8;11142;16;;;11161;5;11165;17;;;11153.5;0.0
yf_ZC=F_d4;8900;ASH_COATED_OSMIUM;9953;7;9951;20;;;9959;11;9962;23;;;9956.0;0.0
yf_ZC=F_d4;8900;INTARIAN_PEPPER_ROOT;11144;16;11140;18;;;11159;8;11162;21;;;11151.5;0.0
yf_ZC=F_d4;9000;ASH_COATED_OSMIUM;9953;13;9949;22;;;9959;17;9961;21;;;9956.0;0.0
yf_ZC=F_d4;9000;INTARIAN_PEPPER_ROOT;11148;8;11146;26;;;11154;7;11157;15;;;11151.0;0.0
yf_ZC=F_d4;9100;ASH_COATED_OSMIUM;9953;8;9951;9;;;9959;9;9963;25;;;9956.0;0.0
yf_ZC=F_d4;9100;INTARIAN_PEPPER_ROOT;11139;17;11136;17;;;11159;10;11161;20;;;11149.0;0.0
yf_ZC=F_d4;9200;ASH_COATED_OSMIUM;9952;14;9950;16;;;9960;20;9963;11;;;9956.0;0.0
yf_ZC=F_d4;9200;INTARIAN_PEPPER_ROOT;11144;22;11141;22;;;11150;9;11152;23;;;11147.0;0.0
yf_ZC=F_d4;9300;ASH_COATED_OSMIUM;9952;10;9950;14;;;9960;12;9963;11;;;9956.0;0.0
yf_ZC=F_d4;9300;INTARIAN_PEPPER_ROOT;11142;18;11140;22;;;11148;13;11150;23;;;11145.0;0.0
yf_ZC=F_d4;9400;ASH_COATED_OSMIUM;9952;14;9950;15;;;9958;19;9962;13;;;9955.0;0.0
yf_ZC=F_d4;9400;INTARIAN_PEPPER_ROOT;11140;26;11137;16;;;11146;6;11149;22;;;11143.0;0.0
yf_ZC=F_d4;9500;ASH_COATED_OSMIUM;9947;15;9944;13;;;9964;19;9968;26;;;9955.5;0.0
yf_ZC=F_d4;9500;INTARIAN_PEPPER_ROOT;11139;19;11137;16;;;11145;11;11148;14;;;11142.0;0.0
yf_ZC=F_d4;9600;ASH_COATED_OSMIUM;9953;22;9949;11;;;9959;10;9963;20;;;9956.0;0.0
yf_ZC=F_d4;9600;INTARIAN_PEPPER_ROOT;11138;13;11135;8;;;11144;12;11148;16;;;11141.0;0.0
yf_ZC=F_d4;9700;ASH_COATED_OSMIUM;9952;15;9949;17;;;9958;15;9961;23;;;9955.0;0.0
yf_ZC=F_d4;9700;INTARIAN_PEPPER_ROOT;11133;11;11131;23;;;11147;17;11150;17;;;11140.0;0.0
yf_ZC=F_d4;9800;ASH_COATED_OSMIUM;9952;14;9949;14;;;9958;15;9960;16;;;9955.0;0.0
yf_ZC=F_d4;9800;INTARIAN_PEPPER_ROOT;11134;10;11130;25;;;11140;25;11144;18;;;11137.0;0.0
yf_ZC=F_d4;9900;ASH_COATED_OSMIUM;9948;21;9946;19;;;9961;17;9963;22;;;9954.5;0.0
yf_ZC=F_d4;9900;INTARIAN_PEPPER_ROOT;11131;8;11128;25;;;11140;14;11143;28;;;11135.5;0.0
yf_ZC=F_d4;10000;ASH_COATED_OSMIUM;9951;11;9949;16;;;9958;14;9960;22;;;9954.5;0.0
yf_ZC=F_d4;10000;INTARIAN_PEPPER_ROOT;11130;18;11127;18;;;11138;14;11142;31;;;11134.0;0.0
yf_ZC=F_d4;10100;ASH_COATED_OSMIUM;9948;16;9945;23;;;9961;15;9963;11;;;9954.5;0.0
yf_ZC=F_d4;10100;INTARIAN_PEPPER_ROOT;11129;12;11126;23;;;11136;13;11139;13;;;11132.5;0.0
yf_ZC=F_d4;10200;ASH_COATED_OSMIUM;9948;8;9946;17;;;9961;16;9964;30;;;9954.5;0.0
yf_ZC=F_d4;10200;INTARIAN_PEPPER_ROOT;11127;23;11123;28;;;11134;5;11138;12;;;11130.5;0.0
yf_ZC=F_d4;10300;ASH_COATED_OSMIUM;9951;18;9947;22;;;9957;12;9959;20;;;9954.0;0.0
yf_ZC=F_d4;10300;INTARIAN_PEPPER_ROOT;11105;23;11102;20;;;11154;22;11158;16;;;11129.5;0.0
yf_ZC=F_d4;10400;ASH_COATED_OSMIUM;9951;16;9948;22;;;9957;16;9961;19;;;9954.0;0.0
yf_ZC=F_d4;10400;INTARIAN_PEPPER_ROOT;11125;15;11122;16;;;11131;20;11133;20;;;11128.0;0.0
yf_ZC=F_d4;10500;ASH_COATED_OSMIUM;9951;15;9948;17;;;9957;12;9961;14;;;9954.0;0.0
yf_ZC=F_d4;10500;INTARIAN_PEPPER_ROOT;11123;17;11119;11;;;11129;15;11132;22;;;11126.0;0.0
yf_ZC=F_d4;10600;ASH_COATED_OSMIUM;9949;8;9945;9;;;9959;9;9963;16;;;9954.0;0.0
yf_ZC=F_d4;10600;INTARIAN_PEPPER_ROOT;11122;19;11118;15;;;11128;12;11130;18;;;11125.0;0.0
yf_ZC=F_d4;10700;ASH_COATED_OSMIUM;9950;17;9946;15;;;9956;18;9958;21;;;9953.0;0.0
yf_ZC=F_d4;10700;INTARIAN_PEPPER_ROOT;11119;11;11116;19;;;11125;16;11129;25;;;11122.0;0.0
yf_ZC=F_d4;10800;ASH_COATED_OSMIUM;9950;11;9946;22;;;9956;16;9960;20;;;9953.0;0.0
yf_ZC=F_d4;10800;INTARIAN_PEPPER_ROOT;11118;12;11116;13;;;11124;22;11127;22;;;11121.0;0.0
yf_ZC=F_d4;10900;ASH_COATED_OSMIUM;9950;15;9948;22;;;9957;14;9960;20;;;9953.5;0.0
yf_ZC=F_d4;10900;INTARIAN_PEPPER_ROOT;11116;6;11112;17;;;11122;16;11125;24;;;11119.0;0.0
yf_ZC=F_d4;11000;ASH_COATED_OSMIUM;9950;22;9947;19;;;9956;5;9960;22;;;9953.0;0.0
yf_ZC=F_d4;11000;INTARIAN_PEPPER_ROOT;11108;15;11105;18;;;11128;12;11131;20;;;11118.0;0.0
yf_ZC=F_d4;11100;ASH_COATED_OSMIUM;9949;12;9946;23;;;9955;18;9959;31;;;9952.0;0.0
yf_ZC=F_d4;11100;INTARIAN_PEPPER_ROOT;11113;12;11110;20;;;11119;20;11122;10;;;11116.0;0.0
yf_ZC=F_d4;11200;ASH_COATED_OSMIUM;9949;17;9946;23;;;9956;15;9958;20;;;9952.5;0.0
yf_ZC=F_d4;11200;INTARIAN_PEPPER_ROOT;11112;18;11108;22;;;11118;10;11121;24;;;11115.0;0.0
yf_ZC=F_d4;11300;ASH_COATED_OSMIUM;9949;14;9945;19;;;9957;15;9959;14;;;9953.0;0.0
yf_ZC=F_d4;11300;INTARIAN_PEPPER_ROOT;11111;13;11108;18;;;11117;15;11121;15;;;11114.0;0.0
yf_ZC=F_d4;11400;ASH_COATED_OSMIUM;9949;6;9945;29;;;9955;17;9958;22;;;9952.0;0.0
yf_ZC=F_d4;11400;INTARIAN_PEPPER_ROOT;11107;18;11103;22;;;11115;23;11117;22;;;11111.0;0.0
yf_ZC=F_d4;11500;ASH_COATED_OSMIUM;9949;15;9947;16;;;9955;11;9957;18;;;9952.0;0.0
yf_ZC=F_d4;11500;INTARIAN_PEPPER_ROOT;11092;19;11088;31;;;11127;22;11129;10;;;11109.5;0.0
yf_ZC=F_d4;11600;ASH_COATED_OSMIUM;9949;21;9946;28;;;9955;18;9959;22;;;9952.0;0.0
yf_ZC=F_d4;11600;INTARIAN_PEPPER_ROOT;11105;12;11101;26;;;11111;12;11114;13;;;11108.0;0.0
yf_ZC=F_d4;11700;ASH_COATED_OSMIUM;9950;13;9947;16;;;9956;21;9959;22;;;9953.0;0.0
yf_ZC=F_d4;11700;INTARIAN_PEPPER_ROOT;11101;10;11098;20;;;11111;17;11113;20;;;11106.0;0.0
yf_ZC=F_d4;11800;ASH_COATED_OSMIUM;9950;16;9948;18;;;9956;13;9960;22;;;9953.0;0.0
yf_ZC=F_d4;11800;INTARIAN_PEPPER_ROOT;11101;15;11097;16;;;11107;13;11109;24;;;11104.0;0.0
yf_ZC=F_d4;11900;ASH_COATED_OSMIUM;9948;11;9946;20;;;9954;8;9956;20;;;9951.0;0.0
yf_ZC=F_d4;11900;INTARIAN_PEPPER_ROOT;11101;10;11099;19;;;11107;13;11111;25;;;11104.0;0.0
yf_ZC=F_d4;12000;ASH_COATED_OSMIUM;9948;11;9944;19;;;9954;18;9957;24;;;9951.0;0.0
yf_ZC=F_d4;12000;INTARIAN_PEPPER_ROOT;11099;8;11096;20;;;11105;14;11109;18;;;11102.0;0.0
yf_ZC=F_d4;12100;ASH_COATED_OSMIUM;9946;6;9943;14;;;9957;11;9961;21;;;9951.5;0.0
yf_ZC=F_d4;12100;INTARIAN_PEPPER_ROOT;11097;16;11093;34;;;11103;29;11107;20;;;11100.0;0.0
yf_ZC=F_d4;12200;ASH_COATED_OSMIUM;9940;12;9937;28;;;9962;17;9964;20;;;9951.0;0.0
yf_ZC=F_d4;12200;INTARIAN_PEPPER_ROOT;11091;11;11088;14;;;11108;8;11112;15;;;11099.5;0.0
yf_ZC=F_d4;12300;ASH_COATED_OSMIUM;9947;27;9945;21;;;9955;15;9959;14;;;9951.0;0.0
yf_ZC=F_d4;12300;INTARIAN_PEPPER_ROOT;11093;12;11089;26;;;11099;16;11103;22;;;11096.0;0.0
yf_ZC=F_d4;12400;ASH_COATED_OSMIUM;9945;12;9941;17;;;9958;21;9961;13;;;9951.5;0.0
yf_ZC=F_d4;12400;INTARIAN_PEPPER_ROOT;11092;15;11090;13;;;11098;12;11102;21;;;11095.0;0.0
yf_ZC=F_d4;12500;ASH_COATED_OSMIUM;9948;17;9944;13;;;9954;17;9958;29;;;9951.0;0.0
yf_ZC=F_d4;12500;INTARIAN_PEPPER_ROOT;11067;15;11064;25;;;11120;15;11122;23;;;11093.5;0.0
yf_ZC=F_d4;12600;ASH_COATED_OSMIUM;9947;14;9943;15;;;9954;11;9958;27;;;9950.5;0.0
yf_ZC=F_d4;12600;INTARIAN_PEPPER_ROOT;11088;16;11086;17;;;11095;8;11097;16;;;11091.5;0.0
yf_ZC=F_d4;12700;ASH_COATED_OSMIUM;9947;20;9943;23;;;9954;14;9958;19;;;9950.5;0.0
yf_ZC=F_d4;12700;INTARIAN_PEPPER_ROOT;11086;15;11084;15;;;11094;18;11097;24;;;11090.0;0.0
yf_ZC=F_d4;12800;ASH_COATED_OSMIUM;9946;20;9944;22;;;9955;14;9958;22;;;9950.5;0.0
yf_ZC=F_d4;12800;INTARIAN_PEPPER_ROOT;11081;15;11077;17;;;11095;16;11098;21;;;11088.0;0.0
yf_ZC=F_d4;12900;ASH_COATED_OSMIUM;9946;15;9943;28;;;9955;12;9959;22;;;9950.5;0.0
yf_ZC=F_d4;12900;INTARIAN_PEPPER_ROOT;11074;11;11070;27;;;11099;20;11103;8;;;11086.5;0.0
yf_ZC=F_d4;13000;ASH_COATED_OSMIUM;9940;11;9938;20;;;9960;14;9963;23;;;9950.0;0.0
yf_ZC=F_d4;13000;INTARIAN_PEPPER_ROOT;11070;19;11066;14;;;11102;13;11104;17;;;11086.0;0.0
yf_ZC=F_d4;13100;ASH_COATED_OSMIUM;9945;16;9942;23;;;9955;15;9959;22;;;9950.0;0.0
yf_ZC=F_d4;13100;INTARIAN_PEPPER_ROOT;11081;10;11078;21;;;11087;11;11090;16;;;11084.0;0.0
yf_ZC=F_d4;13200;ASH_COATED_OSMIUM;9946;13;9944;32;;;9952;16;9955;23;;;9949.0;0.0
yf_ZC=F_d4;13200;INTARIAN_PEPPER_ROOT;11080;6;11076;21;;;11086;12;11090;10;;;11083.0;0.0
yf_ZC=F_d4;13300;ASH_COATED_OSMIUM;9946;7;9942;15;;;9953;25;9955;9;;;9949.5;0.0
yf_ZC=F_d4;13300;INTARIAN_PEPPER_ROOT;11070;12;11068;24;;;11091;10;11095;17;;;11080.5;0.0
yf_ZC=F_d4;13400;ASH_COATED_OSMIUM;9944;9;9940;26;;;9954;9;9958;27;;;9949.0;0.0
yf_ZC=F_d4;13400;INTARIAN_PEPPER_ROOT;11075;15;11073;23;;;11082;15;11086;23;;;11078.5;0.0
yf_ZC=F_d4;13500;ASH_COATED_OSMIUM;9945;10;9943;20;;;9953;7;9957;24;;;9949.0;0.0
yf_ZC=F_d4;13500;INTARIAN_PEPPER_ROOT;11069;10;11066;13;;;11086;5;11090;21;;;11077.5;0.0
yf_ZC=F_d4;13600;ASH_COATED_OSMIUM;9946;16;9944;29;;;9952;9;9956;23;;;9949.0;0.0
yf_ZC=F_d4;13600;INTARIAN_PEPPER_ROOT;11073;14;11070;24;;;11079;20;11081;21;;;11076.0;0.0
yf_ZC=F_d4;13700;ASH_COATED_OSMIUM;9942;14;9938;18;;;9955;11;9957;20;;;9948.5;0.0
yf_ZC=F_d4;13700;INTARIAN_PEPPER_ROOT;11070;12;11067;23;;;11076;12;11079;13;;;11073.0;0.0
yf_ZC=F_d4;13800;ASH_COATED_OSMIUM;9946;16;9944;26;;;9952;15;9955;15;;;9949.0;0.0
yf_ZC=F_d4;13800;INTARIAN_PEPPER_ROOT;11066;13;11063;19;;;11079;7;11082;18;;;11072.5;0.0
yf_ZC=F_d4;13900;ASH_COATED_OSMIUM;9945;9;9943;25;;;9951;14;9955;13;;;9948.0;0.0
yf_ZC=F_d4;13900;INTARIAN_PEPPER_ROOT;11060;14;11056;11;;;11082;7;11084;27;;;11071.0;0.0
yf_ZC=F_d4;14000;ASH_COATED_OSMIUM;9939;10;9936;26;;;9958;15;9962;18;;;9948.5;0.0
yf_ZC=F_d4;14000;INTARIAN_PEPPER_ROOT;11066;9;11063;27;;;11072;18;11074;17;;;11069.0;0.0
yf_ZC=F_d4;14100;ASH_COATED_OSMIUM;9945;12;9943;15;;;9951;14;9953;8;;;9948.0;0.0
yf_ZC=F_d4;14100;INTARIAN_PEPPER_ROOT;11062;16;11060;22;;;11075;23;11077;18;;;11068.5;0.0
yf_ZC=F_d4;14200;ASH_COATED_OSMIUM;9945;11;9943;24;;;9951;19;9953;19;;;9948.0;0.0
yf_ZC=F_d4;14200;INTARIAN_PEPPER_ROOT;11059;16;11057;19;;;11073;14;11077;22;;;11066.0;0.0
yf_ZC=F_d4;14300;ASH_COATED_OSMIUM;9945;13;9941;10;;;9951;15;9954;20;;;9948.0;0.0
yf_ZC=F_d4;14300;INTARIAN_PEPPER_ROOT;11056;20;11054;21;;;11073;22;11077;15;;;11064.5;0.0
yf_ZC=F_d4;14400;ASH_COATED_OSMIUM;9945;16;9943;33;;;9951;19;9953;27;;;9948.0;0.0
yf_ZC=F_d4;14400;INTARIAN_PEPPER_ROOT;11058;19;11054;24;;;11068;5;11070;24;;;11063.0;0.0
yf_ZC=F_d4;14500;ASH_COATED_OSMIUM;9945;10;9943;15;;;9951;14;9954;28;;;9948.0;0.0
yf_ZC=F_d4;14500;INTARIAN_PEPPER_ROOT;11058;14;11055;17;;;11064;13;11066;24;;;11061.0;0.0
yf_ZC=F_d4;14600;ASH_COATED_OSMIUM;9944;19;9942;15;;;9950;13;9952;23;;;9947.0;0.0
yf_ZC=F_d4;14600;INTARIAN_PEPPER_ROOT;11057;14;11054;21;;;11063;11;11066;12;;;11060.0;0.0
yf_ZC=F_d4;14700;ASH_COATED_OSMIUM;9944;19;9940;15;;;9951;25;9953;17;;;9947.5;0.0
yf_ZC=F_d4;14700;INTARIAN_PEPPER_ROOT;11055;27;11052;11;;;11061;16;11064;17;;;11058.0;0.0
yf_ZC=F_d4;14800;ASH_COATED_OSMIUM;9944;18;9940;15;;;9950;21;9953;26;;;9947.0;0.0
yf_ZC=F_d4;14800;INTARIAN_PEPPER_ROOT;11052;23;11049;10;;;11058;19;11060;26;;;11055.0;0.0
yf_ZC=F_d4;14900;ASH_COATED_OSMIUM;9937;9;9935;15;;;9957;15;9959;26;;;9947.0;0.0
yf_ZC=F_d4;14900;INTARIAN_PEPPER_ROOT;11051;5;11049;19;;;11057;17;11061;24;;;11054.0;0.0
yf_ZC=F_d4;15000;ASH_COATED_OSMIUM;9944;25;9940;15;;;9950;13;9952;26;;;9947.0;0.0
yf_ZC=F_d4;15000;INTARIAN_PEPPER_ROOT;11049;17;11047;21;;;11055;13;11058;16;;;11052.0;0.0
yf_ZC=F_d4;15100;ASH_COATED_OSMIUM;9941;14;9937;21;;;9953;17;9955;23;;;9947.0;0.0
yf_ZC=F_d4;15100;INTARIAN_PEPPER_ROOT;11042;12;11038;22;;;11060;15;11064;21;;;11051.0;0.0
yf_ZC=F_d4;15200;ASH_COATED_OSMIUM;9944;6;9942;17;;;9950;17;9952;23;;;9947.0;0.0
yf_ZC=F_d4;15200;INTARIAN_PEPPER_ROOT;11045;20;11042;25;;;11054;18;11057;12;;;11049.5;0.0
yf_ZC=F_d4;15300;ASH_COATED_OSMIUM;9944;15;9942;23;;;9950;7;9952;20;;;9947.0;0.0
yf_ZC=F_d4;15300;INTARIAN_PEPPER_ROOT;11040;12;11038;26;;;11056;17;11058;16;;;11048.0;0.0
yf_ZC=F_d4;15400;ASH_COATED_OSMIUM;9936;10;9934;17;;;9955;19;9958;26;;;9945.5;0.0
yf_ZC=F_d4;15400;INTARIAN_PEPPER_ROOT;11043;19;11039;26;;;11049;13;11051;8;;;11046.0;0.0
yf_ZC=F_d4;15500;ASH_COATED_OSMIUM;9943;16;9941;25;;;9949;19;9951;13;;;9946.0;0.0
yf_ZC=F_d4;15500;INTARIAN_PEPPER_ROOT;11042;14;11038;21;;;11048;15;11051;19;;;11045.0;0.0
yf_ZC=F_d4;15600;ASH_COATED_OSMIUM;9937;15;9934;14;;;9953;25;9957;13;;;9945.0;0.0
yf_ZC=F_d4;15600;INTARIAN_PEPPER_ROOT;11040;15;11038;28;;;11046;14;11048;17;;;11043.0;0.0
yf_ZC=F_d4;15700;ASH_COATED_OSMIUM;9942;21;9940;13;;;9948;15;9950;14;;;9945.0;0.0
yf_ZC=F_d4;15700;INTARIAN_PEPPER_ROOT;11039;13;11036;21;;;11045;17;11048;30;;;11042.0;0.0
yf_ZC=F_d4;15800;ASH_COATED_OSMIUM;9943;13;9940;17;;;9949;22;9951;21;;;9946.0;0.0
yf_ZC=F_d4;15800;INTARIAN_PEPPER_ROOT;11029;15;11025;8;;;11050;21;11052;16;;;11039.5;0.0
yf_ZC=F_d4;15900;ASH_COATED_OSMIUM;9942;16;9939;16;;;9948;12;9951;19;;;9945.0;0.0
yf_ZC=F_d4;15900;INTARIAN_PEPPER_ROOT;11025;18;11021;20;;;11052;20;11054;22;;;11038.5;0.0
yf_ZC=F_d4;16000;ASH_COATED_OSMIUM;9933;17;9929;13;;;9958;7;9961;21;;;9945.5;0.0
yf_ZC=F_d4;16000;INTARIAN_PEPPER_ROOT;11034;14;11032;15;;;11040;22;11044;22;;;11037.0;0.0
yf_ZC=F_d4;16100;ASH_COATED_OSMIUM;9942;19;9939;23;;;9948;12;9952;18;;;9945.0;0.0
yf_ZC=F_d4;16100;INTARIAN_PEPPER_ROOT;11032;7;11028;18;;;11038;17;11040;14;;;11035.0;0.0
yf_ZC=F_d4;16200;ASH_COATED_OSMIUM;9942;26;9939;31;;;9948;20;9951;21;;;9945.0;0.0
yf_ZC=F_d4;16200;INTARIAN_PEPPER_ROOT;11030;13;11028;15;;;11036;13;11040;21;;;11033.0;0.0
yf_ZC=F_d4;16300;ASH_COATED_OSMIUM;9942;14;9939;13;;;9948;16;9950;15;;;9945.0;0.0
yf_ZC=F_d4;16300;INTARIAN_PEPPER_ROOT;11029;16;11026;12;;;11035;14;11038;21;;;11032.0;0.0
yf_ZC=F_d4;16400;ASH_COATED_OSMIUM;9941;17;9939;18;;;9947;11;9950;27;;;9944.0;0.0
yf_ZC=F_d4;16400;INTARIAN_PEPPER_ROOT;11027;12;11025;18;;;11033;16;11035;24;;;11030.0;0.0
yf_ZC=F_d4;16500;ASH_COATED_OSMIUM;9940;9;9938;24;;;9950;15;9953;24;;;9945.0;0.0
yf_ZC=F_d4;16500;INTARIAN_PEPPER_ROOT;11024;6;11020;23;;;11032;5;11036;26;;;11028.0;0.0
yf_ZC=F_d4;16600;ASH_COATED_OSMIUM;9940;14;9938;13;;;9947;11;9950;18;;;9943.5;0.0
yf_ZC=F_d4;16600;INTARIAN_PEPPER_ROOT;11024;12;11021;21;;;11030;11;11034;10;;;11027.0;0.0
yf_ZC=F_d4;16700;ASH_COATED_OSMIUM;9940;5;9937;22;;;9948;11;9950;17;;;9944.0;0.0
yf_ZC=F_d4;16700;INTARIAN_PEPPER_ROOT;11022;19;11018;25;;;11028;15;11031;23;;;11025.0;0.0
yf_ZC=F_d4;16800;ASH_COATED_OSMIUM;9941;23;9937;11;;;9947;12;9950;28;;;9944.0;0.0
yf_ZC=F_d4;16800;INTARIAN_PEPPER_ROOT;11019;17;11016;21;;;11027;17;11029;16;;;11023.0;0.0
yf_ZC=F_d4;16900;ASH_COATED_OSMIUM;9941;5;9939;21;;;9947;19;9951;17;;;9944.0;0.0
yf_ZC=F_d4;16900;INTARIAN_PEPPER_ROOT;11019;16;11015;19;;;11025;12;11027;28;;;11022.0;0.0
yf_ZC=F_d4;17000;ASH_COATED_OSMIUM;9933;12;9931;16;;;9953;16;9956;15;;;9943.0;0.0
yf_ZC=F_d4;17000;INTARIAN_PEPPER_ROOT;11018;13;11015;24;;;11024;14;11026;12;;;11021.0;0.0
yf_ZC=F_d4;17100;ASH_COATED_OSMIUM;9940;10;9936;15;;;9947;10;9950;20;;;9943.5;0.0
yf_ZC=F_d4;17100;INTARIAN_PEPPER_ROOT;11018;7;11016;28;;;11024;17;11027;16;;;11021.0;0.0
yf_ZC=F_d4;17200;ASH_COATED_OSMIUM;9940;6;9938;12;;;9947;24;9951;24;;;9943.5;0.0
yf_ZC=F_d4;17200;INTARIAN_PEPPER_ROOT;11018;14;11015;16;;;11024;20;11027;25;;;11021.0;0.0
yf_ZC=F_d4;17300;ASH_COATED_OSMIUM;9940;6;9937;19;;;9946;11;9948;24;;;9943.0;0.0
yf_ZC=F_d4;17300;INTARIAN_PEPPER_ROOT;11013;12;11009;16;;;11029;20;11032;19;;;11021.0;0.0
yf_ZC=F_d4;17400;ASH_COATED_OSMIUM;9939;6;9935;23;;;9948;29;9952;21;;;9943.5;0.0
yf_ZC=F_d4;17400;INTARIAN_PEPPER_ROOT;11017;10;11013;24;;;11026;17;11029;16;;;11021.5;0.0
yf_ZC=F_d4;17500;ASH_COATED_OSMIUM;9935;8;9933;15;;;9951;12;9954;20;;;9943.0;0.0
yf_ZC=F_d4;17500;INTARIAN_PEPPER_ROOT;11016;17;11014;14;;;11027;8;11029;8;;;11021.5;0.0
yf_ZC=F_d4;17600;ASH_COATED_OSMIUM;9940;26;9937;21;;;9946;12;9949;10;;;9943.0;0.0
yf_ZC=F_d4;17600;INTARIAN_PEPPER_ROOT;11019;15;11016;13;;;11025;19;11029;17;;;11022.0;0.0
yf_ZC=F_d4;17700;ASH_COATED_OSMIUM;9940;23;9937;22;;;9946;13;9949;20;;;9943.0;0.0
yf_ZC=F_d4;17700;INTARIAN_PEPPER_ROOT;11019;18;11016;14;;;11025;14;11028;13;;;11022.0;0.0
yf_ZC=F_d4;17800;ASH_COATED_OSMIUM;9940;11;9937;15;;;9946;10;9948;22;;;9943.0;0.0
yf_ZC=F_d4;17800;INTARIAN_PEPPER_ROOT;11018;17;11015;21;;;11025;15;11029;20;;;11021.5;0.0
yf_ZC=F_d4;17900;ASH_COATED_OSMIUM;9940;7;9938;25;;;9946;12;9949;18;;;9943.0;0.0
yf_ZC=F_d4;17900;INTARIAN_PEPPER_ROOT;11019;5;11015;18;;;11025;19;11029;22;;;11022.0;0.0
yf_ZC=F_d4;18000;ASH_COATED_OSMIUM;9941;11;9938;16;;;9947;9;9949;16;;;9944.0;0.0
yf_ZC=F_d4;18000;INTARIAN_PEPPER_ROOT;11014;21;11010;14;;;11029;9;11031;22;;;11021.5;0.0
yf_ZC=F_d4;18100;ASH_COATED_OSMIUM;9934;16;9931;19;;;9952;15;9955;20;;;9943.0;0.0
yf_ZC=F_d4;18100;INTARIAN_PEPPER_ROOT;11013;19;11010;21;;;11031;20;11035;23;;;11022.0;0.0
yf_ZC=F_d4;18200;ASH_COATED_OSMIUM;9931;16;9927;15;;;9955;14;9959;22;;;9943.0;0.0
yf_ZC=F_d4;18200;INTARIAN_PEPPER_ROOT;11019;14;11016;13;;;11025;8;11027;24;;;11022.0;0.0
yf_ZC=F_d4;18300;ASH_COATED_OSMIUM;9936;25;9932;16;;;9950;10;9954;9;;;9943.0;0.0
yf_ZC=F_d4;18300;INTARIAN_PEPPER_ROOT;11014;15;11010;22;;;11032;24;11036;25;;;11023.0;0.0
yf_ZC=F_d4;18400;ASH_COATED_OSMIUM;9940;15;9937;25;;;9946;21;9948;19;;;9943.0;0.0
yf_ZC=F_d4;18400;INTARIAN_PEPPER_ROOT;11016;14;11012;12;;;11028;18;11030;20;;;11022.0;0.0
yf_ZC=F_d4;18500;ASH_COATED_OSMIUM;9940;19;9937;24;;;9946;20;9948;27;;;9943.0;0.0
yf_ZC=F_d4;18500;INTARIAN_PEPPER_ROOT;11015;14;11011;14;;;11031;13;11033;17;;;11023.0;0.0
yf_ZC=F_d4;18600;ASH_COATED_OSMIUM;9934;24;9930;16;;;9953;17;9957;23;;;9943.5;0.0
yf_ZC=F_d4;18600;INTARIAN_PEPPER_ROOT;11019;19;11017;18;;;11025;15;11027;16;;;11022.0;0.0
yf_ZC=F_d4;18700;ASH_COATED_OSMIUM;9940;11;9937;22;;;9946;11;9948;16;;;9943.0;0.0
yf_ZC=F_d4;18700;INTARIAN_PEPPER_ROOT;11020;23;11017;21;;;11026;17;11030;19;;;11023.0;0.0
yf_ZC=F_d4;18800;ASH_COATED_OSMIUM;9938;14;9934;21;;;9949;14;9953;30;;;9943.5;0.0
yf_ZC=F_d4;18800;INTARIAN_PEPPER_ROOT;11020;19;11018;22;;;11026;11;11028;21;;;11023.0;0.0
yf_ZC=F_d4;18900;ASH_COATED_OSMIUM;9940;19;9936;28;;;9946;15;9949;19;;;9943.0;0.0
yf_ZC=F_d4;18900;INTARIAN_PEPPER_ROOT;11020;7;11017;20;;;11026;15;11029;22;;;11023.0;0.0
yf_ZC=F_d4;19000;ASH_COATED_OSMIUM;9940;12;9937;13;;;9946;21;9950;14;;;9943.0;0.0
yf_ZC=F_d4;19000;INTARIAN_PEPPER_ROOT;11014;16;11011;28;;;11032;11;11035;20;;;11023.0;0.0
yf_ZC=F_d4;19100;ASH_COATED_OSMIUM;9936;10;9932;19;;;9949;8;9951;20;;;9942.5;0.0
yf_ZC=F_d4;19100;INTARIAN_PEPPER_ROOT;11020;12;11018;24;;;11026;20;11030;23;;;11023.0;0.0
yf_ZC=F_d4;19200;ASH_COATED_OSMIUM;9939;13;9936;19;;;9946;20;9950;27;;;9942.5;0.0
yf_ZC=F_d4;19200;INTARIAN_PEPPER_ROOT;11017;15;11014;22;;;11028;20;11030;22;;;11022.5;0.0
yf_ZC=F_d4;19300;ASH_COATED_OSMIUM;9932;15;9930;23;;;9954;17;9957;10;;;9943.0;0.0
yf_ZC=F_d4;19300;INTARIAN_PEPPER_ROOT;11020;7;11016;13;;;11026;15;11030;12;;;11023.0;0.0
yf_ZC=F_d4;19400;ASH_COATED_OSMIUM;9940;15;9937;20;;;9946;9;9950;22;;;9943.0;0.0
yf_ZC=F_d4;19400;INTARIAN_PEPPER_ROOT;11013;9;11009;20;;;11033;15;11035;16;;;11023.0;0.0
yf_ZC=F_d4;19500;ASH_COATED_OSMIUM;9940;18;9936;28;;;9946;16;9950;20;;;9943.0;0.0
yf_ZC=F_d4;19500;INTARIAN_PEPPER_ROOT;11020;13;11017;21;;;11026;16;11029;22;;;11023.0;0.0
yf_ZC=F_d4;19600;ASH_COATED_OSMIUM;9939;18;9935;25;;;9946;12;9948;22;;;9942.5;0.0
yf_ZC=F_d4;19600;INTARIAN_PEPPER_ROOT;11021;14;11019;14;;;11027;13;11029;15;;;11024.0;0.0
yf_ZC=F_d4;19700;ASH_COATED_OSMIUM;9939;11;9936;17;;;9945;11;9948;13;;;9942.0;0.0
yf_ZC=F_d4;19700;INTARIAN_PEPPER_ROOT;11019;18;11017;12;;;11028;11;11032;24;;;11023.5;0.0
yf_ZC=F_d4;19800;ASH_COATED_OSMIUM;9937;18;9933;14;;;9948;16;9951;12;;;9942.5;0.0
yf_ZC=F_d4;19800;INTARIAN_PEPPER_ROOT;11021;21;11017;29;;;11027;6;11031;22;;;11024.0;0.0
yf_ZC=F_d4;19900;ASH_COATED_OSMIUM;9931;8;9929;24;;;9954;10;9958;28;;;9942.5;0.0
yf_ZC=F_d4;19900;INTARIAN_PEPPER_ROOT;11016;20;11013;18;;;11031;17;11033;16;;;11023.5;0.0
yf_ZC=F_d4;20000;ASH_COATED_OSMIUM;9936;10;9934;18;;;9948;7;9950;15;;;9942.0;0.0
yf_ZC=F_d4;20000;INTARIAN_PEPPER_ROOT;11021;16;11017;25;;;11027;14;11030;22;;;11024.0;0.0
yf_ZC=F_d4;20100;ASH_COATED_OSMIUM;9939;14;9935;11;;;9945;7;9948;29;;;9942.0;0.0
yf_ZC=F_d4;20100;INTARIAN_PEPPER_ROOT;11021;18;11018;18;;;11027;13;11031;21;;;11024.0;0.0
yf_ZC=F_d4;20200;ASH_COATED_OSMIUM;9939;12;9937;13;;;9945;16;9947;18;;;9942.0;0.0
yf_ZC=F_d4;20200;INTARIAN_PEPPER_ROOT;11021;15;11017;8;;;11027;12;11030;16;;;11024.0;0.0
yf_ZC=F_d4;20300;ASH_COATED_OSMIUM;9937;22;9935;26;;;9948;19;9951;14;;;9942.5;0.0
yf_ZC=F_d4;20300;INTARIAN_PEPPER_ROOT;11021;22;11017;19;;;11027;12;11029;25;;;11024.0;0.0
yf_ZC=F_d4;20400;ASH_COATED_OSMIUM;9927;8;9925;18;;;9957;18;9961;17;;;9942.0;0.0
yf_ZC=F_d4;20400;INTARIAN_PEPPER_ROOT;11015;16;11012;27;;;11033;18;11035;13;;;11024.0;0.0
yf_ZC=F_d4;20500;ASH_COATED_OSMIUM;9938;5;9936;14;;;9945;19;9948;21;;;9941.5;0.0
yf_ZC=F_d4;20500;INTARIAN_PEPPER_ROOT;11021;12;11018;22;;;11027;19;11029;20;;;11024.0;0.0
yf_ZC=F_d4;20600;ASH_COATED_OSMIUM;9939;10;9936;16;;;9945;10;9947;21;;;9942.0;0.0
yf_ZC=F_d4;20600;INTARIAN_PEPPER_ROOT;11017;20;11015;28;;;11029;12;11032;21;;;11023.0;0.0
yf_ZC=F_d4;20700;ASH_COATED_OSMIUM;9939;8;9937;18;;;9945;18;9947;22;;;9942.0;0.0
yf_ZC=F_d4;20700;INTARIAN_PEPPER_ROOT;11018;14;11014;18;;;11030;15;11034;16;;;11024.0;0.0
yf_ZC=F_d4;20800;ASH_COATED_OSMIUM;9939;18;9935;23;;;9945;18;9949;24;;;9942.0;0.0
yf_ZC=F_d4;20800;INTARIAN_PEPPER_ROOT;11021;20;11017;18;;;11027;12;11031;15;;;11024.0;0.0
yf_ZC=F_d4;20900;ASH_COATED_OSMIUM;9938;12;9936;24;;;9945;11;9949;20;;;9941.5;0.0
yf_ZC=F_d4;20900;INTARIAN_PEPPER_ROOT;11021;15;11017;15;;;11028;13;11031;26;;;11024.5;0.0
yf_ZC=F_d4;21000;ASH_COATED_OSMIUM;9929;22;9925;20;;;9954;5;9957;14;;;9941.5;0.0
yf_ZC=F_d4;21000;INTARIAN_PEPPER_ROOT;11022;18;11020;13;;;11028;9;11032;16;;;11025.0;0.0
yf_ZC=F_d4;21100;ASH_COATED_OSMIUM;9930;9;9927;20;;;9954;16;9957;18;;;9942.0;0.0
yf_ZC=F_d4;21100;INTARIAN_PEPPER_ROOT;11021;13;11019;18;;;11027;5;11030;25;;;11024.0;0.0
yf_ZC=F_d4;21200;ASH_COATED_OSMIUM;9939;9;9937;17;;;9945;8;9949;19;;;9942.0;0.0
yf_ZC=F_d4;21200;INTARIAN_PEPPER_ROOT;11022;16;11018;19;;;11028;20;11030;20;;;11025.0;0.0
yf_ZC=F_d4;21300;ASH_COATED_OSMIUM;9939;15;9935;17;;;9945;17;9948;17;;;9942.0;0.0
yf_ZC=F_d4;21300;INTARIAN_PEPPER_ROOT;11011;8;11007;18;;;11037;11;11040;22;;;11024.0;0.0
yf_ZC=F_d4;21400;ASH_COATED_OSMIUM;9938;9;9934;19;;;9945;14;9947;25;;;9941.5;0.0
yf_ZC=F_d4;21400;INTARIAN_PEPPER_ROOT;11019;6;11016;19;;;11029;10;11031;20;;;11024.0;0.0
yf_ZC=F_d4;21500;ASH_COATED_OSMIUM;9937;17;9935;21;;;9946;7;9949;20;;;9941.5;0.0
yf_ZC=F_d4;21500;INTARIAN_PEPPER_ROOT;11018;16;11014;18;;;11031;14;11033;14;;;11024.5;0.0
yf_ZC=F_d4;21600;ASH_COATED_OSMIUM;9939;16;9936;22;;;9945;7;9947;14;;;9942.0;0.0
yf_ZC=F_d4;21600;INTARIAN_PEPPER_ROOT;11022;10;11020;15;;;11028;23;11030;16;;;11025.0;0.0
yf_ZC=F_d4;21700;ASH_COATED_OSMIUM;9938;9;9935;24;;;9945;26;9948;12;;;9941.5;0.0
yf_ZC=F_d4;21700;INTARIAN_PEPPER_ROOT;11022;9;11018;16;;;11028;17;11032;12;;;11025.0;0.0
yf_ZC=F_d4;21800;ASH_COATED_OSMIUM;9939;15;9937;21;;;9945;24;9947;20;;;9942.0;0.0
yf_ZC=F_d4;21800;INTARIAN_PEPPER_ROOT;11022;15;11018;18;;;11028;10;11032;26;;;11025.0;0.0
yf_ZC=F_d4;21900;ASH_COATED_OSMIUM;9939;21;9937;18;;;9945;13;9947;13;;;9942.0;0.0
yf_ZC=F_d4;21900;INTARIAN_PEPPER_ROOT;11022;14;11018;20;;;11028;8;11032;23;;;11025.0;0.0
yf_ZC=F_d4;22000;ASH_COATED_OSMIUM;9938;16;9935;20;;;9944;16;9947;20;;;9941.0;0.0
yf_ZC=F_d4;22000;INTARIAN_PEPPER_ROOT;11023;13;11020;21;;;11029;14;11032;11;;;11026.0;0.0
yf_ZC=F_d4;22100;ASH_COATED_OSMIUM;9938;12;9934;17;;;9944;15;9948;20;;;9941.0;0.0
yf_ZC=F_d4;22100;INTARIAN_PEPPER_ROOT;11019;14;11015;21;;;11031;15;11035;13;;;11025.0;0.0
yf_ZC=F_d4;22200;ASH_COATED_OSMIUM;9938;19;9935;19;;;9944;21;9946;14;;;9941.0;0.0
yf_ZC=F_d4;22200;INTARIAN_PEPPER_ROOT;11022;11;11019;23;;;11028;8;11031;23;;;11025.0;0.0
yf_ZC=F_d4;22300;ASH_COATED_OSMIUM;9933;7;9931;16;;;9950;20;9954;24;;;9941.5;0.0
yf_ZC=F_d4;22300;INTARIAN_PEPPER_ROOT;11022;9;11020;23;;;11028;20;11031;12;;;11025.0;0.0
yf_ZC=F_d4;22400;ASH_COATED_OSMIUM;9938;10;9934;14;;;9944;11;9947;22;;;9941.0;0.0
yf_ZC=F_d4;22400;INTARIAN_PEPPER_ROOT;11023;5;11021;18;;;11029;5;11031;22;;;11026.0;0.0
yf_ZC=F_d4;22500;ASH_COATED_OSMIUM;9938;18;9935;20;;;9944;17;9946;23;;;9941.0;0.0
yf_ZC=F_d4;22500;INTARIAN_PEPPER_ROOT;11010;14;11008;24;;;11042;10;11044;17;;;11026.0;0.0
yf_ZC=F_d4;22600;ASH_COATED_OSMIUM;9929;18;9926;21;;;9954;14;9957;23;;;9941.5;0.0
yf_ZC=F_d4;22600;INTARIAN_PEPPER_ROOT;11018;23;11015;16;;;11033;16;11036;15;;;11025.5;0.0
yf_ZC=F_d4;22700;ASH_COATED_OSMIUM;9938;8;9934;26;;;9944;22;9946;15;;;9941.0;0.0
yf_ZC=F_d4;22700;INTARIAN_PEPPER_ROOT;11022;18;11019;23;;;11029;11;11033;28;;;11025.5;0.0
yf_ZC=F_d4;22800;ASH_COATED_OSMIUM;9938;23;9935;22;;;9944;19;9946;27;;;9941.0;0.0
yf_ZC=F_d4;22800;INTARIAN_PEPPER_ROOT;11020;16;11017;17;;;11032;18;11036;10;;;11026.0;0.0
yf_ZC=F_d4;22900;ASH_COATED_OSMIUM;9936;16;9932;15;;;9945;16;9948;18;;;9940.5;0.0
yf_ZC=F_d4;22900;INTARIAN_PEPPER_ROOT;11022;9;11019;21;;;11029;15;11032;18;;;11025.5;0.0
yf_ZC=F_d4;23000;ASH_COATED_OSMIUM;9934;23;9931;31;;;9948;14;9950;21;;;9941.0;0.0
yf_ZC=F_d4;23000;INTARIAN_PEPPER_ROOT;11022;11;11018;17;;;11028;14;11031;12;;;11025.0;0.0
yf_ZC=F_d4;23100;ASH_COATED_OSMIUM;9938;25;9934;9;;;9944;6;9946;24;;;9941.0;0.0
yf_ZC=F_d4;23100;INTARIAN_PEPPER_ROOT;11023;10;11020;18;;;11029;13;11031;20;;;11026.0;0.0
yf_ZC=F_d4;23200;ASH_COATED_OSMIUM;9935;7;9932;12;;;9946;14;9950;16;;;9940.5;0.0
yf_ZC=F_d4;23200;INTARIAN_PEPPER_ROOT;11023;9;11021;17;;;11029;18;11031;18;;;11026.0;0.0
yf_ZC=F_d4;23300;ASH_COATED_OSMIUM;9934;20;9931;16;;;9948;19;9951;26;;;9941.0;0.0
yf_ZC=F_d4;23300;INTARIAN_PEPPER_ROOT;11020;23;11016;19;;;11031;21;11035;15;;;11025.5;0.0
yf_ZC=F_d4;23400;ASH_COATED_OSMIUM;9938;17;9936;19;;;9944;20;9948;17;;;9941.0;0.0
yf_ZC=F_d4;23400;INTARIAN_PEPPER_ROOT;11023;9;11020;15;;;11029;11;11032;18;;;11026.0;0.0
yf_ZC=F_d4;23500;ASH_COATED_OSMIUM;9937;13;9933;21;;;9943;15;9946;17;;;9940.0;0.0
yf_ZC=F_d4;23500;INTARIAN_PEPPER_ROOT;11023;23;11020;16;;;11029;16;11033;18;;;11026.0;0.0
yf_ZC=F_d4;23600;ASH_COATED_OSMIUM;9938;12;9936;13;;;9944;6;9948;12;;;9941.0;0.0
yf_ZC=F_d4;23600;INTARIAN_PEPPER_ROOT;11023;11;11021;24;;;11029;14;11032;20;;;11026.0;0.0
yf_ZC=F_d4;23700;ASH_COATED_OSMIUM;9933;14;9930;18;;;9948;11;9952;14;;;9940.5;0.0
yf_ZC=F_d4;23700;INTARIAN_PEPPER_ROOT;11023;12;11021;14;;;11029;9;11033;17;;;11026.0;0.0
yf_ZC=F_d4;23800;ASH_COATED_OSMIUM;9937;7;9933;17;;;9943;5;9945;15;;;9940.0;0.0
yf_ZC=F_d4;23800;INTARIAN_PEPPER_ROOT;11020;5;11018;15;;;11034;10;11037;20;;;11027.0;0.0
yf_ZC=F_d4;23900;ASH_COATED_OSMIUM;9937;15;9933;17;;;9943;7;9947;21;;;9940.0;0.0
yf_ZC=F_d4;23900;INTARIAN_PEPPER_ROOT;11024;11;11020;12;;;11030;24;11032;23;;;11027.0;0.0
yf_ZC=F_d4;24000;ASH_COATED_OSMIUM;9937;15;9933;28;;;9943;23;9945;24;;;9940.0;0.0
yf_ZC=F_d4;24000;INTARIAN_PEPPER_ROOT;11024;18;11020;26;;;11030;18;11034;17;;;11027.0;0.0
yf_ZC=F_d4;24100;ASH_COATED_OSMIUM;9938;26;9935;21;;;9944;14;9946;14;;;9941.0;0.0
yf_ZC=F_d4;24100;INTARIAN_PEPPER_ROOT;11024;6;11020;14;;;11030;21;11032;17;;;11027.0;0.0
yf_ZC=F_d4;24200;ASH_COATED_OSMIUM;9937;23;9935;18;;;9943;5;9947;17;;;9940.0;0.0
yf_ZC=F_d4;24200;INTARIAN_PEPPER_ROOT;11008;22;11005;18;;;11044;20;11047;19;;;11026.0;0.0
yf_ZC=F_d4;24300;ASH_COATED_OSMIUM;9937;17;9935;24;;;9943;23;9945;25;;;9940.0;0.0
yf_ZC=F_d4;24300;INTARIAN_PEPPER_ROOT;11024;13;11021;14;;;11030;19;11032;18;;;11027.0;0.0
yf_ZC=F_d4;24400;ASH_COATED_OSMIUM;9936;15;9934;8;;;9944;11;9948;11;;;9940.0;0.0
yf_ZC=F_d4;24400;INTARIAN_PEPPER_ROOT;11024;9;11020;17;;;11030;16;11032;10;;;11027.0;0.0
yf_ZC=F_d4;24500;ASH_COATED_OSMIUM;9933;22;9929;18;;;9947;5;9950;19;;;9940.0;0.0
yf_ZC=F_d4;24500;INTARIAN_PEPPER_ROOT;11024;11;11022;20;;;11030;5;11032;21;;;11027.0;0.0
yf_ZC=F_d4;24600;ASH_COATED_OSMIUM;9937;14;9934;25;;;9943;11;9946;19;;;9940.0;0.0
yf_ZC=F_d4;24600;INTARIAN_PEPPER_ROOT;11024;14;11020;18;;;11031;5;11035;17;;;11027.5;0.0
yf_ZC=F_d4;24700;ASH_COATED_OSMIUM;9937;11;9934;17;;;9943;24;9945;17;;;9940.0;0.0
yf_ZC=F_d4;24700;INTARIAN_PEPPER_ROOT;11024;8;11022;23;;;11030;14;11033;22;;;11027.0;0.0
yf_ZC=F_d4;24800;ASH_COATED_OSMIUM;9937;9;9934;33;;;9943;23;9946;21;;;9940.0;0.0
yf_ZC=F_d4;24800;INTARIAN_PEPPER_ROOT;11022;12;11020;23;;;11033;14;11035;18;;;11027.5;0.0
yf_ZC=F_d4;24900;ASH_COATED_OSMIUM;9937;24;9934;16;;;9943;14;9946;13;;;9940.0;0.0
yf_ZC=F_d4;24900;INTARIAN_PEPPER_ROOT;11024;15;11022;19;;;11030;16;11032;16;;;11027.0;0.0
yf_ZC=F_d4;25000;ASH_COATED_OSMIUM;9937;11;9934;11;;;9943;19;9946;19;;;9940.0;0.0
yf_ZC=F_d4;25000;INTARIAN_PEPPER_ROOT;11024;17;11020;23;;;11030;19;11032;24;;;11027.0;0.0
yf_ZC=F_d4;25100;ASH_COATED_OSMIUM;9937;13;9934;10;;;9943;11;9947;23;;;9940.0;0.0
yf_ZC=F_d4;25100;INTARIAN_PEPPER_ROOT;11024;7;11020;21;;;11030;16;11033;22;;;11027.0;0.0
yf_ZC=F_d4;25200;ASH_COATED_OSMIUM;9937;15;9935;13;;;9943;12;9947;19;;;9940.0;0.0
yf_ZC=F_d4;25200;INTARIAN_PEPPER_ROOT;11017;16;11015;17;;;11038;10;11040;16;;;11027.5;0.0
yf_ZC=F_d4;25300;ASH_COATED_OSMIUM;9937;14;9934;21;;;9943;16;9947;19;;;9940.0;0.0
yf_ZC=F_d4;25300;INTARIAN_PEPPER_ROOT;11023;13;11019;20;;;11033;21;11036;19;;;11028.0;0.0
yf_ZC=F_d4;25400;ASH_COATED_OSMIUM;9931;21;9928;22;;;9948;14;9952;31;;;9939.5;0.0
yf_ZC=F_d4;25400;INTARIAN_PEPPER_ROOT;11021;13;11017;21;;;11034;22;11038;22;;;11027.5;0.0
yf_ZC=F_d4;25500;ASH_COATED_OSMIUM;9935;19;9931;11;;;9945;16;9949;22;;;9940.0;0.0
yf_ZC=F_d4;25500;INTARIAN_PEPPER_ROOT;11024;17;11020;17;;;11031;11;11034;16;;;11027.5;0.0
yf_ZC=F_d4;25600;ASH_COATED_OSMIUM;9925;16;9923;19;;;9954;16;9957;24;;;9939.5;0.0
yf_ZC=F_d4;25600;INTARIAN_PEPPER_ROOT;11025;10;11021;19;;;11031;17;11033;20;;;11028.0;0.0
yf_ZC=F_d4;25700;ASH_COATED_OSMIUM;9936;25;9934;18;;;9942;8;9945;19;;;9939.0;0.0
yf_ZC=F_d4;25700;INTARIAN_PEPPER_ROOT;11022;16;11018;15;;;11034;21;11036;18;;;11028.0;0.0
yf_ZC=F_d4;25800;ASH_COATED_OSMIUM;9936;28;9932;24;;;9943;7;9946;10;;;9939.5;0.0
yf_ZC=F_d4;25800;INTARIAN_PEPPER_ROOT;11024;18;11021;15;;;11031;21;11033;25;;;11027.5;0.0
yf_ZC=F_d4;25900;ASH_COATED_OSMIUM;9929;7;9926;14;;;9950;11;9952;31;;;9939.5;0.0
yf_ZC=F_d4;25900;INTARIAN_PEPPER_ROOT;11023;11;11020;23;;;11035;8;11039;13;;;11029.0;0.0
yf_ZC=F_d4;26000;ASH_COATED_OSMIUM;9937;17;9933;31;;;9943;15;9945;8;;;9940.0;0.0
yf_ZC=F_d4;26000;INTARIAN_PEPPER_ROOT;11025;14;11021;14;;;11031;23;11033;18;;;11028.0;0.0
yf_ZC=F_d4;26100;ASH_COATED_OSMIUM;9936;5;9934;19;;;9942;12;9945;15;;;9939.0;0.0
yf_ZC=F_d4;26100;INTARIAN_PEPPER_ROOT;11023;12;11019;21;;;11033;19;11037;27;;;11028.0;0.0
yf_ZC=F_d4;26200;ASH_COATED_OSMIUM;9934;21;9931;22;;;9944;15;9947;14;;;9939.0;0.0
yf_ZC=F_d4;26200;INTARIAN_PEPPER_ROOT;11026;13;11024;22;;;11032;20;11036;22;;;11029.0;0.0
yf_ZC=F_d4;26300;ASH_COATED_OSMIUM;9935;6;9932;19;;;9942;11;9946;26;;;9938.5;0.0
yf_ZC=F_d4;26300;INTARIAN_PEPPER_ROOT;11025;5;11021;11;;;11031;6;11034;16;;;11028.0;0.0
yf_ZC=F_d4;26400;ASH_COATED_OSMIUM;9935;13;9932;15;;;9943;27;9946;16;;;9939.0;0.0
yf_ZC=F_d4;26400;INTARIAN_PEPPER_ROOT;11026;17;11022;14;;;11032;12;11035;11;;;11029.0;0.0
yf_ZC=F_d4;26500;ASH_COATED_OSMIUM;9936;7;9934;25;;;9942;18;9945;18;;;9939.0;0.0
yf_ZC=F_d4;26500;INTARIAN_PEPPER_ROOT;11025;15;11021;21;;;11031;16;11033;14;;;11028.0;0.0
yf_ZC=F_d4;26600;ASH_COATED_OSMIUM;9937;22;9935;21;;;9943;17;9945;25;;;9940.0;0.0
yf_ZC=F_d4;26600;INTARIAN_PEPPER_ROOT;11018;15;11014;17;;;11040;16;11044;15;;;11029.0;0.0
yf_ZC=F_d4;26700;ASH_COATED_OSMIUM;9936;17;9934;23;;;9942;12;9945;12;;;9939.0;0.0
yf_ZC=F_d4;26700;INTARIAN_PEPPER_ROOT;11026;7;11023;17;;;11032;13;11035;15;;;11029.0;0.0
yf_ZC=F_d4;26800;ASH_COATED_OSMIUM;9936;14;9933;25;;;9943;16;9945;22;;;9939.5;0.0
yf_ZC=F_d4;26800;INTARIAN_PEPPER_ROOT;11026;15;11022;25;;;11032;12;11036;21;;;11029.0;0.0
yf_ZC=F_d4;26900;ASH_COATED_OSMIUM;9935;17;9933;8;;;9943;18;9946;14;;;9939.0;0.0
yf_ZC=F_d4;26900;INTARIAN_PEPPER_ROOT;11026;22;11022;16;;;11032;7;11035;21;;;11029.0;0.0
yf_ZC=F_d4;27000;ASH_COATED_OSMIUM;9936;24;9934;14;;;9942;7;9944;20;;;9939.0;0.0
yf_ZC=F_d4;27000;INTARIAN_PEPPER_ROOT;11024;18;11020;21;;;11034;19;11036;24;;;11029.0;0.0
yf_ZC=F_d4;27100;ASH_COATED_OSMIUM;9936;16;9934;22;;;9942;13;9945;18;;;9939.0;0.0
yf_ZC=F_d4;27100;INTARIAN_PEPPER_ROOT;11014;21;11011;13;;;11044;26;11048;20;;;11029.0;0.0
yf_ZC=F_d4;27200;ASH_COATED_OSMIUM;9935;8;9932;17;;;9941;10;9943;20;;;9938.0;0.0
yf_ZC=F_d4;27200;INTARIAN_PEPPER_ROOT;11025;19;11021;20;;;11033;20;11036;14;;;11029.0;0.0
yf_ZC=F_d4;27300;ASH_COATED_OSMIUM;9921;16;9917;21;;;9958;14;9962;25;;;9939.5;0.0
yf_ZC=F_d4;27300;INTARIAN_PEPPER_ROOT;11025;12;11021;20;;;11031;8;11033;12;;;11028.0;0.0
yf_ZC=F_d4;27400;ASH_COATED_OSMIUM;9932;16;9929;13;;;9946;13;9948;16;;;9939.0;0.0
yf_ZC=F_d4;27400;INTARIAN_PEPPER_ROOT;11024;13;11022;30;;;11035;9;11039;15;;;11029.5;0.0
yf_ZC=F_d4;27500;ASH_COATED_OSMIUM;9936;18;9934;8;;;9942;16;9944;20;;;9939.0;0.0
yf_ZC=F_d4;27500;INTARIAN_PEPPER_ROOT;11026;15;11023;19;;;11034;16;11036;19;;;11030.0;0.0
yf_ZC=F_d4;27600;ASH_COATED_OSMIUM;9932;24;9929;15;;;9945;8;9947;23;;;9938.5;0.0
yf_ZC=F_d4;27600;INTARIAN_PEPPER_ROOT;11023;11;11019;23;;;11036;11;11040;17;;;11029.5;0.0
yf_ZC=F_d4;27700;ASH_COATED_OSMIUM;9935;19;9931;23;;;9941;16;9944;20;;;9938.0;0.0
yf_ZC=F_d4;27700;INTARIAN_PEPPER_ROOT;11026;12;11024;19;;;11032;6;11035;19;;;11029.0;0.0
yf_ZC=F_d4;27800;ASH_COATED_OSMIUM;9935;12;9933;9;;;9941;10;9945;14;;;9938.0;0.0
yf_ZC=F_d4;27800;INTARIAN_PEPPER_ROOT;11027;12;11024;18;;;11034;12;11037;27;;;11030.5;0.0
yf_ZC=F_d4;27900;ASH_COATED_OSMIUM;9934;9;9930;12;;;9943;14;9946;25;;;9938.5;0.0
yf_ZC=F_d4;27900;INTARIAN_PEPPER_ROOT;11018;15;11016;22;;;11042;16;11046;26;;;11030.0;0.0
yf_ZC=F_d4;28000;ASH_COATED_OSMIUM;9936;14;9933;16;;;9942;16;9945;16;;;9939.0;0.0
yf_ZC=F_d4;28000;INTARIAN_PEPPER_ROOT;11026;10;11022;20;;;11032;13;11036;28;;;11029.0;0.0
yf_ZC=F_d4;28100;ASH_COATED_OSMIUM;9936;19;9932;21;;;9942;21;9945;28;;;9939.0;0.0
yf_ZC=F_d4;28100;INTARIAN_PEPPER_ROOT;11027;8;11024;21;;;11033;15;11037;18;;;11030.0;0.0
yf_ZC=F_d4;28200;ASH_COATED_OSMIUM;9935;19;9933;14;;;9941;17;9943;22;;;9938.0;0.0
yf_ZC=F_d4;28200;INTARIAN_PEPPER_ROOT;11027;18;11023;12;;;11033;20;11037;19;;;11030.0;0.0
yf_ZC=F_d4;28300;ASH_COATED_OSMIUM;9935;5;9933;19;;;9941;10;9943;21;;;9938.0;0.0
yf_ZC=F_d4;28300;INTARIAN_PEPPER_ROOT;11028;19;11024;22;;;11034;21;11038;18;;;11031.0;0.0
yf_ZC=F_d4;28400;ASH_COATED_OSMIUM;9935;19;9933;23;;;9942;7;9945;18;;;9938.5;0.0
yf_ZC=F_d4;28400;INTARIAN_PEPPER_ROOT;11022;12;11020;17;;;11038;18;11040;21;;;11030.0;0.0
yf_ZC=F_d4;28500;ASH_COATED_OSMIUM;9935;18;9932;14;;;9941;15;9944;19;;;9938.0;0.0
yf_ZC=F_d4;28500;INTARIAN_PEPPER_ROOT;11025;12;11022;20;;;11035;11;11039;17;;;11030.0;0.0
yf_ZC=F_d4;28600;ASH_COATED_OSMIUM;9935;21;9932;10;;;9941;10;9943;22;;;9938.0;0.0
yf_ZC=F_d4;28600;INTARIAN_PEPPER_ROOT;11027;16;11024;21;;;11033;22;11036;15;;;11030.0;0.0
yf_ZC=F_d4;28700;ASH_COATED_OSMIUM;9934;14;9931;28;;;9941;11;9944;25;;;9937.5;0.0
yf_ZC=F_d4;28700;INTARIAN_PEPPER_ROOT;11020;20;11017;24;;;11041;8;11044;29;;;11030.5;0.0
yf_ZC=F_d4;28800;ASH_COATED_OSMIUM;9932;27;9930;21;;;9945;10;9947;15;;;9938.5;0.0
yf_ZC=F_d4;28800;INTARIAN_PEPPER_ROOT;11028;5;11025;19;;;11034;21;11037;25;;;11031.0;0.0
yf_ZC=F_d4;28900;ASH_COATED_OSMIUM;9935;7;9931;25;;;9943;17;9945;22;;;9939.0;0.0
yf_ZC=F_d4;28900;INTARIAN_PEPPER_ROOT;11023;13;11020;10;;;11038;17;11040;11;;;11030.5;0.0
yf_ZC=F_d4;29000;ASH_COATED_OSMIUM;9935;6;9932;23;;;9941;14;9945;17;;;9938.0;0.0
yf_ZC=F_d4;29000;INTARIAN_PEPPER_ROOT;11028;8;11024;19;;;11034;18;11037;23;;;11031.0;0.0
yf_ZC=F_d4;29100;ASH_COATED_OSMIUM;9933;18;9930;18;;;9943;7;9945;14;;;9938.0;0.0
yf_ZC=F_d4;29100;INTARIAN_PEPPER_ROOT;11027;11;11025;22;;;11033;13;11037;15;;;11030.0;0.0
yf_ZC=F_d4;29200;ASH_COATED_OSMIUM;9935;15;9931;16;;;9941;5;9943;12;;;9938.0;0.0
yf_ZC=F_d4;29200;INTARIAN_PEPPER_ROOT;11028;21;11026;12;;;11034;17;11037;19;;;11031.0;0.0
yf_ZC=F_d4;29300;ASH_COATED_OSMIUM;9935;6;9933;25;;;9941;18;9944;24;;;9938.0;0.0
yf_ZC=F_d4;29300;INTARIAN_PEPPER_ROOT;11028;9;11024;22;;;11034;17;11037;18;;;11031.0;0.0
yf_ZC=F_d4;29400;ASH_COATED_OSMIUM;9934;18;9930;15;;;9941;15;9944;17;;;9937.5;0.0
yf_ZC=F_d4;29400;INTARIAN_PEPPER_ROOT;11028;19;11024;15;;;11034;11;11036;24;;;11031.0;0.0
yf_ZC=F_d4;29500;ASH_COATED_OSMIUM;9932;19;9928;16;;;9942;6;9946;9;;;9937.0;0.0
yf_ZC=F_d4;29500;INTARIAN_PEPPER_ROOT;11028;12;11025;18;;;11034;5;11038;21;;;11031.0;0.0
yf_ZC=F_d4;29600;ASH_COATED_OSMIUM;9934;8;9932;19;;;9940;7;9942;13;;;9937.0;0.0
yf_ZC=F_d4;29600;INTARIAN_PEPPER_ROOT;11028;20;11024;21;;;11034;10;11038;17;;;11031.0;0.0
yf_ZC=F_d4;29700;ASH_COATED_OSMIUM;9931;8;9927;16;;;9944;17;9946;24;;;9937.5;0.0
yf_ZC=F_d4;29700;INTARIAN_PEPPER_ROOT;11028;8;11025;16;;;11034;19;11037;15;;;11031.0;0.0
yf_ZC=F_d4;29800;ASH_COATED_OSMIUM;9931;18;9929;13;;;9943;21;9945;27;;;9937.0;0.0
yf_ZC=F_d4;29800;INTARIAN_PEPPER_ROOT;11025;10;11021;21;;;11037;17;11041;16;;;11031.0;0.0
yf_ZC=F_d4;29900;ASH_COATED_OSMIUM;9932;12;9928;28;;;9944;15;9946;21;;;9938.0;0.0
yf_ZC=F_d4;29900;INTARIAN_PEPPER_ROOT;11028;19;11024;11;;;11034;14;11038;18;;;11031.0;0.0
yf_ZC=F_d4;30000;ASH_COATED_OSMIUM;9935;15;9931;25;;;9941;12;9943;17;;;9938.0;0.0
yf_ZC=F_d4;30000;INTARIAN_PEPPER_ROOT;11029;17;11026;19;;;11035;20;11038;25;;;11032.0;0.0
yf_ZC=F_d4;30100;ASH_COATED_OSMIUM;9935;21;9933;15;;;9941;13;9943;21;;;9938.0;0.0
yf_ZC=F_d4;30100;INTARIAN_PEPPER_ROOT;11026;14;11024;27;;;11036;6;11039;25;;;11031.0;0.0
yf_ZC=F_d4;30200;ASH_COATED_OSMIUM;9935;14;9933;17;;;9941;5;9945;26;;;9938.0;0.0
yf_ZC=F_d4;30200;INTARIAN_PEPPER_ROOT;11029;14;11026;12;;;11035;13;11039;15;;;11032.0;0.0
yf_ZC=F_d4;30300;ASH_COATED_OSMIUM;9929;10;9927;22;;;9946;10;9949;17;;;9937.5;0.0
yf_ZC=F_d4;30300;INTARIAN_PEPPER_ROOT;11029;12;11026;25;;;11035;12;11037;11;;;11032.0;0.0
yf_ZC=F_d4;30400;ASH_COATED_OSMIUM;9923;5;9921;15;;;9951;21;9953;11;;;9937.0;0.0
yf_ZC=F_d4;30400;INTARIAN_PEPPER_ROOT;11026;17;11022;18;;;11038;14;11042;26;;;11032.0;0.0
yf_ZC=F_d4;30500;ASH_COATED_OSMIUM;9934;18;9931;20;;;9940;17;9942;21;;;9937.0;0.0
yf_ZC=F_d4;30500;INTARIAN_PEPPER_ROOT;11028;16;11024;17;;;11034;11;11038;22;;;11031.0;0.0
yf_ZC=F_d4;30600;ASH_COATED_OSMIUM;9925;10;9922;9;;;9948;23;9951;15;;;9936.5;0.0
yf_ZC=F_d4;30600;INTARIAN_PEPPER_ROOT;11028;14;11026;26;;;11034;23;11037;21;;;11031.0;0.0
yf_ZC=F_d4;30700;ASH_COATED_OSMIUM;9930;15;9926;19;;;9944;17;9948;12;;;9937.0;0.0
yf_ZC=F_d4;30700;INTARIAN_PEPPER_ROOT;11029;17;11025;14;;;11035;12;11037;20;;;11032.0;0.0
yf_ZC=F_d4;30800;ASH_COATED_OSMIUM;9934;19;9932;22;;;9940;19;9943;27;;;9937.0;0.0
yf_ZC=F_d4;30800;INTARIAN_PEPPER_ROOT;11029;22;11027;14;;;11035;15;11037;21;;;11032.0;0.0
yf_ZC=F_d4;30900;ASH_COATED_OSMIUM;9934;19;9930;24;;;9940;6;9942;23;;;9937.0;0.0
yf_ZC=F_d4;30900;INTARIAN_PEPPER_ROOT;11029;20;11027;23;;;11035;17;11039;18;;;11032.0;0.0
yf_ZC=F_d4;31000;ASH_COATED_OSMIUM;9934;12;9930;19;;;9940;25;9944;11;;;9937.0;0.0
yf_ZC=F_d4;31000;INTARIAN_PEPPER_ROOT;11029;9;11025;24;;;11035;12;11039;19;;;11032.0;0.0
yf_ZC=F_d4;31100;ASH_COATED_OSMIUM;9934;16;9932;19;;;9940;9;9942;20;;;9937.0;0.0
yf_ZC=F_d4;31100;INTARIAN_PEPPER_ROOT;11029;9;11027;17;;;11035;17;11039;17;;;11032.0;0.0
yf_ZC=F_d4;31200;ASH_COATED_OSMIUM;9934;8;9932;18;;;9940;12;9943;12;;;9937.0;0.0
yf_ZC=F_d4;31200;INTARIAN_PEPPER_ROOT;11026;9;11022;21;;;11037;15;11040;20;;;11031.5;0.0
yf_ZC=F_d4;31300;ASH_COATED_OSMIUM;9934;13;9932;19;;;9940;12;9944;14;;;9937.0;0.0
yf_ZC=F_d4;31300;INTARIAN_PEPPER_ROOT;11029;13;11026;16;;;11035;22;11038;24;;;11032.0;0.0
yf_ZC=F_d4;31400;ASH_COATED_OSMIUM;9934;20;9931;27;;;9940;16;9943;18;;;9937.0;0.0
yf_ZC=F_d4;31400;INTARIAN_PEPPER_ROOT;11030;8;11026;18;;;11036;21;11039;13;;;11033.0;0.0
yf_ZC=F_d4;31500;ASH_COATED_OSMIUM;9934;14;9931;18;;;9940;17;9942;18;;;9937.0;0.0
yf_ZC=F_d4;31500;INTARIAN_PEPPER_ROOT;11030;18;11027;21;;;11036;18;11039;17;;;11033.0;0.0
yf_ZC=F_d4;31600;ASH_COATED_OSMIUM;9934;14;9930;11;;;9940;20;9942;23;;;9937.0;0.0
yf_ZC=F_d4;31600;INTARIAN_PEPPER_ROOT;11030;12;11026;18;;;11036;10;11038;23;;;11033.0;0.0
yf_ZC=F_d4;31700;ASH_COATED_OSMIUM;9934;14;9930;9;;;9940;15;9942;15;;;9937.0;0.0
yf_ZC=F_d4;31700;INTARIAN_PEPPER_ROOT;11023;15;11020;27;;;11042;11;11046;21;;;11032.5;0.0
yf_ZC=F_d4;31800;ASH_COATED_OSMIUM;9934;20;9930;17;;;9940;16;9943;17;;;9937.0;0.0
yf_ZC=F_d4;31800;INTARIAN_PEPPER_ROOT;11030;17;11026;13;;;11036;13;11038;22;;;11033.0;0.0
yf_ZC=F_d4;31900;ASH_COATED_OSMIUM;9934;15;9932;16;;;9940;19;9943;18;;;9937.0;0.0
yf_ZC=F_d4;31900;INTARIAN_PEPPER_ROOT;11028;15;11024;24;;;11037;15;11041;19;;;11032.5;0.0
yf_ZC=F_d4;32000;ASH_COATED_OSMIUM;9934;12;9932;19;;;9940;18;9942;30;;;9937.0;0.0
yf_ZC=F_d4;32000;INTARIAN_PEPPER_ROOT;11030;12;11026;18;;;11036;8;11040;17;;;11033.0;0.0
yf_ZC=F_d4;32100;ASH_COATED_OSMIUM;9934;20;9930;17;;;9940;15;9944;20;;;9937.0;0.0
yf_ZC=F_d4;32100;INTARIAN_PEPPER_ROOT;11029;14;11025;19;;;11037;15;11040;22;;;11033.0;0.0
yf_ZC=F_d4;32200;ASH_COATED_OSMIUM;9934;14;9931;19;;;9940;5;9943;13;;;9937.0;0.0
yf_ZC=F_d4;32200;INTARIAN_PEPPER_ROOT;11030;5;11027;14;;;11036;10;11038;14;;;11033.0;0.0
yf_ZC=F_d4;32300;ASH_COATED_OSMIUM;9925;6;9921;15;;;9949;22;9951;17;;;9937.0;0.0
yf_ZC=F_d4;32300;INTARIAN_PEPPER_ROOT;11030;9;11027;24;;;11036;17;11040;29;;;11033.0;0.0
yf_ZC=F_d4;32400;ASH_COATED_OSMIUM;9931;25;9928;12;;;9943;12;9945;22;;;9937.0;0.0
yf_ZC=F_d4;32400;INTARIAN_PEPPER_ROOT;11030;5;11027;14;;;11036;11;11038;19;;;11033.0;0.0
yf_ZC=F_d4;32500;ASH_COATED_OSMIUM;9932;9;9930;16;;;9939;14;9943;28;;;9935.5;0.0
yf_ZC=F_d4;32500;INTARIAN_PEPPER_ROOT;11031;13;11027;14;;;11037;15;11039;8;;;11034.0;0.0
yf_ZC=F_d4;32600;ASH_COATED_OSMIUM;9934;11;9930;10;;;9940;13;9942;8;;;9937.0;0.0
yf_ZC=F_d4;32600;INTARIAN_PEPPER_ROOT;11031;20;11029;29;;;11037;9;11041;15;;;11034.0;0.0
yf_ZC=F_d4;32700;ASH_COATED_OSMIUM;9932;10;9929;17;;;9940;18;9944;21;;;9936.0;0.0
yf_ZC=F_d4;32700;INTARIAN_PEPPER_ROOT;11030;19;11028;20;;;11036;7;11039;15;;;11033.0;0.0
yf_ZC=F_d4;32800;ASH_COATED_OSMIUM;9928;13;9925;20;;;9945;22;9948;19;;;9936.5;0.0
yf_ZC=F_d4;32800;INTARIAN_PEPPER_ROOT;11031;7;11028;20;;;11037;13;11039;29;;;11034.0;0.0
yf_ZC=F_d4;32900;ASH_COATED_OSMIUM;9933;11;9931;17;;;9939;15;9941;19;;;9936.0;0.0
yf_ZC=F_d4;32900;INTARIAN_PEPPER_ROOT;11031;10;11028;26;;;11037;16;11040;21;;;11034.0;0.0
yf_ZC=F_d4;33000;ASH_COATED_OSMIUM;9932;16;9930;30;;;9940;10;9942;28;;;9936.0;0.0
yf_ZC=F_d4;33000;INTARIAN_PEPPER_ROOT;11026;20;11023;21;;;11042;15;11045;17;;;11034.0;0.0
yf_ZC=F_d4;33100;ASH_COATED_OSMIUM;9931;6;9928;12;;;9941;11;9944;20;;;9936.0;0.0
yf_ZC=F_d4;33100;INTARIAN_PEPPER_ROOT;11026;19;11024;21;;;11041;13;11045;19;;;11033.5;0.0
yf_ZC=F_d4;33200;ASH_COATED_OSMIUM;9933;18;9931;26;;;9939;9;9942;24;;;9936.0;0.0
yf_ZC=F_d4;33200;INTARIAN_PEPPER_ROOT;11027;15;11024;14;;;11040;22;11044;24;;;11033.5;0.0
yf_ZC=F_d4;33300;ASH_COATED_OSMIUM;9933;15;9931;21;;;9939;11;9943;8;;;9936.0;0.0
yf_ZC=F_d4;33300;INTARIAN_PEPPER_ROOT;11031;10;11027;27;;;11037;28;11041;30;;;11034.0;0.0
yf_ZC=F_d4;33400;ASH_COATED_OSMIUM;9933;11;9930;13;;;9939;8;9941;23;;;9936.0;0.0
yf_ZC=F_d4;33400;INTARIAN_PEPPER_ROOT;11031;13;11027;19;;;11037;15;11039;19;;;11034.0;0.0
yf_ZC=F_d4;33500;ASH_COATED_OSMIUM;9933;6;9930;23;;;9939;8;9942;16;;;9936.0;0.0
yf_ZC=F_d4;33500;INTARIAN_PEPPER_ROOT;11031;6;11029;24;;;11037;6;11039;20;;;11034.0;0.0
yf_ZC=F_d4;33600;ASH_COATED_OSMIUM;9931;19;9927;22;;;9940;15;9944;20;;;9935.5;0.0
yf_ZC=F_d4;33600;INTARIAN_PEPPER_ROOT;11031;23;11027;19;;;11037;12;11039;17;;;11034.0;0.0
yf_ZC=F_d4;33700;ASH_COATED_OSMIUM;9932;11;9929;18;;;9940;14;9944;26;;;9936.0;0.0
yf_ZC=F_d4;33700;INTARIAN_PEPPER_ROOT;11030;12;11027;18;;;11038;16;11040;17;;;11034.0;0.0
yf_ZC=F_d4;33800;ASH_COATED_OSMIUM;9933;18;9931;15;;;9939;19;9941;18;;;9936.0;0.0
yf_ZC=F_d4;33800;INTARIAN_PEPPER_ROOT;11027;23;11023;19;;;11041;6;11044;26;;;11034.0;0.0
yf_ZC=F_d4;33900;ASH_COATED_OSMIUM;9933;6;9929;16;;;9939;16;9943;21;;;9936.0;0.0
yf_ZC=F_d4;33900;INTARIAN_PEPPER_ROOT;11027;15;11023;26;;;11040;18;11043;28;;;11033.5;0.0
yf_ZC=F_d4;34000;ASH_COATED_OSMIUM;9932;19;9929;13;;;9939;19;9943;17;;;9935.5;0.0
yf_ZC=F_d4;34000;INTARIAN_PEPPER_ROOT;11031;11;11028;17;;;11037;19;11040;26;;;11034.0;0.0
yf_ZC=F_d4;34100;ASH_COATED_OSMIUM;9932;11;9929;20;;;9938;9;9941;11;;;9935.0;0.0
yf_ZC=F_d4;34100;INTARIAN_PEPPER_ROOT;11030;11;11027;24;;;11036;12;11040;26;;;11033.0;0.0
yf_ZC=F_d4;34200;ASH_COATED_OSMIUM;9933;19;9929;25;;;9939;19;9943;25;;;9936.0;0.0
yf_ZC=F_d4;34200;INTARIAN_PEPPER_ROOT;11026;14;11022;16;;;11038;17;11041;27;;;11032.0;0.0
yf_ZC=F_d4;34300;ASH_COATED_OSMIUM;9933;7;9931;17;;;9940;13;9943;14;;;9936.5;0.0
yf_ZC=F_d4;34300;INTARIAN_PEPPER_ROOT;11026;5;11024;22;;;11037;19;11041;18;;;11031.5;0.0
yf_ZC=F_d4;34400;ASH_COATED_OSMIUM;9932;17;9930;16;;;9938;11;9942;29;;;9935.0;0.0
yf_ZC=F_d4;34400;INTARIAN_PEPPER_ROOT;11027;11;11023;15;;;11033;18;11035;21;;;11030.0;0.0
yf_ZC=F_d4;34500;ASH_COATED_OSMIUM;9933;16;9930;17;;;9939;14;9943;19;;;9936.0;0.0
yf_ZC=F_d4;34500;INTARIAN_PEPPER_ROOT;11026;9;11022;17;;;11032;14;11036;23;;;11029.0;0.0
yf_ZC=F_d4;34600;ASH_COATED_OSMIUM;9923;18;9919;23;;;9950;12;9953;15;;;9936.5;0.0
yf_ZC=F_d4;34600;INTARIAN_PEPPER_ROOT;11023;6;11021;28;;;11035;19;11037;25;;;11029.0;0.0
yf_ZC=F_d4;34700;ASH_COATED_OSMIUM;9932;12;9928;12;;;9941;14;9944;26;;;9936.5;0.0
yf_ZC=F_d4;34700;INTARIAN_PEPPER_ROOT;11024;11;11021;11;;;11033;18;11035;20;;;11028.5;0.0
yf_ZC=F_d4;34800;ASH_COATED_OSMIUM;9928;17;9924;16;;;9945;7;9949;29;;;9936.5;0.0
yf_ZC=F_d4;34800;INTARIAN_PEPPER_ROOT;11021;14;11019;20;;;11033;20;11035;28;;;11027.0;0.0
yf_ZC=F_d4;34900;ASH_COATED_OSMIUM;9925;19;9922;16;;;9949;22;9953;27;;;9937.0;0.0
yf_ZC=F_d4;34900;INTARIAN_PEPPER_ROOT;11023;16;11020;25;;;11029;22;11033;16;;;11026.0;0.0
yf_ZC=F_d4;35000;ASH_COATED_OSMIUM;9933;25;9930;16;;;9939;15;9942;28;;;9936.0;0.0
yf_ZC=F_d4;35000;INTARIAN_PEPPER_ROOT;11023;17;11019;19;;;11029;12;11032;14;;;11026.0;0.0
yf_ZC=F_d4;35100;ASH_COATED_OSMIUM;9934;10;9930;14;;;9940;15;9942;23;;;9937.0;0.0
yf_ZC=F_d4;35100;INTARIAN_PEPPER_ROOT;11022;15;11018;19;;;11028;12;11031;17;;;11025.0;0.0
yf_ZC=F_d4;35200;ASH_COATED_OSMIUM;9932;15;9929;16;;;9942;9;9946;22;;;9937.0;0.0
yf_ZC=F_d4;35200;INTARIAN_PEPPER_ROOT;11021;15;11019;24;;;11027;19;11031;27;;;11024.0;0.0
yf_ZC=F_d4;35300;ASH_COATED_OSMIUM;9930;13;9927;24;;;9944;26;9948;24;;;9937.0;0.0
yf_ZC=F_d4;35300;INTARIAN_PEPPER_ROOT;11021;18;11017;19;;;11027;14;11031;10;;;11024.0;0.0
yf_ZC=F_d4;35400;ASH_COATED_OSMIUM;9931;17;9928;21;;;9941;8;9945;19;;;9936.0;0.0
yf_ZC=F_d4;35400;INTARIAN_PEPPER_ROOT;11018;21;11014;23;;;11028;19;11030;19;;;11023.0;0.0
yf_ZC=F_d4;35500;ASH_COATED_OSMIUM;9934;10;9930;11;;;9940;10;9944;21;;;9937.0;0.0
yf_ZC=F_d4;35500;INTARIAN_PEPPER_ROOT;11013;22;11011;22;;;11029;21;11031;15;;;11021.0;0.0
yf_ZC=F_d4;35600;ASH_COATED_OSMIUM;9933;19;9930;16;;;9941;17;9944;24;;;9937.0;0.0
yf_ZC=F_d4;35600;INTARIAN_PEPPER_ROOT;11018;17;11016;22;;;11024;14;11027;15;;;11021.0;0.0
yf_ZC=F_d4;35700;ASH_COATED_OSMIUM;9934;9;9930;17;;;9940;14;9943;19;;;9937.0;0.0
yf_ZC=F_d4;35700;INTARIAN_PEPPER_ROOT;11013;12;11011;15;;;11027;14;11031;9;;;11020.0;0.0
yf_ZC=F_d4;35800;ASH_COATED_OSMIUM;9934;20;9931;22;;;9940;15;9943;17;;;9937.0;0.0
yf_ZC=F_d4;35800;INTARIAN_PEPPER_ROOT;11016;13;11013;17;;;11023;12;11027;22;;;11019.5;0.0
yf_ZC=F_d4;35900;ASH_COATED_OSMIUM;9935;22;9931;15;;;9941;20;9945;21;;;9938.0;0.0
yf_ZC=F_d4;35900;INTARIAN_PEPPER_ROOT;11016;14;11014;26;;;11022;5;11025;18;;;11019.0;0.0
yf_ZC=F_d4;36000;ASH_COATED_OSMIUM;9934;9;9932;22;;;9940;22;9942;15;;;9937.0;0.0
yf_ZC=F_d4;36000;INTARIAN_PEPPER_ROOT;11015;21;11013;21;;;11021;5;11025;17;;;11018.0;0.0
yf_ZC=F_d4;36100;ASH_COATED_OSMIUM;9934;17;9930;23;;;9940;19;9942;23;;;9937.0;0.0
yf_ZC=F_d4;36100;INTARIAN_PEPPER_ROOT;10994;5;10991;15;;;11040;23;11042;12;;;11017.0;0.0
yf_ZC=F_d4;36200;ASH_COATED_OSMIUM;9931;16;9929;27;;;9944;16;9948;32;;;9937.5;0.0
yf_ZC=F_d4;36200;INTARIAN_PEPPER_ROOT;11011;20;11007;15;;;11021;20;11025;19;;;11016.0;0.0
yf_ZC=F_d4;36300;ASH_COATED_OSMIUM;9934;7;9930;23;;;9940;5;9943;20;;;9937.0;0.0
yf_ZC=F_d4;36300;INTARIAN_PEPPER_ROOT;11012;9;11010;22;;;11018;12;11022;15;;;11015.0;0.0
yf_ZC=F_d4;36400;ASH_COATED_OSMIUM;9932;14;9928;11;;;9943;18;9946;17;;;9937.5;0.0
yf_ZC=F_d4;36400;INTARIAN_PEPPER_ROOT;11012;11;11008;22;;;11018;24;11020;18;;;11015.0;0.0
yf_ZC=F_d4;36500;ASH_COATED_OSMIUM;9934;11;9932;18;;;9942;10;9945;19;;;9938.0;0.0
yf_ZC=F_d4;36500;INTARIAN_PEPPER_ROOT;11011;13;11007;19;;;11017;6;11019;24;;;11014.0;0.0
yf_ZC=F_d4;36600;ASH_COATED_OSMIUM;9934;10;9932;15;;;9940;16;9944;22;;;9937.0;0.0
yf_ZC=F_d4;36600;INTARIAN_PEPPER_ROOT;11005;15;11002;14;;;11023;19;11027;25;;;11014.0;0.0
yf_ZC=F_d4;36700;ASH_COATED_OSMIUM;9935;8;9933;18;;;9941;13;9943;8;;;9938.0;0.0
yf_ZC=F_d4;36700;INTARIAN_PEPPER_ROOT;11007;11;11003;18;;;11019;16;11023;23;;;11013.0;0.0
yf_ZC=F_d4;36800;ASH_COATED_OSMIUM;9935;9;9932;21;;;9941;17;9945;30;;;9938.0;0.0
yf_ZC=F_d4;36800;INTARIAN_PEPPER_ROOT;11009;15;11006;12;;;11015;13;11018;16;;;11012.0;0.0
yf_ZC=F_d4;36900;ASH_COATED_OSMIUM;9934;14;9932;22;;;9941;22;9945;21;;;9937.5;0.0
yf_ZC=F_d4;36900;INTARIAN_PEPPER_ROOT;11008;11;11006;20;;;11015;15;11018;17;;;11011.5;0.0
yf_ZC=F_d4;37000;ASH_COATED_OSMIUM;9935;18;9931;21;;;9941;15;9945;24;;;9938.0;0.0
yf_ZC=F_d4;37000;INTARIAN_PEPPER_ROOT;11007;11;11004;20;;;11013;10;11015;22;;;11010.0;0.0
yf_ZC=F_d4;37100;ASH_COATED_OSMIUM;9936;9;9932;16;;;9942;24;9944;22;;;9939.0;0.0
yf_ZC=F_d4;37100;INTARIAN_PEPPER_ROOT;11003;5;10999;19;;;11016;17;11020;18;;;11009.5;0.0
yf_ZC=F_d4;37200;ASH_COATED_OSMIUM;9935;12;9933;23;;;9941;14;9945;23;;;9938.0;0.0
yf_ZC=F_d4;37200;INTARIAN_PEPPER_ROOT;10996;19;10994;20;;;11021;14;11025;19;;;11008.5;0.0
yf_ZC=F_d4;37300;ASH_COATED_OSMIUM;9936;15;9934;18;;;9942;22;9946;19;;;9939.0;0.0
yf_ZC=F_d4;37300;INTARIAN_PEPPER_ROOT;11005;16;11003;13;;;11011;22;11015;28;;;11008.0;0.0
yf_ZC=F_d4;37400;ASH_COATED_OSMIUM;9932;13;9930;24;;;9945;13;9948;24;;;9938.5;0.0
yf_ZC=F_d4;37400;INTARIAN_PEPPER_ROOT;11004;18;11000;24;;;11010;18;11012;19;;;11007.0;0.0
yf_ZC=F_d4;37500;ASH_COATED_OSMIUM;9931;9;9929;24;;;9947;16;9949;28;;;9939.0;0.0
yf_ZC=F_d4;37500;INTARIAN_PEPPER_ROOT;10997;5;10995;20;;;11013;8;11017;8;;;11005.0;0.0
yf_ZC=F_d4;37600;ASH_COATED_OSMIUM;9936;17;9934;21;;;9942;18;9946;16;;;9939.0;0.0
yf_ZC=F_d4;37600;INTARIAN_PEPPER_ROOT;11002;13;10998;27;;;11008;6;11010;22;;;11005.0;0.0
yf_ZC=F_d4;37700;ASH_COATED_OSMIUM;9932;12;9928;22;;;9945;18;9948;21;;;9938.5;0.0
yf_ZC=F_d4;37700;INTARIAN_PEPPER_ROOT;11000;13;10997;10;;;11010;22;11012;28;;;11005.0;0.0
yf_ZC=F_d4;37800;ASH_COATED_OSMIUM;9936;9;9934;17;;;9942;12;9945;17;;;9939.0;0.0
yf_ZC=F_d4;37800;INTARIAN_PEPPER_ROOT;11001;15;10997;21;;;11007;22;11009;16;;;11004.0;0.0
yf_ZC=F_d4;37900;ASH_COATED_OSMIUM;9935;15;9931;30;;;9941;26;9945;18;;;9938.0;0.0
yf_ZC=F_d4;37900;INTARIAN_PEPPER_ROOT;11001;20;10998;27;;;11007;21;11011;15;;;11004.0;0.0
yf_ZC=F_d4;38000;ASH_COATED_OSMIUM;9935;15;9931;17;;;9942;18;9946;20;;;9938.5;0.0
yf_ZC=F_d4;38000;INTARIAN_PEPPER_ROOT;10999;9;10996;13;;;11005;10;11009;24;;;11002.0;0.0
yf_ZC=F_d4;38100;ASH_COATED_OSMIUM;9936;19;9934;8;;;9942;20;9946;25;;;9939.0;0.0
yf_ZC=F_d4;38100;INTARIAN_PEPPER_ROOT;10999;11;10995;17;;;11005;16;11009;19;;;11002.0;0.0
yf_ZC=F_d4;38200;ASH_COATED_OSMIUM;9936;11;9933;18;;;9942;19;9946;16;;;9939.0;0.0
yf_ZC=F_d4;38200;INTARIAN_PEPPER_ROOT;10997;13;10994;22;;;11003;12;11006;11;;;11000.0;0.0
yf_ZC=F_d4;38300;ASH_COATED_OSMIUM;9936;15;9933;16;;;9942;12;9944;14;;;9939.0;0.0
yf_ZC=F_d4;38300;INTARIAN_PEPPER_ROOT;10992;10;10988;13;;;11008;5;11011;18;;;11000.0;0.0
yf_ZC=F_d4;38400;ASH_COATED_OSMIUM;9936;10;9933;17;;;9942;15;9945;20;;;9939.0;0.0
yf_ZC=F_d4;38400;INTARIAN_PEPPER_ROOT;10997;17;10995;18;;;11003;17;11006;10;;;11000.0;0.0
yf_ZC=F_d4;38500;ASH_COATED_OSMIUM;9936;17;9932;10;;;9942;12;9945;11;;;9939.0;0.0
yf_ZC=F_d4;38500;INTARIAN_PEPPER_ROOT;10996;18;10994;18;;;11002;7;11006;15;;;10999.0;0.0
yf_ZC=F_d4;38600;ASH_COATED_OSMIUM;9935;24;9931;19;;;9943;12;9947;15;;;9939.0;0.0
yf_ZC=F_d4;38600;INTARIAN_PEPPER_ROOT;10995;21;10991;22;;;11001;15;11005;15;;;10998.0;0.0
yf_ZC=F_d4;38700;ASH_COATED_OSMIUM;9936;18;9932;24;;;9942;20;9946;14;;;9939.0;0.0
yf_ZC=F_d4;38700;INTARIAN_PEPPER_ROOT;10994;20;10991;25;;;11000;23;11004;18;;;10997.0;0.0
yf_ZC=F_d4;38800;ASH_COATED_OSMIUM;9934;18;9930;26;;;9945;14;9948;22;;;9939.5;0.0
yf_ZC=F_d4;38800;INTARIAN_PEPPER_ROOT;10991;16;10989;15;;;11002;14;11006;11;;;10996.5;0.0
yf_ZC=F_d4;38900;ASH_COATED_OSMIUM;9926;20;9922;24;;;9953;10;9956;18;;;9939.5;0.0
yf_ZC=F_d4;38900;INTARIAN_PEPPER_ROOT;10993;16;10989;19;;;10999;19;11002;25;;;10996.0;0.0
yf_ZC=F_d4;39000;ASH_COATED_OSMIUM;9935;14;9931;27;;;9944;10;9948;12;;;9939.5;0.0
yf_ZC=F_d4;39000;INTARIAN_PEPPER_ROOT;10992;13;10989;21;;;10998;11;11000;23;;;10995.0;0.0
yf_ZC=F_d4;39100;ASH_COATED_OSMIUM;9937;10;9933;16;;;9943;14;9946;16;;;9940.0;0.0
yf_ZC=F_d4;39100;INTARIAN_PEPPER_ROOT;10992;9;10990;19;;;10998;13;11000;22;;;10995.0;0.0
yf_ZC=F_d4;39200;ASH_COATED_OSMIUM;9937;16;9935;15;;;9943;5;9947;13;;;9940.0;0.0
yf_ZC=F_d4;39200;INTARIAN_PEPPER_ROOT;10990;14;10988;15;;;10996;14;11000;25;;;10993.0;0.0
yf_ZC=F_d4;39300;ASH_COATED_OSMIUM;9937;18;9934;24;;;9943;13;9945;13;;;9940.0;0.0
yf_ZC=F_d4;39300;INTARIAN_PEPPER_ROOT;10985;19;10981;17;;;11001;19;11004;15;;;10993.0;0.0
yf_ZC=F_d4;39400;ASH_COATED_OSMIUM;9936;13;9932;20;;;9944;11;9946;23;;;9940.0;0.0
yf_ZC=F_d4;39400;INTARIAN_PEPPER_ROOT;10985;15;10981;18;;;10998;19;11001;27;;;10991.5;0.0
yf_ZC=F_d4;39500;ASH_COATED_OSMIUM;9937;13;9934;18;;;9943;11;9945;19;;;9940.0;0.0
yf_ZC=F_d4;39500;INTARIAN_PEPPER_ROOT;10988;10;10985;19;;;10994;17;10997;18;;;10991.0;0.0
yf_ZC=F_d4;39600;ASH_COATED_OSMIUM;9938;15;9936;10;;;9944;13;9946;24;;;9941.0;0.0
yf_ZC=F_d4;39600;INTARIAN_PEPPER_ROOT;10987;22;10985;22;;;10993;16;10997;20;;;10990.0;0.0
yf_ZC=F_d4;39700;ASH_COATED_OSMIUM;9938;17;9934;22;;;9944;14;9947;8;;;9941.0;0.0
yf_ZC=F_d4;39700;INTARIAN_PEPPER_ROOT;10987;14;10983;28;;;10993;10;10996;22;;;10990.0;0.0
yf_ZC=F_d4;39800;ASH_COATED_OSMIUM;9936;6;9934;20;;;9944;13;9946;23;;;9940.0;0.0
yf_ZC=F_d4;39800;INTARIAN_PEPPER_ROOT;10986;14;10983;17;;;10992;11;10995;19;;;10989.0;0.0
yf_ZC=F_d4;39900;ASH_COATED_OSMIUM;9936;5;9934;24;;;9943;23;9946;15;;;9939.5;0.0
yf_ZC=F_d4;39900;INTARIAN_PEPPER_ROOT;10985;11;10982;25;;;10991;11;10995;19;;;10988.0;0.0
yf_ZC=F_d4;40000;ASH_COATED_OSMIUM;9938;8;9935;20;;;9945;8;9949;19;;;9941.5;0.0
yf_ZC=F_d4;40000;INTARIAN_PEPPER_ROOT;10984;16;10982;15;;;10990;13;10993;8;;;10987.0;0.0
yf_ZC=F_d4;40100;ASH_COATED_OSMIUM;9937;19;9935;24;;;9943;10;9945;18;;;9940.0;0.0
yf_ZC=F_d4;40100;INTARIAN_PEPPER_ROOT;10976;12;10973;20;;;10997;5;11001;21;;;10986.5;0.0
yf_ZC=F_d4;40200;ASH_COATED_OSMIUM;9935;14;9932;8;;;9946;14;9950;8;;;9940.5;0.0
yf_ZC=F_d4;40200;INTARIAN_PEPPER_ROOT;10970;17;10968;14;;;11000;18;11003;26;;;10985.0;0.0
yf_ZC=F_d4;40300;ASH_COATED_OSMIUM;9935;16;9931;17;;;9946;14;9950;16;;;9940.5;0.0
yf_ZC=F_d4;40300;INTARIAN_PEPPER_ROOT;10980;10;10977;25;;;10989;13;10991;17;;;10984.5;0.0
yf_ZC=F_d4;40400;ASH_COATED_OSMIUM;9938;10;9936;22;;;9944;14;9948;12;;;9941.0;0.0
yf_ZC=F_d4;40400;INTARIAN_PEPPER_ROOT;10979;12;10975;18;;;10990;16;10992;15;;;10984.5;0.0
yf_ZC=F_d4;40500;ASH_COATED_OSMIUM;9938;14;9935;16;;;9944;12;9948;16;;;9941.0;0.0
yf_ZC=F_d4;40500;INTARIAN_PEPPER_ROOT;10981;18;10979;22;;;10987;16;10990;26;;;10984.0;0.0
yf_ZC=F_d4;40600;ASH_COATED_OSMIUM;9938;6;9935;12;;;9944;13;9946;17;;;9941.0;0.0
yf_ZC=F_d4;40600;INTARIAN_PEPPER_ROOT;10978;11;10975;23;;;10987;19;10989;15;;;10982.5;0.0
yf_ZC=F_d4;40700;ASH_COATED_OSMIUM;9938;10;9934;16;;;9944;16;9948;19;;;9941.0;0.0
yf_ZC=F_d4;40700;INTARIAN_PEPPER_ROOT;10979;15;10977;18;;;10985;15;10988;24;;;10982.0;0.0
yf_ZC=F_d4;40800;ASH_COATED_OSMIUM;9933;12;9929;14;;;9950;15;9953;23;;;9941.5;0.0
yf_ZC=F_d4;40800;INTARIAN_PEPPER_ROOT;10966;18;10962;26;;;10996;12;11000;25;;;10981.0;0.0
yf_ZC=F_d4;40900;ASH_COATED_OSMIUM;9938;15;9935;20;;;9944;21;9947;30;;;9941.0;0.0
yf_ZC=F_d4;40900;INTARIAN_PEPPER_ROOT;10977;16;10975;23;;;10983;24;10985;21;;;10980.0;0.0
yf_ZC=F_d4;41000;ASH_COATED_OSMIUM;9938;8;9934;26;;;9944;23;9948;26;;;9941.0;0.0
yf_ZC=F_d4;41000;INTARIAN_PEPPER_ROOT;10976;14;10972;24;;;10983;17;10986;22;;;10979.5;0.0
yf_ZC=F_d4;41100;ASH_COATED_OSMIUM;9938;9;9936;15;;;9944;7;9947;23;;;9941.0;0.0
yf_ZC=F_d4;41100;INTARIAN_PEPPER_ROOT;10975;9;10973;16;;;10981;14;10983;25;;;10978.0;0.0
yf_ZC=F_d4;41200;ASH_COATED_OSMIUM;9935;13;9931;14;;;9949;14;9951;16;;;9942.0;0.0
yf_ZC=F_d4;41200;INTARIAN_PEPPER_ROOT;10975;18;10973;26;;;10981;17;10984;24;;;10978.0;0.0
yf_ZC=F_d4;41300;ASH_COATED_OSMIUM;9938;12;9935;20;;;9944;16;9948;18;;;9941.0;0.0
yf_ZC=F_d4;41300;INTARIAN_PEPPER_ROOT;10975;7;10971;16;;;10981;8;10984;19;;;10978.0;0.0
yf_ZC=F_d4;41400;ASH_COATED_OSMIUM;9938;18;9934;16;;;9945;12;9948;25;;;9941.5;0.0
yf_ZC=F_d4;41400;INTARIAN_PEPPER_ROOT;10973;13;10971;24;;;10979;18;10981;22;;;10976.0;0.0
yf_ZC=F_d4;41500;ASH_COATED_OSMIUM;9939;5;9935;24;;;9945;19;9948;13;;;9942.0;0.0
yf_ZC=F_d4;41500;INTARIAN_PEPPER_ROOT;10972;13;10968;31;;;10978;6;10980;21;;;10975.0;0.0
yf_ZC=F_d4;41600;ASH_COATED_OSMIUM;9937;25;9935;15;;;9946;13;9949;15;;;9941.5;0.0
yf_ZC=F_d4;41600;INTARIAN_PEPPER_ROOT;10961;12;10957;21;;;10987;19;10990;28;;;10974.0;0.0
yf_ZC=F_d4;41700;ASH_COATED_OSMIUM;9938;17;9935;22;;;9945;19;9947;22;;;9941.5;0.0
yf_ZC=F_d4;41700;INTARIAN_PEPPER_ROOT;10971;7;10968;21;;;10977;8;10981;25;;;10974.0;0.0
yf_ZC=F_d4;41800;ASH_COATED_OSMIUM;9939;20;9936;27;;;9945;16;9947;12;;;9942.0;0.0
yf_ZC=F_d4;41800;INTARIAN_PEPPER_ROOT;10970;18;10966;25;;;10976;17;10980;13;;;10973.0;0.0
yf_ZC=F_d4;41900;ASH_COATED_OSMIUM;9939;18;9936;27;;;9945;11;9947;25;;;9942.0;0.0
yf_ZC=F_d4;41900;INTARIAN_PEPPER_ROOT;10969;8;10967;32;;;10975;22;10978;20;;;10972.0;0.0
yf_ZC=F_d4;42000;ASH_COATED_OSMIUM;9939;26;9936;12;;;9946;15;9948;15;;;9942.5;0.0
yf_ZC=F_d4;42000;INTARIAN_PEPPER_ROOT;10965;9;10962;24;;;10978;16;10981;18;;;10971.5;0.0
yf_ZC=F_d4;42100;ASH_COATED_OSMIUM;9939;18;9937;19;;;9945;5;9947;20;;;9942.0;0.0
yf_ZC=F_d4;42100;INTARIAN_PEPPER_ROOT;10967;10;10965;18;;;10973;8;10975;21;;;10970.0;0.0
yf_ZC=F_d4;42200;ASH_COATED_OSMIUM;9935;13;9932;14;;;9949;16;9951;24;;;9942.0;0.0
yf_ZC=F_d4;42200;INTARIAN_PEPPER_ROOT;10965;14;10961;9;;;10976;22;10979;25;;;10970.5;0.0
yf_ZC=F_d4;42300;ASH_COATED_OSMIUM;9939;8;9935;11;;;9946;16;9949;27;;;9942.5;0.0
yf_ZC=F_d4;42300;INTARIAN_PEPPER_ROOT;10966;17;10963;12;;;10972;12;10975;22;;;10969.0;0.0
yf_ZC=F_d4;42400;ASH_COATED_OSMIUM;9939;15;9935;19;;;9945;23;9949;18;;;9942.0;0.0
yf_ZC=F_d4;42400;INTARIAN_PEPPER_ROOT;10966;15;10962;8;;;10972;21;10975;23;;;10969.0;0.0
yf_ZC=F_d4;42500;ASH_COATED_OSMIUM;9939;5;9937;25;;;9945;17;9948;16;;;9942.0;0.0
yf_ZC=F_d4;42500;INTARIAN_PEPPER_ROOT;10965;6;10963;23;;;10971;11;10975;26;;;10968.0;0.0
yf_ZC=F_d4;42600;ASH_COATED_OSMIUM;9915;23;9911;20;;;9970;18;9974;20;;;9942.5;0.0
yf_ZC=F_d4;42600;INTARIAN_PEPPER_ROOT;10961;16;10958;25;;;10973;22;10975;26;;;10967.0;0.0
yf_ZC=F_d4;42700;ASH_COATED_OSMIUM;9939;25;9935;16;;;9945;16;9947;18;;;9942.0;0.0
yf_ZC=F_d4;42700;INTARIAN_PEPPER_ROOT;10959;18;10957;14;;;10974;18;10978;18;;;10966.5;0.0
yf_ZC=F_d4;42800;ASH_COATED_OSMIUM;9940;11;9938;13;;;9946;16;9948;16;;;9943.0;0.0
yf_ZC=F_d4;42800;INTARIAN_PEPPER_ROOT;10956;19;10952;26;;;10974;13;10978;21;;;10965.0;0.0
yf_ZC=F_d4;42900;ASH_COATED_OSMIUM;9940;20;9936;21;;;9946;9;9950;19;;;9943.0;0.0
yf_ZC=F_d4;42900;INTARIAN_PEPPER_ROOT;10960;13;10958;26;;;10970;13;10972;24;;;10965.0;0.0
yf_ZC=F_d4;43000;ASH_COATED_OSMIUM;9937;10;9933;17;;;9948;16;9950;25;;;9942.5;0.0
yf_ZC=F_d4;43000;INTARIAN_PEPPER_ROOT;10956;9;10952;8;;;10971;12;10974;26;;;10963.5;0.0
yf_ZC=F_d4;43100;ASH_COATED_OSMIUM;9940;28;9938;25;;;9946;16;9948;15;;;9943.0;0.0
yf_ZC=F_d4;43100;INTARIAN_PEPPER_ROOT;10961;13;10958;24;;;10967;17;10971;19;;;10964.0;0.0
yf_ZC=F_d4;43200;ASH_COATED_OSMIUM;9940;21;9937;25;;;9946;16;9948;9;;;9943.0;0.0
yf_ZC=F_d4;43200;INTARIAN_PEPPER_ROOT;10959;8;10957;20;;;10965;11;10968;30;;;10962.0;0.0
yf_ZC=F_d4;43300;ASH_COATED_OSMIUM;9940;16;9936;22;;;9946;20;9948;17;;;9943.0;0.0
yf_ZC=F_d4;43300;INTARIAN_PEPPER_ROOT;10952;9;10949;24;;;10971;22;10975;9;;;10961.5;0.0
yf_ZC=F_d4;43400;ASH_COATED_OSMIUM;9938;18;9935;19;;;9949;17;9952;24;;;9943.5;0.0
yf_ZC=F_d4;43400;INTARIAN_PEPPER_ROOT;10954;15;10951;30;;;10968;24;10970;19;;;10961.0;0.0
yf_ZC=F_d4;43500;ASH_COATED_OSMIUM;9939;8;9936;24;;;9948;16;9950;24;;;9943.5;0.0
yf_ZC=F_d4;43500;INTARIAN_PEPPER_ROOT;10954;19;10951;14;;;10967;15;10971;24;;;10960.5;0.0
yf_ZC=F_d4;43600;ASH_COATED_OSMIUM;9938;10;9935;16;;;9948;19;9950;20;;;9943.0;0.0
yf_ZC=F_d4;43600;INTARIAN_PEPPER_ROOT;10956;16;10952;16;;;10962;10;10964;12;;;10959.0;0.0
yf_ZC=F_d4;43700;ASH_COATED_OSMIUM;9939;11;9935;20;;;9947;14;9950;23;;;9943.0;0.0
yf_ZC=F_d4;43700;INTARIAN_PEPPER_ROOT;10956;15;10954;12;;;10962;17;10965;19;;;10959.0;0.0
yf_ZC=F_d4;43800;ASH_COATED_OSMIUM;9940;15;9938;9;;;9946;13;9950;24;;;9943.0;0.0
yf_ZC=F_d4;43800;INTARIAN_PEPPER_ROOT;10953;18;10951;16;;;10963;27;10965;17;;;10958.0;0.0
yf_ZC=F_d4;43900;ASH_COATED_OSMIUM;9940;23;9936;23;;;9948;13;9951;25;;;9944.0;0.0
yf_ZC=F_d4;43900;INTARIAN_PEPPER_ROOT;10954;13;10951;25;;;10960;16;10964;17;;;10957.0;0.0
yf_ZC=F_d4;44000;ASH_COATED_OSMIUM;9940;14;9938;17;;;9946;20;9949;15;;;9943.0;0.0
yf_ZC=F_d4;44000;INTARIAN_PEPPER_ROOT;10944;19;10942;18;;;10969;20;10972;8;;;10956.5;0.0
yf_ZC=F_d4;44100;ASH_COATED_OSMIUM;9934;24;9932;21;;;9954;24;9956;13;;;9944.0;0.0
yf_ZC=F_d4;44100;INTARIAN_PEPPER_ROOT;10953;21;10949;19;;;10959;18;10961;14;;;10956.0;0.0
yf_ZC=F_d4;44200;ASH_COATED_OSMIUM;9941;8;9937;12;;;9947;19;9950;15;;;9944.0;0.0
yf_ZC=F_d4;44200;INTARIAN_PEPPER_ROOT;10951;9;10947;21;;;10957;17;10959;30;;;10954.0;0.0
yf_ZC=F_d4;44300;ASH_COATED_OSMIUM;9940;12;9936;24;;;9946;23;9948;11;;;9943.0;0.0
yf_ZC=F_d4;44300;INTARIAN_PEPPER_ROOT;10951;11;10947;16;;;10957;16;10960;24;;;10954.0;0.0
yf_ZC=F_d4;44400;ASH_COATED_OSMIUM;9940;17;9936;25;;;9946;20;9949;12;;;9943.0;0.0
yf_ZC=F_d4;44400;INTARIAN_PEPPER_ROOT;10949;15;10947;20;;;10957;6;10960;19;;;10953.0;0.0
yf_ZC=F_d4;44500;ASH_COATED_OSMIUM;9932;13;9929;22;;;9956;22;9958;20;;;9944.0;0.0
yf_ZC=F_d4;44500;INTARIAN_PEPPER_ROOT;10950;20;10948;23;;;10956;13;10960;15;;;10953.0;0.0
yf_ZC=F_d4;44600;ASH_COATED_OSMIUM;9931;11;9927;10;;;9956;17;9958;17;;;9943.5;0.0
yf_ZC=F_d4;44600;INTARIAN_PEPPER_ROOT;10945;14;10942;14;;;10958;19;10962;21;;;10951.5;0.0
yf_ZC=F_d4;44700;ASH_COATED_OSMIUM;9934;18;9932;25;;;9954;13;9956;17;;;9944.0;0.0
yf_ZC=F_d4;44700;INTARIAN_PEPPER_ROOT;10945;13;10942;19;;;10957;11;10960;18;;;10951.0;0.0
yf_ZC=F_d4;44800;ASH_COATED_OSMIUM;9941;25;9938;29;;;9947;24;9951;19;;;9944.0;0.0
yf_ZC=F_d4;44800;INTARIAN_PEPPER_ROOT;10947;8;10945;18;;;10953;10;10955;21;;;10950.0;0.0
yf_ZC=F_d4;44900;ASH_COATED_OSMIUM;9939;11;9935;17;;;9949;24;9953;21;;;9944.0;0.0
yf_ZC=F_d4;44900;INTARIAN_PEPPER_ROOT;10946;18;10944;24;;;10952;13;10956;16;;;10949.0;0.0
yf_ZC=F_d4;45000;ASH_COATED_OSMIUM;9942;10;9938;16;;;9948;16;9952;21;;;9945.0;0.0
yf_ZC=F_d4;45000;INTARIAN_PEPPER_ROOT;10946;12;10944;21;;;10952;16;10956;11;;;10949.0;0.0
yf_ZC=F_d4;45100;ASH_COATED_OSMIUM;9940;14;9936;19;;;9948;16;9952;19;;;9944.0;0.0
yf_ZC=F_d4;45100;INTARIAN_PEPPER_ROOT;10945;16;10941;17;;;10951;12;10953;29;;;10948.0;0.0
yf_ZC=F_d4;45200;ASH_COATED_OSMIUM;9940;15;9938;22;;;9948;14;9951;19;;;9944.0;0.0
yf_ZC=F_d4;45200;INTARIAN_PEPPER_ROOT;10943;18;10940;20;;;10951;22;10953;8;;;10947.0;0.0
yf_ZC=F_d4;45300;ASH_COATED_OSMIUM;9941;14;9937;18;;;9947;16;9949;19;;;9944.0;0.0
yf_ZC=F_d4;45300;INTARIAN_PEPPER_ROOT;10938;10;10936;11;;;10956;20;10958;20;;;10947.0;0.0
yf_ZC=F_d4;45400;ASH_COATED_OSMIUM;9940;17;9936;17;;;9950;9;9952;18;;;9945.0;0.0
yf_ZC=F_d4;45400;INTARIAN_PEPPER_ROOT;10942;10;10939;26;;;10948;24;10952;24;;;10945.0;0.0
yf_ZC=F_d4;45500;ASH_COATED_OSMIUM;9942;21;9939;18;;;9948;20;9951;24;;;9945.0;0.0
yf_ZC=F_d4;45500;INTARIAN_PEPPER_ROOT;10942;18;10939;21;;;10948;16;10951;18;;;10945.0;0.0
yf_ZC=F_d4;45600;ASH_COATED_OSMIUM;9942;27;9939;18;;;9948;9;9952;27;;;9945.0;0.0
yf_ZC=F_d4;45600;INTARIAN_PEPPER_ROOT;10941;5;10937;27;;;10947;23;10951;14;;;10944.0;0.0
yf_ZC=F_d4;45700;ASH_COATED_OSMIUM;9941;17;9937;20;;;9950;7;9952;18;;;9945.5;0.0
yf_ZC=F_d4;45700;INTARIAN_PEPPER_ROOT;10940;22;10938;19;;;10946;11;10949;17;;;10943.0;0.0
yf_ZC=F_d4;45800;ASH_COATED_OSMIUM;9940;13;9936;13;;;9949;5;9951;23;;;9944.5;0.0
yf_ZC=F_d4;45800;INTARIAN_PEPPER_ROOT;10939;20;10936;21;;;10946;10;10949;25;;;10942.5;0.0
yf_ZC=F_d4;45900;ASH_COATED_OSMIUM;9942;13;9940;18;;;9948;12;9950;15;;;9945.0;0.0
yf_ZC=F_d4;45900;INTARIAN_PEPPER_ROOT;10939;5;10937;23;;;10945;10;10948;14;;;10942.0;0.0
yf_ZC=F_d4;46000;ASH_COATED_OSMIUM;9942;19;9938;17;;;9948;13;9951;20;;;9945.0;0.0
yf_ZC=F_d4;46000;INTARIAN_PEPPER_ROOT;10933;18;10929;18;;;10948;19;10952;23;;;10940.5;0.0
yf_ZC=F_d4;46100;ASH_COATED_OSMIUM;9942;20;9939;17;;;9948;18;9951;27;;;9945.0;0.0
yf_ZC=F_d4;46100;INTARIAN_PEPPER_ROOT;10936;22;10932;17;;;10944;7;10947;16;;;10940.0;0.0
yf_ZC=F_d4;46200;ASH_COATED_OSMIUM;9942;14;9940;24;;;9948;13;9951;19;;;9945.0;0.0
yf_ZC=F_d4;46200;INTARIAN_PEPPER_ROOT;10936;14;10932;23;;;10942;16;10945;24;;;10939.0;0.0
yf_ZC=F_d4;46300;ASH_COATED_OSMIUM;9943;11;9941;18;;;9949;7;9952;13;;;9946.0;0.0
yf_ZC=F_d4;46300;INTARIAN_PEPPER_ROOT;10935;16;10932;19;;;10943;24;10946;14;;;10939.0;0.0
yf_ZC=F_d4;46400;ASH_COATED_OSMIUM;9942;8;9939;22;;;9948;22;9952;18;;;9945.0;0.0
yf_ZC=F_d4;46400;INTARIAN_PEPPER_ROOT;10935;17;10933;28;;;10941;7;10943;14;;;10938.0;0.0
yf_ZC=F_d4;46500;ASH_COATED_OSMIUM;9942;17;9940;19;;;9948;19;9950;18;;;9945.0;0.0
yf_ZC=F_d4;46500;INTARIAN_PEPPER_ROOT;10934;12;10932;19;;;10940;27;10942;20;;;10937.0;0.0
yf_ZC=F_d4;46600;ASH_COATED_OSMIUM;9943;11;9940;19;;;9949;25;9951;11;;;9946.0;0.0
yf_ZC=F_d4;46600;INTARIAN_PEPPER_ROOT;10933;16;10929;13;;;10939;10;10941;26;;;10936.0;0.0
yf_ZC=F_d4;46700;ASH_COATED_OSMIUM;9932;18;9928;13;;;9958;18;9961;24;;;9945.0;0.0
yf_ZC=F_d4;46700;INTARIAN_PEPPER_ROOT;10932;16;10929;21;;;10938;10;10940;20;;;10935.0;0.0
yf_ZC=F_d4;46800;ASH_COATED_OSMIUM;9939;9;9935;22;;;9952;8;9955;16;;;9945.5;0.0
yf_ZC=F_d4;46800;INTARIAN_PEPPER_ROOT;10931;16;10929;14;;;10937;5;10939;20;;;10934.0;0.0
yf_ZC=F_d4;46900;ASH_COATED_OSMIUM;9943;13;9939;15;;;9949;12;9953;12;;;9946.0;0.0
yf_ZC=F_d4;46900;INTARIAN_PEPPER_ROOT;10929;15;10927;14;;;10939;12;10942;26;;;10934.0;0.0
yf_ZC=F_d4;47000;ASH_COATED_OSMIUM;9933;19;9929;16;;;9958;18;9960;21;;;9945.5;0.0
yf_ZC=F_d4;47000;INTARIAN_PEPPER_ROOT;10930;12;10926;26;;;10936;11;10940;26;;;10933.0;0.0
yf_ZC=F_d4;47100;ASH_COATED_OSMIUM;9943;15;9940;13;;;9949;17;9951;21;;;9946.0;0.0
yf_ZC=F_d4;47100;INTARIAN_PEPPER_ROOT;10929;12;10926;16;;;10935;12;10939;10;;;10932.0;0.0
yf_ZC=F_d4;47200;ASH_COATED_OSMIUM;9943;23;9939;23;;;9949;13;9951;15;;;9946.0;0.0
yf_ZC=F_d4;47200;INTARIAN_PEPPER_ROOT;10925;15;10921;11;;;10938;10;10941;12;;;10931.5;0.0
yf_ZC=F_d4;47300;ASH_COATED_OSMIUM;9942;10;9940;16;;;9950;16;9952;13;;;9946.0;0.0
yf_ZC=F_d4;47300;INTARIAN_PEPPER_ROOT;10928;9;10926;20;;;10934;9;10938;23;;;10931.0;0.0
yf_ZC=F_d4;47400;ASH_COATED_OSMIUM;9943;19;9940;21;;;9949;10;9951;25;;;9946.0;0.0
yf_ZC=F_d4;47400;INTARIAN_PEPPER_ROOT;10927;18;10923;19;;;10933;5;10936;19;;;10930.0;0.0
yf_ZC=F_d4;47500;ASH_COATED_OSMIUM;9942;8;9940;23;;;9951;7;9954;26;;;9946.5;0.0
yf_ZC=F_d4;47500;INTARIAN_PEPPER_ROOT;10926;17;10923;20;;;10932;27;10935;10;;;10929.0;0.0
yf_ZC=F_d4;47600;ASH_COATED_OSMIUM;9932;25;9930;23;;;9962;15;9964;25;;;9947.0;0.0
yf_ZC=F_d4;47600;INTARIAN_PEPPER_ROOT;10925;15;10923;8;;;10931;10;10935;20;;;10928.0;0.0
yf_ZC=F_d4;47700;ASH_COATED_OSMIUM;9943;20;9939;16;;;9949;15;9953;26;;;9946.0;0.0
yf_ZC=F_d4;47700;INTARIAN_PEPPER_ROOT;10925;23;10922;21;;;10931;15;10933;25;;;10928.0;0.0
yf_ZC=F_d4;47800;ASH_COATED_OSMIUM;9944;15;9940;17;;;9950;20;9952;23;;;9947.0;0.0
yf_ZC=F_d4;47800;INTARIAN_PEPPER_ROOT;10922;17;10920;25;;;10932;5;10934;18;;;10927.0;0.0
yf_ZC=F_d4;47900;ASH_COATED_OSMIUM;9939;8;9937;22;;;9953;16;9956;25;;;9946.0;0.0
yf_ZC=F_d4;47900;INTARIAN_PEPPER_ROOT;10909;16;10907;18;;;10944;14;10947;24;;;10926.5;0.0
yf_ZC=F_d4;48000;ASH_COATED_OSMIUM;9943;17;9940;17;;;9950;5;9952;18;;;9946.5;0.0
yf_ZC=F_d4;48000;INTARIAN_PEPPER_ROOT;10920;5;10916;22;;;10931;5;10933;13;;;10925.5;0.0
yf_ZC=F_d4;48100;ASH_COATED_OSMIUM;9944;12;9940;21;;;9950;16;9954;20;;;9947.0;0.0
yf_ZC=F_d4;48100;INTARIAN_PEPPER_ROOT;10922;13;10919;20;;;10928;14;10932;17;;;10925.0;0.0
yf_ZC=F_d4;48200;ASH_COATED_OSMIUM;9944;10;9942;14;;;9950;10;9952;20;;;9947.0;0.0
yf_ZC=F_d4;48200;INTARIAN_PEPPER_ROOT;10921;8;10918;19;;;10927;18;10930;19;;;10924.0;0.0
yf_ZC=F_d4;48300;ASH_COATED_OSMIUM;9933;8;9931;16;;;9961;16;9963;18;;;9947.0;0.0
yf_ZC=F_d4;48300;INTARIAN_PEPPER_ROOT;10920;20;10917;16;;;10926;16;10929;13;;;10923.0;0.0
yf_ZC=F_d4;48400;ASH_COATED_OSMIUM;9944;15;9941;20;;;9950;17;9952;17;;;9947.0;0.0
yf_ZC=F_d4;48400;INTARIAN_PEPPER_ROOT;10919;16;10915;19;;;10925;12;10928;21;;;10922.0;0.0
yf_ZC=F_d4;48500;ASH_COATED_OSMIUM;9943;20;9941;26;;;9949;19;9953;23;;;9946.0;0.0
yf_ZC=F_d4;48500;INTARIAN_PEPPER_ROOT;10915;16;10913;25;;;10927;20;10930;23;;;10921.0;0.0
yf_ZC=F_d4;48600;ASH_COATED_OSMIUM;9944;10;9942;19;;;9950;7;9952;21;;;9947.0;0.0
yf_ZC=F_d4;48600;INTARIAN_PEPPER_ROOT;10915;16;10911;20;;;10926;15;10928;21;;;10920.5;0.0
yf_ZC=F_d4;48700;ASH_COATED_OSMIUM;9944;15;9942;23;;;9950;17;9954;18;;;9947.0;0.0
yf_ZC=F_d4;48700;INTARIAN_PEPPER_ROOT;10900;9;10898;16;;;10939;25;10942;27;;;10919.5;0.0
yf_ZC=F_d4;48800;ASH_COATED_OSMIUM;9944;11;9942;17;;;9950;15;9953;29;;;9947.0;0.0
yf_ZC=F_d4;48800;INTARIAN_PEPPER_ROOT;10916;19;10912;24;;;10922;22;10925;29;;;10919.0;0.0
yf_ZC=F_d4;48900;ASH_COATED_OSMIUM;9944;20;9942;14;;;9950;21;9954;30;;;9947.0;0.0
yf_ZC=F_d4;48900;INTARIAN_PEPPER_ROOT;10914;27;10911;20;;;10923;22;10926;20;;;10918.5;0.0
yf_ZC=F_d4;49000;ASH_COATED_OSMIUM;9944;17;9941;22;;;9950;16;9954;17;;;9947.0;0.0
yf_ZC=F_d4;49000;INTARIAN_PEPPER_ROOT;10914;19;10912;19;;;10921;14;10924;17;;;10917.5;0.0
yf_ZC=F_d4;49100;ASH_COATED_OSMIUM;9943;15;9940;23;;;9952;13;9954;17;;;9947.5;0.0
yf_ZC=F_d4;49100;INTARIAN_PEPPER_ROOT;10910;16;10908;9;;;10923;23;10927;16;;;10916.5;0.0
yf_ZC=F_d4;49200;ASH_COATED_OSMIUM;9943;14;9940;19;;;9952;11;9954;17;;;9947.5;0.0
yf_ZC=F_d4;49200;INTARIAN_PEPPER_ROOT;10913;12;10910;21;;;10919;12;10921;15;;;10916.0;0.0
yf_ZC=F_d4;49300;ASH_COATED_OSMIUM;9941;19;9938;22;;;9954;9;9958;33;;;9947.5;0.0
yf_ZC=F_d4;49300;INTARIAN_PEPPER_ROOT;10912;18;10909;22;;;10919;7;10923;22;;;10915.5;0.0
yf_ZC=F_d4;49400;ASH_COATED_OSMIUM;9945;13;9942;25;;;9951;11;9953;15;;;9948.0;0.0
yf_ZC=F_d4;49400;INTARIAN_PEPPER_ROOT;10911;12;10909;12;;;10917;18;10919;15;;;10914.0;0.0
yf_ZC=F_d4;49500;ASH_COATED_OSMIUM;9940;6;9938;14;;;9955;15;9958;25;;;9947.5;0.0
yf_ZC=F_d4;49500;INTARIAN_PEPPER_ROOT;10910;10;10907;15;;;10917;16;10919;8;;;10913.5;0.0
yf_ZC=F_d4;49600;ASH_COATED_OSMIUM;9945;6;9942;13;;;9951;22;9954;18;;;9948.0;0.0
yf_ZC=F_d4;49600;INTARIAN_PEPPER_ROOT;10910;9;10908;16;;;10916;10;10920;16;;;10913.0;0.0
yf_ZC=F_d4;49700;ASH_COATED_OSMIUM;9945;6;9941;19;;;9951;23;9955;21;;;9948.0;0.0
yf_ZC=F_d4;49700;INTARIAN_PEPPER_ROOT;10907;19;10903;20;;;10916;17;10919;25;;;10911.5;0.0
yf_ZC=F_d4;49800;ASH_COATED_OSMIUM;9945;19;9943;16;;;9951;8;9954;24;;;9948.0;0.0
yf_ZC=F_d4;49800;INTARIAN_PEPPER_ROOT;10903;15;10900;20;;;10920;16;10922;19;;;10911.5;0.0
yf_ZC=F_d4;49900;ASH_COATED_OSMIUM;9944;12;9941;18;;;9952;18;9955;23;;;9948.0;0.0
yf_ZC=F_d4;49900;INTARIAN_PEPPER_ROOT;10888;20;10884;25;;;10932;8;10934;24;;;10910.0;0.0
yf_ZC=F_d4;50000;ASH_COATED_OSMIUM;9942;12;9939;22;;;9954;19;9957;26;;;9948.0;0.0
yf_ZC=F_d4;50000;INTARIAN_PEPPER_ROOT;10894;20;10891;18;;;10925;18;10928;18;;;10909.5;0.0
yf_ZC=F_d4;50100;ASH_COATED_OSMIUM;9945;5;9942;12;;;9951;11;9955;23;;;9948.0;0.0
yf_ZC=F_d4;50100;INTARIAN_PEPPER_ROOT;10906;13;10902;29;;;10912;16;10914;22;;;10909.0;0.0
yf_ZC=F_d4;50200;ASH_COATED_OSMIUM;9936;13;9932;11;;;9960;11;9962;18;;;9948.0;0.0
yf_ZC=F_d4;50200;INTARIAN_PEPPER_ROOT;10905;9;10903;13;;;10911;18;10913;14;;;10908.0;0.0
yf_ZC=F_d4;50300;ASH_COATED_OSMIUM;9946;10;9944;11;;;9952;17;9955;13;;;9949.0;0.0
yf_ZC=F_d4;50300;INTARIAN_PEPPER_ROOT;10899;14;10897;22;;;10916;11;10918;17;;;10907.5;0.0
yf_ZC=F_d4;50400;ASH_COATED_OSMIUM;9946;5;9942;23;;;9952;26;9955;15;;;9949.0;0.0
yf_ZC=F_d4;50400;INTARIAN_PEPPER_ROOT;10904;17;10900;19;;;10910;24;10913;21;;;10907.0;0.0
yf_ZC=F_d4;50500;ASH_COATED_OSMIUM;9940;25;9938;21;;;9958;16;9961;21;;;9949.0;0.0
yf_ZC=F_d4;50500;INTARIAN_PEPPER_ROOT;10903;5;10899;26;;;10910;18;10912;15;;;10906.5;0.0
yf_ZC=F_d4;50600;ASH_COATED_OSMIUM;9945;20;9943;26;;;9953;14;9955;24;;;9949.0;0.0
yf_ZC=F_d4;50600;INTARIAN_PEPPER_ROOT;10902;17;10900;13;;;10908;9;10912;22;;;10905.0;0.0
yf_ZC=F_d4;50700;ASH_COATED_OSMIUM;9946;17;9942;23;;;9952;22;9955;31;;;9949.0;0.0
yf_ZC=F_d4;50700;INTARIAN_PEPPER_ROOT;10901;15;10898;23;;;10907;17;10910;16;;;10904.0;0.0
yf_ZC=F_d4;50800;ASH_COATED_OSMIUM;9938;16;9935;24;;;9960;25;9964;20;;;9949.0;0.0
yf_ZC=F_d4;50800;INTARIAN_PEPPER_ROOT;10901;12;10897;16;;;10907;8;10911;15;;;10904.0;0.0
yf_ZC=F_d4;50900;ASH_COATED_OSMIUM;9945;12;9941;20;;;9953;22;9957;22;;;9949.0;0.0
yf_ZC=F_d4;50900;INTARIAN_PEPPER_ROOT;10899;29;10895;19;;;10907;19;10911;30;;;10903.0;0.0
yf_ZC=F_d4;51000;ASH_COATED_OSMIUM;9946;23;9943;21;;;9952;23;9954;22;;;9949.0;0.0
yf_ZC=F_d4;51000;INTARIAN_PEPPER_ROOT;10898;16;10896;14;;;10906;21;10909;26;;;10902.0;0.0
yf_ZC=F_d4;51100;ASH_COATED_OSMIUM;9946;20;9943;26;;;9952;10;9954;15;;;9949.0;0.0
yf_ZC=F_d4;51100;INTARIAN_PEPPER_ROOT;10888;7;10886;22;;;10915;17;10918;14;;;10901.5;0.0
yf_ZC=F_d4;51200;ASH_COATED_OSMIUM;9946;10;9943;17;;;9952;21;9954;20;;;9949.0;0.0
yf_ZC=F_d4;51200;INTARIAN_PEPPER_ROOT;10898;15;10894;13;;;10904;19;10907;21;;;10901.0;0.0
yf_ZC=F_d4;51300;ASH_COATED_OSMIUM;9935;21;9933;18;;;9964;15;9967;17;;;9949.5;0.0
yf_ZC=F_d4;51300;INTARIAN_PEPPER_ROOT;10897;16;10893;23;;;10903;25;10906;11;;;10900.0;0.0
yf_ZC=F_d4;51400;ASH_COATED_OSMIUM;9947;13;9944;15;;;9953;12;9955;15;;;9950.0;0.0
yf_ZC=F_d4;51400;INTARIAN_PEPPER_ROOT;10890;15;10887;15;;;10907;17;10911;18;;;10898.5;0.0
yf_ZC=F_d4;51500;ASH_COATED_OSMIUM;9947;13;9945;18;;;9954;20;9957;23;;;9950.5;0.0
yf_ZC=F_d4;51500;INTARIAN_PEPPER_ROOT;10895;9;10891;33;;;10901;10;10904;20;;;10898.0;0.0
yf_ZC=F_d4;51600;ASH_COATED_OSMIUM;9947;15;9943;12;;;9953;16;9956;13;;;9950.0;0.0
yf_ZC=F_d4;51600;INTARIAN_PEPPER_ROOT;10894;11;10892;14;;;10900;19;10903;21;;;10897.0;0.0
yf_ZC=F_d4;51700;ASH_COATED_OSMIUM;9941;20;9937;25;;;9958;10;9960;14;;;9949.5;0.0
yf_ZC=F_d4;51700;INTARIAN_PEPPER_ROOT;10890;12;10888;14;;;10903;11;10906;19;;;10896.5;0.0
yf_ZC=F_d4;51800;ASH_COATED_OSMIUM;9947;16;9944;18;;;9953;12;9957;28;;;9950.0;0.0
yf_ZC=F_d4;51800;INTARIAN_PEPPER_ROOT;10887;13;10884;20;;;10903;15;10905;15;;;10895.0;0.0
yf_ZC=F_d4;51900;ASH_COATED_OSMIUM;9942;17;9938;13;;;9959;11;9963;18;;;9950.5;0.0
yf_ZC=F_d4;51900;INTARIAN_PEPPER_ROOT;10891;13;10887;13;;;10898;13;10900;15;;;10894.5;0.0
yf_ZC=F_d4;52000;ASH_COATED_OSMIUM;9946;10;9942;15;;;9955;17;9958;18;;;9950.5;0.0
yf_ZC=F_d4;52000;INTARIAN_PEPPER_ROOT;10890;12;10886;12;;;10896;17;10899;21;;;10893.0;0.0
yf_ZC=F_d4;52100;ASH_COATED_OSMIUM;9941;11;9939;26;;;9962;8;9965;12;;;9951.5;0.0
yf_ZC=F_d4;52100;INTARIAN_PEPPER_ROOT;10878;19;10876;21;;;10907;17;10909;19;;;10892.5;0.0
yf_ZC=F_d4;52200;ASH_COATED_OSMIUM;9947;10;9943;21;;;9957;13;9960;17;;;9952.0;0.0
yf_ZC=F_d4;52200;INTARIAN_PEPPER_ROOT;10889;15;10886;17;;;10895;13;10899;27;;;10892.0;0.0
yf_ZC=F_d4;52300;ASH_COATED_OSMIUM;9948;18;9946;22;;;9954;27;9957;17;;;9951.0;0.0
yf_ZC=F_d4;52300;INTARIAN_PEPPER_ROOT;10887;14;10885;30;;;10894;18;10897;20;;;10890.5;0.0
yf_ZC=F_d4;52400;ASH_COATED_OSMIUM;9949;24;9947;26;;;9955;16;9958;15;;;9952.0;0.0
yf_ZC=F_d4;52400;INTARIAN_PEPPER_ROOT;10887;16;10885;18;;;10893;16;10895;22;;;10890.0;0.0
yf_ZC=F_d4;52500;ASH_COATED_OSMIUM;9931;13;9927;12;;;9974;9;9978;22;;;9952.5;0.0
yf_ZC=F_d4;52500;INTARIAN_PEPPER_ROOT;10884;17;10882;23;;;10894;17;10898;20;;;10889.0;0.0
yf_ZC=F_d4;52600;ASH_COATED_OSMIUM;9950;17;9948;18;;;9956;7;9960;23;;;9953.0;0.0
yf_ZC=F_d4;52600;INTARIAN_PEPPER_ROOT;10874;8;10872;19;;;10902;11;10906;20;;;10888.0;0.0
yf_ZC=F_d4;52700;ASH_COATED_OSMIUM;9944;18;9941;16;;;9960;18;9962;14;;;9952.0;0.0
yf_ZC=F_d4;52700;INTARIAN_PEPPER_ROOT;10885;18;10883;23;;;10891;14;10894;15;;;10888.0;0.0
yf_ZC=F_d4;52800;ASH_COATED_OSMIUM;9950;18;9946;24;;;9956;16;9960;14;;;9953.0;0.0
yf_ZC=F_d4;52800;INTARIAN_PEPPER_ROOT;10884;11;10880;15;;;10890;14;10892;19;;;10887.0;0.0
yf_ZC=F_d4;52900;ASH_COATED_OSMIUM;9950;13;9947;22;;;9956;19;9958;17;;;9953.0;0.0
yf_ZC=F_d4;52900;INTARIAN_PEPPER_ROOT;10877;17;10874;15;;;10895;25;10899;23;;;10886.0;0.0
yf_ZC=F_d4;53000;ASH_COATED_OSMIUM;9950;20;9947;23;;;9956;19;9958;13;;;9953.0;0.0
yf_ZC=F_d4;53000;INTARIAN_PEPPER_ROOT;10882;12;10879;18;;;10888;17;10890;11;;;10885.0;0.0
yf_ZC=F_d4;53100;ASH_COATED_OSMIUM;9949;12;9945;22;;;9957;15;9959;24;;;9953.0;0.0
yf_ZC=F_d4;53100;INTARIAN_PEPPER_ROOT;10880;15;10877;22;;;10888;12;10890;20;;;10884.0;0.0
yf_ZC=F_d4;53200;ASH_COATED_OSMIUM;9947;19;9944;21;;;9960;16;9962;15;;;9953.5;0.0
yf_ZC=F_d4;53200;INTARIAN_PEPPER_ROOT;10881;15;10878;29;;;10887;25;10889;14;;;10884.0;0.0
yf_ZC=F_d4;53300;ASH_COATED_OSMIUM;9950;13;9947;12;;;9956;16;9959;19;;;9953.0;0.0
yf_ZC=F_d4;53300;INTARIAN_PEPPER_ROOT;10876;14;10874;11;;;10888;15;10890;22;;;10882.0;0.0
yf_ZC=F_d4;53400;ASH_COATED_OSMIUM;9951;22;9948;22;;;9957;8;9961;19;;;9954.0;0.0
yf_ZC=F_d4;53400;INTARIAN_PEPPER_ROOT;10879;18;10875;24;;;10885;12;10889;17;;;10882.0;0.0
yf_ZC=F_d4;53500;ASH_COATED_OSMIUM;9950;17;9947;21;;;9958;10;9962;25;;;9954.0;0.0
yf_ZC=F_d4;53500;INTARIAN_PEPPER_ROOT;10875;17;10872;24;;;10885;19;10888;17;;;10880.0;0.0
yf_ZC=F_d4;53600;ASH_COATED_OSMIUM;9951;22;9947;25;;;9957;17;9961;13;;;9954.0;0.0
yf_ZC=F_d4;53600;INTARIAN_PEPPER_ROOT;10877;12;10875;16;;;10883;14;10885;19;;;10880.0;0.0
yf_ZC=F_d4;53700;ASH_COATED_OSMIUM;9947;17;9945;17;;;9961;19;9964;19;;;9954.0;0.0
yf_ZC=F_d4;53700;INTARIAN_PEPPER_ROOT;10877;15;10875;10;;;10883;16;10886;22;;;10880.0;0.0
yf_ZC=F_d4;53800;ASH_COATED_OSMIUM;9952;17;9949;19;;;9958;22;9962;18;;;9955.0;0.0
yf_ZC=F_d4;53800;INTARIAN_PEPPER_ROOT;10876;10;10874;18;;;10882;19;10885;25;;;10879.0;0.0
yf_ZC=F_d4;53900;ASH_COATED_OSMIUM;9952;17;9948;25;;;9958;14;9961;26;;;9955.0;0.0
yf_ZC=F_d4;53900;INTARIAN_PEPPER_ROOT;10872;8;10870;14;;;10884;16;10888;23;;;10878.0;0.0
yf_ZC=F_d4;54000;ASH_COATED_OSMIUM;9952;10;9949;12;;;9958;18;9961;16;;;9955.0;0.0
yf_ZC=F_d4;54000;INTARIAN_PEPPER_ROOT;10874;17;10870;22;;;10880;16;10883;16;;;10877.0;0.0
yf_ZC=F_d4;54100;ASH_COATED_OSMIUM;9950;15;9947;19;;;9960;16;9962;17;;;9955.0;0.0
yf_ZC=F_d4;54100;INTARIAN_PEPPER_ROOT;10872;23;10869;8;;;10880;15;10883;20;;;10876.0;0.0
yf_ZC=F_d4;54200;ASH_COATED_OSMIUM;9945;15;9943;26;;;9966;16;9970;32;;;9955.5;0.0
yf_ZC=F_d4;54200;INTARIAN_PEPPER_ROOT;10872;12;10868;9;;;10878;20;10882;14;;;10875.0;0.0
yf_ZC=F_d4;54300;ASH_COATED_OSMIUM;9949;21;9945;29;;;9963;12;9966;23;;;9956.0;0.0
yf_ZC=F_d4;54300;INTARIAN_PEPPER_ROOT;10868;8;10865;19;;;10879;15;10881;23;;;10873.5;0.0
yf_ZC=F_d4;54400;ASH_COATED_OSMIUM;9952;5;9950;22;;;9958;15;9962;15;;;9955.0;0.0
yf_ZC=F_d4;54400;INTARIAN_PEPPER_ROOT;10869;14;10867;17;;;10877;15;10879;29;;;10873.0;0.0
yf_ZC=F_d4;54500;ASH_COATED_OSMIUM;9947;5;9943;23;;;9963;11;9966;22;;;9955.0;0.0
yf_ZC=F_d4;54500;INTARIAN_PEPPER_ROOT;10869;24;10865;16;;;10875;14;10877;25;;;10872.0;0.0
yf_ZC=F_d4;54600;ASH_COATED_OSMIUM;9954;20;9950;19;;;9960;9;9962;24;;;9957.0;0.0
yf_ZC=F_d4;54600;INTARIAN_PEPPER_ROOT;10867;10;10865;19;;;10877;17;10881;14;;;10872.0;0.0
yf_ZC=F_d4;54700;ASH_COATED_OSMIUM;9935;15;9932;23;;;9978;13;9982;21;;;9956.5;0.0
yf_ZC=F_d4;54700;INTARIAN_PEPPER_ROOT;10868;19;10866;20;;;10874;8;10877;17;;;10871.0;0.0
yf_ZC=F_d4;54800;ASH_COATED_OSMIUM;9948;24;9946;18;;;9965;8;9968;15;;;9956.5;0.0
yf_ZC=F_d4;54800;INTARIAN_PEPPER_ROOT;10864;11;10861;28;;;10876;17;10880;19;;;10870.0;0.0
yf_ZC=F_d4;54900;ASH_COATED_OSMIUM;9939;23;9937;23;;;9975;19;9978;18;;;9957.0;0.0
yf_ZC=F_d4;54900;INTARIAN_PEPPER_ROOT;10866;21;10863;19;;;10872;13;10875;21;;;10869.0;0.0
yf_ZC=F_d4;55000;ASH_COATED_OSMIUM;9954;20;9950;13;;;9960;22;9962;16;;;9957.0;0.0
yf_ZC=F_d4;55000;INTARIAN_PEPPER_ROOT;10864;11;10861;18;;;10870;24;10872;10;;;10867.0;0.0
yf_ZC=F_d4;55100;ASH_COATED_OSMIUM;9954;17;9950;17;;;9960;15;9962;30;;;9957.0;0.0
yf_ZC=F_d4;55100;INTARIAN_PEPPER_ROOT;10864;18;10860;16;;;10870;5;10873;19;;;10867.0;0.0
yf_ZC=F_d4;55200;ASH_COATED_OSMIUM;9954;17;9950;21;;;9960;15;9964;30;;;9957.0;0.0
yf_ZC=F_d4;55200;INTARIAN_PEPPER_ROOT;10863;14;10859;27;;;10869;19;10871;23;;;10866.0;0.0
yf_ZC=F_d4;55300;ASH_COATED_OSMIUM;9955;11;9953;23;;;9961;21;9964;17;;;9958.0;0.0
yf_ZC=F_d4;55300;INTARIAN_PEPPER_ROOT;10862;16;10860;26;;;10869;12;10872;16;;;10865.5;0.0
yf_ZC=F_d4;55400;ASH_COATED_OSMIUM;9955;18;9953;16;;;9961;18;9964;18;;;9958.0;0.0
yf_ZC=F_d4;55400;INTARIAN_PEPPER_ROOT;10853;8;10850;23;;;10876;7;10879;20;;;10864.5;0.0
yf_ZC=F_d4;55500;ASH_COATED_OSMIUM;9955;16;9952;19;;;9961;13;9963;13;;;9958.0;0.0
yf_ZC=F_d4;55500;INTARIAN_PEPPER_ROOT;10861;16;10859;21;;;10868;11;10871;19;;;10864.5;0.0
yf_ZC=F_d4;55600;ASH_COATED_OSMIUM;9955;12;9952;15;;;9961;18;9964;24;;;9958.0;0.0
yf_ZC=F_d4;55600;INTARIAN_PEPPER_ROOT;10860;13;10857;21;;;10866;19;10870;10;;;10863.0;0.0
yf_ZC=F_d4;55700;ASH_COATED_OSMIUM;9951;7;9949;20;;;9965;17;9969;19;;;9958.0;0.0
yf_ZC=F_d4;55700;INTARIAN_PEPPER_ROOT;10855;20;10853;19;;;10870;15;10874;17;;;10862.5;0.0
yf_ZC=F_d4;55800;ASH_COATED_OSMIUM;9954;15;9951;11;;;9964;10;9968;21;;;9959.0;0.0
yf_ZC=F_d4;55800;INTARIAN_PEPPER_ROOT;10858;12;10856;17;;;10864;15;10866;28;;;10861.0;0.0
yf_ZC=F_d4;55900;ASH_COATED_OSMIUM;9953;14;9949;17;;;9966;22;9968;17;;;9959.5;0.0
yf_ZC=F_d4;55900;INTARIAN_PEPPER_ROOT;10858;6;10854;12;;;10864;12;10868;21;;;10861.0;0.0
yf_ZC=F_d4;56000;ASH_COATED_OSMIUM;9949;16;9945;25;;;9968;13;9971;26;;;9958.5;0.0
yf_ZC=F_d4;56000;INTARIAN_PEPPER_ROOT;10857;9;10855;11;;;10863;20;10867;23;;;10860.0;0.0
yf_ZC=F_d4;56100;ASH_COATED_OSMIUM;9957;11;9953;21;;;9963;15;9967;17;;;9960.0;0.0
yf_ZC=F_d4;56100;INTARIAN_PEPPER_ROOT;10856;16;10852;22;;;10862;19;10866;19;;;10859.0;0.0
yf_ZC=F_d4;56200;ASH_COATED_OSMIUM;9956;12;9954;14;;;9962;16;9965;21;;;9959.0;0.0
yf_ZC=F_d4;56200;INTARIAN_PEPPER_ROOT;10855;14;10852;27;;;10861;22;10864;17;;;10858.0;0.0
yf_ZC=F_d4;56300;ASH_COATED_OSMIUM;9957;18;9955;20;;;9963;19;9967;18;;;9960.0;0.0
yf_ZC=F_d4;56300;INTARIAN_PEPPER_ROOT;10852;17;10850;27;;;10863;16;10867;17;;;10857.5;0.0
yf_ZC=F_d4;56400;ASH_COATED_OSMIUM;9957;9;9953;12;;;9963;15;9965;28;;;9960.0;0.0
yf_ZC=F_d4;56400;INTARIAN_PEPPER_ROOT;10853;10;10851;31;;;10859;20;10862;20;;;10856.0;0.0
yf_ZC=F_d4;56500;ASH_COATED_OSMIUM;9957;21;9954;15;;;9963;22;9966;16;;;9960.0;0.0
yf_ZC=F_d4;56500;INTARIAN_PEPPER_ROOT;10840;23;10837;18;;;10870;19;10873;25;;;10855.0;0.0
yf_ZC=F_d4;56600;ASH_COATED_OSMIUM;9957;20;9953;14;;;9963;15;9967;27;;;9960.0;0.0
yf_ZC=F_d4;56600;INTARIAN_PEPPER_ROOT;10852;11;10848;26;;;10858;15;10860;13;;;10855.0;0.0
yf_ZC=F_d4;56700;ASH_COATED_OSMIUM;9957;18;9953;32;;;9963;14;9966;17;;;9960.0;0.0
yf_ZC=F_d4;56700;INTARIAN_PEPPER_ROOT;10851;24;10848;11;;;10857;14;10859;18;;;10854.0;0.0
yf_ZC=F_d4;56800;ASH_COATED_OSMIUM;9958;14;9956;12;;;9964;15;9966;20;;;9961.0;0.0
yf_ZC=F_d4;56800;INTARIAN_PEPPER_ROOT;10848;17;10846;27;;;10856;22;10858;21;;;10852.0;0.0
yf_ZC=F_d4;56900;ASH_COATED_OSMIUM;9958;10;9954;23;;;9964;11;9968;22;;;9961.0;0.0
yf_ZC=F_d4;56900;INTARIAN_PEPPER_ROOT;10847;24;10844;10;;;10857;5;10859;25;;;10852.0;0.0
yf_ZC=F_d4;57000;ASH_COATED_OSMIUM;9958;16;9954;26;;;9964;21;9968;14;;;9961.0;0.0
yf_ZC=F_d4;57000;INTARIAN_PEPPER_ROOT;10848;11;10845;24;;;10854;24;10857;29;;;10851.0;0.0
yf_ZC=F_d4;57100;ASH_COATED_OSMIUM;9958;5;9956;20;;;9964;17;9966;25;;;9961.0;0.0
yf_ZC=F_d4;57100;INTARIAN_PEPPER_ROOT;10844;17;10841;18;;;10857;18;10861;27;;;10850.5;0.0
yf_ZC=F_d4;57200;ASH_COATED_OSMIUM;9958;15;9956;27;;;9964;15;9967;19;;;9961.0;0.0
yf_ZC=F_d4;57200;INTARIAN_PEPPER_ROOT;10837;10;10835;28;;;10862;9;10866;27;;;10849.5;0.0
yf_ZC=F_d4;57300;ASH_COATED_OSMIUM;9958;16;9956;18;;;9964;11;9967;25;;;9961.0;0.0
yf_ZC=F_d4;57300;INTARIAN_PEPPER_ROOT;10846;15;10844;20;;;10852;27;10856;16;;;10849.0;0.0
yf_ZC=F_d4;57400;ASH_COATED_OSMIUM;9958;17;9955;12;;;9964;24;9968;23;;;9961.0;0.0
yf_ZC=F_d4;57400;INTARIAN_PEPPER_ROOT;10843;20;10840;19;;;10851;22;10855;23;;;10847.0;0.0
yf_ZC=F_d4;57500;ASH_COATED_OSMIUM;9959;12;9956;30;;;9965;13;9969;16;;;9962.0;0.0
yf_ZC=F_d4;57500;INTARIAN_PEPPER_ROOT;10844;19;10841;16;;;10850;12;10853;17;;;10847.0;0.0
yf_ZC=F_d4;57600;ASH_COATED_OSMIUM;9951;14;9949;21;;;9974;12;9977;16;;;9962.5;0.0
yf_ZC=F_d4;57600;INTARIAN_PEPPER_ROOT;10843;15;10841;13;;;10849;16;10851;28;;;10846.0;0.0
yf_ZC=F_d4;57700;ASH_COATED_OSMIUM;9959;14;9956;17;;;9965;9;9969;22;;;9962.0;0.0
yf_ZC=F_d4;57700;INTARIAN_PEPPER_ROOT;10841;14;10837;23;;;10849;12;10852;21;;;10845.0;0.0
yf_ZC=F_d4;57800;ASH_COATED_OSMIUM;9959;13;9955;16;;;9965;24;9969;18;;;9962.0;0.0
yf_ZC=F_d4;57800;INTARIAN_PEPPER_ROOT;10841;17;10838;22;;;10847;13;10851;8;;;10844.0;0.0
yf_ZC=F_d4;57900;ASH_COATED_OSMIUM;9960;10;9958;18;;;9966;16;9968;25;;;9963.0;0.0
yf_ZC=F_d4;57900;INTARIAN_PEPPER_ROOT;10840;11;10838;23;;;10846;12;10850;25;;;10843.0;0.0
yf_ZC=F_d4;58000;ASH_COATED_OSMIUM;9960;10;9957;19;;;9966;13;9969;23;;;9963.0;0.0
yf_ZC=F_d4;58000;INTARIAN_PEPPER_ROOT;10840;15;10838;18;;;10846;18;10850;13;;;10843.0;0.0
yf_ZC=F_d4;58100;ASH_COATED_OSMIUM;9960;6;9958;16;;;9966;10;9968;25;;;9963.0;0.0
yf_ZC=F_d4;58100;INTARIAN_PEPPER_ROOT;10837;16;10833;18;;;10847;12;10850;18;;;10842.0;0.0
yf_ZC=F_d4;58200;ASH_COATED_OSMIUM;9960;16;9958;23;;;9966;13;9968;20;;;9963.0;0.0
yf_ZC=F_d4;58200;INTARIAN_PEPPER_ROOT;10838;13;10835;25;;;10844;24;10847;22;;;10841.0;0.0
yf_ZC=F_d4;58300;ASH_COATED_OSMIUM;9960;12;9956;9;;;9967;22;9970;23;;;9963.5;0.0
