day;timestamp;product;bid_price_1;bid_volume_1;bid_price_2;bid_volume_2;bid_price_3;bid_volume_3;ask_price_1;ask_volume_1;ask_price_2;ask_volume_2;ask_price_3;ask_volume_3;mid_price;profit_and_loss
av_COTTON_d5;0;ASH_COATED_OSMIUM;9896;15;9892;20;;;9904;14;9907;23;;;9900.0;0.0
av_COTTON_d5;0;INTARIAN_PEPPER_ROOT;10794;16;10792;22;;;10803;18;10806;22;;;10798.5;0.0
av_COTTON_d5;100;ASH_COATED_OSMIUM;9896;6;9892;15;;;9902;12;9904;15;;;9899.0;0.0
av_COTTON_d5;100;INTARIAN_PEPPER_ROOT;10794;19;10792;14;;;10800;14;10802;22;;;10797.0;0.0
av_COTTON_d5;200;ASH_COATED_OSMIUM;9896;16;9893;22;;;9902;15;9904;25;;;9899.0;0.0
av_COTTON_d5;200;INTARIAN_PEPPER_ROOT;10792;5;10788;23;;;10798;13;10802;26;;;10795.0;0.0
av_COTTON_d5;300;ASH_COATED_OSMIUM;9887;13;9883;25;;;9910;15;9912;20;;;9898.5;0.0
av_COTTON_d5;300;INTARIAN_PEPPER_ROOT;10790;13;10786;25;;;10796;10;10798;22;;;10793.0;0.0
av_COTTON_d5;400;ASH_COATED_OSMIUM;9896;17;9892;13;;;9902;14;9904;20;;;9899.0;0.0
av_COTTON_d5;400;INTARIAN_PEPPER_ROOT;10787;19;10783;26;;;10796;21;10798;18;;;10791.5;0.0
av_COTTON_d5;500;ASH_COATED_OSMIUM;9897;15;9895;12;;;9903;16;9906;18;;;9900.0;0.0
av_COTTON_d5;500;INTARIAN_PEPPER_ROOT;10785;12;10781;23;;;10792;17;10795;17;;;10788.5;0.0
av_COTTON_d5;600;ASH_COATED_OSMIUM;9892;23;9890;18;;;9908;17;9910;16;;;9900.0;0.0
av_COTTON_d5;600;INTARIAN_PEPPER_ROOT;10782;14;10780;11;;;10792;15;10795;15;;;10787.0;0.0
av_COTTON_d5;700;ASH_COATED_OSMIUM;9897;19;9894;21;;;9903;23;9907;15;;;9900.0;0.0
av_COTTON_d5;700;INTARIAN_PEPPER_ROOT;10782;14;10780;14;;;10789;11;10793;13;;;10785.5;0.0
av_COTTON_d5;800;ASH_COATED_OSMIUM;9894;14;9892;25;;;9905;23;9907;15;;;9899.5;0.0
av_COTTON_d5;800;INTARIAN_PEPPER_ROOT;10780;14;10776;15;;;10787;13;10790;14;;;10783.5;0.0
av_COTTON_d5;900;ASH_COATED_OSMIUM;9897;18;9894;20;;;9903;14;9906;27;;;9900.0;0.0
av_COTTON_d5;900;INTARIAN_PEPPER_ROOT;10767;21;10763;16;;;10795;14;10799;20;;;10781.0;0.0
av_COTTON_d5;1000;ASH_COATED_OSMIUM;9894;13;9890;17;;;9903;17;9907;21;;;9898.5;0.0
av_COTTON_d5;1000;INTARIAN_PEPPER_ROOT;10776;8;10773;16;;;10782;17;10785;18;;;10779.0;0.0
av_COTTON_d5;1100;ASH_COATED_OSMIUM;9896;11;9893;17;;;9902;18;9904;8;;;9899.0;0.0
av_COTTON_d5;1100;INTARIAN_PEPPER_ROOT;10770;24;10767;14;;;10786;18;10789;27;;;10778.0;0.0
av_COTTON_d5;1200;ASH_COATED_OSMIUM;9897;15;9894;21;;;9903;8;9907;23;;;9900.0;0.0
av_COTTON_d5;1200;INTARIAN_PEPPER_ROOT;10772;19;10768;19;;;10778;14;10782;19;;;10775.0;0.0
av_COTTON_d5;1300;ASH_COATED_OSMIUM;9893;7;9890;27;;;9906;19;9908;26;;;9899.5;0.0
av_COTTON_d5;1300;INTARIAN_PEPPER_ROOT;10767;16;10763;9;;;10781;19;10785;15;;;10774.0;0.0
av_COTTON_d5;1400;ASH_COATED_OSMIUM;9884;20;9881;22;;;9916;9;9919;22;;;9900.0;0.0
av_COTTON_d5;1400;INTARIAN_PEPPER_ROOT;10769;10;10765;22;;;10775;20;10779;21;;;10772.0;0.0
av_COTTON_d5;1500;ASH_COATED_OSMIUM;9894;10;9892;18;;;9904;16;9908;25;;;9899.0;0.0
av_COTTON_d5;1500;INTARIAN_PEPPER_ROOT;10765;13;10762;23;;;10774;12;10776;11;;;10769.5;0.0
av_COTTON_d5;1600;ASH_COATED_OSMIUM;9897;15;9894;23;;;9903;12;9905;21;;;9900.0;0.0
av_COTTON_d5;1600;INTARIAN_PEPPER_ROOT;10765;5;10762;27;;;10771;14;10774;14;;;10768.0;0.0
av_COTTON_d5;1700;ASH_COATED_OSMIUM;9894;16;9892;21;;;9905;7;9909;26;;;9899.5;0.0
av_COTTON_d5;1700;INTARIAN_PEPPER_ROOT;10758;9;10754;13;;;10774;14;10777;18;;;10766.0;0.0
av_COTTON_d5;1800;ASH_COATED_OSMIUM;9896;16;9894;25;;;9902;12;9904;20;;;9899.0;0.0
av_COTTON_d5;1800;INTARIAN_PEPPER_ROOT;10760;24;10757;13;;;10766;10;10770;14;;;10763.0;0.0
av_COTTON_d5;1900;ASH_COATED_OSMIUM;9897;16;9895;20;;;9903;11;9905;21;;;9900.0;0.0
av_COTTON_d5;1900;INTARIAN_PEPPER_ROOT;10757;19;10754;24;;;10765;9;10769;20;;;10761.0;0.0
av_COTTON_d5;2000;ASH_COATED_OSMIUM;9897;20;9895;20;;;9903;18;9907;23;;;9900.0;0.0
av_COTTON_d5;2000;INTARIAN_PEPPER_ROOT;10757;13;10754;20;;;10763;15;10765;24;;;10760.0;0.0
av_COTTON_d5;2100;ASH_COATED_OSMIUM;9896;20;9894;16;;;9902;9;9906;19;;;9899.0;0.0
av_COTTON_d5;2100;INTARIAN_PEPPER_ROOT;10754;19;10752;19;;;10760;16;10762;26;;;10757.0;0.0
av_COTTON_d5;2200;ASH_COATED_OSMIUM;9897;12;9894;20;;;9903;8;9907;15;;;9900.0;0.0
av_COTTON_d5;2200;INTARIAN_PEPPER_ROOT;10753;19;10749;21;;;10759;12;10763;17;;;10756.0;0.0
av_COTTON_d5;2300;ASH_COATED_OSMIUM;9897;20;9895;21;;;9903;27;9905;19;;;9900.0;0.0
av_COTTON_d5;2300;INTARIAN_PEPPER_ROOT;10746;8;10743;31;;;10761;19;10765;17;;;10753.5;0.0
av_COTTON_d5;2400;ASH_COATED_OSMIUM;9896;18;9892;15;;;9903;21;9906;18;;;9899.5;0.0
av_COTTON_d5;2400;INTARIAN_PEPPER_ROOT;10749;16;10746;16;;;10755;16;10757;20;;;10752.0;0.0
av_COTTON_d5;2500;ASH_COATED_OSMIUM;9896;10;9894;32;;;9903;19;9905;17;;;9899.5;0.0
av_COTTON_d5;2500;INTARIAN_PEPPER_ROOT;10747;7;10745;21;;;10753;7;10757;27;;;10750.0;0.0
av_COTTON_d5;2600;ASH_COATED_OSMIUM;9897;17;9894;22;;;9903;13;9905;12;;;9900.0;0.0
av_COTTON_d5;2600;INTARIAN_PEPPER_ROOT;10736;15;10734;25;;;10758;13;10761;12;;;10747.0;0.0
av_COTTON_d5;2700;ASH_COATED_OSMIUM;9895;23;9892;14;;;9904;20;9906;19;;;9899.5;0.0
av_COTTON_d5;2700;INTARIAN_PEPPER_ROOT;10735;22;10733;30;;;10756;18;10760;11;;;10745.5;0.0
av_COTTON_d5;2800;ASH_COATED_OSMIUM;9896;16;9892;16;;;9902;9;9904;28;;;9899.0;0.0
av_COTTON_d5;2800;INTARIAN_PEPPER_ROOT;10741;14;10737;19;;;10747;22;10749;17;;;10744.0;0.0
av_COTTON_d5;2900;ASH_COATED_OSMIUM;9897;17;9893;21;;;9903;15;9907;28;;;9900.0;0.0
av_COTTON_d5;2900;INTARIAN_PEPPER_ROOT;10729;21;10725;27;;;10754;19;10758;27;;;10741.5;0.0
av_COTTON_d5;3000;ASH_COATED_OSMIUM;9897;9;9895;19;;;9904;6;9908;25;;;9900.5;0.0
av_COTTON_d5;3000;INTARIAN_PEPPER_ROOT;10737;9;10735;22;;;10743;15;10745;13;;;10740.0;0.0
av_COTTON_d5;3100;ASH_COATED_OSMIUM;9896;5;9894;16;;;9902;18;9904;18;;;9899.0;0.0
av_COTTON_d5;3100;INTARIAN_PEPPER_ROOT;10732;8;10730;24;;;10743;11;10746;20;;;10737.5;0.0
av_COTTON_d5;3200;ASH_COATED_OSMIUM;9880;10;9876;20;;;9920;6;9922;27;;;9900.0;0.0
av_COTTON_d5;3200;INTARIAN_PEPPER_ROOT;10733;14;10731;30;;;10739;10;10743;24;;;10736.0;0.0
av_COTTON_d5;3300;ASH_COATED_OSMIUM;9891;9;9889;20;;;9909;18;9911;15;;;9900.0;0.0
av_COTTON_d5;3300;INTARIAN_PEPPER_ROOT;10731;21;10729;15;;;10737;15;10741;19;;;10734.0;0.0
av_COTTON_d5;3400;ASH_COATED_OSMIUM;9894;17;9891;16;;;9905;11;9908;17;;;9899.5;0.0
av_COTTON_d5;3400;INTARIAN_PEPPER_ROOT;10729;11;10725;21;;;10735;15;10739;10;;;10732.0;0.0
av_COTTON_d5;3500;ASH_COATED_OSMIUM;9893;11;9891;20;;;9906;19;9908;22;;;9899.5;0.0
av_COTTON_d5;3500;INTARIAN_PEPPER_ROOT;10724;18;10721;20;;;10735;19;10737;17;;;10729.5;0.0
av_COTTON_d5;3600;ASH_COATED_OSMIUM;9897;16;9895;19;;;9903;12;9907;22;;;9900.0;0.0
av_COTTON_d5;3600;INTARIAN_PEPPER_ROOT;10725;22;10722;21;;;10731;11;10735;19;;;10728.0;0.0
av_COTTON_d5;3700;ASH_COATED_OSMIUM;9896;15;9893;13;;;9902;6;9905;20;;;9899.0;0.0
av_COTTON_d5;3700;INTARIAN_PEPPER_ROOT;10723;28;10721;12;;;10729;15;10733;18;;;10726.0;0.0
av_COTTON_d5;3800;ASH_COATED_OSMIUM;9896;16;9894;24;;;9902;16;9904;18;;;9899.0;0.0
av_COTTON_d5;3800;INTARIAN_PEPPER_ROOT;10721;22;10718;13;;;10727;8;10730;17;;;10724.0;0.0
av_COTTON_d5;3900;ASH_COATED_OSMIUM;9897;17;9893;20;;;9903;12;9907;23;;;9900.0;0.0
av_COTTON_d5;3900;INTARIAN_PEPPER_ROOT;10718;15;10715;14;;;10725;13;10727;12;;;10721.5;0.0
av_COTTON_d5;4000;ASH_COATED_OSMIUM;9897;24;9894;27;;;9903;15;9907;24;;;9900.0;0.0
av_COTTON_d5;4000;INTARIAN_PEPPER_ROOT;10717;16;10715;19;;;10723;18;10726;17;;;10720.0;0.0
av_COTTON_d5;4100;ASH_COATED_OSMIUM;9893;19;9889;21;;;9906;14;9910;10;;;9899.5;0.0
av_COTTON_d5;4100;INTARIAN_PEPPER_ROOT;10714;11;10711;17;;;10720;7;10722;23;;;10717.0;0.0
av_COTTON_d5;4200;ASH_COATED_OSMIUM;9897;11;9894;13;;;9903;20;9907;21;;;9900.0;0.0
av_COTTON_d5;4200;INTARIAN_PEPPER_ROOT;10713;11;10709;19;;;10719;15;10723;23;;;10716.0;0.0
av_COTTON_d5;4300;ASH_COATED_OSMIUM;9897;21;9894;23;;;9903;14;9906;16;;;9900.0;0.0
av_COTTON_d5;4300;INTARIAN_PEPPER_ROOT;10710;20;10706;10;;;10718;17;10722;21;;;10714.0;0.0
av_COTTON_d5;4400;ASH_COATED_OSMIUM;9893;10;9891;11;;;9905;11;9909;14;;;9899.0;0.0
av_COTTON_d5;4400;INTARIAN_PEPPER_ROOT;10709;5;10707;22;;;10715;12;10717;22;;;10712.0;0.0
av_COTTON_d5;4500;ASH_COATED_OSMIUM;9897;8;9895;21;;;9903;14;9905;19;;;9900.0;0.0
av_COTTON_d5;4500;INTARIAN_PEPPER_ROOT;10707;17;10705;25;;;10713;17;10715;16;;;10710.0;0.0
av_COTTON_d5;4600;ASH_COATED_OSMIUM;9897;14;9895;22;;;9903;10;9906;23;;;9900.0;0.0
av_COTTON_d5;4600;INTARIAN_PEPPER_ROOT;10705;9;10701;23;;;10711;16;10715;20;;;10708.0;0.0
av_COTTON_d5;4700;ASH_COATED_OSMIUM;9896;15;9893;19;;;9902;18;9904;15;;;9899.0;0.0
av_COTTON_d5;4700;INTARIAN_PEPPER_ROOT;10703;15;10699;12;;;10709;15;10713;27;;;10706.0;0.0
av_COTTON_d5;4800;ASH_COATED_OSMIUM;9896;13;9892;20;;;9902;10;9904;28;;;9899.0;0.0
av_COTTON_d5;4800;INTARIAN_PEPPER_ROOT;10701;26;10699;16;;;10707;14;10711;20;;;10704.0;0.0
av_COTTON_d5;4900;ASH_COATED_OSMIUM;9897;21;9893;20;;;9903;9;9905;19;;;9900.0;0.0
av_COTTON_d5;4900;INTARIAN_PEPPER_ROOT;10699;22;10696;17;;;10705;16;10709;16;;;10702.0;0.0
av_COTTON_d5;5000;ASH_COATED_OSMIUM;9896;11;9894;22;;;9905;11;9908;24;;;9900.5;0.0
av_COTTON_d5;5000;INTARIAN_PEPPER_ROOT;10696;10;10692;12;;;10705;22;10708;16;;;10700.5;0.0
av_COTTON_d5;5100;ASH_COATED_OSMIUM;9897;9;9894;14;;;9903;15;9907;15;;;9900.0;0.0
av_COTTON_d5;5100;INTARIAN_PEPPER_ROOT;10692;10;10690;15;;;10704;16;10707;19;;;10698.0;0.0
av_COTTON_d5;5200;ASH_COATED_OSMIUM;9897;8;9895;21;;;9903;22;9905;22;;;9900.0;0.0
av_COTTON_d5;5200;INTARIAN_PEPPER_ROOT;10675;22;10671;30;;;10717;18;10719;22;;;10696.0;0.0
av_COTTON_d5;5300;ASH_COATED_OSMIUM;9897;10;9895;19;;;9903;13;9906;20;;;9900.0;0.0
av_COTTON_d5;5300;INTARIAN_PEPPER_ROOT;10690;16;10688;11;;;10698;9;10702;23;;;10694.0;0.0
av_COTTON_d5;5400;ASH_COATED_OSMIUM;9888;19;9886;16;;;9912;15;9915;28;;;9900.0;0.0
av_COTTON_d5;5400;INTARIAN_PEPPER_ROOT;10689;17;10686;11;;;10696;17;10699;17;;;10692.5;0.0
av_COTTON_d5;5500;ASH_COATED_OSMIUM;9897;17;9895;12;;;9903;15;9906;14;;;9900.0;0.0
av_COTTON_d5;5500;INTARIAN_PEPPER_ROOT;10687;12;10684;15;;;10693;11;10697;19;;;10690.0;0.0
av_COTTON_d5;5600;ASH_COATED_OSMIUM;9897;22;9894;31;;;9903;18;9905;22;;;9900.0;0.0
av_COTTON_d5;5600;INTARIAN_PEPPER_ROOT;10679;8;10677;15;;;10697;26;10699;21;;;10688.0;0.0
av_COTTON_d5;5700;ASH_COATED_OSMIUM;9893;11;9891;13;;;9906;21;9910;23;;;9899.5;0.0
av_COTTON_d5;5700;INTARIAN_PEPPER_ROOT;10683;8;10679;17;;;10689;20;10692;11;;;10686.0;0.0
av_COTTON_d5;5800;ASH_COATED_OSMIUM;9897;20;9893;14;;;9903;20;9905;16;;;9900.0;0.0
av_COTTON_d5;5800;INTARIAN_PEPPER_ROOT;10681;23;10679;15;;;10688;25;10690;21;;;10684.5;0.0
av_COTTON_d5;5900;ASH_COATED_OSMIUM;9895;11;9891;15;;;9905;9;9908;20;;;9900.0;0.0
av_COTTON_d5;5900;INTARIAN_PEPPER_ROOT;10679;22;10676;31;;;10685;16;10688;15;;;10682.0;0.0
av_COTTON_d5;6000;ASH_COATED_OSMIUM;9892;22;9890;13;;;9908;10;9910;25;;;9900.0;0.0
av_COTTON_d5;6000;INTARIAN_PEPPER_ROOT;10677;11;10674;18;;;10683;10;10685;8;;;10680.0;0.0
av_COTTON_d5;6100;ASH_COATED_OSMIUM;9897;12;9894;20;;;9903;18;9907;21;;;9900.0;0.0
av_COTTON_d5;6100;INTARIAN_PEPPER_ROOT;10670;21;10667;20;;;10687;18;10690;24;;;10678.5;0.0
av_COTTON_d5;6200;ASH_COATED_OSMIUM;9896;14;9892;17;;;9902;18;9904;14;;;9899.0;0.0
av_COTTON_d5;6200;INTARIAN_PEPPER_ROOT;10673;15;10671;13;;;10679;13;10681;18;;;10676.0;0.0
av_COTTON_d5;6300;ASH_COATED_OSMIUM;9893;17;9889;21;;;9907;10;9911;12;;;9900.0;0.0
av_COTTON_d5;6300;INTARIAN_PEPPER_ROOT;10671;19;10668;25;;;10677;23;10681;20;;;10674.0;0.0
av_COTTON_d5;6400;ASH_COATED_OSMIUM;9892;10;9888;20;;;9908;18;9910;26;;;9900.0;0.0
av_COTTON_d5;6400;INTARIAN_PEPPER_ROOT;10667;25;10663;28;;;10677;20;10679;20;;;10672.0;0.0
av_COTTON_d5;6500;ASH_COATED_OSMIUM;9897;11;9894;26;;;9903;16;9906;17;;;9900.0;0.0
av_COTTON_d5;6500;INTARIAN_PEPPER_ROOT;10667;8;10664;22;;;10675;16;10679;21;;;10671.0;0.0
av_COTTON_d5;6600;ASH_COATED_OSMIUM;9896;6;9894;25;;;9903;14;9905;20;;;9899.5;0.0
av_COTTON_d5;6600;INTARIAN_PEPPER_ROOT;10665;12;10662;18;;;10671;13;10675;15;;;10668.0;0.0
av_COTTON_d5;6700;ASH_COATED_OSMIUM;9893;18;9891;24;;;9907;10;9911;24;;;9900.0;0.0
av_COTTON_d5;6700;INTARIAN_PEPPER_ROOT;10663;15;10661;25;;;10669;18;10671;18;;;10666.0;0.0
av_COTTON_d5;6800;ASH_COATED_OSMIUM;9897;8;9894;21;;;9903;13;9906;17;;;9900.0;0.0
av_COTTON_d5;6800;INTARIAN_PEPPER_ROOT;10661;13;10658;21;;;10667;16;10670;18;;;10664.0;0.0
av_COTTON_d5;6900;ASH_COATED_OSMIUM;9893;8;9891;28;;;9906;6;9909;23;;;9899.5;0.0
av_COTTON_d5;6900;INTARIAN_PEPPER_ROOT;10656;20;10653;25;;;10669;17;10672;17;;;10662.5;0.0
av_COTTON_d5;7000;ASH_COATED_OSMIUM;9897;20;9895;16;;;9903;8;9905;17;;;9900.0;0.0
av_COTTON_d5;7000;INTARIAN_PEPPER_ROOT;10657;16;10654;21;;;10663;18;10666;27;;;10660.0;0.0
av_COTTON_d5;7100;ASH_COATED_OSMIUM;9883;17;9879;10;;;9918;22;9921;17;;;9900.5;0.0
av_COTTON_d5;7100;INTARIAN_PEPPER_ROOT;10653;18;10650;14;;;10664;25;10666;27;;;10658.5;0.0
av_COTTON_d5;7200;ASH_COATED_OSMIUM;9894;16;9892;19;;;9907;11;9910;13;;;9900.5;0.0
av_COTTON_d5;7200;INTARIAN_PEPPER_ROOT;10653;12;10651;32;;;10660;12;10662;18;;;10656.5;0.0
av_COTTON_d5;7300;ASH_COATED_OSMIUM;9897;8;9894;24;;;9903;12;9906;25;;;9900.0;0.0
av_COTTON_d5;7300;INTARIAN_PEPPER_ROOT;10651;18;10648;13;;;10657;14;10660;18;;;10654.0;0.0
av_COTTON_d5;7400;ASH_COATED_OSMIUM;9896;21;9894;18;;;9902;10;9906;24;;;9899.0;0.0
av_COTTON_d5;7400;INTARIAN_PEPPER_ROOT;10649;5;10646;17;;;10655;13;10658;17;;;10652.0;0.0
av_COTTON_d5;7500;ASH_COATED_OSMIUM;9897;21;9894;10;;;9903;25;9905;26;;;9900.0;0.0
av_COTTON_d5;7500;INTARIAN_PEPPER_ROOT;10644;10;10640;24;;;10657;12;10659;14;;;10650.5;0.0
av_COTTON_d5;7600;ASH_COATED_OSMIUM;9897;19;9894;24;;;9903;7;9906;27;;;9900.0;0.0
av_COTTON_d5;7600;INTARIAN_PEPPER_ROOT;10645;17;10642;24;;;10651;12;10654;32;;;10648.0;0.0
av_COTTON_d5;7700;ASH_COATED_OSMIUM;9895;14;9893;15;;;9905;8;9908;21;;;9900.0;0.0
av_COTTON_d5;7700;INTARIAN_PEPPER_ROOT;10643;11;10639;16;;;10649;15;10651;20;;;10646.0;0.0
av_COTTON_d5;7800;ASH_COATED_OSMIUM;9894;13;9891;17;;;9905;10;9907;20;;;9899.5;0.0
av_COTTON_d5;7800;INTARIAN_PEPPER_ROOT;10633;5;10629;24;;;10655;26;10659;25;;;10644.0;0.0
av_COTTON_d5;7900;ASH_COATED_OSMIUM;9897;17;9894;13;;;9903;20;9907;24;;;9900.0;0.0
av_COTTON_d5;7900;INTARIAN_PEPPER_ROOT;10640;21;10637;24;;;10646;18;10649;15;;;10643.0;0.0
av_COTTON_d5;8000;ASH_COATED_OSMIUM;9892;8;9888;15;;;9907;13;9911;21;;;9899.5;0.0
av_COTTON_d5;8000;INTARIAN_PEPPER_ROOT;10633;16;10630;10;;;10649;8;10651;25;;;10641.0;0.0
av_COTTON_d5;8100;ASH_COATED_OSMIUM;9896;14;9893;24;;;9902;5;9906;23;;;9899.0;0.0
av_COTTON_d5;8100;INTARIAN_PEPPER_ROOT;10635;9;10631;19;;;10641;18;10643;8;;;10638.0;0.0
av_COTTON_d5;8200;ASH_COATED_OSMIUM;9897;16;9895;24;;;9903;13;9906;16;;;9900.0;0.0
av_COTTON_d5;8200;INTARIAN_PEPPER_ROOT;10633;18;10630;21;;;10639;21;10642;21;;;10636.0;0.0
av_COTTON_d5;8300;ASH_COATED_OSMIUM;9897;10;9895;19;;;9903;17;9906;21;;;9900.0;0.0
av_COTTON_d5;8300;INTARIAN_PEPPER_ROOT;10631;5;10627;30;;;10637;16;10639;22;;;10634.0;0.0
av_COTTON_d5;8400;ASH_COATED_OSMIUM;9897;7;9895;20;;;9903;22;9907;18;;;9900.0;0.0
av_COTTON_d5;8400;INTARIAN_PEPPER_ROOT;10629;14;10626;26;;;10635;11;10638;26;;;10632.0;0.0
av_COTTON_d5;8500;ASH_COATED_OSMIUM;9897;17;9895;21;;;9903;15;9905;28;;;9900.0;0.0
av_COTTON_d5;8500;INTARIAN_PEPPER_ROOT;10628;17;10625;8;;;10634;12;10637;13;;;10631.0;0.0
av_COTTON_d5;8600;ASH_COATED_OSMIUM;9896;12;9893;18;;;9902;21;9904;19;;;9899.0;0.0
av_COTTON_d5;8600;INTARIAN_PEPPER_ROOT;10626;17;10623;16;;;10632;9;10636;24;;;10629.0;0.0
av_COTTON_d5;8700;ASH_COATED_OSMIUM;9897;16;9895;17;;;9903;23;9905;20;;;9900.0;0.0
av_COTTON_d5;8700;INTARIAN_PEPPER_ROOT;10624;25;10622;17;;;10630;18;10633;27;;;10627.0;0.0
av_COTTON_d5;8800;ASH_COATED_OSMIUM;9897;16;9895;27;;;9904;15;9906;17;;;9900.5;0.0
av_COTTON_d5;8800;INTARIAN_PEPPER_ROOT;10621;20;10617;19;;;10627;17;10630;19;;;10624.0;0.0
av_COTTON_d5;8900;ASH_COATED_OSMIUM;9897;11;9894;22;;;9903;22;9906;16;;;9900.0;0.0
av_COTTON_d5;8900;INTARIAN_PEPPER_ROOT;10619;11;10615;26;;;10625;21;10628;13;;;10622.0;0.0
av_COTTON_d5;9000;ASH_COATED_OSMIUM;9895;15;9893;20;;;9906;8;9908;14;;;9900.5;0.0
av_COTTON_d5;9000;INTARIAN_PEPPER_ROOT;10601;5;10598;17;;;10639;15;10641;24;;;10620.0;0.0
av_COTTON_d5;9100;ASH_COATED_OSMIUM;9897;20;9894;16;;;9903;17;9907;11;;;9900.0;0.0
av_COTTON_d5;9100;INTARIAN_PEPPER_ROOT;10616;14;10613;28;;;10622;26;10624;23;;;10619.0;0.0
av_COTTON_d5;9200;ASH_COATED_OSMIUM;9890;15;9887;27;;;9908;13;9911;19;;;9899.0;0.0
av_COTTON_d5;9200;INTARIAN_PEPPER_ROOT;10613;14;10609;31;;;10619;17;10621;24;;;10616.0;0.0
av_COTTON_d5;9300;ASH_COATED_OSMIUM;9897;23;9895;19;;;9903;14;9906;32;;;9900.0;0.0
av_COTTON_d5;9300;INTARIAN_PEPPER_ROOT;10612;17;10608;22;;;10618;13;10620;13;;;10615.0;0.0
av_COTTON_d5;9400;ASH_COATED_OSMIUM;9897;6;9894;16;;;9903;25;9906;19;;;9900.0;0.0
av_COTTON_d5;9400;INTARIAN_PEPPER_ROOT;10610;12;10608;29;;;10616;9;10620;21;;;10613.0;0.0
av_COTTON_d5;9500;ASH_COATED_OSMIUM;9896;14;9892;23;;;9903;5;9905;8;;;9899.5;0.0
av_COTTON_d5;9500;INTARIAN_PEPPER_ROOT;10608;11;10605;22;;;10614;10;10616;21;;;10611.0;0.0
av_COTTON_d5;9600;ASH_COATED_OSMIUM;9897;12;9894;19;;;9903;14;9906;20;;;9900.0;0.0
av_COTTON_d5;9600;INTARIAN_PEPPER_ROOT;10606;20;10603;18;;;10612;12;10616;19;;;10609.0;0.0
av_COTTON_d5;9700;ASH_COATED_OSMIUM;9895;15;9893;24;;;9906;5;9909;26;;;9900.5;0.0
av_COTTON_d5;9700;INTARIAN_PEPPER_ROOT;10602;17;10599;23;;;10613;22;10617;23;;;10607.5;0.0
av_COTTON_d5;9800;ASH_COATED_OSMIUM;9886;15;9884;20;;;9913;11;9915;18;;;9899.5;0.0
av_COTTON_d5;9800;INTARIAN_PEPPER_ROOT;10602;17;10600;19;;;10608;18;10612;18;;;10605.0;0.0
av_COTTON_d5;9900;ASH_COATED_OSMIUM;9897;15;9894;16;;;9903;15;9907;21;;;9900.0;0.0
av_COTTON_d5;9900;INTARIAN_PEPPER_ROOT;10599;12;10597;19;;;10605;18;10608;27;;;10602.0;0.0
av_COTTON_d5;10000;ASH_COATED_OSMIUM;9897;16;9893;17;;;9903;14;9906;17;;;9900.0;0.0
av_COTTON_d5;10000;INTARIAN_PEPPER_ROOT;10598;17;10595;28;;;10604;11;10606;14;;;10601.0;0.0
av_COTTON_d5;10100;ASH_COATED_OSMIUM;9898;20;9894;17;;;9904;8;9906;17;;;9901.0;0.0
av_COTTON_d5;10100;INTARIAN_PEPPER_ROOT;10596;18;10593;21;;;10602;8;10604;22;;;10599.0;0.0
av_COTTON_d5;10200;ASH_COATED_OSMIUM;9897;9;9893;22;;;9903;5;9906;22;;;9900.0;0.0
av_COTTON_d5;10200;INTARIAN_PEPPER_ROOT;10594;16;10590;14;;;10600;18;10602;14;;;10597.0;0.0
av_COTTON_d5;10300;ASH_COATED_OSMIUM;9897;17;9894;19;;;9903;12;9906;18;;;9900.0;0.0
av_COTTON_d5;10300;INTARIAN_PEPPER_ROOT;10590;23;10588;29;;;10598;10;10601;8;;;10594.0;0.0
av_COTTON_d5;10400;ASH_COATED_OSMIUM;9892;21;9889;14;;;9907;17;9911;25;;;9899.5;0.0
av_COTTON_d5;10400;INTARIAN_PEPPER_ROOT;10587;11;10583;16;;;10599;19;10603;22;;;10593.0;0.0
av_COTTON_d5;10500;ASH_COATED_OSMIUM;9897;16;9895;20;;;9903;13;9905;9;;;9900.0;0.0
av_COTTON_d5;10500;INTARIAN_PEPPER_ROOT;10588;22;10585;26;;;10594;22;10597;22;;;10591.0;0.0
av_COTTON_d5;10600;ASH_COATED_OSMIUM;9897;5;9894;18;;;9904;7;9908;27;;;9900.5;0.0
av_COTTON_d5;10600;INTARIAN_PEPPER_ROOT;10585;14;10581;18;;;10591;8;10594;18;;;10588.0;0.0
av_COTTON_d5;10700;ASH_COATED_OSMIUM;9897;12;9895;18;;;9903;19;9906;15;;;9900.0;0.0
av_COTTON_d5;10700;INTARIAN_PEPPER_ROOT;10576;11;10572;15;;;10598;24;10602;27;;;10587.0;0.0
av_COTTON_d5;10800;ASH_COATED_OSMIUM;9889;12;9887;14;;;9912;20;9914;29;;;9900.5;0.0
av_COTTON_d5;10800;INTARIAN_PEPPER_ROOT;10582;10;10580;20;;;10588;7;10590;18;;;10585.0;0.0
av_COTTON_d5;10900;ASH_COATED_OSMIUM;9897;13;9895;19;;;9903;11;9907;22;;;9900.0;0.0
av_COTTON_d5;10900;INTARIAN_PEPPER_ROOT;10580;9;10578;24;;;10586;10;10589;13;;;10583.0;0.0
av_COTTON_d5;11000;ASH_COATED_OSMIUM;9893;12;9890;16;;;9908;16;9911;35;;;9900.5;0.0
av_COTTON_d5;11000;INTARIAN_PEPPER_ROOT;10578;18;10575;18;;;10584;9;10588;23;;;10581.0;0.0
av_COTTON_d5;11100;ASH_COATED_OSMIUM;9897;11;9894;25;;;9903;13;9907;21;;;9900.0;0.0
av_COTTON_d5;11100;INTARIAN_PEPPER_ROOT;10576;21;10574;23;;;10582;25;10585;19;;;10579.0;0.0
av_COTTON_d5;11200;ASH_COATED_OSMIUM;9891;7;9887;20;;;9910;15;9912;17;;;9900.5;0.0
av_COTTON_d5;11200;INTARIAN_PEPPER_ROOT;10569;22;10566;17;;;10584;8;10588;25;;;10576.5;0.0
av_COTTON_d5;11300;ASH_COATED_OSMIUM;9897;25;9894;14;;;9903;9;9906;18;;;9900.0;0.0
av_COTTON_d5;11300;INTARIAN_PEPPER_ROOT;10570;20;10567;19;;;10580;20;10584;26;;;10575.0;0.0
av_COTTON_d5;11400;ASH_COATED_OSMIUM;9897;7;9893;31;;;9903;13;9907;16;;;9900.0;0.0
av_COTTON_d5;11400;INTARIAN_PEPPER_ROOT;10570;8;10566;23;;;10576;14;10579;17;;;10573.0;0.0
av_COTTON_d5;11500;ASH_COATED_OSMIUM;9898;15;9894;17;;;9904;11;9906;11;;;9901.0;0.0
av_COTTON_d5;11500;INTARIAN_PEPPER_ROOT;10559;16;10557;20;;;10583;19;10586;17;;;10571.0;0.0
av_COTTON_d5;11600;ASH_COATED_OSMIUM;9895;20;9892;26;;;9904;17;9908;17;;;9899.5;0.0
av_COTTON_d5;11600;INTARIAN_PEPPER_ROOT;10566;16;10563;22;;;10572;19;10576;17;;;10569.0;0.0
av_COTTON_d5;11700;ASH_COATED_OSMIUM;9897;19;9895;20;;;9903;7;9906;20;;;9900.0;0.0
av_COTTON_d5;11700;INTARIAN_PEPPER_ROOT;10564;6;10560;15;;;10570;8;10572;20;;;10567.0;0.0
av_COTTON_d5;11800;ASH_COATED_OSMIUM;9896;16;9894;19;;;9906;15;9910;24;;;9901.0;0.0
av_COTTON_d5;11800;INTARIAN_PEPPER_ROOT;10562;11;10560;27;;;10568;12;10571;26;;;10565.0;0.0
av_COTTON_d5;11900;ASH_COATED_OSMIUM;9896;19;9892;27;;;9906;8;9908;21;;;9901.0;0.0
av_COTTON_d5;11900;INTARIAN_PEPPER_ROOT;10560;10;10558;12;;;10566;26;10569;22;;;10563.0;0.0
av_COTTON_d5;12000;ASH_COATED_OSMIUM;9897;16;9893;25;;;9903;16;9905;27;;;9900.0;0.0
av_COTTON_d5;12000;INTARIAN_PEPPER_ROOT;10553;15;10549;25;;;10567;11;10571;9;;;10560.0;0.0
av_COTTON_d5;12100;ASH_COATED_OSMIUM;9897;15;9895;22;;;9903;17;9907;22;;;9900.0;0.0
av_COTTON_d5;12100;INTARIAN_PEPPER_ROOT;10556;6;10554;19;;;10562;11;10565;20;;;10559.0;0.0
av_COTTON_d5;12200;ASH_COATED_OSMIUM;9897;19;9894;22;;;9903;9;9907;18;;;9900.0;0.0
av_COTTON_d5;12200;INTARIAN_PEPPER_ROOT;10544;19;10542;20;;;10569;10;10571;14;;;10556.5;0.0
av_COTTON_d5;12300;ASH_COATED_OSMIUM;9888;15;9885;20;;;9913;20;9917;29;;;9900.5;0.0
av_COTTON_d5;12300;INTARIAN_PEPPER_ROOT;10548;14;10546;18;;;10561;25;10563;17;;;10554.5;0.0
av_COTTON_d5;12400;ASH_COATED_OSMIUM;9897;13;9893;25;;;9903;16;9906;20;;;9900.0;0.0
av_COTTON_d5;12400;INTARIAN_PEPPER_ROOT;10549;20;10547;22;;;10555;7;10558;16;;;10552.0;0.0
av_COTTON_d5;12500;ASH_COATED_OSMIUM;9897;5;9895;17;;;9903;19;9906;32;;;9900.0;0.0
av_COTTON_d5;12500;INTARIAN_PEPPER_ROOT;10548;21;10545;16;;;10554;17;10556;15;;;10551.0;0.0
av_COTTON_d5;12600;ASH_COATED_OSMIUM;9898;20;9894;19;;;9904;22;9906;19;;;9901.0;0.0
av_COTTON_d5;12600;INTARIAN_PEPPER_ROOT;10547;18;10544;18;;;10553;7;10555;20;;;10550.0;0.0
av_COTTON_d5;12700;ASH_COATED_OSMIUM;9897;7;9893;16;;;9903;12;9905;20;;;9900.0;0.0
av_COTTON_d5;12700;INTARIAN_PEPPER_ROOT;10544;16;10540;26;;;10550;22;10553;19;;;10547.0;0.0
av_COTTON_d5;12800;ASH_COATED_OSMIUM;9895;13;9893;21;;;9905;8;9909;17;;;9900.0;0.0
av_COTTON_d5;12800;INTARIAN_PEPPER_ROOT;10543;19;10541;18;;;10549;16;10551;19;;;10546.0;0.0
av_COTTON_d5;12900;ASH_COATED_OSMIUM;9890;16;9886;25;;;9911;16;9913;19;;;9900.5;0.0
av_COTTON_d5;12900;INTARIAN_PEPPER_ROOT;10540;16;10537;16;;;10546;8;10550;15;;;10543.0;0.0
av_COTTON_d5;13000;ASH_COATED_OSMIUM;9897;15;9893;21;;;9903;15;9907;27;;;9900.0;0.0
av_COTTON_d5;13000;INTARIAN_PEPPER_ROOT;10532;9;10530;11;;;10549;19;10552;23;;;10540.5;0.0
av_COTTON_d5;13100;ASH_COATED_OSMIUM;9898;7;9896;13;;;9904;20;9908;15;;;9901.0;0.0
av_COTTON_d5;13100;INTARIAN_PEPPER_ROOT;10536;24;10533;18;;;10542;14;10544;15;;;10539.0;0.0
av_COTTON_d5;13200;ASH_COATED_OSMIUM;9896;19;9893;22;;;9904;17;9907;16;;;9900.0;0.0
av_COTTON_d5;13200;INTARIAN_PEPPER_ROOT;10533;14;10530;10;;;10541;13;10544;19;;;10537.0;0.0
av_COTTON_d5;13300;ASH_COATED_OSMIUM;9897;15;9893;21;;;9903;11;9906;11;;;9900.0;0.0
av_COTTON_d5;13300;INTARIAN_PEPPER_ROOT;10532;15;10530;18;;;10538;24;10541;10;;;10535.0;0.0
av_COTTON_d5;13400;ASH_COATED_OSMIUM;9898;20;9895;30;;;9904;16;9908;32;;;9901.0;0.0
av_COTTON_d5;13400;INTARIAN_PEPPER_ROOT;10530;5;10527;11;;;10536;8;10539;28;;;10533.0;0.0
av_COTTON_d5;13500;ASH_COATED_OSMIUM;9893;21;9890;22;;;9908;19;9910;24;;;9900.5;0.0
av_COTTON_d5;13500;INTARIAN_PEPPER_ROOT;10523;13;10521;25;;;10539;10;10543;16;;;10531.0;0.0
av_COTTON_d5;13600;ASH_COATED_OSMIUM;9897;21;9893;17;;;9904;13;9906;15;;;9900.5;0.0
av_COTTON_d5;13600;INTARIAN_PEPPER_ROOT;10526;15;10524;17;;;10532;12;10535;17;;;10529.0;0.0
av_COTTON_d5;13700;ASH_COATED_OSMIUM;9895;19;9891;20;;;9906;11;9908;20;;;9900.5;0.0
av_COTTON_d5;13700;INTARIAN_PEPPER_ROOT;10523;15;10521;23;;;10531;14;10534;12;;;10527.0;0.0
av_COTTON_d5;13800;ASH_COATED_OSMIUM;9897;11;9894;22;;;9903;22;9906;17;;;9900.0;0.0
av_COTTON_d5;13800;INTARIAN_PEPPER_ROOT;10520;19;10516;19;;;10528;6;10532;19;;;10524.0;0.0
av_COTTON_d5;13900;ASH_COATED_OSMIUM;9897;17;9895;19;;;9903;8;9905;15;;;9900.0;0.0
av_COTTON_d5;13900;INTARIAN_PEPPER_ROOT;10520;15;10518;23;;;10526;15;10530;24;;;10523.0;0.0
av_COTTON_d5;14000;ASH_COATED_OSMIUM;9885;14;9881;21;;;9915;12;9919;17;;;9900.0;0.0
av_COTTON_d5;14000;INTARIAN_PEPPER_ROOT;10518;8;10516;14;;;10524;23;10526;16;;;10521.0;0.0
av_COTTON_d5;14100;ASH_COATED_OSMIUM;9896;19;9892;13;;;9905;15;9908;20;;;9900.5;0.0
av_COTTON_d5;14100;INTARIAN_PEPPER_ROOT;10515;17;10512;27;;;10524;14;10526;24;;;10519.5;0.0
av_COTTON_d5;14200;ASH_COATED_OSMIUM;9897;15;9893;24;;;9903;13;9906;16;;;9900.0;0.0
av_COTTON_d5;14200;INTARIAN_PEPPER_ROOT;10515;13;10512;14;;;10521;15;10524;24;;;10518.0;0.0
av_COTTON_d5;14300;ASH_COATED_OSMIUM;9892;15;9889;8;;;9908;14;9912;16;;;9900.0;0.0
av_COTTON_d5;14300;INTARIAN_PEPPER_ROOT;10512;14;10508;17;;;10518;19;10521;19;;;10515.0;0.0
av_COTTON_d5;14400;ASH_COATED_OSMIUM;9897;18;9893;14;;;9903;14;9906;14;;;9900.0;0.0
av_COTTON_d5;14400;INTARIAN_PEPPER_ROOT;10510;16;10508;16;;;10516;14;10518;13;;;10513.0;0.0
av_COTTON_d5;14500;ASH_COATED_OSMIUM;9894;17;9890;23;;;9907;15;9910;13;;;9900.5;0.0
av_COTTON_d5;14500;INTARIAN_PEPPER_ROOT;10508;14;10505;24;;;10514;22;10516;17;;;10511.0;0.0
av_COTTON_d5;14600;ASH_COATED_OSMIUM;9898;17;9895;22;;;9904;16;9906;23;;;9901.0;0.0
av_COTTON_d5;14600;INTARIAN_PEPPER_ROOT;10499;16;10495;16;;;10519;14;10523;16;;;10509.0;0.0
av_COTTON_d5;14700;ASH_COATED_OSMIUM;9898;9;9896;11;;;9904;19;9906;11;;;9901.0;0.0
av_COTTON_d5;14700;INTARIAN_PEPPER_ROOT;10504;19;10502;21;;;10510;15;10512;15;;;10507.0;0.0
av_COTTON_d5;14800;ASH_COATED_OSMIUM;9893;11;9890;20;;;9907;17;9911;23;;;9900.0;0.0
av_COTTON_d5;14800;INTARIAN_PEPPER_ROOT;10501;13;10497;18;;;10509;10;10513;20;;;10505.0;0.0
av_COTTON_d5;14900;ASH_COATED_OSMIUM;9897;26;9895;23;;;9903;21;9906;18;;;9900.0;0.0
av_COTTON_d5;14900;INTARIAN_PEPPER_ROOT;10500;8;10496;16;;;10506;15;10510;16;;;10503.0;0.0
av_COTTON_d5;15000;ASH_COATED_OSMIUM;9896;11;9894;22;;;9906;17;9909;21;;;9901.0;0.0
av_COTTON_d5;15000;INTARIAN_PEPPER_ROOT;10493;13;10489;17;;;10510;17;10513;23;;;10501.5;0.0
av_COTTON_d5;15100;ASH_COATED_OSMIUM;9892;9;9888;19;;;9909;23;9912;22;;;9900.5;0.0
av_COTTON_d5;15100;INTARIAN_PEPPER_ROOT;10497;9;10493;22;;;10503;19;10507;18;;;10500.0;0.0
av_COTTON_d5;15200;ASH_COATED_OSMIUM;9897;21;9893;22;;;9903;17;9906;35;;;9900.0;0.0
av_COTTON_d5;15200;INTARIAN_PEPPER_ROOT;10495;23;10493;8;;;10501;6;10504;18;;;10498.0;0.0
av_COTTON_d5;15300;ASH_COATED_OSMIUM;9897;22;9895;23;;;9903;15;9906;23;;;9900.0;0.0
av_COTTON_d5;15300;INTARIAN_PEPPER_ROOT;10487;28;10483;21;;;10505;16;10507;17;;;10496.0;0.0
av_COTTON_d5;15400;ASH_COATED_OSMIUM;9897;16;9894;23;;;9904;11;9907;22;;;9900.5;0.0
av_COTTON_d5;15400;INTARIAN_PEPPER_ROOT;10490;11;10486;18;;;10496;17;10499;17;;;10493.0;0.0
av_COTTON_d5;15500;ASH_COATED_OSMIUM;9897;26;9894;27;;;9903;18;9907;20;;;9900.0;0.0
av_COTTON_d5;15500;INTARIAN_PEPPER_ROOT;10489;19;10486;14;;;10495;17;10498;19;;;10492.0;0.0
av_COTTON_d5;15600;ASH_COATED_OSMIUM;9898;21;9894;11;;;9904;18;9908;14;;;9901.0;0.0
av_COTTON_d5;15600;INTARIAN_PEPPER_ROOT;10486;11;10483;16;;;10492;16;10496;21;;;10489.0;0.0
av_COTTON_d5;15700;ASH_COATED_OSMIUM;9898;12;9894;19;;;9904;13;9907;29;;;9901.0;0.0
av_COTTON_d5;15700;INTARIAN_PEPPER_ROOT;10484;26;10482;14;;;10490;14;10492;20;;;10487.0;0.0
av_COTTON_d5;15800;ASH_COATED_OSMIUM;9881;13;9877;26;;;9920;17;9924;11;;;9900.5;0.0
av_COTTON_d5;15800;INTARIAN_PEPPER_ROOT;10474;19;10470;23;;;10496;19;10500;17;;;10485.0;0.0
av_COTTON_d5;15900;ASH_COATED_OSMIUM;9893;12;9890;17;;;9907;18;9911;14;;;9900.0;0.0
av_COTTON_d5;15900;INTARIAN_PEPPER_ROOT;10477;14;10473;22;;;10490;18;10493;12;;;10483.5;0.0
av_COTTON_d5;16000;ASH_COATED_OSMIUM;9897;20;9895;25;;;9903;14;9906;13;;;9900.0;0.0
av_COTTON_d5;16000;INTARIAN_PEPPER_ROOT;10478;7;10474;16;;;10484;12;10487;23;;;10481.0;0.0
av_COTTON_d5;16100;ASH_COATED_OSMIUM;9897;9;9895;24;;;9903;5;9907;18;;;9900.0;0.0
av_COTTON_d5;16100;INTARIAN_PEPPER_ROOT;10477;21;10475;22;;;10483;17;10487;21;;;10480.0;0.0
av_COTTON_d5;16200;ASH_COATED_OSMIUM;9897;26;9894;23;;;9903;15;9907;20;;;9900.0;0.0
av_COTTON_d5;16200;INTARIAN_PEPPER_ROOT;10474;11;10472;11;;;10480;12;10482;24;;;10477.0;0.0
av_COTTON_d5;16300;ASH_COATED_OSMIUM;9889;5;9885;26;;;9911;9;9914;17;;;9900.0;0.0
av_COTTON_d5;16300;INTARIAN_PEPPER_ROOT;10472;19;10469;17;;;10478;14;10481;23;;;10475.0;0.0
av_COTTON_d5;16400;ASH_COATED_OSMIUM;9897;19;9894;18;;;9903;14;9906;18;;;9900.0;0.0
av_COTTON_d5;16400;INTARIAN_PEPPER_ROOT;10470;14;10468;22;;;10476;20;10479;16;;;10473.0;0.0
av_COTTON_d5;16500;ASH_COATED_OSMIUM;9893;13;9890;14;;;9908;13;9912;24;;;9900.5;0.0
av_COTTON_d5;16500;INTARIAN_PEPPER_ROOT;10468;12;10464;21;;;10474;10;10478;28;;;10471.0;0.0
av_COTTON_d5;16600;ASH_COATED_OSMIUM;9897;14;9894;21;;;9903;14;9905;26;;;9900.0;0.0
av_COTTON_d5;16600;INTARIAN_PEPPER_ROOT;10466;8;10462;18;;;10472;17;10474;9;;;10469.0;0.0
av_COTTON_d5;16700;ASH_COATED_OSMIUM;9897;21;9895;19;;;9903;15;9907;16;;;9900.0;0.0
av_COTTON_d5;16700;INTARIAN_PEPPER_ROOT;10462;14;10460;21;;;10475;24;10478;16;;;10468.5;0.0
av_COTTON_d5;16800;ASH_COATED_OSMIUM;9896;7;9893;23;;;9902;11;9904;18;;;9899.0;0.0
av_COTTON_d5;16800;INTARIAN_PEPPER_ROOT;10463;11;10460;14;;;10469;16;10471;12;;;10466.0;0.0
av_COTTON_d5;16900;ASH_COATED_OSMIUM;9896;16;9892;15;;;9902;19;9905;21;;;9899.0;0.0
av_COTTON_d5;16900;INTARIAN_PEPPER_ROOT;10460;21;10458;19;;;10466;12;10470;16;;;10463.0;0.0
av_COTTON_d5;17000;ASH_COATED_OSMIUM;9886;13;9884;21;;;9914;25;9916;12;;;9900.0;0.0
av_COTTON_d5;17000;INTARIAN_PEPPER_ROOT;10461;19;10457;25;;;10467;18;10471;23;;;10464.0;0.0
av_COTTON_d5;17100;ASH_COATED_OSMIUM;9897;7;9895;20;;;9903;16;9906;15;;;9900.0;0.0
av_COTTON_d5;17100;INTARIAN_PEPPER_ROOT;10463;10;10460;22;;;10469;8;10473;20;;;10466.0;0.0
av_COTTON_d5;17200;ASH_COATED_OSMIUM;9883;13;9880;14;;;9918;11;9920;16;;;9900.5;0.0
av_COTTON_d5;17200;INTARIAN_PEPPER_ROOT;10461;12;10457;23;;;10474;13;10478;22;;;10467.5;0.0
av_COTTON_d5;17300;ASH_COATED_OSMIUM;9894;17;9890;21;;;9908;7;9910;21;;;9901.0;0.0
av_COTTON_d5;17300;INTARIAN_PEPPER_ROOT;10466;15;10462;13;;;10472;14;10476;19;;;10469.0;0.0
av_COTTON_d5;17400;ASH_COATED_OSMIUM;9884;16;9882;22;;;9916;7;9918;16;;;9900.0;0.0
av_COTTON_d5;17400;INTARIAN_PEPPER_ROOT;10459;10;10457;21;;;10482;16;10484;26;;;10470.5;0.0
av_COTTON_d5;17500;ASH_COATED_OSMIUM;9898;21;9895;15;;;9904;10;9907;24;;;9901.0;0.0
av_COTTON_d5;17500;INTARIAN_PEPPER_ROOT;10464;14;10460;23;;;10481;12;10485;25;;;10472.5;0.0
av_COTTON_d5;17600;ASH_COATED_OSMIUM;9897;24;9894;18;;;9903;12;9905;19;;;9900.0;0.0
av_COTTON_d5;17600;INTARIAN_PEPPER_ROOT;10471;27;10467;21;;;10477;20;10479;20;;;10474.0;0.0
av_COTTON_d5;17700;ASH_COATED_OSMIUM;9896;18;9893;18;;;9905;9;9908;22;;;9900.5;0.0
av_COTTON_d5;17700;INTARIAN_PEPPER_ROOT;10473;17;10470;16;;;10479;20;10481;14;;;10476.0;0.0
av_COTTON_d5;17800;ASH_COATED_OSMIUM;9897;11;9893;14;;;9903;14;9905;32;;;9900.0;0.0
av_COTTON_d5;17800;INTARIAN_PEPPER_ROOT;10475;15;10472;23;;;10481;10;10484;19;;;10478.0;0.0
av_COTTON_d5;17900;ASH_COATED_OSMIUM;9898;22;9896;26;;;9904;19;9906;13;;;9901.0;0.0
av_COTTON_d5;17900;INTARIAN_PEPPER_ROOT;10474;16;10471;15;;;10485;10;10488;20;;;10479.5;0.0
av_COTTON_d5;18000;ASH_COATED_OSMIUM;9898;19;9896;17;;;9904;16;9907;21;;;9901.0;0.0
av_COTTON_d5;18000;INTARIAN_PEPPER_ROOT;10479;12;10477;15;;;10485;9;10488;21;;;10482.0;0.0
av_COTTON_d5;18100;ASH_COATED_OSMIUM;9894;11;9890;22;;;9906;7;9910;18;;;9900.0;0.0
av_COTTON_d5;18100;INTARIAN_PEPPER_ROOT;10480;19;10477;16;;;10486;17;10489;14;;;10483.0;0.0
av_COTTON_d5;18200;ASH_COATED_OSMIUM;9898;21;9896;21;;;9904;20;9907;15;;;9901.0;0.0
av_COTTON_d5;18200;INTARIAN_PEPPER_ROOT;10482;19;10479;26;;;10488;12;10492;19;;;10485.0;0.0
av_COTTON_d5;18300;ASH_COATED_OSMIUM;9898;9;9895;17;;;9904;21;9907;20;;;9901.0;0.0
av_COTTON_d5;18300;INTARIAN_PEPPER_ROOT;10484;23;10482;22;;;10490;16;10492;16;;;10487.0;0.0
av_COTTON_d5;18400;ASH_COATED_OSMIUM;9898;15;9896;21;;;9904;16;9906;15;;;9901.0;0.0
av_COTTON_d5;18400;INTARIAN_PEPPER_ROOT;10486;11;10483;18;;;10492;11;10494;21;;;10489.0;0.0
av_COTTON_d5;18500;ASH_COATED_OSMIUM;9897;16;9894;20;;;9903;24;9907;21;;;9900.0;0.0
av_COTTON_d5;18500;INTARIAN_PEPPER_ROOT;10486;10;10482;25;;;10494;16;10496;25;;;10490.0;0.0
av_COTTON_d5;18600;ASH_COATED_OSMIUM;9897;22;9895;10;;;9903;18;9907;21;;;9900.0;0.0
av_COTTON_d5;18600;INTARIAN_PEPPER_ROOT;10489;19;10486;12;;;10495;14;10497;19;;;10492.0;0.0
av_COTTON_d5;18700;ASH_COATED_OSMIUM;9897;14;9893;19;;;9903;18;9905;18;;;9900.0;0.0
av_COTTON_d5;18700;INTARIAN_PEPPER_ROOT;10487;5;10484;18;;;10503;9;10505;20;;;10495.0;0.0
av_COTTON_d5;18800;ASH_COATED_OSMIUM;9894;10;9892;23;;;9906;14;9909;21;;;9900.0;0.0
av_COTTON_d5;18800;INTARIAN_PEPPER_ROOT;10490;18;10486;20;;;10501;7;10503;16;;;10495.5;0.0
av_COTTON_d5;18900;ASH_COATED_OSMIUM;9897;17;9894;24;;;9905;9;9909;29;;;9901.0;0.0
av_COTTON_d5;18900;INTARIAN_PEPPER_ROOT;10494;9;10490;17;;;10500;18;10503;24;;;10497.0;0.0
av_COTTON_d5;19000;ASH_COATED_OSMIUM;9898;14;9894;18;;;9904;19;9908;16;;;9901.0;0.0
av_COTTON_d5;19000;INTARIAN_PEPPER_ROOT;10497;13;10493;19;;;10503;10;10507;15;;;10500.0;0.0
av_COTTON_d5;19100;ASH_COATED_OSMIUM;9891;18;9888;19;;;9911;15;9914;16;;;9901.0;0.0
av_COTTON_d5;19100;INTARIAN_PEPPER_ROOT;10496;20;10493;15;;;10507;18;10511;18;;;10501.5;0.0
av_COTTON_d5;19200;ASH_COATED_OSMIUM;9896;10;9894;26;;;9906;5;9909;29;;;9901.0;0.0
av_COTTON_d5;19200;INTARIAN_PEPPER_ROOT;10500;9;10498;13;;;10506;21;10509;21;;;10503.0;0.0
av_COTTON_d5;19300;ASH_COATED_OSMIUM;9897;16;9893;19;;;9904;19;9908;23;;;9900.5;0.0
av_COTTON_d5;19300;INTARIAN_PEPPER_ROOT;10502;12;10500;26;;;10508;12;10512;17;;;10505.0;0.0
av_COTTON_d5;19400;ASH_COATED_OSMIUM;9897;7;9893;14;;;9904;24;9908;18;;;9900.5;0.0
av_COTTON_d5;19400;INTARIAN_PEPPER_ROOT;10504;13;10502;26;;;10510;22;10513;23;;;10507.0;0.0
av_COTTON_d5;19500;ASH_COATED_OSMIUM;9897;18;9895;17;;;9904;19;9907;29;;;9900.5;0.0
av_COTTON_d5;19500;INTARIAN_PEPPER_ROOT;10505;13;10501;17;;;10511;11;10514;20;;;10508.0;0.0
av_COTTON_d5;19600;ASH_COATED_OSMIUM;9897;16;9894;23;;;9905;9;9908;15;;;9901.0;0.0
av_COTTON_d5;19600;INTARIAN_PEPPER_ROOT;10507;25;10503;14;;;10513;13;10515;19;;;10510.0;0.0
av_COTTON_d5;19700;ASH_COATED_OSMIUM;9898;12;9895;20;;;9904;16;9907;18;;;9901.0;0.0
av_COTTON_d5;19700;INTARIAN_PEPPER_ROOT;10508;10;10505;23;;;10516;15;10518;20;;;10512.0;0.0
av_COTTON_d5;19800;ASH_COATED_OSMIUM;9898;19;9896;31;;;9904;7;9906;23;;;9901.0;0.0
av_COTTON_d5;19800;INTARIAN_PEPPER_ROOT;10510;13;10506;19;;;10518;10;10521;19;;;10514.0;0.0
av_COTTON_d5;19900;ASH_COATED_OSMIUM;9894;12;9891;27;;;9907;20;9911;16;;;9900.5;0.0
av_COTTON_d5;19900;INTARIAN_PEPPER_ROOT;10512;11;10510;19;;;10518;10;10522;20;;;10515.0;0.0
av_COTTON_d5;20000;ASH_COATED_OSMIUM;9895;12;9891;16;;;9906;17;9908;16;;;9900.5;0.0
av_COTTON_d5;20000;INTARIAN_PEPPER_ROOT;10508;11;10506;18;;;10527;11;10530;28;;;10517.5;0.0
av_COTTON_d5;20100;ASH_COATED_OSMIUM;9898;12;9894;17;;;9904;25;9907;9;;;9901.0;0.0
av_COTTON_d5;20100;INTARIAN_PEPPER_ROOT;10516;11;10512;19;;;10522;18;10525;25;;;10519.0;0.0
av_COTTON_d5;20200;ASH_COATED_OSMIUM;9898;15;9894;15;;;9904;10;9906;19;;;9901.0;0.0
av_COTTON_d5;20200;INTARIAN_PEPPER_ROOT;10517;6;10515;21;;;10526;13;10529;15;;;10521.5;0.0
av_COTTON_d5;20300;ASH_COATED_OSMIUM;9895;13;9892;17;;;9907;13;9911;19;;;9901.0;0.0
av_COTTON_d5;20300;INTARIAN_PEPPER_ROOT;10520;10;10517;20;;;10526;15;10530;14;;;10523.0;0.0
av_COTTON_d5;20400;ASH_COATED_OSMIUM;9898;11;9895;11;;;9904;24;9908;25;;;9901.0;0.0
av_COTTON_d5;20400;INTARIAN_PEPPER_ROOT;10521;13;10518;18;;;10529;7;10532;32;;;10525.0;0.0
av_COTTON_d5;20500;ASH_COATED_OSMIUM;9898;7;9896;23;;;9904;8;9906;25;;;9901.0;0.0
av_COTTON_d5;20500;INTARIAN_PEPPER_ROOT;10523;10;10521;14;;;10530;10;10534;13;;;10526.5;0.0
av_COTTON_d5;20600;ASH_COATED_OSMIUM;9894;15;9892;12;;;9907;16;9909;22;;;9900.5;0.0
av_COTTON_d5;20600;INTARIAN_PEPPER_ROOT;10525;14;10522;23;;;10531;14;10535;20;;;10528.0;0.0
av_COTTON_d5;20700;ASH_COATED_OSMIUM;9898;15;9894;22;;;9904;7;9908;21;;;9901.0;0.0
av_COTTON_d5;20700;INTARIAN_PEPPER_ROOT;10523;16;10521;18;;;10536;16;10539;23;;;10529.5;0.0
av_COTTON_d5;20800;ASH_COATED_OSMIUM;9898;15;9896;17;;;9904;19;9908;22;;;9901.0;0.0
av_COTTON_d5;20800;INTARIAN_PEPPER_ROOT;10529;14;10526;13;;;10535;17;10539;13;;;10532.0;0.0
av_COTTON_d5;20900;ASH_COATED_OSMIUM;9898;5;9895;22;;;9904;19;9906;21;;;9901.0;0.0
av_COTTON_d5;20900;INTARIAN_PEPPER_ROOT;10530;5;10528;22;;;10536;18;10538;23;;;10533.0;0.0
av_COTTON_d5;21000;ASH_COATED_OSMIUM;9898;14;9896;11;;;9904;8;9908;18;;;9901.0;0.0
av_COTTON_d5;21000;INTARIAN_PEPPER_ROOT;10533;8;10531;15;;;10539;10;10542;17;;;10536.0;0.0
av_COTTON_d5;21100;ASH_COATED_OSMIUM;9890;6;9886;23;;;9912;18;9914;16;;;9901.0;0.0
av_COTTON_d5;21100;INTARIAN_PEPPER_ROOT;10534;15;10532;26;;;10540;14;10543;20;;;10537.0;0.0
av_COTTON_d5;21200;ASH_COATED_OSMIUM;9899;6;9896;18;;;9905;20;9909;30;;;9902.0;0.0
av_COTTON_d5;21200;INTARIAN_PEPPER_ROOT;10535;18;10531;13;;;10544;10;10547;17;;;10539.5;0.0
av_COTTON_d5;21300;ASH_COATED_OSMIUM;9896;8;9892;16;;;9905;15;9908;21;;;9900.5;0.0
av_COTTON_d5;21300;INTARIAN_PEPPER_ROOT;10538;15;10535;16;;;10544;13;10548;24;;;10541.0;0.0
av_COTTON_d5;21400;ASH_COATED_OSMIUM;9896;18;9894;20;;;9907;24;9910;25;;;9901.5;0.0
av_COTTON_d5;21400;INTARIAN_PEPPER_ROOT;10536;6;10533;25;;;10548;20;10550;18;;;10542.0;0.0
av_COTTON_d5;21500;ASH_COATED_OSMIUM;9899;13;9897;25;;;9905;12;9909;17;;;9902.0;0.0
av_COTTON_d5;21500;INTARIAN_PEPPER_ROOT;10541;16;10537;19;;;10547;11;10549;16;;;10544.0;0.0
av_COTTON_d5;21600;ASH_COATED_OSMIUM;9895;11;9893;25;;;9907;28;9910;26;;;9901.0;0.0
av_COTTON_d5;21600;INTARIAN_PEPPER_ROOT;10543;18;10540;22;;;10549;30;10553;13;;;10546.0;0.0
av_COTTON_d5;21700;ASH_COATED_OSMIUM;9898;15;9896;18;;;9904;14;9907;18;;;9901.0;0.0
av_COTTON_d5;21700;INTARIAN_PEPPER_ROOT;10545;14;10542;18;;;10551;15;10555;18;;;10548.0;0.0
av_COTTON_d5;21800;ASH_COATED_OSMIUM;9898;26;9894;14;;;9904;20;9908;15;;;9901.0;0.0
av_COTTON_d5;21800;INTARIAN_PEPPER_ROOT;10547;15;10544;25;;;10553;15;10555;13;;;10550.0;0.0
av_COTTON_d5;21900;ASH_COATED_OSMIUM;9898;21;9894;24;;;9904;5;9907;23;;;9901.0;0.0
av_COTTON_d5;21900;INTARIAN_PEPPER_ROOT;10549;13;10547;21;;;10555;7;10557;18;;;10552.0;0.0
av_COTTON_d5;22000;ASH_COATED_OSMIUM;9895;14;9893;25;;;9906;5;9908;19;;;9900.5;0.0
av_COTTON_d5;22000;INTARIAN_PEPPER_ROOT;10550;9;10547;21;;;10556;16;10559;24;;;10553.0;0.0
av_COTTON_d5;22100;ASH_COATED_OSMIUM;9898;14;9895;20;;;9904;16;9907;10;;;9901.0;0.0
av_COTTON_d5;22100;INTARIAN_PEPPER_ROOT;10552;20;10548;19;;;10558;13;10562;23;;;10555.0;0.0
av_COTTON_d5;22200;ASH_COATED_OSMIUM;9896;10;9894;19;;;9906;16;9910;11;;;9901.0;0.0
av_COTTON_d5;22200;INTARIAN_PEPPER_ROOT;10554;17;10551;28;;;10560;13;10563;24;;;10557.0;0.0
av_COTTON_d5;22300;ASH_COATED_OSMIUM;9898;19;9895;24;;;9904;12;9908;23;;;9901.0;0.0
av_COTTON_d5;22300;INTARIAN_PEPPER_ROOT;10556;20;10554;11;;;10562;19;10566;16;;;10559.0;0.0
av_COTTON_d5;22400;ASH_COATED_OSMIUM;9898;17;9896;21;;;9904;21;9908;19;;;9901.0;0.0
av_COTTON_d5;22400;INTARIAN_PEPPER_ROOT;10557;17;10553;23;;;10563;11;10566;25;;;10560.0;0.0
av_COTTON_d5;22500;ASH_COATED_OSMIUM;9899;22;9896;13;;;9905;16;9909;20;;;9902.0;0.0
av_COTTON_d5;22500;INTARIAN_PEPPER_ROOT;10559;15;10557;21;;;10565;12;10567;15;;;10562.0;0.0
av_COTTON_d5;22600;ASH_COATED_OSMIUM;9898;12;9896;21;;;9904;23;9906;14;;;9901.0;0.0
av_COTTON_d5;22600;INTARIAN_PEPPER_ROOT;10561;12;10558;27;;;10567;15;10569;23;;;10564.0;0.0
av_COTTON_d5;22700;ASH_COATED_OSMIUM;9895;15;9892;18;;;9907;11;9909;26;;;9901.0;0.0
av_COTTON_d5;22700;INTARIAN_PEPPER_ROOT;10563;18;10560;18;;;10570;8;10573;21;;;10566.5;0.0
av_COTTON_d5;22800;ASH_COATED_OSMIUM;9898;19;9894;31;;;9904;10;9906;23;;;9901.0;0.0
av_COTTON_d5;22800;INTARIAN_PEPPER_ROOT;10559;5;10556;35;;;10577;12;10579;15;;;10568.0;0.0
av_COTTON_d5;22900;ASH_COATED_OSMIUM;9898;12;9894;14;;;9904;6;9908;21;;;9901.0;0.0
av_COTTON_d5;22900;INTARIAN_PEPPER_ROOT;10567;19;10563;14;;;10573;5;10575;17;;;10570.0;0.0
av_COTTON_d5;23000;ASH_COATED_OSMIUM;9898;14;9895;14;;;9904;21;9906;21;;;9901.0;0.0
av_COTTON_d5;23000;INTARIAN_PEPPER_ROOT;10565;13;10563;13;;;10578;12;10580;26;;;10571.5;0.0
av_COTTON_d5;23100;ASH_COATED_OSMIUM;9898;15;9894;20;;;9904;11;9907;14;;;9901.0;0.0
av_COTTON_d5;23100;INTARIAN_PEPPER_ROOT;10570;23;10566;19;;;10576;12;10580;26;;;10573.0;0.0
av_COTTON_d5;23200;ASH_COATED_OSMIUM;9898;12;9896;18;;;9904;20;9908;19;;;9901.0;0.0
av_COTTON_d5;23200;INTARIAN_PEPPER_ROOT;10572;17;10568;15;;;10578;18;10580;28;;;10575.0;0.0
av_COTTON_d5;23300;ASH_COATED_OSMIUM;9898;14;9894;12;;;9904;10;9908;26;;;9901.0;0.0
av_COTTON_d5;23300;INTARIAN_PEPPER_ROOT;10574;16;10570;22;;;10580;10;10584;19;;;10577.0;0.0
av_COTTON_d5;23400;ASH_COATED_OSMIUM;9898;14;9895;23;;;9904;16;9908;17;;;9901.0;0.0
av_COTTON_d5;23400;INTARIAN_PEPPER_ROOT;10576;15;10572;32;;;10582;7;10585;21;;;10579.0;0.0
av_COTTON_d5;23500;ASH_COATED_OSMIUM;9894;13;9890;22;;;9908;11;9911;12;;;9901.0;0.0
av_COTTON_d5;23500;INTARIAN_PEPPER_ROOT;10568;14;10566;21;;;10592;11;10595;16;;;10580.0;0.0
av_COTTON_d5;23600;ASH_COATED_OSMIUM;9896;10;9894;16;;;9906;17;9910;21;;;9901.0;0.0
av_COTTON_d5;23600;INTARIAN_PEPPER_ROOT;10579;15;10575;24;;;10585;16;10589;14;;;10582.0;0.0
av_COTTON_d5;23700;ASH_COATED_OSMIUM;9899;18;9897;22;;;9905;14;9909;10;;;9902.0;0.0
av_COTTON_d5;23700;INTARIAN_PEPPER_ROOT;10581;14;10577;15;;;10587;30;10589;26;;;10584.0;0.0
av_COTTON_d5;23800;ASH_COATED_OSMIUM;9898;11;9896;29;;;9904;14;9906;13;;;9901.0;0.0
av_COTTON_d5;23800;INTARIAN_PEPPER_ROOT;10583;12;10580;16;;;10589;16;10591;22;;;10586.0;0.0
av_COTTON_d5;23900;ASH_COATED_OSMIUM;9898;15;9894;18;;;9904;13;9908;18;;;9901.0;0.0
av_COTTON_d5;23900;INTARIAN_PEPPER_ROOT;10577;16;10575;17;;;10598;15;10601;16;;;10587.5;0.0
av_COTTON_d5;24000;ASH_COATED_OSMIUM;9898;20;9895;18;;;9904;16;9908;19;;;9901.0;0.0
av_COTTON_d5;24000;INTARIAN_PEPPER_ROOT;10586;9;10584;26;;;10592;17;10594;17;;;10589.0;0.0
av_COTTON_d5;24100;ASH_COATED_OSMIUM;9899;11;9896;25;;;9905;14;9908;22;;;9902.0;0.0
av_COTTON_d5;24100;INTARIAN_PEPPER_ROOT;10588;15;10585;22;;;10594;14;10598;20;;;10591.0;0.0
av_COTTON_d5;24200;ASH_COATED_OSMIUM;9898;15;9895;13;;;9904;14;9908;18;;;9901.0;0.0
av_COTTON_d5;24200;INTARIAN_PEPPER_ROOT;10590;18;10587;25;;;10596;16;10600;23;;;10593.0;0.0
av_COTTON_d5;24300;ASH_COATED_OSMIUM;9896;18;9892;17;;;9907;16;9909;9;;;9901.5;0.0
av_COTTON_d5;24300;INTARIAN_PEPPER_ROOT;10592;13;10590;20;;;10598;17;10600;24;;;10595.0;0.0
av_COTTON_d5;24400;ASH_COATED_OSMIUM;9898;21;9896;15;;;9904;12;9907;20;;;9901.0;0.0
av_COTTON_d5;24400;INTARIAN_PEPPER_ROOT;10593;8;10590;18;;;10599;24;10601;18;;;10596.0;0.0
av_COTTON_d5;24500;ASH_COATED_OSMIUM;9898;16;9895;18;;;9904;11;9907;17;;;9901.0;0.0
av_COTTON_d5;24500;INTARIAN_PEPPER_ROOT;10589;11;10585;16;;;10608;15;10610;21;;;10598.5;0.0
av_COTTON_d5;24600;ASH_COATED_OSMIUM;9898;6;9894;18;;;9904;12;9908;22;;;9901.0;0.0
av_COTTON_d5;24600;INTARIAN_PEPPER_ROOT;10597;21;10593;12;;;10603;18;10606;21;;;10600.0;0.0
av_COTTON_d5;24700;ASH_COATED_OSMIUM;9891;7;9889;22;;;9912;5;9916;18;;;9901.5;0.0
av_COTTON_d5;24700;INTARIAN_PEPPER_ROOT;10596;15;10594;15;;;10608;16;10610;18;;;10602.0;0.0
av_COTTON_d5;24800;ASH_COATED_OSMIUM;9892;10;9889;23;;;9911;11;9915;21;;;9901.5;0.0
av_COTTON_d5;24800;INTARIAN_PEPPER_ROOT;10600;13;10598;15;;;10606;18;10610;25;;;10603.0;0.0
av_COTTON_d5;24900;ASH_COATED_OSMIUM;9898;16;9896;19;;;9906;13;9910;22;;;9902.0;0.0
av_COTTON_d5;24900;INTARIAN_PEPPER_ROOT;10600;6;10597;20;;;10611;12;10615;24;;;10605.5;0.0
av_COTTON_d5;25000;ASH_COATED_OSMIUM;9899;17;9897;10;;;9905;13;9908;18;;;9902.0;0.0
av_COTTON_d5;25000;INTARIAN_PEPPER_ROOT;10604;7;10602;20;;;10610;9;10612;18;;;10607.0;0.0
av_COTTON_d5;25100;ASH_COATED_OSMIUM;9898;11;9896;22;;;9905;15;9909;19;;;9901.5;0.0
av_COTTON_d5;25100;INTARIAN_PEPPER_ROOT;10606;25;10603;21;;;10612;15;10616;24;;;10609.0;0.0
av_COTTON_d5;25200;ASH_COATED_OSMIUM;9899;14;9896;23;;;9905;7;9907;13;;;9902.0;0.0
av_COTTON_d5;25200;INTARIAN_PEPPER_ROOT;10608;22;10604;24;;;10614;21;10616;23;;;10611.0;0.0
av_COTTON_d5;25300;ASH_COATED_OSMIUM;9898;10;9895;8;;;9904;14;9908;18;;;9901.0;0.0
av_COTTON_d5;25300;INTARIAN_PEPPER_ROOT;10608;19;10606;25;;;10617;17;10621;18;;;10612.5;0.0
av_COTTON_d5;25400;ASH_COATED_OSMIUM;9898;10;9896;26;;;9904;12;9907;22;;;9901.0;0.0
av_COTTON_d5;25400;INTARIAN_PEPPER_ROOT;10611;16;10609;18;;;10619;19;10621;17;;;10615.0;0.0
av_COTTON_d5;25500;ASH_COATED_OSMIUM;9898;18;9896;24;;;9905;5;9909;19;;;9901.5;0.0
av_COTTON_d5;25500;INTARIAN_PEPPER_ROOT;10613;9;10610;22;;;10619;11;10621;29;;;10616.0;0.0
av_COTTON_d5;25600;ASH_COATED_OSMIUM;9899;9;9896;21;;;9905;10;9907;19;;;9902.0;0.0
av_COTTON_d5;25600;INTARIAN_PEPPER_ROOT;10615;21;10611;22;;;10621;12;10623;16;;;10618.0;0.0
av_COTTON_d5;25700;ASH_COATED_OSMIUM;9899;11;9896;9;;;9905;6;9908;18;;;9902.0;0.0
av_COTTON_d5;25700;INTARIAN_PEPPER_ROOT;10617;20;10613;23;;;10623;14;10625;16;;;10620.0;0.0
av_COTTON_d5;25800;ASH_COATED_OSMIUM;9897;19;9895;24;;;9906;20;9908;20;;;9901.5;0.0
av_COTTON_d5;25800;INTARIAN_PEPPER_ROOT;10618;15;10614;16;;;10626;13;10630;17;;;10622.0;0.0
av_COTTON_d5;25900;ASH_COATED_OSMIUM;9898;8;9896;18;;;9904;20;9907;23;;;9901.0;0.0
av_COTTON_d5;25900;INTARIAN_PEPPER_ROOT;10621;15;10619;13;;;10627;16;10629;23;;;10624.0;0.0
av_COTTON_d5;26000;ASH_COATED_OSMIUM;9897;15;9894;13;;;9906;20;9910;21;;;9901.5;0.0
av_COTTON_d5;26000;INTARIAN_PEPPER_ROOT;10620;13;10617;16;;;10631;14;10634;23;;;10625.5;0.0
av_COTTON_d5;26100;ASH_COATED_OSMIUM;9892;19;9888;12;;;9912;19;9915;17;;;9902.0;0.0
av_COTTON_d5;26100;INTARIAN_PEPPER_ROOT;10616;17;10614;19;;;10639;10;10641;16;;;10627.5;0.0
av_COTTON_d5;26200;ASH_COATED_OSMIUM;9897;14;9894;23;;;9905;20;9908;21;;;9901.0;0.0
av_COTTON_d5;26200;INTARIAN_PEPPER_ROOT;10624;16;10621;18;;;10633;24;10636;17;;;10628.5;0.0
av_COTTON_d5;26300;ASH_COATED_OSMIUM;9899;12;9896;19;;;9905;7;9907;9;;;9902.0;0.0
av_COTTON_d5;26300;INTARIAN_PEPPER_ROOT;10614;14;10612;25;;;10648;23;10652;24;;;10631.0;0.0
av_COTTON_d5;26400;ASH_COATED_OSMIUM;9894;23;9892;19;;;9910;8;9912;14;;;9902.0;0.0
av_COTTON_d5;26400;INTARIAN_PEPPER_ROOT;10626;15;10623;22;;;10639;24;10642;23;;;10632.5;0.0
av_COTTON_d5;26500;ASH_COATED_OSMIUM;9898;11;9895;18;;;9904;5;9907;20;;;9901.0;0.0
av_COTTON_d5;26500;INTARIAN_PEPPER_ROOT;10625;14;10621;26;;;10645;13;10649;16;;;10635.0;0.0
av_COTTON_d5;26600;ASH_COATED_OSMIUM;9899;19;9897;26;;;9905;8;9909;19;;;9902.0;0.0
av_COTTON_d5;26600;INTARIAN_PEPPER_ROOT;10629;23;10627;21;;;10643;22;10647;18;;;10636.0;0.0
av_COTTON_d5;26700;ASH_COATED_OSMIUM;9889;13;9886;17;;;9914;16;9916;24;;;9901.5;0.0
av_COTTON_d5;26700;INTARIAN_PEPPER_ROOT;10625;9;10623;19;;;10651;12;10653;24;;;10638.0;0.0
av_COTTON_d5;26800;ASH_COATED_OSMIUM;9898;15;9896;22;;;9904;7;9906;12;;;9901.0;0.0
av_COTTON_d5;26800;INTARIAN_PEPPER_ROOT;10637;13;10634;13;;;10643;5;10645;21;;;10640.0;0.0
av_COTTON_d5;26900;ASH_COATED_OSMIUM;9896;17;9894;10;;;9907;20;9910;23;;;9901.5;0.0
av_COTTON_d5;26900;INTARIAN_PEPPER_ROOT;10639;10;10637;25;;;10645;17;10647;12;;;10642.0;0.0
av_COTTON_d5;27000;ASH_COATED_OSMIUM;9897;13;9894;15;;;9905;12;9909;25;;;9901.0;0.0
av_COTTON_d5;27000;INTARIAN_PEPPER_ROOT;10641;11;10637;29;;;10647;10;10651;13;;;10644.0;0.0
av_COTTON_d5;27100;ASH_COATED_OSMIUM;9899;19;9896;17;;;9905;8;9908;16;;;9902.0;0.0
av_COTTON_d5;27100;INTARIAN_PEPPER_ROOT;10621;13;10617;17;;;10671;17;10673;20;;;10646.0;0.0
av_COTTON_d5;27200;ASH_COATED_OSMIUM;9897;10;9895;8;;;9906;11;9910;9;;;9901.5;0.0
av_COTTON_d5;27200;INTARIAN_PEPPER_ROOT;10642;15;10638;19;;;10652;16;10654;23;;;10647.0;0.0
av_COTTON_d5;27300;ASH_COATED_OSMIUM;9897;11;9893;15;;;9906;6;9908;24;;;9901.5;0.0
av_COTTON_d5;27300;INTARIAN_PEPPER_ROOT;10645;21;10642;18;;;10653;5;10657;17;;;10649.0;0.0
av_COTTON_d5;27400;ASH_COATED_OSMIUM;9898;15;9896;24;;;9906;16;9909;20;;;9902.0;0.0
av_COTTON_d5;27400;INTARIAN_PEPPER_ROOT;10646;13;10642;24;;;10655;14;10657;26;;;10650.5;0.0
av_COTTON_d5;27500;ASH_COATED_OSMIUM;9899;14;9895;16;;;9905;16;9909;31;;;9902.0;0.0
av_COTTON_d5;27500;INTARIAN_PEPPER_ROOT;10649;16;10647;19;;;10656;8;10659;20;;;10652.5;0.0
av_COTTON_d5;27600;ASH_COATED_OSMIUM;9897;14;9893;27;;;9907;9;9910;19;;;9902.0;0.0
av_COTTON_d5;27600;INTARIAN_PEPPER_ROOT;10652;8;10648;18;;;10658;14;10662;10;;;10655.0;0.0
av_COTTON_d5;27700;ASH_COATED_OSMIUM;9899;24;9897;22;;;9905;8;9909;16;;;9902.0;0.0
av_COTTON_d5;27700;INTARIAN_PEPPER_ROOT;10645;20;10641;13;;;10666;21;10669;22;;;10655.5;0.0
av_COTTON_d5;27800;ASH_COATED_OSMIUM;9899;13;9895;20;;;9905;9;9907;21;;;9902.0;0.0
av_COTTON_d5;27800;INTARIAN_PEPPER_ROOT;10654;8;10652;15;;;10660;22;10663;19;;;10657.0;0.0
av_COTTON_d5;27900;ASH_COATED_OSMIUM;9899;6;9897;27;;;9905;14;9909;13;;;9902.0;0.0
av_COTTON_d5;27900;INTARIAN_PEPPER_ROOT;10656;15;10654;23;;;10662;14;10664;16;;;10659.0;0.0
av_COTTON_d5;28000;ASH_COATED_OSMIUM;9897;15;9894;25;;;9906;9;9909;12;;;9901.5;0.0
av_COTTON_d5;28000;INTARIAN_PEPPER_ROOT;10657;12;10655;13;;;10666;19;10670;16;;;10661.5;0.0
av_COTTON_d5;28100;ASH_COATED_OSMIUM;9899;7;9897;15;;;9905;7;9908;23;;;9902.0;0.0
av_COTTON_d5;28100;INTARIAN_PEPPER_ROOT;10660;13;10657;16;;;10666;20;10668;20;;;10663.0;0.0
av_COTTON_d5;28200;ASH_COATED_OSMIUM;9899;14;9896;21;;;9905;11;9909;19;;;9902.0;0.0
av_COTTON_d5;28200;INTARIAN_PEPPER_ROOT;10661;10;10657;16;;;10670;19;10672;19;;;10665.5;0.0
av_COTTON_d5;28300;ASH_COATED_OSMIUM;9899;13;9896;25;;;9905;11;9909;16;;;9902.0;0.0
av_COTTON_d5;28300;INTARIAN_PEPPER_ROOT;10659;16;10656;17;;;10674;22;10677;20;;;10666.5;0.0
av_COTTON_d5;28400;ASH_COATED_OSMIUM;9899;9;9896;19;;;9905;14;9909;9;;;9902.0;0.0
av_COTTON_d5;28400;INTARIAN_PEPPER_ROOT;10665;12;10662;19;;;10672;25;10674;14;;;10668.5;0.0
av_COTTON_d5;28500;ASH_COATED_OSMIUM;9897;17;9895;18;;;9907;9;9910;11;;;9902.0;0.0
av_COTTON_d5;28500;INTARIAN_PEPPER_ROOT;10663;19;10661;24;;;10677;18;10679;22;;;10670.0;0.0
av_COTTON_d5;28600;ASH_COATED_OSMIUM;9899;14;9897;19;;;9905;10;9909;22;;;9902.0;0.0
av_COTTON_d5;28600;INTARIAN_PEPPER_ROOT;10668;21;10665;17;;;10677;8;10680;15;;;10672.5;0.0
av_COTTON_d5;28700;ASH_COATED_OSMIUM;9899;12;9896;8;;;9905;14;9907;20;;;9902.0;0.0
av_COTTON_d5;28700;INTARIAN_PEPPER_ROOT;10670;18;10668;28;;;10677;15;10679;23;;;10673.5;0.0
av_COTTON_d5;28800;ASH_COATED_OSMIUM;9899;20;9896;21;;;9905;22;9909;18;;;9902.0;0.0
av_COTTON_d5;28800;INTARIAN_PEPPER_ROOT;10669;8;10666;26;;;10684;8;10687;18;;;10676.5;0.0
av_COTTON_d5;28900;ASH_COATED_OSMIUM;9899;18;9895;23;;;9905;11;9908;19;;;9902.0;0.0
av_COTTON_d5;28900;INTARIAN_PEPPER_ROOT;10671;14;10669;23;;;10683;13;10686;24;;;10677.0;0.0
av_COTTON_d5;29000;ASH_COATED_OSMIUM;9897;19;9894;26;;;9908;24;9911;18;;;9902.5;0.0
av_COTTON_d5;29000;INTARIAN_PEPPER_ROOT;10677;11;10674;14;;;10683;9;10686;11;;;10680.0;0.0
av_COTTON_d5;29100;ASH_COATED_OSMIUM;9896;9;9892;18;;;9907;23;9909;15;;;9901.5;0.0
av_COTTON_d5;29100;INTARIAN_PEPPER_ROOT;10676;15;10673;22;;;10685;9;10688;14;;;10680.5;0.0
av_COTTON_d5;29200;ASH_COATED_OSMIUM;9894;15;9891;20;;;9910;17;9912;25;;;9902.0;0.0
av_COTTON_d5;29200;INTARIAN_PEPPER_ROOT;10680;23;10678;25;;;10686;18;10689;21;;;10683.0;0.0
av_COTTON_d5;29300;ASH_COATED_OSMIUM;9899;16;9895;21;;;9905;14;9907;14;;;9902.0;0.0
av_COTTON_d5;29300;INTARIAN_PEPPER_ROOT;10681;5;10678;16;;;10687;22;10689;21;;;10684.0;0.0
av_COTTON_d5;29400;ASH_COATED_OSMIUM;9897;15;9894;8;;;9906;21;9910;18;;;9901.5;0.0
av_COTTON_d5;29400;INTARIAN_PEPPER_ROOT;10682;13;10678;13;;;10690;14;10693;23;;;10686.0;0.0
av_COTTON_d5;29500;ASH_COATED_OSMIUM;9899;17;9896;20;;;9905;15;9909;28;;;9902.0;0.0
av_COTTON_d5;29500;INTARIAN_PEPPER_ROOT;10685;17;10683;15;;;10691;16;10695;14;;;10688.0;0.0
av_COTTON_d5;29600;ASH_COATED_OSMIUM;9899;14;9897;11;;;9905;13;9908;20;;;9902.0;0.0
av_COTTON_d5;29600;INTARIAN_PEPPER_ROOT;10687;10;10683;20;;;10693;20;10696;19;;;10690.0;0.0
av_COTTON_d5;29700;ASH_COATED_OSMIUM;9897;12;9893;12;;;9907;10;9910;18;;;9902.0;0.0
av_COTTON_d5;29700;INTARIAN_PEPPER_ROOT;10679;13;10675;18;;;10704;14;10708;16;;;10691.5;0.0
av_COTTON_d5;29800;ASH_COATED_OSMIUM;9895;16;9892;23;;;9910;10;9912;28;;;9902.5;0.0
av_COTTON_d5;29800;INTARIAN_PEPPER_ROOT;10689;14;10686;17;;;10699;10;10702;21;;;10694.0;0.0
av_COTTON_d5;29900;ASH_COATED_OSMIUM;9899;18;9895;14;;;9905;12;9908;21;;;9902.0;0.0
av_COTTON_d5;29900;INTARIAN_PEPPER_ROOT;10690;8;10686;30;;;10700;13;10703;21;;;10695.0;0.0
av_COTTON_d5;30000;ASH_COATED_OSMIUM;9894;13;9892;12;;;9908;12;9910;24;;;9901.0;0.0
av_COTTON_d5;30000;INTARIAN_PEPPER_ROOT;10694;8;10691;14;;;10700;15;10702;18;;;10697.0;0.0
av_COTTON_d5;30100;ASH_COATED_OSMIUM;9897;13;9894;14;;;9908;9;9912;16;;;9902.5;0.0
av_COTTON_d5;30100;INTARIAN_PEPPER_ROOT;10696;17;10694;16;;;10702;18;10704;25;;;10699.0;0.0
av_COTTON_d5;30200;ASH_COATED_OSMIUM;9896;11;9893;20;;;9909;16;9913;10;;;9902.5;0.0
av_COTTON_d5;30200;INTARIAN_PEPPER_ROOT;10698;11;10694;24;;;10704;22;10707;15;;;10701.0;0.0
av_COTTON_d5;30300;ASH_COATED_OSMIUM;9900;16;9897;16;;;9906;22;9908;14;;;9903.0;0.0
av_COTTON_d5;30300;INTARIAN_PEPPER_ROOT;10699;18;10695;19;;;10705;19;10709;22;;;10702.0;0.0
av_COTTON_d5;30400;ASH_COATED_OSMIUM;9891;19;9888;20;;;9912;9;9914;20;;;9901.5;0.0
av_COTTON_d5;30400;INTARIAN_PEPPER_ROOT;10702;24;10700;18;;;10708;18;10711;17;;;10705.0;0.0
av_COTTON_d5;30500;ASH_COATED_OSMIUM;9899;18;9896;13;;;9906;21;9908;16;;;9902.5;0.0
av_COTTON_d5;30500;INTARIAN_PEPPER_ROOT;10702;20;10698;22;;;10711;12;10714;21;;;10706.5;0.0
av_COTTON_d5;30600;ASH_COATED_OSMIUM;9899;25;9895;25;;;9906;8;9910;24;;;9902.5;0.0
av_COTTON_d5;30600;INTARIAN_PEPPER_ROOT;10699;20;10697;16;;;10717;18;10721;21;;;10708.0;0.0
av_COTTON_d5;30700;ASH_COATED_OSMIUM;9899;14;9897;24;;;9905;23;9908;23;;;9902.0;0.0
av_COTTON_d5;30700;INTARIAN_PEPPER_ROOT;10705;16;10702;22;;;10714;21;10718;22;;;10709.5;0.0
av_COTTON_d5;30800;ASH_COATED_OSMIUM;9899;12;9897;14;;;9905;12;9907;18;;;9902.0;0.0
av_COTTON_d5;30800;INTARIAN_PEPPER_ROOT;10709;20;10705;18;;;10715;9;10717;27;;;10712.0;0.0
av_COTTON_d5;30900;ASH_COATED_OSMIUM;9899;19;9895;26;;;9905;15;9907;25;;;9902.0;0.0
av_COTTON_d5;30900;INTARIAN_PEPPER_ROOT;10701;13;10697;16;;;10726;14;10729;19;;;10713.5;0.0
av_COTTON_d5;31000;ASH_COATED_OSMIUM;9894;16;9892;23;;;9910;5;9912;13;;;9902.0;0.0
av_COTTON_d5;31000;INTARIAN_PEPPER_ROOT;10712;19;10708;16;;;10718;11;10722;30;;;10715.0;0.0
av_COTTON_d5;31100;ASH_COATED_OSMIUM;9898;11;9894;18;;;9907;10;9910;23;;;9902.5;0.0
av_COTTON_d5;31100;INTARIAN_PEPPER_ROOT;10714;18;10711;21;;;10720;17;10723;23;;;10717.0;0.0
av_COTTON_d5;31200;ASH_COATED_OSMIUM;9899;8;9896;20;;;9907;15;9909;20;;;9903.0;0.0
av_COTTON_d5;31200;INTARIAN_PEPPER_ROOT;10716;10;10713;18;;;10722;16;10726;15;;;10719.0;0.0
av_COTTON_d5;31300;ASH_COATED_OSMIUM;9899;8;9897;11;;;9905;10;9909;16;;;9902.0;0.0
av_COTTON_d5;31300;INTARIAN_PEPPER_ROOT;10718;17;10716;17;;;10724;19;10726;25;;;10721.0;0.0
av_COTTON_d5;31400;ASH_COATED_OSMIUM;9893;14;9890;15;;;9911;12;9915;20;;;9902.0;0.0
av_COTTON_d5;31400;INTARIAN_PEPPER_ROOT;10720;9;10716;21;;;10726;19;10729;8;;;10723.0;0.0
av_COTTON_d5;31500;ASH_COATED_OSMIUM;9899;19;9896;18;;;9905;6;9908;22;;;9902.0;0.0
av_COTTON_d5;31500;INTARIAN_PEPPER_ROOT;10719;16;10717;25;;;10729;18;10732;20;;;10724.0;0.0
av_COTTON_d5;31600;ASH_COATED_OSMIUM;9899;13;9897;19;;;9905;14;9908;18;;;9902.0;0.0
av_COTTON_d5;31600;INTARIAN_PEPPER_ROOT;10723;22;10720;20;;;10729;17;10733;21;;;10726.0;0.0
av_COTTON_d5;31700;ASH_COATED_OSMIUM;9894;18;9892;15;;;9911;17;9915;26;;;9902.5;0.0
av_COTTON_d5;31700;INTARIAN_PEPPER_ROOT;10724;17;10720;20;;;10732;15;10734;16;;;10728.0;0.0
av_COTTON_d5;31800;ASH_COATED_OSMIUM;9899;11;9897;17;;;9905;5;9908;22;;;9902.0;0.0
av_COTTON_d5;31800;INTARIAN_PEPPER_ROOT;10726;19;10722;21;;;10732;10;10735;21;;;10729.0;0.0
av_COTTON_d5;31900;ASH_COATED_OSMIUM;9899;11;9897;21;;;9905;14;9909;21;;;9902.0;0.0
av_COTTON_d5;31900;INTARIAN_PEPPER_ROOT;10729;11;10725;19;;;10735;8;10739;24;;;10732.0;0.0
av_COTTON_d5;32000;ASH_COATED_OSMIUM;9899;12;9895;19;;;9905;7;9909;12;;;9902.0;0.0
av_COTTON_d5;32000;INTARIAN_PEPPER_ROOT;10727;17;10725;17;;;10738;13;10742;23;;;10732.5;0.0
av_COTTON_d5;32100;ASH_COATED_OSMIUM;9895;17;9892;24;;;9910;15;9912;23;;;9902.5;0.0
av_COTTON_d5;32100;INTARIAN_PEPPER_ROOT;10732;19;10730;8;;;10738;12;10741;21;;;10735.0;0.0
av_COTTON_d5;32200;ASH_COATED_OSMIUM;9899;15;9897;26;;;9905;17;9909;29;;;9902.0;0.0
av_COTTON_d5;32200;INTARIAN_PEPPER_ROOT;10728;19;10726;18;;;10746;7;10748;30;;;10737.0;0.0
av_COTTON_d5;32300;ASH_COATED_OSMIUM;9899;10;9895;13;;;9905;14;9909;22;;;9902.0;0.0
av_COTTON_d5;32300;INTARIAN_PEPPER_ROOT;10736;12;10732;11;;;10742;15;10745;16;;;10739.0;0.0
av_COTTON_d5;32400;ASH_COATED_OSMIUM;9900;19;9898;16;;;9906;18;9910;19;;;9903.0;0.0
av_COTTON_d5;32400;INTARIAN_PEPPER_ROOT;10731;22;10727;15;;;10750;20;10752;19;;;10740.5;0.0
av_COTTON_d5;32500;ASH_COATED_OSMIUM;9899;16;9896;24;;;9905;14;9909;17;;;9902.0;0.0
av_COTTON_d5;32500;INTARIAN_PEPPER_ROOT;10737;12;10735;16;;;10747;12;10749;21;;;10742.0;0.0
av_COTTON_d5;32600;ASH_COATED_OSMIUM;9899;17;9895;16;;;9905;22;9908;21;;;9902.0;0.0
av_COTTON_d5;32600;INTARIAN_PEPPER_ROOT;10741;14;10737;25;;;10747;15;10751;23;;;10744.0;0.0
av_COTTON_d5;32700;ASH_COATED_OSMIUM;9898;18;9896;9;;;9905;13;9907;27;;;9901.5;0.0
av_COTTON_d5;32700;INTARIAN_PEPPER_ROOT;10742;22;10739;30;;;10748;14;10750;16;;;10745.0;0.0
av_COTTON_d5;32800;ASH_COATED_OSMIUM;9900;18;9898;33;;;9906;12;9910;19;;;9903.0;0.0
av_COTTON_d5;32800;INTARIAN_PEPPER_ROOT;10745;17;10743;22;;;10751;12;10754;24;;;10748.0;0.0
av_COTTON_d5;32900;ASH_COATED_OSMIUM;9900;12;9898;32;;;9906;12;9909;20;;;9903.0;0.0
av_COTTON_d5;32900;INTARIAN_PEPPER_ROOT;10746;17;10742;23;;;10752;17;10755;15;;;10749.0;0.0
av_COTTON_d5;33000;ASH_COATED_OSMIUM;9899;14;9895;19;;;9905;11;9909;20;;;9902.0;0.0
av_COTTON_d5;33000;INTARIAN_PEPPER_ROOT;10737;17;10735;12;;;10765;18;10767;17;;;10751.0;0.0
av_COTTON_d5;33100;ASH_COATED_OSMIUM;9895;17;9891;25;;;9908;17;9912;24;;;9901.5;0.0
av_COTTON_d5;33100;INTARIAN_PEPPER_ROOT;10750;9;10748;25;;;10756;14;10760;19;;;10753.0;0.0
av_COTTON_d5;33200;ASH_COATED_OSMIUM;9899;15;9897;19;;;9905;11;9908;27;;;9902.0;0.0
av_COTTON_d5;33200;INTARIAN_PEPPER_ROOT;10751;17;10748;17;;;10759;22;10763;17;;;10755.0;0.0
av_COTTON_d5;33300;ASH_COATED_OSMIUM;9899;16;9897;21;;;9905;5;9909;21;;;9902.0;0.0
av_COTTON_d5;33300;INTARIAN_PEPPER_ROOT;10753;16;10751;23;;;10760;10;10763;23;;;10756.5;0.0
av_COTTON_d5;33400;ASH_COATED_OSMIUM;9899;18;9895;21;;;9905;17;9907;15;;;9902.0;0.0
av_COTTON_d5;33400;INTARIAN_PEPPER_ROOT;10754;10;10752;14;;;10763;14;10766;18;;;10758.5;0.0
av_COTTON_d5;33500;ASH_COATED_OSMIUM;9899;14;9895;9;;;9905;20;9908;19;;;9902.0;0.0
av_COTTON_d5;33500;INTARIAN_PEPPER_ROOT;10753;21;10750;13;;;10768;9;10770;22;;;10760.5;0.0
av_COTTON_d5;33600;ASH_COATED_OSMIUM;9899;10;9896;24;;;9905;14;9908;19;;;9902.0;0.0
av_COTTON_d5;33600;INTARIAN_PEPPER_ROOT;10759;17;10756;17;;;10765;9;10769;25;;;10762.0;0.0
av_COTTON_d5;33700;ASH_COATED_OSMIUM;9900;14;9896;16;;;9906;5;9910;15;;;9903.0;0.0
av_COTTON_d5;33700;INTARIAN_PEPPER_ROOT;10761;10;10759;11;;;10767;17;10771;18;;;10764.0;0.0
av_COTTON_d5;33800;ASH_COATED_OSMIUM;9899;12;9895;23;;;9905;19;9909;26;;;9902.0;0.0
av_COTTON_d5;33800;INTARIAN_PEPPER_ROOT;10763;13;10760;9;;;10769;17;10773;26;;;10766.0;0.0
av_COTTON_d5;33900;ASH_COATED_OSMIUM;9899;11;9895;27;;;9905;12;9909;13;;;9902.0;0.0
av_COTTON_d5;33900;INTARIAN_PEPPER_ROOT;10750;18;10746;22;;;10785;14;10789;22;;;10767.5;0.0
av_COTTON_d5;34000;ASH_COATED_OSMIUM;9899;20;9897;11;;;9905;21;9907;19;;;9902.0;0.0
av_COTTON_d5;34000;INTARIAN_PEPPER_ROOT;10762;17;10758;13;;;10769;18;10772;26;;;10765.5;0.0
av_COTTON_d5;34100;ASH_COATED_OSMIUM;9887;11;9885;28;;;9918;14;9921;21;;;9902.5;0.0
av_COTTON_d5;34100;INTARIAN_PEPPER_ROOT;10756;10;10752;19;;;10769;8;10772;20;;;10762.5;0.0
av_COTTON_d5;34200;ASH_COATED_OSMIUM;9896;20;9894;16;;;9909;16;9911;23;;;9902.5;0.0
av_COTTON_d5;34200;INTARIAN_PEPPER_ROOT;10740;15;10736;20;;;10780;13;10784;22;;;10760.0;0.0
av_COTTON_d5;34300;ASH_COATED_OSMIUM;9900;9;9897;16;;;9906;5;9909;23;;;9903.0;0.0
av_COTTON_d5;34300;INTARIAN_PEPPER_ROOT;10752;24;10748;19;;;10764;16;10768;21;;;10758.0;0.0
av_COTTON_d5;34400;ASH_COATED_OSMIUM;9898;17;9895;18;;;9907;17;9910;22;;;9902.5;0.0
av_COTTON_d5;34400;INTARIAN_PEPPER_ROOT;10753;11;10749;14;;;10759;11;10763;19;;;10756.0;0.0
av_COTTON_d5;34500;ASH_COATED_OSMIUM;9900;8;9898;25;;;9906;13;9908;19;;;9903.0;0.0
av_COTTON_d5;34500;INTARIAN_PEPPER_ROOT;10747;26;10743;19;;;10759;15;10762;20;;;10753.0;0.0
av_COTTON_d5;34600;ASH_COATED_OSMIUM;9899;17;9895;18;;;9905;5;9908;23;;;9902.0;0.0
av_COTTON_d5;34600;INTARIAN_PEPPER_ROOT;10748;23;10744;21;;;10754;5;10757;14;;;10751.0;0.0
av_COTTON_d5;34700;ASH_COATED_OSMIUM;9900;14;9896;18;;;9906;13;9910;22;;;9903.0;0.0
av_COTTON_d5;34700;INTARIAN_PEPPER_ROOT;10745;15;10742;12;;;10753;19;10755;26;;;10749.0;0.0
av_COTTON_d5;34800;ASH_COATED_OSMIUM;9899;10;9895;23;;;9905;22;9909;11;;;9902.0;0.0
av_COTTON_d5;34800;INTARIAN_PEPPER_ROOT;10742;21;10739;15;;;10750;11;10754;23;;;10746.0;0.0
av_COTTON_d5;34900;ASH_COATED_OSMIUM;9900;14;9898;16;;;9906;23;9908;22;;;9903.0;0.0
av_COTTON_d5;34900;INTARIAN_PEPPER_ROOT;10740;21;10736;19;;;10747;9;10750;17;;;10743.5;0.0
av_COTTON_d5;35000;ASH_COATED_OSMIUM;9898;13;9894;24;;;9907;13;9910;16;;;9902.5;0.0
av_COTTON_d5;35000;INTARIAN_PEPPER_ROOT;10738;16;10734;15;;;10744;8;10747;14;;;10741.0;0.0
av_COTTON_d5;35100;ASH_COATED_OSMIUM;9900;20;9896;13;;;9906;21;9910;27;;;9903.0;0.0
av_COTTON_d5;35100;INTARIAN_PEPPER_ROOT;10729;16;10725;22;;;10750;12;10754;15;;;10739.5;0.0
av_COTTON_d5;35200;ASH_COATED_OSMIUM;9900;18;9898;19;;;9906;13;9909;27;;;9903.0;0.0
av_COTTON_d5;35200;INTARIAN_PEPPER_ROOT;10733;15;10731;14;;;10741;7;10744;12;;;10737.0;0.0
av_COTTON_d5;35300;ASH_COATED_OSMIUM;9897;11;9893;15;;;9908;23;9910;21;;;9902.5;0.0
av_COTTON_d5;35300;INTARIAN_PEPPER_ROOT;10732;9;10730;19;;;10738;21;10740;26;;;10735.0;0.0
av_COTTON_d5;35400;ASH_COATED_OSMIUM;9899;15;9896;26;;;9906;15;9908;21;;;9902.5;0.0
av_COTTON_d5;35400;INTARIAN_PEPPER_ROOT;10729;9;10726;13;;;10736;21;10740;21;;;10732.5;0.0
av_COTTON_d5;35500;ASH_COATED_OSMIUM;9900;10;9898;14;;;9906;24;9910;21;;;9903.0;0.0
av_COTTON_d5;35500;INTARIAN_PEPPER_ROOT;10727;6;10724;23;;;10733;12;10735;14;;;10730.0;0.0
av_COTTON_d5;35600;ASH_COATED_OSMIUM;9896;5;9892;28;;;9909;5;9911;22;;;9902.5;0.0
av_COTTON_d5;35600;INTARIAN_PEPPER_ROOT;10725;18;10721;17;;;10731;15;10735;21;;;10728.0;0.0
av_COTTON_d5;35700;ASH_COATED_OSMIUM;9900;23;9898;18;;;9906;19;9908;16;;;9903.0;0.0
av_COTTON_d5;35700;INTARIAN_PEPPER_ROOT;10722;16;10719;8;;;10728;15;10731;24;;;10725.0;0.0
av_COTTON_d5;35800;ASH_COATED_OSMIUM;9893;5;9889;22;;;9913;5;9916;26;;;9903.0;0.0
av_COTTON_d5;35800;INTARIAN_PEPPER_ROOT;10720;13;10716;25;;;10726;11;10728;19;;;10723.0;0.0
av_COTTON_d5;35900;ASH_COATED_OSMIUM;9898;11;9896;24;;;9908;18;9911;26;;;9903.0;0.0
av_COTTON_d5;35900;INTARIAN_PEPPER_ROOT;10716;12;10714;23;;;10725;8;10729;24;;;10720.5;0.0
av_COTTON_d5;36000;ASH_COATED_OSMIUM;9900;17;9897;19;;;9906;11;9908;22;;;9903.0;0.0
av_COTTON_d5;36000;INTARIAN_PEPPER_ROOT;10709;7;10706;8;;;10727;18;10731;24;;;10718.0;0.0
av_COTTON_d5;36100;ASH_COATED_OSMIUM;9882;13;9878;23;;;9924;12;9928;18;;;9903.0;0.0
av_COTTON_d5;36100;INTARIAN_PEPPER_ROOT;10702;7;10699;15;;;10729;19;10732;23;;;10715.5;0.0
av_COTTON_d5;36200;ASH_COATED_OSMIUM;9891;16;9889;23;;;9915;16;9919;30;;;9903.0;0.0
av_COTTON_d5;36200;INTARIAN_PEPPER_ROOT;10700;12;10697;21;;;10727;6;10729;29;;;10713.5;0.0
av_COTTON_d5;36300;ASH_COATED_OSMIUM;9900;15;9898;31;;;9906;7;9908;29;;;9903.0;0.0
av_COTTON_d5;36300;INTARIAN_PEPPER_ROOT;10708;10;10706;17;;;10714;12;10717;26;;;10711.0;0.0
av_COTTON_d5;36400;ASH_COATED_OSMIUM;9900;16;9896;24;;;9906;20;9909;24;;;9903.0;0.0
av_COTTON_d5;36400;INTARIAN_PEPPER_ROOT;10699;24;10696;22;;;10718;16;10721;19;;;10708.5;0.0
av_COTTON_d5;36500;ASH_COATED_OSMIUM;9899;12;9895;19;;;9908;8;9911;19;;;9903.5;0.0
av_COTTON_d5;36500;INTARIAN_PEPPER_ROOT;10703;15;10701;22;;;10709;8;10711;24;;;10706.0;0.0
av_COTTON_d5;36600;ASH_COATED_OSMIUM;9900;16;9898;11;;;9906;11;9909;19;;;9903.0;0.0
av_COTTON_d5;36600;INTARIAN_PEPPER_ROOT;10701;12;10698;22;;;10707;12;10709;25;;;10704.0;0.0
av_COTTON_d5;36700;ASH_COATED_OSMIUM;9900;13;9896;24;;;9906;18;9908;15;;;9903.0;0.0
av_COTTON_d5;36700;INTARIAN_PEPPER_ROOT;10699;10;10697;17;;;10705;16;10708;13;;;10702.0;0.0
av_COTTON_d5;36800;ASH_COATED_OSMIUM;9900;28;9896;15;;;9906;7;9908;24;;;9903.0;0.0
av_COTTON_d5;36800;INTARIAN_PEPPER_ROOT;10697;16;10695;18;;;10703;20;10705;17;;;10700.0;0.0
av_COTTON_d5;36900;ASH_COATED_OSMIUM;9900;13;9897;24;;;9906;17;9908;19;;;9903.0;0.0
av_COTTON_d5;36900;INTARIAN_PEPPER_ROOT;10691;6;10688;8;;;10703;17;10705;19;;;10697.0;0.0
av_COTTON_d5;37000;ASH_COATED_OSMIUM;9900;10;9897;21;;;9907;13;9911;21;;;9903.5;0.0
av_COTTON_d5;37000;INTARIAN_PEPPER_ROOT;10683;17;10679;22;;;10707;19;10711;14;;;10695.0;0.0
av_COTTON_d5;37100;ASH_COATED_OSMIUM;9899;12;9896;23;;;9905;22;9908;15;;;9902.0;0.0
av_COTTON_d5;37100;INTARIAN_PEPPER_ROOT;10690;5;10687;17;;;10696;25;10700;15;;;10693.0;0.0
av_COTTON_d5;37200;ASH_COATED_OSMIUM;9900;17;9896;20;;;9906;22;9909;21;;;9903.0;0.0
av_COTTON_d5;37200;INTARIAN_PEPPER_ROOT;10688;8;10685;23;;;10694;14;10697;22;;;10691.0;0.0
av_COTTON_d5;37300;ASH_COATED_OSMIUM;9901;23;9899;20;;;9907;16;9911;12;;;9904.0;0.0
av_COTTON_d5;37300;INTARIAN_PEPPER_ROOT;10683;13;10679;21;;;10693;9;10697;25;;;10688.0;0.0
av_COTTON_d5;37400;ASH_COATED_OSMIUM;9901;9;9898;20;;;9907;13;9909;20;;;9904.0;0.0
av_COTTON_d5;37400;INTARIAN_PEPPER_ROOT;10678;11;10674;21;;;10693;19;10695;18;;;10685.5;0.0
av_COTTON_d5;37500;ASH_COATED_OSMIUM;9900;13;9898;24;;;9906;15;9909;17;;;9903.0;0.0
av_COTTON_d5;37500;INTARIAN_PEPPER_ROOT;10678;16;10674;18;;;10690;18;10693;10;;;10684.0;0.0
av_COTTON_d5;37600;ASH_COATED_OSMIUM;9900;16;9896;15;;;9906;16;9910;18;;;9903.0;0.0
av_COTTON_d5;37600;INTARIAN_PEPPER_ROOT;10678;16;10675;24;;;10684;11;10688;27;;;10681.0;0.0
av_COTTON_d5;37700;ASH_COATED_OSMIUM;9900;14;9897;16;;;9906;14;9910;16;;;9903.0;0.0
av_COTTON_d5;37700;INTARIAN_PEPPER_ROOT;10676;9;10673;33;;;10682;15;10685;23;;;10679.0;0.0
av_COTTON_d5;37800;ASH_COATED_OSMIUM;9900;16;9896;10;;;9908;13;9911;29;;;9904.0;0.0
av_COTTON_d5;37800;INTARIAN_PEPPER_ROOT;10673;22;10670;19;;;10679;19;10683;23;;;10676.0;0.0
av_COTTON_d5;37900;ASH_COATED_OSMIUM;9867;5;9865;17;;;9939;11;9941;17;;;9903.0;0.0
av_COTTON_d5;37900;INTARIAN_PEPPER_ROOT;10671;5;10668;11;;;10677;5;10679;21;;;10674.0;0.0
av_COTTON_d5;38000;ASH_COATED_OSMIUM;9900;16;9896;22;;;9906;14;9908;14;;;9903.0;0.0
av_COTTON_d5;38000;INTARIAN_PEPPER_ROOT;10665;10;10662;10;;;10678;19;10682;22;;;10671.5;0.0
av_COTTON_d5;38100;ASH_COATED_OSMIUM;9898;14;9896;10;;;9908;11;9912;23;;;9903.0;0.0
av_COTTON_d5;38100;INTARIAN_PEPPER_ROOT;10667;20;10663;29;;;10673;11;10676;10;;;10670.0;0.0
av_COTTON_d5;38200;ASH_COATED_OSMIUM;9898;13;9894;15;;;9908;8;9912;32;;;9903.0;0.0
av_COTTON_d5;38200;INTARIAN_PEPPER_ROOT;10659;20;10656;13;;;10675;12;10678;22;;;10667.0;0.0
av_COTTON_d5;38300;ASH_COATED_OSMIUM;9898;7;9896;18;;;9909;19;9913;18;;;9903.5;0.0
av_COTTON_d5;38300;INTARIAN_PEPPER_ROOT;10658;8;10655;22;;;10671;21;10674;14;;;10664.5;0.0
av_COTTON_d5;38400;ASH_COATED_OSMIUM;9901;12;9898;25;;;9907;17;9910;22;;;9904.0;0.0
av_COTTON_d5;38400;INTARIAN_PEPPER_ROOT;10659;13;10657;22;;;10665;14;10668;15;;;10662.0;0.0
av_COTTON_d5;38500;ASH_COATED_OSMIUM;9900;18;9897;30;;;9906;14;9910;20;;;9903.0;0.0
av_COTTON_d5;38500;INTARIAN_PEPPER_ROOT;10657;15;10653;22;;;10663;21;10666;18;;;10660.0;0.0
av_COTTON_d5;38600;ASH_COATED_OSMIUM;9900;19;9896;22;;;9906;7;9910;15;;;9903.0;0.0
av_COTTON_d5;38600;INTARIAN_PEPPER_ROOT;10655;5;10653;25;;;10661;9;10665;22;;;10658.0;0.0
av_COTTON_d5;38700;ASH_COATED_OSMIUM;9901;12;9898;15;;;9907;15;9909;20;;;9904.0;0.0
av_COTTON_d5;38700;INTARIAN_PEPPER_ROOT;10646;14;10644;25;;;10666;10;10670;19;;;10656.0;0.0
av_COTTON_d5;38800;ASH_COATED_OSMIUM;9896;15;9893;15;;;9911;5;9913;18;;;9903.5;0.0
av_COTTON_d5;38800;INTARIAN_PEPPER_ROOT;10650;15;10647;19;;;10656;15;10660;26;;;10653.0;0.0
av_COTTON_d5;38900;ASH_COATED_OSMIUM;9901;15;9897;27;;;9907;8;9911;26;;;9904.0;0.0
av_COTTON_d5;38900;INTARIAN_PEPPER_ROOT;10644;9;10641;22;;;10657;7;10661;25;;;10650.5;0.0
av_COTTON_d5;39000;ASH_COATED_OSMIUM;9901;5;9898;17;;;9907;16;9911;24;;;9904.0;0.0
av_COTTON_d5;39000;INTARIAN_PEPPER_ROOT;10646;17;10644;18;;;10652;11;10655;26;;;10649.0;0.0
av_COTTON_d5;39100;ASH_COATED_OSMIUM;9901;12;9897;18;;;9907;20;9910;18;;;9904.0;0.0
av_COTTON_d5;39100;INTARIAN_PEPPER_ROOT;10643;14;10640;13;;;10649;17;10653;14;;;10646.0;0.0
av_COTTON_d5;39200;ASH_COATED_OSMIUM;9900;18;9896;24;;;9907;8;9911;18;;;9903.5;0.0
av_COTTON_d5;39200;INTARIAN_PEPPER_ROOT;10626;23;10622;18;;;10661;9;10665;24;;;10643.5;0.0
av_COTTON_d5;39300;ASH_COATED_OSMIUM;9898;12;9896;16;;;9908;18;9910;19;;;9903.0;0.0
av_COTTON_d5;39300;INTARIAN_PEPPER_ROOT;10636;8;10633;18;;;10647;8;10651;28;;;10641.5;0.0
av_COTTON_d5;39400;ASH_COATED_OSMIUM;9900;10;9896;26;;;9908;15;9910;20;;;9904.0;0.0
av_COTTON_d5;39400;INTARIAN_PEPPER_ROOT;10636;12;10632;16;;;10642;17;10645;26;;;10639.0;0.0
av_COTTON_d5;39500;ASH_COATED_OSMIUM;9901;10;9897;12;;;9907;10;9911;21;;;9904.0;0.0
av_COTTON_d5;39500;INTARIAN_PEPPER_ROOT;10634;12;10630;16;;;10640;15;10642;14;;;10637.0;0.0
av_COTTON_d5;39600;ASH_COATED_OSMIUM;9898;9;9895;24;;;9909;12;9911;25;;;9903.5;0.0
av_COTTON_d5;39600;INTARIAN_PEPPER_ROOT;10631;17;10629;23;;;10637;18;10639;15;;;10634.0;0.0
av_COTTON_d5;39700;ASH_COATED_OSMIUM;9901;7;9898;30;;;9907;14;9909;11;;;9904.0;0.0
av_COTTON_d5;39700;INTARIAN_PEPPER_ROOT;10630;13;10628;14;;;10636;10;10638;25;;;10633.0;0.0
av_COTTON_d5;39800;ASH_COATED_OSMIUM;9901;12;9899;21;;;9907;16;9911;24;;;9904.0;0.0
av_COTTON_d5;39800;INTARIAN_PEPPER_ROOT;10626;16;10624;15;;;10632;20;10636;11;;;10629.0;0.0
av_COTTON_d5;39900;ASH_COATED_OSMIUM;9901;7;9897;18;;;9907;10;9910;21;;;9904.0;0.0
av_COTTON_d5;39900;INTARIAN_PEPPER_ROOT;10624;10;10621;21;;;10630;16;10634;17;;;10627.0;0.0
av_COTTON_d5;40000;ASH_COATED_OSMIUM;9901;8;9897;16;;;9907;16;9910;12;;;9904.0;0.0
av_COTTON_d5;40000;INTARIAN_PEPPER_ROOT;10622;13;10619;15;;;10628;18;10630;12;;;10625.0;0.0
av_COTTON_d5;40100;ASH_COATED_OSMIUM;9901;23;9899;22;;;9907;22;9910;22;;;9904.0;0.0
av_COTTON_d5;40100;INTARIAN_PEPPER_ROOT;10617;14;10615;16;;;10627;24;10631;23;;;10622.0;0.0
av_COTTON_d5;40200;ASH_COATED_OSMIUM;9900;13;9897;27;;;9906;11;9910;22;;;9903.0;0.0
av_COTTON_d5;40200;INTARIAN_PEPPER_ROOT;10617;10;10613;19;;;10623;17;10625;16;;;10620.0;0.0
av_COTTON_d5;40300;ASH_COATED_OSMIUM;9900;14;9898;14;;;9906;14;9909;18;;;9903.0;0.0
av_COTTON_d5;40300;INTARIAN_PEPPER_ROOT;10613;12;10611;18;;;10624;14;10627;11;;;10618.5;0.0
av_COTTON_d5;40400;ASH_COATED_OSMIUM;9901;15;9898;12;;;9907;20;9910;16;;;9904.0;0.0
av_COTTON_d5;40400;INTARIAN_PEPPER_ROOT;10613;8;10609;16;;;10619;8;10623;25;;;10616.0;0.0
av_COTTON_d5;40500;ASH_COATED_OSMIUM;9901;8;9898;22;;;9907;15;9909;20;;;9904.0;0.0
av_COTTON_d5;40500;INTARIAN_PEPPER_ROOT;10610;20;10606;18;;;10616;23;10620;18;;;10613.0;0.0
av_COTTON_d5;40600;ASH_COATED_OSMIUM;9897;11;9894;20;;;9911;12;9914;19;;;9904.0;0.0
av_COTTON_d5;40600;INTARIAN_PEPPER_ROOT;10607;22;10605;12;;;10616;9;10618;18;;;10611.5;0.0
av_COTTON_d5;40700;ASH_COATED_OSMIUM;9900;20;9898;23;;;9907;13;9909;18;;;9903.5;0.0
av_COTTON_d5;40700;INTARIAN_PEPPER_ROOT;10606;12;10603;13;;;10612;25;10615;25;;;10609.0;0.0
av_COTTON_d5;40800;ASH_COATED_OSMIUM;9901;15;9898;26;;;9907;17;9911;18;;;9904.0;0.0
av_COTTON_d5;40800;INTARIAN_PEPPER_ROOT;10596;9;10593;18;;;10617;13;10621;19;;;10606.5;0.0
av_COTTON_d5;40900;ASH_COATED_OSMIUM;9901;22;9897;27;;;9907;10;9910;20;;;9904.0;0.0
av_COTTON_d5;40900;INTARIAN_PEPPER_ROOT;10602;20;10600;21;;;10608;11;10612;17;;;10605.0;0.0
av_COTTON_d5;41000;ASH_COATED_OSMIUM;9902;11;9898;17;;;9908;11;9910;9;;;9905.0;0.0
av_COTTON_d5;41000;INTARIAN_PEPPER_ROOT;10597;9;10595;13;;;10606;22;10609;26;;;10601.5;0.0
av_COTTON_d5;41100;ASH_COATED_OSMIUM;9900;16;9897;15;;;9908;15;9912;24;;;9904.0;0.0
av_COTTON_d5;41100;INTARIAN_PEPPER_ROOT;10596;13;10593;21;;;10602;15;10604;27;;;10599.0;0.0
av_COTTON_d5;41200;ASH_COATED_OSMIUM;9900;17;9898;11;;;9906;25;9908;15;;;9903.0;0.0
av_COTTON_d5;41200;INTARIAN_PEPPER_ROOT;10591;21;10587;18;;;10604;24;10608;18;;;10597.5;0.0
av_COTTON_d5;41300;ASH_COATED_OSMIUM;9901;19;9899;9;;;9907;18;9909;10;;;9904.0;0.0
av_COTTON_d5;41300;INTARIAN_PEPPER_ROOT;10591;13;10587;30;;;10597;16;10601;23;;;10594.0;0.0
av_COTTON_d5;41400;ASH_COATED_OSMIUM;9898;10;9895;17;;;9910;15;9914;18;;;9904.0;0.0
av_COTTON_d5;41400;INTARIAN_PEPPER_ROOT;10590;12;10588;22;;;10596;18;10600;16;;;10593.0;0.0
av_COTTON_d5;41500;ASH_COATED_OSMIUM;9901;11;9899;28;;;9907;10;9909;17;;;9904.0;0.0
av_COTTON_d5;41500;INTARIAN_PEPPER_ROOT;10587;15;10584;15;;;10593;25;10596;17;;;10590.0;0.0
av_COTTON_d5;41600;ASH_COATED_OSMIUM;9901;7;9899;26;;;9908;15;9910;15;;;9904.5;0.0
av_COTTON_d5;41600;INTARIAN_PEPPER_ROOT;10581;15;10578;26;;;10594;5;10596;17;;;10587.5;0.0
av_COTTON_d5;41700;ASH_COATED_OSMIUM;9901;11;9899;25;;;9907;10;9910;22;;;9904.0;0.0
av_COTTON_d5;41700;INTARIAN_PEPPER_ROOT;10580;18;10576;10;;;10590;14;10593;16;;;10585.0;0.0
av_COTTON_d5;41800;ASH_COATED_OSMIUM;9899;23;9895;16;;;9908;17;9910;22;;;9903.5;0.0
av_COTTON_d5;41800;INTARIAN_PEPPER_ROOT;10580;11;10577;30;;;10586;15;10590;20;;;10583.0;0.0
av_COTTON_d5;41900;ASH_COATED_OSMIUM;9901;14;9899;18;;;9907;14;9911;21;;;9904.0;0.0
av_COTTON_d5;41900;INTARIAN_PEPPER_ROOT;10577;25;10574;19;;;10583;24;10585;31;;;10580.0;0.0
av_COTTON_d5;42000;ASH_COATED_OSMIUM;9902;13;9899;17;;;9908;19;9911;13;;;9905.0;0.0
av_COTTON_d5;42000;INTARIAN_PEPPER_ROOT;10573;16;10569;16;;;10584;18;10586;15;;;10578.5;0.0
av_COTTON_d5;42100;ASH_COATED_OSMIUM;9901;10;9899;24;;;9907;5;9909;20;;;9904.0;0.0
av_COTTON_d5;42100;INTARIAN_PEPPER_ROOT;10574;14;10570;21;;;10580;14;10582;25;;;10577.0;0.0
av_COTTON_d5;42200;ASH_COATED_OSMIUM;9901;11;9897;17;;;9907;15;9910;22;;;9904.0;0.0
av_COTTON_d5;42200;INTARIAN_PEPPER_ROOT;10566;17;10564;19;;;10581;20;10585;21;;;10573.5;0.0
av_COTTON_d5;42300;ASH_COATED_OSMIUM;9901;21;9899;10;;;9907;12;9910;21;;;9904.0;0.0
av_COTTON_d5;42300;INTARIAN_PEPPER_ROOT;10568;11;10564;20;;;10574;10;10576;15;;;10571.0;0.0
av_COTTON_d5;42400;ASH_COATED_OSMIUM;9901;6;9899;29;;;9907;16;9910;18;;;9904.0;0.0
av_COTTON_d5;42400;INTARIAN_PEPPER_ROOT;10566;13;10562;21;;;10572;21;10575;23;;;10569.0;0.0
av_COTTON_d5;42500;ASH_COATED_OSMIUM;9898;19;9895;9;;;9910;16;9912;13;;;9904.0;0.0
av_COTTON_d5;42500;INTARIAN_PEPPER_ROOT;10558;14;10555;17;;;10575;27;10578;11;;;10566.5;0.0
av_COTTON_d5;42600;ASH_COATED_OSMIUM;9897;13;9893;28;;;9911;8;9915;23;;;9904.0;0.0
av_COTTON_d5;42600;INTARIAN_PEPPER_ROOT;10560;9;10556;19;;;10570;14;10573;26;;;10565.0;0.0
av_COTTON_d5;42700;ASH_COATED_OSMIUM;9889;11;9885;25;;;9919;14;9921;29;;;9904.0;0.0
av_COTTON_d5;42700;INTARIAN_PEPPER_ROOT;10559;17;10555;17;;;10565;16;10567;19;;;10562.0;0.0
av_COTTON_d5;42800;ASH_COATED_OSMIUM;9901;13;9899;23;;;9907;22;9910;24;;;9904.0;0.0
av_COTTON_d5;42800;INTARIAN_PEPPER_ROOT;10549;10;10545;18;;;10570;18;10573;15;;;10559.5;0.0
av_COTTON_d5;42900;ASH_COATED_OSMIUM;9900;16;9897;15;;;9909;21;9913;25;;;9904.5;0.0
av_COTTON_d5;42900;INTARIAN_PEPPER_ROOT;10554;11;10552;24;;;10560;17;10564;18;;;10557.0;0.0
av_COTTON_d5;43000;ASH_COATED_OSMIUM;9902;14;9900;13;;;9908;21;9912;17;;;9905.0;0.0
av_COTTON_d5;43000;INTARIAN_PEPPER_ROOT;10552;20;10549;11;;;10558;20;10561;8;;;10555.0;0.0
av_COTTON_d5;43100;ASH_COATED_OSMIUM;9895;20;9893;21;;;9914;7;9918;15;;;9904.5;0.0
av_COTTON_d5;43100;INTARIAN_PEPPER_ROOT;10550;16;10548;19;;;10556;18;10558;17;;;10553.0;0.0
av_COTTON_d5;43200;ASH_COATED_OSMIUM;9895;18;9893;25;;;9914;15;9916;21;;;9904.5;0.0
av_COTTON_d5;43200;INTARIAN_PEPPER_ROOT;10547;13;10543;20;;;10553;5;10556;16;;;10550.0;0.0
av_COTTON_d5;43300;ASH_COATED_OSMIUM;9900;16;9897;11;;;9908;5;9910;21;;;9904.0;0.0
av_COTTON_d5;43300;INTARIAN_PEPPER_ROOT;10545;8;10542;20;;;10551;15;10555;20;;;10548.0;0.0
av_COTTON_d5;43400;ASH_COATED_OSMIUM;9898;20;9896;13;;;9911;13;9913;24;;;9904.5;0.0
av_COTTON_d5;43400;INTARIAN_PEPPER_ROOT;10542;16;10540;19;;;10549;20;10551;20;;;10545.5;0.0
av_COTTON_d5;43500;ASH_COATED_OSMIUM;9902;21;9900;24;;;9908;11;9912;18;;;9905.0;0.0
av_COTTON_d5;43500;INTARIAN_PEPPER_ROOT;10541;17;10538;17;;;10547;7;10550;15;;;10544.0;0.0
av_COTTON_d5;43600;ASH_COATED_OSMIUM;9901;17;9897;26;;;9908;19;9911;21;;;9904.5;0.0
av_COTTON_d5;43600;INTARIAN_PEPPER_ROOT;10538;9;10534;18;;;10544;12;10546;16;;;10541.0;0.0
av_COTTON_d5;43700;ASH_COATED_OSMIUM;9901;13;9898;26;;;9907;15;9910;18;;;9904.0;0.0
av_COTTON_d5;43700;INTARIAN_PEPPER_ROOT;10536;20;10532;13;;;10542;17;10546;17;;;10539.0;0.0
av_COTTON_d5;43800;ASH_COATED_OSMIUM;9901;15;9899;14;;;9907;9;9910;29;;;9904.0;0.0
av_COTTON_d5;43800;INTARIAN_PEPPER_ROOT;10534;23;10532;16;;;10540;21;10544;19;;;10537.0;0.0
av_COTTON_d5;43900;ASH_COATED_OSMIUM;9901;13;9899;15;;;9907;17;9911;29;;;9904.0;0.0
av_COTTON_d5;43900;INTARIAN_PEPPER_ROOT;10531;7;10529;21;;;10537;16;10540;17;;;10534.0;0.0
av_COTTON_d5;44000;ASH_COATED_OSMIUM;9901;8;9898;25;;;9907;11;9911;21;;;9904.0;0.0
av_COTTON_d5;44000;INTARIAN_PEPPER_ROOT;10529;19;10526;19;;;10535;15;10538;17;;;10532.0;0.0
av_COTTON_d5;44100;ASH_COATED_OSMIUM;9902;13;9898;25;;;9908;20;9910;25;;;9905.0;0.0
av_COTTON_d5;44100;INTARIAN_PEPPER_ROOT;10525;16;10523;11;;;10533;15;10536;25;;;10529.0;0.0
av_COTTON_d5;44200;ASH_COATED_OSMIUM;9901;16;9897;20;;;9907;12;9910;28;;;9904.0;0.0
av_COTTON_d5;44200;INTARIAN_PEPPER_ROOT;10520;10;10516;17;;;10535;14;10538;25;;;10527.5;0.0
av_COTTON_d5;44300;ASH_COATED_OSMIUM;9897;18;9894;12;;;9912;19;9914;18;;;9904.5;0.0
av_COTTON_d5;44300;INTARIAN_PEPPER_ROOT;10522;18;10520;16;;;10528;9;10530;16;;;10525.0;0.0
av_COTTON_d5;44400;ASH_COATED_OSMIUM;9901;9;9898;16;;;9909;10;9913;18;;;9905.0;0.0
av_COTTON_d5;44400;INTARIAN_PEPPER_ROOT;10519;10;10517;21;;;10525;5;10529;14;;;10522.0;0.0
av_COTTON_d5;44500;ASH_COATED_OSMIUM;9899;22;9896;10;;;9911;20;9914;29;;;9905.0;0.0
av_COTTON_d5;44500;INTARIAN_PEPPER_ROOT;10515;17;10513;24;;;10526;15;10530;15;;;10520.5;0.0
av_COTTON_d5;44600;ASH_COATED_OSMIUM;9901;12;9899;27;;;9907;12;9911;18;;;9904.0;0.0
av_COTTON_d5;44600;INTARIAN_PEPPER_ROOT;10513;18;10511;14;;;10523;20;10526;23;;;10518.0;0.0
av_COTTON_d5;44700;ASH_COATED_OSMIUM;9901;18;9899;21;;;9908;18;9910;11;;;9904.5;0.0
av_COTTON_d5;44700;INTARIAN_PEPPER_ROOT;10512;16;10508;17;;;10518;9;10522;25;;;10515.0;0.0
av_COTTON_d5;44800;ASH_COATED_OSMIUM;9901;10;9899;29;;;9907;5;9909;21;;;9904.0;0.0
av_COTTON_d5;44800;INTARIAN_PEPPER_ROOT;10510;15;10507;12;;;10516;16;10519;15;;;10513.0;0.0
av_COTTON_d5;44900;ASH_COATED_OSMIUM;9899;5;9897;16;;;9910;14;9914;19;;;9904.5;0.0
av_COTTON_d5;44900;INTARIAN_PEPPER_ROOT;10507;14;10503;15;;;10513;16;10515;15;;;10510.0;0.0
av_COTTON_d5;45000;ASH_COATED_OSMIUM;9901;17;9898;19;;;9907;22;9911;24;;;9904.0;0.0
av_COTTON_d5;45000;INTARIAN_PEPPER_ROOT;10506;17;10503;14;;;10512;24;10515;16;;;10509.0;0.0
av_COTTON_d5;45100;ASH_COATED_OSMIUM;9902;20;9898;24;;;9908;14;9910;15;;;9905.0;0.0
av_COTTON_d5;45100;INTARIAN_PEPPER_ROOT;10503;19;10499;19;;;10509;8;10512;21;;;10506.0;0.0
av_COTTON_d5;45200;ASH_COATED_OSMIUM;9894;15;9891;18;;;9915;14;9919;16;;;9904.5;0.0
av_COTTON_d5;45200;INTARIAN_PEPPER_ROOT;10501;8;10499;20;;;10507;21;10510;21;;;10504.0;0.0
av_COTTON_d5;45300;ASH_COATED_OSMIUM;9902;20;9898;28;;;9908;12;9912;17;;;9905.0;0.0
av_COTTON_d5;45300;INTARIAN_PEPPER_ROOT;10499;14;10495;21;;;10505;14;10507;13;;;10502.0;0.0
av_COTTON_d5;45400;ASH_COATED_OSMIUM;9901;8;9899;17;;;9909;11;9913;23;;;9905.0;0.0
av_COTTON_d5;45400;INTARIAN_PEPPER_ROOT;10492;23;10489;26;;;10506;11;10509;14;;;10499.0;0.0
av_COTTON_d5;45500;ASH_COATED_OSMIUM;9901;14;9898;20;;;9907;15;9911;19;;;9904.0;0.0
av_COTTON_d5;45500;INTARIAN_PEPPER_ROOT;10494;15;10491;12;;;10500;18;10504;17;;;10497.0;0.0
av_COTTON_d5;45600;ASH_COATED_OSMIUM;9901;13;9899;26;;;9910;14;9912;21;;;9905.5;0.0
av_COTTON_d5;45600;INTARIAN_PEPPER_ROOT;10490;11;10488;24;;;10499;9;10502;18;;;10494.5;0.0
av_COTTON_d5;45700;ASH_COATED_OSMIUM;9896;18;9894;16;;;9914;21;9916;14;;;9905.0;0.0
av_COTTON_d5;45700;INTARIAN_PEPPER_ROOT;10489;19;10486;18;;;10495;16;10498;13;;;10492.0;0.0
av_COTTON_d5;45800;ASH_COATED_OSMIUM;9892;21;9890;28;;;9917;15;9921;27;;;9904.5;0.0
av_COTTON_d5;45800;INTARIAN_PEPPER_ROOT;10487;28;10484;21;;;10493;13;10497;20;;;10490.0;0.0
av_COTTON_d5;45900;ASH_COATED_OSMIUM;9902;17;9900;24;;;9908;6;9910;16;;;9905.0;0.0
av_COTTON_d5;45900;INTARIAN_PEPPER_ROOT;10479;15;10477;24;;;10496;23;10498;16;;;10487.5;0.0
av_COTTON_d5;46000;ASH_COATED_OSMIUM;9896;15;9893;27;;;9914;17;9917;30;;;9905.0;0.0
av_COTTON_d5;46000;INTARIAN_PEPPER_ROOT;10481;9;10478;17;;;10490;20;10493;21;;;10485.5;0.0
av_COTTON_d5;46100;ASH_COATED_OSMIUM;9899;13;9896;12;;;9911;12;9913;20;;;9905.0;0.0
av_COTTON_d5;46100;INTARIAN_PEPPER_ROOT;10480;18;10477;18;;;10486;6;10490;11;;;10483.0;0.0
av_COTTON_d5;46200;ASH_COATED_OSMIUM;9900;14;9897;29;;;9910;15;9912;17;;;9905.0;0.0
av_COTTON_d5;46200;INTARIAN_PEPPER_ROOT;10477;18;10473;17;;;10484;5;10486;13;;;10480.5;0.0
av_COTTON_d5;46300;ASH_COATED_OSMIUM;9896;5;9892;24;;;9915;17;9917;23;;;9905.5;0.0
av_COTTON_d5;46300;INTARIAN_PEPPER_ROOT;10475;15;10471;19;;;10481;20;10483;21;;;10478.0;0.0
av_COTTON_d5;46400;ASH_COATED_OSMIUM;9892;16;9888;17;;;9919;12;9922;20;;;9905.5;0.0
av_COTTON_d5;46400;INTARIAN_PEPPER_ROOT;10473;10;10470;19;;;10479;11;10482;30;;;10476.0;0.0
av_COTTON_d5;46500;ASH_COATED_OSMIUM;9898;11;9896;15;;;9911;15;9914;22;;;9904.5;0.0
av_COTTON_d5;46500;INTARIAN_PEPPER_ROOT;10470;12;10468;16;;;10476;11;10478;19;;;10473.0;0.0
av_COTTON_d5;46600;ASH_COATED_OSMIUM;9903;10;9901;12;;;9909;19;9913;17;;;9906.0;0.0
av_COTTON_d5;46600;INTARIAN_PEPPER_ROOT;10468;14;10466;18;;;10474;16;10478;17;;;10471.0;0.0
av_COTTON_d5;46700;ASH_COATED_OSMIUM;9897;13;9894;17;;;9913;18;9917;18;;;9905.0;0.0
av_COTTON_d5;46700;INTARIAN_PEPPER_ROOT;10463;17;10460;17;;;10476;11;10478;19;;;10469.5;0.0
av_COTTON_d5;46800;ASH_COATED_OSMIUM;9903;11;9899;16;;;9909;12;9911;17;;;9906.0;0.0
av_COTTON_d5;46800;INTARIAN_PEPPER_ROOT;10455;12;10452;19;;;10480;19;10482;23;;;10467.5;0.0
av_COTTON_d5;46900;ASH_COATED_OSMIUM;9900;16;9897;18;;;9910;9;9912;19;;;9905.0;0.0
av_COTTON_d5;46900;INTARIAN_PEPPER_ROOT;10460;15;10457;29;;;10468;15;10471;22;;;10464.0;0.0
av_COTTON_d5;47000;ASH_COATED_OSMIUM;9902;11;9900;21;;;9908;11;9911;18;;;9905.0;0.0
av_COTTON_d5;47000;INTARIAN_PEPPER_ROOT;10451;9;10449;16;;;10473;18;10475;22;;;10462.0;0.0
av_COTTON_d5;47100;ASH_COATED_OSMIUM;9902;14;9898;21;;;9908;20;9910;19;;;9905.0;0.0
av_COTTON_d5;47100;INTARIAN_PEPPER_ROOT;10456;14;10454;21;;;10462;11;10466;15;;;10459.0;0.0
av_COTTON_d5;47200;ASH_COATED_OSMIUM;9903;16;9901;18;;;9909;19;9912;21;;;9906.0;0.0
av_COTTON_d5;47200;INTARIAN_PEPPER_ROOT;10453;11;10449;8;;;10462;22;10464;16;;;10457.5;0.0
av_COTTON_d5;47300;ASH_COATED_OSMIUM;9903;7;9901;16;;;9909;15;9911;22;;;9906.0;0.0
av_COTTON_d5;47300;INTARIAN_PEPPER_ROOT;10452;17;10448;17;;;10458;23;10461;15;;;10455.0;0.0
av_COTTON_d5;47400;ASH_COATED_OSMIUM;9902;14;9898;25;;;9908;24;9910;17;;;9905.0;0.0
av_COTTON_d5;47400;INTARIAN_PEPPER_ROOT;10446;26;10442;20;;;10458;18;10460;22;;;10452.0;0.0
av_COTTON_d5;47500;ASH_COATED_OSMIUM;9901;23;9897;9;;;9909;10;9912;28;;;9905.0;0.0
av_COTTON_d5;47500;INTARIAN_PEPPER_ROOT;10447;16;10444;20;;;10453;23;10455;11;;;10450.0;0.0
av_COTTON_d5;47600;ASH_COATED_OSMIUM;9898;17;9896;26;;;9911;18;9915;24;;;9904.5;0.0
av_COTTON_d5;47600;INTARIAN_PEPPER_ROOT;10445;18;10443;23;;;10451;19;10455;12;;;10448.0;0.0
av_COTTON_d5;47700;ASH_COATED_OSMIUM;9903;10;9899;23;;;9909;14;9912;24;;;9906.0;0.0
av_COTTON_d5;47700;INTARIAN_PEPPER_ROOT;10443;10;10441;20;;;10449;22;10453;16;;;10446.0;0.0
av_COTTON_d5;47800;ASH_COATED_OSMIUM;9902;20;9898;19;;;9908;16;9912;20;;;9905.0;0.0
av_COTTON_d5;47800;INTARIAN_PEPPER_ROOT;10440;16;10438;18;;;10446;19;10449;8;;;10443.0;0.0
av_COTTON_d5;47900;ASH_COATED_OSMIUM;9903;14;9900;19;;;9909;17;9911;16;;;9906.0;0.0
av_COTTON_d5;47900;INTARIAN_PEPPER_ROOT;10438;20;10436;17;;;10444;24;10448;15;;;10441.0;0.0
av_COTTON_d5;48000;ASH_COATED_OSMIUM;9896;12;9894;18;;;9914;6;9916;22;;;9905.0;0.0
av_COTTON_d5;48000;INTARIAN_PEPPER_ROOT;10434;10;10431;19;;;10443;18;10447;11;;;10438.5;0.0
av_COTTON_d5;48100;ASH_COATED_OSMIUM;9898;5;9894;10;;;9914;18;9916;25;;;9906.0;0.0
av_COTTON_d5;48100;INTARIAN_PEPPER_ROOT;10434;5;10431;20;;;10440;14;10443;16;;;10437.0;0.0
av_COTTON_d5;48200;ASH_COATED_OSMIUM;9898;20;9895;21;;;9914;12;9917;32;;;9906.0;0.0
av_COTTON_d5;48200;INTARIAN_PEPPER_ROOT;10431;13;10429;20;;;10437;11;10439;20;;;10434.0;0.0
av_COTTON_d5;48300;ASH_COATED_OSMIUM;9902;16;9900;18;;;9909;14;9913;13;;;9905.5;0.0
av_COTTON_d5;48300;INTARIAN_PEPPER_ROOT;10425;13;10423;24;;;10438;17;10440;30;;;10431.5;0.0
av_COTTON_d5;48400;ASH_COATED_OSMIUM;9901;16;9898;15;;;9910;13;9912;28;;;9905.5;0.0
av_COTTON_d5;48400;INTARIAN_PEPPER_ROOT;10424;18;10420;27;;;10435;25;10438;17;;;10429.5;0.0
av_COTTON_d5;48500;ASH_COATED_OSMIUM;9903;16;9900;20;;;9909;5;9912;13;;;9906.0;0.0
av_COTTON_d5;48500;INTARIAN_PEPPER_ROOT;10424;16;10421;17;;;10431;10;10433;23;;;10427.5;0.0
av_COTTON_d5;48600;ASH_COATED_OSMIUM;9902;14;9900;26;;;9908;18;9911;28;;;9905.0;0.0
av_COTTON_d5;48600;INTARIAN_PEPPER_ROOT;10416;11;10412;18;;;10434;23;10436;22;;;10425.0;0.0
av_COTTON_d5;48700;ASH_COATED_OSMIUM;9889;17;9886;18;;;9922;20;9925;13;;;9905.5;0.0
av_COTTON_d5;48700;INTARIAN_PEPPER_ROOT;10419;10;10417;26;;;10425;11;10428;20;;;10422.0;0.0
av_COTTON_d5;48800;ASH_COATED_OSMIUM;9903;16;9900;11;;;9909;20;9913;23;;;9906.0;0.0
av_COTTON_d5;48800;INTARIAN_PEPPER_ROOT;10414;16;10410;19;;;10424;12;10427;22;;;10419.0;0.0
av_COTTON_d5;48900;ASH_COATED_OSMIUM;9903;10;9899;12;;;9909;22;9913;17;;;9906.0;0.0
av_COTTON_d5;48900;INTARIAN_PEPPER_ROOT;10414;16;10410;22;;;10420;11;10422;9;;;10417.0;0.0
av_COTTON_d5;49000;ASH_COATED_OSMIUM;9903;7;9900;17;;;9909;22;9912;29;;;9906.0;0.0
av_COTTON_d5;49000;INTARIAN_PEPPER_ROOT;10412;14;10408;21;;;10418;16;10420;26;;;10415.0;0.0
av_COTTON_d5;49100;ASH_COATED_OSMIUM;9901;14;9898;16;;;9909;11;9911;22;;;9905.0;0.0
av_COTTON_d5;49100;INTARIAN_PEPPER_ROOT;10410;14;10406;18;;;10416;15;10418;12;;;10413.0;0.0
av_COTTON_d5;49200;ASH_COATED_OSMIUM;9887;19;9883;29;;;9925;16;9929;22;;;9906.0;0.0
av_COTTON_d5;49200;INTARIAN_PEPPER_ROOT;10405;11;10403;19;;;10417;21;10421;18;;;10411.0;0.0
av_COTTON_d5;49300;ASH_COATED_OSMIUM;9900;18;9898;13;;;9911;11;9914;23;;;9905.5;0.0
av_COTTON_d5;49300;INTARIAN_PEPPER_ROOT;10406;21;10403;13;;;10412;20;10414;26;;;10409.0;0.0
av_COTTON_d5;49400;ASH_COATED_OSMIUM;9903;13;9900;23;;;9909;15;9911;15;;;9906.0;0.0
av_COTTON_d5;49400;INTARIAN_PEPPER_ROOT;10402;9;10400;30;;;10411;15;10413;19;;;10406.5;0.0
av_COTTON_d5;49500;ASH_COATED_OSMIUM;9903;13;9901;18;;;9909;9;9913;20;;;9906.0;0.0
av_COTTON_d5;49500;INTARIAN_PEPPER_ROOT;10401;19;10398;22;;;10407;9;10409;27;;;10404.0;0.0
av_COTTON_d5;49600;ASH_COATED_OSMIUM;9903;21;9900;19;;;9909;6;9911;16;;;9906.0;0.0
av_COTTON_d5;49600;INTARIAN_PEPPER_ROOT;10398;17;10394;23;;;10404;19;10408;23;;;10401.0;0.0
av_COTTON_d5;49700;ASH_COATED_OSMIUM;9903;18;9899;19;;;9909;10;9911;18;;;9906.0;0.0
av_COTTON_d5;49700;INTARIAN_PEPPER_ROOT;10393;18;10389;17;;;10404;19;10408;34;;;10398.5;0.0
av_COTTON_d5;49800;ASH_COATED_OSMIUM;9902;29;9898;16;;;9908;20;9911;13;;;9905.0;0.0
av_COTTON_d5;49800;INTARIAN_PEPPER_ROOT;10394;21;10391;26;;;10400;10;10402;14;;;10397.0;0.0
av_COTTON_d5;49900;ASH_COATED_OSMIUM;9902;10;9898;26;;;9908;8;9911;24;;;9905.0;0.0
av_COTTON_d5;49900;INTARIAN_PEPPER_ROOT;10389;12;10387;20;;;10399;18;10402;17;;;10394.0;0.0
av_COTTON_d5;50000;ASH_COATED_OSMIUM;9903;11;9901;22;;;9910;17;9914;20;;;9906.5;0.0
av_COTTON_d5;50000;INTARIAN_PEPPER_ROOT;10381;18;10378;24;;;10403;17;10407;22;;;10392.0;0.0
av_COTTON_d5;50100;ASH_COATED_OSMIUM;9902;14;9898;15;;;9910;17;9912;23;;;9906.0;0.0
av_COTTON_d5;50100;INTARIAN_PEPPER_ROOT;10387;17;10384;16;;;10393;17;10397;13;;;10390.0;0.0
av_COTTON_d5;50200;ASH_COATED_OSMIUM;9903;12;9901;10;;;9909;14;9913;16;;;9906.0;0.0
av_COTTON_d5;50200;INTARIAN_PEPPER_ROOT;10384;16;10380;14;;;10390;19;10392;24;;;10387.0;0.0
av_COTTON_d5;50300;ASH_COATED_OSMIUM;9900;19;9896;19;;;9912;10;9914;19;;;9906.0;0.0
av_COTTON_d5;50300;INTARIAN_PEPPER_ROOT;10382;16;10378;20;;;10388;11;10391;22;;;10385.0;0.0
av_COTTON_d5;50400;ASH_COATED_OSMIUM;9903;18;9901;19;;;9909;16;9913;26;;;9906.0;0.0
av_COTTON_d5;50400;INTARIAN_PEPPER_ROOT;10378;14;10375;19;;;10387;21;10389;15;;;10382.5;0.0
av_COTTON_d5;50500;ASH_COATED_OSMIUM;9904;15;9902;18;;;9910;13;9912;19;;;9907.0;0.0
av_COTTON_d5;50500;INTARIAN_PEPPER_ROOT;10374;12;10370;24;;;10388;22;10390;21;;;10381.0;0.0
av_COTTON_d5;50600;ASH_COATED_OSMIUM;9899;20;9897;12;;;9914;13;9917;19;;;9906.5;0.0
av_COTTON_d5;50600;INTARIAN_PEPPER_ROOT;10375;19;10371;31;;;10381;15;10385;14;;;10378.0;0.0
av_COTTON_d5;50700;ASH_COATED_OSMIUM;9901;7;9897;13;;;9912;16;9915;15;;;9906.5;0.0
av_COTTON_d5;50700;INTARIAN_PEPPER_ROOT;10373;12;10371;24;;;10379;5;10383;18;;;10376.0;0.0
av_COTTON_d5;50800;ASH_COATED_OSMIUM;9903;16;9900;26;;;9909;16;9913;19;;;9906.0;0.0
av_COTTON_d5;50800;INTARIAN_PEPPER_ROOT;10370;6;10366;26;;;10376;19;10378;24;;;10373.0;0.0
av_COTTON_d5;50900;ASH_COATED_OSMIUM;9903;15;9900;21;;;9909;22;9911;17;;;9906.0;0.0
av_COTTON_d5;50900;INTARIAN_PEPPER_ROOT;10368;9;10365;24;;;10374;14;10376;17;;;10371.0;0.0
av_COTTON_d5;51000;ASH_COATED_OSMIUM;9903;13;9901;25;;;9909;15;9911;13;;;9906.0;0.0
av_COTTON_d5;51000;INTARIAN_PEPPER_ROOT;10366;19;10362;12;;;10372;18;10374;16;;;10369.0;0.0
av_COTTON_d5;51100;ASH_COATED_OSMIUM;9894;13;9892;9;;;9919;11;9923;16;;;9906.5;0.0
av_COTTON_d5;51100;INTARIAN_PEPPER_ROOT;10364;9;10362;15;;;10370;18;10374;16;;;10367.0;0.0
av_COTTON_d5;51200;ASH_COATED_OSMIUM;9903;16;9899;16;;;9909;25;9913;19;;;9906.0;0.0
av_COTTON_d5;51200;INTARIAN_PEPPER_ROOT;10358;16;10354;20;;;10376;9;10379;20;;;10367.0;0.0
av_COTTON_d5;51300;ASH_COATED_OSMIUM;9902;18;9899;17;;;9910;13;9914;16;;;9906.0;0.0
av_COTTON_d5;51300;INTARIAN_PEPPER_ROOT;10360;13;10356;28;;;10366;8;10370;20;;;10363.0;0.0
av_COTTON_d5;51400;ASH_COATED_OSMIUM;9886;17;9884;27;;;9927;12;9931;18;;;9906.5;0.0
av_COTTON_d5;51400;INTARIAN_PEPPER_ROOT;10359;15;10357;23;;;10365;9;10367;15;;;10362.0;0.0
av_COTTON_d5;51500;ASH_COATED_OSMIUM;9903;18;9899;27;;;9909;11;9913;19;;;9906.0;0.0
av_COTTON_d5;51500;INTARIAN_PEPPER_ROOT;10357;11;10354;21;;;10363;20;10367;16;;;10360.0;0.0
av_COTTON_d5;51600;ASH_COATED_OSMIUM;9903;21;9899;25;;;9909;17;9913;16;;;9906.0;0.0
av_COTTON_d5;51600;INTARIAN_PEPPER_ROOT;10355;17;10352;26;;;10361;19;10363;20;;;10358.0;0.0
av_COTTON_d5;51700;ASH_COATED_OSMIUM;9903;17;9901;23;;;9909;12;9911;14;;;9906.0;0.0
av_COTTON_d5;51700;INTARIAN_PEPPER_ROOT;10353;16;10351;9;;;10359;23;10362;19;;;10356.0;0.0
av_COTTON_d5;51800;ASH_COATED_OSMIUM;9903;15;9900;14;;;9909;17;9911;23;;;9906.0;0.0
av_COTTON_d5;51800;INTARIAN_PEPPER_ROOT;10351;14;10347;25;;;10359;8;10361;19;;;10355.0;0.0
av_COTTON_d5;51900;ASH_COATED_OSMIUM;9900;14;9897;13;;;9911;12;9915;20;;;9905.5;0.0
av_COTTON_d5;51900;INTARIAN_PEPPER_ROOT;10350;14;10348;27;;;10356;6;10360;22;;;10353.0;0.0
av_COTTON_d5;52000;ASH_COATED_OSMIUM;9903;13;9901;24;;;9909;17;9911;20;;;9906.0;0.0
av_COTTON_d5;52000;INTARIAN_PEPPER_ROOT;10348;16;10345;17;;;10354;6;10358;29;;;10351.0;0.0
av_COTTON_d5;52100;ASH_COATED_OSMIUM;9902;15;9898;21;;;9912;16;9914;19;;;9907.0;0.0
av_COTTON_d5;52100;INTARIAN_PEPPER_ROOT;10346;21;10342;18;;;10352;13;10354;23;;;10349.0;0.0
av_COTTON_d5;52200;ASH_COATED_OSMIUM;9903;15;9901;16;;;9909;12;9911;20;;;9906.0;0.0
av_COTTON_d5;52200;INTARIAN_PEPPER_ROOT;10345;7;10341;26;;;10351;22;10355;19;;;10348.0;0.0
av_COTTON_d5;52300;ASH_COATED_OSMIUM;9904;18;9902;28;;;9910;11;9912;18;;;9907.0;0.0
av_COTTON_d5;52300;INTARIAN_PEPPER_ROOT;10340;17;10338;15;;;10351;19;10354;20;;;10345.5;0.0
av_COTTON_d5;52400;ASH_COATED_OSMIUM;9904;7;9902;15;;;9910;16;9913;18;;;9907.0;0.0
av_COTTON_d5;52400;INTARIAN_PEPPER_ROOT;10341;16;10339;15;;;10347;16;10351;15;;;10344.0;0.0
av_COTTON_d5;52500;ASH_COATED_OSMIUM;9901;16;9897;21;;;9911;15;9915;18;;;9906.0;0.0
av_COTTON_d5;52500;INTARIAN_PEPPER_ROOT;10329;11;10326;18;;;10354;15;10356;28;;;10341.5;0.0
av_COTTON_d5;52600;ASH_COATED_OSMIUM;9904;16;9900;25;;;9910;11;9913;16;;;9907.0;0.0
av_COTTON_d5;52600;INTARIAN_PEPPER_ROOT;10334;14;10332;19;;;10346;21;10349;17;;;10340.0;0.0
av_COTTON_d5;52700;ASH_COATED_OSMIUM;9901;13;9897;24;;;9912;6;9914;13;;;9906.5;0.0
av_COTTON_d5;52700;INTARIAN_PEPPER_ROOT;10329;10;10326;19;;;10348;15;10350;17;;;10338.5;0.0
av_COTTON_d5;52800;ASH_COATED_OSMIUM;9904;15;9902;20;;;9910;14;9914;11;;;9907.0;0.0
av_COTTON_d5;52800;INTARIAN_PEPPER_ROOT;10334;17;10331;20;;;10340;9;10343;15;;;10337.0;0.0
av_COTTON_d5;52900;ASH_COATED_OSMIUM;9904;10;9902;30;;;9910;9;9914;16;;;9907.0;0.0
av_COTTON_d5;52900;INTARIAN_PEPPER_ROOT;10332;14;10328;12;;;10338;14;10342;26;;;10335.0;0.0
av_COTTON_d5;53000;ASH_COATED_OSMIUM;9897;18;9895;28;;;9915;25;9917;24;;;9906.0;0.0
av_COTTON_d5;53000;INTARIAN_PEPPER_ROOT;10330;23;10326;27;;;10336;8;10339;22;;;10333.0;0.0
av_COTTON_d5;53100;ASH_COATED_OSMIUM;9891;26;9888;15;;;9922;14;9924;19;;;9906.5;0.0
av_COTTON_d5;53100;INTARIAN_PEPPER_ROOT;10328;16;10324;23;;;10334;17;10336;23;;;10331.0;0.0
av_COTTON_d5;53200;ASH_COATED_OSMIUM;9904;16;9900;11;;;9910;19;9914;21;;;9907.0;0.0
av_COTTON_d5;53200;INTARIAN_PEPPER_ROOT;10325;16;10321;25;;;10333;8;10336;10;;;10329.0;0.0
av_COTTON_d5;53300;ASH_COATED_OSMIUM;9903;16;9900;20;;;9909;13;9911;20;;;9906.0;0.0
av_COTTON_d5;53300;INTARIAN_PEPPER_ROOT;10323;12;10319;16;;;10333;14;10337;22;;;10328.0;0.0
av_COTTON_d5;53400;ASH_COATED_OSMIUM;9903;18;9899;18;;;9911;21;9913;18;;;9907.0;0.0
av_COTTON_d5;53400;INTARIAN_PEPPER_ROOT;10322;13;10319;29;;;10328;8;10332;13;;;10325.0;0.0
av_COTTON_d5;53500;ASH_COATED_OSMIUM;9900;19;9897;29;;;9915;14;9918;12;;;9907.5;0.0
av_COTTON_d5;53500;INTARIAN_PEPPER_ROOT;10299;14;10296;16;;;10349;16;10353;14;;;10324.0;0.0
av_COTTON_d5;53600;ASH_COATED_OSMIUM;9897;19;9895;15;;;9916;15;9919;19;;;9906.5;0.0
av_COTTON_d5;53600;INTARIAN_PEPPER_ROOT;10319;13;10317;13;;;10325;9;10328;23;;;10322.0;0.0
av_COTTON_d5;53700;ASH_COATED_OSMIUM;9904;7;9901;18;;;9910;19;9912;21;;;9907.0;0.0
av_COTTON_d5;53700;INTARIAN_PEPPER_ROOT;10317;15;10315;23;;;10323;5;10325;11;;;10320.0;0.0
av_COTTON_d5;53800;ASH_COATED_OSMIUM;9904;5;9902;22;;;9910;17;9912;26;;;9907.0;0.0
av_COTTON_d5;53800;INTARIAN_PEPPER_ROOT;10315;17;10311;24;;;10321;10;10323;16;;;10318.0;0.0
av_COTTON_d5;53900;ASH_COATED_OSMIUM;9897;17;9893;21;;;9917;16;9921;17;;;9907.0;0.0
av_COTTON_d5;53900;INTARIAN_PEPPER_ROOT;10298;30;10295;17;;;10334;15;10338;21;;;10316.0;0.0
av_COTTON_d5;54000;ASH_COATED_OSMIUM;9902;15;9900;20;;;9911;15;9914;28;;;9906.5;0.0
av_COTTON_d5;54000;INTARIAN_PEPPER_ROOT;10311;20;10308;21;;;10317;16;10321;13;;;10314.0;0.0
av_COTTON_d5;54100;ASH_COATED_OSMIUM;9904;6;9900;24;;;9910;23;9912;17;;;9907.0;0.0
av_COTTON_d5;54100;INTARIAN_PEPPER_ROOT;10310;12;10308;23;;;10316;15;10319;17;;;10313.0;0.0
av_COTTON_d5;54200;ASH_COATED_OSMIUM;9904;8;9901;24;;;9910;10;9914;19;;;9907.0;0.0
av_COTTON_d5;54200;INTARIAN_PEPPER_ROOT;10307;19;10304;15;;;10313;11;10316;14;;;10310.0;0.0
av_COTTON_d5;54300;ASH_COATED_OSMIUM;9904;18;9902;15;;;9910;16;9913;23;;;9907.0;0.0
av_COTTON_d5;54300;INTARIAN_PEPPER_ROOT;10296;16;10294;22;;;10322;19;10326;13;;;10309.0;0.0
av_COTTON_d5;54400;ASH_COATED_OSMIUM;9900;10;9897;24;;;9914;16;9916;28;;;9907.0;0.0
av_COTTON_d5;54400;INTARIAN_PEPPER_ROOT;10304;7;10301;23;;;10311;14;10315;28;;;10307.5;0.0
av_COTTON_d5;54500;ASH_COATED_OSMIUM;9902;13;9898;16;;;9912;18;9914;21;;;9907.0;0.0
av_COTTON_d5;54500;INTARIAN_PEPPER_ROOT;10302;21;10299;16;;;10308;18;10311;23;;;10305.0;0.0
av_COTTON_d5;54600;ASH_COATED_OSMIUM;9904;19;9901;16;;;9910;19;9914;26;;;9907.0;0.0
av_COTTON_d5;54600;INTARIAN_PEPPER_ROOT;10301;17;10297;23;;;10307;11;10309;25;;;10304.0;0.0
av_COTTON_d5;54700;ASH_COATED_OSMIUM;9903;19;9900;17;;;9912;19;9914;23;;;9907.5;0.0
av_COTTON_d5;54700;INTARIAN_PEPPER_ROOT;10298;26;10294;15;;;10304;22;10308;21;;;10301.0;0.0
av_COTTON_d5;54800;ASH_COATED_OSMIUM;9902;18;9899;23;;;9913;16;9916;21;;;9907.5;0.0
av_COTTON_d5;54800;INTARIAN_PEPPER_ROOT;10297;18;10295;18;;;10303;7;10305;19;;;10300.0;0.0
av_COTTON_d5;54900;ASH_COATED_OSMIUM;9904;12;9902;19;;;9910;10;9914;14;;;9907.0;0.0
av_COTTON_d5;54900;INTARIAN_PEPPER_ROOT;10293;6;10289;18;;;10302;20;10305;21;;;10297.5;0.0
av_COTTON_d5;55000;ASH_COATED_OSMIUM;9899;19;9895;18;;;9916;15;9918;8;;;9907.5;0.0
av_COTTON_d5;55000;INTARIAN_PEPPER_ROOT;10286;20;10283;25;;;10305;17;10309;24;;;10295.5;0.0
av_COTTON_d5;55100;ASH_COATED_OSMIUM;9900;15;9897;12;;;9914;20;9916;21;;;9907.0;0.0
av_COTTON_d5;55100;INTARIAN_PEPPER_ROOT;10291;17;10289;12;;;10297;21;10299;14;;;10294.0;0.0
av_COTTON_d5;55200;ASH_COATED_OSMIUM;9904;19;9902;18;;;9910;12;9914;17;;;9907.0;0.0
av_COTTON_d5;55200;INTARIAN_PEPPER_ROOT;10289;16;10286;14;;;10297;9;10299;18;;;10293.0;0.0
av_COTTON_d5;55300;ASH_COATED_OSMIUM;9904;16;9901;11;;;9910;11;9912;33;;;9907.0;0.0
av_COTTON_d5;55300;INTARIAN_PEPPER_ROOT;10288;14;10286;21;;;10294;7;10298;24;;;10291.0;0.0
av_COTTON_d5;55400;ASH_COATED_OSMIUM;9904;10;9901;23;;;9910;19;9914;16;;;9907.0;0.0
av_COTTON_d5;55400;INTARIAN_PEPPER_ROOT;10283;14;10280;18;;;10296;12;10299;18;;;10289.5;0.0
av_COTTON_d5;55500;ASH_COATED_OSMIUM;9902;19;9898;12;;;9911;11;9915;19;;;9906.5;0.0
av_COTTON_d5;55500;INTARIAN_PEPPER_ROOT;10284;19;10281;18;;;10290;11;10293;23;;;10287.0;0.0
av_COTTON_d5;55600;ASH_COATED_OSMIUM;9903;13;9901;29;;;9909;21;9912;21;;;9906.0;0.0
av_COTTON_d5;55600;INTARIAN_PEPPER_ROOT;10282;11;10278;17;;;10288;18;10291;16;;;10285.0;0.0
av_COTTON_d5;55700;ASH_COATED_OSMIUM;9904;15;9902;13;;;9910;10;9913;23;;;9907.0;0.0
av_COTTON_d5;55700;INTARIAN_PEPPER_ROOT;10276;22;10274;19;;;10290;21;10294;11;;;10283.0;0.0
av_COTTON_d5;55800;ASH_COATED_OSMIUM;9904;12;9900;12;;;9910;8;9912;21;;;9907.0;0.0
av_COTTON_d5;55800;INTARIAN_PEPPER_ROOT;10272;15;10270;13;;;10290;10;10294;30;;;10281.0;0.0
av_COTTON_d5;55900;ASH_COATED_OSMIUM;9904;21;9902;13;;;9910;21;9913;17;;;9907.0;0.0
av_COTTON_d5;55900;INTARIAN_PEPPER_ROOT;10277;19;10275;15;;;10283;9;10286;20;;;10280.0;0.0
av_COTTON_d5;56000;ASH_COATED_OSMIUM;9904;25;9901;17;;;9910;15;9912;12;;;9907.0;0.0
av_COTTON_d5;56000;INTARIAN_PEPPER_ROOT;10274;11;10272;20;;;10280;17;10282;16;;;10277.0;0.0
av_COTTON_d5;56100;ASH_COATED_OSMIUM;9890;15;9888;18;;;9925;16;9927;13;;;9907.5;0.0
av_COTTON_d5;56100;INTARIAN_PEPPER_ROOT;10272;12;10268;21;;;10279;15;10281;24;;;10275.5;0.0
av_COTTON_d5;56200;ASH_COATED_OSMIUM;9905;13;9901;20;;;9911;13;9913;15;;;9908.0;0.0
av_COTTON_d5;56200;INTARIAN_PEPPER_ROOT;10270;21;10266;18;;;10276;22;10278;14;;;10273.0;0.0
av_COTTON_d5;56300;ASH_COATED_OSMIUM;9904;7;9902;19;;;9910;10;9914;31;;;9907.0;0.0
av_COTTON_d5;56300;INTARIAN_PEPPER_ROOT;10262;17;10259;21;;;10281;9;10284;16;;;10271.5;0.0
av_COTTON_d5;56400;ASH_COATED_OSMIUM;9905;16;9901;21;;;9911;13;9915;18;;;9908.0;0.0
av_COTTON_d5;56400;INTARIAN_PEPPER_ROOT;10268;16;10265;18;;;10274;18;10276;30;;;10271.0;0.0
av_COTTON_d5;56500;ASH_COATED_OSMIUM;9901;20;9898;12;;;9914;15;9916;15;;;9907.5;0.0
av_COTTON_d5;56500;INTARIAN_PEPPER_ROOT;10266;14;10263;24;;;10272;5;10274;21;;;10269.0;0.0
av_COTTON_d5;56600;ASH_COATED_OSMIUM;9904;17;9901;14;;;9910;21;9914;24;;;9907.0;0.0
av_COTTON_d5;56600;INTARIAN_PEPPER_ROOT;10256;12;10254;12;;;10277;8;10279;20;;;10266.5;0.0
av_COTTON_d5;56700;ASH_COATED_OSMIUM;9903;16;9900;14;;;9912;10;9915;15;;;9907.5;0.0
av_COTTON_d5;56700;INTARIAN_PEPPER_ROOT;10254;14;10251;25;;;10276;21;10278;26;;;10265.0;0.0
av_COTTON_d5;56800;ASH_COATED_OSMIUM;9904;9;9901;19;;;9910;11;9913;25;;;9907.0;0.0
av_COTTON_d5;56800;INTARIAN_PEPPER_ROOT;10260;5;10258;20;;;10266;13;10270;21;;;10263.0;0.0
av_COTTON_d5;56900;ASH_COATED_OSMIUM;9904;22;9901;18;;;9910;14;9912;25;;;9907.0;0.0
av_COTTON_d5;56900;INTARIAN_PEPPER_ROOT;10253;23;10250;30;;;10270;20;10273;9;;;10261.5;0.0
av_COTTON_d5;57000;ASH_COATED_OSMIUM;9882;16;9879;19;;;9933;5;9937;24;;;9907.5;0.0
