day;timestamp;product;bid_price_1;bid_volume_1;bid_price_2;bid_volume_2;bid_price_3;bid_volume_3;ask_price_1;ask_volume_1;ask_price_2;ask_volume_2;ask_price_3;ask_volume_3;mid_price;profit_and_loss
av_COTTON_d0;0;ASH_COATED_OSMIUM;9968;9;9965;17;;;9974;24;9976;21;;;9971.0;0.0
av_COTTON_d0;0;INTARIAN_PEPPER_ROOT;10322;14;10320;22;;;10334;23;10336;24;;;10328.0;0.0
av_COTTON_d0;100;ASH_COATED_OSMIUM;9968;5;9966;27;;;9975;16;9978;22;;;9971.5;0.0
av_COTTON_d0;100;INTARIAN_PEPPER_ROOT;10323;10;10320;16;;;10331;17;10335;15;;;10327.0;0.0
av_COTTON_d0;200;ASH_COATED_OSMIUM;9969;11;9966;11;;;9975;12;9979;14;;;9972.0;0.0
av_COTTON_d0;200;INTARIAN_PEPPER_ROOT;10324;15;10321;13;;;10330;21;10334;20;;;10327.0;0.0
av_COTTON_d0;300;ASH_COATED_OSMIUM;9969;29;9965;29;;;9975;9;9978;18;;;9972.0;0.0
av_COTTON_d0;300;INTARIAN_PEPPER_ROOT;10323;16;10321;24;;;10329;16;10333;27;;;10326.0;0.0
av_COTTON_d0;400;ASH_COATED_OSMIUM;9968;12;9964;16;;;9974;16;9976;18;;;9971.0;0.0
av_COTTON_d0;400;INTARIAN_PEPPER_ROOT;10323;10;10321;17;;;10329;13;10331;17;;;10326.0;0.0
av_COTTON_d0;500;ASH_COATED_OSMIUM;9968;13;9964;24;;;9974;19;9978;18;;;9971.0;0.0
av_COTTON_d0;500;INTARIAN_PEPPER_ROOT;10313;13;10311;21;;;10335;10;10339;26;;;10324.0;0.0
av_COTTON_d0;600;ASH_COATED_OSMIUM;9969;24;9966;14;;;9975;10;9979;23;;;9972.0;0.0
av_COTTON_d0;600;INTARIAN_PEPPER_ROOT;10320;18;10317;18;;;10326;12;10329;18;;;10323.0;0.0
av_COTTON_d0;700;ASH_COATED_OSMIUM;9967;18;9963;13;;;9978;11;9980;29;;;9972.5;0.0
av_COTTON_d0;700;INTARIAN_PEPPER_ROOT;10318;11;10314;15;;;10326;14;10330;23;;;10322.0;0.0
av_COTTON_d0;800;ASH_COATED_OSMIUM;9962;18;9959;24;;;9982;12;9984;22;;;9972.0;0.0
av_COTTON_d0;800;INTARIAN_PEPPER_ROOT;10318;22;10314;17;;;10324;18;10328;18;;;10321.0;0.0
av_COTTON_d0;900;ASH_COATED_OSMIUM;9963;16;9961;24;;;9981;12;9984;28;;;9972.0;0.0
av_COTTON_d0;900;INTARIAN_PEPPER_ROOT;10317;16;10314;25;;;10323;14;10327;27;;;10320.0;0.0
av_COTTON_d0;1000;ASH_COATED_OSMIUM;9965;18;9961;23;;;9978;18;9981;23;;;9971.5;0.0
av_COTTON_d0;1000;INTARIAN_PEPPER_ROOT;10317;11;10315;17;;;10323;16;10325;21;;;10320.0;0.0
av_COTTON_d0;1100;ASH_COATED_OSMIUM;9969;22;9967;16;;;9975;11;9978;24;;;9972.0;0.0
av_COTTON_d0;1100;INTARIAN_PEPPER_ROOT;10315;16;10311;19;;;10322;10;10325;21;;;10318.5;0.0
av_COTTON_d0;1200;ASH_COATED_OSMIUM;9969;12;9967;21;;;9975;18;9977;14;;;9972.0;0.0
av_COTTON_d0;1200;INTARIAN_PEPPER_ROOT;10315;19;10311;24;;;10321;19;10325;23;;;10318.0;0.0
av_COTTON_d0;1300;ASH_COATED_OSMIUM;9965;25;9963;16;;;9978;17;9981;15;;;9971.5;0.0
av_COTTON_d0;1300;INTARIAN_PEPPER_ROOT;10310;13;10308;16;;;10325;17;10328;18;;;10317.5;0.0
av_COTTON_d0;1400;ASH_COATED_OSMIUM;9967;15;9964;19;;;9976;11;9979;20;;;9971.5;0.0
av_COTTON_d0;1400;INTARIAN_PEPPER_ROOT;10313;8;10311;20;;;10319;19;10322;22;;;10316.0;0.0
av_COTTON_d0;1500;ASH_COATED_OSMIUM;9970;6;9966;11;;;9976;22;9978;20;;;9973.0;0.0
av_COTTON_d0;1500;INTARIAN_PEPPER_ROOT;10312;13;10309;20;;;10318;23;10322;20;;;10315.0;0.0
av_COTTON_d0;1600;ASH_COATED_OSMIUM;9958;13;9956;20;;;9987;8;9989;26;;;9972.5;0.0
av_COTTON_d0;1600;INTARIAN_PEPPER_ROOT;10311;15;10308;21;;;10317;15;10320;24;;;10314.0;0.0
av_COTTON_d0;1700;ASH_COATED_OSMIUM;9966;19;9963;15;;;9977;12;9980;19;;;9971.5;0.0
av_COTTON_d0;1700;INTARIAN_PEPPER_ROOT;10310;17;10308;22;;;10316;24;10320;30;;;10313.0;0.0
av_COTTON_d0;1800;ASH_COATED_OSMIUM;9968;19;9966;25;;;9975;15;9979;26;;;9971.5;0.0
av_COTTON_d0;1800;INTARIAN_PEPPER_ROOT;10299;12;10297;17;;;10326;11;10329;13;;;10312.5;0.0
av_COTTON_d0;1900;ASH_COATED_OSMIUM;9967;12;9965;26;;;9976;21;9978;24;;;9971.5;0.0
av_COTTON_d0;1900;INTARIAN_PEPPER_ROOT;10308;23;10306;18;;;10314;23;10317;21;;;10311.0;0.0
av_COTTON_d0;2000;ASH_COATED_OSMIUM;9969;24;9967;23;;;9975;14;9978;21;;;9972.0;0.0
av_COTTON_d0;2000;INTARIAN_PEPPER_ROOT;10306;12;10302;21;;;10314;18;10318;16;;;10310.0;0.0
av_COTTON_d0;2100;ASH_COATED_OSMIUM;9967;15;9963;19;;;9979;12;9982;19;;;9973.0;0.0
av_COTTON_d0;2100;INTARIAN_PEPPER_ROOT;10305;12;10302;22;;;10311;5;10314;22;;;10308.0;0.0
av_COTTON_d0;2200;ASH_COATED_OSMIUM;9965;15;9962;18;;;9980;12;9982;25;;;9972.5;0.0
av_COTTON_d0;2200;INTARIAN_PEPPER_ROOT;10302;20;10299;13;;;10314;8;10317;19;;;10308.0;0.0
av_COTTON_d0;2300;ASH_COATED_OSMIUM;9970;11;9968;24;;;9976;22;9980;13;;;9973.0;0.0
av_COTTON_d0;2300;INTARIAN_PEPPER_ROOT;10304;17;10301;17;;;10310;10;10313;21;;;10307.0;0.0
av_COTTON_d0;2400;ASH_COATED_OSMIUM;9950;11;9948;13;;;9994;14;9996;33;;;9972.0;0.0
av_COTTON_d0;2400;INTARIAN_PEPPER_ROOT;10285;11;10282;16;;;10328;17;10331;13;;;10306.5;0.0
av_COTTON_d0;2500;ASH_COATED_OSMIUM;9966;17;9962;15;;;9980;18;9982;23;;;9973.0;0.0
av_COTTON_d0;2500;INTARIAN_PEPPER_ROOT;10300;15;10297;25;;;10311;21;10314;16;;;10305.5;0.0
av_COTTON_d0;2600;ASH_COATED_OSMIUM;9969;5;9966;22;;;9975;13;9978;19;;;9972.0;0.0
av_COTTON_d0;2600;INTARIAN_PEPPER_ROOT;10301;15;10298;20;;;10307;14;10311;18;;;10304.0;0.0
av_COTTON_d0;2700;ASH_COATED_OSMIUM;9969;10;9965;23;;;9975;18;9977;17;;;9972.0;0.0
av_COTTON_d0;2700;INTARIAN_PEPPER_ROOT;10300;16;10297;29;;;10306;15;10310;23;;;10303.0;0.0
av_COTTON_d0;2800;ASH_COATED_OSMIUM;9969;18;9966;22;;;9975;16;9977;18;;;9972.0;0.0
av_COTTON_d0;2800;INTARIAN_PEPPER_ROOT;10299;15;10297;16;;;10305;19;10308;13;;;10302.0;0.0
av_COTTON_d0;2900;ASH_COATED_OSMIUM;9970;19;9966;19;;;9976;16;9980;14;;;9973.0;0.0
av_COTTON_d0;2900;INTARIAN_PEPPER_ROOT;10288;17;10284;20;;;10316;18;10318;21;;;10302.0;0.0
av_COTTON_d0;3000;ASH_COATED_OSMIUM;9969;10;9966;11;;;9975;12;9977;28;;;9972.0;0.0
av_COTTON_d0;3000;INTARIAN_PEPPER_ROOT;10298;14;10296;13;;;10304;14;10307;12;;;10301.0;0.0
av_COTTON_d0;3100;ASH_COATED_OSMIUM;9970;12;9966;32;;;9976;18;9979;20;;;9973.0;0.0
av_COTTON_d0;3100;INTARIAN_PEPPER_ROOT;10296;15;10292;12;;;10305;12;10308;23;;;10300.5;0.0
av_COTTON_d0;3200;ASH_COATED_OSMIUM;9969;15;9966;8;;;9977;12;9981;19;;;9973.0;0.0
av_COTTON_d0;3200;INTARIAN_PEPPER_ROOT;10296;19;10293;24;;;10302;14;10305;22;;;10299.0;0.0
av_COTTON_d0;3300;ASH_COATED_OSMIUM;9951;7;9948;16;;;9993;14;9996;18;;;9972.0;0.0
av_COTTON_d0;3300;INTARIAN_PEPPER_ROOT;10292;17;10288;21;;;10304;19;10308;11;;;10298.0;0.0
av_COTTON_d0;3400;ASH_COATED_OSMIUM;9970;12;9967;19;;;9976;26;9978;23;;;9973.0;0.0
av_COTTON_d0;3400;INTARIAN_PEPPER_ROOT;10294;5;10290;16;;;10300;11;10302;19;;;10297.0;0.0
av_COTTON_d0;3500;ASH_COATED_OSMIUM;9970;17;9967;13;;;9976;15;9979;21;;;9973.0;0.0
av_COTTON_d0;3500;INTARIAN_PEPPER_ROOT;10293;18;10289;17;;;10299;13;10303;25;;;10296.0;0.0
av_COTTON_d0;3600;ASH_COATED_OSMIUM;9970;9;9967;21;;;9977;10;9979;23;;;9973.5;0.0
av_COTTON_d0;3600;INTARIAN_PEPPER_ROOT;10293;10;10290;24;;;10299;14;10302;13;;;10296.0;0.0
av_COTTON_d0;3700;ASH_COATED_OSMIUM;9970;11;9968;15;;;9976;16;9979;22;;;9973.0;0.0
av_COTTON_d0;3700;INTARIAN_PEPPER_ROOT;10291;19;10289;21;;;10297;14;10301;24;;;10294.0;0.0
av_COTTON_d0;3800;ASH_COATED_OSMIUM;9968;12;9966;17;;;9977;15;9979;18;;;9972.5;0.0
av_COTTON_d0;3800;INTARIAN_PEPPER_ROOT;10290;11;10288;19;;;10296;14;10300;22;;;10293.0;0.0
av_COTTON_d0;3900;ASH_COATED_OSMIUM;9967;19;9963;12;;;9979;18;9983;14;;;9973.0;0.0
av_COTTON_d0;3900;INTARIAN_PEPPER_ROOT;10288;19;10286;25;;;10295;16;10299;25;;;10291.5;0.0
av_COTTON_d0;4000;ASH_COATED_OSMIUM;9970;15;9968;22;;;9976;10;9979;20;;;9973.0;0.0
av_COTTON_d0;4000;INTARIAN_PEPPER_ROOT;10287;16;10285;27;;;10295;19;10298;22;;;10291.0;0.0
av_COTTON_d0;4100;ASH_COATED_OSMIUM;9970;14;9968;19;;;9976;7;9979;18;;;9973.0;0.0
av_COTTON_d0;4100;INTARIAN_PEPPER_ROOT;10287;10;10285;15;;;10293;12;10296;17;;;10290.0;0.0
av_COTTON_d0;4200;ASH_COATED_OSMIUM;9966;12;9962;18;;;9980;8;9982;16;;;9973.0;0.0
av_COTTON_d0;4200;INTARIAN_PEPPER_ROOT;10287;11;10284;26;;;10293;14;10295;12;;;10290.0;0.0
av_COTTON_d0;4300;ASH_COATED_OSMIUM;9962;10;9960;22;;;9985;16;9989;17;;;9973.5;0.0
av_COTTON_d0;4300;INTARIAN_PEPPER_ROOT;10286;18;10282;21;;;10292;18;10295;22;;;10289.0;0.0
av_COTTON_d0;4400;ASH_COATED_OSMIUM;9967;11;9963;26;;;9979;12;9983;26;;;9973.0;0.0
av_COTTON_d0;4400;INTARIAN_PEPPER_ROOT;10285;26;10282;21;;;10291;28;10293;21;;;10288.0;0.0
av_COTTON_d0;4500;ASH_COATED_OSMIUM;9971;16;9967;20;;;9977;12;9980;18;;;9974.0;0.0
av_COTTON_d0;4500;INTARIAN_PEPPER_ROOT;10260;26;10258;21;;;10314;14;10317;17;;;10287.0;0.0
av_COTTON_d0;4600;ASH_COATED_OSMIUM;9970;15;9968;26;;;9978;13;9982;17;;;9974.0;0.0
av_COTTON_d0;4600;INTARIAN_PEPPER_ROOT;10278;12;10276;22;;;10293;11;10295;19;;;10285.5;0.0
av_COTTON_d0;4700;ASH_COATED_OSMIUM;9971;18;9968;19;;;9977;18;9981;21;;;9974.0;0.0
av_COTTON_d0;4700;INTARIAN_PEPPER_ROOT;10282;21;10279;25;;;10288;17;10290;17;;;10285.0;0.0
av_COTTON_d0;4800;ASH_COATED_OSMIUM;9970;19;9968;26;;;9978;10;9980;16;;;9974.0;0.0
av_COTTON_d0;4800;INTARIAN_PEPPER_ROOT;10281;8;10279;22;;;10287;16;10290;17;;;10284.0;0.0
av_COTTON_d0;4900;ASH_COATED_OSMIUM;9970;8;9968;14;;;9976;12;9978;24;;;9973.0;0.0
av_COTTON_d0;4900;INTARIAN_PEPPER_ROOT;10280;19;10277;10;;;10286;16;10290;23;;;10283.0;0.0
av_COTTON_d0;5000;ASH_COATED_OSMIUM;9971;22;9967;27;;;9977;20;9979;23;;;9974.0;0.0
av_COTTON_d0;5000;INTARIAN_PEPPER_ROOT;10278;11;10275;22;;;10287;7;10291;17;;;10282.5;0.0
av_COTTON_d0;5100;ASH_COATED_OSMIUM;9970;17;9966;19;;;9976;8;9980;14;;;9973.0;0.0
av_COTTON_d0;5100;INTARIAN_PEPPER_ROOT;10278;13;10274;20;;;10284;19;10286;21;;;10281.0;0.0
av_COTTON_d0;5200;ASH_COATED_OSMIUM;9963;13;9960;14;;;9984;15;9986;22;;;9973.5;0.0
av_COTTON_d0;5200;INTARIAN_PEPPER_ROOT;10278;16;10276;17;;;10284;17;10287;17;;;10281.0;0.0
av_COTTON_d0;5300;ASH_COATED_OSMIUM;9970;16;9966;19;;;9976;15;9979;22;;;9973.0;0.0
av_COTTON_d0;5300;INTARIAN_PEPPER_ROOT;10276;11;10273;28;;;10282;13;10284;9;;;10279.0;0.0
av_COTTON_d0;5400;ASH_COATED_OSMIUM;9970;7;9968;14;;;9976;22;9978;22;;;9973.0;0.0
av_COTTON_d0;5400;INTARIAN_PEPPER_ROOT;10272;14;10268;24;;;10285;17;10288;22;;;10278.5;0.0
av_COTTON_d0;5500;ASH_COATED_OSMIUM;9971;17;9967;8;;;9977;17;9980;18;;;9974.0;0.0
av_COTTON_d0;5500;INTARIAN_PEPPER_ROOT;10274;21;10270;16;;;10280;7;10284;16;;;10277.0;0.0
av_COTTON_d0;5600;ASH_COATED_OSMIUM;9961;19;9957;19;;;9988;22;9990;24;;;9974.5;0.0
av_COTTON_d0;5600;INTARIAN_PEPPER_ROOT;10274;18;10271;24;;;10280;17;10284;26;;;10277.0;0.0
av_COTTON_d0;5700;ASH_COATED_OSMIUM;9971;14;9969;15;;;9977;22;9979;17;;;9974.0;0.0
av_COTTON_d0;5700;INTARIAN_PEPPER_ROOT;10273;10;10269;27;;;10279;20;10283;21;;;10276.0;0.0
av_COTTON_d0;5800;ASH_COATED_OSMIUM;9961;14;9959;16;;;9987;9;9991;22;;;9974.0;0.0
av_COTTON_d0;5800;INTARIAN_PEPPER_ROOT;10261;26;10257;21;;;10287;14;10291;13;;;10274.0;0.0
av_COTTON_d0;5900;ASH_COATED_OSMIUM;9961;10;9959;20;;;9987;14;9990;17;;;9974.0;0.0
av_COTTON_d0;5900;INTARIAN_PEPPER_ROOT;10263;28;10259;23;;;10286;12;10289;13;;;10274.5;0.0
av_COTTON_d0;6000;ASH_COATED_OSMIUM;9971;22;9967;15;;;9978;9;9980;17;;;9974.5;0.0
av_COTTON_d0;6000;INTARIAN_PEPPER_ROOT;10270;16;10268;24;;;10276;5;10278;17;;;10273.0;0.0
av_COTTON_d0;6100;ASH_COATED_OSMIUM;9971;17;9969;12;;;9977;17;9979;17;;;9974.0;0.0
av_COTTON_d0;6100;INTARIAN_PEPPER_ROOT;10268;11;10265;21;;;10276;18;10278;17;;;10272.0;0.0
av_COTTON_d0;6200;ASH_COATED_OSMIUM;9969;5;9967;17;;;9979;11;9982;19;;;9974.0;0.0
av_COTTON_d0;6200;INTARIAN_PEPPER_ROOT;10263;22;10260;23;;;10279;11;10283;27;;;10271.0;0.0
av_COTTON_d0;6300;ASH_COATED_OSMIUM;9972;7;9970;10;;;9978;10;9982;21;;;9975.0;0.0
av_COTTON_d0;6300;INTARIAN_PEPPER_ROOT;10267;15;10264;20;;;10273;23;10277;14;;;10270.0;0.0
av_COTTON_d0;6400;ASH_COATED_OSMIUM;9967;11;9964;11;;;9981;12;9983;24;;;9974.0;0.0
av_COTTON_d0;6400;INTARIAN_PEPPER_ROOT;10266;9;10264;24;;;10272;12;10276;20;;;10269.0;0.0
av_COTTON_d0;6500;ASH_COATED_OSMIUM;9967;10;9964;18;;;9982;13;9985;20;;;9974.5;0.0
av_COTTON_d0;6500;INTARIAN_PEPPER_ROOT;10265;16;10263;23;;;10271;18;10275;13;;;10268.0;0.0
av_COTTON_d0;6600;ASH_COATED_OSMIUM;9971;14;9967;23;;;9977;19;9979;25;;;9974.0;0.0
av_COTTON_d0;6600;INTARIAN_PEPPER_ROOT;10264;21;10261;18;;;10270;18;10273;16;;;10267.0;0.0
av_COTTON_d0;6700;ASH_COATED_OSMIUM;9971;15;9969;16;;;9977;7;9981;15;;;9974.0;0.0
av_COTTON_d0;6700;INTARIAN_PEPPER_ROOT;10263;13;10259;24;;;10269;22;10271;26;;;10266.0;0.0
av_COTTON_d0;6800;ASH_COATED_OSMIUM;9971;13;9968;28;;;9977;22;9980;17;;;9974.0;0.0
av_COTTON_d0;6800;INTARIAN_PEPPER_ROOT;10262;14;10259;27;;;10268;18;10271;18;;;10265.0;0.0
av_COTTON_d0;6900;ASH_COATED_OSMIUM;9967;14;9964;22;;;9982;5;9985;12;;;9974.5;0.0
av_COTTON_d0;6900;INTARIAN_PEPPER_ROOT;10260;17;10258;15;;;10269;10;10271;24;;;10264.5;0.0
av_COTTON_d0;7000;ASH_COATED_OSMIUM;9971;10;9967;27;;;9977;19;9980;15;;;9974.0;0.0
av_COTTON_d0;7000;INTARIAN_PEPPER_ROOT;10261;17;10259;15;;;10267;19;10270;17;;;10264.0;0.0
av_COTTON_d0;7100;ASH_COATED_OSMIUM;9971;18;9967;19;;;9977;20;9981;19;;;9974.0;0.0
av_COTTON_d0;7100;INTARIAN_PEPPER_ROOT;10260;10;10258;17;;;10266;17;10269;21;;;10263.0;0.0
av_COTTON_d0;7200;ASH_COATED_OSMIUM;9972;16;9970;20;;;9978;14;9981;22;;;9975.0;0.0
av_COTTON_d0;7200;INTARIAN_PEPPER_ROOT;10255;9;10253;24;;;10267;5;10271;17;;;10261.0;0.0
av_COTTON_d0;7300;ASH_COATED_OSMIUM;9972;17;9970;20;;;9978;21;9982;17;;;9975.0;0.0
av_COTTON_d0;7300;INTARIAN_PEPPER_ROOT;10258;6;10256;17;;;10264;14;10266;25;;;10261.0;0.0
av_COTTON_d0;7400;ASH_COATED_OSMIUM;9966;13;9964;25;;;9984;16;9987;19;;;9975.0;0.0
av_COTTON_d0;7400;INTARIAN_PEPPER_ROOT;10242;6;10239;14;;;10277;14;10279;22;;;10259.5;0.0
av_COTTON_d0;7500;ASH_COATED_OSMIUM;9972;17;9969;18;;;9978;18;9980;15;;;9975.0;0.0
av_COTTON_d0;7500;INTARIAN_PEPPER_ROOT;10256;5;10254;8;;;10262;17;10266;18;;;10259.0;0.0
av_COTTON_d0;7600;ASH_COATED_OSMIUM;9972;9;9969;14;;;9980;16;9983;16;;;9976.0;0.0
av_COTTON_d0;7600;INTARIAN_PEPPER_ROOT;10255;12;10252;15;;;10262;18;10265;21;;;10258.5;0.0
av_COTTON_d0;7700;ASH_COATED_OSMIUM;9972;16;9969;16;;;9978;7;9982;11;;;9975.0;0.0
av_COTTON_d0;7700;INTARIAN_PEPPER_ROOT;10254;22;10252;10;;;10261;16;10265;20;;;10257.5;0.0
av_COTTON_d0;7800;ASH_COATED_OSMIUM;9972;15;9970;20;;;9978;18;9980;25;;;9975.0;0.0
av_COTTON_d0;7800;INTARIAN_PEPPER_ROOT;10253;9;10249;31;;;10259;17;10261;18;;;10256.0;0.0
av_COTTON_d0;7900;ASH_COATED_OSMIUM;9972;20;9970;21;;;9978;16;9980;17;;;9975.0;0.0
av_COTTON_d0;7900;INTARIAN_PEPPER_ROOT;10252;7;10248;23;;;10259;12;10261;19;;;10255.5;0.0
av_COTTON_d0;8000;ASH_COATED_OSMIUM;9972;25;9969;28;;;9978;6;9981;22;;;9975.0;0.0
av_COTTON_d0;8000;INTARIAN_PEPPER_ROOT;10246;23;10242;19;;;10261;14;10265;13;;;10253.5;0.0
av_COTTON_d0;8100;ASH_COATED_OSMIUM;9972;13;9970;21;;;9978;6;9980;20;;;9975.0;0.0
av_COTTON_d0;8100;INTARIAN_PEPPER_ROOT;10250;19;10248;16;;;10256;8;10260;20;;;10253.0;0.0
av_COTTON_d0;8200;ASH_COATED_OSMIUM;9972;11;9968;25;;;9978;22;9982;12;;;9975.0;0.0
av_COTTON_d0;8200;INTARIAN_PEPPER_ROOT;10249;17;10247;19;;;10255;8;10257;17;;;10252.0;0.0
av_COTTON_d0;8300;ASH_COATED_OSMIUM;9971;23;9967;15;;;9977;18;9979;16;;;9974.0;0.0
av_COTTON_d0;8300;INTARIAN_PEPPER_ROOT;10248;11;10244;21;;;10254;6;10257;15;;;10251.0;0.0
av_COTTON_d0;8400;ASH_COATED_OSMIUM;9972;13;9968;19;;;9978;16;9982;16;;;9975.0;0.0
av_COTTON_d0;8400;INTARIAN_PEPPER_ROOT;10247;12;10245;13;;;10253;13;10255;23;;;10250.0;0.0
av_COTTON_d0;8500;ASH_COATED_OSMIUM;9961;8;9959;21;;;9989;21;9991;20;;;9975.0;0.0
av_COTTON_d0;8500;INTARIAN_PEPPER_ROOT;10246;13;10242;17;;;10252;23;10254;14;;;10249.0;0.0
av_COTTON_d0;8600;ASH_COATED_OSMIUM;9968;12;9965;27;;;9980;19;9983;23;;;9974.0;0.0
av_COTTON_d0;8600;INTARIAN_PEPPER_ROOT;10242;8;10238;24;;;10254;9;10258;23;;;10248.0;0.0
av_COTTON_d0;8700;ASH_COATED_OSMIUM;9972;17;9969;21;;;9978;19;9982;27;;;9975.0;0.0
av_COTTON_d0;8700;INTARIAN_PEPPER_ROOT;10245;6;10242;21;;;10251;15;10254;21;;;10248.0;0.0
av_COTTON_d0;8800;ASH_COATED_OSMIUM;9972;10;9968;20;;;9978;15;9981;21;;;9975.0;0.0
av_COTTON_d0;8800;INTARIAN_PEPPER_ROOT;10239;17;10237;13;;;10253;5;10255;30;;;10246.0;0.0
av_COTTON_d0;8900;ASH_COATED_OSMIUM;9973;14;9969;22;;;9979;15;9983;19;;;9976.0;0.0
av_COTTON_d0;8900;INTARIAN_PEPPER_ROOT;10240;5;10238;22;;;10251;14;10254;23;;;10245.5;0.0
av_COTTON_d0;9000;ASH_COATED_OSMIUM;9972;23;9969;25;;;9979;8;9982;26;;;9975.5;0.0
av_COTTON_d0;9000;INTARIAN_PEPPER_ROOT;10242;18;10239;18;;;10248;22;10251;25;;;10245.0;0.0
av_COTTON_d0;9100;ASH_COATED_OSMIUM;9973;18;9970;17;;;9979;11;9983;20;;;9976.0;0.0
av_COTTON_d0;9100;INTARIAN_PEPPER_ROOT;10236;14;10232;18;;;10250;17;10253;21;;;10243.0;0.0
av_COTTON_d0;9200;ASH_COATED_OSMIUM;9972;12;9969;12;;;9978;14;9980;19;;;9975.0;0.0
av_COTTON_d0;9200;INTARIAN_PEPPER_ROOT;10240;9;10238;19;;;10246;10;10250;16;;;10243.0;0.0
av_COTTON_d0;9300;ASH_COATED_OSMIUM;9973;11;9970;31;;;9979;13;9982;14;;;9976.0;0.0
av_COTTON_d0;9300;INTARIAN_PEPPER_ROOT;10237;21;10234;15;;;10248;15;10251;23;;;10242.5;0.0
av_COTTON_d0;9400;ASH_COATED_OSMIUM;9967;5;9964;21;;;9984;13;9988;25;;;9975.5;0.0
av_COTTON_d0;9400;INTARIAN_PEPPER_ROOT;10238;15;10235;19;;;10244;13;10248;13;;;10241.0;0.0
av_COTTON_d0;9500;ASH_COATED_OSMIUM;9972;17;9968;23;;;9978;18;9981;17;;;9975.0;0.0
av_COTTON_d0;9500;INTARIAN_PEPPER_ROOT;10238;17;10236;16;;;10244;7;10248;15;;;10241.0;0.0
av_COTTON_d0;9600;ASH_COATED_OSMIUM;9973;14;9971;23;;;9979;11;9983;28;;;9976.0;0.0
av_COTTON_d0;9600;INTARIAN_PEPPER_ROOT;10236;14;10232;25;;;10242;14;10245;23;;;10239.0;0.0
av_COTTON_d0;9700;ASH_COATED_OSMIUM;9972;18;9969;20;;;9980;19;9984;22;;;9976.0;0.0
av_COTTON_d0;9700;INTARIAN_PEPPER_ROOT;10236;20;10233;23;;;10242;10;10246;20;;;10239.0;0.0
av_COTTON_d0;9800;ASH_COATED_OSMIUM;9967;5;9964;21;;;9985;17;9987;18;;;9976.0;0.0
av_COTTON_d0;9800;INTARIAN_PEPPER_ROOT;10234;8;10230;18;;;10240;16;10243;14;;;10237.0;0.0
av_COTTON_d0;9900;ASH_COATED_OSMIUM;9963;19;9961;18;;;9990;19;9992;20;;;9976.5;0.0
av_COTTON_d0;9900;INTARIAN_PEPPER_ROOT;10233;21;10229;23;;;10239;5;10243;16;;;10236.0;0.0
av_COTTON_d0;10000;ASH_COATED_OSMIUM;9973;15;9970;25;;;9979;11;9982;26;;;9976.0;0.0
av_COTTON_d0;10000;INTARIAN_PEPPER_ROOT;10219;7;10217;20;;;10254;15;10258;20;;;10236.5;0.0
av_COTTON_d0;10100;ASH_COATED_OSMIUM;9973;11;9971;15;;;9979;19;9982;29;;;9976.0;0.0
av_COTTON_d0;10100;INTARIAN_PEPPER_ROOT;10232;5;10230;18;;;10238;14;10242;13;;;10235.0;0.0
av_COTTON_d0;10200;ASH_COATED_OSMIUM;9972;21;9970;16;;;9980;11;9984;26;;;9976.0;0.0
av_COTTON_d0;10200;INTARIAN_PEPPER_ROOT;10231;5;10227;25;;;10237;13;10239;25;;;10234.0;0.0
av_COTTON_d0;10300;ASH_COATED_OSMIUM;9973;7;9969;28;;;9979;7;9983;18;;;9976.0;0.0
av_COTTON_d0;10300;INTARIAN_PEPPER_ROOT;10230;12;10227;18;;;10236;15;10240;18;;;10233.0;0.0
av_COTTON_d0;10400;ASH_COATED_OSMIUM;9973;11;9970;18;;;9980;5;9983;25;;;9976.5;0.0
av_COTTON_d0;10400;INTARIAN_PEPPER_ROOT;10219;11;10215;18;;;10244;7;10246;20;;;10231.5;0.0
av_COTTON_d0;10500;ASH_COATED_OSMIUM;9973;19;9971;13;;;9979;14;9981;16;;;9976.0;0.0
av_COTTON_d0;10500;INTARIAN_PEPPER_ROOT;10227;12;10225;14;;;10235;13;10239;20;;;10231.0;0.0
av_COTTON_d0;10600;ASH_COATED_OSMIUM;9973;21;9969;16;;;9980;20;9983;22;;;9976.5;0.0
av_COTTON_d0;10600;INTARIAN_PEPPER_ROOT;10227;10;10223;21;;;10233;19;10236;19;;;10230.0;0.0
av_COTTON_d0;10700;ASH_COATED_OSMIUM;9971;30;9968;18;;;9983;20;9986;15;;;9977.0;0.0
av_COTTON_d0;10700;INTARIAN_PEPPER_ROOT;10222;17;10219;8;;;10237;13;10239;16;;;10229.5;0.0
av_COTTON_d0;10800;ASH_COATED_OSMIUM;9957;9;9955;12;;;9996;16;9998;19;;;9976.5;0.0
av_COTTON_d0;10800;INTARIAN_PEPPER_ROOT;10226;20;10224;23;;;10232;13;10234;16;;;10229.0;0.0
av_COTTON_d0;10900;ASH_COATED_OSMIUM;9973;11;9969;9;;;9980;13;9984;14;;;9976.5;0.0
av_COTTON_d0;10900;INTARIAN_PEPPER_ROOT;10216;13;10212;11;;;10238;18;10240;25;;;10227.0;0.0
av_COTTON_d0;11000;ASH_COATED_OSMIUM;9973;20;9971;19;;;9979;18;9983;18;;;9976.0;0.0
av_COTTON_d0;11000;INTARIAN_PEPPER_ROOT;10223;15;10221;10;;;10229;24;10232;22;;;10226.0;0.0
av_COTTON_d0;11100;ASH_COATED_OSMIUM;9971;6;9969;10;;;9981;9;9983;21;;;9976.0;0.0
av_COTTON_d0;11100;INTARIAN_PEPPER_ROOT;10222;11;10220;18;;;10228;13;10230;16;;;10225.0;0.0
av_COTTON_d0;11200;ASH_COATED_OSMIUM;9974;13;9971;20;;;9980;18;9984;12;;;9977.0;0.0
av_COTTON_d0;11200;INTARIAN_PEPPER_ROOT;10221;15;10218;17;;;10227;15;10230;14;;;10224.0;0.0
av_COTTON_d0;11300;ASH_COATED_OSMIUM;9973;18;9971;15;;;9979;22;9982;24;;;9976.0;0.0
av_COTTON_d0;11300;INTARIAN_PEPPER_ROOT;10207;17;10203;20;;;10241;16;10245;18;;;10224.0;0.0
av_COTTON_d0;11400;ASH_COATED_OSMIUM;9968;18;9966;18;;;9985;19;9988;22;;;9976.5;0.0
av_COTTON_d0;11400;INTARIAN_PEPPER_ROOT;10220;17;10218;16;;;10226;5;10228;17;;;10223.0;0.0
av_COTTON_d0;11500;ASH_COATED_OSMIUM;9974;16;9970;24;;;9980;15;9984;30;;;9977.0;0.0
av_COTTON_d0;11500;INTARIAN_PEPPER_ROOT;10218;15;10214;20;;;10226;10;10229;11;;;10222.0;0.0
av_COTTON_d0;11600;ASH_COATED_OSMIUM;9974;16;9970;20;;;9980;11;9982;19;;;9977.0;0.0
av_COTTON_d0;11600;INTARIAN_PEPPER_ROOT;10218;10;10215;22;;;10224;15;10226;16;;;10221.0;0.0
av_COTTON_d0;11700;ASH_COATED_OSMIUM;9974;7;9971;22;;;9980;17;9983;22;;;9977.0;0.0
av_COTTON_d0;11700;INTARIAN_PEPPER_ROOT;10214;18;10210;21;;;10225;15;10228;19;;;10219.5;0.0
av_COTTON_d0;11800;ASH_COATED_OSMIUM;9973;12;9969;17;;;9979;8;9983;21;;;9976.0;0.0
av_COTTON_d0;11800;INTARIAN_PEPPER_ROOT;10216;14;10213;27;;;10222;17;10224;16;;;10219.0;0.0
av_COTTON_d0;11900;ASH_COATED_OSMIUM;9973;14;9971;19;;;9979;8;9983;21;;;9976.0;0.0
av_COTTON_d0;11900;INTARIAN_PEPPER_ROOT;10215;16;10213;16;;;10221;18;10224;23;;;10218.0;0.0
av_COTTON_d0;12000;ASH_COATED_OSMIUM;9973;21;9971;14;;;9982;19;9984;12;;;9977.5;0.0
av_COTTON_d0;12000;INTARIAN_PEPPER_ROOT;10213;17;10210;29;;;10219;12;10221;23;;;10216.0;0.0
av_COTTON_d0;12100;ASH_COATED_OSMIUM;9966;20;9962;12;;;9989;13;9991;19;;;9977.5;0.0
av_COTTON_d0;12100;INTARIAN_PEPPER_ROOT;10210;12;10206;19;;;10223;14;10225;14;;;10216.5;0.0
av_COTTON_d0;12200;ASH_COATED_OSMIUM;9972;24;9969;22;;;9981;15;9984;17;;;9976.5;0.0
av_COTTON_d0;12200;INTARIAN_PEPPER_ROOT;10212;26;10208;22;;;10218;12;10222;19;;;10215.0;0.0
av_COTTON_d0;12300;ASH_COATED_OSMIUM;9974;20;9970;15;;;9980;18;9982;22;;;9977.0;0.0
av_COTTON_d0;12300;INTARIAN_PEPPER_ROOT;10211;12;10207;22;;;10217;18;10220;17;;;10214.0;0.0
av_COTTON_d0;12400;ASH_COATED_OSMIUM;9970;8;9967;21;;;9985;19;9989;22;;;9977.5;0.0
av_COTTON_d0;12400;INTARIAN_PEPPER_ROOT;10210;21;10207;25;;;10216;10;10220;14;;;10213.0;0.0
av_COTTON_d0;12500;ASH_COATED_OSMIUM;9972;8;9970;22;;;9982;13;9986;29;;;9977.0;0.0
av_COTTON_d0;12500;INTARIAN_PEPPER_ROOT;10210;11;10207;22;;;10216;17;10218;8;;;10213.0;0.0
av_COTTON_d0;12600;ASH_COATED_OSMIUM;9974;10;9971;15;;;9980;11;9984;19;;;9977.0;0.0
av_COTTON_d0;12600;INTARIAN_PEPPER_ROOT;10209;14;10206;22;;;10215;14;10218;16;;;10212.0;0.0
av_COTTON_d0;12700;ASH_COATED_OSMIUM;9974;13;9970;21;;;9980;15;9983;17;;;9977.0;0.0
av_COTTON_d0;12700;INTARIAN_PEPPER_ROOT;10199;18;10195;12;;;10222;5;10226;17;;;10210.5;0.0
av_COTTON_d0;12800;ASH_COATED_OSMIUM;9974;7;9972;15;;;9980;18;9982;17;;;9977.0;0.0
av_COTTON_d0;12800;INTARIAN_PEPPER_ROOT;10204;15;10202;21;;;10215;19;10217;19;;;10209.5;0.0
av_COTTON_d0;12900;ASH_COATED_OSMIUM;9974;21;9972;13;;;9980;16;9984;13;;;9977.0;0.0
av_COTTON_d0;12900;INTARIAN_PEPPER_ROOT;10205;16;10201;17;;;10211;13;10214;24;;;10208.0;0.0
av_COTTON_d0;13000;ASH_COATED_OSMIUM;9975;13;9973;27;;;9981;11;9985;18;;;9978.0;0.0
av_COTTON_d0;13000;INTARIAN_PEPPER_ROOT;10205;9;10203;21;;;10211;7;10215;22;;;10208.0;0.0
av_COTTON_d0;13100;ASH_COATED_OSMIUM;9975;6;9972;22;;;9981;19;9983;25;;;9978.0;0.0
av_COTTON_d0;13100;INTARIAN_PEPPER_ROOT;10201;11;10197;20;;;10214;16;10217;14;;;10207.5;0.0
av_COTTON_d0;13200;ASH_COATED_OSMIUM;9973;12;9970;18;;;9983;21;9987;19;;;9978.0;0.0
av_COTTON_d0;13200;INTARIAN_PEPPER_ROOT;10203;9;10200;18;;;10209;15;10211;23;;;10206.0;0.0
av_COTTON_d0;13300;ASH_COATED_OSMIUM;9967;12;9964;26;;;9989;21;9992;24;;;9978.0;0.0
av_COTTON_d0;13300;INTARIAN_PEPPER_ROOT;10202;20;10198;22;;;10208;14;10211;19;;;10205.0;0.0
av_COTTON_d0;13400;ASH_COATED_OSMIUM;9975;18;9971;15;;;9981;5;9984;15;;;9978.0;0.0
av_COTTON_d0;13400;INTARIAN_PEPPER_ROOT;10194;19;10191;22;;;10215;10;10217;23;;;10204.5;0.0
av_COTTON_d0;13500;ASH_COATED_OSMIUM;9974;23;9972;28;;;9981;18;9984;22;;;9977.5;0.0
av_COTTON_d0;13500;INTARIAN_PEPPER_ROOT;10201;21;10198;13;;;10207;11;10209;27;;;10204.0;0.0
av_COTTON_d0;13600;ASH_COATED_OSMIUM;9968;14;9965;28;;;9988;10;9990;29;;;9978.0;0.0
av_COTTON_d0;13600;INTARIAN_PEPPER_ROOT;10200;18;10197;22;;;10206;17;10208;28;;;10203.0;0.0
av_COTTON_d0;13700;ASH_COATED_OSMIUM;9975;8;9972;22;;;9981;19;9984;19;;;9978.0;0.0
av_COTTON_d0;13700;INTARIAN_PEPPER_ROOT;10190;14;10187;20;;;10212;5;10214;24;;;10201.0;0.0
av_COTTON_d0;13800;ASH_COATED_OSMIUM;9975;19;9972;8;;;9981;14;9984;27;;;9978.0;0.0
av_COTTON_d0;13800;INTARIAN_PEPPER_ROOT;10197;13;10194;14;;;10203;13;10207;31;;;10200.0;0.0
av_COTTON_d0;13900;ASH_COATED_OSMIUM;9974;15;9972;15;;;9982;15;9984;15;;;9978.0;0.0
av_COTTON_d0;13900;INTARIAN_PEPPER_ROOT;10191;11;10188;15;;;10209;19;10212;17;;;10200.0;0.0
av_COTTON_d0;14000;ASH_COATED_OSMIUM;9975;18;9972;17;;;9981;18;9983;21;;;9978.0;0.0
av_COTTON_d0;14000;INTARIAN_PEPPER_ROOT;10192;15;10190;18;;;10206;16;10210;24;;;10199.0;0.0
av_COTTON_d0;14100;ASH_COATED_OSMIUM;9964;12;9962;20;;;9990;19;9993;23;;;9977.0;0.0
av_COTTON_d0;14100;INTARIAN_PEPPER_ROOT;10191;14;10189;19;;;10202;8;10205;16;;;10196.5;0.0
av_COTTON_d0;14200;ASH_COATED_OSMIUM;9971;19;9968;17;;;9986;10;9989;22;;;9978.5;0.0
av_COTTON_d0;14200;INTARIAN_PEPPER_ROOT;10194;16;10192;19;;;10200;14;10202;32;;;10197.0;0.0
av_COTTON_d0;14300;ASH_COATED_OSMIUM;9973;18;9971;18;;;9983;6;9986;25;;;9978.0;0.0
av_COTTON_d0;14300;INTARIAN_PEPPER_ROOT;10193;14;10191;20;;;10199;10;10201;14;;;10196.0;0.0
av_COTTON_d0;14400;ASH_COATED_OSMIUM;9975;14;9973;21;;;9982;6;9986;18;;;9978.5;0.0
av_COTTON_d0;14400;INTARIAN_PEPPER_ROOT;10192;10;10188;22;;;10198;16;10201;17;;;10195.0;0.0
av_COTTON_d0;14500;ASH_COATED_OSMIUM;9974;7;9971;13;;;9982;23;9985;22;;;9978.0;0.0
av_COTTON_d0;14500;INTARIAN_PEPPER_ROOT;10191;14;10189;15;;;10197;11;10201;25;;;10194.0;0.0
av_COTTON_d0;14600;ASH_COATED_OSMIUM;9974;16;9972;22;;;9983;17;9985;13;;;9978.5;0.0
av_COTTON_d0;14600;INTARIAN_PEPPER_ROOT;10182;8;10178;27;;;10205;24;10208;17;;;10193.5;0.0
av_COTTON_d0;14700;ASH_COATED_OSMIUM;9975;5;9972;27;;;9981;17;9985;18;;;9978.0;0.0
av_COTTON_d0;14700;INTARIAN_PEPPER_ROOT;10189;14;10186;21;;;10195;5;10198;25;;;10192.0;0.0
av_COTTON_d0;14800;ASH_COATED_OSMIUM;9973;15;9971;19;;;9984;11;9986;21;;;9978.5;0.0
av_COTTON_d0;14800;INTARIAN_PEPPER_ROOT;10186;19;10182;11;;;10195;14;10197;20;;;10190.5;0.0
av_COTTON_d0;14900;ASH_COATED_OSMIUM;9976;8;9974;15;;;9982;25;9986;9;;;9979.0;0.0
av_COTTON_d0;14900;INTARIAN_PEPPER_ROOT;10186;14;10182;17;;;10195;20;10198;19;;;10190.5;0.0
av_COTTON_d0;15000;ASH_COATED_OSMIUM;9969;23;9967;24;;;9987;17;9989;13;;;9978.0;0.0
av_COTTON_d0;15000;INTARIAN_PEPPER_ROOT;10186;15;10184;29;;;10192;14;10195;10;;;10189.0;0.0
av_COTTON_d0;15100;ASH_COATED_OSMIUM;9971;15;9968;15;;;9985;15;9987;20;;;9978.0;0.0
av_COTTON_d0;15100;INTARIAN_PEPPER_ROOT;10185;19;10183;18;;;10191;16;10194;25;;;10188.0;0.0
av_COTTON_d0;15200;ASH_COATED_OSMIUM;9975;9;9972;12;;;9981;14;9984;20;;;9978.0;0.0
av_COTTON_d0;15200;INTARIAN_PEPPER_ROOT;10169;12;10165;13;;;10206;13;10210;18;;;10187.5;0.0
av_COTTON_d0;15300;ASH_COATED_OSMIUM;9971;16;9969;20;;;9987;13;9990;13;;;9979.0;0.0
av_COTTON_d0;15300;INTARIAN_PEPPER_ROOT;10175;21;10173;17;;;10196;15;10198;20;;;10185.5;0.0
av_COTTON_d0;15400;ASH_COATED_OSMIUM;9975;11;9971;14;;;9981;8;9985;13;;;9978.0;0.0
av_COTTON_d0;15400;INTARIAN_PEPPER_ROOT;10183;9;10181;16;;;10189;12;10191;18;;;10186.0;0.0
av_COTTON_d0;15500;ASH_COATED_OSMIUM;9963;17;9959;16;;;9994;13;9998;19;;;9978.5;0.0
av_COTTON_d0;15500;INTARIAN_PEPPER_ROOT;10182;21;10179;16;;;10188;5;10190;26;;;10185.0;0.0
av_COTTON_d0;15600;ASH_COATED_OSMIUM;9975;13;9972;30;;;9982;5;9985;26;;;9978.5;0.0
av_COTTON_d0;15600;INTARIAN_PEPPER_ROOT;10179;18;10175;20;;;10189;17;10191;22;;;10184.0;0.0
av_COTTON_d0;15700;ASH_COATED_OSMIUM;9975;21;9972;15;;;9983;17;9986;14;;;9979.0;0.0
av_COTTON_d0;15700;INTARIAN_PEPPER_ROOT;10177;12;10173;22;;;10189;13;10192;15;;;10183.0;0.0
av_COTTON_d0;15800;ASH_COATED_OSMIUM;9972;17;9970;15;;;9984;23;9988;13;;;9978.0;0.0
av_COTTON_d0;15800;INTARIAN_PEPPER_ROOT;10179;7;10176;13;;;10185;11;10189;20;;;10182.0;0.0
av_COTTON_d0;15900;ASH_COATED_OSMIUM;9976;9;9973;27;;;9982;25;9985;27;;;9979.0;0.0
av_COTTON_d0;15900;INTARIAN_PEPPER_ROOT;10177;20;10174;21;;;10183;16;10187;13;;;10180.0;0.0
av_COTTON_d0;16000;ASH_COATED_OSMIUM;9969;11;9966;13;;;9990;11;9994;20;;;9979.5;0.0
av_COTTON_d0;16000;INTARIAN_PEPPER_ROOT;10177;20;10173;15;;;10183;23;10185;27;;;10180.0;0.0
av_COTTON_d0;16100;ASH_COATED_OSMIUM;9976;17;9972;23;;;9982;6;9985;9;;;9979.0;0.0
av_COTTON_d0;16100;INTARIAN_PEPPER_ROOT;10174;25;10170;18;;;10184;20;10187;16;;;10179.0;0.0
av_COTTON_d0;16200;ASH_COATED_OSMIUM;9976;12;9972;25;;;9982;16;9986;8;;;9979.0;0.0
av_COTTON_d0;16200;INTARIAN_PEPPER_ROOT;10173;18;10171;21;;;10184;17;10187;15;;;10178.5;0.0
av_COTTON_d0;16300;ASH_COATED_OSMIUM;9973;16;9970;18;;;9984;18;9986;25;;;9978.5;0.0
av_COTTON_d0;16300;INTARIAN_PEPPER_ROOT;10174;11;10171;20;;;10180;21;10182;18;;;10177.0;0.0
av_COTTON_d0;16400;ASH_COATED_OSMIUM;9974;13;9970;35;;;9984;5;9986;15;;;9979.0;0.0
av_COTTON_d0;16400;INTARIAN_PEPPER_ROOT;10170;14;10168;29;;;10181;13;10184;14;;;10175.5;0.0
av_COTTON_d0;16500;ASH_COATED_OSMIUM;9976;18;9973;21;;;9982;11;9985;21;;;9979.0;0.0
av_COTTON_d0;16500;INTARIAN_PEPPER_ROOT;10171;15;10167;27;;;10180;15;10184;13;;;10175.5;0.0
av_COTTON_d0;16600;ASH_COATED_OSMIUM;9973;24;9970;30;;;9985;21;9989;22;;;9979.0;0.0
av_COTTON_d0;16600;INTARIAN_PEPPER_ROOT;10171;17;10168;10;;;10177;11;10181;17;;;10174.0;0.0
av_COTTON_d0;16700;ASH_COATED_OSMIUM;9976;14;9972;19;;;9982;7;9984;16;;;9979.0;0.0
av_COTTON_d0;16700;INTARIAN_PEPPER_ROOT;10168;15;10166;15;;;10179;19;10182;13;;;10173.5;0.0
av_COTTON_d0;16800;ASH_COATED_OSMIUM;9975;10;9972;11;;;9984;23;9988;18;;;9979.5;0.0
av_COTTON_d0;16800;INTARIAN_PEPPER_ROOT;10169;20;10167;18;;;10175;17;10178;18;;;10172.0;0.0
av_COTTON_d0;16900;ASH_COATED_OSMIUM;9976;15;9972;18;;;9982;13;9986;20;;;9979.0;0.0
av_COTTON_d0;16900;INTARIAN_PEPPER_ROOT;10169;23;10167;19;;;10175;16;10179;22;;;10172.0;0.0
av_COTTON_d0;17000;ASH_COATED_OSMIUM;9976;7;9973;29;;;9982;13;9985;21;;;9979.0;0.0
av_COTTON_d0;17000;INTARIAN_PEPPER_ROOT;10167;8;10163;24;;;10173;17;10176;15;;;10170.0;0.0
av_COTTON_d0;17100;ASH_COATED_OSMIUM;9973;16;9969;22;;;9984;10;9987;22;;;9978.5;0.0
av_COTTON_d0;17100;INTARIAN_PEPPER_ROOT;10168;11;10166;19;;;10174;7;10178;14;;;10171.0;0.0
av_COTTON_d0;17200;ASH_COATED_OSMIUM;9976;8;9973;18;;;9985;17;9988;24;;;9980.5;0.0
av_COTTON_d0;17200;INTARIAN_PEPPER_ROOT;10167;17;10163;22;;;10173;11;10175;18;;;10170.0;0.0
av_COTTON_d0;17300;ASH_COATED_OSMIUM;9977;5;9975;25;;;9983;20;9985;15;;;9980.0;0.0
av_COTTON_d0;17300;INTARIAN_PEPPER_ROOT;10167;15;10164;16;;;10173;10;10177;18;;;10170.0;0.0
av_COTTON_d0;17400;ASH_COATED_OSMIUM;9973;12;9970;21;;;9987;18;9989;12;;;9980.0;0.0
av_COTTON_d0;17400;INTARIAN_PEPPER_ROOT;10165;12;10161;22;;;10175;18;10177;16;;;10170.0;0.0
av_COTTON_d0;17500;ASH_COATED_OSMIUM;9976;11;9974;24;;;9982;11;9984;22;;;9979.0;0.0
av_COTTON_d0;17500;INTARIAN_PEPPER_ROOT;10166;18;10162;33;;;10172;18;10175;17;;;10169.0;0.0
av_COTTON_d0;17600;ASH_COATED_OSMIUM;9974;21;9970;22;;;9985;19;9989;23;;;9979.5;0.0
av_COTTON_d0;17600;INTARIAN_PEPPER_ROOT;10166;5;10164;15;;;10173;20;10176;10;;;10169.5;0.0
av_COTTON_d0;17700;ASH_COATED_OSMIUM;9976;12;9973;24;;;9982;18;9985;21;;;9979.0;0.0
av_COTTON_d0;17700;INTARIAN_PEPPER_ROOT;10166;6;10162;18;;;10172;19;10175;23;;;10169.0;0.0
av_COTTON_d0;17800;ASH_COATED_OSMIUM;9976;17;9972;15;;;9982;7;9986;22;;;9979.0;0.0
av_COTTON_d0;17800;INTARIAN_PEPPER_ROOT;10166;12;10163;21;;;10172;16;10175;14;;;10169.0;0.0
av_COTTON_d0;17900;ASH_COATED_OSMIUM;9976;22;9974;21;;;9982;15;9986;14;;;9979.0;0.0
av_COTTON_d0;17900;INTARIAN_PEPPER_ROOT;10166;12;10162;24;;;10172;8;10175;23;;;10169.0;0.0
av_COTTON_d0;18000;ASH_COATED_OSMIUM;9977;19;9973;14;;;9983;24;9987;10;;;9980.0;0.0
av_COTTON_d0;18000;INTARIAN_PEPPER_ROOT;10151;18;10148;13;;;10186;8;10189;23;;;10168.5;0.0
av_COTTON_d0;18100;ASH_COATED_OSMIUM;9976;15;9972;16;;;9982;16;9986;26;;;9979.0;0.0
av_COTTON_d0;18100;INTARIAN_PEPPER_ROOT;10165;9;10161;13;;;10171;13;10175;29;;;10168.0;0.0
av_COTTON_d0;18200;ASH_COATED_OSMIUM;9976;8;9974;15;;;9982;7;9986;23;;;9979.0;0.0
av_COTTON_d0;18200;INTARIAN_PEPPER_ROOT;10164;23;10160;8;;;10171;10;10175;18;;;10167.5;0.0
av_COTTON_d0;18300;ASH_COATED_OSMIUM;9970;11;9967;18;;;9989;13;9991;23;;;9979.5;0.0
av_COTTON_d0;18300;INTARIAN_PEPPER_ROOT;10164;14;10161;21;;;10170;10;10172;18;;;10167.0;0.0
av_COTTON_d0;18400;ASH_COATED_OSMIUM;9971;10;9968;18;;;9988;17;9991;13;;;9979.5;0.0
av_COTTON_d0;18400;INTARIAN_PEPPER_ROOT;10147;15;10144;22;;;10186;16;10188;24;;;10166.5;0.0
av_COTTON_d0;18500;ASH_COATED_OSMIUM;9977;25;9974;18;;;9983;17;9987;19;;;9980.0;0.0
av_COTTON_d0;18500;INTARIAN_PEPPER_ROOT;10163;22;10159;16;;;10169;6;10173;21;;;10166.0;0.0
av_COTTON_d0;18600;ASH_COATED_OSMIUM;9975;13;9972;19;;;9984;18;9987;32;;;9979.5;0.0
av_COTTON_d0;18600;INTARIAN_PEPPER_ROOT;10163;12;10160;14;;;10169;15;10171;18;;;10166.0;0.0
av_COTTON_d0;18700;ASH_COATED_OSMIUM;9977;12;9973;25;;;9983;15;9987;22;;;9980.0;0.0
av_COTTON_d0;18700;INTARIAN_PEPPER_ROOT;10163;5;10160;19;;;10169;22;10172;21;;;10166.0;0.0
av_COTTON_d0;18800;ASH_COATED_OSMIUM;9976;14;9974;23;;;9982;5;9986;30;;;9979.0;0.0
av_COTTON_d0;18800;INTARIAN_PEPPER_ROOT;10163;18;10161;18;;;10169;5;10172;24;;;10166.0;0.0
av_COTTON_d0;18900;ASH_COATED_OSMIUM;9977;15;9974;14;;;9983;7;9985;24;;;9980.0;0.0
av_COTTON_d0;18900;INTARIAN_PEPPER_ROOT;10157;21;10154;24;;;10175;15;10179;24;;;10166.0;0.0
av_COTTON_d0;19000;ASH_COATED_OSMIUM;9977;24;9974;29;;;9983;11;9985;22;;;9980.0;0.0
av_COTTON_d0;19000;INTARIAN_PEPPER_ROOT;10162;10;10158;20;;;10168;16;10170;14;;;10165.0;0.0
av_COTTON_d0;19100;ASH_COATED_OSMIUM;9977;11;9973;17;;;9983;9;9986;14;;;9980.0;0.0
av_COTTON_d0;19100;INTARIAN_PEPPER_ROOT;10162;17;10158;16;;;10168;16;10172;14;;;10165.0;0.0
av_COTTON_d0;19200;ASH_COATED_OSMIUM;9977;16;9974;22;;;9983;21;9987;10;;;9980.0;0.0
av_COTTON_d0;19200;INTARIAN_PEPPER_ROOT;10155;21;10151;11;;;10174;21;10176;20;;;10164.5;0.0
av_COTTON_d0;19300;ASH_COATED_OSMIUM;9977;5;9974;28;;;9983;29;9985;15;;;9980.0;0.0
av_COTTON_d0;19300;INTARIAN_PEPPER_ROOT;10160;5;10157;18;;;10168;10;10171;19;;;10164.0;0.0
av_COTTON_d0;19400;ASH_COATED_OSMIUM;9974;17;9972;20;;;9985;10;9988;24;;;9979.5;0.0
av_COTTON_d0;19400;INTARIAN_PEPPER_ROOT;10160;12;10158;29;;;10168;21;10170;13;;;10164.0;0.0
av_COTTON_d0;19500;ASH_COATED_OSMIUM;9974;15;9972;16;;;9987;21;9990;21;;;9980.5;0.0
av_COTTON_d0;19500;INTARIAN_PEPPER_ROOT;10157;10;10153;15;;;10171;20;10173;21;;;10164.0;0.0
av_COTTON_d0;19600;ASH_COATED_OSMIUM;9969;20;9967;18;;;9992;23;9995;28;;;9980.5;0.0
av_COTTON_d0;19600;INTARIAN_PEPPER_ROOT;10150;17;10147;19;;;10177;15;10179;14;;;10163.5;0.0
av_COTTON_d0;19700;ASH_COATED_OSMIUM;9977;16;9973;15;;;9983;14;9986;18;;;9980.0;0.0
av_COTTON_d0;19700;INTARIAN_PEPPER_ROOT;10160;17;10157;20;;;10166;11;10170;18;;;10163.0;0.0
av_COTTON_d0;19800;ASH_COATED_OSMIUM;9977;15;9974;19;;;9983;9;9985;19;;;9980.0;0.0
av_COTTON_d0;19800;INTARIAN_PEPPER_ROOT;10160;10;10157;22;;;10166;13;10168;17;;;10163.0;0.0
av_COTTON_d0;19900;ASH_COATED_OSMIUM;9974;15;9970;30;;;9986;9;9989;18;;;9980.0;0.0
av_COTTON_d0;19900;INTARIAN_PEPPER_ROOT;10158;8;10154;13;;;10168;5;10170;20;;;10163.0;0.0
av_COTTON_d0;20000;ASH_COATED_OSMIUM;9970;12;9967;16;;;9989;16;9992;13;;;9979.5;0.0
av_COTTON_d0;20000;INTARIAN_PEPPER_ROOT;10158;24;10155;19;;;10167;15;10171;21;;;10162.5;0.0
av_COTTON_d0;20100;ASH_COATED_OSMIUM;9971;12;9967;21;;;9988;5;9992;25;;;9979.5;0.0
av_COTTON_d0;20100;INTARIAN_PEPPER_ROOT;10159;14;10155;22;;;10165;13;10167;19;;;10162.0;0.0
av_COTTON_d0;20200;ASH_COATED_OSMIUM;9976;21;9974;26;;;9984;15;9987;12;;;9980.0;0.0
av_COTTON_d0;20200;INTARIAN_PEPPER_ROOT;10151;5;10148;16;;;10174;23;10177;27;;;10162.5;0.0
av_COTTON_d0;20300;ASH_COATED_OSMIUM;9977;20;9974;17;;;9983;15;9986;11;;;9980.0;0.0
av_COTTON_d0;20300;INTARIAN_PEPPER_ROOT;10157;12;10155;19;;;10166;12;10170;28;;;10161.5;0.0
av_COTTON_d0;20400;ASH_COATED_OSMIUM;9977;5;9975;21;;;9983;15;9986;23;;;9980.0;0.0
av_COTTON_d0;20400;INTARIAN_PEPPER_ROOT;10155;15;10151;9;;;10170;21;10174;19;;;10162.5;0.0
av_COTTON_d0;20500;ASH_COATED_OSMIUM;9977;18;9974;24;;;9983;10;9986;16;;;9980.0;0.0
av_COTTON_d0;20500;INTARIAN_PEPPER_ROOT;10158;19;10154;10;;;10164;19;10168;24;;;10161.0;0.0
av_COTTON_d0;20600;ASH_COATED_OSMIUM;9964;17;9960;14;;;9996;5;9999;17;;;9980.0;0.0
av_COTTON_d0;20600;INTARIAN_PEPPER_ROOT;10158;19;10156;18;;;10164;16;10168;20;;;10161.0;0.0
av_COTTON_d0;20700;ASH_COATED_OSMIUM;9978;19;9974;23;;;9984;10;9988;17;;;9981.0;0.0
av_COTTON_d0;20700;INTARIAN_PEPPER_ROOT;10158;5;10155;19;;;10164;13;10166;26;;;10161.0;0.0
av_COTTON_d0;20800;ASH_COATED_OSMIUM;9977;13;9973;30;;;9984;5;9987;23;;;9980.5;0.0
av_COTTON_d0;20800;INTARIAN_PEPPER_ROOT;10150;11;10147;19;;;10171;18;10175;28;;;10160.5;0.0
av_COTTON_d0;20900;ASH_COATED_OSMIUM;9977;12;9975;14;;;9983;21;9986;18;;;9980.0;0.0
av_COTTON_d0;20900;INTARIAN_PEPPER_ROOT;10153;5;10150;28;;;10168;18;10171;20;;;10160.5;0.0
av_COTTON_d0;21000;ASH_COATED_OSMIUM;9977;17;9974;22;;;9983;9;9986;18;;;9980.0;0.0
av_COTTON_d0;21000;INTARIAN_PEPPER_ROOT;10157;13;10155;24;;;10163;16;10165;21;;;10160.0;0.0
av_COTTON_d0;21100;ASH_COATED_OSMIUM;9977;12;9975;12;;;9983;11;9986;19;;;9980.0;0.0
av_COTTON_d0;21100;INTARIAN_PEPPER_ROOT;10157;17;10154;29;;;10163;22;10165;23;;;10160.0;0.0
av_COTTON_d0;21200;ASH_COATED_OSMIUM;9974;15;9970;15;;;9986;20;9989;17;;;9980.0;0.0
av_COTTON_d0;21200;INTARIAN_PEPPER_ROOT;10157;14;10155;10;;;10163;16;10166;19;;;10160.0;0.0
av_COTTON_d0;21300;ASH_COATED_OSMIUM;9977;28;9974;16;;;9983;15;9986;28;;;9980.0;0.0
av_COTTON_d0;21300;INTARIAN_PEPPER_ROOT;10156;21;10154;21;;;10162;21;10164;26;;;10159.0;0.0
av_COTTON_d0;21400;ASH_COATED_OSMIUM;9978;11;9974;20;;;9984;8;9986;17;;;9981.0;0.0
av_COTTON_d0;21400;INTARIAN_PEPPER_ROOT;10156;17;10152;8;;;10162;15;10166;26;;;10159.0;0.0
av_COTTON_d0;21500;ASH_COATED_OSMIUM;9977;15;9975;14;;;9983;14;9986;22;;;9980.0;0.0
av_COTTON_d0;21500;INTARIAN_PEPPER_ROOT;10156;14;10152;23;;;10162;5;10164;31;;;10159.0;0.0
av_COTTON_d0;21600;ASH_COATED_OSMIUM;9977;12;9973;25;;;9983;12;9986;18;;;9980.0;0.0
av_COTTON_d0;21600;INTARIAN_PEPPER_ROOT;10148;20;10146;24;;;10170;19;10174;31;;;10159.0;0.0
av_COTTON_d0;21700;ASH_COATED_OSMIUM;9977;12;9975;23;;;9983;9;9987;24;;;9980.0;0.0
av_COTTON_d0;21700;INTARIAN_PEPPER_ROOT;10155;14;10152;12;;;10161;11;10163;15;;;10158.0;0.0
av_COTTON_d0;21800;ASH_COATED_OSMIUM;9977;8;9974;13;;;9983;20;9985;25;;;9980.0;0.0
av_COTTON_d0;21800;INTARIAN_PEPPER_ROOT;10154;8;10152;21;;;10160;5;10163;24;;;10157.0;0.0
av_COTTON_d0;21900;ASH_COATED_OSMIUM;9971;6;9968;8;;;9990;19;9993;23;;;9980.5;0.0
av_COTTON_d0;21900;INTARIAN_PEPPER_ROOT;10154;5;10152;33;;;10160;14;10162;17;;;10157.0;0.0
av_COTTON_d0;22000;ASH_COATED_OSMIUM;9978;11;9976;21;;;9984;10;9988;10;;;9981.0;0.0
av_COTTON_d0;22000;INTARIAN_PEPPER_ROOT;10154;15;10152;26;;;10160;14;10162;20;;;10157.0;0.0
av_COTTON_d0;22100;ASH_COATED_OSMIUM;9977;8;9973;22;;;9983;17;9985;14;;;9980.0;0.0
av_COTTON_d0;22100;INTARIAN_PEPPER_ROOT;10153;19;10151;16;;;10159;10;10163;20;;;10156.0;0.0
av_COTTON_d0;22200;ASH_COATED_OSMIUM;9978;22;9975;19;;;9984;15;9987;25;;;9981.0;0.0
av_COTTON_d0;22200;INTARIAN_PEPPER_ROOT;10153;14;10149;22;;;10161;20;10165;18;;;10157.0;0.0
av_COTTON_d0;22300;ASH_COATED_OSMIUM;9972;12;9969;17;;;9988;5;9991;23;;;9980.0;0.0
av_COTTON_d0;22300;INTARIAN_PEPPER_ROOT;10153;20;10151;21;;;10159;13;10162;11;;;10156.0;0.0
av_COTTON_d0;22400;ASH_COATED_OSMIUM;9978;10;9976;22;;;9984;13;9987;20;;;9981.0;0.0
av_COTTON_d0;22400;INTARIAN_PEPPER_ROOT;10151;9;10149;31;;;10161;12;10165;17;;;10156.0;0.0
av_COTTON_d0;22500;ASH_COATED_OSMIUM;9977;22;9973;17;;;9983;13;9985;22;;;9980.0;0.0
av_COTTON_d0;22500;INTARIAN_PEPPER_ROOT;10147;19;10143;18;;;10165;20;10168;21;;;10156.0;0.0
av_COTTON_d0;22600;ASH_COATED_OSMIUM;9977;21;9974;22;;;9983;17;9986;25;;;9980.0;0.0
av_COTTON_d0;22600;INTARIAN_PEPPER_ROOT;10151;20;10148;21;;;10160;11;10163;11;;;10155.5;0.0
av_COTTON_d0;22700;ASH_COATED_OSMIUM;9977;21;9973;19;;;9983;12;9986;22;;;9980.0;0.0
av_COTTON_d0;22700;INTARIAN_PEPPER_ROOT;10151;17;10148;15;;;10161;25;10163;16;;;10156.0;0.0
av_COTTON_d0;22800;ASH_COATED_OSMIUM;9977;10;9975;20;;;9983;24;9985;19;;;9980.0;0.0
av_COTTON_d0;22800;INTARIAN_PEPPER_ROOT;10152;8;10148;10;;;10158;18;10162;22;;;10155.0;0.0
av_COTTON_d0;22900;ASH_COATED_OSMIUM;9978;19;9974;20;;;9984;7;9987;21;;;9981.0;0.0
av_COTTON_d0;22900;INTARIAN_PEPPER_ROOT;10142;10;10139;19;;;10168;19;10170;10;;;10155.0;0.0
av_COTTON_d0;23000;ASH_COATED_OSMIUM;9977;11;9974;11;;;9983;6;9985;26;;;9980.0;0.0
av_COTTON_d0;23000;INTARIAN_PEPPER_ROOT;10152;11;10148;25;;;10158;19;10161;20;;;10155.0;0.0
av_COTTON_d0;23100;ASH_COATED_OSMIUM;9977;21;9973;18;;;9983;11;9985;29;;;9980.0;0.0
av_COTTON_d0;23100;INTARIAN_PEPPER_ROOT;10152;7;10149;13;;;10158;25;10161;13;;;10155.0;0.0
av_COTTON_d0;23200;ASH_COATED_OSMIUM;9976;16;9974;24;;;9986;13;9990;8;;;9981.0;0.0
av_COTTON_d0;23200;INTARIAN_PEPPER_ROOT;10151;9;10147;18;;;10157;14;10161;18;;;10154.0;0.0
av_COTTON_d0;23300;ASH_COATED_OSMIUM;9978;10;9975;18;;;9984;15;9986;25;;;9981.0;0.0
av_COTTON_d0;23300;INTARIAN_PEPPER_ROOT;10151;10;10149;23;;;10157;16;10161;19;;;10154.0;0.0
av_COTTON_d0;23400;ASH_COATED_OSMIUM;9977;8;9975;22;;;9983;22;9985;24;;;9980.0;0.0
av_COTTON_d0;23400;INTARIAN_PEPPER_ROOT;10150;5;10148;23;;;10156;23;10158;33;;;10153.0;0.0
av_COTTON_d0;23500;ASH_COATED_OSMIUM;9978;22;9975;20;;;9984;15;9987;20;;;9981.0;0.0
av_COTTON_d0;23500;INTARIAN_PEPPER_ROOT;10147;16;10143;18;;;10159;8;10161;15;;;10153.0;0.0
av_COTTON_d0;23600;ASH_COATED_OSMIUM;9974;16;9970;10;;;9988;12;9991;20;;;9981.0;0.0
av_COTTON_d0;23600;INTARIAN_PEPPER_ROOT;10141;13;10139;15;;;10166;9;10169;17;;;10153.5;0.0
av_COTTON_d0;23700;ASH_COATED_OSMIUM;9963;16;9960;18;;;9998;17;10001;25;;;9980.5;0.0
av_COTTON_d0;23700;INTARIAN_PEPPER_ROOT;10149;5;10147;15;;;10155;18;10157;19;;;10152.0;0.0
av_COTTON_d0;23800;ASH_COATED_OSMIUM;9974;21;9971;16;;;9987;17;9989;18;;;9980.5;0.0
av_COTTON_d0;23800;INTARIAN_PEPPER_ROOT;10136;18;10134;15;;;10169;7;10173;18;;;10152.5;0.0
av_COTTON_d0;23900;ASH_COATED_OSMIUM;9975;15;9972;13;;;9987;19;9991;9;;;9981.0;0.0
av_COTTON_d0;23900;INTARIAN_PEPPER_ROOT;10137;5;10134;21;;;10166;19;10168;27;;;10151.5;0.0
av_COTTON_d0;24000;ASH_COATED_OSMIUM;9977;11;9975;24;;;9983;16;9986;17;;;9980.0;0.0
av_COTTON_d0;24000;INTARIAN_PEPPER_ROOT;10145;14;10142;16;;;10159;22;10161;22;;;10152.0;0.0
av_COTTON_d0;24100;ASH_COATED_OSMIUM;9977;22;9973;20;;;9983;19;9987;22;;;9980.0;0.0
av_COTTON_d0;24100;INTARIAN_PEPPER_ROOT;10148;11;10145;25;;;10155;7;10159;21;;;10151.5;0.0
av_COTTON_d0;24200;ASH_COATED_OSMIUM;9978;9;9976;16;;;9984;24;9986;22;;;9981.0;0.0
av_COTTON_d0;24200;INTARIAN_PEPPER_ROOT;10143;23;10139;22;;;10159;16;10163;13;;;10151.0;0.0
av_COTTON_d0;24300;ASH_COATED_OSMIUM;9978;13;9976;23;;;9984;8;9988;18;;;9981.0;0.0
av_COTTON_d0;24300;INTARIAN_PEPPER_ROOT;10143;13;10139;14;;;10160;9;10164;27;;;10151.5;0.0
av_COTTON_d0;24400;ASH_COATED_OSMIUM;9978;14;9976;8;;;9984;12;9987;26;;;9981.0;0.0
av_COTTON_d0;24400;INTARIAN_PEPPER_ROOT;10147;17;10144;18;;;10153;11;10157;16;;;10150.0;0.0
av_COTTON_d0;24500;ASH_COATED_OSMIUM;9976;14;9974;21;;;9985;20;9988;20;;;9980.5;0.0
av_COTTON_d0;24500;INTARIAN_PEPPER_ROOT;10148;16;10144;26;;;10154;11;10156;24;;;10151.0;0.0
av_COTTON_d0;24600;ASH_COATED_OSMIUM;9978;7;9974;12;;;9984;5;9986;19;;;9981.0;0.0
av_COTTON_d0;24600;INTARIAN_PEPPER_ROOT;10145;15;10141;20;;;10155;13;10159;25;;;10150.0;0.0
av_COTTON_d0;24700;ASH_COATED_OSMIUM;9978;22;9974;20;;;9984;11;9987;19;;;9981.0;0.0
av_COTTON_d0;24700;INTARIAN_PEPPER_ROOT;10142;14;10140;16;;;10157;11;10159;17;;;10149.5;0.0
av_COTTON_d0;24800;ASH_COATED_OSMIUM;9978;20;9975;16;;;9984;12;9988;23;;;9981.0;0.0
av_COTTON_d0;24800;INTARIAN_PEPPER_ROOT;10144;19;10141;13;;;10154;7;10158;21;;;10149.0;0.0
av_COTTON_d0;24900;ASH_COATED_OSMIUM;9978;15;9975;20;;;9984;12;9986;15;;;9981.0;0.0
av_COTTON_d0;24900;INTARIAN_PEPPER_ROOT;10143;7;10140;32;;;10155;16;10158;11;;;10149.0;0.0
av_COTTON_d0;25000;ASH_COATED_OSMIUM;9978;21;9976;19;;;9984;12;9988;24;;;9981.0;0.0
av_COTTON_d0;25000;INTARIAN_PEPPER_ROOT;10143;21;10141;19;;;10154;17;10156;19;;;10148.5;0.0
av_COTTON_d0;25100;ASH_COATED_OSMIUM;9975;11;9971;15;;;9987;18;9991;17;;;9981.0;0.0
av_COTTON_d0;25100;INTARIAN_PEPPER_ROOT;10146;13;10144;21;;;10152;13;10154;17;;;10149.0;0.0
av_COTTON_d0;25200;ASH_COATED_OSMIUM;9978;19;9975;8;;;9984;19;9987;15;;;9981.0;0.0
av_COTTON_d0;25200;INTARIAN_PEPPER_ROOT;10146;17;10142;33;;;10152;12;10154;22;;;10149.0;0.0
av_COTTON_d0;25300;ASH_COATED_OSMIUM;9979;11;9976;20;;;9985;11;9987;18;;;9982.0;0.0
av_COTTON_d0;25300;INTARIAN_PEPPER_ROOT;10145;19;10143;15;;;10151;13;10153;21;;;10148.0;0.0
av_COTTON_d0;25400;ASH_COATED_OSMIUM;9977;20;9975;21;;;9986;13;9988;17;;;9981.5;0.0
av_COTTON_d0;25400;INTARIAN_PEPPER_ROOT;10144;13;10141;25;;;10151;16;10155;15;;;10147.5;0.0
av_COTTON_d0;25500;ASH_COATED_OSMIUM;9967;12;9964;15;;;9994;10;9998;24;;;9980.5;0.0
av_COTTON_d0;25500;INTARIAN_PEPPER_ROOT;10145;9;10143;27;;;10151;24;10155;17;;;10148.0;0.0
av_COTTON_d0;25600;ASH_COATED_OSMIUM;9978;22;9976;29;;;9984;17;9988;16;;;9981.0;0.0
av_COTTON_d0;25600;INTARIAN_PEPPER_ROOT;10136;21;10134;13;;;10160;20;10162;24;;;10148.0;0.0
av_COTTON_d0;25700;ASH_COATED_OSMIUM;9972;17;9970;12;;;9989;18;9993;16;;;9980.5;0.0
av_COTTON_d0;25700;INTARIAN_PEPPER_ROOT;10144;10;10142;21;;;10150;16;10154;13;;;10147.0;0.0
av_COTTON_d0;25800;ASH_COATED_OSMIUM;9969;17;9967;24;;;9993;15;9996;29;;;9981.0;0.0
av_COTTON_d0;25800;INTARIAN_PEPPER_ROOT;10144;20;10142;22;;;10150;14;10153;21;;;10147.0;0.0
av_COTTON_d0;25900;ASH_COATED_OSMIUM;9978;7;9975;24;;;9984;16;9987;14;;;9981.0;0.0
av_COTTON_d0;25900;INTARIAN_PEPPER_ROOT;10143;16;10141;27;;;10149;18;10152;13;;;10146.0;0.0
av_COTTON_d0;26000;ASH_COATED_OSMIUM;9978;9;9974;13;;;9984;12;9986;17;;;9981.0;0.0
av_COTTON_d0;26000;INTARIAN_PEPPER_ROOT;10144;6;10141;9;;;10150;7;10154;26;;;10147.0;0.0
av_COTTON_d0;26100;ASH_COATED_OSMIUM;9975;9;9971;22;;;9988;22;9992;20;;;9981.5;0.0
av_COTTON_d0;26100;INTARIAN_PEPPER_ROOT;10143;14;10140;23;;;10149;25;10152;20;;;10146.0;0.0
av_COTTON_d0;26200;ASH_COATED_OSMIUM;9979;13;9977;23;;;9985;8;9989;15;;;9982.0;0.0
av_COTTON_d0;26200;INTARIAN_PEPPER_ROOT;10141;5;10139;17;;;10150;14;10154;23;;;10145.5;0.0
av_COTTON_d0;26300;ASH_COATED_OSMIUM;9979;9;9975;23;;;9985;18;9988;26;;;9982.0;0.0
av_COTTON_d0;26300;INTARIAN_PEPPER_ROOT;10142;21;10140;17;;;10148;11;10151;18;;;10145.0;0.0
av_COTTON_d0;26400;ASH_COATED_OSMIUM;9967;13;9963;19;;;9996;20;9999;22;;;9981.5;0.0
av_COTTON_d0;26400;INTARIAN_PEPPER_ROOT;10134;10;10130;17;;;10156;10;10160;13;;;10145.0;0.0
av_COTTON_d0;26500;ASH_COATED_OSMIUM;9977;11;9974;16;;;9987;12;9990;28;;;9982.0;0.0
av_COTTON_d0;26500;INTARIAN_PEPPER_ROOT;10141;13;10137;19;;;10149;18;10151;13;;;10145.0;0.0
av_COTTON_d0;26600;ASH_COATED_OSMIUM;9978;13;9974;20;;;9984;16;9987;21;;;9981.0;0.0
av_COTTON_d0;26600;INTARIAN_PEPPER_ROOT;10142;20;10138;19;;;10148;16;10150;13;;;10145.0;0.0
av_COTTON_d0;26700;ASH_COATED_OSMIUM;9969;15;9967;15;;;9993;21;9997;17;;;9981.0;0.0
av_COTTON_d0;26700;INTARIAN_PEPPER_ROOT;10140;17;10137;20;;;10149;7;10151;13;;;10144.5;0.0
av_COTTON_d0;26800;ASH_COATED_OSMIUM;9974;24;9972;30;;;9988;8;9992;22;;;9981.0;0.0
av_COTTON_d0;26800;INTARIAN_PEPPER_ROOT;10141;7;10137;17;;;10147;19;10150;20;;;10144.0;0.0
av_COTTON_d0;26900;ASH_COATED_OSMIUM;9976;22;9974;17;;;9987;17;9989;19;;;9981.5;0.0
av_COTTON_d0;26900;INTARIAN_PEPPER_ROOT;10141;11;10138;21;;;10147;15;10151;22;;;10144.0;0.0
av_COTTON_d0;27000;ASH_COATED_OSMIUM;9978;11;9975;13;;;9984;17;9987;19;;;9981.0;0.0
av_COTTON_d0;27000;INTARIAN_PEPPER_ROOT;10140;19;10138;20;;;10146;19;10150;21;;;10143.0;0.0
av_COTTON_d0;27100;ASH_COATED_OSMIUM;9976;11;9973;19;;;9985;10;9988;21;;;9980.5;0.0
av_COTTON_d0;27100;INTARIAN_PEPPER_ROOT;10136;5;10132;17;;;10150;20;10152;18;;;10143.0;0.0
av_COTTON_d0;27200;ASH_COATED_OSMIUM;9977;12;9975;25;;;9986;8;9990;24;;;9981.5;0.0
av_COTTON_d0;27200;INTARIAN_PEPPER_ROOT;10141;15;10137;15;;;10147;15;10150;13;;;10144.0;0.0
av_COTTON_d0;27300;ASH_COATED_OSMIUM;9979;24;9976;16;;;9985;21;9989;20;;;9982.0;0.0
av_COTTON_d0;27300;INTARIAN_PEPPER_ROOT;10140;22;10137;18;;;10146;14;10150;12;;;10143.0;0.0
av_COTTON_d0;27400;ASH_COATED_OSMIUM;9978;25;9974;19;;;9984;11;9987;19;;;9981.0;0.0
av_COTTON_d0;27400;INTARIAN_PEPPER_ROOT;10139;14;10137;16;;;10145;10;10148;23;;;10142.0;0.0
av_COTTON_d0;27500;ASH_COATED_OSMIUM;9969;6;9967;15;;;9995;20;9997;19;;;9982.0;0.0
av_COTTON_d0;27500;INTARIAN_PEPPER_ROOT;10134;14;10130;19;;;10150;8;10152;9;;;10142.0;0.0
av_COTTON_d0;27600;ASH_COATED_OSMIUM;9959;15;9957;21;;;10004;16;10006;29;;;9981.5;0.0
av_COTTON_d0;27600;INTARIAN_PEPPER_ROOT;10139;19;10135;13;;;10145;18;10147;27;;;10142.0;0.0
av_COTTON_d0;27700;ASH_COATED_OSMIUM;9962;19;9958;23;;;10001;10;10004;14;;;9981.5;0.0
av_COTTON_d0;27700;INTARIAN_PEPPER_ROOT;10139;9;10135;15;;;10145;19;10147;26;;;10142.0;0.0
av_COTTON_d0;27800;ASH_COATED_OSMIUM;9977;14;9974;11;;;9987;11;9989;20;;;9982.0;0.0
av_COTTON_d0;27800;INTARIAN_PEPPER_ROOT;10126;14;10123;11;;;10156;9;10158;24;;;10141.0;0.0
av_COTTON_d0;27900;ASH_COATED_OSMIUM;9978;9;9974;23;;;9985;10;9987;18;;;9981.5;0.0
av_COTTON_d0;27900;INTARIAN_PEPPER_ROOT;10138;10;10135;11;;;10145;15;10147;19;;;10141.5;0.0
av_COTTON_d0;28000;ASH_COATED_OSMIUM;9978;14;9975;25;;;9984;16;9986;22;;;9981.0;0.0
av_COTTON_d0;28000;INTARIAN_PEPPER_ROOT;10125;12;10121;14;;;10157;15;10161;14;;;10141.0;0.0
av_COTTON_d0;28100;ASH_COATED_OSMIUM;9978;19;9976;9;;;9985;10;9989;23;;;9981.5;0.0
av_COTTON_d0;28100;INTARIAN_PEPPER_ROOT;10138;19;10134;20;;;10144;5;10146;24;;;10141.0;0.0
av_COTTON_d0;28200;ASH_COATED_OSMIUM;9975;14;9972;20;;;9989;12;9991;23;;;9982.0;0.0
av_COTTON_d0;28200;INTARIAN_PEPPER_ROOT;10137;19;10134;16;;;10143;19;10146;14;;;10140.0;0.0
av_COTTON_d0;28300;ASH_COATED_OSMIUM;9978;12;9975;20;;;9984;16;9986;20;;;9981.0;0.0
av_COTTON_d0;28300;INTARIAN_PEPPER_ROOT;10137;18;10135;17;;;10143;15;10145;8;;;10140.0;0.0
av_COTTON_d0;28400;ASH_COATED_OSMIUM;9978;21;9974;23;;;9984;20;9988;14;;;9981.0;0.0
av_COTTON_d0;28400;INTARIAN_PEPPER_ROOT;10137;16;10133;20;;;10143;21;10146;22;;;10140.0;0.0
av_COTTON_d0;28500;ASH_COATED_OSMIUM;9978;17;9975;13;;;9986;18;9990;18;;;9982.0;0.0
av_COTTON_d0;28500;INTARIAN_PEPPER_ROOT;10136;18;10134;18;;;10143;20;10146;22;;;10139.5;0.0
av_COTTON_d0;28600;ASH_COATED_OSMIUM;9978;15;9976;22;;;9984;20;9986;17;;;9981.0;0.0
av_COTTON_d0;28600;INTARIAN_PEPPER_ROOT;10136;15;10133;22;;;10142;15;10146;16;;;10139.0;0.0
av_COTTON_d0;28700;ASH_COATED_OSMIUM;9976;19;9974;19;;;9987;7;9989;20;;;9981.5;0.0
av_COTTON_d0;28700;INTARIAN_PEPPER_ROOT;10136;19;10134;14;;;10142;15;10145;31;;;10139.0;0.0
av_COTTON_d0;28800;ASH_COATED_OSMIUM;9979;13;9977;18;;;9985;9;9987;17;;;9982.0;0.0
av_COTTON_d0;28800;INTARIAN_PEPPER_ROOT;10133;14;10130;31;;;10145;24;10148;10;;;10139.0;0.0
av_COTTON_d0;28900;ASH_COATED_OSMIUM;9980;10;9978;20;;;9986;16;9990;15;;;9983.0;0.0
av_COTTON_d0;28900;INTARIAN_PEPPER_ROOT;10132;12;10128;25;;;10145;13;10147;12;;;10138.5;0.0
av_COTTON_d0;29000;ASH_COATED_OSMIUM;9979;9;9975;15;;;9985;14;9987;25;;;9982.0;0.0
av_COTTON_d0;29000;INTARIAN_PEPPER_ROOT;10123;18;10120;19;;;10153;17;10157;15;;;10138.0;0.0
av_COTTON_d0;29100;ASH_COATED_OSMIUM;9979;10;9975;21;;;9985;13;9987;20;;;9982.0;0.0
av_COTTON_d0;29100;INTARIAN_PEPPER_ROOT;10135;12;10133;27;;;10141;14;10143;16;;;10138.0;0.0
av_COTTON_d0;29200;ASH_COATED_OSMIUM;9979;14;9976;22;;;9985;8;9988;27;;;9982.0;0.0
av_COTTON_d0;29200;INTARIAN_PEPPER_ROOT;10134;18;10132;26;;;10140;12;10143;20;;;10137.0;0.0
av_COTTON_d0;29300;ASH_COATED_OSMIUM;9978;15;9974;22;;;9984;19;9988;18;;;9981.0;0.0
av_COTTON_d0;29300;INTARIAN_PEPPER_ROOT;10124;23;10121;17;;;10152;18;10156;22;;;10138.0;0.0
av_COTTON_d0;29400;ASH_COATED_OSMIUM;9979;14;9975;20;;;9985;5;9988;15;;;9982.0;0.0
av_COTTON_d0;29400;INTARIAN_PEPPER_ROOT;10134;15;10131;23;;;10140;20;10143;24;;;10137.0;0.0
av_COTTON_d0;29500;ASH_COATED_OSMIUM;9975;19;9973;13;;;9987;16;9990;22;;;9981.0;0.0
av_COTTON_d0;29500;INTARIAN_PEPPER_ROOT;10131;21;10129;13;;;10142;13;10144;18;;;10136.5;0.0
av_COTTON_d0;29600;ASH_COATED_OSMIUM;9979;21;9976;16;;;9985;16;9988;23;;;9982.0;0.0
av_COTTON_d0;29600;INTARIAN_PEPPER_ROOT;10134;11;10130;14;;;10140;18;10143;20;;;10137.0;0.0
av_COTTON_d0;29700;ASH_COATED_OSMIUM;9978;16;9974;19;;;9984;9;9986;16;;;9981.0;0.0
av_COTTON_d0;29700;INTARIAN_PEPPER_ROOT;10121;14;10117;24;;;10151;10;10155;25;;;10136.0;0.0
av_COTTON_d0;29800;ASH_COATED_OSMIUM;9974;9;9972;13;;;9991;16;9994;21;;;9982.5;0.0
av_COTTON_d0;29800;INTARIAN_PEPPER_ROOT;10133;13;10129;24;;;10139;16;10142;28;;;10136.0;0.0
av_COTTON_d0;29900;ASH_COATED_OSMIUM;9976;15;9972;11;;;9988;10;9991;19;;;9982.0;0.0
av_COTTON_d0;29900;INTARIAN_PEPPER_ROOT;10132;15;10129;27;;;10139;20;10141;12;;;10135.5;0.0
av_COTTON_d0;30000;ASH_COATED_OSMIUM;9979;17;9975;16;;;9985;19;9987;24;;;9982.0;0.0
av_COTTON_d0;30000;INTARIAN_PEPPER_ROOT;10132;26;10128;25;;;10138;20;10140;19;;;10135.0;0.0
av_COTTON_d0;30100;ASH_COATED_OSMIUM;9978;21;9976;25;;;9986;16;9988;20;;;9982.0;0.0
av_COTTON_d0;30100;INTARIAN_PEPPER_ROOT;10132;12;10130;17;;;10139;19;10141;21;;;10135.5;0.0
av_COTTON_d0;30200;ASH_COATED_OSMIUM;9979;14;9975;17;;;9985;20;9987;24;;;9982.0;0.0
av_COTTON_d0;30200;INTARIAN_PEPPER_ROOT;10125;16;10121;22;;;10144;18;10146;15;;;10134.5;0.0
av_COTTON_d0;30300;ASH_COATED_OSMIUM;9976;17;9974;25;;;9989;14;9993;17;;;9982.5;0.0
av_COTTON_d0;30300;INTARIAN_PEPPER_ROOT;10131;12;10128;14;;;10137;6;10141;20;;;10134.0;0.0
av_COTTON_d0;30400;ASH_COATED_OSMIUM;9973;11;9969;23;;;9989;10;9991;22;;;9981.0;0.0
av_COTTON_d0;30400;INTARIAN_PEPPER_ROOT;10127;7;10124;20;;;10142;16;10145;26;;;10134.5;0.0
av_COTTON_d0;30500;ASH_COATED_OSMIUM;9978;13;9976;23;;;9984;13;9987;25;;;9981.0;0.0
av_COTTON_d0;30500;INTARIAN_PEPPER_ROOT;10131;20;10127;18;;;10137;21;10140;19;;;10134.0;0.0
av_COTTON_d0;30600;ASH_COATED_OSMIUM;9979;17;9975;24;;;9985;13;9988;24;;;9982.0;0.0
av_COTTON_d0;30600;INTARIAN_PEPPER_ROOT;10122;6;10119;18;;;10145;14;10149;21;;;10133.5;0.0
av_COTTON_d0;30700;ASH_COATED_OSMIUM;9973;28;9969;18;;;9990;12;9992;19;;;9981.5;0.0
av_COTTON_d0;30700;INTARIAN_PEPPER_ROOT;10131;8;10128;8;;;10137;10;10141;17;;;10134.0;0.0
av_COTTON_d0;30800;ASH_COATED_OSMIUM;9977;22;9975;18;;;9986;13;9988;26;;;9981.5;0.0
av_COTTON_d0;30800;INTARIAN_PEPPER_ROOT;10130;7;10126;22;;;10137;17;10141;21;;;10133.5;0.0
av_COTTON_d0;30900;ASH_COATED_OSMIUM;9975;23;9972;16;;;9988;16;9991;20;;;9981.5;0.0
av_COTTON_d0;30900;INTARIAN_PEPPER_ROOT;10130;20;10126;21;;;10137;12;10139;27;;;10133.5;0.0
av_COTTON_d0;31000;ASH_COATED_OSMIUM;9974;19;9972;16;;;9991;12;9995;14;;;9982.5;0.0
av_COTTON_d0;31000;INTARIAN_PEPPER_ROOT;10130;6;10126;21;;;10136;20;10138;29;;;10133.0;0.0
av_COTTON_d0;31100;ASH_COATED_OSMIUM;9977;16;9973;26;;;9986;15;9989;17;;;9981.5;0.0
av_COTTON_d0;31100;INTARIAN_PEPPER_ROOT;10129;18;10125;24;;;10135;11;10137;16;;;10132.0;0.0
av_COTTON_d0;31200;ASH_COATED_OSMIUM;9980;15;9976;21;;;9986;17;9988;25;;;9983.0;0.0
av_COTTON_d0;31200;INTARIAN_PEPPER_ROOT;10129;5;10125;20;;;10135;16;10139;17;;;10132.0;0.0
av_COTTON_d0;31300;ASH_COATED_OSMIUM;9979;21;9975;25;;;9985;14;9987;29;;;9982.0;0.0
av_COTTON_d0;31300;INTARIAN_PEPPER_ROOT;10125;13;10121;13;;;10139;14;10143;18;;;10132.0;0.0
av_COTTON_d0;31400;ASH_COATED_OSMIUM;9974;18;9971;16;;;9991;5;9994;24;;;9982.5;0.0
av_COTTON_d0;31400;INTARIAN_PEPPER_ROOT;10128;11;10125;20;;;10134;12;10136;14;;;10131.0;0.0
av_COTTON_d0;31500;ASH_COATED_OSMIUM;9978;18;9974;22;;;9985;25;9987;15;;;9981.5;0.0
av_COTTON_d0;31500;INTARIAN_PEPPER_ROOT;10128;14;10125;20;;;10134;15;10137;19;;;10131.0;0.0
av_COTTON_d0;31600;ASH_COATED_OSMIUM;9978;8;9976;19;;;9986;18;9988;18;;;9982.0;0.0
av_COTTON_d0;31600;INTARIAN_PEPPER_ROOT;10128;10;10126;11;;;10134;14;10137;25;;;10131.0;0.0
av_COTTON_d0;31700;ASH_COATED_OSMIUM;9969;15;9967;19;;;9995;7;9997;15;;;9982.0;0.0
av_COTTON_d0;31700;INTARIAN_PEPPER_ROOT;10112;10;10109;9;;;10150;5;10153;15;;;10131.0;0.0
av_COTTON_d0;31800;ASH_COATED_OSMIUM;9971;18;9968;17;;;9993;11;9995;12;;;9982.0;0.0
av_COTTON_d0;31800;INTARIAN_PEPPER_ROOT;10128;8;10124;21;;;10134;13;10138;24;;;10131.0;0.0
av_COTTON_d0;31900;ASH_COATED_OSMIUM;9974;14;9970;21;;;9990;15;9994;9;;;9982.0;0.0
av_COTTON_d0;31900;INTARIAN_PEPPER_ROOT;10123;16;10119;17;;;10137;15;10139;22;;;10130.0;0.0
av_COTTON_d0;32000;ASH_COATED_OSMIUM;9975;19;9971;22;;;9990;23;9994;11;;;9982.5;0.0
av_COTTON_d0;32000;INTARIAN_PEPPER_ROOT;10128;10;10126;20;;;10134;20;10137;14;;;10131.0;0.0
av_COTTON_d0;32100;ASH_COATED_OSMIUM;9978;19;9976;19;;;9986;10;9989;14;;;9982.0;0.0
av_COTTON_d0;32100;INTARIAN_PEPPER_ROOT;10127;12;10124;15;;;10133;20;10137;24;;;10130.0;0.0
av_COTTON_d0;32200;ASH_COATED_OSMIUM;9979;11;9976;19;;;9985;6;9988;28;;;9982.0;0.0
av_COTTON_d0;32200;INTARIAN_PEPPER_ROOT;10121;12;10119;21;;;10139;5;10143;19;;;10130.0;0.0
av_COTTON_d0;32300;ASH_COATED_OSMIUM;9978;20;9974;21;;;9985;14;9988;22;;;9981.5;0.0
av_COTTON_d0;32300;INTARIAN_PEPPER_ROOT;10125;15;10123;22;;;10132;12;10136;18;;;10128.5;0.0
av_COTTON_d0;32400;ASH_COATED_OSMIUM;9979;16;9975;25;;;9985;18;9989;24;;;9982.0;0.0
av_COTTON_d0;32400;INTARIAN_PEPPER_ROOT;10126;21;10123;25;;;10132;9;10134;21;;;10129.0;0.0
av_COTTON_d0;32500;ASH_COATED_OSMIUM;9971;14;9968;21;;;9992;5;9995;16;;;9981.5;0.0
av_COTTON_d0;32500;INTARIAN_PEPPER_ROOT;10126;22;10123;18;;;10132;13;10135;17;;;10129.0;0.0
av_COTTON_d0;32600;ASH_COATED_OSMIUM;9978;20;9974;21;;;9986;16;9990;19;;;9982.0;0.0
av_COTTON_d0;32600;INTARIAN_PEPPER_ROOT;10124;21;10122;15;;;10133;15;10136;22;;;10128.5;0.0
av_COTTON_d0;32700;ASH_COATED_OSMIUM;9979;12;9977;23;;;9985;14;9989;22;;;9982.0;0.0
av_COTTON_d0;32700;INTARIAN_PEPPER_ROOT;10125;19;10122;16;;;10131;16;10134;14;;;10128.0;0.0
av_COTTON_d0;32800;ASH_COATED_OSMIUM;9979;9;9976;18;;;9985;17;9988;16;;;9982.0;0.0
av_COTTON_d0;32800;INTARIAN_PEPPER_ROOT;10125;19;10121;25;;;10131;18;10135;15;;;10128.0;0.0
av_COTTON_d0;32900;ASH_COATED_OSMIUM;9980;17;9976;15;;;9986;15;9988;22;;;9983.0;0.0
av_COTTON_d0;32900;INTARIAN_PEPPER_ROOT;10125;16;10122;30;;;10131;19;10133;10;;;10128.0;0.0
av_COTTON_d0;33000;ASH_COATED_OSMIUM;9979;9;9976;20;;;9986;10;9990;16;;;9982.5;0.0
av_COTTON_d0;33000;INTARIAN_PEPPER_ROOT;10123;11;10121;18;;;10129;19;10133;15;;;10126.0;0.0
av_COTTON_d0;33100;ASH_COATED_OSMIUM;9974;21;9972;24;;;9992;18;9996;14;;;9983.0;0.0
av_COTTON_d0;33100;INTARIAN_PEPPER_ROOT;10123;15;10121;19;;;10130;19;10133;26;;;10126.5;0.0
av_COTTON_d0;33200;ASH_COATED_OSMIUM;9979;18;9977;22;;;9985;13;9987;17;;;9982.0;0.0
av_COTTON_d0;33200;INTARIAN_PEPPER_ROOT;10120;20;10117;18;;;10134;15;10137;21;;;10127.0;0.0
av_COTTON_d0;33300;ASH_COATED_OSMIUM;9979;14;9975;26;;;9985;23;9988;23;;;9982.0;0.0
av_COTTON_d0;33300;INTARIAN_PEPPER_ROOT;10123;11;10119;20;;;10129;16;10133;29;;;10126.0;0.0
av_COTTON_d0;33400;ASH_COATED_OSMIUM;9970;9;9966;20;;;9995;18;9998;11;;;9982.5;0.0
av_COTTON_d0;33400;INTARIAN_PEPPER_ROOT;10123;13;10120;15;;;10129;16;10132;17;;;10126.0;0.0
av_COTTON_d0;33500;ASH_COATED_OSMIUM;9968;10;9966;23;;;9996;21;10000;20;;;9982.0;0.0
av_COTTON_d0;33500;INTARIAN_PEPPER_ROOT;10122;16;10120;15;;;10128;19;10132;15;;;10125.0;0.0
av_COTTON_d0;33600;ASH_COATED_OSMIUM;9963;5;9959;28;;;10001;5;10003;17;;;9982.0;0.0
av_COTTON_d0;33600;INTARIAN_PEPPER_ROOT;10117;12;10115;17;;;10134;11;10136;25;;;10125.5;0.0
av_COTTON_d0;33700;ASH_COATED_OSMIUM;9979;22;9976;13;;;9987;10;9989;22;;;9983.0;0.0
av_COTTON_d0;33700;INTARIAN_PEPPER_ROOT;10122;11;10119;22;;;10128;19;10131;19;;;10125.0;0.0
av_COTTON_d0;33800;ASH_COATED_OSMIUM;9979;20;9976;32;;;9985;15;9987;23;;;9982.0;0.0
av_COTTON_d0;33800;INTARIAN_PEPPER_ROOT;10122;5;10118;17;;;10128;22;10131;20;;;10125.0;0.0
av_COTTON_d0;33900;ASH_COATED_OSMIUM;9972;14;9969;28;;;9994;19;9998;17;;;9983.0;0.0
av_COTTON_d0;33900;INTARIAN_PEPPER_ROOT;10122;25;10119;26;;;10128;16;10130;20;;;10125.0;0.0
av_COTTON_d0;34000;ASH_COATED_OSMIUM;9979;17;9975;18;;;9985;10;9988;21;;;9982.0;0.0
av_COTTON_d0;34000;INTARIAN_PEPPER_ROOT;10122;12;10120;18;;;10130;16;10134;26;;;10126.0;0.0
av_COTTON_d0;34100;ASH_COATED_OSMIUM;9979;11;9977;16;;;9985;21;9987;14;;;9982.0;0.0
av_COTTON_d0;34100;INTARIAN_PEPPER_ROOT;10103;9;10101;17;;;10149;10;10151;24;;;10126.0;0.0
av_COTTON_d0;34200;ASH_COATED_OSMIUM;9980;18;9977;17;;;9986;19;9988;12;;;9983.0;0.0
av_COTTON_d0;34200;INTARIAN_PEPPER_ROOT;10121;13;10117;20;;;10133;5;10136;19;;;10127.0;0.0
av_COTTON_d0;34300;ASH_COATED_OSMIUM;9980;19;9976;21;;;9986;16;9989;22;;;9983.0;0.0
av_COTTON_d0;34300;INTARIAN_PEPPER_ROOT;10124;16;10121;16;;;10130;14;10134;20;;;10127.0;0.0
av_COTTON_d0;34400;ASH_COATED_OSMIUM;9980;13;9976;8;;;9986;17;9989;27;;;9983.0;0.0
av_COTTON_d0;34400;INTARIAN_PEPPER_ROOT;10126;18;10124;22;;;10132;22;10134;16;;;10129.0;0.0
av_COTTON_d0;34500;ASH_COATED_OSMIUM;9979;23;9976;25;;;9985;7;9988;18;;;9982.0;0.0
av_COTTON_d0;34500;INTARIAN_PEPPER_ROOT;10121;16;10118;25;;;10137;19;10140;28;;;10129.0;0.0
av_COTTON_d0;34600;ASH_COATED_OSMIUM;9979;7;9977;24;;;9986;10;9990;13;;;9982.5;0.0
av_COTTON_d0;34600;INTARIAN_PEPPER_ROOT;10127;14;10125;25;;;10133;19;10136;20;;;10130.0;0.0
av_COTTON_d0;34700;ASH_COATED_OSMIUM;9978;13;9976;17;;;9987;12;9990;22;;;9982.5;0.0
av_COTTON_d0;34700;INTARIAN_PEPPER_ROOT;10128;15;10125;10;;;10134;16;10136;15;;;10131.0;0.0
av_COTTON_d0;34800;ASH_COATED_OSMIUM;9979;16;9975;20;;;9985;20;9989;16;;;9982.0;0.0
av_COTTON_d0;34800;INTARIAN_PEPPER_ROOT;10129;22;10126;15;;;10135;11;10137;21;;;10132.0;0.0
av_COTTON_d0;34900;ASH_COATED_OSMIUM;9979;19;9977;23;;;9985;11;9988;18;;;9982.0;0.0
av_COTTON_d0;34900;INTARIAN_PEPPER_ROOT;10129;9;10125;17;;;10135;15;10138;17;;;10132.0;0.0
av_COTTON_d0;35000;ASH_COATED_OSMIUM;9979;16;9976;19;;;9985;9;9987;24;;;9982.0;0.0
av_COTTON_d0;35000;INTARIAN_PEPPER_ROOT;10130;21;10126;22;;;10136;15;10138;20;;;10133.0;0.0
av_COTTON_d0;35100;ASH_COATED_OSMIUM;9979;12;9975;16;;;9987;11;9990;20;;;9983.0;0.0
av_COTTON_d0;35100;INTARIAN_PEPPER_ROOT;10127;21;10125;17;;;10140;7;10143;29;;;10133.5;0.0
av_COTTON_d0;35200;ASH_COATED_OSMIUM;9978;12;9975;24;;;9987;15;9990;8;;;9982.5;0.0
av_COTTON_d0;35200;INTARIAN_PEPPER_ROOT;10131;14;10128;22;;;10137;20;10140;24;;;10134.0;0.0
av_COTTON_d0;35300;ASH_COATED_OSMIUM;9979;26;9977;25;;;9985;8;9988;17;;;9982.0;0.0
av_COTTON_d0;35300;INTARIAN_PEPPER_ROOT;10132;17;10128;26;;;10138;11;10142;23;;;10135.0;0.0
av_COTTON_d0;35400;ASH_COATED_OSMIUM;9972;10;9968;15;;;9992;18;9996;18;;;9982.0;0.0
av_COTTON_d0;35400;INTARIAN_PEPPER_ROOT;10133;5;10131;15;;;10139;15;10143;8;;;10136.0;0.0
av_COTTON_d0;35500;ASH_COATED_OSMIUM;9979;10;9976;17;;;9985;24;9987;15;;;9982.0;0.0
av_COTTON_d0;35500;INTARIAN_PEPPER_ROOT;10131;17;10128;20;;;10143;12;10147;21;;;10137.0;0.0
av_COTTON_d0;35600;ASH_COATED_OSMIUM;9975;16;9971;15;;;9989;20;9993;19;;;9982.0;0.0
av_COTTON_d0;35600;INTARIAN_PEPPER_ROOT;10135;15;10131;28;;;10141;14;10143;23;;;10138.0;0.0
av_COTTON_d0;35700;ASH_COATED_OSMIUM;9979;8;9975;20;;;9985;13;9989;14;;;9982.0;0.0
av_COTTON_d0;35700;INTARIAN_PEPPER_ROOT;10135;22;10131;14;;;10141;17;10143;24;;;10138.0;0.0
av_COTTON_d0;35800;ASH_COATED_OSMIUM;9979;13;9975;24;;;9985;20;9989;8;;;9982.0;0.0
av_COTTON_d0;35800;INTARIAN_PEPPER_ROOT;10136;12;10132;27;;;10142;21;10144;16;;;10139.0;0.0
av_COTTON_d0;35900;ASH_COATED_OSMIUM;9979;17;9975;20;;;9985;9;9989;19;;;9982.0;0.0
av_COTTON_d0;35900;INTARIAN_PEPPER_ROOT;10137;15;10133;13;;;10143;12;10147;15;;;10140.0;0.0
av_COTTON_d0;36000;ASH_COATED_OSMIUM;9976;13;9974;15;;;9987;20;9990;27;;;9981.5;0.0
av_COTTON_d0;36000;INTARIAN_PEPPER_ROOT;10137;23;10133;19;;;10143;17;10147;8;;;10140.0;0.0
av_COTTON_d0;36100;ASH_COATED_OSMIUM;9979;25;9977;22;;;9985;27;9988;18;;;9982.0;0.0
av_COTTON_d0;36100;INTARIAN_PEPPER_ROOT;10129;16;10126;16;;;10153;13;10155;28;;;10141.0;0.0
av_COTTON_d0;36200;ASH_COATED_OSMIUM;9979;17;9977;20;;;9985;16;9989;22;;;9982.0;0.0
av_COTTON_d0;36200;INTARIAN_PEPPER_ROOT;10139;13;10137;18;;;10145;15;10148;26;;;10142.0;0.0
av_COTTON_d0;36300;ASH_COATED_OSMIUM;9979;23;9975;19;;;9985;8;9988;14;;;9982.0;0.0
av_COTTON_d0;36300;INTARIAN_PEPPER_ROOT;10139;22;10137;21;;;10145;14;10148;23;;;10142.0;0.0
av_COTTON_d0;36400;ASH_COATED_OSMIUM;9973;13;9970;27;;;9993;18;9996;23;;;9983.0;0.0
av_COTTON_d0;36400;INTARIAN_PEPPER_ROOT;10141;16;10139;9;;;10147;12;10151;21;;;10144.0;0.0
av_COTTON_d0;36500;ASH_COATED_OSMIUM;9979;17;9975;21;;;9985;14;9987;27;;;9982.0;0.0
av_COTTON_d0;36500;INTARIAN_PEPPER_ROOT;10141;16;10137;18;;;10147;17;10151;21;;;10144.0;0.0
av_COTTON_d0;36600;ASH_COATED_OSMIUM;9979;11;9976;24;;;9985;16;9988;17;;;9982.0;0.0
av_COTTON_d0;36600;INTARIAN_PEPPER_ROOT;10131;17;10127;21;;;10157;25;10159;19;;;10144.0;0.0
av_COTTON_d0;36700;ASH_COATED_OSMIUM;9976;18;9972;14;;;9989;20;9992;27;;;9982.5;0.0
av_COTTON_d0;36700;INTARIAN_PEPPER_ROOT;10143;8;10140;14;;;10149;21;10151;19;;;10146.0;0.0
av_COTTON_d0;36800;ASH_COATED_OSMIUM;9979;5;9975;8;;;9985;8;9988;26;;;9982.0;0.0
av_COTTON_d0;36800;INTARIAN_PEPPER_ROOT;10143;13;10140;24;;;10150;15;10153;19;;;10146.5;0.0
av_COTTON_d0;36900;ASH_COATED_OSMIUM;9978;11;9976;15;;;9986;11;9989;27;;;9982.0;0.0
av_COTTON_d0;36900;INTARIAN_PEPPER_ROOT;10144;11;10141;14;;;10150;14;10153;16;;;10147.0;0.0
av_COTTON_d0;37000;ASH_COATED_OSMIUM;9980;14;9978;22;;;9986;6;9990;29;;;9983.0;0.0
av_COTTON_d0;37000;INTARIAN_PEPPER_ROOT;10140;19;10138;27;;;10155;8;10159;19;;;10147.5;0.0
av_COTTON_d0;37100;ASH_COATED_OSMIUM;9970;26;9967;27;;;9994;13;9996;20;;;9982.0;0.0
av_COTTON_d0;37100;INTARIAN_PEPPER_ROOT;10146;21;10143;18;;;10152;14;10155;22;;;10149.0;0.0
av_COTTON_d0;37200;ASH_COATED_OSMIUM;9975;15;9972;14;;;9989;26;9991;29;;;9982.0;0.0
av_COTTON_d0;37200;INTARIAN_PEPPER_ROOT;10147;22;10144;20;;;10153;7;10156;21;;;10150.0;0.0
av_COTTON_d0;37300;ASH_COATED_OSMIUM;9979;17;9975;32;;;9985;10;9989;16;;;9982.0;0.0
av_COTTON_d0;37300;INTARIAN_PEPPER_ROOT;10147;19;10144;13;;;10153;18;10155;33;;;10150.0;0.0
av_COTTON_d0;37400;ASH_COATED_OSMIUM;9979;29;9977;15;;;9985;5;9988;21;;;9982.0;0.0
av_COTTON_d0;37400;INTARIAN_PEPPER_ROOT;10145;6;10143;15;;;10156;12;10158;21;;;10150.5;0.0
av_COTTON_d0;37500;ASH_COATED_OSMIUM;9978;24;9975;24;;;9986;9;9989;15;;;9982.0;0.0
av_COTTON_d0;37500;INTARIAN_PEPPER_ROOT;10141;9;10138;22;;;10164;9;10168;14;;;10152.5;0.0
av_COTTON_d0;37600;ASH_COATED_OSMIUM;9978;12;9974;19;;;9987;9;9990;18;;;9982.5;0.0
av_COTTON_d0;37600;INTARIAN_PEPPER_ROOT;10146;18;10143;24;;;10159;16;10161;20;;;10152.5;0.0
av_COTTON_d0;37700;ASH_COATED_OSMIUM;9979;13;9976;23;;;9985;16;9987;25;;;9982.0;0.0
av_COTTON_d0;37700;INTARIAN_PEPPER_ROOT;10150;14;10146;25;;;10156;17;10160;17;;;10153.0;0.0
av_COTTON_d0;37800;ASH_COATED_OSMIUM;9979;10;9976;23;;;9985;12;9989;26;;;9982.0;0.0
av_COTTON_d0;37800;INTARIAN_PEPPER_ROOT;10148;14;10146;22;;;10160;11;10164;26;;;10154.0;0.0
av_COTTON_d0;37900;ASH_COATED_OSMIUM;9979;17;9977;22;;;9985;20;9987;24;;;9982.0;0.0
av_COTTON_d0;37900;INTARIAN_PEPPER_ROOT;10152;13;10150;20;;;10159;14;10161;24;;;10155.5;0.0
av_COTTON_d0;38000;ASH_COATED_OSMIUM;9979;17;9976;17;;;9985;11;9987;21;;;9982.0;0.0
av_COTTON_d0;38000;INTARIAN_PEPPER_ROOT;10153;13;10149;23;;;10159;19;10161;21;;;10156.0;0.0
av_COTTON_d0;38100;ASH_COATED_OSMIUM;9979;20;9975;17;;;9986;11;9989;22;;;9982.5;0.0
av_COTTON_d0;38100;INTARIAN_PEPPER_ROOT;10154;5;10152;25;;;10160;12;10163;15;;;10157.0;0.0
av_COTTON_d0;38200;ASH_COATED_OSMIUM;9979;22;9975;21;;;9985;14;9989;15;;;9982.0;0.0
av_COTTON_d0;38200;INTARIAN_PEPPER_ROOT;10154;11;10150;19;;;10160;21;10163;16;;;10157.0;0.0
av_COTTON_d0;38300;ASH_COATED_OSMIUM;9979;14;9977;15;;;9985;16;9987;17;;;9982.0;0.0
av_COTTON_d0;38300;INTARIAN_PEPPER_ROOT;10155;11;10153;27;;;10161;6;10163;24;;;10158.0;0.0
av_COTTON_d0;38400;ASH_COATED_OSMIUM;9979;9;9975;29;;;9985;14;9989;11;;;9982.0;0.0
av_COTTON_d0;38400;INTARIAN_PEPPER_ROOT;10155;25;10153;21;;;10161;13;10164;29;;;10158.0;0.0
av_COTTON_d0;38500;ASH_COATED_OSMIUM;9979;13;9975;20;;;9985;10;9988;27;;;9982.0;0.0
av_COTTON_d0;38500;INTARIAN_PEPPER_ROOT;10156;11;10153;20;;;10162;22;10166;27;;;10159.0;0.0
av_COTTON_d0;38600;ASH_COATED_OSMIUM;9979;20;9976;20;;;9985;11;9987;15;;;9982.0;0.0
av_COTTON_d0;38600;INTARIAN_PEPPER_ROOT;10143;9;10139;29;;;10177;14;10181;9;;;10160.0;0.0
av_COTTON_d0;38700;ASH_COATED_OSMIUM;9979;15;9977;15;;;9985;25;9989;21;;;9982.0;0.0
av_COTTON_d0;38700;INTARIAN_PEPPER_ROOT;10158;12;10154;18;;;10164;15;10166;13;;;10161.0;0.0
av_COTTON_d0;38800;ASH_COATED_OSMIUM;9979;16;9977;20;;;9985;23;9988;23;;;9982.0;0.0
av_COTTON_d0;38800;INTARIAN_PEPPER_ROOT;10158;10;10154;24;;;10164;5;10166;21;;;10161.0;0.0
av_COTTON_d0;38900;ASH_COATED_OSMIUM;9979;19;9975;23;;;9985;13;9988;23;;;9982.0;0.0
av_COTTON_d0;38900;INTARIAN_PEPPER_ROOT;10160;21;10156;24;;;10166;15;10169;15;;;10163.0;0.0
av_COTTON_d0;39000;ASH_COATED_OSMIUM;9979;15;9977;18;;;9985;14;9989;21;;;9982.0;0.0
av_COTTON_d0;39000;INTARIAN_PEPPER_ROOT;10160;16;10157;16;;;10166;20;10168;22;;;10163.0;0.0
av_COTTON_d0;39100;ASH_COATED_OSMIUM;9979;13;9975;27;;;9985;9;9988;25;;;9982.0;0.0
av_COTTON_d0;39100;INTARIAN_PEPPER_ROOT;10158;22;10154;16;;;10169;17;10173;13;;;10163.5;0.0
av_COTTON_d0;39200;ASH_COATED_OSMIUM;9979;12;9977;29;;;9985;16;9989;27;;;9982.0;0.0
av_COTTON_d0;39200;INTARIAN_PEPPER_ROOT;10161;23;10157;21;;;10167;19;10171;29;;;10164.0;0.0
av_COTTON_d0;39300;ASH_COATED_OSMIUM;9975;19;9973;19;;;9988;19;9992;8;;;9981.5;0.0
av_COTTON_d0;39300;INTARIAN_PEPPER_ROOT;10152;20;10149;30;;;10179;14;10181;18;;;10165.5;0.0
av_COTTON_d0;39400;ASH_COATED_OSMIUM;9976;14;9973;29;;;9987;21;9990;26;;;9981.5;0.0
av_COTTON_d0;39400;INTARIAN_PEPPER_ROOT;10163;12;10161;28;;;10169;14;10173;12;;;10166.0;0.0
av_COTTON_d0;39500;ASH_COATED_OSMIUM;9978;10;9974;17;;;9984;10;9988;28;;;9981.0;0.0
av_COTTON_d0;39500;INTARIAN_PEPPER_ROOT;10163;20;10159;25;;;10169;17;10172;26;;;10166.0;0.0
av_COTTON_d0;39600;ASH_COATED_OSMIUM;9979;11;9976;20;;;9985;8;9987;28;;;9982.0;0.0
av_COTTON_d0;39600;INTARIAN_PEPPER_ROOT;10164;21;10162;19;;;10170;14;10173;14;;;10167.0;0.0
av_COTTON_d0;39700;ASH_COATED_OSMIUM;9979;6;9976;24;;;9985;15;9987;16;;;9982.0;0.0
av_COTTON_d0;39700;INTARIAN_PEPPER_ROOT;10163;12;10159;16;;;10172;13;10174;14;;;10167.5;0.0
av_COTTON_d0;39800;ASH_COATED_OSMIUM;9978;8;9976;25;;;9984;13;9987;20;;;9981.0;0.0
av_COTTON_d0;39800;INTARIAN_PEPPER_ROOT;10166;15;10164;15;;;10172;24;10174;22;;;10169.0;0.0
av_COTTON_d0;39900;ASH_COATED_OSMIUM;9977;5;9974;21;;;9986;15;9989;18;;;9981.5;0.0
av_COTTON_d0;39900;INTARIAN_PEPPER_ROOT;10167;17;10163;27;;;10173;16;10176;21;;;10170.0;0.0
av_COTTON_d0;40000;ASH_COATED_OSMIUM;9978;15;9974;13;;;9984;21;9987;15;;;9981.0;0.0
av_COTTON_d0;40000;INTARIAN_PEPPER_ROOT;10166;18;10162;17;;;10172;15;10176;18;;;10169.0;0.0
av_COTTON_d0;40100;ASH_COATED_OSMIUM;9979;11;9975;20;;;9985;15;9987;30;;;9982.0;0.0
av_COTTON_d0;40100;INTARIAN_PEPPER_ROOT;10168;18;10165;25;;;10174;19;10177;19;;;10171.0;0.0
av_COTTON_d0;40200;ASH_COATED_OSMIUM;9979;17;9977;23;;;9985;13;9988;19;;;9982.0;0.0
av_COTTON_d0;40200;INTARIAN_PEPPER_ROOT;10169;21;10166;16;;;10175;6;10179;22;;;10172.0;0.0
av_COTTON_d0;40300;ASH_COATED_OSMIUM;9978;16;9975;17;;;9985;19;9989;13;;;9981.5;0.0
av_COTTON_d0;40300;INTARIAN_PEPPER_ROOT;10165;21;10161;15;;;10179;14;10181;13;;;10172.0;0.0
av_COTTON_d0;40400;ASH_COATED_OSMIUM;9978;12;9975;25;;;9987;27;9989;12;;;9982.5;0.0
av_COTTON_d0;40400;INTARIAN_PEPPER_ROOT;10170;27;10167;18;;;10176;15;10180;28;;;10173.0;0.0
av_COTTON_d0;40500;ASH_COATED_OSMIUM;9978;15;9975;16;;;9985;25;9988;21;;;9981.5;0.0
av_COTTON_d0;40500;INTARIAN_PEPPER_ROOT;10170;15;10166;21;;;10178;14;10181;26;;;10174.0;0.0
av_COTTON_d0;40600;ASH_COATED_OSMIUM;9979;10;9977;24;;;9985;14;9988;18;;;9982.0;0.0
av_COTTON_d0;40600;INTARIAN_PEPPER_ROOT;10172;11;10169;17;;;10178;9;10180;27;;;10175.0;0.0
av_COTTON_d0;40700;ASH_COATED_OSMIUM;9979;13;9975;23;;;9985;13;9989;20;;;9982.0;0.0
av_COTTON_d0;40700;INTARIAN_PEPPER_ROOT;10168;15;10165;23;;;10183;16;10185;25;;;10175.5;0.0
av_COTTON_d0;40800;ASH_COATED_OSMIUM;9976;18;9972;21;;;9986;11;9989;14;;;9981.0;0.0
av_COTTON_d0;40800;INTARIAN_PEPPER_ROOT;10159;20;10157;21;;;10193;17;10197;28;;;10176.0;0.0
av_COTTON_d0;40900;ASH_COATED_OSMIUM;9977;13;9973;17;;;9986;7;9990;20;;;9981.5;0.0
av_COTTON_d0;40900;INTARIAN_PEPPER_ROOT;10171;13;10169;24;;;10183;12;10187;22;;;10177.0;0.0
av_COTTON_d0;41000;ASH_COATED_OSMIUM;9977;10;9975;15;;;9987;17;9991;20;;;9982.0;0.0
av_COTTON_d0;41000;INTARIAN_PEPPER_ROOT;10171;14;10168;23;;;10185;7;10187;26;;;10178.0;0.0
av_COTTON_d0;41100;ASH_COATED_OSMIUM;9979;16;9976;13;;;9985;20;9989;8;;;9982.0;0.0
av_COTTON_d0;41100;INTARIAN_PEPPER_ROOT;10175;17;10171;19;;;10182;10;10186;29;;;10178.5;0.0
av_COTTON_d0;41200;ASH_COATED_OSMIUM;9971;9;9968;17;;;9992;24;9995;18;;;9981.5;0.0
av_COTTON_d0;41200;INTARIAN_PEPPER_ROOT;10172;12;10170;12;;;10186;13;10188;26;;;10179.0;0.0
av_COTTON_d0;41300;ASH_COATED_OSMIUM;9975;13;9972;21;;;9989;18;9993;19;;;9982.0;0.0
av_COTTON_d0;41300;INTARIAN_PEPPER_ROOT;10173;10;10170;12;;;10187;18;10191;21;;;10180.0;0.0
av_COTTON_d0;41400;ASH_COATED_OSMIUM;9978;12;9975;20;;;9984;16;9986;22;;;9981.0;0.0
av_COTTON_d0;41400;INTARIAN_PEPPER_ROOT;10178;12;10176;16;;;10184;14;10187;17;;;10181.0;0.0
av_COTTON_d0;41500;ASH_COATED_OSMIUM;9979;9;9977;21;;;9985;7;9988;25;;;9982.0;0.0
av_COTTON_d0;41500;INTARIAN_PEPPER_ROOT;10178;13;10175;15;;;10184;15;10186;20;;;10181.0;0.0
av_COTTON_d0;41600;ASH_COATED_OSMIUM;9978;13;9976;24;;;9984;5;9988;18;;;9981.0;0.0
av_COTTON_d0;41600;INTARIAN_PEPPER_ROOT;10180;8;10177;16;;;10186;9;10189;25;;;10183.0;0.0
av_COTTON_d0;41700;ASH_COATED_OSMIUM;9975;13;9973;24;;;9986;9;9988;24;;;9980.5;0.0
av_COTTON_d0;41700;INTARIAN_PEPPER_ROOT;10164;12;10162;20;;;10201;9;10203;19;;;10182.5;0.0
av_COTTON_d0;41800;ASH_COATED_OSMIUM;9978;12;9976;29;;;9984;16;9986;24;;;9981.0;0.0
av_COTTON_d0;41800;INTARIAN_PEPPER_ROOT;10180;22;10178;13;;;10186;8;10190;19;;;10183.0;0.0
av_COTTON_d0;41900;ASH_COATED_OSMIUM;9966;5;9964;12;;;9996;18;9999;14;;;9981.0;0.0
av_COTTON_d0;41900;INTARIAN_PEPPER_ROOT;10182;10;10179;20;;;10188;14;10192;19;;;10185.0;0.0
av_COTTON_d0;42000;ASH_COATED_OSMIUM;9978;21;9974;21;;;9986;22;9988;14;;;9982.0;0.0
av_COTTON_d0;42000;INTARIAN_PEPPER_ROOT;10182;7;10180;23;;;10188;18;10191;17;;;10185.0;0.0
av_COTTON_d0;42100;ASH_COATED_OSMIUM;9978;10;9975;22;;;9984;19;9987;17;;;9981.0;0.0
av_COTTON_d0;42100;INTARIAN_PEPPER_ROOT;10181;9;10178;18;;;10190;20;10192;19;;;10185.5;0.0
av_COTTON_d0;42200;ASH_COATED_OSMIUM;9978;18;9975;13;;;9984;15;9986;27;;;9981.0;0.0
av_COTTON_d0;42200;INTARIAN_PEPPER_ROOT;10184;19;10181;17;;;10190;16;10194;21;;;10187.0;0.0
av_COTTON_d0;42300;ASH_COATED_OSMIUM;9971;15;9967;22;;;9992;7;9994;22;;;9981.5;0.0
av_COTTON_d0;42300;INTARIAN_PEPPER_ROOT;10184;17;10182;21;;;10190;16;10193;19;;;10187.0;0.0
av_COTTON_d0;42400;ASH_COATED_OSMIUM;9978;15;9976;11;;;9984;12;9988;18;;;9981.0;0.0
av_COTTON_d0;42400;INTARIAN_PEPPER_ROOT;10182;16;10180;14;;;10194;27;10197;13;;;10188.0;0.0
av_COTTON_d0;42500;ASH_COATED_OSMIUM;9973;14;9971;18;;;9990;7;9992;21;;;9981.5;0.0
av_COTTON_d0;42500;INTARIAN_PEPPER_ROOT;10186;19;10182;25;;;10192;11;10194;21;;;10189.0;0.0
av_COTTON_d0;42600;ASH_COATED_OSMIUM;9978;13;9974;18;;;9984;17;9988;17;;;9981.0;0.0
av_COTTON_d0;42600;INTARIAN_PEPPER_ROOT;10187;18;10185;20;;;10193;13;10195;21;;;10190.0;0.0
av_COTTON_d0;42700;ASH_COATED_OSMIUM;9978;5;9974;20;;;9984;20;9988;23;;;9981.0;0.0
av_COTTON_d0;42700;INTARIAN_PEPPER_ROOT;10181;17;10178;20;;;10199;10;10203;26;;;10190.0;0.0
av_COTTON_d0;42800;ASH_COATED_OSMIUM;9978;24;9974;27;;;9984;10;9987;21;;;9981.0;0.0
av_COTTON_d0;42800;INTARIAN_PEPPER_ROOT;10188;11;10184;32;;;10194;5;10197;23;;;10191.0;0.0
av_COTTON_d0;42900;ASH_COATED_OSMIUM;9978;8;9974;14;;;9984;13;9986;32;;;9981.0;0.0
av_COTTON_d0;42900;INTARIAN_PEPPER_ROOT;10189;12;10186;22;;;10195;10;10197;13;;;10192.0;0.0
av_COTTON_d0;43000;ASH_COATED_OSMIUM;9978;13;9976;25;;;9984;25;9988;19;;;9981.0;0.0
av_COTTON_d0;43000;INTARIAN_PEPPER_ROOT;10187;21;10183;26;;;10197;13;10199;22;;;10192.0;0.0
av_COTTON_d0;43100;ASH_COATED_OSMIUM;9975;25;9972;18;;;9986;10;9988;17;;;9980.5;0.0
av_COTTON_d0;43100;INTARIAN_PEPPER_ROOT;10185;19;10183;21;;;10203;25;10206;22;;;10194.0;0.0
av_COTTON_d0;43200;ASH_COATED_OSMIUM;9978;6;9974;20;;;9984;5;9988;16;;;9981.0;0.0
av_COTTON_d0;43200;INTARIAN_PEPPER_ROOT;10191;17;10187;25;;;10197;7;10199;11;;;10194.0;0.0
av_COTTON_d0;43300;ASH_COATED_OSMIUM;9973;15;9971;23;;;9988;14;9991;22;;;9980.5;0.0
av_COTTON_d0;43300;INTARIAN_PEPPER_ROOT;10192;10;10189;13;;;10198;15;10202;20;;;10195.0;0.0
av_COTTON_d0;43400;ASH_COATED_OSMIUM;9974;9;9972;11;;;9989;14;9993;18;;;9981.5;0.0
av_COTTON_d0;43400;INTARIAN_PEPPER_ROOT;10186;8;10183;13;;;10206;12;10210;25;;;10196.0;0.0
av_COTTON_d0;43500;ASH_COATED_OSMIUM;9978;13;9976;19;;;9984;5;9987;20;;;9981.0;0.0
av_COTTON_d0;43500;INTARIAN_PEPPER_ROOT;10193;14;10189;26;;;10199;18;10201;23;;;10196.0;0.0
av_COTTON_d0;43600;ASH_COATED_OSMIUM;9979;10;9975;25;;;9985;15;9989;24;;;9982.0;0.0
av_COTTON_d0;43600;INTARIAN_PEPPER_ROOT;10194;12;10191;21;;;10200;18;10203;22;;;10197.0;0.0
av_COTTON_d0;43700;ASH_COATED_OSMIUM;9970;13;9968;18;;;9991;17;9995;22;;;9980.5;0.0
av_COTTON_d0;43700;INTARIAN_PEPPER_ROOT;10194;18;10192;21;;;10201;15;10203;21;;;10197.5;0.0
av_COTTON_d0;43800;ASH_COATED_OSMIUM;9978;9;9975;17;;;9984;13;9988;29;;;9981.0;0.0
av_COTTON_d0;43800;INTARIAN_PEPPER_ROOT;10191;9;10188;24;;;10206;12;10210;23;;;10198.5;0.0
av_COTTON_d0;43900;ASH_COATED_OSMIUM;9969;6;9966;19;;;9994;15;9997;23;;;9981.5;0.0
av_COTTON_d0;43900;INTARIAN_PEPPER_ROOT;10196;23;10194;34;;;10202;14;10205;16;;;10199.0;0.0
av_COTTON_d0;44000;ASH_COATED_OSMIUM;9977;16;9974;22;;;9983;24;9987;25;;;9980.0;0.0
av_COTTON_d0;44000;INTARIAN_PEPPER_ROOT;10197;24;10193;20;;;10203;11;10206;17;;;10200.0;0.0
av_COTTON_d0;44100;ASH_COATED_OSMIUM;9969;10;9967;20;;;9993;18;9995;14;;;9981.0;0.0
av_COTTON_d0;44100;INTARIAN_PEPPER_ROOT;10198;28;10195;24;;;10204;15;10206;24;;;10201.0;0.0
av_COTTON_d0;44200;ASH_COATED_OSMIUM;9967;23;9963;24;;;9995;8;9998;23;;;9981.0;0.0
av_COTTON_d0;44200;INTARIAN_PEPPER_ROOT;10199;15;10195;15;;;10205;19;10208;21;;;10202.0;0.0
av_COTTON_d0;44300;ASH_COATED_OSMIUM;9978;13;9974;25;;;9984;12;9986;21;;;9981.0;0.0
av_COTTON_d0;44300;INTARIAN_PEPPER_ROOT;10197;6;10195;18;;;10209;17;10212;16;;;10203.0;0.0
av_COTTON_d0;44400;ASH_COATED_OSMIUM;9975;17;9973;25;;;9987;16;9991;27;;;9981.0;0.0
av_COTTON_d0;44400;INTARIAN_PEPPER_ROOT;10200;10;10197;28;;;10206;14;10208;19;;;10203.0;0.0
av_COTTON_d0;44500;ASH_COATED_OSMIUM;9978;16;9974;20;;;9984;18;9988;10;;;9981.0;0.0
av_COTTON_d0;44500;INTARIAN_PEPPER_ROOT;10197;18;10195;19;;;10210;10;10214;11;;;10203.5;0.0
av_COTTON_d0;44600;ASH_COATED_OSMIUM;9970;14;9966;29;;;9992;26;9996;22;;;9981.0;0.0
av_COTTON_d0;44600;INTARIAN_PEPPER_ROOT;10201;15;10199;23;;;10207;21;10211;28;;;10204.0;0.0
av_COTTON_d0;44700;ASH_COATED_OSMIUM;9972;21;9970;29;;;9990;5;9993;9;;;9981.0;0.0
av_COTTON_d0;44700;INTARIAN_PEPPER_ROOT;10202;14;10200;12;;;10208;14;10212;11;;;10205.0;0.0
av_COTTON_d0;44800;ASH_COATED_OSMIUM;9978;13;9976;27;;;9984;13;9988;22;;;9981.0;0.0
av_COTTON_d0;44800;INTARIAN_PEPPER_ROOT;10204;18;10201;33;;;10210;10;10213;20;;;10207.0;0.0
av_COTTON_d0;44900;ASH_COATED_OSMIUM;9978;21;9975;20;;;9985;16;9989;19;;;9981.5;0.0
av_COTTON_d0;44900;INTARIAN_PEPPER_ROOT;10204;8;10202;20;;;10210;25;10212;15;;;10207.0;0.0
av_COTTON_d0;45000;ASH_COATED_OSMIUM;9978;19;9974;22;;;9984;17;9987;19;;;9981.0;0.0
av_COTTON_d0;45000;INTARIAN_PEPPER_ROOT;10201;15;10197;22;;;10214;18;10217;16;;;10207.5;0.0
av_COTTON_d0;45100;ASH_COATED_OSMIUM;9977;13;9974;13;;;9984;24;9987;26;;;9980.5;0.0
av_COTTON_d0;45100;INTARIAN_PEPPER_ROOT;10205;17;10202;14;;;10212;19;10215;16;;;10208.5;0.0
av_COTTON_d0;45200;ASH_COATED_OSMIUM;9978;15;9975;23;;;9984;19;9987;11;;;9981.0;0.0
av_COTTON_d0;45200;INTARIAN_PEPPER_ROOT;10206;24;10203;17;;;10212;19;10215;27;;;10209.0;0.0
av_COTTON_d0;45300;ASH_COATED_OSMIUM;9964;20;9960;21;;;9998;16;10000;18;;;9981.0;0.0
av_COTTON_d0;45300;INTARIAN_PEPPER_ROOT;10207;10;10203;25;;;10214;11;10217;15;;;10210.5;0.0
av_COTTON_d0;45400;ASH_COATED_OSMIUM;9978;13;9974;18;;;9984;14;9987;17;;;9981.0;0.0
av_COTTON_d0;45400;INTARIAN_PEPPER_ROOT;10207;21;10203;21;;;10213;5;10217;18;;;10210.0;0.0
av_COTTON_d0;45500;ASH_COATED_OSMIUM;9977;11;9975;17;;;9984;14;9988;22;;;9980.5;0.0
av_COTTON_d0;45500;INTARIAN_PEPPER_ROOT;10208;9;10204;14;;;10214;17;10218;25;;;10211.0;0.0
av_COTTON_d0;45600;ASH_COATED_OSMIUM;9977;13;9975;17;;;9983;13;9985;13;;;9980.0;0.0
av_COTTON_d0;45600;INTARIAN_PEPPER_ROOT;10205;7;10203;15;;;10219;22;10221;28;;;10212.0;0.0
av_COTTON_d0;45700;ASH_COATED_OSMIUM;9978;11;9974;34;;;9984;13;9987;11;;;9981.0;0.0
av_COTTON_d0;45700;INTARIAN_PEPPER_ROOT;10210;10;10208;20;;;10216;16;10218;10;;;10213.0;0.0
av_COTTON_d0;45800;ASH_COATED_OSMIUM;9977;13;9974;28;;;9983;17;9985;28;;;9980.0;0.0
av_COTTON_d0;45800;INTARIAN_PEPPER_ROOT;10208;24;10205;13;;;10218;13;10221;20;;;10213.0;0.0
av_COTTON_d0;45900;ASH_COATED_OSMIUM;9977;14;9974;30;;;9984;14;9987;11;;;9980.5;0.0
av_COTTON_d0;45900;INTARIAN_PEPPER_ROOT;10210;19;10207;22;;;10219;21;10222;15;;;10214.5;0.0
av_COTTON_d0;46000;ASH_COATED_OSMIUM;9978;17;9974;28;;;9984;14;9986;20;;;9981.0;0.0
av_COTTON_d0;46000;INTARIAN_PEPPER_ROOT;10212;22;10209;17;;;10218;22;10221;18;;;10215.0;0.0
av_COTTON_d0;46100;ASH_COATED_OSMIUM;9978;21;9976;22;;;9985;13;9988;13;;;9981.5;0.0
av_COTTON_d0;46100;INTARIAN_PEPPER_ROOT;10212;14;10210;18;;;10218;17;10222;27;;;10215.0;0.0
av_COTTON_d0;46200;ASH_COATED_OSMIUM;9978;9;9976;21;;;9984;13;9987;21;;;9981.0;0.0
av_COTTON_d0;46200;INTARIAN_PEPPER_ROOT;10208;13;10204;26;;;10226;16;10228;22;;;10217.0;0.0
av_COTTON_d0;46300;ASH_COATED_OSMIUM;9977;5;9974;19;;;9985;14;9989;21;;;9981.0;0.0
av_COTTON_d0;46300;INTARIAN_PEPPER_ROOT;10214;25;10212;19;;;10220;12;10224;23;;;10217.0;0.0
av_COTTON_d0;46400;ASH_COATED_OSMIUM;9978;11;9976;16;;;9984;12;9986;13;;;9981.0;0.0
av_COTTON_d0;46400;INTARIAN_PEPPER_ROOT;10206;7;10203;18;;;10230;11;10232;21;;;10218.0;0.0
av_COTTON_d0;46500;ASH_COATED_OSMIUM;9977;14;9975;11;;;9983;18;9986;19;;;9980.0;0.0
av_COTTON_d0;46500;INTARIAN_PEPPER_ROOT;10216;12;10212;20;;;10223;15;10225;25;;;10219.5;0.0
av_COTTON_d0;46600;ASH_COATED_OSMIUM;9976;15;9973;18;;;9986;8;9989;16;;;9981.0;0.0
av_COTTON_d0;46600;INTARIAN_PEPPER_ROOT;10216;15;10212;27;;;10222;14;10226;21;;;10219.0;0.0
av_COTTON_d0;46700;ASH_COATED_OSMIUM;9976;21;9974;20;;;9986;18;9988;24;;;9981.0;0.0
av_COTTON_d0;46700;INTARIAN_PEPPER_ROOT;10216;13;10214;21;;;10223;20;10226;21;;;10219.5;0.0
av_COTTON_d0;46800;ASH_COATED_OSMIUM;9973;11;9970;29;;;9989;14;9993;25;;;9981.0;0.0
av_COTTON_d0;46800;INTARIAN_PEPPER_ROOT;10218;9;10216;22;;;10224;18;10228;14;;;10221.0;0.0
av_COTTON_d0;46900;ASH_COATED_OSMIUM;9978;7;9976;20;;;9984;17;9988;35;;;9981.0;0.0
av_COTTON_d0;46900;INTARIAN_PEPPER_ROOT;10211;23;10207;25;;;10233;17;10235;17;;;10222.0;0.0
av_COTTON_d0;47000;ASH_COATED_OSMIUM;9977;9;9974;23;;;9983;15;9985;22;;;9980.0;0.0
av_COTTON_d0;47000;INTARIAN_PEPPER_ROOT;10219;21;10216;14;;;10225;17;10229;12;;;10222.0;0.0
av_COTTON_d0;47100;ASH_COATED_OSMIUM;9978;20;9975;17;;;9984;19;9987;28;;;9981.0;0.0
av_COTTON_d0;47100;INTARIAN_PEPPER_ROOT;10221;9;10218;9;;;10227;22;10230;18;;;10224.0;0.0
av_COTTON_d0;47200;ASH_COATED_OSMIUM;9977;17;9974;15;;;9983;24;9985;25;;;9980.0;0.0
av_COTTON_d0;47200;INTARIAN_PEPPER_ROOT;10221;11;10219;21;;;10227;11;10231;21;;;10224.0;0.0
av_COTTON_d0;47300;ASH_COATED_OSMIUM;9977;11;9974;21;;;9983;9;9987;28;;;9980.0;0.0
av_COTTON_d0;47300;INTARIAN_PEPPER_ROOT;10222;12;10219;19;;;10228;13;10231;19;;;10225.0;0.0
av_COTTON_d0;47400;ASH_COATED_OSMIUM;9977;12;9973;18;;;9983;14;9987;27;;;9980.0;0.0
av_COTTON_d0;47400;INTARIAN_PEPPER_ROOT;10221;10;10217;29;;;10230;10;10232;16;;;10225.5;0.0
av_COTTON_d0;47500;ASH_COATED_OSMIUM;9978;19;9976;18;;;9984;9;9987;24;;;9981.0;0.0
av_COTTON_d0;47500;INTARIAN_PEPPER_ROOT;10219;13;10217;17;;;10234;14;10238;15;;;10226.5;0.0
av_COTTON_d0;47600;ASH_COATED_OSMIUM;9978;13;9975;25;;;9984;18;9987;26;;;9981.0;0.0
av_COTTON_d0;47600;INTARIAN_PEPPER_ROOT;10223;15;10219;20;;;10229;12;10233;24;;;10226.0;0.0
av_COTTON_d0;47700;ASH_COATED_OSMIUM;9977;17;9973;14;;;9984;20;9988;19;;;9980.5;0.0
av_COTTON_d0;47700;INTARIAN_PEPPER_ROOT;10221;17;10217;21;;;10234;21;10238;9;;;10227.5;0.0
av_COTTON_d0;47800;ASH_COATED_OSMIUM;9977;5;9975;14;;;9983;18;9985;17;;;9980.0;0.0
av_COTTON_d0;47800;INTARIAN_PEPPER_ROOT;10224;17;10220;12;;;10232;23;10236;13;;;10228.0;0.0
av_COTTON_d0;47900;ASH_COATED_OSMIUM;9976;10;9972;14;;;9985;6;9989;17;;;9980.5;0.0
av_COTTON_d0;47900;INTARIAN_PEPPER_ROOT;10219;14;10215;19;;;10239;17;10242;21;;;10229.0;0.0
av_COTTON_d0;48000;ASH_COATED_OSMIUM;9975;17;9971;24;;;9988;20;9991;23;;;9981.5;0.0
av_COTTON_d0;48000;INTARIAN_PEPPER_ROOT;10227;10;10225;27;;;10233;18;10237;21;;;10230.0;0.0
av_COTTON_d0;48100;ASH_COATED_OSMIUM;9978;16;9974;15;;;9984;28;9988;18;;;9981.0;0.0
av_COTTON_d0;48100;INTARIAN_PEPPER_ROOT;10228;8;10226;24;;;10234;11;10238;19;;;10231.0;0.0
av_COTTON_d0;48200;ASH_COATED_OSMIUM;9977;19;9974;24;;;9983;20;9985;19;;;9980.0;0.0
av_COTTON_d0;48200;INTARIAN_PEPPER_ROOT;10226;22;10222;28;;;10237;16;10241;17;;;10231.5;0.0
av_COTTON_d0;48300;ASH_COATED_OSMIUM;9976;13;9972;23;;;9986;17;9989;15;;;9981.0;0.0
av_COTTON_d0;48300;INTARIAN_PEPPER_ROOT;10229;16;10226;31;;;10235;16;10239;15;;;10232.0;0.0
av_COTTON_d0;48400;ASH_COATED_OSMIUM;9974;10;9970;19;;;9987;10;9990;17;;;9980.5;0.0
av_COTTON_d0;48400;INTARIAN_PEPPER_ROOT;10230;14;10228;14;;;10236;16;10238;9;;;10233.0;0.0
av_COTTON_d0;48500;ASH_COATED_OSMIUM;9977;13;9974;27;;;9983;9;9986;22;;;9980.0;0.0
av_COTTON_d0;48500;INTARIAN_PEPPER_ROOT;10231;14;10229;16;;;10237;18;10239;20;;;10234.0;0.0
av_COTTON_d0;48600;ASH_COATED_OSMIUM;9972;17;9969;18;;;9988;13;9991;18;;;9980.0;0.0
av_COTTON_d0;48600;INTARIAN_PEPPER_ROOT;10231;19;10228;18;;;10238;16;10240;21;;;10234.5;0.0
av_COTTON_d0;48700;ASH_COATED_OSMIUM;9977;13;9974;20;;;9984;10;9987;17;;;9980.5;0.0
av_COTTON_d0;48700;INTARIAN_PEPPER_ROOT;10232;16;10229;17;;;10238;25;10242;19;;;10235.0;0.0
av_COTTON_d0;48800;ASH_COATED_OSMIUM;9978;21;9976;23;;;9984;21;9986;22;;;9981.0;0.0
av_COTTON_d0;48800;INTARIAN_PEPPER_ROOT;10231;23;10228;16;;;10241;9;10244;19;;;10236.0;0.0
av_COTTON_d0;48900;ASH_COATED_OSMIUM;9977;15;9974;10;;;9983;14;9987;16;;;9980.0;0.0
av_COTTON_d0;48900;INTARIAN_PEPPER_ROOT;10234;24;10232;17;;;10240;16;10242;20;;;10237.0;0.0
av_COTTON_d0;49000;ASH_COATED_OSMIUM;9978;12;9975;16;;;9984;15;9986;28;;;9981.0;0.0
av_COTTON_d0;49000;INTARIAN_PEPPER_ROOT;10228;15;10224;18;;;10246;9;10250;16;;;10237.0;0.0
av_COTTON_d0;49100;ASH_COATED_OSMIUM;9977;8;9975;28;;;9983;11;9987;15;;;9980.0;0.0
av_COTTON_d0;49100;INTARIAN_PEPPER_ROOT;10235;21;10232;14;;;10241;18;10244;35;;;10238.0;0.0
av_COTTON_d0;49200;ASH_COATED_OSMIUM;9976;18;9974;31;;;9986;10;9989;22;;;9981.0;0.0
av_COTTON_d0;49200;INTARIAN_PEPPER_ROOT;10235;9;10232;12;;;10241;5;10245;15;;;10238.0;0.0
av_COTTON_d0;49300;ASH_COATED_OSMIUM;9975;19;9972;26;;;9985;10;9987;22;;;9980.0;0.0
av_COTTON_d0;49300;INTARIAN_PEPPER_ROOT;10237;9;10234;11;;;10243;12;10245;22;;;10240.0;0.0
av_COTTON_d0;49400;ASH_COATED_OSMIUM;9974;7;9971;14;;;9986;13;9988;16;;;9980.0;0.0
av_COTTON_d0;49400;INTARIAN_PEPPER_ROOT;10233;11;10231;19;;;10248;11;10251;21;;;10240.5;0.0
av_COTTON_d0;49500;ASH_COATED_OSMIUM;9972;8;9970;28;;;9988;10;9990;22;;;9980.0;0.0
av_COTTON_d0;49500;INTARIAN_PEPPER_ROOT;10237;13;10235;27;;;10245;16;10249;16;;;10241.0;0.0
av_COTTON_d0;49600;ASH_COATED_OSMIUM;9971;9;9967;23;;;9989;11;9993;31;;;9980.0;0.0
av_COTTON_d0;49600;INTARIAN_PEPPER_ROOT;10239;20;10236;25;;;10245;21;10247;17;;;10242.0;0.0
av_COTTON_d0;49700;ASH_COATED_OSMIUM;9975;11;9973;26;;;9986;10;9988;24;;;9980.5;0.0
av_COTTON_d0;49700;INTARIAN_PEPPER_ROOT;10233;18;10231;27;;;10253;17;10255;20;;;10243.0;0.0
av_COTTON_d0;49800;ASH_COATED_OSMIUM;9970;13;9966;25;;;9989;17;9993;14;;;9979.5;0.0
av_COTTON_d0;49800;INTARIAN_PEPPER_ROOT;10240;13;10237;20;;;10246;19;10250;13;;;10243.0;0.0
av_COTTON_d0;49900;ASH_COATED_OSMIUM;9976;14;9974;10;;;9985;12;9987;26;;;9980.5;0.0
av_COTTON_d0;49900;INTARIAN_PEPPER_ROOT;10241;8;10238;23;;;10247;14;10250;19;;;10244.0;0.0
av_COTTON_d0;50000;ASH_COATED_OSMIUM;9973;19;9969;18;;;9988;11;9992;10;;;9980.5;0.0
av_COTTON_d0;50000;INTARIAN_PEPPER_ROOT;10241;16;10239;19;;;10247;15;10251;15;;;10244.0;0.0
av_COTTON_d0;50100;ASH_COATED_OSMIUM;9977;20;9975;21;;;9984;20;9986;16;;;9980.5;0.0
av_COTTON_d0;50100;INTARIAN_PEPPER_ROOT;10243;18;10240;30;;;10249;10;10253;10;;;10246.0;0.0
av_COTTON_d0;50200;ASH_COATED_OSMIUM;9978;21;9974;18;;;9984;16;9988;22;;;9981.0;0.0
av_COTTON_d0;50200;INTARIAN_PEPPER_ROOT;10243;9;10240;17;;;10249;12;10251;18;;;10246.0;0.0
av_COTTON_d0;50300;ASH_COATED_OSMIUM;9977;18;9974;28;;;9983;16;9985;16;;;9980.0;0.0
av_COTTON_d0;50300;INTARIAN_PEPPER_ROOT;10244;9;10241;19;;;10250;14;10254;26;;;10247.0;0.0
av_COTTON_d0;50400;ASH_COATED_OSMIUM;9977;15;9975;16;;;9983;15;9986;27;;;9980.0;0.0
av_COTTON_d0;50400;INTARIAN_PEPPER_ROOT;10245;27;10243;19;;;10251;16;10253;14;;;10248.0;0.0
av_COTTON_d0;50500;ASH_COATED_OSMIUM;9977;13;9973;13;;;9983;20;9987;19;;;9980.0;0.0
av_COTTON_d0;50500;INTARIAN_PEPPER_ROOT;10246;21;10242;18;;;10252;12;10254;21;;;10249.0;0.0
av_COTTON_d0;50600;ASH_COATED_OSMIUM;9977;14;9973;19;;;9983;16;9985;23;;;9980.0;0.0
av_COTTON_d0;50600;INTARIAN_PEPPER_ROOT;10236;16;10232;22;;;10263;20;10265;27;;;10249.5;0.0
av_COTTON_d0;50700;ASH_COATED_OSMIUM;9977;19;9974;25;;;9983;25;9985;21;;;9980.0;0.0
av_COTTON_d0;50700;INTARIAN_PEPPER_ROOT;10246;20;10242;25;;;10255;15;10257;27;;;10250.5;0.0
av_COTTON_d0;50800;ASH_COATED_OSMIUM;9977;19;9973;18;;;9983;8;9986;17;;;9980.0;0.0
av_COTTON_d0;50800;INTARIAN_PEPPER_ROOT;10246;15;10242;25;;;10255;7;10257;17;;;10250.5;0.0
av_COTTON_d0;50900;ASH_COATED_OSMIUM;9977;7;9974;10;;;9983;15;9987;15;;;9980.0;0.0
av_COTTON_d0;50900;INTARIAN_PEPPER_ROOT;10249;16;10247;16;;;10255;14;10259;23;;;10252.0;0.0
av_COTTON_d0;51000;ASH_COATED_OSMIUM;9977;8;9974;35;;;9983;11;9986;27;;;9980.0;0.0
av_COTTON_d0;51000;INTARIAN_PEPPER_ROOT;10249;9;10245;20;;;10255;11;10257;22;;;10252.0;0.0
av_COTTON_d0;51100;ASH_COATED_OSMIUM;9976;12;9974;19;;;9984;17;9986;15;;;9980.0;0.0
av_COTTON_d0;51100;INTARIAN_PEPPER_ROOT;10250;15;10247;24;;;10256;12;10259;25;;;10253.0;0.0
av_COTTON_d0;51200;ASH_COATED_OSMIUM;9971;16;9967;16;;;9989;10;9993;19;;;9980.0;0.0
av_COTTON_d0;51200;INTARIAN_PEPPER_ROOT;10251;18;10249;14;;;10257;15;10260;19;;;10254.0;0.0
av_COTTON_d0;51300;ASH_COATED_OSMIUM;9977;13;9975;20;;;9983;11;9987;18;;;9980.0;0.0
av_COTTON_d0;51300;INTARIAN_PEPPER_ROOT;10234;8;10231;25;;;10276;22;10279;11;;;10255.0;0.0
av_COTTON_d0;51400;ASH_COATED_OSMIUM;9977;13;9973;15;;;9983;16;9985;15;;;9980.0;0.0
av_COTTON_d0;51400;INTARIAN_PEPPER_ROOT;10252;15;10249;15;;;10259;23;10261;14;;;10255.5;0.0
av_COTTON_d0;51500;ASH_COATED_OSMIUM;9976;13;9974;21;;;9985;13;9987;19;;;9980.5;0.0
av_COTTON_d0;51500;INTARIAN_PEPPER_ROOT;10253;14;10251;30;;;10259;8;10261;23;;;10256.0;0.0
av_COTTON_d0;51600;ASH_COATED_OSMIUM;9975;17;9973;18;;;9985;19;9989;10;;;9980.0;0.0
av_COTTON_d0;51600;INTARIAN_PEPPER_ROOT;10253;14;10251;25;;;10259;11;10261;19;;;10256.0;0.0
av_COTTON_d0;51700;ASH_COATED_OSMIUM;9976;12;9974;17;;;9984;18;9987;11;;;9980.0;0.0
av_COTTON_d0;51700;INTARIAN_PEPPER_ROOT;10242;12;10238;13;;;10273;16;10275;23;;;10257.5;0.0
av_COTTON_d0;51800;ASH_COATED_OSMIUM;9978;18;9976;22;;;9984;18;9986;14;;;9981.0;0.0
av_COTTON_d0;51800;INTARIAN_PEPPER_ROOT;10252;17;10249;14;;;10263;20;10267;22;;;10257.5;0.0
av_COTTON_d0;51900;ASH_COATED_OSMIUM;9977;11;9975;25;;;9983;14;9985;23;;;9980.0;0.0
av_COTTON_d0;51900;INTARIAN_PEPPER_ROOT;10256;14;10254;22;;;10262;17;10266;18;;;10259.0;0.0
av_COTTON_d0;52000;ASH_COATED_OSMIUM;9972;11;9969;28;;;9988;15;9991;24;;;9980.0;0.0
av_COTTON_d0;52000;INTARIAN_PEPPER_ROOT;10257;17;10254;16;;;10263;21;10267;20;;;10260.0;0.0
av_COTTON_d0;52100;ASH_COATED_OSMIUM;9977;17;9974;16;;;9983;19;9986;18;;;9980.0;0.0
av_COTTON_d0;52100;INTARIAN_PEPPER_ROOT;10252;8;10248;14;;;10268;17;10270;33;;;10260.0;0.0
av_COTTON_d0;52200;ASH_COATED_OSMIUM;9967;8;9965;17;;;9992;13;9994;22;;;9979.5;0.0
av_COTTON_d0;52200;INTARIAN_PEPPER_ROOT;10258;13;10255;31;;;10264;15;10267;21;;;10261.0;0.0
av_COTTON_d0;52300;ASH_COATED_OSMIUM;9975;13;9972;21;;;9985;12;9987;26;;;9980.0;0.0
av_COTTON_d0;52300;INTARIAN_PEPPER_ROOT;10256;12;10252;20;;;10267;8;10269;11;;;10261.5;0.0
av_COTTON_d0;52400;ASH_COATED_OSMIUM;9977;26;9975;22;;;9983;16;9986;13;;;9980.0;0.0
av_COTTON_d0;52400;INTARIAN_PEPPER_ROOT;10259;18;10257;15;;;10265;14;10268;22;;;10262.0;0.0
av_COTTON_d0;52500;ASH_COATED_OSMIUM;9975;18;9972;34;;;9985;17;9989;20;;;9980.0;0.0
av_COTTON_d0;52500;INTARIAN_PEPPER_ROOT;10260;22;10258;16;;;10266;13;10270;17;;;10263.0;0.0
av_COTTON_d0;52600;ASH_COATED_OSMIUM;9977;16;9974;27;;;9983;11;9987;15;;;9980.0;0.0
av_COTTON_d0;52600;INTARIAN_PEPPER_ROOT;10261;15;10258;27;;;10267;5;10269;21;;;10264.0;0.0
av_COTTON_d0;52700;ASH_COATED_OSMIUM;9976;11;9974;19;;;9984;13;9988;19;;;9980.0;0.0
av_COTTON_d0;52700;INTARIAN_PEPPER_ROOT;10262;17;10260;27;;;10268;12;10270;22;;;10265.0;0.0
av_COTTON_d0;52800;ASH_COATED_OSMIUM;9973;24;9969;17;;;9986;16;9990;22;;;9979.5;0.0
av_COTTON_d0;52800;INTARIAN_PEPPER_ROOT;10254;11;10251;22;;;10275;10;10278;16;;;10264.5;0.0
av_COTTON_d0;52900;ASH_COATED_OSMIUM;9977;21;9974;21;;;9983;14;9985;20;;;9980.0;0.0
av_COTTON_d0;52900;INTARIAN_PEPPER_ROOT;10258;13;10256;21;;;10275;13;10277;20;;;10266.5;0.0
av_COTTON_d0;53000;ASH_COATED_OSMIUM;9972;17;9968;19;;;9987;8;9991;21;;;9979.5;0.0
av_COTTON_d0;53000;INTARIAN_PEPPER_ROOT;10264;10;10261;22;;;10271;13;10273;18;;;10267.5;0.0
av_COTTON_d0;53100;ASH_COATED_OSMIUM;9975;5;9971;25;;;9986;16;9988;23;;;9980.5;0.0
av_COTTON_d0;53100;INTARIAN_PEPPER_ROOT;10256;22;10252;19;;;10279;8;10282;18;;;10267.5;0.0
av_COTTON_d0;53200;ASH_COATED_OSMIUM;9977;20;9975;20;;;9984;18;9987;28;;;9980.5;0.0
av_COTTON_d0;53200;INTARIAN_PEPPER_ROOT;10265;25;10262;25;;;10271;20;10275;19;;;10268.0;0.0
av_COTTON_d0;53300;ASH_COATED_OSMIUM;9977;21;9974;27;;;9983;13;9986;17;;;9980.0;0.0
av_COTTON_d0;53300;INTARIAN_PEPPER_ROOT;10266;18;10263;21;;;10272;16;10274;15;;;10269.0;0.0
av_COTTON_d0;53400;ASH_COATED_OSMIUM;9977;5;9973;28;;;9983;24;9985;14;;;9980.0;0.0
av_COTTON_d0;53400;INTARIAN_PEPPER_ROOT;10267;14;10263;14;;;10273;19;10276;14;;;10270.0;0.0
av_COTTON_d0;53500;ASH_COATED_OSMIUM;9977;23;9975;16;;;9983;22;9986;21;;;9980.0;0.0
av_COTTON_d0;53500;INTARIAN_PEPPER_ROOT;10267;17;10264;16;;;10273;17;10276;22;;;10270.0;0.0
av_COTTON_d0;53600;ASH_COATED_OSMIUM;9977;22;9973;18;;;9985;19;9987;26;;;9981.0;0.0
av_COTTON_d0;53600;INTARIAN_PEPPER_ROOT;10268;20;10264;8;;;10274;12;10278;30;;;10271.0;0.0
av_COTTON_d0;53700;ASH_COATED_OSMIUM;9977;14;9973;24;;;9983;18;9985;24;;;9980.0;0.0
av_COTTON_d0;53700;INTARIAN_PEPPER_ROOT;10268;9;10265;22;;;10274;5;10278;14;;;10271.0;0.0
av_COTTON_d0;53800;ASH_COATED_OSMIUM;9977;16;9973;23;;;9983;14;9987;14;;;9980.0;0.0
av_COTTON_d0;53800;INTARIAN_PEPPER_ROOT;10270;21;10268;20;;;10276;15;10278;23;;;10273.0;0.0
av_COTTON_d0;53900;ASH_COATED_OSMIUM;9977;19;9975;16;;;9983;6;9986;19;;;9980.0;0.0
av_COTTON_d0;53900;INTARIAN_PEPPER_ROOT;10266;14;10264;21;;;10281;11;10285;15;;;10273.5;0.0
av_COTTON_d0;54000;ASH_COATED_OSMIUM;9978;16;9974;20;;;9984;18;9988;20;;;9981.0;0.0
av_COTTON_d0;54000;INTARIAN_PEPPER_ROOT;10271;12;10267;18;;;10277;13;10280;26;;;10274.0;0.0
av_COTTON_d0;54100;ASH_COATED_OSMIUM;9976;11;9972;13;;;9983;14;9985;22;;;9979.5;0.0
av_COTTON_d0;54100;INTARIAN_PEPPER_ROOT;10265;14;10263;24;;;10285;8;10288;19;;;10275.0;0.0
av_COTTON_d0;54200;ASH_COATED_OSMIUM;9978;23;9976;25;;;9984;11;9986;8;;;9981.0;0.0
av_COTTON_d0;54200;INTARIAN_PEPPER_ROOT;10273;12;10271;19;;;10279;6;10283;22;;;10276.0;0.0
av_COTTON_d0;54300;ASH_COATED_OSMIUM;9976;5;9974;19;;;9985;17;9987;26;;;9980.5;0.0
av_COTTON_d0;54300;INTARIAN_PEPPER_ROOT;10273;12;10269;22;;;10279;18;10282;20;;;10276.0;0.0
av_COTTON_d0;54400;ASH_COATED_OSMIUM;9977;14;9974;18;;;9983;17;9987;11;;;9980.0;0.0
av_COTTON_d0;54400;INTARIAN_PEPPER_ROOT;10274;22;10270;19;;;10280;13;10282;12;;;10277.0;0.0
av_COTTON_d0;54500;ASH_COATED_OSMIUM;9977;9;9974;21;;;9984;13;9986;19;;;9980.5;0.0
av_COTTON_d0;54500;INTARIAN_PEPPER_ROOT;10275;28;10271;25;;;10281;20;10285;19;;;10278.0;0.0
av_COTTON_d0;54600;ASH_COATED_OSMIUM;9972;20;9969;23;;;9988;9;9990;18;;;9980.0;0.0
av_COTTON_d0;54600;INTARIAN_PEPPER_ROOT;10274;19;10271;23;;;10283;7;10285;20;;;10278.5;0.0
av_COTTON_d0;54700;ASH_COATED_OSMIUM;9977;13;9975;18;;;9983;8;9985;20;;;9980.0;0.0
av_COTTON_d0;54700;INTARIAN_PEPPER_ROOT;10276;11;10272;15;;;10282;16;10286;16;;;10279.0;0.0
av_COTTON_d0;54800;ASH_COATED_OSMIUM;9965;12;9963;14;;;9996;10;10000;35;;;9980.5;0.0
av_COTTON_d0;54800;INTARIAN_PEPPER_ROOT;10277;17;10274;24;;;10283;10;10286;8;;;10280.0;0.0
av_COTTON_d0;54900;ASH_COATED_OSMIUM;9978;12;9976;35;;;9984;21;9986;22;;;9981.0;0.0
av_COTTON_d0;54900;INTARIAN_PEPPER_ROOT;10276;14;10274;21;;;10285;20;10288;10;;;10280.5;0.0
av_COTTON_d0;55000;ASH_COATED_OSMIUM;9977;14;9975;24;;;9983;24;9985;16;;;9980.0;0.0
av_COTTON_d0;55000;INTARIAN_PEPPER_ROOT;10279;13;10275;27;;;10285;19;10287;16;;;10282.0;0.0
av_COTTON_d0;55100;ASH_COATED_OSMIUM;9977;20;9975;21;;;9983;19;9987;23;;;9980.0;0.0
av_COTTON_d0;55100;INTARIAN_PEPPER_ROOT;10279;21;10276;15;;;10285;7;10289;25;;;10282.0;0.0
av_COTTON_d0;55200;ASH_COATED_OSMIUM;9965;8;9962;21;;;9997;13;10000;13;;;9981.0;0.0
av_COTTON_d0;55200;INTARIAN_PEPPER_ROOT;10279;20;10276;28;;;10287;6;10289;19;;;10283.0;0.0
av_COTTON_d0;55300;ASH_COATED_OSMIUM;9977;13;9975;20;;;9983;23;9986;21;;;9980.0;0.0
av_COTTON_d0;55300;INTARIAN_PEPPER_ROOT;10278;14;10275;21;;;10289;12;10293;31;;;10283.5;0.0
av_COTTON_d0;55400;ASH_COATED_OSMIUM;9977;9;9975;27;;;9983;9;9985;20;;;9980.0;0.0
av_COTTON_d0;55400;INTARIAN_PEPPER_ROOT;10281;17;10278;24;;;10287;8;10290;18;;;10284.0;0.0
av_COTTON_d0;55500;ASH_COATED_OSMIUM;9977;21;9974;18;;;9983;27;9985;15;;;9980.0;0.0
av_COTTON_d0;55500;INTARIAN_PEPPER_ROOT;10281;9;10277;20;;;10287;14;10290;15;;;10284.0;0.0
av_COTTON_d0;55600;ASH_COATED_OSMIUM;9975;19;9973;23;;;9984;14;9987;18;;;9979.5;0.0
av_COTTON_d0;55600;INTARIAN_PEPPER_ROOT;10283;13;10279;20;;;10289;11;10293;18;;;10286.0;0.0
av_COTTON_d0;55700;ASH_COATED_OSMIUM;9960;16;9956;24;;;10000;14;10004;23;;;9980.0;0.0
av_COTTON_d0;55700;INTARIAN_PEPPER_ROOT;10283;19;10279;10;;;10289;11;10292;18;;;10286.0;0.0
av_COTTON_d0;55800;ASH_COATED_OSMIUM;9977;11;9973;21;;;9983;12;9985;23;;;9980.0;0.0
av_COTTON_d0;55800;INTARIAN_PEPPER_ROOT;10284;15;10281;17;;;10290;9;10292;19;;;10287.0;0.0
av_COTTON_d0;55900;ASH_COATED_OSMIUM;9975;12;9971;19;;;9985;16;9989;26;;;9980.0;0.0
av_COTTON_d0;55900;INTARIAN_PEPPER_ROOT;10285;16;10283;21;;;10291;14;10294;27;;;10288.0;0.0
av_COTTON_d0;56000;ASH_COATED_OSMIUM;9977;15;9973;24;;;9983;14;9985;21;;;9980.0;0.0
av_COTTON_d0;56000;INTARIAN_PEPPER_ROOT;10285;14;10281;19;;;10291;9;10293;14;;;10288.0;0.0
av_COTTON_d0;56100;ASH_COATED_OSMIUM;9975;18;9971;15;;;9984;15;9986;19;;;9979.5;0.0
av_COTTON_d0;56100;INTARIAN_PEPPER_ROOT;10287;10;10283;27;;;10293;10;10297;19;;;10290.0;0.0
av_COTTON_d0;56200;ASH_COATED_OSMIUM;9978;19;9976;22;;;9984;13;9986;18;;;9981.0;0.0
av_COTTON_d0;56200;INTARIAN_PEPPER_ROOT;10287;16;10284;18;;;10293;17;10295;17;;;10290.0;0.0
av_COTTON_d0;56300;ASH_COATED_OSMIUM;9977;15;9973;20;;;9983;5;9986;11;;;9980.0;0.0
av_COTTON_d0;56300;INTARIAN_PEPPER_ROOT;10288;9;10285;11;;;10294;21;10296;21;;;10291.0;0.0
av_COTTON_d0;56400;ASH_COATED_OSMIUM;9975;20;9972;23;;;9986;11;9990;14;;;9980.5;0.0
av_COTTON_d0;56400;INTARIAN_PEPPER_ROOT;10288;22;10286;11;;;10296;15;10300;24;;;10292.0;0.0
av_COTTON_d0;56500;ASH_COATED_OSMIUM;9974;5;9972;23;;;9987;11;9989;26;;;9980.5;0.0
av_COTTON_d0;56500;INTARIAN_PEPPER_ROOT;10289;19;10286;13;;;10295;15;10298;21;;;10292.0;0.0
av_COTTON_d0;56600;ASH_COATED_OSMIUM;9972;13;9970;10;;;9988;16;9991;22;;;9980.0;0.0
av_COTTON_d0;56600;INTARIAN_PEPPER_ROOT;10290;13;10288;25;;;10296;16;10298;22;;;10293.0;0.0
av_COTTON_d0;56700;ASH_COATED_OSMIUM;9961;20;9959;17;;;9999;13;10003;19;;;9980.0;0.0
av_COTTON_d0;56700;INTARIAN_PEPPER_ROOT;10289;14;10286;18;;;10297;16;10300;15;;;10293.0;0.0
av_COTTON_d0;56800;ASH_COATED_OSMIUM;9977;16;9973;8;;;9983;11;9987;25;;;9980.0;0.0
av_COTTON_d0;56800;INTARIAN_PEPPER_ROOT;10284;11;10281;10;;;10306;15;10310;25;;;10295.0;0.0
av_COTTON_d0;56900;ASH_COATED_OSMIUM;9976;7;9973;20;;;9985;11;9989;21;;;9980.5;0.0
av_COTTON_d0;56900;INTARIAN_PEPPER_ROOT;10292;20;10289;16;;;10298;7;10302;16;;;10295.0;0.0
