day;timestamp;product;bid_price_1;bid_volume_1;bid_price_2;bid_volume_2;bid_price_3;bid_volume_3;ask_price_1;ask_volume_1;ask_price_2;ask_volume_2;ask_price_3;ask_volume_3;mid_price;profit_and_loss
yf_ZC=F_d9;0;ASH_COATED_OSMIUM;9941;15;9937;18;;;9950;16;9952;15;;;9945.5;0.0
yf_ZC=F_d9;0;INTARIAN_PEPPER_ROOT;12022;21;12019;21;;;12031;17;12033;28;;;12026.5;0.0
yf_ZC=F_d9;100;ASH_COATED_OSMIUM;9940;24;9938;25;;;9949;13;9952;20;;;9944.5;0.0
yf_ZC=F_d9;100;INTARIAN_PEPPER_ROOT;12023;25;12020;21;;;12032;12;12034;20;;;12027.5;0.0
yf_ZC=F_d9;200;ASH_COATED_OSMIUM;9941;19;9939;11;;;9947;7;9950;18;;;9944.0;0.0
yf_ZC=F_d9;200;INTARIAN_PEPPER_ROOT;12018;18;12015;13;;;12037;10;12041;24;;;12027.5;0.0
yf_ZC=F_d9;300;ASH_COATED_OSMIUM;9942;19;9938;15;;;9948;18;9952;26;;;9945.0;0.0
yf_ZC=F_d9;300;INTARIAN_PEPPER_ROOT;12025;6;12022;27;;;12031;17;12035;16;;;12028.0;0.0
yf_ZC=F_d9;400;ASH_COATED_OSMIUM;9941;16;9939;17;;;9947;13;9949;9;;;9944.0;0.0
yf_ZC=F_d9;400;INTARIAN_PEPPER_ROOT;12026;11;12022;18;;;12032;17;12035;26;;;12029.0;0.0
yf_ZC=F_d9;500;ASH_COATED_OSMIUM;9939;11;9935;17;;;9947;17;9951;23;;;9943.0;0.0
yf_ZC=F_d9;500;INTARIAN_PEPPER_ROOT;12024;10;12021;28;;;12034;21;12038;11;;;12029.0;0.0
yf_ZC=F_d9;600;ASH_COATED_OSMIUM;9940;17;9937;14;;;9946;16;9950;24;;;9943.0;0.0
yf_ZC=F_d9;600;INTARIAN_PEPPER_ROOT;12027;13;12025;26;;;12033;16;12035;16;;;12030.0;0.0
yf_ZC=F_d9;700;ASH_COATED_OSMIUM;9941;5;9937;23;;;9947;7;9949;21;;;9944.0;0.0
yf_ZC=F_d9;700;INTARIAN_PEPPER_ROOT;12024;13;12020;20;;;12036;10;12040;21;;;12030.0;0.0
yf_ZC=F_d9;800;ASH_COATED_OSMIUM;9937;8;9934;24;;;9948;28;9952;15;;;9942.5;0.0
yf_ZC=F_d9;800;INTARIAN_PEPPER_ROOT;12028;17;12024;19;;;12034;23;12038;11;;;12031.0;0.0
yf_ZC=F_d9;900;ASH_COATED_OSMIUM;9940;15;9937;15;;;9946;13;9949;19;;;9943.0;0.0
yf_ZC=F_d9;900;INTARIAN_PEPPER_ROOT;12025;15;12023;23;;;12037;22;12039;18;;;12031.0;0.0
yf_ZC=F_d9;1000;ASH_COATED_OSMIUM;9939;21;9937;18;;;9945;11;9948;25;;;9942.0;0.0
yf_ZC=F_d9;1000;INTARIAN_PEPPER_ROOT;12029;13;12026;25;;;12035;12;12038;8;;;12032.0;0.0
yf_ZC=F_d9;1100;ASH_COATED_OSMIUM;9939;13;9935;19;;;9945;15;9949;17;;;9942.0;0.0
yf_ZC=F_d9;1100;INTARIAN_PEPPER_ROOT;12029;18;12025;24;;;12035;13;12037;20;;;12032.0;0.0
yf_ZC=F_d9;1200;ASH_COATED_OSMIUM;9939;16;9937;20;;;9945;5;9947;18;;;9942.0;0.0
yf_ZC=F_d9;1200;INTARIAN_PEPPER_ROOT;12029;23;12026;17;;;12035;18;12039;16;;;12032.0;0.0
yf_ZC=F_d9;1300;ASH_COATED_OSMIUM;9934;14;9930;19;;;9948;7;9952;22;;;9941.0;0.0
yf_ZC=F_d9;1300;INTARIAN_PEPPER_ROOT;12031;17;12027;24;;;12037;18;12039;27;;;12034.0;0.0
yf_ZC=F_d9;1400;ASH_COATED_OSMIUM;9938;11;9934;20;;;9944;15;9947;13;;;9941.0;0.0
yf_ZC=F_d9;1400;INTARIAN_PEPPER_ROOT;12031;16;12027;24;;;12037;11;12040;25;;;12034.0;0.0
yf_ZC=F_d9;1500;ASH_COATED_OSMIUM;9938;12;9934;30;;;9944;20;9947;21;;;9941.0;0.0
yf_ZC=F_d9;1500;INTARIAN_PEPPER_ROOT;12032;17;12030;27;;;12038;16;12042;16;;;12035.0;0.0
yf_ZC=F_d9;1600;ASH_COATED_OSMIUM;9936;15;9934;22;;;9944;17;9947;12;;;9940.0;0.0
yf_ZC=F_d9;1600;INTARIAN_PEPPER_ROOT;12032;23;12029;12;;;12038;11;12041;26;;;12035.0;0.0
yf_ZC=F_d9;1700;ASH_COATED_OSMIUM;9930;19;9926;20;;;9951;19;9954;25;;;9940.5;0.0
yf_ZC=F_d9;1700;INTARIAN_PEPPER_ROOT;12033;20;12029;18;;;12039;16;12043;13;;;12036.0;0.0
yf_ZC=F_d9;1800;ASH_COATED_OSMIUM;9937;15;9935;19;;;9943;9;9946;21;;;9940.0;0.0
yf_ZC=F_d9;1800;INTARIAN_PEPPER_ROOT;12033;18;12031;28;;;12039;17;12043;28;;;12036.0;0.0
yf_ZC=F_d9;1900;ASH_COATED_OSMIUM;9933;19;9931;21;;;9947;18;9949;20;;;9940.0;0.0
yf_ZC=F_d9;1900;INTARIAN_PEPPER_ROOT;12034;16;12032;17;;;12040;15;12044;32;;;12037.0;0.0
yf_ZC=F_d9;2000;ASH_COATED_OSMIUM;9937;14;9935;24;;;9943;26;9946;24;;;9940.0;0.0
yf_ZC=F_d9;2000;INTARIAN_PEPPER_ROOT;12030;10;12027;19;;;12043;20;12046;25;;;12036.5;0.0
yf_ZC=F_d9;2100;ASH_COATED_OSMIUM;9936;11;9934;10;;;9942;5;9945;21;;;9939.0;0.0
yf_ZC=F_d9;2100;INTARIAN_PEPPER_ROOT;12034;22;12030;14;;;12040;14;12044;19;;;12037.0;0.0
yf_ZC=F_d9;2200;ASH_COATED_OSMIUM;9936;9;9934;17;;;9942;8;9944;10;;;9939.0;0.0
yf_ZC=F_d9;2200;INTARIAN_PEPPER_ROOT;12033;10;12029;23;;;12043;20;12046;22;;;12038.0;0.0
yf_ZC=F_d9;2300;ASH_COATED_OSMIUM;9936;21;9932;24;;;9942;16;9944;13;;;9939.0;0.0
yf_ZC=F_d9;2300;INTARIAN_PEPPER_ROOT;12036;16;12033;16;;;12042;12;12046;13;;;12039.0;0.0
yf_ZC=F_d9;2400;ASH_COATED_OSMIUM;9936;13;9933;22;;;9942;11;9944;32;;;9939.0;0.0
yf_ZC=F_d9;2400;INTARIAN_PEPPER_ROOT;12037;15;12034;25;;;12043;6;12045;29;;;12040.0;0.0
yf_ZC=F_d9;2500;ASH_COATED_OSMIUM;9934;14;9932;25;;;9942;20;9944;25;;;9938.0;0.0
yf_ZC=F_d9;2500;INTARIAN_PEPPER_ROOT;12037;25;12035;21;;;12043;30;12045;16;;;12040.0;0.0
yf_ZC=F_d9;2600;ASH_COATED_OSMIUM;9935;15;9932;29;;;9941;15;9943;17;;;9938.0;0.0
yf_ZC=F_d9;2600;INTARIAN_PEPPER_ROOT;12037;18;12033;12;;;12043;17;12046;15;;;12040.0;0.0
yf_ZC=F_d9;2700;ASH_COATED_OSMIUM;9935;13;9932;23;;;9941;16;9944;17;;;9938.0;0.0
yf_ZC=F_d9;2700;INTARIAN_PEPPER_ROOT;12031;10;12029;23;;;12051;5;12054;17;;;12041.0;0.0
yf_ZC=F_d9;2800;ASH_COATED_OSMIUM;9934;18;9930;18;;;9940;18;9942;17;;;9937.0;0.0
yf_ZC=F_d9;2800;INTARIAN_PEPPER_ROOT;12032;14;12028;19;;;12051;15;12054;28;;;12041.5;0.0
yf_ZC=F_d9;2900;ASH_COATED_OSMIUM;9930;19;9927;19;;;9944;7;9947;14;;;9937.0;0.0
yf_ZC=F_d9;2900;INTARIAN_PEPPER_ROOT;12039;17;12035;19;;;12045;8;12049;16;;;12042.0;0.0
yf_ZC=F_d9;3000;ASH_COATED_OSMIUM;9934;22;9932;13;;;9940;16;9943;11;;;9937.0;0.0
yf_ZC=F_d9;3000;INTARIAN_PEPPER_ROOT;12039;11;12035;20;;;12045;15;12049;15;;;12042.0;0.0
yf_ZC=F_d9;3100;ASH_COATED_OSMIUM;9933;9;9930;17;;;9939;15;9942;25;;;9936.0;0.0
yf_ZC=F_d9;3100;INTARIAN_PEPPER_ROOT;12036;15;12033;21;;;12049;19;12053;25;;;12042.5;0.0
yf_ZC=F_d9;3200;ASH_COATED_OSMIUM;9934;21;9930;18;;;9940;10;9943;17;;;9937.0;0.0
yf_ZC=F_d9;3200;INTARIAN_PEPPER_ROOT;12040;13;12038;22;;;12046;15;12050;20;;;12043.0;0.0
yf_ZC=F_d9;3300;ASH_COATED_OSMIUM;9933;11;9931;16;;;9939;19;9943;21;;;9936.0;0.0
yf_ZC=F_d9;3300;INTARIAN_PEPPER_ROOT;12041;9;12038;12;;;12047;5;12049;13;;;12044.0;0.0
yf_ZC=F_d9;3400;ASH_COATED_OSMIUM;9925;20;9921;20;;;9947;18;9950;8;;;9936.0;0.0
yf_ZC=F_d9;3400;INTARIAN_PEPPER_ROOT;12042;15;12040;27;;;12048;9;12050;11;;;12045.0;0.0
yf_ZC=F_d9;3500;ASH_COATED_OSMIUM;9932;14;9929;19;;;9940;18;9944;21;;;9936.0;0.0
yf_ZC=F_d9;3500;INTARIAN_PEPPER_ROOT;12042;15;12038;24;;;12048;17;12052;18;;;12045.0;0.0
yf_ZC=F_d9;3600;ASH_COATED_OSMIUM;9932;12;9928;24;;;9938;16;9942;18;;;9935.0;0.0
yf_ZC=F_d9;3600;INTARIAN_PEPPER_ROOT;12040;11;12037;18;;;12052;17;12056;19;;;12046.0;0.0
yf_ZC=F_d9;3700;ASH_COATED_OSMIUM;9932;13;9928;12;;;9938;13;9941;21;;;9935.0;0.0
yf_ZC=F_d9;3700;INTARIAN_PEPPER_ROOT;12043;21;12039;20;;;12049;9;12052;17;;;12046.0;0.0
yf_ZC=F_d9;3800;ASH_COATED_OSMIUM;9932;17;9928;22;;;9938;14;9942;19;;;9935.0;0.0
yf_ZC=F_d9;3800;INTARIAN_PEPPER_ROOT;12039;9;12037;16;;;12055;16;12057;15;;;12047.0;0.0
yf_ZC=F_d9;3900;ASH_COATED_OSMIUM;9927;22;9923;17;;;9943;14;9947;16;;;9935.0;0.0
yf_ZC=F_d9;3900;INTARIAN_PEPPER_ROOT;12043;15;12040;17;;;12052;8;12056;20;;;12047.5;0.0
yf_ZC=F_d9;4000;ASH_COATED_OSMIUM;9931;6;9927;21;;;9937;27;9940;29;;;9934.0;0.0
yf_ZC=F_d9;4000;INTARIAN_PEPPER_ROOT;12045;16;12042;20;;;12051;10;12053;22;;;12048.0;0.0
yf_ZC=F_d9;4100;ASH_COATED_OSMIUM;9930;14;9927;20;;;9939;24;9941;21;;;9934.5;0.0
yf_ZC=F_d9;4100;INTARIAN_PEPPER_ROOT;12039;18;12036;24;;;12057;16;12060;16;;;12048.0;0.0
yf_ZC=F_d9;4200;ASH_COATED_OSMIUM;9930;12;9926;20;;;9936;7;9938;20;;;9933.0;0.0
yf_ZC=F_d9;4200;INTARIAN_PEPPER_ROOT;12046;23;12044;23;;;12052;22;12056;22;;;12049.0;0.0
yf_ZC=F_d9;4300;ASH_COATED_OSMIUM;9931;13;9927;13;;;9937;14;9940;18;;;9934.0;0.0
yf_ZC=F_d9;4300;INTARIAN_PEPPER_ROOT;12038;9;12036;27;;;12062;9;12064;20;;;12050.0;0.0
yf_ZC=F_d9;4400;ASH_COATED_OSMIUM;9930;18;9926;25;;;9936;16;9940;18;;;9933.0;0.0
yf_ZC=F_d9;4400;INTARIAN_PEPPER_ROOT;12047;18;12043;15;;;12054;19;12056;17;;;12050.5;0.0
yf_ZC=F_d9;4500;ASH_COATED_OSMIUM;9930;8;9927;22;;;9936;5;9940;16;;;9933.0;0.0
yf_ZC=F_d9;4500;INTARIAN_PEPPER_ROOT;12047;19;12043;28;;;12053;15;12057;13;;;12050.0;0.0
yf_ZC=F_d9;4600;ASH_COATED_OSMIUM;9929;9;9925;25;;;9935;20;9939;22;;;9932.0;0.0
yf_ZC=F_d9;4600;INTARIAN_PEPPER_ROOT;12031;16;12027;19;;;12070;15;12074;13;;;12050.5;0.0
yf_ZC=F_d9;4700;ASH_COATED_OSMIUM;9927;14;9925;24;;;9938;24;9941;14;;;9932.5;0.0
yf_ZC=F_d9;4700;INTARIAN_PEPPER_ROOT;12043;8;12041;17;;;12059;21;12062;18;;;12051.0;0.0
yf_ZC=F_d9;4800;ASH_COATED_OSMIUM;9928;14;9926;26;;;9936;16;9940;18;;;9932.0;0.0
yf_ZC=F_d9;4800;INTARIAN_PEPPER_ROOT;12038;19;12036;15;;;12066;13;12069;21;;;12052.0;0.0
yf_ZC=F_d9;4900;ASH_COATED_OSMIUM;9929;18;9927;17;;;9935;14;9939;21;;;9932.0;0.0
yf_ZC=F_d9;4900;INTARIAN_PEPPER_ROOT;12050;14;12048;18;;;12056;12;12059;20;;;12053.0;0.0
yf_ZC=F_d9;5000;ASH_COATED_OSMIUM;9927;17;9925;18;;;9936;18;9938;16;;;9931.5;0.0
yf_ZC=F_d9;5000;INTARIAN_PEPPER_ROOT;12050;23;12046;25;;;12056;18;12058;20;;;12053.0;0.0
yf_ZC=F_d9;5100;ASH_COATED_OSMIUM;9924;13;9921;14;;;9939;9;9943;15;;;9931.5;0.0
yf_ZC=F_d9;5100;INTARIAN_PEPPER_ROOT;12051;21;12047;21;;;12057;16;12060;23;;;12054.0;0.0
yf_ZC=F_d9;5200;ASH_COATED_OSMIUM;9928;12;9926;23;;;9934;13;9936;17;;;9931.0;0.0
yf_ZC=F_d9;5200;INTARIAN_PEPPER_ROOT;12051;19;12047;17;;;12057;15;12061;13;;;12054.0;0.0
yf_ZC=F_d9;5300;ASH_COATED_OSMIUM;9927;8;9925;16;;;9936;20;9940;17;;;9931.5;0.0
yf_ZC=F_d9;5300;INTARIAN_PEPPER_ROOT;12052;16;12049;26;;;12058;15;12061;13;;;12055.0;0.0
yf_ZC=F_d9;5400;ASH_COATED_OSMIUM;9928;15;9926;20;;;9934;8;9937;31;;;9931.0;0.0
yf_ZC=F_d9;5400;INTARIAN_PEPPER_ROOT;12053;18;12049;17;;;12059;15;12061;19;;;12056.0;0.0
yf_ZC=F_d9;5500;ASH_COATED_OSMIUM;9913;10;9910;20;;;9947;14;9950;23;;;9930.0;0.0
yf_ZC=F_d9;5500;INTARIAN_PEPPER_ROOT;12053;15;12049;21;;;12059;16;12062;19;;;12056.0;0.0
yf_ZC=F_d9;5600;ASH_COATED_OSMIUM;9927;13;9923;20;;;9933;14;9937;22;;;9930.0;0.0
yf_ZC=F_d9;5600;INTARIAN_PEPPER_ROOT;12053;22;12050;23;;;12059;13;12061;24;;;12056.0;0.0
yf_ZC=F_d9;5700;ASH_COATED_OSMIUM;9927;10;9923;25;;;9933;13;9935;23;;;9930.0;0.0
yf_ZC=F_d9;5700;INTARIAN_PEPPER_ROOT;12054;19;12052;22;;;12060;15;12063;19;;;12057.0;0.0
yf_ZC=F_d9;5800;ASH_COATED_OSMIUM;9924;7;9921;21;;;9935;13;9939;19;;;9929.5;0.0
yf_ZC=F_d9;5800;INTARIAN_PEPPER_ROOT;12049;16;12046;25;;;12065;10;12068;24;;;12057.0;0.0
yf_ZC=F_d9;5900;ASH_COATED_OSMIUM;9926;15;9922;15;;;9934;9;9937;27;;;9930.0;0.0
yf_ZC=F_d9;5900;INTARIAN_PEPPER_ROOT;12055;5;12053;20;;;12061;16;12063;19;;;12058.0;0.0
yf_ZC=F_d9;6000;ASH_COATED_OSMIUM;9926;17;9923;19;;;9932;13;9934;17;;;9929.0;0.0
yf_ZC=F_d9;6000;INTARIAN_PEPPER_ROOT;12055;17;12052;20;;;12061;10;12064;13;;;12058.0;0.0
yf_ZC=F_d9;6100;ASH_COATED_OSMIUM;9926;12;9922;26;;;9932;15;9934;11;;;9929.0;0.0
yf_ZC=F_d9;6100;INTARIAN_PEPPER_ROOT;12052;17;12049;15;;;12066;18;12069;22;;;12059.0;0.0
yf_ZC=F_d9;6200;ASH_COATED_OSMIUM;9918;13;9915;20;;;9937;14;9941;19;;;9927.5;0.0
yf_ZC=F_d9;6200;INTARIAN_PEPPER_ROOT;12045;15;12041;19;;;12074;7;12077;11;;;12059.5;0.0
yf_ZC=F_d9;6300;ASH_COATED_OSMIUM;9925;8;9922;25;;;9931;22;9935;17;;;9928.0;0.0
yf_ZC=F_d9;6300;INTARIAN_PEPPER_ROOT;12058;10;12055;10;;;12064;17;12067;11;;;12061.0;0.0
yf_ZC=F_d9;6400;ASH_COATED_OSMIUM;9925;11;9922;17;;;9931;23;9935;23;;;9928.0;0.0
yf_ZC=F_d9;6400;INTARIAN_PEPPER_ROOT;12057;19;12055;23;;;12063;17;12065;19;;;12060.0;0.0
yf_ZC=F_d9;6500;ASH_COATED_OSMIUM;9924;7;9922;19;;;9930;16;9934;22;;;9927.0;0.0
yf_ZC=F_d9;6500;INTARIAN_PEPPER_ROOT;12058;12;12056;16;;;12064;9;12068;21;;;12061.0;0.0
yf_ZC=F_d9;6600;ASH_COATED_OSMIUM;9924;16;9921;10;;;9930;15;9932;24;;;9927.0;0.0
yf_ZC=F_d9;6600;INTARIAN_PEPPER_ROOT;12058;13;12054;18;;;12064;11;12066;16;;;12061.0;0.0
yf_ZC=F_d9;6700;ASH_COATED_OSMIUM;9921;7;9919;16;;;9933;9;9937;16;;;9927.0;0.0
yf_ZC=F_d9;6700;INTARIAN_PEPPER_ROOT;12060;11;12056;14;;;12066;5;12068;24;;;12063.0;0.0
yf_ZC=F_d9;6800;ASH_COATED_OSMIUM;9923;14;9919;21;;;9929;11;9932;14;;;9926.0;0.0
yf_ZC=F_d9;6800;INTARIAN_PEPPER_ROOT;12059;10;12056;20;;;12066;11;12069;19;;;12062.5;0.0
yf_ZC=F_d9;6900;ASH_COATED_OSMIUM;9904;21;9902;17;;;9950;21;9953;26;;;9927.0;0.0
yf_ZC=F_d9;6900;INTARIAN_PEPPER_ROOT;12060;11;12058;11;;;12066;17;12069;26;;;12063.0;0.0
yf_ZC=F_d9;7000;ASH_COATED_OSMIUM;9922;6;9918;16;;;9932;14;9936;12;;;9927.0;0.0
yf_ZC=F_d9;7000;INTARIAN_PEPPER_ROOT;12051;10;12047;18;;;12076;6;12078;21;;;12063.5;0.0
yf_ZC=F_d9;7100;ASH_COATED_OSMIUM;9923;22;9921;16;;;9929;18;9933;28;;;9926.0;0.0
yf_ZC=F_d9;7100;INTARIAN_PEPPER_ROOT;12060;22;12057;22;;;12068;8;12070;22;;;12064.0;0.0
yf_ZC=F_d9;7200;ASH_COATED_OSMIUM;9923;19;9919;17;;;9929;12;9932;18;;;9926.0;0.0
yf_ZC=F_d9;7200;INTARIAN_PEPPER_ROOT;12062;17;12060;27;;;12068;22;12071;23;;;12065.0;0.0
yf_ZC=F_d9;7300;ASH_COATED_OSMIUM;9922;9;9920;15;;;9928;16;9932;9;;;9925.0;0.0
yf_ZC=F_d9;7300;INTARIAN_PEPPER_ROOT;12062;17;12060;17;;;12068;10;12071;20;;;12065.0;0.0
yf_ZC=F_d9;7400;ASH_COATED_OSMIUM;9918;16;9915;11;;;9932;14;9936;16;;;9925.0;0.0
yf_ZC=F_d9;7400;INTARIAN_PEPPER_ROOT;12063;11;12059;24;;;12069;14;12072;15;;;12066.0;0.0
yf_ZC=F_d9;7500;ASH_COATED_OSMIUM;9909;8;9907;19;;;9940;13;9943;18;;;9924.5;0.0
yf_ZC=F_d9;7500;INTARIAN_PEPPER_ROOT;12060;17;12056;22;;;12073;13;12076;18;;;12066.5;0.0
yf_ZC=F_d9;7600;ASH_COATED_OSMIUM;9922;10;9919;18;;;9928;18;9931;18;;;9925.0;0.0
yf_ZC=F_d9;7600;INTARIAN_PEPPER_ROOT;12063;5;12060;14;;;12072;7;12076;23;;;12067.5;0.0
yf_ZC=F_d9;7700;ASH_COATED_OSMIUM;9915;19;9911;22;;;9933;11;9936;27;;;9924.0;0.0
yf_ZC=F_d9;7700;INTARIAN_PEPPER_ROOT;12057;16;12055;20;;;12078;19;12082;17;;;12067.5;0.0
yf_ZC=F_d9;7800;ASH_COATED_OSMIUM;9920;12;9917;19;;;9928;10;9932;21;;;9924.0;0.0
yf_ZC=F_d9;7800;INTARIAN_PEPPER_ROOT;12065;16;12061;21;;;12071;11;12073;17;;;12068.0;0.0
yf_ZC=F_d9;7900;ASH_COATED_OSMIUM;9917;9;9913;16;;;9932;20;9935;22;;;9924.5;0.0
yf_ZC=F_d9;7900;INTARIAN_PEPPER_ROOT;12066;17;12063;26;;;12072;16;12076;16;;;12069.0;0.0
yf_ZC=F_d9;8000;ASH_COATED_OSMIUM;9921;13;9918;18;;;9927;15;9929;21;;;9924.0;0.0
yf_ZC=F_d9;8000;INTARIAN_PEPPER_ROOT;12066;18;12063;16;;;12073;10;12075;21;;;12069.5;0.0
yf_ZC=F_d9;8100;ASH_COATED_OSMIUM;9919;19;9917;18;;;9928;16;9930;15;;;9923.5;0.0
yf_ZC=F_d9;8100;INTARIAN_PEPPER_ROOT;12067;16;12063;23;;;12073;10;12076;19;;;12070.0;0.0
yf_ZC=F_d9;8200;ASH_COATED_OSMIUM;9920;16;9917;25;;;9926;14;9928;26;;;9923.0;0.0
yf_ZC=F_d9;8200;INTARIAN_PEPPER_ROOT;12067;28;12065;18;;;12073;13;12076;18;;;12070.0;0.0
yf_ZC=F_d9;8300;ASH_COATED_OSMIUM;9918;6;9916;21;;;9926;11;9928;16;;;9922.0;0.0
yf_ZC=F_d9;8300;INTARIAN_PEPPER_ROOT;12064;26;12061;12;;;12078;9;12080;13;;;12071.0;0.0
yf_ZC=F_d9;8400;ASH_COATED_OSMIUM;9919;11;9917;8;;;9925;18;9928;20;;;9922.0;0.0
yf_ZC=F_d9;8400;INTARIAN_PEPPER_ROOT;12067;13;12064;18;;;12075;16;12078;23;;;12071.0;0.0
yf_ZC=F_d9;8500;ASH_COATED_OSMIUM;9919;6;9916;12;;;9926;10;9928;12;;;9922.5;0.0
yf_ZC=F_d9;8500;INTARIAN_PEPPER_ROOT;12068;20;12065;17;;;12076;9;12079;18;;;12072.0;0.0
yf_ZC=F_d9;8600;ASH_COATED_OSMIUM;9919;16;9916;12;;;9925;25;9927;16;;;9922.0;0.0
yf_ZC=F_d9;8600;INTARIAN_PEPPER_ROOT;12069;9;12065;26;;;12075;12;12077;19;;;12072.0;0.0
yf_ZC=F_d9;8700;ASH_COATED_OSMIUM;9919;14;9916;22;;;9925;23;9927;23;;;9922.0;0.0
yf_ZC=F_d9;8700;INTARIAN_PEPPER_ROOT;12054;16;12050;27;;;12091;8;12095;18;;;12072.5;0.0
yf_ZC=F_d9;8800;ASH_COATED_OSMIUM;9915;10;9912;17;;;9927;15;9929;25;;;9921.0;0.0
yf_ZC=F_d9;8800;INTARIAN_PEPPER_ROOT;12071;13;12068;19;;;12077;20;12080;14;;;12074.0;0.0
yf_ZC=F_d9;8900;ASH_COATED_OSMIUM;9918;10;9916;20;;;9924;13;9928;21;;;9921.0;0.0
yf_ZC=F_d9;8900;INTARIAN_PEPPER_ROOT;12071;12;12067;9;;;12077;18;12080;10;;;12074.0;0.0
yf_ZC=F_d9;9000;ASH_COATED_OSMIUM;9919;8;9917;17;;;9925;16;9929;9;;;9922.0;0.0
yf_ZC=F_d9;9000;INTARIAN_PEPPER_ROOT;12063;19;12061;26;;;12085;12;12088;21;;;12074.0;0.0
yf_ZC=F_d9;9100;ASH_COATED_OSMIUM;9908;9;9904;23;;;9932;16;9934;25;;;9920.0;0.0
yf_ZC=F_d9;9100;INTARIAN_PEPPER_ROOT;12072;17;12070;15;;;12078;9;12082;20;;;12075.0;0.0
yf_ZC=F_d9;9200;ASH_COATED_OSMIUM;9917;16;9914;25;;;9923;5;9926;24;;;9920.0;0.0
yf_ZC=F_d9;9200;INTARIAN_PEPPER_ROOT;12064;16;12061;18;;;12087;14;12089;17;;;12075.5;0.0
yf_ZC=F_d9;9300;ASH_COATED_OSMIUM;9917;6;9914;17;;;9923;16;9926;15;;;9920.0;0.0
yf_ZC=F_d9;9300;INTARIAN_PEPPER_ROOT;12071;17;12068;25;;;12080;14;12084;10;;;12075.5;0.0
yf_ZC=F_d9;9400;ASH_COATED_OSMIUM;9917;15;9914;11;;;9923;14;9926;19;;;9920.0;0.0
yf_ZC=F_d9;9400;INTARIAN_PEPPER_ROOT;12074;6;12070;25;;;12080;18;12082;12;;;12077.0;0.0
yf_ZC=F_d9;9500;ASH_COATED_OSMIUM;9917;17;9913;21;;;9923;15;9926;11;;;9920.0;0.0
yf_ZC=F_d9;9500;INTARIAN_PEPPER_ROOT;12074;18;12071;30;;;12080;5;12082;9;;;12077.0;0.0
yf_ZC=F_d9;9600;ASH_COATED_OSMIUM;9916;22;9913;12;;;9922;7;9926;14;;;9919.0;0.0
yf_ZC=F_d9;9600;INTARIAN_PEPPER_ROOT;12075;20;12073;12;;;12081;17;12084;16;;;12078.0;0.0
yf_ZC=F_d9;9700;ASH_COATED_OSMIUM;9916;18;9913;24;;;9923;12;9925;19;;;9919.5;0.0
yf_ZC=F_d9;9700;INTARIAN_PEPPER_ROOT;12073;5;12070;25;;;12085;18;12087;21;;;12079.0;0.0
yf_ZC=F_d9;9800;ASH_COATED_OSMIUM;9910;14;9907;22;;;9927;14;9929;16;;;9918.5;0.0
yf_ZC=F_d9;9800;INTARIAN_PEPPER_ROOT;12075;16;12073;20;;;12083;5;12085;19;;;12079.0;0.0
yf_ZC=F_d9;9900;ASH_COATED_OSMIUM;9916;19;9913;23;;;9922;11;9924;13;;;9919.0;0.0
yf_ZC=F_d9;9900;INTARIAN_PEPPER_ROOT;12075;5;12072;20;;;12084;22;12086;30;;;12079.5;0.0
yf_ZC=F_d9;10000;ASH_COATED_OSMIUM;9908;10;9906;15;;;9929;19;9932;21;;;9918.5;0.0
yf_ZC=F_d9;10000;INTARIAN_PEPPER_ROOT;12077;10;12073;24;;;12083;16;12087;24;;;12080.0;0.0
yf_ZC=F_d9;10100;ASH_COATED_OSMIUM;9915;7;9912;18;;;9921;20;9925;25;;;9918.0;0.0
yf_ZC=F_d9;10100;INTARIAN_PEPPER_ROOT;12070;11;12067;20;;;12090;20;12094;25;;;12080.0;0.0
yf_ZC=F_d9;10200;ASH_COATED_OSMIUM;9915;19;9911;29;;;9921;13;9925;27;;;9918.0;0.0
yf_ZC=F_d9;10200;INTARIAN_PEPPER_ROOT;12077;12;12074;25;;;12083;20;12085;23;;;12080.0;0.0
yf_ZC=F_d9;10300;ASH_COATED_OSMIUM;9914;9;9912;14;;;9920;12;9922;13;;;9917.0;0.0
yf_ZC=F_d9;10300;INTARIAN_PEPPER_ROOT;12078;20;12076;28;;;12084;21;12086;16;;;12081.0;0.0
yf_ZC=F_d9;10400;ASH_COATED_OSMIUM;9915;14;9912;20;;;9921;27;9925;17;;;9918.0;0.0
yf_ZC=F_d9;10400;INTARIAN_PEPPER_ROOT;12077;18;12075;27;;;12086;14;12089;17;;;12081.5;0.0
yf_ZC=F_d9;10500;ASH_COATED_OSMIUM;9913;19;9911;17;;;9919;16;9921;17;;;9916.0;0.0
yf_ZC=F_d9;10500;INTARIAN_PEPPER_ROOT;12080;13;12077;21;;;12086;18;12088;16;;;12083.0;0.0
yf_ZC=F_d9;10600;ASH_COATED_OSMIUM;9911;15;9909;19;;;9922;16;9926;15;;;9916.5;0.0
yf_ZC=F_d9;10600;INTARIAN_PEPPER_ROOT;12080;16;12077;22;;;12086;10;12090;20;;;12083.0;0.0
yf_ZC=F_d9;10700;ASH_COATED_OSMIUM;9913;18;9911;26;;;9919;12;9921;24;;;9916.0;0.0
yf_ZC=F_d9;10700;INTARIAN_PEPPER_ROOT;12081;17;12078;23;;;12087;20;12090;19;;;12084.0;0.0
yf_ZC=F_d9;10800;ASH_COATED_OSMIUM;9913;14;9910;22;;;9919;18;9923;17;;;9916.0;0.0
yf_ZC=F_d9;10800;INTARIAN_PEPPER_ROOT;12077;11;12074;16;;;12090;19;12094;20;;;12083.5;0.0
yf_ZC=F_d9;10900;ASH_COATED_OSMIUM;9911;10;9909;16;;;9919;16;9923;14;;;9915.0;0.0
yf_ZC=F_d9;10900;INTARIAN_PEPPER_ROOT;12081;7;12079;17;;;12087;16;12090;29;;;12084.0;0.0
yf_ZC=F_d9;11000;ASH_COATED_OSMIUM;9911;18;9907;16;;;9920;15;9922;18;;;9915.5;0.0
yf_ZC=F_d9;11000;INTARIAN_PEPPER_ROOT;12082;11;12078;15;;;12088;6;12091;17;;;12085.0;0.0
yf_ZC=F_d9;11100;ASH_COATED_OSMIUM;9912;16;9910;24;;;9920;16;9924;17;;;9916.0;0.0
yf_ZC=F_d9;11100;INTARIAN_PEPPER_ROOT;12082;12;12080;23;;;12088;15;12090;13;;;12085.0;0.0
yf_ZC=F_d9;11200;ASH_COATED_OSMIUM;9912;18;9909;18;;;9918;20;9920;19;;;9915.0;0.0
yf_ZC=F_d9;11200;INTARIAN_PEPPER_ROOT;12081;16;12079;12;;;12091;21;12093;22;;;12086.0;0.0
yf_ZC=F_d9;11300;ASH_COATED_OSMIUM;9911;15;9908;26;;;9917;14;9919;21;;;9914.0;0.0
yf_ZC=F_d9;11300;INTARIAN_PEPPER_ROOT;12084;9;12080;13;;;12091;18;12095;21;;;12087.5;0.0
yf_ZC=F_d9;11400;ASH_COATED_OSMIUM;9910;23;9907;13;;;9919;21;9922;20;;;9914.5;0.0
yf_ZC=F_d9;11400;INTARIAN_PEPPER_ROOT;12074;13;12071;19;;;12099;14;12103;17;;;12086.5;0.0
yf_ZC=F_d9;11500;ASH_COATED_OSMIUM;9911;11;9908;18;;;9917;15;9921;20;;;9914.0;0.0
yf_ZC=F_d9;11500;INTARIAN_PEPPER_ROOT;12085;23;12082;9;;;12091;13;12094;26;;;12088.0;0.0
yf_ZC=F_d9;11600;ASH_COATED_OSMIUM;9910;25;9908;15;;;9918;22;9922;28;;;9914.0;0.0
yf_ZC=F_d9;11600;INTARIAN_PEPPER_ROOT;12085;13;12081;19;;;12091;12;12093;19;;;12088.0;0.0
yf_ZC=F_d9;11700;ASH_COATED_OSMIUM;9905;8;9903;15;;;9921;13;9925;19;;;9913.0;0.0
yf_ZC=F_d9;11700;INTARIAN_PEPPER_ROOT;12086;21;12084;17;;;12092;28;12094;19;;;12089.0;0.0
yf_ZC=F_d9;11800;ASH_COATED_OSMIUM;9910;13;9907;32;;;9916;9;9920;26;;;9913.0;0.0
yf_ZC=F_d9;11800;INTARIAN_PEPPER_ROOT;12086;18;12082;11;;;12092;12;12095;17;;;12089.0;0.0
yf_ZC=F_d9;11900;ASH_COATED_OSMIUM;9910;13;9907;21;;;9916;11;9918;17;;;9913.0;0.0
yf_ZC=F_d9;11900;INTARIAN_PEPPER_ROOT;12087;25;12083;20;;;12093;16;12095;16;;;12090.0;0.0
yf_ZC=F_d9;12000;ASH_COATED_OSMIUM;9910;13;9908;14;;;9916;8;9919;19;;;9913.0;0.0
yf_ZC=F_d9;12000;INTARIAN_PEPPER_ROOT;12084;19;12080;21;;;12095;5;12097;20;;;12089.5;0.0
yf_ZC=F_d9;12100;ASH_COATED_OSMIUM;9903;8;9901;24;;;9922;16;9925;24;;;9912.5;0.0
yf_ZC=F_d9;12100;INTARIAN_PEPPER_ROOT;12081;23;12079;26;;;12101;25;12105;22;;;12091.0;0.0
yf_ZC=F_d9;12200;ASH_COATED_OSMIUM;9897;19;9894;17;;;9927;19;9929;16;;;9912.0;0.0
yf_ZC=F_d9;12200;INTARIAN_PEPPER_ROOT;12087;20;12083;12;;;12095;16;12097;24;;;12091.0;0.0
yf_ZC=F_d9;12300;ASH_COATED_OSMIUM;9906;25;9902;18;;;9918;5;9921;17;;;9912.0;0.0
yf_ZC=F_d9;12300;INTARIAN_PEPPER_ROOT;12087;17;12083;20;;;12098;23;12100;11;;;12092.5;0.0
yf_ZC=F_d9;12400;ASH_COATED_OSMIUM;9909;22;9905;22;;;9915;8;9917;17;;;9912.0;0.0
yf_ZC=F_d9;12400;INTARIAN_PEPPER_ROOT;12088;6;12086;15;;;12096;23;12100;18;;;12092.0;0.0
yf_ZC=F_d9;12500;ASH_COATED_OSMIUM;9905;15;9901;16;;;9918;14;9922;20;;;9911.5;0.0
yf_ZC=F_d9;12500;INTARIAN_PEPPER_ROOT;12089;12;12086;22;;;12095;10;12099;18;;;12092.0;0.0
yf_ZC=F_d9;12600;ASH_COATED_OSMIUM;9907;16;9904;16;;;9915;15;9918;15;;;9911.0;0.0
yf_ZC=F_d9;12600;INTARIAN_PEPPER_ROOT;12091;17;12089;15;;;12097;12;12100;10;;;12094.0;0.0
yf_ZC=F_d9;12700;ASH_COATED_OSMIUM;9908;10;9904;12;;;9914;16;9917;20;;;9911.0;0.0
yf_ZC=F_d9;12700;INTARIAN_PEPPER_ROOT;12091;15;12087;8;;;12097;12;12100;23;;;12094.0;0.0
yf_ZC=F_d9;12800;ASH_COATED_OSMIUM;9908;13;9904;19;;;9914;8;9917;13;;;9911.0;0.0
yf_ZC=F_d9;12800;INTARIAN_PEPPER_ROOT;12091;18;12089;23;;;12097;13;12101;21;;;12094.0;0.0
yf_ZC=F_d9;12900;ASH_COATED_OSMIUM;9905;8;9902;21;;;9917;15;9919;13;;;9911.0;0.0
yf_ZC=F_d9;12900;INTARIAN_PEPPER_ROOT;12089;20;12086;27;;;12102;21;12104;21;;;12095.5;0.0
yf_ZC=F_d9;13000;ASH_COATED_OSMIUM;9908;19;9905;16;;;9914;12;9916;14;;;9911.0;0.0
yf_ZC=F_d9;13000;INTARIAN_PEPPER_ROOT;12084;5;12080;11;;;12108;18;12112;14;;;12096.0;0.0
yf_ZC=F_d9;13100;ASH_COATED_OSMIUM;9907;12;9904;34;;;9913;8;9916;28;;;9910.0;0.0
yf_ZC=F_d9;13100;INTARIAN_PEPPER_ROOT;12093;14;12091;14;;;12099;5;12102;26;;;12096.0;0.0
yf_ZC=F_d9;13200;ASH_COATED_OSMIUM;9902;13;9899;23;;;9917;11;9920;21;;;9909.5;0.0
yf_ZC=F_d9;13200;INTARIAN_PEPPER_ROOT;12089;25;12086;18;;;12106;14;12110;21;;;12097.5;0.0
yf_ZC=F_d9;13300;ASH_COATED_OSMIUM;9906;17;9904;26;;;9912;16;9916;12;;;9909.0;0.0
yf_ZC=F_d9;13300;INTARIAN_PEPPER_ROOT;12092;19;12089;16;;;12102;6;12105;22;;;12097.0;0.0
yf_ZC=F_d9;13400;ASH_COATED_OSMIUM;9906;13;9904;26;;;9912;16;9914;12;;;9909.0;0.0
yf_ZC=F_d9;13400;INTARIAN_PEPPER_ROOT;12095;12;12092;13;;;12101;22;12104;23;;;12098.0;0.0
yf_ZC=F_d9;13500;ASH_COATED_OSMIUM;9906;13;9904;14;;;9912;12;9914;15;;;9909.0;0.0
yf_ZC=F_d9;13500;INTARIAN_PEPPER_ROOT;12091;19;12089;19;;;12105;10;12107;16;;;12098.0;0.0
yf_ZC=F_d9;13600;ASH_COATED_OSMIUM;9905;14;9902;10;;;9911;15;9914;16;;;9908.0;0.0
yf_ZC=F_d9;13600;INTARIAN_PEPPER_ROOT;12096;8;12092;24;;;12102;22;12105;19;;;12099.0;0.0
yf_ZC=F_d9;13700;ASH_COATED_OSMIUM;9901;12;9897;16;;;9914;13;9916;16;;;9907.5;0.0
yf_ZC=F_d9;13700;INTARIAN_PEPPER_ROOT;12096;9;12094;18;;;12102;16;12106;12;;;12099.0;0.0
yf_ZC=F_d9;13800;ASH_COATED_OSMIUM;9903;16;9899;17;;;9912;10;9915;15;;;9907.5;0.0
yf_ZC=F_d9;13800;INTARIAN_PEPPER_ROOT;12095;15;12093;20;;;12104;13;12108;22;;;12099.5;0.0
yf_ZC=F_d9;13900;ASH_COATED_OSMIUM;9905;21;9903;21;;;9911;15;9915;22;;;9908.0;0.0
yf_ZC=F_d9;13900;INTARIAN_PEPPER_ROOT;12092;15;12088;15;;;12108;15;12111;14;;;12100.0;0.0
yf_ZC=F_d9;14000;ASH_COATED_OSMIUM;9904;14;9900;21;;;9911;12;9915;25;;;9907.5;0.0
yf_ZC=F_d9;14000;INTARIAN_PEPPER_ROOT;12098;15;12096;13;;;12104;16;12108;10;;;12101.0;0.0
yf_ZC=F_d9;14100;ASH_COATED_OSMIUM;9904;17;9900;18;;;9910;20;9914;23;;;9907.0;0.0
yf_ZC=F_d9;14100;INTARIAN_PEPPER_ROOT;12087;13;12084;17;;;12117;10;12121;13;;;12102.0;0.0
yf_ZC=F_d9;14200;ASH_COATED_OSMIUM;9904;16;9901;15;;;9910;19;9912;21;;;9907.0;0.0
yf_ZC=F_d9;14200;INTARIAN_PEPPER_ROOT;12092;7;12090;19;;;12111;10;12115;14;;;12101.5;0.0
yf_ZC=F_d9;14300;ASH_COATED_OSMIUM;9898;12;9896;28;;;9914;24;9918;19;;;9906.0;0.0
yf_ZC=F_d9;14300;INTARIAN_PEPPER_ROOT;12100;8;12097;18;;;12106;16;12108;25;;;12103.0;0.0
yf_ZC=F_d9;14400;ASH_COATED_OSMIUM;9903;10;9900;23;;;9909;18;9911;23;;;9906.0;0.0
yf_ZC=F_d9;14400;INTARIAN_PEPPER_ROOT;12100;7;12098;16;;;12106;20;12108;21;;;12103.0;0.0
yf_ZC=F_d9;14500;ASH_COATED_OSMIUM;9903;18;9901;22;;;9909;5;9913;19;;;9906.0;0.0
yf_ZC=F_d9;14500;INTARIAN_PEPPER_ROOT;12101;7;12099;15;;;12107;16;12111;22;;;12104.0;0.0
yf_ZC=F_d9;14600;ASH_COATED_OSMIUM;9901;6;9897;20;;;9910;13;9914;22;;;9905.5;0.0
yf_ZC=F_d9;14600;INTARIAN_PEPPER_ROOT;12101;20;12097;18;;;12107;5;12110;17;;;12104.0;0.0
yf_ZC=F_d9;14700;ASH_COATED_OSMIUM;9899;11;9897;15;;;9911;6;9913;20;;;9905.0;0.0
yf_ZC=F_d9;14700;INTARIAN_PEPPER_ROOT;12102;23;12098;20;;;12108;22;12110;25;;;12105.0;0.0
yf_ZC=F_d9;14800;ASH_COATED_OSMIUM;9888;19;9884;20;;;9923;13;9925;13;;;9905.5;0.0
yf_ZC=F_d9;14800;INTARIAN_PEPPER_ROOT;12102;12;12098;8;;;12108;18;12110;16;;;12105.0;0.0
yf_ZC=F_d9;14900;ASH_COATED_OSMIUM;9899;18;9895;28;;;9911;12;9914;12;;;9905.0;0.0
yf_ZC=F_d9;14900;INTARIAN_PEPPER_ROOT;12098;15;12096;14;;;12113;15;12116;13;;;12105.5;0.0
yf_ZC=F_d9;15000;ASH_COATED_OSMIUM;9901;5;9898;15;;;9908;12;9911;24;;;9904.5;0.0
yf_ZC=F_d9;15000;INTARIAN_PEPPER_ROOT;12103;22;12100;24;;;12109;11;12113;20;;;12106.0;0.0
yf_ZC=F_d9;15100;ASH_COATED_OSMIUM;9902;12;9898;17;;;9908;15;9910;20;;;9905.0;0.0
yf_ZC=F_d9;15100;INTARIAN_PEPPER_ROOT;12104;12;12100;17;;;12110;15;12112;24;;;12107.0;0.0
yf_ZC=F_d9;15200;ASH_COATED_OSMIUM;9892;17;9890;22;;;9916;16;9919;17;;;9904.0;0.0
yf_ZC=F_d9;15200;INTARIAN_PEPPER_ROOT;12102;20;12100;16;;;12111;13;12113;21;;;12106.5;0.0
yf_ZC=F_d9;15300;ASH_COATED_OSMIUM;9898;25;9895;18;;;9911;13;9914;24;;;9904.5;0.0
yf_ZC=F_d9;15300;INTARIAN_PEPPER_ROOT;12104;15;12102;16;;;12111;10;12115;12;;;12107.5;0.0
yf_ZC=F_d9;15400;ASH_COATED_OSMIUM;9894;16;9890;17;;;9912;16;9914;13;;;9903.0;0.0
yf_ZC=F_d9;15400;INTARIAN_PEPPER_ROOT;12105;19;12103;15;;;12111;9;12114;8;;;12108.0;0.0
yf_ZC=F_d9;15500;ASH_COATED_OSMIUM;9901;10;9899;15;;;9907;13;9909;10;;;9904.0;0.0
yf_ZC=F_d9;15500;INTARIAN_PEPPER_ROOT;12106;15;12104;26;;;12112;25;12115;18;;;12109.0;0.0
yf_ZC=F_d9;15600;ASH_COATED_OSMIUM;9898;12;9896;19;;;9908;9;9912;26;;;9903.0;0.0
yf_ZC=F_d9;15600;INTARIAN_PEPPER_ROOT;12106;13;12103;18;;;12113;16;12115;15;;;12109.5;0.0
yf_ZC=F_d9;15700;ASH_COATED_OSMIUM;9900;16;9897;21;;;9906;19;9909;16;;;9903.0;0.0
yf_ZC=F_d9;15700;INTARIAN_PEPPER_ROOT;12106;17;12102;28;;;12114;12;12118;13;;;12110.0;0.0
yf_ZC=F_d9;15800;ASH_COATED_OSMIUM;9900;10;9896;24;;;9906;21;9909;14;;;9903.0;0.0
yf_ZC=F_d9;15800;INTARIAN_PEPPER_ROOT;12081;6;12078;15;;;12141;8;12143;26;;;12111.0;0.0
yf_ZC=F_d9;15900;ASH_COATED_OSMIUM;9891;16;9887;20;;;9913;9;9916;16;;;9902.0;0.0
yf_ZC=F_d9;15900;INTARIAN_PEPPER_ROOT;12102;12;12099;30;;;12120;17;12123;9;;;12111.0;0.0
yf_ZC=F_d9;16000;ASH_COATED_OSMIUM;9899;13;9896;14;;;9905;16;9908;16;;;9902.0;0.0
yf_ZC=F_d9;16000;INTARIAN_PEPPER_ROOT;12109;6;12107;25;;;12115;15;12117;21;;;12112.0;0.0
yf_ZC=F_d9;16100;ASH_COATED_OSMIUM;9896;11;9894;24;;;9908;9;9912;26;;;9902.0;0.0
yf_ZC=F_d9;16100;INTARIAN_PEPPER_ROOT;12109;14;12106;21;;;12115;23;12119;14;;;12112.0;0.0
yf_ZC=F_d9;16200;ASH_COATED_OSMIUM;9898;9;9896;15;;;9905;13;9909;19;;;9901.5;0.0
yf_ZC=F_d9;16200;INTARIAN_PEPPER_ROOT;12106;18;12104;23;;;12118;18;12120;17;;;12112.0;0.0
yf_ZC=F_d9;16300;ASH_COATED_OSMIUM;9890;9;9886;22;;;9912;7;9915;18;;;9901.0;0.0
yf_ZC=F_d9;16300;INTARIAN_PEPPER_ROOT;12110;11;12108;17;;;12116;20;12120;23;;;12113.0;0.0
yf_ZC=F_d9;16400;ASH_COATED_OSMIUM;9898;11;9894;18;;;9904;17;9906;26;;;9901.0;0.0
yf_ZC=F_d9;16400;INTARIAN_PEPPER_ROOT;12111;25;12107;23;;;12117;16;12120;22;;;12114.0;0.0
yf_ZC=F_d9;16500;ASH_COATED_OSMIUM;9898;16;9895;22;;;9904;21;9907;28;;;9901.0;0.0
yf_ZC=F_d9;16500;INTARIAN_PEPPER_ROOT;12109;19;12105;20;;;12119;17;12122;25;;;12114.0;0.0
yf_ZC=F_d9;16600;ASH_COATED_OSMIUM;9895;17;9891;16;;;9905;17;9907;14;;;9900.0;0.0
yf_ZC=F_d9;16600;INTARIAN_PEPPER_ROOT;12112;15;12109;12;;;12118;23;12120;25;;;12115.0;0.0
yf_ZC=F_d9;16700;ASH_COATED_OSMIUM;9897;20;9893;18;;;9903;20;9906;25;;;9900.0;0.0
yf_ZC=F_d9;16700;INTARIAN_PEPPER_ROOT;12112;16;12108;25;;;12119;7;12121;21;;;12115.5;0.0
yf_ZC=F_d9;16800;ASH_COATED_OSMIUM;9897;9;9893;16;;;9903;10;9905;19;;;9900.0;0.0
yf_ZC=F_d9;16800;INTARIAN_PEPPER_ROOT;12113;17;12110;17;;;12119;17;12122;23;;;12116.0;0.0
yf_ZC=F_d9;16900;ASH_COATED_OSMIUM;9896;20;9892;19;;;9903;12;9907;14;;;9899.5;0.0
yf_ZC=F_d9;16900;INTARIAN_PEPPER_ROOT;12113;22;12110;22;;;12119;7;12123;28;;;12116.0;0.0
yf_ZC=F_d9;17000;ASH_COATED_OSMIUM;9896;11;9894;23;;;9902;23;9905;17;;;9899.0;0.0
yf_ZC=F_d9;17000;INTARIAN_PEPPER_ROOT;12115;11;12111;23;;;12121;30;12123;22;;;12118.0;0.0
yf_ZC=F_d9;17100;ASH_COATED_OSMIUM;9893;7;9891;24;;;9906;19;9910;21;;;9899.5;0.0
yf_ZC=F_d9;17100;INTARIAN_PEPPER_ROOT;12117;21;12115;12;;;12123;5;12125;16;;;12120.0;0.0
yf_ZC=F_d9;17200;ASH_COATED_OSMIUM;9897;5;9893;16;;;9903;15;9905;18;;;9900.0;0.0
yf_ZC=F_d9;17200;INTARIAN_PEPPER_ROOT;12119;10;12117;20;;;12125;18;12129;15;;;12122.0;0.0
yf_ZC=F_d9;17300;ASH_COATED_OSMIUM;9897;11;9895;16;;;9903;13;9907;17;;;9900.0;0.0
yf_ZC=F_d9;17300;INTARIAN_PEPPER_ROOT;12121;13;12118;21;;;12127;14;12129;18;;;12124.0;0.0
yf_ZC=F_d9;17400;ASH_COATED_OSMIUM;9885;19;9881;18;;;9915;12;9919;25;;;9900.0;0.0
yf_ZC=F_d9;17400;INTARIAN_PEPPER_ROOT;12110;17;12106;25;;;12142;17;12144;25;;;12126.0;0.0
yf_ZC=F_d9;17500;ASH_COATED_OSMIUM;9897;15;9895;26;;;9903;18;9907;18;;;9900.0;0.0
yf_ZC=F_d9;17500;INTARIAN_PEPPER_ROOT;12124;14;12120;15;;;12132;5;12136;28;;;12128.0;0.0
yf_ZC=F_d9;17600;ASH_COATED_OSMIUM;9897;6;9893;22;;;9903;17;9905;19;;;9900.0;0.0
yf_ZC=F_d9;17600;INTARIAN_PEPPER_ROOT;12127;10;12125;28;;;12133;12;12136;21;;;12130.0;0.0
yf_ZC=F_d9;17700;ASH_COATED_OSMIUM;9896;10;9892;13;;;9907;17;9909;21;;;9901.5;0.0
yf_ZC=F_d9;17700;INTARIAN_PEPPER_ROOT;12124;14;12122;18;;;12140;16;12144;22;;;12132.0;0.0
yf_ZC=F_d9;17800;ASH_COATED_OSMIUM;9897;13;9895;15;;;9904;28;9907;22;;;9900.5;0.0
yf_ZC=F_d9;17800;INTARIAN_PEPPER_ROOT;12132;15;12129;20;;;12138;13;12140;17;;;12135.0;0.0
yf_ZC=F_d9;17900;ASH_COATED_OSMIUM;9896;22;9892;11;;;9909;17;9912;13;;;9902.5;0.0
yf_ZC=F_d9;17900;INTARIAN_PEPPER_ROOT;12134;15;12131;15;;;12140;11;12143;8;;;12137.0;0.0
yf_ZC=F_d9;18000;ASH_COATED_OSMIUM;9899;23;9897;8;;;9905;12;9908;22;;;9902.0;0.0
yf_ZC=F_d9;18000;INTARIAN_PEPPER_ROOT;12136;21;12132;29;;;12142;12;12145;27;;;12139.0;0.0
yf_ZC=F_d9;18100;ASH_COATED_OSMIUM;9898;21;9895;27;;;9904;14;9906;21;;;9901.0;0.0
yf_ZC=F_d9;18100;INTARIAN_PEPPER_ROOT;12139;14;12136;17;;;12145;21;12149;18;;;12142.0;0.0
yf_ZC=F_d9;18200;ASH_COATED_OSMIUM;9898;13;9896;21;;;9904;25;9906;21;;;9901.0;0.0
yf_ZC=F_d9;18200;INTARIAN_PEPPER_ROOT;12140;25;12138;25;;;12146;11;12148;18;;;12143.0;0.0
yf_ZC=F_d9;18300;ASH_COATED_OSMIUM;9898;15;9895;16;;;9904;11;9906;18;;;9901.0;0.0
yf_ZC=F_d9;18300;INTARIAN_PEPPER_ROOT;12132;11;12130;22;;;12158;17;12161;20;;;12145.0;0.0
yf_ZC=F_d9;18400;ASH_COATED_OSMIUM;9893;19;9890;15;;;9911;13;9913;27;;;9902.0;0.0
yf_ZC=F_d9;18400;INTARIAN_PEPPER_ROOT;12143;14;12140;20;;;12151;8;12153;21;;;12147.0;0.0
yf_ZC=F_d9;18500;ASH_COATED_OSMIUM;9899;22;9895;20;;;9905;21;9907;15;;;9902.0;0.0
yf_ZC=F_d9;18500;INTARIAN_PEPPER_ROOT;12147;18;12145;24;;;12153;18;12156;20;;;12150.0;0.0
yf_ZC=F_d9;18600;ASH_COATED_OSMIUM;9891;13;9889;23;;;9915;15;9917;18;;;9903.0;0.0
yf_ZC=F_d9;18600;INTARIAN_PEPPER_ROOT;12149;11;12147;12;;;12155;13;12158;10;;;12152.0;0.0
yf_ZC=F_d9;18700;ASH_COATED_OSMIUM;9900;11;9897;20;;;9906;17;9910;26;;;9903.0;0.0
yf_ZC=F_d9;18700;INTARIAN_PEPPER_ROOT;12151;10;12149;21;;;12157;20;12161;20;;;12154.0;0.0
yf_ZC=F_d9;18800;ASH_COATED_OSMIUM;9893;15;9891;19;;;9913;23;9915;15;;;9903.0;0.0
yf_ZC=F_d9;18800;INTARIAN_PEPPER_ROOT;12153;15;12149;33;;;12159;19;12161;17;;;12156.0;0.0
yf_ZC=F_d9;18900;ASH_COATED_OSMIUM;9900;11;9896;25;;;9906;18;9909;23;;;9903.0;0.0
yf_ZC=F_d9;18900;INTARIAN_PEPPER_ROOT;12155;12;12152;21;;;12161;13;12163;23;;;12158.0;0.0
yf_ZC=F_d9;19000;ASH_COATED_OSMIUM;9900;18;9896;12;;;9907;15;9910;14;;;9903.5;0.0
yf_ZC=F_d9;19000;INTARIAN_PEPPER_ROOT;12158;18;12156;19;;;12164;17;12168;23;;;12161.0;0.0
yf_ZC=F_d9;19100;ASH_COATED_OSMIUM;9899;19;9896;31;;;9906;16;9908;27;;;9902.5;0.0
yf_ZC=F_d9;19100;INTARIAN_PEPPER_ROOT;12154;16;12151;28;;;12171;19;12175;22;;;12162.5;0.0
yf_ZC=F_d9;19200;ASH_COATED_OSMIUM;9900;21;9897;16;;;9906;6;9909;26;;;9903.0;0.0
yf_ZC=F_d9;19200;INTARIAN_PEPPER_ROOT;12162;22;12159;19;;;12168;12;12170;25;;;12165.0;0.0
yf_ZC=F_d9;19300;ASH_COATED_OSMIUM;9900;7;9896;25;;;9908;28;9912;18;;;9904.0;0.0
yf_ZC=F_d9;19300;INTARIAN_PEPPER_ROOT;12164;19;12162;22;;;12170;11;12173;22;;;12167.0;0.0
yf_ZC=F_d9;19400;ASH_COATED_OSMIUM;9901;14;9898;32;;;9907;25;9910;19;;;9904.0;0.0
yf_ZC=F_d9;19400;INTARIAN_PEPPER_ROOT;12166;21;12162;22;;;12172;14;12176;12;;;12169.0;0.0
yf_ZC=F_d9;19500;ASH_COATED_OSMIUM;9901;15;9899;16;;;9907;17;9910;16;;;9904.0;0.0
yf_ZC=F_d9;19500;INTARIAN_PEPPER_ROOT;12168;14;12165;15;;;12174;29;12178;15;;;12171.0;0.0
yf_ZC=F_d9;19600;ASH_COATED_OSMIUM;9901;20;9898;14;;;9907;17;9910;22;;;9904.0;0.0
yf_ZC=F_d9;19600;INTARIAN_PEPPER_ROOT;12170;19;12167;22;;;12176;21;12178;31;;;12173.0;0.0
yf_ZC=F_d9;19700;ASH_COATED_OSMIUM;9898;15;9895;26;;;9911;15;9915;19;;;9904.5;0.0
yf_ZC=F_d9;19700;INTARIAN_PEPPER_ROOT;12172;11;12170;29;;;12178;18;12180;17;;;12175.0;0.0
yf_ZC=F_d9;19800;ASH_COATED_OSMIUM;9899;16;9896;19;;;9911;21;9915;10;;;9905.0;0.0
yf_ZC=F_d9;19800;INTARIAN_PEPPER_ROOT;12174;12;12171;18;;;12180;21;12184;18;;;12177.0;0.0
yf_ZC=F_d9;19900;ASH_COATED_OSMIUM;9902;18;9899;26;;;9908;16;9910;25;;;9905.0;0.0
yf_ZC=F_d9;19900;INTARIAN_PEPPER_ROOT;12176;11;12172;14;;;12183;22;12187;21;;;12179.5;0.0
yf_ZC=F_d9;20000;ASH_COATED_OSMIUM;9902;15;9899;15;;;9908;15;9910;19;;;9905.0;0.0
yf_ZC=F_d9;20000;INTARIAN_PEPPER_ROOT;12178;12;12176;19;;;12184;19;12186;23;;;12181.0;0.0
yf_ZC=F_d9;20100;ASH_COATED_OSMIUM;9902;20;9898;18;;;9908;16;9910;20;;;9905.0;0.0
yf_ZC=F_d9;20100;INTARIAN_PEPPER_ROOT;12173;5;12170;18;;;12195;20;12198;12;;;12184.0;0.0
yf_ZC=F_d9;20200;ASH_COATED_OSMIUM;9902;15;9898;15;;;9908;12;9910;21;;;9905.0;0.0
yf_ZC=F_d9;20200;INTARIAN_PEPPER_ROOT;12183;5;12180;17;;;12189;17;12193;15;;;12186.0;0.0
yf_ZC=F_d9;20300;ASH_COATED_OSMIUM;9902;10;9898;20;;;9910;11;9913;16;;;9906.0;0.0
yf_ZC=F_d9;20300;INTARIAN_PEPPER_ROOT;12184;6;12181;13;;;12193;16;12195;21;;;12188.5;0.0
yf_ZC=F_d9;20400;ASH_COATED_OSMIUM;9900;20;9898;21;;;9913;10;9917;24;;;9906.5;0.0
yf_ZC=F_d9;20400;INTARIAN_PEPPER_ROOT;12186;21;12182;19;;;12195;12;12198;20;;;12190.5;0.0
yf_ZC=F_d9;20500;ASH_COATED_OSMIUM;9896;12;9894;21;;;9916;17;9918;14;;;9906.0;0.0
yf_ZC=F_d9;20500;INTARIAN_PEPPER_ROOT;12187;18;12183;14;;;12199;17;12203;22;;;12193.0;0.0
yf_ZC=F_d9;20600;ASH_COATED_OSMIUM;9902;15;9898;28;;;9909;16;9912;18;;;9905.5;0.0
yf_ZC=F_d9;20600;INTARIAN_PEPPER_ROOT;12191;18;12187;23;;;12197;19;12200;20;;;12194.0;0.0
yf_ZC=F_d9;20700;ASH_COATED_OSMIUM;9902;18;9899;25;;;9909;19;9911;24;;;9905.5;0.0
yf_ZC=F_d9;20700;INTARIAN_PEPPER_ROOT;12194;15;12190;25;;;12200;15;12203;17;;;12197.0;0.0
yf_ZC=F_d9;20800;ASH_COATED_OSMIUM;9885;19;9881;20;;;9927;15;9929;18;;;9906.0;0.0
yf_ZC=F_d9;20800;INTARIAN_PEPPER_ROOT;12189;15;12186;24;;;12208;5;12211;21;;;12198.5;0.0
yf_ZC=F_d9;20900;ASH_COATED_OSMIUM;9899;20;9896;22;;;9912;13;9915;23;;;9905.5;0.0
yf_ZC=F_d9;20900;INTARIAN_PEPPER_ROOT;12194;11;12191;28;;;12208;17;12210;19;;;12201.0;0.0
yf_ZC=F_d9;21000;ASH_COATED_OSMIUM;9903;11;9900;21;;;9909;15;9911;12;;;9906.0;0.0
yf_ZC=F_d9;21000;INTARIAN_PEPPER_ROOT;12199;9;12195;20;;;12205;18;12207;11;;;12202.0;0.0
yf_ZC=F_d9;21100;ASH_COATED_OSMIUM;9904;12;9901;16;;;9910;10;9912;24;;;9907.0;0.0
yf_ZC=F_d9;21100;INTARIAN_PEPPER_ROOT;12192;24;12188;14;;;12218;7;12221;27;;;12205.0;0.0
yf_ZC=F_d9;21200;ASH_COATED_OSMIUM;9904;12;9901;23;;;9910;25;9914;19;;;9907.0;0.0
yf_ZC=F_d9;21200;INTARIAN_PEPPER_ROOT;12204;8;12201;28;;;12210;13;12214;10;;;12207.0;0.0
yf_ZC=F_d9;21300;ASH_COATED_OSMIUM;9884;18;9882;22;;;9930;18;9934;9;;;9907.0;0.0
yf_ZC=F_d9;21300;INTARIAN_PEPPER_ROOT;12198;14;12196;23;;;12221;29;12225;15;;;12209.5;0.0
yf_ZC=F_d9;21400;ASH_COATED_OSMIUM;9900;16;9897;22;;;9915;17;9919;24;;;9907.5;0.0
yf_ZC=F_d9;21400;INTARIAN_PEPPER_ROOT;12200;22;12197;17;;;12222;14;12224;16;;;12211.0;0.0
yf_ZC=F_d9;21500;ASH_COATED_OSMIUM;9902;15;9899;28;;;9913;21;9917;21;;;9907.5;0.0
yf_ZC=F_d9;21500;INTARIAN_PEPPER_ROOT;12190;12;12187;21;;;12237;19;12239;20;;;12213.5;0.0
yf_ZC=F_d9;21600;ASH_COATED_OSMIUM;9905;9;9901;22;;;9911;16;9915;19;;;9908.0;0.0
yf_ZC=F_d9;21600;INTARIAN_PEPPER_ROOT;12211;21;12208;16;;;12221;17;12225;28;;;12216.0;0.0
yf_ZC=F_d9;21700;ASH_COATED_OSMIUM;9905;12;9903;16;;;9911;23;9913;26;;;9908.0;0.0
yf_ZC=F_d9;21700;INTARIAN_PEPPER_ROOT;12213;19;12210;23;;;12222;14;12224;17;;;12217.5;0.0
yf_ZC=F_d9;21800;ASH_COATED_OSMIUM;9905;10;9903;17;;;9911;19;9915;17;;;9908.0;0.0
yf_ZC=F_d9;21800;INTARIAN_PEPPER_ROOT;12214;21;12211;13;;;12226;8;12228;13;;;12220.0;0.0
yf_ZC=F_d9;21900;ASH_COATED_OSMIUM;9891;7;9889;19;;;9925;19;9929;19;;;9908.0;0.0
yf_ZC=F_d9;21900;INTARIAN_PEPPER_ROOT;12219;17;12217;30;;;12225;5;12229;25;;;12222.0;0.0
yf_ZC=F_d9;22000;ASH_COATED_OSMIUM;9906;15;9902;18;;;9912;21;9916;24;;;9909.0;0.0
yf_ZC=F_d9;22000;INTARIAN_PEPPER_ROOT;12221;16;12218;21;;;12227;13;12230;23;;;12224.0;0.0
yf_ZC=F_d9;22100;ASH_COATED_OSMIUM;9906;19;9903;23;;;9912;13;9916;24;;;9909.0;0.0
yf_ZC=F_d9;22100;INTARIAN_PEPPER_ROOT;12223;10;12221;9;;;12229;12;12232;15;;;12226.0;0.0
yf_ZC=F_d9;22200;ASH_COATED_OSMIUM;9906;18;9904;19;;;9912;9;9914;9;;;9909.0;0.0
yf_ZC=F_d9;22200;INTARIAN_PEPPER_ROOT;12225;21;12223;24;;;12231;6;12233;19;;;12228.0;0.0
yf_ZC=F_d9;22300;ASH_COATED_OSMIUM;9905;13;9903;17;;;9911;28;9915;22;;;9908.0;0.0
yf_ZC=F_d9;22300;INTARIAN_PEPPER_ROOT;12227;6;12225;18;;;12233;17;12237;25;;;12230.0;0.0
yf_ZC=F_d9;22400;ASH_COATED_OSMIUM;9906;16;9902;23;;;9912;14;9916;16;;;9909.0;0.0
yf_ZC=F_d9;22400;INTARIAN_PEPPER_ROOT;12230;19;12228;16;;;12236;14;12238;24;;;12233.0;0.0
yf_ZC=F_d9;22500;ASH_COATED_OSMIUM;9899;8;9895;15;;;9921;24;9925;20;;;9910.0;0.0
yf_ZC=F_d9;22500;INTARIAN_PEPPER_ROOT;12229;15;12226;21;;;12241;15;12243;16;;;12235.0;0.0
yf_ZC=F_d9;22600;ASH_COATED_OSMIUM;9906;17;9902;20;;;9913;17;9915;24;;;9909.5;0.0
yf_ZC=F_d9;22600;INTARIAN_PEPPER_ROOT;12234;12;12230;19;;;12240;18;12244;24;;;12237.0;0.0
yf_ZC=F_d9;22700;ASH_COATED_OSMIUM;9904;7;9901;20;;;9914;12;9916;19;;;9909.0;0.0
yf_ZC=F_d9;22700;INTARIAN_PEPPER_ROOT;12235;14;12231;20;;;12243;22;12247;15;;;12239.0;0.0
yf_ZC=F_d9;22800;ASH_COATED_OSMIUM;9907;11;9905;21;;;9913;14;9917;17;;;9910.0;0.0
yf_ZC=F_d9;22800;INTARIAN_PEPPER_ROOT;12239;18;12236;20;;;12245;21;12248;11;;;12242.0;0.0
yf_ZC=F_d9;22900;ASH_COATED_OSMIUM;9908;15;9904;16;;;9914;16;9917;18;;;9911.0;0.0
yf_ZC=F_d9;22900;INTARIAN_PEPPER_ROOT;12237;14;12235;10;;;12249;16;12253;23;;;12243.0;0.0
yf_ZC=F_d9;23000;ASH_COATED_OSMIUM;9907;11;9904;9;;;9914;10;9917;22;;;9910.5;0.0
yf_ZC=F_d9;23000;INTARIAN_PEPPER_ROOT;12242;15;12239;18;;;12248;20;12252;18;;;12245.0;0.0
yf_ZC=F_d9;23100;ASH_COATED_OSMIUM;9902;22;9899;22;;;9918;14;9920;19;;;9910.0;0.0
yf_ZC=F_d9;23100;INTARIAN_PEPPER_ROOT;12242;7;12238;16;;;12253;5;12257;16;;;12247.5;0.0
yf_ZC=F_d9;23200;ASH_COATED_OSMIUM;9907;10;9905;15;;;9916;14;9919;19;;;9911.5;0.0
yf_ZC=F_d9;23200;INTARIAN_PEPPER_ROOT;12247;10;12245;17;;;12253;20;12256;22;;;12250.0;0.0
yf_ZC=F_d9;23300;ASH_COATED_OSMIUM;9907;13;9904;33;;;9914;14;9916;26;;;9910.5;0.0
yf_ZC=F_d9;23300;INTARIAN_PEPPER_ROOT;12246;10;12243;14;;;12258;17;12260;22;;;12252.0;0.0
yf_ZC=F_d9;23400;ASH_COATED_OSMIUM;9907;9;9903;17;;;9914;14;9918;19;;;9910.5;0.0
yf_ZC=F_d9;23400;INTARIAN_PEPPER_ROOT;12247;12;12244;21;;;12260;19;12262;16;;;12253.5;0.0
yf_ZC=F_d9;23500;ASH_COATED_OSMIUM;9908;15;9904;21;;;9914;10;9918;23;;;9911.0;0.0
yf_ZC=F_d9;23500;INTARIAN_PEPPER_ROOT;12253;10;12249;22;;;12259;12;12261;17;;;12256.0;0.0
yf_ZC=F_d9;23600;ASH_COATED_OSMIUM;9905;14;9903;18;;;9918;14;9922;20;;;9911.5;0.0
yf_ZC=F_d9;23600;INTARIAN_PEPPER_ROOT;12249;22;12246;20;;;12267;11;12271;20;;;12258.0;0.0
yf_ZC=F_d9;23700;ASH_COATED_OSMIUM;9903;5;9899;26;;;9919;14;9921;17;;;9911.0;0.0
yf_ZC=F_d9;23700;INTARIAN_PEPPER_ROOT;12256;15;12254;19;;;12264;13;12268;22;;;12260.0;0.0
yf_ZC=F_d9;23800;ASH_COATED_OSMIUM;9909;18;9906;9;;;9915;18;9917;26;;;9912.0;0.0
yf_ZC=F_d9;23800;INTARIAN_PEPPER_ROOT;12259;19;12256;10;;;12265;16;12267;29;;;12262.0;0.0
yf_ZC=F_d9;23900;ASH_COATED_OSMIUM;9909;20;9906;19;;;9915;12;9919;26;;;9912.0;0.0
yf_ZC=F_d9;23900;INTARIAN_PEPPER_ROOT;12262;5;12258;8;;;12268;19;12271;13;;;12265.0;0.0
yf_ZC=F_d9;24000;ASH_COATED_OSMIUM;9909;16;9905;11;;;9915;17;9917;16;;;9912.0;0.0
yf_ZC=F_d9;24000;INTARIAN_PEPPER_ROOT;12263;18;12261;23;;;12269;12;12271;18;;;12266.0;0.0
yf_ZC=F_d9;24100;ASH_COATED_OSMIUM;9909;24;9905;17;;;9916;17;9919;19;;;9912.5;0.0
yf_ZC=F_d9;24100;INTARIAN_PEPPER_ROOT;12266;13;12263;29;;;12272;14;12276;21;;;12269.0;0.0
yf_ZC=F_d9;24200;ASH_COATED_OSMIUM;9887;20;9883;18;;;9938;21;9942;27;;;9912.5;0.0
yf_ZC=F_d9;24200;INTARIAN_PEPPER_ROOT;12268;10;12265;21;;;12274;14;12276;25;;;12271.0;0.0
yf_ZC=F_d9;24300;ASH_COATED_OSMIUM;9910;20;9906;25;;;9916;24;9920;21;;;9913.0;0.0
yf_ZC=F_d9;24300;INTARIAN_PEPPER_ROOT;12270;21;12268;18;;;12276;14;12278;20;;;12273.0;0.0
yf_ZC=F_d9;24400;ASH_COATED_OSMIUM;9910;16;9907;18;;;9916;14;9919;19;;;9913.0;0.0
yf_ZC=F_d9;24400;INTARIAN_PEPPER_ROOT;12269;12;12266;10;;;12281;17;12284;8;;;12275.0;0.0
yf_ZC=F_d9;24500;ASH_COATED_OSMIUM;9910;9;9908;21;;;9916;8;9920;16;;;9913.0;0.0
yf_ZC=F_d9;24500;INTARIAN_PEPPER_ROOT;12275;14;12272;20;;;12281;13;12283;25;;;12278.0;0.0
yf_ZC=F_d9;24600;ASH_COATED_OSMIUM;9907;7;9905;20;;;9921;19;9923;8;;;9914.0;0.0
yf_ZC=F_d9;24600;INTARIAN_PEPPER_ROOT;12277;7;12275;23;;;12283;7;12285;22;;;12280.0;0.0
yf_ZC=F_d9;24700;ASH_COATED_OSMIUM;9911;17;9909;22;;;9917;10;9920;23;;;9914.0;0.0
yf_ZC=F_d9;24700;INTARIAN_PEPPER_ROOT;12273;14;12269;13;;;12290;8;12294;13;;;12281.5;0.0
yf_ZC=F_d9;24800;ASH_COATED_OSMIUM;9910;26;9908;28;;;9917;13;9919;19;;;9913.5;0.0
yf_ZC=F_d9;24800;INTARIAN_PEPPER_ROOT;12281;14;12278;21;;;12287;14;12289;24;;;12284.0;0.0
yf_ZC=F_d9;24900;ASH_COATED_OSMIUM;9911;17;9909;21;;;9917;16;9920;12;;;9914.0;0.0
yf_ZC=F_d9;24900;INTARIAN_PEPPER_ROOT;12283;14;12281;28;;;12289;17;12292;29;;;12286.0;0.0
yf_ZC=F_d9;25000;ASH_COATED_OSMIUM;9907;20;9904;16;;;9920;21;9922;12;;;9913.5;0.0
yf_ZC=F_d9;25000;INTARIAN_PEPPER_ROOT;12285;6;12283;21;;;12291;10;12294;20;;;12288.0;0.0
yf_ZC=F_d9;25100;ASH_COATED_OSMIUM;9895;17;9892;18;;;9934;13;9938;28;;;9914.5;0.0
yf_ZC=F_d9;25100;INTARIAN_PEPPER_ROOT;12287;14;12285;24;;;12293;16;12295;20;;;12290.0;0.0
yf_ZC=F_d9;25200;ASH_COATED_OSMIUM;9902;21;9900;16;;;9925;19;9929;17;;;9913.5;0.0
yf_ZC=F_d9;25200;INTARIAN_PEPPER_ROOT;12289;7;12285;25;;;12295;10;12297;15;;;12292.0;0.0
yf_ZC=F_d9;25300;ASH_COATED_OSMIUM;9903;15;9899;21;;;9925;17;9928;14;;;9914.0;0.0
yf_ZC=F_d9;25300;INTARIAN_PEPPER_ROOT;12291;15;12287;11;;;12297;15;12301;22;;;12294.0;0.0
yf_ZC=F_d9;25400;ASH_COATED_OSMIUM;9907;15;9904;20;;;9923;12;9927;20;;;9915.0;0.0
yf_ZC=F_d9;25400;INTARIAN_PEPPER_ROOT;12290;14;12287;25;;;12303;15;12305;22;;;12296.5;0.0
yf_ZC=F_d9;25500;ASH_COATED_OSMIUM;9912;14;9910;18;;;9918;23;9922;17;;;9915.0;0.0
yf_ZC=F_d9;25500;INTARIAN_PEPPER_ROOT;12293;21;12289;15;;;12304;17;12306;23;;;12298.5;0.0
yf_ZC=F_d9;25600;ASH_COATED_OSMIUM;9910;14;9907;22;;;9920;12;9922;18;;;9915.0;0.0
yf_ZC=F_d9;25600;INTARIAN_PEPPER_ROOT;12298;19;12294;28;;;12304;7;12308;14;;;12301.0;0.0
yf_ZC=F_d9;25700;ASH_COATED_OSMIUM;9911;26;9908;20;;;9919;11;9922;20;;;9915.0;0.0
yf_ZC=F_d9;25700;INTARIAN_PEPPER_ROOT;12288;16;12284;15;;;12318;9;12321;20;;;12303.0;0.0
yf_ZC=F_d9;25800;ASH_COATED_OSMIUM;9912;9;9910;16;;;9918;15;9921;16;;;9915.0;0.0
yf_ZC=F_d9;25800;INTARIAN_PEPPER_ROOT;12302;12;12298;17;;;12308;8;12312;9;;;12305.0;0.0
yf_ZC=F_d9;25900;ASH_COATED_OSMIUM;9906;22;9902;20;;;9926;22;9928;21;;;9916.0;0.0
yf_ZC=F_d9;25900;INTARIAN_PEPPER_ROOT;12299;12;12296;9;;;12313;5;12317;22;;;12306.0;0.0
yf_ZC=F_d9;26000;ASH_COATED_OSMIUM;9913;17;9911;23;;;9919;13;9921;19;;;9916.0;0.0
yf_ZC=F_d9;26000;INTARIAN_PEPPER_ROOT;12306;21;12302;24;;;12312;8;12316;20;;;12309.0;0.0
yf_ZC=F_d9;26100;ASH_COATED_OSMIUM;9913;10;9911;21;;;9919;19;9922;14;;;9916.0;0.0
yf_ZC=F_d9;26100;INTARIAN_PEPPER_ROOT;12308;14;12304;8;;;12314;9;12316;25;;;12311.0;0.0
yf_ZC=F_d9;26200;ASH_COATED_OSMIUM;9913;20;9909;24;;;9919;10;9922;21;;;9916.0;0.0
yf_ZC=F_d9;26200;INTARIAN_PEPPER_ROOT;12309;13;12307;21;;;12318;20;12322;27;;;12313.5;0.0
yf_ZC=F_d9;26300;ASH_COATED_OSMIUM;9914;17;9911;21;;;9920;11;9923;22;;;9917.0;0.0
yf_ZC=F_d9;26300;INTARIAN_PEPPER_ROOT;12306;14;12303;16;;;12325;11;12328;19;;;12315.5;0.0
yf_ZC=F_d9;26400;ASH_COATED_OSMIUM;9909;5;9906;19;;;9923;17;9927;17;;;9916.0;0.0
yf_ZC=F_d9;26400;INTARIAN_PEPPER_ROOT;12315;17;12311;13;;;12321;19;12324;24;;;12318.0;0.0
yf_ZC=F_d9;26500;ASH_COATED_OSMIUM;9890;12;9886;25;;;9944;5;9947;22;;;9917.0;0.0
yf_ZC=F_d9;26500;INTARIAN_PEPPER_ROOT;12317;20;12313;20;;;12323;17;12325;19;;;12320.0;0.0
yf_ZC=F_d9;26600;ASH_COATED_OSMIUM;9914;10;9912;25;;;9920;21;9922;19;;;9917.0;0.0
yf_ZC=F_d9;26600;INTARIAN_PEPPER_ROOT;12319;18;12315;28;;;12325;19;12329;16;;;12322.0;0.0
yf_ZC=F_d9;26700;ASH_COATED_OSMIUM;9914;17;9911;17;;;9920;23;9923;25;;;9917.0;0.0
yf_ZC=F_d9;26700;INTARIAN_PEPPER_ROOT;12317;15;12314;22;;;12332;14;12334;23;;;12324.5;0.0
yf_ZC=F_d9;26800;ASH_COATED_OSMIUM;9914;6;9912;26;;;9920;12;9924;20;;;9917.0;0.0
yf_ZC=F_d9;26800;INTARIAN_PEPPER_ROOT;12320;22;12316;18;;;12332;15;12334;8;;;12326.0;0.0
yf_ZC=F_d9;26900;ASH_COATED_OSMIUM;9914;11;9912;21;;;9920;15;9923;19;;;9917.0;0.0
yf_ZC=F_d9;26900;INTARIAN_PEPPER_ROOT;12316;10;12312;13;;;12340;24;12342;16;;;12328.0;0.0
yf_ZC=F_d9;27000;ASH_COATED_OSMIUM;9914;12;9910;16;;;9920;18;9924;8;;;9917.0;0.0
yf_ZC=F_d9;27000;INTARIAN_PEPPER_ROOT;12327;18;12325;28;;;12333;13;12337;17;;;12330.0;0.0
yf_ZC=F_d9;27100;ASH_COATED_OSMIUM;9902;23;9898;21;;;9934;12;9936;14;;;9918.0;0.0
yf_ZC=F_d9;27100;INTARIAN_PEPPER_ROOT;12329;15;12325;15;;;12335;13;12338;27;;;12332.0;0.0
yf_ZC=F_d9;27200;ASH_COATED_OSMIUM;9914;6;9910;21;;;9921;11;9923;17;;;9917.5;0.0
yf_ZC=F_d9;27200;INTARIAN_PEPPER_ROOT;12332;17;12329;16;;;12338;15;12342;16;;;12335.0;0.0
yf_ZC=F_d9;27300;ASH_COATED_OSMIUM;9908;16;9905;14;;;9928;21;9930;16;;;9918.0;0.0
yf_ZC=F_d9;27300;INTARIAN_PEPPER_ROOT;12335;25;12332;23;;;12341;16;12344;12;;;12338.0;0.0
yf_ZC=F_d9;27400;ASH_COATED_OSMIUM;9915;15;9911;27;;;9921;16;9925;12;;;9918.0;0.0
yf_ZC=F_d9;27400;INTARIAN_PEPPER_ROOT;12336;20;12332;12;;;12342;15;12346;13;;;12339.0;0.0
yf_ZC=F_d9;27500;ASH_COATED_OSMIUM;9915;15;9912;24;;;9921;20;9924;30;;;9918.0;0.0
yf_ZC=F_d9;27500;INTARIAN_PEPPER_ROOT;12331;22;12329;20;;;12352;13;12355;19;;;12341.5;0.0
yf_ZC=F_d9;27600;ASH_COATED_OSMIUM;9915;20;9913;8;;;9923;14;9927;13;;;9919.0;0.0
yf_ZC=F_d9;27600;INTARIAN_PEPPER_ROOT;12340;7;12336;19;;;12346;18;12348;15;;;12343.0;0.0
yf_ZC=F_d9;27700;ASH_COATED_OSMIUM;9913;14;9909;21;;;9925;15;9928;21;;;9919.0;0.0
yf_ZC=F_d9;27700;INTARIAN_PEPPER_ROOT;12343;22;12341;16;;;12349;11;12352;23;;;12346.0;0.0
yf_ZC=F_d9;27800;ASH_COATED_OSMIUM;9914;6;9912;16;;;9923;12;9927;23;;;9918.5;0.0
yf_ZC=F_d9;27800;INTARIAN_PEPPER_ROOT;12340;9;12336;10;;;12355;8;12357;21;;;12347.5;0.0
yf_ZC=F_d9;27900;ASH_COATED_OSMIUM;9913;17;9909;21;;;9926;5;9928;14;;;9919.5;0.0
yf_ZC=F_d9;27900;INTARIAN_PEPPER_ROOT;12347;9;12343;11;;;12353;11;12356;22;;;12350.0;0.0
yf_ZC=F_d9;28000;ASH_COATED_OSMIUM;9916;17;9913;14;;;9922;21;9924;12;;;9919.0;0.0
yf_ZC=F_d9;28000;INTARIAN_PEPPER_ROOT;12349;13;12347;20;;;12355;17;12357;28;;;12352.0;0.0
yf_ZC=F_d9;28100;ASH_COATED_OSMIUM;9916;11;9914;25;;;9922;17;9925;16;;;9919.0;0.0
yf_ZC=F_d9;28100;INTARIAN_PEPPER_ROOT;12345;18;12341;22;;;12364;8;12366;20;;;12354.5;0.0
yf_ZC=F_d9;28200;ASH_COATED_OSMIUM;9915;23;9912;26;;;9924;13;9926;21;;;9919.5;0.0
yf_ZC=F_d9;28200;INTARIAN_PEPPER_ROOT;12346;20;12344;20;;;12366;13;12368;17;;;12356.0;0.0
yf_ZC=F_d9;28300;ASH_COATED_OSMIUM;9917;13;9914;18;;;9923;19;9927;17;;;9920.0;0.0
yf_ZC=F_d9;28300;INTARIAN_PEPPER_ROOT;12355;13;12352;25;;;12361;19;12363;17;;;12358.0;0.0
yf_ZC=F_d9;28400;ASH_COATED_OSMIUM;9917;22;9914;24;;;9923;14;9926;16;;;9920.0;0.0
yf_ZC=F_d9;28400;INTARIAN_PEPPER_ROOT;12356;5;12353;19;;;12365;12;12368;19;;;12360.5;0.0
yf_ZC=F_d9;28500;ASH_COATED_OSMIUM;9917;20;9915;19;;;9923;17;9925;24;;;9920.0;0.0
yf_ZC=F_d9;28500;INTARIAN_PEPPER_ROOT;12355;7;12353;14;;;12369;11;12372;20;;;12362.0;0.0
yf_ZC=F_d9;28600;ASH_COATED_OSMIUM;9917;15;9914;27;;;9923;10;9926;16;;;9920.0;0.0
yf_ZC=F_d9;28600;INTARIAN_PEPPER_ROOT;12361;15;12359;26;;;12367;13;12371;19;;;12364.0;0.0
yf_ZC=F_d9;28700;ASH_COATED_OSMIUM;9917;19;9915;19;;;9923;22;9925;24;;;9920.0;0.0
yf_ZC=F_d9;28700;INTARIAN_PEPPER_ROOT;12362;17;12359;25;;;12371;14;12375;19;;;12366.5;0.0
yf_ZC=F_d9;28800;ASH_COATED_OSMIUM;9918;10;9914;18;;;9924;12;9928;16;;;9921.0;0.0
yf_ZC=F_d9;28800;INTARIAN_PEPPER_ROOT;12365;15;12362;18;;;12371;7;12373;23;;;12368.0;0.0
yf_ZC=F_d9;28900;ASH_COATED_OSMIUM;9911;12;9908;18;;;9932;16;9936;27;;;9921.5;0.0
yf_ZC=F_d9;28900;INTARIAN_PEPPER_ROOT;12368;7;12364;17;;;12374;21;12376;13;;;12371.0;0.0
yf_ZC=F_d9;29000;ASH_COATED_OSMIUM;9917;14;9915;23;;;9927;5;9929;23;;;9922.0;0.0
yf_ZC=F_d9;29000;INTARIAN_PEPPER_ROOT;12370;13;12367;24;;;12376;26;12379;19;;;12373.0;0.0
yf_ZC=F_d9;29100;ASH_COATED_OSMIUM;9919;18;9917;21;;;9925;14;9929;16;;;9922.0;0.0
yf_ZC=F_d9;29100;INTARIAN_PEPPER_ROOT;12372;12;12368;16;;;12378;8;12381;14;;;12375.0;0.0
yf_ZC=F_d9;29200;ASH_COATED_OSMIUM;9919;16;9915;23;;;9925;14;9927;27;;;9922.0;0.0
yf_ZC=F_d9;29200;INTARIAN_PEPPER_ROOT;12373;16;12370;17;;;12381;18;12384;19;;;12377.0;0.0
yf_ZC=F_d9;29300;ASH_COATED_OSMIUM;9918;7;9915;31;;;9924;22;9928;18;;;9921.0;0.0
yf_ZC=F_d9;29300;INTARIAN_PEPPER_ROOT;12376;19;12373;18;;;12382;26;12386;23;;;12379.0;0.0
yf_ZC=F_d9;29400;ASH_COATED_OSMIUM;9916;15;9914;24;;;9928;14;9930;18;;;9922.0;0.0
yf_ZC=F_d9;29400;INTARIAN_PEPPER_ROOT;12378;17;12374;28;;;12384;8;12386;19;;;12381.0;0.0
yf_ZC=F_d9;29500;ASH_COATED_OSMIUM;9919;12;9916;18;;;9925;14;9928;21;;;9922.0;0.0
yf_ZC=F_d9;29500;INTARIAN_PEPPER_ROOT;12373;12;12370;28;;;12394;16;12397;18;;;12383.5;0.0
yf_ZC=F_d9;29600;ASH_COATED_OSMIUM;9919;19;9917;16;;;9925;11;9927;22;;;9922.0;0.0
yf_ZC=F_d9;29600;INTARIAN_PEPPER_ROOT;12382;16;12379;19;;;12389;13;12392;27;;;12385.5;0.0
yf_ZC=F_d9;29700;ASH_COATED_OSMIUM;9919;13;9917;12;;;9925;12;9928;26;;;9922.0;0.0
yf_ZC=F_d9;29700;INTARIAN_PEPPER_ROOT;12383;18;12379;25;;;12393;16;12395;24;;;12388.0;0.0
yf_ZC=F_d9;29800;ASH_COATED_OSMIUM;9920;5;9918;17;;;9926;10;9929;16;;;9923.0;0.0
yf_ZC=F_d9;29800;INTARIAN_PEPPER_ROOT;12386;18;12382;20;;;12395;5;12398;17;;;12390.5;0.0
yf_ZC=F_d9;29900;ASH_COATED_OSMIUM;9920;20;9918;11;;;9926;14;9930;17;;;9923.0;0.0
yf_ZC=F_d9;29900;INTARIAN_PEPPER_ROOT;12389;8;12387;23;;;12395;8;12398;19;;;12392.0;0.0
yf_ZC=F_d9;30000;ASH_COATED_OSMIUM;9915;12;9913;14;;;9932;16;9936;19;;;9923.5;0.0
yf_ZC=F_d9;30000;INTARIAN_PEPPER_ROOT;12391;8;12388;21;;;12397;18;12401;18;;;12394.0;0.0
yf_ZC=F_d9;30100;ASH_COATED_OSMIUM;9920;17;9918;17;;;9926;10;9929;26;;;9923.0;0.0
yf_ZC=F_d9;30100;INTARIAN_PEPPER_ROOT;12393;21;12391;20;;;12399;15;12402;17;;;12396.0;0.0
yf_ZC=F_d9;30200;ASH_COATED_OSMIUM;9919;19;9917;27;;;9928;14;9932;23;;;9923.5;0.0
yf_ZC=F_d9;30200;INTARIAN_PEPPER_ROOT;12395;28;12391;16;;;12401;13;12405;22;;;12398.0;0.0
yf_ZC=F_d9;30300;ASH_COATED_OSMIUM;9920;12;9916;17;;;9926;20;9928;8;;;9923.0;0.0
yf_ZC=F_d9;30300;INTARIAN_PEPPER_ROOT;12393;12;12390;22;;;12409;15;12412;23;;;12401.0;0.0
yf_ZC=F_d9;30400;ASH_COATED_OSMIUM;9919;25;9915;21;;;9928;17;9931;14;;;9923.5;0.0
yf_ZC=F_d9;30400;INTARIAN_PEPPER_ROOT;12399;16;12397;21;;;12407;9;12409;15;;;12403.0;0.0
yf_ZC=F_d9;30500;ASH_COATED_OSMIUM;9920;22;9918;17;;;9928;19;9931;16;;;9924.0;0.0
yf_ZC=F_d9;30500;INTARIAN_PEPPER_ROOT;12396;13;12394;19;;;12412;15;12414;27;;;12404.0;0.0
yf_ZC=F_d9;30600;ASH_COATED_OSMIUM;9918;13;9915;26;;;9929;19;9932;21;;;9923.5;0.0
yf_ZC=F_d9;30600;INTARIAN_PEPPER_ROOT;12404;18;12400;31;;;12410;19;12413;11;;;12407.0;0.0
yf_ZC=F_d9;30700;ASH_COATED_OSMIUM;9922;15;9918;15;;;9928;16;9931;22;;;9925.0;0.0
yf_ZC=F_d9;30700;INTARIAN_PEPPER_ROOT;12405;19;12401;19;;;12414;10;12417;26;;;12409.5;0.0
yf_ZC=F_d9;30800;ASH_COATED_OSMIUM;9922;21;9919;21;;;9928;11;9931;25;;;9925.0;0.0
yf_ZC=F_d9;30800;INTARIAN_PEPPER_ROOT;12408;21;12405;19;;;12414;10;12417;30;;;12411.0;0.0
yf_ZC=F_d9;30900;ASH_COATED_OSMIUM;9922;17;9919;14;;;9928;27;9930;17;;;9925.0;0.0
yf_ZC=F_d9;30900;INTARIAN_PEPPER_ROOT;12409;13;12407;26;;;12419;18;12423;16;;;12414.0;0.0
yf_ZC=F_d9;31000;ASH_COATED_OSMIUM;9921;18;9919;23;;;9929;26;9931;27;;;9925.0;0.0
yf_ZC=F_d9;31000;INTARIAN_PEPPER_ROOT;12412;12;12409;19;;;12418;13;12422;18;;;12415.0;0.0
yf_ZC=F_d9;31100;ASH_COATED_OSMIUM;9922;19;9918;18;;;9928;21;9932;25;;;9925.0;0.0
yf_ZC=F_d9;31100;INTARIAN_PEPPER_ROOT;12415;18;12413;10;;;12421;28;12423;20;;;12418.0;0.0
yf_ZC=F_d9;31200;ASH_COATED_OSMIUM;9922;14;9919;16;;;9928;8;9930;21;;;9925.0;0.0
yf_ZC=F_d9;31200;INTARIAN_PEPPER_ROOT;12416;10;12412;19;;;12422;26;12426;26;;;12419.0;0.0
yf_ZC=F_d9;31300;ASH_COATED_OSMIUM;9920;17;9916;16;;;9930;13;9933;14;;;9925.0;0.0
yf_ZC=F_d9;31300;INTARIAN_PEPPER_ROOT;12416;12;12413;24;;;12426;5;12430;26;;;12421.0;0.0
yf_ZC=F_d9;31400;ASH_COATED_OSMIUM;9922;10;9919;17;;;9928;12;9932;28;;;9925.0;0.0
yf_ZC=F_d9;31400;INTARIAN_PEPPER_ROOT;12421;11;12419;14;;;12427;9;12429;30;;;12424.0;0.0
yf_ZC=F_d9;31500;ASH_COATED_OSMIUM;9920;5;9918;30;;;9932;16;9935;26;;;9926.0;0.0
yf_ZC=F_d9;31500;INTARIAN_PEPPER_ROOT;12423;14;12419;25;;;12429;12;12433;18;;;12426.0;0.0
yf_ZC=F_d9;31600;ASH_COATED_OSMIUM;9922;7;9920;18;;;9929;7;9931;25;;;9925.5;0.0
yf_ZC=F_d9;31600;INTARIAN_PEPPER_ROOT;12425;15;12421;20;;;12431;11;12433;11;;;12428.0;0.0
yf_ZC=F_d9;31700;ASH_COATED_OSMIUM;9923;17;9920;19;;;9929;6;9931;14;;;9926.0;0.0
yf_ZC=F_d9;31700;INTARIAN_PEPPER_ROOT;12428;7;12425;19;;;12434;28;12437;8;;;12431.0;0.0
yf_ZC=F_d9;31800;ASH_COATED_OSMIUM;9923;12;9920;21;;;9929;11;9931;11;;;9926.0;0.0
yf_ZC=F_d9;31800;INTARIAN_PEPPER_ROOT;12428;15;12426;21;;;12436;24;12439;11;;;12432.0;0.0
yf_ZC=F_d9;31900;ASH_COATED_OSMIUM;9924;8;9922;16;;;9930;13;9932;12;;;9927.0;0.0
yf_ZC=F_d9;31900;INTARIAN_PEPPER_ROOT;12432;13;12429;23;;;12438;6;12440;17;;;12435.0;0.0
yf_ZC=F_d9;32000;ASH_COATED_OSMIUM;9924;19;9922;25;;;9930;18;9934;15;;;9927.0;0.0
yf_ZC=F_d9;32000;INTARIAN_PEPPER_ROOT;12434;18;12430;19;;;12440;11;12442;27;;;12437.0;0.0
yf_ZC=F_d9;32100;ASH_COATED_OSMIUM;9923;20;9919;14;;;9931;10;9935;21;;;9927.0;0.0
yf_ZC=F_d9;32100;INTARIAN_PEPPER_ROOT;12436;11;12434;23;;;12442;25;12445;20;;;12439.0;0.0
yf_ZC=F_d9;32200;ASH_COATED_OSMIUM;9924;23;9922;15;;;9930;6;9934;28;;;9927.0;0.0
yf_ZC=F_d9;32200;INTARIAN_PEPPER_ROOT;12438;22;12434;20;;;12444;15;12446;20;;;12441.0;0.0
yf_ZC=F_d9;32300;ASH_COATED_OSMIUM;9924;14;9922;16;;;9930;18;9934;14;;;9927.0;0.0
yf_ZC=F_d9;32300;INTARIAN_PEPPER_ROOT;12440;22;12436;21;;;12446;13;12448;21;;;12443.0;0.0
yf_ZC=F_d9;32400;ASH_COATED_OSMIUM;9922;19;9920;17;;;9932;14;9935;14;;;9927.0;0.0
yf_ZC=F_d9;32400;INTARIAN_PEPPER_ROOT;12442;18;12439;21;;;12448;15;12451;25;;;12445.0;0.0
yf_ZC=F_d9;32500;ASH_COATED_OSMIUM;9925;7;9922;21;;;9931;15;9933;24;;;9928.0;0.0
yf_ZC=F_d9;32500;INTARIAN_PEPPER_ROOT;12444;11;12440;15;;;12450;9;12452;19;;;12447.0;0.0
yf_ZC=F_d9;32600;ASH_COATED_OSMIUM;9920;14;9917;16;;;9935;6;9938;20;;;9927.5;0.0
yf_ZC=F_d9;32600;INTARIAN_PEPPER_ROOT;12446;11;12442;15;;;12452;15;12455;19;;;12449.0;0.0
yf_ZC=F_d9;32700;ASH_COATED_OSMIUM;9923;9;9919;13;;;9932;9;9936;21;;;9927.5;0.0
yf_ZC=F_d9;32700;INTARIAN_PEPPER_ROOT;12448;15;12445;20;;;12456;8;12458;22;;;12452.0;0.0
yf_ZC=F_d9;32800;ASH_COATED_OSMIUM;9920;12;9917;22;;;9936;19;9939;25;;;9928.0;0.0
yf_ZC=F_d9;32800;INTARIAN_PEPPER_ROOT;12448;27;12446;19;;;12459;13;12462;14;;;12453.5;0.0
yf_ZC=F_d9;32900;ASH_COATED_OSMIUM;9925;10;9921;15;;;9931;8;9934;20;;;9928.0;0.0
yf_ZC=F_d9;32900;INTARIAN_PEPPER_ROOT;12453;12;12450;22;;;12459;18;12463;16;;;12456.0;0.0
yf_ZC=F_d9;33000;ASH_COATED_OSMIUM;9925;17;9921;15;;;9931;28;9935;26;;;9928.0;0.0
yf_ZC=F_d9;33000;INTARIAN_PEPPER_ROOT;12453;20;12449;19;;;12463;18;12465;12;;;12458.0;0.0
yf_ZC=F_d9;33100;ASH_COATED_OSMIUM;9925;10;9921;25;;;9931;14;9934;26;;;9928.0;0.0
yf_ZC=F_d9;33100;INTARIAN_PEPPER_ROOT;12456;13;12452;23;;;12465;8;12468;28;;;12460.5;0.0
yf_ZC=F_d9;33200;ASH_COATED_OSMIUM;9925;14;9921;35;;;9931;9;9935;19;;;9928.0;0.0
yf_ZC=F_d9;33200;INTARIAN_PEPPER_ROOT;12459;8;12457;10;;;12465;27;12468;16;;;12462.0;0.0
yf_ZC=F_d9;33300;ASH_COATED_OSMIUM;9912;17;9910;21;;;9946;12;9950;26;;;9929.0;0.0
yf_ZC=F_d9;33300;INTARIAN_PEPPER_ROOT;12460;9;12456;14;;;12468;14;12470;12;;;12464.0;0.0
yf_ZC=F_d9;33400;ASH_COATED_OSMIUM;9917;15;9915;26;;;9941;15;9944;23;;;9929.0;0.0
yf_ZC=F_d9;33400;INTARIAN_PEPPER_ROOT;12454;11;12450;19;;;12479;10;12482;31;;;12466.5;0.0
yf_ZC=F_d9;33500;ASH_COATED_OSMIUM;9924;5;9921;20;;;9933;14;9937;13;;;9928.5;0.0
yf_ZC=F_d9;33500;INTARIAN_PEPPER_ROOT;12466;11;12462;10;;;12472;16;12476;24;;;12469.0;0.0
yf_ZC=F_d9;33600;ASH_COATED_OSMIUM;9926;10;9924;19;;;9932;5;9936;25;;;9929.0;0.0
yf_ZC=F_d9;33600;INTARIAN_PEPPER_ROOT;12468;11;12465;12;;;12474;10;12478;21;;;12471.0;0.0
yf_ZC=F_d9;33700;ASH_COATED_OSMIUM;9926;11;9923;18;;;9932;7;9935;14;;;9929.0;0.0
yf_ZC=F_d9;33700;INTARIAN_PEPPER_ROOT;12456;15;12453;16;;;12489;20;12493;26;;;12472.5;0.0
yf_ZC=F_d9;33800;ASH_COATED_OSMIUM;9927;13;9925;16;;;9933;13;9935;21;;;9930.0;0.0
yf_ZC=F_d9;33800;INTARIAN_PEPPER_ROOT;12472;18;12470;14;;;12478;12;12481;22;;;12475.0;0.0
yf_ZC=F_d9;33900;ASH_COATED_OSMIUM;9927;17;9925;16;;;9933;12;9935;16;;;9930.0;0.0
yf_ZC=F_d9;33900;INTARIAN_PEPPER_ROOT;12474;19;12472;19;;;12480;14;12484;22;;;12477.0;0.0
yf_ZC=F_d9;34000;ASH_COATED_OSMIUM;9927;17;9924;21;;;9933;11;9936;29;;;9930.0;0.0
yf_ZC=F_d9;34000;INTARIAN_PEPPER_ROOT;12473;10;12470;14;;;12479;8;12482;15;;;12476.0;0.0
yf_ZC=F_d9;34100;ASH_COATED_OSMIUM;9927;11;9923;26;;;9933;15;9936;20;;;9930.0;0.0
yf_ZC=F_d9;34100;INTARIAN_PEPPER_ROOT;12468;12;12464;13;;;12482;18;12485;21;;;12475.0;0.0
yf_ZC=F_d9;34200;ASH_COATED_OSMIUM;9927;21;9924;15;;;9933;18;9937;16;;;9930.0;0.0
yf_ZC=F_d9;34200;INTARIAN_PEPPER_ROOT;12469;15;12467;15;;;12479;20;12483;17;;;12474.0;0.0
yf_ZC=F_d9;34300;ASH_COATED_OSMIUM;9926;8;9922;19;;;9932;23;9934;23;;;9929.0;0.0
yf_ZC=F_d9;34300;INTARIAN_PEPPER_ROOT;12470;12;12466;21;;;12476;19;12479;20;;;12473.0;0.0
yf_ZC=F_d9;34400;ASH_COATED_OSMIUM;9926;15;9922;20;;;9932;17;9934;18;;;9929.0;0.0
yf_ZC=F_d9;34400;INTARIAN_PEPPER_ROOT;12468;15;12464;16;;;12474;13;12478;18;;;12471.0;0.0
yf_ZC=F_d9;34500;ASH_COATED_OSMIUM;9926;22;9923;19;;;9932;17;9936;19;;;9929.0;0.0
yf_ZC=F_d9;34500;INTARIAN_PEPPER_ROOT;12467;12;12463;20;;;12474;8;12477;21;;;12470.5;0.0
yf_ZC=F_d9;34600;ASH_COATED_OSMIUM;9924;17;9922;14;;;9933;11;9935;8;;;9928.5;0.0
yf_ZC=F_d9;34600;INTARIAN_PEPPER_ROOT;12465;16;12461;19;;;12475;18;12479;17;;;12470.0;0.0
yf_ZC=F_d9;34700;ASH_COATED_OSMIUM;9926;12;9924;18;;;9932;15;9936;21;;;9929.0;0.0
yf_ZC=F_d9;34700;INTARIAN_PEPPER_ROOT;12466;14;12462;23;;;12472;16;12476;15;;;12469.0;0.0
yf_ZC=F_d9;34800;ASH_COATED_OSMIUM;9925;13;9923;25;;;9931;17;9933;21;;;9928.0;0.0
yf_ZC=F_d9;34800;INTARIAN_PEPPER_ROOT;12465;9;12461;15;;;12471;22;12473;8;;;12468.0;0.0
yf_ZC=F_d9;34900;ASH_COATED_OSMIUM;9925;22;9923;20;;;9931;12;9933;11;;;9928.0;0.0
yf_ZC=F_d9;34900;INTARIAN_PEPPER_ROOT;12458;19;12455;21;;;12474;21;12478;8;;;12466.0;0.0
yf_ZC=F_d9;35000;ASH_COATED_OSMIUM;9925;10;9923;8;;;9931;17;9934;20;;;9928.0;0.0
yf_ZC=F_d9;35000;INTARIAN_PEPPER_ROOT;12459;18;12457;10;;;12472;19;12474;13;;;12465.5;0.0
yf_ZC=F_d9;35100;ASH_COATED_OSMIUM;9924;14;9921;18;;;9930;20;9932;26;;;9927.0;0.0
yf_ZC=F_d9;35100;INTARIAN_PEPPER_ROOT;12451;15;12447;10;;;12479;7;12481;26;;;12465.0;0.0
yf_ZC=F_d9;35200;ASH_COATED_OSMIUM;9925;18;9921;31;;;9931;12;9934;23;;;9928.0;0.0
yf_ZC=F_d9;35200;INTARIAN_PEPPER_ROOT;12460;11;12458;15;;;12466;9;12470;13;;;12463.0;0.0
yf_ZC=F_d9;35300;ASH_COATED_OSMIUM;9924;12;9922;20;;;9930;15;9934;18;;;9927.0;0.0
yf_ZC=F_d9;35300;INTARIAN_PEPPER_ROOT;12459;11;12456;25;;;12465;17;12468;26;;;12462.0;0.0
yf_ZC=F_d9;35400;ASH_COATED_OSMIUM;9924;17;9920;22;;;9930;14;9934;12;;;9927.0;0.0
yf_ZC=F_d9;35400;INTARIAN_PEPPER_ROOT;12450;16;12446;21;;;12472;18;12476;20;;;12461.0;0.0
yf_ZC=F_d9;35500;ASH_COATED_OSMIUM;9923;26;9921;21;;;9933;5;9936;22;;;9928.0;0.0
yf_ZC=F_d9;35500;INTARIAN_PEPPER_ROOT;12455;13;12453;26;;;12465;12;12467;20;;;12460.0;0.0
yf_ZC=F_d9;35600;ASH_COATED_OSMIUM;9924;8;9922;11;;;9930;11;9934;24;;;9927.0;0.0
yf_ZC=F_d9;35600;INTARIAN_PEPPER_ROOT;12456;18;12452;14;;;12462;9;12466;15;;;12459.0;0.0
yf_ZC=F_d9;35700;ASH_COATED_OSMIUM;9923;21;9921;26;;;9929;18;9931;18;;;9926.0;0.0
yf_ZC=F_d9;35700;INTARIAN_PEPPER_ROOT;12452;13;12448;23;;;12463;12;12466;21;;;12457.5;0.0
yf_ZC=F_d9;35800;ASH_COATED_OSMIUM;9921;9;9919;16;;;9931;20;9933;9;;;9926.0;0.0
yf_ZC=F_d9;35800;INTARIAN_PEPPER_ROOT;12454;16;12452;33;;;12460;20;12462;20;;;12457.0;0.0
yf_ZC=F_d9;35900;ASH_COATED_OSMIUM;9923;6;9919;21;;;9929;14;9931;21;;;9926.0;0.0
yf_ZC=F_d9;35900;INTARIAN_PEPPER_ROOT;12453;11;12451;16;;;12459;26;12462;21;;;12456.0;0.0
yf_ZC=F_d9;36000;ASH_COATED_OSMIUM;9923;17;9920;18;;;9929;19;9931;16;;;9926.0;0.0
yf_ZC=F_d9;36000;INTARIAN_PEPPER_ROOT;12452;10;12448;11;;;12458;21;12460;23;;;12455.0;0.0
yf_ZC=F_d9;36100;ASH_COATED_OSMIUM;9922;16;9918;21;;;9929;17;9933;19;;;9925.5;0.0
yf_ZC=F_d9;36100;INTARIAN_PEPPER_ROOT;12447;13;12445;20;;;12460;13;12463;28;;;12453.5;0.0
yf_ZC=F_d9;36200;ASH_COATED_OSMIUM;9923;16;9920;21;;;9929;14;9931;19;;;9926.0;0.0
yf_ZC=F_d9;36200;INTARIAN_PEPPER_ROOT;12449;16;12446;19;;;12455;12;12457;27;;;12452.0;0.0
yf_ZC=F_d9;36300;ASH_COATED_OSMIUM;9923;14;9919;15;;;9929;6;9932;20;;;9926.0;0.0
yf_ZC=F_d9;36300;INTARIAN_PEPPER_ROOT;12449;18;12446;25;;;12455;11;12457;13;;;12452.0;0.0
yf_ZC=F_d9;36400;ASH_COATED_OSMIUM;9921;17;9919;26;;;9932;16;9936;28;;;9926.5;0.0
yf_ZC=F_d9;36400;INTARIAN_PEPPER_ROOT;12447;13;12444;22;;;12453;10;12456;29;;;12450.0;0.0
yf_ZC=F_d9;36500;ASH_COATED_OSMIUM;9922;8;9918;15;;;9928;26;9932;21;;;9925.0;0.0
yf_ZC=F_d9;36500;INTARIAN_PEPPER_ROOT;12447;17;12444;18;;;12453;17;12456;24;;;12450.0;0.0
yf_ZC=F_d9;36600;ASH_COATED_OSMIUM;9919;26;9917;18;;;9932;18;9935;24;;;9925.5;0.0
yf_ZC=F_d9;36600;INTARIAN_PEPPER_ROOT;12444;19;12440;22;;;12452;11;12455;15;;;12448.0;0.0
yf_ZC=F_d9;36700;ASH_COATED_OSMIUM;9922;11;9918;24;;;9928;7;9931;17;;;9925.0;0.0
yf_ZC=F_d9;36700;INTARIAN_PEPPER_ROOT;12444;16;12441;19;;;12450;17;12452;12;;;12447.0;0.0
yf_ZC=F_d9;36800;ASH_COATED_OSMIUM;9921;18;9918;21;;;9929;21;9932;10;;;9925.0;0.0
yf_ZC=F_d9;36800;INTARIAN_PEPPER_ROOT;12443;11;12440;29;;;12449;16;12452;19;;;12446.0;0.0
yf_ZC=F_d9;36900;ASH_COATED_OSMIUM;9914;19;9912;21;;;9935;11;9938;33;;;9924.5;0.0
yf_ZC=F_d9;36900;INTARIAN_PEPPER_ROOT;12437;16;12434;22;;;12452;14;12455;15;;;12444.5;0.0
yf_ZC=F_d9;37000;ASH_COATED_OSMIUM;9921;9;9918;23;;;9927;20;9930;19;;;9924.0;0.0
yf_ZC=F_d9;37000;INTARIAN_PEPPER_ROOT;12441;17;12437;23;;;12447;19;12449;24;;;12444.0;0.0
yf_ZC=F_d9;37100;ASH_COATED_OSMIUM;9921;11;9917;12;;;9928;18;9932;17;;;9924.5;0.0
yf_ZC=F_d9;37100;INTARIAN_PEPPER_ROOT;12426;6;12422;19;;;12459;17;12461;29;;;12442.5;0.0
yf_ZC=F_d9;37200;ASH_COATED_OSMIUM;9918;16;9914;30;;;9930;8;9933;19;;;9924.0;0.0
yf_ZC=F_d9;37200;INTARIAN_PEPPER_ROOT;12439;11;12435;13;;;12445;18;12449;21;;;12442.0;0.0
yf_ZC=F_d9;37300;ASH_COATED_OSMIUM;9914;18;9910;20;;;9933;25;9936;17;;;9923.5;0.0
yf_ZC=F_d9;37300;INTARIAN_PEPPER_ROOT;12438;24;12434;21;;;12444;15;12446;20;;;12441.0;0.0
yf_ZC=F_d9;37400;ASH_COATED_OSMIUM;9915;17;9912;17;;;9932;20;9934;17;;;9923.5;0.0
yf_ZC=F_d9;37400;INTARIAN_PEPPER_ROOT;12437;9;12435;23;;;12443;16;12447;22;;;12440.0;0.0
yf_ZC=F_d9;37500;ASH_COATED_OSMIUM;9911;13;9909;24;;;9936;13;9938;16;;;9923.5;0.0
yf_ZC=F_d9;37500;INTARIAN_PEPPER_ROOT;12436;11;12433;24;;;12442;14;12445;19;;;12439.0;0.0
yf_ZC=F_d9;37600;ASH_COATED_OSMIUM;9921;13;9917;19;;;9927;15;9929;9;;;9924.0;0.0
yf_ZC=F_d9;37600;INTARIAN_PEPPER_ROOT;12434;7;12430;23;;;12441;17;12444;21;;;12437.5;0.0
yf_ZC=F_d9;37700;ASH_COATED_OSMIUM;9919;19;9916;19;;;9927;16;9929;16;;;9923.0;0.0
yf_ZC=F_d9;37700;INTARIAN_PEPPER_ROOT;12434;12;12432;18;;;12440;18;12442;19;;;12437.0;0.0
yf_ZC=F_d9;37800;ASH_COATED_OSMIUM;9920;17;9917;15;;;9926;20;9930;11;;;9923.0;0.0
yf_ZC=F_d9;37800;INTARIAN_PEPPER_ROOT;12432;14;12430;14;;;12438;11;12441;13;;;12435.0;0.0
yf_ZC=F_d9;37900;ASH_COATED_OSMIUM;9917;15;9913;14;;;9930;17;9934;13;;;9923.5;0.0
yf_ZC=F_d9;37900;INTARIAN_PEPPER_ROOT;12432;10;12429;16;;;12438;18;12441;23;;;12435.0;0.0
yf_ZC=F_d9;38000;ASH_COATED_OSMIUM;9920;15;9916;15;;;9926;15;9929;14;;;9923.0;0.0
yf_ZC=F_d9;38000;INTARIAN_PEPPER_ROOT;12431;16;12429;23;;;12437;17;12440;23;;;12434.0;0.0
yf_ZC=F_d9;38100;ASH_COATED_OSMIUM;9919;8;9916;21;;;9926;10;9930;17;;;9922.5;0.0
yf_ZC=F_d9;38100;INTARIAN_PEPPER_ROOT;12429;8;12425;16;;;12435;20;12439;23;;;12432.0;0.0
yf_ZC=F_d9;38200;ASH_COATED_OSMIUM;9918;18;9916;23;;;9926;12;9928;17;;;9922.0;0.0
yf_ZC=F_d9;38200;INTARIAN_PEPPER_ROOT;12428;10;12426;21;;;12434;5;12438;24;;;12431.0;0.0
yf_ZC=F_d9;38300;ASH_COATED_OSMIUM;9919;18;9916;19;;;9925;19;9929;20;;;9922.0;0.0
yf_ZC=F_d9;38300;INTARIAN_PEPPER_ROOT;12428;12;12426;8;;;12434;15;12436;26;;;12431.0;0.0
yf_ZC=F_d9;38400;ASH_COATED_OSMIUM;9918;11;9914;21;;;9924;10;9926;21;;;9921.0;0.0
yf_ZC=F_d9;38400;INTARIAN_PEPPER_ROOT;12426;27;12424;26;;;12432;19;12435;21;;;12429.0;0.0
yf_ZC=F_d9;38500;ASH_COATED_OSMIUM;9918;11;9915;21;;;9927;20;9929;15;;;9922.5;0.0
yf_ZC=F_d9;38500;INTARIAN_PEPPER_ROOT;12419;12;12417;21;;;12436;14;12440;24;;;12427.5;0.0
yf_ZC=F_d9;38600;ASH_COATED_OSMIUM;9918;5;9914;15;;;9924;17;9928;16;;;9921.0;0.0
yf_ZC=F_d9;38600;INTARIAN_PEPPER_ROOT;12424;10;12420;11;;;12430;15;12433;19;;;12427.0;0.0
yf_ZC=F_d9;38700;ASH_COATED_OSMIUM;9919;20;9917;9;;;9925;13;9928;16;;;9922.0;0.0
yf_ZC=F_d9;38700;INTARIAN_PEPPER_ROOT;12423;13;12419;17;;;12429;21;12432;22;;;12426.0;0.0
yf_ZC=F_d9;38800;ASH_COATED_OSMIUM;9918;11;9916;17;;;9924;16;9927;17;;;9921.0;0.0
yf_ZC=F_d9;38800;INTARIAN_PEPPER_ROOT;12422;14;12420;21;;;12428;16;12430;25;;;12425.0;0.0
yf_ZC=F_d9;38900;ASH_COATED_OSMIUM;9916;26;9913;19;;;9926;18;9929;15;;;9921.0;0.0
yf_ZC=F_d9;38900;INTARIAN_PEPPER_ROOT;12421;16;12419;12;;;12427;21;12431;21;;;12424.0;0.0
yf_ZC=F_d9;39000;ASH_COATED_OSMIUM;9918;11;9915;23;;;9924;20;9928;14;;;9921.0;0.0
yf_ZC=F_d9;39000;INTARIAN_PEPPER_ROOT;12420;17;12418;19;;;12427;5;12429;24;;;12423.5;0.0
yf_ZC=F_d9;39100;ASH_COATED_OSMIUM;9918;6;9915;19;;;9924;7;9927;13;;;9921.0;0.0
yf_ZC=F_d9;39100;INTARIAN_PEPPER_ROOT;12418;18;12416;12;;;12424;20;12428;20;;;12421.0;0.0
yf_ZC=F_d9;39200;ASH_COATED_OSMIUM;9916;16;9913;18;;;9926;15;9928;17;;;9921.0;0.0
yf_ZC=F_d9;39200;INTARIAN_PEPPER_ROOT;12417;10;12414;17;;;12423;15;12426;21;;;12420.0;0.0
yf_ZC=F_d9;39300;ASH_COATED_OSMIUM;9918;18;9914;19;;;9924;11;9926;8;;;9921.0;0.0
yf_ZC=F_d9;39300;INTARIAN_PEPPER_ROOT;12413;18;12409;19;;;12426;9;12428;15;;;12419.5;0.0
yf_ZC=F_d9;39400;ASH_COATED_OSMIUM;9914;14;9910;24;;;9927;6;9931;18;;;9920.5;0.0
yf_ZC=F_d9;39400;INTARIAN_PEPPER_ROOT;12416;22;12413;12;;;12422;14;12426;24;;;12419.0;0.0
yf_ZC=F_d9;39500;ASH_COATED_OSMIUM;9915;16;9913;17;;;9926;16;9930;24;;;9920.5;0.0
yf_ZC=F_d9;39500;INTARIAN_PEPPER_ROOT;12414;16;12411;20;;;12420;22;12422;20;;;12417.0;0.0
yf_ZC=F_d9;39600;ASH_COATED_OSMIUM;9917;6;9914;21;;;9923;5;9925;17;;;9920.0;0.0
yf_ZC=F_d9;39600;INTARIAN_PEPPER_ROOT;12408;8;12406;14;;;12424;16;12428;18;;;12416.0;0.0
yf_ZC=F_d9;39700;ASH_COATED_OSMIUM;9917;15;9913;15;;;9923;11;9925;17;;;9920.0;0.0
yf_ZC=F_d9;39700;INTARIAN_PEPPER_ROOT;12412;8;12409;12;;;12418;13;12422;21;;;12415.0;0.0
yf_ZC=F_d9;39800;ASH_COATED_OSMIUM;9912;12;9909;21;;;9926;20;9928;22;;;9919.0;0.0
yf_ZC=F_d9;39800;INTARIAN_PEPPER_ROOT;12411;25;12408;16;;;12417;17;12420;28;;;12414.0;0.0
yf_ZC=F_d9;39900;ASH_COATED_OSMIUM;9916;23;9913;15;;;9923;13;9925;14;;;9919.5;0.0
yf_ZC=F_d9;39900;INTARIAN_PEPPER_ROOT;12410;11;12407;16;;;12416;12;12419;13;;;12413.0;0.0
yf_ZC=F_d9;40000;ASH_COATED_OSMIUM;9916;13;9913;20;;;9922;5;9925;21;;;9919.0;0.0
yf_ZC=F_d9;40000;INTARIAN_PEPPER_ROOT;12409;9;12406;12;;;12415;24;12419;19;;;12412.0;0.0
yf_ZC=F_d9;40100;ASH_COATED_OSMIUM;9916;17;9914;24;;;9922;19;9925;19;;;9919.0;0.0
yf_ZC=F_d9;40100;INTARIAN_PEPPER_ROOT;12403;12;12399;22;;;12418;15;12422;11;;;12410.5;0.0
yf_ZC=F_d9;40200;ASH_COATED_OSMIUM;9916;7;9913;24;;;9922;19;9926;24;;;9919.0;0.0
yf_ZC=F_d9;40200;INTARIAN_PEPPER_ROOT;12401;15;12397;23;;;12420;12;12423;23;;;12410.5;0.0
yf_ZC=F_d9;40300;ASH_COATED_OSMIUM;9911;21;9908;16;;;9926;13;9929;19;;;9918.5;0.0
yf_ZC=F_d9;40300;INTARIAN_PEPPER_ROOT;12405;11;12403;23;;;12412;14;12414;11;;;12408.5;0.0
yf_ZC=F_d9;40400;ASH_COATED_OSMIUM;9915;6;9911;25;;;9921;13;9923;27;;;9918.0;0.0
yf_ZC=F_d9;40400;INTARIAN_PEPPER_ROOT;12404;15;12400;25;;;12412;13;12414;12;;;12408.0;0.0
yf_ZC=F_d9;40500;ASH_COATED_OSMIUM;9916;11;9912;12;;;9922;18;9926;21;;;9919.0;0.0
yf_ZC=F_d9;40500;INTARIAN_PEPPER_ROOT;12404;6;12401;22;;;12410;23;12412;12;;;12407.0;0.0
yf_ZC=F_d9;40600;ASH_COATED_OSMIUM;9914;16;9912;18;;;9920;8;9922;17;;;9917.0;0.0
yf_ZC=F_d9;40600;INTARIAN_PEPPER_ROOT;12403;17;12399;15;;;12409;8;12411;16;;;12406.0;0.0
yf_ZC=F_d9;40700;ASH_COATED_OSMIUM;9914;7;9912;21;;;9921;10;9923;14;;;9917.5;0.0
yf_ZC=F_d9;40700;INTARIAN_PEPPER_ROOT;12401;10;12399;17;;;12407;16;12409;14;;;12404.0;0.0
yf_ZC=F_d9;40800;ASH_COATED_OSMIUM;9915;14;9911;34;;;9921;17;9925;18;;;9918.0;0.0
yf_ZC=F_d9;40800;INTARIAN_PEPPER_ROOT;12400;15;12398;22;;;12406;20;12409;16;;;12403.0;0.0
yf_ZC=F_d9;40900;ASH_COATED_OSMIUM;9914;14;9910;19;;;9920;12;9923;26;;;9917.0;0.0
yf_ZC=F_d9;40900;INTARIAN_PEPPER_ROOT;12400;23;12397;18;;;12406;22;12409;18;;;12403.0;0.0
yf_ZC=F_d9;41000;ASH_COATED_OSMIUM;9914;19;9911;17;;;9920;26;9924;22;;;9917.0;0.0
yf_ZC=F_d9;41000;INTARIAN_PEPPER_ROOT;12397;5;12394;18;;;12406;20;12409;13;;;12401.5;0.0
yf_ZC=F_d9;41100;ASH_COATED_OSMIUM;9912;15;9910;33;;;9924;11;9926;17;;;9918.0;0.0
yf_ZC=F_d9;41100;INTARIAN_PEPPER_ROOT;12395;13;12393;20;;;12405;18;12408;24;;;12400.0;0.0
yf_ZC=F_d9;41200;ASH_COATED_OSMIUM;9914;17;9910;14;;;9920;7;9924;32;;;9917.0;0.0
yf_ZC=F_d9;41200;INTARIAN_PEPPER_ROOT;12397;17;12393;21;;;12403;13;12406;15;;;12400.0;0.0
yf_ZC=F_d9;41300;ASH_COATED_OSMIUM;9914;14;9912;14;;;9920;13;9923;20;;;9917.0;0.0
yf_ZC=F_d9;41300;INTARIAN_PEPPER_ROOT;12395;12;12391;18;;;12401;14;12404;14;;;12398.0;0.0
yf_ZC=F_d9;41400;ASH_COATED_OSMIUM;9913;6;9909;22;;;9919;17;9923;22;;;9916.0;0.0
yf_ZC=F_d9;41400;INTARIAN_PEPPER_ROOT;12391;19;12389;19;;;12403;19;12407;22;;;12397.0;0.0
yf_ZC=F_d9;41500;ASH_COATED_OSMIUM;9914;5;9912;18;;;9920;10;9924;22;;;9917.0;0.0
yf_ZC=F_d9;41500;INTARIAN_PEPPER_ROOT;12381;19;12379;16;;;12410;11;12413;9;;;12395.5;0.0
yf_ZC=F_d9;41600;ASH_COATED_OSMIUM;9912;18;9909;20;;;9920;16;9923;10;;;9916.0;0.0
yf_ZC=F_d9;41600;INTARIAN_PEPPER_ROOT;12392;13;12390;19;;;12398;19;12400;20;;;12395.0;0.0
yf_ZC=F_d9;41700;ASH_COATED_OSMIUM;9906;11;9903;17;;;9926;15;9930;19;;;9916.0;0.0
yf_ZC=F_d9;41700;INTARIAN_PEPPER_ROOT;12391;18;12388;17;;;12397;12;12400;15;;;12394.0;0.0
yf_ZC=F_d9;41800;ASH_COATED_OSMIUM;9913;17;9911;25;;;9919;6;9922;19;;;9916.0;0.0
yf_ZC=F_d9;41800;INTARIAN_PEPPER_ROOT;12390;7;12387;21;;;12396;21;12398;17;;;12393.0;0.0
yf_ZC=F_d9;41900;ASH_COATED_OSMIUM;9913;26;9911;20;;;9919;16;9923;29;;;9916.0;0.0
yf_ZC=F_d9;41900;INTARIAN_PEPPER_ROOT;12378;27;12375;19;;;12407;19;12409;14;;;12392.5;0.0
yf_ZC=F_d9;42000;ASH_COATED_OSMIUM;9911;27;9908;16;;;9920;18;9922;23;;;9915.5;0.0
yf_ZC=F_d9;42000;INTARIAN_PEPPER_ROOT;12388;21;12385;23;;;12394;16;12398;17;;;12391.0;0.0
yf_ZC=F_d9;42100;ASH_COATED_OSMIUM;9906;9;9903;12;;;9925;15;9928;9;;;9915.5;0.0
yf_ZC=F_d9;42100;INTARIAN_PEPPER_ROOT;12387;12;12383;23;;;12393;23;12396;19;;;12390.0;0.0
yf_ZC=F_d9;42200;ASH_COATED_OSMIUM;9912;23;9909;10;;;9919;22;9921;24;;;9915.5;0.0
yf_ZC=F_d9;42200;INTARIAN_PEPPER_ROOT;12386;7;12384;19;;;12392;21;12394;20;;;12389.0;0.0
yf_ZC=F_d9;42300;ASH_COATED_OSMIUM;9912;14;9908;12;;;9918;20;9922;24;;;9915.0;0.0
yf_ZC=F_d9;42300;INTARIAN_PEPPER_ROOT;12377;9;12374;21;;;12399;17;12401;19;;;12388.0;0.0
yf_ZC=F_d9;42400;ASH_COATED_OSMIUM;9912;13;9909;15;;;9918;22;9922;16;;;9915.0;0.0
yf_ZC=F_d9;42400;INTARIAN_PEPPER_ROOT;12383;20;12381;23;;;12391;15;12393;20;;;12387.0;0.0
yf_ZC=F_d9;42500;ASH_COATED_OSMIUM;9905;12;9902;19;;;9924;8;9927;17;;;9914.5;0.0
yf_ZC=F_d9;42500;INTARIAN_PEPPER_ROOT;12382;18;12379;22;;;12388;12;12391;26;;;12385.0;0.0
yf_ZC=F_d9;42600;ASH_COATED_OSMIUM;9905;12;9901;23;;;9924;20;9928;17;;;9914.5;0.0
yf_ZC=F_d9;42600;INTARIAN_PEPPER_ROOT;12381;9;12377;12;;;12387;14;12391;24;;;12384.0;0.0
yf_ZC=F_d9;42700;ASH_COATED_OSMIUM;9908;14;9906;18;;;9921;12;9925;22;;;9914.5;0.0
yf_ZC=F_d9;42700;INTARIAN_PEPPER_ROOT;12366;12;12363;13;;;12400;13;12403;18;;;12383.0;0.0
yf_ZC=F_d9;42800;ASH_COATED_OSMIUM;9903;13;9899;20;;;9926;16;9928;17;;;9914.5;0.0
yf_ZC=F_d9;42800;INTARIAN_PEPPER_ROOT;12379;14;12375;21;;;12386;11;12390;21;;;12382.5;0.0
yf_ZC=F_d9;42900;ASH_COATED_OSMIUM;9906;20;9904;18;;;9922;25;9924;23;;;9914.0;0.0
yf_ZC=F_d9;42900;INTARIAN_PEPPER_ROOT;12372;17;12369;23;;;12391;6;12394;25;;;12381.5;0.0
yf_ZC=F_d9;43000;ASH_COATED_OSMIUM;9909;20;9905;18;;;9919;14;9923;21;;;9914.0;0.0
yf_ZC=F_d9;43000;INTARIAN_PEPPER_ROOT;12377;11;12373;21;;;12383;14;12385;15;;;12380.0;0.0
yf_ZC=F_d9;43100;ASH_COATED_OSMIUM;9910;18;9906;25;;;9916;17;9918;27;;;9913.0;0.0
yf_ZC=F_d9;43100;INTARIAN_PEPPER_ROOT;12376;13;12374;15;;;12382;11;12384;19;;;12379.0;0.0
yf_ZC=F_d9;43200;ASH_COATED_OSMIUM;9908;13;9906;15;;;9918;19;9920;15;;;9913.0;0.0
yf_ZC=F_d9;43200;INTARIAN_PEPPER_ROOT;12368;18;12366;26;;;12388;13;12392;14;;;12378.0;0.0
yf_ZC=F_d9;43300;ASH_COATED_OSMIUM;9911;17;9909;27;;;9917;15;9921;10;;;9914.0;0.0
yf_ZC=F_d9;43300;INTARIAN_PEPPER_ROOT;12355;14;12351;22;;;12399;23;12403;31;;;12377.0;0.0
yf_ZC=F_d9;43400;ASH_COATED_OSMIUM;9905;11;9901;12;;;9922;24;9924;21;;;9913.5;0.0
yf_ZC=F_d9;43400;INTARIAN_PEPPER_ROOT;12369;13;12367;21;;;12384;22;12387;23;;;12376.5;0.0
yf_ZC=F_d9;43500;ASH_COATED_OSMIUM;9910;13;9906;21;;;9917;15;9921;16;;;9913.5;0.0
yf_ZC=F_d9;43500;INTARIAN_PEPPER_ROOT;12370;22;12367;18;;;12378;14;12380;20;;;12374.0;0.0
yf_ZC=F_d9;43600;ASH_COATED_OSMIUM;9909;14;9905;24;;;9915;17;9918;27;;;9912.0;0.0
yf_ZC=F_d9;43600;INTARIAN_PEPPER_ROOT;12369;13;12365;14;;;12378;15;12380;8;;;12373.5;0.0
yf_ZC=F_d9;43700;ASH_COATED_OSMIUM;9909;17;9907;20;;;9915;15;9918;15;;;9912.0;0.0
yf_ZC=F_d9;43700;INTARIAN_PEPPER_ROOT;12370;11;12368;15;;;12376;14;12378;8;;;12373.0;0.0
yf_ZC=F_d9;43800;ASH_COATED_OSMIUM;9904;14;9902;16;;;9919;17;9922;22;;;9911.5;0.0
yf_ZC=F_d9;43800;INTARIAN_PEPPER_ROOT;12362;12;12360;11;;;12381;14;12384;17;;;12371.5;0.0
yf_ZC=F_d9;43900;ASH_COATED_OSMIUM;9909;19;9907;13;;;9915;12;9919;22;;;9912.0;0.0
yf_ZC=F_d9;43900;INTARIAN_PEPPER_ROOT;12367;20;12363;16;;;12373;17;12377;15;;;12370.0;0.0
yf_ZC=F_d9;44000;ASH_COATED_OSMIUM;9901;10;9898;16;;;9924;12;9928;18;;;9912.5;0.0
yf_ZC=F_d9;44000;INTARIAN_PEPPER_ROOT;12355;20;12353;22;;;12386;18;12390;30;;;12370.5;0.0
yf_ZC=F_d9;44100;ASH_COATED_OSMIUM;9909;11;9905;20;;;9915;12;9919;21;;;9912.0;0.0
yf_ZC=F_d9;44100;INTARIAN_PEPPER_ROOT;12365;25;12362;19;;;12371;19;12375;21;;;12368.0;0.0
yf_ZC=F_d9;44200;ASH_COATED_OSMIUM;9908;15;9904;28;;;9914;20;9918;26;;;9911.0;0.0
yf_ZC=F_d9;44200;INTARIAN_PEPPER_ROOT;12364;28;12360;15;;;12370;7;12373;19;;;12367.0;0.0
yf_ZC=F_d9;44300;ASH_COATED_OSMIUM;9908;17;9905;16;;;9914;21;9918;19;;;9911.0;0.0
yf_ZC=F_d9;44300;INTARIAN_PEPPER_ROOT;12362;5;12359;18;;;12369;17;12371;15;;;12365.5;0.0
yf_ZC=F_d9;44400;ASH_COATED_OSMIUM;9908;21;9904;8;;;9914;12;9916;25;;;9911.0;0.0
yf_ZC=F_d9;44400;INTARIAN_PEPPER_ROOT;12362;12;12360;18;;;12368;25;12370;18;;;12365.0;0.0
yf_ZC=F_d9;44500;ASH_COATED_OSMIUM;9908;15;9906;27;;;9915;5;9918;18;;;9911.5;0.0
yf_ZC=F_d9;44500;INTARIAN_PEPPER_ROOT;12360;18;12358;21;;;12368;20;12370;21;;;12364.0;0.0
yf_ZC=F_d9;44600;ASH_COATED_OSMIUM;9905;12;9902;24;;;9916;19;9919;11;;;9910.5;0.0
yf_ZC=F_d9;44600;INTARIAN_PEPPER_ROOT;12361;10;12359;20;;;12367;11;12371;15;;;12364.0;0.0
yf_ZC=F_d9;44700;ASH_COATED_OSMIUM;9902;23;9900;27;;;9921;15;9923;17;;;9911.5;0.0
yf_ZC=F_d9;44700;INTARIAN_PEPPER_ROOT;12359;15;12356;19;;;12365;11;12369;20;;;12362.0;0.0
yf_ZC=F_d9;44800;ASH_COATED_OSMIUM;9908;10;9905;21;;;9914;6;9916;17;;;9911.0;0.0
yf_ZC=F_d9;44800;INTARIAN_PEPPER_ROOT;12358;20;12356;15;;;12364;21;12368;16;;;12361.0;0.0
yf_ZC=F_d9;44900;ASH_COATED_OSMIUM;9908;13;9904;25;;;9914;26;9916;20;;;9911.0;0.0
yf_ZC=F_d9;44900;INTARIAN_PEPPER_ROOT;12346;5;12343;18;;;12374;17;12378;8;;;12360.0;0.0
yf_ZC=F_d9;45000;ASH_COATED_OSMIUM;9907;27;9903;16;;;9914;15;9916;13;;;9910.5;0.0
yf_ZC=F_d9;45000;INTARIAN_PEPPER_ROOT;12355;6;12351;14;;;12362;22;12365;16;;;12358.5;0.0
yf_ZC=F_d9;45100;ASH_COATED_OSMIUM;9907;12;9904;28;;;9913;17;9917;20;;;9910.0;0.0
yf_ZC=F_d9;45100;INTARIAN_PEPPER_ROOT;12355;17;12352;22;;;12361;23;12365;22;;;12358.0;0.0
yf_ZC=F_d9;45200;ASH_COATED_OSMIUM;9907;20;9903;26;;;9913;15;9916;15;;;9910.0;0.0
yf_ZC=F_d9;45200;INTARIAN_PEPPER_ROOT;12349;9;12345;23;;;12365;16;12368;25;;;12357.0;0.0
yf_ZC=F_d9;45300;ASH_COATED_OSMIUM;9907;18;9905;20;;;9913;15;9915;20;;;9910.0;0.0
yf_ZC=F_d9;45300;INTARIAN_PEPPER_ROOT;12352;18;12349;31;;;12358;18;12361;23;;;12355.0;0.0
yf_ZC=F_d9;45400;ASH_COATED_OSMIUM;9900;18;9898;17;;;9920;14;9924;20;;;9910.0;0.0
yf_ZC=F_d9;45400;INTARIAN_PEPPER_ROOT;12352;12;12350;24;;;12358;6;12362;24;;;12355.0;0.0
yf_ZC=F_d9;45500;ASH_COATED_OSMIUM;9906;22;9902;24;;;9912;13;9916;21;;;9909.0;0.0
yf_ZC=F_d9;45500;INTARIAN_PEPPER_ROOT;12351;20;12348;23;;;12357;7;12359;20;;;12354.0;0.0
yf_ZC=F_d9;45600;ASH_COATED_OSMIUM;9906;18;9902;28;;;9912;14;9914;20;;;9909.0;0.0
yf_ZC=F_d9;45600;INTARIAN_PEPPER_ROOT;12350;15;12348;17;;;12356;14;12358;27;;;12353.0;0.0
yf_ZC=F_d9;45700;ASH_COATED_OSMIUM;9906;18;9904;17;;;9912;16;9914;25;;;9909.0;0.0
yf_ZC=F_d9;45700;INTARIAN_PEPPER_ROOT;12349;17;12345;21;;;12355;11;12359;27;;;12352.0;0.0
yf_ZC=F_d9;45800;ASH_COATED_OSMIUM;9903;17;9900;22;;;9915;16;9919;26;;;9909.0;0.0
yf_ZC=F_d9;45800;INTARIAN_PEPPER_ROOT;12347;18;12344;13;;;12354;15;12357;17;;;12350.5;0.0
yf_ZC=F_d9;45900;ASH_COATED_OSMIUM;9900;17;9898;19;;;9918;18;9920;19;;;9909.0;0.0
yf_ZC=F_d9;45900;INTARIAN_PEPPER_ROOT;12346;5;12342;20;;;12352;10;12355;29;;;12349.0;0.0
yf_ZC=F_d9;46000;ASH_COATED_OSMIUM;9893;11;9889;18;;;9924;13;9926;28;;;9908.5;0.0
yf_ZC=F_d9;46000;INTARIAN_PEPPER_ROOT;12345;17;12342;16;;;12351;19;12354;10;;;12348.0;0.0
yf_ZC=F_d9;46100;ASH_COATED_OSMIUM;9905;12;9901;26;;;9911;19;9913;31;;;9908.0;0.0
yf_ZC=F_d9;46100;INTARIAN_PEPPER_ROOT;12338;10;12335;21;;;12357;23;12361;18;;;12347.5;0.0
yf_ZC=F_d9;46200;ASH_COATED_OSMIUM;9885;18;9883;23;;;9930;13;9933;12;;;9907.5;0.0
yf_ZC=F_d9;46200;INTARIAN_PEPPER_ROOT;12343;15;12339;21;;;12349;18;12352;17;;;12346.0;0.0
yf_ZC=F_d9;46300;ASH_COATED_OSMIUM;9904;14;9901;19;;;9913;17;9917;23;;;9908.5;0.0
yf_ZC=F_d9;46300;INTARIAN_PEPPER_ROOT;12342;14;12339;32;;;12348;13;12350;15;;;12345.0;0.0
yf_ZC=F_d9;46400;ASH_COATED_OSMIUM;9903;13;9899;23;;;9913;15;9916;25;;;9908.0;0.0
yf_ZC=F_d9;46400;INTARIAN_PEPPER_ROOT;12341;17;12337;18;;;12347;15;12349;20;;;12344.0;0.0
yf_ZC=F_d9;46500;ASH_COATED_OSMIUM;9904;18;9900;20;;;9912;16;9915;29;;;9908.0;0.0
yf_ZC=F_d9;46500;INTARIAN_PEPPER_ROOT;12340;18;12337;28;;;12346;14;12350;20;;;12343.0;0.0
yf_ZC=F_d9;46600;ASH_COATED_OSMIUM;9904;17;9902;21;;;9910;9;9913;19;;;9907.0;0.0
yf_ZC=F_d9;46600;INTARIAN_PEPPER_ROOT;12339;14;12337;24;;;12345;15;12349;26;;;12342.0;0.0
yf_ZC=F_d9;46700;ASH_COATED_OSMIUM;9904;20;9900;22;;;9910;19;9913;29;;;9907.0;0.0
yf_ZC=F_d9;46700;INTARIAN_PEPPER_ROOT;12338;10;12335;25;;;12344;14;12346;14;;;12341.0;0.0
yf_ZC=F_d9;46800;ASH_COATED_OSMIUM;9904;8;9901;15;;;9910;24;9913;20;;;9907.0;0.0
yf_ZC=F_d9;46800;INTARIAN_PEPPER_ROOT;12337;16;12335;15;;;12343;18;12345;22;;;12340.0;0.0
yf_ZC=F_d9;46900;ASH_COATED_OSMIUM;9904;16;9901;18;;;9910;15;9912;19;;;9907.0;0.0
yf_ZC=F_d9;46900;INTARIAN_PEPPER_ROOT;12332;15;12330;25;;;12346;14;12348;15;;;12339.0;0.0
yf_ZC=F_d9;47000;ASH_COATED_OSMIUM;9904;16;9902;13;;;9910;14;9912;23;;;9907.0;0.0
yf_ZC=F_d9;47000;INTARIAN_PEPPER_ROOT;12334;19;12330;24;;;12340;16;12342;14;;;12337.0;0.0
yf_ZC=F_d9;47100;ASH_COATED_OSMIUM;9901;7;9898;20;;;9913;14;9917;8;;;9907.0;0.0
yf_ZC=F_d9;47100;INTARIAN_PEPPER_ROOT;12333;19;12331;32;;;12340;9;12343;14;;;12336.5;0.0
yf_ZC=F_d9;47200;ASH_COATED_OSMIUM;9901;10;9898;18;;;9912;20;9914;21;;;9906.5;0.0
yf_ZC=F_d9;47200;INTARIAN_PEPPER_ROOT;12332;16;12328;26;;;12339;9;12342;20;;;12335.5;0.0
yf_ZC=F_d9;47300;ASH_COATED_OSMIUM;9903;12;9899;26;;;9909;6;9911;24;;;9906.0;0.0
yf_ZC=F_d9;47300;INTARIAN_PEPPER_ROOT;12331;9;12329;18;;;12337;9;12340;16;;;12334.0;0.0
yf_ZC=F_d9;47400;ASH_COATED_OSMIUM;9890;14;9886;15;;;9922;15;9925;27;;;9906.0;0.0
yf_ZC=F_d9;47400;INTARIAN_PEPPER_ROOT;12330;20;12327;29;;;12336;21;12338;21;;;12333.0;0.0
yf_ZC=F_d9;47500;ASH_COATED_OSMIUM;9899;10;9896;14;;;9913;15;9916;17;;;9906.0;0.0
yf_ZC=F_d9;47500;INTARIAN_PEPPER_ROOT;12327;10;12324;25;;;12339;9;12342;21;;;12333.0;0.0
yf_ZC=F_d9;47600;ASH_COATED_OSMIUM;9902;9;9899;18;;;9908;17;9910;15;;;9905.0;0.0
yf_ZC=F_d9;47600;INTARIAN_PEPPER_ROOT;12328;17;12325;12;;;12334;10;12338;15;;;12331.0;0.0
yf_ZC=F_d9;47700;ASH_COATED_OSMIUM;9897;23;9895;29;;;9914;24;9918;20;;;9905.5;0.0
yf_ZC=F_d9;47700;INTARIAN_PEPPER_ROOT;12327;10;12325;20;;;12333;11;12337;18;;;12330.0;0.0
yf_ZC=F_d9;47800;ASH_COATED_OSMIUM;9902;12;9900;16;;;9908;15;9911;19;;;9905.0;0.0
yf_ZC=F_d9;47800;INTARIAN_PEPPER_ROOT;12326;10;12323;17;;;12332;8;12334;21;;;12329.0;0.0
yf_ZC=F_d9;47900;ASH_COATED_OSMIUM;9903;13;9900;18;;;9909;16;9913;22;;;9906.0;0.0
yf_ZC=F_d9;47900;INTARIAN_PEPPER_ROOT;12324;22;12321;18;;;12330;17;12332;21;;;12327.0;0.0
yf_ZC=F_d9;48000;ASH_COATED_OSMIUM;9899;17;9897;16;;;9910;16;9912;29;;;9904.5;0.0
yf_ZC=F_d9;48000;INTARIAN_PEPPER_ROOT;12324;11;12322;12;;;12330;26;12333;14;;;12327.0;0.0
yf_ZC=F_d9;48100;ASH_COATED_OSMIUM;9902;16;9898;17;;;9908;5;9910;15;;;9905.0;0.0
yf_ZC=F_d9;48100;INTARIAN_PEPPER_ROOT;12323;11;12319;18;;;12329;11;12333;25;;;12326.0;0.0
yf_ZC=F_d9;48200;ASH_COATED_OSMIUM;9901;21;9899;21;;;9907;28;9909;18;;;9904.0;0.0
yf_ZC=F_d9;48200;INTARIAN_PEPPER_ROOT;12322;16;12320;15;;;12328;5;12331;23;;;12325.0;0.0
yf_ZC=F_d9;48300;ASH_COATED_OSMIUM;9901;9;9899;13;;;9909;12;9911;18;;;9905.0;0.0
yf_ZC=F_d9;48300;INTARIAN_PEPPER_ROOT;12315;17;12312;20;;;12332;14;12335;19;;;12323.5;0.0
yf_ZC=F_d9;48400;ASH_COATED_OSMIUM;9897;9;9894;22;;;9911;17;9914;22;;;9904.0;0.0
yf_ZC=F_d9;48400;INTARIAN_PEPPER_ROOT;12311;14;12308;22;;;12335;15;12338;25;;;12323.0;0.0
yf_ZC=F_d9;48500;ASH_COATED_OSMIUM;9901;8;9897;19;;;9907;15;9911;19;;;9904.0;0.0
yf_ZC=F_d9;48500;INTARIAN_PEPPER_ROOT;12319;11;12317;19;;;12325;11;12329;27;;;12322.0;0.0
yf_ZC=F_d9;48600;ASH_COATED_OSMIUM;9901;21;9897;17;;;9907;11;9910;21;;;9904.0;0.0
yf_ZC=F_d9;48600;INTARIAN_PEPPER_ROOT;12317;12;12313;22;;;12325;14;12328;10;;;12321.0;0.0
yf_ZC=F_d9;48700;ASH_COATED_OSMIUM;9895;13;9891;21;;;9913;20;9917;22;;;9904.0;0.0
yf_ZC=F_d9;48700;INTARIAN_PEPPER_ROOT;12317;10;12315;19;;;12323;13;12327;17;;;12320.0;0.0
yf_ZC=F_d9;48800;ASH_COATED_OSMIUM;9901;8;9898;21;;;9907;20;9909;27;;;9904.0;0.0
yf_ZC=F_d9;48800;INTARIAN_PEPPER_ROOT;12313;16;12311;23;;;12323;10;12326;10;;;12318.0;0.0
yf_ZC=F_d9;48900;ASH_COATED_OSMIUM;9897;11;9895;10;;;9910;24;9913;14;;;9903.5;0.0
yf_ZC=F_d9;48900;INTARIAN_PEPPER_ROOT;12312;16;12308;21;;;12322;6;12326;27;;;12317.0;0.0
yf_ZC=F_d9;49000;ASH_COATED_OSMIUM;9899;5;9897;11;;;9907;12;9911;8;;;9903.0;0.0
yf_ZC=F_d9;49000;INTARIAN_PEPPER_ROOT;12295;9;12293;18;;;12339;17;12343;19;;;12317.0;0.0
yf_ZC=F_d9;49100;ASH_COATED_OSMIUM;9898;15;9896;11;;;9907;7;9911;27;;;9902.5;0.0
yf_ZC=F_d9;49100;INTARIAN_PEPPER_ROOT;12312;21;12310;15;;;12319;18;12322;19;;;12315.5;0.0
yf_ZC=F_d9;49200;ASH_COATED_OSMIUM;9897;9;9893;22;;;9909;16;9912;17;;;9903.0;0.0
yf_ZC=F_d9;49200;INTARIAN_PEPPER_ROOT;12311;13;12307;21;;;12317;19;12321;18;;;12314.0;0.0
yf_ZC=F_d9;49300;ASH_COATED_OSMIUM;9899;7;9895;10;;;9905;14;9908;12;;;9902.0;0.0
yf_ZC=F_d9;49300;INTARIAN_PEPPER_ROOT;12310;7;12308;25;;;12316;14;12320;20;;;12313.0;0.0
yf_ZC=F_d9;49400;ASH_COATED_OSMIUM;9900;16;9897;24;;;9906;7;9908;9;;;9903.0;0.0
yf_ZC=F_d9;49400;INTARIAN_PEPPER_ROOT;12306;14;12304;22;;;12319;13;12321;24;;;12312.5;0.0
yf_ZC=F_d9;49500;ASH_COATED_OSMIUM;9895;10;9891;19;;;9909;12;9911;19;;;9902.0;0.0
yf_ZC=F_d9;49500;INTARIAN_PEPPER_ROOT;12294;27;12290;9;;;12328;16;12331;27;;;12311.0;0.0
yf_ZC=F_d9;49600;ASH_COATED_OSMIUM;9898;12;9895;22;;;9908;8;9912;21;;;9903.0;0.0
yf_ZC=F_d9;49600;INTARIAN_PEPPER_ROOT;12307;10;12304;20;;;12313;20;12316;19;;;12310.0;0.0
yf_ZC=F_d9;49700;ASH_COATED_OSMIUM;9899;5;9897;15;;;9905;10;9908;20;;;9902.0;0.0
yf_ZC=F_d9;49700;INTARIAN_PEPPER_ROOT;12306;20;12302;27;;;12313;15;12315;25;;;12309.5;0.0
yf_ZC=F_d9;49800;ASH_COATED_OSMIUM;9898;22;9896;27;;;9905;20;9908;28;;;9901.5;0.0
yf_ZC=F_d9;49800;INTARIAN_PEPPER_ROOT;12303;17;12300;16;;;12313;11;12317;27;;;12308.0;0.0
yf_ZC=F_d9;49900;ASH_COATED_OSMIUM;9898;7;9895;18;;;9904;15;9906;24;;;9901.0;0.0
yf_ZC=F_d9;49900;INTARIAN_PEPPER_ROOT;12304;13;12300;15;;;12310;23;12314;30;;;12307.0;0.0
yf_ZC=F_d9;50000;ASH_COATED_OSMIUM;9898;14;9895;25;;;9904;12;9907;35;;;9901.0;0.0
yf_ZC=F_d9;50000;INTARIAN_PEPPER_ROOT;12302;6;12300;15;;;12308;11;12312;17;;;12305.0;0.0
yf_ZC=F_d9;50100;ASH_COATED_OSMIUM;9893;9;9890;21;;;9909;8;9911;26;;;9901.0;0.0
yf_ZC=F_d9;50100;INTARIAN_PEPPER_ROOT;12302;6;12298;16;;;12308;17;12311;23;;;12305.0;0.0
yf_ZC=F_d9;50200;ASH_COATED_OSMIUM;9898;12;9895;18;;;9904;16;9908;18;;;9901.0;0.0
yf_ZC=F_d9;50200;INTARIAN_PEPPER_ROOT;12300;14;12298;21;;;12306;17;12309;21;;;12303.0;0.0
yf_ZC=F_d9;50300;ASH_COATED_OSMIUM;9897;16;9895;17;;;9903;5;9906;26;;;9900.0;0.0
yf_ZC=F_d9;50300;INTARIAN_PEPPER_ROOT;12299;19;12295;18;;;12307;13;12309;20;;;12303.0;0.0
yf_ZC=F_d9;50400;ASH_COATED_OSMIUM;9898;11;9894;13;;;9904;10;9908;16;;;9901.0;0.0
yf_ZC=F_d9;50400;INTARIAN_PEPPER_ROOT;12299;15;12297;22;;;12305;10;12309;25;;;12302.0;0.0
yf_ZC=F_d9;50500;ASH_COATED_OSMIUM;9898;19;9895;11;;;9904;16;9908;17;;;9901.0;0.0
yf_ZC=F_d9;50500;INTARIAN_PEPPER_ROOT;12297;18;12294;21;;;12306;17;12310;22;;;12301.5;0.0
yf_ZC=F_d9;50600;ASH_COATED_OSMIUM;9896;8;9894;25;;;9904;5;9906;23;;;9900.0;0.0
yf_ZC=F_d9;50600;INTARIAN_PEPPER_ROOT;12297;20;12294;8;;;12303;11;12307;20;;;12300.0;0.0
yf_ZC=F_d9;50700;ASH_COATED_OSMIUM;9896;28;9893;12;;;9902;18;9905;19;;;9899.0;0.0
yf_ZC=F_d9;50700;INTARIAN_PEPPER_ROOT;12295;10;12293;27;;;12301;12;12304;13;;;12298.0;0.0
yf_ZC=F_d9;50800;ASH_COATED_OSMIUM;9897;10;9893;20;;;9903;13;9905;28;;;9900.0;0.0
yf_ZC=F_d9;50800;INTARIAN_PEPPER_ROOT;12290;12;12288;18;;;12302;6;12304;18;;;12296.0;0.0
yf_ZC=F_d9;50900;ASH_COATED_OSMIUM;9893;17;9890;21;;;9906;20;9909;14;;;9899.5;0.0
yf_ZC=F_d9;50900;INTARIAN_PEPPER_ROOT;12294;14;12292;25;;;12301;13;12305;22;;;12297.5;0.0
yf_ZC=F_d9;51000;ASH_COATED_OSMIUM;9897;7;9894;16;;;9903;12;9905;19;;;9900.0;0.0
yf_ZC=F_d9;51000;INTARIAN_PEPPER_ROOT;12295;12;12293;21;;;12301;7;12304;17;;;12298.0;0.0
yf_ZC=F_d9;51100;ASH_COATED_OSMIUM;9897;15;9894;17;;;9903;15;9905;25;;;9900.0;0.0
yf_ZC=F_d9;51100;INTARIAN_PEPPER_ROOT;12296;12;12292;14;;;12302;15;12304;11;;;12299.0;0.0
yf_ZC=F_d9;51200;ASH_COATED_OSMIUM;9898;19;9896;15;;;9904;23;9907;22;;;9901.0;0.0
yf_ZC=F_d9;51200;INTARIAN_PEPPER_ROOT;12297;20;12295;20;;;12303;27;12306;27;;;12300.0;0.0
yf_ZC=F_d9;51300;ASH_COATED_OSMIUM;9897;23;9893;15;;;9903;17;9907;27;;;9900.0;0.0
yf_ZC=F_d9;51300;INTARIAN_PEPPER_ROOT;12294;12;12290;17;;;12306;11;12310;24;;;12300.0;0.0
yf_ZC=F_d9;51400;ASH_COATED_OSMIUM;9898;13;9896;18;;;9904;14;9906;20;;;9901.0;0.0
yf_ZC=F_d9;51400;INTARIAN_PEPPER_ROOT;12298;19;12294;11;;;12305;20;12308;27;;;12301.5;0.0
yf_ZC=F_d9;51500;ASH_COATED_OSMIUM;9898;9;9895;22;;;9904;18;9907;22;;;9901.0;0.0
yf_ZC=F_d9;51500;INTARIAN_PEPPER_ROOT;12300;23;12298;22;;;12306;15;12308;27;;;12303.0;0.0
yf_ZC=F_d9;51600;ASH_COATED_OSMIUM;9898;21;9896;15;;;9904;8;9908;19;;;9901.0;0.0
yf_ZC=F_d9;51600;INTARIAN_PEPPER_ROOT;12300;14;12296;19;;;12306;8;12309;13;;;12303.0;0.0
yf_ZC=F_d9;51700;ASH_COATED_OSMIUM;9897;14;9894;29;;;9905;16;9907;19;;;9901.0;0.0
yf_ZC=F_d9;51700;INTARIAN_PEPPER_ROOT;12300;10;12297;31;;;12308;7;12310;18;;;12304.0;0.0
yf_ZC=F_d9;51800;ASH_COATED_OSMIUM;9899;11;9896;9;;;9905;17;9907;15;;;9902.0;0.0
yf_ZC=F_d9;51800;INTARIAN_PEPPER_ROOT;12302;24;12298;28;;;12308;17;12311;25;;;12305.0;0.0
yf_ZC=F_d9;51900;ASH_COATED_OSMIUM;9888;17;9886;11;;;9915;9;9918;14;;;9901.5;0.0
yf_ZC=F_d9;51900;INTARIAN_PEPPER_ROOT;12298;19;12294;23;;;12314;11;12316;22;;;12306.0;0.0
yf_ZC=F_d9;52000;ASH_COATED_OSMIUM;9896;9;9894;20;;;9907;14;9909;18;;;9901.5;0.0
yf_ZC=F_d9;52000;INTARIAN_PEPPER_ROOT;12301;17;12297;21;;;12313;23;12315;22;;;12307.0;0.0
yf_ZC=F_d9;52100;ASH_COATED_OSMIUM;9887;13;9885;21;;;9918;9;9920;21;;;9902.5;0.0
yf_ZC=F_d9;52100;INTARIAN_PEPPER_ROOT;12305;17;12302;20;;;12311;5;12313;14;;;12308.0;0.0
yf_ZC=F_d9;52200;ASH_COATED_OSMIUM;9900;19;9897;23;;;9906;6;9909;19;;;9903.0;0.0
yf_ZC=F_d9;52200;INTARIAN_PEPPER_ROOT;12305;13;12303;20;;;12312;12;12316;23;;;12308.5;0.0
yf_ZC=F_d9;52300;ASH_COATED_OSMIUM;9891;20;9889;24;;;9916;14;9919;17;;;9903.5;0.0
yf_ZC=F_d9;52300;INTARIAN_PEPPER_ROOT;12306;5;12302;19;;;12312;22;12315;24;;;12309.0;0.0
yf_ZC=F_d9;52400;ASH_COATED_OSMIUM;9900;12;9898;15;;;9906;19;9909;14;;;9903.0;0.0
yf_ZC=F_d9;52400;INTARIAN_PEPPER_ROOT;12307;12;12303;17;;;12313;6;12316;18;;;12310.0;0.0
yf_ZC=F_d9;52500;ASH_COATED_OSMIUM;9900;8;9896;18;;;9906;15;9908;22;;;9903.0;0.0
yf_ZC=F_d9;52500;INTARIAN_PEPPER_ROOT;12306;17;12302;18;;;12315;12;12319;24;;;12310.5;0.0
yf_ZC=F_d9;52600;ASH_COATED_OSMIUM;9901;12;9897;20;;;9907;10;9909;25;;;9904.0;0.0
yf_ZC=F_d9;52600;INTARIAN_PEPPER_ROOT;12309;14;12307;14;;;12315;8;12319;16;;;12312.0;0.0
yf_ZC=F_d9;52700;ASH_COATED_OSMIUM;9897;27;9893;12;;;9911;11;9913;15;;;9904.0;0.0
yf_ZC=F_d9;52700;INTARIAN_PEPPER_ROOT;12305;16;12301;20;;;12320;12;12323;15;;;12312.5;0.0
yf_ZC=F_d9;52800;ASH_COATED_OSMIUM;9901;23;9897;17;;;9907;18;9911;27;;;9904.0;0.0
yf_ZC=F_d9;52800;INTARIAN_PEPPER_ROOT;12304;22;12300;22;;;12322;19;12324;21;;;12313.0;0.0
yf_ZC=F_d9;52900;ASH_COATED_OSMIUM;9893;14;9890;17;;;9917;9;9921;30;;;9905.0;0.0
yf_ZC=F_d9;52900;INTARIAN_PEPPER_ROOT;12311;14;12308;18;;;12317;16;12320;18;;;12314.0;0.0
yf_ZC=F_d9;53000;ASH_COATED_OSMIUM;9901;12;9897;19;;;9907;16;9911;17;;;9904.0;0.0
yf_ZC=F_d9;53000;INTARIAN_PEPPER_ROOT;12312;13;12308;19;;;12318;7;12320;22;;;12315.0;0.0
yf_ZC=F_d9;53100;ASH_COATED_OSMIUM;9902;16;9899;13;;;9908;15;9911;14;;;9905.0;0.0
yf_ZC=F_d9;53100;INTARIAN_PEPPER_ROOT;12313;19;12310;26;;;12319;19;12323;17;;;12316.0;0.0
yf_ZC=F_d9;53200;ASH_COATED_OSMIUM;9902;14;9898;25;;;9908;19;9911;18;;;9905.0;0.0
yf_ZC=F_d9;53200;INTARIAN_PEPPER_ROOT;12309;17;12306;26;;;12325;12;12327;15;;;12317.0;0.0
yf_ZC=F_d9;53300;ASH_COATED_OSMIUM;9900;16;9898;14;;;9911;18;9913;19;;;9905.5;0.0
yf_ZC=F_d9;53300;INTARIAN_PEPPER_ROOT;12315;20;12312;19;;;12321;5;12323;20;;;12318.0;0.0
yf_ZC=F_d9;53400;ASH_COATED_OSMIUM;9902;11;9900;25;;;9908;12;9910;16;;;9905.0;0.0
yf_ZC=F_d9;53400;INTARIAN_PEPPER_ROOT;12314;9;12311;12;;;12324;25;12328;21;;;12319.0;0.0
yf_ZC=F_d9;53500;ASH_COATED_OSMIUM;9903;21;9901;15;;;9909;17;9912;18;;;9906.0;0.0
yf_ZC=F_d9;53500;INTARIAN_PEPPER_ROOT;12317;19;12313;23;;;12323;16;12325;26;;;12320.0;0.0
yf_ZC=F_d9;53600;ASH_COATED_OSMIUM;9902;19;9900;21;;;9908;19;9911;20;;;9905.0;0.0
yf_ZC=F_d9;53600;INTARIAN_PEPPER_ROOT;12317;5;12313;18;;;12323;12;12327;20;;;12320.0;0.0
yf_ZC=F_d9;53700;ASH_COATED_OSMIUM;9903;20;9899;17;;;9909;20;9911;15;;;9906.0;0.0
yf_ZC=F_d9;53700;INTARIAN_PEPPER_ROOT;12318;8;12314;23;;;12324;20;12328;21;;;12321.0;0.0
yf_ZC=F_d9;53800;ASH_COATED_OSMIUM;9896;15;9892;16;;;9917;12;9920;17;;;9906.5;0.0
yf_ZC=F_d9;53800;INTARIAN_PEPPER_ROOT;12319;11;12315;17;;;12325;12;12327;22;;;12322.0;0.0
yf_ZC=F_d9;53900;ASH_COATED_OSMIUM;9903;12;9899;17;;;9909;13;9912;17;;;9906.0;0.0
yf_ZC=F_d9;53900;INTARIAN_PEPPER_ROOT;12311;21;12309;32;;;12335;16;12339;22;;;12323.0;0.0
yf_ZC=F_d9;54000;ASH_COATED_OSMIUM;9899;21;9895;22;;;9914;16;9917;17;;;9906.5;0.0
yf_ZC=F_d9;54000;INTARIAN_PEPPER_ROOT;12321;14;12317;23;;;12327;12;12329;23;;;12324.0;0.0
yf_ZC=F_d9;54100;ASH_COATED_OSMIUM;9904;12;9900;8;;;9910;11;9913;17;;;9907.0;0.0
yf_ZC=F_d9;54100;INTARIAN_PEPPER_ROOT;12317;11;12313;19;;;12332;10;12334;20;;;12324.5;0.0
yf_ZC=F_d9;54200;ASH_COATED_OSMIUM;9904;14;9901;17;;;9910;14;9912;27;;;9907.0;0.0
yf_ZC=F_d9;54200;INTARIAN_PEPPER_ROOT;12322;16;12319;17;;;12328;5;12332;22;;;12325.0;0.0
yf_ZC=F_d9;54300;ASH_COATED_OSMIUM;9905;12;9901;21;;;9911;21;9913;28;;;9908.0;0.0
yf_ZC=F_d9;54300;INTARIAN_PEPPER_ROOT;12323;12;12321;25;;;12331;9;12334;16;;;12327.0;0.0
yf_ZC=F_d9;54400;ASH_COATED_OSMIUM;9905;23;9901;17;;;9911;12;9914;17;;;9908.0;0.0
yf_ZC=F_d9;54400;INTARIAN_PEPPER_ROOT;12324;23;12321;13;;;12330;13;12334;20;;;12327.0;0.0
yf_ZC=F_d9;54500;ASH_COATED_OSMIUM;9904;15;9900;23;;;9910;18;9913;14;;;9907.0;0.0
yf_ZC=F_d9;54500;INTARIAN_PEPPER_ROOT;12325;20;12322;19;;;12331;18;12334;22;;;12328.0;0.0
yf_ZC=F_d9;54600;ASH_COATED_OSMIUM;9902;13;9898;14;;;9914;15;9917;28;;;9908.0;0.0
yf_ZC=F_d9;54600;INTARIAN_PEPPER_ROOT;12325;18;12321;20;;;12333;19;12337;25;;;12329.0;0.0
yf_ZC=F_d9;54700;ASH_COATED_OSMIUM;9902;12;9898;24;;;9914;13;9918;19;;;9908.0;0.0
yf_ZC=F_d9;54700;INTARIAN_PEPPER_ROOT;12324;18;12320;20;;;12336;12;12338;23;;;12330.0;0.0
yf_ZC=F_d9;54800;ASH_COATED_OSMIUM;9906;19;9902;23;;;9912;14;9914;15;;;9909.0;0.0
yf_ZC=F_d9;54800;INTARIAN_PEPPER_ROOT;12323;7;12319;28;;;12338;9;12341;23;;;12330.5;0.0
yf_ZC=F_d9;54900;ASH_COATED_OSMIUM;9906;5;9904;18;;;9912;11;9914;22;;;9909.0;0.0
yf_ZC=F_d9;54900;INTARIAN_PEPPER_ROOT;12326;15;12322;25;;;12337;19;12340;12;;;12331.5;0.0
yf_ZC=F_d9;55000;ASH_COATED_OSMIUM;9906;15;9902;24;;;9912;17;9916;18;;;9909.0;0.0
yf_ZC=F_d9;55000;INTARIAN_PEPPER_ROOT;12329;11;12327;19;;;12335;18;12339;9;;;12332.0;0.0
yf_ZC=F_d9;55100;ASH_COATED_OSMIUM;9906;13;9903;10;;;9912;15;9915;19;;;9909.0;0.0
yf_ZC=F_d9;55100;INTARIAN_PEPPER_ROOT;12329;15;12327;16;;;12335;10;12337;11;;;12332.0;0.0
yf_ZC=F_d9;55200;ASH_COATED_OSMIUM;9906;20;9904;9;;;9912;11;9916;22;;;9909.0;0.0
yf_ZC=F_d9;55200;INTARIAN_PEPPER_ROOT;12332;17;12330;16;;;12338;15;12342;23;;;12335.0;0.0
yf_ZC=F_d9;55300;ASH_COATED_OSMIUM;9902;23;9898;19;;;9918;8;9922;23;;;9910.0;0.0
yf_ZC=F_d9;55300;INTARIAN_PEPPER_ROOT;12331;17;12329;20;;;12339;9;12341;18;;;12335.0;0.0
yf_ZC=F_d9;55400;ASH_COATED_OSMIUM;9907;19;9904;27;;;9913;10;9916;24;;;9910.0;0.0
yf_ZC=F_d9;55400;INTARIAN_PEPPER_ROOT;12331;11;12329;18;;;12340;17;12344;11;;;12335.5;0.0
yf_ZC=F_d9;55500;ASH_COATED_OSMIUM;9897;7;9895;13;;;9923;13;9927;21;;;9910.0;0.0
yf_ZC=F_d9;55500;INTARIAN_PEPPER_ROOT;12332;26;12328;16;;;12343;18;12346;16;;;12337.5;0.0
yf_ZC=F_d9;55600;ASH_COATED_OSMIUM;9907;14;9903;16;;;9913;15;9915;15;;;9910.0;0.0
yf_ZC=F_d9;55600;INTARIAN_PEPPER_ROOT;12327;19;12325;25;;;12348;14;12350;23;;;12337.5;0.0
yf_ZC=F_d9;55700;ASH_COATED_OSMIUM;9908;8;9906;21;;;9914;12;9917;15;;;9911.0;0.0
yf_ZC=F_d9;55700;INTARIAN_PEPPER_ROOT;12331;17;12329;9;;;12344;11;12348;17;;;12337.5;0.0
yf_ZC=F_d9;55800;ASH_COATED_OSMIUM;9907;9;9905;22;;;9914;10;9917;18;;;9910.5;0.0
yf_ZC=F_d9;55800;INTARIAN_PEPPER_ROOT;12329;22;12326;21;;;12349;14;12352;23;;;12339.0;0.0
yf_ZC=F_d9;55900;ASH_COATED_OSMIUM;9908;13;9904;19;;;9914;8;9916;13;;;9911.0;0.0
yf_ZC=F_d9;55900;INTARIAN_PEPPER_ROOT;12337;7;12335;23;;;12343;11;12345;11;;;12340.0;0.0
yf_ZC=F_d9;56000;ASH_COATED_OSMIUM;9900;10;9898;22;;;9922;7;9924;19;;;9911.0;0.0
yf_ZC=F_d9;56000;INTARIAN_PEPPER_ROOT;12338;20;12336;33;;;12344;13;12348;15;;;12341.0;0.0
yf_ZC=F_d9;56100;ASH_COATED_OSMIUM;9902;12;9899;25;;;9919;16;9922;24;;;9910.5;0.0
yf_ZC=F_d9;56100;INTARIAN_PEPPER_ROOT;12339;15;12336;20;;;12345;13;12348;22;;;12342.0;0.0
yf_ZC=F_d9;56200;ASH_COATED_OSMIUM;9905;16;9903;16;;;9918;13;9922;19;;;9911.5;0.0
yf_ZC=F_d9;56200;INTARIAN_PEPPER_ROOT;12339;11;12337;23;;;12345;15;12347;19;;;12342.0;0.0
yf_ZC=F_d9;56300;ASH_COATED_OSMIUM;9908;17;9905;17;;;9914;15;9916;17;;;9911.0;0.0
yf_ZC=F_d9;56300;INTARIAN_PEPPER_ROOT;12337;6;12333;25;;;12350;12;12352;25;;;12343.5;0.0
yf_ZC=F_d9;56400;ASH_COATED_OSMIUM;9909;6;9905;22;;;9915;7;9917;20;;;9912.0;0.0
yf_ZC=F_d9;56400;INTARIAN_PEPPER_ROOT;12338;19;12336;20;;;12349;9;12351;15;;;12343.5;0.0
yf_ZC=F_d9;56500;ASH_COATED_OSMIUM;9904;6;9901;22;;;9921;19;9923;19;;;9912.5;0.0
yf_ZC=F_d9;56500;INTARIAN_PEPPER_ROOT;12342;9;12338;20;;;12348;13;12350;10;;;12345.0;0.0
yf_ZC=F_d9;56600;ASH_COATED_OSMIUM;9909;12;9906;16;;;9915;8;9918;15;;;9912.0;0.0
yf_ZC=F_d9;56600;INTARIAN_PEPPER_ROOT;12343;14;12341;17;;;12349;9;12351;28;;;12346.0;0.0
yf_ZC=F_d9;56700;ASH_COATED_OSMIUM;9904;9;9902;12;;;9921;13;9925;16;;;9912.5;0.0
yf_ZC=F_d9;56700;INTARIAN_PEPPER_ROOT;12342;8;12339;30;;;12352;13;12354;15;;;12347.0;0.0
yf_ZC=F_d9;56800;ASH_COATED_OSMIUM;9901;16;9899;24;;;9924;8;9926;31;;;9912.5;0.0
yf_ZC=F_d9;56800;INTARIAN_PEPPER_ROOT;12345;10;12343;19;;;12351;14;12355;17;;;12348.0;0.0
yf_ZC=F_d9;56900;ASH_COATED_OSMIUM;9910;27;9908;16;;;9917;20;9921;21;;;9913.5;0.0
yf_ZC=F_d9;56900;INTARIAN_PEPPER_ROOT;12345;14;12341;23;;;12351;14;12355;10;;;12348.0;0.0
yf_ZC=F_d9;57000;ASH_COATED_OSMIUM;9910;20;9908;19;;;9916;12;9919;29;;;9913.0;0.0
yf_ZC=F_d9;57000;INTARIAN_PEPPER_ROOT;12346;20;12342;19;;;12352;5;12354;17;;;12349.0;0.0
yf_ZC=F_d9;57100;ASH_COATED_OSMIUM;9910;13;9908;21;;;9916;15;9919;21;;;9913.0;0.0
yf_ZC=F_d9;57100;INTARIAN_PEPPER_ROOT;12334;19;12331;23;;;12365;5;12369;26;;;12349.5;0.0
yf_ZC=F_d9;57200;ASH_COATED_OSMIUM;9910;16;9907;14;;;9916;21;9920;26;;;9913.0;0.0
yf_ZC=F_d9;57200;INTARIAN_PEPPER_ROOT;12348;22;12345;11;;;12354;10;12356;21;;;12351.0;0.0
yf_ZC=F_d9;57300;ASH_COATED_OSMIUM;9910;17;9908;19;;;9917;6;9921;29;;;9913.5;0.0
yf_ZC=F_d9;57300;INTARIAN_PEPPER_ROOT;12349;12;12345;26;;;12355;11;12358;20;;;12352.0;0.0
yf_ZC=F_d9;57400;ASH_COATED_OSMIUM;9911;14;9908;26;;;9917;7;9921;21;;;9914.0;0.0
yf_ZC=F_d9;57400;INTARIAN_PEPPER_ROOT;12349;9;12347;25;;;12355;18;12358;21;;;12352.0;0.0
yf_ZC=F_d9;57500;ASH_COATED_OSMIUM;9911;13;9907;19;;;9918;6;9920;19;;;9914.5;0.0
yf_ZC=F_d9;57500;INTARIAN_PEPPER_ROOT;12350;16;12346;20;;;12356;18;12359;18;;;12353.0;0.0
yf_ZC=F_d9;57600;ASH_COATED_OSMIUM;9910;18;9907;10;;;9918;6;9922;9;;;9914.0;0.0
yf_ZC=F_d9;57600;INTARIAN_PEPPER_ROOT;12351;14;12348;24;;;12357;7;12361;23;;;12354.0;0.0
yf_ZC=F_d9;57700;ASH_COATED_OSMIUM;9912;23;9909;23;;;9918;17;9920;20;;;9915.0;0.0
yf_ZC=F_d9;57700;INTARIAN_PEPPER_ROOT;12352;19;12349;16;;;12358;5;12362;21;;;12355.0;0.0
yf_ZC=F_d9;57800;ASH_COATED_OSMIUM;9910;15;9908;17;;;9919;5;9923;29;;;9914.5;0.0
yf_ZC=F_d9;57800;INTARIAN_PEPPER_ROOT;12353;23;12350;23;;;12359;12;12362;26;;;12356.0;0.0
yf_ZC=F_d9;57900;ASH_COATED_OSMIUM;9911;17;9908;15;;;9919;18;9921;18;;;9915.0;0.0
yf_ZC=F_d9;57900;INTARIAN_PEPPER_ROOT;12353;16;12349;16;;;12360;9;12364;18;;;12356.5;0.0
yf_ZC=F_d9;58000;ASH_COATED_OSMIUM;9912;16;9908;13;;;9918;14;9921;21;;;9915.0;0.0
yf_ZC=F_d9;58000;INTARIAN_PEPPER_ROOT;12352;11;12349;13;;;12363;14;12367;19;;;12357.5;0.0
yf_ZC=F_d9;58100;ASH_COATED_OSMIUM;9912;15;9909;16;;;9918;19;9920;20;;;9915.0;0.0
yf_ZC=F_d9;58100;INTARIAN_PEPPER_ROOT;12356;9;12353;14;;;12362;16;12366;11;;;12359.0;0.0
yf_ZC=F_d9;58200;ASH_COATED_OSMIUM;9912;12;9909;23;;;9918;10;9921;23;;;9915.0;0.0
yf_ZC=F_d9;58200;INTARIAN_PEPPER_ROOT;12357;13;12353;19;;;12363;13;12367;11;;;12360.0;0.0
yf_ZC=F_d9;58300;ASH_COATED_OSMIUM;9912;16;9908;15;;;9920;14;9922;21;;;9916.0;0.0
