day;timestamp;product;bid_price_1;bid_volume_1;bid_price_2;bid_volume_2;bid_price_3;bid_volume_3;ask_price_1;ask_volume_1;ask_price_2;ask_volume_2;ask_price_3;ask_volume_3;mid_price;profit_and_loss
av_CORN_d6;0;ASH_COATED_OSMIUM;9924;15;9922;14;;;9930;15;9934;18;;;9927.0;0.0
av_CORN_d6;0;INTARIAN_PEPPER_ROOT;10299;17;10296;22;;;10326;11;10329;26;;;10312.5;0.0
av_CORN_d6;100;ASH_COATED_OSMIUM;9925;7;9923;20;;;9931;17;9935;15;;;9928.0;0.0
av_CORN_d6;100;INTARIAN_PEPPER_ROOT;10312;12;10308;18;;;10318;12;10322;19;;;10315.0;0.0
av_CORN_d6;200;ASH_COATED_OSMIUM;9920;19;9917;12;;;9934;15;9937;17;;;9927.0;0.0
av_CORN_d6;200;INTARIAN_PEPPER_ROOT;10313;15;10309;18;;;10319;5;10321;20;;;10316.0;0.0
av_CORN_d6;300;ASH_COATED_OSMIUM;9924;7;9920;14;;;9930;22;9933;28;;;9927.0;0.0
av_CORN_d6;300;INTARIAN_PEPPER_ROOT;10304;5;10301;12;;;10329;29;10332;19;;;10316.5;0.0
av_CORN_d6;400;ASH_COATED_OSMIUM;9917;17;9914;16;;;9938;12;9941;26;;;9927.5;0.0
av_CORN_d6;400;INTARIAN_PEPPER_ROOT;10316;11;10313;17;;;10322;10;10326;19;;;10319.0;0.0
av_CORN_d6;500;ASH_COATED_OSMIUM;9925;16;9921;22;;;9931;19;9935;15;;;9928.0;0.0
av_CORN_d6;500;INTARIAN_PEPPER_ROOT;10316;12;10314;27;;;10322;13;10324;15;;;10319.0;0.0
av_CORN_d6;600;ASH_COATED_OSMIUM;9925;9;9922;21;;;9931;23;9935;16;;;9928.0;0.0
av_CORN_d6;600;INTARIAN_PEPPER_ROOT;10318;15;10315;22;;;10324;16;10327;14;;;10321.0;0.0
av_CORN_d6;700;ASH_COATED_OSMIUM;9925;26;9922;15;;;9931;21;9933;26;;;9928.0;0.0
av_CORN_d6;700;INTARIAN_PEPPER_ROOT;10300;19;10297;22;;;10343;14;10347;27;;;10321.5;0.0
av_CORN_d6;800;ASH_COATED_OSMIUM;9919;5;9917;19;;;9936;16;9939;29;;;9927.5;0.0
av_CORN_d6;800;INTARIAN_PEPPER_ROOT;10320;19;10317;22;;;10326;22;10328;24;;;10323.0;0.0
av_CORN_d6;900;ASH_COATED_OSMIUM;9921;12;9917;24;;;9934;5;9938;28;;;9927.5;0.0
av_CORN_d6;900;INTARIAN_PEPPER_ROOT;10313;17;10311;18;;;10336;17;10339;24;;;10324.5;0.0
av_CORN_d6;1000;ASH_COATED_OSMIUM;9925;20;9922;16;;;9931;14;9934;19;;;9928.0;0.0
av_CORN_d6;1000;INTARIAN_PEPPER_ROOT;10323;6;10321;16;;;10329;10;10332;20;;;10326.0;0.0
av_CORN_d6;1100;ASH_COATED_OSMIUM;9923;16;9921;20;;;9934;18;9936;18;;;9928.5;0.0
av_CORN_d6;1100;INTARIAN_PEPPER_ROOT;10319;7;10315;10;;;10335;18;10339;23;;;10327.0;0.0
av_CORN_d6;1200;ASH_COATED_OSMIUM;9926;12;9923;18;;;9932;10;9935;32;;;9929.0;0.0
av_CORN_d6;1200;INTARIAN_PEPPER_ROOT;10325;12;10321;17;;;10331;13;10335;23;;;10328.0;0.0
av_CORN_d6;1300;ASH_COATED_OSMIUM;9923;20;9920;20;;;9933;9;9937;15;;;9928.0;0.0
av_CORN_d6;1300;INTARIAN_PEPPER_ROOT;10326;15;10324;20;;;10332;11;10336;21;;;10329.0;0.0
av_CORN_d6;1400;ASH_COATED_OSMIUM;9926;16;9922;12;;;9932;10;9934;13;;;9929.0;0.0
av_CORN_d6;1400;INTARIAN_PEPPER_ROOT;10327;12;10325;17;;;10333;5;10335;16;;;10330.0;0.0
av_CORN_d6;1500;ASH_COATED_OSMIUM;9925;18;9923;19;;;9931;17;9934;21;;;9928.0;0.0
av_CORN_d6;1500;INTARIAN_PEPPER_ROOT;10329;20;10325;15;;;10335;11;10338;17;;;10332.0;0.0
av_CORN_d6;1600;ASH_COATED_OSMIUM;9927;17;9924;21;;;9933;21;9936;14;;;9930.0;0.0
av_CORN_d6;1600;INTARIAN_PEPPER_ROOT;10330;16;10326;13;;;10336;14;10339;14;;;10333.0;0.0
av_CORN_d6;1700;ASH_COATED_OSMIUM;9926;13;9922;18;;;9932;19;9935;21;;;9929.0;0.0
av_CORN_d6;1700;INTARIAN_PEPPER_ROOT;10328;19;10325;16;;;10341;13;10343;21;;;10334.5;0.0
av_CORN_d6;1800;ASH_COATED_OSMIUM;9926;18;9923;21;;;9932;17;9936;23;;;9929.0;0.0
av_CORN_d6;1800;INTARIAN_PEPPER_ROOT;10332;24;10330;26;;;10338;20;10341;19;;;10335.0;0.0
av_CORN_d6;1900;ASH_COATED_OSMIUM;9926;14;9922;27;;;9932;8;9935;10;;;9929.0;0.0
av_CORN_d6;1900;INTARIAN_PEPPER_ROOT;10334;14;10331;17;;;10340;14;10344;8;;;10337.0;0.0
av_CORN_d6;2000;ASH_COATED_OSMIUM;9926;17;9922;29;;;9932;23;9935;24;;;9929.0;0.0
av_CORN_d6;2000;INTARIAN_PEPPER_ROOT;10334;15;10331;25;;;10343;18;10346;23;;;10338.5;0.0
av_CORN_d6;2100;ASH_COATED_OSMIUM;9923;18;9919;27;;;9936;15;9938;14;;;9929.5;0.0
av_CORN_d6;2100;INTARIAN_PEPPER_ROOT;10328;13;10325;15;;;10351;12;10354;21;;;10339.5;0.0
av_CORN_d6;2200;ASH_COATED_OSMIUM;9924;5;9920;22;;;9934;10;9937;19;;;9929.0;0.0
av_CORN_d6;2200;INTARIAN_PEPPER_ROOT;10337;18;10335;24;;;10343;16;10347;12;;;10340.0;0.0
av_CORN_d6;2300;ASH_COATED_OSMIUM;9927;20;9924;21;;;9933;22;9937;24;;;9930.0;0.0
av_CORN_d6;2300;INTARIAN_PEPPER_ROOT;10339;18;10336;17;;;10345;17;10349;26;;;10342.0;0.0
av_CORN_d6;2400;ASH_COATED_OSMIUM;9925;16;9922;20;;;9934;19;9937;13;;;9929.5;0.0
av_CORN_d6;2400;INTARIAN_PEPPER_ROOT;10339;12;10337;21;;;10348;14;10351;24;;;10343.5;0.0
av_CORN_d6;2500;ASH_COATED_OSMIUM;9926;13;9923;21;;;9932;14;9936;22;;;9929.0;0.0
av_CORN_d6;2500;INTARIAN_PEPPER_ROOT;10341;7;10339;16;;;10347;8;10351;25;;;10344.0;0.0
av_CORN_d6;2600;ASH_COATED_OSMIUM;9926;16;9923;18;;;9932;15;9934;16;;;9929.0;0.0
av_CORN_d6;2600;INTARIAN_PEPPER_ROOT;10342;10;10339;18;;;10350;19;10354;23;;;10346.0;0.0
av_CORN_d6;2700;ASH_COATED_OSMIUM;9927;13;9923;20;;;9934;14;9937;24;;;9930.5;0.0
av_CORN_d6;2700;INTARIAN_PEPPER_ROOT;10344;8;10340;20;;;10350;13;10354;22;;;10347.0;0.0
av_CORN_d6;2800;ASH_COATED_OSMIUM;9927;5;9924;22;;;9933;15;9935;25;;;9930.0;0.0
av_CORN_d6;2800;INTARIAN_PEPPER_ROOT;10345;24;10342;28;;;10351;16;10355;8;;;10348.0;0.0
av_CORN_d6;2900;ASH_COATED_OSMIUM;9927;13;9925;11;;;9933;13;9936;24;;;9930.0;0.0
av_CORN_d6;2900;INTARIAN_PEPPER_ROOT;10342;10;10339;31;;;10356;17;10359;26;;;10349.0;0.0
av_CORN_d6;3000;ASH_COATED_OSMIUM;9927;20;9923;19;;;9935;12;9939;22;;;9931.0;0.0
av_CORN_d6;3000;INTARIAN_PEPPER_ROOT;10346;16;10343;16;;;10356;16;10358;27;;;10351.0;0.0
av_CORN_d6;3100;ASH_COATED_OSMIUM;9927;12;9923;22;;;9933;13;9936;22;;;9930.0;0.0
av_CORN_d6;3100;INTARIAN_PEPPER_ROOT;10349;15;10347;31;;;10355;11;10358;25;;;10352.0;0.0
av_CORN_d6;3200;ASH_COATED_OSMIUM;9927;11;9923;19;;;9934;19;9937;24;;;9930.5;0.0
av_CORN_d6;3200;INTARIAN_PEPPER_ROOT;10351;7;10347;23;;;10357;10;10360;14;;;10354.0;0.0
av_CORN_d6;3300;ASH_COATED_OSMIUM;9927;17;9924;21;;;9933;11;9937;17;;;9930.0;0.0
av_CORN_d6;3300;INTARIAN_PEPPER_ROOT;10352;14;10348;28;;;10358;16;10361;19;;;10355.0;0.0
av_CORN_d6;3400;ASH_COATED_OSMIUM;9928;13;9925;8;;;9934;22;9936;19;;;9931.0;0.0
av_CORN_d6;3400;INTARIAN_PEPPER_ROOT;10353;12;10350;13;;;10359;5;10362;13;;;10356.0;0.0
av_CORN_d6;3500;ASH_COATED_OSMIUM;9906;16;9902;20;;;9956;16;9960;20;;;9931.0;0.0
av_CORN_d6;3500;INTARIAN_PEPPER_ROOT;10353;11;10350;21;;;10361;19;10365;22;;;10357.0;0.0
av_CORN_d6;3600;ASH_COATED_OSMIUM;9912;15;9908;18;;;9950;17;9954;23;;;9931.0;0.0
av_CORN_d6;3600;INTARIAN_PEPPER_ROOT;10355;16;10353;16;;;10361;5;10365;20;;;10358.0;0.0
av_CORN_d6;3700;ASH_COATED_OSMIUM;9917;16;9914;12;;;9946;10;9950;25;;;9931.5;0.0
av_CORN_d6;3700;INTARIAN_PEPPER_ROOT;10357;15;10354;29;;;10363;14;10366;17;;;10360.0;0.0
av_CORN_d6;3800;ASH_COATED_OSMIUM;9928;11;9924;18;;;9934;22;9937;29;;;9931.0;0.0
av_CORN_d6;3800;INTARIAN_PEPPER_ROOT;10358;7;10354;23;;;10364;17;10366;16;;;10361.0;0.0
av_CORN_d6;3900;ASH_COATED_OSMIUM;9929;16;9926;20;;;9935;15;9937;16;;;9932.0;0.0
av_CORN_d6;3900;INTARIAN_PEPPER_ROOT;10355;14;10353;27;;;10370;22;10373;22;;;10362.5;0.0
av_CORN_d6;4000;ASH_COATED_OSMIUM;9928;6;9924;29;;;9934;5;9936;22;;;9931.0;0.0
av_CORN_d6;4000;INTARIAN_PEPPER_ROOT;10356;9;10352;19;;;10371;14;10374;19;;;10363.5;0.0
av_CORN_d6;4100;ASH_COATED_OSMIUM;9928;11;9924;20;;;9934;13;9938;20;;;9931.0;0.0
av_CORN_d6;4100;INTARIAN_PEPPER_ROOT;10359;14;10356;13;;;10370;11;10373;19;;;10364.5;0.0
av_CORN_d6;4200;ASH_COATED_OSMIUM;9919;15;9915;25;;;9944;11;9948;23;;;9931.5;0.0
av_CORN_d6;4200;INTARIAN_PEPPER_ROOT;10363;22;10359;16;;;10369;19;10371;30;;;10366.0;0.0
av_CORN_d6;4300;ASH_COATED_OSMIUM;9926;16;9923;19;;;9937;20;9939;27;;;9931.5;0.0
av_CORN_d6;4300;INTARIAN_PEPPER_ROOT;10354;20;10352;14;;;10380;10;10382;9;;;10367.0;0.0
av_CORN_d6;4400;ASH_COATED_OSMIUM;9928;20;9924;24;;;9937;12;9939;17;;;9932.5;0.0
av_CORN_d6;4400;INTARIAN_PEPPER_ROOT;10366;14;10362;29;;;10372;7;10376;21;;;10369.0;0.0
av_CORN_d6;4500;ASH_COATED_OSMIUM;9929;11;9925;19;;;9935;21;9939;19;;;9932.0;0.0
av_CORN_d6;4500;INTARIAN_PEPPER_ROOT;10359;16;10355;17;;;10381;13;10383;25;;;10370.0;0.0
av_CORN_d6;4600;ASH_COATED_OSMIUM;9924;8;9920;22;;;9940;17;9944;20;;;9932.0;0.0
av_CORN_d6;4600;INTARIAN_PEPPER_ROOT;10364;14;10361;20;;;10377;17;10381;16;;;10370.5;0.0
av_CORN_d6;4700;ASH_COATED_OSMIUM;9929;10;9926;23;;;9935;12;9937;10;;;9932.0;0.0
av_CORN_d6;4700;INTARIAN_PEPPER_ROOT;10369;19;10366;23;;;10375;17;10377;26;;;10372.0;0.0
av_CORN_d6;4800;ASH_COATED_OSMIUM;9928;9;9925;21;;;9936;16;9938;13;;;9932.0;0.0
av_CORN_d6;4800;INTARIAN_PEPPER_ROOT;10371;11;10368;23;;;10377;17;10380;25;;;10374.0;0.0
av_CORN_d6;4900;ASH_COATED_OSMIUM;9928;24;9926;23;;;9936;10;9940;30;;;9932.0;0.0
av_CORN_d6;4900;INTARIAN_PEPPER_ROOT;10368;8;10366;27;;;10381;9;10383;18;;;10374.5;0.0
av_CORN_d6;5000;ASH_COATED_OSMIUM;9930;11;9926;14;;;9936;15;9938;20;;;9933.0;0.0
av_CORN_d6;5000;INTARIAN_PEPPER_ROOT;10372;14;10368;14;;;10379;17;10382;16;;;10375.5;0.0
av_CORN_d6;5100;ASH_COATED_OSMIUM;9929;20;9926;18;;;9935;11;9938;23;;;9932.0;0.0
av_CORN_d6;5100;INTARIAN_PEPPER_ROOT;10374;17;10372;19;;;10380;24;10383;23;;;10377.0;0.0
av_CORN_d6;5200;ASH_COATED_OSMIUM;9930;20;9928;8;;;9936;7;9940;20;;;9933.0;0.0
av_CORN_d6;5200;INTARIAN_PEPPER_ROOT;10376;12;10374;16;;;10382;22;10385;21;;;10379.0;0.0
av_CORN_d6;5300;ASH_COATED_OSMIUM;9929;9;9925;32;;;9935;13;9937;22;;;9932.0;0.0
av_CORN_d6;5300;INTARIAN_PEPPER_ROOT;10377;16;10375;22;;;10383;28;10385;24;;;10380.0;0.0
av_CORN_d6;5400;ASH_COATED_OSMIUM;9930;21;9928;18;;;9936;13;9940;18;;;9933.0;0.0
av_CORN_d6;5400;INTARIAN_PEPPER_ROOT;10378;8;10374;18;;;10384;16;10387;19;;;10381.0;0.0
av_CORN_d6;5500;ASH_COATED_OSMIUM;9930;6;9928;17;;;9936;15;9939;22;;;9933.0;0.0
av_CORN_d6;5500;INTARIAN_PEPPER_ROOT;10378;9;10374;18;;;10386;15;10390;16;;;10382.0;0.0
av_CORN_d6;5600;ASH_COATED_OSMIUM;9928;8;9926;17;;;9936;12;9938;18;;;9932.0;0.0
av_CORN_d6;5600;INTARIAN_PEPPER_ROOT;10379;16;10375;16;;;10389;16;10393;16;;;10384.0;0.0
av_CORN_d6;5700;ASH_COATED_OSMIUM;9930;6;9928;11;;;9936;13;9940;26;;;9933.0;0.0
av_CORN_d6;5700;INTARIAN_PEPPER_ROOT;10382;11;10379;27;;;10388;12;10392;14;;;10385.0;0.0
av_CORN_d6;5800;ASH_COATED_OSMIUM;9927;16;9925;20;;;9939;7;9943;24;;;9933.0;0.0
av_CORN_d6;5800;INTARIAN_PEPPER_ROOT;10383;22;10381;15;;;10389;16;10391;27;;;10386.0;0.0
av_CORN_d6;5900;ASH_COATED_OSMIUM;9924;22;9921;23;;;9943;22;9945;27;;;9933.5;0.0
av_CORN_d6;5900;INTARIAN_PEPPER_ROOT;10373;17;10371;20;;;10401;20;10404;16;;;10387.0;0.0
av_CORN_d6;6000;ASH_COATED_OSMIUM;9931;18;9929;20;;;9937;14;9940;13;;;9934.0;0.0
av_CORN_d6;6000;INTARIAN_PEPPER_ROOT;10386;11;10383;24;;;10392;17;10394;17;;;10389.0;0.0
av_CORN_d6;6100;ASH_COATED_OSMIUM;9926;15;9922;22;;;9941;9;9944;21;;;9933.5;0.0
av_CORN_d6;6100;INTARIAN_PEPPER_ROOT;10385;17;10383;22;;;10394;5;10396;22;;;10389.5;0.0
av_CORN_d6;6200;ASH_COATED_OSMIUM;9925;16;9923;22;;;9943;18;9945;22;;;9934.0;0.0
av_CORN_d6;6200;INTARIAN_PEPPER_ROOT;10376;12;10372;21;;;10405;20;10407;15;;;10390.5;0.0
av_CORN_d6;6300;ASH_COATED_OSMIUM;9922;11;9919;16;;;9946;14;9949;21;;;9934.0;0.0
av_CORN_d6;6300;INTARIAN_PEPPER_ROOT;10387;12;10384;18;;;10397;15;10400;27;;;10392.0;0.0
av_CORN_d6;6400;ASH_COATED_OSMIUM;9928;8;9925;21;;;9940;27;9942;19;;;9934.0;0.0
av_CORN_d6;6400;INTARIAN_PEPPER_ROOT;10391;16;10388;25;;;10397;16;10400;23;;;10394.0;0.0
av_CORN_d6;6500;ASH_COATED_OSMIUM;9928;15;9924;25;;;9939;21;9943;19;;;9933.5;0.0
av_CORN_d6;6500;INTARIAN_PEPPER_ROOT;10393;9;10389;31;;;10399;15;10402;16;;;10396.0;0.0
av_CORN_d6;6600;ASH_COATED_OSMIUM;9932;17;9929;21;;;9938;20;9942;18;;;9935.0;0.0
av_CORN_d6;6600;INTARIAN_PEPPER_ROOT;10393;13;10390;21;;;10400;17;10403;11;;;10396.5;0.0
av_CORN_d6;6700;ASH_COATED_OSMIUM;9931;13;9929;22;;;9937;19;9941;27;;;9934.0;0.0
av_CORN_d6;6700;INTARIAN_PEPPER_ROOT;10394;29;10391;14;;;10400;15;10404;28;;;10397.0;0.0
av_CORN_d6;6800;ASH_COATED_OSMIUM;9932;12;9929;18;;;9938;10;9942;21;;;9935.0;0.0
av_CORN_d6;6800;INTARIAN_PEPPER_ROOT;10396;26;10393;19;;;10402;16;10406;19;;;10399.0;0.0
av_CORN_d6;6900;ASH_COATED_OSMIUM;9931;20;9928;13;;;9937;10;9941;20;;;9934.0;0.0
av_CORN_d6;6900;INTARIAN_PEPPER_ROOT;10397;11;10395;17;;;10403;9;10405;20;;;10400.0;0.0
av_CORN_d6;7000;ASH_COATED_OSMIUM;9932;11;9930;20;;;9938;8;9942;20;;;9935.0;0.0
av_CORN_d6;7000;INTARIAN_PEPPER_ROOT;10398;5;10394;22;;;10404;16;10406;22;;;10401.0;0.0
av_CORN_d6;7100;ASH_COATED_OSMIUM;9932;14;9929;10;;;9938;11;9941;19;;;9935.0;0.0
av_CORN_d6;7100;INTARIAN_PEPPER_ROOT;10392;8;10389;26;;;10413;12;10416;22;;;10402.5;0.0
av_CORN_d6;7200;ASH_COATED_OSMIUM;9931;18;9929;14;;;9938;10;9940;19;;;9934.5;0.0
av_CORN_d6;7200;INTARIAN_PEPPER_ROOT;10400;8;10396;22;;;10407;16;10409;18;;;10403.5;0.0
av_CORN_d6;7300;ASH_COATED_OSMIUM;9925;15;9921;18;;;9944;19;9947;12;;;9934.5;0.0
av_CORN_d6;7300;INTARIAN_PEPPER_ROOT;10402;5;10398;14;;;10408;17;10412;21;;;10405.0;0.0
av_CORN_d6;7400;ASH_COATED_OSMIUM;9932;15;9930;21;;;9938;16;9941;11;;;9935.0;0.0
av_CORN_d6;7400;INTARIAN_PEPPER_ROOT;10403;14;10400;17;;;10409;9;10413;21;;;10406.0;0.0
av_CORN_d6;7500;ASH_COATED_OSMIUM;9932;15;9930;21;;;9938;20;9942;17;;;9935.0;0.0
av_CORN_d6;7500;INTARIAN_PEPPER_ROOT;10404;16;10400;15;;;10412;13;10415;9;;;10408.0;0.0
av_CORN_d6;7600;ASH_COATED_OSMIUM;9929;13;9927;14;;;9941;11;9945;29;;;9935.0;0.0
av_CORN_d6;7600;INTARIAN_PEPPER_ROOT;10403;12;10399;22;;;10415;17;10419;28;;;10409.0;0.0
av_CORN_d6;7700;ASH_COATED_OSMIUM;9927;19;9925;13;;;9943;16;9945;20;;;9935.0;0.0
av_CORN_d6;7700;INTARIAN_PEPPER_ROOT;10408;13;10405;23;;;10414;5;10418;20;;;10411.0;0.0
av_CORN_d6;7800;ASH_COATED_OSMIUM;9931;20;9927;21;;;9939;20;9941;10;;;9935.0;0.0
av_CORN_d6;7800;INTARIAN_PEPPER_ROOT;10408;27;10404;9;;;10414;13;10417;27;;;10411.0;0.0
av_CORN_d6;7900;ASH_COATED_OSMIUM;9933;21;9931;13;;;9939;15;9942;23;;;9936.0;0.0
av_CORN_d6;7900;INTARIAN_PEPPER_ROOT;10409;19;10407;13;;;10416;21;10419;17;;;10412.5;0.0
av_CORN_d6;8000;ASH_COATED_OSMIUM;9933;13;9931;14;;;9939;12;9942;16;;;9936.0;0.0
av_CORN_d6;8000;INTARIAN_PEPPER_ROOT;10411;16;10409;15;;;10417;17;10421;21;;;10414.0;0.0
av_CORN_d6;8100;ASH_COATED_OSMIUM;9933;26;9931;22;;;9939;13;9942;19;;;9936.0;0.0
av_CORN_d6;8100;INTARIAN_PEPPER_ROOT;10410;13;10407;18;;;10420;15;10423;15;;;10415.0;0.0
av_CORN_d6;8200;ASH_COATED_OSMIUM;9923;13;9919;20;;;9949;15;9953;20;;;9936.0;0.0
av_CORN_d6;8200;INTARIAN_PEPPER_ROOT;10413;11;10410;23;;;10419;11;10421;20;;;10416.0;0.0
av_CORN_d6;8300;ASH_COATED_OSMIUM;9933;12;9929;24;;;9939;14;9941;22;;;9936.0;0.0
av_CORN_d6;8300;INTARIAN_PEPPER_ROOT;10415;21;10411;22;;;10421;5;10424;21;;;10418.0;0.0
av_CORN_d6;8400;ASH_COATED_OSMIUM;9932;24;9928;25;;;9938;16;9941;24;;;9935.0;0.0
av_CORN_d6;8400;INTARIAN_PEPPER_ROOT;10415;12;10413;21;;;10424;19;10428;21;;;10419.5;0.0
av_CORN_d6;8500;ASH_COATED_OSMIUM;9933;7;9929;28;;;9939;13;9943;19;;;9936.0;0.0
av_CORN_d6;8500;INTARIAN_PEPPER_ROOT;10414;16;10411;12;;;10427;13;10430;22;;;10420.5;0.0
av_CORN_d6;8600;ASH_COATED_OSMIUM;9933;13;9931;22;;;9939;27;9941;18;;;9936.0;0.0
av_CORN_d6;8600;INTARIAN_PEPPER_ROOT;10417;15;10414;8;;;10425;17;10429;27;;;10421.0;0.0
av_CORN_d6;8700;ASH_COATED_OSMIUM;9931;10;9929;26;;;9943;16;9947;15;;;9937.0;0.0
av_CORN_d6;8700;INTARIAN_PEPPER_ROOT;10417;19;10415;18;;;10427;10;10429;14;;;10422.0;0.0
av_CORN_d6;8800;ASH_COATED_OSMIUM;9933;17;9931;22;;;9939;17;9941;28;;;9936.0;0.0
av_CORN_d6;8800;INTARIAN_PEPPER_ROOT;10421;17;10417;16;;;10428;25;10431;18;;;10424.5;0.0
av_CORN_d6;8900;ASH_COATED_OSMIUM;9933;11;9930;15;;;9939;11;9943;20;;;9936.0;0.0
av_CORN_d6;8900;INTARIAN_PEPPER_ROOT;10421;8;10419;13;;;10429;14;10431;25;;;10425.0;0.0
av_CORN_d6;9000;ASH_COATED_OSMIUM;9933;19;9930;20;;;9939;20;9943;13;;;9936.0;0.0
av_CORN_d6;9000;INTARIAN_PEPPER_ROOT;10420;14;10418;14;;;10432;16;10435;26;;;10426.0;0.0
av_CORN_d6;9100;ASH_COATED_OSMIUM;9934;18;9931;24;;;9940;11;9944;17;;;9937.0;0.0
av_CORN_d6;9100;INTARIAN_PEPPER_ROOT;10425;10;10421;19;;;10431;18;10435;18;;;10428.0;0.0
av_CORN_d6;9200;ASH_COATED_OSMIUM;9931;12;9928;27;;;9943;12;9947;24;;;9937.0;0.0
av_CORN_d6;9200;INTARIAN_PEPPER_ROOT;10411;17;10408;24;;;10448;22;10450;27;;;10429.5;0.0
av_CORN_d6;9300;ASH_COATED_OSMIUM;9933;5;9930;17;;;9939;10;9942;19;;;9936.0;0.0
av_CORN_d6;9300;INTARIAN_PEPPER_ROOT;10423;16;10421;23;;;10437;18;10439;22;;;10430.0;0.0
av_CORN_d6;9400;ASH_COATED_OSMIUM;9934;16;9931;15;;;9940;12;9943;18;;;9937.0;0.0
av_CORN_d6;9400;INTARIAN_PEPPER_ROOT;10428;17;10424;15;;;10434;10;10437;19;;;10431.0;0.0
av_CORN_d6;9500;ASH_COATED_OSMIUM;9934;7;9930;18;;;9940;15;9943;29;;;9937.0;0.0
av_CORN_d6;9500;INTARIAN_PEPPER_ROOT;10430;16;10428;25;;;10436;17;10440;18;;;10433.0;0.0
av_CORN_d6;9600;ASH_COATED_OSMIUM;9930;14;9926;31;;;9945;15;9948;23;;;9937.5;0.0
av_CORN_d6;9600;INTARIAN_PEPPER_ROOT;10431;18;10427;24;;;10437;15;10440;18;;;10434.0;0.0
av_CORN_d6;9700;ASH_COATED_OSMIUM;9931;14;9929;23;;;9945;15;9948;20;;;9938.0;0.0
av_CORN_d6;9700;INTARIAN_PEPPER_ROOT;10431;8;10427;18;;;10439;13;10441;20;;;10435.0;0.0
av_CORN_d6;9800;ASH_COATED_OSMIUM;9926;12;9922;17;;;9948;14;9951;20;;;9937.0;0.0
av_CORN_d6;9800;INTARIAN_PEPPER_ROOT;10434;23;10432;15;;;10440;11;10443;31;;;10437.0;0.0
av_CORN_d6;9900;ASH_COATED_OSMIUM;9934;9;9932;23;;;9940;18;9943;24;;;9937.0;0.0
av_CORN_d6;9900;INTARIAN_PEPPER_ROOT;10435;11;10432;17;;;10441;12;10444;17;;;10438.0;0.0
av_CORN_d6;10000;ASH_COATED_OSMIUM;9934;17;9932;8;;;9942;28;9945;17;;;9938.0;0.0
av_CORN_d6;10000;INTARIAN_PEPPER_ROOT;10436;10;10433;21;;;10442;11;10444;14;;;10439.0;0.0
av_CORN_d6;10100;ASH_COATED_OSMIUM;9933;11;9930;11;;;9940;12;9943;16;;;9936.5;0.0
av_CORN_d6;10100;INTARIAN_PEPPER_ROOT;10434;8;10432;11;;;10447;17;10451;23;;;10440.5;0.0
av_CORN_d6;10200;ASH_COATED_OSMIUM;9935;16;9933;17;;;9941;17;9943;14;;;9938.0;0.0
av_CORN_d6;10200;INTARIAN_PEPPER_ROOT;10438;14;10436;27;;;10444;16;10447;17;;;10441.0;0.0
av_CORN_d6;10300;ASH_COATED_OSMIUM;9935;9;9932;14;;;9941;22;9944;15;;;9938.0;0.0
av_CORN_d6;10300;INTARIAN_PEPPER_ROOT;10440;11;10437;24;;;10446;14;10449;13;;;10443.0;0.0
av_CORN_d6;10400;ASH_COATED_OSMIUM;9934;5;9932;24;;;9940;19;9942;25;;;9937.0;0.0
av_CORN_d6;10400;INTARIAN_PEPPER_ROOT;10437;26;10435;14;;;10452;10;10456;24;;;10444.5;0.0
av_CORN_d6;10500;ASH_COATED_OSMIUM;9934;12;9931;24;;;9943;15;9947;21;;;9938.5;0.0
av_CORN_d6;10500;INTARIAN_PEPPER_ROOT;10442;14;10439;22;;;10448;9;10451;9;;;10445.0;0.0
av_CORN_d6;10600;ASH_COATED_OSMIUM;9929;12;9926;22;;;9947;11;9949;11;;;9938.0;0.0
av_CORN_d6;10600;INTARIAN_PEPPER_ROOT;10444;15;10441;20;;;10450;20;10453;26;;;10447.0;0.0
av_CORN_d6;10700;ASH_COATED_OSMIUM;9935;18;9932;19;;;9941;16;9943;23;;;9938.0;0.0
av_CORN_d6;10700;INTARIAN_PEPPER_ROOT;10445;11;10442;21;;;10451;19;10453;14;;;10448.0;0.0
av_CORN_d6;10800;ASH_COATED_OSMIUM;9929;10;9927;12;;;9948;18;9951;23;;;9938.5;0.0
av_CORN_d6;10800;INTARIAN_PEPPER_ROOT;10446;11;10443;19;;;10452;20;10454;20;;;10449.0;0.0
av_CORN_d6;10900;ASH_COATED_OSMIUM;9935;15;9931;25;;;9941;11;9944;19;;;9938.0;0.0
av_CORN_d6;10900;INTARIAN_PEPPER_ROOT;10447;13;10443;26;;;10454;20;10457;23;;;10450.5;0.0
av_CORN_d6;11000;ASH_COATED_OSMIUM;9936;13;9934;17;;;9942;12;9946;23;;;9939.0;0.0
av_CORN_d6;11000;INTARIAN_PEPPER_ROOT;10449;18;10445;21;;;10455;19;10458;18;;;10452.0;0.0
av_CORN_d6;11100;ASH_COATED_OSMIUM;9936;18;9932;22;;;9942;10;9946;21;;;9939.0;0.0
av_CORN_d6;11100;INTARIAN_PEPPER_ROOT;10450;16;10447;24;;;10456;17;10460;14;;;10453.0;0.0
av_CORN_d6;11200;ASH_COATED_OSMIUM;9936;11;9933;16;;;9942;19;9944;21;;;9939.0;0.0
av_CORN_d6;11200;INTARIAN_PEPPER_ROOT;10451;18;10447;13;;;10457;17;10459;21;;;10454.0;0.0
av_CORN_d6;11300;ASH_COATED_OSMIUM;9935;19;9931;16;;;9943;17;9945;15;;;9939.0;0.0
av_CORN_d6;11300;INTARIAN_PEPPER_ROOT;10452;8;10450;19;;;10458;19;10461;27;;;10455.0;0.0
av_CORN_d6;11400;ASH_COATED_OSMIUM;9935;27;9931;22;;;9943;13;9945;15;;;9939.0;0.0
av_CORN_d6;11400;INTARIAN_PEPPER_ROOT;10454;22;10450;19;;;10460;14;10462;24;;;10457.0;0.0
av_CORN_d6;11500;ASH_COATED_OSMIUM;9937;9;9935;17;;;9943;9;9945;23;;;9940.0;0.0
av_CORN_d6;11500;INTARIAN_PEPPER_ROOT;10450;16;10447;13;;;10466;16;10469;20;;;10458.0;0.0
av_CORN_d6;11600;ASH_COATED_OSMIUM;9930;17;9926;12;;;9947;19;9950;21;;;9938.5;0.0
av_CORN_d6;11600;INTARIAN_PEPPER_ROOT;10440;9;10436;13;;;10477;15;10480;28;;;10458.5;0.0
av_CORN_d6;11700;ASH_COATED_OSMIUM;9929;15;9925;16;;;9950;16;9952;15;;;9939.5;0.0
av_CORN_d6;11700;INTARIAN_PEPPER_ROOT;10454;14;10450;22;;;10466;6;10469;15;;;10460.0;0.0
av_CORN_d6;11800;ASH_COATED_OSMIUM;9933;14;9931;22;;;9946;14;9949;28;;;9939.5;0.0
av_CORN_d6;11800;INTARIAN_PEPPER_ROOT;10459;17;10457;19;;;10465;16;10469;15;;;10462.0;0.0
av_CORN_d6;11900;ASH_COATED_OSMIUM;9936;18;9934;33;;;9942;9;9946;14;;;9939.0;0.0
av_CORN_d6;11900;INTARIAN_PEPPER_ROOT;10458;15;10456;27;;;10467;24;10469;11;;;10462.5;0.0
av_CORN_d6;12000;ASH_COATED_OSMIUM;9936;19;9934;12;;;9944;7;9946;19;;;9940.0;0.0
av_CORN_d6;12000;INTARIAN_PEPPER_ROOT;10456;20;10454;10;;;10472;8;10475;18;;;10464.0;0.0
av_CORN_d6;12100;ASH_COATED_OSMIUM;9936;12;9933;25;;;9942;23;9945;18;;;9939.0;0.0
av_CORN_d6;12100;INTARIAN_PEPPER_ROOT;10460;12;10456;21;;;10471;15;10474;15;;;10465.5;0.0
av_CORN_d6;12200;ASH_COATED_OSMIUM;9937;21;9933;9;;;9943;5;9946;26;;;9940.0;0.0
av_CORN_d6;12200;INTARIAN_PEPPER_ROOT;10460;7;10456;18;;;10473;15;10476;24;;;10466.5;0.0
av_CORN_d6;12300;ASH_COATED_OSMIUM;9928;13;9925;18;;;9953;7;9957;13;;;9940.5;0.0
av_CORN_d6;12300;INTARIAN_PEPPER_ROOT;10465;11;10462;11;;;10471;18;10475;21;;;10468.0;0.0
av_CORN_d6;12400;ASH_COATED_OSMIUM;9937;20;9933;18;;;9943;9;9946;25;;;9940.0;0.0
av_CORN_d6;12400;INTARIAN_PEPPER_ROOT;10465;14;10463;16;;;10474;5;10477;21;;;10469.5;0.0
av_CORN_d6;12500;ASH_COATED_OSMIUM;9937;22;9934;16;;;9943;21;9945;21;;;9940.0;0.0
av_CORN_d6;12500;INTARIAN_PEPPER_ROOT;10468;6;10465;16;;;10474;20;10477;19;;;10471.0;0.0
av_CORN_d6;12600;ASH_COATED_OSMIUM;9937;21;9935;24;;;9943;18;9945;15;;;9940.0;0.0
av_CORN_d6;12600;INTARIAN_PEPPER_ROOT;10462;10;10460;18;;;10481;25;10484;17;;;10471.5;0.0
av_CORN_d6;12700;ASH_COATED_OSMIUM;9937;12;9934;17;;;9943;10;9946;18;;;9940.0;0.0
av_CORN_d6;12700;INTARIAN_PEPPER_ROOT;10470;12;10467;19;;;10476;14;10479;19;;;10473.0;0.0
av_CORN_d6;12800;ASH_COATED_OSMIUM;9937;17;9933;9;;;9943;12;9945;12;;;9940.0;0.0
av_CORN_d6;12800;INTARIAN_PEPPER_ROOT;10469;13;10467;18;;;10479;14;10482;24;;;10474.0;0.0
av_CORN_d6;12900;ASH_COATED_OSMIUM;9937;9;9935;21;;;9943;12;9945;24;;;9940.0;0.0
av_CORN_d6;12900;INTARIAN_PEPPER_ROOT;10472;15;10469;19;;;10480;7;10482;15;;;10476.0;0.0
av_CORN_d6;13000;ASH_COATED_OSMIUM;9938;14;9935;25;;;9944;15;9947;19;;;9941.0;0.0
av_CORN_d6;13000;INTARIAN_PEPPER_ROOT;10474;17;10472;23;;;10480;8;10483;23;;;10477.0;0.0
av_CORN_d6;13100;ASH_COATED_OSMIUM;9935;12;9932;22;;;9946;10;9948;29;;;9940.5;0.0
av_CORN_d6;13100;INTARIAN_PEPPER_ROOT;10475;12;10472;15;;;10481;13;10483;18;;;10478.0;0.0
av_CORN_d6;13200;ASH_COATED_OSMIUM;9931;21;9927;23;;;9950;20;9952;20;;;9940.5;0.0
av_CORN_d6;13200;INTARIAN_PEPPER_ROOT;10476;8;10474;21;;;10482;12;10486;14;;;10479.0;0.0
av_CORN_d6;13300;ASH_COATED_OSMIUM;9938;13;9936;28;;;9944;24;9948;9;;;9941.0;0.0
av_CORN_d6;13300;INTARIAN_PEPPER_ROOT;10477;6;10475;25;;;10485;19;10489;20;;;10481.0;0.0
av_CORN_d6;13400;ASH_COATED_OSMIUM;9937;15;9935;27;;;9943;14;9947;18;;;9940.0;0.0
av_CORN_d6;13400;INTARIAN_PEPPER_ROOT;10479;14;10476;13;;;10486;13;10488;12;;;10482.5;0.0
av_CORN_d6;13500;ASH_COATED_OSMIUM;9938;5;9936;20;;;9944;7;9946;28;;;9941.0;0.0
av_CORN_d6;13500;INTARIAN_PEPPER_ROOT;10480;7;10478;21;;;10486;12;10488;25;;;10483.0;0.0
av_CORN_d6;13600;ASH_COATED_OSMIUM;9922;9;9920;18;;;9961;15;9963;25;;;9941.5;0.0
av_CORN_d6;13600;INTARIAN_PEPPER_ROOT;10481;5;10478;21;;;10487;17;10491;19;;;10484.0;0.0
av_CORN_d6;13700;ASH_COATED_OSMIUM;9937;14;9935;27;;;9944;17;9948;24;;;9940.5;0.0
av_CORN_d6;13700;INTARIAN_PEPPER_ROOT;10482;22;10479;18;;;10488;11;10491;13;;;10485.0;0.0
av_CORN_d6;13800;ASH_COATED_OSMIUM;9919;19;9916;20;;;9964;23;9967;14;;;9941.5;0.0
av_CORN_d6;13800;INTARIAN_PEPPER_ROOT;10484;6;10482;22;;;10490;22;10494;26;;;10487.0;0.0
av_CORN_d6;13900;ASH_COATED_OSMIUM;9938;23;9934;17;;;9944;20;9948;14;;;9941.0;0.0
av_CORN_d6;13900;INTARIAN_PEPPER_ROOT;10485;17;10481;11;;;10491;15;10495;20;;;10488.0;0.0
av_CORN_d6;14000;ASH_COATED_OSMIUM;9933;8;9930;17;;;9951;22;9955;19;;;9942.0;0.0
av_CORN_d6;14000;INTARIAN_PEPPER_ROOT;10485;17;10483;23;;;10494;14;10496;25;;;10489.5;0.0
av_CORN_d6;14100;ASH_COATED_OSMIUM;9938;19;9934;23;;;9944;18;9946;21;;;9941.0;0.0
av_CORN_d6;14100;INTARIAN_PEPPER_ROOT;10485;14;10482;26;;;10496;11;10499;14;;;10490.5;0.0
av_CORN_d6;14200;ASH_COATED_OSMIUM;9938;7;9935;25;;;9944;17;9948;15;;;9941.0;0.0
av_CORN_d6;14200;INTARIAN_PEPPER_ROOT;10489;21;10486;23;;;10495;12;10499;22;;;10492.0;0.0
av_CORN_d6;14300;ASH_COATED_OSMIUM;9939;14;9935;22;;;9945;11;9948;22;;;9942.0;0.0
av_CORN_d6;14300;INTARIAN_PEPPER_ROOT;10490;14;10488;22;;;10496;21;10498;15;;;10493.0;0.0
av_CORN_d6;14400;ASH_COATED_OSMIUM;9937;16;9933;24;;;9947;8;9949;10;;;9942.0;0.0
av_CORN_d6;14400;INTARIAN_PEPPER_ROOT;10491;19;10487;19;;;10497;5;10499;21;;;10494.0;0.0
av_CORN_d6;14500;ASH_COATED_OSMIUM;9935;19;9932;18;;;9951;16;9953;15;;;9943.0;0.0
av_CORN_d6;14500;INTARIAN_PEPPER_ROOT;10491;12;10487;15;;;10500;14;10503;8;;;10495.5;0.0
av_CORN_d6;14600;ASH_COATED_OSMIUM;9940;15;9936;18;;;9946;21;9948;17;;;9943.0;0.0
av_CORN_d6;14600;INTARIAN_PEPPER_ROOT;10487;5;10484;25;;;10507;13;10511;23;;;10497.0;0.0
av_CORN_d6;14700;ASH_COATED_OSMIUM;9919;11;9915;9;;;9965;12;9967;17;;;9942.0;0.0
av_CORN_d6;14700;INTARIAN_PEPPER_ROOT;10495;20;10492;17;;;10501;16;10503;15;;;10498.0;0.0
av_CORN_d6;14800;ASH_COATED_OSMIUM;9940;17;9936;22;;;9946;21;9948;17;;;9943.0;0.0
av_CORN_d6;14800;INTARIAN_PEPPER_ROOT;10489;11;10487;17;;;10509;14;10513;35;;;10499.0;0.0
av_CORN_d6;14900;ASH_COATED_OSMIUM;9937;21;9935;16;;;9949;15;9951;30;;;9943.0;0.0
av_CORN_d6;14900;INTARIAN_PEPPER_ROOT;10498;19;10496;29;;;10504;5;10507;22;;;10501.0;0.0
av_CORN_d6;15000;ASH_COATED_OSMIUM;9940;22;9936;22;;;9946;19;9948;24;;;9943.0;0.0
av_CORN_d6;15000;INTARIAN_PEPPER_ROOT;10496;14;10494;18;;;10508;23;10510;13;;;10502.0;0.0
av_CORN_d6;15100;ASH_COATED_OSMIUM;9940;11;9936;21;;;9946;8;9949;12;;;9943.0;0.0
av_CORN_d6;15100;INTARIAN_PEPPER_ROOT;10500;8;10497;20;;;10506;5;10509;21;;;10503.0;0.0
av_CORN_d6;15200;ASH_COATED_OSMIUM;9940;17;9938;18;;;9946;5;9949;19;;;9943.0;0.0
av_CORN_d6;15200;INTARIAN_PEPPER_ROOT;10502;17;10498;16;;;10508;13;10512;27;;;10505.0;0.0
av_CORN_d6;15300;ASH_COATED_OSMIUM;9933;18;9931;8;;;9953;5;9956;18;;;9943.0;0.0
av_CORN_d6;15300;INTARIAN_PEPPER_ROOT;10502;11;10499;11;;;10508;10;10512;12;;;10505.0;0.0
av_CORN_d6;15400;ASH_COATED_OSMIUM;9940;15;9936;13;;;9947;5;9951;24;;;9943.5;0.0
av_CORN_d6;15400;INTARIAN_PEPPER_ROOT;10504;10;10500;27;;;10510;21;10513;23;;;10507.0;0.0
av_CORN_d6;15500;ASH_COATED_OSMIUM;9940;20;9937;19;;;9946;10;9949;9;;;9943.0;0.0
av_CORN_d6;15500;INTARIAN_PEPPER_ROOT;10503;12;10499;8;;;10515;13;10517;19;;;10509.0;0.0
av_CORN_d6;15600;ASH_COATED_OSMIUM;9930;5;9927;19;;;9956;9;9958;16;;;9943.0;0.0
av_CORN_d6;15600;INTARIAN_PEPPER_ROOT;10501;22;10497;19;;;10517;18;10519;15;;;10509.0;0.0
av_CORN_d6;15700;ASH_COATED_OSMIUM;9940;13;9938;21;;;9946;6;9948;24;;;9943.0;0.0
av_CORN_d6;15700;INTARIAN_PEPPER_ROOT;10507;19;10504;26;;;10515;11;10519;27;;;10511.0;0.0
av_CORN_d6;15800;ASH_COATED_OSMIUM;9940;15;9938;25;;;9947;17;9950;16;;;9943.5;0.0
av_CORN_d6;15800;INTARIAN_PEPPER_ROOT;10509;10;10505;21;;;10515;12;10519;18;;;10512.0;0.0
av_CORN_d6;15900;ASH_COATED_OSMIUM;9941;14;9937;17;;;9947;12;9949;19;;;9944.0;0.0
av_CORN_d6;15900;INTARIAN_PEPPER_ROOT;10510;16;10507;28;;;10516;12;10519;19;;;10513.0;0.0
av_CORN_d6;16000;ASH_COATED_OSMIUM;9941;17;9939;19;;;9947;10;9951;15;;;9944.0;0.0
av_CORN_d6;16000;INTARIAN_PEPPER_ROOT;10512;18;10509;16;;;10518;16;10522;23;;;10515.0;0.0
av_CORN_d6;16100;ASH_COATED_OSMIUM;9929;14;9925;21;;;9959;5;9961;24;;;9944.0;0.0
av_CORN_d6;16100;INTARIAN_PEPPER_ROOT;10509;9;10506;10;;;10523;9;10527;8;;;10516.0;0.0
av_CORN_d6;16200;ASH_COATED_OSMIUM;9941;15;9937;18;;;9947;18;9950;22;;;9944.0;0.0
av_CORN_d6;16200;INTARIAN_PEPPER_ROOT;10514;16;10511;23;;;10520;8;10522;20;;;10517.0;0.0
av_CORN_d6;16300;ASH_COATED_OSMIUM;9928;9;9926;16;;;9959;15;9961;21;;;9943.5;0.0
av_CORN_d6;16300;INTARIAN_PEPPER_ROOT;10514;15;10510;19;;;10524;20;10526;26;;;10519.0;0.0
av_CORN_d6;16400;ASH_COATED_OSMIUM;9941;17;9937;30;;;9947;7;9949;22;;;9944.0;0.0
av_CORN_d6;16400;INTARIAN_PEPPER_ROOT;10516;12;10513;15;;;10523;19;10525;15;;;10519.5;0.0
av_CORN_d6;16500;ASH_COATED_OSMIUM;9941;12;9939;16;;;9947;17;9949;12;;;9944.0;0.0
av_CORN_d6;16500;INTARIAN_PEPPER_ROOT;10518;12;10515;22;;;10524;7;10528;15;;;10521.0;0.0
av_CORN_d6;16600;ASH_COATED_OSMIUM;9941;16;9939;18;;;9947;15;9949;23;;;9944.0;0.0
av_CORN_d6;16600;INTARIAN_PEPPER_ROOT;10519;12;10515;17;;;10525;17;10528;26;;;10522.0;0.0
av_CORN_d6;16700;ASH_COATED_OSMIUM;9942;17;9939;19;;;9948;21;9952;15;;;9945.0;0.0
av_CORN_d6;16700;INTARIAN_PEPPER_ROOT;10518;10;10516;22;;;10529;13;10533;20;;;10523.5;0.0
av_CORN_d6;16800;ASH_COATED_OSMIUM;9942;17;9940;21;;;9948;11;9950;28;;;9945.0;0.0
av_CORN_d6;16800;INTARIAN_PEPPER_ROOT;10522;13;10518;19;;;10528;11;10530;20;;;10525.0;0.0
av_CORN_d6;16900;ASH_COATED_OSMIUM;9941;15;9939;21;;;9947;25;9949;25;;;9944.0;0.0
av_CORN_d6;16900;INTARIAN_PEPPER_ROOT;10522;10;10518;19;;;10531;20;10533;26;;;10526.5;0.0
av_CORN_d6;17000;ASH_COATED_OSMIUM;9942;13;9940;21;;;9948;14;9951;19;;;9945.0;0.0
av_CORN_d6;17000;INTARIAN_PEPPER_ROOT;10523;9;10519;23;;;10529;16;10531;20;;;10526.0;0.0
av_CORN_d6;17100;ASH_COATED_OSMIUM;9942;19;9940;22;;;9948;9;9951;17;;;9945.0;0.0
av_CORN_d6;17100;INTARIAN_PEPPER_ROOT;10523;12;10519;30;;;10529;17;10531;19;;;10526.0;0.0
av_CORN_d6;17200;ASH_COATED_OSMIUM;9942;21;9940;30;;;9948;16;9952;22;;;9945.0;0.0
av_CORN_d6;17200;INTARIAN_PEPPER_ROOT;10518;6;10514;23;;;10531;9;10534;23;;;10524.5;0.0
av_CORN_d6;17300;ASH_COATED_OSMIUM;9942;13;9938;20;;;9948;15;9952;21;;;9945.0;0.0
av_CORN_d6;17300;INTARIAN_PEPPER_ROOT;10514;14;10510;30;;;10533;12;10537;19;;;10523.5;0.0
av_CORN_d6;17400;ASH_COATED_OSMIUM;9942;27;9939;13;;;9948;13;9950;11;;;9945.0;0.0
av_CORN_d6;17400;INTARIAN_PEPPER_ROOT;10503;12;10500;20;;;10543;18;10545;19;;;10523.0;0.0
av_CORN_d6;17500;ASH_COATED_OSMIUM;9942;15;9939;16;;;9948;17;9950;14;;;9945.0;0.0
av_CORN_d6;17500;INTARIAN_PEPPER_ROOT;10519;9;10515;32;;;10525;10;10529;23;;;10522.0;0.0
av_CORN_d6;17600;ASH_COATED_OSMIUM;9940;12;9936;26;;;9949;16;9951;24;;;9944.5;0.0
av_CORN_d6;17600;INTARIAN_PEPPER_ROOT;10519;15;10515;21;;;10525;20;10529;31;;;10522.0;0.0
av_CORN_d6;17700;ASH_COATED_OSMIUM;9942;17;9938;17;;;9948;14;9950;14;;;9945.0;0.0
av_CORN_d6;17700;INTARIAN_PEPPER_ROOT;10517;19;10515;21;;;10523;19;10527;23;;;10520.0;0.0
av_CORN_d6;17800;ASH_COATED_OSMIUM;9942;17;9939;16;;;9948;18;9950;18;;;9945.0;0.0
av_CORN_d6;17800;INTARIAN_PEPPER_ROOT;10514;16;10511;19;;;10525;8;10528;23;;;10519.5;0.0
av_CORN_d6;17900;ASH_COATED_OSMIUM;9938;13;9934;17;;;9952;11;9955;14;;;9945.0;0.0
av_CORN_d6;17900;INTARIAN_PEPPER_ROOT;10513;21;10509;24;;;10524;11;10526;18;;;10518.5;0.0
av_CORN_d6;18000;ASH_COATED_OSMIUM;9935;22;9932;23;;;9955;5;9958;14;;;9945.0;0.0
av_CORN_d6;18000;INTARIAN_PEPPER_ROOT;10511;14;10509;13;;;10526;13;10528;14;;;10518.5;0.0
av_CORN_d6;18100;ASH_COATED_OSMIUM;9940;11;9938;23;;;9948;9;9951;14;;;9944.0;0.0
av_CORN_d6;18100;INTARIAN_PEPPER_ROOT;10514;10;10510;16;;;10520;6;10522;30;;;10517.0;0.0
av_CORN_d6;18200;ASH_COATED_OSMIUM;9934;17;9931;21;;;9955;10;9958;20;;;9944.5;0.0
av_CORN_d6;18200;INTARIAN_PEPPER_ROOT;10513;19;10510;13;;;10519;5;10523;24;;;10516.0;0.0
av_CORN_d6;18300;ASH_COATED_OSMIUM;9942;14;9938;22;;;9948;11;9952;22;;;9945.0;0.0
av_CORN_d6;18300;INTARIAN_PEPPER_ROOT;10513;18;10511;24;;;10519;14;10522;18;;;10516.0;0.0
av_CORN_d6;18400;ASH_COATED_OSMIUM;9940;11;9938;19;;;9951;22;9955;13;;;9945.5;0.0
av_CORN_d6;18400;INTARIAN_PEPPER_ROOT;10512;10;10510;19;;;10518;11;10521;16;;;10515.0;0.0
av_CORN_d6;18500;ASH_COATED_OSMIUM;9942;9;9939;28;;;9948;17;9951;27;;;9945.0;0.0
av_CORN_d6;18500;INTARIAN_PEPPER_ROOT;10512;10;10508;14;;;10518;12;10522;25;;;10515.0;0.0
av_CORN_d6;18600;ASH_COATED_OSMIUM;9941;6;9938;13;;;9947;7;9949;19;;;9944.0;0.0
av_CORN_d6;18600;INTARIAN_PEPPER_ROOT;10510;15;10506;19;;;10517;14;10520;11;;;10513.5;0.0
av_CORN_d6;18700;ASH_COATED_OSMIUM;9942;12;9939;24;;;9948;14;9951;22;;;9945.0;0.0
av_CORN_d6;18700;INTARIAN_PEPPER_ROOT;10507;19;10505;19;;;10518;21;10520;23;;;10512.5;0.0
av_CORN_d6;18800;ASH_COATED_OSMIUM;9943;14;9941;14;;;9949;17;9951;21;;;9946.0;0.0
av_CORN_d6;18800;INTARIAN_PEPPER_ROOT;10509;17;10506;19;;;10515;19;10518;25;;;10512.0;0.0
av_CORN_d6;18900;ASH_COATED_OSMIUM;9943;12;9939;8;;;9949;11;9951;16;;;9946.0;0.0
av_CORN_d6;18900;INTARIAN_PEPPER_ROOT;10508;9;10504;12;;;10514;22;10516;22;;;10511.0;0.0
av_CORN_d6;19000;ASH_COATED_OSMIUM;9936;12;9934;23;;;9955;7;9959;24;;;9945.5;0.0
av_CORN_d6;19000;INTARIAN_PEPPER_ROOT;10507;24;10505;8;;;10513;11;10516;19;;;10510.0;0.0
av_CORN_d6;19100;ASH_COATED_OSMIUM;9936;8;9933;18;;;9952;17;9955;17;;;9944.0;0.0
av_CORN_d6;19100;INTARIAN_PEPPER_ROOT;10506;13;10504;14;;;10512;13;10515;33;;;10509.0;0.0
av_CORN_d6;19200;ASH_COATED_OSMIUM;9942;16;9939;9;;;9948;5;9951;22;;;9945.0;0.0
av_CORN_d6;19200;INTARIAN_PEPPER_ROOT;10506;18;10502;21;;;10512;21;10514;16;;;10509.0;0.0
av_CORN_d6;19300;ASH_COATED_OSMIUM;9943;13;9940;20;;;9949;16;9951;10;;;9946.0;0.0
av_CORN_d6;19300;INTARIAN_PEPPER_ROOT;10501;13;10499;26;;;10516;21;10518;23;;;10508.5;0.0
av_CORN_d6;19400;ASH_COATED_OSMIUM;9942;10;9939;21;;;9948;10;9951;22;;;9945.0;0.0
av_CORN_d6;19400;INTARIAN_PEPPER_ROOT;10504;25;10500;22;;;10510;9;10513;18;;;10507.0;0.0
av_CORN_d6;19500;ASH_COATED_OSMIUM;9941;15;9938;24;;;9948;26;9951;19;;;9944.5;0.0
av_CORN_d6;19500;INTARIAN_PEPPER_ROOT;10501;14;10499;33;;;10511;19;10514;9;;;10506.0;0.0
av_CORN_d6;19600;ASH_COATED_OSMIUM;9939;10;9935;16;;;9951;6;9953;23;;;9945.0;0.0
av_CORN_d6;19600;INTARIAN_PEPPER_ROOT;10501;24;10497;16;;;10508;20;10512;16;;;10504.5;0.0
av_CORN_d6;19700;ASH_COATED_OSMIUM;9942;14;9939;22;;;9948;12;9950;24;;;9945.0;0.0
av_CORN_d6;19700;INTARIAN_PEPPER_ROOT;10502;7;10499;16;;;10508;15;10511;31;;;10505.0;0.0
av_CORN_d6;19800;ASH_COATED_OSMIUM;9935;15;9933;23;;;9957;14;9960;21;;;9946.0;0.0
av_CORN_d6;19800;INTARIAN_PEPPER_ROOT;10498;11;10494;19;;;10510;18;10512;17;;;10504.0;0.0
av_CORN_d6;19900;ASH_COATED_OSMIUM;9941;9;9939;27;;;9949;9;9951;26;;;9945.0;0.0
av_CORN_d6;19900;INTARIAN_PEPPER_ROOT;10500;17;10497;24;;;10506;10;10509;21;;;10503.0;0.0
av_CORN_d6;20000;ASH_COATED_OSMIUM;9942;11;9938;21;;;9948;17;9951;26;;;9945.0;0.0
av_CORN_d6;20000;INTARIAN_PEPPER_ROOT;10488;23;10485;20;;;10515;8;10519;22;;;10501.5;0.0
av_CORN_d6;20100;ASH_COATED_OSMIUM;9943;15;9939;25;;;9949;11;9953;24;;;9946.0;0.0
av_CORN_d6;20100;INTARIAN_PEPPER_ROOT;10498;15;10495;19;;;10504;5;10508;25;;;10501.0;0.0
av_CORN_d6;20200;ASH_COATED_OSMIUM;9941;12;9939;22;;;9951;18;9954;18;;;9946.0;0.0
av_CORN_d6;20200;INTARIAN_PEPPER_ROOT;10491;13;10487;22;;;10509;15;10513;20;;;10500.0;0.0
av_CORN_d6;20300;ASH_COATED_OSMIUM;9932;15;9929;22;;;9958;20;9962;21;;;9945.0;0.0
av_CORN_d6;20300;INTARIAN_PEPPER_ROOT;10496;7;10492;19;;;10502;21;10506;20;;;10499.0;0.0
av_CORN_d6;20400;ASH_COATED_OSMIUM;9942;13;9939;22;;;9948;20;9950;16;;;9945.0;0.0
av_CORN_d6;20400;INTARIAN_PEPPER_ROOT;10496;11;10494;20;;;10502;6;10504;22;;;10499.0;0.0
av_CORN_d6;20500;ASH_COATED_OSMIUM;9942;5;9939;24;;;9948;18;9950;24;;;9945.0;0.0
av_CORN_d6;20500;INTARIAN_PEPPER_ROOT;10495;8;10492;24;;;10501;16;10503;24;;;10498.0;0.0
av_CORN_d6;20600;ASH_COATED_OSMIUM;9942;6;9938;12;;;9948;17;9951;27;;;9945.0;0.0
av_CORN_d6;20600;INTARIAN_PEPPER_ROOT;10494;12;10490;22;;;10500;20;10502;24;;;10497.0;0.0
av_CORN_d6;20700;ASH_COATED_OSMIUM;9942;17;9938;15;;;9948;12;9950;20;;;9945.0;0.0
av_CORN_d6;20700;INTARIAN_PEPPER_ROOT;10493;20;10491;26;;;10499;17;10502;14;;;10496.0;0.0
av_CORN_d6;20800;ASH_COATED_OSMIUM;9942;21;9940;22;;;9948;9;9950;26;;;9945.0;0.0
av_CORN_d6;20800;INTARIAN_PEPPER_ROOT;10493;13;10490;24;;;10499;9;10503;21;;;10496.0;0.0
av_CORN_d6;20900;ASH_COATED_OSMIUM;9940;20;9938;22;;;9949;22;9953;13;;;9944.5;0.0
av_CORN_d6;20900;INTARIAN_PEPPER_ROOT;10481;22;10478;31;;;10509;9;10512;15;;;10495.0;0.0
av_CORN_d6;21000;ASH_COATED_OSMIUM;9938;17;9935;30;;;9951;13;9953;23;;;9944.5;0.0
av_CORN_d6;21000;INTARIAN_PEPPER_ROOT;10491;9;10487;19;;;10497;20;10499;18;;;10494.0;0.0
av_CORN_d6;21100;ASH_COATED_OSMIUM;9943;10;9939;16;;;9949;17;9953;21;;;9946.0;0.0
av_CORN_d6;21100;INTARIAN_PEPPER_ROOT;10490;14;10486;22;;;10496;10;10498;18;;;10493.0;0.0
av_CORN_d6;21200;ASH_COATED_OSMIUM;9942;19;9939;19;;;9948;18;9952;25;;;9945.0;0.0
av_CORN_d6;21200;INTARIAN_PEPPER_ROOT;10485;21;10482;17;;;10500;17;10503;17;;;10492.5;0.0
av_CORN_d6;21300;ASH_COATED_OSMIUM;9942;11;9938;24;;;9948;15;9950;19;;;9945.0;0.0
av_CORN_d6;21300;INTARIAN_PEPPER_ROOT;10489;8;10486;26;;;10495;8;10499;10;;;10492.0;0.0
av_CORN_d6;21400;ASH_COATED_OSMIUM;9942;19;9938;15;;;9948;19;9952;22;;;9945.0;0.0
av_CORN_d6;21400;INTARIAN_PEPPER_ROOT;10488;12;10485;21;;;10494;15;10498;14;;;10491.0;0.0
av_CORN_d6;21500;ASH_COATED_OSMIUM;9943;23;9941;19;;;9949;16;9952;27;;;9946.0;0.0
av_CORN_d6;21500;INTARIAN_PEPPER_ROOT;10487;10;10485;20;;;10493;8;10496;18;;;10490.0;0.0
av_CORN_d6;21600;ASH_COATED_OSMIUM;9942;18;9940;13;;;9948;8;9951;21;;;9945.0;0.0
av_CORN_d6;21600;INTARIAN_PEPPER_ROOT;10487;7;10483;26;;;10493;15;10497;15;;;10490.0;0.0
av_CORN_d6;21700;ASH_COATED_OSMIUM;9942;16;9938;17;;;9948;15;9951;18;;;9945.0;0.0
av_CORN_d6;21700;INTARIAN_PEPPER_ROOT;10484;17;10482;14;;;10492;14;10495;26;;;10488.0;0.0
av_CORN_d6;21800;ASH_COATED_OSMIUM;9943;8;9940;18;;;9949;10;9951;16;;;9946.0;0.0
av_CORN_d6;21800;INTARIAN_PEPPER_ROOT;10485;10;10482;23;;;10491;9;10493;26;;;10488.0;0.0
av_CORN_d6;21900;ASH_COATED_OSMIUM;9942;18;9938;19;;;9948;9;9950;19;;;9945.0;0.0
av_CORN_d6;21900;INTARIAN_PEPPER_ROOT;10482;23;10478;21;;;10492;14;10494;13;;;10487.0;0.0
av_CORN_d6;22000;ASH_COATED_OSMIUM;9931;27;9927;12;;;9959;11;9962;13;;;9945.0;0.0
av_CORN_d6;22000;INTARIAN_PEPPER_ROOT;10482;8;10480;19;;;10490;11;10494;18;;;10486.0;0.0
av_CORN_d6;22100;ASH_COATED_OSMIUM;9942;16;9940;24;;;9948;21;9950;12;;;9945.0;0.0
av_CORN_d6;22100;INTARIAN_PEPPER_ROOT;10474;19;10470;16;;;10495;14;10499;23;;;10484.5;0.0
av_CORN_d6;22200;ASH_COATED_OSMIUM;9940;17;9938;16;;;9951;15;9955;15;;;9945.5;0.0
av_CORN_d6;22200;INTARIAN_PEPPER_ROOT;10482;14;10479;22;;;10488;7;10491;16;;;10485.0;0.0
av_CORN_d6;22300;ASH_COATED_OSMIUM;9941;12;9939;18;;;9950;12;9952;26;;;9945.5;0.0
av_CORN_d6;22300;INTARIAN_PEPPER_ROOT;10472;12;10470;34;;;10496;10;10500;26;;;10484.0;0.0
av_CORN_d6;22400;ASH_COATED_OSMIUM;9942;8;9940;15;;;9948;11;9952;13;;;9945.0;0.0
av_CORN_d6;22400;INTARIAN_PEPPER_ROOT;10479;5;10476;17;;;10485;19;10489;22;;;10482.0;0.0
av_CORN_d6;22500;ASH_COATED_OSMIUM;9942;9;9938;12;;;9950;19;9954;14;;;9946.0;0.0
av_CORN_d6;22500;INTARIAN_PEPPER_ROOT;10479;18;10475;19;;;10485;18;10488;21;;;10482.0;0.0
av_CORN_d6;22600;ASH_COATED_OSMIUM;9942;16;9939;20;;;9948;10;9952;21;;;9945.0;0.0
av_CORN_d6;22600;INTARIAN_PEPPER_ROOT;10477;16;10474;16;;;10485;12;10487;17;;;10481.0;0.0
av_CORN_d6;22700;ASH_COATED_OSMIUM;9943;5;9940;19;;;9949;19;9951;21;;;9946.0;0.0
av_CORN_d6;22700;INTARIAN_PEPPER_ROOT;10478;7;10476;25;;;10484;9;10486;12;;;10481.0;0.0
av_CORN_d6;22800;ASH_COATED_OSMIUM;9942;18;9940;17;;;9948;11;9951;19;;;9945.0;0.0
av_CORN_d6;22800;INTARIAN_PEPPER_ROOT;10477;15;10474;24;;;10483;17;10487;16;;;10480.0;0.0
av_CORN_d6;22900;ASH_COATED_OSMIUM;9942;20;9938;17;;;9948;9;9952;14;;;9945.0;0.0
av_CORN_d6;22900;INTARIAN_PEPPER_ROOT;10475;7;10472;25;;;10483;15;10486;21;;;10479.0;0.0
av_CORN_d6;23000;ASH_COATED_OSMIUM;9943;5;9940;12;;;9949;12;9952;22;;;9946.0;0.0
av_CORN_d6;23000;INTARIAN_PEPPER_ROOT;10474;18;10472;18;;;10480;20;10484;20;;;10477.0;0.0
av_CORN_d6;23100;ASH_COATED_OSMIUM;9943;12;9940;15;;;9949;16;9953;17;;;9946.0;0.0
av_CORN_d6;23100;INTARIAN_PEPPER_ROOT;10474;14;10472;19;;;10480;15;10483;8;;;10477.0;0.0
av_CORN_d6;23200;ASH_COATED_OSMIUM;9941;12;9938;23;;;9949;15;9952;18;;;9945.0;0.0
av_CORN_d6;23200;INTARIAN_PEPPER_ROOT;10467;21;10464;17;;;10485;10;10487;23;;;10476.0;0.0
av_CORN_d6;23300;ASH_COATED_OSMIUM;9943;14;9941;21;;;9949;17;9952;9;;;9946.0;0.0
av_CORN_d6;23300;INTARIAN_PEPPER_ROOT;10472;9;10469;20;;;10478;10;10482;27;;;10475.0;0.0
av_CORN_d6;23400;ASH_COATED_OSMIUM;9942;17;9939;17;;;9948;16;9951;15;;;9945.0;0.0
av_CORN_d6;23400;INTARIAN_PEPPER_ROOT;10472;23;10469;22;;;10478;14;10480;23;;;10475.0;0.0
av_CORN_d6;23500;ASH_COATED_OSMIUM;9942;15;9940;28;;;9948;8;9950;16;;;9945.0;0.0
av_CORN_d6;23500;INTARIAN_PEPPER_ROOT;10471;11;10468;15;;;10477;22;10481;16;;;10474.0;0.0
av_CORN_d6;23600;ASH_COATED_OSMIUM;9942;8;9938;13;;;9949;12;9952;24;;;9945.5;0.0
av_CORN_d6;23600;INTARIAN_PEPPER_ROOT;10470;24;10468;20;;;10476;15;10480;25;;;10473.0;0.0
av_CORN_d6;23700;ASH_COATED_OSMIUM;9942;9;9939;15;;;9948;21;9952;21;;;9945.0;0.0
av_CORN_d6;23700;INTARIAN_PEPPER_ROOT;10469;20;10466;27;;;10475;19;10479;18;;;10472.0;0.0
av_CORN_d6;23800;ASH_COATED_OSMIUM;9942;10;9940;23;;;9948;14;9952;25;;;9945.0;0.0
av_CORN_d6;23800;INTARIAN_PEPPER_ROOT;10468;15;10466;14;;;10474;18;10478;19;;;10471.0;0.0
av_CORN_d6;23900;ASH_COATED_OSMIUM;9943;5;9939;25;;;9949;12;9951;23;;;9946.0;0.0
av_CORN_d6;23900;INTARIAN_PEPPER_ROOT;10468;16;10465;16;;;10474;5;10476;24;;;10471.0;0.0
av_CORN_d6;24000;ASH_COATED_OSMIUM;9943;12;9941;17;;;9949;18;9953;21;;;9946.0;0.0
av_CORN_d6;24000;INTARIAN_PEPPER_ROOT;10467;14;10465;30;;;10473;14;10477;26;;;10470.0;0.0
av_CORN_d6;24100;ASH_COATED_OSMIUM;9942;22;9939;9;;;9948;18;9952;21;;;9945.0;0.0
av_CORN_d6;24100;INTARIAN_PEPPER_ROOT;10466;12;10462;23;;;10473;17;10475;16;;;10469.5;0.0
av_CORN_d6;24200;ASH_COATED_OSMIUM;9942;14;9938;24;;;9950;14;9954;20;;;9946.0;0.0
av_CORN_d6;24200;INTARIAN_PEPPER_ROOT;10465;15;10461;15;;;10471;13;10474;19;;;10468.0;0.0
av_CORN_d6;24300;ASH_COATED_OSMIUM;9942;23;9940;15;;;9948;18;9950;14;;;9945.0;0.0
av_CORN_d6;24300;INTARIAN_PEPPER_ROOT;10464;16;10460;32;;;10470;10;10472;9;;;10467.0;0.0
av_CORN_d6;24400;ASH_COATED_OSMIUM;9942;16;9940;21;;;9948;11;9952;18;;;9945.0;0.0
av_CORN_d6;24400;INTARIAN_PEPPER_ROOT;10461;19;10457;18;;;10473;15;10476;25;;;10467.0;0.0
av_CORN_d6;24500;ASH_COATED_OSMIUM;9939;17;9935;13;;;9952;15;9954;19;;;9945.5;0.0
av_CORN_d6;24500;INTARIAN_PEPPER_ROOT;10460;16;10458;32;;;10471;16;10474;18;;;10465.5;0.0
av_CORN_d6;24600;ASH_COATED_OSMIUM;9942;12;9939;8;;;9950;15;9953;15;;;9946.0;0.0
av_CORN_d6;24600;INTARIAN_PEPPER_ROOT;10452;19;10450;22;;;10479;16;10483;20;;;10465.5;0.0
av_CORN_d6;24700;ASH_COATED_OSMIUM;9943;17;9940;16;;;9949;15;9952;20;;;9946.0;0.0
av_CORN_d6;24700;INTARIAN_PEPPER_ROOT;10455;15;10451;26;;;10473;15;10476;21;;;10464.0;0.0
av_CORN_d6;24800;ASH_COATED_OSMIUM;9942;11;9940;22;;;9950;15;9953;20;;;9946.0;0.0
av_CORN_d6;24800;INTARIAN_PEPPER_ROOT;10460;7;10456;15;;;10466;15;10470;25;;;10463.0;0.0
av_CORN_d6;24900;ASH_COATED_OSMIUM;9943;15;9940;22;;;9949;14;9953;24;;;9946.0;0.0
av_CORN_d6;24900;INTARIAN_PEPPER_ROOT;10457;8;10455;26;;;10469;26;10473;13;;;10463.0;0.0
av_CORN_d6;25000;ASH_COATED_OSMIUM;9941;10;9938;23;;;9950;12;9954;9;;;9945.5;0.0
av_CORN_d6;25000;INTARIAN_PEPPER_ROOT;10457;18;10453;25;;;10466;17;10470;20;;;10461.5;0.0
av_CORN_d6;25100;ASH_COATED_OSMIUM;9943;15;9941;19;;;9949;16;9952;22;;;9946.0;0.0
av_CORN_d6;25100;INTARIAN_PEPPER_ROOT;10455;16;10451;14;;;10468;11;10470;9;;;10461.5;0.0
av_CORN_d6;25200;ASH_COATED_OSMIUM;9941;17;9938;16;;;9949;14;9953;13;;;9945.0;0.0
av_CORN_d6;25200;INTARIAN_PEPPER_ROOT;10457;10;10455;8;;;10463;12;10465;19;;;10460.0;0.0
av_CORN_d6;25300;ASH_COATED_OSMIUM;9943;11;9940;25;;;9949;18;9951;28;;;9946.0;0.0
av_CORN_d6;25300;INTARIAN_PEPPER_ROOT;10455;12;10451;19;;;10463;5;10466;23;;;10459.0;0.0
av_CORN_d6;25400;ASH_COATED_OSMIUM;9943;24;9939;19;;;9950;11;9953;31;;;9946.5;0.0
av_CORN_d6;25400;INTARIAN_PEPPER_ROOT;10456;16;10454;29;;;10462;19;10464;8;;;10459.0;0.0
av_CORN_d6;25500;ASH_COATED_OSMIUM;9943;15;9941;19;;;9949;14;9953;12;;;9946.0;0.0
av_CORN_d6;25500;INTARIAN_PEPPER_ROOT;10455;11;10451;17;;;10461;17;10464;30;;;10458.0;0.0
av_CORN_d6;25600;ASH_COATED_OSMIUM;9943;11;9939;22;;;9949;10;9952;12;;;9946.0;0.0
av_CORN_d6;25600;INTARIAN_PEPPER_ROOT;10451;12;10448;17;;;10464;15;10467;18;;;10457.5;0.0
av_CORN_d6;25700;ASH_COATED_OSMIUM;9943;14;9941;25;;;9949;15;9953;24;;;9946.0;0.0
av_CORN_d6;25700;INTARIAN_PEPPER_ROOT;10453;11;10450;21;;;10459;11;10463;26;;;10456.0;0.0
av_CORN_d6;25800;ASH_COATED_OSMIUM;9938;15;9936;23;;;9955;19;9959;23;;;9946.5;0.0
av_CORN_d6;25800;INTARIAN_PEPPER_ROOT;10444;18;10440;21;;;10467;10;10471;19;;;10455.5;0.0
av_CORN_d6;25900;ASH_COATED_OSMIUM;9943;22;9939;16;;;9949;13;9953;14;;;9946.0;0.0
av_CORN_d6;25900;INTARIAN_PEPPER_ROOT;10448;9;10446;24;;;10462;8;10464;27;;;10455.0;0.0
av_CORN_d6;26000;ASH_COATED_OSMIUM;9942;15;9940;23;;;9950;7;9953;21;;;9946.0;0.0
av_CORN_d6;26000;INTARIAN_PEPPER_ROOT;10449;19;10447;15;;;10458;14;10462;16;;;10453.5;0.0
av_CORN_d6;26100;ASH_COATED_OSMIUM;9941;12;9937;16;;;9951;5;9954;13;;;9946.0;0.0
av_CORN_d6;26100;INTARIAN_PEPPER_ROOT;10450;19;10446;19;;;10456;16;10458;15;;;10453.0;0.0
av_CORN_d6;26200;ASH_COATED_OSMIUM;9939;11;9936;23;;;9953;20;9955;17;;;9946.0;0.0
av_CORN_d6;26200;INTARIAN_PEPPER_ROOT;10444;23;10441;22;;;10460;16;10463;20;;;10452.0;0.0
av_CORN_d6;26300;ASH_COATED_OSMIUM;9942;17;9938;21;;;9950;13;9952;15;;;9946.0;0.0
av_CORN_d6;26300;INTARIAN_PEPPER_ROOT;10447;17;10444;13;;;10455;21;10458;21;;;10451.0;0.0
av_CORN_d6;26400;ASH_COATED_OSMIUM;9943;12;9940;20;;;9949;14;9953;22;;;9946.0;0.0
av_CORN_d6;26400;INTARIAN_PEPPER_ROOT;10448;9;10445;18;;;10454;15;10456;22;;;10451.0;0.0
av_CORN_d6;26500;ASH_COATED_OSMIUM;9943;15;9939;27;;;9949;19;9951;10;;;9946.0;0.0
av_CORN_d6;26500;INTARIAN_PEPPER_ROOT;10446;9;10443;25;;;10454;15;10456;15;;;10450.0;0.0
av_CORN_d6;26600;ASH_COATED_OSMIUM;9939;7;9937;27;;;9952;27;9956;17;;;9945.5;0.0
av_CORN_d6;26600;INTARIAN_PEPPER_ROOT;10439;19;10435;21;;;10459;17;10462;20;;;10449.0;0.0
av_CORN_d6;26700;ASH_COATED_OSMIUM;9934;16;9930;15;;;9958;9;9962;16;;;9946.0;0.0
av_CORN_d6;26700;INTARIAN_PEPPER_ROOT;10445;13;10443;11;;;10451;15;10453;28;;;10448.0;0.0
av_CORN_d6;26800;ASH_COATED_OSMIUM;9940;10;9937;21;;;9954;21;9956;26;;;9947.0;0.0
av_CORN_d6;26800;INTARIAN_PEPPER_ROOT;10445;17;10441;20;;;10451;8;10453;11;;;10448.0;0.0
av_CORN_d6;26900;ASH_COATED_OSMIUM;9942;5;9940;26;;;9950;8;9952;17;;;9946.0;0.0
av_CORN_d6;26900;INTARIAN_PEPPER_ROOT;10444;17;10441;17;;;10450;16;10453;21;;;10447.0;0.0
av_CORN_d6;27000;ASH_COATED_OSMIUM;9936;20;9932;19;;;9957;15;9960;25;;;9946.5;0.0
av_CORN_d6;27000;INTARIAN_PEPPER_ROOT;10443;14;10439;21;;;10449;17;10453;20;;;10446.0;0.0
av_CORN_d6;27100;ASH_COATED_OSMIUM;9943;10;9940;16;;;9949;10;9952;15;;;9946.0;0.0
av_CORN_d6;27100;INTARIAN_PEPPER_ROOT;10441;19;10437;30;;;10447;14;10449;12;;;10444.0;0.0
av_CORN_d6;27200;ASH_COATED_OSMIUM;9934;9;9931;21;;;9959;23;9962;25;;;9946.5;0.0
av_CORN_d6;27200;INTARIAN_PEPPER_ROOT;10438;21;10436;12;;;10449;11;10451;19;;;10443.5;0.0
av_CORN_d6;27300;ASH_COATED_OSMIUM;9943;23;9941;21;;;9949;16;9951;15;;;9946.0;0.0
av_CORN_d6;27300;INTARIAN_PEPPER_ROOT;10440;20;10437;18;;;10446;5;10450;10;;;10443.0;0.0
av_CORN_d6;27400;ASH_COATED_OSMIUM;9943;15;9939;13;;;9949;9;9953;19;;;9946.0;0.0
av_CORN_d6;27400;INTARIAN_PEPPER_ROOT;10439;8;10436;20;;;10445;16;10447;13;;;10442.0;0.0
av_CORN_d6;27500;ASH_COATED_OSMIUM;9942;15;9938;20;;;9950;20;9953;11;;;9946.0;0.0
av_CORN_d6;27500;INTARIAN_PEPPER_ROOT;10438;16;10435;11;;;10446;18;10449;26;;;10442.0;0.0
av_CORN_d6;27600;ASH_COATED_OSMIUM;9944;11;9940;19;;;9950;11;9952;20;;;9947.0;0.0
av_CORN_d6;27600;INTARIAN_PEPPER_ROOT;10434;12;10430;27;;;10448;13;10452;27;;;10441.0;0.0
av_CORN_d6;27700;ASH_COATED_OSMIUM;9943;12;9940;18;;;9951;23;9955;27;;;9947.0;0.0
av_CORN_d6;27700;INTARIAN_PEPPER_ROOT;10437;17;10434;16;;;10443;9;10446;8;;;10440.0;0.0
av_CORN_d6;27800;ASH_COATED_OSMIUM;9934;11;9930;18;;;9957;24;9961;12;;;9945.5;0.0
av_CORN_d6;27800;INTARIAN_PEPPER_ROOT;10436;13;10432;13;;;10442;14;10444;11;;;10439.0;0.0
av_CORN_d6;27900;ASH_COATED_OSMIUM;9943;18;9939;30;;;9949;16;9952;19;;;9946.0;0.0
av_CORN_d6;27900;INTARIAN_PEPPER_ROOT;10415;19;10412;21;;;10461;18;10464;29;;;10438.0;0.0
av_CORN_d6;28000;ASH_COATED_OSMIUM;9943;16;9940;25;;;9949;13;9952;21;;;9946.0;0.0
av_CORN_d6;28000;INTARIAN_PEPPER_ROOT;10431;14;10427;26;;;10445;6;10448;31;;;10438.0;0.0
av_CORN_d6;28100;ASH_COATED_OSMIUM;9943;11;9939;23;;;9949;14;9951;22;;;9946.0;0.0
av_CORN_d6;28100;INTARIAN_PEPPER_ROOT;10432;12;10429;16;;;10443;14;10447;20;;;10437.5;0.0
av_CORN_d6;28200;ASH_COATED_OSMIUM;9943;15;9939;9;;;9949;17;9953;20;;;9946.0;0.0
av_CORN_d6;28200;INTARIAN_PEPPER_ROOT;10432;15;10428;16;;;10441;15;10444;12;;;10436.5;0.0
av_CORN_d6;28300;ASH_COATED_OSMIUM;9943;16;9941;12;;;9949;14;9953;18;;;9946.0;0.0
av_CORN_d6;28300;INTARIAN_PEPPER_ROOT;10432;22;10429;25;;;10438;13;10442;11;;;10435.0;0.0
av_CORN_d6;28400;ASH_COATED_OSMIUM;9930;8;9928;19;;;9962;6;9964;8;;;9946.0;0.0
av_CORN_d6;28400;INTARIAN_PEPPER_ROOT;10431;14;10428;21;;;10437;6;10439;18;;;10434.0;0.0
av_CORN_d6;28500;ASH_COATED_OSMIUM;9943;11;9941;11;;;9949;19;9952;11;;;9946.0;0.0
av_CORN_d6;28500;INTARIAN_PEPPER_ROOT;10430;12;10426;19;;;10436;14;10439;13;;;10433.0;0.0
av_CORN_d6;28600;ASH_COATED_OSMIUM;9943;5;9941;25;;;9949;20;9951;26;;;9946.0;0.0
av_CORN_d6;28600;INTARIAN_PEPPER_ROOT;10430;14;10427;25;;;10436;8;10439;32;;;10433.0;0.0
av_CORN_d6;28700;ASH_COATED_OSMIUM;9943;5;9941;19;;;9949;7;9952;22;;;9946.0;0.0
av_CORN_d6;28700;INTARIAN_PEPPER_ROOT;10429;14;10426;12;;;10435;20;10439;25;;;10432.0;0.0
av_CORN_d6;28800;ASH_COATED_OSMIUM;9943;23;9941;22;;;9949;8;9951;21;;;9946.0;0.0
av_CORN_d6;28800;INTARIAN_PEPPER_ROOT;10425;13;10421;18;;;10438;18;10442;10;;;10431.5;0.0
av_CORN_d6;28900;ASH_COATED_OSMIUM;9939;15;9935;23;;;9955;22;9957;19;;;9947.0;0.0
av_CORN_d6;28900;INTARIAN_PEPPER_ROOT;10424;8;10422;13;;;10436;21;10439;21;;;10430.0;0.0
av_CORN_d6;29000;ASH_COATED_OSMIUM;9936;12;9932;20;;;9956;8;9959;24;;;9946.0;0.0
av_CORN_d6;29000;INTARIAN_PEPPER_ROOT;10427;19;10423;16;;;10433;14;10436;10;;;10430.0;0.0
av_CORN_d6;29100;ASH_COATED_OSMIUM;9935;8;9933;13;;;9958;13;9961;11;;;9946.5;0.0
av_CORN_d6;29100;INTARIAN_PEPPER_ROOT;10424;13;10420;22;;;10433;11;10437;17;;;10428.5;0.0
av_CORN_d6;29200;ASH_COATED_OSMIUM;9943;15;9941;25;;;9949;12;9951;17;;;9946.0;0.0
av_CORN_d6;29200;INTARIAN_PEPPER_ROOT;10424;10;10422;22;;;10433;13;10437;12;;;10428.5;0.0
av_CORN_d6;29300;ASH_COATED_OSMIUM;9942;15;9938;12;;;9950;16;9954;11;;;9946.0;0.0
av_CORN_d6;29300;INTARIAN_PEPPER_ROOT;10419;30;10416;19;;;10435;27;10439;17;;;10427.0;0.0
av_CORN_d6;29400;ASH_COATED_OSMIUM;9943;16;9940;14;;;9949;18;9952;18;;;9946.0;0.0
av_CORN_d6;29400;INTARIAN_PEPPER_ROOT;10424;13;10422;13;;;10430;11;10434;16;;;10427.0;0.0
av_CORN_d6;29500;ASH_COATED_OSMIUM;9944;9;9941;13;;;9950;12;9953;17;;;9947.0;0.0
av_CORN_d6;29500;INTARIAN_PEPPER_ROOT;10422;19;10420;24;;;10430;22;10434;26;;;10426.0;0.0
av_CORN_d6;29600;ASH_COATED_OSMIUM;9940;5;9936;24;;;9952;11;9956;22;;;9946.0;0.0
av_CORN_d6;29600;INTARIAN_PEPPER_ROOT;10422;8;10419;31;;;10428;20;10430;22;;;10425.0;0.0
av_CORN_d6;29700;ASH_COATED_OSMIUM;9944;20;9940;26;;;9950;19;9952;14;;;9947.0;0.0
av_CORN_d6;29700;INTARIAN_PEPPER_ROOT;10421;21;10418;17;;;10427;15;10431;24;;;10424.0;0.0
av_CORN_d6;29800;ASH_COATED_OSMIUM;9937;16;9933;18;;;9955;11;9957;18;;;9946.0;0.0
av_CORN_d6;29800;INTARIAN_PEPPER_ROOT;10419;15;10415;15;;;10426;10;10429;18;;;10422.5;0.0
av_CORN_d6;29900;ASH_COATED_OSMIUM;9943;14;9940;26;;;9949;5;9952;22;;;9946.0;0.0
av_CORN_d6;29900;INTARIAN_PEPPER_ROOT;10420;17;10416;18;;;10426;15;10430;23;;;10423.0;0.0
av_CORN_d6;30000;ASH_COATED_OSMIUM;9944;18;9941;15;;;9950;12;9954;14;;;9947.0;0.0
av_CORN_d6;30000;INTARIAN_PEPPER_ROOT;10419;17;10415;18;;;10425;22;10429;18;;;10422.0;0.0
av_CORN_d6;30100;ASH_COATED_OSMIUM;9941;11;9938;19;;;9952;20;9954;29;;;9946.5;0.0
av_CORN_d6;30100;INTARIAN_PEPPER_ROOT;10418;13;10415;19;;;10424;22;10428;28;;;10421.0;0.0
av_CORN_d6;30200;ASH_COATED_OSMIUM;9943;15;9940;25;;;9949;11;9951;15;;;9946.0;0.0
av_CORN_d6;30200;INTARIAN_PEPPER_ROOT;10416;11;10413;22;;;10425;9;10428;22;;;10420.5;0.0
av_CORN_d6;30300;ASH_COATED_OSMIUM;9939;14;9936;17;;;9955;19;9957;15;;;9947.0;0.0
av_CORN_d6;30300;INTARIAN_PEPPER_ROOT;10414;18;10412;23;;;10424;6;10427;22;;;10419.0;0.0
av_CORN_d6;30400;ASH_COATED_OSMIUM;9941;14;9938;20;;;9952;12;9954;15;;;9946.5;0.0
av_CORN_d6;30400;INTARIAN_PEPPER_ROOT;10414;21;10411;14;;;10422;19;10424;17;;;10418.0;0.0
av_CORN_d6;30500;ASH_COATED_OSMIUM;9944;7;9942;19;;;9950;14;9954;17;;;9947.0;0.0
av_CORN_d6;30500;INTARIAN_PEPPER_ROOT;10407;14;10403;19;;;10428;20;10430;27;;;10417.5;0.0
av_CORN_d6;30600;ASH_COATED_OSMIUM;9944;14;9941;21;;;9950;10;9954;18;;;9947.0;0.0
av_CORN_d6;30600;INTARIAN_PEPPER_ROOT;10413;13;10409;23;;;10421;21;10424;20;;;10417.0;0.0
av_CORN_d6;30700;ASH_COATED_OSMIUM;9944;11;9942;18;;;9950;18;9954;19;;;9947.0;0.0
av_CORN_d6;30700;INTARIAN_PEPPER_ROOT;10409;8;10405;21;;;10422;16;10426;17;;;10415.5;0.0
av_CORN_d6;30800;ASH_COATED_OSMIUM;9943;9;9940;19;;;9949;12;9952;11;;;9946.0;0.0
av_CORN_d6;30800;INTARIAN_PEPPER_ROOT;10412;23;10408;18;;;10418;8;10422;23;;;10415.0;0.0
av_CORN_d6;30900;ASH_COATED_OSMIUM;9943;13;9941;31;;;9949;12;9953;13;;;9946.0;0.0
av_CORN_d6;30900;INTARIAN_PEPPER_ROOT;10397;12;10393;22;;;10433;12;10435;21;;;10415.0;0.0
av_CORN_d6;31000;ASH_COATED_OSMIUM;9944;11;9940;10;;;9950;12;9953;23;;;9947.0;0.0
av_CORN_d6;31000;INTARIAN_PEPPER_ROOT;10411;9;10409;20;;;10417;12;10419;21;;;10414.0;0.0
av_CORN_d6;31100;ASH_COATED_OSMIUM;9944;8;9942;25;;;9950;19;9953;12;;;9947.0;0.0
av_CORN_d6;31100;INTARIAN_PEPPER_ROOT;10410;5;10408;16;;;10416;14;10418;17;;;10413.0;0.0
av_CORN_d6;31200;ASH_COATED_OSMIUM;9940;19;9937;23;;;9953;6;9956;27;;;9946.5;0.0
av_CORN_d6;31200;INTARIAN_PEPPER_ROOT;10407;16;10403;19;;;10417;5;10419;18;;;10412.0;0.0
av_CORN_d6;31300;ASH_COATED_OSMIUM;9944;11;9941;20;;;9950;22;9954;15;;;9947.0;0.0
av_CORN_d6;31300;INTARIAN_PEPPER_ROOT;10408;19;10406;20;;;10414;18;10416;21;;;10411.0;0.0
av_CORN_d6;31400;ASH_COATED_OSMIUM;9944;7;9941;30;;;9950;19;9954;22;;;9947.0;0.0
av_CORN_d6;31400;INTARIAN_PEPPER_ROOT;10406;11;10404;21;;;10414;19;10417;18;;;10410.0;0.0
av_CORN_d6;31500;ASH_COATED_OSMIUM;9943;12;9939;25;;;9950;12;9952;24;;;9946.5;0.0
av_CORN_d6;31500;INTARIAN_PEPPER_ROOT;10406;9;10402;16;;;10412;22;10414;24;;;10409.0;0.0
av_CORN_d6;31600;ASH_COATED_OSMIUM;9944;20;9942;22;;;9950;10;9952;29;;;9947.0;0.0
av_CORN_d6;31600;INTARIAN_PEPPER_ROOT;10406;21;10403;15;;;10412;14;10416;16;;;10409.0;0.0
av_CORN_d6;31700;ASH_COATED_OSMIUM;9940;5;9938;26;;;9953;13;9957;18;;;9946.5;0.0
av_CORN_d6;31700;INTARIAN_PEPPER_ROOT;10405;16;10402;12;;;10411;17;10415;15;;;10408.0;0.0
av_CORN_d6;31800;ASH_COATED_OSMIUM;9940;17;9937;13;;;9954;16;9956;14;;;9947.0;0.0
av_CORN_d6;31800;INTARIAN_PEPPER_ROOT;10401;8;10397;19;;;10413;13;10416;24;;;10407.0;0.0
av_CORN_d6;31900;ASH_COATED_OSMIUM;9943;16;9941;16;;;9949;5;9952;20;;;9946.0;0.0
av_CORN_d6;31900;INTARIAN_PEPPER_ROOT;10400;14;10396;21;;;10412;9;10415;24;;;10406.0;0.0
av_CORN_d6;32000;ASH_COATED_OSMIUM;9941;7;9938;34;;;9951;9;9954;19;;;9946.0;0.0
av_CORN_d6;32000;INTARIAN_PEPPER_ROOT;10403;11;10399;26;;;10409;18;10411;12;;;10406.0;0.0
av_CORN_d6;32100;ASH_COATED_OSMIUM;9944;8;9940;24;;;9950;23;9952;25;;;9947.0;0.0
av_CORN_d6;32100;INTARIAN_PEPPER_ROOT;10402;5;10399;16;;;10408;8;10411;16;;;10405.0;0.0
av_CORN_d6;32200;ASH_COATED_OSMIUM;9943;16;9940;15;;;9950;9;9954;22;;;9946.5;0.0
av_CORN_d6;32200;INTARIAN_PEPPER_ROOT;10399;10;10397;22;;;10408;8;10412;16;;;10403.5;0.0
av_CORN_d6;32300;ASH_COATED_OSMIUM;9944;17;9940;8;;;9950;12;9952;17;;;9947.0;0.0
av_CORN_d6;32300;INTARIAN_PEPPER_ROOT;10400;15;10398;18;;;10406;10;10408;28;;;10403.0;0.0
av_CORN_d6;32400;ASH_COATED_OSMIUM;9944;13;9941;17;;;9950;16;9952;16;;;9947.0;0.0
av_CORN_d6;32400;INTARIAN_PEPPER_ROOT;10400;26;10396;12;;;10406;16;10408;21;;;10403.0;0.0
av_CORN_d6;32500;ASH_COATED_OSMIUM;9944;16;9941;25;;;9950;19;9953;17;;;9947.0;0.0
av_CORN_d6;32500;INTARIAN_PEPPER_ROOT;10399;17;10396;25;;;10405;11;10409;27;;;10402.0;0.0
av_CORN_d6;32600;ASH_COATED_OSMIUM;9944;17;9940;8;;;9950;9;9954;13;;;9947.0;0.0
av_CORN_d6;32600;INTARIAN_PEPPER_ROOT;10389;11;10385;22;;;10413;15;10415;22;;;10401.0;0.0
av_CORN_d6;32700;ASH_COATED_OSMIUM;9944;12;9940;24;;;9950;10;9954;19;;;9947.0;0.0
av_CORN_d6;32700;INTARIAN_PEPPER_ROOT;10395;10;10392;17;;;10405;10;10407;16;;;10400.0;0.0
av_CORN_d6;32800;ASH_COATED_OSMIUM;9940;10;9937;19;;;9954;14;9956;16;;;9947.0;0.0
av_CORN_d6;32800;INTARIAN_PEPPER_ROOT;10396;20;10393;23;;;10402;19;10404;21;;;10399.0;0.0
av_CORN_d6;32900;ASH_COATED_OSMIUM;9944;21;9940;24;;;9950;11;9953;12;;;9947.0;0.0
av_CORN_d6;32900;INTARIAN_PEPPER_ROOT;10395;17;10393;15;;;10401;26;10403;18;;;10398.0;0.0
av_CORN_d6;33000;ASH_COATED_OSMIUM;9943;11;9940;23;;;9952;12;9956;27;;;9947.5;0.0
av_CORN_d6;33000;INTARIAN_PEPPER_ROOT;10394;26;10391;21;;;10402;17;10405;14;;;10398.0;0.0
av_CORN_d6;33100;ASH_COATED_OSMIUM;9944;16;9940;18;;;9950;5;9953;25;;;9947.0;0.0
av_CORN_d6;33100;INTARIAN_PEPPER_ROOT;10394;19;10390;21;;;10400;10;10404;11;;;10397.0;0.0
av_CORN_d6;33200;ASH_COATED_OSMIUM;9943;15;9940;24;;;9952;10;9955;23;;;9947.5;0.0
av_CORN_d6;33200;INTARIAN_PEPPER_ROOT;10382;16;10379;17;;;10410;19;10412;25;;;10396.0;0.0
av_CORN_d6;33300;ASH_COATED_OSMIUM;9943;11;9941;28;;;9949;17;9953;17;;;9946.0;0.0
av_CORN_d6;33300;INTARIAN_PEPPER_ROOT;10385;15;10383;20;;;10405;9;10409;20;;;10395.0;0.0
av_CORN_d6;33400;ASH_COATED_OSMIUM;9922;10;9919;18;;;9971;17;9974;24;;;9946.5;0.0
av_CORN_d6;33400;INTARIAN_PEPPER_ROOT;10391;15;10388;16;;;10397;26;10401;22;;;10394.0;0.0
av_CORN_d6;33500;ASH_COATED_OSMIUM;9944;19;9940;17;;;9950;27;9952;21;;;9947.0;0.0
av_CORN_d6;33500;INTARIAN_PEPPER_ROOT;10390;9;10387;24;;;10396;10;10399;25;;;10393.0;0.0
av_CORN_d6;33600;ASH_COATED_OSMIUM;9944;20;9940;16;;;9950;13;9954;15;;;9947.0;0.0
av_CORN_d6;33600;INTARIAN_PEPPER_ROOT;10390;8;10388;24;;;10396;15;10399;25;;;10393.0;0.0
av_CORN_d6;33700;ASH_COATED_OSMIUM;9944;5;9942;20;;;9950;26;9953;18;;;9947.0;0.0
av_CORN_d6;33700;INTARIAN_PEPPER_ROOT;10389;6;10385;10;;;10395;10;10397;21;;;10392.0;0.0
av_CORN_d6;33800;ASH_COATED_OSMIUM;9944;13;9941;17;;;9950;14;9954;16;;;9947.0;0.0
av_CORN_d6;33800;INTARIAN_PEPPER_ROOT;10388;10;10386;14;;;10394;16;10397;15;;;10391.0;0.0
av_CORN_d6;33900;ASH_COATED_OSMIUM;9934;11;9931;23;;;9960;13;9964;30;;;9947.0;0.0
av_CORN_d6;33900;INTARIAN_PEPPER_ROOT;10387;17;10383;17;;;10393;16;10397;16;;;10390.0;0.0
av_CORN_d6;34000;ASH_COATED_OSMIUM;9944;15;9940;28;;;9950;13;9954;22;;;9947.0;0.0
av_CORN_d6;34000;INTARIAN_PEPPER_ROOT;10383;16;10379;33;;;10395;15;10399;24;;;10389.0;0.0
av_CORN_d6;34100;ASH_COATED_OSMIUM;9934;6;9932;14;;;9960;17;9964;22;;;9947.0;0.0
av_CORN_d6;34100;INTARIAN_PEPPER_ROOT;10381;20;10379;22;;;10391;11;10393;16;;;10386.0;0.0
av_CORN_d6;34200;ASH_COATED_OSMIUM;9944;19;9942;20;;;9950;14;9952;22;;;9947.0;0.0
av_CORN_d6;34200;INTARIAN_PEPPER_ROOT;10382;16;10379;21;;;10388;19;10392;14;;;10385.0;0.0
av_CORN_d6;34300;ASH_COATED_OSMIUM;9945;12;9941;15;;;9951;13;9955;19;;;9948.0;0.0
av_CORN_d6;34300;INTARIAN_PEPPER_ROOT;10381;21;10379;22;;;10388;19;10391;21;;;10384.5;0.0
av_CORN_d6;34400;ASH_COATED_OSMIUM;9944;17;9941;22;;;9950;12;9954;21;;;9947.0;0.0
av_CORN_d6;34400;INTARIAN_PEPPER_ROOT;10379;10;10376;8;;;10385;17;10389;22;;;10382.0;0.0
av_CORN_d6;34500;ASH_COATED_OSMIUM;9945;13;9941;26;;;9951;16;9953;19;;;9948.0;0.0
av_CORN_d6;34500;INTARIAN_PEPPER_ROOT;10367;5;10364;14;;;10394;15;10396;17;;;10380.5;0.0
av_CORN_d6;34600;ASH_COATED_OSMIUM;9944;14;9940;8;;;9950;25;9953;23;;;9947.0;0.0
av_CORN_d6;34600;INTARIAN_PEPPER_ROOT;10375;7;10371;16;;;10381;10;10384;27;;;10378.0;0.0
av_CORN_d6;34700;ASH_COATED_OSMIUM;9945;15;9943;17;;;9951;14;9953;19;;;9948.0;0.0
av_CORN_d6;34700;INTARIAN_PEPPER_ROOT;10373;22;10371;18;;;10379;9;10382;26;;;10376.0;0.0
av_CORN_d6;34800;ASH_COATED_OSMIUM;9943;21;9940;25;;;9951;8;9954;20;;;9947.0;0.0
av_CORN_d6;34800;INTARIAN_PEPPER_ROOT;10371;21;10368;22;;;10377;10;10379;14;;;10374.0;0.0
av_CORN_d6;34900;ASH_COATED_OSMIUM;9944;24;9941;24;;;9950;11;9953;32;;;9947.0;0.0
av_CORN_d6;34900;INTARIAN_PEPPER_ROOT;10369;14;10367;25;;;10376;17;10378;14;;;10372.5;0.0
av_CORN_d6;35000;ASH_COATED_OSMIUM;9941;15;9937;23;;;9953;16;9955;21;;;9947.0;0.0
av_CORN_d6;35000;INTARIAN_PEPPER_ROOT;10368;22;10364;13;;;10374;16;10378;22;;;10371.0;0.0
av_CORN_d6;35100;ASH_COATED_OSMIUM;9943;19;9941;19;;;9952;16;9955;23;;;9947.5;0.0
av_CORN_d6;35100;INTARIAN_PEPPER_ROOT;10366;9;10363;22;;;10372;29;10375;29;;;10369.0;0.0
av_CORN_d6;35200;ASH_COATED_OSMIUM;9942;13;9939;21;;;9954;18;9957;29;;;9948.0;0.0
av_CORN_d6;35200;INTARIAN_PEPPER_ROOT;10364;19;10361;21;;;10370;10;10372;21;;;10367.0;0.0
av_CORN_d6;35300;ASH_COATED_OSMIUM;9944;12;9940;19;;;9951;12;9955;23;;;9947.5;0.0
av_CORN_d6;35300;INTARIAN_PEPPER_ROOT;10362;11;10358;8;;;10370;14;10373;13;;;10366.0;0.0
av_CORN_d6;35400;ASH_COATED_OSMIUM;9937;15;9934;12;;;9957;8;9960;27;;;9947.0;0.0
av_CORN_d6;35400;INTARIAN_PEPPER_ROOT;10359;13;10356;17;;;10369;12;10373;18;;;10364.0;0.0
av_CORN_d6;35500;ASH_COATED_OSMIUM;9944;17;9940;23;;;9951;12;9953;23;;;9947.5;0.0
av_CORN_d6;35500;INTARIAN_PEPPER_ROOT;10359;15;10355;19;;;10366;16;10368;15;;;10362.5;0.0
av_CORN_d6;35600;ASH_COATED_OSMIUM;9942;10;9938;21;;;9954;12;9956;20;;;9948.0;0.0
av_CORN_d6;35600;INTARIAN_PEPPER_ROOT;10358;16;10354;21;;;10364;25;10368;19;;;10361.0;0.0
av_CORN_d6;35700;ASH_COATED_OSMIUM;9939;18;9936;21;;;9955;20;9957;14;;;9947.0;0.0
av_CORN_d6;35700;INTARIAN_PEPPER_ROOT;10349;5;10347;13;;;10370;25;10372;19;;;10359.5;0.0
av_CORN_d6;35800;ASH_COATED_OSMIUM;9945;20;9943;23;;;9951;16;9953;28;;;9948.0;0.0
av_CORN_d6;35800;INTARIAN_PEPPER_ROOT;10354;21;10352;16;;;10360;10;10362;23;;;10357.0;0.0
av_CORN_d6;35900;ASH_COATED_OSMIUM;9945;13;9942;14;;;9951;13;9953;28;;;9948.0;0.0
av_CORN_d6;35900;INTARIAN_PEPPER_ROOT;10352;8;10348;15;;;10360;13;10364;21;;;10356.0;0.0
av_CORN_d6;36000;ASH_COATED_OSMIUM;9945;5;9943;21;;;9951;12;9953;17;;;9948.0;0.0
av_CORN_d6;36000;INTARIAN_PEPPER_ROOT;10350;17;10346;20;;;10356;5;10360;20;;;10353.0;0.0
av_CORN_d6;36100;ASH_COATED_OSMIUM;9944;9;9942;20;;;9951;5;9953;26;;;9947.5;0.0
av_CORN_d6;36100;INTARIAN_PEPPER_ROOT;10347;16;10345;15;;;10357;5;10360;16;;;10352.0;0.0
av_CORN_d6;36200;ASH_COATED_OSMIUM;9937;23;9935;34;;;9960;13;9964;26;;;9948.5;0.0
av_CORN_d6;36200;INTARIAN_PEPPER_ROOT;10345;16;10341;17;;;10354;23;10358;8;;;10349.5;0.0
av_CORN_d6;36300;ASH_COATED_OSMIUM;9944;15;9941;27;;;9951;13;9953;25;;;9947.5;0.0
av_CORN_d6;36300;INTARIAN_PEPPER_ROOT;10345;15;10343;14;;;10351;8;10353;9;;;10348.0;0.0
av_CORN_d6;36400;ASH_COATED_OSMIUM;9943;12;9941;24;;;9953;15;9955;20;;;9948.0;0.0
av_CORN_d6;36400;INTARIAN_PEPPER_ROOT;10343;12;10340;18;;;10349;24;10351;19;;;10346.0;0.0
av_CORN_d6;36500;ASH_COATED_OSMIUM;9945;13;9942;22;;;9951;14;9953;33;;;9948.0;0.0
av_CORN_d6;36500;INTARIAN_PEPPER_ROOT;10341;10;10337;22;;;10347;14;10351;21;;;10344.0;0.0
av_CORN_d6;36600;ASH_COATED_OSMIUM;9940;14;9937;21;;;9955;11;9959;18;;;9947.5;0.0
av_CORN_d6;36600;INTARIAN_PEPPER_ROOT;10340;20;10337;21;;;10346;19;10348;11;;;10343.0;0.0
av_CORN_d6;36700;ASH_COATED_OSMIUM;9945;5;9941;17;;;9951;15;9953;15;;;9948.0;0.0
av_CORN_d6;36700;INTARIAN_PEPPER_ROOT;10338;16;10334;19;;;10344;19;10347;22;;;10341.0;0.0
av_CORN_d6;36800;ASH_COATED_OSMIUM;9945;15;9942;21;;;9951;21;9953;20;;;9948.0;0.0
av_CORN_d6;36800;INTARIAN_PEPPER_ROOT;10337;16;10334;21;;;10343;18;10347;8;;;10340.0;0.0
av_CORN_d6;36900;ASH_COATED_OSMIUM;9945;11;9942;19;;;9951;18;9954;18;;;9948.0;0.0
av_CORN_d6;36900;INTARIAN_PEPPER_ROOT;10335;14;10332;18;;;10341;26;10344;20;;;10338.0;0.0
av_CORN_d6;37000;ASH_COATED_OSMIUM;9945;11;9942;14;;;9951;21;9954;28;;;9948.0;0.0
av_CORN_d6;37000;INTARIAN_PEPPER_ROOT;10333;19;10329;20;;;10339;24;10342;23;;;10336.0;0.0
av_CORN_d6;37100;ASH_COATED_OSMIUM;9945;20;9942;20;;;9951;20;9953;17;;;9948.0;0.0
av_CORN_d6;37100;INTARIAN_PEPPER_ROOT;10331;13;10329;19;;;10337;19;10339;25;;;10334.0;0.0
av_CORN_d6;37200;ASH_COATED_OSMIUM;9944;17;9942;27;;;9952;14;9954;23;;;9948.0;0.0
av_CORN_d6;37200;INTARIAN_PEPPER_ROOT;10330;18;10327;27;;;10336;23;10340;14;;;10333.0;0.0
av_CORN_d6;37300;ASH_COATED_OSMIUM;9946;5;9943;17;;;9952;12;9956;16;;;9949.0;0.0
av_CORN_d6;37300;INTARIAN_PEPPER_ROOT;10327;16;10325;17;;;10335;14;10338;17;;;10331.0;0.0
av_CORN_d6;37400;ASH_COATED_OSMIUM;9943;13;9939;33;;;9953;17;9956;24;;;9948.0;0.0
av_CORN_d6;37400;INTARIAN_PEPPER_ROOT;10313;14;10309;20;;;10345;15;10348;21;;;10329.0;0.0
av_CORN_d6;37500;ASH_COATED_OSMIUM;9941;12;9938;20;;;9957;14;9959;16;;;9949.0;0.0
av_CORN_d6;37500;INTARIAN_PEPPER_ROOT;10315;15;10312;12;;;10340;18;10344;16;;;10327.5;0.0
av_CORN_d6;37600;ASH_COATED_OSMIUM;9945;12;9941;17;;;9951;12;9954;17;;;9948.0;0.0
av_CORN_d6;37600;INTARIAN_PEPPER_ROOT;10323;19;10321;18;;;10329;21;10331;28;;;10326.0;0.0
av_CORN_d6;37700;ASH_COATED_OSMIUM;9946;17;9944;20;;;9952;5;9956;22;;;9949.0;0.0
av_CORN_d6;37700;INTARIAN_PEPPER_ROOT;10320;21;10317;19;;;10326;9;10328;23;;;10323.0;0.0
av_CORN_d6;37800;ASH_COATED_OSMIUM;9928;11;9925;11;;;9968;14;9971;23;;;9948.0;0.0
av_CORN_d6;37800;INTARIAN_PEPPER_ROOT;10318;5;10314;18;;;10326;18;10328;23;;;10322.0;0.0
av_CORN_d6;37900;ASH_COATED_OSMIUM;9946;22;9943;21;;;9952;11;9956;19;;;9949.0;0.0
av_CORN_d6;37900;INTARIAN_PEPPER_ROOT;10316;15;10312;17;;;10324;14;10326;20;;;10320.0;0.0
av_CORN_d6;38000;ASH_COATED_OSMIUM;9945;12;9941;16;;;9951;14;9954;22;;;9948.0;0.0
av_CORN_d6;38000;INTARIAN_PEPPER_ROOT;10315;13;10311;16;;;10321;15;10324;11;;;10318.0;0.0
av_CORN_d6;38100;ASH_COATED_OSMIUM;9946;10;9943;26;;;9952;13;9956;26;;;9949.0;0.0
av_CORN_d6;38100;INTARIAN_PEPPER_ROOT;10308;26;10305;8;;;10324;17;10326;23;;;10316.0;0.0
av_CORN_d6;38200;ASH_COATED_OSMIUM;9942;23;9940;25;;;9956;7;9958;23;;;9949.0;0.0
av_CORN_d6;38200;INTARIAN_PEPPER_ROOT;10312;14;10309;19;;;10318;16;10321;20;;;10315.0;0.0
av_CORN_d6;38300;ASH_COATED_OSMIUM;9945;15;9943;32;;;9952;7;9954;34;;;9948.5;0.0
av_CORN_d6;38300;INTARIAN_PEPPER_ROOT;10310;16;10308;24;;;10316;23;10319;27;;;10313.0;0.0
av_CORN_d6;38400;ASH_COATED_OSMIUM;9944;17;9941;17;;;9954;15;9956;14;;;9949.0;0.0
av_CORN_d6;38400;INTARIAN_PEPPER_ROOT;10309;5;10307;16;;;10315;10;10318;23;;;10312.0;0.0
av_CORN_d6;38500;ASH_COATED_OSMIUM;9928;16;9926;19;;;9970;18;9974;25;;;9949.0;0.0
av_CORN_d6;38500;INTARIAN_PEPPER_ROOT;10307;8;10303;29;;;10313;16;10316;17;;;10310.0;0.0
av_CORN_d6;38600;ASH_COATED_OSMIUM;9942;19;9939;14;;;9955;25;9958;11;;;9948.5;0.0
av_CORN_d6;38600;INTARIAN_PEPPER_ROOT;10305;22;10301;23;;;10311;14;10314;19;;;10308.0;0.0
av_CORN_d6;38700;ASH_COATED_OSMIUM;9943;19;9941;22;;;9955;18;9957;13;;;9949.0;0.0
av_CORN_d6;38700;INTARIAN_PEPPER_ROOT;10298;9;10295;16;;;10314;6;10317;14;;;10306.0;0.0
av_CORN_d6;38800;ASH_COATED_OSMIUM;9946;17;9943;13;;;9952;13;9955;22;;;9949.0;0.0
av_CORN_d6;38800;INTARIAN_PEPPER_ROOT;10301;9;10298;23;;;10307;8;10311;28;;;10304.0;0.0
av_CORN_d6;38900;ASH_COATED_OSMIUM;9946;14;9942;18;;;9952;10;9954;14;;;9949.0;0.0
av_CORN_d6;38900;INTARIAN_PEPPER_ROOT;10286;18;10283;25;;;10320;16;10322;15;;;10303.0;0.0
av_CORN_d6;39000;ASH_COATED_OSMIUM;9943;15;9940;14;;;9955;19;9958;22;;;9949.0;0.0
av_CORN_d6;39000;INTARIAN_PEPPER_ROOT;10298;14;10296;20;;;10305;18;10308;12;;;10301.5;0.0
av_CORN_d6;39100;ASH_COATED_OSMIUM;9947;10;9943;24;;;9953;14;9956;19;;;9950.0;0.0
av_CORN_d6;39100;INTARIAN_PEPPER_ROOT;10296;10;10292;16;;;10303;16;10306;24;;;10299.5;0.0
av_CORN_d6;39200;ASH_COATED_OSMIUM;9931;16;9927;15;;;9965;27;9968;21;;;9948.0;0.0
av_CORN_d6;39200;INTARIAN_PEPPER_ROOT;10295;5;10293;21;;;10301;14;10305;21;;;10298.0;0.0
av_CORN_d6;39300;ASH_COATED_OSMIUM;9946;9;9942;17;;;9952;10;9956;25;;;9949.0;0.0
av_CORN_d6;39300;INTARIAN_PEPPER_ROOT;10292;11;10288;19;;;10298;29;10300;21;;;10295.0;0.0
av_CORN_d6;39400;ASH_COATED_OSMIUM;9946;13;9944;21;;;9952;16;9954;15;;;9949.0;0.0
av_CORN_d6;39400;INTARIAN_PEPPER_ROOT;10289;21;10287;19;;;10298;17;10302;27;;;10293.5;0.0
av_CORN_d6;39500;ASH_COATED_OSMIUM;9944;16;9940;13;;;9954;16;9956;22;;;9949.0;0.0
av_CORN_d6;39500;INTARIAN_PEPPER_ROOT;10290;10;10287;27;;;10296;12;10300;22;;;10293.0;0.0
av_CORN_d6;39600;ASH_COATED_OSMIUM;9942;21;9940;21;;;9956;20;9958;29;;;9949.0;0.0
av_CORN_d6;39600;INTARIAN_PEPPER_ROOT;10288;8;10286;22;;;10294;23;10298;17;;;10291.0;0.0
av_CORN_d6;39700;ASH_COATED_OSMIUM;9946;9;9943;22;;;9952;11;9955;22;;;9949.0;0.0
av_CORN_d6;39700;INTARIAN_PEPPER_ROOT;10286;22;10284;14;;;10292;18;10295;8;;;10289.0;0.0
av_CORN_d6;39800;ASH_COATED_OSMIUM;9931;25;9929;23;;;9967;9;9969;30;;;9949.0;0.0
av_CORN_d6;39800;INTARIAN_PEPPER_ROOT;10284;11;10280;21;;;10290;28;10294;21;;;10287.0;0.0
av_CORN_d6;39900;ASH_COATED_OSMIUM;9945;12;9943;20;;;9953;21;9955;22;;;9949.0;0.0
av_CORN_d6;39900;INTARIAN_PEPPER_ROOT;10282;12;10278;25;;;10288;14;10292;18;;;10285.0;0.0
av_CORN_d6;40000;ASH_COATED_OSMIUM;9942;19;9939;25;;;9956;13;9960;19;;;9949.0;0.0
av_CORN_d6;40000;INTARIAN_PEPPER_ROOT;10281;15;10278;22;;;10287;16;10291;9;;;10284.0;0.0
av_CORN_d6;40100;ASH_COATED_OSMIUM;9946;11;9944;14;;;9952;27;9955;22;;;9949.0;0.0
av_CORN_d6;40100;INTARIAN_PEPPER_ROOT;10279;8;10275;8;;;10285;7;10287;17;;;10282.0;0.0
av_CORN_d6;40200;ASH_COATED_OSMIUM;9944;9;9940;17;;;9955;9;9958;23;;;9949.5;0.0
av_CORN_d6;40200;INTARIAN_PEPPER_ROOT;10277;12;10274;10;;;10283;5;10287;18;;;10280.0;0.0
av_CORN_d6;40300;ASH_COATED_OSMIUM;9946;15;9944;15;;;9952;12;9956;28;;;9949.0;0.0
av_CORN_d6;40300;INTARIAN_PEPPER_ROOT;10275;17;10271;18;;;10281;18;10283;14;;;10278.0;0.0
av_CORN_d6;40400;ASH_COATED_OSMIUM;9946;8;9943;17;;;9952;18;9954;16;;;9949.0;0.0
av_CORN_d6;40400;INTARIAN_PEPPER_ROOT;10273;13;10270;20;;;10279;12;10282;15;;;10276.0;0.0
av_CORN_d6;40500;ASH_COATED_OSMIUM;9943;15;9940;18;;;9956;20;9960;18;;;9949.5;0.0
av_CORN_d6;40500;INTARIAN_PEPPER_ROOT;10272;8;10269;31;;;10278;7;10280;19;;;10275.0;0.0
av_CORN_d6;40600;ASH_COATED_OSMIUM;9942;7;9939;25;;;9957;11;9961;23;;;9949.5;0.0
av_CORN_d6;40600;INTARIAN_PEPPER_ROOT;10271;20;10267;19;;;10277;15;10280;20;;;10274.0;0.0
av_CORN_d6;40700;ASH_COATED_OSMIUM;9947;17;9945;22;;;9953;17;9956;21;;;9950.0;0.0
av_CORN_d6;40700;INTARIAN_PEPPER_ROOT;10269;8;10265;13;;;10275;22;10277;22;;;10272.0;0.0
av_CORN_d6;40800;ASH_COATED_OSMIUM;9947;12;9944;9;;;9953;16;9955;25;;;9950.0;0.0
av_CORN_d6;40800;INTARIAN_PEPPER_ROOT;10266;15;10262;17;;;10272;13;10274;18;;;10269.0;0.0
av_CORN_d6;40900;ASH_COATED_OSMIUM;9946;7;9943;21;;;9952;15;9954;27;;;9949.0;0.0
av_CORN_d6;40900;INTARIAN_PEPPER_ROOT;10265;20;10263;22;;;10271;14;10274;13;;;10268.0;0.0
av_CORN_d6;41000;ASH_COATED_OSMIUM;9947;12;9944;28;;;9953;18;9955;18;;;9950.0;0.0
av_CORN_d6;41000;INTARIAN_PEPPER_ROOT;10262;13;10259;21;;;10269;14;10273;19;;;10265.5;0.0
av_CORN_d6;41100;ASH_COATED_OSMIUM;9947;16;9945;18;;;9953;15;9956;16;;;9950.0;0.0
av_CORN_d6;41100;INTARIAN_PEPPER_ROOT;10261;12;10257;21;;;10267;13;10271;19;;;10264.0;0.0
av_CORN_d6;41200;ASH_COATED_OSMIUM;9938;9;9934;19;;;9962;16;9965;21;;;9950.0;0.0
av_CORN_d6;41200;INTARIAN_PEPPER_ROOT;10260;16;10257;22;;;10266;12;10268;25;;;10263.0;0.0
av_CORN_d6;41300;ASH_COATED_OSMIUM;9947;19;9944;21;;;9953;14;9955;21;;;9950.0;0.0
av_CORN_d6;41300;INTARIAN_PEPPER_ROOT;10258;11;10256;26;;;10264;16;10266;16;;;10261.0;0.0
av_CORN_d6;41400;ASH_COATED_OSMIUM;9947;10;9943;16;;;9953;12;9955;25;;;9950.0;0.0
av_CORN_d6;41400;INTARIAN_PEPPER_ROOT;10256;23;10252;17;;;10262;21;10265;10;;;10259.0;0.0
av_CORN_d6;41500;ASH_COATED_OSMIUM;9947;5;9944;24;;;9953;11;9955;21;;;9950.0;0.0
av_CORN_d6;41500;INTARIAN_PEPPER_ROOT;10250;10;10246;18;;;10264;15;10266;17;;;10257.0;0.0
av_CORN_d6;41600;ASH_COATED_OSMIUM;9947;18;9945;18;;;9953;12;9956;22;;;9950.0;0.0
av_CORN_d6;41600;INTARIAN_PEPPER_ROOT;10248;23;10246;26;;;10264;11;10267;20;;;10256.0;0.0
av_CORN_d6;41700;ASH_COATED_OSMIUM;9947;15;9945;22;;;9954;17;9957;17;;;9950.5;0.0
av_CORN_d6;41700;INTARIAN_PEPPER_ROOT;10250;14;10248;28;;;10258;11;10260;27;;;10254.0;0.0
av_CORN_d6;41800;ASH_COATED_OSMIUM;9947;14;9945;19;;;9953;18;9957;24;;;9950.0;0.0
av_CORN_d6;41800;INTARIAN_PEPPER_ROOT;10248;9;10245;24;;;10257;16;10260;26;;;10252.5;0.0
av_CORN_d6;41900;ASH_COATED_OSMIUM;9941;16;9939;20;;;9959;17;9961;26;;;9950.0;0.0
av_CORN_d6;41900;INTARIAN_PEPPER_ROOT;10245;14;10243;22;;;10256;19;10258;21;;;10250.5;0.0
av_CORN_d6;42000;ASH_COATED_OSMIUM;9943;14;9939;8;;;9958;15;9962;19;;;9950.5;0.0
av_CORN_d6;42000;INTARIAN_PEPPER_ROOT;10246;23;10242;18;;;10252;10;10255;24;;;10249.0;0.0
av_CORN_d6;42100;ASH_COATED_OSMIUM;9947;8;9944;32;;;9953;6;9955;22;;;9950.0;0.0
av_CORN_d6;42100;INTARIAN_PEPPER_ROOT;10235;12;10232;16;;;10259;15;10263;24;;;10247.0;0.0
av_CORN_d6;42200;ASH_COATED_OSMIUM;9943;23;9939;19;;;9956;13;9959;22;;;9949.5;0.0
av_CORN_d6;42200;INTARIAN_PEPPER_ROOT;10242;19;10239;22;;;10248;17;10251;16;;;10245.0;0.0
av_CORN_d6;42300;ASH_COATED_OSMIUM;9947;19;9944;11;;;9953;19;9956;18;;;9950.0;0.0
av_CORN_d6;42300;INTARIAN_PEPPER_ROOT;10241;12;10237;12;;;10247;8;10249;13;;;10244.0;0.0
av_CORN_d6;42400;ASH_COATED_OSMIUM;9946;6;9944;17;;;9954;16;9958;14;;;9950.0;0.0
av_CORN_d6;42400;INTARIAN_PEPPER_ROOT;10235;16;10232;18;;;10248;9;10251;19;;;10241.5;0.0
av_CORN_d6;42500;ASH_COATED_OSMIUM;9947;13;9945;21;;;9953;16;9956;17;;;9950.0;0.0
av_CORN_d6;42500;INTARIAN_PEPPER_ROOT;10237;19;10233;14;;;10243;9;10247;12;;;10240.0;0.0
av_CORN_d6;42600;ASH_COATED_OSMIUM;9945;11;9943;20;;;9955;14;9957;17;;;9950.0;0.0
av_CORN_d6;42600;INTARIAN_PEPPER_ROOT;10232;10;10230;15;;;10243;13;10246;11;;;10237.5;0.0
av_CORN_d6;42700;ASH_COATED_OSMIUM;9939;10;9935;10;;;9963;11;9967;18;;;9951.0;0.0
av_CORN_d6;42700;INTARIAN_PEPPER_ROOT;10232;21;10230;25;;;10240;21;10244;9;;;10236.0;0.0
av_CORN_d6;42800;ASH_COATED_OSMIUM;9948;5;9945;24;;;9954;9;9956;9;;;9951.0;0.0
av_CORN_d6;42800;INTARIAN_PEPPER_ROOT;10226;16;10224;21;;;10243;16;10246;16;;;10234.5;0.0
av_CORN_d6;42900;ASH_COATED_OSMIUM;9947;23;9944;20;;;9953;24;9955;16;;;9950.0;0.0
av_CORN_d6;42900;INTARIAN_PEPPER_ROOT;10230;14;10228;21;;;10236;12;10239;20;;;10233.0;0.0
av_CORN_d6;43000;ASH_COATED_OSMIUM;9947;10;9945;28;;;9955;14;9959;17;;;9951.0;0.0
av_CORN_d6;43000;INTARIAN_PEPPER_ROOT;10228;17;10224;17;;;10234;21;10237;20;;;10231.0;0.0
av_CORN_d6;43100;ASH_COATED_OSMIUM;9948;18;9945;21;;;9954;10;9956;18;;;9951.0;0.0
av_CORN_d6;43100;INTARIAN_PEPPER_ROOT;10223;15;10219;30;;;10236;17;10240;27;;;10229.5;0.0
av_CORN_d6;43200;ASH_COATED_OSMIUM;9948;16;9945;12;;;9954;15;9958;20;;;9951.0;0.0
av_CORN_d6;43200;INTARIAN_PEPPER_ROOT;10224;17;10220;20;;;10230;14;10232;19;;;10227.0;0.0
av_CORN_d6;43300;ASH_COATED_OSMIUM;9948;5;9946;21;;;9954;13;9958;21;;;9951.0;0.0
av_CORN_d6;43300;INTARIAN_PEPPER_ROOT;10223;14;10220;22;;;10229;10;10232;24;;;10226.0;0.0
av_CORN_d6;43400;ASH_COATED_OSMIUM;9948;6;9946;17;;;9954;22;9957;16;;;9951.0;0.0
av_CORN_d6;43400;INTARIAN_PEPPER_ROOT;10221;14;10218;18;;;10227;9;10230;18;;;10224.0;0.0
av_CORN_d6;43500;ASH_COATED_OSMIUM;9948;20;9944;16;;;9954;14;9956;9;;;9951.0;0.0
av_CORN_d6;43500;INTARIAN_PEPPER_ROOT;10219;6;10216;21;;;10225;13;10229;20;;;10222.0;0.0
av_CORN_d6;43600;ASH_COATED_OSMIUM;9945;22;9943;18;;;9958;12;9962;20;;;9951.5;0.0
av_CORN_d6;43600;INTARIAN_PEPPER_ROOT;10217;14;10215;22;;;10223;13;10226;16;;;10220.0;0.0
av_CORN_d6;43700;ASH_COATED_OSMIUM;9948;20;9944;13;;;9954;13;9956;21;;;9951.0;0.0
av_CORN_d6;43700;INTARIAN_PEPPER_ROOT;10215;11;10212;21;;;10223;12;10226;20;;;10219.0;0.0
av_CORN_d6;43800;ASH_COATED_OSMIUM;9949;22;9945;17;;;9955;5;9959;24;;;9952.0;0.0
av_CORN_d6;43800;INTARIAN_PEPPER_ROOT;10212;9;10208;27;;;10221;10;10224;20;;;10216.5;0.0
av_CORN_d6;43900;ASH_COATED_OSMIUM;9947;15;9945;24;;;9955;9;9957;23;;;9951.0;0.0
av_CORN_d6;43900;INTARIAN_PEPPER_ROOT;10212;8;10209;10;;;10219;13;10223;22;;;10215.5;0.0
av_CORN_d6;44000;ASH_COATED_OSMIUM;9943;12;9941;18;;;9959;14;9963;16;;;9951.0;0.0
av_CORN_d6;44000;INTARIAN_PEPPER_ROOT;10206;14;10203;21;;;10222;9;10225;9;;;10214.0;0.0
av_CORN_d6;44100;ASH_COATED_OSMIUM;9948;20;9945;8;;;9954;13;9956;30;;;9951.0;0.0
av_CORN_d6;44100;INTARIAN_PEPPER_ROOT;10209;15;10205;22;;;10215;19;10219;21;;;10212.0;0.0
av_CORN_d6;44200;ASH_COATED_OSMIUM;9936;13;9934;18;;;9967;7;9971;16;;;9951.5;0.0
av_CORN_d6;44200;INTARIAN_PEPPER_ROOT;10207;13;10203;28;;;10213;14;10215;20;;;10210.0;0.0
av_CORN_d6;44300;ASH_COATED_OSMIUM;9948;15;9945;11;;;9954;9;9956;20;;;9951.0;0.0
av_CORN_d6;44300;INTARIAN_PEPPER_ROOT;10205;13;10201;19;;;10211;11;10215;20;;;10208.0;0.0
av_CORN_d6;44400;ASH_COATED_OSMIUM;9939;16;9936;8;;;9964;16;9967;15;;;9951.5;0.0
av_CORN_d6;44400;INTARIAN_PEPPER_ROOT;10182;8;10178;10;;;10232;11;10235;16;;;10207.0;0.0
av_CORN_d6;44500;ASH_COATED_OSMIUM;9949;14;9945;21;;;9955;8;9958;24;;;9952.0;0.0
av_CORN_d6;44500;INTARIAN_PEPPER_ROOT;10202;9;10198;17;;;10208;16;10211;18;;;10205.0;0.0
av_CORN_d6;44600;ASH_COATED_OSMIUM;9948;12;9946;15;;;9954;8;9957;19;;;9951.0;0.0
av_CORN_d6;44600;INTARIAN_PEPPER_ROOT;10200;12;10197;18;;;10206;19;10208;22;;;10203.0;0.0
av_CORN_d6;44700;ASH_COATED_OSMIUM;9948;8;9946;22;;;9954;10;9958;17;;;9951.0;0.0
av_CORN_d6;44700;INTARIAN_PEPPER_ROOT;10199;16;10196;25;;;10205;5;10208;17;;;10202.0;0.0
av_CORN_d6;44800;ASH_COATED_OSMIUM;9948;23;9946;17;;;9954;7;9958;27;;;9951.0;0.0
av_CORN_d6;44800;INTARIAN_PEPPER_ROOT;10192;11;10189;34;;;10207;10;10210;15;;;10199.5;0.0
av_CORN_d6;44900;ASH_COATED_OSMIUM;9948;18;9944;15;;;9954;19;9956;26;;;9951.0;0.0
av_CORN_d6;44900;INTARIAN_PEPPER_ROOT;10192;10;10190;19;;;10205;14;10209;20;;;10198.5;0.0
av_CORN_d6;45000;ASH_COATED_OSMIUM;9948;10;9946;19;;;9954;15;9957;19;;;9951.0;0.0
av_CORN_d6;45000;INTARIAN_PEPPER_ROOT;10192;14;10190;20;;;10200;16;10204;21;;;10196.0;0.0
av_CORN_d6;45100;ASH_COATED_OSMIUM;9949;17;9945;14;;;9955;16;9958;21;;;9952.0;0.0
av_CORN_d6;45100;INTARIAN_PEPPER_ROOT;10175;20;10173;19;;;10214;12;10218;26;;;10194.5;0.0
av_CORN_d6;45200;ASH_COATED_OSMIUM;9948;16;9946;17;;;9956;12;9960;23;;;9952.0;0.0
av_CORN_d6;45200;INTARIAN_PEPPER_ROOT;10188;18;10184;14;;;10200;16;10204;23;;;10194.0;0.0
av_CORN_d6;45300;ASH_COATED_OSMIUM;9949;14;9945;16;;;9955;12;9959;20;;;9952.0;0.0
av_CORN_d6;45300;INTARIAN_PEPPER_ROOT;10188;13;10185;13;;;10194;9;10198;11;;;10191.0;0.0
av_CORN_d6;45400;ASH_COATED_OSMIUM;9946;24;9943;17;;;9958;20;9961;15;;;9952.0;0.0
av_CORN_d6;45400;INTARIAN_PEPPER_ROOT;10181;13;10177;24;;;10197;10;10200;19;;;10189.0;0.0
av_CORN_d6;45500;ASH_COATED_OSMIUM;9946;16;9943;12;;;9957;7;9960;17;;;9951.5;0.0
av_CORN_d6;45500;INTARIAN_PEPPER_ROOT;10179;19;10175;25;;;10197;19;10199;14;;;10188.0;0.0
av_CORN_d6;45600;ASH_COATED_OSMIUM;9949;21;9946;22;;;9955;13;9957;28;;;9952.0;0.0
av_CORN_d6;45600;INTARIAN_PEPPER_ROOT;10182;5;10178;26;;;10188;18;10192;25;;;10185.0;0.0
av_CORN_d6;45700;ASH_COATED_OSMIUM;9948;17;9946;21;;;9954;16;9956;22;;;9951.0;0.0
av_CORN_d6;45700;INTARIAN_PEPPER_ROOT;10180;16;10178;32;;;10187;12;10191;18;;;10183.5;0.0
av_CORN_d6;45800;ASH_COATED_OSMIUM;9949;11;9945;15;;;9955;8;9957;13;;;9952.0;0.0
av_CORN_d6;45800;INTARIAN_PEPPER_ROOT;10179;17;10176;23;;;10185;9;10189;27;;;10182.0;0.0
av_CORN_d6;45900;ASH_COATED_OSMIUM;9948;10;9945;18;;;9954;20;9957;24;;;9951.0;0.0
av_CORN_d6;45900;INTARIAN_PEPPER_ROOT;10171;13;10169;16;;;10188;13;10191;21;;;10179.5;0.0
av_CORN_d6;46000;ASH_COATED_OSMIUM;9947;5;9943;17;;;9958;19;9962;15;;;9952.5;0.0
av_CORN_d6;46000;INTARIAN_PEPPER_ROOT;10175;19;10171;17;;;10181;14;10185;22;;;10178.0;0.0
av_CORN_d6;46100;ASH_COATED_OSMIUM;9949;18;9945;19;;;9955;16;9957;19;;;9952.0;0.0
av_CORN_d6;46100;INTARIAN_PEPPER_ROOT;10167;18;10163;18;;;10187;17;10190;17;;;10177.0;0.0
av_CORN_d6;46200;ASH_COATED_OSMIUM;9949;18;9946;14;;;9955;17;9959;19;;;9952.0;0.0
av_CORN_d6;46200;INTARIAN_PEPPER_ROOT;10172;12;10170;16;;;10178;18;10182;26;;;10175.0;0.0
av_CORN_d6;46300;ASH_COATED_OSMIUM;9949;12;9947;19;;;9955;14;9959;23;;;9952.0;0.0
av_CORN_d6;46300;INTARIAN_PEPPER_ROOT;10170;12;10167;23;;;10176;13;10180;26;;;10173.0;0.0
av_CORN_d6;46400;ASH_COATED_OSMIUM;9949;20;9947;18;;;9955;29;9959;18;;;9952.0;0.0
av_CORN_d6;46400;INTARIAN_PEPPER_ROOT;10168;20;10164;21;;;10174;8;10176;24;;;10171.0;0.0
av_CORN_d6;46500;ASH_COATED_OSMIUM;9942;13;9940;9;;;9961;17;9964;8;;;9951.5;0.0
av_CORN_d6;46500;INTARIAN_PEPPER_ROOT;10167;11;10164;20;;;10173;18;10177;21;;;10170.0;0.0
av_CORN_d6;46600;ASH_COATED_OSMIUM;9949;19;9945;10;;;9955;14;9958;27;;;9952.0;0.0
av_CORN_d6;46600;INTARIAN_PEPPER_ROOT;10165;9;10162;18;;;10171;15;10174;14;;;10168.0;0.0
av_CORN_d6;46700;ASH_COATED_OSMIUM;9949;23;9946;10;;;9955;19;9957;17;;;9952.0;0.0
av_CORN_d6;46700;INTARIAN_PEPPER_ROOT;10164;18;10161;26;;;10170;25;10172;26;;;10167.0;0.0
av_CORN_d6;46800;ASH_COATED_OSMIUM;9949;22;9945;27;;;9955;20;9957;21;;;9952.0;0.0
av_CORN_d6;46800;INTARIAN_PEPPER_ROOT;10162;8;10158;19;;;10168;10;10172;24;;;10165.0;0.0
av_CORN_d6;46900;ASH_COATED_OSMIUM;9949;18;9945;20;;;9955;12;9959;17;;;9952.0;0.0
av_CORN_d6;46900;INTARIAN_PEPPER_ROOT;10160;10;10158;25;;;10167;17;10171;23;;;10163.5;0.0
av_CORN_d6;47000;ASH_COATED_OSMIUM;9940;7;9937;26;;;9964;18;9966;18;;;9952.0;0.0
av_CORN_d6;47000;INTARIAN_PEPPER_ROOT;10157;10;10154;19;;;10166;11;10168;19;;;10161.5;0.0
av_CORN_d6;47100;ASH_COATED_OSMIUM;9950;17;9946;24;;;9956;19;9960;14;;;9953.0;0.0
av_CORN_d6;47100;INTARIAN_PEPPER_ROOT;10156;12;10152;22;;;10162;10;10164;20;;;10159.0;0.0
av_CORN_d6;47200;ASH_COATED_OSMIUM;9947;15;9945;26;;;9957;18;9960;20;;;9952.0;0.0
av_CORN_d6;47200;INTARIAN_PEPPER_ROOT;10155;14;10151;16;;;10161;15;10163;26;;;10158.0;0.0
av_CORN_d6;47300;ASH_COATED_OSMIUM;9949;12;9947;25;;;9955;6;9957;11;;;9952.0;0.0
av_CORN_d6;47300;INTARIAN_PEPPER_ROOT;10153;9;10149;23;;;10159;10;10163;24;;;10156.0;0.0
av_CORN_d6;47400;ASH_COATED_OSMIUM;9949;22;9945;19;;;9955;11;9958;26;;;9952.0;0.0
av_CORN_d6;47400;INTARIAN_PEPPER_ROOT;10152;17;10150;24;;;10158;23;10162;17;;;10155.0;0.0
av_CORN_d6;47500;ASH_COATED_OSMIUM;9949;16;9945;8;;;9955;7;9957;20;;;9952.0;0.0
av_CORN_d6;47500;INTARIAN_PEPPER_ROOT;10147;20;10144;24;;;10159;18;10163;13;;;10153.0;0.0
av_CORN_d6;47600;ASH_COATED_OSMIUM;9947;23;9945;24;;;9959;10;9961;22;;;9953.0;0.0
av_CORN_d6;47600;INTARIAN_PEPPER_ROOT;10148;18;10144;27;;;10154;18;10156;22;;;10151.0;0.0
av_CORN_d6;47700;ASH_COATED_OSMIUM;9949;11;9945;15;;;9955;9;9959;21;;;9952.0;0.0
av_CORN_d6;47700;INTARIAN_PEPPER_ROOT;10146;15;10143;18;;;10152;10;10156;24;;;10149.0;0.0
av_CORN_d6;47800;ASH_COATED_OSMIUM;9950;14;9946;16;;;9956;13;9958;18;;;9953.0;0.0
av_CORN_d6;47800;INTARIAN_PEPPER_ROOT;10144;5;10140;17;;;10150;8;10154;16;;;10147.0;0.0
av_CORN_d6;47900;ASH_COATED_OSMIUM;9944;11;9940;29;;;9962;13;9966;15;;;9953.0;0.0
av_CORN_d6;47900;INTARIAN_PEPPER_ROOT;10142;21;10138;24;;;10148;23;10151;20;;;10145.0;0.0
av_CORN_d6;48000;ASH_COATED_OSMIUM;9950;5;9947;24;;;9956;17;9959;16;;;9953.0;0.0
av_CORN_d6;48000;INTARIAN_PEPPER_ROOT;10141;19;10138;16;;;10147;17;10151;12;;;10144.0;0.0
av_CORN_d6;48100;ASH_COATED_OSMIUM;9950;11;9948;14;;;9957;14;9960;20;;;9953.5;0.0
av_CORN_d6;48100;INTARIAN_PEPPER_ROOT;10136;23;10133;26;;;10148;8;10150;18;;;10142.0;0.0
av_CORN_d6;48200;ASH_COATED_OSMIUM;9941;12;9939;11;;;9964;14;9968;26;;;9952.5;0.0
av_CORN_d6;48200;INTARIAN_PEPPER_ROOT;10137;14;10135;13;;;10143;15;10145;31;;;10140.0;0.0
av_CORN_d6;48300;ASH_COATED_OSMIUM;9945;20;9943;18;;;9960;8;9964;18;;;9952.5;0.0
av_CORN_d6;48300;INTARIAN_PEPPER_ROOT;10135;21;10133;25;;;10142;8;10145;18;;;10138.5;0.0
av_CORN_d6;48400;ASH_COATED_OSMIUM;9950;12;9947;19;;;9956;27;9959;15;;;9953.0;0.0
av_CORN_d6;48400;INTARIAN_PEPPER_ROOT;10134;17;10130;17;;;10140;19;10143;14;;;10137.0;0.0
av_CORN_d6;48500;ASH_COATED_OSMIUM;9950;14;9948;26;;;9956;9;9958;30;;;9953.0;0.0
av_CORN_d6;48500;INTARIAN_PEPPER_ROOT;10132;13;10130;13;;;10138;11;10142;20;;;10135.0;0.0
av_CORN_d6;48600;ASH_COATED_OSMIUM;9929;5;9926;20;;;9977;21;9979;21;;;9953.0;0.0
av_CORN_d6;48600;INTARIAN_PEPPER_ROOT;10127;17;10123;22;;;10139;14;10141;16;;;10133.0;0.0
av_CORN_d6;48700;ASH_COATED_OSMIUM;9946;17;9944;24;;;9959;9;9961;18;;;9952.5;0.0
av_CORN_d6;48700;INTARIAN_PEPPER_ROOT;10126;26;10124;8;;;10136;9;10140;12;;;10131.0;0.0
av_CORN_d6;48800;ASH_COATED_OSMIUM;9950;12;9947;19;;;9956;12;9959;20;;;9953.0;0.0
av_CORN_d6;48800;INTARIAN_PEPPER_ROOT;10127;18;10124;15;;;10133;17;10137;23;;;10130.0;0.0
av_CORN_d6;48900;ASH_COATED_OSMIUM;9950;16;9948;23;;;9956;19;9959;25;;;9953.0;0.0
av_CORN_d6;48900;INTARIAN_PEPPER_ROOT;10125;17;10123;22;;;10131;9;10135;23;;;10128.0;0.0
av_CORN_d6;49000;ASH_COATED_OSMIUM;9948;15;9946;20;;;9957;16;9960;22;;;9952.5;0.0
av_CORN_d6;49000;INTARIAN_PEPPER_ROOT;10117;13;10113;15;;;10135;14;10139;17;;;10126.0;0.0
av_CORN_d6;49100;ASH_COATED_OSMIUM;9951;17;9947;19;;;9957;19;9959;17;;;9954.0;0.0
av_CORN_d6;49100;INTARIAN_PEPPER_ROOT;10122;6;10120;24;;;10128;19;10130;31;;;10125.0;0.0
av_CORN_d6;49200;ASH_COATED_OSMIUM;9946;12;9943;14;;;9961;15;9964;14;;;9953.5;0.0
av_CORN_d6;49200;INTARIAN_PEPPER_ROOT;10120;7;10117;20;;;10126;10;10129;14;;;10123.0;0.0
av_CORN_d6;49300;ASH_COATED_OSMIUM;9949;12;9946;14;;;9957;19;9959;16;;;9953.0;0.0
av_CORN_d6;49300;INTARIAN_PEPPER_ROOT;10118;23;10116;21;;;10124;15;10127;22;;;10121.0;0.0
av_CORN_d6;49400;ASH_COATED_OSMIUM;9951;13;9949;22;;;9957;5;9960;26;;;9954.0;0.0
av_CORN_d6;49400;INTARIAN_PEPPER_ROOT;10115;26;10113;23;;;10122;7;10126;16;;;10118.5;0.0
av_CORN_d6;49500;ASH_COATED_OSMIUM;9946;14;9942;24;;;9960;21;9964;32;;;9953.0;0.0
av_CORN_d6;49500;INTARIAN_PEPPER_ROOT;10114;15;10110;20;;;10120;12;10124;14;;;10117.0;0.0
av_CORN_d6;49600;ASH_COATED_OSMIUM;9949;12;9947;23;;;9958;20;9960;28;;;9953.5;0.0
av_CORN_d6;49600;INTARIAN_PEPPER_ROOT;10113;15;10110;17;;;10119;8;10123;13;;;10116.0;0.0
av_CORN_d6;49700;ASH_COATED_OSMIUM;9949;22;9947;27;;;9957;8;9960;13;;;9953.0;0.0
av_CORN_d6;49700;INTARIAN_PEPPER_ROOT;10111;5;10109;17;;;10117;24;10121;18;;;10114.0;0.0
av_CORN_d6;49800;ASH_COATED_OSMIUM;9950;19;9948;23;;;9956;13;9960;17;;;9953.0;0.0
av_CORN_d6;49800;INTARIAN_PEPPER_ROOT;10108;14;10106;16;;;10117;8;10120;17;;;10112.5;0.0
av_CORN_d6;49900;ASH_COATED_OSMIUM;9950;13;9947;22;;;9956;16;9960;21;;;9953.0;0.0
av_CORN_d6;49900;INTARIAN_PEPPER_ROOT;10107;19;10105;27;;;10113;6;10117;16;;;10110.0;0.0
av_CORN_d6;50000;ASH_COATED_OSMIUM;9951;21;9949;10;;;9957;15;9959;32;;;9954.0;0.0
av_CORN_d6;50000;INTARIAN_PEPPER_ROOT;10099;16;10095;14;;;10117;21;10119;16;;;10108.0;0.0
av_CORN_d6;50100;ASH_COATED_OSMIUM;9947;11;9945;22;;;9960;8;9964;23;;;9953.5;0.0
av_CORN_d6;50100;INTARIAN_PEPPER_ROOT;10104;10;10101;26;;;10110;13;10113;20;;;10107.0;0.0
av_CORN_d6;50200;ASH_COATED_OSMIUM;9948;22;9945;19;;;9959;9;9962;19;;;9953.5;0.0
av_CORN_d6;50200;INTARIAN_PEPPER_ROOT;10099;10;10096;23;;;10111;19;10114;13;;;10105.0;0.0
av_CORN_d6;50300;ASH_COATED_OSMIUM;9951;16;9949;24;;;9957;27;9961;25;;;9954.0;0.0
av_CORN_d6;50300;INTARIAN_PEPPER_ROOT;10101;26;10097;15;;;10107;9;10110;17;;;10104.0;0.0
av_CORN_d6;50400;ASH_COATED_OSMIUM;9949;21;9945;25;;;9959;18;9961;20;;;9954.0;0.0
av_CORN_d6;50400;INTARIAN_PEPPER_ROOT;10098;8;10096;22;;;10107;15;10109;23;;;10102.5;0.0
av_CORN_d6;50500;ASH_COATED_OSMIUM;9950;7;9948;18;;;9959;14;9962;20;;;9954.5;0.0
av_CORN_d6;50500;INTARIAN_PEPPER_ROOT;10097;13;10094;19;;;10103;10;10107;16;;;10100.0;0.0
av_CORN_d6;50600;ASH_COATED_OSMIUM;9951;9;9947;22;;;9957;23;9961;15;;;9954.0;0.0
av_CORN_d6;50600;INTARIAN_PEPPER_ROOT;10094;13;10092;15;;;10103;14;10107;9;;;10098.5;0.0
av_CORN_d6;50700;ASH_COATED_OSMIUM;9951;12;9949;8;;;9957;23;9960;11;;;9954.0;0.0
av_CORN_d6;50700;INTARIAN_PEPPER_ROOT;10087;19;10083;21;;;10106;18;10109;21;;;10096.5;0.0
av_CORN_d6;50800;ASH_COATED_OSMIUM;9951;17;9947;10;;;9957;18;9961;21;;;9954.0;0.0
av_CORN_d6;50800;INTARIAN_PEPPER_ROOT;10090;14;10086;15;;;10100;14;10102;20;;;10095.0;0.0
av_CORN_d6;50900;ASH_COATED_OSMIUM;9941;18;9938;25;;;9968;16;9972;18;;;9954.5;0.0
av_CORN_d6;50900;INTARIAN_PEPPER_ROOT;10086;12;10084;16;;;10104;15;10108;20;;;10095.0;0.0
av_CORN_d6;51000;ASH_COATED_OSMIUM;9950;15;9948;14;;;9956;9;9959;18;;;9953.0;0.0
av_CORN_d6;51000;INTARIAN_PEPPER_ROOT;10092;10;10088;20;;;10098;12;10101;22;;;10095.0;0.0
av_CORN_d6;51100;ASH_COATED_OSMIUM;9951;14;9948;20;;;9957;18;9959;20;;;9954.0;0.0
av_CORN_d6;51100;INTARIAN_PEPPER_ROOT;10090;9;10087;9;;;10102;24;10105;25;;;10096.0;0.0
av_CORN_d6;51200;ASH_COATED_OSMIUM;9951;19;9949;23;;;9957;13;9961;17;;;9954.0;0.0
av_CORN_d6;51200;INTARIAN_PEPPER_ROOT;10093;10;10091;23;;;10099;13;10103;18;;;10096.0;0.0
av_CORN_d6;51300;ASH_COATED_OSMIUM;9951;10;9948;17;;;9957;18;9960;24;;;9954.0;0.0
av_CORN_d6;51300;INTARIAN_PEPPER_ROOT;10093;20;10090;13;;;10101;17;10104;22;;;10097.0;0.0
av_CORN_d6;51400;ASH_COATED_OSMIUM;9947;7;9944;31;;;9960;6;9962;31;;;9953.5;0.0
av_CORN_d6;51400;INTARIAN_PEPPER_ROOT;10083;17;10081;24;;;10115;18;10119;10;;;10099.0;0.0
av_CORN_d6;51500;ASH_COATED_OSMIUM;9951;16;9948;24;;;9957;23;9961;11;;;9954.0;0.0
av_CORN_d6;51500;INTARIAN_PEPPER_ROOT;10096;17;10094;24;;;10102;22;10104;16;;;10099.0;0.0
av_CORN_d6;51600;ASH_COATED_OSMIUM;9950;10;9947;24;;;9958;15;9961;18;;;9954.0;0.0
av_CORN_d6;51600;INTARIAN_PEPPER_ROOT;10097;18;10094;26;;;10103;10;10106;24;;;10100.0;0.0
av_CORN_d6;51700;ASH_COATED_OSMIUM;9949;6;9946;23;;;9959;7;9963;17;;;9954.0;0.0
av_CORN_d6;51700;INTARIAN_PEPPER_ROOT;10094;20;10091;22;;;10107;13;10110;29;;;10100.5;0.0
av_CORN_d6;51800;ASH_COATED_OSMIUM;9951;17;9947;22;;;9957;10;9959;19;;;9954.0;0.0
av_CORN_d6;51800;INTARIAN_PEPPER_ROOT;10097;13;10094;34;;;10105;11;10108;27;;;10101.0;0.0
av_CORN_d6;51900;ASH_COATED_OSMIUM;9948;15;9946;28;;;9958;10;9962;20;;;9953.0;0.0
av_CORN_d6;51900;INTARIAN_PEPPER_ROOT;10099;12;10096;14;;;10105;16;10108;18;;;10102.0;0.0
av_CORN_d6;52000;ASH_COATED_OSMIUM;9947;12;9943;18;;;9960;25;9964;24;;;9953.5;0.0
av_CORN_d6;52000;INTARIAN_PEPPER_ROOT;10098;17;10094;15;;;10109;11;10113;19;;;10103.5;0.0
av_CORN_d6;52100;ASH_COATED_OSMIUM;9950;12;9947;13;;;9957;20;9959;16;;;9953.5;0.0
av_CORN_d6;52100;INTARIAN_PEPPER_ROOT;10101;19;10097;24;;;10107;9;10110;22;;;10104.0;0.0
av_CORN_d6;52200;ASH_COATED_OSMIUM;9949;21;9947;24;;;9959;5;9962;21;;;9954.0;0.0
av_CORN_d6;52200;INTARIAN_PEPPER_ROOT;10102;14;10098;20;;;10108;10;10110;19;;;10105.0;0.0
av_CORN_d6;52300;ASH_COATED_OSMIUM;9950;19;9948;13;;;9956;18;9959;22;;;9953.0;0.0
av_CORN_d6;52300;INTARIAN_PEPPER_ROOT;10102;14;10099;18;;;10108;7;10110;18;;;10105.0;0.0
av_CORN_d6;52400;ASH_COATED_OSMIUM;9951;13;9947;11;;;9957;11;9961;21;;;9954.0;0.0
av_CORN_d6;52400;INTARIAN_PEPPER_ROOT;10103;11;10099;14;;;10109;17;10112;17;;;10106.0;0.0
av_CORN_d6;52500;ASH_COATED_OSMIUM;9949;18;9945;15;;;9959;24;9962;20;;;9954.0;0.0
av_CORN_d6;52500;INTARIAN_PEPPER_ROOT;10090;14;10087;13;;;10124;17;10127;21;;;10107.0;0.0
av_CORN_d6;52600;ASH_COATED_OSMIUM;9943;11;9941;22;;;9964;16;9968;22;;;9953.5;0.0
av_CORN_d6;52600;INTARIAN_PEPPER_ROOT;10105;16;10102;22;;;10111;15;10114;23;;;10108.0;0.0
av_CORN_d6;52700;ASH_COATED_OSMIUM;9948;5;9946;13;;;9958;20;9960;15;;;9953.0;0.0
av_CORN_d6;52700;INTARIAN_PEPPER_ROOT;10105;13;10102;16;;;10111;16;10114;27;;;10108.0;0.0
av_CORN_d6;52800;ASH_COATED_OSMIUM;9949;17;9946;15;;;9958;10;9961;22;;;9953.5;0.0
av_CORN_d6;52800;INTARIAN_PEPPER_ROOT;10099;10;10096;14;;;10120;14;10122;10;;;10109.5;0.0
av_CORN_d6;52900;ASH_COATED_OSMIUM;9945;15;9941;24;;;9962;14;9965;19;;;9953.5;0.0
av_CORN_d6;52900;INTARIAN_PEPPER_ROOT;10107;19;10104;21;;;10113;21;10116;25;;;10110.0;0.0
av_CORN_d6;53000;ASH_COATED_OSMIUM;9949;10;9947;26;;;9958;17;9962;15;;;9953.5;0.0
av_CORN_d6;53000;INTARIAN_PEPPER_ROOT;10107;13;10103;17;;;10116;11;10119;13;;;10111.5;0.0
av_CORN_d6;53100;ASH_COATED_OSMIUM;9950;20;9948;20;;;9956;20;9959;24;;;9953.0;0.0
av_CORN_d6;53100;INTARIAN_PEPPER_ROOT;10108;13;10104;20;;;10114;15;10117;16;;;10111.0;0.0
av_CORN_d6;53200;ASH_COATED_OSMIUM;9951;13;9948;27;;;9957;7;9961;21;;;9954.0;0.0
av_CORN_d6;53200;INTARIAN_PEPPER_ROOT;10109;20;10107;32;;;10116;10;10120;29;;;10112.5;0.0
av_CORN_d6;53300;ASH_COATED_OSMIUM;9950;15;9947;14;;;9956;17;9959;26;;;9953.0;0.0
av_CORN_d6;53300;INTARIAN_PEPPER_ROOT;10110;12;10108;17;;;10116;21;10118;8;;;10113.0;0.0
av_CORN_d6;53400;ASH_COATED_OSMIUM;9950;14;9947;15;;;9956;6;9959;23;;;9953.0;0.0
av_CORN_d6;53400;INTARIAN_PEPPER_ROOT;10111;15;10108;18;;;10117;15;10119;12;;;10114.0;0.0
av_CORN_d6;53500;ASH_COATED_OSMIUM;9950;23;9946;35;;;9956;14;9960;15;;;9953.0;0.0
av_CORN_d6;53500;INTARIAN_PEPPER_ROOT;10113;13;10110;14;;;10119;10;10122;19;;;10116.0;0.0
av_CORN_d6;53600;ASH_COATED_OSMIUM;9951;17;9949;18;;;9957;22;9961;12;;;9954.0;0.0
av_CORN_d6;53600;INTARIAN_PEPPER_ROOT;10112;18;10109;19;;;10118;20;10120;16;;;10115.0;0.0
av_CORN_d6;53700;ASH_COATED_OSMIUM;9944;16;9940;19;;;9963;19;9966;16;;;9953.5;0.0
av_CORN_d6;53700;INTARIAN_PEPPER_ROOT;10113;19;10109;18;;;10119;8;10122;21;;;10116.0;0.0
av_CORN_d6;53800;ASH_COATED_OSMIUM;9950;22;9948;21;;;9957;9;9959;22;;;9953.5;0.0
av_CORN_d6;53800;INTARIAN_PEPPER_ROOT;10114;23;10110;13;;;10120;17;10122;12;;;10117.0;0.0
av_CORN_d6;53900;ASH_COATED_OSMIUM;9951;12;9948;13;;;9957;6;9959;21;;;9954.0;0.0
av_CORN_d6;53900;INTARIAN_PEPPER_ROOT;10109;13;10107;18;;;10125;15;10127;24;;;10117.0;0.0
av_CORN_d6;54000;ASH_COATED_OSMIUM;9951;13;9948;18;;;9957;9;9959;11;;;9954.0;0.0
av_CORN_d6;54000;INTARIAN_PEPPER_ROOT;10113;5;10110;19;;;10124;18;10126;22;;;10118.5;0.0
av_CORN_d6;54100;ASH_COATED_OSMIUM;9942;13;9938;18;;;9965;21;9968;21;;;9953.5;0.0
av_CORN_d6;54100;INTARIAN_PEPPER_ROOT;10116;15;10113;16;;;10122;14;10124;13;;;10119.0;0.0
av_CORN_d6;54200;ASH_COATED_OSMIUM;9951;20;9949;20;;;9957;18;9960;20;;;9954.0;0.0
av_CORN_d6;54200;INTARIAN_PEPPER_ROOT;10118;20;10115;16;;;10124;9;10127;8;;;10121.0;0.0
av_CORN_d6;54300;ASH_COATED_OSMIUM;9947;11;9944;23;;;9959;17;9962;19;;;9953.0;0.0
av_CORN_d6;54300;INTARIAN_PEPPER_ROOT;10117;17;10115;25;;;10123;11;10127;17;;;10120.0;0.0
av_CORN_d6;54400;ASH_COATED_OSMIUM;9950;17;9948;27;;;9956;21;9960;16;;;9953.0;0.0
av_CORN_d6;54400;INTARIAN_PEPPER_ROOT;10118;18;10115;14;;;10124;11;10126;26;;;10121.0;0.0
av_CORN_d6;54500;ASH_COATED_OSMIUM;9950;19;9946;14;;;9956;19;9960;12;;;9953.0;0.0
av_CORN_d6;54500;INTARIAN_PEPPER_ROOT;10119;17;10116;10;;;10125;18;10127;17;;;10122.0;0.0
av_CORN_d6;54600;ASH_COATED_OSMIUM;9950;16;9946;16;;;9956;8;9958;21;;;9953.0;0.0
av_CORN_d6;54600;INTARIAN_PEPPER_ROOT;10120;13;10116;17;;;10126;24;10130;26;;;10123.0;0.0
av_CORN_d6;54700;ASH_COATED_OSMIUM;9949;16;9946;18;;;9956;8;9959;14;;;9952.5;0.0
av_CORN_d6;54700;INTARIAN_PEPPER_ROOT;10118;19;10116;17;;;10130;21;10133;27;;;10124.0;0.0
av_CORN_d6;54800;ASH_COATED_OSMIUM;9950;10;9947;21;;;9956;24;9958;19;;;9953.0;0.0
av_CORN_d6;54800;INTARIAN_PEPPER_ROOT;10122;11;10119;15;;;10128;22;10132;22;;;10125.0;0.0
av_CORN_d6;54900;ASH_COATED_OSMIUM;9951;16;9949;13;;;9957;17;9961;24;;;9954.0;0.0
av_CORN_d6;54900;INTARIAN_PEPPER_ROOT;10117;21;10113;13;;;10133;20;10137;21;;;10125.0;0.0
av_CORN_d6;55000;ASH_COATED_OSMIUM;9951;20;9949;21;;;9957;18;9960;22;;;9954.0;0.0
av_CORN_d6;55000;INTARIAN_PEPPER_ROOT;10123;16;10120;22;;;10129;13;10133;25;;;10126.0;0.0
av_CORN_d6;55100;ASH_COATED_OSMIUM;9951;17;9949;20;;;9957;18;9959;20;;;9954.0;0.0
av_CORN_d6;55100;INTARIAN_PEPPER_ROOT;10124;15;10121;14;;;10130;14;10134;12;;;10127.0;0.0
av_CORN_d6;55200;ASH_COATED_OSMIUM;9951;5;9948;18;;;9957;17;9961;14;;;9954.0;0.0
av_CORN_d6;55200;INTARIAN_PEPPER_ROOT;10125;21;10122;13;;;10131;12;10134;22;;;10128.0;0.0
av_CORN_d6;55300;ASH_COATED_OSMIUM;9951;22;9947;26;;;9958;17;9961;18;;;9954.5;0.0
av_CORN_d6;55300;INTARIAN_PEPPER_ROOT;10119;10;10115;14;;;10137;13;10140;20;;;10128.0;0.0
av_CORN_d6;55400;ASH_COATED_OSMIUM;9949;8;9946;21;;;9957;19;9961;18;;;9953.0;0.0
av_CORN_d6;55400;INTARIAN_PEPPER_ROOT;10120;17;10118;17;;;10139;10;10142;16;;;10129.5;0.0
av_CORN_d6;55500;ASH_COATED_OSMIUM;9950;8;9946;22;;;9956;11;9959;13;;;9953.0;0.0
av_CORN_d6;55500;INTARIAN_PEPPER_ROOT;10115;13;10112;20;;;10145;22;10148;20;;;10130.0;0.0
av_CORN_d6;55600;ASH_COATED_OSMIUM;9943;12;9939;13;;;9963;27;9967;28;;;9953.0;0.0
av_CORN_d6;55600;INTARIAN_PEPPER_ROOT;10128;16;10125;23;;;10134;18;10138;29;;;10131.0;0.0
av_CORN_d6;55700;ASH_COATED_OSMIUM;9950;9;9948;27;;;9956;8;9960;22;;;9953.0;0.0
av_CORN_d6;55700;INTARIAN_PEPPER_ROOT;10123;15;10120;16;;;10140;13;10142;16;;;10131.5;0.0
av_CORN_d6;55800;ASH_COATED_OSMIUM;9951;15;9947;26;;;9957;19;9961;20;;;9954.0;0.0
av_CORN_d6;55800;INTARIAN_PEPPER_ROOT;10129;7;10126;19;;;10136;17;10139;13;;;10132.5;0.0
av_CORN_d6;55900;ASH_COATED_OSMIUM;9944;6;9940;22;;;9962;25;9965;18;;;9953.0;0.0
av_CORN_d6;55900;INTARIAN_PEPPER_ROOT;10128;14;10124;24;;;10138;16;10140;19;;;10133.0;0.0
av_CORN_d6;56000;ASH_COATED_OSMIUM;9950;21;9947;18;;;9956;13;9959;17;;;9953.0;0.0
av_CORN_d6;56000;INTARIAN_PEPPER_ROOT;10130;21;10127;24;;;10138;18;10140;29;;;10134.0;0.0
av_CORN_d6;56100;ASH_COATED_OSMIUM;9947;14;9943;18;;;9960;11;9964;17;;;9953.5;0.0
av_CORN_d6;56100;INTARIAN_PEPPER_ROOT;10132;8;10130;24;;;10138;13;10142;26;;;10135.0;0.0
av_CORN_d6;56200;ASH_COATED_OSMIUM;9950;19;9947;21;;;9956;5;9958;25;;;9953.0;0.0
av_CORN_d6;56200;INTARIAN_PEPPER_ROOT;10133;18;10130;29;;;10139;17;10142;23;;;10136.0;0.0
av_CORN_d6;56300;ASH_COATED_OSMIUM;9943;14;9939;15;;;9963;19;9965;21;;;9953.0;0.0
av_CORN_d6;56300;INTARIAN_PEPPER_ROOT;10134;12;10131;23;;;10140;14;10142;19;;;10137.0;0.0
av_CORN_d6;56400;ASH_COATED_OSMIUM;9950;11;9946;15;;;9956;14;9958;20;;;9953.0;0.0
av_CORN_d6;56400;INTARIAN_PEPPER_ROOT;10130;13;10126;15;;;10142;10;10145;20;;;10136.0;0.0
av_CORN_d6;56500;ASH_COATED_OSMIUM;9948;15;9944;23;;;9958;18;9962;27;;;9953.0;0.0
av_CORN_d6;56500;INTARIAN_PEPPER_ROOT;10134;13;10131;15;;;10141;17;10143;16;;;10137.5;0.0
av_CORN_d6;56600;ASH_COATED_OSMIUM;9950;10;9947;16;;;9956;13;9958;23;;;9953.0;0.0
av_CORN_d6;56600;INTARIAN_PEPPER_ROOT;10135;20;10131;14;;;10141;15;10145;23;;;10138.0;0.0
av_CORN_d6;56700;ASH_COATED_OSMIUM;9949;5;9947;21;;;9957;20;9960;19;;;9953.0;0.0
av_CORN_d6;56700;INTARIAN_PEPPER_ROOT;10136;17;10134;30;;;10143;12;10147;15;;;10139.5;0.0
av_CORN_d6;56800;ASH_COATED_OSMIUM;9950;5;9947;30;;;9956;9;9958;12;;;9953.0;0.0
av_CORN_d6;56800;INTARIAN_PEPPER_ROOT;10135;14;10132;23;;;10146;19;10150;14;;;10140.5;0.0
av_CORN_d6;56900;ASH_COATED_OSMIUM;9950;7;9946;20;;;9956;11;9959;17;;;9953.0;0.0
av_CORN_d6;56900;INTARIAN_PEPPER_ROOT;10138;15;10135;18;;;10144;13;10148;31;;;10141.0;0.0
av_CORN_d6;57000;ASH_COATED_OSMIUM;9951;23;9949;21;;;9957;5;9959;24;;;9954.0;0.0
av_CORN_d6;57000;INTARIAN_PEPPER_ROOT;10137;11;10135;20;;;10146;20;10150;17;;;10141.5;0.0
av_CORN_d6;57100;ASH_COATED_OSMIUM;9950;15;9947;26;;;9956;16;9959;21;;;9953.0;0.0
av_CORN_d6;57100;INTARIAN_PEPPER_ROOT;10140;19;10136;13;;;10146;10;10149;23;;;10143.0;0.0
av_CORN_d6;57200;ASH_COATED_OSMIUM;9947;10;9943;21;;;9959;12;9962;23;;;9953.0;0.0
av_CORN_d6;57200;INTARIAN_PEPPER_ROOT;10141;5;10138;26;;;10147;15;10151;22;;;10144.0;0.0
av_CORN_d6;57300;ASH_COATED_OSMIUM;9950;22;9948;19;;;9956;9;9959;18;;;9953.0;0.0
av_CORN_d6;57300;INTARIAN_PEPPER_ROOT;10141;12;10139;23;;;10147;20;10149;8;;;10144.0;0.0
av_CORN_d6;57400;ASH_COATED_OSMIUM;9950;20;9946;17;;;9956;16;9958;16;;;9953.0;0.0
av_CORN_d6;57400;INTARIAN_PEPPER_ROOT;10141;11;10137;19;;;10147;10;10150;14;;;10144.0;0.0
av_CORN_d6;57500;ASH_COATED_OSMIUM;9950;13;9947;24;;;9956;5;9959;14;;;9953.0;0.0
av_CORN_d6;57500;INTARIAN_PEPPER_ROOT;10129;13;10126;18;;;10163;13;10165;12;;;10146.0;0.0
av_CORN_d6;57600;ASH_COATED_OSMIUM;9950;17;9948;12;;;9956;17;9958;13;;;9953.0;0.0
av_CORN_d6;57600;INTARIAN_PEPPER_ROOT;10142;14;10140;20;;;10151;9;10153;24;;;10146.5;0.0
av_CORN_d6;57700;ASH_COATED_OSMIUM;9950;12;9947;19;;;9956;12;9958;14;;;9953.0;0.0
av_CORN_d6;57700;INTARIAN_PEPPER_ROOT;10144;6;10141;21;;;10150;15;10154;23;;;10147.0;0.0
av_CORN_d6;57800;ASH_COATED_OSMIUM;9950;14;9947;23;;;9956;15;9960;22;;;9953.0;0.0
av_CORN_d6;57800;INTARIAN_PEPPER_ROOT;10145;16;10141;17;;;10151;10;10155;16;;;10148.0;0.0
av_CORN_d6;57900;ASH_COATED_OSMIUM;9950;14;9946;24;;;9956;26;9960;25;;;9953.0;0.0
av_CORN_d6;57900;INTARIAN_PEPPER_ROOT;10143;11;10140;15;;;10155;14;10157;18;;;10149.0;0.0
av_CORN_d6;58000;ASH_COATED_OSMIUM;9950;19;9948;15;;;9956;15;9960;19;;;9953.0;0.0
av_CORN_d6;58000;INTARIAN_PEPPER_ROOT;10146;21;10143;19;;;10153;26;10155;19;;;10149.5;0.0
av_CORN_d6;58100;ASH_COATED_OSMIUM;9946;12;9942;14;;;9961;15;9965;14;;;9953.5;0.0
av_CORN_d6;58100;INTARIAN_PEPPER_ROOT;10147;17;10145;17;;;10153;25;10155;29;;;10150.0;0.0
av_CORN_d6;58200;ASH_COATED_OSMIUM;9948;14;9946;23;;;9957;7;9961;11;;;9952.5;0.0
av_CORN_d6;58200;INTARIAN_PEPPER_ROOT;10148;17;10146;25;;;10154;10;10157;24;;;10151.0;0.0
av_CORN_d6;58300;ASH_COATED_OSMIUM;9951;20;9947;31;;;9957;19;9961;24;;;9954.0;0.0
av_CORN_d6;58300;INTARIAN_PEPPER_ROOT;10149;15;10145;19;;;10155;19;10157;16;;;10152.0;0.0
