day;timestamp;product;bid_price_1;bid_volume_1;bid_price_2;bid_volume_2;bid_price_3;bid_volume_3;ask_price_1;ask_volume_1;ask_price_2;ask_volume_2;ask_price_3;ask_volume_3;mid_price;profit_and_loss
yf_ZW=F_d11;0;ASH_COATED_OSMIUM;9902;15;9900;15;;;9908;10;9911;25;;;9905.0;0.0
yf_ZW=F_d11;0;INTARIAN_PEPPER_ROOT;11488;15;11484;12;;;11511;10;11514;17;;;11499.5;0.0
yf_ZW=F_d11;100;ASH_COATED_OSMIUM;9896;6;9894;24;;;9917;6;9919;20;;;9906.5;0.0
yf_ZW=F_d11;100;INTARIAN_PEPPER_ROOT;11496;20;11493;22;;;11502;23;11504;22;;;11499.0;0.0
yf_ZW=F_d11;200;ASH_COATED_OSMIUM;9896;18;9892;23;;;9918;13;9922;24;;;9907.0;0.0
yf_ZW=F_d11;200;INTARIAN_PEPPER_ROOT;11497;15;11494;19;;;11503;13;11507;23;;;11500.0;0.0
yf_ZW=F_d11;300;ASH_COATED_OSMIUM;9903;11;9899;20;;;9909;13;9913;18;;;9906.0;0.0
yf_ZW=F_d11;300;INTARIAN_PEPPER_ROOT;11493;9;11490;18;;;11507;17;11511;27;;;11500.0;0.0
yf_ZW=F_d11;400;ASH_COATED_OSMIUM;9903;10;9900;28;;;9909;18;9912;19;;;9906.0;0.0
yf_ZW=F_d11;400;INTARIAN_PEPPER_ROOT;11497;9;11495;16;;;11503;15;11507;26;;;11500.0;0.0
yf_ZW=F_d11;500;ASH_COATED_OSMIUM;9901;12;9899;17;;;9910;24;9914;18;;;9905.5;0.0
yf_ZW=F_d11;500;INTARIAN_PEPPER_ROOT;11497;16;11494;24;;;11503;13;11505;17;;;11500.0;0.0
yf_ZW=F_d11;600;ASH_COATED_OSMIUM;9903;19;9901;19;;;9909;23;9911;27;;;9906.0;0.0
yf_ZW=F_d11;600;INTARIAN_PEPPER_ROOT;11494;12;11491;24;;;11505;15;11508;22;;;11499.5;0.0
yf_ZW=F_d11;700;ASH_COATED_OSMIUM;9903;6;9899;19;;;9909;15;9911;21;;;9906.0;0.0
yf_ZW=F_d11;700;INTARIAN_PEPPER_ROOT;11497;15;11495;29;;;11503;5;11507;17;;;11500.0;0.0
yf_ZW=F_d11;800;ASH_COATED_OSMIUM;9903;22;9900;14;;;9910;16;9914;17;;;9906.5;0.0
yf_ZW=F_d11;800;INTARIAN_PEPPER_ROOT;11495;17;11491;22;;;11506;17;11509;18;;;11500.5;0.0
yf_ZW=F_d11;900;ASH_COATED_OSMIUM;9895;16;9892;12;;;9918;11;9921;14;;;9906.5;0.0
yf_ZW=F_d11;900;INTARIAN_PEPPER_ROOT;11498;12;11496;18;;;11504;5;11506;18;;;11501.0;0.0
yf_ZW=F_d11;1000;ASH_COATED_OSMIUM;9903;17;9901;16;;;9909;10;9911;26;;;9906.0;0.0
yf_ZW=F_d11;1000;INTARIAN_PEPPER_ROOT;11498;20;11495;24;;;11504;11;11507;17;;;11501.0;0.0
yf_ZW=F_d11;1100;ASH_COATED_OSMIUM;9902;18;9900;8;;;9910;6;9913;25;;;9906.0;0.0
yf_ZW=F_d11;1100;INTARIAN_PEPPER_ROOT;11498;17;11495;16;;;11505;14;11507;18;;;11501.5;0.0
yf_ZW=F_d11;1200;ASH_COATED_OSMIUM;9903;9;9901;23;;;9909;7;9913;17;;;9906.0;0.0
yf_ZW=F_d11;1200;INTARIAN_PEPPER_ROOT;11499;17;11496;20;;;11505;10;11508;24;;;11502.0;0.0
yf_ZW=F_d11;1300;ASH_COATED_OSMIUM;9893;14;9890;29;;;9918;25;9921;22;;;9905.5;0.0
yf_ZW=F_d11;1300;INTARIAN_PEPPER_ROOT;11499;19;11496;19;;;11505;23;11507;24;;;11502.0;0.0
yf_ZW=F_d11;1400;ASH_COATED_OSMIUM;9902;12;9899;17;;;9910;14;9914;19;;;9906.0;0.0
yf_ZW=F_d11;1400;INTARIAN_PEPPER_ROOT;11500;21;11497;23;;;11506;8;11509;21;;;11503.0;0.0
yf_ZW=F_d11;1500;ASH_COATED_OSMIUM;9894;5;9891;19;;;9917;20;9919;18;;;9905.5;0.0
yf_ZW=F_d11;1500;INTARIAN_PEPPER_ROOT;11498;22;11494;10;;;11506;17;11508;14;;;11502.0;0.0
yf_ZW=F_d11;1600;ASH_COATED_OSMIUM;9903;18;9899;18;;;9909;15;9911;12;;;9906.0;0.0
yf_ZW=F_d11;1600;INTARIAN_PEPPER_ROOT;11495;18;11493;24;;;11510;14;11514;22;;;11502.5;0.0
yf_ZW=F_d11;1700;ASH_COATED_OSMIUM;9903;19;9900;28;;;9909;12;9911;16;;;9906.0;0.0
yf_ZW=F_d11;1700;INTARIAN_PEPPER_ROOT;11500;22;11496;14;;;11506;16;11508;18;;;11503.0;0.0
yf_ZW=F_d11;1800;ASH_COATED_OSMIUM;9903;15;9900;28;;;9909;20;9911;20;;;9906.0;0.0
yf_ZW=F_d11;1800;INTARIAN_PEPPER_ROOT;11492;16;11489;17;;;11513;18;11516;19;;;11502.5;0.0
yf_ZW=F_d11;1900;ASH_COATED_OSMIUM;9899;17;9897;25;;;9914;15;9916;19;;;9906.5;0.0
yf_ZW=F_d11;1900;INTARIAN_PEPPER_ROOT;11497;14;11494;22;;;11510;15;11514;22;;;11503.5;0.0
yf_ZW=F_d11;2000;ASH_COATED_OSMIUM;9903;12;9900;30;;;9909;17;9913;19;;;9906.0;0.0
yf_ZW=F_d11;2000;INTARIAN_PEPPER_ROOT;11500;19;11498;20;;;11506;14;11509;18;;;11503.0;0.0
yf_ZW=F_d11;2100;ASH_COATED_OSMIUM;9903;18;9899;27;;;9909;18;9913;18;;;9906.0;0.0
yf_ZW=F_d11;2100;INTARIAN_PEPPER_ROOT;11501;14;11499;12;;;11507;11;11511;25;;;11504.0;0.0
yf_ZW=F_d11;2200;ASH_COATED_OSMIUM;9903;11;9901;27;;;9909;27;9913;15;;;9906.0;0.0
yf_ZW=F_d11;2200;INTARIAN_PEPPER_ROOT;11501;20;11499;22;;;11507;19;11510;22;;;11504.0;0.0
yf_ZW=F_d11;2300;ASH_COATED_OSMIUM;9899;17;9897;22;;;9913;20;9916;26;;;9906.0;0.0
yf_ZW=F_d11;2300;INTARIAN_PEPPER_ROOT;11501;23;11498;11;;;11507;16;11509;19;;;11504.0;0.0
yf_ZW=F_d11;2400;ASH_COATED_OSMIUM;9900;18;9898;34;;;9913;13;9915;21;;;9906.5;0.0
yf_ZW=F_d11;2400;INTARIAN_PEPPER_ROOT;11502;17;11498;20;;;11508;5;11510;25;;;11505.0;0.0
yf_ZW=F_d11;2500;ASH_COATED_OSMIUM;9903;5;9899;21;;;9909;22;9911;20;;;9906.0;0.0
yf_ZW=F_d11;2500;INTARIAN_PEPPER_ROOT;11499;13;11495;16;;;11509;12;11513;25;;;11504.0;0.0
yf_ZW=F_d11;2600;ASH_COATED_OSMIUM;9898;10;9894;23;;;9916;22;9920;31;;;9907.0;0.0
yf_ZW=F_d11;2600;INTARIAN_PEPPER_ROOT;11501;11;11499;19;;;11507;15;11511;20;;;11504.0;0.0
yf_ZW=F_d11;2700;ASH_COATED_OSMIUM;9896;14;9892;15;;;9916;18;9920;23;;;9906.0;0.0
yf_ZW=F_d11;2700;INTARIAN_PEPPER_ROOT;11502;15;11500;23;;;11508;9;11511;22;;;11505.0;0.0
yf_ZW=F_d11;2800;ASH_COATED_OSMIUM;9904;21;9902;21;;;9910;15;9913;19;;;9907.0;0.0
yf_ZW=F_d11;2800;INTARIAN_PEPPER_ROOT;11502;13;11500;14;;;11508;13;11512;26;;;11505.0;0.0
yf_ZW=F_d11;2900;ASH_COATED_OSMIUM;9904;25;9902;29;;;9910;17;9914;23;;;9907.0;0.0
yf_ZW=F_d11;2900;INTARIAN_PEPPER_ROOT;11502;14;11499;24;;;11508;15;11511;22;;;11505.0;0.0
yf_ZW=F_d11;3000;ASH_COATED_OSMIUM;9902;20;9900;26;;;9910;17;9914;20;;;9906.0;0.0
yf_ZW=F_d11;3000;INTARIAN_PEPPER_ROOT;11503;18;11499;24;;;11509;22;11511;17;;;11506.0;0.0
yf_ZW=F_d11;3100;ASH_COATED_OSMIUM;9903;21;9900;12;;;9909;19;9911;18;;;9906.0;0.0
yf_ZW=F_d11;3100;INTARIAN_PEPPER_ROOT;11492;17;11489;20;;;11519;16;11521;23;;;11505.5;0.0
yf_ZW=F_d11;3200;ASH_COATED_OSMIUM;9901;15;9898;12;;;9911;6;9913;22;;;9906.0;0.0
yf_ZW=F_d11;3200;INTARIAN_PEPPER_ROOT;11502;18;11499;21;;;11510;8;11513;24;;;11506.0;0.0
yf_ZW=F_d11;3300;ASH_COATED_OSMIUM;9903;13;9900;17;;;9909;18;9913;23;;;9906.0;0.0
yf_ZW=F_d11;3300;INTARIAN_PEPPER_ROOT;11503;23;11501;23;;;11510;14;11514;8;;;11506.5;0.0
yf_ZW=F_d11;3400;ASH_COATED_OSMIUM;9903;16;9899;20;;;9909;14;9911;26;;;9906.0;0.0
yf_ZW=F_d11;3400;INTARIAN_PEPPER_ROOT;11502;13;11498;26;;;11512;14;11516;19;;;11507.0;0.0
yf_ZW=F_d11;3500;ASH_COATED_OSMIUM;9897;15;9893;18;;;9915;13;9919;16;;;9906.0;0.0
yf_ZW=F_d11;3500;INTARIAN_PEPPER_ROOT;11494;10;11491;27;;;11519;14;11521;15;;;11506.5;0.0
yf_ZW=F_d11;3600;ASH_COATED_OSMIUM;9903;15;9900;24;;;9909;15;9912;23;;;9906.0;0.0
yf_ZW=F_d11;3600;INTARIAN_PEPPER_ROOT;11498;10;11496;26;;;11516;11;11518;28;;;11507.0;0.0
yf_ZW=F_d11;3700;ASH_COATED_OSMIUM;9890;16;9886;21;;;9923;20;9925;14;;;9906.5;0.0
yf_ZW=F_d11;3700;INTARIAN_PEPPER_ROOT;11503;16;11500;24;;;11512;26;11514;21;;;11507.5;0.0
yf_ZW=F_d11;3800;ASH_COATED_OSMIUM;9902;21;9898;21;;;9908;10;9910;11;;;9905.0;0.0
yf_ZW=F_d11;3800;INTARIAN_PEPPER_ROOT;11503;17;11501;24;;;11512;16;11514;22;;;11507.5;0.0
yf_ZW=F_d11;3900;ASH_COATED_OSMIUM;9903;16;9901;12;;;9909;7;9911;14;;;9906.0;0.0
yf_ZW=F_d11;3900;INTARIAN_PEPPER_ROOT;11505;18;11502;20;;;11511;16;11515;16;;;11508.0;0.0
yf_ZW=F_d11;4000;ASH_COATED_OSMIUM;9903;12;9899;15;;;9909;10;9911;25;;;9906.0;0.0
yf_ZW=F_d11;4000;INTARIAN_PEPPER_ROOT;11505;11;11503;15;;;11511;13;11515;14;;;11508.0;0.0
yf_ZW=F_d11;4100;ASH_COATED_OSMIUM;9893;10;9889;21;;;9919;15;9921;18;;;9906.0;0.0
yf_ZW=F_d11;4100;INTARIAN_PEPPER_ROOT;11501;18;11498;16;;;11517;9;11521;20;;;11509.0;0.0
yf_ZW=F_d11;4200;ASH_COATED_OSMIUM;9903;19;9899;18;;;9909;18;9912;15;;;9906.0;0.0
yf_ZW=F_d11;4200;INTARIAN_PEPPER_ROOT;11506;14;11504;17;;;11512;7;11514;14;;;11509.0;0.0
yf_ZW=F_d11;4300;ASH_COATED_OSMIUM;9903;12;9900;13;;;9909;27;9913;12;;;9906.0;0.0
yf_ZW=F_d11;4300;INTARIAN_PEPPER_ROOT;11502;14;11500;21;;;11516;7;11520;19;;;11509.0;0.0
yf_ZW=F_d11;4400;ASH_COATED_OSMIUM;9902;8;9900;26;;;9908;23;9911;30;;;9905.0;0.0
yf_ZW=F_d11;4400;INTARIAN_PEPPER_ROOT;11505;11;11501;26;;;11512;19;11514;16;;;11508.5;0.0
yf_ZW=F_d11;4500;ASH_COATED_OSMIUM;9903;8;9901;11;;;9909;5;9912;31;;;9906.0;0.0
yf_ZW=F_d11;4500;INTARIAN_PEPPER_ROOT;11507;18;11504;21;;;11513;23;11516;12;;;11510.0;0.0
yf_ZW=F_d11;4600;ASH_COATED_OSMIUM;9901;14;9897;17;;;9911;12;9914;15;;;9906.0;0.0
yf_ZW=F_d11;4600;INTARIAN_PEPPER_ROOT;11504;14;11501;13;;;11516;18;11518;31;;;11510.0;0.0
yf_ZW=F_d11;4700;ASH_COATED_OSMIUM;9903;18;9900;35;;;9909;20;9911;15;;;9906.0;0.0
yf_ZW=F_d11;4700;INTARIAN_PEPPER_ROOT;11507;11;11504;22;;;11513;5;11515;19;;;11510.0;0.0
yf_ZW=F_d11;4800;ASH_COATED_OSMIUM;9903;23;9900;14;;;9909;7;9911;20;;;9906.0;0.0
yf_ZW=F_d11;4800;INTARIAN_PEPPER_ROOT;11504;14;11501;21;;;11515;12;11517;15;;;11509.5;0.0
yf_ZW=F_d11;4900;ASH_COATED_OSMIUM;9902;17;9900;18;;;9909;18;9912;26;;;9905.5;0.0
yf_ZW=F_d11;4900;INTARIAN_PEPPER_ROOT;11506;5;11504;27;;;11514;20;11518;16;;;11510.0;0.0
yf_ZW=F_d11;5000;ASH_COATED_OSMIUM;9903;20;9901;18;;;9909;16;9913;24;;;9906.0;0.0
yf_ZW=F_d11;5000;INTARIAN_PEPPER_ROOT;11503;11;11500;21;;;11518;12;11521;17;;;11510.5;0.0
yf_ZW=F_d11;5100;ASH_COATED_OSMIUM;9903;17;9901;19;;;9909;12;9911;26;;;9906.0;0.0
yf_ZW=F_d11;5100;INTARIAN_PEPPER_ROOT;11497;16;11495;23;;;11524;26;11527;21;;;11510.5;0.0
yf_ZW=F_d11;5200;ASH_COATED_OSMIUM;9903;16;9899;20;;;9909;13;9913;13;;;9906.0;0.0
yf_ZW=F_d11;5200;INTARIAN_PEPPER_ROOT;11508;13;11505;25;;;11514;8;11518;18;;;11511.0;0.0
yf_ZW=F_d11;5300;ASH_COATED_OSMIUM;9903;24;9900;22;;;9909;9;9912;23;;;9906.0;0.0
yf_ZW=F_d11;5300;INTARIAN_PEPPER_ROOT;11508;14;11506;20;;;11514;14;11516;20;;;11511.0;0.0
yf_ZW=F_d11;5400;ASH_COATED_OSMIUM;9903;23;9899;29;;;9909;21;9913;16;;;9906.0;0.0
yf_ZW=F_d11;5400;INTARIAN_PEPPER_ROOT;11508;15;11505;19;;;11514;21;11518;21;;;11511.0;0.0
yf_ZW=F_d11;5500;ASH_COATED_OSMIUM;9899;14;9896;17;;;9913;10;9916;21;;;9906.0;0.0
yf_ZW=F_d11;5500;INTARIAN_PEPPER_ROOT;11508;5;11504;18;;;11514;14;11518;18;;;11511.0;0.0
yf_ZW=F_d11;5600;ASH_COATED_OSMIUM;9903;14;9899;27;;;9909;18;9912;16;;;9906.0;0.0
yf_ZW=F_d11;5600;INTARIAN_PEPPER_ROOT;11509;23;11507;27;;;11515;20;11519;20;;;11512.0;0.0
yf_ZW=F_d11;5700;ASH_COATED_OSMIUM;9903;13;9901;20;;;9909;12;9913;17;;;9906.0;0.0
yf_ZW=F_d11;5700;INTARIAN_PEPPER_ROOT;11509;22;11506;8;;;11516;13;11518;18;;;11512.5;0.0
yf_ZW=F_d11;5800;ASH_COATED_OSMIUM;9898;13;9895;21;;;9914;7;9916;19;;;9906.0;0.0
yf_ZW=F_d11;5800;INTARIAN_PEPPER_ROOT;11509;13;11507;17;;;11515;15;11518;31;;;11512.0;0.0
yf_ZW=F_d11;5900;ASH_COATED_OSMIUM;9903;17;9901;27;;;9909;21;9912;17;;;9906.0;0.0
yf_ZW=F_d11;5900;INTARIAN_PEPPER_ROOT;11509;22;11507;9;;;11515;19;11518;20;;;11512.0;0.0
yf_ZW=F_d11;6000;ASH_COATED_OSMIUM;9903;15;9901;21;;;9909;8;9913;12;;;9906.0;0.0
yf_ZW=F_d11;6000;INTARIAN_PEPPER_ROOT;11506;10;11503;23;;;11519;13;11521;14;;;11512.5;0.0
yf_ZW=F_d11;6100;ASH_COATED_OSMIUM;9901;10;9899;28;;;9912;11;9916;13;;;9906.5;0.0
yf_ZW=F_d11;6100;INTARIAN_PEPPER_ROOT;11501;19;11497;11;;;11524;10;11528;18;;;11512.5;0.0
yf_ZW=F_d11;6200;ASH_COATED_OSMIUM;9898;12;9895;16;;;9912;25;9916;20;;;9905.0;0.0
yf_ZW=F_d11;6200;INTARIAN_PEPPER_ROOT;11510;9;11508;22;;;11516;11;11518;24;;;11513.0;0.0
yf_ZW=F_d11;6300;ASH_COATED_OSMIUM;9903;14;9901;24;;;9909;22;9913;19;;;9906.0;0.0
yf_ZW=F_d11;6300;INTARIAN_PEPPER_ROOT;11511;7;11507;18;;;11517;20;11519;22;;;11514.0;0.0
yf_ZW=F_d11;6400;ASH_COATED_OSMIUM;9903;9;9899;17;;;9909;21;9913;25;;;9906.0;0.0
yf_ZW=F_d11;6400;INTARIAN_PEPPER_ROOT;11511;13;11508;18;;;11517;7;11520;25;;;11514.0;0.0
yf_ZW=F_d11;6500;ASH_COATED_OSMIUM;9903;15;9899;24;;;9909;16;9913;18;;;9906.0;0.0
yf_ZW=F_d11;6500;INTARIAN_PEPPER_ROOT;11511;14;11507;21;;;11517;16;11519;28;;;11514.0;0.0
yf_ZW=F_d11;6600;ASH_COATED_OSMIUM;9903;11;9901;24;;;9909;9;9913;11;;;9906.0;0.0
yf_ZW=F_d11;6600;INTARIAN_PEPPER_ROOT;11511;21;11509;14;;;11517;23;11521;19;;;11514.0;0.0
yf_ZW=F_d11;6700;ASH_COATED_OSMIUM;9900;12;9898;18;;;9913;16;9916;17;;;9906.5;0.0
yf_ZW=F_d11;6700;INTARIAN_PEPPER_ROOT;11511;7;11509;23;;;11517;10;11521;26;;;11514.0;0.0
yf_ZW=F_d11;6800;ASH_COATED_OSMIUM;9902;12;9898;12;;;9908;15;9912;24;;;9905.0;0.0
yf_ZW=F_d11;6800;INTARIAN_PEPPER_ROOT;11511;20;11507;12;;;11517;14;11521;17;;;11514.0;0.0
yf_ZW=F_d11;6900;ASH_COATED_OSMIUM;9901;10;9898;15;;;9911;11;9915;17;;;9906.0;0.0
yf_ZW=F_d11;6900;INTARIAN_PEPPER_ROOT;11512;15;11510;25;;;11518;10;11521;28;;;11515.0;0.0
yf_ZW=F_d11;7000;ASH_COATED_OSMIUM;9900;16;9898;15;;;9913;8;9915;19;;;9906.5;0.0
yf_ZW=F_d11;7000;INTARIAN_PEPPER_ROOT;11512;12;11509;14;;;11518;22;11520;17;;;11515.0;0.0
yf_ZW=F_d11;7100;ASH_COATED_OSMIUM;9903;14;9901;28;;;9909;14;9913;8;;;9906.0;0.0
yf_ZW=F_d11;7100;INTARIAN_PEPPER_ROOT;11509;22;11505;14;;;11521;14;11524;8;;;11515.0;0.0
yf_ZW=F_d11;7200;ASH_COATED_OSMIUM;9903;7;9899;12;;;9910;12;9913;14;;;9906.5;0.0
yf_ZW=F_d11;7200;INTARIAN_PEPPER_ROOT;11512;7;11509;17;;;11518;19;11522;21;;;11515.0;0.0
yf_ZW=F_d11;7300;ASH_COATED_OSMIUM;9900;18;9898;19;;;9911;14;9914;20;;;9905.5;0.0
yf_ZW=F_d11;7300;INTARIAN_PEPPER_ROOT;11510;14;11507;17;;;11521;19;11524;14;;;11515.5;0.0
yf_ZW=F_d11;7400;ASH_COATED_OSMIUM;9903;10;9901;21;;;9909;21;9911;23;;;9906.0;0.0
yf_ZW=F_d11;7400;INTARIAN_PEPPER_ROOT;11511;14;11508;25;;;11520;18;11523;26;;;11515.5;0.0
yf_ZW=F_d11;7500;ASH_COATED_OSMIUM;9903;15;9899;31;;;9909;12;9913;20;;;9906.0;0.0
yf_ZW=F_d11;7500;INTARIAN_PEPPER_ROOT;11513;13;11509;19;;;11519;8;11523;14;;;11516.0;0.0
yf_ZW=F_d11;7600;ASH_COATED_OSMIUM;9897;14;9894;9;;;9915;11;9917;21;;;9906.0;0.0
yf_ZW=F_d11;7600;INTARIAN_PEPPER_ROOT;11514;12;11511;24;;;11520;14;11523;23;;;11517.0;0.0
yf_ZW=F_d11;7700;ASH_COATED_OSMIUM;9902;13;9898;18;;;9908;20;9912;21;;;9905.0;0.0
yf_ZW=F_d11;7700;INTARIAN_PEPPER_ROOT;11512;12;11509;21;;;11522;15;11525;13;;;11517.0;0.0
yf_ZW=F_d11;7800;ASH_COATED_OSMIUM;9902;11;9898;12;;;9908;18;9910;18;;;9905.0;0.0
yf_ZW=F_d11;7800;INTARIAN_PEPPER_ROOT;11514;18;11512;22;;;11520;28;11523;16;;;11517.0;0.0
yf_ZW=F_d11;7900;ASH_COATED_OSMIUM;9903;15;9901;16;;;9909;18;9912;18;;;9906.0;0.0
yf_ZW=F_d11;7900;INTARIAN_PEPPER_ROOT;11514;17;11512;21;;;11520;19;11523;20;;;11517.0;0.0
yf_ZW=F_d11;8000;ASH_COATED_OSMIUM;9898;14;9895;14;;;9912;11;9916;22;;;9905.0;0.0
yf_ZW=F_d11;8000;INTARIAN_PEPPER_ROOT;11504;10;11502;20;;;11530;17;11533;14;;;11517.0;0.0
yf_ZW=F_d11;8100;ASH_COATED_OSMIUM;9903;20;9901;29;;;9909;11;9911;10;;;9906.0;0.0
yf_ZW=F_d11;8100;INTARIAN_PEPPER_ROOT;11509;18;11506;24;;;11526;16;11530;19;;;11517.5;0.0
yf_ZW=F_d11;8200;ASH_COATED_OSMIUM;9903;9;9899;25;;;9909;22;9911;20;;;9906.0;0.0
yf_ZW=F_d11;8200;INTARIAN_PEPPER_ROOT;11515;13;11511;15;;;11521;10;11524;11;;;11518.0;0.0
yf_ZW=F_d11;8300;ASH_COATED_OSMIUM;9903;12;9899;15;;;9909;14;9912;23;;;9906.0;0.0
yf_ZW=F_d11;8300;INTARIAN_PEPPER_ROOT;11511;15;11509;15;;;11524;10;11527;23;;;11517.5;0.0
yf_ZW=F_d11;8400;ASH_COATED_OSMIUM;9903;20;9901;19;;;9909;14;9912;18;;;9906.0;0.0
yf_ZW=F_d11;8400;INTARIAN_PEPPER_ROOT;11515;18;11511;26;;;11521;18;11524;21;;;11518.0;0.0
yf_ZW=F_d11;8500;ASH_COATED_OSMIUM;9903;15;9899;21;;;9909;13;9913;17;;;9906.0;0.0
yf_ZW=F_d11;8500;INTARIAN_PEPPER_ROOT;11513;18;11509;19;;;11522;12;11525;18;;;11517.5;0.0
yf_ZW=F_d11;8600;ASH_COATED_OSMIUM;9903;17;9900;23;;;9909;15;9912;15;;;9906.0;0.0
yf_ZW=F_d11;8600;INTARIAN_PEPPER_ROOT;11509;11;11506;24;;;11527;5;11529;20;;;11518.0;0.0
yf_ZW=F_d11;8700;ASH_COATED_OSMIUM;9903;16;9899;19;;;9909;19;9913;19;;;9906.0;0.0
yf_ZW=F_d11;8700;INTARIAN_PEPPER_ROOT;11516;8;11512;18;;;11522;14;11524;13;;;11519.0;0.0
yf_ZW=F_d11;8800;ASH_COATED_OSMIUM;9902;20;9898;12;;;9910;15;9913;23;;;9906.0;0.0
yf_ZW=F_d11;8800;INTARIAN_PEPPER_ROOT;11516;13;11514;14;;;11522;8;11525;14;;;11519.0;0.0
yf_ZW=F_d11;8900;ASH_COATED_OSMIUM;9902;20;9898;21;;;9908;12;9910;18;;;9905.0;0.0
yf_ZW=F_d11;8900;INTARIAN_PEPPER_ROOT;11516;16;11514;22;;;11522;15;11524;30;;;11519.0;0.0
yf_ZW=F_d11;9000;ASH_COATED_OSMIUM;9903;17;9901;28;;;9909;16;9912;21;;;9906.0;0.0
yf_ZW=F_d11;9000;INTARIAN_PEPPER_ROOT;11507;29;11503;20;;;11532;8;11536;17;;;11519.5;0.0
yf_ZW=F_d11;9100;ASH_COATED_OSMIUM;9903;10;9900;16;;;9909;13;9911;19;;;9906.0;0.0
yf_ZW=F_d11;9100;INTARIAN_PEPPER_ROOT;11513;11;11510;12;;;11526;15;11529;25;;;11519.5;0.0
yf_ZW=F_d11;9200;ASH_COATED_OSMIUM;9903;6;9899;30;;;9910;29;9914;22;;;9906.5;0.0
yf_ZW=F_d11;9200;INTARIAN_PEPPER_ROOT;11517;15;11513;21;;;11523;18;11525;16;;;11520.0;0.0
yf_ZW=F_d11;9300;ASH_COATED_OSMIUM;9901;24;9899;14;;;9911;8;9913;13;;;9906.0;0.0
yf_ZW=F_d11;9300;INTARIAN_PEPPER_ROOT;11511;14;11509;24;;;11531;16;11534;27;;;11521.0;0.0
yf_ZW=F_d11;9400;ASH_COATED_OSMIUM;9900;16;9898;17;;;9911;8;9913;27;;;9905.5;0.0
yf_ZW=F_d11;9400;INTARIAN_PEPPER_ROOT;11514;11;11511;23;;;11526;10;11530;26;;;11520.0;0.0
yf_ZW=F_d11;9500;ASH_COATED_OSMIUM;9903;12;9900;19;;;9909;11;9913;14;;;9906.0;0.0
yf_ZW=F_d11;9500;INTARIAN_PEPPER_ROOT;11518;17;11516;15;;;11524;9;11528;19;;;11521.0;0.0
yf_ZW=F_d11;9600;ASH_COATED_OSMIUM;9903;11;9900;18;;;9909;10;9912;21;;;9906.0;0.0
yf_ZW=F_d11;9600;INTARIAN_PEPPER_ROOT;11513;14;11511;17;;;11528;22;11530;21;;;11520.5;0.0
yf_ZW=F_d11;9700;ASH_COATED_OSMIUM;9903;6;9901;13;;;9909;19;9913;19;;;9906.0;0.0
yf_ZW=F_d11;9700;INTARIAN_PEPPER_ROOT;11518;10;11515;11;;;11524;15;11528;20;;;11521.0;0.0
yf_ZW=F_d11;9800;ASH_COATED_OSMIUM;9902;15;9900;19;;;9909;12;9912;11;;;9905.5;0.0
yf_ZW=F_d11;9800;INTARIAN_PEPPER_ROOT;11518;16;11516;23;;;11524;16;11527;19;;;11521.0;0.0
yf_ZW=F_d11;9900;ASH_COATED_OSMIUM;9903;16;9899;20;;;9909;11;9913;26;;;9906.0;0.0
yf_ZW=F_d11;9900;INTARIAN_PEPPER_ROOT;11519;26;11517;18;;;11525;14;11528;21;;;11522.0;0.0
yf_ZW=F_d11;10000;ASH_COATED_OSMIUM;9902;17;9899;23;;;9909;18;9911;24;;;9905.5;0.0
yf_ZW=F_d11;10000;INTARIAN_PEPPER_ROOT;11518;21;11516;24;;;11525;18;11527;29;;;11521.5;0.0
yf_ZW=F_d11;10100;ASH_COATED_OSMIUM;9903;8;9899;19;;;9909;21;9913;21;;;9906.0;0.0
yf_ZW=F_d11;10100;INTARIAN_PEPPER_ROOT;11510;20;11507;12;;;11534;21;11538;19;;;11522.0;0.0
yf_ZW=F_d11;10200;ASH_COATED_OSMIUM;9903;11;9899;18;;;9909;12;9911;21;;;9906.0;0.0
yf_ZW=F_d11;10200;INTARIAN_PEPPER_ROOT;11518;18;11514;20;;;11526;17;11530;22;;;11522.0;0.0
yf_ZW=F_d11;10300;ASH_COATED_OSMIUM;9903;18;9899;26;;;9909;16;9913;18;;;9906.0;0.0
yf_ZW=F_d11;10300;INTARIAN_PEPPER_ROOT;11511;11;11509;18;;;11535;11;11538;25;;;11523.0;0.0
yf_ZW=F_d11;10400;ASH_COATED_OSMIUM;9903;22;9901;14;;;9909;5;9912;17;;;9906.0;0.0
yf_ZW=F_d11;10400;INTARIAN_PEPPER_ROOT;11517;5;11515;22;;;11528;18;11531;21;;;11522.5;0.0
yf_ZW=F_d11;10500;ASH_COATED_OSMIUM;9902;14;9900;16;;;9909;13;9913;25;;;9905.5;0.0
yf_ZW=F_d11;10500;INTARIAN_PEPPER_ROOT;11519;18;11517;28;;;11525;9;11527;15;;;11522.0;0.0
yf_ZW=F_d11;10600;ASH_COATED_OSMIUM;9899;12;9895;14;;;9912;21;9915;14;;;9905.5;0.0
yf_ZW=F_d11;10600;INTARIAN_PEPPER_ROOT;11516;11;11512;16;;;11530;14;11532;24;;;11523.0;0.0
yf_ZW=F_d11;10700;ASH_COATED_OSMIUM;9903;7;9900;22;;;9909;23;9912;25;;;9906.0;0.0
yf_ZW=F_d11;10700;INTARIAN_PEPPER_ROOT;11520;10;11517;26;;;11526;13;11528;25;;;11523.0;0.0
yf_ZW=F_d11;10800;ASH_COATED_OSMIUM;9903;9;9899;25;;;9909;14;9912;20;;;9906.0;0.0
yf_ZW=F_d11;10800;INTARIAN_PEPPER_ROOT;11516;17;11512;25;;;11531;6;11533;25;;;11523.5;0.0
yf_ZW=F_d11;10900;ASH_COATED_OSMIUM;9902;18;9899;26;;;9909;13;9911;24;;;9905.5;0.0
yf_ZW=F_d11;10900;INTARIAN_PEPPER_ROOT;11520;25;11517;13;;;11527;13;11530;17;;;11523.5;0.0
yf_ZW=F_d11;11000;ASH_COATED_OSMIUM;9897;6;9893;20;;;9914;20;9917;21;;;9905.5;0.0
yf_ZW=F_d11;11000;INTARIAN_PEPPER_ROOT;11521;9;11518;18;;;11527;17;11531;19;;;11524.0;0.0
yf_ZW=F_d11;11100;ASH_COATED_OSMIUM;9903;5;9901;21;;;9909;21;9911;15;;;9906.0;0.0
yf_ZW=F_d11;11100;INTARIAN_PEPPER_ROOT;11519;10;11516;27;;;11530;14;11532;30;;;11524.5;0.0
yf_ZW=F_d11;11200;ASH_COATED_OSMIUM;9902;13;9899;15;;;9908;12;9910;18;;;9905.0;0.0
yf_ZW=F_d11;11200;INTARIAN_PEPPER_ROOT;11521;14;11519;24;;;11527;14;11529;15;;;11524.0;0.0
yf_ZW=F_d11;11300;ASH_COATED_OSMIUM;9903;19;9899;25;;;9909;13;9911;19;;;9906.0;0.0
yf_ZW=F_d11;11300;INTARIAN_PEPPER_ROOT;11522;16;11520;23;;;11528;7;11531;12;;;11525.0;0.0
yf_ZW=F_d11;11400;ASH_COATED_OSMIUM;9903;16;9901;18;;;9909;15;9912;17;;;9906.0;0.0
yf_ZW=F_d11;11400;INTARIAN_PEPPER_ROOT;11521;12;11518;12;;;11527;18;11531;31;;;11524.0;0.0
yf_ZW=F_d11;11500;ASH_COATED_OSMIUM;9899;18;9895;19;;;9912;12;9915;19;;;9905.5;0.0
yf_ZW=F_d11;11500;INTARIAN_PEPPER_ROOT;11522;21;11519;19;;;11528;15;11530;12;;;11525.0;0.0
yf_ZW=F_d11;11600;ASH_COATED_OSMIUM;9902;16;9900;19;;;9908;15;9912;22;;;9905.0;0.0
yf_ZW=F_d11;11600;INTARIAN_PEPPER_ROOT;11512;9;11509;19;;;11540;13;11542;14;;;11526.0;0.0
yf_ZW=F_d11;11700;ASH_COATED_OSMIUM;9903;15;9901;22;;;9909;16;9912;21;;;9906.0;0.0
yf_ZW=F_d11;11700;INTARIAN_PEPPER_ROOT;11522;18;11520;18;;;11528;20;11531;19;;;11525.0;0.0
yf_ZW=F_d11;11800;ASH_COATED_OSMIUM;9902;25;9899;22;;;9908;10;9911;23;;;9905.0;0.0
yf_ZW=F_d11;11800;INTARIAN_PEPPER_ROOT;11523;5;11520;25;;;11529;6;11531;19;;;11526.0;0.0
yf_ZW=F_d11;11900;ASH_COATED_OSMIUM;9903;16;9901;24;;;9909;24;9913;24;;;9906.0;0.0
yf_ZW=F_d11;11900;INTARIAN_PEPPER_ROOT;11523;9;11520;19;;;11529;13;11533;27;;;11526.0;0.0
yf_ZW=F_d11;12000;ASH_COATED_OSMIUM;9902;19;9898;18;;;9910;15;9912;15;;;9906.0;0.0
yf_ZW=F_d11;12000;INTARIAN_PEPPER_ROOT;11522;14;11520;16;;;11531;13;11535;14;;;11526.5;0.0
yf_ZW=F_d11;12100;ASH_COATED_OSMIUM;9891;11;9888;18;;;9920;8;9922;19;;;9905.5;0.0
yf_ZW=F_d11;12100;INTARIAN_PEPPER_ROOT;11521;19;11518;19;;;11533;11;11536;14;;;11527.0;0.0
yf_ZW=F_d11;12200;ASH_COATED_OSMIUM;9903;7;9901;20;;;9909;18;9913;16;;;9906.0;0.0
yf_ZW=F_d11;12200;INTARIAN_PEPPER_ROOT;11522;16;11519;16;;;11531;22;11533;10;;;11526.5;0.0
yf_ZW=F_d11;12300;ASH_COATED_OSMIUM;9903;13;9899;17;;;9909;17;9913;20;;;9906.0;0.0
yf_ZW=F_d11;12300;INTARIAN_PEPPER_ROOT;11515;14;11512;20;;;11539;13;11542;23;;;11527.0;0.0
yf_ZW=F_d11;12400;ASH_COATED_OSMIUM;9902;11;9900;26;;;9909;14;9913;21;;;9905.5;0.0
yf_ZW=F_d11;12400;INTARIAN_PEPPER_ROOT;11520;15;11518;18;;;11534;15;11537;15;;;11527.0;0.0
yf_ZW=F_d11;12500;ASH_COATED_OSMIUM;9903;17;9900;14;;;9909;17;9913;20;;;9906.0;0.0
yf_ZW=F_d11;12500;INTARIAN_PEPPER_ROOT;11524;15;11521;11;;;11530;11;11533;30;;;11527.0;0.0
yf_ZW=F_d11;12600;ASH_COATED_OSMIUM;9898;16;9894;28;;;9914;15;9918;14;;;9906.0;0.0
yf_ZW=F_d11;12600;INTARIAN_PEPPER_ROOT;11525;14;11521;10;;;11531;13;11534;16;;;11528.0;0.0
yf_ZW=F_d11;12700;ASH_COATED_OSMIUM;9903;18;9900;19;;;9909;18;9913;22;;;9906.0;0.0
yf_ZW=F_d11;12700;INTARIAN_PEPPER_ROOT;11522;12;11518;25;;;11534;21;11537;25;;;11528.0;0.0
yf_ZW=F_d11;12800;ASH_COATED_OSMIUM;9903;14;9899;12;;;9909;18;9913;26;;;9906.0;0.0
yf_ZW=F_d11;12800;INTARIAN_PEPPER_ROOT;11525;7;11522;18;;;11531;12;11533;16;;;11528.0;0.0
yf_ZW=F_d11;12900;ASH_COATED_OSMIUM;9903;19;9899;13;;;9909;6;9913;18;;;9906.0;0.0
yf_ZW=F_d11;12900;INTARIAN_PEPPER_ROOT;11525;14;11523;22;;;11531;18;11535;21;;;11528.0;0.0
yf_ZW=F_d11;13000;ASH_COATED_OSMIUM;9902;13;9899;16;;;9909;17;9911;8;;;9905.5;0.0
yf_ZW=F_d11;13000;INTARIAN_PEPPER_ROOT;11522;15;11520;19;;;11535;15;11539;15;;;11528.5;0.0
yf_ZW=F_d11;13100;ASH_COATED_OSMIUM;9895;11;9893;13;;;9916;6;9918;15;;;9905.5;0.0
yf_ZW=F_d11;13100;INTARIAN_PEPPER_ROOT;11520;10;11516;22;;;11537;12;11539;26;;;11528.5;0.0
yf_ZW=F_d11;13200;ASH_COATED_OSMIUM;9903;16;9901;21;;;9909;12;9911;22;;;9906.0;0.0
yf_ZW=F_d11;13200;INTARIAN_PEPPER_ROOT;11525;15;11522;27;;;11532;22;11536;25;;;11528.5;0.0
yf_ZW=F_d11;13300;ASH_COATED_OSMIUM;9900;16;9898;11;;;9911;6;9913;25;;;9905.5;0.0
yf_ZW=F_d11;13300;INTARIAN_PEPPER_ROOT;11526;16;11523;27;;;11532;20;11534;22;;;11529.0;0.0
yf_ZW=F_d11;13400;ASH_COATED_OSMIUM;9901;15;9898;18;;;9911;19;9914;23;;;9906.0;0.0
yf_ZW=F_d11;13400;INTARIAN_PEPPER_ROOT;11524;10;11522;21;;;11536;11;11540;19;;;11530.0;0.0
yf_ZW=F_d11;13500;ASH_COATED_OSMIUM;9901;19;9897;24;;;9912;14;9915;14;;;9906.5;0.0
yf_ZW=F_d11;13500;INTARIAN_PEPPER_ROOT;11527;14;11524;18;;;11533;12;11535;19;;;11530.0;0.0
yf_ZW=F_d11;13600;ASH_COATED_OSMIUM;9903;15;9899;26;;;9909;19;9913;28;;;9906.0;0.0
yf_ZW=F_d11;13600;INTARIAN_PEPPER_ROOT;11527;13;11523;12;;;11533;22;11536;22;;;11530.0;0.0
yf_ZW=F_d11;13700;ASH_COATED_OSMIUM;9902;18;9899;21;;;9908;11;9910;23;;;9905.0;0.0
yf_ZW=F_d11;13700;INTARIAN_PEPPER_ROOT;11522;16;11520;12;;;11538;6;11540;23;;;11530.0;0.0
yf_ZW=F_d11;13800;ASH_COATED_OSMIUM;9902;13;9899;23;;;9908;16;9912;30;;;9905.0;0.0
yf_ZW=F_d11;13800;INTARIAN_PEPPER_ROOT;11527;18;11525;9;;;11533;17;11535;8;;;11530.0;0.0
yf_ZW=F_d11;13900;ASH_COATED_OSMIUM;9900;8;9898;23;;;9912;7;9915;8;;;9906.0;0.0
yf_ZW=F_d11;13900;INTARIAN_PEPPER_ROOT;11527;11;11524;21;;;11533;7;11537;21;;;11530.0;0.0
yf_ZW=F_d11;14000;ASH_COATED_OSMIUM;9903;23;9899;16;;;9909;16;9912;16;;;9906.0;0.0
yf_ZW=F_d11;14000;INTARIAN_PEPPER_ROOT;11528;14;11524;22;;;11535;12;11537;14;;;11531.5;0.0
yf_ZW=F_d11;14100;ASH_COATED_OSMIUM;9903;16;9899;19;;;9909;6;9912;22;;;9906.0;0.0
yf_ZW=F_d11;14100;INTARIAN_PEPPER_ROOT;11526;5;11523;29;;;11536;17;11538;23;;;11531.0;0.0
yf_ZW=F_d11;14200;ASH_COATED_OSMIUM;9901;10;9897;28;;;9910;12;9914;16;;;9905.5;0.0
yf_ZW=F_d11;14200;INTARIAN_PEPPER_ROOT;11523;6;11520;10;;;11539;12;11543;30;;;11531.0;0.0
yf_ZW=F_d11;14300;ASH_COATED_OSMIUM;9903;13;9899;22;;;9909;16;9911;15;;;9906.0;0.0
yf_ZW=F_d11;14300;INTARIAN_PEPPER_ROOT;11529;13;11527;11;;;11535;18;11538;21;;;11532.0;0.0
yf_ZW=F_d11;14400;ASH_COATED_OSMIUM;9903;10;9901;21;;;9909;15;9913;12;;;9906.0;0.0
yf_ZW=F_d11;14400;INTARIAN_PEPPER_ROOT;11529;8;11525;26;;;11535;18;11538;26;;;11532.0;0.0
yf_ZW=F_d11;14500;ASH_COATED_OSMIUM;9901;6;9897;16;;;9911;12;9913;13;;;9906.0;0.0
yf_ZW=F_d11;14500;INTARIAN_PEPPER_ROOT;11529;14;11525;22;;;11535;15;11538;9;;;11532.0;0.0
yf_ZW=F_d11;14600;ASH_COATED_OSMIUM;9899;23;9897;22;;;9912;8;9915;28;;;9905.5;0.0
yf_ZW=F_d11;14600;INTARIAN_PEPPER_ROOT;11529;7;11527;15;;;11535;10;11538;16;;;11532.0;0.0
yf_ZW=F_d11;14700;ASH_COATED_OSMIUM;9903;7;9900;21;;;9909;10;9911;27;;;9906.0;0.0
yf_ZW=F_d11;14700;INTARIAN_PEPPER_ROOT;11529;6;11526;15;;;11535;16;11538;18;;;11532.0;0.0
yf_ZW=F_d11;14800;ASH_COATED_OSMIUM;9903;17;9901;27;;;9909;6;9911;23;;;9906.0;0.0
yf_ZW=F_d11;14800;INTARIAN_PEPPER_ROOT;11530;6;11528;18;;;11537;18;11541;20;;;11533.5;0.0
yf_ZW=F_d11;14900;ASH_COATED_OSMIUM;9903;17;9899;22;;;9909;20;9912;13;;;9906.0;0.0
yf_ZW=F_d11;14900;INTARIAN_PEPPER_ROOT;11530;15;11528;21;;;11536;10;11540;16;;;11533.0;0.0
yf_ZW=F_d11;15000;ASH_COATED_OSMIUM;9902;16;9900;12;;;9910;18;9912;20;;;9906.0;0.0
yf_ZW=F_d11;15000;INTARIAN_PEPPER_ROOT;11530;9;11528;28;;;11536;14;11538;13;;;11533.0;0.0
yf_ZW=F_d11;15100;ASH_COATED_OSMIUM;9903;16;9900;16;;;9909;24;9912;15;;;9906.0;0.0
yf_ZW=F_d11;15100;INTARIAN_PEPPER_ROOT;11522;15;11518;25;;;11545;20;11548;24;;;11533.5;0.0
yf_ZW=F_d11;15200;ASH_COATED_OSMIUM;9902;12;9900;20;;;9908;17;9912;20;;;9905.0;0.0
yf_ZW=F_d11;15200;INTARIAN_PEPPER_ROOT;11530;13;11526;22;;;11536;26;11539;28;;;11533.0;0.0
yf_ZW=F_d11;15300;ASH_COATED_OSMIUM;9902;18;9900;23;;;9908;15;9910;23;;;9905.0;0.0
yf_ZW=F_d11;15300;INTARIAN_PEPPER_ROOT;11531;20;11527;10;;;11538;10;11542;31;;;11534.5;0.0
yf_ZW=F_d11;15400;ASH_COATED_OSMIUM;9903;6;9900;28;;;9909;13;9913;15;;;9906.0;0.0
yf_ZW=F_d11;15400;INTARIAN_PEPPER_ROOT;11530;18;11528;20;;;11536;9;11540;17;;;11533.0;0.0
yf_ZW=F_d11;15500;ASH_COATED_OSMIUM;9899;6;9897;18;;;9913;21;9917;20;;;9906.0;0.0
yf_ZW=F_d11;15500;INTARIAN_PEPPER_ROOT;11531;15;11529;22;;;11537;23;11539;19;;;11534.0;0.0
yf_ZW=F_d11;15600;ASH_COATED_OSMIUM;9903;22;9900;15;;;9909;10;9911;15;;;9906.0;0.0
yf_ZW=F_d11;15600;INTARIAN_PEPPER_ROOT;11528;18;11524;20;;;11541;19;11545;21;;;11534.5;0.0
yf_ZW=F_d11;15700;ASH_COATED_OSMIUM;9903;7;9900;17;;;9909;19;9911;20;;;9906.0;0.0
yf_ZW=F_d11;15700;INTARIAN_PEPPER_ROOT;11529;22;11527;25;;;11540;25;11543;23;;;11534.5;0.0
yf_ZW=F_d11;15800;ASH_COATED_OSMIUM;9899;9;9897;20;;;9913;12;9916;14;;;9906.0;0.0
yf_ZW=F_d11;15800;INTARIAN_PEPPER_ROOT;11532;22;11528;23;;;11538;6;11542;23;;;11535.0;0.0
yf_ZW=F_d11;15900;ASH_COATED_OSMIUM;9902;18;9898;16;;;9909;14;9911;18;;;9905.5;0.0
yf_ZW=F_d11;15900;INTARIAN_PEPPER_ROOT;11532;11;11528;21;;;11538;21;11540;17;;;11535.0;0.0
yf_ZW=F_d11;16000;ASH_COATED_OSMIUM;9903;12;9900;29;;;9909;5;9911;15;;;9906.0;0.0
yf_ZW=F_d11;16000;INTARIAN_PEPPER_ROOT;11533;16;11529;19;;;11539;17;11542;21;;;11536.0;0.0
yf_ZW=F_d11;16100;ASH_COATED_OSMIUM;9903;9;9900;21;;;9909;15;9911;22;;;9906.0;0.0
yf_ZW=F_d11;16100;INTARIAN_PEPPER_ROOT;11532;7;11529;22;;;11538;18;11542;19;;;11535.0;0.0
yf_ZW=F_d11;16200;ASH_COATED_OSMIUM;9899;18;9895;22;;;9912;17;9914;16;;;9905.5;0.0
yf_ZW=F_d11;16200;INTARIAN_PEPPER_ROOT;11533;14;11530;24;;;11539;10;11541;16;;;11536.0;0.0
yf_ZW=F_d11;16300;ASH_COATED_OSMIUM;9903;15;9900;14;;;9909;19;9913;22;;;9906.0;0.0
yf_ZW=F_d11;16300;INTARIAN_PEPPER_ROOT;11525;20;11522;15;;;11546;11;11550;22;;;11535.5;0.0
yf_ZW=F_d11;16400;ASH_COATED_OSMIUM;9903;27;9899;14;;;9909;13;9913;18;;;9906.0;0.0
yf_ZW=F_d11;16400;INTARIAN_PEPPER_ROOT;11532;11;11529;23;;;11540;13;11543;17;;;11536.0;0.0
yf_ZW=F_d11;16500;ASH_COATED_OSMIUM;9893;15;9891;23;;;9918;10;9922;22;;;9905.5;0.0
yf_ZW=F_d11;16500;INTARIAN_PEPPER_ROOT;11533;21;11531;20;;;11539;15;11542;21;;;11536.0;0.0
yf_ZW=F_d11;16600;ASH_COATED_OSMIUM;9903;12;9901;8;;;9909;21;9911;14;;;9906.0;0.0
yf_ZW=F_d11;16600;INTARIAN_PEPPER_ROOT;11529;10;11525;9;;;11544;20;11548;11;;;11536.5;0.0
yf_ZW=F_d11;16700;ASH_COATED_OSMIUM;9902;21;9898;8;;;9909;10;9911;22;;;9905.5;0.0
yf_ZW=F_d11;16700;INTARIAN_PEPPER_ROOT;11529;18;11526;18;;;11545;19;11547;13;;;11537.0;0.0
yf_ZW=F_d11;16800;ASH_COATED_OSMIUM;9903;9;9900;23;;;9909;9;9911;21;;;9906.0;0.0
yf_ZW=F_d11;16800;INTARIAN_PEPPER_ROOT;11532;18;11528;19;;;11542;8;11544;20;;;11537.0;0.0
yf_ZW=F_d11;16900;ASH_COATED_OSMIUM;9902;15;9900;20;;;9908;19;9911;19;;;9905.0;0.0
yf_ZW=F_d11;16900;INTARIAN_PEPPER_ROOT;11533;16;11529;26;;;11541;19;11543;23;;;11537.0;0.0
yf_ZW=F_d11;17000;ASH_COATED_OSMIUM;9899;6;9897;13;;;9912;12;9915;28;;;9905.5;0.0
yf_ZW=F_d11;17000;INTARIAN_PEPPER_ROOT;11532;20;11530;20;;;11538;11;11542;14;;;11535.0;0.0
yf_ZW=F_d11;17100;ASH_COATED_OSMIUM;9900;12;9896;22;;;9911;11;9915;31;;;9905.5;0.0
yf_ZW=F_d11;17100;INTARIAN_PEPPER_ROOT;11527;17;11524;16;;;11533;18;11535;16;;;11530.0;0.0
yf_ZW=F_d11;17200;ASH_COATED_OSMIUM;9903;9;9900;10;;;9909;18;9913;17;;;9906.0;0.0
yf_ZW=F_d11;17200;INTARIAN_PEPPER_ROOT;11522;5;11520;22;;;11530;5;11533;25;;;11526.0;0.0
yf_ZW=F_d11;17300;ASH_COATED_OSMIUM;9899;18;9895;14;;;9913;16;9917;22;;;9906.0;0.0
yf_ZW=F_d11;17300;INTARIAN_PEPPER_ROOT;11519;18;11515;18;;;11525;19;11529;8;;;11522.0;0.0
yf_ZW=F_d11;17400;ASH_COATED_OSMIUM;9903;21;9901;22;;;9909;15;9913;17;;;9906.0;0.0
yf_ZW=F_d11;17400;INTARIAN_PEPPER_ROOT;11501;18;11498;18;;;11533;17;11537;20;;;11517.0;0.0
yf_ZW=F_d11;17500;ASH_COATED_OSMIUM;9903;18;9900;19;;;9909;19;9912;17;;;9906.0;0.0
yf_ZW=F_d11;17500;INTARIAN_PEPPER_ROOT;11509;24;11507;14;;;11515;21;11519;28;;;11512.0;0.0
yf_ZW=F_d11;17600;ASH_COATED_OSMIUM;9895;11;9892;21;;;9918;19;9922;23;;;9906.5;0.0
yf_ZW=F_d11;17600;INTARIAN_PEPPER_ROOT;11505;8;11501;16;;;11511;17;11513;25;;;11508.0;0.0
yf_ZW=F_d11;17700;ASH_COATED_OSMIUM;9903;13;9900;22;;;9909;19;9912;15;;;9906.0;0.0
yf_ZW=F_d11;17700;INTARIAN_PEPPER_ROOT;11495;18;11493;26;;;11511;10;11515;20;;;11503.0;0.0
yf_ZW=F_d11;17800;ASH_COATED_OSMIUM;9902;5;9900;17;;;9910;5;9914;23;;;9906.0;0.0
yf_ZW=F_d11;17800;INTARIAN_PEPPER_ROOT;11495;13;11493;14;;;11502;19;11504;17;;;11498.5;0.0
yf_ZW=F_d11;17900;ASH_COATED_OSMIUM;9893;17;9889;20;;;9918;16;9921;12;;;9905.5;0.0
yf_ZW=F_d11;17900;INTARIAN_PEPPER_ROOT;11491;14;11487;8;;;11497;12;11500;16;;;11494.0;0.0
yf_ZW=F_d11;18000;ASH_COATED_OSMIUM;9903;17;9900;10;;;9909;15;9911;18;;;9906.0;0.0
yf_ZW=F_d11;18000;INTARIAN_PEPPER_ROOT;11487;23;11485;21;;;11493;13;11496;30;;;11490.0;0.0
yf_ZW=F_d11;18100;ASH_COATED_OSMIUM;9903;10;9900;27;;;9909;21;9912;18;;;9906.0;0.0
yf_ZW=F_d11;18100;INTARIAN_PEPPER_ROOT;11480;12;11476;13;;;11489;16;11493;18;;;11484.5;0.0
yf_ZW=F_d11;18200;ASH_COATED_OSMIUM;9903;16;9901;20;;;9909;17;9912;28;;;9906.0;0.0
yf_ZW=F_d11;18200;INTARIAN_PEPPER_ROOT;11473;16;11471;20;;;11488;23;11492;24;;;11480.5;0.0
yf_ZW=F_d11;18300;ASH_COATED_OSMIUM;9903;5;9899;23;;;9909;19;9913;22;;;9906.0;0.0
yf_ZW=F_d11;18300;INTARIAN_PEPPER_ROOT;11466;15;11462;22;;;11485;13;11488;24;;;11475.5;0.0
yf_ZW=F_d11;18400;ASH_COATED_OSMIUM;9899;10;9895;31;;;9912;12;9915;25;;;9905.5;0.0
yf_ZW=F_d11;18400;INTARIAN_PEPPER_ROOT;11462;11;11459;22;;;11480;20;11483;25;;;11471.0;0.0
yf_ZW=F_d11;18500;ASH_COATED_OSMIUM;9896;19;9893;21;;;9916;19;9920;26;;;9906.0;0.0
yf_ZW=F_d11;18500;INTARIAN_PEPPER_ROOT;11464;22;11462;28;;;11470;21;11474;8;;;11467.0;0.0
yf_ZW=F_d11;18600;ASH_COATED_OSMIUM;9899;12;9895;24;;;9913;23;9917;20;;;9906.0;0.0
yf_ZW=F_d11;18600;INTARIAN_PEPPER_ROOT;11450;18;11446;20;;;11474;10;11476;14;;;11462.0;0.0
yf_ZW=F_d11;18700;ASH_COATED_OSMIUM;9903;16;9901;11;;;9909;8;9913;11;;;9906.0;0.0
yf_ZW=F_d11;18700;INTARIAN_PEPPER_ROOT;11454;15;11451;16;;;11460;13;11462;18;;;11457.0;0.0
yf_ZW=F_d11;18800;ASH_COATED_OSMIUM;9903;22;9899;22;;;9909;14;9912;20;;;9906.0;0.0
yf_ZW=F_d11;18800;INTARIAN_PEPPER_ROOT;11446;14;11444;21;;;11460;13;11462;29;;;11453.0;0.0
yf_ZW=F_d11;18900;ASH_COATED_OSMIUM;9903;17;9899;19;;;9909;12;9911;26;;;9906.0;0.0
yf_ZW=F_d11;18900;INTARIAN_PEPPER_ROOT;11443;9;11441;27;;;11455;21;11457;21;;;11449.0;0.0
yf_ZW=F_d11;19000;ASH_COATED_OSMIUM;9903;16;9899;15;;;9909;13;9911;17;;;9906.0;0.0
yf_ZW=F_d11;19000;INTARIAN_PEPPER_ROOT;11440;9;11437;20;;;11449;18;11453;18;;;11444.5;0.0
yf_ZW=F_d11;19100;ASH_COATED_OSMIUM;9903;15;9901;23;;;9909;11;9912;16;;;9906.0;0.0
yf_ZW=F_d11;19100;INTARIAN_PEPPER_ROOT;11435;15;11433;23;;;11445;15;11447;22;;;11440.0;0.0
yf_ZW=F_d11;19200;ASH_COATED_OSMIUM;9895;14;9893;23;;;9917;7;9920;15;;;9906.0;0.0
yf_ZW=F_d11;19200;INTARIAN_PEPPER_ROOT;11426;12;11422;20;;;11444;16;11446;17;;;11435.0;0.0
yf_ZW=F_d11;19300;ASH_COATED_OSMIUM;9903;9;9899;28;;;9909;15;9913;28;;;9906.0;0.0
yf_ZW=F_d11;19300;INTARIAN_PEPPER_ROOT;11429;15;11425;24;;;11435;18;11439;9;;;11432.0;0.0
yf_ZW=F_d11;19400;ASH_COATED_OSMIUM;9903;15;9900;20;;;9909;20;9913;23;;;9906.0;0.0
yf_ZW=F_d11;19400;INTARIAN_PEPPER_ROOT;11423;5;11420;20;;;11429;14;11433;14;;;11426.0;0.0
yf_ZW=F_d11;19500;ASH_COATED_OSMIUM;9903;20;9901;16;;;9909;19;9911;16;;;9906.0;0.0
yf_ZW=F_d11;19500;INTARIAN_PEPPER_ROOT;11418;25;11414;20;;;11424;11;11427;14;;;11421.0;0.0
yf_ZW=F_d11;19600;ASH_COATED_OSMIUM;9903;11;9901;14;;;9909;11;9911;19;;;9906.0;0.0
yf_ZW=F_d11;19600;INTARIAN_PEPPER_ROOT;11414;18;11412;11;;;11420;8;11424;21;;;11417.0;0.0
yf_ZW=F_d11;19700;ASH_COATED_OSMIUM;9903;9;9899;26;;;9909;16;9911;23;;;9906.0;0.0
yf_ZW=F_d11;19700;INTARIAN_PEPPER_ROOT;11409;21;11406;24;;;11415;15;11418;25;;;11412.0;0.0
yf_ZW=F_d11;19800;ASH_COATED_OSMIUM;9903;29;9899;18;;;9909;21;9913;15;;;9906.0;0.0
yf_ZW=F_d11;19800;INTARIAN_PEPPER_ROOT;11405;14;11401;19;;;11411;13;11415;26;;;11408.0;0.0
yf_ZW=F_d11;19900;ASH_COATED_OSMIUM;9903;21;9899;25;;;9909;11;9911;28;;;9906.0;0.0
yf_ZW=F_d11;19900;INTARIAN_PEPPER_ROOT;11397;13;11395;28;;;11409;20;11412;11;;;11403.0;0.0
yf_ZW=F_d11;20000;ASH_COATED_OSMIUM;9894;18;9891;16;;;9917;14;9920;12;;;9905.5;0.0
yf_ZW=F_d11;20000;INTARIAN_PEPPER_ROOT;11395;12;11393;28;;;11404;19;11407;23;;;11399.5;0.0
yf_ZW=F_d11;20100;ASH_COATED_OSMIUM;9903;14;9900;33;;;9909;5;9913;27;;;9906.0;0.0
yf_ZW=F_d11;20100;INTARIAN_PEPPER_ROOT;11387;20;11384;26;;;11402;18;11404;18;;;11394.5;0.0
yf_ZW=F_d11;20200;ASH_COATED_OSMIUM;9903;17;9899;12;;;9909;15;9911;24;;;9906.0;0.0
yf_ZW=F_d11;20200;INTARIAN_PEPPER_ROOT;11377;8;11375;22;;;11403;16;11405;15;;;11390.0;0.0
yf_ZW=F_d11;20300;ASH_COATED_OSMIUM;9901;7;9898;8;;;9911;17;9914;24;;;9906.0;0.0
yf_ZW=F_d11;20300;INTARIAN_PEPPER_ROOT;11382;16;11378;9;;;11389;14;11392;24;;;11385.5;0.0
yf_ZW=F_d11;20400;ASH_COATED_OSMIUM;9903;17;9900;11;;;9910;17;9913;18;;;9906.5;0.0
yf_ZW=F_d11;20400;INTARIAN_PEPPER_ROOT;11376;21;11374;21;;;11386;23;11390;14;;;11381.0;0.0
yf_ZW=F_d11;20500;ASH_COATED_OSMIUM;9902;11;9900;19;;;9909;16;9912;13;;;9905.5;0.0
yf_ZW=F_d11;20500;INTARIAN_PEPPER_ROOT;11372;15;11369;18;;;11381;8;11385;18;;;11376.5;0.0
yf_ZW=F_d11;20600;ASH_COATED_OSMIUM;9900;7;9897;25;;;9912;8;9916;30;;;9906.0;0.0
yf_ZW=F_d11;20600;INTARIAN_PEPPER_ROOT;11368;15;11366;24;;;11374;13;11376;24;;;11371.0;0.0
yf_ZW=F_d11;20700;ASH_COATED_OSMIUM;9902;14;9898;12;;;9909;8;9913;17;;;9905.5;0.0
yf_ZW=F_d11;20700;INTARIAN_PEPPER_ROOT;11361;12;11357;16;;;11373;13;11377;18;;;11367.0;0.0
yf_ZW=F_d11;20800;ASH_COATED_OSMIUM;9901;12;9899;18;;;9912;19;9914;17;;;9906.5;0.0
yf_ZW=F_d11;20800;INTARIAN_PEPPER_ROOT;11360;9;11356;25;;;11366;11;11370;21;;;11363.0;0.0
yf_ZW=F_d11;20900;ASH_COATED_OSMIUM;9900;5;9898;17;;;9911;12;9913;15;;;9905.5;0.0
yf_ZW=F_d11;20900;INTARIAN_PEPPER_ROOT;11353;17;11351;26;;;11364;13;11368;23;;;11358.5;0.0
yf_ZW=F_d11;21000;ASH_COATED_OSMIUM;9893;12;9889;18;;;9920;14;9923;24;;;9906.5;0.0
yf_ZW=F_d11;21000;INTARIAN_PEPPER_ROOT;11350;16;11348;21;;;11356;15;11358;15;;;11353.0;0.0
yf_ZW=F_d11;21100;ASH_COATED_OSMIUM;9894;14;9892;15;;;9920;15;9924;17;;;9907.0;0.0
yf_ZW=F_d11;21100;INTARIAN_PEPPER_ROOT;11346;21;11343;18;;;11352;18;11355;12;;;11349.0;0.0
yf_ZW=F_d11;21200;ASH_COATED_OSMIUM;9903;14;9899;22;;;9909;25;9911;18;;;9906.0;0.0
yf_ZW=F_d11;21200;INTARIAN_PEPPER_ROOT;11341;18;11338;14;;;11347;9;11349;18;;;11344.0;0.0
yf_ZW=F_d11;21300;ASH_COATED_OSMIUM;9903;14;9899;22;;;9909;8;9911;18;;;9906.0;0.0
yf_ZW=F_d11;21300;INTARIAN_PEPPER_ROOT;11337;17;11333;17;;;11343;14;11347;16;;;11340.0;0.0
yf_ZW=F_d11;21400;ASH_COATED_OSMIUM;9898;13;9896;24;;;9914;16;9917;19;;;9906.0;0.0
yf_ZW=F_d11;21400;INTARIAN_PEPPER_ROOT;11333;5;11330;19;;;11339;5;11341;22;;;11336.0;0.0
yf_ZW=F_d11;21500;ASH_COATED_OSMIUM;9903;15;9899;12;;;9909;10;9913;18;;;9906.0;0.0
yf_ZW=F_d11;21500;INTARIAN_PEPPER_ROOT;11326;16;11324;23;;;11335;16;11337;18;;;11330.5;0.0
yf_ZW=F_d11;21600;ASH_COATED_OSMIUM;9903;16;9899;15;;;9909;12;9911;23;;;9906.0;0.0
yf_ZW=F_d11;21600;INTARIAN_PEPPER_ROOT;11323;5;11319;14;;;11329;9;11331;27;;;11326.0;0.0
yf_ZW=F_d11;21700;ASH_COATED_OSMIUM;9902;20;9899;17;;;9909;14;9913;20;;;9905.5;0.0
yf_ZW=F_d11;21700;INTARIAN_PEPPER_ROOT;11319;19;11316;11;;;11325;24;11328;18;;;11322.0;0.0
yf_ZW=F_d11;21800;ASH_COATED_OSMIUM;9903;10;9901;20;;;9909;14;9912;11;;;9906.0;0.0
yf_ZW=F_d11;21800;INTARIAN_PEPPER_ROOT;11314;10;11311;20;;;11320;11;11323;26;;;11317.0;0.0
yf_ZW=F_d11;21900;ASH_COATED_OSMIUM;9894;11;9892;22;;;9919;12;9923;21;;;9906.5;0.0
yf_ZW=F_d11;21900;INTARIAN_PEPPER_ROOT;11310;21;11307;27;;;11316;15;11318;22;;;11313.0;0.0
yf_ZW=F_d11;22000;ASH_COATED_OSMIUM;9903;18;9901;23;;;9910;5;9914;18;;;9906.5;0.0
yf_ZW=F_d11;22000;INTARIAN_PEPPER_ROOT;11305;16;11302;15;;;11311;18;11315;18;;;11308.0;0.0
yf_ZW=F_d11;22100;ASH_COATED_OSMIUM;9903;24;9901;22;;;9909;6;9911;20;;;9906.0;0.0
yf_ZW=F_d11;22100;INTARIAN_PEPPER_ROOT;11300;14;11296;27;;;11306;11;11310;20;;;11303.0;0.0
yf_ZW=F_d11;22200;ASH_COATED_OSMIUM;9903;19;9899;21;;;9909;19;9912;14;;;9906.0;0.0
yf_ZW=F_d11;22200;INTARIAN_PEPPER_ROOT;11296;14;11292;16;;;11302;20;11305;14;;;11299.0;0.0
yf_ZW=F_d11;22300;ASH_COATED_OSMIUM;9903;14;9899;19;;;9909;13;9911;8;;;9906.0;0.0
yf_ZW=F_d11;22300;INTARIAN_PEPPER_ROOT;11285;15;11282;20;;;11304;17;11307;26;;;11294.5;0.0
yf_ZW=F_d11;22400;ASH_COATED_OSMIUM;9903;18;9899;15;;;9909;18;9913;20;;;9906.0;0.0
yf_ZW=F_d11;22400;INTARIAN_PEPPER_ROOT;11286;10;11283;17;;;11292;17;11296;14;;;11289.0;0.0
yf_ZW=F_d11;22500;ASH_COATED_OSMIUM;9900;19;9898;18;;;9913;22;9916;13;;;9906.5;0.0
yf_ZW=F_d11;22500;INTARIAN_PEPPER_ROOT;11281;9;11278;20;;;11289;17;11292;25;;;11285.0;0.0
yf_ZW=F_d11;22600;ASH_COATED_OSMIUM;9904;17;9901;21;;;9910;5;9913;20;;;9907.0;0.0
yf_ZW=F_d11;22600;INTARIAN_PEPPER_ROOT;11270;16;11267;23;;;11291;14;11293;19;;;11280.5;0.0
yf_ZW=F_d11;22700;ASH_COATED_OSMIUM;9903;8;9901;28;;;9909;9;9913;26;;;9906.0;0.0
yf_ZW=F_d11;22700;INTARIAN_PEPPER_ROOT;11268;15;11264;10;;;11285;15;11287;19;;;11276.5;0.0
yf_ZW=F_d11;22800;ASH_COATED_OSMIUM;9900;17;9896;20;;;9912;23;9915;19;;;9906.0;0.0
yf_ZW=F_d11;22800;INTARIAN_PEPPER_ROOT;11263;19;11260;23;;;11281;15;11283;20;;;11272.0;0.0
yf_ZW=F_d11;22900;ASH_COATED_OSMIUM;9901;14;9899;27;;;9911;10;9914;18;;;9906.0;0.0
yf_ZW=F_d11;22900;INTARIAN_PEPPER_ROOT;11264;11;11262;22;;;11270;15;11273;20;;;11267.0;0.0
yf_ZW=F_d11;23000;ASH_COATED_OSMIUM;9903;11;9901;18;;;9909;5;9913;20;;;9906.0;0.0
yf_ZW=F_d11;23000;INTARIAN_PEPPER_ROOT;11260;12;11257;21;;;11266;8;11268;17;;;11263.0;0.0
yf_ZW=F_d11;23100;ASH_COATED_OSMIUM;9903;13;9901;19;;;9910;22;9912;16;;;9906.5;0.0
yf_ZW=F_d11;23100;INTARIAN_PEPPER_ROOT;11245;23;11243;8;;;11270;16;11273;28;;;11257.5;0.0
yf_ZW=F_d11;23200;ASH_COATED_OSMIUM;9897;16;9893;18;;;9916;8;9919;20;;;9906.5;0.0
yf_ZW=F_d11;23200;INTARIAN_PEPPER_ROOT;11250;20;11246;15;;;11256;11;11259;20;;;11253.0;0.0
yf_ZW=F_d11;23300;ASH_COATED_OSMIUM;9904;13;9901;20;;;9910;6;9914;23;;;9907.0;0.0
yf_ZW=F_d11;23300;INTARIAN_PEPPER_ROOT;11244;11;11240;18;;;11255;18;11257;19;;;11249.5;0.0
yf_ZW=F_d11;23400;ASH_COATED_OSMIUM;9900;11;9897;22;;;9912;18;9915;26;;;9906.0;0.0
yf_ZW=F_d11;23400;INTARIAN_PEPPER_ROOT;11233;5;11231;19;;;11256;15;11259;24;;;11244.5;0.0
yf_ZW=F_d11;23500;ASH_COATED_OSMIUM;9904;17;9901;8;;;9910;17;9914;21;;;9907.0;0.0
yf_ZW=F_d11;23500;INTARIAN_PEPPER_ROOT;11237;21;11235;23;;;11243;19;11247;21;;;11240.0;0.0
yf_ZW=F_d11;23600;ASH_COATED_OSMIUM;9904;17;9902;20;;;9910;16;9913;20;;;9907.0;0.0
yf_ZW=F_d11;23600;INTARIAN_PEPPER_ROOT;11224;23;11221;32;;;11248;20;11250;25;;;11236.0;0.0
yf_ZW=F_d11;23700;ASH_COATED_OSMIUM;9904;5;9900;16;;;9910;10;9912;23;;;9907.0;0.0
yf_ZW=F_d11;23700;INTARIAN_PEPPER_ROOT;11228;13;11226;20;;;11234;7;11237;29;;;11231.0;0.0
yf_ZW=F_d11;23800;ASH_COATED_OSMIUM;9904;10;9901;26;;;9910;10;9913;19;;;9907.0;0.0
yf_ZW=F_d11;23800;INTARIAN_PEPPER_ROOT;11220;14;11216;17;;;11232;19;11234;29;;;11226.0;0.0
yf_ZW=F_d11;23900;ASH_COATED_OSMIUM;9903;21;9900;22;;;9909;13;9912;23;;;9906.0;0.0
yf_ZW=F_d11;23900;INTARIAN_PEPPER_ROOT;11219;10;11215;34;;;11225;16;11229;17;;;11222.0;0.0
yf_ZW=F_d11;24000;ASH_COATED_OSMIUM;9903;16;9900;8;;;9909;13;9911;21;;;9906.0;0.0
yf_ZW=F_d11;24000;INTARIAN_PEPPER_ROOT;11208;5;11204;19;;;11227;8;11229;22;;;11217.5;0.0
yf_ZW=F_d11;24100;ASH_COATED_OSMIUM;9903;17;9901;23;;;9909;10;9911;21;;;9906.0;0.0
yf_ZW=F_d11;24100;INTARIAN_PEPPER_ROOT;11191;15;11188;18;;;11233;16;11235;13;;;11212.0;0.0
yf_ZW=F_d11;24200;ASH_COATED_OSMIUM;9897;12;9895;21;;;9916;9;9920;16;;;9906.5;0.0
yf_ZW=F_d11;24200;INTARIAN_PEPPER_ROOT;11204;29;11200;22;;;11211;11;11215;23;;;11207.5;0.0
yf_ZW=F_d11;24300;ASH_COATED_OSMIUM;9903;12;9901;11;;;9909;17;9911;22;;;9906.0;0.0
yf_ZW=F_d11;24300;INTARIAN_PEPPER_ROOT;11194;24;11191;12;;;11212;23;11216;9;;;11203.0;0.0
yf_ZW=F_d11;24400;ASH_COATED_OSMIUM;9903;12;9899;22;;;9909;10;9912;14;;;9906.0;0.0
yf_ZW=F_d11;24400;INTARIAN_PEPPER_ROOT;11196;12;11192;21;;;11202;11;11205;20;;;11199.0;0.0
yf_ZW=F_d11;24500;ASH_COATED_OSMIUM;9898;24;9894;24;;;9915;13;9918;20;;;9906.5;0.0
yf_ZW=F_d11;24500;INTARIAN_PEPPER_ROOT;11187;10;11184;33;;;11202;5;11204;21;;;11194.5;0.0
yf_ZW=F_d11;24600;ASH_COATED_OSMIUM;9893;10;9890;25;;;9920;12;9923;21;;;9906.5;0.0
yf_ZW=F_d11;24600;INTARIAN_PEPPER_ROOT;11184;5;11181;34;;;11196;9;11198;21;;;11190.0;0.0
yf_ZW=F_d11;24700;ASH_COATED_OSMIUM;9904;18;9902;22;;;9910;13;9913;22;;;9907.0;0.0
yf_ZW=F_d11;24700;INTARIAN_PEPPER_ROOT;11182;24;11178;15;;;11188;14;11191;17;;;11185.0;0.0
yf_ZW=F_d11;24800;ASH_COATED_OSMIUM;9902;22;9898;23;;;9910;17;9913;12;;;9906.0;0.0
yf_ZW=F_d11;24800;INTARIAN_PEPPER_ROOT;11178;14;11174;17;;;11184;19;11187;17;;;11181.0;0.0
yf_ZW=F_d11;24900;ASH_COATED_OSMIUM;9903;10;9899;13;;;9909;13;9912;26;;;9906.0;0.0
yf_ZW=F_d11;24900;INTARIAN_PEPPER_ROOT;11174;17;11170;21;;;11180;16;11183;31;;;11177.0;0.0
yf_ZW=F_d11;25000;ASH_COATED_OSMIUM;9904;9;9900;16;;;9910;7;9912;17;;;9907.0;0.0
yf_ZW=F_d11;25000;INTARIAN_PEPPER_ROOT;11169;14;11165;24;;;11175;9;11177;14;;;11172.0;0.0
yf_ZW=F_d11;25100;ASH_COATED_OSMIUM;9903;16;9899;16;;;9911;6;9914;15;;;9907.0;0.0
yf_ZW=F_d11;25100;INTARIAN_PEPPER_ROOT;11163;24;11159;18;;;11170;14;11173;8;;;11166.5;0.0
yf_ZW=F_d11;25200;ASH_COATED_OSMIUM;9904;14;9901;23;;;9910;24;9914;18;;;9907.0;0.0
yf_ZW=F_d11;25200;INTARIAN_PEPPER_ROOT;11160;24;11156;22;;;11166;17;11168;11;;;11163.0;0.0
yf_ZW=F_d11;25300;ASH_COATED_OSMIUM;9900;5;9898;23;;;9913;18;9916;13;;;9906.5;0.0
yf_ZW=F_d11;25300;INTARIAN_PEPPER_ROOT;11153;19;11151;20;;;11164;10;11166;13;;;11158.5;0.0
yf_ZW=F_d11;25400;ASH_COATED_OSMIUM;9897;12;9895;26;;;9916;15;9919;21;;;9906.5;0.0
yf_ZW=F_d11;25400;INTARIAN_PEPPER_ROOT;11151;19;11147;35;;;11157;13;11161;22;;;11154.0;0.0
yf_ZW=F_d11;25500;ASH_COATED_OSMIUM;9904;15;9900;28;;;9910;17;9912;16;;;9907.0;0.0
yf_ZW=F_d11;25500;INTARIAN_PEPPER_ROOT;11146;20;11142;23;;;11152;13;11155;17;;;11149.0;0.0
yf_ZW=F_d11;25600;ASH_COATED_OSMIUM;9904;22;9902;21;;;9910;11;9914;23;;;9907.0;0.0
yf_ZW=F_d11;25600;INTARIAN_PEPPER_ROOT;11142;13;11139;32;;;11148;17;11152;21;;;11145.0;0.0
yf_ZW=F_d11;25700;ASH_COATED_OSMIUM;9893;16;9891;21;;;9921;16;9923;21;;;9907.0;0.0
yf_ZW=F_d11;25700;INTARIAN_PEPPER_ROOT;11137;5;11134;18;;;11143;9;11146;32;;;11140.0;0.0
yf_ZW=F_d11;25800;ASH_COATED_OSMIUM;9903;10;9901;23;;;9909;16;9913;27;;;9906.0;0.0
yf_ZW=F_d11;25800;INTARIAN_PEPPER_ROOT;11126;11;11124;22;;;11144;10;11148;24;;;11135.0;0.0
yf_ZW=F_d11;25900;ASH_COATED_OSMIUM;9895;18;9892;19;;;9917;17;9919;21;;;9906.0;0.0
yf_ZW=F_d11;25900;INTARIAN_PEPPER_ROOT;11128;18;11125;29;;;11134;24;11138;24;;;11131.0;0.0
yf_ZW=F_d11;26000;ASH_COATED_OSMIUM;9901;15;9897;28;;;9913;6;9916;25;;;9907.0;0.0
yf_ZW=F_d11;26000;INTARIAN_PEPPER_ROOT;11122;10;11118;9;;;11130;13;11132;16;;;11126.0;0.0
yf_ZW=F_d11;26100;ASH_COATED_OSMIUM;9904;16;9902;22;;;9910;25;9914;14;;;9907.0;0.0
yf_ZW=F_d11;26100;INTARIAN_PEPPER_ROOT;11119;12;11115;25;;;11125;17;11127;24;;;11122.0;0.0
yf_ZW=F_d11;26200;ASH_COATED_OSMIUM;9902;20;9899;25;;;9911;14;9915;17;;;9906.5;0.0
yf_ZW=F_d11;26200;INTARIAN_PEPPER_ROOT;11113;23;11110;27;;;11121;11;11123;29;;;11117.0;0.0
yf_ZW=F_d11;26300;ASH_COATED_OSMIUM;9898;21;9895;29;;;9915;12;9919;17;;;9906.5;0.0
yf_ZW=F_d11;26300;INTARIAN_PEPPER_ROOT;11109;8;11107;18;;;11115;12;11117;26;;;11112.0;0.0
yf_ZW=F_d11;26400;ASH_COATED_OSMIUM;9904;24;9900;26;;;9910;12;9912;12;;;9907.0;0.0
yf_ZW=F_d11;26400;INTARIAN_PEPPER_ROOT;11106;16;11102;28;;;11112;14;11116;19;;;11109.0;0.0
yf_ZW=F_d11;26500;ASH_COATED_OSMIUM;9904;14;9901;35;;;9910;11;9914;19;;;9907.0;0.0
yf_ZW=F_d11;26500;INTARIAN_PEPPER_ROOT;11100;9;11097;18;;;11106;18;11108;17;;;11103.0;0.0
yf_ZW=F_d11;26600;ASH_COATED_OSMIUM;9900;12;9896;21;;;9913;19;9916;21;;;9906.5;0.0
yf_ZW=F_d11;26600;INTARIAN_PEPPER_ROOT;11094;20;11090;19;;;11104;7;11106;16;;;11099.0;0.0
yf_ZW=F_d11;26700;ASH_COATED_OSMIUM;9899;14;9896;25;;;9914;19;9918;20;;;9906.5;0.0
yf_ZW=F_d11;26700;INTARIAN_PEPPER_ROOT;11088;16;11084;26;;;11101;15;11104;24;;;11094.5;0.0
yf_ZW=F_d11;26800;ASH_COATED_OSMIUM;9903;17;9901;12;;;9911;5;9915;18;;;9907.0;0.0
yf_ZW=F_d11;26800;INTARIAN_PEPPER_ROOT;11087;15;11083;20;;;11093;12;11096;16;;;11090.0;0.0
yf_ZW=F_d11;26900;ASH_COATED_OSMIUM;9900;15;9897;25;;;9915;9;9917;17;;;9907.5;0.0
yf_ZW=F_d11;26900;INTARIAN_PEPPER_ROOT;11082;18;11078;20;;;11088;19;11090;30;;;11085.0;0.0
yf_ZW=F_d11;27000;ASH_COATED_OSMIUM;9902;21;9900;28;;;9912;8;9916;24;;;9907.0;0.0
yf_ZW=F_d11;27000;INTARIAN_PEPPER_ROOT;11078;24;11074;16;;;11084;22;11086;24;;;11081.0;0.0
yf_ZW=F_d11;27100;ASH_COATED_OSMIUM;9903;16;9901;21;;;9909;12;9913;26;;;9906.0;0.0
yf_ZW=F_d11;27100;INTARIAN_PEPPER_ROOT;11072;14;11068;16;;;11082;10;11085;14;;;11077.0;0.0
yf_ZW=F_d11;27200;ASH_COATED_OSMIUM;9903;12;9900;26;;;9909;15;9912;23;;;9906.0;0.0
yf_ZW=F_d11;27200;INTARIAN_PEPPER_ROOT;11068;16;11065;15;;;11074;22;11076;13;;;11071.0;0.0
yf_ZW=F_d11;27300;ASH_COATED_OSMIUM;9904;10;9900;20;;;9910;16;9913;16;;;9907.0;0.0
yf_ZW=F_d11;27300;INTARIAN_PEPPER_ROOT;11064;12;11062;23;;;11070;20;11072;25;;;11067.0;0.0
yf_ZW=F_d11;27400;ASH_COATED_OSMIUM;9897;20;9894;30;;;9916;23;9920;32;;;9906.5;0.0
yf_ZW=F_d11;27400;INTARIAN_PEPPER_ROOT;11058;9;11055;18;;;11066;21;11069;31;;;11062.0;0.0
yf_ZW=F_d11;27500;ASH_COATED_OSMIUM;9904;16;9900;19;;;9911;12;9915;15;;;9907.5;0.0
yf_ZW=F_d11;27500;INTARIAN_PEPPER_ROOT;11055;11;11053;20;;;11062;16;11066;25;;;11058.5;0.0
yf_ZW=F_d11;27600;ASH_COATED_OSMIUM;9904;23;9902;17;;;9910;13;9912;16;;;9907.0;0.0
yf_ZW=F_d11;27600;INTARIAN_PEPPER_ROOT;11048;10;11044;16;;;11060;10;11062;23;;;11054.0;0.0
yf_ZW=F_d11;27700;ASH_COATED_OSMIUM;9904;9;9901;16;;;9910;16;9914;32;;;9907.0;0.0
yf_ZW=F_d11;27700;INTARIAN_PEPPER_ROOT;11046;5;11043;15;;;11052;19;11054;29;;;11049.0;0.0
yf_ZW=F_d11;27800;ASH_COATED_OSMIUM;9904;12;9902;22;;;9910;8;9913;25;;;9907.0;0.0
yf_ZW=F_d11;27800;INTARIAN_PEPPER_ROOT;11035;22;11031;17;;;11055;17;11057;24;;;11045.0;0.0
yf_ZW=F_d11;27900;ASH_COATED_OSMIUM;9903;16;9900;22;;;9912;13;9915;24;;;9907.5;0.0
yf_ZW=F_d11;27900;INTARIAN_PEPPER_ROOT;11038;8;11035;17;;;11044;20;11046;18;;;11041.0;0.0
yf_ZW=F_d11;28000;ASH_COATED_OSMIUM;9894;19;9890;17;;;9919;9;9922;29;;;9906.5;0.0
yf_ZW=F_d11;28000;INTARIAN_PEPPER_ROOT;11032;16;11029;16;;;11039;20;11042;29;;;11035.5;0.0
yf_ZW=F_d11;28100;ASH_COATED_OSMIUM;9904;17;9900;15;;;9910;16;9912;16;;;9907.0;0.0
yf_ZW=F_d11;28100;INTARIAN_PEPPER_ROOT;11025;16;11021;22;;;11038;18;11042;25;;;11031.5;0.0
yf_ZW=F_d11;28200;ASH_COATED_OSMIUM;9905;7;9903;20;;;9911;13;9913;11;;;9908.0;0.0
yf_ZW=F_d11;28200;INTARIAN_PEPPER_ROOT;11017;11;11013;14;;;11035;20;11037;18;;;11026.0;0.0
yf_ZW=F_d11;28300;ASH_COATED_OSMIUM;9904;17;9900;13;;;9910;9;9912;18;;;9907.0;0.0
yf_ZW=F_d11;28300;INTARIAN_PEPPER_ROOT;11019;12;11016;27;;;11025;15;11028;18;;;11022.0;0.0
yf_ZW=F_d11;28400;ASH_COATED_OSMIUM;9904;16;9901;18;;;9910;15;9912;23;;;9907.0;0.0
yf_ZW=F_d11;28400;INTARIAN_PEPPER_ROOT;11014;15;11012;13;;;11020;17;11023;20;;;11017.0;0.0
yf_ZW=F_d11;28500;ASH_COATED_OSMIUM;9904;15;9902;24;;;9910;10;9913;25;;;9907.0;0.0
yf_ZW=F_d11;28500;INTARIAN_PEPPER_ROOT;11007;16;11004;16;;;11018;10;11020;31;;;11012.5;0.0
yf_ZW=F_d11;28600;ASH_COATED_OSMIUM;9904;15;9902;18;;;9910;12;9914;24;;;9907.0;0.0
yf_ZW=F_d11;28600;INTARIAN_PEPPER_ROOT;11004;13;11001;18;;;11011;5;11015;23;;;11007.5;0.0
yf_ZW=F_d11;28700;ASH_COATED_OSMIUM;9904;10;9900;19;;;9910;13;9913;21;;;9907.0;0.0
yf_ZW=F_d11;28700;INTARIAN_PEPPER_ROOT;11000;11;10997;17;;;11007;14;11009;17;;;11003.5;0.0
yf_ZW=F_d11;28800;ASH_COATED_OSMIUM;9904;18;9900;15;;;9910;5;9912;21;;;9907.0;0.0
yf_ZW=F_d11;28800;INTARIAN_PEPPER_ROOT;10994;14;10991;25;;;11005;6;11008;11;;;10999.5;0.0
yf_ZW=F_d11;28900;ASH_COATED_OSMIUM;9904;12;9901;11;;;9910;22;9913;15;;;9907.0;0.0
yf_ZW=F_d11;28900;INTARIAN_PEPPER_ROOT;10992;18;10989;16;;;10998;18;11001;17;;;10995.0;0.0
yf_ZW=F_d11;29000;ASH_COATED_OSMIUM;9904;7;9901;24;;;9910;19;9913;16;;;9907.0;0.0
yf_ZW=F_d11;29000;INTARIAN_PEPPER_ROOT;10981;20;10978;16;;;10998;18;11002;13;;;10989.5;0.0
yf_ZW=F_d11;29100;ASH_COATED_OSMIUM;9895;16;9893;32;;;9919;16;9922;22;;;9907.0;0.0
yf_ZW=F_d11;29100;INTARIAN_PEPPER_ROOT;10983;24;10980;14;;;10989;7;10992;12;;;10986.0;0.0
yf_ZW=F_d11;29200;ASH_COATED_OSMIUM;9904;9;9900;21;;;9910;20;9914;23;;;9907.0;0.0
yf_ZW=F_d11;29200;INTARIAN_PEPPER_ROOT;10977;14;10974;22;;;10984;13;10988;14;;;10980.5;0.0
yf_ZW=F_d11;29300;ASH_COATED_OSMIUM;9904;19;9900;20;;;9911;24;9915;16;;;9907.5;0.0
yf_ZW=F_d11;29300;INTARIAN_PEPPER_ROOT;10974;15;10972;18;;;10980;9;10984;17;;;10977.0;0.0
yf_ZW=F_d11;29400;ASH_COATED_OSMIUM;9900;24;9897;25;;;9915;19;9917;13;;;9907.5;0.0
yf_ZW=F_d11;29400;INTARIAN_PEPPER_ROOT;10960;13;10956;25;;;10984;20;10986;20;;;10972.0;0.0
yf_ZW=F_d11;29500;ASH_COATED_OSMIUM;9904;22;9902;18;;;9910;13;9913;17;;;9907.0;0.0
yf_ZW=F_d11;29500;INTARIAN_PEPPER_ROOT;10964;17;10960;29;;;10970;11;10974;14;;;10967.0;0.0
yf_ZW=F_d11;29600;ASH_COATED_OSMIUM;9904;12;9902;26;;;9910;17;9914;19;;;9907.0;0.0
yf_ZW=F_d11;29600;INTARIAN_PEPPER_ROOT;10960;24;10958;23;;;10966;17;10969;23;;;10963.0;0.0
yf_ZW=F_d11;29700;ASH_COATED_OSMIUM;9903;10;9899;14;;;9910;12;9913;9;;;9906.5;0.0
yf_ZW=F_d11;29700;INTARIAN_PEPPER_ROOT;10955;7;10951;19;;;10961;9;10964;19;;;10958.0;0.0
yf_ZW=F_d11;29800;ASH_COATED_OSMIUM;9901;15;9898;17;;;9913;13;9916;23;;;9907.0;0.0
yf_ZW=F_d11;29800;INTARIAN_PEPPER_ROOT;10951;19;10949;18;;;10957;19;10959;25;;;10954.0;0.0
yf_ZW=F_d11;29900;ASH_COATED_OSMIUM;9901;11;9898;19;;;9915;16;9918;20;;;9908.0;0.0
yf_ZW=F_d11;29900;INTARIAN_PEPPER_ROOT;10936;14;10933;17;;;10962;13;10966;23;;;10949.0;0.0
yf_ZW=F_d11;30000;ASH_COATED_OSMIUM;9904;15;9902;8;;;9910;7;9912;18;;;9907.0;0.0
yf_ZW=F_d11;30000;INTARIAN_PEPPER_ROOT;10940;18;10938;17;;;10951;17;10954;20;;;10945.5;0.0
yf_ZW=F_d11;30100;ASH_COATED_OSMIUM;9900;16;9897;21;;;9914;10;9917;18;;;9907.0;0.0
yf_ZW=F_d11;30100;INTARIAN_PEPPER_ROOT;10937;18;10933;20;;;10943;15;10945;23;;;10940.0;0.0
yf_ZW=F_d11;30200;ASH_COATED_OSMIUM;9904;12;9901;24;;;9911;30;9913;20;;;9907.5;0.0
yf_ZW=F_d11;30200;INTARIAN_PEPPER_ROOT;10933;14;10931;13;;;10939;11;10942;17;;;10936.0;0.0
yf_ZW=F_d11;30300;ASH_COATED_OSMIUM;9904;8;9900;24;;;9910;16;9913;23;;;9907.0;0.0
yf_ZW=F_d11;30300;INTARIAN_PEPPER_ROOT;10928;8;10924;27;;;10934;22;10938;24;;;10931.0;0.0
yf_ZW=F_d11;30400;ASH_COATED_OSMIUM;9904;14;9900;17;;;9911;13;9913;18;;;9907.5;0.0
yf_ZW=F_d11;30400;INTARIAN_PEPPER_ROOT;10924;15;10921;21;;;10930;10;10933;26;;;10927.0;0.0
yf_ZW=F_d11;30500;ASH_COATED_OSMIUM;9904;20;9901;14;;;9911;9;9915;11;;;9907.5;0.0
yf_ZW=F_d11;30500;INTARIAN_PEPPER_ROOT;10919;14;10915;24;;;10925;23;10928;22;;;10922.0;0.0
yf_ZW=F_d11;30600;ASH_COATED_OSMIUM;9904;16;9901;32;;;9910;17;9914;19;;;9907.0;0.0
yf_ZW=F_d11;30600;INTARIAN_PEPPER_ROOT;10915;14;10911;20;;;10921;7;10925;18;;;10918.0;0.0
yf_ZW=F_d11;30700;ASH_COATED_OSMIUM;9905;12;9901;19;;;9911;17;9915;22;;;9908.0;0.0
yf_ZW=F_d11;30700;INTARIAN_PEPPER_ROOT;10909;9;10905;21;;;10917;17;10920;19;;;10913.0;0.0
yf_ZW=F_d11;30800;ASH_COATED_OSMIUM;9904;14;9901;29;;;9910;22;9912;25;;;9907.0;0.0
yf_ZW=F_d11;30800;INTARIAN_PEPPER_ROOT;10904;9;10900;12;;;10911;23;10915;27;;;10907.5;0.0
yf_ZW=F_d11;30900;ASH_COATED_OSMIUM;9892;14;9890;9;;;9922;16;9925;13;;;9907.0;0.0
yf_ZW=F_d11;30900;INTARIAN_PEPPER_ROOT;10899;16;10895;13;;;10909;15;10912;24;;;10904.0;0.0
yf_ZW=F_d11;31000;ASH_COATED_OSMIUM;9895;10;9891;27;;;9920;13;9924;23;;;9907.5;0.0
yf_ZW=F_d11;31000;INTARIAN_PEPPER_ROOT;10896;14;10892;16;;;10902;10;10904;15;;;10899.0;0.0
yf_ZW=F_d11;31100;ASH_COATED_OSMIUM;9904;16;9902;19;;;9910;13;9913;13;;;9907.0;0.0
yf_ZW=F_d11;31100;INTARIAN_PEPPER_ROOT;10892;13;10889;25;;;10898;5;10902;15;;;10895.0;0.0
yf_ZW=F_d11;31200;ASH_COATED_OSMIUM;9897;21;9895;16;;;9918;22;9920;26;;;9907.5;0.0
yf_ZW=F_d11;31200;INTARIAN_PEPPER_ROOT;10886;13;10883;21;;;10893;11;10896;21;;;10889.5;0.0
yf_ZW=F_d11;31300;ASH_COATED_OSMIUM;9904;13;9900;10;;;9910;12;9912;27;;;9907.0;0.0
yf_ZW=F_d11;31300;INTARIAN_PEPPER_ROOT;10883;5;10880;13;;;10889;11;10891;20;;;10886.0;0.0
yf_ZW=F_d11;31400;ASH_COATED_OSMIUM;9903;17;9900;14;;;9910;18;9913;18;;;9906.5;0.0
yf_ZW=F_d11;31400;INTARIAN_PEPPER_ROOT;10875;21;10871;19;;;10887;8;10890;17;;;10881.0;0.0
yf_ZW=F_d11;31500;ASH_COATED_OSMIUM;9904;8;9901;18;;;9910;8;9912;22;;;9907.0;0.0
yf_ZW=F_d11;31500;INTARIAN_PEPPER_ROOT;10872;10;10868;15;;;10883;13;10885;20;;;10877.5;0.0
yf_ZW=F_d11;31600;ASH_COATED_OSMIUM;9894;18;9892;27;;;9921;17;9923;14;;;9907.5;0.0
yf_ZW=F_d11;31600;INTARIAN_PEPPER_ROOT;10869;16;10866;19;;;10875;18;10878;20;;;10872.0;0.0
yf_ZW=F_d11;31700;ASH_COATED_OSMIUM;9897;25;9895;26;;;9917;14;9921;17;;;9907.0;0.0
yf_ZW=F_d11;31700;INTARIAN_PEPPER_ROOT;10865;11;10861;17;;;10871;22;10873;18;;;10868.0;0.0
yf_ZW=F_d11;31800;ASH_COATED_OSMIUM;9896;13;9894;19;;;9919;14;9921;22;;;9907.5;0.0
yf_ZW=F_d11;31800;INTARIAN_PEPPER_ROOT;10860;10;10857;32;;;10866;5;10870;21;;;10863.0;0.0
yf_ZW=F_d11;31900;ASH_COATED_OSMIUM;9903;8;9899;18;;;9912;15;9916;25;;;9907.5;0.0
yf_ZW=F_d11;31900;INTARIAN_PEPPER_ROOT;10856;14;10854;17;;;10862;11;10864;21;;;10859.0;0.0
yf_ZW=F_d11;32000;ASH_COATED_OSMIUM;9904;14;9902;23;;;9910;14;9912;11;;;9907.0;0.0
yf_ZW=F_d11;32000;INTARIAN_PEPPER_ROOT;10848;16;10844;27;;;10860;12;10863;24;;;10854.0;0.0
yf_ZW=F_d11;32100;ASH_COATED_OSMIUM;9904;18;9902;20;;;9911;18;9913;16;;;9907.5;0.0
yf_ZW=F_d11;32100;INTARIAN_PEPPER_ROOT;10844;15;10840;11;;;10855;10;10858;11;;;10849.5;0.0
yf_ZW=F_d11;32200;ASH_COATED_OSMIUM;9904;18;9900;19;;;9910;11;9914;20;;;9907.0;0.0
yf_ZW=F_d11;32200;INTARIAN_PEPPER_ROOT;10842;17;10840;22;;;10848;14;10851;23;;;10845.0;0.0
yf_ZW=F_d11;32300;ASH_COATED_OSMIUM;9904;14;9900;23;;;9910;25;9912;19;;;9907.0;0.0
yf_ZW=F_d11;32300;INTARIAN_PEPPER_ROOT;10833;12;10829;18;;;10847;7;10851;19;;;10840.0;0.0
yf_ZW=F_d11;32400;ASH_COATED_OSMIUM;9904;11;9901;23;;;9912;26;9916;26;;;9908.0;0.0
yf_ZW=F_d11;32400;INTARIAN_PEPPER_ROOT;10830;10;10827;18;;;10842;10;10845;13;;;10836.0;0.0
yf_ZW=F_d11;32500;ASH_COATED_OSMIUM;9904;19;9902;16;;;9911;14;9913;16;;;9907.5;0.0
yf_ZW=F_d11;32500;INTARIAN_PEPPER_ROOT;10828;16;10826;25;;;10834;22;10836;20;;;10831.0;0.0
yf_ZW=F_d11;32600;ASH_COATED_OSMIUM;9905;6;9902;13;;;9911;7;9915;23;;;9908.0;0.0
yf_ZW=F_d11;32600;INTARIAN_PEPPER_ROOT;10824;18;10820;25;;;10830;19;10832;21;;;10827.0;0.0
yf_ZW=F_d11;32700;ASH_COATED_OSMIUM;9905;9;9903;19;;;9911;5;9913;18;;;9908.0;0.0
yf_ZW=F_d11;32700;INTARIAN_PEPPER_ROOT;10819;22;10815;25;;;10825;10;10827;15;;;10822.0;0.0
yf_ZW=F_d11;32800;ASH_COATED_OSMIUM;9901;12;9898;22;;;9912;5;9914;22;;;9906.5;0.0
yf_ZW=F_d11;32800;INTARIAN_PEPPER_ROOT;10814;15;10812;16;;;10821;27;10824;27;;;10817.5;0.0
yf_ZW=F_d11;32900;ASH_COATED_OSMIUM;9900;16;9897;20;;;9915;18;9919;15;;;9907.5;0.0
yf_ZW=F_d11;32900;INTARIAN_PEPPER_ROOT;10810;8;10808;14;;;10816;24;10818;25;;;10813.0;0.0
yf_ZW=F_d11;33000;ASH_COATED_OSMIUM;9902;10;9900;25;;;9914;6;9916;17;;;9908.0;0.0
yf_ZW=F_d11;33000;INTARIAN_PEPPER_ROOT;10806;23;10803;26;;;10812;10;10814;23;;;10809.0;0.0
yf_ZW=F_d11;33100;ASH_COATED_OSMIUM;9905;12;9901;22;;;9911;23;9913;18;;;9908.0;0.0
yf_ZW=F_d11;33100;INTARIAN_PEPPER_ROOT;10801;19;10799;23;;;10807;6;10809;21;;;10804.0;0.0
yf_ZW=F_d11;33200;ASH_COATED_OSMIUM;9898;16;9894;24;;;9917;12;9921;20;;;9907.5;0.0
yf_ZW=F_d11;33200;INTARIAN_PEPPER_ROOT;10797;13;10795;19;;;10803;12;10805;14;;;10800.0;0.0
yf_ZW=F_d11;33300;ASH_COATED_OSMIUM;9905;20;9901;24;;;9911;16;9913;14;;;9908.0;0.0
yf_ZW=F_d11;33300;INTARIAN_PEPPER_ROOT;10792;11;10788;24;;;10798;15;10801;23;;;10795.0;0.0
yf_ZW=F_d11;33400;ASH_COATED_OSMIUM;9896;13;9893;20;;;9919;8;9922;21;;;9907.5;0.0
yf_ZW=F_d11;33400;INTARIAN_PEPPER_ROOT;10785;19;10781;21;;;10796;10;10799;22;;;10790.5;0.0
yf_ZW=F_d11;33500;ASH_COATED_OSMIUM;9901;16;9897;25;;;9914;19;9917;12;;;9907.5;0.0
yf_ZW=F_d11;33500;INTARIAN_PEPPER_ROOT;10783;10;10779;15;;;10789;12;10791;24;;;10786.0;0.0
yf_ZW=F_d11;33600;ASH_COATED_OSMIUM;9897;9;9893;31;;;9918;14;9920;15;;;9907.5;0.0
yf_ZW=F_d11;33600;INTARIAN_PEPPER_ROOT;10773;21;10770;20;;;10790;10;10794;9;;;10781.5;0.0
yf_ZW=F_d11;33700;ASH_COATED_OSMIUM;9904;12;9902;23;;;9910;15;9914;17;;;9907.0;0.0
yf_ZW=F_d11;33700;INTARIAN_PEPPER_ROOT;10774;5;10772;13;;;10780;17;10782;25;;;10777.0;0.0
yf_ZW=F_d11;33800;ASH_COATED_OSMIUM;9904;14;9901;18;;;9910;16;9912;20;;;9907.0;0.0
yf_ZW=F_d11;33800;INTARIAN_PEPPER_ROOT;10769;14;10765;29;;;10775;19;10778;16;;;10772.0;0.0
yf_ZW=F_d11;33900;ASH_COATED_OSMIUM;9902;24;9900;17;;;9913;21;9917;25;;;9907.5;0.0
yf_ZW=F_d11;33900;INTARIAN_PEPPER_ROOT;10764;20;10760;15;;;10770;18;10773;19;;;10767.0;0.0
yf_ZW=F_d11;34000;ASH_COATED_OSMIUM;9896;22;9893;24;;;9919;5;9923;28;;;9907.5;0.0
yf_ZW=F_d11;34000;INTARIAN_PEPPER_ROOT;10764;6;10760;13;;;10774;11;10778;12;;;10769.0;0.0
yf_ZW=F_d11;34100;ASH_COATED_OSMIUM;9904;9;9902;15;;;9910;13;9914;27;;;9907.0;0.0
yf_ZW=F_d11;34100;INTARIAN_PEPPER_ROOT;10767;16;10763;18;;;10773;18;10775;29;;;10770.0;0.0
yf_ZW=F_d11;34200;ASH_COATED_OSMIUM;9904;7;9902;26;;;9912;11;9916;21;;;9908.0;0.0
yf_ZW=F_d11;34200;INTARIAN_PEPPER_ROOT;10767;14;10765;20;;;10775;12;10779;27;;;10771.0;0.0
yf_ZW=F_d11;34300;ASH_COATED_OSMIUM;9905;15;9902;20;;;9911;12;9913;29;;;9908.0;0.0
yf_ZW=F_d11;34300;INTARIAN_PEPPER_ROOT;10769;16;10765;24;;;10775;16;10777;24;;;10772.0;0.0
yf_ZW=F_d11;34400;ASH_COATED_OSMIUM;9903;13;9900;17;;;9911;8;9914;9;;;9907.0;0.0
yf_ZW=F_d11;34400;INTARIAN_PEPPER_ROOT;10770;14;10766;21;;;10776;14;10779;22;;;10773.0;0.0
yf_ZW=F_d11;34500;ASH_COATED_OSMIUM;9904;20;9902;12;;;9911;15;9914;10;;;9907.5;0.0
yf_ZW=F_d11;34500;INTARIAN_PEPPER_ROOT;10772;14;10768;20;;;10778;9;10781;21;;;10775.0;0.0
yf_ZW=F_d11;34600;ASH_COATED_OSMIUM;9900;15;9896;23;;;9914;9;9916;24;;;9907.0;0.0
yf_ZW=F_d11;34600;INTARIAN_PEPPER_ROOT;10769;22;10767;22;;;10781;18;10783;17;;;10775.0;0.0
yf_ZW=F_d11;34700;ASH_COATED_OSMIUM;9904;9;9900;25;;;9910;5;9914;14;;;9907.0;0.0
yf_ZW=F_d11;34700;INTARIAN_PEPPER_ROOT;10773;13;10769;15;;;10779;13;10781;19;;;10776.0;0.0
yf_ZW=F_d11;34800;ASH_COATED_OSMIUM;9905;21;9901;19;;;9911;16;9915;16;;;9908.0;0.0
yf_ZW=F_d11;34800;INTARIAN_PEPPER_ROOT;10774;9;10772;20;;;10780;19;10783;14;;;10777.0;0.0
yf_ZW=F_d11;34900;ASH_COATED_OSMIUM;9903;21;9899;19;;;9912;12;9914;28;;;9907.5;0.0
yf_ZW=F_d11;34900;INTARIAN_PEPPER_ROOT;10775;16;10772;20;;;10781;18;10785;19;;;10778.0;0.0
yf_ZW=F_d11;35000;ASH_COATED_OSMIUM;9905;5;9901;20;;;9911;10;9914;18;;;9908.0;0.0
yf_ZW=F_d11;35000;INTARIAN_PEPPER_ROOT;10776;15;10774;24;;;10782;8;10784;23;;;10779.0;0.0
yf_ZW=F_d11;35100;ASH_COATED_OSMIUM;9904;8;9900;28;;;9910;18;9914;18;;;9907.0;0.0
yf_ZW=F_d11;35100;INTARIAN_PEPPER_ROOT;10777;17;10774;25;;;10783;18;10785;25;;;10780.0;0.0
yf_ZW=F_d11;35200;ASH_COATED_OSMIUM;9904;9;9900;15;;;9910;23;9914;22;;;9907.0;0.0
yf_ZW=F_d11;35200;INTARIAN_PEPPER_ROOT;10776;22;10772;20;;;10787;19;10789;16;;;10781.5;0.0
yf_ZW=F_d11;35300;ASH_COATED_OSMIUM;9904;11;9902;16;;;9910;14;9914;9;;;9907.0;0.0
yf_ZW=F_d11;35300;INTARIAN_PEPPER_ROOT;10780;17;10777;20;;;10786;8;10789;8;;;10783.0;0.0
yf_ZW=F_d11;35400;ASH_COATED_OSMIUM;9904;17;9902;12;;;9910;19;9914;25;;;9907.0;0.0
yf_ZW=F_d11;35400;INTARIAN_PEPPER_ROOT;10776;16;10774;23;;;10791;18;10795;20;;;10783.5;0.0
yf_ZW=F_d11;35500;ASH_COATED_OSMIUM;9901;25;9897;31;;;9913;5;9916;13;;;9907.0;0.0
yf_ZW=F_d11;35500;INTARIAN_PEPPER_ROOT;10782;19;10779;19;;;10788;8;10790;16;;;10785.0;0.0
yf_ZW=F_d11;35600;ASH_COATED_OSMIUM;9905;12;9903;13;;;9911;14;9915;16;;;9908.0;0.0
yf_ZW=F_d11;35600;INTARIAN_PEPPER_ROOT;10767;19;10765;17;;;10803;5;10807;14;;;10785.0;0.0
yf_ZW=F_d11;35700;ASH_COATED_OSMIUM;9904;22;9902;21;;;9910;12;9912;17;;;9907.0;0.0
yf_ZW=F_d11;35700;INTARIAN_PEPPER_ROOT;10783;10;10781;14;;;10789;13;10791;13;;;10786.0;0.0
yf_ZW=F_d11;35800;ASH_COATED_OSMIUM;9904;12;9900;12;;;9912;17;9914;19;;;9908.0;0.0
yf_ZW=F_d11;35800;INTARIAN_PEPPER_ROOT;10784;19;10782;23;;;10790;16;10792;21;;;10787.0;0.0
yf_ZW=F_d11;35900;ASH_COATED_OSMIUM;9900;9;9897;17;;;9913;18;9916;18;;;9906.5;0.0
yf_ZW=F_d11;35900;INTARIAN_PEPPER_ROOT;10785;23;10781;26;;;10791;12;10794;19;;;10788.0;0.0
yf_ZW=F_d11;36000;ASH_COATED_OSMIUM;9902;10;9899;22;;;9912;11;9914;26;;;9907.0;0.0
yf_ZW=F_d11;36000;INTARIAN_PEPPER_ROOT;10786;16;10783;23;;;10792;13;10794;28;;;10789.0;0.0
yf_ZW=F_d11;36100;ASH_COATED_OSMIUM;9904;15;9901;23;;;9910;9;9914;23;;;9907.0;0.0
yf_ZW=F_d11;36100;INTARIAN_PEPPER_ROOT;10780;21;10777;14;;;10801;18;10805;29;;;10790.5;0.0
yf_ZW=F_d11;36200;ASH_COATED_OSMIUM;9904;16;9902;16;;;9910;17;9914;26;;;9907.0;0.0
yf_ZW=F_d11;36200;INTARIAN_PEPPER_ROOT;10785;18;10781;30;;;10797;14;10799;26;;;10791.0;0.0
yf_ZW=F_d11;36300;ASH_COATED_OSMIUM;9904;12;9900;13;;;9910;24;9912;22;;;9907.0;0.0
yf_ZW=F_d11;36300;INTARIAN_PEPPER_ROOT;10789;23;10787;16;;;10795;18;10797;23;;;10792.0;0.0
yf_ZW=F_d11;36400;ASH_COATED_OSMIUM;9905;16;9903;18;;;9911;21;9913;20;;;9908.0;0.0
yf_ZW=F_d11;36400;INTARIAN_PEPPER_ROOT;10791;15;10788;24;;;10797;18;10799;23;;;10794.0;0.0
yf_ZW=F_d11;36500;ASH_COATED_OSMIUM;9880;20;9877;24;;;9935;13;9939;22;;;9907.5;0.0
yf_ZW=F_d11;36500;INTARIAN_PEPPER_ROOT;10791;21;10788;26;;;10797;11;10800;19;;;10794.0;0.0
yf_ZW=F_d11;36600;ASH_COATED_OSMIUM;9904;11;9902;26;;;9910;17;9913;15;;;9907.0;0.0
yf_ZW=F_d11;36600;INTARIAN_PEPPER_ROOT;10789;15;10787;24;;;10803;19;10805;14;;;10796.0;0.0
yf_ZW=F_d11;36700;ASH_COATED_OSMIUM;9893;13;9891;15;;;9921;16;9923;20;;;9907.0;0.0
yf_ZW=F_d11;36700;INTARIAN_PEPPER_ROOT;10794;28;10791;19;;;10800;17;10804;17;;;10797.0;0.0
yf_ZW=F_d11;36800;ASH_COATED_OSMIUM;9903;21;9899;21;;;9909;8;9913;16;;;9906.0;0.0
yf_ZW=F_d11;36800;INTARIAN_PEPPER_ROOT;10793;7;10791;24;;;10802;17;10804;18;;;10797.5;0.0
yf_ZW=F_d11;36900;ASH_COATED_OSMIUM;9899;17;9896;19;;;9916;16;9918;13;;;9907.5;0.0
yf_ZW=F_d11;36900;INTARIAN_PEPPER_ROOT;10796;15;10792;17;;;10802;9;10806;27;;;10799.0;0.0
yf_ZW=F_d11;37000;ASH_COATED_OSMIUM;9883;21;9879;25;;;9929;19;9931;27;;;9906.0;0.0
yf_ZW=F_d11;37000;INTARIAN_PEPPER_ROOT;10796;10;10794;19;;;10802;14;10805;15;;;10799.0;0.0
yf_ZW=F_d11;37100;ASH_COATED_OSMIUM;9902;23;9900;15;;;9910;10;9913;27;;;9906.0;0.0
yf_ZW=F_d11;37100;INTARIAN_PEPPER_ROOT;10797;14;10793;24;;;10804;17;10807;17;;;10800.5;0.0
yf_ZW=F_d11;37200;ASH_COATED_OSMIUM;9904;16;9901;21;;;9910;5;9912;19;;;9907.0;0.0
yf_ZW=F_d11;37200;INTARIAN_PEPPER_ROOT;10798;16;10796;29;;;10805;13;10808;27;;;10801.5;0.0
yf_ZW=F_d11;37300;ASH_COATED_OSMIUM;9904;14;9901;20;;;9910;15;9913;30;;;9907.0;0.0
yf_ZW=F_d11;37300;INTARIAN_PEPPER_ROOT;10799;5;10795;21;;;10805;11;10809;14;;;10802.0;0.0
yf_ZW=F_d11;37400;ASH_COATED_OSMIUM;9904;11;9901;14;;;9910;14;9913;23;;;9907.0;0.0
yf_ZW=F_d11;37400;INTARIAN_PEPPER_ROOT;10792;24;10788;18;;;10814;13;10818;17;;;10803.0;0.0
yf_ZW=F_d11;37500;ASH_COATED_OSMIUM;9904;13;9901;21;;;9910;9;9912;18;;;9907.0;0.0
yf_ZW=F_d11;37500;INTARIAN_PEPPER_ROOT;10800;18;10796;19;;;10809;15;10812;14;;;10804.5;0.0
yf_ZW=F_d11;37600;ASH_COATED_OSMIUM;9904;5;9902;21;;;9910;8;9912;18;;;9907.0;0.0
yf_ZW=F_d11;37600;INTARIAN_PEPPER_ROOT;10799;18;10795;22;;;10813;25;10815;14;;;10806.0;0.0
yf_ZW=F_d11;37700;ASH_COATED_OSMIUM;9899;17;9897;16;;;9915;13;9918;24;;;9907.0;0.0
yf_ZW=F_d11;37700;INTARIAN_PEPPER_ROOT;10804;18;10802;14;;;10810;13;10813;22;;;10807.0;0.0
yf_ZW=F_d11;37800;ASH_COATED_OSMIUM;9904;15;9901;18;;;9910;16;9913;16;;;9907.0;0.0
yf_ZW=F_d11;37800;INTARIAN_PEPPER_ROOT;10805;19;10802;19;;;10811;14;10813;26;;;10808.0;0.0
yf_ZW=F_d11;37900;ASH_COATED_OSMIUM;9903;22;9901;12;;;9909;14;9912;23;;;9906.0;0.0
yf_ZW=F_d11;37900;INTARIAN_PEPPER_ROOT;10806;11;10802;19;;;10812;16;10814;8;;;10809.0;0.0
yf_ZW=F_d11;38000;ASH_COATED_OSMIUM;9896;19;9893;25;;;9917;25;9919;19;;;9906.5;0.0
yf_ZW=F_d11;38000;INTARIAN_PEPPER_ROOT;10807;14;10805;17;;;10813;19;10816;8;;;10810.0;0.0
yf_ZW=F_d11;38100;ASH_COATED_OSMIUM;9903;9;9900;25;;;9909;13;9911;25;;;9906.0;0.0
yf_ZW=F_d11;38100;INTARIAN_PEPPER_ROOT;10808;18;10804;18;;;10814;10;10817;18;;;10811.0;0.0
yf_ZW=F_d11;38200;ASH_COATED_OSMIUM;9903;12;9899;13;;;9910;26;9914;21;;;9906.5;0.0
yf_ZW=F_d11;38200;INTARIAN_PEPPER_ROOT;10804;14;10802;25;;;10821;25;10824;14;;;10812.5;0.0
yf_ZW=F_d11;38300;ASH_COATED_OSMIUM;9903;30;9901;23;;;9909;19;9912;21;;;9906.0;0.0
yf_ZW=F_d11;38300;INTARIAN_PEPPER_ROOT;10810;21;10807;25;;;10816;12;10820;18;;;10813.0;0.0
yf_ZW=F_d11;38400;ASH_COATED_OSMIUM;9903;13;9901;17;;;9909;15;9912;26;;;9906.0;0.0
yf_ZW=F_d11;38400;INTARIAN_PEPPER_ROOT;10811;11;10807;21;;;10817;9;10819;15;;;10814.0;0.0
yf_ZW=F_d11;38500;ASH_COATED_OSMIUM;9903;8;9901;15;;;9909;12;9913;30;;;9906.0;0.0
yf_ZW=F_d11;38500;INTARIAN_PEPPER_ROOT;10810;16;10806;25;;;10821;11;10823;23;;;10815.5;0.0
yf_ZW=F_d11;38600;ASH_COATED_OSMIUM;9903;24;9899;30;;;9909;6;9911;32;;;9906.0;0.0
yf_ZW=F_d11;38600;INTARIAN_PEPPER_ROOT;10813;16;10810;11;;;10819;12;10822;22;;;10816.0;0.0
yf_ZW=F_d11;38700;ASH_COATED_OSMIUM;9903;21;9901;29;;;9909;17;9912;11;;;9906.0;0.0
yf_ZW=F_d11;38700;INTARIAN_PEPPER_ROOT;10814;18;10810;18;;;10820;24;10823;19;;;10817.0;0.0
yf_ZW=F_d11;38800;ASH_COATED_OSMIUM;9903;18;9901;27;;;9909;21;9913;23;;;9906.0;0.0
yf_ZW=F_d11;38800;INTARIAN_PEPPER_ROOT;10815;11;10813;21;;;10821;8;10824;19;;;10818.0;0.0
yf_ZW=F_d11;38900;ASH_COATED_OSMIUM;9904;21;9901;15;;;9910;12;9912;27;;;9907.0;0.0
yf_ZW=F_d11;38900;INTARIAN_PEPPER_ROOT;10811;18;10807;14;;;10826;12;10830;18;;;10818.5;0.0
yf_ZW=F_d11;39000;ASH_COATED_OSMIUM;9902;8;9898;21;;;9910;10;9914;19;;;9906.0;0.0
yf_ZW=F_d11;39000;INTARIAN_PEPPER_ROOT;10818;15;10814;25;;;10824;17;10827;15;;;10821.0;0.0
yf_ZW=F_d11;39100;ASH_COATED_OSMIUM;9902;16;9900;22;;;9911;7;9913;22;;;9906.5;0.0
yf_ZW=F_d11;39100;INTARIAN_PEPPER_ROOT;10819;19;10816;17;;;10825;17;10828;20;;;10822.0;0.0
yf_ZW=F_d11;39200;ASH_COATED_OSMIUM;9904;16;9900;18;;;9910;7;9912;26;;;9907.0;0.0
yf_ZW=F_d11;39200;INTARIAN_PEPPER_ROOT;10819;13;10816;22;;;10825;18;10827;16;;;10822.0;0.0
yf_ZW=F_d11;39300;ASH_COATED_OSMIUM;9903;11;9899;22;;;9909;19;9913;18;;;9906.0;0.0
yf_ZW=F_d11;39300;INTARIAN_PEPPER_ROOT;10820;14;10816;23;;;10826;12;10828;27;;;10823.0;0.0
yf_ZW=F_d11;39400;ASH_COATED_OSMIUM;9902;19;9899;21;;;9911;14;9915;9;;;9906.5;0.0
yf_ZW=F_d11;39400;INTARIAN_PEPPER_ROOT;10821;10;10818;24;;;10827;10;10830;18;;;10824.0;0.0
yf_ZW=F_d11;39500;ASH_COATED_OSMIUM;9903;16;9899;21;;;9909;16;9911;27;;;9906.0;0.0
yf_ZW=F_d11;39500;INTARIAN_PEPPER_ROOT;10822;24;10820;27;;;10828;12;10832;21;;;10825.0;0.0
yf_ZW=F_d11;39600;ASH_COATED_OSMIUM;9899;26;9896;19;;;9914;14;9918;21;;;9906.5;0.0
yf_ZW=F_d11;39600;INTARIAN_PEPPER_ROOT;10824;5;10822;21;;;10830;24;10832;17;;;10827.0;0.0
yf_ZW=F_d11;39700;ASH_COATED_OSMIUM;9901;13;9898;9;;;9912;13;9916;12;;;9906.5;0.0
yf_ZW=F_d11;39700;INTARIAN_PEPPER_ROOT;10824;14;10821;11;;;10830;21;10832;20;;;10827.0;0.0
yf_ZW=F_d11;39800;ASH_COATED_OSMIUM;9901;11;9899;21;;;9911;18;9913;22;;;9906.0;0.0
yf_ZW=F_d11;39800;INTARIAN_PEPPER_ROOT;10825;13;10823;21;;;10831;25;10834;19;;;10828.0;0.0
yf_ZW=F_d11;39900;ASH_COATED_OSMIUM;9903;14;9899;12;;;9909;6;9913;25;;;9906.0;0.0
yf_ZW=F_d11;39900;INTARIAN_PEPPER_ROOT;10815;9;10811;25;;;10843;19;10846;16;;;10829.0;0.0
yf_ZW=F_d11;40000;ASH_COATED_OSMIUM;9904;24;9901;19;;;9910;21;9914;14;;;9907.0;0.0
yf_ZW=F_d11;40000;INTARIAN_PEPPER_ROOT;10827;11;10823;28;;;10833;20;10835;19;;;10830.0;0.0
yf_ZW=F_d11;40100;ASH_COATED_OSMIUM;9893;16;9890;19;;;9920;5;9922;20;;;9906.5;0.0
yf_ZW=F_d11;40100;INTARIAN_PEPPER_ROOT;10828;21;10826;22;;;10834;10;10837;10;;;10831.0;0.0
yf_ZW=F_d11;40200;ASH_COATED_OSMIUM;9903;9;9899;15;;;9909;10;9911;16;;;9906.0;0.0
yf_ZW=F_d11;40200;INTARIAN_PEPPER_ROOT;10824;15;10822;22;;;10840;16;10842;14;;;10832.0;0.0
yf_ZW=F_d11;40300;ASH_COATED_OSMIUM;9903;21;9899;14;;;9909;7;9913;20;;;9906.0;0.0
yf_ZW=F_d11;40300;INTARIAN_PEPPER_ROOT;10822;23;10820;26;;;10845;15;10847;18;;;10833.5;0.0
yf_ZW=F_d11;40400;ASH_COATED_OSMIUM;9903;14;9901;12;;;9909;7;9912;17;;;9906.0;0.0
yf_ZW=F_d11;40400;INTARIAN_PEPPER_ROOT;10831;14;10829;25;;;10837;21;10840;18;;;10834.0;0.0
yf_ZW=F_d11;40500;ASH_COATED_OSMIUM;9903;16;9899;25;;;9909;15;9911;12;;;9906.0;0.0
yf_ZW=F_d11;40500;INTARIAN_PEPPER_ROOT;10832;13;10830;11;;;10838;16;10840;25;;;10835.0;0.0
yf_ZW=F_d11;40600;ASH_COATED_OSMIUM;9901;11;9898;24;;;9911;12;9913;12;;;9906.0;0.0
yf_ZW=F_d11;40600;INTARIAN_PEPPER_ROOT;10834;20;10831;23;;;10840;13;10842;23;;;10837.0;0.0
yf_ZW=F_d11;40700;ASH_COATED_OSMIUM;9904;18;9900;18;;;9910;20;9914;27;;;9907.0;0.0
yf_ZW=F_d11;40700;INTARIAN_PEPPER_ROOT;10834;12;10830;19;;;10840;14;10843;21;;;10837.0;0.0
yf_ZW=F_d11;40800;ASH_COATED_OSMIUM;9903;20;9900;26;;;9909;11;9913;10;;;9906.0;0.0
yf_ZW=F_d11;40800;INTARIAN_PEPPER_ROOT;10836;12;10833;29;;;10842;10;10846;12;;;10839.0;0.0
yf_ZW=F_d11;40900;ASH_COATED_OSMIUM;9903;19;9900;14;;;9909;17;9912;16;;;9906.0;0.0
yf_ZW=F_d11;40900;INTARIAN_PEPPER_ROOT;10836;6;10832;17;;;10842;11;10845;19;;;10839.0;0.0
yf_ZW=F_d11;41000;ASH_COATED_OSMIUM;9902;14;9899;21;;;9910;14;9912;18;;;9906.0;0.0
yf_ZW=F_d11;41000;INTARIAN_PEPPER_ROOT;10838;16;10836;14;;;10844;12;10847;13;;;10841.0;0.0
yf_ZW=F_d11;41100;ASH_COATED_OSMIUM;9902;14;9899;14;;;9908;9;9912;27;;;9905.0;0.0
yf_ZW=F_d11;41100;INTARIAN_PEPPER_ROOT;10839;15;10835;20;;;10845;14;10847;17;;;10842.0;0.0
yf_ZW=F_d11;41200;ASH_COATED_OSMIUM;9900;24;9898;10;;;9912;13;9914;23;;;9906.0;0.0
yf_ZW=F_d11;41200;INTARIAN_PEPPER_ROOT;10831;18;10827;12;;;10855;10;10859;25;;;10843.0;0.0
yf_ZW=F_d11;41300;ASH_COATED_OSMIUM;9903;16;9899;14;;;9909;11;9913;22;;;9906.0;0.0
yf_ZW=F_d11;41300;INTARIAN_PEPPER_ROOT;10841;10;10839;20;;;10847;11;10851;17;;;10844.0;0.0
yf_ZW=F_d11;41400;ASH_COATED_OSMIUM;9903;19;9901;16;;;9909;22;9913;16;;;9906.0;0.0
yf_ZW=F_d11;41400;INTARIAN_PEPPER_ROOT;10841;5;10837;18;;;10849;7;10851;22;;;10845.0;0.0
yf_ZW=F_d11;41500;ASH_COATED_OSMIUM;9903;30;9899;14;;;9909;14;9911;19;;;9906.0;0.0
yf_ZW=F_d11;41500;INTARIAN_PEPPER_ROOT;10838;24;10836;13;;;10851;5;10853;16;;;10844.5;0.0
yf_ZW=F_d11;41600;ASH_COATED_OSMIUM;9903;9;9901;21;;;9909;13;9911;16;;;9906.0;0.0
yf_ZW=F_d11;41600;INTARIAN_PEPPER_ROOT;10844;19;10842;21;;;10850;24;10854;8;;;10847.0;0.0
yf_ZW=F_d11;41700;ASH_COATED_OSMIUM;9903;16;9899;12;;;9909;10;9912;13;;;9906.0;0.0
yf_ZW=F_d11;41700;INTARIAN_PEPPER_ROOT;10844;22;10841;12;;;10850;17;10853;30;;;10847.0;0.0
yf_ZW=F_d11;41800;ASH_COATED_OSMIUM;9903;18;9899;21;;;9909;13;9911;21;;;9906.0;0.0
yf_ZW=F_d11;41800;INTARIAN_PEPPER_ROOT;10839;19;10835;24;;;10860;6;10864;19;;;10849.5;0.0
yf_ZW=F_d11;41900;ASH_COATED_OSMIUM;9902;22;9900;19;;;9908;18;9912;18;;;9905.0;0.0
yf_ZW=F_d11;41900;INTARIAN_PEPPER_ROOT;10847;21;10845;22;;;10853;10;10857;9;;;10850.0;0.0
yf_ZW=F_d11;42000;ASH_COATED_OSMIUM;9895;5;9892;20;;;9916;7;9919;14;;;9905.5;0.0
yf_ZW=F_d11;42000;INTARIAN_PEPPER_ROOT;10847;11;10844;21;;;10855;15;10859;22;;;10851.0;0.0
yf_ZW=F_d11;42100;ASH_COATED_OSMIUM;9901;15;9897;16;;;9910;12;9914;22;;;9905.5;0.0
yf_ZW=F_d11;42100;INTARIAN_PEPPER_ROOT;10849;13;10847;18;;;10855;8;10857;18;;;10852.0;0.0
yf_ZW=F_d11;42200;ASH_COATED_OSMIUM;9898;14;9895;18;;;9913;13;9916;22;;;9905.5;0.0
yf_ZW=F_d11;42200;INTARIAN_PEPPER_ROOT;10849;5;10847;20;;;10855;13;10857;23;;;10852.0;0.0
yf_ZW=F_d11;42300;ASH_COATED_OSMIUM;9903;9;9899;28;;;9909;17;9913;18;;;9906.0;0.0
yf_ZW=F_d11;42300;INTARIAN_PEPPER_ROOT;10848;14;10846;8;;;10860;22;10862;17;;;10854.0;0.0
yf_ZW=F_d11;42400;ASH_COATED_OSMIUM;9903;14;9901;24;;;9910;11;9913;25;;;9906.5;0.0
yf_ZW=F_d11;42400;INTARIAN_PEPPER_ROOT;10830;6;10828;15;;;10880;19;10883;16;;;10855.0;0.0
yf_ZW=F_d11;42500;ASH_COATED_OSMIUM;9884;17;9881;15;;;9927;13;9929;19;;;9905.5;0.0
yf_ZW=F_d11;42500;INTARIAN_PEPPER_ROOT;10853;9;10851;11;;;10859;10;10862;21;;;10856.0;0.0
yf_ZW=F_d11;42600;ASH_COATED_OSMIUM;9897;13;9895;12;;;9914;12;9917;25;;;9905.5;0.0
yf_ZW=F_d11;42600;INTARIAN_PEPPER_ROOT;10849;16;10847;16;;;10865;13;10869;13;;;10857.0;0.0
yf_ZW=F_d11;42700;ASH_COATED_OSMIUM;9901;14;9898;26;;;9908;12;9910;25;;;9904.5;0.0
yf_ZW=F_d11;42700;INTARIAN_PEPPER_ROOT;10854;16;10851;25;;;10860;13;10863;19;;;10857.0;0.0
yf_ZW=F_d11;42800;ASH_COATED_OSMIUM;9897;24;9895;22;;;9914;14;9918;24;;;9905.5;0.0
yf_ZW=F_d11;42800;INTARIAN_PEPPER_ROOT;10856;6;10853;26;;;10862;14;10864;17;;;10859.0;0.0
yf_ZW=F_d11;42900;ASH_COATED_OSMIUM;9896;10;9892;17;;;9914;17;9916;28;;;9905.0;0.0
yf_ZW=F_d11;42900;INTARIAN_PEPPER_ROOT;10857;12;10855;15;;;10863;18;10866;22;;;10860.0;0.0
yf_ZW=F_d11;43000;ASH_COATED_OSMIUM;9894;15;9890;15;;;9915;18;9919;24;;;9904.5;0.0
yf_ZW=F_d11;43000;INTARIAN_PEPPER_ROOT;10854;14;10851;27;;;10868;14;10870;24;;;10861.0;0.0
yf_ZW=F_d11;43100;ASH_COATED_OSMIUM;9900;12;9897;22;;;9911;10;9913;17;;;9905.5;0.0
yf_ZW=F_d11;43100;INTARIAN_PEPPER_ROOT;10858;12;10855;18;;;10864;6;10867;21;;;10861.0;0.0
yf_ZW=F_d11;43200;ASH_COATED_OSMIUM;9902;21;9900;21;;;9908;18;9910;21;;;9905.0;0.0
yf_ZW=F_d11;43200;INTARIAN_PEPPER_ROOT;10860;13;10856;22;;;10866;20;10869;22;;;10863.0;0.0
yf_ZW=F_d11;43300;ASH_COATED_OSMIUM;9902;12;9899;18;;;9908;11;9912;23;;;9905.0;0.0
yf_ZW=F_d11;43300;INTARIAN_PEPPER_ROOT;10861;9;10857;23;;;10867;21;10871;18;;;10864.0;0.0
yf_ZW=F_d11;43400;ASH_COATED_OSMIUM;9903;16;9900;26;;;9909;8;9912;25;;;9906.0;0.0
yf_ZW=F_d11;43400;INTARIAN_PEPPER_ROOT;10862;5;10858;21;;;10868;14;10872;11;;;10865.0;0.0
yf_ZW=F_d11;43500;ASH_COATED_OSMIUM;9897;11;9894;25;;;9914;16;9916;12;;;9905.5;0.0
yf_ZW=F_d11;43500;INTARIAN_PEPPER_ROOT;10863;12;10861;17;;;10869;13;10873;14;;;10866.0;0.0
yf_ZW=F_d11;43600;ASH_COATED_OSMIUM;9902;5;9900;11;;;9908;8;9912;23;;;9905.0;0.0
yf_ZW=F_d11;43600;INTARIAN_PEPPER_ROOT;10864;11;10862;14;;;10870;13;10872;24;;;10867.0;0.0
yf_ZW=F_d11;43700;ASH_COATED_OSMIUM;9902;10;9900;17;;;9908;19;9912;19;;;9905.0;0.0
yf_ZW=F_d11;43700;INTARIAN_PEPPER_ROOT;10865;20;10863;26;;;10871;10;10875;23;;;10868.0;0.0
yf_ZW=F_d11;43800;ASH_COATED_OSMIUM;9902;19;9898;17;;;9908;8;9910;18;;;9905.0;0.0
yf_ZW=F_d11;43800;INTARIAN_PEPPER_ROOT;10865;17;10861;15;;;10873;9;10876;20;;;10869.0;0.0
yf_ZW=F_d11;43900;ASH_COATED_OSMIUM;9902;14;9899;20;;;9908;11;9912;12;;;9905.0;0.0
yf_ZW=F_d11;43900;INTARIAN_PEPPER_ROOT;10864;9;10862;24;;;10877;27;10881;11;;;10870.5;0.0
yf_ZW=F_d11;44000;ASH_COATED_OSMIUM;9898;22;9894;9;;;9912;19;9914;12;;;9905.0;0.0
yf_ZW=F_d11;44000;INTARIAN_PEPPER_ROOT;10868;8;10866;15;;;10874;9;10877;19;;;10871.0;0.0
yf_ZW=F_d11;44100;ASH_COATED_OSMIUM;9902;10;9898;22;;;9908;5;9912;20;;;9905.0;0.0
yf_ZW=F_d11;44100;INTARIAN_PEPPER_ROOT;10869;7;10866;18;;;10876;12;10878;14;;;10872.5;0.0
yf_ZW=F_d11;44200;ASH_COATED_OSMIUM;9902;15;9899;21;;;9908;20;9912;25;;;9905.0;0.0
yf_ZW=F_d11;44200;INTARIAN_PEPPER_ROOT;10866;22;10864;8;;;10882;13;10886;23;;;10874.0;0.0
yf_ZW=F_d11;44300;ASH_COATED_OSMIUM;9902;15;9899;16;;;9908;10;9912;14;;;9905.0;0.0
yf_ZW=F_d11;44300;INTARIAN_PEPPER_ROOT;10870;19;10866;20;;;10878;14;10880;17;;;10874.0;0.0
yf_ZW=F_d11;44400;ASH_COATED_OSMIUM;9902;13;9900;27;;;9908;8;9910;19;;;9905.0;0.0
yf_ZW=F_d11;44400;INTARIAN_PEPPER_ROOT;10866;18;10863;21;;;10885;16;10888;20;;;10875.5;0.0
yf_ZW=F_d11;44500;ASH_COATED_OSMIUM;9900;16;9896;16;;;9910;18;9912;22;;;9905.0;0.0
yf_ZW=F_d11;44500;INTARIAN_PEPPER_ROOT;10870;6;10867;21;;;10884;14;10887;10;;;10877.0;0.0
yf_ZW=F_d11;44600;ASH_COATED_OSMIUM;9902;14;9899;21;;;9908;17;9912;35;;;9905.0;0.0
yf_ZW=F_d11;44600;INTARIAN_PEPPER_ROOT;10871;19;10867;12;;;10884;8;10887;19;;;10877.5;0.0
yf_ZW=F_d11;44700;ASH_COATED_OSMIUM;9902;7;9900;24;;;9908;10;9910;18;;;9905.0;0.0
yf_ZW=F_d11;44700;INTARIAN_PEPPER_ROOT;10875;11;10871;11;;;10881;13;10884;23;;;10878.0;0.0
yf_ZW=F_d11;44800;ASH_COATED_OSMIUM;9902;8;9898;18;;;9908;15;9911;18;;;9905.0;0.0
yf_ZW=F_d11;44800;INTARIAN_PEPPER_ROOT;10876;9;10872;18;;;10882;20;10886;21;;;10879.0;0.0
yf_ZW=F_d11;44900;ASH_COATED_OSMIUM;9893;6;9891;20;;;9916;22;9920;22;;;9904.5;0.0
yf_ZW=F_d11;44900;INTARIAN_PEPPER_ROOT;10878;11;10876;22;;;10884;13;10888;15;;;10881.0;0.0
yf_ZW=F_d11;45000;ASH_COATED_OSMIUM;9902;12;9899;19;;;9908;15;9912;17;;;9905.0;0.0
yf_ZW=F_d11;45000;INTARIAN_PEPPER_ROOT;10879;12;10876;21;;;10885;18;10889;13;;;10882.0;0.0
yf_ZW=F_d11;45100;ASH_COATED_OSMIUM;9899;17;9896;27;;;9911;13;9913;13;;;9905.0;0.0
yf_ZW=F_d11;45100;INTARIAN_PEPPER_ROOT;10879;12;10876;9;;;10887;30;10889;15;;;10883.0;0.0
yf_ZW=F_d11;45200;ASH_COATED_OSMIUM;9899;21;9896;17;;;9912;13;9916;15;;;9905.5;0.0
yf_ZW=F_d11;45200;INTARIAN_PEPPER_ROOT;10879;17;10876;30;;;10888;12;10890;9;;;10883.5;0.0
yf_ZW=F_d11;45300;ASH_COATED_OSMIUM;9902;7;9899;20;;;9908;19;9912;21;;;9905.0;0.0
yf_ZW=F_d11;45300;INTARIAN_PEPPER_ROOT;10879;18;10877;13;;;10890;15;10893;28;;;10884.5;0.0
yf_ZW=F_d11;45400;ASH_COATED_OSMIUM;9902;14;9899;13;;;9908;19;9912;17;;;9905.0;0.0
yf_ZW=F_d11;45400;INTARIAN_PEPPER_ROOT;10878;23;10875;14;;;10893;8;10897;20;;;10885.5;0.0
yf_ZW=F_d11;45500;ASH_COATED_OSMIUM;9902;21;9899;15;;;9908;12;9912;22;;;9905.0;0.0
yf_ZW=F_d11;45500;INTARIAN_PEPPER_ROOT;10881;15;10879;24;;;10892;18;10896;22;;;10886.5;0.0
yf_ZW=F_d11;45600;ASH_COATED_OSMIUM;9902;9;9900;21;;;9908;17;9911;19;;;9905.0;0.0
yf_ZW=F_d11;45600;INTARIAN_PEPPER_ROOT;10885;19;10883;21;;;10891;21;10893;28;;;10888.0;0.0
yf_ZW=F_d11;45700;ASH_COATED_OSMIUM;9898;15;9894;16;;;9910;16;9912;24;;;9904.0;0.0
yf_ZW=F_d11;45700;INTARIAN_PEPPER_ROOT;10886;15;10884;13;;;10892;13;10895;13;;;10889.0;0.0
yf_ZW=F_d11;45800;ASH_COATED_OSMIUM;9900;16;9896;15;;;9909;9;9911;10;;;9904.5;0.0
yf_ZW=F_d11;45800;INTARIAN_PEPPER_ROOT;10885;13;10883;12;;;10893;13;10897;22;;;10889.0;0.0
yf_ZW=F_d11;45900;ASH_COATED_OSMIUM;9900;16;9896;22;;;9911;28;9913;15;;;9905.5;0.0
yf_ZW=F_d11;45900;INTARIAN_PEPPER_ROOT;10887;11;10883;17;;;10893;19;10896;18;;;10890.0;0.0
yf_ZW=F_d11;46000;ASH_COATED_OSMIUM;9902;20;9898;20;;;9908;10;9912;16;;;9905.0;0.0
yf_ZW=F_d11;46000;INTARIAN_PEPPER_ROOT;10889;12;10887;32;;;10895;15;10898;18;;;10892.0;0.0
yf_ZW=F_d11;46100;ASH_COATED_OSMIUM;9902;23;9900;15;;;9908;18;9912;20;;;9905.0;0.0
yf_ZW=F_d11;46100;INTARIAN_PEPPER_ROOT;10889;16;10887;19;;;10897;22;10899;27;;;10893.0;0.0
yf_ZW=F_d11;46200;ASH_COATED_OSMIUM;9894;14;9892;21;;;9916;14;9918;27;;;9905.0;0.0
yf_ZW=F_d11;46200;INTARIAN_PEPPER_ROOT;10891;7;10888;18;;;10897;9;10900;23;;;10894.0;0.0
yf_ZW=F_d11;46300;ASH_COATED_OSMIUM;9902;12;9900;19;;;9908;7;9910;20;;;9905.0;0.0
yf_ZW=F_d11;46300;INTARIAN_PEPPER_ROOT;10888;24;10886;20;;;10901;19;10903;28;;;10894.5;0.0
yf_ZW=F_d11;46400;ASH_COATED_OSMIUM;9902;16;9899;20;;;9908;11;9911;18;;;9905.0;0.0
yf_ZW=F_d11;46400;INTARIAN_PEPPER_ROOT;10893;15;10891;15;;;10899;10;10902;17;;;10896.0;0.0
yf_ZW=F_d11;46500;ASH_COATED_OSMIUM;9901;19;9899;20;;;9907;6;9910;20;;;9904.0;0.0
yf_ZW=F_d11;46500;INTARIAN_PEPPER_ROOT;10889;16;10887;16;;;10904;24;10907;17;;;10896.5;0.0
yf_ZW=F_d11;46600;ASH_COATED_OSMIUM;9902;17;9899;25;;;9908;12;9910;19;;;9905.0;0.0
yf_ZW=F_d11;46600;INTARIAN_PEPPER_ROOT;10889;19;10886;27;;;10906;25;10910;20;;;10897.5;0.0
yf_ZW=F_d11;46700;ASH_COATED_OSMIUM;9901;18;9898;23;;;9907;18;9909;25;;;9904.0;0.0
yf_ZW=F_d11;46700;INTARIAN_PEPPER_ROOT;10892;12;10888;25;;;10906;11;10908;18;;;10899.0;0.0
yf_ZW=F_d11;46800;ASH_COATED_OSMIUM;9902;21;9898;15;;;9908;17;9910;20;;;9905.0;0.0
yf_ZW=F_d11;46800;INTARIAN_PEPPER_ROOT;10897;8;10894;20;;;10903;12;10907;25;;;10900.0;0.0
yf_ZW=F_d11;46900;ASH_COATED_OSMIUM;9897;8;9894;16;;;9911;14;9914;18;;;9904.0;0.0
yf_ZW=F_d11;46900;INTARIAN_PEPPER_ROOT;10898;19;10896;18;;;10904;19;10908;16;;;10901.0;0.0
yf_ZW=F_d11;47000;ASH_COATED_OSMIUM;9902;5;9899;23;;;9908;6;9911;27;;;9905.0;0.0
yf_ZW=F_d11;47000;INTARIAN_PEPPER_ROOT;10899;14;10897;15;;;10905;13;10909;20;;;10902.0;0.0
yf_ZW=F_d11;47100;ASH_COATED_OSMIUM;9902;7;9898;9;;;9908;10;9910;22;;;9905.0;0.0
yf_ZW=F_d11;47100;INTARIAN_PEPPER_ROOT;10900;10;10896;16;;;10906;15;10910;12;;;10903.0;0.0
yf_ZW=F_d11;47200;ASH_COATED_OSMIUM;9901;19;9898;14;;;9907;10;9911;29;;;9904.0;0.0
yf_ZW=F_d11;47200;INTARIAN_PEPPER_ROOT;10893;9;10890;26;;;10915;14;10919;21;;;10904.0;0.0
yf_ZW=F_d11;47300;ASH_COATED_OSMIUM;9902;14;9899;18;;;9908;14;9911;31;;;9905.0;0.0
yf_ZW=F_d11;47300;INTARIAN_PEPPER_ROOT;10902;9;10900;24;;;10908;10;10910;22;;;10905.0;0.0
yf_ZW=F_d11;47400;ASH_COATED_OSMIUM;9898;16;9896;21;;;9911;21;9915;28;;;9904.5;0.0
yf_ZW=F_d11;47400;INTARIAN_PEPPER_ROOT;10903;20;10899;27;;;10909;11;10911;13;;;10906.0;0.0
yf_ZW=F_d11;47500;ASH_COATED_OSMIUM;9902;16;9900;13;;;9908;8;9910;15;;;9905.0;0.0
yf_ZW=F_d11;47500;INTARIAN_PEPPER_ROOT;10904;18;10902;21;;;10911;9;10915;19;;;10907.5;0.0
yf_ZW=F_d11;47600;ASH_COATED_OSMIUM;9901;19;9898;25;;;9907;14;9909;17;;;9904.0;0.0
yf_ZW=F_d11;47600;INTARIAN_PEPPER_ROOT;10905;9;10902;23;;;10911;17;10913;17;;;10908.0;0.0
yf_ZW=F_d11;47700;ASH_COATED_OSMIUM;9899;9;9897;19;;;9910;9;9912;19;;;9904.5;0.0
yf_ZW=F_d11;47700;INTARIAN_PEPPER_ROOT;10906;18;10904;16;;;10912;16;10916;21;;;10909.0;0.0
yf_ZW=F_d11;47800;ASH_COATED_OSMIUM;9900;16;9898;22;;;9907;14;9910;21;;;9903.5;0.0
yf_ZW=F_d11;47800;INTARIAN_PEPPER_ROOT;10905;13;10903;16;;;10915;14;10919;17;;;10910.0;0.0
yf_ZW=F_d11;47900;ASH_COATED_OSMIUM;9893;13;9890;23;;;9916;20;9920;13;;;9904.5;0.0
yf_ZW=F_d11;47900;INTARIAN_PEPPER_ROOT;10907;12;10904;24;;;10913;12;10916;11;;;10910.0;0.0
yf_ZW=F_d11;48000;ASH_COATED_OSMIUM;9894;11;9892;14;;;9914;17;9917;22;;;9904.0;0.0
yf_ZW=F_d11;48000;INTARIAN_PEPPER_ROOT;10909;5;10907;15;;;10915;12;10919;22;;;10912.0;0.0
yf_ZW=F_d11;48100;ASH_COATED_OSMIUM;9897;22;9894;23;;;9911;13;9913;20;;;9904.0;0.0
yf_ZW=F_d11;48100;INTARIAN_PEPPER_ROOT;10907;19;10904;25;;;10919;24;10922;17;;;10913.0;0.0
yf_ZW=F_d11;48200;ASH_COATED_OSMIUM;9901;10;9898;13;;;9907;14;9910;18;;;9904.0;0.0
yf_ZW=F_d11;48200;INTARIAN_PEPPER_ROOT;10902;22;10899;20;;;10929;10;10933;27;;;10915.5;0.0
yf_ZW=F_d11;48300;ASH_COATED_OSMIUM;9897;20;9894;20;;;9911;22;9913;25;;;9904.0;0.0
yf_ZW=F_d11;48300;INTARIAN_PEPPER_ROOT;10893;21;10889;18;;;10938;21;10942;20;;;10915.5;0.0
yf_ZW=F_d11;48400;ASH_COATED_OSMIUM;9901;12;9897;22;;;9907;10;9909;17;;;9904.0;0.0
yf_ZW=F_d11;48400;INTARIAN_PEPPER_ROOT;10913;8;10911;11;;;10919;9;10922;16;;;10916.0;0.0
yf_ZW=F_d11;48500;ASH_COATED_OSMIUM;9892;21;9890;18;;;9915;17;9917;18;;;9903.5;0.0
yf_ZW=F_d11;48500;INTARIAN_PEPPER_ROOT;10913;8;10911;22;;;10923;13;10927;22;;;10918.0;0.0
yf_ZW=F_d11;48600;ASH_COATED_OSMIUM;9901;17;9898;22;;;9907;22;9909;20;;;9904.0;0.0
yf_ZW=F_d11;48600;INTARIAN_PEPPER_ROOT;10916;22;10913;21;;;10922;17;10924;19;;;10919.0;0.0
yf_ZW=F_d11;48700;ASH_COATED_OSMIUM;9901;12;9897;19;;;9907;22;9911;19;;;9904.0;0.0
yf_ZW=F_d11;48700;INTARIAN_PEPPER_ROOT;10916;13;10912;23;;;10922;17;10924;20;;;10919.0;0.0
yf_ZW=F_d11;48800;ASH_COATED_OSMIUM;9899;14;9897;21;;;9910;13;9913;22;;;9904.5;0.0
yf_ZW=F_d11;48800;INTARIAN_PEPPER_ROOT;10918;16;10914;21;;;10924;21;10928;22;;;10921.0;0.0
yf_ZW=F_d11;48900;ASH_COATED_OSMIUM;9901;8;9897;20;;;9907;10;9909;14;;;9904.0;0.0
yf_ZW=F_d11;48900;INTARIAN_PEPPER_ROOT;10913;5;10909;20;;;10927;10;10930;23;;;10920.0;0.0
yf_ZW=F_d11;49000;ASH_COATED_OSMIUM;9901;23;9899;16;;;9907;17;9911;11;;;9904.0;0.0
yf_ZW=F_d11;49000;INTARIAN_PEPPER_ROOT;10919;18;10915;18;;;10925;18;10929;12;;;10922.0;0.0
yf_ZW=F_d11;49100;ASH_COATED_OSMIUM;9901;23;9899;14;;;9907;7;9911;15;;;9904.0;0.0
yf_ZW=F_d11;49100;INTARIAN_PEPPER_ROOT;10920;18;10916;17;;;10926;19;10929;16;;;10923.0;0.0
yf_ZW=F_d11;49200;ASH_COATED_OSMIUM;9901;14;9899;12;;;9907;23;9910;18;;;9904.0;0.0
yf_ZW=F_d11;49200;INTARIAN_PEPPER_ROOT;10921;16;10917;20;;;10927;17;10930;11;;;10924.0;0.0
yf_ZW=F_d11;49300;ASH_COATED_OSMIUM;9891;15;9888;22;;;9916;24;9920;20;;;9903.5;0.0
yf_ZW=F_d11;49300;INTARIAN_PEPPER_ROOT;10922;19;10918;14;;;10928;16;10930;11;;;10925.0;0.0
yf_ZW=F_d11;49400;ASH_COATED_OSMIUM;9901;16;9897;24;;;9907;17;9911;8;;;9904.0;0.0
yf_ZW=F_d11;49400;INTARIAN_PEPPER_ROOT;10923;22;10919;29;;;10929;8;10931;22;;;10926.0;0.0
yf_ZW=F_d11;49500;ASH_COATED_OSMIUM;9901;13;9899;12;;;9907;14;9910;26;;;9904.0;0.0
yf_ZW=F_d11;49500;INTARIAN_PEPPER_ROOT;10924;18;10920;22;;;10930;20;10932;18;;;10927.0;0.0
yf_ZW=F_d11;49600;ASH_COATED_OSMIUM;9900;20;9898;20;;;9906;17;9909;27;;;9903.0;0.0
yf_ZW=F_d11;49600;INTARIAN_PEPPER_ROOT;10922;12;10920;12;;;10935;21;10938;21;;;10928.5;0.0
yf_ZW=F_d11;49700;ASH_COATED_OSMIUM;9901;21;9897;23;;;9907;20;9911;26;;;9904.0;0.0
yf_ZW=F_d11;49700;INTARIAN_PEPPER_ROOT;10924;23;10922;27;;;10935;18;10939;19;;;10929.5;0.0
yf_ZW=F_d11;49800;ASH_COATED_OSMIUM;9899;14;9895;17;;;9908;12;9911;30;;;9903.5;0.0
yf_ZW=F_d11;49800;INTARIAN_PEPPER_ROOT;10928;25;10924;20;;;10934;9;10936;15;;;10931.0;0.0
yf_ZW=F_d11;49900;ASH_COATED_OSMIUM;9884;25;9881;19;;;9924;13;9927;22;;;9904.0;0.0
yf_ZW=F_d11;49900;INTARIAN_PEPPER_ROOT;10922;11;10919;17;;;10940;17;10944;17;;;10931.0;0.0
yf_ZW=F_d11;50000;ASH_COATED_OSMIUM;9901;21;9897;19;;;9907;16;9911;20;;;9904.0;0.0
yf_ZW=F_d11;50000;INTARIAN_PEPPER_ROOT;10929;19;10925;20;;;10936;13;10939;12;;;10932.5;0.0
yf_ZW=F_d11;50100;ASH_COATED_OSMIUM;9901;17;9898;24;;;9908;12;9911;19;;;9904.5;0.0
yf_ZW=F_d11;50100;INTARIAN_PEPPER_ROOT;10930;16;10926;23;;;10936;19;10939;20;;;10933.0;0.0
yf_ZW=F_d11;50200;ASH_COATED_OSMIUM;9900;18;9897;22;;;9906;9;9908;20;;;9903.0;0.0
yf_ZW=F_d11;50200;INTARIAN_PEPPER_ROOT;10932;8;10928;23;;;10938;13;10941;19;;;10935.0;0.0
yf_ZW=F_d11;50300;ASH_COATED_OSMIUM;9901;5;9899;24;;;9908;11;9912;16;;;9904.5;0.0
yf_ZW=F_d11;50300;INTARIAN_PEPPER_ROOT;10932;22;10928;17;;;10939;21;10942;25;;;10935.5;0.0
yf_ZW=F_d11;50400;ASH_COATED_OSMIUM;9897;14;9895;22;;;9909;15;9913;18;;;9903.0;0.0
yf_ZW=F_d11;50400;INTARIAN_PEPPER_ROOT;10933;11;10931;18;;;10940;16;10944;21;;;10936.5;0.0
yf_ZW=F_d11;50500;ASH_COATED_OSMIUM;9893;6;9889;18;;;9914;27;9916;23;;;9903.5;0.0
yf_ZW=F_d11;50500;INTARIAN_PEPPER_ROOT;10935;20;10931;19;;;10941;5;10944;20;;;10938.0;0.0
yf_ZW=F_d11;50600;ASH_COATED_OSMIUM;9898;13;9894;21;;;9909;11;9911;28;;;9903.5;0.0
yf_ZW=F_d11;50600;INTARIAN_PEPPER_ROOT;10935;13;10933;19;;;10941;6;10944;16;;;10938.0;0.0
yf_ZW=F_d11;50700;ASH_COATED_OSMIUM;9896;14;9892;29;;;9910;10;9913;17;;;9903.0;0.0
yf_ZW=F_d11;50700;INTARIAN_PEPPER_ROOT;10937;15;10935;28;;;10943;18;10945;18;;;10940.0;0.0
yf_ZW=F_d11;50800;ASH_COATED_OSMIUM;9900;13;9898;23;;;9906;10;9910;22;;;9903.0;0.0
yf_ZW=F_d11;50800;INTARIAN_PEPPER_ROOT;10919;9;10917;14;;;10961;13;10963;14;;;10940.0;0.0
yf_ZW=F_d11;50900;ASH_COATED_OSMIUM;9892;21;9889;20;;;9916;21;9920;18;;;9904.0;0.0
yf_ZW=F_d11;50900;INTARIAN_PEPPER_ROOT;10933;19;10931;21;;;10946;14;10948;18;;;10939.5;0.0
yf_ZW=F_d11;51000;ASH_COATED_OSMIUM;9901;18;9897;26;;;9907;17;9909;29;;;9904.0;0.0
yf_ZW=F_d11;51000;INTARIAN_PEPPER_ROOT;10935;8;10932;16;;;10941;20;10944;31;;;10938.0;0.0
yf_ZW=F_d11;51100;ASH_COATED_OSMIUM;9900;18;9898;25;;;9906;14;9910;13;;;9903.0;0.0
yf_ZW=F_d11;51100;INTARIAN_PEPPER_ROOT;10934;8;10931;22;;;10940;22;10942;21;;;10937.0;0.0
yf_ZW=F_d11;51200;ASH_COATED_OSMIUM;9898;14;9895;20;;;9909;13;9913;21;;;9903.5;0.0
yf_ZW=F_d11;51200;INTARIAN_PEPPER_ROOT;10932;22;10929;20;;;10938;12;10941;17;;;10935.0;0.0
yf_ZW=F_d11;51300;ASH_COATED_OSMIUM;9901;12;9897;14;;;9907;7;9910;28;;;9904.0;0.0
yf_ZW=F_d11;51300;INTARIAN_PEPPER_ROOT;10930;16;10926;17;;;10936;17;10940;19;;;10933.0;0.0
yf_ZW=F_d11;51400;ASH_COATED_OSMIUM;9900;14;9898;12;;;9906;9;9909;11;;;9903.0;0.0
yf_ZW=F_d11;51400;INTARIAN_PEPPER_ROOT;10929;12;10926;14;;;10935;18;10937;20;;;10932.0;0.0
yf_ZW=F_d11;51500;ASH_COATED_OSMIUM;9901;17;9899;20;;;9907;12;9911;13;;;9904.0;0.0
yf_ZW=F_d11;51500;INTARIAN_PEPPER_ROOT;10927;15;10925;20;;;10933;22;10935;21;;;10930.0;0.0
yf_ZW=F_d11;51600;ASH_COATED_OSMIUM;9896;15;9892;15;;;9911;12;9913;18;;;9903.5;0.0
yf_ZW=F_d11;51600;INTARIAN_PEPPER_ROOT;10917;10;10913;15;;;10940;11;10942;23;;;10928.5;0.0
yf_ZW=F_d11;51700;ASH_COATED_OSMIUM;9897;15;9893;16;;;9911;18;9914;13;;;9904.0;0.0
yf_ZW=F_d11;51700;INTARIAN_PEPPER_ROOT;10922;9;10920;20;;;10932;13;10934;19;;;10927.0;0.0
yf_ZW=F_d11;51800;ASH_COATED_OSMIUM;9901;20;9898;14;;;9907;14;9910;12;;;9904.0;0.0
yf_ZW=F_d11;51800;INTARIAN_PEPPER_ROOT;10921;6;10918;23;;;10927;5;10929;16;;;10924.0;0.0
yf_ZW=F_d11;51900;ASH_COATED_OSMIUM;9896;26;9892;17;;;9910;19;9912;13;;;9903.0;0.0
yf_ZW=F_d11;51900;INTARIAN_PEPPER_ROOT;10910;20;10906;24;;;10936;14;10939;21;;;10923.0;0.0
yf_ZW=F_d11;52000;ASH_COATED_OSMIUM;9900;17;9897;10;;;9906;11;9909;16;;;9903.0;0.0
yf_ZW=F_d11;52000;INTARIAN_PEPPER_ROOT;10913;7;10909;20;;;10930;10;10933;21;;;10921.5;0.0
yf_ZW=F_d11;52100;ASH_COATED_OSMIUM;9900;21;9897;15;;;9908;7;9910;23;;;9904.0;0.0
yf_ZW=F_d11;52100;INTARIAN_PEPPER_ROOT;10916;13;10913;12;;;10922;22;10924;18;;;10919.0;0.0
yf_ZW=F_d11;52200;ASH_COATED_OSMIUM;9901;21;9897;28;;;9907;20;9911;22;;;9904.0;0.0
yf_ZW=F_d11;52200;INTARIAN_PEPPER_ROOT;10915;18;10913;19;;;10921;7;10924;15;;;10918.0;0.0
yf_ZW=F_d11;52300;ASH_COATED_OSMIUM;9900;19;9896;17;;;9908;14;9912;21;;;9904.0;0.0
yf_ZW=F_d11;52300;INTARIAN_PEPPER_ROOT;10911;18;10908;21;;;10922;12;10926;17;;;10916.5;0.0
yf_ZW=F_d11;52400;ASH_COATED_OSMIUM;9900;18;9897;18;;;9907;16;9911;15;;;9903.5;0.0
yf_ZW=F_d11;52400;INTARIAN_PEPPER_ROOT;10912;16;10910;22;;;10918;14;10922;22;;;10915.0;0.0
yf_ZW=F_d11;52500;ASH_COATED_OSMIUM;9899;19;9895;19;;;9909;10;9911;18;;;9904.0;0.0
yf_ZW=F_d11;52500;INTARIAN_PEPPER_ROOT;10902;10;10898;16;;;10924;16;10928;21;;;10913.0;0.0
yf_ZW=F_d11;52600;ASH_COATED_OSMIUM;9900;8;9897;16;;;9906;6;9909;13;;;9903.0;0.0
yf_ZW=F_d11;52600;INTARIAN_PEPPER_ROOT;10907;17;10905;14;;;10916;16;10920;21;;;10911.5;0.0
yf_ZW=F_d11;52700;ASH_COATED_OSMIUM;9901;5;9897;14;;;9907;8;9909;16;;;9904.0;0.0
yf_ZW=F_d11;52700;INTARIAN_PEPPER_ROOT;10902;16;10898;16;;;10917;8;10920;25;;;10909.5;0.0
yf_ZW=F_d11;52800;ASH_COATED_OSMIUM;9901;13;9898;25;;;9907;16;9910;19;;;9904.0;0.0
yf_ZW=F_d11;52800;INTARIAN_PEPPER_ROOT;10905;7;10902;16;;;10911;12;10914;14;;;10908.0;0.0
yf_ZW=F_d11;52900;ASH_COATED_OSMIUM;9898;20;9895;16;;;9909;20;9911;14;;;9903.5;0.0
yf_ZW=F_d11;52900;INTARIAN_PEPPER_ROOT;10902;22;10898;18;;;10908;14;10912;15;;;10905.0;0.0
yf_ZW=F_d11;53000;ASH_COATED_OSMIUM;9901;17;9899;12;;;9907;14;9909;26;;;9904.0;0.0
yf_ZW=F_d11;53000;INTARIAN_PEPPER_ROOT;10893;16;10890;23;;;10916;12;10920;14;;;10904.5;0.0
yf_ZW=F_d11;53100;ASH_COATED_OSMIUM;9898;22;9894;26;;;9909;17;9911;15;;;9903.5;0.0
yf_ZW=F_d11;53100;INTARIAN_PEPPER_ROOT;10900;19;10898;20;;;10906;14;10909;22;;;10903.0;0.0
yf_ZW=F_d11;53200;ASH_COATED_OSMIUM;9900;7;9896;13;;;9906;23;9910;17;;;9903.0;0.0
yf_ZW=F_d11;53200;INTARIAN_PEPPER_ROOT;10892;13;10888;10;;;10910;18;10914;22;;;10901.0;0.0
yf_ZW=F_d11;53300;ASH_COATED_OSMIUM;9901;14;9898;19;;;9908;13;9912;10;;;9904.5;0.0
yf_ZW=F_d11;53300;INTARIAN_PEPPER_ROOT;10895;9;10891;26;;;10903;5;10905;25;;;10899.0;0.0
yf_ZW=F_d11;53400;ASH_COATED_OSMIUM;9900;16;9897;24;;;9906;5;9908;15;;;9903.0;0.0
yf_ZW=F_d11;53400;INTARIAN_PEPPER_ROOT;10894;15;10892;17;;;10900;23;10903;23;;;10897.0;0.0
yf_ZW=F_d11;53500;ASH_COATED_OSMIUM;9898;12;9894;26;;;9910;13;9912;20;;;9904.0;0.0
yf_ZW=F_d11;53500;INTARIAN_PEPPER_ROOT;10889;11;10885;25;;;10902;11;10905;22;;;10895.5;0.0
yf_ZW=F_d11;53600;ASH_COATED_OSMIUM;9901;15;9899;21;;;9907;14;9911;22;;;9904.0;0.0
yf_ZW=F_d11;53600;INTARIAN_PEPPER_ROOT;10891;15;10889;27;;;10897;21;10901;8;;;10894.0;0.0
yf_ZW=F_d11;53700;ASH_COATED_OSMIUM;9901;9;9898;23;;;9907;28;9909;24;;;9904.0;0.0
yf_ZW=F_d11;53700;INTARIAN_PEPPER_ROOT;10887;8;10884;16;;;10898;9;10901;22;;;10892.5;0.0
yf_ZW=F_d11;53800;ASH_COATED_OSMIUM;9899;16;9896;14;;;9908;19;9910;24;;;9903.5;0.0
yf_ZW=F_d11;53800;INTARIAN_PEPPER_ROOT;10887;15;10885;16;;;10895;11;10897;22;;;10891.0;0.0
yf_ZW=F_d11;53900;ASH_COATED_OSMIUM;9901;18;9897;14;;;9907;14;9911;24;;;9904.0;0.0
yf_ZW=F_d11;53900;INTARIAN_PEPPER_ROOT;10880;5;10878;19;;;10897;27;10899;21;;;10888.5;0.0
yf_ZW=F_d11;54000;ASH_COATED_OSMIUM;9898;7;9896;18;;;9909;16;9911;21;;;9903.5;0.0
yf_ZW=F_d11;54000;INTARIAN_PEPPER_ROOT;10884;18;10882;17;;;10890;19;10894;11;;;10887.0;0.0
yf_ZW=F_d11;54100;ASH_COATED_OSMIUM;9897;19;9893;15;;;9910;11;9913;24;;;9903.5;0.0
yf_ZW=F_d11;54100;INTARIAN_PEPPER_ROOT;10873;17;10870;22;;;10898;19;10900;14;;;10885.5;0.0
yf_ZW=F_d11;54200;ASH_COATED_OSMIUM;9900;9;9898;22;;;9906;21;9908;13;;;9903.0;0.0
yf_ZW=F_d11;54200;INTARIAN_PEPPER_ROOT;10871;12;10869;22;;;10896;17;10900;23;;;10883.5;0.0
yf_ZW=F_d11;54300;ASH_COATED_OSMIUM;9898;8;9895;14;;;9909;12;9913;21;;;9903.5;0.0
yf_ZW=F_d11;54300;INTARIAN_PEPPER_ROOT;10880;5;10876;21;;;10886;20;10889;23;;;10883.0;0.0
yf_ZW=F_d11;54400;ASH_COATED_OSMIUM;9897;17;9895;23;;;9911;26;9915;20;;;9904.0;0.0
yf_ZW=F_d11;54400;INTARIAN_PEPPER_ROOT;10877;27;10873;12;;;10883;12;10887;13;;;10880.0;0.0
yf_ZW=F_d11;54500;ASH_COATED_OSMIUM;9900;15;9897;20;;;9906;7;9910;13;;;9903.0;0.0
yf_ZW=F_d11;54500;INTARIAN_PEPPER_ROOT;10872;15;10870;17;;;10885;20;10888;11;;;10878.5;0.0
yf_ZW=F_d11;54600;ASH_COATED_OSMIUM;9901;10;9897;17;;;9907;14;9910;25;;;9904.0;0.0
yf_ZW=F_d11;54600;INTARIAN_PEPPER_ROOT;10874;15;10871;27;;;10880;11;10883;18;;;10877.0;0.0
yf_ZW=F_d11;54700;ASH_COATED_OSMIUM;9900;14;9897;27;;;9906;17;9908;21;;;9903.0;0.0
yf_ZW=F_d11;54700;INTARIAN_PEPPER_ROOT;10873;5;10869;20;;;10879;20;10882;21;;;10876.0;0.0
yf_ZW=F_d11;54800;ASH_COATED_OSMIUM;9898;14;9895;26;;;9910;10;9913;13;;;9904.0;0.0
yf_ZW=F_d11;54800;INTARIAN_PEPPER_ROOT;10871;18;10868;25;;;10877;14;10880;26;;;10874.0;0.0
yf_ZW=F_d11;54900;ASH_COATED_OSMIUM;9901;14;9898;24;;;9907;24;9909;18;;;9904.0;0.0
yf_ZW=F_d11;54900;INTARIAN_PEPPER_ROOT;10869;14;10865;14;;;10875;20;10878;22;;;10872.0;0.0
yf_ZW=F_d11;55000;ASH_COATED_OSMIUM;9901;12;9898;8;;;9907;13;9911;18;;;9904.0;0.0
yf_ZW=F_d11;55000;INTARIAN_PEPPER_ROOT;10867;15;10865;17;;;10873;19;10875;15;;;10870.0;0.0
yf_ZW=F_d11;55100;ASH_COATED_OSMIUM;9900;16;9896;16;;;9907;14;9911;19;;;9903.5;0.0
yf_ZW=F_d11;55100;INTARIAN_PEPPER_ROOT;10864;13;10860;11;;;10873;21;10876;25;;;10868.5;0.0
yf_ZW=F_d11;55200;ASH_COATED_OSMIUM;9900;7;9898;16;;;9907;10;9910;15;;;9903.5;0.0
yf_ZW=F_d11;55200;INTARIAN_PEPPER_ROOT;10864;9;10861;31;;;10870;5;10873;17;;;10867.0;0.0
yf_ZW=F_d11;55300;ASH_COATED_OSMIUM;9901;18;9897;20;;;9907;18;9909;13;;;9904.0;0.0
yf_ZW=F_d11;55300;INTARIAN_PEPPER_ROOT;10862;20;10860;13;;;10869;14;10873;26;;;10865.5;0.0
yf_ZW=F_d11;55400;ASH_COATED_OSMIUM;9901;15;9899;18;;;9907;9;9909;15;;;9904.0;0.0
yf_ZW=F_d11;55400;INTARIAN_PEPPER_ROOT;10858;11;10855;16;;;10867;20;10869;15;;;10862.5;0.0
yf_ZW=F_d11;55500;ASH_COATED_OSMIUM;9901;13;9898;15;;;9907;15;9909;21;;;9904.0;0.0
yf_ZW=F_d11;55500;INTARIAN_PEPPER_ROOT;10859;11;10857;15;;;10865;16;10867;22;;;10862.0;0.0
yf_ZW=F_d11;55600;ASH_COATED_OSMIUM;9900;15;9897;14;;;9908;13;9910;10;;;9904.0;0.0
yf_ZW=F_d11;55600;INTARIAN_PEPPER_ROOT;10855;22;10853;22;;;10865;7;10869;21;;;10860.0;0.0
yf_ZW=F_d11;55700;ASH_COATED_OSMIUM;9894;11;9890;15;;;9914;12;9917;25;;;9904.0;0.0
yf_ZW=F_d11;55700;INTARIAN_PEPPER_ROOT;10848;14;10844;23;;;10868;6;10870;19;;;10858.0;0.0
yf_ZW=F_d11;55800;ASH_COATED_OSMIUM;9901;12;9899;9;;;9907;20;9910;18;;;9904.0;0.0
yf_ZW=F_d11;55800;INTARIAN_PEPPER_ROOT;10853;12;10849;24;;;10861;20;10865;13;;;10857.0;0.0
yf_ZW=F_d11;55900;ASH_COATED_OSMIUM;9899;13;9895;17;;;9908;6;9911;20;;;9903.5;0.0
yf_ZW=F_d11;55900;INTARIAN_PEPPER_ROOT;10852;15;10849;25;;;10858;16;10860;21;;;10855.0;0.0
yf_ZW=F_d11;56000;ASH_COATED_OSMIUM;9893;14;9891;18;;;9913;9;9916;23;;;9903.0;0.0
yf_ZW=F_d11;56000;INTARIAN_PEPPER_ROOT;10850;12;10847;24;;;10856;18;10859;20;;;10853.0;0.0
yf_ZW=F_d11;56100;ASH_COATED_OSMIUM;9901;6;9899;18;;;9907;25;9911;20;;;9904.0;0.0
yf_ZW=F_d11;56100;INTARIAN_PEPPER_ROOT;10849;5;10846;21;;;10855;26;10858;18;;;10852.0;0.0
yf_ZW=F_d11;56200;ASH_COATED_OSMIUM;9901;9;9898;23;;;9907;6;9909;19;;;9904.0;0.0
yf_ZW=F_d11;56200;INTARIAN_PEPPER_ROOT;10847;15;10845;20;;;10853;17;10856;28;;;10850.0;0.0
yf_ZW=F_d11;56300;ASH_COATED_OSMIUM;9901;16;9897;18;;;9907;15;9910;18;;;9904.0;0.0
yf_ZW=F_d11;56300;INTARIAN_PEPPER_ROOT;10845;23;10842;29;;;10851;9;10853;21;;;10848.0;0.0
yf_ZW=F_d11;56400;ASH_COATED_OSMIUM;9896;11;9893;19;;;9911;10;9915;14;;;9903.5;0.0
yf_ZW=F_d11;56400;INTARIAN_PEPPER_ROOT;10842;19;10838;17;;;10851;5;10855;18;;;10846.5;0.0
yf_ZW=F_d11;56500;ASH_COATED_OSMIUM;9885;11;9881;24;;;9922;28;9926;13;;;9903.5;0.0
yf_ZW=F_d11;56500;INTARIAN_PEPPER_ROOT;10842;14;10840;22;;;10848;14;10850;24;;;10845.0;0.0
yf_ZW=F_d11;56600;ASH_COATED_OSMIUM;9901;13;9897;15;;;9907;18;9909;20;;;9904.0;0.0
yf_ZW=F_d11;56600;INTARIAN_PEPPER_ROOT;10839;20;10837;24;;;10845;13;10847;22;;;10842.0;0.0
yf_ZW=F_d11;56700;ASH_COATED_OSMIUM;9900;7;9897;22;;;9906;10;9910;15;;;9903.0;0.0
yf_ZW=F_d11;56700;INTARIAN_PEPPER_ROOT;10834;6;10831;18;;;10848;12;10852;29;;;10841.0;0.0
yf_ZW=F_d11;56800;ASH_COATED_OSMIUM;9901;15;9897;18;;;9907;22;9910;15;;;9904.0;0.0
yf_ZW=F_d11;56800;INTARIAN_PEPPER_ROOT;10837;17;10833;22;;;10843;15;10847;21;;;10840.0;0.0
yf_ZW=F_d11;56900;ASH_COATED_OSMIUM;9888;18;9884;19;;;9918;14;9921;20;;;9903.0;0.0
yf_ZW=F_d11;56900;INTARIAN_PEPPER_ROOT;10835;16;10833;17;;;10841;15;10843;21;;;10838.0;0.0
yf_ZW=F_d11;57000;ASH_COATED_OSMIUM;9898;14;9894;14;;;9910;11;9913;21;;;9904.0;0.0
yf_ZW=F_d11;57000;INTARIAN_PEPPER_ROOT;10831;6;10828;22;;;10842;10;10845;24;;;10836.5;0.0
yf_ZW=F_d11;57100;ASH_COATED_OSMIUM;9897;8;9893;15;;;9910;18;9913;15;;;9903.5;0.0
yf_ZW=F_d11;57100;INTARIAN_PEPPER_ROOT;10821;14;10817;27;;;10849;7;10851;21;;;10835.0;0.0
yf_ZW=F_d11;57200;ASH_COATED_OSMIUM;9901;18;9897;17;;;9907;8;9910;17;;;9904.0;0.0
yf_ZW=F_d11;57200;INTARIAN_PEPPER_ROOT;10829;14;10826;17;;;10835;23;10839;16;;;10832.0;0.0
yf_ZW=F_d11;57300;ASH_COATED_OSMIUM;9901;13;9898;20;;;9907;12;9910;28;;;9904.0;0.0
yf_ZW=F_d11;57300;INTARIAN_PEPPER_ROOT;10828;12;10825;15;;;10834;12;10837;23;;;10831.0;0.0
yf_ZW=F_d11;57400;ASH_COATED_OSMIUM;9901;9;9899;18;;;9907;11;9909;21;;;9904.0;0.0
yf_ZW=F_d11;57400;INTARIAN_PEPPER_ROOT;10826;18;10824;16;;;10832;15;10834;22;;;10829.0;0.0
yf_ZW=F_d11;57500;ASH_COATED_OSMIUM;9895;7;9892;25;;;9912;14;9916;25;;;9903.5;0.0
yf_ZW=F_d11;57500;INTARIAN_PEPPER_ROOT;10823;19;10821;9;;;10833;20;10836;12;;;10828.0;0.0
yf_ZW=F_d11;57600;ASH_COATED_OSMIUM;9901;14;9898;23;;;9907;12;9910;19;;;9904.0;0.0
yf_ZW=F_d11;57600;INTARIAN_PEPPER_ROOT;10823;14;10821;21;;;10829;19;10831;16;;;10826.0;0.0
