day;timestamp;product;bid_price_1;bid_volume_1;bid_price_2;bid_volume_2;bid_price_3;bid_volume_3;ask_price_1;ask_volume_1;ask_price_2;ask_volume_2;ask_price_3;ask_volume_3;mid_price;profit_and_loss
yf_ZW=F_d2;0;ASH_COATED_OSMIUM;9923;27;9920;15;;;9942;11;9946;27;;;9932.5;0.0
yf_ZW=F_d2;0;INTARIAN_PEPPER_ROOT;11020;16;11017;21;;;11026;17;11029;11;;;11023.0;0.0
yf_ZW=F_d2;100;ASH_COATED_OSMIUM;9925;28;9921;20;;;9940;15;9943;18;;;9932.5;0.0
yf_ZW=F_d2;100;INTARIAN_PEPPER_ROOT;11019;22;11015;20;;;11025;19;11028;28;;;11022.0;0.0
yf_ZW=F_d2;200;ASH_COATED_OSMIUM;9921;23;9919;16;;;9945;5;9947;21;;;9933.0;0.0
yf_ZW=F_d2;200;INTARIAN_PEPPER_ROOT;11017;16;11013;23;;;11025;12;11028;29;;;11021.0;0.0
yf_ZW=F_d2;300;ASH_COATED_OSMIUM;9927;15;9923;20;;;9937;7;9940;26;;;9932.0;0.0
yf_ZW=F_d2;300;INTARIAN_PEPPER_ROOT;11017;15;11014;21;;;11023;20;11026;22;;;11020.0;0.0
yf_ZW=F_d2;400;ASH_COATED_OSMIUM;9930;16;9928;21;;;9936;6;9938;21;;;9933.0;0.0
yf_ZW=F_d2;400;INTARIAN_PEPPER_ROOT;11016;16;11013;27;;;11022;25;11026;14;;;11019.0;0.0
yf_ZW=F_d2;500;ASH_COATED_OSMIUM;9930;25;9926;17;;;9936;15;9940;29;;;9933.0;0.0
yf_ZW=F_d2;500;INTARIAN_PEPPER_ROOT;11015;15;11012;15;;;11021;5;11024;12;;;11018.0;0.0
yf_ZW=F_d2;600;ASH_COATED_OSMIUM;9930;10;9928;23;;;9936;20;9940;21;;;9933.0;0.0
yf_ZW=F_d2;600;INTARIAN_PEPPER_ROOT;11015;5;11011;18;;;11021;21;11025;28;;;11018.0;0.0
yf_ZW=F_d2;700;ASH_COATED_OSMIUM;9930;15;9926;22;;;9936;9;9938;14;;;9933.0;0.0
yf_ZW=F_d2;700;INTARIAN_PEPPER_ROOT;11014;13;11011;17;;;11020;13;11024;19;;;11017.0;0.0
yf_ZW=F_d2;800;ASH_COATED_OSMIUM;9928;18;9924;17;;;9937;6;9939;20;;;9932.5;0.0
yf_ZW=F_d2;800;INTARIAN_PEPPER_ROOT;11013;9;11010;22;;;11019;13;11022;21;;;11016.0;0.0
yf_ZW=F_d2;900;ASH_COATED_OSMIUM;9930;15;9928;16;;;9938;12;9942;21;;;9934.0;0.0
yf_ZW=F_d2;900;INTARIAN_PEPPER_ROOT;11009;14;11006;22;;;11021;22;11024;20;;;11015.0;0.0
yf_ZW=F_d2;1000;ASH_COATED_OSMIUM;9930;16;9927;22;;;9936;15;9938;16;;;9933.0;0.0
yf_ZW=F_d2;1000;INTARIAN_PEPPER_ROOT;11011;23;11009;23;;;11017;12;11021;10;;;11014.0;0.0
yf_ZW=F_d2;1100;ASH_COATED_OSMIUM;9930;16;9926;19;;;9936;19;9939;17;;;9933.0;0.0
yf_ZW=F_d2;1100;INTARIAN_PEPPER_ROOT;11006;12;11002;20;;;11021;11;11023;25;;;11013.5;0.0
yf_ZW=F_d2;1200;ASH_COATED_OSMIUM;9927;5;9925;19;;;9940;12;9944;24;;;9933.5;0.0
yf_ZW=F_d2;1200;INTARIAN_PEPPER_ROOT;11009;24;11005;19;;;11015;23;11018;18;;;11012.0;0.0
yf_ZW=F_d2;1300;ASH_COATED_OSMIUM;9929;15;9926;24;;;9938;11;9941;16;;;9933.5;0.0
yf_ZW=F_d2;1300;INTARIAN_PEPPER_ROOT;11009;14;11006;23;;;11015;7;11019;18;;;11012.0;0.0
yf_ZW=F_d2;1400;ASH_COATED_OSMIUM;9930;16;9926;17;;;9936;20;9938;18;;;9933.0;0.0
yf_ZW=F_d2;1400;INTARIAN_PEPPER_ROOT;11005;17;11003;12;;;11018;10;11020;15;;;11011.5;0.0
yf_ZW=F_d2;1500;ASH_COATED_OSMIUM;9928;13;9925;14;;;9937;13;9941;16;;;9932.5;0.0
yf_ZW=F_d2;1500;INTARIAN_PEPPER_ROOT;11007;13;11005;20;;;11013;16;11015;24;;;11010.0;0.0
yf_ZW=F_d2;1600;ASH_COATED_OSMIUM;9925;5;9923;15;;;9943;14;9946;20;;;9934.0;0.0
yf_ZW=F_d2;1600;INTARIAN_PEPPER_ROOT;11006;16;11002;16;;;11012;11;11016;23;;;11009.0;0.0
yf_ZW=F_d2;1700;ASH_COATED_OSMIUM;9930;21;9928;8;;;9937;11;9939;17;;;9933.5;0.0
yf_ZW=F_d2;1700;INTARIAN_PEPPER_ROOT;11006;11;11004;23;;;11012;18;11014;22;;;11009.0;0.0
yf_ZW=F_d2;1800;ASH_COATED_OSMIUM;9930;14;9927;12;;;9936;10;9938;18;;;9933.0;0.0
yf_ZW=F_d2;1800;INTARIAN_PEPPER_ROOT;11005;27;11001;18;;;11011;14;11015;17;;;11008.0;0.0
yf_ZW=F_d2;1900;ASH_COATED_OSMIUM;9929;15;9926;28;;;9938;11;9941;16;;;9933.5;0.0
yf_ZW=F_d2;1900;INTARIAN_PEPPER_ROOT;11004;16;11002;15;;;11010;24;11014;19;;;11007.0;0.0
yf_ZW=F_d2;2000;ASH_COATED_OSMIUM;9925;13;9922;26;;;9941;18;9944;11;;;9933.0;0.0
yf_ZW=F_d2;2000;INTARIAN_PEPPER_ROOT;11003;7;11001;27;;;11009;17;11011;21;;;11006.0;0.0
yf_ZW=F_d2;2100;ASH_COATED_OSMIUM;9930;11;9927;20;;;9936;16;9940;27;;;9933.0;0.0
yf_ZW=F_d2;2100;INTARIAN_PEPPER_ROOT;10996;8;10993;21;;;11014;16;11018;11;;;11005.0;0.0
yf_ZW=F_d2;2200;ASH_COATED_OSMIUM;9920;14;9916;26;;;9947;7;9951;16;;;9933.5;0.0
yf_ZW=F_d2;2200;INTARIAN_PEPPER_ROOT;11002;14;10999;19;;;11008;15;11011;18;;;11005.0;0.0
yf_ZW=F_d2;2300;ASH_COATED_OSMIUM;9931;26;9928;15;;;9937;12;9941;17;;;9934.0;0.0
yf_ZW=F_d2;2300;INTARIAN_PEPPER_ROOT;10978;19;10976;21;;;11029;12;11033;14;;;11003.5;0.0
yf_ZW=F_d2;2400;ASH_COATED_OSMIUM;9931;17;9928;25;;;9937;15;9940;15;;;9934.0;0.0
yf_ZW=F_d2;2400;INTARIAN_PEPPER_ROOT;10998;17;10995;26;;;11007;15;11010;14;;;11002.5;0.0
yf_ZW=F_d2;2500;ASH_COATED_OSMIUM;9931;8;9929;19;;;9937;21;9941;14;;;9934.0;0.0
yf_ZW=F_d2;2500;INTARIAN_PEPPER_ROOT;10998;8;10996;13;;;11004;12;11007;15;;;11001.0;0.0
yf_ZW=F_d2;2600;ASH_COATED_OSMIUM;9922;14;9920;12;;;9946;13;9948;16;;;9934.0;0.0
yf_ZW=F_d2;2600;INTARIAN_PEPPER_ROOT;10995;17;10992;20;;;11006;9;11010;20;;;11000.5;0.0
yf_ZW=F_d2;2700;ASH_COATED_OSMIUM;9930;19;9928;16;;;9939;9;9941;17;;;9934.5;0.0
yf_ZW=F_d2;2700;INTARIAN_PEPPER_ROOT;10997;21;10995;19;;;11004;24;11008;11;;;11000.5;0.0
yf_ZW=F_d2;2800;ASH_COATED_OSMIUM;9930;15;9927;17;;;9936;16;9940;19;;;9933.0;0.0
yf_ZW=F_d2;2800;INTARIAN_PEPPER_ROOT;10996;14;10994;23;;;11002;12;11004;27;;;10999.0;0.0
yf_ZW=F_d2;2900;ASH_COATED_OSMIUM;9927;18;9925;19;;;9941;13;9944;27;;;9934.0;0.0
yf_ZW=F_d2;2900;INTARIAN_PEPPER_ROOT;10995;17;10991;12;;;11002;14;11004;28;;;10998.5;0.0
yf_ZW=F_d2;3000;ASH_COATED_OSMIUM;9931;24;9928;18;;;9937;18;9941;25;;;9934.0;0.0
yf_ZW=F_d2;3000;INTARIAN_PEPPER_ROOT;10995;19;10992;20;;;11001;14;11003;13;;;10998.0;0.0
yf_ZW=F_d2;3100;ASH_COATED_OSMIUM;9928;16;9925;16;;;9939;18;9941;34;;;9933.5;0.0
yf_ZW=F_d2;3100;INTARIAN_PEPPER_ROOT;10994;11;10991;24;;;11000;14;11003;21;;;10997.0;0.0
yf_ZW=F_d2;3200;ASH_COATED_OSMIUM;9931;17;9929;24;;;9937;15;9941;23;;;9934.0;0.0
yf_ZW=F_d2;3200;INTARIAN_PEPPER_ROOT;10993;12;10989;20;;;10999;15;11001;16;;;10996.0;0.0
yf_ZW=F_d2;3300;ASH_COATED_OSMIUM;9923;12;9921;23;;;9944;7;9947;20;;;9933.5;0.0
yf_ZW=F_d2;3300;INTARIAN_PEPPER_ROOT;10992;14;10990;16;;;10998;16;11000;17;;;10995.0;0.0
yf_ZW=F_d2;3400;ASH_COATED_OSMIUM;9931;11;9927;20;;;9937;20;9940;19;;;9934.0;0.0
yf_ZW=F_d2;3400;INTARIAN_PEPPER_ROOT;10990;10;10988;25;;;10999;18;11001;29;;;10994.5;0.0
yf_ZW=F_d2;3500;ASH_COATED_OSMIUM;9931;16;9928;25;;;9939;14;9941;24;;;9935.0;0.0
yf_ZW=F_d2;3500;INTARIAN_PEPPER_ROOT;10990;14;10986;18;;;10996;12;10999;16;;;10993.0;0.0
yf_ZW=F_d2;3600;ASH_COATED_OSMIUM;9929;13;9925;16;;;9939;15;9941;20;;;9934.0;0.0
yf_ZW=F_d2;3600;INTARIAN_PEPPER_ROOT;10990;16;10988;26;;;10996;6;10998;14;;;10993.0;0.0
yf_ZW=F_d2;3700;ASH_COATED_OSMIUM;9924;10;9920;18;;;9943;12;9945;19;;;9933.5;0.0
yf_ZW=F_d2;3700;INTARIAN_PEPPER_ROOT;10988;12;10986;24;;;10994;20;10997;24;;;10991.0;0.0
yf_ZW=F_d2;3800;ASH_COATED_OSMIUM;9924;18;9920;20;;;9945;17;9949;14;;;9934.5;0.0
yf_ZW=F_d2;3800;INTARIAN_PEPPER_ROOT;10987;12;10983;13;;;10996;18;11000;22;;;10991.5;0.0
yf_ZW=F_d2;3900;ASH_COATED_OSMIUM;9931;16;9928;29;;;9937;21;9939;24;;;9934.0;0.0
yf_ZW=F_d2;3900;INTARIAN_PEPPER_ROOT;10988;16;10985;21;;;10994;16;10997;21;;;10991.0;0.0
yf_ZW=F_d2;4000;ASH_COATED_OSMIUM;9926;14;9924;17;;;9942;16;9944;19;;;9934.0;0.0
yf_ZW=F_d2;4000;INTARIAN_PEPPER_ROOT;10986;11;10982;13;;;10992;14;10995;30;;;10989.0;0.0
yf_ZW=F_d2;4100;ASH_COATED_OSMIUM;9926;23;9924;21;;;9941;17;9944;13;;;9933.5;0.0
yf_ZW=F_d2;4100;INTARIAN_PEPPER_ROOT;10986;5;10983;13;;;10992;9;10995;28;;;10989.0;0.0
yf_ZW=F_d2;4200;ASH_COATED_OSMIUM;9931;17;9929;23;;;9937;15;9939;20;;;9934.0;0.0
yf_ZW=F_d2;4200;INTARIAN_PEPPER_ROOT;10984;18;10980;18;;;10990;12;10992;17;;;10987.0;0.0
yf_ZW=F_d2;4300;ASH_COATED_OSMIUM;9931;11;9927;23;;;9937;6;9939;21;;;9934.0;0.0
yf_ZW=F_d2;4300;INTARIAN_PEPPER_ROOT;10984;17;10982;11;;;10990;19;10994;18;;;10987.0;0.0
yf_ZW=F_d2;4400;ASH_COATED_OSMIUM;9931;22;9929;20;;;9938;5;9942;8;;;9934.5;0.0
yf_ZW=F_d2;4400;INTARIAN_PEPPER_ROOT;10983;17;10981;21;;;10989;19;10991;20;;;10986.0;0.0
yf_ZW=F_d2;4500;ASH_COATED_OSMIUM;9929;18;9926;20;;;9939;14;9942;19;;;9934.0;0.0
yf_ZW=F_d2;4500;INTARIAN_PEPPER_ROOT;10983;8;10979;22;;;10989;15;10993;18;;;10986.0;0.0
yf_ZW=F_d2;4600;ASH_COATED_OSMIUM;9924;16;9921;26;;;9944;10;9948;12;;;9934.0;0.0
yf_ZW=F_d2;4600;INTARIAN_PEPPER_ROOT;10982;12;10979;18;;;10988;23;10992;15;;;10985.0;0.0
yf_ZW=F_d2;4700;ASH_COATED_OSMIUM;9930;5;9928;19;;;9938;12;9940;14;;;9934.0;0.0
yf_ZW=F_d2;4700;INTARIAN_PEPPER_ROOT;10981;11;10978;23;;;10987;15;10991;21;;;10984.0;0.0
yf_ZW=F_d2;4800;ASH_COATED_OSMIUM;9931;6;9929;22;;;9937;6;9939;25;;;9934.0;0.0
yf_ZW=F_d2;4800;INTARIAN_PEPPER_ROOT;10980;16;10976;22;;;10986;8;10990;25;;;10983.0;0.0
yf_ZW=F_d2;4900;ASH_COATED_OSMIUM;9931;25;9929;19;;;9937;13;9940;24;;;9934.0;0.0
yf_ZW=F_d2;4900;INTARIAN_PEPPER_ROOT;10977;10;10974;18;;;10987;21;10991;14;;;10982.0;0.0
yf_ZW=F_d2;5000;ASH_COATED_OSMIUM;9927;17;9924;24;;;9943;19;9946;16;;;9935.0;0.0
yf_ZW=F_d2;5000;INTARIAN_PEPPER_ROOT;10978;24;10974;14;;;10984;11;10988;14;;;10981.0;0.0
yf_ZW=F_d2;5100;ASH_COATED_OSMIUM;9931;19;9928;12;;;9937;11;9941;8;;;9934.0;0.0
yf_ZW=F_d2;5100;INTARIAN_PEPPER_ROOT;10976;17;10973;23;;;10985;16;10987;22;;;10980.5;0.0
yf_ZW=F_d2;5200;ASH_COATED_OSMIUM;9931;18;9927;22;;;9937;26;9941;21;;;9934.0;0.0
yf_ZW=F_d2;5200;INTARIAN_PEPPER_ROOT;10977;15;10974;21;;;10983;24;10987;10;;;10980.0;0.0
yf_ZW=F_d2;5300;ASH_COATED_OSMIUM;9932;15;9930;25;;;9938;26;9941;21;;;9935.0;0.0
yf_ZW=F_d2;5300;INTARIAN_PEPPER_ROOT;10972;7;10968;22;;;10985;20;10988;21;;;10978.5;0.0
yf_ZW=F_d2;5400;ASH_COATED_OSMIUM;9931;17;9927;19;;;9937;16;9941;22;;;9934.0;0.0
yf_ZW=F_d2;5400;INTARIAN_PEPPER_ROOT;10975;14;10972;21;;;10981;15;10985;16;;;10978.0;0.0
yf_ZW=F_d2;5500;ASH_COATED_OSMIUM;9930;22;9928;11;;;9938;20;9940;22;;;9934.0;0.0
yf_ZW=F_d2;5500;INTARIAN_PEPPER_ROOT;10974;17;10971;20;;;10980;14;10983;23;;;10977.0;0.0
yf_ZW=F_d2;5600;ASH_COATED_OSMIUM;9931;9;9928;13;;;9937;22;9939;16;;;9934.0;0.0
yf_ZW=F_d2;5600;INTARIAN_PEPPER_ROOT;10965;12;10963;17;;;10988;22;10991;19;;;10976.5;0.0
yf_ZW=F_d2;5700;ASH_COATED_OSMIUM;9932;24;9930;23;;;9938;8;9941;15;;;9935.0;0.0
yf_ZW=F_d2;5700;INTARIAN_PEPPER_ROOT;10973;13;10970;26;;;10979;18;10982;29;;;10976.0;0.0
yf_ZW=F_d2;5800;ASH_COATED_OSMIUM;9927;12;9924;18;;;9944;23;9948;20;;;9935.5;0.0
yf_ZW=F_d2;5800;INTARIAN_PEPPER_ROOT;10972;8;10970;24;;;10978;16;10982;10;;;10975.0;0.0
yf_ZW=F_d2;5900;ASH_COATED_OSMIUM;9931;18;9929;23;;;9937;23;9939;11;;;9934.0;0.0
yf_ZW=F_d2;5900;INTARIAN_PEPPER_ROOT;10971;17;10968;20;;;10977;9;10981;26;;;10974.0;0.0
yf_ZW=F_d2;6000;ASH_COATED_OSMIUM;9932;6;9929;17;;;9938;15;9940;20;;;9935.0;0.0
yf_ZW=F_d2;6000;INTARIAN_PEPPER_ROOT;10970;14;10966;24;;;10976;16;10980;13;;;10973.0;0.0
yf_ZW=F_d2;6100;ASH_COATED_OSMIUM;9926;16;9924;11;;;9943;11;9946;19;;;9934.5;0.0
yf_ZW=F_d2;6100;INTARIAN_PEPPER_ROOT;10966;5;10964;25;;;10978;23;10982;15;;;10972.0;0.0
yf_ZW=F_d2;6200;ASH_COATED_OSMIUM;9930;24;9927;23;;;9939;13;9942;15;;;9934.5;0.0
yf_ZW=F_d2;6200;INTARIAN_PEPPER_ROOT;10968;19;10966;24;;;10974;24;10976;13;;;10971.0;0.0
yf_ZW=F_d2;6300;ASH_COATED_OSMIUM;9930;17;9928;24;;;9938;21;9940;20;;;9934.0;0.0
yf_ZW=F_d2;6300;INTARIAN_PEPPER_ROOT;10967;13;10964;24;;;10973;16;10976;14;;;10970.0;0.0
yf_ZW=F_d2;6400;ASH_COATED_OSMIUM;9931;12;9928;13;;;9937;13;9941;16;;;9934.0;0.0
yf_ZW=F_d2;6400;INTARIAN_PEPPER_ROOT;10967;10;10964;18;;;10973;18;10976;16;;;10970.0;0.0
yf_ZW=F_d2;6500;ASH_COATED_OSMIUM;9926;12;9922;16;;;9943;11;9945;18;;;9934.5;0.0
yf_ZW=F_d2;6500;INTARIAN_PEPPER_ROOT;10965;10;10963;18;;;10973;17;10977;17;;;10969.0;0.0
yf_ZW=F_d2;6600;ASH_COATED_OSMIUM;9932;18;9929;20;;;9938;14;9942;19;;;9935.0;0.0
yf_ZW=F_d2;6600;INTARIAN_PEPPER_ROOT;10961;16;10957;18;;;10976;10;10980;18;;;10968.5;0.0
yf_ZW=F_d2;6700;ASH_COATED_OSMIUM;9932;17;9929;19;;;9938;12;9941;15;;;9935.0;0.0
yf_ZW=F_d2;6700;INTARIAN_PEPPER_ROOT;10961;20;10958;20;;;10973;8;10976;19;;;10967.0;0.0
yf_ZW=F_d2;6800;ASH_COATED_OSMIUM;9932;21;9930;20;;;9938;13;9941;17;;;9935.0;0.0
yf_ZW=F_d2;6800;INTARIAN_PEPPER_ROOT;10963;17;10960;18;;;10969;14;10972;16;;;10966.0;0.0
yf_ZW=F_d2;6900;ASH_COATED_OSMIUM;9932;12;9929;25;;;9938;11;9941;23;;;9935.0;0.0
yf_ZW=F_d2;6900;INTARIAN_PEPPER_ROOT;10963;16;10960;13;;;10969;18;10973;22;;;10966.0;0.0
yf_ZW=F_d2;7000;ASH_COATED_OSMIUM;9926;12;9922;30;;;9945;16;9949;26;;;9935.5;0.0
yf_ZW=F_d2;7000;INTARIAN_PEPPER_ROOT;10958;13;10954;22;;;10971;8;10975;16;;;10964.5;0.0
yf_ZW=F_d2;7100;ASH_COATED_OSMIUM;9933;14;9930;18;;;9939;11;9941;23;;;9936.0;0.0
yf_ZW=F_d2;7100;INTARIAN_PEPPER_ROOT;10960;11;10956;24;;;10966;17;10969;8;;;10963.0;0.0
yf_ZW=F_d2;7200;ASH_COATED_OSMIUM;9932;13;9929;20;;;9938;30;9941;16;;;9935.0;0.0
yf_ZW=F_d2;7200;INTARIAN_PEPPER_ROOT;10960;15;10957;13;;;10966;21;10968;11;;;10963.0;0.0
yf_ZW=F_d2;7300;ASH_COATED_OSMIUM;9931;12;9927;35;;;9939;12;9942;23;;;9935.0;0.0
yf_ZW=F_d2;7300;INTARIAN_PEPPER_ROOT;10959;13;10956;28;;;10965;17;10967;17;;;10962.0;0.0
yf_ZW=F_d2;7400;ASH_COATED_OSMIUM;9932;14;9929;17;;;9938;16;9941;13;;;9935.0;0.0
yf_ZW=F_d2;7400;INTARIAN_PEPPER_ROOT;10956;11;10954;13;;;10966;5;10969;19;;;10961.0;0.0
yf_ZW=F_d2;7500;ASH_COATED_OSMIUM;9927;12;9924;19;;;9944;11;9947;16;;;9935.5;0.0
yf_ZW=F_d2;7500;INTARIAN_PEPPER_ROOT;10958;15;10954;22;;;10964;12;10967;15;;;10961.0;0.0
yf_ZW=F_d2;7600;ASH_COATED_OSMIUM;9932;18;9928;26;;;9938;14;9941;22;;;9935.0;0.0
yf_ZW=F_d2;7600;INTARIAN_PEPPER_ROOT;10957;15;10954;14;;;10963;10;10966;12;;;10960.0;0.0
yf_ZW=F_d2;7700;ASH_COATED_OSMIUM;9924;13;9922;11;;;9947;5;9951;19;;;9935.5;0.0
yf_ZW=F_d2;7700;INTARIAN_PEPPER_ROOT;10956;5;10952;19;;;10962;13;10966;25;;;10959.0;0.0
yf_ZW=F_d2;7800;ASH_COATED_OSMIUM;9932;12;9929;9;;;9938;15;9941;15;;;9935.0;0.0
yf_ZW=F_d2;7800;INTARIAN_PEPPER_ROOT;10953;19;10949;8;;;10962;15;10966;21;;;10957.5;0.0
yf_ZW=F_d2;7900;ASH_COATED_OSMIUM;9932;14;9929;12;;;9938;5;9942;22;;;9935.0;0.0
yf_ZW=F_d2;7900;INTARIAN_PEPPER_ROOT;10950;19;10946;19;;;10964;16;10966;16;;;10957.0;0.0
yf_ZW=F_d2;8000;ASH_COATED_OSMIUM;9932;23;9930;18;;;9938;17;9940;15;;;9935.0;0.0
yf_ZW=F_d2;8000;INTARIAN_PEPPER_ROOT;10949;6;10945;25;;;10963;13;10966;23;;;10956.0;0.0
yf_ZW=F_d2;8100;ASH_COATED_OSMIUM;9929;15;9927;13;;;9940;12;9943;29;;;9934.5;0.0
yf_ZW=F_d2;8100;INTARIAN_PEPPER_ROOT;10953;19;10951;26;;;10959;17;10961;23;;;10956.0;0.0
yf_ZW=F_d2;8200;ASH_COATED_OSMIUM;9932;24;9929;13;;;9938;10;9940;27;;;9935.0;0.0
yf_ZW=F_d2;8200;INTARIAN_PEPPER_ROOT;10947;11;10945;27;;;10960;15;10962;23;;;10953.5;0.0
yf_ZW=F_d2;8300;ASH_COATED_OSMIUM;9923;18;9919;24;;;9948;10;9952;14;;;9935.5;0.0
yf_ZW=F_d2;8300;INTARIAN_PEPPER_ROOT;10947;21;10943;14;;;10959;18;10961;22;;;10953.0;0.0
yf_ZW=F_d2;8400;ASH_COATED_OSMIUM;9930;8;9928;24;;;9940;9;9942;20;;;9935.0;0.0
yf_ZW=F_d2;8400;INTARIAN_PEPPER_ROOT;10947;18;10943;14;;;10958;9;10960;13;;;10952.5;0.0
yf_ZW=F_d2;8500;ASH_COATED_OSMIUM;9931;18;9927;8;;;9938;12;9942;13;;;9934.5;0.0
yf_ZW=F_d2;8500;INTARIAN_PEPPER_ROOT;10949;21;10946;29;;;10955;10;10957;25;;;10952.0;0.0
yf_ZW=F_d2;8600;ASH_COATED_OSMIUM;9933;5;9929;10;;;9939;18;9941;20;;;9936.0;0.0
yf_ZW=F_d2;8600;INTARIAN_PEPPER_ROOT;10948;10;10945;8;;;10954;11;10957;14;;;10951.0;0.0
yf_ZW=F_d2;8700;ASH_COATED_OSMIUM;9932;19;9930;13;;;9939;18;9941;19;;;9935.5;0.0
yf_ZW=F_d2;8700;INTARIAN_PEPPER_ROOT;10947;15;10943;17;;;10953;11;10955;12;;;10950.0;0.0
yf_ZW=F_d2;8800;ASH_COATED_OSMIUM;9926;13;9923;26;;;9944;12;9947;23;;;9935.0;0.0
yf_ZW=F_d2;8800;INTARIAN_PEPPER_ROOT;10946;14;10944;19;;;10952;21;10954;20;;;10949.0;0.0
yf_ZW=F_d2;8900;ASH_COATED_OSMIUM;9932;13;9930;16;;;9938;15;9941;28;;;9935.0;0.0
yf_ZW=F_d2;8900;INTARIAN_PEPPER_ROOT;10946;17;10942;20;;;10952;16;10956;9;;;10949.0;0.0
yf_ZW=F_d2;9000;ASH_COATED_OSMIUM;9932;13;9928;13;;;9938;16;9940;15;;;9935.0;0.0
yf_ZW=F_d2;9000;INTARIAN_PEPPER_ROOT;10945;18;10942;21;;;10951;7;10953;16;;;10948.0;0.0
yf_ZW=F_d2;9100;ASH_COATED_OSMIUM;9933;13;9929;23;;;9939;13;9941;17;;;9936.0;0.0
yf_ZW=F_d2;9100;INTARIAN_PEPPER_ROOT;10944;18;10942;19;;;10950;13;10954;22;;;10947.0;0.0
yf_ZW=F_d2;9200;ASH_COATED_OSMIUM;9933;19;9930;26;;;9939;19;9941;18;;;9936.0;0.0
yf_ZW=F_d2;9200;INTARIAN_PEPPER_ROOT;10943;8;10940;14;;;10949;17;10951;19;;;10946.0;0.0
yf_ZW=F_d2;9300;ASH_COATED_OSMIUM;9932;17;9929;21;;;9938;14;9941;15;;;9935.0;0.0
yf_ZW=F_d2;9300;INTARIAN_PEPPER_ROOT;10938;20;10935;19;;;10952;12;10954;13;;;10945.0;0.0
yf_ZW=F_d2;9400;ASH_COATED_OSMIUM;9932;12;9929;25;;;9938;18;9942;21;;;9935.0;0.0
yf_ZW=F_d2;9400;INTARIAN_PEPPER_ROOT;10942;12;10939;23;;;10948;10;10951;21;;;10945.0;0.0
yf_ZW=F_d2;9500;ASH_COATED_OSMIUM;9925;9;9923;17;;;9946;16;9950;24;;;9935.5;0.0
yf_ZW=F_d2;9500;INTARIAN_PEPPER_ROOT;10941;15;10937;20;;;10947;18;10949;14;;;10944.0;0.0
yf_ZW=F_d2;9600;ASH_COATED_OSMIUM;9932;5;9930;17;;;9940;14;9942;24;;;9936.0;0.0
yf_ZW=F_d2;9600;INTARIAN_PEPPER_ROOT;10941;8;10937;16;;;10947;20;10950;23;;;10944.0;0.0
yf_ZW=F_d2;9700;ASH_COATED_OSMIUM;9929;10;9926;13;;;9942;20;9946;23;;;9935.5;0.0
yf_ZW=F_d2;9700;INTARIAN_PEPPER_ROOT;10939;15;10937;22;;;10945;8;10947;23;;;10942.0;0.0
yf_ZW=F_d2;9800;ASH_COATED_OSMIUM;9933;18;9929;15;;;9939;18;9942;18;;;9936.0;0.0
yf_ZW=F_d2;9800;INTARIAN_PEPPER_ROOT;10938;12;10934;19;;;10944;19;10946;26;;;10941.0;0.0
yf_ZW=F_d2;9900;ASH_COATED_OSMIUM;9933;13;9929;31;;;9939;10;9943;15;;;9936.0;0.0
yf_ZW=F_d2;9900;INTARIAN_PEPPER_ROOT;10937;12;10933;8;;;10943;22;10945;27;;;10940.0;0.0
yf_ZW=F_d2;10000;ASH_COATED_OSMIUM;9933;8;9931;35;;;9939;18;9942;21;;;9936.0;0.0
yf_ZW=F_d2;10000;INTARIAN_PEPPER_ROOT;10933;16;10930;24;;;10947;5;10951;19;;;10940.0;0.0
yf_ZW=F_d2;10100;ASH_COATED_OSMIUM;9933;19;9931;26;;;9939;16;9942;20;;;9936.0;0.0
yf_ZW=F_d2;10100;INTARIAN_PEPPER_ROOT;10923;17;10919;27;;;10955;18;10958;20;;;10939.0;0.0
yf_ZW=F_d2;10200;ASH_COATED_OSMIUM;9933;11;9929;20;;;9939;13;9943;23;;;9936.0;0.0
yf_ZW=F_d2;10200;INTARIAN_PEPPER_ROOT;10930;5;10926;17;;;10946;10;10949;25;;;10938.0;0.0
yf_ZW=F_d2;10300;ASH_COATED_OSMIUM;9931;21;9928;24;;;9941;17;9945;15;;;9936.0;0.0
yf_ZW=F_d2;10300;INTARIAN_PEPPER_ROOT;10935;9;10932;22;;;10941;15;10943;20;;;10938.0;0.0
yf_ZW=F_d2;10400;ASH_COATED_OSMIUM;9933;13;9929;24;;;9939;5;9943;20;;;9936.0;0.0
yf_ZW=F_d2;10400;INTARIAN_PEPPER_ROOT;10933;14;10931;20;;;10939;7;10941;15;;;10936.0;0.0
yf_ZW=F_d2;10500;ASH_COATED_OSMIUM;9932;7;9929;12;;;9940;17;9943;29;;;9936.0;0.0
yf_ZW=F_d2;10500;INTARIAN_PEPPER_ROOT;10933;15;10931;23;;;10939;22;10943;13;;;10936.0;0.0
yf_ZW=F_d2;10600;ASH_COATED_OSMIUM;9934;25;9931;24;;;9940;17;9942;16;;;9937.0;0.0
yf_ZW=F_d2;10600;INTARIAN_PEPPER_ROOT;10927;8;10923;15;;;10944;17;10947;20;;;10935.5;0.0
yf_ZW=F_d2;10700;ASH_COATED_OSMIUM;9932;12;9929;11;;;9941;16;9944;17;;;9936.5;0.0
yf_ZW=F_d2;10700;INTARIAN_PEPPER_ROOT;10932;12;10930;25;;;10938;15;10940;10;;;10935.0;0.0
yf_ZW=F_d2;10800;ASH_COATED_OSMIUM;9933;11;9930;20;;;9939;7;9943;21;;;9936.0;0.0
yf_ZW=F_d2;10800;INTARIAN_PEPPER_ROOT;10928;10;10926;30;;;10937;20;10939;28;;;10932.5;0.0
yf_ZW=F_d2;10900;ASH_COATED_OSMIUM;9932;15;9930;18;;;9941;21;9945;26;;;9936.5;0.0
yf_ZW=F_d2;10900;INTARIAN_PEPPER_ROOT;10929;15;10925;23;;;10935;16;10937;21;;;10932.0;0.0
yf_ZW=F_d2;11000;ASH_COATED_OSMIUM;9933;15;9929;18;;;9939;11;9943;18;;;9936.0;0.0
yf_ZW=F_d2;11000;INTARIAN_PEPPER_ROOT;10928;20;10926;22;;;10935;16;10939;22;;;10931.5;0.0
yf_ZW=F_d2;11100;ASH_COATED_OSMIUM;9934;18;9932;22;;;9940;19;9944;20;;;9937.0;0.0
yf_ZW=F_d2;11100;INTARIAN_PEPPER_ROOT;10928;8;10924;15;;;10934;10;10936;14;;;10931.0;0.0
yf_ZW=F_d2;11200;ASH_COATED_OSMIUM;9930;11;9926;20;;;9944;15;9946;9;;;9937.0;0.0
yf_ZW=F_d2;11200;INTARIAN_PEPPER_ROOT;10923;20;10919;15;;;10936;11;10938;31;;;10929.5;0.0
yf_ZW=F_d2;11300;ASH_COATED_OSMIUM;9934;12;9931;18;;;9940;19;9944;19;;;9937.0;0.0
yf_ZW=F_d2;11300;INTARIAN_PEPPER_ROOT;10926;8;10923;30;;;10932;11;10936;12;;;10929.0;0.0
yf_ZW=F_d2;11400;ASH_COATED_OSMIUM;9926;17;9924;24;;;9947;13;9950;19;;;9936.5;0.0
yf_ZW=F_d2;11400;INTARIAN_PEPPER_ROOT;10925;15;10923;20;;;10931;18;10934;14;;;10928.0;0.0
yf_ZW=F_d2;11500;ASH_COATED_OSMIUM;9933;5;9931;30;;;9939;12;9943;11;;;9936.0;0.0
yf_ZW=F_d2;11500;INTARIAN_PEPPER_ROOT;10916;20;10913;27;;;10940;12;10942;27;;;10928.0;0.0
yf_ZW=F_d2;11600;ASH_COATED_OSMIUM;9933;20;9929;23;;;9939;9;9942;25;;;9936.0;0.0
yf_ZW=F_d2;11600;INTARIAN_PEPPER_ROOT;10923;18;10920;17;;;10930;11;10932;11;;;10926.5;0.0
yf_ZW=F_d2;11700;ASH_COATED_OSMIUM;9933;11;9930;22;;;9939;15;9943;16;;;9936.0;0.0
yf_ZW=F_d2;11700;INTARIAN_PEPPER_ROOT;10923;22;10919;20;;;10929;17;10931;22;;;10926.0;0.0
yf_ZW=F_d2;11800;ASH_COATED_OSMIUM;9928;24;9926;25;;;9944;16;9946;11;;;9936.0;0.0
yf_ZW=F_d2;11800;INTARIAN_PEPPER_ROOT;10922;13;10919;24;;;10928;18;10931;13;;;10925.0;0.0
yf_ZW=F_d2;11900;ASH_COATED_OSMIUM;9922;13;9918;25;;;9951;12;9954;14;;;9936.5;0.0
yf_ZW=F_d2;11900;INTARIAN_PEPPER_ROOT;10921;8;10919;17;;;10927;18;10930;13;;;10924.0;0.0
yf_ZW=F_d2;12000;ASH_COATED_OSMIUM;9930;19;9928;20;;;9942;6;9946;18;;;9936.0;0.0
yf_ZW=F_d2;12000;INTARIAN_PEPPER_ROOT;10918;10;10914;19;;;10929;19;10933;18;;;10923.5;0.0
yf_ZW=F_d2;12100;ASH_COATED_OSMIUM;9927;15;9924;23;;;9947;6;9950;20;;;9937.0;0.0
yf_ZW=F_d2;12100;INTARIAN_PEPPER_ROOT;10918;6;10915;18;;;10926;19;10930;24;;;10922.0;0.0
yf_ZW=F_d2;12200;ASH_COATED_OSMIUM;9934;15;9932;13;;;9940;9;9944;20;;;9937.0;0.0
yf_ZW=F_d2;12200;INTARIAN_PEPPER_ROOT;10910;10;10907;17;;;10932;16;10935;16;;;10921.0;0.0
yf_ZW=F_d2;12300;ASH_COATED_OSMIUM;9934;23;9932;16;;;9940;16;9943;17;;;9937.0;0.0
yf_ZW=F_d2;12300;INTARIAN_PEPPER_ROOT;10918;16;10914;19;;;10924;11;10926;18;;;10921.0;0.0
yf_ZW=F_d2;12400;ASH_COATED_OSMIUM;9930;11;9928;24;;;9943;13;9945;31;;;9936.5;0.0
yf_ZW=F_d2;12400;INTARIAN_PEPPER_ROOT;10916;12;10912;17;;;10922;21;10926;18;;;10919.0;0.0
yf_ZW=F_d2;12500;ASH_COATED_OSMIUM;9923;9;9919;28;;;9950;18;9954;18;;;9936.5;0.0
yf_ZW=F_d2;12500;INTARIAN_PEPPER_ROOT;10914;9;10910;15;;;10924;11;10927;16;;;10919.0;0.0
yf_ZW=F_d2;12600;ASH_COATED_OSMIUM;9926;16;9922;23;;;9947;15;9949;21;;;9936.5;0.0
yf_ZW=F_d2;12600;INTARIAN_PEPPER_ROOT;10915;5;10912;16;;;10921;17;10923;12;;;10918.0;0.0
yf_ZW=F_d2;12700;ASH_COATED_OSMIUM;9934;16;9930;9;;;9940;15;9942;20;;;9937.0;0.0
yf_ZW=F_d2;12700;INTARIAN_PEPPER_ROOT;10915;8;10913;8;;;10921;8;10925;16;;;10918.0;0.0
yf_ZW=F_d2;12800;ASH_COATED_OSMIUM;9934;20;9931;19;;;9940;17;9943;22;;;9937.0;0.0
yf_ZW=F_d2;12800;INTARIAN_PEPPER_ROOT;10914;6;10912;25;;;10920;14;10923;16;;;10917.0;0.0
yf_ZW=F_d2;12900;ASH_COATED_OSMIUM;9934;24;9930;21;;;9940;20;9944;23;;;9937.0;0.0
yf_ZW=F_d2;12900;INTARIAN_PEPPER_ROOT;10907;13;10903;23;;;10925;16;10929;14;;;10916.0;0.0
yf_ZW=F_d2;13000;ASH_COATED_OSMIUM;9933;17;9930;20;;;9941;14;9943;19;;;9937.0;0.0
yf_ZW=F_d2;13000;INTARIAN_PEPPER_ROOT;10911;12;10909;18;;;10917;17;10919;19;;;10914.0;0.0
yf_ZW=F_d2;13100;ASH_COATED_OSMIUM;9933;7;9931;22;;;9939;11;9943;17;;;9936.0;0.0
yf_ZW=F_d2;13100;INTARIAN_PEPPER_ROOT;10904;17;10902;17;;;10924;16;10927;21;;;10914.0;0.0
yf_ZW=F_d2;13200;ASH_COATED_OSMIUM;9933;9;9930;21;;;9941;24;9944;20;;;9937.0;0.0
yf_ZW=F_d2;13200;INTARIAN_PEPPER_ROOT;10906;11;10904;24;;;10920;11;10923;19;;;10913.0;0.0
yf_ZW=F_d2;13300;ASH_COATED_OSMIUM;9934;14;9932;23;;;9940;13;9943;21;;;9937.0;0.0
yf_ZW=F_d2;13300;INTARIAN_PEPPER_ROOT;10909;18;10907;19;;;10915;15;10917;25;;;10912.0;0.0
yf_ZW=F_d2;13400;ASH_COATED_OSMIUM;9934;18;9930;9;;;9940;12;9942;17;;;9937.0;0.0
yf_ZW=F_d2;13400;INTARIAN_PEPPER_ROOT;10909;10;10907;18;;;10916;12;10919;18;;;10912.5;0.0
yf_ZW=F_d2;13500;ASH_COATED_OSMIUM;9934;17;9932;17;;;9940;5;9943;19;;;9937.0;0.0
yf_ZW=F_d2;13500;INTARIAN_PEPPER_ROOT;10907;16;10903;18;;;10913;13;10916;19;;;10910.0;0.0
yf_ZW=F_d2;13600;ASH_COATED_OSMIUM;9934;5;9930;16;;;9940;12;9942;21;;;9937.0;0.0
yf_ZW=F_d2;13600;INTARIAN_PEPPER_ROOT;10907;17;10905;17;;;10913;12;10915;8;;;10910.0;0.0
yf_ZW=F_d2;13700;ASH_COATED_OSMIUM;9933;13;9930;22;;;9940;16;9943;26;;;9936.5;0.0
yf_ZW=F_d2;13700;INTARIAN_PEPPER_ROOT;10906;11;10902;23;;;10912;16;10914;22;;;10909.0;0.0
yf_ZW=F_d2;13800;ASH_COATED_OSMIUM;9933;24;9931;26;;;9939;21;9943;26;;;9936.0;0.0
yf_ZW=F_d2;13800;INTARIAN_PEPPER_ROOT;10902;24;10899;16;;;10914;14;10918;13;;;10908.0;0.0
yf_ZW=F_d2;13900;ASH_COATED_OSMIUM;9934;17;9931;20;;;9940;19;9943;16;;;9937.0;0.0
yf_ZW=F_d2;13900;INTARIAN_PEPPER_ROOT;10903;16;10900;22;;;10912;18;10915;17;;;10907.5;0.0
yf_ZW=F_d2;14000;ASH_COATED_OSMIUM;9932;16;9930;20;;;9943;20;9947;27;;;9937.5;0.0
yf_ZW=F_d2;14000;INTARIAN_PEPPER_ROOT;10904;8;10900;15;;;10910;24;10914;14;;;10907.0;0.0
yf_ZW=F_d2;14100;ASH_COATED_OSMIUM;9934;7;9930;8;;;9940;11;9943;18;;;9937.0;0.0
yf_ZW=F_d2;14100;INTARIAN_PEPPER_ROOT;10903;18;10899;18;;;10909;10;10911;20;;;10906.0;0.0
yf_ZW=F_d2;14200;ASH_COATED_OSMIUM;9934;6;9932;24;;;9940;14;9943;22;;;9937.0;0.0
yf_ZW=F_d2;14200;INTARIAN_PEPPER_ROOT;10902;15;10898;17;;;10908;12;10912;20;;;10905.0;0.0
yf_ZW=F_d2;14300;ASH_COATED_OSMIUM;9934;14;9932;21;;;9940;22;9944;18;;;9937.0;0.0
yf_ZW=F_d2;14300;INTARIAN_PEPPER_ROOT;10901;18;10898;23;;;10907;18;10909;30;;;10904.0;0.0
yf_ZW=F_d2;14400;ASH_COATED_OSMIUM;9934;12;9930;18;;;9940;16;9942;18;;;9937.0;0.0
yf_ZW=F_d2;14400;INTARIAN_PEPPER_ROOT;10897;11;10893;18;;;10909;12;10911;17;;;10903.0;0.0
yf_ZW=F_d2;14500;ASH_COATED_OSMIUM;9934;14;9931;21;;;9940;23;9942;8;;;9937.0;0.0
yf_ZW=F_d2;14500;INTARIAN_PEPPER_ROOT;10899;13;10895;23;;;10905;15;10908;26;;;10902.0;0.0
yf_ZW=F_d2;14600;ASH_COATED_OSMIUM;9935;21;9931;27;;;9941;16;9943;24;;;9938.0;0.0
yf_ZW=F_d2;14600;INTARIAN_PEPPER_ROOT;10898;16;10896;28;;;10904;13;10906;21;;;10901.0;0.0
yf_ZW=F_d2;14700;ASH_COATED_OSMIUM;9934;21;9931;18;;;9940;28;9942;25;;;9937.0;0.0
yf_ZW=F_d2;14700;INTARIAN_PEPPER_ROOT;10898;9;10895;27;;;10904;15;10908;13;;;10901.0;0.0
yf_ZW=F_d2;14800;ASH_COATED_OSMIUM;9934;14;9932;15;;;9940;16;9943;17;;;9937.0;0.0
yf_ZW=F_d2;14800;INTARIAN_PEPPER_ROOT;10897;19;10894;12;;;10903;17;10906;25;;;10900.0;0.0
yf_ZW=F_d2;14900;ASH_COATED_OSMIUM;9918;9;9916;15;;;9957;15;9960;23;;;9937.5;0.0
yf_ZW=F_d2;14900;INTARIAN_PEPPER_ROOT;10896;13;10894;16;;;10902;19;10904;16;;;10899.0;0.0
yf_ZW=F_d2;15000;ASH_COATED_OSMIUM;9932;11;9930;29;;;9943;19;9946;24;;;9937.5;0.0
yf_ZW=F_d2;15000;INTARIAN_PEPPER_ROOT;10889;14;10885;18;;;10908;15;10912;19;;;10898.5;0.0
yf_ZW=F_d2;15100;ASH_COATED_OSMIUM;9934;13;9931;17;;;9941;21;9943;20;;;9937.5;0.0
yf_ZW=F_d2;15100;INTARIAN_PEPPER_ROOT;10895;14;10891;19;;;10901;22;10903;13;;;10898.0;0.0
yf_ZW=F_d2;15200;ASH_COATED_OSMIUM;9929;5;9926;20;;;9946;8;9949;19;;;9937.5;0.0
yf_ZW=F_d2;15200;INTARIAN_PEPPER_ROOT;10893;5;10890;20;;;10899;22;10901;19;;;10896.0;0.0
yf_ZW=F_d2;15300;ASH_COATED_OSMIUM;9933;11;9930;19;;;9941;18;9943;18;;;9937.0;0.0
yf_ZW=F_d2;15300;INTARIAN_PEPPER_ROOT;10891;21;10889;21;;;10900;8;10902;12;;;10895.5;0.0
yf_ZW=F_d2;15400;ASH_COATED_OSMIUM;9933;22;9930;20;;;9941;11;9945;25;;;9937.0;0.0
yf_ZW=F_d2;15400;INTARIAN_PEPPER_ROOT;10889;14;10886;20;;;10901;16;10903;20;;;10895.0;0.0
yf_ZW=F_d2;15500;ASH_COATED_OSMIUM;9934;11;9931;22;;;9940;15;9943;26;;;9937.0;0.0
yf_ZW=F_d2;15500;INTARIAN_PEPPER_ROOT;10890;12;10888;32;;;10897;20;10901;28;;;10893.5;0.0
yf_ZW=F_d2;15600;ASH_COATED_OSMIUM;9933;11;9931;19;;;9942;24;9946;19;;;9937.5;0.0
yf_ZW=F_d2;15600;INTARIAN_PEPPER_ROOT;10886;16;10884;13;;;10900;11;10902;34;;;10893.0;0.0
yf_ZW=F_d2;15700;ASH_COATED_OSMIUM;9935;19;9931;16;;;9941;15;9945;18;;;9938.0;0.0
yf_ZW=F_d2;15700;INTARIAN_PEPPER_ROOT;10889;10;10887;23;;;10895;11;10898;16;;;10892.0;0.0
yf_ZW=F_d2;15800;ASH_COATED_OSMIUM;9934;11;9932;19;;;9941;16;9945;17;;;9937.5;0.0
yf_ZW=F_d2;15800;INTARIAN_PEPPER_ROOT;10889;14;10887;22;;;10895;12;10898;18;;;10892.0;0.0
yf_ZW=F_d2;15900;ASH_COATED_OSMIUM;9934;26;9931;29;;;9940;15;9943;14;;;9937.0;0.0
yf_ZW=F_d2;15900;INTARIAN_PEPPER_ROOT;10887;8;10885;20;;;10893;15;10897;17;;;10890.0;0.0
yf_ZW=F_d2;16000;ASH_COATED_OSMIUM;9935;18;9933;13;;;9941;15;9944;19;;;9938.0;0.0
yf_ZW=F_d2;16000;INTARIAN_PEPPER_ROOT;10884;8;10880;27;;;10897;10;10899;16;;;10890.5;0.0
yf_ZW=F_d2;16100;ASH_COATED_OSMIUM;9934;24;9932;21;;;9940;7;9943;24;;;9937.0;0.0
yf_ZW=F_d2;16100;INTARIAN_PEPPER_ROOT;10886;16;10883;27;;;10892;23;10894;20;;;10889.0;0.0
yf_ZW=F_d2;16200;ASH_COATED_OSMIUM;9935;12;9932;18;;;9941;13;9945;11;;;9938.0;0.0
yf_ZW=F_d2;16200;INTARIAN_PEPPER_ROOT;10885;15;10882;16;;;10891;14;10894;25;;;10888.0;0.0
yf_ZW=F_d2;16300;ASH_COATED_OSMIUM;9932;17;9928;27;;;9944;9;9948;9;;;9938.0;0.0
yf_ZW=F_d2;16300;INTARIAN_PEPPER_ROOT;10884;19;10881;13;;;10890;7;10894;24;;;10887.0;0.0
yf_ZW=F_d2;16400;ASH_COATED_OSMIUM;9935;19;9931;18;;;9941;15;9943;17;;;9938.0;0.0
yf_ZW=F_d2;16400;INTARIAN_PEPPER_ROOT;10880;20;10878;10;;;10894;14;10896;19;;;10887.0;0.0
yf_ZW=F_d2;16500;ASH_COATED_OSMIUM;9933;12;9931;24;;;9942;11;9944;25;;;9937.5;0.0
yf_ZW=F_d2;16500;INTARIAN_PEPPER_ROOT;10882;15;10879;22;;;10888;20;10890;8;;;10885.0;0.0
yf_ZW=F_d2;16600;ASH_COATED_OSMIUM;9935;17;9932;21;;;9942;5;9944;16;;;9938.5;0.0
yf_ZW=F_d2;16600;INTARIAN_PEPPER_ROOT;10876;13;10874;20;;;10894;8;10898;25;;;10885.0;0.0
yf_ZW=F_d2;16700;ASH_COATED_OSMIUM;9933;10;9930;22;;;9943;13;9947;22;;;9938.0;0.0
yf_ZW=F_d2;16700;INTARIAN_PEPPER_ROOT;10876;17;10874;23;;;10893;6;10897;16;;;10884.5;0.0
yf_ZW=F_d2;16800;ASH_COATED_OSMIUM;9926;11;9924;16;;;9950;15;9953;18;;;9938.0;0.0
yf_ZW=F_d2;16800;INTARIAN_PEPPER_ROOT;10870;14;10866;28;;;10896;14;10900;16;;;10883.0;0.0
yf_ZW=F_d2;16900;ASH_COATED_OSMIUM;9935;19;9933;13;;;9941;16;9945;15;;;9938.0;0.0
yf_ZW=F_d2;16900;INTARIAN_PEPPER_ROOT;10879;14;10877;19;;;10885;15;10889;19;;;10882.0;0.0
yf_ZW=F_d2;17000;ASH_COATED_OSMIUM;9935;14;9932;14;;;9941;13;9944;16;;;9938.0;0.0
yf_ZW=F_d2;17000;INTARIAN_PEPPER_ROOT;10872;6;10868;12;;;10891;10;10894;21;;;10881.5;0.0
yf_ZW=F_d2;17100;ASH_COATED_OSMIUM;9935;10;9931;19;;;9941;14;9945;25;;;9938.0;0.0
yf_ZW=F_d2;17100;INTARIAN_PEPPER_ROOT;10879;13;10875;16;;;10885;18;10887;25;;;10882.0;0.0
yf_ZW=F_d2;17200;ASH_COATED_OSMIUM;9919;23;9916;25;;;9958;10;9960;15;;;9938.5;0.0
yf_ZW=F_d2;17200;INTARIAN_PEPPER_ROOT;10878;19;10876;21;;;10884;15;10886;28;;;10881.0;0.0
yf_ZW=F_d2;17300;ASH_COATED_OSMIUM;9935;8;9931;17;;;9943;26;9947;15;;;9939.0;0.0
yf_ZW=F_d2;17300;INTARIAN_PEPPER_ROOT;10877;16;10874;21;;;10885;18;10889;12;;;10881.0;0.0
yf_ZW=F_d2;17400;ASH_COATED_OSMIUM;9934;22;9930;13;;;9945;11;9949;27;;;9939.5;0.0
yf_ZW=F_d2;17400;INTARIAN_PEPPER_ROOT;10874;18;10871;15;;;10888;9;10891;10;;;10881.0;0.0
yf_ZW=F_d2;17500;ASH_COATED_OSMIUM;9919;15;9916;22;;;9959;20;9962;13;;;9939.0;0.0
yf_ZW=F_d2;17500;INTARIAN_PEPPER_ROOT;10872;16;10869;10;;;10889;17;10891;23;;;10880.5;0.0
yf_ZW=F_d2;17600;ASH_COATED_OSMIUM;9936;20;9932;21;;;9942;15;9945;15;;;9939.0;0.0
yf_ZW=F_d2;17600;INTARIAN_PEPPER_ROOT;10877;22;10873;16;;;10883;15;10886;25;;;10880.0;0.0
yf_ZW=F_d2;17700;ASH_COATED_OSMIUM;9935;18;9931;19;;;9943;11;9947;17;;;9939.0;0.0
yf_ZW=F_d2;17700;INTARIAN_PEPPER_ROOT;10866;9;10862;18;;;10893;13;10896;20;;;10879.5;0.0
yf_ZW=F_d2;17800;ASH_COATED_OSMIUM;9931;10;9928;18;;;9948;27;9950;20;;;9939.5;0.0
yf_ZW=F_d2;17800;INTARIAN_PEPPER_ROOT;10877;11;10873;18;;;10883;13;10885;19;;;10880.0;0.0
yf_ZW=F_d2;17900;ASH_COATED_OSMIUM;9937;25;9934;20;;;9943;13;9947;20;;;9940.0;0.0
yf_ZW=F_d2;17900;INTARIAN_PEPPER_ROOT;10867;12;10864;14;;;10891;14;10893;20;;;10879.0;0.0
yf_ZW=F_d2;18000;ASH_COATED_OSMIUM;9937;16;9934;21;;;9943;22;9945;16;;;9940.0;0.0
yf_ZW=F_d2;18000;INTARIAN_PEPPER_ROOT;10864;7;10860;23;;;10893;13;10895;18;;;10878.5;0.0
yf_ZW=F_d2;18100;ASH_COATED_OSMIUM;9934;12;9931;25;;;9946;11;9949;22;;;9940.0;0.0
yf_ZW=F_d2;18100;INTARIAN_PEPPER_ROOT;10876;15;10873;11;;;10882;11;10884;16;;;10879.0;0.0
yf_ZW=F_d2;18200;ASH_COATED_OSMIUM;9937;5;9935;23;;;9943;15;9945;26;;;9940.0;0.0
yf_ZW=F_d2;18200;INTARIAN_PEPPER_ROOT;10876;19;10873;13;;;10882;7;10886;23;;;10879.0;0.0
yf_ZW=F_d2;18300;ASH_COATED_OSMIUM;9931;18;9929;19;;;9949;17;9953;26;;;9940.0;0.0
yf_ZW=F_d2;18300;INTARIAN_PEPPER_ROOT;10875;14;10873;17;;;10881;19;10883;15;;;10878.0;0.0
yf_ZW=F_d2;18400;ASH_COATED_OSMIUM;9938;13;9935;19;;;9944;14;9946;28;;;9941.0;0.0
yf_ZW=F_d2;18400;INTARIAN_PEPPER_ROOT;10875;18;10873;16;;;10881;7;10883;27;;;10878.0;0.0
yf_ZW=F_d2;18500;ASH_COATED_OSMIUM;9938;9;9935;14;;;9944;16;9946;18;;;9941.0;0.0
yf_ZW=F_d2;18500;INTARIAN_PEPPER_ROOT;10875;9;10871;12;;;10881;16;10884;21;;;10878.0;0.0
yf_ZW=F_d2;18600;ASH_COATED_OSMIUM;9938;10;9935;21;;;9944;15;9946;17;;;9941.0;0.0
yf_ZW=F_d2;18600;INTARIAN_PEPPER_ROOT;10873;12;10870;19;;;10882;12;10885;14;;;10877.5;0.0
yf_ZW=F_d2;18700;ASH_COATED_OSMIUM;9938;16;9936;16;;;9944;12;9948;24;;;9941.0;0.0
yf_ZW=F_d2;18700;INTARIAN_PEPPER_ROOT;10874;10;10871;19;;;10880;13;10884;18;;;10877.0;0.0
yf_ZW=F_d2;18800;ASH_COATED_OSMIUM;9938;14;9934;22;;;9944;10;9948;20;;;9941.0;0.0
yf_ZW=F_d2;18800;INTARIAN_PEPPER_ROOT;10874;17;10870;21;;;10880;19;10882;10;;;10877.0;0.0
yf_ZW=F_d2;18900;ASH_COATED_OSMIUM;9937;11;9935;10;;;9947;19;9949;20;;;9942.0;0.0
yf_ZW=F_d2;18900;INTARIAN_PEPPER_ROOT;10874;21;10870;11;;;10880;18;10882;24;;;10877.0;0.0
yf_ZW=F_d2;19000;ASH_COATED_OSMIUM;9939;11;9937;21;;;9945;17;9949;17;;;9942.0;0.0
yf_ZW=F_d2;19000;INTARIAN_PEPPER_ROOT;10865;18;10862;19;;;10888;6;10891;18;;;10876.5;0.0
yf_ZW=F_d2;19100;ASH_COATED_OSMIUM;9939;16;9935;20;;;9945;14;9949;8;;;9942.0;0.0
yf_ZW=F_d2;19100;INTARIAN_PEPPER_ROOT;10868;9;10865;12;;;10885;13;10887;26;;;10876.5;0.0
yf_ZW=F_d2;19200;ASH_COATED_OSMIUM;9939;17;9935;19;;;9945;14;9949;17;;;9942.0;0.0
yf_ZW=F_d2;19200;INTARIAN_PEPPER_ROOT;10872;18;10870;25;;;10878;21;10881;16;;;10875.0;0.0
yf_ZW=F_d2;19300;ASH_COATED_OSMIUM;9939;21;9936;22;;;9945;12;9947;21;;;9942.0;0.0
yf_ZW=F_d2;19300;INTARIAN_PEPPER_ROOT;10873;16;10869;18;;;10879;9;10883;20;;;10876.0;0.0
yf_ZW=F_d2;19400;ASH_COATED_OSMIUM;9939;24;9936;13;;;9945;16;9947;17;;;9942.0;0.0
yf_ZW=F_d2;19400;INTARIAN_PEPPER_ROOT;10872;12;10869;17;;;10879;16;10881;14;;;10875.5;0.0
yf_ZW=F_d2;19500;ASH_COATED_OSMIUM;9937;15;9934;30;;;9949;7;9951;21;;;9943.0;0.0
yf_ZW=F_d2;19500;INTARIAN_PEPPER_ROOT;10870;14;10867;26;;;10880;15;10882;17;;;10875.0;0.0
yf_ZW=F_d2;19600;ASH_COATED_OSMIUM;9940;7;9938;15;;;9946;9;9949;23;;;9943.0;0.0
yf_ZW=F_d2;19600;INTARIAN_PEPPER_ROOT;10872;20;10870;26;;;10878;17;10882;16;;;10875.0;0.0
yf_ZW=F_d2;19700;ASH_COATED_OSMIUM;9934;19;9932;15;;;9952;18;9956;13;;;9943.0;0.0
yf_ZW=F_d2;19700;INTARIAN_PEPPER_ROOT;10872;9;10870;29;;;10878;13;10882;19;;;10875.0;0.0
yf_ZW=F_d2;19800;ASH_COATED_OSMIUM;9939;15;9935;20;;;9947;18;9950;24;;;9943.0;0.0
yf_ZW=F_d2;19800;INTARIAN_PEPPER_ROOT;10871;5;10869;23;;;10877;18;10880;32;;;10874.0;0.0
yf_ZW=F_d2;19900;ASH_COATED_OSMIUM;9941;20;9937;21;;;9947;14;9950;14;;;9944.0;0.0
yf_ZW=F_d2;19900;INTARIAN_PEPPER_ROOT;10872;8;10868;27;;;10878;19;10880;19;;;10875.0;0.0
yf_ZW=F_d2;20000;ASH_COATED_OSMIUM;9941;21;9938;12;;;9947;13;9951;19;;;9944.0;0.0
yf_ZW=F_d2;20000;INTARIAN_PEPPER_ROOT;10871;24;10867;17;;;10877;17;10881;13;;;10874.0;0.0
yf_ZW=F_d2;20100;ASH_COATED_OSMIUM;9940;17;9936;25;;;9946;10;9950;18;;;9943.0;0.0
yf_ZW=F_d2;20100;INTARIAN_PEPPER_ROOT;10866;14;10864;12;;;10880;15;10884;19;;;10873.0;0.0
yf_ZW=F_d2;20200;ASH_COATED_OSMIUM;9941;24;9938;13;;;9947;10;9950;16;;;9944.0;0.0
yf_ZW=F_d2;20200;INTARIAN_PEPPER_ROOT;10870;21;10867;11;;;10876;17;10878;23;;;10873.0;0.0
yf_ZW=F_d2;20300;ASH_COATED_OSMIUM;9941;12;9937;22;;;9947;16;9951;23;;;9944.0;0.0
yf_ZW=F_d2;20300;INTARIAN_PEPPER_ROOT;10871;17;10867;21;;;10877;11;10880;17;;;10874.0;0.0
yf_ZW=F_d2;20400;ASH_COATED_OSMIUM;9937;20;9934;17;;;9952;17;9955;23;;;9944.5;0.0
yf_ZW=F_d2;20400;INTARIAN_PEPPER_ROOT;10870;17;10866;10;;;10876;13;10880;22;;;10873.0;0.0
yf_ZW=F_d2;20500;ASH_COATED_OSMIUM;9939;6;9935;18;;;9950;13;9954;26;;;9944.5;0.0
yf_ZW=F_d2;20500;INTARIAN_PEPPER_ROOT;10863;15;10859;22;;;10881;17;10883;17;;;10872.0;0.0
yf_ZW=F_d2;20600;ASH_COATED_OSMIUM;9940;18;9937;24;;;9949;10;9952;20;;;9944.5;0.0
yf_ZW=F_d2;20600;INTARIAN_PEPPER_ROOT;10870;12;10866;24;;;10876;14;10879;22;;;10873.0;0.0
yf_ZW=F_d2;20700;ASH_COATED_OSMIUM;9942;12;9938;21;;;9948;16;9951;18;;;9945.0;0.0
yf_ZW=F_d2;20700;INTARIAN_PEPPER_ROOT;10869;6;10867;20;;;10875;21;10877;18;;;10872.0;0.0
yf_ZW=F_d2;20800;ASH_COATED_OSMIUM;9942;9;9939;11;;;9948;5;9951;19;;;9945.0;0.0
yf_ZW=F_d2;20800;INTARIAN_PEPPER_ROOT;10869;12;10866;25;;;10875;19;10879;15;;;10872.0;0.0
yf_ZW=F_d2;20900;ASH_COATED_OSMIUM;9939;10;9937;26;;;9950;16;9952;20;;;9944.5;0.0
yf_ZW=F_d2;20900;INTARIAN_PEPPER_ROOT;10866;7;10863;22;;;10876;23;10880;12;;;10871.0;0.0
yf_ZW=F_d2;21000;ASH_COATED_OSMIUM;9937;17;9934;24;;;9952;13;9955;16;;;9944.5;0.0
yf_ZW=F_d2;21000;INTARIAN_PEPPER_ROOT;10868;13;10865;25;;;10874;11;10877;16;;;10871.0;0.0
yf_ZW=F_d2;21100;ASH_COATED_OSMIUM;9942;5;9939;27;;;9949;16;9953;18;;;9945.5;0.0
yf_ZW=F_d2;21100;INTARIAN_PEPPER_ROOT;10868;15;10866;14;;;10874;11;10878;15;;;10871.0;0.0
yf_ZW=F_d2;21200;ASH_COATED_OSMIUM;9942;15;9938;17;;;9949;11;9952;24;;;9945.5;0.0
yf_ZW=F_d2;21200;INTARIAN_PEPPER_ROOT;10868;12;10864;25;;;10874;14;10878;28;;;10871.0;0.0
yf_ZW=F_d2;21300;ASH_COATED_OSMIUM;9941;18;9937;12;;;9951;14;9953;17;;;9946.0;0.0
yf_ZW=F_d2;21300;INTARIAN_PEPPER_ROOT;10862;15;10858;20;;;10878;8;10881;25;;;10870.0;0.0
yf_ZW=F_d2;21400;ASH_COATED_OSMIUM;9943;10;9939;22;;;9949;15;9952;13;;;9946.0;0.0
yf_ZW=F_d2;21400;INTARIAN_PEPPER_ROOT;10860;11;10858;23;;;10880;22;10883;20;;;10870.0;0.0
yf_ZW=F_d2;21500;ASH_COATED_OSMIUM;9942;14;9940;17;;;9951;16;9953;19;;;9946.5;0.0
yf_ZW=F_d2;21500;INTARIAN_PEPPER_ROOT;10863;15;10861;9;;;10877;11;10880;23;;;10870.0;0.0
yf_ZW=F_d2;21600;ASH_COATED_OSMIUM;9943;19;9940;34;;;9949;16;9953;19;;;9946.0;0.0
yf_ZW=F_d2;21600;INTARIAN_PEPPER_ROOT;10866;10;10863;12;;;10874;9;10876;25;;;10870.0;0.0
yf_ZW=F_d2;21700;ASH_COATED_OSMIUM;9944;12;9940;9;;;9950;9;9954;28;;;9947.0;0.0
yf_ZW=F_d2;21700;INTARIAN_PEPPER_ROOT;10865;22;10863;23;;;10876;9;10878;13;;;10870.5;0.0
yf_ZW=F_d2;21800;ASH_COATED_OSMIUM;9940;14;9936;12;;;9955;16;9959;24;;;9947.5;0.0
yf_ZW=F_d2;21800;INTARIAN_PEPPER_ROOT;10866;9;10863;23;;;10873;20;10877;19;;;10869.5;0.0
yf_ZW=F_d2;21900;ASH_COATED_OSMIUM;9942;28;9940;29;;;9952;9;9956;13;;;9947.0;0.0
yf_ZW=F_d2;21900;INTARIAN_PEPPER_ROOT;10861;15;10859;19;;;10876;7;10879;15;;;10868.5;0.0
yf_ZW=F_d2;22000;ASH_COATED_OSMIUM;9942;6;9938;18;;;9953;15;9955;22;;;9947.5;0.0
yf_ZW=F_d2;22000;INTARIAN_PEPPER_ROOT;10866;5;10864;24;;;10872;21;10874;18;;;10869.0;0.0
yf_ZW=F_d2;22100;ASH_COATED_OSMIUM;9944;19;9941;35;;;9950;11;9952;27;;;9947.0;0.0
yf_ZW=F_d2;22100;INTARIAN_PEPPER_ROOT;10864;19;10860;20;;;10872;15;10875;13;;;10868.0;0.0
yf_ZW=F_d2;22200;ASH_COATED_OSMIUM;9942;17;9940;20;;;9954;9;9957;24;;;9948.0;0.0
yf_ZW=F_d2;22200;INTARIAN_PEPPER_ROOT;10865;8;10862;21;;;10872;17;10874;23;;;10868.5;0.0
yf_ZW=F_d2;22300;ASH_COATED_OSMIUM;9945;14;9943;14;;;9951;10;9955;26;;;9948.0;0.0
yf_ZW=F_d2;22300;INTARIAN_PEPPER_ROOT;10864;6;10860;19;;;10870;9;10872;20;;;10867.0;0.0
yf_ZW=F_d2;22400;ASH_COATED_OSMIUM;9945;14;9941;18;;;9951;12;9953;20;;;9948.0;0.0
yf_ZW=F_d2;22400;INTARIAN_PEPPER_ROOT;10864;15;10862;22;;;10870;8;10874;23;;;10867.0;0.0
yf_ZW=F_d2;22500;ASH_COATED_OSMIUM;9944;8;9941;9;;;9952;5;9954;22;;;9948.0;0.0
yf_ZW=F_d2;22500;INTARIAN_PEPPER_ROOT;10865;14;10862;21;;;10871;9;10874;22;;;10868.0;0.0
yf_ZW=F_d2;22600;ASH_COATED_OSMIUM;9941;26;9938;19;;;9955;11;9958;22;;;9948.0;0.0
yf_ZW=F_d2;22600;INTARIAN_PEPPER_ROOT;10863;20;10860;23;;;10872;12;10874;24;;;10867.5;0.0
yf_ZW=F_d2;22700;ASH_COATED_OSMIUM;9945;8;9942;26;;;9951;14;9955;17;;;9948.0;0.0
yf_ZW=F_d2;22700;INTARIAN_PEPPER_ROOT;10864;18;10860;28;;;10870;15;10872;23;;;10867.0;0.0
yf_ZW=F_d2;22800;ASH_COATED_OSMIUM;9946;12;9944;17;;;9952;11;9955;16;;;9949.0;0.0
yf_ZW=F_d2;22800;INTARIAN_PEPPER_ROOT;10850;12;10847;18;;;10882;19;10884;22;;;10866.0;0.0
yf_ZW=F_d2;22900;ASH_COATED_OSMIUM;9944;9;9941;20;;;9954;8;9958;15;;;9949.0;0.0
yf_ZW=F_d2;22900;INTARIAN_PEPPER_ROOT;10863;14;10859;22;;;10869;12;10871;18;;;10866.0;0.0
yf_ZW=F_d2;23000;ASH_COATED_OSMIUM;9936;15;9934;20;;;9961;12;9964;27;;;9948.5;0.0
yf_ZW=F_d2;23000;INTARIAN_PEPPER_ROOT;10863;16;10861;27;;;10869;12;10873;13;;;10866.0;0.0
yf_ZW=F_d2;23100;ASH_COATED_OSMIUM;9946;16;9942;18;;;9952;18;9954;21;;;9949.0;0.0
yf_ZW=F_d2;23100;INTARIAN_PEPPER_ROOT;10862;17;10860;21;;;10868;11;10870;14;;;10865.0;0.0
yf_ZW=F_d2;23200;ASH_COATED_OSMIUM;9946;17;9942;10;;;9952;15;9956;26;;;9949.0;0.0
yf_ZW=F_d2;23200;INTARIAN_PEPPER_ROOT;10862;16;10858;16;;;10868;12;10871;13;;;10865.0;0.0
yf_ZW=F_d2;23300;ASH_COATED_OSMIUM;9946;21;9942;8;;;9952;21;9955;18;;;9949.0;0.0
yf_ZW=F_d2;23300;INTARIAN_PEPPER_ROOT;10859;17;10856;16;;;10872;20;10875;20;;;10865.5;0.0
yf_ZW=F_d2;23400;ASH_COATED_OSMIUM;9940;21;9936;11;;;9960;11;9962;18;;;9950.0;0.0
yf_ZW=F_d2;23400;INTARIAN_PEPPER_ROOT;10857;18;10854;17;;;10873;15;10875;25;;;10865.0;0.0
yf_ZW=F_d2;23500;ASH_COATED_OSMIUM;9944;11;9942;15;;;9956;21;9958;21;;;9950.0;0.0
yf_ZW=F_d2;23500;INTARIAN_PEPPER_ROOT;10862;20;10860;15;;;10868;10;10872;16;;;10865.0;0.0
yf_ZW=F_d2;23600;ASH_COATED_OSMIUM;9945;10;9941;14;;;9955;20;9958;15;;;9950.0;0.0
yf_ZW=F_d2;23600;INTARIAN_PEPPER_ROOT;10860;20;10858;24;;;10870;13;10873;17;;;10865.0;0.0
yf_ZW=F_d2;23700;ASH_COATED_OSMIUM;9947;9;9945;18;;;9953;15;9957;29;;;9950.0;0.0
yf_ZW=F_d2;23700;INTARIAN_PEPPER_ROOT;10862;8;10860;13;;;10868;12;10872;17;;;10865.0;0.0
yf_ZW=F_d2;23800;ASH_COATED_OSMIUM;9947;19;9945;29;;;9953;22;9957;16;;;9950.0;0.0
yf_ZW=F_d2;23800;INTARIAN_PEPPER_ROOT;10861;17;10857;22;;;10867;15;10869;18;;;10864.0;0.0
yf_ZW=F_d2;23900;ASH_COATED_OSMIUM;9947;9;9945;14;;;9953;10;9957;23;;;9950.0;0.0
yf_ZW=F_d2;23900;INTARIAN_PEPPER_ROOT;10861;21;10858;13;;;10867;19;10869;11;;;10864.0;0.0
yf_ZW=F_d2;24000;ASH_COATED_OSMIUM;9948;17;9946;13;;;9954;16;9958;11;;;9951.0;0.0
yf_ZW=F_d2;24000;INTARIAN_PEPPER_ROOT;10858;13;10856;20;;;10871;9;10875;24;;;10864.5;0.0
yf_ZW=F_d2;24100;ASH_COATED_OSMIUM;9948;8;9944;12;;;9954;17;9958;24;;;9951.0;0.0
yf_ZW=F_d2;24100;INTARIAN_PEPPER_ROOT;10859;11;10856;17;;;10867;11;10871;22;;;10863.0;0.0
yf_ZW=F_d2;24200;ASH_COATED_OSMIUM;9943;21;9939;14;;;9958;15;9960;23;;;9950.5;0.0
yf_ZW=F_d2;24200;INTARIAN_PEPPER_ROOT;10860;12;10858;16;;;10867;16;10871;27;;;10863.5;0.0
yf_ZW=F_d2;24300;ASH_COATED_OSMIUM;9949;15;9945;21;;;9955;17;9958;21;;;9952.0;0.0
yf_ZW=F_d2;24300;INTARIAN_PEPPER_ROOT;10860;25;10858;21;;;10866;16;10870;18;;;10863.0;0.0
yf_ZW=F_d2;24400;ASH_COATED_OSMIUM;9941;14;9939;24;;;9962;14;9965;20;;;9951.5;0.0
yf_ZW=F_d2;24400;INTARIAN_PEPPER_ROOT;10859;9;10855;20;;;10865;16;10868;31;;;10862.0;0.0
yf_ZW=F_d2;24500;ASH_COATED_OSMIUM;9948;20;9944;23;;;9954;19;9958;23;;;9951.0;0.0
yf_ZW=F_d2;24500;INTARIAN_PEPPER_ROOT;10853;10;10850;17;;;10870;15;10874;25;;;10861.5;0.0
yf_ZW=F_d2;24600;ASH_COATED_OSMIUM;9948;14;9946;22;;;9954;14;9956;21;;;9951.0;0.0
yf_ZW=F_d2;24600;INTARIAN_PEPPER_ROOT;10855;5;10851;22;;;10869;11;10872;26;;;10862.0;0.0
yf_ZW=F_d2;24700;ASH_COATED_OSMIUM;9949;14;9946;20;;;9955;19;9957;14;;;9952.0;0.0
yf_ZW=F_d2;24700;INTARIAN_PEPPER_ROOT;10854;18;10851;29;;;10869;16;10872;18;;;10861.5;0.0
yf_ZW=F_d2;24800;ASH_COATED_OSMIUM;9949;17;9945;20;;;9957;12;9961;20;;;9953.0;0.0
yf_ZW=F_d2;24800;INTARIAN_PEPPER_ROOT;10858;20;10854;14;;;10864;17;10868;22;;;10861.0;0.0
yf_ZW=F_d2;24900;ASH_COATED_OSMIUM;9949;22;9945;25;;;9955;9;9957;14;;;9952.0;0.0
yf_ZW=F_d2;24900;INTARIAN_PEPPER_ROOT;10858;14;10854;21;;;10864;18;10868;8;;;10861.0;0.0
yf_ZW=F_d2;25000;ASH_COATED_OSMIUM;9950;21;9948;17;;;9956;25;9958;20;;;9953.0;0.0
yf_ZW=F_d2;25000;INTARIAN_PEPPER_ROOT;10858;17;10856;24;;;10864;18;10868;16;;;10861.0;0.0
yf_ZW=F_d2;25100;ASH_COATED_OSMIUM;9945;30;9941;21;;;9960;17;9962;8;;;9952.5;0.0
yf_ZW=F_d2;25100;INTARIAN_PEPPER_ROOT;10857;21;10854;19;;;10863;12;10867;10;;;10860.0;0.0
yf_ZW=F_d2;25200;ASH_COATED_OSMIUM;9950;12;9946;19;;;9956;9;9959;10;;;9953.0;0.0
yf_ZW=F_d2;25200;INTARIAN_PEPPER_ROOT;10857;14;10854;29;;;10863;11;10867;14;;;10860.0;0.0
yf_ZW=F_d2;25300;ASH_COATED_OSMIUM;9940;21;9938;21;;;9967;14;9969;15;;;9953.5;0.0
yf_ZW=F_d2;25300;INTARIAN_PEPPER_ROOT;10856;9;10853;17;;;10864;11;10867;20;;;10860.0;0.0
yf_ZW=F_d2;25400;ASH_COATED_OSMIUM;9950;22;9946;17;;;9957;20;9959;21;;;9953.5;0.0
yf_ZW=F_d2;25400;INTARIAN_PEPPER_ROOT;10845;20;10841;16;;;10874;18;10877;19;;;10859.5;0.0
yf_ZW=F_d2;25500;ASH_COATED_OSMIUM;9950;24;9946;11;;;9956;17;9960;27;;;9953.0;0.0
yf_ZW=F_d2;25500;INTARIAN_PEPPER_ROOT;10853;17;10850;18;;;10866;5;10870;23;;;10859.5;0.0
yf_ZW=F_d2;25600;ASH_COATED_OSMIUM;9950;14;9948;17;;;9956;21;9960;18;;;9953.0;0.0
yf_ZW=F_d2;25600;INTARIAN_PEPPER_ROOT;10853;9;10850;21;;;10865;20;10869;13;;;10859.0;0.0
yf_ZW=F_d2;25700;ASH_COATED_OSMIUM;9951;17;9947;26;;;9957;14;9960;20;;;9954.0;0.0
yf_ZW=F_d2;25700;INTARIAN_PEPPER_ROOT;10847;16;10845;27;;;10871;13;10873;28;;;10859.0;0.0
yf_ZW=F_d2;25800;ASH_COATED_OSMIUM;9942;25;9939;20;;;9966;7;9968;18;;;9954.0;0.0
yf_ZW=F_d2;25800;INTARIAN_PEPPER_ROOT;10855;21;10853;18;;;10861;8;10864;19;;;10858.0;0.0
yf_ZW=F_d2;25900;ASH_COATED_OSMIUM;9950;17;9946;31;;;9958;18;9961;26;;;9954.0;0.0
yf_ZW=F_d2;25900;INTARIAN_PEPPER_ROOT;10855;17;10851;27;;;10861;8;10865;24;;;10858.0;0.0
yf_ZW=F_d2;26000;ASH_COATED_OSMIUM;9947;22;9945;13;;;9962;16;9966;18;;;9954.5;0.0
yf_ZW=F_d2;26000;INTARIAN_PEPPER_ROOT;10855;11;10853;16;;;10861;5;10864;16;;;10858.0;0.0
yf_ZW=F_d2;26100;ASH_COATED_OSMIUM;9944;15;9940;16;;;9965;5;9968;11;;;9954.5;0.0
yf_ZW=F_d2;26100;INTARIAN_PEPPER_ROOT;10854;19;10850;17;;;10862;19;10864;15;;;10858.0;0.0
yf_ZW=F_d2;26200;ASH_COATED_OSMIUM;9952;16;9950;18;;;9958;15;9961;10;;;9955.0;0.0
yf_ZW=F_d2;26200;INTARIAN_PEPPER_ROOT;10853;18;10849;27;;;10862;21;10866;14;;;10857.5;0.0
yf_ZW=F_d2;26300;ASH_COATED_OSMIUM;9952;5;9950;24;;;9959;23;9963;20;;;9955.5;0.0
yf_ZW=F_d2;26300;INTARIAN_PEPPER_ROOT;10855;16;10853;14;;;10861;11;10865;13;;;10858.0;0.0
yf_ZW=F_d2;26400;ASH_COATED_OSMIUM;9933;21;9931;21;;;9978;15;9981;12;;;9955.5;0.0
yf_ZW=F_d2;26400;INTARIAN_PEPPER_ROOT;10854;9;10852;18;;;10860;20;10864;23;;;10857.0;0.0
yf_ZW=F_d2;26500;ASH_COATED_OSMIUM;9951;20;9948;24;;;9960;14;9962;26;;;9955.5;0.0
yf_ZW=F_d2;26500;INTARIAN_PEPPER_ROOT;10854;16;10850;18;;;10860;22;10862;24;;;10857.0;0.0
yf_ZW=F_d2;26600;ASH_COATED_OSMIUM;9953;10;9949;21;;;9959;7;9963;28;;;9956.0;0.0
yf_ZW=F_d2;26600;INTARIAN_PEPPER_ROOT;10851;19;10847;28;;;10861;8;10863;23;;;10856.0;0.0
yf_ZW=F_d2;26700;ASH_COATED_OSMIUM;9948;24;9945;20;;;9963;23;9965;14;;;9955.5;0.0
yf_ZW=F_d2;26700;INTARIAN_PEPPER_ROOT;10847;14;10845;26;;;10866;15;10870;20;;;10856.5;0.0
yf_ZW=F_d2;26800;ASH_COATED_OSMIUM;9953;6;9950;22;;;9959;21;9963;15;;;9956.0;0.0
yf_ZW=F_d2;26800;INTARIAN_PEPPER_ROOT;10853;13;10850;15;;;10859;5;10863;27;;;10856.0;0.0
yf_ZW=F_d2;26900;ASH_COATED_OSMIUM;9953;11;9949;23;;;9959;21;9963;23;;;9956.0;0.0
yf_ZW=F_d2;26900;INTARIAN_PEPPER_ROOT;10853;13;10850;11;;;10859;19;10861;18;;;10856.0;0.0
yf_ZW=F_d2;27000;ASH_COATED_OSMIUM;9953;12;9949;11;;;9959;14;9963;21;;;9956.0;0.0
yf_ZW=F_d2;27000;INTARIAN_PEPPER_ROOT;10849;6;10845;21;;;10862;8;10865;20;;;10855.5;0.0
yf_ZW=F_d2;27100;ASH_COATED_OSMIUM;9953;6;9949;22;;;9961;17;9964;18;;;9957.0;0.0
yf_ZW=F_d2;27100;INTARIAN_PEPPER_ROOT;10852;13;10850;22;;;10858;18;10861;21;;;10855.0;0.0
yf_ZW=F_d2;27200;ASH_COATED_OSMIUM;9954;11;9950;22;;;9960;22;9964;16;;;9957.0;0.0
yf_ZW=F_d2;27200;INTARIAN_PEPPER_ROOT;10852;16;10849;17;;;10858;10;10862;20;;;10855.0;0.0
yf_ZW=F_d2;27300;ASH_COATED_OSMIUM;9947;12;9944;15;;;9966;14;9970;19;;;9956.5;0.0
yf_ZW=F_d2;27300;INTARIAN_PEPPER_ROOT;10851;16;10847;25;;;10858;19;10860;19;;;10854.5;0.0
yf_ZW=F_d2;27400;ASH_COATED_OSMIUM;9954;19;9952;22;;;9960;5;9962;29;;;9957.0;0.0
yf_ZW=F_d2;27400;INTARIAN_PEPPER_ROOT;10852;18;10849;19;;;10858;9;10860;22;;;10855.0;0.0
yf_ZW=F_d2;27500;ASH_COATED_OSMIUM;9953;12;9949;28;;;9959;15;9963;26;;;9956.0;0.0
yf_ZW=F_d2;27500;INTARIAN_PEPPER_ROOT;10850;12;10847;15;;;10858;11;10861;18;;;10854.0;0.0
yf_ZW=F_d2;27600;ASH_COATED_OSMIUM;9954;19;9952;10;;;9960;5;9962;20;;;9957.0;0.0
yf_ZW=F_d2;27600;INTARIAN_PEPPER_ROOT;10848;15;10846;25;;;10858;18;10862;24;;;10853.0;0.0
yf_ZW=F_d2;27700;ASH_COATED_OSMIUM;9947;12;9943;22;;;9968;16;9972;16;;;9957.5;0.0
yf_ZW=F_d2;27700;INTARIAN_PEPPER_ROOT;10849;12;10846;9;;;10858;11;10862;14;;;10853.5;0.0
yf_ZW=F_d2;27800;ASH_COATED_OSMIUM;9952;10;9948;23;;;9963;23;9965;19;;;9957.5;0.0
yf_ZW=F_d2;27800;INTARIAN_PEPPER_ROOT;10850;5;10848;20;;;10856;17;10860;18;;;10853.0;0.0
yf_ZW=F_d2;27900;ASH_COATED_OSMIUM;9955;23;9952;17;;;9961;18;9965;18;;;9958.0;0.0
yf_ZW=F_d2;27900;INTARIAN_PEPPER_ROOT;10850;9;10848;23;;;10856;8;10859;25;;;10853.0;0.0
yf_ZW=F_d2;28000;ASH_COATED_OSMIUM;9955;17;9952;21;;;9961;9;9964;19;;;9958.0;0.0
yf_ZW=F_d2;28000;INTARIAN_PEPPER_ROOT;10844;14;10840;13;;;10861;16;10865;11;;;10852.5;0.0
yf_ZW=F_d2;28100;ASH_COATED_OSMIUM;9950;23;9948;12;;;9967;10;9969;8;;;9958.5;0.0
yf_ZW=F_d2;28100;INTARIAN_PEPPER_ROOT;10845;16;10842;15;;;10860;6;10864;16;;;10852.5;0.0
yf_ZW=F_d2;28200;ASH_COATED_OSMIUM;9953;12;9950;12;;;9963;15;9967;23;;;9958.0;0.0
yf_ZW=F_d2;28200;INTARIAN_PEPPER_ROOT;10849;12;10846;9;;;10855;9;10859;28;;;10852.0;0.0
yf_ZW=F_d2;28300;ASH_COATED_OSMIUM;9955;20;9951;23;;;9961;11;9965;23;;;9958.0;0.0
yf_ZW=F_d2;28300;INTARIAN_PEPPER_ROOT;10849;6;10846;22;;;10855;26;10858;13;;;10852.0;0.0
yf_ZW=F_d2;28400;ASH_COATED_OSMIUM;9952;17;9948;22;;;9965;5;9967;16;;;9958.5;0.0
yf_ZW=F_d2;28400;INTARIAN_PEPPER_ROOT;10841;15;10838;24;;;10862;10;10865;23;;;10851.5;0.0
yf_ZW=F_d2;28500;ASH_COATED_OSMIUM;9956;11;9953;8;;;9962;13;9964;15;;;9959.0;0.0
yf_ZW=F_d2;28500;INTARIAN_PEPPER_ROOT;10841;13;10838;22;;;10861;23;10865;20;;;10851.0;0.0
yf_ZW=F_d2;28600;ASH_COATED_OSMIUM;9956;14;9953;20;;;9962;19;9964;17;;;9959.0;0.0
yf_ZW=F_d2;28600;INTARIAN_PEPPER_ROOT;10845;11;10843;16;;;10858;14;10862;27;;;10851.5;0.0
yf_ZW=F_d2;28700;ASH_COATED_OSMIUM;9956;16;9954;12;;;9962;16;9965;22;;;9959.0;0.0
yf_ZW=F_d2;28700;INTARIAN_PEPPER_ROOT;10848;14;10844;18;;;10854;15;10857;13;;;10851.0;0.0
yf_ZW=F_d2;28800;ASH_COATED_OSMIUM;9953;19;9950;27;;;9968;17;9972;22;;;9960.5;0.0
yf_ZW=F_d2;28800;INTARIAN_PEPPER_ROOT;10848;10;10845;26;;;10854;13;10858;18;;;10851.0;0.0
yf_ZW=F_d2;28900;ASH_COATED_OSMIUM;9957;15;9955;14;;;9963;10;9966;24;;;9960.0;0.0
yf_ZW=F_d2;28900;INTARIAN_PEPPER_ROOT;10848;16;10845;23;;;10854;14;10858;24;;;10851.0;0.0
yf_ZW=F_d2;29000;ASH_COATED_OSMIUM;9955;8;9953;10;;;9966;18;9969;24;;;9960.5;0.0
yf_ZW=F_d2;29000;INTARIAN_PEPPER_ROOT;10847;11;10845;12;;;10855;18;10857;25;;;10851.0;0.0
yf_ZW=F_d2;29100;ASH_COATED_OSMIUM;9950;13;9948;26;;;9970;8;9974;20;;;9960.0;0.0
yf_ZW=F_d2;29100;INTARIAN_PEPPER_ROOT;10847;11;10844;25;;;10853;16;10856;30;;;10850.0;0.0
yf_ZW=F_d2;29200;ASH_COATED_OSMIUM;9947;18;9944;25;;;9974;23;9978;24;;;9960.5;0.0
yf_ZW=F_d2;29200;INTARIAN_PEPPER_ROOT;10844;5;10840;18;;;10855;14;10858;29;;;10849.5;0.0
yf_ZW=F_d2;29300;ASH_COATED_OSMIUM;9957;5;9953;22;;;9963;23;9965;20;;;9960.0;0.0
yf_ZW=F_d2;29300;INTARIAN_PEPPER_ROOT;10846;12;10844;17;;;10852;11;10854;13;;;10849.0;0.0
yf_ZW=F_d2;29400;ASH_COATED_OSMIUM;9957;9;9953;21;;;9965;11;9967;28;;;9961.0;0.0
yf_ZW=F_d2;29400;INTARIAN_PEPPER_ROOT;10846;11;10844;22;;;10852;21;10854;12;;;10849.0;0.0
yf_ZW=F_d2;29500;ASH_COATED_OSMIUM;9958;11;9956;21;;;9964;16;9967;25;;;9961.0;0.0
yf_ZW=F_d2;29500;INTARIAN_PEPPER_ROOT;10843;13;10840;12;;;10855;8;10857;14;;;10849.0;0.0
yf_ZW=F_d2;29600;ASH_COATED_OSMIUM;9956;20;9953;23;;;9967;13;9970;20;;;9961.5;0.0
yf_ZW=F_d2;29600;INTARIAN_PEPPER_ROOT;10846;18;10842;22;;;10852;18;10854;26;;;10849.0;0.0
yf_ZW=F_d2;29700;ASH_COATED_OSMIUM;9954;20;9950;22;;;9968;16;9971;10;;;9961.0;0.0
yf_ZW=F_d2;29700;INTARIAN_PEPPER_ROOT;10845;24;10842;21;;;10851;13;10854;27;;;10848.0;0.0
yf_ZW=F_d2;29800;ASH_COATED_OSMIUM;9958;20;9954;16;;;9964;12;9966;14;;;9961.0;0.0
yf_ZW=F_d2;29800;INTARIAN_PEPPER_ROOT;10845;15;10842;17;;;10851;18;10854;26;;;10848.0;0.0
yf_ZW=F_d2;29900;ASH_COATED_OSMIUM;9938;19;9936;17;;;9986;15;9990;20;;;9962.0;0.0
yf_ZW=F_d2;29900;INTARIAN_PEPPER_ROOT;10845;20;10842;22;;;10851;16;10853;14;;;10848.0;0.0
yf_ZW=F_d2;30000;ASH_COATED_OSMIUM;9955;13;9953;15;;;9969;13;9972;19;;;9962.0;0.0
yf_ZW=F_d2;30000;INTARIAN_PEPPER_ROOT;10845;13;10841;22;;;10851;14;10854;25;;;10848.0;0.0
yf_ZW=F_d2;30100;ASH_COATED_OSMIUM;9959;15;9957;18;;;9965;14;9968;16;;;9962.0;0.0
yf_ZW=F_d2;30100;INTARIAN_PEPPER_ROOT;10843;18;10839;11;;;10852;13;10854;18;;;10847.5;0.0
yf_ZW=F_d2;30200;ASH_COATED_OSMIUM;9959;13;9957;25;;;9965;23;9969;15;;;9962.0;0.0
yf_ZW=F_d2;30200;INTARIAN_PEPPER_ROOT;10843;18;10841;23;;;10851;18;10855;22;;;10847.0;0.0
yf_ZW=F_d2;30300;ASH_COATED_OSMIUM;9958;17;9956;19;;;9966;17;9968;12;;;9962.0;0.0
yf_ZW=F_d2;30300;INTARIAN_PEPPER_ROOT;10843;11;10840;17;;;10849;8;10853;26;;;10846.0;0.0
yf_ZW=F_d2;30400;ASH_COATED_OSMIUM;9956;23;9954;27;;;9971;13;9974;21;;;9963.5;0.0
yf_ZW=F_d2;30400;INTARIAN_PEPPER_ROOT;10836;10;10832;23;;;10857;15;10859;22;;;10846.5;0.0
yf_ZW=F_d2;30500;ASH_COATED_OSMIUM;9960;15;9956;21;;;9966;12;9970;20;;;9963.0;0.0
yf_ZW=F_d2;30500;INTARIAN_PEPPER_ROOT;10843;11;10840;23;;;10849;10;10851;28;;;10846.0;0.0
yf_ZW=F_d2;30600;ASH_COATED_OSMIUM;9960;19;9956;14;;;9966;14;9970;24;;;9963.0;0.0
yf_ZW=F_d2;30600;INTARIAN_PEPPER_ROOT;10843;12;10840;15;;;10849;18;10851;18;;;10846.0;0.0
yf_ZW=F_d2;30700;ASH_COATED_OSMIUM;9959;5;9956;20;;;9967;19;9971;14;;;9963.0;0.0
yf_ZW=F_d2;30700;INTARIAN_PEPPER_ROOT;10828;14;10824;20;;;10863;5;10865;14;;;10845.5;0.0
yf_ZW=F_d2;30800;ASH_COATED_OSMIUM;9956;14;9952;24;;;9969;5;9971;20;;;9962.5;0.0
yf_ZW=F_d2;30800;INTARIAN_PEPPER_ROOT;10837;17;10835;23;;;10853;19;10855;15;;;10845.0;0.0
yf_ZW=F_d2;30900;ASH_COATED_OSMIUM;9961;17;9957;21;;;9967;15;9970;22;;;9964.0;0.0
yf_ZW=F_d2;30900;INTARIAN_PEPPER_ROOT;10840;11;10836;33;;;10851;13;10854;30;;;10845.5;0.0
yf_ZW=F_d2;31000;ASH_COATED_OSMIUM;9961;12;9957;24;;;9967;20;9969;22;;;9964.0;0.0
yf_ZW=F_d2;31000;INTARIAN_PEPPER_ROOT;10841;19;10839;28;;;10849;19;10853;21;;;10845.0;0.0
yf_ZW=F_d2;31100;ASH_COATED_OSMIUM;9961;22;9959;25;;;9967;12;9969;19;;;9964.0;0.0
yf_ZW=F_d2;31100;INTARIAN_PEPPER_ROOT;10840;13;10837;21;;;10849;14;10851;27;;;10844.5;0.0
yf_ZW=F_d2;31200;ASH_COATED_OSMIUM;9961;16;9957;18;;;9967;20;9970;22;;;9964.0;0.0
yf_ZW=F_d2;31200;INTARIAN_PEPPER_ROOT;10836;13;10833;20;;;10854;20;10856;12;;;10845.0;0.0
yf_ZW=F_d2;31300;ASH_COATED_OSMIUM;9958;21;9954;28;;;9971;20;9974;15;;;9964.5;0.0
yf_ZW=F_d2;31300;INTARIAN_PEPPER_ROOT;10841;11;10837;16;;;10847;19;10849;23;;;10844.0;0.0
yf_ZW=F_d2;31400;ASH_COATED_OSMIUM;9959;16;9956;14;;;9970;15;9973;14;;;9964.5;0.0
yf_ZW=F_d2;31400;INTARIAN_PEPPER_ROOT;10838;14;10835;27;;;10849;13;10853;16;;;10843.5;0.0
yf_ZW=F_d2;31500;ASH_COATED_OSMIUM;9961;17;9957;14;;;9968;13;9972;26;;;9964.5;0.0
yf_ZW=F_d2;31500;INTARIAN_PEPPER_ROOT;10838;12;10836;25;;;10847;5;10849;17;;;10842.5;0.0
yf_ZW=F_d2;31600;ASH_COATED_OSMIUM;9962;21;9959;16;;;9968;18;9971;14;;;9965.0;0.0
yf_ZW=F_d2;31600;INTARIAN_PEPPER_ROOT;10840;14;10837;12;;;10847;18;10849;19;;;10843.5;0.0
yf_ZW=F_d2;31700;ASH_COATED_OSMIUM;9962;13;9959;20;;;9968;17;9970;25;;;9965.0;0.0
yf_ZW=F_d2;31700;INTARIAN_PEPPER_ROOT;10837;17;10834;15;;;10848;21;10850;22;;;10842.5;0.0
yf_ZW=F_d2;31800;ASH_COATED_OSMIUM;9962;13;9960;19;;;9968;15;9972;12;;;9965.0;0.0
yf_ZW=F_d2;31800;INTARIAN_PEPPER_ROOT;10840;18;10837;21;;;10846;16;10850;15;;;10843.0;0.0
yf_ZW=F_d2;31900;ASH_COATED_OSMIUM;9962;12;9960;26;;;9968;26;9970;24;;;9965.0;0.0
yf_ZW=F_d2;31900;INTARIAN_PEPPER_ROOT;10834;14;10830;19;;;10852;10;10855;21;;;10843.0;0.0
yf_ZW=F_d2;32000;ASH_COATED_OSMIUM;9962;14;9959;19;;;9968;16;9971;20;;;9965.0;0.0
yf_ZW=F_d2;32000;INTARIAN_PEPPER_ROOT;10839;15;10836;24;;;10845;17;10849;14;;;10842.0;0.0
yf_ZW=F_d2;32100;ASH_COATED_OSMIUM;9962;5;9958;15;;;9968;9;9971;18;;;9965.0;0.0
yf_ZW=F_d2;32100;INTARIAN_PEPPER_ROOT;10838;19;10836;29;;;10846;10;10848;28;;;10842.0;0.0
yf_ZW=F_d2;32200;ASH_COATED_OSMIUM;9963;20;9960;26;;;9969;7;9971;16;;;9966.0;0.0
yf_ZW=F_d2;32200;INTARIAN_PEPPER_ROOT;10839;16;10837;21;;;10845;13;10847;22;;;10842.0;0.0
yf_ZW=F_d2;32300;ASH_COATED_OSMIUM;9963;21;9961;21;;;9969;12;9972;22;;;9966.0;0.0
yf_ZW=F_d2;32300;INTARIAN_PEPPER_ROOT;10839;5;10835;26;;;10845;16;10847;8;;;10842.0;0.0
yf_ZW=F_d2;32400;ASH_COATED_OSMIUM;9959;5;9956;20;;;9975;24;9979;18;;;9967.0;0.0
yf_ZW=F_d2;32400;INTARIAN_PEPPER_ROOT;10839;14;10835;23;;;10845;15;10847;27;;;10842.0;0.0
yf_ZW=F_d2;32500;ASH_COATED_OSMIUM;9963;16;9959;20;;;9969;15;9972;28;;;9966.0;0.0
yf_ZW=F_d2;32500;INTARIAN_PEPPER_ROOT;10832;11;10829;19;;;10850;10;10852;17;;;10841.0;0.0
yf_ZW=F_d2;32600;ASH_COATED_OSMIUM;9954;19;9950;16;;;9980;14;9984;9;;;9967.0;0.0
yf_ZW=F_d2;32600;INTARIAN_PEPPER_ROOT;10837;10;10834;17;;;10845;20;10849;13;;;10841.0;0.0
yf_ZW=F_d2;32700;ASH_COATED_OSMIUM;9958;20;9956;27;;;9978;14;9982;22;;;9968.0;0.0
yf_ZW=F_d2;32700;INTARIAN_PEPPER_ROOT;10836;28;10834;21;;;10845;11;10847;14;;;10840.5;0.0
yf_ZW=F_d2;32800;ASH_COATED_OSMIUM;9964;19;9961;20;;;9970;23;9972;21;;;9967.0;0.0
yf_ZW=F_d2;32800;INTARIAN_PEPPER_ROOT;10838;18;10834;16;;;10844;13;10846;28;;;10841.0;0.0
yf_ZW=F_d2;32900;ASH_COATED_OSMIUM;9960;11;9958;18;;;9975;9;9979;15;;;9967.5;0.0
yf_ZW=F_d2;32900;INTARIAN_PEPPER_ROOT;10830;17;10828;17;;;10849;16;10852;23;;;10839.5;0.0
yf_ZW=F_d2;33000;ASH_COATED_OSMIUM;9964;6;9962;23;;;9970;16;9974;23;;;9967.0;0.0
yf_ZW=F_d2;33000;INTARIAN_PEPPER_ROOT;10836;16;10832;20;;;10842;13;10846;19;;;10839.0;0.0
yf_ZW=F_d2;33100;ASH_COATED_OSMIUM;9963;15;9959;20;;;9971;13;9974;19;;;9967.0;0.0
yf_ZW=F_d2;33100;INTARIAN_PEPPER_ROOT;10836;15;10834;17;;;10842;16;10846;15;;;10839.0;0.0
yf_ZW=F_d2;33200;ASH_COATED_OSMIUM;9965;6;9961;15;;;9971;12;9974;27;;;9968.0;0.0
yf_ZW=F_d2;33200;INTARIAN_PEPPER_ROOT;10831;5;10828;14;;;10846;17;10849;24;;;10838.5;0.0
yf_ZW=F_d2;33300;ASH_COATED_OSMIUM;9965;15;9962;19;;;9971;18;9973;21;;;9968.0;0.0
yf_ZW=F_d2;33300;INTARIAN_PEPPER_ROOT;10833;20;10831;26;;;10844;14;10847;22;;;10838.5;0.0
yf_ZW=F_d2;33400;ASH_COATED_OSMIUM;9965;13;9962;28;;;9971;19;9974;25;;;9968.0;0.0
yf_ZW=F_d2;33400;INTARIAN_PEPPER_ROOT;10836;5;10832;20;;;10842;19;10846;19;;;10839.0;0.0
yf_ZW=F_d2;33500;ASH_COATED_OSMIUM;9965;16;9963;19;;;9971;13;9975;13;;;9968.0;0.0
yf_ZW=F_d2;33500;INTARIAN_PEPPER_ROOT;10834;21;10830;21;;;10843;19;10846;17;;;10838.5;0.0
yf_ZW=F_d2;33600;ASH_COATED_OSMIUM;9965;13;9961;22;;;9971;10;9975;22;;;9968.0;0.0
yf_ZW=F_d2;33600;INTARIAN_PEPPER_ROOT;10833;16;10830;20;;;10842;12;10845;14;;;10837.5;0.0
yf_ZW=F_d2;33700;ASH_COATED_OSMIUM;9965;13;9961;11;;;9971;21;9974;24;;;9968.0;0.0
yf_ZW=F_d2;33700;INTARIAN_PEPPER_ROOT;10834;25;10830;22;;;10840;16;10843;22;;;10837.0;0.0
yf_ZW=F_d2;33800;ASH_COATED_OSMIUM;9961;11;9957;15;;;9978;11;9981;10;;;9969.5;0.0
yf_ZW=F_d2;33800;INTARIAN_PEPPER_ROOT;10830;17;10827;21;;;10846;15;10849;19;;;10838.0;0.0
yf_ZW=F_d2;33900;ASH_COATED_OSMIUM;9966;9;9963;15;;;9972;14;9974;17;;;9969.0;0.0
yf_ZW=F_d2;33900;INTARIAN_PEPPER_ROOT;10831;20;10829;27;;;10843;11;10846;14;;;10837.0;0.0
yf_ZW=F_d2;34000;ASH_COATED_OSMIUM;9962;12;9959;27;;;9976;23;9978;18;;;9969.0;0.0
yf_ZW=F_d2;34000;INTARIAN_PEPPER_ROOT;10827;18;10825;22;;;10851;9;10854;22;;;10839.0;0.0
yf_ZW=F_d2;34100;ASH_COATED_OSMIUM;9966;18;9962;18;;;9972;13;9976;14;;;9969.0;0.0
yf_ZW=F_d2;34100;INTARIAN_PEPPER_ROOT;10836;13;10833;25;;;10843;11;10845;22;;;10839.5;0.0
yf_ZW=F_d2;34200;ASH_COATED_OSMIUM;9956;18;9953;15;;;9982;7;9985;19;;;9969.0;0.0
yf_ZW=F_d2;34200;INTARIAN_PEPPER_ROOT;10838;15;10836;23;;;10844;22;10847;14;;;10841.0;0.0
yf_ZW=F_d2;34300;ASH_COATED_OSMIUM;9966;13;9964;17;;;9972;14;9976;18;;;9969.0;0.0
yf_ZW=F_d2;34300;INTARIAN_PEPPER_ROOT;10839;9;10836;21;;;10845;17;10847;17;;;10842.0;0.0
yf_ZW=F_d2;34400;ASH_COATED_OSMIUM;9966;21;9964;23;;;9972;18;9976;24;;;9969.0;0.0
yf_ZW=F_d2;34400;INTARIAN_PEPPER_ROOT;10841;18;10838;15;;;10847;9;10850;23;;;10844.0;0.0
yf_ZW=F_d2;34500;ASH_COATED_OSMIUM;9962;9;9960;24;;;9975;14;9977;22;;;9968.5;0.0
yf_ZW=F_d2;34500;INTARIAN_PEPPER_ROOT;10839;5;10836;15;;;10852;17;10856;28;;;10845.5;0.0
yf_ZW=F_d2;34600;ASH_COATED_OSMIUM;9965;17;9961;16;;;9971;15;9973;20;;;9968.0;0.0
yf_ZW=F_d2;34600;INTARIAN_PEPPER_ROOT;10835;26;10833;23;;;10858;15;10861;13;;;10846.5;0.0
yf_ZW=F_d2;34700;ASH_COATED_OSMIUM;9965;12;9961;22;;;9972;13;9975;27;;;9968.5;0.0
yf_ZW=F_d2;34700;INTARIAN_PEPPER_ROOT;10845;16;10843;22;;;10851;9;10853;16;;;10848.0;0.0
yf_ZW=F_d2;34800;ASH_COATED_OSMIUM;9965;16;9963;16;;;9971;12;9974;9;;;9968.0;0.0
yf_ZW=F_d2;34800;INTARIAN_PEPPER_ROOT;10845;24;10843;23;;;10851;12;10854;21;;;10848.0;0.0
yf_ZW=F_d2;34900;ASH_COATED_OSMIUM;9965;18;9963;26;;;9972;21;9976;16;;;9968.5;0.0
yf_ZW=F_d2;34900;INTARIAN_PEPPER_ROOT;10840;6;10837;19;;;10861;17;10865;16;;;10850.5;0.0
yf_ZW=F_d2;35000;ASH_COATED_OSMIUM;9966;10;9964;13;;;9972;16;9975;22;;;9969.0;0.0
yf_ZW=F_d2;35000;INTARIAN_PEPPER_ROOT;10847;15;10845;18;;;10856;16;10858;15;;;10851.5;0.0
yf_ZW=F_d2;35100;ASH_COATED_OSMIUM;9966;7;9964;21;;;9972;20;9975;23;;;9969.0;0.0
yf_ZW=F_d2;35100;INTARIAN_PEPPER_ROOT;10849;13;10846;18;;;10855;17;10857;12;;;10852.0;0.0
yf_ZW=F_d2;35200;ASH_COATED_OSMIUM;9958;9;9954;13;;;9978;5;9982;15;;;9968.0;0.0
yf_ZW=F_d2;35200;INTARIAN_PEPPER_ROOT;10851;20;10848;28;;;10857;18;10861;21;;;10854.0;0.0
yf_ZW=F_d2;35300;ASH_COATED_OSMIUM;9965;18;9962;8;;;9971;20;9975;15;;;9968.0;0.0
yf_ZW=F_d2;35300;INTARIAN_PEPPER_ROOT;10852;16;10848;27;;;10858;18;10862;19;;;10855.0;0.0
yf_ZW=F_d2;35400;ASH_COATED_OSMIUM;9958;11;9955;18;;;9979;12;9981;23;;;9968.5;0.0
yf_ZW=F_d2;35400;INTARIAN_PEPPER_ROOT;10853;18;10851;15;;;10860;15;10863;20;;;10856.5;0.0
yf_ZW=F_d2;35500;ASH_COATED_OSMIUM;9965;15;9962;18;;;9971;5;9973;18;;;9968.0;0.0
yf_ZW=F_d2;35500;INTARIAN_PEPPER_ROOT;10849;8;10845;9;;;10866;6;10869;24;;;10857.5;0.0
yf_ZW=F_d2;35600;ASH_COATED_OSMIUM;9965;16;9963;30;;;9971;9;9975;19;;;9968.0;0.0
yf_ZW=F_d2;35600;INTARIAN_PEPPER_ROOT;10856;22;10853;24;;;10862;12;10866;18;;;10859.0;0.0
yf_ZW=F_d2;35700;ASH_COATED_OSMIUM;9961;15;9959;22;;;9976;24;9978;20;;;9968.5;0.0
yf_ZW=F_d2;35700;INTARIAN_PEPPER_ROOT;10851;15;10847;19;;;10869;16;10873;20;;;10860.0;0.0
yf_ZW=F_d2;35800;ASH_COATED_OSMIUM;9959;20;9955;17;;;9978;6;9980;13;;;9968.5;0.0
yf_ZW=F_d2;35800;INTARIAN_PEPPER_ROOT;10856;22;10853;22;;;10866;18;10868;25;;;10861.0;0.0
yf_ZW=F_d2;35900;ASH_COATED_OSMIUM;9964;12;9960;20;;;9972;10;9976;23;;;9968.0;0.0
yf_ZW=F_d2;35900;INTARIAN_PEPPER_ROOT;10860;12;10856;14;;;10866;14;10868;22;;;10863.0;0.0
yf_ZW=F_d2;36000;ASH_COATED_OSMIUM;9959;19;9955;18;;;9977;15;9979;8;;;9968.0;0.0
yf_ZW=F_d2;36000;INTARIAN_PEPPER_ROOT;10862;18;10859;17;;;10868;12;10870;22;;;10865.0;0.0
yf_ZW=F_d2;36100;ASH_COATED_OSMIUM;9963;8;9960;23;;;9973;15;9975;18;;;9968.0;0.0
yf_ZW=F_d2;36100;INTARIAN_PEPPER_ROOT;10862;8;10860;21;;;10868;17;10870;20;;;10865.0;0.0
yf_ZW=F_d2;36200;ASH_COATED_OSMIUM;9965;17;9962;17;;;9971;8;9974;15;;;9968.0;0.0
yf_ZW=F_d2;36200;INTARIAN_PEPPER_ROOT;10859;12;10856;17;;;10874;14;10876;23;;;10866.5;0.0
yf_ZW=F_d2;36300;ASH_COATED_OSMIUM;9951;11;9949;21;;;9985;23;9989;10;;;9968.0;0.0
yf_ZW=F_d2;36300;INTARIAN_PEPPER_ROOT;10865;16;10862;18;;;10871;5;10873;24;;;10868.0;0.0
yf_ZW=F_d2;36400;ASH_COATED_OSMIUM;9965;7;9961;19;;;9971;5;9974;13;;;9968.0;0.0
yf_ZW=F_d2;36400;INTARIAN_PEPPER_ROOT;10866;22;10864;19;;;10872;20;10875;8;;;10869.0;0.0
yf_ZW=F_d2;36500;ASH_COATED_OSMIUM;9965;12;9961;15;;;9971;15;9973;18;;;9968.0;0.0
yf_ZW=F_d2;36500;INTARIAN_PEPPER_ROOT;10868;13;10865;19;;;10874;5;10877;23;;;10871.0;0.0
yf_ZW=F_d2;36600;ASH_COATED_OSMIUM;9960;14;9956;12;;;9975;10;9977;19;;;9967.5;0.0
yf_ZW=F_d2;36600;INTARIAN_PEPPER_ROOT;10869;21;10866;21;;;10876;18;10880;23;;;10872.5;0.0
yf_ZW=F_d2;36700;ASH_COATED_OSMIUM;9964;12;9961;21;;;9972;22;9975;13;;;9968.0;0.0
yf_ZW=F_d2;36700;INTARIAN_PEPPER_ROOT;10870;22;10868;19;;;10876;14;10880;20;;;10873.0;0.0
yf_ZW=F_d2;36800;ASH_COATED_OSMIUM;9958;18;9955;27;;;9978;19;9981;20;;;9968.0;0.0
yf_ZW=F_d2;36800;INTARIAN_PEPPER_ROOT;10867;18;10863;18;;;10882;26;10886;16;;;10874.5;0.0
yf_ZW=F_d2;36900;ASH_COATED_OSMIUM;9965;5;9961;10;;;9971;8;9975;19;;;9968.0;0.0
yf_ZW=F_d2;36900;INTARIAN_PEPPER_ROOT;10873;16;10870;19;;;10879;17;10883;20;;;10876.0;0.0
yf_ZW=F_d2;37000;ASH_COATED_OSMIUM;9965;17;9962;25;;;9971;20;9975;19;;;9968.0;0.0
yf_ZW=F_d2;37000;INTARIAN_PEPPER_ROOT;10873;8;10871;13;;;10881;14;10883;11;;;10877.0;0.0
yf_ZW=F_d2;37100;ASH_COATED_OSMIUM;9964;14;9960;19;;;9970;17;9973;14;;;9967.0;0.0
yf_ZW=F_d2;37100;INTARIAN_PEPPER_ROOT;10875;7;10873;11;;;10881;16;10883;12;;;10878.0;0.0
yf_ZW=F_d2;37200;ASH_COATED_OSMIUM;9965;21;9963;20;;;9971;10;9974;18;;;9968.0;0.0
yf_ZW=F_d2;37200;INTARIAN_PEPPER_ROOT;10876;6;10874;18;;;10884;14;10887;24;;;10880.0;0.0
yf_ZW=F_d2;37300;ASH_COATED_OSMIUM;9963;13;9959;23;;;9971;20;9973;20;;;9967.0;0.0
yf_ZW=F_d2;37300;INTARIAN_PEPPER_ROOT;10876;23;10873;19;;;10887;16;10890;23;;;10881.5;0.0
yf_ZW=F_d2;37400;ASH_COATED_OSMIUM;9962;17;9960;27;;;9973;22;9977;17;;;9967.5;0.0
yf_ZW=F_d2;37400;INTARIAN_PEPPER_ROOT;10879;12;10875;20;;;10885;15;10887;14;;;10882.0;0.0
yf_ZW=F_d2;37500;ASH_COATED_OSMIUM;9964;5;9960;18;;;9972;15;9975;22;;;9968.0;0.0
yf_ZW=F_d2;37500;INTARIAN_PEPPER_ROOT;10880;16;10877;26;;;10887;13;10889;19;;;10883.5;0.0
yf_ZW=F_d2;37600;ASH_COATED_OSMIUM;9964;9;9960;18;;;9970;17;9972;18;;;9967.0;0.0
yf_ZW=F_d2;37600;INTARIAN_PEPPER_ROOT;10882;25;10880;16;;;10888;5;10892;26;;;10885.0;0.0
yf_ZW=F_d2;37700;ASH_COATED_OSMIUM;9965;18;9961;16;;;9971;24;9974;18;;;9968.0;0.0
yf_ZW=F_d2;37700;INTARIAN_PEPPER_ROOT;10883;23;10880;20;;;10889;18;10893;18;;;10886.0;0.0
yf_ZW=F_d2;37800;ASH_COATED_OSMIUM;9965;7;9963;20;;;9971;12;9975;21;;;9968.0;0.0
yf_ZW=F_d2;37800;INTARIAN_PEPPER_ROOT;10884;20;10882;28;;;10890;20;10893;17;;;10887.0;0.0
yf_ZW=F_d2;37900;ASH_COATED_OSMIUM;9958;14;9954;25;;;9977;18;9981;19;;;9967.5;0.0
yf_ZW=F_d2;37900;INTARIAN_PEPPER_ROOT;10885;18;10883;33;;;10893;11;10895;21;;;10889.0;0.0
yf_ZW=F_d2;38000;ASH_COATED_OSMIUM;9964;14;9962;18;;;9970;10;9972;18;;;9967.0;0.0
yf_ZW=F_d2;38000;INTARIAN_PEPPER_ROOT;10880;11;10876;14;;;10899;12;10902;17;;;10889.5;0.0
yf_ZW=F_d2;38100;ASH_COATED_OSMIUM;9960;12;9957;14;;;9974;13;9978;28;;;9967.0;0.0
yf_ZW=F_d2;38100;INTARIAN_PEPPER_ROOT;10887;21;10884;13;;;10895;21;10897;12;;;10891.0;0.0
yf_ZW=F_d2;38200;ASH_COATED_OSMIUM;9964;16;9962;19;;;9970;9;9972;12;;;9967.0;0.0
yf_ZW=F_d2;38200;INTARIAN_PEPPER_ROOT;10890;12;10886;21;;;10896;21;10898;18;;;10893.0;0.0
yf_ZW=F_d2;38300;ASH_COATED_OSMIUM;9964;21;9961;18;;;9970;11;9973;17;;;9967.0;0.0
yf_ZW=F_d2;38300;INTARIAN_PEPPER_ROOT;10891;20;10887;18;;;10897;19;10901;19;;;10894.0;0.0
yf_ZW=F_d2;38400;ASH_COATED_OSMIUM;9964;14;9960;22;;;9970;10;9973;20;;;9967.0;0.0
yf_ZW=F_d2;38400;INTARIAN_PEPPER_ROOT;10892;25;10890;19;;;10898;24;10902;21;;;10895.0;0.0
yf_ZW=F_d2;38500;ASH_COATED_OSMIUM;9957;14;9953;14;;;9977;17;9981;10;;;9967.0;0.0
yf_ZW=F_d2;38500;INTARIAN_PEPPER_ROOT;10893;17;10891;23;;;10899;5;10901;26;;;10896.0;0.0
yf_ZW=F_d2;38600;ASH_COATED_OSMIUM;9964;11;9962;27;;;9970;15;9973;20;;;9967.0;0.0
yf_ZW=F_d2;38600;INTARIAN_PEPPER_ROOT;10894;18;10891;23;;;10900;19;10903;20;;;10897.0;0.0
yf_ZW=F_d2;38700;ASH_COATED_OSMIUM;9963;11;9961;13;;;9969;9;9971;19;;;9966.0;0.0
yf_ZW=F_d2;38700;INTARIAN_PEPPER_ROOT;10896;13;10892;20;;;10902;21;10904;22;;;10899.0;0.0
yf_ZW=F_d2;38800;ASH_COATED_OSMIUM;9964;24;9961;24;;;9970;11;9974;20;;;9967.0;0.0
yf_ZW=F_d2;38800;INTARIAN_PEPPER_ROOT;10897;11;10895;23;;;10904;13;10907;18;;;10900.5;0.0
yf_ZW=F_d2;38900;ASH_COATED_OSMIUM;9964;17;9960;24;;;9970;7;9974;19;;;9967.0;0.0
yf_ZW=F_d2;38900;INTARIAN_PEPPER_ROOT;10896;12;10892;32;;;10905;13;10909;22;;;10900.5;0.0
yf_ZW=F_d2;39000;ASH_COATED_OSMIUM;9964;11;9960;25;;;9970;14;9973;14;;;9967.0;0.0
yf_ZW=F_d2;39000;INTARIAN_PEPPER_ROOT;10899;8;10896;23;;;10905;8;10908;25;;;10902.0;0.0
yf_ZW=F_d2;39100;ASH_COATED_OSMIUM;9964;11;9961;19;;;9970;11;9972;18;;;9967.0;0.0
yf_ZW=F_d2;39100;INTARIAN_PEPPER_ROOT;10894;14;10892;26;;;10915;9;10917;25;;;10904.5;0.0
yf_ZW=F_d2;39200;ASH_COATED_OSMIUM;9964;16;9961;22;;;9970;19;9974;14;;;9967.0;0.0
yf_ZW=F_d2;39200;INTARIAN_PEPPER_ROOT;10900;13;10896;18;;;10910;16;10912;13;;;10905.0;0.0
yf_ZW=F_d2;39300;ASH_COATED_OSMIUM;9962;10;9958;14;;;9972;16;9974;17;;;9967.0;0.0
yf_ZW=F_d2;39300;INTARIAN_PEPPER_ROOT;10903;12;10899;27;;;10911;11;10914;13;;;10907.0;0.0
yf_ZW=F_d2;39400;ASH_COATED_OSMIUM;9960;14;9958;21;;;9972;14;9976;27;;;9966.0;0.0
yf_ZW=F_d2;39400;INTARIAN_PEPPER_ROOT;10905;13;10901;14;;;10911;17;10914;29;;;10908.0;0.0
yf_ZW=F_d2;39500;ASH_COATED_OSMIUM;9963;11;9961;18;;;9971;12;9973;24;;;9967.0;0.0
yf_ZW=F_d2;39500;INTARIAN_PEPPER_ROOT;10906;16;10904;15;;;10912;21;10916;18;;;10909.0;0.0
yf_ZW=F_d2;39600;ASH_COATED_OSMIUM;9964;5;9961;23;;;9970;16;9974;20;;;9967.0;0.0
yf_ZW=F_d2;39600;INTARIAN_PEPPER_ROOT;10905;20;10903;20;;;10915;17;10919;23;;;10910.0;0.0
yf_ZW=F_d2;39700;ASH_COATED_OSMIUM;9961;19;9958;22;;;9971;17;9974;8;;;9966.0;0.0
yf_ZW=F_d2;39700;INTARIAN_PEPPER_ROOT;10909;9;10907;14;;;10915;17;10919;18;;;10912.0;0.0
yf_ZW=F_d2;39800;ASH_COATED_OSMIUM;9957;18;9955;24;;;9976;18;9979;13;;;9966.5;0.0
yf_ZW=F_d2;39800;INTARIAN_PEPPER_ROOT;10910;19;10908;18;;;10916;18;10919;17;;;10913.0;0.0
yf_ZW=F_d2;39900;ASH_COATED_OSMIUM;9963;8;9959;18;;;9969;5;9971;18;;;9966.0;0.0
yf_ZW=F_d2;39900;INTARIAN_PEPPER_ROOT;10898;15;10894;11;;;10930;13;10933;18;;;10914.0;0.0
yf_ZW=F_d2;40000;ASH_COATED_OSMIUM;9963;27;9959;29;;;9969;5;9971;20;;;9966.0;0.0
yf_ZW=F_d2;40000;INTARIAN_PEPPER_ROOT;10912;14;10909;18;;;10918;24;10920;17;;;10915.0;0.0
yf_ZW=F_d2;40100;ASH_COATED_OSMIUM;9954;13;9952;16;;;9978;14;9981;21;;;9966.0;0.0
yf_ZW=F_d2;40100;INTARIAN_PEPPER_ROOT;10909;15;10907;26;;;10924;14;10928;16;;;10916.5;0.0
yf_ZW=F_d2;40200;ASH_COATED_OSMIUM;9963;12;9959;21;;;9969;13;9972;24;;;9966.0;0.0
yf_ZW=F_d2;40200;INTARIAN_PEPPER_ROOT;10915;12;10912;14;;;10921;15;10924;16;;;10918.0;0.0
yf_ZW=F_d2;40300;ASH_COATED_OSMIUM;9960;21;9956;23;;;9973;10;9977;26;;;9966.5;0.0
yf_ZW=F_d2;40300;INTARIAN_PEPPER_ROOT;10913;9;10910;24;;;10924;21;10926;23;;;10918.5;0.0
yf_ZW=F_d2;40400;ASH_COATED_OSMIUM;9954;14;9952;26;;;9977;13;9981;27;;;9965.5;0.0
yf_ZW=F_d2;40400;INTARIAN_PEPPER_ROOT;10917;12;10915;11;;;10923;7;10927;23;;;10920.0;0.0
yf_ZW=F_d2;40500;ASH_COATED_OSMIUM;9959;16;9955;14;;;9974;8;9978;29;;;9966.5;0.0
yf_ZW=F_d2;40500;INTARIAN_PEPPER_ROOT;10915;15;10913;18;;;10928;14;10930;19;;;10921.5;0.0
yf_ZW=F_d2;40600;ASH_COATED_OSMIUM;9963;19;9959;22;;;9970;14;9973;28;;;9966.5;0.0
yf_ZW=F_d2;40600;INTARIAN_PEPPER_ROOT;10912;18;10908;15;;;10934;16;10937;16;;;10923.0;0.0
yf_ZW=F_d2;40700;ASH_COATED_OSMIUM;9963;12;9959;19;;;9969;12;9973;10;;;9966.0;0.0
yf_ZW=F_d2;40700;INTARIAN_PEPPER_ROOT;10915;22;10913;23;;;10934;18;10937;23;;;10924.5;0.0
yf_ZW=F_d2;40800;ASH_COATED_OSMIUM;9962;20;9960;28;;;9968;12;9972;20;;;9965.0;0.0
yf_ZW=F_d2;40800;INTARIAN_PEPPER_ROOT;10923;26;10920;17;;;10929;8;10933;15;;;10926.0;0.0
yf_ZW=F_d2;40900;ASH_COATED_OSMIUM;9963;12;9961;21;;;9969;19;9973;25;;;9966.0;0.0
yf_ZW=F_d2;40900;INTARIAN_PEPPER_ROOT;10924;10;10922;22;;;10930;5;10933;22;;;10927.0;0.0
yf_ZW=F_d2;41000;ASH_COATED_OSMIUM;9963;21;9961;17;;;9969;17;9973;28;;;9966.0;0.0
yf_ZW=F_d2;41000;INTARIAN_PEPPER_ROOT;10926;11;10923;18;;;10932;16;10936;17;;;10929.0;0.0
yf_ZW=F_d2;41100;ASH_COATED_OSMIUM;9963;6;9960;29;;;9969;17;9972;15;;;9966.0;0.0
yf_ZW=F_d2;41100;INTARIAN_PEPPER_ROOT;10925;15;10923;14;;;10934;21;10937;14;;;10929.5;0.0
yf_ZW=F_d2;41200;ASH_COATED_OSMIUM;9950;22;9948;24;;;9981;17;9985;18;;;9965.5;0.0
yf_ZW=F_d2;41200;INTARIAN_PEPPER_ROOT;10928;16;10925;21;;;10934;6;10936;13;;;10931.0;0.0
yf_ZW=F_d2;41300;ASH_COATED_OSMIUM;9961;23;9957;15;;;9970;14;9972;22;;;9965.5;0.0
yf_ZW=F_d2;41300;INTARIAN_PEPPER_ROOT;10929;12;10925;21;;;10935;19;10937;25;;;10932.0;0.0
yf_ZW=F_d2;41400;ASH_COATED_OSMIUM;9963;15;9960;21;;;9969;17;9972;20;;;9966.0;0.0
yf_ZW=F_d2;41400;INTARIAN_PEPPER_ROOT;10930;20;10926;23;;;10936;11;10939;21;;;10933.0;0.0
yf_ZW=F_d2;41500;ASH_COATED_OSMIUM;9964;13;9960;22;;;9970;6;9973;21;;;9967.0;0.0
yf_ZW=F_d2;41500;INTARIAN_PEPPER_ROOT;10932;14;10928;23;;;10938;18;10941;12;;;10935.0;0.0
yf_ZW=F_d2;41600;ASH_COATED_OSMIUM;9963;7;9961;25;;;9969;8;9971;27;;;9966.0;0.0
yf_ZW=F_d2;41600;INTARIAN_PEPPER_ROOT;10933;10;10929;16;;;10939;16;10942;24;;;10936.0;0.0
yf_ZW=F_d2;41700;ASH_COATED_OSMIUM;9960;5;9957;18;;;9972;16;9976;22;;;9966.0;0.0
yf_ZW=F_d2;41700;INTARIAN_PEPPER_ROOT;10934;9;10931;21;;;10940;11;10943;25;;;10937.0;0.0
yf_ZW=F_d2;41800;ASH_COATED_OSMIUM;9963;21;9961;14;;;9969;25;9973;14;;;9966.0;0.0
yf_ZW=F_d2;41800;INTARIAN_PEPPER_ROOT;10936;5;10932;10;;;10942;11;10945;18;;;10939.0;0.0
yf_ZW=F_d2;41900;ASH_COATED_OSMIUM;9963;10;9960;20;;;9969;19;9972;13;;;9966.0;0.0
yf_ZW=F_d2;41900;INTARIAN_PEPPER_ROOT;10937;14;10934;11;;;10944;16;10947;20;;;10940.5;0.0
yf_ZW=F_d2;42000;ASH_COATED_OSMIUM;9962;21;9960;26;;;9968;22;9972;19;;;9965.0;0.0
yf_ZW=F_d2;42000;INTARIAN_PEPPER_ROOT;10930;16;10926;21;;;10953;17;10955;21;;;10941.5;0.0
yf_ZW=F_d2;42100;ASH_COATED_OSMIUM;9950;19;9948;16;;;9981;20;9983;23;;;9965.5;0.0
yf_ZW=F_d2;42100;INTARIAN_PEPPER_ROOT;10937;17;10934;20;;;10948;11;10952;16;;;10942.5;0.0
yf_ZW=F_d2;42200;ASH_COATED_OSMIUM;9962;21;9958;13;;;9968;17;9971;21;;;9965.0;0.0
yf_ZW=F_d2;42200;INTARIAN_PEPPER_ROOT;10930;19;10927;16;;;10957;10;10960;19;;;10943.5;0.0
yf_ZW=F_d2;42300;ASH_COATED_OSMIUM;9961;12;9959;20;;;9970;12;9973;20;;;9965.5;0.0
yf_ZW=F_d2;42300;INTARIAN_PEPPER_ROOT;10930;21;10928;24;;;10960;14;10964;19;;;10945.0;0.0
yf_ZW=F_d2;42400;ASH_COATED_OSMIUM;9954;14;9952;27;;;9976;8;9980;23;;;9965.0;0.0
yf_ZW=F_d2;42400;INTARIAN_PEPPER_ROOT;10943;20;10940;20;;;10950;12;10953;24;;;10946.5;0.0
yf_ZW=F_d2;42500;ASH_COATED_OSMIUM;9959;18;9956;14;;;9971;14;9973;18;;;9965.0;0.0
yf_ZW=F_d2;42500;INTARIAN_PEPPER_ROOT;10941;11;10938;20;;;10953;15;10956;16;;;10947.0;0.0
yf_ZW=F_d2;42600;ASH_COATED_OSMIUM;9958;17;9956;25;;;9972;17;9974;28;;;9965.0;0.0
yf_ZW=F_d2;42600;INTARIAN_PEPPER_ROOT;10946;14;10943;20;;;10952;10;10955;20;;;10949.0;0.0
yf_ZW=F_d2;42700;ASH_COATED_OSMIUM;9962;5;9958;22;;;9968;16;9971;14;;;9965.0;0.0
yf_ZW=F_d2;42700;INTARIAN_PEPPER_ROOT;10947;12;10945;18;;;10953;17;10956;32;;;10950.0;0.0
yf_ZW=F_d2;42800;ASH_COATED_OSMIUM;9962;16;9959;18;;;9968;5;9970;9;;;9965.0;0.0
yf_ZW=F_d2;42800;INTARIAN_PEPPER_ROOT;10949;9;10946;26;;;10955;16;10958;17;;;10952.0;0.0
yf_ZW=F_d2;42900;ASH_COATED_OSMIUM;9962;16;9960;9;;;9968;9;9970;25;;;9965.0;0.0
yf_ZW=F_d2;42900;INTARIAN_PEPPER_ROOT;10942;10;10939;23;;;10963;16;10966;8;;;10952.5;0.0
yf_ZW=F_d2;43000;ASH_COATED_OSMIUM;9962;5;9960;19;;;9968;22;9970;18;;;9965.0;0.0
yf_ZW=F_d2;43000;INTARIAN_PEPPER_ROOT;10949;9;10945;20;;;10959;15;10963;23;;;10954.0;0.0
yf_ZW=F_d2;43100;ASH_COATED_OSMIUM;9961;14;9957;19;;;9969;23;9971;23;;;9965.0;0.0
yf_ZW=F_d2;43100;INTARIAN_PEPPER_ROOT;10952;11;10949;12;;;10958;23;10961;22;;;10955.0;0.0
yf_ZW=F_d2;43200;ASH_COATED_OSMIUM;9962;16;9958;19;;;9968;15;9970;22;;;9965.0;0.0
yf_ZW=F_d2;43200;INTARIAN_PEPPER_ROOT;10954;19;10951;20;;;10960;18;10964;13;;;10957.0;0.0
yf_ZW=F_d2;43300;ASH_COATED_OSMIUM;9962;20;9960;13;;;9968;7;9971;15;;;9965.0;0.0
yf_ZW=F_d2;43300;INTARIAN_PEPPER_ROOT;10955;15;10952;15;;;10961;7;10963;15;;;10958.0;0.0
yf_ZW=F_d2;43400;ASH_COATED_OSMIUM;9962;19;9960;16;;;9968;24;9971;25;;;9965.0;0.0
yf_ZW=F_d2;43400;INTARIAN_PEPPER_ROOT;10956;16;10954;12;;;10962;10;10965;21;;;10959.0;0.0
yf_ZW=F_d2;43500;ASH_COATED_OSMIUM;9962;19;9958;12;;;9968;16;9972;27;;;9965.0;0.0
yf_ZW=F_d2;43500;INTARIAN_PEPPER_ROOT;10952;12;10950;23;;;10968;20;10972;24;;;10960.0;0.0
yf_ZW=F_d2;43600;ASH_COATED_OSMIUM;9955;13;9952;15;;;9975;16;9977;24;;;9965.0;0.0
yf_ZW=F_d2;43600;INTARIAN_PEPPER_ROOT;10957;9;10955;14;;;10966;22;10968;16;;;10961.5;0.0
yf_ZW=F_d2;43700;ASH_COATED_OSMIUM;9958;12;9955;14;;;9973;12;9975;16;;;9965.5;0.0
yf_ZW=F_d2;43700;INTARIAN_PEPPER_ROOT;10947;15;10943;19;;;10979;22;10981;22;;;10963.0;0.0
yf_ZW=F_d2;43800;ASH_COATED_OSMIUM;9956;18;9952;12;;;9972;15;9976;16;;;9964.0;0.0
yf_ZW=F_d2;43800;INTARIAN_PEPPER_ROOT;10961;15;10957;14;;;10967;14;10970;11;;;10964.0;0.0
yf_ZW=F_d2;43900;ASH_COATED_OSMIUM;9954;22;9951;17;;;9975;21;9979;28;;;9964.5;0.0
yf_ZW=F_d2;43900;INTARIAN_PEPPER_ROOT;10960;17;10956;20;;;10970;13;10974;18;;;10965.0;0.0
yf_ZW=F_d2;44000;ASH_COATED_OSMIUM;9961;14;9958;21;;;9967;10;9969;26;;;9964.0;0.0
yf_ZW=F_d2;44000;INTARIAN_PEPPER_ROOT;10964;17;10960;19;;;10970;7;10974;24;;;10967.0;0.0
yf_ZW=F_d2;44100;ASH_COATED_OSMIUM;9961;15;9959;15;;;9969;9;9973;17;;;9965.0;0.0
yf_ZW=F_d2;44100;INTARIAN_PEPPER_ROOT;10960;12;10957;22;;;10975;15;10979;22;;;10967.5;0.0
yf_ZW=F_d2;44200;ASH_COATED_OSMIUM;9962;16;9958;18;;;9968;10;9972;16;;;9965.0;0.0
yf_ZW=F_d2;44200;INTARIAN_PEPPER_ROOT;10966;6;10963;20;;;10972;9;10976;17;;;10969.0;0.0
yf_ZW=F_d2;44300;ASH_COATED_OSMIUM;9962;26;9958;28;;;9968;16;9972;17;;;9965.0;0.0
yf_ZW=F_d2;44300;INTARIAN_PEPPER_ROOT;10968;12;10966;12;;;10974;10;10978;17;;;10971.0;0.0
yf_ZW=F_d2;44400;ASH_COATED_OSMIUM;9961;11;9957;21;;;9967;18;9971;21;;;9964.0;0.0
yf_ZW=F_d2;44400;INTARIAN_PEPPER_ROOT;10965;13;10963;26;;;10979;15;10982;32;;;10972.0;0.0
yf_ZW=F_d2;44500;ASH_COATED_OSMIUM;9962;23;9960;27;;;9968;14;9970;31;;;9965.0;0.0
yf_ZW=F_d2;44500;INTARIAN_PEPPER_ROOT;10967;15;10965;19;;;10980;18;10984;21;;;10973.5;0.0
yf_ZW=F_d2;44600;ASH_COATED_OSMIUM;9961;16;9959;18;;;9967;15;9971;15;;;9964.0;0.0
yf_ZW=F_d2;44600;INTARIAN_PEPPER_ROOT;10969;19;10965;18;;;10979;14;10983;21;;;10974.0;0.0
yf_ZW=F_d2;44700;ASH_COATED_OSMIUM;9961;16;9957;13;;;9968;16;9970;16;;;9964.5;0.0
yf_ZW=F_d2;44700;INTARIAN_PEPPER_ROOT;10969;13;10965;25;;;10984;15;10988;17;;;10976.5;0.0
yf_ZW=F_d2;44800;ASH_COATED_OSMIUM;9959;5;9955;12;;;9969;12;9973;16;;;9964.0;0.0
yf_ZW=F_d2;44800;INTARIAN_PEPPER_ROOT;10974;21;10972;31;;;10980;10;10983;19;;;10977.0;0.0
yf_ZW=F_d2;44900;ASH_COATED_OSMIUM;9951;11;9948;29;;;9977;11;9981;18;;;9964.0;0.0
yf_ZW=F_d2;44900;INTARIAN_PEPPER_ROOT;10976;9;10973;23;;;10982;17;10985;23;;;10979.0;0.0
yf_ZW=F_d2;45000;ASH_COATED_OSMIUM;9959;14;9955;12;;;9969;7;9973;23;;;9964.0;0.0
yf_ZW=F_d2;45000;INTARIAN_PEPPER_ROOT;10977;18;10973;21;;;10983;15;10985;19;;;10980.0;0.0
yf_ZW=F_d2;45100;ASH_COATED_OSMIUM;9962;9;9959;24;;;9968;21;9972;23;;;9965.0;0.0
yf_ZW=F_d2;45100;INTARIAN_PEPPER_ROOT;10978;13;10975;20;;;10984;14;10987;13;;;10981.0;0.0
yf_ZW=F_d2;45200;ASH_COATED_OSMIUM;9961;17;9957;19;;;9967;9;9969;20;;;9964.0;0.0
yf_ZW=F_d2;45200;INTARIAN_PEPPER_ROOT;10973;15;10970;21;;;10991;11;10993;21;;;10982.0;0.0
yf_ZW=F_d2;45300;ASH_COATED_OSMIUM;9961;9;9958;26;;;9967;18;9970;19;;;9964.0;0.0
yf_ZW=F_d2;45300;INTARIAN_PEPPER_ROOT;10976;12;10972;25;;;10992;19;10996;23;;;10984.0;0.0
yf_ZW=F_d2;45400;ASH_COATED_OSMIUM;9960;22;9958;29;;;9966;19;9968;27;;;9963.0;0.0
yf_ZW=F_d2;45400;INTARIAN_PEPPER_ROOT;10980;26;10976;17;;;10989;16;10991;29;;;10984.5;0.0
yf_ZW=F_d2;45500;ASH_COATED_OSMIUM;9961;11;9958;16;;;9967;8;9971;16;;;9964.0;0.0
yf_ZW=F_d2;45500;INTARIAN_PEPPER_ROOT;10978;16;10976;19;;;10994;19;10996;24;;;10986.0;0.0
yf_ZW=F_d2;45600;ASH_COATED_OSMIUM;9960;9;9957;17;;;9969;18;9971;20;;;9964.5;0.0
yf_ZW=F_d2;45600;INTARIAN_PEPPER_ROOT;10982;10;10979;24;;;10993;15;10995;18;;;10987.5;0.0
yf_ZW=F_d2;45700;ASH_COATED_OSMIUM;9962;16;9960;26;;;9968;15;9970;18;;;9965.0;0.0
yf_ZW=F_d2;45700;INTARIAN_PEPPER_ROOT;10981;8;10979;27;;;10997;15;11001;25;;;10989.0;0.0
yf_ZW=F_d2;45800;ASH_COATED_OSMIUM;9961;14;9958;20;;;9967;19;9969;28;;;9964.0;0.0
yf_ZW=F_d2;45800;INTARIAN_PEPPER_ROOT;10987;17;10984;20;;;10993;10;10995;10;;;10990.0;0.0
yf_ZW=F_d2;45900;ASH_COATED_OSMIUM;9961;13;9958;30;;;9967;16;9971;31;;;9964.0;0.0
yf_ZW=F_d2;45900;INTARIAN_PEPPER_ROOT;10988;17;10985;13;;;10994;21;10997;25;;;10991.0;0.0
yf_ZW=F_d2;46000;ASH_COATED_OSMIUM;9960;19;9957;18;;;9968;17;9970;26;;;9964.0;0.0
yf_ZW=F_d2;46000;INTARIAN_PEPPER_ROOT;10987;20;10984;16;;;10998;16;11000;27;;;10992.5;0.0
yf_ZW=F_d2;46100;ASH_COATED_OSMIUM;9961;11;9958;27;;;9967;22;9970;25;;;9964.0;0.0
yf_ZW=F_d2;46100;INTARIAN_PEPPER_ROOT;10972;11;10968;15;;;11017;15;11019;10;;;10994.5;0.0
yf_ZW=F_d2;46200;ASH_COATED_OSMIUM;9961;19;9958;19;;;9967;14;9970;20;;;9964.0;0.0
yf_ZW=F_d2;46200;INTARIAN_PEPPER_ROOT;10992;30;10989;20;;;10998;20;11001;17;;;10995.0;0.0
yf_ZW=F_d2;46300;ASH_COATED_OSMIUM;9958;12;9955;19;;;9970;16;9973;19;;;9964.0;0.0
yf_ZW=F_d2;46300;INTARIAN_PEPPER_ROOT;10994;22;10992;27;;;11000;19;11002;19;;;10997.0;0.0
yf_ZW=F_d2;46400;ASH_COATED_OSMIUM;9959;10;9957;21;;;9967;10;9970;25;;;9963.0;0.0
yf_ZW=F_d2;46400;INTARIAN_PEPPER_ROOT;10994;19;10990;21;;;11000;20;11004;18;;;10997.0;0.0
yf_ZW=F_d2;46500;ASH_COATED_OSMIUM;9960;18;9957;20;;;9966;17;9968;33;;;9963.0;0.0
yf_ZW=F_d2;46500;INTARIAN_PEPPER_ROOT;10982;15;10979;19;;;11017;11;11020;19;;;10999.5;0.0
yf_ZW=F_d2;46600;ASH_COATED_OSMIUM;9959;10;9955;13;;;9968;19;9970;20;;;9963.5;0.0
yf_ZW=F_d2;46600;INTARIAN_PEPPER_ROOT;10988;22;10984;29;;;11014;11;11017;17;;;11001.0;0.0
yf_ZW=F_d2;46700;ASH_COATED_OSMIUM;9958;18;9954;24;;;9969;12;9971;23;;;9963.5;0.0
yf_ZW=F_d2;46700;INTARIAN_PEPPER_ROOT;10996;17;10993;17;;;11007;5;11009;26;;;11001.5;0.0
yf_ZW=F_d2;46800;ASH_COATED_OSMIUM;9960;11;9957;24;;;9966;27;9970;22;;;9963.0;0.0
yf_ZW=F_d2;46800;INTARIAN_PEPPER_ROOT;11000;13;10998;23;;;11006;11;11009;24;;;11003.0;0.0
yf_ZW=F_d2;46900;ASH_COATED_OSMIUM;9960;19;9956;19;;;9966;14;9970;22;;;9963.0;0.0
yf_ZW=F_d2;46900;INTARIAN_PEPPER_ROOT;11001;19;10998;19;;;11007;19;11011;24;;;11004.0;0.0
yf_ZW=F_d2;47000;ASH_COATED_OSMIUM;9951;11;9948;20;;;9975;12;9978;17;;;9963.0;0.0
yf_ZW=F_d2;47000;INTARIAN_PEPPER_ROOT;10996;9;10992;13;;;11016;15;11020;30;;;11006.0;0.0
yf_ZW=F_d2;47100;ASH_COATED_OSMIUM;9954;14;9952;18;;;9972;16;9974;14;;;9963.0;0.0
yf_ZW=F_d2;47100;INTARIAN_PEPPER_ROOT;11003;7;11001;15;;;11010;28;11013;19;;;11006.5;0.0
yf_ZW=F_d2;47200;ASH_COATED_OSMIUM;9960;10;9957;14;;;9966;8;9968;25;;;9963.0;0.0
yf_ZW=F_d2;47200;INTARIAN_PEPPER_ROOT;11005;5;11001;20;;;11011;14;11013;22;;;11008.0;0.0
yf_ZW=F_d2;47300;ASH_COATED_OSMIUM;9960;21;9958;24;;;9966;13;9969;18;;;9963.0;0.0
yf_ZW=F_d2;47300;INTARIAN_PEPPER_ROOT;11007;10;11004;16;;;11013;15;11015;17;;;11010.0;0.0
yf_ZW=F_d2;47400;ASH_COATED_OSMIUM;9961;17;9958;14;;;9967;23;9970;19;;;9964.0;0.0
yf_ZW=F_d2;47400;INTARIAN_PEPPER_ROOT;11008;17;11005;16;;;11014;14;11017;20;;;11011.0;0.0
yf_ZW=F_d2;47500;ASH_COATED_OSMIUM;9960;9;9957;23;;;9966;8;9970;28;;;9963.0;0.0
yf_ZW=F_d2;47500;INTARIAN_PEPPER_ROOT;11009;14;11007;25;;;11015;16;11019;26;;;11012.0;0.0
yf_ZW=F_d2;47600;ASH_COATED_OSMIUM;9958;5;9954;22;;;9967;17;9971;20;;;9962.5;0.0
yf_ZW=F_d2;47600;INTARIAN_PEPPER_ROOT;11004;9;11001;26;;;11022;14;11026;21;;;11013.0;0.0
yf_ZW=F_d2;47700;ASH_COATED_OSMIUM;9960;6;9957;12;;;9966;22;9970;21;;;9963.0;0.0
yf_ZW=F_d2;47700;INTARIAN_PEPPER_ROOT;11011;21;11008;22;;;11017;24;11020;19;;;11014.0;0.0
yf_ZW=F_d2;47800;ASH_COATED_OSMIUM;9959;14;9956;10;;;9966;12;9969;20;;;9962.5;0.0
yf_ZW=F_d2;47800;INTARIAN_PEPPER_ROOT;10999;14;10996;23;;;11032;12;11036;25;;;11015.5;0.0
yf_ZW=F_d2;47900;ASH_COATED_OSMIUM;9960;7;9958;19;;;9966;12;9969;15;;;9963.0;0.0
yf_ZW=F_d2;47900;INTARIAN_PEPPER_ROOT;11012;16;11010;22;;;11023;9;11026;14;;;11017.5;0.0
yf_ZW=F_d2;48000;ASH_COATED_OSMIUM;9960;13;9957;23;;;9966;9;9969;15;;;9963.0;0.0
yf_ZW=F_d2;48000;INTARIAN_PEPPER_ROOT;11016;21;11014;13;;;11022;12;11025;32;;;11019.0;0.0
yf_ZW=F_d2;48100;ASH_COATED_OSMIUM;9959;11;9956;18;;;9965;13;9968;19;;;9962.0;0.0
yf_ZW=F_d2;48100;INTARIAN_PEPPER_ROOT;11016;9;11012;20;;;11022;20;11024;22;;;11019.0;0.0
yf_ZW=F_d2;48200;ASH_COATED_OSMIUM;9960;21;9958;22;;;9966;13;9969;20;;;9963.0;0.0
yf_ZW=F_d2;48200;INTARIAN_PEPPER_ROOT;11018;22;11015;21;;;11024;15;11027;24;;;11021.0;0.0
yf_ZW=F_d2;48300;ASH_COATED_OSMIUM;9959;14;9956;21;;;9965;9;9968;17;;;9962.0;0.0
yf_ZW=F_d2;48300;INTARIAN_PEPPER_ROOT;11016;13;11013;24;;;11027;9;11030;24;;;11021.5;0.0
yf_ZW=F_d2;48400;ASH_COATED_OSMIUM;9960;15;9956;13;;;9966;13;9970;22;;;9963.0;0.0
yf_ZW=F_d2;48400;INTARIAN_PEPPER_ROOT;11021;12;11017;21;;;11027;15;11030;18;;;11024.0;0.0
yf_ZW=F_d2;48500;ASH_COATED_OSMIUM;9945;23;9941;16;;;9979;25;9982;17;;;9962.0;0.0
yf_ZW=F_d2;48500;INTARIAN_PEPPER_ROOT;11022;18;11020;23;;;11028;17;11030;22;;;11025.0;0.0
yf_ZW=F_d2;48600;ASH_COATED_OSMIUM;9959;18;9957;17;;;9965;20;9967;22;;;9962.0;0.0
yf_ZW=F_d2;48600;INTARIAN_PEPPER_ROOT;11012;14;11009;17;;;11039;16;11041;22;;;11025.5;0.0
yf_ZW=F_d2;48700;ASH_COATED_OSMIUM;9960;9;9957;16;;;9966;17;9968;28;;;9963.0;0.0
yf_ZW=F_d2;48700;INTARIAN_PEPPER_ROOT;11023;19;11019;16;;;11030;16;11034;21;;;11026.5;0.0
yf_ZW=F_d2;48800;ASH_COATED_OSMIUM;9959;22;9956;30;;;9966;9;9968;12;;;9962.5;0.0
yf_ZW=F_d2;48800;INTARIAN_PEPPER_ROOT;11026;14;11022;27;;;11032;6;11035;17;;;11029.0;0.0
yf_ZW=F_d2;48900;ASH_COATED_OSMIUM;9959;11;9956;20;;;9965;5;9969;26;;;9962.0;0.0
yf_ZW=F_d2;48900;INTARIAN_PEPPER_ROOT;11027;18;11023;18;;;11033;17;11035;24;;;11030.0;0.0
yf_ZW=F_d2;49000;ASH_COATED_OSMIUM;9957;23;9954;13;;;9968;12;9972;23;;;9962.5;0.0
yf_ZW=F_d2;49000;INTARIAN_PEPPER_ROOT;11028;9;11026;25;;;11034;13;11036;16;;;11031.0;0.0
yf_ZW=F_d2;49100;ASH_COATED_OSMIUM;9959;12;9955;18;;;9965;6;9969;22;;;9962.0;0.0
yf_ZW=F_d2;49100;INTARIAN_PEPPER_ROOT;11028;20;11025;15;;;11036;19;11039;27;;;11032.0;0.0
yf_ZW=F_d2;49200;ASH_COATED_OSMIUM;9960;12;9958;13;;;9966;23;9968;15;;;9963.0;0.0
yf_ZW=F_d2;49200;INTARIAN_PEPPER_ROOT;11027;14;11023;23;;;11041;8;11043;17;;;11034.0;0.0
yf_ZW=F_d2;49300;ASH_COATED_OSMIUM;9950;5;9946;19;;;9973;12;9975;24;;;9961.5;0.0
yf_ZW=F_d2;49300;INTARIAN_PEPPER_ROOT;11027;10;11025;14;;;11043;17;11045;17;;;11035.0;0.0
yf_ZW=F_d2;49400;ASH_COATED_OSMIUM;9959;16;9957;18;;;9965;21;9969;20;;;9962.0;0.0
yf_ZW=F_d2;49400;INTARIAN_PEPPER_ROOT;11033;15;11031;25;;;11039;9;11041;14;;;11036.0;0.0
yf_ZW=F_d2;49500;ASH_COATED_OSMIUM;9959;11;9956;20;;;9965;10;9968;14;;;9962.0;0.0
yf_ZW=F_d2;49500;INTARIAN_PEPPER_ROOT;11029;14;11027;24;;;11046;15;11049;20;;;11037.5;0.0
yf_ZW=F_d2;49600;ASH_COATED_OSMIUM;9959;16;9957;19;;;9965;10;9968;20;;;9962.0;0.0
yf_ZW=F_d2;49600;INTARIAN_PEPPER_ROOT;11035;14;11032;20;;;11044;20;11046;17;;;11039.5;0.0
yf_ZW=F_d2;49700;ASH_COATED_OSMIUM;9959;12;9956;17;;;9965;5;9967;15;;;9962.0;0.0
yf_ZW=F_d2;49700;INTARIAN_PEPPER_ROOT;11037;10;11035;12;;;11043;20;11046;22;;;11040.0;0.0
yf_ZW=F_d2;49800;ASH_COATED_OSMIUM;9954;10;9950;14;;;9970;12;9974;21;;;9962.0;0.0
yf_ZW=F_d2;49800;INTARIAN_PEPPER_ROOT;11036;10;11033;21;;;11047;8;11049;16;;;11041.5;0.0
yf_ZW=F_d2;49900;ASH_COATED_OSMIUM;9959;14;9956;19;;;9965;19;9969;27;;;9962.0;0.0
yf_ZW=F_d2;49900;INTARIAN_PEPPER_ROOT;11040;5;11037;27;;;11046;12;11049;17;;;11043.0;0.0
yf_ZW=F_d2;50000;ASH_COATED_OSMIUM;9956;9;9952;24;;;9969;18;9971;21;;;9962.5;0.0
yf_ZW=F_d2;50000;INTARIAN_PEPPER_ROOT;11032;20;11029;14;;;11056;25;11060;21;;;11044.0;0.0
yf_ZW=F_d2;50100;ASH_COATED_OSMIUM;9958;16;9956;19;;;9964;14;9966;12;;;9961.0;0.0
yf_ZW=F_d2;50100;INTARIAN_PEPPER_ROOT;11042;11;11040;13;;;11048;23;11050;14;;;11045.0;0.0
yf_ZW=F_d2;50200;ASH_COATED_OSMIUM;9959;21;9956;21;;;9965;15;9968;16;;;9962.0;0.0
yf_ZW=F_d2;50200;INTARIAN_PEPPER_ROOT;11043;16;11039;21;;;11049;7;11052;27;;;11046.0;0.0
yf_ZW=F_d2;50300;ASH_COATED_OSMIUM;9955;5;9951;17;;;9969;16;9973;21;;;9962.0;0.0
yf_ZW=F_d2;50300;INTARIAN_PEPPER_ROOT;11040;11;11038;22;;;11055;19;11058;25;;;11047.5;0.0
yf_ZW=F_d2;50400;ASH_COATED_OSMIUM;9959;19;9956;21;;;9965;8;9968;27;;;9962.0;0.0
yf_ZW=F_d2;50400;INTARIAN_PEPPER_ROOT;11046;19;11043;20;;;11052;21;11056;23;;;11049.0;0.0
yf_ZW=F_d2;50500;ASH_COATED_OSMIUM;9959;22;9956;21;;;9965;12;9967;22;;;9962.0;0.0
yf_ZW=F_d2;50500;INTARIAN_PEPPER_ROOT;11046;19;11044;15;;;11055;18;11057;22;;;11050.5;0.0
yf_ZW=F_d2;50600;ASH_COATED_OSMIUM;9958;14;9954;16;;;9964;22;9968;26;;;9961.0;0.0
yf_ZW=F_d2;50600;INTARIAN_PEPPER_ROOT;11049;14;11047;18;;;11055;16;11057;17;;;11052.0;0.0
yf_ZW=F_d2;50700;ASH_COATED_OSMIUM;9958;16;9955;21;;;9964;5;9967;28;;;9961.0;0.0
yf_ZW=F_d2;50700;INTARIAN_PEPPER_ROOT;11047;15;11045;14;;;11058;17;11061;21;;;11052.5;0.0
yf_ZW=F_d2;50800;ASH_COATED_OSMIUM;9958;13;9955;17;;;9964;9;9967;18;;;9961.0;0.0
yf_ZW=F_d2;50800;INTARIAN_PEPPER_ROOT;11051;19;11047;27;;;11057;14;11061;13;;;11054.0;0.0
yf_ZW=F_d2;50900;ASH_COATED_OSMIUM;9958;20;9956;16;;;9965;14;9967;12;;;9961.5;0.0
yf_ZW=F_d2;50900;INTARIAN_PEPPER_ROOT;11051;26;11048;16;;;11058;15;11062;16;;;11054.5;0.0
yf_ZW=F_d2;51000;ASH_COATED_OSMIUM;9958;20;9954;23;;;9964;17;9968;9;;;9961.0;0.0
yf_ZW=F_d2;51000;INTARIAN_PEPPER_ROOT;11051;16;11049;19;;;11057;15;11061;25;;;11054.0;0.0
yf_ZW=F_d2;51100;ASH_COATED_OSMIUM;9958;12;9955;28;;;9964;5;9967;22;;;9961.0;0.0
yf_ZW=F_d2;51100;INTARIAN_PEPPER_ROOT;11042;21;11039;25;;;11063;15;11065;17;;;11052.5;0.0
yf_ZW=F_d2;51200;ASH_COATED_OSMIUM;9957;21;9955;13;;;9965;28;9967;17;;;9961.0;0.0
yf_ZW=F_d2;51200;INTARIAN_PEPPER_ROOT;11050;16;11048;21;;;11056;14;11059;15;;;11053.0;0.0
yf_ZW=F_d2;51300;ASH_COATED_OSMIUM;9958;16;9956;27;;;9964;10;9967;16;;;9961.0;0.0
yf_ZW=F_d2;51300;INTARIAN_PEPPER_ROOT;11049;13;11045;19;;;11055;18;11058;18;;;11052.0;0.0
yf_ZW=F_d2;51400;ASH_COATED_OSMIUM;9955;22;9951;10;;;9968;21;9970;24;;;9961.5;0.0
yf_ZW=F_d2;51400;INTARIAN_PEPPER_ROOT;11048;17;11045;19;;;11054;8;11057;22;;;11051.0;0.0
yf_ZW=F_d2;51500;ASH_COATED_OSMIUM;9958;23;9956;20;;;9964;17;9968;20;;;9961.0;0.0
yf_ZW=F_d2;51500;INTARIAN_PEPPER_ROOT;11048;13;11044;14;;;11054;21;11056;16;;;11051.0;0.0
yf_ZW=F_d2;51600;ASH_COATED_OSMIUM;9958;13;9956;26;;;9964;11;9967;19;;;9961.0;0.0
yf_ZW=F_d2;51600;INTARIAN_PEPPER_ROOT;11047;16;11043;8;;;11053;12;11056;22;;;11050.0;0.0
yf_ZW=F_d2;51700;ASH_COATED_OSMIUM;9958;21;9954;24;;;9964;19;9967;13;;;9961.0;0.0
yf_ZW=F_d2;51700;INTARIAN_PEPPER_ROOT;11046;12;11043;15;;;11052;16;11056;12;;;11049.0;0.0
yf_ZW=F_d2;51800;ASH_COATED_OSMIUM;9958;17;9956;25;;;9964;15;9966;21;;;9961.0;0.0
yf_ZW=F_d2;51800;INTARIAN_PEPPER_ROOT;11047;7;11043;23;;;11053;14;11057;24;;;11050.0;0.0
yf_ZW=F_d2;51900;ASH_COATED_OSMIUM;9956;15;9952;16;;;9966;19;9969;16;;;9961.0;0.0
yf_ZW=F_d2;51900;INTARIAN_PEPPER_ROOT;11046;15;11042;17;;;11052;15;11056;18;;;11049.0;0.0
yf_ZW=F_d2;52000;ASH_COATED_OSMIUM;9958;11;9956;25;;;9964;8;9966;10;;;9961.0;0.0
yf_ZW=F_d2;52000;INTARIAN_PEPPER_ROOT;11041;18;11039;18;;;11053;20;11057;23;;;11047.0;0.0
yf_ZW=F_d2;52100;ASH_COATED_OSMIUM;9951;14;9948;23;;;9970;16;9973;14;;;9960.5;0.0
yf_ZW=F_d2;52100;INTARIAN_PEPPER_ROOT;11044;14;11040;16;;;11050;10;11053;15;;;11047.0;0.0
yf_ZW=F_d2;52200;ASH_COATED_OSMIUM;9958;12;9955;29;;;9964;19;9966;28;;;9961.0;0.0
yf_ZW=F_d2;52200;INTARIAN_PEPPER_ROOT;11041;11;11039;21;;;11052;17;11055;17;;;11046.5;0.0
yf_ZW=F_d2;52300;ASH_COATED_OSMIUM;9958;6;9956;19;;;9964;9;9966;14;;;9961.0;0.0
yf_ZW=F_d2;52300;INTARIAN_PEPPER_ROOT;11043;9;11041;22;;;11049;19;11053;20;;;11046.0;0.0
yf_ZW=F_d2;52400;ASH_COATED_OSMIUM;9958;7;9954;21;;;9964;17;9967;15;;;9961.0;0.0
yf_ZW=F_d2;52400;INTARIAN_PEPPER_ROOT;11042;12;11040;26;;;11048;17;11051;19;;;11045.0;0.0
yf_ZW=F_d2;52500;ASH_COATED_OSMIUM;9955;13;9952;14;;;9966;9;9969;16;;;9960.5;0.0
yf_ZW=F_d2;52500;INTARIAN_PEPPER_ROOT;11042;21;11040;17;;;11048;10;11051;17;;;11045.0;0.0
yf_ZW=F_d2;52600;ASH_COATED_OSMIUM;9957;22;9953;22;;;9963;26;9967;27;;;9960.0;0.0
yf_ZW=F_d2;52600;INTARIAN_PEPPER_ROOT;11038;23;11034;13;;;11050;20;11052;21;;;11044.0;0.0
yf_ZW=F_d2;52700;ASH_COATED_OSMIUM;9957;13;9954;15;;;9963;12;9967;27;;;9960.0;0.0
yf_ZW=F_d2;52700;INTARIAN_PEPPER_ROOT;11041;18;11038;26;;;11047;12;11049;17;;;11044.0;0.0
yf_ZW=F_d2;52800;ASH_COATED_OSMIUM;9955;20;9952;22;;;9966;22;9970;27;;;9960.5;0.0
yf_ZW=F_d2;52800;INTARIAN_PEPPER_ROOT;11040;22;11038;25;;;11046;9;11049;19;;;11043.0;0.0
yf_ZW=F_d2;52900;ASH_COATED_OSMIUM;9957;8;9954;22;;;9963;9;9965;16;;;9960.0;0.0
yf_ZW=F_d2;52900;INTARIAN_PEPPER_ROOT;11039;14;11035;20;;;11045;15;11049;14;;;11042.0;0.0
yf_ZW=F_d2;53000;ASH_COATED_OSMIUM;9958;9;9954;18;;;9964;8;9966;28;;;9961.0;0.0
yf_ZW=F_d2;53000;INTARIAN_PEPPER_ROOT;11030;5;11028;21;;;11053;18;11056;22;;;11041.5;0.0
yf_ZW=F_d2;53100;ASH_COATED_OSMIUM;9956;15;9953;20;;;9965;12;9968;18;;;9960.5;0.0
yf_ZW=F_d2;53100;INTARIAN_PEPPER_ROOT;11038;21;11034;30;;;11044;21;11047;20;;;11041.0;0.0
yf_ZW=F_d2;53200;ASH_COATED_OSMIUM;9957;18;9954;22;;;9963;8;9965;16;;;9960.0;0.0
yf_ZW=F_d2;53200;INTARIAN_PEPPER_ROOT;11038;17;11035;12;;;11044;11;11048;20;;;11041.0;0.0
yf_ZW=F_d2;53300;ASH_COATED_OSMIUM;9955;12;9952;23;;;9966;17;9968;16;;;9960.5;0.0
yf_ZW=F_d2;53300;INTARIAN_PEPPER_ROOT;11036;14;11033;24;;;11043;18;11045;22;;;11039.5;0.0
yf_ZW=F_d2;53400;ASH_COATED_OSMIUM;9957;14;9953;17;;;9963;21;9965;19;;;9960.0;0.0
yf_ZW=F_d2;53400;INTARIAN_PEPPER_ROOT;11030;14;11028;15;;;11049;19;11053;24;;;11039.5;0.0
yf_ZW=F_d2;53500;ASH_COATED_OSMIUM;9957;16;9955;14;;;9963;16;9967;22;;;9960.0;0.0
yf_ZW=F_d2;53500;INTARIAN_PEPPER_ROOT;11035;22;11033;11;;;11041;7;11045;19;;;11038.0;0.0
yf_ZW=F_d2;53600;ASH_COATED_OSMIUM;9958;22;9956;20;;;9964;25;9966;23;;;9961.0;0.0
yf_ZW=F_d2;53600;INTARIAN_PEPPER_ROOT;11035;8;11033;18;;;11041;15;11044;8;;;11038.0;0.0
yf_ZW=F_d2;53700;ASH_COATED_OSMIUM;9957;19;9953;17;;;9963;15;9965;17;;;9960.0;0.0
yf_ZW=F_d2;53700;INTARIAN_PEPPER_ROOT;11035;9;11032;18;;;11041;14;11045;15;;;11038.0;0.0
yf_ZW=F_d2;53800;ASH_COATED_OSMIUM;9956;7;9952;21;;;9964;17;9967;21;;;9960.0;0.0
yf_ZW=F_d2;53800;INTARIAN_PEPPER_ROOT;11034;9;11032;27;;;11040;16;11042;17;;;11037.0;0.0
yf_ZW=F_d2;53900;ASH_COATED_OSMIUM;9957;15;9954;13;;;9963;14;9965;12;;;9960.0;0.0
yf_ZW=F_d2;53900;INTARIAN_PEPPER_ROOT;11032;11;11028;15;;;11039;10;11041;27;;;11035.5;0.0
yf_ZW=F_d2;54000;ASH_COATED_OSMIUM;9956;13;9953;19;;;9962;12;9966;16;;;9959.0;0.0
yf_ZW=F_d2;54000;INTARIAN_PEPPER_ROOT;11031;16;11027;20;;;11041;26;11045;12;;;11036.0;0.0
yf_ZW=F_d2;54100;ASH_COATED_OSMIUM;9956;21;9952;20;;;9964;17;9967;12;;;9960.0;0.0
yf_ZW=F_d2;54100;INTARIAN_PEPPER_ROOT;11032;15;11030;15;;;11038;26;11040;16;;;11035.0;0.0
yf_ZW=F_d2;54200;ASH_COATED_OSMIUM;9954;17;9952;11;;;9964;15;9967;27;;;9959.0;0.0
yf_ZW=F_d2;54200;INTARIAN_PEPPER_ROOT;11031;17;11027;8;;;11037;11;11040;18;;;11034.0;0.0
yf_ZW=F_d2;54300;ASH_COATED_OSMIUM;9956;10;9953;19;;;9963;10;9965;17;;;9959.5;0.0
yf_ZW=F_d2;54300;INTARIAN_PEPPER_ROOT;11031;17;11028;22;;;11037;7;11040;22;;;11034.0;0.0
yf_ZW=F_d2;54400;ASH_COATED_OSMIUM;9956;13;9953;18;;;9962;18;9965;16;;;9959.0;0.0
yf_ZW=F_d2;54400;INTARIAN_PEPPER_ROOT;11031;15;11029;21;;;11037;11;11040;21;;;11034.0;0.0
yf_ZW=F_d2;54500;ASH_COATED_OSMIUM;9956;11;9952;18;;;9962;11;9966;21;;;9959.0;0.0
yf_ZW=F_d2;54500;INTARIAN_PEPPER_ROOT;11029;15;11025;14;;;11037;15;11041;22;;;11033.0;0.0
yf_ZW=F_d2;54600;ASH_COATED_OSMIUM;9954;21;9951;17;;;9965;13;9969;23;;;9959.5;0.0
yf_ZW=F_d2;54600;INTARIAN_PEPPER_ROOT;11027;16;11023;28;;;11037;16;11040;14;;;11032.0;0.0
yf_ZW=F_d2;54700;ASH_COATED_OSMIUM;9955;14;9953;14;;;9962;12;9964;25;;;9958.5;0.0
yf_ZW=F_d2;54700;INTARIAN_PEPPER_ROOT;11028;11;11024;9;;;11034;20;11038;14;;;11031.0;0.0
yf_ZW=F_d2;54800;ASH_COATED_OSMIUM;9944;19;9941;16;;;9975;18;9979;24;;;9959.5;0.0
yf_ZW=F_d2;54800;INTARIAN_PEPPER_ROOT;11017;13;11014;25;;;11043;8;11045;22;;;11030.0;0.0
yf_ZW=F_d2;54900;ASH_COATED_OSMIUM;9957;17;9955;17;;;9963;10;9965;22;;;9960.0;0.0
yf_ZW=F_d2;54900;INTARIAN_PEPPER_ROOT;11021;11;11018;14;;;11040;5;11042;15;;;11030.5;0.0
yf_ZW=F_d2;55000;ASH_COATED_OSMIUM;9951;18;9948;18;;;9967;18;9969;21;;;9959.0;0.0
yf_ZW=F_d2;55000;INTARIAN_PEPPER_ROOT;11021;19;11019;25;;;11041;14;11044;27;;;11031.0;0.0
yf_ZW=F_d2;55100;ASH_COATED_OSMIUM;9954;18;9950;21;;;9965;16;9968;23;;;9959.5;0.0
yf_ZW=F_d2;55100;INTARIAN_PEPPER_ROOT;11026;20;11023;20;;;11032;19;11034;11;;;11029.0;0.0
yf_ZW=F_d2;55200;ASH_COATED_OSMIUM;9956;12;9954;17;;;9962;15;9964;20;;;9959.0;0.0
yf_ZW=F_d2;55200;INTARIAN_PEPPER_ROOT;11025;20;11022;16;;;11031;18;11033;27;;;11028.0;0.0
yf_ZW=F_d2;55300;ASH_COATED_OSMIUM;9954;14;9950;16;;;9964;8;9967;17;;;9959.0;0.0
yf_ZW=F_d2;55300;INTARIAN_PEPPER_ROOT;11024;15;11020;13;;;11032;13;11034;14;;;11028.0;0.0
yf_ZW=F_d2;55400;ASH_COATED_OSMIUM;9956;15;9952;13;;;9962;22;9965;20;;;9959.0;0.0
yf_ZW=F_d2;55400;INTARIAN_PEPPER_ROOT;11017;17;11014;23;;;11036;20;11040;15;;;11026.5;0.0
yf_ZW=F_d2;55500;ASH_COATED_OSMIUM;9955;17;9951;25;;;9962;10;9964;35;;;9958.5;0.0
yf_ZW=F_d2;55500;INTARIAN_PEPPER_ROOT;11023;16;11021;21;;;11029;9;11032;17;;;11026.0;0.0
yf_ZW=F_d2;55600;ASH_COATED_OSMIUM;9953;5;9951;20;;;9963;18;9965;19;;;9958.0;0.0
yf_ZW=F_d2;55600;INTARIAN_PEPPER_ROOT;11017;19;11013;23;;;11034;21;11038;18;;;11025.5;0.0
yf_ZW=F_d2;55700;ASH_COATED_OSMIUM;9956;13;9952;15;;;9962;22;9965;25;;;9959.0;0.0
yf_ZW=F_d2;55700;INTARIAN_PEPPER_ROOT;11022;8;11019;21;;;11028;8;11032;27;;;11025.0;0.0
yf_ZW=F_d2;55800;ASH_COATED_OSMIUM;9955;14;9951;20;;;9961;21;9963;20;;;9958.0;0.0
yf_ZW=F_d2;55800;INTARIAN_PEPPER_ROOT;11021;15;11017;23;;;11029;15;11031;15;;;11025.0;0.0
yf_ZW=F_d2;55900;ASH_COATED_OSMIUM;9955;11;9953;13;;;9962;16;9966;22;;;9958.5;0.0
yf_ZW=F_d2;55900;INTARIAN_PEPPER_ROOT;11021;11;11019;24;;;11027;9;11029;20;;;11024.0;0.0
yf_ZW=F_d2;56000;ASH_COATED_OSMIUM;9955;17;9952;17;;;9961;26;9964;18;;;9958.0;0.0
yf_ZW=F_d2;56000;INTARIAN_PEPPER_ROOT;11020;15;11017;10;;;11026;18;11029;26;;;11023.0;0.0
yf_ZW=F_d2;56100;ASH_COATED_OSMIUM;9951;19;9947;20;;;9966;20;9970;21;;;9958.5;0.0
yf_ZW=F_d2;56100;INTARIAN_PEPPER_ROOT;11020;18;11016;15;;;11026;6;11030;23;;;11023.0;0.0
yf_ZW=F_d2;56200;ASH_COATED_OSMIUM;9956;14;9953;20;;;9962;26;9966;17;;;9959.0;0.0
yf_ZW=F_d2;56200;INTARIAN_PEPPER_ROOT;11019;14;11017;17;;;11025;12;11029;17;;;11022.0;0.0
yf_ZW=F_d2;56300;ASH_COATED_OSMIUM;9954;14;9950;25;;;9963;15;9965;22;;;9958.5;0.0
yf_ZW=F_d2;56300;INTARIAN_PEPPER_ROOT;11019;12;11015;24;;;11025;16;11029;24;;;11022.0;0.0
yf_ZW=F_d2;56400;ASH_COATED_OSMIUM;9955;7;9951;16;;;9961;9;9965;18;;;9958.0;0.0
yf_ZW=F_d2;56400;INTARIAN_PEPPER_ROOT;11016;16;11012;23;;;11025;14;11027;15;;;11020.5;0.0
yf_ZW=F_d2;56500;ASH_COATED_OSMIUM;9950;18;9946;14;;;9966;10;9969;18;;;9958.0;0.0
yf_ZW=F_d2;56500;INTARIAN_PEPPER_ROOT;11017;14;11013;30;;;11023;24;11025;25;;;11020.0;0.0
yf_ZW=F_d2;56600;ASH_COATED_OSMIUM;9955;20;9953;15;;;9961;19;9963;21;;;9958.0;0.0
yf_ZW=F_d2;56600;INTARIAN_PEPPER_ROOT;11016;5;11014;25;;;11022;5;11026;18;;;11019.0;0.0
yf_ZW=F_d2;56700;ASH_COATED_OSMIUM;9947;17;9945;21;;;9969;23;9972;15;;;9958.0;0.0
yf_ZW=F_d2;56700;INTARIAN_PEPPER_ROOT;11017;21;11014;20;;;11023;14;11025;20;;;11020.0;0.0
yf_ZW=F_d2;56800;ASH_COATED_OSMIUM;9954;7;9950;23;;;9962;8;9964;15;;;9958.0;0.0
yf_ZW=F_d2;56800;INTARIAN_PEPPER_ROOT;11015;19;11011;19;;;11021;11;11024;19;;;11018.0;0.0
yf_ZW=F_d2;56900;ASH_COATED_OSMIUM;9955;19;9953;20;;;9961;7;9965;13;;;9958.0;0.0
yf_ZW=F_d2;56900;INTARIAN_PEPPER_ROOT;11015;16;11011;24;;;11021;13;11024;20;;;11018.0;0.0
yf_ZW=F_d2;57000;ASH_COATED_OSMIUM;9955;24;9953;18;;;9961;16;9963;22;;;9958.0;0.0
yf_ZW=F_d2;57000;INTARIAN_PEPPER_ROOT;11010;7;11007;34;;;11025;11;11027;24;;;11017.5;0.0
yf_ZW=F_d2;57100;ASH_COATED_OSMIUM;9954;13;9950;17;;;9963;11;9966;17;;;9958.5;0.0
yf_ZW=F_d2;57100;INTARIAN_PEPPER_ROOT;11014;13;11010;16;;;11020;24;11024;15;;;11017.0;0.0
yf_ZW=F_d2;57200;ASH_COATED_OSMIUM;9955;9;9953;15;;;9962;12;9965;14;;;9958.5;0.0
yf_ZW=F_d2;57200;INTARIAN_PEPPER_ROOT;11013;10;11009;23;;;11019;23;11022;12;;;11016.0;0.0
yf_ZW=F_d2;57300;ASH_COATED_OSMIUM;9955;17;9952;21;;;9961;19;9963;27;;;9958.0;0.0
yf_ZW=F_d2;57300;INTARIAN_PEPPER_ROOT;11001;6;10997;15;;;11030;9;11034;19;;;11015.5;0.0
yf_ZW=F_d2;57400;ASH_COATED_OSMIUM;9955;21;9953;25;;;9961;16;9963;24;;;9958.0;0.0
yf_ZW=F_d2;57400;INTARIAN_PEPPER_ROOT;11008;22;11005;22;;;11022;25;11026;11;;;11015.0;0.0
yf_ZW=F_d2;57500;ASH_COATED_OSMIUM;9955;16;9952;25;;;9961;21;9965;14;;;9958.0;0.0
yf_ZW=F_d2;57500;INTARIAN_PEPPER_ROOT;10997;14;10994;19;;;11032;9;11036;17;;;11014.5;0.0
yf_ZW=F_d2;57600;ASH_COATED_OSMIUM;9952;8;9949;21;;;9963;16;9967;23;;;9957.5;0.0
yf_ZW=F_d2;57600;INTARIAN_PEPPER_ROOT;11008;12;11005;28;;;11020;12;11024;26;;;11014.0;0.0
yf_ZW=F_d2;57700;ASH_COATED_OSMIUM;9955;5;9951;14;;;9961;6;9963;19;;;9958.0;0.0
yf_ZW=F_d2;57700;INTARIAN_PEPPER_ROOT;11011;12;11009;20;;;11017;17;11020;16;;;11014.0;0.0
yf_ZW=F_d2;57800;ASH_COATED_OSMIUM;9953;17;9950;28;;;9961;11;9964;17;;;9957.0;0.0
yf_ZW=F_d2;57800;INTARIAN_PEPPER_ROOT;11010;16;11006;23;;;11016;23;11019;18;;;11013.0;0.0
yf_ZW=F_d2;57900;ASH_COATED_OSMIUM;9954;19;9951;15;;;9960;19;9962;12;;;9957.0;0.0
yf_ZW=F_d2;57900;INTARIAN_PEPPER_ROOT;11009;19;11006;20;;;11015;14;11018;22;;;11012.0;0.0
yf_ZW=F_d2;58000;ASH_COATED_OSMIUM;9950;14;9947;29;;;9965;18;9968;17;;;9957.5;0.0
yf_ZW=F_d2;58000;INTARIAN_PEPPER_ROOT;11008;20;11005;23;;;11015;14;11019;20;;;11011.5;0.0
yf_ZW=F_d2;58100;ASH_COATED_OSMIUM;9948;11;9946;17;;;9968;15;9970;9;;;9958.0;0.0
yf_ZW=F_d2;58100;INTARIAN_PEPPER_ROOT;11008;17;11006;17;;;11014;5;11018;23;;;11011.0;0.0
yf_ZW=F_d2;58200;ASH_COATED_OSMIUM;9954;5;9950;17;;;9960;10;9964;17;;;9957.0;0.0
yf_ZW=F_d2;58200;INTARIAN_PEPPER_ROOT;11008;17;11006;20;;;11014;8;11018;19;;;11011.0;0.0
yf_ZW=F_d2;58300;ASH_COATED_OSMIUM;9954;6;9951;14;;;9960;17;9962;25;;;9957.0;0.0
