day;timestamp;product;bid_price_1;bid_volume_1;bid_price_2;bid_volume_2;bid_price_3;bid_volume_3;ask_price_1;ask_volume_1;ask_price_2;ask_volume_2;ask_price_3;ask_volume_3;mid_price;profit_and_loss
yf_ZW=F_d6;0;ASH_COATED_OSMIUM;9904;16;9902;15;;;9914;12;9916;16;;;9909.0;0.0
yf_ZW=F_d6;0;INTARIAN_PEPPER_ROOT;10944;20;10942;13;;;10950;19;10952;10;;;10947.0;0.0
yf_ZW=F_d6;100;ASH_COATED_OSMIUM;9907;21;9905;11;;;9913;9;9917;18;;;9910.0;0.0
yf_ZW=F_d6;100;INTARIAN_PEPPER_ROOT;10940;12;10936;27;;;10946;19;10948;17;;;10943.0;0.0
yf_ZW=F_d6;200;ASH_COATED_OSMIUM;9906;6;9902;19;;;9912;18;9914;19;;;9909.0;0.0
yf_ZW=F_d6;200;INTARIAN_PEPPER_ROOT;10937;18;10935;26;;;10943;17;10947;19;;;10940.0;0.0
yf_ZW=F_d6;300;ASH_COATED_OSMIUM;9906;11;9903;23;;;9912;19;9916;20;;;9909.0;0.0
yf_ZW=F_d6;300;INTARIAN_PEPPER_ROOT;10933;11;10930;28;;;10939;5;10943;11;;;10936.0;0.0
yf_ZW=F_d6;400;ASH_COATED_OSMIUM;9906;13;9903;20;;;9912;13;9915;31;;;9909.0;0.0
yf_ZW=F_d6;400;INTARIAN_PEPPER_ROOT;10929;10;10927;24;;;10937;12;10941;29;;;10933.0;0.0
yf_ZW=F_d6;500;ASH_COATED_OSMIUM;9901;10;9898;19;;;9918;17;9921;22;;;9909.5;0.0
yf_ZW=F_d6;500;INTARIAN_PEPPER_ROOT;10927;21;10924;18;;;10933;6;10937;27;;;10930.0;0.0
yf_ZW=F_d6;600;ASH_COATED_OSMIUM;9904;13;9900;26;;;9915;17;9917;17;;;9909.5;0.0
yf_ZW=F_d6;600;INTARIAN_PEPPER_ROOT;10923;10;10920;31;;;10929;13;10932;24;;;10926.0;0.0
yf_ZW=F_d6;700;ASH_COATED_OSMIUM;9901;10;9899;8;;;9916;15;9918;10;;;9908.5;0.0
yf_ZW=F_d6;700;INTARIAN_PEPPER_ROOT;10917;16;10914;17;;;10928;13;10932;23;;;10922.5;0.0
yf_ZW=F_d6;800;ASH_COATED_OSMIUM;9905;13;9902;15;;;9913;13;9916;25;;;9909.0;0.0
yf_ZW=F_d6;800;INTARIAN_PEPPER_ROOT;10916;13;10914;25;;;10922;14;10924;17;;;10919.0;0.0
yf_ZW=F_d6;900;ASH_COATED_OSMIUM;9906;9;9903;19;;;9912;19;9916;19;;;9909.0;0.0
yf_ZW=F_d6;900;INTARIAN_PEPPER_ROOT;10913;19;10910;14;;;10919;19;10923;26;;;10916.0;0.0
yf_ZW=F_d6;1000;ASH_COATED_OSMIUM;9896;10;9893;18;;;9922;21;9926;16;;;9909.0;0.0
yf_ZW=F_d6;1000;INTARIAN_PEPPER_ROOT;10910;15;10907;20;;;10916;14;10919;18;;;10913.0;0.0
yf_ZW=F_d6;1100;ASH_COATED_OSMIUM;9906;9;9904;25;;;9912;21;9916;19;;;9909.0;0.0
yf_ZW=F_d6;1100;INTARIAN_PEPPER_ROOT;10897;18;10895;15;;;10921;16;10923;16;;;10909.0;0.0
yf_ZW=F_d6;1200;ASH_COATED_OSMIUM;9906;9;9902;23;;;9912;23;9915;23;;;9909.0;0.0
yf_ZW=F_d6;1200;INTARIAN_PEPPER_ROOT;10894;17;10891;21;;;10917;13;10919;25;;;10905.5;0.0
yf_ZW=F_d6;1300;ASH_COATED_OSMIUM;9906;19;9904;24;;;9912;24;9916;18;;;9909.0;0.0
yf_ZW=F_d6;1300;INTARIAN_PEPPER_ROOT;10900;10;10896;22;;;10906;14;10910;20;;;10903.0;0.0
yf_ZW=F_d6;1400;ASH_COATED_OSMIUM;9902;10;9898;12;;;9914;17;9916;13;;;9908.0;0.0
yf_ZW=F_d6;1400;INTARIAN_PEPPER_ROOT;10897;19;10894;20;;;10903;11;10907;14;;;10900.0;0.0
yf_ZW=F_d6;1500;ASH_COATED_OSMIUM;9906;9;9904;29;;;9912;11;9914;9;;;9909.0;0.0
yf_ZW=F_d6;1500;INTARIAN_PEPPER_ROOT;10893;11;10891;19;;;10899;14;10901;23;;;10896.0;0.0
yf_ZW=F_d6;1600;ASH_COATED_OSMIUM;9905;19;9902;11;;;9913;8;9916;20;;;9909.0;0.0
yf_ZW=F_d6;1600;INTARIAN_PEPPER_ROOT;10886;18;10884;19;;;10899;5;10901;13;;;10892.5;0.0
yf_ZW=F_d6;1700;ASH_COATED_OSMIUM;9905;15;9901;22;;;9911;11;9914;16;;;9908.0;0.0
yf_ZW=F_d6;1700;INTARIAN_PEPPER_ROOT;10886;9;10884;17;;;10892;15;10895;29;;;10889.0;0.0
yf_ZW=F_d6;1800;ASH_COATED_OSMIUM;9901;18;9898;24;;;9916;12;9918;8;;;9908.5;0.0
yf_ZW=F_d6;1800;INTARIAN_PEPPER_ROOT;10883;12;10881;23;;;10889;9;10892;18;;;10886.0;0.0
yf_ZW=F_d6;1900;ASH_COATED_OSMIUM;9895;14;9893;25;;;9921;14;9925;26;;;9908.0;0.0
yf_ZW=F_d6;1900;INTARIAN_PEPPER_ROOT;10873;7;10869;19;;;10891;12;10894;21;;;10882.0;0.0
yf_ZW=F_d6;2000;ASH_COATED_OSMIUM;9904;5;9901;23;;;9911;14;9913;12;;;9907.5;0.0
yf_ZW=F_d6;2000;INTARIAN_PEPPER_ROOT;10876;17;10874;14;;;10882;19;10886;21;;;10879.0;0.0
yf_ZW=F_d6;2100;ASH_COATED_OSMIUM;9905;10;9901;18;;;9911;9;9915;23;;;9908.0;0.0
yf_ZW=F_d6;2100;INTARIAN_PEPPER_ROOT;10873;8;10871;17;;;10879;14;10882;23;;;10876.0;0.0
yf_ZW=F_d6;2200;ASH_COATED_OSMIUM;9905;14;9902;25;;;9911;18;9913;19;;;9908.0;0.0
yf_ZW=F_d6;2200;INTARIAN_PEPPER_ROOT;10869;16;10866;29;;;10875;16;10877;22;;;10872.0;0.0
yf_ZW=F_d6;2300;ASH_COATED_OSMIUM;9905;5;9902;10;;;9911;11;9913;14;;;9908.0;0.0
yf_ZW=F_d6;2300;INTARIAN_PEPPER_ROOT;10866;15;10862;17;;;10872;11;10876;19;;;10869.0;0.0
yf_ZW=F_d6;2400;ASH_COATED_OSMIUM;9905;11;9901;11;;;9911;5;9914;20;;;9908.0;0.0
yf_ZW=F_d6;2400;INTARIAN_PEPPER_ROOT;10861;14;10857;10;;;10870;20;10874;22;;;10865.5;0.0
yf_ZW=F_d6;2500;ASH_COATED_OSMIUM;9906;13;9904;23;;;9912;5;9915;22;;;9909.0;0.0
yf_ZW=F_d6;2500;INTARIAN_PEPPER_ROOT;10859;18;10856;24;;;10865;14;10869;18;;;10862.0;0.0
yf_ZW=F_d6;2600;ASH_COATED_OSMIUM;9905;14;9902;23;;;9911;22;9914;11;;;9908.0;0.0
yf_ZW=F_d6;2600;INTARIAN_PEPPER_ROOT;10851;16;10848;22;;;10866;7;10870;16;;;10858.5;0.0
yf_ZW=F_d6;2700;ASH_COATED_OSMIUM;9901;19;9899;12;;;9914;14;9916;17;;;9907.5;0.0
yf_ZW=F_d6;2700;INTARIAN_PEPPER_ROOT;10851;21;10847;16;;;10860;15;10863;17;;;10855.5;0.0
yf_ZW=F_d6;2800;ASH_COATED_OSMIUM;9906;5;9903;16;;;9912;28;9915;20;;;9909.0;0.0
yf_ZW=F_d6;2800;INTARIAN_PEPPER_ROOT;10849;20;10847;13;;;10856;18;10858;15;;;10852.5;0.0
yf_ZW=F_d6;2900;ASH_COATED_OSMIUM;9903;22;9901;16;;;9913;14;9915;20;;;9908.0;0.0
yf_ZW=F_d6;2900;INTARIAN_PEPPER_ROOT;10845;13;10841;18;;;10851;14;10854;23;;;10848.0;0.0
yf_ZW=F_d6;3000;ASH_COATED_OSMIUM;9904;24;9900;16;;;9913;20;9917;20;;;9908.5;0.0
yf_ZW=F_d6;3000;INTARIAN_PEPPER_ROOT;10842;24;10838;13;;;10848;21;10850;19;;;10845.0;0.0
yf_ZW=F_d6;3100;ASH_COATED_OSMIUM;9904;15;9902;20;;;9912;11;9914;18;;;9908.0;0.0
yf_ZW=F_d6;3100;INTARIAN_PEPPER_ROOT;10839;21;10837;21;;;10845;20;10849;20;;;10842.0;0.0
yf_ZW=F_d6;3200;ASH_COATED_OSMIUM;9895;23;9891;22;;;9920;14;9922;16;;;9907.5;0.0
yf_ZW=F_d6;3200;INTARIAN_PEPPER_ROOT;10835;12;10832;21;;;10841;16;10845;19;;;10838.0;0.0
yf_ZW=F_d6;3300;ASH_COATED_OSMIUM;9905;18;9902;8;;;9911;19;9914;16;;;9908.0;0.0
yf_ZW=F_d6;3300;INTARIAN_PEPPER_ROOT;10832;11;10829;17;;;10838;6;10840;19;;;10835.0;0.0
yf_ZW=F_d6;3400;ASH_COATED_OSMIUM;9903;8;9899;23;;;9914;26;9917;27;;;9908.5;0.0
yf_ZW=F_d6;3400;INTARIAN_PEPPER_ROOT;10828;21;10825;13;;;10836;24;10839;22;;;10832.0;0.0
yf_ZW=F_d6;3500;ASH_COATED_OSMIUM;9904;18;9900;25;;;9910;15;9913;17;;;9907.0;0.0
yf_ZW=F_d6;3500;INTARIAN_PEPPER_ROOT;10820;13;10817;13;;;10836;19;10838;19;;;10828.0;0.0
yf_ZW=F_d6;3600;ASH_COATED_OSMIUM;9905;6;9901;10;;;9911;14;9915;23;;;9908.0;0.0
yf_ZW=F_d6;3600;INTARIAN_PEPPER_ROOT;10815;8;10812;21;;;10835;6;10838;18;;;10825.0;0.0
yf_ZW=F_d6;3700;ASH_COATED_OSMIUM;9905;14;9901;22;;;9911;12;9915;23;;;9908.0;0.0
yf_ZW=F_d6;3700;INTARIAN_PEPPER_ROOT;10812;5;10808;21;;;10830;12;10834;20;;;10821.0;0.0
yf_ZW=F_d6;3800;ASH_COATED_OSMIUM;9905;18;9903;16;;;9911;13;9913;15;;;9908.0;0.0
yf_ZW=F_d6;3800;INTARIAN_PEPPER_ROOT;10815;12;10812;22;;;10821;7;10825;19;;;10818.0;0.0
yf_ZW=F_d6;3900;ASH_COATED_OSMIUM;9904;15;9901;23;;;9910;20;9914;17;;;9907.0;0.0
yf_ZW=F_d6;3900;INTARIAN_PEPPER_ROOT;10803;15;10800;16;;;10828;14;10830;22;;;10815.5;0.0
yf_ZW=F_d6;4000;ASH_COATED_OSMIUM;9904;8;9901;14;;;9911;19;9913;16;;;9907.5;0.0
yf_ZW=F_d6;4000;INTARIAN_PEPPER_ROOT;10808;12;10806;17;;;10814;9;10816;25;;;10811.0;0.0
yf_ZW=F_d6;4100;ASH_COATED_OSMIUM;9905;11;9902;16;;;9911;16;9914;26;;;9908.0;0.0
yf_ZW=F_d6;4100;INTARIAN_PEPPER_ROOT;10805;23;10801;25;;;10811;20;10814;23;;;10808.0;0.0
yf_ZW=F_d6;4200;ASH_COATED_OSMIUM;9899;5;9897;14;;;9916;17;9919;22;;;9907.5;0.0
yf_ZW=F_d6;4200;INTARIAN_PEPPER_ROOT;10801;10;10799;16;;;10807;11;10809;11;;;10804.0;0.0
yf_ZW=F_d6;4300;ASH_COATED_OSMIUM;9904;9;9901;17;;;9910;20;9912;15;;;9907.0;0.0
yf_ZW=F_d6;4300;INTARIAN_PEPPER_ROOT;10785;13;10783;10;;;10818;20;10821;28;;;10801.5;0.0
yf_ZW=F_d6;4400;ASH_COATED_OSMIUM;9904;6;9902;15;;;9910;11;9912;22;;;9907.0;0.0
yf_ZW=F_d6;4400;INTARIAN_PEPPER_ROOT;10794;15;10790;25;;;10800;10;10803;13;;;10797.0;0.0
yf_ZW=F_d6;4500;ASH_COATED_OSMIUM;9901;10;9897;19;;;9912;22;9916;26;;;9906.5;0.0
yf_ZW=F_d6;4500;INTARIAN_PEPPER_ROOT;10791;13;10788;31;;;10797;15;10799;20;;;10794.0;0.0
yf_ZW=F_d6;4600;ASH_COATED_OSMIUM;9888;17;9884;14;;;9925;9;9928;23;;;9906.5;0.0
yf_ZW=F_d6;4600;INTARIAN_PEPPER_ROOT;10787;10;10783;18;;;10793;22;10796;15;;;10790.0;0.0
yf_ZW=F_d6;4700;ASH_COATED_OSMIUM;9901;16;9898;17;;;9914;15;9918;23;;;9907.5;0.0
yf_ZW=F_d6;4700;INTARIAN_PEPPER_ROOT;10784;10;10781;17;;;10790;19;10793;24;;;10787.0;0.0
yf_ZW=F_d6;4800;ASH_COATED_OSMIUM;9904;6;9901;19;;;9910;11;9912;8;;;9907.0;0.0
yf_ZW=F_d6;4800;INTARIAN_PEPPER_ROOT;10780;14;10776;19;;;10787;5;10789;26;;;10783.5;0.0
yf_ZW=F_d6;4900;ASH_COATED_OSMIUM;9898;24;9896;22;;;9915;6;9919;24;;;9906.5;0.0
yf_ZW=F_d6;4900;INTARIAN_PEPPER_ROOT;10777;14;10774;17;;;10783;17;10786;17;;;10780.0;0.0
yf_ZW=F_d6;5000;ASH_COATED_OSMIUM;9904;15;9900;27;;;9910;12;9913;18;;;9907.0;0.0
yf_ZW=F_d6;5000;INTARIAN_PEPPER_ROOT;10767;20;10765;20;;;10787;17;10791;21;;;10777.0;0.0
yf_ZW=F_d6;5100;ASH_COATED_OSMIUM;9901;20;9898;20;;;9913;23;9916;26;;;9907.0;0.0
yf_ZW=F_d6;5100;INTARIAN_PEPPER_ROOT;10770;8;10767;22;;;10778;7;10780;16;;;10774.0;0.0
yf_ZW=F_d6;5200;ASH_COATED_OSMIUM;9895;19;9892;30;;;9919;14;9923;31;;;9907.0;0.0
yf_ZW=F_d6;5200;INTARIAN_PEPPER_ROOT;10768;11;10766;21;;;10774;15;10778;23;;;10771.0;0.0
yf_ZW=F_d6;5300;ASH_COATED_OSMIUM;9904;5;9901;22;;;9910;16;9913;31;;;9907.0;0.0
yf_ZW=F_d6;5300;INTARIAN_PEPPER_ROOT;10763;13;10761;20;;;10772;16;10776;19;;;10767.5;0.0
yf_ZW=F_d6;5400;ASH_COATED_OSMIUM;9903;20;9899;22;;;9909;10;9913;24;;;9906.0;0.0
yf_ZW=F_d6;5400;INTARIAN_PEPPER_ROOT;10753;13;10749;21;;;10774;15;10777;22;;;10763.5;0.0
yf_ZW=F_d6;5500;ASH_COATED_OSMIUM;9901;13;9897;15;;;9911;16;9913;28;;;9906.0;0.0
yf_ZW=F_d6;5500;INTARIAN_PEPPER_ROOT;10757;6;10753;22;;;10763;19;10767;26;;;10760.0;0.0
yf_ZW=F_d6;5600;ASH_COATED_OSMIUM;9902;17;9899;28;;;9911;15;9915;29;;;9906.5;0.0
yf_ZW=F_d6;5600;INTARIAN_PEPPER_ROOT;10754;9;10750;14;;;10760;7;10762;19;;;10757.0;0.0
yf_ZW=F_d6;5700;ASH_COATED_OSMIUM;9902;16;9900;26;;;9910;9;9914;24;;;9906.0;0.0
yf_ZW=F_d6;5700;INTARIAN_PEPPER_ROOT;10745;13;10743;9;;;10762;16;10765;19;;;10753.5;0.0
yf_ZW=F_d6;5800;ASH_COATED_OSMIUM;9904;6;9900;22;;;9910;16;9914;16;;;9907.0;0.0
yf_ZW=F_d6;5800;INTARIAN_PEPPER_ROOT;10746;20;10743;24;;;10752;8;10755;19;;;10749.0;0.0
yf_ZW=F_d6;5900;ASH_COATED_OSMIUM;9904;13;9900;27;;;9910;14;9912;12;;;9907.0;0.0
yf_ZW=F_d6;5900;INTARIAN_PEPPER_ROOT;10741;17;10738;16;;;10753;16;10757;17;;;10747.0;0.0
yf_ZW=F_d6;6000;ASH_COATED_OSMIUM;9904;18;9900;23;;;9910;10;9914;27;;;9907.0;0.0
yf_ZW=F_d6;6000;INTARIAN_PEPPER_ROOT;10736;19;10732;26;;;10750;15;10754;15;;;10743.0;0.0
yf_ZW=F_d6;6100;ASH_COATED_OSMIUM;9903;11;9900;17;;;9909;10;9911;8;;;9906.0;0.0
yf_ZW=F_d6;6100;INTARIAN_PEPPER_ROOT;10737;8;10734;16;;;10743;6;10745;26;;;10740.0;0.0
yf_ZW=F_d6;6200;ASH_COATED_OSMIUM;9903;10;9901;17;;;9909;14;9911;20;;;9906.0;0.0
yf_ZW=F_d6;6200;INTARIAN_PEPPER_ROOT;10733;9;10731;15;;;10739;6;10741;31;;;10736.0;0.0
yf_ZW=F_d6;6300;ASH_COATED_OSMIUM;9903;11;9900;21;;;9909;20;9911;21;;;9906.0;0.0
yf_ZW=F_d6;6300;INTARIAN_PEPPER_ROOT;10728;12;10725;12;;;10739;10;10741;20;;;10733.5;0.0
yf_ZW=F_d6;6400;ASH_COATED_OSMIUM;9900;20;9897;10;;;9912;23;9915;18;;;9906.0;0.0
yf_ZW=F_d6;6400;INTARIAN_PEPPER_ROOT;10726;15;10723;20;;;10732;13;10735;24;;;10729.0;0.0
yf_ZW=F_d6;6500;ASH_COATED_OSMIUM;9903;12;9900;17;;;9909;18;9913;19;;;9906.0;0.0
yf_ZW=F_d6;6500;INTARIAN_PEPPER_ROOT;10721;18;10719;20;;;10731;20;10734;12;;;10726.0;0.0
yf_ZW=F_d6;6600;ASH_COATED_OSMIUM;9903;22;9900;19;;;9909;10;9913;13;;;9906.0;0.0
yf_ZW=F_d6;6600;INTARIAN_PEPPER_ROOT;10710;17;10708;18;;;10738;15;10742;18;;;10724.0;0.0
yf_ZW=F_d6;6700;ASH_COATED_OSMIUM;9903;21;9900;19;;;9909;20;9913;14;;;9906.0;0.0
yf_ZW=F_d6;6700;INTARIAN_PEPPER_ROOT;10717;18;10714;15;;;10723;26;10725;14;;;10720.0;0.0
yf_ZW=F_d6;6800;ASH_COATED_OSMIUM;9903;9;9900;18;;;9909;15;9913;11;;;9906.0;0.0
yf_ZW=F_d6;6800;INTARIAN_PEPPER_ROOT;10708;10;10706;25;;;10724;10;10728;15;;;10716.0;0.0
yf_ZW=F_d6;6900;ASH_COATED_OSMIUM;9903;10;9899;18;;;9909;15;9913;18;;;9906.0;0.0
yf_ZW=F_d6;6900;INTARIAN_PEPPER_ROOT;10710;19;10706;18;;;10716;16;10719;14;;;10713.0;0.0
yf_ZW=F_d6;7000;ASH_COATED_OSMIUM;9903;7;9901;25;;;9909;5;9911;13;;;9906.0;0.0
yf_ZW=F_d6;7000;INTARIAN_PEPPER_ROOT;10703;8;10699;18;;;10715;11;10719;20;;;10709.0;0.0
yf_ZW=F_d6;7100;ASH_COATED_OSMIUM;9903;12;9900;18;;;9909;20;9913;20;;;9906.0;0.0
yf_ZW=F_d6;7100;INTARIAN_PEPPER_ROOT;10703;21;10699;22;;;10709;20;10713;26;;;10706.0;0.0
yf_ZW=F_d6;7200;ASH_COATED_OSMIUM;9900;14;9897;20;;;9910;14;9913;17;;;9905.0;0.0
yf_ZW=F_d6;7200;INTARIAN_PEPPER_ROOT;10697;12;10694;20;;;10708;19;10712;20;;;10702.5;0.0
yf_ZW=F_d6;7300;ASH_COATED_OSMIUM;9902;19;9899;18;;;9910;15;9913;25;;;9906.0;0.0
yf_ZW=F_d6;7300;INTARIAN_PEPPER_ROOT;10697;13;10693;22;;;10703;10;10707;20;;;10700.0;0.0
yf_ZW=F_d6;7400;ASH_COATED_OSMIUM;9903;19;9900;18;;;9910;14;9913;13;;;9906.5;0.0
yf_ZW=F_d6;7400;INTARIAN_PEPPER_ROOT;10692;9;10689;21;;;10700;11;10704;28;;;10696.0;0.0
yf_ZW=F_d6;7500;ASH_COATED_OSMIUM;9903;11;9900;19;;;9909;13;9912;16;;;9906.0;0.0
yf_ZW=F_d6;7500;INTARIAN_PEPPER_ROOT;10689;30;10686;26;;;10695;25;10699;19;;;10692.0;0.0
yf_ZW=F_d6;7600;ASH_COATED_OSMIUM;9900;14;9896;18;;;9912;20;9916;15;;;9906.0;0.0
yf_ZW=F_d6;7600;INTARIAN_PEPPER_ROOT;10684;19;10681;22;;;10694;6;10697;26;;;10689.0;0.0
yf_ZW=F_d6;7700;ASH_COATED_OSMIUM;9901;15;9897;25;;;9910;19;9913;29;;;9905.5;0.0
yf_ZW=F_d6;7700;INTARIAN_PEPPER_ROOT;10681;16;10677;20;;;10690;13;10692;34;;;10685.5;0.0
yf_ZW=F_d6;7800;ASH_COATED_OSMIUM;9902;11;9899;23;;;9908;14;9911;22;;;9905.0;0.0
yf_ZW=F_d6;7800;INTARIAN_PEPPER_ROOT;10680;16;10678;16;;;10686;16;10688;27;;;10683.0;0.0
yf_ZW=F_d6;7900;ASH_COATED_OSMIUM;9899;23;9897;15;;;9911;14;9914;24;;;9905.0;0.0
yf_ZW=F_d6;7900;INTARIAN_PEPPER_ROOT;10672;20;10669;15;;;10685;23;10687;26;;;10678.5;0.0
yf_ZW=F_d6;8000;ASH_COATED_OSMIUM;9902;7;9899;15;;;9908;10;9911;31;;;9905.0;0.0
yf_ZW=F_d6;8000;INTARIAN_PEPPER_ROOT;10673;7;10670;18;;;10679;18;10681;15;;;10676.0;0.0
yf_ZW=F_d6;8100;ASH_COATED_OSMIUM;9903;15;9899;21;;;9909;9;9911;18;;;9906.0;0.0
yf_ZW=F_d6;8100;INTARIAN_PEPPER_ROOT;10670;23;10668;27;;;10676;14;10678;16;;;10673.0;0.0
yf_ZW=F_d6;8200;ASH_COATED_OSMIUM;9900;15;9896;23;;;9912;25;9916;27;;;9906.0;0.0
yf_ZW=F_d6;8200;INTARIAN_PEPPER_ROOT;10664;21;10661;16;;;10675;19;10679;19;;;10669.5;0.0
yf_ZW=F_d6;8300;ASH_COATED_OSMIUM;9902;19;9899;20;;;9908;17;9911;21;;;9905.0;0.0
yf_ZW=F_d6;8300;INTARIAN_PEPPER_ROOT;10656;9;10654;23;;;10676;18;10680;14;;;10666.0;0.0
yf_ZW=F_d6;8400;ASH_COATED_OSMIUM;9892;15;9889;24;;;9919;14;9921;18;;;9905.5;0.0
yf_ZW=F_d6;8400;INTARIAN_PEPPER_ROOT;10659;21;10657;24;;;10665;18;10668;26;;;10662.0;0.0
yf_ZW=F_d6;8500;ASH_COATED_OSMIUM;9891;11;9888;15;;;9919;24;9922;19;;;9905.0;0.0
yf_ZW=F_d6;8500;INTARIAN_PEPPER_ROOT;10653;21;10650;19;;;10664;13;10668;22;;;10658.5;0.0
yf_ZW=F_d6;8600;ASH_COATED_OSMIUM;9903;12;9901;11;;;9909;14;9911;19;;;9906.0;0.0
yf_ZW=F_d6;8600;INTARIAN_PEPPER_ROOT;10645;12;10641;25;;;10666;5;10668;20;;;10655.5;0.0
yf_ZW=F_d6;8700;ASH_COATED_OSMIUM;9902;10;9899;23;;;9908;18;9911;19;;;9905.0;0.0
yf_ZW=F_d6;8700;INTARIAN_PEPPER_ROOT;10645;15;10643;13;;;10659;16;10661;9;;;10652.0;0.0
yf_ZW=F_d6;8800;ASH_COATED_OSMIUM;9902;9;9898;24;;;9908;15;9910;14;;;9905.0;0.0
yf_ZW=F_d6;8800;INTARIAN_PEPPER_ROOT;10645;7;10643;18;;;10651;25;10654;29;;;10648.0;0.0
yf_ZW=F_d6;8900;ASH_COATED_OSMIUM;9900;19;9898;29;;;9909;7;9911;21;;;9904.5;0.0
yf_ZW=F_d6;8900;INTARIAN_PEPPER_ROOT;10640;20;10638;14;;;10650;19;10653;14;;;10645.0;0.0
yf_ZW=F_d6;9000;ASH_COATED_OSMIUM;9900;11;9898;17;;;9909;20;9911;12;;;9904.5;0.0
yf_ZW=F_d6;9000;INTARIAN_PEPPER_ROOT;10636;10;10634;17;;;10647;16;10649;25;;;10641.5;0.0
yf_ZW=F_d6;9100;ASH_COATED_OSMIUM;9901;15;9899;20;;;9907;21;9909;16;;;9904.0;0.0
yf_ZW=F_d6;9100;INTARIAN_PEPPER_ROOT;10629;22;10625;32;;;10647;14;10650;11;;;10638.0;0.0
yf_ZW=F_d6;9200;ASH_COATED_OSMIUM;9900;13;9898;24;;;9910;14;9913;17;;;9905.0;0.0
yf_ZW=F_d6;9200;INTARIAN_PEPPER_ROOT;10625;12;10621;19;;;10645;20;10649;17;;;10635.0;0.0
yf_ZW=F_d6;9300;ASH_COATED_OSMIUM;9902;8;9899;35;;;9908;20;9912;17;;;9905.0;0.0
yf_ZW=F_d6;9300;INTARIAN_PEPPER_ROOT;10628;15;10625;22;;;10634;7;10637;23;;;10631.0;0.0
yf_ZW=F_d6;9400;ASH_COATED_OSMIUM;9902;11;9898;20;;;9908;14;9912;17;;;9905.0;0.0
yf_ZW=F_d6;9400;INTARIAN_PEPPER_ROOT;10617;23;10614;19;;;10640;23;10643;20;;;10628.5;0.0
yf_ZW=F_d6;9500;ASH_COATED_OSMIUM;9896;11;9892;27;;;9913;11;9916;23;;;9904.5;0.0
yf_ZW=F_d6;9500;INTARIAN_PEPPER_ROOT;10622;16;10619;24;;;10628;22;10630;18;;;10625.0;0.0
yf_ZW=F_d6;9600;ASH_COATED_OSMIUM;9892;19;9888;17;;;9916;13;9919;24;;;9904.0;0.0
yf_ZW=F_d6;9600;INTARIAN_PEPPER_ROOT;10618;6;10615;27;;;10624;25;10628;12;;;10621.0;0.0
yf_ZW=F_d6;9700;ASH_COATED_OSMIUM;9902;16;9898;15;;;9908;10;9911;24;;;9905.0;0.0
yf_ZW=F_d6;9700;INTARIAN_PEPPER_ROOT;10615;18;10613;14;;;10621;6;10624;28;;;10618.0;0.0
yf_ZW=F_d6;9800;ASH_COATED_OSMIUM;9902;8;9898;14;;;9908;24;9912;22;;;9905.0;0.0
yf_ZW=F_d6;9800;INTARIAN_PEPPER_ROOT;10611;23;10609;18;;;10617;11;10619;19;;;10614.0;0.0
yf_ZW=F_d6;9900;ASH_COATED_OSMIUM;9901;21;9898;29;;;9908;14;9911;18;;;9904.5;0.0
yf_ZW=F_d6;9900;INTARIAN_PEPPER_ROOT;10608;8;10605;25;;;10614;14;10616;19;;;10611.0;0.0
yf_ZW=F_d6;10000;ASH_COATED_OSMIUM;9900;11;9897;27;;;9909;17;9911;25;;;9904.5;0.0
yf_ZW=F_d6;10000;INTARIAN_PEPPER_ROOT;10604;17;10602;15;;;10610;8;10612;11;;;10607.0;0.0
yf_ZW=F_d6;10100;ASH_COATED_OSMIUM;9901;24;9899;22;;;9907;26;9911;20;;;9904.0;0.0
yf_ZW=F_d6;10100;INTARIAN_PEPPER_ROOT;10597;19;10595;22;;;10611;22;10614;17;;;10604.0;0.0
yf_ZW=F_d6;10200;ASH_COATED_OSMIUM;9901;15;9897;28;;;9908;17;9910;18;;;9904.5;0.0
yf_ZW=F_d6;10200;INTARIAN_PEPPER_ROOT;10598;15;10595;23;;;10604;25;10607;24;;;10601.0;0.0
yf_ZW=F_d6;10300;ASH_COATED_OSMIUM;9901;8;9898;29;;;9907;12;9911;27;;;9904.0;0.0
yf_ZW=F_d6;10300;INTARIAN_PEPPER_ROOT;10594;18;10591;28;;;10601;11;10604;20;;;10597.5;0.0
yf_ZW=F_d6;10400;ASH_COATED_OSMIUM;9899;16;9897;19;;;9908;10;9912;12;;;9903.5;0.0
yf_ZW=F_d6;10400;INTARIAN_PEPPER_ROOT;10592;15;10589;19;;;10598;14;10601;20;;;10595.0;0.0
yf_ZW=F_d6;10500;ASH_COATED_OSMIUM;9901;20;9897;17;;;9907;17;9910;22;;;9904.0;0.0
yf_ZW=F_d6;10500;INTARIAN_PEPPER_ROOT;10588;16;10584;18;;;10594;18;10598;23;;;10591.0;0.0
yf_ZW=F_d6;10600;ASH_COATED_OSMIUM;9896;17;9892;14;;;9911;8;9914;9;;;9903.5;0.0
yf_ZW=F_d6;10600;INTARIAN_PEPPER_ROOT;10585;11;10581;21;;;10591;14;10594;8;;;10588.0;0.0
yf_ZW=F_d6;10700;ASH_COATED_OSMIUM;9901;17;9899;14;;;9907;20;9909;13;;;9904.0;0.0
yf_ZW=F_d6;10700;INTARIAN_PEPPER_ROOT;10579;14;10575;20;;;10589;15;10592;13;;;10584.0;0.0
yf_ZW=F_d6;10800;ASH_COATED_OSMIUM;9901;21;9897;15;;;9907;13;9911;12;;;9904.0;0.0
yf_ZW=F_d6;10800;INTARIAN_PEPPER_ROOT;10578;20;10576;8;;;10584;12;10587;20;;;10581.0;0.0
yf_ZW=F_d6;10900;ASH_COATED_OSMIUM;9901;5;9897;17;;;9907;17;9910;23;;;9904.0;0.0
yf_ZW=F_d6;10900;INTARIAN_PEPPER_ROOT;10574;23;10570;16;;;10580;11;10582;25;;;10577.0;0.0
yf_ZW=F_d6;11000;ASH_COATED_OSMIUM;9899;5;9896;24;;;9909;12;9911;24;;;9904.0;0.0
yf_ZW=F_d6;11000;INTARIAN_PEPPER_ROOT;10565;18;10563;12;;;10583;6;10586;19;;;10574.0;0.0
yf_ZW=F_d6;11100;ASH_COATED_OSMIUM;9901;9;9898;21;;;9907;12;9910;12;;;9904.0;0.0
yf_ZW=F_d6;11100;INTARIAN_PEPPER_ROOT;10567;15;10564;17;;;10573;12;10575;9;;;10570.0;0.0
yf_ZW=F_d6;11200;ASH_COATED_OSMIUM;9898;14;9894;16;;;9909;18;9913;24;;;9903.5;0.0
yf_ZW=F_d6;11200;INTARIAN_PEPPER_ROOT;10565;8;10561;20;;;10571;20;10575;13;;;10568.0;0.0
yf_ZW=F_d6;11300;ASH_COATED_OSMIUM;9900;15;9897;16;;;9907;17;9909;8;;;9903.5;0.0
yf_ZW=F_d6;11300;INTARIAN_PEPPER_ROOT;10560;15;10557;18;;;10568;17;10570;23;;;10564.0;0.0
yf_ZW=F_d6;11400;ASH_COATED_OSMIUM;9901;11;9898;26;;;9907;14;9909;20;;;9904.0;0.0
yf_ZW=F_d6;11400;INTARIAN_PEPPER_ROOT;10557;14;10553;18;;;10563;17;10566;23;;;10560.0;0.0
yf_ZW=F_d6;11500;ASH_COATED_OSMIUM;9900;12;9898;16;;;9906;11;9908;23;;;9903.0;0.0
yf_ZW=F_d6;11500;INTARIAN_PEPPER_ROOT;10554;8;10550;23;;;10560;16;10562;17;;;10557.0;0.0
yf_ZW=F_d6;11600;ASH_COATED_OSMIUM;9895;16;9891;16;;;9913;13;9917;18;;;9904.0;0.0
yf_ZW=F_d6;11600;INTARIAN_PEPPER_ROOT;10551;11;10547;19;;;10557;13;10559;18;;;10554.0;0.0
yf_ZW=F_d6;11700;ASH_COATED_OSMIUM;9900;13;9896;26;;;9906;13;9910;18;;;9903.0;0.0
yf_ZW=F_d6;11700;INTARIAN_PEPPER_ROOT;10541;15;10538;26;;;10559;17;10562;12;;;10550.0;0.0
yf_ZW=F_d6;11800;ASH_COATED_OSMIUM;9900;26;9896;9;;;9906;16;9908;23;;;9903.0;0.0
yf_ZW=F_d6;11800;INTARIAN_PEPPER_ROOT;10544;6;10541;21;;;10550;14;10552;14;;;10547.0;0.0
yf_ZW=F_d6;11900;ASH_COATED_OSMIUM;9901;10;9898;16;;;9907;13;9911;28;;;9904.0;0.0
yf_ZW=F_d6;11900;INTARIAN_PEPPER_ROOT;10540;17;10537;25;;;10546;13;10548;19;;;10543.0;0.0
yf_ZW=F_d6;12000;ASH_COATED_OSMIUM;9901;21;9897;15;;;9907;20;9910;15;;;9904.0;0.0
yf_ZW=F_d6;12000;INTARIAN_PEPPER_ROOT;10537;22;10533;21;;;10543;16;10546;17;;;10540.0;0.0
yf_ZW=F_d6;12100;ASH_COATED_OSMIUM;9901;18;9899;16;;;9907;9;9911;11;;;9904.0;0.0
yf_ZW=F_d6;12100;INTARIAN_PEPPER_ROOT;10533;5;10529;21;;;10539;12;10543;19;;;10536.0;0.0
yf_ZW=F_d6;12200;ASH_COATED_OSMIUM;9899;15;9896;21;;;9907;12;9911;22;;;9903.0;0.0
yf_ZW=F_d6;12200;INTARIAN_PEPPER_ROOT;10530;8;10526;19;;;10536;20;10540;31;;;10533.0;0.0
yf_ZW=F_d6;12300;ASH_COATED_OSMIUM;9900;13;9897;18;;;9906;10;9909;21;;;9903.0;0.0
yf_ZW=F_d6;12300;INTARIAN_PEPPER_ROOT;10527;16;10525;27;;;10534;17;10538;28;;;10530.5;0.0
yf_ZW=F_d6;12400;ASH_COATED_OSMIUM;9899;20;9897;20;;;9905;10;9908;19;;;9902.0;0.0
yf_ZW=F_d6;12400;INTARIAN_PEPPER_ROOT;10524;19;10520;26;;;10530;12;10533;18;;;10527.0;0.0
yf_ZW=F_d6;12500;ASH_COATED_OSMIUM;9900;14;9897;18;;;9907;18;9910;15;;;9903.5;0.0
yf_ZW=F_d6;12500;INTARIAN_PEPPER_ROOT;10520;28;10517;30;;;10526;6;10528;21;;;10523.0;0.0
yf_ZW=F_d6;12600;ASH_COATED_OSMIUM;9900;27;9896;17;;;9906;5;9910;21;;;9903.0;0.0
yf_ZW=F_d6;12600;INTARIAN_PEPPER_ROOT;10516;24;10513;16;;;10522;20;10524;16;;;10519.0;0.0
yf_ZW=F_d6;12700;ASH_COATED_OSMIUM;9900;11;9897;16;;;9906;16;9910;16;;;9903.0;0.0
yf_ZW=F_d6;12700;INTARIAN_PEPPER_ROOT;10514;22;10511;15;;;10520;23;10523;17;;;10517.0;0.0
yf_ZW=F_d6;12800;ASH_COATED_OSMIUM;9893;18;9891;25;;;9913;11;9917;26;;;9903.0;0.0
yf_ZW=F_d6;12800;INTARIAN_PEPPER_ROOT;10510;14;10508;24;;;10516;5;10519;14;;;10513.0;0.0
yf_ZW=F_d6;12900;ASH_COATED_OSMIUM;9896;16;9893;20;;;9911;25;9915;21;;;9903.5;0.0
yf_ZW=F_d6;12900;INTARIAN_PEPPER_ROOT;10506;14;10502;27;;;10512;18;10514;24;;;10509.0;0.0
yf_ZW=F_d6;13000;ASH_COATED_OSMIUM;9900;6;9896;23;;;9906;6;9909;22;;;9903.0;0.0
yf_ZW=F_d6;13000;INTARIAN_PEPPER_ROOT;10503;8;10499;17;;;10509;14;10511;22;;;10506.0;0.0
yf_ZW=F_d6;13100;ASH_COATED_OSMIUM;9889;18;9887;11;;;9917;6;9920;25;;;9903.0;0.0
yf_ZW=F_d6;13100;INTARIAN_PEPPER_ROOT;10498;17;10494;24;;;10507;20;10511;18;;;10502.5;0.0
yf_ZW=F_d6;13200;ASH_COATED_OSMIUM;9897;11;9893;20;;;9907;20;9911;18;;;9902.0;0.0
yf_ZW=F_d6;13200;INTARIAN_PEPPER_ROOT;10496;20;10494;23;;;10502;24;10505;26;;;10499.0;0.0
yf_ZW=F_d6;13300;ASH_COATED_OSMIUM;9900;9;9897;25;;;9907;7;9910;20;;;9903.5;0.0
yf_ZW=F_d6;13300;INTARIAN_PEPPER_ROOT;10492;11;10490;15;;;10499;11;10501;22;;;10495.5;0.0
yf_ZW=F_d6;13400;ASH_COATED_OSMIUM;9896;12;9893;24;;;9910;13;9914;15;;;9903.0;0.0
yf_ZW=F_d6;13400;INTARIAN_PEPPER_ROOT;10490;9;10486;19;;;10496;14;10498;18;;;10493.0;0.0
yf_ZW=F_d6;13500;ASH_COATED_OSMIUM;9900;18;9896;22;;;9906;5;9908;20;;;9903.0;0.0
yf_ZW=F_d6;13500;INTARIAN_PEPPER_ROOT;10486;13;10482;22;;;10492;20;10494;17;;;10489.0;0.0
yf_ZW=F_d6;13600;ASH_COATED_OSMIUM;9900;24;9897;24;;;9906;10;9910;18;;;9903.0;0.0
yf_ZW=F_d6;13600;INTARIAN_PEPPER_ROOT;10481;8;10478;18;;;10492;12;10494;14;;;10486.5;0.0
yf_ZW=F_d6;13700;ASH_COATED_OSMIUM;9899;16;9895;22;;;9905;15;9908;23;;;9902.0;0.0
yf_ZW=F_d6;13700;INTARIAN_PEPPER_ROOT;10479;11;10475;17;;;10485;9;10489;16;;;10482.0;0.0
yf_ZW=F_d6;13800;ASH_COATED_OSMIUM;9899;22;9895;15;;;9905;13;9908;19;;;9902.0;0.0
yf_ZW=F_d6;13800;INTARIAN_PEPPER_ROOT;10474;15;10471;15;;;10484;16;10486;22;;;10479.0;0.0
yf_ZW=F_d6;13900;ASH_COATED_OSMIUM;9883;19;9881;19;;;9922;13;9924;15;;;9902.5;0.0
yf_ZW=F_d6;13900;INTARIAN_PEPPER_ROOT;10470;18;10466;19;;;10480;9;10483;17;;;10475.0;0.0
yf_ZW=F_d6;14000;ASH_COATED_OSMIUM;9890;13;9887;21;;;9915;22;9917;18;;;9902.5;0.0
yf_ZW=F_d6;14000;INTARIAN_PEPPER_ROOT;10470;18;10467;14;;;10476;14;10480;20;;;10473.0;0.0
yf_ZW=F_d6;14100;ASH_COATED_OSMIUM;9899;19;9895;17;;;9905;14;9908;20;;;9902.0;0.0
yf_ZW=F_d6;14100;INTARIAN_PEPPER_ROOT;10463;8;10460;19;;;10475;12;10478;22;;;10469.0;0.0
yf_ZW=F_d6;14200;ASH_COATED_OSMIUM;9898;14;9896;22;;;9906;18;9909;28;;;9902.0;0.0
yf_ZW=F_d6;14200;INTARIAN_PEPPER_ROOT;10462;19;10458;24;;;10468;19;10471;20;;;10465.0;0.0
yf_ZW=F_d6;14300;ASH_COATED_OSMIUM;9899;17;9895;17;;;9905;17;9909;16;;;9902.0;0.0
yf_ZW=F_d6;14300;INTARIAN_PEPPER_ROOT;10459;21;10457;10;;;10465;13;10468;24;;;10462.0;0.0
yf_ZW=F_d6;14400;ASH_COATED_OSMIUM;9895;8;9891;18;;;9910;6;9913;14;;;9902.5;0.0
yf_ZW=F_d6;14400;INTARIAN_PEPPER_ROOT;10456;20;10452;13;;;10462;14;10465;18;;;10459.0;0.0
yf_ZW=F_d6;14500;ASH_COATED_OSMIUM;9898;16;9894;25;;;9907;25;9909;22;;;9902.5;0.0
yf_ZW=F_d6;14500;INTARIAN_PEPPER_ROOT;10453;19;10451;15;;;10459;11;10463;12;;;10456.0;0.0
yf_ZW=F_d6;14600;ASH_COATED_OSMIUM;9898;13;9896;19;;;9904;17;9906;25;;;9901.0;0.0
yf_ZW=F_d6;14600;INTARIAN_PEPPER_ROOT;10449;26;10447;23;;;10455;11;10459;24;;;10452.0;0.0
yf_ZW=F_d6;14700;ASH_COATED_OSMIUM;9898;10;9896;27;;;9907;15;9911;22;;;9902.5;0.0
yf_ZW=F_d6;14700;INTARIAN_PEPPER_ROOT;10445;17;10442;22;;;10451;9;10454;18;;;10448.0;0.0
yf_ZW=F_d6;14800;ASH_COATED_OSMIUM;9899;17;9895;14;;;9905;5;9909;14;;;9902.0;0.0
yf_ZW=F_d6;14800;INTARIAN_PEPPER_ROOT;10442;17;10438;19;;;10448;14;10450;23;;;10445.0;0.0
yf_ZW=F_d6;14900;ASH_COATED_OSMIUM;9899;18;9896;21;;;9905;15;9908;10;;;9902.0;0.0
yf_ZW=F_d6;14900;INTARIAN_PEPPER_ROOT;10439;13;10435;28;;;10445;13;10448;21;;;10442.0;0.0
yf_ZW=F_d6;15000;ASH_COATED_OSMIUM;9898;12;9895;15;;;9904;5;9906;21;;;9901.0;0.0
yf_ZW=F_d6;15000;INTARIAN_PEPPER_ROOT;10435;8;10432;19;;;10441;20;10443;25;;;10438.0;0.0
yf_ZW=F_d6;15100;ASH_COATED_OSMIUM;9896;12;9894;20;;;9907;16;9910;15;;;9901.5;0.0
yf_ZW=F_d6;15100;INTARIAN_PEPPER_ROOT;10427;17;10423;14;;;10442;11;10444;21;;;10434.5;0.0
yf_ZW=F_d6;15200;ASH_COATED_OSMIUM;9896;16;9894;19;;;9907;7;9911;27;;;9901.5;0.0
yf_ZW=F_d6;15200;INTARIAN_PEPPER_ROOT;10426;5;10422;17;;;10437;17;10441;15;;;10431.5;0.0
yf_ZW=F_d6;15300;ASH_COATED_OSMIUM;9892;14;9890;18;;;9910;14;9913;11;;;9901.0;0.0
yf_ZW=F_d6;15300;INTARIAN_PEPPER_ROOT;10425;20;10423;15;;;10431;20;10433;20;;;10428.0;0.0
yf_ZW=F_d6;15400;ASH_COATED_OSMIUM;9899;14;9896;21;;;9905;18;9908;15;;;9902.0;0.0
yf_ZW=F_d6;15400;INTARIAN_PEPPER_ROOT;10421;14;10419;11;;;10427;19;10429;26;;;10424.0;0.0
yf_ZW=F_d6;15500;ASH_COATED_OSMIUM;9898;18;9895;14;;;9904;20;9906;14;;;9901.0;0.0
yf_ZW=F_d6;15500;INTARIAN_PEPPER_ROOT;10419;16;10415;14;;;10425;18;10429;15;;;10422.0;0.0
yf_ZW=F_d6;15600;ASH_COATED_OSMIUM;9899;7;9896;16;;;9905;7;9909;26;;;9902.0;0.0
yf_ZW=F_d6;15600;INTARIAN_PEPPER_ROOT;10414;16;10412;12;;;10422;18;10424;22;;;10418.0;0.0
yf_ZW=F_d6;15700;ASH_COATED_OSMIUM;9898;15;9896;16;;;9904;14;9907;18;;;9901.0;0.0
yf_ZW=F_d6;15700;INTARIAN_PEPPER_ROOT;10408;19;10405;21;;;10422;13;10425;22;;;10415.0;0.0
yf_ZW=F_d6;15800;ASH_COATED_OSMIUM;9899;8;9896;27;;;9905;10;9907;20;;;9902.0;0.0
yf_ZW=F_d6;15800;INTARIAN_PEPPER_ROOT;10406;14;10403;23;;;10418;18;10422;21;;;10412.0;0.0
yf_ZW=F_d6;15900;ASH_COATED_OSMIUM;9898;17;9894;21;;;9904;27;9906;24;;;9901.0;0.0
yf_ZW=F_d6;15900;INTARIAN_PEPPER_ROOT;10405;11;10401;21;;;10411;19;10415;14;;;10408.0;0.0
yf_ZW=F_d6;16000;ASH_COATED_OSMIUM;9899;16;9897;27;;;9905;16;9909;11;;;9902.0;0.0
yf_ZW=F_d6;16000;INTARIAN_PEPPER_ROOT;10401;20;10398;18;;;10408;17;10410;18;;;10404.5;0.0
yf_ZW=F_d6;16100;ASH_COATED_OSMIUM;9898;17;9894;24;;;9904;15;9906;21;;;9901.0;0.0
yf_ZW=F_d6;16100;INTARIAN_PEPPER_ROOT;10398;13;10395;15;;;10404;10;10406;11;;;10401.0;0.0
yf_ZW=F_d6;16200;ASH_COATED_OSMIUM;9898;15;9894;18;;;9904;17;9908;16;;;9901.0;0.0
yf_ZW=F_d6;16200;INTARIAN_PEPPER_ROOT;10394;18;10391;20;;;10400;9;10404;14;;;10397.0;0.0
yf_ZW=F_d6;16300;ASH_COATED_OSMIUM;9898;18;9896;20;;;9904;16;9907;19;;;9901.0;0.0
yf_ZW=F_d6;16300;INTARIAN_PEPPER_ROOT;10388;22;10385;19;;;10401;23;10403;12;;;10394.5;0.0
yf_ZW=F_d6;16400;ASH_COATED_OSMIUM;9897;12;9893;22;;;9903;14;9905;19;;;9900.0;0.0
yf_ZW=F_d6;16400;INTARIAN_PEPPER_ROOT;10387;23;10384;17;;;10393;13;10396;31;;;10390.0;0.0
yf_ZW=F_d6;16500;ASH_COATED_OSMIUM;9898;14;9896;18;;;9904;9;9907;14;;;9901.0;0.0
yf_ZW=F_d6;16500;INTARIAN_PEPPER_ROOT;10384;19;10381;20;;;10390;25;10392;18;;;10387.0;0.0
yf_ZW=F_d6;16600;ASH_COATED_OSMIUM;9880;7;9876;19;;;9923;12;9927;18;;;9901.5;0.0
yf_ZW=F_d6;16600;INTARIAN_PEPPER_ROOT;10381;16;10379;22;;;10387;12;10390;19;;;10384.0;0.0
yf_ZW=F_d6;16700;ASH_COATED_OSMIUM;9898;26;9894;16;;;9904;14;9906;9;;;9901.0;0.0
yf_ZW=F_d6;16700;INTARIAN_PEPPER_ROOT;10377;15;10375;20;;;10385;11;10387;21;;;10381.0;0.0
yf_ZW=F_d6;16800;ASH_COATED_OSMIUM;9898;20;9896;27;;;9904;14;9906;21;;;9901.0;0.0
yf_ZW=F_d6;16800;INTARIAN_PEPPER_ROOT;10374;11;10372;11;;;10380;14;10383;17;;;10377.0;0.0
yf_ZW=F_d6;16900;ASH_COATED_OSMIUM;9898;21;9895;16;;;9904;18;9908;23;;;9901.0;0.0
yf_ZW=F_d6;16900;INTARIAN_PEPPER_ROOT;10371;12;10367;23;;;10377;19;10381;18;;;10374.0;0.0
yf_ZW=F_d6;17000;ASH_COATED_OSMIUM;9898;16;9896;20;;;9904;11;9907;13;;;9901.0;0.0
yf_ZW=F_d6;17000;INTARIAN_PEPPER_ROOT;10370;19;10368;14;;;10376;9;10378;21;;;10373.0;0.0
yf_ZW=F_d6;17100;ASH_COATED_OSMIUM;9895;19;9891;17;;;9906;15;9910;16;;;9900.5;0.0
yf_ZW=F_d6;17100;INTARIAN_PEPPER_ROOT;10372;6;10370;20;;;10379;20;10382;20;;;10375.5;0.0
yf_ZW=F_d6;17200;ASH_COATED_OSMIUM;9898;9;9894;13;;;9904;15;9907;21;;;9901.0;0.0
yf_ZW=F_d6;17200;INTARIAN_PEPPER_ROOT;10372;14;10370;21;;;10383;5;10385;17;;;10377.5;0.0
yf_ZW=F_d6;17300;ASH_COATED_OSMIUM;9893;15;9890;26;;;9909;16;9912;16;;;9901.0;0.0
yf_ZW=F_d6;17300;INTARIAN_PEPPER_ROOT;10376;15;10373;21;;;10385;6;10388;15;;;10380.5;0.0
yf_ZW=F_d6;17400;ASH_COATED_OSMIUM;9898;15;9895;26;;;9904;17;9907;21;;;9901.0;0.0
yf_ZW=F_d6;17400;INTARIAN_PEPPER_ROOT;10380;19;10376;18;;;10386;14;10390;13;;;10383.0;0.0
yf_ZW=F_d6;17500;ASH_COATED_OSMIUM;9893;22;9890;14;;;9908;10;9910;15;;;9900.5;0.0
yf_ZW=F_d6;17500;INTARIAN_PEPPER_ROOT;10382;10;10380;17;;;10389;19;10392;20;;;10385.5;0.0
yf_ZW=F_d6;17600;ASH_COATED_OSMIUM;9898;14;9896;23;;;9904;26;9908;15;;;9901.0;0.0
yf_ZW=F_d6;17600;INTARIAN_PEPPER_ROOT;10384;13;10382;19;;;10390;11;10392;21;;;10387.0;0.0
yf_ZW=F_d6;17700;ASH_COATED_OSMIUM;9898;12;9895;15;;;9904;14;9906;19;;;9901.0;0.0
yf_ZW=F_d6;17700;INTARIAN_PEPPER_ROOT;10387;24;10383;18;;;10393;6;10397;31;;;10390.0;0.0
yf_ZW=F_d6;17800;ASH_COATED_OSMIUM;9892;16;9888;28;;;9911;11;9914;30;;;9901.5;0.0
yf_ZW=F_d6;17800;INTARIAN_PEPPER_ROOT;10389;13;10385;24;;;10395;11;10397;20;;;10392.0;0.0
yf_ZW=F_d6;17900;ASH_COATED_OSMIUM;9892;13;9889;19;;;9910;17;9913;22;;;9901.0;0.0
yf_ZW=F_d6;17900;INTARIAN_PEPPER_ROOT;10391;20;10389;18;;;10397;15;10401;24;;;10394.0;0.0
yf_ZW=F_d6;18000;ASH_COATED_OSMIUM;9897;11;9893;8;;;9903;25;9907;8;;;9900.0;0.0
yf_ZW=F_d6;18000;INTARIAN_PEPPER_ROOT;10390;21;10387;18;;;10403;14;10406;18;;;10396.5;0.0
yf_ZW=F_d6;18100;ASH_COATED_OSMIUM;9898;16;9895;24;;;9904;12;9908;20;;;9901.0;0.0
yf_ZW=F_d6;18100;INTARIAN_PEPPER_ROOT;10396;10;10394;13;;;10402;18;10404;14;;;10399.0;0.0
yf_ZW=F_d6;18200;ASH_COATED_OSMIUM;9898;8;9896;19;;;9904;13;9907;19;;;9901.0;0.0
yf_ZW=F_d6;18200;INTARIAN_PEPPER_ROOT;10386;25;10383;24;;;10418;22;10420;15;;;10402.0;0.0
yf_ZW=F_d6;18300;ASH_COATED_OSMIUM;9898;17;9895;28;;;9904;18;9906;17;;;9901.0;0.0
yf_ZW=F_d6;18300;INTARIAN_PEPPER_ROOT;10400;13;10396;25;;;10406;13;10408;26;;;10403.0;0.0
yf_ZW=F_d6;18400;ASH_COATED_OSMIUM;9893;12;9891;17;;;9908;21;9911;23;;;9900.5;0.0
yf_ZW=F_d6;18400;INTARIAN_PEPPER_ROOT;10398;14;10395;23;;;10413;10;10416;15;;;10405.5;0.0
yf_ZW=F_d6;18500;ASH_COATED_OSMIUM;9898;13;9896;20;;;9904;21;9906;21;;;9901.0;0.0
yf_ZW=F_d6;18500;INTARIAN_PEPPER_ROOT;10405;6;10401;22;;;10411;23;10414;15;;;10408.0;0.0
yf_ZW=F_d6;18600;ASH_COATED_OSMIUM;9897;10;9895;15;;;9903;22;9906;28;;;9900.0;0.0
yf_ZW=F_d6;18600;INTARIAN_PEPPER_ROOT;10408;17;10405;16;;;10414;20;10416;23;;;10411.0;0.0
yf_ZW=F_d6;18700;ASH_COATED_OSMIUM;9887;14;9883;26;;;9915;7;9917;21;;;9901.0;0.0
yf_ZW=F_d6;18700;INTARIAN_PEPPER_ROOT;10410;16;10408;17;;;10416;19;10418;29;;;10413.0;0.0
yf_ZW=F_d6;18800;ASH_COATED_OSMIUM;9896;7;9893;19;;;9906;14;9910;28;;;9901.0;0.0
yf_ZW=F_d6;18800;INTARIAN_PEPPER_ROOT;10405;19;10403;24;;;10424;23;10427;19;;;10414.5;0.0
yf_ZW=F_d6;18900;ASH_COATED_OSMIUM;9893;18;9890;23;;;9908;10;9911;14;;;9900.5;0.0
yf_ZW=F_d6;18900;INTARIAN_PEPPER_ROOT;10414;22;10411;15;;;10420;16;10423;15;;;10417.0;0.0
yf_ZW=F_d6;19000;ASH_COATED_OSMIUM;9897;19;9895;16;;;9905;11;9907;25;;;9901.0;0.0
yf_ZW=F_d6;19000;INTARIAN_PEPPER_ROOT;10415;11;10411;21;;;10423;22;10425;21;;;10419.0;0.0
yf_ZW=F_d6;19100;ASH_COATED_OSMIUM;9898;14;9894;16;;;9904;10;9908;18;;;9901.0;0.0
yf_ZW=F_d6;19100;INTARIAN_PEPPER_ROOT;10416;14;10413;16;;;10428;10;10431;22;;;10422.0;0.0
yf_ZW=F_d6;19200;ASH_COATED_OSMIUM;9892;20;9888;13;;;9910;15;9914;17;;;9901.0;0.0
yf_ZW=F_d6;19200;INTARIAN_PEPPER_ROOT;10422;10;10419;22;;;10428;10;10430;24;;;10425.0;0.0
yf_ZW=F_d6;19300;ASH_COATED_OSMIUM;9888;30;9885;18;;;9913;17;9916;26;;;9900.5;0.0
yf_ZW=F_d6;19300;INTARIAN_PEPPER_ROOT;10419;13;10417;16;;;10434;19;10437;22;;;10426.5;0.0
yf_ZW=F_d6;19400;ASH_COATED_OSMIUM;9895;15;9893;23;;;9906;10;9908;22;;;9900.5;0.0
yf_ZW=F_d6;19400;INTARIAN_PEPPER_ROOT;10426;16;10423;15;;;10432;13;10434;20;;;10429.0;0.0
yf_ZW=F_d6;19500;ASH_COATED_OSMIUM;9898;17;9894;26;;;9904;5;9908;16;;;9901.0;0.0
yf_ZW=F_d6;19500;INTARIAN_PEPPER_ROOT;10428;13;10425;24;;;10434;16;10437;15;;;10431.0;0.0
yf_ZW=F_d6;19600;ASH_COATED_OSMIUM;9898;13;9895;16;;;9904;15;9906;23;;;9901.0;0.0
yf_ZW=F_d6;19600;INTARIAN_PEPPER_ROOT;10431;17;10427;23;;;10437;12;10440;25;;;10434.0;0.0
yf_ZW=F_d6;19700;ASH_COATED_OSMIUM;9888;17;9884;21;;;9914;5;9916;13;;;9901.0;0.0
yf_ZW=F_d6;19700;INTARIAN_PEPPER_ROOT;10432;22;10429;22;;;10439;14;10442;19;;;10435.5;0.0
yf_ZW=F_d6;19800;ASH_COATED_OSMIUM;9898;12;9895;23;;;9904;8;9907;14;;;9901.0;0.0
yf_ZW=F_d6;19800;INTARIAN_PEPPER_ROOT;10435;14;10431;16;;;10441;20;10445;19;;;10438.0;0.0
yf_ZW=F_d6;19900;ASH_COATED_OSMIUM;9897;9;9894;21;;;9903;12;9905;17;;;9900.0;0.0
yf_ZW=F_d6;19900;INTARIAN_PEPPER_ROOT;10433;15;10429;11;;;10449;15;10451;17;;;10441.0;0.0
yf_ZW=F_d6;20000;ASH_COATED_OSMIUM;9886;6;9882;19;;;9916;21;9919;24;;;9901.0;0.0
yf_ZW=F_d6;20000;INTARIAN_PEPPER_ROOT;10439;14;10436;20;;;10446;7;10449;24;;;10442.5;0.0
yf_ZW=F_d6;20100;ASH_COATED_OSMIUM;9889;9;9887;19;;;9912;20;9915;29;;;9900.5;0.0
yf_ZW=F_d6;20100;INTARIAN_PEPPER_ROOT;10442;18;10439;17;;;10448;17;10451;18;;;10445.0;0.0
yf_ZW=F_d6;20200;ASH_COATED_OSMIUM;9897;19;9894;27;;;9904;15;9907;11;;;9900.5;0.0
yf_ZW=F_d6;20200;INTARIAN_PEPPER_ROOT;10445;15;10443;21;;;10451;21;10455;22;;;10448.0;0.0
yf_ZW=F_d6;20300;ASH_COATED_OSMIUM;9897;22;9895;18;;;9903;13;9905;16;;;9900.0;0.0
yf_ZW=F_d6;20300;INTARIAN_PEPPER_ROOT;10447;19;10445;19;;;10453;12;10456;20;;;10450.0;0.0
yf_ZW=F_d6;20400;ASH_COATED_OSMIUM;9897;22;9893;23;;;9903;11;9907;25;;;9900.0;0.0
yf_ZW=F_d6;20400;INTARIAN_PEPPER_ROOT;10448;14;10446;29;;;10456;5;10460;16;;;10452.0;0.0
yf_ZW=F_d6;20500;ASH_COATED_OSMIUM;9890;26;9886;22;;;9912;17;9915;21;;;9901.0;0.0
yf_ZW=F_d6;20500;INTARIAN_PEPPER_ROOT;10448;22;10446;28;;;10462;14;10466;15;;;10455.0;0.0
yf_ZW=F_d6;20600;ASH_COATED_OSMIUM;9897;17;9894;13;;;9903;16;9906;12;;;9900.0;0.0
yf_ZW=F_d6;20600;INTARIAN_PEPPER_ROOT;10453;21;10450;24;;;10459;23;10462;9;;;10456.0;0.0
yf_ZW=F_d6;20700;ASH_COATED_OSMIUM;9897;7;9893;23;;;9903;18;9907;15;;;9900.0;0.0
yf_ZW=F_d6;20700;INTARIAN_PEPPER_ROOT;10450;13;10448;15;;;10468;14;10472;29;;;10459.0;0.0
yf_ZW=F_d6;20800;ASH_COATED_OSMIUM;9896;17;9894;20;;;9905;9;9909;23;;;9900.5;0.0
yf_ZW=F_d6;20800;INTARIAN_PEPPER_ROOT;10458;16;10454;8;;;10464;9;10466;20;;;10461.0;0.0
yf_ZW=F_d6;20900;ASH_COATED_OSMIUM;9895;10;9892;14;;;9906;16;9909;23;;;9900.5;0.0
yf_ZW=F_d6;20900;INTARIAN_PEPPER_ROOT;10461;17;10457;10;;;10467;12;10471;20;;;10464.0;0.0
yf_ZW=F_d6;21000;ASH_COATED_OSMIUM;9898;10;9895;17;;;9904;15;9908;22;;;9901.0;0.0
yf_ZW=F_d6;21000;INTARIAN_PEPPER_ROOT;10463;20;10461;19;;;10469;21;10473;18;;;10466.0;0.0
yf_ZW=F_d6;21100;ASH_COATED_OSMIUM;9898;11;9894;22;;;9904;18;9907;13;;;9901.0;0.0
yf_ZW=F_d6;21100;INTARIAN_PEPPER_ROOT;10461;10;10458;17;;;10474;23;10477;13;;;10467.5;0.0
yf_ZW=F_d6;21200;ASH_COATED_OSMIUM;9897;19;9894;11;;;9903;21;9906;21;;;9900.0;0.0
yf_ZW=F_d6;21200;INTARIAN_PEPPER_ROOT;10468;13;10464;30;;;10474;15;10476;24;;;10471.0;0.0
yf_ZW=F_d6;21300;ASH_COATED_OSMIUM;9897;13;9894;22;;;9904;5;9906;26;;;9900.5;0.0
yf_ZW=F_d6;21300;INTARIAN_PEPPER_ROOT;10470;7;10467;23;;;10476;7;10479;20;;;10473.0;0.0
yf_ZW=F_d6;21400;ASH_COATED_OSMIUM;9896;13;9893;18;;;9905;13;9907;16;;;9900.5;0.0
yf_ZW=F_d6;21400;INTARIAN_PEPPER_ROOT;10472;9;10468;16;;;10478;16;10481;27;;;10475.0;0.0
yf_ZW=F_d6;21500;ASH_COATED_OSMIUM;9897;19;9895;19;;;9903;12;9905;17;;;9900.0;0.0
yf_ZW=F_d6;21500;INTARIAN_PEPPER_ROOT;10474;9;10470;23;;;10480;8;10484;27;;;10477.0;0.0
yf_ZW=F_d6;21600;ASH_COATED_OSMIUM;9898;12;9894;23;;;9904;17;9908;26;;;9901.0;0.0
yf_ZW=F_d6;21600;INTARIAN_PEPPER_ROOT;10476;13;10474;22;;;10482;14;10485;20;;;10479.0;0.0
yf_ZW=F_d6;21700;ASH_COATED_OSMIUM;9898;5;9895;18;;;9904;29;9907;23;;;9901.0;0.0
yf_ZW=F_d6;21700;INTARIAN_PEPPER_ROOT;10479;22;10475;12;;;10487;25;10490;21;;;10483.0;0.0
yf_ZW=F_d6;21800;ASH_COATED_OSMIUM;9896;17;9892;22;;;9904;19;9906;23;;;9900.0;0.0
yf_ZW=F_d6;21800;INTARIAN_PEPPER_ROOT;10481;18;10477;15;;;10487;18;10489;26;;;10484.0;0.0
yf_ZW=F_d6;21900;ASH_COATED_OSMIUM;9893;13;9891;20;;;9908;21;9910;19;;;9900.5;0.0
yf_ZW=F_d6;21900;INTARIAN_PEPPER_ROOT;10484;16;10480;20;;;10490;9;10492;23;;;10487.0;0.0
yf_ZW=F_d6;22000;ASH_COATED_OSMIUM;9898;9;9894;22;;;9904;17;9908;19;;;9901.0;0.0
yf_ZW=F_d6;22000;INTARIAN_PEPPER_ROOT;10486;11;10482;23;;;10492;15;10495;16;;;10489.0;0.0
yf_ZW=F_d6;22100;ASH_COATED_OSMIUM;9893;15;9889;32;;;9907;22;9910;18;;;9900.0;0.0
yf_ZW=F_d6;22100;INTARIAN_PEPPER_ROOT;10488;8;10484;20;;;10494;17;10496;15;;;10491.0;0.0
yf_ZW=F_d6;22200;ASH_COATED_OSMIUM;9891;10;9889;17;;;9911;15;9913;19;;;9901.0;0.0
yf_ZW=F_d6;22200;INTARIAN_PEPPER_ROOT;10482;10;10479;25;;;10506;18;10509;8;;;10494.0;0.0
yf_ZW=F_d6;22300;ASH_COATED_OSMIUM;9897;14;9894;16;;;9903;26;9905;22;;;9900.0;0.0
yf_ZW=F_d6;22300;INTARIAN_PEPPER_ROOT;10493;10;10491;21;;;10499;21;10502;24;;;10496.0;0.0
yf_ZW=F_d6;22400;ASH_COATED_OSMIUM;9892;27;9888;16;;;9909;17;9913;19;;;9900.5;0.0
yf_ZW=F_d6;22400;INTARIAN_PEPPER_ROOT;10492;14;10490;18;;;10505;9;10507;20;;;10498.5;0.0
yf_ZW=F_d6;22500;ASH_COATED_OSMIUM;9897;14;9893;10;;;9903;12;9907;23;;;9900.0;0.0
yf_ZW=F_d6;22500;INTARIAN_PEPPER_ROOT;10497;24;10494;18;;;10503;21;10507;11;;;10500.0;0.0
yf_ZW=F_d6;22600;ASH_COATED_OSMIUM;9896;17;9892;22;;;9905;11;9908;26;;;9900.5;0.0
yf_ZW=F_d6;22600;INTARIAN_PEPPER_ROOT;10495;10;10491;16;;;10511;21;10515;23;;;10503.0;0.0
yf_ZW=F_d6;22700;ASH_COATED_OSMIUM;9897;10;9895;24;;;9903;17;9906;15;;;9900.0;0.0
yf_ZW=F_d6;22700;INTARIAN_PEPPER_ROOT;10502;25;10500;15;;;10508;14;10510;14;;;10505.0;0.0
yf_ZW=F_d6;22800;ASH_COATED_OSMIUM;9897;22;9893;17;;;9903;17;9906;25;;;9900.0;0.0
yf_ZW=F_d6;22800;INTARIAN_PEPPER_ROOT;10502;16;10498;20;;;10514;22;10517;13;;;10508.0;0.0
yf_ZW=F_d6;22900;ASH_COATED_OSMIUM;9897;17;9893;16;;;9904;12;9906;21;;;9900.5;0.0
yf_ZW=F_d6;22900;INTARIAN_PEPPER_ROOT;10506;18;10504;19;;;10514;28;10516;18;;;10510.0;0.0
yf_ZW=F_d6;23000;ASH_COATED_OSMIUM;9898;14;9895;17;;;9904;5;9908;25;;;9901.0;0.0
yf_ZW=F_d6;23000;INTARIAN_PEPPER_ROOT;10509;12;10506;21;;;10515;8;10518;13;;;10512.0;0.0
yf_ZW=F_d6;23100;ASH_COATED_OSMIUM;9897;16;9894;25;;;9903;14;9907;20;;;9900.0;0.0
yf_ZW=F_d6;23100;INTARIAN_PEPPER_ROOT;10505;12;10502;24;;;10525;20;10528;25;;;10515.0;0.0
yf_ZW=F_d6;23200;ASH_COATED_OSMIUM;9897;19;9895;15;;;9903;25;9906;16;;;9900.0;0.0
yf_ZW=F_d6;23200;INTARIAN_PEPPER_ROOT;10514;5;10511;18;;;10520;17;10524;18;;;10517.0;0.0
yf_ZW=F_d6;23300;ASH_COATED_OSMIUM;9897;10;9894;17;;;9904;10;9906;21;;;9900.5;0.0
yf_ZW=F_d6;23300;INTARIAN_PEPPER_ROOT;10514;10;10512;13;;;10524;7;10526;30;;;10519.0;0.0
yf_ZW=F_d6;23400;ASH_COATED_OSMIUM;9897;16;9895;16;;;9903;17;9906;18;;;9900.0;0.0
yf_ZW=F_d6;23400;INTARIAN_PEPPER_ROOT;10514;14;10510;23;;;10528;14;10531;25;;;10521.0;0.0
yf_ZW=F_d6;23500;ASH_COATED_OSMIUM;9879;6;9877;18;;;9922;21;9924;22;;;9900.5;0.0
yf_ZW=F_d6;23500;INTARIAN_PEPPER_ROOT;10519;19;10515;26;;;10528;7;10530;22;;;10523.5;0.0
yf_ZW=F_d6;23600;ASH_COATED_OSMIUM;9898;13;9894;22;;;9904;11;9908;20;;;9901.0;0.0
yf_ZW=F_d6;23600;INTARIAN_PEPPER_ROOT;10522;17;10519;15;;;10530;17;10533;17;;;10526.0;0.0
yf_ZW=F_d6;23700;ASH_COATED_OSMIUM;9897;21;9895;19;;;9903;6;9905;18;;;9900.0;0.0
yf_ZW=F_d6;23700;INTARIAN_PEPPER_ROOT;10516;24;10514;17;;;10542;7;10545;18;;;10529.0;0.0
yf_ZW=F_d6;23800;ASH_COATED_OSMIUM;9890;9;9888;15;;;9910;11;9912;14;;;9900.0;0.0
yf_ZW=F_d6;23800;INTARIAN_PEPPER_ROOT;10528;19;10524;23;;;10534;8;10536;22;;;10531.0;0.0
yf_ZW=F_d6;23900;ASH_COATED_OSMIUM;9876;16;9874;23;;;9924;7;9927;22;;;9900.0;0.0
yf_ZW=F_d6;23900;INTARIAN_PEPPER_ROOT;10526;17;10523;27;;;10540;20;10542;24;;;10533.0;0.0
yf_ZW=F_d6;24000;ASH_COATED_OSMIUM;9897;13;9895;23;;;9903;13;9906;20;;;9900.0;0.0
yf_ZW=F_d6;24000;INTARIAN_PEPPER_ROOT;10531;20;10527;27;;;10540;15;10542;18;;;10535.5;0.0
yf_ZW=F_d6;24100;ASH_COATED_OSMIUM;9898;18;9896;18;;;9904;16;9908;25;;;9901.0;0.0
yf_ZW=F_d6;24100;INTARIAN_PEPPER_ROOT;10533;30;10531;18;;;10542;23;10545;17;;;10537.5;0.0
yf_ZW=F_d6;24200;ASH_COATED_OSMIUM;9892;12;9890;22;;;9908;15;9912;8;;;9900.0;0.0
yf_ZW=F_d6;24200;INTARIAN_PEPPER_ROOT;10530;14;10526;22;;;10550;15;10554;20;;;10540.0;0.0
yf_ZW=F_d6;24300;ASH_COATED_OSMIUM;9897;14;9895;21;;;9903;11;9906;16;;;9900.0;0.0
yf_ZW=F_d6;24300;INTARIAN_PEPPER_ROOT;10539;11;10535;14;;;10545;16;10548;21;;;10542.0;0.0
yf_ZW=F_d6;24400;ASH_COATED_OSMIUM;9897;11;9895;21;;;9903;19;9905;14;;;9900.0;0.0
yf_ZW=F_d6;24400;INTARIAN_PEPPER_ROOT;10533;5;10530;25;;;10556;5;10558;24;;;10544.5;0.0
yf_ZW=F_d6;24500;ASH_COATED_OSMIUM;9897;17;9895;19;;;9904;17;9906;20;;;9900.5;0.0
yf_ZW=F_d6;24500;INTARIAN_PEPPER_ROOT;10544;17;10540;24;;;10550;18;10553;23;;;10547.0;0.0
yf_ZW=F_d6;24600;ASH_COATED_OSMIUM;9897;9;9893;14;;;9904;16;9907;26;;;9900.5;0.0
yf_ZW=F_d6;24600;INTARIAN_PEPPER_ROOT;10546;17;10542;14;;;10552;19;10555;16;;;10549.0;0.0
yf_ZW=F_d6;24700;ASH_COATED_OSMIUM;9898;24;9894;20;;;9904;18;9907;20;;;9901.0;0.0
yf_ZW=F_d6;24700;INTARIAN_PEPPER_ROOT;10546;15;10543;18;;;10556;13;10559;19;;;10551.0;0.0
yf_ZW=F_d6;24800;ASH_COATED_OSMIUM;9897;16;9895;33;;;9903;13;9906;22;;;9900.0;0.0
yf_ZW=F_d6;24800;INTARIAN_PEPPER_ROOT;10551;23;10548;15;;;10557;19;10559;21;;;10554.0;0.0
yf_ZW=F_d6;24900;ASH_COATED_OSMIUM;9887;24;9885;18;;;9913;11;9917;16;;;9900.0;0.0
yf_ZW=F_d6;24900;INTARIAN_PEPPER_ROOT;10554;16;10551;30;;;10560;19;10564;13;;;10557.0;0.0
yf_ZW=F_d6;25000;ASH_COATED_OSMIUM;9897;12;9893;24;;;9903;14;9907;30;;;9900.0;0.0
yf_ZW=F_d6;25000;INTARIAN_PEPPER_ROOT;10554;16;10552;24;;;10564;10;10566;14;;;10559.0;0.0
yf_ZW=F_d6;25100;ASH_COATED_OSMIUM;9897;13;9893;18;;;9904;13;9906;21;;;9900.5;0.0
yf_ZW=F_d6;25100;INTARIAN_PEPPER_ROOT;10557;11;10554;22;;;10563;17;10565;17;;;10560.0;0.0
yf_ZW=F_d6;25200;ASH_COATED_OSMIUM;9894;17;9891;25;;;9906;12;9908;22;;;9900.0;0.0
yf_ZW=F_d6;25200;INTARIAN_PEPPER_ROOT;10560;5;10558;18;;;10566;14;10570;16;;;10563.0;0.0
yf_ZW=F_d6;25300;ASH_COATED_OSMIUM;9897;20;9895;15;;;9903;15;9905;19;;;9900.0;0.0
yf_ZW=F_d6;25300;INTARIAN_PEPPER_ROOT;10562;13;10560;20;;;10568;14;10570;16;;;10565.0;0.0
yf_ZW=F_d6;25400;ASH_COATED_OSMIUM;9892;17;9888;16;;;9908;9;9911;16;;;9900.0;0.0
yf_ZW=F_d6;25400;INTARIAN_PEPPER_ROOT;10565;13;10562;23;;;10571;17;10573;24;;;10568.0;0.0
yf_ZW=F_d6;25500;ASH_COATED_OSMIUM;9897;17;9894;12;;;9903;20;9907;21;;;9900.0;0.0
yf_ZW=F_d6;25500;INTARIAN_PEPPER_ROOT;10567;17;10564;21;;;10573;22;10575;19;;;10570.0;0.0
yf_ZW=F_d6;25600;ASH_COATED_OSMIUM;9890;14;9888;23;;;9909;18;9912;20;;;9899.5;0.0
yf_ZW=F_d6;25600;INTARIAN_PEPPER_ROOT;10570;13;10568;19;;;10576;21;10580;19;;;10573.0;0.0
yf_ZW=F_d6;25700;ASH_COATED_OSMIUM;9895;13;9891;28;;;9906;17;9909;19;;;9900.5;0.0
yf_ZW=F_d6;25700;INTARIAN_PEPPER_ROOT;10572;10;10569;17;;;10578;5;10580;22;;;10575.0;0.0
yf_ZW=F_d6;25800;ASH_COATED_OSMIUM;9897;20;9895;23;;;9903;5;9906;19;;;9900.0;0.0
yf_ZW=F_d6;25800;INTARIAN_PEPPER_ROOT;10574;15;10571;9;;;10580;13;10584;20;;;10577.0;0.0
yf_ZW=F_d6;25900;ASH_COATED_OSMIUM;9894;20;9890;29;;;9906;11;9909;17;;;9900.0;0.0
yf_ZW=F_d6;25900;INTARIAN_PEPPER_ROOT;10575;18;10572;18;;;10583;11;10586;25;;;10579.0;0.0
yf_ZW=F_d6;26000;ASH_COATED_OSMIUM;9897;11;9893;15;;;9903;22;9906;14;;;9900.0;0.0
yf_ZW=F_d6;26000;INTARIAN_PEPPER_ROOT;10577;18;10574;31;;;10585;11;10589;15;;;10581.0;0.0
yf_ZW=F_d6;26100;ASH_COATED_OSMIUM;9897;15;9894;25;;;9903;11;9906;16;;;9900.0;0.0
yf_ZW=F_d6;26100;INTARIAN_PEPPER_ROOT;10581;15;10579;21;;;10587;6;10589;26;;;10584.0;0.0
yf_ZW=F_d6;26200;ASH_COATED_OSMIUM;9897;14;9893;19;;;9903;21;9907;17;;;9900.0;0.0
yf_ZW=F_d6;26200;INTARIAN_PEPPER_ROOT;10583;13;10581;29;;;10589;7;10593;19;;;10586.0;0.0
yf_ZW=F_d6;26300;ASH_COATED_OSMIUM;9897;14;9895;19;;;9903;16;9905;16;;;9900.0;0.0
yf_ZW=F_d6;26300;INTARIAN_PEPPER_ROOT;10585;11;10583;19;;;10591;13;10593;26;;;10588.0;0.0
yf_ZW=F_d6;26400;ASH_COATED_OSMIUM;9893;8;9890;21;;;9907;15;9911;19;;;9900.0;0.0
yf_ZW=F_d6;26400;INTARIAN_PEPPER_ROOT;10586;14;10583;23;;;10596;7;10600;18;;;10591.0;0.0
yf_ZW=F_d6;26500;ASH_COATED_OSMIUM;9897;24;9894;20;;;9903;17;9905;17;;;9900.0;0.0
yf_ZW=F_d6;26500;INTARIAN_PEPPER_ROOT;10590;15;10586;19;;;10596;10;10598;8;;;10593.0;0.0
yf_ZW=F_d6;26600;ASH_COATED_OSMIUM;9897;14;9894;21;;;9903;18;9907;18;;;9900.0;0.0
yf_ZW=F_d6;26600;INTARIAN_PEPPER_ROOT;10592;14;10589;17;;;10598;18;10601;28;;;10595.0;0.0
yf_ZW=F_d6;26700;ASH_COATED_OSMIUM;9885;24;9881;20;;;9913;12;9915;22;;;9899.0;0.0
yf_ZW=F_d6;26700;INTARIAN_PEPPER_ROOT;10592;13;10588;24;;;10604;10;10607;24;;;10598.0;0.0
yf_ZW=F_d6;26800;ASH_COATED_OSMIUM;9891;6;9889;17;;;9909;17;9913;25;;;9900.0;0.0
yf_ZW=F_d6;26800;INTARIAN_PEPPER_ROOT;10590;9;10586;12;;;10609;17;10612;18;;;10599.5;0.0
yf_ZW=F_d6;26900;ASH_COATED_OSMIUM;9893;18;9889;22;;;9906;15;9909;21;;;9899.5;0.0
yf_ZW=F_d6;26900;INTARIAN_PEPPER_ROOT;10600;13;10598;16;;;10606;10;10610;27;;;10603.0;0.0
yf_ZW=F_d6;27000;ASH_COATED_OSMIUM;9897;19;9894;18;;;9903;10;9905;15;;;9900.0;0.0
yf_ZW=F_d6;27000;INTARIAN_PEPPER_ROOT;10599;18;10595;14;;;10611;17;10614;18;;;10605.0;0.0
yf_ZW=F_d6;27100;ASH_COATED_OSMIUM;9897;17;9893;8;;;9903;19;9905;18;;;9900.0;0.0
yf_ZW=F_d6;27100;INTARIAN_PEPPER_ROOT;10600;18;10598;13;;;10614;9;10618;17;;;10607.0;0.0
yf_ZW=F_d6;27200;ASH_COATED_OSMIUM;9893;17;9891;13;;;9908;9;9912;16;;;9900.5;0.0
yf_ZW=F_d6;27200;INTARIAN_PEPPER_ROOT;10606;19;10602;15;;;10612;18;10614;18;;;10609.0;0.0
yf_ZW=F_d6;27300;ASH_COATED_OSMIUM;9892;14;9890;17;;;9907;10;9909;18;;;9899.5;0.0
yf_ZW=F_d6;27300;INTARIAN_PEPPER_ROOT;10609;13;10606;16;;;10615;11;10619;19;;;10612.0;0.0
yf_ZW=F_d6;27400;ASH_COATED_OSMIUM;9897;12;9894;27;;;9903;21;9906;14;;;9900.0;0.0
yf_ZW=F_d6;27400;INTARIAN_PEPPER_ROOT;10611;11;10607;21;;;10617;12;10619;13;;;10614.0;0.0
yf_ZW=F_d6;27500;ASH_COATED_OSMIUM;9895;12;9893;14;;;9905;5;9909;18;;;9900.0;0.0
yf_ZW=F_d6;27500;INTARIAN_PEPPER_ROOT;10613;10;10611;32;;;10619;18;10621;26;;;10616.0;0.0
yf_ZW=F_d6;27600;ASH_COATED_OSMIUM;9897;8;9893;25;;;9903;22;9906;25;;;9900.0;0.0
yf_ZW=F_d6;27600;INTARIAN_PEPPER_ROOT;10615;18;10613;10;;;10621;18;10624;26;;;10618.0;0.0
yf_ZW=F_d6;27700;ASH_COATED_OSMIUM;9898;15;9896;17;;;9904;20;9907;15;;;9901.0;0.0
yf_ZW=F_d6;27700;INTARIAN_PEPPER_ROOT;10615;12;10611;29;;;10626;18;10630;18;;;10620.5;0.0
yf_ZW=F_d6;27800;ASH_COATED_OSMIUM;9897;11;9893;21;;;9903;7;9905;20;;;9900.0;0.0
yf_ZW=F_d6;27800;INTARIAN_PEPPER_ROOT;10618;16;10615;16;;;10628;9;10630;25;;;10623.0;0.0
yf_ZW=F_d6;27900;ASH_COATED_OSMIUM;9897;10;9895;16;;;9903;15;9906;23;;;9900.0;0.0
yf_ZW=F_d6;27900;INTARIAN_PEPPER_ROOT;10621;14;10619;17;;;10630;13;10633;21;;;10625.5;0.0
yf_ZW=F_d6;28000;ASH_COATED_OSMIUM;9897;12;9895;20;;;9903;9;9907;21;;;9900.0;0.0
yf_ZW=F_d6;28000;INTARIAN_PEPPER_ROOT;10621;6;10618;25;;;10636;16;10638;19;;;10628.5;0.0
yf_ZW=F_d6;28100;ASH_COATED_OSMIUM;9897;15;9894;24;;;9904;15;9908;11;;;9900.5;0.0
yf_ZW=F_d6;28100;INTARIAN_PEPPER_ROOT;10622;10;10618;19;;;10637;19;10640;13;;;10629.5;0.0
yf_ZW=F_d6;28200;ASH_COATED_OSMIUM;9897;19;9895;22;;;9903;20;9906;26;;;9900.0;0.0
yf_ZW=F_d6;28200;INTARIAN_PEPPER_ROOT;10630;9;10627;12;;;10636;15;10638;18;;;10633.0;0.0
yf_ZW=F_d6;28300;ASH_COATED_OSMIUM;9894;26;9891;20;;;9905;12;9908;15;;;9899.5;0.0
yf_ZW=F_d6;28300;INTARIAN_PEPPER_ROOT;10632;9;10630;10;;;10639;11;10642;22;;;10635.5;0.0
yf_ZW=F_d6;28400;ASH_COATED_OSMIUM;9897;12;9895;18;;;9903;12;9907;34;;;9900.0;0.0
yf_ZW=F_d6;28400;INTARIAN_PEPPER_ROOT;10634;11;10632;15;;;10640;12;10642;17;;;10637.0;0.0
yf_ZW=F_d6;28500;ASH_COATED_OSMIUM;9896;5;9894;18;;;9904;9;9906;10;;;9900.0;0.0
yf_ZW=F_d6;28500;INTARIAN_PEPPER_ROOT;10633;14;10630;16;;;10646;12;10649;13;;;10639.5;0.0
yf_ZW=F_d6;28600;ASH_COATED_OSMIUM;9895;17;9891;20;;;9906;22;9908;20;;;9900.5;0.0
yf_ZW=F_d6;28600;INTARIAN_PEPPER_ROOT;10634;5;10631;27;;;10650;18;10654;24;;;10642.0;0.0
yf_ZW=F_d6;28700;ASH_COATED_OSMIUM;9894;8;9890;16;;;9906;15;9910;18;;;9900.0;0.0
yf_ZW=F_d6;28700;INTARIAN_PEPPER_ROOT;10627;17;10625;22;;;10660;18;10662;17;;;10643.5;0.0
yf_ZW=F_d6;28800;ASH_COATED_OSMIUM;9897;17;9893;17;;;9903;12;9907;22;;;9900.0;0.0
yf_ZW=F_d6;28800;INTARIAN_PEPPER_ROOT;10643;22;10639;14;;;10649;11;10651;21;;;10646.0;0.0
yf_ZW=F_d6;28900;ASH_COATED_OSMIUM;9896;19;9892;26;;;9902;15;9906;22;;;9899.0;0.0
yf_ZW=F_d6;28900;INTARIAN_PEPPER_ROOT;10644;11;10642;14;;;10653;16;10657;14;;;10648.5;0.0
yf_ZW=F_d6;29000;ASH_COATED_OSMIUM;9896;13;9894;23;;;9903;13;9906;15;;;9899.5;0.0
yf_ZW=F_d6;29000;INTARIAN_PEPPER_ROOT;10648;13;10646;27;;;10654;13;10657;16;;;10651.0;0.0
yf_ZW=F_d6;29100;ASH_COATED_OSMIUM;9895;16;9893;14;;;9905;17;9907;18;;;9900.0;0.0
yf_ZW=F_d6;29100;INTARIAN_PEPPER_ROOT;10635;20;10631;20;;;10671;19;10674;15;;;10653.0;0.0
yf_ZW=F_d6;29200;ASH_COATED_OSMIUM;9895;15;9893;24;;;9904;15;9908;16;;;9899.5;0.0
yf_ZW=F_d6;29200;INTARIAN_PEPPER_ROOT;10652;20;10649;20;;;10659;21;10662;21;;;10655.5;0.0
yf_ZW=F_d6;29300;ASH_COATED_OSMIUM;9897;12;9895;20;;;9903;16;9906;12;;;9900.0;0.0
yf_ZW=F_d6;29300;INTARIAN_PEPPER_ROOT;10637;17;10634;23;;;10678;17;10682;20;;;10657.5;0.0
yf_ZW=F_d6;29400;ASH_COATED_OSMIUM;9896;20;9893;24;;;9902;18;9906;19;;;9899.0;0.0
yf_ZW=F_d6;29400;INTARIAN_PEPPER_ROOT;10657;8;10653;19;;;10663;17;10666;18;;;10660.0;0.0
yf_ZW=F_d6;29500;ASH_COATED_OSMIUM;9897;14;9895;15;;;9903;14;9907;15;;;9900.0;0.0
yf_ZW=F_d6;29500;INTARIAN_PEPPER_ROOT;10660;8;10656;15;;;10666;15;10670;25;;;10663.0;0.0
yf_ZW=F_d6;29600;ASH_COATED_OSMIUM;9897;13;9893;25;;;9903;10;9907;22;;;9900.0;0.0
yf_ZW=F_d6;29600;INTARIAN_PEPPER_ROOT;10662;12;10660;14;;;10668;15;10671;27;;;10665.0;0.0
yf_ZW=F_d6;29700;ASH_COATED_OSMIUM;9896;15;9892;13;;;9904;12;9907;11;;;9900.0;0.0
yf_ZW=F_d6;29700;INTARIAN_PEPPER_ROOT;10664;16;10660;18;;;10670;14;10673;19;;;10667.0;0.0
yf_ZW=F_d6;29800;ASH_COATED_OSMIUM;9897;10;9895;11;;;9903;7;9905;20;;;9900.0;0.0
yf_ZW=F_d6;29800;INTARIAN_PEPPER_ROOT;10666;15;10663;23;;;10672;18;10674;17;;;10669.0;0.0
yf_ZW=F_d6;29900;ASH_COATED_OSMIUM;9877;21;9874;31;;;9921;19;9923;18;;;9899.0;0.0
yf_ZW=F_d6;29900;INTARIAN_PEPPER_ROOT;10660;16;10658;19;;;10683;17;10686;8;;;10671.5;0.0
yf_ZW=F_d6;30000;ASH_COATED_OSMIUM;9896;6;9893;21;;;9903;11;9907;16;;;9899.5;0.0
yf_ZW=F_d6;30000;INTARIAN_PEPPER_ROOT;10671;14;10668;19;;;10677;18;10681;15;;;10674.0;0.0
yf_ZW=F_d6;30100;ASH_COATED_OSMIUM;9894;18;9891;14;;;9905;15;9908;26;;;9899.5;0.0
yf_ZW=F_d6;30100;INTARIAN_PEPPER_ROOT;10673;12;10669;16;;;10679;11;10683;24;;;10676.0;0.0
yf_ZW=F_d6;30200;ASH_COATED_OSMIUM;9897;14;9893;21;;;9903;19;9905;13;;;9900.0;0.0
yf_ZW=F_d6;30200;INTARIAN_PEPPER_ROOT;10676;5;10673;16;;;10682;15;10685;15;;;10679.0;0.0
yf_ZW=F_d6;30300;ASH_COATED_OSMIUM;9896;7;9893;21;;;9903;11;9906;30;;;9899.5;0.0
yf_ZW=F_d6;30300;INTARIAN_PEPPER_ROOT;10674;20;10671;24;;;10688;13;10692;17;;;10681.0;0.0
yf_ZW=F_d6;30400;ASH_COATED_OSMIUM;9897;19;9893;15;;;9903;16;9906;27;;;9900.0;0.0
yf_ZW=F_d6;30400;INTARIAN_PEPPER_ROOT;10673;12;10670;20;;;10694;25;10696;15;;;10683.5;0.0
yf_ZW=F_d6;30500;ASH_COATED_OSMIUM;9897;11;9894;28;;;9903;17;9905;20;;;9900.0;0.0
yf_ZW=F_d6;30500;INTARIAN_PEPPER_ROOT;10681;12;10679;23;;;10690;5;10694;22;;;10685.5;0.0
yf_ZW=F_d6;30600;ASH_COATED_OSMIUM;9893;15;9890;17;;;9906;22;9910;28;;;9899.5;0.0
yf_ZW=F_d6;30600;INTARIAN_PEPPER_ROOT;10685;19;10681;8;;;10691;20;10694;19;;;10688.0;0.0
yf_ZW=F_d6;30700;ASH_COATED_OSMIUM;9897;11;9895;25;;;9903;18;9905;18;;;9900.0;0.0
yf_ZW=F_d6;30700;INTARIAN_PEPPER_ROOT;10687;13;10684;14;;;10693;10;10695;16;;;10690.0;0.0
yf_ZW=F_d6;30800;ASH_COATED_OSMIUM;9897;23;9894;21;;;9903;12;9905;15;;;9900.0;0.0
yf_ZW=F_d6;30800;INTARIAN_PEPPER_ROOT;10684;13;10680;23;;;10700;5;10704;15;;;10692.0;0.0
yf_ZW=F_d6;30900;ASH_COATED_OSMIUM;9894;6;9891;16;;;9905;15;9907;22;;;9899.5;0.0
yf_ZW=F_d6;30900;INTARIAN_PEPPER_ROOT;10690;8;10687;24;;;10700;13;10702;20;;;10695.0;0.0
yf_ZW=F_d6;31000;ASH_COATED_OSMIUM;9895;17;9892;13;;;9904;18;9908;28;;;9899.5;0.0
yf_ZW=F_d6;31000;INTARIAN_PEPPER_ROOT;10691;21;10688;21;;;10704;25;10707;14;;;10697.5;0.0
yf_ZW=F_d6;31100;ASH_COATED_OSMIUM;9870;19;9867;11;;;9929;24;9933;20;;;9899.5;0.0
yf_ZW=F_d6;31100;INTARIAN_PEPPER_ROOT;10696;8;10692;25;;;10702;21;10706;29;;;10699.0;0.0
yf_ZW=F_d6;31200;ASH_COATED_OSMIUM;9897;10;9894;27;;;9903;11;9907;14;;;9900.0;0.0
yf_ZW=F_d6;31200;INTARIAN_PEPPER_ROOT;10698;12;10696;30;;;10705;17;10707;22;;;10701.5;0.0
yf_ZW=F_d6;31300;ASH_COATED_OSMIUM;9896;12;9893;17;;;9903;12;9907;28;;;9899.5;0.0
yf_ZW=F_d6;31300;INTARIAN_PEPPER_ROOT;10701;17;10699;22;;;10707;26;10711;21;;;10704.0;0.0
yf_ZW=F_d6;31400;ASH_COATED_OSMIUM;9896;17;9893;22;;;9903;11;9906;26;;;9899.5;0.0
yf_ZW=F_d6;31400;INTARIAN_PEPPER_ROOT;10701;18;10697;15;;;10711;11;10713;16;;;10706.0;0.0
yf_ZW=F_d6;31500;ASH_COATED_OSMIUM;9895;13;9891;21;;;9905;11;9908;21;;;9900.0;0.0
yf_ZW=F_d6;31500;INTARIAN_PEPPER_ROOT;10706;20;10702;15;;;10712;8;10715;19;;;10709.0;0.0
yf_ZW=F_d6;31600;ASH_COATED_OSMIUM;9890;11;9888;26;;;9910;11;9913;19;;;9900.0;0.0
yf_ZW=F_d6;31600;INTARIAN_PEPPER_ROOT;10702;17;10699;25;;;10719;14;10721;23;;;10710.5;0.0
yf_ZW=F_d6;31700;ASH_COATED_OSMIUM;9897;19;9894;16;;;9903;17;9907;32;;;9900.0;0.0
yf_ZW=F_d6;31700;INTARIAN_PEPPER_ROOT;10710;15;10708;12;;;10716;15;10718;20;;;10713.0;0.0
yf_ZW=F_d6;31800;ASH_COATED_OSMIUM;9897;10;9893;27;;;9903;12;9905;22;;;9900.0;0.0
yf_ZW=F_d6;31800;INTARIAN_PEPPER_ROOT;10706;7;10703;23;;;10725;16;10729;16;;;10715.5;0.0
yf_ZW=F_d6;31900;ASH_COATED_OSMIUM;9890;6;9888;23;;;9908;18;9912;13;;;9899.0;0.0
yf_ZW=F_d6;31900;INTARIAN_PEPPER_ROOT;10714;14;10712;12;;;10720;15;10723;20;;;10717.0;0.0
yf_ZW=F_d6;32000;ASH_COATED_OSMIUM;9897;17;9894;18;;;9903;10;9905;19;;;9900.0;0.0
yf_ZW=F_d6;32000;INTARIAN_PEPPER_ROOT;10718;15;10714;18;;;10724;15;10727;24;;;10721.0;0.0
yf_ZW=F_d6;32100;ASH_COATED_OSMIUM;9897;11;9895;19;;;9903;8;9906;26;;;9900.0;0.0
yf_ZW=F_d6;32100;INTARIAN_PEPPER_ROOT;10719;24;10717;12;;;10725;21;10729;16;;;10722.0;0.0
yf_ZW=F_d6;32200;ASH_COATED_OSMIUM;9897;18;9895;21;;;9903;15;9905;17;;;9900.0;0.0
yf_ZW=F_d6;32200;INTARIAN_PEPPER_ROOT;10722;19;10720;18;;;10728;7;10730;18;;;10725.0;0.0
yf_ZW=F_d6;32300;ASH_COATED_OSMIUM;9897;18;9894;15;;;9903;13;9907;19;;;9900.0;0.0
yf_ZW=F_d6;32300;INTARIAN_PEPPER_ROOT;10724;14;10720;22;;;10730;19;10733;23;;;10727.0;0.0
yf_ZW=F_d6;32400;ASH_COATED_OSMIUM;9896;12;9893;28;;;9902;19;9905;19;;;9899.0;0.0
yf_ZW=F_d6;32400;INTARIAN_PEPPER_ROOT;10727;20;10724;17;;;10733;18;10736;19;;;10730.0;0.0
yf_ZW=F_d6;32500;ASH_COATED_OSMIUM;9897;8;9894;15;;;9903;23;9906;9;;;9900.0;0.0
yf_ZW=F_d6;32500;INTARIAN_PEPPER_ROOT;10723;9;10719;20;;;10740;11;10744;12;;;10731.5;0.0
yf_ZW=F_d6;32600;ASH_COATED_OSMIUM;9884;12;9881;23;;;9913;23;9917;17;;;9898.5;0.0
yf_ZW=F_d6;32600;INTARIAN_PEPPER_ROOT;10730;18;10727;22;;;10737;18;10741;16;;;10733.5;0.0
yf_ZW=F_d6;32700;ASH_COATED_OSMIUM;9884;14;9881;19;;;9914;16;9918;16;;;9899.0;0.0
yf_ZW=F_d6;32700;INTARIAN_PEPPER_ROOT;10733;8;10731;22;;;10739;11;10742;14;;;10736.0;0.0
yf_ZW=F_d6;32800;ASH_COATED_OSMIUM;9897;16;9894;24;;;9903;16;9907;21;;;9900.0;0.0
yf_ZW=F_d6;32800;INTARIAN_PEPPER_ROOT;10736;11;10732;27;;;10742;14;10745;19;;;10739.0;0.0
yf_ZW=F_d6;32900;ASH_COATED_OSMIUM;9897;16;9895;14;;;9903;8;9907;19;;;9900.0;0.0
yf_ZW=F_d6;32900;INTARIAN_PEPPER_ROOT;10738;19;10735;20;;;10744;10;10746;27;;;10741.0;0.0
yf_ZW=F_d6;33000;ASH_COATED_OSMIUM;9886;19;9884;27;;;9913;15;9916;20;;;9899.5;0.0
yf_ZW=F_d6;33000;INTARIAN_PEPPER_ROOT;10741;24;10737;19;;;10747;9;10749;19;;;10744.0;0.0
yf_ZW=F_d6;33100;ASH_COATED_OSMIUM;9893;14;9890;20;;;9907;15;9909;13;;;9900.0;0.0
yf_ZW=F_d6;33100;INTARIAN_PEPPER_ROOT;10740;18;10737;19;;;10751;18;10755;21;;;10745.5;0.0
yf_ZW=F_d6;33200;ASH_COATED_OSMIUM;9894;18;9892;13;;;9905;22;9908;27;;;9899.5;0.0
yf_ZW=F_d6;33200;INTARIAN_PEPPER_ROOT;10745;18;10742;16;;;10751;5;10755;26;;;10748.0;0.0
yf_ZW=F_d6;33300;ASH_COATED_OSMIUM;9896;19;9892;18;;;9903;10;9906;26;;;9899.5;0.0
yf_ZW=F_d6;33300;INTARIAN_PEPPER_ROOT;10735;13;10732;19;;;10765;19;10767;14;;;10750.0;0.0
yf_ZW=F_d6;33400;ASH_COATED_OSMIUM;9897;23;9893;9;;;9903;14;9906;23;;;9900.0;0.0
yf_ZW=F_d6;33400;INTARIAN_PEPPER_ROOT;10750;21;10747;26;;;10756;13;10758;16;;;10753.0;0.0
yf_ZW=F_d6;33500;ASH_COATED_OSMIUM;9895;22;9893;13;;;9904;15;9908;15;;;9899.5;0.0
yf_ZW=F_d6;33500;INTARIAN_PEPPER_ROOT;10752;16;10748;17;;;10758;16;10760;17;;;10755.0;0.0
yf_ZW=F_d6;33600;ASH_COATED_OSMIUM;9891;12;9889;21;;;9907;14;9909;26;;;9899.0;0.0
yf_ZW=F_d6;33600;INTARIAN_PEPPER_ROOT;10754;14;10751;20;;;10760;14;10764;18;;;10757.0;0.0
yf_ZW=F_d6;33700;ASH_COATED_OSMIUM;9896;19;9894;18;;;9903;10;9907;15;;;9899.5;0.0
yf_ZW=F_d6;33700;INTARIAN_PEPPER_ROOT;10756;17;10753;27;;;10762;19;10765;14;;;10759.0;0.0
yf_ZW=F_d6;33800;ASH_COATED_OSMIUM;9895;18;9893;14;;;9904;16;9908;12;;;9899.5;0.0
yf_ZW=F_d6;33800;INTARIAN_PEPPER_ROOT;10759;17;10757;19;;;10765;22;10767;23;;;10762.0;0.0
yf_ZW=F_d6;33900;ASH_COATED_OSMIUM;9894;12;9891;17;;;9904;18;9908;9;;;9899.0;0.0
yf_ZW=F_d6;33900;INTARIAN_PEPPER_ROOT;10754;11;10752;25;;;10774;7;10778;18;;;10764.0;0.0
yf_ZW=F_d6;34000;ASH_COATED_OSMIUM;9894;9;9891;21;;;9906;15;9908;15;;;9900.0;0.0
yf_ZW=F_d6;34000;INTARIAN_PEPPER_ROOT;10760;21;10757;21;;;10768;11;10772;18;;;10764.0;0.0
yf_ZW=F_d6;34100;ASH_COATED_OSMIUM;9892;10;9890;17;;;9907;17;9909;20;;;9899.5;0.0
yf_ZW=F_d6;34100;INTARIAN_PEPPER_ROOT;10761;19;10758;16;;;10767;20;10769;22;;;10764.0;0.0
yf_ZW=F_d6;34200;ASH_COATED_OSMIUM;9897;13;9894;19;;;9903;17;9905;14;;;9900.0;0.0
yf_ZW=F_d6;34200;INTARIAN_PEPPER_ROOT;10762;11;10759;19;;;10768;10;10770;22;;;10765.0;0.0
yf_ZW=F_d6;34300;ASH_COATED_OSMIUM;9896;13;9894;32;;;9902;15;9905;14;;;9899.0;0.0
yf_ZW=F_d6;34300;INTARIAN_PEPPER_ROOT;10757;5;10755;17;;;10773;5;10775;26;;;10765.0;0.0
yf_ZW=F_d6;34400;ASH_COATED_OSMIUM;9895;9;9891;21;;;9903;19;9905;24;;;9899.0;0.0
yf_ZW=F_d6;34400;INTARIAN_PEPPER_ROOT;10763;12;10759;18;;;10769;11;10771;19;;;10766.0;0.0
yf_ZW=F_d6;34500;ASH_COATED_OSMIUM;9891;16;9888;19;;;9909;16;9913;17;;;9900.0;0.0
yf_ZW=F_d6;34500;INTARIAN_PEPPER_ROOT;10764;15;10762;27;;;10770;10;10772;21;;;10767.0;0.0
yf_ZW=F_d6;34600;ASH_COATED_OSMIUM;9897;10;9894;20;;;9903;9;9907;17;;;9900.0;0.0
yf_ZW=F_d6;34600;INTARIAN_PEPPER_ROOT;10764;18;10762;8;;;10770;6;10774;12;;;10767.0;0.0
yf_ZW=F_d6;34700;ASH_COATED_OSMIUM;9897;11;9894;15;;;9904;18;9906;14;;;9900.5;0.0
yf_ZW=F_d6;34700;INTARIAN_PEPPER_ROOT;10765;21;10761;23;;;10771;17;10775;11;;;10768.0;0.0
yf_ZW=F_d6;34800;ASH_COATED_OSMIUM;9897;21;9895;29;;;9903;15;9907;30;;;9900.0;0.0
yf_ZW=F_d6;34800;INTARIAN_PEPPER_ROOT;10765;16;10763;10;;;10771;7;10774;22;;;10768.0;0.0
yf_ZW=F_d6;34900;ASH_COATED_OSMIUM;9897;12;9895;20;;;9903;15;9907;17;;;9900.0;0.0
yf_ZW=F_d6;34900;INTARIAN_PEPPER_ROOT;10764;18;10762;23;;;10772;10;10775;14;;;10768.0;0.0
yf_ZW=F_d6;35000;ASH_COATED_OSMIUM;9896;18;9894;21;;;9902;11;9905;13;;;9899.0;0.0
yf_ZW=F_d6;35000;INTARIAN_PEPPER_ROOT;10766;13;10763;15;;;10772;14;10776;20;;;10769.0;0.0
yf_ZW=F_d6;35100;ASH_COATED_OSMIUM;9889;13;9885;18;;;9910;12;9912;29;;;9899.5;0.0
yf_ZW=F_d6;35100;INTARIAN_PEPPER_ROOT;10766;8;10764;13;;;10772;13;10774;31;;;10769.0;0.0
yf_ZW=F_d6;35200;ASH_COATED_OSMIUM;9897;13;9893;18;;;9903;24;9907;18;;;9900.0;0.0
yf_ZW=F_d6;35200;INTARIAN_PEPPER_ROOT;10767;10;10765;21;;;10773;24;10777;25;;;10770.0;0.0
yf_ZW=F_d6;35300;ASH_COATED_OSMIUM;9895;18;9893;14;;;9906;14;9908;18;;;9900.5;0.0
yf_ZW=F_d6;35300;INTARIAN_PEPPER_ROOT;10767;8;10765;13;;;10773;13;10775;22;;;10770.0;0.0
yf_ZW=F_d6;35400;ASH_COATED_OSMIUM;9897;7;9894;10;;;9903;14;9906;15;;;9900.0;0.0
yf_ZW=F_d6;35400;INTARIAN_PEPPER_ROOT;10767;19;10764;21;;;10773;18;10776;25;;;10770.0;0.0
yf_ZW=F_d6;35500;ASH_COATED_OSMIUM;9897;8;9894;19;;;9903;23;9907;17;;;9900.0;0.0
yf_ZW=F_d6;35500;INTARIAN_PEPPER_ROOT;10768;11;10765;23;;;10774;13;10777;17;;;10771.0;0.0
yf_ZW=F_d6;35600;ASH_COATED_OSMIUM;9897;20;9895;16;;;9903;19;9907;20;;;9900.0;0.0
yf_ZW=F_d6;35600;INTARIAN_PEPPER_ROOT;10768;6;10765;17;;;10774;11;10777;28;;;10771.0;0.0
yf_ZW=F_d6;35700;ASH_COATED_OSMIUM;9897;15;9895;21;;;9903;21;9907;19;;;9900.0;0.0
yf_ZW=F_d6;35700;INTARIAN_PEPPER_ROOT;10768;12;10764;23;;;10774;9;10778;19;;;10771.0;0.0
yf_ZW=F_d6;35800;ASH_COATED_OSMIUM;9897;9;9893;17;;;9903;15;9906;8;;;9900.0;0.0
yf_ZW=F_d6;35800;INTARIAN_PEPPER_ROOT;10769;6;10767;21;;;10775;16;10779;8;;;10772.0;0.0
yf_ZW=F_d6;35900;ASH_COATED_OSMIUM;9897;19;9894;25;;;9903;22;9907;13;;;9900.0;0.0
yf_ZW=F_d6;35900;INTARIAN_PEPPER_ROOT;10769;18;10765;12;;;10775;9;10777;24;;;10772.0;0.0
yf_ZW=F_d6;36000;ASH_COATED_OSMIUM;9894;10;9892;22;;;9906;17;9909;20;;;9900.0;0.0
yf_ZW=F_d6;36000;INTARIAN_PEPPER_ROOT;10749;13;10747;21;;;10797;19;10799;25;;;10773.0;0.0
yf_ZW=F_d6;36100;ASH_COATED_OSMIUM;9897;7;9895;17;;;9903;8;9905;19;;;9900.0;0.0
yf_ZW=F_d6;36100;INTARIAN_PEPPER_ROOT;10770;14;10766;16;;;10776;23;10778;15;;;10773.0;0.0
yf_ZW=F_d6;36200;ASH_COATED_OSMIUM;9895;8;9893;13;;;9905;15;9908;16;;;9900.0;0.0
yf_ZW=F_d6;36200;INTARIAN_PEPPER_ROOT;10770;16;10768;22;;;10776;8;10778;24;;;10773.0;0.0
yf_ZW=F_d6;36300;ASH_COATED_OSMIUM;9896;19;9893;10;;;9905;20;9908;16;;;9900.5;0.0
yf_ZW=F_d6;36300;INTARIAN_PEPPER_ROOT;10770;10;10768;26;;;10778;11;10780;28;;;10774.0;0.0
yf_ZW=F_d6;36400;ASH_COATED_OSMIUM;9897;12;9893;13;;;9904;10;9906;27;;;9900.5;0.0
yf_ZW=F_d6;36400;INTARIAN_PEPPER_ROOT;10771;21;10769;16;;;10777;18;10780;18;;;10774.0;0.0
yf_ZW=F_d6;36500;ASH_COATED_OSMIUM;9898;15;9895;13;;;9904;6;9908;23;;;9901.0;0.0
yf_ZW=F_d6;36500;INTARIAN_PEPPER_ROOT;10772;16;10768;16;;;10778;19;10782;22;;;10775.0;0.0
yf_ZW=F_d6;36600;ASH_COATED_OSMIUM;9894;17;9892;25;;;9906;16;9908;23;;;9900.0;0.0
yf_ZW=F_d6;36600;INTARIAN_PEPPER_ROOT;10772;18;10769;19;;;10778;19;10782;12;;;10775.0;0.0
yf_ZW=F_d6;36700;ASH_COATED_OSMIUM;9898;8;9895;12;;;9904;19;9906;16;;;9901.0;0.0
yf_ZW=F_d6;36700;INTARIAN_PEPPER_ROOT;10769;11;10765;12;;;10783;11;10787;16;;;10776.0;0.0
yf_ZW=F_d6;36800;ASH_COATED_OSMIUM;9898;17;9894;8;;;9904;16;9907;11;;;9901.0;0.0
yf_ZW=F_d6;36800;INTARIAN_PEPPER_ROOT;10773;11;10771;20;;;10779;23;10782;23;;;10776.0;0.0
yf_ZW=F_d6;36900;ASH_COATED_OSMIUM;9898;24;9896;16;;;9904;9;9907;26;;;9901.0;0.0
yf_ZW=F_d6;36900;INTARIAN_PEPPER_ROOT;10773;21;10770;21;;;10779;13;10782;24;;;10776.0;0.0
yf_ZW=F_d6;37000;ASH_COATED_OSMIUM;9898;19;9894;19;;;9904;15;9907;18;;;9901.0;0.0
yf_ZW=F_d6;37000;INTARIAN_PEPPER_ROOT;10774;14;10770;16;;;10780;5;10782;12;;;10777.0;0.0
yf_ZW=F_d6;37100;ASH_COATED_OSMIUM;9894;20;9890;16;;;9907;15;9909;25;;;9900.5;0.0
yf_ZW=F_d6;37100;INTARIAN_PEPPER_ROOT;10774;19;10772;24;;;10780;16;10782;13;;;10777.0;0.0
yf_ZW=F_d6;37200;ASH_COATED_OSMIUM;9886;15;9882;14;;;9915;21;9918;21;;;9900.5;0.0
yf_ZW=F_d6;37200;INTARIAN_PEPPER_ROOT;10774;18;10770;23;;;10780;15;10782;12;;;10777.0;0.0
yf_ZW=F_d6;37300;ASH_COATED_OSMIUM;9898;10;9894;15;;;9904;16;9906;20;;;9901.0;0.0
yf_ZW=F_d6;37300;INTARIAN_PEPPER_ROOT;10775;8;10773;22;;;10781;11;10784;17;;;10778.0;0.0
yf_ZW=F_d6;37400;ASH_COATED_OSMIUM;9898;5;9895;19;;;9904;11;9907;15;;;9901.0;0.0
yf_ZW=F_d6;37400;INTARIAN_PEPPER_ROOT;10775;15;10772;22;;;10781;8;10784;18;;;10778.0;0.0
yf_ZW=F_d6;37500;ASH_COATED_OSMIUM;9897;19;9895;27;;;9905;13;9907;24;;;9901.0;0.0
yf_ZW=F_d6;37500;INTARIAN_PEPPER_ROOT;10776;18;10773;21;;;10782;25;10786;25;;;10779.0;0.0
yf_ZW=F_d6;37600;ASH_COATED_OSMIUM;9896;13;9893;15;;;9905;11;9907;15;;;9900.5;0.0
yf_ZW=F_d6;37600;INTARIAN_PEPPER_ROOT;10776;18;10774;14;;;10782;15;10785;22;;;10779.0;0.0
yf_ZW=F_d6;37700;ASH_COATED_OSMIUM;9898;8;9894;24;;;9904;17;9907;23;;;9901.0;0.0
yf_ZW=F_d6;37700;INTARIAN_PEPPER_ROOT;10777;16;10774;24;;;10783;10;10787;25;;;10780.0;0.0
yf_ZW=F_d6;37800;ASH_COATED_OSMIUM;9898;5;9894;14;;;9904;7;9908;8;;;9901.0;0.0
yf_ZW=F_d6;37800;INTARIAN_PEPPER_ROOT;10777;17;10774;35;;;10783;18;10786;21;;;10780.0;0.0
yf_ZW=F_d6;37900;ASH_COATED_OSMIUM;9889;20;9887;24;;;9915;9;9917;26;;;9902.0;0.0
yf_ZW=F_d6;37900;INTARIAN_PEPPER_ROOT;10774;9;10771;16;;;10787;16;10791;13;;;10780.5;0.0
yf_ZW=F_d6;38000;ASH_COATED_OSMIUM;9898;8;9894;14;;;9904;18;9907;8;;;9901.0;0.0
yf_ZW=F_d6;38000;INTARIAN_PEPPER_ROOT;10777;16;10773;15;;;10783;11;10787;16;;;10780.0;0.0
yf_ZW=F_d6;38100;ASH_COATED_OSMIUM;9898;13;9895;18;;;9904;14;9908;23;;;9901.0;0.0
yf_ZW=F_d6;38100;INTARIAN_PEPPER_ROOT;10767;7;10763;20;;;10795;14;10798;18;;;10781.0;0.0
yf_ZW=F_d6;38200;ASH_COATED_OSMIUM;9898;14;9895;21;;;9904;24;9906;22;;;9901.0;0.0
yf_ZW=F_d6;38200;INTARIAN_PEPPER_ROOT;10777;16;10775;22;;;10785;11;10788;14;;;10781.0;0.0
yf_ZW=F_d6;38300;ASH_COATED_OSMIUM;9892;12;9888;19;;;9911;14;9913;22;;;9901.5;0.0
yf_ZW=F_d6;38300;INTARIAN_PEPPER_ROOT;10775;11;10772;14;;;10789;20;10792;22;;;10782.0;0.0
yf_ZW=F_d6;38400;ASH_COATED_OSMIUM;9899;12;9896;13;;;9905;21;9909;20;;;9902.0;0.0
yf_ZW=F_d6;38400;INTARIAN_PEPPER_ROOT;10779;7;10777;10;;;10785;13;10789;22;;;10782.0;0.0
yf_ZW=F_d6;38500;ASH_COATED_OSMIUM;9898;5;9895;21;;;9904;18;9908;18;;;9901.0;0.0
yf_ZW=F_d6;38500;INTARIAN_PEPPER_ROOT;10775;17;10772;21;;;10792;13;10795;17;;;10783.5;0.0
yf_ZW=F_d6;38600;ASH_COATED_OSMIUM;9898;21;9896;23;;;9904;12;9906;26;;;9901.0;0.0
yf_ZW=F_d6;38600;INTARIAN_PEPPER_ROOT;10781;20;10777;20;;;10787;18;10789;17;;;10784.0;0.0
yf_ZW=F_d6;38700;ASH_COATED_OSMIUM;9898;13;9894;15;;;9904;9;9908;20;;;9901.0;0.0
yf_ZW=F_d6;38700;INTARIAN_PEPPER_ROOT;10779;18;10776;20;;;10788;18;10791;14;;;10783.5;0.0
yf_ZW=F_d6;38800;ASH_COATED_OSMIUM;9894;14;9890;19;;;9910;7;9914;16;;;9902.0;0.0
yf_ZW=F_d6;38800;INTARIAN_PEPPER_ROOT;10781;10;10779;24;;;10787;14;10789;24;;;10784.0;0.0
yf_ZW=F_d6;38900;ASH_COATED_OSMIUM;9898;5;9896;20;;;9904;6;9907;18;;;9901.0;0.0
yf_ZW=F_d6;38900;INTARIAN_PEPPER_ROOT;10777;20;10773;19;;;10793;20;10796;29;;;10785.0;0.0
yf_ZW=F_d6;39000;ASH_COATED_OSMIUM;9895;16;9893;14;;;9908;14;9911;15;;;9901.5;0.0
yf_ZW=F_d6;39000;INTARIAN_PEPPER_ROOT;10782;14;10778;24;;;10788;20;10790;17;;;10785.0;0.0
yf_ZW=F_d6;39100;ASH_COATED_OSMIUM;9894;8;9892;21;;;9908;27;9912;23;;;9901.0;0.0
yf_ZW=F_d6;39100;INTARIAN_PEPPER_ROOT;10780;12;10776;14;;;10792;9;10796;17;;;10786.0;0.0
yf_ZW=F_d6;39200;ASH_COATED_OSMIUM;9899;18;9896;12;;;9905;14;9908;22;;;9902.0;0.0
yf_ZW=F_d6;39200;INTARIAN_PEPPER_ROOT;10783;11;10781;31;;;10789;5;10792;16;;;10786.0;0.0
yf_ZW=F_d6;39300;ASH_COATED_OSMIUM;9899;17;9895;21;;;9905;13;9908;18;;;9902.0;0.0
yf_ZW=F_d6;39300;INTARIAN_PEPPER_ROOT;10780;21;10776;23;;;10793;13;10796;27;;;10786.5;0.0
yf_ZW=F_d6;39400;ASH_COATED_OSMIUM;9898;9;9896;20;;;9904;17;9908;8;;;9901.0;0.0
yf_ZW=F_d6;39400;INTARIAN_PEPPER_ROOT;10784;6;10782;23;;;10790;18;10794;20;;;10787.0;0.0
yf_ZW=F_d6;39500;ASH_COATED_OSMIUM;9889;8;9885;15;;;9914;12;9918;23;;;9901.5;0.0
yf_ZW=F_d6;39500;INTARIAN_PEPPER_ROOT;10784;20;10781;18;;;10790;17;10794;19;;;10787.0;0.0
yf_ZW=F_d6;39600;ASH_COATED_OSMIUM;9899;19;9896;19;;;9905;8;9907;8;;;9902.0;0.0
yf_ZW=F_d6;39600;INTARIAN_PEPPER_ROOT;10774;12;10772;21;;;10801;10;10805;16;;;10787.5;0.0
yf_ZW=F_d6;39700;ASH_COATED_OSMIUM;9892;18;9890;21;;;9911;13;9914;20;;;9901.5;0.0
yf_ZW=F_d6;39700;INTARIAN_PEPPER_ROOT;10785;7;10782;23;;;10791;12;10793;15;;;10788.0;0.0
yf_ZW=F_d6;39800;ASH_COATED_OSMIUM;9899;19;9897;12;;;9905;10;9908;24;;;9902.0;0.0
yf_ZW=F_d6;39800;INTARIAN_PEPPER_ROOT;10785;15;10783;20;;;10791;15;10794;20;;;10788.0;0.0
yf_ZW=F_d6;39900;ASH_COATED_OSMIUM;9899;13;9895;14;;;9905;10;9907;15;;;9902.0;0.0
yf_ZW=F_d6;39900;INTARIAN_PEPPER_ROOT;10785;21;10783;16;;;10791;10;10795;15;;;10788.0;0.0
yf_ZW=F_d6;40000;ASH_COATED_OSMIUM;9895;18;9891;26;;;9908;13;9912;16;;;9901.5;0.0
yf_ZW=F_d6;40000;INTARIAN_PEPPER_ROOT;10780;18;10776;16;;;10799;20;10801;21;;;10789.5;0.0
yf_ZW=F_d6;40100;ASH_COATED_OSMIUM;9899;18;9897;10;;;9905;17;9909;20;;;9902.0;0.0
yf_ZW=F_d6;40100;INTARIAN_PEPPER_ROOT;10781;10;10779;20;;;10798;10;10800;18;;;10789.5;0.0
yf_ZW=F_d6;40200;ASH_COATED_OSMIUM;9892;11;9888;24;;;9912;10;9914;13;;;9902.0;0.0
yf_ZW=F_d6;40200;INTARIAN_PEPPER_ROOT;10787;17;10785;16;;;10793;12;10797;18;;;10790.0;0.0
yf_ZW=F_d6;40300;ASH_COATED_OSMIUM;9892;10;9890;18;;;9912;19;9916;10;;;9902.0;0.0
yf_ZW=F_d6;40300;INTARIAN_PEPPER_ROOT;10786;23;10784;17;;;10795;19;10797;15;;;10790.5;0.0
yf_ZW=F_d6;40400;ASH_COATED_OSMIUM;9899;17;9896;17;;;9906;5;9908;16;;;9902.5;0.0
yf_ZW=F_d6;40400;INTARIAN_PEPPER_ROOT;10787;18;10785;14;;;10793;18;10797;16;;;10790.0;0.0
yf_ZW=F_d6;40500;ASH_COATED_OSMIUM;9899;13;9895;8;;;9905;18;9907;19;;;9902.0;0.0
yf_ZW=F_d6;40500;INTARIAN_PEPPER_ROOT;10788;17;10784;23;;;10794;27;10797;19;;;10791.0;0.0
yf_ZW=F_d6;40600;ASH_COATED_OSMIUM;9899;19;9896;21;;;9905;10;9909;13;;;9902.0;0.0
yf_ZW=F_d6;40600;INTARIAN_PEPPER_ROOT;10787;21;10785;23;;;10797;21;10801;24;;;10792.0;0.0
yf_ZW=F_d6;40700;ASH_COATED_OSMIUM;9899;16;9897;19;;;9905;14;9908;19;;;9902.0;0.0
yf_ZW=F_d6;40700;INTARIAN_PEPPER_ROOT;10788;15;10785;14;;;10794;12;10798;20;;;10791.0;0.0
yf_ZW=F_d6;40800;ASH_COATED_OSMIUM;9891;6;9889;13;;;9913;13;9917;23;;;9902.0;0.0
yf_ZW=F_d6;40800;INTARIAN_PEPPER_ROOT;10790;19;10786;23;;;10796;15;10799;20;;;10793.0;0.0
yf_ZW=F_d6;40900;ASH_COATED_OSMIUM;9900;19;9897;15;;;9906;16;9910;23;;;9903.0;0.0
yf_ZW=F_d6;40900;INTARIAN_PEPPER_ROOT;10784;18;10780;20;;;10803;20;10805;27;;;10793.5;0.0
yf_ZW=F_d6;41000;ASH_COATED_OSMIUM;9896;5;9893;14;;;9907;19;9909;23;;;9901.5;0.0
yf_ZW=F_d6;41000;INTARIAN_PEPPER_ROOT;10790;9;10787;13;;;10796;9;10799;21;;;10793.0;0.0
yf_ZW=F_d6;41100;ASH_COATED_OSMIUM;9898;22;9894;29;;;9907;23;9910;19;;;9902.5;0.0
yf_ZW=F_d6;41100;INTARIAN_PEPPER_ROOT;10779;16;10777;19;;;10807;14;10811;30;;;10793.0;0.0
yf_ZW=F_d6;41200;ASH_COATED_OSMIUM;9899;8;9896;15;;;9905;15;9908;24;;;9902.0;0.0
yf_ZW=F_d6;41200;INTARIAN_PEPPER_ROOT;10791;10;10788;13;;;10797;20;10800;22;;;10794.0;0.0
yf_ZW=F_d6;41300;ASH_COATED_OSMIUM;9900;18;9897;19;;;9906;26;9908;17;;;9903.0;0.0
yf_ZW=F_d6;41300;INTARIAN_PEPPER_ROOT;10791;16;10788;25;;;10797;18;10799;15;;;10794.0;0.0
yf_ZW=F_d6;41400;ASH_COATED_OSMIUM;9896;15;9893;15;;;9908;12;9911;24;;;9902.0;0.0
yf_ZW=F_d6;41400;INTARIAN_PEPPER_ROOT;10791;14;10787;15;;;10797;12;10800;15;;;10794.0;0.0
yf_ZW=F_d6;41500;ASH_COATED_OSMIUM;9898;21;9894;11;;;9907;18;9910;21;;;9902.5;0.0
yf_ZW=F_d6;41500;INTARIAN_PEPPER_ROOT;10792;13;10790;23;;;10798;10;10802;20;;;10795.0;0.0
yf_ZW=F_d6;41600;ASH_COATED_OSMIUM;9899;13;9895;20;;;9905;14;9909;14;;;9902.0;0.0
yf_ZW=F_d6;41600;INTARIAN_PEPPER_ROOT;10793;12;10790;11;;;10799;13;10801;20;;;10796.0;0.0
yf_ZW=F_d6;41700;ASH_COATED_OSMIUM;9898;5;9894;24;;;9907;9;9910;27;;;9902.5;0.0
yf_ZW=F_d6;41700;INTARIAN_PEPPER_ROOT;10790;9;10788;25;;;10802;20;10804;23;;;10796.0;0.0
yf_ZW=F_d6;41800;ASH_COATED_OSMIUM;9899;16;9897;26;;;9905;21;9908;20;;;9902.0;0.0
yf_ZW=F_d6;41800;INTARIAN_PEPPER_ROOT;10787;21;10785;21;;;10805;8;10807;15;;;10796.0;0.0
yf_ZW=F_d6;41900;ASH_COATED_OSMIUM;9894;10;9890;23;;;9911;9;9915;18;;;9902.5;0.0
yf_ZW=F_d6;41900;INTARIAN_PEPPER_ROOT;10794;14;10792;25;;;10800;15;10802;17;;;10797.0;0.0
yf_ZW=F_d6;42000;ASH_COATED_OSMIUM;9899;18;9895;21;;;9905;22;9909;23;;;9902.0;0.0
yf_ZW=F_d6;42000;INTARIAN_PEPPER_ROOT;10786;11;10782;22;;;10809;22;10811;20;;;10797.5;0.0
yf_ZW=F_d6;42100;ASH_COATED_OSMIUM;9899;18;9895;20;;;9905;10;9908;31;;;9902.0;0.0
yf_ZW=F_d6;42100;INTARIAN_PEPPER_ROOT;10792;17;10788;16;;;10803;7;10805;23;;;10797.5;0.0
yf_ZW=F_d6;42200;ASH_COATED_OSMIUM;9899;9;9896;13;;;9905;19;9907;20;;;9902.0;0.0
yf_ZW=F_d6;42200;INTARIAN_PEPPER_ROOT;10796;10;10793;24;;;10802;8;10804;22;;;10799.0;0.0
yf_ZW=F_d6;42300;ASH_COATED_OSMIUM;9899;10;9895;20;;;9905;18;9908;28;;;9902.0;0.0
yf_ZW=F_d6;42300;INTARIAN_PEPPER_ROOT;10795;11;10792;15;;;10801;18;10803;10;;;10798.0;0.0
yf_ZW=F_d6;42400;ASH_COATED_OSMIUM;9876;13;9874;14;;;9930;14;9933;13;;;9903.0;0.0
yf_ZW=F_d6;42400;INTARIAN_PEPPER_ROOT;10795;11;10792;12;;;10803;10;10806;16;;;10799.0;0.0
yf_ZW=F_d6;42500;ASH_COATED_OSMIUM;9900;17;9896;14;;;9906;22;9908;24;;;9903.0;0.0
yf_ZW=F_d6;42500;INTARIAN_PEPPER_ROOT;10797;5;10793;22;;;10803;20;10805;13;;;10800.0;0.0
yf_ZW=F_d6;42600;ASH_COATED_OSMIUM;9900;10;9898;14;;;9906;14;9908;19;;;9903.0;0.0
yf_ZW=F_d6;42600;INTARIAN_PEPPER_ROOT;10797;16;10795;9;;;10803;9;10806;21;;;10800.0;0.0
yf_ZW=F_d6;42700;ASH_COATED_OSMIUM;9899;14;9897;18;;;9905;21;9909;22;;;9902.0;0.0
yf_ZW=F_d6;42700;INTARIAN_PEPPER_ROOT;10797;10;10794;15;;;10803;18;10805;25;;;10800.0;0.0
yf_ZW=F_d6;42800;ASH_COATED_OSMIUM;9889;17;9885;17;;;9917;7;9921;21;;;9903.0;0.0
yf_ZW=F_d6;42800;INTARIAN_PEPPER_ROOT;10797;14;10793;22;;;10803;9;10807;12;;;10800.0;0.0
yf_ZW=F_d6;42900;ASH_COATED_OSMIUM;9899;21;9896;21;;;9906;16;9909;16;;;9902.5;0.0
yf_ZW=F_d6;42900;INTARIAN_PEPPER_ROOT;10798;23;10794;20;;;10804;15;10807;18;;;10801.0;0.0
yf_ZW=F_d6;43000;ASH_COATED_OSMIUM;9899;26;9897;22;;;9905;21;9909;18;;;9902.0;0.0
yf_ZW=F_d6;43000;INTARIAN_PEPPER_ROOT;10794;12;10790;19;;;10808;18;10811;18;;;10801.0;0.0
yf_ZW=F_d6;43100;ASH_COATED_OSMIUM;9900;5;9896;16;;;9906;16;9909;18;;;9903.0;0.0
yf_ZW=F_d6;43100;INTARIAN_PEPPER_ROOT;10798;10;10796;29;;;10804;20;10808;24;;;10801.0;0.0
yf_ZW=F_d6;43200;ASH_COATED_OSMIUM;9890;5;9887;20;;;9915;19;9917;27;;;9902.5;0.0
yf_ZW=F_d6;43200;INTARIAN_PEPPER_ROOT;10791;16;10787;24;;;10814;16;10816;22;;;10802.5;0.0
yf_ZW=F_d6;43300;ASH_COATED_OSMIUM;9897;11;9894;18;;;9908;21;9912;29;;;9902.5;0.0
yf_ZW=F_d6;43300;INTARIAN_PEPPER_ROOT;10800;18;10797;19;;;10806;13;10808;18;;;10803.0;0.0
yf_ZW=F_d6;43400;ASH_COATED_OSMIUM;9892;21;9889;23;;;9914;10;9918;24;;;9903.0;0.0
yf_ZW=F_d6;43400;INTARIAN_PEPPER_ROOT;10791;6;10788;30;;;10814;15;10817;25;;;10802.5;0.0
yf_ZW=F_d6;43500;ASH_COATED_OSMIUM;9900;11;9898;26;;;9906;9;9908;20;;;9903.0;0.0
yf_ZW=F_d6;43500;INTARIAN_PEPPER_ROOT;10800;21;10797;23;;;10806;15;10810;10;;;10803.0;0.0
yf_ZW=F_d6;43600;ASH_COATED_OSMIUM;9900;10;9897;19;;;9906;14;9908;15;;;9903.0;0.0
yf_ZW=F_d6;43600;INTARIAN_PEPPER_ROOT;10800;13;10797;32;;;10806;20;10810;9;;;10803.0;0.0
yf_ZW=F_d6;43700;ASH_COATED_OSMIUM;9898;10;9896;15;;;9909;15;9913;20;;;9903.5;0.0
yf_ZW=F_d6;43700;INTARIAN_PEPPER_ROOT;10799;16;10795;20;;;10810;16;10812;20;;;10804.5;0.0
yf_ZW=F_d6;43800;ASH_COATED_OSMIUM;9900;21;9896;19;;;9906;18;9909;11;;;9903.0;0.0
yf_ZW=F_d6;43800;INTARIAN_PEPPER_ROOT;10802;5;10799;19;;;10808;28;10810;23;;;10805.0;0.0
yf_ZW=F_d6;43900;ASH_COATED_OSMIUM;9900;11;9897;21;;;9906;10;9909;20;;;9903.0;0.0
yf_ZW=F_d6;43900;INTARIAN_PEPPER_ROOT;10802;10;10798;17;;;10808;19;10810;13;;;10805.0;0.0
yf_ZW=F_d6;44000;ASH_COATED_OSMIUM;9895;5;9893;18;;;9911;12;9915;19;;;9903.0;0.0
yf_ZW=F_d6;44000;INTARIAN_PEPPER_ROOT;10801;14;10797;16;;;10810;7;10813;18;;;10805.5;0.0
yf_ZW=F_d6;44100;ASH_COATED_OSMIUM;9900;11;9897;30;;;9906;24;9910;17;;;9903.0;0.0
yf_ZW=F_d6;44100;INTARIAN_PEPPER_ROOT;10803;19;10800;20;;;10809;15;10811;24;;;10806.0;0.0
yf_ZW=F_d6;44200;ASH_COATED_OSMIUM;9899;16;9895;23;;;9908;14;9911;19;;;9903.5;0.0
yf_ZW=F_d6;44200;INTARIAN_PEPPER_ROOT;10802;15;10800;16;;;10811;5;10815;25;;;10806.5;0.0
yf_ZW=F_d6;44300;ASH_COATED_OSMIUM;9892;16;9888;22;;;9914;15;9917;18;;;9903.0;0.0
yf_ZW=F_d6;44300;INTARIAN_PEPPER_ROOT;10802;23;10800;21;;;10811;12;10813;23;;;10806.5;0.0
yf_ZW=F_d6;44400;ASH_COATED_OSMIUM;9900;15;9896;23;;;9906;10;9908;23;;;9903.0;0.0
yf_ZW=F_d6;44400;INTARIAN_PEPPER_ROOT;10803;14;10799;24;;;10809;23;10811;11;;;10806.0;0.0
yf_ZW=F_d6;44500;ASH_COATED_OSMIUM;9900;19;9898;20;;;9906;21;9908;11;;;9903.0;0.0
yf_ZW=F_d6;44500;INTARIAN_PEPPER_ROOT;10804;6;10800;15;;;10810;13;10814;12;;;10807.0;0.0
yf_ZW=F_d6;44600;ASH_COATED_OSMIUM;9899;17;9896;22;;;9908;10;9911;18;;;9903.5;0.0
yf_ZW=F_d6;44600;INTARIAN_PEPPER_ROOT;10802;21;10799;20;;;10814;11;10816;22;;;10808.0;0.0
yf_ZW=F_d6;44700;ASH_COATED_OSMIUM;9901;11;9898;24;;;9907;23;9909;10;;;9904.0;0.0
yf_ZW=F_d6;44700;INTARIAN_PEPPER_ROOT;10805;9;10801;14;;;10811;8;10814;21;;;10808.0;0.0
yf_ZW=F_d6;44800;ASH_COATED_OSMIUM;9901;15;9899;24;;;9907;12;9911;14;;;9904.0;0.0
yf_ZW=F_d6;44800;INTARIAN_PEPPER_ROOT;10802;7;10799;18;;;10817;19;10820;23;;;10809.5;0.0
yf_ZW=F_d6;44900;ASH_COATED_OSMIUM;9900;11;9897;25;;;9908;19;9912;24;;;9904.0;0.0
yf_ZW=F_d6;44900;INTARIAN_PEPPER_ROOT;10806;17;10804;14;;;10812;10;10814;24;;;10809.0;0.0
yf_ZW=F_d6;45000;ASH_COATED_OSMIUM;9900;19;9898;10;;;9907;6;9909;28;;;9903.5;0.0
yf_ZW=F_d6;45000;INTARIAN_PEPPER_ROOT;10798;18;10796;9;;;10822;13;10826;22;;;10810.0;0.0
yf_ZW=F_d6;45100;ASH_COATED_OSMIUM;9900;13;9896;26;;;9906;13;9908;15;;;9903.0;0.0
yf_ZW=F_d6;45100;INTARIAN_PEPPER_ROOT;10802;15;10798;28;;;10818;9;10821;17;;;10810.0;0.0
yf_ZW=F_d6;45200;ASH_COATED_OSMIUM;9899;16;9896;10;;;9908;17;9912;19;;;9903.5;0.0
yf_ZW=F_d6;45200;INTARIAN_PEPPER_ROOT;10808;19;10805;20;;;10814;12;10817;27;;;10811.0;0.0
yf_ZW=F_d6;45300;ASH_COATED_OSMIUM;9899;12;9896;10;;;9908;12;9910;14;;;9903.5;0.0
yf_ZW=F_d6;45300;INTARIAN_PEPPER_ROOT;10808;16;10804;13;;;10814;14;10817;18;;;10811.0;0.0
yf_ZW=F_d6;45400;ASH_COATED_OSMIUM;9901;13;9897;23;;;9907;8;9911;15;;;9904.0;0.0
yf_ZW=F_d6;45400;INTARIAN_PEPPER_ROOT;10807;7;10803;10;;;10816;20;10820;14;;;10811.5;0.0
yf_ZW=F_d6;45500;ASH_COATED_OSMIUM;9901;16;9899;20;;;9907;5;9910;26;;;9904.0;0.0
yf_ZW=F_d6;45500;INTARIAN_PEPPER_ROOT;10809;5;10807;17;;;10815;13;10817;25;;;10812.0;0.0
yf_ZW=F_d6;45600;ASH_COATED_OSMIUM;9895;12;9891;16;;;9913;20;9917;24;;;9904.0;0.0
yf_ZW=F_d6;45600;INTARIAN_PEPPER_ROOT;10800;22;10796;18;;;10825;18;10827;20;;;10812.5;0.0
yf_ZW=F_d6;45700;ASH_COATED_OSMIUM;9901;20;9897;24;;;9907;12;9911;24;;;9904.0;0.0
yf_ZW=F_d6;45700;INTARIAN_PEPPER_ROOT;10810;8;10807;16;;;10816;14;10820;19;;;10813.0;0.0
yf_ZW=F_d6;45800;ASH_COATED_OSMIUM;9901;9;9897;24;;;9907;20;9911;17;;;9904.0;0.0
yf_ZW=F_d6;45800;INTARIAN_PEPPER_ROOT;10799;5;10797;23;;;10827;12;10831;12;;;10813.0;0.0
yf_ZW=F_d6;45900;ASH_COATED_OSMIUM;9901;15;9898;22;;;9907;18;9911;24;;;9904.0;0.0
yf_ZW=F_d6;45900;INTARIAN_PEPPER_ROOT;10810;22;10808;17;;;10816;15;10819;21;;;10813.0;0.0
yf_ZW=F_d6;46000;ASH_COATED_OSMIUM;9900;24;9898;8;;;9909;8;9911;21;;;9904.5;0.0
yf_ZW=F_d6;46000;INTARIAN_PEPPER_ROOT;10810;14;10808;22;;;10816;6;10819;22;;;10813.0;0.0
yf_ZW=F_d6;46100;ASH_COATED_OSMIUM;9889;6;9885;17;;;9918;12;9922;22;;;9903.5;0.0
yf_ZW=F_d6;46100;INTARIAN_PEPPER_ROOT;10805;5;10802;17;;;10824;11;10828;19;;;10814.5;0.0
yf_ZW=F_d6;46200;ASH_COATED_OSMIUM;9895;20;9891;22;;;9912;20;9915;15;;;9903.5;0.0
yf_ZW=F_d6;46200;INTARIAN_PEPPER_ROOT;10812;14;10808;10;;;10818;15;10820;12;;;10815.0;0.0
yf_ZW=F_d6;46300;ASH_COATED_OSMIUM;9901;6;9899;18;;;9907;10;9909;21;;;9904.0;0.0
yf_ZW=F_d6;46300;INTARIAN_PEPPER_ROOT;10812;16;10810;22;;;10818;13;10820;21;;;10815.0;0.0
yf_ZW=F_d6;46400;ASH_COATED_OSMIUM;9901;5;9899;25;;;9907;22;9909;27;;;9904.0;0.0
yf_ZW=F_d6;46400;INTARIAN_PEPPER_ROOT;10812;18;10809;21;;;10818;27;10820;21;;;10815.0;0.0
yf_ZW=F_d6;46500;ASH_COATED_OSMIUM;9899;17;9897;21;;;9909;16;9911;8;;;9904.0;0.0
yf_ZW=F_d6;46500;INTARIAN_PEPPER_ROOT;10809;6;10807;19;;;10823;19;10826;25;;;10816.0;0.0
yf_ZW=F_d6;46600;ASH_COATED_OSMIUM;9901;15;9898;25;;;9907;18;9910;18;;;9904.0;0.0
yf_ZW=F_d6;46600;INTARIAN_PEPPER_ROOT;10813;17;10811;11;;;10819;19;10821;24;;;10816.0;0.0
yf_ZW=F_d6;46700;ASH_COATED_OSMIUM;9901;14;9898;27;;;9907;7;9910;8;;;9904.0;0.0
yf_ZW=F_d6;46700;INTARIAN_PEPPER_ROOT;10810;21;10807;14;;;10823;21;10827;22;;;10816.5;0.0
yf_ZW=F_d6;46800;ASH_COATED_OSMIUM;9901;11;9899;20;;;9907;10;9911;17;;;9904.0;0.0
yf_ZW=F_d6;46800;INTARIAN_PEPPER_ROOT;10813;17;10810;27;;;10822;14;10825;18;;;10817.5;0.0
yf_ZW=F_d6;46900;ASH_COATED_OSMIUM;9902;16;9900;18;;;9908;5;9912;27;;;9905.0;0.0
yf_ZW=F_d6;46900;INTARIAN_PEPPER_ROOT;10812;12;10810;10;;;10823;19;10826;20;;;10817.5;0.0
yf_ZW=F_d6;47000;ASH_COATED_OSMIUM;9902;14;9900;17;;;9908;9;9911;26;;;9905.0;0.0
yf_ZW=F_d6;47000;INTARIAN_PEPPER_ROOT;10815;11;10811;18;;;10821;21;10823;21;;;10818.0;0.0
yf_ZW=F_d6;47100;ASH_COATED_OSMIUM;9891;27;9889;15;;;9918;13;9921;27;;;9904.5;0.0
yf_ZW=F_d6;47100;INTARIAN_PEPPER_ROOT;10815;17;10813;28;;;10822;16;10826;31;;;10818.5;0.0
yf_ZW=F_d6;47200;ASH_COATED_OSMIUM;9901;15;9897;20;;;9907;12;9909;15;;;9904.0;0.0
yf_ZW=F_d6;47200;INTARIAN_PEPPER_ROOT;10815;15;10813;23;;;10821;18;10823;28;;;10818.0;0.0
yf_ZW=F_d6;47300;ASH_COATED_OSMIUM;9902;8;9900;19;;;9908;15;9910;15;;;9905.0;0.0
yf_ZW=F_d6;47300;INTARIAN_PEPPER_ROOT;10808;9;10805;21;;;10831;27;10835;8;;;10819.5;0.0
yf_ZW=F_d6;47400;ASH_COATED_OSMIUM;9901;15;9898;13;;;9907;5;9909;31;;;9904.0;0.0
yf_ZW=F_d6;47400;INTARIAN_PEPPER_ROOT;10816;5;10812;35;;;10824;16;10828;13;;;10820.0;0.0
yf_ZW=F_d6;47500;ASH_COATED_OSMIUM;9901;16;9898;15;;;9907;18;9911;17;;;9904.0;0.0
yf_ZW=F_d6;47500;INTARIAN_PEPPER_ROOT;10817;24;10815;23;;;10823;11;10826;21;;;10820.0;0.0
yf_ZW=F_d6;47600;ASH_COATED_OSMIUM;9901;23;9899;18;;;9907;13;9910;23;;;9904.0;0.0
yf_ZW=F_d6;47600;INTARIAN_PEPPER_ROOT;10817;23;10815;31;;;10823;21;10826;19;;;10820.0;0.0
yf_ZW=F_d6;47700;ASH_COATED_OSMIUM;9901;16;9899;27;;;9907;9;9909;24;;;9904.0;0.0
yf_ZW=F_d6;47700;INTARIAN_PEPPER_ROOT;10816;16;10813;15;;;10824;9;10827;11;;;10820.0;0.0
yf_ZW=F_d6;47800;ASH_COATED_OSMIUM;9901;19;9898;9;;;9907;5;9910;23;;;9904.0;0.0
yf_ZW=F_d6;47800;INTARIAN_PEPPER_ROOT;10818;14;10815;23;;;10824;16;10826;21;;;10821.0;0.0
yf_ZW=F_d6;47900;ASH_COATED_OSMIUM;9899;24;9897;16;;;9909;14;9913;18;;;9904.0;0.0
yf_ZW=F_d6;47900;INTARIAN_PEPPER_ROOT;10814;17;10810;9;;;10828;24;10831;19;;;10821.0;0.0
yf_ZW=F_d6;48000;ASH_COATED_OSMIUM;9902;16;9900;25;;;9908;11;9910;22;;;9905.0;0.0
yf_ZW=F_d6;48000;INTARIAN_PEPPER_ROOT;10819;22;10815;21;;;10825;13;10828;24;;;10822.0;0.0
yf_ZW=F_d6;48100;ASH_COATED_OSMIUM;9902;17;9900;17;;;9908;16;9910;15;;;9905.0;0.0
yf_ZW=F_d6;48100;INTARIAN_PEPPER_ROOT;10798;11;10794;23;;;10846;17;10850;17;;;10822.0;0.0
yf_ZW=F_d6;48200;ASH_COATED_OSMIUM;9889;18;9885;20;;;9921;20;9924;10;;;9905.0;0.0
yf_ZW=F_d6;48200;INTARIAN_PEPPER_ROOT;10819;20;10816;19;;;10828;27;10831;25;;;10823.5;0.0
yf_ZW=F_d6;48300;ASH_COATED_OSMIUM;9902;19;9900;15;;;9908;17;9911;17;;;9905.0;0.0
yf_ZW=F_d6;48300;INTARIAN_PEPPER_ROOT;10815;19;10812;22;;;10832;5;10835;19;;;10823.5;0.0
yf_ZW=F_d6;48400;ASH_COATED_OSMIUM;9896;27;9894;14;;;9914;15;9917;22;;;9905.0;0.0
yf_ZW=F_d6;48400;INTARIAN_PEPPER_ROOT;10820;19;10818;27;;;10826;10;10829;32;;;10823.0;0.0
yf_ZW=F_d6;48500;ASH_COATED_OSMIUM;9901;13;9899;18;;;9907;26;9910;23;;;9904.0;0.0
yf_ZW=F_d6;48500;INTARIAN_PEPPER_ROOT;10814;16;10811;21;;;10834;17;10836;21;;;10824.0;0.0
yf_ZW=F_d6;48600;ASH_COATED_OSMIUM;9900;20;9898;20;;;9910;9;9912;18;;;9905.0;0.0
yf_ZW=F_d6;48600;INTARIAN_PEPPER_ROOT;10821;24;10818;11;;;10827;18;10831;20;;;10824.0;0.0
yf_ZW=F_d6;48700;ASH_COATED_OSMIUM;9887;9;9883;23;;;9924;19;9927;13;;;9905.5;0.0
yf_ZW=F_d6;48700;INTARIAN_PEPPER_ROOT;10816;15;10814;16;;;10833;13;10835;18;;;10824.5;0.0
yf_ZW=F_d6;48800;ASH_COATED_OSMIUM;9901;27;9897;13;;;9907;10;9909;17;;;9904.0;0.0
yf_ZW=F_d6;48800;INTARIAN_PEPPER_ROOT;10822;6;10820;23;;;10828;11;10830;13;;;10825.0;0.0
yf_ZW=F_d6;48900;ASH_COATED_OSMIUM;9901;20;9899;10;;;9909;13;9911;19;;;9905.0;0.0
yf_ZW=F_d6;48900;INTARIAN_PEPPER_ROOT;10819;10;10815;18;;;10831;17;10835;17;;;10825.0;0.0
yf_ZW=F_d6;49000;ASH_COATED_OSMIUM;9901;15;9899;22;;;9907;10;9910;17;;;9904.0;0.0
yf_ZW=F_d6;49000;INTARIAN_PEPPER_ROOT;10823;6;10821;16;;;10829;24;10832;26;;;10826.0;0.0
yf_ZW=F_d6;49100;ASH_COATED_OSMIUM;9900;13;9898;15;;;9911;23;9913;16;;;9905.5;0.0
yf_ZW=F_d6;49100;INTARIAN_PEPPER_ROOT;10824;5;10822;17;;;10830;17;10832;17;;;10827.0;0.0
yf_ZW=F_d6;49200;ASH_COATED_OSMIUM;9901;13;9898;19;;;9910;17;9912;20;;;9905.5;0.0
yf_ZW=F_d6;49200;INTARIAN_PEPPER_ROOT;10823;19;10820;21;;;10829;14;10832;10;;;10826.0;0.0
yf_ZW=F_d6;49300;ASH_COATED_OSMIUM;9900;18;9896;18;;;9910;22;9913;22;;;9905.0;0.0
yf_ZW=F_d6;49300;INTARIAN_PEPPER_ROOT;10820;23;10816;25;;;10835;13;10838;18;;;10827.5;0.0
yf_ZW=F_d6;49400;ASH_COATED_OSMIUM;9902;12;9898;29;;;9908;14;9912;19;;;9905.0;0.0
yf_ZW=F_d6;49400;INTARIAN_PEPPER_ROOT;10823;19;10819;20;;;10833;15;10837;29;;;10828.0;0.0
yf_ZW=F_d6;49500;ASH_COATED_OSMIUM;9896;16;9893;20;;;9915;10;9919;25;;;9905.5;0.0
yf_ZW=F_d6;49500;INTARIAN_PEPPER_ROOT;10825;9;10821;21;;;10831;7;10834;24;;;10828.0;0.0
yf_ZW=F_d6;49600;ASH_COATED_OSMIUM;9902;17;9898;24;;;9908;19;9910;13;;;9905.0;0.0
yf_ZW=F_d6;49600;INTARIAN_PEPPER_ROOT;10825;16;10823;23;;;10831;18;10834;24;;;10828.0;0.0
yf_ZW=F_d6;49700;ASH_COATED_OSMIUM;9902;17;9899;26;;;9908;16;9910;11;;;9905.0;0.0
yf_ZW=F_d6;49700;INTARIAN_PEPPER_ROOT;10822;13;10818;22;;;10837;14;10840;24;;;10829.5;0.0
yf_ZW=F_d6;49800;ASH_COATED_OSMIUM;9902;15;9899;17;;;9908;17;9910;16;;;9905.0;0.0
yf_ZW=F_d6;49800;INTARIAN_PEPPER_ROOT;10818;6;10816;24;;;10841;5;10844;10;;;10829.5;0.0
yf_ZW=F_d6;49900;ASH_COATED_OSMIUM;9900;22;9897;32;;;9910;16;9912;29;;;9905.0;0.0
yf_ZW=F_d6;49900;INTARIAN_PEPPER_ROOT;10827;23;10824;22;;;10833;17;10836;22;;;10830.0;0.0
yf_ZW=F_d6;50000;ASH_COATED_OSMIUM;9897;21;9895;13;;;9914;15;9918;16;;;9905.5;0.0
yf_ZW=F_d6;50000;INTARIAN_PEPPER_ROOT;10826;20;10823;19;;;10835;19;10839;18;;;10830.5;0.0
yf_ZW=F_d6;50100;ASH_COATED_OSMIUM;9903;20;9901;29;;;9909;14;9912;19;;;9906.0;0.0
yf_ZW=F_d6;50100;INTARIAN_PEPPER_ROOT;10827;12;10823;23;;;10833;23;10836;17;;;10830.0;0.0
yf_ZW=F_d6;50200;ASH_COATED_OSMIUM;9892;18;9889;28;;;9920;10;9924;21;;;9906.0;0.0
yf_ZW=F_d6;50200;INTARIAN_PEPPER_ROOT;10816;15;10814;17;;;10846;11;10849;20;;;10831.0;0.0
yf_ZW=F_d6;50300;ASH_COATED_OSMIUM;9903;21;9901;23;;;9909;23;9912;23;;;9906.0;0.0
yf_ZW=F_d6;50300;INTARIAN_PEPPER_ROOT;10828;9;10824;17;;;10834;20;10837;25;;;10831.0;0.0
yf_ZW=F_d6;50400;ASH_COATED_OSMIUM;9902;25;9898;27;;;9908;9;9910;14;;;9905.0;0.0
yf_ZW=F_d6;50400;INTARIAN_PEPPER_ROOT;10825;12;10823;22;;;10838;15;10841;13;;;10831.5;0.0
yf_ZW=F_d6;50500;ASH_COATED_OSMIUM;9899;9;9895;22;;;9912;16;9916;16;;;9905.5;0.0
yf_ZW=F_d6;50500;INTARIAN_PEPPER_ROOT;10829;20;10825;21;;;10835;11;10838;19;;;10832.0;0.0
yf_ZW=F_d6;50600;ASH_COATED_OSMIUM;9903;18;9901;15;;;9909;5;9912;19;;;9906.0;0.0
yf_ZW=F_d6;50600;INTARIAN_PEPPER_ROOT;10830;12;10827;20;;;10836;12;10840;26;;;10833.0;0.0
yf_ZW=F_d6;50700;ASH_COATED_OSMIUM;9902;17;9899;28;;;9908;19;9910;14;;;9905.0;0.0
yf_ZW=F_d6;50700;INTARIAN_PEPPER_ROOT;10830;12;10827;23;;;10836;21;10839;21;;;10833.0;0.0
yf_ZW=F_d6;50800;ASH_COATED_OSMIUM;9903;10;9899;20;;;9909;11;9913;16;;;9906.0;0.0
yf_ZW=F_d6;50800;INTARIAN_PEPPER_ROOT;10829;10;10827;17;;;10837;22;10839;25;;;10833.0;0.0
yf_ZW=F_d6;50900;ASH_COATED_OSMIUM;9902;15;9900;12;;;9908;13;9910;27;;;9905.0;0.0
yf_ZW=F_d6;50900;INTARIAN_PEPPER_ROOT;10829;10;10827;23;;;10835;17;10837;31;;;10832.0;0.0
yf_ZW=F_d6;51000;ASH_COATED_OSMIUM;9903;15;9900;18;;;9909;18;9911;11;;;9906.0;0.0
yf_ZW=F_d6;51000;INTARIAN_PEPPER_ROOT;10828;16;10826;10;;;10835;18;10837;13;;;10831.5;0.0
yf_ZW=F_d6;51100;ASH_COATED_OSMIUM;9892;11;9889;14;;;9920;18;9923;12;;;9906.0;0.0
yf_ZW=F_d6;51100;INTARIAN_PEPPER_ROOT;10827;14;10824;17;;;10833;16;10837;21;;;10830.0;0.0
yf_ZW=F_d6;51200;ASH_COATED_OSMIUM;9903;19;9900;10;;;9909;15;9911;18;;;9906.0;0.0
yf_ZW=F_d6;51200;INTARIAN_PEPPER_ROOT;10827;17;10823;17;;;10833;13;10835;17;;;10830.0;0.0
yf_ZW=F_d6;51300;ASH_COATED_OSMIUM;9903;7;9899;14;;;9909;15;9911;19;;;9906.0;0.0
yf_ZW=F_d6;51300;INTARIAN_PEPPER_ROOT;10825;8;10822;18;;;10831;13;10833;22;;;10828.0;0.0
yf_ZW=F_d6;51400;ASH_COATED_OSMIUM;9897;11;9895;17;;;9916;14;9918;16;;;9906.5;0.0
yf_ZW=F_d6;51400;INTARIAN_PEPPER_ROOT;10823;11;10819;18;;;10829;22;10832;16;;;10826.0;0.0
yf_ZW=F_d6;51500;ASH_COATED_OSMIUM;9891;13;9887;26;;;9921;11;9923;22;;;9906.0;0.0
yf_ZW=F_d6;51500;INTARIAN_PEPPER_ROOT;10822;11;10819;16;;;10828;16;10831;19;;;10825.0;0.0
yf_ZW=F_d6;51600;ASH_COATED_OSMIUM;9903;16;9901;24;;;9909;20;9912;23;;;9906.0;0.0
yf_ZW=F_d6;51600;INTARIAN_PEPPER_ROOT;10821;18;10818;23;;;10827;20;10829;26;;;10824.0;0.0
yf_ZW=F_d6;51700;ASH_COATED_OSMIUM;9900;23;9897;18;;;9911;13;9915;21;;;9905.5;0.0
yf_ZW=F_d6;51700;INTARIAN_PEPPER_ROOT;10812;12;10810;18;;;10833;11;10835;19;;;10822.5;0.0
yf_ZW=F_d6;51800;ASH_COATED_OSMIUM;9903;27;9899;24;;;9909;17;9913;21;;;9906.0;0.0
yf_ZW=F_d6;51800;INTARIAN_PEPPER_ROOT;10816;19;10813;20;;;10825;11;10828;17;;;10820.5;0.0
yf_ZW=F_d6;51900;ASH_COATED_OSMIUM;9903;12;9901;19;;;9909;18;9913;30;;;9906.0;0.0
yf_ZW=F_d6;51900;INTARIAN_PEPPER_ROOT;10817;18;10813;11;;;10823;5;10826;28;;;10820.0;0.0
yf_ZW=F_d6;52000;ASH_COATED_OSMIUM;9903;15;9900;20;;;9909;9;9912;15;;;9906.0;0.0
yf_ZW=F_d6;52000;INTARIAN_PEPPER_ROOT;10816;27;10812;19;;;10822;10;10826;18;;;10819.0;0.0
yf_ZW=F_d6;52100;ASH_COATED_OSMIUM;9903;23;9901;26;;;9909;16;9911;18;;;9906.0;0.0
yf_ZW=F_d6;52100;INTARIAN_PEPPER_ROOT;10812;15;10809;21;;;10824;18;10826;9;;;10818.0;0.0
yf_ZW=F_d6;52200;ASH_COATED_OSMIUM;9903;17;9900;16;;;9909;23;9911;17;;;9906.0;0.0
yf_ZW=F_d6;52200;INTARIAN_PEPPER_ROOT;10809;20;10806;20;;;10824;17;10828;20;;;10816.5;0.0
yf_ZW=F_d6;52300;ASH_COATED_OSMIUM;9898;12;9894;33;;;9913;15;9916;24;;;9905.5;0.0
yf_ZW=F_d6;52300;INTARIAN_PEPPER_ROOT;10812;14;10808;18;;;10818;15;10822;28;;;10815.0;0.0
yf_ZW=F_d6;52400;ASH_COATED_OSMIUM;9903;17;9901;19;;;9909;11;9911;29;;;9906.0;0.0
yf_ZW=F_d6;52400;INTARIAN_PEPPER_ROOT;10810;18;10808;21;;;10818;14;10822;12;;;10814.0;0.0
yf_ZW=F_d6;52500;ASH_COATED_OSMIUM;9897;8;9894;16;;;9915;9;9917;20;;;9906.0;0.0
yf_ZW=F_d6;52500;INTARIAN_PEPPER_ROOT;10808;17;10805;18;;;10816;12;10818;14;;;10812.0;0.0
yf_ZW=F_d6;52600;ASH_COATED_OSMIUM;9895;6;9891;20;;;9918;12;9920;23;;;9906.5;0.0
yf_ZW=F_d6;52600;INTARIAN_PEPPER_ROOT;10808;11;10804;23;;;10814;12;10818;11;;;10811.0;0.0
yf_ZW=F_d6;52700;ASH_COATED_OSMIUM;9900;23;9897;8;;;9913;14;9916;19;;;9906.5;0.0
yf_ZW=F_d6;52700;INTARIAN_PEPPER_ROOT;10807;9;10804;20;;;10813;14;10815;21;;;10810.0;0.0
yf_ZW=F_d6;52800;ASH_COATED_OSMIUM;9903;5;9899;9;;;9909;19;9911;26;;;9906.0;0.0
yf_ZW=F_d6;52800;INTARIAN_PEPPER_ROOT;10804;19;10801;17;;;10813;6;10817;15;;;10808.5;0.0
yf_ZW=F_d6;52900;ASH_COATED_OSMIUM;9898;14;9895;18;;;9914;10;9917;21;;;9906.0;0.0
yf_ZW=F_d6;52900;INTARIAN_PEPPER_ROOT;10804;5;10800;20;;;10810;13;10814;27;;;10807.0;0.0
yf_ZW=F_d6;53000;ASH_COATED_OSMIUM;9904;17;9900;15;;;9910;18;9912;17;;;9907.0;0.0
yf_ZW=F_d6;53000;INTARIAN_PEPPER_ROOT;10803;16;10799;18;;;10809;13;10812;25;;;10806.0;0.0
yf_ZW=F_d6;53100;ASH_COATED_OSMIUM;9903;5;9899;15;;;9909;19;9911;13;;;9906.0;0.0
yf_ZW=F_d6;53100;INTARIAN_PEPPER_ROOT;10798;27;10796;28;;;10811;11;10815;22;;;10804.5;0.0
yf_ZW=F_d6;53200;ASH_COATED_OSMIUM;9899;16;9897;20;;;9916;18;9918;17;;;9907.5;0.0
yf_ZW=F_d6;53200;INTARIAN_PEPPER_ROOT;10800;20;10797;25;;;10806;10;10809;21;;;10803.0;0.0
yf_ZW=F_d6;53300;ASH_COATED_OSMIUM;9897;5;9895;21;;;9915;13;9917;26;;;9906.0;0.0
yf_ZW=F_d6;53300;INTARIAN_PEPPER_ROOT;10799;10;10796;22;;;10805;17;10809;26;;;10802.0;0.0
yf_ZW=F_d6;53400;ASH_COATED_OSMIUM;9903;16;9899;19;;;9909;15;9912;22;;;9906.0;0.0
yf_ZW=F_d6;53400;INTARIAN_PEPPER_ROOT;10795;7;10791;11;;;10807;20;10811;18;;;10801.0;0.0
yf_ZW=F_d6;53500;ASH_COATED_OSMIUM;9902;15;9900;22;;;9912;12;9916;26;;;9907.0;0.0
yf_ZW=F_d6;53500;INTARIAN_PEPPER_ROOT;10796;19;10793;24;;;10802;15;10805;22;;;10799.0;0.0
yf_ZW=F_d6;53600;ASH_COATED_OSMIUM;9904;17;9901;21;;;9910;13;9912;32;;;9907.0;0.0
yf_ZW=F_d6;53600;INTARIAN_PEPPER_ROOT;10794;28;10791;28;;;10802;16;10805;26;;;10798.0;0.0
yf_ZW=F_d6;53700;ASH_COATED_OSMIUM;9904;23;9900;8;;;9910;10;9913;17;;;9907.0;0.0
yf_ZW=F_d6;53700;INTARIAN_PEPPER_ROOT;10794;15;10792;19;;;10800;18;10802;17;;;10797.0;0.0
yf_ZW=F_d6;53800;ASH_COATED_OSMIUM;9901;13;9899;13;;;9912;11;9916;16;;;9906.5;0.0
yf_ZW=F_d6;53800;INTARIAN_PEPPER_ROOT;10790;10;10787;24;;;10801;12;10803;20;;;10795.5;0.0
yf_ZW=F_d6;53900;ASH_COATED_OSMIUM;9904;14;9900;29;;;9910;17;9912;14;;;9907.0;0.0
yf_ZW=F_d6;53900;INTARIAN_PEPPER_ROOT;10791;12;10788;8;;;10797;10;10799;14;;;10794.0;0.0
yf_ZW=F_d6;54000;ASH_COATED_OSMIUM;9893;23;9889;32;;;9921;13;9925;16;;;9907.0;0.0
yf_ZW=F_d6;54000;INTARIAN_PEPPER_ROOT;10790;16;10786;23;;;10796;18;10798;21;;;10793.0;0.0
yf_ZW=F_d6;54100;ASH_COATED_OSMIUM;9893;10;9891;12;;;9921;18;9925;9;;;9907.0;0.0
yf_ZW=F_d6;54100;INTARIAN_PEPPER_ROOT;10788;11;10784;20;;;10794;13;10797;29;;;10791.0;0.0
yf_ZW=F_d6;54200;ASH_COATED_OSMIUM;9903;11;9901;27;;;9909;13;9911;26;;;9906.0;0.0
yf_ZW=F_d6;54200;INTARIAN_PEPPER_ROOT;10788;6;10785;15;;;10794;14;10798;17;;;10791.0;0.0
yf_ZW=F_d6;54300;ASH_COATED_OSMIUM;9904;17;9900;23;;;9910;21;9912;20;;;9907.0;0.0
yf_ZW=F_d6;54300;INTARIAN_PEPPER_ROOT;10785;17;10783;15;;;10791;19;10793;19;;;10788.0;0.0
yf_ZW=F_d6;54400;ASH_COATED_OSMIUM;9889;8;9886;20;;;9924;5;9926;11;;;9906.5;0.0
yf_ZW=F_d6;54400;INTARIAN_PEPPER_ROOT;10781;12;10779;20;;;10795;14;10799;15;;;10788.0;0.0
yf_ZW=F_d6;54500;ASH_COATED_OSMIUM;9902;10;9900;20;;;9912;14;9914;22;;;9907.0;0.0
yf_ZW=F_d6;54500;INTARIAN_PEPPER_ROOT;10781;19;10777;23;;;10792;21;10795;18;;;10786.5;0.0
yf_ZW=F_d6;54600;ASH_COATED_OSMIUM;9899;12;9896;20;;;9915;19;9918;21;;;9907.0;0.0
yf_ZW=F_d6;54600;INTARIAN_PEPPER_ROOT;10779;14;10776;19;;;10791;20;10793;20;;;10785.0;0.0
yf_ZW=F_d6;54700;ASH_COATED_OSMIUM;9904;7;9900;17;;;9910;21;9913;15;;;9907.0;0.0
yf_ZW=F_d6;54700;INTARIAN_PEPPER_ROOT;10781;12;10777;22;;;10787;16;10789;22;;;10784.0;0.0
yf_ZW=F_d6;54800;ASH_COATED_OSMIUM;9902;14;9899;18;;;9911;16;9913;22;;;9906.5;0.0
yf_ZW=F_d6;54800;INTARIAN_PEPPER_ROOT;10778;14;10774;20;;;10786;10;10790;18;;;10782.0;0.0
yf_ZW=F_d6;54900;ASH_COATED_OSMIUM;9895;13;9892;23;;;9918;8;9921;20;;;9906.5;0.0
yf_ZW=F_d6;54900;INTARIAN_PEPPER_ROOT;10778;24;10776;27;;;10786;10;10790;17;;;10782.0;0.0
yf_ZW=F_d6;55000;ASH_COATED_OSMIUM;9904;8;9901;20;;;9910;14;9912;17;;;9907.0;0.0
yf_ZW=F_d6;55000;INTARIAN_PEPPER_ROOT;10777;9;10773;29;;;10783;12;10785;24;;;10780.0;0.0
yf_ZW=F_d6;55100;ASH_COATED_OSMIUM;9897;16;9893;24;;;9917;16;9919;25;;;9907.0;0.0
yf_ZW=F_d6;55100;INTARIAN_PEPPER_ROOT;10776;24;10772;28;;;10782;17;10785;21;;;10779.0;0.0
yf_ZW=F_d6;55200;ASH_COATED_OSMIUM;9904;20;9900;25;;;9910;10;9913;17;;;9907.0;0.0
yf_ZW=F_d6;55200;INTARIAN_PEPPER_ROOT;10775;16;10771;18;;;10781;13;10783;8;;;10778.0;0.0
yf_ZW=F_d6;55300;ASH_COATED_OSMIUM;9904;11;9902;23;;;9910;7;9912;24;;;9907.0;0.0
yf_ZW=F_d6;55300;INTARIAN_PEPPER_ROOT;10764;12;10762;13;;;10788;13;10791;20;;;10776.0;0.0
yf_ZW=F_d6;55400;ASH_COATED_OSMIUM;9904;19;9900;21;;;9910;12;9914;28;;;9907.0;0.0
yf_ZW=F_d6;55400;INTARIAN_PEPPER_ROOT;10771;18;10769;16;;;10779;15;10782;16;;;10775.0;0.0
yf_ZW=F_d6;55500;ASH_COATED_OSMIUM;9905;17;9903;23;;;9911;10;9915;23;;;9908.0;0.0
yf_ZW=F_d6;55500;INTARIAN_PEPPER_ROOT;10766;11;10763;19;;;10781;6;10783;17;;;10773.5;0.0
yf_ZW=F_d6;55600;ASH_COATED_OSMIUM;9904;21;9900;14;;;9910;18;9913;21;;;9907.0;0.0
yf_ZW=F_d6;55600;INTARIAN_PEPPER_ROOT;10769;23;10766;27;;;10777;16;10780;20;;;10773.0;0.0
yf_ZW=F_d6;55700;ASH_COATED_OSMIUM;9904;13;9902;10;;;9911;12;9915;20;;;9907.5;0.0
yf_ZW=F_d6;55700;INTARIAN_PEPPER_ROOT;10767;6;10765;25;;;10776;18;10780;19;;;10771.5;0.0
yf_ZW=F_d6;55800;ASH_COATED_OSMIUM;9905;18;9903;28;;;9911;11;9913;21;;;9908.0;0.0
yf_ZW=F_d6;55800;INTARIAN_PEPPER_ROOT;10766;7;10764;27;;;10773;20;10777;18;;;10769.5;0.0
yf_ZW=F_d6;55900;ASH_COATED_OSMIUM;9905;14;9903;18;;;9911;21;9915;15;;;9908.0;0.0
yf_ZW=F_d6;55900;INTARIAN_PEPPER_ROOT;10762;19;10758;20;;;10774;5;10776;21;;;10768.0;0.0
yf_ZW=F_d6;56000;ASH_COATED_OSMIUM;9904;15;9900;21;;;9910;15;9913;20;;;9907.0;0.0
yf_ZW=F_d6;56000;INTARIAN_PEPPER_ROOT;10764;12;10762;21;;;10770;14;10772;20;;;10767.0;0.0
yf_ZW=F_d6;56100;ASH_COATED_OSMIUM;9902;15;9898;15;;;9911;5;9913;20;;;9906.5;0.0
yf_ZW=F_d6;56100;INTARIAN_PEPPER_ROOT;10763;15;10760;27;;;10769;15;10771;22;;;10766.0;0.0
yf_ZW=F_d6;56200;ASH_COATED_OSMIUM;9903;9;9900;15;;;9911;19;9915;15;;;9907.0;0.0
yf_ZW=F_d6;56200;INTARIAN_PEPPER_ROOT;10762;7;10760;25;;;10768;19;10772;27;;;10765.0;0.0
yf_ZW=F_d6;56300;ASH_COATED_OSMIUM;9905;13;9902;22;;;9911;11;9914;30;;;9908.0;0.0
yf_ZW=F_d6;56300;INTARIAN_PEPPER_ROOT;10760;16;10757;20;;;10767;23;10771;16;;;10763.5;0.0
yf_ZW=F_d6;56400;ASH_COATED_OSMIUM;9901;22;9897;29;;;9913;12;9916;27;;;9907.0;0.0
yf_ZW=F_d6;56400;INTARIAN_PEPPER_ROOT;10749;13;10745;15;;;10775;7;10779;20;;;10762.0;0.0
yf_ZW=F_d6;56500;ASH_COATED_OSMIUM;9905;11;9901;23;;;9911;11;9915;16;;;9908.0;0.0
yf_ZW=F_d6;56500;INTARIAN_PEPPER_ROOT;10756;18;10752;23;;;10765;15;10767;18;;;10760.5;0.0
yf_ZW=F_d6;56600;ASH_COATED_OSMIUM;9901;15;9899;15;;;9914;14;9916;22;;;9907.5;0.0
yf_ZW=F_d6;56600;INTARIAN_PEPPER_ROOT;10756;5;10753;24;;;10762;17;10766;22;;;10759.0;0.0
yf_ZW=F_d6;56700;ASH_COATED_OSMIUM;9905;17;9901;24;;;9911;9;9915;21;;;9908.0;0.0
yf_ZW=F_d6;56700;INTARIAN_PEPPER_ROOT;10756;5;10752;21;;;10762;14;10765;18;;;10759.0;0.0
yf_ZW=F_d6;56800;ASH_COATED_OSMIUM;9905;9;9902;14;;;9911;22;9915;12;;;9908.0;0.0
yf_ZW=F_d6;56800;INTARIAN_PEPPER_ROOT;10754;13;10752;18;;;10760;23;10763;25;;;10757.0;0.0
yf_ZW=F_d6;56900;ASH_COATED_OSMIUM;9904;18;9902;18;;;9911;18;9913;24;;;9907.5;0.0
yf_ZW=F_d6;56900;INTARIAN_PEPPER_ROOT;10747;17;10743;18;;;10764;17;10766;24;;;10755.5;0.0
yf_ZW=F_d6;57000;ASH_COATED_OSMIUM;9905;19;9902;14;;;9911;11;9914;23;;;9908.0;0.0
yf_ZW=F_d6;57000;INTARIAN_PEPPER_ROOT;10752;5;10749;19;;;10758;12;10760;19;;;10755.0;0.0
yf_ZW=F_d6;57100;ASH_COATED_OSMIUM;9898;5;9895;12;;;9917;15;9919;21;;;9907.5;0.0
yf_ZW=F_d6;57100;INTARIAN_PEPPER_ROOT;10749;9;10746;19;;;10758;13;10761;19;;;10753.5;0.0
yf_ZW=F_d6;57200;ASH_COATED_OSMIUM;9905;25;9902;23;;;9911;14;9913;8;;;9908.0;0.0
yf_ZW=F_d6;57200;INTARIAN_PEPPER_ROOT;10749;17;10747;8;;;10755;5;10758;17;;;10752.0;0.0
yf_ZW=F_d6;57300;ASH_COATED_OSMIUM;9899;16;9896;20;;;9916;13;9919;18;;;9907.5;0.0
yf_ZW=F_d6;57300;INTARIAN_PEPPER_ROOT;10747;6;10744;18;;;10753;19;10755;25;;;10750.0;0.0
yf_ZW=F_d6;57400;ASH_COATED_OSMIUM;9905;19;9903;18;;;9911;21;9913;17;;;9908.0;0.0
yf_ZW=F_d6;57400;INTARIAN_PEPPER_ROOT;10745;21;10741;19;;;10754;13;10758;20;;;10749.5;0.0
yf_ZW=F_d6;57500;ASH_COATED_OSMIUM;9904;19;9901;23;;;9910;13;9913;18;;;9907.0;0.0
yf_ZW=F_d6;57500;INTARIAN_PEPPER_ROOT;10745;26;10742;28;;;10751;9;10753;17;;;10748.0;0.0
yf_ZW=F_d6;57600;ASH_COATED_OSMIUM;9905;8;9902;17;;;9911;8;9913;16;;;9908.0;0.0
yf_ZW=F_d6;57600;INTARIAN_PEPPER_ROOT;10742;17;10738;13;;;10751;20;10754;18;;;10746.5;0.0
yf_ZW=F_d6;57700;ASH_COATED_OSMIUM;9906;19;9902;29;;;9912;13;9914;22;;;9909.0;0.0
yf_ZW=F_d6;57700;INTARIAN_PEPPER_ROOT;10742;19;10738;12;;;10748;20;10751;25;;;10745.0;0.0
yf_ZW=F_d6;57800;ASH_COATED_OSMIUM;9888;21;9884;20;;;9928;17;9931;18;;;9908.0;0.0
yf_ZW=F_d6;57800;INTARIAN_PEPPER_ROOT;10739;20;10735;18;;;10749;12;10751;12;;;10744.0;0.0
yf_ZW=F_d6;57900;ASH_COATED_OSMIUM;9898;9;9894;24;;;9918;12;9920;24;;;9908.0;0.0
yf_ZW=F_d6;57900;INTARIAN_PEPPER_ROOT;10740;20;10738;30;;;10746;12;10749;18;;;10743.0;0.0
yf_ZW=F_d6;58000;ASH_COATED_OSMIUM;9905;13;9902;21;;;9911;7;9915;15;;;9908.0;0.0
yf_ZW=F_d6;58000;INTARIAN_PEPPER_ROOT;10739;21;10735;23;;;10745;9;10748;16;;;10742.0;0.0
yf_ZW=F_d6;58100;ASH_COATED_OSMIUM;9903;16;9901;25;;;9912;5;9914;20;;;9907.5;0.0
yf_ZW=F_d6;58100;INTARIAN_PEPPER_ROOT;10737;20;10735;17;;;10743;15;10747;21;;;10740.0;0.0
yf_ZW=F_d6;58200;ASH_COATED_OSMIUM;9905;12;9902;27;;;9911;9;9915;18;;;9908.0;0.0
yf_ZW=F_d6;58200;INTARIAN_PEPPER_ROOT;10731;17;10729;14;;;10746;16;10749;26;;;10738.5;0.0
yf_ZW=F_d6;58300;ASH_COATED_OSMIUM;9904;10;9902;25;;;9913;24;9915;20;;;9908.5;0.0
yf_ZW=F_d6;58300;INTARIAN_PEPPER_ROOT;10735;26;10732;19;;;10741;10;10744;19;;;10738.0;0.0
