day;timestamp;product;bid_price_1;bid_volume_1;bid_price_2;bid_volume_2;bid_price_3;bid_volume_3;ask_price_1;ask_volume_1;ask_price_2;ask_volume_2;ask_price_3;ask_volume_3;mid_price;profit_and_loss
yf_ADM_d7;0;ASH_COATED_OSMIUM;9884;16;9880;16;;;9914;14;9917;13;;;9899.0;0.0
yf_ADM_d7;0;INTARIAN_PEPPER_ROOT;11384;16;11380;17;;;11390;9;11394;24;;;11387.0;0.0
yf_ADM_d7;100;ASH_COATED_OSMIUM;9897;11;9893;16;;;9903;6;9905;16;;;9900.0;0.0
yf_ADM_d7;100;INTARIAN_PEPPER_ROOT;11385;20;11381;11;;;11391;19;11393;12;;;11388.0;0.0
yf_ADM_d7;200;ASH_COATED_OSMIUM;9896;12;9894;29;;;9902;24;9904;21;;;9899.0;0.0
yf_ADM_d7;200;INTARIAN_PEPPER_ROOT;11382;13;11380;18;;;11393;11;11396;28;;;11387.5;0.0
yf_ADM_d7;300;ASH_COATED_OSMIUM;9889;13;9886;29;;;9911;16;9913;23;;;9900.0;0.0
yf_ADM_d7;300;INTARIAN_PEPPER_ROOT;11383;13;11379;20;;;11393;12;11397;26;;;11388.0;0.0
yf_ADM_d7;400;ASH_COATED_OSMIUM;9897;9;9894;29;;;9903;17;9905;11;;;9900.0;0.0
yf_ADM_d7;400;INTARIAN_PEPPER_ROOT;11385;11;11382;11;;;11391;21;11393;12;;;11388.0;0.0
yf_ADM_d7;500;ASH_COATED_OSMIUM;9897;13;9893;29;;;9903;8;9907;13;;;9900.0;0.0
yf_ADM_d7;500;INTARIAN_PEPPER_ROOT;11386;8;11383;20;;;11392;13;11394;20;;;11389.0;0.0
yf_ADM_d7;600;ASH_COATED_OSMIUM;9895;15;9892;16;;;9905;16;9909;13;;;9900.0;0.0
yf_ADM_d7;600;INTARIAN_PEPPER_ROOT;11386;18;11383;24;;;11392;20;11396;21;;;11389.0;0.0
yf_ADM_d7;700;ASH_COATED_OSMIUM;9897;9;9894;22;;;9903;17;9907;25;;;9900.0;0.0
yf_ADM_d7;700;INTARIAN_PEPPER_ROOT;11386;20;11382;22;;;11392;11;11395;21;;;11389.0;0.0
yf_ADM_d7;800;ASH_COATED_OSMIUM;9893;16;9890;17;;;9906;18;9910;31;;;9899.5;0.0
yf_ADM_d7;800;INTARIAN_PEPPER_ROOT;11374;14;11372;27;;;11405;8;11407;12;;;11389.5;0.0
yf_ADM_d7;900;ASH_COATED_OSMIUM;9897;19;9895;14;;;9903;15;9907;16;;;9900.0;0.0
yf_ADM_d7;900;INTARIAN_PEPPER_ROOT;11373;13;11370;13;;;11407;24;11410;14;;;11390.0;0.0
yf_ADM_d7;1000;ASH_COATED_OSMIUM;9894;15;9891;12;;;9905;14;9909;19;;;9899.5;0.0
yf_ADM_d7;1000;INTARIAN_PEPPER_ROOT;11387;5;11385;20;;;11393;13;11397;24;;;11390.0;0.0
yf_ADM_d7;1100;ASH_COATED_OSMIUM;9897;14;9895;8;;;9903;11;9906;17;;;9900.0;0.0
yf_ADM_d7;1100;INTARIAN_PEPPER_ROOT;11387;13;11383;16;;;11393;11;11397;8;;;11390.0;0.0
yf_ADM_d7;1200;ASH_COATED_OSMIUM;9896;20;9893;25;;;9904;20;9906;14;;;9900.0;0.0
yf_ADM_d7;1200;INTARIAN_PEPPER_ROOT;11387;14;11383;15;;;11393;12;11396;15;;;11390.0;0.0
yf_ADM_d7;1300;ASH_COATED_OSMIUM;9890;7;9887;26;;;9910;17;9913;19;;;9900.0;0.0
yf_ADM_d7;1300;INTARIAN_PEPPER_ROOT;11388;15;11386;12;;;11394;22;11398;21;;;11391.0;0.0
yf_ADM_d7;1400;ASH_COATED_OSMIUM;9897;5;9893;15;;;9903;15;9906;13;;;9900.0;0.0
yf_ADM_d7;1400;INTARIAN_PEPPER_ROOT;11388;18;11385;22;;;11394;23;11397;23;;;11391.0;0.0
yf_ADM_d7;1500;ASH_COATED_OSMIUM;9895;21;9891;26;;;9906;14;9909;19;;;9900.5;0.0
yf_ADM_d7;1500;INTARIAN_PEPPER_ROOT;11388;17;11385;16;;;11394;17;11396;18;;;11391.0;0.0
yf_ADM_d7;1600;ASH_COATED_OSMIUM;9898;14;9895;17;;;9904;11;9907;23;;;9901.0;0.0
yf_ADM_d7;1600;INTARIAN_PEPPER_ROOT;11388;16;11386;19;;;11394;14;11397;16;;;11391.0;0.0
yf_ADM_d7;1700;ASH_COATED_OSMIUM;9897;13;9895;18;;;9903;5;9905;16;;;9900.0;0.0
yf_ADM_d7;1700;INTARIAN_PEPPER_ROOT;11389;11;11385;22;;;11397;25;11400;13;;;11393.0;0.0
yf_ADM_d7;1800;ASH_COATED_OSMIUM;9893;16;9889;25;;;9908;14;9910;20;;;9900.5;0.0
yf_ADM_d7;1800;INTARIAN_PEPPER_ROOT;11389;5;11387;15;;;11395;14;11399;12;;;11392.0;0.0
yf_ADM_d7;1900;ASH_COATED_OSMIUM;9897;16;9893;28;;;9903;9;9906;20;;;9900.0;0.0
yf_ADM_d7;1900;INTARIAN_PEPPER_ROOT;11389;16;11387;13;;;11395;15;11397;18;;;11392.0;0.0
yf_ADM_d7;2000;ASH_COATED_OSMIUM;9896;18;9892;21;;;9905;16;9908;14;;;9900.5;0.0
yf_ADM_d7;2000;INTARIAN_PEPPER_ROOT;11389;16;11387;8;;;11396;11;11399;13;;;11392.5;0.0
yf_ADM_d7;2100;ASH_COATED_OSMIUM;9896;8;9893;20;;;9904;23;9906;19;;;9900.0;0.0
yf_ADM_d7;2100;INTARIAN_PEPPER_ROOT;11390;10;11388;9;;;11396;11;11398;16;;;11393.0;0.0
yf_ADM_d7;2200;ASH_COATED_OSMIUM;9898;6;9896;27;;;9904;14;9906;13;;;9901.0;0.0
yf_ADM_d7;2200;INTARIAN_PEPPER_ROOT;11386;12;11383;15;;;11400;15;11403;15;;;11393.0;0.0
yf_ADM_d7;2300;ASH_COATED_OSMIUM;9892;5;9889;13;;;9909;26;9911;11;;;9900.5;0.0
yf_ADM_d7;2300;INTARIAN_PEPPER_ROOT;11380;18;11378;21;;;11406;6;11410;20;;;11393.0;0.0
yf_ADM_d7;2400;ASH_COATED_OSMIUM;9898;7;9895;21;;;9904;11;9907;21;;;9901.0;0.0
yf_ADM_d7;2400;INTARIAN_PEPPER_ROOT;11383;17;11379;19;;;11403;14;11407;18;;;11393.0;0.0
yf_ADM_d7;2500;ASH_COATED_OSMIUM;9897;5;9895;19;;;9903;13;9906;25;;;9900.0;0.0
yf_ADM_d7;2500;INTARIAN_PEPPER_ROOT;11391;8;11387;18;;;11397;15;11401;17;;;11394.0;0.0
yf_ADM_d7;2600;ASH_COATED_OSMIUM;9897;22;9893;27;;;9903;17;9907;22;;;9900.0;0.0
yf_ADM_d7;2600;INTARIAN_PEPPER_ROOT;11389;10;11387;19;;;11400;10;11404;23;;;11394.5;0.0
yf_ADM_d7;2700;ASH_COATED_OSMIUM;9896;12;9894;14;;;9904;16;9907;22;;;9900.0;0.0
yf_ADM_d7;2700;INTARIAN_PEPPER_ROOT;11392;10;11390;14;;;11398;10;11402;23;;;11395.0;0.0
yf_ADM_d7;2800;ASH_COATED_OSMIUM;9897;14;9895;17;;;9903;5;9905;20;;;9900.0;0.0
yf_ADM_d7;2800;INTARIAN_PEPPER_ROOT;11389;12;11386;29;;;11400;13;11402;17;;;11394.5;0.0
yf_ADM_d7;2900;ASH_COATED_OSMIUM;9898;18;9894;15;;;9904;22;9906;15;;;9901.0;0.0
yf_ADM_d7;2900;INTARIAN_PEPPER_ROOT;11392;15;11390;21;;;11398;12;11401;33;;;11395.0;0.0
yf_ADM_d7;3000;ASH_COATED_OSMIUM;9898;7;9895;22;;;9904;18;9906;26;;;9901.0;0.0
yf_ADM_d7;3000;INTARIAN_PEPPER_ROOT;11392;8;11390;10;;;11398;22;11401;25;;;11395.0;0.0
yf_ADM_d7;3100;ASH_COATED_OSMIUM;9898;7;9894;34;;;9904;26;9908;19;;;9901.0;0.0
yf_ADM_d7;3100;INTARIAN_PEPPER_ROOT;11393;12;11391;20;;;11399;9;11402;25;;;11396.0;0.0
yf_ADM_d7;3200;ASH_COATED_OSMIUM;9894;22;9891;19;;;9907;25;9910;27;;;9900.5;0.0
yf_ADM_d7;3200;INTARIAN_PEPPER_ROOT;11373;12;11369;8;;;11419;16;11422;16;;;11396.0;0.0
yf_ADM_d7;3300;ASH_COATED_OSMIUM;9898;15;9896;13;;;9904;20;9906;16;;;9901.0;0.0
yf_ADM_d7;3300;INTARIAN_PEPPER_ROOT;11387;18;11384;17;;;11405;24;11408;18;;;11396.0;0.0
yf_ADM_d7;3400;ASH_COATED_OSMIUM;9898;11;9896;22;;;9904;11;9907;20;;;9901.0;0.0
yf_ADM_d7;3400;INTARIAN_PEPPER_ROOT;11393;18;11389;32;;;11399;12;11403;21;;;11396.0;0.0
yf_ADM_d7;3500;ASH_COATED_OSMIUM;9898;22;9895;17;;;9904;11;9908;18;;;9901.0;0.0
yf_ADM_d7;3500;INTARIAN_PEPPER_ROOT;11384;12;11381;17;;;11410;15;11414;26;;;11397.0;0.0
yf_ADM_d7;3600;ASH_COATED_OSMIUM;9895;15;9892;14;;;9907;5;9910;18;;;9901.0;0.0
yf_ADM_d7;3600;INTARIAN_PEPPER_ROOT;11394;13;11392;28;;;11400;17;11404;15;;;11397.0;0.0
yf_ADM_d7;3700;ASH_COATED_OSMIUM;9898;14;9894;24;;;9904;22;9907;20;;;9901.0;0.0
yf_ADM_d7;3700;INTARIAN_PEPPER_ROOT;11394;14;11392;12;;;11400;10;11402;21;;;11397.0;0.0
yf_ADM_d7;3800;ASH_COATED_OSMIUM;9898;18;9896;13;;;9904;7;9907;14;;;9901.0;0.0
yf_ADM_d7;3800;INTARIAN_PEPPER_ROOT;11388;17;11386;27;;;11407;13;11410;13;;;11397.5;0.0
yf_ADM_d7;3900;ASH_COATED_OSMIUM;9896;12;9892;19;;;9906;17;9908;12;;;9901.0;0.0
yf_ADM_d7;3900;INTARIAN_PEPPER_ROOT;11395;13;11392;22;;;11401;9;11405;17;;;11398.0;0.0
yf_ADM_d7;4000;ASH_COATED_OSMIUM;9898;15;9896;20;;;9904;7;9907;25;;;9901.0;0.0
yf_ADM_d7;4000;INTARIAN_PEPPER_ROOT;11395;11;11393;22;;;11401;12;11405;14;;;11398.0;0.0
yf_ADM_d7;4100;ASH_COATED_OSMIUM;9898;15;9896;15;;;9904;13;9908;19;;;9901.0;0.0
yf_ADM_d7;4100;INTARIAN_PEPPER_ROOT;11395;16;11391;26;;;11401;20;11403;22;;;11398.0;0.0
yf_ADM_d7;4200;ASH_COATED_OSMIUM;9898;11;9896;16;;;9904;9;9908;19;;;9901.0;0.0
yf_ADM_d7;4200;INTARIAN_PEPPER_ROOT;11395;10;11392;19;;;11401;12;11404;22;;;11398.0;0.0
yf_ADM_d7;4300;ASH_COATED_OSMIUM;9898;15;9896;16;;;9904;5;9906;25;;;9901.0;0.0
yf_ADM_d7;4300;INTARIAN_PEPPER_ROOT;11395;10;11391;17;;;11402;16;11405;18;;;11398.5;0.0
yf_ADM_d7;4400;ASH_COATED_OSMIUM;9890;26;9888;18;;;9912;21;9915;17;;;9901.0;0.0
yf_ADM_d7;4400;INTARIAN_PEPPER_ROOT;11394;16;11392;22;;;11404;11;11406;17;;;11399.0;0.0
yf_ADM_d7;4500;ASH_COATED_OSMIUM;9898;20;9894;18;;;9904;9;9907;17;;;9901.0;0.0
yf_ADM_d7;4500;INTARIAN_PEPPER_ROOT;11396;21;11392;18;;;11402;15;11405;15;;;11399.0;0.0
yf_ADM_d7;4600;ASH_COATED_OSMIUM;9895;19;9892;19;;;9907;19;9909;25;;;9901.0;0.0
yf_ADM_d7;4600;INTARIAN_PEPPER_ROOT;11395;14;11391;18;;;11405;11;11408;13;;;11400.0;0.0
yf_ADM_d7;4700;ASH_COATED_OSMIUM;9898;8;9896;24;;;9904;8;9906;13;;;9901.0;0.0
yf_ADM_d7;4700;INTARIAN_PEPPER_ROOT;11397;12;11395;16;;;11403;10;11406;23;;;11400.0;0.0
yf_ADM_d7;4800;ASH_COATED_OSMIUM;9897;8;9893;20;;;9907;24;9911;21;;;9902.0;0.0
yf_ADM_d7;4800;INTARIAN_PEPPER_ROOT;11390;11;11387;20;;;11410;16;11413;18;;;11400.0;0.0
yf_ADM_d7;4900;ASH_COATED_OSMIUM;9896;13;9894;9;;;9907;13;9911;20;;;9901.5;0.0
yf_ADM_d7;4900;INTARIAN_PEPPER_ROOT;11397;17;11393;21;;;11403;20;11405;24;;;11400.0;0.0
yf_ADM_d7;5000;ASH_COATED_OSMIUM;9898;13;9894;25;;;9904;6;9906;8;;;9901.0;0.0
yf_ADM_d7;5000;INTARIAN_PEPPER_ROOT;11398;14;11395;15;;;11404;14;11406;27;;;11401.0;0.0
yf_ADM_d7;5100;ASH_COATED_OSMIUM;9898;22;9896;23;;;9904;14;9907;21;;;9901.0;0.0
yf_ADM_d7;5100;INTARIAN_PEPPER_ROOT;11396;14;11394;26;;;11405;12;11408;10;;;11400.5;0.0
yf_ADM_d7;5200;ASH_COATED_OSMIUM;9898;10;9896;14;;;9904;15;9907;21;;;9901.0;0.0
yf_ADM_d7;5200;INTARIAN_PEPPER_ROOT;11398;16;11395;15;;;11405;7;11407;25;;;11401.5;0.0
yf_ADM_d7;5300;ASH_COATED_OSMIUM;9898;22;9894;28;;;9904;9;9908;26;;;9901.0;0.0
yf_ADM_d7;5300;INTARIAN_PEPPER_ROOT;11393;18;11390;19;;;11410;21;11414;25;;;11401.5;0.0
yf_ADM_d7;5400;ASH_COATED_OSMIUM;9899;20;9897;19;;;9905;27;9907;20;;;9902.0;0.0
yf_ADM_d7;5400;INTARIAN_PEPPER_ROOT;11396;17;11392;16;;;11405;13;11408;23;;;11400.5;0.0
yf_ADM_d7;5500;ASH_COATED_OSMIUM;9894;17;9891;19;;;9910;13;9914;17;;;9902.0;0.0
yf_ADM_d7;5500;INTARIAN_PEPPER_ROOT;11398;19;11395;23;;;11404;18;11407;28;;;11401.0;0.0
yf_ADM_d7;5600;ASH_COATED_OSMIUM;9898;17;9894;25;;;9905;24;9909;26;;;9901.5;0.0
yf_ADM_d7;5600;INTARIAN_PEPPER_ROOT;11399;21;11396;17;;;11405;16;11409;27;;;11402.0;0.0
yf_ADM_d7;5700;ASH_COATED_OSMIUM;9899;12;9897;17;;;9905;17;9908;20;;;9902.0;0.0
yf_ADM_d7;5700;INTARIAN_PEPPER_ROOT;11398;13;11396;22;;;11407;7;11410;27;;;11402.5;0.0
yf_ADM_d7;5800;ASH_COATED_OSMIUM;9895;15;9891;23;;;9909;8;9911;25;;;9902.0;0.0
yf_ADM_d7;5800;INTARIAN_PEPPER_ROOT;11397;5;11393;19;;;11409;15;11411;26;;;11403.0;0.0
yf_ADM_d7;5900;ASH_COATED_OSMIUM;9898;9;9896;15;;;9905;22;9909;19;;;9901.5;0.0
yf_ADM_d7;5900;INTARIAN_PEPPER_ROOT;11400;10;11396;14;;;11406;9;11409;29;;;11403.0;0.0
yf_ADM_d7;6000;ASH_COATED_OSMIUM;9893;14;9889;21;;;9910;10;9914;15;;;9901.5;0.0
yf_ADM_d7;6000;INTARIAN_PEPPER_ROOT;11399;24;11395;25;;;11405;5;11407;22;;;11402.0;0.0
yf_ADM_d7;6100;ASH_COATED_OSMIUM;9899;5;9896;26;;;9905;19;9909;26;;;9902.0;0.0
yf_ADM_d7;6100;INTARIAN_PEPPER_ROOT;11400;13;11398;22;;;11406;20;11410;20;;;11403.0;0.0
yf_ADM_d7;6200;ASH_COATED_OSMIUM;9899;13;9895;28;;;9905;11;9907;18;;;9902.0;0.0
yf_ADM_d7;6200;INTARIAN_PEPPER_ROOT;11388;19;11385;26;;;11419;13;11423;17;;;11403.5;0.0
yf_ADM_d7;6300;ASH_COATED_OSMIUM;9899;21;9895;26;;;9905;11;9908;17;;;9902.0;0.0
yf_ADM_d7;6300;INTARIAN_PEPPER_ROOT;11401;14;11398;19;;;11407;8;11410;15;;;11404.0;0.0
yf_ADM_d7;6400;ASH_COATED_OSMIUM;9898;12;9895;21;;;9906;17;9908;23;;;9902.0;0.0
yf_ADM_d7;6400;INTARIAN_PEPPER_ROOT;11399;17;11396;24;;;11408;10;11410;12;;;11403.5;0.0
yf_ADM_d7;6500;ASH_COATED_OSMIUM;9898;21;9895;19;;;9904;11;9907;22;;;9901.0;0.0
yf_ADM_d7;6500;INTARIAN_PEPPER_ROOT;11394;11;11392;17;;;11415;10;11419;20;;;11404.5;0.0
yf_ADM_d7;6600;ASH_COATED_OSMIUM;9900;18;9897;13;;;9906;13;9909;26;;;9903.0;0.0
yf_ADM_d7;6600;INTARIAN_PEPPER_ROOT;11400;22;11397;15;;;11411;10;11414;21;;;11405.5;0.0
yf_ADM_d7;6700;ASH_COATED_OSMIUM;9899;10;9897;18;;;9905;11;9909;9;;;9902.0;0.0
yf_ADM_d7;6700;INTARIAN_PEPPER_ROOT;11402;14;11399;15;;;11408;9;11411;20;;;11405.0;0.0
yf_ADM_d7;6800;ASH_COATED_OSMIUM;9899;12;9897;20;;;9905;12;9908;22;;;9902.0;0.0
yf_ADM_d7;6800;INTARIAN_PEPPER_ROOT;11403;15;11401;17;;;11409;8;11413;17;;;11406.0;0.0
yf_ADM_d7;6900;ASH_COATED_OSMIUM;9899;10;9895;15;;;9905;20;9908;13;;;9902.0;0.0
yf_ADM_d7;6900;INTARIAN_PEPPER_ROOT;11400;17;11398;22;;;11411;6;11415;17;;;11405.5;0.0
yf_ADM_d7;7000;ASH_COATED_OSMIUM;9898;10;9896;19;;;9906;21;9909;17;;;9902.0;0.0
yf_ADM_d7;7000;INTARIAN_PEPPER_ROOT;11402;12;11398;18;;;11408;15;11412;24;;;11405.0;0.0
yf_ADM_d7;7100;ASH_COATED_OSMIUM;9897;20;9893;23;;;9908;11;9911;13;;;9902.5;0.0
yf_ADM_d7;7100;INTARIAN_PEPPER_ROOT;11401;14;11399;19;;;11412;10;11415;16;;;11406.5;0.0
yf_ADM_d7;7200;ASH_COATED_OSMIUM;9899;11;9896;21;;;9905;14;9909;25;;;9902.0;0.0
yf_ADM_d7;7200;INTARIAN_PEPPER_ROOT;11403;5;11400;20;;;11409;6;11411;22;;;11406.0;0.0
yf_ADM_d7;7300;ASH_COATED_OSMIUM;9889;15;9885;25;;;9916;8;9918;18;;;9902.5;0.0
yf_ADM_d7;7300;INTARIAN_PEPPER_ROOT;11403;12;11400;16;;;11409;9;11411;27;;;11406.0;0.0
yf_ADM_d7;7400;ASH_COATED_OSMIUM;9899;12;9895;9;;;9906;13;9910;23;;;9902.5;0.0
yf_ADM_d7;7400;INTARIAN_PEPPER_ROOT;11403;16;11400;17;;;11409;15;11411;12;;;11406.0;0.0
yf_ADM_d7;7500;ASH_COATED_OSMIUM;9900;18;9897;23;;;9906;14;9910;26;;;9903.0;0.0
yf_ADM_d7;7500;INTARIAN_PEPPER_ROOT;11400;5;11397;24;;;11414;16;11418;23;;;11407.0;0.0
yf_ADM_d7;7600;ASH_COATED_OSMIUM;9899;14;9896;15;;;9905;12;9908;25;;;9902.0;0.0
yf_ADM_d7;7600;INTARIAN_PEPPER_ROOT;11401;5;11399;10;;;11412;16;11415;15;;;11406.5;0.0
yf_ADM_d7;7700;ASH_COATED_OSMIUM;9899;16;9895;20;;;9905;13;9907;18;;;9902.0;0.0
yf_ADM_d7;7700;INTARIAN_PEPPER_ROOT;11404;21;11401;16;;;11410;8;11414;18;;;11407.0;0.0
yf_ADM_d7;7800;ASH_COATED_OSMIUM;9899;19;9895;8;;;9906;11;9908;17;;;9902.5;0.0
yf_ADM_d7;7800;INTARIAN_PEPPER_ROOT;11405;17;11401;17;;;11411;20;11415;25;;;11408.0;0.0
yf_ADM_d7;7900;ASH_COATED_OSMIUM;9900;18;9898;18;;;9906;16;9908;19;;;9903.0;0.0
yf_ADM_d7;7900;INTARIAN_PEPPER_ROOT;11399;8;11396;9;;;11417;10;11420;19;;;11408.0;0.0
yf_ADM_d7;8000;ASH_COATED_OSMIUM;9897;24;9894;23;;;9909;16;9912;21;;;9903.0;0.0
yf_ADM_d7;8000;INTARIAN_PEPPER_ROOT;11405;18;11402;24;;;11411;24;11415;17;;;11408.0;0.0
yf_ADM_d7;8100;ASH_COATED_OSMIUM;9891;6;9889;17;;;9915;15;9919;19;;;9903.0;0.0
yf_ADM_d7;8100;INTARIAN_PEPPER_ROOT;11399;19;11396;32;;;11418;15;11420;19;;;11408.5;0.0
yf_ADM_d7;8200;ASH_COATED_OSMIUM;9899;10;9895;24;;;9905;21;9907;18;;;9902.0;0.0
yf_ADM_d7;8200;INTARIAN_PEPPER_ROOT;11406;19;11402;21;;;11412;18;11415;13;;;11409.0;0.0
yf_ADM_d7;8300;ASH_COATED_OSMIUM;9896;12;9893;16;;;9910;9;9912;26;;;9903.0;0.0
yf_ADM_d7;8300;INTARIAN_PEPPER_ROOT;11400;20;11397;17;;;11418;13;11420;27;;;11409.0;0.0
yf_ADM_d7;8400;ASH_COATED_OSMIUM;9899;11;9895;18;;;9907;22;9909;25;;;9903.0;0.0
yf_ADM_d7;8400;INTARIAN_PEPPER_ROOT;11406;14;11402;15;;;11412;8;11416;18;;;11409.0;0.0
yf_ADM_d7;8500;ASH_COATED_OSMIUM;9898;12;9896;17;;;9909;7;9911;17;;;9903.5;0.0
yf_ADM_d7;8500;INTARIAN_PEPPER_ROOT;11404;21;11401;12;;;11414;20;11418;14;;;11409.0;0.0
yf_ADM_d7;8600;ASH_COATED_OSMIUM;9899;9;9895;20;;;9907;7;9911;19;;;9903.0;0.0
yf_ADM_d7;8600;INTARIAN_PEPPER_ROOT;11406;5;11403;12;;;11415;5;11418;11;;;11410.5;0.0
yf_ADM_d7;8700;ASH_COATED_OSMIUM;9893;14;9889;12;;;9912;13;9915;21;;;9902.5;0.0
yf_ADM_d7;8700;INTARIAN_PEPPER_ROOT;11404;18;11400;24;;;11415;15;11419;15;;;11409.5;0.0
yf_ADM_d7;8800;ASH_COATED_OSMIUM;9900;24;9897;10;;;9906;17;9909;23;;;9903.0;0.0
yf_ADM_d7;8800;INTARIAN_PEPPER_ROOT;11407;18;11405;29;;;11413;15;11416;11;;;11410.0;0.0
yf_ADM_d7;8900;ASH_COATED_OSMIUM;9897;12;9895;15;;;9910;11;9912;10;;;9903.5;0.0
yf_ADM_d7;8900;INTARIAN_PEPPER_ROOT;11408;25;11404;29;;;11414;24;11418;23;;;11411.0;0.0
yf_ADM_d7;9000;ASH_COATED_OSMIUM;9898;17;9895;15;;;9907;17;9911;18;;;9902.5;0.0
yf_ADM_d7;9000;INTARIAN_PEPPER_ROOT;11406;12;11403;19;;;11415;18;11418;9;;;11410.5;0.0
yf_ADM_d7;9100;ASH_COATED_OSMIUM;9886;7;9882;22;;;9920;12;9924;26;;;9903.0;0.0
yf_ADM_d7;9100;INTARIAN_PEPPER_ROOT;11408;16;11406;18;;;11414;15;11418;21;;;11411.0;0.0
yf_ADM_d7;9200;ASH_COATED_OSMIUM;9900;15;9898;24;;;9906;10;9909;21;;;9903.0;0.0
yf_ADM_d7;9200;INTARIAN_PEPPER_ROOT;11409;12;11405;21;;;11415;15;11417;15;;;11412.0;0.0
yf_ADM_d7;9300;ASH_COATED_OSMIUM;9899;11;9895;19;;;9907;9;9911;22;;;9903.0;0.0
yf_ADM_d7;9300;INTARIAN_PEPPER_ROOT;11407;19;11403;22;;;11415;21;11418;16;;;11411.0;0.0
yf_ADM_d7;9400;ASH_COATED_OSMIUM;9899;13;9897;24;;;9906;21;9910;19;;;9902.5;0.0
yf_ADM_d7;9400;INTARIAN_PEPPER_ROOT;11404;9;11400;24;;;11420;10;11423;19;;;11412.0;0.0
yf_ADM_d7;9500;ASH_COATED_OSMIUM;9900;18;9897;19;;;9907;15;9909;14;;;9903.5;0.0
yf_ADM_d7;9500;INTARIAN_PEPPER_ROOT;11409;6;11405;22;;;11415;14;11418;25;;;11412.0;0.0
yf_ADM_d7;9600;ASH_COATED_OSMIUM;9898;14;9896;12;;;9908;13;9910;27;;;9903.0;0.0
yf_ADM_d7;9600;INTARIAN_PEPPER_ROOT;11410;18;11406;25;;;11416;11;11418;16;;;11413.0;0.0
yf_ADM_d7;9700;ASH_COATED_OSMIUM;9900;20;9898;19;;;9906;15;9908;13;;;9903.0;0.0
yf_ADM_d7;9700;INTARIAN_PEPPER_ROOT;11409;17;11406;14;;;11415;7;11419;20;;;11412.0;0.0
yf_ADM_d7;9800;ASH_COATED_OSMIUM;9900;10;9898;26;;;9906;14;9908;20;;;9903.0;0.0
yf_ADM_d7;9800;INTARIAN_PEPPER_ROOT;11410;20;11406;12;;;11416;5;11420;26;;;11413.0;0.0
yf_ADM_d7;9900;ASH_COATED_OSMIUM;9890;10;9886;23;;;9916;9;9920;16;;;9903.0;0.0
yf_ADM_d7;9900;INTARIAN_PEPPER_ROOT;11408;15;11404;21;;;11419;10;11421;28;;;11413.5;0.0
yf_ADM_d7;10000;ASH_COATED_OSMIUM;9900;14;9898;21;;;9906;5;9908;22;;;9903.0;0.0
yf_ADM_d7;10000;INTARIAN_PEPPER_ROOT;11411;12;11408;25;;;11417;18;11419;21;;;11414.0;0.0
yf_ADM_d7;10100;ASH_COATED_OSMIUM;9900;15;9897;18;;;9906;20;9910;22;;;9903.0;0.0
yf_ADM_d7;10100;INTARIAN_PEPPER_ROOT;11410;18;11407;18;;;11416;14;11419;26;;;11413.0;0.0
yf_ADM_d7;10200;ASH_COATED_OSMIUM;9899;25;9896;16;;;9908;24;9912;16;;;9903.5;0.0
yf_ADM_d7;10200;INTARIAN_PEPPER_ROOT;11411;13;11407;17;;;11417;24;11420;24;;;11414.0;0.0
yf_ADM_d7;10300;ASH_COATED_OSMIUM;9901;8;9899;26;;;9907;6;9909;18;;;9904.0;0.0
yf_ADM_d7;10300;INTARIAN_PEPPER_ROOT;11412;17;11410;18;;;11418;9;11420;12;;;11415.0;0.0
yf_ADM_d7;10400;ASH_COATED_OSMIUM;9898;8;9895;23;;;9909;19;9912;22;;;9903.5;0.0
yf_ADM_d7;10400;INTARIAN_PEPPER_ROOT;11403;17;11399;24;;;11425;5;11429;15;;;11414.0;0.0
yf_ADM_d7;10500;ASH_COATED_OSMIUM;9901;13;9897;23;;;9907;10;9909;24;;;9904.0;0.0
yf_ADM_d7;10500;INTARIAN_PEPPER_ROOT;11412;15;11408;16;;;11418;6;11420;19;;;11415.0;0.0
yf_ADM_d7;10600;ASH_COATED_OSMIUM;9895;11;9892;18;;;9911;18;9913;22;;;9903.0;0.0
yf_ADM_d7;10600;INTARIAN_PEPPER_ROOT;11410;15;11408;21;;;11420;11;11422;16;;;11415.0;0.0
yf_ADM_d7;10700;ASH_COATED_OSMIUM;9900;22;9898;17;;;9906;20;9910;16;;;9903.0;0.0
yf_ADM_d7;10700;INTARIAN_PEPPER_ROOT;11412;19;11409;24;;;11418;16;11420;28;;;11415.0;0.0
yf_ADM_d7;10800;ASH_COATED_OSMIUM;9893;17;9889;19;;;9914;12;9918;20;;;9903.5;0.0
yf_ADM_d7;10800;INTARIAN_PEPPER_ROOT;11410;9;11408;10;;;11421;15;11424;15;;;11415.5;0.0
yf_ADM_d7;10900;ASH_COATED_OSMIUM;9900;14;9897;23;;;9906;11;9909;19;;;9903.0;0.0
yf_ADM_d7;10900;INTARIAN_PEPPER_ROOT;11413;20;11409;16;;;11419;19;11422;15;;;11416.0;0.0
yf_ADM_d7;11000;ASH_COATED_OSMIUM;9900;15;9898;30;;;9906;18;9908;20;;;9903.0;0.0
yf_ADM_d7;11000;INTARIAN_PEPPER_ROOT;11406;20;11404;25;;;11426;7;11428;8;;;11416.0;0.0
yf_ADM_d7;11100;ASH_COATED_OSMIUM;9900;15;9896;20;;;9906;16;9909;18;;;9903.0;0.0
yf_ADM_d7;11100;INTARIAN_PEPPER_ROOT;11413;17;11411;24;;;11419;12;11421;22;;;11416.0;0.0
yf_ADM_d7;11200;ASH_COATED_OSMIUM;9901;14;9897;13;;;9907;20;9910;26;;;9904.0;0.0
yf_ADM_d7;11200;INTARIAN_PEPPER_ROOT;11409;11;11405;14;;;11424;10;11426;13;;;11416.5;0.0
yf_ADM_d7;11300;ASH_COATED_OSMIUM;9898;17;9895;22;;;9909;13;9912;14;;;9903.5;0.0
yf_ADM_d7;11300;INTARIAN_PEPPER_ROOT;11414;5;11411;24;;;11420;22;11423;23;;;11417.0;0.0
yf_ADM_d7;11400;ASH_COATED_OSMIUM;9901;19;9899;25;;;9907;6;9910;28;;;9904.0;0.0
yf_ADM_d7;11400;INTARIAN_PEPPER_ROOT;11414;15;11410;21;;;11420;11;11422;19;;;11417.0;0.0
yf_ADM_d7;11500;ASH_COATED_OSMIUM;9901;21;9898;20;;;9907;16;9910;17;;;9904.0;0.0
yf_ADM_d7;11500;INTARIAN_PEPPER_ROOT;11413;20;11411;11;;;11422;16;11424;12;;;11417.5;0.0
yf_ADM_d7;11600;ASH_COATED_OSMIUM;9901;13;9898;22;;;9907;10;9909;20;;;9904.0;0.0
yf_ADM_d7;11600;INTARIAN_PEPPER_ROOT;11412;9;11410;13;;;11423;17;11427;14;;;11417.5;0.0
yf_ADM_d7;11700;ASH_COATED_OSMIUM;9901;19;9899;18;;;9907;15;9911;8;;;9904.0;0.0
yf_ADM_d7;11700;INTARIAN_PEPPER_ROOT;11414;10;11410;12;;;11420;8;11424;19;;;11417.0;0.0
yf_ADM_d7;11800;ASH_COATED_OSMIUM;9901;13;9897;16;;;9907;10;9909;30;;;9904.0;0.0
yf_ADM_d7;11800;INTARIAN_PEPPER_ROOT;11411;26;11409;19;;;11423;21;11426;16;;;11417.0;0.0
yf_ADM_d7;11900;ASH_COATED_OSMIUM;9895;10;9893;22;;;9912;7;9914;20;;;9903.5;0.0
yf_ADM_d7;11900;INTARIAN_PEPPER_ROOT;11409;12;11406;19;;;11426;10;11429;18;;;11417.5;0.0
yf_ADM_d7;12000;ASH_COATED_OSMIUM;9901;18;9897;13;;;9907;13;9911;20;;;9904.0;0.0
yf_ADM_d7;12000;INTARIAN_PEPPER_ROOT;11414;14;11410;20;;;11423;16;11426;21;;;11418.5;0.0
yf_ADM_d7;12100;ASH_COATED_OSMIUM;9901;16;9897;19;;;9907;15;9910;20;;;9904.0;0.0
yf_ADM_d7;12100;INTARIAN_PEPPER_ROOT;11412;19;11409;25;;;11424;19;11426;22;;;11418.0;0.0
yf_ADM_d7;12200;ASH_COATED_OSMIUM;9901;17;9899;16;;;9907;21;9910;26;;;9904.0;0.0
yf_ADM_d7;12200;INTARIAN_PEPPER_ROOT;11416;15;11414;24;;;11422;15;11426;22;;;11419.0;0.0
yf_ADM_d7;12300;ASH_COATED_OSMIUM;9899;13;9897;20;;;9908;7;9910;15;;;9903.5;0.0
yf_ADM_d7;12300;INTARIAN_PEPPER_ROOT;11417;7;11414;17;;;11423;12;11426;20;;;11420.0;0.0
yf_ADM_d7;12400;ASH_COATED_OSMIUM;9901;20;9897;21;;;9907;20;9910;23;;;9904.0;0.0
yf_ADM_d7;12400;INTARIAN_PEPPER_ROOT;11416;12;11414;11;;;11422;29;11425;21;;;11419.0;0.0
yf_ADM_d7;12500;ASH_COATED_OSMIUM;9899;13;9897;18;;;9909;21;9913;25;;;9904.0;0.0
yf_ADM_d7;12500;INTARIAN_PEPPER_ROOT;11415;23;11412;18;;;11426;16;11429;23;;;11420.5;0.0
yf_ADM_d7;12600;ASH_COATED_OSMIUM;9892;5;9890;29;;;9916;10;9920;25;;;9904.0;0.0
yf_ADM_d7;12600;INTARIAN_PEPPER_ROOT;11417;14;11414;21;;;11423;18;11426;16;;;11420.0;0.0
yf_ADM_d7;12700;ASH_COATED_OSMIUM;9902;26;9900;21;;;9908;13;9910;17;;;9905.0;0.0
yf_ADM_d7;12700;INTARIAN_PEPPER_ROOT;11408;15;11404;14;;;11432;12;11436;19;;;11420.0;0.0
yf_ADM_d7;12800;ASH_COATED_OSMIUM;9901;11;9898;11;;;9907;17;9910;21;;;9904.0;0.0
yf_ADM_d7;12800;INTARIAN_PEPPER_ROOT;11412;18;11409;27;;;11429;7;11431;18;;;11420.5;0.0
yf_ADM_d7;12900;ASH_COATED_OSMIUM;9897;15;9895;20;;;9912;15;9914;26;;;9904.5;0.0
yf_ADM_d7;12900;INTARIAN_PEPPER_ROOT;11418;20;11415;17;;;11424;21;11426;13;;;11421.0;0.0
yf_ADM_d7;13000;ASH_COATED_OSMIUM;9901;19;9897;15;;;9907;15;9910;24;;;9904.0;0.0
yf_ADM_d7;13000;INTARIAN_PEPPER_ROOT;11418;12;11414;15;;;11424;20;11426;28;;;11421.0;0.0
yf_ADM_d7;13100;ASH_COATED_OSMIUM;9901;12;9897;22;;;9907;13;9910;25;;;9904.0;0.0
yf_ADM_d7;13100;INTARIAN_PEPPER_ROOT;11418;21;11415;10;;;11424;23;11427;16;;;11421.0;0.0
yf_ADM_d7;13200;ASH_COATED_OSMIUM;9900;18;9898;18;;;9909;12;9913;19;;;9904.5;0.0
yf_ADM_d7;13200;INTARIAN_PEPPER_ROOT;11418;16;11415;16;;;11424;13;11428;24;;;11421.0;0.0
yf_ADM_d7;13300;ASH_COATED_OSMIUM;9897;14;9894;16;;;9911;17;9914;17;;;9904.0;0.0
yf_ADM_d7;13300;INTARIAN_PEPPER_ROOT;11412;16;11409;34;;;11432;14;11435;12;;;11422.0;0.0
yf_ADM_d7;13400;ASH_COATED_OSMIUM;9901;7;9899;13;;;9907;15;9910;25;;;9904.0;0.0
yf_ADM_d7;13400;INTARIAN_PEPPER_ROOT;11418;14;11416;24;;;11425;16;11427;22;;;11421.5;0.0
yf_ADM_d7;13500;ASH_COATED_OSMIUM;9898;19;9895;18;;;9910;15;9913;19;;;9904.0;0.0
yf_ADM_d7;13500;INTARIAN_PEPPER_ROOT;11418;10;11415;25;;;11428;19;11430;20;;;11423.0;0.0
yf_ADM_d7;13600;ASH_COATED_OSMIUM;9901;16;9898;26;;;9907;9;9910;18;;;9904.0;0.0
yf_ADM_d7;13600;INTARIAN_PEPPER_ROOT;11418;11;11414;25;;;11426;13;11429;29;;;11422.0;0.0
yf_ADM_d7;13700;ASH_COATED_OSMIUM;9902;6;9899;26;;;9908;14;9912;14;;;9905.0;0.0
yf_ADM_d7;13700;INTARIAN_PEPPER_ROOT;11420;12;11417;23;;;11426;15;11430;18;;;11423.0;0.0
yf_ADM_d7;13800;ASH_COATED_OSMIUM;9900;19;9898;16;;;9910;17;9912;17;;;9905.0;0.0
yf_ADM_d7;13800;INTARIAN_PEPPER_ROOT;11420;7;11416;17;;;11426;13;11430;28;;;11423.0;0.0
yf_ADM_d7;13900;ASH_COATED_OSMIUM;9900;11;9898;8;;;9909;13;9911;22;;;9904.5;0.0
yf_ADM_d7;13900;INTARIAN_PEPPER_ROOT;11413;11;11411;16;;;11433;16;11437;19;;;11423.0;0.0
yf_ADM_d7;14000;ASH_COATED_OSMIUM;9901;14;9899;21;;;9908;9;9910;21;;;9904.5;0.0
yf_ADM_d7;14000;INTARIAN_PEPPER_ROOT;11406;18;11403;25;;;11442;19;11445;15;;;11424.0;0.0
yf_ADM_d7;14100;ASH_COATED_OSMIUM;9902;20;9900;12;;;9908;5;9912;19;;;9905.0;0.0
yf_ADM_d7;14100;INTARIAN_PEPPER_ROOT;11421;24;11418;21;;;11427;13;11430;23;;;11424.0;0.0
yf_ADM_d7;14200;ASH_COATED_OSMIUM;9900;23;9897;20;;;9909;16;9911;16;;;9904.5;0.0
yf_ADM_d7;14200;INTARIAN_PEPPER_ROOT;11418;14;11415;18;;;11430;13;11432;25;;;11424.0;0.0
yf_ADM_d7;14300;ASH_COATED_OSMIUM;9894;15;9891;13;;;9916;15;9920;21;;;9905.0;0.0
yf_ADM_d7;14300;INTARIAN_PEPPER_ROOT;11421;5;11418;27;;;11427;13;11429;16;;;11424.0;0.0
yf_ADM_d7;14400;ASH_COATED_OSMIUM;9902;20;9899;22;;;9908;12;9912;14;;;9905.0;0.0
yf_ADM_d7;14400;INTARIAN_PEPPER_ROOT;11422;7;11420;20;;;11428;17;11430;27;;;11425.0;0.0
yf_ADM_d7;14500;ASH_COATED_OSMIUM;9901;15;9898;20;;;9907;17;9911;14;;;9904.0;0.0
yf_ADM_d7;14500;INTARIAN_PEPPER_ROOT;11422;23;11420;26;;;11428;11;11430;16;;;11425.0;0.0
yf_ADM_d7;14600;ASH_COATED_OSMIUM;9895;15;9892;15;;;9914;30;9916;23;;;9904.5;0.0
yf_ADM_d7;14600;INTARIAN_PEPPER_ROOT;11423;16;11421;18;;;11429;14;11433;16;;;11426.0;0.0
yf_ADM_d7;14700;ASH_COATED_OSMIUM;9898;5;9895;16;;;9912;13;9914;11;;;9905.0;0.0
yf_ADM_d7;14700;INTARIAN_PEPPER_ROOT;11421;15;11418;22;;;11430;7;11432;17;;;11425.5;0.0
yf_ADM_d7;14800;ASH_COATED_OSMIUM;9902;14;9899;21;;;9908;13;9912;20;;;9905.0;0.0
yf_ADM_d7;14800;INTARIAN_PEPPER_ROOT;11423;16;11420;21;;;11429;12;11432;23;;;11426.0;0.0
yf_ADM_d7;14900;ASH_COATED_OSMIUM;9900;20;9896;25;;;9910;11;9913;19;;;9905.0;0.0
yf_ADM_d7;14900;INTARIAN_PEPPER_ROOT;11419;18;11415;9;;;11432;19;11435;22;;;11425.5;0.0
yf_ADM_d7;15000;ASH_COATED_OSMIUM;9893;13;9889;11;;;9916;10;9919;22;;;9904.5;0.0
yf_ADM_d7;15000;INTARIAN_PEPPER_ROOT;11419;16;11415;16;;;11434;19;11437;24;;;11426.5;0.0
yf_ADM_d7;15100;ASH_COATED_OSMIUM;9902;10;9899;18;;;9908;17;9912;19;;;9905.0;0.0
yf_ADM_d7;15100;INTARIAN_PEPPER_ROOT;11423;14;11420;23;;;11429;22;11432;13;;;11426.0;0.0
yf_ADM_d7;15200;ASH_COATED_OSMIUM;9902;22;9899;28;;;9908;19;9912;23;;;9905.0;0.0
yf_ADM_d7;15200;INTARIAN_PEPPER_ROOT;11424;20;11422;21;;;11430;13;11434;30;;;11427.0;0.0
yf_ADM_d7;15300;ASH_COATED_OSMIUM;9902;11;9898;22;;;9908;27;9912;21;;;9905.0;0.0
yf_ADM_d7;15300;INTARIAN_PEPPER_ROOT;11424;15;11421;16;;;11430;10;11433;21;;;11427.0;0.0
yf_ADM_d7;15400;ASH_COATED_OSMIUM;9895;15;9892;18;;;9916;13;9920;17;;;9905.5;0.0
yf_ADM_d7;15400;INTARIAN_PEPPER_ROOT;11424;10;11421;28;;;11430;15;11434;21;;;11427.0;0.0
yf_ADM_d7;15500;ASH_COATED_OSMIUM;9902;7;9899;23;;;9908;15;9911;21;;;9905.0;0.0
yf_ADM_d7;15500;INTARIAN_PEPPER_ROOT;11424;10;11421;20;;;11430;18;11434;19;;;11427.0;0.0
yf_ADM_d7;15600;ASH_COATED_OSMIUM;9895;11;9891;22;;;9916;25;9920;24;;;9905.5;0.0
yf_ADM_d7;15600;INTARIAN_PEPPER_ROOT;11424;14;11422;13;;;11430;19;11432;18;;;11427.0;0.0
yf_ADM_d7;15700;ASH_COATED_OSMIUM;9901;11;9899;14;;;9910;11;9912;21;;;9905.5;0.0
yf_ADM_d7;15700;INTARIAN_PEPPER_ROOT;11425;15;11421;16;;;11431;7;11435;29;;;11428.0;0.0
yf_ADM_d7;15800;ASH_COATED_OSMIUM;9896;8;9894;17;;;9915;5;9919;18;;;9905.5;0.0
yf_ADM_d7;15800;INTARIAN_PEPPER_ROOT;11425;15;11423;21;;;11431;8;11434;15;;;11428.0;0.0
yf_ADM_d7;15900;ASH_COATED_OSMIUM;9902;10;9900;15;;;9908;14;9910;26;;;9905.0;0.0
yf_ADM_d7;15900;INTARIAN_PEPPER_ROOT;11426;9;11424;19;;;11432;14;11435;20;;;11429.0;0.0
yf_ADM_d7;16000;ASH_COATED_OSMIUM;9900;16;9898;18;;;9912;19;9916;22;;;9906.0;0.0
yf_ADM_d7;16000;INTARIAN_PEPPER_ROOT;11425;18;11423;26;;;11434;18;11436;25;;;11429.5;0.0
yf_ADM_d7;16100;ASH_COATED_OSMIUM;9901;14;9899;22;;;9909;14;9912;19;;;9905.0;0.0
yf_ADM_d7;16100;INTARIAN_PEPPER_ROOT;11426;13;11423;17;;;11433;15;11435;16;;;11429.5;0.0
yf_ADM_d7;16200;ASH_COATED_OSMIUM;9903;12;9901;21;;;9909;16;9913;24;;;9906.0;0.0
yf_ADM_d7;16200;INTARIAN_PEPPER_ROOT;11426;13;11423;15;;;11432;26;11435;18;;;11429.0;0.0
yf_ADM_d7;16300;ASH_COATED_OSMIUM;9903;10;9899;28;;;9909;24;9911;8;;;9906.0;0.0
yf_ADM_d7;16300;INTARIAN_PEPPER_ROOT;11426;11;11422;19;;;11432;9;11434;18;;;11429.0;0.0
yf_ADM_d7;16400;ASH_COATED_OSMIUM;9902;15;9900;26;;;9908;20;9910;23;;;9905.0;0.0
yf_ADM_d7;16400;INTARIAN_PEPPER_ROOT;11427;11;11424;12;;;11433;20;11436;20;;;11430.0;0.0
yf_ADM_d7;16500;ASH_COATED_OSMIUM;9903;5;9901;23;;;9909;12;9911;17;;;9906.0;0.0
yf_ADM_d7;16500;INTARIAN_PEPPER_ROOT;11427;16;11425;17;;;11433;5;11437;21;;;11430.0;0.0
yf_ADM_d7;16600;ASH_COATED_OSMIUM;9903;16;9899;20;;;9909;22;9912;24;;;9906.0;0.0
yf_ADM_d7;16600;INTARIAN_PEPPER_ROOT;11427;19;11425;17;;;11434;20;11436;16;;;11430.5;0.0
yf_ADM_d7;16700;ASH_COATED_OSMIUM;9902;6;9900;19;;;9911;17;9913;22;;;9906.5;0.0
yf_ADM_d7;16700;INTARIAN_PEPPER_ROOT;11427;14;11423;19;;;11433;6;11436;18;;;11430.0;0.0
yf_ADM_d7;16800;ASH_COATED_OSMIUM;9903;18;9900;18;;;9909;9;9913;24;;;9906.0;0.0
yf_ADM_d7;16800;INTARIAN_PEPPER_ROOT;11428;13;11425;17;;;11434;17;11437;22;;;11431.0;0.0
yf_ADM_d7;16900;ASH_COATED_OSMIUM;9903;14;9900;15;;;9909;18;9911;20;;;9906.0;0.0
yf_ADM_d7;16900;INTARIAN_PEPPER_ROOT;11424;16;11420;32;;;11438;14;11441;21;;;11431.0;0.0
yf_ADM_d7;17000;ASH_COATED_OSMIUM;9898;18;9896;24;;;9914;13;9916;14;;;9906.0;0.0
yf_ADM_d7;17000;INTARIAN_PEPPER_ROOT;11423;19;11419;16;;;11441;13;11443;26;;;11432.0;0.0
yf_ADM_d7;17100;ASH_COATED_OSMIUM;9903;16;9901;15;;;9909;17;9913;21;;;9906.0;0.0
yf_ADM_d7;17100;INTARIAN_PEPPER_ROOT;11430;17;11426;18;;;11436;12;11439;27;;;11433.0;0.0
yf_ADM_d7;17200;ASH_COATED_OSMIUM;9903;22;9900;15;;;9909;18;9913;20;;;9906.0;0.0
yf_ADM_d7;17200;INTARIAN_PEPPER_ROOT;11431;6;11427;21;;;11437;12;11439;20;;;11434.0;0.0
yf_ADM_d7;17300;ASH_COATED_OSMIUM;9903;13;9900;22;;;9909;21;9912;21;;;9906.0;0.0
yf_ADM_d7;17300;INTARIAN_PEPPER_ROOT;11432;17;11429;19;;;11438;13;11442;20;;;11435.0;0.0
yf_ADM_d7;17400;ASH_COATED_OSMIUM;9903;10;9901;23;;;9909;19;9911;18;;;9906.0;0.0
yf_ADM_d7;17400;INTARIAN_PEPPER_ROOT;11424;11;11422;18;;;11449;18;11451;24;;;11436.5;0.0
yf_ADM_d7;17500;ASH_COATED_OSMIUM;9903;19;9901;24;;;9910;21;9914;18;;;9906.5;0.0
yf_ADM_d7;17500;INTARIAN_PEPPER_ROOT;11434;16;11430;25;;;11440;14;11443;15;;;11437.0;0.0
yf_ADM_d7;17600;ASH_COATED_OSMIUM;9903;25;9900;20;;;9909;9;9913;25;;;9906.0;0.0
yf_ADM_d7;17600;INTARIAN_PEPPER_ROOT;11433;15;11431;18;;;11443;20;11446;19;;;11438.0;0.0
yf_ADM_d7;17700;ASH_COATED_OSMIUM;9903;13;9900;17;;;9909;11;9911;9;;;9906.0;0.0
yf_ADM_d7;17700;INTARIAN_PEPPER_ROOT;11430;16;11428;20;;;11448;11;11450;25;;;11439.0;0.0
yf_ADM_d7;17800;ASH_COATED_OSMIUM;9903;16;9900;15;;;9909;12;9911;27;;;9906.0;0.0
yf_ADM_d7;17800;INTARIAN_PEPPER_ROOT;11437;12;11433;21;;;11443;13;11446;20;;;11440.0;0.0
yf_ADM_d7;17900;ASH_COATED_OSMIUM;9902;16;9900;22;;;9908;14;9910;13;;;9905.0;0.0
yf_ADM_d7;17900;INTARIAN_PEPPER_ROOT;11438;10;11435;27;;;11444;9;11447;22;;;11441.0;0.0
yf_ADM_d7;18000;ASH_COATED_OSMIUM;9902;21;9899;20;;;9909;15;9911;16;;;9905.5;0.0
yf_ADM_d7;18000;INTARIAN_PEPPER_ROOT;11440;16;11436;22;;;11446;20;11450;19;;;11443.0;0.0
yf_ADM_d7;18100;ASH_COATED_OSMIUM;9903;19;9900;19;;;9909;13;9912;18;;;9906.0;0.0
yf_ADM_d7;18100;INTARIAN_PEPPER_ROOT;11439;5;11435;19;;;11447;17;11450;26;;;11443.0;0.0
yf_ADM_d7;18200;ASH_COATED_OSMIUM;9903;14;9899;18;;;9909;12;9911;19;;;9906.0;0.0
yf_ADM_d7;18200;INTARIAN_PEPPER_ROOT;11438;12;11435;12;;;11449;24;11451;24;;;11443.5;0.0
yf_ADM_d7;18300;ASH_COATED_OSMIUM;9903;13;9899;19;;;9909;30;9913;15;;;9906.0;0.0
yf_ADM_d7;18300;INTARIAN_PEPPER_ROOT;11441;14;11438;25;;;11450;10;11452;16;;;11445.5;0.0
yf_ADM_d7;18400;ASH_COATED_OSMIUM;9903;18;9899;16;;;9909;16;9912;15;;;9906.0;0.0
yf_ADM_d7;18400;INTARIAN_PEPPER_ROOT;11443;9;11440;19;;;11449;10;11451;16;;;11446.0;0.0
yf_ADM_d7;18500;ASH_COATED_OSMIUM;9902;19;9899;16;;;9908;13;9910;21;;;9905.0;0.0
yf_ADM_d7;18500;INTARIAN_PEPPER_ROOT;11444;11;11442;19;;;11450;14;11452;26;;;11447.0;0.0
yf_ADM_d7;18600;ASH_COATED_OSMIUM;9903;11;9899;22;;;9909;14;9912;14;;;9906.0;0.0
yf_ADM_d7;18600;INTARIAN_PEPPER_ROOT;11445;11;11443;20;;;11451;13;11453;19;;;11448.0;0.0
yf_ADM_d7;18700;ASH_COATED_OSMIUM;9903;13;9899;28;;;9909;16;9911;24;;;9906.0;0.0
yf_ADM_d7;18700;INTARIAN_PEPPER_ROOT;11446;14;11442;25;;;11452;18;11454;19;;;11449.0;0.0
yf_ADM_d7;18800;ASH_COATED_OSMIUM;9902;16;9899;27;;;9908;17;9911;21;;;9905.0;0.0
yf_ADM_d7;18800;INTARIAN_PEPPER_ROOT;11448;12;11446;20;;;11454;12;11458;8;;;11451.0;0.0
yf_ADM_d7;18900;ASH_COATED_OSMIUM;9903;24;9901;16;;;9909;13;9911;26;;;9906.0;0.0
yf_ADM_d7;18900;INTARIAN_PEPPER_ROOT;11445;27;11442;21;;;11456;14;11458;17;;;11450.5;0.0
yf_ADM_d7;19000;ASH_COATED_OSMIUM;9902;20;9900;19;;;9908;10;9912;14;;;9905.0;0.0
yf_ADM_d7;19000;INTARIAN_PEPPER_ROOT;11449;9;11446;18;;;11455;15;11457;16;;;11452.0;0.0
yf_ADM_d7;19100;ASH_COATED_OSMIUM;9903;22;9900;14;;;9909;11;9911;23;;;9906.0;0.0
yf_ADM_d7;19100;INTARIAN_PEPPER_ROOT;11448;10;11445;20;;;11459;16;11462;25;;;11453.5;0.0
yf_ADM_d7;19200;ASH_COATED_OSMIUM;9895;16;9892;10;;;9917;20;9921;19;;;9906.0;0.0
yf_ADM_d7;19200;INTARIAN_PEPPER_ROOT;11451;17;11447;16;;;11457;15;11459;26;;;11454.0;0.0
yf_ADM_d7;19300;ASH_COATED_OSMIUM;9902;20;9899;14;;;9908;12;9911;11;;;9905.0;0.0
yf_ADM_d7;19300;INTARIAN_PEPPER_ROOT;11441;11;11439;20;;;11469;13;11473;20;;;11455.0;0.0
yf_ADM_d7;19400;ASH_COATED_OSMIUM;9903;14;9901;16;;;9909;16;9912;12;;;9906.0;0.0
yf_ADM_d7;19400;INTARIAN_PEPPER_ROOT;11454;10;11452;17;;;11460;12;11464;26;;;11457.0;0.0
yf_ADM_d7;19500;ASH_COATED_OSMIUM;9900;12;9896;17;;;9911;16;9915;25;;;9905.5;0.0
yf_ADM_d7;19500;INTARIAN_PEPPER_ROOT;11454;18;11452;25;;;11460;15;11463;23;;;11457.0;0.0
yf_ADM_d7;19600;ASH_COATED_OSMIUM;9898;8;9894;16;;;9913;13;9915;22;;;9905.5;0.0
yf_ADM_d7;19600;INTARIAN_PEPPER_ROOT;11453;21;11450;25;;;11463;14;11466;17;;;11458.0;0.0
yf_ADM_d7;19700;ASH_COATED_OSMIUM;9903;13;9900;13;;;9909;8;9913;12;;;9906.0;0.0
yf_ADM_d7;19700;INTARIAN_PEPPER_ROOT;11456;5;11452;12;;;11462;11;11465;19;;;11459.0;0.0
yf_ADM_d7;19800;ASH_COATED_OSMIUM;9898;15;9896;15;;;9913;14;9917;18;;;9905.5;0.0
yf_ADM_d7;19800;INTARIAN_PEPPER_ROOT;11450;7;11448;18;;;11471;7;11474;11;;;11460.5;0.0
yf_ADM_d7;19900;ASH_COATED_OSMIUM;9902;5;9900;25;;;9909;24;9912;28;;;9905.5;0.0
yf_ADM_d7;19900;INTARIAN_PEPPER_ROOT;11459;13;11456;17;;;11465;19;11467;25;;;11462.0;0.0
yf_ADM_d7;20000;ASH_COATED_OSMIUM;9895;17;9893;11;;;9917;14;9919;18;;;9906.0;0.0
yf_ADM_d7;20000;INTARIAN_PEPPER_ROOT;11459;8;11456;34;;;11465;9;11469;18;;;11462.0;0.0
yf_ADM_d7;20100;ASH_COATED_OSMIUM;9903;8;9899;18;;;9909;15;9912;14;;;9906.0;0.0
yf_ADM_d7;20100;INTARIAN_PEPPER_ROOT;11460;21;11457;20;;;11466;6;11469;9;;;11463.0;0.0
yf_ADM_d7;20200;ASH_COATED_OSMIUM;9902;26;9899;8;;;9908;12;9910;26;;;9905.0;0.0
yf_ADM_d7;20200;INTARIAN_PEPPER_ROOT;11461;17;11457;20;;;11467;12;11471;18;;;11464.0;0.0
yf_ADM_d7;20300;ASH_COATED_OSMIUM;9902;13;9900;21;;;9910;16;9913;18;;;9906.0;0.0
yf_ADM_d7;20300;INTARIAN_PEPPER_ROOT;11462;17;11459;25;;;11468;23;11472;19;;;11465.0;0.0
yf_ADM_d7;20400;ASH_COATED_OSMIUM;9903;18;9900;18;;;9909;12;9912;14;;;9906.0;0.0
yf_ADM_d7;20400;INTARIAN_PEPPER_ROOT;11457;12;11455;26;;;11476;15;11479;26;;;11466.5;0.0
yf_ADM_d7;20500;ASH_COATED_OSMIUM;9897;13;9895;13;;;9914;5;9918;18;;;9905.5;0.0
yf_ADM_d7;20500;INTARIAN_PEPPER_ROOT;11464;15;11461;14;;;11470;5;11473;22;;;11467.0;0.0
yf_ADM_d7;20600;ASH_COATED_OSMIUM;9900;8;9897;18;;;9911;10;9915;14;;;9905.5;0.0
yf_ADM_d7;20600;INTARIAN_PEPPER_ROOT;11462;10;11460;26;;;11474;12;11476;19;;;11468.0;0.0
yf_ADM_d7;20700;ASH_COATED_OSMIUM;9903;8;9900;20;;;9909;8;9911;29;;;9906.0;0.0
yf_ADM_d7;20700;INTARIAN_PEPPER_ROOT;11467;19;11463;21;;;11473;11;11477;17;;;11470.0;0.0
yf_ADM_d7;20800;ASH_COATED_OSMIUM;9903;18;9899;24;;;9909;20;9913;16;;;9906.0;0.0
yf_ADM_d7;20800;INTARIAN_PEPPER_ROOT;11467;20;11465;20;;;11473;13;11475;19;;;11470.0;0.0
yf_ADM_d7;20900;ASH_COATED_OSMIUM;9902;7;9899;23;;;9908;12;9911;27;;;9905.0;0.0
yf_ADM_d7;20900;INTARIAN_PEPPER_ROOT;11468;15;11464;21;;;11474;19;11476;19;;;11471.0;0.0
yf_ADM_d7;21000;ASH_COATED_OSMIUM;9900;5;9897;21;;;9911;12;9914;25;;;9905.5;0.0
yf_ADM_d7;21000;INTARIAN_PEPPER_ROOT;11469;8;11467;28;;;11475;19;11478;18;;;11472.0;0.0
yf_ADM_d7;21100;ASH_COATED_OSMIUM;9903;10;9900;10;;;9909;19;9911;22;;;9906.0;0.0
yf_ADM_d7;21100;INTARIAN_PEPPER_ROOT;11470;13;11466;20;;;11476;20;11478;17;;;11473.0;0.0
yf_ADM_d7;21200;ASH_COATED_OSMIUM;9903;12;9901;28;;;9909;21;9913;17;;;9906.0;0.0
yf_ADM_d7;21200;INTARIAN_PEPPER_ROOT;11462;6;11459;21;;;11486;9;11490;29;;;11474.0;0.0
yf_ADM_d7;21300;ASH_COATED_OSMIUM;9903;19;9899;26;;;9909;20;9911;12;;;9906.0;0.0
yf_ADM_d7;21300;INTARIAN_PEPPER_ROOT;11472;19;11470;21;;;11478;13;11480;24;;;11475.0;0.0
yf_ADM_d7;21400;ASH_COATED_OSMIUM;9903;14;9900;16;;;9909;18;9911;23;;;9906.0;0.0
yf_ADM_d7;21400;INTARIAN_PEPPER_ROOT;11470;15;11466;23;;;11483;6;11486;20;;;11476.5;0.0
yf_ADM_d7;21500;ASH_COATED_OSMIUM;9902;12;9900;19;;;9908;13;9912;22;;;9905.0;0.0
yf_ADM_d7;21500;INTARIAN_PEPPER_ROOT;11475;12;11471;22;;;11481;9;11485;11;;;11478.0;0.0
yf_ADM_d7;21600;ASH_COATED_OSMIUM;9902;17;9899;22;;;9908;11;9910;25;;;9905.0;0.0
yf_ADM_d7;21600;INTARIAN_PEPPER_ROOT;11476;14;11472;26;;;11482;12;11486;19;;;11479.0;0.0
yf_ADM_d7;21700;ASH_COATED_OSMIUM;9903;12;9899;17;;;9909;20;9912;17;;;9906.0;0.0
yf_ADM_d7;21700;INTARIAN_PEPPER_ROOT;11476;5;11474;18;;;11483;7;11486;23;;;11479.5;0.0
yf_ADM_d7;21800;ASH_COATED_OSMIUM;9903;19;9900;23;;;9909;12;9911;26;;;9906.0;0.0
yf_ADM_d7;21800;INTARIAN_PEPPER_ROOT;11474;9;11471;33;;;11487;14;11491;11;;;11480.5;0.0
yf_ADM_d7;21900;ASH_COATED_OSMIUM;9903;17;9900;25;;;9909;18;9911;23;;;9906.0;0.0
yf_ADM_d7;21900;INTARIAN_PEPPER_ROOT;11478;11;11474;18;;;11484;12;11488;21;;;11481.0;0.0
yf_ADM_d7;22000;ASH_COATED_OSMIUM;9893;9;9890;15;;;9919;16;9922;13;;;9906.0;0.0
yf_ADM_d7;22000;INTARIAN_PEPPER_ROOT;11480;16;11477;8;;;11486;10;11489;18;;;11483.0;0.0
yf_ADM_d7;22100;ASH_COATED_OSMIUM;9903;16;9901;18;;;9909;13;9911;17;;;9906.0;0.0
yf_ADM_d7;22100;INTARIAN_PEPPER_ROOT;11481;13;11478;23;;;11488;13;11491;20;;;11484.5;0.0
yf_ADM_d7;22200;ASH_COATED_OSMIUM;9902;23;9899;15;;;9908;15;9910;18;;;9905.0;0.0
yf_ADM_d7;22200;INTARIAN_PEPPER_ROOT;11475;19;11472;21;;;11494;20;11498;21;;;11484.5;0.0
yf_ADM_d7;22300;ASH_COATED_OSMIUM;9902;23;9900;20;;;9910;15;9913;18;;;9906.0;0.0
yf_ADM_d7;22300;INTARIAN_PEPPER_ROOT;11474;5;11471;25;;;11497;13;11499;23;;;11485.5;0.0
yf_ADM_d7;22400;ASH_COATED_OSMIUM;9902;10;9900;18;;;9908;17;9912;13;;;9905.0;0.0
yf_ADM_d7;22400;INTARIAN_PEPPER_ROOT;11483;19;11479;30;;;11491;18;11495;19;;;11487.0;0.0
yf_ADM_d7;22500;ASH_COATED_OSMIUM;9900;14;9897;23;;;9912;13;9915;21;;;9906.0;0.0
yf_ADM_d7;22500;INTARIAN_PEPPER_ROOT;11484;15;11480;12;;;11490;16;11493;14;;;11487.0;0.0
yf_ADM_d7;22600;ASH_COATED_OSMIUM;9895;19;9891;17;;;9917;13;9921;22;;;9906.0;0.0
yf_ADM_d7;22600;INTARIAN_PEPPER_ROOT;11486;21;11483;16;;;11492;11;11496;23;;;11489.0;0.0
yf_ADM_d7;22700;ASH_COATED_OSMIUM;9903;20;9901;18;;;9909;7;9912;18;;;9906.0;0.0
yf_ADM_d7;22700;INTARIAN_PEPPER_ROOT;11486;13;11482;26;;;11494;15;11497;21;;;11490.0;0.0
yf_ADM_d7;22800;ASH_COATED_OSMIUM;9902;12;9898;19;;;9908;14;9911;25;;;9905.0;0.0
yf_ADM_d7;22800;INTARIAN_PEPPER_ROOT;11479;12;11475;19;;;11503;6;11505;24;;;11491.0;0.0
yf_ADM_d7;22900;ASH_COATED_OSMIUM;9896;16;9892;24;;;9913;11;9916;18;;;9904.5;0.0
yf_ADM_d7;22900;INTARIAN_PEPPER_ROOT;11483;11;11481;24;;;11501;21;11503;25;;;11492.0;0.0
yf_ADM_d7;23000;ASH_COATED_OSMIUM;9902;19;9898;25;;;9909;11;9913;21;;;9905.5;0.0
yf_ADM_d7;23000;INTARIAN_PEPPER_ROOT;11490;21;11486;15;;;11496;16;11500;22;;;11493.0;0.0
yf_ADM_d7;23100;ASH_COATED_OSMIUM;9902;19;9900;27;;;9908;10;9911;24;;;9905.0;0.0
yf_ADM_d7;23100;INTARIAN_PEPPER_ROOT;11491;15;11489;20;;;11497;8;11501;22;;;11494.0;0.0
yf_ADM_d7;23200;ASH_COATED_OSMIUM;9902;6;9898;16;;;9908;15;9910;13;;;9905.0;0.0
yf_ADM_d7;23200;INTARIAN_PEPPER_ROOT;11490;16;11488;16;;;11501;14;11504;21;;;11495.5;0.0
yf_ADM_d7;23300;ASH_COATED_OSMIUM;9900;15;9897;25;;;9912;14;9916;19;;;9906.0;0.0
yf_ADM_d7;23300;INTARIAN_PEPPER_ROOT;11492;14;11489;13;;;11501;15;11503;19;;;11496.5;0.0
yf_ADM_d7;23400;ASH_COATED_OSMIUM;9892;16;9888;24;;;9918;7;9920;26;;;9905.0;0.0
yf_ADM_d7;23400;INTARIAN_PEPPER_ROOT;11494;21;11492;17;;;11500;15;11503;23;;;11497.0;0.0
yf_ADM_d7;23500;ASH_COATED_OSMIUM;9899;8;9896;19;;;9911;6;9915;21;;;9905.0;0.0
yf_ADM_d7;23500;INTARIAN_PEPPER_ROOT;11495;21;11491;22;;;11501;15;11503;14;;;11498.0;0.0
yf_ADM_d7;23600;ASH_COATED_OSMIUM;9901;15;9899;22;;;9909;22;9912;19;;;9905.0;0.0
yf_ADM_d7;23600;INTARIAN_PEPPER_ROOT;11496;5;11494;26;;;11502;8;11506;22;;;11499.0;0.0
yf_ADM_d7;23700;ASH_COATED_OSMIUM;9892;23;9888;14;;;9919;14;9922;23;;;9905.5;0.0
yf_ADM_d7;23700;INTARIAN_PEPPER_ROOT;11497;5;11494;24;;;11503;18;11505;21;;;11500.0;0.0
yf_ADM_d7;23800;ASH_COATED_OSMIUM;9902;10;9899;20;;;9908;17;9910;26;;;9905.0;0.0
yf_ADM_d7;23800;INTARIAN_PEPPER_ROOT;11496;20;11493;13;;;11507;15;11511;19;;;11501.5;0.0
yf_ADM_d7;23900;ASH_COATED_OSMIUM;9888;18;9884;21;;;9922;13;9924;22;;;9905.0;0.0
yf_ADM_d7;23900;INTARIAN_PEPPER_ROOT;11499;10;11497;22;;;11505;10;11507;18;;;11502.0;0.0
yf_ADM_d7;24000;ASH_COATED_OSMIUM;9902;21;9899;18;;;9908;10;9912;28;;;9905.0;0.0
yf_ADM_d7;24000;INTARIAN_PEPPER_ROOT;11496;21;11492;20;;;11510;11;11512;17;;;11503.0;0.0
yf_ADM_d7;24100;ASH_COATED_OSMIUM;9901;21;9898;23;;;9912;15;9914;23;;;9906.5;0.0
yf_ADM_d7;24100;INTARIAN_PEPPER_ROOT;11501;15;11499;12;;;11507;21;11509;15;;;11504.0;0.0
yf_ADM_d7;24200;ASH_COATED_OSMIUM;9899;8;9895;21;;;9911;14;9915;11;;;9905.0;0.0
yf_ADM_d7;24200;INTARIAN_PEPPER_ROOT;11501;21;11498;15;;;11508;17;11510;24;;;11504.5;0.0
yf_ADM_d7;24300;ASH_COATED_OSMIUM;9903;16;9901;20;;;9909;18;9912;27;;;9906.0;0.0
yf_ADM_d7;24300;INTARIAN_PEPPER_ROOT;11502;10;11499;22;;;11511;16;11513;22;;;11506.5;0.0
yf_ADM_d7;24400;ASH_COATED_OSMIUM;9896;16;9892;22;;;9915;14;9919;9;;;9905.5;0.0
yf_ADM_d7;24400;INTARIAN_PEPPER_ROOT;11503;24;11500;17;;;11511;15;11515;27;;;11507.0;0.0
yf_ADM_d7;24500;ASH_COATED_OSMIUM;9903;16;9899;13;;;9909;12;9911;18;;;9906.0;0.0
yf_ADM_d7;24500;INTARIAN_PEPPER_ROOT;11504;16;11502;19;;;11510;18;11513;31;;;11507.0;0.0
yf_ADM_d7;24600;ASH_COATED_OSMIUM;9901;20;9897;16;;;9908;17;9912;11;;;9904.5;0.0
yf_ADM_d7;24600;INTARIAN_PEPPER_ROOT;11501;13;11499;22;;;11517;15;11520;18;;;11509.0;0.0
yf_ADM_d7;24700;ASH_COATED_OSMIUM;9900;20;9898;17;;;9913;8;9917;29;;;9906.5;0.0
yf_ADM_d7;24700;INTARIAN_PEPPER_ROOT;11507;15;11504;18;;;11513;7;11516;16;;;11510.0;0.0
yf_ADM_d7;24800;ASH_COATED_OSMIUM;9897;16;9894;26;;;9914;13;9918;19;;;9905.5;0.0
yf_ADM_d7;24800;INTARIAN_PEPPER_ROOT;11506;25;11502;19;;;11515;19;11517;19;;;11510.5;0.0
yf_ADM_d7;24900;ASH_COATED_OSMIUM;9902;15;9900;26;;;9909;19;9913;26;;;9905.5;0.0
yf_ADM_d7;24900;INTARIAN_PEPPER_ROOT;11509;18;11505;14;;;11515;14;11518;27;;;11512.0;0.0
yf_ADM_d7;25000;ASH_COATED_OSMIUM;9900;26;9897;23;;;9910;18;9912;18;;;9905.0;0.0
yf_ADM_d7;25000;INTARIAN_PEPPER_ROOT;11510;17;11507;25;;;11516;15;11520;18;;;11513.0;0.0
yf_ADM_d7;25100;ASH_COATED_OSMIUM;9900;18;9898;17;;;9911;14;9915;20;;;9905.5;0.0
yf_ADM_d7;25100;INTARIAN_PEPPER_ROOT;11511;9;11509;12;;;11517;11;11520;24;;;11514.0;0.0
yf_ADM_d7;25200;ASH_COATED_OSMIUM;9902;17;9899;21;;;9908;19;9911;17;;;9905.0;0.0
yf_ADM_d7;25200;INTARIAN_PEPPER_ROOT;11503;19;11501;16;;;11528;13;11530;22;;;11515.5;0.0
yf_ADM_d7;25300;ASH_COATED_OSMIUM;9903;5;9899;23;;;9909;11;9912;10;;;9906.0;0.0
yf_ADM_d7;25300;INTARIAN_PEPPER_ROOT;11513;18;11511;12;;;11519;23;11521;19;;;11516.0;0.0
yf_ADM_d7;25400;ASH_COATED_OSMIUM;9900;5;9896;16;;;9911;17;9914;21;;;9905.5;0.0
yf_ADM_d7;25400;INTARIAN_PEPPER_ROOT;11513;10;11509;25;;;11520;8;11524;24;;;11516.5;0.0
yf_ADM_d7;25500;ASH_COATED_OSMIUM;9903;12;9899;16;;;9909;14;9913;18;;;9906.0;0.0
yf_ADM_d7;25500;INTARIAN_PEPPER_ROOT;11514;7;11510;19;;;11521;16;11524;22;;;11517.5;0.0
yf_ADM_d7;25600;ASH_COATED_OSMIUM;9901;12;9898;14;;;9908;19;9912;22;;;9904.5;0.0
yf_ADM_d7;25600;INTARIAN_PEPPER_ROOT;11514;15;11512;18;;;11524;12;11526;20;;;11519.0;0.0
yf_ADM_d7;25700;ASH_COATED_OSMIUM;9903;15;9901;24;;;9909;15;9911;18;;;9906.0;0.0
yf_ADM_d7;25700;INTARIAN_PEPPER_ROOT;11514;17;11512;12;;;11527;12;11531;21;;;11520.5;0.0
yf_ADM_d7;25800;ASH_COATED_OSMIUM;9892;14;9888;19;;;9919;16;9921;15;;;9905.5;0.0
yf_ADM_d7;25800;INTARIAN_PEPPER_ROOT;11518;20;11514;23;;;11524;20;11527;14;;;11521.0;0.0
yf_ADM_d7;25900;ASH_COATED_OSMIUM;9900;14;9898;24;;;9912;20;9916;24;;;9906.0;0.0
yf_ADM_d7;25900;INTARIAN_PEPPER_ROOT;11519;20;11517;30;;;11525;15;11529;23;;;11522.0;0.0
yf_ADM_d7;26000;ASH_COATED_OSMIUM;9902;11;9900;16;;;9908;11;9911;15;;;9905.0;0.0
yf_ADM_d7;26000;INTARIAN_PEPPER_ROOT;11518;6;11514;14;;;11528;6;11530;25;;;11523.0;0.0
yf_ADM_d7;26100;ASH_COATED_OSMIUM;9894;5;9890;19;;;9917;9;9919;16;;;9905.5;0.0
yf_ADM_d7;26100;INTARIAN_PEPPER_ROOT;11522;8;11519;13;;;11528;26;11530;25;;;11525.0;0.0
yf_ADM_d7;26200;ASH_COATED_OSMIUM;9902;24;9899;11;;;9908;17;9912;23;;;9905.0;0.0
yf_ADM_d7;26200;INTARIAN_PEPPER_ROOT;11521;23;11519;11;;;11530;13;11533;19;;;11525.5;0.0
yf_ADM_d7;26300;ASH_COATED_OSMIUM;9896;5;9893;18;;;9916;16;9920;20;;;9906.0;0.0
yf_ADM_d7;26300;INTARIAN_PEPPER_ROOT;11523;9;11520;19;;;11529;20;11532;21;;;11526.0;0.0
yf_ADM_d7;26400;ASH_COATED_OSMIUM;9901;17;9898;27;;;9910;13;9913;27;;;9905.5;0.0
yf_ADM_d7;26400;INTARIAN_PEPPER_ROOT;11522;19;11518;17;;;11532;15;11536;22;;;11527.0;0.0
yf_ADM_d7;26500;ASH_COATED_OSMIUM;9900;12;9898;11;;;9911;21;9915;17;;;9905.5;0.0
yf_ADM_d7;26500;INTARIAN_PEPPER_ROOT;11525;22;11523;16;;;11531;16;11533;29;;;11528.0;0.0
yf_ADM_d7;26600;ASH_COATED_OSMIUM;9894;11;9892;19;;;9916;18;9918;19;;;9905.0;0.0
yf_ADM_d7;26600;INTARIAN_PEPPER_ROOT;11519;13;11516;18;;;11539;14;11543;18;;;11529.0;0.0
yf_ADM_d7;26700;ASH_COATED_OSMIUM;9902;12;9899;18;;;9908;12;9910;12;;;9905.0;0.0
yf_ADM_d7;26700;INTARIAN_PEPPER_ROOT;11524;19;11521;16;;;11538;15;11542;20;;;11531.0;0.0
yf_ADM_d7;26800;ASH_COATED_OSMIUM;9902;21;9899;14;;;9908;17;9910;22;;;9905.0;0.0
yf_ADM_d7;26800;INTARIAN_PEPPER_ROOT;11528;13;11526;20;;;11534;9;11536;17;;;11531.0;0.0
yf_ADM_d7;26900;ASH_COATED_OSMIUM;9902;19;9900;23;;;9908;14;9910;24;;;9905.0;0.0
yf_ADM_d7;26900;INTARIAN_PEPPER_ROOT;11526;23;11524;20;;;11538;12;11540;13;;;11532.0;0.0
yf_ADM_d7;27000;ASH_COATED_OSMIUM;9902;11;9898;20;;;9908;15;9912;13;;;9905.0;0.0
yf_ADM_d7;27000;INTARIAN_PEPPER_ROOT;11530;15;11527;21;;;11536;9;11538;23;;;11533.0;0.0
yf_ADM_d7;27100;ASH_COATED_OSMIUM;9897;24;9894;17;;;9914;13;9917;28;;;9905.5;0.0
yf_ADM_d7;27100;INTARIAN_PEPPER_ROOT;11531;15;11529;28;;;11537;16;11541;16;;;11534.0;0.0
yf_ADM_d7;27200;ASH_COATED_OSMIUM;9897;21;9893;25;;;9913;12;9917;21;;;9905.0;0.0
yf_ADM_d7;27200;INTARIAN_PEPPER_ROOT;11531;14;11527;27;;;11540;9;11543;23;;;11535.5;0.0
yf_ADM_d7;27300;ASH_COATED_OSMIUM;9902;5;9898;15;;;9908;18;9911;15;;;9905.0;0.0
yf_ADM_d7;27300;INTARIAN_PEPPER_ROOT;11533;15;11531;26;;;11539;7;11541;20;;;11536.0;0.0
yf_ADM_d7;27400;ASH_COATED_OSMIUM;9902;13;9900;18;;;9908;5;9910;24;;;9905.0;0.0
yf_ADM_d7;27400;INTARIAN_PEPPER_ROOT;11534;19;11530;22;;;11540;20;11544;30;;;11537.0;0.0
yf_ADM_d7;27500;ASH_COATED_OSMIUM;9903;13;9900;15;;;9909;14;9911;24;;;9906.0;0.0
yf_ADM_d7;27500;INTARIAN_PEPPER_ROOT;11535;22;11533;20;;;11541;18;11544;26;;;11538.0;0.0
yf_ADM_d7;27600;ASH_COATED_OSMIUM;9903;13;9901;18;;;9909;15;9913;16;;;9906.0;0.0
yf_ADM_d7;27600;INTARIAN_PEPPER_ROOT;11536;20;11533;11;;;11542;16;11545;26;;;11539.0;0.0
yf_ADM_d7;27700;ASH_COATED_OSMIUM;9902;10;9899;25;;;9908;13;9910;23;;;9905.0;0.0
yf_ADM_d7;27700;INTARIAN_PEPPER_ROOT;11534;12;11531;12;;;11547;17;11551;16;;;11540.5;0.0
yf_ADM_d7;27800;ASH_COATED_OSMIUM;9902;9;9898;19;;;9909;13;9913;24;;;9905.5;0.0
yf_ADM_d7;27800;INTARIAN_PEPPER_ROOT;11537;17;11535;25;;;11545;13;11547;14;;;11541.0;0.0
yf_ADM_d7;27900;ASH_COATED_OSMIUM;9901;16;9899;14;;;9910;16;9913;25;;;9905.5;0.0
yf_ADM_d7;27900;INTARIAN_PEPPER_ROOT;11539;16;11535;19;;;11545;15;11549;26;;;11542.0;0.0
yf_ADM_d7;28000;ASH_COATED_OSMIUM;9901;12;9898;19;;;9909;21;9911;13;;;9905.0;0.0
yf_ADM_d7;28000;INTARIAN_PEPPER_ROOT;11540;15;11536;21;;;11546;13;11548;17;;;11543.0;0.0
yf_ADM_d7;28100;ASH_COATED_OSMIUM;9897;13;9895;20;;;9913;14;9916;20;;;9905.0;0.0
yf_ADM_d7;28100;INTARIAN_PEPPER_ROOT;11541;16;11537;16;;;11547;13;11549;14;;;11544.0;0.0
yf_ADM_d7;28200;ASH_COATED_OSMIUM;9902;19;9898;18;;;9908;21;9910;31;;;9905.0;0.0
yf_ADM_d7;28200;INTARIAN_PEPPER_ROOT;11541;16;11539;13;;;11551;12;11553;18;;;11546.0;0.0
yf_ADM_d7;28300;ASH_COATED_OSMIUM;9902;13;9899;18;;;9908;6;9912;17;;;9905.0;0.0
yf_ADM_d7;28300;INTARIAN_PEPPER_ROOT;11542;11;11539;25;;;11550;19;11553;17;;;11546.0;0.0
yf_ADM_d7;28400;ASH_COATED_OSMIUM;9902;5;9898;19;;;9908;16;9910;22;;;9905.0;0.0
yf_ADM_d7;28400;INTARIAN_PEPPER_ROOT;11544;20;11542;14;;;11550;19;11552;17;;;11547.0;0.0
yf_ADM_d7;28500;ASH_COATED_OSMIUM;9902;19;9899;17;;;9908;14;9910;26;;;9905.0;0.0
yf_ADM_d7;28500;INTARIAN_PEPPER_ROOT;11545;15;11543;26;;;11552;12;11554;12;;;11548.5;0.0
yf_ADM_d7;28600;ASH_COATED_OSMIUM;9893;16;9890;21;;;9917;6;9919;19;;;9905.0;0.0
yf_ADM_d7;28600;INTARIAN_PEPPER_ROOT;11542;23;11538;17;;;11558;16;11562;22;;;11550.0;0.0
yf_ADM_d7;28700;ASH_COATED_OSMIUM;9902;15;9898;27;;;9908;16;9911;14;;;9905.0;0.0
yf_ADM_d7;28700;INTARIAN_PEPPER_ROOT;11544;16;11541;30;;;11556;6;11559;10;;;11550.0;0.0
yf_ADM_d7;28800;ASH_COATED_OSMIUM;9902;18;9899;16;;;9908;9;9911;15;;;9905.0;0.0
yf_ADM_d7;28800;INTARIAN_PEPPER_ROOT;11547;14;11544;17;;;11556;12;11560;17;;;11551.5;0.0
yf_ADM_d7;28900;ASH_COATED_OSMIUM;9900;11;9898;15;;;9911;9;9915;21;;;9905.5;0.0
yf_ADM_d7;28900;INTARIAN_PEPPER_ROOT;11550;17;11547;14;;;11556;5;11559;17;;;11553.0;0.0
yf_ADM_d7;29000;ASH_COATED_OSMIUM;9899;5;9895;25;;;9911;12;9915;20;;;9905.0;0.0
yf_ADM_d7;29000;INTARIAN_PEPPER_ROOT;11550;10;11548;17;;;11556;20;11558;12;;;11553.0;0.0
yf_ADM_d7;29100;ASH_COATED_OSMIUM;9902;20;9899;20;;;9908;22;9911;20;;;9905.0;0.0
yf_ADM_d7;29100;INTARIAN_PEPPER_ROOT;11549;9;11547;20;;;11560;12;11562;17;;;11554.5;0.0
yf_ADM_d7;29200;ASH_COATED_OSMIUM;9901;12;9898;13;;;9909;14;9912;23;;;9905.0;0.0
yf_ADM_d7;29200;INTARIAN_PEPPER_ROOT;11547;18;11545;17;;;11563;25;11566;27;;;11555.0;0.0
yf_ADM_d7;29300;ASH_COATED_OSMIUM;9902;14;9900;24;;;9908;19;9912;21;;;9905.0;0.0
yf_ADM_d7;29300;INTARIAN_PEPPER_ROOT;11554;18;11551;18;;;11560;12;11562;20;;;11557.0;0.0
yf_ADM_d7;29400;ASH_COATED_OSMIUM;9903;18;9899;19;;;9909;15;9912;19;;;9906.0;0.0
yf_ADM_d7;29400;INTARIAN_PEPPER_ROOT;11553;12;11549;20;;;11562;11;11566;21;;;11557.5;0.0
yf_ADM_d7;29500;ASH_COATED_OSMIUM;9891;14;9888;24;;;9920;17;9923;18;;;9905.5;0.0
yf_ADM_d7;29500;INTARIAN_PEPPER_ROOT;11556;19;11552;13;;;11562;15;11564;18;;;11559.0;0.0
yf_ADM_d7;29600;ASH_COATED_OSMIUM;9902;16;9900;16;;;9908;11;9911;24;;;9905.0;0.0
yf_ADM_d7;29600;INTARIAN_PEPPER_ROOT;11557;12;11555;28;;;11563;7;11565;28;;;11560.0;0.0
yf_ADM_d7;29700;ASH_COATED_OSMIUM;9901;11;9899;15;;;9909;15;9912;28;;;9905.0;0.0
yf_ADM_d7;29700;INTARIAN_PEPPER_ROOT;11557;17;11553;18;;;11564;20;11566;21;;;11560.5;0.0
yf_ADM_d7;29800;ASH_COATED_OSMIUM;9894;12;9892;26;;;9917;9;9919;8;;;9905.5;0.0
yf_ADM_d7;29800;INTARIAN_PEPPER_ROOT;11558;17;11555;17;;;11565;20;11567;19;;;11561.5;0.0
yf_ADM_d7;29900;ASH_COATED_OSMIUM;9903;12;9899;21;;;9909;5;9912;20;;;9906.0;0.0
yf_ADM_d7;29900;INTARIAN_PEPPER_ROOT;11560;12;11556;12;;;11566;14;11569;20;;;11563.0;0.0
yf_ADM_d7;30000;ASH_COATED_OSMIUM;9901;5;9898;20;;;9909;16;9912;17;;;9905.0;0.0
yf_ADM_d7;30000;INTARIAN_PEPPER_ROOT;11558;10;11556;30;;;11569;18;11573;18;;;11563.5;0.0
yf_ADM_d7;30100;ASH_COATED_OSMIUM;9902;20;9899;32;;;9908;15;9912;10;;;9905.0;0.0
yf_ADM_d7;30100;INTARIAN_PEPPER_ROOT;11562;15;11558;21;;;11568;11;11572;14;;;11565.0;0.0
yf_ADM_d7;30200;ASH_COATED_OSMIUM;9901;10;9899;18;;;9911;11;9914;19;;;9906.0;0.0
yf_ADM_d7;30200;INTARIAN_PEPPER_ROOT;11562;18;11559;28;;;11571;18;11575;15;;;11566.5;0.0
yf_ADM_d7;30300;ASH_COATED_OSMIUM;9900;12;9896;21;;;9910;9;9913;9;;;9905.0;0.0
yf_ADM_d7;30300;INTARIAN_PEPPER_ROOT;11564;10;11562;13;;;11570;11;11572;23;;;11567.0;0.0
yf_ADM_d7;30400;ASH_COATED_OSMIUM;9894;12;9890;17;;;9917;11;9921;15;;;9905.5;0.0
yf_ADM_d7;30400;INTARIAN_PEPPER_ROOT;11561;9;11559;13;;;11573;12;11577;21;;;11567.0;0.0
yf_ADM_d7;30500;ASH_COATED_OSMIUM;9902;22;9900;17;;;9908;24;9910;21;;;9905.0;0.0
yf_ADM_d7;30500;INTARIAN_PEPPER_ROOT;11566;21;11563;26;;;11572;21;11574;22;;;11569.0;0.0
yf_ADM_d7;30600;ASH_COATED_OSMIUM;9887;7;9884;18;;;9923;11;9926;16;;;9905.0;0.0
yf_ADM_d7;30600;INTARIAN_PEPPER_ROOT;11567;12;11563;21;;;11574;10;11577;22;;;11570.5;0.0
yf_ADM_d7;30700;ASH_COATED_OSMIUM;9903;13;9899;26;;;9909;15;9911;26;;;9906.0;0.0
yf_ADM_d7;30700;INTARIAN_PEPPER_ROOT;11559;9;11555;21;;;11582;11;11584;13;;;11570.5;0.0
yf_ADM_d7;30800;ASH_COATED_OSMIUM;9897;13;9895;20;;;9914;11;9918;16;;;9905.5;0.0
yf_ADM_d7;30800;INTARIAN_PEPPER_ROOT;11569;12;11565;21;;;11575;7;11577;17;;;11572.0;0.0
yf_ADM_d7;30900;ASH_COATED_OSMIUM;9897;15;9893;28;;;9913;25;9915;21;;;9905.0;0.0
yf_ADM_d7;30900;INTARIAN_PEPPER_ROOT;11565;5;11561;19;;;11581;14;11585;22;;;11573.0;0.0
yf_ADM_d7;31000;ASH_COATED_OSMIUM;9895;11;9892;21;;;9914;12;9917;21;;;9904.5;0.0
yf_ADM_d7;31000;INTARIAN_PEPPER_ROOT;11571;11;11567;18;;;11577;12;11580;21;;;11574.0;0.0
yf_ADM_d7;31100;ASH_COATED_OSMIUM;9891;17;9887;23;;;9920;13;9922;19;;;9905.5;0.0
yf_ADM_d7;31100;INTARIAN_PEPPER_ROOT;11572;13;11569;21;;;11578;8;11580;13;;;11575.0;0.0
yf_ADM_d7;31200;ASH_COATED_OSMIUM;9902;16;9899;18;;;9908;15;9912;15;;;9905.0;0.0
yf_ADM_d7;31200;INTARIAN_PEPPER_ROOT;11560;14;11556;10;;;11591;15;11593;19;;;11575.5;0.0
yf_ADM_d7;31300;ASH_COATED_OSMIUM;9902;17;9900;17;;;9908;5;9912;17;;;9905.0;0.0
yf_ADM_d7;31300;INTARIAN_PEPPER_ROOT;11574;19;11572;18;;;11580;15;11583;15;;;11577.0;0.0
yf_ADM_d7;31400;ASH_COATED_OSMIUM;9902;23;9898;19;;;9908;8;9910;24;;;9905.0;0.0
yf_ADM_d7;31400;INTARIAN_PEPPER_ROOT;11575;5;11572;21;;;11581;12;11583;18;;;11578.0;0.0
yf_ADM_d7;31500;ASH_COATED_OSMIUM;9899;24;9895;14;;;9911;18;9914;16;;;9905.0;0.0
yf_ADM_d7;31500;INTARIAN_PEPPER_ROOT;11576;6;11574;15;;;11583;14;11585;27;;;11579.5;0.0
yf_ADM_d7;31600;ASH_COATED_OSMIUM;9900;13;9898;17;;;9911;5;9913;17;;;9905.5;0.0
yf_ADM_d7;31600;INTARIAN_PEPPER_ROOT;11577;23;11575;14;;;11583;7;11587;23;;;11580.0;0.0
yf_ADM_d7;31700;ASH_COATED_OSMIUM;9887;14;9884;21;;;9924;17;9927;22;;;9905.5;0.0
yf_ADM_d7;31700;INTARIAN_PEPPER_ROOT;11577;11;11573;12;;;11586;12;11589;19;;;11581.5;0.0
yf_ADM_d7;31800;ASH_COATED_OSMIUM;9897;14;9894;25;;;9913;14;9915;21;;;9905.0;0.0
yf_ADM_d7;31800;INTARIAN_PEPPER_ROOT;11579;13;11575;28;;;11585;18;11589;11;;;11582.0;0.0
yf_ADM_d7;31900;ASH_COATED_OSMIUM;9898;17;9896;14;;;9912;23;9914;21;;;9905.0;0.0
yf_ADM_d7;31900;INTARIAN_PEPPER_ROOT;11571;13;11567;21;;;11594;10;11597;20;;;11582.5;0.0
yf_ADM_d7;32000;ASH_COATED_OSMIUM;9902;19;9899;21;;;9908;15;9912;19;;;9905.0;0.0
yf_ADM_d7;32000;INTARIAN_PEPPER_ROOT;11581;14;11577;15;;;11588;10;11591;11;;;11584.5;0.0
yf_ADM_d7;32100;ASH_COATED_OSMIUM;9903;12;9899;21;;;9909;22;9911;8;;;9906.0;0.0
yf_ADM_d7;32100;INTARIAN_PEPPER_ROOT;11582;11;11579;10;;;11588;6;11592;23;;;11585.0;0.0
yf_ADM_d7;32200;ASH_COATED_OSMIUM;9902;12;9898;17;;;9908;8;9910;29;;;9905.0;0.0
yf_ADM_d7;32200;INTARIAN_PEPPER_ROOT;11583;19;11580;19;;;11589;18;11593;18;;;11586.0;0.0
yf_ADM_d7;32300;ASH_COATED_OSMIUM;9901;26;9899;26;;;9909;11;9913;21;;;9905.0;0.0
yf_ADM_d7;32300;INTARIAN_PEPPER_ROOT;11584;11;11580;31;;;11590;24;11593;21;;;11587.0;0.0
yf_ADM_d7;32400;ASH_COATED_OSMIUM;9902;11;9900;18;;;9908;10;9910;22;;;9905.0;0.0
yf_ADM_d7;32400;INTARIAN_PEPPER_ROOT;11585;17;11581;25;;;11591;19;11593;12;;;11588.0;0.0
yf_ADM_d7;32500;ASH_COATED_OSMIUM;9902;17;9899;13;;;9908;8;9910;29;;;9905.0;0.0
yf_ADM_d7;32500;INTARIAN_PEPPER_ROOT;11586;19;11582;22;;;11592;16;11596;16;;;11589.0;0.0
yf_ADM_d7;32600;ASH_COATED_OSMIUM;9892;22;9888;20;;;9916;11;9920;24;;;9904.0;0.0
yf_ADM_d7;32600;INTARIAN_PEPPER_ROOT;11588;8;11584;13;;;11594;14;11598;21;;;11591.0;0.0
yf_ADM_d7;32700;ASH_COATED_OSMIUM;9895;9;9893;16;;;9915;23;9917;20;;;9905.0;0.0
yf_ADM_d7;32700;INTARIAN_PEPPER_ROOT;11584;19;11582;19;;;11598;16;11601;19;;;11591.0;0.0
yf_ADM_d7;32800;ASH_COATED_OSMIUM;9902;23;9898;15;;;9908;15;9911;24;;;9905.0;0.0
yf_ADM_d7;32800;INTARIAN_PEPPER_ROOT;11589;11;11587;31;;;11597;24;11601;23;;;11593.0;0.0
yf_ADM_d7;32900;ASH_COATED_OSMIUM;9903;14;9900;17;;;9909;23;9912;14;;;9906.0;0.0
yf_ADM_d7;32900;INTARIAN_PEPPER_ROOT;11590;13;11588;11;;;11596;10;11599;26;;;11593.0;0.0
yf_ADM_d7;33000;ASH_COATED_OSMIUM;9902;14;9900;16;;;9908;15;9910;21;;;9905.0;0.0
yf_ADM_d7;33000;INTARIAN_PEPPER_ROOT;11590;20;11587;16;;;11598;15;11601;19;;;11594.0;0.0
yf_ADM_d7;33100;ASH_COATED_OSMIUM;9902;15;9900;18;;;9908;12;9910;15;;;9905.0;0.0
yf_ADM_d7;33100;INTARIAN_PEPPER_ROOT;11592;10;11590;22;;;11598;20;11601;20;;;11595.0;0.0
yf_ADM_d7;33200;ASH_COATED_OSMIUM;9902;9;9900;18;;;9908;8;9912;18;;;9905.0;0.0
yf_ADM_d7;33200;INTARIAN_PEPPER_ROOT;11594;8;11591;26;;;11600;17;11604;20;;;11597.0;0.0
yf_ADM_d7;33300;ASH_COATED_OSMIUM;9903;16;9899;17;;;9909;24;9913;24;;;9906.0;0.0
yf_ADM_d7;33300;INTARIAN_PEPPER_ROOT;11590;15;11587;18;;;11604;12;11607;8;;;11597.0;0.0
yf_ADM_d7;33400;ASH_COATED_OSMIUM;9902;9;9898;11;;;9908;17;9912;19;;;9905.0;0.0
yf_ADM_d7;33400;INTARIAN_PEPPER_ROOT;11596;20;11594;21;;;11602;8;11606;16;;;11599.0;0.0
yf_ADM_d7;33500;ASH_COATED_OSMIUM;9900;15;9897;16;;;9910;13;9914;21;;;9905.0;0.0
yf_ADM_d7;33500;INTARIAN_PEPPER_ROOT;11597;16;11594;26;;;11603;11;11606;22;;;11600.0;0.0
yf_ADM_d7;33600;ASH_COATED_OSMIUM;9902;14;9899;26;;;9908;7;9911;17;;;9905.0;0.0
yf_ADM_d7;33600;INTARIAN_PEPPER_ROOT;11598;16;11595;23;;;11604;17;11607;17;;;11601.0;0.0
yf_ADM_d7;33700;ASH_COATED_OSMIUM;9898;15;9896;8;;;9911;20;9915;28;;;9904.5;0.0
yf_ADM_d7;33700;INTARIAN_PEPPER_ROOT;11597;6;11594;26;;;11606;12;11609;15;;;11601.5;0.0
yf_ADM_d7;33800;ASH_COATED_OSMIUM;9902;18;9898;30;;;9908;10;9911;13;;;9905.0;0.0
yf_ADM_d7;33800;INTARIAN_PEPPER_ROOT;11599;5;11596;26;;;11607;18;11610;15;;;11603.0;0.0
yf_ADM_d7;33900;ASH_COATED_OSMIUM;9894;12;9891;17;;;9915;14;9918;23;;;9904.5;0.0
yf_ADM_d7;33900;INTARIAN_PEPPER_ROOT;11593;14;11590;23;;;11615;8;11619;26;;;11604.0;0.0
yf_ADM_d7;34000;ASH_COATED_OSMIUM;9902;20;9898;26;;;9908;18;9910;11;;;9905.0;0.0
yf_ADM_d7;34000;INTARIAN_PEPPER_ROOT;11600;14;11597;20;;;11613;14;11616;14;;;11606.5;0.0
yf_ADM_d7;34100;ASH_COATED_OSMIUM;9896;14;9893;19;;;9915;14;9919;22;;;9905.5;0.0
yf_ADM_d7;34100;INTARIAN_PEPPER_ROOT;11607;17;11603;23;;;11613;20;11617;24;;;11610.0;0.0
yf_ADM_d7;34200;ASH_COATED_OSMIUM;9902;13;9900;16;;;9908;15;9912;12;;;9905.0;0.0
yf_ADM_d7;34200;INTARIAN_PEPPER_ROOT;11610;9;11608;25;;;11616;18;11619;19;;;11613.0;0.0
yf_ADM_d7;34300;ASH_COATED_OSMIUM;9902;5;9900;14;;;9908;14;9911;15;;;9905.0;0.0
yf_ADM_d7;34300;INTARIAN_PEPPER_ROOT;11613;5;11609;13;;;11619;7;11621;22;;;11616.0;0.0
yf_ADM_d7;34400;ASH_COATED_OSMIUM;9902;15;9898;14;;;9908;17;9912;21;;;9905.0;0.0
yf_ADM_d7;34400;INTARIAN_PEPPER_ROOT;11617;18;11614;25;;;11623;20;11626;12;;;11620.0;0.0
yf_ADM_d7;34500;ASH_COATED_OSMIUM;9902;11;9899;31;;;9908;17;9912;20;;;9905.0;0.0
yf_ADM_d7;34500;INTARIAN_PEPPER_ROOT;11615;17;11613;19;;;11631;14;11634;27;;;11623.0;0.0
yf_ADM_d7;34600;ASH_COATED_OSMIUM;9902;15;9899;21;;;9908;24;9911;20;;;9905.0;0.0
yf_ADM_d7;34600;INTARIAN_PEPPER_ROOT;11624;8;11622;26;;;11630;14;11632;16;;;11627.0;0.0
yf_ADM_d7;34700;ASH_COATED_OSMIUM;9902;23;9899;21;;;9908;10;9911;23;;;9905.0;0.0
yf_ADM_d7;34700;INTARIAN_PEPPER_ROOT;11627;12;11625;18;;;11633;14;11635;18;;;11630.0;0.0
yf_ADM_d7;34800;ASH_COATED_OSMIUM;9901;12;9897;26;;;9909;5;9913;20;;;9905.0;0.0
yf_ADM_d7;34800;INTARIAN_PEPPER_ROOT;11627;12;11625;17;;;11640;12;11643;34;;;11633.5;0.0
yf_ADM_d7;34900;ASH_COATED_OSMIUM;9903;13;9901;17;;;9909;10;9912;20;;;9906.0;0.0
yf_ADM_d7;34900;INTARIAN_PEPPER_ROOT;11633;16;11630;18;;;11639;8;11643;17;;;11636.0;0.0
yf_ADM_d7;35000;ASH_COATED_OSMIUM;9903;13;9899;20;;;9909;11;9913;22;;;9906.0;0.0
yf_ADM_d7;35000;INTARIAN_PEPPER_ROOT;11636;22;11632;19;;;11643;15;11646;24;;;11639.5;0.0
yf_ADM_d7;35100;ASH_COATED_OSMIUM;9897;9;9893;19;;;9915;16;9917;14;;;9906.0;0.0
yf_ADM_d7;35100;INTARIAN_PEPPER_ROOT;11640;16;11637;20;;;11646;14;11648;17;;;11643.0;0.0
yf_ADM_d7;35200;ASH_COATED_OSMIUM;9902;15;9899;22;;;9908;18;9912;22;;;9905.0;0.0
yf_ADM_d7;35200;INTARIAN_PEPPER_ROOT;11633;6;11631;21;;;11658;18;11662;17;;;11645.5;0.0
yf_ADM_d7;35300;ASH_COATED_OSMIUM;9902;23;9900;17;;;9908;18;9910;18;;;9905.0;0.0
yf_ADM_d7;35300;INTARIAN_PEPPER_ROOT;11646;9;11643;25;;;11652;8;11655;20;;;11649.0;0.0
yf_ADM_d7;35400;ASH_COATED_OSMIUM;9901;8;9899;19;;;9909;15;9911;22;;;9905.0;0.0
yf_ADM_d7;35400;INTARIAN_PEPPER_ROOT;11649;15;11646;14;;;11655;7;11657;20;;;11652.0;0.0
yf_ADM_d7;35500;ASH_COATED_OSMIUM;9900;19;9896;21;;;9912;10;9914;17;;;9906.0;0.0
yf_ADM_d7;35500;INTARIAN_PEPPER_ROOT;11652;10;11650;24;;;11658;18;11660;23;;;11655.0;0.0
yf_ADM_d7;35600;ASH_COATED_OSMIUM;9902;8;9898;22;;;9908;17;9912;23;;;9905.0;0.0
yf_ADM_d7;35600;INTARIAN_PEPPER_ROOT;11656;25;11654;19;;;11662;15;11666;23;;;11659.0;0.0
yf_ADM_d7;35700;ASH_COATED_OSMIUM;9902;16;9899;25;;;9908;7;9912;26;;;9905.0;0.0
yf_ADM_d7;35700;INTARIAN_PEPPER_ROOT;11659;18;11657;14;;;11665;17;11668;13;;;11662.0;0.0
yf_ADM_d7;35800;ASH_COATED_OSMIUM;9898;17;9895;16;;;9914;9;9918;17;;;9906.0;0.0
yf_ADM_d7;35800;INTARIAN_PEPPER_ROOT;11656;7;11653;21;;;11675;10;11679;11;;;11665.5;0.0
yf_ADM_d7;35900;ASH_COATED_OSMIUM;9903;23;9899;11;;;9909;16;9913;17;;;9906.0;0.0
yf_ADM_d7;35900;INTARIAN_PEPPER_ROOT;11666;5;11662;26;;;11672;17;11674;13;;;11669.0;0.0
yf_ADM_d7;36000;ASH_COATED_OSMIUM;9902;10;9899;21;;;9908;16;9911;22;;;9905.0;0.0
yf_ADM_d7;36000;INTARIAN_PEPPER_ROOT;11669;10;11667;20;;;11675;11;11678;16;;;11672.0;0.0
yf_ADM_d7;36100;ASH_COATED_OSMIUM;9900;12;9897;24;;;9911;17;9913;26;;;9905.5;0.0
yf_ADM_d7;36100;INTARIAN_PEPPER_ROOT;11665;12;11661;16;;;11685;16;11688;14;;;11675.0;0.0
yf_ADM_d7;36200;ASH_COATED_OSMIUM;9901;19;9898;22;;;9910;15;9913;24;;;9905.5;0.0
yf_ADM_d7;36200;INTARIAN_PEPPER_ROOT;11674;9;11671;11;;;11683;12;11685;18;;;11678.5;0.0
yf_ADM_d7;36300;ASH_COATED_OSMIUM;9902;8;9900;17;;;9909;16;9912;16;;;9905.5;0.0
yf_ADM_d7;36300;INTARIAN_PEPPER_ROOT;11679;17;11677;26;;;11685;13;11689;14;;;11682.0;0.0
yf_ADM_d7;36400;ASH_COATED_OSMIUM;9903;22;9901;24;;;9909;14;9912;20;;;9906.0;0.0
yf_ADM_d7;36400;INTARIAN_PEPPER_ROOT;11671;13;11668;16;;;11699;16;11703;20;;;11685.0;0.0
yf_ADM_d7;36500;ASH_COATED_OSMIUM;9902;17;9898;29;;;9909;15;9912;27;;;9905.5;0.0
yf_ADM_d7;36500;INTARIAN_PEPPER_ROOT;11682;10;11678;25;;;11695;16;11697;8;;;11688.5;0.0
yf_ADM_d7;36600;ASH_COATED_OSMIUM;9903;7;9900;19;;;9909;14;9912;21;;;9906.0;0.0
yf_ADM_d7;36600;INTARIAN_PEPPER_ROOT;11689;15;11685;28;;;11695;23;11698;20;;;11692.0;0.0
yf_ADM_d7;36700;ASH_COATED_OSMIUM;9903;21;9899;20;;;9909;5;9911;15;;;9906.0;0.0
yf_ADM_d7;36700;INTARIAN_PEPPER_ROOT;11688;13;11685;28;;;11701;13;11705;28;;;11694.5;0.0
yf_ADM_d7;36800;ASH_COATED_OSMIUM;9902;22;9900;19;;;9908;19;9911;14;;;9905.0;0.0
yf_ADM_d7;36800;INTARIAN_PEPPER_ROOT;11695;15;11693;20;;;11701;23;11705;14;;;11698.0;0.0
yf_ADM_d7;36900;ASH_COATED_OSMIUM;9901;27;9897;28;;;9911;15;9914;14;;;9906.0;0.0
yf_ADM_d7;36900;INTARIAN_PEPPER_ROOT;11698;13;11694;10;;;11705;14;11708;27;;;11701.5;0.0
yf_ADM_d7;37000;ASH_COATED_OSMIUM;9900;12;9898;16;;;9911;14;9914;27;;;9905.5;0.0
yf_ADM_d7;37000;INTARIAN_PEPPER_ROOT;11702;23;11699;17;;;11708;17;11710;15;;;11705.0;0.0
yf_ADM_d7;37100;ASH_COATED_OSMIUM;9903;17;9900;28;;;9909;13;9912;28;;;9906.0;0.0
yf_ADM_d7;37100;INTARIAN_PEPPER_ROOT;11705;16;11703;20;;;11711;16;11714;21;;;11708.0;0.0
yf_ADM_d7;37200;ASH_COATED_OSMIUM;9902;22;9899;19;;;9910;13;9912;15;;;9906.0;0.0
yf_ADM_d7;37200;INTARIAN_PEPPER_ROOT;11706;23;11702;18;;;11717;11;11719;17;;;11711.5;0.0
yf_ADM_d7;37300;ASH_COATED_OSMIUM;9902;21;9898;23;;;9908;19;9910;18;;;9905.0;0.0
yf_ADM_d7;37300;INTARIAN_PEPPER_ROOT;11708;20;11704;24;;;11721;13;11723;13;;;11714.5;0.0
yf_ADM_d7;37400;ASH_COATED_OSMIUM;9903;18;9901;22;;;9909;15;9912;13;;;9906.0;0.0
yf_ADM_d7;37400;INTARIAN_PEPPER_ROOT;11711;5;11707;16;;;11724;13;11726;15;;;11717.5;0.0
yf_ADM_d7;37500;ASH_COATED_OSMIUM;9903;16;9899;23;;;9909;22;9912;19;;;9906.0;0.0
yf_ADM_d7;37500;INTARIAN_PEPPER_ROOT;11719;16;11717;19;;;11725;13;11727;21;;;11722.0;0.0
yf_ADM_d7;37600;ASH_COATED_OSMIUM;9903;15;9900;15;;;9909;7;9911;24;;;9906.0;0.0
yf_ADM_d7;37600;INTARIAN_PEPPER_ROOT;11722;17;11720;24;;;11728;16;11731;22;;;11725.0;0.0
yf_ADM_d7;37700;ASH_COATED_OSMIUM;9903;16;9901;23;;;9909;15;9912;21;;;9906.0;0.0
yf_ADM_d7;37700;INTARIAN_PEPPER_ROOT;11720;19;11716;18;;;11735;10;11739;24;;;11727.5;0.0
yf_ADM_d7;37800;ASH_COATED_OSMIUM;9903;8;9901;8;;;9909;14;9913;18;;;9906.0;0.0
yf_ADM_d7;37800;INTARIAN_PEPPER_ROOT;11728;16;11725;19;;;11734;16;11736;21;;;11731.0;0.0
yf_ADM_d7;37900;ASH_COATED_OSMIUM;9902;16;9898;17;;;9911;23;9913;15;;;9906.5;0.0
yf_ADM_d7;37900;INTARIAN_PEPPER_ROOT;11731;7;11728;28;;;11737;8;11741;21;;;11734.0;0.0
yf_ADM_d7;38000;ASH_COATED_OSMIUM;9903;16;9900;18;;;9909;14;9911;18;;;9906.0;0.0
yf_ADM_d7;38000;INTARIAN_PEPPER_ROOT;11734;19;11731;18;;;11740;8;11744;25;;;11737.0;0.0
yf_ADM_d7;38100;ASH_COATED_OSMIUM;9897;10;9895;23;;;9914;9;9918;22;;;9905.5;0.0
yf_ADM_d7;38100;INTARIAN_PEPPER_ROOT;11736;23;11733;20;;;11745;19;11748;22;;;11740.5;0.0
yf_ADM_d7;38200;ASH_COATED_OSMIUM;9902;15;9899;24;;;9910;27;9912;18;;;9906.0;0.0
yf_ADM_d7;38200;INTARIAN_PEPPER_ROOT;11736;21;11733;19;;;11752;19;11754;17;;;11744.0;0.0
yf_ADM_d7;38300;ASH_COATED_OSMIUM;9900;14;9898;27;;;9912;15;9915;20;;;9906.0;0.0
yf_ADM_d7;38300;INTARIAN_PEPPER_ROOT;11744;17;11742;17;;;11750;12;11752;17;;;11747.0;0.0
yf_ADM_d7;38400;ASH_COATED_OSMIUM;9901;5;9898;26;;;9910;16;9913;17;;;9905.5;0.0
yf_ADM_d7;38400;INTARIAN_PEPPER_ROOT;11742;14;11740;13;;;11758;10;11761;22;;;11750.0;0.0
yf_ADM_d7;38500;ASH_COATED_OSMIUM;9899;22;9897;23;;;9913;18;9917;16;;;9906.0;0.0
yf_ADM_d7;38500;INTARIAN_PEPPER_ROOT;11745;9;11741;19;;;11761;17;11765;24;;;11753.0;0.0
yf_ADM_d7;38600;ASH_COATED_OSMIUM;9902;8;9898;12;;;9910;13;9912;19;;;9906.0;0.0
yf_ADM_d7;38600;INTARIAN_PEPPER_ROOT;11754;7;11752;8;;;11760;18;11763;18;;;11757.0;0.0
yf_ADM_d7;38700;ASH_COATED_OSMIUM;9901;16;9899;20;;;9910;15;9912;17;;;9905.5;0.0
yf_ADM_d7;38700;INTARIAN_PEPPER_ROOT;11757;13;11755;27;;;11763;23;11766;21;;;11760.0;0.0
yf_ADM_d7;38800;ASH_COATED_OSMIUM;9891;12;9888;18;;;9920;15;9922;29;;;9905.5;0.0
yf_ADM_d7;38800;INTARIAN_PEPPER_ROOT;11761;12;11759;22;;;11767;15;11769;13;;;11764.0;0.0
yf_ADM_d7;38900;ASH_COATED_OSMIUM;9903;16;9900;23;;;9909;10;9913;20;;;9906.0;0.0
yf_ADM_d7;38900;INTARIAN_PEPPER_ROOT;11764;17;11761;14;;;11770;10;11773;23;;;11767.0;0.0
yf_ADM_d7;39000;ASH_COATED_OSMIUM;9902;10;9900;21;;;9909;10;9911;24;;;9905.5;0.0
yf_ADM_d7;39000;INTARIAN_PEPPER_ROOT;11767;15;11763;24;;;11773;11;11776;20;;;11770.0;0.0
yf_ADM_d7;39100;ASH_COATED_OSMIUM;9902;9;9898;18;;;9910;5;9912;19;;;9906.0;0.0
yf_ADM_d7;39100;INTARIAN_PEPPER_ROOT;11770;25;11767;24;;;11776;21;11778;17;;;11773.0;0.0
yf_ADM_d7;39200;ASH_COATED_OSMIUM;9898;19;9896;22;;;9914;10;9918;13;;;9906.0;0.0
yf_ADM_d7;39200;INTARIAN_PEPPER_ROOT;11772;17;11769;21;;;11780;17;11783;22;;;11776.0;0.0
yf_ADM_d7;39300;ASH_COATED_OSMIUM;9904;16;9900;22;;;9910;22;9912;11;;;9907.0;0.0
yf_ADM_d7;39300;INTARIAN_PEPPER_ROOT;11777;17;11773;17;;;11783;15;11785;8;;;11780.0;0.0
yf_ADM_d7;39400;ASH_COATED_OSMIUM;9899;15;9896;17;;;9913;9;9917;19;;;9906.0;0.0
yf_ADM_d7;39400;INTARIAN_PEPPER_ROOT;11780;21;11778;23;;;11786;18;11788;22;;;11783.0;0.0
yf_ADM_d7;39500;ASH_COATED_OSMIUM;9894;14;9891;11;;;9919;16;9923;16;;;9906.5;0.0
yf_ADM_d7;39500;INTARIAN_PEPPER_ROOT;11774;13;11770;15;;;11798;6;11802;20;;;11786.0;0.0
yf_ADM_d7;39600;ASH_COATED_OSMIUM;9904;18;9900;20;;;9910;24;9912;15;;;9907.0;0.0
yf_ADM_d7;39600;INTARIAN_PEPPER_ROOT;11787;19;11785;11;;;11793;18;11796;15;;;11790.0;0.0
yf_ADM_d7;39700;ASH_COATED_OSMIUM;9903;15;9901;31;;;9909;13;9911;27;;;9906.0;0.0
yf_ADM_d7;39700;INTARIAN_PEPPER_ROOT;11788;12;11784;16;;;11798;17;11800;25;;;11793.0;0.0
yf_ADM_d7;39800;ASH_COATED_OSMIUM;9902;13;9898;25;;;9911;11;9914;19;;;9906.5;0.0
yf_ADM_d7;39800;INTARIAN_PEPPER_ROOT;11793;17;11791;24;;;11799;14;11802;20;;;11796.0;0.0
yf_ADM_d7;39900;ASH_COATED_OSMIUM;9897;16;9895;21;;;9915;11;9917;17;;;9906.0;0.0
yf_ADM_d7;39900;INTARIAN_PEPPER_ROOT;11795;11;11792;22;;;11804;15;11807;16;;;11799.5;0.0
yf_ADM_d7;40000;ASH_COATED_OSMIUM;9903;10;9899;13;;;9909;13;9913;26;;;9906.0;0.0
yf_ADM_d7;40000;INTARIAN_PEPPER_ROOT;11794;7;11791;21;;;11810;18;11812;16;;;11802.0;0.0
yf_ADM_d7;40100;ASH_COATED_OSMIUM;9901;15;9898;14;;;9913;11;9916;25;;;9907.0;0.0
yf_ADM_d7;40100;INTARIAN_PEPPER_ROOT;11783;11;11780;13;;;11829;18;11833;22;;;11806.0;0.0
yf_ADM_d7;40200;ASH_COATED_OSMIUM;9903;16;9900;27;;;9909;18;9913;23;;;9906.0;0.0
yf_ADM_d7;40200;INTARIAN_PEPPER_ROOT;11805;15;11803;23;;;11813;5;11815;16;;;11809.0;0.0
yf_ADM_d7;40300;ASH_COATED_OSMIUM;9904;18;9902;23;;;9910;18;9913;26;;;9907.0;0.0
yf_ADM_d7;40300;INTARIAN_PEPPER_ROOT;11809;11;11806;22;;;11815;8;11817;21;;;11812.0;0.0
yf_ADM_d7;40400;ASH_COATED_OSMIUM;9894;5;9890;23;;;9917;13;9919;26;;;9905.5;0.0
yf_ADM_d7;40400;INTARIAN_PEPPER_ROOT;11808;12;11804;21;;;11823;19;11825;17;;;11815.5;0.0
yf_ADM_d7;40500;ASH_COATED_OSMIUM;9900;16;9897;19;;;9912;8;9914;21;;;9906.0;0.0
yf_ADM_d7;40500;INTARIAN_PEPPER_ROOT;11816;19;11813;19;;;11822;9;11825;17;;;11819.0;0.0
yf_ADM_d7;40600;ASH_COATED_OSMIUM;9903;14;9899;11;;;9911;14;9913;22;;;9907.0;0.0
yf_ADM_d7;40600;INTARIAN_PEPPER_ROOT;11819;17;11815;21;;;11825;11;11827;21;;;11822.0;0.0
yf_ADM_d7;40700;ASH_COATED_OSMIUM;9903;12;9899;16;;;9909;18;9913;14;;;9906.0;0.0
yf_ADM_d7;40700;INTARIAN_PEPPER_ROOT;11822;16;11819;18;;;11829;14;11832;13;;;11825.5;0.0
yf_ADM_d7;40800;ASH_COATED_OSMIUM;9904;10;9900;24;;;9910;22;9912;8;;;9907.0;0.0
yf_ADM_d7;40800;INTARIAN_PEPPER_ROOT;11826;12;11822;23;;;11832;9;11834;20;;;11829.0;0.0
yf_ADM_d7;40900;ASH_COATED_OSMIUM;9902;27;9898;11;;;9911;16;9915;8;;;9906.5;0.0
yf_ADM_d7;40900;INTARIAN_PEPPER_ROOT;11829;16;11826;15;;;11835;19;11839;19;;;11832.0;0.0
yf_ADM_d7;41000;ASH_COATED_OSMIUM;9899;15;9895;20;;;9913;5;9915;24;;;9906.0;0.0
yf_ADM_d7;41000;INTARIAN_PEPPER_ROOT;11832;10;11828;13;;;11838;16;11841;22;;;11835.0;0.0
yf_ADM_d7;41100;ASH_COATED_OSMIUM;9904;15;9902;19;;;9910;7;9913;15;;;9907.0;0.0
yf_ADM_d7;41100;INTARIAN_PEPPER_ROOT;11836;5;11832;19;;;11842;18;11846;15;;;11839.0;0.0
yf_ADM_d7;41200;ASH_COATED_OSMIUM;9900;20;9897;22;;;9913;18;9915;8;;;9906.5;0.0
yf_ADM_d7;41200;INTARIAN_PEPPER_ROOT;11838;15;11834;16;;;11847;13;11851;21;;;11842.5;0.0
yf_ADM_d7;41300;ASH_COATED_OSMIUM;9903;16;9900;22;;;9909;13;9912;14;;;9906.0;0.0
yf_ADM_d7;41300;INTARIAN_PEPPER_ROOT;11842;11;11840;31;;;11849;11;11852;9;;;11845.5;0.0
yf_ADM_d7;41400;ASH_COATED_OSMIUM;9904;15;9900;17;;;9910;18;9913;16;;;9907.0;0.0
yf_ADM_d7;41400;INTARIAN_PEPPER_ROOT;11844;21;11842;18;;;11853;16;11855;17;;;11848.5;0.0
yf_ADM_d7;41500;ASH_COATED_OSMIUM;9902;12;9898;22;;;9911;6;9913;21;;;9906.5;0.0
yf_ADM_d7;41500;INTARIAN_PEPPER_ROOT;11845;7;11841;21;;;11859;18;11863;22;;;11852.0;0.0
yf_ADM_d7;41600;ASH_COATED_OSMIUM;9903;15;9899;24;;;9909;11;9911;22;;;9906.0;0.0
yf_ADM_d7;41600;INTARIAN_PEPPER_ROOT;11852;11;11848;24;;;11858;16;11862;20;;;11855.0;0.0
yf_ADM_d7;41700;ASH_COATED_OSMIUM;9903;11;9901;18;;;9909;9;9912;23;;;9906.0;0.0
yf_ADM_d7;41700;INTARIAN_PEPPER_ROOT;11851;17;11847;27;;;11865;22;11867;17;;;11858.0;0.0
yf_ADM_d7;41800;ASH_COATED_OSMIUM;9904;22;9900;22;;;9910;19;9914;11;;;9907.0;0.0
yf_ADM_d7;41800;INTARIAN_PEPPER_ROOT;11858;23;11855;12;;;11864;5;11866;24;;;11861.0;0.0
yf_ADM_d7;41900;ASH_COATED_OSMIUM;9904;21;9902;19;;;9910;23;9913;20;;;9907.0;0.0
yf_ADM_d7;41900;INTARIAN_PEPPER_ROOT;11861;17;11858;15;;;11867;11;11869;15;;;11864.0;0.0
yf_ADM_d7;42000;ASH_COATED_OSMIUM;9900;17;9896;12;;;9912;8;9915;28;;;9906.0;0.0
yf_ADM_d7;42000;INTARIAN_PEPPER_ROOT;11865;6;11862;13;;;11871;22;11875;25;;;11868.0;0.0
yf_ADM_d7;42100;ASH_COATED_OSMIUM;9903;5;9900;25;;;9910;14;9914;19;;;9906.5;0.0
yf_ADM_d7;42100;INTARIAN_PEPPER_ROOT;11866;11;11862;28;;;11877;20;11879;29;;;11871.5;0.0
yf_ADM_d7;42200;ASH_COATED_OSMIUM;9903;18;9901;16;;;9909;24;9911;18;;;9906.0;0.0
yf_ADM_d7;42200;INTARIAN_PEPPER_ROOT;11862;9;11859;20;;;11888;15;11892;23;;;11875.0;0.0
yf_ADM_d7;42300;ASH_COATED_OSMIUM;9904;9;9902;25;;;9910;16;9913;29;;;9907.0;0.0
yf_ADM_d7;42300;INTARIAN_PEPPER_ROOT;11875;15;11871;19;;;11881;12;11884;15;;;11878.0;0.0
yf_ADM_d7;42400;ASH_COATED_OSMIUM;9904;10;9900;24;;;9910;23;9913;18;;;9907.0;0.0
yf_ADM_d7;42400;INTARIAN_PEPPER_ROOT;11875;18;11872;21;;;11885;16;11888;19;;;11880.0;0.0
yf_ADM_d7;42500;ASH_COATED_OSMIUM;9904;18;9901;26;;;9910;22;9912;18;;;9907.0;0.0
yf_ADM_d7;42500;INTARIAN_PEPPER_ROOT;11881;10;11878;18;;;11887;13;11891;13;;;11884.0;0.0
yf_ADM_d7;42600;ASH_COATED_OSMIUM;9904;16;9900;21;;;9910;6;9912;21;;;9907.0;0.0
yf_ADM_d7;42600;INTARIAN_PEPPER_ROOT;11884;19;11882;22;;;11891;21;11893;24;;;11887.5;0.0
yf_ADM_d7;42700;ASH_COATED_OSMIUM;9904;20;9901;23;;;9910;13;9913;17;;;9907.0;0.0
yf_ADM_d7;42700;INTARIAN_PEPPER_ROOT;11887;17;11883;20;;;11893;22;11895;25;;;11890.0;0.0
yf_ADM_d7;42800;ASH_COATED_OSMIUM;9900;19;9898;17;;;9913;13;9915;29;;;9906.5;0.0
yf_ADM_d7;42800;INTARIAN_PEPPER_ROOT;11891;15;11888;25;;;11897;16;11900;18;;;11894.0;0.0
yf_ADM_d7;42900;ASH_COATED_OSMIUM;9904;17;9901;21;;;9910;7;9912;25;;;9907.0;0.0
yf_ADM_d7;42900;INTARIAN_PEPPER_ROOT;11894;19;11892;22;;;11900;5;11903;23;;;11897.0;0.0
yf_ADM_d7;43000;ASH_COATED_OSMIUM;9904;12;9902;18;;;9910;22;9914;18;;;9907.0;0.0
yf_ADM_d7;43000;INTARIAN_PEPPER_ROOT;11893;10;11891;20;;;11907;6;11911;27;;;11900.0;0.0
yf_ADM_d7;43100;ASH_COATED_OSMIUM;9904;15;9901;24;;;9910;16;9913;23;;;9907.0;0.0
yf_ADM_d7;43100;INTARIAN_PEPPER_ROOT;11901;13;11897;20;;;11907;16;11909;15;;;11904.0;0.0
yf_ADM_d7;43200;ASH_COATED_OSMIUM;9904;11;9902;15;;;9910;10;9912;18;;;9907.0;0.0
yf_ADM_d7;43200;INTARIAN_PEPPER_ROOT;11904;27;11901;24;;;11910;10;11912;20;;;11907.0;0.0
yf_ADM_d7;43300;ASH_COATED_OSMIUM;9904;19;9901;20;;;9910;15;9913;18;;;9907.0;0.0
yf_ADM_d7;43300;INTARIAN_PEPPER_ROOT;11908;16;11906;21;;;11914;6;11916;15;;;11911.0;0.0
yf_ADM_d7;43400;ASH_COATED_OSMIUM;9903;16;9899;17;;;9911;17;9915;16;;;9907.0;0.0
yf_ADM_d7;43400;INTARIAN_PEPPER_ROOT;11910;13;11908;22;;;11917;8;11919;29;;;11913.5;0.0
yf_ADM_d7;43500;ASH_COATED_OSMIUM;9904;8;9900;14;;;9910;14;9912;11;;;9907.0;0.0
yf_ADM_d7;43500;INTARIAN_PEPPER_ROOT;11914;7;11911;23;;;11920;21;11922;33;;;11917.0;0.0
yf_ADM_d7;43600;ASH_COATED_OSMIUM;9904;11;9900;26;;;9910;10;9912;19;;;9907.0;0.0
yf_ADM_d7;43600;INTARIAN_PEPPER_ROOT;11916;21;11914;21;;;11925;8;11927;26;;;11920.5;0.0
yf_ADM_d7;43700;ASH_COATED_OSMIUM;9904;12;9900;15;;;9910;10;9912;27;;;9907.0;0.0
yf_ADM_d7;43700;INTARIAN_PEPPER_ROOT;11919;15;11915;17;;;11926;11;11928;17;;;11922.5;0.0
yf_ADM_d7;43800;ASH_COATED_OSMIUM;9903;19;9901;21;;;9911;17;9915;17;;;9907.0;0.0
yf_ADM_d7;43800;INTARIAN_PEPPER_ROOT;11919;17;11917;14;;;11935;14;11938;24;;;11927.0;0.0
yf_ADM_d7;43900;ASH_COATED_OSMIUM;9903;10;9900;21;;;9911;15;9915;14;;;9907.0;0.0
yf_ADM_d7;43900;INTARIAN_PEPPER_ROOT;11918;5;11916;15;;;11941;9;11943;23;;;11929.5;0.0
yf_ADM_d7;44000;ASH_COATED_OSMIUM;9904;22;9900;23;;;9910;16;9913;17;;;9907.0;0.0
yf_ADM_d7;44000;INTARIAN_PEPPER_ROOT;11930;9;11926;26;;;11936;17;11938;20;;;11933.0;0.0
yf_ADM_d7;44100;ASH_COATED_OSMIUM;9905;14;9903;18;;;9911;24;9914;14;;;9908.0;0.0
yf_ADM_d7;44100;INTARIAN_PEPPER_ROOT;11933;9;11931;23;;;11941;16;11945;14;;;11937.0;0.0
yf_ADM_d7;44200;ASH_COATED_OSMIUM;9905;21;9901;19;;;9911;10;9915;23;;;9908.0;0.0
yf_ADM_d7;44200;INTARIAN_PEPPER_ROOT;11932;25;11930;21;;;11947;25;11951;17;;;11939.5;0.0
yf_ADM_d7;44300;ASH_COATED_OSMIUM;9904;22;9901;23;;;9910;14;9912;12;;;9907.0;0.0
yf_ADM_d7;44300;INTARIAN_PEPPER_ROOT;11940;12;11936;16;;;11946;11;11948;25;;;11943.0;0.0
yf_ADM_d7;44400;ASH_COATED_OSMIUM;9904;16;9902;15;;;9910;15;9914;14;;;9907.0;0.0
yf_ADM_d7;44400;INTARIAN_PEPPER_ROOT;11943;18;11941;24;;;11949;16;11951;14;;;11946.0;0.0
yf_ADM_d7;44500;ASH_COATED_OSMIUM;9904;13;9901;20;;;9910;15;9912;19;;;9907.0;0.0
yf_ADM_d7;44500;INTARIAN_PEPPER_ROOT;11947;8;11945;20;;;11953;10;11957;21;;;11950.0;0.0
yf_ADM_d7;44600;ASH_COATED_OSMIUM;9904;13;9902;24;;;9911;21;9914;23;;;9907.5;0.0
yf_ADM_d7;44600;INTARIAN_PEPPER_ROOT;11948;18;11944;17;;;11956;18;11959;15;;;11952.0;0.0
yf_ADM_d7;44700;ASH_COATED_OSMIUM;9902;19;9898;24;;;9913;16;9915;22;;;9907.5;0.0
yf_ADM_d7;44700;INTARIAN_PEPPER_ROOT;11945;11;11941;21;;;11966;12;11970;13;;;11955.5;0.0
yf_ADM_d7;44800;ASH_COATED_OSMIUM;9901;17;9899;21;;;9913;12;9915;17;;;9907.0;0.0
yf_ADM_d7;44800;INTARIAN_PEPPER_ROOT;11935;19;11932;24;;;11983;14;11986;26;;;11959.0;0.0
yf_ADM_d7;44900;ASH_COATED_OSMIUM;9905;8;9901;23;;;9911;18;9913;23;;;9908.0;0.0
yf_ADM_d7;44900;INTARIAN_PEPPER_ROOT;11960;14;11957;18;;;11966;15;11970;14;;;11963.0;0.0
yf_ADM_d7;45000;ASH_COATED_OSMIUM;9904;5;9902;16;;;9910;10;9912;23;;;9907.0;0.0
yf_ADM_d7;45000;INTARIAN_PEPPER_ROOT;11961;14;11959;20;;;11971;13;11975;12;;;11966.0;0.0
yf_ADM_d7;45100;ASH_COATED_OSMIUM;9904;9;9900;13;;;9911;18;9914;16;;;9907.5;0.0
yf_ADM_d7;45100;INTARIAN_PEPPER_ROOT;11966;7;11962;25;;;11972;10;11976;17;;;11969.0;0.0
yf_ADM_d7;45200;ASH_COATED_OSMIUM;9898;18;9894;22;;;9917;7;9919;23;;;9907.5;0.0
yf_ADM_d7;45200;INTARIAN_PEPPER_ROOT;11963;14;11959;20;;;11981;7;11985;21;;;11972.0;0.0
yf_ADM_d7;45300;ASH_COATED_OSMIUM;9904;23;9900;14;;;9910;17;9913;20;;;9907.0;0.0
yf_ADM_d7;45300;INTARIAN_PEPPER_ROOT;11972;22;11970;15;;;11978;23;11980;23;;;11975.0;0.0
yf_ADM_d7;45400;ASH_COATED_OSMIUM;9905;14;9902;19;;;9911;17;9913;17;;;9908.0;0.0
yf_ADM_d7;45400;INTARIAN_PEPPER_ROOT;11976;10;11974;26;;;11982;13;11985;21;;;11979.0;0.0
yf_ADM_d7;45500;ASH_COATED_OSMIUM;9898;22;9895;18;;;9917;20;9919;25;;;9907.5;0.0
yf_ADM_d7;45500;INTARIAN_PEPPER_ROOT;11979;16;11976;21;;;11985;5;11987;20;;;11982.0;0.0
yf_ADM_d7;45600;ASH_COATED_OSMIUM;9904;5;9900;16;;;9910;10;9913;21;;;9907.0;0.0
yf_ADM_d7;45600;INTARIAN_PEPPER_ROOT;11982;16;11979;15;;;11988;18;11991;15;;;11985.0;0.0
yf_ADM_d7;45700;ASH_COATED_OSMIUM;9904;18;9900;20;;;9910;15;9913;19;;;9907.0;0.0
yf_ADM_d7;45700;INTARIAN_PEPPER_ROOT;11986;18;11982;18;;;11992;17;11994;18;;;11989.0;0.0
yf_ADM_d7;45800;ASH_COATED_OSMIUM;9904;13;9901;26;;;9912;24;9914;24;;;9908.0;0.0
yf_ADM_d7;45800;INTARIAN_PEPPER_ROOT;11990;10;11987;19;;;11996;13;11998;24;;;11993.0;0.0
yf_ADM_d7;45900;ASH_COATED_OSMIUM;9904;15;9900;33;;;9910;14;9913;11;;;9907.0;0.0
yf_ADM_d7;45900;INTARIAN_PEPPER_ROOT;11992;12;11988;22;;;11998;17;12002;22;;;11995.0;0.0
yf_ADM_d7;46000;ASH_COATED_OSMIUM;9904;27;9900;19;;;9910;14;9912;22;;;9907.0;0.0
yf_ADM_d7;46000;INTARIAN_PEPPER_ROOT;11995;15;11991;22;;;12001;9;12003;18;;;11998.0;0.0
yf_ADM_d7;46100;ASH_COATED_OSMIUM;9904;13;9901;14;;;9910;13;9913;27;;;9907.0;0.0
yf_ADM_d7;46100;INTARIAN_PEPPER_ROOT;11996;10;11992;20;;;12006;12;12008;22;;;12001.0;0.0
yf_ADM_d7;46200;ASH_COATED_OSMIUM;9890;12;9888;14;;;9924;16;9926;18;;;9907.0;0.0
yf_ADM_d7;46200;INTARIAN_PEPPER_ROOT;12002;17;12000;22;;;12009;15;12011;21;;;12005.5;0.0
yf_ADM_d7;46300;ASH_COATED_OSMIUM;9904;20;9902;23;;;9910;12;9912;21;;;9907.0;0.0
yf_ADM_d7;46300;INTARIAN_PEPPER_ROOT;12006;16;12002;19;;;12012;22;12014;10;;;12009.0;0.0
yf_ADM_d7;46400;ASH_COATED_OSMIUM;9901;13;9897;12;;;9914;13;9917;17;;;9907.5;0.0
yf_ADM_d7;46400;INTARIAN_PEPPER_ROOT;12008;23;12006;18;;;12014;9;12016;21;;;12011.0;0.0
yf_ADM_d7;46500;ASH_COATED_OSMIUM;9905;14;9901;21;;;9911;24;9913;24;;;9908.0;0.0
yf_ADM_d7;46500;INTARIAN_PEPPER_ROOT;12010;19;12007;17;;;12019;18;12022;14;;;12014.5;0.0
yf_ADM_d7;46600;ASH_COATED_OSMIUM;9904;12;9902;20;;;9912;15;9916;24;;;9908.0;0.0
yf_ADM_d7;46600;INTARIAN_PEPPER_ROOT;12003;16;12001;14;;;12033;19;12036;14;;;12018.0;0.0
yf_ADM_d7;46700;ASH_COATED_OSMIUM;9905;18;9903;20;;;9911;19;9913;21;;;9908.0;0.0
yf_ADM_d7;46700;INTARIAN_PEPPER_ROOT;12018;22;12016;25;;;12024;7;12028;12;;;12021.0;0.0
yf_ADM_d7;46800;ASH_COATED_OSMIUM;9904;7;9901;20;;;9910;5;9913;21;;;9907.0;0.0
yf_ADM_d7;46800;INTARIAN_PEPPER_ROOT;12021;18;12019;23;;;12027;19;12030;22;;;12024.0;0.0
yf_ADM_d7;46900;ASH_COATED_OSMIUM;9898;18;9896;17;;;9916;19;9918;22;;;9907.0;0.0
yf_ADM_d7;46900;INTARIAN_PEPPER_ROOT;12022;6;12020;18;;;12034;5;12038;8;;;12028.0;0.0
yf_ADM_d7;47000;ASH_COATED_OSMIUM;9903;12;9901;26;;;9913;9;9917;14;;;9908.0;0.0
yf_ADM_d7;47000;INTARIAN_PEPPER_ROOT;12028;29;12026;22;;;12034;18;12037;17;;;12031.0;0.0
yf_ADM_d7;47100;ASH_COATED_OSMIUM;9903;11;9899;12;;;9911;13;9914;22;;;9907.0;0.0
yf_ADM_d7;47100;INTARIAN_PEPPER_ROOT;12031;13;12029;24;;;12037;22;12040;26;;;12034.0;0.0
yf_ADM_d7;47200;ASH_COATED_OSMIUM;9905;9;9901;20;;;9911;15;9915;23;;;9908.0;0.0
yf_ADM_d7;47200;INTARIAN_PEPPER_ROOT;12035;14;12033;23;;;12041;5;12043;20;;;12038.0;0.0
yf_ADM_d7;47300;ASH_COATED_OSMIUM;9901;17;9899;29;;;9914;16;9916;15;;;9907.5;0.0
yf_ADM_d7;47300;INTARIAN_PEPPER_ROOT;12038;17;12035;9;;;12044;12;12046;16;;;12041.0;0.0
yf_ADM_d7;47400;ASH_COATED_OSMIUM;9905;16;9901;21;;;9911;10;9913;19;;;9908.0;0.0
yf_ADM_d7;47400;INTARIAN_PEPPER_ROOT;12040;10;12037;20;;;12047;9;12051;21;;;12043.5;0.0
yf_ADM_d7;47500;ASH_COATED_OSMIUM;9905;10;9901;21;;;9911;12;9915;19;;;9908.0;0.0
yf_ADM_d7;47500;INTARIAN_PEPPER_ROOT;12044;23;12042;26;;;12050;12;12052;16;;;12047.0;0.0
yf_ADM_d7;47600;ASH_COATED_OSMIUM;9899;14;9897;20;;;9917;16;9921;17;;;9908.0;0.0
yf_ADM_d7;47600;INTARIAN_PEPPER_ROOT;12040;25;12036;17;;;12063;13;12067;15;;;12051.5;0.0
yf_ADM_d7;47700;ASH_COATED_OSMIUM;9895;11;9893;21;;;9921;9;9923;17;;;9908.0;0.0
yf_ADM_d7;47700;INTARIAN_PEPPER_ROOT;12050;12;12048;26;;;12058;15;12061;17;;;12054.0;0.0
yf_ADM_d7;47800;ASH_COATED_OSMIUM;9905;15;9903;23;;;9911;11;9913;20;;;9908.0;0.0
yf_ADM_d7;47800;INTARIAN_PEPPER_ROOT;12054;21;12052;16;;;12060;23;12063;25;;;12057.0;0.0
yf_ADM_d7;47900;ASH_COATED_OSMIUM;9904;16;9901;23;;;9911;10;9914;22;;;9907.5;0.0
yf_ADM_d7;47900;INTARIAN_PEPPER_ROOT;12054;15;12050;12;;;12067;10;12069;19;;;12060.5;0.0
yf_ADM_d7;48000;ASH_COATED_OSMIUM;9905;6;9901;20;;;9911;27;9913;16;;;9908.0;0.0
yf_ADM_d7;48000;INTARIAN_PEPPER_ROOT;12059;20;12055;20;;;12068;9;12070;24;;;12063.5;0.0
yf_ADM_d7;48100;ASH_COATED_OSMIUM;9901;14;9897;20;;;9914;14;9916;21;;;9907.5;0.0
yf_ADM_d7;48100;INTARIAN_PEPPER_ROOT;12064;16;12060;26;;;12070;5;12074;23;;;12067.0;0.0
yf_ADM_d7;48200;ASH_COATED_OSMIUM;9904;21;9900;25;;;9912;15;9915;18;;;9908.0;0.0
yf_ADM_d7;48200;INTARIAN_PEPPER_ROOT;12068;14;12066;27;;;12074;15;12076;21;;;12071.0;0.0
yf_ADM_d7;48300;ASH_COATED_OSMIUM;9905;19;9902;13;;;9911;13;9913;9;;;9908.0;0.0
yf_ADM_d7;48300;INTARIAN_PEPPER_ROOT;12071;13;12067;15;;;12077;15;12081;19;;;12074.0;0.0
yf_ADM_d7;48400;ASH_COATED_OSMIUM;9900;16;9896;20;;;9915;18;9917;13;;;9907.5;0.0
yf_ADM_d7;48400;INTARIAN_PEPPER_ROOT;12073;20;12071;18;;;12080;22;12084;18;;;12076.5;0.0
yf_ADM_d7;48500;ASH_COATED_OSMIUM;9905;18;9901;14;;;9911;20;9913;17;;;9908.0;0.0
yf_ADM_d7;48500;INTARIAN_PEPPER_ROOT;12077;22;12073;13;;;12083;17;12085;16;;;12080.0;0.0
yf_ADM_d7;48600;ASH_COATED_OSMIUM;9905;17;9901;17;;;9911;21;9915;28;;;9908.0;0.0
yf_ADM_d7;48600;INTARIAN_PEPPER_ROOT;12077;22;12073;18;;;12089;13;12091;13;;;12083.0;0.0
yf_ADM_d7;48700;ASH_COATED_OSMIUM;9888;13;9885;18;;;9928;13;9930;21;;;9908.0;0.0
yf_ADM_d7;48700;INTARIAN_PEPPER_ROOT;12081;17;12079;17;;;12091;17;12095;21;;;12086.0;0.0
yf_ADM_d7;48800;ASH_COATED_OSMIUM;9905;14;9901;17;;;9911;16;9914;23;;;9908.0;0.0
yf_ADM_d7;48800;INTARIAN_PEPPER_ROOT;12086;18;12084;11;;;12094;18;12096;20;;;12090.0;0.0
yf_ADM_d7;48900;ASH_COATED_OSMIUM;9903;14;9899;27;;;9913;13;9916;27;;;9908.0;0.0
yf_ADM_d7;48900;INTARIAN_PEPPER_ROOT;12090;18;12087;20;;;12096;5;12098;17;;;12093.0;0.0
yf_ADM_d7;49000;ASH_COATED_OSMIUM;9893;18;9889;19;;;9923;5;9927;23;;;9908.0;0.0
yf_ADM_d7;49000;INTARIAN_PEPPER_ROOT;12093;15;12091;25;;;12099;6;12103;23;;;12096.0;0.0
yf_ADM_d7;49100;ASH_COATED_OSMIUM;9902;18;9900;22;;;9913;14;9915;23;;;9907.5;0.0
yf_ADM_d7;49100;INTARIAN_PEPPER_ROOT;12097;18;12093;19;;;12103;22;12105;19;;;12100.0;0.0
yf_ADM_d7;49200;ASH_COATED_OSMIUM;9897;16;9893;22;;;9918;12;9921;18;;;9907.5;0.0
yf_ADM_d7;49200;INTARIAN_PEPPER_ROOT;12100;16;12097;17;;;12106;8;12108;28;;;12103.0;0.0
yf_ADM_d7;49300;ASH_COATED_OSMIUM;9902;17;9899;25;;;9913;15;9915;15;;;9907.5;0.0
yf_ADM_d7;49300;INTARIAN_PEPPER_ROOT;12103;19;12100;15;;;12109;25;12111;18;;;12106.0;0.0
yf_ADM_d7;49400;ASH_COATED_OSMIUM;9899;11;9895;27;;;9917;19;9921;14;;;9908.0;0.0
yf_ADM_d7;49400;INTARIAN_PEPPER_ROOT;12106;5;12104;26;;;12112;21;12114;24;;;12109.0;0.0
yf_ADM_d7;49500;ASH_COATED_OSMIUM;9906;19;9904;14;;;9912;16;9914;13;;;9909.0;0.0
yf_ADM_d7;49500;INTARIAN_PEPPER_ROOT;12110;14;12108;13;;;12116;23;12119;15;;;12113.0;0.0
yf_ADM_d7;49600;ASH_COATED_OSMIUM;9904;13;9900;18;;;9911;10;9914;19;;;9907.5;0.0
yf_ADM_d7;49600;INTARIAN_PEPPER_ROOT;12113;19;12110;14;;;12119;9;12121;13;;;12116.0;0.0
yf_ADM_d7;49700;ASH_COATED_OSMIUM;9905;5;9901;9;;;9911;14;9913;22;;;9908.0;0.0
yf_ADM_d7;49700;INTARIAN_PEPPER_ROOT;12116;18;12114;27;;;12122;13;12124;17;;;12119.0;0.0
yf_ADM_d7;49800;ASH_COATED_OSMIUM;9905;10;9901;19;;;9911;7;9914;22;;;9908.0;0.0
yf_ADM_d7;49800;INTARIAN_PEPPER_ROOT;12119;29;12115;17;;;12125;20;12127;26;;;12122.0;0.0
yf_ADM_d7;49900;ASH_COATED_OSMIUM;9898;13;9895;20;;;9920;17;9922;25;;;9909.0;0.0
yf_ADM_d7;49900;INTARIAN_PEPPER_ROOT;12123;11;12121;12;;;12129;11;12132;12;;;12126.0;0.0
yf_ADM_d7;50000;ASH_COATED_OSMIUM;9905;20;9901;23;;;9911;21;9914;23;;;9908.0;0.0
yf_ADM_d7;50000;INTARIAN_PEPPER_ROOT;12126;17;12122;10;;;12132;14;12134;20;;;12129.0;0.0
yf_ADM_d7;50100;ASH_COATED_OSMIUM;9895;16;9892;24;;;9922;15;9925;12;;;9908.5;0.0
yf_ADM_d7;50100;INTARIAN_PEPPER_ROOT;12125;8;12123;15;;;12140;26;12144;18;;;12132.5;0.0
yf_ADM_d7;50200;ASH_COATED_OSMIUM;9905;8;9902;21;;;9912;10;9914;31;;;9908.5;0.0
yf_ADM_d7;50200;INTARIAN_PEPPER_ROOT;12132;18;12130;16;;;12138;20;12140;18;;;12135.0;0.0
yf_ADM_d7;50300;ASH_COATED_OSMIUM;9906;16;9902;24;;;9912;6;9916;14;;;9909.0;0.0
yf_ADM_d7;50300;INTARIAN_PEPPER_ROOT;12131;13;12129;22;;;12146;22;12148;22;;;12138.5;0.0
yf_ADM_d7;50400;ASH_COATED_OSMIUM;9903;16;9900;25;;;9915;15;9919;18;;;9909.0;0.0
yf_ADM_d7;50400;INTARIAN_PEPPER_ROOT;12136;20;12133;22;;;12148;11;12152;10;;;12142.0;0.0
yf_ADM_d7;50500;ASH_COATED_OSMIUM;9903;6;9901;18;;;9915;18;9918;17;;;9909.0;0.0
yf_ADM_d7;50500;INTARIAN_PEPPER_ROOT;12142;19;12140;26;;;12148;15;12151;19;;;12145.0;0.0
yf_ADM_d7;50600;ASH_COATED_OSMIUM;9905;15;9903;19;;;9911;15;9915;26;;;9908.0;0.0
yf_ADM_d7;50600;INTARIAN_PEPPER_ROOT;12145;12;12143;14;;;12151;12;12155;19;;;12148.0;0.0
yf_ADM_d7;50700;ASH_COATED_OSMIUM;9906;20;9902;16;;;9912;15;9914;26;;;9909.0;0.0
yf_ADM_d7;50700;INTARIAN_PEPPER_ROOT;12145;24;12142;19;;;12159;11;12163;22;;;12152.0;0.0
yf_ADM_d7;50800;ASH_COATED_OSMIUM;9904;14;9902;21;;;9913;20;9915;11;;;9908.5;0.0
yf_ADM_d7;50800;INTARIAN_PEPPER_ROOT;12146;15;12144;11;;;12163;13;12166;19;;;12154.5;0.0
yf_ADM_d7;50900;ASH_COATED_OSMIUM;9905;16;9903;23;;;9911;23;9915;28;;;9908.0;0.0
yf_ADM_d7;50900;INTARIAN_PEPPER_ROOT;12150;16;12146;23;;;12162;17;12166;24;;;12156.0;0.0
yf_ADM_d7;51000;ASH_COATED_OSMIUM;9906;7;9902;20;;;9912;11;9916;21;;;9909.0;0.0
yf_ADM_d7;51000;INTARIAN_PEPPER_ROOT;12141;16;12139;21;;;12171;19;12173;27;;;12156.0;0.0
yf_ADM_d7;51100;ASH_COATED_OSMIUM;9905;13;9901;17;;;9911;11;9913;14;;;9908.0;0.0
yf_ADM_d7;51100;INTARIAN_PEPPER_ROOT;12154;9;12151;17;;;12160;15;12163;25;;;12157.0;0.0
yf_ADM_d7;51200;ASH_COATED_OSMIUM;9906;8;9903;20;;;9913;14;9915;8;;;9909.5;0.0
yf_ADM_d7;51200;INTARIAN_PEPPER_ROOT;12155;11;12153;20;;;12161;12;12163;16;;;12158.0;0.0
yf_ADM_d7;51300;ASH_COATED_OSMIUM;9905;16;9903;22;;;9911;22;9915;20;;;9908.0;0.0
yf_ADM_d7;51300;INTARIAN_PEPPER_ROOT;12155;14;12152;23;;;12161;19;12164;22;;;12158.0;0.0
yf_ADM_d7;51400;ASH_COATED_OSMIUM;9906;7;9902;17;;;9912;5;9914;18;;;9909.0;0.0
yf_ADM_d7;51400;INTARIAN_PEPPER_ROOT;12156;14;12153;16;;;12162;11;12165;22;;;12159.0;0.0
yf_ADM_d7;51500;ASH_COATED_OSMIUM;9906;18;9903;25;;;9912;20;9914;28;;;9909.0;0.0
yf_ADM_d7;51500;INTARIAN_PEPPER_ROOT;12150;15;12146;28;;;12168;12;12172;11;;;12159.0;0.0
yf_ADM_d7;51600;ASH_COATED_OSMIUM;9901;12;9899;25;;;9918;15;9922;17;;;9909.5;0.0
yf_ADM_d7;51600;INTARIAN_PEPPER_ROOT;12157;15;12153;13;;;12163;14;12166;20;;;12160.0;0.0
yf_ADM_d7;51700;ASH_COATED_OSMIUM;9905;13;9901;17;;;9914;17;9916;17;;;9909.5;0.0
yf_ADM_d7;51700;INTARIAN_PEPPER_ROOT;12148;10;12145;18;;;12171;12;12175;17;;;12159.5;0.0
yf_ADM_d7;51800;ASH_COATED_OSMIUM;9907;15;9903;24;;;9913;17;9917;22;;;9910.0;0.0
yf_ADM_d7;51800;INTARIAN_PEPPER_ROOT;12158;21;12156;28;;;12164;15;12167;21;;;12161.0;0.0
yf_ADM_d7;51900;ASH_COATED_OSMIUM;9897;20;9895;14;;;9922;11;9926;16;;;9909.5;0.0
yf_ADM_d7;51900;INTARIAN_PEPPER_ROOT;12151;10;12149;20;;;12172;18;12174;11;;;12161.5;0.0
yf_ADM_d7;52000;ASH_COATED_OSMIUM;9906;22;9902;24;;;9912;18;9915;14;;;9909.0;0.0
yf_ADM_d7;52000;INTARIAN_PEPPER_ROOT;12158;16;12156;20;;;12164;12;12166;32;;;12161.0;0.0
yf_ADM_d7;52100;ASH_COATED_OSMIUM;9906;13;9902;12;;;9912;6;9914;19;;;9909.0;0.0
yf_ADM_d7;52100;INTARIAN_PEPPER_ROOT;12158;15;12154;18;;;12164;11;12167;12;;;12161.0;0.0
yf_ADM_d7;52200;ASH_COATED_OSMIUM;9906;17;9904;13;;;9912;9;9914;16;;;9909.0;0.0
yf_ADM_d7;52200;INTARIAN_PEPPER_ROOT;12159;25;12157;20;;;12165;19;12168;17;;;12162.0;0.0
yf_ADM_d7;52300;ASH_COATED_OSMIUM;9907;16;9903;19;;;9913;17;9915;17;;;9910.0;0.0
yf_ADM_d7;52300;INTARIAN_PEPPER_ROOT;12159;6;12156;13;;;12166;15;12169;12;;;12162.5;0.0
yf_ADM_d7;52400;ASH_COATED_OSMIUM;9906;18;9904;20;;;9913;20;9916;20;;;9909.5;0.0
yf_ADM_d7;52400;INTARIAN_PEPPER_ROOT;12160;16;12158;16;;;12166;22;12168;23;;;12163.0;0.0
yf_ADM_d7;52500;ASH_COATED_OSMIUM;9904;13;9900;14;;;9916;11;9918;15;;;9910.0;0.0
yf_ADM_d7;52500;INTARIAN_PEPPER_ROOT;12140;11;12138;10;;;12187;18;12190;23;;;12163.5;0.0
yf_ADM_d7;52600;ASH_COATED_OSMIUM;9907;11;9905;26;;;9913;14;9917;16;;;9910.0;0.0
yf_ADM_d7;52600;INTARIAN_PEPPER_ROOT;12160;21;12158;21;;;12167;20;12170;14;;;12163.5;0.0
yf_ADM_d7;52700;ASH_COATED_OSMIUM;9907;16;9904;15;;;9913;8;9917;20;;;9910.0;0.0
yf_ADM_d7;52700;INTARIAN_PEPPER_ROOT;12161;14;12159;16;;;12167;18;12170;12;;;12164.0;0.0
yf_ADM_d7;52800;ASH_COATED_OSMIUM;9902;14;9898;18;;;9918;15;9921;10;;;9910.0;0.0
yf_ADM_d7;52800;INTARIAN_PEPPER_ROOT;12161;22;12158;20;;;12167;17;12171;20;;;12164.0;0.0
yf_ADM_d7;52900;ASH_COATED_OSMIUM;9907;15;9905;8;;;9913;12;9916;32;;;9910.0;0.0
yf_ADM_d7;52900;INTARIAN_PEPPER_ROOT;12158;10;12154;23;;;12172;20;12176;27;;;12165.0;0.0
yf_ADM_d7;53000;ASH_COATED_OSMIUM;9908;6;9906;21;;;9914;7;9918;22;;;9911.0;0.0
yf_ADM_d7;53000;INTARIAN_PEPPER_ROOT;12162;15;12159;23;;;12168;19;12172;19;;;12165.0;0.0
yf_ADM_d7;53100;ASH_COATED_OSMIUM;9908;19;9906;19;;;9914;23;9918;17;;;9911.0;0.0
yf_ADM_d7;53100;INTARIAN_PEPPER_ROOT;12163;9;12160;23;;;12169;18;12171;20;;;12166.0;0.0
yf_ADM_d7;53200;ASH_COATED_OSMIUM;9908;12;9905;25;;;9914;17;9917;19;;;9911.0;0.0
yf_ADM_d7;53200;INTARIAN_PEPPER_ROOT;12161;16;12159;19;;;12171;10;12174;17;;;12166.0;0.0
yf_ADM_d7;53300;ASH_COATED_OSMIUM;9907;21;9904;24;;;9913;12;9916;10;;;9910.0;0.0
yf_ADM_d7;53300;INTARIAN_PEPPER_ROOT;12164;17;12160;16;;;12170;29;12173;23;;;12167.0;0.0
yf_ADM_d7;53400;ASH_COATED_OSMIUM;9904;10;9900;13;;;9919;22;9923;19;;;9911.5;0.0
yf_ADM_d7;53400;INTARIAN_PEPPER_ROOT;12157;13;12154;18;;;12177;11;12179;11;;;12167.0;0.0
yf_ADM_d7;53500;ASH_COATED_OSMIUM;9906;8;9902;23;;;9915;16;9918;26;;;9910.5;0.0
yf_ADM_d7;53500;INTARIAN_PEPPER_ROOT;12162;9;12158;8;;;12173;8;12175;26;;;12167.5;0.0
yf_ADM_d7;53600;ASH_COATED_OSMIUM;9908;20;9904;12;;;9914;18;9918;9;;;9911.0;0.0
yf_ADM_d7;53600;INTARIAN_PEPPER_ROOT;12165;18;12163;17;;;12171;18;12174;24;;;12168.0;0.0
yf_ADM_d7;53700;ASH_COATED_OSMIUM;9908;5;9904;17;;;9915;5;9919;10;;;9911.5;0.0
yf_ADM_d7;53700;INTARIAN_PEPPER_ROOT;12166;12;12163;17;;;12172;9;12176;21;;;12169.0;0.0
yf_ADM_d7;53800;ASH_COATED_OSMIUM;9908;8;9904;24;;;9914;19;9916;16;;;9911.0;0.0
yf_ADM_d7;53800;INTARIAN_PEPPER_ROOT;12166;16;12164;19;;;12172;21;12174;20;;;12169.0;0.0
yf_ADM_d7;53900;ASH_COATED_OSMIUM;9908;16;9906;23;;;9914;10;9917;22;;;9911.0;0.0
yf_ADM_d7;53900;INTARIAN_PEPPER_ROOT;12164;15;12162;21;;;12174;15;12177;22;;;12169.0;0.0
yf_ADM_d7;54000;ASH_COATED_OSMIUM;9909;15;9906;18;;;9915;22;9919;26;;;9912.0;0.0
yf_ADM_d7;54000;INTARIAN_PEPPER_ROOT;12167;5;12165;16;;;12173;13;12177;21;;;12170.0;0.0
yf_ADM_d7;54100;ASH_COATED_OSMIUM;9908;13;9906;23;;;9914;20;9917;27;;;9911.0;0.0
yf_ADM_d7;54100;INTARIAN_PEPPER_ROOT;12167;15;12163;17;;;12173;10;12176;18;;;12170.0;0.0
yf_ADM_d7;54200;ASH_COATED_OSMIUM;9908;5;9906;28;;;9914;19;9917;23;;;9911.0;0.0
yf_ADM_d7;54200;INTARIAN_PEPPER_ROOT;12165;21;12161;12;;;12176;13;12178;16;;;12170.5;0.0
yf_ADM_d7;54300;ASH_COATED_OSMIUM;9909;10;9907;12;;;9915;14;9918;17;;;9912.0;0.0
yf_ADM_d7;54300;INTARIAN_PEPPER_ROOT;12168;15;12166;31;;;12174;11;12177;11;;;12171.0;0.0
yf_ADM_d7;54400;ASH_COATED_OSMIUM;9908;19;9905;13;;;9914;19;9916;30;;;9911.0;0.0
yf_ADM_d7;54400;INTARIAN_PEPPER_ROOT;12169;13;12166;21;;;12175;21;12179;22;;;12172.0;0.0
yf_ADM_d7;54500;ASH_COATED_OSMIUM;9908;7;9906;21;;;9915;10;9919;27;;;9911.5;0.0
yf_ADM_d7;54500;INTARIAN_PEPPER_ROOT;12167;23;12163;22;;;12177;5;12179;27;;;12172.0;0.0
yf_ADM_d7;54600;ASH_COATED_OSMIUM;9908;16;9905;15;;;9914;15;9916;19;;;9911.0;0.0
yf_ADM_d7;54600;INTARIAN_PEPPER_ROOT;12169;9;12166;9;;;12175;8;12178;25;;;12172.0;0.0
yf_ADM_d7;54700;ASH_COATED_OSMIUM;9899;13;9897;23;;;9924;16;9927;26;;;9911.5;0.0
yf_ADM_d7;54700;INTARIAN_PEPPER_ROOT;12170;6;12167;10;;;12176;16;12178;20;;;12173.0;0.0
yf_ADM_d7;54800;ASH_COATED_OSMIUM;9909;16;9906;26;;;9915;12;9919;21;;;9912.0;0.0
yf_ADM_d7;54800;INTARIAN_PEPPER_ROOT;12170;9;12166;21;;;12176;8;12180;12;;;12173.0;0.0
yf_ADM_d7;54900;ASH_COATED_OSMIUM;9909;9;9907;9;;;9915;16;9919;25;;;9912.0;0.0
yf_ADM_d7;54900;INTARIAN_PEPPER_ROOT;12170;13;12168;19;;;12176;15;12179;20;;;12173.0;0.0
yf_ADM_d7;55000;ASH_COATED_OSMIUM;9909;18;9907;19;;;9915;14;9918;11;;;9912.0;0.0
yf_ADM_d7;55000;INTARIAN_PEPPER_ROOT;12159;14;12157;23;;;12189;20;12193;12;;;12174.0;0.0
yf_ADM_d7;55100;ASH_COATED_OSMIUM;9909;5;9905;18;;;9915;10;9918;14;;;9912.0;0.0
yf_ADM_d7;55100;INTARIAN_PEPPER_ROOT;12172;8;12170;25;;;12178;22;12182;18;;;12175.0;0.0
yf_ADM_d7;55200;ASH_COATED_OSMIUM;9909;18;9907;24;;;9915;13;9917;25;;;9912.0;0.0
yf_ADM_d7;55200;INTARIAN_PEPPER_ROOT;12172;13;12170;16;;;12178;8;12182;21;;;12175.0;0.0
yf_ADM_d7;55300;ASH_COATED_OSMIUM;9904;23;9900;17;;;9920;8;9923;16;;;9912.0;0.0
yf_ADM_d7;55300;INTARIAN_PEPPER_ROOT;12168;17;12164;18;;;12182;11;12186;18;;;12175.0;0.0
yf_ADM_d7;55400;ASH_COATED_OSMIUM;9910;21;9908;22;;;9916;16;9918;17;;;9913.0;0.0
yf_ADM_d7;55400;INTARIAN_PEPPER_ROOT;12169;9;12165;18;;;12182;16;12186;25;;;12175.5;0.0
yf_ADM_d7;55500;ASH_COATED_OSMIUM;9900;12;9896;16;;;9925;18;9928;23;;;9912.5;0.0
yf_ADM_d7;55500;INTARIAN_PEPPER_ROOT;12173;16;12169;22;;;12179;21;12182;21;;;12176.0;0.0
yf_ADM_d7;55600;ASH_COATED_OSMIUM;9909;13;9906;14;;;9915;18;9917;18;;;9912.0;0.0
yf_ADM_d7;55600;INTARIAN_PEPPER_ROOT;12174;22;12172;22;;;12180;22;12182;17;;;12177.0;0.0
yf_ADM_d7;55700;ASH_COATED_OSMIUM;9907;14;9904;11;;;9919;10;9922;18;;;9913.0;0.0
yf_ADM_d7;55700;INTARIAN_PEPPER_ROOT;12174;20;12172;11;;;12180;15;12182;26;;;12177.0;0.0
yf_ADM_d7;55800;ASH_COATED_OSMIUM;9910;24;9906;14;;;9916;11;9919;8;;;9913.0;0.0
yf_ADM_d7;55800;INTARIAN_PEPPER_ROOT;12168;14;12165;19;;;12187;14;12191;20;;;12177.5;0.0
yf_ADM_d7;55900;ASH_COATED_OSMIUM;9909;15;9907;13;;;9916;21;9918;27;;;9912.5;0.0
yf_ADM_d7;55900;INTARIAN_PEPPER_ROOT;12175;26;12173;15;;;12181;21;12185;25;;;12178.0;0.0
yf_ADM_d7;56000;ASH_COATED_OSMIUM;9910;9;9906;20;;;9916;19;9920;15;;;9913.0;0.0
yf_ADM_d7;56000;INTARIAN_PEPPER_ROOT;12174;24;12172;16;;;12182;12;12184;14;;;12178.0;0.0
yf_ADM_d7;56100;ASH_COATED_OSMIUM;9903;10;9899;25;;;9923;19;9925;14;;;9913.0;0.0
yf_ADM_d7;56100;INTARIAN_PEPPER_ROOT;12173;5;12169;20;;;12183;14;12187;19;;;12178.0;0.0
yf_ADM_d7;56200;ASH_COATED_OSMIUM;9911;17;9908;23;;;9917;22;9920;23;;;9914.0;0.0
yf_ADM_d7;56200;INTARIAN_PEPPER_ROOT;12172;5;12169;26;;;12186;26;12188;29;;;12179.0;0.0
yf_ADM_d7;56300;ASH_COATED_OSMIUM;9911;13;9909;22;;;9917;9;9919;22;;;9914.0;0.0
yf_ADM_d7;56300;INTARIAN_PEPPER_ROOT;12175;19;12172;27;;;12184;11;12187;12;;;12179.5;0.0
yf_ADM_d7;56400;ASH_COATED_OSMIUM;9910;19;9906;18;;;9916;14;9920;20;;;9913.0;0.0
yf_ADM_d7;56400;INTARIAN_PEPPER_ROOT;12177;18;12173;19;;;12183;12;12185;13;;;12180.0;0.0
yf_ADM_d7;56500;ASH_COATED_OSMIUM;9905;5;9902;19;;;9922;15;9924;21;;;9913.5;0.0
yf_ADM_d7;56500;INTARIAN_PEPPER_ROOT;12174;19;12171;15;;;12186;14;12189;19;;;12180.0;0.0
yf_ADM_d7;56600;ASH_COATED_OSMIUM;9911;11;9908;16;;;9917;14;9919;23;;;9914.0;0.0
yf_ADM_d7;56600;INTARIAN_PEPPER_ROOT;12173;15;12171;11;;;12189;9;12192;14;;;12181.0;0.0
yf_ADM_d7;56700;ASH_COATED_OSMIUM;9901;18;9899;26;;;9927;21;9930;21;;;9914.0;0.0
yf_ADM_d7;56700;INTARIAN_PEPPER_ROOT;12178;12;12174;12;;;12184;20;12187;15;;;12181.0;0.0
yf_ADM_d7;56800;ASH_COATED_OSMIUM;9906;10;9904;13;;;9921;14;9924;20;;;9913.5;0.0
yf_ADM_d7;56800;INTARIAN_PEPPER_ROOT;12177;13;12173;22;;;12185;15;12189;21;;;12181.0;0.0
yf_ADM_d7;56900;ASH_COATED_OSMIUM;9911;12;9909;25;;;9917;14;9921;17;;;9914.0;0.0
yf_ADM_d7;56900;INTARIAN_PEPPER_ROOT;12178;6;12174;19;;;12184;16;12187;23;;;12181.0;0.0
yf_ADM_d7;57000;ASH_COATED_OSMIUM;9911;16;9909;27;;;9917;25;9920;13;;;9914.0;0.0
yf_ADM_d7;57000;INTARIAN_PEPPER_ROOT;12179;19;12175;16;;;12185;8;12187;19;;;12182.0;0.0
yf_ADM_d7;57100;ASH_COATED_OSMIUM;9911;16;9909;16;;;9917;12;9919;22;;;9914.0;0.0
yf_ADM_d7;57100;INTARIAN_PEPPER_ROOT;12180;14;12176;16;;;12186;18;12189;28;;;12183.0;0.0
yf_ADM_d7;57200;ASH_COATED_OSMIUM;9911;21;9908;19;;;9917;26;9919;17;;;9914.0;0.0
yf_ADM_d7;57200;INTARIAN_PEPPER_ROOT;12180;16;12177;25;;;12186;7;12189;19;;;12183.0;0.0
yf_ADM_d7;57300;ASH_COATED_OSMIUM;9911;5;9908;8;;;9917;12;9920;21;;;9914.0;0.0
yf_ADM_d7;57300;INTARIAN_PEPPER_ROOT;12181;15;12179;18;;;12187;12;12189;12;;;12184.0;0.0
yf_ADM_d7;57400;ASH_COATED_OSMIUM;9910;18;9906;14;;;9919;12;9923;9;;;9914.5;0.0
yf_ADM_d7;57400;INTARIAN_PEPPER_ROOT;12181;14;12179;21;;;12187;20;12190;21;;;12184.0;0.0
yf_ADM_d7;57500;ASH_COATED_OSMIUM;9911;19;9909;25;;;9917;26;9920;20;;;9914.0;0.0
yf_ADM_d7;57500;INTARIAN_PEPPER_ROOT;12171;13;12167;27;;;12198;19;12202;18;;;12184.5;0.0
yf_ADM_d7;57600;ASH_COATED_OSMIUM;9911;8;9907;19;;;9917;16;9920;13;;;9914.0;0.0
yf_ADM_d7;57600;INTARIAN_PEPPER_ROOT;12176;20;12173;23;;;12194;22;12197;19;;;12185.0;0.0
yf_ADM_d7;57700;ASH_COATED_OSMIUM;9912;20;9909;19;;;9918;15;9921;20;;;9915.0;0.0
yf_ADM_d7;57700;INTARIAN_PEPPER_ROOT;12178;22;12176;19;;;12193;16;12197;16;;;12185.5;0.0
yf_ADM_d7;57800;ASH_COATED_OSMIUM;9912;6;9909;20;;;9918;22;9921;13;;;9915.0;0.0
yf_ADM_d7;57800;INTARIAN_PEPPER_ROOT;12182;13;12180;21;;;12188;17;12190;18;;;12185.0;0.0
yf_ADM_d7;57900;ASH_COATED_OSMIUM;9912;12;9908;11;;;9918;19;9922;22;;;9915.0;0.0
yf_ADM_d7;57900;INTARIAN_PEPPER_ROOT;12182;15;12179;28;;;12188;9;12190;9;;;12185.0;0.0
yf_ADM_d7;58000;ASH_COATED_OSMIUM;9910;19;9908;16;;;9919;21;9922;19;;;9914.5;0.0
yf_ADM_d7;58000;INTARIAN_PEPPER_ROOT;12184;23;12181;23;;;12190;14;12194;19;;;12187.0;0.0
yf_ADM_d7;58100;ASH_COATED_OSMIUM;9912;14;9908;20;;;9919;19;9921;21;;;9915.5;0.0
yf_ADM_d7;58100;INTARIAN_PEPPER_ROOT;12184;8;12180;28;;;12190;20;12193;19;;;12187.0;0.0
yf_ADM_d7;58200;ASH_COATED_OSMIUM;9909;17;9906;16;;;9921;10;9923;20;;;9915.0;0.0
yf_ADM_d7;58200;INTARIAN_PEPPER_ROOT;12182;29;12180;13;;;12193;14;12195;22;;;12187.5;0.0
yf_ADM_d7;58300;ASH_COATED_OSMIUM;9907;11;9905;14;;;9923;11;9926;17;;;9915.0;0.0
yf_ADM_d7;58300;INTARIAN_PEPPER_ROOT;12184;20;12181;22;;;12192;24;12195;32;;;12188.0;0.0
yf_ADM_d7;58400;ASH_COATED_OSMIUM;9912;17;9908;20;;;9918;15;9920;23;;;9915.0;0.0
yf_ADM_d7;58400;INTARIAN_PEPPER_ROOT;12184;16;12181;27;;;12191;17;12195;15;;;12187.5;0.0
yf_ADM_d7;58500;ASH_COATED_OSMIUM;9905;11;9903;15;;;9924;13;9928;19;;;9914.5;0.0
yf_ADM_d7;58500;INTARIAN_PEPPER_ROOT;12182;16;12178;19;;;12195;8;12197;25;;;12188.5;0.0
yf_ADM_d7;58600;ASH_COATED_OSMIUM;9913;18;9911;23;;;9919;10;9921;26;;;9916.0;0.0
yf_ADM_d7;58600;INTARIAN_PEPPER_ROOT;12185;14;12183;13;;;12191;14;12193;20;;;12188.0;0.0
yf_ADM_d7;58700;ASH_COATED_OSMIUM;9912;17;9908;20;;;9918;13;9922;25;;;9915.0;0.0
yf_ADM_d7;58700;INTARIAN_PEPPER_ROOT;12186;20;12183;21;;;12192;10;12196;22;;;12189.0;0.0
yf_ADM_d7;58800;ASH_COATED_OSMIUM;9911;22;9908;27;;;9920;13;9922;18;;;9915.5;0.0
yf_ADM_d7;58800;INTARIAN_PEPPER_ROOT;12186;22;12183;24;;;12194;13;12198;19;;;12190.0;0.0
yf_ADM_d7;58900;ASH_COATED_OSMIUM;9904;14;9901;27;;;9927;14;9930;17;;;9915.5;0.0
yf_ADM_d7;58900;INTARIAN_PEPPER_ROOT;12185;11;12183;20;;;12194;8;12196;25;;;12189.5;0.0
yf_ADM_d7;59000;ASH_COATED_OSMIUM;9909;11;9907;19;;;9922;10;9926;19;;;9915.5;0.0
