day;timestamp;product;bid_price_1;bid_volume_1;bid_price_2;bid_volume_2;bid_price_3;bid_volume_3;ask_price_1;ask_volume_1;ask_price_2;ask_volume_2;ask_price_3;ask_volume_3;mid_price;profit_and_loss
yf_ZS=F_d2;0;ASH_COATED_OSMIUM;10065;9;10062;20;;;10075;5;10077;12;;;10070.0;0.0
yf_ZS=F_d2;0;INTARIAN_PEPPER_ROOT;12996;20;12993;10;;;13002;14;13006;21;;;12999.0;0.0
yf_ZS=F_d2;100;ASH_COATED_OSMIUM;10067;7;10065;25;;;10073;11;10075;20;;;10070.0;0.0
yf_ZS=F_d2;100;INTARIAN_PEPPER_ROOT;12992;16;12990;23;;;12998;19;13002;20;;;12995.0;0.0
yf_ZS=F_d2;200;ASH_COATED_OSMIUM;10063;18;10061;23;;;10076;21;10079;20;;;10069.5;0.0
yf_ZS=F_d2;200;INTARIAN_PEPPER_ROOT;12986;10;12983;8;;;12992;7;12995;23;;;12989.0;0.0
yf_ZS=F_d2;300;ASH_COATED_OSMIUM;10067;19;10065;16;;;10073;13;10076;15;;;10070.0;0.0
yf_ZS=F_d2;300;INTARIAN_PEPPER_ROOT;12977;21;12973;22;;;12990;11;12992;16;;;12983.5;0.0
yf_ZS=F_d2;400;ASH_COATED_OSMIUM;10066;7;10062;30;;;10072;14;10075;22;;;10069.0;0.0
yf_ZS=F_d2;400;INTARIAN_PEPPER_ROOT;12976;12;12973;23;;;12982;15;12984;25;;;12979.0;0.0
yf_ZS=F_d2;500;ASH_COATED_OSMIUM;10067;6;10064;13;;;10073;17;10076;29;;;10070.0;0.0
yf_ZS=F_d2;500;INTARIAN_PEPPER_ROOT;12970;11;12966;22;;;12978;15;12981;24;;;12974.0;0.0
yf_ZS=F_d2;600;ASH_COATED_OSMIUM;10066;13;10063;20;;;10072;12;10076;12;;;10069.0;0.0
yf_ZS=F_d2;600;INTARIAN_PEPPER_ROOT;12966;26;12963;24;;;12972;14;12976;18;;;12969.0;0.0
yf_ZS=F_d2;700;ASH_COATED_OSMIUM;10055;6;10051;11;;;10085;19;10087;13;;;10070.0;0.0
yf_ZS=F_d2;700;INTARIAN_PEPPER_ROOT;12949;16;12946;17;;;12979;15;12983;19;;;12964.0;0.0
yf_ZS=F_d2;800;ASH_COATED_OSMIUM;10063;20;10060;17;;;10076;17;10079;26;;;10069.5;0.0
yf_ZS=F_d2;800;INTARIAN_PEPPER_ROOT;12956;12;12954;21;;;12962;8;12964;22;;;12959.0;0.0
yf_ZS=F_d2;900;ASH_COATED_OSMIUM;10067;15;10064;15;;;10073;7;10075;26;;;10070.0;0.0
yf_ZS=F_d2;900;INTARIAN_PEPPER_ROOT;12951;13;12947;22;;;12957;14;12959;18;;;12954.0;0.0
yf_ZS=F_d2;1000;ASH_COATED_OSMIUM;10066;12;10062;26;;;10072;16;10075;22;;;10069.0;0.0
yf_ZS=F_d2;1000;INTARIAN_PEPPER_ROOT;12944;10;12941;18;;;12954;14;12956;15;;;12949.0;0.0
yf_ZS=F_d2;1100;ASH_COATED_OSMIUM;10067;15;10065;16;;;10073;14;10075;17;;;10070.0;0.0
yf_ZS=F_d2;1100;INTARIAN_PEPPER_ROOT;12937;14;12933;29;;;12949;16;12951;18;;;12943.0;0.0
yf_ZS=F_d2;1200;ASH_COATED_OSMIUM;10065;15;10063;25;;;10074;13;10078;24;;;10069.5;0.0
yf_ZS=F_d2;1200;INTARIAN_PEPPER_ROOT;12911;16;12907;24;;;12966;16;12970;21;;;12938.5;0.0
yf_ZS=F_d2;1300;ASH_COATED_OSMIUM;10067;7;10063;10;;;10073;14;10075;22;;;10070.0;0.0
yf_ZS=F_d2;1300;INTARIAN_PEPPER_ROOT;12929;23;12925;18;;;12937;12;12941;14;;;12933.0;0.0
yf_ZS=F_d2;1400;ASH_COATED_OSMIUM;10067;22;10063;24;;;10073;15;10077;23;;;10070.0;0.0
yf_ZS=F_d2;1400;INTARIAN_PEPPER_ROOT;12925;13;12922;18;;;12931;14;12933;19;;;12928.0;0.0
yf_ZS=F_d2;1500;ASH_COATED_OSMIUM;10052;12;10049;14;;;10085;13;10089;19;;;10068.5;0.0
yf_ZS=F_d2;1500;INTARIAN_PEPPER_ROOT;12914;18;12910;17;;;12932;19;12935;20;;;12923.0;0.0
yf_ZS=F_d2;1600;ASH_COATED_OSMIUM;10065;9;10061;16;;;10073;12;10075;10;;;10069.0;0.0
yf_ZS=F_d2;1600;INTARIAN_PEPPER_ROOT;12915;11;12912;17;;;12921;15;12925;17;;;12918.0;0.0
yf_ZS=F_d2;1700;ASH_COATED_OSMIUM;10064;21;10061;9;;;10075;10;10077;20;;;10069.5;0.0
yf_ZS=F_d2;1700;INTARIAN_PEPPER_ROOT;12909;17;12906;19;;;12917;21;12919;15;;;12913.0;0.0
yf_ZS=F_d2;1800;ASH_COATED_OSMIUM;10066;19;10063;19;;;10072;13;10076;14;;;10069.0;0.0
yf_ZS=F_d2;1800;INTARIAN_PEPPER_ROOT;12899;22;12896;16;;;12915;8;12918;21;;;12907.0;0.0
yf_ZS=F_d2;1900;ASH_COATED_OSMIUM;10066;21;10062;27;;;10072;16;10076;13;;;10069.0;0.0
yf_ZS=F_d2;1900;INTARIAN_PEPPER_ROOT;12897;17;12894;15;;;12907;13;12909;10;;;12902.0;0.0
yf_ZS=F_d2;2000;ASH_COATED_OSMIUM;10067;19;10064;23;;;10073;11;10076;12;;;10070.0;0.0
yf_ZS=F_d2;2000;INTARIAN_PEPPER_ROOT;12894;25;12891;17;;;12900;14;12904;35;;;12897.0;0.0
yf_ZS=F_d2;2100;ASH_COATED_OSMIUM;10059;20;10057;26;;;10080;9;10083;15;;;10069.5;0.0
yf_ZS=F_d2;2100;INTARIAN_PEPPER_ROOT;12889;18;12887;12;;;12895;12;12898;27;;;12892.0;0.0
yf_ZS=F_d2;2200;ASH_COATED_OSMIUM;10067;18;10065;16;;;10073;17;10075;21;;;10070.0;0.0
yf_ZS=F_d2;2200;INTARIAN_PEPPER_ROOT;12883;20;12881;18;;;12892;5;12895;10;;;12887.5;0.0
yf_ZS=F_d2;2300;ASH_COATED_OSMIUM;10066;12;10063;19;;;10072;20;10075;16;;;10069.0;0.0
yf_ZS=F_d2;2300;INTARIAN_PEPPER_ROOT;12879;11;12877;15;;;12885;19;12888;10;;;12882.0;0.0
yf_ZS=F_d2;2400;ASH_COATED_OSMIUM;10064;17;10060;16;;;10073;20;10075;28;;;10068.5;0.0
yf_ZS=F_d2;2400;INTARIAN_PEPPER_ROOT;12853;20;12849;27;;;12901;14;12905;16;;;12877.0;0.0
yf_ZS=F_d2;2500;ASH_COATED_OSMIUM;10066;8;10062;25;;;10072;20;10075;11;;;10069.0;0.0
yf_ZS=F_d2;2500;INTARIAN_PEPPER_ROOT;12869;7;12867;9;;;12875;8;12877;15;;;12872.0;0.0
yf_ZS=F_d2;2600;ASH_COATED_OSMIUM;10066;11;10064;20;;;10072;13;10076;12;;;10069.0;0.0
yf_ZS=F_d2;2600;INTARIAN_PEPPER_ROOT;12864;17;12862;31;;;12870;9;12874;15;;;12867.0;0.0
yf_ZS=F_d2;2700;ASH_COATED_OSMIUM;10066;18;10064;20;;;10072;6;10075;19;;;10069.0;0.0
yf_ZS=F_d2;2700;INTARIAN_PEPPER_ROOT;12859;10;12855;11;;;12865;5;12869;20;;;12862.0;0.0
yf_ZS=F_d2;2800;ASH_COATED_OSMIUM;10066;15;10063;8;;;10072;7;10074;26;;;10069.0;0.0
yf_ZS=F_d2;2800;INTARIAN_PEPPER_ROOT;12853;14;12849;27;;;12859;20;12861;27;;;12856.0;0.0
yf_ZS=F_d2;2900;ASH_COATED_OSMIUM;10066;9;10064;21;;;10072;19;10074;16;;;10069.0;0.0
yf_ZS=F_d2;2900;INTARIAN_PEPPER_ROOT;12846;20;12843;21;;;12856;9;12858;25;;;12851.0;0.0
yf_ZS=F_d2;3000;ASH_COATED_OSMIUM;10066;23;10062;29;;;10072;15;10076;20;;;10069.0;0.0
yf_ZS=F_d2;3000;INTARIAN_PEPPER_ROOT;12843;22;12840;25;;;12849;17;12852;12;;;12846.0;0.0
yf_ZS=F_d2;3100;ASH_COATED_OSMIUM;10066;20;10064;30;;;10072;19;10074;20;;;10069.0;0.0
yf_ZS=F_d2;3100;INTARIAN_PEPPER_ROOT;12834;5;12832;18;;;12846;26;12850;21;;;12840.0;0.0
yf_ZS=F_d2;3200;ASH_COATED_OSMIUM;10065;18;10063;29;;;10074;16;10077;19;;;10069.5;0.0
yf_ZS=F_d2;3200;INTARIAN_PEPPER_ROOT;12833;15;12830;17;;;12840;20;12843;22;;;12836.5;0.0
yf_ZS=F_d2;3300;ASH_COATED_OSMIUM;10064;13;10061;26;;;10074;13;10076;22;;;10069.0;0.0
yf_ZS=F_d2;3300;INTARIAN_PEPPER_ROOT;12823;11;12821;18;;;12839;12;12841;19;;;12831.0;0.0
yf_ZS=F_d2;3400;ASH_COATED_OSMIUM;10066;19;10062;17;;;10072;17;10074;20;;;10069.0;0.0
yf_ZS=F_d2;3400;INTARIAN_PEPPER_ROOT;12823;11;12820;20;;;12830;11;12832;15;;;12826.5;0.0
yf_ZS=F_d2;3500;ASH_COATED_OSMIUM;10066;16;10062;24;;;10072;14;10076;14;;;10069.0;0.0
yf_ZS=F_d2;3500;INTARIAN_PEPPER_ROOT;12817;13;12815;19;;;12824;14;12828;28;;;12820.5;0.0
yf_ZS=F_d2;3600;ASH_COATED_OSMIUM;10066;20;10063;12;;;10072;8;10075;26;;;10069.0;0.0
yf_ZS=F_d2;3600;INTARIAN_PEPPER_ROOT;12811;15;12809;20;;;12819;17;12822;20;;;12815.0;0.0
yf_ZS=F_d2;3700;ASH_COATED_OSMIUM;10066;19;10063;20;;;10072;15;10074;19;;;10069.0;0.0
yf_ZS=F_d2;3700;INTARIAN_PEPPER_ROOT;12807;17;12803;12;;;12813;13;12816;20;;;12810.0;0.0
yf_ZS=F_d2;3800;ASH_COATED_OSMIUM;10065;20;10061;25;;;10071;13;10073;18;;;10068.0;0.0
yf_ZS=F_d2;3800;INTARIAN_PEPPER_ROOT;12799;12;12795;15;;;12811;14;12813;19;;;12805.0;0.0
yf_ZS=F_d2;3900;ASH_COATED_OSMIUM;10063;12;10060;17;;;10074;7;10076;21;;;10068.5;0.0
yf_ZS=F_d2;3900;INTARIAN_PEPPER_ROOT;12797;19;12794;24;;;12803;9;12806;25;;;12800.0;0.0
yf_ZS=F_d2;4000;ASH_COATED_OSMIUM;10066;19;10062;20;;;10072;12;10076;20;;;10069.0;0.0
yf_ZS=F_d2;4000;INTARIAN_PEPPER_ROOT;12793;17;12789;15;;;12799;18;12803;15;;;12796.0;0.0
yf_ZS=F_d2;4100;ASH_COATED_OSMIUM;10066;5;10062;22;;;10072;5;10075;24;;;10069.0;0.0
yf_ZS=F_d2;4100;INTARIAN_PEPPER_ROOT;12772;14;12769;19;;;12807;17;12810;18;;;12789.5;0.0
yf_ZS=F_d2;4200;ASH_COATED_OSMIUM;10065;19;10062;12;;;10073;11;10077;12;;;10069.0;0.0
yf_ZS=F_d2;4200;INTARIAN_PEPPER_ROOT;12782;20;12780;17;;;12788;19;12791;21;;;12785.0;0.0
yf_ZS=F_d2;4300;ASH_COATED_OSMIUM;10066;12;10064;16;;;10072;14;10075;15;;;10069.0;0.0
yf_ZS=F_d2;4300;INTARIAN_PEPPER_ROOT;12777;9;12774;18;;;12783;19;12786;10;;;12780.0;0.0
yf_ZS=F_d2;4400;ASH_COATED_OSMIUM;10066;16;10063;13;;;10072;14;10076;23;;;10069.0;0.0
yf_ZS=F_d2;4400;INTARIAN_PEPPER_ROOT;12771;16;12767;20;;;12777;5;12780;16;;;12774.0;0.0
yf_ZS=F_d2;4500;ASH_COATED_OSMIUM;10066;7;10064;23;;;10072;14;10076;20;;;10069.0;0.0
yf_ZS=F_d2;4500;INTARIAN_PEPPER_ROOT;12766;22;12762;13;;;12772;7;12774;16;;;12769.0;0.0
yf_ZS=F_d2;4600;ASH_COATED_OSMIUM;10066;13;10063;22;;;10072;13;10076;29;;;10069.0;0.0
yf_ZS=F_d2;4600;INTARIAN_PEPPER_ROOT;12761;19;12759;29;;;12767;16;12770;17;;;12764.0;0.0
yf_ZS=F_d2;4700;ASH_COATED_OSMIUM;10066;13;10062;19;;;10072;15;10075;25;;;10069.0;0.0
yf_ZS=F_d2;4700;INTARIAN_PEPPER_ROOT;12756;9;12754;14;;;12762;15;12764;11;;;12759.0;0.0
yf_ZS=F_d2;4800;ASH_COATED_OSMIUM;10066;9;10062;18;;;10072;5;10074;21;;;10069.0;0.0
yf_ZS=F_d2;4800;INTARIAN_PEPPER_ROOT;12745;13;12742;17;;;12765;12;12767;21;;;12755.0;0.0
yf_ZS=F_d2;4900;ASH_COATED_OSMIUM;10066;21;10062;17;;;10072;22;10076;17;;;10069.0;0.0
yf_ZS=F_d2;4900;INTARIAN_PEPPER_ROOT;12738;20;12734;21;;;12759;10;12762;12;;;12748.5;0.0
yf_ZS=F_d2;5000;ASH_COATED_OSMIUM;10059;10;10056;19;;;10078;17;10082;25;;;10068.5;0.0
yf_ZS=F_d2;5000;INTARIAN_PEPPER_ROOT;12741;16;12737;20;;;12747;5;12751;25;;;12744.0;0.0
yf_ZS=F_d2;5100;ASH_COATED_OSMIUM;10066;18;10063;16;;;10072;10;10076;23;;;10069.0;0.0
yf_ZS=F_d2;5100;INTARIAN_PEPPER_ROOT;12734;15;12732;19;;;12743;13;12746;21;;;12738.5;0.0
yf_ZS=F_d2;5200;ASH_COATED_OSMIUM;10066;13;10062;29;;;10072;17;10074;24;;;10069.0;0.0
yf_ZS=F_d2;5200;INTARIAN_PEPPER_ROOT;12731;17;12729;13;;;12737;14;12739;23;;;12734.0;0.0
yf_ZS=F_d2;5300;ASH_COATED_OSMIUM;10066;17;10062;24;;;10072;8;10074;22;;;10069.0;0.0
yf_ZS=F_d2;5300;INTARIAN_PEPPER_ROOT;12726;17;12724;17;;;12732;21;12736;11;;;12729.0;0.0
yf_ZS=F_d2;5400;ASH_COATED_OSMIUM;10066;25;10064;24;;;10072;17;10076;30;;;10069.0;0.0
yf_ZS=F_d2;5400;INTARIAN_PEPPER_ROOT;12719;19;12717;21;;;12729;16;12732;23;;;12724.0;0.0
yf_ZS=F_d2;5500;ASH_COATED_OSMIUM;10066;8;10063;19;;;10072;15;10075;21;;;10069.0;0.0
yf_ZS=F_d2;5500;INTARIAN_PEPPER_ROOT;12715;18;12713;21;;;12721;13;12724;21;;;12718.0;0.0
yf_ZS=F_d2;5600;ASH_COATED_OSMIUM;10051;8;10047;25;;;10087;17;10089;17;;;10069.0;0.0
yf_ZS=F_d2;5600;INTARIAN_PEPPER_ROOT;12711;13;12707;12;;;12717;14;12719;15;;;12714.0;0.0
yf_ZS=F_d2;5700;ASH_COATED_OSMIUM;10055;18;10052;15;;;10082;19;10086;18;;;10068.5;0.0
yf_ZS=F_d2;5700;INTARIAN_PEPPER_ROOT;12694;13;12690;19;;;12722;16;12726;19;;;12708.0;0.0
yf_ZS=F_d2;5800;ASH_COATED_OSMIUM;10066;12;10062;16;;;10072;10;10075;20;;;10069.0;0.0
yf_ZS=F_d2;5800;INTARIAN_PEPPER_ROOT;12699;17;12695;29;;;12705;17;12709;27;;;12702.0;0.0
yf_ZS=F_d2;5900;ASH_COATED_OSMIUM;10062;16;10059;20;;;10075;17;10077;26;;;10068.5;0.0
yf_ZS=F_d2;5900;INTARIAN_PEPPER_ROOT;12695;6;12693;19;;;12701;16;12703;20;;;12698.0;0.0
yf_ZS=F_d2;6000;ASH_COATED_OSMIUM;10065;9;10063;22;;;10071;12;10073;8;;;10068.0;0.0
yf_ZS=F_d2;6000;INTARIAN_PEPPER_ROOT;12690;14;12686;20;;;12696;23;12698;23;;;12693.0;0.0
yf_ZS=F_d2;6100;ASH_COATED_OSMIUM;10066;19;10063;17;;;10072;17;10076;18;;;10069.0;0.0
yf_ZS=F_d2;6100;INTARIAN_PEPPER_ROOT;12672;25;12669;28;;;12704;19;12706;14;;;12688.0;0.0
yf_ZS=F_d2;6200;ASH_COATED_OSMIUM;10063;22;10060;23;;;10074;27;10077;18;;;10068.5;0.0
yf_ZS=F_d2;6200;INTARIAN_PEPPER_ROOT;12680;13;12678;21;;;12686;21;12690;17;;;12683.0;0.0
yf_ZS=F_d2;6300;ASH_COATED_OSMIUM;10066;11;10063;20;;;10072;9;10074;18;;;10069.0;0.0
yf_ZS=F_d2;6300;INTARIAN_PEPPER_ROOT;12670;21;12668;17;;;12684;9;12688;16;;;12677.0;0.0
yf_ZS=F_d2;6400;ASH_COATED_OSMIUM;10066;21;10063;24;;;10072;13;10075;22;;;10069.0;0.0
yf_ZS=F_d2;6400;INTARIAN_PEPPER_ROOT;12668;17;12664;28;;;12676;19;12679;30;;;12672.0;0.0
yf_ZS=F_d2;6500;ASH_COATED_OSMIUM;10066;11;10064;25;;;10072;5;10074;15;;;10069.0;0.0
yf_ZS=F_d2;6500;INTARIAN_PEPPER_ROOT;12664;14;12662;21;;;12670;16;12672;25;;;12667.0;0.0
yf_ZS=F_d2;6600;ASH_COATED_OSMIUM;10060;10;10056;30;;;10077;21;10079;17;;;10068.5;0.0
yf_ZS=F_d2;6600;INTARIAN_PEPPER_ROOT;12660;19;12656;11;;;12666;5;12668;15;;;12663.0;0.0
yf_ZS=F_d2;6700;ASH_COATED_OSMIUM;10065;18;10063;23;;;10071;14;10074;14;;;10068.0;0.0
yf_ZS=F_d2;6700;INTARIAN_PEPPER_ROOT;12652;17;12650;18;;;12663;17;12665;22;;;12657.5;0.0
yf_ZS=F_d2;6800;ASH_COATED_OSMIUM;10065;20;10061;18;;;10071;14;10074;17;;;10068.0;0.0
yf_ZS=F_d2;6800;INTARIAN_PEPPER_ROOT;12649;13;12646;15;;;12657;11;12660;22;;;12653.0;0.0
yf_ZS=F_d2;6900;ASH_COATED_OSMIUM;10059;19;10056;23;;;10077;16;10079;23;;;10068.0;0.0
yf_ZS=F_d2;6900;INTARIAN_PEPPER_ROOT;12644;15;12641;26;;;12650;19;12654;15;;;12647.0;0.0
yf_ZS=F_d2;7000;ASH_COATED_OSMIUM;10064;16;10061;19;;;10073;17;10077;16;;;10068.5;0.0
yf_ZS=F_d2;7000;INTARIAN_PEPPER_ROOT;12639;15;12635;18;;;12645;20;12648;14;;;12642.0;0.0
yf_ZS=F_d2;7100;ASH_COATED_OSMIUM;10066;12;10062;22;;;10072;17;10076;8;;;10069.0;0.0
yf_ZS=F_d2;7100;INTARIAN_PEPPER_ROOT;12634;12;12632;17;;;12640;25;12644;16;;;12637.0;0.0
yf_ZS=F_d2;7200;ASH_COATED_OSMIUM;10065;8;10063;22;;;10071;8;10073;22;;;10068.0;0.0
yf_ZS=F_d2;7200;INTARIAN_PEPPER_ROOT;12628;7;12626;19;;;12634;20;12637;21;;;12631.0;0.0
yf_ZS=F_d2;7300;ASH_COATED_OSMIUM;10065;18;10061;24;;;10071;20;10073;15;;;10068.0;0.0
yf_ZS=F_d2;7300;INTARIAN_PEPPER_ROOT;12616;5;12612;18;;;12636;7;12639;14;;;12626.0;0.0
yf_ZS=F_d2;7400;ASH_COATED_OSMIUM;10064;7;10060;14;;;10072;25;10076;19;;;10068.0;0.0
yf_ZS=F_d2;7400;INTARIAN_PEPPER_ROOT;12618;17;12616;20;;;12624;13;12628;16;;;12621.0;0.0
yf_ZS=F_d2;7500;ASH_COATED_OSMIUM;10062;20;10059;23;;;10073;17;10077;21;;;10067.5;0.0
yf_ZS=F_d2;7500;INTARIAN_PEPPER_ROOT;12613;18;12610;16;;;12619;24;12623;25;;;12616.0;0.0
yf_ZS=F_d2;7600;ASH_COATED_OSMIUM;10056;18;10052;14;;;10080;5;10084;21;;;10068.0;0.0
yf_ZS=F_d2;7600;INTARIAN_PEPPER_ROOT;12608;10;12605;15;;;12614;13;12618;11;;;12611.0;0.0
yf_ZS=F_d2;7700;ASH_COATED_OSMIUM;10065;15;10061;8;;;10071;12;10075;26;;;10068.0;0.0
yf_ZS=F_d2;7700;INTARIAN_PEPPER_ROOT;12595;5;12591;19;;;12616;25;12619;17;;;12605.5;0.0
yf_ZS=F_d2;7800;ASH_COATED_OSMIUM;10056;14;10053;8;;;10080;14;10083;17;;;10068.0;0.0
yf_ZS=F_d2;7800;INTARIAN_PEPPER_ROOT;12591;15;12589;17;;;12610;24;12612;20;;;12600.5;0.0
yf_ZS=F_d2;7900;ASH_COATED_OSMIUM;10062;22;10059;8;;;10075;9;10079;28;;;10068.5;0.0
yf_ZS=F_d2;7900;INTARIAN_PEPPER_ROOT;12593;13;12591;15;;;12599;23;12601;16;;;12596.0;0.0
yf_ZS=F_d2;8000;ASH_COATED_OSMIUM;10065;14;10063;18;;;10073;7;10077;23;;;10069.0;0.0
yf_ZS=F_d2;8000;INTARIAN_PEPPER_ROOT;12588;13;12586;25;;;12594;6;12597;17;;;12591.0;0.0
yf_ZS=F_d2;8100;ASH_COATED_OSMIUM;10065;9;10062;20;;;10072;11;10075;19;;;10068.5;0.0
yf_ZS=F_d2;8100;INTARIAN_PEPPER_ROOT;12583;11;12579;13;;;12589;10;12593;23;;;12586.0;0.0
yf_ZS=F_d2;8200;ASH_COATED_OSMIUM;10065;7;10063;21;;;10071;8;10074;16;;;10068.0;0.0
yf_ZS=F_d2;8200;INTARIAN_PEPPER_ROOT;12578;20;12574;20;;;12584;16;12586;12;;;12581.0;0.0
yf_ZS=F_d2;8300;ASH_COATED_OSMIUM;10064;18;10061;25;;;10072;20;10075;28;;;10068.0;0.0
yf_ZS=F_d2;8300;INTARIAN_PEPPER_ROOT;12573;17;12570;19;;;12579;7;12582;15;;;12576.0;0.0
yf_ZS=F_d2;8400;ASH_COATED_OSMIUM;10062;11;10060;26;;;10076;14;10080;17;;;10069.0;0.0
yf_ZS=F_d2;8400;INTARIAN_PEPPER_ROOT;12565;18;12561;23;;;12577;7;12581;21;;;12571.0;0.0
yf_ZS=F_d2;8500;ASH_COATED_OSMIUM;10065;20;10061;18;;;10071;19;10075;25;;;10068.0;0.0
yf_ZS=F_d2;8500;INTARIAN_PEPPER_ROOT;12560;23;12557;26;;;12570;23;12572;26;;;12565.0;0.0
yf_ZS=F_d2;8600;ASH_COATED_OSMIUM;10065;15;10062;25;;;10072;21;10076;24;;;10068.5;0.0
yf_ZS=F_d2;8600;INTARIAN_PEPPER_ROOT;12553;15;12551;20;;;12567;11;12570;15;;;12560.0;0.0
yf_ZS=F_d2;8700;ASH_COATED_OSMIUM;10065;5;10063;14;;;10071;15;10075;23;;;10068.0;0.0
yf_ZS=F_d2;8700;INTARIAN_PEPPER_ROOT;12552;9;12548;19;;;12559;17;12561;26;;;12555.5;0.0
yf_ZS=F_d2;8800;ASH_COATED_OSMIUM;10065;13;10061;19;;;10071;7;10073;10;;;10068.0;0.0
yf_ZS=F_d2;8800;INTARIAN_PEPPER_ROOT;12546;5;12544;12;;;12553;19;12556;24;;;12549.5;0.0
yf_ZS=F_d2;8900;ASH_COATED_OSMIUM;10061;11;10059;16;;;10075;7;10079;21;;;10068.0;0.0
yf_ZS=F_d2;8900;INTARIAN_PEPPER_ROOT;12542;13;12540;22;;;12548;9;12552;15;;;12545.0;0.0
yf_ZS=F_d2;9000;ASH_COATED_OSMIUM;10065;20;10062;13;;;10071;17;10075;16;;;10068.0;0.0
yf_ZS=F_d2;9000;INTARIAN_PEPPER_ROOT;12534;14;12531;28;;;12546;15;12549;21;;;12540.0;0.0
yf_ZS=F_d2;9100;ASH_COATED_OSMIUM;10065;14;10063;20;;;10071;15;10074;13;;;10068.0;0.0
yf_ZS=F_d2;9100;INTARIAN_PEPPER_ROOT;12532;15;12528;22;;;12538;14;12540;16;;;12535.0;0.0
yf_ZS=F_d2;9200;ASH_COATED_OSMIUM;10065;13;10061;23;;;10071;10;10074;23;;;10068.0;0.0
yf_ZS=F_d2;9200;INTARIAN_PEPPER_ROOT;12527;16;12523;25;;;12533;8;12537;17;;;12530.0;0.0
yf_ZS=F_d2;9300;ASH_COATED_OSMIUM;10062;13;10058;16;;;10074;12;10077;13;;;10068.0;0.0
yf_ZS=F_d2;9300;INTARIAN_PEPPER_ROOT;12521;13;12519;13;;;12527;21;12529;34;;;12524.0;0.0
yf_ZS=F_d2;9400;ASH_COATED_OSMIUM;10064;9;10061;25;;;10071;7;10074;10;;;10067.5;0.0
yf_ZS=F_d2;9400;INTARIAN_PEPPER_ROOT;12516;20;12514;15;;;12523;13;12527;29;;;12519.5;0.0
yf_ZS=F_d2;9500;ASH_COATED_OSMIUM;10065;5;10063;17;;;10071;12;10075;20;;;10068.0;0.0
yf_ZS=F_d2;9500;INTARIAN_PEPPER_ROOT;12505;13;12502;24;;;12522;22;12525;8;;;12513.5;0.0
yf_ZS=F_d2;9600;ASH_COATED_OSMIUM;10065;13;10063;15;;;10071;12;10075;20;;;10068.0;0.0
yf_ZS=F_d2;9600;INTARIAN_PEPPER_ROOT;12504;20;12502;28;;;12513;10;12517;12;;;12508.5;0.0
yf_ZS=F_d2;9700;ASH_COATED_OSMIUM;10064;18;10062;15;;;10071;5;10075;24;;;10067.5;0.0
yf_ZS=F_d2;9700;INTARIAN_PEPPER_ROOT;12499;10;12497;18;;;12509;10;12513;23;;;12504.0;0.0
yf_ZS=F_d2;9800;ASH_COATED_OSMIUM;10065;18;10061;15;;;10071;5;10075;18;;;10068.0;0.0
yf_ZS=F_d2;9800;INTARIAN_PEPPER_ROOT;12488;11;12485;13;;;12510;11;12512;23;;;12499.0;0.0
yf_ZS=F_d2;9900;ASH_COATED_OSMIUM;10065;11;10063;16;;;10071;15;10073;18;;;10068.0;0.0
yf_ZS=F_d2;9900;INTARIAN_PEPPER_ROOT;12491;16;12489;19;;;12497;19;12500;13;;;12494.0;0.0
yf_ZS=F_d2;10000;ASH_COATED_OSMIUM;10065;22;10061;19;;;10071;10;10074;9;;;10068.0;0.0
yf_ZS=F_d2;10000;INTARIAN_PEPPER_ROOT;12485;12;12481;29;;;12491;17;12495;25;;;12488.0;0.0
yf_ZS=F_d2;10100;ASH_COATED_OSMIUM;10065;16;10062;18;;;10071;25;10075;28;;;10068.0;0.0
yf_ZS=F_d2;10100;INTARIAN_PEPPER_ROOT;12481;8;12477;25;;;12487;17;12491;19;;;12484.0;0.0
yf_ZS=F_d2;10200;ASH_COATED_OSMIUM;10065;8;10063;19;;;10071;10;10073;20;;;10068.0;0.0
yf_ZS=F_d2;10200;INTARIAN_PEPPER_ROOT;12476;19;12472;25;;;12482;12;12484;17;;;12479.0;0.0
yf_ZS=F_d2;10300;ASH_COATED_OSMIUM;10063;12;10061;15;;;10073;17;10075;12;;;10068.0;0.0
yf_ZS=F_d2;10300;INTARIAN_PEPPER_ROOT;12471;9;12468;20;;;12477;18;12479;20;;;12474.0;0.0
yf_ZS=F_d2;10400;ASH_COATED_OSMIUM;10064;12;10061;21;;;10070;15;10073;18;;;10067.0;0.0
yf_ZS=F_d2;10400;INTARIAN_PEPPER_ROOT;12465;17;12463;11;;;12471;14;12474;17;;;12468.0;0.0
yf_ZS=F_d2;10500;ASH_COATED_OSMIUM;10064;9;10061;16;;;10073;12;10077;14;;;10068.5;0.0
yf_ZS=F_d2;10500;INTARIAN_PEPPER_ROOT;12460;7;12458;23;;;12466;9;12470;27;;;12463.0;0.0
yf_ZS=F_d2;10600;ASH_COATED_OSMIUM;10065;20;10063;20;;;10071;21;10073;19;;;10068.0;0.0
yf_ZS=F_d2;10600;INTARIAN_PEPPER_ROOT;12455;25;12451;27;;;12461;16;12465;23;;;12458.0;0.0
yf_ZS=F_d2;10700;ASH_COATED_OSMIUM;10056;13;10053;18;;;10079;21;10082;19;;;10067.5;0.0
yf_ZS=F_d2;10700;INTARIAN_PEPPER_ROOT;12450;20;12447;15;;;12456;11;12458;15;;;12453.0;0.0
yf_ZS=F_d2;10800;ASH_COATED_OSMIUM;10047;15;10045;21;;;10088;16;10091;25;;;10067.5;0.0
yf_ZS=F_d2;10800;INTARIAN_PEPPER_ROOT;12445;9;12442;25;;;12451;5;12454;8;;;12448.0;0.0
yf_ZS=F_d2;10900;ASH_COATED_OSMIUM;10050;15;10048;21;;;10087;13;10089;19;;;10068.5;0.0
yf_ZS=F_d2;10900;INTARIAN_PEPPER_ROOT;12439;22;12437;16;;;12446;17;12448;15;;;12442.5;0.0
yf_ZS=F_d2;11000;ASH_COATED_OSMIUM;10065;6;10061;24;;;10071;11;10073;15;;;10068.0;0.0
yf_ZS=F_d2;11000;INTARIAN_PEPPER_ROOT;12435;11;12433;18;;;12441;14;12445;20;;;12438.0;0.0
yf_ZS=F_d2;11100;ASH_COATED_OSMIUM;10060;10;10058;18;;;10075;16;10077;18;;;10067.5;0.0
yf_ZS=F_d2;11100;INTARIAN_PEPPER_ROOT;12429;18;12427;22;;;12435;14;12437;20;;;12432.0;0.0
yf_ZS=F_d2;11200;ASH_COATED_OSMIUM;10065;16;10061;22;;;10071;18;10073;25;;;10068.0;0.0
yf_ZS=F_d2;11200;INTARIAN_PEPPER_ROOT;12420;10;12416;22;;;12435;15;12437;13;;;12427.5;0.0
yf_ZS=F_d2;11300;ASH_COATED_OSMIUM;10064;16;10060;24;;;10070;15;10074;21;;;10067.0;0.0
yf_ZS=F_d2;11300;INTARIAN_PEPPER_ROOT;12419;10;12416;18;;;12425;16;12427;17;;;12422.0;0.0
yf_ZS=F_d2;11400;ASH_COATED_OSMIUM;10064;5;10060;20;;;10070;22;10072;12;;;10067.0;0.0
yf_ZS=F_d2;11400;INTARIAN_PEPPER_ROOT;12407;13;12405;22;;;12428;21;12430;20;;;12417.5;0.0
yf_ZS=F_d2;11500;ASH_COATED_OSMIUM;10061;11;10057;15;;;10074;9;10076;22;;;10067.5;0.0
yf_ZS=F_d2;11500;INTARIAN_PEPPER_ROOT;12408;18;12406;20;;;12417;6;12420;22;;;12412.5;0.0
yf_ZS=F_d2;11600;ASH_COATED_OSMIUM;10064;17;10061;23;;;10070;18;10074;18;;;10067.0;0.0
yf_ZS=F_d2;11600;INTARIAN_PEPPER_ROOT;12404;26;12400;22;;;12410;14;12412;15;;;12407.0;0.0
yf_ZS=F_d2;11700;ASH_COATED_OSMIUM;10065;6;10061;22;;;10071;18;10073;13;;;10068.0;0.0
yf_ZS=F_d2;11700;INTARIAN_PEPPER_ROOT;12398;20;12394;25;;;12404;6;12408;18;;;12401.0;0.0
yf_ZS=F_d2;11800;ASH_COATED_OSMIUM;10060;15;10057;19;;;10075;16;10079;24;;;10067.5;0.0
yf_ZS=F_d2;11800;INTARIAN_PEPPER_ROOT;12394;15;12390;11;;;12400;18;12403;18;;;12397.0;0.0
yf_ZS=F_d2;11900;ASH_COATED_OSMIUM;10064;12;10061;18;;;10070;13;10072;27;;;10067.0;0.0
yf_ZS=F_d2;11900;INTARIAN_PEPPER_ROOT;12388;18;12384;17;;;12396;12;12400;17;;;12392.0;0.0
yf_ZS=F_d2;12000;ASH_COATED_OSMIUM;10060;27;10056;12;;;10075;7;10078;12;;;10067.5;0.0
yf_ZS=F_d2;12000;INTARIAN_PEPPER_ROOT;12381;8;12378;11;;;12392;13;12396;17;;;12386.5;0.0
yf_ZS=F_d2;12100;ASH_COATED_OSMIUM;10065;12;10062;19;;;10071;15;10075;16;;;10068.0;0.0
yf_ZS=F_d2;12100;INTARIAN_PEPPER_ROOT;12378;14;12375;19;;;12384;22;12388;15;;;12381.0;0.0
yf_ZS=F_d2;12200;ASH_COATED_OSMIUM;10065;17;10062;19;;;10071;20;10074;15;;;10068.0;0.0
yf_ZS=F_d2;12200;INTARIAN_PEPPER_ROOT;12373;10;12371;26;;;12379;11;12383;21;;;12376.0;0.0
yf_ZS=F_d2;12300;ASH_COATED_OSMIUM;10061;21;10059;17;;;10073;15;10076;14;;;10067.0;0.0
yf_ZS=F_d2;12300;INTARIAN_PEPPER_ROOT;12369;18;12367;22;;;12375;12;12378;15;;;12372.0;0.0
yf_ZS=F_d2;12400;ASH_COATED_OSMIUM;10064;15;10060;16;;;10070;22;10072;23;;;10067.0;0.0
yf_ZS=F_d2;12400;INTARIAN_PEPPER_ROOT;12363;19;12361;21;;;12369;20;12373;20;;;12366.0;0.0
yf_ZS=F_d2;12500;ASH_COATED_OSMIUM;10063;16;10060;19;;;10070;11;10073;19;;;10066.5;0.0
yf_ZS=F_d2;12500;INTARIAN_PEPPER_ROOT;12355;15;12351;12;;;12366;12;12369;17;;;12360.5;0.0
yf_ZS=F_d2;12600;ASH_COATED_OSMIUM;10063;19;10061;13;;;10071;17;10075;18;;;10067.0;0.0
yf_ZS=F_d2;12600;INTARIAN_PEPPER_ROOT;12353;16;12351;26;;;12359;16;12362;18;;;12356.0;0.0
yf_ZS=F_d2;12700;ASH_COATED_OSMIUM;10059;23;10057;22;;;10075;13;10078;12;;;10067.0;0.0
yf_ZS=F_d2;12700;INTARIAN_PEPPER_ROOT;12338;15;12336;20;;;12363;20;12367;12;;;12350.5;0.0
yf_ZS=F_d2;12800;ASH_COATED_OSMIUM;10064;20;10061;21;;;10070;17;10073;13;;;10067.0;0.0
yf_ZS=F_d2;12800;INTARIAN_PEPPER_ROOT;12343;13;12340;15;;;12349;12;12353;22;;;12346.0;0.0
yf_ZS=F_d2;12900;ASH_COATED_OSMIUM;10064;25;10061;25;;;10070;8;10074;25;;;10067.0;0.0
yf_ZS=F_d2;12900;INTARIAN_PEPPER_ROOT;12337;13;12334;21;;;12344;18;12348;21;;;12340.5;0.0
yf_ZS=F_d2;13000;ASH_COATED_OSMIUM;10064;21;10061;20;;;10070;15;10072;11;;;10067.0;0.0
yf_ZS=F_d2;13000;INTARIAN_PEPPER_ROOT;12333;14;12331;19;;;12339;19;12342;19;;;12336.0;0.0
yf_ZS=F_d2;13100;ASH_COATED_OSMIUM;10064;11;10062;19;;;10070;15;10072;20;;;10067.0;0.0
yf_ZS=F_d2;13100;INTARIAN_PEPPER_ROOT;12320;21;12316;16;;;12340;13;12343;24;;;12330.0;0.0
yf_ZS=F_d2;13200;ASH_COATED_OSMIUM;10064;9;10061;25;;;10071;16;10074;19;;;10067.5;0.0
yf_ZS=F_d2;13200;INTARIAN_PEPPER_ROOT;12322;8;12320;27;;;12328;14;12330;18;;;12325.0;0.0
yf_ZS=F_d2;13300;ASH_COATED_OSMIUM;10064;8;10061;21;;;10070;21;10074;25;;;10067.0;0.0
yf_ZS=F_d2;13300;INTARIAN_PEPPER_ROOT;12316;18;12314;19;;;12322;21;12325;23;;;12319.0;0.0
yf_ZS=F_d2;13400;ASH_COATED_OSMIUM;10064;18;10062;18;;;10070;8;10074;20;;;10067.0;0.0
yf_ZS=F_d2;13400;INTARIAN_PEPPER_ROOT;12312;12;12309;20;;;12318;23;12322;23;;;12315.0;0.0
yf_ZS=F_d2;13500;ASH_COATED_OSMIUM;10062;18;10058;14;;;10073;16;10077;16;;;10067.5;0.0
yf_ZS=F_d2;13500;INTARIAN_PEPPER_ROOT;12305;9;12303;8;;;12315;23;12318;13;;;12310.0;0.0
yf_ZS=F_d2;13600;ASH_COATED_OSMIUM;10064;11;10061;23;;;10070;16;10072;23;;;10067.0;0.0
yf_ZS=F_d2;13600;INTARIAN_PEPPER_ROOT;12301;8;12299;20;;;12308;7;12312;12;;;12304.5;0.0
yf_ZS=F_d2;13700;ASH_COATED_OSMIUM;10064;17;10061;25;;;10070;18;10073;26;;;10067.0;0.0
yf_ZS=F_d2;13700;INTARIAN_PEPPER_ROOT;12296;15;12293;23;;;12302;19;12306;16;;;12299.0;0.0
yf_ZS=F_d2;13800;ASH_COATED_OSMIUM;10064;11;10062;14;;;10070;29;10072;14;;;10067.0;0.0
yf_ZS=F_d2;13800;INTARIAN_PEPPER_ROOT;12291;20;12289;14;;;12297;18;12299;34;;;12294.0;0.0
yf_ZS=F_d2;13900;ASH_COATED_OSMIUM;10064;11;10060;13;;;10070;24;10074;13;;;10067.0;0.0
yf_ZS=F_d2;13900;INTARIAN_PEPPER_ROOT;12286;11;12283;22;;;12292;13;12296;24;;;12289.0;0.0
yf_ZS=F_d2;14000;ASH_COATED_OSMIUM;10064;21;10061;22;;;10070;17;10074;24;;;10067.0;0.0
yf_ZS=F_d2;14000;INTARIAN_PEPPER_ROOT;12281;12;12278;20;;;12287;17;12290;21;;;12284.0;0.0
yf_ZS=F_d2;14100;ASH_COATED_OSMIUM;10065;6;10061;20;;;10071;18;10074;25;;;10068.0;0.0
yf_ZS=F_d2;14100;INTARIAN_PEPPER_ROOT;12276;15;12274;18;;;12282;24;12285;19;;;12279.0;0.0
yf_ZS=F_d2;14200;ASH_COATED_OSMIUM;10064;14;10061;15;;;10070;7;10073;22;;;10067.0;0.0
yf_ZS=F_d2;14200;INTARIAN_PEPPER_ROOT;12271;19;12268;32;;;12277;13;12281;16;;;12274.0;0.0
yf_ZS=F_d2;14300;ASH_COATED_OSMIUM;10064;11;10061;17;;;10070;16;10072;17;;;10067.0;0.0
yf_ZS=F_d2;14300;INTARIAN_PEPPER_ROOT;12258;20;12254;24;;;12278;16;12282;18;;;12268.0;0.0
yf_ZS=F_d2;14400;ASH_COATED_OSMIUM;10055;14;10052;13;;;10080;11;10083;24;;;10067.5;0.0
yf_ZS=F_d2;14400;INTARIAN_PEPPER_ROOT;12249;21;12247;25;;;12278;11;12281;26;;;12263.5;0.0
yf_ZS=F_d2;14500;ASH_COATED_OSMIUM;10064;18;10061;19;;;10070;20;10072;23;;;10067.0;0.0
yf_ZS=F_d2;14500;INTARIAN_PEPPER_ROOT;12254;24;12251;19;;;12263;5;12266;15;;;12258.5;0.0
yf_ZS=F_d2;14600;ASH_COATED_OSMIUM;10064;13;10061;22;;;10070;9;10072;17;;;10067.0;0.0
yf_ZS=F_d2;14600;INTARIAN_PEPPER_ROOT;12248;22;12246;21;;;12258;5;12262;15;;;12253.0;0.0
yf_ZS=F_d2;14700;ASH_COATED_OSMIUM;10058;9;10055;15;;;10077;23;10079;22;;;10067.5;0.0
yf_ZS=F_d2;14700;INTARIAN_PEPPER_ROOT;12243;16;12241;24;;;12252;18;12255;17;;;12247.5;0.0
yf_ZS=F_d2;14800;ASH_COATED_OSMIUM;10064;22;10061;20;;;10070;14;10072;22;;;10067.0;0.0
yf_ZS=F_d2;14800;INTARIAN_PEPPER_ROOT;12240;20;12238;20;;;12247;11;12251;19;;;12243.5;0.0
yf_ZS=F_d2;14900;ASH_COATED_OSMIUM;10063;17;10060;20;;;10069;15;10071;27;;;10066.0;0.0
yf_ZS=F_d2;14900;INTARIAN_PEPPER_ROOT;12235;16;12232;14;;;12241;16;12245;29;;;12238.0;0.0
yf_ZS=F_d2;15000;ASH_COATED_OSMIUM;10064;13;10061;28;;;10070;13;10072;22;;;10067.0;0.0
yf_ZS=F_d2;15000;INTARIAN_PEPPER_ROOT;12219;16;12215;16;;;12246;13;12248;26;;;12232.5;0.0
yf_ZS=F_d2;15100;ASH_COATED_OSMIUM;10064;23;10062;29;;;10070;14;10073;8;;;10067.0;0.0
yf_ZS=F_d2;15100;INTARIAN_PEPPER_ROOT;12223;26;12219;15;;;12234;14;12238;16;;;12228.5;0.0
yf_ZS=F_d2;15200;ASH_COATED_OSMIUM;10064;19;10062;22;;;10070;21;10074;17;;;10067.0;0.0
yf_ZS=F_d2;15200;INTARIAN_PEPPER_ROOT;12218;14;12214;18;;;12228;21;12230;23;;;12223.0;0.0
yf_ZS=F_d2;15300;ASH_COATED_OSMIUM;10063;12;10060;22;;;10069;14;10071;22;;;10066.0;0.0
yf_ZS=F_d2;15300;INTARIAN_PEPPER_ROOT;12211;13;12208;10;;;12225;10;12228;28;;;12218.0;0.0
yf_ZS=F_d2;15400;ASH_COATED_OSMIUM;10062;9;10060;17;;;10072;8;10075;34;;;10067.0;0.0
yf_ZS=F_d2;15400;INTARIAN_PEPPER_ROOT;12209;14;12205;23;;;12215;9;12218;15;;;12212.0;0.0
yf_ZS=F_d2;15500;ASH_COATED_OSMIUM;10064;5;10060;14;;;10070;13;10073;20;;;10067.0;0.0
yf_ZS=F_d2;15500;INTARIAN_PEPPER_ROOT;12204;18;12202;13;;;12210;19;12213;25;;;12207.0;0.0
yf_ZS=F_d2;15600;ASH_COATED_OSMIUM;10056;22;10052;14;;;10077;12;10081;25;;;10066.5;0.0
yf_ZS=F_d2;15600;INTARIAN_PEPPER_ROOT;12188;13;12184;16;;;12218;12;12221;16;;;12203.0;0.0
yf_ZS=F_d2;15700;ASH_COATED_OSMIUM;10064;14;10061;18;;;10070;21;10074;19;;;10067.0;0.0
yf_ZS=F_d2;15700;INTARIAN_PEPPER_ROOT;12194;11;12192;13;;;12200;16;12202;18;;;12197.0;0.0
yf_ZS=F_d2;15800;ASH_COATED_OSMIUM;10064;13;10062;25;;;10070;15;10073;16;;;10067.0;0.0
yf_ZS=F_d2;15800;INTARIAN_PEPPER_ROOT;12187;11;12183;15;;;12197;7;12200;26;;;12192.0;0.0
yf_ZS=F_d2;15900;ASH_COATED_OSMIUM;10063;12;10061;26;;;10069;21;10073;22;;;10066.0;0.0
yf_ZS=F_d2;15900;INTARIAN_PEPPER_ROOT;12178;17;12176;17;;;12197;11;12201;21;;;12187.5;0.0
yf_ZS=F_d2;16000;ASH_COATED_OSMIUM;10052;23;10048;18;;;10081;22;10084;14;;;10066.5;0.0
yf_ZS=F_d2;16000;INTARIAN_PEPPER_ROOT;12179;11;12177;15;;;12185;17;12188;20;;;12182.0;0.0
yf_ZS=F_d2;16100;ASH_COATED_OSMIUM;10063;14;10059;17;;;10069;23;10073;18;;;10066.0;0.0
yf_ZS=F_d2;16100;INTARIAN_PEPPER_ROOT;12173;17;12171;16;;;12179;17;12183;18;;;12176.0;0.0
yf_ZS=F_d2;16200;ASH_COATED_OSMIUM;10064;14;10060;19;;;10070;18;10074;13;;;10067.0;0.0
yf_ZS=F_d2;16200;INTARIAN_PEPPER_ROOT;12168;16;12165;22;;;12177;16;12179;20;;;12172.5;0.0
yf_ZS=F_d2;16300;ASH_COATED_OSMIUM;10056;12;10052;21;;;10077;25;10079;25;;;10066.5;0.0
yf_ZS=F_d2;16300;INTARIAN_PEPPER_ROOT;12159;16;12155;23;;;12173;18;12177;23;;;12166.0;0.0
yf_ZS=F_d2;16400;ASH_COATED_OSMIUM;10063;10;10059;31;;;10069;17;10073;24;;;10066.0;0.0
yf_ZS=F_d2;16400;INTARIAN_PEPPER_ROOT;12159;20;12156;22;;;12165;19;12167;28;;;12162.0;0.0
yf_ZS=F_d2;16500;ASH_COATED_OSMIUM;10062;13;10060;30;;;10071;13;10073;23;;;10066.5;0.0
yf_ZS=F_d2;16500;INTARIAN_PEPPER_ROOT;12148;13;12144;20;;;12165;14;12169;18;;;12156.5;0.0
yf_ZS=F_d2;16600;ASH_COATED_OSMIUM;10062;13;10058;18;;;10072;29;10074;19;;;10067.0;0.0
yf_ZS=F_d2;16600;INTARIAN_PEPPER_ROOT;12148;12;12146;20;;;12154;13;12157;23;;;12151.0;0.0
yf_ZS=F_d2;16700;ASH_COATED_OSMIUM;10063;14;10059;17;;;10069;7;10072;17;;;10066.0;0.0
yf_ZS=F_d2;16700;INTARIAN_PEPPER_ROOT;12135;19;12131;26;;;12157;15;12159;13;;;12146.0;0.0
yf_ZS=F_d2;16800;ASH_COATED_OSMIUM;10061;15;10057;12;;;10073;15;10075;25;;;10067.0;0.0
yf_ZS=F_d2;16800;INTARIAN_PEPPER_ROOT;12138;17;12136;25;;;12144;19;12148;19;;;12141.0;0.0
yf_ZS=F_d2;16900;ASH_COATED_OSMIUM;10058;12;10056;28;;;10076;19;10078;27;;;10067.0;0.0
yf_ZS=F_d2;16900;INTARIAN_PEPPER_ROOT;12133;11;12129;20;;;12139;8;12141;9;;;12136.0;0.0
yf_ZS=F_d2;17000;ASH_COATED_OSMIUM;10062;14;10060;20;;;10070;13;10074;18;;;10066.0;0.0
yf_ZS=F_d2;17000;INTARIAN_PEPPER_ROOT;12130;18;12127;22;;;12140;15;12142;21;;;12135.0;0.0
yf_ZS=F_d2;17100;ASH_COATED_OSMIUM;10057;18;10054;12;;;10076;6;10079;14;;;10066.5;0.0
yf_ZS=F_d2;17100;INTARIAN_PEPPER_ROOT;12132;16;12129;26;;;12138;15;12142;19;;;12135.0;0.0
yf_ZS=F_d2;17200;ASH_COATED_OSMIUM;10063;10;10060;18;;;10069;16;10072;13;;;10066.0;0.0
yf_ZS=F_d2;17200;INTARIAN_PEPPER_ROOT;12133;15;12131;28;;;12139;13;12142;11;;;12136.0;0.0
yf_ZS=F_d2;17300;ASH_COATED_OSMIUM;10062;14;10058;22;;;10072;19;10074;21;;;10067.0;0.0
yf_ZS=F_d2;17300;INTARIAN_PEPPER_ROOT;12134;21;12132;18;;;12140;17;12144;24;;;12137.0;0.0
yf_ZS=F_d2;17400;ASH_COATED_OSMIUM;10063;10;10061;27;;;10069;21;10071;17;;;10066.0;0.0
yf_ZS=F_d2;17400;INTARIAN_PEPPER_ROOT;12130;16;12128;12;;;12147;14;12149;29;;;12138.5;0.0
yf_ZS=F_d2;17500;ASH_COATED_OSMIUM;10064;7;10060;19;;;10070;5;10074;18;;;10067.0;0.0
yf_ZS=F_d2;17500;INTARIAN_PEPPER_ROOT;12137;10;12133;32;;;12143;12;12146;8;;;12140.0;0.0
yf_ZS=F_d2;17600;ASH_COATED_OSMIUM;10062;5;10059;17;;;10069;20;10072;17;;;10065.5;0.0
yf_ZS=F_d2;17600;INTARIAN_PEPPER_ROOT;12134;19;12130;18;;;12147;7;12151;15;;;12140.5;0.0
yf_ZS=F_d2;17700;ASH_COATED_OSMIUM;10064;10;10060;18;;;10070;17;10074;17;;;10067.0;0.0
yf_ZS=F_d2;17700;INTARIAN_PEPPER_ROOT;12139;5;12135;17;;;12145;18;12147;25;;;12142.0;0.0
yf_ZS=F_d2;17800;ASH_COATED_OSMIUM;10060;13;10057;10;;;10074;15;10078;17;;;10067.0;0.0
yf_ZS=F_d2;17800;INTARIAN_PEPPER_ROOT;12140;9;12136;8;;;12146;16;12149;27;;;12143.0;0.0
yf_ZS=F_d2;17900;ASH_COATED_OSMIUM;10063;17;10060;23;;;10069;8;10072;25;;;10066.0;0.0
yf_ZS=F_d2;17900;INTARIAN_PEPPER_ROOT;12141;12;12139;21;;;12147;19;12151;15;;;12144.0;0.0
yf_ZS=F_d2;18000;ASH_COATED_OSMIUM;10060;5;10058;28;;;10071;18;10075;20;;;10065.5;0.0
yf_ZS=F_d2;18000;INTARIAN_PEPPER_ROOT;12133;19;12130;16;;;12158;14;12161;17;;;12145.5;0.0
yf_ZS=F_d2;18100;ASH_COATED_OSMIUM;10063;7;10059;20;;;10069;17;10072;19;;;10066.0;0.0
yf_ZS=F_d2;18100;INTARIAN_PEPPER_ROOT;12144;7;12141;26;;;12150;6;12153;21;;;12147.0;0.0
yf_ZS=F_d2;18200;ASH_COATED_OSMIUM;10063;14;10060;16;;;10069;22;10072;17;;;10066.0;0.0
yf_ZS=F_d2;18200;INTARIAN_PEPPER_ROOT;12144;23;12142;23;;;12150;9;12154;28;;;12147.0;0.0
yf_ZS=F_d2;18300;ASH_COATED_OSMIUM;10063;26;10059;17;;;10069;18;10073;19;;;10066.0;0.0
yf_ZS=F_d2;18300;INTARIAN_PEPPER_ROOT;12146;16;12142;9;;;12153;14;12155;17;;;12149.5;0.0
yf_ZS=F_d2;18400;ASH_COATED_OSMIUM;10063;14;10061;25;;;10069;11;10072;14;;;10066.0;0.0
yf_ZS=F_d2;18400;INTARIAN_PEPPER_ROOT;12147;21;12143;10;;;12153;15;12157;22;;;12150.0;0.0
yf_ZS=F_d2;18500;ASH_COATED_OSMIUM;10054;15;10050;18;;;10080;10;10082;17;;;10067.0;0.0
yf_ZS=F_d2;18500;INTARIAN_PEPPER_ROOT;12148;16;12145;21;;;12154;19;12158;21;;;12151.0;0.0
yf_ZS=F_d2;18600;ASH_COATED_OSMIUM;10063;12;10060;15;;;10069;13;10072;22;;;10066.0;0.0
yf_ZS=F_d2;18600;INTARIAN_PEPPER_ROOT;12149;18;12147;18;;;12155;13;12158;15;;;12152.0;0.0
yf_ZS=F_d2;18700;ASH_COATED_OSMIUM;10064;17;10061;17;;;10070;19;10072;22;;;10067.0;0.0
yf_ZS=F_d2;18700;INTARIAN_PEPPER_ROOT;12150;15;12148;18;;;12156;13;12160;11;;;12153.0;0.0
yf_ZS=F_d2;18800;ASH_COATED_OSMIUM;10063;10;10059;20;;;10070;14;10073;20;;;10066.5;0.0
yf_ZS=F_d2;18800;INTARIAN_PEPPER_ROOT;12151;17;12148;21;;;12157;24;12161;14;;;12154.0;0.0
yf_ZS=F_d2;18900;ASH_COATED_OSMIUM;10064;8;10060;20;;;10070;5;10074;19;;;10067.0;0.0
yf_ZS=F_d2;18900;INTARIAN_PEPPER_ROOT;12152;18;12150;26;;;12158;16;12161;25;;;12155.0;0.0
yf_ZS=F_d2;19000;ASH_COATED_OSMIUM;10064;15;10061;23;;;10070;12;10074;12;;;10067.0;0.0
yf_ZS=F_d2;19000;INTARIAN_PEPPER_ROOT;12154;11;12152;20;;;12160;14;12162;19;;;12157.0;0.0
yf_ZS=F_d2;19100;ASH_COATED_OSMIUM;10064;16;10062;18;;;10070;12;10072;19;;;10067.0;0.0
yf_ZS=F_d2;19100;INTARIAN_PEPPER_ROOT;12156;14;12152;12;;;12162;14;12165;21;;;12159.0;0.0
yf_ZS=F_d2;19200;ASH_COATED_OSMIUM;10061;11;10057;17;;;10072;18;10075;20;;;10066.5;0.0
yf_ZS=F_d2;19200;INTARIAN_PEPPER_ROOT;12154;15;12150;33;;;12164;12;12167;13;;;12159.0;0.0
yf_ZS=F_d2;19300;ASH_COATED_OSMIUM;10064;12;10062;14;;;10070;22;10074;15;;;10067.0;0.0
yf_ZS=F_d2;19300;INTARIAN_PEPPER_ROOT;12157;22;12155;24;;;12163;13;12165;26;;;12160.0;0.0
yf_ZS=F_d2;19400;ASH_COATED_OSMIUM;10062;15;10059;22;;;10071;14;10075;11;;;10066.5;0.0
yf_ZS=F_d2;19400;INTARIAN_PEPPER_ROOT;12159;9;12155;24;;;12165;5;12168;18;;;12162.0;0.0
yf_ZS=F_d2;19500;ASH_COATED_OSMIUM;10063;12;10061;14;;;10069;17;10072;18;;;10066.0;0.0
yf_ZS=F_d2;19500;INTARIAN_PEPPER_ROOT;12160;15;12156;22;;;12166;8;12168;12;;;12163.0;0.0
yf_ZS=F_d2;19600;ASH_COATED_OSMIUM;10061;19;10058;12;;;10072;14;10074;14;;;10066.5;0.0
yf_ZS=F_d2;19600;INTARIAN_PEPPER_ROOT;12153;12;12149;13;;;12173;17;12175;18;;;12163.0;0.0
yf_ZS=F_d2;19700;ASH_COATED_OSMIUM;10063;14;10059;22;;;10070;8;10072;22;;;10066.5;0.0
yf_ZS=F_d2;19700;INTARIAN_PEPPER_ROOT;12162;20;12159;14;;;12168;16;12171;19;;;12165.0;0.0
yf_ZS=F_d2;19800;ASH_COATED_OSMIUM;10058;20;10056;27;;;10075;19;10078;20;;;10066.5;0.0
yf_ZS=F_d2;19800;INTARIAN_PEPPER_ROOT;12164;14;12160;27;;;12170;11;12174;18;;;12167.0;0.0
yf_ZS=F_d2;19900;ASH_COATED_OSMIUM;10062;17;10058;16;;;10072;18;10076;27;;;10067.0;0.0
yf_ZS=F_d2;19900;INTARIAN_PEPPER_ROOT;12164;14;12160;13;;;12170;19;12173;15;;;12167.0;0.0
yf_ZS=F_d2;20000;ASH_COATED_OSMIUM;10056;6;10053;14;;;10078;11;10082;21;;;10067.0;0.0
yf_ZS=F_d2;20000;INTARIAN_PEPPER_ROOT;12165;16;12163;26;;;12171;14;12175;13;;;12168.0;0.0
yf_ZS=F_d2;20100;ASH_COATED_OSMIUM;10064;5;10062;19;;;10070;10;10074;20;;;10067.0;0.0
yf_ZS=F_d2;20100;INTARIAN_PEPPER_ROOT;12163;10;12159;12;;;12174;8;12177;26;;;12168.5;0.0
yf_ZS=F_d2;20200;ASH_COATED_OSMIUM;10062;6;10059;12;;;10071;16;10074;14;;;10066.5;0.0
yf_ZS=F_d2;20200;INTARIAN_PEPPER_ROOT;12166;16;12163;15;;;12174;15;12176;14;;;12170.0;0.0
yf_ZS=F_d2;20300;ASH_COATED_OSMIUM;10064;12;10060;22;;;10070;13;10072;21;;;10067.0;0.0
yf_ZS=F_d2;20300;INTARIAN_PEPPER_ROOT;12168;13;12165;22;;;12174;15;12177;17;;;12171.0;0.0
yf_ZS=F_d2;20400;ASH_COATED_OSMIUM;10063;12;10059;25;;;10071;12;10073;24;;;10067.0;0.0
yf_ZS=F_d2;20400;INTARIAN_PEPPER_ROOT;12169;10;12166;16;;;12175;19;12178;22;;;12172.0;0.0
yf_ZS=F_d2;20500;ASH_COATED_OSMIUM;10064;10;10061;21;;;10070;24;10073;25;;;10067.0;0.0
yf_ZS=F_d2;20500;INTARIAN_PEPPER_ROOT;12170;16;12168;17;;;12176;12;12178;24;;;12173.0;0.0
yf_ZS=F_d2;20600;ASH_COATED_OSMIUM;10063;11;10059;16;;;10069;15;10071;20;;;10066.0;0.0
yf_ZS=F_d2;20600;INTARIAN_PEPPER_ROOT;12172;18;12170;21;;;12178;20;12182;16;;;12175.0;0.0
yf_ZS=F_d2;20700;ASH_COATED_OSMIUM;10063;10;10059;25;;;10070;23;10074;22;;;10066.5;0.0
yf_ZS=F_d2;20700;INTARIAN_PEPPER_ROOT;12167;18;12163;16;;;12186;7;12188;16;;;12176.5;0.0
yf_ZS=F_d2;20800;ASH_COATED_OSMIUM;10064;14;10060;29;;;10070;18;10073;26;;;10067.0;0.0
yf_ZS=F_d2;20800;INTARIAN_PEPPER_ROOT;12174;12;12171;25;;;12180;15;12182;19;;;12177.0;0.0
yf_ZS=F_d2;20900;ASH_COATED_OSMIUM;10064;16;10060;22;;;10070;8;10074;22;;;10067.0;0.0
yf_ZS=F_d2;20900;INTARIAN_PEPPER_ROOT;12175;22;12172;20;;;12181;7;12185;21;;;12178.0;0.0
yf_ZS=F_d2;21000;ASH_COATED_OSMIUM;10060;14;10058;18;;;10074;12;10076;19;;;10067.0;0.0
yf_ZS=F_d2;21000;INTARIAN_PEPPER_ROOT;12176;10;12173;13;;;12182;15;12186;12;;;12179.0;0.0
yf_ZS=F_d2;21100;ASH_COATED_OSMIUM;10064;20;10061;8;;;10070;18;10073;18;;;10067.0;0.0
yf_ZS=F_d2;21100;INTARIAN_PEPPER_ROOT;12172;10;12168;19;;;12189;19;12193;21;;;12180.5;0.0
yf_ZS=F_d2;21200;ASH_COATED_OSMIUM;10064;17;10060;24;;;10070;20;10073;27;;;10067.0;0.0
yf_ZS=F_d2;21200;INTARIAN_PEPPER_ROOT;12179;21;12176;26;;;12185;15;12188;25;;;12182.0;0.0
yf_ZS=F_d2;21300;ASH_COATED_OSMIUM;10062;14;10058;24;;;10071;17;10073;20;;;10066.5;0.0
yf_ZS=F_d2;21300;INTARIAN_PEPPER_ROOT;12179;9;12175;16;;;12186;7;12189;28;;;12182.5;0.0
yf_ZS=F_d2;21400;ASH_COATED_OSMIUM;10064;17;10060;23;;;10070;6;10072;25;;;10067.0;0.0
yf_ZS=F_d2;21400;INTARIAN_PEPPER_ROOT;12181;14;12179;8;;;12187;10;12191;16;;;12184.0;0.0
yf_ZS=F_d2;21500;ASH_COATED_OSMIUM;10059;8;10056;22;;;10076;21;10080;19;;;10067.5;0.0
yf_ZS=F_d2;21500;INTARIAN_PEPPER_ROOT;12176;8;12174;14;;;12195;10;12198;15;;;12185.5;0.0
yf_ZS=F_d2;21600;ASH_COATED_OSMIUM;10060;15;10057;14;;;10073;14;10075;31;;;10066.5;0.0
yf_ZS=F_d2;21600;INTARIAN_PEPPER_ROOT;12180;12;12177;9;;;12194;12;12196;20;;;12187.0;0.0
yf_ZS=F_d2;21700;ASH_COATED_OSMIUM;10064;14;10061;19;;;10070;20;10074;11;;;10067.0;0.0
yf_ZS=F_d2;21700;INTARIAN_PEPPER_ROOT;12184;17;12180;16;;;12190;18;12194;18;;;12187.0;0.0
yf_ZS=F_d2;21800;ASH_COATED_OSMIUM;10064;10;10060;23;;;10070;16;10072;21;;;10067.0;0.0
yf_ZS=F_d2;21800;INTARIAN_PEPPER_ROOT;12186;18;12182;22;;;12192;22;12196;18;;;12189.0;0.0
yf_ZS=F_d2;21900;ASH_COATED_OSMIUM;10061;22;10057;13;;;10072;10;10075;24;;;10066.5;0.0
yf_ZS=F_d2;21900;INTARIAN_PEPPER_ROOT;12186;20;12184;30;;;12192;18;12194;20;;;12189.0;0.0
yf_ZS=F_d2;22000;ASH_COATED_OSMIUM;10064;17;10061;13;;;10070;8;10073;22;;;10067.0;0.0
yf_ZS=F_d2;22000;INTARIAN_PEPPER_ROOT;12188;23;12184;19;;;12194;8;12198;22;;;12191.0;0.0
yf_ZS=F_d2;22100;ASH_COATED_OSMIUM;10064;8;10060;25;;;10070;24;10074;24;;;10067.0;0.0
yf_ZS=F_d2;22100;INTARIAN_PEPPER_ROOT;12189;18;12186;22;;;12195;10;12197;14;;;12192.0;0.0
yf_ZS=F_d2;22200;ASH_COATED_OSMIUM;10064;19;10062;23;;;10070;16;10074;22;;;10067.0;0.0
yf_ZS=F_d2;22200;INTARIAN_PEPPER_ROOT;12189;12;12187;28;;;12195;17;12197;10;;;12192.0;0.0
yf_ZS=F_d2;22300;ASH_COATED_OSMIUM;10064;11;10062;21;;;10070;15;10072;20;;;10067.0;0.0
yf_ZS=F_d2;22300;INTARIAN_PEPPER_ROOT;12188;17;12185;19;;;12201;14;12204;21;;;12194.5;0.0
yf_ZS=F_d2;22400;ASH_COATED_OSMIUM;10064;21;10062;17;;;10070;15;10073;23;;;10067.0;0.0
yf_ZS=F_d2;22400;INTARIAN_PEPPER_ROOT;12192;10;12188;24;;;12198;11;12201;17;;;12195.0;0.0
yf_ZS=F_d2;22500;ASH_COATED_OSMIUM;10064;13;10061;28;;;10070;19;10074;17;;;10067.0;0.0
yf_ZS=F_d2;22500;INTARIAN_PEPPER_ROOT;12172;13;12170;25;;;12221;15;12224;22;;;12196.5;0.0
yf_ZS=F_d2;22600;ASH_COATED_OSMIUM;10064;14;10061;17;;;10070;20;10072;20;;;10067.0;0.0
yf_ZS=F_d2;22600;INTARIAN_PEPPER_ROOT;12194;16;12192;16;;;12200;14;12203;21;;;12197.0;0.0
yf_ZS=F_d2;22700;ASH_COATED_OSMIUM;10064;6;10060;17;;;10071;15;10073;21;;;10067.5;0.0
yf_ZS=F_d2;22700;INTARIAN_PEPPER_ROOT;12196;11;12194;24;;;12202;10;12206;26;;;12199.0;0.0
yf_ZS=F_d2;22800;ASH_COATED_OSMIUM;10063;22;10059;24;;;10071;21;10074;16;;;10067.0;0.0
yf_ZS=F_d2;22800;INTARIAN_PEPPER_ROOT;12197;21;12194;11;;;12203;25;12205;25;;;12200.0;0.0
yf_ZS=F_d2;22900;ASH_COATED_OSMIUM;10061;13;10058;21;;;10073;5;10077;19;;;10067.0;0.0
yf_ZS=F_d2;22900;INTARIAN_PEPPER_ROOT;12198;18;12196;21;;;12204;9;12208;18;;;12201.0;0.0
yf_ZS=F_d2;23000;ASH_COATED_OSMIUM;10064;10;10061;33;;;10070;17;10074;14;;;10067.0;0.0
yf_ZS=F_d2;23000;INTARIAN_PEPPER_ROOT;12199;22;12196;25;;;12205;17;12208;25;;;12202.0;0.0
yf_ZS=F_d2;23100;ASH_COATED_OSMIUM;10064;14;10061;15;;;10070;17;10072;29;;;10067.0;0.0
yf_ZS=F_d2;23100;INTARIAN_PEPPER_ROOT;12194;16;12192;19;;;12212;10;12215;24;;;12203.0;0.0
yf_ZS=F_d2;23200;ASH_COATED_OSMIUM;10062;9;10060;22;;;10073;13;10076;18;;;10067.5;0.0
yf_ZS=F_d2;23200;INTARIAN_PEPPER_ROOT;12201;17;12199;24;;;12209;17;12212;19;;;12205.0;0.0
yf_ZS=F_d2;23300;ASH_COATED_OSMIUM;10065;21;10062;23;;;10071;9;10073;17;;;10068.0;0.0
yf_ZS=F_d2;23300;INTARIAN_PEPPER_ROOT;12202;13;12198;17;;;12209;11;12213;16;;;12205.5;0.0
yf_ZS=F_d2;23400;ASH_COATED_OSMIUM;10061;13;10059;16;;;10073;13;10076;17;;;10067.0;0.0
yf_ZS=F_d2;23400;INTARIAN_PEPPER_ROOT;12200;15;12196;23;;;12213;19;12217;24;;;12206.5;0.0
yf_ZS=F_d2;23500;ASH_COATED_OSMIUM;10065;5;10063;12;;;10071;16;10073;19;;;10068.0;0.0
yf_ZS=F_d2;23500;INTARIAN_PEPPER_ROOT;12205;19;12201;14;;;12211;17;12215;24;;;12208.0;0.0
yf_ZS=F_d2;23600;ASH_COATED_OSMIUM;10065;15;10063;21;;;10071;14;10075;20;;;10068.0;0.0
yf_ZS=F_d2;23600;INTARIAN_PEPPER_ROOT;12206;7;12202;13;;;12212;15;12214;25;;;12209.0;0.0
yf_ZS=F_d2;23700;ASH_COATED_OSMIUM;10064;17;10061;24;;;10070;14;10072;13;;;10067.0;0.0
yf_ZS=F_d2;23700;INTARIAN_PEPPER_ROOT;12206;10;12203;23;;;12213;16;12216;13;;;12209.5;0.0
yf_ZS=F_d2;23800;ASH_COATED_OSMIUM;10064;7;10060;17;;;10071;14;10073;21;;;10067.5;0.0
yf_ZS=F_d2;23800;INTARIAN_PEPPER_ROOT;12208;16;12206;18;;;12214;12;12218;15;;;12211.0;0.0
yf_ZS=F_d2;23900;ASH_COATED_OSMIUM;10065;17;10063;30;;;10071;14;10074;23;;;10068.0;0.0
yf_ZS=F_d2;23900;INTARIAN_PEPPER_ROOT;12209;16;12205;17;;;12215;16;12217;10;;;12212.0;0.0
yf_ZS=F_d2;24000;ASH_COATED_OSMIUM;10064;24;10062;14;;;10070;16;10074;28;;;10067.0;0.0
yf_ZS=F_d2;24000;INTARIAN_PEPPER_ROOT;12207;13;12203;10;;;12221;18;12225;26;;;12214.0;0.0
yf_ZS=F_d2;24100;ASH_COATED_OSMIUM;10064;16;10060;25;;;10070;17;10073;17;;;10067.0;0.0
yf_ZS=F_d2;24100;INTARIAN_PEPPER_ROOT;12202;6;12199;14;;;12226;25;12230;19;;;12214.0;0.0
yf_ZS=F_d2;24200;ASH_COATED_OSMIUM;10064;12;10061;15;;;10070;14;10073;22;;;10067.0;0.0
yf_ZS=F_d2;24200;INTARIAN_PEPPER_ROOT;12209;5;12207;11;;;12221;16;12225;29;;;12215.0;0.0
yf_ZS=F_d2;24300;ASH_COATED_OSMIUM;10064;10;10060;20;;;10070;20;10073;15;;;10067.0;0.0
yf_ZS=F_d2;24300;INTARIAN_PEPPER_ROOT;12214;22;12211;15;;;12220;15;12222;15;;;12217.0;0.0
yf_ZS=F_d2;24400;ASH_COATED_OSMIUM;10064;14;10060;32;;;10070;11;10073;17;;;10067.0;0.0
yf_ZS=F_d2;24400;INTARIAN_PEPPER_ROOT;12214;18;12212;21;;;12222;6;12226;15;;;12218.0;0.0
yf_ZS=F_d2;24500;ASH_COATED_OSMIUM;10064;15;10060;26;;;10070;11;10074;24;;;10067.0;0.0
yf_ZS=F_d2;24500;INTARIAN_PEPPER_ROOT;12215;11;12212;25;;;12223;11;12226;17;;;12219.0;0.0
yf_ZS=F_d2;24600;ASH_COATED_OSMIUM;10064;15;10062;20;;;10070;6;10073;26;;;10067.0;0.0
yf_ZS=F_d2;24600;INTARIAN_PEPPER_ROOT;12217;15;12214;20;;;12223;17;12225;27;;;12220.0;0.0
yf_ZS=F_d2;24700;ASH_COATED_OSMIUM;10064;13;10062;22;;;10070;23;10073;26;;;10067.0;0.0
yf_ZS=F_d2;24700;INTARIAN_PEPPER_ROOT;12218;17;12216;21;;;12224;25;12228;21;;;12221.0;0.0
yf_ZS=F_d2;24800;ASH_COATED_OSMIUM;10061;11;10057;19;;;10074;19;10078;19;;;10067.5;0.0
yf_ZS=F_d2;24800;INTARIAN_PEPPER_ROOT;12218;12;12214;19;;;12227;10;12230;20;;;12222.5;0.0
yf_ZS=F_d2;24900;ASH_COATED_OSMIUM;10065;16;10062;31;;;10071;10;10073;21;;;10068.0;0.0
yf_ZS=F_d2;24900;INTARIAN_PEPPER_ROOT;12215;14;12211;24;;;12232;11;12236;30;;;12223.5;0.0
yf_ZS=F_d2;25000;ASH_COATED_OSMIUM;10065;19;10062;21;;;10071;17;10073;22;;;10068.0;0.0
yf_ZS=F_d2;25000;INTARIAN_PEPPER_ROOT;12222;15;12218;18;;;12228;8;12231;24;;;12225.0;0.0
yf_ZS=F_d2;25100;ASH_COATED_OSMIUM;10065;20;10061;32;;;10071;19;10073;29;;;10068.0;0.0
yf_ZS=F_d2;25100;INTARIAN_PEPPER_ROOT;12223;16;12220;23;;;12229;18;12232;14;;;12226.0;0.0
yf_ZS=F_d2;25200;ASH_COATED_OSMIUM;10063;6;10060;19;;;10071;12;10073;15;;;10067.0;0.0
yf_ZS=F_d2;25200;INTARIAN_PEPPER_ROOT;12223;13;12219;15;;;12230;9;12232;22;;;12226.5;0.0
yf_ZS=F_d2;25300;ASH_COATED_OSMIUM;10064;16;10062;20;;;10070;12;10074;17;;;10067.0;0.0
yf_ZS=F_d2;25300;INTARIAN_PEPPER_ROOT;12221;19;12219;18;;;12234;11;12236;28;;;12227.5;0.0
yf_ZS=F_d2;25400;ASH_COATED_OSMIUM;10063;17;10061;18;;;10073;19;10077;23;;;10068.0;0.0
yf_ZS=F_d2;25400;INTARIAN_PEPPER_ROOT;12226;16;12222;20;;;12232;11;12234;16;;;12229.0;0.0
yf_ZS=F_d2;25500;ASH_COATED_OSMIUM;10064;11;10062;23;;;10070;5;10073;22;;;10067.0;0.0
yf_ZS=F_d2;25500;INTARIAN_PEPPER_ROOT;12221;9;12219;17;;;12240;11;12244;19;;;12230.5;0.0
yf_ZS=F_d2;25600;ASH_COATED_OSMIUM;10064;30;10061;23;;;10070;13;10073;11;;;10067.0;0.0
yf_ZS=F_d2;25600;INTARIAN_PEPPER_ROOT;12228;14;12224;19;;;12234;20;12237;17;;;12231.0;0.0
yf_ZS=F_d2;25700;ASH_COATED_OSMIUM;10065;14;10061;21;;;10071;22;10075;16;;;10068.0;0.0
yf_ZS=F_d2;25700;INTARIAN_PEPPER_ROOT;12228;20;12224;10;;;12236;23;12240;19;;;12232.0;0.0
yf_ZS=F_d2;25800;ASH_COATED_OSMIUM;10063;21;10061;16;;;10072;13;10074;17;;;10067.5;0.0
yf_ZS=F_d2;25800;INTARIAN_PEPPER_ROOT;12225;14;12222;26;;;12242;13;12246;19;;;12233.5;0.0
yf_ZS=F_d2;25900;ASH_COATED_OSMIUM;10061;14;10057;31;;;10074;13;10078;24;;;10067.5;0.0
yf_ZS=F_d2;25900;INTARIAN_PEPPER_ROOT;12232;25;12230;13;;;12238;17;12242;34;;;12235.0;0.0
yf_ZS=F_d2;26000;ASH_COATED_OSMIUM;10059;16;10056;16;;;10077;16;10080;12;;;10068.0;0.0
yf_ZS=F_d2;26000;INTARIAN_PEPPER_ROOT;12232;8;12228;18;;;12239;18;12243;18;;;12235.5;0.0
yf_ZS=F_d2;26100;ASH_COATED_OSMIUM;10064;22;10062;21;;;10070;11;10074;19;;;10067.0;0.0
yf_ZS=F_d2;26100;INTARIAN_PEPPER_ROOT;12229;22;12227;14;;;12245;12;12248;8;;;12237.0;0.0
yf_ZS=F_d2;26200;ASH_COATED_OSMIUM;10063;11;10059;15;;;10072;18;10076;17;;;10067.5;0.0
yf_ZS=F_d2;26200;INTARIAN_PEPPER_ROOT;12235;20;12231;17;;;12241;17;12245;18;;;12238.0;0.0
yf_ZS=F_d2;26300;ASH_COATED_OSMIUM;10063;14;10060;14;;;10072;16;10075;21;;;10067.5;0.0
yf_ZS=F_d2;26300;INTARIAN_PEPPER_ROOT;12237;8;12234;28;;;12243;23;12245;16;;;12240.0;0.0
yf_ZS=F_d2;26400;ASH_COATED_OSMIUM;10065;8;10063;33;;;10071;12;10073;22;;;10068.0;0.0
yf_ZS=F_d2;26400;INTARIAN_PEPPER_ROOT;12238;20;12236;20;;;12244;6;12247;26;;;12241.0;0.0
yf_ZS=F_d2;26500;ASH_COATED_OSMIUM;10064;13;10061;20;;;10071;10;10073;19;;;10067.5;0.0
yf_ZS=F_d2;26500;INTARIAN_PEPPER_ROOT;12239;5;12237;19;;;12245;15;12248;28;;;12242.0;0.0
yf_ZS=F_d2;26600;ASH_COATED_OSMIUM;10065;8;10061;8;;;10071;9;10073;13;;;10068.0;0.0
yf_ZS=F_d2;26600;INTARIAN_PEPPER_ROOT;12239;17;12236;17;;;12245;13;12249;21;;;12242.0;0.0
yf_ZS=F_d2;26700;ASH_COATED_OSMIUM;10065;7;10061;22;;;10071;23;10075;16;;;10068.0;0.0
yf_ZS=F_d2;26700;INTARIAN_PEPPER_ROOT;12241;18;12239;13;;;12247;13;12251;20;;;12244.0;0.0
yf_ZS=F_d2;26800;ASH_COATED_OSMIUM;10065;16;10063;26;;;10071;13;10073;19;;;10068.0;0.0
yf_ZS=F_d2;26800;INTARIAN_PEPPER_ROOT;12240;9;12238;21;;;12251;17;12255;25;;;12245.5;0.0
yf_ZS=F_d2;26900;ASH_COATED_OSMIUM;10065;14;10061;16;;;10071;15;10075;11;;;10068.0;0.0
yf_ZS=F_d2;26900;INTARIAN_PEPPER_ROOT;12237;18;12234;20;;;12254;18;12256;18;;;12245.5;0.0
yf_ZS=F_d2;27000;ASH_COATED_OSMIUM;10064;12;10060;18;;;10070;18;10072;22;;;10067.0;0.0
yf_ZS=F_d2;27000;INTARIAN_PEPPER_ROOT;12244;19;12242;23;;;12250;13;12252;27;;;12247.0;0.0
yf_ZS=F_d2;27100;ASH_COATED_OSMIUM;10062;12;10058;22;;;10072;15;10075;11;;;10067.0;0.0
yf_ZS=F_d2;27100;INTARIAN_PEPPER_ROOT;12245;7;12241;21;;;12251;13;12255;18;;;12248.0;0.0
yf_ZS=F_d2;27200;ASH_COATED_OSMIUM;10065;15;10063;19;;;10071;12;10074;28;;;10068.0;0.0
yf_ZS=F_d2;27200;INTARIAN_PEPPER_ROOT;12245;13;12242;17;;;12253;17;12256;23;;;12249.0;0.0
yf_ZS=F_d2;27300;ASH_COATED_OSMIUM;10065;13;10063;28;;;10071;15;10075;23;;;10068.0;0.0
yf_ZS=F_d2;27300;INTARIAN_PEPPER_ROOT;12248;8;12246;23;;;12254;7;12258;16;;;12251.0;0.0
yf_ZS=F_d2;27400;ASH_COATED_OSMIUM;10060;9;10058;15;;;10075;16;10079;22;;;10067.5;0.0
yf_ZS=F_d2;27400;INTARIAN_PEPPER_ROOT;12233;7;12229;18;;;12271;8;12275;18;;;12252.0;0.0
yf_ZS=F_d2;27500;ASH_COATED_OSMIUM;10065;6;10063;19;;;10071;19;10073;24;;;10068.0;0.0
yf_ZS=F_d2;27500;INTARIAN_PEPPER_ROOT;12250;11;12248;16;;;12256;17;12258;20;;;12253.0;0.0
yf_ZS=F_d2;27600;ASH_COATED_OSMIUM;10065;20;10062;19;;;10071;17;10075;24;;;10068.0;0.0
yf_ZS=F_d2;27600;INTARIAN_PEPPER_ROOT;12251;5;12247;30;;;12257;9;12261;25;;;12254.0;0.0
yf_ZS=F_d2;27700;ASH_COATED_OSMIUM;10065;20;10061;9;;;10071;22;10073;8;;;10068.0;0.0
yf_ZS=F_d2;27700;INTARIAN_PEPPER_ROOT;12252;8;12248;19;;;12258;16;12260;27;;;12255.0;0.0
yf_ZS=F_d2;27800;ASH_COATED_OSMIUM;10065;5;10062;17;;;10071;21;10074;20;;;10068.0;0.0
yf_ZS=F_d2;27800;INTARIAN_PEPPER_ROOT;12252;9;12248;27;;;12260;16;12264;19;;;12256.0;0.0
yf_ZS=F_d2;27900;ASH_COATED_OSMIUM;10065;12;10063;35;;;10071;13;10073;22;;;10068.0;0.0
yf_ZS=F_d2;27900;INTARIAN_PEPPER_ROOT;12254;12;12250;17;;;12260;12;12264;19;;;12257.0;0.0
yf_ZS=F_d2;28000;ASH_COATED_OSMIUM;10065;15;10062;21;;;10071;12;10075;22;;;10068.0;0.0
yf_ZS=F_d2;28000;INTARIAN_PEPPER_ROOT;12255;10;12252;24;;;12261;10;12264;25;;;12258.0;0.0
yf_ZS=F_d2;28100;ASH_COATED_OSMIUM;10065;14;10061;19;;;10071;16;10073;14;;;10068.0;0.0
yf_ZS=F_d2;28100;INTARIAN_PEPPER_ROOT;12257;17;12254;14;;;12263;19;12265;22;;;12260.0;0.0
yf_ZS=F_d2;28200;ASH_COATED_OSMIUM;10065;11;10061;16;;;10071;6;10074;20;;;10068.0;0.0
yf_ZS=F_d2;28200;INTARIAN_PEPPER_ROOT;12258;18;12255;19;;;12264;21;12266;12;;;12261.0;0.0
yf_ZS=F_d2;28300;ASH_COATED_OSMIUM;10062;11;10058;28;;;10073;10;10075;23;;;10067.5;0.0
yf_ZS=F_d2;28300;INTARIAN_PEPPER_ROOT;12259;15;12255;14;;;12265;20;12268;19;;;12262.0;0.0
yf_ZS=F_d2;28400;ASH_COATED_OSMIUM;10063;23;10061;20;;;10073;11;10075;26;;;10068.0;0.0
yf_ZS=F_d2;28400;INTARIAN_PEPPER_ROOT;12255;8;12252;13;;;12270;18;12274;8;;;12262.5;0.0
yf_ZS=F_d2;28500;ASH_COATED_OSMIUM;10065;20;10061;17;;;10071;19;10074;12;;;10068.0;0.0
yf_ZS=F_d2;28500;INTARIAN_PEPPER_ROOT;12259;21;12256;22;;;12270;15;12273;21;;;12264.5;0.0
yf_ZS=F_d2;28600;ASH_COATED_OSMIUM;10063;15;10060;20;;;10073;15;10077;21;;;10068.0;0.0
yf_ZS=F_d2;28600;INTARIAN_PEPPER_ROOT;12262;16;12259;18;;;12268;18;12271;8;;;12265.0;0.0
yf_ZS=F_d2;28700;ASH_COATED_OSMIUM;10062;5;10059;14;;;10074;16;10078;23;;;10068.0;0.0
yf_ZS=F_d2;28700;INTARIAN_PEPPER_ROOT;12263;10;12260;17;;;12269;15;12272;10;;;12266.0;0.0
yf_ZS=F_d2;28800;ASH_COATED_OSMIUM;10065;20;10062;18;;;10071;19;10075;18;;;10068.0;0.0
yf_ZS=F_d2;28800;INTARIAN_PEPPER_ROOT;12265;17;12261;12;;;12271;18;12273;15;;;12268.0;0.0
yf_ZS=F_d2;28900;ASH_COATED_OSMIUM;10064;14;10062;11;;;10070;21;10072;19;;;10067.0;0.0
yf_ZS=F_d2;28900;INTARIAN_PEPPER_ROOT;12266;13;12262;20;;;12272;11;12274;25;;;12269.0;0.0
yf_ZS=F_d2;29000;ASH_COATED_OSMIUM;10064;10;10062;22;;;10070;17;10073;15;;;10067.0;0.0
yf_ZS=F_d2;29000;INTARIAN_PEPPER_ROOT;12267;18;12263;32;;;12273;21;12276;17;;;12270.0;0.0
yf_ZS=F_d2;29100;ASH_COATED_OSMIUM;10065;19;10062;24;;;10071;13;10073;28;;;10068.0;0.0
yf_ZS=F_d2;29100;INTARIAN_PEPPER_ROOT;12268;12;12264;13;;;12274;17;12277;15;;;12271.0;0.0
yf_ZS=F_d2;29200;ASH_COATED_OSMIUM;10065;10;10061;25;;;10071;13;10075;20;;;10068.0;0.0
yf_ZS=F_d2;29200;INTARIAN_PEPPER_ROOT;12262;9;12259;17;;;12281;14;12284;13;;;12271.5;0.0
yf_ZS=F_d2;29300;ASH_COATED_OSMIUM;10061;8;10057;16;;;10073;5;10076;20;;;10067.0;0.0
yf_ZS=F_d2;29300;INTARIAN_PEPPER_ROOT;12271;15;12269;8;;;12277;20;12279;18;;;12274.0;0.0
yf_ZS=F_d2;29400;ASH_COATED_OSMIUM;10064;19;10060;17;;;10071;22;10075;21;;;10067.5;0.0
yf_ZS=F_d2;29400;INTARIAN_PEPPER_ROOT;12271;13;12267;10;;;12277;9;12281;23;;;12274.0;0.0
yf_ZS=F_d2;29500;ASH_COATED_OSMIUM;10065;18;10063;22;;;10071;17;10074;19;;;10068.0;0.0
yf_ZS=F_d2;29500;INTARIAN_PEPPER_ROOT;12267;21;12265;19;;;12284;15;12286;14;;;12275.5;0.0
yf_ZS=F_d2;29600;ASH_COATED_OSMIUM;10059;14;10055;24;;;10076;5;10079;18;;;10067.5;0.0
yf_ZS=F_d2;29600;INTARIAN_PEPPER_ROOT;12274;13;12272;26;;;12280;13;12283;20;;;12277.0;0.0
yf_ZS=F_d2;29700;ASH_COATED_OSMIUM;10062;10;10059;21;;;10074;19;10077;9;;;10068.0;0.0
yf_ZS=F_d2;29700;INTARIAN_PEPPER_ROOT;12275;12;12273;19;;;12281;11;12284;13;;;12278.0;0.0
yf_ZS=F_d2;29800;ASH_COATED_OSMIUM;10066;13;10063;15;;;10072;9;10076;22;;;10069.0;0.0
yf_ZS=F_d2;29800;INTARIAN_PEPPER_ROOT;12260;16;12257;15;;;12297;19;12300;23;;;12278.5;0.0
yf_ZS=F_d2;29900;ASH_COATED_OSMIUM;10065;15;10063;23;;;10071;17;10074;18;;;10068.0;0.0
yf_ZS=F_d2;29900;INTARIAN_PEPPER_ROOT;12277;12;12274;17;;;12283;17;12286;14;;;12280.0;0.0
yf_ZS=F_d2;30000;ASH_COATED_OSMIUM;10065;11;10061;18;;;10071;18;10075;15;;;10068.0;0.0
yf_ZS=F_d2;30000;INTARIAN_PEPPER_ROOT;12278;20;12274;24;;;12284;21;12288;21;;;12281.0;0.0
yf_ZS=F_d2;30100;ASH_COATED_OSMIUM;10065;17;10063;28;;;10071;16;10074;16;;;10068.0;0.0
yf_ZS=F_d2;30100;INTARIAN_PEPPER_ROOT;12280;17;12277;31;;;12286;16;12289;24;;;12283.0;0.0
yf_ZS=F_d2;30200;ASH_COATED_OSMIUM;10065;15;10062;12;;;10071;24;10073;23;;;10068.0;0.0
yf_ZS=F_d2;30200;INTARIAN_PEPPER_ROOT;12281;18;12277;20;;;12287;14;12291;18;;;12284.0;0.0
yf_ZS=F_d2;30300;ASH_COATED_OSMIUM;10065;11;10063;23;;;10071;15;10075;20;;;10068.0;0.0
yf_ZS=F_d2;30300;INTARIAN_PEPPER_ROOT;12281;14;12279;15;;;12287;12;12289;17;;;12284.0;0.0
yf_ZS=F_d2;30400;ASH_COATED_OSMIUM;10065;11;10062;15;;;10071;7;10073;26;;;10068.0;0.0
yf_ZS=F_d2;30400;INTARIAN_PEPPER_ROOT;12283;5;12281;26;;;12289;11;12292;17;;;12286.0;0.0
yf_ZS=F_d2;30500;ASH_COATED_OSMIUM;10066;14;10062;15;;;10072;18;10076;12;;;10069.0;0.0
yf_ZS=F_d2;30500;INTARIAN_PEPPER_ROOT;12284;20;12281;29;;;12290;7;12292;13;;;12287.0;0.0
yf_ZS=F_d2;30600;ASH_COATED_OSMIUM;10065;12;10062;25;;;10071;13;10074;17;;;10068.0;0.0
yf_ZS=F_d2;30600;INTARIAN_PEPPER_ROOT;12281;18;12278;22;;;12295;11;12298;16;;;12288.0;0.0
yf_ZS=F_d2;30700;ASH_COATED_OSMIUM;10059;14;10057;22;;;10078;16;10082;18;;;10068.5;0.0
yf_ZS=F_d2;30700;INTARIAN_PEPPER_ROOT;12286;22;12284;20;;;12292;17;12295;23;;;12289.0;0.0
yf_ZS=F_d2;30800;ASH_COATED_OSMIUM;10063;8;10060;13;;;10073;19;10075;11;;;10068.0;0.0
yf_ZS=F_d2;30800;INTARIAN_PEPPER_ROOT;12281;5;12279;19;;;12298;13;12300;15;;;12289.5;0.0
yf_ZS=F_d2;30900;ASH_COATED_OSMIUM;10057;20;10055;24;;;10080;7;10082;13;;;10068.5;0.0
yf_ZS=F_d2;30900;INTARIAN_PEPPER_ROOT;12287;16;12284;13;;;12295;18;12299;11;;;12291.0;0.0
yf_ZS=F_d2;31000;ASH_COATED_OSMIUM;10066;18;10062;17;;;10072;19;10075;21;;;10069.0;0.0
yf_ZS=F_d2;31000;INTARIAN_PEPPER_ROOT;12290;18;12288;14;;;12296;15;12300;24;;;12293.0;0.0
yf_ZS=F_d2;31100;ASH_COATED_OSMIUM;10065;13;10062;21;;;10073;13;10075;20;;;10069.0;0.0
yf_ZS=F_d2;31100;INTARIAN_PEPPER_ROOT;12291;24;12288;18;;;12297;20;12300;20;;;12294.0;0.0
yf_ZS=F_d2;31200;ASH_COATED_OSMIUM;10058;17;10055;19;;;10078;6;10080;21;;;10068.0;0.0
yf_ZS=F_d2;31200;INTARIAN_PEPPER_ROOT;12292;15;12289;20;;;12298;21;12302;18;;;12295.0;0.0
yf_ZS=F_d2;31300;ASH_COATED_OSMIUM;10064;12;10060;29;;;10073;18;10075;16;;;10068.5;0.0
yf_ZS=F_d2;31300;INTARIAN_PEPPER_ROOT;12287;17;12283;18;;;12303;17;12306;17;;;12295.0;0.0
yf_ZS=F_d2;31400;ASH_COATED_OSMIUM;10061;16;10057;13;;;10076;5;10079;22;;;10068.5;0.0
yf_ZS=F_d2;31400;INTARIAN_PEPPER_ROOT;12294;5;12290;25;;;12300;14;12302;14;;;12297.0;0.0
yf_ZS=F_d2;31500;ASH_COATED_OSMIUM;10065;10;10061;22;;;10071;8;10073;14;;;10068.0;0.0
yf_ZS=F_d2;31500;INTARIAN_PEPPER_ROOT;12295;9;12292;25;;;12301;14;12305;32;;;12298.0;0.0
yf_ZS=F_d2;31600;ASH_COATED_OSMIUM;10065;17;10061;18;;;10071;9;10074;21;;;10068.0;0.0
yf_ZS=F_d2;31600;INTARIAN_PEPPER_ROOT;12294;22;12291;22;;;12304;14;12306;30;;;12299.0;0.0
yf_ZS=F_d2;31700;ASH_COATED_OSMIUM;10065;15;10063;23;;;10071;17;10073;22;;;10068.0;0.0
yf_ZS=F_d2;31700;INTARIAN_PEPPER_ROOT;12298;9;12294;18;;;12304;11;12306;16;;;12301.0;0.0
yf_ZS=F_d2;31800;ASH_COATED_OSMIUM;10065;11;10061;18;;;10071;13;10074;29;;;10068.0;0.0
yf_ZS=F_d2;31800;INTARIAN_PEPPER_ROOT;12295;11;12292;18;;;12308;13;12312;18;;;12301.5;0.0
yf_ZS=F_d2;31900;ASH_COATED_OSMIUM;10062;15;10060;19;;;10074;10;10078;14;;;10068.0;0.0
yf_ZS=F_d2;31900;INTARIAN_PEPPER_ROOT;12297;21;12293;31;;;12307;12;12310;16;;;12302.0;0.0
yf_ZS=F_d2;32000;ASH_COATED_OSMIUM;10062;18;10059;21;;;10074;13;10077;15;;;10068.0;0.0
yf_ZS=F_d2;32000;INTARIAN_PEPPER_ROOT;12297;25;12293;20;;;12310;16;12313;23;;;12303.5;0.0
yf_ZS=F_d2;32100;ASH_COATED_OSMIUM;10065;12;10061;13;;;10071;10;10073;21;;;10068.0;0.0
yf_ZS=F_d2;32100;INTARIAN_PEPPER_ROOT;12302;16;12299;24;;;12308;15;12311;31;;;12305.0;0.0
yf_ZS=F_d2;32200;ASH_COATED_OSMIUM;10065;11;10061;23;;;10071;10;10075;16;;;10068.0;0.0
yf_ZS=F_d2;32200;INTARIAN_PEPPER_ROOT;12303;17;12300;16;;;12309;14;12312;21;;;12306.0;0.0
yf_ZS=F_d2;32300;ASH_COATED_OSMIUM;10064;14;10060;25;;;10072;19;10075;21;;;10068.0;0.0
yf_ZS=F_d2;32300;INTARIAN_PEPPER_ROOT;12304;19;12301;20;;;12310;10;12314;13;;;12307.0;0.0
yf_ZS=F_d2;32400;ASH_COATED_OSMIUM;10065;24;10061;11;;;10071;13;10074;9;;;10068.0;0.0
yf_ZS=F_d2;32400;INTARIAN_PEPPER_ROOT;12302;17;12298;18;;;12315;5;12318;12;;;12308.5;0.0
yf_ZS=F_d2;32500;ASH_COATED_OSMIUM;10066;14;10062;14;;;10072;14;10075;31;;;10069.0;0.0
yf_ZS=F_d2;32500;INTARIAN_PEPPER_ROOT;12307;16;12303;10;;;12313;19;12316;25;;;12310.0;0.0
yf_ZS=F_d2;32600;ASH_COATED_OSMIUM;10060;11;10057;22;;;10077;9;10079;19;;;10068.5;0.0
yf_ZS=F_d2;32600;INTARIAN_PEPPER_ROOT;12307;16;12305;31;;;12313;21;12317;16;;;12310.0;0.0
yf_ZS=F_d2;32700;ASH_COATED_OSMIUM;10062;20;10060;21;;;10075;16;10077;15;;;10068.5;0.0
yf_ZS=F_d2;32700;INTARIAN_PEPPER_ROOT;12301;8;12297;18;;;12321;15;12325;30;;;12311.0;0.0
yf_ZS=F_d2;32800;ASH_COATED_OSMIUM;10061;8;10058;18;;;10077;13;10081;19;;;10069.0;0.0
yf_ZS=F_d2;32800;INTARIAN_PEPPER_ROOT;12304;10;12302;22;;;12321;15;12325;19;;;12312.5;0.0
yf_ZS=F_d2;32900;ASH_COATED_OSMIUM;10065;17;10063;23;;;10071;20;10075;31;;;10068.0;0.0
yf_ZS=F_d2;32900;INTARIAN_PEPPER_ROOT;12308;15;12304;15;;;12320;12;12322;19;;;12314.0;0.0
yf_ZS=F_d2;33000;ASH_COATED_OSMIUM;10066;21;10063;18;;;10072;17;10075;22;;;10069.0;0.0
yf_ZS=F_d2;33000;INTARIAN_PEPPER_ROOT;12312;10;12310;16;;;12318;18;12321;14;;;12315.0;0.0
yf_ZS=F_d2;33100;ASH_COATED_OSMIUM;10066;15;10063;26;;;10072;6;10074;14;;;10069.0;0.0
yf_ZS=F_d2;33100;INTARIAN_PEPPER_ROOT;12313;16;12310;18;;;12319;11;12322;21;;;12316.0;0.0
yf_ZS=F_d2;33200;ASH_COATED_OSMIUM;10065;5;10061;19;;;10073;15;10076;22;;;10069.0;0.0
yf_ZS=F_d2;33200;INTARIAN_PEPPER_ROOT;12314;9;12312;17;;;12320;12;12322;21;;;12317.0;0.0
yf_ZS=F_d2;33300;ASH_COATED_OSMIUM;10066;14;10063;19;;;10072;18;10076;30;;;10069.0;0.0
yf_ZS=F_d2;33300;INTARIAN_PEPPER_ROOT;12315;15;12313;20;;;12321;18;12324;16;;;12318.0;0.0
yf_ZS=F_d2;33400;ASH_COATED_OSMIUM;10062;12;10060;21;;;10076;12;10079;19;;;10069.0;0.0
yf_ZS=F_d2;33400;INTARIAN_PEPPER_ROOT;12316;14;12313;18;;;12322;14;12325;8;;;12319.0;0.0
yf_ZS=F_d2;33500;ASH_COATED_OSMIUM;10065;18;10062;20;;;10071;8;10075;16;;;10068.0;0.0
yf_ZS=F_d2;33500;INTARIAN_PEPPER_ROOT;12318;17;12314;12;;;12324;9;12326;13;;;12321.0;0.0
yf_ZS=F_d2;33600;ASH_COATED_OSMIUM;10065;16;10063;26;;;10071;24;10074;22;;;10068.0;0.0
yf_ZS=F_d2;33600;INTARIAN_PEPPER_ROOT;12311;10;12307;15;;;12332;15;12335;21;;;12321.5;0.0
yf_ZS=F_d2;33700;ASH_COATED_OSMIUM;10065;16;10061;15;;;10071;8;10073;13;;;10068.0;0.0
yf_ZS=F_d2;33700;INTARIAN_PEPPER_ROOT;12313;12;12309;15;;;12332;12;12335;8;;;12322.5;0.0
yf_ZS=F_d2;33800;ASH_COATED_OSMIUM;10054;12;10052;21;;;10082;12;10084;20;;;10068.0;0.0
yf_ZS=F_d2;33800;INTARIAN_PEPPER_ROOT;12318;9;12316;17;;;12331;14;12334;25;;;12324.5;0.0
yf_ZS=F_d2;33900;ASH_COATED_OSMIUM;10065;13;10061;25;;;10071;26;10073;9;;;10068.0;0.0
yf_ZS=F_d2;33900;INTARIAN_PEPPER_ROOT;12318;21;12314;23;;;12333;12;12337;20;;;12325.5;0.0
yf_ZS=F_d2;34000;ASH_COATED_OSMIUM;10065;18;10063;20;;;10071;8;10075;17;;;10068.0;0.0
yf_ZS=F_d2;34000;INTARIAN_PEPPER_ROOT;12323;16;12319;21;;;12329;12;12332;16;;;12326.0;0.0
yf_ZS=F_d2;34100;ASH_COATED_OSMIUM;10064;24;10061;12;;;10071;8;10073;26;;;10067.5;0.0
yf_ZS=F_d2;34100;INTARIAN_PEPPER_ROOT;12322;16;12318;13;;;12331;16;12335;9;;;12326.5;0.0
yf_ZS=F_d2;34200;ASH_COATED_OSMIUM;10061;9;10059;18;;;10077;8;10080;20;;;10069.0;0.0
yf_ZS=F_d2;34200;INTARIAN_PEPPER_ROOT;12324;11;12321;8;;;12330;12;12334;16;;;12327.0;0.0
yf_ZS=F_d2;34300;ASH_COATED_OSMIUM;10062;11;10058;21;;;10075;8;10078;20;;;10068.5;0.0
yf_ZS=F_d2;34300;INTARIAN_PEPPER_ROOT;12324;18;12320;31;;;12330;15;12334;14;;;12327.0;0.0
yf_ZS=F_d2;34400;ASH_COATED_OSMIUM;10066;22;10063;20;;;10072;15;10074;17;;;10069.0;0.0
yf_ZS=F_d2;34400;INTARIAN_PEPPER_ROOT;12325;8;12321;21;;;12331;17;12334;24;;;12328.0;0.0
yf_ZS=F_d2;34500;ASH_COATED_OSMIUM;10061;10;10059;17;;;10075;14;10078;13;;;10068.0;0.0
yf_ZS=F_d2;34500;INTARIAN_PEPPER_ROOT;12325;14;12323;15;;;12333;23;12336;17;;;12329.0;0.0
yf_ZS=F_d2;34600;ASH_COATED_OSMIUM;10060;18;10056;17;;;10076;16;10080;20;;;10068.0;0.0
yf_ZS=F_d2;34600;INTARIAN_PEPPER_ROOT;12327;12;12325;22;;;12333;15;12337;18;;;12330.0;0.0
yf_ZS=F_d2;34700;ASH_COATED_OSMIUM;10066;12;10064;13;;;10072;18;10076;14;;;10069.0;0.0
yf_ZS=F_d2;34700;INTARIAN_PEPPER_ROOT;12327;14;12324;16;;;12333;19;12336;20;;;12330.0;0.0
yf_ZS=F_d2;34800;ASH_COATED_OSMIUM;10065;21;10062;20;;;10071;16;10073;27;;;10068.0;0.0
yf_ZS=F_d2;34800;INTARIAN_PEPPER_ROOT;12325;13;12321;18;;;12335;5;12338;21;;;12330.0;0.0
yf_ZS=F_d2;34900;ASH_COATED_OSMIUM;10063;17;10059;13;;;10074;16;10077;13;;;10068.5;0.0
yf_ZS=F_d2;34900;INTARIAN_PEPPER_ROOT;12328;8;12325;12;;;12334;18;12337;18;;;12331.0;0.0
yf_ZS=F_d2;35000;ASH_COATED_OSMIUM;10065;15;10063;28;;;10072;20;10076;35;;;10068.5;0.0
yf_ZS=F_d2;35000;INTARIAN_PEPPER_ROOT;12329;11;12325;21;;;12335;10;12337;15;;;12332.0;0.0
yf_ZS=F_d2;35100;ASH_COATED_OSMIUM;10059;14;10055;18;;;10079;7;10083;20;;;10069.0;0.0
yf_ZS=F_d2;35100;INTARIAN_PEPPER_ROOT;12329;9;12325;15;;;12335;15;12337;17;;;12332.0;0.0
yf_ZS=F_d2;35200;ASH_COATED_OSMIUM;10060;14;10056;18;;;10077;14;10080;21;;;10068.5;0.0
yf_ZS=F_d2;35200;INTARIAN_PEPPER_ROOT;12330;14;12326;10;;;12336;17;12340;26;;;12333.0;0.0
yf_ZS=F_d2;35300;ASH_COATED_OSMIUM;10064;20;10060;29;;;10071;8;10074;20;;;10067.5;0.0
yf_ZS=F_d2;35300;INTARIAN_PEPPER_ROOT;12330;13;12326;23;;;12336;23;12339;16;;;12333.0;0.0
yf_ZS=F_d2;35400;ASH_COATED_OSMIUM;10064;11;10060;26;;;10071;17;10073;18;;;10067.5;0.0
yf_ZS=F_d2;35400;INTARIAN_PEPPER_ROOT;12331;22;12328;17;;;12337;19;12340;24;;;12334.0;0.0
yf_ZS=F_d2;35500;ASH_COATED_OSMIUM;10066;14;10063;12;;;10072;9;10075;31;;;10069.0;0.0
yf_ZS=F_d2;35500;INTARIAN_PEPPER_ROOT;12328;10;12326;13;;;12341;10;12344;16;;;12334.5;0.0
yf_ZS=F_d2;35600;ASH_COATED_OSMIUM;10063;20;10061;23;;;10073;20;10075;9;;;10068.0;0.0
yf_ZS=F_d2;35600;INTARIAN_PEPPER_ROOT;12324;18;12320;19;;;12345;12;12348;15;;;12334.5;0.0
yf_ZS=F_d2;35700;ASH_COATED_OSMIUM;10063;14;10059;12;;;10073;22;10075;25;;;10068.0;0.0
yf_ZS=F_d2;35700;INTARIAN_PEPPER_ROOT;12333;21;12330;22;;;12339;5;12343;22;;;12336.0;0.0
yf_ZS=F_d2;35800;ASH_COATED_OSMIUM;10065;16;10063;19;;;10071;17;10075;23;;;10068.0;0.0
yf_ZS=F_d2;35800;INTARIAN_PEPPER_ROOT;12334;22;12330;18;;;12340;5;12342;8;;;12337.0;0.0
yf_ZS=F_d2;35900;ASH_COATED_OSMIUM;10065;22;10063;15;;;10071;18;10075;17;;;10068.0;0.0
yf_ZS=F_d2;35900;INTARIAN_PEPPER_ROOT;12334;10;12330;22;;;12340;14;12344;17;;;12337.0;0.0
yf_ZS=F_d2;36000;ASH_COATED_OSMIUM;10065;13;10061;16;;;10071;14;10073;15;;;10068.0;0.0
yf_ZS=F_d2;36000;INTARIAN_PEPPER_ROOT;12334;13;12330;19;;;12340;15;12343;22;;;12337.0;0.0
yf_ZS=F_d2;36100;ASH_COATED_OSMIUM;10065;18;10061;25;;;10071;9;10073;19;;;10068.0;0.0
yf_ZS=F_d2;36100;INTARIAN_PEPPER_ROOT;12331;18;12327;11;;;12347;13;12350;18;;;12339.0;0.0
yf_ZS=F_d2;36200;ASH_COATED_OSMIUM;10047;16;10045;31;;;10088;13;10090;22;;;10067.5;0.0
yf_ZS=F_d2;36200;INTARIAN_PEPPER_ROOT;12328;10;12325;22;;;12351;13;12353;14;;;12339.5;0.0
yf_ZS=F_d2;36300;ASH_COATED_OSMIUM;10057;24;10054;22;;;10078;19;10080;25;;;10067.5;0.0
yf_ZS=F_d2;36300;INTARIAN_PEPPER_ROOT;12337;11;12335;23;;;12343;20;12346;24;;;12340.0;0.0
yf_ZS=F_d2;36400;ASH_COATED_OSMIUM;10063;26;10061;21;;;10072;13;10076;15;;;10067.5;0.0
yf_ZS=F_d2;36400;INTARIAN_PEPPER_ROOT;12334;11;12330;14;;;12349;22;12353;22;;;12341.5;0.0
yf_ZS=F_d2;36500;ASH_COATED_OSMIUM;10065;12;10063;17;;;10071;24;10074;23;;;10068.0;0.0
yf_ZS=F_d2;36500;INTARIAN_PEPPER_ROOT;12338;11;12335;27;;;12344;15;12348;13;;;12341.0;0.0
yf_ZS=F_d2;36600;ASH_COATED_OSMIUM;10065;14;10061;19;;;10071;15;10074;20;;;10068.0;0.0
yf_ZS=F_d2;36600;INTARIAN_PEPPER_ROOT;12338;18;12335;12;;;12344;11;12348;16;;;12341.0;0.0
yf_ZS=F_d2;36700;ASH_COATED_OSMIUM;10065;18;10061;20;;;10071;5;10074;20;;;10068.0;0.0
yf_ZS=F_d2;36700;INTARIAN_PEPPER_ROOT;12340;20;12338;11;;;12346;10;12349;25;;;12343.0;0.0
yf_ZS=F_d2;36800;ASH_COATED_OSMIUM;10065;12;10062;22;;;10071;18;10074;14;;;10068.0;0.0
yf_ZS=F_d2;36800;INTARIAN_PEPPER_ROOT;12332;10;12330;9;;;12353;19;12355;16;;;12342.5;0.0
yf_ZS=F_d2;36900;ASH_COATED_OSMIUM;10064;13;10062;28;;;10070;20;10074;19;;;10067.0;0.0
yf_ZS=F_d2;36900;INTARIAN_PEPPER_ROOT;12340;13;12336;11;;;12346;20;12349;27;;;12343.0;0.0
yf_ZS=F_d2;37000;ASH_COATED_OSMIUM;10059;12;10056;18;;;10077;11;10079;21;;;10068.0;0.0
yf_ZS=F_d2;37000;INTARIAN_PEPPER_ROOT;12331;12;12328;18;;;12358;19;12361;29;;;12344.5;0.0
yf_ZS=F_d2;37100;ASH_COATED_OSMIUM;10063;23;10059;23;;;10072;16;10076;21;;;10067.5;0.0
yf_ZS=F_d2;37100;INTARIAN_PEPPER_ROOT;12328;20;12325;14;;;12362;21;12366;21;;;12345.0;0.0
yf_ZS=F_d2;37200;ASH_COATED_OSMIUM;10065;16;10063;14;;;10071;10;10073;19;;;10068.0;0.0
yf_ZS=F_d2;37200;INTARIAN_PEPPER_ROOT;12342;15;12338;19;;;12348;17;12350;18;;;12345.0;0.0
yf_ZS=F_d2;37300;ASH_COATED_OSMIUM;10065;18;10062;18;;;10071;20;10074;20;;;10068.0;0.0
yf_ZS=F_d2;37300;INTARIAN_PEPPER_ROOT;12343;14;12340;22;;;12350;20;12352;27;;;12346.5;0.0
yf_ZS=F_d2;37400;ASH_COATED_OSMIUM;10061;12;10057;24;;;10073;19;10076;16;;;10067.0;0.0
yf_ZS=F_d2;37400;INTARIAN_PEPPER_ROOT;12343;16;12341;15;;;12349;12;12353;24;;;12346.0;0.0
yf_ZS=F_d2;37500;ASH_COATED_OSMIUM;10065;14;10063;14;;;10071;12;10074;16;;;10068.0;0.0
yf_ZS=F_d2;37500;INTARIAN_PEPPER_ROOT;12344;11;12342;15;;;12351;9;12353;21;;;12347.5;0.0
yf_ZS=F_d2;37600;ASH_COATED_OSMIUM;10050;21;10047;20;;;10085;18;10088;24;;;10067.5;0.0
yf_ZS=F_d2;37600;INTARIAN_PEPPER_ROOT;12345;11;12342;26;;;12351;18;12355;28;;;12348.0;0.0
yf_ZS=F_d2;37700;ASH_COATED_OSMIUM;10065;17;10063;12;;;10071;15;10074;21;;;10068.0;0.0
yf_ZS=F_d2;37700;INTARIAN_PEPPER_ROOT;12345;14;12341;19;;;12351;10;12354;15;;;12348.0;0.0
yf_ZS=F_d2;37800;ASH_COATED_OSMIUM;10064;20;10060;17;;;10070;10;10074;21;;;10067.0;0.0
yf_ZS=F_d2;37800;INTARIAN_PEPPER_ROOT;12346;13;12342;27;;;12352;5;12355;15;;;12349.0;0.0
yf_ZS=F_d2;37900;ASH_COATED_OSMIUM;10064;23;10062;19;;;10070;15;10073;21;;;10067.0;0.0
yf_ZS=F_d2;37900;INTARIAN_PEPPER_ROOT;12337;13;12333;18;;;12363;13;12365;12;;;12350.0;0.0
yf_ZS=F_d2;38000;ASH_COATED_OSMIUM;10063;5;10061;26;;;10071;12;10073;14;;;10067.0;0.0
yf_ZS=F_d2;38000;INTARIAN_PEPPER_ROOT;12339;12;12336;14;;;12361;10;12364;24;;;12350.0;0.0
yf_ZS=F_d2;38100;ASH_COATED_OSMIUM;10064;14;10060;30;;;10070;18;10072;19;;;10067.0;0.0
yf_ZS=F_d2;38100;INTARIAN_PEPPER_ROOT;12342;17;12338;34;;;12359;15;12361;18;;;12350.5;0.0
yf_ZS=F_d2;38200;ASH_COATED_OSMIUM;10063;12;10060;15;;;10071;12;10075;11;;;10067.0;0.0
yf_ZS=F_d2;38200;INTARIAN_PEPPER_ROOT;12349;23;12347;12;;;12355;9;12358;18;;;12352.0;0.0
yf_ZS=F_d2;38300;ASH_COATED_OSMIUM;10060;18;10056;11;;;10075;11;10079;17;;;10067.5;0.0
yf_ZS=F_d2;38300;INTARIAN_PEPPER_ROOT;12349;12;12346;20;;;12356;14;12359;19;;;12352.5;0.0
yf_ZS=F_d2;38400;ASH_COATED_OSMIUM;10064;20;10060;22;;;10070;6;10073;21;;;10067.0;0.0
yf_ZS=F_d2;38400;INTARIAN_PEPPER_ROOT;12348;16;12345;24;;;12358;9;12362;17;;;12353.0;0.0
yf_ZS=F_d2;38500;ASH_COATED_OSMIUM;10063;17;10060;21;;;10071;8;10074;23;;;10067.0;0.0
yf_ZS=F_d2;38500;INTARIAN_PEPPER_ROOT;12349;22;12345;25;;;12359;16;12363;19;;;12354.0;0.0
yf_ZS=F_d2;38600;ASH_COATED_OSMIUM;10063;5;10061;22;;;10071;11;10073;26;;;10067.0;0.0
yf_ZS=F_d2;38600;INTARIAN_PEPPER_ROOT;12349;9;12346;21;;;12359;15;12363;21;;;12354.0;0.0
yf_ZS=F_d2;38700;ASH_COATED_OSMIUM;10064;16;10060;12;;;10070;21;10072;19;;;10067.0;0.0
yf_ZS=F_d2;38700;INTARIAN_PEPPER_ROOT;12352;18;12349;20;;;12358;13;12360;19;;;12355.0;0.0
yf_ZS=F_d2;38800;ASH_COATED_OSMIUM;10056;19;10054;11;;;10078;11;10080;23;;;10067.0;0.0
yf_ZS=F_d2;38800;INTARIAN_PEPPER_ROOT;12352;15;12348;24;;;12358;22;12362;17;;;12355.0;0.0
yf_ZS=F_d2;38900;ASH_COATED_OSMIUM;10065;14;10062;22;;;10071;18;10074;24;;;10068.0;0.0
yf_ZS=F_d2;38900;INTARIAN_PEPPER_ROOT;12352;12;12349;26;;;12359;22;12363;20;;;12355.5;0.0
yf_ZS=F_d2;39000;ASH_COATED_OSMIUM;10064;18;10061;22;;;10070;13;10073;19;;;10067.0;0.0
yf_ZS=F_d2;39000;INTARIAN_PEPPER_ROOT;12353;19;12349;19;;;12359;9;12363;16;;;12356.0;0.0
yf_ZS=F_d2;39100;ASH_COATED_OSMIUM;10064;19;10062;19;;;10070;23;10072;17;;;10067.0;0.0
yf_ZS=F_d2;39100;INTARIAN_PEPPER_ROOT;12353;15;12349;15;;;12360;16;12363;16;;;12356.5;0.0
yf_ZS=F_d2;39200;ASH_COATED_OSMIUM;10064;17;10061;14;;;10071;12;10073;21;;;10067.5;0.0
yf_ZS=F_d2;39200;INTARIAN_PEPPER_ROOT;12355;5;12351;19;;;12361;17;12364;22;;;12358.0;0.0
yf_ZS=F_d2;39300;ASH_COATED_OSMIUM;10056;12;10053;19;;;10077;15;10080;20;;;10066.5;0.0
yf_ZS=F_d2;39300;INTARIAN_PEPPER_ROOT;12351;21;12349;12;;;12365;10;12369;25;;;12358.0;0.0
yf_ZS=F_d2;39400;ASH_COATED_OSMIUM;10064;23;10061;18;;;10070;13;10072;21;;;10067.0;0.0
yf_ZS=F_d2;39400;INTARIAN_PEPPER_ROOT;12356;14;12352;22;;;12362;25;12366;18;;;12359.0;0.0
yf_ZS=F_d2;39500;ASH_COATED_OSMIUM;10064;12;10060;20;;;10070;20;10074;15;;;10067.0;0.0
yf_ZS=F_d2;39500;INTARIAN_PEPPER_ROOT;12356;13;12353;13;;;12362;5;12364;11;;;12359.0;0.0
yf_ZS=F_d2;39600;ASH_COATED_OSMIUM;10063;19;10061;20;;;10071;14;10074;20;;;10067.0;0.0
yf_ZS=F_d2;39600;INTARIAN_PEPPER_ROOT;12354;12;12352;24;;;12366;20;12369;18;;;12360.0;0.0
yf_ZS=F_d2;39700;ASH_COATED_OSMIUM;10064;12;10061;27;;;10070;9;10073;14;;;10067.0;0.0
yf_ZS=F_d2;39700;INTARIAN_PEPPER_ROOT;12351;13;12347;19;;;12370;18;12373;20;;;12360.5;0.0
yf_ZS=F_d2;39800;ASH_COATED_OSMIUM;10064;23;10061;22;;;10070;18;10072;15;;;10067.0;0.0
yf_ZS=F_d2;39800;INTARIAN_PEPPER_ROOT;12355;25;12353;23;;;12366;10;12369;17;;;12360.5;0.0
yf_ZS=F_d2;39900;ASH_COATED_OSMIUM;10063;20;10061;15;;;10069;12;10073;15;;;10066.0;0.0
yf_ZS=F_d2;39900;INTARIAN_PEPPER_ROOT;12355;22;12351;24;;;12368;15;12371;11;;;12361.5;0.0
yf_ZS=F_d2;40000;ASH_COATED_OSMIUM;10063;5;10060;20;;;10070;16;10073;21;;;10066.5;0.0
yf_ZS=F_d2;40000;INTARIAN_PEPPER_ROOT;12357;14;12354;23;;;12369;10;12371;29;;;12363.0;0.0
yf_ZS=F_d2;40100;ASH_COATED_OSMIUM;10059;22;10057;20;;;10076;21;10079;18;;;10067.5;0.0
yf_ZS=F_d2;40100;INTARIAN_PEPPER_ROOT;12352;23;12350;23;;;12373;21;12377;17;;;12362.5;0.0
yf_ZS=F_d2;40200;ASH_COATED_OSMIUM;10064;10;10060;17;;;10070;19;10073;19;;;10067.0;0.0
yf_ZS=F_d2;40200;INTARIAN_PEPPER_ROOT;12360;17;12358;20;;;12366;7;12369;21;;;12363.0;0.0
yf_ZS=F_d2;40300;ASH_COATED_OSMIUM;10063;12;10059;18;;;10069;13;10071;19;;;10066.0;0.0
yf_ZS=F_d2;40300;INTARIAN_PEPPER_ROOT;12357;13;12353;22;;;12372;22;12376;23;;;12364.5;0.0
yf_ZS=F_d2;40400;ASH_COATED_OSMIUM;10064;20;10062;20;;;10070;8;10074;25;;;10067.0;0.0
yf_ZS=F_d2;40400;INTARIAN_PEPPER_ROOT;12357;24;12353;20;;;12372;12;12376;17;;;12364.5;0.0
yf_ZS=F_d2;40500;ASH_COATED_OSMIUM;10060;15;10056;13;;;10074;24;10078;29;;;10067.0;0.0
yf_ZS=F_d2;40500;INTARIAN_PEPPER_ROOT;12362;18;12360;11;;;12368;17;12372;22;;;12365.0;0.0
yf_ZS=F_d2;40600;ASH_COATED_OSMIUM;10063;13;10061;22;;;10069;22;10071;19;;;10066.0;0.0
yf_ZS=F_d2;40600;INTARIAN_PEPPER_ROOT;12363;17;12361;30;;;12369;15;12371;27;;;12366.0;0.0
yf_ZS=F_d2;40700;ASH_COATED_OSMIUM;10061;14;10059;23;;;10072;18;10076;16;;;10066.5;0.0
yf_ZS=F_d2;40700;INTARIAN_PEPPER_ROOT;12363;13;12361;8;;;12369;21;12373;19;;;12366.0;0.0
yf_ZS=F_d2;40800;ASH_COATED_OSMIUM;10063;19;10060;14;;;10070;16;10073;23;;;10066.5;0.0
yf_ZS=F_d2;40800;INTARIAN_PEPPER_ROOT;12364;22;12361;17;;;12370;14;12374;21;;;12367.0;0.0
yf_ZS=F_d2;40900;ASH_COATED_OSMIUM;10058;18;10055;20;;;10074;12;10076;27;;;10066.0;0.0
yf_ZS=F_d2;40900;INTARIAN_PEPPER_ROOT;12359;16;12355;23;;;12377;6;12381;16;;;12368.0;0.0
yf_ZS=F_d2;41000;ASH_COATED_OSMIUM;10063;28;10061;15;;;10069;11;10073;24;;;10066.0;0.0
yf_ZS=F_d2;41000;INTARIAN_PEPPER_ROOT;12365;17;12361;11;;;12371;14;12374;29;;;12368.0;0.0
yf_ZS=F_d2;41100;ASH_COATED_OSMIUM;10063;11;10059;14;;;10071;13;10074;8;;;10067.0;0.0
yf_ZS=F_d2;41100;INTARIAN_PEPPER_ROOT;12365;10;12363;20;;;12374;14;12378;17;;;12369.5;0.0
yf_ZS=F_d2;41200;ASH_COATED_OSMIUM;10061;8;10059;15;;;10071;17;10073;19;;;10066.0;0.0
yf_ZS=F_d2;41200;INTARIAN_PEPPER_ROOT;12366;20;12362;18;;;12372;20;12375;14;;;12369.0;0.0
yf_ZS=F_d2;41300;ASH_COATED_OSMIUM;10063;14;10059;22;;;10069;29;10071;20;;;10066.0;0.0
yf_ZS=F_d2;41300;INTARIAN_PEPPER_ROOT;12368;9;12365;15;;;12374;12;12378;28;;;12371.0;0.0
yf_ZS=F_d2;41400;ASH_COATED_OSMIUM;10063;16;10059;19;;;10069;17;10071;18;;;10066.0;0.0
yf_ZS=F_d2;41400;INTARIAN_PEPPER_ROOT;12367;17;12365;15;;;12373;5;12376;20;;;12370.0;0.0
yf_ZS=F_d2;41500;ASH_COATED_OSMIUM;10062;20;10058;20;;;10070;12;10074;20;;;10066.0;0.0
yf_ZS=F_d2;41500;INTARIAN_PEPPER_ROOT;12368;12;12366;24;;;12374;23;12376;15;;;12371.0;0.0
yf_ZS=F_d2;41600;ASH_COATED_OSMIUM;10063;20;10059;24;;;10069;19;10071;27;;;10066.0;0.0
yf_ZS=F_d2;41600;INTARIAN_PEPPER_ROOT;12369;15;12367;28;;;12375;11;12377;24;;;12372.0;0.0
yf_ZS=F_d2;41700;ASH_COATED_OSMIUM;10064;13;10062;17;;;10070;11;10074;21;;;10067.0;0.0
yf_ZS=F_d2;41700;INTARIAN_PEPPER_ROOT;12365;5;12362;13;;;12381;12;12383;24;;;12373.0;0.0
yf_ZS=F_d2;41800;ASH_COATED_OSMIUM;10063;21;10059;25;;;10069;17;10072;22;;;10066.0;0.0
yf_ZS=F_d2;41800;INTARIAN_PEPPER_ROOT;12370;23;12366;10;;;12376;14;12380;23;;;12373.0;0.0
yf_ZS=F_d2;41900;ASH_COATED_OSMIUM;10063;16;10059;23;;;10069;22;10072;17;;;10066.0;0.0
yf_ZS=F_d2;41900;INTARIAN_PEPPER_ROOT;12371;18;12369;26;;;12377;19;12381;26;;;12374.0;0.0
yf_ZS=F_d2;42000;ASH_COATED_OSMIUM;10063;14;10060;26;;;10069;10;10073;24;;;10066.0;0.0
yf_ZS=F_d2;42000;INTARIAN_PEPPER_ROOT;12372;14;12369;17;;;12378;21;12381;25;;;12375.0;0.0
yf_ZS=F_d2;42100;ASH_COATED_OSMIUM;10063;11;10059;17;;;10071;11;10073;26;;;10067.0;0.0
yf_ZS=F_d2;42100;INTARIAN_PEPPER_ROOT;12372;15;12370;27;;;12378;14;12381;18;;;12375.0;0.0
yf_ZS=F_d2;42200;ASH_COATED_OSMIUM;10063;23;10060;23;;;10069;25;10073;16;;;10066.0;0.0
yf_ZS=F_d2;42200;INTARIAN_PEPPER_ROOT;12373;18;12370;22;;;12379;17;12382;32;;;12376.0;0.0
yf_ZS=F_d2;42300;ASH_COATED_OSMIUM;10063;24;10060;18;;;10069;7;10073;23;;;10066.0;0.0
yf_ZS=F_d2;42300;INTARIAN_PEPPER_ROOT;12366;11;12362;14;;;12387;13;12389;23;;;12376.5;0.0
yf_ZS=F_d2;42400;ASH_COATED_OSMIUM;10062;23;10058;22;;;10070;17;10073;24;;;10066.0;0.0
yf_ZS=F_d2;42400;INTARIAN_PEPPER_ROOT;12373;22;12371;12;;;12382;15;12384;16;;;12377.5;0.0
yf_ZS=F_d2;42500;ASH_COATED_OSMIUM;10063;15;10059;15;;;10069;19;10073;14;;;10066.0;0.0
yf_ZS=F_d2;42500;INTARIAN_PEPPER_ROOT;12375;11;12371;19;;;12381;20;12383;22;;;12378.0;0.0
yf_ZS=F_d2;42600;ASH_COATED_OSMIUM;10054;15;10050;17;;;10078;15;10080;26;;;10066.0;0.0
yf_ZS=F_d2;42600;INTARIAN_PEPPER_ROOT;12375;15;12372;14;;;12381;22;12385;26;;;12378.0;0.0
yf_ZS=F_d2;42700;ASH_COATED_OSMIUM;10047;16;10044;18;;;10083;14;10085;24;;;10065.0;0.0
yf_ZS=F_d2;42700;INTARIAN_PEPPER_ROOT;12376;8;12372;8;;;12382;19;12386;14;;;12379.0;0.0
yf_ZS=F_d2;42800;ASH_COATED_OSMIUM;10059;20;10057;28;;;10073;21;10076;25;;;10066.0;0.0
yf_ZS=F_d2;42800;INTARIAN_PEPPER_ROOT;12369;15;12365;13;;;12390;18;12393;20;;;12379.5;0.0
yf_ZS=F_d2;42900;ASH_COATED_OSMIUM;10059;17;10055;23;;;10072;19;10076;28;;;10065.5;0.0
yf_ZS=F_d2;42900;INTARIAN_PEPPER_ROOT;12378;12;12376;23;;;12384;9;12386;17;;;12381.0;0.0
yf_ZS=F_d2;43000;ASH_COATED_OSMIUM;10062;12;10060;19;;;10069;16;10072;29;;;10065.5;0.0
yf_ZS=F_d2;43000;INTARIAN_PEPPER_ROOT;12378;5;12375;22;;;12384;13;12387;13;;;12381.0;0.0
yf_ZS=F_d2;43100;ASH_COATED_OSMIUM;10062;22;10058;12;;;10068;19;10070;28;;;10065.0;0.0
yf_ZS=F_d2;43100;INTARIAN_PEPPER_ROOT;12378;12;12375;16;;;12384;20;12386;23;;;12381.0;0.0
yf_ZS=F_d2;43200;ASH_COATED_OSMIUM;10062;17;10058;17;;;10069;12;10071;21;;;10065.5;0.0
yf_ZS=F_d2;43200;INTARIAN_PEPPER_ROOT;12379;19;12376;20;;;12385;19;12389;27;;;12382.0;0.0
yf_ZS=F_d2;43300;ASH_COATED_OSMIUM;10061;17;10058;12;;;10071;22;10073;21;;;10066.0;0.0
yf_ZS=F_d2;43300;INTARIAN_PEPPER_ROOT;12380;21;12376;14;;;12386;5;12390;16;;;12383.0;0.0
yf_ZS=F_d2;43400;ASH_COATED_OSMIUM;10052;7;10048;16;;;10080;19;10083;23;;;10066.0;0.0
yf_ZS=F_d2;43400;INTARIAN_PEPPER_ROOT;12374;19;12371;27;;;12393;12;12397;12;;;12383.5;0.0
yf_ZS=F_d2;43500;ASH_COATED_OSMIUM;10059;10;10056;22;;;10073;18;10075;19;;;10066.0;0.0
yf_ZS=F_d2;43500;INTARIAN_PEPPER_ROOT;12380;22;12377;23;;;12388;19;12390;12;;;12384.0;0.0
yf_ZS=F_d2;43600;ASH_COATED_OSMIUM;10060;5;10058;22;;;10072;24;10074;21;;;10066.0;0.0
yf_ZS=F_d2;43600;INTARIAN_PEPPER_ROOT;12379;17;12376;22;;;12390;13;12393;22;;;12384.5;0.0
yf_ZS=F_d2;43700;ASH_COATED_OSMIUM;10057;25;10055;22;;;10074;14;10078;11;;;10065.5;0.0
yf_ZS=F_d2;43700;INTARIAN_PEPPER_ROOT;12382;17;12378;20;;;12388;20;12392;18;;;12385.0;0.0
yf_ZS=F_d2;43800;ASH_COATED_OSMIUM;10060;17;10058;19;;;10071;21;10075;23;;;10065.5;0.0
yf_ZS=F_d2;43800;INTARIAN_PEPPER_ROOT;12383;17;12381;18;;;12389;26;12392;17;;;12386.0;0.0
yf_ZS=F_d2;43900;ASH_COATED_OSMIUM;10053;12;10051;14;;;10078;11;10082;21;;;10065.5;0.0
yf_ZS=F_d2;43900;INTARIAN_PEPPER_ROOT;12384;15;12381;15;;;12390;15;12392;23;;;12387.0;0.0
yf_ZS=F_d2;44000;ASH_COATED_OSMIUM;10063;15;10060;10;;;10069;22;10073;14;;;10066.0;0.0
yf_ZS=F_d2;44000;INTARIAN_PEPPER_ROOT;12384;19;12380;12;;;12390;12;12393;10;;;12387.0;0.0
yf_ZS=F_d2;44100;ASH_COATED_OSMIUM;10063;9;10059;22;;;10069;18;10071;19;;;10066.0;0.0
yf_ZS=F_d2;44100;INTARIAN_PEPPER_ROOT;12385;10;12381;21;;;12391;15;12393;14;;;12388.0;0.0
yf_ZS=F_d2;44200;ASH_COATED_OSMIUM;10059;16;10056;19;;;10071;16;10073;19;;;10065.0;0.0
yf_ZS=F_d2;44200;INTARIAN_PEPPER_ROOT;12385;27;12381;23;;;12391;15;12394;22;;;12388.0;0.0
yf_ZS=F_d2;44300;ASH_COATED_OSMIUM;10060;18;10056;23;;;10071;20;10074;18;;;10065.5;0.0
yf_ZS=F_d2;44300;INTARIAN_PEPPER_ROOT;12386;13;12383;14;;;12392;12;12396;27;;;12389.0;0.0
yf_ZS=F_d2;44400;ASH_COATED_OSMIUM;10062;19;10058;23;;;10068;15;10071;23;;;10065.0;0.0
yf_ZS=F_d2;44400;INTARIAN_PEPPER_ROOT;12387;12;12383;20;;;12393;5;12396;29;;;12390.0;0.0
yf_ZS=F_d2;44500;ASH_COATED_OSMIUM;10062;12;10058;20;;;10068;15;10072;23;;;10065.0;0.0
yf_ZS=F_d2;44500;INTARIAN_PEPPER_ROOT;12387;12;12385;14;;;12393;12;12395;21;;;12390.0;0.0
yf_ZS=F_d2;44600;ASH_COATED_OSMIUM;10063;14;10060;17;;;10069;15;10071;22;;;10066.0;0.0
yf_ZS=F_d2;44600;INTARIAN_PEPPER_ROOT;12388;13;12386;19;;;12394;12;12397;10;;;12391.0;0.0
yf_ZS=F_d2;44700;ASH_COATED_OSMIUM;10059;13;10056;21;;;10073;8;10076;24;;;10066.0;0.0
yf_ZS=F_d2;44700;INTARIAN_PEPPER_ROOT;12388;20;12384;18;;;12394;14;12397;19;;;12391.0;0.0
yf_ZS=F_d2;44800;ASH_COATED_OSMIUM;10062;17;10060;18;;;10068;8;10071;21;;;10065.0;0.0
yf_ZS=F_d2;44800;INTARIAN_PEPPER_ROOT;12389;14;12387;18;;;12395;7;12399;21;;;12392.0;0.0
yf_ZS=F_d2;44900;ASH_COATED_OSMIUM;10060;10;10056;25;;;10071;18;10075;26;;;10065.5;0.0
yf_ZS=F_d2;44900;INTARIAN_PEPPER_ROOT;12390;24;12388;16;;;12396;11;12399;19;;;12393.0;0.0
yf_ZS=F_d2;45000;ASH_COATED_OSMIUM;10047;19;10044;31;;;10083;21;10085;24;;;10065.0;0.0
yf_ZS=F_d2;45000;INTARIAN_PEPPER_ROOT;12390;12;12388;33;;;12396;12;12400;23;;;12393.0;0.0
yf_ZS=F_d2;45100;ASH_COATED_OSMIUM;10062;16;10058;28;;;10068;13;10071;24;;;10065.0;0.0
yf_ZS=F_d2;45100;INTARIAN_PEPPER_ROOT;12390;19;12388;16;;;12396;14;12400;11;;;12393.0;0.0
yf_ZS=F_d2;45200;ASH_COATED_OSMIUM;10063;13;10060;18;;;10069;15;10072;23;;;10066.0;0.0
yf_ZS=F_d2;45200;INTARIAN_PEPPER_ROOT;12391;17;12389;22;;;12397;16;12401;8;;;12394.0;0.0
yf_ZS=F_d2;45300;ASH_COATED_OSMIUM;10061;13;10057;17;;;10069;15;10071;14;;;10065.0;0.0
yf_ZS=F_d2;45300;INTARIAN_PEPPER_ROOT;12383;15;12380;14;;;12406;13;12409;19;;;12394.5;0.0
yf_ZS=F_d2;45400;ASH_COATED_OSMIUM;10053;18;10050;25;;;10078;25;10081;13;;;10065.5;0.0
yf_ZS=F_d2;45400;INTARIAN_PEPPER_ROOT;12390;10;12387;19;;;12399;6;12403;17;;;12394.5;0.0
yf_ZS=F_d2;45500;ASH_COATED_OSMIUM;10063;8;10061;28;;;10069;11;10073;20;;;10066.0;0.0
yf_ZS=F_d2;45500;INTARIAN_PEPPER_ROOT;12392;15;12389;24;;;12399;14;12403;8;;;12395.5;0.0
yf_ZS=F_d2;45600;ASH_COATED_OSMIUM;10052;16;10050;21;;;10079;18;10081;17;;;10065.5;0.0
yf_ZS=F_d2;45600;INTARIAN_PEPPER_ROOT;12394;17;12391;17;;;12400;15;12404;27;;;12397.0;0.0
yf_ZS=F_d2;45700;ASH_COATED_OSMIUM;10061;16;10059;18;;;10069;13;10071;21;;;10065.0;0.0
yf_ZS=F_d2;45700;INTARIAN_PEPPER_ROOT;12389;17;12387;19;;;12404;17;12407;21;;;12396.5;0.0
yf_ZS=F_d2;45800;ASH_COATED_OSMIUM;10060;14;10058;9;;;10071;27;10075;20;;;10065.5;0.0
yf_ZS=F_d2;45800;INTARIAN_PEPPER_ROOT;12395;15;12392;21;;;12401;19;12403;12;;;12398.0;0.0
yf_ZS=F_d2;45900;ASH_COATED_OSMIUM;10062;19;10058;17;;;10068;18;10071;16;;;10065.0;0.0
yf_ZS=F_d2;45900;INTARIAN_PEPPER_ROOT;12396;17;12394;16;;;12402;5;12406;11;;;12399.0;0.0
yf_ZS=F_d2;46000;ASH_COATED_OSMIUM;10056;14;10053;19;;;10073;23;10076;18;;;10064.5;0.0
yf_ZS=F_d2;46000;INTARIAN_PEPPER_ROOT;12396;19;12393;21;;;12402;8;12404;23;;;12399.0;0.0
yf_ZS=F_d2;46100;ASH_COATED_OSMIUM;10062;16;10058;22;;;10068;5;10070;23;;;10065.0;0.0
yf_ZS=F_d2;46100;INTARIAN_PEPPER_ROOT;12397;15;12393;25;;;12403;13;12407;21;;;12400.0;0.0
yf_ZS=F_d2;46200;ASH_COATED_OSMIUM;10062;14;10059;18;;;10068;11;10072;10;;;10065.0;0.0
yf_ZS=F_d2;46200;INTARIAN_PEPPER_ROOT;12397;22;12395;15;;;12403;18;12407;25;;;12400.0;0.0
yf_ZS=F_d2;46300;ASH_COATED_OSMIUM;10062;12;10058;22;;;10068;21;10070;15;;;10065.0;0.0
yf_ZS=F_d2;46300;INTARIAN_PEPPER_ROOT;12398;13;12396;22;;;12404;23;12407;20;;;12401.0;0.0
yf_ZS=F_d2;46400;ASH_COATED_OSMIUM;10062;10;10058;23;;;10068;16;10072;13;;;10065.0;0.0
yf_ZS=F_d2;46400;INTARIAN_PEPPER_ROOT;12398;17;12396;23;;;12404;16;12407;21;;;12401.0;0.0
yf_ZS=F_d2;46500;ASH_COATED_OSMIUM;10062;12;10060;18;;;10068;5;10071;21;;;10065.0;0.0
yf_ZS=F_d2;46500;INTARIAN_PEPPER_ROOT;12399;12;12396;17;;;12405;17;12408;30;;;12402.0;0.0
yf_ZS=F_d2;46600;ASH_COATED_OSMIUM;10062;16;10060;21;;;10068;16;10070;21;;;10065.0;0.0
yf_ZS=F_d2;46600;INTARIAN_PEPPER_ROOT;12400;12;12397;18;;;12406;19;12409;19;;;12403.0;0.0
yf_ZS=F_d2;46700;ASH_COATED_OSMIUM;10062;6;10059;14;;;10068;12;10070;19;;;10065.0;0.0
yf_ZS=F_d2;46700;INTARIAN_PEPPER_ROOT;12400;12;12396;18;;;12406;17;12408;24;;;12403.0;0.0
yf_ZS=F_d2;46800;ASH_COATED_OSMIUM;10061;17;10057;17;;;10069;13;10072;18;;;10065.0;0.0
yf_ZS=F_d2;46800;INTARIAN_PEPPER_ROOT;12394;16;12392;16;;;12415;12;12419;23;;;12404.5;0.0
yf_ZS=F_d2;46900;ASH_COATED_OSMIUM;10061;21;10058;21;;;10067;20;10069;22;;;10064.0;0.0
yf_ZS=F_d2;46900;INTARIAN_PEPPER_ROOT;12401;18;12397;15;;;12407;14;12409;26;;;12404.0;0.0
yf_ZS=F_d2;47000;ASH_COATED_OSMIUM;10062;11;10058;22;;;10068;5;10071;24;;;10065.0;0.0
yf_ZS=F_d2;47000;INTARIAN_PEPPER_ROOT;12402;25;12400;23;;;12408;5;12410;25;;;12405.0;0.0
yf_ZS=F_d2;47100;ASH_COATED_OSMIUM;10061;5;10059;27;;;10069;22;10071;20;;;10065.0;0.0
yf_ZS=F_d2;47100;INTARIAN_PEPPER_ROOT;12402;14;12398;26;;;12408;13;12411;16;;;12405.0;0.0
yf_ZS=F_d2;47200;ASH_COATED_OSMIUM;10061;9;10058;19;;;10068;15;10070;13;;;10064.5;0.0
yf_ZS=F_d2;47200;INTARIAN_PEPPER_ROOT;12403;12;12399;28;;;12410;9;12413;25;;;12406.5;0.0
yf_ZS=F_d2;47300;ASH_COATED_OSMIUM;10051;20;10048;20;;;10078;13;10081;22;;;10064.5;0.0
yf_ZS=F_d2;47300;INTARIAN_PEPPER_ROOT;12404;13;12401;16;;;12410;18;12414;24;;;12407.0;0.0
yf_ZS=F_d2;47400;ASH_COATED_OSMIUM;10060;16;10056;17;;;10069;16;10073;19;;;10064.5;0.0
yf_ZS=F_d2;47400;INTARIAN_PEPPER_ROOT;12404;21;12400;25;;;12411;22;12414;20;;;12407.5;0.0
yf_ZS=F_d2;47500;ASH_COATED_OSMIUM;10062;17;10060;25;;;10068;15;10071;31;;;10065.0;0.0
yf_ZS=F_d2;47500;INTARIAN_PEPPER_ROOT;12390;6;12387;16;;;12426;10;12428;22;;;12408.0;0.0
yf_ZS=F_d2;47600;ASH_COATED_OSMIUM;10062;15;10060;16;;;10068;18;10071;21;;;10065.0;0.0
yf_ZS=F_d2;47600;INTARIAN_PEPPER_ROOT;12406;10;12403;20;;;12412;16;12414;24;;;12409.0;0.0
yf_ZS=F_d2;47700;ASH_COATED_OSMIUM;10055;30;10051;16;;;10072;17;10074;8;;;10063.5;0.0
yf_ZS=F_d2;47700;INTARIAN_PEPPER_ROOT;12406;17;12403;19;;;12412;18;12414;18;;;12409.0;0.0
yf_ZS=F_d2;47800;ASH_COATED_OSMIUM;10044;11;10042;19;;;10085;12;10087;23;;;10064.5;0.0
yf_ZS=F_d2;47800;INTARIAN_PEPPER_ROOT;12398;23;12395;19;;;12423;23;12427;28;;;12410.5;0.0
yf_ZS=F_d2;47900;ASH_COATED_OSMIUM;10058;10;10055;20;;;10072;17;10074;18;;;10065.0;0.0
yf_ZS=F_d2;47900;INTARIAN_PEPPER_ROOT;12408;16;12405;16;;;12414;17;12416;22;;;12411.0;0.0
yf_ZS=F_d2;48000;ASH_COATED_OSMIUM;10060;18;10058;31;;;10068;12;10071;14;;;10064.0;0.0
yf_ZS=F_d2;48000;INTARIAN_PEPPER_ROOT;12408;12;12405;17;;;12414;6;12416;23;;;12411.0;0.0
yf_ZS=F_d2;48100;ASH_COATED_OSMIUM;10060;16;10058;22;;;10068;23;10071;21;;;10064.0;0.0
yf_ZS=F_d2;48100;INTARIAN_PEPPER_ROOT;12402;18;12400;27;;;12422;18;12426;23;;;12412.0;0.0
yf_ZS=F_d2;48200;ASH_COATED_OSMIUM;10054;13;10052;25;;;10075;19;10077;14;;;10064.5;0.0
yf_ZS=F_d2;48200;INTARIAN_PEPPER_ROOT;12405;17;12402;18;;;12420;17;12424;26;;;12412.5;0.0
yf_ZS=F_d2;48300;ASH_COATED_OSMIUM;10061;15;10059;18;;;10067;16;10070;21;;;10064.0;0.0
yf_ZS=F_d2;48300;INTARIAN_PEPPER_ROOT;12410;9;12408;16;;;12416;24;12420;17;;;12413.0;0.0
yf_ZS=F_d2;48400;ASH_COATED_OSMIUM;10057;9;10053;15;;;10072;11;10074;25;;;10064.5;0.0
yf_ZS=F_d2;48400;INTARIAN_PEPPER_ROOT;12411;22;12408;21;;;12417;8;12420;23;;;12414.0;0.0
yf_ZS=F_d2;48500;ASH_COATED_OSMIUM;10060;11;10057;14;;;10068;19;10070;16;;;10064.0;0.0
yf_ZS=F_d2;48500;INTARIAN_PEPPER_ROOT;12411;16;12408;25;;;12417;8;12419;29;;;12414.0;0.0
yf_ZS=F_d2;48600;ASH_COATED_OSMIUM;10057;16;10053;23;;;10070;17;10074;20;;;10063.5;0.0
yf_ZS=F_d2;48600;INTARIAN_PEPPER_ROOT;12408;14;12404;17;;;12422;9;12425;20;;;12415.0;0.0
yf_ZS=F_d2;48700;ASH_COATED_OSMIUM;10057;17;10054;24;;;10072;10;10075;25;;;10064.5;0.0
yf_ZS=F_d2;48700;INTARIAN_PEPPER_ROOT;12413;13;12411;23;;;12419;23;12423;13;;;12416.0;0.0
yf_ZS=F_d2;48800;ASH_COATED_OSMIUM;10061;9;10057;17;;;10068;19;10072;14;;;10064.5;0.0
yf_ZS=F_d2;48800;INTARIAN_PEPPER_ROOT;12412;15;12410;24;;;12420;11;12422;23;;;12416.0;0.0
yf_ZS=F_d2;48900;ASH_COATED_OSMIUM;10061;10;10058;25;;;10067;21;10070;16;;;10064.0;0.0
yf_ZS=F_d2;48900;INTARIAN_PEPPER_ROOT;12410;14;12406;21;;;12422;19;12424;9;;;12416.0;0.0
yf_ZS=F_d2;49000;ASH_COATED_OSMIUM;10061;13;10059;24;;;10067;11;10071;25;;;10064.0;0.0
yf_ZS=F_d2;49000;INTARIAN_PEPPER_ROOT;12415;22;12413;21;;;12421;17;12423;14;;;12418.0;0.0
yf_ZS=F_d2;49100;ASH_COATED_OSMIUM;10061;16;10057;16;;;10067;17;10069;33;;;10064.0;0.0
yf_ZS=F_d2;49100;INTARIAN_PEPPER_ROOT;12414;27;12411;14;;;12422;10;12426;28;;;12418.0;0.0
yf_ZS=F_d2;49200;ASH_COATED_OSMIUM;10061;7;10057;20;;;10067;22;10070;8;;;10064.0;0.0
yf_ZS=F_d2;49200;INTARIAN_PEPPER_ROOT;12416;13;12413;25;;;12422;14;12424;20;;;12419.0;0.0
yf_ZS=F_d2;49300;ASH_COATED_OSMIUM;10060;8;10056;23;;;10066;5;10069;28;;;10063.0;0.0
yf_ZS=F_d2;49300;INTARIAN_PEPPER_ROOT;12406;13;12403;24;;;12431;16;12435;17;;;12418.5;0.0
yf_ZS=F_d2;49400;ASH_COATED_OSMIUM;10061;25;10059;18;;;10068;13;10072;15;;;10064.5;0.0
yf_ZS=F_d2;49400;INTARIAN_PEPPER_ROOT;12401;18;12399;19;;;12439;17;12443;19;;;12420.0;0.0
yf_ZS=F_d2;49500;ASH_COATED_OSMIUM;10061;11;10057;23;;;10067;11;10069;12;;;10064.0;0.0
yf_ZS=F_d2;49500;INTARIAN_PEPPER_ROOT;12408;12;12406;27;;;12433;14;12437;19;;;12420.5;0.0
yf_ZS=F_d2;49600;ASH_COATED_OSMIUM;10061;16;10058;19;;;10067;13;10069;22;;;10064.0;0.0
yf_ZS=F_d2;49600;INTARIAN_PEPPER_ROOT;12418;9;12415;22;;;12424;16;12426;28;;;12421.0;0.0
yf_ZS=F_d2;49700;ASH_COATED_OSMIUM;10061;5;10057;15;;;10067;24;10069;15;;;10064.0;0.0
yf_ZS=F_d2;49700;INTARIAN_PEPPER_ROOT;12418;5;12416;24;;;12425;23;12427;24;;;12421.5;0.0
yf_ZS=F_d2;49800;ASH_COATED_OSMIUM;10056;18;10052;20;;;10073;11;10077;19;;;10064.5;0.0
yf_ZS=F_d2;49800;INTARIAN_PEPPER_ROOT;12397;13;12393;18;;;12448;21;12452;15;;;12422.5;0.0
yf_ZS=F_d2;49900;ASH_COATED_OSMIUM;10060;15;10058;20;;;10066;10;10069;27;;;10063.0;0.0
yf_ZS=F_d2;49900;INTARIAN_PEPPER_ROOT;12419;9;12417;25;;;12425;9;12428;18;;;12422.0;0.0
yf_ZS=F_d2;50000;ASH_COATED_OSMIUM;10061;13;10059;27;;;10067;14;10071;18;;;10064.0;0.0
yf_ZS=F_d2;50000;INTARIAN_PEPPER_ROOT;12419;20;12416;12;;;12429;8;12433;20;;;12424.0;0.0
yf_ZS=F_d2;50100;ASH_COATED_OSMIUM;10061;19;10057;21;;;10067;10;10071;12;;;10064.0;0.0
yf_ZS=F_d2;50100;INTARIAN_PEPPER_ROOT;12421;16;12418;18;;;12427;13;12431;23;;;12424.0;0.0
yf_ZS=F_d2;50200;ASH_COATED_OSMIUM;10060;10;10056;8;;;10066;7;10070;21;;;10063.0;0.0
yf_ZS=F_d2;50200;INTARIAN_PEPPER_ROOT;12422;5;12419;14;;;12428;11;12431;23;;;12425.0;0.0
yf_ZS=F_d2;50300;ASH_COATED_OSMIUM;10060;25;10056;15;;;10066;14;10069;24;;;10063.0;0.0
yf_ZS=F_d2;50300;INTARIAN_PEPPER_ROOT;12415;18;12411;18;;;12434;20;12437;16;;;12424.5;0.0
yf_ZS=F_d2;50400;ASH_COATED_OSMIUM;10052;17;10048;29;;;10075;5;10077;24;;;10063.5;0.0
yf_ZS=F_d2;50400;INTARIAN_PEPPER_ROOT;12423;16;12421;18;;;12429;19;12432;17;;;12426.0;0.0
yf_ZS=F_d2;50500;ASH_COATED_OSMIUM;10060;19;10056;25;;;10067;13;10070;22;;;10063.5;0.0
yf_ZS=F_d2;50500;INTARIAN_PEPPER_ROOT;12424;12;12420;25;;;12430;9;12433;8;;;12427.0;0.0
yf_ZS=F_d2;50600;ASH_COATED_OSMIUM;10059;7;10055;14;;;10068;8;10072;20;;;10063.5;0.0
yf_ZS=F_d2;50600;INTARIAN_PEPPER_ROOT;12416;15;12412;25;;;12437;23;12441;16;;;12426.5;0.0
yf_ZS=F_d2;50700;ASH_COATED_OSMIUM;10061;20;10057;21;;;10067;10;10070;24;;;10064.0;0.0
yf_ZS=F_d2;50700;INTARIAN_PEPPER_ROOT;12425;19;12421;11;;;12431;10;12434;16;;;12428.0;0.0
yf_ZS=F_d2;50800;ASH_COATED_OSMIUM;10059;13;10056;12;;;10068;14;10070;13;;;10063.5;0.0
yf_ZS=F_d2;50800;INTARIAN_PEPPER_ROOT;12424;13;12420;25;;;12431;17;12434;20;;;12427.5;0.0
yf_ZS=F_d2;50900;ASH_COATED_OSMIUM;10061;10;10059;20;;;10067;20;10071;32;;;10064.0;0.0
yf_ZS=F_d2;50900;INTARIAN_PEPPER_ROOT;12415;13;12413;23;;;12443;17;12447;18;;;12429.0;0.0
yf_ZS=F_d2;51000;ASH_COATED_OSMIUM;10061;14;10057;15;;;10067;7;10071;13;;;10064.0;0.0
yf_ZS=F_d2;51000;INTARIAN_PEPPER_ROOT;12426;20;12423;21;;;12432;15;12436;12;;;12429.0;0.0
yf_ZS=F_d2;51100;ASH_COATED_OSMIUM;10061;22;10058;21;;;10067;12;10069;19;;;10064.0;0.0
yf_ZS=F_d2;51100;INTARIAN_PEPPER_ROOT;12426;13;12422;23;;;12432;19;12435;20;;;12429.0;0.0
yf_ZS=F_d2;51200;ASH_COATED_OSMIUM;10061;22;10058;15;;;10067;10;10071;20;;;10064.0;0.0
yf_ZS=F_d2;51200;INTARIAN_PEPPER_ROOT;12426;10;12422;26;;;12432;11;12435;20;;;12429.0;0.0
yf_ZS=F_d2;51300;ASH_COATED_OSMIUM;10061;10;10057;14;;;10067;13;10069;26;;;10064.0;0.0
yf_ZS=F_d2;51300;INTARIAN_PEPPER_ROOT;12426;11;12424;21;;;12432;14;12436;18;;;12429.0;0.0
yf_ZS=F_d2;51400;ASH_COATED_OSMIUM;10059;10;10057;21;;;10069;23;10071;9;;;10064.0;0.0
yf_ZS=F_d2;51400;INTARIAN_PEPPER_ROOT;12426;12;12422;14;;;12433;11;12436;18;;;12429.5;0.0
yf_ZS=F_d2;51500;ASH_COATED_OSMIUM;10062;23;10058;19;;;10068;17;10070;26;;;10065.0;0.0
yf_ZS=F_d2;51500;INTARIAN_PEPPER_ROOT;12418;20;12416;16;;;12440;18;12442;19;;;12429.0;0.0
yf_ZS=F_d2;51600;ASH_COATED_OSMIUM;10061;18;10057;17;;;10067;21;10069;21;;;10064.0;0.0
yf_ZS=F_d2;51600;INTARIAN_PEPPER_ROOT;12427;14;12423;15;;;12433;17;12435;23;;;12430.0;0.0
yf_ZS=F_d2;51700;ASH_COATED_OSMIUM;10051;18;10047;18;;;10078;19;10081;14;;;10064.5;0.0
yf_ZS=F_d2;51700;INTARIAN_PEPPER_ROOT;12427;19;12424;8;;;12433;5;12435;24;;;12430.0;0.0
yf_ZS=F_d2;51800;ASH_COATED_OSMIUM;10061;16;10058;9;;;10067;21;10070;16;;;10064.0;0.0
yf_ZS=F_d2;51800;INTARIAN_PEPPER_ROOT;12427;16;12423;9;;;12433;8;12437;26;;;12430.0;0.0
yf_ZS=F_d2;51900;ASH_COATED_OSMIUM;10059;17;10056;11;;;10072;12;10075;12;;;10065.5;0.0
yf_ZS=F_d2;51900;INTARIAN_PEPPER_ROOT;12427;14;12423;24;;;12433;10;12436;13;;;12430.0;0.0
yf_ZS=F_d2;52000;ASH_COATED_OSMIUM;10062;17;10060;19;;;10068;11;10070;17;;;10065.0;0.0
yf_ZS=F_d2;52000;INTARIAN_PEPPER_ROOT;12427;12;12424;20;;;12433;14;12436;20;;;12430.0;0.0
yf_ZS=F_d2;52100;ASH_COATED_OSMIUM;10061;13;10058;16;;;10069;14;10073;16;;;10065.0;0.0
yf_ZS=F_d2;52100;INTARIAN_PEPPER_ROOT;12418;14;12415;14;;;12442;14;12446;19;;;12430.0;0.0
yf_ZS=F_d2;52200;ASH_COATED_OSMIUM;10057;15;10055;13;;;10072;15;10076;18;;;10064.5;0.0
yf_ZS=F_d2;52200;INTARIAN_PEPPER_ROOT;12427;7;12425;18;;;12433;18;12436;24;;;12430.0;0.0
yf_ZS=F_d2;52300;ASH_COATED_OSMIUM;10049;9;10047;21;;;10081;16;10084;23;;;10065.0;0.0
yf_ZS=F_d2;52300;INTARIAN_PEPPER_ROOT;12422;13;12419;29;;;12438;14;12442;23;;;12430.0;0.0
yf_ZS=F_d2;52400;ASH_COATED_OSMIUM;10059;12;10056;16;;;10072;10;10074;26;;;10065.5;0.0
yf_ZS=F_d2;52400;INTARIAN_PEPPER_ROOT;12423;18;12419;16;;;12437;8;12440;24;;;12430.0;0.0
yf_ZS=F_d2;52500;ASH_COATED_OSMIUM;10057;16;10053;19;;;10074;5;10076;23;;;10065.5;0.0
yf_ZS=F_d2;52500;INTARIAN_PEPPER_ROOT;12427;16;12423;10;;;12433;19;12435;17;;;12430.0;0.0
yf_ZS=F_d2;52600;ASH_COATED_OSMIUM;10062;12;10058;11;;;10068;9;10070;22;;;10065.0;0.0
yf_ZS=F_d2;52600;INTARIAN_PEPPER_ROOT;12428;11;12425;15;;;12434;16;12438;21;;;12431.0;0.0
yf_ZS=F_d2;52700;ASH_COATED_OSMIUM;10063;9;10061;17;;;10069;14;10072;11;;;10066.0;0.0
yf_ZS=F_d2;52700;INTARIAN_PEPPER_ROOT;12428;19;12425;22;;;12434;16;12438;17;;;12431.0;0.0
yf_ZS=F_d2;52800;ASH_COATED_OSMIUM;10063;12;10061;31;;;10070;9;10074;28;;;10066.5;0.0
yf_ZS=F_d2;52800;INTARIAN_PEPPER_ROOT;12426;13;12424;19;;;12437;20;12441;23;;;12431.5;0.0
yf_ZS=F_d2;52900;ASH_COATED_OSMIUM;10055;5;10051;17;;;10077;16;10080;23;;;10066.0;0.0
yf_ZS=F_d2;52900;INTARIAN_PEPPER_ROOT;12421;17;12417;23;;;12440;20;12442;22;;;12430.5;0.0
yf_ZS=F_d2;53000;ASH_COATED_OSMIUM;10063;15;10059;16;;;10069;12;10073;17;;;10066.0;0.0
yf_ZS=F_d2;53000;INTARIAN_PEPPER_ROOT;12427;19;12424;18;;;12435;15;12439;23;;;12431.0;0.0
yf_ZS=F_d2;53100;ASH_COATED_OSMIUM;10063;15;10059;18;;;10069;17;10073;18;;;10066.0;0.0
yf_ZS=F_d2;53100;INTARIAN_PEPPER_ROOT;12428;17;12424;20;;;12434;19;12437;14;;;12431.0;0.0
yf_ZS=F_d2;53200;ASH_COATED_OSMIUM;10063;14;10060;24;;;10069;16;10073;22;;;10066.0;0.0
yf_ZS=F_d2;53200;INTARIAN_PEPPER_ROOT;12427;14;12424;28;;;12435;18;12437;29;;;12431.0;0.0
yf_ZS=F_d2;53300;ASH_COATED_OSMIUM;10063;8;10060;24;;;10069;19;10071;31;;;10066.0;0.0
yf_ZS=F_d2;53300;INTARIAN_PEPPER_ROOT;12424;19;12421;21;;;12439;9;12441;17;;;12431.5;0.0
yf_ZS=F_d2;53400;ASH_COATED_OSMIUM;10064;17;10060;19;;;10070;22;10073;17;;;10067.0;0.0
yf_ZS=F_d2;53400;INTARIAN_PEPPER_ROOT;12423;16;12419;21;;;12439;15;12441;23;;;12431.0;0.0
yf_ZS=F_d2;53500;ASH_COATED_OSMIUM;10064;14;10062;13;;;10070;8;10073;21;;;10067.0;0.0
yf_ZS=F_d2;53500;INTARIAN_PEPPER_ROOT;12424;17;12421;23;;;12439;15;12443;28;;;12431.5;0.0
yf_ZS=F_d2;53600;ASH_COATED_OSMIUM;10064;18;10061;19;;;10070;13;10072;20;;;10067.0;0.0
yf_ZS=F_d2;53600;INTARIAN_PEPPER_ROOT;12429;14;12427;9;;;12435;18;12438;19;;;12432.0;0.0
yf_ZS=F_d2;53700;ASH_COATED_OSMIUM;10064;24;10062;11;;;10070;10;10073;22;;;10067.0;0.0
yf_ZS=F_d2;53700;INTARIAN_PEPPER_ROOT;12429;22;12427;15;;;12435;12;12438;22;;;12432.0;0.0
yf_ZS=F_d2;53800;ASH_COATED_OSMIUM;10065;11;10061;20;;;10071;12;10074;25;;;10068.0;0.0
yf_ZS=F_d2;53800;INTARIAN_PEPPER_ROOT;12429;14;12426;20;;;12435;6;12439;15;;;12432.0;0.0
yf_ZS=F_d2;53900;ASH_COATED_OSMIUM;10064;9;10061;18;;;10070;15;10074;14;;;10067.0;0.0
yf_ZS=F_d2;53900;INTARIAN_PEPPER_ROOT;12429;16;12425;14;;;12435;16;12439;24;;;12432.0;0.0
yf_ZS=F_d2;54000;ASH_COATED_OSMIUM;10064;18;10060;17;;;10070;14;10073;26;;;10067.0;0.0
yf_ZS=F_d2;54000;INTARIAN_PEPPER_ROOT;12429;19;12425;11;;;12435;17;12439;21;;;12432.0;0.0
yf_ZS=F_d2;54100;ASH_COATED_OSMIUM;10064;15;10062;28;;;10070;20;10072;20;;;10067.0;0.0
yf_ZS=F_d2;54100;INTARIAN_PEPPER_ROOT;12428;17;12424;17;;;12436;6;12439;22;;;12432.0;0.0
yf_ZS=F_d2;54200;ASH_COATED_OSMIUM;10064;18;10061;22;;;10070;20;10074;11;;;10067.0;0.0
yf_ZS=F_d2;54200;INTARIAN_PEPPER_ROOT;12428;15;12425;21;;;12438;13;12441;21;;;12433.0;0.0
yf_ZS=F_d2;54300;ASH_COATED_OSMIUM;10065;12;10063;13;;;10071;12;10074;21;;;10068.0;0.0
yf_ZS=F_d2;54300;INTARIAN_PEPPER_ROOT;12429;18;12425;19;;;12435;24;12439;10;;;12432.0;0.0
yf_ZS=F_d2;54400;ASH_COATED_OSMIUM;10060;12;10057;14;;;10075;5;10077;22;;;10067.5;0.0
yf_ZS=F_d2;54400;INTARIAN_PEPPER_ROOT;12426;13;12423;19;;;12439;12;12442;25;;;12432.5;0.0
yf_ZS=F_d2;54500;ASH_COATED_OSMIUM;10065;17;10063;19;;;10071;18;10074;13;;;10068.0;0.0
yf_ZS=F_d2;54500;INTARIAN_PEPPER_ROOT;12430;17;12427;15;;;12436;15;12439;24;;;12433.0;0.0
yf_ZS=F_d2;54600;ASH_COATED_OSMIUM;10065;11;10061;24;;;10071;9;10075;17;;;10068.0;0.0
yf_ZS=F_d2;54600;INTARIAN_PEPPER_ROOT;12428;18;12426;22;;;12438;10;12442;15;;;12433.0;0.0
yf_ZS=F_d2;54700;ASH_COATED_OSMIUM;10065;15;10062;21;;;10072;13;10076;18;;;10068.5;0.0
yf_ZS=F_d2;54700;INTARIAN_PEPPER_ROOT;12430;21;12427;14;;;12436;23;12438;14;;;12433.0;0.0
yf_ZS=F_d2;54800;ASH_COATED_OSMIUM;10065;14;10062;24;;;10071;15;10074;21;;;10068.0;0.0
yf_ZS=F_d2;54800;INTARIAN_PEPPER_ROOT;12430;18;12426;20;;;12436;23;12439;27;;;12433.0;0.0
yf_ZS=F_d2;54900;ASH_COATED_OSMIUM;10046;6;10044;24;;;10090;11;10092;12;;;10068.0;0.0
yf_ZS=F_d2;54900;INTARIAN_PEPPER_ROOT;12430;13;12428;26;;;12437;10;12439;16;;;12433.5;0.0
yf_ZS=F_d2;55000;ASH_COATED_OSMIUM;10065;9;10061;21;;;10072;15;10075;31;;;10068.5;0.0
yf_ZS=F_d2;55000;INTARIAN_PEPPER_ROOT;12430;5;12426;24;;;12436;16;12439;23;;;12433.0;0.0
yf_ZS=F_d2;55100;ASH_COATED_OSMIUM;10062;19;10059;22;;;10076;20;10078;19;;;10069.0;0.0
yf_ZS=F_d2;55100;INTARIAN_PEPPER_ROOT;12428;18;12425;22;;;12438;16;12440;18;;;12433.0;0.0
yf_ZS=F_d2;55200;ASH_COATED_OSMIUM;10064;16;10062;13;;;10074;19;10078;16;;;10069.0;0.0
yf_ZS=F_d2;55200;INTARIAN_PEPPER_ROOT;12430;10;12428;21;;;12437;9;12440;19;;;12433.5;0.0
yf_ZS=F_d2;55300;ASH_COATED_OSMIUM;10066;19;10063;23;;;10072;14;10075;27;;;10069.0;0.0
yf_ZS=F_d2;55300;INTARIAN_PEPPER_ROOT;12431;15;12427;19;;;12437;17;12440;23;;;12434.0;0.0
yf_ZS=F_d2;55400;ASH_COATED_OSMIUM;10061;14;10058;19;;;10076;13;10078;22;;;10068.5;0.0
yf_ZS=F_d2;55400;INTARIAN_PEPPER_ROOT;12431;16;12428;19;;;12437;11;12440;26;;;12434.0;0.0
yf_ZS=F_d2;55500;ASH_COATED_OSMIUM;10066;19;10062;16;;;10072;20;10074;8;;;10069.0;0.0
yf_ZS=F_d2;55500;INTARIAN_PEPPER_ROOT;12425;15;12421;20;;;12442;14;12445;19;;;12433.5;0.0
yf_ZS=F_d2;55600;ASH_COATED_OSMIUM;10066;7;10063;14;;;10072;20;10074;25;;;10069.0;0.0
yf_ZS=F_d2;55600;INTARIAN_PEPPER_ROOT;12431;14;12428;27;;;12437;8;12439;22;;;12434.0;0.0
yf_ZS=F_d2;55700;ASH_COATED_OSMIUM;10057;19;10054;12;;;10082;6;10086;24;;;10069.5;0.0
yf_ZS=F_d2;55700;INTARIAN_PEPPER_ROOT;12431;11;12428;24;;;12437;13;12440;25;;;12434.0;0.0
yf_ZS=F_d2;55800;ASH_COATED_OSMIUM;10064;19;10060;17;;;10075;13;10078;23;;;10069.5;0.0
yf_ZS=F_d2;55800;INTARIAN_PEPPER_ROOT;12431;13;12427;15;;;12437;24;12440;19;;;12434.0;0.0
yf_ZS=F_d2;55900;ASH_COATED_OSMIUM;10059;15;10057;21;;;10080;17;10082;22;;;10069.5;0.0
yf_ZS=F_d2;55900;INTARIAN_PEPPER_ROOT;12425;12;12422;21;;;12443;11;12447;35;;;12434.0;0.0
yf_ZS=F_d2;56000;ASH_COATED_OSMIUM;10052;6;10049;15;;;10086;8;10089;21;;;10069.0;0.0
yf_ZS=F_d2;56000;INTARIAN_PEPPER_ROOT;12431;9;12429;27;;;12439;16;12442;18;;;12435.0;0.0
yf_ZS=F_d2;56100;ASH_COATED_OSMIUM;10064;11;10060;25;;;10076;19;10079;18;;;10070.0;0.0
yf_ZS=F_d2;56100;INTARIAN_PEPPER_ROOT;12431;9;12429;17;;;12437;13;12441;15;;;12434.0;0.0
yf_ZS=F_d2;56200;ASH_COATED_OSMIUM;10066;19;10063;11;;;10072;11;10074;11;;;10069.0;0.0
yf_ZS=F_d2;56200;INTARIAN_PEPPER_ROOT;12432;11;12428;15;;;12438;19;12440;26;;;12435.0;0.0
yf_ZS=F_d2;56300;ASH_COATED_OSMIUM;10067;15;10065;15;;;10073;14;10076;9;;;10070.0;0.0
yf_ZS=F_d2;56300;INTARIAN_PEPPER_ROOT;12431;15;12429;20;;;12437;6;12441;25;;;12434.0;0.0
yf_ZS=F_d2;56400;ASH_COATED_OSMIUM;10068;18;10064;15;;;10074;13;10078;20;;;10071.0;0.0
yf_ZS=F_d2;56400;INTARIAN_PEPPER_ROOT;12432;16;12429;19;;;12438;7;12440;24;;;12435.0;0.0
yf_ZS=F_d2;56500;ASH_COATED_OSMIUM;10067;6;10064;21;;;10073;17;10077;21;;;10070.0;0.0
yf_ZS=F_d2;56500;INTARIAN_PEPPER_ROOT;12432;5;12429;16;;;12438;14;12440;20;;;12435.0;0.0
yf_ZS=F_d2;56600;ASH_COATED_OSMIUM;10068;16;10064;24;;;10074;13;10078;17;;;10071.0;0.0
yf_ZS=F_d2;56600;INTARIAN_PEPPER_ROOT;12425;7;12421;18;;;12446;5;12449;27;;;12435.5;0.0
