day;timestamp;product;bid_price_1;bid_volume_1;bid_price_2;bid_volume_2;bid_price_3;bid_volume_3;ask_price_1;ask_volume_1;ask_price_2;ask_volume_2;ask_price_3;ask_volume_3;mid_price;profit_and_loss
yf_MKC_d3;0;ASH_COATED_OSMIUM;10066;12;10063;17;;;10072;16;10076;16;;;10069.0;0.0
yf_MKC_d3;0;INTARIAN_PEPPER_ROOT;11422;12;11418;23;;;11428;15;11431;21;;;11425.0;0.0
yf_MKC_d3;100;ASH_COATED_OSMIUM;10062;13;10060;16;;;10075;10;10079;24;;;10068.5;0.0
yf_MKC_d3;100;INTARIAN_PEPPER_ROOT;11410;17;11407;25;;;11441;10;11444;20;;;11425.5;0.0
yf_MKC_d3;200;ASH_COATED_OSMIUM;10066;18;10063;13;;;10072;13;10074;19;;;10069.0;0.0
yf_MKC_d3;200;INTARIAN_PEPPER_ROOT;11412;12;11410;21;;;11438;8;11441;16;;;11425.0;0.0
yf_MKC_d3;300;ASH_COATED_OSMIUM;10066;18;10062;14;;;10072;22;10075;21;;;10069.0;0.0
yf_MKC_d3;300;INTARIAN_PEPPER_ROOT;11414;8;11412;20;;;11436;17;11438;30;;;11425.0;0.0
yf_MKC_d3;400;ASH_COATED_OSMIUM;10060;9;10057;20;;;10077;16;10079;21;;;10068.5;0.0
yf_MKC_d3;400;INTARIAN_PEPPER_ROOT;11416;10;11414;11;;;11432;13;11436;19;;;11424.0;0.0
yf_MKC_d3;500;ASH_COATED_OSMIUM;10061;11;10057;13;;;10075;13;10078;20;;;10068.0;0.0
yf_MKC_d3;500;INTARIAN_PEPPER_ROOT;11420;14;11416;24;;;11426;12;11430;17;;;11423.0;0.0
yf_MKC_d3;600;ASH_COATED_OSMIUM;10066;10;10064;26;;;10072;16;10076;15;;;10069.0;0.0
yf_MKC_d3;600;INTARIAN_PEPPER_ROOT;11416;12;11414;18;;;11431;15;11433;13;;;11423.5;0.0
yf_MKC_d3;700;ASH_COATED_OSMIUM;10051;14;10049;25;;;10087;13;10089;23;;;10069.0;0.0
yf_MKC_d3;700;INTARIAN_PEPPER_ROOT;11417;12;11413;18;;;11430;14;11432;22;;;11423.5;0.0
yf_MKC_d3;800;ASH_COATED_OSMIUM;10066;7;10063;21;;;10072;11;10074;17;;;10069.0;0.0
yf_MKC_d3;800;INTARIAN_PEPPER_ROOT;11420;10;11417;13;;;11426;25;11430;17;;;11423.0;0.0
yf_MKC_d3;900;ASH_COATED_OSMIUM;10066;9;10062;19;;;10072;9;10076;17;;;10069.0;0.0
yf_MKC_d3;900;INTARIAN_PEPPER_ROOT;11420;15;11418;8;;;11426;14;11429;26;;;11423.0;0.0
yf_MKC_d3;1000;ASH_COATED_OSMIUM;10066;9;10064;17;;;10072;21;10076;24;;;10069.0;0.0
yf_MKC_d3;1000;INTARIAN_PEPPER_ROOT;11420;20;11417;24;;;11426;23;11430;23;;;11423.0;0.0
yf_MKC_d3;1100;ASH_COATED_OSMIUM;10059;15;10056;15;;;10079;24;10081;24;;;10069.0;0.0
yf_MKC_d3;1100;INTARIAN_PEPPER_ROOT;11418;15;11416;27;;;11429;20;11433;11;;;11423.5;0.0
yf_MKC_d3;1200;ASH_COATED_OSMIUM;10066;15;10063;20;;;10072;10;10075;13;;;10069.0;0.0
yf_MKC_d3;1200;INTARIAN_PEPPER_ROOT;11420;9;11416;28;;;11426;17;11430;20;;;11423.0;0.0
yf_MKC_d3;1300;ASH_COATED_OSMIUM;10066;18;10064;21;;;10072;21;10074;15;;;10069.0;0.0
yf_MKC_d3;1300;INTARIAN_PEPPER_ROOT;11419;23;11417;18;;;11425;7;11429;20;;;11422.0;0.0
yf_MKC_d3;1400;ASH_COATED_OSMIUM;10065;10;10061;23;;;10075;11;10077;27;;;10070.0;0.0
yf_MKC_d3;1400;INTARIAN_PEPPER_ROOT;11419;16;11416;22;;;11425;16;11428;12;;;11422.0;0.0
yf_MKC_d3;1500;ASH_COATED_OSMIUM;10064;22;10060;8;;;10074;5;10076;20;;;10069.0;0.0
yf_MKC_d3;1500;INTARIAN_PEPPER_ROOT;11419;14;11417;20;;;11425;17;11428;8;;;11422.0;0.0
yf_MKC_d3;1600;ASH_COATED_OSMIUM;10066;19;10063;19;;;10072;12;10074;8;;;10069.0;0.0
yf_MKC_d3;1600;INTARIAN_PEPPER_ROOT;11418;13;11416;31;;;11425;16;11429;24;;;11421.5;0.0
yf_MKC_d3;1700;ASH_COATED_OSMIUM;10061;10;10059;23;;;10077;11;10080;15;;;10069.0;0.0
yf_MKC_d3;1700;INTARIAN_PEPPER_ROOT;11419;22;11416;18;;;11425;15;11427;21;;;11422.0;0.0
yf_MKC_d3;1800;ASH_COATED_OSMIUM;10066;17;10064;24;;;10072;13;10076;21;;;10069.0;0.0
yf_MKC_d3;1800;INTARIAN_PEPPER_ROOT;11409;6;11405;24;;;11433;17;11436;20;;;11421.0;0.0
yf_MKC_d3;1900;ASH_COATED_OSMIUM;10067;12;10064;23;;;10073;18;10077;13;;;10070.0;0.0
yf_MKC_d3;1900;INTARIAN_PEPPER_ROOT;11418;23;11414;27;;;11424;20;11428;17;;;11421.0;0.0
yf_MKC_d3;2000;ASH_COATED_OSMIUM;10066;22;10064;19;;;10072;17;10075;18;;;10069.0;0.0
yf_MKC_d3;2000;INTARIAN_PEPPER_ROOT;11417;15;11415;10;;;11423;13;11426;21;;;11420.0;0.0
yf_MKC_d3;2100;ASH_COATED_OSMIUM;10066;6;10064;21;;;10073;12;10075;12;;;10069.5;0.0
yf_MKC_d3;2100;INTARIAN_PEPPER_ROOT;11414;10;11412;12;;;11426;16;11429;10;;;11420.0;0.0
yf_MKC_d3;2200;ASH_COATED_OSMIUM;10066;13;10064;28;;;10072;5;10076;14;;;10069.0;0.0
yf_MKC_d3;2200;INTARIAN_PEPPER_ROOT;11417;15;11413;20;;;11423;23;11426;17;;;11420.0;0.0
yf_MKC_d3;2300;ASH_COATED_OSMIUM;10066;17;10062;13;;;10072;15;10074;17;;;10069.0;0.0
yf_MKC_d3;2300;INTARIAN_PEPPER_ROOT;11414;16;11411;14;;;11425;13;11429;8;;;11419.5;0.0
yf_MKC_d3;2400;ASH_COATED_OSMIUM;10066;5;10063;20;;;10072;18;10074;13;;;10069.0;0.0
yf_MKC_d3;2400;INTARIAN_PEPPER_ROOT;11417;13;11414;24;;;11423;17;11427;10;;;11420.0;0.0
yf_MKC_d3;2500;ASH_COATED_OSMIUM;10066;14;10063;27;;;10072;17;10076;10;;;10069.0;0.0
yf_MKC_d3;2500;INTARIAN_PEPPER_ROOT;11416;13;11414;22;;;11423;13;11426;18;;;11419.5;0.0
yf_MKC_d3;2600;ASH_COATED_OSMIUM;10066;14;10062;17;;;10072;13;10074;19;;;10069.0;0.0
yf_MKC_d3;2600;INTARIAN_PEPPER_ROOT;11416;14;11412;22;;;11423;17;11425;15;;;11419.5;0.0
yf_MKC_d3;2700;ASH_COATED_OSMIUM;10059;20;10055;26;;;10079;11;10081;25;;;10069.0;0.0
yf_MKC_d3;2700;INTARIAN_PEPPER_ROOT;11416;10;11414;19;;;11422;11;11426;20;;;11419.0;0.0
yf_MKC_d3;2800;ASH_COATED_OSMIUM;10066;12;10062;22;;;10072;19;10074;21;;;10069.0;0.0
yf_MKC_d3;2800;INTARIAN_PEPPER_ROOT;11415;14;11412;17;;;11421;5;11423;24;;;11418.0;0.0
yf_MKC_d3;2900;ASH_COATED_OSMIUM;10066;12;10063;16;;;10072;16;10076;10;;;10069.0;0.0
yf_MKC_d3;2900;INTARIAN_PEPPER_ROOT;11416;11;11412;10;;;11422;17;11425;15;;;11419.0;0.0
yf_MKC_d3;3000;ASH_COATED_OSMIUM;10063;26;10061;14;;;10075;22;10078;16;;;10069.0;0.0
yf_MKC_d3;3000;INTARIAN_PEPPER_ROOT;11415;17;11413;20;;;11421;22;11424;20;;;11418.0;0.0
yf_MKC_d3;3100;ASH_COATED_OSMIUM;10066;15;10063;24;;;10072;13;10074;14;;;10069.0;0.0
yf_MKC_d3;3100;INTARIAN_PEPPER_ROOT;11413;5;11409;23;;;11422;11;11424;18;;;11417.5;0.0
yf_MKC_d3;3200;ASH_COATED_OSMIUM;10066;23;10063;21;;;10072;21;10074;20;;;10069.0;0.0
yf_MKC_d3;3200;INTARIAN_PEPPER_ROOT;11406;18;11403;18;;;11431;17;11434;16;;;11418.5;0.0
yf_MKC_d3;3300;ASH_COATED_OSMIUM;10067;16;10064;23;;;10073;16;10075;24;;;10070.0;0.0
yf_MKC_d3;3300;INTARIAN_PEPPER_ROOT;11414;20;11411;21;;;11420;19;11422;23;;;11417.0;0.0
yf_MKC_d3;3400;ASH_COATED_OSMIUM;10061;9;10057;11;;;10078;5;10080;8;;;10069.5;0.0
yf_MKC_d3;3400;INTARIAN_PEPPER_ROOT;11414;21;11410;23;;;11420;16;11424;17;;;11417.0;0.0
yf_MKC_d3;3500;ASH_COATED_OSMIUM;10067;14;10063;18;;;10073;16;10077;17;;;10070.0;0.0
yf_MKC_d3;3500;INTARIAN_PEPPER_ROOT;11414;15;11410;22;;;11420;5;11424;27;;;11417.0;0.0
yf_MKC_d3;3600;ASH_COATED_OSMIUM;10066;20;10063;18;;;10072;17;10075;13;;;10069.0;0.0
yf_MKC_d3;3600;INTARIAN_PEPPER_ROOT;11414;17;11410;21;;;11420;17;11424;29;;;11417.0;0.0
yf_MKC_d3;3700;ASH_COATED_OSMIUM;10064;6;10062;31;;;10076;12;10078;27;;;10070.0;0.0
yf_MKC_d3;3700;INTARIAN_PEPPER_ROOT;11414;14;11412;20;;;11420;17;11422;26;;;11417.0;0.0
yf_MKC_d3;3800;ASH_COATED_OSMIUM;10067;15;10063;32;;;10073;6;10075;26;;;10070.0;0.0
yf_MKC_d3;3800;INTARIAN_PEPPER_ROOT;11414;21;11412;24;;;11420;13;11423;19;;;11417.0;0.0
yf_MKC_d3;3900;ASH_COATED_OSMIUM;10066;20;10062;16;;;10072;13;10076;13;;;10069.0;0.0
yf_MKC_d3;3900;INTARIAN_PEPPER_ROOT;11414;14;11412;13;;;11420;16;11422;27;;;11417.0;0.0
yf_MKC_d3;4000;ASH_COATED_OSMIUM;10067;14;10063;19;;;10073;16;10076;22;;;10070.0;0.0
yf_MKC_d3;4000;INTARIAN_PEPPER_ROOT;11407;15;11404;15;;;11425;14;11429;21;;;11416.0;0.0
yf_MKC_d3;4100;ASH_COATED_OSMIUM;10066;21;10064;24;;;10073;19;10077;17;;;10069.5;0.0
yf_MKC_d3;4100;INTARIAN_PEPPER_ROOT;11401;11;11397;30;;;11431;15;11433;12;;;11416.0;0.0
yf_MKC_d3;4200;ASH_COATED_OSMIUM;10066;15;10064;12;;;10072;19;10075;19;;;10069.0;0.0
yf_MKC_d3;4200;INTARIAN_PEPPER_ROOT;11413;14;11409;27;;;11419;18;11423;11;;;11416.0;0.0
yf_MKC_d3;4300;ASH_COATED_OSMIUM;10061;13;10057;12;;;10079;10;10081;18;;;10070.0;0.0
yf_MKC_d3;4300;INTARIAN_PEPPER_ROOT;11411;16;11408;23;;;11419;15;11421;31;;;11415.0;0.0
yf_MKC_d3;4400;ASH_COATED_OSMIUM;10066;24;10062;17;;;10073;7;10075;26;;;10069.5;0.0
yf_MKC_d3;4400;INTARIAN_PEPPER_ROOT;11412;6;11410;25;;;11418;9;11421;28;;;11415.0;0.0
yf_MKC_d3;4500;ASH_COATED_OSMIUM;10067;15;10065;18;;;10073;17;10077;17;;;10070.0;0.0
yf_MKC_d3;4500;INTARIAN_PEPPER_ROOT;11412;12;11410;12;;;11418;12;11421;22;;;11415.0;0.0
yf_MKC_d3;4600;ASH_COATED_OSMIUM;10067;15;10065;19;;;10073;22;10076;29;;;10070.0;0.0
yf_MKC_d3;4600;INTARIAN_PEPPER_ROOT;11411;27;11408;24;;;11417;19;11421;13;;;11414.0;0.0
yf_MKC_d3;4700;ASH_COATED_OSMIUM;10067;14;10065;18;;;10073;14;10076;23;;;10070.0;0.0
yf_MKC_d3;4700;INTARIAN_PEPPER_ROOT;11412;16;11410;29;;;11418;10;11421;15;;;11415.0;0.0
yf_MKC_d3;4800;ASH_COATED_OSMIUM;10054;20;10050;19;;;10085;7;10089;21;;;10069.5;0.0
yf_MKC_d3;4800;INTARIAN_PEPPER_ROOT;11411;17;11407;19;;;11418;17;11421;21;;;11414.5;0.0
yf_MKC_d3;4900;ASH_COATED_OSMIUM;10064;7;10062;27;;;10076;21;10080;13;;;10070.0;0.0
yf_MKC_d3;4900;INTARIAN_PEPPER_ROOT;11410;17;11408;22;;;11419;10;11421;20;;;11414.5;0.0
yf_MKC_d3;5000;ASH_COATED_OSMIUM;10067;21;10064;26;;;10073;14;10076;21;;;10070.0;0.0
yf_MKC_d3;5000;INTARIAN_PEPPER_ROOT;11411;9;11409;19;;;11417;7;11421;20;;;11414.0;0.0
yf_MKC_d3;5100;ASH_COATED_OSMIUM;10061;19;10057;22;;;10080;24;10082;18;;;10070.5;0.0
yf_MKC_d3;5100;INTARIAN_PEPPER_ROOT;11411;7;11409;12;;;11417;13;11419;16;;;11414.0;0.0
yf_MKC_d3;5200;ASH_COATED_OSMIUM;10054;23;10050;18;;;10087;11;10090;15;;;10070.5;0.0
yf_MKC_d3;5200;INTARIAN_PEPPER_ROOT;11411;19;11409;24;;;11417;7;11420;17;;;11414.0;0.0
yf_MKC_d3;5300;ASH_COATED_OSMIUM;10067;12;10063;10;;;10073;12;10077;21;;;10070.0;0.0
yf_MKC_d3;5300;INTARIAN_PEPPER_ROOT;11410;15;11407;16;;;11416;7;11419;21;;;11413.0;0.0
yf_MKC_d3;5400;ASH_COATED_OSMIUM;10067;17;10064;15;;;10073;14;10077;16;;;10070.0;0.0
yf_MKC_d3;5400;INTARIAN_PEPPER_ROOT;11409;12;11406;13;;;11416;26;11420;25;;;11412.5;0.0
yf_MKC_d3;5500;ASH_COATED_OSMIUM;10062;25;10060;11;;;10077;14;10081;17;;;10069.5;0.0
yf_MKC_d3;5500;INTARIAN_PEPPER_ROOT;11410;25;11406;16;;;11416;22;11418;17;;;11413.0;0.0
yf_MKC_d3;5600;ASH_COATED_OSMIUM;10062;23;10059;32;;;10077;15;10079;12;;;10069.5;0.0
yf_MKC_d3;5600;INTARIAN_PEPPER_ROOT;11409;18;11406;22;;;11415;19;11417;21;;;11412.0;0.0
yf_MKC_d3;5700;ASH_COATED_OSMIUM;10067;7;10064;18;;;10073;22;10076;25;;;10070.0;0.0
yf_MKC_d3;5700;INTARIAN_PEPPER_ROOT;11404;20;11402;24;;;11420;19;11423;24;;;11412.0;0.0
yf_MKC_d3;5800;ASH_COATED_OSMIUM;10065;18;10063;21;;;10076;17;10078;11;;;10070.5;0.0
yf_MKC_d3;5800;INTARIAN_PEPPER_ROOT;11409;12;11406;22;;;11415;12;11419;12;;;11412.0;0.0
yf_MKC_d3;5900;ASH_COATED_OSMIUM;10066;10;10063;14;;;10075;22;10078;23;;;10070.5;0.0
yf_MKC_d3;5900;INTARIAN_PEPPER_ROOT;11409;21;11405;22;;;11415;15;11418;25;;;11412.0;0.0
yf_MKC_d3;6000;ASH_COATED_OSMIUM;10067;12;10065;18;;;10074;11;10077;27;;;10070.5;0.0
yf_MKC_d3;6000;INTARIAN_PEPPER_ROOT;11409;20;11405;25;;;11415;16;11418;14;;;11412.0;0.0
yf_MKC_d3;6100;ASH_COATED_OSMIUM;10067;18;10063;21;;;10073;8;10077;19;;;10070.0;0.0
yf_MKC_d3;6100;INTARIAN_PEPPER_ROOT;11409;14;11406;17;;;11415;17;11417;16;;;11412.0;0.0
yf_MKC_d3;6200;ASH_COATED_OSMIUM;10067;15;10064;28;;;10073;15;10075;28;;;10070.0;0.0
yf_MKC_d3;6200;INTARIAN_PEPPER_ROOT;11407;13;11405;17;;;11415;9;11419;27;;;11411.0;0.0
yf_MKC_d3;6300;ASH_COATED_OSMIUM;10067;12;10063;21;;;10073;7;10076;26;;;10070.0;0.0
yf_MKC_d3;6300;INTARIAN_PEPPER_ROOT;11396;12;11393;22;;;11427;7;11431;14;;;11411.5;0.0
yf_MKC_d3;6400;ASH_COATED_OSMIUM;10061;16;10057;24;;;10079;16;10082;16;;;10070.0;0.0
yf_MKC_d3;6400;INTARIAN_PEPPER_ROOT;11404;26;11401;24;;;11417;10;11419;16;;;11410.5;0.0
yf_MKC_d3;6500;ASH_COATED_OSMIUM;10062;14;10058;27;;;10078;13;10081;25;;;10070.0;0.0
yf_MKC_d3;6500;INTARIAN_PEPPER_ROOT;11407;15;11405;16;;;11413;6;11415;14;;;11410.0;0.0
yf_MKC_d3;6600;ASH_COATED_OSMIUM;10067;14;10064;22;;;10073;11;10077;20;;;10070.0;0.0
yf_MKC_d3;6600;INTARIAN_PEPPER_ROOT;11399;20;11395;16;;;11421;10;11424;18;;;11410.0;0.0
yf_MKC_d3;6700;ASH_COATED_OSMIUM;10065;17;10063;12;;;10076;14;10079;25;;;10070.5;0.0
yf_MKC_d3;6700;INTARIAN_PEPPER_ROOT;11407;24;11403;16;;;11413;11;11417;29;;;11410.0;0.0
yf_MKC_d3;6800;ASH_COATED_OSMIUM;10067;11;10064;16;;;10073;16;10077;11;;;10070.0;0.0
yf_MKC_d3;6800;INTARIAN_PEPPER_ROOT;11407;19;11405;18;;;11413;16;11416;21;;;11410.0;0.0
yf_MKC_d3;6900;ASH_COATED_OSMIUM;10067;18;10063;16;;;10073;12;10075;19;;;10070.0;0.0
yf_MKC_d3;6900;INTARIAN_PEPPER_ROOT;11407;19;11403;15;;;11413;22;11415;19;;;11410.0;0.0
yf_MKC_d3;7000;ASH_COATED_OSMIUM;10067;18;10065;11;;;10073;13;10075;21;;;10070.0;0.0
yf_MKC_d3;7000;INTARIAN_PEPPER_ROOT;11406;19;11404;15;;;11412;15;11416;21;;;11409.0;0.0
yf_MKC_d3;7100;ASH_COATED_OSMIUM;10068;16;10064;26;;;10074;13;10077;13;;;10071.0;0.0
yf_MKC_d3;7100;INTARIAN_PEPPER_ROOT;11400;12;11396;26;;;11419;22;11421;24;;;11409.5;0.0
yf_MKC_d3;7200;ASH_COATED_OSMIUM;10065;14;10061;20;;;10076;10;10078;21;;;10070.5;0.0
yf_MKC_d3;7200;INTARIAN_PEPPER_ROOT;11404;15;11401;24;;;11414;8;11418;19;;;11409.0;0.0
yf_MKC_d3;7300;ASH_COATED_OSMIUM;10067;8;10063;21;;;10073;14;10077;13;;;10070.0;0.0
yf_MKC_d3;7300;INTARIAN_PEPPER_ROOT;11406;12;11402;18;;;11412;14;11415;16;;;11409.0;0.0
yf_MKC_d3;7400;ASH_COATED_OSMIUM;10067;9;10063;17;;;10074;26;10076;15;;;10070.5;0.0
yf_MKC_d3;7400;INTARIAN_PEPPER_ROOT;11406;17;11403;22;;;11412;9;11416;19;;;11409.0;0.0
yf_MKC_d3;7500;ASH_COATED_OSMIUM;10062;14;10060;19;;;10079;17;10082;29;;;10070.5;0.0
yf_MKC_d3;7500;INTARIAN_PEPPER_ROOT;11398;18;11396;21;;;11418;5;11420;22;;;11408.0;0.0
yf_MKC_d3;7600;ASH_COATED_OSMIUM;10064;11;10060;13;;;10077;9;10080;20;;;10070.5;0.0
yf_MKC_d3;7600;INTARIAN_PEPPER_ROOT;11399;22;11397;18;;;11417;8;11419;28;;;11408.0;0.0
yf_MKC_d3;7700;ASH_COATED_OSMIUM;10068;13;10064;20;;;10074;11;10076;11;;;10071.0;0.0
yf_MKC_d3;7700;INTARIAN_PEPPER_ROOT;11405;11;11402;24;;;11412;17;11415;17;;;11408.5;0.0
yf_MKC_d3;7800;ASH_COATED_OSMIUM;10065;15;10061;19;;;10077;21;10080;23;;;10071.0;0.0
yf_MKC_d3;7800;INTARIAN_PEPPER_ROOT;11405;18;11403;24;;;11411;15;11414;9;;;11408.0;0.0
yf_MKC_d3;7900;ASH_COATED_OSMIUM;10065;7;10063;12;;;10076;14;10078;11;;;10070.5;0.0
yf_MKC_d3;7900;INTARIAN_PEPPER_ROOT;11403;15;11400;17;;;11413;12;11416;20;;;11408.0;0.0
yf_MKC_d3;8000;ASH_COATED_OSMIUM;10068;22;10064;21;;;10074;11;10076;18;;;10071.0;0.0
yf_MKC_d3;8000;INTARIAN_PEPPER_ROOT;11404;11;11402;9;;;11412;13;11415;20;;;11408.0;0.0
yf_MKC_d3;8100;ASH_COATED_OSMIUM;10067;13;10065;14;;;10074;9;10078;17;;;10070.5;0.0
yf_MKC_d3;8100;INTARIAN_PEPPER_ROOT;11404;13;11400;27;;;11410;18;11412;15;;;11407.0;0.0
yf_MKC_d3;8200;ASH_COATED_OSMIUM;10066;5;10063;9;;;10075;17;10079;11;;;10070.5;0.0
yf_MKC_d3;8200;INTARIAN_PEPPER_ROOT;11404;16;11401;20;;;11410;13;11414;24;;;11407.0;0.0
yf_MKC_d3;8300;ASH_COATED_OSMIUM;10068;5;10064;26;;;10074;14;10078;19;;;10071.0;0.0
yf_MKC_d3;8300;INTARIAN_PEPPER_ROOT;11404;17;11401;20;;;11410;8;11414;23;;;11407.0;0.0
yf_MKC_d3;8400;ASH_COATED_OSMIUM;10065;20;10061;21;;;10077;19;10079;14;;;10071.0;0.0
yf_MKC_d3;8400;INTARIAN_PEPPER_ROOT;11404;17;11400;23;;;11410;15;11412;11;;;11407.0;0.0
yf_MKC_d3;8500;ASH_COATED_OSMIUM;10068;19;10064;19;;;10074;8;10078;21;;;10071.0;0.0
yf_MKC_d3;8500;INTARIAN_PEPPER_ROOT;11403;13;11401;23;;;11409;20;11413;24;;;11406.0;0.0
yf_MKC_d3;8600;ASH_COATED_OSMIUM;10067;7;10065;24;;;10074;14;10078;22;;;10070.5;0.0
yf_MKC_d3;8600;INTARIAN_PEPPER_ROOT;11401;16;11397;14;;;11411;19;11414;20;;;11406.0;0.0
yf_MKC_d3;8700;ASH_COATED_OSMIUM;10068;13;10064;17;;;10074;5;10076;19;;;10071.0;0.0
yf_MKC_d3;8700;INTARIAN_PEPPER_ROOT;11402;14;11399;20;;;11410;13;11412;14;;;11406.0;0.0
yf_MKC_d3;8800;ASH_COATED_OSMIUM;10068;14;10066;13;;;10074;15;10077;13;;;10071.0;0.0
yf_MKC_d3;8800;INTARIAN_PEPPER_ROOT;11400;12;11396;15;;;11411;16;11415;25;;;11405.5;0.0
yf_MKC_d3;8900;ASH_COATED_OSMIUM;10068;13;10066;10;;;10074;14;10077;19;;;10071.0;0.0
yf_MKC_d3;8900;INTARIAN_PEPPER_ROOT;11403;12;11401;17;;;11409;12;11411;13;;;11406.0;0.0
yf_MKC_d3;9000;ASH_COATED_OSMIUM;10068;15;10064;17;;;10074;12;10078;15;;;10071.0;0.0
yf_MKC_d3;9000;INTARIAN_PEPPER_ROOT;11399;5;11397;19;;;11412;7;11414;18;;;11405.5;0.0
yf_MKC_d3;9100;ASH_COATED_OSMIUM;10060;16;10058;23;;;10082;11;10084;8;;;10071.0;0.0
yf_MKC_d3;9100;INTARIAN_PEPPER_ROOT;11402;15;11398;27;;;11408;10;11410;17;;;11405.0;0.0
yf_MKC_d3;9200;ASH_COATED_OSMIUM;10059;16;10056;12;;;10084;17;10087;20;;;10071.5;0.0
yf_MKC_d3;9200;INTARIAN_PEPPER_ROOT;11402;12;11399;8;;;11408;12;11412;23;;;11405.0;0.0
yf_MKC_d3;9300;ASH_COATED_OSMIUM;10068;15;10065;17;;;10074;17;10076;29;;;10071.0;0.0
yf_MKC_d3;9300;INTARIAN_PEPPER_ROOT;11401;15;11399;23;;;11407;13;11409;12;;;11404.0;0.0
yf_MKC_d3;9400;ASH_COATED_OSMIUM;10068;6;10065;18;;;10075;17;10078;25;;;10071.5;0.0
yf_MKC_d3;9400;INTARIAN_PEPPER_ROOT;11401;15;11398;24;;;11407;9;11410;23;;;11404.0;0.0
yf_MKC_d3;9500;ASH_COATED_OSMIUM;10068;21;10066;18;;;10074;14;10077;22;;;10071.0;0.0
yf_MKC_d3;9500;INTARIAN_PEPPER_ROOT;11394;13;11390;12;;;11414;12;11416;28;;;11404.0;0.0
yf_MKC_d3;9600;ASH_COATED_OSMIUM;10068;8;10064;14;;;10074;11;10077;16;;;10071.0;0.0
yf_MKC_d3;9600;INTARIAN_PEPPER_ROOT;11401;15;11397;25;;;11407;17;11411;19;;;11404.0;0.0
yf_MKC_d3;9700;ASH_COATED_OSMIUM;10064;14;10062;20;;;10077;17;10079;20;;;10070.5;0.0
yf_MKC_d3;9700;INTARIAN_PEPPER_ROOT;11394;16;11391;23;;;11413;14;11415;22;;;11403.5;0.0
yf_MKC_d3;9800;ASH_COATED_OSMIUM;10061;16;10058;19;;;10081;9;10084;22;;;10071.0;0.0
yf_MKC_d3;9800;INTARIAN_PEPPER_ROOT;11400;7;11398;29;;;11407;14;11409;19;;;11403.5;0.0
yf_MKC_d3;9900;ASH_COATED_OSMIUM;10068;17;10066;16;;;10074;14;10078;22;;;10071.0;0.0
yf_MKC_d3;9900;INTARIAN_PEPPER_ROOT;11400;19;11396;25;;;11406;15;11410;26;;;11403.0;0.0
yf_MKC_d3;10000;ASH_COATED_OSMIUM;10069;14;10067;22;;;10075;9;10077;21;;;10072.0;0.0
yf_MKC_d3;10000;INTARIAN_PEPPER_ROOT;11400;20;11398;18;;;11406;19;11409;25;;;11403.0;0.0
yf_MKC_d3;10100;ASH_COATED_OSMIUM;10068;17;10065;29;;;10074;25;10076;15;;;10071.0;0.0
yf_MKC_d3;10100;INTARIAN_PEPPER_ROOT;11400;17;11397;23;;;11406;25;11410;21;;;11403.0;0.0
yf_MKC_d3;10200;ASH_COATED_OSMIUM;10060;20;10056;24;;;10083;20;10086;16;;;10071.5;0.0
yf_MKC_d3;10200;INTARIAN_PEPPER_ROOT;11400;12;11397;22;;;11406;11;11410;21;;;11403.0;0.0
yf_MKC_d3;10300;ASH_COATED_OSMIUM;10064;13;10061;22;;;10080;20;10083;12;;;10072.0;0.0
yf_MKC_d3;10300;INTARIAN_PEPPER_ROOT;11398;16;11394;22;;;11407;21;11411;13;;;11402.5;0.0
yf_MKC_d3;10400;ASH_COATED_OSMIUM;10068;18;10065;20;;;10074;13;10076;24;;;10071.0;0.0
yf_MKC_d3;10400;INTARIAN_PEPPER_ROOT;11399;16;11395;16;;;11405;18;11409;18;;;11402.0;0.0
yf_MKC_d3;10500;ASH_COATED_OSMIUM;10055;21;10051;25;;;10087;13;10090;26;;;10071.0;0.0
yf_MKC_d3;10500;INTARIAN_PEPPER_ROOT;11396;18;11393;21;;;11408;9;11411;17;;;11402.0;0.0
yf_MKC_d3;10600;ASH_COATED_OSMIUM;10069;10;10066;14;;;10075;16;10079;30;;;10072.0;0.0
yf_MKC_d3;10600;INTARIAN_PEPPER_ROOT;11395;8;11391;32;;;11408;5;11411;21;;;11401.5;0.0
yf_MKC_d3;10700;ASH_COATED_OSMIUM;10064;18;10060;25;;;10079;5;10081;18;;;10071.5;0.0
yf_MKC_d3;10700;INTARIAN_PEPPER_ROOT;11389;15;11386;20;;;11414;10;11416;25;;;11401.5;0.0
yf_MKC_d3;10800;ASH_COATED_OSMIUM;10068;19;10065;26;;;10074;9;10078;10;;;10071.0;0.0
yf_MKC_d3;10800;INTARIAN_PEPPER_ROOT;11397;12;11395;11;;;11405;18;11408;26;;;11401.0;0.0
yf_MKC_d3;10900;ASH_COATED_OSMIUM;10069;18;10065;15;;;10075;5;10077;17;;;10072.0;0.0
yf_MKC_d3;10900;INTARIAN_PEPPER_ROOT;11398;10;11395;29;;;11404;14;11406;21;;;11401.0;0.0
yf_MKC_d3;11000;ASH_COATED_OSMIUM;10069;9;10066;25;;;10075;16;10079;31;;;10072.0;0.0
yf_MKC_d3;11000;INTARIAN_PEPPER_ROOT;11398;17;11394;21;;;11404;13;11407;15;;;11401.0;0.0
yf_MKC_d3;11100;ASH_COATED_OSMIUM;10068;14;10065;16;;;10074;8;10078;14;;;10071.0;0.0
yf_MKC_d3;11100;INTARIAN_PEPPER_ROOT;11398;19;11396;11;;;11404;5;11408;25;;;11401.0;0.0
yf_MKC_d3;11200;ASH_COATED_OSMIUM;10064;12;10061;17;;;10079;17;10082;15;;;10071.5;0.0
yf_MKC_d3;11200;INTARIAN_PEPPER_ROOT;11396;9;11393;21;;;11404;12;11407;21;;;11400.0;0.0
yf_MKC_d3;11300;ASH_COATED_OSMIUM;10066;17;10064;16;;;10077;10;10080;21;;;10071.5;0.0
yf_MKC_d3;11300;INTARIAN_PEPPER_ROOT;11397;20;11394;16;;;11403;13;11406;19;;;11400.0;0.0
yf_MKC_d3;11400;ASH_COATED_OSMIUM;10069;14;10065;20;;;10075;8;10079;16;;;10072.0;0.0
yf_MKC_d3;11400;INTARIAN_PEPPER_ROOT;11396;12;11393;31;;;11402;16;11405;12;;;11399.0;0.0
yf_MKC_d3;11500;ASH_COATED_OSMIUM;10067;17;10064;23;;;10076;5;10079;20;;;10071.5;0.0
yf_MKC_d3;11500;INTARIAN_PEPPER_ROOT;11397;19;11395;25;;;11403;10;11407;19;;;11400.0;0.0
yf_MKC_d3;11600;ASH_COATED_OSMIUM;10068;16;10064;12;;;10074;19;10077;17;;;10071.0;0.0
yf_MKC_d3;11600;INTARIAN_PEPPER_ROOT;11396;14;11392;16;;;11402;13;11404;10;;;11399.0;0.0
yf_MKC_d3;11700;ASH_COATED_OSMIUM;10069;5;10065;18;;;10075;21;10079;29;;;10072.0;0.0
yf_MKC_d3;11700;INTARIAN_PEPPER_ROOT;11389;17;11387;19;;;11409;7;11411;24;;;11399.0;0.0
yf_MKC_d3;11800;ASH_COATED_OSMIUM;10069;27;10065;17;;;10075;16;10077;15;;;10072.0;0.0
yf_MKC_d3;11800;INTARIAN_PEPPER_ROOT;11392;24;11389;19;;;11405;19;11408;27;;;11398.5;0.0
yf_MKC_d3;11900;ASH_COATED_OSMIUM;10069;8;10067;23;;;10075;14;10077;32;;;10072.0;0.0
yf_MKC_d3;11900;INTARIAN_PEPPER_ROOT;11395;20;11392;12;;;11402;14;11405;16;;;11398.5;0.0
yf_MKC_d3;12000;ASH_COATED_OSMIUM;10069;20;10065;23;;;10075;14;10079;24;;;10072.0;0.0
yf_MKC_d3;12000;INTARIAN_PEPPER_ROOT;11384;11;11382;23;;;11412;12;11414;20;;;11398.0;0.0
yf_MKC_d3;12100;ASH_COATED_OSMIUM;10068;5;10066;20;;;10074;13;10076;22;;;10071.0;0.0
yf_MKC_d3;12100;INTARIAN_PEPPER_ROOT;11395;8;11393;11;;;11401;19;11404;28;;;11398.0;0.0
yf_MKC_d3;12200;ASH_COATED_OSMIUM;10069;20;10065;17;;;10075;13;10078;17;;;10072.0;0.0
yf_MKC_d3;12200;INTARIAN_PEPPER_ROOT;11395;16;11391;25;;;11401;17;11404;15;;;11398.0;0.0
yf_MKC_d3;12300;ASH_COATED_OSMIUM;10069;17;10065;21;;;10075;13;10079;22;;;10072.0;0.0
yf_MKC_d3;12300;INTARIAN_PEPPER_ROOT;11394;5;11390;28;;;11401;16;11405;23;;;11397.5;0.0
yf_MKC_d3;12400;ASH_COATED_OSMIUM;10069;26;10067;21;;;10075;12;10079;26;;;10072.0;0.0
yf_MKC_d3;12400;INTARIAN_PEPPER_ROOT;11394;17;11391;10;;;11401;12;11404;20;;;11397.5;0.0
yf_MKC_d3;12500;ASH_COATED_OSMIUM;10069;19;10066;22;;;10075;25;10077;18;;;10072.0;0.0
yf_MKC_d3;12500;INTARIAN_PEPPER_ROOT;11395;10;11391;11;;;11401;20;11405;23;;;11398.0;0.0
yf_MKC_d3;12600;ASH_COATED_OSMIUM;10069;11;10065;17;;;10075;8;10079;15;;;10072.0;0.0
yf_MKC_d3;12600;INTARIAN_PEPPER_ROOT;11384;16;11380;16;;;11409;18;11413;15;;;11396.5;0.0
yf_MKC_d3;12700;ASH_COATED_OSMIUM;10068;10;10066;24;;;10077;13;10080;10;;;10072.5;0.0
yf_MKC_d3;12700;INTARIAN_PEPPER_ROOT;11394;21;11391;20;;;11400;10;11402;18;;;11397.0;0.0
yf_MKC_d3;12800;ASH_COATED_OSMIUM;10064;13;10060;23;;;10081;10;10085;19;;;10072.5;0.0
yf_MKC_d3;12800;INTARIAN_PEPPER_ROOT;11393;15;11389;26;;;11399;11;11403;18;;;11396.0;0.0
yf_MKC_d3;12900;ASH_COATED_OSMIUM;10067;19;10065;11;;;10076;16;10078;25;;;10071.5;0.0
yf_MKC_d3;12900;INTARIAN_PEPPER_ROOT;11393;13;11391;20;;;11399;13;11401;9;;;11396.0;0.0
yf_MKC_d3;13000;ASH_COATED_OSMIUM;10069;22;10067;20;;;10075;15;10079;20;;;10072.0;0.0
yf_MKC_d3;13000;INTARIAN_PEPPER_ROOT;11393;12;11389;21;;;11400;12;11402;24;;;11396.5;0.0
yf_MKC_d3;13100;ASH_COATED_OSMIUM;10060;17;10057;19;;;10084;17;10086;21;;;10072.0;0.0
yf_MKC_d3;13100;INTARIAN_PEPPER_ROOT;11393;13;11391;11;;;11399;13;11402;18;;;11396.0;0.0
yf_MKC_d3;13200;ASH_COATED_OSMIUM;10069;15;10066;20;;;10075;16;10077;27;;;10072.0;0.0
yf_MKC_d3;13200;INTARIAN_PEPPER_ROOT;11393;21;11390;27;;;11399;13;11401;14;;;11396.0;0.0
yf_MKC_d3;13300;ASH_COATED_OSMIUM;10069;14;10066;27;;;10075;5;10077;11;;;10072.0;0.0
yf_MKC_d3;13300;INTARIAN_PEPPER_ROOT;11393;11;11389;15;;;11399;5;11403;23;;;11396.0;0.0
yf_MKC_d3;13400;ASH_COATED_OSMIUM;10069;9;10067;22;;;10075;24;10078;22;;;10072.0;0.0
yf_MKC_d3;13400;INTARIAN_PEPPER_ROOT;11392;11;11388;18;;;11398;17;11401;19;;;11395.0;0.0
yf_MKC_d3;13500;ASH_COATED_OSMIUM;10069;11;10067;23;;;10075;13;10079;17;;;10072.0;0.0
yf_MKC_d3;13500;INTARIAN_PEPPER_ROOT;11392;14;11389;24;;;11398;11;11402;16;;;11395.0;0.0
yf_MKC_d3;13600;ASH_COATED_OSMIUM;10069;8;10066;16;;;10075;17;10077;15;;;10072.0;0.0
yf_MKC_d3;13600;INTARIAN_PEPPER_ROOT;11391;6;11389;11;;;11399;26;11401;17;;;11395.0;0.0
yf_MKC_d3;13700;ASH_COATED_OSMIUM;10069;10;10065;16;;;10075;9;10078;27;;;10072.0;0.0
yf_MKC_d3;13700;INTARIAN_PEPPER_ROOT;11388;14;11386;22;;;11401;9;11405;15;;;11394.5;0.0
yf_MKC_d3;13800;ASH_COATED_OSMIUM;10069;26;10066;12;;;10075;28;10078;12;;;10072.0;0.0
yf_MKC_d3;13800;INTARIAN_PEPPER_ROOT;11391;14;11387;16;;;11397;17;11400;15;;;11394.0;0.0
yf_MKC_d3;13900;ASH_COATED_OSMIUM;10069;13;10067;10;;;10075;24;10078;20;;;10072.0;0.0
yf_MKC_d3;13900;INTARIAN_PEPPER_ROOT;11392;12;11389;13;;;11398;13;11400;14;;;11395.0;0.0
yf_MKC_d3;14000;ASH_COATED_OSMIUM;10067;18;10064;17;;;10078;15;10080;19;;;10072.5;0.0
yf_MKC_d3;14000;INTARIAN_PEPPER_ROOT;11380;12;11378;18;;;11407;14;11410;9;;;11393.5;0.0
yf_MKC_d3;14100;ASH_COATED_OSMIUM;10065;11;10061;9;;;10080;17;10084;21;;;10072.5;0.0
yf_MKC_d3;14100;INTARIAN_PEPPER_ROOT;11390;17;11387;22;;;11396;15;11400;18;;;11393.0;0.0
yf_MKC_d3;14200;ASH_COATED_OSMIUM;10068;13;10066;20;;;10076;10;10079;27;;;10072.0;0.0
yf_MKC_d3;14200;INTARIAN_PEPPER_ROOT;11390;15;11387;19;;;11396;5;11400;12;;;11393.0;0.0
yf_MKC_d3;14300;ASH_COATED_OSMIUM;10067;18;10064;21;;;10078;20;10081;15;;;10072.5;0.0
yf_MKC_d3;14300;INTARIAN_PEPPER_ROOT;11389;13;11386;17;;;11398;10;11401;24;;;11393.5;0.0
yf_MKC_d3;14400;ASH_COATED_OSMIUM;10070;13;10068;24;;;10076;8;10079;28;;;10073.0;0.0
yf_MKC_d3;14400;INTARIAN_PEPPER_ROOT;11390;13;11387;10;;;11396;13;11400;25;;;11393.0;0.0
yf_MKC_d3;14500;ASH_COATED_OSMIUM;10069;15;10067;25;;;10075;18;10079;14;;;10072.0;0.0
yf_MKC_d3;14500;INTARIAN_PEPPER_ROOT;11388;12;11385;22;;;11397;17;11399;33;;;11392.5;0.0
yf_MKC_d3;14600;ASH_COATED_OSMIUM;10069;17;10065;19;;;10075;19;10079;20;;;10072.0;0.0
yf_MKC_d3;14600;INTARIAN_PEPPER_ROOT;11389;17;11386;22;;;11395;20;11398;20;;;11392.0;0.0
yf_MKC_d3;14700;ASH_COATED_OSMIUM;10068;16;10066;22;;;10077;13;10081;10;;;10072.5;0.0
yf_MKC_d3;14700;INTARIAN_PEPPER_ROOT;11389;14;11385;10;;;11395;21;11397;18;;;11392.0;0.0
yf_MKC_d3;14800;ASH_COATED_OSMIUM;10069;10;10065;13;;;10075;23;10077;32;;;10072.0;0.0
yf_MKC_d3;14800;INTARIAN_PEPPER_ROOT;11388;9;11385;27;;;11396;14;11398;22;;;11392.0;0.0
yf_MKC_d3;14900;ASH_COATED_OSMIUM;10070;16;10068;27;;;10076;5;10078;22;;;10073.0;0.0
yf_MKC_d3;14900;INTARIAN_PEPPER_ROOT;11385;5;11383;21;;;11398;13;11402;21;;;11391.5;0.0
yf_MKC_d3;15000;ASH_COATED_OSMIUM;10065;24;10061;25;;;10080;15;10083;11;;;10072.5;0.0
yf_MKC_d3;15000;INTARIAN_PEPPER_ROOT;11380;10;11376;17;;;11404;11;11408;10;;;11392.0;0.0
yf_MKC_d3;15100;ASH_COATED_OSMIUM;10070;16;10067;16;;;10076;18;10078;18;;;10073.0;0.0
yf_MKC_d3;15100;INTARIAN_PEPPER_ROOT;11389;12;11386;8;;;11395;5;11397;28;;;11392.0;0.0
yf_MKC_d3;15200;ASH_COATED_OSMIUM;10069;16;10066;19;;;10075;14;10078;18;;;10072.0;0.0
yf_MKC_d3;15200;INTARIAN_PEPPER_ROOT;11388;15;11385;18;;;11394;18;11398;22;;;11391.0;0.0
yf_MKC_d3;15300;ASH_COATED_OSMIUM;10070;5;10067;20;;;10076;8;10078;23;;;10073.0;0.0
yf_MKC_d3;15300;INTARIAN_PEPPER_ROOT;11388;13;11384;11;;;11394;20;11396;20;;;11391.0;0.0
yf_MKC_d3;15400;ASH_COATED_OSMIUM;10068;17;10064;20;;;10077;7;10079;20;;;10072.5;0.0
yf_MKC_d3;15400;INTARIAN_PEPPER_ROOT;11388;18;11385;15;;;11394;14;11397;32;;;11391.0;0.0
yf_MKC_d3;15500;ASH_COATED_OSMIUM;10070;13;10067;26;;;10076;20;10080;14;;;10073.0;0.0
yf_MKC_d3;15500;INTARIAN_PEPPER_ROOT;11387;13;11383;35;;;11393;21;11396;21;;;11390.0;0.0
yf_MKC_d3;15600;ASH_COATED_OSMIUM;10066;9;10063;16;;;10079;12;10081;8;;;10072.5;0.0
yf_MKC_d3;15600;INTARIAN_PEPPER_ROOT;11387;22;11385;25;;;11393;12;11395;24;;;11390.0;0.0
yf_MKC_d3;15700;ASH_COATED_OSMIUM;10070;21;10068;22;;;10076;8;10078;14;;;10073.0;0.0
yf_MKC_d3;15700;INTARIAN_PEPPER_ROOT;11380;17;11378;17;;;11401;13;11403;24;;;11390.5;0.0
yf_MKC_d3;15800;ASH_COATED_OSMIUM;10070;12;10066;25;;;10076;11;10079;26;;;10073.0;0.0
yf_MKC_d3;15800;INTARIAN_PEPPER_ROOT;11387;13;11384;24;;;11393;13;11397;22;;;11390.0;0.0
yf_MKC_d3;15900;ASH_COATED_OSMIUM;10070;19;10066;23;;;10076;7;10078;23;;;10073.0;0.0
yf_MKC_d3;15900;INTARIAN_PEPPER_ROOT;11387;17;11385;17;;;11393;13;11395;15;;;11390.0;0.0
yf_MKC_d3;16000;ASH_COATED_OSMIUM;10070;16;10066;21;;;10076;22;10079;21;;;10073.0;0.0
yf_MKC_d3;16000;INTARIAN_PEPPER_ROOT;11381;14;11378;32;;;11399;12;11403;14;;;11390.0;0.0
yf_MKC_d3;16100;ASH_COATED_OSMIUM;10070;7;10067;25;;;10076;12;10079;17;;;10073.0;0.0
yf_MKC_d3;16100;INTARIAN_PEPPER_ROOT;11386;13;11382;17;;;11392;14;11396;15;;;11389.0;0.0
yf_MKC_d3;16200;ASH_COATED_OSMIUM;10066;16;10063;21;;;10079;9;10083;21;;;10072.5;0.0
yf_MKC_d3;16200;INTARIAN_PEPPER_ROOT;11386;16;11384;19;;;11392;8;11394;22;;;11389.0;0.0
yf_MKC_d3;16300;ASH_COATED_OSMIUM;10069;14;10065;25;;;10078;15;10082;26;;;10073.5;0.0
yf_MKC_d3;16300;INTARIAN_PEPPER_ROOT;11386;15;11383;19;;;11392;15;11396;22;;;11389.0;0.0
yf_MKC_d3;16400;ASH_COATED_OSMIUM;10070;13;10068;28;;;10076;16;10080;18;;;10073.0;0.0
yf_MKC_d3;16400;INTARIAN_PEPPER_ROOT;11385;8;11381;15;;;11391;13;11394;19;;;11388.0;0.0
yf_MKC_d3;16500;ASH_COATED_OSMIUM;10055;23;10052;21;;;10092;15;10095;22;;;10073.5;0.0
yf_MKC_d3;16500;INTARIAN_PEPPER_ROOT;11382;8;11379;21;;;11395;15;11398;19;;;11388.5;0.0
yf_MKC_d3;16600;ASH_COATED_OSMIUM;10068;14;10066;14;;;10079;7;10082;24;;;10073.5;0.0
yf_MKC_d3;16600;INTARIAN_PEPPER_ROOT;11385;24;11383;26;;;11391;14;11394;13;;;11388.0;0.0
yf_MKC_d3;16700;ASH_COATED_OSMIUM;10065;19;10063;21;;;10081;8;10085;19;;;10073.0;0.0
yf_MKC_d3;16700;INTARIAN_PEPPER_ROOT;11385;5;11382;22;;;11391;21;11395;11;;;11388.0;0.0
yf_MKC_d3;16800;ASH_COATED_OSMIUM;10062;13;10060;15;;;10084;12;10086;18;;;10073.0;0.0
yf_MKC_d3;16800;INTARIAN_PEPPER_ROOT;11385;16;11383;18;;;11391;15;11395;18;;;11388.0;0.0
yf_MKC_d3;16900;ASH_COATED_OSMIUM;10070;6;10068;24;;;10076;24;10079;25;;;10073.0;0.0
yf_MKC_d3;16900;INTARIAN_PEPPER_ROOT;11382;8;11379;20;;;11392;21;11394;22;;;11387.0;0.0
yf_MKC_d3;17000;ASH_COATED_OSMIUM;10069;17;10067;17;;;10075;18;10079;19;;;10072.0;0.0
yf_MKC_d3;17000;INTARIAN_PEPPER_ROOT;11385;17;11383;21;;;11391;15;11395;24;;;11388.0;0.0
yf_MKC_d3;17100;ASH_COATED_OSMIUM;10070;15;10067;15;;;10076;16;10080;18;;;10073.0;0.0
yf_MKC_d3;17100;INTARIAN_PEPPER_ROOT;11385;13;11383;22;;;11391;11;11394;21;;;11388.0;0.0
yf_MKC_d3;17200;ASH_COATED_OSMIUM;10070;8;10068;31;;;10076;19;10080;30;;;10073.0;0.0
yf_MKC_d3;17200;INTARIAN_PEPPER_ROOT;11383;21;11381;22;;;11391;19;11395;21;;;11387.0;0.0
yf_MKC_d3;17300;ASH_COATED_OSMIUM;10069;14;10065;22;;;10076;18;10078;17;;;10072.5;0.0
yf_MKC_d3;17300;INTARIAN_PEPPER_ROOT;11377;12;11375;21;;;11399;10;11401;16;;;11388.0;0.0
yf_MKC_d3;17400;ASH_COATED_OSMIUM;10070;22;10066;23;;;10076;16;10080;21;;;10073.0;0.0
yf_MKC_d3;17400;INTARIAN_PEPPER_ROOT;11385;19;11382;24;;;11391;18;11393;25;;;11388.0;0.0
yf_MKC_d3;17500;ASH_COATED_OSMIUM;10069;14;10066;22;;;10075;11;10079;17;;;10072.0;0.0
yf_MKC_d3;17500;INTARIAN_PEPPER_ROOT;11385;17;11381;20;;;11391;16;11394;17;;;11388.0;0.0
yf_MKC_d3;17600;ASH_COATED_OSMIUM;10070;18;10068;21;;;10076;17;10079;24;;;10073.0;0.0
yf_MKC_d3;17600;INTARIAN_PEPPER_ROOT;11378;22;11376;21;;;11399;21;11401;19;;;11388.5;0.0
yf_MKC_d3;17700;ASH_COATED_OSMIUM;10068;19;10064;17;;;10077;16;10080;9;;;10072.5;0.0
yf_MKC_d3;17700;INTARIAN_PEPPER_ROOT;11386;13;11383;21;;;11392;13;11396;17;;;11389.0;0.0
yf_MKC_d3;17800;ASH_COATED_OSMIUM;10062;5;10058;17;;;10083;16;10086;26;;;10072.5;0.0
yf_MKC_d3;17800;INTARIAN_PEPPER_ROOT;11386;13;11383;20;;;11392;12;11394;20;;;11389.0;0.0
yf_MKC_d3;17900;ASH_COATED_OSMIUM;10063;17;10059;16;;;10083;19;10086;13;;;10073.0;0.0
yf_MKC_d3;17900;INTARIAN_PEPPER_ROOT;11386;18;11384;24;;;11392;8;11395;21;;;11389.0;0.0
yf_MKC_d3;18000;ASH_COATED_OSMIUM;10068;14;10064;21;;;10077;15;10079;14;;;10072.5;0.0
yf_MKC_d3;18000;INTARIAN_PEPPER_ROOT;11379;10;11376;29;;;11399;21;11401;20;;;11389.0;0.0
yf_MKC_d3;18100;ASH_COATED_OSMIUM;10069;17;10067;12;;;10075;8;10078;13;;;10072.0;0.0
yf_MKC_d3;18100;INTARIAN_PEPPER_ROOT;11385;14;11383;27;;;11394;16;11398;20;;;11389.5;0.0
yf_MKC_d3;18200;ASH_COATED_OSMIUM;10069;23;10065;23;;;10075;15;10078;24;;;10072.0;0.0
yf_MKC_d3;18200;INTARIAN_PEPPER_ROOT;11386;6;11384;17;;;11392;25;11394;19;;;11389.0;0.0
yf_MKC_d3;18300;ASH_COATED_OSMIUM;10069;22;10066;24;;;10075;24;10079;15;;;10072.0;0.0
yf_MKC_d3;18300;INTARIAN_PEPPER_ROOT;11386;14;11383;19;;;11392;17;11395;29;;;11389.0;0.0
yf_MKC_d3;18400;ASH_COATED_OSMIUM;10069;7;10066;17;;;10075;25;10079;11;;;10072.0;0.0
yf_MKC_d3;18400;INTARIAN_PEPPER_ROOT;11386;19;11384;21;;;11393;15;11395;26;;;11389.5;0.0
yf_MKC_d3;18500;ASH_COATED_OSMIUM;10062;13;10060;25;;;10082;19;10085;16;;;10072.0;0.0
yf_MKC_d3;18500;INTARIAN_PEPPER_ROOT;11381;22;11378;27;;;11398;17;11401;13;;;11389.5;0.0
yf_MKC_d3;18600;ASH_COATED_OSMIUM;10067;16;10065;15;;;10077;14;10080;13;;;10072.0;0.0
yf_MKC_d3;18600;INTARIAN_PEPPER_ROOT;11388;12;11384;17;;;11394;17;11396;14;;;11391.0;0.0
yf_MKC_d3;18700;ASH_COATED_OSMIUM;10069;14;10065;16;;;10075;10;10079;13;;;10072.0;0.0
yf_MKC_d3;18700;INTARIAN_PEPPER_ROOT;11384;15;11382;25;;;11396;9;11398;18;;;11390.0;0.0
yf_MKC_d3;18800;ASH_COATED_OSMIUM;10064;10;10062;20;;;10080;15;10082;17;;;10072.0;0.0
yf_MKC_d3;18800;INTARIAN_PEPPER_ROOT;11387;5;11383;11;;;11393;16;11396;20;;;11390.0;0.0
yf_MKC_d3;18900;ASH_COATED_OSMIUM;10065;15;10061;26;;;10079;22;10081;22;;;10072.0;0.0
yf_MKC_d3;18900;INTARIAN_PEPPER_ROOT;11387;15;11384;22;;;11394;17;11397;19;;;11390.5;0.0
yf_MKC_d3;19000;ASH_COATED_OSMIUM;10065;21;10061;17;;;10079;23;10083;20;;;10072.0;0.0
yf_MKC_d3;19000;INTARIAN_PEPPER_ROOT;11384;15;11381;17;;;11397;13;11399;19;;;11390.5;0.0
yf_MKC_d3;19100;ASH_COATED_OSMIUM;10065;6;10062;17;;;10079;16;10083;14;;;10072.0;0.0
yf_MKC_d3;19100;INTARIAN_PEPPER_ROOT;11388;11;11384;27;;;11394;20;11398;16;;;11391.0;0.0
yf_MKC_d3;19200;ASH_COATED_OSMIUM;10069;20;10066;18;;;10075;15;10079;29;;;10072.0;0.0
yf_MKC_d3;19200;INTARIAN_PEPPER_ROOT;11387;14;11385;26;;;11395;11;11399;14;;;11391.0;0.0
yf_MKC_d3;19300;ASH_COATED_OSMIUM;10056;11;10052;28;;;10087;21;10090;25;;;10071.5;0.0
yf_MKC_d3;19300;INTARIAN_PEPPER_ROOT;11389;11;11387;18;;;11395;5;11397;27;;;11392.0;0.0
yf_MKC_d3;19400;ASH_COATED_OSMIUM;10069;6;10066;25;;;10075;19;10077;18;;;10072.0;0.0
yf_MKC_d3;19400;INTARIAN_PEPPER_ROOT;11384;7;11381;15;;;11398;11;11400;23;;;11391.0;0.0
yf_MKC_d3;19500;ASH_COATED_OSMIUM;10068;20;10066;27;;;10074;12;10076;26;;;10071.0;0.0
yf_MKC_d3;19500;INTARIAN_PEPPER_ROOT;11384;12;11382;18;;;11398;14;11400;16;;;11391.0;0.0
yf_MKC_d3;19600;ASH_COATED_OSMIUM;10058;10;10054;21;;;10085;19;10088;20;;;10071.5;0.0
yf_MKC_d3;19600;INTARIAN_PEPPER_ROOT;11388;11;11385;18;;;11396;7;11399;18;;;11392.0;0.0
yf_MKC_d3;19700;ASH_COATED_OSMIUM;10063;8;10060;25;;;10081;10;10083;16;;;10072.0;0.0
yf_MKC_d3;19700;INTARIAN_PEPPER_ROOT;11374;8;11370;14;;;11409;26;11412;18;;;11391.5;0.0
yf_MKC_d3;19800;ASH_COATED_OSMIUM;10067;22;10065;30;;;10076;17;10078;19;;;10071.5;0.0
yf_MKC_d3;19800;INTARIAN_PEPPER_ROOT;11389;18;11386;19;;;11395;17;11398;20;;;11392.0;0.0
yf_MKC_d3;19900;ASH_COATED_OSMIUM;10068;8;10064;28;;;10074;20;10077;23;;;10071.0;0.0
yf_MKC_d3;19900;INTARIAN_PEPPER_ROOT;11389;18;11385;20;;;11395;16;11399;29;;;11392.0;0.0
yf_MKC_d3;20000;ASH_COATED_OSMIUM;10068;20;10064;23;;;10074;11;10078;29;;;10071.0;0.0
yf_MKC_d3;20000;INTARIAN_PEPPER_ROOT;11382;13;11378;22;;;11403;11;11405;15;;;11392.5;0.0
yf_MKC_d3;20100;ASH_COATED_OSMIUM;10068;21;10066;18;;;10074;12;10078;13;;;10071.0;0.0
yf_MKC_d3;20100;INTARIAN_PEPPER_ROOT;11386;19;11384;29;;;11400;12;11404;22;;;11393.0;0.0
yf_MKC_d3;20200;ASH_COATED_OSMIUM;10064;5;10061;18;;;10078;17;10080;22;;;10071.0;0.0
yf_MKC_d3;20200;INTARIAN_PEPPER_ROOT;11389;14;11385;12;;;11395;13;11398;10;;;11392.0;0.0
yf_MKC_d3;20300;ASH_COATED_OSMIUM;10064;13;10061;13;;;10080;21;10084;12;;;10072.0;0.0
yf_MKC_d3;20300;INTARIAN_PEPPER_ROOT;11390;16;11387;8;;;11396;17;11398;24;;;11393.0;0.0
yf_MKC_d3;20400;ASH_COATED_OSMIUM;10068;12;10064;21;;;10074;13;10077;27;;;10071.0;0.0
yf_MKC_d3;20400;INTARIAN_PEPPER_ROOT;11389;15;11385;18;;;11397;10;11401;13;;;11393.0;0.0
yf_MKC_d3;20500;ASH_COATED_OSMIUM;10068;18;10064;24;;;10074;9;10077;25;;;10071.0;0.0
yf_MKC_d3;20500;INTARIAN_PEPPER_ROOT;11390;14;11387;21;;;11396;14;11398;24;;;11393.0;0.0
yf_MKC_d3;20600;ASH_COATED_OSMIUM;10065;8;10061;18;;;10077;7;10079;19;;;10071.0;0.0
yf_MKC_d3;20600;INTARIAN_PEPPER_ROOT;11390;14;11388;13;;;11396;21;11400;10;;;11393.0;0.0
yf_MKC_d3;20700;ASH_COATED_OSMIUM;10068;5;10064;22;;;10074;12;10077;15;;;10071.0;0.0
yf_MKC_d3;20700;INTARIAN_PEPPER_ROOT;11390;9;11388;14;;;11396;16;11399;17;;;11393.0;0.0
yf_MKC_d3;20800;ASH_COATED_OSMIUM;10068;9;10064;25;;;10074;17;10076;27;;;10071.0;0.0
yf_MKC_d3;20800;INTARIAN_PEPPER_ROOT;11389;9;11385;16;;;11397;13;11399;14;;;11393.0;0.0
yf_MKC_d3;20900;ASH_COATED_OSMIUM;10068;17;10066;22;;;10074;15;10076;8;;;10071.0;0.0
yf_MKC_d3;20900;INTARIAN_PEPPER_ROOT;11390;13;11386;21;;;11397;16;11399;18;;;11393.5;0.0
yf_MKC_d3;21000;ASH_COATED_OSMIUM;10068;10;10066;23;;;10074;9;10078;20;;;10071.0;0.0
yf_MKC_d3;21000;INTARIAN_PEPPER_ROOT;11390;7;11386;22;;;11396;15;11398;24;;;11393.0;0.0
yf_MKC_d3;21100;ASH_COATED_OSMIUM;10068;23;10066;23;;;10074;17;10077;20;;;10071.0;0.0
yf_MKC_d3;21100;INTARIAN_PEPPER_ROOT;11370;12;11368;17;;;11418;19;11422;21;;;11394.0;0.0
yf_MKC_d3;21200;ASH_COATED_OSMIUM;10066;12;10063;20;;;10075;17;10079;23;;;10070.5;0.0
yf_MKC_d3;21200;INTARIAN_PEPPER_ROOT;11391;21;11387;13;;;11397;9;11399;21;;;11394.0;0.0
yf_MKC_d3;21300;ASH_COATED_OSMIUM;10068;5;10065;8;;;10074;9;10077;25;;;10071.0;0.0
yf_MKC_d3;21300;INTARIAN_PEPPER_ROOT;11391;5;11387;12;;;11397;15;11399;20;;;11394.0;0.0
yf_MKC_d3;21400;ASH_COATED_OSMIUM;10061;16;10059;21;;;10080;11;10084;18;;;10070.5;0.0
yf_MKC_d3;21400;INTARIAN_PEPPER_ROOT;11385;19;11383;16;;;11402;13;11406;16;;;11393.5;0.0
yf_MKC_d3;21500;ASH_COATED_OSMIUM;10068;17;10066;28;;;10074;13;10078;20;;;10071.0;0.0
yf_MKC_d3;21500;INTARIAN_PEPPER_ROOT;11379;7;11375;20;;;11408;16;11412;23;;;11393.5;0.0
yf_MKC_d3;21600;ASH_COATED_OSMIUM;10067;18;10063;24;;;10074;16;10077;17;;;10070.5;0.0
yf_MKC_d3;21600;INTARIAN_PEPPER_ROOT;11390;10;11386;9;;;11399;18;11401;19;;;11394.5;0.0
yf_MKC_d3;21700;ASH_COATED_OSMIUM;10063;8;10060;24;;;10077;17;10081;17;;;10070.0;0.0
yf_MKC_d3;21700;INTARIAN_PEPPER_ROOT;11381;16;11379;8;;;11409;21;11411;15;;;11395.0;0.0
yf_MKC_d3;21800;ASH_COATED_OSMIUM;10062;19;10058;19;;;10079;9;10081;21;;;10070.5;0.0
yf_MKC_d3;21800;INTARIAN_PEPPER_ROOT;11389;16;11385;20;;;11400;8;11402;15;;;11394.5;0.0
yf_MKC_d3;21900;ASH_COATED_OSMIUM;10068;14;10066;15;;;10074;14;10076;22;;;10071.0;0.0
yf_MKC_d3;21900;INTARIAN_PEPPER_ROOT;11392;30;11390;18;;;11398;5;11402;22;;;11395.0;0.0
yf_MKC_d3;22000;ASH_COATED_OSMIUM;10063;18;10059;22;;;10078;15;10081;22;;;10070.5;0.0
yf_MKC_d3;22000;INTARIAN_PEPPER_ROOT;11393;15;11391;26;;;11399;15;11402;23;;;11396.0;0.0
yf_MKC_d3;22100;ASH_COATED_OSMIUM;10067;15;10064;21;;;10073;18;10075;15;;;10070.0;0.0
yf_MKC_d3;22100;INTARIAN_PEPPER_ROOT;11387;18;11384;22;;;11404;21;11408;16;;;11395.5;0.0
yf_MKC_d3;22200;ASH_COATED_OSMIUM;10064;9;10061;17;;;10077;22;10079;16;;;10070.5;0.0
yf_MKC_d3;22200;INTARIAN_PEPPER_ROOT;11389;9;11385;22;;;11404;15;11408;20;;;11396.5;0.0
yf_MKC_d3;22300;ASH_COATED_OSMIUM;10066;15;10062;21;;;10075;18;10079;17;;;10070.5;0.0
yf_MKC_d3;22300;INTARIAN_PEPPER_ROOT;11392;18;11390;13;;;11400;14;11403;28;;;11396.0;0.0
yf_MKC_d3;22400;ASH_COATED_OSMIUM;10064;24;10060;25;;;10076;16;10078;23;;;10070.0;0.0
yf_MKC_d3;22400;INTARIAN_PEPPER_ROOT;11392;9;11389;22;;;11399;11;11402;14;;;11395.5;0.0
yf_MKC_d3;22500;ASH_COATED_OSMIUM;10063;9;10060;15;;;10078;24;10080;22;;;10070.5;0.0
yf_MKC_d3;22500;INTARIAN_PEPPER_ROOT;11361;12;11359;29;;;11431;18;11433;12;;;11396.0;0.0
yf_MKC_d3;22600;ASH_COATED_OSMIUM;10066;9;10064;13;;;10075;17;10077;25;;;10070.5;0.0
yf_MKC_d3;22600;INTARIAN_PEPPER_ROOT;11393;12;11391;9;;;11399;13;11402;18;;;11396.0;0.0
yf_MKC_d3;22700;ASH_COATED_OSMIUM;10067;12;10065;16;;;10073;14;10076;22;;;10070.0;0.0
yf_MKC_d3;22700;INTARIAN_PEPPER_ROOT;11393;12;11389;15;;;11399;15;11401;30;;;11396.0;0.0
yf_MKC_d3;22800;ASH_COATED_OSMIUM;10068;13;10066;13;;;10074;12;10077;20;;;10071.0;0.0
yf_MKC_d3;22800;INTARIAN_PEPPER_ROOT;11393;7;11390;23;;;11399;16;11403;19;;;11396.0;0.0
yf_MKC_d3;22900;ASH_COATED_OSMIUM;10067;17;10063;14;;;10073;15;10075;17;;;10070.0;0.0
yf_MKC_d3;22900;INTARIAN_PEPPER_ROOT;11393;19;11391;20;;;11399;21;11403;18;;;11396.0;0.0
yf_MKC_d3;23000;ASH_COATED_OSMIUM;10065;9;10062;8;;;10073;13;10075;11;;;10069.0;0.0
yf_MKC_d3;23000;INTARIAN_PEPPER_ROOT;11394;11;11392;19;;;11400;20;11404;18;;;11397.0;0.0
yf_MKC_d3;23100;ASH_COATED_OSMIUM;10065;13;10062;21;;;10074;11;10076;20;;;10069.5;0.0
yf_MKC_d3;23100;INTARIAN_PEPPER_ROOT;11394;14;11392;11;;;11400;5;11402;11;;;11397.0;0.0
yf_MKC_d3;23200;ASH_COATED_OSMIUM;10067;12;10064;26;;;10073;18;10077;21;;;10070.0;0.0
yf_MKC_d3;23200;INTARIAN_PEPPER_ROOT;11394;5;11390;19;;;11400;16;11402;20;;;11397.0;0.0
yf_MKC_d3;23300;ASH_COATED_OSMIUM;10061;19;10059;27;;;10078;18;10082;24;;;10069.5;0.0
yf_MKC_d3;23300;INTARIAN_PEPPER_ROOT;11394;10;11392;13;;;11400;17;11404;21;;;11397.0;0.0
yf_MKC_d3;23400;ASH_COATED_OSMIUM;10067;7;10063;23;;;10073;14;10075;21;;;10070.0;0.0
yf_MKC_d3;23400;INTARIAN_PEPPER_ROOT;11393;17;11389;19;;;11403;18;11406;27;;;11398.0;0.0
yf_MKC_d3;23500;ASH_COATED_OSMIUM;10066;6;10062;19;;;10072;13;10076;19;;;10069.0;0.0
yf_MKC_d3;23500;INTARIAN_PEPPER_ROOT;11394;10;11391;26;;;11400;13;11403;14;;;11397.0;0.0
yf_MKC_d3;23600;ASH_COATED_OSMIUM;10066;17;10064;11;;;10072;5;10076;14;;;10069.0;0.0
yf_MKC_d3;23600;INTARIAN_PEPPER_ROOT;11395;14;11392;22;;;11401;19;11404;23;;;11398.0;0.0
yf_MKC_d3;23700;ASH_COATED_OSMIUM;10067;16;10064;14;;;10073;23;10076;8;;;10070.0;0.0
yf_MKC_d3;23700;INTARIAN_PEPPER_ROOT;11395;11;11392;22;;;11401;16;11403;15;;;11398.0;0.0
yf_MKC_d3;23800;ASH_COATED_OSMIUM;10067;22;10064;20;;;10073;10;10077;14;;;10070.0;0.0
yf_MKC_d3;23800;INTARIAN_PEPPER_ROOT;11377;11;11373;26;;;11419;16;11423;21;;;11398.0;0.0
yf_MKC_d3;23900;ASH_COATED_OSMIUM;10058;15;10054;28;;;10080;19;10083;18;;;10069.0;0.0
yf_MKC_d3;23900;INTARIAN_PEPPER_ROOT;11387;19;11383;21;;;11410;22;11412;18;;;11398.5;0.0
yf_MKC_d3;24000;ASH_COATED_OSMIUM;10065;14;10061;10;;;10073;11;10075;23;;;10069.0;0.0
yf_MKC_d3;24000;INTARIAN_PEPPER_ROOT;11394;21;11392;18;;;11402;16;11406;20;;;11398.0;0.0
yf_MKC_d3;24100;ASH_COATED_OSMIUM;10066;19;10063;23;;;10072;16;10076;16;;;10069.0;0.0
yf_MKC_d3;24100;INTARIAN_PEPPER_ROOT;11389;10;11387;15;;;11408;17;11412;15;;;11398.5;0.0
yf_MKC_d3;24200;ASH_COATED_OSMIUM;10059;11;10055;14;;;10080;19;10082;23;;;10069.5;0.0
yf_MKC_d3;24200;INTARIAN_PEPPER_ROOT;11390;24;11388;27;;;11406;17;11409;22;;;11398.0;0.0
yf_MKC_d3;24300;ASH_COATED_OSMIUM;10046;25;10044;8;;;10092;23;10095;21;;;10069.0;0.0
yf_MKC_d3;24300;INTARIAN_PEPPER_ROOT;11395;17;11391;18;;;11401;9;11403;17;;;11398.0;0.0
yf_MKC_d3;24400;ASH_COATED_OSMIUM;10066;14;10063;21;;;10072;14;10074;26;;;10069.0;0.0
yf_MKC_d3;24400;INTARIAN_PEPPER_ROOT;11396;15;11394;18;;;11402;18;11405;14;;;11399.0;0.0
yf_MKC_d3;24500;ASH_COATED_OSMIUM;10066;11;10063;23;;;10072;21;10076;23;;;10069.0;0.0
yf_MKC_d3;24500;INTARIAN_PEPPER_ROOT;11396;18;11393;20;;;11402;9;11405;14;;;11399.0;0.0
yf_MKC_d3;24600;ASH_COATED_OSMIUM;10066;12;10062;20;;;10072;13;10076;17;;;10069.0;0.0
yf_MKC_d3;24600;INTARIAN_PEPPER_ROOT;11396;15;11393;10;;;11402;18;11406;19;;;11399.0;0.0
yf_MKC_d3;24700;ASH_COATED_OSMIUM;10059;13;10055;19;;;10080;9;10082;22;;;10069.5;0.0
yf_MKC_d3;24700;INTARIAN_PEPPER_ROOT;11391;13;11388;27;;;11407;19;11410;16;;;11399.0;0.0
yf_MKC_d3;24800;ASH_COATED_OSMIUM;10061;12;10057;16;;;10076;17;10078;24;;;10068.5;0.0
yf_MKC_d3;24800;INTARIAN_PEPPER_ROOT;11394;18;11392;19;;;11404;13;11407;24;;;11399.0;0.0
yf_MKC_d3;24900;ASH_COATED_OSMIUM;10063;5;10060;24;;;10075;20;10077;19;;;10069.0;0.0
yf_MKC_d3;24900;INTARIAN_PEPPER_ROOT;11396;12;11393;21;;;11402;18;11406;12;;;11399.0;0.0
yf_MKC_d3;25000;ASH_COATED_OSMIUM;10066;12;10064;31;;;10072;15;10076;16;;;10069.0;0.0
yf_MKC_d3;25000;INTARIAN_PEPPER_ROOT;11397;16;11395;20;;;11403;7;11407;20;;;11400.0;0.0
yf_MKC_d3;25100;ASH_COATED_OSMIUM;10066;19;10063;11;;;10072;13;10074;27;;;10069.0;0.0
yf_MKC_d3;25100;INTARIAN_PEPPER_ROOT;11397;8;11394;19;;;11403;21;11406;20;;;11400.0;0.0
yf_MKC_d3;25200;ASH_COATED_OSMIUM;10061;9;10058;22;;;10075;17;10077;21;;;10068.0;0.0
yf_MKC_d3;25200;INTARIAN_PEPPER_ROOT;11395;14;11392;20;;;11406;10;11410;16;;;11400.5;0.0
yf_MKC_d3;25300;ASH_COATED_OSMIUM;10064;17;10062;19;;;10074;13;10078;24;;;10069.0;0.0
yf_MKC_d3;25300;INTARIAN_PEPPER_ROOT;11397;12;11394;24;;;11403;14;11407;19;;;11400.0;0.0
yf_MKC_d3;25400;ASH_COATED_OSMIUM;10065;15;10063;24;;;10071;12;10074;15;;;10068.0;0.0
yf_MKC_d3;25400;INTARIAN_PEPPER_ROOT;11397;13;11394;24;;;11404;19;11408;13;;;11400.5;0.0
yf_MKC_d3;25500;ASH_COATED_OSMIUM;10065;23;10062;30;;;10071;8;10075;27;;;10068.0;0.0
yf_MKC_d3;25500;INTARIAN_PEPPER_ROOT;11398;19;11394;18;;;11404;18;11408;25;;;11401.0;0.0
yf_MKC_d3;25600;ASH_COATED_OSMIUM;10065;12;10061;17;;;10071;15;10075;28;;;10068.0;0.0
yf_MKC_d3;25600;INTARIAN_PEPPER_ROOT;11398;8;11394;32;;;11404;18;11407;21;;;11401.0;0.0
yf_MKC_d3;25700;ASH_COATED_OSMIUM;10066;8;10064;21;;;10072;15;10076;23;;;10069.0;0.0
yf_MKC_d3;25700;INTARIAN_PEPPER_ROOT;11398;13;11395;16;;;11404;17;11407;19;;;11401.0;0.0
yf_MKC_d3;25800;ASH_COATED_OSMIUM;10065;21;10061;24;;;10071;15;10075;22;;;10068.0;0.0
yf_MKC_d3;25800;INTARIAN_PEPPER_ROOT;11397;14;11393;22;;;11405;9;11408;15;;;11401.0;0.0
yf_MKC_d3;25900;ASH_COATED_OSMIUM;10065;16;10061;12;;;10071;6;10073;17;;;10068.0;0.0
yf_MKC_d3;25900;INTARIAN_PEPPER_ROOT;11398;13;11395;14;;;11404;14;11408;19;;;11401.0;0.0
yf_MKC_d3;26000;ASH_COATED_OSMIUM;10065;18;10062;13;;;10071;7;10075;20;;;10068.0;0.0
yf_MKC_d3;26000;INTARIAN_PEPPER_ROOT;11388;7;11385;20;;;11416;17;11419;8;;;11402.0;0.0
yf_MKC_d3;26100;ASH_COATED_OSMIUM;10063;8;10061;20;;;10071;20;10073;24;;;10067.0;0.0
yf_MKC_d3;26100;INTARIAN_PEPPER_ROOT;11397;27;11395;27;;;11406;12;11410;22;;;11401.5;0.0
yf_MKC_d3;26200;ASH_COATED_OSMIUM;10065;16;10062;23;;;10071;11;10074;23;;;10068.0;0.0
yf_MKC_d3;26200;INTARIAN_PEPPER_ROOT;11399;17;11396;23;;;11405;21;11408;31;;;11402.0;0.0
yf_MKC_d3;26300;ASH_COATED_OSMIUM;10057;10;10055;27;;;10078;13;10082;8;;;10067.5;0.0
yf_MKC_d3;26300;INTARIAN_PEPPER_ROOT;11399;12;11397;19;;;11405;17;11408;26;;;11402.0;0.0
yf_MKC_d3;26400;ASH_COATED_OSMIUM;10064;8;10062;29;;;10071;12;10074;23;;;10067.5;0.0
yf_MKC_d3;26400;INTARIAN_PEPPER_ROOT;11399;17;11395;19;;;11405;15;11409;22;;;11402.0;0.0
yf_MKC_d3;26500;ASH_COATED_OSMIUM;10065;16;10061;17;;;10071;12;10075;21;;;10068.0;0.0
yf_MKC_d3;26500;INTARIAN_PEPPER_ROOT;11400;9;11397;19;;;11406;25;11408;26;;;11403.0;0.0
yf_MKC_d3;26600;ASH_COATED_OSMIUM;10065;17;10063;19;;;10071;16;10074;17;;;10068.0;0.0
yf_MKC_d3;26600;INTARIAN_PEPPER_ROOT;11399;14;11395;15;;;11406;15;11410;13;;;11402.5;0.0
yf_MKC_d3;26700;ASH_COATED_OSMIUM;10039;15;10035;18;;;10096;10;10098;21;;;10067.5;0.0
yf_MKC_d3;26700;INTARIAN_PEPPER_ROOT;11398;12;11395;22;;;11406;15;11408;18;;;11402.0;0.0
yf_MKC_d3;26800;ASH_COATED_OSMIUM;10065;5;10063;20;;;10071;15;10074;19;;;10068.0;0.0
yf_MKC_d3;26800;INTARIAN_PEPPER_ROOT;11400;17;11397;20;;;11406;12;11410;18;;;11403.0;0.0
yf_MKC_d3;26900;ASH_COATED_OSMIUM;10065;23;10061;27;;;10071;21;10073;10;;;10068.0;0.0
yf_MKC_d3;26900;INTARIAN_PEPPER_ROOT;11400;14;11397;11;;;11406;5;11409;21;;;11403.0;0.0
yf_MKC_d3;27000;ASH_COATED_OSMIUM;10064;20;10060;19;;;10070;15;10073;17;;;10067.0;0.0
yf_MKC_d3;27000;INTARIAN_PEPPER_ROOT;11383;12;11379;23;;;11424;17;11428;18;;;11403.5;0.0
yf_MKC_d3;27100;ASH_COATED_OSMIUM;10064;15;10062;19;;;10071;13;10073;8;;;10067.5;0.0
yf_MKC_d3;27100;INTARIAN_PEPPER_ROOT;11400;18;11398;21;;;11406;13;11409;25;;;11403.0;0.0
yf_MKC_d3;27200;ASH_COATED_OSMIUM;10056;18;10052;15;;;10079;8;10083;21;;;10067.5;0.0
yf_MKC_d3;27200;INTARIAN_PEPPER_ROOT;11397;8;11395;22;;;11409;15;11412;20;;;11403.0;0.0
yf_MKC_d3;27300;ASH_COATED_OSMIUM;10064;11;10060;11;;;10070;18;10074;19;;;10067.0;0.0
yf_MKC_d3;27300;INTARIAN_PEPPER_ROOT;11401;18;11397;19;;;11407;18;11411;20;;;11404.0;0.0
yf_MKC_d3;27400;ASH_COATED_OSMIUM;10064;23;10060;16;;;10070;15;10073;8;;;10067.0;0.0
yf_MKC_d3;27400;INTARIAN_PEPPER_ROOT;11398;13;11396;26;;;11409;12;11413;8;;;11403.5;0.0
yf_MKC_d3;27500;ASH_COATED_OSMIUM;10065;5;10061;16;;;10071;21;10074;33;;;10068.0;0.0
yf_MKC_d3;27500;INTARIAN_PEPPER_ROOT;11401;18;11397;15;;;11407;12;11411;29;;;11404.0;0.0
yf_MKC_d3;27600;ASH_COATED_OSMIUM;10060;7;10057;21;;;10076;28;10080;16;;;10068.0;0.0
yf_MKC_d3;27600;INTARIAN_PEPPER_ROOT;11401;12;11398;21;;;11407;8;11410;26;;;11404.0;0.0
yf_MKC_d3;27700;ASH_COATED_OSMIUM;10064;15;10062;22;;;10070;5;10074;15;;;10067.0;0.0
yf_MKC_d3;27700;INTARIAN_PEPPER_ROOT;11399;21;11396;23;;;11409;12;11411;20;;;11404.0;0.0
yf_MKC_d3;27800;ASH_COATED_OSMIUM;10064;10;10060;24;;;10070;10;10073;18;;;10067.0;0.0
yf_MKC_d3;27800;INTARIAN_PEPPER_ROOT;11401;13;11399;19;;;11407;22;11409;19;;;11404.0;0.0
yf_MKC_d3;27900;ASH_COATED_OSMIUM;10062;14;10058;15;;;10071;8;10074;14;;;10066.5;0.0
yf_MKC_d3;27900;INTARIAN_PEPPER_ROOT;11401;14;11399;20;;;11407;8;11411;15;;;11404.0;0.0
yf_MKC_d3;28000;ASH_COATED_OSMIUM;10060;23;10058;25;;;10074;7;10076;20;;;10067.0;0.0
yf_MKC_d3;28000;INTARIAN_PEPPER_ROOT;11401;27;11398;25;;;11407;13;11410;16;;;11404.0;0.0
yf_MKC_d3;28100;ASH_COATED_OSMIUM;10059;13;10056;14;;;10074;19;10076;25;;;10066.5;0.0
yf_MKC_d3;28100;INTARIAN_PEPPER_ROOT;11402;14;11399;16;;;11408;17;11410;21;;;11405.0;0.0
yf_MKC_d3;28200;ASH_COATED_OSMIUM;10059;16;10056;29;;;10075;21;10079;17;;;10067.0;0.0
yf_MKC_d3;28200;INTARIAN_PEPPER_ROOT;11400;14;11396;9;;;11410;20;11412;15;;;11405.0;0.0
yf_MKC_d3;28300;ASH_COATED_OSMIUM;10064;9;10060;15;;;10070;12;10072;22;;;10067.0;0.0
yf_MKC_d3;28300;INTARIAN_PEPPER_ROOT;11401;9;11398;26;;;11407;18;11411;16;;;11404.0;0.0
yf_MKC_d3;28400;ASH_COATED_OSMIUM;10063;5;10059;8;;;10069;17;10072;18;;;10066.0;0.0
yf_MKC_d3;28400;INTARIAN_PEPPER_ROOT;11402;24;11398;31;;;11408;24;11410;17;;;11405.0;0.0
yf_MKC_d3;28500;ASH_COATED_OSMIUM;10064;15;10060;23;;;10070;21;10073;21;;;10067.0;0.0
yf_MKC_d3;28500;INTARIAN_PEPPER_ROOT;11401;21;11399;18;;;11409;18;11412;16;;;11405.0;0.0
yf_MKC_d3;28600;ASH_COATED_OSMIUM;10061;10;10059;14;;;10073;19;10075;21;;;10067.0;0.0
yf_MKC_d3;28600;INTARIAN_PEPPER_ROOT;11402;5;11399;13;;;11408;18;11410;24;;;11405.0;0.0
yf_MKC_d3;28700;ASH_COATED_OSMIUM;10063;12;10059;15;;;10069;20;10072;20;;;10066.0;0.0
yf_MKC_d3;28700;INTARIAN_PEPPER_ROOT;11402;19;11400;12;;;11408;8;11411;15;;;11405.0;0.0
yf_MKC_d3;28800;ASH_COATED_OSMIUM;10052;15;10050;26;;;10081;21;10084;25;;;10066.5;0.0
yf_MKC_d3;28800;INTARIAN_PEPPER_ROOT;11400;12;11396;21;;;11412;7;11414;23;;;11406.0;0.0
yf_MKC_d3;28900;ASH_COATED_OSMIUM;10063;9;10059;32;;;10069;14;10073;20;;;10066.0;0.0
yf_MKC_d3;28900;INTARIAN_PEPPER_ROOT;11400;19;11397;18;;;11411;14;11413;20;;;11405.5;0.0
yf_MKC_d3;29000;ASH_COATED_OSMIUM;10055;11;10052;28;;;10079;19;10083;22;;;10067.0;0.0
yf_MKC_d3;29000;INTARIAN_PEPPER_ROOT;11403;11;11399;23;;;11409;13;11412;18;;;11406.0;0.0
yf_MKC_d3;29100;ASH_COATED_OSMIUM;10061;12;10057;12;;;10071;14;10074;22;;;10066.0;0.0
yf_MKC_d3;29100;INTARIAN_PEPPER_ROOT;11399;12;11397;20;;;11414;18;11417;17;;;11406.5;0.0
yf_MKC_d3;29200;ASH_COATED_OSMIUM;10063;7;10061;15;;;10069;11;10071;22;;;10066.0;0.0
yf_MKC_d3;29200;INTARIAN_PEPPER_ROOT;11404;22;11401;24;;;11410;10;11413;16;;;11407.0;0.0
yf_MKC_d3;29300;ASH_COATED_OSMIUM;10063;17;10059;20;;;10069;8;10071;16;;;10066.0;0.0
yf_MKC_d3;29300;INTARIAN_PEPPER_ROOT;11399;12;11397;22;;;11413;15;11416;15;;;11406.0;0.0
yf_MKC_d3;29400;ASH_COATED_OSMIUM;10056;9;10053;16;;;10078;9;10080;18;;;10067.0;0.0
yf_MKC_d3;29400;INTARIAN_PEPPER_ROOT;11403;14;11401;22;;;11409;10;11411;16;;;11406.0;0.0
yf_MKC_d3;29500;ASH_COATED_OSMIUM;10063;10;10061;20;;;10069;9;10072;19;;;10066.0;0.0
yf_MKC_d3;29500;INTARIAN_PEPPER_ROOT;11404;17;11400;15;;;11410;20;11414;20;;;11407.0;0.0
yf_MKC_d3;29600;ASH_COATED_OSMIUM;10063;14;10059;23;;;10069;15;10072;11;;;10066.0;0.0
yf_MKC_d3;29600;INTARIAN_PEPPER_ROOT;11404;8;11400;26;;;11410;13;11414;17;;;11407.0;0.0
yf_MKC_d3;29700;ASH_COATED_OSMIUM;10063;11;10060;20;;;10069;13;10071;17;;;10066.0;0.0
yf_MKC_d3;29700;INTARIAN_PEPPER_ROOT;11399;14;11397;18;;;11415;12;11418;17;;;11407.0;0.0
yf_MKC_d3;29800;ASH_COATED_OSMIUM;10063;12;10059;17;;;10069;21;10072;27;;;10066.0;0.0
yf_MKC_d3;29800;INTARIAN_PEPPER_ROOT;11404;25;11400;27;;;11410;11;11412;24;;;11407.0;0.0
yf_MKC_d3;29900;ASH_COATED_OSMIUM;10062;9;10059;23;;;10068;13;10070;22;;;10065.0;0.0
yf_MKC_d3;29900;INTARIAN_PEPPER_ROOT;11399;8;11397;17;;;11416;21;11419;12;;;11407.5;0.0
yf_MKC_d3;30000;ASH_COATED_OSMIUM;10063;12;10059;23;;;10069;17;10071;20;;;10066.0;0.0
yf_MKC_d3;30000;INTARIAN_PEPPER_ROOT;11404;17;11400;25;;;11410;15;11413;30;;;11407.0;0.0
yf_MKC_d3;30100;ASH_COATED_OSMIUM;10062;5;10059;26;;;10070;8;10074;12;;;10066.0;0.0
yf_MKC_d3;30100;INTARIAN_PEPPER_ROOT;11404;10;11402;28;;;11410;14;11413;19;;;11407.0;0.0
yf_MKC_d3;30200;ASH_COATED_OSMIUM;10063;18;10060;17;;;10069;14;10073;13;;;10066.0;0.0
yf_MKC_d3;30200;INTARIAN_PEPPER_ROOT;11403;22;11400;13;;;11412;13;11416;15;;;11407.5;0.0
yf_MKC_d3;30300;ASH_COATED_OSMIUM;10060;12;10057;18;;;10072;5;10075;29;;;10066.0;0.0
yf_MKC_d3;30300;INTARIAN_PEPPER_ROOT;11405;16;11401;25;;;11411;15;11414;24;;;11408.0;0.0
yf_MKC_d3;30400;ASH_COATED_OSMIUM;10059;9;10056;14;;;10072;8;10074;24;;;10065.5;0.0
yf_MKC_d3;30400;INTARIAN_PEPPER_ROOT;11405;25;11401;15;;;11411;15;11414;22;;;11408.0;0.0
yf_MKC_d3;30500;ASH_COATED_OSMIUM;10061;8;10057;25;;;10070;5;10074;16;;;10065.5;0.0
yf_MKC_d3;30500;INTARIAN_PEPPER_ROOT;11405;19;11403;17;;;11411;16;11413;20;;;11408.0;0.0
yf_MKC_d3;30600;ASH_COATED_OSMIUM;10063;8;10060;19;;;10069;17;10073;12;;;10066.0;0.0
yf_MKC_d3;30600;INTARIAN_PEPPER_ROOT;11406;15;11404;16;;;11412;8;11415;27;;;11409.0;0.0
yf_MKC_d3;30700;ASH_COATED_OSMIUM;10059;15;10055;23;;;10072;8;10076;20;;;10065.5;0.0
yf_MKC_d3;30700;INTARIAN_PEPPER_ROOT;11405;16;11401;19;;;11411;13;11413;34;;;11408.0;0.0
yf_MKC_d3;30800;ASH_COATED_OSMIUM;10063;17;10061;25;;;10069;9;10071;14;;;10066.0;0.0
yf_MKC_d3;30800;INTARIAN_PEPPER_ROOT;11406;16;11402;25;;;11412;14;11415;13;;;11409.0;0.0
yf_MKC_d3;30900;ASH_COATED_OSMIUM;10062;19;10059;25;;;10068;22;10070;20;;;10065.0;0.0
yf_MKC_d3;30900;INTARIAN_PEPPER_ROOT;11405;17;11401;25;;;11412;21;11416;21;;;11408.5;0.0
yf_MKC_d3;31000;ASH_COATED_OSMIUM;10062;23;10060;24;;;10068;12;10071;24;;;10065.0;0.0
yf_MKC_d3;31000;INTARIAN_PEPPER_ROOT;11406;14;11402;20;;;11412;14;11414;17;;;11409.0;0.0
yf_MKC_d3;31100;ASH_COATED_OSMIUM;10056;22;10052;22;;;10074;17;10076;24;;;10065.0;0.0
yf_MKC_d3;31100;INTARIAN_PEPPER_ROOT;11406;18;11403;11;;;11412;19;11414;18;;;11409.0;0.0
yf_MKC_d3;31200;ASH_COATED_OSMIUM;10062;25;10058;19;;;10070;21;10073;9;;;10066.0;0.0
yf_MKC_d3;31200;INTARIAN_PEPPER_ROOT;11406;12;11403;15;;;11412;9;11416;17;;;11409.0;0.0
yf_MKC_d3;31300;ASH_COATED_OSMIUM;10063;20;10060;19;;;10069;8;10071;17;;;10066.0;0.0
yf_MKC_d3;31300;INTARIAN_PEPPER_ROOT;11407;12;11405;18;;;11413;15;11415;18;;;11410.0;0.0
yf_MKC_d3;31400;ASH_COATED_OSMIUM;10061;12;10059;28;;;10069;17;10073;24;;;10065.0;0.0
yf_MKC_d3;31400;INTARIAN_PEPPER_ROOT;11406;11;11402;27;;;11413;18;11416;22;;;11409.5;0.0
yf_MKC_d3;31500;ASH_COATED_OSMIUM;10062;11;10059;29;;;10068;19;10071;10;;;10065.0;0.0
yf_MKC_d3;31500;INTARIAN_PEPPER_ROOT;11407;16;11405;19;;;11413;13;11416;21;;;11410.0;0.0
yf_MKC_d3;31600;ASH_COATED_OSMIUM;10052;13;10050;17;;;10078;13;10082;23;;;10065.0;0.0
yf_MKC_d3;31600;INTARIAN_PEPPER_ROOT;11407;12;11404;15;;;11413;6;11415;30;;;11410.0;0.0
yf_MKC_d3;31700;ASH_COATED_OSMIUM;10063;13;10059;17;;;10069;13;10072;16;;;10066.0;0.0
yf_MKC_d3;31700;INTARIAN_PEPPER_ROOT;11407;18;11403;26;;;11413;27;11417;24;;;11410.0;0.0
yf_MKC_d3;31800;ASH_COATED_OSMIUM;10061;17;10057;13;;;10067;21;10070;28;;;10064.0;0.0
yf_MKC_d3;31800;INTARIAN_PEPPER_ROOT;11405;13;11401;25;;;11415;13;11418;18;;;11410.0;0.0
yf_MKC_d3;31900;ASH_COATED_OSMIUM;10058;12;10054;21;;;10072;18;10075;13;;;10065.0;0.0
yf_MKC_d3;31900;INTARIAN_PEPPER_ROOT;11408;10;11404;20;;;11414;11;11418;18;;;11411.0;0.0
yf_MKC_d3;32000;ASH_COATED_OSMIUM;10062;21;10060;19;;;10068;17;10072;33;;;10065.0;0.0
yf_MKC_d3;32000;INTARIAN_PEPPER_ROOT;11403;25;11401;26;;;11419;18;11421;19;;;11411.0;0.0
yf_MKC_d3;32100;ASH_COATED_OSMIUM;10062;18;10059;25;;;10068;17;10070;18;;;10065.0;0.0
yf_MKC_d3;32100;INTARIAN_PEPPER_ROOT;11400;21;11396;18;;;11423;11;11425;14;;;11411.5;0.0
yf_MKC_d3;32200;ASH_COATED_OSMIUM;10059;18;10057;21;;;10069;18;10072;20;;;10064.0;0.0
yf_MKC_d3;32200;INTARIAN_PEPPER_ROOT;11407;16;11404;11;;;11413;11;11416;22;;;11410.0;0.0
yf_MKC_d3;32300;ASH_COATED_OSMIUM;10061;5;10059;20;;;10068;8;10072;19;;;10064.5;0.0
yf_MKC_d3;32300;INTARIAN_PEPPER_ROOT;11408;15;11405;16;;;11414;10;11417;12;;;11411.0;0.0
yf_MKC_d3;32400;ASH_COATED_OSMIUM;10061;16;10057;21;;;10067;6;10069;12;;;10064.0;0.0
yf_MKC_d3;32400;INTARIAN_PEPPER_ROOT;11408;11;11405;26;;;11414;16;11418;19;;;11411.0;0.0
yf_MKC_d3;32500;ASH_COATED_OSMIUM;10061;21;10059;19;;;10067;11;10069;17;;;10064.0;0.0
yf_MKC_d3;32500;INTARIAN_PEPPER_ROOT;11408;9;11405;17;;;11414;14;11417;15;;;11411.0;0.0
yf_MKC_d3;32600;ASH_COATED_OSMIUM;10060;14;10056;8;;;10068;16;10071;14;;;10064.0;0.0
yf_MKC_d3;32600;INTARIAN_PEPPER_ROOT;11397;11;11395;11;;;11427;15;11429;19;;;11412.0;0.0
yf_MKC_d3;32700;ASH_COATED_OSMIUM;10062;15;10058;22;;;10068;19;10071;27;;;10065.0;0.0
yf_MKC_d3;32700;INTARIAN_PEPPER_ROOT;11405;17;11401;17;;;11417;19;11419;26;;;11411.0;0.0
yf_MKC_d3;32800;ASH_COATED_OSMIUM;10061;15;10059;23;;;10067;19;10069;22;;;10064.0;0.0
yf_MKC_d3;32800;INTARIAN_PEPPER_ROOT;11409;9;11407;20;;;11415;5;11417;24;;;11412.0;0.0
yf_MKC_d3;32900;ASH_COATED_OSMIUM;10061;18;10057;28;;;10067;22;10071;26;;;10064.0;0.0
yf_MKC_d3;32900;INTARIAN_PEPPER_ROOT;11408;12;11404;15;;;11417;10;11421;16;;;11412.5;0.0
yf_MKC_d3;33000;ASH_COATED_OSMIUM;10058;10;10054;10;;;10070;6;10074;25;;;10064.0;0.0
yf_MKC_d3;33000;INTARIAN_PEPPER_ROOT;11409;16;11407;11;;;11416;19;11418;15;;;11412.5;0.0
yf_MKC_d3;33100;ASH_COATED_OSMIUM;10059;12;10055;19;;;10071;6;10074;24;;;10065.0;0.0
yf_MKC_d3;33100;INTARIAN_PEPPER_ROOT;11410;11;11408;8;;;11416;19;11420;20;;;11413.0;0.0
yf_MKC_d3;33200;ASH_COATED_OSMIUM;10061;15;10058;11;;;10067;5;10071;23;;;10064.0;0.0
yf_MKC_d3;33200;INTARIAN_PEPPER_ROOT;11410;20;11408;31;;;11416;19;11419;19;;;11413.0;0.0
yf_MKC_d3;33300;ASH_COATED_OSMIUM;10059;16;10055;27;;;10069;22;10071;24;;;10064.0;0.0
yf_MKC_d3;33300;INTARIAN_PEPPER_ROOT;11409;21;11407;8;;;11415;16;11419;19;;;11412.0;0.0
yf_MKC_d3;33400;ASH_COATED_OSMIUM;10061;11;10057;14;;;10067;14;10069;12;;;10064.0;0.0
yf_MKC_d3;33400;INTARIAN_PEPPER_ROOT;11410;18;11407;19;;;11416;15;11418;28;;;11413.0;0.0
yf_MKC_d3;33500;ASH_COATED_OSMIUM;10055;15;10051;9;;;10074;20;10078;17;;;10064.5;0.0
yf_MKC_d3;33500;INTARIAN_PEPPER_ROOT;11410;16;11408;19;;;11416;19;11420;13;;;11413.0;0.0
yf_MKC_d3;33600;ASH_COATED_OSMIUM;10060;22;10058;13;;;10066;5;10070;20;;;10063.0;0.0
yf_MKC_d3;33600;INTARIAN_PEPPER_ROOT;11410;20;11407;16;;;11416;17;11418;26;;;11413.0;0.0
yf_MKC_d3;33700;ASH_COATED_OSMIUM;10060;21;10057;22;;;10067;7;10070;20;;;10063.5;0.0
yf_MKC_d3;33700;INTARIAN_PEPPER_ROOT;11406;14;11403;22;;;11420;7;11423;19;;;11413.0;0.0
yf_MKC_d3;33800;ASH_COATED_OSMIUM;10061;29;10057;18;;;10067;15;10069;20;;;10064.0;0.0
yf_MKC_d3;33800;INTARIAN_PEPPER_ROOT;11411;8;11407;18;;;11417;16;11419;14;;;11414.0;0.0
yf_MKC_d3;33900;ASH_COATED_OSMIUM;10059;8;10057;12;;;10069;24;10073;29;;;10064.0;0.0
yf_MKC_d3;33900;INTARIAN_PEPPER_ROOT;11410;16;11406;22;;;11416;10;11418;32;;;11413.0;0.0
yf_MKC_d3;34000;ASH_COATED_OSMIUM;10061;8;10057;12;;;10067;18;10070;15;;;10064.0;0.0
yf_MKC_d3;34000;INTARIAN_PEPPER_ROOT;11411;13;11408;16;;;11417;13;11419;13;;;11414.0;0.0
yf_MKC_d3;34100;ASH_COATED_OSMIUM;10059;9;10055;23;;;10068;12;10070;23;;;10063.5;0.0
yf_MKC_d3;34100;INTARIAN_PEPPER_ROOT;11412;10;11408;18;;;11419;9;11421;18;;;11415.5;0.0
yf_MKC_d3;34200;ASH_COATED_OSMIUM;10061;13;10058;21;;;10067;5;10071;18;;;10064.0;0.0
yf_MKC_d3;34200;INTARIAN_PEPPER_ROOT;11413;12;11409;19;;;11419;11;11421;23;;;11416.0;0.0
yf_MKC_d3;34300;ASH_COATED_OSMIUM;10061;24;10058;22;;;10067;18;10070;17;;;10064.0;0.0
yf_MKC_d3;34300;INTARIAN_PEPPER_ROOT;11414;21;11410;17;;;11420;9;11422;16;;;11417.0;0.0
yf_MKC_d3;34400;ASH_COATED_OSMIUM;10061;7;10059;20;;;10067;15;10071;22;;;10064.0;0.0
yf_MKC_d3;34400;INTARIAN_PEPPER_ROOT;11414;21;11412;20;;;11420;20;11423;17;;;11417.0;0.0
yf_MKC_d3;34500;ASH_COATED_OSMIUM;10061;10;10058;20;;;10067;21;10069;16;;;10064.0;0.0
yf_MKC_d3;34500;INTARIAN_PEPPER_ROOT;11415;7;11412;27;;;11421;14;11424;31;;;11418.0;0.0
yf_MKC_d3;34600;ASH_COATED_OSMIUM;10061;11;10057;15;;;10067;10;10071;25;;;10064.0;0.0
yf_MKC_d3;34600;INTARIAN_PEPPER_ROOT;11416;15;11412;22;;;11422;10;11426;21;;;11419.0;0.0
yf_MKC_d3;34700;ASH_COATED_OSMIUM;10059;19;10055;23;;;10071;15;10075;30;;;10065.0;0.0
yf_MKC_d3;34700;INTARIAN_PEPPER_ROOT;11415;8;11412;24;;;11424;17;11428;24;;;11419.5;0.0
yf_MKC_d3;34800;ASH_COATED_OSMIUM;10061;14;10058;17;;;10067;21;10071;22;;;10064.0;0.0
yf_MKC_d3;34800;INTARIAN_PEPPER_ROOT;11417;12;11413;27;;;11423;23;11426;17;;;11420.0;0.0
yf_MKC_d3;34900;ASH_COATED_OSMIUM;10061;11;10059;19;;;10067;10;10069;26;;;10064.0;0.0
yf_MKC_d3;34900;INTARIAN_PEPPER_ROOT;11417;12;11413;13;;;11423;15;11425;24;;;11420.0;0.0
yf_MKC_d3;35000;ASH_COATED_OSMIUM;10060;13;10058;25;;;10068;21;10072;13;;;10064.0;0.0
yf_MKC_d3;35000;INTARIAN_PEPPER_ROOT;11416;23;11412;22;;;11427;10;11431;20;;;11421.5;0.0
yf_MKC_d3;35100;ASH_COATED_OSMIUM;10061;18;10058;24;;;10067;12;10070;18;;;10064.0;0.0
yf_MKC_d3;35100;INTARIAN_PEPPER_ROOT;11420;18;11417;17;;;11426;18;11428;17;;;11423.0;0.0
yf_MKC_d3;35200;ASH_COATED_OSMIUM;10060;11;10056;15;;;10070;9;10072;19;;;10065.0;0.0
yf_MKC_d3;35200;INTARIAN_PEPPER_ROOT;11420;21;11417;16;;;11426;22;11428;25;;;11423.0;0.0
yf_MKC_d3;35300;ASH_COATED_OSMIUM;10061;5;10058;20;;;10067;15;10069;30;;;10064.0;0.0
yf_MKC_d3;35300;INTARIAN_PEPPER_ROOT;11421;18;11418;16;;;11427;10;11430;12;;;11424.0;0.0
yf_MKC_d3;35400;ASH_COATED_OSMIUM;10061;15;10057;21;;;10067;21;10069;16;;;10064.0;0.0
yf_MKC_d3;35400;INTARIAN_PEPPER_ROOT;11419;13;11417;12;;;11431;10;11435;13;;;11425.0;0.0
yf_MKC_d3;35500;ASH_COATED_OSMIUM;10062;7;10059;25;;;10068;6;10071;23;;;10065.0;0.0
yf_MKC_d3;35500;INTARIAN_PEPPER_ROOT;11422;21;11419;16;;;11428;18;11430;18;;;11425.0;0.0
yf_MKC_d3;35600;ASH_COATED_OSMIUM;10062;9;10059;16;;;10068;5;10072;21;;;10065.0;0.0
yf_MKC_d3;35600;INTARIAN_PEPPER_ROOT;11424;18;11421;10;;;11430;10;11434;17;;;11427.0;0.0
yf_MKC_d3;35700;ASH_COATED_OSMIUM;10060;18;10057;19;;;10069;22;10071;24;;;10064.5;0.0
yf_MKC_d3;35700;INTARIAN_PEPPER_ROOT;11422;13;11418;22;;;11431;18;11434;22;;;11426.5;0.0
yf_MKC_d3;35800;ASH_COATED_OSMIUM;10060;14;10056;20;;;10069;12;10071;17;;;10064.5;0.0
yf_MKC_d3;35800;INTARIAN_PEPPER_ROOT;11425;15;11421;13;;;11431;21;11434;25;;;11428.0;0.0
yf_MKC_d3;35900;ASH_COATED_OSMIUM;10054;16;10051;16;;;10075;19;10079;19;;;10064.5;0.0
yf_MKC_d3;35900;INTARIAN_PEPPER_ROOT;11418;20;11414;27;;;11437;10;11441;15;;;11427.5;0.0
yf_MKC_d3;36000;ASH_COATED_OSMIUM;10056;21;10052;18;;;10072;11;10074;11;;;10064.0;0.0
yf_MKC_d3;36000;INTARIAN_PEPPER_ROOT;11426;11;11422;23;;;11432;12;11435;14;;;11429.0;0.0
yf_MKC_d3;36100;ASH_COATED_OSMIUM;10050;16;10046;16;;;10079;14;10081;16;;;10064.5;0.0
yf_MKC_d3;36100;INTARIAN_PEPPER_ROOT;11426;21;11422;14;;;11434;15;11436;23;;;11430.0;0.0
yf_MKC_d3;36200;ASH_COATED_OSMIUM;10062;9;10059;18;;;10068;15;10072;21;;;10065.0;0.0
yf_MKC_d3;36200;INTARIAN_PEPPER_ROOT;11427;13;11424;28;;;11434;17;11436;17;;;11430.5;0.0
yf_MKC_d3;36300;ASH_COATED_OSMIUM;10062;22;10060;18;;;10068;27;10071;19;;;10065.0;0.0
yf_MKC_d3;36300;INTARIAN_PEPPER_ROOT;11428;18;11425;23;;;11436;16;11438;21;;;11432.0;0.0
yf_MKC_d3;36400;ASH_COATED_OSMIUM;10059;20;10056;18;;;10070;16;10073;22;;;10064.5;0.0
yf_MKC_d3;36400;INTARIAN_PEPPER_ROOT;11429;10;11427;12;;;11435;5;11438;24;;;11432.0;0.0
yf_MKC_d3;36500;ASH_COATED_OSMIUM;10060;20;10056;23;;;10069;19;10071;15;;;10064.5;0.0
yf_MKC_d3;36500;INTARIAN_PEPPER_ROOT;11430;14;11426;17;;;11436;18;11438;15;;;11433.0;0.0
yf_MKC_d3;36600;ASH_COATED_OSMIUM;10062;11;10060;20;;;10068;17;10070;14;;;10065.0;0.0
yf_MKC_d3;36600;INTARIAN_PEPPER_ROOT;11431;11;11428;24;;;11437;14;11439;13;;;11434.0;0.0
yf_MKC_d3;36700;ASH_COATED_OSMIUM;10062;17;10060;17;;;10068;9;10070;10;;;10065.0;0.0
yf_MKC_d3;36700;INTARIAN_PEPPER_ROOT;11431;13;11428;34;;;11437;15;11440;11;;;11434.0;0.0
yf_MKC_d3;36800;ASH_COATED_OSMIUM;10062;16;10058;8;;;10068;9;10071;27;;;10065.0;0.0
yf_MKC_d3;36800;INTARIAN_PEPPER_ROOT;11432;19;11430;28;;;11438;22;11441;13;;;11435.0;0.0
yf_MKC_d3;36900;ASH_COATED_OSMIUM;10062;21;10059;11;;;10068;9;10070;19;;;10065.0;0.0
yf_MKC_d3;36900;INTARIAN_PEPPER_ROOT;11431;13;11429;18;;;11441;13;11443;21;;;11436.0;0.0
yf_MKC_d3;37000;ASH_COATED_OSMIUM;10057;10;10054;29;;;10073;19;10077;14;;;10065.0;0.0
yf_MKC_d3;37000;INTARIAN_PEPPER_ROOT;11427;17;11424;21;;;11447;12;11449;27;;;11437.0;0.0
yf_MKC_d3;37100;ASH_COATED_OSMIUM;10062;10;10058;17;;;10068;9;10072;17;;;10065.0;0.0
yf_MKC_d3;37100;INTARIAN_PEPPER_ROOT;11433;15;11429;10;;;11442;14;11444;33;;;11437.5;0.0
yf_MKC_d3;37200;ASH_COATED_OSMIUM;10062;17;10060;26;;;10068;13;10070;17;;;10065.0;0.0
yf_MKC_d3;37200;INTARIAN_PEPPER_ROOT;11435;10;11433;21;;;11441;25;11445;8;;;11438.0;0.0
yf_MKC_d3;37300;ASH_COATED_OSMIUM;10062;20;10058;19;;;10068;17;10070;12;;;10065.0;0.0
yf_MKC_d3;37300;INTARIAN_PEPPER_ROOT;11435;7;11431;11;;;11443;8;11445;18;;;11439.0;0.0
yf_MKC_d3;37400;ASH_COATED_OSMIUM;10051;18;10047;15;;;10079;21;10082;13;;;10065.0;0.0
yf_MKC_d3;37400;INTARIAN_PEPPER_ROOT;11437;21;11434;21;;;11443;17;11445;19;;;11440.0;0.0
yf_MKC_d3;37500;ASH_COATED_OSMIUM;10061;21;10057;24;;;10069;21;10073;29;;;10065.0;0.0
yf_MKC_d3;37500;INTARIAN_PEPPER_ROOT;11433;7;11431;21;;;11449;14;11452;13;;;11441.0;0.0
yf_MKC_d3;37600;ASH_COATED_OSMIUM;10062;6;10058;13;;;10068;18;10072;16;;;10065.0;0.0
yf_MKC_d3;37600;INTARIAN_PEPPER_ROOT;11429;19;11425;16;;;11454;21;11458;26;;;11441.5;0.0
yf_MKC_d3;37700;ASH_COATED_OSMIUM;10062;12;10058;24;;;10068;6;10071;21;;;10065.0;0.0
yf_MKC_d3;37700;INTARIAN_PEPPER_ROOT;11439;14;11435;28;;;11445;8;11448;21;;;11442.0;0.0
yf_MKC_d3;37800;ASH_COATED_OSMIUM;10058;19;10055;16;;;10073;17;10075;19;;;10065.5;0.0
yf_MKC_d3;37800;INTARIAN_PEPPER_ROOT;11426;23;11423;18;;;11459;8;11461;17;;;11442.5;0.0
yf_MKC_d3;37900;ASH_COATED_OSMIUM;10052;19;10049;17;;;10078;13;10082;22;;;10065.0;0.0
yf_MKC_d3;37900;INTARIAN_PEPPER_ROOT;11435;9;11432;19;;;11452;7;11455;24;;;11443.5;0.0
yf_MKC_d3;38000;ASH_COATED_OSMIUM;10060;26;10058;19;;;10070;13;10072;29;;;10065.0;0.0
yf_MKC_d3;38000;INTARIAN_PEPPER_ROOT;11439;18;11437;12;;;11450;8;11453;13;;;11444.5;0.0
yf_MKC_d3;38100;ASH_COATED_OSMIUM;10059;21;10056;21;;;10071;16;10073;16;;;10065.0;0.0
yf_MKC_d3;38100;INTARIAN_PEPPER_ROOT;11433;12;11431;21;;;11456;5;11459;23;;;11444.5;0.0
yf_MKC_d3;38200;ASH_COATED_OSMIUM;10063;20;10060;19;;;10069;15;10073;26;;;10066.0;0.0
yf_MKC_d3;38200;INTARIAN_PEPPER_ROOT;11443;9;11440;8;;;11449;16;11451;25;;;11446.0;0.0
yf_MKC_d3;38300;ASH_COATED_OSMIUM;10063;15;10060;19;;;10069;7;10071;27;;;10066.0;0.0
yf_MKC_d3;38300;INTARIAN_PEPPER_ROOT;11444;22;11441;17;;;11450;9;11452;23;;;11447.0;0.0
yf_MKC_d3;38400;ASH_COATED_OSMIUM;10062;19;10058;23;;;10068;20;10071;18;;;10065.0;0.0
yf_MKC_d3;38400;INTARIAN_PEPPER_ROOT;11444;20;11441;22;;;11450;13;11452;11;;;11447.0;0.0
yf_MKC_d3;38500;ASH_COATED_OSMIUM;10062;12;10059;16;;;10068;11;10070;16;;;10065.0;0.0
yf_MKC_d3;38500;INTARIAN_PEPPER_ROOT;11445;17;11442;30;;;11451;21;11453;24;;;11448.0;0.0
yf_MKC_d3;38600;ASH_COATED_OSMIUM;10062;18;10060;10;;;10068;9;10072;18;;;10065.0;0.0
yf_MKC_d3;38600;INTARIAN_PEPPER_ROOT;11446;16;11443;24;;;11452;17;11456;19;;;11449.0;0.0
yf_MKC_d3;38700;ASH_COATED_OSMIUM;10061;8;10057;14;;;10069;10;10071;13;;;10065.0;0.0
yf_MKC_d3;38700;INTARIAN_PEPPER_ROOT;11447;18;11444;18;;;11453;25;11455;22;;;11450.0;0.0
yf_MKC_d3;38800;ASH_COATED_OSMIUM;10061;8;10057;21;;;10070;10;10073;19;;;10065.5;0.0
yf_MKC_d3;38800;INTARIAN_PEPPER_ROOT;11447;21;11444;22;;;11453;15;11456;11;;;11450.0;0.0
yf_MKC_d3;38900;ASH_COATED_OSMIUM;10063;5;10059;20;;;10069;10;10071;17;;;10066.0;0.0
yf_MKC_d3;38900;INTARIAN_PEPPER_ROOT;11447;18;11445;8;;;11455;18;11458;21;;;11451.0;0.0
yf_MKC_d3;39000;ASH_COATED_OSMIUM;10059;20;10055;27;;;10073;15;10076;19;;;10066.0;0.0
yf_MKC_d3;39000;INTARIAN_PEPPER_ROOT;11442;20;11440;16;;;11462;18;11465;19;;;11452.0;0.0
yf_MKC_d3;39100;ASH_COATED_OSMIUM;10060;13;10057;14;;;10070;11;10072;25;;;10065.0;0.0
yf_MKC_d3;39100;INTARIAN_PEPPER_ROOT;11449;17;11445;13;;;11455;13;11458;15;;;11452.0;0.0
yf_MKC_d3;39200;ASH_COATED_OSMIUM;10063;16;10060;24;;;10069;11;10073;14;;;10066.0;0.0
yf_MKC_d3;39200;INTARIAN_PEPPER_ROOT;11450;23;11447;28;;;11456;9;11458;12;;;11453.0;0.0
yf_MKC_d3;39300;ASH_COATED_OSMIUM;10063;20;10060;16;;;10069;14;10073;24;;;10066.0;0.0
yf_MKC_d3;39300;INTARIAN_PEPPER_ROOT;11449;17;11446;21;;;11458;5;11461;29;;;11453.5;0.0
yf_MKC_d3;39400;ASH_COATED_OSMIUM;10063;18;10060;28;;;10069;16;10071;14;;;10066.0;0.0
yf_MKC_d3;39400;INTARIAN_PEPPER_ROOT;11452;19;11449;19;;;11458;14;11461;17;;;11455.0;0.0
yf_MKC_d3;39500;ASH_COATED_OSMIUM;10054;19;10052;10;;;10078;17;10082;22;;;10066.0;0.0
yf_MKC_d3;39500;INTARIAN_PEPPER_ROOT;11451;19;11447;23;;;11460;11;11464;18;;;11455.5;0.0
yf_MKC_d3;39600;ASH_COATED_OSMIUM;10063;19;10061;22;;;10069;11;10073;14;;;10066.0;0.0
yf_MKC_d3;39600;INTARIAN_PEPPER_ROOT;11446;19;11444;13;;;11467;16;11471;20;;;11456.5;0.0
yf_MKC_d3;39700;ASH_COATED_OSMIUM;10063;20;10060;24;;;10069;5;10072;15;;;10066.0;0.0
yf_MKC_d3;39700;INTARIAN_PEPPER_ROOT;11454;8;11450;16;;;11460;17;11464;14;;;11457.0;0.0
yf_MKC_d3;39800;ASH_COATED_OSMIUM;10057;20;10055;17;;;10074;14;10078;18;;;10065.5;0.0
yf_MKC_d3;39800;INTARIAN_PEPPER_ROOT;11452;15;11448;23;;;11463;7;11467;14;;;11457.5;0.0
yf_MKC_d3;39900;ASH_COATED_OSMIUM;10050;10;10047;23;;;10082;17;10085;23;;;10066.0;0.0
yf_MKC_d3;39900;INTARIAN_PEPPER_ROOT;11450;15;11448;17;;;11467;16;11471;15;;;11458.5;0.0
yf_MKC_d3;40000;ASH_COATED_OSMIUM;10063;13;10060;15;;;10069;12;10073;21;;;10066.0;0.0
yf_MKC_d3;40000;INTARIAN_PEPPER_ROOT;11454;19;11451;25;;;11465;12;11468;14;;;11459.5;0.0
yf_MKC_d3;40100;ASH_COATED_OSMIUM;10063;11;10059;24;;;10069;19;10071;21;;;10066.0;0.0
yf_MKC_d3;40100;INTARIAN_PEPPER_ROOT;11457;9;11454;12;;;11463;8;11466;16;;;11460.0;0.0
yf_MKC_d3;40200;ASH_COATED_OSMIUM;10064;5;10061;22;;;10070;19;10073;15;;;10067.0;0.0
yf_MKC_d3;40200;INTARIAN_PEPPER_ROOT;11458;9;11456;21;;;11464;13;11468;14;;;11461.0;0.0
yf_MKC_d3;40300;ASH_COATED_OSMIUM;10062;10;10058;8;;;10070;11;10072;18;;;10066.0;0.0
yf_MKC_d3;40300;INTARIAN_PEPPER_ROOT;11455;14;11452;15;;;11469;18;11473;12;;;11462.0;0.0
yf_MKC_d3;40400;ASH_COATED_OSMIUM;10062;24;10058;20;;;10068;5;10072;19;;;10065.0;0.0
yf_MKC_d3;40400;INTARIAN_PEPPER_ROOT;11453;18;11451;15;;;11471;10;11474;23;;;11462.0;0.0
yf_MKC_d3;40500;ASH_COATED_OSMIUM;10063;13;10060;16;;;10069;22;10072;26;;;10066.0;0.0
yf_MKC_d3;40500;INTARIAN_PEPPER_ROOT;11460;15;11457;23;;;11466;15;11470;24;;;11463.0;0.0
yf_MKC_d3;40600;ASH_COATED_OSMIUM;10060;19;10057;21;;;10073;17;10075;26;;;10066.5;0.0
yf_MKC_d3;40600;INTARIAN_PEPPER_ROOT;11460;15;11457;10;;;11466;15;11468;21;;;11463.0;0.0
yf_MKC_d3;40700;ASH_COATED_OSMIUM;10063;19;10059;21;;;10069;16;10073;9;;;10066.0;0.0
yf_MKC_d3;40700;INTARIAN_PEPPER_ROOT;11462;17;11459;20;;;11468;19;11470;14;;;11465.0;0.0
yf_MKC_d3;40800;ASH_COATED_OSMIUM;10064;16;10062;21;;;10070;5;10074;14;;;10067.0;0.0
yf_MKC_d3;40800;INTARIAN_PEPPER_ROOT;11461;16;11458;21;;;11467;19;11471;14;;;11464.0;0.0
yf_MKC_d3;40900;ASH_COATED_OSMIUM;10054;18;10051;22;;;10079;13;10083;29;;;10066.5;0.0
yf_MKC_d3;40900;INTARIAN_PEPPER_ROOT;11463;6;11459;21;;;11469;22;11473;19;;;11466.0;0.0
yf_MKC_d3;41000;ASH_COATED_OSMIUM;10064;16;10061;20;;;10070;17;10072;21;;;10067.0;0.0
yf_MKC_d3;41000;INTARIAN_PEPPER_ROOT;11462;19;11459;21;;;11470;26;11472;21;;;11466.0;0.0
yf_MKC_d3;41100;ASH_COATED_OSMIUM;10061;11;10058;27;;;10072;15;10076;20;;;10066.5;0.0
yf_MKC_d3;41100;INTARIAN_PEPPER_ROOT;11448;11;11444;19;;;11487;5;11490;16;;;11467.5;0.0
yf_MKC_d3;41200;ASH_COATED_OSMIUM;10059;10;10055;20;;;10075;12;10077;17;;;10067.0;0.0
yf_MKC_d3;41200;INTARIAN_PEPPER_ROOT;11465;8;11461;23;;;11471;15;11474;27;;;11468.0;0.0
yf_MKC_d3;41300;ASH_COATED_OSMIUM;10064;12;10062;8;;;10070;16;10072;21;;;10067.0;0.0
yf_MKC_d3;41300;INTARIAN_PEPPER_ROOT;11466;13;11463;23;;;11472;10;11475;18;;;11469.0;0.0
yf_MKC_d3;41400;ASH_COATED_OSMIUM;10062;20;10060;23;;;10071;5;10073;23;;;10066.5;0.0
yf_MKC_d3;41400;INTARIAN_PEPPER_ROOT;11466;13;11463;16;;;11472;19;11476;12;;;11469.0;0.0
yf_MKC_d3;41500;ASH_COATED_OSMIUM;10059;19;10057;25;;;10075;18;10078;18;;;10067.0;0.0
yf_MKC_d3;41500;INTARIAN_PEPPER_ROOT;11468;17;11466;22;;;11474;17;11476;23;;;11471.0;0.0
yf_MKC_d3;41600;ASH_COATED_OSMIUM;10064;14;10061;21;;;10070;22;10074;16;;;10067.0;0.0
yf_MKC_d3;41600;INTARIAN_PEPPER_ROOT;11449;20;11445;13;;;11494;15;11496;20;;;11471.5;0.0
yf_MKC_d3;41700;ASH_COATED_OSMIUM;10064;13;10060;17;;;10070;7;10073;21;;;10067.0;0.0
yf_MKC_d3;41700;INTARIAN_PEPPER_ROOT;11455;21;11451;21;;;11489;17;11491;18;;;11472.0;0.0
yf_MKC_d3;41800;ASH_COATED_OSMIUM;10064;21;10062;17;;;10070;11;10073;24;;;10067.0;0.0
yf_MKC_d3;41800;INTARIAN_PEPPER_ROOT;11470;18;11466;17;;;11476;15;11479;17;;;11473.0;0.0
yf_MKC_d3;41900;ASH_COATED_OSMIUM;10063;8;10060;18;;;10069;21;10071;23;;;10066.0;0.0
yf_MKC_d3;41900;INTARIAN_PEPPER_ROOT;11464;19;11461;19;;;11484;9;11486;20;;;11474.0;0.0
yf_MKC_d3;42000;ASH_COATED_OSMIUM;10064;15;10060;20;;;10070;18;10072;18;;;10067.0;0.0
yf_MKC_d3;42000;INTARIAN_PEPPER_ROOT;11471;13;11468;26;;;11477;7;11481;15;;;11474.0;0.0
yf_MKC_d3;42100;ASH_COATED_OSMIUM;10062;14;10059;19;;;10072;8;10076;13;;;10067.0;0.0
yf_MKC_d3;42100;INTARIAN_PEPPER_ROOT;11470;18;11466;14;;;11481;10;11484;24;;;11475.5;0.0
yf_MKC_d3;42200;ASH_COATED_OSMIUM;10064;16;10062;18;;;10070;19;10074;20;;;10067.0;0.0
yf_MKC_d3;42200;INTARIAN_PEPPER_ROOT;11473;20;11471;18;;;11479;17;11481;16;;;11476.0;0.0
yf_MKC_d3;42300;ASH_COATED_OSMIUM;10062;19;10058;20;;;10071;14;10075;23;;;10066.5;0.0
yf_MKC_d3;42300;INTARIAN_PEPPER_ROOT;11473;12;11470;26;;;11479;13;11482;14;;;11476.0;0.0
yf_MKC_d3;42400;ASH_COATED_OSMIUM;10064;14;10060;25;;;10070;18;10072;26;;;10067.0;0.0
yf_MKC_d3;42400;INTARIAN_PEPPER_ROOT;11474;19;11470;10;;;11480;13;11484;25;;;11477.0;0.0
yf_MKC_d3;42500;ASH_COATED_OSMIUM;10064;11;10061;19;;;10070;11;10073;25;;;10067.0;0.0
yf_MKC_d3;42500;INTARIAN_PEPPER_ROOT;11475;11;11473;25;;;11481;15;11483;15;;;11478.0;0.0
yf_MKC_d3;42600;ASH_COATED_OSMIUM;10061;13;10058;16;;;10073;5;10077;18;;;10067.0;0.0
yf_MKC_d3;42600;INTARIAN_PEPPER_ROOT;11475;5;11472;27;;;11481;9;11485;13;;;11478.0;0.0
yf_MKC_d3;42700;ASH_COATED_OSMIUM;10064;19;10060;26;;;10070;5;10074;19;;;10067.0;0.0
yf_MKC_d3;42700;INTARIAN_PEPPER_ROOT;11470;13;11468;19;;;11490;15;11492;24;;;11480.0;0.0
yf_MKC_d3;42800;ASH_COATED_OSMIUM;10064;19;10060;11;;;10070;26;10074;29;;;10067.0;0.0
yf_MKC_d3;42800;INTARIAN_PEPPER_ROOT;11477;17;11475;8;;;11483;20;11485;21;;;11480.0;0.0
yf_MKC_d3;42900;ASH_COATED_OSMIUM;10064;21;10062;21;;;10070;22;10072;23;;;10067.0;0.0
yf_MKC_d3;42900;INTARIAN_PEPPER_ROOT;11472;13;11470;21;;;11490;17;11493;13;;;11481.0;0.0
yf_MKC_d3;43000;ASH_COATED_OSMIUM;10057;12;10055;18;;;10078;15;10081;24;;;10067.5;0.0
yf_MKC_d3;43000;INTARIAN_PEPPER_ROOT;11478;6;11475;17;;;11485;17;11488;25;;;11481.5;0.0
yf_MKC_d3;43100;ASH_COATED_OSMIUM;10063;7;10060;24;;;10071;25;10073;23;;;10067.0;0.0
yf_MKC_d3;43100;INTARIAN_PEPPER_ROOT;11476;9;11472;18;;;11488;14;11491;17;;;11482.0;0.0
yf_MKC_d3;43200;ASH_COATED_OSMIUM;10064;19;10060;18;;;10070;21;10072;18;;;10067.0;0.0
yf_MKC_d3;43200;INTARIAN_PEPPER_ROOT;11478;17;11475;16;;;11488;14;11492;23;;;11483.0;0.0
yf_MKC_d3;43300;ASH_COATED_OSMIUM;10065;21;10062;19;;;10071;13;10073;20;;;10068.0;0.0
yf_MKC_d3;43300;INTARIAN_PEPPER_ROOT;11481;13;11478;17;;;11487;27;11491;14;;;11484.0;0.0
yf_MKC_d3;43400;ASH_COATED_OSMIUM;10064;14;10060;17;;;10070;9;10074;20;;;10067.0;0.0
yf_MKC_d3;43400;INTARIAN_PEPPER_ROOT;11481;19;11477;15;;;11487;9;11490;17;;;11484.0;0.0
yf_MKC_d3;43500;ASH_COATED_OSMIUM;10065;20;10063;13;;;10071;13;10075;18;;;10068.0;0.0
yf_MKC_d3;43500;INTARIAN_PEPPER_ROOT;11482;25;11478;14;;;11488;17;11492;26;;;11485.0;0.0
yf_MKC_d3;43600;ASH_COATED_OSMIUM;10064;18;10061;22;;;10070;19;10073;25;;;10067.0;0.0
yf_MKC_d3;43600;INTARIAN_PEPPER_ROOT;11483;20;11480;25;;;11489;14;11492;24;;;11486.0;0.0
yf_MKC_d3;43700;ASH_COATED_OSMIUM;10064;6;10060;20;;;10070;17;10073;20;;;10067.0;0.0
yf_MKC_d3;43700;INTARIAN_PEPPER_ROOT;11484;24;11482;18;;;11490;13;11493;26;;;11487.0;0.0
yf_MKC_d3;43800;ASH_COATED_OSMIUM;10065;19;10062;21;;;10071;12;10074;9;;;10068.0;0.0
yf_MKC_d3;43800;INTARIAN_PEPPER_ROOT;11472;5;11469;27;;;11503;13;11506;22;;;11487.5;0.0
yf_MKC_d3;43900;ASH_COATED_OSMIUM;10064;15;10061;11;;;10070;14;10073;18;;;10067.0;0.0
yf_MKC_d3;43900;INTARIAN_PEPPER_ROOT;11485;13;11482;29;;;11491;21;11495;17;;;11488.0;0.0
yf_MKC_d3;44000;ASH_COATED_OSMIUM;10060;9;10057;16;;;10076;16;10080;19;;;10068.0;0.0
yf_MKC_d3;44000;INTARIAN_PEPPER_ROOT;11486;20;11484;19;;;11492;12;11496;11;;;11489.0;0.0
yf_MKC_d3;44100;ASH_COATED_OSMIUM;10065;19;10062;19;;;10071;20;10074;14;;;10068.0;0.0
yf_MKC_d3;44100;INTARIAN_PEPPER_ROOT;11482;10;11478;10;;;11498;12;11502;28;;;11490.0;0.0
yf_MKC_d3;44200;ASH_COATED_OSMIUM;10065;10;10061;17;;;10071;16;10074;19;;;10068.0;0.0
yf_MKC_d3;44200;INTARIAN_PEPPER_ROOT;11487;11;11484;25;;;11495;17;11499;26;;;11491.0;0.0
yf_MKC_d3;44300;ASH_COATED_OSMIUM;10059;11;10056;22;;;10076;9;10078;26;;;10067.5;0.0
yf_MKC_d3;44300;INTARIAN_PEPPER_ROOT;11484;5;11482;15;;;11499;12;11503;16;;;11491.5;0.0
yf_MKC_d3;44400;ASH_COATED_OSMIUM;10065;13;10062;27;;;10071;15;10073;22;;;10068.0;0.0
yf_MKC_d3;44400;INTARIAN_PEPPER_ROOT;11488;5;11486;19;;;11495;14;11499;19;;;11491.5;0.0
yf_MKC_d3;44500;ASH_COATED_OSMIUM;10065;14;10062;9;;;10071;17;10073;15;;;10068.0;0.0
yf_MKC_d3;44500;INTARIAN_PEPPER_ROOT;11490;18;11488;19;;;11496;18;11499;29;;;11493.0;0.0
yf_MKC_d3;44600;ASH_COATED_OSMIUM;10062;16;10059;31;;;10074;17;10078;16;;;10068.0;0.0
yf_MKC_d3;44600;INTARIAN_PEPPER_ROOT;11491;9;11489;23;;;11497;9;11500;22;;;11494.0;0.0
yf_MKC_d3;44700;ASH_COATED_OSMIUM;10065;21;10063;13;;;10071;21;10073;21;;;10068.0;0.0
yf_MKC_d3;44700;INTARIAN_PEPPER_ROOT;11492;13;11488;18;;;11498;9;11500;12;;;11495.0;0.0
yf_MKC_d3;44800;ASH_COATED_OSMIUM;10061;17;10057;19;;;10075;14;10077;17;;;10068.0;0.0
yf_MKC_d3;44800;INTARIAN_PEPPER_ROOT;11491;9;11489;21;;;11499;28;11502;25;;;11495.0;0.0
yf_MKC_d3;44900;ASH_COATED_OSMIUM;10064;21;10062;19;;;10073;9;10075;18;;;10068.5;0.0
yf_MKC_d3;44900;INTARIAN_PEPPER_ROOT;11486;16;11483;27;;;11504;13;11507;25;;;11495.0;0.0
yf_MKC_d3;45000;ASH_COATED_OSMIUM;10056;7;10052;19;;;10081;22;10083;18;;;10068.5;0.0
yf_MKC_d3;45000;INTARIAN_PEPPER_ROOT;11494;10;11491;18;;;11500;10;11504;14;;;11497.0;0.0
yf_MKC_d3;45100;ASH_COATED_OSMIUM;10062;16;10058;33;;;10076;14;10080;18;;;10069.0;0.0
yf_MKC_d3;45100;INTARIAN_PEPPER_ROOT;11494;10;11490;21;;;11500;12;11504;22;;;11497.0;0.0
yf_MKC_d3;45200;ASH_COATED_OSMIUM;10064;14;10062;20;;;10072;25;10075;20;;;10068.0;0.0
yf_MKC_d3;45200;INTARIAN_PEPPER_ROOT;11495;9;11491;9;;;11501;12;11504;16;;;11498.0;0.0
yf_MKC_d3;45300;ASH_COATED_OSMIUM;10066;19;10064;20;;;10072;14;10075;16;;;10069.0;0.0
yf_MKC_d3;45300;INTARIAN_PEPPER_ROOT;11496;26;11492;19;;;11502;16;11504;10;;;11499.0;0.0
yf_MKC_d3;45400;ASH_COATED_OSMIUM;10063;9;10060;15;;;10075;9;10078;16;;;10069.0;0.0
yf_MKC_d3;45400;INTARIAN_PEPPER_ROOT;11494;13;11490;19;;;11504;14;11507;25;;;11499.0;0.0
yf_MKC_d3;45500;ASH_COATED_OSMIUM;10066;8;10063;13;;;10072;18;10075;17;;;10069.0;0.0
yf_MKC_d3;45500;INTARIAN_PEPPER_ROOT;11496;21;11493;17;;;11507;11;11511;16;;;11501.5;0.0
yf_MKC_d3;45600;ASH_COATED_OSMIUM;10064;10;10060;22;;;10074;17;10078;14;;;10069.0;0.0
yf_MKC_d3;45600;INTARIAN_PEPPER_ROOT;11498;15;11495;17;;;11504;5;11507;20;;;11501.0;0.0
yf_MKC_d3;45700;ASH_COATED_OSMIUM;10066;20;10063;24;;;10072;10;10075;15;;;10069.0;0.0
yf_MKC_d3;45700;INTARIAN_PEPPER_ROOT;11498;20;11495;19;;;11504;19;11507;13;;;11501.0;0.0
yf_MKC_d3;45800;ASH_COATED_OSMIUM;10065;12;10062;16;;;10071;30;10073;15;;;10068.0;0.0
yf_MKC_d3;45800;INTARIAN_PEPPER_ROOT;11497;9;11494;20;;;11508;12;11512;17;;;11502.5;0.0
yf_MKC_d3;45900;ASH_COATED_OSMIUM;10066;11;10062;22;;;10072;15;10076;13;;;10069.0;0.0
yf_MKC_d3;45900;INTARIAN_PEPPER_ROOT;11498;18;11496;21;;;11510;19;11513;14;;;11504.0;0.0
yf_MKC_d3;46000;ASH_COATED_OSMIUM;10062;15;10059;19;;;10075;16;10078;15;;;10068.5;0.0
yf_MKC_d3;46000;INTARIAN_PEPPER_ROOT;11496;10;11493;10;;;11512;16;11515;29;;;11504.0;0.0
yf_MKC_d3;46100;ASH_COATED_OSMIUM;10065;21;10062;20;;;10072;16;10076;11;;;10068.5;0.0
yf_MKC_d3;46100;INTARIAN_PEPPER_ROOT;11501;14;11498;22;;;11509;16;11512;9;;;11505.0;0.0
yf_MKC_d3;46200;ASH_COATED_OSMIUM;10061;21;10057;19;;;10075;13;10077;14;;;10068.0;0.0
yf_MKC_d3;46200;INTARIAN_PEPPER_ROOT;11502;17;11499;17;;;11508;11;11510;13;;;11505.0;0.0
yf_MKC_d3;46300;ASH_COATED_OSMIUM;10066;15;10063;8;;;10072;17;10075;23;;;10069.0;0.0
yf_MKC_d3;46300;INTARIAN_PEPPER_ROOT;11500;10;11496;20;;;11513;11;11516;18;;;11506.5;0.0
yf_MKC_d3;46400;ASH_COATED_OSMIUM;10065;17;10061;16;;;10073;18;10075;29;;;10069.0;0.0
yf_MKC_d3;46400;INTARIAN_PEPPER_ROOT;11504;17;11500;21;;;11510;17;11514;22;;;11507.0;0.0
yf_MKC_d3;46500;ASH_COATED_OSMIUM;10066;7;10064;21;;;10072;20;10075;20;;;10069.0;0.0
yf_MKC_d3;46500;INTARIAN_PEPPER_ROOT;11505;8;11503;23;;;11511;19;11513;24;;;11508.0;0.0
yf_MKC_d3;46600;ASH_COATED_OSMIUM;10066;18;10062;11;;;10072;6;10076;17;;;10069.0;0.0
yf_MKC_d3;46600;INTARIAN_PEPPER_ROOT;11503;15;11501;29;;;11514;11;11516;18;;;11508.5;0.0
yf_MKC_d3;46700;ASH_COATED_OSMIUM;10059;13;10055;19;;;10079;13;10081;21;;;10069.0;0.0
yf_MKC_d3;46700;INTARIAN_PEPPER_ROOT;11506;25;11504;19;;;11512;11;11515;27;;;11509.0;0.0
yf_MKC_d3;46800;ASH_COATED_OSMIUM;10060;15;10058;14;;;10077;10;10080;17;;;10068.5;0.0
yf_MKC_d3;46800;INTARIAN_PEPPER_ROOT;11507;19;11504;20;;;11513;12;11517;24;;;11510.0;0.0
yf_MKC_d3;46900;ASH_COATED_OSMIUM;10066;7;10062;17;;;10072;21;10075;17;;;10069.0;0.0
yf_MKC_d3;46900;INTARIAN_PEPPER_ROOT;11507;10;11503;19;;;11513;17;11516;19;;;11510.0;0.0
yf_MKC_d3;47000;ASH_COATED_OSMIUM;10065;14;10062;23;;;10071;8;10074;13;;;10068.0;0.0
yf_MKC_d3;47000;INTARIAN_PEPPER_ROOT;11508;16;11506;27;;;11514;16;11516;15;;;11511.0;0.0
yf_MKC_d3;47100;ASH_COATED_OSMIUM;10066;11;10064;22;;;10072;17;10075;8;;;10069.0;0.0
yf_MKC_d3;47100;INTARIAN_PEPPER_ROOT;11510;9;11506;20;;;11516;16;11520;24;;;11513.0;0.0
yf_MKC_d3;47200;ASH_COATED_OSMIUM;10065;14;10063;13;;;10073;11;10076;24;;;10069.0;0.0
yf_MKC_d3;47200;INTARIAN_PEPPER_ROOT;11499;20;11496;18;;;11526;15;11528;15;;;11512.5;0.0
yf_MKC_d3;47300;ASH_COATED_OSMIUM;10062;14;10058;14;;;10076;17;10080;15;;;10069.0;0.0
yf_MKC_d3;47300;INTARIAN_PEPPER_ROOT;11500;13;11496;22;;;11529;11;11532;20;;;11514.5;0.0
yf_MKC_d3;47400;ASH_COATED_OSMIUM;10056;20;10052;33;;;10083;23;10086;23;;;10069.5;0.0
yf_MKC_d3;47400;INTARIAN_PEPPER_ROOT;11511;10;11507;20;;;11517;20;11521;23;;;11514.0;0.0
yf_MKC_d3;47500;ASH_COATED_OSMIUM;10066;13;10063;24;;;10072;20;10076;20;;;10069.0;0.0
yf_MKC_d3;47500;INTARIAN_PEPPER_ROOT;11512;18;11509;21;;;11518;21;11521;14;;;11515.0;0.0
yf_MKC_d3;47600;ASH_COATED_OSMIUM;10065;12;10062;20;;;10075;20;10077;22;;;10070.0;0.0
yf_MKC_d3;47600;INTARIAN_PEPPER_ROOT;11513;16;11510;21;;;11519;22;11522;8;;;11516.0;0.0
yf_MKC_d3;47700;ASH_COATED_OSMIUM;10067;16;10064;15;;;10073;9;10077;14;;;10070.0;0.0
yf_MKC_d3;47700;INTARIAN_PEPPER_ROOT;11514;12;11510;21;;;11520;14;11523;18;;;11517.0;0.0
yf_MKC_d3;47800;ASH_COATED_OSMIUM;10061;27;10058;17;;;10078;10;10081;17;;;10069.5;0.0
yf_MKC_d3;47800;INTARIAN_PEPPER_ROOT;11515;22;11513;20;;;11521;11;11525;17;;;11518.0;0.0
yf_MKC_d3;47900;ASH_COATED_OSMIUM;10067;11;10063;15;;;10073;18;10075;13;;;10070.0;0.0
yf_MKC_d3;47900;INTARIAN_PEPPER_ROOT;11515;23;11513;28;;;11522;14;11524;11;;;11518.5;0.0
yf_MKC_d3;48000;ASH_COATED_OSMIUM;10066;14;10062;19;;;10072;16;10076;27;;;10069.0;0.0
yf_MKC_d3;48000;INTARIAN_PEPPER_ROOT;11516;10;11512;26;;;11522;15;11524;24;;;11519.0;0.0
yf_MKC_d3;48100;ASH_COATED_OSMIUM;10067;15;10065;23;;;10073;14;10076;17;;;10070.0;0.0
yf_MKC_d3;48100;INTARIAN_PEPPER_ROOT;11516;21;11512;19;;;11524;10;11528;24;;;11520.0;0.0
yf_MKC_d3;48200;ASH_COATED_OSMIUM;10061;15;10059;22;;;10077;5;10080;19;;;10069.0;0.0
yf_MKC_d3;48200;INTARIAN_PEPPER_ROOT;11507;19;11505;21;;;11533;20;11536;14;;;11520.0;0.0
yf_MKC_d3;48300;ASH_COATED_OSMIUM;10067;14;10063;17;;;10073;10;10077;29;;;10070.0;0.0
yf_MKC_d3;48300;INTARIAN_PEPPER_ROOT;11518;12;11514;8;;;11524;5;11526;8;;;11521.0;0.0
yf_MKC_d3;48400;ASH_COATED_OSMIUM;10067;13;10063;16;;;10073;10;10077;17;;;10070.0;0.0
yf_MKC_d3;48400;INTARIAN_PEPPER_ROOT;11520;13;11516;21;;;11526;14;11530;19;;;11523.0;0.0
yf_MKC_d3;48500;ASH_COATED_OSMIUM;10064;7;10060;21;;;10074;8;10076;18;;;10069.0;0.0
yf_MKC_d3;48500;INTARIAN_PEPPER_ROOT;11519;10;11517;26;;;11525;20;11528;22;;;11522.0;0.0
yf_MKC_d3;48600;ASH_COATED_OSMIUM;10066;17;10064;12;;;10072;15;10075;24;;;10069.0;0.0
yf_MKC_d3;48600;INTARIAN_PEPPER_ROOT;11520;9;11518;21;;;11527;11;11530;17;;;11523.5;0.0
yf_MKC_d3;48700;ASH_COATED_OSMIUM;10065;21;10062;14;;;10075;6;10079;20;;;10070.0;0.0
yf_MKC_d3;48700;INTARIAN_PEPPER_ROOT;11518;15;11514;12;;;11531;18;11535;27;;;11524.5;0.0
yf_MKC_d3;48800;ASH_COATED_OSMIUM;10067;12;10064;17;;;10073;7;10077;22;;;10070.0;0.0
yf_MKC_d3;48800;INTARIAN_PEPPER_ROOT;11515;6;11512;20;;;11536;20;11538;25;;;11525.5;0.0
yf_MKC_d3;48900;ASH_COATED_OSMIUM;10066;20;10064;17;;;10074;5;10078;15;;;10070.0;0.0
yf_MKC_d3;48900;INTARIAN_PEPPER_ROOT;11523;13;11519;18;;;11529;17;11531;24;;;11526.0;0.0
yf_MKC_d3;49000;ASH_COATED_OSMIUM;10067;7;10063;16;;;10073;14;10077;18;;;10070.0;0.0
yf_MKC_d3;49000;INTARIAN_PEPPER_ROOT;11524;15;11522;16;;;11530;12;11534;19;;;11527.0;0.0
yf_MKC_d3;49100;ASH_COATED_OSMIUM;10064;14;10061;18;;;10076;12;10080;21;;;10070.0;0.0
yf_MKC_d3;49100;INTARIAN_PEPPER_ROOT;11515;18;11512;21;;;11540;15;11542;16;;;11527.5;0.0
yf_MKC_d3;49200;ASH_COATED_OSMIUM;10067;8;10064;19;;;10073;16;10076;16;;;10070.0;0.0
yf_MKC_d3;49200;INTARIAN_PEPPER_ROOT;11525;13;11521;24;;;11531;19;11534;18;;;11528.0;0.0
yf_MKC_d3;49300;ASH_COATED_OSMIUM;10067;19;10063;16;;;10073;24;10076;23;;;10070.0;0.0
yf_MKC_d3;49300;INTARIAN_PEPPER_ROOT;11521;14;11517;20;;;11536;20;11539;15;;;11528.5;0.0
yf_MKC_d3;49400;ASH_COATED_OSMIUM;10067;25;10064;33;;;10073;18;10077;8;;;10070.0;0.0
yf_MKC_d3;49400;INTARIAN_PEPPER_ROOT;11524;15;11520;18;;;11535;16;11539;12;;;11529.5;0.0
yf_MKC_d3;49500;ASH_COATED_OSMIUM;10061;23;10059;26;;;10080;11;10084;17;;;10070.5;0.0
yf_MKC_d3;49500;INTARIAN_PEPPER_ROOT;11527;18;11523;23;;;11533;11;11536;20;;;11530.0;0.0
yf_MKC_d3;49600;ASH_COATED_OSMIUM;10064;17;10060;25;;;10076;21;10078;19;;;10070.0;0.0
yf_MKC_d3;49600;INTARIAN_PEPPER_ROOT;11528;13;11524;17;;;11534;12;11536;12;;;11531.0;0.0
yf_MKC_d3;49700;ASH_COATED_OSMIUM;10067;19;10063;16;;;10073;12;10075;24;;;10070.0;0.0
yf_MKC_d3;49700;INTARIAN_PEPPER_ROOT;11527;18;11524;11;;;11535;12;11537;18;;;11531.0;0.0
yf_MKC_d3;49800;ASH_COATED_OSMIUM;10067;10;10065;20;;;10073;15;10075;19;;;10070.0;0.0
yf_MKC_d3;49800;INTARIAN_PEPPER_ROOT;11528;18;11525;25;;;11537;13;11540;14;;;11532.5;0.0
yf_MKC_d3;49900;ASH_COATED_OSMIUM;10062;7;10059;25;;;10078;17;10080;21;;;10070.0;0.0
yf_MKC_d3;49900;INTARIAN_PEPPER_ROOT;11528;17;11526;21;;;11539;12;11542;24;;;11533.5;0.0
yf_MKC_d3;50000;ASH_COATED_OSMIUM;10068;25;10066;17;;;10074;15;10078;30;;;10071.0;0.0
yf_MKC_d3;50000;INTARIAN_PEPPER_ROOT;11531;12;11529;15;;;11537;19;11541;25;;;11534.0;0.0
yf_MKC_d3;50100;ASH_COATED_OSMIUM;10063;21;10059;20;;;10078;16;10080;15;;;10070.5;0.0
yf_MKC_d3;50100;INTARIAN_PEPPER_ROOT;11532;14;11528;20;;;11539;5;11542;20;;;11535.5;0.0
yf_MKC_d3;50200;ASH_COATED_OSMIUM;10068;14;10064;30;;;10074;22;10077;13;;;10071.0;0.0
yf_MKC_d3;50200;INTARIAN_PEPPER_ROOT;11524;17;11521;24;;;11547;12;11551;13;;;11535.5;0.0
yf_MKC_d3;50300;ASH_COATED_OSMIUM;10065;12;10061;12;;;10076;21;10079;15;;;10070.5;0.0
yf_MKC_d3;50300;INTARIAN_PEPPER_ROOT;11532;12;11529;18;;;11540;10;11543;24;;;11536.0;0.0
yf_MKC_d3;50400;ASH_COATED_OSMIUM;10067;16;10063;18;;;10073;17;10077;22;;;10070.0;0.0
yf_MKC_d3;50400;INTARIAN_PEPPER_ROOT;11534;14;11530;25;;;11540;15;11544;14;;;11537.0;0.0
yf_MKC_d3;50500;ASH_COATED_OSMIUM;10067;16;10065;18;;;10073;14;10075;17;;;10070.0;0.0
yf_MKC_d3;50500;INTARIAN_PEPPER_ROOT;11536;22;11533;15;;;11542;19;11545;25;;;11539.0;0.0
yf_MKC_d3;50600;ASH_COATED_OSMIUM;10065;10;10062;16;;;10076;13;10079;15;;;10070.5;0.0
yf_MKC_d3;50600;INTARIAN_PEPPER_ROOT;11534;21;11530;16;;;11544;18;11546;10;;;11539.0;0.0
yf_MKC_d3;50700;ASH_COATED_OSMIUM;10068;24;10065;19;;;10074;19;10078;16;;;10071.0;0.0
yf_MKC_d3;50700;INTARIAN_PEPPER_ROOT;11536;20;11533;19;;;11542;9;11545;10;;;11539.0;0.0
yf_MKC_d3;50800;ASH_COATED_OSMIUM;10068;7;10066;19;;;10074;10;10076;19;;;10071.0;0.0
yf_MKC_d3;50800;INTARIAN_PEPPER_ROOT;11537;7;11533;15;;;11543;14;11547;24;;;11540.0;0.0
yf_MKC_d3;50900;ASH_COATED_OSMIUM;10067;14;10064;16;;;10073;21;10076;22;;;10070.0;0.0
yf_MKC_d3;50900;INTARIAN_PEPPER_ROOT;11537;11;11535;30;;;11543;21;11546;16;;;11540.0;0.0
yf_MKC_d3;51000;ASH_COATED_OSMIUM;10061;13;10059;20;;;10080;23;10084;18;;;10070.5;0.0
yf_MKC_d3;51000;INTARIAN_PEPPER_ROOT;11536;15;11534;13;;;11542;19;11544;22;;;11539.0;0.0
yf_MKC_d3;51100;ASH_COATED_OSMIUM;10067;11;10063;19;;;10073;15;10076;18;;;10070.0;0.0
yf_MKC_d3;51100;INTARIAN_PEPPER_ROOT;11530;5;11526;27;;;11545;12;11548;20;;;11537.5;0.0
yf_MKC_d3;51200;ASH_COATED_OSMIUM;10068;11;10064;8;;;10074;13;10078;25;;;10071.0;0.0
yf_MKC_d3;51200;INTARIAN_PEPPER_ROOT;11531;14;11528;26;;;11542;20;11544;13;;;11536.5;0.0
yf_MKC_d3;51300;ASH_COATED_OSMIUM;10067;10;10063;18;;;10075;21;10077;22;;;10071.0;0.0
yf_MKC_d3;51300;INTARIAN_PEPPER_ROOT;11532;8;11530;8;;;11538;5;11542;17;;;11535.0;0.0
yf_MKC_d3;51400;ASH_COATED_OSMIUM;10068;16;10064;19;;;10074;19;10078;26;;;10071.0;0.0
yf_MKC_d3;51400;INTARIAN_PEPPER_ROOT;11529;18;11527;31;;;11539;11;11543;16;;;11534.0;0.0
yf_MKC_d3;51500;ASH_COATED_OSMIUM;10065;19;10061;14;;;10077;16;10079;22;;;10071.0;0.0
yf_MKC_d3;51500;INTARIAN_PEPPER_ROOT;11530;12;11528;19;;;11536;20;11540;21;;;11533.0;0.0
yf_MKC_d3;51600;ASH_COATED_OSMIUM;10067;19;10065;22;;;10073;11;10076;19;;;10070.0;0.0
yf_MKC_d3;51600;INTARIAN_PEPPER_ROOT;11529;22;11525;19;;;11535;13;11538;23;;;11532.0;0.0
yf_MKC_d3;51700;ASH_COATED_OSMIUM;10065;21;10062;11;;;10076;11;10078;16;;;10070.5;0.0
yf_MKC_d3;51700;INTARIAN_PEPPER_ROOT;11528;18;11524;24;;;11534;11;11537;9;;;11531.0;0.0
yf_MKC_d3;51800;ASH_COATED_OSMIUM;10067;9;10065;17;;;10073;9;10075;16;;;10070.0;0.0
yf_MKC_d3;51800;INTARIAN_PEPPER_ROOT;11526;23;11522;14;;;11533;19;11536;24;;;11529.5;0.0
yf_MKC_d3;51900;ASH_COATED_OSMIUM;10068;21;10066;23;;;10074;22;10076;22;;;10071.0;0.0
yf_MKC_d3;51900;INTARIAN_PEPPER_ROOT;11525;9;11523;15;;;11533;16;11537;17;;;11529.0;0.0
yf_MKC_d3;52000;ASH_COATED_OSMIUM;10068;15;10065;23;;;10074;22;10076;25;;;10071.0;0.0
yf_MKC_d3;52000;INTARIAN_PEPPER_ROOT;11522;21;11518;12;;;11533;20;11537;30;;;11527.5;0.0
yf_MKC_d3;52100;ASH_COATED_OSMIUM;10060;15;10057;17;;;10079;12;10083;21;;;10069.5;0.0
yf_MKC_d3;52100;INTARIAN_PEPPER_ROOT;11523;14;11521;15;;;11529;16;11531;14;;;11526.0;0.0
yf_MKC_d3;52200;ASH_COATED_OSMIUM;10067;13;10065;22;;;10073;19;10076;14;;;10070.0;0.0
yf_MKC_d3;52200;INTARIAN_PEPPER_ROOT;11514;24;11511;11;;;11535;13;11537;18;;;11524.5;0.0
yf_MKC_d3;52300;ASH_COATED_OSMIUM;10065;22;10062;16;;;10075;12;10078;25;;;10070.0;0.0
yf_MKC_d3;52300;INTARIAN_PEPPER_ROOT;11521;22;11518;25;;;11527;15;11531;19;;;11524.0;0.0
yf_MKC_d3;52400;ASH_COATED_OSMIUM;10067;20;10063;27;;;10073;13;10076;16;;;10070.0;0.0
yf_MKC_d3;52400;INTARIAN_PEPPER_ROOT;11520;12;11517;17;;;11526;24;11530;17;;;11523.0;0.0
yf_MKC_d3;52500;ASH_COATED_OSMIUM;10067;10;10065;14;;;10073;18;10076;20;;;10070.0;0.0
yf_MKC_d3;52500;INTARIAN_PEPPER_ROOT;11513;11;11510;16;;;11530;7;11533;25;;;11521.5;0.0
yf_MKC_d3;52600;ASH_COATED_OSMIUM;10065;8;10061;17;;;10075;14;10079;23;;;10070.0;0.0
yf_MKC_d3;52600;INTARIAN_PEPPER_ROOT;11511;8;11507;8;;;11529;10;11531;14;;;11520.0;0.0
yf_MKC_d3;52700;ASH_COATED_OSMIUM;10064;16;10061;22;;;10077;21;10080;9;;;10070.5;0.0
yf_MKC_d3;52700;INTARIAN_PEPPER_ROOT;11513;18;11511;19;;;11524;18;11527;20;;;11518.5;0.0
yf_MKC_d3;52800;ASH_COATED_OSMIUM;10067;18;10063;18;;;10073;15;10077;18;;;10070.0;0.0
yf_MKC_d3;52800;INTARIAN_PEPPER_ROOT;11515;6;11512;15;;;11521;16;11523;24;;;11518.0;0.0
yf_MKC_d3;52900;ASH_COATED_OSMIUM;10067;14;10064;16;;;10075;17;10078;17;;;10071.0;0.0
yf_MKC_d3;52900;INTARIAN_PEPPER_ROOT;11514;10;11512;19;;;11520;6;11523;16;;;11517.0;0.0
yf_MKC_d3;53000;ASH_COATED_OSMIUM;10068;15;10066;26;;;10074;12;10076;15;;;10071.0;0.0
yf_MKC_d3;53000;INTARIAN_PEPPER_ROOT;11513;9;11509;17;;;11519;19;11523;29;;;11516.0;0.0
yf_MKC_d3;53100;ASH_COATED_OSMIUM;10068;18;10065;19;;;10074;15;10078;21;;;10071.0;0.0
yf_MKC_d3;53100;INTARIAN_PEPPER_ROOT;11512;7;11508;16;;;11518;19;11520;22;;;11515.0;0.0
yf_MKC_d3;53200;ASH_COATED_OSMIUM;10062;15;10058;20;;;10078;8;10081;13;;;10070.0;0.0
yf_MKC_d3;53200;INTARIAN_PEPPER_ROOT;11510;16;11508;14;;;11517;23;11520;18;;;11513.5;0.0
yf_MKC_d3;53300;ASH_COATED_OSMIUM;10068;16;10066;14;;;10074;9;10078;13;;;10071.0;0.0
yf_MKC_d3;53300;INTARIAN_PEPPER_ROOT;11502;18;11499;16;;;11522;13;11526;17;;;11512.0;0.0
yf_MKC_d3;53400;ASH_COATED_OSMIUM;10065;22;10061;19;;;10077;14;10081;23;;;10071.0;0.0
yf_MKC_d3;53400;INTARIAN_PEPPER_ROOT;11509;19;11506;12;;;11515;13;11519;14;;;11512.0;0.0
yf_MKC_d3;53500;ASH_COATED_OSMIUM;10065;17;10062;15;;;10075;20;10078;16;;;10070.0;0.0
yf_MKC_d3;53500;INTARIAN_PEPPER_ROOT;11507;11;11505;14;;;11513;18;11516;20;;;11510.0;0.0
yf_MKC_d3;53600;ASH_COATED_OSMIUM;10055;19;10051;22;;;10086;21;10088;22;;;10070.5;0.0
yf_MKC_d3;53600;INTARIAN_PEPPER_ROOT;11505;14;11503;23;;;11514;16;11516;21;;;11509.5;0.0
yf_MKC_d3;53700;ASH_COATED_OSMIUM;10067;14;10063;28;;;10073;13;10076;19;;;10070.0;0.0
yf_MKC_d3;53700;INTARIAN_PEPPER_ROOT;11500;16;11497;14;;;11515;8;11518;17;;;11507.5;0.0
yf_MKC_d3;53800;ASH_COATED_OSMIUM;10064;14;10062;24;;;10078;16;10080;19;;;10071.0;0.0
yf_MKC_d3;53800;INTARIAN_PEPPER_ROOT;11501;10;11498;20;;;11512;12;11514;18;;;11506.5;0.0
yf_MKC_d3;53900;ASH_COATED_OSMIUM;10067;10;10063;24;;;10073;15;10077;17;;;10070.0;0.0
yf_MKC_d3;53900;INTARIAN_PEPPER_ROOT;11501;17;11499;8;;;11510;11;11513;29;;;11505.5;0.0
yf_MKC_d3;54000;ASH_COATED_OSMIUM;10067;10;10063;19;;;10073;18;10077;12;;;10070.0;0.0
yf_MKC_d3;54000;INTARIAN_PEPPER_ROOT;11501;9;11498;8;;;11507;21;11509;24;;;11504.0;0.0
yf_MKC_d3;54100;ASH_COATED_OSMIUM;10062;13;10058;8;;;10078;17;10082;17;;;10070.0;0.0
yf_MKC_d3;54100;INTARIAN_PEPPER_ROOT;11500;8;11498;15;;;11506;7;11508;14;;;11503.0;0.0
yf_MKC_d3;54200;ASH_COATED_OSMIUM;10067;19;10063;11;;;10073;20;10077;8;;;10070.0;0.0
yf_MKC_d3;54200;INTARIAN_PEPPER_ROOT;11499;22;11495;21;;;11505;16;11509;26;;;11502.0;0.0
yf_MKC_d3;54300;ASH_COATED_OSMIUM;10061;13;10057;15;;;10080;14;10082;25;;;10070.5;0.0
yf_MKC_d3;54300;INTARIAN_PEPPER_ROOT;11498;13;11496;26;;;11504;5;11508;13;;;11501.0;0.0
yf_MKC_d3;54400;ASH_COATED_OSMIUM;10067;21;10064;24;;;10073;18;10075;13;;;10070.0;0.0
yf_MKC_d3;54400;INTARIAN_PEPPER_ROOT;11497;14;11494;20;;;11503;12;11505;14;;;11500.0;0.0
yf_MKC_d3;54500;ASH_COATED_OSMIUM;10067;15;10065;21;;;10074;8;10077;9;;;10070.5;0.0
yf_MKC_d3;54500;INTARIAN_PEPPER_ROOT;11496;10;11493;25;;;11502;16;11504;13;;;11499.0;0.0
yf_MKC_d3;54600;ASH_COATED_OSMIUM;10067;21;10064;18;;;10073;20;10076;17;;;10070.0;0.0
yf_MKC_d3;54600;INTARIAN_PEPPER_ROOT;11492;24;11490;20;;;11504;19;11508;19;;;11498.0;0.0
yf_MKC_d3;54700;ASH_COATED_OSMIUM;10063;10;10059;13;;;10078;15;10080;16;;;10070.5;0.0
yf_MKC_d3;54700;INTARIAN_PEPPER_ROOT;11494;13;11492;21;;;11500;17;11504;16;;;11497.0;0.0
yf_MKC_d3;54800;ASH_COATED_OSMIUM;10066;20;10063;21;;;10074;10;10078;22;;;10070.0;0.0
yf_MKC_d3;54800;INTARIAN_PEPPER_ROOT;11492;14;11490;15;;;11498;18;11501;8;;;11495.0;0.0
yf_MKC_d3;54900;ASH_COATED_OSMIUM;10067;7;10064;18;;;10073;11;10077;20;;;10070.0;0.0
yf_MKC_d3;54900;INTARIAN_PEPPER_ROOT;11491;13;11488;8;;;11498;6;11501;21;;;11494.5;0.0
yf_MKC_d3;55000;ASH_COATED_OSMIUM;10053;12;10050;17;;;10087;20;10089;20;;;10070.0;0.0
yf_MKC_d3;55000;INTARIAN_PEPPER_ROOT;11488;7;11484;16;;;11499;15;11502;29;;;11493.5;0.0
yf_MKC_d3;55100;ASH_COATED_OSMIUM;10064;15;10061;20;;;10078;15;10080;18;;;10071.0;0.0
yf_MKC_d3;55100;INTARIAN_PEPPER_ROOT;11487;17;11484;16;;;11497;18;11501;20;;;11492.0;0.0
yf_MKC_d3;55200;ASH_COATED_OSMIUM;10067;17;10065;12;;;10073;16;10077;19;;;10070.0;0.0
yf_MKC_d3;55200;INTARIAN_PEPPER_ROOT;11488;15;11484;22;;;11494;11;11496;19;;;11491.0;0.0
yf_MKC_d3;55300;ASH_COATED_OSMIUM;10055;9;10051;18;;;10085;15;10088;20;;;10070.0;0.0
yf_MKC_d3;55300;INTARIAN_PEPPER_ROOT;11472;18;11469;26;;;11507;12;11511;16;;;11489.5;0.0
yf_MKC_d3;55400;ASH_COATED_OSMIUM;10067;16;10064;32;;;10073;15;10076;20;;;10070.0;0.0
yf_MKC_d3;55400;INTARIAN_PEPPER_ROOT;11485;13;11482;21;;;11491;8;11493;19;;;11488.0;0.0
yf_MKC_d3;55500;ASH_COATED_OSMIUM;10067;16;10065;16;;;10073;21;10075;19;;;10070.0;0.0
yf_MKC_d3;55500;INTARIAN_PEPPER_ROOT;11484;21;11482;20;;;11490;9;11494;24;;;11487.0;0.0
yf_MKC_d3;55600;ASH_COATED_OSMIUM;10062;14;10058;23;;;10079;18;10081;15;;;10070.5;0.0
yf_MKC_d3;55600;INTARIAN_PEPPER_ROOT;11479;20;11477;25;;;11493;14;11496;20;;;11486.0;0.0
yf_MKC_d3;55700;ASH_COATED_OSMIUM;10067;12;10063;27;;;10073;11;10075;12;;;10070.0;0.0
yf_MKC_d3;55700;INTARIAN_PEPPER_ROOT;11474;12;11472;22;;;11496;12;11499;21;;;11485.0;0.0
yf_MKC_d3;55800;ASH_COATED_OSMIUM;10068;13;10064;16;;;10074;5;10078;26;;;10071.0;0.0
yf_MKC_d3;55800;INTARIAN_PEPPER_ROOT;11480;10;11476;21;;;11486;26;11488;28;;;11483.0;0.0
yf_MKC_d3;55900;ASH_COATED_OSMIUM;10067;19;10065;12;;;10073;17;10077;20;;;10070.0;0.0
yf_MKC_d3;55900;INTARIAN_PEPPER_ROOT;11480;14;11476;14;;;11486;24;11490;20;;;11483.0;0.0
yf_MKC_d3;56000;ASH_COATED_OSMIUM;10067;13;10063;30;;;10073;16;10076;15;;;10070.0;0.0
yf_MKC_d3;56000;INTARIAN_PEPPER_ROOT;11479;13;11477;8;;;11485;17;11488;25;;;11482.0;0.0
yf_MKC_d3;56100;ASH_COATED_OSMIUM;10068;10;10064;22;;;10074;14;10076;21;;;10071.0;0.0
yf_MKC_d3;56100;INTARIAN_PEPPER_ROOT;11475;19;11473;25;;;11485;21;11488;14;;;11480.0;0.0
yf_MKC_d3;56200;ASH_COATED_OSMIUM;10067;17;10065;9;;;10073;12;10076;16;;;10070.0;0.0
yf_MKC_d3;56200;INTARIAN_PEPPER_ROOT;11476;7;11472;25;;;11482;17;11484;20;;;11479.0;0.0
yf_MKC_d3;56300;ASH_COATED_OSMIUM;10065;18;10063;18;;;10074;18;10076;18;;;10069.5;0.0
yf_MKC_d3;56300;INTARIAN_PEPPER_ROOT;11475;15;11472;25;;;11481;19;11483;18;;;11478.0;0.0
yf_MKC_d3;56400;ASH_COATED_OSMIUM;10061;17;10059;27;;;10080;7;10082;16;;;10070.5;0.0
yf_MKC_d3;56400;INTARIAN_PEPPER_ROOT;11474;16;11472;20;;;11480;21;11484;14;;;11477.0;0.0
yf_MKC_d3;56500;ASH_COATED_OSMIUM;10067;12;10064;14;;;10073;15;10077;20;;;10070.0;0.0
yf_MKC_d3;56500;INTARIAN_PEPPER_ROOT;11465;15;11461;21;;;11486;14;11490;25;;;11475.5;0.0
yf_MKC_d3;56600;ASH_COATED_OSMIUM;10067;15;10063;22;;;10073;17;10075;15;;;10070.0;0.0
yf_MKC_d3;56600;INTARIAN_PEPPER_ROOT;11470;9;11468;19;;;11479;22;11482;28;;;11474.5;0.0
yf_MKC_d3;56700;ASH_COATED_OSMIUM;10067;11;10063;17;;;10073;17;10075;26;;;10070.0;0.0
yf_MKC_d3;56700;INTARIAN_PEPPER_ROOT;11465;21;11461;8;;;11482;11;11484;11;;;11473.5;0.0
yf_MKC_d3;56800;ASH_COATED_OSMIUM;10063;12;10060;16;;;10077;5;10080;29;;;10070.0;0.0
yf_MKC_d3;56800;INTARIAN_PEPPER_ROOT;11470;14;11468;20;;;11476;14;11480;20;;;11473.0;0.0
yf_MKC_d3;56900;ASH_COATED_OSMIUM;10066;7;10062;24;;;10075;15;10078;24;;;10070.5;0.0
yf_MKC_d3;56900;INTARIAN_PEPPER_ROOT;11465;13;11463;19;;;11478;14;11481;19;;;11471.5;0.0
yf_MKC_d3;57000;ASH_COATED_OSMIUM;10067;11;10065;27;;;10073;20;10076;24;;;10070.0;0.0
yf_MKC_d3;57000;INTARIAN_PEPPER_ROOT;11467;16;11463;20;;;11473;13;11476;19;;;11470.0;0.0
yf_MKC_d3;57100;ASH_COATED_OSMIUM;10067;13;10063;24;;;10073;13;10075;25;;;10070.0;0.0
yf_MKC_d3;57100;INTARIAN_PEPPER_ROOT;11466;10;11462;15;;;11472;24;11476;14;;;11469.0;0.0
yf_MKC_d3;57200;ASH_COATED_OSMIUM;10067;24;10063;26;;;10073;23;10077;23;;;10070.0;0.0
yf_MKC_d3;57200;INTARIAN_PEPPER_ROOT;11465;10;11463;34;;;11471;16;11474;17;;;11468.0;0.0
yf_MKC_d3;57300;ASH_COATED_OSMIUM;10066;10;10062;29;;;10073;9;10075;23;;;10069.5;0.0
yf_MKC_d3;57300;INTARIAN_PEPPER_ROOT;11463;12;11459;15;;;11469;19;11473;19;;;11466.0;0.0
