day;timestamp;product;bid_price_1;bid_volume_1;bid_price_2;bid_volume_2;bid_price_3;bid_volume_3;ask_price_1;ask_volume_1;ask_price_2;ask_volume_2;ask_price_3;ask_volume_3;mid_price;profit_and_loss
yf_ZC=F_d10;0;ASH_COATED_OSMIUM;9925;12;9921;14;;;9931;19;9935;16;;;9928.0;0.0
yf_ZC=F_d10;0;INTARIAN_PEPPER_ROOT;11896;11;11894;18;;;11902;11;11905;18;;;11899.0;0.0
yf_ZC=F_d10;100;ASH_COATED_OSMIUM;9919;11;9917;20;;;9937;8;9941;19;;;9928.0;0.0
yf_ZC=F_d10;100;INTARIAN_PEPPER_ROOT;11899;14;11895;16;;;11905;16;11907;25;;;11902.0;0.0
yf_ZC=F_d10;200;ASH_COATED_OSMIUM;9923;10;9921;8;;;9933;9;9936;24;;;9928.0;0.0
yf_ZC=F_d10;200;INTARIAN_PEPPER_ROOT;11899;21;11896;18;;;11909;14;11912;29;;;11904.0;0.0
yf_ZC=F_d10;300;ASH_COATED_OSMIUM;9925;18;9921;20;;;9931;9;9935;26;;;9928.0;0.0
yf_ZC=F_d10;300;INTARIAN_PEPPER_ROOT;11893;13;11890;8;;;11921;16;11924;11;;;11907.0;0.0
yf_ZC=F_d10;400;ASH_COATED_OSMIUM;9924;10;9922;21;;;9930;24;9934;22;;;9927.0;0.0
yf_ZC=F_d10;400;INTARIAN_PEPPER_ROOT;11906;6;11903;18;;;11912;9;11916;24;;;11909.0;0.0
yf_ZC=F_d10;500;ASH_COATED_OSMIUM;9924;24;9920;16;;;9930;17;9933;23;;;9927.0;0.0
yf_ZC=F_d10;500;INTARIAN_PEPPER_ROOT;11908;10;11906;18;;;11914;10;11917;8;;;11911.0;0.0
yf_ZC=F_d10;600;ASH_COATED_OSMIUM;9924;16;9922;25;;;9930;13;9934;20;;;9927.0;0.0
yf_ZC=F_d10;600;INTARIAN_PEPPER_ROOT;11907;16;11905;25;;;11920;5;11923;22;;;11913.5;0.0
yf_ZC=F_d10;700;ASH_COATED_OSMIUM;9924;29;9920;21;;;9930;13;9934;12;;;9927.0;0.0
yf_ZC=F_d10;700;INTARIAN_PEPPER_ROOT;11913;23;11910;18;;;11919;17;11923;23;;;11916.0;0.0
yf_ZC=F_d10;800;ASH_COATED_OSMIUM;9924;7;9920;20;;;9930;18;9934;23;;;9927.0;0.0
yf_ZC=F_d10;800;INTARIAN_PEPPER_ROOT;11915;12;11913;13;;;11921;13;11923;14;;;11918.0;0.0
yf_ZC=F_d10;900;ASH_COATED_OSMIUM;9920;7;9917;15;;;9933;20;9936;18;;;9926.5;0.0
yf_ZC=F_d10;900;INTARIAN_PEPPER_ROOT;11918;16;11914;15;;;11924;7;11928;19;;;11921.0;0.0
yf_ZC=F_d10;1000;ASH_COATED_OSMIUM;9924;13;9921;22;;;9930;7;9932;19;;;9927.0;0.0
yf_ZC=F_d10;1000;INTARIAN_PEPPER_ROOT;11919;12;11915;23;;;11927;16;11930;28;;;11923.0;0.0
yf_ZC=F_d10;1100;ASH_COATED_OSMIUM;9923;14;9919;19;;;9929;17;9933;22;;;9926.0;0.0
yf_ZC=F_d10;1100;INTARIAN_PEPPER_ROOT;11922;17;11920;16;;;11928;10;11932;19;;;11925.0;0.0
yf_ZC=F_d10;1200;ASH_COATED_OSMIUM;9922;16;9920;23;;;9929;13;9932;14;;;9925.5;0.0
yf_ZC=F_d10;1200;INTARIAN_PEPPER_ROOT;11925;10;11923;33;;;11931;23;11935;22;;;11928.0;0.0
yf_ZC=F_d10;1300;ASH_COATED_OSMIUM;9916;11;9913;18;;;9937;15;9940;15;;;9926.5;0.0
yf_ZC=F_d10;1300;INTARIAN_PEPPER_ROOT;11926;11;11924;25;;;11934;18;11937;20;;;11930.0;0.0
yf_ZC=F_d10;1400;ASH_COATED_OSMIUM;9921;14;9919;25;;;9931;12;9933;12;;;9926.0;0.0
yf_ZC=F_d10;1400;INTARIAN_PEPPER_ROOT;11926;18;11922;20;;;11937;19;11939;15;;;11931.5;0.0
yf_ZC=F_d10;1500;ASH_COATED_OSMIUM;9923;16;9921;18;;;9929;15;9933;28;;;9926.0;0.0
yf_ZC=F_d10;1500;INTARIAN_PEPPER_ROOT;11930;15;11927;27;;;11938;14;11942;21;;;11934.0;0.0
yf_ZC=F_d10;1600;ASH_COATED_OSMIUM;9923;18;9921;22;;;9929;17;9933;22;;;9926.0;0.0
yf_ZC=F_d10;1600;INTARIAN_PEPPER_ROOT;11934;20;11930;22;;;11940;18;11942;29;;;11937.0;0.0
yf_ZC=F_d10;1700;ASH_COATED_OSMIUM;9921;18;9918;16;;;9931;9;9935;16;;;9926.0;0.0
yf_ZC=F_d10;1700;INTARIAN_PEPPER_ROOT;11937;13;11934;20;;;11943;14;11946;22;;;11940.0;0.0
yf_ZC=F_d10;1800;ASH_COATED_OSMIUM;9922;23;9918;14;;;9928;15;9931;14;;;9925.0;0.0
yf_ZC=F_d10;1800;INTARIAN_PEPPER_ROOT;11939;22;11935;21;;;11945;13;11947;14;;;11942.0;0.0
yf_ZC=F_d10;1900;ASH_COATED_OSMIUM;9922;15;9920;23;;;9928;15;9931;17;;;9925.0;0.0
yf_ZC=F_d10;1900;INTARIAN_PEPPER_ROOT;11941;14;11939;26;;;11947;17;11951;19;;;11944.0;0.0
yf_ZC=F_d10;2000;ASH_COATED_OSMIUM;9922;15;9918;24;;;9928;10;9931;23;;;9925.0;0.0
yf_ZC=F_d10;2000;INTARIAN_PEPPER_ROOT;11942;20;11939;25;;;11952;6;11954;25;;;11947.0;0.0
yf_ZC=F_d10;2100;ASH_COATED_OSMIUM;9919;18;9915;10;;;9930;10;9934;18;;;9924.5;0.0
yf_ZC=F_d10;2100;INTARIAN_PEPPER_ROOT;11946;18;11942;21;;;11952;18;11955;11;;;11949.0;0.0
yf_ZC=F_d10;2200;ASH_COATED_OSMIUM;9922;18;9920;23;;;9928;16;9930;18;;;9925.0;0.0
yf_ZC=F_d10;2200;INTARIAN_PEPPER_ROOT;11946;18;11944;20;;;11957;9;11961;22;;;11951.5;0.0
yf_ZC=F_d10;2300;ASH_COATED_OSMIUM;9922;12;9918;11;;;9928;22;9932;33;;;9925.0;0.0
yf_ZC=F_d10;2300;INTARIAN_PEPPER_ROOT;11951;8;11947;17;;;11957;13;11959;24;;;11954.0;0.0
yf_ZC=F_d10;2400;ASH_COATED_OSMIUM;9920;7;9916;15;;;9929;13;9932;22;;;9924.5;0.0
yf_ZC=F_d10;2400;INTARIAN_PEPPER_ROOT;11952;20;11949;17;;;11959;18;11962;21;;;11955.5;0.0
yf_ZC=F_d10;2500;ASH_COATED_OSMIUM;9921;16;9918;23;;;9927;23;9929;29;;;9924.0;0.0
yf_ZC=F_d10;2500;INTARIAN_PEPPER_ROOT;11955;13;11953;22;;;11961;14;11964;16;;;11958.0;0.0
yf_ZC=F_d10;2600;ASH_COATED_OSMIUM;9921;24;9919;17;;;9927;15;9930;17;;;9924.0;0.0
yf_ZC=F_d10;2600;INTARIAN_PEPPER_ROOT;11958;9;11956;14;;;11964;23;11967;17;;;11961.0;0.0
yf_ZC=F_d10;2700;ASH_COATED_OSMIUM;9915;13;9912;14;;;9932;11;9936;24;;;9923.5;0.0
yf_ZC=F_d10;2700;INTARIAN_PEPPER_ROOT;11960;15;11957;22;;;11966;12;11970;18;;;11963.0;0.0
yf_ZC=F_d10;2800;ASH_COATED_OSMIUM;9918;18;9916;29;;;9929;14;9931;27;;;9923.5;0.0
yf_ZC=F_d10;2800;INTARIAN_PEPPER_ROOT;11962;17;11960;14;;;11968;22;11970;18;;;11965.0;0.0
yf_ZC=F_d10;2900;ASH_COATED_OSMIUM;9920;9;9916;19;;;9926;22;9929;24;;;9923.0;0.0
yf_ZC=F_d10;2900;INTARIAN_PEPPER_ROOT;11965;16;11962;15;;;11971;16;11975;25;;;11968.0;0.0
yf_ZC=F_d10;3000;ASH_COATED_OSMIUM;9918;15;9916;18;;;9929;14;9932;17;;;9923.5;0.0
yf_ZC=F_d10;3000;INTARIAN_PEPPER_ROOT;11967;12;11965;19;;;11973;23;11977;16;;;11970.0;0.0
yf_ZC=F_d10;3100;ASH_COATED_OSMIUM;9920;23;9916;24;;;9926;18;9928;14;;;9923.0;0.0
yf_ZC=F_d10;3100;INTARIAN_PEPPER_ROOT;11966;19;11963;20;;;11979;16;11982;21;;;11972.5;0.0
yf_ZC=F_d10;3200;ASH_COATED_OSMIUM;9917;14;9915;19;;;9928;24;9932;21;;;9922.5;0.0
yf_ZC=F_d10;3200;INTARIAN_PEPPER_ROOT;11962;5;11958;17;;;11988;7;11991;17;;;11975.0;0.0
yf_ZC=F_d10;3300;ASH_COATED_OSMIUM;9920;10;9916;26;;;9926;10;9928;18;;;9923.0;0.0
yf_ZC=F_d10;3300;INTARIAN_PEPPER_ROOT;11974;20;11972;18;;;11980;19;11984;24;;;11977.0;0.0
yf_ZC=F_d10;3400;ASH_COATED_OSMIUM;9916;19;9913;23;;;9930;24;9934;18;;;9923.0;0.0
yf_ZC=F_d10;3400;INTARIAN_PEPPER_ROOT;11974;8;11970;12;;;11985;19;11989;23;;;11979.5;0.0
yf_ZC=F_d10;3500;ASH_COATED_OSMIUM;9919;18;9916;22;;;9925;11;9928;28;;;9922.0;0.0
yf_ZC=F_d10;3500;INTARIAN_PEPPER_ROOT;11976;9;11973;22;;;11987;24;11991;18;;;11981.5;0.0
yf_ZC=F_d10;3600;ASH_COATED_OSMIUM;9915;17;9911;18;;;9929;18;9931;19;;;9922.0;0.0
yf_ZC=F_d10;3600;INTARIAN_PEPPER_ROOT;11982;5;11980;19;;;11988;30;11992;20;;;11985.0;0.0
yf_ZC=F_d10;3700;ASH_COATED_OSMIUM;9918;13;9915;19;;;9924;17;9926;22;;;9921.0;0.0
yf_ZC=F_d10;3700;INTARIAN_PEPPER_ROOT;11983;13;11979;20;;;11989;18;11992;14;;;11986.0;0.0
yf_ZC=F_d10;3800;ASH_COATED_OSMIUM;9918;20;9914;31;;;9924;12;9927;25;;;9921.0;0.0
yf_ZC=F_d10;3800;INTARIAN_PEPPER_ROOT;11980;13;11976;17;;;11997;23;12001;18;;;11988.5;0.0
yf_ZC=F_d10;3900;ASH_COATED_OSMIUM;9919;17;9916;28;;;9925;21;9929;30;;;9922.0;0.0
yf_ZC=F_d10;3900;INTARIAN_PEPPER_ROOT;11988;19;11984;31;;;11994;10;11996;23;;;11991.0;0.0
yf_ZC=F_d10;4000;ASH_COATED_OSMIUM;9918;16;9915;19;;;9924;13;9927;20;;;9921.0;0.0
yf_ZC=F_d10;4000;INTARIAN_PEPPER_ROOT;11991;8;11987;26;;;11997;15;12001;30;;;11994.0;0.0
yf_ZC=F_d10;4100;ASH_COATED_OSMIUM;9919;12;9917;16;;;9925;15;9928;24;;;9922.0;0.0
yf_ZC=F_d10;4100;INTARIAN_PEPPER_ROOT;11991;15;11989;16;;;12001;13;12004;22;;;11996.0;0.0
yf_ZC=F_d10;4200;ASH_COATED_OSMIUM;9918;14;9914;29;;;9924;12;9927;16;;;9921.0;0.0
yf_ZC=F_d10;4200;INTARIAN_PEPPER_ROOT;11996;21;11993;19;;;12002;20;12004;19;;;11999.0;0.0
yf_ZC=F_d10;4300;ASH_COATED_OSMIUM;9918;9;9915;14;;;9925;14;9929;23;;;9921.5;0.0
yf_ZC=F_d10;4300;INTARIAN_PEPPER_ROOT;11997;19;11993;10;;;12005;13;12008;22;;;12001.0;0.0
yf_ZC=F_d10;4400;ASH_COATED_OSMIUM;9915;18;9913;21;;;9926;22;9930;14;;;9920.5;0.0
yf_ZC=F_d10;4400;INTARIAN_PEPPER_ROOT;12000;18;11998;13;;;12006;11;12008;20;;;12003.0;0.0
yf_ZC=F_d10;4500;ASH_COATED_OSMIUM;9918;12;9914;17;;;9924;16;9928;28;;;9921.0;0.0
yf_ZC=F_d10;4500;INTARIAN_PEPPER_ROOT;11993;17;11991;26;;;12018;15;12022;24;;;12005.5;0.0
yf_ZC=F_d10;4600;ASH_COATED_OSMIUM;9918;7;9916;19;;;9924;12;9927;26;;;9921.0;0.0
yf_ZC=F_d10;4600;INTARIAN_PEPPER_ROOT;12005;18;12001;27;;;12011;19;12013;24;;;12008.0;0.0
yf_ZC=F_d10;4700;ASH_COATED_OSMIUM;9917;14;9915;14;;;9923;17;9926;21;;;9920.0;0.0
yf_ZC=F_d10;4700;INTARIAN_PEPPER_ROOT;12004;14;12000;20;;;12016;10;12018;17;;;12010.0;0.0
yf_ZC=F_d10;4800;ASH_COATED_OSMIUM;9917;18;9914;17;;;9923;18;9927;30;;;9920.0;0.0
yf_ZC=F_d10;4800;INTARIAN_PEPPER_ROOT;12010;18;12006;15;;;12016;7;12020;22;;;12013.0;0.0
yf_ZC=F_d10;4900;ASH_COATED_OSMIUM;9910;18;9907;19;;;9930;19;9933;23;;;9920.0;0.0
yf_ZC=F_d10;4900;INTARIAN_PEPPER_ROOT;12006;12;12002;15;;;12024;14;12027;25;;;12015.0;0.0
yf_ZC=F_d10;5000;ASH_COATED_OSMIUM;9917;18;9913;13;;;9923;11;9927;18;;;9920.0;0.0
yf_ZC=F_d10;5000;INTARIAN_PEPPER_ROOT;12014;12;12012;24;;;12020;20;12022;11;;;12017.0;0.0
yf_ZC=F_d10;5100;ASH_COATED_OSMIUM;9914;14;9911;23;;;9924;8;9928;8;;;9919.0;0.0
yf_ZC=F_d10;5100;INTARIAN_PEPPER_ROOT;12012;12;12010;17;;;12028;19;12031;15;;;12020.0;0.0
yf_ZC=F_d10;5200;ASH_COATED_OSMIUM;9916;19;9912;20;;;9922;17;9925;15;;;9919.0;0.0
yf_ZC=F_d10;5200;INTARIAN_PEPPER_ROOT;12018;16;12014;16;;;12027;21;12031;15;;;12022.5;0.0
yf_ZC=F_d10;5300;ASH_COATED_OSMIUM;9915;13;9913;24;;;9924;18;9926;17;;;9919.5;0.0
yf_ZC=F_d10;5300;INTARIAN_PEPPER_ROOT;12021;19;12019;22;;;12027;15;12029;13;;;12024.0;0.0
yf_ZC=F_d10;5400;ASH_COATED_OSMIUM;9916;14;9914;17;;;9922;19;9925;25;;;9919.0;0.0
yf_ZC=F_d10;5400;INTARIAN_PEPPER_ROOT;12024;21;12021;20;;;12030;7;12033;25;;;12027.0;0.0
yf_ZC=F_d10;5500;ASH_COATED_OSMIUM;9916;16;9913;31;;;9922;10;9924;17;;;9919.0;0.0
yf_ZC=F_d10;5500;INTARIAN_PEPPER_ROOT;12026;25;12022;18;;;12033;20;12037;25;;;12029.5;0.0
yf_ZC=F_d10;5600;ASH_COATED_OSMIUM;9916;18;9913;17;;;9922;20;9925;17;;;9919.0;0.0
yf_ZC=F_d10;5600;INTARIAN_PEPPER_ROOT;12023;15;12021;23;;;12039;9;12042;16;;;12031.0;0.0
yf_ZC=F_d10;5700;ASH_COATED_OSMIUM;9910;25;9908;23;;;9928;14;9930;35;;;9919.0;0.0
yf_ZC=F_d10;5700;INTARIAN_PEPPER_ROOT;12031;15;12027;20;;;12037;10;12041;21;;;12034.0;0.0
yf_ZC=F_d10;5800;ASH_COATED_OSMIUM;9916;22;9913;29;;;9922;20;9924;26;;;9919.0;0.0
yf_ZC=F_d10;5800;INTARIAN_PEPPER_ROOT;12018;20;12014;19;;;12055;12;12057;21;;;12036.5;0.0
yf_ZC=F_d10;5900;ASH_COATED_OSMIUM;9915;11;9913;19;;;9921;18;9923;11;;;9918.0;0.0
yf_ZC=F_d10;5900;INTARIAN_PEPPER_ROOT;12036;9;12034;23;;;12042;14;12046;18;;;12039.0;0.0
yf_ZC=F_d10;6000;ASH_COATED_OSMIUM;9908;16;9904;26;;;9928;18;9932;11;;;9918.0;0.0
yf_ZC=F_d10;6000;INTARIAN_PEPPER_ROOT;12037;6;12035;18;;;12045;17;12048;30;;;12041.0;0.0
yf_ZC=F_d10;6100;ASH_COATED_OSMIUM;9915;17;9911;24;;;9921;12;9924;15;;;9918.0;0.0
yf_ZC=F_d10;6100;INTARIAN_PEPPER_ROOT;12040;23;12037;18;;;12046;14;12049;14;;;12043.0;0.0
yf_ZC=F_d10;6200;ASH_COATED_OSMIUM;9908;11;9904;18;;;9927;6;9931;18;;;9917.5;0.0
yf_ZC=F_d10;6200;INTARIAN_PEPPER_ROOT;12039;22;12037;22;;;12054;7;12057;18;;;12046.5;0.0
yf_ZC=F_d10;6300;ASH_COATED_OSMIUM;9915;16;9911;9;;;9921;11;9924;21;;;9918.0;0.0
yf_ZC=F_d10;6300;INTARIAN_PEPPER_ROOT;12045;8;12042;11;;;12051;19;12053;9;;;12048.0;0.0
yf_ZC=F_d10;6400;ASH_COATED_OSMIUM;9914;8;9912;27;;;9920;13;9923;17;;;9917.0;0.0
yf_ZC=F_d10;6400;INTARIAN_PEPPER_ROOT;12048;12;12044;11;;;12054;14;12056;12;;;12051.0;0.0
yf_ZC=F_d10;6500;ASH_COATED_OSMIUM;9908;10;9904;25;;;9925;15;9928;24;;;9916.5;0.0
yf_ZC=F_d10;6500;INTARIAN_PEPPER_ROOT;12042;15;12040;21;;;12064;16;12068;15;;;12053.0;0.0
yf_ZC=F_d10;6600;ASH_COATED_OSMIUM;9914;14;9912;22;;;9920;20;9924;17;;;9917.0;0.0
yf_ZC=F_d10;6600;INTARIAN_PEPPER_ROOT;12051;25;12047;18;;;12059;8;12063;19;;;12055.0;0.0
yf_ZC=F_d10;6700;ASH_COATED_OSMIUM;9914;13;9910;15;;;9920;12;9924;19;;;9917.0;0.0
yf_ZC=F_d10;6700;INTARIAN_PEPPER_ROOT;12049;5;12045;21;;;12065;12;12067;19;;;12057.0;0.0
yf_ZC=F_d10;6800;ASH_COATED_OSMIUM;9914;9;9912;20;;;9920;15;9923;24;;;9917.0;0.0
yf_ZC=F_d10;6800;INTARIAN_PEPPER_ROOT;12057;16;12053;15;;;12063;10;12067;26;;;12060.0;0.0
yf_ZC=F_d10;6900;ASH_COATED_OSMIUM;9900;5;9896;11;;;9934;11;9937;20;;;9917.0;0.0
yf_ZC=F_d10;6900;INTARIAN_PEPPER_ROOT;12060;18;12056;17;;;12066;11;12068;8;;;12063.0;0.0
yf_ZC=F_d10;7000;ASH_COATED_OSMIUM;9906;14;9902;20;;;9926;9;9930;16;;;9916.0;0.0
yf_ZC=F_d10;7000;INTARIAN_PEPPER_ROOT;12050;20;12047;22;;;12079;7;12082;24;;;12064.5;0.0
yf_ZC=F_d10;7100;ASH_COATED_OSMIUM;9911;18;9909;19;;;9922;27;9926;16;;;9916.5;0.0
yf_ZC=F_d10;7100;INTARIAN_PEPPER_ROOT;12064;17;12060;27;;;12070;18;12072;22;;;12067.0;0.0
yf_ZC=F_d10;7200;ASH_COATED_OSMIUM;9913;13;9910;18;;;9919;8;9923;27;;;9916.0;0.0
yf_ZC=F_d10;7200;INTARIAN_PEPPER_ROOT;12066;16;12063;18;;;12072;16;12074;17;;;12069.0;0.0
yf_ZC=F_d10;7300;ASH_COATED_OSMIUM;9913;19;9910;32;;;9919;7;9923;26;;;9916.0;0.0
yf_ZC=F_d10;7300;INTARIAN_PEPPER_ROOT;12068;19;12066;20;;;12074;11;12078;14;;;12071.0;0.0
yf_ZC=F_d10;7400;ASH_COATED_OSMIUM;9911;10;9908;10;;;9919;11;9923;17;;;9915.0;0.0
yf_ZC=F_d10;7400;INTARIAN_PEPPER_ROOT;12070;12;12067;21;;;12077;9;12081;25;;;12073.5;0.0
yf_ZC=F_d10;7500;ASH_COATED_OSMIUM;9912;17;9908;19;;;9919;12;9923;27;;;9915.5;0.0
yf_ZC=F_d10;7500;INTARIAN_PEPPER_ROOT;12069;11;12067;10;;;12083;13;12085;23;;;12076.0;0.0
yf_ZC=F_d10;7600;ASH_COATED_OSMIUM;9909;25;9906;22;;;9922;8;9924;25;;;9915.5;0.0
yf_ZC=F_d10;7600;INTARIAN_PEPPER_ROOT;12076;10;12073;20;;;12082;19;12086;14;;;12079.0;0.0
yf_ZC=F_d10;7700;ASH_COATED_OSMIUM;9908;16;9905;26;;;9923;19;9927;19;;;9915.5;0.0
yf_ZC=F_d10;7700;INTARIAN_PEPPER_ROOT;12078;18;12075;14;;;12084;9;12087;23;;;12081.0;0.0
yf_ZC=F_d10;7800;ASH_COATED_OSMIUM;9910;6;9907;16;;;9920;8;9924;15;;;9915.0;0.0
yf_ZC=F_d10;7800;INTARIAN_PEPPER_ROOT;12081;15;12078;14;;;12087;7;12091;16;;;12084.0;0.0
yf_ZC=F_d10;7900;ASH_COATED_OSMIUM;9908;21;9904;18;;;9921;12;9925;15;;;9914.5;0.0
yf_ZC=F_d10;7900;INTARIAN_PEPPER_ROOT;12083;14;12081;27;;;12089;13;12092;25;;;12086.0;0.0
yf_ZC=F_d10;8000;ASH_COATED_OSMIUM;9912;7;9909;24;;;9918;13;9920;13;;;9915.0;0.0
yf_ZC=F_d10;8000;INTARIAN_PEPPER_ROOT;12082;7;12079;19;;;12095;12;12098;14;;;12088.5;0.0
yf_ZC=F_d10;8100;ASH_COATED_OSMIUM;9911;10;9908;13;;;9917;14;9920;18;;;9914.0;0.0
yf_ZC=F_d10;8100;INTARIAN_PEPPER_ROOT;12087;11;12083;20;;;12093;11;12097;20;;;12090.0;0.0
yf_ZC=F_d10;8200;ASH_COATED_OSMIUM;9908;8;9904;24;;;9921;13;9924;18;;;9914.5;0.0
yf_ZC=F_d10;8200;INTARIAN_PEPPER_ROOT;12090;10;12087;18;;;12096;20;12100;26;;;12093.0;0.0
yf_ZC=F_d10;8300;ASH_COATED_OSMIUM;9911;16;9908;16;;;9917;19;9920;25;;;9914.0;0.0
yf_ZC=F_d10;8300;INTARIAN_PEPPER_ROOT;12090;12;12087;27;;;12101;15;12103;20;;;12095.5;0.0
yf_ZC=F_d10;8400;ASH_COATED_OSMIUM;9906;13;9903;20;;;9923;7;9925;22;;;9914.5;0.0
yf_ZC=F_d10;8400;INTARIAN_PEPPER_ROOT;12095;15;12091;17;;;12101;21;12104;17;;;12098.0;0.0
yf_ZC=F_d10;8500;ASH_COATED_OSMIUM;9911;14;9909;21;;;9917;15;9920;18;;;9914.0;0.0
yf_ZC=F_d10;8500;INTARIAN_PEPPER_ROOT;12090;17;12086;24;;;12110;20;12112;22;;;12100.0;0.0
yf_ZC=F_d10;8600;ASH_COATED_OSMIUM;9910;23;9908;28;;;9916;23;9918;16;;;9913.0;0.0
yf_ZC=F_d10;8600;INTARIAN_PEPPER_ROOT;12100;11;12097;18;;;12106;11;12109;8;;;12103.0;0.0
yf_ZC=F_d10;8700;ASH_COATED_OSMIUM;9911;12;9909;16;;;9917;12;9921;18;;;9914.0;0.0
yf_ZC=F_d10;8700;INTARIAN_PEPPER_ROOT;12089;13;12087;23;;;12121;14;12125;23;;;12105.0;0.0
yf_ZC=F_d10;8800;ASH_COATED_OSMIUM;9910;6;9908;27;;;9917;17;9920;8;;;9913.5;0.0
yf_ZC=F_d10;8800;INTARIAN_PEPPER_ROOT;12104;21;12100;24;;;12110;19;12112;24;;;12107.0;0.0
yf_ZC=F_d10;8900;ASH_COATED_OSMIUM;9910;21;9906;31;;;9916;20;9918;13;;;9913.0;0.0
yf_ZC=F_d10;8900;INTARIAN_PEPPER_ROOT;12106;10;12102;19;;;12112;12;12115;25;;;12109.0;0.0
yf_ZC=F_d10;9000;ASH_COATED_OSMIUM;9910;9;9907;25;;;9916;11;9920;13;;;9913.0;0.0
yf_ZC=F_d10;9000;INTARIAN_PEPPER_ROOT;12107;14;12104;25;;;12117;15;12121;12;;;12112.0;0.0
yf_ZC=F_d10;9100;ASH_COATED_OSMIUM;9893;12;9890;16;;;9932;10;9934;14;;;9912.5;0.0
yf_ZC=F_d10;9100;INTARIAN_PEPPER_ROOT;12111;17;12108;16;;;12118;9;12120;18;;;12114.5;0.0
yf_ZC=F_d10;9200;ASH_COATED_OSMIUM;9910;21;9908;16;;;9916;10;9919;23;;;9913.0;0.0
yf_ZC=F_d10;9200;INTARIAN_PEPPER_ROOT;12114;11;12110;18;;;12120;14;12122;18;;;12117.0;0.0
yf_ZC=F_d10;9300;ASH_COATED_OSMIUM;9909;15;9907;19;;;9915;16;9919;24;;;9912.0;0.0
yf_ZC=F_d10;9300;INTARIAN_PEPPER_ROOT;12116;11;12112;13;;;12122;20;12124;19;;;12119.0;0.0
yf_ZC=F_d10;9400;ASH_COATED_OSMIUM;9910;5;9908;14;;;9916;28;9919;20;;;9913.0;0.0
yf_ZC=F_d10;9400;INTARIAN_PEPPER_ROOT;12113;14;12111;26;;;12129;13;12133;10;;;12121.0;0.0
yf_ZC=F_d10;9500;ASH_COATED_OSMIUM;9909;11;9907;21;;;9915;17;9918;11;;;9912.0;0.0
yf_ZC=F_d10;9500;INTARIAN_PEPPER_ROOT;12121;16;12119;16;;;12127;23;12129;23;;;12124.0;0.0
yf_ZC=F_d10;9600;ASH_COATED_OSMIUM;9909;19;9905;23;;;9915;18;9919;18;;;9912.0;0.0
yf_ZC=F_d10;9600;INTARIAN_PEPPER_ROOT;12123;16;12119;14;;;12129;15;12132;24;;;12126.0;0.0
yf_ZC=F_d10;9700;ASH_COATED_OSMIUM;9909;13;9905;23;;;9915;14;9917;22;;;9912.0;0.0
yf_ZC=F_d10;9700;INTARIAN_PEPPER_ROOT;12125;17;12123;14;;;12131;17;12135;26;;;12128.0;0.0
yf_ZC=F_d10;9800;ASH_COATED_OSMIUM;9909;14;9905;23;;;9915;13;9917;21;;;9912.0;0.0
yf_ZC=F_d10;9800;INTARIAN_PEPPER_ROOT;12128;17;12125;33;;;12134;19;12138;12;;;12131.0;0.0
yf_ZC=F_d10;9900;ASH_COATED_OSMIUM;9902;18;9900;24;;;9920;12;9924;13;;;9911.0;0.0
yf_ZC=F_d10;9900;INTARIAN_PEPPER_ROOT;12130;20;12128;22;;;12136;13;12138;25;;;12133.0;0.0
yf_ZC=F_d10;10000;ASH_COATED_OSMIUM;9906;21;9902;8;;;9917;9;9921;26;;;9911.5;0.0
yf_ZC=F_d10;10000;INTARIAN_PEPPER_ROOT;12130;10;12128;8;;;12140;15;12142;22;;;12135.0;0.0
yf_ZC=F_d10;10100;ASH_COATED_OSMIUM;9907;18;9904;24;;;9915;11;9917;12;;;9911.0;0.0
yf_ZC=F_d10;10100;INTARIAN_PEPPER_ROOT;12135;11;12132;18;;;12142;10;12145;23;;;12138.5;0.0
yf_ZC=F_d10;10200;ASH_COATED_OSMIUM;9908;11;9906;28;;;9914;18;9917;20;;;9911.0;0.0
yf_ZC=F_d10;10200;INTARIAN_PEPPER_ROOT;12137;16;12135;21;;;12143;9;12147;18;;;12140.0;0.0
yf_ZC=F_d10;10300;ASH_COATED_OSMIUM;9908;16;9905;28;;;9914;15;9918;17;;;9911.0;0.0
yf_ZC=F_d10;10300;INTARIAN_PEPPER_ROOT;12139;13;12136;24;;;12146;21;12150;23;;;12142.5;0.0
yf_ZC=F_d10;10400;ASH_COATED_OSMIUM;9908;19;9905;27;;;9914;17;9917;22;;;9911.0;0.0
yf_ZC=F_d10;10400;INTARIAN_PEPPER_ROOT;12139;20;12135;24;;;12151;22;12154;20;;;12145.0;0.0
yf_ZC=F_d10;10500;ASH_COATED_OSMIUM;9908;10;9906;20;;;9914;15;9917;15;;;9911.0;0.0
yf_ZC=F_d10;10500;INTARIAN_PEPPER_ROOT;12144;5;12141;19;;;12150;17;12153;22;;;12147.0;0.0
yf_ZC=F_d10;10600;ASH_COATED_OSMIUM;9907;18;9904;14;;;9913;15;9916;24;;;9910.0;0.0
yf_ZC=F_d10;10600;INTARIAN_PEPPER_ROOT;12142;14;12140;14;;;12157;11;12160;18;;;12149.5;0.0
yf_ZC=F_d10;10700;ASH_COATED_OSMIUM;9904;12;9900;18;;;9917;13;9921;23;;;9910.5;0.0
yf_ZC=F_d10;10700;INTARIAN_PEPPER_ROOT;12149;13;12146;20;;;12155;13;12158;24;;;12152.0;0.0
yf_ZC=F_d10;10800;ASH_COATED_OSMIUM;9907;9;9903;21;;;9913;14;9915;17;;;9910.0;0.0
yf_ZC=F_d10;10800;INTARIAN_PEPPER_ROOT;12151;8;12149;26;;;12157;22;12159;25;;;12154.0;0.0
yf_ZC=F_d10;10900;ASH_COATED_OSMIUM;9902;19;9900;19;;;9918;10;9922;12;;;9910.0;0.0
yf_ZC=F_d10;10900;INTARIAN_PEPPER_ROOT;12148;15;12145;22;;;12166;20;12168;28;;;12157.0;0.0
yf_ZC=F_d10;11000;ASH_COATED_OSMIUM;9907;13;9905;23;;;9913;10;9916;21;;;9910.0;0.0
yf_ZC=F_d10;11000;INTARIAN_PEPPER_ROOT;12151;19;12148;12;;;12168;11;12170;21;;;12159.5;0.0
yf_ZC=F_d10;11100;ASH_COATED_OSMIUM;9907;5;9903;17;;;9913;19;9917;26;;;9910.0;0.0
yf_ZC=F_d10;11100;INTARIAN_PEPPER_ROOT;12154;12;12151;23;;;12169;22;12171;17;;;12161.5;0.0
yf_ZC=F_d10;11200;ASH_COATED_OSMIUM;9897;16;9894;20;;;9920;6;9924;18;;;9908.5;0.0
yf_ZC=F_d10;11200;INTARIAN_PEPPER_ROOT;12153;23;12151;26;;;12175;13;12179;18;;;12164.0;0.0
yf_ZC=F_d10;11300;ASH_COATED_OSMIUM;9904;19;9902;17;;;9914;12;9918;22;;;9909.0;0.0
yf_ZC=F_d10;11300;INTARIAN_PEPPER_ROOT;12159;7;12155;15;;;12174;11;12176;17;;;12166.5;0.0
yf_ZC=F_d10;11400;ASH_COATED_OSMIUM;9906;15;9904;22;;;9912;22;9915;18;;;9909.0;0.0
yf_ZC=F_d10;11400;INTARIAN_PEPPER_ROOT;12163;12;12159;20;;;12174;15;12177;21;;;12168.5;0.0
yf_ZC=F_d10;11500;ASH_COATED_OSMIUM;9906;10;9902;13;;;9912;12;9915;16;;;9909.0;0.0
yf_ZC=F_d10;11500;INTARIAN_PEPPER_ROOT;12168;23;12166;17;;;12174;12;12177;20;;;12171.0;0.0
yf_ZC=F_d10;11600;ASH_COATED_OSMIUM;9905;12;9902;20;;;9911;18;9914;19;;;9908.0;0.0
yf_ZC=F_d10;11600;INTARIAN_PEPPER_ROOT;12169;19;12166;8;;;12178;11;12180;17;;;12173.5;0.0
yf_ZC=F_d10;11700;ASH_COATED_OSMIUM;9895;15;9892;15;;;9921;13;9925;13;;;9908.0;0.0
yf_ZC=F_d10;11700;INTARIAN_PEPPER_ROOT;12159;14;12155;23;;;12192;5;12194;26;;;12175.5;0.0
yf_ZC=F_d10;11800;ASH_COATED_OSMIUM;9903;11;9899;17;;;9914;11;9916;23;;;9908.5;0.0
yf_ZC=F_d10;11800;INTARIAN_PEPPER_ROOT;12175;16;12171;15;;;12181;11;12184;15;;;12178.0;0.0
yf_ZC=F_d10;11900;ASH_COATED_OSMIUM;9903;7;9899;20;;;9914;17;9917;27;;;9908.5;0.0
yf_ZC=F_d10;11900;INTARIAN_PEPPER_ROOT;12170;12;12168;27;;;12190;24;12192;22;;;12180.0;0.0
yf_ZC=F_d10;12000;ASH_COATED_OSMIUM;9904;20;9901;19;;;9913;18;9915;13;;;9908.5;0.0
yf_ZC=F_d10;12000;INTARIAN_PEPPER_ROOT;12179;11;12177;22;;;12185;11;12187;19;;;12182.0;0.0
yf_ZC=F_d10;12100;ASH_COATED_OSMIUM;9905;14;9902;12;;;9911;17;9914;26;;;9908.0;0.0
yf_ZC=F_d10;12100;INTARIAN_PEPPER_ROOT;12182;15;12178;22;;;12188;20;12191;24;;;12185.0;0.0
yf_ZC=F_d10;12200;ASH_COATED_OSMIUM;9903;14;9901;15;;;9913;25;9917;22;;;9908.0;0.0
yf_ZC=F_d10;12200;INTARIAN_PEPPER_ROOT;12184;5;12182;20;;;12190;7;12193;16;;;12187.0;0.0
yf_ZC=F_d10;12300;ASH_COATED_OSMIUM;9904;9;9902;15;;;9910;11;9912;25;;;9907.0;0.0
yf_ZC=F_d10;12300;INTARIAN_PEPPER_ROOT;12187;7;12183;18;;;12193;11;12196;25;;;12190.0;0.0
yf_ZC=F_d10;12400;ASH_COATED_OSMIUM;9891;12;9889;29;;;9923;12;9927;20;;;9907.0;0.0
yf_ZC=F_d10;12400;INTARIAN_PEPPER_ROOT;12185;7;12181;21;;;12199;12;12201;27;;;12192.0;0.0
yf_ZC=F_d10;12500;ASH_COATED_OSMIUM;9904;8;9901;27;;;9910;14;9912;21;;;9907.0;0.0
yf_ZC=F_d10;12500;INTARIAN_PEPPER_ROOT;12191;17;12187;25;;;12198;23;12202;20;;;12194.5;0.0
yf_ZC=F_d10;12600;ASH_COATED_OSMIUM;9898;19;9894;18;;;9915;12;9917;17;;;9906.5;0.0
yf_ZC=F_d10;12600;INTARIAN_PEPPER_ROOT;12194;14;12190;21;;;12200;15;12204;21;;;12197.0;0.0
yf_ZC=F_d10;12700;ASH_COATED_OSMIUM;9904;10;9901;18;;;9910;9;9914;13;;;9907.0;0.0
yf_ZC=F_d10;12700;INTARIAN_PEPPER_ROOT;12190;23;12188;17;;;12208;14;12210;25;;;12199.0;0.0
yf_ZC=F_d10;12800;ASH_COATED_OSMIUM;9903;10;9900;23;;;9909;17;9913;19;;;9906.0;0.0
yf_ZC=F_d10;12800;INTARIAN_PEPPER_ROOT;12198;8;12195;18;;;12204;23;12208;14;;;12201.0;0.0
yf_ZC=F_d10;12900;ASH_COATED_OSMIUM;9903;12;9901;24;;;9909;9;9912;13;;;9906.0;0.0
yf_ZC=F_d10;12900;INTARIAN_PEPPER_ROOT;12201;10;12197;24;;;12207;15;12209;17;;;12204.0;0.0
yf_ZC=F_d10;13000;ASH_COATED_OSMIUM;9903;9;9899;11;;;9909;29;9912;25;;;9906.0;0.0
yf_ZC=F_d10;13000;INTARIAN_PEPPER_ROOT;12204;8;12200;17;;;12210;16;12214;26;;;12207.0;0.0
yf_ZC=F_d10;13100;ASH_COATED_OSMIUM;9903;18;9901;13;;;9909;17;9913;22;;;9906.0;0.0
yf_ZC=F_d10;13100;INTARIAN_PEPPER_ROOT;12201;17;12197;11;;;12217;9;12219;23;;;12209.0;0.0
yf_ZC=F_d10;13200;ASH_COATED_OSMIUM;9900;17;9896;17;;;9913;13;9915;18;;;9906.5;0.0
yf_ZC=F_d10;13200;INTARIAN_PEPPER_ROOT;12203;21;12201;22;;;12219;12;12222;17;;;12211.0;0.0
yf_ZC=F_d10;13300;ASH_COATED_OSMIUM;9902;12;9898;22;;;9908;14;9912;20;;;9905.0;0.0
yf_ZC=F_d10;13300;INTARIAN_PEPPER_ROOT;12210;13;12206;13;;;12218;11;12222;25;;;12214.0;0.0
yf_ZC=F_d10;13400;ASH_COATED_OSMIUM;9903;21;9900;28;;;9909;20;9912;18;;;9906.0;0.0
yf_ZC=F_d10;13400;INTARIAN_PEPPER_ROOT;12213;12;12210;14;;;12219;12;12223;19;;;12216.0;0.0
yf_ZC=F_d10;13500;ASH_COATED_OSMIUM;9902;12;9900;14;;;9908;19;9910;19;;;9905.0;0.0
yf_ZC=F_d10;13500;INTARIAN_PEPPER_ROOT;12215;14;12213;12;;;12221;15;12224;25;;;12218.0;0.0
yf_ZC=F_d10;13600;ASH_COATED_OSMIUM;9902;10;9899;25;;;9908;20;9911;25;;;9905.0;0.0
yf_ZC=F_d10;13600;INTARIAN_PEPPER_ROOT;12216;11;12214;16;;;12224;12;12228;17;;;12220.0;0.0
yf_ZC=F_d10;13700;ASH_COATED_OSMIUM;9902;24;9898;21;;;9908;21;9911;14;;;9905.0;0.0
yf_ZC=F_d10;13700;INTARIAN_PEPPER_ROOT;12220;11;12218;24;;;12226;14;12230;23;;;12223.0;0.0
yf_ZC=F_d10;13800;ASH_COATED_OSMIUM;9901;12;9898;16;;;9909;18;9913;17;;;9905.0;0.0
yf_ZC=F_d10;13800;INTARIAN_PEPPER_ROOT;12223;11;12219;20;;;12229;19;12232;27;;;12226.0;0.0
yf_ZC=F_d10;13900;ASH_COATED_OSMIUM;9895;5;9892;26;;;9914;5;9917;28;;;9904.5;0.0
yf_ZC=F_d10;13900;INTARIAN_PEPPER_ROOT;12223;11;12221;15;;;12233;22;12235;19;;;12228.0;0.0
yf_ZC=F_d10;14000;ASH_COATED_OSMIUM;9902;14;9898;20;;;9908;16;9910;10;;;9905.0;0.0
yf_ZC=F_d10;14000;INTARIAN_PEPPER_ROOT;12223;14;12220;22;;;12237;21;12240;15;;;12230.0;0.0
yf_ZC=F_d10;14100;ASH_COATED_OSMIUM;9902;10;9900;19;;;9908;19;9912;11;;;9905.0;0.0
yf_ZC=F_d10;14100;INTARIAN_PEPPER_ROOT;12229;23;12227;20;;;12235;14;12239;19;;;12232.0;0.0
yf_ZC=F_d10;14200;ASH_COATED_OSMIUM;9897;9;9893;30;;;9911;21;9914;21;;;9904.0;0.0
yf_ZC=F_d10;14200;INTARIAN_PEPPER_ROOT;12232;17;12228;22;;;12238;21;12240;24;;;12235.0;0.0
yf_ZC=F_d10;14300;ASH_COATED_OSMIUM;9899;16;9896;19;;;9909;6;9911;28;;;9904.0;0.0
yf_ZC=F_d10;14300;INTARIAN_PEPPER_ROOT;12234;11;12230;10;;;12240;12;12242;31;;;12237.0;0.0
yf_ZC=F_d10;14400;ASH_COATED_OSMIUM;9900;16;9898;21;;;9908;12;9910;20;;;9904.0;0.0
yf_ZC=F_d10;14400;INTARIAN_PEPPER_ROOT;12237;11;12233;15;;;12243;15;12245;15;;;12240.0;0.0
yf_ZC=F_d10;14500;ASH_COATED_OSMIUM;9901;8;9898;21;;;9907;15;9909;23;;;9904.0;0.0
yf_ZC=F_d10;14500;INTARIAN_PEPPER_ROOT;12239;16;12237;26;;;12245;12;12249;21;;;12242.0;0.0
yf_ZC=F_d10;14600;ASH_COATED_OSMIUM;9900;11;9896;18;;;9907;14;9911;12;;;9903.5;0.0
yf_ZC=F_d10;14600;INTARIAN_PEPPER_ROOT;12230;22;12228;19;;;12259;10;12261;18;;;12244.5;0.0
yf_ZC=F_d10;14700;ASH_COATED_OSMIUM;9895;19;9893;19;;;9912;17;9914;16;;;9903.5;0.0
yf_ZC=F_d10;14700;INTARIAN_PEPPER_ROOT;12241;17;12238;17;;;12252;20;12256;17;;;12246.5;0.0
yf_ZC=F_d10;14800;ASH_COATED_OSMIUM;9900;14;9898;24;;;9906;17;9910;17;;;9903.0;0.0
yf_ZC=F_d10;14800;INTARIAN_PEPPER_ROOT;12246;12;12244;19;;;12252;15;12255;24;;;12249.0;0.0
yf_ZC=F_d10;14900;ASH_COATED_OSMIUM;9899;13;9895;24;;;9905;5;9908;26;;;9902.0;0.0
yf_ZC=F_d10;14900;INTARIAN_PEPPER_ROOT;12248;12;12245;14;;;12254;12;12257;16;;;12251.0;0.0
yf_ZC=F_d10;15000;ASH_COATED_OSMIUM;9900;15;9898;28;;;9906;13;9908;17;;;9903.0;0.0
yf_ZC=F_d10;15000;INTARIAN_PEPPER_ROOT;12250;12;12248;16;;;12256;17;12260;18;;;12253.0;0.0
yf_ZC=F_d10;15100;ASH_COATED_OSMIUM;9899;15;9895;18;;;9905;11;9909;16;;;9902.0;0.0
yf_ZC=F_d10;15100;INTARIAN_PEPPER_ROOT;12253;11;12250;20;;;12259;20;12262;17;;;12256.0;0.0
yf_ZC=F_d10;15200;ASH_COATED_OSMIUM;9900;9;9898;15;;;9906;11;9910;24;;;9903.0;0.0
yf_ZC=F_d10;15200;INTARIAN_PEPPER_ROOT;12255;14;12253;9;;;12261;15;12265;17;;;12258.0;0.0
yf_ZC=F_d10;15300;ASH_COATED_OSMIUM;9898;12;9896;13;;;9907;5;9910;20;;;9902.5;0.0
yf_ZC=F_d10;15300;INTARIAN_PEPPER_ROOT;12258;20;12256;16;;;12264;11;12268;17;;;12261.0;0.0
yf_ZC=F_d10;15400;ASH_COATED_OSMIUM;9899;6;9895;13;;;9905;18;9909;20;;;9902.0;0.0
yf_ZC=F_d10;15400;INTARIAN_PEPPER_ROOT;12260;14;12256;25;;;12266;24;12268;23;;;12263.0;0.0
yf_ZC=F_d10;15500;ASH_COATED_OSMIUM;9893;10;9890;28;;;9911;14;9913;19;;;9902.0;0.0
yf_ZC=F_d10;15500;INTARIAN_PEPPER_ROOT;12262;18;12260;22;;;12268;21;12270;17;;;12265.0;0.0
yf_ZC=F_d10;15600;ASH_COATED_OSMIUM;9899;16;9897;9;;;9905;18;9908;19;;;9902.0;0.0
yf_ZC=F_d10;15600;INTARIAN_PEPPER_ROOT;12264;10;12260;24;;;12272;22;12274;21;;;12268.0;0.0
yf_ZC=F_d10;15700;ASH_COATED_OSMIUM;9898;19;9895;26;;;9904;17;9908;15;;;9901.0;0.0
yf_ZC=F_d10;15700;INTARIAN_PEPPER_ROOT;12268;9;12264;14;;;12274;21;12277;25;;;12271.0;0.0
yf_ZC=F_d10;15800;ASH_COATED_OSMIUM;9898;17;9894;27;;;9905;7;9908;18;;;9901.5;0.0
yf_ZC=F_d10;15800;INTARIAN_PEPPER_ROOT;12269;5;12266;27;;;12275;11;12278;13;;;12272.0;0.0
yf_ZC=F_d10;15900;ASH_COATED_OSMIUM;9898;6;9896;29;;;9904;12;9908;24;;;9901.0;0.0
yf_ZC=F_d10;15900;INTARIAN_PEPPER_ROOT;12264;20;12260;23;;;12287;11;12291;20;;;12275.5;0.0
yf_ZC=F_d10;16000;ASH_COATED_OSMIUM;9897;18;9895;15;;;9905;14;9908;18;;;9901.0;0.0
yf_ZC=F_d10;16000;INTARIAN_PEPPER_ROOT;12274;10;12272;14;;;12280;12;12282;16;;;12277.0;0.0
yf_ZC=F_d10;16100;ASH_COATED_OSMIUM;9899;17;9896;24;;;9905;16;9909;22;;;9902.0;0.0
yf_ZC=F_d10;16100;INTARIAN_PEPPER_ROOT;12276;10;12272;16;;;12282;10;12285;16;;;12279.0;0.0
yf_ZC=F_d10;16200;ASH_COATED_OSMIUM;9897;15;9893;18;;;9905;13;9907;32;;;9901.0;0.0
yf_ZC=F_d10;16200;INTARIAN_PEPPER_ROOT;12277;16;12274;25;;;12286;14;12289;14;;;12281.5;0.0
yf_ZC=F_d10;16300;ASH_COATED_OSMIUM;9898;16;9894;20;;;9904;21;9907;18;;;9901.0;0.0
yf_ZC=F_d10;16300;INTARIAN_PEPPER_ROOT;12281;13;12279;25;;;12287;18;12291;23;;;12284.0;0.0
yf_ZC=F_d10;16400;ASH_COATED_OSMIUM;9898;15;9895;21;;;9904;18;9907;21;;;9901.0;0.0
yf_ZC=F_d10;16400;INTARIAN_PEPPER_ROOT;12283;21;12279;20;;;12289;5;12292;23;;;12286.0;0.0
yf_ZC=F_d10;16500;ASH_COATED_OSMIUM;9898;21;9894;23;;;9904;17;9908;22;;;9901.0;0.0
yf_ZC=F_d10;16500;INTARIAN_PEPPER_ROOT;12284;5;12281;14;;;12294;13;12298;13;;;12289.0;0.0
yf_ZC=F_d10;16600;ASH_COATED_OSMIUM;9896;18;9893;19;;;9905;9;9907;25;;;9900.5;0.0
yf_ZC=F_d10;16600;INTARIAN_PEPPER_ROOT;12283;16;12281;22;;;12301;12;12305;13;;;12292.0;0.0
yf_ZC=F_d10;16700;ASH_COATED_OSMIUM;9893;19;9890;21;;;9906;6;9909;22;;;9899.5;0.0
yf_ZC=F_d10;16700;INTARIAN_PEPPER_ROOT;12291;19;12289;15;;;12297;15;12301;12;;;12294.0;0.0
yf_ZC=F_d10;16800;ASH_COATED_OSMIUM;9897;11;9895;14;;;9903;17;9906;24;;;9900.0;0.0
yf_ZC=F_d10;16800;INTARIAN_PEPPER_ROOT;12293;10;12289;28;;;12300;10;12304;20;;;12296.5;0.0
yf_ZC=F_d10;16900;ASH_COATED_OSMIUM;9897;18;9895;20;;;9903;9;9905;16;;;9900.0;0.0
yf_ZC=F_d10;16900;INTARIAN_PEPPER_ROOT;12295;14;12292;15;;;12301;10;12305;22;;;12298.0;0.0
yf_ZC=F_d10;17000;ASH_COATED_OSMIUM;9896;5;9893;26;;;9902;17;9905;17;;;9899.0;0.0
yf_ZC=F_d10;17000;INTARIAN_PEPPER_ROOT;12297;18;12295;20;;;12303;10;12307;26;;;12300.0;0.0
yf_ZC=F_d10;17100;ASH_COATED_OSMIUM;9892;11;9888;14;;;9907;11;9909;20;;;9899.5;0.0
yf_ZC=F_d10;17100;INTARIAN_PEPPER_ROOT;12286;9;12283;15;;;12315;11;12317;22;;;12300.5;0.0
yf_ZC=F_d10;17200;ASH_COATED_OSMIUM;9895;12;9893;10;;;9903;18;9906;18;;;9899.0;0.0
yf_ZC=F_d10;17200;INTARIAN_PEPPER_ROOT;12299;14;12295;29;;;12305;10;12308;8;;;12302.0;0.0
yf_ZC=F_d10;17300;ASH_COATED_OSMIUM;9887;7;9883;23;;;9912;14;9915;19;;;9899.5;0.0
yf_ZC=F_d10;17300;INTARIAN_PEPPER_ROOT;12299;5;12296;17;;;12305;14;12307;17;;;12302.0;0.0
yf_ZC=F_d10;17400;ASH_COATED_OSMIUM;9897;13;9893;11;;;9903;13;9905;24;;;9900.0;0.0
yf_ZC=F_d10;17400;INTARIAN_PEPPER_ROOT;12301;9;12297;22;;;12307;17;12311;19;;;12304.0;0.0
yf_ZC=F_d10;17500;ASH_COATED_OSMIUM;9892;11;9890;13;;;9908;8;9910;23;;;9900.0;0.0
yf_ZC=F_d10;17500;INTARIAN_PEPPER_ROOT;12302;13;12299;18;;;12308;10;12311;22;;;12305.0;0.0
yf_ZC=F_d10;17600;ASH_COATED_OSMIUM;9891;15;9889;15;;;9908;21;9912;21;;;9899.5;0.0
yf_ZC=F_d10;17600;INTARIAN_PEPPER_ROOT;12302;15;12298;21;;;12308;10;12312;22;;;12305.0;0.0
yf_ZC=F_d10;17700;ASH_COATED_OSMIUM;9888;11;9886;17;;;9910;12;9913;8;;;9899.0;0.0
yf_ZC=F_d10;17700;INTARIAN_PEPPER_ROOT;12301;13;12299;19;;;12310;17;12314;13;;;12305.5;0.0
yf_ZC=F_d10;17800;ASH_COATED_OSMIUM;9897;13;9893;19;;;9903;12;9906;14;;;9900.0;0.0
yf_ZC=F_d10;17800;INTARIAN_PEPPER_ROOT;12298;12;12296;21;;;12317;20;12321;15;;;12307.5;0.0
yf_ZC=F_d10;17900;ASH_COATED_OSMIUM;9897;19;9893;20;;;9903;21;9905;11;;;9900.0;0.0
yf_ZC=F_d10;17900;INTARIAN_PEPPER_ROOT;12304;20;12301;14;;;12312;16;12314;24;;;12308.0;0.0
yf_ZC=F_d10;18000;ASH_COATED_OSMIUM;9897;16;9895;16;;;9903;20;9907;26;;;9900.0;0.0
yf_ZC=F_d10;18000;INTARIAN_PEPPER_ROOT;12305;17;12303;21;;;12314;18;12317;25;;;12309.5;0.0
yf_ZC=F_d10;18100;ASH_COATED_OSMIUM;9893;12;9891;20;;;9907;12;9911;25;;;9900.0;0.0
yf_ZC=F_d10;18100;INTARIAN_PEPPER_ROOT;12307;19;12304;10;;;12313;25;12317;24;;;12310.0;0.0
yf_ZC=F_d10;18200;ASH_COATED_OSMIUM;9897;14;9893;23;;;9903;11;9907;18;;;9900.0;0.0
yf_ZC=F_d10;18200;INTARIAN_PEPPER_ROOT;12308;14;12304;20;;;12314;12;12316;14;;;12311.0;0.0
yf_ZC=F_d10;18300;ASH_COATED_OSMIUM;9881;11;9879;22;;;9920;10;9924;16;;;9900.5;0.0
yf_ZC=F_d10;18300;INTARIAN_PEPPER_ROOT;12304;20;12300;25;;;12318;20;12320;23;;;12311.0;0.0
yf_ZC=F_d10;18400;ASH_COATED_OSMIUM;9897;15;9893;22;;;9903;25;9905;9;;;9900.0;0.0
yf_ZC=F_d10;18400;INTARIAN_PEPPER_ROOT;12308;14;12305;18;;;12317;19;12321;15;;;12312.5;0.0
yf_ZC=F_d10;18500;ASH_COATED_OSMIUM;9895;14;9891;16;;;9904;24;9906;18;;;9899.5;0.0
yf_ZC=F_d10;18500;INTARIAN_PEPPER_ROOT;12306;5;12303;23;;;12319;8;12322;16;;;12312.5;0.0
yf_ZC=F_d10;18600;ASH_COATED_OSMIUM;9894;21;9890;14;;;9908;23;9912;19;;;9901.0;0.0
yf_ZC=F_d10;18600;INTARIAN_PEPPER_ROOT;12311;13;12307;22;;;12317;12;12320;24;;;12314.0;0.0
yf_ZC=F_d10;18700;ASH_COATED_OSMIUM;9898;9;9896;23;;;9904;9;9908;16;;;9901.0;0.0
yf_ZC=F_d10;18700;INTARIAN_PEPPER_ROOT;12312;12;12308;16;;;12318;11;12320;17;;;12315.0;0.0
yf_ZC=F_d10;18800;ASH_COATED_OSMIUM;9897;10;9893;13;;;9903;20;9907;19;;;9900.0;0.0
yf_ZC=F_d10;18800;INTARIAN_PEPPER_ROOT;12304;15;12300;8;;;12327;6;12329;18;;;12315.5;0.0
yf_ZC=F_d10;18900;ASH_COATED_OSMIUM;9894;18;9891;14;;;9909;13;9913;16;;;9901.5;0.0
yf_ZC=F_d10;18900;INTARIAN_PEPPER_ROOT;12314;8;12311;13;;;12320;9;12322;26;;;12317.0;0.0
yf_ZC=F_d10;19000;ASH_COATED_OSMIUM;9898;11;9896;19;;;9904;16;9908;26;;;9901.0;0.0
yf_ZC=F_d10;19000;INTARIAN_PEPPER_ROOT;12314;18;12312;12;;;12321;11;12325;20;;;12317.5;0.0
yf_ZC=F_d10;19100;ASH_COATED_OSMIUM;9898;13;9895;25;;;9904;15;9908;20;;;9901.0;0.0
yf_ZC=F_d10;19100;INTARIAN_PEPPER_ROOT;12316;13;12312;22;;;12322;14;12324;22;;;12319.0;0.0
yf_ZC=F_d10;19200;ASH_COATED_OSMIUM;9897;11;9894;24;;;9903;11;9907;16;;;9900.0;0.0
yf_ZC=F_d10;19200;INTARIAN_PEPPER_ROOT;12317;19;12315;23;;;12323;5;12325;10;;;12320.0;0.0
yf_ZC=F_d10;19300;ASH_COATED_OSMIUM;9893;14;9889;19;;;9908;22;9912;23;;;9900.5;0.0
yf_ZC=F_d10;19300;INTARIAN_PEPPER_ROOT;12310;15;12308;35;;;12331;26;12333;22;;;12320.5;0.0
yf_ZC=F_d10;19400;ASH_COATED_OSMIUM;9894;20;9891;23;;;9909;18;9913;8;;;9901.5;0.0
yf_ZC=F_d10;19400;INTARIAN_PEPPER_ROOT;12315;18;12312;19;;;12326;14;12329;29;;;12320.5;0.0
yf_ZC=F_d10;19500;ASH_COATED_OSMIUM;9898;18;9895;19;;;9904;17;9908;11;;;9901.0;0.0
yf_ZC=F_d10;19500;INTARIAN_PEPPER_ROOT;12317;15;12313;19;;;12327;9;12331;18;;;12322.0;0.0
yf_ZC=F_d10;19600;ASH_COATED_OSMIUM;9898;19;9895;24;;;9904;9;9906;20;;;9901.0;0.0
yf_ZC=F_d10;19600;INTARIAN_PEPPER_ROOT;12317;20;12314;18;;;12329;7;12332;24;;;12323.0;0.0
yf_ZC=F_d10;19700;ASH_COATED_OSMIUM;9897;19;9895;24;;;9905;5;9908;15;;;9901.0;0.0
yf_ZC=F_d10;19700;INTARIAN_PEPPER_ROOT;12314;26;12311;20;;;12334;8;12337;17;;;12324.0;0.0
yf_ZC=F_d10;19800;ASH_COATED_OSMIUM;9892;12;9889;15;;;9910;24;9912;23;;;9901.0;0.0
yf_ZC=F_d10;19800;INTARIAN_PEPPER_ROOT;12322;18;12319;25;;;12328;15;12331;28;;;12325.0;0.0
yf_ZC=F_d10;19900;ASH_COATED_OSMIUM;9891;14;9887;18;;;9912;10;9914;14;;;9901.5;0.0
yf_ZC=F_d10;19900;INTARIAN_PEPPER_ROOT;12318;21;12316;22;;;12333;17;12337;17;;;12325.5;0.0
yf_ZC=F_d10;20000;ASH_COATED_OSMIUM;9897;14;9894;27;;;9906;14;9908;21;;;9901.5;0.0
yf_ZC=F_d10;20000;INTARIAN_PEPPER_ROOT;12324;20;12321;17;;;12330;14;12332;18;;;12327.0;0.0
yf_ZC=F_d10;20100;ASH_COATED_OSMIUM;9897;12;9894;18;;;9906;17;9909;17;;;9901.5;0.0
yf_ZC=F_d10;20100;INTARIAN_PEPPER_ROOT;12325;15;12322;21;;;12331;15;12333;27;;;12328.0;0.0
yf_ZC=F_d10;20200;ASH_COATED_OSMIUM;9898;20;9896;23;;;9905;15;9909;15;;;9901.5;0.0
yf_ZC=F_d10;20200;INTARIAN_PEPPER_ROOT;12325;16;12323;24;;;12331;15;12335;24;;;12328.0;0.0
yf_ZC=F_d10;20300;ASH_COATED_OSMIUM;9898;23;9895;16;;;9904;14;9906;23;;;9901.0;0.0
yf_ZC=F_d10;20300;INTARIAN_PEPPER_ROOT;12326;17;12323;21;;;12332;18;12334;20;;;12329.0;0.0
yf_ZC=F_d10;20400;ASH_COATED_OSMIUM;9899;7;9897;15;;;9905;13;9907;13;;;9902.0;0.0
yf_ZC=F_d10;20400;INTARIAN_PEPPER_ROOT;12327;9;12323;24;;;12333;14;12336;17;;;12330.0;0.0
yf_ZC=F_d10;20500;ASH_COATED_OSMIUM;9891;17;9887;23;;;9912;13;9915;22;;;9901.5;0.0
yf_ZC=F_d10;20500;INTARIAN_PEPPER_ROOT;12328;20;12326;20;;;12334;19;12336;24;;;12331.0;0.0
yf_ZC=F_d10;20600;ASH_COATED_OSMIUM;9898;6;9894;26;;;9904;20;9906;13;;;9901.0;0.0
yf_ZC=F_d10;20600;INTARIAN_PEPPER_ROOT;12318;16;12316;22;;;12346;16;12350;18;;;12332.0;0.0
yf_ZC=F_d10;20700;ASH_COATED_OSMIUM;9897;5;9895;19;;;9904;11;9907;11;;;9900.5;0.0
yf_ZC=F_d10;20700;INTARIAN_PEPPER_ROOT;12330;22;12326;23;;;12336;17;12339;25;;;12333.0;0.0
yf_ZC=F_d10;20800;ASH_COATED_OSMIUM;9899;16;9896;32;;;9905;18;9909;18;;;9902.0;0.0
yf_ZC=F_d10;20800;INTARIAN_PEPPER_ROOT;12330;19;12327;13;;;12337;19;12340;17;;;12333.5;0.0
yf_ZC=F_d10;20900;ASH_COATED_OSMIUM;9899;6;9897;23;;;9905;21;9909;12;;;9902.0;0.0
yf_ZC=F_d10;20900;INTARIAN_PEPPER_ROOT;12331;15;12329;24;;;12337;19;12339;15;;;12334.0;0.0
yf_ZC=F_d10;21000;ASH_COATED_OSMIUM;9899;10;9895;18;;;9905;9;9907;11;;;9902.0;0.0
yf_ZC=F_d10;21000;INTARIAN_PEPPER_ROOT;12332;21;12328;22;;;12338;21;12340;8;;;12335.0;0.0
yf_ZC=F_d10;21100;ASH_COATED_OSMIUM;9899;15;9895;20;;;9905;9;9909;21;;;9902.0;0.0
yf_ZC=F_d10;21100;INTARIAN_PEPPER_ROOT;12333;14;12331;17;;;12341;15;12345;19;;;12337.0;0.0
yf_ZC=F_d10;21200;ASH_COATED_OSMIUM;9899;24;9895;20;;;9905;14;9907;21;;;9902.0;0.0
yf_ZC=F_d10;21200;INTARIAN_PEPPER_ROOT;12334;19;12331;16;;;12340;21;12342;25;;;12337.0;0.0
yf_ZC=F_d10;21300;ASH_COATED_OSMIUM;9899;9;9897;17;;;9905;16;9908;23;;;9902.0;0.0
yf_ZC=F_d10;21300;INTARIAN_PEPPER_ROOT;12335;14;12332;15;;;12341;16;12343;13;;;12338.0;0.0
yf_ZC=F_d10;21400;ASH_COATED_OSMIUM;9899;13;9897;8;;;9905;15;9908;16;;;9902.0;0.0
yf_ZC=F_d10;21400;INTARIAN_PEPPER_ROOT;12336;12;12333;17;;;12342;5;12346;21;;;12339.0;0.0
yf_ZC=F_d10;21500;ASH_COATED_OSMIUM;9891;17;9889;17;;;9914;14;9916;20;;;9902.5;0.0
yf_ZC=F_d10;21500;INTARIAN_PEPPER_ROOT;12337;17;12333;10;;;12343;8;12347;14;;;12340.0;0.0
yf_ZC=F_d10;21600;ASH_COATED_OSMIUM;9893;16;9890;26;;;9910;14;9913;11;;;9901.5;0.0
yf_ZC=F_d10;21600;INTARIAN_PEPPER_ROOT;12337;17;12334;24;;;12345;17;12347;18;;;12341.0;0.0
yf_ZC=F_d10;21700;ASH_COATED_OSMIUM;9890;20;9886;17;;;9915;19;9917;26;;;9902.5;0.0
yf_ZC=F_d10;21700;INTARIAN_PEPPER_ROOT;12322;10;12320;20;;;12363;16;12367;25;;;12342.5;0.0
yf_ZC=F_d10;21800;ASH_COATED_OSMIUM;9897;5;9894;23;;;9908;12;9912;17;;;9902.5;0.0
yf_ZC=F_d10;21800;INTARIAN_PEPPER_ROOT;12337;15;12334;13;;;12348;5;12351;16;;;12342.5;0.0
yf_ZC=F_d10;21900;ASH_COATED_OSMIUM;9899;15;9896;21;;;9905;7;9909;29;;;9902.0;0.0
yf_ZC=F_d10;21900;INTARIAN_PEPPER_ROOT;12340;12;12336;22;;;12346;15;12348;13;;;12343.0;0.0
yf_ZC=F_d10;22000;ASH_COATED_OSMIUM;9895;27;9892;17;;;9909;17;9911;18;;;9902.0;0.0
yf_ZC=F_d10;22000;INTARIAN_PEPPER_ROOT;12341;9;12338;15;;;12347;11;12351;13;;;12344.0;0.0
yf_ZC=F_d10;22100;ASH_COATED_OSMIUM;9900;22;9896;23;;;9906;9;9908;22;;;9903.0;0.0
yf_ZC=F_d10;22100;INTARIAN_PEPPER_ROOT;12342;14;12339;23;;;12348;11;12351;19;;;12345.0;0.0
yf_ZC=F_d10;22200;ASH_COATED_OSMIUM;9900;11;9897;10;;;9906;12;9908;31;;;9903.0;0.0
yf_ZC=F_d10;22200;INTARIAN_PEPPER_ROOT;12343;16;12341;16;;;12349;9;12353;21;;;12346.0;0.0
yf_ZC=F_d10;22300;ASH_COATED_OSMIUM;9900;5;9896;19;;;9906;18;9910;24;;;9903.0;0.0
yf_ZC=F_d10;22300;INTARIAN_PEPPER_ROOT;12333;17;12329;21;;;12361;15;12363;18;;;12347.0;0.0
yf_ZC=F_d10;22400;ASH_COATED_OSMIUM;9899;11;9896;11;;;9905;12;9907;20;;;9902.0;0.0
yf_ZC=F_d10;22400;INTARIAN_PEPPER_ROOT;12345;15;12341;22;;;12351;9;12353;16;;;12348.0;0.0
yf_ZC=F_d10;22500;ASH_COATED_OSMIUM;9897;11;9894;19;;;9908;9;9911;13;;;9902.5;0.0
yf_ZC=F_d10;22500;INTARIAN_PEPPER_ROOT;12344;8;12342;26;;;12353;19;12355;10;;;12348.5;0.0
yf_ZC=F_d10;22600;ASH_COATED_OSMIUM;9900;17;9897;26;;;9906;12;9908;17;;;9903.0;0.0
yf_ZC=F_d10;22600;INTARIAN_PEPPER_ROOT;12341;17;12339;26;;;12360;20;12362;17;;;12350.5;0.0
yf_ZC=F_d10;22700;ASH_COATED_OSMIUM;9900;15;9898;23;;;9906;13;9908;21;;;9903.0;0.0
yf_ZC=F_d10;22700;INTARIAN_PEPPER_ROOT;12348;7;12345;27;;;12354;22;12358;16;;;12351.0;0.0
yf_ZC=F_d10;22800;ASH_COATED_OSMIUM;9898;17;9896;17;;;9908;17;9910;18;;;9903.0;0.0
yf_ZC=F_d10;22800;INTARIAN_PEPPER_ROOT;12348;12;12344;25;;;12354;16;12356;21;;;12351.0;0.0
yf_ZC=F_d10;22900;ASH_COATED_OSMIUM;9900;12;9898;15;;;9906;18;9909;30;;;9903.0;0.0
yf_ZC=F_d10;22900;INTARIAN_PEPPER_ROOT;12349;11;12345;28;;;12355;16;12357;14;;;12352.0;0.0
yf_ZC=F_d10;23000;ASH_COATED_OSMIUM;9900;10;9897;14;;;9906;15;9909;18;;;9903.0;0.0
yf_ZC=F_d10;23000;INTARIAN_PEPPER_ROOT;12350;18;12347;15;;;12356;14;12360;24;;;12353.0;0.0
yf_ZC=F_d10;23100;ASH_COATED_OSMIUM;9900;5;9897;24;;;9906;25;9909;19;;;9903.0;0.0
yf_ZC=F_d10;23100;INTARIAN_PEPPER_ROOT;12351;17;12347;14;;;12357;13;12360;24;;;12354.0;0.0
yf_ZC=F_d10;23200;ASH_COATED_OSMIUM;9896;15;9892;18;;;9910;17;9913;15;;;9903.0;0.0
yf_ZC=F_d10;23200;INTARIAN_PEPPER_ROOT;12352;14;12348;11;;;12358;22;12362;15;;;12355.0;0.0
yf_ZC=F_d10;23300;ASH_COATED_OSMIUM;9899;7;9895;17;;;9908;7;9912;28;;;9903.5;0.0
yf_ZC=F_d10;23300;INTARIAN_PEPPER_ROOT;12353;19;12349;14;;;12359;9;12363;24;;;12356.0;0.0
yf_ZC=F_d10;23400;ASH_COATED_OSMIUM;9897;25;9893;24;;;9908;12;9912;18;;;9902.5;0.0
yf_ZC=F_d10;23400;INTARIAN_PEPPER_ROOT;12354;21;12352;14;;;12360;13;12362;23;;;12357.0;0.0
yf_ZC=F_d10;23500;ASH_COATED_OSMIUM;9901;22;9899;16;;;9907;20;9910;22;;;9904.0;0.0
yf_ZC=F_d10;23500;INTARIAN_PEPPER_ROOT;12355;9;12353;13;;;12361;13;12363;27;;;12358.0;0.0
yf_ZC=F_d10;23600;ASH_COATED_OSMIUM;9896;10;9893;17;;;9910;12;9913;27;;;9903.0;0.0
yf_ZC=F_d10;23600;INTARIAN_PEPPER_ROOT;12355;18;12353;25;;;12361;13;12364;8;;;12358.0;0.0
yf_ZC=F_d10;23700;ASH_COATED_OSMIUM;9901;14;9898;17;;;9907;7;9910;23;;;9904.0;0.0
yf_ZC=F_d10;23700;INTARIAN_PEPPER_ROOT;12356;15;12352;10;;;12362;22;12366;14;;;12359.0;0.0
yf_ZC=F_d10;23800;ASH_COATED_OSMIUM;9896;17;9894;20;;;9911;17;9913;18;;;9903.5;0.0
yf_ZC=F_d10;23800;INTARIAN_PEPPER_ROOT;12357;18;12354;16;;;12363;14;12367;24;;;12360.0;0.0
yf_ZC=F_d10;23900;ASH_COATED_OSMIUM;9896;13;9893;15;;;9910;5;9912;20;;;9903.0;0.0
yf_ZC=F_d10;23900;INTARIAN_PEPPER_ROOT;12356;16;12352;18;;;12367;21;12369;17;;;12361.5;0.0
yf_ZC=F_d10;24000;ASH_COATED_OSMIUM;9901;22;9898;20;;;9907;20;9910;13;;;9904.0;0.0
yf_ZC=F_d10;24000;INTARIAN_PEPPER_ROOT;12359;14;12355;19;;;12365;11;12368;27;;;12362.0;0.0
yf_ZC=F_d10;24100;ASH_COATED_OSMIUM;9899;13;9895;26;;;9908;12;9911;25;;;9903.5;0.0
yf_ZC=F_d10;24100;INTARIAN_PEPPER_ROOT;12359;14;12356;13;;;12365;13;12367;15;;;12362.0;0.0
yf_ZC=F_d10;24200;ASH_COATED_OSMIUM;9900;12;9896;18;;;9906;18;9908;19;;;9903.0;0.0
yf_ZC=F_d10;24200;INTARIAN_PEPPER_ROOT;12353;15;12351;24;;;12374;15;12378;17;;;12363.5;0.0
yf_ZC=F_d10;24300;ASH_COATED_OSMIUM;9901;16;9898;16;;;9907;11;9909;14;;;9904.0;0.0
yf_ZC=F_d10;24300;INTARIAN_PEPPER_ROOT;12359;18;12357;20;;;12370;8;12373;16;;;12364.5;0.0
yf_ZC=F_d10;24400;ASH_COATED_OSMIUM;9901;20;9899;12;;;9907;30;9911;27;;;9904.0;0.0
yf_ZC=F_d10;24400;INTARIAN_PEPPER_ROOT;12362;12;12358;24;;;12368;17;12372;18;;;12365.0;0.0
yf_ZC=F_d10;24500;ASH_COATED_OSMIUM;9898;16;9896;22;;;9910;7;9912;22;;;9904.0;0.0
yf_ZC=F_d10;24500;INTARIAN_PEPPER_ROOT;12364;10;12361;21;;;12370;13;12372;19;;;12367.0;0.0
yf_ZC=F_d10;24600;ASH_COATED_OSMIUM;9901;17;9899;26;;;9907;11;9910;24;;;9904.0;0.0
yf_ZC=F_d10;24600;INTARIAN_PEPPER_ROOT;12364;8;12361;19;;;12371;16;12373;26;;;12367.5;0.0
yf_ZC=F_d10;24700;ASH_COATED_OSMIUM;9898;16;9894;21;;;9910;18;9913;16;;;9904.0;0.0
yf_ZC=F_d10;24700;INTARIAN_PEPPER_ROOT;12364;10;12360;19;;;12371;12;12375;21;;;12367.5;0.0
yf_ZC=F_d10;24800;ASH_COATED_OSMIUM;9902;15;9900;22;;;9908;10;9912;17;;;9905.0;0.0
yf_ZC=F_d10;24800;INTARIAN_PEPPER_ROOT;12364;17;12361;16;;;12374;8;12377;22;;;12369.0;0.0
yf_ZC=F_d10;24900;ASH_COATED_OSMIUM;9901;13;9899;22;;;9908;9;9910;18;;;9904.5;0.0
yf_ZC=F_d10;24900;INTARIAN_PEPPER_ROOT;12367;17;12363;8;;;12373;5;12377;18;;;12370.0;0.0
yf_ZC=F_d10;25000;ASH_COATED_OSMIUM;9901;19;9899;20;;;9907;16;9909;24;;;9904.0;0.0
yf_ZC=F_d10;25000;INTARIAN_PEPPER_ROOT;12368;16;12366;23;;;12374;18;12377;17;;;12371.0;0.0
yf_ZC=F_d10;25100;ASH_COATED_OSMIUM;9901;18;9897;18;;;9907;12;9910;18;;;9904.0;0.0
yf_ZC=F_d10;25100;INTARIAN_PEPPER_ROOT;12369;11;12365;17;;;12375;12;12379;17;;;12372.0;0.0
yf_ZC=F_d10;25200;ASH_COATED_OSMIUM;9901;11;9898;18;;;9907;18;9909;30;;;9904.0;0.0
yf_ZC=F_d10;25200;INTARIAN_PEPPER_ROOT;12370;23;12368;18;;;12376;10;12379;26;;;12373.0;0.0
yf_ZC=F_d10;25300;ASH_COATED_OSMIUM;9902;13;9898;20;;;9908;15;9911;25;;;9905.0;0.0
yf_ZC=F_d10;25300;INTARIAN_PEPPER_ROOT;12370;23;12368;27;;;12376;18;12380;26;;;12373.0;0.0
yf_ZC=F_d10;25400;ASH_COATED_OSMIUM;9884;16;9880;18;;;9924;8;9928;22;;;9904.0;0.0
yf_ZC=F_d10;25400;INTARIAN_PEPPER_ROOT;12371;11;12368;11;;;12378;12;12382;15;;;12374.5;0.0
yf_ZC=F_d10;25500;ASH_COATED_OSMIUM;9901;15;9898;24;;;9907;13;9910;21;;;9904.0;0.0
yf_ZC=F_d10;25500;INTARIAN_PEPPER_ROOT;12373;19;12370;13;;;12379;22;12383;8;;;12376.0;0.0
yf_ZC=F_d10;25600;ASH_COATED_OSMIUM;9899;23;9897;30;;;9911;13;9913;26;;;9905.0;0.0
yf_ZC=F_d10;25600;INTARIAN_PEPPER_ROOT;12373;16;12370;15;;;12379;23;12382;19;;;12376.0;0.0
yf_ZC=F_d10;25700;ASH_COATED_OSMIUM;9894;25;9892;19;;;9915;13;9918;20;;;9904.5;0.0
yf_ZC=F_d10;25700;INTARIAN_PEPPER_ROOT;12374;9;12372;10;;;12380;25;12383;19;;;12377.0;0.0
yf_ZC=F_d10;25800;ASH_COATED_OSMIUM;9899;19;9897;12;;;9910;12;9913;12;;;9904.5;0.0
yf_ZC=F_d10;25800;INTARIAN_PEPPER_ROOT;12375;18;12371;29;;;12381;20;12384;19;;;12378.0;0.0
yf_ZC=F_d10;25900;ASH_COATED_OSMIUM;9901;5;9898;24;;;9909;10;9912;24;;;9905.0;0.0
yf_ZC=F_d10;25900;INTARIAN_PEPPER_ROOT;12376;18;12374;20;;;12382;20;12384;20;;;12379.0;0.0
yf_ZC=F_d10;26000;ASH_COATED_OSMIUM;9902;14;9900;21;;;9908;13;9910;16;;;9905.0;0.0
yf_ZC=F_d10;26000;INTARIAN_PEPPER_ROOT;12372;15;12370;25;;;12388;11;12390;21;;;12380.0;0.0
yf_ZC=F_d10;26100;ASH_COATED_OSMIUM;9897;17;9895;26;;;9912;10;9915;26;;;9904.5;0.0
yf_ZC=F_d10;26100;INTARIAN_PEPPER_ROOT;12378;16;12374;27;;;12384;12;12386;20;;;12381.0;0.0
yf_ZC=F_d10;26200;ASH_COATED_OSMIUM;9902;6;9898;11;;;9908;16;9911;22;;;9905.0;0.0
yf_ZC=F_d10;26200;INTARIAN_PEPPER_ROOT;12374;13;12372;21;;;12389;19;12391;16;;;12381.5;0.0
yf_ZC=F_d10;26300;ASH_COATED_OSMIUM;9898;9;9896;17;;;9912;15;9915;25;;;9905.0;0.0
yf_ZC=F_d10;26300;INTARIAN_PEPPER_ROOT;12379;7;12376;18;;;12385;6;12388;17;;;12382.0;0.0
yf_ZC=F_d10;26400;ASH_COATED_OSMIUM;9897;13;9893;23;;;9913;20;9915;17;;;9905.0;0.0
yf_ZC=F_d10;26400;INTARIAN_PEPPER_ROOT;12380;15;12378;25;;;12386;19;12388;25;;;12383.0;0.0
yf_ZC=F_d10;26500;ASH_COATED_OSMIUM;9898;15;9895;23;;;9913;13;9917;13;;;9905.5;0.0
yf_ZC=F_d10;26500;INTARIAN_PEPPER_ROOT;12379;18;12376;9;;;12388;15;12391;23;;;12383.5;0.0
yf_ZC=F_d10;26600;ASH_COATED_OSMIUM;9900;12;9897;19;;;9910;11;9913;18;;;9905.0;0.0
yf_ZC=F_d10;26600;INTARIAN_PEPPER_ROOT;12382;20;12380;29;;;12388;16;12392;21;;;12385.0;0.0
yf_ZC=F_d10;26700;ASH_COATED_OSMIUM;9902;10;9900;14;;;9908;16;9910;19;;;9905.0;0.0
yf_ZC=F_d10;26700;INTARIAN_PEPPER_ROOT;12380;18;12376;25;;;12392;8;12394;18;;;12386.0;0.0
yf_ZC=F_d10;26800;ASH_COATED_OSMIUM;9899;12;9895;10;;;9911;20;9915;18;;;9905.0;0.0
yf_ZC=F_d10;26800;INTARIAN_PEPPER_ROOT;12384;27;12381;25;;;12390;19;12394;12;;;12387.0;0.0
yf_ZC=F_d10;26900;ASH_COATED_OSMIUM;9902;17;9898;17;;;9908;11;9912;24;;;9905.0;0.0
yf_ZC=F_d10;26900;INTARIAN_PEPPER_ROOT;12383;22;12379;13;;;12393;9;12395;14;;;12388.0;0.0
yf_ZC=F_d10;27000;ASH_COATED_OSMIUM;9902;13;9898;31;;;9908;27;9911;18;;;9905.0;0.0
yf_ZC=F_d10;27000;INTARIAN_PEPPER_ROOT;12386;20;12382;17;;;12392;14;12394;20;;;12389.0;0.0
yf_ZC=F_d10;27100;ASH_COATED_OSMIUM;9902;15;9898;26;;;9908;6;9911;16;;;9905.0;0.0
yf_ZC=F_d10;27100;INTARIAN_PEPPER_ROOT;12387;10;12385;18;;;12393;7;12397;21;;;12390.0;0.0
yf_ZC=F_d10;27200;ASH_COATED_OSMIUM;9902;8;9900;12;;;9908;11;9912;17;;;9905.0;0.0
yf_ZC=F_d10;27200;INTARIAN_PEPPER_ROOT;12388;16;12386;20;;;12394;5;12396;26;;;12391.0;0.0
yf_ZC=F_d10;27300;ASH_COATED_OSMIUM;9901;14;9898;23;;;9910;19;9913;22;;;9905.5;0.0
yf_ZC=F_d10;27300;INTARIAN_PEPPER_ROOT;12388;20;12386;22;;;12394;9;12396;10;;;12391.0;0.0
yf_ZC=F_d10;27400;ASH_COATED_OSMIUM;9902;12;9899;18;;;9908;22;9912;23;;;9905.0;0.0
yf_ZC=F_d10;27400;INTARIAN_PEPPER_ROOT;12387;19;12383;25;;;12398;20;12402;22;;;12392.5;0.0
yf_ZC=F_d10;27500;ASH_COATED_OSMIUM;9903;16;9900;20;;;9909;14;9911;13;;;9906.0;0.0
yf_ZC=F_d10;27500;INTARIAN_PEPPER_ROOT;12390;14;12388;15;;;12396;17;12399;21;;;12393.0;0.0
yf_ZC=F_d10;27600;ASH_COATED_OSMIUM;9901;9;9898;12;;;9911;18;9913;22;;;9906.0;0.0
yf_ZC=F_d10;27600;INTARIAN_PEPPER_ROOT;12391;19;12387;19;;;12397;8;12401;15;;;12394.0;0.0
yf_ZC=F_d10;27700;ASH_COATED_OSMIUM;9903;6;9899;14;;;9909;10;9912;16;;;9906.0;0.0
yf_ZC=F_d10;27700;INTARIAN_PEPPER_ROOT;12386;21;12383;16;;;12402;16;12405;15;;;12394.0;0.0
yf_ZC=F_d10;27800;ASH_COATED_OSMIUM;9903;11;9900;13;;;9909;9;9912;17;;;9906.0;0.0
yf_ZC=F_d10;27800;INTARIAN_PEPPER_ROOT;12393;13;12391;23;;;12399;23;12402;25;;;12396.0;0.0
yf_ZC=F_d10;27900;ASH_COATED_OSMIUM;9896;10;9894;31;;;9916;12;9919;19;;;9906.0;0.0
yf_ZC=F_d10;27900;INTARIAN_PEPPER_ROOT;12393;16;12391;20;;;12399;19;12402;16;;;12396.0;0.0
yf_ZC=F_d10;28000;ASH_COATED_OSMIUM;9903;15;9900;12;;;9909;21;9912;32;;;9906.0;0.0
yf_ZC=F_d10;28000;INTARIAN_PEPPER_ROOT;12394;7;12390;19;;;12400;9;12403;11;;;12397.0;0.0
yf_ZC=F_d10;28100;ASH_COATED_OSMIUM;9903;19;9901;23;;;9909;16;9912;21;;;9906.0;0.0
yf_ZC=F_d10;28100;INTARIAN_PEPPER_ROOT;12396;11;12393;26;;;12402;20;12406;22;;;12399.0;0.0
yf_ZC=F_d10;28200;ASH_COATED_OSMIUM;9883;9;9880;14;;;9929;13;9933;17;;;9906.0;0.0
yf_ZC=F_d10;28200;INTARIAN_PEPPER_ROOT;12396;13;12393;20;;;12402;9;12404;19;;;12399.0;0.0
yf_ZC=F_d10;28300;ASH_COATED_OSMIUM;9903;10;9901;19;;;9911;15;9913;27;;;9907.0;0.0
yf_ZC=F_d10;28300;INTARIAN_PEPPER_ROOT;12397;10;12395;22;;;12403;14;12407;22;;;12400.0;0.0
yf_ZC=F_d10;28400;ASH_COATED_OSMIUM;9897;5;9895;23;;;9915;22;9917;22;;;9906.0;0.0
yf_ZC=F_d10;28400;INTARIAN_PEPPER_ROOT;12398;19;12394;16;;;12404;7;12406;21;;;12401.0;0.0
yf_ZC=F_d10;28500;ASH_COATED_OSMIUM;9899;17;9897;27;;;9914;18;9916;19;;;9906.5;0.0
yf_ZC=F_d10;28500;INTARIAN_PEPPER_ROOT;12399;19;12397;18;;;12405;8;12408;24;;;12402.0;0.0
yf_ZC=F_d10;28600;ASH_COATED_OSMIUM;9900;12;9896;22;;;9912;12;9914;21;;;9906.0;0.0
yf_ZC=F_d10;28600;INTARIAN_PEPPER_ROOT;12400;10;12396;17;;;12406;13;12409;14;;;12403.0;0.0
yf_ZC=F_d10;28700;ASH_COATED_OSMIUM;9903;7;9899;20;;;9909;21;9912;18;;;9906.0;0.0
yf_ZC=F_d10;28700;INTARIAN_PEPPER_ROOT;12401;17;12399;18;;;12407;10;12410;8;;;12404.0;0.0
yf_ZC=F_d10;28800;ASH_COATED_OSMIUM;9903;11;9899;27;;;9910;20;9914;23;;;9906.5;0.0
yf_ZC=F_d10;28800;INTARIAN_PEPPER_ROOT;12382;8;12379;18;;;12428;5;12431;29;;;12405.0;0.0
yf_ZC=F_d10;28900;ASH_COATED_OSMIUM;9896;14;9893;27;;;9917;22;9921;24;;;9906.5;0.0
yf_ZC=F_d10;28900;INTARIAN_PEPPER_ROOT;12403;14;12400;19;;;12409;13;12411;18;;;12406.0;0.0
yf_ZC=F_d10;29000;ASH_COATED_OSMIUM;9901;9;9897;20;;;9912;9;9914;27;;;9906.5;0.0
yf_ZC=F_d10;29000;INTARIAN_PEPPER_ROOT;12403;21;12400;18;;;12409;23;12411;23;;;12406.0;0.0
yf_ZC=F_d10;29100;ASH_COATED_OSMIUM;9903;9;9901;14;;;9910;15;9913;24;;;9906.5;0.0
yf_ZC=F_d10;29100;INTARIAN_PEPPER_ROOT;12405;9;12401;17;;;12411;19;12413;23;;;12408.0;0.0
yf_ZC=F_d10;29200;ASH_COATED_OSMIUM;9904;13;9901;16;;;9910;13;9912;15;;;9907.0;0.0
yf_ZC=F_d10;29200;INTARIAN_PEPPER_ROOT;12405;5;12401;17;;;12411;14;12413;24;;;12408.0;0.0
yf_ZC=F_d10;29300;ASH_COATED_OSMIUM;9904;11;9900;18;;;9910;15;9914;10;;;9907.0;0.0
yf_ZC=F_d10;29300;INTARIAN_PEPPER_ROOT;12402;13;12398;19;;;12416;13;12420;16;;;12409.0;0.0
yf_ZC=F_d10;29400;ASH_COATED_OSMIUM;9892;18;9888;18;;;9923;11;9926;16;;;9907.5;0.0
yf_ZC=F_d10;29400;INTARIAN_PEPPER_ROOT;12407;15;12403;16;;;12413;15;12416;20;;;12410.0;0.0
yf_ZC=F_d10;29500;ASH_COATED_OSMIUM;9904;22;9902;19;;;9910;11;9912;21;;;9907.0;0.0
yf_ZC=F_d10;29500;INTARIAN_PEPPER_ROOT;12402;11;12399;26;;;12419;10;12423;19;;;12410.5;0.0
yf_ZC=F_d10;29600;ASH_COATED_OSMIUM;9901;10;9897;28;;;9912;14;9914;16;;;9906.5;0.0
yf_ZC=F_d10;29600;INTARIAN_PEPPER_ROOT;12409;22;12406;20;;;12415;21;12418;28;;;12412.0;0.0
yf_ZC=F_d10;29700;ASH_COATED_OSMIUM;9904;22;9901;20;;;9910;10;9913;17;;;9907.0;0.0
yf_ZC=F_d10;29700;INTARIAN_PEPPER_ROOT;12409;18;12405;16;;;12415;7;12417;12;;;12412.0;0.0
yf_ZC=F_d10;29800;ASH_COATED_OSMIUM;9903;5;9899;22;;;9911;13;9915;22;;;9907.0;0.0
yf_ZC=F_d10;29800;INTARIAN_PEPPER_ROOT;12410;7;12407;21;;;12416;11;12420;18;;;12413.0;0.0
yf_ZC=F_d10;29900;ASH_COATED_OSMIUM;9903;16;9901;15;;;9911;11;9913;19;;;9907.0;0.0
yf_ZC=F_d10;29900;INTARIAN_PEPPER_ROOT;12411;9;12408;19;;;12417;17;12421;20;;;12414.0;0.0
yf_ZC=F_d10;30000;ASH_COATED_OSMIUM;9904;14;9901;30;;;9911;15;9914;15;;;9907.5;0.0
yf_ZC=F_d10;30000;INTARIAN_PEPPER_ROOT;12413;17;12409;23;;;12419;25;12421;25;;;12416.0;0.0
yf_ZC=F_d10;30100;ASH_COATED_OSMIUM;9898;22;9894;20;;;9916;13;9918;22;;;9907.0;0.0
yf_ZC=F_d10;30100;INTARIAN_PEPPER_ROOT;12395;16;12391;16;;;12437;9;12440;16;;;12416.0;0.0
yf_ZC=F_d10;30200;ASH_COATED_OSMIUM;9904;16;9902;20;;;9910;11;9914;14;;;9907.0;0.0
yf_ZC=F_d10;30200;INTARIAN_PEPPER_ROOT;12414;6;12412;18;;;12420;15;12422;24;;;12417.0;0.0
yf_ZC=F_d10;30300;ASH_COATED_OSMIUM;9904;16;9901;22;;;9910;17;9912;25;;;9907.0;0.0
yf_ZC=F_d10;30300;INTARIAN_PEPPER_ROOT;12402;11;12400;16;;;12435;14;12437;26;;;12418.5;0.0
yf_ZC=F_d10;30400;ASH_COATED_OSMIUM;9903;16;9899;17;;;9912;30;9915;10;;;9907.5;0.0
yf_ZC=F_d10;30400;INTARIAN_PEPPER_ROOT;12413;21;12409;19;;;12424;12;12428;18;;;12418.5;0.0
yf_ZC=F_d10;30500;ASH_COATED_OSMIUM;9905;25;9901;24;;;9911;18;9913;16;;;9908.0;0.0
yf_ZC=F_d10;30500;INTARIAN_PEPPER_ROOT;12417;22;12413;27;;;12423;9;12425;10;;;12420.0;0.0
yf_ZC=F_d10;30600;ASH_COATED_OSMIUM;9899;6;9895;22;;;9917;8;9919;20;;;9908.0;0.0
yf_ZC=F_d10;30600;INTARIAN_PEPPER_ROOT;12413;8;12411;15;;;12426;26;12430;23;;;12419.5;0.0
yf_ZC=F_d10;30700;ASH_COATED_OSMIUM;9905;17;9901;28;;;9911;10;9914;15;;;9908.0;0.0
yf_ZC=F_d10;30700;INTARIAN_PEPPER_ROOT;12414;11;12411;14;;;12428;7;12432;30;;;12421.0;0.0
yf_ZC=F_d10;30800;ASH_COATED_OSMIUM;9903;24;9901;13;;;9912;7;9916;25;;;9907.5;0.0
yf_ZC=F_d10;30800;INTARIAN_PEPPER_ROOT;12418;18;12415;12;;;12425;25;12427;13;;;12421.5;0.0
yf_ZC=F_d10;30900;ASH_COATED_OSMIUM;9903;19;9901;16;;;9913;10;9916;17;;;9908.0;0.0
yf_ZC=F_d10;30900;INTARIAN_PEPPER_ROOT;12420;11;12416;14;;;12426;7;12428;16;;;12423.0;0.0
yf_ZC=F_d10;31000;ASH_COATED_OSMIUM;9904;13;9900;25;;;9910;11;9914;15;;;9907.0;0.0
yf_ZC=F_d10;31000;INTARIAN_PEPPER_ROOT;12414;12;12412;14;;;12434;7;12437;12;;;12424.0;0.0
yf_ZC=F_d10;31100;ASH_COATED_OSMIUM;9898;19;9896;22;;;9917;5;9921;18;;;9907.5;0.0
yf_ZC=F_d10;31100;INTARIAN_PEPPER_ROOT;12421;11;12418;22;;;12430;17;12432;17;;;12425.5;0.0
yf_ZC=F_d10;31200;ASH_COATED_OSMIUM;9905;24;9901;24;;;9911;21;9915;14;;;9908.0;0.0
yf_ZC=F_d10;31200;INTARIAN_PEPPER_ROOT;12421;11;12418;23;;;12431;20;12433;22;;;12426.0;0.0
yf_ZC=F_d10;31300;ASH_COATED_OSMIUM;9905;10;9902;28;;;9911;12;9915;8;;;9908.0;0.0
yf_ZC=F_d10;31300;INTARIAN_PEPPER_ROOT;12424;18;12420;18;;;12430;15;12432;19;;;12427.0;0.0
yf_ZC=F_d10;31400;ASH_COATED_OSMIUM;9905;12;9901;24;;;9911;18;9915;20;;;9908.0;0.0
yf_ZC=F_d10;31400;INTARIAN_PEPPER_ROOT;12425;9;12422;24;;;12431;13;12433;17;;;12428.0;0.0
yf_ZC=F_d10;31500;ASH_COATED_OSMIUM;9905;12;9903;19;;;9911;11;9915;14;;;9908.0;0.0
yf_ZC=F_d10;31500;INTARIAN_PEPPER_ROOT;12425;18;12421;18;;;12431;24;12433;20;;;12428.0;0.0
yf_ZC=F_d10;31600;ASH_COATED_OSMIUM;9904;8;9902;12;;;9913;14;9915;17;;;9908.5;0.0
yf_ZC=F_d10;31600;INTARIAN_PEPPER_ROOT;12426;12;12424;20;;;12432;16;12436;19;;;12429.0;0.0
yf_ZC=F_d10;31700;ASH_COATED_OSMIUM;9902;17;9898;28;;;9915;6;9917;17;;;9908.5;0.0
yf_ZC=F_d10;31700;INTARIAN_PEPPER_ROOT;12427;16;12423;26;;;12433;15;12437;13;;;12430.0;0.0
yf_ZC=F_d10;31800;ASH_COATED_OSMIUM;9900;16;9897;17;;;9917;11;9921;15;;;9908.5;0.0
yf_ZC=F_d10;31800;INTARIAN_PEPPER_ROOT;12428;17;12425;19;;;12434;14;12438;16;;;12431.0;0.0
yf_ZC=F_d10;31900;ASH_COATED_OSMIUM;9900;5;9897;14;;;9916;11;9920;24;;;9908.0;0.0
yf_ZC=F_d10;31900;INTARIAN_PEPPER_ROOT;12429;25;12426;27;;;12435;12;12438;25;;;12432.0;0.0
yf_ZC=F_d10;32000;ASH_COATED_OSMIUM;9905;15;9903;15;;;9911;9;9915;30;;;9908.0;0.0
yf_ZC=F_d10;32000;INTARIAN_PEPPER_ROOT;12430;11;12427;28;;;12436;27;12438;15;;;12433.0;0.0
yf_ZC=F_d10;32100;ASH_COATED_OSMIUM;9905;6;9901;18;;;9912;9;9915;25;;;9908.5;0.0
yf_ZC=F_d10;32100;INTARIAN_PEPPER_ROOT;12430;17;12428;23;;;12438;10;12440;27;;;12434.0;0.0
yf_ZC=F_d10;32200;ASH_COATED_OSMIUM;9905;19;9902;20;;;9911;22;9914;27;;;9908.0;0.0
yf_ZC=F_d10;32200;INTARIAN_PEPPER_ROOT;12431;8;12428;21;;;12437;18;12441;14;;;12434.0;0.0
yf_ZC=F_d10;32300;ASH_COATED_OSMIUM;9906;25;9902;19;;;9912;17;9916;13;;;9909.0;0.0
yf_ZC=F_d10;32300;INTARIAN_PEPPER_ROOT;12432;11;12428;25;;;12438;16;12440;15;;;12435.0;0.0
yf_ZC=F_d10;32400;ASH_COATED_OSMIUM;9905;20;9901;20;;;9911;14;9913;20;;;9908.0;0.0
yf_ZC=F_d10;32400;INTARIAN_PEPPER_ROOT;12433;7;12430;19;;;12439;15;12442;24;;;12436.0;0.0
yf_ZC=F_d10;32500;ASH_COATED_OSMIUM;9905;17;9902;11;;;9911;15;9915;20;;;9908.0;0.0
yf_ZC=F_d10;32500;INTARIAN_PEPPER_ROOT;12434;6;12432;12;;;12440;13;12442;24;;;12437.0;0.0
yf_ZC=F_d10;32600;ASH_COATED_OSMIUM;9902;10;9898;23;;;9916;12;9920;14;;;9909.0;0.0
yf_ZC=F_d10;32600;INTARIAN_PEPPER_ROOT;12435;5;12433;23;;;12441;21;12445;18;;;12438.0;0.0
yf_ZC=F_d10;32700;ASH_COATED_OSMIUM;9905;15;9903;15;;;9912;16;9915;28;;;9908.5;0.0
yf_ZC=F_d10;32700;INTARIAN_PEPPER_ROOT;12436;10;12432;16;;;12442;6;12445;16;;;12439.0;0.0
yf_ZC=F_d10;32800;ASH_COATED_OSMIUM;9906;23;9904;21;;;9912;15;9915;26;;;9909.0;0.0
yf_ZC=F_d10;32800;INTARIAN_PEPPER_ROOT;12437;18;12434;31;;;12443;14;12446;21;;;12440.0;0.0
yf_ZC=F_d10;32900;ASH_COATED_OSMIUM;9906;8;9902;19;;;9912;12;9915;19;;;9909.0;0.0
yf_ZC=F_d10;32900;INTARIAN_PEPPER_ROOT;12438;21;12434;23;;;12445;8;12448;12;;;12441.5;0.0
yf_ZC=F_d10;33000;ASH_COATED_OSMIUM;9906;20;9902;23;;;9912;16;9916;24;;;9909.0;0.0
yf_ZC=F_d10;33000;INTARIAN_PEPPER_ROOT;12439;22;12437;8;;;12445;17;12447;25;;;12442.0;0.0
yf_ZC=F_d10;33100;ASH_COATED_OSMIUM;9906;5;9903;24;;;9913;18;9917;18;;;9909.5;0.0
yf_ZC=F_d10;33100;INTARIAN_PEPPER_ROOT;12440;16;12436;26;;;12446;21;12450;25;;;12443.0;0.0
yf_ZC=F_d10;33200;ASH_COATED_OSMIUM;9896;19;9893;24;;;9922;16;9925;25;;;9909.0;0.0
yf_ZC=F_d10;33200;INTARIAN_PEPPER_ROOT;12441;5;12437;16;;;12447;15;12451;24;;;12444.0;0.0
yf_ZC=F_d10;33300;ASH_COATED_OSMIUM;9906;19;9902;13;;;9912;11;9916;15;;;9909.0;0.0
yf_ZC=F_d10;33300;INTARIAN_PEPPER_ROOT;12442;21;12440;26;;;12448;16;12452;17;;;12445.0;0.0
yf_ZC=F_d10;33400;ASH_COATED_OSMIUM;9906;10;9902;13;;;9912;25;9916;21;;;9909.0;0.0
yf_ZC=F_d10;33400;INTARIAN_PEPPER_ROOT;12442;11;12439;21;;;12448;9;12451;18;;;12445.0;0.0
yf_ZC=F_d10;33500;ASH_COATED_OSMIUM;9906;11;9904;14;;;9912;16;9914;16;;;9909.0;0.0
yf_ZC=F_d10;33500;INTARIAN_PEPPER_ROOT;12444;18;12442;16;;;12450;11;12453;23;;;12447.0;0.0
yf_ZC=F_d10;33600;ASH_COATED_OSMIUM;9906;14;9903;15;;;9912;17;9916;23;;;9909.0;0.0
yf_ZC=F_d10;33600;INTARIAN_PEPPER_ROOT;12439;23;12436;23;;;12454;21;12458;21;;;12446.5;0.0
yf_ZC=F_d10;33700;ASH_COATED_OSMIUM;9906;8;9902;16;;;9912;25;9914;15;;;9909.0;0.0
yf_ZC=F_d10;33700;INTARIAN_PEPPER_ROOT;12445;19;12441;22;;;12451;11;12454;24;;;12448.0;0.0
yf_ZC=F_d10;33800;ASH_COATED_OSMIUM;9906;21;9902;22;;;9912;19;9916;20;;;9909.0;0.0
yf_ZC=F_d10;33800;INTARIAN_PEPPER_ROOT;12445;17;12443;22;;;12451;19;12454;22;;;12448.0;0.0
yf_ZC=F_d10;33900;ASH_COATED_OSMIUM;9906;12;9902;16;;;9912;22;9914;18;;;9909.0;0.0
yf_ZC=F_d10;33900;INTARIAN_PEPPER_ROOT;12445;13;12443;17;;;12454;11;12457;18;;;12449.5;0.0
yf_ZC=F_d10;34000;ASH_COATED_OSMIUM;9894;25;9892;23;;;9925;6;9929;21;;;9909.5;0.0
yf_ZC=F_d10;34000;INTARIAN_PEPPER_ROOT;12446;5;12444;22;;;12452;12;12455;22;;;12449.0;0.0
yf_ZC=F_d10;34100;ASH_COATED_OSMIUM;9906;22;9904;16;;;9913;13;9917;17;;;9909.5;0.0
yf_ZC=F_d10;34100;INTARIAN_PEPPER_ROOT;12442;11;12440;17;;;12456;24;12458;17;;;12449.0;0.0
yf_ZC=F_d10;34200;ASH_COATED_OSMIUM;9907;11;9903;15;;;9913;10;9915;20;;;9910.0;0.0
yf_ZC=F_d10;34200;INTARIAN_PEPPER_ROOT;12444;22;12440;23;;;12454;17;12458;10;;;12449.0;0.0
yf_ZC=F_d10;34300;ASH_COATED_OSMIUM;9907;16;9905;25;;;9913;20;9917;23;;;9910.0;0.0
yf_ZC=F_d10;34300;INTARIAN_PEPPER_ROOT;12446;25;12444;23;;;12452;12;12455;24;;;12449.0;0.0
yf_ZC=F_d10;34400;ASH_COATED_OSMIUM;9901;9;9899;17;;;9920;15;9923;17;;;9910.5;0.0
yf_ZC=F_d10;34400;INTARIAN_PEPPER_ROOT;12445;19;12443;21;;;12454;16;12458;23;;;12449.5;0.0
yf_ZC=F_d10;34500;ASH_COATED_OSMIUM;9906;21;9904;8;;;9912;18;9915;11;;;9909.0;0.0
yf_ZC=F_d10;34500;INTARIAN_PEPPER_ROOT;12446;15;12442;12;;;12452;13;12456;30;;;12449.0;0.0
yf_ZC=F_d10;34600;ASH_COATED_OSMIUM;9906;16;9902;15;;;9914;17;9917;18;;;9910.0;0.0
yf_ZC=F_d10;34600;INTARIAN_PEPPER_ROOT;12445;6;12441;25;;;12452;10;12456;21;;;12448.5;0.0
yf_ZC=F_d10;34700;ASH_COATED_OSMIUM;9907;10;9903;19;;;9913;8;9915;18;;;9910.0;0.0
yf_ZC=F_d10;34700;INTARIAN_PEPPER_ROOT;12445;25;12443;29;;;12451;18;12455;21;;;12448.0;0.0
yf_ZC=F_d10;34800;ASH_COATED_OSMIUM;9908;10;9906;26;;;9914;14;9917;29;;;9911.0;0.0
yf_ZC=F_d10;34800;INTARIAN_PEPPER_ROOT;12445;14;12443;18;;;12451;12;12453;22;;;12448.0;0.0
yf_ZC=F_d10;34900;ASH_COATED_OSMIUM;9908;11;9906;15;;;9914;20;9916;22;;;9911.0;0.0
yf_ZC=F_d10;34900;INTARIAN_PEPPER_ROOT;12441;14;12437;31;;;12455;15;12457;15;;;12448.0;0.0
yf_ZC=F_d10;35000;ASH_COATED_OSMIUM;9902;17;9899;18;;;9920;14;9923;9;;;9911.0;0.0
yf_ZC=F_d10;35000;INTARIAN_PEPPER_ROOT;12445;20;12442;16;;;12451;9;12453;19;;;12448.0;0.0
yf_ZC=F_d10;35100;ASH_COATED_OSMIUM;9907;13;9904;16;;;9913;10;9917;11;;;9910.0;0.0
yf_ZC=F_d10;35100;INTARIAN_PEPPER_ROOT;12445;12;12443;19;;;12451;21;12453;28;;;12448.0;0.0
yf_ZC=F_d10;35200;ASH_COATED_OSMIUM;9908;7;9905;19;;;9914;6;9917;17;;;9911.0;0.0
yf_ZC=F_d10;35200;INTARIAN_PEPPER_ROOT;12444;11;12442;26;;;12450;16;12453;18;;;12447.0;0.0
yf_ZC=F_d10;35300;ASH_COATED_OSMIUM;9893;20;9891;11;;;9929;7;9932;10;;;9911.0;0.0
yf_ZC=F_d10;35300;INTARIAN_PEPPER_ROOT;12441;10;12438;25;;;12454;13;12457;14;;;12447.5;0.0
yf_ZC=F_d10;35400;ASH_COATED_OSMIUM;9908;20;9904;26;;;9914;19;9917;12;;;9911.0;0.0
yf_ZC=F_d10;35400;INTARIAN_PEPPER_ROOT;12443;19;12441;18;;;12451;12;12453;21;;;12447.0;0.0
yf_ZC=F_d10;35500;ASH_COATED_OSMIUM;9907;11;9904;19;;;9916;7;9919;21;;;9911.5;0.0
yf_ZC=F_d10;35500;INTARIAN_PEPPER_ROOT;12443;5;12441;23;;;12451;21;12453;32;;;12447.0;0.0
yf_ZC=F_d10;35600;ASH_COATED_OSMIUM;9907;13;9904;22;;;9917;14;9920;25;;;9912.0;0.0
yf_ZC=F_d10;35600;INTARIAN_PEPPER_ROOT;12443;12;12439;15;;;12449;11;12451;14;;;12446.0;0.0
yf_ZC=F_d10;35700;ASH_COATED_OSMIUM;9891;5;9888;29;;;9932;5;9935;29;;;9911.5;0.0
yf_ZC=F_d10;35700;INTARIAN_PEPPER_ROOT;12444;12;12442;22;;;12450;12;12453;17;;;12447.0;0.0
yf_ZC=F_d10;35800;ASH_COATED_OSMIUM;9909;23;9906;19;;;9915;13;9917;21;;;9912.0;0.0
yf_ZC=F_d10;35800;INTARIAN_PEPPER_ROOT;12444;14;12440;33;;;12450;14;12453;21;;;12447.0;0.0
yf_ZC=F_d10;35900;ASH_COATED_OSMIUM;9909;15;9907;8;;;9915;8;9919;20;;;9912.0;0.0
yf_ZC=F_d10;35900;INTARIAN_PEPPER_ROOT;12436;5;12432;18;;;12459;7;12462;30;;;12447.5;0.0
yf_ZC=F_d10;36000;ASH_COATED_OSMIUM;9900;7;9896;15;;;9924;22;9928;16;;;9912.0;0.0
yf_ZC=F_d10;36000;INTARIAN_PEPPER_ROOT;12444;26;12441;14;;;12450;12;12454;13;;;12447.0;0.0
yf_ZC=F_d10;36100;ASH_COATED_OSMIUM;9909;14;9906;21;;;9915;13;9918;18;;;9912.0;0.0
yf_ZC=F_d10;36100;INTARIAN_PEPPER_ROOT;12444;12;12442;9;;;12450;20;12452;22;;;12447.0;0.0
yf_ZC=F_d10;36200;ASH_COATED_OSMIUM;9908;13;9904;23;;;9915;10;9918;24;;;9911.5;0.0
yf_ZC=F_d10;36200;INTARIAN_PEPPER_ROOT;12441;5;12437;24;;;12451;8;12453;25;;;12446.0;0.0
yf_ZC=F_d10;36300;ASH_COATED_OSMIUM;9909;8;9907;12;;;9915;19;9917;21;;;9912.0;0.0
yf_ZC=F_d10;36300;INTARIAN_PEPPER_ROOT;12443;14;12440;28;;;12449;15;12453;22;;;12446.0;0.0
yf_ZC=F_d10;36400;ASH_COATED_OSMIUM;9908;13;9904;8;;;9917;17;9919;10;;;9912.5;0.0
yf_ZC=F_d10;36400;INTARIAN_PEPPER_ROOT;12443;11;12439;18;;;12449;24;12451;22;;;12446.0;0.0
yf_ZC=F_d10;36500;ASH_COATED_OSMIUM;9909;21;9907;18;;;9915;8;9919;19;;;9912.0;0.0
yf_ZC=F_d10;36500;INTARIAN_PEPPER_ROOT;12432;16;12429;12;;;12458;18;12462;9;;;12445.0;0.0
yf_ZC=F_d10;36600;ASH_COATED_OSMIUM;9910;14;9907;19;;;9916;17;9918;22;;;9913.0;0.0
yf_ZC=F_d10;36600;INTARIAN_PEPPER_ROOT;12441;11;12438;27;;;12451;9;12453;14;;;12446.0;0.0
yf_ZC=F_d10;36700;ASH_COATED_OSMIUM;9910;15;9908;14;;;9917;15;9921;24;;;9913.5;0.0
yf_ZC=F_d10;36700;INTARIAN_PEPPER_ROOT;12441;14;12439;27;;;12451;10;12454;22;;;12446.0;0.0
yf_ZC=F_d10;36800;ASH_COATED_OSMIUM;9910;7;9908;21;;;9916;16;9919;8;;;9913.0;0.0
yf_ZC=F_d10;36800;INTARIAN_PEPPER_ROOT;12442;5;12439;20;;;12448;15;12450;21;;;12445.0;0.0
yf_ZC=F_d10;36900;ASH_COATED_OSMIUM;9910;15;9908;28;;;9916;7;9918;14;;;9913.0;0.0
yf_ZC=F_d10;36900;INTARIAN_PEPPER_ROOT;12441;13;12437;22;;;12449;7;12453;17;;;12445.0;0.0
yf_ZC=F_d10;37000;ASH_COATED_OSMIUM;9910;17;9906;20;;;9916;11;9918;20;;;9913.0;0.0
yf_ZC=F_d10;37000;INTARIAN_PEPPER_ROOT;12431;15;12429;20;;;12458;12;12462;19;;;12444.5;0.0
yf_ZC=F_d10;37100;ASH_COATED_OSMIUM;9910;15;9906;17;;;9916;22;9920;8;;;9913.0;0.0
yf_ZC=F_d10;37100;INTARIAN_PEPPER_ROOT;12436;6;12434;14;;;12455;20;12457;14;;;12445.5;0.0
yf_ZC=F_d10;37200;ASH_COATED_OSMIUM;9911;17;9907;17;;;9917;13;9920;13;;;9914.0;0.0
yf_ZC=F_d10;37200;INTARIAN_PEPPER_ROOT;12438;15;12435;24;;;12452;13;12455;11;;;12445.0;0.0
yf_ZC=F_d10;37300;ASH_COATED_OSMIUM;9910;17;9906;26;;;9916;11;9919;26;;;9913.0;0.0
yf_ZC=F_d10;37300;INTARIAN_PEPPER_ROOT;12441;20;12437;28;;;12447;13;12451;25;;;12444.0;0.0
yf_ZC=F_d10;37400;ASH_COATED_OSMIUM;9907;7;9903;19;;;9921;15;9925;8;;;9914.0;0.0
yf_ZC=F_d10;37400;INTARIAN_PEPPER_ROOT;12441;15;12437;14;;;12447;8;12449;22;;;12444.0;0.0
yf_ZC=F_d10;37500;ASH_COATED_OSMIUM;9911;19;9907;25;;;9917;7;9921;15;;;9914.0;0.0
yf_ZC=F_d10;37500;INTARIAN_PEPPER_ROOT;12435;25;12431;17;;;12455;23;12458;13;;;12445.0;0.0
yf_ZC=F_d10;37600;ASH_COATED_OSMIUM;9910;21;9908;15;;;9918;17;9922;18;;;9914.0;0.0
yf_ZC=F_d10;37600;INTARIAN_PEPPER_ROOT;12441;12;12439;24;;;12447;19;12451;20;;;12444.0;0.0
yf_ZC=F_d10;37700;ASH_COATED_OSMIUM;9911;16;9907;18;;;9917;15;9919;8;;;9914.0;0.0
yf_ZC=F_d10;37700;INTARIAN_PEPPER_ROOT;12441;18;12437;18;;;12447;19;12450;16;;;12444.0;0.0
yf_ZC=F_d10;37800;ASH_COATED_OSMIUM;9911;16;9908;16;;;9917;23;9921;8;;;9914.0;0.0
yf_ZC=F_d10;37800;INTARIAN_PEPPER_ROOT;12441;16;12439;25;;;12447;14;12451;17;;;12444.0;0.0
yf_ZC=F_d10;37900;ASH_COATED_OSMIUM;9900;19;9898;26;;;9928;16;9932;30;;;9914.0;0.0
yf_ZC=F_d10;37900;INTARIAN_PEPPER_ROOT;12441;6;12439;14;;;12447;19;12451;21;;;12444.0;0.0
yf_ZC=F_d10;38000;ASH_COATED_OSMIUM;9911;9;9908;13;;;9919;20;9922;14;;;9915.0;0.0
yf_ZC=F_d10;38000;INTARIAN_PEPPER_ROOT;12441;14;12438;17;;;12447;13;12450;26;;;12444.0;0.0
yf_ZC=F_d10;38100;ASH_COATED_OSMIUM;9911;12;9909;21;;;9917;11;9919;17;;;9914.0;0.0
yf_ZC=F_d10;38100;INTARIAN_PEPPER_ROOT;12432;10;12429;8;;;12454;17;12456;19;;;12443.0;0.0
yf_ZC=F_d10;38200;ASH_COATED_OSMIUM;9912;16;9908;18;;;9918;18;9922;24;;;9915.0;0.0
yf_ZC=F_d10;38200;INTARIAN_PEPPER_ROOT;12440;12;12438;25;;;12446;5;12449;13;;;12443.0;0.0
yf_ZC=F_d10;38300;ASH_COATED_OSMIUM;9910;21;9906;26;;;9920;15;9922;14;;;9915.0;0.0
yf_ZC=F_d10;38300;INTARIAN_PEPPER_ROOT;12438;18;12434;15;;;12448;10;12450;16;;;12443.0;0.0
yf_ZC=F_d10;38400;ASH_COATED_OSMIUM;9912;5;9910;16;;;9918;11;9920;20;;;9915.0;0.0
yf_ZC=F_d10;38400;INTARIAN_PEPPER_ROOT;12440;17;12438;13;;;12446;10;12449;26;;;12443.0;0.0
yf_ZC=F_d10;38500;ASH_COATED_OSMIUM;9908;20;9904;22;;;9921;19;9924;20;;;9914.5;0.0
yf_ZC=F_d10;38500;INTARIAN_PEPPER_ROOT;12428;12;12424;19;;;12457;15;12461;20;;;12442.5;0.0
yf_ZC=F_d10;38600;ASH_COATED_OSMIUM;9912;17;9909;19;;;9918;27;9922;20;;;9915.0;0.0
yf_ZC=F_d10;38600;INTARIAN_PEPPER_ROOT;12440;11;12437;16;;;12446;13;12448;20;;;12443.0;0.0
yf_ZC=F_d10;38700;ASH_COATED_OSMIUM;9911;11;9908;20;;;9920;21;9924;20;;;9915.5;0.0
yf_ZC=F_d10;38700;INTARIAN_PEPPER_ROOT;12440;19;12436;31;;;12446;7;12448;17;;;12443.0;0.0
yf_ZC=F_d10;38800;ASH_COATED_OSMIUM;9912;14;9909;25;;;9918;14;9922;12;;;9915.0;0.0
yf_ZC=F_d10;38800;INTARIAN_PEPPER_ROOT;12434;10;12430;21;;;12450;17;12453;15;;;12442.0;0.0
yf_ZC=F_d10;38900;ASH_COATED_OSMIUM;9913;16;9911;23;;;9919;26;9922;11;;;9916.0;0.0
yf_ZC=F_d10;38900;INTARIAN_PEPPER_ROOT;12435;6;12432;14;;;12450;27;12454;15;;;12442.5;0.0
yf_ZC=F_d10;39000;ASH_COATED_OSMIUM;9913;17;9910;24;;;9919;15;9922;24;;;9916.0;0.0
yf_ZC=F_d10;39000;INTARIAN_PEPPER_ROOT;12438;11;12436;24;;;12445;13;12449;23;;;12441.5;0.0
yf_ZC=F_d10;39100;ASH_COATED_OSMIUM;9913;13;9909;16;;;9919;15;9923;13;;;9916.0;0.0
yf_ZC=F_d10;39100;INTARIAN_PEPPER_ROOT;12438;12;12435;17;;;12444;18;12448;17;;;12441.0;0.0
yf_ZC=F_d10;39200;ASH_COATED_OSMIUM;9911;12;9909;21;;;9921;18;9924;16;;;9916.0;0.0
yf_ZC=F_d10;39200;INTARIAN_PEPPER_ROOT;12439;14;12437;11;;;12445;19;12447;10;;;12442.0;0.0
yf_ZC=F_d10;39300;ASH_COATED_OSMIUM;9908;17;9905;26;;;9922;15;9925;17;;;9915.0;0.0
yf_ZC=F_d10;39300;INTARIAN_PEPPER_ROOT;12438;21;12436;17;;;12444;9;12446;25;;;12441.0;0.0
yf_ZC=F_d10;39400;ASH_COATED_OSMIUM;9913;14;9910;22;;;9919;20;9922;17;;;9916.0;0.0
yf_ZC=F_d10;39400;INTARIAN_PEPPER_ROOT;12436;15;12432;18;;;12447;18;12449;8;;;12441.5;0.0
yf_ZC=F_d10;39500;ASH_COATED_OSMIUM;9913;18;9911;24;;;9921;15;9923;14;;;9917.0;0.0
yf_ZC=F_d10;39500;INTARIAN_PEPPER_ROOT;12438;16;12434;16;;;12444;8;12448;14;;;12441.0;0.0
yf_ZC=F_d10;39600;ASH_COATED_OSMIUM;9911;8;9908;16;;;9922;15;9925;23;;;9916.5;0.0
yf_ZC=F_d10;39600;INTARIAN_PEPPER_ROOT;12438;22;12434;20;;;12444;14;12447;21;;;12441.0;0.0
yf_ZC=F_d10;39700;ASH_COATED_OSMIUM;9912;11;9910;28;;;9921;20;9923;14;;;9916.5;0.0
yf_ZC=F_d10;39700;INTARIAN_PEPPER_ROOT;12436;15;12434;17;;;12447;15;12449;20;;;12441.5;0.0
yf_ZC=F_d10;39800;ASH_COATED_OSMIUM;9913;11;9910;19;;;9919;6;9921;30;;;9916.0;0.0
yf_ZC=F_d10;39800;INTARIAN_PEPPER_ROOT;12438;5;12435;19;;;12444;10;12446;23;;;12441.0;0.0
yf_ZC=F_d10;39900;ASH_COATED_OSMIUM;9914;16;9912;25;;;9920;11;9923;24;;;9917.0;0.0
yf_ZC=F_d10;39900;INTARIAN_PEPPER_ROOT;12438;20;12434;15;;;12444;15;12446;22;;;12441.0;0.0
yf_ZC=F_d10;40000;ASH_COATED_OSMIUM;9913;12;9909;21;;;9919;11;9921;15;;;9916.0;0.0
yf_ZC=F_d10;40000;INTARIAN_PEPPER_ROOT;12437;20;12435;18;;;12444;12;12447;27;;;12440.5;0.0
yf_ZC=F_d10;40100;ASH_COATED_OSMIUM;9911;14;9908;29;;;9924;20;9928;14;;;9917.5;0.0
yf_ZC=F_d10;40100;INTARIAN_PEPPER_ROOT;12437;7;12433;20;;;12443;21;12445;17;;;12440.0;0.0
yf_ZC=F_d10;40200;ASH_COATED_OSMIUM;9912;13;9910;21;;;9921;11;9925;24;;;9916.5;0.0
yf_ZC=F_d10;40200;INTARIAN_PEPPER_ROOT;12433;14;12431;20;;;12448;18;12450;23;;;12440.5;0.0
yf_ZC=F_d10;40300;ASH_COATED_OSMIUM;9913;16;9909;29;;;9921;16;9925;18;;;9917.0;0.0
yf_ZC=F_d10;40300;INTARIAN_PEPPER_ROOT;12434;16;12431;18;;;12446;20;12449;25;;;12440.0;0.0
yf_ZC=F_d10;40400;ASH_COATED_OSMIUM;9897;12;9895;14;;;9937;16;9941;18;;;9917.0;0.0
yf_ZC=F_d10;40400;INTARIAN_PEPPER_ROOT;12436;6;12432;26;;;12444;8;12447;22;;;12440.0;0.0
yf_ZC=F_d10;40500;ASH_COATED_OSMIUM;9914;13;9912;12;;;9920;12;9924;16;;;9917.0;0.0
yf_ZC=F_d10;40500;INTARIAN_PEPPER_ROOT;12434;15;12431;20;;;12445;12;12449;22;;;12439.5;0.0
yf_ZC=F_d10;40600;ASH_COATED_OSMIUM;9911;21;9907;15;;;9924;16;9926;26;;;9917.5;0.0
yf_ZC=F_d10;40600;INTARIAN_PEPPER_ROOT;12436;26;12434;24;;;12443;12;12446;21;;;12439.5;0.0
yf_ZC=F_d10;40700;ASH_COATED_OSMIUM;9915;14;9912;13;;;9921;15;9924;11;;;9918.0;0.0
yf_ZC=F_d10;40700;INTARIAN_PEPPER_ROOT;12436;14;12434;15;;;12443;15;12445;14;;;12439.5;0.0
yf_ZC=F_d10;40800;ASH_COATED_OSMIUM;9909;13;9907;23;;;9928;21;9932;20;;;9918.5;0.0
yf_ZC=F_d10;40800;INTARIAN_PEPPER_ROOT;12436;9;12434;23;;;12442;5;12444;26;;;12439.0;0.0
yf_ZC=F_d10;40900;ASH_COATED_OSMIUM;9915;15;9911;21;;;9921;17;9924;22;;;9918.0;0.0
yf_ZC=F_d10;40900;INTARIAN_PEPPER_ROOT;12436;10;12432;16;;;12442;21;12444;21;;;12439.0;0.0
yf_ZC=F_d10;41000;ASH_COATED_OSMIUM;9915;6;9912;26;;;9921;16;9924;23;;;9918.0;0.0
yf_ZC=F_d10;41000;INTARIAN_PEPPER_ROOT;12436;12;12434;16;;;12442;14;12444;17;;;12439.0;0.0
yf_ZC=F_d10;41100;ASH_COATED_OSMIUM;9915;10;9912;13;;;9921;21;9925;24;;;9918.0;0.0
yf_ZC=F_d10;41100;INTARIAN_PEPPER_ROOT;12428;17;12424;17;;;12451;8;12453;24;;;12439.5;0.0
yf_ZC=F_d10;41200;ASH_COATED_OSMIUM;9913;13;9911;24;;;9924;24;9926;18;;;9918.5;0.0
yf_ZC=F_d10;41200;INTARIAN_PEPPER_ROOT;12435;13;12433;21;;;12443;15;12445;23;;;12439.0;0.0
yf_ZC=F_d10;41300;ASH_COATED_OSMIUM;9915;17;9912;15;;;9921;5;9925;19;;;9918.0;0.0
yf_ZC=F_d10;41300;INTARIAN_PEPPER_ROOT;12436;13;12433;20;;;12442;12;12444;31;;;12439.0;0.0
yf_ZC=F_d10;41400;ASH_COATED_OSMIUM;9912;19;9909;23;;;9925;16;9929;22;;;9918.5;0.0
yf_ZC=F_d10;41400;INTARIAN_PEPPER_ROOT;12436;14;12433;12;;;12442;21;12445;11;;;12439.0;0.0
yf_ZC=F_d10;41500;ASH_COATED_OSMIUM;9909;11;9907;23;;;9928;20;9931;13;;;9918.5;0.0
yf_ZC=F_d10;41500;INTARIAN_PEPPER_ROOT;12435;23;12431;18;;;12441;22;12443;19;;;12438.0;0.0
yf_ZC=F_d10;41600;ASH_COATED_OSMIUM;9916;14;9913;25;;;9922;16;9925;16;;;9919.0;0.0
yf_ZC=F_d10;41600;INTARIAN_PEPPER_ROOT;12435;12;12431;21;;;12441;16;12445;26;;;12438.0;0.0
yf_ZC=F_d10;41700;ASH_COATED_OSMIUM;9914;9;9912;19;;;9924;6;9926;17;;;9919.0;0.0
yf_ZC=F_d10;41700;INTARIAN_PEPPER_ROOT;12434;16;12431;14;;;12441;11;12443;22;;;12437.5;0.0
yf_ZC=F_d10;41800;ASH_COATED_OSMIUM;9907;10;9904;25;;;9930;17;9934;22;;;9918.5;0.0
yf_ZC=F_d10;41800;INTARIAN_PEPPER_ROOT;12431;16;12428;21;;;12445;21;12449;26;;;12438.0;0.0
yf_ZC=F_d10;41900;ASH_COATED_OSMIUM;9915;13;9911;26;;;9923;10;9925;19;;;9919.0;0.0
yf_ZC=F_d10;41900;INTARIAN_PEPPER_ROOT;12435;18;12431;21;;;12441;15;12443;27;;;12438.0;0.0
yf_ZC=F_d10;42000;ASH_COATED_OSMIUM;9910;17;9908;16;;;9928;20;9932;12;;;9919.0;0.0
yf_ZC=F_d10;42000;INTARIAN_PEPPER_ROOT;12434;17;12430;11;;;12442;5;12446;20;;;12438.0;0.0
yf_ZC=F_d10;42100;ASH_COATED_OSMIUM;9914;12;9911;24;;;9924;21;9926;20;;;9919.0;0.0
yf_ZC=F_d10;42100;INTARIAN_PEPPER_ROOT;12433;14;12431;11;;;12442;22;12445;19;;;12437.5;0.0
yf_ZC=F_d10;42200;ASH_COATED_OSMIUM;9916;6;9912;32;;;9922;13;9925;20;;;9919.0;0.0
yf_ZC=F_d10;42200;INTARIAN_PEPPER_ROOT;12435;12;12433;26;;;12441;15;12444;21;;;12438.0;0.0
yf_ZC=F_d10;42300;ASH_COATED_OSMIUM;9914;10;9912;21;;;9925;13;9928;15;;;9919.5;0.0
yf_ZC=F_d10;42300;INTARIAN_PEPPER_ROOT;12434;14;12431;22;;;12440;22;12444;14;;;12437.0;0.0
yf_ZC=F_d10;42400;ASH_COATED_OSMIUM;9916;13;9913;18;;;9922;9;9925;10;;;9919.0;0.0
yf_ZC=F_d10;42400;INTARIAN_PEPPER_ROOT;12433;12;12430;18;;;12442;11;12445;24;;;12437.5;0.0
yf_ZC=F_d10;42500;ASH_COATED_OSMIUM;9914;20;9910;17;;;9924;16;9927;15;;;9919.0;0.0
yf_ZC=F_d10;42500;INTARIAN_PEPPER_ROOT;12434;15;12431;19;;;12440;12;12443;17;;;12437.0;0.0
yf_ZC=F_d10;42600;ASH_COATED_OSMIUM;9917;16;9913;10;;;9923;12;9925;22;;;9920.0;0.0
yf_ZC=F_d10;42600;INTARIAN_PEPPER_ROOT;12434;14;12431;25;;;12440;13;12443;20;;;12437.0;0.0
yf_ZC=F_d10;42700;ASH_COATED_OSMIUM;9917;12;9914;16;;;9923;7;9926;13;;;9920.0;0.0
yf_ZC=F_d10;42700;INTARIAN_PEPPER_ROOT;12433;13;12431;10;;;12440;13;12442;19;;;12436.5;0.0
yf_ZC=F_d10;42800;ASH_COATED_OSMIUM;9917;17;9915;15;;;9923;13;9925;16;;;9920.0;0.0
yf_ZC=F_d10;42800;INTARIAN_PEPPER_ROOT;12433;11;12430;14;;;12439;17;12443;21;;;12436.0;0.0
yf_ZC=F_d10;42900;ASH_COATED_OSMIUM;9917;19;9915;19;;;9923;17;9926;16;;;9920.0;0.0
yf_ZC=F_d10;42900;INTARIAN_PEPPER_ROOT;12431;10;12429;19;;;12441;18;12443;15;;;12436.0;0.0
yf_ZC=F_d10;43000;ASH_COATED_OSMIUM;9917;17;9913;19;;;9923;17;9925;20;;;9920.0;0.0
yf_ZC=F_d10;43000;INTARIAN_PEPPER_ROOT;12427;18;12424;17;;;12445;13;12449;32;;;12436.0;0.0
yf_ZC=F_d10;43100;ASH_COATED_OSMIUM;9917;10;9913;19;;;9923;5;9926;34;;;9920.0;0.0
yf_ZC=F_d10;43100;INTARIAN_PEPPER_ROOT;12433;19;12430;17;;;12439;19;12441;20;;;12436.0;0.0
yf_ZC=F_d10;43200;ASH_COATED_OSMIUM;9918;20;9916;20;;;9924;13;9926;15;;;9921.0;0.0
yf_ZC=F_d10;43200;INTARIAN_PEPPER_ROOT;12431;9;12428;12;;;12441;15;12444;23;;;12436.0;0.0
yf_ZC=F_d10;43300;ASH_COATED_OSMIUM;9918;13;9915;15;;;9924;22;9926;22;;;9921.0;0.0
yf_ZC=F_d10;43300;INTARIAN_PEPPER_ROOT;12424;11;12422;18;;;12448;20;12450;26;;;12436.0;0.0
yf_ZC=F_d10;43400;ASH_COATED_OSMIUM;9918;17;9914;32;;;9924;12;9927;14;;;9921.0;0.0
yf_ZC=F_d10;43400;INTARIAN_PEPPER_ROOT;12433;11;12430;28;;;12439;8;12442;18;;;12436.0;0.0
yf_ZC=F_d10;43500;ASH_COATED_OSMIUM;9916;16;9912;26;;;9926;12;9928;17;;;9921.0;0.0
yf_ZC=F_d10;43500;INTARIAN_PEPPER_ROOT;12432;13;12429;16;;;12438;21;12440;17;;;12435.0;0.0
yf_ZC=F_d10;43600;ASH_COATED_OSMIUM;9918;6;9916;20;;;9924;9;9926;9;;;9921.0;0.0
yf_ZC=F_d10;43600;INTARIAN_PEPPER_ROOT;12433;18;12430;22;;;12439;16;12442;21;;;12436.0;0.0
yf_ZC=F_d10;43700;ASH_COATED_OSMIUM;9918;9;9915;15;;;9924;26;9928;13;;;9921.0;0.0
yf_ZC=F_d10;43700;INTARIAN_PEPPER_ROOT;12431;21;12427;22;;;12440;7;12443;24;;;12435.5;0.0
yf_ZC=F_d10;43800;ASH_COATED_OSMIUM;9918;22;9916;26;;;9924;20;9927;20;;;9921.0;0.0
yf_ZC=F_d10;43800;INTARIAN_PEPPER_ROOT;12432;24;12428;23;;;12438;17;12442;21;;;12435.0;0.0
yf_ZC=F_d10;43900;ASH_COATED_OSMIUM;9915;18;9912;30;;;9928;16;9931;23;;;9921.5;0.0
yf_ZC=F_d10;43900;INTARIAN_PEPPER_ROOT;12432;5;12428;13;;;12438;14;12441;22;;;12435.0;0.0
yf_ZC=F_d10;44000;ASH_COATED_OSMIUM;9916;20;9913;18;;;9927;22;9931;17;;;9921.5;0.0
yf_ZC=F_d10;44000;INTARIAN_PEPPER_ROOT;12427;12;12425;24;;;12442;22;12446;15;;;12434.5;0.0
yf_ZC=F_d10;44100;ASH_COATED_OSMIUM;9917;15;9915;19;;;9927;16;9930;20;;;9922.0;0.0
yf_ZC=F_d10;44100;INTARIAN_PEPPER_ROOT;12431;8;12428;25;;;12437;17;12440;19;;;12434.0;0.0
yf_ZC=F_d10;44200;ASH_COATED_OSMIUM;9919;9;9917;27;;;9926;13;9928;13;;;9922.5;0.0
yf_ZC=F_d10;44200;INTARIAN_PEPPER_ROOT;12428;17;12424;26;;;12441;17;12443;27;;;12434.5;0.0
yf_ZC=F_d10;44300;ASH_COATED_OSMIUM;9919;12;9917;13;;;9925;18;9928;15;;;9922.0;0.0
yf_ZC=F_d10;44300;INTARIAN_PEPPER_ROOT;12430;19;12426;15;;;12439;12;12441;12;;;12434.5;0.0
yf_ZC=F_d10;44400;ASH_COATED_OSMIUM;9919;18;9916;18;;;9925;22;9927;10;;;9922.0;0.0
yf_ZC=F_d10;44400;INTARIAN_PEPPER_ROOT;12430;15;12426;18;;;12438;15;12441;23;;;12434.0;0.0
yf_ZC=F_d10;44500;ASH_COATED_OSMIUM;9919;19;9915;14;;;9925;20;9928;21;;;9922.0;0.0
yf_ZC=F_d10;44500;INTARIAN_PEPPER_ROOT;12431;7;12428;18;;;12437;19;12439;18;;;12434.0;0.0
yf_ZC=F_d10;44600;ASH_COATED_OSMIUM;9917;18;9915;9;;;9929;14;9933;25;;;9923.0;0.0
yf_ZC=F_d10;44600;INTARIAN_PEPPER_ROOT;12431;14;12428;8;;;12437;10;12439;13;;;12434.0;0.0
yf_ZC=F_d10;44700;ASH_COATED_OSMIUM;9919;14;9916;27;;;9925;12;9929;25;;;9922.0;0.0
yf_ZC=F_d10;44700;INTARIAN_PEPPER_ROOT;12430;12;12428;24;;;12436;18;12440;17;;;12433.0;0.0
yf_ZC=F_d10;44800;ASH_COATED_OSMIUM;9920;14;9917;20;;;9926;19;9930;24;;;9923.0;0.0
yf_ZC=F_d10;44800;INTARIAN_PEPPER_ROOT;12429;5;12426;29;;;12439;5;12443;20;;;12434.0;0.0
yf_ZC=F_d10;44900;ASH_COATED_OSMIUM;9919;15;9916;27;;;9925;12;9928;22;;;9922.0;0.0
yf_ZC=F_d10;44900;INTARIAN_PEPPER_ROOT;12428;12;12426;23;;;12437;19;12439;20;;;12432.5;0.0
yf_ZC=F_d10;45000;ASH_COATED_OSMIUM;9915;20;9911;19;;;9932;13;9936;19;;;9923.5;0.0
yf_ZC=F_d10;45000;INTARIAN_PEPPER_ROOT;12430;19;12426;18;;;12436;13;12439;24;;;12433.0;0.0
yf_ZC=F_d10;45100;ASH_COATED_OSMIUM;9919;15;9915;19;;;9925;14;9928;25;;;9922.0;0.0
yf_ZC=F_d10;45100;INTARIAN_PEPPER_ROOT;12430;19;12427;26;;;12436;10;12439;18;;;12433.0;0.0
yf_ZC=F_d10;45200;ASH_COATED_OSMIUM;9919;11;9915;25;;;9927;18;9930;19;;;9923.0;0.0
yf_ZC=F_d10;45200;INTARIAN_PEPPER_ROOT;12431;17;12427;19;;;12437;19;12441;16;;;12434.0;0.0
yf_ZC=F_d10;45300;ASH_COATED_OSMIUM;9920;18;9918;27;;;9926;15;9930;14;;;9923.0;0.0
yf_ZC=F_d10;45300;INTARIAN_PEPPER_ROOT;12429;19;12426;18;;;12435;15;12437;19;;;12432.0;0.0
yf_ZC=F_d10;45400;ASH_COATED_OSMIUM;9918;18;9916;22;;;9928;18;9930;18;;;9923.0;0.0
yf_ZC=F_d10;45400;INTARIAN_PEPPER_ROOT;12428;16;12425;11;;;12437;6;12440;31;;;12432.5;0.0
yf_ZC=F_d10;45500;ASH_COATED_OSMIUM;9920;9;9916;14;;;9926;21;9928;23;;;9923.0;0.0
yf_ZC=F_d10;45500;INTARIAN_PEPPER_ROOT;12419;16;12415;19;;;12446;9;12448;19;;;12432.5;0.0
yf_ZC=F_d10;45600;ASH_COATED_OSMIUM;9921;11;9917;17;;;9927;16;9931;21;;;9924.0;0.0
yf_ZC=F_d10;45600;INTARIAN_PEPPER_ROOT;12427;10;12424;23;;;12438;23;12440;16;;;12432.5;0.0
yf_ZC=F_d10;45700;ASH_COATED_OSMIUM;9915;12;9912;19;;;9932;13;9936;27;;;9923.5;0.0
yf_ZC=F_d10;45700;INTARIAN_PEPPER_ROOT;12430;19;12426;25;;;12436;13;12440;30;;;12433.0;0.0
yf_ZC=F_d10;45800;ASH_COATED_OSMIUM;9917;13;9915;20;;;9930;17;9933;23;;;9923.5;0.0
yf_ZC=F_d10;45800;INTARIAN_PEPPER_ROOT;12427;22;12424;13;;;12438;16;12442;22;;;12432.5;0.0
yf_ZC=F_d10;45900;ASH_COATED_OSMIUM;9921;10;9917;16;;;9927;18;9930;18;;;9924.0;0.0
yf_ZC=F_d10;45900;INTARIAN_PEPPER_ROOT;12429;17;12426;34;;;12435;8;12437;27;;;12432.0;0.0
yf_ZC=F_d10;46000;ASH_COATED_OSMIUM;9921;19;9917;21;;;9927;20;9930;30;;;9924.0;0.0
yf_ZC=F_d10;46000;INTARIAN_PEPPER_ROOT;12427;14;12424;19;;;12435;16;12437;19;;;12431.0;0.0
yf_ZC=F_d10;46100;ASH_COATED_OSMIUM;9920;19;9917;21;;;9927;12;9931;22;;;9923.5;0.0
yf_ZC=F_d10;46100;INTARIAN_PEPPER_ROOT;12428;23;12424;27;;;12434;8;12438;20;;;12431.0;0.0
yf_ZC=F_d10;46200;ASH_COATED_OSMIUM;9921;5;9919;15;;;9927;18;9930;16;;;9924.0;0.0
yf_ZC=F_d10;46200;INTARIAN_PEPPER_ROOT;12428;27;12426;17;;;12434;22;12437;21;;;12431.0;0.0
yf_ZC=F_d10;46300;ASH_COATED_OSMIUM;9921;22;9919;14;;;9927;14;9929;21;;;9924.0;0.0
yf_ZC=F_d10;46300;INTARIAN_PEPPER_ROOT;12420;11;12418;19;;;12442;14;12444;21;;;12431.0;0.0
yf_ZC=F_d10;46400;ASH_COATED_OSMIUM;9921;9;9919;19;;;9927;19;9931;11;;;9924.0;0.0
yf_ZC=F_d10;46400;INTARIAN_PEPPER_ROOT;12416;16;12412;20;;;12446;11;12449;20;;;12431.0;0.0
yf_ZC=F_d10;46500;ASH_COATED_OSMIUM;9922;17;9918;24;;;9928;20;9930;18;;;9925.0;0.0
yf_ZC=F_d10;46500;INTARIAN_PEPPER_ROOT;12424;11;12421;25;;;12438;12;12442;18;;;12431.0;0.0
yf_ZC=F_d10;46600;ASH_COATED_OSMIUM;9922;21;9919;17;;;9928;19;9930;19;;;9925.0;0.0
yf_ZC=F_d10;46600;INTARIAN_PEPPER_ROOT;12428;29;12426;20;;;12434;8;12438;18;;;12431.0;0.0
yf_ZC=F_d10;46700;ASH_COATED_OSMIUM;9920;26;9917;21;;;9930;6;9933;22;;;9925.0;0.0
yf_ZC=F_d10;46700;INTARIAN_PEPPER_ROOT;12427;10;12425;19;;;12435;16;12439;20;;;12431.0;0.0
yf_ZC=F_d10;46800;ASH_COATED_OSMIUM;9921;9;9919;21;;;9927;20;9931;14;;;9924.0;0.0
yf_ZC=F_d10;46800;INTARIAN_PEPPER_ROOT;12422;20;12419;31;;;12438;17;12441;14;;;12430.0;0.0
yf_ZC=F_d10;46900;ASH_COATED_OSMIUM;9922;9;9920;22;;;9928;21;9930;27;;;9925.0;0.0
yf_ZC=F_d10;46900;INTARIAN_PEPPER_ROOT;12424;17;12421;29;;;12436;16;12440;25;;;12430.0;0.0
yf_ZC=F_d10;47000;ASH_COATED_OSMIUM;9922;5;9919;13;;;9928;5;9930;20;;;9925.0;0.0
yf_ZC=F_d10;47000;INTARIAN_PEPPER_ROOT;12423;19;12421;18;;;12438;15;12441;18;;;12430.5;0.0
yf_ZC=F_d10;47100;ASH_COATED_OSMIUM;9922;18;9919;21;;;9928;11;9930;15;;;9925.0;0.0
yf_ZC=F_d10;47100;INTARIAN_PEPPER_ROOT;12426;14;12423;19;;;12432;6;12436;16;;;12429.0;0.0
yf_ZC=F_d10;47200;ASH_COATED_OSMIUM;9920;10;9916;21;;;9931;13;9935;21;;;9925.5;0.0
yf_ZC=F_d10;47200;INTARIAN_PEPPER_ROOT;12412;17;12409;12;;;12447;14;12450;25;;;12429.5;0.0
yf_ZC=F_d10;47300;ASH_COATED_OSMIUM;9920;14;9917;17;;;9931;11;9935;12;;;9925.5;0.0
yf_ZC=F_d10;47300;INTARIAN_PEPPER_ROOT;12426;13;12423;15;;;12432;21;12434;17;;;12429.0;0.0
yf_ZC=F_d10;47400;ASH_COATED_OSMIUM;9922;12;9918;20;;;9931;24;9933;29;;;9926.5;0.0
yf_ZC=F_d10;47400;INTARIAN_PEPPER_ROOT;12426;15;12422;23;;;12432;14;12436;23;;;12429.0;0.0
yf_ZC=F_d10;47500;ASH_COATED_OSMIUM;9922;26;9918;16;;;9929;21;9932;18;;;9925.5;0.0
yf_ZC=F_d10;47500;INTARIAN_PEPPER_ROOT;12426;15;12422;26;;;12433;13;12435;21;;;12429.5;0.0
yf_ZC=F_d10;47600;ASH_COATED_OSMIUM;9923;13;9919;23;;;9929;11;9933;22;;;9926.0;0.0
yf_ZC=F_d10;47600;INTARIAN_PEPPER_ROOT;12423;18;12419;20;;;12436;7;12439;10;;;12429.5;0.0
yf_ZC=F_d10;47700;ASH_COATED_OSMIUM;9923;16;9920;19;;;9929;5;9933;19;;;9926.0;0.0
yf_ZC=F_d10;47700;INTARIAN_PEPPER_ROOT;12426;9;12422;22;;;12432;11;12435;26;;;12429.0;0.0
yf_ZC=F_d10;47800;ASH_COATED_OSMIUM;9923;10;9919;16;;;9929;10;9931;16;;;9926.0;0.0
yf_ZC=F_d10;47800;INTARIAN_PEPPER_ROOT;12426;22;12423;25;;;12432;17;12434;15;;;12429.0;0.0
yf_ZC=F_d10;47900;ASH_COATED_OSMIUM;9923;18;9919;22;;;9929;10;9931;19;;;9926.0;0.0
yf_ZC=F_d10;47900;INTARIAN_PEPPER_ROOT;12426;14;12422;16;;;12432;8;12436;20;;;12429.0;0.0
yf_ZC=F_d10;48000;ASH_COATED_OSMIUM;9924;12;9920;20;;;9930;25;9934;15;;;9927.0;0.0
yf_ZC=F_d10;48000;INTARIAN_PEPPER_ROOT;12425;10;12421;24;;;12431;16;12435;21;;;12428.0;0.0
yf_ZC=F_d10;48100;ASH_COATED_OSMIUM;9913;13;9911;17;;;9941;22;9944;16;;;9927.0;0.0
yf_ZC=F_d10;48100;INTARIAN_PEPPER_ROOT;12426;17;12423;12;;;12432;6;12435;21;;;12429.0;0.0
yf_ZC=F_d10;48200;ASH_COATED_OSMIUM;9923;10;9921;26;;;9929;18;9931;18;;;9926.0;0.0
yf_ZC=F_d10;48200;INTARIAN_PEPPER_ROOT;12425;11;12423;11;;;12431;16;12435;23;;;12428.0;0.0
yf_ZC=F_d10;48300;ASH_COATED_OSMIUM;9919;22;9917;14;;;9935;15;9939;9;;;9927.0;0.0
yf_ZC=F_d10;48300;INTARIAN_PEPPER_ROOT;12419;19;12415;20;;;12437;14;12440;19;;;12428.0;0.0
yf_ZC=F_d10;48400;ASH_COATED_OSMIUM;9923;12;9920;22;;;9932;18;9935;22;;;9927.5;0.0
yf_ZC=F_d10;48400;INTARIAN_PEPPER_ROOT;12395;18;12393;18;;;12461;9;12463;25;;;12428.0;0.0
yf_ZC=F_d10;48500;ASH_COATED_OSMIUM;9924;9;9920;18;;;9930;22;9934;21;;;9927.0;0.0
yf_ZC=F_d10;48500;INTARIAN_PEPPER_ROOT;12425;22;12421;17;;;12431;11;12435;12;;;12428.0;0.0
yf_ZC=F_d10;48600;ASH_COATED_OSMIUM;9924;18;9922;21;;;9930;16;9932;25;;;9927.0;0.0
yf_ZC=F_d10;48600;INTARIAN_PEPPER_ROOT;12425;10;12422;30;;;12431;13;12434;24;;;12428.0;0.0
yf_ZC=F_d10;48700;ASH_COATED_OSMIUM;9924;17;9922;24;;;9930;13;9934;18;;;9927.0;0.0
yf_ZC=F_d10;48700;INTARIAN_PEPPER_ROOT;12424;16;12421;23;;;12432;13;12436;25;;;12428.0;0.0
yf_ZC=F_d10;48800;ASH_COATED_OSMIUM;9924;21;9920;23;;;9930;17;9934;19;;;9927.0;0.0
yf_ZC=F_d10;48800;INTARIAN_PEPPER_ROOT;12424;19;12421;16;;;12430;10;12433;15;;;12427.0;0.0
yf_ZC=F_d10;48900;ASH_COATED_OSMIUM;9924;8;9921;13;;;9930;26;9932;22;;;9927.0;0.0
yf_ZC=F_d10;48900;INTARIAN_PEPPER_ROOT;12425;23;12422;21;;;12431;11;12433;16;;;12428.0;0.0
yf_ZC=F_d10;49000;ASH_COATED_OSMIUM;9920;14;9917;22;;;9935;11;9937;15;;;9927.5;0.0
yf_ZC=F_d10;49000;INTARIAN_PEPPER_ROOT;12425;14;12423;22;;;12431;7;12434;17;;;12428.0;0.0
yf_ZC=F_d10;49100;ASH_COATED_OSMIUM;9909;14;9906;21;;;9947;19;9951;21;;;9928.0;0.0
yf_ZC=F_d10;49100;INTARIAN_PEPPER_ROOT;12406;19;12402;23;;;12449;14;12452;17;;;12427.5;0.0
yf_ZC=F_d10;49200;ASH_COATED_OSMIUM;9923;20;9919;19;;;9932;17;9936;15;;;9927.5;0.0
yf_ZC=F_d10;49200;INTARIAN_PEPPER_ROOT;12423;11;12420;26;;;12431;11;12435;16;;;12427.0;0.0
yf_ZC=F_d10;49300;ASH_COATED_OSMIUM;9925;20;9923;14;;;9931;11;9933;22;;;9928.0;0.0
yf_ZC=F_d10;49300;INTARIAN_PEPPER_ROOT;12424;19;12422;15;;;12430;16;12434;12;;;12427.0;0.0
yf_ZC=F_d10;49400;ASH_COATED_OSMIUM;9922;7;9919;17;;;9934;14;9937;20;;;9928.0;0.0
yf_ZC=F_d10;49400;INTARIAN_PEPPER_ROOT;12424;5;12422;25;;;12430;12;12434;10;;;12427.0;0.0
yf_ZC=F_d10;49500;ASH_COATED_OSMIUM;9924;16;9920;22;;;9933;26;9937;21;;;9928.5;0.0
yf_ZC=F_d10;49500;INTARIAN_PEPPER_ROOT;12423;7;12419;22;;;12429;11;12431;19;;;12426.0;0.0
yf_ZC=F_d10;49600;ASH_COATED_OSMIUM;9926;8;9924;13;;;9932;9;9934;29;;;9929.0;0.0
yf_ZC=F_d10;49600;INTARIAN_PEPPER_ROOT;12424;12;12422;15;;;12430;16;12433;10;;;12427.0;0.0
yf_ZC=F_d10;49700;ASH_COATED_OSMIUM;9925;16;9923;16;;;9931;20;9933;17;;;9928.0;0.0
yf_ZC=F_d10;49700;INTARIAN_PEPPER_ROOT;12423;15;12420;12;;;12429;22;12433;21;;;12426.0;0.0
yf_ZC=F_d10;49800;ASH_COATED_OSMIUM;9925;14;9921;23;;;9933;12;9936;23;;;9929.0;0.0
yf_ZC=F_d10;49800;INTARIAN_PEPPER_ROOT;12423;12;12419;18;;;12429;13;12433;26;;;12426.0;0.0
yf_ZC=F_d10;49900;ASH_COATED_OSMIUM;9916;20;9913;17;;;9942;16;9944;9;;;9929.0;0.0
yf_ZC=F_d10;49900;INTARIAN_PEPPER_ROOT;12422;23;12420;22;;;12430;18;12433;20;;;12426.0;0.0
yf_ZC=F_d10;50000;ASH_COATED_OSMIUM;9926;18;9922;19;;;9932;19;9936;24;;;9929.0;0.0
yf_ZC=F_d10;50000;INTARIAN_PEPPER_ROOT;12423;24;12419;12;;;12429;12;12431;32;;;12426.0;0.0
yf_ZC=F_d10;50100;ASH_COATED_OSMIUM;9926;15;9922;20;;;9932;18;9934;17;;;9929.0;0.0
yf_ZC=F_d10;50100;INTARIAN_PEPPER_ROOT;12422;16;12418;24;;;12428;18;12432;29;;;12425.0;0.0
yf_ZC=F_d10;50200;ASH_COATED_OSMIUM;9926;9;9922;16;;;9932;16;9934;26;;;9929.0;0.0
yf_ZC=F_d10;50200;INTARIAN_PEPPER_ROOT;12423;16;12420;20;;;12429;5;12433;17;;;12426.0;0.0
yf_ZC=F_d10;50300;ASH_COATED_OSMIUM;9926;14;9922;24;;;9932;15;9935;10;;;9929.0;0.0
yf_ZC=F_d10;50300;INTARIAN_PEPPER_ROOT;12417;14;12414;15;;;12435;14;12437;29;;;12426.0;0.0
yf_ZC=F_d10;50400;ASH_COATED_OSMIUM;9927;8;9924;23;;;9933;12;9935;27;;;9930.0;0.0
yf_ZC=F_d10;50400;INTARIAN_PEPPER_ROOT;12423;23;12419;21;;;12429;17;12432;14;;;12426.0;0.0
yf_ZC=F_d10;50500;ASH_COATED_OSMIUM;9926;12;9924;13;;;9932;9;9934;24;;;9929.0;0.0
yf_ZC=F_d10;50500;INTARIAN_PEPPER_ROOT;12422;16;12420;21;;;12428;17;12431;10;;;12425.0;0.0
yf_ZC=F_d10;50600;ASH_COATED_OSMIUM;9921;13;9917;14;;;9938;10;9942;15;;;9929.5;0.0
yf_ZC=F_d10;50600;INTARIAN_PEPPER_ROOT;12418;11;12416;29;;;12433;9;12437;10;;;12425.5;0.0
yf_ZC=F_d10;50700;ASH_COATED_OSMIUM;9926;14;9923;19;;;9932;5;9935;23;;;9929.0;0.0
yf_ZC=F_d10;50700;INTARIAN_PEPPER_ROOT;12421;18;12418;23;;;12429;22;12431;11;;;12425.0;0.0
yf_ZC=F_d10;50800;ASH_COATED_OSMIUM;9927;20;9923;16;;;9933;18;9935;22;;;9930.0;0.0
yf_ZC=F_d10;50800;INTARIAN_PEPPER_ROOT;12417;10;12413;24;;;12432;16;12435;19;;;12424.5;0.0
yf_ZC=F_d10;50900;ASH_COATED_OSMIUM;9926;21;9923;19;;;9932;17;9936;22;;;9929.0;0.0
yf_ZC=F_d10;50900;INTARIAN_PEPPER_ROOT;12420;9;12416;22;;;12432;19;12436;20;;;12426.0;0.0
yf_ZC=F_d10;51000;ASH_COATED_OSMIUM;9927;9;9925;21;;;9933;17;9936;20;;;9930.0;0.0
yf_ZC=F_d10;51000;INTARIAN_PEPPER_ROOT;12426;16;12424;12;;;12432;9;12436;16;;;12429.0;0.0
yf_ZC=F_d10;51100;ASH_COATED_OSMIUM;9924;17;9920;21;;;9936;22;9940;18;;;9930.0;0.0
yf_ZC=F_d10;51100;INTARIAN_PEPPER_ROOT;12428;7;12426;22;;;12434;10;12437;23;;;12431.0;0.0
yf_ZC=F_d10;51200;ASH_COATED_OSMIUM;9927;9;9924;18;;;9934;22;9938;12;;;9930.5;0.0
yf_ZC=F_d10;51200;INTARIAN_PEPPER_ROOT;12430;13;12427;18;;;12438;26;12442;19;;;12434.0;0.0
yf_ZC=F_d10;51300;ASH_COATED_OSMIUM;9919;14;9916;13;;;9942;24;9944;26;;;9930.5;0.0
yf_ZC=F_d10;51300;INTARIAN_PEPPER_ROOT;12434;13;12430;24;;;12440;15;12443;27;;;12437.0;0.0
yf_ZC=F_d10;51400;ASH_COATED_OSMIUM;9927;21;9925;20;;;9933;17;9937;13;;;9930.0;0.0
yf_ZC=F_d10;51400;INTARIAN_PEPPER_ROOT;12436;16;12434;22;;;12444;16;12447;22;;;12440.0;0.0
yf_ZC=F_d10;51500;ASH_COATED_OSMIUM;9926;21;9923;24;;;9932;6;9934;23;;;9929.0;0.0
yf_ZC=F_d10;51500;INTARIAN_PEPPER_ROOT;12439;6;12436;17;;;12445;19;12448;21;;;12442.0;0.0
yf_ZC=F_d10;51600;ASH_COATED_OSMIUM;9924;10;9920;22;;;9937;14;9939;15;;;9930.5;0.0
yf_ZC=F_d10;51600;INTARIAN_PEPPER_ROOT;12443;11;12441;16;;;12449;13;12451;23;;;12446.0;0.0
yf_ZC=F_d10;51700;ASH_COATED_OSMIUM;9927;9;9924;27;;;9933;5;9935;25;;;9930.0;0.0
yf_ZC=F_d10;51700;INTARIAN_PEPPER_ROOT;12445;20;12442;20;;;12451;11;12453;16;;;12448.0;0.0
yf_ZC=F_d10;51800;ASH_COATED_OSMIUM;9927;22;9925;23;;;9933;12;9936;27;;;9930.0;0.0
yf_ZC=F_d10;51800;INTARIAN_PEPPER_ROOT;12445;8;12442;10;;;12456;21;12460;22;;;12450.5;0.0
yf_ZC=F_d10;51900;ASH_COATED_OSMIUM;9927;23;9923;22;;;9933;17;9937;15;;;9930.0;0.0
yf_ZC=F_d10;51900;INTARIAN_PEPPER_ROOT;12450;16;12447;25;;;12456;15;12460;21;;;12453.0;0.0
yf_ZC=F_d10;52000;ASH_COATED_OSMIUM;9924;11;9920;19;;;9935;24;9937;20;;;9929.5;0.0
yf_ZC=F_d10;52000;INTARIAN_PEPPER_ROOT;12447;6;12444;21;;;12465;17;12468;25;;;12456.0;0.0
yf_ZC=F_d10;52100;ASH_COATED_OSMIUM;9926;5;9924;18;;;9935;21;9938;25;;;9930.5;0.0
yf_ZC=F_d10;52100;INTARIAN_PEPPER_ROOT;12456;11;12454;31;;;12462;7;12466;26;;;12459.0;0.0
yf_ZC=F_d10;52200;ASH_COATED_OSMIUM;9927;26;9923;20;;;9933;16;9937;15;;;9930.0;0.0
yf_ZC=F_d10;52200;INTARIAN_PEPPER_ROOT;12451;20;12448;16;;;12473;8;12477;16;;;12462.0;0.0
yf_ZC=F_d10;52300;ASH_COATED_OSMIUM;9927;16;9923;19;;;9933;12;9935;17;;;9930.0;0.0
yf_ZC=F_d10;52300;INTARIAN_PEPPER_ROOT;12462;18;12459;18;;;12468;20;12471;15;;;12465.0;0.0
yf_ZC=F_d10;52400;ASH_COATED_OSMIUM;9928;17;9925;16;;;9934;8;9936;19;;;9931.0;0.0
yf_ZC=F_d10;52400;INTARIAN_PEPPER_ROOT;12463;17;12459;27;;;12471;23;12475;26;;;12467.0;0.0
yf_ZC=F_d10;52500;ASH_COATED_OSMIUM;9924;18;9921;11;;;9938;13;9941;21;;;9931.0;0.0
yf_ZC=F_d10;52500;INTARIAN_PEPPER_ROOT;12464;18;12460;17;;;12476;14;12480;20;;;12470.0;0.0
yf_ZC=F_d10;52600;ASH_COATED_OSMIUM;9927;9;9925;19;;;9933;25;9935;29;;;9930.0;0.0
yf_ZC=F_d10;52600;INTARIAN_PEPPER_ROOT;12468;11;12464;21;;;12476;16;12479;29;;;12472.0;0.0
yf_ZC=F_d10;52700;ASH_COATED_OSMIUM;9926;24;9924;19;;;9934;12;9937;20;;;9930.0;0.0
yf_ZC=F_d10;52700;INTARIAN_PEPPER_ROOT;12463;11;12459;19;;;12489;29;12493;19;;;12476.0;0.0
yf_ZC=F_d10;52800;ASH_COATED_OSMIUM;9919;27;9915;15;;;9943;14;9946;17;;;9931.0;0.0
yf_ZC=F_d10;52800;INTARIAN_PEPPER_ROOT;12468;22;12464;18;;;12490;6;12493;19;;;12479.0;0.0
yf_ZC=F_d10;52900;ASH_COATED_OSMIUM;9928;13;9926;24;;;9934;9;9936;26;;;9931.0;0.0
yf_ZC=F_d10;52900;INTARIAN_PEPPER_ROOT;12476;7;12472;19;;;12486;14;12490;19;;;12481.0;0.0
yf_ZC=F_d10;53000;ASH_COATED_OSMIUM;9928;16;9924;23;;;9934;18;9937;16;;;9931.0;0.0
yf_ZC=F_d10;53000;INTARIAN_PEPPER_ROOT;12481;19;12477;32;;;12487;6;12491;20;;;12484.0;0.0
yf_ZC=F_d10;53100;ASH_COATED_OSMIUM;9924;17;9921;21;;;9936;9;9940;16;;;9930.0;0.0
yf_ZC=F_d10;53100;INTARIAN_PEPPER_ROOT;12480;15;12477;27;;;12492;7;12495;17;;;12486.0;0.0
yf_ZC=F_d10;53200;ASH_COATED_OSMIUM;9925;16;9922;14;;;9935;19;9938;13;;;9930.0;0.0
yf_ZC=F_d10;53200;INTARIAN_PEPPER_ROOT;12486;19;12482;23;;;12492;7;12495;24;;;12489.0;0.0
yf_ZC=F_d10;53300;ASH_COATED_OSMIUM;9928;15;9924;25;;;9934;11;9936;16;;;9931.0;0.0
yf_ZC=F_d10;53300;INTARIAN_PEPPER_ROOT;12489;15;12485;24;;;12495;17;12499;26;;;12492.0;0.0
yf_ZC=F_d10;53400;ASH_COATED_OSMIUM;9928;12;9925;15;;;9934;15;9936;18;;;9931.0;0.0
yf_ZC=F_d10;53400;INTARIAN_PEPPER_ROOT;12491;16;12487;20;;;12497;17;12499;19;;;12494.0;0.0
yf_ZC=F_d10;53500;ASH_COATED_OSMIUM;9928;14;9925;17;;;9934;17;9938;14;;;9931.0;0.0
yf_ZC=F_d10;53500;INTARIAN_PEPPER_ROOT;12494;8;12490;19;;;12500;13;12503;19;;;12497.0;0.0
yf_ZC=F_d10;53600;ASH_COATED_OSMIUM;9928;7;9926;26;;;9934;11;9938;24;;;9931.0;0.0
yf_ZC=F_d10;53600;INTARIAN_PEPPER_ROOT;12495;13;12492;25;;;12504;11;12506;12;;;12499.5;0.0
yf_ZC=F_d10;53700;ASH_COATED_OSMIUM;9928;15;9925;23;;;9934;5;9938;21;;;9931.0;0.0
yf_ZC=F_d10;53700;INTARIAN_PEPPER_ROOT;12498;16;12496;21;;;12509;13;12511;21;;;12503.5;0.0
yf_ZC=F_d10;53800;ASH_COATED_OSMIUM;9927;16;9923;22;;;9933;12;9935;13;;;9930.0;0.0
yf_ZC=F_d10;53800;INTARIAN_PEPPER_ROOT;12500;14;12497;15;;;12512;11;12516;25;;;12506.0;0.0
yf_ZC=F_d10;53900;ASH_COATED_OSMIUM;9926;10;9923;27;;;9936;9;9938;23;;;9931.0;0.0
yf_ZC=F_d10;53900;INTARIAN_PEPPER_ROOT;12505;16;12502;21;;;12511;15;12513;26;;;12508.0;0.0
yf_ZC=F_d10;54000;ASH_COATED_OSMIUM;9927;15;9923;22;;;9933;17;9936;17;;;9930.0;0.0
yf_ZC=F_d10;54000;INTARIAN_PEPPER_ROOT;12507;20;12504;16;;;12515;18;12519;17;;;12511.0;0.0
yf_ZC=F_d10;54100;ASH_COATED_OSMIUM;9928;13;9925;23;;;9934;6;9937;18;;;9931.0;0.0
yf_ZC=F_d10;54100;INTARIAN_PEPPER_ROOT;12510;20;12506;14;;;12517;12;12519;26;;;12513.5;0.0
yf_ZC=F_d10;54200;ASH_COATED_OSMIUM;9924;10;9920;19;;;9938;13;9941;22;;;9931.0;0.0
yf_ZC=F_d10;54200;INTARIAN_PEPPER_ROOT;12513;16;12510;24;;;12520;8;12522;15;;;12516.5;0.0
yf_ZC=F_d10;54300;ASH_COATED_OSMIUM;9928;18;9925;16;;;9934;20;9937;21;;;9931.0;0.0
yf_ZC=F_d10;54300;INTARIAN_PEPPER_ROOT;12508;10;12504;27;;;12529;17;12532;19;;;12518.5;0.0
yf_ZC=F_d10;54400;ASH_COATED_OSMIUM;9928;14;9924;11;;;9934;5;9937;19;;;9931.0;0.0
yf_ZC=F_d10;54400;INTARIAN_PEPPER_ROOT;12519;18;12517;15;;;12525;20;12528;23;;;12522.0;0.0
yf_ZC=F_d10;54500;ASH_COATED_OSMIUM;9928;15;9925;30;;;9934;16;9937;20;;;9931.0;0.0
yf_ZC=F_d10;54500;INTARIAN_PEPPER_ROOT;12521;17;12518;16;;;12527;15;12530;10;;;12524.0;0.0
yf_ZC=F_d10;54600;ASH_COATED_OSMIUM;9919;19;9917;19;;;9942;5;9944;22;;;9930.5;0.0
yf_ZC=F_d10;54600;INTARIAN_PEPPER_ROOT;12521;17;12518;17;;;12533;9;12537;19;;;12527.0;0.0
yf_ZC=F_d10;54700;ASH_COATED_OSMIUM;9926;16;9922;30;;;9936;17;9939;28;;;9931.0;0.0
yf_ZC=F_d10;54700;INTARIAN_PEPPER_ROOT;12527;13;12524;14;;;12533;14;12536;16;;;12530.0;0.0
yf_ZC=F_d10;54800;ASH_COATED_OSMIUM;9923;18;9919;21;;;9938;13;9942;28;;;9930.5;0.0
yf_ZC=F_d10;54800;INTARIAN_PEPPER_ROOT;12522;18;12518;16;;;12542;19;12545;27;;;12532.0;0.0
yf_ZC=F_d10;54900;ASH_COATED_OSMIUM;9925;6;9921;24;;;9937;15;9939;25;;;9931.0;0.0
yf_ZC=F_d10;54900;INTARIAN_PEPPER_ROOT;12532;16;12530;22;;;12538;13;12542;9;;;12535.0;0.0
yf_ZC=F_d10;55000;ASH_COATED_OSMIUM;9928;21;9925;27;;;9936;18;9940;13;;;9932.0;0.0
yf_ZC=F_d10;55000;INTARIAN_PEPPER_ROOT;12534;15;12530;14;;;12542;9;12546;20;;;12538.0;0.0
yf_ZC=F_d10;55100;ASH_COATED_OSMIUM;9928;9;9925;16;;;9934;22;9936;29;;;9931.0;0.0
yf_ZC=F_d10;55100;INTARIAN_PEPPER_ROOT;12538;19;12534;25;;;12544;9;12546;26;;;12541.0;0.0
yf_ZC=F_d10;55200;ASH_COATED_OSMIUM;9927;21;9925;27;;;9933;14;9936;14;;;9930.0;0.0
yf_ZC=F_d10;55200;INTARIAN_PEPPER_ROOT;12539;6;12536;23;;;12549;12;12552;17;;;12544.0;0.0
yf_ZC=F_d10;55300;ASH_COATED_OSMIUM;9928;15;9924;16;;;9934;21;9936;22;;;9931.0;0.0
yf_ZC=F_d10;55300;INTARIAN_PEPPER_ROOT;12542;10;12539;23;;;12550;5;12554;17;;;12546.0;0.0
yf_ZC=F_d10;55400;ASH_COATED_OSMIUM;9925;22;9921;27;;;9937;15;9941;30;;;9931.0;0.0
yf_ZC=F_d10;55400;INTARIAN_PEPPER_ROOT;12545;18;12541;12;;;12553;18;12557;22;;;12549.0;0.0
yf_ZC=F_d10;55500;ASH_COATED_OSMIUM;9928;11;9926;23;;;9934;14;9938;15;;;9931.0;0.0
yf_ZC=F_d10;55500;INTARIAN_PEPPER_ROOT;12549;16;12547;20;;;12555;8;12558;20;;;12552.0;0.0
yf_ZC=F_d10;55600;ASH_COATED_OSMIUM;9929;7;9927;11;;;9935;16;9939;18;;;9932.0;0.0
yf_ZC=F_d10;55600;INTARIAN_PEPPER_ROOT;12550;13;12546;22;;;12559;26;12562;17;;;12554.5;0.0
yf_ZC=F_d10;55700;ASH_COATED_OSMIUM;9922;14;9919;25;;;9940;10;9942;23;;;9931.0;0.0
yf_ZC=F_d10;55700;INTARIAN_PEPPER_ROOT;12549;13;12547;13;;;12565;19;12569;19;;;12557.0;0.0
yf_ZC=F_d10;55800;ASH_COATED_OSMIUM;9928;9;9924;25;;;9934;11;9936;13;;;9931.0;0.0
yf_ZC=F_d10;55800;INTARIAN_PEPPER_ROOT;12552;16;12549;25;;;12567;13;12570;13;;;12559.5;0.0
yf_ZC=F_d10;55900;ASH_COATED_OSMIUM;9928;14;9924;18;;;9934;11;9936;22;;;9931.0;0.0
yf_ZC=F_d10;55900;INTARIAN_PEPPER_ROOT;12553;16;12549;26;;;12572;18;12575;19;;;12562.5;0.0
yf_ZC=F_d10;56000;ASH_COATED_OSMIUM;9928;5;9926;17;;;9934;21;9937;27;;;9931.0;0.0
yf_ZC=F_d10;56000;INTARIAN_PEPPER_ROOT;12563;11;12559;24;;;12569;23;12572;9;;;12566.0;0.0
yf_ZC=F_d10;56100;ASH_COATED_OSMIUM;9928;18;9926;26;;;9934;14;9936;27;;;9931.0;0.0
yf_ZC=F_d10;56100;INTARIAN_PEPPER_ROOT;12565;14;12562;13;;;12571;13;12575;20;;;12568.0;0.0
yf_ZC=F_d10;56200;ASH_COATED_OSMIUM;9926;16;9924;23;;;9937;9;9940;27;;;9931.5;0.0
yf_ZC=F_d10;56200;INTARIAN_PEPPER_ROOT;12568;5;12564;15;;;12574;5;12577;20;;;12571.0;0.0
yf_ZC=F_d10;56300;ASH_COATED_OSMIUM;9929;5;9926;20;;;9935;18;9937;29;;;9932.0;0.0
yf_ZC=F_d10;56300;INTARIAN_PEPPER_ROOT;12569;15;12567;12;;;12580;14;12582;8;;;12574.5;0.0
yf_ZC=F_d10;56400;ASH_COATED_OSMIUM;9929;18;9925;20;;;9935;17;9939;19;;;9932.0;0.0
yf_ZC=F_d10;56400;INTARIAN_PEPPER_ROOT;12574;7;12572;22;;;12580;6;12583;29;;;12577.0;0.0
yf_ZC=F_d10;56500;ASH_COATED_OSMIUM;9929;18;9927;15;;;9935;10;9939;16;;;9932.0;0.0
yf_ZC=F_d10;56500;INTARIAN_PEPPER_ROOT;12561;16;12557;22;;;12598;14;12602;16;;;12579.5;0.0
yf_ZC=F_d10;56600;ASH_COATED_OSMIUM;9929;18;9926;18;;;9935;16;9937;29;;;9932.0;0.0
yf_ZC=F_d10;56600;INTARIAN_PEPPER_ROOT;12568;16;12565;25;;;12595;11;12599;30;;;12581.5;0.0
yf_ZC=F_d10;56700;ASH_COATED_OSMIUM;9929;5;9925;21;;;9935;17;9937;18;;;9932.0;0.0
yf_ZC=F_d10;56700;INTARIAN_PEPPER_ROOT;12582;6;12579;19;;;12588;17;12591;20;;;12585.0;0.0
yf_ZC=F_d10;56800;ASH_COATED_OSMIUM;9917;11;9914;18;;;9946;13;9950;23;;;9931.5;0.0
yf_ZC=F_d10;56800;INTARIAN_PEPPER_ROOT;12584;5;12582;16;;;12590;17;12593;31;;;12587.0;0.0
yf_ZC=F_d10;56900;ASH_COATED_OSMIUM;9928;18;9924;21;;;9934;9;9937;21;;;9931.0;0.0
yf_ZC=F_d10;56900;INTARIAN_PEPPER_ROOT;12587;17;12584;20;;;12593;10;12597;21;;;12590.0;0.0
yf_ZC=F_d10;57000;ASH_COATED_OSMIUM;9928;17;9925;19;;;9934;29;9938;15;;;9931.0;0.0
yf_ZC=F_d10;57000;INTARIAN_PEPPER_ROOT;12588;21;12586;10;;;12598;14;12602;15;;;12593.0;0.0
yf_ZC=F_d10;57100;ASH_COATED_OSMIUM;9929;12;9926;11;;;9935;9;9937;21;;;9932.0;0.0
yf_ZC=F_d10;57100;INTARIAN_PEPPER_ROOT;12588;19;12586;25;;;12603;17;12606;21;;;12595.5;0.0
yf_ZC=F_d10;57200;ASH_COATED_OSMIUM;9925;18;9921;24;;;9939;15;9941;20;;;9932.0;0.0
yf_ZC=F_d10;57200;INTARIAN_PEPPER_ROOT;12586;18;12584;22;;;12610;14;12612;14;;;12598.0;0.0
yf_ZC=F_d10;57300;ASH_COATED_OSMIUM;9926;11;9924;19;;;9937;11;9941;14;;;9931.5;0.0
yf_ZC=F_d10;57300;INTARIAN_PEPPER_ROOT;12598;16;12594;19;;;12604;22;12608;19;;;12601.0;0.0
yf_ZC=F_d10;57400;ASH_COATED_OSMIUM;9929;7;9925;17;;;9935;19;9939;17;;;9932.0;0.0
yf_ZC=F_d10;57400;INTARIAN_PEPPER_ROOT;12601;11;12597;18;;;12607;16;12610;19;;;12604.0;0.0
yf_ZC=F_d10;57500;ASH_COATED_OSMIUM;9927;16;9924;29;;;9936;15;9940;18;;;9931.5;0.0
yf_ZC=F_d10;57500;INTARIAN_PEPPER_ROOT;12599;15;12596;16;;;12613;17;12617;22;;;12606.0;0.0
yf_ZC=F_d10;57600;ASH_COATED_OSMIUM;9929;15;9925;13;;;9935;21;9938;23;;;9932.0;0.0
yf_ZC=F_d10;57600;INTARIAN_PEPPER_ROOT;12606;6;12603;17;;;12612;12;12614;22;;;12609.0;0.0
