day;timestamp;product;bid_price_1;bid_volume_1;bid_price_2;bid_volume_2;bid_price_3;bid_volume_3;ask_price_1;ask_volume_1;ask_price_2;ask_volume_2;ask_price_3;ask_volume_3;mid_price;profit_and_loss
yf_MKC_d6;0;ASH_COATED_OSMIUM;10012;12;10008;23;;;10018;8;10021;22;;;10015.0;0.0
yf_MKC_d6;0;INTARIAN_PEPPER_ROOT;11029;18;11026;14;;;11035;18;11039;12;;;11032.0;0.0
yf_MKC_d6;100;ASH_COATED_OSMIUM;10010;20;10007;15;;;10021;14;10024;26;;;10015.5;0.0
yf_MKC_d6;100;INTARIAN_PEPPER_ROOT;11028;13;11026;18;;;11034;11;11038;23;;;11031.0;0.0
yf_MKC_d6;200;ASH_COATED_OSMIUM;10012;17;10010;17;;;10018;20;10021;23;;;10015.0;0.0
yf_MKC_d6;200;INTARIAN_PEPPER_ROOT;11029;17;11025;19;;;11035;18;11038;11;;;11032.0;0.0
yf_MKC_d6;300;ASH_COATED_OSMIUM;10012;5;10010;25;;;10018;18;10022;18;;;10015.0;0.0
yf_MKC_d6;300;INTARIAN_PEPPER_ROOT;11029;9;11027;17;;;11035;8;11038;27;;;11032.0;0.0
yf_MKC_d6;400;ASH_COATED_OSMIUM;10012;19;10008;13;;;10018;22;10021;21;;;10015.0;0.0
yf_MKC_d6;400;INTARIAN_PEPPER_ROOT;11029;18;11026;14;;;11035;17;11037;26;;;11032.0;0.0
yf_MKC_d6;500;ASH_COATED_OSMIUM;10013;20;10011;21;;;10019;12;10022;12;;;10016.0;0.0
yf_MKC_d6;500;INTARIAN_PEPPER_ROOT;11027;16;11023;31;;;11035;12;11037;13;;;11031.0;0.0
yf_MKC_d6;600;ASH_COATED_OSMIUM;10013;17;10010;21;;;10019;5;10022;27;;;10016.0;0.0
yf_MKC_d6;600;INTARIAN_PEPPER_ROOT;11029;16;11026;18;;;11035;13;11037;19;;;11032.0;0.0
yf_MKC_d6;700;ASH_COATED_OSMIUM;10013;19;10009;29;;;10019;19;10021;16;;;10016.0;0.0
yf_MKC_d6;700;INTARIAN_PEPPER_ROOT;11026;23;11024;24;;;11038;15;11041;28;;;11032.0;0.0
yf_MKC_d6;800;ASH_COATED_OSMIUM;10011;11;10007;21;;;10021;14;10023;11;;;10016.0;0.0
yf_MKC_d6;800;INTARIAN_PEPPER_ROOT;11029;14;11025;22;;;11035;25;11037;15;;;11032.0;0.0
yf_MKC_d6;900;ASH_COATED_OSMIUM;10013;19;10010;26;;;10019;18;10022;22;;;10016.0;0.0
yf_MKC_d6;900;INTARIAN_PEPPER_ROOT;11028;5;11024;20;;;11034;11;11036;16;;;11031.0;0.0
yf_MKC_d6;1000;ASH_COATED_OSMIUM;10005;14;10003;14;;;10027;18;10029;19;;;10016.0;0.0
yf_MKC_d6;1000;INTARIAN_PEPPER_ROOT;11028;18;11026;18;;;11034;16;11038;17;;;11031.0;0.0
yf_MKC_d6;1100;ASH_COATED_OSMIUM;10013;12;10010;17;;;10019;21;10023;28;;;10016.0;0.0
yf_MKC_d6;1100;INTARIAN_PEPPER_ROOT;11028;14;11024;18;;;11034;19;11037;14;;;11031.0;0.0
yf_MKC_d6;1200;ASH_COATED_OSMIUM;10013;10;10010;8;;;10019;13;10022;19;;;10016.0;0.0
yf_MKC_d6;1200;INTARIAN_PEPPER_ROOT;11020;22;11017;14;;;11043;10;11047;25;;;11031.5;0.0
yf_MKC_d6;1300;ASH_COATED_OSMIUM;10012;17;10010;19;;;10020;16;10024;14;;;10016.0;0.0
yf_MKC_d6;1300;INTARIAN_PEPPER_ROOT;11028;15;11024;20;;;11034;15;11038;18;;;11031.0;0.0
yf_MKC_d6;1400;ASH_COATED_OSMIUM;10013;11;10011;28;;;10019;12;10021;19;;;10016.0;0.0
yf_MKC_d6;1400;INTARIAN_PEPPER_ROOT;11028;16;11026;13;;;11034;19;11037;25;;;11031.0;0.0
yf_MKC_d6;1500;ASH_COATED_OSMIUM;10014;13;10011;25;;;10020;6;10022;23;;;10017.0;0.0
yf_MKC_d6;1500;INTARIAN_PEPPER_ROOT;11028;10;11024;19;;;11034;18;11038;30;;;11031.0;0.0
yf_MKC_d6;1600;ASH_COATED_OSMIUM;10011;16;10008;28;;;10023;14;10027;28;;;10017.0;0.0
yf_MKC_d6;1600;INTARIAN_PEPPER_ROOT;11028;16;11025;14;;;11034;19;11038;19;;;11031.0;0.0
yf_MKC_d6;1700;ASH_COATED_OSMIUM;10014;12;10011;14;;;10020;19;10022;24;;;10017.0;0.0
yf_MKC_d6;1700;INTARIAN_PEPPER_ROOT;11028;10;11024;19;;;11034;17;11037;21;;;11031.0;0.0
yf_MKC_d6;1800;ASH_COATED_OSMIUM;10014;17;10010;18;;;10020;10;10022;18;;;10017.0;0.0
yf_MKC_d6;1800;INTARIAN_PEPPER_ROOT;11028;20;11025;23;;;11035;12;11038;18;;;11031.5;0.0
yf_MKC_d6;1900;ASH_COATED_OSMIUM;10015;19;10012;19;;;10021;22;10025;15;;;10018.0;0.0
yf_MKC_d6;1900;INTARIAN_PEPPER_ROOT;11028;8;11026;33;;;11034;21;11037;24;;;11031.0;0.0
yf_MKC_d6;2000;ASH_COATED_OSMIUM;10014;18;10012;19;;;10020;22;10023;14;;;10017.0;0.0
yf_MKC_d6;2000;INTARIAN_PEPPER_ROOT;11028;16;11025;26;;;11034;13;11038;22;;;11031.0;0.0
yf_MKC_d6;2100;ASH_COATED_OSMIUM;10002;14;9998;23;;;10033;16;10036;23;;;10017.5;0.0
yf_MKC_d6;2100;INTARIAN_PEPPER_ROOT;11027;11;11025;20;;;11035;18;11037;22;;;11031.0;0.0
yf_MKC_d6;2200;ASH_COATED_OSMIUM;10014;19;10010;23;;;10020;11;10022;25;;;10017.0;0.0
yf_MKC_d6;2200;INTARIAN_PEPPER_ROOT;11021;16;11019;29;;;11041;14;11044;8;;;11031.0;0.0
yf_MKC_d6;2300;ASH_COATED_OSMIUM;10014;22;10010;22;;;10021;8;10024;19;;;10017.5;0.0
yf_MKC_d6;2300;INTARIAN_PEPPER_ROOT;11028;14;11025;21;;;11034;11;11036;26;;;11031.0;0.0
yf_MKC_d6;2400;ASH_COATED_OSMIUM;10015;15;10011;14;;;10021;17;10025;16;;;10018.0;0.0
yf_MKC_d6;2400;INTARIAN_PEPPER_ROOT;11028;16;11025;29;;;11034;15;11038;21;;;11031.0;0.0
yf_MKC_d6;2500;ASH_COATED_OSMIUM;10012;16;10008;16;;;10024;21;10026;23;;;10018.0;0.0
yf_MKC_d6;2500;INTARIAN_PEPPER_ROOT;11026;14;11023;20;;;11035;17;11039;19;;;11030.5;0.0
yf_MKC_d6;2600;ASH_COATED_OSMIUM;10010;14;10008;23;;;10025;23;10027;11;;;10017.5;0.0
yf_MKC_d6;2600;INTARIAN_PEPPER_ROOT;11028;12;11026;12;;;11034;16;11038;14;;;11031.0;0.0
yf_MKC_d6;2700;ASH_COATED_OSMIUM;10015;14;10011;12;;;10021;16;10024;19;;;10018.0;0.0
yf_MKC_d6;2700;INTARIAN_PEPPER_ROOT;11027;15;11025;13;;;11034;11;11036;19;;;11030.5;0.0
yf_MKC_d6;2800;ASH_COATED_OSMIUM;10015;15;10012;23;;;10021;17;10025;23;;;10018.0;0.0
yf_MKC_d6;2800;INTARIAN_PEPPER_ROOT;11028;17;11026;25;;;11034;11;11038;19;;;11031.0;0.0
yf_MKC_d6;2900;ASH_COATED_OSMIUM;10016;5;10012;17;;;10022;15;10024;17;;;10019.0;0.0
yf_MKC_d6;2900;INTARIAN_PEPPER_ROOT;11022;10;11020;16;;;11040;17;11044;13;;;11031.0;0.0
yf_MKC_d6;3000;ASH_COATED_OSMIUM;10006;21;10004;21;;;10031;16;10033;33;;;10018.5;0.0
yf_MKC_d6;3000;INTARIAN_PEPPER_ROOT;11027;21;11023;15;;;11033;13;11036;18;;;11030.0;0.0
yf_MKC_d6;3100;ASH_COATED_OSMIUM;10016;18;10012;29;;;10022;16;10026;23;;;10019.0;0.0
yf_MKC_d6;3100;INTARIAN_PEPPER_ROOT;11028;16;11024;22;;;11034;5;11038;15;;;11031.0;0.0
yf_MKC_d6;3200;ASH_COATED_OSMIUM;10012;13;10010;15;;;10025;13;10027;16;;;10018.5;0.0
yf_MKC_d6;3200;INTARIAN_PEPPER_ROOT;11028;11;11025;29;;;11034;15;11037;14;;;11031.0;0.0
yf_MKC_d6;3300;ASH_COATED_OSMIUM;10011;5;10007;8;;;10027;29;10029;17;;;10019.0;0.0
yf_MKC_d6;3300;INTARIAN_PEPPER_ROOT;11028;6;11025;24;;;11034;21;11038;20;;;11031.0;0.0
yf_MKC_d6;3400;ASH_COATED_OSMIUM;10016;14;10012;11;;;10022;12;10025;13;;;10019.0;0.0
yf_MKC_d6;3400;INTARIAN_PEPPER_ROOT;11027;10;11023;20;;;11033;14;11037;12;;;11030.0;0.0
yf_MKC_d6;3500;ASH_COATED_OSMIUM;10017;15;10014;16;;;10023;27;10026;11;;;10020.0;0.0
yf_MKC_d6;3500;INTARIAN_PEPPER_ROOT;11021;12;11018;26;;;11040;13;11042;13;;;11030.5;0.0
yf_MKC_d6;3600;ASH_COATED_OSMIUM;10010;11;10008;21;;;10028;8;10030;25;;;10019.0;0.0
yf_MKC_d6;3600;INTARIAN_PEPPER_ROOT;11027;13;11025;24;;;11033;25;11037;25;;;11030.0;0.0
yf_MKC_d6;3700;ASH_COATED_OSMIUM;10017;23;10013;26;;;10023;8;10026;13;;;10020.0;0.0
yf_MKC_d6;3700;INTARIAN_PEPPER_ROOT;11022;12;11020;18;;;11038;11;11042;16;;;11030.0;0.0
yf_MKC_d6;3800;ASH_COATED_OSMIUM;10016;15;10012;9;;;10022;14;10026;15;;;10019.0;0.0
yf_MKC_d6;3800;INTARIAN_PEPPER_ROOT;11027;8;11025;16;;;11033;10;11035;29;;;11030.0;0.0
yf_MKC_d6;3900;ASH_COATED_OSMIUM;10017;23;10015;26;;;10023;14;10025;25;;;10020.0;0.0
yf_MKC_d6;3900;INTARIAN_PEPPER_ROOT;11025;13;11021;30;;;11036;11;11039;27;;;11030.5;0.0
yf_MKC_d6;4000;ASH_COATED_OSMIUM;10017;11;10013;19;;;10023;15;10027;19;;;10020.0;0.0
yf_MKC_d6;4000;INTARIAN_PEPPER_ROOT;11026;12;11022;21;;;11035;14;11038;26;;;11030.5;0.0
yf_MKC_d6;4100;ASH_COATED_OSMIUM;10015;12;10013;13;;;10025;13;10029;9;;;10020.0;0.0
yf_MKC_d6;4100;INTARIAN_PEPPER_ROOT;11027;7;11024;22;;;11034;18;11037;26;;;11030.5;0.0
yf_MKC_d6;4200;ASH_COATED_OSMIUM;10016;9;10014;17;;;10022;22;10024;16;;;10019.0;0.0
yf_MKC_d6;4200;INTARIAN_PEPPER_ROOT;11025;12;11022;17;;;11036;9;11040;17;;;11030.5;0.0
yf_MKC_d6;4300;ASH_COATED_OSMIUM;10017;10;10015;15;;;10023;9;10027;18;;;10020.0;0.0
yf_MKC_d6;4300;INTARIAN_PEPPER_ROOT;11025;18;11023;16;;;11036;13;11040;27;;;11030.5;0.0
yf_MKC_d6;4400;ASH_COATED_OSMIUM;10013;7;10009;20;;;10026;16;10028;15;;;10019.5;0.0
yf_MKC_d6;4400;INTARIAN_PEPPER_ROOT;11027;13;11023;9;;;11033;16;11036;17;;;11030.0;0.0
yf_MKC_d6;4500;ASH_COATED_OSMIUM;10018;14;10015;13;;;10024;12;10028;19;;;10021.0;0.0
yf_MKC_d6;4500;INTARIAN_PEPPER_ROOT;11013;17;11010;16;;;11047;14;11050;22;;;11030.0;0.0
yf_MKC_d6;4600;ASH_COATED_OSMIUM;10017;20;10014;14;;;10023;17;10025;18;;;10020.0;0.0
yf_MKC_d6;4600;INTARIAN_PEPPER_ROOT;11008;12;11006;24;;;11053;16;11057;23;;;11030.5;0.0
yf_MKC_d6;4700;ASH_COATED_OSMIUM;10016;8;10013;20;;;10024;15;10028;25;;;10020.0;0.0
yf_MKC_d6;4700;INTARIAN_PEPPER_ROOT;11009;18;11006;9;;;11052;16;11054;16;;;11030.5;0.0
yf_MKC_d6;4800;ASH_COATED_OSMIUM;10016;5;10013;24;;;10026;20;10028;11;;;10021.0;0.0
yf_MKC_d6;4800;INTARIAN_PEPPER_ROOT;11027;8;11024;24;;;11033;13;11036;20;;;11030.0;0.0
yf_MKC_d6;4900;ASH_COATED_OSMIUM;10014;14;10012;21;;;10027;9;10029;27;;;10020.5;0.0
yf_MKC_d6;4900;INTARIAN_PEPPER_ROOT;11023;12;11019;20;;;11036;9;11040;23;;;11029.5;0.0
yf_MKC_d6;5000;ASH_COATED_OSMIUM;10009;15;10007;21;;;10032;15;10034;25;;;10020.5;0.0
yf_MKC_d6;5000;INTARIAN_PEPPER_ROOT;11026;14;11024;19;;;11032;21;11036;22;;;11029.0;0.0
yf_MKC_d6;5100;ASH_COATED_OSMIUM;10018;20;10015;19;;;10024;9;10027;14;;;10021.0;0.0
yf_MKC_d6;5100;INTARIAN_PEPPER_ROOT;11024;9;11021;24;;;11035;10;11037;26;;;11029.5;0.0
yf_MKC_d6;5200;ASH_COATED_OSMIUM;10014;20;10011;22;;;10029;11;10032;16;;;10021.5;0.0
yf_MKC_d6;5200;INTARIAN_PEPPER_ROOT;11026;20;11024;16;;;11032;12;11034;18;;;11029.0;0.0
yf_MKC_d6;5300;ASH_COATED_OSMIUM;10018;18;10015;24;;;10024;21;10028;25;;;10021.0;0.0
yf_MKC_d6;5300;INTARIAN_PEPPER_ROOT;11027;12;11023;21;;;11033;10;11035;24;;;11030.0;0.0
yf_MKC_d6;5400;ASH_COATED_OSMIUM;10013;16;10011;21;;;10029;18;10032;14;;;10021.0;0.0
yf_MKC_d6;5400;INTARIAN_PEPPER_ROOT;11027;10;11023;20;;;11033;13;11035;23;;;11030.0;0.0
yf_MKC_d6;5500;ASH_COATED_OSMIUM;10014;20;10011;21;;;10028;22;10030;20;;;10021.0;0.0
yf_MKC_d6;5500;INTARIAN_PEPPER_ROOT;11025;18;11023;9;;;11034;5;11037;25;;;11029.5;0.0
yf_MKC_d6;5600;ASH_COATED_OSMIUM;10014;6;10010;22;;;10030;6;10033;16;;;10022.0;0.0
yf_MKC_d6;5600;INTARIAN_PEPPER_ROOT;11004;8;11002;10;;;11055;15;11057;17;;;11029.5;0.0
yf_MKC_d6;5700;ASH_COATED_OSMIUM;10019;13;10016;20;;;10025;16;10028;28;;;10022.0;0.0
yf_MKC_d6;5700;INTARIAN_PEPPER_ROOT;11027;12;11023;17;;;11033;16;11037;19;;;11030.0;0.0
yf_MKC_d6;5800;ASH_COATED_OSMIUM;10018;29;10015;15;;;10025;20;10028;19;;;10021.5;0.0
yf_MKC_d6;5800;INTARIAN_PEPPER_ROOT;11026;14;11022;18;;;11032;13;11034;17;;;11029.0;0.0
yf_MKC_d6;5900;ASH_COATED_OSMIUM;10019;13;10015;20;;;10025;26;10029;23;;;10022.0;0.0
yf_MKC_d6;5900;INTARIAN_PEPPER_ROOT;11027;17;11024;20;;;11033;16;11036;22;;;11030.0;0.0
yf_MKC_d6;6000;ASH_COATED_OSMIUM;10015;12;10012;15;;;10030;16;10034;26;;;10022.5;0.0
yf_MKC_d6;6000;INTARIAN_PEPPER_ROOT;11026;14;11024;20;;;11032;6;11035;17;;;11029.0;0.0
yf_MKC_d6;6100;ASH_COATED_OSMIUM;10020;22;10016;29;;;10026;8;10030;18;;;10023.0;0.0
yf_MKC_d6;6100;INTARIAN_PEPPER_ROOT;11019;9;11017;19;;;11040;17;11042;24;;;11029.5;0.0
yf_MKC_d6;6200;ASH_COATED_OSMIUM;10019;10;10016;19;;;10025;21;10028;12;;;10022.0;0.0
yf_MKC_d6;6200;INTARIAN_PEPPER_ROOT;11026;17;11024;18;;;11032;19;11034;22;;;11029.0;0.0
yf_MKC_d6;6300;ASH_COATED_OSMIUM;10019;14;10017;13;;;10025;19;10029;23;;;10022.0;0.0
yf_MKC_d6;6300;INTARIAN_PEPPER_ROOT;11026;15;11024;10;;;11033;8;11035;10;;;11029.5;0.0
yf_MKC_d6;6400;ASH_COATED_OSMIUM;10017;12;10014;23;;;10026;14;10028;8;;;10021.5;0.0
yf_MKC_d6;6400;INTARIAN_PEPPER_ROOT;11026;14;11024;18;;;11032;14;11034;20;;;11029.0;0.0
yf_MKC_d6;6500;ASH_COATED_OSMIUM;10019;11;10017;28;;;10025;12;10029;13;;;10022.0;0.0
yf_MKC_d6;6500;INTARIAN_PEPPER_ROOT;11018;20;11014;32;;;11041;18;11045;13;;;11029.5;0.0
yf_MKC_d6;6600;ASH_COATED_OSMIUM;10020;19;10016;21;;;10026;7;10030;18;;;10023.0;0.0
yf_MKC_d6;6600;INTARIAN_PEPPER_ROOT;11027;10;11025;12;;;11033;6;11037;15;;;11030.0;0.0
yf_MKC_d6;6700;ASH_COATED_OSMIUM;10019;22;10016;21;;;10025;20;10028;14;;;10022.0;0.0
yf_MKC_d6;6700;INTARIAN_PEPPER_ROOT;11026;7;11022;17;;;11032;18;11035;22;;;11029.0;0.0
yf_MKC_d6;6800;ASH_COATED_OSMIUM;10020;11;10017;30;;;10026;10;10028;22;;;10023.0;0.0
yf_MKC_d6;6800;INTARIAN_PEPPER_ROOT;11026;12;11023;12;;;11032;17;11036;22;;;11029.0;0.0
yf_MKC_d6;6900;ASH_COATED_OSMIUM;10015;5;10011;21;;;10032;15;10034;12;;;10023.5;0.0
yf_MKC_d6;6900;INTARIAN_PEPPER_ROOT;11022;14;11019;18;;;11036;15;11039;28;;;11029.0;0.0
yf_MKC_d6;7000;ASH_COATED_OSMIUM;10021;21;10019;26;;;10027;11;10030;22;;;10024.0;0.0
yf_MKC_d6;7000;INTARIAN_PEPPER_ROOT;11020;23;11017;21;;;11038;11;11041;31;;;11029.0;0.0
yf_MKC_d6;7100;ASH_COATED_OSMIUM;10020;16;10017;18;;;10026;15;10030;19;;;10023.0;0.0
yf_MKC_d6;7100;INTARIAN_PEPPER_ROOT;11026;21;11024;22;;;11032;9;11035;26;;;11029.0;0.0
yf_MKC_d6;7200;ASH_COATED_OSMIUM;10020;22;10018;18;;;10026;6;10030;15;;;10023.0;0.0
yf_MKC_d6;7200;INTARIAN_PEPPER_ROOT;11026;7;11024;23;;;11033;18;11037;21;;;11029.5;0.0
yf_MKC_d6;7300;ASH_COATED_OSMIUM;10021;18;10017;20;;;10027;19;10029;28;;;10024.0;0.0
yf_MKC_d6;7300;INTARIAN_PEPPER_ROOT;11026;17;11024;20;;;11032;13;11034;17;;;11029.0;0.0
yf_MKC_d6;7400;ASH_COATED_OSMIUM;10018;18;10015;17;;;10029;19;10031;27;;;10023.5;0.0
yf_MKC_d6;7400;INTARIAN_PEPPER_ROOT;11024;23;11021;20;;;11032;10;11036;20;;;11028.0;0.0
yf_MKC_d6;7500;ASH_COATED_OSMIUM;10020;16;10016;16;;;10028;16;10031;17;;;10024.0;0.0
yf_MKC_d6;7500;INTARIAN_PEPPER_ROOT;11019;9;11015;29;;;11038;19;11040;24;;;11028.5;0.0
yf_MKC_d6;7600;ASH_COATED_OSMIUM;10021;17;10017;16;;;10027;5;10029;13;;;10024.0;0.0
yf_MKC_d6;7600;INTARIAN_PEPPER_ROOT;11026;11;11023;25;;;11032;12;11034;26;;;11029.0;0.0
yf_MKC_d6;7700;ASH_COATED_OSMIUM;10021;23;10018;12;;;10027;22;10029;15;;;10024.0;0.0
yf_MKC_d6;7700;INTARIAN_PEPPER_ROOT;11026;16;11023;20;;;11032;18;11035;17;;;11029.0;0.0
yf_MKC_d6;7800;ASH_COATED_OSMIUM;10020;13;10016;20;;;10028;12;10031;11;;;10024.0;0.0
yf_MKC_d6;7800;INTARIAN_PEPPER_ROOT;11025;10;11021;23;;;11031;9;11035;20;;;11028.0;0.0
yf_MKC_d6;7900;ASH_COATED_OSMIUM;10021;14;10019;23;;;10027;15;10031;26;;;10024.0;0.0
yf_MKC_d6;7900;INTARIAN_PEPPER_ROOT;11024;6;11022;22;;;11033;16;11036;26;;;11028.5;0.0
yf_MKC_d6;8000;ASH_COATED_OSMIUM;10020;18;10016;21;;;10029;14;10033;19;;;10024.5;0.0
yf_MKC_d6;8000;INTARIAN_PEPPER_ROOT;11023;16;11019;14;;;11035;9;11039;18;;;11029.0;0.0
yf_MKC_d6;8100;ASH_COATED_OSMIUM;10019;13;10016;20;;;10030;9;10032;22;;;10024.5;0.0
yf_MKC_d6;8100;INTARIAN_PEPPER_ROOT;11026;14;11023;21;;;11032;20;11036;24;;;11029.0;0.0
yf_MKC_d6;8200;ASH_COATED_OSMIUM;10020;7;10016;18;;;10029;18;10032;16;;;10024.5;0.0
yf_MKC_d6;8200;INTARIAN_PEPPER_ROOT;11026;7;11022;17;;;11032;16;11035;21;;;11029.0;0.0
yf_MKC_d6;8300;ASH_COATED_OSMIUM;10005;10;10003;12;;;10046;12;10050;15;;;10025.5;0.0
yf_MKC_d6;8300;INTARIAN_PEPPER_ROOT;11024;10;11022;14;;;11032;13;11036;23;;;11028.0;0.0
yf_MKC_d6;8400;ASH_COATED_OSMIUM;10017;8;10014;16;;;10033;17;10037;21;;;10025.0;0.0
yf_MKC_d6;8400;INTARIAN_PEPPER_ROOT;11013;26;11009;22;;;11044;28;11046;20;;;11028.5;0.0
yf_MKC_d6;8500;ASH_COATED_OSMIUM;10022;15;10018;22;;;10028;8;10030;18;;;10025.0;0.0
yf_MKC_d6;8500;INTARIAN_PEPPER_ROOT;11019;7;11017;26;;;11037;22;11039;20;;;11028.0;0.0
yf_MKC_d6;8600;ASH_COATED_OSMIUM;10022;22;10018;10;;;10028;19;10031;27;;;10025.0;0.0
yf_MKC_d6;8600;INTARIAN_PEPPER_ROOT;11023;14;11019;14;;;11034;10;11038;10;;;11028.5;0.0
yf_MKC_d6;8700;ASH_COATED_OSMIUM;10022;9;10020;21;;;10028;9;10030;28;;;10025.0;0.0
yf_MKC_d6;8700;INTARIAN_PEPPER_ROOT;11022;23;11018;24;;;11034;14;11037;24;;;11028.0;0.0
yf_MKC_d6;8800;ASH_COATED_OSMIUM;10022;11;10018;15;;;10028;18;10032;17;;;10025.0;0.0
yf_MKC_d6;8800;INTARIAN_PEPPER_ROOT;11024;11;11020;25;;;11033;11;11036;13;;;11028.5;0.0
yf_MKC_d6;8900;ASH_COATED_OSMIUM;10022;12;10020;17;;;10028;10;10031;17;;;10025.0;0.0
yf_MKC_d6;8900;INTARIAN_PEPPER_ROOT;11024;6;11021;23;;;11033;23;11036;20;;;11028.5;0.0
yf_MKC_d6;9000;ASH_COATED_OSMIUM;10022;10;10018;20;;;10029;10;10031;13;;;10025.5;0.0
yf_MKC_d6;9000;INTARIAN_PEPPER_ROOT;11024;11;11022;21;;;11033;15;11037;16;;;11028.5;0.0
yf_MKC_d6;9100;ASH_COATED_OSMIUM;10023;12;10020;14;;;10029;11;10033;18;;;10026.0;0.0
yf_MKC_d6;9100;INTARIAN_PEPPER_ROOT;11025;9;11023;22;;;11031;14;11034;27;;;11028.0;0.0
yf_MKC_d6;9200;ASH_COATED_OSMIUM;10023;11;10020;16;;;10029;6;10031;21;;;10026.0;0.0
yf_MKC_d6;9200;INTARIAN_PEPPER_ROOT;11022;18;11018;19;;;11035;11;11037;13;;;11028.5;0.0
yf_MKC_d6;9300;ASH_COATED_OSMIUM;10020;17;10016;20;;;10032;20;10034;12;;;10026.0;0.0
yf_MKC_d6;9300;INTARIAN_PEPPER_ROOT;11025;17;11021;26;;;11031;17;11035;22;;;11028.0;0.0
yf_MKC_d6;9400;ASH_COATED_OSMIUM;10023;22;10020;19;;;10029;13;10033;21;;;10026.0;0.0
yf_MKC_d6;9400;INTARIAN_PEPPER_ROOT;11025;8;11022;23;;;11031;12;11033;17;;;11028.0;0.0
yf_MKC_d6;9500;ASH_COATED_OSMIUM;10023;11;10020;19;;;10029;19;10031;27;;;10026.0;0.0
yf_MKC_d6;9500;INTARIAN_PEPPER_ROOT;11023;11;11019;28;;;11033;14;11035;16;;;11028.0;0.0
yf_MKC_d6;9600;ASH_COATED_OSMIUM;10020;19;10017;11;;;10032;18;10034;18;;;10026.0;0.0
yf_MKC_d6;9600;INTARIAN_PEPPER_ROOT;11025;23;11021;17;;;11031;11;11034;9;;;11028.0;0.0
yf_MKC_d6;9700;ASH_COATED_OSMIUM;10021;5;10018;8;;;10032;17;10036;19;;;10026.5;0.0
yf_MKC_d6;9700;INTARIAN_PEPPER_ROOT;11025;5;11023;16;;;11031;17;11035;17;;;11028.0;0.0
yf_MKC_d6;9800;ASH_COATED_OSMIUM;10022;15;10019;23;;;10031;13;10033;17;;;10026.5;0.0
yf_MKC_d6;9800;INTARIAN_PEPPER_ROOT;11025;21;11023;10;;;11031;9;11033;20;;;11028.0;0.0
yf_MKC_d6;9900;ASH_COATED_OSMIUM;10022;13;10019;16;;;10031;15;10034;24;;;10026.5;0.0
yf_MKC_d6;9900;INTARIAN_PEPPER_ROOT;11025;15;11023;18;;;11031;9;11033;29;;;11028.0;0.0
yf_MKC_d6;10000;ASH_COATED_OSMIUM;10020;13;10017;15;;;10033;20;10036;20;;;10026.5;0.0
yf_MKC_d6;10000;INTARIAN_PEPPER_ROOT;11024;22;11022;23;;;11031;9;11035;21;;;11027.5;0.0
yf_MKC_d6;10100;ASH_COATED_OSMIUM;10017;12;10013;13;;;10036;7;10040;24;;;10026.5;0.0
yf_MKC_d6;10100;INTARIAN_PEPPER_ROOT;11025;6;11023;24;;;11031;12;11033;18;;;11028.0;0.0
yf_MKC_d6;10200;ASH_COATED_OSMIUM;10017;21;10014;14;;;10037;7;10040;23;;;10027.0;0.0
yf_MKC_d6;10200;INTARIAN_PEPPER_ROOT;11022;16;11019;19;;;11035;14;11037;25;;;11028.5;0.0
yf_MKC_d6;10300;ASH_COATED_OSMIUM;10024;23;10022;23;;;10030;13;10033;16;;;10027.0;0.0
yf_MKC_d6;10300;INTARIAN_PEPPER_ROOT;11025;14;11021;35;;;11031;17;11035;14;;;11028.0;0.0
yf_MKC_d6;10400;ASH_COATED_OSMIUM;10024;16;10020;21;;;10030;10;10032;20;;;10027.0;0.0
yf_MKC_d6;10400;INTARIAN_PEPPER_ROOT;11024;14;11021;24;;;11030;6;11034;12;;;11027.0;0.0
yf_MKC_d6;10500;ASH_COATED_OSMIUM;10023;16;10020;19;;;10031;18;10033;19;;;10027.0;0.0
yf_MKC_d6;10500;INTARIAN_PEPPER_ROOT;11025;17;11023;18;;;11031;11;11034;17;;;11028.0;0.0
yf_MKC_d6;10600;ASH_COATED_OSMIUM;10024;27;10020;20;;;10030;16;10034;19;;;10027.0;0.0
yf_MKC_d6;10600;INTARIAN_PEPPER_ROOT;11020;17;11018;17;;;11035;12;11039;22;;;11027.5;0.0
yf_MKC_d6;10700;ASH_COATED_OSMIUM;10025;14;10023;13;;;10031;6;10034;28;;;10028.0;0.0
yf_MKC_d6;10700;INTARIAN_PEPPER_ROOT;11025;23;11022;26;;;11031;20;11033;21;;;11028.0;0.0
yf_MKC_d6;10800;ASH_COATED_OSMIUM;10013;13;10011;9;;;10043;18;10046;20;;;10028.0;0.0
yf_MKC_d6;10800;INTARIAN_PEPPER_ROOT;11025;15;11021;16;;;11031;11;11033;27;;;11028.0;0.0
yf_MKC_d6;10900;ASH_COATED_OSMIUM;10025;26;10023;22;;;10031;13;10035;12;;;10028.0;0.0
yf_MKC_d6;10900;INTARIAN_PEPPER_ROOT;11019;12;11015;22;;;11037;8;11041;20;;;11028.0;0.0
yf_MKC_d6;11000;ASH_COATED_OSMIUM;10024;19;10022;24;;;10030;18;10032;23;;;10027.0;0.0
yf_MKC_d6;11000;INTARIAN_PEPPER_ROOT;11024;9;11020;13;;;11030;13;11032;14;;;11027.0;0.0
yf_MKC_d6;11100;ASH_COATED_OSMIUM;10025;17;10021;21;;;10031;16;10033;17;;;10028.0;0.0
yf_MKC_d6;11100;INTARIAN_PEPPER_ROOT;11015;12;11013;24;;;11041;18;11045;19;;;11028.0;0.0
yf_MKC_d6;11200;ASH_COATED_OSMIUM;10025;10;10023;16;;;10031;10;10035;18;;;10028.0;0.0
yf_MKC_d6;11200;INTARIAN_PEPPER_ROOT;11024;11;11021;13;;;11030;24;11032;17;;;11027.0;0.0
yf_MKC_d6;11300;ASH_COATED_OSMIUM;10025;17;10021;17;;;10031;10;10033;22;;;10028.0;0.0
yf_MKC_d6;11300;INTARIAN_PEPPER_ROOT;11025;13;11021;22;;;11031;14;11034;20;;;11028.0;0.0
yf_MKC_d6;11400;ASH_COATED_OSMIUM;10025;21;10021;18;;;10031;8;10033;16;;;10028.0;0.0
yf_MKC_d6;11400;INTARIAN_PEPPER_ROOT;11019;19;11015;16;;;11036;11;11038;21;;;11027.5;0.0
yf_MKC_d6;11500;ASH_COATED_OSMIUM;10024;24;10021;12;;;10033;11;10035;9;;;10028.5;0.0
yf_MKC_d6;11500;INTARIAN_PEPPER_ROOT;11020;15;11017;22;;;11035;21;11037;20;;;11027.5;0.0
yf_MKC_d6;11600;ASH_COATED_OSMIUM;10024;5;10022;27;;;10032;16;10035;14;;;10028.0;0.0
yf_MKC_d6;11600;INTARIAN_PEPPER_ROOT;11021;16;11017;23;;;11034;13;11038;15;;;11027.5;0.0
yf_MKC_d6;11700;ASH_COATED_OSMIUM;10023;18;10021;13;;;10034;12;10038;25;;;10028.5;0.0
yf_MKC_d6;11700;INTARIAN_PEPPER_ROOT;11024;20;11020;15;;;11030;15;11032;17;;;11027.0;0.0
yf_MKC_d6;11800;ASH_COATED_OSMIUM;10019;11;10015;18;;;10037;9;10040;17;;;10028.0;0.0
yf_MKC_d6;11800;INTARIAN_PEPPER_ROOT;11015;8;11013;20;;;11039;15;11041;13;;;11027.0;0.0
yf_MKC_d6;11900;ASH_COATED_OSMIUM;10027;15;10024;30;;;10033;9;10036;21;;;10030.0;0.0
yf_MKC_d6;11900;INTARIAN_PEPPER_ROOT;11020;25;11017;20;;;11035;11;11039;16;;;11027.5;0.0
yf_MKC_d6;12000;ASH_COATED_OSMIUM;10026;12;10024;19;;;10032;7;10035;17;;;10029.0;0.0
yf_MKC_d6;12000;INTARIAN_PEPPER_ROOT;11023;15;11021;10;;;11032;12;11036;22;;;11027.5;0.0
yf_MKC_d6;12100;ASH_COATED_OSMIUM;10027;5;10023;21;;;10033;6;10035;17;;;10030.0;0.0
yf_MKC_d6;12100;INTARIAN_PEPPER_ROOT;11024;17;11020;18;;;11030;16;11033;19;;;11027.0;0.0
yf_MKC_d6;12200;ASH_COATED_OSMIUM;10013;7;10009;32;;;10045;8;10048;16;;;10029.0;0.0
yf_MKC_d6;12200;INTARIAN_PEPPER_ROOT;11024;16;11020;21;;;11030;11;11033;24;;;11027.0;0.0
yf_MKC_d6;12300;ASH_COATED_OSMIUM;10026;6;10024;14;;;10033;16;10035;26;;;10029.5;0.0
yf_MKC_d6;12300;INTARIAN_PEPPER_ROOT;11018;23;11016;26;;;11035;13;11039;10;;;11026.5;0.0
yf_MKC_d6;12400;ASH_COATED_OSMIUM;10026;21;10023;22;;;10032;21;10036;14;;;10029.0;0.0
yf_MKC_d6;12400;INTARIAN_PEPPER_ROOT;11021;19;11019;24;;;11032;10;11034;13;;;11026.5;0.0
yf_MKC_d6;12500;ASH_COATED_OSMIUM;10027;18;10023;23;;;10033;16;10037;25;;;10030.0;0.0
yf_MKC_d6;12500;INTARIAN_PEPPER_ROOT;11011;18;11007;19;;;11043;16;11047;22;;;11027.0;0.0
yf_MKC_d6;12600;ASH_COATED_OSMIUM;10024;5;10020;13;;;10035;5;10038;17;;;10029.5;0.0
yf_MKC_d6;12600;INTARIAN_PEPPER_ROOT;11017;9;11014;17;;;11038;20;11041;14;;;11027.5;0.0
yf_MKC_d6;12700;ASH_COATED_OSMIUM;10026;16;10023;8;;;10035;15;10039;14;;;10030.5;0.0
yf_MKC_d6;12700;INTARIAN_PEPPER_ROOT;11019;19;11017;20;;;11033;21;11036;23;;;11026.0;0.0
yf_MKC_d6;12800;ASH_COATED_OSMIUM;10024;18;10020;14;;;10036;12;10039;18;;;10030.0;0.0
yf_MKC_d6;12800;INTARIAN_PEPPER_ROOT;11008;11;11004;13;;;11045;10;11049;8;;;11026.5;0.0
yf_MKC_d6;12900;ASH_COATED_OSMIUM;10027;20;10025;16;;;10033;8;10037;13;;;10030.0;0.0
yf_MKC_d6;12900;INTARIAN_PEPPER_ROOT;11024;7;11022;17;;;11030;21;11033;17;;;11027.0;0.0
yf_MKC_d6;13000;ASH_COATED_OSMIUM;10027;12;10024;20;;;10033;15;10035;13;;;10030.0;0.0
yf_MKC_d6;13000;INTARIAN_PEPPER_ROOT;11022;11;11020;19;;;11031;23;11035;29;;;11026.5;0.0
yf_MKC_d6;13100;ASH_COATED_OSMIUM;10027;16;10025;16;;;10033;9;10036;24;;;10030.0;0.0
yf_MKC_d6;13100;INTARIAN_PEPPER_ROOT;11023;16;11019;19;;;11029;29;11031;29;;;11026.0;0.0
yf_MKC_d6;13200;ASH_COATED_OSMIUM;10027;20;10025;14;;;10035;15;10038;17;;;10031.0;0.0
yf_MKC_d6;13200;INTARIAN_PEPPER_ROOT;11024;14;11022;17;;;11030;19;11032;14;;;11027.0;0.0
yf_MKC_d6;13300;ASH_COATED_OSMIUM;10024;22;10022;12;;;10037;9;10041;19;;;10030.5;0.0
yf_MKC_d6;13300;INTARIAN_PEPPER_ROOT;11023;25;11019;23;;;11029;15;11033;18;;;11026.0;0.0
yf_MKC_d6;13400;ASH_COATED_OSMIUM;10028;21;10024;18;;;10034;13;10038;23;;;10031.0;0.0
yf_MKC_d6;13400;INTARIAN_PEPPER_ROOT;11024;12;11022;24;;;11030;20;11032;27;;;11027.0;0.0
yf_MKC_d6;13500;ASH_COATED_OSMIUM;10028;17;10026;20;;;10034;5;10038;21;;;10031.0;0.0
yf_MKC_d6;13500;INTARIAN_PEPPER_ROOT;11024;17;11022;20;;;11030;21;11033;33;;;11027.0;0.0
yf_MKC_d6;13600;ASH_COATED_OSMIUM;10028;22;10026;23;;;10035;22;10037;20;;;10031.5;0.0
yf_MKC_d6;13600;INTARIAN_PEPPER_ROOT;11023;12;11020;18;;;11029;23;11031;24;;;11026.0;0.0
yf_MKC_d6;13700;ASH_COATED_OSMIUM;10023;21;10021;24;;;10038;22;10041;17;;;10030.5;0.0
yf_MKC_d6;13700;INTARIAN_PEPPER_ROOT;11023;12;11019;14;;;11029;19;11033;8;;;11026.0;0.0
yf_MKC_d6;13800;ASH_COATED_OSMIUM;10028;18;10024;20;;;10034;16;10037;16;;;10031.0;0.0
yf_MKC_d6;13800;INTARIAN_PEPPER_ROOT;11023;9;11021;24;;;11031;19;11035;24;;;11027.0;0.0
yf_MKC_d6;13900;ASH_COATED_OSMIUM;10028;5;10026;20;;;10034;22;10036;28;;;10031.0;0.0
yf_MKC_d6;13900;INTARIAN_PEPPER_ROOT;11023;12;11021;17;;;11031;16;11034;19;;;11027.0;0.0
yf_MKC_d6;14000;ASH_COATED_OSMIUM;10028;14;10026;28;;;10034;8;10038;20;;;10031.0;0.0
yf_MKC_d6;14000;INTARIAN_PEPPER_ROOT;11022;12;11020;17;;;11031;21;11033;27;;;11026.5;0.0
yf_MKC_d6;14100;ASH_COATED_OSMIUM;10028;23;10024;18;;;10034;18;10038;24;;;10031.0;0.0
yf_MKC_d6;14100;INTARIAN_PEPPER_ROOT;11023;16;11020;17;;;11029;10;11032;16;;;11026.0;0.0
yf_MKC_d6;14200;ASH_COATED_OSMIUM;10020;17;10017;13;;;10043;13;10047;14;;;10031.5;0.0
yf_MKC_d6;14200;INTARIAN_PEPPER_ROOT;11021;17;11018;11;;;11032;18;11034;22;;;11026.5;0.0
yf_MKC_d6;14300;ASH_COATED_OSMIUM;10029;12;10026;12;;;10035;22;10038;21;;;10032.0;0.0
yf_MKC_d6;14300;INTARIAN_PEPPER_ROOT;11021;19;11019;14;;;11032;22;11035;24;;;11026.5;0.0
yf_MKC_d6;14400;ASH_COATED_OSMIUM;10023;10;10020;16;;;10039;5;10043;22;;;10031.0;0.0
yf_MKC_d6;14400;INTARIAN_PEPPER_ROOT;11023;16;11019;17;;;11029;5;11031;20;;;11026.0;0.0
yf_MKC_d6;14500;ASH_COATED_OSMIUM;10029;21;10026;25;;;10035;19;10037;25;;;10032.0;0.0
yf_MKC_d6;14500;INTARIAN_PEPPER_ROOT;11023;5;11021;18;;;11029;7;11033;28;;;11026.0;0.0
yf_MKC_d6;14600;ASH_COATED_OSMIUM;10029;18;10025;14;;;10035;12;10039;18;;;10032.0;0.0
yf_MKC_d6;14600;INTARIAN_PEPPER_ROOT;11023;11;11020;17;;;11029;19;11033;15;;;11026.0;0.0
yf_MKC_d6;14700;ASH_COATED_OSMIUM;10029;15;10026;26;;;10035;11;10038;20;;;10032.0;0.0
yf_MKC_d6;14700;INTARIAN_PEPPER_ROOT;11023;16;11020;21;;;11029;10;11032;20;;;11026.0;0.0
yf_MKC_d6;14800;ASH_COATED_OSMIUM;10029;7;10027;20;;;10035;15;10037;14;;;10032.0;0.0
yf_MKC_d6;14800;INTARIAN_PEPPER_ROOT;11024;11;11020;26;;;11030;15;11033;10;;;11027.0;0.0
yf_MKC_d6;14900;ASH_COATED_OSMIUM;10030;17;10028;19;;;10036;8;10038;25;;;10033.0;0.0
yf_MKC_d6;14900;INTARIAN_PEPPER_ROOT;11023;13;11019;21;;;11029;11;11031;19;;;11026.0;0.0
yf_MKC_d6;15000;ASH_COATED_OSMIUM;10029;19;10025;21;;;10037;21;10039;26;;;10033.0;0.0
yf_MKC_d6;15000;INTARIAN_PEPPER_ROOT;11018;13;11016;19;;;11034;18;11038;18;;;11026.0;0.0
yf_MKC_d6;15100;ASH_COATED_OSMIUM;10029;19;10025;18;;;10035;14;10038;16;;;10032.0;0.0
yf_MKC_d6;15100;INTARIAN_PEPPER_ROOT;11021;15;11017;10;;;11030;16;11033;24;;;11025.5;0.0
yf_MKC_d6;15200;ASH_COATED_OSMIUM;10030;7;10028;18;;;10036;14;10040;19;;;10033.0;0.0
yf_MKC_d6;15200;INTARIAN_PEPPER_ROOT;11022;11;11020;21;;;11028;10;11030;25;;;11025.0;0.0
yf_MKC_d6;15300;ASH_COATED_OSMIUM;10030;14;10028;20;;;10036;13;10039;12;;;10033.0;0.0
yf_MKC_d6;15300;INTARIAN_PEPPER_ROOT;11023;5;11021;21;;;11029;17;11031;20;;;11026.0;0.0
yf_MKC_d6;15400;ASH_COATED_OSMIUM;10030;16;10026;20;;;10036;14;10039;17;;;10033.0;0.0
yf_MKC_d6;15400;INTARIAN_PEPPER_ROOT;11018;5;11016;23;;;11032;11;11036;17;;;11025.0;0.0
yf_MKC_d6;15500;ASH_COATED_OSMIUM;10028;14;10026;15;;;10039;7;10041;21;;;10033.5;0.0
yf_MKC_d6;15500;INTARIAN_PEPPER_ROOT;11023;6;11019;18;;;11029;23;11031;23;;;11026.0;0.0
yf_MKC_d6;15600;ASH_COATED_OSMIUM;10028;17;10025;19;;;10038;19;10040;29;;;10033.0;0.0
yf_MKC_d6;15600;INTARIAN_PEPPER_ROOT;11023;14;11021;21;;;11029;23;11031;15;;;11026.0;0.0
yf_MKC_d6;15700;ASH_COATED_OSMIUM;10030;11;10027;20;;;10036;16;10040;22;;;10033.0;0.0
yf_MKC_d6;15700;INTARIAN_PEPPER_ROOT;11023;18;11019;23;;;11029;10;11031;16;;;11026.0;0.0
yf_MKC_d6;15800;ASH_COATED_OSMIUM;10031;14;10027;26;;;10037;16;10039;16;;;10034.0;0.0
yf_MKC_d6;15800;INTARIAN_PEPPER_ROOT;11016;9;11012;29;;;11036;7;11040;17;;;11026.0;0.0
yf_MKC_d6;15900;ASH_COATED_OSMIUM;10031;11;10028;26;;;10037;14;10040;22;;;10034.0;0.0
yf_MKC_d6;15900;INTARIAN_PEPPER_ROOT;11023;18;11021;19;;;11029;15;11031;20;;;11026.0;0.0
yf_MKC_d6;16000;ASH_COATED_OSMIUM;10031;10;10027;14;;;10037;10;10041;27;;;10034.0;0.0
yf_MKC_d6;16000;INTARIAN_PEPPER_ROOT;11023;10;11021;25;;;11029;18;11032;18;;;11026.0;0.0
yf_MKC_d6;16100;ASH_COATED_OSMIUM;10031;19;10029;21;;;10037;19;10040;22;;;10034.0;0.0
yf_MKC_d6;16100;INTARIAN_PEPPER_ROOT;11023;9;11021;15;;;11029;9;11032;20;;;11026.0;0.0
yf_MKC_d6;16200;ASH_COATED_OSMIUM;10031;17;10027;22;;;10037;5;10041;27;;;10034.0;0.0
yf_MKC_d6;16200;INTARIAN_PEPPER_ROOT;11022;15;11019;22;;;11028;16;11030;16;;;11025.0;0.0
yf_MKC_d6;16300;ASH_COATED_OSMIUM;10031;14;10028;23;;;10038;12;10042;14;;;10034.5;0.0
yf_MKC_d6;16300;INTARIAN_PEPPER_ROOT;11022;16;11018;18;;;11028;17;11031;17;;;11025.0;0.0
yf_MKC_d6;16400;ASH_COATED_OSMIUM;10030;14;10027;25;;;10039;17;10042;17;;;10034.5;0.0
yf_MKC_d6;16400;INTARIAN_PEPPER_ROOT;11022;14;11020;18;;;11028;21;11030;31;;;11025.0;0.0
yf_MKC_d6;16500;ASH_COATED_OSMIUM;10031;5;10029;33;;;10038;18;10040;33;;;10034.5;0.0
yf_MKC_d6;16500;INTARIAN_PEPPER_ROOT;11015;8;11013;25;;;11033;9;11035;14;;;11024.0;0.0
yf_MKC_d6;16600;ASH_COATED_OSMIUM;10031;12;10028;13;;;10037;10;10040;28;;;10034.0;0.0
yf_MKC_d6;16600;INTARIAN_PEPPER_ROOT;11022;5;11019;24;;;11028;9;11031;18;;;11025.0;0.0
yf_MKC_d6;16700;ASH_COATED_OSMIUM;10032;15;10029;22;;;10038;21;10041;29;;;10035.0;0.0
yf_MKC_d6;16700;INTARIAN_PEPPER_ROOT;11018;11;11014;18;;;11033;23;11036;8;;;11025.5;0.0
yf_MKC_d6;16800;ASH_COATED_OSMIUM;10023;17;10020;19;;;10046;21;10049;26;;;10034.5;0.0
yf_MKC_d6;16800;INTARIAN_PEPPER_ROOT;11022;14;11019;11;;;11028;7;11031;29;;;11025.0;0.0
yf_MKC_d6;16900;ASH_COATED_OSMIUM;10031;18;10028;20;;;10037;10;10039;15;;;10034.0;0.0
yf_MKC_d6;16900;INTARIAN_PEPPER_ROOT;11021;14;11018;19;;;11029;13;11032;18;;;11025.0;0.0
yf_MKC_d6;17000;ASH_COATED_OSMIUM;10032;21;10029;25;;;10038;22;10041;26;;;10035.0;0.0
yf_MKC_d6;17000;INTARIAN_PEPPER_ROOT;11021;15;11018;17;;;11027;21;11031;12;;;11024.0;0.0
yf_MKC_d6;17100;ASH_COATED_OSMIUM;10032;13;10030;25;;;10038;14;10042;28;;;10035.0;0.0
yf_MKC_d6;17100;INTARIAN_PEPPER_ROOT;11018;16;11014;18;;;11024;9;11028;10;;;11021.0;0.0
yf_MKC_d6;17200;ASH_COATED_OSMIUM;10014;10;10011;12;;;10054;16;10057;17;;;10034.0;0.0
yf_MKC_d6;17200;INTARIAN_PEPPER_ROOT;11016;10;11014;21;;;11022;13;11026;26;;;11019.0;0.0
yf_MKC_d6;17300;ASH_COATED_OSMIUM;10017;18;10013;9;;;10051;14;10055;17;;;10034.0;0.0
yf_MKC_d6;17300;INTARIAN_PEPPER_ROOT;11014;19;11010;17;;;11020;24;11023;23;;;11017.0;0.0
yf_MKC_d6;17400;ASH_COATED_OSMIUM;10032;14;10029;15;;;10038;22;10042;22;;;10035.0;0.0
yf_MKC_d6;17400;INTARIAN_PEPPER_ROOT;11012;16;11010;17;;;11018;13;11020;18;;;11015.0;0.0
yf_MKC_d6;17500;ASH_COATED_OSMIUM;10027;13;10024;22;;;10042;21;10044;23;;;10034.5;0.0
yf_MKC_d6;17500;INTARIAN_PEPPER_ROOT;11009;18;11007;20;;;11015;17;11018;24;;;11012.0;0.0
yf_MKC_d6;17600;ASH_COATED_OSMIUM;10022;12;10019;14;;;10047;17;10050;21;;;10034.5;0.0
yf_MKC_d6;17600;INTARIAN_PEPPER_ROOT;11007;10;11003;18;;;11013;14;11016;14;;;11010.0;0.0
yf_MKC_d6;17700;ASH_COATED_OSMIUM;10026;13;10024;20;;;10043;5;10045;28;;;10034.5;0.0
yf_MKC_d6;17700;INTARIAN_PEPPER_ROOT;11005;18;11002;15;;;11011;17;11013;25;;;11008.0;0.0
yf_MKC_d6;17800;ASH_COATED_OSMIUM;10025;19;10022;12;;;10044;18;10046;19;;;10034.5;0.0
yf_MKC_d6;17800;INTARIAN_PEPPER_ROOT;11001;14;10998;26;;;11011;11;11013;25;;;11006.0;0.0
yf_MKC_d6;17900;ASH_COATED_OSMIUM;10031;15;10027;23;;;10037;10;10040;12;;;10034.0;0.0
yf_MKC_d6;17900;INTARIAN_PEPPER_ROOT;11001;23;10997;26;;;11007;20;11009;23;;;11004.0;0.0
yf_MKC_d6;18000;ASH_COATED_OSMIUM;10029;23;10027;16;;;10039;15;10043;21;;;10034.0;0.0
yf_MKC_d6;18000;INTARIAN_PEPPER_ROOT;10998;20;10994;13;;;11004;6;11006;25;;;11001.0;0.0
yf_MKC_d6;18100;ASH_COATED_OSMIUM;10031;5;10027;16;;;10037;22;10039;13;;;10034.0;0.0
yf_MKC_d6;18100;INTARIAN_PEPPER_ROOT;10994;23;10990;23;;;11004;14;11008;22;;;10999.0;0.0
yf_MKC_d6;18200;ASH_COATED_OSMIUM;10026;21;10024;12;;;10042;14;10046;12;;;10034.0;0.0
yf_MKC_d6;18200;INTARIAN_PEPPER_ROOT;10990;12;10987;11;;;11004;5;11006;23;;;10997.0;0.0
yf_MKC_d6;18300;ASH_COATED_OSMIUM;10030;15;10026;19;;;10038;15;10042;24;;;10034.0;0.0
yf_MKC_d6;18300;INTARIAN_PEPPER_ROOT;10986;11;10982;21;;;11003;10;11006;18;;;10994.5;0.0
yf_MKC_d6;18400;ASH_COATED_OSMIUM;10031;11;10028;20;;;10037;11;10039;18;;;10034.0;0.0
yf_MKC_d6;18400;INTARIAN_PEPPER_ROOT;10989;5;10985;18;;;10995;21;10998;18;;;10992.0;0.0
yf_MKC_d6;18500;ASH_COATED_OSMIUM;10023;7;10021;22;;;10045;10;10048;24;;;10034.0;0.0
yf_MKC_d6;18500;INTARIAN_PEPPER_ROOT;10987;19;10983;12;;;10993;13;10995;21;;;10990.0;0.0
yf_MKC_d6;18600;ASH_COATED_OSMIUM;10025;15;10021;32;;;10042;9;10046;10;;;10033.5;0.0
yf_MKC_d6;18600;INTARIAN_PEPPER_ROOT;10984;18;10982;14;;;10992;15;10994;18;;;10988.0;0.0
yf_MKC_d6;18700;ASH_COATED_OSMIUM;10031;17;10028;25;;;10037;8;10040;8;;;10034.0;0.0
yf_MKC_d6;18700;INTARIAN_PEPPER_ROOT;10982;23;10980;23;;;10988;10;10991;25;;;10985.0;0.0
yf_MKC_d6;18800;ASH_COATED_OSMIUM;10029;12;10026;22;;;10039;10;10042;18;;;10034.0;0.0
yf_MKC_d6;18800;INTARIAN_PEPPER_ROOT;10981;9;10979;13;;;10987;20;10991;22;;;10984.0;0.0
yf_MKC_d6;18900;ASH_COATED_OSMIUM;10024;9;10021;17;;;10042;22;10046;21;;;10033.0;0.0
yf_MKC_d6;18900;INTARIAN_PEPPER_ROOT;10978;16;10974;14;;;10984;11;10987;27;;;10981.0;0.0
yf_MKC_d6;19000;ASH_COATED_OSMIUM;10030;17;10027;15;;;10036;8;10039;14;;;10033.0;0.0
yf_MKC_d6;19000;INTARIAN_PEPPER_ROOT;10976;10;10974;26;;;10983;13;10986;16;;;10979.5;0.0
yf_MKC_d6;19100;ASH_COATED_OSMIUM;10030;11;10027;29;;;10037;6;10040;24;;;10033.5;0.0
yf_MKC_d6;19100;INTARIAN_PEPPER_ROOT;10974;9;10971;20;;;10980;13;10983;16;;;10977.0;0.0
yf_MKC_d6;19200;ASH_COATED_OSMIUM;10030;19;10028;25;;;10036;17;10038;19;;;10033.0;0.0
yf_MKC_d6;19200;INTARIAN_PEPPER_ROOT;10971;9;10969;22;;;10977;18;10979;12;;;10974.0;0.0
yf_MKC_d6;19300;ASH_COATED_OSMIUM;10030;8;10026;19;;;10036;26;10038;19;;;10033.0;0.0
yf_MKC_d6;19300;INTARIAN_PEPPER_ROOT;10969;20;10965;16;;;10975;15;10978;10;;;10972.0;0.0
yf_MKC_d6;19400;ASH_COATED_OSMIUM;10030;8;10026;13;;;10037;12;10039;14;;;10033.5;0.0
yf_MKC_d6;19400;INTARIAN_PEPPER_ROOT;10967;13;10964;12;;;10973;15;10977;8;;;10970.0;0.0
yf_MKC_d6;19500;ASH_COATED_OSMIUM;10030;17;10028;22;;;10036;17;10040;33;;;10033.0;0.0
yf_MKC_d6;19500;INTARIAN_PEPPER_ROOT;10964;9;10962;17;;;10970;14;10973;18;;;10967.0;0.0
yf_MKC_d6;19600;ASH_COATED_OSMIUM;10030;10;10028;10;;;10036;15;10040;19;;;10033.0;0.0
yf_MKC_d6;19600;INTARIAN_PEPPER_ROOT;10962;13;10960;25;;;10968;21;10972;24;;;10965.0;0.0
yf_MKC_d6;19700;ASH_COATED_OSMIUM;10028;18;10025;19;;;10037;16;10040;26;;;10032.5;0.0
yf_MKC_d6;19700;INTARIAN_PEPPER_ROOT;10960;28;10958;17;;;10966;13;10968;23;;;10963.0;0.0
yf_MKC_d6;19800;ASH_COATED_OSMIUM;10030;15;10027;20;;;10036;24;10039;10;;;10033.0;0.0
yf_MKC_d6;19800;INTARIAN_PEPPER_ROOT;10958;21;10955;20;;;10964;11;10966;21;;;10961.0;0.0
yf_MKC_d6;19900;ASH_COATED_OSMIUM;10030;19;10027;16;;;10036;22;10040;21;;;10033.0;0.0
yf_MKC_d6;19900;INTARIAN_PEPPER_ROOT;10953;21;10949;16;;;10963;17;10966;25;;;10958.0;0.0
yf_MKC_d6;20000;ASH_COATED_OSMIUM;10030;15;10027;18;;;10036;16;10038;13;;;10033.0;0.0
yf_MKC_d6;20000;INTARIAN_PEPPER_ROOT;10953;6;10950;21;;;10959;15;10961;18;;;10956.0;0.0
yf_MKC_d6;20100;ASH_COATED_OSMIUM;10030;12;10028;17;;;10036;13;10040;20;;;10033.0;0.0
yf_MKC_d6;20100;INTARIAN_PEPPER_ROOT;10951;14;10947;21;;;10957;14;10960;22;;;10954.0;0.0
yf_MKC_d6;20200;ASH_COATED_OSMIUM;10029;12;10025;18;;;10035;14;10039;20;;;10032.0;0.0
yf_MKC_d6;20200;INTARIAN_PEPPER_ROOT;10949;13;10945;9;;;10955;21;10958;19;;;10952.0;0.0
yf_MKC_d6;20300;ASH_COATED_OSMIUM;10028;11;10025;13;;;10038;19;10041;22;;;10033.0;0.0
yf_MKC_d6;20300;INTARIAN_PEPPER_ROOT;10946;13;10944;18;;;10952;11;10955;23;;;10949.0;0.0
yf_MKC_d6;20400;ASH_COATED_OSMIUM;10030;5;10028;17;;;10036;8;10040;19;;;10033.0;0.0
yf_MKC_d6;20400;INTARIAN_PEPPER_ROOT;10943;14;10939;12;;;10951;22;10953;15;;;10947.0;0.0
yf_MKC_d6;20500;ASH_COATED_OSMIUM;10030;13;10027;17;;;10036;25;10038;18;;;10033.0;0.0
yf_MKC_d6;20500;INTARIAN_PEPPER_ROOT;10942;12;10938;30;;;10948;8;10952;18;;;10945.0;0.0
yf_MKC_d6;20600;ASH_COATED_OSMIUM;10030;11;10026;18;;;10036;8;10038;15;;;10033.0;0.0
yf_MKC_d6;20600;INTARIAN_PEPPER_ROOT;10940;20;10937;15;;;10946;17;10949;19;;;10943.0;0.0
yf_MKC_d6;20700;ASH_COATED_OSMIUM;10023;12;10020;8;;;10042;12;10044;20;;;10032.5;0.0
yf_MKC_d6;20700;INTARIAN_PEPPER_ROOT;10937;17;10933;20;;;10943;11;10945;23;;;10940.0;0.0
yf_MKC_d6;20800;ASH_COATED_OSMIUM;10029;15;10025;16;;;10035;16;10038;20;;;10032.0;0.0
yf_MKC_d6;20800;INTARIAN_PEPPER_ROOT;10935;14;10932;17;;;10941;17;10944;21;;;10938.0;0.0
yf_MKC_d6;20900;ASH_COATED_OSMIUM;10021;17;10018;24;;;10043;18;10047;16;;;10032.0;0.0
yf_MKC_d6;20900;INTARIAN_PEPPER_ROOT;10927;16;10923;20;;;10945;18;10949;17;;;10936.0;0.0
yf_MKC_d6;21000;ASH_COATED_OSMIUM;10029;12;10027;11;;;10035;17;10039;16;;;10032.0;0.0
yf_MKC_d6;21000;INTARIAN_PEPPER_ROOT;10930;15;10928;13;;;10937;22;10940;22;;;10933.5;0.0
yf_MKC_d6;21100;ASH_COATED_OSMIUM;10024;17;10021;19;;;10040;18;10043;30;;;10032.0;0.0
yf_MKC_d6;21100;INTARIAN_PEPPER_ROOT;10914;14;10911;23;;;10949;16;10953;29;;;10931.5;0.0
yf_MKC_d6;21200;ASH_COATED_OSMIUM;10022;24;10018;9;;;10043;8;10046;19;;;10032.5;0.0
yf_MKC_d6;21200;INTARIAN_PEPPER_ROOT;10926;23;10923;18;;;10932;12;10936;21;;;10929.0;0.0
yf_MKC_d6;21300;ASH_COATED_OSMIUM;10029;14;10026;17;;;10036;10;10038;24;;;10032.5;0.0
yf_MKC_d6;21300;INTARIAN_PEPPER_ROOT;10924;19;10922;26;;;10930;11;10933;24;;;10927.0;0.0
yf_MKC_d6;21400;ASH_COATED_OSMIUM;10026;20;10023;21;;;10039;15;10041;13;;;10032.5;0.0
yf_MKC_d6;21400;INTARIAN_PEPPER_ROOT;10920;10;10917;20;;;10928;12;10930;24;;;10924.0;0.0
yf_MKC_d6;21500;ASH_COATED_OSMIUM;10029;6;10025;30;;;10035;22;10038;25;;;10032.0;0.0
yf_MKC_d6;21500;INTARIAN_PEPPER_ROOT;10917;5;10913;15;;;10929;10;10933;23;;;10923.0;0.0
yf_MKC_d6;21600;ASH_COATED_OSMIUM;10029;14;10025;18;;;10035;6;10038;14;;;10032.0;0.0
yf_MKC_d6;21600;INTARIAN_PEPPER_ROOT;10917;10;10915;22;;;10923;15;10927;27;;;10920.0;0.0
yf_MKC_d6;21700;ASH_COATED_OSMIUM;10029;16;10026;11;;;10035;13;10037;26;;;10032.0;0.0
yf_MKC_d6;21700;INTARIAN_PEPPER_ROOT;10914;15;10910;23;;;10920;11;10922;21;;;10917.0;0.0
yf_MKC_d6;21800;ASH_COATED_OSMIUM;10029;24;10027;21;;;10035;6;10038;28;;;10032.0;0.0
yf_MKC_d6;21800;INTARIAN_PEPPER_ROOT;10912;27;10908;21;;;10918;30;10921;30;;;10915.0;0.0
yf_MKC_d6;21900;ASH_COATED_OSMIUM;10026;10;10022;27;;;10039;7;10041;23;;;10032.5;0.0
yf_MKC_d6;21900;INTARIAN_PEPPER_ROOT;10911;24;10908;21;;;10917;15;10920;24;;;10914.0;0.0
yf_MKC_d6;22000;ASH_COATED_OSMIUM;10028;17;10024;19;;;10036;12;10038;25;;;10032.0;0.0
yf_MKC_d6;22000;INTARIAN_PEPPER_ROOT;10908;20;10906;24;;;10914;17;10917;17;;;10911.0;0.0
yf_MKC_d6;22100;ASH_COATED_OSMIUM;10029;18;10026;24;;;10035;13;10037;28;;;10032.0;0.0
yf_MKC_d6;22100;INTARIAN_PEPPER_ROOT;10902;13;10899;20;;;10915;24;10919;25;;;10908.5;0.0
yf_MKC_d6;22200;ASH_COATED_OSMIUM;10028;11;10024;21;;;10034;12;10036;16;;;10031.0;0.0
yf_MKC_d6;22200;INTARIAN_PEPPER_ROOT;10903;10;10899;14;;;10909;24;10913;19;;;10906.0;0.0
yf_MKC_d6;22300;ASH_COATED_OSMIUM;10029;21;10026;19;;;10035;19;10039;19;;;10032.0;0.0
yf_MKC_d6;22300;INTARIAN_PEPPER_ROOT;10901;16;10897;16;;;10907;16;10910;20;;;10904.0;0.0
yf_MKC_d6;22400;ASH_COATED_OSMIUM;10029;13;10027;21;;;10036;20;10040;19;;;10032.5;0.0
yf_MKC_d6;22400;INTARIAN_PEPPER_ROOT;10899;23;10895;17;;;10905;11;10908;18;;;10902.0;0.0
yf_MKC_d6;22500;ASH_COATED_OSMIUM;10014;19;10011;17;;;10050;21;10054;15;;;10032.0;0.0
yf_MKC_d6;22500;INTARIAN_PEPPER_ROOT;10887;19;10884;22;;;10912;12;10914;11;;;10899.5;0.0
yf_MKC_d6;22600;ASH_COATED_OSMIUM;10029;14;10025;20;;;10035;12;10039;24;;;10032.0;0.0
yf_MKC_d6;22600;INTARIAN_PEPPER_ROOT;10894;11;10890;18;;;10900;15;10902;21;;;10897.0;0.0
yf_MKC_d6;22700;ASH_COATED_OSMIUM;10029;20;10026;14;;;10035;19;10037;9;;;10032.0;0.0
yf_MKC_d6;22700;INTARIAN_PEPPER_ROOT;10892;15;10888;16;;;10898;10;10900;20;;;10895.0;0.0
yf_MKC_d6;22800;ASH_COATED_OSMIUM;10028;22;10026;35;;;10034;12;10037;11;;;10031.0;0.0
yf_MKC_d6;22800;INTARIAN_PEPPER_ROOT;10890;5;10888;13;;;10896;12;10898;18;;;10893.0;0.0
yf_MKC_d6;22900;ASH_COATED_OSMIUM;10029;11;10026;19;;;10035;12;10038;19;;;10032.0;0.0
yf_MKC_d6;22900;INTARIAN_PEPPER_ROOT;10888;18;10885;22;;;10894;20;10896;26;;;10891.0;0.0
yf_MKC_d6;23000;ASH_COATED_OSMIUM;10029;5;10026;32;;;10035;16;10038;28;;;10032.0;0.0
yf_MKC_d6;23000;INTARIAN_PEPPER_ROOT;10885;14;10883;23;;;10891;18;10894;28;;;10888.0;0.0
yf_MKC_d6;23100;ASH_COATED_OSMIUM;10025;22;10021;23;;;10037;22;10041;13;;;10031.0;0.0
yf_MKC_d6;23100;INTARIAN_PEPPER_ROOT;10883;11;10880;9;;;10889;16;10891;16;;;10886.0;0.0
yf_MKC_d6;23200;ASH_COATED_OSMIUM;10028;16;10026;13;;;10034;12;10036;17;;;10031.0;0.0
yf_MKC_d6;23200;INTARIAN_PEPPER_ROOT;10874;13;10870;8;;;10893;7;10895;20;;;10883.5;0.0
yf_MKC_d6;23300;ASH_COATED_OSMIUM;10028;19;10025;19;;;10034;7;10036;15;;;10031.0;0.0
yf_MKC_d6;23300;INTARIAN_PEPPER_ROOT;10879;18;10875;20;;;10885;25;10889;21;;;10882.0;0.0
yf_MKC_d6;23400;ASH_COATED_OSMIUM;10027;21;10025;19;;;10033;19;10035;22;;;10030.0;0.0
yf_MKC_d6;23400;INTARIAN_PEPPER_ROOT;10876;9;10874;26;;;10882;20;10886;14;;;10879.0;0.0
yf_MKC_d6;23500;ASH_COATED_OSMIUM;10018;12;10016;23;;;10044;17;10048;20;;;10031.0;0.0
yf_MKC_d6;23500;INTARIAN_PEPPER_ROOT;10874;15;10870;25;;;10881;6;10884;16;;;10877.5;0.0
yf_MKC_d6;23600;ASH_COATED_OSMIUM;10020;17;10018;29;;;10042;5;10044;23;;;10031.0;0.0
yf_MKC_d6;23600;INTARIAN_PEPPER_ROOT;10871;17;10868;20;;;10879;7;10881;21;;;10875.0;0.0
yf_MKC_d6;23700;ASH_COATED_OSMIUM;10029;17;10026;19;;;10035;19;10037;26;;;10032.0;0.0
yf_MKC_d6;23700;INTARIAN_PEPPER_ROOT;10858;14;10856;22;;;10887;13;10889;12;;;10872.5;0.0
yf_MKC_d6;23800;ASH_COATED_OSMIUM;10020;14;10018;17;;;10043;17;10045;19;;;10031.5;0.0
yf_MKC_d6;23800;INTARIAN_PEPPER_ROOT;10868;11;10865;15;;;10874;13;10877;23;;;10871.0;0.0
yf_MKC_d6;23900;ASH_COATED_OSMIUM;10028;8;10026;20;;;10034;17;10036;13;;;10031.0;0.0
yf_MKC_d6;23900;INTARIAN_PEPPER_ROOT;10865;23;10861;17;;;10872;11;10876;8;;;10868.5;0.0
yf_MKC_d6;24000;ASH_COATED_OSMIUM;10028;13;10025;24;;;10034;12;10036;24;;;10031.0;0.0
yf_MKC_d6;24000;INTARIAN_PEPPER_ROOT;10863;19;10861;18;;;10869;10;10871;31;;;10866.0;0.0
yf_MKC_d6;24100;ASH_COATED_OSMIUM;10027;15;10025;15;;;10034;19;10037;19;;;10030.5;0.0
yf_MKC_d6;24100;INTARIAN_PEPPER_ROOT;10861;16;10858;18;;;10868;13;10871;28;;;10864.5;0.0
yf_MKC_d6;24200;ASH_COATED_OSMIUM;10028;19;10024;22;;;10034;9;10037;19;;;10031.0;0.0
yf_MKC_d6;24200;INTARIAN_PEPPER_ROOT;10853;19;10851;19;;;10870;20;10872;14;;;10861.5;0.0
yf_MKC_d6;24300;ASH_COATED_OSMIUM;10028;17;10026;16;;;10034;14;10038;21;;;10031.0;0.0
yf_MKC_d6;24300;INTARIAN_PEPPER_ROOT;10856;13;10853;16;;;10862;6;10865;8;;;10859.0;0.0
yf_MKC_d6;24400;ASH_COATED_OSMIUM;10027;8;10024;26;;;10033;18;10035;17;;;10030.0;0.0
yf_MKC_d6;24400;INTARIAN_PEPPER_ROOT;10853;15;10851;27;;;10859;5;10863;22;;;10856.0;0.0
yf_MKC_d6;24500;ASH_COATED_OSMIUM;10028;23;10025;23;;;10034;22;10038;14;;;10031.0;0.0
yf_MKC_d6;24500;INTARIAN_PEPPER_ROOT;10848;14;10845;19;;;10862;13;10864;21;;;10855.0;0.0
yf_MKC_d6;24600;ASH_COATED_OSMIUM;10027;16;10023;19;;;10033;17;10036;12;;;10030.0;0.0
yf_MKC_d6;24600;INTARIAN_PEPPER_ROOT;10831;12;10828;23;;;10874;12;10876;19;;;10852.5;0.0
yf_MKC_d6;24700;ASH_COATED_OSMIUM;10028;24;10026;18;;;10034;6;10036;16;;;10031.0;0.0
yf_MKC_d6;24700;INTARIAN_PEPPER_ROOT;10842;11;10839;20;;;10857;14;10861;13;;;10849.5;0.0
yf_MKC_d6;24800;ASH_COATED_OSMIUM;10016;19;10014;20;;;10044;15;10048;14;;;10030.0;0.0
yf_MKC_d6;24800;INTARIAN_PEPPER_ROOT;10845;15;10841;19;;;10851;14;10853;25;;;10848.0;0.0
yf_MKC_d6;24900;ASH_COATED_OSMIUM;10027;10;10025;21;;;10033;16;10036;8;;;10030.0;0.0
yf_MKC_d6;24900;INTARIAN_PEPPER_ROOT;10843;14;10839;14;;;10849;13;10853;14;;;10846.0;0.0
yf_MKC_d6;25000;ASH_COATED_OSMIUM;10017;5;10015;14;;;10044;16;10048;15;;;10030.5;0.0
yf_MKC_d6;25000;INTARIAN_PEPPER_ROOT;10840;14;10836;25;;;10846;10;10848;24;;;10843.0;0.0
yf_MKC_d6;25100;ASH_COATED_OSMIUM;10027;9;10024;19;;;10033;20;10037;25;;;10030.0;0.0
yf_MKC_d6;25100;INTARIAN_PEPPER_ROOT;10835;19;10832;20;;;10846;24;10849;14;;;10840.5;0.0
yf_MKC_d6;25200;ASH_COATED_OSMIUM;10027;10;10024;22;;;10033;24;10036;24;;;10030.0;0.0
yf_MKC_d6;25200;INTARIAN_PEPPER_ROOT;10836;17;10832;25;;;10842;14;10844;22;;;10839.0;0.0
yf_MKC_d6;25300;ASH_COATED_OSMIUM;10027;15;10025;18;;;10033;9;10035;18;;;10030.0;0.0
yf_MKC_d6;25300;INTARIAN_PEPPER_ROOT;10833;24;10830;15;;;10839;7;10843;22;;;10836.0;0.0
yf_MKC_d6;25400;ASH_COATED_OSMIUM;10027;18;10024;20;;;10033;12;10037;22;;;10030.0;0.0
yf_MKC_d6;25400;INTARIAN_PEPPER_ROOT;10825;26;10822;18;;;10842;18;10845;16;;;10833.5;0.0
yf_MKC_d6;25500;ASH_COATED_OSMIUM;10027;11;10024;21;;;10033;14;10036;25;;;10030.0;0.0
yf_MKC_d6;25500;INTARIAN_PEPPER_ROOT;10821;21;10817;17;;;10843;10;10846;18;;;10832.0;0.0
yf_MKC_d6;25600;ASH_COATED_OSMIUM;10025;12;10023;23;;;10034;15;10038;26;;;10029.5;0.0
yf_MKC_d6;25600;INTARIAN_PEPPER_ROOT;10827;18;10823;30;;;10833;13;10835;12;;;10830.0;0.0
yf_MKC_d6;25700;ASH_COATED_OSMIUM;10023;12;10020;23;;;10036;25;10040;26;;;10029.5;0.0
yf_MKC_d6;25700;INTARIAN_PEPPER_ROOT;10819;18;10816;25;;;10834;16;10838;24;;;10826.5;0.0
yf_MKC_d6;25800;ASH_COATED_OSMIUM;10023;9;10020;15;;;10036;21;10038;11;;;10029.5;0.0
yf_MKC_d6;25800;INTARIAN_PEPPER_ROOT;10822;20;10819;12;;;10828;10;10832;20;;;10825.0;0.0
yf_MKC_d6;25900;ASH_COATED_OSMIUM;10026;19;10024;12;;;10032;22;10036;33;;;10029.0;0.0
yf_MKC_d6;25900;INTARIAN_PEPPER_ROOT;10819;13;10815;22;;;10828;17;10832;22;;;10823.5;0.0
yf_MKC_d6;26000;ASH_COATED_OSMIUM;10024;9;10020;22;;;10036;23;10038;10;;;10030.0;0.0
yf_MKC_d6;26000;INTARIAN_PEPPER_ROOT;10818;13;10815;11;;;10824;16;10827;17;;;10821.0;0.0
yf_MKC_d6;26100;ASH_COATED_OSMIUM;10018;15;10016;18;;;10041;14;10045;18;;;10029.5;0.0
yf_MKC_d6;26100;INTARIAN_PEPPER_ROOT;10815;11;10811;28;;;10821;26;10825;19;;;10818.0;0.0
yf_MKC_d6;26200;ASH_COATED_OSMIUM;10002;10;9999;23;;;10056;13;10058;25;;;10029.0;0.0
yf_MKC_d6;26200;INTARIAN_PEPPER_ROOT;10814;8;10810;22;;;10820;26;10824;20;;;10817.0;0.0
yf_MKC_d6;26300;ASH_COATED_OSMIUM;10026;13;10024;18;;;10032;18;10036;27;;;10029.0;0.0
yf_MKC_d6;26300;INTARIAN_PEPPER_ROOT;10807;13;10804;13;;;10820;14;10822;24;;;10813.5;0.0
yf_MKC_d6;26400;ASH_COATED_OSMIUM;10020;22;10016;26;;;10039;27;10042;19;;;10029.5;0.0
yf_MKC_d6;26400;INTARIAN_PEPPER_ROOT;10792;15;10789;22;;;10831;22;10833;15;;;10811.5;0.0
yf_MKC_d6;26500;ASH_COATED_OSMIUM;10022;16;10019;26;;;10037;21;10041;10;;;10029.5;0.0
yf_MKC_d6;26500;INTARIAN_PEPPER_ROOT;10805;25;10801;29;;;10814;13;10818;28;;;10809.5;0.0
yf_MKC_d6;26600;ASH_COATED_OSMIUM;10023;17;10021;19;;;10035;10;10037;15;;;10029.0;0.0
yf_MKC_d6;26600;INTARIAN_PEPPER_ROOT;10804;13;10800;14;;;10810;21;10814;19;;;10807.0;0.0
yf_MKC_d6;26700;ASH_COATED_OSMIUM;10024;13;10022;21;;;10033;8;10035;20;;;10028.5;0.0
yf_MKC_d6;26700;INTARIAN_PEPPER_ROOT;10802;19;10799;15;;;10808;5;10810;21;;;10805.0;0.0
yf_MKC_d6;26800;ASH_COATED_OSMIUM;10026;11;10022;22;;;10032;13;10035;25;;;10029.0;0.0
yf_MKC_d6;26800;INTARIAN_PEPPER_ROOT;10786;29;10783;21;;;10819;13;10821;20;;;10802.5;0.0
yf_MKC_d6;26900;ASH_COATED_OSMIUM;10026;11;10024;12;;;10032;15;10036;23;;;10029.0;0.0
yf_MKC_d6;26900;INTARIAN_PEPPER_ROOT;10768;23;10765;22;;;10832;20;10834;20;;;10800.0;0.0
yf_MKC_d6;27000;ASH_COATED_OSMIUM;10026;12;10024;19;;;10032;8;10034;17;;;10029.0;0.0
yf_MKC_d6;27000;INTARIAN_PEPPER_ROOT;10795;14;10791;8;;;10801;11;10805;21;;;10798.0;0.0
yf_MKC_d6;27100;ASH_COATED_OSMIUM;10024;15;10020;25;;;10034;9;10037;18;;;10029.0;0.0
yf_MKC_d6;27100;INTARIAN_PEPPER_ROOT;10793;12;10790;29;;;10799;13;10802;29;;;10796.0;0.0
yf_MKC_d6;27200;ASH_COATED_OSMIUM;10018;16;10015;12;;;10041;14;10043;20;;;10029.5;0.0
yf_MKC_d6;27200;INTARIAN_PEPPER_ROOT;10790;15;10788;22;;;10798;15;10801;17;;;10794.0;0.0
yf_MKC_d6;27300;ASH_COATED_OSMIUM;10024;17;10021;16;;;10035;20;10037;20;;;10029.5;0.0
yf_MKC_d6;27300;INTARIAN_PEPPER_ROOT;10789;15;10785;17;;;10795;18;10797;8;;;10792.0;0.0
yf_MKC_d6;27400;ASH_COATED_OSMIUM;10023;11;10021;16;;;10035;13;10039;22;;;10029.0;0.0
yf_MKC_d6;27400;INTARIAN_PEPPER_ROOT;10786;15;10782;26;;;10792;13;10796;18;;;10789.0;0.0
yf_MKC_d6;27500;ASH_COATED_OSMIUM;10023;9;10020;23;;;10036;16;10038;30;;;10029.5;0.0
yf_MKC_d6;27500;INTARIAN_PEPPER_ROOT;10774;16;10772;12;;;10798;12;10800;17;;;10786.0;0.0
yf_MKC_d6;27600;ASH_COATED_OSMIUM;10021;16;10018;13;;;10036;17;10040;20;;;10028.5;0.0
yf_MKC_d6;27600;INTARIAN_PEPPER_ROOT;10774;11;10770;8;;;10795;9;10799;23;;;10784.5;0.0
yf_MKC_d6;27700;ASH_COATED_OSMIUM;10026;14;10024;19;;;10032;18;10034;22;;;10029.0;0.0
yf_MKC_d6;27700;INTARIAN_PEPPER_ROOT;10779;12;10775;13;;;10785;5;10789;20;;;10782.0;0.0
yf_MKC_d6;27800;ASH_COATED_OSMIUM;10026;12;10024;29;;;10032;13;10035;30;;;10029.0;0.0
yf_MKC_d6;27800;INTARIAN_PEPPER_ROOT;10777;11;10774;26;;;10783;20;10786;20;;;10780.0;0.0
yf_MKC_d6;27900;ASH_COATED_OSMIUM;10026;15;10023;28;;;10032;14;10035;18;;;10029.0;0.0
yf_MKC_d6;27900;INTARIAN_PEPPER_ROOT;10774;8;10772;9;;;10781;21;10783;24;;;10777.5;0.0
yf_MKC_d6;28000;ASH_COATED_OSMIUM;10025;12;10023;22;;;10031;13;10034;15;;;10028.0;0.0
yf_MKC_d6;28000;INTARIAN_PEPPER_ROOT;10768;19;10764;22;;;10783;17;10787;23;;;10775.5;0.0
yf_MKC_d6;28100;ASH_COATED_OSMIUM;10025;12;10022;24;;;10031;6;10033;20;;;10028.0;0.0
yf_MKC_d6;28100;INTARIAN_PEPPER_ROOT;10770;11;10768;21;;;10776;7;10780;21;;;10773.0;0.0
yf_MKC_d6;28200;ASH_COATED_OSMIUM;10024;9;10021;11;;;10033;23;10035;15;;;10028.5;0.0
yf_MKC_d6;28200;INTARIAN_PEPPER_ROOT;10768;11;10764;24;;;10775;5;10777;14;;;10771.5;0.0
yf_MKC_d6;28300;ASH_COATED_OSMIUM;10025;15;10023;18;;;10031;23;10034;13;;;10028.0;0.0
yf_MKC_d6;28300;INTARIAN_PEPPER_ROOT;10765;10;10761;23;;;10771;13;10775;26;;;10768.0;0.0
yf_MKC_d6;28400;ASH_COATED_OSMIUM;10026;18;10023;24;;;10032;15;10035;28;;;10029.0;0.0
yf_MKC_d6;28400;INTARIAN_PEPPER_ROOT;10763;16;10759;19;;;10769;19;10772;24;;;10766.0;0.0
yf_MKC_d6;28500;ASH_COATED_OSMIUM;10023;12;10019;22;;;10033;11;10036;23;;;10028.0;0.0
yf_MKC_d6;28500;INTARIAN_PEPPER_ROOT;10761;10;10759;26;;;10767;10;10771;24;;;10764.0;0.0
yf_MKC_d6;28600;ASH_COATED_OSMIUM;10025;17;10021;25;;;10031;8;10035;21;;;10028.0;0.0
yf_MKC_d6;28600;INTARIAN_PEPPER_ROOT;10757;18;10754;25;;;10767;10;10770;20;;;10762.0;0.0
yf_MKC_d6;28700;ASH_COATED_OSMIUM;10025;18;10023;22;;;10031;16;10033;17;;;10028.0;0.0
yf_MKC_d6;28700;INTARIAN_PEPPER_ROOT;10756;13;10753;18;;;10762;17;10764;21;;;10759.0;0.0
yf_MKC_d6;28800;ASH_COATED_OSMIUM;10025;9;10023;16;;;10031;22;10035;19;;;10028.0;0.0
yf_MKC_d6;28800;INTARIAN_PEPPER_ROOT;10750;16;10746;17;;;10765;20;10767;25;;;10757.5;0.0
yf_MKC_d6;28900;ASH_COATED_OSMIUM;10016;13;10012;32;;;10041;19;10044;24;;;10028.5;0.0
yf_MKC_d6;28900;INTARIAN_PEPPER_ROOT;10752;5;10748;15;;;10758;18;10760;25;;;10755.0;0.0
yf_MKC_d6;29000;ASH_COATED_OSMIUM;10025;12;10023;25;;;10031;23;10034;17;;;10028.0;0.0
yf_MKC_d6;29000;INTARIAN_PEPPER_ROOT;10749;16;10747;18;;;10757;22;10760;19;;;10753.0;0.0
yf_MKC_d6;29100;ASH_COATED_OSMIUM;10021;14;10017;11;;;10034;7;10037;23;;;10027.5;0.0
yf_MKC_d6;29100;INTARIAN_PEPPER_ROOT;10748;9;10745;12;;;10754;11;10756;18;;;10751.0;0.0
yf_MKC_d6;29200;ASH_COATED_OSMIUM;10024;12;10022;18;;;10032;18;10035;26;;;10028.0;0.0
yf_MKC_d6;29200;INTARIAN_PEPPER_ROOT;10730;5;10727;26;;;10766;16;10769;17;;;10748.0;0.0
yf_MKC_d6;29300;ASH_COATED_OSMIUM;10013;15;10010;10;;;10043;14;10046;19;;;10028.0;0.0
yf_MKC_d6;29300;INTARIAN_PEPPER_ROOT;10740;19;10736;29;;;10751;22;10754;24;;;10745.5;0.0
yf_MKC_d6;29400;ASH_COATED_OSMIUM;10024;13;10021;18;;;10030;22;10032;25;;;10027.0;0.0
yf_MKC_d6;29400;INTARIAN_PEPPER_ROOT;10737;19;10733;24;;;10751;12;10753;21;;;10744.0;0.0
yf_MKC_d6;29500;ASH_COATED_OSMIUM;10021;20;10018;22;;;10035;10;10039;18;;;10028.0;0.0
yf_MKC_d6;29500;INTARIAN_PEPPER_ROOT;10739;5;10735;19;;;10745;14;10747;18;;;10742.0;0.0
yf_MKC_d6;29600;ASH_COATED_OSMIUM;10012;9;10010;18;;;10045;14;10049;18;;;10028.5;0.0
yf_MKC_d6;29600;INTARIAN_PEPPER_ROOT;10734;20;10732;17;;;10744;17;10747;19;;;10739.0;0.0
yf_MKC_d6;29700;ASH_COATED_OSMIUM;10024;10;10022;17;;;10030;19;10033;27;;;10027.0;0.0
yf_MKC_d6;29700;INTARIAN_PEPPER_ROOT;10734;7;10731;17;;;10740;12;10742;11;;;10737.0;0.0
yf_MKC_d6;29800;ASH_COATED_OSMIUM;10023;19;10020;20;;;10031;8;10034;21;;;10027.0;0.0
yf_MKC_d6;29800;INTARIAN_PEPPER_ROOT;10720;17;10718;19;;;10749;17;10752;16;;;10734.5;0.0
yf_MKC_d6;29900;ASH_COATED_OSMIUM;10017;12;10015;25;;;10036;13;10039;25;;;10026.5;0.0
yf_MKC_d6;29900;INTARIAN_PEPPER_ROOT;10729;22;10726;16;;;10735;14;10738;24;;;10732.0;0.0
yf_MKC_d6;30000;ASH_COATED_OSMIUM;10024;14;10021;14;;;10030;13;10032;16;;;10027.0;0.0
yf_MKC_d6;30000;INTARIAN_PEPPER_ROOT;10728;13;10724;22;;;10734;16;10736;24;;;10731.0;0.0
yf_MKC_d6;30100;ASH_COATED_OSMIUM;10024;25;10020;24;;;10030;18;10032;12;;;10027.0;0.0
yf_MKC_d6;30100;INTARIAN_PEPPER_ROOT;10725;11;10721;20;;;10731;16;10733;24;;;10728.0;0.0
yf_MKC_d6;30200;ASH_COATED_OSMIUM;10025;9;10022;20;;;10031;15;10035;28;;;10028.0;0.0
yf_MKC_d6;30200;INTARIAN_PEPPER_ROOT;10721;12;10717;16;;;10731;22;10734;29;;;10726.0;0.0
yf_MKC_d6;30300;ASH_COATED_OSMIUM;10025;16;10023;21;;;10031;18;10033;25;;;10028.0;0.0
yf_MKC_d6;30300;INTARIAN_PEPPER_ROOT;10720;7;10716;13;;;10726;18;10729;20;;;10723.0;0.0
yf_MKC_d6;30400;ASH_COATED_OSMIUM;10020;16;10018;16;;;10033;12;10037;27;;;10026.5;0.0
yf_MKC_d6;30400;INTARIAN_PEPPER_ROOT;10718;13;10716;27;;;10724;10;10728;15;;;10721.0;0.0
yf_MKC_d6;30500;ASH_COATED_OSMIUM;10022;15;10020;18;;;10032;9;10035;13;;;10027.0;0.0
yf_MKC_d6;30500;INTARIAN_PEPPER_ROOT;10716;14;10712;16;;;10722;11;10724;15;;;10719.0;0.0
yf_MKC_d6;30600;ASH_COATED_OSMIUM;10024;21;10022;20;;;10030;18;10033;19;;;10027.0;0.0
yf_MKC_d6;30600;INTARIAN_PEPPER_ROOT;10714;5;10712;26;;;10720;9;10724;20;;;10717.0;0.0
yf_MKC_d6;30700;ASH_COATED_OSMIUM;10025;16;10022;21;;;10031;11;10035;23;;;10028.0;0.0
yf_MKC_d6;30700;INTARIAN_PEPPER_ROOT;10711;9;10709;8;;;10717;23;10720;18;;;10714.0;0.0
yf_MKC_d6;30800;ASH_COATED_OSMIUM;10022;17;10019;22;;;10031;17;10035;16;;;10026.5;0.0
yf_MKC_d6;30800;INTARIAN_PEPPER_ROOT;10709;20;10706;22;;;10715;15;10717;12;;;10712.0;0.0
yf_MKC_d6;30900;ASH_COATED_OSMIUM;10024;23;10022;11;;;10030;8;10033;22;;;10027.0;0.0
yf_MKC_d6;30900;INTARIAN_PEPPER_ROOT;10707;14;10704;17;;;10713;7;10717;29;;;10710.0;0.0
yf_MKC_d6;31000;ASH_COATED_OSMIUM;10022;8;10019;19;;;10032;14;10034;25;;;10027.0;0.0
yf_MKC_d6;31000;INTARIAN_PEPPER_ROOT;10704;17;10700;12;;;10710;18;10713;20;;;10707.0;0.0
yf_MKC_d6;31100;ASH_COATED_OSMIUM;10023;23;10021;20;;;10029;14;10033;15;;;10026.0;0.0
yf_MKC_d6;31100;INTARIAN_PEPPER_ROOT;10703;6;10700;17;;;10709;22;10713;21;;;10706.0;0.0
yf_MKC_d6;31200;ASH_COATED_OSMIUM;10023;17;10019;19;;;10029;13;10032;24;;;10026.0;0.0
yf_MKC_d6;31200;INTARIAN_PEPPER_ROOT;10700;19;10697;29;;;10706;5;10710;23;;;10703.0;0.0
yf_MKC_d6;31300;ASH_COATED_OSMIUM;10016;20;10012;11;;;10038;10;10041;19;;;10027.0;0.0
yf_MKC_d6;31300;INTARIAN_PEPPER_ROOT;10694;15;10691;15;;;10708;20;10712;22;;;10701.0;0.0
yf_MKC_d6;31400;ASH_COATED_OSMIUM;10023;11;10021;21;;;10031;7;10033;18;;;10027.0;0.0
yf_MKC_d6;31400;INTARIAN_PEPPER_ROOT;10696;5;10692;26;;;10702;10;10704;17;;;10699.0;0.0
yf_MKC_d6;31500;ASH_COATED_OSMIUM;10023;16;10021;17;;;10029;20;10032;16;;;10026.0;0.0
yf_MKC_d6;31500;INTARIAN_PEPPER_ROOT;10692;19;10688;22;;;10700;14;10704;18;;;10696.0;0.0
yf_MKC_d6;31600;ASH_COATED_OSMIUM;10023;23;10021;18;;;10030;18;10033;19;;;10026.5;0.0
yf_MKC_d6;31600;INTARIAN_PEPPER_ROOT;10690;18;10688;28;;;10697;5;10700;16;;;10693.5;0.0
yf_MKC_d6;31700;ASH_COATED_OSMIUM;10023;16;10020;15;;;10029;8;10032;11;;;10026.0;0.0
yf_MKC_d6;31700;INTARIAN_PEPPER_ROOT;10686;19;10684;18;;;10698;19;10702;18;;;10692.0;0.0
yf_MKC_d6;31800;ASH_COATED_OSMIUM;10022;19;10019;31;;;10031;21;10034;13;;;10026.5;0.0
yf_MKC_d6;31800;INTARIAN_PEPPER_ROOT;10687;15;10683;21;;;10693;12;10695;25;;;10690.0;0.0
yf_MKC_d6;31900;ASH_COATED_OSMIUM;10024;16;10022;29;;;10030;15;10033;20;;;10027.0;0.0
yf_MKC_d6;31900;INTARIAN_PEPPER_ROOT;10684;11;10680;22;;;10690;14;10692;16;;;10687.0;0.0
yf_MKC_d6;32000;ASH_COATED_OSMIUM;10013;12;10011;15;;;10039;14;10041;14;;;10026.0;0.0
yf_MKC_d6;32000;INTARIAN_PEPPER_ROOT;10681;13;10677;25;;;10689;8;10692;27;;;10685.0;0.0
yf_MKC_d6;32100;ASH_COATED_OSMIUM;10014;23;10011;24;;;10038;12;10040;22;;;10026.0;0.0
yf_MKC_d6;32100;INTARIAN_PEPPER_ROOT;10680;24;10676;28;;;10686;19;10689;21;;;10683.0;0.0
yf_MKC_d6;32200;ASH_COATED_OSMIUM;10023;17;10020;12;;;10029;28;10033;25;;;10026.0;0.0
yf_MKC_d6;32200;INTARIAN_PEPPER_ROOT;10659;11;10656;19;;;10701;20;10703;21;;;10680.0;0.0
yf_MKC_d6;32300;ASH_COATED_OSMIUM;10023;23;10021;12;;;10029;18;10032;18;;;10026.0;0.0
yf_MKC_d6;32300;INTARIAN_PEPPER_ROOT;10670;13;10666;13;;;10686;20;10689;16;;;10678.0;0.0
yf_MKC_d6;32400;ASH_COATED_OSMIUM;10023;18;10020;21;;;10029;10;10031;14;;;10026.0;0.0
yf_MKC_d6;32400;INTARIAN_PEPPER_ROOT;10673;10;10671;22;;;10679;17;10682;20;;;10676.0;0.0
yf_MKC_d6;32500;ASH_COATED_OSMIUM;10023;23;10020;13;;;10029;19;10031;19;;;10026.0;0.0
yf_MKC_d6;32500;INTARIAN_PEPPER_ROOT;10671;10;10669;18;;;10677;19;10681;14;;;10674.0;0.0
yf_MKC_d6;32600;ASH_COATED_OSMIUM;10023;14;10021;14;;;10029;12;10033;22;;;10026.0;0.0
yf_MKC_d6;32600;INTARIAN_PEPPER_ROOT;10661;18;10659;22;;;10683;28;10685;17;;;10672.0;0.0
yf_MKC_d6;32700;ASH_COATED_OSMIUM;10017;10;10014;10;;;10033;19;10036;25;;;10025.0;0.0
yf_MKC_d6;32700;INTARIAN_PEPPER_ROOT;10667;8;10665;12;;;10673;20;10675;17;;;10670.0;0.0
yf_MKC_d6;32800;ASH_COATED_OSMIUM;10021;24;10017;31;;;10032;14;10035;14;;;10026.5;0.0
yf_MKC_d6;32800;INTARIAN_PEPPER_ROOT;10664;18;10662;14;;;10670;20;10673;20;;;10667.0;0.0
yf_MKC_d6;32900;ASH_COATED_OSMIUM;10010;13;10008;27;;;10042;14;10044;10;;;10026.0;0.0
yf_MKC_d6;32900;INTARIAN_PEPPER_ROOT;10660;9;10657;23;;;10670;14;10672;20;;;10665.0;0.0
yf_MKC_d6;33000;ASH_COATED_OSMIUM;10020;18;10017;22;;;10031;9;10033;15;;;10025.5;0.0
yf_MKC_d6;33000;INTARIAN_PEPPER_ROOT;10657;10;10653;22;;;10667;14;10670;14;;;10662.0;0.0
yf_MKC_d6;33100;ASH_COATED_OSMIUM;10019;14;10017;22;;;10032;13;10034;23;;;10025.5;0.0
yf_MKC_d6;33100;INTARIAN_PEPPER_ROOT;10655;16;10653;14;;;10665;5;10668;23;;;10660.0;0.0
yf_MKC_d6;33200;ASH_COATED_OSMIUM;10019;14;10017;16;;;10031;11;10034;16;;;10025.0;0.0
yf_MKC_d6;33200;INTARIAN_PEPPER_ROOT;10655;13;10653;22;;;10661;13;10664;8;;;10658.0;0.0
yf_MKC_d6;33300;ASH_COATED_OSMIUM;10022;11;10019;21;;;10028;10;10032;28;;;10025.0;0.0
yf_MKC_d6;33300;INTARIAN_PEPPER_ROOT;10652;15;10648;22;;;10658;15;10660;21;;;10655.0;0.0
yf_MKC_d6;33400;ASH_COATED_OSMIUM;10023;12;10021;28;;;10029;17;10031;17;;;10026.0;0.0
yf_MKC_d6;33400;INTARIAN_PEPPER_ROOT;10648;13;10646;16;;;10658;15;10662;10;;;10653.0;0.0
yf_MKC_d6;33500;ASH_COATED_OSMIUM;10021;8;10019;19;;;10029;17;10032;23;;;10025.0;0.0
yf_MKC_d6;33500;INTARIAN_PEPPER_ROOT;10649;8;10645;8;;;10655;14;10658;17;;;10652.0;0.0
yf_MKC_d6;33600;ASH_COATED_OSMIUM;10022;14;10018;10;;;10028;21;10032;17;;;10025.0;0.0
yf_MKC_d6;33600;INTARIAN_PEPPER_ROOT;10646;9;10642;23;;;10652;9;10656;27;;;10649.0;0.0
yf_MKC_d6;33700;ASH_COATED_OSMIUM;10021;16;10019;26;;;10029;13;10032;19;;;10025.0;0.0
yf_MKC_d6;33700;INTARIAN_PEPPER_ROOT;10644;17;10640;19;;;10650;15;10653;17;;;10647.0;0.0
yf_MKC_d6;33800;ASH_COATED_OSMIUM;10022;12;10020;18;;;10028;17;10032;16;;;10025.0;0.0
yf_MKC_d6;33800;INTARIAN_PEPPER_ROOT;10641;22;10639;19;;;10648;19;10651;27;;;10644.5;0.0
yf_MKC_d6;33900;ASH_COATED_OSMIUM;10023;22;10020;16;;;10029;13;10032;12;;;10026.0;0.0
yf_MKC_d6;33900;INTARIAN_PEPPER_ROOT;10639;17;10636;24;;;10645;10;10649;20;;;10642.0;0.0
yf_MKC_d6;34000;ASH_COATED_OSMIUM;10022;12;10019;21;;;10028;10;10032;18;;;10025.0;0.0
yf_MKC_d6;34000;INTARIAN_PEPPER_ROOT;10640;18;10638;16;;;10646;19;10649;13;;;10643.0;0.0
yf_MKC_d6;34100;ASH_COATED_OSMIUM;10022;11;10020;23;;;10028;15;10032;27;;;10025.0;0.0
yf_MKC_d6;34100;INTARIAN_PEPPER_ROOT;10640;22;10638;31;;;10646;17;10650;24;;;10643.0;0.0
yf_MKC_d6;34200;ASH_COATED_OSMIUM;10019;21;10015;24;;;10030;9;10034;23;;;10024.5;0.0
yf_MKC_d6;34200;INTARIAN_PEPPER_ROOT;10640;16;10636;19;;;10646;17;10648;17;;;10643.0;0.0
yf_MKC_d6;34300;ASH_COATED_OSMIUM;10022;18;10018;21;;;10028;16;10032;25;;;10025.0;0.0
yf_MKC_d6;34300;INTARIAN_PEPPER_ROOT;10634;15;10630;12;;;10653;13;10657;16;;;10643.5;0.0
yf_MKC_d6;34400;ASH_COATED_OSMIUM;10022;26;10020;11;;;10028;7;10031;21;;;10025.0;0.0
yf_MKC_d6;34400;INTARIAN_PEPPER_ROOT;10637;10;10634;11;;;10650;23;10652;15;;;10643.5;0.0
yf_MKC_d6;34500;ASH_COATED_OSMIUM;10004;19;10000;15;;;10046;8;10050;20;;;10025.0;0.0
yf_MKC_d6;34500;INTARIAN_PEPPER_ROOT;10635;13;10631;21;;;10654;22;10658;17;;;10644.5;0.0
yf_MKC_d6;34600;ASH_COATED_OSMIUM;10021;11;10017;20;;;10027;5;10031;26;;;10024.0;0.0
yf_MKC_d6;34600;INTARIAN_PEPPER_ROOT;10637;13;10633;21;;;10651;10;10655;16;;;10644.0;0.0
yf_MKC_d6;34700;ASH_COATED_OSMIUM;10022;8;10019;23;;;10028;9;10030;19;;;10025.0;0.0
yf_MKC_d6;34700;INTARIAN_PEPPER_ROOT;10633;14;10630;21;;;10655;21;10659;17;;;10644.0;0.0
yf_MKC_d6;34800;ASH_COATED_OSMIUM;10021;17;10018;19;;;10027;11;10031;19;;;10024.0;0.0
yf_MKC_d6;34800;INTARIAN_PEPPER_ROOT;10642;15;10639;18;;;10648;9;10651;19;;;10645.0;0.0
yf_MKC_d6;34900;ASH_COATED_OSMIUM;10019;19;10016;14;;;10029;11;10033;19;;;10024.0;0.0
yf_MKC_d6;34900;INTARIAN_PEPPER_ROOT;10642;11;10638;21;;;10648;11;10652;23;;;10645.0;0.0
yf_MKC_d6;35000;ASH_COATED_OSMIUM;10021;20;10018;24;;;10028;19;10031;21;;;10024.5;0.0
yf_MKC_d6;35000;INTARIAN_PEPPER_ROOT;10642;6;10639;23;;;10648;15;10650;23;;;10645.0;0.0
yf_MKC_d6;35100;ASH_COATED_OSMIUM;10012;14;10008;32;;;10036;14;10040;28;;;10024.0;0.0
yf_MKC_d6;35100;INTARIAN_PEPPER_ROOT;10638;12;10634;21;;;10652;21;10656;17;;;10645.0;0.0
yf_MKC_d6;35200;ASH_COATED_OSMIUM;10021;10;10018;25;;;10027;12;10029;13;;;10024.0;0.0
yf_MKC_d6;35200;INTARIAN_PEPPER_ROOT;10636;13;10633;17;;;10654;22;10658;19;;;10645.0;0.0
yf_MKC_d6;35300;ASH_COATED_OSMIUM;10021;20;10019;12;;;10027;19;10030;27;;;10024.0;0.0
yf_MKC_d6;35300;INTARIAN_PEPPER_ROOT;10643;19;10641;18;;;10649;14;10651;15;;;10646.0;0.0
yf_MKC_d6;35400;ASH_COATED_OSMIUM;10021;16;10019;13;;;10027;21;10029;25;;;10024.0;0.0
yf_MKC_d6;35400;INTARIAN_PEPPER_ROOT;10643;17;10639;20;;;10649;17;10651;21;;;10646.0;0.0
yf_MKC_d6;35500;ASH_COATED_OSMIUM;10017;17;10015;18;;;10031;19;10035;24;;;10024.0;0.0
yf_MKC_d6;35500;INTARIAN_PEPPER_ROOT;10640;16;10637;17;;;10652;9;10655;9;;;10646.0;0.0
yf_MKC_d6;35600;ASH_COATED_OSMIUM;10021;14;10019;20;;;10027;11;10029;22;;;10024.0;0.0
yf_MKC_d6;35600;INTARIAN_PEPPER_ROOT;10638;21;10634;12;;;10655;9;10659;20;;;10646.5;0.0
yf_MKC_d6;35700;ASH_COATED_OSMIUM;10021;10;10017;18;;;10027;17;10031;17;;;10024.0;0.0
yf_MKC_d6;35700;INTARIAN_PEPPER_ROOT;10635;11;10633;14;;;10659;20;10661;21;;;10647.0;0.0
yf_MKC_d6;35800;ASH_COATED_OSMIUM;10019;14;10015;20;;;10028;14;10030;20;;;10023.5;0.0
yf_MKC_d6;35800;INTARIAN_PEPPER_ROOT;10640;13;10637;19;;;10654;18;10656;13;;;10647.0;0.0
yf_MKC_d6;35900;ASH_COATED_OSMIUM;10022;9;10020;21;;;10028;17;10030;28;;;10025.0;0.0
yf_MKC_d6;35900;INTARIAN_PEPPER_ROOT;10644;7;10641;15;;;10650;24;10653;14;;;10647.0;0.0
yf_MKC_d6;36000;ASH_COATED_OSMIUM;10017;15;10014;16;;;10031;19;10035;18;;;10024.0;0.0
yf_MKC_d6;36000;INTARIAN_PEPPER_ROOT;10643;23;10641;17;;;10653;15;10656;17;;;10648.0;0.0
yf_MKC_d6;36100;ASH_COATED_OSMIUM;10013;7;10010;21;;;10033;20;10035;23;;;10023.0;0.0
yf_MKC_d6;36100;INTARIAN_PEPPER_ROOT;10645;22;10642;23;;;10651;14;10654;19;;;10648.0;0.0
yf_MKC_d6;36200;ASH_COATED_OSMIUM;10020;7;10018;23;;;10026;11;10029;25;;;10023.0;0.0
yf_MKC_d6;36200;INTARIAN_PEPPER_ROOT;10644;23;10641;25;;;10652;20;10656;25;;;10648.0;0.0
yf_MKC_d6;36300;ASH_COATED_OSMIUM;10021;14;10018;30;;;10028;13;10030;16;;;10024.5;0.0
yf_MKC_d6;36300;INTARIAN_PEPPER_ROOT;10645;12;10643;8;;;10651;12;10653;20;;;10648.0;0.0
yf_MKC_d6;36400;ASH_COATED_OSMIUM;10020;17;10017;24;;;10028;13;10031;17;;;10024.0;0.0
yf_MKC_d6;36400;INTARIAN_PEPPER_ROOT;10639;15;10636;27;;;10657;10;10661;13;;;10648.0;0.0
yf_MKC_d6;36500;ASH_COATED_OSMIUM;10020;16;10018;18;;;10026;17;10029;21;;;10023.0;0.0
yf_MKC_d6;36500;INTARIAN_PEPPER_ROOT;10643;17;10640;21;;;10654;19;10657;8;;;10648.5;0.0
yf_MKC_d6;36600;ASH_COATED_OSMIUM;10021;15;10017;28;;;10027;16;10030;25;;;10024.0;0.0
yf_MKC_d6;36600;INTARIAN_PEPPER_ROOT;10647;27;10643;17;;;10653;15;10657;22;;;10650.0;0.0
yf_MKC_d6;36700;ASH_COATED_OSMIUM;10020;14;10017;12;;;10028;12;10030;25;;;10024.0;0.0
yf_MKC_d6;36700;INTARIAN_PEPPER_ROOT;10642;17;10639;19;;;10656;13;10659;25;;;10649.0;0.0
yf_MKC_d6;36800;ASH_COATED_OSMIUM;10015;12;10011;19;;;10031;11;10034;14;;;10023.0;0.0
yf_MKC_d6;36800;INTARIAN_PEPPER_ROOT;10647;13;10643;20;;;10653;11;10655;27;;;10650.0;0.0
yf_MKC_d6;36900;ASH_COATED_OSMIUM;10020;21;10018;21;;;10026;13;10029;17;;;10023.0;0.0
yf_MKC_d6;36900;INTARIAN_PEPPER_ROOT;10626;8;10622;29;;;10674;16;10676;19;;;10650.0;0.0
yf_MKC_d6;37000;ASH_COATED_OSMIUM;10020;19;10016;23;;;10026;24;10030;16;;;10023.0;0.0
yf_MKC_d6;37000;INTARIAN_PEPPER_ROOT;10647;7;10644;20;;;10653;7;10655;12;;;10650.0;0.0
yf_MKC_d6;37100;ASH_COATED_OSMIUM;10020;18;10017;13;;;10026;16;10028;14;;;10023.0;0.0
yf_MKC_d6;37100;INTARIAN_PEPPER_ROOT;10632;10;10630;26;;;10668;9;10670;16;;;10650.0;0.0
yf_MKC_d6;37200;ASH_COATED_OSMIUM;10020;11;10016;25;;;10026;18;10028;14;;;10023.0;0.0
yf_MKC_d6;37200;INTARIAN_PEPPER_ROOT;10647;22;10643;21;;;10653;20;10655;17;;;10650.0;0.0
yf_MKC_d6;37300;ASH_COATED_OSMIUM;10020;12;10018;28;;;10026;14;10029;18;;;10023.0;0.0
yf_MKC_d6;37300;INTARIAN_PEPPER_ROOT;10646;16;10642;14;;;10655;5;10657;16;;;10650.5;0.0
yf_MKC_d6;37400;ASH_COATED_OSMIUM;10007;18;10004;25;;;10038;17;10042;23;;;10022.5;0.0
yf_MKC_d6;37400;INTARIAN_PEPPER_ROOT;10648;15;10645;21;;;10654;14;10658;23;;;10651.0;0.0
yf_MKC_d6;37500;ASH_COATED_OSMIUM;10017;5;10013;18;;;10029;10;10033;21;;;10023.0;0.0
yf_MKC_d6;37500;INTARIAN_PEPPER_ROOT;10645;19;10643;25;;;10657;19;10660;24;;;10651.0;0.0
yf_MKC_d6;37600;ASH_COATED_OSMIUM;10020;10;10018;29;;;10026;18;10029;17;;;10023.0;0.0
yf_MKC_d6;37600;INTARIAN_PEPPER_ROOT;10648;11;10646;25;;;10655;13;10657;18;;;10651.5;0.0
yf_MKC_d6;37700;ASH_COATED_OSMIUM;9996;13;9993;19;;;10050;24;10052;17;;;10023.0;0.0
yf_MKC_d6;37700;INTARIAN_PEPPER_ROOT;10650;13;10648;8;;;10656;8;10659;21;;;10653.0;0.0
yf_MKC_d6;37800;ASH_COATED_OSMIUM;10019;11;10017;25;;;10025;6;10028;22;;;10022.0;0.0
yf_MKC_d6;37800;INTARIAN_PEPPER_ROOT;10640;14;10637;17;;;10664;21;10668;20;;;10652.0;0.0
yf_MKC_d6;37900;ASH_COATED_OSMIUM;10007;10;10003;20;;;10038;17;10041;22;;;10022.5;0.0
yf_MKC_d6;37900;INTARIAN_PEPPER_ROOT;10650;18;10648;27;;;10656;15;10658;26;;;10653.0;0.0
yf_MKC_d6;38000;ASH_COATED_OSMIUM;10019;18;10017;20;;;10027;18;10029;24;;;10023.0;0.0
yf_MKC_d6;38000;INTARIAN_PEPPER_ROOT;10648;10;10644;21;;;10658;18;10660;13;;;10653.0;0.0
yf_MKC_d6;38100;ASH_COATED_OSMIUM;10020;17;10016;24;;;10026;12;10029;17;;;10023.0;0.0
yf_MKC_d6;38100;INTARIAN_PEPPER_ROOT;10650;16;10648;14;;;10656;15;10659;22;;;10653.0;0.0
yf_MKC_d6;38200;ASH_COATED_OSMIUM;10019;12;10017;24;;;10025;5;10029;35;;;10022.0;0.0
yf_MKC_d6;38200;INTARIAN_PEPPER_ROOT;10650;16;10647;23;;;10656;20;10660;26;;;10653.0;0.0
yf_MKC_d6;38300;ASH_COATED_OSMIUM;10020;7;10018;22;;;10026;18;10029;25;;;10023.0;0.0
yf_MKC_d6;38300;INTARIAN_PEPPER_ROOT;10651;8;10648;9;;;10657;5;10659;21;;;10654.0;0.0
yf_MKC_d6;38400;ASH_COATED_OSMIUM;10019;11;10015;17;;;10025;14;10027;13;;;10022.0;0.0
yf_MKC_d6;38400;INTARIAN_PEPPER_ROOT;10647;10;10643;19;;;10660;18;10664;21;;;10653.5;0.0
yf_MKC_d6;38500;ASH_COATED_OSMIUM;10016;8;10012;18;;;10028;6;10032;15;;;10022.0;0.0
yf_MKC_d6;38500;INTARIAN_PEPPER_ROOT;10651;15;10648;24;;;10657;12;10659;27;;;10654.0;0.0
yf_MKC_d6;38600;ASH_COATED_OSMIUM;10019;17;10015;30;;;10025;12;10029;17;;;10022.0;0.0
yf_MKC_d6;38600;INTARIAN_PEPPER_ROOT;10651;18;10649;21;;;10657;11;10661;17;;;10654.0;0.0
yf_MKC_d6;38700;ASH_COATED_OSMIUM;10019;12;10015;15;;;10025;13;10029;12;;;10022.0;0.0
yf_MKC_d6;38700;INTARIAN_PEPPER_ROOT;10651;16;10648;21;;;10657;13;10659;29;;;10654.0;0.0
yf_MKC_d6;38800;ASH_COATED_OSMIUM;10019;14;10017;18;;;10025;20;10027;21;;;10022.0;0.0
yf_MKC_d6;38800;INTARIAN_PEPPER_ROOT;10652;22;10650;19;;;10658;7;10660;18;;;10655.0;0.0
yf_MKC_d6;38900;ASH_COATED_OSMIUM;10019;7;10016;19;;;10025;12;10029;20;;;10022.0;0.0
yf_MKC_d6;38900;INTARIAN_PEPPER_ROOT;10651;17;10647;22;;;10659;14;10662;23;;;10655.0;0.0
yf_MKC_d6;39000;ASH_COATED_OSMIUM;10012;21;10008;16;;;10032;17;10036;21;;;10022.0;0.0
yf_MKC_d6;39000;INTARIAN_PEPPER_ROOT;10653;22;10651;21;;;10659;13;10661;16;;;10656.0;0.0
yf_MKC_d6;39100;ASH_COATED_OSMIUM;10019;18;10017;20;;;10025;21;10027;19;;;10022.0;0.0
yf_MKC_d6;39100;INTARIAN_PEPPER_ROOT;10641;23;10638;14;;;10670;22;10672;17;;;10655.5;0.0
yf_MKC_d6;39200;ASH_COATED_OSMIUM;10019;21;10015;18;;;10025;11;10029;21;;;10022.0;0.0
yf_MKC_d6;39200;INTARIAN_PEPPER_ROOT;10647;17;10645;16;;;10665;12;10669;28;;;10656.0;0.0
yf_MKC_d6;39300;ASH_COATED_OSMIUM;10017;7;10015;22;;;10027;5;10031;21;;;10022.0;0.0
yf_MKC_d6;39300;INTARIAN_PEPPER_ROOT;10653;13;10651;21;;;10659;22;10663;21;;;10656.0;0.0
yf_MKC_d6;39400;ASH_COATED_OSMIUM;10019;13;10016;12;;;10025;8;10028;20;;;10022.0;0.0
yf_MKC_d6;39400;INTARIAN_PEPPER_ROOT;10643;8;10641;17;;;10669;9;10672;21;;;10656.0;0.0
yf_MKC_d6;39500;ASH_COATED_OSMIUM;10016;5;10013;27;;;10027;13;10030;26;;;10021.5;0.0
yf_MKC_d6;39500;INTARIAN_PEPPER_ROOT;10649;17;10646;22;;;10664;25;10666;18;;;10656.5;0.0
yf_MKC_d6;39600;ASH_COATED_OSMIUM;10018;21;10016;15;;;10027;16;10029;29;;;10022.5;0.0
yf_MKC_d6;39600;INTARIAN_PEPPER_ROOT;10653;18;10649;15;;;10659;9;10663;18;;;10656.0;0.0
yf_MKC_d6;39700;ASH_COATED_OSMIUM;10019;7;10015;14;;;10025;16;10028;11;;;10022.0;0.0
yf_MKC_d6;39700;INTARIAN_PEPPER_ROOT;10653;13;10649;14;;;10659;12;10663;17;;;10656.0;0.0
yf_MKC_d6;39800;ASH_COATED_OSMIUM;10019;19;10016;21;;;10025;19;10027;19;;;10022.0;0.0
yf_MKC_d6;39800;INTARIAN_PEPPER_ROOT;10655;17;10653;25;;;10661;13;10664;21;;;10658.0;0.0
yf_MKC_d6;39900;ASH_COATED_OSMIUM;10018;13;10014;17;;;10024;23;10027;21;;;10021.0;0.0
yf_MKC_d6;39900;INTARIAN_PEPPER_ROOT;10652;18;10649;30;;;10662;11;10666;23;;;10657.0;0.0
yf_MKC_d6;40000;ASH_COATED_OSMIUM;10018;21;10015;19;;;10024;18;10028;21;;;10021.0;0.0
yf_MKC_d6;40000;INTARIAN_PEPPER_ROOT;10655;12;10652;20;;;10661;15;10663;26;;;10658.0;0.0
yf_MKC_d6;40100;ASH_COATED_OSMIUM;10018;15;10015;14;;;10024;17;10026;23;;;10021.0;0.0
yf_MKC_d6;40100;INTARIAN_PEPPER_ROOT;10655;13;10651;23;;;10661;19;10664;17;;;10658.0;0.0
yf_MKC_d6;40200;ASH_COATED_OSMIUM;10006;14;10003;21;;;10037;10;10040;19;;;10021.5;0.0
yf_MKC_d6;40200;INTARIAN_PEPPER_ROOT;10654;18;10650;28;;;10662;13;10665;15;;;10658.0;0.0
yf_MKC_d6;40300;ASH_COATED_OSMIUM;10018;12;10015;16;;;10024;10;10026;17;;;10021.0;0.0
yf_MKC_d6;40300;INTARIAN_PEPPER_ROOT;10654;16;10650;22;;;10663;6;10667;18;;;10658.5;0.0
yf_MKC_d6;40400;ASH_COATED_OSMIUM;10018;30;10014;19;;;10024;27;10026;14;;;10021.0;0.0
yf_MKC_d6;40400;INTARIAN_PEPPER_ROOT;10652;12;10648;20;;;10666;21;10668;26;;;10659.0;0.0
yf_MKC_d6;40500;ASH_COATED_OSMIUM;10015;12;10013;15;;;10028;18;10031;20;;;10021.5;0.0
yf_MKC_d6;40500;INTARIAN_PEPPER_ROOT;10656;11;10654;20;;;10662;17;10664;19;;;10659.0;0.0
yf_MKC_d6;40600;ASH_COATED_OSMIUM;10018;5;10014;15;;;10024;5;10028;18;;;10021.0;0.0
yf_MKC_d6;40600;INTARIAN_PEPPER_ROOT;10656;12;10654;16;;;10662;16;10664;25;;;10659.0;0.0
yf_MKC_d6;40700;ASH_COATED_OSMIUM;10018;18;10015;14;;;10024;16;10026;22;;;10021.0;0.0
yf_MKC_d6;40700;INTARIAN_PEPPER_ROOT;10657;23;10655;15;;;10663;19;10665;24;;;10660.0;0.0
yf_MKC_d6;40800;ASH_COATED_OSMIUM;10016;12;10012;24;;;10025;17;10027;23;;;10020.5;0.0
yf_MKC_d6;40800;INTARIAN_PEPPER_ROOT;10657;18;10655;35;;;10663;19;10666;22;;;10660.0;0.0
yf_MKC_d6;40900;ASH_COATED_OSMIUM;10018;21;10015;23;;;10024;15;10027;11;;;10021.0;0.0
yf_MKC_d6;40900;INTARIAN_PEPPER_ROOT;10657;14;10655;30;;;10665;11;10667;17;;;10661.0;0.0
yf_MKC_d6;41000;ASH_COATED_OSMIUM;10018;19;10016;15;;;10024;16;10026;15;;;10021.0;0.0
yf_MKC_d6;41000;INTARIAN_PEPPER_ROOT;10657;8;10655;17;;;10664;10;10668;21;;;10660.5;0.0
yf_MKC_d6;41100;ASH_COATED_OSMIUM;10017;5;10014;23;;;10023;25;10027;13;;;10020.0;0.0
yf_MKC_d6;41100;INTARIAN_PEPPER_ROOT;10654;16;10650;17;;;10667;7;10669;21;;;10660.5;0.0
yf_MKC_d6;41200;ASH_COATED_OSMIUM;10017;20;10013;17;;;10023;12;10025;11;;;10020.0;0.0
yf_MKC_d6;41200;INTARIAN_PEPPER_ROOT;10651;20;10648;24;;;10670;10;10673;12;;;10660.5;0.0
yf_MKC_d6;41300;ASH_COATED_OSMIUM;10017;19;10013;21;;;10023;7;10027;17;;;10020.0;0.0
yf_MKC_d6;41300;INTARIAN_PEPPER_ROOT;10657;21;10654;21;;;10666;16;10669;26;;;10661.5;0.0
yf_MKC_d6;41400;ASH_COATED_OSMIUM;10017;19;10013;27;;;10023;5;10027;22;;;10020.0;0.0
yf_MKC_d6;41400;INTARIAN_PEPPER_ROOT;10654;23;10651;14;;;10668;18;10670;17;;;10661.0;0.0
yf_MKC_d6;41500;ASH_COATED_OSMIUM;10013;10;10009;13;;;10027;13;10029;15;;;10020.0;0.0
yf_MKC_d6;41500;INTARIAN_PEPPER_ROOT;10659;11;10656;20;;;10665;12;10667;22;;;10662.0;0.0
yf_MKC_d6;41600;ASH_COATED_OSMIUM;10010;14;10008;17;;;10030;13;10032;17;;;10020.0;0.0
yf_MKC_d6;41600;INTARIAN_PEPPER_ROOT;10654;18;10652;15;;;10669;15;10671;17;;;10661.5;0.0
yf_MKC_d6;41700;ASH_COATED_OSMIUM;10015;14;10012;24;;;10025;13;10029;17;;;10020.0;0.0
yf_MKC_d6;41700;INTARIAN_PEPPER_ROOT;10659;24;10655;18;;;10665;12;10669;18;;;10662.0;0.0
yf_MKC_d6;41800;ASH_COATED_OSMIUM;10017;18;10015;30;;;10023;17;10025;15;;;10020.0;0.0
yf_MKC_d6;41800;INTARIAN_PEPPER_ROOT;10659;13;10656;24;;;10665;24;10669;20;;;10662.0;0.0
yf_MKC_d6;41900;ASH_COATED_OSMIUM;10017;16;10013;16;;;10024;10;10028;21;;;10020.5;0.0
yf_MKC_d6;41900;INTARIAN_PEPPER_ROOT;10658;17;10656;26;;;10668;16;10671;24;;;10663.0;0.0
yf_MKC_d6;42000;ASH_COATED_OSMIUM;10017;12;10015;21;;;10023;14;10025;16;;;10020.0;0.0
yf_MKC_d6;42000;INTARIAN_PEPPER_ROOT;10656;15;10654;19;;;10670;16;10673;16;;;10663.0;0.0
yf_MKC_d6;42100;ASH_COATED_OSMIUM;10017;22;10014;21;;;10023;18;10027;26;;;10020.0;0.0
yf_MKC_d6;42100;INTARIAN_PEPPER_ROOT;10659;9;10656;18;;;10666;14;10669;14;;;10662.5;0.0
yf_MKC_d6;42200;ASH_COATED_OSMIUM;10017;18;10014;8;;;10023;12;10026;25;;;10020.0;0.0
yf_MKC_d6;42200;INTARIAN_PEPPER_ROOT;10660;22;10658;29;;;10666;14;10670;16;;;10663.0;0.0
yf_MKC_d6;42300;ASH_COATED_OSMIUM;10001;18;9997;21;;;10037;13;10041;24;;;10019.0;0.0
yf_MKC_d6;42300;INTARIAN_PEPPER_ROOT;10661;11;10659;27;;;10667;23;10670;16;;;10664.0;0.0
yf_MKC_d6;42400;ASH_COATED_OSMIUM;10017;14;10015;21;;;10023;17;10026;16;;;10020.0;0.0
yf_MKC_d6;42400;INTARIAN_PEPPER_ROOT;10661;10;10658;19;;;10667;17;10670;17;;;10664.0;0.0
yf_MKC_d6;42500;ASH_COATED_OSMIUM;10017;7;10014;15;;;10023;16;10026;15;;;10020.0;0.0
yf_MKC_d6;42500;INTARIAN_PEPPER_ROOT;10656;9;10653;19;;;10671;5;10673;23;;;10663.5;0.0
yf_MKC_d6;42600;ASH_COATED_OSMIUM;10016;11;10012;19;;;10022;5;10024;13;;;10019.0;0.0
yf_MKC_d6;42600;INTARIAN_PEPPER_ROOT;10657;12;10653;15;;;10671;15;10674;26;;;10664.0;0.0
yf_MKC_d6;42700;ASH_COATED_OSMIUM;10017;13;10013;17;;;10023;18;10025;9;;;10020.0;0.0
yf_MKC_d6;42700;INTARIAN_PEPPER_ROOT;10661;24;10658;20;;;10667;13;10669;13;;;10664.0;0.0
yf_MKC_d6;42800;ASH_COATED_OSMIUM;10010;12;10007;23;;;10028;18;10032;31;;;10019.0;0.0
yf_MKC_d6;42800;INTARIAN_PEPPER_ROOT;10662;13;10660;26;;;10668;16;10670;21;;;10665.0;0.0
yf_MKC_d6;42900;ASH_COATED_OSMIUM;10013;16;10011;22;;;10026;11;10028;19;;;10019.5;0.0
yf_MKC_d6;42900;INTARIAN_PEPPER_ROOT;10656;14;10652;23;;;10675;18;10678;8;;;10665.5;0.0
yf_MKC_d6;43000;ASH_COATED_OSMIUM;10001;17;9999;23;;;10038;13;10040;25;;;10019.5;0.0
yf_MKC_d6;43000;INTARIAN_PEPPER_ROOT;10661;11;10659;22;;;10667;5;10670;21;;;10664.0;0.0
yf_MKC_d6;43100;ASH_COATED_OSMIUM;10016;14;10012;21;;;10022;16;10026;13;;;10019.0;0.0
yf_MKC_d6;43100;INTARIAN_PEPPER_ROOT;10662;7;10660;26;;;10668;5;10671;21;;;10665.0;0.0
yf_MKC_d6;43200;ASH_COATED_OSMIUM;10017;10;10014;22;;;10023;13;10026;29;;;10020.0;0.0
yf_MKC_d6;43200;INTARIAN_PEPPER_ROOT;10653;13;10651;17;;;10677;23;10680;16;;;10665.0;0.0
yf_MKC_d6;43300;ASH_COATED_OSMIUM;10016;17;10013;26;;;10022;19;10026;23;;;10019.0;0.0
yf_MKC_d6;43300;INTARIAN_PEPPER_ROOT;10663;18;10659;22;;;10669;18;10672;19;;;10666.0;0.0
yf_MKC_d6;43400;ASH_COATED_OSMIUM;10015;22;10012;16;;;10024;16;10027;19;;;10019.5;0.0
yf_MKC_d6;43400;INTARIAN_PEPPER_ROOT;10660;15;10657;16;;;10671;18;10674;22;;;10665.5;0.0
yf_MKC_d6;43500;ASH_COATED_OSMIUM;10016;12;10012;28;;;10022;13;10025;23;;;10019.0;0.0
yf_MKC_d6;43500;INTARIAN_PEPPER_ROOT;10663;15;10659;15;;;10669;29;10671;17;;;10666.0;0.0
yf_MKC_d6;43600;ASH_COATED_OSMIUM;10005;7;10001;18;;;10034;21;10037;20;;;10019.5;0.0
yf_MKC_d6;43600;INTARIAN_PEPPER_ROOT;10664;17;10660;17;;;10670;13;10674;17;;;10667.0;0.0
yf_MKC_d6;43700;ASH_COATED_OSMIUM;10016;14;10013;26;;;10022;12;10026;21;;;10019.0;0.0
yf_MKC_d6;43700;INTARIAN_PEPPER_ROOT;10658;9;10655;14;;;10676;16;10680;14;;;10667.0;0.0
yf_MKC_d6;43800;ASH_COATED_OSMIUM;10016;13;10014;25;;;10022;23;10024;18;;;10019.0;0.0
yf_MKC_d6;43800;INTARIAN_PEPPER_ROOT;10664;13;10660;20;;;10670;20;10672;21;;;10667.0;0.0
yf_MKC_d6;43900;ASH_COATED_OSMIUM;10015;19;10012;19;;;10023;21;10027;17;;;10019.0;0.0
yf_MKC_d6;43900;INTARIAN_PEPPER_ROOT;10665;8;10663;25;;;10671;12;10673;16;;;10668.0;0.0
yf_MKC_d6;44000;ASH_COATED_OSMIUM;10014;8;10010;21;;;10023;7;10027;18;;;10018.5;0.0
yf_MKC_d6;44000;INTARIAN_PEPPER_ROOT;10660;21;10658;19;;;10674;15;10677;15;;;10667.0;0.0
yf_MKC_d6;44100;ASH_COATED_OSMIUM;10010;19;10006;14;;;10027;11;10029;29;;;10018.5;0.0
yf_MKC_d6;44100;INTARIAN_PEPPER_ROOT;10665;23;10661;24;;;10671;9;10673;25;;;10668.0;0.0
yf_MKC_d6;44200;ASH_COATED_OSMIUM;10015;5;10013;22;;;10022;12;10026;26;;;10018.5;0.0
yf_MKC_d6;44200;INTARIAN_PEPPER_ROOT;10666;7;10664;24;;;10672;25;10675;17;;;10669.0;0.0
yf_MKC_d6;44300;ASH_COATED_OSMIUM;10016;13;10014;10;;;10022;15;10026;17;;;10019.0;0.0
yf_MKC_d6;44300;INTARIAN_PEPPER_ROOT;10665;17;10663;16;;;10672;7;10674;22;;;10668.5;0.0
yf_MKC_d6;44400;ASH_COATED_OSMIUM;10015;22;10013;23;;;10021;21;10023;25;;;10018.0;0.0
yf_MKC_d6;44400;INTARIAN_PEPPER_ROOT;10665;5;10663;21;;;10671;18;10675;28;;;10668.0;0.0
yf_MKC_d6;44500;ASH_COATED_OSMIUM;10015;18;10013;12;;;10022;14;10025;18;;;10018.5;0.0
yf_MKC_d6;44500;INTARIAN_PEPPER_ROOT;10666;12;10662;18;;;10672;6;10675;23;;;10669.0;0.0
yf_MKC_d6;44600;ASH_COATED_OSMIUM;10015;14;10012;24;;;10021;17;10025;22;;;10018.0;0.0
yf_MKC_d6;44600;INTARIAN_PEPPER_ROOT;10666;20;10663;21;;;10672;12;10676;10;;;10669.0;0.0
yf_MKC_d6;44700;ASH_COATED_OSMIUM;10016;14;10012;19;;;10022;10;10024;16;;;10019.0;0.0
yf_MKC_d6;44700;INTARIAN_PEPPER_ROOT;10667;15;10663;28;;;10673;17;10677;19;;;10670.0;0.0
yf_MKC_d6;44800;ASH_COATED_OSMIUM;10011;14;10007;19;;;10025;21;10029;14;;;10018.0;0.0
yf_MKC_d6;44800;INTARIAN_PEPPER_ROOT;10654;20;10650;28;;;10685;11;10687;10;;;10669.5;0.0
yf_MKC_d6;44900;ASH_COATED_OSMIUM;10015;16;10011;16;;;10021;13;10023;22;;;10018.0;0.0
yf_MKC_d6;44900;INTARIAN_PEPPER_ROOT;10667;14;10665;16;;;10673;12;10675;20;;;10670.0;0.0
yf_MKC_d6;45000;ASH_COATED_OSMIUM;10012;18;10008;26;;;10025;18;10028;24;;;10018.5;0.0
yf_MKC_d6;45000;INTARIAN_PEPPER_ROOT;10668;16;10665;26;;;10674;5;10678;18;;;10671.0;0.0
yf_MKC_d6;45100;ASH_COATED_OSMIUM;10015;11;10012;16;;;10021;22;10024;22;;;10018.0;0.0
yf_MKC_d6;45100;INTARIAN_PEPPER_ROOT;10668;22;10664;20;;;10674;20;10678;19;;;10671.0;0.0
yf_MKC_d6;45200;ASH_COATED_OSMIUM;10014;18;10011;19;;;10022;6;10024;25;;;10018.0;0.0
yf_MKC_d6;45200;INTARIAN_PEPPER_ROOT;10667;15;10664;19;;;10674;20;10677;10;;;10670.5;0.0
yf_MKC_d6;45300;ASH_COATED_OSMIUM;10013;12;10011;28;;;10024;15;10026;25;;;10018.5;0.0
yf_MKC_d6;45300;INTARIAN_PEPPER_ROOT;10667;18;10664;16;;;10673;13;10676;16;;;10670.0;0.0
yf_MKC_d6;45400;ASH_COATED_OSMIUM;10015;11;10012;21;;;10021;19;10025;18;;;10018.0;0.0
yf_MKC_d6;45400;INTARIAN_PEPPER_ROOT;10666;11;10663;11;;;10676;14;10680;21;;;10671.0;0.0
yf_MKC_d6;45500;ASH_COATED_OSMIUM;10015;11;10013;28;;;10021;15;10025;25;;;10018.0;0.0
yf_MKC_d6;45500;INTARIAN_PEPPER_ROOT;10666;19;10664;19;;;10676;19;10679;13;;;10671.0;0.0
yf_MKC_d6;45600;ASH_COATED_OSMIUM;10014;12;10010;22;;;10021;14;10024;19;;;10017.5;0.0
yf_MKC_d6;45600;INTARIAN_PEPPER_ROOT;10661;16;10657;10;;;10683;5;10686;22;;;10672.0;0.0
yf_MKC_d6;45700;ASH_COATED_OSMIUM;10015;12;10013;18;;;10021;15;10025;21;;;10018.0;0.0
yf_MKC_d6;45700;INTARIAN_PEPPER_ROOT;10668;6;10665;25;;;10674;17;10677;20;;;10671.0;0.0
yf_MKC_d6;45800;ASH_COATED_OSMIUM;10010;12;10006;14;;;10026;27;10028;16;;;10018.0;0.0
yf_MKC_d6;45800;INTARIAN_PEPPER_ROOT;10669;11;10665;18;;;10675;14;10677;22;;;10672.0;0.0
yf_MKC_d6;45900;ASH_COATED_OSMIUM;10015;9;10012;10;;;10021;11;10025;22;;;10018.0;0.0
yf_MKC_d6;45900;INTARIAN_PEPPER_ROOT;10669;11;10667;25;;;10675;10;10679;8;;;10672.0;0.0
yf_MKC_d6;46000;ASH_COATED_OSMIUM;10015;13;10011;19;;;10021;16;10025;26;;;10018.0;0.0
yf_MKC_d6;46000;INTARIAN_PEPPER_ROOT;10669;10;10665;26;;;10676;14;10680;26;;;10672.5;0.0
yf_MKC_d6;46100;ASH_COATED_OSMIUM;10015;9;10013;11;;;10021;8;10025;30;;;10018.0;0.0
yf_MKC_d6;46100;INTARIAN_PEPPER_ROOT;10665;17;10662;12;;;10681;17;10684;20;;;10673.0;0.0
yf_MKC_d6;46200;ASH_COATED_OSMIUM;10014;10;10010;20;;;10020;14;10022;17;;;10017.0;0.0
yf_MKC_d6;46200;INTARIAN_PEPPER_ROOT;10664;14;10660;14;;;10683;12;10685;12;;;10673.5;0.0
yf_MKC_d6;46300;ASH_COATED_OSMIUM;10012;16;10008;19;;;10021;14;10024;23;;;10016.5;0.0
yf_MKC_d6;46300;INTARIAN_PEPPER_ROOT;10670;11;10667;16;;;10676;10;10679;22;;;10673.0;0.0
yf_MKC_d6;46400;ASH_COATED_OSMIUM;10014;15;10010;16;;;10021;16;10025;15;;;10017.5;0.0
yf_MKC_d6;46400;INTARIAN_PEPPER_ROOT;10671;7;10669;26;;;10677;11;10681;19;;;10674.0;0.0
yf_MKC_d6;46500;ASH_COATED_OSMIUM;10010;18;10007;15;;;10025;15;10027;19;;;10017.5;0.0
yf_MKC_d6;46500;INTARIAN_PEPPER_ROOT;10670;11;10667;21;;;10678;9;10681;19;;;10674.0;0.0
yf_MKC_d6;46600;ASH_COATED_OSMIUM;10014;22;10012;26;;;10020;6;10022;24;;;10017.0;0.0
yf_MKC_d6;46600;INTARIAN_PEPPER_ROOT;10664;20;10660;18;;;10686;23;10688;12;;;10675.0;0.0
yf_MKC_d6;46700;ASH_COATED_OSMIUM;10014;10;10011;26;;;10020;17;10023;20;;;10017.0;0.0
yf_MKC_d6;46700;INTARIAN_PEPPER_ROOT;10672;21;10668;27;;;10678;15;10680;19;;;10675.0;0.0
yf_MKC_d6;46800;ASH_COATED_OSMIUM;10013;13;10009;27;;;10019;5;10022;23;;;10016.0;0.0
yf_MKC_d6;46800;INTARIAN_PEPPER_ROOT;10671;13;10667;20;;;10677;7;10681;15;;;10674.0;0.0
yf_MKC_d6;46900;ASH_COATED_OSMIUM;10014;12;10012;28;;;10020;15;10024;16;;;10017.0;0.0
yf_MKC_d6;46900;INTARIAN_PEPPER_ROOT;10672;5;10669;23;;;10678;19;10681;10;;;10675.0;0.0
yf_MKC_d6;47000;ASH_COATED_OSMIUM;10014;12;10010;20;;;10020;13;10024;22;;;10017.0;0.0
yf_MKC_d6;47000;INTARIAN_PEPPER_ROOT;10663;22;10661;24;;;10687;13;10689;17;;;10675.0;0.0
yf_MKC_d6;47100;ASH_COATED_OSMIUM;10014;14;10011;20;;;10020;14;10022;24;;;10017.0;0.0
yf_MKC_d6;47100;INTARIAN_PEPPER_ROOT;10672;12;10669;20;;;10678;19;10680;8;;;10675.0;0.0
yf_MKC_d6;47200;ASH_COATED_OSMIUM;10013;18;10011;12;;;10021;20;10023;19;;;10017.0;0.0
yf_MKC_d6;47200;INTARIAN_PEPPER_ROOT;10673;11;10669;22;;;10679;20;10682;27;;;10676.0;0.0
yf_MKC_d6;47300;ASH_COATED_OSMIUM;10014;20;10010;9;;;10020;6;10024;17;;;10017.0;0.0
yf_MKC_d6;47300;INTARIAN_PEPPER_ROOT;10668;7;10665;31;;;10683;16;10686;16;;;10675.5;0.0
yf_MKC_d6;47400;ASH_COATED_OSMIUM;10008;11;10005;24;;;10026;23;10030;21;;;10017.0;0.0
yf_MKC_d6;47400;INTARIAN_PEPPER_ROOT;10673;5;10671;23;;;10679;15;10683;15;;;10676.0;0.0
yf_MKC_d6;47500;ASH_COATED_OSMIUM;10014;12;10011;23;;;10020;15;10023;24;;;10017.0;0.0
yf_MKC_d6;47500;INTARIAN_PEPPER_ROOT;10672;11;10670;18;;;10682;18;10685;18;;;10677.0;0.0
yf_MKC_d6;47600;ASH_COATED_OSMIUM;10014;16;10011;21;;;10020;10;10022;12;;;10017.0;0.0
yf_MKC_d6;47600;INTARIAN_PEPPER_ROOT;10674;16;10670;17;;;10680;15;10682;8;;;10677.0;0.0
yf_MKC_d6;47700;ASH_COATED_OSMIUM;10012;8;10008;25;;;10022;17;10025;11;;;10017.0;0.0
yf_MKC_d6;47700;INTARIAN_PEPPER_ROOT;10673;14;10669;15;;;10679;21;10682;19;;;10676.0;0.0
yf_MKC_d6;47800;ASH_COATED_OSMIUM;10004;12;10000;16;;;10029;5;10031;17;;;10016.5;0.0
yf_MKC_d6;47800;INTARIAN_PEPPER_ROOT;10674;17;10670;21;;;10680;17;10683;23;;;10677.0;0.0
yf_MKC_d6;47900;ASH_COATED_OSMIUM;10010;18;10008;14;;;10022;7;10025;19;;;10016.0;0.0
yf_MKC_d6;47900;INTARIAN_PEPPER_ROOT;10674;7;10671;17;;;10680;15;10682;17;;;10677.0;0.0
yf_MKC_d6;48000;ASH_COATED_OSMIUM;10013;26;10009;24;;;10019;15;10021;22;;;10016.0;0.0
yf_MKC_d6;48000;INTARIAN_PEPPER_ROOT;10674;12;10672;24;;;10682;19;10686;26;;;10678.0;0.0
yf_MKC_d6;48100;ASH_COATED_OSMIUM;10013;15;10009;20;;;10019;8;10021;13;;;10016.0;0.0
yf_MKC_d6;48100;INTARIAN_PEPPER_ROOT;10675;26;10672;8;;;10681;17;10684;13;;;10678.0;0.0
yf_MKC_d6;48200;ASH_COATED_OSMIUM;10003;17;9999;23;;;10030;21;10032;26;;;10016.5;0.0
yf_MKC_d6;48200;INTARIAN_PEPPER_ROOT;10675;9;10673;20;;;10681;15;10685;15;;;10678.0;0.0
yf_MKC_d6;48300;ASH_COATED_OSMIUM;10013;19;10010;22;;;10019;18;10023;11;;;10016.0;0.0
yf_MKC_d6;48300;INTARIAN_PEPPER_ROOT;10675;25;10671;18;;;10681;17;10684;12;;;10678.0;0.0
yf_MKC_d6;48400;ASH_COATED_OSMIUM;10013;22;10011;20;;;10019;14;10022;17;;;10016.0;0.0
yf_MKC_d6;48400;INTARIAN_PEPPER_ROOT;10676;5;10672;14;;;10682;11;10686;22;;;10679.0;0.0
yf_MKC_d6;48500;ASH_COATED_OSMIUM;10013;15;10011;12;;;10019;19;10021;27;;;10016.0;0.0
yf_MKC_d6;48500;INTARIAN_PEPPER_ROOT;10675;17;10673;15;;;10681;17;10684;20;;;10678.0;0.0
yf_MKC_d6;48600;ASH_COATED_OSMIUM;10012;16;10008;17;;;10022;17;10024;18;;;10017.0;0.0
yf_MKC_d6;48600;INTARIAN_PEPPER_ROOT;10676;21;10674;25;;;10682;16;10684;22;;;10679.0;0.0
yf_MKC_d6;48700;ASH_COATED_OSMIUM;10010;15;10008;15;;;10022;13;10024;22;;;10016.0;0.0
yf_MKC_d6;48700;INTARIAN_PEPPER_ROOT;10673;12;10671;23;;;10685;12;10688;8;;;10679.0;0.0
yf_MKC_d6;48800;ASH_COATED_OSMIUM;10007;22;10003;24;;;10026;9;10028;20;;;10016.5;0.0
yf_MKC_d6;48800;INTARIAN_PEPPER_ROOT;10677;12;10673;20;;;10683;10;10687;22;;;10680.0;0.0
yf_MKC_d6;48900;ASH_COATED_OSMIUM;10010;18;10006;13;;;10021;16;10025;26;;;10015.5;0.0
yf_MKC_d6;48900;INTARIAN_PEPPER_ROOT;10671;24;10669;18;;;10688;16;10690;15;;;10679.5;0.0
yf_MKC_d6;49000;ASH_COATED_OSMIUM;10013;7;10011;16;;;10019;16;10023;17;;;10016.0;0.0
yf_MKC_d6;49000;INTARIAN_PEPPER_ROOT;10676;9;10674;20;;;10684;12;10688;24;;;10680.0;0.0
yf_MKC_d6;49100;ASH_COATED_OSMIUM;10013;12;10009;20;;;10019;10;10023;18;;;10016.0;0.0
yf_MKC_d6;49100;INTARIAN_PEPPER_ROOT;10677;8;10674;17;;;10685;11;10688;17;;;10681.0;0.0
yf_MKC_d6;49200;ASH_COATED_OSMIUM;10013;17;10010;18;;;10019;24;10021;27;;;10016.0;0.0
yf_MKC_d6;49200;INTARIAN_PEPPER_ROOT;10671;10;10668;18;;;10690;18;10692;25;;;10680.5;0.0
yf_MKC_d6;49300;ASH_COATED_OSMIUM;10011;11;10007;16;;;10019;22;10021;23;;;10015.0;0.0
yf_MKC_d6;49300;INTARIAN_PEPPER_ROOT;10672;20;10670;23;;;10690;24;10692;18;;;10681.0;0.0
yf_MKC_d6;49400;ASH_COATED_OSMIUM;10012;15;10010;10;;;10019;11;10022;14;;;10015.5;0.0
yf_MKC_d6;49400;INTARIAN_PEPPER_ROOT;10678;9;10674;19;;;10684;19;10688;15;;;10681.0;0.0
yf_MKC_d6;49500;ASH_COATED_OSMIUM;10012;13;10009;17;;;10018;26;10020;21;;;10015.0;0.0
yf_MKC_d6;49500;INTARIAN_PEPPER_ROOT;10674;14;10670;25;;;10690;6;10693;15;;;10682.0;0.0
yf_MKC_d6;49600;ASH_COATED_OSMIUM;10007;23;10004;18;;;10024;14;10027;26;;;10015.5;0.0
yf_MKC_d6;49600;INTARIAN_PEPPER_ROOT;10669;26;10666;28;;;10694;10;10697;12;;;10681.5;0.0
yf_MKC_d6;49700;ASH_COATED_OSMIUM;10012;5;10010;19;;;10018;18;10021;24;;;10015.0;0.0
yf_MKC_d6;49700;INTARIAN_PEPPER_ROOT;10679;12;10677;15;;;10685;21;10689;16;;;10682.0;0.0
yf_MKC_d6;49800;ASH_COATED_OSMIUM;10012;10;10009;26;;;10018;11;10022;19;;;10015.0;0.0
yf_MKC_d6;49800;INTARIAN_PEPPER_ROOT;10679;13;10675;16;;;10685;14;10687;20;;;10682.0;0.0
yf_MKC_d6;49900;ASH_COATED_OSMIUM;10012;24;10008;16;;;10018;15;10020;30;;;10015.0;0.0
yf_MKC_d6;49900;INTARIAN_PEPPER_ROOT;10679;10;10676;21;;;10685;7;10687;12;;;10682.0;0.0
yf_MKC_d6;50000;ASH_COATED_OSMIUM;10012;10;10009;20;;;10018;10;10020;22;;;10015.0;0.0
yf_MKC_d6;50000;INTARIAN_PEPPER_ROOT;10680;14;10677;18;;;10686;14;10689;27;;;10683.0;0.0
yf_MKC_d6;50100;ASH_COATED_OSMIUM;10012;25;10008;19;;;10019;18;10022;21;;;10015.5;0.0
yf_MKC_d6;50100;INTARIAN_PEPPER_ROOT;10680;23;10677;21;;;10686;15;10690;20;;;10683.0;0.0
yf_MKC_d6;50200;ASH_COATED_OSMIUM;10012;20;10010;25;;;10018;13;10022;16;;;10015.0;0.0
yf_MKC_d6;50200;INTARIAN_PEPPER_ROOT;10679;11;10675;21;;;10686;19;10688;18;;;10682.5;0.0
yf_MKC_d6;50300;ASH_COATED_OSMIUM;10009;12;10006;22;;;10021;15;10023;23;;;10015.0;0.0
yf_MKC_d6;50300;INTARIAN_PEPPER_ROOT;10673;22;10669;21;;;10692;18;10695;19;;;10682.5;0.0
yf_MKC_d6;50400;ASH_COATED_OSMIUM;10012;8;10008;19;;;10018;20;10021;26;;;10015.0;0.0
yf_MKC_d6;50400;INTARIAN_PEPPER_ROOT;10680;7;10676;21;;;10687;13;10689;18;;;10683.5;0.0
yf_MKC_d6;50500;ASH_COATED_OSMIUM;10011;15;10007;24;;;10017;15;10019;21;;;10014.0;0.0
yf_MKC_d6;50500;INTARIAN_PEPPER_ROOT;10681;18;10678;25;;;10687;21;10691;20;;;10684.0;0.0
yf_MKC_d6;50600;ASH_COATED_OSMIUM;10012;17;10009;23;;;10018;15;10021;22;;;10015.0;0.0
yf_MKC_d6;50600;INTARIAN_PEPPER_ROOT;10681;8;10677;24;;;10687;13;10690;28;;;10684.0;0.0
yf_MKC_d6;50700;ASH_COATED_OSMIUM;10012;23;10008;31;;;10018;15;10020;28;;;10015.0;0.0
yf_MKC_d6;50700;INTARIAN_PEPPER_ROOT;10681;17;10679;18;;;10687;15;10689;17;;;10684.0;0.0
yf_MKC_d6;50800;ASH_COATED_OSMIUM;10009;10;10006;22;;;10019;13;10022;28;;;10014.0;0.0
yf_MKC_d6;50800;INTARIAN_PEPPER_ROOT;10681;9;10678;23;;;10687;17;10689;24;;;10684.0;0.0
yf_MKC_d6;50900;ASH_COATED_OSMIUM;10009;22;10005;21;;;10020;15;10024;23;;;10014.5;0.0
yf_MKC_d6;50900;INTARIAN_PEPPER_ROOT;10682;16;10680;24;;;10688;24;10691;26;;;10685.0;0.0
yf_MKC_d6;51000;ASH_COATED_OSMIUM;10011;21;10009;34;;;10017;12;10019;15;;;10014.0;0.0
yf_MKC_d6;51000;INTARIAN_PEPPER_ROOT;10682;14;10680;18;;;10688;14;10691;22;;;10685.0;0.0
yf_MKC_d6;51100;ASH_COATED_OSMIUM;10012;10;10008;19;;;10018;17;10021;20;;;10015.0;0.0
yf_MKC_d6;51100;INTARIAN_PEPPER_ROOT;10682;11;10680;30;;;10688;14;10691;16;;;10685.0;0.0
yf_MKC_d6;51200;ASH_COATED_OSMIUM;10012;14;10008;22;;;10018;18;10021;19;;;10015.0;0.0
yf_MKC_d6;51200;INTARIAN_PEPPER_ROOT;10683;18;10680;23;;;10689;20;10691;15;;;10686.0;0.0
yf_MKC_d6;51300;ASH_COATED_OSMIUM;10012;18;10009;23;;;10018;9;10021;15;;;10015.0;0.0
yf_MKC_d6;51300;INTARIAN_PEPPER_ROOT;10683;11;10681;19;;;10689;8;10691;16;;;10686.0;0.0
yf_MKC_d6;51400;ASH_COATED_OSMIUM;10012;15;10008;31;;;10018;8;10022;15;;;10015.0;0.0
yf_MKC_d6;51400;INTARIAN_PEPPER_ROOT;10681;10;10677;24;;;10692;14;10696;20;;;10686.5;0.0
yf_MKC_d6;51500;ASH_COATED_OSMIUM;10013;7;10010;23;;;10019;20;10023;14;;;10016.0;0.0
yf_MKC_d6;51500;INTARIAN_PEPPER_ROOT;10683;15;10681;28;;;10689;19;10693;21;;;10686.0;0.0
yf_MKC_d6;51600;ASH_COATED_OSMIUM;10013;20;10011;19;;;10019;20;10021;11;;;10016.0;0.0
yf_MKC_d6;51600;INTARIAN_PEPPER_ROOT;10674;9;10672;13;;;10698;8;10702;13;;;10686.0;0.0
yf_MKC_d6;51700;ASH_COATED_OSMIUM;10012;19;10008;26;;;10020;14;10022;17;;;10016.0;0.0
yf_MKC_d6;51700;INTARIAN_PEPPER_ROOT;10684;13;10680;22;;;10690;10;10692;19;;;10687.0;0.0
yf_MKC_d6;51800;ASH_COATED_OSMIUM;10013;17;10010;21;;;10019;14;10023;26;;;10016.0;0.0
yf_MKC_d6;51800;INTARIAN_PEPPER_ROOT;10684;23;10681;11;;;10690;16;10693;22;;;10687.0;0.0
yf_MKC_d6;51900;ASH_COATED_OSMIUM;10013;21;10011;15;;;10019;11;10023;21;;;10016.0;0.0
yf_MKC_d6;51900;INTARIAN_PEPPER_ROOT;10671;20;10668;26;;;10703;10;10707;21;;;10687.0;0.0
yf_MKC_d6;52000;ASH_COATED_OSMIUM;10014;14;10012;15;;;10020;18;10023;26;;;10017.0;0.0
yf_MKC_d6;52000;INTARIAN_PEPPER_ROOT;10684;14;10681;11;;;10690;22;10694;18;;;10687.0;0.0
yf_MKC_d6;52100;ASH_COATED_OSMIUM;10013;16;10010;17;;;10019;17;10022;24;;;10016.0;0.0
yf_MKC_d6;52100;INTARIAN_PEPPER_ROOT;10685;15;10681;16;;;10691;20;10695;22;;;10688.0;0.0
yf_MKC_d6;52200;ASH_COATED_OSMIUM;10013;15;10009;16;;;10019;10;10023;11;;;10016.0;0.0
yf_MKC_d6;52200;INTARIAN_PEPPER_ROOT;10685;12;10682;26;;;10691;16;10693;12;;;10688.0;0.0
yf_MKC_d6;52300;ASH_COATED_OSMIUM;10008;13;10004;18;;;10025;13;10027;26;;;10016.5;0.0
yf_MKC_d6;52300;INTARIAN_PEPPER_ROOT;10685;11;10681;19;;;10691;14;10695;23;;;10688.0;0.0
yf_MKC_d6;52400;ASH_COATED_OSMIUM;10014;13;10011;28;;;10020;16;10024;17;;;10017.0;0.0
yf_MKC_d6;52400;INTARIAN_PEPPER_ROOT;10686;13;10682;18;;;10692;17;10694;14;;;10689.0;0.0
yf_MKC_d6;52500;ASH_COATED_OSMIUM;10011;17;10009;21;;;10023;21;10027;15;;;10017.0;0.0
yf_MKC_d6;52500;INTARIAN_PEPPER_ROOT;10685;19;10682;14;;;10694;24;10698;20;;;10689.5;0.0
yf_MKC_d6;52600;ASH_COATED_OSMIUM;10010;11;10008;15;;;10024;13;10027;21;;;10017.0;0.0
yf_MKC_d6;52600;INTARIAN_PEPPER_ROOT;10672;11;10668;25;;;10707;14;10710;17;;;10689.5;0.0
yf_MKC_d6;52700;ASH_COATED_OSMIUM;10012;20;10009;23;;;10022;15;10026;13;;;10017.0;0.0
yf_MKC_d6;52700;INTARIAN_PEPPER_ROOT;10686;5;10684;18;;;10694;8;10697;18;;;10690.0;0.0
yf_MKC_d6;52800;ASH_COATED_OSMIUM;10015;13;10012;20;;;10021;14;10024;13;;;10018.0;0.0
yf_MKC_d6;52800;INTARIAN_PEPPER_ROOT;10687;22;10685;27;;;10693;15;10697;30;;;10690.0;0.0
yf_MKC_d6;52900;ASH_COATED_OSMIUM;10011;8;10009;13;;;10025;5;10028;25;;;10018.0;0.0
yf_MKC_d6;52900;INTARIAN_PEPPER_ROOT;10687;10;10684;17;;;10693;20;10697;12;;;10690.0;0.0
yf_MKC_d6;53000;ASH_COATED_OSMIUM;10015;14;10011;21;;;10021;14;10023;17;;;10018.0;0.0
yf_MKC_d6;53000;INTARIAN_PEPPER_ROOT;10687;8;10683;19;;;10693;13;10696;15;;;10690.0;0.0
yf_MKC_d6;53100;ASH_COATED_OSMIUM;10014;18;10010;27;;;10022;14;10026;32;;;10018.0;0.0
yf_MKC_d6;53100;INTARIAN_PEPPER_ROOT;10688;15;10684;18;;;10694;22;10697;20;;;10691.0;0.0
yf_MKC_d6;53200;ASH_COATED_OSMIUM;10015;23;10011;20;;;10021;19;10023;18;;;10018.0;0.0
yf_MKC_d6;53200;INTARIAN_PEPPER_ROOT;10686;14;10683;24;;;10695;8;10698;19;;;10690.5;0.0
yf_MKC_d6;53300;ASH_COATED_OSMIUM;10015;18;10012;25;;;10021;23;10023;20;;;10018.0;0.0
yf_MKC_d6;53300;INTARIAN_PEPPER_ROOT;10685;9;10682;17;;;10698;17;10700;21;;;10691.5;0.0
yf_MKC_d6;53400;ASH_COATED_OSMIUM;10014;6;10012;15;;;10023;19;10026;18;;;10018.5;0.0
yf_MKC_d6;53400;INTARIAN_PEPPER_ROOT;10687;22;10683;17;;;10696;28;10699;19;;;10691.5;0.0
yf_MKC_d6;53500;ASH_COATED_OSMIUM;10016;11;10013;17;;;10022;9;10025;24;;;10019.0;0.0
yf_MKC_d6;53500;INTARIAN_PEPPER_ROOT;10688;13;10684;25;;;10694;8;10697;23;;;10691.0;0.0
yf_MKC_d6;53600;ASH_COATED_OSMIUM;10015;14;10011;28;;;10023;13;10025;19;;;10019.0;0.0
yf_MKC_d6;53600;INTARIAN_PEPPER_ROOT;10688;16;10686;24;;;10694;21;10696;13;;;10691.0;0.0
yf_MKC_d6;53700;ASH_COATED_OSMIUM;10016;8;10012;19;;;10022;7;10025;23;;;10019.0;0.0
yf_MKC_d6;53700;INTARIAN_PEPPER_ROOT;10686;15;10684;10;;;10700;14;10703;13;;;10693.0;0.0
yf_MKC_d6;53800;ASH_COATED_OSMIUM;10016;11;10014;20;;;10022;13;10026;23;;;10019.0;0.0
yf_MKC_d6;53800;INTARIAN_PEPPER_ROOT;10689;19;10687;12;;;10695;15;10699;24;;;10692.0;0.0
yf_MKC_d6;53900;ASH_COATED_OSMIUM;10013;19;10011;26;;;10026;22;10028;22;;;10019.5;0.0
yf_MKC_d6;53900;INTARIAN_PEPPER_ROOT;10686;13;10683;26;;;10698;8;10700;20;;;10692.0;0.0
yf_MKC_d6;54000;ASH_COATED_OSMIUM;10016;11;10013;12;;;10022;7;10025;24;;;10019.0;0.0
yf_MKC_d6;54000;INTARIAN_PEPPER_ROOT;10690;14;10686;13;;;10696;15;10700;29;;;10693.0;0.0
yf_MKC_d6;54100;ASH_COATED_OSMIUM;10017;6;10015;16;;;10023;11;10025;15;;;10020.0;0.0
yf_MKC_d6;54100;INTARIAN_PEPPER_ROOT;10691;13;10687;25;;;10697;19;10699;19;;;10694.0;0.0
yf_MKC_d6;54200;ASH_COATED_OSMIUM;10017;20;10014;26;;;10023;11;10027;23;;;10020.0;0.0
yf_MKC_d6;54200;INTARIAN_PEPPER_ROOT;10690;16;10688;14;;;10696;19;10698;22;;;10693.0;0.0
yf_MKC_d6;54300;ASH_COATED_OSMIUM;10016;14;10012;18;;;10025;16;10029;19;;;10020.5;0.0
yf_MKC_d6;54300;INTARIAN_PEPPER_ROOT;10691;5;10688;18;;;10697;22;10701;17;;;10694.0;0.0
yf_MKC_d6;54400;ASH_COATED_OSMIUM;10015;16;10011;19;;;10026;18;10029;17;;;10020.5;0.0
yf_MKC_d6;54400;INTARIAN_PEPPER_ROOT;10689;11;10687;23;;;10700;6;10704;23;;;10694.5;0.0
yf_MKC_d6;54500;ASH_COATED_OSMIUM;10017;16;10014;14;;;10023;12;10027;21;;;10020.0;0.0
yf_MKC_d6;54500;INTARIAN_PEPPER_ROOT;10692;7;10688;12;;;10698;19;10702;22;;;10695.0;0.0
yf_MKC_d6;54600;ASH_COATED_OSMIUM;10017;17;10015;13;;;10023;13;10026;16;;;10020.0;0.0
yf_MKC_d6;54600;INTARIAN_PEPPER_ROOT;10684;12;10680;15;;;10705;17;10708;15;;;10694.5;0.0
yf_MKC_d6;54700;ASH_COATED_OSMIUM;10017;17;10015;21;;;10023;7;10026;13;;;10020.0;0.0
yf_MKC_d6;54700;INTARIAN_PEPPER_ROOT;10691;13;10687;25;;;10698;13;10702;8;;;10694.5;0.0
yf_MKC_d6;54800;ASH_COATED_OSMIUM;10018;15;10015;14;;;10024;12;10028;24;;;10021.0;0.0
yf_MKC_d6;54800;INTARIAN_PEPPER_ROOT;10692;11;10689;19;;;10698;19;10702;20;;;10695.0;0.0
yf_MKC_d6;54900;ASH_COATED_OSMIUM;10014;5;10012;23;;;10027;15;10029;19;;;10020.5;0.0
yf_MKC_d6;54900;INTARIAN_PEPPER_ROOT;10692;12;10688;20;;;10698;17;10700;17;;;10695.0;0.0
yf_MKC_d6;55000;ASH_COATED_OSMIUM;10009;11;10007;16;;;10033;5;10036;13;;;10021.0;0.0
yf_MKC_d6;55000;INTARIAN_PEPPER_ROOT;10689;12;10685;23;;;10704;16;10706;19;;;10696.5;0.0
yf_MKC_d6;55100;ASH_COATED_OSMIUM;10011;11;10007;28;;;10030;5;10034;15;;;10020.5;0.0
yf_MKC_d6;55100;INTARIAN_PEPPER_ROOT;10693;7;10691;22;;;10699;5;10701;22;;;10696.0;0.0
yf_MKC_d6;55200;ASH_COATED_OSMIUM;10018;10;10015;29;;;10024;26;10026;18;;;10021.0;0.0
yf_MKC_d6;55200;INTARIAN_PEPPER_ROOT;10693;18;10690;21;;;10699;16;10702;23;;;10696.0;0.0
yf_MKC_d6;55300;ASH_COATED_OSMIUM;10019;13;10015;19;;;10025;18;10027;16;;;10022.0;0.0
yf_MKC_d6;55300;INTARIAN_PEPPER_ROOT;10693;19;10689;25;;;10699;11;10703;17;;;10696.0;0.0
yf_MKC_d6;55400;ASH_COATED_OSMIUM;10014;9;10012;30;;;10031;16;10034;21;;;10022.5;0.0
yf_MKC_d6;55400;INTARIAN_PEPPER_ROOT;10690;17;10686;8;;;10703;14;10707;14;;;10696.5;0.0
yf_MKC_d6;55500;ASH_COATED_OSMIUM;10018;12;10016;21;;;10024;9;10028;19;;;10021.0;0.0
yf_MKC_d6;55500;INTARIAN_PEPPER_ROOT;10694;16;10692;21;;;10700;20;10704;17;;;10697.0;0.0
yf_MKC_d6;55600;ASH_COATED_OSMIUM;10018;20;10014;23;;;10026;10;10030;16;;;10022.0;0.0
yf_MKC_d6;55600;INTARIAN_PEPPER_ROOT;10694;21;10691;24;;;10700;8;10704;9;;;10697.0;0.0
yf_MKC_d6;55700;ASH_COATED_OSMIUM;10019;16;10017;20;;;10025;10;10027;16;;;10022.0;0.0
yf_MKC_d6;55700;INTARIAN_PEPPER_ROOT;10693;16;10691;21;;;10702;13;10706;23;;;10697.5;0.0
yf_MKC_d6;55800;ASH_COATED_OSMIUM;10015;15;10011;16;;;10029;16;10031;21;;;10022.0;0.0
yf_MKC_d6;55800;INTARIAN_PEPPER_ROOT;10695;5;10693;29;;;10701;7;10704;20;;;10698.0;0.0
yf_MKC_d6;55900;ASH_COATED_OSMIUM;10004;16;10000;11;;;10040;10;10043;23;;;10022.0;0.0
yf_MKC_d6;55900;INTARIAN_PEPPER_ROOT;10692;24;10688;17;;;10704;11;10706;13;;;10698.0;0.0
yf_MKC_d6;56000;ASH_COATED_OSMIUM;10011;12;10007;21;;;10033;11;10037;19;;;10022.0;0.0
yf_MKC_d6;56000;INTARIAN_PEPPER_ROOT;10695;11;10691;16;;;10701;8;10703;24;;;10698.0;0.0
yf_MKC_d6;56100;ASH_COATED_OSMIUM;10020;22;10018;10;;;10026;11;10028;21;;;10023.0;0.0
yf_MKC_d6;56100;INTARIAN_PEPPER_ROOT;10691;15;10687;16;;;10706;19;10709;19;;;10698.5;0.0
yf_MKC_d6;56200;ASH_COATED_OSMIUM;10020;14;10018;24;;;10026;9;10030;21;;;10023.0;0.0
yf_MKC_d6;56200;INTARIAN_PEPPER_ROOT;10689;16;10687;20;;;10710;8;10712;8;;;10699.5;0.0
yf_MKC_d6;56300;ASH_COATED_OSMIUM;10020;19;10018;18;;;10026;8;10030;13;;;10023.0;0.0
yf_MKC_d6;56300;INTARIAN_PEPPER_ROOT;10691;12;10687;19;;;10707;13;10709;15;;;10699.0;0.0
yf_MKC_d6;56400;ASH_COATED_OSMIUM;10020;14;10017;23;;;10026;20;10028;20;;;10023.0;0.0
yf_MKC_d6;56400;INTARIAN_PEPPER_ROOT;10696;16;10694;20;;;10702;29;10706;18;;;10699.0;0.0
yf_MKC_d6;56500;ASH_COATED_OSMIUM;10021;22;10017;8;;;10027;20;10029;17;;;10024.0;0.0
yf_MKC_d6;56500;INTARIAN_PEPPER_ROOT;10695;19;10692;17;;;10705;20;10707;11;;;10700.0;0.0
yf_MKC_d6;56600;ASH_COATED_OSMIUM;10018;9;10015;11;;;10030;8;10033;32;;;10024.0;0.0
yf_MKC_d6;56600;INTARIAN_PEPPER_ROOT;10687;18;10685;16;;;10713;14;10716;15;;;10700.0;0.0
yf_MKC_d6;56700;ASH_COATED_OSMIUM;10016;18;10012;24;;;10031;26;10034;20;;;10023.5;0.0
yf_MKC_d6;56700;INTARIAN_PEPPER_ROOT;10697;29;10693;20;;;10703;13;10705;17;;;10700.0;0.0
yf_MKC_d6;56800;ASH_COATED_OSMIUM;10015;12;10013;20;;;10032;9;10036;20;;;10023.5;0.0
yf_MKC_d6;56800;INTARIAN_PEPPER_ROOT;10691;10;10688;19;;;10709;15;10712;29;;;10700.0;0.0
yf_MKC_d6;56900;ASH_COATED_OSMIUM;10014;6;10010;28;;;10033;15;10035;14;;;10023.5;0.0
yf_MKC_d6;56900;INTARIAN_PEPPER_ROOT;10698;7;10695;17;;;10704;19;10708;12;;;10701.0;0.0
yf_MKC_d6;57000;ASH_COATED_OSMIUM;10018;14;10015;17;;;10030;15;10032;14;;;10024.0;0.0
yf_MKC_d6;57000;INTARIAN_PEPPER_ROOT;10685;11;10681;24;;;10717;22;10719;23;;;10701.0;0.0
yf_MKC_d6;57100;ASH_COATED_OSMIUM;10021;16;10019;24;;;10027;16;10029;17;;;10024.0;0.0
yf_MKC_d6;57100;INTARIAN_PEPPER_ROOT;10696;17;10692;12;;;10706;12;10709;21;;;10701.0;0.0
yf_MKC_d6;57200;ASH_COATED_OSMIUM;10011;16;10007;24;;;10037;16;10039;21;;;10024.0;0.0
yf_MKC_d6;57200;INTARIAN_PEPPER_ROOT;10698;15;10694;23;;;10704;24;10708;21;;;10701.0;0.0
yf_MKC_d6;57300;ASH_COATED_OSMIUM;10021;17;10017;15;;;10027;16;10031;22;;;10024.0;0.0
