day;timestamp;product;bid_price_1;bid_volume_1;bid_price_2;bid_volume_2;bid_price_3;bid_volume_3;ask_price_1;ask_volume_1;ask_price_2;ask_volume_2;ask_price_3;ask_volume_3;mid_price;profit_and_loss
yf_ZS=F_d13;0;ASH_COATED_OSMIUM;9961;8;9959;8;;;9979;16;9983;17;;;9970.0;0.0
yf_ZS=F_d13;0;INTARIAN_PEPPER_ROOT;12150;13;12148;18;;;12171;7;12174;16;;;12160.5;0.0
yf_ZS=F_d13;100;ASH_COATED_OSMIUM;9967;17;9964;14;;;9974;17;9977;19;;;9970.5;0.0
yf_ZS=F_d13;100;INTARIAN_PEPPER_ROOT;12154;8;12151;16;;;12162;26;12166;28;;;12158.0;0.0
yf_ZS=F_d13;200;ASH_COATED_OSMIUM;9965;17;9963;9;;;9977;19;9979;15;;;9971.0;0.0
yf_ZS=F_d13;200;INTARIAN_PEPPER_ROOT;12153;16;12150;26;;;12161;15;12165;26;;;12157.0;0.0
yf_ZS=F_d13;300;ASH_COATED_OSMIUM;9967;10;9964;17;;;9974;19;9978;17;;;9970.5;0.0
yf_ZS=F_d13;300;INTARIAN_PEPPER_ROOT;12150;21;12148;29;;;12161;14;12163;15;;;12155.5;0.0
yf_ZS=F_d13;400;ASH_COATED_OSMIUM;9967;22;9963;23;;;9973;22;9975;17;;;9970.0;0.0
yf_ZS=F_d13;400;INTARIAN_PEPPER_ROOT;12147;17;12145;17;;;12161;16;12165;21;;;12154.0;0.0
yf_ZS=F_d13;500;ASH_COATED_OSMIUM;9967;20;9965;26;;;9973;16;9976;13;;;9970.0;0.0
yf_ZS=F_d13;500;INTARIAN_PEPPER_ROOT;12149;19;12145;14;;;12156;23;12160;13;;;12152.5;0.0
yf_ZS=F_d13;600;ASH_COATED_OSMIUM;9967;14;9965;18;;;9973;5;9975;19;;;9970.0;0.0
yf_ZS=F_d13;600;INTARIAN_PEPPER_ROOT;12148;15;12146;14;;;12154;7;12158;21;;;12151.0;0.0
yf_ZS=F_d13;700;ASH_COATED_OSMIUM;9966;14;9962;23;;;9974;11;9978;20;;;9970.0;0.0
yf_ZS=F_d13;700;INTARIAN_PEPPER_ROOT;12146;24;12144;8;;;12152;20;12155;17;;;12149.0;0.0
yf_ZS=F_d13;800;ASH_COATED_OSMIUM;9963;21;9961;20;;;9977;15;9979;19;;;9970.0;0.0
yf_ZS=F_d13;800;INTARIAN_PEPPER_ROOT;12145;12;12142;18;;;12151;15;12155;18;;;12148.0;0.0
yf_ZS=F_d13;900;ASH_COATED_OSMIUM;9967;14;9963;13;;;9973;19;9977;22;;;9970.0;0.0
yf_ZS=F_d13;900;INTARIAN_PEPPER_ROOT;12122;13;12119;17;;;12170;9;12174;25;;;12146.0;0.0
yf_ZS=F_d13;1000;ASH_COATED_OSMIUM;9966;18;9964;24;;;9972;12;9974;20;;;9969.0;0.0
yf_ZS=F_d13;1000;INTARIAN_PEPPER_ROOT;12142;10;12140;16;;;12148;15;12151;14;;;12145.0;0.0
yf_ZS=F_d13;1100;ASH_COATED_OSMIUM;9967;20;9963;19;;;9973;18;9976;20;;;9970.0;0.0
yf_ZS=F_d13;1100;INTARIAN_PEPPER_ROOT;12134;21;12131;27;;;12152;15;12155;12;;;12143.0;0.0
yf_ZS=F_d13;1200;ASH_COATED_OSMIUM;9967;14;9965;8;;;9973;9;9975;23;;;9970.0;0.0
yf_ZS=F_d13;1200;INTARIAN_PEPPER_ROOT;12139;15;12137;22;;;12145;18;12148;17;;;12142.0;0.0
yf_ZS=F_d13;1300;ASH_COATED_OSMIUM;9958;11;9954;23;;;9981;13;9983;18;;;9969.5;0.0
yf_ZS=F_d13;1300;INTARIAN_PEPPER_ROOT;12138;15;12135;15;;;12144;11;12147;18;;;12141.0;0.0
yf_ZS=F_d13;1400;ASH_COATED_OSMIUM;9960;22;9957;20;;;9981;18;9985;21;;;9970.5;0.0
yf_ZS=F_d13;1400;INTARIAN_PEPPER_ROOT;12123;10;12120;21;;;12154;13;12158;20;;;12138.5;0.0
yf_ZS=F_d13;1500;ASH_COATED_OSMIUM;9964;22;9961;15;;;9977;17;9980;21;;;9970.5;0.0
yf_ZS=F_d13;1500;INTARIAN_PEPPER_ROOT;12134;5;12130;16;;;12140;24;12142;11;;;12137.0;0.0
yf_ZS=F_d13;1600;ASH_COATED_OSMIUM;9967;5;9963;16;;;9973;5;9977;28;;;9970.0;0.0
yf_ZS=F_d13;1600;INTARIAN_PEPPER_ROOT;12132;8;12130;16;;;12138;7;12142;18;;;12135.0;0.0
yf_ZS=F_d13;1700;ASH_COATED_OSMIUM;9962;17;9959;22;;;9976;14;9978;19;;;9969.0;0.0
yf_ZS=F_d13;1700;INTARIAN_PEPPER_ROOT;12130;16;12127;17;;;12138;8;12141;14;;;12134.0;0.0
yf_ZS=F_d13;1800;ASH_COATED_OSMIUM;9961;9;9959;12;;;9978;11;9982;25;;;9969.5;0.0
yf_ZS=F_d13;1800;INTARIAN_PEPPER_ROOT;12129;12;12127;22;;;12136;16;12138;12;;;12132.5;0.0
yf_ZS=F_d13;1900;ASH_COATED_OSMIUM;9967;17;9964;14;;;9973;9;9977;25;;;9970.0;0.0
yf_ZS=F_d13;1900;INTARIAN_PEPPER_ROOT;12128;15;12124;17;;;12134;16;12136;19;;;12131.0;0.0
yf_ZS=F_d13;2000;ASH_COATED_OSMIUM;9967;12;9965;23;;;9973;16;9977;20;;;9970.0;0.0
yf_ZS=F_d13;2000;INTARIAN_PEPPER_ROOT;12127;11;12125;25;;;12133;11;12135;21;;;12130.0;0.0
yf_ZS=F_d13;2100;ASH_COATED_OSMIUM;9965;5;9961;23;;;9974;22;9976;23;;;9969.5;0.0
yf_ZS=F_d13;2100;INTARIAN_PEPPER_ROOT;12125;18;12122;18;;;12131;13;12133;20;;;12128.0;0.0
yf_ZS=F_d13;2200;ASH_COATED_OSMIUM;9967;8;9964;18;;;9973;9;9976;12;;;9970.0;0.0
yf_ZS=F_d13;2200;INTARIAN_PEPPER_ROOT;12124;13;12122;18;;;12130;12;12132;19;;;12127.0;0.0
yf_ZS=F_d13;2300;ASH_COATED_OSMIUM;9964;8;9961;13;;;9975;20;9978;20;;;9969.5;0.0
yf_ZS=F_d13;2300;INTARIAN_PEPPER_ROOT;12121;9;12117;9;;;12128;11;12131;17;;;12124.5;0.0
yf_ZS=F_d13;2400;ASH_COATED_OSMIUM;9966;23;9963;24;;;9973;7;9976;21;;;9969.5;0.0
yf_ZS=F_d13;2400;INTARIAN_PEPPER_ROOT;12119;9;12117;23;;;12128;16;12130;16;;;12123.5;0.0
yf_ZS=F_d13;2500;ASH_COATED_OSMIUM;9961;9;9957;29;;;9978;23;9980;26;;;9969.5;0.0
yf_ZS=F_d13;2500;INTARIAN_PEPPER_ROOT;12116;26;12112;22;;;12128;19;12131;13;;;12122.0;0.0
yf_ZS=F_d13;2600;ASH_COATED_OSMIUM;9966;14;9963;18;;;9972;16;9974;18;;;9969.0;0.0
yf_ZS=F_d13;2600;INTARIAN_PEPPER_ROOT;12114;8;12111;25;;;12126;11;12130;22;;;12120.0;0.0
yf_ZS=F_d13;2700;ASH_COATED_OSMIUM;9967;8;9965;24;;;9973;17;9976;15;;;9970.0;0.0
yf_ZS=F_d13;2700;INTARIAN_PEPPER_ROOT;12114;13;12111;28;;;12123;7;12126;17;;;12118.5;0.0
yf_ZS=F_d13;2800;ASH_COATED_OSMIUM;9966;27;9962;18;;;9973;20;9975;21;;;9969.5;0.0
yf_ZS=F_d13;2800;INTARIAN_PEPPER_ROOT;12115;11;12112;22;;;12121;17;12124;17;;;12118.0;0.0
yf_ZS=F_d13;2900;ASH_COATED_OSMIUM;9965;11;9963;26;;;9971;15;9974;21;;;9968.0;0.0
yf_ZS=F_d13;2900;INTARIAN_PEPPER_ROOT;12113;22;12109;19;;;12119;21;12122;10;;;12116.0;0.0
yf_ZS=F_d13;3000;ASH_COATED_OSMIUM;9961;5;9959;19;;;9977;22;9980;23;;;9969.0;0.0
yf_ZS=F_d13;3000;INTARIAN_PEPPER_ROOT;12106;10;12104;20;;;12124;12;12128;23;;;12115.0;0.0
yf_ZS=F_d13;3100;ASH_COATED_OSMIUM;9962;21;9958;14;;;9977;22;9980;27;;;9969.5;0.0
yf_ZS=F_d13;3100;INTARIAN_PEPPER_ROOT;12110;16;12108;15;;;12116;13;12120;34;;;12113.0;0.0
yf_ZS=F_d13;3200;ASH_COATED_OSMIUM;9966;11;9962;14;;;9972;9;9975;19;;;9969.0;0.0
yf_ZS=F_d13;3200;INTARIAN_PEPPER_ROOT;12108;16;12104;16;;;12114;11;12118;18;;;12111.0;0.0
yf_ZS=F_d13;3300;ASH_COATED_OSMIUM;9963;19;9960;15;;;9974;19;9976;25;;;9968.5;0.0
yf_ZS=F_d13;3300;INTARIAN_PEPPER_ROOT;12103;12;12101;23;;;12117;18;12120;20;;;12110.0;0.0
yf_ZS=F_d13;3400;ASH_COATED_OSMIUM;9966;19;9964;20;;;9972;15;9976;21;;;9969.0;0.0
yf_ZS=F_d13;3400;INTARIAN_PEPPER_ROOT;12106;17;12104;15;;;12112;15;12114;25;;;12109.0;0.0
yf_ZS=F_d13;3500;ASH_COATED_OSMIUM;9965;10;9962;24;;;9974;9;9978;21;;;9969.5;0.0
yf_ZS=F_d13;3500;INTARIAN_PEPPER_ROOT;12098;11;12094;17;;;12116;13;12119;19;;;12107.0;0.0
yf_ZS=F_d13;3600;ASH_COATED_OSMIUM;9959;16;9955;20;;;9978;19;9982;30;;;9968.5;0.0
yf_ZS=F_d13;3600;INTARIAN_PEPPER_ROOT;12100;24;12098;12;;;12109;18;12111;20;;;12104.5;0.0
yf_ZS=F_d13;3700;ASH_COATED_OSMIUM;9966;13;9964;23;;;9972;11;9975;21;;;9969.0;0.0
yf_ZS=F_d13;3700;INTARIAN_PEPPER_ROOT;12100;11;12097;15;;;12107;7;12110;12;;;12103.5;0.0
yf_ZS=F_d13;3800;ASH_COATED_OSMIUM;9961;15;9957;15;;;9975;8;9979;15;;;9968.0;0.0
yf_ZS=F_d13;3800;INTARIAN_PEPPER_ROOT;12099;8;12095;23;;;12106;16;12110;19;;;12102.5;0.0
yf_ZS=F_d13;3900;ASH_COATED_OSMIUM;9965;10;9962;18;;;9972;19;9974;12;;;9968.5;0.0
yf_ZS=F_d13;3900;INTARIAN_PEPPER_ROOT;12098;16;12094;10;;;12104;8;12106;21;;;12101.0;0.0
yf_ZS=F_d13;4000;ASH_COATED_OSMIUM;9966;30;9962;23;;;9972;18;9974;24;;;9969.0;0.0
yf_ZS=F_d13;4000;INTARIAN_PEPPER_ROOT;12089;8;12087;23;;;12108;17;12110;17;;;12098.5;0.0
yf_ZS=F_d13;4100;ASH_COATED_OSMIUM;9966;16;9963;14;;;9972;23;9975;11;;;9969.0;0.0
yf_ZS=F_d13;4100;INTARIAN_PEPPER_ROOT;12095;22;12093;12;;;12101;12;12103;18;;;12098.0;0.0
yf_ZS=F_d13;4200;ASH_COATED_OSMIUM;9962;13;9959;17;;;9974;15;9976;27;;;9968.0;0.0
yf_ZS=F_d13;4200;INTARIAN_PEPPER_ROOT;12093;13;12089;21;;;12099;5;12102;22;;;12096.0;0.0
yf_ZS=F_d13;4300;ASH_COATED_OSMIUM;9962;15;9960;23;;;9974;16;9976;21;;;9968.0;0.0
yf_ZS=F_d13;4300;INTARIAN_PEPPER_ROOT;12091;9;12088;26;;;12097;20;12099;18;;;12094.0;0.0
yf_ZS=F_d13;4400;ASH_COATED_OSMIUM;9966;17;9964;23;;;9972;12;9976;25;;;9969.0;0.0
yf_ZS=F_d13;4400;INTARIAN_PEPPER_ROOT;12090;10;12086;16;;;12096;12;12099;26;;;12093.0;0.0
yf_ZS=F_d13;4500;ASH_COATED_OSMIUM;9965;12;9961;16;;;9971;11;9974;24;;;9968.0;0.0
yf_ZS=F_d13;4500;INTARIAN_PEPPER_ROOT;12088;15;12086;14;;;12094;9;12098;8;;;12091.0;0.0
yf_ZS=F_d13;4600;ASH_COATED_OSMIUM;9965;9;9961;20;;;9971;13;9974;23;;;9968.0;0.0
yf_ZS=F_d13;4600;INTARIAN_PEPPER_ROOT;12087;21;12084;19;;;12093;15;12097;18;;;12090.0;0.0
yf_ZS=F_d13;4700;ASH_COATED_OSMIUM;9965;12;9962;20;;;9971;20;9974;18;;;9968.0;0.0
yf_ZS=F_d13;4700;INTARIAN_PEPPER_ROOT;12085;12;12082;20;;;12091;10;12093;19;;;12088.0;0.0
yf_ZS=F_d13;4800;ASH_COATED_OSMIUM;9965;16;9963;18;;;9971;9;9975;27;;;9968.0;0.0
yf_ZS=F_d13;4800;INTARIAN_PEPPER_ROOT;12084;6;12081;18;;;12091;16;12093;27;;;12087.5;0.0
yf_ZS=F_d13;4900;ASH_COATED_OSMIUM;9965;8;9963;18;;;9972;24;9975;17;;;9968.5;0.0
yf_ZS=F_d13;4900;INTARIAN_PEPPER_ROOT;12083;21;12079;20;;;12089;12;12092;8;;;12086.0;0.0
yf_ZS=F_d13;5000;ASH_COATED_OSMIUM;9960;20;9958;23;;;9976;23;9979;19;;;9968.0;0.0
yf_ZS=F_d13;5000;INTARIAN_PEPPER_ROOT;12078;15;12076;26;;;12090;15;12092;12;;;12084.0;0.0
yf_ZS=F_d13;5100;ASH_COATED_OSMIUM;9960;22;9957;29;;;9975;17;9978;20;;;9967.5;0.0
yf_ZS=F_d13;5100;INTARIAN_PEPPER_ROOT;12071;9;12069;23;;;12095;10;12097;25;;;12083.0;0.0
yf_ZS=F_d13;5200;ASH_COATED_OSMIUM;9965;13;9963;21;;;9971;19;9973;20;;;9968.0;0.0
yf_ZS=F_d13;5200;INTARIAN_PEPPER_ROOT;12078;9;12076;15;;;12084;8;12087;15;;;12081.0;0.0
yf_ZS=F_d13;5300;ASH_COATED_OSMIUM;9965;5;9963;20;;;9971;20;9975;11;;;9968.0;0.0
yf_ZS=F_d13;5300;INTARIAN_PEPPER_ROOT;12077;21;12074;15;;;12083;17;12087;23;;;12080.0;0.0
yf_ZS=F_d13;5400;ASH_COATED_OSMIUM;9961;20;9958;16;;;9974;14;9978;20;;;9967.5;0.0
yf_ZS=F_d13;5400;INTARIAN_PEPPER_ROOT;12072;26;12069;26;;;12083;17;12085;10;;;12077.5;0.0
yf_ZS=F_d13;5500;ASH_COATED_OSMIUM;9960;18;9956;13;;;9976;7;9979;27;;;9968.0;0.0
yf_ZS=F_d13;5500;INTARIAN_PEPPER_ROOT;12073;18;12070;24;;;12079;24;12082;14;;;12076.0;0.0
yf_ZS=F_d13;5600;ASH_COATED_OSMIUM;9965;16;9961;22;;;9972;24;9975;8;;;9968.5;0.0
yf_ZS=F_d13;5600;INTARIAN_PEPPER_ROOT;12072;18;12070;22;;;12078;6;12080;17;;;12075.0;0.0
yf_ZS=F_d13;5700;ASH_COATED_OSMIUM;9960;25;9956;27;;;9975;9;9978;23;;;9967.5;0.0
yf_ZS=F_d13;5700;INTARIAN_PEPPER_ROOT;12070;16;12066;15;;;12076;14;12080;15;;;12073.0;0.0
yf_ZS=F_d13;5800;ASH_COATED_OSMIUM;9965;19;9961;29;;;9971;13;9975;15;;;9968.0;0.0
yf_ZS=F_d13;5800;INTARIAN_PEPPER_ROOT;12069;7;12065;20;;;12075;20;12077;23;;;12072.0;0.0
yf_ZS=F_d13;5900;ASH_COATED_OSMIUM;9964;19;9960;16;;;9970;13;9974;21;;;9967.0;0.0
yf_ZS=F_d13;5900;INTARIAN_PEPPER_ROOT;12067;6;12065;27;;;12073;8;12077;21;;;12070.0;0.0
yf_ZS=F_d13;6000;ASH_COATED_OSMIUM;9965;16;9961;12;;;9971;12;9973;8;;;9968.0;0.0
yf_ZS=F_d13;6000;INTARIAN_PEPPER_ROOT;12066;15;12063;19;;;12072;17;12075;13;;;12069.0;0.0
yf_ZS=F_d13;6100;ASH_COATED_OSMIUM;9964;13;9962;21;;;9972;21;9976;18;;;9968.0;0.0
yf_ZS=F_d13;6100;INTARIAN_PEPPER_ROOT;12063;16;12061;22;;;12071;18;12073;12;;;12067.0;0.0
yf_ZS=F_d13;6200;ASH_COATED_OSMIUM;9965;7;9961;18;;;9971;19;9975;25;;;9968.0;0.0
yf_ZS=F_d13;6200;INTARIAN_PEPPER_ROOT;12063;21;12060;18;;;12069;16;12073;23;;;12066.0;0.0
yf_ZS=F_d13;6300;ASH_COATED_OSMIUM;9961;13;9959;31;;;9975;13;9978;17;;;9968.0;0.0
yf_ZS=F_d13;6300;INTARIAN_PEPPER_ROOT;12060;17;12056;19;;;12068;12;12072;24;;;12064.0;0.0
yf_ZS=F_d13;6400;ASH_COATED_OSMIUM;9964;17;9961;21;;;9970;13;9973;23;;;9967.0;0.0
yf_ZS=F_d13;6400;INTARIAN_PEPPER_ROOT;12060;14;12058;30;;;12066;17;12068;20;;;12063.0;0.0
yf_ZS=F_d13;6500;ASH_COATED_OSMIUM;9964;15;9961;16;;;9970;9;9974;25;;;9967.0;0.0
yf_ZS=F_d13;6500;INTARIAN_PEPPER_ROOT;12058;13;12055;24;;;12064;8;12067;24;;;12061.0;0.0
yf_ZS=F_d13;6600;ASH_COATED_OSMIUM;9964;24;9962;23;;;9970;23;9972;20;;;9967.0;0.0
yf_ZS=F_d13;6600;INTARIAN_PEPPER_ROOT;12056;21;12053;20;;;12062;16;12064;17;;;12059.0;0.0
yf_ZS=F_d13;6700;ASH_COATED_OSMIUM;9957;12;9955;16;;;9977;17;9979;24;;;9967.0;0.0
yf_ZS=F_d13;6700;INTARIAN_PEPPER_ROOT;12052;6;12050;20;;;12064;16;12068;25;;;12058.0;0.0
yf_ZS=F_d13;6800;ASH_COATED_OSMIUM;9959;18;9956;17;;;9975;20;9979;13;;;9967.0;0.0
yf_ZS=F_d13;6800;INTARIAN_PEPPER_ROOT;12052;11;12050;23;;;12062;12;12065;16;;;12057.0;0.0
yf_ZS=F_d13;6900;ASH_COATED_OSMIUM;9964;12;9961;23;;;9970;23;9974;17;;;9967.0;0.0
yf_ZS=F_d13;6900;INTARIAN_PEPPER_ROOT;12049;12;12047;25;;;12061;14;12065;20;;;12055.0;0.0
yf_ZS=F_d13;7000;ASH_COATED_OSMIUM;9964;17;9961;18;;;9970;22;9973;17;;;9967.0;0.0
yf_ZS=F_d13;7000;INTARIAN_PEPPER_ROOT;12050;16;12046;20;;;12058;12;12060;16;;;12054.0;0.0
yf_ZS=F_d13;7100;ASH_COATED_OSMIUM;9938;13;9936;17;;;9997;12;10001;20;;;9967.5;0.0
yf_ZS=F_d13;7100;INTARIAN_PEPPER_ROOT;12038;30;12036;21;;;12065;16;12069;21;;;12051.5;0.0
yf_ZS=F_d13;7200;ASH_COATED_OSMIUM;9965;22;9961;8;;;9971;17;9973;26;;;9968.0;0.0
yf_ZS=F_d13;7200;INTARIAN_PEPPER_ROOT;12047;13;12044;24;;;12053;12;12057;23;;;12050.0;0.0
yf_ZS=F_d13;7300;ASH_COATED_OSMIUM;9952;12;9948;15;;;9981;17;9985;22;;;9966.5;0.0
yf_ZS=F_d13;7300;INTARIAN_PEPPER_ROOT;12046;13;12043;11;;;12052;25;12054;13;;;12049.0;0.0
yf_ZS=F_d13;7400;ASH_COATED_OSMIUM;9963;15;9961;25;;;9969;6;9972;13;;;9966.0;0.0
yf_ZS=F_d13;7400;INTARIAN_PEPPER_ROOT;12045;13;12041;22;;;12051;11;12055;25;;;12048.0;0.0
yf_ZS=F_d13;7500;ASH_COATED_OSMIUM;9953;18;9950;16;;;9980;21;9982;12;;;9966.5;0.0
yf_ZS=F_d13;7500;INTARIAN_PEPPER_ROOT;12043;9;12041;16;;;12049;6;12051;16;;;12046.0;0.0
yf_ZS=F_d13;7600;ASH_COATED_OSMIUM;9962;11;9960;10;;;9972;20;9974;23;;;9967.0;0.0
yf_ZS=F_d13;7600;INTARIAN_PEPPER_ROOT;12042;14;12040;17;;;12048;15;12052;26;;;12045.0;0.0
yf_ZS=F_d13;7700;ASH_COATED_OSMIUM;9961;12;9957;15;;;9972;17;9974;24;;;9966.5;0.0
yf_ZS=F_d13;7700;INTARIAN_PEPPER_ROOT;12040;5;12038;20;;;12046;8;12049;14;;;12043.0;0.0
yf_ZS=F_d13;7800;ASH_COATED_OSMIUM;9964;14;9960;15;;;9970;10;9972;17;;;9967.0;0.0
yf_ZS=F_d13;7800;INTARIAN_PEPPER_ROOT;12035;23;12031;17;;;12048;19;12051;16;;;12041.5;0.0
yf_ZS=F_d13;7900;ASH_COATED_OSMIUM;9964;17;9962;30;;;9970;15;9972;14;;;9967.0;0.0
yf_ZS=F_d13;7900;INTARIAN_PEPPER_ROOT;12036;17;12032;29;;;12044;21;12047;22;;;12040.0;0.0
yf_ZS=F_d13;8000;ASH_COATED_OSMIUM;9964;9;9962;16;;;9970;12;9974;25;;;9967.0;0.0
yf_ZS=F_d13;8000;INTARIAN_PEPPER_ROOT;12035;13;12031;18;;;12042;12;12046;18;;;12038.5;0.0
yf_ZS=F_d13;8100;ASH_COATED_OSMIUM;9964;12;9961;13;;;9970;14;9973;17;;;9967.0;0.0
yf_ZS=F_d13;8100;INTARIAN_PEPPER_ROOT;12030;20;12028;18;;;12045;22;12047;12;;;12037.5;0.0
yf_ZS=F_d13;8200;ASH_COATED_OSMIUM;9963;16;9960;15;;;9969;15;9971;22;;;9966.0;0.0
yf_ZS=F_d13;8200;INTARIAN_PEPPER_ROOT;12032;12;12030;16;;;12038;10;12041;26;;;12035.0;0.0
yf_ZS=F_d13;8300;ASH_COATED_OSMIUM;9963;9;9961;19;;;9969;8;9972;21;;;9966.0;0.0
yf_ZS=F_d13;8300;INTARIAN_PEPPER_ROOT;12031;13;12029;17;;;12037;18;12041;19;;;12034.0;0.0
yf_ZS=F_d13;8400;ASH_COATED_OSMIUM;9953;21;9950;26;;;9980;14;9983;9;;;9966.5;0.0
yf_ZS=F_d13;8400;INTARIAN_PEPPER_ROOT;12022;23;12018;20;;;12043;19;12046;17;;;12032.5;0.0
yf_ZS=F_d13;8500;ASH_COATED_OSMIUM;9964;21;9962;19;;;9970;6;9972;20;;;9967.0;0.0
yf_ZS=F_d13;8500;INTARIAN_PEPPER_ROOT;12028;17;12026;22;;;12034;26;12037;20;;;12031.0;0.0
yf_ZS=F_d13;8600;ASH_COATED_OSMIUM;9964;21;9961;24;;;9970;18;9973;19;;;9967.0;0.0
yf_ZS=F_d13;8600;INTARIAN_PEPPER_ROOT;12025;15;12021;8;;;12033;17;12037;24;;;12029.0;0.0
yf_ZS=F_d13;8700;ASH_COATED_OSMIUM;9963;16;9959;24;;;9970;15;9973;16;;;9966.5;0.0
yf_ZS=F_d13;8700;INTARIAN_PEPPER_ROOT;12025;21;12022;17;;;12031;15;12033;19;;;12028.0;0.0
yf_ZS=F_d13;8800;ASH_COATED_OSMIUM;9963;6;9960;11;;;9969;15;9972;21;;;9966.0;0.0
yf_ZS=F_d13;8800;INTARIAN_PEPPER_ROOT;12023;16;12019;16;;;12029;9;12031;15;;;12026.0;0.0
yf_ZS=F_d13;8900;ASH_COATED_OSMIUM;9963;12;9960;9;;;9969;9;9972;15;;;9966.0;0.0
yf_ZS=F_d13;8900;INTARIAN_PEPPER_ROOT;12020;9;12016;19;;;12029;12;12033;10;;;12024.5;0.0
yf_ZS=F_d13;9000;ASH_COATED_OSMIUM;9960;12;9958;23;;;9972;12;9974;22;;;9966.0;0.0
yf_ZS=F_d13;9000;INTARIAN_PEPPER_ROOT;12020;10;12016;19;;;12026;17;12030;15;;;12023.0;0.0
yf_ZS=F_d13;9100;ASH_COATED_OSMIUM;9950;13;9947;17;;;9983;13;9986;29;;;9966.5;0.0
yf_ZS=F_d13;9100;INTARIAN_PEPPER_ROOT;12019;12;12015;25;;;12025;14;12029;11;;;12022.0;0.0
yf_ZS=F_d13;9200;ASH_COATED_OSMIUM;9962;18;9959;18;;;9972;26;9975;30;;;9967.0;0.0
yf_ZS=F_d13;9200;INTARIAN_PEPPER_ROOT;12015;10;12012;9;;;12025;16;12028;12;;;12020.0;0.0
yf_ZS=F_d13;9300;ASH_COATED_OSMIUM;9963;10;9960;16;;;9969;22;9973;26;;;9966.0;0.0
yf_ZS=F_d13;9300;INTARIAN_PEPPER_ROOT;12005;8;12003;10;;;12032;18;12036;22;;;12018.5;0.0
yf_ZS=F_d13;9400;ASH_COATED_OSMIUM;9963;15;9961;15;;;9969;26;9972;15;;;9966.0;0.0
yf_ZS=F_d13;9400;INTARIAN_PEPPER_ROOT;12014;22;12011;12;;;12020;14;12023;18;;;12017.0;0.0
yf_ZS=F_d13;9500;ASH_COATED_OSMIUM;9963;15;9959;17;;;9969;16;9972;19;;;9966.0;0.0
yf_ZS=F_d13;9500;INTARIAN_PEPPER_ROOT;12007;15;12005;23;;;12024;11;12027;24;;;12015.5;0.0
yf_ZS=F_d13;9600;ASH_COATED_OSMIUM;9963;22;9959;18;;;9969;12;9972;20;;;9966.0;0.0
yf_ZS=F_d13;9600;INTARIAN_PEPPER_ROOT;12005;5;12001;23;;;12024;17;12028;27;;;12014.5;0.0
yf_ZS=F_d13;9700;ASH_COATED_OSMIUM;9963;17;9959;16;;;9969;9;9973;18;;;9966.0;0.0
yf_ZS=F_d13;9700;INTARIAN_PEPPER_ROOT;12009;19;12006;16;;;12015;13;12017;29;;;12012.0;0.0
yf_ZS=F_d13;9800;ASH_COATED_OSMIUM;9963;14;9960;20;;;9969;19;9973;21;;;9966.0;0.0
yf_ZS=F_d13;9800;INTARIAN_PEPPER_ROOT;12008;12;12006;13;;;12014;16;12017;26;;;12011.0;0.0
yf_ZS=F_d13;9900;ASH_COATED_OSMIUM;9963;18;9960;16;;;9969;10;9971;17;;;9966.0;0.0
yf_ZS=F_d13;9900;INTARIAN_PEPPER_ROOT;12006;17;12002;21;;;12012;5;12014;20;;;12009.0;0.0
yf_ZS=F_d13;10000;ASH_COATED_OSMIUM;9960;10;9956;10;;;9972;5;9976;14;;;9966.0;0.0
yf_ZS=F_d13;10000;INTARIAN_PEPPER_ROOT;12004;15;12002;15;;;12010;10;12014;15;;;12007.0;0.0
yf_ZS=F_d13;10100;ASH_COATED_OSMIUM;9952;12;9949;17;;;9979;18;9983;17;;;9965.5;0.0
yf_ZS=F_d13;10100;INTARIAN_PEPPER_ROOT;12003;19;12000;18;;;12009;6;12013;13;;;12006.0;0.0
yf_ZS=F_d13;10200;ASH_COATED_OSMIUM;9963;19;9961;20;;;9969;14;9971;16;;;9966.0;0.0
yf_ZS=F_d13;10200;INTARIAN_PEPPER_ROOT;12002;17;11999;24;;;12008;18;12010;22;;;12005.0;0.0
yf_ZS=F_d13;10300;ASH_COATED_OSMIUM;9963;18;9959;14;;;9969;17;9973;24;;;9966.0;0.0
yf_ZS=F_d13;10300;INTARIAN_PEPPER_ROOT;11999;12;11995;15;;;12009;13;12013;8;;;12004.0;0.0
yf_ZS=F_d13;10400;ASH_COATED_OSMIUM;9963;20;9960;22;;;9969;8;9971;23;;;9966.0;0.0
yf_ZS=F_d13;10400;INTARIAN_PEPPER_ROOT;11999;13;11996;22;;;12005;17;12007;20;;;12002.0;0.0
yf_ZS=F_d13;10500;ASH_COATED_OSMIUM;9962;10;9958;20;;;9968;14;9972;18;;;9965.0;0.0
yf_ZS=F_d13;10500;INTARIAN_PEPPER_ROOT;11996;11;11993;19;;;12003;16;12006;18;;;11999.5;0.0
yf_ZS=F_d13;10600;ASH_COATED_OSMIUM;9959;8;9957;19;;;9972;15;9975;18;;;9965.5;0.0
yf_ZS=F_d13;10600;INTARIAN_PEPPER_ROOT;11984;23;11981;14;;;12014;20;12017;8;;;11999.0;0.0
yf_ZS=F_d13;10700;ASH_COATED_OSMIUM;9962;14;9958;19;;;9968;19;9972;13;;;9965.0;0.0
yf_ZS=F_d13;10700;INTARIAN_PEPPER_ROOT;11991;18;11989;18;;;12004;13;12008;16;;;11997.5;0.0
yf_ZS=F_d13;10800;ASH_COATED_OSMIUM;9963;14;9961;21;;;9969;18;9973;13;;;9966.0;0.0
yf_ZS=F_d13;10800;INTARIAN_PEPPER_ROOT;11980;13;11977;19;;;12010;17;12012;10;;;11995.0;0.0
yf_ZS=F_d13;10900;ASH_COATED_OSMIUM;9961;19;9959;18;;;9970;20;9972;16;;;9965.5;0.0
yf_ZS=F_d13;10900;INTARIAN_PEPPER_ROOT;11991;19;11988;23;;;11997;12;11999;26;;;11994.0;0.0
yf_ZS=F_d13;11000;ASH_COATED_OSMIUM;9963;14;9960;16;;;9969;8;9971;16;;;9966.0;0.0
yf_ZS=F_d13;11000;INTARIAN_PEPPER_ROOT;11991;22;11989;11;;;11997;11;12001;14;;;11994.0;0.0
yf_ZS=F_d13;11100;ASH_COATED_OSMIUM;9959;13;9957;17;;;9971;12;9975;14;;;9965.0;0.0
yf_ZS=F_d13;11100;INTARIAN_PEPPER_ROOT;11987;13;11984;26;;;11995;16;11998;13;;;11991.0;0.0
yf_ZS=F_d13;11200;ASH_COATED_OSMIUM;9954;18;9951;18;;;9978;17;9980;20;;;9966.0;0.0
yf_ZS=F_d13;11200;INTARIAN_PEPPER_ROOT;11987;15;11985;27;;;11993;10;11997;23;;;11990.0;0.0
yf_ZS=F_d13;11300;ASH_COATED_OSMIUM;9962;6;9960;29;;;9968;12;9972;19;;;9965.0;0.0
yf_ZS=F_d13;11300;INTARIAN_PEPPER_ROOT;11985;15;11982;28;;;11991;22;11995;26;;;11988.0;0.0
yf_ZS=F_d13;11400;ASH_COATED_OSMIUM;9954;11;9950;12;;;9976;24;9980;27;;;9965.0;0.0
yf_ZS=F_d13;11400;INTARIAN_PEPPER_ROOT;11984;16;11980;35;;;11990;19;11993;18;;;11987.0;0.0
yf_ZS=F_d13;11500;ASH_COATED_OSMIUM;9957;16;9953;27;;;9973;15;9977;14;;;9965.0;0.0
yf_ZS=F_d13;11500;INTARIAN_PEPPER_ROOT;11982;14;11979;18;;;11988;15;11991;20;;;11985.0;0.0
yf_ZS=F_d13;11600;ASH_COATED_OSMIUM;9959;15;9957;23;;;9970;16;9974;15;;;9964.5;0.0
yf_ZS=F_d13;11600;INTARIAN_PEPPER_ROOT;11980;17;11976;31;;;11986;15;11988;23;;;11983.0;0.0
yf_ZS=F_d13;11700;ASH_COATED_OSMIUM;9963;13;9960;17;;;9969;9;9972;28;;;9966.0;0.0
yf_ZS=F_d13;11700;INTARIAN_PEPPER_ROOT;11976;16;11973;16;;;11989;10;11992;24;;;11982.5;0.0
yf_ZS=F_d13;11800;ASH_COATED_OSMIUM;9962;17;9959;22;;;9968;11;9970;15;;;9965.0;0.0
yf_ZS=F_d13;11800;INTARIAN_PEPPER_ROOT;11968;12;11965;15;;;11993;16;11997;19;;;11980.5;0.0
yf_ZS=F_d13;11900;ASH_COATED_OSMIUM;9961;25;9958;19;;;9969;12;9973;17;;;9965.0;0.0
yf_ZS=F_d13;11900;INTARIAN_PEPPER_ROOT;11974;5;11972;24;;;11983;7;11987;14;;;11978.5;0.0
yf_ZS=F_d13;12000;ASH_COATED_OSMIUM;9959;12;9955;19;;;9970;11;9972;22;;;9964.5;0.0
yf_ZS=F_d13;12000;INTARIAN_PEPPER_ROOT;11975;16;11972;12;;;11981;19;11983;12;;;11978.0;0.0
yf_ZS=F_d13;12100;ASH_COATED_OSMIUM;9957;5;9954;20;;;9973;16;9975;15;;;9965.0;0.0
yf_ZS=F_d13;12100;INTARIAN_PEPPER_ROOT;11972;15;11968;27;;;11980;18;11983;18;;;11976.0;0.0
yf_ZS=F_d13;12200;ASH_COATED_OSMIUM;9962;20;9958;27;;;9968;20;9970;18;;;9965.0;0.0
yf_ZS=F_d13;12200;INTARIAN_PEPPER_ROOT;11972;8;11968;27;;;11978;15;11982;20;;;11975.0;0.0
yf_ZS=F_d13;12300;ASH_COATED_OSMIUM;9962;13;9960;17;;;9968;9;9970;25;;;9965.0;0.0
yf_ZS=F_d13;12300;INTARIAN_PEPPER_ROOT;11970;12;11967;28;;;11976;20;11980;15;;;11973.0;0.0
yf_ZS=F_d13;12400;ASH_COATED_OSMIUM;9962;11;9959;24;;;9968;11;9971;23;;;9965.0;0.0
yf_ZS=F_d13;12400;INTARIAN_PEPPER_ROOT;11960;8;11957;21;;;11982;23;11985;12;;;11971.0;0.0
yf_ZS=F_d13;12500;ASH_COATED_OSMIUM;9962;21;9959;21;;;9968;9;9971;22;;;9965.0;0.0
yf_ZS=F_d13;12500;INTARIAN_PEPPER_ROOT;11967;18;11964;25;;;11973;18;11977;19;;;11970.0;0.0
yf_ZS=F_d13;12600;ASH_COATED_OSMIUM;9961;17;9957;12;;;9967;10;9971;21;;;9964.0;0.0
yf_ZS=F_d13;12600;INTARIAN_PEPPER_ROOT;11966;6;11962;32;;;11972;22;11975;13;;;11969.0;0.0
yf_ZS=F_d13;12700;ASH_COATED_OSMIUM;9961;9;9959;21;;;9968;19;9972;27;;;9964.5;0.0
yf_ZS=F_d13;12700;INTARIAN_PEPPER_ROOT;11955;15;11952;30;;;11978;9;11982;16;;;11966.5;0.0
yf_ZS=F_d13;12800;ASH_COATED_OSMIUM;9962;27;9958;23;;;9968;13;9970;13;;;9965.0;0.0
yf_ZS=F_d13;12800;INTARIAN_PEPPER_ROOT;11960;9;11957;21;;;11971;23;11973;26;;;11965.5;0.0
yf_ZS=F_d13;12900;ASH_COATED_OSMIUM;9961;10;9959;20;;;9968;22;9972;23;;;9964.5;0.0
yf_ZS=F_d13;12900;INTARIAN_PEPPER_ROOT;11961;11;11959;15;;;11967;15;11970;23;;;11964.0;0.0
yf_ZS=F_d13;13000;ASH_COATED_OSMIUM;9961;9;9959;10;;;9967;11;9970;14;;;9964.0;0.0
yf_ZS=F_d13;13000;INTARIAN_PEPPER_ROOT;11959;19;11956;16;;;11965;10;11968;20;;;11962.0;0.0
yf_ZS=F_d13;13100;ASH_COATED_OSMIUM;9961;15;9959;21;;;9969;12;9971;19;;;9965.0;0.0
yf_ZS=F_d13;13100;INTARIAN_PEPPER_ROOT;11958;19;11954;25;;;11964;15;11968;17;;;11961.0;0.0
yf_ZS=F_d13;13200;ASH_COATED_OSMIUM;9961;16;9959;22;;;9967;13;9970;19;;;9964.0;0.0
yf_ZS=F_d13;13200;INTARIAN_PEPPER_ROOT;11957;14;11954;13;;;11963;16;11965;15;;;11960.0;0.0
yf_ZS=F_d13;13300;ASH_COATED_OSMIUM;9959;10;9955;20;;;9967;13;9971;23;;;9963.0;0.0
yf_ZS=F_d13;13300;INTARIAN_PEPPER_ROOT;11949;18;11945;21;;;11968;16;11970;15;;;11958.5;0.0
yf_ZS=F_d13;13400;ASH_COATED_OSMIUM;9956;17;9953;24;;;9972;18;9975;24;;;9964.0;0.0
yf_ZS=F_d13;13400;INTARIAN_PEPPER_ROOT;11954;14;11952;22;;;11960;6;11962;13;;;11957.0;0.0
yf_ZS=F_d13;13500;ASH_COATED_OSMIUM;9961;11;9958;28;;;9967;14;9971;21;;;9964.0;0.0
yf_ZS=F_d13;13500;INTARIAN_PEPPER_ROOT;11944;14;11941;19;;;11966;18;11970;17;;;11955.0;0.0
yf_ZS=F_d13;13600;ASH_COATED_OSMIUM;9957;13;9953;20;;;9970;10;9974;20;;;9963.5;0.0
yf_ZS=F_d13;13600;INTARIAN_PEPPER_ROOT;11950;10;11947;16;;;11956;17;11959;20;;;11953.0;0.0
yf_ZS=F_d13;13700;ASH_COATED_OSMIUM;9956;9;9952;15;;;9971;14;9975;13;;;9963.5;0.0
yf_ZS=F_d13;13700;INTARIAN_PEPPER_ROOT;11949;16;11947;17;;;11955;21;11957;22;;;11952.0;0.0
yf_ZS=F_d13;13800;ASH_COATED_OSMIUM;9959;10;9956;13;;;9968;22;9971;22;;;9963.5;0.0
yf_ZS=F_d13;13800;INTARIAN_PEPPER_ROOT;11947;17;11945;22;;;11953;10;11957;19;;;11950.0;0.0
yf_ZS=F_d13;13900;ASH_COATED_OSMIUM;9961;16;9959;21;;;9967;11;9969;25;;;9964.0;0.0
yf_ZS=F_d13;13900;INTARIAN_PEPPER_ROOT;11945;19;11941;25;;;11951;17;11953;18;;;11948.0;0.0
yf_ZS=F_d13;14000;ASH_COATED_OSMIUM;9961;10;9957;26;;;9967;21;9969;22;;;9964.0;0.0
yf_ZS=F_d13;14000;INTARIAN_PEPPER_ROOT;11941;10;11939;20;;;11954;15;11958;15;;;11947.5;0.0
yf_ZS=F_d13;14100;ASH_COATED_OSMIUM;9961;12;9958;22;;;9967;16;9971;15;;;9964.0;0.0
yf_ZS=F_d13;14100;INTARIAN_PEPPER_ROOT;11940;16;11938;20;;;11952;9;11955;26;;;11946.0;0.0
yf_ZS=F_d13;14200;ASH_COATED_OSMIUM;9961;8;9957;19;;;9967;19;9969;25;;;9964.0;0.0
yf_ZS=F_d13;14200;INTARIAN_PEPPER_ROOT;11941;15;11939;19;;;11947;14;11949;23;;;11944.0;0.0
yf_ZS=F_d13;14300;ASH_COATED_OSMIUM;9961;11;9958;28;;;9967;20;9970;14;;;9964.0;0.0
yf_ZS=F_d13;14300;INTARIAN_PEPPER_ROOT;11933;12;11931;24;;;11953;17;11955;14;;;11943.0;0.0
yf_ZS=F_d13;14400;ASH_COATED_OSMIUM;9961;14;9957;28;;;9967;11;9971;20;;;9964.0;0.0
yf_ZS=F_d13;14400;INTARIAN_PEPPER_ROOT;11938;24;11936;25;;;11944;15;11947;14;;;11941.0;0.0
yf_ZS=F_d13;14500;ASH_COATED_OSMIUM;9959;15;9957;20;;;9967;14;9970;25;;;9963.0;0.0
yf_ZS=F_d13;14500;INTARIAN_PEPPER_ROOT;11937;15;11933;11;;;11943;15;11946;19;;;11940.0;0.0
yf_ZS=F_d13;14600;ASH_COATED_OSMIUM;9961;29;9959;15;;;9967;23;9969;14;;;9964.0;0.0
yf_ZS=F_d13;14600;INTARIAN_PEPPER_ROOT;11936;25;11932;20;;;11942;11;11945;16;;;11939.0;0.0
yf_ZS=F_d13;14700;ASH_COATED_OSMIUM;9953;12;9949;17;;;9974;5;9976;21;;;9963.5;0.0
yf_ZS=F_d13;14700;INTARIAN_PEPPER_ROOT;11930;24;11928;27;;;11942;7;11944;18;;;11936.0;0.0
yf_ZS=F_d13;14800;ASH_COATED_OSMIUM;9959;17;9955;20;;;9969;11;9972;25;;;9964.0;0.0
yf_ZS=F_d13;14800;INTARIAN_PEPPER_ROOT;11932;14;11929;16;;;11938;13;11942;23;;;11935.0;0.0
yf_ZS=F_d13;14900;ASH_COATED_OSMIUM;9961;14;9958;19;;;9967;18;9971;20;;;9964.0;0.0
yf_ZS=F_d13;14900;INTARIAN_PEPPER_ROOT;11926;13;11924;21;;;11939;10;11942;17;;;11932.5;0.0
yf_ZS=F_d13;15000;ASH_COATED_OSMIUM;9960;16;9956;18;;;9966;8;9970;17;;;9963.0;0.0
yf_ZS=F_d13;15000;INTARIAN_PEPPER_ROOT;11924;15;11920;17;;;11940;5;11943;25;;;11932.0;0.0
yf_ZS=F_d13;15100;ASH_COATED_OSMIUM;9959;12;9957;13;;;9967;9;9970;20;;;9963.0;0.0
yf_ZS=F_d13;15100;INTARIAN_PEPPER_ROOT;11927;12;11925;19;;;11933;17;11935;28;;;11930.0;0.0
yf_ZS=F_d13;15200;ASH_COATED_OSMIUM;9955;15;9951;16;;;9972;9;9974;19;;;9963.5;0.0
yf_ZS=F_d13;15200;INTARIAN_PEPPER_ROOT;11926;26;11922;22;;;11932;19;11934;24;;;11929.0;0.0
yf_ZS=F_d13;15300;ASH_COATED_OSMIUM;9955;15;9951;30;;;9971;12;9975;24;;;9963.0;0.0
yf_ZS=F_d13;15300;INTARIAN_PEPPER_ROOT;11917;17;11915;17;;;11939;20;11942;28;;;11928.0;0.0
yf_ZS=F_d13;15400;ASH_COATED_OSMIUM;9960;12;9958;18;;;9966;14;9969;18;;;9963.0;0.0
yf_ZS=F_d13;15400;INTARIAN_PEPPER_ROOT;11921;21;11918;15;;;11931;15;11934;17;;;11926.0;0.0
yf_ZS=F_d13;15500;ASH_COATED_OSMIUM;9960;18;9958;19;;;9966;15;9970;15;;;9963.0;0.0
yf_ZS=F_d13;15500;INTARIAN_PEPPER_ROOT;11919;14;11915;23;;;11929;15;11931;21;;;11924.0;0.0
yf_ZS=F_d13;15600;ASH_COATED_OSMIUM;9960;10;9958;18;;;9966;8;9970;18;;;9963.0;0.0
yf_ZS=F_d13;15600;INTARIAN_PEPPER_ROOT;11920;12;11916;14;;;11926;21;11930;16;;;11923.0;0.0
yf_ZS=F_d13;15700;ASH_COATED_OSMIUM;9959;7;9955;17;;;9968;21;9970;29;;;9963.5;0.0
yf_ZS=F_d13;15700;INTARIAN_PEPPER_ROOT;11914;12;11911;19;;;11929;22;11931;18;;;11921.5;0.0
yf_ZS=F_d13;15800;ASH_COATED_OSMIUM;9958;11;9955;9;;;9969;5;9973;23;;;9963.5;0.0
yf_ZS=F_d13;15800;INTARIAN_PEPPER_ROOT;11917;11;11915;17;;;11923;16;11926;18;;;11920.0;0.0
yf_ZS=F_d13;15900;ASH_COATED_OSMIUM;9960;16;9958;27;;;9966;22;9969;19;;;9963.0;0.0
yf_ZS=F_d13;15900;INTARIAN_PEPPER_ROOT;11915;11;11913;12;;;11921;16;11924;13;;;11918.0;0.0
yf_ZS=F_d13;16000;ASH_COATED_OSMIUM;9960;8;9956;25;;;9966;17;9970;21;;;9963.0;0.0
yf_ZS=F_d13;16000;INTARIAN_PEPPER_ROOT;11910;10;11908;17;;;11923;16;11926;22;;;11916.5;0.0
yf_ZS=F_d13;16100;ASH_COATED_OSMIUM;9956;17;9952;29;;;9969;17;9971;16;;;9962.5;0.0
yf_ZS=F_d13;16100;INTARIAN_PEPPER_ROOT;11911;14;11908;23;;;11920;9;11923;27;;;11915.5;0.0
yf_ZS=F_d13;16200;ASH_COATED_OSMIUM;9960;13;9956;22;;;9966;14;9968;26;;;9963.0;0.0
yf_ZS=F_d13;16200;INTARIAN_PEPPER_ROOT;11910;10;11906;25;;;11918;17;11920;12;;;11914.0;0.0
yf_ZS=F_d13;16300;ASH_COATED_OSMIUM;9960;12;9957;18;;;9966;28;9969;27;;;9963.0;0.0
yf_ZS=F_d13;16300;INTARIAN_PEPPER_ROOT;11903;20;11901;22;;;11921;15;11925;23;;;11912.0;0.0
yf_ZS=F_d13;16400;ASH_COATED_OSMIUM;9957;7;9954;12;;;9970;9;9972;24;;;9963.5;0.0
yf_ZS=F_d13;16400;INTARIAN_PEPPER_ROOT;11899;15;11895;20;;;11922;10;11926;18;;;11910.5;0.0
yf_ZS=F_d13;16500;ASH_COATED_OSMIUM;9960;9;9956;22;;;9966;12;9968;18;;;9963.0;0.0
yf_ZS=F_d13;16500;INTARIAN_PEPPER_ROOT;11906;18;11904;8;;;11912;14;11914;19;;;11909.0;0.0
yf_ZS=F_d13;16600;ASH_COATED_OSMIUM;9960;20;9957;17;;;9966;17;9970;23;;;9963.0;0.0
yf_ZS=F_d13;16600;INTARIAN_PEPPER_ROOT;11900;20;11896;19;;;11915;12;11917;16;;;11907.5;0.0
yf_ZS=F_d13;16700;ASH_COATED_OSMIUM;9959;14;9957;17;;;9965;23;9969;20;;;9962.0;0.0
yf_ZS=F_d13;16700;INTARIAN_PEPPER_ROOT;11903;11;11899;18;;;11910;19;11914;22;;;11906.5;0.0
yf_ZS=F_d13;16800;ASH_COATED_OSMIUM;9953;13;9951;15;;;9972;12;9974;20;;;9962.5;0.0
yf_ZS=F_d13;16800;INTARIAN_PEPPER_ROOT;11900;16;11896;14;;;11909;17;11913;16;;;11904.5;0.0
yf_ZS=F_d13;16900;ASH_COATED_OSMIUM;9959;13;9956;16;;;9965;7;9969;20;;;9962.0;0.0
yf_ZS=F_d13;16900;INTARIAN_PEPPER_ROOT;11900;16;11898;10;;;11907;18;11909;14;;;11903.5;0.0
yf_ZS=F_d13;17000;ASH_COATED_OSMIUM;9959;18;9955;20;;;9965;24;9967;16;;;9962.0;0.0
yf_ZS=F_d13;17000;INTARIAN_PEPPER_ROOT;11901;16;11897;15;;;11907;15;11910;27;;;11904.0;0.0
yf_ZS=F_d13;17100;ASH_COATED_OSMIUM;9956;17;9953;11;;;9969;19;9972;24;;;9962.5;0.0
yf_ZS=F_d13;17100;INTARIAN_PEPPER_ROOT;11901;27;11898;18;;;11909;20;11911;31;;;11905.0;0.0
yf_ZS=F_d13;17200;ASH_COATED_OSMIUM;9960;18;9956;22;;;9966;14;9968;23;;;9963.0;0.0
yf_ZS=F_d13;17200;INTARIAN_PEPPER_ROOT;11902;11;11898;26;;;11910;19;11912;11;;;11906.0;0.0
yf_ZS=F_d13;17300;ASH_COATED_OSMIUM;9961;16;9957;25;;;9967;19;9969;26;;;9964.0;0.0
yf_ZS=F_d13;17300;INTARIAN_PEPPER_ROOT;11902;24;11900;20;;;11914;15;11918;12;;;11908.0;0.0
yf_ZS=F_d13;17400;ASH_COATED_OSMIUM;9960;14;9956;16;;;9966;5;9968;8;;;9963.0;0.0
yf_ZS=F_d13;17400;INTARIAN_PEPPER_ROOT;11906;11;11904;23;;;11912;11;11914;20;;;11909.0;0.0
yf_ZS=F_d13;17500;ASH_COATED_OSMIUM;9960;19;9957;23;;;9966;17;9970;28;;;9963.0;0.0
yf_ZS=F_d13;17500;INTARIAN_PEPPER_ROOT;11906;11;11902;13;;;11914;23;11918;20;;;11910.0;0.0
yf_ZS=F_d13;17600;ASH_COATED_OSMIUM;9960;10;9957;21;;;9966;18;9970;27;;;9963.0;0.0
yf_ZS=F_d13;17600;INTARIAN_PEPPER_ROOT;11908;18;11904;17;;;11918;14;11920;13;;;11913.0;0.0
yf_ZS=F_d13;17700;ASH_COATED_OSMIUM;9953;12;9951;20;;;9975;22;9978;20;;;9964.0;0.0
yf_ZS=F_d13;17700;INTARIAN_PEPPER_ROOT;11911;12;11909;13;;;11917;21;11921;21;;;11914.0;0.0
yf_ZS=F_d13;17800;ASH_COATED_OSMIUM;9958;7;9955;18;;;9970;14;9974;23;;;9964.0;0.0
yf_ZS=F_d13;17800;INTARIAN_PEPPER_ROOT;11913;20;11911;19;;;11919;22;11923;15;;;11916.0;0.0
yf_ZS=F_d13;17900;ASH_COATED_OSMIUM;9957;16;9955;23;;;9971;12;9973;12;;;9964.0;0.0
yf_ZS=F_d13;17900;INTARIAN_PEPPER_ROOT;11909;8;11905;21;;;11924;5;11928;13;;;11916.5;0.0
yf_ZS=F_d13;18000;ASH_COATED_OSMIUM;9961;6;9957;20;;;9967;24;9969;11;;;9964.0;0.0
yf_ZS=F_d13;18000;INTARIAN_PEPPER_ROOT;11914;15;11910;20;;;11924;16;11928;25;;;11919.0;0.0
yf_ZS=F_d13;18100;ASH_COATED_OSMIUM;9961;18;9957;23;;;9968;15;9970;27;;;9964.5;0.0
yf_ZS=F_d13;18100;INTARIAN_PEPPER_ROOT;11918;8;11914;22;;;11924;12;11927;19;;;11921.0;0.0
yf_ZS=F_d13;18200;ASH_COATED_OSMIUM;9952;12;9949;16;;;9977;15;9981;26;;;9964.5;0.0
yf_ZS=F_d13;18200;INTARIAN_PEPPER_ROOT;11917;16;11915;20;;;11927;12;11931;25;;;11922.0;0.0
yf_ZS=F_d13;18300;ASH_COATED_OSMIUM;9961;21;9957;17;;;9967;5;9971;12;;;9964.0;0.0
yf_ZS=F_d13;18300;INTARIAN_PEPPER_ROOT;11919;6;11916;32;;;11926;14;11930;28;;;11922.5;0.0
yf_ZS=F_d13;18400;ASH_COATED_OSMIUM;9955;23;9951;22;;;9973;16;9975;18;;;9964.0;0.0
yf_ZS=F_d13;18400;INTARIAN_PEPPER_ROOT;11922;22;11919;22;;;11928;16;11931;23;;;11925.0;0.0
yf_ZS=F_d13;18500;ASH_COATED_OSMIUM;9962;11;9960;20;;;9968;6;9971;22;;;9965.0;0.0
yf_ZS=F_d13;18500;INTARIAN_PEPPER_ROOT;11923;15;11921;32;;;11929;7;11932;24;;;11926.0;0.0
yf_ZS=F_d13;18600;ASH_COATED_OSMIUM;9962;19;9960;22;;;9968;14;9972;18;;;9965.0;0.0
yf_ZS=F_d13;18600;INTARIAN_PEPPER_ROOT;11924;20;11921;11;;;11930;16;11932;20;;;11927.0;0.0
yf_ZS=F_d13;18700;ASH_COATED_OSMIUM;9962;15;9959;14;;;9968;16;9971;23;;;9965.0;0.0
yf_ZS=F_d13;18700;INTARIAN_PEPPER_ROOT;11920;12;11917;27;;;11938;26;11942;16;;;11929.0;0.0
yf_ZS=F_d13;18800;ASH_COATED_OSMIUM;9956;12;9952;34;;;9974;15;9978;15;;;9965.0;0.0
yf_ZS=F_d13;18800;INTARIAN_PEPPER_ROOT;11928;9;11925;29;;;11934;19;11936;33;;;11931.0;0.0
yf_ZS=F_d13;18900;ASH_COATED_OSMIUM;9957;15;9955;14;;;9974;12;9976;16;;;9965.5;0.0
yf_ZS=F_d13;18900;INTARIAN_PEPPER_ROOT;11929;16;11927;13;;;11935;17;11937;24;;;11932.0;0.0
yf_ZS=F_d13;19000;ASH_COATED_OSMIUM;9962;14;9958;25;;;9969;13;9973;18;;;9965.5;0.0
yf_ZS=F_d13;19000;INTARIAN_PEPPER_ROOT;11930;8;11927;23;;;11936;19;11938;16;;;11933.0;0.0
yf_ZS=F_d13;19100;ASH_COATED_OSMIUM;9959;22;9956;23;;;9972;10;9976;14;;;9965.5;0.0
yf_ZS=F_d13;19100;INTARIAN_PEPPER_ROOT;11924;14;11921;27;;;11947;16;11949;17;;;11935.5;0.0
yf_ZS=F_d13;19200;ASH_COATED_OSMIUM;9959;10;9957;28;;;9972;10;9974;23;;;9965.5;0.0
yf_ZS=F_d13;19200;INTARIAN_PEPPER_ROOT;11928;5;11926;16;;;11946;14;11950;19;;;11937.0;0.0
yf_ZS=F_d13;19300;ASH_COATED_OSMIUM;9963;6;9960;23;;;9969;20;9972;14;;;9966.0;0.0
yf_ZS=F_d13;19300;INTARIAN_PEPPER_ROOT;11934;9;11932;21;;;11941;16;11943;19;;;11937.5;0.0
yf_ZS=F_d13;19400;ASH_COATED_OSMIUM;9957;17;9954;16;;;9975;23;9977;21;;;9966.0;0.0
yf_ZS=F_d13;19400;INTARIAN_PEPPER_ROOT;11935;20;11933;22;;;11944;18;11946;22;;;11939.5;0.0
yf_ZS=F_d13;19500;ASH_COATED_OSMIUM;9961;10;9957;23;;;9972;13;9976;21;;;9966.5;0.0
yf_ZS=F_d13;19500;INTARIAN_PEPPER_ROOT;11936;14;11932;22;;;11946;22;11950;15;;;11941.0;0.0
yf_ZS=F_d13;19600;ASH_COATED_OSMIUM;9959;9;9956;23;;;9974;15;9976;20;;;9966.5;0.0
yf_ZS=F_d13;19600;INTARIAN_PEPPER_ROOT;11932;14;11930;13;;;11953;22;11955;21;;;11942.5;0.0
yf_ZS=F_d13;19700;ASH_COATED_OSMIUM;9962;17;9960;8;;;9972;16;9974;20;;;9967.0;0.0
yf_ZS=F_d13;19700;INTARIAN_PEPPER_ROOT;11941;7;11937;14;;;11947;13;11951;35;;;11944.0;0.0
yf_ZS=F_d13;19800;ASH_COATED_OSMIUM;9964;20;9962;24;;;9970;19;9974;16;;;9967.0;0.0
yf_ZS=F_d13;19800;INTARIAN_PEPPER_ROOT;11940;15;11936;14;;;11952;8;11956;26;;;11946.0;0.0
yf_ZS=F_d13;19900;ASH_COATED_OSMIUM;9963;21;9959;17;;;9972;19;9976;8;;;9967.5;0.0
yf_ZS=F_d13;19900;INTARIAN_PEPPER_ROOT;11935;7;11933;24;;;11959;12;11963;21;;;11947.0;0.0
yf_ZS=F_d13;20000;ASH_COATED_OSMIUM;9964;21;9960;22;;;9970;15;9974;27;;;9967.0;0.0
yf_ZS=F_d13;20000;INTARIAN_PEPPER_ROOT;11946;11;11942;19;;;11952;12;11955;23;;;11949.0;0.0
yf_ZS=F_d13;20100;ASH_COATED_OSMIUM;9964;15;9960;14;;;9970;12;9974;17;;;9967.0;0.0
yf_ZS=F_d13;20100;INTARIAN_PEPPER_ROOT;11947;11;11945;18;;;11953;15;11956;21;;;11950.0;0.0
yf_ZS=F_d13;20200;ASH_COATED_OSMIUM;9964;20;9961;15;;;9970;15;9972;19;;;9967.0;0.0
yf_ZS=F_d13;20200;INTARIAN_PEPPER_ROOT;11949;16;11945;30;;;11955;17;11959;29;;;11952.0;0.0
yf_ZS=F_d13;20300;ASH_COATED_OSMIUM;9957;11;9954;19;;;9978;17;9981;13;;;9967.5;0.0
yf_ZS=F_d13;20300;INTARIAN_PEPPER_ROOT;11950;10;11947;14;;;11956;16;11958;21;;;11953.0;0.0
yf_ZS=F_d13;20400;ASH_COATED_OSMIUM;9965;10;9963;20;;;9971;21;9973;11;;;9968.0;0.0
yf_ZS=F_d13;20400;INTARIAN_PEPPER_ROOT;11952;5;11949;21;;;11958;6;11960;18;;;11955.0;0.0
yf_ZS=F_d13;20500;ASH_COATED_OSMIUM;9965;12;9962;23;;;9971;13;9975;20;;;9968.0;0.0
yf_ZS=F_d13;20500;INTARIAN_PEPPER_ROOT;11949;6;11947;18;;;11964;13;11968;12;;;11956.5;0.0
yf_ZS=F_d13;20600;ASH_COATED_OSMIUM;9963;19;9959;22;;;9974;8;9977;22;;;9968.5;0.0
yf_ZS=F_d13;20600;INTARIAN_PEPPER_ROOT;11955;22;11951;14;;;11961;16;11965;22;;;11958.0;0.0
yf_ZS=F_d13;20700;ASH_COATED_OSMIUM;9965;13;9962;20;;;9972;7;9976;31;;;9968.5;0.0
yf_ZS=F_d13;20700;INTARIAN_PEPPER_ROOT;11950;20;11948;13;;;11969;10;11972;25;;;11959.5;0.0
yf_ZS=F_d13;20800;ASH_COATED_OSMIUM;9964;20;9960;19;;;9973;10;9976;25;;;9968.5;0.0
yf_ZS=F_d13;20800;INTARIAN_PEPPER_ROOT;11959;11;11957;19;;;11965;17;11967;18;;;11962.0;0.0
yf_ZS=F_d13;20900;ASH_COATED_OSMIUM;9966;8;9964;24;;;9972;10;9974;15;;;9969.0;0.0
yf_ZS=F_d13;20900;INTARIAN_PEPPER_ROOT;11960;12;11958;21;;;11966;10;11969;17;;;11963.0;0.0
yf_ZS=F_d13;21000;ASH_COATED_OSMIUM;9966;18;9962;13;;;9972;7;9974;25;;;9969.0;0.0
yf_ZS=F_d13;21000;INTARIAN_PEPPER_ROOT;11961;16;11959;22;;;11967;11;11970;17;;;11964.0;0.0
yf_ZS=F_d13;21100;ASH_COATED_OSMIUM;9963;12;9960;24;;;9974;15;9977;16;;;9968.5;0.0
yf_ZS=F_d13;21100;INTARIAN_PEPPER_ROOT;11960;11;11958;19;;;11971;10;11975;21;;;11965.5;0.0
yf_ZS=F_d13;21200;ASH_COATED_OSMIUM;9966;8;9963;20;;;9972;16;9976;15;;;9969.0;0.0
yf_ZS=F_d13;21200;INTARIAN_PEPPER_ROOT;11964;13;11961;24;;;11970;10;11972;24;;;11967.0;0.0
yf_ZS=F_d13;21300;ASH_COATED_OSMIUM;9966;8;9963;15;;;9972;17;9976;20;;;9969.0;0.0
yf_ZS=F_d13;21300;INTARIAN_PEPPER_ROOT;11965;17;11963;29;;;11973;12;11975;25;;;11969.0;0.0
yf_ZS=F_d13;21400;ASH_COATED_OSMIUM;9966;12;9963;14;;;9973;9;9977;20;;;9969.5;0.0
yf_ZS=F_d13;21400;INTARIAN_PEPPER_ROOT;11966;13;11964;15;;;11974;14;11978;15;;;11970.0;0.0
yf_ZS=F_d13;21500;ASH_COATED_OSMIUM;9961;16;9957;20;;;9979;16;9981;15;;;9970.0;0.0
yf_ZS=F_d13;21500;INTARIAN_PEPPER_ROOT;11969;19;11966;26;;;11975;10;11979;19;;;11972.0;0.0
yf_ZS=F_d13;21600;ASH_COATED_OSMIUM;9966;16;9962;10;;;9972;9;9975;23;;;9969.0;0.0
yf_ZS=F_d13;21600;INTARIAN_PEPPER_ROOT;11970;17;11968;9;;;11976;13;11980;24;;;11973.0;0.0
yf_ZS=F_d13;21700;ASH_COATED_OSMIUM;9960;7;9957;14;;;9979;14;9981;20;;;9969.5;0.0
yf_ZS=F_d13;21700;INTARIAN_PEPPER_ROOT;11972;24;11970;13;;;11978;12;11981;19;;;11975.0;0.0
yf_ZS=F_d13;21800;ASH_COATED_OSMIUM;9967;16;9965;24;;;9973;8;9975;16;;;9970.0;0.0
yf_ZS=F_d13;21800;INTARIAN_PEPPER_ROOT;11973;21;11971;15;;;11980;20;11982;20;;;11976.5;0.0
yf_ZS=F_d13;21900;ASH_COATED_OSMIUM;9967;8;9964;23;;;9974;9;9978;24;;;9970.5;0.0
yf_ZS=F_d13;21900;INTARIAN_PEPPER_ROOT;11975;10;11971;33;;;11981;17;11985;22;;;11978.0;0.0
yf_ZS=F_d13;22000;ASH_COATED_OSMIUM;9967;11;9964;26;;;9974;5;9976;18;;;9970.5;0.0
yf_ZS=F_d13;22000;INTARIAN_PEPPER_ROOT;11976;15;11974;18;;;11982;21;11984;22;;;11979.0;0.0
yf_ZS=F_d13;22100;ASH_COATED_OSMIUM;9967;16;9965;16;;;9973;17;9975;17;;;9970.0;0.0
yf_ZS=F_d13;22100;INTARIAN_PEPPER_ROOT;11978;20;11975;12;;;11984;18;11986;19;;;11981.0;0.0
yf_ZS=F_d13;22200;ASH_COATED_OSMIUM;9968;19;9966;26;;;9974;9;9977;15;;;9971.0;0.0
yf_ZS=F_d13;22200;INTARIAN_PEPPER_ROOT;11979;10;11976;21;;;11985;20;11988;24;;;11982.0;0.0
yf_ZS=F_d13;22300;ASH_COATED_OSMIUM;9968;18;9966;11;;;9974;12;9977;24;;;9971.0;0.0
yf_ZS=F_d13;22300;INTARIAN_PEPPER_ROOT;11976;13;11973;20;;;11993;17;11995;21;;;11984.5;0.0
yf_ZS=F_d13;22400;ASH_COATED_OSMIUM;9968;15;9965;14;;;9974;13;9978;22;;;9971.0;0.0
yf_ZS=F_d13;22400;INTARIAN_PEPPER_ROOT;11983;21;11979;18;;;11989;9;11993;28;;;11986.0;0.0
yf_ZS=F_d13;22500;ASH_COATED_OSMIUM;9962;9;9958;23;;;9981;10;9985;13;;;9971.5;0.0
yf_ZS=F_d13;22500;INTARIAN_PEPPER_ROOT;11984;14;11981;27;;;11990;14;11992;18;;;11987.0;0.0
yf_ZS=F_d13;22600;ASH_COATED_OSMIUM;9968;13;9966;23;;;9974;6;9976;25;;;9971.0;0.0
yf_ZS=F_d13;22600;INTARIAN_PEPPER_ROOT;11986;11;11984;22;;;11992;17;11996;20;;;11989.0;0.0
yf_ZS=F_d13;22700;ASH_COATED_OSMIUM;9962;15;9960;28;;;9982;5;9986;11;;;9972.0;0.0
yf_ZS=F_d13;22700;INTARIAN_PEPPER_ROOT;11987;5;11984;13;;;11993;18;11996;17;;;11990.0;0.0
yf_ZS=F_d13;22800;ASH_COATED_OSMIUM;9964;13;9960;24;;;9979;17;9981;22;;;9971.5;0.0
yf_ZS=F_d13;22800;INTARIAN_PEPPER_ROOT;11988;14;11985;27;;;11994;12;11997;15;;;11991.0;0.0
yf_ZS=F_d13;22900;ASH_COATED_OSMIUM;9956;16;9954;20;;;9986;5;9988;14;;;9971.0;0.0
yf_ZS=F_d13;22900;INTARIAN_PEPPER_ROOT;11990;15;11988;13;;;11996;17;11998;14;;;11993.0;0.0
yf_ZS=F_d13;23000;ASH_COATED_OSMIUM;9969;20;9965;21;;;9975;18;9979;19;;;9972.0;0.0
yf_ZS=F_d13;23000;INTARIAN_PEPPER_ROOT;11990;12;11987;27;;;11998;18;12001;20;;;11994.0;0.0
yf_ZS=F_d13;23100;ASH_COATED_OSMIUM;9969;5;9967;16;;;9975;16;9978;16;;;9972.0;0.0
yf_ZS=F_d13;23100;INTARIAN_PEPPER_ROOT;11992;14;11990;22;;;12000;17;12002;23;;;11996.0;0.0
yf_ZS=F_d13;23200;ASH_COATED_OSMIUM;9969;11;9965;29;;;9975;20;9977;20;;;9972.0;0.0
yf_ZS=F_d13;23200;INTARIAN_PEPPER_ROOT;11995;17;11993;22;;;12001;9;12004;8;;;11998.0;0.0
yf_ZS=F_d13;23300;ASH_COATED_OSMIUM;9970;20;9967;10;;;9976;13;9979;11;;;9973.0;0.0
yf_ZS=F_d13;23300;INTARIAN_PEPPER_ROOT;11986;17;11983;22;;;12012;15;12015;20;;;11999.0;0.0
yf_ZS=F_d13;23400;ASH_COATED_OSMIUM;9970;14;9966;18;;;9976;11;9978;16;;;9973.0;0.0
yf_ZS=F_d13;23400;INTARIAN_PEPPER_ROOT;11997;8;11993;13;;;12005;12;12008;12;;;12001.0;0.0
yf_ZS=F_d13;23500;ASH_COATED_OSMIUM;9969;5;9967;23;;;9976;7;9980;21;;;9972.5;0.0
yf_ZS=F_d13;23500;INTARIAN_PEPPER_ROOT;11997;8;11993;21;;;12006;20;12010;24;;;12001.5;0.0
yf_ZS=F_d13;23600;ASH_COATED_OSMIUM;9968;14;9966;17;;;9979;27;9983;21;;;9973.5;0.0
yf_ZS=F_d13;23600;INTARIAN_PEPPER_ROOT;11986;18;11984;34;;;12020;24;12022;22;;;12003.0;0.0
yf_ZS=F_d13;23700;ASH_COATED_OSMIUM;9970;16;9966;16;;;9976;12;9980;23;;;9973.0;0.0
yf_ZS=F_d13;23700;INTARIAN_PEPPER_ROOT;12002;9;12000;16;;;12008;15;12011;24;;;12005.0;0.0
yf_ZS=F_d13;23800;ASH_COATED_OSMIUM;9965;5;9963;23;;;9981;13;9983;18;;;9973.0;0.0
yf_ZS=F_d13;23800;INTARIAN_PEPPER_ROOT;11994;16;11991;18;;;12018;10;12021;16;;;12006.0;0.0
yf_ZS=F_d13;23900;ASH_COATED_OSMIUM;9970;19;9968;24;;;9976;12;9978;28;;;9973.0;0.0
yf_ZS=F_d13;23900;INTARIAN_PEPPER_ROOT;12004;13;12001;15;;;12012;24;12014;11;;;12008.0;0.0
yf_ZS=F_d13;24000;ASH_COATED_OSMIUM;9971;13;9969;9;;;9977;13;9980;20;;;9974.0;0.0
yf_ZS=F_d13;24000;INTARIAN_PEPPER_ROOT;12007;23;12003;21;;;12013;8;12015;22;;;12010.0;0.0
yf_ZS=F_d13;24100;ASH_COATED_OSMIUM;9970;21;9967;15;;;9976;12;9980;23;;;9973.0;0.0
yf_ZS=F_d13;24100;INTARIAN_PEPPER_ROOT;12008;7;12006;21;;;12014;11;12017;25;;;12011.0;0.0
yf_ZS=F_d13;24200;ASH_COATED_OSMIUM;9970;13;9966;19;;;9976;7;9980;16;;;9973.0;0.0
yf_ZS=F_d13;24200;INTARIAN_PEPPER_ROOT;12010;17;12007;26;;;12016;17;12018;28;;;12013.0;0.0
yf_ZS=F_d13;24300;ASH_COATED_OSMIUM;9971;13;9967;20;;;9977;16;9979;21;;;9974.0;0.0
yf_ZS=F_d13;24300;INTARIAN_PEPPER_ROOT;12010;21;12007;26;;;12018;19;12022;21;;;12014.0;0.0
yf_ZS=F_d13;24400;ASH_COATED_OSMIUM;9971;19;9969;23;;;9977;17;9981;27;;;9974.0;0.0
yf_ZS=F_d13;24400;INTARIAN_PEPPER_ROOT;12011;12;12007;23;;;12021;19;12023;19;;;12016.0;0.0
yf_ZS=F_d13;24500;ASH_COATED_OSMIUM;9971;8;9969;18;;;9977;5;9980;11;;;9974.0;0.0
yf_ZS=F_d13;24500;INTARIAN_PEPPER_ROOT;12012;7;12009;14;;;12023;20;12025;29;;;12017.5;0.0
yf_ZS=F_d13;24600;ASH_COATED_OSMIUM;9970;19;9966;11;;;9979;9;9983;17;;;9974.5;0.0
yf_ZS=F_d13;24600;INTARIAN_PEPPER_ROOT;12003;23;12001;14;;;12034;12;12037;8;;;12018.5;0.0
yf_ZS=F_d13;24700;ASH_COATED_OSMIUM;9962;6;9959;23;;;9986;5;9989;25;;;9974.0;0.0
yf_ZS=F_d13;24700;INTARIAN_PEPPER_ROOT;12017;17;12014;19;;;12023;19;12025;21;;;12020.0;0.0
yf_ZS=F_d13;24800;ASH_COATED_OSMIUM;9964;18;9961;17;;;9986;8;9989;30;;;9975.0;0.0
yf_ZS=F_d13;24800;INTARIAN_PEPPER_ROOT;12019;16;12015;9;;;12025;15;12029;16;;;12022.0;0.0
yf_ZS=F_d13;24900;ASH_COATED_OSMIUM;9967;5;9963;30;;;9983;17;9987;29;;;9975.0;0.0
yf_ZS=F_d13;24900;INTARIAN_PEPPER_ROOT;12016;18;12013;20;;;12031;16;12034;25;;;12023.5;0.0
yf_ZS=F_d13;25000;ASH_COATED_OSMIUM;9966;20;9963;21;;;9983;5;9987;15;;;9974.5;0.0
yf_ZS=F_d13;25000;INTARIAN_PEPPER_ROOT;12020;15;12016;25;;;12029;20;12032;13;;;12024.5;0.0
yf_ZS=F_d13;25100;ASH_COATED_OSMIUM;9972;5;9968;24;;;9978;9;9981;20;;;9975.0;0.0
yf_ZS=F_d13;25100;INTARIAN_PEPPER_ROOT;12017;15;12015;15;;;12035;15;12038;26;;;12026.0;0.0
yf_ZS=F_d13;25200;ASH_COATED_OSMIUM;9972;21;9969;15;;;9978;11;9981;18;;;9975.0;0.0
yf_ZS=F_d13;25200;INTARIAN_PEPPER_ROOT;12025;15;12023;19;;;12031;10;12033;19;;;12028.0;0.0
yf_ZS=F_d13;25300;ASH_COATED_OSMIUM;9968;17;9965;22;;;9983;15;9987;21;;;9975.5;0.0
yf_ZS=F_d13;25300;INTARIAN_PEPPER_ROOT;12026;17;12023;16;;;12032;11;12035;19;;;12029.0;0.0
yf_ZS=F_d13;25400;ASH_COATED_OSMIUM;9967;13;9963;23;;;9984;9;9987;24;;;9975.5;0.0
yf_ZS=F_d13;25400;INTARIAN_PEPPER_ROOT;12022;17;12019;20;;;12040;15;12044;19;;;12031.0;0.0
yf_ZS=F_d13;25500;ASH_COATED_OSMIUM;9972;14;9968;27;;;9979;18;9982;18;;;9975.5;0.0
yf_ZS=F_d13;25500;INTARIAN_PEPPER_ROOT;12027;8;12025;16;;;12039;19;12041;23;;;12033.0;0.0
yf_ZS=F_d13;25600;ASH_COATED_OSMIUM;9972;16;9968;23;;;9978;17;9981;17;;;9975.0;0.0
yf_ZS=F_d13;25600;INTARIAN_PEPPER_ROOT;12030;20;12027;35;;;12039;10;12041;16;;;12034.5;0.0
yf_ZS=F_d13;25700;ASH_COATED_OSMIUM;9971;15;9968;22;;;9982;14;9986;8;;;9976.5;0.0
yf_ZS=F_d13;25700;INTARIAN_PEPPER_ROOT;12032;7;12030;18;;;12038;10;12041;26;;;12035.0;0.0
yf_ZS=F_d13;25800;ASH_COATED_OSMIUM;9974;12;9970;9;;;9980;19;9982;27;;;9977.0;0.0
yf_ZS=F_d13;25800;INTARIAN_PEPPER_ROOT;12026;20;12022;20;;;12047;9;12051;18;;;12036.5;0.0
yf_ZS=F_d13;25900;ASH_COATED_OSMIUM;9973;13;9971;21;;;9979;7;9981;20;;;9976.0;0.0
yf_ZS=F_d13;25900;INTARIAN_PEPPER_ROOT;12033;13;12031;13;;;12043;16;12046;19;;;12038.0;0.0
yf_ZS=F_d13;26000;ASH_COATED_OSMIUM;9972;9;9969;15;;;9981;5;9985;12;;;9976.5;0.0
yf_ZS=F_d13;26000;INTARIAN_PEPPER_ROOT;12037;20;12033;10;;;12043;11;12046;26;;;12040.0;0.0
yf_ZS=F_d13;26100;ASH_COATED_OSMIUM;9969;12;9967;21;;;9985;20;9989;9;;;9977.0;0.0
yf_ZS=F_d13;26100;INTARIAN_PEPPER_ROOT;12039;23;12036;15;;;12045;14;12049;20;;;12042.0;0.0
yf_ZS=F_d13;26200;ASH_COATED_OSMIUM;9972;17;9969;23;;;9980;16;9982;16;;;9976.0;0.0
yf_ZS=F_d13;26200;INTARIAN_PEPPER_ROOT;12036;17;12034;15;;;12051;11;12053;16;;;12043.5;0.0
yf_ZS=F_d13;26300;ASH_COATED_OSMIUM;9974;22;9970;19;;;9980;14;9982;29;;;9977.0;0.0
yf_ZS=F_d13;26300;INTARIAN_PEPPER_ROOT;12038;6;12035;32;;;12051;23;12055;20;;;12044.5;0.0
yf_ZS=F_d13;26400;ASH_COATED_OSMIUM;9974;10;9972;27;;;9980;16;9983;16;;;9977.0;0.0
yf_ZS=F_d13;26400;INTARIAN_PEPPER_ROOT;12041;9;12038;23;;;12051;10;12054;19;;;12046.0;0.0
yf_ZS=F_d13;26500;ASH_COATED_OSMIUM;9973;10;9971;24;;;9981;16;9984;23;;;9977.0;0.0
yf_ZS=F_d13;26500;INTARIAN_PEPPER_ROOT;12043;21;12041;17;;;12053;21;12056;21;;;12048.0;0.0
yf_ZS=F_d13;26600;ASH_COATED_OSMIUM;9974;21;9971;16;;;9980;18;9983;19;;;9977.0;0.0
yf_ZS=F_d13;26600;INTARIAN_PEPPER_ROOT;12046;19;12042;16;;;12052;15;12055;14;;;12049.0;0.0
yf_ZS=F_d13;26700;ASH_COATED_OSMIUM;9975;12;9972;20;;;9981;20;9983;8;;;9978.0;0.0
yf_ZS=F_d13;26700;INTARIAN_PEPPER_ROOT;12044;12;12041;13;;;12056;19;12060;19;;;12050.0;0.0
yf_ZS=F_d13;26800;ASH_COATED_OSMIUM;9974;16;9970;24;;;9980;10;9983;15;;;9977.0;0.0
yf_ZS=F_d13;26800;INTARIAN_PEPPER_ROOT;12049;16;12046;19;;;12055;12;12057;23;;;12052.0;0.0
yf_ZS=F_d13;26900;ASH_COATED_OSMIUM;9975;8;9971;17;;;9981;9;9983;21;;;9978.0;0.0
yf_ZS=F_d13;26900;INTARIAN_PEPPER_ROOT;12051;12;12049;30;;;12057;16;12061;22;;;12054.0;0.0
yf_ZS=F_d13;27000;ASH_COATED_OSMIUM;9975;11;9973;25;;;9981;13;9985;14;;;9978.0;0.0
yf_ZS=F_d13;27000;INTARIAN_PEPPER_ROOT;12052;5;12048;26;;;12058;14;12061;17;;;12055.0;0.0
yf_ZS=F_d13;27100;ASH_COATED_OSMIUM;9975;19;9971;21;;;9981;15;9985;19;;;9978.0;0.0
yf_ZS=F_d13;27100;INTARIAN_PEPPER_ROOT;12053;26;12049;17;;;12062;5;12064;16;;;12057.5;0.0
yf_ZS=F_d13;27200;ASH_COATED_OSMIUM;9973;19;9970;26;;;9982;10;9986;13;;;9977.5;0.0
yf_ZS=F_d13;27200;INTARIAN_PEPPER_ROOT;12056;21;12053;18;;;12062;17;12065;10;;;12059.0;0.0
yf_ZS=F_d13;27300;ASH_COATED_OSMIUM;9971;18;9967;27;;;9985;7;9987;24;;;9978.0;0.0
yf_ZS=F_d13;27300;INTARIAN_PEPPER_ROOT;12057;20;12055;20;;;12063;19;12067;25;;;12060.0;0.0
yf_ZS=F_d13;27400;ASH_COATED_OSMIUM;9975;13;9972;18;;;9981;13;9984;17;;;9978.0;0.0
yf_ZS=F_d13;27400;INTARIAN_PEPPER_ROOT;12045;11;12042;19;;;12079;12;12083;23;;;12062.0;0.0
yf_ZS=F_d13;27500;ASH_COATED_OSMIUM;9976;29;9974;20;;;9982;11;9986;24;;;9979.0;0.0
yf_ZS=F_d13;27500;INTARIAN_PEPPER_ROOT;12060;17;12057;23;;;12066;12;12069;22;;;12063.0;0.0
yf_ZS=F_d13;27600;ASH_COATED_OSMIUM;9976;15;9974;20;;;9982;5;9985;20;;;9979.0;0.0
yf_ZS=F_d13;27600;INTARIAN_PEPPER_ROOT;12061;15;12058;31;;;12069;21;12071;26;;;12065.0;0.0
yf_ZS=F_d13;27700;ASH_COATED_OSMIUM;9968;14;9964;20;;;9990;14;9994;26;;;9979.0;0.0
yf_ZS=F_d13;27700;INTARIAN_PEPPER_ROOT;12058;14;12054;18;;;12073;10;12076;19;;;12065.5;0.0
yf_ZS=F_d13;27800;ASH_COATED_OSMIUM;9976;10;9972;27;;;9982;10;9985;26;;;9979.0;0.0
yf_ZS=F_d13;27800;INTARIAN_PEPPER_ROOT;12065;20;12063;22;;;12071;22;12074;22;;;12068.0;0.0
yf_ZS=F_d13;27900;ASH_COATED_OSMIUM;9976;12;9972;24;;;9982;16;9984;29;;;9979.0;0.0
yf_ZS=F_d13;27900;INTARIAN_PEPPER_ROOT;12066;14;12062;23;;;12072;14;12076;18;;;12069.0;0.0
yf_ZS=F_d13;28000;ASH_COATED_OSMIUM;9976;8;9973;13;;;9982;14;9986;15;;;9979.0;0.0
yf_ZS=F_d13;28000;INTARIAN_PEPPER_ROOT;12054;11;12052;26;;;12087;21;12091;29;;;12070.5;0.0
yf_ZS=F_d13;28100;ASH_COATED_OSMIUM;9965;20;9962;23;;;9993;19;9995;15;;;9979.0;0.0
yf_ZS=F_d13;28100;INTARIAN_PEPPER_ROOT;12068;11;12065;16;;;12074;18;12077;18;;;12071.0;0.0
yf_ZS=F_d13;28200;ASH_COATED_OSMIUM;9976;17;9973;15;;;9982;18;9986;15;;;9979.0;0.0
yf_ZS=F_d13;28200;INTARIAN_PEPPER_ROOT;12071;17;12069;22;;;12077;16;12081;17;;;12074.0;0.0
yf_ZS=F_d13;28300;ASH_COATED_OSMIUM;9974;14;9971;18;;;9987;16;9991;19;;;9980.5;0.0
yf_ZS=F_d13;28300;INTARIAN_PEPPER_ROOT;12072;21;12070;13;;;12078;18;12081;26;;;12075.0;0.0
yf_ZS=F_d13;28400;ASH_COATED_OSMIUM;9971;14;9968;20;;;9988;6;9990;25;;;9979.5;0.0
yf_ZS=F_d13;28400;INTARIAN_PEPPER_ROOT;12074;7;12072;8;;;12080;17;12082;22;;;12077.0;0.0
yf_ZS=F_d13;28500;ASH_COATED_OSMIUM;9977;22;9973;11;;;9983;8;9985;14;;;9980.0;0.0
yf_ZS=F_d13;28500;INTARIAN_PEPPER_ROOT;12075;18;12071;16;;;12081;14;12083;20;;;12078.0;0.0
yf_ZS=F_d13;28600;ASH_COATED_OSMIUM;9977;19;9975;21;;;9983;18;9986;22;;;9980.0;0.0
yf_ZS=F_d13;28600;INTARIAN_PEPPER_ROOT;12066;9;12062;23;;;12092;18;12095;20;;;12079.0;0.0
yf_ZS=F_d13;28700;ASH_COATED_OSMIUM;9977;20;9975;17;;;9983;8;9987;19;;;9980.0;0.0
yf_ZS=F_d13;28700;INTARIAN_PEPPER_ROOT;12078;17;12074;19;;;12084;17;12086;22;;;12081.0;0.0
yf_ZS=F_d13;28800;ASH_COATED_OSMIUM;9978;8;9974;16;;;9984;14;9986;19;;;9981.0;0.0
yf_ZS=F_d13;28800;INTARIAN_PEPPER_ROOT;12080;15;12076;27;;;12086;12;12090;29;;;12083.0;0.0
yf_ZS=F_d13;28900;ASH_COATED_OSMIUM;9978;14;9974;19;;;9984;15;9987;23;;;9981.0;0.0
yf_ZS=F_d13;28900;INTARIAN_PEPPER_ROOT;12082;14;12080;20;;;12088;25;12092;27;;;12085.0;0.0
yf_ZS=F_d13;29000;ASH_COATED_OSMIUM;9970;17;9968;24;;;9992;7;9995;10;;;9981.0;0.0
yf_ZS=F_d13;29000;INTARIAN_PEPPER_ROOT;12082;5;12080;16;;;12088;11;12092;15;;;12085.0;0.0
yf_ZS=F_d13;29100;ASH_COATED_OSMIUM;9977;13;9973;15;;;9986;22;9990;11;;;9981.5;0.0
yf_ZS=F_d13;29100;INTARIAN_PEPPER_ROOT;12082;20;12080;17;;;12094;17;12098;31;;;12088.0;0.0
yf_ZS=F_d13;29200;ASH_COATED_OSMIUM;9978;5;9974;15;;;9984;15;9986;24;;;9981.0;0.0
yf_ZS=F_d13;29200;INTARIAN_PEPPER_ROOT;12082;20;12080;15;;;12095;13;12097;30;;;12088.5;0.0
yf_ZS=F_d13;29300;ASH_COATED_OSMIUM;9976;20;9972;13;;;9990;17;9994;22;;;9983.0;0.0
yf_ZS=F_d13;29300;INTARIAN_PEPPER_ROOT;12082;11;12079;20;;;12099;14;12102;33;;;12090.5;0.0
yf_ZS=F_d13;29400;ASH_COATED_OSMIUM;9975;18;9971;23;;;9989;15;9992;15;;;9982.0;0.0
yf_ZS=F_d13;29400;INTARIAN_PEPPER_ROOT;12089;17;12087;21;;;12095;17;12098;12;;;12092.0;0.0
yf_ZS=F_d13;29500;ASH_COATED_OSMIUM;9977;15;9973;24;;;9987;14;9991;27;;;9982.0;0.0
yf_ZS=F_d13;29500;INTARIAN_PEPPER_ROOT;12088;15;12084;19;;;12100;11;12103;16;;;12094.0;0.0
yf_ZS=F_d13;29600;ASH_COATED_OSMIUM;9979;15;9975;20;;;9985;26;9989;27;;;9982.0;0.0
yf_ZS=F_d13;29600;INTARIAN_PEPPER_ROOT;12092;17;12089;31;;;12098;11;12102;22;;;12095.0;0.0
yf_ZS=F_d13;29700;ASH_COATED_OSMIUM;9979;16;9976;21;;;9985;15;9988;17;;;9982.0;0.0
yf_ZS=F_d13;29700;INTARIAN_PEPPER_ROOT;12089;8;12085;15;;;12102;9;12104;20;;;12095.5;0.0
yf_ZS=F_d13;29800;ASH_COATED_OSMIUM;9979;5;9975;31;;;9985;9;9987;8;;;9982.0;0.0
yf_ZS=F_d13;29800;INTARIAN_PEPPER_ROOT;12085;13;12083;20;;;12110;13;12113;20;;;12097.5;0.0
yf_ZS=F_d13;29900;ASH_COATED_OSMIUM;9979;15;9976;23;;;9985;12;9987;21;;;9982.0;0.0
yf_ZS=F_d13;29900;INTARIAN_PEPPER_ROOT;12096;17;12093;13;;;12102;17;12105;20;;;12099.0;0.0
yf_ZS=F_d13;30000;ASH_COATED_OSMIUM;9980;19;9978;17;;;9986;13;9989;21;;;9983.0;0.0
yf_ZS=F_d13;30000;INTARIAN_PEPPER_ROOT;12098;11;12095;26;;;12104;20;12106;16;;;12101.0;0.0
yf_ZS=F_d13;30100;ASH_COATED_OSMIUM;9980;18;9978;22;;;9986;11;9989;27;;;9983.0;0.0
yf_ZS=F_d13;30100;INTARIAN_PEPPER_ROOT;12099;9;12097;22;;;12105;13;12109;16;;;12102.0;0.0
yf_ZS=F_d13;30200;ASH_COATED_OSMIUM;9980;14;9976;15;;;9986;11;9990;14;;;9983.0;0.0
yf_ZS=F_d13;30200;INTARIAN_PEPPER_ROOT;12096;16;12092;27;;;12112;7;12114;22;;;12104.0;0.0
yf_ZS=F_d13;30300;ASH_COATED_OSMIUM;9979;5;9977;12;;;9987;10;9990;12;;;9983.0;0.0
yf_ZS=F_d13;30300;INTARIAN_PEPPER_ROOT;12103;8;12100;14;;;12109;12;12113;16;;;12106.0;0.0
yf_ZS=F_d13;30400;ASH_COATED_OSMIUM;9980;19;9977;18;;;9986;8;9988;15;;;9983.0;0.0
yf_ZS=F_d13;30400;INTARIAN_PEPPER_ROOT;12104;11;12102;25;;;12110;10;12112;19;;;12107.0;0.0
yf_ZS=F_d13;30500;ASH_COATED_OSMIUM;9978;15;9976;26;;;9989;16;9993;19;;;9983.5;0.0
yf_ZS=F_d13;30500;INTARIAN_PEPPER_ROOT;12100;12;12098;25;;;12117;24;12120;29;;;12108.5;0.0
yf_ZS=F_d13;30600;ASH_COATED_OSMIUM;9980;13;9978;16;;;9986;7;9988;28;;;9983.0;0.0
yf_ZS=F_d13;30600;INTARIAN_PEPPER_ROOT;12107;13;12104;17;;;12113;8;12117;22;;;12110.0;0.0
yf_ZS=F_d13;30700;ASH_COATED_OSMIUM;9976;18;9973;8;;;9990;9;9993;19;;;9983.0;0.0
yf_ZS=F_d13;30700;INTARIAN_PEPPER_ROOT;12103;12;12100;11;;;12119;15;12121;17;;;12111.0;0.0
yf_ZS=F_d13;30800;ASH_COATED_OSMIUM;9981;13;9977;20;;;9987;8;9990;18;;;9984.0;0.0
yf_ZS=F_d13;30800;INTARIAN_PEPPER_ROOT;12107;13;12104;30;;;12120;19;12124;19;;;12113.5;0.0
yf_ZS=F_d13;30900;ASH_COATED_OSMIUM;9981;17;9978;25;;;9987;11;9990;22;;;9984.0;0.0
yf_ZS=F_d13;30900;INTARIAN_PEPPER_ROOT;12112;14;12110;20;;;12118;19;12121;26;;;12115.0;0.0
yf_ZS=F_d13;31000;ASH_COATED_OSMIUM;9981;18;9978;16;;;9987;20;9989;19;;;9984.0;0.0
yf_ZS=F_d13;31000;INTARIAN_PEPPER_ROOT;12113;10;12110;18;;;12119;17;12121;21;;;12116.0;0.0
yf_ZS=F_d13;31100;ASH_COATED_OSMIUM;9981;6;9979;12;;;9987;20;9989;19;;;9984.0;0.0
yf_ZS=F_d13;31100;INTARIAN_PEPPER_ROOT;12115;22;12113;18;;;12121;10;12125;10;;;12118.0;0.0
yf_ZS=F_d13;31200;ASH_COATED_OSMIUM;9981;11;9979;23;;;9989;21;9991;20;;;9985.0;0.0
yf_ZS=F_d13;31200;INTARIAN_PEPPER_ROOT;12116;7;12112;11;;;12122;19;12125;23;;;12119.0;0.0
yf_ZS=F_d13;31300;ASH_COATED_OSMIUM;9982;19;9979;18;;;9988;14;9990;30;;;9985.0;0.0
yf_ZS=F_d13;31300;INTARIAN_PEPPER_ROOT;12112;13;12109;16;;;12129;18;12132;13;;;12120.5;0.0
yf_ZS=F_d13;31400;ASH_COATED_OSMIUM;9982;16;9979;13;;;9988;22;9990;20;;;9985.0;0.0
yf_ZS=F_d13;31400;INTARIAN_PEPPER_ROOT;12117;20;12113;24;;;12127;12;12130;23;;;12122.0;0.0
yf_ZS=F_d13;31500;ASH_COATED_OSMIUM;9982;20;9978;21;;;9988;19;9991;15;;;9985.0;0.0
yf_ZS=F_d13;31500;INTARIAN_PEPPER_ROOT;12121;8;12119;18;;;12127;17;12129;18;;;12124.0;0.0
yf_ZS=F_d13;31600;ASH_COATED_OSMIUM;9979;20;9975;20;;;9992;17;9995;23;;;9985.5;0.0
yf_ZS=F_d13;31600;INTARIAN_PEPPER_ROOT;12122;25;12118;16;;;12129;18;12133;27;;;12125.5;0.0
yf_ZS=F_d13;31700;ASH_COATED_OSMIUM;9982;12;9978;26;;;9988;19;9990;20;;;9985.0;0.0
yf_ZS=F_d13;31700;INTARIAN_PEPPER_ROOT;12124;17;12122;23;;;12130;15;12133;18;;;12127.0;0.0
yf_ZS=F_d13;31800;ASH_COATED_OSMIUM;9982;15;9979;25;;;9989;15;9991;17;;;9985.5;0.0
yf_ZS=F_d13;31800;INTARIAN_PEPPER_ROOT;12126;9;12122;12;;;12132;16;12135;22;;;12129.0;0.0
yf_ZS=F_d13;31900;ASH_COATED_OSMIUM;9983;12;9981;23;;;9989;13;9993;19;;;9986.0;0.0
yf_ZS=F_d13;31900;INTARIAN_PEPPER_ROOT;12124;8;12121;21;;;12136;14;12139;15;;;12130.0;0.0
yf_ZS=F_d13;32000;ASH_COATED_OSMIUM;9982;10;9978;15;;;9988;8;9992;12;;;9985.0;0.0
yf_ZS=F_d13;32000;INTARIAN_PEPPER_ROOT;12129;18;12127;21;;;12135;19;12137;16;;;12132.0;0.0
yf_ZS=F_d13;32100;ASH_COATED_OSMIUM;9982;8;9978;18;;;9989;15;9992;21;;;9985.5;0.0
yf_ZS=F_d13;32100;INTARIAN_PEPPER_ROOT;12126;17;12123;14;;;12140;17;12143;16;;;12133.0;0.0
yf_ZS=F_d13;32200;ASH_COATED_OSMIUM;9983;16;9981;20;;;9989;20;9991;12;;;9986.0;0.0
yf_ZS=F_d13;32200;INTARIAN_PEPPER_ROOT;12126;13;12123;20;;;12142;13;12146;17;;;12134.0;0.0
yf_ZS=F_d13;32300;ASH_COATED_OSMIUM;9975;9;9973;9;;;9997;22;10001;16;;;9986.0;0.0
yf_ZS=F_d13;32300;INTARIAN_PEPPER_ROOT;12133;21;12130;24;;;12139;8;12142;21;;;12136.0;0.0
yf_ZS=F_d13;32400;ASH_COATED_OSMIUM;9978;9;9976;17;;;9994;9;9996;18;;;9986.0;0.0
yf_ZS=F_d13;32400;INTARIAN_PEPPER_ROOT;12134;10;12130;23;;;12140;22;12143;19;;;12137.0;0.0
yf_ZS=F_d13;32500;ASH_COATED_OSMIUM;9983;16;9979;25;;;9989;19;9992;21;;;9986.0;0.0
yf_ZS=F_d13;32500;INTARIAN_PEPPER_ROOT;12136;19;12132;20;;;12142;15;12145;25;;;12139.0;0.0
yf_ZS=F_d13;32600;ASH_COATED_OSMIUM;9983;14;9980;20;;;9989;15;9993;17;;;9986.0;0.0
yf_ZS=F_d13;32600;INTARIAN_PEPPER_ROOT;12126;14;12123;15;;;12155;15;12157;20;;;12140.5;0.0
yf_ZS=F_d13;32700;ASH_COATED_OSMIUM;9984;21;9982;21;;;9990;10;9994;19;;;9987.0;0.0
yf_ZS=F_d13;32700;INTARIAN_PEPPER_ROOT;12139;9;12137;12;;;12145;15;12147;27;;;12142.0;0.0
yf_ZS=F_d13;32800;ASH_COATED_OSMIUM;9983;15;9980;16;;;9990;10;9994;17;;;9986.5;0.0
yf_ZS=F_d13;32800;INTARIAN_PEPPER_ROOT;12140;15;12136;23;;;12147;7;12151;15;;;12143.5;0.0
yf_ZS=F_d13;32900;ASH_COATED_OSMIUM;9982;17;9978;14;;;9992;10;9996;26;;;9987.0;0.0
yf_ZS=F_d13;32900;INTARIAN_PEPPER_ROOT;12142;16;12138;12;;;12148;14;12150;16;;;12145.0;0.0
yf_ZS=F_d13;33000;ASH_COATED_OSMIUM;9981;14;9977;23;;;9992;17;9996;25;;;9986.5;0.0
yf_ZS=F_d13;33000;INTARIAN_PEPPER_ROOT;12143;11;12139;18;;;12149;21;12153;13;;;12146.0;0.0
yf_ZS=F_d13;33100;ASH_COATED_OSMIUM;9984;11;9980;27;;;9990;10;9994;27;;;9987.0;0.0
yf_ZS=F_d13;33100;INTARIAN_PEPPER_ROOT;12145;12;12141;29;;;12151;5;12155;25;;;12148.0;0.0
yf_ZS=F_d13;33200;ASH_COATED_OSMIUM;9985;15;9981;22;;;9991;15;9994;12;;;9988.0;0.0
yf_ZS=F_d13;33200;INTARIAN_PEPPER_ROOT;12147;13;12145;15;;;12153;13;12155;20;;;12150.0;0.0
yf_ZS=F_d13;33300;ASH_COATED_OSMIUM;9983;11;9981;21;;;9991;16;9995;21;;;9987.0;0.0
yf_ZS=F_d13;33300;INTARIAN_PEPPER_ROOT;12147;16;12145;21;;;12153;9;12155;23;;;12150.0;0.0
yf_ZS=F_d13;33400;ASH_COATED_OSMIUM;9984;11;9980;20;;;9990;13;9994;20;;;9987.0;0.0
yf_ZS=F_d13;33400;INTARIAN_PEPPER_ROOT;12149;9;12145;20;;;12155;14;12158;16;;;12152.0;0.0
yf_ZS=F_d13;33500;ASH_COATED_OSMIUM;9982;23;9979;19;;;9993;8;9995;13;;;9987.5;0.0
yf_ZS=F_d13;33500;INTARIAN_PEPPER_ROOT;12142;22;12140;22;;;12166;12;12169;17;;;12154.0;0.0
yf_ZS=F_d13;33600;ASH_COATED_OSMIUM;9985;8;9982;15;;;9991;5;9993;27;;;9988.0;0.0
yf_ZS=F_d13;33600;INTARIAN_PEPPER_ROOT;12152;23;12150;21;;;12158;5;12160;17;;;12155.0;0.0
yf_ZS=F_d13;33700;ASH_COATED_OSMIUM;9985;15;9982;20;;;9991;14;9995;21;;;9988.0;0.0
yf_ZS=F_d13;33700;INTARIAN_PEPPER_ROOT;12154;5;12152;25;;;12160;12;12163;19;;;12157.0;0.0
yf_ZS=F_d13;33800;ASH_COATED_OSMIUM;9979;6;9977;23;;;9997;21;9999;18;;;9988.0;0.0
yf_ZS=F_d13;33800;INTARIAN_PEPPER_ROOT;12155;21;12151;18;;;12161;16;12164;15;;;12158.0;0.0
yf_ZS=F_d13;33900;ASH_COATED_OSMIUM;9986;18;9982;21;;;9992;5;9994;18;;;9989.0;0.0
yf_ZS=F_d13;33900;INTARIAN_PEPPER_ROOT;12156;15;12152;24;;;12163;22;12165;20;;;12159.5;0.0
yf_ZS=F_d13;34000;ASH_COATED_OSMIUM;9986;24;9982;9;;;9992;11;9996;23;;;9989.0;0.0
yf_ZS=F_d13;34000;INTARIAN_PEPPER_ROOT;12146;18;12143;24;;;12164;11;12166;22;;;12155.0;0.0
yf_ZS=F_d13;34100;ASH_COATED_OSMIUM;9986;11;9983;22;;;9992;12;9995;19;;;9989.0;0.0
yf_ZS=F_d13;34100;INTARIAN_PEPPER_ROOT;12149;22;12146;23;;;12155;15;12158;30;;;12152.0;0.0
yf_ZS=F_d13;34200;ASH_COATED_OSMIUM;9986;16;9983;12;;;9992;28;9996;13;;;9989.0;0.0
yf_ZS=F_d13;34200;INTARIAN_PEPPER_ROOT;12144;11;12141;23;;;12154;18;12158;18;;;12149.0;0.0
yf_ZS=F_d13;34300;ASH_COATED_OSMIUM;9986;19;9984;24;;;9992;8;9995;16;;;9989.0;0.0
yf_ZS=F_d13;34300;INTARIAN_PEPPER_ROOT;12142;17;12138;16;;;12148;11;12152;17;;;12145.0;0.0
yf_ZS=F_d13;34400;ASH_COATED_OSMIUM;9987;19;9983;12;;;9993;22;9996;19;;;9990.0;0.0
yf_ZS=F_d13;34400;INTARIAN_PEPPER_ROOT;12138;13;12136;18;;;12144;19;12148;14;;;12141.0;0.0
yf_ZS=F_d13;34500;ASH_COATED_OSMIUM;9986;16;9984;20;;;9992;14;9996;21;;;9989.0;0.0
yf_ZS=F_d13;34500;INTARIAN_PEPPER_ROOT;12122;6;12119;22;;;12153;12;12157;21;;;12137.5;0.0
yf_ZS=F_d13;34600;ASH_COATED_OSMIUM;9986;23;9983;12;;;9993;17;9997;16;;;9989.5;0.0
yf_ZS=F_d13;34600;INTARIAN_PEPPER_ROOT;12130;6;12128;18;;;12136;17;12139;24;;;12133.0;0.0
yf_ZS=F_d13;34700;ASH_COATED_OSMIUM;9980;15;9977;13;;;9999;13;10003;20;;;9989.5;0.0
yf_ZS=F_d13;34700;INTARIAN_PEPPER_ROOT;12127;14;12125;12;;;12133;15;12136;24;;;12130.0;0.0
yf_ZS=F_d13;34800;ASH_COATED_OSMIUM;9987;18;9983;10;;;9993;19;9996;24;;;9990.0;0.0
yf_ZS=F_d13;34800;INTARIAN_PEPPER_ROOT;12124;15;12120;20;;;12130;15;12134;28;;;12127.0;0.0
yf_ZS=F_d13;34900;ASH_COATED_OSMIUM;9982;16;9980;17;;;9997;19;10000;16;;;9989.5;0.0
yf_ZS=F_d13;34900;INTARIAN_PEPPER_ROOT;12119;20;12116;13;;;12125;16;12127;14;;;12122.0;0.0
yf_ZS=F_d13;35000;ASH_COATED_OSMIUM;9985;11;9983;22;;;9995;16;9997;23;;;9990.0;0.0
yf_ZS=F_d13;35000;INTARIAN_PEPPER_ROOT;12116;15;12113;22;;;12122;14;12124;14;;;12119.0;0.0
yf_ZS=F_d13;35100;ASH_COATED_OSMIUM;9975;12;9971;31;;;10008;19;10010;18;;;9991.5;0.0
yf_ZS=F_d13;35100;INTARIAN_PEPPER_ROOT;12112;12;12109;19;;;12118;18;12122;16;;;12115.0;0.0
yf_ZS=F_d13;35200;ASH_COATED_OSMIUM;9988;17;9986;17;;;9994;12;9998;16;;;9991.0;0.0
yf_ZS=F_d13;35200;INTARIAN_PEPPER_ROOT;12109;12;12106;26;;;12115;13;12118;12;;;12112.0;0.0
yf_ZS=F_d13;35300;ASH_COATED_OSMIUM;9988;23;9986;22;;;9994;12;9996;16;;;9991.0;0.0
yf_ZS=F_d13;35300;INTARIAN_PEPPER_ROOT;12105;13;12102;17;;;12111;15;12114;16;;;12108.0;0.0
yf_ZS=F_d13;35400;ASH_COATED_OSMIUM;9985;16;9983;21;;;9995;12;9997;22;;;9990.0;0.0
yf_ZS=F_d13;35400;INTARIAN_PEPPER_ROOT;12101;16;12098;19;;;12107;15;12111;10;;;12104.0;0.0
yf_ZS=F_d13;35500;ASH_COATED_OSMIUM;9986;12;9983;18;;;9996;23;9998;25;;;9991.0;0.0
yf_ZS=F_d13;35500;INTARIAN_PEPPER_ROOT;12098;13;12095;25;;;12104;10;12107;22;;;12101.0;0.0
yf_ZS=F_d13;35600;ASH_COATED_OSMIUM;9988;17;9986;22;;;9994;11;9996;16;;;9991.0;0.0
yf_ZS=F_d13;35600;INTARIAN_PEPPER_ROOT;12094;5;12091;22;;;12100;17;12103;16;;;12097.0;0.0
yf_ZS=F_d13;35700;ASH_COATED_OSMIUM;9988;20;9985;13;;;9995;7;9999;20;;;9991.5;0.0
yf_ZS=F_d13;35700;INTARIAN_PEPPER_ROOT;12088;16;12084;16;;;12098;17;12100;21;;;12093.0;0.0
yf_ZS=F_d13;35800;ASH_COATED_OSMIUM;9989;15;9986;18;;;9995;13;9999;12;;;9992.0;0.0
yf_ZS=F_d13;35800;INTARIAN_PEPPER_ROOT;12082;13;12079;16;;;12098;9;12102;21;;;12090.0;0.0
yf_ZS=F_d13;35900;ASH_COATED_OSMIUM;9989;17;9986;24;;;9996;15;9999;25;;;9992.5;0.0
yf_ZS=F_d13;35900;INTARIAN_PEPPER_ROOT;12082;6;12079;19;;;12088;13;12090;14;;;12085.0;0.0
yf_ZS=F_d13;36000;ASH_COATED_OSMIUM;9989;17;9987;19;;;9995;15;9998;21;;;9992.0;0.0
yf_ZS=F_d13;36000;INTARIAN_PEPPER_ROOT;12079;15;12075;17;;;12086;13;12090;23;;;12082.5;0.0
yf_ZS=F_d13;36100;ASH_COATED_OSMIUM;9989;18;9986;20;;;9995;18;9997;22;;;9992.0;0.0
yf_ZS=F_d13;36100;INTARIAN_PEPPER_ROOT;12059;9;12055;20;;;12098;19;12101;24;;;12078.5;0.0
yf_ZS=F_d13;36200;ASH_COATED_OSMIUM;9987;10;9983;21;;;9997;19;10000;26;;;9992.0;0.0
yf_ZS=F_d13;36200;INTARIAN_PEPPER_ROOT;12071;15;12069;12;;;12077;14;12079;23;;;12074.0;0.0
yf_ZS=F_d13;36300;ASH_COATED_OSMIUM;9990;9;9987;17;;;9996;11;9998;26;;;9993.0;0.0
yf_ZS=F_d13;36300;INTARIAN_PEPPER_ROOT;12067;17;12065;18;;;12073;6;12077;23;;;12070.0;0.0
yf_ZS=F_d13;36400;ASH_COATED_OSMIUM;9990;12;9986;23;;;9996;16;10000;19;;;9993.0;0.0
yf_ZS=F_d13;36400;INTARIAN_PEPPER_ROOT;12065;11;12062;15;;;12071;22;12075;16;;;12068.0;0.0
yf_ZS=F_d13;36500;ASH_COATED_OSMIUM;9990;16;9987;28;;;9996;13;9998;13;;;9993.0;0.0
yf_ZS=F_d13;36500;INTARIAN_PEPPER_ROOT;12058;13;12056;18;;;12069;21;12073;14;;;12063.5;0.0
yf_ZS=F_d13;36600;ASH_COATED_OSMIUM;9990;18;9986;19;;;9996;15;9998;20;;;9993.0;0.0
yf_ZS=F_d13;36600;INTARIAN_PEPPER_ROOT;12053;9;12051;24;;;12066;14;12068;30;;;12059.5;0.0
yf_ZS=F_d13;36700;ASH_COATED_OSMIUM;9988;17;9986;24;;;9998;16;10002;19;;;9993.0;0.0
yf_ZS=F_d13;36700;INTARIAN_PEPPER_ROOT;12053;23;12049;19;;;12059;5;12062;27;;;12056.0;0.0
yf_ZS=F_d13;36800;ASH_COATED_OSMIUM;9990;18;9986;22;;;9996;16;10000;12;;;9993.0;0.0
yf_ZS=F_d13;36800;INTARIAN_PEPPER_ROOT;12050;17;12048;25;;;12056;5;12059;18;;;12053.0;0.0
yf_ZS=F_d13;36900;ASH_COATED_OSMIUM;9988;12;9985;24;;;10000;14;10004;24;;;9994.0;0.0
yf_ZS=F_d13;36900;INTARIAN_PEPPER_ROOT;12046;13;12043;12;;;12052;9;12055;13;;;12049.0;0.0
yf_ZS=F_d13;37000;ASH_COATED_OSMIUM;9990;14;9988;22;;;9996;12;9998;13;;;9993.0;0.0
yf_ZS=F_d13;37000;INTARIAN_PEPPER_ROOT;12039;15;12037;15;;;12053;20;12056;11;;;12046.0;0.0
yf_ZS=F_d13;37100;ASH_COATED_OSMIUM;9979;23;9976;22;;;10008;16;10011;19;;;9993.5;0.0
yf_ZS=F_d13;37100;INTARIAN_PEPPER_ROOT;12034;15;12032;14;;;12049;11;12051;24;;;12041.5;0.0
yf_ZS=F_d13;37200;ASH_COATED_OSMIUM;9991;7;9987;15;;;9997;13;9999;24;;;9994.0;0.0
yf_ZS=F_d13;37200;INTARIAN_PEPPER_ROOT;12034;21;12031;19;;;12040;9;12044;31;;;12037.0;0.0
yf_ZS=F_d13;37300;ASH_COATED_OSMIUM;9991;7;9987;17;;;9997;20;10000;23;;;9994.0;0.0
yf_ZS=F_d13;37300;INTARIAN_PEPPER_ROOT;12017;15;12014;26;;;12050;13;12054;23;;;12033.5;0.0
yf_ZS=F_d13;37400;ASH_COATED_OSMIUM;9989;21;9986;17;;;9999;10;10002;25;;;9994.0;0.0
yf_ZS=F_d13;37400;INTARIAN_PEPPER_ROOT;12028;26;12025;28;;;12034;19;12038;18;;;12031.0;0.0
yf_ZS=F_d13;37500;ASH_COATED_OSMIUM;9992;11;9988;22;;;9998;22;10000;21;;;9995.0;0.0
yf_ZS=F_d13;37500;INTARIAN_PEPPER_ROOT;12021;28;12019;22;;;12032;16;12036;17;;;12026.5;0.0
yf_ZS=F_d13;37600;ASH_COATED_OSMIUM;9988;6;9984;18;;;10000;16;10004;25;;;9994.0;0.0
yf_ZS=F_d13;37600;INTARIAN_PEPPER_ROOT;12020;13;12018;20;;;12026;22;12029;16;;;12023.0;0.0
yf_ZS=F_d13;37700;ASH_COATED_OSMIUM;9992;12;9988;25;;;9998;13;10000;17;;;9995.0;0.0
yf_ZS=F_d13;37700;INTARIAN_PEPPER_ROOT;12016;13;12012;14;;;12022;23;12024;12;;;12019.0;0.0
yf_ZS=F_d13;37800;ASH_COATED_OSMIUM;9988;12;9985;16;;;10002;12;10004;22;;;9995.0;0.0
yf_ZS=F_d13;37800;INTARIAN_PEPPER_ROOT;12007;19;12003;16;;;12024;9;12028;22;;;12015.5;0.0
yf_ZS=F_d13;37900;ASH_COATED_OSMIUM;9991;10;9989;13;;;9998;15;10002;18;;;9994.5;0.0
yf_ZS=F_d13;37900;INTARIAN_PEPPER_ROOT;12008;10;12005;29;;;12016;13;12020;32;;;12012.0;0.0
yf_ZS=F_d13;38000;ASH_COATED_OSMIUM;9992;12;9989;32;;;9999;9;10001;14;;;9995.5;0.0
yf_ZS=F_d13;38000;INTARIAN_PEPPER_ROOT;12005;12;12001;16;;;12011;27;12015;22;;;12008.0;0.0
yf_ZS=F_d13;38100;ASH_COATED_OSMIUM;9993;12;9989;14;;;9999;13;10001;17;;;9996.0;0.0
yf_ZS=F_d13;38100;INTARIAN_PEPPER_ROOT;12001;13;11997;17;;;12009;19;12013;19;;;12005.0;0.0
yf_ZS=F_d13;38200;ASH_COATED_OSMIUM;9992;10;9988;20;;;9998;21;10001;26;;;9995.0;0.0
yf_ZS=F_d13;38200;INTARIAN_PEPPER_ROOT;11998;20;11994;20;;;12004;11;12008;16;;;12001.0;0.0
yf_ZS=F_d13;38300;ASH_COATED_OSMIUM;9991;13;9989;16;;;10000;14;10003;17;;;9995.5;0.0
yf_ZS=F_d13;38300;INTARIAN_PEPPER_ROOT;11990;10;11987;25;;;12003;16;12005;21;;;11996.5;0.0
yf_ZS=F_d13;38400;ASH_COATED_OSMIUM;9993;7;9990;17;;;9999;22;10001;25;;;9996.0;0.0
yf_ZS=F_d13;38400;INTARIAN_PEPPER_ROOT;11991;12;11989;24;;;11997;10;12000;29;;;11994.0;0.0
yf_ZS=F_d13;38500;ASH_COATED_OSMIUM;9994;17;9990;25;;;10000;12;10004;19;;;9997.0;0.0
yf_ZS=F_d13;38500;INTARIAN_PEPPER_ROOT;11987;10;11985;24;;;11993;18;11996;13;;;11990.0;0.0
yf_ZS=F_d13;38600;ASH_COATED_OSMIUM;9993;19;9990;19;;;9999;12;10003;24;;;9996.0;0.0
yf_ZS=F_d13;38600;INTARIAN_PEPPER_ROOT;11983;21;11981;24;;;11989;13;11991;21;;;11986.0;0.0
yf_ZS=F_d13;38700;ASH_COATED_OSMIUM;9993;18;9989;18;;;9999;16;10001;17;;;9996.0;0.0
yf_ZS=F_d13;38700;INTARIAN_PEPPER_ROOT;11971;17;11968;21;;;11994;16;11998;26;;;11982.5;0.0
yf_ZS=F_d13;38800;ASH_COATED_OSMIUM;9993;8;9989;23;;;9999;13;10002;15;;;9996.0;0.0
yf_ZS=F_d13;38800;INTARIAN_PEPPER_ROOT;11975;12;11973;19;;;11981;15;11983;13;;;11978.0;0.0
yf_ZS=F_d13;38900;ASH_COATED_OSMIUM;9994;30;9991;17;;;10000;16;10004;21;;;9997.0;0.0
yf_ZS=F_d13;38900;INTARIAN_PEPPER_ROOT;11972;17;11970;19;;;11978;6;11981;14;;;11975.0;0.0
yf_ZS=F_d13;39000;ASH_COATED_OSMIUM;9990;11;9986;24;;;10004;13;10008;24;;;9997.0;0.0
yf_ZS=F_d13;39000;INTARIAN_PEPPER_ROOT;11956;6;11953;18;;;11986;22;11990;11;;;11971.0;0.0
yf_ZS=F_d13;39100;ASH_COATED_OSMIUM;9994;13;9990;17;;;10000;20;10004;22;;;9997.0;0.0
yf_ZS=F_d13;39100;INTARIAN_PEPPER_ROOT;11961;21;11958;27;;;11974;16;11978;18;;;11967.5;0.0
yf_ZS=F_d13;39200;ASH_COATED_OSMIUM;9989;16;9986;24;;;10006;21;10008;24;;;9997.5;0.0
yf_ZS=F_d13;39200;INTARIAN_PEPPER_ROOT;11961;15;11959;12;;;11967;10;11969;15;;;11964.0;0.0
yf_ZS=F_d13;39300;ASH_COATED_OSMIUM;9990;10;9987;23;;;10005;11;10009;18;;;9997.5;0.0
yf_ZS=F_d13;39300;INTARIAN_PEPPER_ROOT;11954;21;11951;19;;;11966;10;11970;17;;;11960.0;0.0
yf_ZS=F_d13;39400;ASH_COATED_OSMIUM;9994;8;9992;16;;;10000;10;10003;20;;;9997.0;0.0
yf_ZS=F_d13;39400;INTARIAN_PEPPER_ROOT;11953;15;11951;11;;;11960;9;11962;28;;;11956.5;0.0
yf_ZS=F_d13;39500;ASH_COATED_OSMIUM;9989;20;9985;17;;;10006;6;10008;24;;;9997.5;0.0
yf_ZS=F_d13;39500;INTARIAN_PEPPER_ROOT;11947;12;11945;22;;;11957;5;11959;23;;;11952.0;0.0
yf_ZS=F_d13;39600;ASH_COATED_OSMIUM;9995;13;9991;13;;;10001;19;10003;14;;;9998.0;0.0
yf_ZS=F_d13;39600;INTARIAN_PEPPER_ROOT;11946;16;11942;8;;;11952;7;11955;19;;;11949.0;0.0
yf_ZS=F_d13;39700;ASH_COATED_OSMIUM;9986;17;9984;14;;;10010;5;10012;27;;;9998.0;0.0
yf_ZS=F_d13;39700;INTARIAN_PEPPER_ROOT;11942;15;11940;20;;;11949;14;11951;16;;;11945.5;0.0
yf_ZS=F_d13;39800;ASH_COATED_OSMIUM;9995;10;9993;21;;;10001;22;10004;12;;;9998.0;0.0
yf_ZS=F_d13;39800;INTARIAN_PEPPER_ROOT;11936;15;11932;27;;;11945;21;11947;11;;;11940.5;0.0
yf_ZS=F_d13;39900;ASH_COATED_OSMIUM;9989;13;9986;24;;;10007;9;10010;17;;;9998.0;0.0
yf_ZS=F_d13;39900;INTARIAN_PEPPER_ROOT;11929;11;11927;25;;;11946;15;11948;26;;;11937.5;0.0
yf_ZS=F_d13;40000;ASH_COATED_OSMIUM;9996;15;9992;15;;;10002;21;10005;23;;;9999.0;0.0
yf_ZS=F_d13;40000;INTARIAN_PEPPER_ROOT;11931;17;11928;22;;;11937;14;11939;13;;;11934.0;0.0
yf_ZS=F_d13;40100;ASH_COATED_OSMIUM;9996;14;9992;15;;;10002;14;10004;16;;;9999.0;0.0
yf_ZS=F_d13;40100;INTARIAN_PEPPER_ROOT;11928;28;11926;19;;;11934;6;11937;14;;;11931.0;0.0
yf_ZS=F_d13;40200;ASH_COATED_OSMIUM;9996;18;9993;24;;;10002;18;10004;21;;;9999.0;0.0
yf_ZS=F_d13;40200;INTARIAN_PEPPER_ROOT;11924;12;11922;20;;;11930;12;11934;19;;;11927.0;0.0
yf_ZS=F_d13;40300;ASH_COATED_OSMIUM;9995;9;9992;21;;;10001;12;10004;23;;;9998.0;0.0
yf_ZS=F_d13;40300;INTARIAN_PEPPER_ROOT;11920;17;11918;25;;;11926;13;11929;20;;;11923.0;0.0
yf_ZS=F_d13;40400;ASH_COATED_OSMIUM;9996;13;9992;19;;;10002;7;10004;26;;;9999.0;0.0
yf_ZS=F_d13;40400;INTARIAN_PEPPER_ROOT;11916;20;11912;20;;;11922;17;11924;15;;;11919.0;0.0
yf_ZS=F_d13;40500;ASH_COATED_OSMIUM;9987;9;9983;19;;;10011;19;10015;25;;;9999.0;0.0
yf_ZS=F_d13;40500;INTARIAN_PEPPER_ROOT;11912;6;11908;15;;;11918;21;11922;16;;;11915.0;0.0
yf_ZS=F_d13;40600;ASH_COATED_OSMIUM;9994;20;9991;22;;;10005;17;10009;21;;;9999.5;0.0
yf_ZS=F_d13;40600;INTARIAN_PEPPER_ROOT;11909;16;11905;20;;;11915;24;11917;21;;;11912.0;0.0
yf_ZS=F_d13;40700;ASH_COATED_OSMIUM;9994;11;9990;23;;;10006;23;10009;11;;;10000.0;0.0
yf_ZS=F_d13;40700;INTARIAN_PEPPER_ROOT;11898;12;11895;22;;;11918;17;11922;14;;;11908.0;0.0
yf_ZS=F_d13;40800;ASH_COATED_OSMIUM;9997;12;9993;16;;;10003;12;10005;15;;;10000.0;0.0
yf_ZS=F_d13;40800;INTARIAN_PEPPER_ROOT;11902;7;11899;19;;;11908;10;11912;8;;;11905.0;0.0
yf_ZS=F_d13;40900;ASH_COATED_OSMIUM;9997;14;9993;17;;;10003;15;10005;26;;;10000.0;0.0
yf_ZS=F_d13;40900;INTARIAN_PEPPER_ROOT;11885;7;11882;18;;;11918;15;11920;27;;;11901.5;0.0
yf_ZS=F_d13;41000;ASH_COATED_OSMIUM;9975;15;9972;8;;;10025;22;10029;20;;;10000.0;0.0
yf_ZS=F_d13;41000;INTARIAN_PEPPER_ROOT;11894;17;11892;16;;;11900;14;11902;19;;;11897.0;0.0
yf_ZS=F_d13;41100;ASH_COATED_OSMIUM;9997;12;9993;21;;;10003;26;10006;14;;;10000.0;0.0
yf_ZS=F_d13;41100;INTARIAN_PEPPER_ROOT;11890;8;11888;21;;;11897;17;11899;8;;;11893.5;0.0
yf_ZS=F_d13;41200;ASH_COATED_OSMIUM;9993;21;9991;21;;;10007;10;10009;15;;;10000.0;0.0
yf_ZS=F_d13;41200;INTARIAN_PEPPER_ROOT;11885;17;11882;28;;;11894;10;11897;21;;;11889.5;0.0
yf_ZS=F_d13;41300;ASH_COATED_OSMIUM;9998;16;9995;24;;;10004;16;10008;25;;;10001.0;0.0
yf_ZS=F_d13;41300;INTARIAN_PEPPER_ROOT;11864;7;11861;30;;;11908;14;11911;11;;;11886.0;0.0
yf_ZS=F_d13;41400;ASH_COATED_OSMIUM;9999;17;9997;27;;;10005;8;10008;21;;;10002.0;0.0
yf_ZS=F_d13;41400;INTARIAN_PEPPER_ROOT;11880;12;11878;26;;;11886;10;11888;13;;;11883.0;0.0
yf_ZS=F_d13;41500;ASH_COATED_OSMIUM;9998;6;9996;15;;;10004;5;10007;23;;;10001.0;0.0
yf_ZS=F_d13;41500;INTARIAN_PEPPER_ROOT;11875;19;11871;14;;;11884;19;11887;20;;;11879.5;0.0
yf_ZS=F_d13;41600;ASH_COATED_OSMIUM;9998;14;9995;21;;;10004;15;10006;8;;;10001.0;0.0
yf_ZS=F_d13;41600;INTARIAN_PEPPER_ROOT;11868;12;11866;19;;;11881;16;11884;17;;;11874.5;0.0
yf_ZS=F_d13;41700;ASH_COATED_OSMIUM;9995;13;9992;13;;;10007;8;10009;13;;;10001.0;0.0
yf_ZS=F_d13;41700;INTARIAN_PEPPER_ROOT;11868;15;11866;20;;;11874;10;11878;20;;;11871.0;0.0
yf_ZS=F_d13;41800;ASH_COATED_OSMIUM;9999;21;9995;18;;;10006;13;10008;17;;;10002.5;0.0
yf_ZS=F_d13;41800;INTARIAN_PEPPER_ROOT;11864;15;11862;19;;;11870;6;11872;15;;;11867.0;0.0
yf_ZS=F_d13;41900;ASH_COATED_OSMIUM;9999;15;9997;26;;;10005;15;10009;21;;;10002.0;0.0
yf_ZS=F_d13;41900;INTARIAN_PEPPER_ROOT;11861;19;11858;18;;;11867;17;11869;19;;;11864.0;0.0
yf_ZS=F_d13;42000;ASH_COATED_OSMIUM;9999;17;9995;20;;;10005;21;10008;28;;;10002.0;0.0
yf_ZS=F_d13;42000;INTARIAN_PEPPER_ROOT;11857;11;11853;11;;;11863;21;11865;23;;;11860.0;0.0
yf_ZS=F_d13;42100;ASH_COATED_OSMIUM;9994;17;9992;16;;;10010;5;10013;24;;;10002.0;0.0
yf_ZS=F_d13;42100;INTARIAN_PEPPER_ROOT;11851;15;11848;17;;;11862;14;11865;19;;;11856.5;0.0
yf_ZS=F_d13;42200;ASH_COATED_OSMIUM;9999;25;9997;14;;;10005;17;10008;19;;;10002.0;0.0
yf_ZS=F_d13;42200;INTARIAN_PEPPER_ROOT;11850;13;11848;17;;;11856;23;11858;11;;;11853.0;0.0
yf_ZS=F_d13;42300;ASH_COATED_OSMIUM;9999;13;9997;21;;;10005;9;10008;16;;;10002.0;0.0
yf_ZS=F_d13;42300;INTARIAN_PEPPER_ROOT;11846;12;11842;16;;;11852;16;11856;17;;;11849.0;0.0
yf_ZS=F_d13;42400;ASH_COATED_OSMIUM;10000;12;9997;10;;;10006;23;10008;21;;;10003.0;0.0
yf_ZS=F_d13;42400;INTARIAN_PEPPER_ROOT;11842;11;11838;18;;;11848;10;11852;28;;;11845.0;0.0
yf_ZS=F_d13;42500;ASH_COATED_OSMIUM;10000;17;9998;8;;;10006;10;10008;18;;;10003.0;0.0
yf_ZS=F_d13;42500;INTARIAN_PEPPER_ROOT;11839;13;11835;13;;;11845;19;11849;12;;;11842.0;0.0
yf_ZS=F_d13;42600;ASH_COATED_OSMIUM;9997;18;9993;21;;;10008;17;10011;19;;;10002.5;0.0
yf_ZS=F_d13;42600;INTARIAN_PEPPER_ROOT;11835;25;11833;19;;;11841;15;11844;18;;;11838.0;0.0
yf_ZS=F_d13;42700;ASH_COATED_OSMIUM;9995;5;9993;24;;;10010;14;10013;23;;;10002.5;0.0
yf_ZS=F_d13;42700;INTARIAN_PEPPER_ROOT;11826;22;11822;19;;;11841;16;11843;23;;;11833.5;0.0
yf_ZS=F_d13;42800;ASH_COATED_OSMIUM;9998;14;9995;16;;;10009;12;10013;23;;;10003.5;0.0
yf_ZS=F_d13;42800;INTARIAN_PEPPER_ROOT;11826;11;11824;27;;;11835;18;11838;16;;;11830.5;0.0
yf_ZS=F_d13;42900;ASH_COATED_OSMIUM;10000;16;9998;19;;;10008;8;10010;16;;;10004.0;0.0
yf_ZS=F_d13;42900;INTARIAN_PEPPER_ROOT;11824;10;11822;25;;;11830;18;11832;25;;;11827.0;0.0
yf_ZS=F_d13;43000;ASH_COATED_OSMIUM;10001;24;9999;13;;;10007;15;10009;15;;;10004.0;0.0
yf_ZS=F_d13;43000;INTARIAN_PEPPER_ROOT;11820;10;11818;9;;;11826;18;11829;12;;;11823.0;0.0
yf_ZS=F_d13;43100;ASH_COATED_OSMIUM;10000;8;9997;21;;;10006;9;10008;19;;;10003.0;0.0
yf_ZS=F_d13;43100;INTARIAN_PEPPER_ROOT;11812;10;11808;16;;;11827;21;11830;15;;;11819.5;0.0
yf_ZS=F_d13;43200;ASH_COATED_OSMIUM;10001;16;9997;28;;;10007;12;10011;19;;;10004.0;0.0
yf_ZS=F_d13;43200;INTARIAN_PEPPER_ROOT;11810;13;11808;17;;;11821;14;11823;18;;;11815.5;0.0
yf_ZS=F_d13;43300;ASH_COATED_OSMIUM;10001;18;9999;15;;;10007;13;10010;15;;;10004.0;0.0
yf_ZS=F_d13;43300;INTARIAN_PEPPER_ROOT;11809;8;11805;20;;;11815;28;11817;16;;;11812.0;0.0
yf_ZS=F_d13;43400;ASH_COATED_OSMIUM;9998;16;9996;24;;;10012;25;10014;18;;;10005.0;0.0
yf_ZS=F_d13;43400;INTARIAN_PEPPER_ROOT;11805;16;11802;22;;;11811;14;11813;10;;;11808.0;0.0
yf_ZS=F_d13;43500;ASH_COATED_OSMIUM;10001;10;9997;23;;;10007;17;10010;19;;;10004.0;0.0
yf_ZS=F_d13;43500;INTARIAN_PEPPER_ROOT;11799;9;11795;16;;;11810;20;11812;23;;;11804.5;0.0
yf_ZS=F_d13;43600;ASH_COATED_OSMIUM;9998;13;9995;14;;;10011;13;10013;17;;;10004.5;0.0
yf_ZS=F_d13;43600;INTARIAN_PEPPER_ROOT;11786;19;11784;25;;;11815;5;11818;10;;;11800.5;0.0
yf_ZS=F_d13;43700;ASH_COATED_OSMIUM;10002;10;9998;18;;;10008;19;10012;25;;;10005.0;0.0
yf_ZS=F_d13;43700;INTARIAN_PEPPER_ROOT;11794;16;11790;11;;;11800;17;11804;18;;;11797.0;0.0
yf_ZS=F_d13;43800;ASH_COATED_OSMIUM;10002;15;10000;28;;;10008;12;10011;26;;;10005.0;0.0
yf_ZS=F_d13;43800;INTARIAN_PEPPER_ROOT;11779;16;11776;27;;;11807;15;11810;18;;;11793.0;0.0
yf_ZS=F_d13;43900;ASH_COATED_OSMIUM;10001;14;9999;19;;;10009;20;10012;21;;;10005.0;0.0
yf_ZS=F_d13;43900;INTARIAN_PEPPER_ROOT;11787;10;11783;20;;;11793;10;11796;19;;;11790.0;0.0
yf_ZS=F_d13;44000;ASH_COATED_OSMIUM;10002;14;9998;17;;;10008;13;10012;15;;;10005.0;0.0
yf_ZS=F_d13;44000;INTARIAN_PEPPER_ROOT;11783;12;11780;22;;;11789;10;11792;14;;;11786.0;0.0
yf_ZS=F_d13;44100;ASH_COATED_OSMIUM;10000;13;9996;25;;;10011;19;10014;22;;;10005.5;0.0
yf_ZS=F_d13;44100;INTARIAN_PEPPER_ROOT;11767;15;11763;19;;;11798;12;11802;19;;;11782.5;0.0
yf_ZS=F_d13;44200;ASH_COATED_OSMIUM;10003;8;10000;27;;;10009;16;10013;12;;;10006.0;0.0
yf_ZS=F_d13;44200;INTARIAN_PEPPER_ROOT;11769;8;11765;17;;;11789;11;11791;25;;;11779.0;0.0
yf_ZS=F_d13;44300;ASH_COATED_OSMIUM;9999;5;9996;23;;;10011;10;10014;19;;;10005.0;0.0
yf_ZS=F_d13;44300;INTARIAN_PEPPER_ROOT;11772;16;11768;19;;;11778;19;11782;14;;;11775.0;0.0
yf_ZS=F_d13;44400;ASH_COATED_OSMIUM;9996;9;9993;16;;;10015;22;10019;25;;;10005.5;0.0
yf_ZS=F_d13;44400;INTARIAN_PEPPER_ROOT;11768;15;11766;24;;;11774;5;11776;22;;;11771.0;0.0
yf_ZS=F_d13;44500;ASH_COATED_OSMIUM;10003;9;9999;23;;;10009;12;10011;11;;;10006.0;0.0
yf_ZS=F_d13;44500;INTARIAN_PEPPER_ROOT;11763;16;11760;17;;;11772;11;11774;14;;;11767.5;0.0
yf_ZS=F_d13;44600;ASH_COATED_OSMIUM;10003;13;9999;22;;;10009;19;10013;23;;;10006.0;0.0
yf_ZS=F_d13;44600;INTARIAN_PEPPER_ROOT;11749;7;11746;15;;;11781;9;11783;31;;;11765.0;0.0
yf_ZS=F_d13;44700;ASH_COATED_OSMIUM;10004;5;10001;18;;;10010;13;10013;25;;;10007.0;0.0
yf_ZS=F_d13;44700;INTARIAN_PEPPER_ROOT;11756;14;11753;22;;;11765;13;11767;18;;;11760.5;0.0
yf_ZS=F_d13;44800;ASH_COATED_OSMIUM;10003;8;9999;20;;;10009;5;10011;23;;;10006.0;0.0
yf_ZS=F_d13;44800;INTARIAN_PEPPER_ROOT;11754;21;11751;18;;;11760;23;11763;15;;;11757.0;0.0
yf_ZS=F_d13;44900;ASH_COATED_OSMIUM;10003;19;10001;23;;;10009;17;10013;19;;;10006.0;0.0
yf_ZS=F_d13;44900;INTARIAN_PEPPER_ROOT;11750;22;11747;22;;;11757;14;11759;21;;;11753.5;0.0
yf_ZS=F_d13;45000;ASH_COATED_OSMIUM;10004;8;10001;20;;;10010;12;10012;14;;;10007.0;0.0
yf_ZS=F_d13;45000;INTARIAN_PEPPER_ROOT;11746;13;11743;18;;;11752;17;11754;13;;;11749.0;0.0
yf_ZS=F_d13;45100;ASH_COATED_OSMIUM;10004;10;10000;20;;;10010;16;10014;22;;;10007.0;0.0
yf_ZS=F_d13;45100;INTARIAN_PEPPER_ROOT;11716;22;11714;17;;;11774;16;11778;19;;;11745.0;0.0
yf_ZS=F_d13;45200;ASH_COATED_OSMIUM;10004;15;10001;20;;;10010;11;10013;13;;;10007.0;0.0
yf_ZS=F_d13;45200;INTARIAN_PEPPER_ROOT;11739;15;11736;16;;;11745;13;11749;17;;;11742.0;0.0
yf_ZS=F_d13;45300;ASH_COATED_OSMIUM;10002;20;9998;14;;;10013;16;10016;15;;;10007.5;0.0
yf_ZS=F_d13;45300;INTARIAN_PEPPER_ROOT;11733;15;11731;19;;;11744;12;11747;17;;;11738.5;0.0
yf_ZS=F_d13;45400;ASH_COATED_OSMIUM;10003;9;9999;10;;;10012;20;10015;14;;;10007.5;0.0
yf_ZS=F_d13;45400;INTARIAN_PEPPER_ROOT;11731;8;11727;26;;;11737;14;11739;21;;;11734.0;0.0
yf_ZS=F_d13;45500;ASH_COATED_OSMIUM;10003;13;9999;15;;;10013;11;10015;19;;;10008.0;0.0
yf_ZS=F_d13;45500;INTARIAN_PEPPER_ROOT;11728;5;11725;13;;;11734;17;11738;15;;;11731.0;0.0
yf_ZS=F_d13;45600;ASH_COATED_OSMIUM;10005;26;10002;15;;;10011;18;10014;24;;;10008.0;0.0
yf_ZS=F_d13;45600;INTARIAN_PEPPER_ROOT;11724;15;11722;19;;;11730;15;11733;20;;;11727.0;0.0
yf_ZS=F_d13;45700;ASH_COATED_OSMIUM;10003;19;10001;17;;;10013;14;10017;23;;;10008.0;0.0
yf_ZS=F_d13;45700;INTARIAN_PEPPER_ROOT;11720;12;11718;11;;;11726;19;11728;22;;;11723.0;0.0
yf_ZS=F_d13;45800;ASH_COATED_OSMIUM;9988;21;9984;22;;;10030;22;10033;14;;;10009.0;0.0
yf_ZS=F_d13;45800;INTARIAN_PEPPER_ROOT;11707;25;11704;15;;;11732;6;11734;20;;;11719.5;0.0
yf_ZS=F_d13;45900;ASH_COATED_OSMIUM;10005;16;10003;17;;;10011;21;10015;25;;;10008.0;0.0
yf_ZS=F_d13;45900;INTARIAN_PEPPER_ROOT;11713;15;11709;16;;;11719;8;11723;15;;;11716.0;0.0
yf_ZS=F_d13;46000;ASH_COATED_OSMIUM;10005;8;10003;14;;;10011;18;10014;21;;;10008.0;0.0
yf_ZS=F_d13;46000;INTARIAN_PEPPER_ROOT;11709;10;11707;21;;;11715;11;11717;14;;;11712.0;0.0
yf_ZS=F_d13;46100;ASH_COATED_OSMIUM;10005;18;10001;28;;;10013;19;10015;18;;;10009.0;0.0
yf_ZS=F_d13;46100;INTARIAN_PEPPER_ROOT;11705;20;11701;21;;;11712;22;11714;17;;;11708.5;0.0
yf_ZS=F_d13;46200;ASH_COATED_OSMIUM;9991;10;9987;18;;;10028;15;10032;10;;;10009.5;0.0
yf_ZS=F_d13;46200;INTARIAN_PEPPER_ROOT;11699;7;11696;15;;;11712;6;11716;20;;;11705.5;0.0
yf_ZS=F_d13;46300;ASH_COATED_OSMIUM;10003;16;9999;15;;;10014;23;10016;23;;;10008.5;0.0
yf_ZS=F_d13;46300;INTARIAN_PEPPER_ROOT;11699;19;11695;21;;;11705;12;11707;15;;;11702.0;0.0
yf_ZS=F_d13;46400;ASH_COATED_OSMIUM;10006;16;10003;17;;;10012;20;10014;23;;;10009.0;0.0
yf_ZS=F_d13;46400;INTARIAN_PEPPER_ROOT;11694;11;11690;24;;;11700;11;11703;24;;;11697.0;0.0
yf_ZS=F_d13;46500;ASH_COATED_OSMIUM;10004;18;10000;27;;;10015;20;10017;12;;;10009.5;0.0
yf_ZS=F_d13;46500;INTARIAN_PEPPER_ROOT;11691;21;11687;22;;;11697;15;11700;17;;;11694.0;0.0
yf_ZS=F_d13;46600;ASH_COATED_OSMIUM;10006;5;10002;24;;;10012;12;10014;18;;;10009.0;0.0
yf_ZS=F_d13;46600;INTARIAN_PEPPER_ROOT;11687;11;11684;16;;;11693;19;11697;13;;;11690.0;0.0
yf_ZS=F_d13;46700;ASH_COATED_OSMIUM;10007;18;10003;24;;;10013;18;10015;10;;;10010.0;0.0
yf_ZS=F_d13;46700;INTARIAN_PEPPER_ROOT;11683;13;11680;19;;;11689;19;11691;16;;;11686.0;0.0
yf_ZS=F_d13;46800;ASH_COATED_OSMIUM;10007;5;10003;27;;;10013;7;10016;22;;;10010.0;0.0
yf_ZS=F_d13;46800;INTARIAN_PEPPER_ROOT;11680;13;11678;19;;;11686;15;11688;17;;;11683.0;0.0
yf_ZS=F_d13;46900;ASH_COATED_OSMIUM;10006;22;10004;25;;;10013;16;10017;24;;;10009.5;0.0
yf_ZS=F_d13;46900;INTARIAN_PEPPER_ROOT;11676;11;11673;17;;;11682;10;11686;20;;;11679.0;0.0
yf_ZS=F_d13;47000;ASH_COATED_OSMIUM;10001;16;9999;11;;;10019;23;10023;27;;;10010.0;0.0
yf_ZS=F_d13;47000;INTARIAN_PEPPER_ROOT;11672;9;11669;11;;;11678;13;11680;19;;;11675.0;0.0
yf_ZS=F_d13;47100;ASH_COATED_OSMIUM;10001;14;9997;18;;;10020;16;10024;14;;;10010.5;0.0
yf_ZS=F_d13;47100;INTARIAN_PEPPER_ROOT;11668;14;11664;12;;;11674;16;11678;18;;;11671.0;0.0
yf_ZS=F_d13;47200;ASH_COATED_OSMIUM;10008;5;10006;16;;;10014;15;10018;25;;;10011.0;0.0
yf_ZS=F_d13;47200;INTARIAN_PEPPER_ROOT;11665;11;11663;20;;;11671;10;11674;10;;;11668.0;0.0
yf_ZS=F_d13;47300;ASH_COATED_OSMIUM;9997;11;9993;17;;;10024;17;10027;18;;;10010.5;0.0
yf_ZS=F_d13;47300;INTARIAN_PEPPER_ROOT;11661;17;11659;12;;;11667;9;11671;21;;;11664.0;0.0
yf_ZS=F_d13;47400;ASH_COATED_OSMIUM;10007;13;10003;23;;;10014;18;10018;25;;;10010.5;0.0
yf_ZS=F_d13;47400;INTARIAN_PEPPER_ROOT;11653;25;11650;19;;;11667;10;11671;20;;;11660.0;0.0
yf_ZS=F_d13;47500;ASH_COATED_OSMIUM;10004;7;10001;14;;;10018;14;10022;15;;;10011.0;0.0
yf_ZS=F_d13;47500;INTARIAN_PEPPER_ROOT;11651;14;11647;8;;;11660;17;11663;14;;;11655.5;0.0
yf_ZS=F_d13;47600;ASH_COATED_OSMIUM;9999;17;9996;24;;;10024;17;10028;21;;;10011.5;0.0
yf_ZS=F_d13;47600;INTARIAN_PEPPER_ROOT;11650;15;11646;25;;;11656;19;11659;25;;;11653.0;0.0
yf_ZS=F_d13;47700;ASH_COATED_OSMIUM;10008;8;10006;26;;;10014;21;10016;21;;;10011.0;0.0
yf_ZS=F_d13;47700;INTARIAN_PEPPER_ROOT;11647;11;11644;15;;;11653;16;11655;30;;;11650.0;0.0
yf_ZS=F_d13;47800;ASH_COATED_OSMIUM;10005;26;10002;16;;;10016;15;10020;25;;;10010.5;0.0
yf_ZS=F_d13;47800;INTARIAN_PEPPER_ROOT;11638;17;11636;27;;;11654;12;11656;15;;;11646.0;0.0
yf_ZS=F_d13;47900;ASH_COATED_OSMIUM;10010;17;10007;17;;;10016;11;10018;12;;;10013.0;0.0
yf_ZS=F_d13;47900;INTARIAN_PEPPER_ROOT;11639;18;11635;18;;;11645;16;11648;10;;;11642.0;0.0
yf_ZS=F_d13;48000;ASH_COATED_OSMIUM;10008;14;10004;24;;;10014;5;10017;16;;;10011.0;0.0
yf_ZS=F_d13;48000;INTARIAN_PEPPER_ROOT;11629;14;11625;12;;;11646;18;11649;24;;;11637.5;0.0
yf_ZS=F_d13;48100;ASH_COATED_OSMIUM;10009;10;10005;16;;;10015;18;10019;26;;;10012.0;0.0
yf_ZS=F_d13;48100;INTARIAN_PEPPER_ROOT;11632;6;11630;16;;;11638;22;11642;20;;;11635.0;0.0
yf_ZS=F_d13;48200;ASH_COATED_OSMIUM;10009;20;10006;17;;;10015;13;10019;17;;;10012.0;0.0
yf_ZS=F_d13;48200;INTARIAN_PEPPER_ROOT;11626;12;11622;32;;;11636;11;11640;22;;;11631.0;0.0
yf_ZS=F_d13;48300;ASH_COATED_OSMIUM;10009;8;10006;18;;;10015;11;10019;21;;;10012.0;0.0
yf_ZS=F_d13;48300;INTARIAN_PEPPER_ROOT;11625;11;11623;14;;;11631;6;11635;23;;;11628.0;0.0
yf_ZS=F_d13;48400;ASH_COATED_OSMIUM;10009;14;10006;20;;;10015;16;10017;17;;;10012.0;0.0
yf_ZS=F_d13;48400;INTARIAN_PEPPER_ROOT;11620;15;11617;25;;;11626;18;11628;21;;;11623.0;0.0
yf_ZS=F_d13;48500;ASH_COATED_OSMIUM;10010;8;10007;16;;;10016;5;10020;21;;;10013.0;0.0
yf_ZS=F_d13;48500;INTARIAN_PEPPER_ROOT;11616;8;11612;22;;;11623;15;11625;12;;;11619.5;0.0
yf_ZS=F_d13;48600;ASH_COATED_OSMIUM;10010;11;10006;19;;;10016;13;10019;27;;;10013.0;0.0
yf_ZS=F_d13;48600;INTARIAN_PEPPER_ROOT;11613;14;11611;19;;;11619;15;11622;19;;;11616.0;0.0
yf_ZS=F_d13;48700;ASH_COATED_OSMIUM;10010;8;10007;22;;;10016;13;10020;25;;;10013.0;0.0
yf_ZS=F_d13;48700;INTARIAN_PEPPER_ROOT;11601;16;11597;12;;;11624;16;11628;11;;;11612.5;0.0
yf_ZS=F_d13;48800;ASH_COATED_OSMIUM;10010;7;10008;18;;;10016;20;10018;21;;;10013.0;0.0
yf_ZS=F_d13;48800;INTARIAN_PEPPER_ROOT;11598;14;11596;21;;;11620;20;11623;14;;;11609.0;0.0
yf_ZS=F_d13;48900;ASH_COATED_OSMIUM;10010;13;10007;21;;;10016;13;10018;18;;;10013.0;0.0
yf_ZS=F_d13;48900;INTARIAN_PEPPER_ROOT;11602;17;11600;15;;;11608;16;11611;19;;;11605.0;0.0
yf_ZS=F_d13;49000;ASH_COATED_OSMIUM;10010;11;10007;22;;;10016;5;10019;19;;;10013.0;0.0
yf_ZS=F_d13;49000;INTARIAN_PEPPER_ROOT;11599;11;11597;13;;;11605;11;11608;23;;;11602.0;0.0
yf_ZS=F_d13;49100;ASH_COATED_OSMIUM;10010;8;10008;21;;;10017;6;10021;20;;;10013.5;0.0
yf_ZS=F_d13;49100;INTARIAN_PEPPER_ROOT;11594;7;11592;25;;;11602;13;11606;15;;;11598.0;0.0
yf_ZS=F_d13;49200;ASH_COATED_OSMIUM;10011;14;10008;21;;;10017;15;10019;12;;;10014.0;0.0
yf_ZS=F_d13;49200;INTARIAN_PEPPER_ROOT;11588;15;11586;10;;;11598;12;11601;12;;;11593.0;0.0
yf_ZS=F_d13;49300;ASH_COATED_OSMIUM;10011;16;10007;19;;;10017;14;10020;11;;;10014.0;0.0
yf_ZS=F_d13;49300;INTARIAN_PEPPER_ROOT;11586;18;11584;19;;;11594;16;11596;11;;;11590.0;0.0
yf_ZS=F_d13;49400;ASH_COATED_OSMIUM;10011;8;10009;18;;;10017;20;10020;18;;;10014.0;0.0
yf_ZS=F_d13;49400;INTARIAN_PEPPER_ROOT;11580;10;11576;18;;;11593;9;11595;14;;;11586.5;0.0
yf_ZS=F_d13;49500;ASH_COATED_OSMIUM;10012;23;10010;21;;;10018;14;10020;20;;;10015.0;0.0
yf_ZS=F_d13;49500;INTARIAN_PEPPER_ROOT;11573;16;11569;12;;;11592;12;11596;9;;;11582.5;0.0
yf_ZS=F_d13;49600;ASH_COATED_OSMIUM;10012;17;10009;15;;;10018;12;10022;22;;;10015.0;0.0
yf_ZS=F_d13;49600;INTARIAN_PEPPER_ROOT;11576;16;11572;18;;;11583;18;11586;17;;;11579.5;0.0
yf_ZS=F_d13;49700;ASH_COATED_OSMIUM;10012;12;10008;26;;;10018;14;10022;22;;;10015.0;0.0
yf_ZS=F_d13;49700;INTARIAN_PEPPER_ROOT;11573;14;11571;17;;;11579;11;11581;19;;;11576.0;0.0
yf_ZS=F_d13;49800;ASH_COATED_OSMIUM;10009;19;10006;17;;;10020;16;10024;11;;;10014.5;0.0
yf_ZS=F_d13;49800;INTARIAN_PEPPER_ROOT;11568;10;11564;17;;;11574;19;11576;28;;;11571.0;0.0
yf_ZS=F_d13;49900;ASH_COATED_OSMIUM;10010;21;10007;23;;;10021;16;10023;24;;;10015.5;0.0
yf_ZS=F_d13;49900;INTARIAN_PEPPER_ROOT;11565;12;11561;20;;;11571;19;11574;8;;;11568.0;0.0
yf_ZS=F_d13;50000;ASH_COATED_OSMIUM;10012;14;10008;26;;;10019;15;10021;10;;;10015.5;0.0
yf_ZS=F_d13;50000;INTARIAN_PEPPER_ROOT;11561;11;11559;12;;;11567;6;11571;16;;;11564.0;0.0
yf_ZS=F_d13;50100;ASH_COATED_OSMIUM;10012;6;10008;21;;;10020;9;10022;18;;;10016.0;0.0
yf_ZS=F_d13;50100;INTARIAN_PEPPER_ROOT;11558;14;11556;21;;;11564;8;11568;26;;;11561.0;0.0
yf_ZS=F_d13;50200;ASH_COATED_OSMIUM;10011;6;10009;27;;;10020;12;10024;8;;;10015.5;0.0
yf_ZS=F_d13;50200;INTARIAN_PEPPER_ROOT;11554;13;11551;9;;;11561;7;11565;21;;;11557.5;0.0
yf_ZS=F_d13;50300;ASH_COATED_OSMIUM;10012;14;10008;23;;;10018;14;10020;14;;;10015.0;0.0
yf_ZS=F_d13;50300;INTARIAN_PEPPER_ROOT;11550;13;11547;8;;;11556;5;11560;14;;;11553.0;0.0
yf_ZS=F_d13;50400;ASH_COATED_OSMIUM;10013;5;10011;19;;;10019;12;10021;21;;;10016.0;0.0
yf_ZS=F_d13;50400;INTARIAN_PEPPER_ROOT;11546;15;11544;13;;;11552;11;11555;11;;;11549.0;0.0
yf_ZS=F_d13;50500;ASH_COATED_OSMIUM;10012;15;10010;13;;;10020;14;10023;25;;;10016.0;0.0
yf_ZS=F_d13;50500;INTARIAN_PEPPER_ROOT;11540;19;11536;17;;;11550;12;11554;21;;;11545.0;0.0
yf_ZS=F_d13;50600;ASH_COATED_OSMIUM;10013;8;10010;23;;;10019;19;10023;18;;;10016.0;0.0
yf_ZS=F_d13;50600;INTARIAN_PEPPER_ROOT;11539;14;11537;12;;;11545;12;11548;8;;;11542.0;0.0
yf_ZS=F_d13;50700;ASH_COATED_OSMIUM;10010;5;10008;18;;;10023;13;10026;28;;;10016.5;0.0
yf_ZS=F_d13;50700;INTARIAN_PEPPER_ROOT;11535;11;11531;17;;;11541;18;11545;21;;;11538.0;0.0
yf_ZS=F_d13;50800;ASH_COATED_OSMIUM;10013;11;10009;18;;;10019;23;10021;22;;;10016.0;0.0
yf_ZS=F_d13;50800;INTARIAN_PEPPER_ROOT;11531;29;11529;23;;;11537;12;11540;21;;;11534.0;0.0
yf_ZS=F_d13;50900;ASH_COATED_OSMIUM;10014;13;10010;11;;;10020;16;10023;17;;;10017.0;0.0
yf_ZS=F_d13;50900;INTARIAN_PEPPER_ROOT;11531;21;11528;21;;;11537;19;11540;18;;;11534.0;0.0
yf_ZS=F_d13;51000;ASH_COATED_OSMIUM;10014;15;10011;8;;;10020;14;10024;24;;;10017.0;0.0
yf_ZS=F_d13;51000;INTARIAN_PEPPER_ROOT;11533;11;11529;19;;;11539;19;11541;8;;;11536.0;0.0
yf_ZS=F_d13;51100;ASH_COATED_OSMIUM;10009;17;10005;29;;;10026;13;10030;15;;;10017.5;0.0
yf_ZS=F_d13;51100;INTARIAN_PEPPER_ROOT;11533;15;11530;19;;;11539;23;11542;22;;;11536.0;0.0
yf_ZS=F_d13;51200;ASH_COATED_OSMIUM;10014;11;10012;28;;;10021;11;10024;17;;;10017.5;0.0
yf_ZS=F_d13;51200;INTARIAN_PEPPER_ROOT;11533;12;11531;19;;;11544;7;11548;22;;;11538.5;0.0
yf_ZS=F_d13;51300;ASH_COATED_OSMIUM;10012;5;10009;16;;;10023;8;10027;20;;;10017.5;0.0
yf_ZS=F_d13;51300;INTARIAN_PEPPER_ROOT;11536;15;11532;16;;;11542;15;11545;14;;;11539.0;0.0
yf_ZS=F_d13;51400;ASH_COATED_OSMIUM;10007;21;10003;16;;;10028;23;10030;11;;;10017.5;0.0
yf_ZS=F_d13;51400;INTARIAN_PEPPER_ROOT;11536;13;11533;21;;;11544;14;11548;20;;;11540.0;0.0
yf_ZS=F_d13;51500;ASH_COATED_OSMIUM;10016;9;10013;19;;;10022;15;10026;9;;;10019.0;0.0
yf_ZS=F_d13;51500;INTARIAN_PEPPER_ROOT;11534;7;11532;18;;;11550;13;11552;26;;;11542.0;0.0
yf_ZS=F_d13;51600;ASH_COATED_OSMIUM;10016;16;10012;14;;;10022;18;10024;16;;;10019.0;0.0
yf_ZS=F_d13;51600;INTARIAN_PEPPER_ROOT;11540;10;11538;24;;;11546;9;11549;21;;;11543.0;0.0
yf_ZS=F_d13;51700;ASH_COATED_OSMIUM;10015;5;10011;20;;;10022;13;10025;24;;;10018.5;0.0
yf_ZS=F_d13;51700;INTARIAN_PEPPER_ROOT;11541;12;11537;20;;;11547;7;11549;16;;;11544.0;0.0
yf_ZS=F_d13;51800;ASH_COATED_OSMIUM;10016;6;10013;20;;;10022;6;10024;17;;;10019.0;0.0
yf_ZS=F_d13;51800;INTARIAN_PEPPER_ROOT;11542;7;11539;23;;;11548;13;11550;20;;;11545.0;0.0
yf_ZS=F_d13;51900;ASH_COATED_OSMIUM;10016;14;10014;13;;;10022;18;10026;24;;;10019.0;0.0
yf_ZS=F_d13;51900;INTARIAN_PEPPER_ROOT;11544;23;11542;14;;;11550;22;11552;14;;;11547.0;0.0
yf_ZS=F_d13;52000;ASH_COATED_OSMIUM;10017;14;10014;17;;;10023;27;10027;18;;;10020.0;0.0
yf_ZS=F_d13;52000;INTARIAN_PEPPER_ROOT;11545;14;11543;20;;;11551;18;11554;24;;;11548.0;0.0
yf_ZS=F_d13;52100;ASH_COATED_OSMIUM;10016;15;10014;17;;;10022;19;10024;17;;;10019.0;0.0
yf_ZS=F_d13;52100;INTARIAN_PEPPER_ROOT;11547;14;11544;13;;;11553;13;11555;8;;;11550.0;0.0
yf_ZS=F_d13;52200;ASH_COATED_OSMIUM;10007;11;10004;27;;;10032;14;10034;29;;;10019.5;0.0
yf_ZS=F_d13;52200;INTARIAN_PEPPER_ROOT;11548;17;11544;16;;;11554;6;11556;28;;;11551.0;0.0
yf_ZS=F_d13;52300;ASH_COATED_OSMIUM;10017;15;10013;8;;;10023;18;10025;14;;;10020.0;0.0
yf_ZS=F_d13;52300;INTARIAN_PEPPER_ROOT;11549;22;11547;8;;;11555;16;11557;22;;;11552.0;0.0
yf_ZS=F_d13;52400;ASH_COATED_OSMIUM;10017;16;10013;18;;;10023;21;10027;21;;;10020.0;0.0
yf_ZS=F_d13;52400;INTARIAN_PEPPER_ROOT;11551;14;11549;28;;;11557;27;11559;13;;;11554.0;0.0
yf_ZS=F_d13;52500;ASH_COATED_OSMIUM;10015;10;10013;17;;;10024;12;10028;13;;;10019.5;0.0
yf_ZS=F_d13;52500;INTARIAN_PEPPER_ROOT;11545;18;11543;15;;;11564;14;11567;22;;;11554.5;0.0
yf_ZS=F_d13;52600;ASH_COATED_OSMIUM;10014;15;10010;18;;;10028;13;10032;21;;;10021.0;0.0
yf_ZS=F_d13;52600;INTARIAN_PEPPER_ROOT;11553;13;11550;13;;;11559;21;11561;12;;;11556.0;0.0
yf_ZS=F_d13;52700;ASH_COATED_OSMIUM;10018;13;10016;19;;;10024;23;10027;12;;;10021.0;0.0
yf_ZS=F_d13;52700;INTARIAN_PEPPER_ROOT;11553;17;11551;19;;;11563;29;11565;18;;;11558.0;0.0
yf_ZS=F_d13;52800;ASH_COATED_OSMIUM;10018;18;10014;20;;;10026;21;10028;14;;;10022.0;0.0
yf_ZS=F_d13;52800;INTARIAN_PEPPER_ROOT;11551;22;11547;22;;;11567;18;11571;24;;;11559.0;0.0
yf_ZS=F_d13;52900;ASH_COATED_OSMIUM;10018;14;10016;17;;;10024;10;10028;21;;;10021.0;0.0
yf_ZS=F_d13;52900;INTARIAN_PEPPER_ROOT;11547;16;11545;20;;;11573;13;11576;19;;;11560.0;0.0
yf_ZS=F_d13;53000;ASH_COATED_OSMIUM;10019;11;10016;15;;;10025;10;10028;15;;;10022.0;0.0
yf_ZS=F_d13;53000;INTARIAN_PEPPER_ROOT;11559;18;11556;24;;;11565;18;11568;11;;;11562.0;0.0
yf_ZS=F_d13;53100;ASH_COATED_OSMIUM;10020;7;10018;27;;;10026;13;10030;18;;;10023.0;0.0
yf_ZS=F_d13;53100;INTARIAN_PEPPER_ROOT;11560;14;11558;11;;;11566;15;11568;23;;;11563.0;0.0
yf_ZS=F_d13;53200;ASH_COATED_OSMIUM;10019;22;10017;24;;;10027;22;10029;12;;;10023.0;0.0
yf_ZS=F_d13;53200;INTARIAN_PEPPER_ROOT;11561;7;11557;17;;;11567;14;11570;28;;;11564.0;0.0
yf_ZS=F_d13;53300;ASH_COATED_OSMIUM;10015;17;10013;13;;;10030;13;10034;27;;;10022.5;0.0
yf_ZS=F_d13;53300;INTARIAN_PEPPER_ROOT;11562;16;11559;20;;;11568;15;11570;18;;;11565.0;0.0
yf_ZS=F_d13;53400;ASH_COATED_OSMIUM;10013;9;10011;27;;;10033;14;10035;12;;;10023.0;0.0
yf_ZS=F_d13;53400;INTARIAN_PEPPER_ROOT;11564;15;11562;25;;;11570;10;11572;18;;;11567.0;0.0
yf_ZS=F_d13;53500;ASH_COATED_OSMIUM;10020;14;10018;23;;;10026;12;10030;22;;;10023.0;0.0
yf_ZS=F_d13;53500;INTARIAN_PEPPER_ROOT;11556;11;11552;19;;;11582;16;11586;12;;;11569.0;0.0
yf_ZS=F_d13;53600;ASH_COATED_OSMIUM;10021;13;10017;21;;;10027;13;10030;20;;;10024.0;0.0
yf_ZS=F_d13;53600;INTARIAN_PEPPER_ROOT;11567;20;11563;24;;;11573;20;11576;21;;;11570.0;0.0
yf_ZS=F_d13;53700;ASH_COATED_OSMIUM;10021;12;10018;23;;;10027;17;10029;12;;;10024.0;0.0
yf_ZS=F_d13;53700;INTARIAN_PEPPER_ROOT;11567;11;11563;31;;;11573;20;11575;22;;;11570.0;0.0
yf_ZS=F_d13;53800;ASH_COATED_OSMIUM;10020;9;10016;17;;;10029;12;10031;18;;;10024.5;0.0
yf_ZS=F_d13;53800;INTARIAN_PEPPER_ROOT;11567;17;11565;20;;;11577;9;11580;22;;;11572.0;0.0
yf_ZS=F_d13;53900;ASH_COATED_OSMIUM;10021;12;10017;23;;;10027;7;10030;10;;;10024.0;0.0
yf_ZS=F_d13;53900;INTARIAN_PEPPER_ROOT;11570;12;11567;15;;;11577;10;11581;16;;;11573.5;0.0
yf_ZS=F_d13;54000;ASH_COATED_OSMIUM;10019;13;10016;15;;;10030;19;10034;12;;;10024.5;0.0
yf_ZS=F_d13;54000;INTARIAN_PEPPER_ROOT;11569;22;11567;24;;;11581;17;11585;22;;;11575.0;0.0
yf_ZS=F_d13;54100;ASH_COATED_OSMIUM;10022;12;10020;28;;;10028;16;10032;12;;;10025.0;0.0
yf_ZS=F_d13;54100;INTARIAN_PEPPER_ROOT;11574;12;11572;16;;;11580;11;11583;26;;;11577.0;0.0
yf_ZS=F_d13;54200;ASH_COATED_OSMIUM;10022;17;10018;25;;;10028;14;10030;21;;;10025.0;0.0
yf_ZS=F_d13;54200;INTARIAN_PEPPER_ROOT;11574;15;11571;21;;;11580;10;11583;20;;;11577.0;0.0
yf_ZS=F_d13;54300;ASH_COATED_OSMIUM;10012;21;10008;23;;;10039;21;10043;16;;;10025.5;0.0
yf_ZS=F_d13;54300;INTARIAN_PEPPER_ROOT;11576;12;11573;25;;;11582;22;11584;27;;;11579.0;0.0
yf_ZS=F_d13;54400;ASH_COATED_OSMIUM;10022;9;10018;14;;;10029;12;10033;25;;;10025.5;0.0
yf_ZS=F_d13;54400;INTARIAN_PEPPER_ROOT;11572;5;11570;18;;;11588;11;11592;17;;;11580.0;0.0
yf_ZS=F_d13;54500;ASH_COATED_OSMIUM;10022;12;10020;22;;;10030;7;10032;8;;;10026.0;0.0
yf_ZS=F_d13;54500;INTARIAN_PEPPER_ROOT;11578;10;11576;20;;;11584;10;11588;14;;;11581.0;0.0
yf_ZS=F_d13;54600;ASH_COATED_OSMIUM;10023;9;10020;21;;;10029;14;10031;18;;;10026.0;0.0
yf_ZS=F_d13;54600;INTARIAN_PEPPER_ROOT;11571;17;11569;11;;;11594;12;11597;15;;;11582.5;0.0
yf_ZS=F_d13;54700;ASH_COATED_OSMIUM;10018;16;10016;26;;;10035;15;10037;18;;;10026.5;0.0
yf_ZS=F_d13;54700;INTARIAN_PEPPER_ROOT;11581;11;11578;21;;;11587;5;11590;26;;;11584.0;0.0
yf_ZS=F_d13;54800;ASH_COATED_OSMIUM;10014;20;10010;20;;;10039;16;10041;19;;;10026.5;0.0
yf_ZS=F_d13;54800;INTARIAN_PEPPER_ROOT;11582;16;11578;14;;;11588;15;11592;23;;;11585.0;0.0
yf_ZS=F_d13;54900;ASH_COATED_OSMIUM;10023;12;10019;18;;;10030;14;10034;12;;;10026.5;0.0
yf_ZS=F_d13;54900;INTARIAN_PEPPER_ROOT;11575;16;11572;19;;;11598;13;11601;32;;;11586.5;0.0
yf_ZS=F_d13;55000;ASH_COATED_OSMIUM;10024;19;10020;13;;;10031;16;10035;12;;;10027.5;0.0
yf_ZS=F_d13;55000;INTARIAN_PEPPER_ROOT;11585;15;11583;10;;;11591;15;11593;19;;;11588.0;0.0
yf_ZS=F_d13;55100;ASH_COATED_OSMIUM;10025;15;10022;11;;;10031;15;10035;19;;;10028.0;0.0
yf_ZS=F_d13;55100;INTARIAN_PEPPER_ROOT;11586;19;11583;23;;;11593;16;11595;16;;;11589.5;0.0
yf_ZS=F_d13;55200;ASH_COATED_OSMIUM;10024;14;10022;15;;;10030;20;10032;12;;;10027.0;0.0
yf_ZS=F_d13;55200;INTARIAN_PEPPER_ROOT;11588;11;11586;21;;;11594;5;11598;21;;;11591.0;0.0
yf_ZS=F_d13;55300;ASH_COATED_OSMIUM;10023;12;10021;17;;;10032;7;10034;22;;;10027.5;0.0
yf_ZS=F_d13;55300;INTARIAN_PEPPER_ROOT;11589;15;11586;18;;;11595;11;11599;16;;;11592.0;0.0
yf_ZS=F_d13;55400;ASH_COATED_OSMIUM;10014;19;10012;14;;;10043;8;10046;20;;;10028.5;0.0
yf_ZS=F_d13;55400;INTARIAN_PEPPER_ROOT;11590;12;11587;21;;;11596;15;11600;19;;;11593.0;0.0
yf_ZS=F_d13;55500;ASH_COATED_OSMIUM;10021;19;10017;28;;;10036;15;10040;18;;;10028.5;0.0
yf_ZS=F_d13;55500;INTARIAN_PEPPER_ROOT;11592;14;11588;13;;;11598;14;11600;15;;;11595.0;0.0
yf_ZS=F_d13;55600;ASH_COATED_OSMIUM;10026;27;10022;19;;;10032;10;10036;23;;;10029.0;0.0
yf_ZS=F_d13;55600;INTARIAN_PEPPER_ROOT;11593;10;11591;24;;;11599;8;11602;18;;;11596.0;0.0
yf_ZS=F_d13;55700;ASH_COATED_OSMIUM;10027;23;10025;16;;;10033;7;10037;16;;;10030.0;0.0
yf_ZS=F_d13;55700;INTARIAN_PEPPER_ROOT;11591;21;11588;12;;;11604;9;11607;15;;;11597.5;0.0
yf_ZS=F_d13;55800;ASH_COATED_OSMIUM;10026;16;10023;22;;;10032;18;10034;17;;;10029.0;0.0
yf_ZS=F_d13;55800;INTARIAN_PEPPER_ROOT;11594;13;11590;14;;;11602;5;11606;22;;;11598.0;0.0
yf_ZS=F_d13;55900;ASH_COATED_OSMIUM;10027;14;10023;25;;;10033;19;10037;15;;;10030.0;0.0
yf_ZS=F_d13;55900;INTARIAN_PEPPER_ROOT;11589;18;11585;35;;;11611;17;11615;15;;;11600.0;0.0
yf_ZS=F_d13;56000;ASH_COATED_OSMIUM;10027;6;10023;19;;;10033;11;10037;23;;;10030.0;0.0
yf_ZS=F_d13;56000;INTARIAN_PEPPER_ROOT;11595;13;11591;31;;;11606;17;11609;13;;;11600.5;0.0
yf_ZS=F_d13;56100;ASH_COATED_OSMIUM;10023;17;10020;23;;;10036;14;10040;24;;;10029.5;0.0
yf_ZS=F_d13;56100;INTARIAN_PEPPER_ROOT;11599;9;11596;15;;;11606;10;11608;15;;;11602.5;0.0
yf_ZS=F_d13;56200;ASH_COATED_OSMIUM;10027;13;10025;25;;;10033;18;10035;11;;;10030.0;0.0
yf_ZS=F_d13;56200;INTARIAN_PEPPER_ROOT;11593;10;11589;18;;;11615;19;11619;27;;;11604.0;0.0
yf_ZS=F_d13;56300;ASH_COATED_OSMIUM;10027;17;10025;24;;;10033;19;10036;24;;;10030.0;0.0
yf_ZS=F_d13;56300;INTARIAN_PEPPER_ROOT;11587;15;11583;22;;;11624;5;11628;30;;;11605.5;0.0
yf_ZS=F_d13;56400;ASH_COATED_OSMIUM;10028;26;10024;15;;;10034;10;10037;15;;;10031.0;0.0
yf_ZS=F_d13;56400;INTARIAN_PEPPER_ROOT;11604;19;11601;20;;;11610;23;11614;14;;;11607.0;0.0
yf_ZS=F_d13;56500;ASH_COATED_OSMIUM;10028;15;10025;12;;;10034;27;10038;17;;;10031.0;0.0
yf_ZS=F_d13;56500;INTARIAN_PEPPER_ROOT;11604;20;11602;20;;;11612;15;11616;27;;;11608.0;0.0
yf_ZS=F_d13;56600;ASH_COATED_OSMIUM;10028;7;10025;26;;;10035;12;10038;17;;;10031.5;0.0
yf_ZS=F_d13;56600;INTARIAN_PEPPER_ROOT;11606;11;11604;16;;;11612;10;11615;16;;;11609.0;0.0
yf_ZS=F_d13;56700;ASH_COATED_OSMIUM;10029;15;10025;26;;;10035;15;10037;26;;;10032.0;0.0
yf_ZS=F_d13;56700;INTARIAN_PEPPER_ROOT;11602;12;11600;23;;;11618;10;11622;16;;;11610.0;0.0
yf_ZS=F_d13;56800;ASH_COATED_OSMIUM;10027;18;10024;19;;;10036;8;10040;21;;;10031.5;0.0
yf_ZS=F_d13;56800;INTARIAN_PEPPER_ROOT;11605;18;11601;10;;;11618;14;11620;14;;;11611.5;0.0
yf_ZS=F_d13;56900;ASH_COATED_OSMIUM;10029;20;10027;27;;;10035;9;10038;14;;;10032.0;0.0
yf_ZS=F_d13;56900;INTARIAN_PEPPER_ROOT;11607;10;11605;26;;;11618;5;11622;19;;;11612.5;0.0
yf_ZS=F_d13;57000;ASH_COATED_OSMIUM;10029;22;10026;28;;;10037;9;10040;17;;;10033.0;0.0
yf_ZS=F_d13;57000;INTARIAN_PEPPER_ROOT;11602;10;11598;26;;;11627;11;11631;15;;;11614.5;0.0
yf_ZS=F_d13;57100;ASH_COATED_OSMIUM;10029;16;10026;23;;;10035;19;10039;16;;;10032.0;0.0
yf_ZS=F_d13;57100;INTARIAN_PEPPER_ROOT;11613;7;11609;32;;;11619;20;11623;19;;;11616.0;0.0
yf_ZS=F_d13;57200;ASH_COATED_OSMIUM;10030;12;10028;17;;;10036;12;10038;22;;;10033.0;0.0
