day;timestamp;product;bid_price_1;bid_volume_1;bid_price_2;bid_volume_2;bid_price_3;bid_volume_3;ask_price_1;ask_volume_1;ask_price_2;ask_volume_2;ask_price_3;ask_volume_3;mid_price;profit_and_loss
av_SUGAR_d10;0;ASH_COATED_OSMIUM;9884;16;9880;16;;;9914;14;9917;13;;;9899.0;0.0
av_SUGAR_d10;0;INTARIAN_PEPPER_ROOT;12986;16;12983;16;;;13013;13;13016;15;;;12999.5;0.0
av_SUGAR_d10;100;ASH_COATED_OSMIUM;9897;11;9893;16;;;9903;6;9905;16;;;9900.0;0.0
av_SUGAR_d10;100;INTARIAN_PEPPER_ROOT;12997;20;12995;19;;;13003;7;13007;21;;;13000.0;0.0
av_SUGAR_d10;200;ASH_COATED_OSMIUM;9896;12;9894;29;;;9902;24;9904;21;;;9899.0;0.0
av_SUGAR_d10;200;INTARIAN_PEPPER_ROOT;12997;20;12994;22;;;13003;23;13006;18;;;13000.0;0.0
av_SUGAR_d10;300;ASH_COATED_OSMIUM;9889;13;9886;29;;;9911;16;9913;23;;;9900.0;0.0
av_SUGAR_d10;300;INTARIAN_PEPPER_ROOT;12995;16;12993;15;;;13001;14;13004;23;;;12998.0;0.0
av_SUGAR_d10;400;ASH_COATED_OSMIUM;9897;9;9894;29;;;9903;17;9905;11;;;9900.0;0.0
av_SUGAR_d10;400;INTARIAN_PEPPER_ROOT;12991;17;12988;18;;;13006;15;13010;26;;;12998.5;0.0
av_SUGAR_d10;500;ASH_COATED_OSMIUM;9897;13;9893;29;;;9903;8;9907;13;;;9900.0;0.0
av_SUGAR_d10;500;INTARIAN_PEPPER_ROOT;12992;12;12990;18;;;13002;18;13005;23;;;12997.0;0.0
av_SUGAR_d10;600;ASH_COATED_OSMIUM;9895;15;9892;16;;;9905;16;9909;13;;;9900.0;0.0
av_SUGAR_d10;600;INTARIAN_PEPPER_ROOT;12996;26;12992;17;;;13002;17;13005;26;;;12999.0;0.0
av_SUGAR_d10;700;ASH_COATED_OSMIUM;9897;9;9894;22;;;9903;17;9907;25;;;9900.0;0.0
av_SUGAR_d10;700;INTARIAN_PEPPER_ROOT;12994;18;12991;20;;;13000;11;13004;28;;;12997.0;0.0
av_SUGAR_d10;800;ASH_COATED_OSMIUM;9893;16;9890;17;;;9906;18;9910;31;;;9899.5;0.0
av_SUGAR_d10;800;INTARIAN_PEPPER_ROOT;12995;16;12992;14;;;13001;12;13003;22;;;12998.0;0.0
av_SUGAR_d10;900;ASH_COATED_OSMIUM;9897;19;9895;14;;;9903;15;9907;16;;;9900.0;0.0
av_SUGAR_d10;900;INTARIAN_PEPPER_ROOT;12994;11;12990;24;;;13000;22;13003;27;;;12997.0;0.0
av_SUGAR_d10;1000;ASH_COATED_OSMIUM;9894;15;9891;12;;;9905;14;9909;19;;;9899.5;0.0
av_SUGAR_d10;1000;INTARIAN_PEPPER_ROOT;12989;15;12985;16;;;13007;5;13011;18;;;12998.0;0.0
av_SUGAR_d10;1100;ASH_COATED_OSMIUM;9897;14;9895;8;;;9903;11;9906;17;;;9900.0;0.0
av_SUGAR_d10;1100;INTARIAN_PEPPER_ROOT;12994;16;12991;19;;;13000;18;13002;14;;;12997.0;0.0
av_SUGAR_d10;1200;ASH_COATED_OSMIUM;9896;20;9893;25;;;9904;20;9906;14;;;9900.0;0.0
av_SUGAR_d10;1200;INTARIAN_PEPPER_ROOT;12994;19;12992;15;;;13000;9;13004;28;;;12997.0;0.0
av_SUGAR_d10;1300;ASH_COATED_OSMIUM;9890;7;9887;26;;;9910;17;9913;19;;;9900.0;0.0
av_SUGAR_d10;1300;INTARIAN_PEPPER_ROOT;12994;13;12990;27;;;13000;15;13004;18;;;12997.0;0.0
av_SUGAR_d10;1400;ASH_COATED_OSMIUM;9897;5;9893;15;;;9903;15;9906;13;;;9900.0;0.0
av_SUGAR_d10;1400;INTARIAN_PEPPER_ROOT;12992;15;12990;19;;;13001;14;13005;13;;;12996.5;0.0
av_SUGAR_d10;1500;ASH_COATED_OSMIUM;9895;21;9891;26;;;9906;14;9909;19;;;9900.5;0.0
av_SUGAR_d10;1500;INTARIAN_PEPPER_ROOT;12993;27;12989;13;;;12999;16;13003;12;;;12996.0;0.0
av_SUGAR_d10;1600;ASH_COATED_OSMIUM;9898;14;9895;17;;;9904;11;9907;23;;;9901.0;0.0
av_SUGAR_d10;1600;INTARIAN_PEPPER_ROOT;12993;12;12990;23;;;12999;17;13001;17;;;12996.0;0.0
av_SUGAR_d10;1700;ASH_COATED_OSMIUM;9897;13;9895;18;;;9903;5;9905;16;;;9900.0;0.0
av_SUGAR_d10;1700;INTARIAN_PEPPER_ROOT;12993;27;12991;20;;;12999;10;13003;25;;;12996.0;0.0
av_SUGAR_d10;1800;ASH_COATED_OSMIUM;9893;16;9889;25;;;9908;14;9910;20;;;9900.5;0.0
av_SUGAR_d10;1800;INTARIAN_PEPPER_ROOT;12992;19;12990;19;;;12998;10;13000;13;;;12995.0;0.0
av_SUGAR_d10;1900;ASH_COATED_OSMIUM;9897;16;9893;28;;;9903;9;9906;20;;;9900.0;0.0
av_SUGAR_d10;1900;INTARIAN_PEPPER_ROOT;12992;15;12988;27;;;12998;14;13000;17;;;12995.0;0.0
av_SUGAR_d10;2000;ASH_COATED_OSMIUM;9896;18;9892;21;;;9905;16;9908;14;;;9900.5;0.0
av_SUGAR_d10;2000;INTARIAN_PEPPER_ROOT;12985;10;12982;12;;;13005;8;13007;25;;;12995.0;0.0
av_SUGAR_d10;2100;ASH_COATED_OSMIUM;9896;8;9893;20;;;9904;23;9906;19;;;9900.0;0.0
av_SUGAR_d10;2100;INTARIAN_PEPPER_ROOT;12991;8;12988;20;;;12997;16;13000;20;;;12994.0;0.0
av_SUGAR_d10;2200;ASH_COATED_OSMIUM;9898;6;9896;27;;;9904;14;9906;13;;;9901.0;0.0
av_SUGAR_d10;2200;INTARIAN_PEPPER_ROOT;12981;17;12978;23;;;13010;10;13013;17;;;12995.5;0.0
av_SUGAR_d10;2300;ASH_COATED_OSMIUM;9892;5;9889;13;;;9909;26;9911;11;;;9900.5;0.0
av_SUGAR_d10;2300;INTARIAN_PEPPER_ROOT;12990;17;12986;16;;;12999;14;13002;20;;;12994.5;0.0
av_SUGAR_d10;2400;ASH_COATED_OSMIUM;9898;7;9895;21;;;9904;11;9907;21;;;9901.0;0.0
av_SUGAR_d10;2400;INTARIAN_PEPPER_ROOT;12990;14;12987;19;;;12999;9;13001;27;;;12994.5;0.0
av_SUGAR_d10;2500;ASH_COATED_OSMIUM;9897;5;9895;19;;;9903;13;9906;25;;;9900.0;0.0
av_SUGAR_d10;2500;INTARIAN_PEPPER_ROOT;12991;17;12988;26;;;12997;15;13000;15;;;12994.0;0.0
av_SUGAR_d10;2600;ASH_COATED_OSMIUM;9897;22;9893;27;;;9903;17;9907;22;;;9900.0;0.0
av_SUGAR_d10;2600;INTARIAN_PEPPER_ROOT;12991;17;12989;15;;;12997;14;13000;15;;;12994.0;0.0
av_SUGAR_d10;2700;ASH_COATED_OSMIUM;9896;12;9894;14;;;9904;16;9907;22;;;9900.0;0.0
av_SUGAR_d10;2700;INTARIAN_PEPPER_ROOT;12982;19;12979;22;;;13004;17;13008;14;;;12993.0;0.0
av_SUGAR_d10;2800;ASH_COATED_OSMIUM;9897;14;9895;17;;;9903;5;9905;20;;;9900.0;0.0
av_SUGAR_d10;2800;INTARIAN_PEPPER_ROOT;12990;7;12987;22;;;12996;12;12998;19;;;12993.0;0.0
av_SUGAR_d10;2900;ASH_COATED_OSMIUM;9898;18;9894;15;;;9904;22;9906;15;;;9901.0;0.0
av_SUGAR_d10;2900;INTARIAN_PEPPER_ROOT;12987;19;12983;18;;;12999;14;13001;17;;;12993.0;0.0
av_SUGAR_d10;3000;ASH_COATED_OSMIUM;9898;7;9895;22;;;9904;18;9906;26;;;9901.0;0.0
av_SUGAR_d10;3000;INTARIAN_PEPPER_ROOT;12989;14;12987;20;;;12998;18;13000;14;;;12993.5;0.0
av_SUGAR_d10;3100;ASH_COATED_OSMIUM;9898;7;9894;34;;;9904;26;9908;19;;;9901.0;0.0
av_SUGAR_d10;3100;INTARIAN_PEPPER_ROOT;12987;21;12983;13;;;13000;13;13003;24;;;12993.5;0.0
av_SUGAR_d10;3200;ASH_COATED_OSMIUM;9894;22;9891;19;;;9907;25;9910;27;;;9900.5;0.0
av_SUGAR_d10;3200;INTARIAN_PEPPER_ROOT;12989;10;12987;25;;;12995;23;12999;32;;;12992.0;0.0
av_SUGAR_d10;3300;ASH_COATED_OSMIUM;9898;15;9896;13;;;9904;20;9906;16;;;9901.0;0.0
av_SUGAR_d10;3300;INTARIAN_PEPPER_ROOT;12972;19;12968;22;;;13014;6;13016;16;;;12993.0;0.0
av_SUGAR_d10;3400;ASH_COATED_OSMIUM;9898;11;9896;22;;;9904;11;9907;20;;;9901.0;0.0
av_SUGAR_d10;3400;INTARIAN_PEPPER_ROOT;12989;12;12986;25;;;12995;17;12997;21;;;12992.0;0.0
av_SUGAR_d10;3500;ASH_COATED_OSMIUM;9898;22;9895;17;;;9904;11;9908;18;;;9901.0;0.0
av_SUGAR_d10;3500;INTARIAN_PEPPER_ROOT;12989;10;12987;21;;;12995;9;12997;18;;;12992.0;0.0
av_SUGAR_d10;3600;ASH_COATED_OSMIUM;9895;15;9892;14;;;9907;5;9910;18;;;9901.0;0.0
av_SUGAR_d10;3600;INTARIAN_PEPPER_ROOT;12987;21;12985;20;;;12995;16;12997;24;;;12991.0;0.0
av_SUGAR_d10;3700;ASH_COATED_OSMIUM;9898;14;9894;24;;;9904;22;9907;20;;;9901.0;0.0
av_SUGAR_d10;3700;INTARIAN_PEPPER_ROOT;12988;15;12986;20;;;12994;7;12998;15;;;12991.0;0.0
av_SUGAR_d10;3800;ASH_COATED_OSMIUM;9898;18;9896;13;;;9904;7;9907;14;;;9901.0;0.0
av_SUGAR_d10;3800;INTARIAN_PEPPER_ROOT;12982;18;12980;10;;;12999;18;13002;20;;;12990.5;0.0
av_SUGAR_d10;3900;ASH_COATED_OSMIUM;9896;12;9892;19;;;9906;17;9908;12;;;9901.0;0.0
av_SUGAR_d10;3900;INTARIAN_PEPPER_ROOT;12986;10;12984;14;;;12995;12;12999;21;;;12990.5;0.0
av_SUGAR_d10;4000;ASH_COATED_OSMIUM;9898;15;9896;20;;;9904;7;9907;25;;;9901.0;0.0
av_SUGAR_d10;4000;INTARIAN_PEPPER_ROOT;12987;8;12984;19;;;12993;11;12996;23;;;12990.0;0.0
av_SUGAR_d10;4100;ASH_COATED_OSMIUM;9898;15;9896;15;;;9904;13;9908;19;;;9901.0;0.0
av_SUGAR_d10;4100;INTARIAN_PEPPER_ROOT;12982;9;12979;24;;;12998;9;13002;15;;;12990.0;0.0
av_SUGAR_d10;4200;ASH_COATED_OSMIUM;9898;11;9896;16;;;9904;9;9908;19;;;9901.0;0.0
av_SUGAR_d10;4200;INTARIAN_PEPPER_ROOT;12986;11;12982;35;;;12994;12;12996;19;;;12990.0;0.0
av_SUGAR_d10;4300;ASH_COATED_OSMIUM;9898;15;9896;16;;;9904;5;9906;25;;;9901.0;0.0
av_SUGAR_d10;4300;INTARIAN_PEPPER_ROOT;12987;14;12983;17;;;12993;16;12996;18;;;12990.0;0.0
av_SUGAR_d10;4400;ASH_COATED_OSMIUM;9890;26;9888;18;;;9912;21;9915;17;;;9901.0;0.0
av_SUGAR_d10;4400;INTARIAN_PEPPER_ROOT;12987;24;12985;23;;;12993;15;12996;13;;;12990.0;0.0
av_SUGAR_d10;4500;ASH_COATED_OSMIUM;9898;20;9894;18;;;9904;9;9907;17;;;9901.0;0.0
av_SUGAR_d10;4500;INTARIAN_PEPPER_ROOT;12986;13;12983;18;;;12992;17;12994;14;;;12989.0;0.0
av_SUGAR_d10;4600;ASH_COATED_OSMIUM;9895;19;9892;19;;;9907;19;9909;25;;;9901.0;0.0
av_SUGAR_d10;4600;INTARIAN_PEPPER_ROOT;12985;14;12983;17;;;12994;15;12996;17;;;12989.5;0.0
av_SUGAR_d10;4700;ASH_COATED_OSMIUM;9898;8;9896;24;;;9904;8;9906;13;;;9901.0;0.0
av_SUGAR_d10;4700;INTARIAN_PEPPER_ROOT;12986;13;12984;30;;;12992;16;12995;21;;;12989.0;0.0
av_SUGAR_d10;4800;ASH_COATED_OSMIUM;9897;8;9893;20;;;9907;24;9911;21;;;9902.0;0.0
av_SUGAR_d10;4800;INTARIAN_PEPPER_ROOT;12986;18;12983;27;;;12992;5;12994;20;;;12989.0;0.0
av_SUGAR_d10;4900;ASH_COATED_OSMIUM;9896;13;9894;9;;;9907;13;9911;20;;;9901.5;0.0
av_SUGAR_d10;4900;INTARIAN_PEPPER_ROOT;12986;14;12983;21;;;12992;14;12995;15;;;12989.0;0.0
av_SUGAR_d10;5000;ASH_COATED_OSMIUM;9898;13;9894;25;;;9904;6;9906;8;;;9901.0;0.0
av_SUGAR_d10;5000;INTARIAN_PEPPER_ROOT;12976;8;12974;14;;;13000;10;13002;20;;;12988.0;0.0
av_SUGAR_d10;5100;ASH_COATED_OSMIUM;9898;22;9896;23;;;9904;14;9907;21;;;9901.0;0.0
av_SUGAR_d10;5100;INTARIAN_PEPPER_ROOT;12985;17;12981;26;;;12991;13;12994;21;;;12988.0;0.0
av_SUGAR_d10;5200;ASH_COATED_OSMIUM;9898;10;9896;14;;;9904;15;9907;21;;;9901.0;0.0
av_SUGAR_d10;5200;INTARIAN_PEPPER_ROOT;12986;10;12982;13;;;12992;12;12995;17;;;12989.0;0.0
av_SUGAR_d10;5300;ASH_COATED_OSMIUM;9898;22;9894;28;;;9904;9;9908;26;;;9901.0;0.0
av_SUGAR_d10;5300;INTARIAN_PEPPER_ROOT;12985;22;12982;20;;;12991;13;12994;22;;;12988.0;0.0
av_SUGAR_d10;5400;ASH_COATED_OSMIUM;9899;20;9897;19;;;9905;27;9907;20;;;9902.0;0.0
av_SUGAR_d10;5400;INTARIAN_PEPPER_ROOT;12985;21;12981;18;;;12991;20;12994;17;;;12988.0;0.0
av_SUGAR_d10;5500;ASH_COATED_OSMIUM;9894;17;9891;19;;;9910;13;9914;17;;;9902.0;0.0
av_SUGAR_d10;5500;INTARIAN_PEPPER_ROOT;12985;15;12981;15;;;12991;11;12993;14;;;12988.0;0.0
av_SUGAR_d10;5600;ASH_COATED_OSMIUM;9898;17;9894;25;;;9905;24;9909;26;;;9901.5;0.0
av_SUGAR_d10;5600;INTARIAN_PEPPER_ROOT;12984;21;12981;22;;;12990;13;12993;24;;;12987.0;0.0
av_SUGAR_d10;5700;ASH_COATED_OSMIUM;9899;12;9897;17;;;9905;17;9908;20;;;9902.0;0.0
av_SUGAR_d10;5700;INTARIAN_PEPPER_ROOT;12984;16;12980;14;;;12990;16;12993;26;;;12987.0;0.0
av_SUGAR_d10;5800;ASH_COATED_OSMIUM;9895;15;9891;23;;;9909;8;9911;25;;;9902.0;0.0
av_SUGAR_d10;5800;INTARIAN_PEPPER_ROOT;12967;20;12965;16;;;13005;13;13007;26;;;12986.0;0.0
av_SUGAR_d10;5900;ASH_COATED_OSMIUM;9898;9;9896;15;;;9905;22;9909;19;;;9901.5;0.0
av_SUGAR_d10;5900;INTARIAN_PEPPER_ROOT;12980;11;12977;16;;;12992;14;12995;14;;;12986.0;0.0
av_SUGAR_d10;6000;ASH_COATED_OSMIUM;9893;14;9889;21;;;9910;10;9914;15;;;9901.5;0.0
av_SUGAR_d10;6000;INTARIAN_PEPPER_ROOT;12983;21;12980;20;;;12989;19;12991;14;;;12986.0;0.0
av_SUGAR_d10;6100;ASH_COATED_OSMIUM;9899;5;9896;26;;;9905;19;9909;26;;;9902.0;0.0
av_SUGAR_d10;6100;INTARIAN_PEPPER_ROOT;12980;15;12977;10;;;12993;10;12996;19;;;12986.5;0.0
av_SUGAR_d10;6200;ASH_COATED_OSMIUM;9899;13;9895;28;;;9905;11;9907;18;;;9902.0;0.0
av_SUGAR_d10;6200;INTARIAN_PEPPER_ROOT;12981;27;12979;20;;;12990;20;12994;27;;;12985.5;0.0
av_SUGAR_d10;6300;ASH_COATED_OSMIUM;9899;21;9895;26;;;9905;11;9908;17;;;9902.0;0.0
av_SUGAR_d10;6300;INTARIAN_PEPPER_ROOT;12983;15;12981;13;;;12989;10;12993;15;;;12986.0;0.0
av_SUGAR_d10;6400;ASH_COATED_OSMIUM;9898;12;9895;21;;;9906;17;9908;23;;;9902.0;0.0
av_SUGAR_d10;6400;INTARIAN_PEPPER_ROOT;12983;9;12980;19;;;12989;9;12993;25;;;12986.0;0.0
av_SUGAR_d10;6500;ASH_COATED_OSMIUM;9898;21;9895;19;;;9904;11;9907;22;;;9901.0;0.0
av_SUGAR_d10;6500;INTARIAN_PEPPER_ROOT;12974;12;12970;24;;;12996;17;13000;24;;;12985.0;0.0
av_SUGAR_d10;6600;ASH_COATED_OSMIUM;9900;18;9897;13;;;9906;13;9909;26;;;9903.0;0.0
av_SUGAR_d10;6600;INTARIAN_PEPPER_ROOT;12982;22;12979;25;;;12988;9;12991;23;;;12985.0;0.0
av_SUGAR_d10;6700;ASH_COATED_OSMIUM;9899;10;9897;18;;;9905;11;9909;9;;;9902.0;0.0
av_SUGAR_d10;6700;INTARIAN_PEPPER_ROOT;12982;5;12979;30;;;12988;16;12992;23;;;12985.0;0.0
av_SUGAR_d10;6800;ASH_COATED_OSMIUM;9899;12;9897;20;;;9905;12;9908;22;;;9902.0;0.0
av_SUGAR_d10;6800;INTARIAN_PEPPER_ROOT;12978;20;12975;23;;;12991;15;12994;21;;;12984.5;0.0
av_SUGAR_d10;6900;ASH_COATED_OSMIUM;9899;10;9895;15;;;9905;20;9908;13;;;9902.0;0.0
av_SUGAR_d10;6900;INTARIAN_PEPPER_ROOT;12981;18;12979;18;;;12987;10;12991;25;;;12984.0;0.0
av_SUGAR_d10;7000;ASH_COATED_OSMIUM;9898;10;9896;19;;;9906;21;9909;17;;;9902.0;0.0
av_SUGAR_d10;7000;INTARIAN_PEPPER_ROOT;12978;29;12974;18;;;12990;9;12992;14;;;12984.0;0.0
av_SUGAR_d10;7100;ASH_COATED_OSMIUM;9897;20;9893;23;;;9908;11;9911;13;;;9902.5;0.0
av_SUGAR_d10;7100;INTARIAN_PEPPER_ROOT;12981;13;12977;19;;;12987;9;12990;9;;;12984.0;0.0
av_SUGAR_d10;7200;ASH_COATED_OSMIUM;9899;11;9896;21;;;9905;14;9909;25;;;9902.0;0.0
av_SUGAR_d10;7200;INTARIAN_PEPPER_ROOT;12980;12;12978;24;;;12986;11;12988;15;;;12983.0;0.0
av_SUGAR_d10;7300;ASH_COATED_OSMIUM;9889;15;9885;25;;;9916;8;9918;18;;;9902.5;0.0
av_SUGAR_d10;7300;INTARIAN_PEPPER_ROOT;12975;22;12971;28;;;12991;22;12993;17;;;12983.0;0.0
av_SUGAR_d10;7400;ASH_COATED_OSMIUM;9899;12;9895;9;;;9906;13;9910;23;;;9902.5;0.0
av_SUGAR_d10;7400;INTARIAN_PEPPER_ROOT;12979;14;12975;23;;;12986;16;12989;24;;;12982.5;0.0
av_SUGAR_d10;7500;ASH_COATED_OSMIUM;9900;18;9897;23;;;9906;14;9910;26;;;9903.0;0.0
av_SUGAR_d10;7500;INTARIAN_PEPPER_ROOT;12980;9;12976;23;;;12986;8;12988;27;;;12983.0;0.0
av_SUGAR_d10;7600;ASH_COATED_OSMIUM;9899;14;9896;15;;;9905;12;9908;25;;;9902.0;0.0
av_SUGAR_d10;7600;INTARIAN_PEPPER_ROOT;12971;16;12968;29;;;12993;20;12995;20;;;12982.0;0.0
av_SUGAR_d10;7700;ASH_COATED_OSMIUM;9899;16;9895;20;;;9905;13;9907;18;;;9902.0;0.0
av_SUGAR_d10;7700;INTARIAN_PEPPER_ROOT;12978;21;12974;23;;;12987;18;12989;29;;;12982.5;0.0
av_SUGAR_d10;7800;ASH_COATED_OSMIUM;9899;19;9895;8;;;9906;11;9908;17;;;9902.5;0.0
av_SUGAR_d10;7800;INTARIAN_PEPPER_ROOT;12973;17;12970;29;;;12994;17;12996;24;;;12983.5;0.0
av_SUGAR_d10;7900;ASH_COATED_OSMIUM;9900;18;9898;18;;;9906;16;9908;19;;;9903.0;0.0
av_SUGAR_d10;7900;INTARIAN_PEPPER_ROOT;12977;15;12975;26;;;12989;6;12993;21;;;12983.0;0.0
av_SUGAR_d10;8000;ASH_COATED_OSMIUM;9897;24;9894;23;;;9909;16;9912;21;;;9903.0;0.0
av_SUGAR_d10;8000;INTARIAN_PEPPER_ROOT;12978;22;12976;26;;;12985;18;12987;20;;;12981.5;0.0
av_SUGAR_d10;8100;ASH_COATED_OSMIUM;9891;6;9889;17;;;9915;15;9919;19;;;9903.0;0.0
av_SUGAR_d10;8100;INTARIAN_PEPPER_ROOT;12979;17;12976;20;;;12985;18;12987;19;;;12982.0;0.0
av_SUGAR_d10;8200;ASH_COATED_OSMIUM;9899;10;9895;24;;;9905;21;9907;18;;;9902.0;0.0
av_SUGAR_d10;8200;INTARIAN_PEPPER_ROOT;12979;13;12975;25;;;12985;18;12987;20;;;12982.0;0.0
av_SUGAR_d10;8300;ASH_COATED_OSMIUM;9896;12;9893;16;;;9910;9;9912;26;;;9903.0;0.0
av_SUGAR_d10;8300;INTARIAN_PEPPER_ROOT;12978;12;12976;18;;;12984;17;12988;22;;;12981.0;0.0
av_SUGAR_d10;8400;ASH_COATED_OSMIUM;9899;11;9895;18;;;9907;22;9909;25;;;9903.0;0.0
av_SUGAR_d10;8400;INTARIAN_PEPPER_ROOT;12978;12;12975;22;;;12984;11;12987;27;;;12981.0;0.0
av_SUGAR_d10;8500;ASH_COATED_OSMIUM;9898;12;9896;17;;;9909;7;9911;17;;;9903.5;0.0
av_SUGAR_d10;8500;INTARIAN_PEPPER_ROOT;12978;15;12974;18;;;12984;18;12987;29;;;12981.0;0.0
av_SUGAR_d10;8600;ASH_COATED_OSMIUM;9899;9;9895;20;;;9907;7;9911;19;;;9903.0;0.0
av_SUGAR_d10;8600;INTARIAN_PEPPER_ROOT;12975;10;12973;19;;;12986;16;12988;17;;;12980.5;0.0
av_SUGAR_d10;8700;ASH_COATED_OSMIUM;9893;14;9889;12;;;9912;13;9915;21;;;9902.5;0.0
av_SUGAR_d10;8700;INTARIAN_PEPPER_ROOT;12972;17;12970;16;;;12989;14;12992;17;;;12980.5;0.0
av_SUGAR_d10;8800;ASH_COATED_OSMIUM;9900;24;9897;10;;;9906;17;9909;23;;;9903.0;0.0
av_SUGAR_d10;8800;INTARIAN_PEPPER_ROOT;12977;16;12975;27;;;12983;19;12985;17;;;12980.0;0.0
av_SUGAR_d10;8900;ASH_COATED_OSMIUM;9897;12;9895;15;;;9910;11;9912;10;;;9903.5;0.0
av_SUGAR_d10;8900;INTARIAN_PEPPER_ROOT;12970;23;12968;24;;;12990;11;12994;9;;;12980.0;0.0
av_SUGAR_d10;9000;ASH_COATED_OSMIUM;9898;17;9895;15;;;9907;17;9911;18;;;9902.5;0.0
av_SUGAR_d10;9000;INTARIAN_PEPPER_ROOT;12977;11;12974;15;;;12983;20;12987;21;;;12980.0;0.0
av_SUGAR_d10;9100;ASH_COATED_OSMIUM;9886;7;9882;22;;;9920;12;9924;26;;;9903.0;0.0
av_SUGAR_d10;9100;INTARIAN_PEPPER_ROOT;12976;21;12972;17;;;12982;9;12986;18;;;12979.0;0.0
av_SUGAR_d10;9200;ASH_COATED_OSMIUM;9900;15;9898;24;;;9906;10;9909;21;;;9903.0;0.0
av_SUGAR_d10;9200;INTARIAN_PEPPER_ROOT;12973;15;12971;27;;;12985;11;12987;14;;;12979.0;0.0
av_SUGAR_d10;9300;ASH_COATED_OSMIUM;9899;11;9895;19;;;9907;9;9911;22;;;9903.0;0.0
av_SUGAR_d10;9300;INTARIAN_PEPPER_ROOT;12976;17;12973;16;;;12982;22;12984;27;;;12979.0;0.0
av_SUGAR_d10;9400;ASH_COATED_OSMIUM;9899;13;9897;24;;;9906;21;9910;19;;;9902.5;0.0
av_SUGAR_d10;9400;INTARIAN_PEPPER_ROOT;12975;17;12971;14;;;12981;11;12985;14;;;12978.0;0.0
av_SUGAR_d10;9500;ASH_COATED_OSMIUM;9900;18;9897;19;;;9907;15;9909;14;;;9903.5;0.0
av_SUGAR_d10;9500;INTARIAN_PEPPER_ROOT;12975;16;12971;28;;;12981;5;12983;22;;;12978.0;0.0
av_SUGAR_d10;9600;ASH_COATED_OSMIUM;9898;14;9896;12;;;9908;13;9910;27;;;9903.0;0.0
av_SUGAR_d10;9600;INTARIAN_PEPPER_ROOT;12970;17;12968;15;;;12986;12;12990;19;;;12978.0;0.0
av_SUGAR_d10;9700;ASH_COATED_OSMIUM;9900;20;9898;19;;;9906;15;9908;13;;;9903.0;0.0
av_SUGAR_d10;9700;INTARIAN_PEPPER_ROOT;12975;13;12971;19;;;12981;5;12983;18;;;12978.0;0.0
av_SUGAR_d10;9800;ASH_COATED_OSMIUM;9900;10;9898;26;;;9906;14;9908;20;;;9903.0;0.0
av_SUGAR_d10;9800;INTARIAN_PEPPER_ROOT;12975;12;12971;18;;;12981;14;12983;15;;;12978.0;0.0
av_SUGAR_d10;9900;ASH_COATED_OSMIUM;9890;10;9886;23;;;9916;9;9920;16;;;9903.0;0.0
av_SUGAR_d10;9900;INTARIAN_PEPPER_ROOT;12975;21;12971;25;;;12981;12;12984;22;;;12978.0;0.0
av_SUGAR_d10;10000;ASH_COATED_OSMIUM;9900;14;9898;21;;;9906;5;9908;22;;;9903.0;0.0
av_SUGAR_d10;10000;INTARIAN_PEPPER_ROOT;12970;23;12966;19;;;12984;22;12987;17;;;12977.0;0.0
av_SUGAR_d10;10100;ASH_COATED_OSMIUM;9900;15;9897;18;;;9906;20;9910;22;;;9903.0;0.0
av_SUGAR_d10;10100;INTARIAN_PEPPER_ROOT;12974;18;12971;26;;;12980;17;12983;16;;;12977.0;0.0
av_SUGAR_d10;10200;ASH_COATED_OSMIUM;9899;25;9896;16;;;9908;24;9912;16;;;9903.5;0.0
av_SUGAR_d10;10200;INTARIAN_PEPPER_ROOT;12973;9;12971;15;;;12979;5;12982;16;;;12976.0;0.0
av_SUGAR_d10;10300;ASH_COATED_OSMIUM;9901;8;9899;26;;;9907;6;9909;18;;;9904.0;0.0
av_SUGAR_d10;10300;INTARIAN_PEPPER_ROOT;12972;7;12969;17;;;12980;11;12983;11;;;12976.0;0.0
av_SUGAR_d10;10400;ASH_COATED_OSMIUM;9898;8;9895;23;;;9909;19;9912;22;;;9903.5;0.0
av_SUGAR_d10;10400;INTARIAN_PEPPER_ROOT;12972;14;12969;24;;;12981;13;12985;18;;;12976.5;0.0
av_SUGAR_d10;10500;ASH_COATED_OSMIUM;9901;13;9897;23;;;9907;10;9909;24;;;9904.0;0.0
av_SUGAR_d10;10500;INTARIAN_PEPPER_ROOT;12964;13;12962;21;;;12989;15;12993;18;;;12976.5;0.0
av_SUGAR_d10;10600;ASH_COATED_OSMIUM;9895;11;9892;18;;;9911;18;9913;22;;;9903.0;0.0
av_SUGAR_d10;10600;INTARIAN_PEPPER_ROOT;12973;16;12969;15;;;12979;14;12983;18;;;12976.0;0.0
av_SUGAR_d10;10700;ASH_COATED_OSMIUM;9900;22;9898;17;;;9906;20;9910;16;;;9903.0;0.0
av_SUGAR_d10;10700;INTARIAN_PEPPER_ROOT;12972;13;12968;25;;;12980;18;12983;31;;;12976.0;0.0
av_SUGAR_d10;10800;ASH_COATED_OSMIUM;9893;17;9889;19;;;9914;12;9918;20;;;9903.5;0.0
av_SUGAR_d10;10800;INTARIAN_PEPPER_ROOT;12972;17;12968;21;;;12979;12;12982;24;;;12975.5;0.0
av_SUGAR_d10;10900;ASH_COATED_OSMIUM;9900;14;9897;23;;;9906;11;9909;19;;;9903.0;0.0
av_SUGAR_d10;10900;INTARIAN_PEPPER_ROOT;12967;14;12963;22;;;12983;15;12985;13;;;12975.0;0.0
av_SUGAR_d10;11000;ASH_COATED_OSMIUM;9900;15;9898;30;;;9906;18;9908;20;;;9903.0;0.0
av_SUGAR_d10;11000;INTARIAN_PEPPER_ROOT;12969;10;12967;14;;;12980;15;12983;21;;;12974.5;0.0
av_SUGAR_d10;11100;ASH_COATED_OSMIUM;9900;15;9896;20;;;9906;16;9909;18;;;9903.0;0.0
av_SUGAR_d10;11100;INTARIAN_PEPPER_ROOT;12970;25;12968;16;;;12981;15;12985;26;;;12975.5;0.0
av_SUGAR_d10;11200;ASH_COATED_OSMIUM;9901;14;9897;13;;;9907;20;9910;26;;;9904.0;0.0
av_SUGAR_d10;11200;INTARIAN_PEPPER_ROOT;12972;13;12969;19;;;12978;14;12980;8;;;12975.0;0.0
av_SUGAR_d10;11300;ASH_COATED_OSMIUM;9898;17;9895;22;;;9909;13;9912;14;;;9903.5;0.0
av_SUGAR_d10;11300;INTARIAN_PEPPER_ROOT;12971;11;12968;18;;;12977;11;12981;20;;;12974.0;0.0
av_SUGAR_d10;11400;ASH_COATED_OSMIUM;9901;19;9899;25;;;9907;6;9910;28;;;9904.0;0.0
av_SUGAR_d10;11400;INTARIAN_PEPPER_ROOT;12971;22;12968;23;;;12977;13;12981;19;;;12974.0;0.0
av_SUGAR_d10;11500;ASH_COATED_OSMIUM;9901;21;9898;20;;;9907;16;9910;17;;;9904.0;0.0
av_SUGAR_d10;11500;INTARIAN_PEPPER_ROOT;12971;11;12969;12;;;12977;11;12980;16;;;12974.0;0.0
av_SUGAR_d10;11600;ASH_COATED_OSMIUM;9901;13;9898;22;;;9907;10;9909;20;;;9904.0;0.0
av_SUGAR_d10;11600;INTARIAN_PEPPER_ROOT;12970;19;12968;27;;;12977;18;12980;16;;;12973.5;0.0
av_SUGAR_d10;11700;ASH_COATED_OSMIUM;9901;19;9899;18;;;9907;15;9911;8;;;9904.0;0.0
av_SUGAR_d10;11700;INTARIAN_PEPPER_ROOT;12965;21;12962;8;;;12981;23;12984;22;;;12973.0;0.0
av_SUGAR_d10;11800;ASH_COATED_OSMIUM;9901;13;9897;16;;;9907;10;9909;30;;;9904.0;0.0
av_SUGAR_d10;11800;INTARIAN_PEPPER_ROOT;12968;15;12964;14;;;12979;17;12981;17;;;12973.5;0.0
av_SUGAR_d10;11900;ASH_COATED_OSMIUM;9895;10;9893;22;;;9912;7;9914;20;;;9903.5;0.0
av_SUGAR_d10;11900;INTARIAN_PEPPER_ROOT;12971;23;12968;17;;;12977;15;12980;17;;;12974.0;0.0
av_SUGAR_d10;12000;ASH_COATED_OSMIUM;9901;18;9897;13;;;9907;13;9911;20;;;9904.0;0.0
av_SUGAR_d10;12000;INTARIAN_PEPPER_ROOT;12966;14;12962;23;;;12979;17;12982;18;;;12972.5;0.0
av_SUGAR_d10;12100;ASH_COATED_OSMIUM;9901;16;9897;19;;;9907;15;9910;20;;;9904.0;0.0
av_SUGAR_d10;12100;INTARIAN_PEPPER_ROOT;12970;17;12966;26;;;12976;6;12980;17;;;12973.0;0.0
av_SUGAR_d10;12200;ASH_COATED_OSMIUM;9901;17;9899;16;;;9907;21;9910;26;;;9904.0;0.0
av_SUGAR_d10;12200;INTARIAN_PEPPER_ROOT;12969;15;12965;20;;;12975;17;12977;15;;;12972.0;0.0
av_SUGAR_d10;12300;ASH_COATED_OSMIUM;9899;13;9897;20;;;9908;7;9910;15;;;9903.5;0.0
av_SUGAR_d10;12300;INTARIAN_PEPPER_ROOT;12969;19;12967;13;;;12975;13;12977;12;;;12972.0;0.0
av_SUGAR_d10;12400;ASH_COATED_OSMIUM;9901;20;9897;21;;;9907;20;9910;23;;;9904.0;0.0
av_SUGAR_d10;12400;INTARIAN_PEPPER_ROOT;12969;21;12967;17;;;12975;16;12977;23;;;12972.0;0.0
av_SUGAR_d10;12500;ASH_COATED_OSMIUM;9899;13;9897;18;;;9909;21;9913;25;;;9904.0;0.0
av_SUGAR_d10;12500;INTARIAN_PEPPER_ROOT;12967;10;12965;16;;;12976;15;12980;22;;;12971.5;0.0
av_SUGAR_d10;12600;ASH_COATED_OSMIUM;9892;5;9890;29;;;9916;10;9920;25;;;9904.0;0.0
av_SUGAR_d10;12600;INTARIAN_PEPPER_ROOT;12969;14;12967;21;;;12975;17;12978;14;;;12972.0;0.0
av_SUGAR_d10;12700;ASH_COATED_OSMIUM;9902;26;9900;21;;;9908;13;9910;17;;;9905.0;0.0
av_SUGAR_d10;12700;INTARIAN_PEPPER_ROOT;12968;13;12965;16;;;12974;11;12977;14;;;12971.0;0.0
av_SUGAR_d10;12800;ASH_COATED_OSMIUM;9901;11;9898;11;;;9907;17;9910;21;;;9904.0;0.0
av_SUGAR_d10;12800;INTARIAN_PEPPER_ROOT;12968;11;12966;14;;;12974;17;12977;16;;;12971.0;0.0
av_SUGAR_d10;12900;ASH_COATED_OSMIUM;9897;15;9895;20;;;9912;15;9914;26;;;9904.5;0.0
av_SUGAR_d10;12900;INTARIAN_PEPPER_ROOT;12967;9;12963;21;;;12973;18;12975;21;;;12970.0;0.0
av_SUGAR_d10;13000;ASH_COATED_OSMIUM;9901;19;9897;15;;;9907;15;9910;24;;;9904.0;0.0
av_SUGAR_d10;13000;INTARIAN_PEPPER_ROOT;12963;11;12961;22;;;12978;18;12981;15;;;12970.5;0.0
av_SUGAR_d10;13100;ASH_COATED_OSMIUM;9901;12;9897;22;;;9907;13;9910;25;;;9904.0;0.0
av_SUGAR_d10;13100;INTARIAN_PEPPER_ROOT;12967;13;12965;25;;;12973;7;12977;27;;;12970.0;0.0
av_SUGAR_d10;13200;ASH_COATED_OSMIUM;9900;18;9898;18;;;9909;12;9913;19;;;9904.5;0.0
av_SUGAR_d10;13200;INTARIAN_PEPPER_ROOT;12965;16;12963;20;;;12974;15;12977;27;;;12969.5;0.0
av_SUGAR_d10;13300;ASH_COATED_OSMIUM;9897;14;9894;16;;;9911;17;9914;17;;;9904.0;0.0
av_SUGAR_d10;13300;INTARIAN_PEPPER_ROOT;12967;12;12965;20;;;12973;15;12977;23;;;12970.0;0.0
av_SUGAR_d10;13400;ASH_COATED_OSMIUM;9901;7;9899;13;;;9907;15;9910;25;;;9904.0;0.0
av_SUGAR_d10;13400;INTARIAN_PEPPER_ROOT;12967;18;12963;30;;;12973;10;12975;23;;;12970.0;0.0
av_SUGAR_d10;13500;ASH_COATED_OSMIUM;9898;19;9895;18;;;9910;15;9913;19;;;9904.0;0.0
av_SUGAR_d10;13500;INTARIAN_PEPPER_ROOT;12966;23;12963;17;;;12972;23;12975;19;;;12969.0;0.0
av_SUGAR_d10;13600;ASH_COATED_OSMIUM;9901;16;9898;26;;;9907;9;9910;18;;;9904.0;0.0
av_SUGAR_d10;13600;INTARIAN_PEPPER_ROOT;12965;17;12961;23;;;12974;13;12976;23;;;12969.5;0.0
av_SUGAR_d10;13700;ASH_COATED_OSMIUM;9902;6;9899;26;;;9908;14;9912;14;;;9905.0;0.0
av_SUGAR_d10;13700;INTARIAN_PEPPER_ROOT;12963;21;12959;23;;;12973;12;12977;17;;;12968.0;0.0
av_SUGAR_d10;13800;ASH_COATED_OSMIUM;9900;19;9898;16;;;9910;17;9912;17;;;9905.0;0.0
av_SUGAR_d10;13800;INTARIAN_PEPPER_ROOT;12956;16;12953;20;;;12981;16;12985;18;;;12968.5;0.0
av_SUGAR_d10;13900;ASH_COATED_OSMIUM;9900;11;9898;8;;;9909;13;9911;22;;;9904.5;0.0
av_SUGAR_d10;13900;INTARIAN_PEPPER_ROOT;12962;15;12959;21;;;12976;16;12978;18;;;12969.0;0.0
av_SUGAR_d10;14000;ASH_COATED_OSMIUM;9901;14;9899;21;;;9908;9;9910;21;;;9904.5;0.0
av_SUGAR_d10;14000;INTARIAN_PEPPER_ROOT;12963;13;12961;19;;;12975;21;12979;20;;;12969.0;0.0
av_SUGAR_d10;14100;ASH_COATED_OSMIUM;9902;20;9900;12;;;9908;5;9912;19;;;9905.0;0.0
av_SUGAR_d10;14100;INTARIAN_PEPPER_ROOT;12965;12;12963;20;;;12971;16;12975;17;;;12968.0;0.0
av_SUGAR_d10;14200;ASH_COATED_OSMIUM;9900;23;9897;20;;;9909;16;9911;16;;;9904.5;0.0
av_SUGAR_d10;14200;INTARIAN_PEPPER_ROOT;12965;16;12961;22;;;12971;14;12973;23;;;12968.0;0.0
av_SUGAR_d10;14300;ASH_COATED_OSMIUM;9894;15;9891;13;;;9916;15;9920;21;;;9905.0;0.0
av_SUGAR_d10;14300;INTARIAN_PEPPER_ROOT;12965;16;12961;17;;;12971;7;12973;16;;;12968.0;0.0
av_SUGAR_d10;14400;ASH_COATED_OSMIUM;9902;20;9899;22;;;9908;12;9912;14;;;9905.0;0.0
av_SUGAR_d10;14400;INTARIAN_PEPPER_ROOT;12965;13;12963;26;;;12971;11;12975;12;;;12968.0;0.0
av_SUGAR_d10;14500;ASH_COATED_OSMIUM;9901;15;9898;20;;;9907;17;9911;14;;;9904.0;0.0
av_SUGAR_d10;14500;INTARIAN_PEPPER_ROOT;12963;20;12959;17;;;12971;12;12973;10;;;12967.0;0.0
av_SUGAR_d10;14600;ASH_COATED_OSMIUM;9895;15;9892;15;;;9914;30;9916;23;;;9904.5;0.0
av_SUGAR_d10;14600;INTARIAN_PEPPER_ROOT;12953;9;12951;25;;;12979;11;12983;18;;;12966.0;0.0
av_SUGAR_d10;14700;ASH_COATED_OSMIUM;9898;5;9895;16;;;9912;13;9914;11;;;9905.0;0.0
av_SUGAR_d10;14700;INTARIAN_PEPPER_ROOT;12962;11;12959;24;;;12970;8;12974;18;;;12966.0;0.0
av_SUGAR_d10;14800;ASH_COATED_OSMIUM;9902;14;9899;21;;;9908;13;9912;20;;;9905.0;0.0
av_SUGAR_d10;14800;INTARIAN_PEPPER_ROOT;12964;17;12961;23;;;12970;16;12974;12;;;12967.0;0.0
av_SUGAR_d10;14900;ASH_COATED_OSMIUM;9900;20;9896;25;;;9910;11;9913;19;;;9905.0;0.0
av_SUGAR_d10;14900;INTARIAN_PEPPER_ROOT;12963;16;12961;24;;;12969;14;12972;29;;;12966.0;0.0
av_SUGAR_d10;15000;ASH_COATED_OSMIUM;9893;13;9889;11;;;9916;10;9919;22;;;9904.5;0.0
av_SUGAR_d10;15000;INTARIAN_PEPPER_ROOT;12958;10;12955;15;;;12974;12;12976;22;;;12966.0;0.0
av_SUGAR_d10;15100;ASH_COATED_OSMIUM;9902;10;9899;18;;;9908;17;9912;19;;;9905.0;0.0
av_SUGAR_d10;15100;INTARIAN_PEPPER_ROOT;12963;5;12959;21;;;12969;13;12971;20;;;12966.0;0.0
av_SUGAR_d10;15200;ASH_COATED_OSMIUM;9902;22;9899;28;;;9908;19;9912;23;;;9905.0;0.0
av_SUGAR_d10;15200;INTARIAN_PEPPER_ROOT;12963;17;12961;22;;;12969;18;12973;19;;;12966.0;0.0
av_SUGAR_d10;15300;ASH_COATED_OSMIUM;9902;11;9898;22;;;9908;27;9912;21;;;9905.0;0.0
av_SUGAR_d10;15300;INTARIAN_PEPPER_ROOT;12962;22;12958;24;;;12968;13;12972;17;;;12965.0;0.0
av_SUGAR_d10;15400;ASH_COATED_OSMIUM;9895;15;9892;18;;;9916;13;9920;17;;;9905.5;0.0
av_SUGAR_d10;15400;INTARIAN_PEPPER_ROOT;12954;20;12952;18;;;12978;25;12980;19;;;12966.0;0.0
av_SUGAR_d10;15500;ASH_COATED_OSMIUM;9902;7;9899;23;;;9908;15;9911;21;;;9905.0;0.0
av_SUGAR_d10;15500;INTARIAN_PEPPER_ROOT;12960;12;12956;26;;;12971;20;12975;18;;;12965.5;0.0
av_SUGAR_d10;15600;ASH_COATED_OSMIUM;9895;11;9891;22;;;9916;25;9920;24;;;9905.5;0.0
av_SUGAR_d10;15600;INTARIAN_PEPPER_ROOT;12953;10;12951;27;;;12977;14;12979;23;;;12965.0;0.0
av_SUGAR_d10;15700;ASH_COATED_OSMIUM;9901;11;9899;14;;;9910;11;9912;21;;;9905.5;0.0
av_SUGAR_d10;15700;INTARIAN_PEPPER_ROOT;12961;14;12958;23;;;12969;8;12971;32;;;12965.0;0.0
av_SUGAR_d10;15800;ASH_COATED_OSMIUM;9896;8;9894;17;;;9915;5;9919;18;;;9905.5;0.0
av_SUGAR_d10;15800;INTARIAN_PEPPER_ROOT;12962;17;12958;18;;;12968;17;12970;21;;;12965.0;0.0
av_SUGAR_d10;15900;ASH_COATED_OSMIUM;9902;10;9900;15;;;9908;14;9910;26;;;9905.0;0.0
av_SUGAR_d10;15900;INTARIAN_PEPPER_ROOT;12961;9;12959;25;;;12967;5;12969;26;;;12964.0;0.0
av_SUGAR_d10;16000;ASH_COATED_OSMIUM;9900;16;9898;18;;;9912;19;9916;22;;;9906.0;0.0
av_SUGAR_d10;16000;INTARIAN_PEPPER_ROOT;12961;16;12959;16;;;12967;11;12969;16;;;12964.0;0.0
av_SUGAR_d10;16100;ASH_COATED_OSMIUM;9901;14;9899;22;;;9909;14;9912;19;;;9905.0;0.0
av_SUGAR_d10;16100;INTARIAN_PEPPER_ROOT;12960;14;12958;23;;;12966;9;12970;19;;;12963.0;0.0
av_SUGAR_d10;16200;ASH_COATED_OSMIUM;9903;12;9901;21;;;9909;16;9913;24;;;9906.0;0.0
av_SUGAR_d10;16200;INTARIAN_PEPPER_ROOT;12960;8;12956;26;;;12966;14;12970;22;;;12963.0;0.0
av_SUGAR_d10;16300;ASH_COATED_OSMIUM;9903;10;9899;28;;;9909;24;9911;8;;;9906.0;0.0
av_SUGAR_d10;16300;INTARIAN_PEPPER_ROOT;12960;15;12958;20;;;12966;5;12969;23;;;12963.0;0.0
av_SUGAR_d10;16400;ASH_COATED_OSMIUM;9902;15;9900;26;;;9908;20;9910;23;;;9905.0;0.0
av_SUGAR_d10;16400;INTARIAN_PEPPER_ROOT;12959;16;12956;15;;;12966;11;12968;22;;;12962.5;0.0
av_SUGAR_d10;16500;ASH_COATED_OSMIUM;9903;5;9901;23;;;9909;12;9911;17;;;9906.0;0.0
av_SUGAR_d10;16500;INTARIAN_PEPPER_ROOT;12960;10;12957;16;;;12966;17;12969;22;;;12963.0;0.0
av_SUGAR_d10;16600;ASH_COATED_OSMIUM;9903;16;9899;20;;;9909;22;9912;24;;;9906.0;0.0
av_SUGAR_d10;16600;INTARIAN_PEPPER_ROOT;12950;14;12948;24;;;12975;20;12978;17;;;12962.5;0.0
av_SUGAR_d10;16700;ASH_COATED_OSMIUM;9902;6;9900;19;;;9911;17;9913;22;;;9906.5;0.0
av_SUGAR_d10;16700;INTARIAN_PEPPER_ROOT;12959;19;12957;23;;;12965;13;12968;21;;;12962.0;0.0
av_SUGAR_d10;16800;ASH_COATED_OSMIUM;9903;18;9900;18;;;9909;9;9913;24;;;9906.0;0.0
av_SUGAR_d10;16800;INTARIAN_PEPPER_ROOT;12959;15;12955;17;;;12965;17;12968;18;;;12962.0;0.0
av_SUGAR_d10;16900;ASH_COATED_OSMIUM;9903;14;9900;15;;;9909;18;9911;20;;;9906.0;0.0
av_SUGAR_d10;16900;INTARIAN_PEPPER_ROOT;12948;11;12946;15;;;12976;19;12978;23;;;12962.0;0.0
av_SUGAR_d10;17000;ASH_COATED_OSMIUM;9898;18;9896;24;;;9914;13;9916;14;;;9906.0;0.0
av_SUGAR_d10;17000;INTARIAN_PEPPER_ROOT;12950;21;12948;15;;;12969;11;12971;18;;;12959.5;0.0
av_SUGAR_d10;17100;ASH_COATED_OSMIUM;9903;16;9901;15;;;9909;17;9913;21;;;9906.0;0.0
av_SUGAR_d10;17100;INTARIAN_PEPPER_ROOT;12953;7;12950;25;;;12959;15;12961;20;;;12956.0;0.0
av_SUGAR_d10;17200;ASH_COATED_OSMIUM;9903;22;9900;15;;;9909;18;9913;20;;;9906.0;0.0
av_SUGAR_d10;17200;INTARIAN_PEPPER_ROOT;12949;16;12946;23;;;12955;16;12959;29;;;12952.0;0.0
av_SUGAR_d10;17300;ASH_COATED_OSMIUM;9903;13;9900;22;;;9909;21;9912;21;;;9906.0;0.0
av_SUGAR_d10;17300;INTARIAN_PEPPER_ROOT;12942;16;12938;25;;;12952;20;12955;11;;;12947.0;0.0
av_SUGAR_d10;17400;ASH_COATED_OSMIUM;9903;10;9901;23;;;9909;19;9911;18;;;9906.0;0.0
av_SUGAR_d10;17400;INTARIAN_PEPPER_ROOT;12941;18;12937;18;;;12947;11;12950;11;;;12944.0;0.0
av_SUGAR_d10;17500;ASH_COATED_OSMIUM;9903;19;9901;24;;;9910;21;9914;18;;;9906.5;0.0
av_SUGAR_d10;17500;INTARIAN_PEPPER_ROOT;12937;7;12933;16;;;12943;13;12947;23;;;12940.0;0.0
av_SUGAR_d10;17600;ASH_COATED_OSMIUM;9903;25;9900;20;;;9909;9;9913;25;;;9906.0;0.0
av_SUGAR_d10;17600;INTARIAN_PEPPER_ROOT;12931;16;12929;23;;;12943;11;12945;16;;;12937.0;0.0
av_SUGAR_d10;17700;ASH_COATED_OSMIUM;9903;13;9900;17;;;9909;11;9911;9;;;9906.0;0.0
av_SUGAR_d10;17700;INTARIAN_PEPPER_ROOT;12929;26;12927;11;;;12935;14;12939;17;;;12932.0;0.0
av_SUGAR_d10;17800;ASH_COATED_OSMIUM;9903;16;9900;15;;;9909;12;9911;27;;;9906.0;0.0
av_SUGAR_d10;17800;INTARIAN_PEPPER_ROOT;12924;16;12921;25;;;12932;17;12936;25;;;12928.0;0.0
av_SUGAR_d10;17900;ASH_COATED_OSMIUM;9902;16;9900;22;;;9908;14;9910;13;;;9905.0;0.0
av_SUGAR_d10;17900;INTARIAN_PEPPER_ROOT;12922;9;12920;16;;;12928;21;12932;23;;;12925.0;0.0
av_SUGAR_d10;18000;ASH_COATED_OSMIUM;9902;21;9899;20;;;9909;15;9911;16;;;9905.5;0.0
av_SUGAR_d10;18000;INTARIAN_PEPPER_ROOT;12913;8;12909;14;;;12926;17;12928;23;;;12919.5;0.0
av_SUGAR_d10;18100;ASH_COATED_OSMIUM;9903;19;9900;19;;;9909;13;9912;18;;;9906.0;0.0
av_SUGAR_d10;18100;INTARIAN_PEPPER_ROOT;12910;15;12908;23;;;12922;16;12926;15;;;12916.0;0.0
av_SUGAR_d10;18200;ASH_COATED_OSMIUM;9903;14;9899;18;;;9909;12;9911;19;;;9906.0;0.0
av_SUGAR_d10;18200;INTARIAN_PEPPER_ROOT;12909;9;12905;16;;;12915;20;12918;15;;;12912.0;0.0
av_SUGAR_d10;18300;ASH_COATED_OSMIUM;9903;13;9899;19;;;9909;30;9913;15;;;9906.0;0.0
av_SUGAR_d10;18300;INTARIAN_PEPPER_ROOT;12906;12;12902;10;;;12912;5;12916;28;;;12909.0;0.0
av_SUGAR_d10;18400;ASH_COATED_OSMIUM;9903;18;9899;16;;;9909;16;9912;15;;;9906.0;0.0
av_SUGAR_d10;18400;INTARIAN_PEPPER_ROOT;12891;10;12887;11;;;12917;10;12919;24;;;12904.0;0.0
av_SUGAR_d10;18500;ASH_COATED_OSMIUM;9902;19;9899;16;;;9908;13;9910;21;;;9905.0;0.0
av_SUGAR_d10;18500;INTARIAN_PEPPER_ROOT;12898;17;12895;15;;;12904;19;12906;25;;;12901.0;0.0
av_SUGAR_d10;18600;ASH_COATED_OSMIUM;9903;11;9899;22;;;9909;14;9912;14;;;9906.0;0.0
av_SUGAR_d10;18600;INTARIAN_PEPPER_ROOT;12893;16;12890;25;;;12899;12;12903;20;;;12896.0;0.0
av_SUGAR_d10;18700;ASH_COATED_OSMIUM;9903;13;9899;28;;;9909;16;9911;24;;;9906.0;0.0
av_SUGAR_d10;18700;INTARIAN_PEPPER_ROOT;12889;17;12886;9;;;12895;23;12897;24;;;12892.0;0.0
av_SUGAR_d10;18800;ASH_COATED_OSMIUM;9902;16;9899;27;;;9908;17;9911;21;;;9905.0;0.0
av_SUGAR_d10;18800;INTARIAN_PEPPER_ROOT;12885;17;12882;13;;;12891;17;12895;20;;;12888.0;0.0
av_SUGAR_d10;18900;ASH_COATED_OSMIUM;9903;24;9901;16;;;9909;13;9911;26;;;9906.0;0.0
av_SUGAR_d10;18900;INTARIAN_PEPPER_ROOT;12881;14;12877;18;;;12887;12;12890;8;;;12884.0;0.0
av_SUGAR_d10;19000;ASH_COATED_OSMIUM;9902;20;9900;19;;;9908;10;9912;14;;;9905.0;0.0
av_SUGAR_d10;19000;INTARIAN_PEPPER_ROOT;12878;17;12874;23;;;12884;12;12886;21;;;12881.0;0.0
av_SUGAR_d10;19100;ASH_COATED_OSMIUM;9903;22;9900;14;;;9909;11;9911;23;;;9906.0;0.0
av_SUGAR_d10;19100;INTARIAN_PEPPER_ROOT;12874;7;12871;11;;;12880;12;12883;20;;;12877.0;0.0
av_SUGAR_d10;19200;ASH_COATED_OSMIUM;9895;16;9892;10;;;9917;20;9921;19;;;9906.0;0.0
av_SUGAR_d10;19200;INTARIAN_PEPPER_ROOT;12869;18;12867;18;;;12875;11;12877;21;;;12872.0;0.0
av_SUGAR_d10;19300;ASH_COATED_OSMIUM;9902;20;9899;14;;;9908;12;9911;11;;;9905.0;0.0
av_SUGAR_d10;19300;INTARIAN_PEPPER_ROOT;12863;15;12859;19;;;12874;9;12876;22;;;12868.5;0.0
av_SUGAR_d10;19400;ASH_COATED_OSMIUM;9903;14;9901;16;;;9909;16;9912;12;;;9906.0;0.0
av_SUGAR_d10;19400;INTARIAN_PEPPER_ROOT;12859;21;12856;17;;;12870;11;12874;16;;;12864.5;0.0
av_SUGAR_d10;19500;ASH_COATED_OSMIUM;9900;12;9896;17;;;9911;16;9915;25;;;9905.5;0.0
av_SUGAR_d10;19500;INTARIAN_PEPPER_ROOT;12857;16;12853;21;;;12863;19;12867;12;;;12860.0;0.0
av_SUGAR_d10;19600;ASH_COATED_OSMIUM;9898;8;9894;16;;;9913;13;9915;22;;;9905.5;0.0
av_SUGAR_d10;19600;INTARIAN_PEPPER_ROOT;12855;14;12852;18;;;12861;9;12865;25;;;12858.0;0.0
av_SUGAR_d10;19700;ASH_COATED_OSMIUM;9903;13;9900;13;;;9909;8;9913;12;;;9906.0;0.0
av_SUGAR_d10;19700;INTARIAN_PEPPER_ROOT;12850;10;12846;19;;;12856;17;12860;17;;;12853.0;0.0
av_SUGAR_d10;19800;ASH_COATED_OSMIUM;9898;15;9896;15;;;9913;14;9917;18;;;9905.5;0.0
av_SUGAR_d10;19800;INTARIAN_PEPPER_ROOT;12845;7;12842;31;;;12851;12;12855;21;;;12848.0;0.0
av_SUGAR_d10;19900;ASH_COATED_OSMIUM;9902;5;9900;25;;;9909;24;9912;28;;;9905.5;0.0
av_SUGAR_d10;19900;INTARIAN_PEPPER_ROOT;12842;15;12838;23;;;12848;11;12851;18;;;12845.0;0.0
av_SUGAR_d10;20000;ASH_COATED_OSMIUM;9895;17;9893;11;;;9917;14;9919;18;;;9906.0;0.0
av_SUGAR_d10;20000;INTARIAN_PEPPER_ROOT;12838;14;12836;21;;;12844;20;12846;21;;;12841.0;0.0
av_SUGAR_d10;20100;ASH_COATED_OSMIUM;9903;8;9899;18;;;9909;15;9912;14;;;9906.0;0.0
av_SUGAR_d10;20100;INTARIAN_PEPPER_ROOT;12832;7;12829;22;;;12842;20;12845;15;;;12837.0;0.0
av_SUGAR_d10;20200;ASH_COATED_OSMIUM;9902;26;9899;8;;;9908;12;9910;26;;;9905.0;0.0
av_SUGAR_d10;20200;INTARIAN_PEPPER_ROOT;12830;14;12826;16;;;12836;23;12838;14;;;12833.0;0.0
av_SUGAR_d10;20300;ASH_COATED_OSMIUM;9902;13;9900;21;;;9910;16;9913;18;;;9906.0;0.0
av_SUGAR_d10;20300;INTARIAN_PEPPER_ROOT;12823;14;12821;18;;;12836;7;12839;20;;;12829.5;0.0
av_SUGAR_d10;20400;ASH_COATED_OSMIUM;9903;18;9900;18;;;9909;12;9912;14;;;9906.0;0.0
av_SUGAR_d10;20400;INTARIAN_PEPPER_ROOT;12822;19;12819;15;;;12828;14;12831;25;;;12825.0;0.0
av_SUGAR_d10;20500;ASH_COATED_OSMIUM;9897;13;9895;13;;;9914;5;9918;18;;;9905.5;0.0
av_SUGAR_d10;20500;INTARIAN_PEPPER_ROOT;12819;16;12817;20;;;12825;10;12829;23;;;12822.0;0.0
av_SUGAR_d10;20600;ASH_COATED_OSMIUM;9900;8;9897;18;;;9911;10;9915;14;;;9905.5;0.0
av_SUGAR_d10;20600;INTARIAN_PEPPER_ROOT;12814;16;12812;14;;;12820;22;12823;18;;;12817.0;0.0
av_SUGAR_d10;20700;ASH_COATED_OSMIUM;9903;8;9900;20;;;9909;8;9911;29;;;9906.0;0.0
av_SUGAR_d10;20700;INTARIAN_PEPPER_ROOT;12810;6;12807;16;;;12816;20;12818;15;;;12813.0;0.0
av_SUGAR_d10;20800;ASH_COATED_OSMIUM;9903;18;9899;24;;;9909;20;9913;16;;;9906.0;0.0
av_SUGAR_d10;20800;INTARIAN_PEPPER_ROOT;12805;11;12802;22;;;12812;12;12815;23;;;12808.5;0.0
av_SUGAR_d10;20900;ASH_COATED_OSMIUM;9902;7;9899;23;;;9908;12;9911;27;;;9905.0;0.0
av_SUGAR_d10;20900;INTARIAN_PEPPER_ROOT;12803;18;12801;22;;;12809;29;12811;26;;;12806.0;0.0
av_SUGAR_d10;21000;ASH_COATED_OSMIUM;9900;5;9897;21;;;9911;12;9914;25;;;9905.5;0.0
av_SUGAR_d10;21000;INTARIAN_PEPPER_ROOT;12794;8;12792;24;;;12809;12;12812;32;;;12801.5;0.0
av_SUGAR_d10;21100;ASH_COATED_OSMIUM;9903;10;9900;10;;;9909;19;9911;22;;;9906.0;0.0
av_SUGAR_d10;21100;INTARIAN_PEPPER_ROOT;12793;14;12791;23;;;12801;10;12804;20;;;12797.0;0.0
av_SUGAR_d10;21200;ASH_COATED_OSMIUM;9903;12;9901;28;;;9909;21;9913;17;;;9906.0;0.0
av_SUGAR_d10;21200;INTARIAN_PEPPER_ROOT;12791;16;12788;15;;;12797;15;12799;15;;;12794.0;0.0
av_SUGAR_d10;21300;ASH_COATED_OSMIUM;9903;19;9899;26;;;9909;20;9911;12;;;9906.0;0.0
av_SUGAR_d10;21300;INTARIAN_PEPPER_ROOT;12785;12;12783;13;;;12793;18;12796;16;;;12789.0;0.0
av_SUGAR_d10;21400;ASH_COATED_OSMIUM;9903;14;9900;16;;;9909;18;9911;23;;;9906.0;0.0
av_SUGAR_d10;21400;INTARIAN_PEPPER_ROOT;12783;15;12780;11;;;12789;16;12793;27;;;12786.0;0.0
av_SUGAR_d10;21500;ASH_COATED_OSMIUM;9902;12;9900;19;;;9908;13;9912;22;;;9905.0;0.0
av_SUGAR_d10;21500;INTARIAN_PEPPER_ROOT;12768;21;12766;22;;;12796;19;12800;21;;;12782.0;0.0
av_SUGAR_d10;21600;ASH_COATED_OSMIUM;9902;17;9899;22;;;9908;11;9910;25;;;9905.0;0.0
av_SUGAR_d10;21600;INTARIAN_PEPPER_ROOT;12772;14;12769;12;;;12782;9;12784;25;;;12777.0;0.0
av_SUGAR_d10;21700;ASH_COATED_OSMIUM;9903;12;9899;17;;;9909;20;9912;17;;;9906.0;0.0
av_SUGAR_d10;21700;INTARIAN_PEPPER_ROOT;12768;15;12765;21;;;12780;22;12782;9;;;12774.0;0.0
av_SUGAR_d10;21800;ASH_COATED_OSMIUM;9903;19;9900;23;;;9909;12;9911;26;;;9906.0;0.0
av_SUGAR_d10;21800;INTARIAN_PEPPER_ROOT;12765;13;12763;16;;;12775;11;12777;18;;;12770.0;0.0
av_SUGAR_d10;21900;ASH_COATED_OSMIUM;9903;17;9900;25;;;9909;18;9911;23;;;9906.0;0.0
av_SUGAR_d10;21900;INTARIAN_PEPPER_ROOT;12755;15;12751;18;;;12777;17;12779;17;;;12766.0;0.0
av_SUGAR_d10;22000;ASH_COATED_OSMIUM;9893;9;9890;15;;;9919;16;9922;13;;;9906.0;0.0
av_SUGAR_d10;22000;INTARIAN_PEPPER_ROOT;12755;15;12752;13;;;12768;17;12770;21;;;12761.5;0.0
av_SUGAR_d10;22100;ASH_COATED_OSMIUM;9903;16;9901;18;;;9909;13;9911;17;;;9906.0;0.0
av_SUGAR_d10;22100;INTARIAN_PEPPER_ROOT;12755;10;12753;18;;;12761;21;12763;15;;;12758.0;0.0
av_SUGAR_d10;22200;ASH_COATED_OSMIUM;9902;23;9899;15;;;9908;15;9910;18;;;9905.0;0.0
av_SUGAR_d10;22200;INTARIAN_PEPPER_ROOT;12748;15;12744;8;;;12760;13;12763;18;;;12754.0;0.0
av_SUGAR_d10;22300;ASH_COATED_OSMIUM;9902;23;9900;20;;;9910;15;9913;18;;;9906.0;0.0
av_SUGAR_d10;22300;INTARIAN_PEPPER_ROOT;12737;21;12734;24;;;12762;18;12765;19;;;12749.5;0.0
av_SUGAR_d10;22400;ASH_COATED_OSMIUM;9902;10;9900;18;;;9908;17;9912;13;;;9905.0;0.0
av_SUGAR_d10;22400;INTARIAN_PEPPER_ROOT;12743;15;12740;21;;;12749;18;12753;26;;;12746.0;0.0
av_SUGAR_d10;22500;ASH_COATED_OSMIUM;9900;14;9897;23;;;9912;13;9915;21;;;9906.0;0.0
av_SUGAR_d10;22500;INTARIAN_PEPPER_ROOT;12731;15;12728;22;;;12752;19;12755;15;;;12741.5;0.0
av_SUGAR_d10;22600;ASH_COATED_OSMIUM;9895;19;9891;17;;;9917;13;9921;22;;;9906.0;0.0
av_SUGAR_d10;22600;INTARIAN_PEPPER_ROOT;12733;14;12729;15;;;12741;13;12743;12;;;12737.0;0.0
av_SUGAR_d10;22700;ASH_COATED_OSMIUM;9903;20;9901;18;;;9909;7;9912;18;;;9906.0;0.0
av_SUGAR_d10;22700;INTARIAN_PEPPER_ROOT;12727;8;12723;12;;;12740;12;12742;17;;;12733.5;0.0
av_SUGAR_d10;22800;ASH_COATED_OSMIUM;9902;12;9898;19;;;9908;14;9911;25;;;9905.0;0.0
av_SUGAR_d10;22800;INTARIAN_PEPPER_ROOT;12726;22;12723;13;;;12734;13;12736;13;;;12730.0;0.0
av_SUGAR_d10;22900;ASH_COATED_OSMIUM;9896;16;9892;24;;;9913;11;9916;18;;;9904.5;0.0
av_SUGAR_d10;22900;INTARIAN_PEPPER_ROOT;12718;17;12716;24;;;12734;5;12738;19;;;12726.0;0.0
av_SUGAR_d10;23000;ASH_COATED_OSMIUM;9902;19;9898;25;;;9909;11;9913;21;;;9905.5;0.0
av_SUGAR_d10;23000;INTARIAN_PEPPER_ROOT;12716;15;12713;21;;;12726;16;12728;13;;;12721.0;0.0
av_SUGAR_d10;23100;ASH_COATED_OSMIUM;9902;19;9900;27;;;9908;10;9911;24;;;9905.0;0.0
av_SUGAR_d10;23100;INTARIAN_PEPPER_ROOT;12711;21;12709;15;;;12725;8;12728;22;;;12718.0;0.0
av_SUGAR_d10;23200;ASH_COATED_OSMIUM;9902;6;9898;16;;;9908;15;9910;13;;;9905.0;0.0
av_SUGAR_d10;23200;INTARIAN_PEPPER_ROOT;12705;20;12702;23;;;12722;19;12724;20;;;12713.5;0.0
av_SUGAR_d10;23300;ASH_COATED_OSMIUM;9900;15;9897;25;;;9912;14;9916;19;;;9906.0;0.0
av_SUGAR_d10;23300;INTARIAN_PEPPER_ROOT;12703;10;12700;25;;;12717;5;12721;13;;;12710.0;0.0
av_SUGAR_d10;23400;ASH_COATED_OSMIUM;9892;16;9888;24;;;9918;7;9920;26;;;9905.0;0.0
av_SUGAR_d10;23400;INTARIAN_PEPPER_ROOT;12703;17;12700;22;;;12709;17;12713;21;;;12706.0;0.0
av_SUGAR_d10;23500;ASH_COATED_OSMIUM;9899;8;9896;19;;;9911;6;9915;21;;;9905.0;0.0
av_SUGAR_d10;23500;INTARIAN_PEPPER_ROOT;12700;7;12696;26;;;12706;5;12709;20;;;12703.0;0.0
av_SUGAR_d10;23600;ASH_COATED_OSMIUM;9901;15;9899;22;;;9909;22;9912;19;;;9905.0;0.0
av_SUGAR_d10;23600;INTARIAN_PEPPER_ROOT;12695;9;12693;22;;;12701;23;12703;16;;;12698.0;0.0
av_SUGAR_d10;23700;ASH_COATED_OSMIUM;9892;23;9888;14;;;9919;14;9922;23;;;9905.5;0.0
av_SUGAR_d10;23700;INTARIAN_PEPPER_ROOT;12690;17;12686;19;;;12699;21;12703;15;;;12694.5;0.0
av_SUGAR_d10;23800;ASH_COATED_OSMIUM;9902;10;9899;20;;;9908;17;9910;26;;;9905.0;0.0
av_SUGAR_d10;23800;INTARIAN_PEPPER_ROOT;12687;15;12683;12;;;12693;10;12696;22;;;12690.0;0.0
av_SUGAR_d10;23900;ASH_COATED_OSMIUM;9888;18;9884;21;;;9922;13;9924;22;;;9905.0;0.0
av_SUGAR_d10;23900;INTARIAN_PEPPER_ROOT;12682;14;12680;27;;;12690;17;12693;22;;;12686.0;0.0
av_SUGAR_d10;24000;ASH_COATED_OSMIUM;9902;21;9899;18;;;9908;10;9912;28;;;9905.0;0.0
av_SUGAR_d10;24000;INTARIAN_PEPPER_ROOT;12679;13;12677;18;;;12686;13;12690;8;;;12682.5;0.0
av_SUGAR_d10;24100;ASH_COATED_OSMIUM;9901;21;9898;23;;;9912;15;9914;23;;;9906.5;0.0
av_SUGAR_d10;24100;INTARIAN_PEPPER_ROOT;12672;8;12668;23;;;12685;17;12688;23;;;12678.5;0.0
av_SUGAR_d10;24200;ASH_COATED_OSMIUM;9899;8;9895;21;;;9911;14;9915;11;;;9905.0;0.0
av_SUGAR_d10;24200;INTARIAN_PEPPER_ROOT;12671;11;12667;23;;;12678;17;12681;20;;;12674.5;0.0
av_SUGAR_d10;24300;ASH_COATED_OSMIUM;9903;16;9901;20;;;9909;18;9912;27;;;9906.0;0.0
av_SUGAR_d10;24300;INTARIAN_PEPPER_ROOT;12668;12;12666;23;;;12674;5;12678;25;;;12671.0;0.0
av_SUGAR_d10;24400;ASH_COATED_OSMIUM;9896;16;9892;22;;;9915;14;9919;9;;;9905.5;0.0
av_SUGAR_d10;24400;INTARIAN_PEPPER_ROOT;12661;8;12657;20;;;12673;15;12675;26;;;12667.0;0.0
av_SUGAR_d10;24500;ASH_COATED_OSMIUM;9903;16;9899;13;;;9909;12;9911;18;;;9906.0;0.0
av_SUGAR_d10;24500;INTARIAN_PEPPER_ROOT;12657;6;12655;23;;;12669;17;12671;18;;;12663.0;0.0
av_SUGAR_d10;24600;ASH_COATED_OSMIUM;9901;20;9897;16;;;9908;17;9912;11;;;9904.5;0.0
av_SUGAR_d10;24600;INTARIAN_PEPPER_ROOT;12655;17;12651;16;;;12661;16;12663;27;;;12658.0;0.0
av_SUGAR_d10;24700;ASH_COATED_OSMIUM;9900;20;9898;17;;;9913;8;9917;29;;;9906.5;0.0
av_SUGAR_d10;24700;INTARIAN_PEPPER_ROOT;12652;9;12648;19;;;12658;17;12662;17;;;12655.0;0.0
av_SUGAR_d10;24800;ASH_COATED_OSMIUM;9897;16;9894;26;;;9914;13;9918;19;;;9905.5;0.0
av_SUGAR_d10;24800;INTARIAN_PEPPER_ROOT;12647;14;12643;21;;;12654;9;12656;19;;;12650.5;0.0
av_SUGAR_d10;24900;ASH_COATED_OSMIUM;9902;15;9900;26;;;9909;19;9913;26;;;9905.5;0.0
av_SUGAR_d10;24900;INTARIAN_PEPPER_ROOT;12643;20;12641;18;;;12649;14;12651;18;;;12646.0;0.0
av_SUGAR_d10;25000;ASH_COATED_OSMIUM;9900;26;9897;23;;;9910;18;9912;18;;;9905.0;0.0
av_SUGAR_d10;25000;INTARIAN_PEPPER_ROOT;12640;5;12637;15;;;12646;5;12650;19;;;12643.0;0.0
av_SUGAR_d10;25100;ASH_COATED_OSMIUM;9900;18;9898;17;;;9911;14;9915;20;;;9905.5;0.0
av_SUGAR_d10;25100;INTARIAN_PEPPER_ROOT;12636;20;12632;22;;;12642;16;12645;21;;;12639.0;0.0
av_SUGAR_d10;25200;ASH_COATED_OSMIUM;9902;17;9899;21;;;9908;19;9911;17;;;9905.0;0.0
av_SUGAR_d10;25200;INTARIAN_PEPPER_ROOT;12628;19;12625;21;;;12640;11;12644;20;;;12634.0;0.0
av_SUGAR_d10;25300;ASH_COATED_OSMIUM;9903;5;9899;23;;;9909;11;9912;10;;;9906.0;0.0
av_SUGAR_d10;25300;INTARIAN_PEPPER_ROOT;12627;14;12624;26;;;12633;19;12635;19;;;12630.0;0.0
av_SUGAR_d10;25400;ASH_COATED_OSMIUM;9900;5;9896;16;;;9911;17;9914;21;;;9905.5;0.0
av_SUGAR_d10;25400;INTARIAN_PEPPER_ROOT;12624;24;12622;17;;;12630;12;12633;17;;;12627.0;0.0
av_SUGAR_d10;25500;ASH_COATED_OSMIUM;9903;12;9899;16;;;9909;14;9913;18;;;9906.0;0.0
av_SUGAR_d10;25500;INTARIAN_PEPPER_ROOT;12620;12;12617;22;;;12627;23;12629;20;;;12623.5;0.0
av_SUGAR_d10;25600;ASH_COATED_OSMIUM;9901;12;9898;14;;;9908;19;9912;22;;;9904.5;0.0
av_SUGAR_d10;25600;INTARIAN_PEPPER_ROOT;12614;12;12612;22;;;12624;28;12628;19;;;12619.0;0.0
av_SUGAR_d10;25700;ASH_COATED_OSMIUM;9903;15;9901;24;;;9909;15;9911;18;;;9906.0;0.0
av_SUGAR_d10;25700;INTARIAN_PEPPER_ROOT;12606;8;12602;20;;;12625;9;12627;23;;;12615.5;0.0
av_SUGAR_d10;25800;ASH_COATED_OSMIUM;9892;14;9888;19;;;9919;16;9921;15;;;9905.5;0.0
av_SUGAR_d10;25800;INTARIAN_PEPPER_ROOT;12609;8;12607;26;;;12615;23;12618;10;;;12612.0;0.0
av_SUGAR_d10;25900;ASH_COATED_OSMIUM;9900;14;9898;24;;;9912;20;9916;24;;;9906.0;0.0
av_SUGAR_d10;25900;INTARIAN_PEPPER_ROOT;12602;27;12599;19;;;12613;5;12616;28;;;12607.5;0.0
av_SUGAR_d10;26000;ASH_COATED_OSMIUM;9902;11;9900;16;;;9908;11;9911;15;;;9905.0;0.0
av_SUGAR_d10;26000;INTARIAN_PEPPER_ROOT;12596;17;12592;21;;;12612;19;12615;18;;;12604.0;0.0
av_SUGAR_d10;26100;ASH_COATED_OSMIUM;9894;5;9890;19;;;9917;9;9919;16;;;9905.5;0.0
av_SUGAR_d10;26100;INTARIAN_PEPPER_ROOT;12596;10;12592;16;;;12602;17;12605;25;;;12599.0;0.0
av_SUGAR_d10;26200;ASH_COATED_OSMIUM;9902;24;9899;11;;;9908;17;9912;23;;;9905.0;0.0
av_SUGAR_d10;26200;INTARIAN_PEPPER_ROOT;12592;14;12590;27;;;12598;17;12602;13;;;12595.0;0.0
av_SUGAR_d10;26300;ASH_COATED_OSMIUM;9896;5;9893;18;;;9916;16;9920;20;;;9906.0;0.0
av_SUGAR_d10;26300;INTARIAN_PEPPER_ROOT;12588;19;12586;26;;;12594;11;12596;25;;;12591.0;0.0
av_SUGAR_d10;26400;ASH_COATED_OSMIUM;9901;17;9898;27;;;9910;13;9913;27;;;9905.5;0.0
av_SUGAR_d10;26400;INTARIAN_PEPPER_ROOT;12584;24;12581;15;;;12591;11;12594;13;;;12587.5;0.0
av_SUGAR_d10;26500;ASH_COATED_OSMIUM;9900;12;9898;11;;;9911;21;9915;17;;;9905.5;0.0
av_SUGAR_d10;26500;INTARIAN_PEPPER_ROOT;12576;7;12574;31;;;12591;11;12593;14;;;12583.5;0.0
av_SUGAR_d10;26600;ASH_COATED_OSMIUM;9894;11;9892;19;;;9916;18;9918;19;;;9905.0;0.0
av_SUGAR_d10;26600;INTARIAN_PEPPER_ROOT;12576;16;12572;16;;;12582;15;12586;21;;;12579.0;0.0
av_SUGAR_d10;26700;ASH_COATED_OSMIUM;9902;12;9899;18;;;9908;12;9910;12;;;9905.0;0.0
av_SUGAR_d10;26700;INTARIAN_PEPPER_ROOT;12570;11;12568;23;;;12580;5;12584;20;;;12575.0;0.0
av_SUGAR_d10;26800;ASH_COATED_OSMIUM;9902;21;9899;14;;;9908;17;9910;22;;;9905.0;0.0
av_SUGAR_d10;26800;INTARIAN_PEPPER_ROOT;12567;19;12564;16;;;12576;13;12580;13;;;12571.5;0.0
av_SUGAR_d10;26900;ASH_COATED_OSMIUM;9902;19;9900;23;;;9908;14;9910;24;;;9905.0;0.0
av_SUGAR_d10;26900;INTARIAN_PEPPER_ROOT;12565;14;12563;29;;;12571;7;12573;19;;;12568.0;0.0
av_SUGAR_d10;27000;ASH_COATED_OSMIUM;9902;11;9898;20;;;9908;15;9912;13;;;9905.0;0.0
av_SUGAR_d10;27000;INTARIAN_PEPPER_ROOT;12561;12;12557;20;;;12567;14;12569;17;;;12564.0;0.0
av_SUGAR_d10;27100;ASH_COATED_OSMIUM;9897;24;9894;17;;;9914;13;9917;28;;;9905.5;0.0
av_SUGAR_d10;27100;INTARIAN_PEPPER_ROOT;12555;9;12552;21;;;12564;15;12568;21;;;12559.5;0.0
av_SUGAR_d10;27200;ASH_COATED_OSMIUM;9897;21;9893;25;;;9913;12;9917;21;;;9905.0;0.0
av_SUGAR_d10;27200;INTARIAN_PEPPER_ROOT;12552;21;12549;25;;;12558;20;12560;14;;;12555.0;0.0
av_SUGAR_d10;27300;ASH_COATED_OSMIUM;9902;5;9898;15;;;9908;18;9911;15;;;9905.0;0.0
av_SUGAR_d10;27300;INTARIAN_PEPPER_ROOT;12543;21;12541;19;;;12561;13;12563;23;;;12552.0;0.0
av_SUGAR_d10;27400;ASH_COATED_OSMIUM;9902;13;9900;18;;;9908;5;9910;24;;;9905.0;0.0
av_SUGAR_d10;27400;INTARIAN_PEPPER_ROOT;12545;15;12542;30;;;12551;11;12554;13;;;12548.0;0.0
av_SUGAR_d10;27500;ASH_COATED_OSMIUM;9903;13;9900;15;;;9909;14;9911;24;;;9906.0;0.0
av_SUGAR_d10;27500;INTARIAN_PEPPER_ROOT;12541;10;12537;8;;;12547;20;12549;22;;;12544.0;0.0
av_SUGAR_d10;27600;ASH_COATED_OSMIUM;9903;13;9901;18;;;9909;15;9913;16;;;9906.0;0.0
av_SUGAR_d10;27600;INTARIAN_PEPPER_ROOT;12536;20;12532;21;;;12545;14;12548;15;;;12540.5;0.0
av_SUGAR_d10;27700;ASH_COATED_OSMIUM;9902;10;9899;25;;;9908;13;9910;23;;;9905.0;0.0
av_SUGAR_d10;27700;INTARIAN_PEPPER_ROOT;12533;14;12531;26;;;12539;10;12541;15;;;12536.0;0.0
av_SUGAR_d10;27800;ASH_COATED_OSMIUM;9902;9;9898;19;;;9909;13;9913;24;;;9905.5;0.0
av_SUGAR_d10;27800;INTARIAN_PEPPER_ROOT;12519;11;12516;16;;;12543;16;12546;24;;;12531.0;0.0
av_SUGAR_d10;27900;ASH_COATED_OSMIUM;9901;16;9899;14;;;9910;16;9913;25;;;9905.5;0.0
av_SUGAR_d10;27900;INTARIAN_PEPPER_ROOT;12525;16;12523;17;;;12531;18;12533;20;;;12528.0;0.0
av_SUGAR_d10;28000;ASH_COATED_OSMIUM;9901;12;9898;19;;;9909;21;9911;13;;;9905.0;0.0
av_SUGAR_d10;28000;INTARIAN_PEPPER_ROOT;12518;15;12514;21;;;12529;12;12531;9;;;12523.5;0.0
av_SUGAR_d10;28100;ASH_COATED_OSMIUM;9897;13;9895;20;;;9913;14;9916;20;;;9905.0;0.0
av_SUGAR_d10;28100;INTARIAN_PEPPER_ROOT;12517;11;12514;13;;;12523;9;12527;20;;;12520.0;0.0
av_SUGAR_d10;28200;ASH_COATED_OSMIUM;9902;19;9898;18;;;9908;21;9910;31;;;9905.0;0.0
av_SUGAR_d10;28200;INTARIAN_PEPPER_ROOT;12513;16;12510;24;;;12519;15;12521;12;;;12516.0;0.0
av_SUGAR_d10;28300;ASH_COATED_OSMIUM;9902;13;9899;18;;;9908;6;9912;17;;;9905.0;0.0
av_SUGAR_d10;28300;INTARIAN_PEPPER_ROOT;12509;10;12506;18;;;12515;16;12518;26;;;12512.0;0.0
av_SUGAR_d10;28400;ASH_COATED_OSMIUM;9902;5;9898;19;;;9908;16;9910;22;;;9905.0;0.0
av_SUGAR_d10;28400;INTARIAN_PEPPER_ROOT;12505;18;12502;22;;;12511;15;12515;15;;;12508.0;0.0
av_SUGAR_d10;28500;ASH_COATED_OSMIUM;9902;19;9899;17;;;9908;14;9910;26;;;9905.0;0.0
av_SUGAR_d10;28500;INTARIAN_PEPPER_ROOT;12502;13;12498;10;;;12508;6;12512;32;;;12505.0;0.0
av_SUGAR_d10;28600;ASH_COATED_OSMIUM;9893;16;9890;21;;;9917;6;9919;19;;;9905.0;0.0
av_SUGAR_d10;28600;INTARIAN_PEPPER_ROOT;12497;20;12493;15;;;12503;6;12507;17;;;12500.0;0.0
av_SUGAR_d10;28700;ASH_COATED_OSMIUM;9902;15;9898;27;;;9908;16;9911;14;;;9905.0;0.0
av_SUGAR_d10;28700;INTARIAN_PEPPER_ROOT;12493;25;12489;16;;;12499;25;12502;23;;;12496.0;0.0
av_SUGAR_d10;28800;ASH_COATED_OSMIUM;9902;18;9899;16;;;9908;9;9911;15;;;9905.0;0.0
av_SUGAR_d10;28800;INTARIAN_PEPPER_ROOT;12489;10;12487;21;;;12495;12;12499;24;;;12492.0;0.0
av_SUGAR_d10;28900;ASH_COATED_OSMIUM;9900;11;9898;15;;;9911;9;9915;21;;;9905.5;0.0
av_SUGAR_d10;28900;INTARIAN_PEPPER_ROOT;12485;21;12482;22;;;12491;16;12495;21;;;12488.0;0.0
av_SUGAR_d10;29000;ASH_COATED_OSMIUM;9899;5;9895;25;;;9911;12;9915;20;;;9905.0;0.0
av_SUGAR_d10;29000;INTARIAN_PEPPER_ROOT;12476;11;12472;19;;;12494;18;12498;18;;;12485.0;0.0
av_SUGAR_d10;29100;ASH_COATED_OSMIUM;9902;20;9899;20;;;9908;22;9911;20;;;9905.0;0.0
av_SUGAR_d10;29100;INTARIAN_PEPPER_ROOT;12477;13;12475;23;;;12485;24;12489;29;;;12481.0;0.0
av_SUGAR_d10;29200;ASH_COATED_OSMIUM;9901;12;9898;13;;;9909;14;9912;23;;;9905.0;0.0
av_SUGAR_d10;29200;INTARIAN_PEPPER_ROOT;12474;13;12472;28;;;12480;10;12483;13;;;12477.0;0.0
av_SUGAR_d10;29300;ASH_COATED_OSMIUM;9902;14;9900;24;;;9908;19;9912;21;;;9905.0;0.0
av_SUGAR_d10;29300;INTARIAN_PEPPER_ROOT;12470;15;12468;16;;;12476;18;12478;16;;;12473.0;0.0
av_SUGAR_d10;29400;ASH_COATED_OSMIUM;9903;18;9899;19;;;9909;15;9912;19;;;9906.0;0.0
av_SUGAR_d10;29400;INTARIAN_PEPPER_ROOT;12460;13;12457;24;;;12476;10;12480;17;;;12468.0;0.0
av_SUGAR_d10;29500;ASH_COATED_OSMIUM;9891;14;9888;24;;;9920;17;9923;18;;;9905.5;0.0
av_SUGAR_d10;29500;INTARIAN_PEPPER_ROOT;12461;16;12457;33;;;12467;13;12470;10;;;12464.0;0.0
av_SUGAR_d10;29600;ASH_COATED_OSMIUM;9902;16;9900;16;;;9908;11;9911;24;;;9905.0;0.0
av_SUGAR_d10;29600;INTARIAN_PEPPER_ROOT;12458;14;12454;19;;;12464;6;12467;19;;;12461.0;0.0
av_SUGAR_d10;29700;ASH_COATED_OSMIUM;9901;11;9899;15;;;9909;15;9912;28;;;9905.0;0.0
av_SUGAR_d10;29700;INTARIAN_PEPPER_ROOT;12453;7;12449;27;;;12459;7;12463;25;;;12456.0;0.0
av_SUGAR_d10;29800;ASH_COATED_OSMIUM;9894;12;9892;26;;;9917;9;9919;8;;;9905.5;0.0
av_SUGAR_d10;29800;INTARIAN_PEPPER_ROOT;12449;13;12446;10;;;12456;12;12460;27;;;12452.5;0.0
av_SUGAR_d10;29900;ASH_COATED_OSMIUM;9903;12;9899;21;;;9909;5;9912;20;;;9906.0;0.0
av_SUGAR_d10;29900;INTARIAN_PEPPER_ROOT;12445;18;12442;15;;;12454;20;12458;23;;;12449.5;0.0
av_SUGAR_d10;30000;ASH_COATED_OSMIUM;9901;5;9898;20;;;9909;16;9912;17;;;9905.0;0.0
av_SUGAR_d10;30000;INTARIAN_PEPPER_ROOT;12441;16;12439;25;;;12448;9;12451;13;;;12444.5;0.0
av_SUGAR_d10;30100;ASH_COATED_OSMIUM;9902;20;9899;32;;;9908;15;9912;10;;;9905.0;0.0
av_SUGAR_d10;30100;INTARIAN_PEPPER_ROOT;12437;23;12434;10;;;12443;20;12447;18;;;12440.0;0.0
av_SUGAR_d10;30200;ASH_COATED_OSMIUM;9901;10;9899;18;;;9911;11;9914;19;;;9906.0;0.0
av_SUGAR_d10;30200;INTARIAN_PEPPER_ROOT;12434;12;12430;12;;;12440;5;12443;19;;;12437.0;0.0
av_SUGAR_d10;30300;ASH_COATED_OSMIUM;9900;12;9896;21;;;9910;9;9913;9;;;9905.0;0.0
av_SUGAR_d10;30300;INTARIAN_PEPPER_ROOT;12429;11;12426;19;;;12437;15;12440;21;;;12433.0;0.0
av_SUGAR_d10;30400;ASH_COATED_OSMIUM;9894;12;9890;17;;;9917;11;9921;15;;;9905.5;0.0
av_SUGAR_d10;30400;INTARIAN_PEPPER_ROOT;12424;6;12420;28;;;12433;13;12437;21;;;12428.5;0.0
av_SUGAR_d10;30500;ASH_COATED_OSMIUM;9902;22;9900;17;;;9908;24;9910;21;;;9905.0;0.0
av_SUGAR_d10;30500;INTARIAN_PEPPER_ROOT;12422;12;12418;14;;;12428;15;12431;16;;;12425.0;0.0
av_SUGAR_d10;30600;ASH_COATED_OSMIUM;9887;7;9884;18;;;9923;11;9926;16;;;9905.0;0.0
av_SUGAR_d10;30600;INTARIAN_PEPPER_ROOT;12418;18;12415;15;;;12424;8;12427;24;;;12421.0;0.0
av_SUGAR_d10;30700;ASH_COATED_OSMIUM;9903;13;9899;26;;;9909;15;9911;26;;;9906.0;0.0
av_SUGAR_d10;30700;INTARIAN_PEPPER_ROOT;12390;19;12386;13;;;12443;16;12446;26;;;12416.5;0.0
av_SUGAR_d10;30800;ASH_COATED_OSMIUM;9897;13;9895;20;;;9914;11;9918;16;;;9905.5;0.0
av_SUGAR_d10;30800;INTARIAN_PEPPER_ROOT;12409;15;12406;19;;;12415;19;12418;19;;;12412.0;0.0
av_SUGAR_d10;30900;ASH_COATED_OSMIUM;9897;15;9893;28;;;9913;25;9915;21;;;9905.0;0.0
av_SUGAR_d10;30900;INTARIAN_PEPPER_ROOT;12402;18;12400;29;;;12415;13;12418;9;;;12408.5;0.0
av_SUGAR_d10;31000;ASH_COATED_OSMIUM;9895;11;9892;21;;;9914;12;9917;21;;;9904.5;0.0
av_SUGAR_d10;31000;INTARIAN_PEPPER_ROOT;12401;15;12399;16;;;12411;20;12414;21;;;12406.0;0.0
av_SUGAR_d10;31100;ASH_COATED_OSMIUM;9891;17;9887;23;;;9920;13;9922;19;;;9905.5;0.0
av_SUGAR_d10;31100;INTARIAN_PEPPER_ROOT;12398;17;12396;27;;;12404;15;12406;21;;;12401.0;0.0
av_SUGAR_d10;31200;ASH_COATED_OSMIUM;9902;16;9899;18;;;9908;15;9912;15;;;9905.0;0.0
av_SUGAR_d10;31200;INTARIAN_PEPPER_ROOT;12394;13;12391;22;;;12401;11;12404;13;;;12397.5;0.0
av_SUGAR_d10;31300;ASH_COATED_OSMIUM;9902;17;9900;17;;;9908;5;9912;17;;;9905.0;0.0
av_SUGAR_d10;31300;INTARIAN_PEPPER_ROOT;12390;16;12388;23;;;12396;18;12400;23;;;12393.0;0.0
av_SUGAR_d10;31400;ASH_COATED_OSMIUM;9902;23;9898;19;;;9908;8;9910;24;;;9905.0;0.0
av_SUGAR_d10;31400;INTARIAN_PEPPER_ROOT;12386;11;12382;14;;;12392;14;12396;28;;;12389.0;0.0
av_SUGAR_d10;31500;ASH_COATED_OSMIUM;9899;24;9895;14;;;9911;18;9914;16;;;9905.0;0.0
av_SUGAR_d10;31500;INTARIAN_PEPPER_ROOT;12382;16;12380;15;;;12388;16;12391;25;;;12385.0;0.0
av_SUGAR_d10;31600;ASH_COATED_OSMIUM;9900;13;9898;17;;;9911;5;9913;17;;;9905.5;0.0
av_SUGAR_d10;31600;INTARIAN_PEPPER_ROOT;12376;20;12374;8;;;12386;16;12390;8;;;12381.0;0.0
av_SUGAR_d10;31700;ASH_COATED_OSMIUM;9887;14;9884;21;;;9924;17;9927;22;;;9905.5;0.0
av_SUGAR_d10;31700;INTARIAN_PEPPER_ROOT;12372;15;12370;27;;;12383;6;12386;13;;;12377.5;0.0
av_SUGAR_d10;31800;ASH_COATED_OSMIUM;9897;14;9894;25;;;9913;14;9915;21;;;9905.0;0.0
av_SUGAR_d10;31800;INTARIAN_PEPPER_ROOT;12370;10;12368;25;;;12376;16;12379;22;;;12373.0;0.0
av_SUGAR_d10;31900;ASH_COATED_OSMIUM;9898;17;9896;14;;;9912;23;9914;21;;;9905.0;0.0
av_SUGAR_d10;31900;INTARIAN_PEPPER_ROOT;12366;21;12364;12;;;12372;8;12375;15;;;12369.0;0.0
av_SUGAR_d10;32000;ASH_COATED_OSMIUM;9902;19;9899;21;;;9908;15;9912;19;;;9905.0;0.0
av_SUGAR_d10;32000;INTARIAN_PEPPER_ROOT;12354;20;12351;20;;;12376;10;12380;24;;;12365.0;0.0
av_SUGAR_d10;32100;ASH_COATED_OSMIUM;9903;12;9899;21;;;9909;22;9911;8;;;9906.0;0.0
av_SUGAR_d10;32100;INTARIAN_PEPPER_ROOT;12359;14;12355;18;;;12365;12;12369;22;;;12362.0;0.0
av_SUGAR_d10;32200;ASH_COATED_OSMIUM;9902;12;9898;17;;;9908;8;9910;29;;;9905.0;0.0
av_SUGAR_d10;32200;INTARIAN_PEPPER_ROOT;12355;13;12353;19;;;12361;14;12363;17;;;12358.0;0.0
av_SUGAR_d10;32300;ASH_COATED_OSMIUM;9901;26;9899;26;;;9909;11;9913;21;;;9905.0;0.0
av_SUGAR_d10;32300;INTARIAN_PEPPER_ROOT;12351;20;12348;18;;;12357;20;12361;28;;;12354.0;0.0
av_SUGAR_d10;32400;ASH_COATED_OSMIUM;9902;11;9900;18;;;9908;10;9910;22;;;9905.0;0.0
av_SUGAR_d10;32400;INTARIAN_PEPPER_ROOT;12340;12;12336;32;;;12360;9;12362;27;;;12350.0;0.0
av_SUGAR_d10;32500;ASH_COATED_OSMIUM;9902;17;9899;13;;;9908;8;9910;29;;;9905.0;0.0
av_SUGAR_d10;32500;INTARIAN_PEPPER_ROOT;12341;13;12337;24;;;12349;17;12353;27;;;12345.0;0.0
av_SUGAR_d10;32600;ASH_COATED_OSMIUM;9892;22;9888;20;;;9916;11;9920;24;;;9904.0;0.0
av_SUGAR_d10;32600;INTARIAN_PEPPER_ROOT;12339;21;12335;19;;;12345;17;12349;11;;;12342.0;0.0
av_SUGAR_d10;32700;ASH_COATED_OSMIUM;9895;9;9893;16;;;9915;23;9917;20;;;9905.0;0.0
av_SUGAR_d10;32700;INTARIAN_PEPPER_ROOT;12335;16;12333;19;;;12341;14;12343;33;;;12338.0;0.0
av_SUGAR_d10;32800;ASH_COATED_OSMIUM;9902;23;9898;15;;;9908;15;9911;24;;;9905.0;0.0
av_SUGAR_d10;32800;INTARIAN_PEPPER_ROOT;12331;10;12328;20;;;12337;6;12339;24;;;12334.0;0.0
av_SUGAR_d10;32900;ASH_COATED_OSMIUM;9903;14;9900;17;;;9909;23;9912;14;;;9906.0;0.0
av_SUGAR_d10;32900;INTARIAN_PEPPER_ROOT;12322;10;12319;16;;;12338;25;12342;15;;;12330.0;0.0
av_SUGAR_d10;33000;ASH_COATED_OSMIUM;9902;14;9900;16;;;9908;15;9910;21;;;9905.0;0.0
av_SUGAR_d10;33000;INTARIAN_PEPPER_ROOT;12323;24;12321;26;;;12329;16;12333;21;;;12326.0;0.0
av_SUGAR_d10;33100;ASH_COATED_OSMIUM;9902;15;9900;18;;;9908;12;9910;15;;;9905.0;0.0
av_SUGAR_d10;33100;INTARIAN_PEPPER_ROOT;12315;17;12312;21;;;12330;16;12332;15;;;12322.5;0.0
av_SUGAR_d10;33200;ASH_COATED_OSMIUM;9902;9;9900;18;;;9908;8;9912;18;;;9905.0;0.0
av_SUGAR_d10;33200;INTARIAN_PEPPER_ROOT;12315;20;12312;27;;;12321;12;12325;25;;;12318.0;0.0
av_SUGAR_d10;33300;ASH_COATED_OSMIUM;9903;16;9899;17;;;9909;24;9913;24;;;9906.0;0.0
av_SUGAR_d10;33300;INTARIAN_PEPPER_ROOT;12311;14;12308;20;;;12317;13;12320;20;;;12314.0;0.0
av_SUGAR_d10;33400;ASH_COATED_OSMIUM;9902;9;9898;11;;;9908;17;9912;19;;;9905.0;0.0
av_SUGAR_d10;33400;INTARIAN_PEPPER_ROOT;12307;12;12303;14;;;12313;20;12315;22;;;12310.0;0.0
av_SUGAR_d10;33500;ASH_COATED_OSMIUM;9900;15;9897;16;;;9910;13;9914;21;;;9905.0;0.0
av_SUGAR_d10;33500;INTARIAN_PEPPER_ROOT;12303;20;12301;23;;;12310;9;12312;23;;;12306.5;0.0
av_SUGAR_d10;33600;ASH_COATED_OSMIUM;9902;14;9899;26;;;9908;7;9911;17;;;9905.0;0.0
av_SUGAR_d10;33600;INTARIAN_PEPPER_ROOT;12299;23;12297;8;;;12306;25;12309;19;;;12302.5;0.0
av_SUGAR_d10;33700;ASH_COATED_OSMIUM;9898;15;9896;8;;;9911;20;9915;28;;;9904.5;0.0
av_SUGAR_d10;33700;INTARIAN_PEPPER_ROOT;12296;11;12292;14;;;12302;16;12305;15;;;12299.0;0.0
av_SUGAR_d10;33800;ASH_COATED_OSMIUM;9902;18;9898;30;;;9908;10;9911;13;;;9905.0;0.0
av_SUGAR_d10;33800;INTARIAN_PEPPER_ROOT;12291;17;12288;22;;;12297;15;12301;27;;;12294.0;0.0
av_SUGAR_d10;33900;ASH_COATED_OSMIUM;9894;12;9891;17;;;9915;14;9918;23;;;9904.5;0.0
av_SUGAR_d10;33900;INTARIAN_PEPPER_ROOT;12287;10;12285;28;;;12293;22;12295;23;;;12290.0;0.0
av_SUGAR_d10;34000;ASH_COATED_OSMIUM;9902;20;9898;26;;;9908;18;9910;11;;;9905.0;0.0
av_SUGAR_d10;34000;INTARIAN_PEPPER_ROOT;12284;16;12281;16;;;12290;10;12293;12;;;12287.0;0.0
av_SUGAR_d10;34100;ASH_COATED_OSMIUM;9896;14;9893;19;;;9915;14;9919;22;;;9905.5;0.0
av_SUGAR_d10;34100;INTARIAN_PEPPER_ROOT;12280;19;12276;18;;;12289;20;12293;18;;;12284.5;0.0
av_SUGAR_d10;34200;ASH_COATED_OSMIUM;9902;13;9900;16;;;9908;15;9912;12;;;9905.0;0.0
av_SUGAR_d10;34200;INTARIAN_PEPPER_ROOT;12275;13;12273;19;;;12287;20;12290;21;;;12281.0;0.0
av_SUGAR_d10;34300;ASH_COATED_OSMIUM;9902;5;9900;14;;;9908;14;9911;15;;;9905.0;0.0
av_SUGAR_d10;34300;INTARIAN_PEPPER_ROOT;12268;25;12266;20;;;12289;14;12293;16;;;12278.5;0.0
av_SUGAR_d10;34400;ASH_COATED_OSMIUM;9902;15;9898;14;;;9908;17;9912;21;;;9905.0;0.0
av_SUGAR_d10;34400;INTARIAN_PEPPER_ROOT;12273;12;12269;16;;;12279;17;12281;22;;;12276.0;0.0
av_SUGAR_d10;34500;ASH_COATED_OSMIUM;9902;11;9899;31;;;9908;17;9912;20;;;9905.0;0.0
av_SUGAR_d10;34500;INTARIAN_PEPPER_ROOT;12268;10;12264;24;;;12277;18;12279;20;;;12272.5;0.0
av_SUGAR_d10;34600;ASH_COATED_OSMIUM;9902;15;9899;21;;;9908;24;9911;20;;;9905.0;0.0
av_SUGAR_d10;34600;INTARIAN_PEPPER_ROOT;12264;8;12261;30;;;12276;10;12278;26;;;12270.0;0.0
av_SUGAR_d10;34700;ASH_COATED_OSMIUM;9902;23;9899;21;;;9908;10;9911;23;;;9905.0;0.0
av_SUGAR_d10;34700;INTARIAN_PEPPER_ROOT;12257;15;12254;19;;;12277;17;12279;17;;;12267.0;0.0
av_SUGAR_d10;34800;ASH_COATED_OSMIUM;9901;12;9897;26;;;9909;5;9913;20;;;9905.0;0.0
av_SUGAR_d10;34800;INTARIAN_PEPPER_ROOT;12261;15;12259;18;;;12267;18;12271;20;;;12264.0;0.0
av_SUGAR_d10;34900;ASH_COATED_OSMIUM;9903;13;9901;17;;;9909;10;9912;20;;;9906.0;0.0
av_SUGAR_d10;34900;INTARIAN_PEPPER_ROOT;12257;17;12254;20;;;12263;13;12265;13;;;12260.0;0.0
av_SUGAR_d10;35000;ASH_COATED_OSMIUM;9903;13;9899;20;;;9909;11;9913;22;;;9906.0;0.0
av_SUGAR_d10;35000;INTARIAN_PEPPER_ROOT;12255;16;12253;14;;;12261;18;12263;21;;;12258.0;0.0
av_SUGAR_d10;35100;ASH_COATED_OSMIUM;9897;9;9893;19;;;9915;16;9917;14;;;9906.0;0.0
av_SUGAR_d10;35100;INTARIAN_PEPPER_ROOT;12252;18;12249;20;;;12258;17;12261;27;;;12255.0;0.0
av_SUGAR_d10;35200;ASH_COATED_OSMIUM;9902;15;9899;22;;;9908;18;9912;22;;;9905.0;0.0
av_SUGAR_d10;35200;INTARIAN_PEPPER_ROOT;12249;11;12247;17;;;12255;23;12259;28;;;12252.0;0.0
av_SUGAR_d10;35300;ASH_COATED_OSMIUM;9902;23;9900;17;;;9908;18;9910;18;;;9905.0;0.0
av_SUGAR_d10;35300;INTARIAN_PEPPER_ROOT;12246;10;12244;17;;;12252;12;12254;23;;;12249.0;0.0
av_SUGAR_d10;35400;ASH_COATED_OSMIUM;9901;8;9899;19;;;9909;15;9911;22;;;9905.0;0.0
av_SUGAR_d10;35400;INTARIAN_PEPPER_ROOT;12243;20;12239;20;;;12249;18;12251;16;;;12246.0;0.0
av_SUGAR_d10;35500;ASH_COATED_OSMIUM;9900;19;9896;21;;;9912;10;9914;17;;;9906.0;0.0
av_SUGAR_d10;35500;INTARIAN_PEPPER_ROOT;12233;17;12230;21;;;12254;16;12258;18;;;12243.5;0.0
av_SUGAR_d10;35600;ASH_COATED_OSMIUM;9902;8;9898;22;;;9908;17;9912;23;;;9905.0;0.0
av_SUGAR_d10;35600;INTARIAN_PEPPER_ROOT;12237;15;12235;21;;;12243;11;12245;14;;;12240.0;0.0
av_SUGAR_d10;35700;ASH_COATED_OSMIUM;9902;16;9899;25;;;9908;7;9912;26;;;9905.0;0.0
av_SUGAR_d10;35700;INTARIAN_PEPPER_ROOT;12231;16;12227;17;;;12244;11;12246;21;;;12237.5;0.0
av_SUGAR_d10;35800;ASH_COATED_OSMIUM;9898;17;9895;16;;;9914;9;9918;17;;;9906.0;0.0
av_SUGAR_d10;35800;INTARIAN_PEPPER_ROOT;12225;19;12222;17;;;12244;9;12248;16;;;12234.5;0.0
av_SUGAR_d10;35900;ASH_COATED_OSMIUM;9903;23;9899;11;;;9909;16;9913;17;;;9906.0;0.0
av_SUGAR_d10;35900;INTARIAN_PEPPER_ROOT;12228;16;12226;16;;;12234;17;12236;21;;;12231.0;0.0
av_SUGAR_d10;36000;ASH_COATED_OSMIUM;9902;10;9899;21;;;9908;16;9911;22;;;9905.0;0.0
av_SUGAR_d10;36000;INTARIAN_PEPPER_ROOT;12226;23;12222;22;;;12232;17;12234;19;;;12229.0;0.0
av_SUGAR_d10;36100;ASH_COATED_OSMIUM;9900;12;9897;24;;;9911;17;9913;26;;;9905.5;0.0
av_SUGAR_d10;36100;INTARIAN_PEPPER_ROOT;12223;12;12220;19;;;12229;7;12233;14;;;12226.0;0.0
av_SUGAR_d10;36200;ASH_COATED_OSMIUM;9901;19;9898;22;;;9910;15;9913;24;;;9905.5;0.0
av_SUGAR_d10;36200;INTARIAN_PEPPER_ROOT;12220;17;12217;13;;;12226;13;12230;25;;;12223.0;0.0
av_SUGAR_d10;36300;ASH_COATED_OSMIUM;9902;8;9900;17;;;9909;16;9912;16;;;9905.5;0.0
av_SUGAR_d10;36300;INTARIAN_PEPPER_ROOT;12217;25;12214;18;;;12223;8;12226;18;;;12220.0;0.0
av_SUGAR_d10;36400;ASH_COATED_OSMIUM;9903;22;9901;24;;;9909;14;9912;20;;;9906.0;0.0
av_SUGAR_d10;36400;INTARIAN_PEPPER_ROOT;12214;18;12212;16;;;12220;21;12222;20;;;12217.0;0.0
av_SUGAR_d10;36500;ASH_COATED_OSMIUM;9902;17;9898;29;;;9909;15;9912;27;;;9905.5;0.0
av_SUGAR_d10;36500;INTARIAN_PEPPER_ROOT;12211;12;12209;21;;;12217;15;12219;22;;;12214.0;0.0
av_SUGAR_d10;36600;ASH_COATED_OSMIUM;9903;7;9900;19;;;9909;14;9912;21;;;9906.0;0.0
av_SUGAR_d10;36600;INTARIAN_PEPPER_ROOT;12208;17;12204;16;;;12214;15;12218;13;;;12211.0;0.0
av_SUGAR_d10;36700;ASH_COATED_OSMIUM;9903;21;9899;20;;;9909;5;9911;15;;;9906.0;0.0
av_SUGAR_d10;36700;INTARIAN_PEPPER_ROOT;12205;17;12203;24;;;12211;19;12213;21;;;12208.0;0.0
av_SUGAR_d10;36800;ASH_COATED_OSMIUM;9902;22;9900;19;;;9908;19;9911;14;;;9905.0;0.0
av_SUGAR_d10;36800;INTARIAN_PEPPER_ROOT;12202;15;12198;20;;;12208;11;12212;25;;;12205.0;0.0
av_SUGAR_d10;36900;ASH_COATED_OSMIUM;9901;27;9897;28;;;9911;15;9914;14;;;9906.0;0.0
av_SUGAR_d10;36900;INTARIAN_PEPPER_ROOT;12199;7;12195;22;;;12205;22;12209;25;;;12202.0;0.0
av_SUGAR_d10;37000;ASH_COATED_OSMIUM;9900;12;9898;16;;;9911;14;9914;27;;;9905.5;0.0
av_SUGAR_d10;37000;INTARIAN_PEPPER_ROOT;12195;12;12191;21;;;12201;14;12203;22;;;12198.0;0.0
av_SUGAR_d10;37100;ASH_COATED_OSMIUM;9903;17;9900;28;;;9909;13;9912;28;;;9906.0;0.0
av_SUGAR_d10;37100;INTARIAN_PEPPER_ROOT;12190;16;12187;11;;;12201;19;12205;16;;;12195.5;0.0
av_SUGAR_d10;37200;ASH_COATED_OSMIUM;9902;22;9899;19;;;9910;13;9912;15;;;9906.0;0.0
av_SUGAR_d10;37200;INTARIAN_PEPPER_ROOT;12190;11;12188;19;;;12196;12;12199;26;;;12193.0;0.0
av_SUGAR_d10;37300;ASH_COATED_OSMIUM;9902;21;9898;23;;;9908;19;9910;18;;;9905.0;0.0
av_SUGAR_d10;37300;INTARIAN_PEPPER_ROOT;12187;5;12185;17;;;12193;9;12197;26;;;12190.0;0.0
av_SUGAR_d10;37400;ASH_COATED_OSMIUM;9903;18;9901;22;;;9909;15;9912;13;;;9906.0;0.0
av_SUGAR_d10;37400;INTARIAN_PEPPER_ROOT;12185;21;12182;21;;;12191;20;12193;18;;;12188.0;0.0
av_SUGAR_d10;37500;ASH_COATED_OSMIUM;9903;16;9899;23;;;9909;22;9912;19;;;9906.0;0.0
av_SUGAR_d10;37500;INTARIAN_PEPPER_ROOT;12181;19;12179;14;;;12188;13;12190;29;;;12184.5;0.0
av_SUGAR_d10;37600;ASH_COATED_OSMIUM;9903;15;9900;15;;;9909;7;9911;24;;;9906.0;0.0
av_SUGAR_d10;37600;INTARIAN_PEPPER_ROOT;12164;15;12160;18;;;12198;16;12200;17;;;12181.0;0.0
av_SUGAR_d10;37700;ASH_COATED_OSMIUM;9903;16;9901;23;;;9909;15;9912;21;;;9906.0;0.0
av_SUGAR_d10;37700;INTARIAN_PEPPER_ROOT;12176;21;12172;18;;;12182;14;12184;11;;;12179.0;0.0
av_SUGAR_d10;37800;ASH_COATED_OSMIUM;9903;8;9901;8;;;9909;14;9913;18;;;9906.0;0.0
av_SUGAR_d10;37800;INTARIAN_PEPPER_ROOT;12173;11;12170;21;;;12179;6;12183;16;;;12176.0;0.0
av_SUGAR_d10;37900;ASH_COATED_OSMIUM;9902;16;9898;17;;;9911;23;9913;15;;;9906.5;0.0
av_SUGAR_d10;37900;INTARIAN_PEPPER_ROOT;12169;16;12166;22;;;12175;24;12177;13;;;12172.0;0.0
av_SUGAR_d10;38000;ASH_COATED_OSMIUM;9903;16;9900;18;;;9909;14;9911;18;;;9906.0;0.0
av_SUGAR_d10;38000;INTARIAN_PEPPER_ROOT;12167;6;12165;19;;;12173;13;12177;26;;;12170.0;0.0
av_SUGAR_d10;38100;ASH_COATED_OSMIUM;9897;10;9895;23;;;9914;9;9918;22;;;9905.5;0.0
av_SUGAR_d10;38100;INTARIAN_PEPPER_ROOT;12162;24;12159;20;;;12172;17;12175;23;;;12167.0;0.0
av_SUGAR_d10;38200;ASH_COATED_OSMIUM;9902;15;9899;24;;;9910;27;9912;18;;;9906.0;0.0
av_SUGAR_d10;38200;INTARIAN_PEPPER_ROOT;12161;12;12159;30;;;12167;11;12171;26;;;12164.0;0.0
av_SUGAR_d10;38300;ASH_COATED_OSMIUM;9900;14;9898;27;;;9912;15;9915;20;;;9906.0;0.0
av_SUGAR_d10;38300;INTARIAN_PEPPER_ROOT;12156;16;12153;24;;;12165;7;12168;8;;;12160.5;0.0
av_SUGAR_d10;38400;ASH_COATED_OSMIUM;9901;5;9898;26;;;9910;16;9913;17;;;9905.5;0.0
av_SUGAR_d10;38400;INTARIAN_PEPPER_ROOT;12151;14;12147;14;;;12165;12;12168;17;;;12158.0;0.0
av_SUGAR_d10;38500;ASH_COATED_OSMIUM;9899;22;9897;23;;;9913;18;9917;16;;;9906.0;0.0
av_SUGAR_d10;38500;INTARIAN_PEPPER_ROOT;12147;14;12144;16;;;12163;26;12165;12;;;12155.0;0.0
av_SUGAR_d10;38600;ASH_COATED_OSMIUM;9902;8;9898;12;;;9910;13;9912;19;;;9906.0;0.0
av_SUGAR_d10;38600;INTARIAN_PEPPER_ROOT;12149;18;12146;24;;;12155;12;12159;21;;;12152.0;0.0
av_SUGAR_d10;38700;ASH_COATED_OSMIUM;9901;16;9899;20;;;9910;15;9912;17;;;9905.5;0.0
av_SUGAR_d10;38700;INTARIAN_PEPPER_ROOT;12145;20;12141;20;;;12154;19;12157;21;;;12149.5;0.0
av_SUGAR_d10;38800;ASH_COATED_OSMIUM;9891;12;9888;18;;;9920;15;9922;29;;;9905.5;0.0
av_SUGAR_d10;38800;INTARIAN_PEPPER_ROOT;12143;15;12141;26;;;12149;10;12151;20;;;12146.0;0.0
av_SUGAR_d10;38900;ASH_COATED_OSMIUM;9903;16;9900;23;;;9909;10;9913;20;;;9906.0;0.0
av_SUGAR_d10;38900;INTARIAN_PEPPER_ROOT;12140;20;12137;17;;;12146;15;12148;19;;;12143.0;0.0
av_SUGAR_d10;39000;ASH_COATED_OSMIUM;9902;10;9900;21;;;9909;10;9911;24;;;9905.5;0.0
av_SUGAR_d10;39000;INTARIAN_PEPPER_ROOT;12137;19;12133;23;;;12143;12;12146;21;;;12140.0;0.0
av_SUGAR_d10;39100;ASH_COATED_OSMIUM;9902;9;9898;18;;;9910;5;9912;19;;;9906.0;0.0
av_SUGAR_d10;39100;INTARIAN_PEPPER_ROOT;12135;17;12133;17;;;12141;7;12143;22;;;12138.0;0.0
av_SUGAR_d10;39200;ASH_COATED_OSMIUM;9898;19;9896;22;;;9914;10;9918;13;;;9906.0;0.0
av_SUGAR_d10;39200;INTARIAN_PEPPER_ROOT;12132;10;12128;18;;;12138;15;12141;23;;;12135.0;0.0
av_SUGAR_d10;39300;ASH_COATED_OSMIUM;9904;16;9900;22;;;9910;22;9912;11;;;9907.0;0.0
av_SUGAR_d10;39300;INTARIAN_PEPPER_ROOT;12129;14;12125;21;;;12135;16;12138;19;;;12132.0;0.0
av_SUGAR_d10;39400;ASH_COATED_OSMIUM;9899;15;9896;17;;;9913;9;9917;19;;;9906.0;0.0
av_SUGAR_d10;39400;INTARIAN_PEPPER_ROOT;12126;15;12124;17;;;12132;19;12135;22;;;12129.0;0.0
av_SUGAR_d10;39500;ASH_COATED_OSMIUM;9894;14;9891;11;;;9919;16;9923;16;;;9906.5;0.0
av_SUGAR_d10;39500;INTARIAN_PEPPER_ROOT;12122;18;12118;17;;;12128;12;12132;18;;;12125.0;0.0
av_SUGAR_d10;39600;ASH_COATED_OSMIUM;9904;18;9900;20;;;9910;24;9912;15;;;9907.0;0.0
av_SUGAR_d10;39600;INTARIAN_PEPPER_ROOT;12114;15;12110;20;;;12130;10;12133;17;;;12122.0;0.0
av_SUGAR_d10;39700;ASH_COATED_OSMIUM;9903;15;9901;31;;;9909;13;9911;27;;;9906.0;0.0
av_SUGAR_d10;39700;INTARIAN_PEPPER_ROOT;12117;16;12113;9;;;12123;18;12125;15;;;12120.0;0.0
av_SUGAR_d10;39800;ASH_COATED_OSMIUM;9902;13;9898;25;;;9911;11;9914;19;;;9906.5;0.0
av_SUGAR_d10;39800;INTARIAN_PEPPER_ROOT;12114;22;12110;15;;;12120;19;12123;13;;;12117.0;0.0
av_SUGAR_d10;39900;ASH_COATED_OSMIUM;9897;16;9895;21;;;9915;11;9917;17;;;9906.0;0.0
av_SUGAR_d10;39900;INTARIAN_PEPPER_ROOT;12110;22;12106;9;;;12116;10;12120;13;;;12113.0;0.0
av_SUGAR_d10;40000;ASH_COATED_OSMIUM;9903;10;9899;13;;;9909;13;9913;26;;;9906.0;0.0
av_SUGAR_d10;40000;INTARIAN_PEPPER_ROOT;12101;12;12097;25;;;12121;11;12124;12;;;12111.0;0.0
av_SUGAR_d10;40100;ASH_COATED_OSMIUM;9901;15;9898;14;;;9913;11;9916;25;;;9907.0;0.0
av_SUGAR_d10;40100;INTARIAN_PEPPER_ROOT;12105;20;12101;20;;;12111;14;12114;11;;;12108.0;0.0
av_SUGAR_d10;40200;ASH_COATED_OSMIUM;9903;16;9900;27;;;9909;18;9913;23;;;9906.0;0.0
av_SUGAR_d10;40200;INTARIAN_PEPPER_ROOT;12102;19;12098;24;;;12109;16;12111;23;;;12105.5;0.0
av_SUGAR_d10;40300;ASH_COATED_OSMIUM;9904;18;9902;23;;;9910;18;9913;26;;;9907.0;0.0
av_SUGAR_d10;40300;INTARIAN_PEPPER_ROOT;12095;15;12093;17;;;12109;8;12111;14;;;12102.0;0.0
av_SUGAR_d10;40400;ASH_COATED_OSMIUM;9894;5;9890;23;;;9917;13;9919;26;;;9905.5;0.0
av_SUGAR_d10;40400;INTARIAN_PEPPER_ROOT;12097;9;12095;20;;;12103;11;12107;28;;;12100.0;0.0
av_SUGAR_d10;40500;ASH_COATED_OSMIUM;9900;16;9897;19;;;9912;8;9914;21;;;9906.0;0.0
av_SUGAR_d10;40500;INTARIAN_PEPPER_ROOT;12090;13;12086;10;;;12101;17;12103;10;;;12095.5;0.0
av_SUGAR_d10;40600;ASH_COATED_OSMIUM;9903;14;9899;11;;;9911;14;9913;22;;;9907.0;0.0
av_SUGAR_d10;40600;INTARIAN_PEPPER_ROOT;12082;14;12079;24;;;12105;17;12109;19;;;12093.5;0.0
av_SUGAR_d10;40700;ASH_COATED_OSMIUM;9903;12;9899;16;;;9909;18;9913;14;;;9906.0;0.0
av_SUGAR_d10;40700;INTARIAN_PEPPER_ROOT;12079;5;12075;17;;;12101;10;12105;24;;;12090.0;0.0
av_SUGAR_d10;40800;ASH_COATED_OSMIUM;9904;10;9900;24;;;9910;22;9912;8;;;9907.0;0.0
av_SUGAR_d10;40800;INTARIAN_PEPPER_ROOT;12085;13;12083;14;;;12091;13;12094;22;;;12088.0;0.0
av_SUGAR_d10;40900;ASH_COATED_OSMIUM;9902;27;9898;11;;;9911;16;9915;8;;;9906.5;0.0
av_SUGAR_d10;40900;INTARIAN_PEPPER_ROOT;12082;9;12079;21;;;12088;8;12092;18;;;12085.0;0.0
av_SUGAR_d10;41000;ASH_COATED_OSMIUM;9899;15;9895;20;;;9913;5;9915;24;;;9906.0;0.0
av_SUGAR_d10;41000;INTARIAN_PEPPER_ROOT;12078;19;12075;24;;;12084;23;12086;28;;;12081.0;0.0
av_SUGAR_d10;41100;ASH_COATED_OSMIUM;9904;15;9902;19;;;9910;7;9913;15;;;9907.0;0.0
av_SUGAR_d10;41100;INTARIAN_PEPPER_ROOT;12074;10;12070;25;;;12083;22;12086;16;;;12078.5;0.0
av_SUGAR_d10;41200;ASH_COATED_OSMIUM;9900;20;9897;22;;;9913;18;9915;8;;;9906.5;0.0
av_SUGAR_d10;41200;INTARIAN_PEPPER_ROOT;12073;14;12071;21;;;12079;18;12083;19;;;12076.0;0.0
av_SUGAR_d10;41300;ASH_COATED_OSMIUM;9903;16;9900;22;;;9909;13;9912;14;;;9906.0;0.0
av_SUGAR_d10;41300;INTARIAN_PEPPER_ROOT;12070;14;12067;25;;;12076;13;12078;25;;;12073.0;0.0
av_SUGAR_d10;41400;ASH_COATED_OSMIUM;9904;15;9900;17;;;9910;18;9913;16;;;9907.0;0.0
av_SUGAR_d10;41400;INTARIAN_PEPPER_ROOT;12064;14;12060;21;;;12074;8;12077;18;;;12069.0;0.0
av_SUGAR_d10;41500;ASH_COATED_OSMIUM;9902;12;9898;22;;;9911;6;9913;21;;;9906.5;0.0
av_SUGAR_d10;41500;INTARIAN_PEPPER_ROOT;12063;8;12061;18;;;12070;6;12073;35;;;12066.5;0.0
av_SUGAR_d10;41600;ASH_COATED_OSMIUM;9903;15;9899;24;;;9909;11;9911;22;;;9906.0;0.0
av_SUGAR_d10;41600;INTARIAN_PEPPER_ROOT;12057;12;12053;26;;;12070;5;12074;21;;;12063.5;0.0
av_SUGAR_d10;41700;ASH_COATED_OSMIUM;9903;11;9901;18;;;9909;9;9912;23;;;9906.0;0.0
av_SUGAR_d10;41700;INTARIAN_PEPPER_ROOT;12050;18;12046;25;;;12072;15;12074;19;;;12061.0;0.0
av_SUGAR_d10;41800;ASH_COATED_OSMIUM;9904;22;9900;22;;;9910;19;9914;11;;;9907.0;0.0
av_SUGAR_d10;41800;INTARIAN_PEPPER_ROOT;12052;21;12048;25;;;12062;16;12065;13;;;12057.0;0.0
av_SUGAR_d10;41900;ASH_COATED_OSMIUM;9904;21;9902;19;;;9910;23;9913;20;;;9907.0;0.0
av_SUGAR_d10;41900;INTARIAN_PEPPER_ROOT;12051;13;12047;12;;;12058;15;12060;20;;;12054.5;0.0
av_SUGAR_d10;42000;ASH_COATED_OSMIUM;9900;17;9896;12;;;9912;8;9915;28;;;9906.0;0.0
av_SUGAR_d10;42000;INTARIAN_PEPPER_ROOT;12049;14;12046;21;;;12055;10;12059;14;;;12052.0;0.0
av_SUGAR_d10;42100;ASH_COATED_OSMIUM;9903;5;9900;25;;;9910;14;9914;19;;;9906.5;0.0
av_SUGAR_d10;42100;INTARIAN_PEPPER_ROOT;12046;14;12044;14;;;12052;26;12055;21;;;12049.0;0.0
av_SUGAR_d10;42200;ASH_COATED_OSMIUM;9903;18;9901;16;;;9909;24;9911;18;;;9906.0;0.0
av_SUGAR_d10;42200;INTARIAN_PEPPER_ROOT;12043;17;12040;19;;;12049;18;12051;25;;;12046.0;0.0
av_SUGAR_d10;42300;ASH_COATED_OSMIUM;9904;9;9902;25;;;9910;16;9913;29;;;9907.0;0.0
av_SUGAR_d10;42300;INTARIAN_PEPPER_ROOT;12038;16;12035;15;;;12047;13;12051;21;;;12042.5;0.0
av_SUGAR_d10;42400;ASH_COATED_OSMIUM;9904;10;9900;24;;;9910;23;9913;18;;;9907.0;0.0
av_SUGAR_d10;42400;INTARIAN_PEPPER_ROOT;12037;25;12034;18;;;12043;5;12045;15;;;12040.0;0.0
av_SUGAR_d10;42500;ASH_COATED_OSMIUM;9904;18;9901;26;;;9910;22;9912;18;;;9907.0;0.0
av_SUGAR_d10;42500;INTARIAN_PEPPER_ROOT;12034;10;12032;27;;;12040;5;12042;17;;;12037.0;0.0
av_SUGAR_d10;42600;ASH_COATED_OSMIUM;9904;16;9900;21;;;9910;6;9912;21;;;9907.0;0.0
av_SUGAR_d10;42600;INTARIAN_PEPPER_ROOT;12031;13;12028;18;;;12037;14;12040;14;;;12034.0;0.0
av_SUGAR_d10;42700;ASH_COATED_OSMIUM;9904;20;9901;23;;;9910;13;9913;17;;;9907.0;0.0
av_SUGAR_d10;42700;INTARIAN_PEPPER_ROOT;12029;15;12025;15;;;12035;13;12038;19;;;12032.0;0.0
av_SUGAR_d10;42800;ASH_COATED_OSMIUM;9900;19;9898;17;;;9913;13;9915;29;;;9906.5;0.0
av_SUGAR_d10;42800;INTARIAN_PEPPER_ROOT;12025;14;12021;19;;;12031;20;12033;22;;;12028.0;0.0
av_SUGAR_d10;42900;ASH_COATED_OSMIUM;9904;17;9901;21;;;9910;7;9912;25;;;9907.0;0.0
av_SUGAR_d10;42900;INTARIAN_PEPPER_ROOT;12023;8;12019;20;;;12029;17;12033;20;;;12026.0;0.0
av_SUGAR_d10;43000;ASH_COATED_OSMIUM;9904;12;9902;18;;;9910;22;9914;18;;;9907.0;0.0
av_SUGAR_d10;43000;INTARIAN_PEPPER_ROOT;12019;17;12016;10;;;12025;16;12029;10;;;12022.0;0.0
av_SUGAR_d10;43100;ASH_COATED_OSMIUM;9904;15;9901;24;;;9910;16;9913;23;;;9907.0;0.0
av_SUGAR_d10;43100;INTARIAN_PEPPER_ROOT;12014;9;12010;18;;;12026;19;12028;27;;;12020.0;0.0
av_SUGAR_d10;43200;ASH_COATED_OSMIUM;9904;11;9902;15;;;9910;10;9912;18;;;9907.0;0.0
av_SUGAR_d10;43200;INTARIAN_PEPPER_ROOT;12014;10;12011;26;;;12020;18;12023;18;;;12017.0;0.0
av_SUGAR_d10;43300;ASH_COATED_OSMIUM;9904;19;9901;20;;;9910;15;9913;18;;;9907.0;0.0
av_SUGAR_d10;43300;INTARIAN_PEPPER_ROOT;12007;10;12003;12;;;12019;14;12023;18;;;12013.0;0.0
av_SUGAR_d10;43400;ASH_COATED_OSMIUM;9903;16;9899;17;;;9911;17;9915;16;;;9907.0;0.0
av_SUGAR_d10;43400;INTARIAN_PEPPER_ROOT;12008;17;12004;16;;;12014;8;12017;9;;;12011.0;0.0
av_SUGAR_d10;43500;ASH_COATED_OSMIUM;9904;8;9900;14;;;9910;14;9912;11;;;9907.0;0.0
av_SUGAR_d10;43500;INTARIAN_PEPPER_ROOT;12005;8;12002;16;;;12012;5;12014;25;;;12008.5;0.0
av_SUGAR_d10;43600;ASH_COATED_OSMIUM;9904;11;9900;26;;;9910;10;9912;19;;;9907.0;0.0
av_SUGAR_d10;43600;INTARIAN_PEPPER_ROOT;12002;12;11999;13;;;12008;14;12011;20;;;12005.0;0.0
av_SUGAR_d10;43700;ASH_COATED_OSMIUM;9904;12;9900;15;;;9910;10;9912;27;;;9907.0;0.0
av_SUGAR_d10;43700;INTARIAN_PEPPER_ROOT;11999;16;11996;25;;;12005;13;12008;21;;;12002.0;0.0
av_SUGAR_d10;43800;ASH_COATED_OSMIUM;9903;19;9901;21;;;9911;17;9915;17;;;9907.0;0.0
av_SUGAR_d10;43800;INTARIAN_PEPPER_ROOT;11996;16;11994;17;;;12002;21;12006;26;;;11999.0;0.0
av_SUGAR_d10;43900;ASH_COATED_OSMIUM;9903;10;9900;21;;;9911;15;9915;14;;;9907.0;0.0
av_SUGAR_d10;43900;INTARIAN_PEPPER_ROOT;11991;17;11989;9;;;12001;12;12004;24;;;11996.0;0.0
av_SUGAR_d10;44000;ASH_COATED_OSMIUM;9904;22;9900;23;;;9910;16;9913;17;;;9907.0;0.0
av_SUGAR_d10;44000;INTARIAN_PEPPER_ROOT;11990;9;11988;21;;;11996;17;12000;10;;;11993.0;0.0
av_SUGAR_d10;44100;ASH_COATED_OSMIUM;9905;14;9903;18;;;9911;24;9914;14;;;9908.0;0.0
av_SUGAR_d10;44100;INTARIAN_PEPPER_ROOT;11987;23;11984;17;;;11993;17;11997;21;;;11990.0;0.0
av_SUGAR_d10;44200;ASH_COATED_OSMIUM;9905;21;9901;19;;;9911;10;9915;23;;;9908.0;0.0
av_SUGAR_d10;44200;INTARIAN_PEPPER_ROOT;11984;26;11980;18;;;11990;11;11994;19;;;11987.0;0.0
av_SUGAR_d10;44300;ASH_COATED_OSMIUM;9904;22;9901;23;;;9910;14;9912;12;;;9907.0;0.0
av_SUGAR_d10;44300;INTARIAN_PEPPER_ROOT;11980;10;11978;21;;;11988;20;11990;11;;;11984.0;0.0
av_SUGAR_d10;44400;ASH_COATED_OSMIUM;9904;16;9902;15;;;9910;15;9914;14;;;9907.0;0.0
av_SUGAR_d10;44400;INTARIAN_PEPPER_ROOT;11978;8;11976;23;;;11984;9;11988;22;;;11981.0;0.0
av_SUGAR_d10;44500;ASH_COATED_OSMIUM;9904;13;9901;20;;;9910;15;9912;19;;;9907.0;0.0
av_SUGAR_d10;44500;INTARIAN_PEPPER_ROOT;11963;8;11960;20;;;11993;13;11995;24;;;11978.0;0.0
av_SUGAR_d10;44600;ASH_COATED_OSMIUM;9904;13;9902;24;;;9911;21;9914;23;;;9907.5;0.0
av_SUGAR_d10;44600;INTARIAN_PEPPER_ROOT;11971;13;11967;18;;;11980;22;11983;21;;;11975.5;0.0
av_SUGAR_d10;44700;ASH_COATED_OSMIUM;9902;19;9898;24;;;9913;16;9915;22;;;9907.5;0.0
av_SUGAR_d10;44700;INTARIAN_PEPPER_ROOT;11970;12;11968;22;;;11976;12;11979;28;;;11973.0;0.0
av_SUGAR_d10;44800;ASH_COATED_OSMIUM;9901;17;9899;21;;;9913;12;9915;17;;;9907.0;0.0
av_SUGAR_d10;44800;INTARIAN_PEPPER_ROOT;11966;21;11962;17;;;11972;13;11975;29;;;11969.0;0.0
av_SUGAR_d10;44900;ASH_COATED_OSMIUM;9905;8;9901;23;;;9911;18;9913;23;;;9908.0;0.0
av_SUGAR_d10;44900;INTARIAN_PEPPER_ROOT;11964;11;11961;8;;;11970;18;11972;24;;;11967.0;0.0
av_SUGAR_d10;45000;ASH_COATED_OSMIUM;9904;5;9902;16;;;9910;10;9912;23;;;9907.0;0.0
av_SUGAR_d10;45000;INTARIAN_PEPPER_ROOT;11960;16;11958;22;;;11968;5;11970;14;;;11964.0;0.0
av_SUGAR_d10;45100;ASH_COATED_OSMIUM;9904;9;9900;13;;;9911;18;9914;16;;;9907.5;0.0
av_SUGAR_d10;45100;INTARIAN_PEPPER_ROOT;11953;17;11949;21;;;11967;19;11970;10;;;11960.0;0.0
av_SUGAR_d10;45200;ASH_COATED_OSMIUM;9898;18;9894;22;;;9917;7;9919;23;;;9907.5;0.0
av_SUGAR_d10;45200;INTARIAN_PEPPER_ROOT;11954;23;11951;18;;;11960;26;11963;11;;;11957.0;0.0
av_SUGAR_d10;45300;ASH_COATED_OSMIUM;9904;23;9900;14;;;9910;17;9913;20;;;9907.0;0.0
av_SUGAR_d10;45300;INTARIAN_PEPPER_ROOT;11952;17;11949;28;;;11958;19;11961;12;;;11955.0;0.0
av_SUGAR_d10;45400;ASH_COATED_OSMIUM;9905;14;9902;19;;;9911;17;9913;17;;;9908.0;0.0
av_SUGAR_d10;45400;INTARIAN_PEPPER_ROOT;11947;5;11944;22;;;11956;9;11958;29;;;11951.5;0.0
av_SUGAR_d10;45500;ASH_COATED_OSMIUM;9898;22;9895;18;;;9917;20;9919;25;;;9907.5;0.0
av_SUGAR_d10;45500;INTARIAN_PEPPER_ROOT;11946;15;11943;20;;;11952;9;11955;24;;;11949.0;0.0
av_SUGAR_d10;45600;ASH_COATED_OSMIUM;9904;5;9900;16;;;9910;10;9913;21;;;9907.0;0.0
av_SUGAR_d10;45600;INTARIAN_PEPPER_ROOT;11937;18;11933;23;;;11954;13;11957;9;;;11945.5;0.0
av_SUGAR_d10;45700;ASH_COATED_OSMIUM;9904;18;9900;20;;;9910;15;9913;19;;;9907.0;0.0
av_SUGAR_d10;45700;INTARIAN_PEPPER_ROOT;11940;15;11936;9;;;11947;19;11949;21;;;11943.5;0.0
av_SUGAR_d10;45800;ASH_COATED_OSMIUM;9904;13;9901;26;;;9912;24;9914;24;;;9908.0;0.0
av_SUGAR_d10;45800;INTARIAN_PEPPER_ROOT;11935;24;11931;18;;;11945;17;11949;11;;;11940.0;0.0
av_SUGAR_d10;45900;ASH_COATED_OSMIUM;9904;15;9900;33;;;9910;14;9913;11;;;9907.0;0.0
av_SUGAR_d10;45900;INTARIAN_PEPPER_ROOT;11928;11;11924;28;;;11946;14;11949;24;;;11937.0;0.0
av_SUGAR_d10;46000;ASH_COATED_OSMIUM;9904;27;9900;19;;;9910;14;9912;22;;;9907.0;0.0
av_SUGAR_d10;46000;INTARIAN_PEPPER_ROOT;11931;14;11929;14;;;11937;13;11940;15;;;11934.0;0.0
av_SUGAR_d10;46100;ASH_COATED_OSMIUM;9904;13;9901;14;;;9910;13;9913;27;;;9907.0;0.0
av_SUGAR_d10;46100;INTARIAN_PEPPER_ROOT;11926;14;11923;16;;;11937;13;11939;34;;;11931.5;0.0
av_SUGAR_d10;46200;ASH_COATED_OSMIUM;9890;12;9888;14;;;9924;16;9926;18;;;9907.0;0.0
av_SUGAR_d10;46200;INTARIAN_PEPPER_ROOT;11926;14;11923;32;;;11932;22;11935;17;;;11929.0;0.0
av_SUGAR_d10;46300;ASH_COATED_OSMIUM;9904;20;9902;23;;;9910;12;9912;21;;;9907.0;0.0
av_SUGAR_d10;46300;INTARIAN_PEPPER_ROOT;11922;17;11920;22;;;11928;6;11931;23;;;11925.0;0.0
av_SUGAR_d10;46400;ASH_COATED_OSMIUM;9901;13;9897;12;;;9914;13;9917;17;;;9907.5;0.0
av_SUGAR_d10;46400;INTARIAN_PEPPER_ROOT;11920;21;11918;30;;;11926;13;11929;21;;;11923.0;0.0
av_SUGAR_d10;46500;ASH_COATED_OSMIUM;9905;14;9901;21;;;9911;24;9913;24;;;9908.0;0.0
av_SUGAR_d10;46500;INTARIAN_PEPPER_ROOT;11917;18;11913;18;;;11923;15;11925;16;;;11920.0;0.0
av_SUGAR_d10;46600;ASH_COATED_OSMIUM;9904;12;9902;20;;;9912;15;9916;24;;;9908.0;0.0
av_SUGAR_d10;46600;INTARIAN_PEPPER_ROOT;11909;12;11905;19;;;11925;16;11927;23;;;11917.0;0.0
av_SUGAR_d10;46700;ASH_COATED_OSMIUM;9905;18;9903;20;;;9911;19;9913;21;;;9908.0;0.0
av_SUGAR_d10;46700;INTARIAN_PEPPER_ROOT;11910;10;11908;18;;;11916;19;11920;9;;;11913.0;0.0
av_SUGAR_d10;46800;ASH_COATED_OSMIUM;9904;7;9901;20;;;9910;5;9913;21;;;9907.0;0.0
av_SUGAR_d10;46800;INTARIAN_PEPPER_ROOT;11908;8;11905;18;;;11914;25;11917;20;;;11911.0;0.0
av_SUGAR_d10;46900;ASH_COATED_OSMIUM;9898;18;9896;17;;;9916;19;9918;22;;;9907.0;0.0
av_SUGAR_d10;46900;INTARIAN_PEPPER_ROOT;11905;13;11902;21;;;11911;5;11914;25;;;11908.0;0.0
av_SUGAR_d10;47000;ASH_COATED_OSMIUM;9903;12;9901;26;;;9913;9;9917;14;;;9908.0;0.0
av_SUGAR_d10;47000;INTARIAN_PEPPER_ROOT;11902;16;11900;24;;;11908;22;11911;22;;;11905.0;0.0
av_SUGAR_d10;47100;ASH_COATED_OSMIUM;9903;11;9899;12;;;9911;13;9914;22;;;9907.0;0.0
av_SUGAR_d10;47100;INTARIAN_PEPPER_ROOT;11897;21;11895;22;;;11908;12;11910;18;;;11902.5;0.0
av_SUGAR_d10;47200;ASH_COATED_OSMIUM;9905;9;9901;20;;;9911;15;9915;23;;;9908.0;0.0
av_SUGAR_d10;47200;INTARIAN_PEPPER_ROOT;11896;27;11892;15;;;11902;18;11905;23;;;11899.0;0.0
av_SUGAR_d10;47300;ASH_COATED_OSMIUM;9901;17;9899;29;;;9914;16;9916;15;;;9907.5;0.0
av_SUGAR_d10;47300;INTARIAN_PEPPER_ROOT;11893;5;11891;19;;;11899;7;11901;26;;;11896.0;0.0
av_SUGAR_d10;47400;ASH_COATED_OSMIUM;9905;16;9901;21;;;9911;10;9913;19;;;9908.0;0.0
av_SUGAR_d10;47400;INTARIAN_PEPPER_ROOT;11890;24;11887;23;;;11896;11;11898;23;;;11893.0;0.0
av_SUGAR_d10;47500;ASH_COATED_OSMIUM;9905;10;9901;21;;;9911;12;9915;19;;;9908.0;0.0
av_SUGAR_d10;47500;INTARIAN_PEPPER_ROOT;11880;16;11877;20;;;11902;14;11905;18;;;11891.0;0.0
av_SUGAR_d10;47600;ASH_COATED_OSMIUM;9899;14;9897;20;;;9917;16;9921;17;;;9908.0;0.0
av_SUGAR_d10;47600;INTARIAN_PEPPER_ROOT;11874;18;11870;14;;;11900;21;11902;17;;;11887.0;0.0
av_SUGAR_d10;47700;ASH_COATED_OSMIUM;9895;11;9893;21;;;9921;9;9923;17;;;9908.0;0.0
av_SUGAR_d10;47700;INTARIAN_PEPPER_ROOT;11877;24;11873;17;;;11892;22;11894;21;;;11884.5;0.0
av_SUGAR_d10;47800;ASH_COATED_OSMIUM;9905;15;9903;23;;;9911;11;9913;20;;;9908.0;0.0
av_SUGAR_d10;47800;INTARIAN_PEPPER_ROOT;11879;13;11876;12;;;11885;19;11888;12;;;11882.0;0.0
av_SUGAR_d10;47900;ASH_COATED_OSMIUM;9904;16;9901;23;;;9911;10;9914;22;;;9907.5;0.0
av_SUGAR_d10;47900;INTARIAN_PEPPER_ROOT;11875;5;11872;15;;;11881;12;11884;17;;;11878.0;0.0
av_SUGAR_d10;48000;ASH_COATED_OSMIUM;9905;6;9901;20;;;9911;27;9913;16;;;9908.0;0.0
av_SUGAR_d10;48000;INTARIAN_PEPPER_ROOT;11872;8;11868;20;;;11878;13;11881;17;;;11875.0;0.0
av_SUGAR_d10;48100;ASH_COATED_OSMIUM;9901;14;9897;20;;;9914;14;9916;21;;;9907.5;0.0
av_SUGAR_d10;48100;INTARIAN_PEPPER_ROOT;11870;21;11867;18;;;11876;25;11879;8;;;11873.0;0.0
av_SUGAR_d10;48200;ASH_COATED_OSMIUM;9904;21;9900;25;;;9912;15;9915;18;;;9908.0;0.0
av_SUGAR_d10;48200;INTARIAN_PEPPER_ROOT;11866;14;11862;20;;;11872;5;11874;12;;;11869.0;0.0
av_SUGAR_d10;48300;ASH_COATED_OSMIUM;9905;19;9902;13;;;9911;13;9913;9;;;9908.0;0.0
av_SUGAR_d10;48300;INTARIAN_PEPPER_ROOT;11860;27;11858;24;;;11873;18;11876;16;;;11866.5;0.0
av_SUGAR_d10;48400;ASH_COATED_OSMIUM;9900;16;9896;20;;;9915;18;9917;13;;;9907.5;0.0
av_SUGAR_d10;48400;INTARIAN_PEPPER_ROOT;11859;14;11856;22;;;11870;9;11872;23;;;11864.5;0.0
av_SUGAR_d10;48500;ASH_COATED_OSMIUM;9905;18;9901;14;;;9911;20;9913;17;;;9908.0;0.0
av_SUGAR_d10;48500;INTARIAN_PEPPER_ROOT;11858;7;11855;20;;;11864;16;11866;21;;;11861.0;0.0
av_SUGAR_d10;48600;ASH_COATED_OSMIUM;9905;17;9901;17;;;9911;21;9915;28;;;9908.0;0.0
av_SUGAR_d10;48600;INTARIAN_PEPPER_ROOT;11853;12;11849;25;;;11862;14;11866;19;;;11857.5;0.0
av_SUGAR_d10;48700;ASH_COATED_OSMIUM;9888;13;9885;18;;;9928;13;9930;21;;;9908.0;0.0
av_SUGAR_d10;48700;INTARIAN_PEPPER_ROOT;11851;16;11849;23;;;11859;6;11863;27;;;11855.0;0.0
av_SUGAR_d10;48800;ASH_COATED_OSMIUM;9905;14;9901;17;;;9911;16;9914;23;;;9908.0;0.0
av_SUGAR_d10;48800;INTARIAN_PEPPER_ROOT;11849;18;11845;15;;;11855;5;11857;12;;;11852.0;0.0
av_SUGAR_d10;48900;ASH_COATED_OSMIUM;9903;14;9899;27;;;9913;13;9916;27;;;9908.0;0.0
av_SUGAR_d10;48900;INTARIAN_PEPPER_ROOT;11846;12;11843;25;;;11853;17;11855;13;;;11849.5;0.0
av_SUGAR_d10;49000;ASH_COATED_OSMIUM;9893;18;9889;19;;;9923;5;9927;23;;;9908.0;0.0
av_SUGAR_d10;49000;INTARIAN_PEPPER_ROOT;11843;18;11840;17;;;11849;12;11851;16;;;11846.0;0.0
av_SUGAR_d10;49100;ASH_COATED_OSMIUM;9902;18;9900;22;;;9913;14;9915;23;;;9907.5;0.0
av_SUGAR_d10;49100;INTARIAN_PEPPER_ROOT;11837;10;11835;24;;;11850;9;11854;22;;;11843.5;0.0
av_SUGAR_d10;49200;ASH_COATED_OSMIUM;9897;16;9893;22;;;9918;12;9921;18;;;9907.5;0.0
av_SUGAR_d10;49200;INTARIAN_PEPPER_ROOT;11837;23;11835;19;;;11843;12;11845;25;;;11840.0;0.0
av_SUGAR_d10;49300;ASH_COATED_OSMIUM;9902;17;9899;25;;;9913;15;9915;15;;;9907.5;0.0
av_SUGAR_d10;49300;INTARIAN_PEPPER_ROOT;11834;20;11832;19;;;11840;6;11843;23;;;11837.0;0.0
av_SUGAR_d10;49400;ASH_COATED_OSMIUM;9899;11;9895;27;;;9917;19;9921;14;;;9908.0;0.0
av_SUGAR_d10;49400;INTARIAN_PEPPER_ROOT;11823;9;11821;12;;;11846;20;11850;25;;;11834.5;0.0
av_SUGAR_d10;49500;ASH_COATED_OSMIUM;9906;19;9904;14;;;9912;16;9914;13;;;9909.0;0.0
av_SUGAR_d10;49500;INTARIAN_PEPPER_ROOT;11829;17;11826;20;;;11835;22;11839;21;;;11832.0;0.0
av_SUGAR_d10;49600;ASH_COATED_OSMIUM;9904;13;9900;18;;;9911;10;9914;19;;;9907.5;0.0
av_SUGAR_d10;49600;INTARIAN_PEPPER_ROOT;11825;11;11821;26;;;11831;15;11833;14;;;11828.0;0.0
av_SUGAR_d10;49700;ASH_COATED_OSMIUM;9905;5;9901;9;;;9911;14;9913;22;;;9908.0;0.0
av_SUGAR_d10;49700;INTARIAN_PEPPER_ROOT;11823;20;11820;27;;;11829;14;11833;28;;;11826.0;0.0
av_SUGAR_d10;49800;ASH_COATED_OSMIUM;9905;10;9901;19;;;9911;7;9914;22;;;9908.0;0.0
av_SUGAR_d10;49800;INTARIAN_PEPPER_ROOT;11813;23;11809;20;;;11832;12;11836;19;;;11822.5;0.0
av_SUGAR_d10;49900;ASH_COATED_OSMIUM;9898;13;9895;20;;;9920;17;9922;25;;;9909.0;0.0
av_SUGAR_d10;49900;INTARIAN_PEPPER_ROOT;11816;12;11814;19;;;11822;12;11826;21;;;11819.0;0.0
av_SUGAR_d10;50000;ASH_COATED_OSMIUM;9905;20;9901;23;;;9911;21;9914;23;;;9908.0;0.0
av_SUGAR_d10;50000;INTARIAN_PEPPER_ROOT;11814;9;11811;17;;;11820;26;11822;16;;;11817.0;0.0
av_SUGAR_d10;50100;ASH_COATED_OSMIUM;9895;16;9892;24;;;9922;15;9925;12;;;9908.5;0.0
av_SUGAR_d10;50100;INTARIAN_PEPPER_ROOT;11811;28;11807;21;;;11817;12;11820;14;;;11814.0;0.0
av_SUGAR_d10;50200;ASH_COATED_OSMIUM;9905;8;9902;21;;;9912;10;9914;31;;;9908.5;0.0
av_SUGAR_d10;50200;INTARIAN_PEPPER_ROOT;11806;13;11804;26;;;11815;8;11817;21;;;11810.5;0.0
av_SUGAR_d10;50300;ASH_COATED_OSMIUM;9906;16;9902;24;;;9912;6;9916;14;;;9909.0;0.0
av_SUGAR_d10;50300;INTARIAN_PEPPER_ROOT;11805;13;11802;22;;;11811;10;11815;23;;;11808.0;0.0
av_SUGAR_d10;50400;ASH_COATED_OSMIUM;9903;16;9900;25;;;9915;15;9919;18;;;9909.0;0.0
av_SUGAR_d10;50400;INTARIAN_PEPPER_ROOT;11802;10;11798;16;;;11808;13;11811;19;;;11805.0;0.0
av_SUGAR_d10;50500;ASH_COATED_OSMIUM;9903;6;9901;18;;;9915;18;9918;17;;;9909.0;0.0
av_SUGAR_d10;50500;INTARIAN_PEPPER_ROOT;11799;5;11796;15;;;11805;22;11807;22;;;11802.0;0.0
av_SUGAR_d10;50600;ASH_COATED_OSMIUM;9905;15;9903;19;;;9911;15;9915;26;;;9908.0;0.0
av_SUGAR_d10;50600;INTARIAN_PEPPER_ROOT;11794;12;11791;34;;;11805;7;11807;22;;;11799.5;0.0
av_SUGAR_d10;50700;ASH_COATED_OSMIUM;9906;20;9902;16;;;9912;15;9914;26;;;9909.0;0.0
av_SUGAR_d10;50700;INTARIAN_PEPPER_ROOT;11794;10;11791;25;;;11800;20;11802;8;;;11797.0;0.0
av_SUGAR_d10;50800;ASH_COATED_OSMIUM;9904;14;9902;21;;;9913;20;9915;11;;;9908.5;0.0
av_SUGAR_d10;50800;INTARIAN_PEPPER_ROOT;11791;19;11787;14;;;11797;16;11801;18;;;11794.0;0.0
av_SUGAR_d10;50900;ASH_COATED_OSMIUM;9905;16;9903;23;;;9911;23;9915;28;;;9908.0;0.0
av_SUGAR_d10;50900;INTARIAN_PEPPER_ROOT;11781;14;11779;19;;;11803;5;11807;9;;;11792.0;0.0
av_SUGAR_d10;51000;ASH_COATED_OSMIUM;9906;7;9902;20;;;9912;11;9916;21;;;9909.0;0.0
av_SUGAR_d10;51000;INTARIAN_PEPPER_ROOT;11787;20;11785;22;;;11793;18;11797;22;;;11790.0;0.0
av_SUGAR_d10;51100;ASH_COATED_OSMIUM;9905;13;9901;17;;;9911;11;9913;14;;;9908.0;0.0
av_SUGAR_d10;51100;INTARIAN_PEPPER_ROOT;11785;7;11782;14;;;11791;11;11794;24;;;11788.0;0.0
av_SUGAR_d10;51200;ASH_COATED_OSMIUM;9906;8;9903;20;;;9913;14;9915;8;;;9909.5;0.0
av_SUGAR_d10;51200;INTARIAN_PEPPER_ROOT;11785;16;11783;10;;;11792;20;11794;22;;;11788.5;0.0
av_SUGAR_d10;51300;ASH_COATED_OSMIUM;9905;16;9903;22;;;9911;22;9915;20;;;9908.0;0.0
av_SUGAR_d10;51300;INTARIAN_PEPPER_ROOT;11784;17;11782;32;;;11790;14;11793;16;;;11787.0;0.0
av_SUGAR_d10;51400;ASH_COATED_OSMIUM;9906;7;9902;17;;;9912;5;9914;18;;;9909.0;0.0
av_SUGAR_d10;51400;INTARIAN_PEPPER_ROOT;11780;21;11778;25;;;11792;11;11794;15;;;11786.0;0.0
av_SUGAR_d10;51500;ASH_COATED_OSMIUM;9906;18;9903;25;;;9912;20;9914;28;;;9909.0;0.0
av_SUGAR_d10;51500;INTARIAN_PEPPER_ROOT;11781;14;11778;19;;;11787;17;11789;15;;;11784.0;0.0
av_SUGAR_d10;51600;ASH_COATED_OSMIUM;9901;12;9899;25;;;9918;15;9922;17;;;9909.5;0.0
av_SUGAR_d10;51600;INTARIAN_PEPPER_ROOT;11781;20;11777;16;;;11787;23;11791;8;;;11784.0;0.0
av_SUGAR_d10;51700;ASH_COATED_OSMIUM;9905;13;9901;17;;;9914;17;9916;17;;;9909.5;0.0
av_SUGAR_d10;51700;INTARIAN_PEPPER_ROOT;11777;13;11774;14;;;11788;8;11791;23;;;11782.5;0.0
av_SUGAR_d10;51800;ASH_COATED_OSMIUM;9907;15;9903;24;;;9913;17;9917;22;;;9910.0;0.0
av_SUGAR_d10;51800;INTARIAN_PEPPER_ROOT;11778;15;11775;17;;;11784;11;11788;17;;;11781.0;0.0
av_SUGAR_d10;51900;ASH_COATED_OSMIUM;9897;20;9895;14;;;9922;11;9926;16;;;9909.5;0.0
av_SUGAR_d10;51900;INTARIAN_PEPPER_ROOT;11778;12;11775;24;;;11784;20;11786;26;;;11781.0;0.0
av_SUGAR_d10;52000;ASH_COATED_OSMIUM;9906;22;9902;24;;;9912;18;9915;14;;;9909.0;0.0
av_SUGAR_d10;52000;INTARIAN_PEPPER_ROOT;11766;10;11764;17;;;11793;15;11796;9;;;11779.5;0.0
av_SUGAR_d10;52100;ASH_COATED_OSMIUM;9906;13;9902;12;;;9912;6;9914;19;;;9909.0;0.0
av_SUGAR_d10;52100;INTARIAN_PEPPER_ROOT;11775;22;11772;28;;;11781;9;11785;26;;;11778.0;0.0
av_SUGAR_d10;52200;ASH_COATED_OSMIUM;9906;17;9904;13;;;9912;9;9914;16;;;9909.0;0.0
av_SUGAR_d10;52200;INTARIAN_PEPPER_ROOT;11775;13;11773;16;;;11781;19;11785;19;;;11778.0;0.0
av_SUGAR_d10;52300;ASH_COATED_OSMIUM;9907;16;9903;19;;;9913;17;9915;17;;;9910.0;0.0
av_SUGAR_d10;52300;INTARIAN_PEPPER_ROOT;11771;17;11769;19;;;11781;17;11785;20;;;11776.0;0.0
av_SUGAR_d10;52400;ASH_COATED_OSMIUM;9906;18;9904;20;;;9913;20;9916;20;;;9909.5;0.0
av_SUGAR_d10;52400;INTARIAN_PEPPER_ROOT;11767;17;11765;24;;;11783;12;11787;31;;;11775.0;0.0
av_SUGAR_d10;52500;ASH_COATED_OSMIUM;9904;13;9900;14;;;9916;11;9918;15;;;9910.0;0.0
av_SUGAR_d10;52500;INTARIAN_PEPPER_ROOT;11771;18;11767;20;;;11777;15;11780;25;;;11774.0;0.0
av_SUGAR_d10;52600;ASH_COATED_OSMIUM;9907;11;9905;26;;;9913;14;9917;16;;;9910.0;0.0
av_SUGAR_d10;52600;INTARIAN_PEPPER_ROOT;11770;21;11766;18;;;11776;14;11780;25;;;11773.0;0.0
av_SUGAR_d10;52700;ASH_COATED_OSMIUM;9907;16;9904;15;;;9913;8;9917;20;;;9910.0;0.0
av_SUGAR_d10;52700;INTARIAN_PEPPER_ROOT;11768;16;11766;8;;;11777;19;11781;22;;;11772.5;0.0
av_SUGAR_d10;52800;ASH_COATED_OSMIUM;9902;14;9898;18;;;9918;15;9921;10;;;9910.0;0.0
av_SUGAR_d10;52800;INTARIAN_PEPPER_ROOT;11768;17;11766;21;;;11774;24;11778;18;;;11771.0;0.0
av_SUGAR_d10;52900;ASH_COATED_OSMIUM;9907;15;9905;8;;;9913;12;9916;32;;;9910.0;0.0
av_SUGAR_d10;52900;INTARIAN_PEPPER_ROOT;11767;22;11765;8;;;11773;12;11777;35;;;11770.0;0.0
av_SUGAR_d10;53000;ASH_COATED_OSMIUM;9908;6;9906;21;;;9914;7;9918;22;;;9911.0;0.0
av_SUGAR_d10;53000;INTARIAN_PEPPER_ROOT;11755;15;11753;18;;;11783;18;11786;31;;;11769.0;0.0
av_SUGAR_d10;53100;ASH_COATED_OSMIUM;9908;19;9906;19;;;9914;23;9918;17;;;9911.0;0.0
av_SUGAR_d10;53100;INTARIAN_PEPPER_ROOT;11764;23;11761;23;;;11770;7;11773;18;;;11767.0;0.0
av_SUGAR_d10;53200;ASH_COATED_OSMIUM;9908;12;9905;25;;;9914;17;9917;19;;;9911.0;0.0
av_SUGAR_d10;53200;INTARIAN_PEPPER_ROOT;11747;15;11745;16;;;11786;9;11790;16;;;11766.5;0.0
av_SUGAR_d10;53300;ASH_COATED_OSMIUM;9907;21;9904;24;;;9913;12;9916;10;;;9910.0;0.0
av_SUGAR_d10;53300;INTARIAN_PEPPER_ROOT;11762;24;11760;16;;;11768;16;11770;19;;;11765.0;0.0
av_SUGAR_d10;53400;ASH_COATED_OSMIUM;9904;10;9900;13;;;9919;22;9923;19;;;9911.5;0.0
av_SUGAR_d10;53400;INTARIAN_PEPPER_ROOT;11761;7;11758;21;;;11767;23;11770;17;;;11764.0;0.0
av_SUGAR_d10;53500;ASH_COATED_OSMIUM;9906;8;9902;23;;;9915;16;9918;26;;;9910.5;0.0
av_SUGAR_d10;53500;INTARIAN_PEPPER_ROOT;11755;17;11752;18;;;11773;18;11776;21;;;11764.0;0.0
av_SUGAR_d10;53600;ASH_COATED_OSMIUM;9908;20;9904;12;;;9914;18;9918;9;;;9911.0;0.0
av_SUGAR_d10;53600;INTARIAN_PEPPER_ROOT;11749;17;11747;20;;;11775;13;11778;19;;;11762.0;0.0
av_SUGAR_d10;53700;ASH_COATED_OSMIUM;9908;5;9904;17;;;9915;5;9919;10;;;9911.5;0.0
av_SUGAR_d10;53700;INTARIAN_PEPPER_ROOT;11759;15;11757;16;;;11765;17;11768;18;;;11762.0;0.0
av_SUGAR_d10;53800;ASH_COATED_OSMIUM;9908;8;9904;24;;;9914;19;9916;16;;;9911.0;0.0
av_SUGAR_d10;53800;INTARIAN_PEPPER_ROOT;11752;13;11748;23;;;11767;9;11770;18;;;11759.5;0.0
av_SUGAR_d10;53900;ASH_COATED_OSMIUM;9908;16;9906;23;;;9914;10;9917;22;;;9911.0;0.0
av_SUGAR_d10;53900;INTARIAN_PEPPER_ROOT;11753;14;11751;25;;;11766;17;11769;32;;;11759.5;0.0
av_SUGAR_d10;54000;ASH_COATED_OSMIUM;9909;15;9906;18;;;9915;22;9919;26;;;9912.0;0.0
av_SUGAR_d10;54000;INTARIAN_PEPPER_ROOT;11749;14;11746;18;;;11767;28;11770;24;;;11758.0;0.0
av_SUGAR_d10;54100;ASH_COATED_OSMIUM;9908;13;9906;23;;;9914;20;9917;27;;;9911.0;0.0
av_SUGAR_d10;54100;INTARIAN_PEPPER_ROOT;11752;11;11749;18;;;11762;11;11764;17;;;11757.0;0.0
av_SUGAR_d10;54200;ASH_COATED_OSMIUM;9908;5;9906;28;;;9914;19;9917;23;;;9911.0;0.0
av_SUGAR_d10;54200;INTARIAN_PEPPER_ROOT;11753;19;11749;25;;;11759;21;11763;19;;;11756.0;0.0
av_SUGAR_d10;54300;ASH_COATED_OSMIUM;9909;10;9907;12;;;9915;14;9918;17;;;9912.0;0.0
av_SUGAR_d10;54300;INTARIAN_PEPPER_ROOT;11752;22;11748;14;;;11759;14;11763;21;;;11755.5;0.0
av_SUGAR_d10;54400;ASH_COATED_OSMIUM;9908;19;9905;13;;;9914;19;9916;30;;;9911.0;0.0
av_SUGAR_d10;54400;INTARIAN_PEPPER_ROOT;11751;8;11747;25;;;11757;11;11760;21;;;11754.0;0.0
av_SUGAR_d10;54500;ASH_COATED_OSMIUM;9908;7;9906;21;;;9915;10;9919;27;;;9911.5;0.0
av_SUGAR_d10;54500;INTARIAN_PEPPER_ROOT;11750;10;11748;20;;;11756;8;11759;22;;;11753.0;0.0
av_SUGAR_d10;54600;ASH_COATED_OSMIUM;9908;16;9905;15;;;9914;15;9916;19;;;9911.0;0.0
av_SUGAR_d10;54600;INTARIAN_PEPPER_ROOT;11749;17;11746;17;;;11755;17;11757;24;;;11752.0;0.0
av_SUGAR_d10;54700;ASH_COATED_OSMIUM;9899;13;9897;23;;;9924;16;9927;26;;;9911.5;0.0
av_SUGAR_d10;54700;INTARIAN_PEPPER_ROOT;11734;21;11731;15;;;11768;15;11770;20;;;11751.0;0.0
av_SUGAR_d10;54800;ASH_COATED_OSMIUM;9909;16;9906;26;;;9915;12;9919;21;;;9912.0;0.0
av_SUGAR_d10;54800;INTARIAN_PEPPER_ROOT;11746;5;11742;19;;;11752;14;11756;27;;;11749.0;0.0
av_SUGAR_d10;54900;ASH_COATED_OSMIUM;9909;9;9907;9;;;9915;16;9919;25;;;9912.0;0.0
av_SUGAR_d10;54900;INTARIAN_PEPPER_ROOT;11746;21;11744;18;;;11752;19;11754;26;;;11749.0;0.0
av_SUGAR_d10;55000;ASH_COATED_OSMIUM;9909;18;9907;19;;;9915;14;9918;11;;;9912.0;0.0
av_SUGAR_d10;55000;INTARIAN_PEPPER_ROOT;11745;14;11743;17;;;11751;19;11755;22;;;11748.0;0.0
av_SUGAR_d10;55100;ASH_COATED_OSMIUM;9909;5;9905;18;;;9915;10;9918;14;;;9912.0;0.0
av_SUGAR_d10;55100;INTARIAN_PEPPER_ROOT;11742;17;11738;20;;;11751;10;11754;24;;;11746.5;0.0
av_SUGAR_d10;55200;ASH_COATED_OSMIUM;9909;18;9907;24;;;9915;13;9917;25;;;9912.0;0.0
av_SUGAR_d10;55200;INTARIAN_PEPPER_ROOT;11743;10;11739;21;;;11749;22;11752;16;;;11746.0;0.0
av_SUGAR_d10;55300;ASH_COATED_OSMIUM;9904;23;9900;17;;;9920;8;9923;16;;;9912.0;0.0
av_SUGAR_d10;55300;INTARIAN_PEPPER_ROOT;11741;19;11739;19;;;11747;21;11751;19;;;11744.0;0.0
av_SUGAR_d10;55400;ASH_COATED_OSMIUM;9910;21;9908;22;;;9916;16;9918;17;;;9913.0;0.0
av_SUGAR_d10;55400;INTARIAN_PEPPER_ROOT;11741;17;11737;13;;;11747;14;11750;25;;;11744.0;0.0
av_SUGAR_d10;55500;ASH_COATED_OSMIUM;9900;12;9896;16;;;9925;18;9928;23;;;9912.5;0.0
av_SUGAR_d10;55500;INTARIAN_PEPPER_ROOT;11739;16;11735;18;;;11745;17;11748;29;;;11742.0;0.0
av_SUGAR_d10;55600;ASH_COATED_OSMIUM;9909;13;9906;14;;;9915;18;9917;18;;;9912.0;0.0
av_SUGAR_d10;55600;INTARIAN_PEPPER_ROOT;11738;15;11736;21;;;11744;20;11747;24;;;11741.0;0.0
av_SUGAR_d10;55700;ASH_COATED_OSMIUM;9907;14;9904;11;;;9919;10;9922;18;;;9913.0;0.0
av_SUGAR_d10;55700;INTARIAN_PEPPER_ROOT;11724;13;11721;15;;;11757;11;11761;29;;;11740.5;0.0
av_SUGAR_d10;55800;ASH_COATED_OSMIUM;9910;24;9906;14;;;9916;11;9919;8;;;9913.0;0.0
av_SUGAR_d10;55800;INTARIAN_PEPPER_ROOT;11737;15;11735;20;;;11743;13;11745;21;;;11740.0;0.0
av_SUGAR_d10;55900;ASH_COATED_OSMIUM;9909;15;9907;13;;;9916;21;9918;27;;;9912.5;0.0
av_SUGAR_d10;55900;INTARIAN_PEPPER_ROOT;11733;16;11730;16;;;11743;17;11746;26;;;11738.0;0.0
av_SUGAR_d10;56000;ASH_COATED_OSMIUM;9910;9;9906;20;;;9916;19;9920;15;;;9913.0;0.0
av_SUGAR_d10;56000;INTARIAN_PEPPER_ROOT;11733;20;11729;27;;;11742;16;11744;9;;;11737.5;0.0
av_SUGAR_d10;56100;ASH_COATED_OSMIUM;9903;10;9899;25;;;9923;19;9925;14;;;9913.0;0.0
av_SUGAR_d10;56100;INTARIAN_PEPPER_ROOT;11733;16;11730;24;;;11739;8;11741;18;;;11736.0;0.0
av_SUGAR_d10;56200;ASH_COATED_OSMIUM;9911;17;9908;23;;;9917;22;9920;23;;;9914.0;0.0
av_SUGAR_d10;56200;INTARIAN_PEPPER_ROOT;11720;6;11716;21;;;11749;15;11751;23;;;11734.5;0.0
av_SUGAR_d10;56300;ASH_COATED_OSMIUM;9911;13;9909;22;;;9917;9;9919;22;;;9914.0;0.0
av_SUGAR_d10;56300;INTARIAN_PEPPER_ROOT;11730;9;11727;16;;;11737;16;11741;19;;;11733.5;0.0
av_SUGAR_d10;56400;ASH_COATED_OSMIUM;9910;19;9906;18;;;9916;14;9920;20;;;9913.0;0.0
av_SUGAR_d10;56400;INTARIAN_PEPPER_ROOT;11730;6;11726;16;;;11736;10;11740;20;;;11733.0;0.0
av_SUGAR_d10;56500;ASH_COATED_OSMIUM;9905;5;9902;19;;;9922;15;9924;21;;;9913.5;0.0
av_SUGAR_d10;56500;INTARIAN_PEPPER_ROOT;11724;10;11722;16;;;11740;11;11742;18;;;11732.0;0.0
av_SUGAR_d10;56600;ASH_COATED_OSMIUM;9911;11;9908;16;;;9917;14;9919;23;;;9914.0;0.0
av_SUGAR_d10;56600;INTARIAN_PEPPER_ROOT;11728;16;11726;20;;;11734;20;11737;12;;;11731.0;0.0
av_SUGAR_d10;56700;ASH_COATED_OSMIUM;9901;18;9899;26;;;9927;21;9930;21;;;9914.0;0.0
av_SUGAR_d10;56700;INTARIAN_PEPPER_ROOT;11727;19;11724;19;;;11733;15;11737;32;;;11730.0;0.0
av_SUGAR_d10;56800;ASH_COATED_OSMIUM;9906;10;9904;13;;;9921;14;9924;20;;;9913.5;0.0
av_SUGAR_d10;56800;INTARIAN_PEPPER_ROOT;11725;18;11721;14;;;11731;12;11733;25;;;11728.0;0.0
av_SUGAR_d10;56900;ASH_COATED_OSMIUM;9911;12;9909;25;;;9917;14;9921;17;;;9914.0;0.0
av_SUGAR_d10;56900;INTARIAN_PEPPER_ROOT;11723;19;11721;16;;;11731;5;11733;21;;;11727.0;0.0
av_SUGAR_d10;57000;ASH_COATED_OSMIUM;9911;16;9909;27;;;9917;25;9920;13;;;9914.0;0.0
