day;timestamp;product;bid_price_1;bid_volume_1;bid_price_2;bid_volume_2;bid_price_3;bid_volume_3;ask_price_1;ask_volume_1;ask_price_2;ask_volume_2;ask_price_3;ask_volume_3;mid_price;profit_and_loss
av_SUGAR_d2;0;ASH_COATED_OSMIUM;9908;13;9904;24;;;9914;13;9917;33;;;9911.0;0.0
av_SUGAR_d2;0;INTARIAN_PEPPER_ROOT;12315;13;12313;22;;;12326;12;12330;16;;;12320.5;0.0
av_SUGAR_d2;100;ASH_COATED_OSMIUM;9905;22;9902;29;;;9919;13;9921;28;;;9912.0;0.0
av_SUGAR_d2;100;INTARIAN_PEPPER_ROOT;12317;5;12314;13;;;12323;14;12325;27;;;12320.0;0.0
av_SUGAR_d2;200;ASH_COATED_OSMIUM;9906;15;9902;13;;;9918;19;9922;20;;;9912.0;0.0
av_SUGAR_d2;200;INTARIAN_PEPPER_ROOT;12317;14;12313;16;;;12323;11;12326;17;;;12320.0;0.0
av_SUGAR_d2;300;ASH_COATED_OSMIUM;9908;13;9906;23;;;9914;20;9917;19;;;9911.0;0.0
av_SUGAR_d2;300;INTARIAN_PEPPER_ROOT;12318;17;12316;22;;;12324;21;12326;24;;;12321.0;0.0
av_SUGAR_d2;400;ASH_COATED_OSMIUM;9909;17;9905;22;;;9915;6;9918;25;;;9912.0;0.0
av_SUGAR_d2;400;INTARIAN_PEPPER_ROOT;12317;25;12313;15;;;12323;20;12326;15;;;12320.0;0.0
av_SUGAR_d2;500;ASH_COATED_OSMIUM;9908;13;9904;13;;;9914;10;9917;16;;;9911.0;0.0
av_SUGAR_d2;500;INTARIAN_PEPPER_ROOT;12310;11;12307;13;;;12333;20;12335;8;;;12321.5;0.0
av_SUGAR_d2;600;ASH_COATED_OSMIUM;9908;16;9904;20;;;9914;21;9916;15;;;9911.0;0.0
av_SUGAR_d2;600;INTARIAN_PEPPER_ROOT;12298;15;12294;23;;;12344;9;12346;11;;;12321.0;0.0
av_SUGAR_d2;700;ASH_COATED_OSMIUM;9909;14;9906;28;;;9915;10;9918;20;;;9912.0;0.0
av_SUGAR_d2;700;INTARIAN_PEPPER_ROOT;12314;11;12311;10;;;12329;15;12332;18;;;12321.5;0.0
av_SUGAR_d2;800;ASH_COATED_OSMIUM;9909;14;9907;25;;;9915;15;9917;28;;;9912.0;0.0
av_SUGAR_d2;800;INTARIAN_PEPPER_ROOT;12317;9;12313;20;;;12326;17;12328;16;;;12321.5;0.0
av_SUGAR_d2;900;ASH_COATED_OSMIUM;9906;18;9904;17;;;9917;10;9919;16;;;9911.5;0.0
av_SUGAR_d2;900;INTARIAN_PEPPER_ROOT;12320;16;12317;19;;;12326;17;12328;18;;;12323.0;0.0
av_SUGAR_d2;1000;ASH_COATED_OSMIUM;9908;14;9906;14;;;9915;22;9918;22;;;9911.5;0.0
av_SUGAR_d2;1000;INTARIAN_PEPPER_ROOT;12320;13;12316;14;;;12326;5;12328;15;;;12323.0;0.0
av_SUGAR_d2;1100;ASH_COATED_OSMIUM;9909;6;9906;24;;;9915;15;9918;17;;;9912.0;0.0
av_SUGAR_d2;1100;INTARIAN_PEPPER_ROOT;12319;12;12317;13;;;12328;13;12330;26;;;12323.5;0.0
av_SUGAR_d2;1200;ASH_COATED_OSMIUM;9910;23;9907;25;;;9916;18;9919;13;;;9913.0;0.0
av_SUGAR_d2;1200;INTARIAN_PEPPER_ROOT;12316;16;12312;19;;;12330;11;12334;16;;;12323.0;0.0
av_SUGAR_d2;1300;ASH_COATED_OSMIUM;9909;23;9905;9;;;9915;14;9917;8;;;9912.0;0.0
av_SUGAR_d2;1300;INTARIAN_PEPPER_ROOT;12319;15;12315;19;;;12329;11;12332;27;;;12324.0;0.0
av_SUGAR_d2;1400;ASH_COATED_OSMIUM;9909;5;9905;8;;;9915;19;9917;9;;;9912.0;0.0
av_SUGAR_d2;1400;INTARIAN_PEPPER_ROOT;12321;13;12319;21;;;12327;23;12329;21;;;12324.0;0.0
av_SUGAR_d2;1500;ASH_COATED_OSMIUM;9910;5;9907;21;;;9916;24;9920;25;;;9913.0;0.0
av_SUGAR_d2;1500;INTARIAN_PEPPER_ROOT;12318;15;12315;16;;;12331;10;12333;12;;;12324.5;0.0
av_SUGAR_d2;1600;ASH_COATED_OSMIUM;9910;24;9906;18;;;9916;15;9920;16;;;9913.0;0.0
av_SUGAR_d2;1600;INTARIAN_PEPPER_ROOT;12319;12;12315;22;;;12330;7;12334;23;;;12324.5;0.0
av_SUGAR_d2;1700;ASH_COATED_OSMIUM;9910;6;9908;31;;;9916;22;9918;21;;;9913.0;0.0
av_SUGAR_d2;1700;INTARIAN_PEPPER_ROOT;12321;16;12319;21;;;12327;14;12331;23;;;12324.0;0.0
av_SUGAR_d2;1800;ASH_COATED_OSMIUM;9910;7;9906;25;;;9916;13;9919;15;;;9913.0;0.0
av_SUGAR_d2;1800;INTARIAN_PEPPER_ROOT;12322;18;12319;17;;;12328;19;12330;17;;;12325.0;0.0
av_SUGAR_d2;1900;ASH_COATED_OSMIUM;9910;10;9906;13;;;9916;9;9919;20;;;9913.0;0.0
av_SUGAR_d2;1900;INTARIAN_PEPPER_ROOT;12320;16;12317;18;;;12332;20;12335;15;;;12326.0;0.0
av_SUGAR_d2;2000;ASH_COATED_OSMIUM;9910;21;9907;19;;;9916;11;9920;12;;;9913.0;0.0
av_SUGAR_d2;2000;INTARIAN_PEPPER_ROOT;12319;6;12316;16;;;12332;17;12334;15;;;12325.5;0.0
av_SUGAR_d2;2100;ASH_COATED_OSMIUM;9911;14;9909;24;;;9917;16;9920;28;;;9914.0;0.0
av_SUGAR_d2;2100;INTARIAN_PEPPER_ROOT;12323;9;12321;8;;;12329;14;12331;15;;;12326.0;0.0
av_SUGAR_d2;2200;ASH_COATED_OSMIUM;9909;14;9906;17;;;9917;18;9919;21;;;9913.0;0.0
av_SUGAR_d2;2200;INTARIAN_PEPPER_ROOT;12324;5;12322;15;;;12330;11;12333;15;;;12327.0;0.0
av_SUGAR_d2;2300;ASH_COATED_OSMIUM;9903;19;9901;20;;;9923;13;9927;14;;;9913.0;0.0
av_SUGAR_d2;2300;INTARIAN_PEPPER_ROOT;12323;8;12320;22;;;12331;22;12334;19;;;12327.0;0.0
av_SUGAR_d2;2400;ASH_COATED_OSMIUM;9910;14;9906;20;;;9916;24;9920;13;;;9913.0;0.0
av_SUGAR_d2;2400;INTARIAN_PEPPER_ROOT;12324;17;12321;19;;;12330;15;12332;20;;;12327.0;0.0
av_SUGAR_d2;2500;ASH_COATED_OSMIUM;9908;10;9906;16;;;9919;15;9923;18;;;9913.5;0.0
av_SUGAR_d2;2500;INTARIAN_PEPPER_ROOT;12324;13;12322;12;;;12330;13;12333;23;;;12327.0;0.0
av_SUGAR_d2;2600;ASH_COATED_OSMIUM;9911;17;9908;21;;;9917;17;9919;24;;;9914.0;0.0
av_SUGAR_d2;2600;INTARIAN_PEPPER_ROOT;12316;17;12314;29;;;12340;22;12342;13;;;12328.0;0.0
av_SUGAR_d2;2700;ASH_COATED_OSMIUM;9911;22;9909;30;;;9917;17;9920;24;;;9914.0;0.0
av_SUGAR_d2;2700;INTARIAN_PEPPER_ROOT;12326;17;12324;18;;;12332;18;12334;15;;;12329.0;0.0
av_SUGAR_d2;2800;ASH_COATED_OSMIUM;9911;10;9907;20;;;9917;9;9920;18;;;9914.0;0.0
av_SUGAR_d2;2800;INTARIAN_PEPPER_ROOT;12326;18;12324;18;;;12332;16;12334;16;;;12329.0;0.0
av_SUGAR_d2;2900;ASH_COATED_OSMIUM;9908;12;9905;23;;;9919;15;9923;15;;;9913.5;0.0
av_SUGAR_d2;2900;INTARIAN_PEPPER_ROOT;12323;16;12320;13;;;12334;5;12336;16;;;12328.5;0.0
av_SUGAR_d2;3000;ASH_COATED_OSMIUM;9907;15;9905;17;;;9921;24;9923;18;;;9914.0;0.0
av_SUGAR_d2;3000;INTARIAN_PEPPER_ROOT;12326;12;12324;15;;;12332;18;12334;15;;;12329.0;0.0
av_SUGAR_d2;3100;ASH_COATED_OSMIUM;9911;23;9909;22;;;9917;14;9920;25;;;9914.0;0.0
av_SUGAR_d2;3100;INTARIAN_PEPPER_ROOT;12316;5;12314;19;;;12342;13;12345;20;;;12329.0;0.0
av_SUGAR_d2;3200;ASH_COATED_OSMIUM;9911;8;9907;20;;;9917;18;9919;17;;;9914.0;0.0
av_SUGAR_d2;3200;INTARIAN_PEPPER_ROOT;12325;17;12321;26;;;12333;20;12335;19;;;12329.0;0.0
av_SUGAR_d2;3300;ASH_COATED_OSMIUM;9911;23;9908;15;;;9917;18;9921;23;;;9914.0;0.0
av_SUGAR_d2;3300;INTARIAN_PEPPER_ROOT;12324;16;12321;26;;;12337;9;12339;21;;;12330.5;0.0
av_SUGAR_d2;3400;ASH_COATED_OSMIUM;9911;7;9907;24;;;9917;14;9921;21;;;9914.0;0.0
av_SUGAR_d2;3400;INTARIAN_PEPPER_ROOT;12327;11;12323;10;;;12333;5;12335;19;;;12330.0;0.0
av_SUGAR_d2;3500;ASH_COATED_OSMIUM;9911;16;9908;31;;;9917;21;9920;17;;;9914.0;0.0
av_SUGAR_d2;3500;INTARIAN_PEPPER_ROOT;12328;23;12326;27;;;12334;16;12338;22;;;12331.0;0.0
av_SUGAR_d2;3600;ASH_COATED_OSMIUM;9911;15;9907;17;;;9917;24;9921;22;;;9914.0;0.0
av_SUGAR_d2;3600;INTARIAN_PEPPER_ROOT;12320;12;12317;16;;;12341;14;12344;18;;;12330.5;0.0
av_SUGAR_d2;3700;ASH_COATED_OSMIUM;9911;18;9907;29;;;9917;19;9919;17;;;9914.0;0.0
av_SUGAR_d2;3700;INTARIAN_PEPPER_ROOT;12328;19;12324;22;;;12334;17;12336;23;;;12331.0;0.0
av_SUGAR_d2;3800;ASH_COATED_OSMIUM;9911;10;9908;24;;;9917;15;9920;21;;;9914.0;0.0
av_SUGAR_d2;3800;INTARIAN_PEPPER_ROOT;12328;11;12325;22;;;12334;12;12338;16;;;12331.0;0.0
av_SUGAR_d2;3900;ASH_COATED_OSMIUM;9911;6;9907;25;;;9917;18;9921;12;;;9914.0;0.0
av_SUGAR_d2;3900;INTARIAN_PEPPER_ROOT;12326;5;12323;24;;;12337;16;12341;19;;;12331.5;0.0
av_SUGAR_d2;4000;ASH_COATED_OSMIUM;9910;17;9906;27;;;9919;10;9922;19;;;9914.5;0.0
av_SUGAR_d2;4000;INTARIAN_PEPPER_ROOT;12329;8;12327;21;;;12335;12;12338;14;;;12332.0;0.0
av_SUGAR_d2;4100;ASH_COATED_OSMIUM;9911;18;9909;21;;;9919;15;9923;17;;;9915.0;0.0
av_SUGAR_d2;4100;INTARIAN_PEPPER_ROOT;12329;11;12326;10;;;12335;16;12338;25;;;12332.0;0.0
av_SUGAR_d2;4200;ASH_COATED_OSMIUM;9912;12;9908;22;;;9918;10;9922;16;;;9915.0;0.0
av_SUGAR_d2;4200;INTARIAN_PEPPER_ROOT;12330;17;12326;12;;;12336;17;12338;32;;;12333.0;0.0
av_SUGAR_d2;4300;ASH_COATED_OSMIUM;9911;12;9909;27;;;9917;15;9921;28;;;9914.0;0.0
av_SUGAR_d2;4300;INTARIAN_PEPPER_ROOT;12330;19;12327;20;;;12336;20;12338;16;;;12333.0;0.0
av_SUGAR_d2;4400;ASH_COATED_OSMIUM;9909;15;9905;18;;;9922;17;9925;17;;;9915.5;0.0
av_SUGAR_d2;4400;INTARIAN_PEPPER_ROOT;12328;5;12326;17;;;12338;5;12342;15;;;12333.0;0.0
av_SUGAR_d2;4500;ASH_COATED_OSMIUM;9912;16;9909;24;;;9918;20;9920;23;;;9915.0;0.0
av_SUGAR_d2;4500;INTARIAN_PEPPER_ROOT;12330;10;12328;26;;;12336;20;12338;14;;;12333.0;0.0
av_SUGAR_d2;4600;ASH_COATED_OSMIUM;9912;19;9910;18;;;9918;22;9920;22;;;9915.0;0.0
av_SUGAR_d2;4600;INTARIAN_PEPPER_ROOT;12331;25;12328;12;;;12337;12;12341;20;;;12334.0;0.0
av_SUGAR_d2;4700;ASH_COATED_OSMIUM;9912;7;9910;19;;;9918;11;9922;23;;;9915.0;0.0
av_SUGAR_d2;4700;INTARIAN_PEPPER_ROOT;12331;16;12328;21;;;12337;16;12340;17;;;12334.0;0.0
av_SUGAR_d2;4800;ASH_COATED_OSMIUM;9912;8;9908;18;;;9918;11;9921;11;;;9915.0;0.0
av_SUGAR_d2;4800;INTARIAN_PEPPER_ROOT;12331;9;12327;25;;;12337;12;12340;20;;;12334.0;0.0
av_SUGAR_d2;4900;ASH_COATED_OSMIUM;9907;18;9905;24;;;9924;9;9926;26;;;9915.5;0.0
av_SUGAR_d2;4900;INTARIAN_PEPPER_ROOT;12332;11;12329;22;;;12338;19;12340;22;;;12335.0;0.0
av_SUGAR_d2;5000;ASH_COATED_OSMIUM;9913;14;9910;28;;;9919;18;9921;24;;;9916.0;0.0
av_SUGAR_d2;5000;INTARIAN_PEPPER_ROOT;12331;14;12328;19;;;12338;9;12340;16;;;12334.5;0.0
av_SUGAR_d2;5100;ASH_COATED_OSMIUM;9903;16;9900;31;;;9928;9;9931;15;;;9915.5;0.0
av_SUGAR_d2;5100;INTARIAN_PEPPER_ROOT;12329;25;12326;15;;;12340;16;12344;19;;;12334.5;0.0
av_SUGAR_d2;5200;ASH_COATED_OSMIUM;9913;11;9910;28;;;9920;12;9924;17;;;9916.5;0.0
av_SUGAR_d2;5200;INTARIAN_PEPPER_ROOT;12333;12;12331;17;;;12339;10;12341;18;;;12336.0;0.0
av_SUGAR_d2;5300;ASH_COATED_OSMIUM;9903;12;9900;17;;;9927;20;9929;18;;;9915.0;0.0
av_SUGAR_d2;5300;INTARIAN_PEPPER_ROOT;12333;5;12331;16;;;12339;22;12342;22;;;12336.0;0.0
av_SUGAR_d2;5400;ASH_COATED_OSMIUM;9912;14;9909;26;;;9918;8;9920;29;;;9915.0;0.0
av_SUGAR_d2;5400;INTARIAN_PEPPER_ROOT;12331;14;12327;17;;;12340;15;12344;24;;;12335.5;0.0
av_SUGAR_d2;5500;ASH_COATED_OSMIUM;9913;7;9909;15;;;9919;20;9921;11;;;9916.0;0.0
av_SUGAR_d2;5500;INTARIAN_PEPPER_ROOT;12334;5;12330;16;;;12340;22;12343;27;;;12337.0;0.0
av_SUGAR_d2;5600;ASH_COATED_OSMIUM;9911;16;9909;21;;;9920;16;9922;22;;;9915.5;0.0
av_SUGAR_d2;5600;INTARIAN_PEPPER_ROOT;12332;6;12330;8;;;12342;11;12346;21;;;12337.0;0.0
av_SUGAR_d2;5700;ASH_COATED_OSMIUM;9911;17;9907;12;;;9920;20;9923;20;;;9915.5;0.0
av_SUGAR_d2;5700;INTARIAN_PEPPER_ROOT;12318;12;12314;14;;;12356;17;12358;18;;;12337.0;0.0
av_SUGAR_d2;5800;ASH_COATED_OSMIUM;9913;12;9911;17;;;9919;18;9923;19;;;9916.0;0.0
av_SUGAR_d2;5800;INTARIAN_PEPPER_ROOT;12334;22;12331;22;;;12340;5;12342;17;;;12337.0;0.0
av_SUGAR_d2;5900;ASH_COATED_OSMIUM;9906;22;9903;28;;;9926;27;9930;26;;;9916.0;0.0
av_SUGAR_d2;5900;INTARIAN_PEPPER_ROOT;12334;12;12331;27;;;12340;13;12343;16;;;12337.0;0.0
av_SUGAR_d2;6000;ASH_COATED_OSMIUM;9913;22;9909;21;;;9920;11;9924;20;;;9916.5;0.0
av_SUGAR_d2;6000;INTARIAN_PEPPER_ROOT;12333;16;12329;27;;;12341;17;12345;10;;;12337.0;0.0
av_SUGAR_d2;6100;ASH_COATED_OSMIUM;9912;10;9909;21;;;9920;16;9922;23;;;9916.0;0.0
av_SUGAR_d2;6100;INTARIAN_PEPPER_ROOT;12335;14;12333;19;;;12341;18;12343;20;;;12338.0;0.0
av_SUGAR_d2;6200;ASH_COATED_OSMIUM;9913;14;9909;27;;;9919;17;9921;16;;;9916.0;0.0
av_SUGAR_d2;6200;INTARIAN_PEPPER_ROOT;12334;5;12331;20;;;12342;13;12345;18;;;12338.0;0.0
av_SUGAR_d2;6300;ASH_COATED_OSMIUM;9912;21;9909;20;;;9921;24;9924;17;;;9916.5;0.0
av_SUGAR_d2;6300;INTARIAN_PEPPER_ROOT;12335;15;12333;26;;;12342;11;12346;19;;;12338.5;0.0
av_SUGAR_d2;6400;ASH_COATED_OSMIUM;9913;15;9909;16;;;9919;20;9923;22;;;9916.0;0.0
av_SUGAR_d2;6400;INTARIAN_PEPPER_ROOT;12334;17;12331;19;;;12343;19;12347;14;;;12338.5;0.0
av_SUGAR_d2;6500;ASH_COATED_OSMIUM;9913;14;9911;20;;;9919;20;9922;14;;;9916.0;0.0
av_SUGAR_d2;6500;INTARIAN_PEPPER_ROOT;12336;14;12334;15;;;12342;21;12346;12;;;12339.0;0.0
av_SUGAR_d2;6600;ASH_COATED_OSMIUM;9914;13;9911;22;;;9920;8;9923;17;;;9917.0;0.0
av_SUGAR_d2;6600;INTARIAN_PEPPER_ROOT;12337;16;12335;18;;;12343;12;12346;17;;;12340.0;0.0
av_SUGAR_d2;6700;ASH_COATED_OSMIUM;9914;18;9910;19;;;9920;17;9922;22;;;9917.0;0.0
av_SUGAR_d2;6700;INTARIAN_PEPPER_ROOT;12334;18;12331;28;;;12346;15;12350;17;;;12340.0;0.0
av_SUGAR_d2;6800;ASH_COATED_OSMIUM;9914;19;9912;13;;;9920;15;9924;29;;;9917.0;0.0
av_SUGAR_d2;6800;INTARIAN_PEPPER_ROOT;12328;16;12326;16;;;12352;18;12355;18;;;12340.0;0.0
av_SUGAR_d2;6900;ASH_COATED_OSMIUM;9914;15;9911;20;;;9920;13;9923;21;;;9917.0;0.0
av_SUGAR_d2;6900;INTARIAN_PEPPER_ROOT;12338;22;12336;16;;;12344;14;12348;20;;;12341.0;0.0
av_SUGAR_d2;7000;ASH_COATED_OSMIUM;9914;18;9911;30;;;9920;18;9924;23;;;9917.0;0.0
av_SUGAR_d2;7000;INTARIAN_PEPPER_ROOT;12338;14;12335;24;;;12344;15;12347;23;;;12341.0;0.0
av_SUGAR_d2;7100;ASH_COATED_OSMIUM;9913;18;9910;24;;;9921;11;9924;11;;;9917.0;0.0
av_SUGAR_d2;7100;INTARIAN_PEPPER_ROOT;12330;22;12327;17;;;12353;8;12355;19;;;12341.5;0.0
av_SUGAR_d2;7200;ASH_COATED_OSMIUM;9902;21;9900;11;;;9932;19;9936;13;;;9917.0;0.0
av_SUGAR_d2;7200;INTARIAN_PEPPER_ROOT;12333;11;12329;21;;;12348;9;12352;19;;;12340.5;0.0
av_SUGAR_d2;7300;ASH_COATED_OSMIUM;9914;13;9910;19;;;9920;20;9924;19;;;9917.0;0.0
av_SUGAR_d2;7300;INTARIAN_PEPPER_ROOT;12338;14;12335;23;;;12345;22;12348;21;;;12341.5;0.0
av_SUGAR_d2;7400;ASH_COATED_OSMIUM;9914;13;9910;18;;;9920;19;9924;24;;;9917.0;0.0
av_SUGAR_d2;7400;INTARIAN_PEPPER_ROOT;12335;8;12333;25;;;12348;10;12351;14;;;12341.5;0.0
av_SUGAR_d2;7500;ASH_COATED_OSMIUM;9912;15;9908;19;;;9923;7;9927;22;;;9917.5;0.0
av_SUGAR_d2;7500;INTARIAN_PEPPER_ROOT;12337;20;12335;18;;;12348;12;12352;13;;;12342.5;0.0
av_SUGAR_d2;7600;ASH_COATED_OSMIUM;9914;19;9911;19;;;9922;16;9925;17;;;9918.0;0.0
av_SUGAR_d2;7600;INTARIAN_PEPPER_ROOT;12336;5;12333;28;;;12349;18;12353;32;;;12342.5;0.0
av_SUGAR_d2;7700;ASH_COATED_OSMIUM;9914;10;9911;25;;;9920;12;9924;15;;;9917.0;0.0
av_SUGAR_d2;7700;INTARIAN_PEPPER_ROOT;12340;21;12338;24;;;12346;19;12349;24;;;12343.0;0.0
av_SUGAR_d2;7800;ASH_COATED_OSMIUM;9915;7;9913;27;;;9921;22;9923;21;;;9918.0;0.0
av_SUGAR_d2;7800;INTARIAN_PEPPER_ROOT;12336;16;12333;22;;;12351;10;12354;21;;;12343.5;0.0
av_SUGAR_d2;7900;ASH_COATED_OSMIUM;9914;13;9911;21;;;9920;8;9923;11;;;9917.0;0.0
av_SUGAR_d2;7900;INTARIAN_PEPPER_ROOT;12321;16;12319;21;;;12367;10;12369;19;;;12344.0;0.0
av_SUGAR_d2;8000;ASH_COATED_OSMIUM;9915;19;9913;12;;;9921;11;9924;18;;;9918.0;0.0
av_SUGAR_d2;8000;INTARIAN_PEPPER_ROOT;12338;12;12334;16;;;12351;11;12353;8;;;12344.5;0.0
av_SUGAR_d2;8100;ASH_COATED_OSMIUM;9913;15;9909;16;;;9922;5;9926;17;;;9917.5;0.0
av_SUGAR_d2;8100;INTARIAN_PEPPER_ROOT;12341;14;12338;15;;;12347;14;12350;24;;;12344.0;0.0
av_SUGAR_d2;8200;ASH_COATED_OSMIUM;9915;21;9912;24;;;9921;16;9924;19;;;9918.0;0.0
av_SUGAR_d2;8200;INTARIAN_PEPPER_ROOT;12341;20;12337;32;;;12347;16;12350;17;;;12344.0;0.0
av_SUGAR_d2;8300;ASH_COATED_OSMIUM;9916;17;9913;14;;;9922;5;9926;20;;;9919.0;0.0
av_SUGAR_d2;8300;INTARIAN_PEPPER_ROOT;12341;17;12337;29;;;12347;12;12349;15;;;12344.0;0.0
av_SUGAR_d2;8400;ASH_COATED_OSMIUM;9916;15;9914;22;;;9922;17;9925;15;;;9919.0;0.0
av_SUGAR_d2;8400;INTARIAN_PEPPER_ROOT;12340;17;12337;14;;;12351;16;12353;18;;;12345.5;0.0
av_SUGAR_d2;8500;ASH_COATED_OSMIUM;9914;15;9910;18;;;9920;13;9922;14;;;9917.0;0.0
av_SUGAR_d2;8500;INTARIAN_PEPPER_ROOT;12341;18;12339;25;;;12347;16;12351;26;;;12344.0;0.0
av_SUGAR_d2;8600;ASH_COATED_OSMIUM;9913;18;9911;21;;;9925;11;9927;23;;;9919.0;0.0
av_SUGAR_d2;8600;INTARIAN_PEPPER_ROOT;12342;16;12338;29;;;12348;21;12350;24;;;12345.0;0.0
av_SUGAR_d2;8700;ASH_COATED_OSMIUM;9915;19;9911;12;;;9921;13;9925;15;;;9918.0;0.0
av_SUGAR_d2;8700;INTARIAN_PEPPER_ROOT;12343;25;12340;16;;;12349;15;12352;20;;;12346.0;0.0
av_SUGAR_d2;8800;ASH_COATED_OSMIUM;9914;14;9911;21;;;9923;6;9926;17;;;9918.5;0.0
av_SUGAR_d2;8800;INTARIAN_PEPPER_ROOT;12343;10;12339;10;;;12349;18;12352;16;;;12346.0;0.0
av_SUGAR_d2;8900;ASH_COATED_OSMIUM;9914;14;9912;13;;;9922;11;9926;16;;;9918.0;0.0
av_SUGAR_d2;8900;INTARIAN_PEPPER_ROOT;12336;6;12333;19;;;12355;25;12357;25;;;12345.5;0.0
av_SUGAR_d2;9000;ASH_COATED_OSMIUM;9916;14;9912;22;;;9922;6;9925;23;;;9919.0;0.0
av_SUGAR_d2;9000;INTARIAN_PEPPER_ROOT;12344;12;12340;22;;;12350;14;12352;14;;;12347.0;0.0
av_SUGAR_d2;9100;ASH_COATED_OSMIUM;9915;21;9912;18;;;9921;15;9925;12;;;9918.0;0.0
av_SUGAR_d2;9100;INTARIAN_PEPPER_ROOT;12335;9;12331;15;;;12359;23;12362;17;;;12347.0;0.0
av_SUGAR_d2;9200;ASH_COATED_OSMIUM;9916;8;9913;16;;;9922;19;9924;20;;;9919.0;0.0
av_SUGAR_d2;9200;INTARIAN_PEPPER_ROOT;12337;17;12333;20;;;12359;8;12362;17;;;12348.0;0.0
av_SUGAR_d2;9300;ASH_COATED_OSMIUM;9916;15;9913;25;;;9922;9;9924;24;;;9919.0;0.0
av_SUGAR_d2;9300;INTARIAN_PEPPER_ROOT;12342;20;12339;18;;;12354;24;12356;20;;;12348.0;0.0
av_SUGAR_d2;9400;ASH_COATED_OSMIUM;9917;5;9914;26;;;9923;13;9926;25;;;9920.0;0.0
av_SUGAR_d2;9400;INTARIAN_PEPPER_ROOT;12345;14;12341;25;;;12352;16;12354;27;;;12348.5;0.0
av_SUGAR_d2;9500;ASH_COATED_OSMIUM;9916;15;9914;24;;;9922;18;9925;16;;;9919.0;0.0
av_SUGAR_d2;9500;INTARIAN_PEPPER_ROOT;12345;14;12341;21;;;12351;5;12355;16;;;12348.0;0.0
av_SUGAR_d2;9600;ASH_COATED_OSMIUM;9917;25;9914;13;;;9923;19;9926;27;;;9920.0;0.0
av_SUGAR_d2;9600;INTARIAN_PEPPER_ROOT;12346;20;12343;23;;;12352;20;12354;23;;;12349.0;0.0
av_SUGAR_d2;9700;ASH_COATED_OSMIUM;9916;7;9913;20;;;9922;21;9924;21;;;9919.0;0.0
av_SUGAR_d2;9700;INTARIAN_PEPPER_ROOT;12341;10;12339;33;;;12357;15;12359;22;;;12349.0;0.0
av_SUGAR_d2;9800;ASH_COATED_OSMIUM;9912;15;9909;21;;;9928;8;9932;18;;;9920.0;0.0
av_SUGAR_d2;9800;INTARIAN_PEPPER_ROOT;12345;13;12341;22;;;12353;17;12356;13;;;12349.0;0.0
av_SUGAR_d2;9900;ASH_COATED_OSMIUM;9916;16;9914;22;;;9922;11;9925;22;;;9919.0;0.0
av_SUGAR_d2;9900;INTARIAN_PEPPER_ROOT;12346;17;12344;27;;;12352;16;12355;15;;;12349.0;0.0
av_SUGAR_d2;10000;ASH_COATED_OSMIUM;9916;9;9913;11;;;9922;11;9924;18;;;9919.0;0.0
av_SUGAR_d2;10000;INTARIAN_PEPPER_ROOT;12347;7;12344;27;;;12353;13;12355;17;;;12350.0;0.0
av_SUGAR_d2;10100;ASH_COATED_OSMIUM;9916;13;9914;22;;;9922;8;9926;15;;;9919.0;0.0
av_SUGAR_d2;10100;INTARIAN_PEPPER_ROOT;12336;11;12334;22;;;12363;19;12367;14;;;12349.5;0.0
av_SUGAR_d2;10200;ASH_COATED_OSMIUM;9917;9;9913;23;;;9923;19;9925;20;;;9920.0;0.0
av_SUGAR_d2;10200;INTARIAN_PEPPER_ROOT;12344;10;12342;18;;;12356;23;12360;18;;;12350.0;0.0
av_SUGAR_d2;10300;ASH_COATED_OSMIUM;9911;15;9908;18;;;9929;21;9932;26;;;9920.0;0.0
av_SUGAR_d2;10300;INTARIAN_PEPPER_ROOT;12346;14;12342;19;;;12354;9;12356;17;;;12350.0;0.0
av_SUGAR_d2;10400;ASH_COATED_OSMIUM;9917;20;9913;24;;;9923;14;9927;13;;;9920.0;0.0
av_SUGAR_d2;10400;INTARIAN_PEPPER_ROOT;12348;16;12346;18;;;12354;8;12358;19;;;12351.0;0.0
av_SUGAR_d2;10500;ASH_COATED_OSMIUM;9917;15;9913;22;;;9923;27;9927;12;;;9920.0;0.0
av_SUGAR_d2;10500;INTARIAN_PEPPER_ROOT;12349;11;12345;18;;;12355;19;12359;11;;;12352.0;0.0
av_SUGAR_d2;10600;ASH_COATED_OSMIUM;9917;12;9914;24;;;9923;21;9925;16;;;9920.0;0.0
av_SUGAR_d2;10600;INTARIAN_PEPPER_ROOT;12348;18;12346;16;;;12354;21;12356;25;;;12351.0;0.0
av_SUGAR_d2;10700;ASH_COATED_OSMIUM;9917;5;9915;14;;;9923;11;9927;17;;;9920.0;0.0
av_SUGAR_d2;10700;INTARIAN_PEPPER_ROOT;12349;25;12345;16;;;12355;12;12358;19;;;12352.0;0.0
av_SUGAR_d2;10800;ASH_COATED_OSMIUM;9916;11;9913;19;;;9923;9;9927;19;;;9919.5;0.0
av_SUGAR_d2;10800;INTARIAN_PEPPER_ROOT;12347;11;12343;19;;;12356;13;12358;19;;;12351.5;0.0
av_SUGAR_d2;10900;ASH_COATED_OSMIUM;9917;13;9914;17;;;9923;9;9925;23;;;9920.0;0.0
av_SUGAR_d2;10900;INTARIAN_PEPPER_ROOT;12349;5;12346;21;;;12355;11;12359;12;;;12352.0;0.0
av_SUGAR_d2;11000;ASH_COATED_OSMIUM;9917;8;9914;22;;;9923;14;9927;19;;;9920.0;0.0
av_SUGAR_d2;11000;INTARIAN_PEPPER_ROOT;12350;15;12346;24;;;12356;26;12358;15;;;12353.0;0.0
av_SUGAR_d2;11100;ASH_COATED_OSMIUM;9917;6;9913;22;;;9923;16;9926;18;;;9920.0;0.0
av_SUGAR_d2;11100;INTARIAN_PEPPER_ROOT;12351;23;12347;23;;;12357;17;12361;21;;;12354.0;0.0
av_SUGAR_d2;11200;ASH_COATED_OSMIUM;9917;20;9915;17;;;9923;8;9925;24;;;9920.0;0.0
av_SUGAR_d2;11200;INTARIAN_PEPPER_ROOT;12330;5;12326;13;;;12377;23;12380;14;;;12353.5;0.0
av_SUGAR_d2;11300;ASH_COATED_OSMIUM;9917;13;9913;34;;;9924;21;9927;18;;;9920.5;0.0
av_SUGAR_d2;11300;INTARIAN_PEPPER_ROOT;12348;16;12344;22;;;12360;19;12362;18;;;12354.0;0.0
av_SUGAR_d2;11400;ASH_COATED_OSMIUM;9917;8;9914;17;;;9923;15;9925;28;;;9920.0;0.0
av_SUGAR_d2;11400;INTARIAN_PEPPER_ROOT;12351;12;12347;22;;;12357;15;12360;26;;;12354.0;0.0
av_SUGAR_d2;11500;ASH_COATED_OSMIUM;9918;9;9915;15;;;9924;18;9926;13;;;9921.0;0.0
av_SUGAR_d2;11500;INTARIAN_PEPPER_ROOT;12351;17;12349;21;;;12357;16;12361;21;;;12354.0;0.0
av_SUGAR_d2;11600;ASH_COATED_OSMIUM;9917;11;9914;17;;;9923;14;9927;11;;;9920.0;0.0
av_SUGAR_d2;11600;INTARIAN_PEPPER_ROOT;12343;7;12339;22;;;12367;11;12371;26;;;12355.0;0.0
av_SUGAR_d2;11700;ASH_COATED_OSMIUM;9898;15;9896;12;;;9944;21;9948;32;;;9921.0;0.0
av_SUGAR_d2;11700;INTARIAN_PEPPER_ROOT;12351;12;12348;17;;;12357;21;12360;24;;;12354.0;0.0
av_SUGAR_d2;11800;ASH_COATED_OSMIUM;9918;6;9915;23;;;9924;16;9928;24;;;9921.0;0.0
av_SUGAR_d2;11800;INTARIAN_PEPPER_ROOT;12352;27;12348;24;;;12358;20;12362;23;;;12355.0;0.0
av_SUGAR_d2;11900;ASH_COATED_OSMIUM;9918;11;9915;21;;;9924;14;9926;21;;;9921.0;0.0
av_SUGAR_d2;11900;INTARIAN_PEPPER_ROOT;12353;19;12351;20;;;12359;17;12363;13;;;12356.0;0.0
av_SUGAR_d2;12000;ASH_COATED_OSMIUM;9918;9;9915;18;;;9924;5;9927;13;;;9921.0;0.0
av_SUGAR_d2;12000;INTARIAN_PEPPER_ROOT;12348;14;12345;16;;;12363;16;12367;12;;;12355.5;0.0
av_SUGAR_d2;12100;ASH_COATED_OSMIUM;9911;17;9908;18;;;9931;6;9934;13;;;9921.0;0.0
av_SUGAR_d2;12100;INTARIAN_PEPPER_ROOT;12352;23;12349;16;;;12361;14;12365;16;;;12356.5;0.0
av_SUGAR_d2;12200;ASH_COATED_OSMIUM;9898;15;9894;17;;;9945;8;9947;18;;;9921.5;0.0
av_SUGAR_d2;12200;INTARIAN_PEPPER_ROOT;12338;5;12334;16;;;12375;17;12378;16;;;12356.5;0.0
av_SUGAR_d2;12300;ASH_COATED_OSMIUM;9918;12;9914;21;;;9924;17;9927;26;;;9921.0;0.0
av_SUGAR_d2;12300;INTARIAN_PEPPER_ROOT;12354;8;12352;18;;;12360;18;12363;25;;;12357.0;0.0
av_SUGAR_d2;12400;ASH_COATED_OSMIUM;9916;17;9913;15;;;9927;10;9929;15;;;9921.5;0.0
av_SUGAR_d2;12400;INTARIAN_PEPPER_ROOT;12354;19;12351;26;;;12360;12;12364;19;;;12357.0;0.0
av_SUGAR_d2;12500;ASH_COATED_OSMIUM;9919;25;9916;12;;;9925;17;9928;15;;;9922.0;0.0
av_SUGAR_d2;12500;INTARIAN_PEPPER_ROOT;12352;7;12348;14;;;12361;18;12363;30;;;12356.5;0.0
av_SUGAR_d2;12600;ASH_COATED_OSMIUM;9915;11;9911;25;;;9929;14;9931;18;;;9922.0;0.0
av_SUGAR_d2;12600;INTARIAN_PEPPER_ROOT;12354;13;12350;15;;;12360;20;12362;18;;;12357.0;0.0
av_SUGAR_d2;12700;ASH_COATED_OSMIUM;9919;23;9917;19;;;9925;10;9928;13;;;9922.0;0.0
av_SUGAR_d2;12700;INTARIAN_PEPPER_ROOT;12351;24;12348;16;;;12365;15;12369;27;;;12358.0;0.0
av_SUGAR_d2;12800;ASH_COATED_OSMIUM;9905;15;9901;23;;;9939;25;9943;26;;;9922.0;0.0
av_SUGAR_d2;12800;INTARIAN_PEPPER_ROOT;12355;17;12353;12;;;12361;15;12365;9;;;12358.0;0.0
av_SUGAR_d2;12900;ASH_COATED_OSMIUM;9919;13;9915;14;;;9925;14;9927;15;;;9922.0;0.0
av_SUGAR_d2;12900;INTARIAN_PEPPER_ROOT;12344;16;12342;15;;;12373;20;12375;28;;;12358.5;0.0
av_SUGAR_d2;13000;ASH_COATED_OSMIUM;9919;13;9917;21;;;9925;12;9929;19;;;9922.0;0.0
av_SUGAR_d2;13000;INTARIAN_PEPPER_ROOT;12355;18;12352;19;;;12361;14;12364;13;;;12358.0;0.0
av_SUGAR_d2;13100;ASH_COATED_OSMIUM;9919;10;9917;29;;;9925;14;9928;18;;;9922.0;0.0
av_SUGAR_d2;13100;INTARIAN_PEPPER_ROOT;12356;13;12352;16;;;12362;17;12366;13;;;12359.0;0.0
av_SUGAR_d2;13200;ASH_COATED_OSMIUM;9918;16;9914;15;;;9926;11;9929;24;;;9922.0;0.0
av_SUGAR_d2;13200;INTARIAN_PEPPER_ROOT;12350;10;12348;18;;;12368;15;12371;26;;;12359.0;0.0
av_SUGAR_d2;13300;ASH_COATED_OSMIUM;9917;13;9914;21;;;9928;10;9930;15;;;9922.5;0.0
av_SUGAR_d2;13300;INTARIAN_PEPPER_ROOT;12353;14;12349;25;;;12366;14;12369;18;;;12359.5;0.0
av_SUGAR_d2;13400;ASH_COATED_OSMIUM;9919;19;9916;15;;;9925;19;9929;13;;;9922.0;0.0
av_SUGAR_d2;13400;INTARIAN_PEPPER_ROOT;12356;17;12353;23;;;12363;9;12366;19;;;12359.5;0.0
av_SUGAR_d2;13500;ASH_COATED_OSMIUM;9912;19;9909;17;;;9933;17;9936;19;;;9922.5;0.0
av_SUGAR_d2;13500;INTARIAN_PEPPER_ROOT;12357;13;12355;20;;;12363;20;12366;26;;;12360.0;0.0
av_SUGAR_d2;13600;ASH_COATED_OSMIUM;9918;14;9916;21;;;9927;6;9929;19;;;9922.5;0.0
av_SUGAR_d2;13600;INTARIAN_PEPPER_ROOT;12353;10;12349;21;;;12366;16;12369;16;;;12359.5;0.0
av_SUGAR_d2;13700;ASH_COATED_OSMIUM;9910;16;9906;26;;;9935;19;9937;22;;;9922.5;0.0
av_SUGAR_d2;13700;INTARIAN_PEPPER_ROOT;12358;17;12355;10;;;12364;21;12368;23;;;12361.0;0.0
av_SUGAR_d2;13800;ASH_COATED_OSMIUM;9918;25;9915;16;;;9927;15;9930;23;;;9922.5;0.0
av_SUGAR_d2;13800;INTARIAN_PEPPER_ROOT;12358;27;12354;14;;;12364;10;12366;19;;;12361.0;0.0
av_SUGAR_d2;13900;ASH_COATED_OSMIUM;9920;14;9917;19;;;9926;16;9929;13;;;9923.0;0.0
av_SUGAR_d2;13900;INTARIAN_PEPPER_ROOT;12358;18;12354;15;;;12364;7;12367;19;;;12361.0;0.0
av_SUGAR_d2;14000;ASH_COATED_OSMIUM;9920;20;9917;24;;;9926;20;9929;19;;;9923.0;0.0
av_SUGAR_d2;14000;INTARIAN_PEPPER_ROOT;12359;12;12355;23;;;12365;19;12367;20;;;12362.0;0.0
av_SUGAR_d2;14100;ASH_COATED_OSMIUM;9919;9;9915;22;;;9927;12;9929;22;;;9923.0;0.0
av_SUGAR_d2;14100;INTARIAN_PEPPER_ROOT;12357;13;12355;20;;;12367;21;12370;19;;;12362.0;0.0
av_SUGAR_d2;14200;ASH_COATED_OSMIUM;9920;13;9917;25;;;9926;14;9930;22;;;9923.0;0.0
av_SUGAR_d2;14200;INTARIAN_PEPPER_ROOT;12358;28;12356;14;;;12366;12;12368;21;;;12362.0;0.0
av_SUGAR_d2;14300;ASH_COATED_OSMIUM;9920;17;9916;12;;;9926;17;9930;19;;;9923.0;0.0
av_SUGAR_d2;14300;INTARIAN_PEPPER_ROOT;12360;19;12358;14;;;12366;18;12369;20;;;12363.0;0.0
av_SUGAR_d2;14400;ASH_COATED_OSMIUM;9920;13;9918;21;;;9926;19;9930;14;;;9923.0;0.0
av_SUGAR_d2;14400;INTARIAN_PEPPER_ROOT;12359;17;12357;25;;;12368;13;12370;19;;;12363.5;0.0
av_SUGAR_d2;14500;ASH_COATED_OSMIUM;9916;10;9913;21;;;9930;17;9933;15;;;9923.0;0.0
av_SUGAR_d2;14500;INTARIAN_PEPPER_ROOT;12360;14;12357;12;;;12366;19;12369;28;;;12363.0;0.0
av_SUGAR_d2;14600;ASH_COATED_OSMIUM;9919;17;9916;18;;;9927;18;9929;17;;;9923.0;0.0
av_SUGAR_d2;14600;INTARIAN_PEPPER_ROOT;12360;14;12356;28;;;12366;15;12369;14;;;12363.0;0.0
av_SUGAR_d2;14700;ASH_COATED_OSMIUM;9921;10;9917;16;;;9927;19;9930;19;;;9924.0;0.0
av_SUGAR_d2;14700;INTARIAN_PEPPER_ROOT;12360;15;12357;18;;;12366;9;12368;16;;;12363.0;0.0
av_SUGAR_d2;14800;ASH_COATED_OSMIUM;9920;13;9917;19;;;9926;10;9928;14;;;9923.0;0.0
av_SUGAR_d2;14800;INTARIAN_PEPPER_ROOT;12350;15;12346;25;;;12378;17;12381;19;;;12364.0;0.0
av_SUGAR_d2;14900;ASH_COATED_OSMIUM;9921;12;9917;13;;;9927;5;9930;19;;;9924.0;0.0
av_SUGAR_d2;14900;INTARIAN_PEPPER_ROOT;12361;14;12358;13;;;12367;5;12371;10;;;12364.0;0.0
av_SUGAR_d2;15000;ASH_COATED_OSMIUM;9917;14;9913;26;;;9931;14;9934;16;;;9924.0;0.0
av_SUGAR_d2;15000;INTARIAN_PEPPER_ROOT;12356;5;12352;14;;;12373;9;12375;18;;;12364.5;0.0
av_SUGAR_d2;15100;ASH_COATED_OSMIUM;9918;17;9914;16;;;9929;14;9933;13;;;9923.5;0.0
av_SUGAR_d2;15100;INTARIAN_PEPPER_ROOT;12361;22;12358;17;;;12367;17;12371;18;;;12364.0;0.0
av_SUGAR_d2;15200;ASH_COATED_OSMIUM;9920;5;9917;19;;;9928;22;9932;14;;;9924.0;0.0
av_SUGAR_d2;15200;INTARIAN_PEPPER_ROOT;12363;25;12361;10;;;12369;11;12371;11;;;12366.0;0.0
av_SUGAR_d2;15300;ASH_COATED_OSMIUM;9914;24;9911;24;;;9935;5;9938;19;;;9924.5;0.0
av_SUGAR_d2;15300;INTARIAN_PEPPER_ROOT;12362;19;12358;26;;;12368;14;12370;21;;;12365.0;0.0
av_SUGAR_d2;15400;ASH_COATED_OSMIUM;9921;15;9919;17;;;9927;15;9930;22;;;9924.0;0.0
av_SUGAR_d2;15400;INTARIAN_PEPPER_ROOT;12363;19;12361;18;;;12369;9;12373;29;;;12366.0;0.0
av_SUGAR_d2;15500;ASH_COATED_OSMIUM;9919;11;9916;13;;;9929;10;9931;19;;;9924.0;0.0
av_SUGAR_d2;15500;INTARIAN_PEPPER_ROOT;12363;11;12360;25;;;12370;17;12372;20;;;12366.5;0.0
av_SUGAR_d2;15600;ASH_COATED_OSMIUM;9921;19;9918;14;;;9927;11;9930;17;;;9924.0;0.0
av_SUGAR_d2;15600;INTARIAN_PEPPER_ROOT;12363;9;12361;26;;;12369;5;12372;15;;;12366.0;0.0
av_SUGAR_d2;15700;ASH_COATED_OSMIUM;9921;16;9919;20;;;9927;19;9931;18;;;9924.0;0.0
av_SUGAR_d2;15700;INTARIAN_PEPPER_ROOT;12362;14;12359;13;;;12370;15;12372;13;;;12366.0;0.0
av_SUGAR_d2;15800;ASH_COATED_OSMIUM;9915;22;9912;26;;;9933;6;9935;10;;;9924.0;0.0
av_SUGAR_d2;15800;INTARIAN_PEPPER_ROOT;12364;9;12360;17;;;12370;12;12372;26;;;12367.0;0.0
av_SUGAR_d2;15900;ASH_COATED_OSMIUM;9921;23;9918;22;;;9927;18;9930;24;;;9924.0;0.0
av_SUGAR_d2;15900;INTARIAN_PEPPER_ROOT;12359;10;12356;25;;;12376;20;12379;17;;;12367.5;0.0
av_SUGAR_d2;16000;ASH_COATED_OSMIUM;9921;18;9917;20;;;9927;15;9929;20;;;9924.0;0.0
av_SUGAR_d2;16000;INTARIAN_PEPPER_ROOT;12361;15;12359;25;;;12374;7;12378;20;;;12367.5;0.0
av_SUGAR_d2;16100;ASH_COATED_OSMIUM;9922;18;9920;18;;;9928;10;9930;28;;;9925.0;0.0
av_SUGAR_d2;16100;INTARIAN_PEPPER_ROOT;12365;26;12361;15;;;12371;28;12373;19;;;12368.0;0.0
av_SUGAR_d2;16200;ASH_COATED_OSMIUM;9922;11;9920;28;;;9928;24;9931;17;;;9925.0;0.0
av_SUGAR_d2;16200;INTARIAN_PEPPER_ROOT;12363;10;12361;13;;;12373;18;12377;26;;;12368.0;0.0
av_SUGAR_d2;16300;ASH_COATED_OSMIUM;9922;16;9920;14;;;9928;12;9932;17;;;9925.0;0.0
av_SUGAR_d2;16300;INTARIAN_PEPPER_ROOT;12365;12;12362;23;;;12371;15;12374;22;;;12368.0;0.0
av_SUGAR_d2;16400;ASH_COATED_OSMIUM;9921;16;9917;21;;;9927;17;9931;18;;;9924.0;0.0
av_SUGAR_d2;16400;INTARIAN_PEPPER_ROOT;12361;26;12357;22;;;12377;12;12379;17;;;12369.0;0.0
av_SUGAR_d2;16500;ASH_COATED_OSMIUM;9920;17;9918;17;;;9930;10;9933;17;;;9925.0;0.0
av_SUGAR_d2;16500;INTARIAN_PEPPER_ROOT;12366;11;12364;16;;;12372;15;12375;21;;;12369.0;0.0
av_SUGAR_d2;16600;ASH_COATED_OSMIUM;9920;10;9917;14;;;9930;16;9933;24;;;9925.0;0.0
av_SUGAR_d2;16600;INTARIAN_PEPPER_ROOT;12364;20;12361;19;;;12374;16;12378;19;;;12369.0;0.0
av_SUGAR_d2;16700;ASH_COATED_OSMIUM;9918;19;9914;22;;;9932;5;9935;32;;;9925.0;0.0
av_SUGAR_d2;16700;INTARIAN_PEPPER_ROOT;12366;11;12363;17;;;12372;12;12374;29;;;12369.0;0.0
av_SUGAR_d2;16800;ASH_COATED_OSMIUM;9907;6;9903;19;;;9942;12;9946;11;;;9924.5;0.0
av_SUGAR_d2;16800;INTARIAN_PEPPER_ROOT;12367;9;12364;17;;;12373;15;12375;16;;;12370.0;0.0
av_SUGAR_d2;16900;ASH_COATED_OSMIUM;9917;9;9913;21;;;9932;10;9936;14;;;9924.5;0.0
av_SUGAR_d2;16900;INTARIAN_PEPPER_ROOT;12367;14;12363;17;;;12373;17;12377;13;;;12370.0;0.0
av_SUGAR_d2;17000;ASH_COATED_OSMIUM;9922;11;9918;28;;;9928;17;9931;26;;;9925.0;0.0
av_SUGAR_d2;17000;INTARIAN_PEPPER_ROOT;12368;12;12364;13;;;12374;9;12377;17;;;12371.0;0.0
av_SUGAR_d2;17100;ASH_COATED_OSMIUM;9922;17;9919;17;;;9928;16;9932;16;;;9925.0;0.0
av_SUGAR_d2;17100;INTARIAN_PEPPER_ROOT;12369;10;12366;19;;;12375;13;12377;13;;;12372.0;0.0
av_SUGAR_d2;17200;ASH_COATED_OSMIUM;9915;30;9911;9;;;9936;9;9938;17;;;9925.5;0.0
av_SUGAR_d2;17200;INTARIAN_PEPPER_ROOT;12366;16;12362;16;;;12378;13;12380;14;;;12372.0;0.0
av_SUGAR_d2;17300;ASH_COATED_OSMIUM;9914;6;9911;21;;;9939;19;9942;18;;;9926.5;0.0
av_SUGAR_d2;17300;INTARIAN_PEPPER_ROOT;12370;6;12366;29;;;12377;18;12381;18;;;12373.5;0.0
av_SUGAR_d2;17400;ASH_COATED_OSMIUM;9923;17;9921;10;;;9929;7;9931;22;;;9926.0;0.0
av_SUGAR_d2;17400;INTARIAN_PEPPER_ROOT;12371;7;12367;24;;;12377;19;12379;17;;;12374.0;0.0
av_SUGAR_d2;17500;ASH_COATED_OSMIUM;9922;11;9918;22;;;9928;11;9932;26;;;9925.0;0.0
av_SUGAR_d2;17500;INTARIAN_PEPPER_ROOT;12362;29;12360;13;;;12387;16;12390;22;;;12374.5;0.0
av_SUGAR_d2;17600;ASH_COATED_OSMIUM;9920;12;9918;21;;;9930;22;9932;22;;;9925.0;0.0
av_SUGAR_d2;17600;INTARIAN_PEPPER_ROOT;12373;12;12371;16;;;12379;12;12381;23;;;12376.0;0.0
av_SUGAR_d2;17700;ASH_COATED_OSMIUM;9923;18;9919;23;;;9929;15;9932;28;;;9926.0;0.0
av_SUGAR_d2;17700;INTARIAN_PEPPER_ROOT;12373;8;12371;8;;;12379;14;12383;22;;;12376.0;0.0
av_SUGAR_d2;17800;ASH_COATED_OSMIUM;9920;20;9917;23;;;9931;19;9934;21;;;9925.5;0.0
av_SUGAR_d2;17800;INTARIAN_PEPPER_ROOT;12374;10;12372;32;;;12380;16;12383;23;;;12377.0;0.0
av_SUGAR_d2;17900;ASH_COATED_OSMIUM;9923;19;9921;20;;;9929;19;9931;20;;;9926.0;0.0
av_SUGAR_d2;17900;INTARIAN_PEPPER_ROOT;12375;10;12372;25;;;12382;16;12386;15;;;12378.5;0.0
av_SUGAR_d2;18000;ASH_COATED_OSMIUM;9922;12;9920;22;;;9930;20;9932;27;;;9926.0;0.0
av_SUGAR_d2;18000;INTARIAN_PEPPER_ROOT;12376;19;12372;26;;;12382;17;12386;29;;;12379.0;0.0
av_SUGAR_d2;18100;ASH_COATED_OSMIUM;9923;10;9919;18;;;9929;26;9931;23;;;9926.0;0.0
av_SUGAR_d2;18100;INTARIAN_PEPPER_ROOT;12375;18;12372;15;;;12384;24;12387;15;;;12379.5;0.0
av_SUGAR_d2;18200;ASH_COATED_OSMIUM;9923;16;9919;14;;;9929;15;9931;24;;;9926.0;0.0
av_SUGAR_d2;18200;INTARIAN_PEPPER_ROOT;12376;10;12373;12;;;12385;10;12388;21;;;12380.5;0.0
av_SUGAR_d2;18300;ASH_COATED_OSMIUM;9917;12;9913;20;;;9936;20;9939;21;;;9926.5;0.0
av_SUGAR_d2;18300;INTARIAN_PEPPER_ROOT;12375;12;12372;9;;;12389;7;12393;9;;;12382.0;0.0
av_SUGAR_d2;18400;ASH_COATED_OSMIUM;9923;19;9919;27;;;9929;20;9933;14;;;9926.0;0.0
av_SUGAR_d2;18400;INTARIAN_PEPPER_ROOT;12378;15;12374;15;;;12386;17;12388;13;;;12382.0;0.0
av_SUGAR_d2;18500;ASH_COATED_OSMIUM;9923;8;9919;29;;;9929;20;9931;21;;;9926.0;0.0
av_SUGAR_d2;18500;INTARIAN_PEPPER_ROOT;12379;18;12375;23;;;12385;20;12387;24;;;12382.0;0.0
av_SUGAR_d2;18600;ASH_COATED_OSMIUM;9923;14;9919;25;;;9929;12;9933;21;;;9926.0;0.0
av_SUGAR_d2;18600;INTARIAN_PEPPER_ROOT;12381;9;12379;20;;;12387;8;12391;23;;;12384.0;0.0
av_SUGAR_d2;18700;ASH_COATED_OSMIUM;9911;14;9908;31;;;9941;5;9943;18;;;9926.0;0.0
av_SUGAR_d2;18700;INTARIAN_PEPPER_ROOT;12381;21;12378;28;;;12387;16;12389;23;;;12384.0;0.0
av_SUGAR_d2;18800;ASH_COATED_OSMIUM;9914;22;9912;18;;;9937;7;9939;19;;;9925.5;0.0
av_SUGAR_d2;18800;INTARIAN_PEPPER_ROOT;12380;16;12378;16;;;12391;15;12394;15;;;12385.5;0.0
av_SUGAR_d2;18900;ASH_COATED_OSMIUM;9923;21;9919;20;;;9929;13;9931;19;;;9926.0;0.0
av_SUGAR_d2;18900;INTARIAN_PEPPER_ROOT;12374;12;12372;13;;;12396;15;12400;17;;;12385.0;0.0
av_SUGAR_d2;19000;ASH_COATED_OSMIUM;9923;14;9921;19;;;9929;18;9931;23;;;9926.0;0.0
av_SUGAR_d2;19000;INTARIAN_PEPPER_ROOT;12384;15;12382;11;;;12390;23;12394;15;;;12387.0;0.0
av_SUGAR_d2;19100;ASH_COATED_OSMIUM;9924;8;9920;21;;;9930;7;9933;22;;;9927.0;0.0
av_SUGAR_d2;19100;INTARIAN_PEPPER_ROOT;12384;25;12381;22;;;12390;11;12392;20;;;12387.0;0.0
av_SUGAR_d2;19200;ASH_COATED_OSMIUM;9907;14;9904;13;;;9945;11;9947;19;;;9926.0;0.0
av_SUGAR_d2;19200;INTARIAN_PEPPER_ROOT;12386;12;12383;15;;;12392;14;12394;15;;;12389.0;0.0
av_SUGAR_d2;19300;ASH_COATED_OSMIUM;9923;19;9919;19;;;9929;20;9933;14;;;9926.0;0.0
av_SUGAR_d2;19300;INTARIAN_PEPPER_ROOT;12386;16;12383;17;;;12392;15;12394;23;;;12389.0;0.0
av_SUGAR_d2;19400;ASH_COATED_OSMIUM;9924;19;9920;19;;;9930;5;9933;10;;;9927.0;0.0
av_SUGAR_d2;19400;INTARIAN_PEPPER_ROOT;12387;14;12384;26;;;12393;19;12397;13;;;12390.0;0.0
av_SUGAR_d2;19500;ASH_COATED_OSMIUM;9923;7;9919;15;;;9929;6;9932;22;;;9926.0;0.0
av_SUGAR_d2;19500;INTARIAN_PEPPER_ROOT;12382;18;12380;20;;;12400;7;12403;24;;;12391.0;0.0
av_SUGAR_d2;19600;ASH_COATED_OSMIUM;9919;16;9916;22;;;9935;13;9937;23;;;9927.0;0.0
av_SUGAR_d2;19600;INTARIAN_PEPPER_ROOT;12389;12;12387;16;;;12395;12;12397;16;;;12392.0;0.0
av_SUGAR_d2;19700;ASH_COATED_OSMIUM;9923;22;9919;22;;;9929;18;9931;19;;;9926.0;0.0
av_SUGAR_d2;19700;INTARIAN_PEPPER_ROOT;12389;12;12386;20;;;12395;12;12397;12;;;12392.0;0.0
av_SUGAR_d2;19800;ASH_COATED_OSMIUM;9924;15;9922;17;;;9930;17;9934;11;;;9927.0;0.0
av_SUGAR_d2;19800;INTARIAN_PEPPER_ROOT;12390;22;12388;14;;;12396;7;12399;27;;;12393.0;0.0
av_SUGAR_d2;19900;ASH_COATED_OSMIUM;9920;12;9918;17;;;9933;13;9937;27;;;9926.5;0.0
av_SUGAR_d2;19900;INTARIAN_PEPPER_ROOT;12391;14;12389;26;;;12397;9;12399;10;;;12394.0;0.0
av_SUGAR_d2;20000;ASH_COATED_OSMIUM;9921;9;9919;21;;;9932;21;9936;10;;;9926.5;0.0
av_SUGAR_d2;20000;INTARIAN_PEPPER_ROOT;12389;13;12386;22;;;12401;17;12404;21;;;12395.0;0.0
av_SUGAR_d2;20100;ASH_COATED_OSMIUM;9924;9;9922;20;;;9930;11;9934;15;;;9927.0;0.0
av_SUGAR_d2;20100;INTARIAN_PEPPER_ROOT;12393;12;12390;20;;;12399;14;12401;24;;;12396.0;0.0
av_SUGAR_d2;20200;ASH_COATED_OSMIUM;9917;11;9913;18;;;9936;22;9939;18;;;9926.5;0.0
av_SUGAR_d2;20200;INTARIAN_PEPPER_ROOT;12387;13;12383;19;;;12407;13;12411;13;;;12397.0;0.0
av_SUGAR_d2;20300;ASH_COATED_OSMIUM;9924;20;9920;19;;;9930;5;9934;14;;;9927.0;0.0
av_SUGAR_d2;20300;INTARIAN_PEPPER_ROOT;12379;17;12376;8;;;12416;13;12420;26;;;12397.5;0.0
av_SUGAR_d2;20400;ASH_COATED_OSMIUM;9916;17;9912;12;;;9939;20;9941;16;;;9927.5;0.0
av_SUGAR_d2;20400;INTARIAN_PEPPER_ROOT;12395;19;12393;16;;;12401;9;12405;18;;;12398.0;0.0
av_SUGAR_d2;20500;ASH_COATED_OSMIUM;9924;19;9922;12;;;9930;5;9934;15;;;9927.0;0.0
av_SUGAR_d2;20500;INTARIAN_PEPPER_ROOT;12395;13;12393;15;;;12403;17;12407;20;;;12399.0;0.0
av_SUGAR_d2;20600;ASH_COATED_OSMIUM;9923;14;9919;22;;;9932;21;9935;22;;;9927.5;0.0
av_SUGAR_d2;20600;INTARIAN_PEPPER_ROOT;12389;12;12387;20;;;12410;14;12413;20;;;12399.5;0.0
av_SUGAR_d2;20700;ASH_COATED_OSMIUM;9924;15;9920;20;;;9930;21;9932;28;;;9927.0;0.0
av_SUGAR_d2;20700;INTARIAN_PEPPER_ROOT;12398;8;12396;18;;;12404;13;12406;21;;;12401.0;0.0
av_SUGAR_d2;20800;ASH_COATED_OSMIUM;9924;21;9921;28;;;9930;15;9933;20;;;9927.0;0.0
av_SUGAR_d2;20800;INTARIAN_PEPPER_ROOT;12395;9;12392;20;;;12407;13;12410;17;;;12401.0;0.0
av_SUGAR_d2;20900;ASH_COATED_OSMIUM;9924;20;9922;13;;;9930;11;9932;19;;;9927.0;0.0
av_SUGAR_d2;20900;INTARIAN_PEPPER_ROOT;12399;17;12395;15;;;12405;13;12408;19;;;12402.0;0.0
av_SUGAR_d2;21000;ASH_COATED_OSMIUM;9921;15;9918;9;;;9933;7;9936;16;;;9927.0;0.0
av_SUGAR_d2;21000;INTARIAN_PEPPER_ROOT;12400;17;12397;13;;;12406;20;12410;19;;;12403.0;0.0
av_SUGAR_d2;21100;ASH_COATED_OSMIUM;9921;16;9917;15;;;9934;11;9936;24;;;9927.5;0.0
av_SUGAR_d2;21100;INTARIAN_PEPPER_ROOT;12387;21;12385;15;;;12420;13;12424;15;;;12403.5;0.0
av_SUGAR_d2;21200;ASH_COATED_OSMIUM;9925;22;9922;25;;;9931;24;9934;27;;;9928.0;0.0
av_SUGAR_d2;21200;INTARIAN_PEPPER_ROOT;12400;23;12396;20;;;12408;15;12411;15;;;12404.0;0.0
av_SUGAR_d2;21300;ASH_COATED_OSMIUM;9915;23;9912;20;;;9940;10;9944;24;;;9927.5;0.0
av_SUGAR_d2;21300;INTARIAN_PEPPER_ROOT;12393;25;12391;23;;;12417;18;12421;25;;;12405.0;0.0
av_SUGAR_d2;21400;ASH_COATED_OSMIUM;9925;18;9922;25;;;9931;21;9935;19;;;9928.0;0.0
av_SUGAR_d2;21400;INTARIAN_PEPPER_ROOT;12404;15;12400;24;;;12410;7;12413;26;;;12407.0;0.0
av_SUGAR_d2;21500;ASH_COATED_OSMIUM;9925;17;9921;17;;;9931;6;9933;23;;;9928.0;0.0
av_SUGAR_d2;21500;INTARIAN_PEPPER_ROOT;12404;5;12402;8;;;12410;20;12414;14;;;12407.0;0.0
av_SUGAR_d2;21600;ASH_COATED_OSMIUM;9925;15;9921;19;;;9931;18;9933;25;;;9928.0;0.0
av_SUGAR_d2;21600;INTARIAN_PEPPER_ROOT;12405;14;12402;21;;;12411;15;12413;15;;;12408.0;0.0
av_SUGAR_d2;21700;ASH_COATED_OSMIUM;9910;16;9907;32;;;9945;18;9947;25;;;9927.5;0.0
av_SUGAR_d2;21700;INTARIAN_PEPPER_ROOT;12391;10;12388;18;;;12425;12;12428;26;;;12408.0;0.0
av_SUGAR_d2;21800;ASH_COATED_OSMIUM;9925;22;9923;18;;;9931;13;9934;23;;;9928.0;0.0
av_SUGAR_d2;21800;INTARIAN_PEPPER_ROOT;12405;9;12403;11;;;12413;5;12416;12;;;12409.0;0.0
av_SUGAR_d2;21900;ASH_COATED_OSMIUM;9908;6;9905;17;;;9947;18;9950;21;;;9927.5;0.0
av_SUGAR_d2;21900;INTARIAN_PEPPER_ROOT;12398;14;12395;20;;;12422;24;12426;15;;;12410.0;0.0
av_SUGAR_d2;22000;ASH_COATED_OSMIUM;9924;13;9922;18;;;9931;8;9935;22;;;9927.5;0.0
av_SUGAR_d2;22000;INTARIAN_PEPPER_ROOT;12408;18;12405;13;;;12414;16;12417;16;;;12411.0;0.0
av_SUGAR_d2;22100;ASH_COATED_OSMIUM;9924;19;9921;22;;;9931;13;9933;21;;;9927.5;0.0
av_SUGAR_d2;22100;INTARIAN_PEPPER_ROOT;12408;8;12404;26;;;12414;17;12417;14;;;12411.0;0.0
av_SUGAR_d2;22200;ASH_COATED_OSMIUM;9925;17;9923;16;;;9931;18;9933;16;;;9928.0;0.0
av_SUGAR_d2;22200;INTARIAN_PEPPER_ROOT;12406;10;12403;23;;;12418;15;12421;17;;;12412.0;0.0
av_SUGAR_d2;22300;ASH_COATED_OSMIUM;9926;14;9923;21;;;9932;13;9935;18;;;9929.0;0.0
av_SUGAR_d2;22300;INTARIAN_PEPPER_ROOT;12411;14;12407;15;;;12417;9;12421;23;;;12414.0;0.0
av_SUGAR_d2;22400;ASH_COATED_OSMIUM;9922;11;9920;31;;;9934;23;9937;13;;;9928.0;0.0
av_SUGAR_d2;22400;INTARIAN_PEPPER_ROOT;12406;16;12403;13;;;12421;23;12424;14;;;12413.5;0.0
av_SUGAR_d2;22500;ASH_COATED_OSMIUM;9925;16;9923;8;;;9931;22;9934;19;;;9928.0;0.0
av_SUGAR_d2;22500;INTARIAN_PEPPER_ROOT;12410;22;12408;23;;;12420;11;12423;20;;;12415.0;0.0
av_SUGAR_d2;22600;ASH_COATED_OSMIUM;9925;12;9922;21;;;9931;14;9934;20;;;9928.0;0.0
av_SUGAR_d2;22600;INTARIAN_PEPPER_ROOT;12413;22;12411;18;;;12419;10;12421;21;;;12416.0;0.0
av_SUGAR_d2;22700;ASH_COATED_OSMIUM;9913;18;9909;24;;;9944;12;9946;20;;;9928.5;0.0
av_SUGAR_d2;22700;INTARIAN_PEPPER_ROOT;12413;15;12409;17;;;12419;16;12421;20;;;12416.0;0.0
av_SUGAR_d2;22800;ASH_COATED_OSMIUM;9924;7;9921;16;;;9932;18;9935;12;;;9928.0;0.0
av_SUGAR_d2;22800;INTARIAN_PEPPER_ROOT;12414;10;12410;18;;;12420;7;12424;16;;;12417.0;0.0
av_SUGAR_d2;22900;ASH_COATED_OSMIUM;9922;8;9920;17;;;9934;12;9936;20;;;9928.0;0.0
av_SUGAR_d2;22900;INTARIAN_PEPPER_ROOT;12414;17;12411;15;;;12420;11;12423;23;;;12417.0;0.0
av_SUGAR_d2;23000;ASH_COATED_OSMIUM;9923;13;9919;14;;;9934;12;9936;13;;;9928.5;0.0
av_SUGAR_d2;23000;INTARIAN_PEPPER_ROOT;12414;25;12412;15;;;12425;19;12429;22;;;12419.5;0.0
av_SUGAR_d2;23100;ASH_COATED_OSMIUM;9926;14;9922;14;;;9932;13;9935;20;;;9929.0;0.0
av_SUGAR_d2;23100;INTARIAN_PEPPER_ROOT;12417;11;12414;12;;;12423;5;12426;15;;;12420.0;0.0
av_SUGAR_d2;23200;ASH_COATED_OSMIUM;9925;12;9922;26;;;9931;13;9933;11;;;9928.0;0.0
av_SUGAR_d2;23200;INTARIAN_PEPPER_ROOT;12417;7;12413;25;;;12425;12;12429;17;;;12421.0;0.0
av_SUGAR_d2;23300;ASH_COATED_OSMIUM;9925;7;9923;15;;;9931;10;9934;18;;;9928.0;0.0
av_SUGAR_d2;23300;INTARIAN_PEPPER_ROOT;12418;10;12416;17;;;12424;14;12427;22;;;12421.0;0.0
av_SUGAR_d2;23400;ASH_COATED_OSMIUM;9921;9;9919;23;;;9936;17;9940;21;;;9928.5;0.0
av_SUGAR_d2;23400;INTARIAN_PEPPER_ROOT;12420;9;12418;14;;;12426;5;12429;18;;;12423.0;0.0
av_SUGAR_d2;23500;ASH_COATED_OSMIUM;9925;10;9923;13;;;9931;11;9935;24;;;9928.0;0.0
av_SUGAR_d2;23500;INTARIAN_PEPPER_ROOT;12415;20;12411;20;;;12430;8;12434;14;;;12422.5;0.0
av_SUGAR_d2;23600;ASH_COATED_OSMIUM;9925;16;9921;20;;;9932;13;9934;17;;;9928.5;0.0
av_SUGAR_d2;23600;INTARIAN_PEPPER_ROOT;12421;18;12417;18;;;12427;5;12429;15;;;12424.0;0.0
av_SUGAR_d2;23700;ASH_COATED_OSMIUM;9925;21;9921;14;;;9932;20;9936;19;;;9928.5;0.0
av_SUGAR_d2;23700;INTARIAN_PEPPER_ROOT;12421;21;12417;17;;;12427;24;12430;22;;;12424.0;0.0
av_SUGAR_d2;23800;ASH_COATED_OSMIUM;9925;18;9921;18;;;9932;11;9934;19;;;9928.5;0.0
av_SUGAR_d2;23800;INTARIAN_PEPPER_ROOT;12423;21;12420;26;;;12429;8;12431;18;;;12426.0;0.0
av_SUGAR_d2;23900;ASH_COATED_OSMIUM;9925;13;9923;23;;;9934;9;9937;16;;;9929.5;0.0
av_SUGAR_d2;23900;INTARIAN_PEPPER_ROOT;12423;23;12421;26;;;12429;18;12432;17;;;12426.0;0.0
av_SUGAR_d2;24000;ASH_COATED_OSMIUM;9925;26;9921;9;;;9933;13;9935;14;;;9929.0;0.0
av_SUGAR_d2;24000;INTARIAN_PEPPER_ROOT;12425;15;12422;20;;;12431;27;12434;22;;;12428.0;0.0
av_SUGAR_d2;24100;ASH_COATED_OSMIUM;9924;12;9922;27;;;9935;12;9939;13;;;9929.5;0.0
av_SUGAR_d2;24100;INTARIAN_PEPPER_ROOT;12419;20;12415;12;;;12436;20;12439;16;;;12427.5;0.0
av_SUGAR_d2;24200;ASH_COATED_OSMIUM;9926;6;9923;17;;;9933;12;9936;21;;;9929.5;0.0
av_SUGAR_d2;24200;INTARIAN_PEPPER_ROOT;12426;12;12423;20;;;12432;17;12436;21;;;12429.0;0.0
av_SUGAR_d2;24300;ASH_COATED_OSMIUM;9914;13;9911;15;;;9945;12;9948;12;;;9929.5;0.0
av_SUGAR_d2;24300;INTARIAN_PEPPER_ROOT;12427;26;12424;22;;;12433;6;12436;17;;;12430.0;0.0
av_SUGAR_d2;24400;ASH_COATED_OSMIUM;9927;18;9923;19;;;9933;15;9935;19;;;9930.0;0.0
av_SUGAR_d2;24400;INTARIAN_PEPPER_ROOT;12427;22;12425;24;;;12434;10;12436;22;;;12430.5;0.0
av_SUGAR_d2;24500;ASH_COATED_OSMIUM;9926;18;9922;27;;;9932;19;9936;20;;;9929.0;0.0
av_SUGAR_d2;24500;INTARIAN_PEPPER_ROOT;12428;7;12426;19;;;12434;13;12436;8;;;12431.0;0.0
av_SUGAR_d2;24600;ASH_COATED_OSMIUM;9926;15;9924;16;;;9932;17;9935;8;;;9929.0;0.0
av_SUGAR_d2;24600;INTARIAN_PEPPER_ROOT;12429;16;12425;20;;;12435;13;12439;12;;;12432.0;0.0
av_SUGAR_d2;24700;ASH_COATED_OSMIUM;9925;23;9922;23;;;9934;10;9938;23;;;9929.5;0.0
av_SUGAR_d2;24700;INTARIAN_PEPPER_ROOT;12427;10;12425;23;;;12438;24;12441;20;;;12432.5;0.0
av_SUGAR_d2;24800;ASH_COATED_OSMIUM;9917;13;9915;16;;;9942;17;9946;21;;;9929.5;0.0
av_SUGAR_d2;24800;INTARIAN_PEPPER_ROOT;12428;14;12425;16;;;12439;19;12441;18;;;12433.5;0.0
av_SUGAR_d2;24900;ASH_COATED_OSMIUM;9927;14;9924;21;;;9933;8;9936;24;;;9930.0;0.0
av_SUGAR_d2;24900;INTARIAN_PEPPER_ROOT;12432;8;12430;17;;;12438;21;12441;22;;;12435.0;0.0
av_SUGAR_d2;25000;ASH_COATED_OSMIUM;9926;19;9924;15;;;9932;9;9935;24;;;9929.0;0.0
av_SUGAR_d2;25000;INTARIAN_PEPPER_ROOT;12432;16;12429;16;;;12438;13;12442;17;;;12435.0;0.0
av_SUGAR_d2;25100;ASH_COATED_OSMIUM;9927;17;9925;18;;;9933;12;9936;21;;;9930.0;0.0
av_SUGAR_d2;25100;INTARIAN_PEPPER_ROOT;12433;19;12430;20;;;12439;13;12443;28;;;12436.0;0.0
av_SUGAR_d2;25200;ASH_COATED_OSMIUM;9925;12;9921;12;;;9934;14;9936;27;;;9929.5;0.0
av_SUGAR_d2;25200;INTARIAN_PEPPER_ROOT;12423;15;12421;16;;;12450;17;12454;14;;;12436.5;0.0
av_SUGAR_d2;25300;ASH_COATED_OSMIUM;9926;10;9923;16;;;9933;16;9936;17;;;9929.5;0.0
av_SUGAR_d2;25300;INTARIAN_PEPPER_ROOT;12434;5;12431;30;;;12440;17;12444;26;;;12437.0;0.0
av_SUGAR_d2;25400;ASH_COATED_OSMIUM;9925;13;9922;24;;;9933;21;9935;25;;;9929.0;0.0
av_SUGAR_d2;25400;INTARIAN_PEPPER_ROOT;12435;12;12432;17;;;12441;10;12445;23;;;12438.0;0.0
av_SUGAR_d2;25500;ASH_COATED_OSMIUM;9927;25;9925;23;;;9933;19;9937;24;;;9930.0;0.0
av_SUGAR_d2;25500;INTARIAN_PEPPER_ROOT;12427;21;12425;18;;;12451;23;12453;20;;;12439.0;0.0
av_SUGAR_d2;25600;ASH_COATED_OSMIUM;9927;19;9924;16;;;9933;21;9936;19;;;9930.0;0.0
av_SUGAR_d2;25600;INTARIAN_PEPPER_ROOT;12437;11;12434;14;;;12443;7;12445;16;;;12440.0;0.0
av_SUGAR_d2;25700;ASH_COATED_OSMIUM;9920;22;9917;31;;;9940;12;9942;17;;;9930.0;0.0
av_SUGAR_d2;25700;INTARIAN_PEPPER_ROOT;12435;10;12432;17;;;12447;13;12451;18;;;12441.0;0.0
av_SUGAR_d2;25800;ASH_COATED_OSMIUM;9925;8;9921;21;;;9935;22;9938;23;;;9930.0;0.0
av_SUGAR_d2;25800;INTARIAN_PEPPER_ROOT;12438;15;12434;14;;;12444;14;12446;19;;;12441.0;0.0
av_SUGAR_d2;25900;ASH_COATED_OSMIUM;9927;9;9925;10;;;9933;13;9937;21;;;9930.0;0.0
av_SUGAR_d2;25900;INTARIAN_PEPPER_ROOT;12440;6;12436;22;;;12446;17;12449;19;;;12443.0;0.0
av_SUGAR_d2;26000;ASH_COATED_OSMIUM;9927;20;9923;8;;;9933;17;9936;26;;;9930.0;0.0
av_SUGAR_d2;26000;INTARIAN_PEPPER_ROOT;12439;11;12435;24;;;12447;13;12449;21;;;12443.0;0.0
av_SUGAR_d2;26100;ASH_COATED_OSMIUM;9927;5;9925;27;;;9934;12;9938;22;;;9930.5;0.0
av_SUGAR_d2;26100;INTARIAN_PEPPER_ROOT;12441;15;12439;21;;;12447;15;12450;21;;;12444.0;0.0
av_SUGAR_d2;26200;ASH_COATED_OSMIUM;9927;24;9925;12;;;9933;16;9937;18;;;9930.0;0.0
av_SUGAR_d2;26200;INTARIAN_PEPPER_ROOT;12441;22;12438;16;;;12447;14;12451;16;;;12444.0;0.0
av_SUGAR_d2;26300;ASH_COATED_OSMIUM;9927;14;9923;21;;;9933;20;9935;24;;;9930.0;0.0
av_SUGAR_d2;26300;INTARIAN_PEPPER_ROOT;12443;17;12441;24;;;12449;9;12451;29;;;12446.0;0.0
av_SUGAR_d2;26400;ASH_COATED_OSMIUM;9927;22;9925;19;;;9933;10;9937;16;;;9930.0;0.0
av_SUGAR_d2;26400;INTARIAN_PEPPER_ROOT;12443;19;12439;18;;;12449;17;12451;20;;;12446.0;0.0
av_SUGAR_d2;26500;ASH_COATED_OSMIUM;9925;14;9921;24;;;9935;18;9939;17;;;9930.0;0.0
av_SUGAR_d2;26500;INTARIAN_PEPPER_ROOT;12440;17;12437;28;;;12455;19;12459;8;;;12447.5;0.0
av_SUGAR_d2;26600;ASH_COATED_OSMIUM;9925;24;9923;20;;;9936;15;9940;22;;;9930.5;0.0
av_SUGAR_d2;26600;INTARIAN_PEPPER_ROOT;12445;18;12443;17;;;12451;21;12453;22;;;12448.0;0.0
av_SUGAR_d2;26700;ASH_COATED_OSMIUM;9928;27;9925;20;;;9934;21;9937;16;;;9931.0;0.0
av_SUGAR_d2;26700;INTARIAN_PEPPER_ROOT;12444;6;12441;23;;;12452;13;12456;21;;;12448.0;0.0
av_SUGAR_d2;26800;ASH_COATED_OSMIUM;9927;13;9924;23;;;9933;18;9936;19;;;9930.0;0.0
av_SUGAR_d2;26800;INTARIAN_PEPPER_ROOT;12446;20;12442;18;;;12452;19;12455;20;;;12449.0;0.0
av_SUGAR_d2;26900;ASH_COATED_OSMIUM;9924;14;9921;19;;;9937;15;9940;24;;;9930.5;0.0
av_SUGAR_d2;26900;INTARIAN_PEPPER_ROOT;12447;9;12444;20;;;12453;15;12457;19;;;12450.0;0.0
av_SUGAR_d2;27000;ASH_COATED_OSMIUM;9918;17;9916;16;;;9942;21;9944;12;;;9930.0;0.0
av_SUGAR_d2;27000;INTARIAN_PEPPER_ROOT;12448;11;12444;15;;;12455;18;12458;25;;;12451.5;0.0
av_SUGAR_d2;27100;ASH_COATED_OSMIUM;9928;16;9925;26;;;9934;12;9936;17;;;9931.0;0.0
av_SUGAR_d2;27100;INTARIAN_PEPPER_ROOT;12448;13;12446;23;;;12454;24;12456;21;;;12451.0;0.0
av_SUGAR_d2;27200;ASH_COATED_OSMIUM;9928;21;9926;19;;;9934;6;9938;18;;;9931.0;0.0
av_SUGAR_d2;27200;INTARIAN_PEPPER_ROOT;12450;7;12446;22;;;12456;14;12458;16;;;12453.0;0.0
av_SUGAR_d2;27300;ASH_COATED_OSMIUM;9928;12;9924;19;;;9934;13;9936;16;;;9931.0;0.0
av_SUGAR_d2;27300;INTARIAN_PEPPER_ROOT;12451;8;12449;16;;;12457;20;12461;19;;;12454.0;0.0
av_SUGAR_d2;27400;ASH_COATED_OSMIUM;9928;7;9925;19;;;9934;8;9937;23;;;9931.0;0.0
av_SUGAR_d2;27400;INTARIAN_PEPPER_ROOT;12450;21;12446;16;;;12458;9;12460;9;;;12454.0;0.0
av_SUGAR_d2;27500;ASH_COATED_OSMIUM;9916;17;9914;21;;;9944;10;9948;14;;;9930.0;0.0
av_SUGAR_d2;27500;INTARIAN_PEPPER_ROOT;12452;21;12449;24;;;12458;6;12461;16;;;12455.0;0.0
av_SUGAR_d2;27600;ASH_COATED_OSMIUM;9928;5;9926;9;;;9934;30;9938;25;;;9931.0;0.0
av_SUGAR_d2;27600;INTARIAN_PEPPER_ROOT;12453;14;12451;15;;;12459;7;12461;15;;;12456.0;0.0
av_SUGAR_d2;27700;ASH_COATED_OSMIUM;9925;17;9923;19;;;9935;14;9937;15;;;9930.0;0.0
av_SUGAR_d2;27700;INTARIAN_PEPPER_ROOT;12452;22;12449;14;;;12461;25;12463;21;;;12456.5;0.0
av_SUGAR_d2;27800;ASH_COATED_OSMIUM;9924;8;9920;23;;;9937;14;9939;11;;;9930.5;0.0
av_SUGAR_d2;27800;INTARIAN_PEPPER_ROOT;12451;19;12449;14;;;12465;12;12468;19;;;12458.0;0.0
av_SUGAR_d2;27900;ASH_COATED_OSMIUM;9928;25;9926;25;;;9934;11;9937;25;;;9931.0;0.0
av_SUGAR_d2;27900;INTARIAN_PEPPER_ROOT;12455;21;12453;18;;;12462;23;12464;13;;;12458.5;0.0
av_SUGAR_d2;28000;ASH_COATED_OSMIUM;9927;11;9923;24;;;9935;14;9939;18;;;9931.0;0.0
av_SUGAR_d2;28000;INTARIAN_PEPPER_ROOT;12456;13;12454;26;;;12462;17;12466;17;;;12459.0;0.0
av_SUGAR_d2;28100;ASH_COATED_OSMIUM;9927;20;9924;26;;;9936;19;9939;16;;;9931.5;0.0
av_SUGAR_d2;28100;INTARIAN_PEPPER_ROOT;12457;14;12454;19;;;12463;17;12466;17;;;12460.0;0.0
av_SUGAR_d2;28200;ASH_COATED_OSMIUM;9920;16;9917;25;;;9943;14;9947;19;;;9931.5;0.0
av_SUGAR_d2;28200;INTARIAN_PEPPER_ROOT;12458;17;12454;22;;;12464;12;12468;17;;;12461.0;0.0
av_SUGAR_d2;28300;ASH_COATED_OSMIUM;9922;8;9918;22;;;9941;18;9944;20;;;9931.5;0.0
av_SUGAR_d2;28300;INTARIAN_PEPPER_ROOT;12459;7;12457;19;;;12465;13;12467;19;;;12462.0;0.0
av_SUGAR_d2;28400;ASH_COATED_OSMIUM;9929;12;9926;24;;;9935;18;9937;10;;;9932.0;0.0
av_SUGAR_d2;28400;INTARIAN_PEPPER_ROOT;12452;14;12450;15;;;12475;19;12479;23;;;12463.5;0.0
av_SUGAR_d2;28500;ASH_COATED_OSMIUM;9924;17;9921;22;;;9938;9;9942;19;;;9931.0;0.0
av_SUGAR_d2;28500;INTARIAN_PEPPER_ROOT;12460;21;12456;20;;;12466;16;12468;25;;;12463.0;0.0
av_SUGAR_d2;28600;ASH_COATED_OSMIUM;9928;23;9924;10;;;9935;12;9939;26;;;9931.5;0.0
av_SUGAR_d2;28600;INTARIAN_PEPPER_ROOT;12461;16;12457;8;;;12467;19;12469;25;;;12464.0;0.0
av_SUGAR_d2;28700;ASH_COATED_OSMIUM;9928;17;9926;27;;;9934;19;9936;21;;;9931.0;0.0
av_SUGAR_d2;28700;INTARIAN_PEPPER_ROOT;12450;11;12446;16;;;12479;14;12481;28;;;12464.5;0.0
av_SUGAR_d2;28800;ASH_COATED_OSMIUM;9928;5;9924;23;;;9936;20;9940;20;;;9932.0;0.0
av_SUGAR_d2;28800;INTARIAN_PEPPER_ROOT;12457;19;12454;19;;;12474;13;12477;12;;;12465.5;0.0
av_SUGAR_d2;28900;ASH_COATED_OSMIUM;9929;25;9927;19;;;9935;13;9937;22;;;9932.0;0.0
av_SUGAR_d2;28900;INTARIAN_PEPPER_ROOT;12463;14;12461;28;;;12471;10;12475;14;;;12467.0;0.0
av_SUGAR_d2;29000;ASH_COATED_OSMIUM;9927;16;9924;27;;;9935;12;9938;22;;;9931.0;0.0
av_SUGAR_d2;29000;INTARIAN_PEPPER_ROOT;12464;14;12460;13;;;12470;16;12472;23;;;12467.0;0.0
av_SUGAR_d2;29100;ASH_COATED_OSMIUM;9928;16;9924;20;;;9934;6;9936;30;;;9931.0;0.0
av_SUGAR_d2;29100;INTARIAN_PEPPER_ROOT;12464;5;12460;21;;;12473;11;12475;17;;;12468.5;0.0
av_SUGAR_d2;29200;ASH_COATED_OSMIUM;9928;12;9926;20;;;9936;30;9939;18;;;9932.0;0.0
av_SUGAR_d2;29200;INTARIAN_PEPPER_ROOT;12465;16;12461;24;;;12471;12;12474;15;;;12468.0;0.0
av_SUGAR_d2;29300;ASH_COATED_OSMIUM;9928;21;9926;18;;;9936;17;9939;13;;;9932.0;0.0
av_SUGAR_d2;29300;INTARIAN_PEPPER_ROOT;12467;5;12465;23;;;12473;16;12476;22;;;12470.0;0.0
av_SUGAR_d2;29400;ASH_COATED_OSMIUM;9919;13;9916;16;;;9946;18;9948;20;;;9932.5;0.0
av_SUGAR_d2;29400;INTARIAN_PEPPER_ROOT;12468;15;12464;18;;;12474;13;12477;12;;;12471.0;0.0
av_SUGAR_d2;29500;ASH_COATED_OSMIUM;9919;13;9917;22;;;9944;9;9947;19;;;9931.5;0.0
av_SUGAR_d2;29500;INTARIAN_PEPPER_ROOT;12457;19;12455;20;;;12484;15;12487;18;;;12470.5;0.0
av_SUGAR_d2;29600;ASH_COATED_OSMIUM;9926;13;9924;23;;;9937;11;9940;24;;;9931.5;0.0
av_SUGAR_d2;29600;INTARIAN_PEPPER_ROOT;12465;19;12462;21;;;12480;17;12482;19;;;12472.5;0.0
av_SUGAR_d2;29700;ASH_COATED_OSMIUM;9924;18;9921;23;;;9940;10;9942;28;;;9932.0;0.0
av_SUGAR_d2;29700;INTARIAN_PEPPER_ROOT;12466;21;12462;24;;;12479;21;12483;17;;;12472.5;0.0
av_SUGAR_d2;29800;ASH_COATED_OSMIUM;9926;17;9922;21;;;9938;21;9940;16;;;9932.0;0.0
av_SUGAR_d2;29800;INTARIAN_PEPPER_ROOT;12471;19;12467;23;;;12477;16;12480;21;;;12474.0;0.0
av_SUGAR_d2;29900;ASH_COATED_OSMIUM;9929;6;9927;14;;;9935;18;9938;12;;;9932.0;0.0
av_SUGAR_d2;29900;INTARIAN_PEPPER_ROOT;12471;12;12468;19;;;12477;9;12480;13;;;12474.0;0.0
av_SUGAR_d2;30000;ASH_COATED_OSMIUM;9929;23;9925;17;;;9935;20;9937;31;;;9932.0;0.0
av_SUGAR_d2;30000;INTARIAN_PEPPER_ROOT;12466;11;12463;15;;;12483;10;12486;24;;;12474.5;0.0
av_SUGAR_d2;30100;ASH_COATED_OSMIUM;9929;12;9925;15;;;9935;9;9938;8;;;9932.0;0.0
av_SUGAR_d2;30100;INTARIAN_PEPPER_ROOT;12473;17;12469;19;;;12479;8;12482;11;;;12476.0;0.0
av_SUGAR_d2;30200;ASH_COATED_OSMIUM;9929;14;9926;21;;;9935;18;9938;19;;;9932.0;0.0
av_SUGAR_d2;30200;INTARIAN_PEPPER_ROOT;12474;16;12470;14;;;12480;9;12483;19;;;12477.0;0.0
av_SUGAR_d2;30300;ASH_COATED_OSMIUM;9929;19;9925;16;;;9935;17;9937;15;;;9932.0;0.0
av_SUGAR_d2;30300;INTARIAN_PEPPER_ROOT;12474;8;12471;24;;;12482;13;12484;9;;;12478.0;0.0
av_SUGAR_d2;30400;ASH_COATED_OSMIUM;9929;17;9925;28;;;9935;17;9939;18;;;9932.0;0.0
av_SUGAR_d2;30400;INTARIAN_PEPPER_ROOT;12476;17;12472;23;;;12482;22;12486;22;;;12479.0;0.0
av_SUGAR_d2;30500;ASH_COATED_OSMIUM;9922;21;9920;28;;;9941;13;9945;20;;;9931.5;0.0
av_SUGAR_d2;30500;INTARIAN_PEPPER_ROOT;12476;6;12473;22;;;12482;11;12484;25;;;12479.0;0.0
av_SUGAR_d2;30600;ASH_COATED_OSMIUM;9929;12;9926;19;;;9935;14;9938;17;;;9932.0;0.0
av_SUGAR_d2;30600;INTARIAN_PEPPER_ROOT;12474;18;12470;19;;;12487;12;12489;25;;;12480.5;0.0
av_SUGAR_d2;30700;ASH_COATED_OSMIUM;9929;9;9927;13;;;9935;14;9939;20;;;9932.0;0.0
av_SUGAR_d2;30700;INTARIAN_PEPPER_ROOT;12471;16;12467;26;;;12493;14;12495;22;;;12482.0;0.0
av_SUGAR_d2;30800;ASH_COATED_OSMIUM;9927;16;9925;17;;;9938;14;9942;20;;;9932.5;0.0
av_SUGAR_d2;30800;INTARIAN_PEPPER_ROOT;12479;10;12475;23;;;12485;13;12488;21;;;12482.0;0.0
av_SUGAR_d2;30900;ASH_COATED_OSMIUM;9929;20;9925;26;;;9935;19;9937;17;;;9932.0;0.0
av_SUGAR_d2;30900;INTARIAN_PEPPER_ROOT;12480;15;12478;24;;;12486;14;12489;13;;;12483.0;0.0
av_SUGAR_d2;31000;ASH_COATED_OSMIUM;9929;17;9925;26;;;9935;7;9937;18;;;9932.0;0.0
av_SUGAR_d2;31000;INTARIAN_PEPPER_ROOT;12477;26;12474;15;;;12489;14;12492;17;;;12483.0;0.0
av_SUGAR_d2;31100;ASH_COATED_OSMIUM;9929;18;9925;25;;;9935;20;9938;10;;;9932.0;0.0
av_SUGAR_d2;31100;INTARIAN_PEPPER_ROOT;12479;24;12476;28;;;12489;9;12493;19;;;12484.0;0.0
av_SUGAR_d2;31200;ASH_COATED_OSMIUM;9929;16;9926;23;;;9935;18;9938;16;;;9932.0;0.0
av_SUGAR_d2;31200;INTARIAN_PEPPER_ROOT;12483;14;12479;29;;;12489;16;12491;25;;;12486.0;0.0
av_SUGAR_d2;31300;ASH_COATED_OSMIUM;9930;19;9928;18;;;9936;13;9939;23;;;9933.0;0.0
av_SUGAR_d2;31300;INTARIAN_PEPPER_ROOT;12482;7;12478;20;;;12488;18;12492;10;;;12485.0;0.0
av_SUGAR_d2;31400;ASH_COATED_OSMIUM;9929;9;9926;14;;;9935;7;9939;12;;;9932.0;0.0
av_SUGAR_d2;31400;INTARIAN_PEPPER_ROOT;12484;16;12480;23;;;12490;14;12493;24;;;12487.0;0.0
av_SUGAR_d2;31500;ASH_COATED_OSMIUM;9929;10;9925;15;;;9935;19;9939;19;;;9932.0;0.0
av_SUGAR_d2;31500;INTARIAN_PEPPER_ROOT;12482;12;12479;18;;;12492;19;12495;20;;;12487.0;0.0
av_SUGAR_d2;31600;ASH_COATED_OSMIUM;9930;16;9927;10;;;9936;11;9940;24;;;9933.0;0.0
av_SUGAR_d2;31600;INTARIAN_PEPPER_ROOT;12475;16;12473;16;;;12501;6;12503;14;;;12488.0;0.0
av_SUGAR_d2;31700;ASH_COATED_OSMIUM;9925;17;9921;20;;;9940;15;9944;8;;;9932.5;0.0
av_SUGAR_d2;31700;INTARIAN_PEPPER_ROOT;12486;15;12482;19;;;12492;15;12494;24;;;12489.0;0.0
av_SUGAR_d2;31800;ASH_COATED_OSMIUM;9930;18;9927;15;;;9936;18;9938;13;;;9933.0;0.0
av_SUGAR_d2;31800;INTARIAN_PEPPER_ROOT;12487;13;12485;25;;;12493;13;12496;17;;;12490.0;0.0
av_SUGAR_d2;31900;ASH_COATED_OSMIUM;9930;13;9926;13;;;9936;5;9938;15;;;9933.0;0.0
av_SUGAR_d2;31900;INTARIAN_PEPPER_ROOT;12487;20;12485;17;;;12494;14;12497;20;;;12490.5;0.0
av_SUGAR_d2;32000;ASH_COATED_OSMIUM;9929;13;9927;27;;;9938;13;9940;16;;;9933.5;0.0
av_SUGAR_d2;32000;INTARIAN_PEPPER_ROOT;12488;6;12484;25;;;12494;13;12496;18;;;12491.0;0.0
av_SUGAR_d2;32100;ASH_COATED_OSMIUM;9916;13;9912;24;;;9951;16;9955;20;;;9933.5;0.0
av_SUGAR_d2;32100;INTARIAN_PEPPER_ROOT;12490;11;12486;20;;;12496;21;12500;19;;;12493.0;0.0
av_SUGAR_d2;32200;ASH_COATED_OSMIUM;9930;14;9926;27;;;9936;6;9938;19;;;9933.0;0.0
av_SUGAR_d2;32200;INTARIAN_PEPPER_ROOT;12490;21;12487;24;;;12496;12;12500;26;;;12493.0;0.0
av_SUGAR_d2;32300;ASH_COATED_OSMIUM;9905;14;9903;24;;;9960;14;9964;23;;;9932.5;0.0
av_SUGAR_d2;32300;INTARIAN_PEPPER_ROOT;12489;13;12485;14;;;12500;21;12503;26;;;12494.5;0.0
av_SUGAR_d2;32400;ASH_COATED_OSMIUM;9930;8;9926;17;;;9936;15;9940;28;;;9933.0;0.0
av_SUGAR_d2;32400;INTARIAN_PEPPER_ROOT;12492;11;12488;21;;;12498;5;12500;15;;;12495.0;0.0
av_SUGAR_d2;32500;ASH_COATED_OSMIUM;9930;13;9926;22;;;9936;19;9938;27;;;9933.0;0.0
av_SUGAR_d2;32500;INTARIAN_PEPPER_ROOT;12493;9;12489;14;;;12499;7;12503;14;;;12496.0;0.0
av_SUGAR_d2;32600;ASH_COATED_OSMIUM;9930;17;9928;15;;;9936;17;9938;21;;;9933.0;0.0
av_SUGAR_d2;32600;INTARIAN_PEPPER_ROOT;12493;9;12489;18;;;12499;17;12502;21;;;12496.0;0.0
av_SUGAR_d2;32700;ASH_COATED_OSMIUM;9930;20;9928;21;;;9936;12;9938;25;;;9933.0;0.0
av_SUGAR_d2;32700;INTARIAN_PEPPER_ROOT;12494;6;12490;18;;;12500;16;12504;17;;;12497.0;0.0
av_SUGAR_d2;32800;ASH_COATED_OSMIUM;9927;14;9923;17;;;9941;15;9944;20;;;9934.0;0.0
av_SUGAR_d2;32800;INTARIAN_PEPPER_ROOT;12495;15;12492;24;;;12501;16;12504;12;;;12498.0;0.0
av_SUGAR_d2;32900;ASH_COATED_OSMIUM;9930;9;9926;15;;;9936;7;9938;16;;;9933.0;0.0
av_SUGAR_d2;32900;INTARIAN_PEPPER_ROOT;12495;16;12493;19;;;12501;22;12504;10;;;12498.0;0.0
av_SUGAR_d2;33000;ASH_COATED_OSMIUM;9930;11;9926;20;;;9936;9;9938;27;;;9933.0;0.0
av_SUGAR_d2;33000;INTARIAN_PEPPER_ROOT;12496;11;12494;15;;;12502;13;12505;25;;;12499.0;0.0
av_SUGAR_d2;33100;ASH_COATED_OSMIUM;9923;17;9920;18;;;9944;18;9946;19;;;9933.5;0.0
av_SUGAR_d2;33100;INTARIAN_PEPPER_ROOT;12498;13;12495;21;;;12504;13;12507;23;;;12501.0;0.0
av_SUGAR_d2;33200;ASH_COATED_OSMIUM;9924;10;9921;19;;;9944;15;9946;16;;;9934.0;0.0
av_SUGAR_d2;33200;INTARIAN_PEPPER_ROOT;12498;11;12494;20;;;12504;18;12506;21;;;12501.0;0.0
av_SUGAR_d2;33300;ASH_COATED_OSMIUM;9931;15;9927;22;;;9937;15;9940;33;;;9934.0;0.0
av_SUGAR_d2;33300;INTARIAN_PEPPER_ROOT;12498;18;12496;23;;;12504;15;12508;19;;;12501.0;0.0
av_SUGAR_d2;33400;ASH_COATED_OSMIUM;9923;22;9921;18;;;9945;18;9949;21;;;9934.0;0.0
av_SUGAR_d2;33400;INTARIAN_PEPPER_ROOT;12499;20;12495;8;;;12505;16;12507;17;;;12502.0;0.0
av_SUGAR_d2;33500;ASH_COATED_OSMIUM;9927;16;9923;21;;;9941;14;9943;21;;;9934.0;0.0
av_SUGAR_d2;33500;INTARIAN_PEPPER_ROOT;12500;17;12498;18;;;12506;14;12510;19;;;12503.0;0.0
av_SUGAR_d2;33600;ASH_COATED_OSMIUM;9931;11;9927;14;;;9937;18;9941;17;;;9934.0;0.0
av_SUGAR_d2;33600;INTARIAN_PEPPER_ROOT;12500;21;12497;25;;;12508;6;12512;8;;;12504.0;0.0
av_SUGAR_d2;33700;ASH_COATED_OSMIUM;9931;25;9928;21;;;9937;14;9941;20;;;9934.0;0.0
av_SUGAR_d2;33700;INTARIAN_PEPPER_ROOT;12502;17;12498;16;;;12508;11;12511;15;;;12505.0;0.0
av_SUGAR_d2;33800;ASH_COATED_OSMIUM;9931;15;9927;24;;;9938;21;9941;26;;;9934.5;0.0
av_SUGAR_d2;33800;INTARIAN_PEPPER_ROOT;12502;18;12499;27;;;12509;17;12512;17;;;12505.5;0.0
av_SUGAR_d2;33900;ASH_COATED_OSMIUM;9927;12;9923;19;;;9942;6;9944;22;;;9934.5;0.0
av_SUGAR_d2;33900;INTARIAN_PEPPER_ROOT;12504;20;12501;26;;;12510;5;12512;23;;;12507.0;0.0
av_SUGAR_d2;34000;ASH_COATED_OSMIUM;9931;10;9927;16;;;9937;15;9940;18;;;9934.0;0.0
av_SUGAR_d2;34000;INTARIAN_PEPPER_ROOT;12503;9;12500;16;;;12511;18;12513;19;;;12507.0;0.0
av_SUGAR_d2;34100;ASH_COATED_OSMIUM;9917;10;9915;17;;;9950;20;9952;21;;;9933.5;0.0
av_SUGAR_d2;34100;INTARIAN_PEPPER_ROOT;12505;12;12501;21;;;12511;6;12513;26;;;12508.0;0.0
av_SUGAR_d2;34200;ASH_COATED_OSMIUM;9921;13;9919;19;;;9948;19;9951;28;;;9934.5;0.0
av_SUGAR_d2;34200;INTARIAN_PEPPER_ROOT;12502;13;12499;23;;;12512;18;12515;18;;;12507.0;0.0
av_SUGAR_d2;34300;ASH_COATED_OSMIUM;9925;12;9923;28;;;9944;21;9947;19;;;9934.5;0.0
av_SUGAR_d2;34300;INTARIAN_PEPPER_ROOT;12505;23;12502;16;;;12511;9;12515;25;;;12508.0;0.0
av_SUGAR_d2;34400;ASH_COATED_OSMIUM;9931;17;9928;8;;;9938;14;9941;13;;;9934.5;0.0
av_SUGAR_d2;34400;INTARIAN_PEPPER_ROOT;12506;10;12503;23;;;12512;17;12516;14;;;12509.0;0.0
av_SUGAR_d2;34500;ASH_COATED_OSMIUM;9932;9;9930;12;;;9938;8;9941;16;;;9935.0;0.0
av_SUGAR_d2;34500;INTARIAN_PEPPER_ROOT;12506;13;12502;19;;;12512;13;12514;18;;;12509.0;0.0
av_SUGAR_d2;34600;ASH_COATED_OSMIUM;9927;7;9924;17;;;9941;15;9944;22;;;9934.0;0.0
av_SUGAR_d2;34600;INTARIAN_PEPPER_ROOT;12506;13;12502;14;;;12512;17;12516;14;;;12509.0;0.0
av_SUGAR_d2;34700;ASH_COATED_OSMIUM;9930;20;9928;31;;;9940;15;9942;26;;;9935.0;0.0
av_SUGAR_d2;34700;INTARIAN_PEPPER_ROOT;12500;24;12496;18;;;12520;17;12522;21;;;12510.0;0.0
av_SUGAR_d2;34800;ASH_COATED_OSMIUM;9932;13;9930;30;;;9938;15;9941;19;;;9935.0;0.0
av_SUGAR_d2;34800;INTARIAN_PEPPER_ROOT;12507;13;12505;22;;;12513;18;12515;13;;;12510.0;0.0
av_SUGAR_d2;34900;ASH_COATED_OSMIUM;9924;21;9920;25;;;9947;12;9951;22;;;9935.5;0.0
av_SUGAR_d2;34900;INTARIAN_PEPPER_ROOT;12508;13;12504;17;;;12514;9;12517;33;;;12511.0;0.0
av_SUGAR_d2;35000;ASH_COATED_OSMIUM;9931;20;9929;20;;;9938;9;9941;13;;;9934.5;0.0
av_SUGAR_d2;35000;INTARIAN_PEPPER_ROOT;12505;20;12501;20;;;12517;8;12520;14;;;12511.0;0.0
av_SUGAR_d2;35100;ASH_COATED_OSMIUM;9928;15;9924;16;;;9941;15;9943;20;;;9934.5;0.0
av_SUGAR_d2;35100;INTARIAN_PEPPER_ROOT;12509;16;12506;24;;;12515;18;12519;16;;;12512.0;0.0
av_SUGAR_d2;35200;ASH_COATED_OSMIUM;9932;24;9930;22;;;9938;26;9942;16;;;9935.0;0.0
av_SUGAR_d2;35200;INTARIAN_PEPPER_ROOT;12508;11;12506;18;;;12514;13;12517;14;;;12511.0;0.0
av_SUGAR_d2;35300;ASH_COATED_OSMIUM;9932;12;9929;22;;;9938;15;9940;26;;;9935.0;0.0
av_SUGAR_d2;35300;INTARIAN_PEPPER_ROOT;12509;13;12506;31;;;12515;12;12518;18;;;12512.0;0.0
av_SUGAR_d2;35400;ASH_COATED_OSMIUM;9927;13;9923;18;;;9944;9;9946;24;;;9935.5;0.0
av_SUGAR_d2;35400;INTARIAN_PEPPER_ROOT;12510;15;12507;23;;;12516;19;12518;16;;;12513.0;0.0
av_SUGAR_d2;35500;ASH_COATED_OSMIUM;9932;24;9928;23;;;9938;10;9942;16;;;9935.0;0.0
av_SUGAR_d2;35500;INTARIAN_PEPPER_ROOT;12503;17;12500;21;;;12522;11;12526;22;;;12512.5;0.0
av_SUGAR_d2;35600;ASH_COATED_OSMIUM;9933;21;9930;16;;;9939;21;9942;15;;;9936.0;0.0
av_SUGAR_d2;35600;INTARIAN_PEPPER_ROOT;12508;9;12505;17;;;12517;15;12519;10;;;12512.5;0.0
av_SUGAR_d2;35700;ASH_COATED_OSMIUM;9932;16;9928;18;;;9938;10;9942;26;;;9935.0;0.0
av_SUGAR_d2;35700;INTARIAN_PEPPER_ROOT;12509;20;12507;20;;;12518;8;12520;18;;;12513.5;0.0
av_SUGAR_d2;35800;ASH_COATED_OSMIUM;9932;15;9930;23;;;9938;14;9942;15;;;9935.0;0.0
av_SUGAR_d2;35800;INTARIAN_PEPPER_ROOT;12512;6;12509;11;;;12518;11;12520;16;;;12515.0;0.0
av_SUGAR_d2;35900;ASH_COATED_OSMIUM;9933;13;9930;13;;;9939;17;9943;15;;;9936.0;0.0
av_SUGAR_d2;35900;INTARIAN_PEPPER_ROOT;12511;16;12507;27;;;12517;14;12520;20;;;12514.0;0.0
av_SUGAR_d2;36000;ASH_COATED_OSMIUM;9932;14;9928;14;;;9938;17;9942;23;;;9935.0;0.0
av_SUGAR_d2;36000;INTARIAN_PEPPER_ROOT;12512;21;12510;20;;;12518;9;12521;21;;;12515.0;0.0
av_SUGAR_d2;36100;ASH_COATED_OSMIUM;9933;10;9929;18;;;9939;24;9941;16;;;9936.0;0.0
av_SUGAR_d2;36100;INTARIAN_PEPPER_ROOT;12512;16;12508;11;;;12518;10;12521;20;;;12515.0;0.0
av_SUGAR_d2;36200;ASH_COATED_OSMIUM;9929;15;9927;19;;;9942;18;9945;22;;;9935.5;0.0
av_SUGAR_d2;36200;INTARIAN_PEPPER_ROOT;12502;20;12498;10;;;12529;17;12533;25;;;12515.5;0.0
av_SUGAR_d2;36300;ASH_COATED_OSMIUM;9933;10;9931;23;;;9939;12;9942;25;;;9936.0;0.0
av_SUGAR_d2;36300;INTARIAN_PEPPER_ROOT;12503;10;12500;27;;;12529;15;12533;31;;;12516.0;0.0
av_SUGAR_d2;36400;ASH_COATED_OSMIUM;9933;22;9929;25;;;9940;12;9943;14;;;9936.5;0.0
av_SUGAR_d2;36400;INTARIAN_PEPPER_ROOT;12511;16;12507;18;;;12521;16;12525;24;;;12516.0;0.0
av_SUGAR_d2;36500;ASH_COATED_OSMIUM;9933;9;9929;22;;;9939;18;9943;22;;;9936.0;0.0
av_SUGAR_d2;36500;INTARIAN_PEPPER_ROOT;12509;17;12506;24;;;12523;13;12527;28;;;12516.0;0.0
av_SUGAR_d2;36600;ASH_COATED_OSMIUM;9925;19;9921;26;;;9946;20;9950;25;;;9935.5;0.0
av_SUGAR_d2;36600;INTARIAN_PEPPER_ROOT;12514;23;12510;20;;;12520;11;12523;19;;;12517.0;0.0
av_SUGAR_d2;36700;ASH_COATED_OSMIUM;9927;21;9925;15;;;9945;14;9948;11;;;9936.0;0.0
av_SUGAR_d2;36700;INTARIAN_PEPPER_ROOT;12508;13;12505;24;;;12527;21;12529;21;;;12517.5;0.0
av_SUGAR_d2;36800;ASH_COATED_OSMIUM;9932;13;9929;22;;;9943;16;9945;17;;;9937.5;0.0
av_SUGAR_d2;36800;INTARIAN_PEPPER_ROOT;12515;18;12513;22;;;12521;10;12525;24;;;12518.0;0.0
av_SUGAR_d2;36900;ASH_COATED_OSMIUM;9932;17;9930;18;;;9940;10;9943;26;;;9936.0;0.0
av_SUGAR_d2;36900;INTARIAN_PEPPER_ROOT;12508;17;12505;16;;;12527;18;12530;20;;;12517.5;0.0
av_SUGAR_d2;37000;ASH_COATED_OSMIUM;9933;19;9929;31;;;9939;8;9941;29;;;9936.0;0.0
av_SUGAR_d2;37000;INTARIAN_PEPPER_ROOT;12513;18;12511;19;;;12525;14;12529;25;;;12519.0;0.0
av_SUGAR_d2;37100;ASH_COATED_OSMIUM;9930;15;9926;17;;;9944;12;9947;14;;;9937.0;0.0
av_SUGAR_d2;37100;INTARIAN_PEPPER_ROOT;12516;9;12512;23;;;12522;13;12525;26;;;12519.0;0.0
av_SUGAR_d2;37200;ASH_COATED_OSMIUM;9927;17;9923;23;;;9949;8;9952;23;;;9938.0;0.0
av_SUGAR_d2;37200;INTARIAN_PEPPER_ROOT;12516;17;12514;8;;;12525;20;12527;19;;;12520.5;0.0
av_SUGAR_d2;37300;ASH_COATED_OSMIUM;9934;16;9930;18;;;9940;16;9943;16;;;9937.0;0.0
av_SUGAR_d2;37300;INTARIAN_PEPPER_ROOT;12517;19;12513;16;;;12523;21;12527;18;;;12520.0;0.0
av_SUGAR_d2;37400;ASH_COATED_OSMIUM;9934;10;9930;18;;;9940;16;9942;17;;;9937.0;0.0
av_SUGAR_d2;37400;INTARIAN_PEPPER_ROOT;12515;10;12511;16;;;12526;8;12530;15;;;12520.5;0.0
av_SUGAR_d2;37500;ASH_COATED_OSMIUM;9934;14;9931;23;;;9940;16;9943;21;;;9937.0;0.0
av_SUGAR_d2;37500;INTARIAN_PEPPER_ROOT;12511;14;12508;19;;;12531;15;12534;22;;;12521.0;0.0
av_SUGAR_d2;37600;ASH_COATED_OSMIUM;9934;16;9932;18;;;9940;19;9942;24;;;9937.0;0.0
av_SUGAR_d2;37600;INTARIAN_PEPPER_ROOT;12518;23;12514;21;;;12524;14;12528;24;;;12521.0;0.0
av_SUGAR_d2;37700;ASH_COATED_OSMIUM;9934;17;9931;23;;;9940;17;9943;19;;;9937.0;0.0
av_SUGAR_d2;37700;INTARIAN_PEPPER_ROOT;12518;11;12514;32;;;12524;20;12527;24;;;12521.0;0.0
av_SUGAR_d2;37800;ASH_COATED_OSMIUM;9934;22;9930;23;;;9940;14;9942;12;;;9937.0;0.0
av_SUGAR_d2;37800;INTARIAN_PEPPER_ROOT;12515;18;12511;11;;;12529;11;12532;22;;;12522.0;0.0
av_SUGAR_d2;37900;ASH_COATED_OSMIUM;9934;26;9931;31;;;9940;21;9942;9;;;9937.0;0.0
av_SUGAR_d2;37900;INTARIAN_PEPPER_ROOT;12519;9;12516;19;;;12525;14;12527;21;;;12522.0;0.0
av_SUGAR_d2;38000;ASH_COATED_OSMIUM;9934;20;9930;29;;;9940;18;9944;23;;;9937.0;0.0
av_SUGAR_d2;38000;INTARIAN_PEPPER_ROOT;12515;6;12512;14;;;12530;5;12533;13;;;12522.5;0.0
av_SUGAR_d2;38100;ASH_COATED_OSMIUM;9935;14;9932;18;;;9941;19;9944;18;;;9938.0;0.0
av_SUGAR_d2;38100;INTARIAN_PEPPER_ROOT;12520;11;12516;24;;;12526;20;12529;20;;;12523.0;0.0
av_SUGAR_d2;38200;ASH_COATED_OSMIUM;9934;16;9932;27;;;9940;19;9944;17;;;9937.0;0.0
av_SUGAR_d2;38200;INTARIAN_PEPPER_ROOT;12520;5;12517;24;;;12526;14;12529;18;;;12523.0;0.0
av_SUGAR_d2;38300;ASH_COATED_OSMIUM;9932;23;9930;17;;;9943;15;9946;22;;;9937.5;0.0
av_SUGAR_d2;38300;INTARIAN_PEPPER_ROOT;12520;18;12517;20;;;12526;7;12528;15;;;12523.0;0.0
av_SUGAR_d2;38400;ASH_COATED_OSMIUM;9934;5;9930;17;;;9940;16;9944;31;;;9937.0;0.0
av_SUGAR_d2;38400;INTARIAN_PEPPER_ROOT;12520;15;12516;18;;;12528;15;12532;16;;;12524.0;0.0
av_SUGAR_d2;38500;ASH_COATED_OSMIUM;9923;13;9919;19;;;9951;13;9954;24;;;9937.0;0.0
av_SUGAR_d2;38500;INTARIAN_PEPPER_ROOT;12521;8;12519;18;;;12527;17;12529;25;;;12524.0;0.0
av_SUGAR_d2;38600;ASH_COATED_OSMIUM;9934;24;9932;21;;;9941;8;9944;17;;;9937.5;0.0
av_SUGAR_d2;38600;INTARIAN_PEPPER_ROOT;12522;20;12520;23;;;12528;11;12531;28;;;12525.0;0.0
av_SUGAR_d2;38700;ASH_COATED_OSMIUM;9933;15;9930;26;;;9942;13;9946;16;;;9937.5;0.0
av_SUGAR_d2;38700;INTARIAN_PEPPER_ROOT;12523;14;12520;23;;;12529;9;12531;23;;;12526.0;0.0
av_SUGAR_d2;38800;ASH_COATED_OSMIUM;9929;24;9925;21;;;9947;8;9950;17;;;9938.0;0.0
av_SUGAR_d2;38800;INTARIAN_PEPPER_ROOT;12522;9;12518;25;;;12529;8;12532;28;;;12525.5;0.0
av_SUGAR_d2;38900;ASH_COATED_OSMIUM;9934;7;9932;8;;;9940;18;9944;24;;;9937.0;0.0
av_SUGAR_d2;38900;INTARIAN_PEPPER_ROOT;12523;20;12521;19;;;12529;18;12531;21;;;12526.0;0.0
av_SUGAR_d2;39000;ASH_COATED_OSMIUM;9934;18;9932;19;;;9940;17;9943;23;;;9937.0;0.0
av_SUGAR_d2;39000;INTARIAN_PEPPER_ROOT;12521;8;12518;22;;;12532;8;12534;16;;;12526.5;0.0
av_SUGAR_d2;39100;ASH_COATED_OSMIUM;9926;13;9922;24;;;9951;11;9954;12;;;9938.5;0.0
av_SUGAR_d2;39100;INTARIAN_PEPPER_ROOT;12522;11;12518;20;;;12531;16;12534;24;;;12526.5;0.0
av_SUGAR_d2;39200;ASH_COATED_OSMIUM;9934;19;9931;13;;;9942;16;9946;23;;;9938.0;0.0
av_SUGAR_d2;39200;INTARIAN_PEPPER_ROOT;12524;13;12521;27;;;12530;6;12532;25;;;12527.0;0.0
av_SUGAR_d2;39300;ASH_COATED_OSMIUM;9934;12;9930;20;;;9943;15;9946;29;;;9938.5;0.0
av_SUGAR_d2;39300;INTARIAN_PEPPER_ROOT;12525;12;12521;19;;;12531;14;12533;16;;;12528.0;0.0
av_SUGAR_d2;39400;ASH_COATED_OSMIUM;9932;13;9928;17;;;9946;13;9948;17;;;9939.0;0.0
av_SUGAR_d2;39400;INTARIAN_PEPPER_ROOT;12525;10;12521;22;;;12531;11;12533;17;;;12528.0;0.0
av_SUGAR_d2;39500;ASH_COATED_OSMIUM;9935;17;9932;25;;;9941;6;9943;20;;;9938.0;0.0
av_SUGAR_d2;39500;INTARIAN_PEPPER_ROOT;12525;17;12523;25;;;12531;16;12535;22;;;12528.0;0.0
av_SUGAR_d2;39600;ASH_COATED_OSMIUM;9935;20;9933;12;;;9942;19;9945;24;;;9938.5;0.0
av_SUGAR_d2;39600;INTARIAN_PEPPER_ROOT;12526;6;12524;19;;;12532;11;12536;14;;;12529.0;0.0
av_SUGAR_d2;39700;ASH_COATED_OSMIUM;9936;23;9934;17;;;9942;5;9946;24;;;9939.0;0.0
av_SUGAR_d2;39700;INTARIAN_PEPPER_ROOT;12526;16;12524;20;;;12532;14;12535;25;;;12529.0;0.0
av_SUGAR_d2;39800;ASH_COATED_OSMIUM;9936;17;9934;11;;;9942;13;9944;13;;;9939.0;0.0
av_SUGAR_d2;39800;INTARIAN_PEPPER_ROOT;12526;12;12523;19;;;12533;11;12537;14;;;12529.5;0.0
av_SUGAR_d2;39900;ASH_COATED_OSMIUM;9928;12;9925;15;;;9948;5;9950;17;;;9938.0;0.0
av_SUGAR_d2;39900;INTARIAN_PEPPER_ROOT;12527;19;12525;19;;;12533;14;12535;29;;;12530.0;0.0
av_SUGAR_d2;40000;ASH_COATED_OSMIUM;9936;13;9932;17;;;9942;21;9944;23;;;9939.0;0.0
av_SUGAR_d2;40000;INTARIAN_PEPPER_ROOT;12527;13;12525;22;;;12533;14;12535;11;;;12530.0;0.0
av_SUGAR_d2;40100;ASH_COATED_OSMIUM;9930;11;9928;21;;;9946;21;9950;14;;;9938.0;0.0
av_SUGAR_d2;40100;INTARIAN_PEPPER_ROOT;12527;17;12523;15;;;12533;19;12535;22;;;12530.0;0.0
av_SUGAR_d2;40200;ASH_COATED_OSMIUM;9936;17;9933;29;;;9942;12;9946;11;;;9939.0;0.0
av_SUGAR_d2;40200;INTARIAN_PEPPER_ROOT;12527;13;12525;18;;;12535;10;12539;26;;;12531.0;0.0
av_SUGAR_d2;40300;ASH_COATED_OSMIUM;9936;14;9933;15;;;9942;13;9945;28;;;9939.0;0.0
av_SUGAR_d2;40300;INTARIAN_PEPPER_ROOT;12518;11;12514;31;;;12545;12;12547;13;;;12531.5;0.0
av_SUGAR_d2;40400;ASH_COATED_OSMIUM;9936;16;9934;23;;;9942;17;9945;15;;;9939.0;0.0
av_SUGAR_d2;40400;INTARIAN_PEPPER_ROOT;12529;17;12526;30;;;12537;16;12541;18;;;12533.0;0.0
av_SUGAR_d2;40500;ASH_COATED_OSMIUM;9934;16;9932;23;;;9945;16;9948;27;;;9939.5;0.0
av_SUGAR_d2;40500;INTARIAN_PEPPER_ROOT;12529;14;12525;20;;;12535;10;12538;20;;;12532.0;0.0
av_SUGAR_d2;40600;ASH_COATED_OSMIUM;9936;9;9934;26;;;9943;6;9946;15;;;9939.5;0.0
av_SUGAR_d2;40600;INTARIAN_PEPPER_ROOT;12524;13;12521;19;;;12542;11;12545;18;;;12533.0;0.0
av_SUGAR_d2;40700;ASH_COATED_OSMIUM;9936;10;9934;16;;;9942;13;9945;26;;;9939.0;0.0
av_SUGAR_d2;40700;INTARIAN_PEPPER_ROOT;12525;14;12522;21;;;12542;18;12546;15;;;12533.5;0.0
av_SUGAR_d2;40800;ASH_COATED_OSMIUM;9936;9;9934;19;;;9942;15;9944;24;;;9939.0;0.0
av_SUGAR_d2;40800;INTARIAN_PEPPER_ROOT;12530;17;12527;29;;;12536;12;12538;25;;;12533.0;0.0
av_SUGAR_d2;40900;ASH_COATED_OSMIUM;9937;18;9934;13;;;9943;10;9947;14;;;9940.0;0.0
av_SUGAR_d2;40900;INTARIAN_PEPPER_ROOT;12531;22;12527;20;;;12537;16;12541;23;;;12534.0;0.0
av_SUGAR_d2;41000;ASH_COATED_OSMIUM;9936;11;9933;17;;;9942;14;9944;19;;;9939.0;0.0
av_SUGAR_d2;41000;INTARIAN_PEPPER_ROOT;12531;14;12527;26;;;12537;18;12541;17;;;12534.0;0.0
av_SUGAR_d2;41100;ASH_COATED_OSMIUM;9937;10;9934;22;;;9943;13;9946;24;;;9940.0;0.0
av_SUGAR_d2;41100;INTARIAN_PEPPER_ROOT;12531;17;12528;18;;;12537;8;12541;26;;;12534.0;0.0
av_SUGAR_d2;41200;ASH_COATED_OSMIUM;9937;18;9935;18;;;9943;18;9945;23;;;9940.0;0.0
av_SUGAR_d2;41200;INTARIAN_PEPPER_ROOT;12532;17;12528;14;;;12538;8;12540;23;;;12535.0;0.0
av_SUGAR_d2;41300;ASH_COATED_OSMIUM;9926;9;9922;19;;;9954;5;9956;30;;;9940.0;0.0
av_SUGAR_d2;41300;INTARIAN_PEPPER_ROOT;12524;13;12522;23;;;12548;18;12551;27;;;12536.0;0.0
av_SUGAR_d2;41400;ASH_COATED_OSMIUM;9937;12;9935;17;;;9943;9;9946;26;;;9940.0;0.0
av_SUGAR_d2;41400;INTARIAN_PEPPER_ROOT;12531;17;12529;29;;;12541;9;12545;25;;;12536.0;0.0
av_SUGAR_d2;41500;ASH_COATED_OSMIUM;9937;6;9933;24;;;9943;16;9946;17;;;9940.0;0.0
av_SUGAR_d2;41500;INTARIAN_PEPPER_ROOT;12531;12;12528;20;;;12540;8;12544;17;;;12535.5;0.0
av_SUGAR_d2;41600;ASH_COATED_OSMIUM;9934;14;9931;13;;;9945;18;9949;14;;;9939.5;0.0
av_SUGAR_d2;41600;INTARIAN_PEPPER_ROOT;12531;15;12528;17;;;12541;15;12544;15;;;12536.0;0.0
av_SUGAR_d2;41700;ASH_COATED_OSMIUM;9937;16;9935;15;;;9943;10;9945;18;;;9940.0;0.0
av_SUGAR_d2;41700;INTARIAN_PEPPER_ROOT;12534;18;12531;19;;;12540;7;12543;21;;;12537.0;0.0
av_SUGAR_d2;41800;ASH_COATED_OSMIUM;9937;9;9933;15;;;9943;16;9947;13;;;9940.0;0.0
av_SUGAR_d2;41800;INTARIAN_PEPPER_ROOT;12533;8;12531;21;;;12540;21;12542;11;;;12536.5;0.0
av_SUGAR_d2;41900;ASH_COATED_OSMIUM;9937;13;9934;14;;;9943;16;9946;20;;;9940.0;0.0
av_SUGAR_d2;41900;INTARIAN_PEPPER_ROOT;12533;17;12529;15;;;12542;17;12546;27;;;12537.5;0.0
av_SUGAR_d2;42000;ASH_COATED_OSMIUM;9937;14;9933;10;;;9943;12;9947;21;;;9940.0;0.0
av_SUGAR_d2;42000;INTARIAN_PEPPER_ROOT;12535;19;12531;24;;;12541;19;12544;28;;;12538.0;0.0
av_SUGAR_d2;42100;ASH_COATED_OSMIUM;9936;17;9932;18;;;9943;15;9945;17;;;9939.5;0.0
av_SUGAR_d2;42100;INTARIAN_PEPPER_ROOT;12535;8;12532;27;;;12541;10;12543;17;;;12538.0;0.0
av_SUGAR_d2;42200;ASH_COATED_OSMIUM;9938;11;9934;27;;;9944;17;9948;17;;;9941.0;0.0
av_SUGAR_d2;42200;INTARIAN_PEPPER_ROOT;12535;12;12533;27;;;12543;18;12545;23;;;12539.0;0.0
av_SUGAR_d2;42300;ASH_COATED_OSMIUM;9938;14;9935;22;;;9944;17;9948;14;;;9941.0;0.0
av_SUGAR_d2;42300;INTARIAN_PEPPER_ROOT;12536;14;12534;24;;;12542;16;12545;23;;;12539.0;0.0
av_SUGAR_d2;42400;ASH_COATED_OSMIUM;9938;16;9934;18;;;9944;18;9946;17;;;9941.0;0.0
av_SUGAR_d2;42400;INTARIAN_PEPPER_ROOT;12537;15;12534;13;;;12543;17;12546;18;;;12540.0;0.0
av_SUGAR_d2;42500;ASH_COATED_OSMIUM;9938;15;9936;25;;;9944;9;9946;18;;;9941.0;0.0
av_SUGAR_d2;42500;INTARIAN_PEPPER_ROOT;12525;16;12523;27;;;12554;12;12558;15;;;12539.5;0.0
av_SUGAR_d2;42600;ASH_COATED_OSMIUM;9938;19;9935;27;;;9944;11;9948;13;;;9941.0;0.0
av_SUGAR_d2;42600;INTARIAN_PEPPER_ROOT;12535;15;12532;14;;;12545;13;12548;14;;;12540.0;0.0
av_SUGAR_d2;42700;ASH_COATED_OSMIUM;9938;19;9935;25;;;9944;8;9947;21;;;9941.0;0.0
av_SUGAR_d2;42700;INTARIAN_PEPPER_ROOT;12531;21;12527;17;;;12550;14;12553;16;;;12540.5;0.0
av_SUGAR_d2;42800;ASH_COATED_OSMIUM;9938;15;9936;15;;;9944;12;9948;18;;;9941.0;0.0
av_SUGAR_d2;42800;INTARIAN_PEPPER_ROOT;12533;19;12529;20;;;12549;10;12551;14;;;12541.0;0.0
av_SUGAR_d2;42900;ASH_COATED_OSMIUM;9938;23;9936;13;;;9944;16;9946;14;;;9941.0;0.0
av_SUGAR_d2;42900;INTARIAN_PEPPER_ROOT;12533;20;12530;13;;;12549;17;12553;11;;;12541.0;0.0
av_SUGAR_d2;43000;ASH_COATED_OSMIUM;9934;12;9931;20;;;9946;22;9948;21;;;9940.0;0.0
av_SUGAR_d2;43000;INTARIAN_PEPPER_ROOT;12539;19;12537;25;;;12545;19;12549;21;;;12542.0;0.0
av_SUGAR_d2;43100;ASH_COATED_OSMIUM;9937;14;9934;20;;;9945;11;9947;24;;;9941.0;0.0
av_SUGAR_d2;43100;INTARIAN_PEPPER_ROOT;12537;5;12534;21;;;12548;9;12552;22;;;12542.5;0.0
av_SUGAR_d2;43200;ASH_COATED_OSMIUM;9936;15;9934;20;;;9946;11;9948;22;;;9941.0;0.0
av_SUGAR_d2;43200;INTARIAN_PEPPER_ROOT;12531;8;12527;19;;;12555;13;12559;20;;;12543.0;0.0
av_SUGAR_d2;43300;ASH_COATED_OSMIUM;9938;10;9934;22;;;9944;10;9946;16;;;9941.0;0.0
av_SUGAR_d2;43300;INTARIAN_PEPPER_ROOT;12539;16;12537;14;;;12548;5;12551;27;;;12543.5;0.0
av_SUGAR_d2;43400;ASH_COATED_OSMIUM;9939;11;9935;12;;;9945;13;9948;11;;;9942.0;0.0
av_SUGAR_d2;43400;INTARIAN_PEPPER_ROOT;12541;14;12538;17;;;12547;9;12551;28;;;12544.0;0.0
av_SUGAR_d2;43500;ASH_COATED_OSMIUM;9938;13;9934;23;;;9944;22;9948;22;;;9941.0;0.0
av_SUGAR_d2;43500;INTARIAN_PEPPER_ROOT;12540;11;12538;25;;;12550;10;12552;8;;;12545.0;0.0
av_SUGAR_d2;43600;ASH_COATED_OSMIUM;9939;11;9936;9;;;9945;13;9948;25;;;9942.0;0.0
av_SUGAR_d2;43600;INTARIAN_PEPPER_ROOT;12542;23;12538;16;;;12548;12;12550;15;;;12545.0;0.0
av_SUGAR_d2;43700;ASH_COATED_OSMIUM;9936;24;9934;20;;;9948;14;9950;18;;;9942.0;0.0
av_SUGAR_d2;43700;INTARIAN_PEPPER_ROOT;12536;17;12532;15;;;12553;23;12557;18;;;12544.5;0.0
av_SUGAR_d2;43800;ASH_COATED_OSMIUM;9939;18;9936;21;;;9945;20;9949;23;;;9942.0;0.0
av_SUGAR_d2;43800;INTARIAN_PEPPER_ROOT;12543;10;12541;11;;;12549;14;12552;26;;;12546.0;0.0
av_SUGAR_d2;43900;ASH_COATED_OSMIUM;9939;6;9937;30;;;9945;17;9949;28;;;9942.0;0.0
av_SUGAR_d2;43900;INTARIAN_PEPPER_ROOT;12540;20;12536;15;;;12550;15;12554;11;;;12545.0;0.0
av_SUGAR_d2;44000;ASH_COATED_OSMIUM;9939;9;9937;8;;;9945;26;9947;16;;;9942.0;0.0
av_SUGAR_d2;44000;INTARIAN_PEPPER_ROOT;12543;20;12541;25;;;12549;15;12553;19;;;12546.0;0.0
av_SUGAR_d2;44100;ASH_COATED_OSMIUM;9939;15;9937;21;;;9945;8;9949;16;;;9942.0;0.0
av_SUGAR_d2;44100;INTARIAN_PEPPER_ROOT;12543;10;12541;16;;;12549;13;12551;16;;;12546.0;0.0
av_SUGAR_d2;44200;ASH_COATED_OSMIUM;9939;18;9937;20;;;9945;17;9949;18;;;9942.0;0.0
av_SUGAR_d2;44200;INTARIAN_PEPPER_ROOT;12537;19;12534;29;;;12556;13;12559;14;;;12546.5;0.0
av_SUGAR_d2;44300;ASH_COATED_OSMIUM;9939;5;9935;12;;;9945;20;9947;26;;;9942.0;0.0
av_SUGAR_d2;44300;INTARIAN_PEPPER_ROOT;12541;25;12537;22;;;12552;7;12554;20;;;12546.5;0.0
av_SUGAR_d2;44400;ASH_COATED_OSMIUM;9939;9;9937;17;;;9945;18;9947;10;;;9942.0;0.0
av_SUGAR_d2;44400;INTARIAN_PEPPER_ROOT;12542;17;12539;22;;;12552;14;12554;20;;;12547.0;0.0
av_SUGAR_d2;44500;ASH_COATED_OSMIUM;9939;15;9936;16;;;9945;10;9947;19;;;9942.0;0.0
av_SUGAR_d2;44500;INTARIAN_PEPPER_ROOT;12545;21;12541;15;;;12551;8;12553;22;;;12548.0;0.0
av_SUGAR_d2;44600;ASH_COATED_OSMIUM;9939;5;9935;11;;;9945;5;9948;27;;;9942.0;0.0
av_SUGAR_d2;44600;INTARIAN_PEPPER_ROOT;12546;16;12543;10;;;12552;11;12554;21;;;12549.0;0.0
av_SUGAR_d2;44700;ASH_COATED_OSMIUM;9926;17;9923;21;;;9958;18;9960;21;;;9942.0;0.0
av_SUGAR_d2;44700;INTARIAN_PEPPER_ROOT;12545;15;12541;25;;;12551;12;12555;20;;;12548.0;0.0
av_SUGAR_d2;44800;ASH_COATED_OSMIUM;9940;14;9938;24;;;9946;16;9949;21;;;9943.0;0.0
av_SUGAR_d2;44800;INTARIAN_PEPPER_ROOT;12540;14;12536;19;;;12557;14;12561;16;;;12548.5;0.0
av_SUGAR_d2;44900;ASH_COATED_OSMIUM;9940;14;9938;22;;;9946;10;9949;21;;;9943.0;0.0
av_SUGAR_d2;44900;INTARIAN_PEPPER_ROOT;12546;13;12543;26;;;12552;16;12556;24;;;12549.0;0.0
av_SUGAR_d2;45000;ASH_COATED_OSMIUM;9940;11;9938;25;;;9946;15;9948;21;;;9943.0;0.0
av_SUGAR_d2;45000;INTARIAN_PEPPER_ROOT;12547;17;12543;21;;;12553;20;12556;20;;;12550.0;0.0
av_SUGAR_d2;45100;ASH_COATED_OSMIUM;9940;20;9938;19;;;9946;19;9949;18;;;9943.0;0.0
av_SUGAR_d2;45100;INTARIAN_PEPPER_ROOT;12544;17;12540;24;;;12556;8;12560;25;;;12550.0;0.0
av_SUGAR_d2;45200;ASH_COATED_OSMIUM;9936;9;9933;28;;;9949;15;9953;22;;;9942.5;0.0
av_SUGAR_d2;45200;INTARIAN_PEPPER_ROOT;12548;16;12544;21;;;12554;7;12558;21;;;12551.0;0.0
av_SUGAR_d2;45300;ASH_COATED_OSMIUM;9940;13;9937;25;;;9946;17;9948;13;;;9943.0;0.0
av_SUGAR_d2;45300;INTARIAN_PEPPER_ROOT;12548;15;12546;18;;;12554;22;12556;16;;;12551.0;0.0
av_SUGAR_d2;45400;ASH_COATED_OSMIUM;9940;11;9937;19;;;9946;10;9948;15;;;9943.0;0.0
av_SUGAR_d2;45400;INTARIAN_PEPPER_ROOT;12546;19;12543;10;;;12557;22;12561;26;;;12551.5;0.0
av_SUGAR_d2;45500;ASH_COATED_OSMIUM;9941;18;9939;19;;;9947;6;9950;22;;;9944.0;0.0
av_SUGAR_d2;45500;INTARIAN_PEPPER_ROOT;12549;18;12547;23;;;12555;8;12559;18;;;12552.0;0.0
av_SUGAR_d2;45600;ASH_COATED_OSMIUM;9938;23;9935;34;;;9949;14;9953;15;;;9943.5;0.0
av_SUGAR_d2;45600;INTARIAN_PEPPER_ROOT;12549;11;12545;9;;;12555;5;12559;20;;;12552.0;0.0
av_SUGAR_d2;45700;ASH_COATED_OSMIUM;9940;15;9938;22;;;9946;23;9950;21;;;9943.0;0.0
av_SUGAR_d2;45700;INTARIAN_PEPPER_ROOT;12549;19;12547;19;;;12555;19;12559;21;;;12552.0;0.0
av_SUGAR_d2;45800;ASH_COATED_OSMIUM;9940;8;9938;25;;;9946;14;9948;14;;;9943.0;0.0
av_SUGAR_d2;45800;INTARIAN_PEPPER_ROOT;12550;18;12546;22;;;12556;16;12560;22;;;12553.0;0.0
av_SUGAR_d2;45900;ASH_COATED_OSMIUM;9941;12;9937;15;;;9947;13;9950;17;;;9944.0;0.0
av_SUGAR_d2;45900;INTARIAN_PEPPER_ROOT;12548;22;12546;26;;;12558;13;12562;26;;;12553.0;0.0
av_SUGAR_d2;46000;ASH_COATED_OSMIUM;9941;17;9937;19;;;9947;16;9949;23;;;9944.0;0.0
av_SUGAR_d2;46000;INTARIAN_PEPPER_ROOT;12551;14;12548;13;;;12557;11;12560;21;;;12554.0;0.0
av_SUGAR_d2;46100;ASH_COATED_OSMIUM;9938;11;9934;25;;;9948;13;9951;12;;;9943.0;0.0
av_SUGAR_d2;46100;INTARIAN_PEPPER_ROOT;12545;16;12541;26;;;12563;15;12566;14;;;12554.0;0.0
av_SUGAR_d2;46200;ASH_COATED_OSMIUM;9935;16;9931;22;;;9952;17;9954;17;;;9943.5;0.0
av_SUGAR_d2;46200;INTARIAN_PEPPER_ROOT;12551;8;12548;19;;;12559;5;12563;27;;;12555.0;0.0
av_SUGAR_d2;46300;ASH_COATED_OSMIUM;9941;19;9939;26;;;9947;14;9950;25;;;9944.0;0.0
av_SUGAR_d2;46300;INTARIAN_PEPPER_ROOT;12552;12;12548;22;;;12558;12;12562;25;;;12555.0;0.0
av_SUGAR_d2;46400;ASH_COATED_OSMIUM;9940;21;9937;17;;;9946;20;9949;11;;;9943.0;0.0
av_SUGAR_d2;46400;INTARIAN_PEPPER_ROOT;12550;15;12547;19;;;12561;9;12563;28;;;12555.5;0.0
av_SUGAR_d2;46500;ASH_COATED_OSMIUM;9941;19;9939;14;;;9947;5;9951;20;;;9944.0;0.0
av_SUGAR_d2;46500;INTARIAN_PEPPER_ROOT;12549;13;12546;19;;;12562;25;12564;17;;;12555.5;0.0
av_SUGAR_d2;46600;ASH_COATED_OSMIUM;9941;9;9937;20;;;9947;11;9950;15;;;9944.0;0.0
av_SUGAR_d2;46600;INTARIAN_PEPPER_ROOT;12553;22;12550;27;;;12559;9;12561;20;;;12556.0;0.0
av_SUGAR_d2;46700;ASH_COATED_OSMIUM;9941;7;9939;25;;;9947;9;9951;14;;;9944.0;0.0
av_SUGAR_d2;46700;INTARIAN_PEPPER_ROOT;12553;18;12549;21;;;12559;5;12563;28;;;12556.0;0.0
av_SUGAR_d2;46800;ASH_COATED_OSMIUM;9941;16;9939;26;;;9947;17;9951;22;;;9944.0;0.0
av_SUGAR_d2;46800;INTARIAN_PEPPER_ROOT;12553;20;12551;17;;;12559;5;12563;15;;;12556.0;0.0
av_SUGAR_d2;46900;ASH_COATED_OSMIUM;9935;9;9933;17;;;9952;9;9955;22;;;9943.5;0.0
av_SUGAR_d2;46900;INTARIAN_PEPPER_ROOT;12554;22;12552;24;;;12560;8;12563;17;;;12557.0;0.0
av_SUGAR_d2;47000;ASH_COATED_OSMIUM;9941;11;9939;23;;;9947;17;9951;18;;;9944.0;0.0
av_SUGAR_d2;47000;INTARIAN_PEPPER_ROOT;12554;10;12551;17;;;12560;11;12564;25;;;12557.0;0.0
av_SUGAR_d2;47100;ASH_COATED_OSMIUM;9941;10;9937;19;;;9947;5;9949;9;;;9944.0;0.0
av_SUGAR_d2;47100;INTARIAN_PEPPER_ROOT;12552;12;12550;20;;;12563;21;12566;16;;;12557.5;0.0
av_SUGAR_d2;47200;ASH_COATED_OSMIUM;9939;7;9935;16;;;9949;10;9952;21;;;9944.0;0.0
av_SUGAR_d2;47200;INTARIAN_PEPPER_ROOT;12553;18;12550;14;;;12563;17;12566;14;;;12558.0;0.0
av_SUGAR_d2;47300;ASH_COATED_OSMIUM;9942;14;9938;27;;;9948;14;9950;14;;;9945.0;0.0
av_SUGAR_d2;47300;INTARIAN_PEPPER_ROOT;12555;12;12551;20;;;12561;23;12565;21;;;12558.0;0.0
av_SUGAR_d2;47400;ASH_COATED_OSMIUM;9939;19;9935;16;;;9949;15;9951;18;;;9944.0;0.0
av_SUGAR_d2;47400;INTARIAN_PEPPER_ROOT;12553;22;12549;16;;;12565;13;12567;15;;;12559.0;0.0
av_SUGAR_d2;47500;ASH_COATED_OSMIUM;9941;12;9937;17;;;9947;19;9950;26;;;9944.0;0.0
av_SUGAR_d2;47500;INTARIAN_PEPPER_ROOT;12556;18;12552;24;;;12562;9;12564;15;;;12559.0;0.0
av_SUGAR_d2;47600;ASH_COATED_OSMIUM;9939;13;9936;15;;;9949;15;9952;20;;;9944.0;0.0
av_SUGAR_d2;47600;INTARIAN_PEPPER_ROOT;12557;15;12555;16;;;12563;13;12567;22;;;12560.0;0.0
av_SUGAR_d2;47700;ASH_COATED_OSMIUM;9942;16;9940;20;;;9948;15;9951;11;;;9945.0;0.0
av_SUGAR_d2;47700;INTARIAN_PEPPER_ROOT;12556;21;12553;26;;;12564;26;12567;13;;;12560.0;0.0
av_SUGAR_d2;47800;ASH_COATED_OSMIUM;9941;16;9938;16;;;9947;17;9950;25;;;9944.0;0.0
av_SUGAR_d2;47800;INTARIAN_PEPPER_ROOT;12556;8;12552;25;;;12564;9;12567;16;;;12560.0;0.0
av_SUGAR_d2;47900;ASH_COATED_OSMIUM;9936;16;9932;15;;;9954;5;9957;31;;;9945.0;0.0
av_SUGAR_d2;47900;INTARIAN_PEPPER_ROOT;12558;22;12556;18;;;12564;14;12567;19;;;12561.0;0.0
av_SUGAR_d2;48000;ASH_COATED_OSMIUM;9942;16;9938;19;;;9948;14;9951;16;;;9945.0;0.0
av_SUGAR_d2;48000;INTARIAN_PEPPER_ROOT;12558;5;12555;33;;;12564;9;12566;21;;;12561.0;0.0
av_SUGAR_d2;48100;ASH_COATED_OSMIUM;9942;21;9940;20;;;9948;9;9951;20;;;9945.0;0.0
av_SUGAR_d2;48100;INTARIAN_PEPPER_ROOT;12557;17;12555;25;;;12566;11;12570;18;;;12561.5;0.0
av_SUGAR_d2;48200;ASH_COATED_OSMIUM;9942;19;9938;19;;;9948;16;9951;15;;;9945.0;0.0
av_SUGAR_d2;48200;INTARIAN_PEPPER_ROOT;12541;26;12538;16;;;12584;23;12588;22;;;12562.5;0.0
av_SUGAR_d2;48300;ASH_COATED_OSMIUM;9942;25;9939;13;;;9948;13;9950;22;;;9945.0;0.0
av_SUGAR_d2;48300;INTARIAN_PEPPER_ROOT;12559;16;12557;23;;;12565;11;12569;15;;;12562.0;0.0
av_SUGAR_d2;48400;ASH_COATED_OSMIUM;9942;13;9938;31;;;9949;10;9952;25;;;9945.5;0.0
av_SUGAR_d2;48400;INTARIAN_PEPPER_ROOT;12560;15;12556;8;;;12566;21;12568;21;;;12563.0;0.0
av_SUGAR_d2;48500;ASH_COATED_OSMIUM;9942;16;9940;14;;;9948;11;9950;13;;;9945.0;0.0
av_SUGAR_d2;48500;INTARIAN_PEPPER_ROOT;12560;12;12557;22;;;12566;15;12570;16;;;12563.0;0.0
av_SUGAR_d2;48600;ASH_COATED_OSMIUM;9942;11;9940;16;;;9949;14;9953;20;;;9945.5;0.0
av_SUGAR_d2;48600;INTARIAN_PEPPER_ROOT;12561;15;12558;18;;;12567;10;12570;18;;;12564.0;0.0
av_SUGAR_d2;48700;ASH_COATED_OSMIUM;9941;10;9939;21;;;9949;6;9952;30;;;9945.0;0.0
av_SUGAR_d2;48700;INTARIAN_PEPPER_ROOT;12561;23;12557;18;;;12567;29;12570;19;;;12564.0;0.0
av_SUGAR_d2;48800;ASH_COATED_OSMIUM;9932;13;9929;28;;;9959;14;9962;21;;;9945.5;0.0
av_SUGAR_d2;48800;INTARIAN_PEPPER_ROOT;12559;15;12555;31;;;12571;19;12574;15;;;12565.0;0.0
av_SUGAR_d2;48900;ASH_COATED_OSMIUM;9935;14;9932;28;;;9957;16;9961;16;;;9946.0;0.0
av_SUGAR_d2;48900;INTARIAN_PEPPER_ROOT;12561;9;12559;19;;;12569;5;12572;19;;;12565.0;0.0
av_SUGAR_d2;49000;ASH_COATED_OSMIUM;9943;9;9941;19;;;9949;11;9951;17;;;9946.0;0.0
av_SUGAR_d2;49000;INTARIAN_PEPPER_ROOT;12562;12;12560;23;;;12568;17;12572;24;;;12565.0;0.0
av_SUGAR_d2;49100;ASH_COATED_OSMIUM;9943;12;9939;18;;;9949;15;9952;18;;;9946.0;0.0
av_SUGAR_d2;49100;INTARIAN_PEPPER_ROOT;12561;20;12559;18;;;12570;8;12572;20;;;12565.5;0.0
av_SUGAR_d2;49200;ASH_COATED_OSMIUM;9943;9;9939;23;;;9949;11;9952;16;;;9946.0;0.0
av_SUGAR_d2;49200;INTARIAN_PEPPER_ROOT;12563;6;12559;21;;;12569;17;12573;22;;;12566.0;0.0
av_SUGAR_d2;49300;ASH_COATED_OSMIUM;9943;27;9939;13;;;9949;10;9953;19;;;9946.0;0.0
av_SUGAR_d2;49300;INTARIAN_PEPPER_ROOT;12562;11;12560;19;;;12570;12;12572;21;;;12566.0;0.0
av_SUGAR_d2;49400;ASH_COATED_OSMIUM;9934;21;9932;13;;;9957;14;9959;14;;;9945.5;0.0
av_SUGAR_d2;49400;INTARIAN_PEPPER_ROOT;12564;11;12560;16;;;12570;15;12574;15;;;12567.0;0.0
av_SUGAR_d2;49500;ASH_COATED_OSMIUM;9943;14;9939;17;;;9949;16;9951;16;;;9946.0;0.0
av_SUGAR_d2;49500;INTARIAN_PEPPER_ROOT;12563;16;12559;19;;;12572;20;12575;19;;;12567.5;0.0
av_SUGAR_d2;49600;ASH_COATED_OSMIUM;9944;8;9942;20;;;9950;21;9953;24;;;9947.0;0.0
av_SUGAR_d2;49600;INTARIAN_PEPPER_ROOT;12564;13;12562;26;;;12570;22;12574;22;;;12567.0;0.0
av_SUGAR_d2;49700;ASH_COATED_OSMIUM;9943;14;9940;17;;;9949;17;9951;15;;;9946.0;0.0
av_SUGAR_d2;49700;INTARIAN_PEPPER_ROOT;12565;10;12563;22;;;12571;7;12575;20;;;12568.0;0.0
av_SUGAR_d2;49800;ASH_COATED_OSMIUM;9941;22;9937;20;;;9953;12;9956;17;;;9947.0;0.0
av_SUGAR_d2;49800;INTARIAN_PEPPER_ROOT;12566;11;12562;15;;;12572;24;12575;17;;;12569.0;0.0
av_SUGAR_d2;49900;ASH_COATED_OSMIUM;9944;12;9941;18;;;9950;15;9954;21;;;9947.0;0.0
av_SUGAR_d2;49900;INTARIAN_PEPPER_ROOT;12554;15;12552;26;;;12584;16;12588;27;;;12569.0;0.0
av_SUGAR_d2;50000;ASH_COATED_OSMIUM;9942;19;9939;19;;;9950;15;9952;31;;;9946.0;0.0
av_SUGAR_d2;50000;INTARIAN_PEPPER_ROOT;12559;19;12555;14;;;12579;22;12581;12;;;12569.0;0.0
av_SUGAR_d2;50100;ASH_COATED_OSMIUM;9943;19;9939;18;;;9949;5;9952;14;;;9946.0;0.0
av_SUGAR_d2;50100;INTARIAN_PEPPER_ROOT;12566;6;12562;21;;;12572;15;12574;20;;;12569.0;0.0
av_SUGAR_d2;50200;ASH_COATED_OSMIUM;9944;17;9941;31;;;9950;16;9952;19;;;9947.0;0.0
av_SUGAR_d2;50200;INTARIAN_PEPPER_ROOT;12567;15;12565;21;;;12573;13;12577;17;;;12570.0;0.0
av_SUGAR_d2;50300;ASH_COATED_OSMIUM;9944;19;9942;19;;;9950;16;9952;21;;;9947.0;0.0
av_SUGAR_d2;50300;INTARIAN_PEPPER_ROOT;12567;7;12565;18;;;12573;10;12575;20;;;12570.0;0.0
av_SUGAR_d2;50400;ASH_COATED_OSMIUM;9934;12;9930;17;;;9959;18;9961;15;;;9946.5;0.0
av_SUGAR_d2;50400;INTARIAN_PEPPER_ROOT;12568;15;12565;16;;;12574;14;12576;15;;;12571.0;0.0
av_SUGAR_d2;50500;ASH_COATED_OSMIUM;9944;11;9942;20;;;9950;19;9952;25;;;9947.0;0.0
av_SUGAR_d2;50500;INTARIAN_PEPPER_ROOT;12568;9;12566;21;;;12575;16;12578;25;;;12571.5;0.0
av_SUGAR_d2;50600;ASH_COATED_OSMIUM;9944;17;9942;20;;;9950;17;9954;24;;;9947.0;0.0
av_SUGAR_d2;50600;INTARIAN_PEPPER_ROOT;12568;7;12564;18;;;12574;19;12576;16;;;12571.0;0.0
av_SUGAR_d2;50700;ASH_COATED_OSMIUM;9942;5;9940;18;;;9953;8;9956;21;;;9947.5;0.0
av_SUGAR_d2;50700;INTARIAN_PEPPER_ROOT;12569;9;12565;28;;;12575;14;12578;30;;;12572.0;0.0
av_SUGAR_d2;50800;ASH_COATED_OSMIUM;9942;15;9938;24;;;9952;26;9954;30;;;9947.0;0.0
av_SUGAR_d2;50800;INTARIAN_PEPPER_ROOT;12568;13;12564;16;;;12576;25;12579;27;;;12572.0;0.0
av_SUGAR_d2;50900;ASH_COATED_OSMIUM;9944;5;9941;16;;;9950;12;9954;18;;;9947.0;0.0
av_SUGAR_d2;50900;INTARIAN_PEPPER_ROOT;12569;13;12567;19;;;12575;14;12578;17;;;12572.0;0.0
av_SUGAR_d2;51000;ASH_COATED_OSMIUM;9945;12;9943;24;;;9951;20;9953;22;;;9948.0;0.0
av_SUGAR_d2;51000;INTARIAN_PEPPER_ROOT;12569;16;12566;10;;;12575;12;12578;23;;;12572.0;0.0
av_SUGAR_d2;51100;ASH_COATED_OSMIUM;9945;13;9942;19;;;9951;17;9953;15;;;9948.0;0.0
av_SUGAR_d2;51100;INTARIAN_PEPPER_ROOT;12568;5;12564;21;;;12574;14;12576;18;;;12571.0;0.0
av_SUGAR_d2;51200;ASH_COATED_OSMIUM;9941;8;9937;24;;;9954;16;9956;12;;;9947.5;0.0
av_SUGAR_d2;51200;INTARIAN_PEPPER_ROOT;12569;10;12566;18;;;12575;11;12577;29;;;12572.0;0.0
av_SUGAR_d2;51300;ASH_COATED_OSMIUM;9944;24;9940;24;;;9950;10;9954;16;;;9947.0;0.0
av_SUGAR_d2;51300;INTARIAN_PEPPER_ROOT;12568;20;12564;27;;;12574;11;12578;14;;;12571.0;0.0
av_SUGAR_d2;51400;ASH_COATED_OSMIUM;9944;22;9940;32;;;9952;10;9956;13;;;9948.0;0.0
av_SUGAR_d2;51400;INTARIAN_PEPPER_ROOT;12565;17;12562;13;;;12575;10;12579;27;;;12570.0;0.0
av_SUGAR_d2;51500;ASH_COATED_OSMIUM;9945;16;9941;16;;;9951;12;9954;24;;;9948.0;0.0
av_SUGAR_d2;51500;INTARIAN_PEPPER_ROOT;12567;14;12564;24;;;12573;17;12576;18;;;12570.0;0.0
av_SUGAR_d2;51600;ASH_COATED_OSMIUM;9945;13;9942;27;;;9951;17;9953;24;;;9948.0;0.0
av_SUGAR_d2;51600;INTARIAN_PEPPER_ROOT;12566;16;12563;13;;;12572;10;12575;25;;;12569.0;0.0
av_SUGAR_d2;51700;ASH_COATED_OSMIUM;9943;5;9939;17;;;9954;12;9956;18;;;9948.5;0.0
av_SUGAR_d2;51700;INTARIAN_PEPPER_ROOT;12566;20;12562;14;;;12572;19;12574;20;;;12569.0;0.0
av_SUGAR_d2;51800;ASH_COATED_OSMIUM;9945;20;9942;20;;;9951;15;9955;19;;;9948.0;0.0
av_SUGAR_d2;51800;INTARIAN_PEPPER_ROOT;12555;21;12551;20;;;12583;6;12585;26;;;12569.0;0.0
av_SUGAR_d2;51900;ASH_COATED_OSMIUM;9946;17;9942;15;;;9952;16;9956;25;;;9949.0;0.0
av_SUGAR_d2;51900;INTARIAN_PEPPER_ROOT;12566;13;12563;11;;;12572;11;12576;19;;;12569.0;0.0
av_SUGAR_d2;52000;ASH_COATED_OSMIUM;9944;12;9941;16;;;9952;19;9954;19;;;9948.0;0.0
av_SUGAR_d2;52000;INTARIAN_PEPPER_ROOT;12561;8;12559;28;;;12575;16;12577;22;;;12568.0;0.0
av_SUGAR_d2;52100;ASH_COATED_OSMIUM;9945;14;9942;20;;;9951;17;9954;15;;;9948.0;0.0
av_SUGAR_d2;52100;INTARIAN_PEPPER_ROOT;12564;16;12560;18;;;12570;5;12573;18;;;12567.0;0.0
av_SUGAR_d2;52200;ASH_COATED_OSMIUM;9946;13;9944;24;;;9952;16;9954;25;;;9949.0;0.0
av_SUGAR_d2;52200;INTARIAN_PEPPER_ROOT;12564;20;12560;21;;;12570;10;12572;18;;;12567.0;0.0
av_SUGAR_d2;52300;ASH_COATED_OSMIUM;9944;16;9942;15;;;9953;14;9955;23;;;9948.5;0.0
av_SUGAR_d2;52300;INTARIAN_PEPPER_ROOT;12561;7;12557;17;;;12571;8;12575;23;;;12566.0;0.0
av_SUGAR_d2;52400;ASH_COATED_OSMIUM;9945;10;9941;12;;;9954;8;9958;24;;;9949.5;0.0
av_SUGAR_d2;52400;INTARIAN_PEPPER_ROOT;12559;14;12556;24;;;12573;20;12577;26;;;12566.0;0.0
av_SUGAR_d2;52500;ASH_COATED_OSMIUM;9947;20;9944;13;;;9953;22;9956;29;;;9950.0;0.0
av_SUGAR_d2;52500;INTARIAN_PEPPER_ROOT;12559;11;12556;23;;;12572;20;12576;18;;;12565.5;0.0
av_SUGAR_d2;52600;ASH_COATED_OSMIUM;9943;16;9941;17;;;9956;21;9960;13;;;9949.5;0.0
av_SUGAR_d2;52600;INTARIAN_PEPPER_ROOT;12561;12;12559;15;;;12569;18;12571;12;;;12565.0;0.0
av_SUGAR_d2;52700;ASH_COATED_OSMIUM;9946;23;9944;10;;;9952;18;9954;18;;;9949.0;0.0
av_SUGAR_d2;52700;INTARIAN_PEPPER_ROOT;12562;13;12560;18;;;12568;18;12570;21;;;12565.0;0.0
av_SUGAR_d2;52800;ASH_COATED_OSMIUM;9947;27;9943;24;;;9953;6;9956;31;;;9950.0;0.0
av_SUGAR_d2;52800;INTARIAN_PEPPER_ROOT;12561;15;12559;19;;;12567;15;12570;16;;;12564.0;0.0
av_SUGAR_d2;52900;ASH_COATED_OSMIUM;9945;13;9941;24;;;9955;14;9957;20;;;9950.0;0.0
av_SUGAR_d2;52900;INTARIAN_PEPPER_ROOT;12561;7;12557;24;;;12567;18;12570;18;;;12564.0;0.0
av_SUGAR_d2;53000;ASH_COATED_OSMIUM;9947;6;9943;15;;;9953;19;9956;16;;;9950.0;0.0
av_SUGAR_d2;53000;INTARIAN_PEPPER_ROOT;12560;11;12558;11;;;12566;11;12570;23;;;12563.0;0.0
av_SUGAR_d2;53100;ASH_COATED_OSMIUM;9943;14;9940;23;;;9955;13;9958;18;;;9949.0;0.0
av_SUGAR_d2;53100;INTARIAN_PEPPER_ROOT;12560;17;12558;20;;;12566;22;12569;28;;;12563.0;0.0
av_SUGAR_d2;53200;ASH_COATED_OSMIUM;9947;14;9943;26;;;9953;13;9956;24;;;9950.0;0.0
av_SUGAR_d2;53200;INTARIAN_PEPPER_ROOT;12560;23;12557;29;;;12566;14;12570;25;;;12563.0;0.0
av_SUGAR_d2;53300;ASH_COATED_OSMIUM;9947;15;9943;14;;;9953;14;9956;12;;;9950.0;0.0
av_SUGAR_d2;53300;INTARIAN_PEPPER_ROOT;12559;20;12557;22;;;12565;19;12569;15;;;12562.0;0.0
av_SUGAR_d2;53400;ASH_COATED_OSMIUM;9947;20;9944;17;;;9953;15;9956;11;;;9950.0;0.0
av_SUGAR_d2;53400;INTARIAN_PEPPER_ROOT;12560;21;12556;26;;;12566;21;12569;17;;;12563.0;0.0
av_SUGAR_d2;53500;ASH_COATED_OSMIUM;9941;8;9937;18;;;9960;12;9964;22;;;9950.5;0.0
av_SUGAR_d2;53500;INTARIAN_PEPPER_ROOT;12558;9;12554;18;;;12564;13;12567;22;;;12561.0;0.0
av_SUGAR_d2;53600;ASH_COATED_OSMIUM;9947;17;9944;21;;;9953;23;9957;15;;;9950.0;0.0
av_SUGAR_d2;53600;INTARIAN_PEPPER_ROOT;12558;12;12556;24;;;12564;8;12568;20;;;12561.0;0.0
av_SUGAR_d2;53700;ASH_COATED_OSMIUM;9948;14;9945;17;;;9954;16;9957;23;;;9951.0;0.0
av_SUGAR_d2;53700;INTARIAN_PEPPER_ROOT;12557;14;12554;21;;;12563;15;12567;21;;;12560.0;0.0
av_SUGAR_d2;53800;ASH_COATED_OSMIUM;9947;15;9945;11;;;9954;10;9957;18;;;9950.5;0.0
av_SUGAR_d2;53800;INTARIAN_PEPPER_ROOT;12545;11;12541;29;;;12575;10;12579;24;;;12560.0;0.0
av_SUGAR_d2;53900;ASH_COATED_OSMIUM;9948;12;9946;17;;;9954;13;9956;16;;;9951.0;0.0
av_SUGAR_d2;53900;INTARIAN_PEPPER_ROOT;12556;18;12554;20;;;12565;9;12567;25;;;12560.5;0.0
av_SUGAR_d2;54000;ASH_COATED_OSMIUM;9941;18;9938;26;;;9960;15;9962;10;;;9950.5;0.0
av_SUGAR_d2;54000;INTARIAN_PEPPER_ROOT;12556;12;12552;31;;;12562;17;12566;8;;;12559.0;0.0
av_SUGAR_d2;54100;ASH_COATED_OSMIUM;9948;15;9945;18;;;9954;20;9956;26;;;9951.0;0.0
av_SUGAR_d2;54100;INTARIAN_PEPPER_ROOT;12556;14;12553;16;;;12562;6;12565;17;;;12559.0;0.0
av_SUGAR_d2;54200;ASH_COATED_OSMIUM;9943;11;9939;11;;;9960;14;9962;21;;;9951.5;0.0
av_SUGAR_d2;54200;INTARIAN_PEPPER_ROOT;12554;18;12551;24;;;12563;14;12567;15;;;12558.5;0.0
av_SUGAR_d2;54300;ASH_COATED_OSMIUM;9948;10;9945;11;;;9954;25;9957;24;;;9951.0;0.0
av_SUGAR_d2;54300;INTARIAN_PEPPER_ROOT;12554;15;12551;20;;;12560;19;12562;26;;;12557.0;0.0
av_SUGAR_d2;54400;ASH_COATED_OSMIUM;9949;14;9946;23;;;9955;12;9957;18;;;9952.0;0.0
av_SUGAR_d2;54400;INTARIAN_PEPPER_ROOT;12555;13;12552;26;;;12561;27;12564;13;;;12558.0;0.0
av_SUGAR_d2;54500;ASH_COATED_OSMIUM;9949;5;9946;19;;;9955;16;9957;11;;;9952.0;0.0
av_SUGAR_d2;54500;INTARIAN_PEPPER_ROOT;12554;15;12550;17;;;12560;13;12563;21;;;12557.0;0.0
av_SUGAR_d2;54600;ASH_COATED_OSMIUM;9949;12;9946;15;;;9955;16;9959;23;;;9952.0;0.0
av_SUGAR_d2;54600;INTARIAN_PEPPER_ROOT;12553;20;12549;20;;;12559;9;12563;22;;;12556.0;0.0
av_SUGAR_d2;54700;ASH_COATED_OSMIUM;9947;24;9943;15;;;9958;12;9960;23;;;9952.5;0.0
av_SUGAR_d2;54700;INTARIAN_PEPPER_ROOT;12552;9;12548;14;;;12558;16;12561;16;;;12555.0;0.0
av_SUGAR_d2;54800;ASH_COATED_OSMIUM;9949;13;9947;15;;;9955;19;9958;25;;;9952.0;0.0
av_SUGAR_d2;54800;INTARIAN_PEPPER_ROOT;12544;9;12540;22;;;12566;11;12569;25;;;12555.0;0.0
av_SUGAR_d2;54900;ASH_COATED_OSMIUM;9949;21;9945;19;;;9955;17;9958;25;;;9952.0;0.0
av_SUGAR_d2;54900;INTARIAN_PEPPER_ROOT;12549;15;12546;27;;;12563;15;12566;27;;;12556.0;0.0
av_SUGAR_d2;55000;ASH_COATED_OSMIUM;9949;13;9946;17;;;9955;5;9957;9;;;9952.0;0.0
av_SUGAR_d2;55000;INTARIAN_PEPPER_ROOT;12546;16;12543;17;;;12564;14;12568;14;;;12555.0;0.0
av_SUGAR_d2;55100;ASH_COATED_OSMIUM;9949;15;9946;29;;;9955;21;9957;16;;;9952.0;0.0
av_SUGAR_d2;55100;INTARIAN_PEPPER_ROOT;12551;15;12549;21;;;12557;14;12560;21;;;12554.0;0.0
av_SUGAR_d2;55200;ASH_COATED_OSMIUM;9945;17;9941;20;;;9959;20;9962;19;;;9952.0;0.0
av_SUGAR_d2;55200;INTARIAN_PEPPER_ROOT;12547;13;12545;8;;;12561;7;12565;15;;;12554.0;0.0
av_SUGAR_d2;55300;ASH_COATED_OSMIUM;9943;18;9941;20;;;9961;8;9963;14;;;9952.0;0.0
av_SUGAR_d2;55300;INTARIAN_PEPPER_ROOT;12551;20;12549;23;;;12557;9;12560;19;;;12554.0;0.0
av_SUGAR_d2;55400;ASH_COATED_OSMIUM;9950;15;9948;23;;;9956;14;9960;17;;;9953.0;0.0
av_SUGAR_d2;55400;INTARIAN_PEPPER_ROOT;12538;21;12535;10;;;12569;25;12572;19;;;12553.5;0.0
av_SUGAR_d2;55500;ASH_COATED_OSMIUM;9949;17;9946;22;;;9955;13;9958;21;;;9952.0;0.0
av_SUGAR_d2;55500;INTARIAN_PEPPER_ROOT;12550;13;12548;14;;;12556;11;12560;14;;;12553.0;0.0
av_SUGAR_d2;55600;ASH_COATED_OSMIUM;9950;11;9946;21;;;9957;19;9959;23;;;9953.5;0.0
av_SUGAR_d2;55600;INTARIAN_PEPPER_ROOT;12549;20;12545;30;;;12555;12;12557;23;;;12552.0;0.0
av_SUGAR_d2;55700;ASH_COATED_OSMIUM;9913;17;9909;15;;;9993;13;9995;21;;;9953.0;0.0
av_SUGAR_d2;55700;INTARIAN_PEPPER_ROOT;12549;19;12545;27;;;12555;11;12557;15;;;12552.0;0.0
av_SUGAR_d2;55800;ASH_COATED_OSMIUM;9950;10;9947;24;;;9956;14;9960;20;;;9953.0;0.0
av_SUGAR_d2;55800;INTARIAN_PEPPER_ROOT;12538;12;12535;23;;;12566;6;12569;14;;;12552.0;0.0
av_SUGAR_d2;55900;ASH_COATED_OSMIUM;9949;24;9945;23;;;9956;12;9960;20;;;9952.5;0.0
av_SUGAR_d2;55900;INTARIAN_PEPPER_ROOT;12548;15;12546;20;;;12554;16;12556;23;;;12551.0;0.0
av_SUGAR_d2;56000;ASH_COATED_OSMIUM;9950;16;9946;12;;;9956;14;9959;20;;;9953.0;0.0
av_SUGAR_d2;56000;INTARIAN_PEPPER_ROOT;12546;8;12544;8;;;12555;13;12557;18;;;12550.5;0.0
av_SUGAR_d2;56100;ASH_COATED_OSMIUM;9946;20;9942;13;;;9961;18;9963;23;;;9953.5;0.0
av_SUGAR_d2;56100;INTARIAN_PEPPER_ROOT;12544;12;12540;21;;;12556;18;12559;17;;;12550.0;0.0
av_SUGAR_d2;56200;ASH_COATED_OSMIUM;9951;21;9947;22;;;9957;14;9960;14;;;9954.0;0.0
av_SUGAR_d2;56200;INTARIAN_PEPPER_ROOT;12536;13;12534;10;;;12565;12;12568;18;;;12550.5;0.0
av_SUGAR_d2;56300;ASH_COATED_OSMIUM;9948;16;9944;18;;;9959;18;9961;22;;;9953.5;0.0
av_SUGAR_d2;56300;INTARIAN_PEPPER_ROOT;12546;12;12543;23;;;12553;14;12555;20;;;12549.5;0.0
av_SUGAR_d2;56400;ASH_COATED_OSMIUM;9951;11;9949;15;;;9957;19;9960;17;;;9954.0;0.0
av_SUGAR_d2;56400;INTARIAN_PEPPER_ROOT;12546;14;12542;28;;;12552;11;12556;22;;;12549.0;0.0
av_SUGAR_d2;56500;ASH_COATED_OSMIUM;9945;16;9943;30;;;9963;13;9967;15;;;9954.0;0.0
av_SUGAR_d2;56500;INTARIAN_PEPPER_ROOT;12543;15;12539;24;;;12556;19;12558;17;;;12549.5;0.0
av_SUGAR_d2;56600;ASH_COATED_OSMIUM;9950;7;9946;26;;;9958;13;9960;21;;;9954.0;0.0
av_SUGAR_d2;56600;INTARIAN_PEPPER_ROOT;12544;6;12541;20;;;12553;17;12557;9;;;12548.5;0.0
av_SUGAR_d2;56700;ASH_COATED_OSMIUM;9952;13;9950;20;;;9958;21;9962;17;;;9955.0;0.0
av_SUGAR_d2;56700;INTARIAN_PEPPER_ROOT;12541;11;12538;22;;;12555;10;12557;16;;;12548.0;0.0
av_SUGAR_d2;56800;ASH_COATED_OSMIUM;9951;13;9947;15;;;9957;8;9960;11;;;9954.0;0.0
av_SUGAR_d2;56800;INTARIAN_PEPPER_ROOT;12535;10;12533;25;;;12561;19;12563;19;;;12548.0;0.0
av_SUGAR_d2;56900;ASH_COATED_OSMIUM;9952;18;9950;19;;;9958;26;9960;30;;;9955.0;0.0
av_SUGAR_d2;56900;INTARIAN_PEPPER_ROOT;12541;14;12538;19;;;12553;12;12556;25;;;12547.0;0.0
av_SUGAR_d2;57000;ASH_COATED_OSMIUM;9950;24;9948;21;;;9958;12;9960;13;;;9954.0;0.0
av_SUGAR_d2;57000;INTARIAN_PEPPER_ROOT;12543;21;12539;16;;;12549;23;12553;25;;;12546.0;0.0
av_SUGAR_d2;57100;ASH_COATED_OSMIUM;9952;14;9949;17;;;9958;13;9962;17;;;9955.0;0.0
av_SUGAR_d2;57100;INTARIAN_PEPPER_ROOT;12543;18;12539;18;;;12549;13;12553;24;;;12546.0;0.0
av_SUGAR_d2;57200;ASH_COATED_OSMIUM;9947;19;9945;26;;;9961;15;9965;21;;;9954.0;0.0
av_SUGAR_d2;57200;INTARIAN_PEPPER_ROOT;12542;16;12539;19;;;12548;7;12550;24;;;12545.0;0.0
av_SUGAR_d2;57300;ASH_COATED_OSMIUM;9952;17;9948;12;;;9958;22;9962;13;;;9955.0;0.0
av_SUGAR_d2;57300;INTARIAN_PEPPER_ROOT;12542;12;12538;12;;;12548;13;12552;8;;;12545.0;0.0
av_SUGAR_d2;57400;ASH_COATED_OSMIUM;9949;14;9946;17;;;9961;5;9963;25;;;9955.0;0.0
av_SUGAR_d2;57400;INTARIAN_PEPPER_ROOT;12531;11;12529;25;;;12559;16;12563;23;;;12545.0;0.0
av_SUGAR_d2;57500;ASH_COATED_OSMIUM;9952;18;9948;25;;;9958;16;9961;24;;;9955.0;0.0
av_SUGAR_d2;57500;INTARIAN_PEPPER_ROOT;12537;15;12534;24;;;12552;19;12556;16;;;12544.5;0.0
av_SUGAR_d2;57600;ASH_COATED_OSMIUM;9941;11;9937;17;;;9969;11;9972;13;;;9955.0;0.0
av_SUGAR_d2;57600;INTARIAN_PEPPER_ROOT;12541;9;12537;24;;;12547;20;12551;15;;;12544.0;0.0
