day;timestamp;product;bid_price_1;bid_volume_1;bid_price_2;bid_volume_2;bid_price_3;bid_volume_3;ask_price_1;ask_volume_1;ask_price_2;ask_volume_2;ask_price_3;ask_volume_3;mid_price;profit_and_loss
av_COFFEE_d3;0;ASH_COATED_OSMIUM;9941;15;9937;18;;;9950;16;9952;15;;;9945.5;0.0
av_COFFEE_d3;0;INTARIAN_PEPPER_ROOT;11803;13;11800;30;;;11809;15;11812;24;;;11806.0;0.0
av_COFFEE_d3;100;ASH_COATED_OSMIUM;9940;24;9938;25;;;9949;13;9952;20;;;9944.5;0.0
av_COFFEE_d3;100;INTARIAN_PEPPER_ROOT;11798;19;11794;18;;;11813;21;11816;19;;;11805.5;0.0
av_COFFEE_d3;200;ASH_COATED_OSMIUM;9941;19;9939;11;;;9947;7;9950;18;;;9944.0;0.0
av_COFFEE_d3;200;INTARIAN_PEPPER_ROOT;11796;15;11792;18;;;11811;24;11815;18;;;11803.5;0.0
av_COFFEE_d3;300;ASH_COATED_OSMIUM;9942;19;9938;15;;;9948;18;9952;26;;;9945.0;0.0
av_COFFEE_d3;300;INTARIAN_PEPPER_ROOT;11800;18;11797;9;;;11806;17;11808;21;;;11803.0;0.0
av_COFFEE_d3;400;ASH_COATED_OSMIUM;9941;16;9939;17;;;9947;13;9949;9;;;9944.0;0.0
av_COFFEE_d3;400;INTARIAN_PEPPER_ROOT;11799;15;11797;20;;;11805;7;11809;14;;;11802.0;0.0
av_COFFEE_d3;500;ASH_COATED_OSMIUM;9939;11;9935;17;;;9947;17;9951;23;;;9943.0;0.0
av_COFFEE_d3;500;INTARIAN_PEPPER_ROOT;11798;15;11796;19;;;11804;18;11808;22;;;11801.0;0.0
av_COFFEE_d3;600;ASH_COATED_OSMIUM;9940;17;9937;14;;;9946;16;9950;24;;;9943.0;0.0
av_COFFEE_d3;600;INTARIAN_PEPPER_ROOT;11793;16;11791;19;;;11806;6;11808;13;;;11799.5;0.0
av_COFFEE_d3;700;ASH_COATED_OSMIUM;9941;5;9937;23;;;9947;7;9949;21;;;9944.0;0.0
av_COFFEE_d3;700;INTARIAN_PEPPER_ROOT;11796;24;11792;22;;;11802;26;11805;21;;;11799.0;0.0
av_COFFEE_d3;800;ASH_COATED_OSMIUM;9937;8;9934;24;;;9948;28;9952;15;;;9942.5;0.0
av_COFFEE_d3;800;INTARIAN_PEPPER_ROOT;11794;7;11790;16;;;11803;9;11806;16;;;11798.5;0.0
av_COFFEE_d3;900;ASH_COATED_OSMIUM;9940;15;9937;15;;;9946;13;9949;19;;;9943.0;0.0
av_COFFEE_d3;900;INTARIAN_PEPPER_ROOT;11793;7;11789;24;;;11799;19;11802;19;;;11796.0;0.0
av_COFFEE_d3;1000;ASH_COATED_OSMIUM;9939;21;9937;18;;;9945;11;9948;25;;;9942.0;0.0
av_COFFEE_d3;1000;INTARIAN_PEPPER_ROOT;11791;7;11788;11;;;11800;5;11802;23;;;11795.5;0.0
av_COFFEE_d3;1100;ASH_COATED_OSMIUM;9939;13;9935;19;;;9945;15;9949;17;;;9942.0;0.0
av_COFFEE_d3;1100;INTARIAN_PEPPER_ROOT;11791;10;11789;23;;;11798;19;11801;24;;;11794.5;0.0
av_COFFEE_d3;1200;ASH_COATED_OSMIUM;9939;16;9937;20;;;9945;5;9947;18;;;9942.0;0.0
av_COFFEE_d3;1200;INTARIAN_PEPPER_ROOT;11787;12;11783;16;;;11800;17;11804;11;;;11793.5;0.0
av_COFFEE_d3;1300;ASH_COATED_OSMIUM;9934;14;9930;19;;;9948;7;9952;22;;;9941.0;0.0
av_COFFEE_d3;1300;INTARIAN_PEPPER_ROOT;11789;18;11785;21;;;11795;11;11798;25;;;11792.0;0.0
av_COFFEE_d3;1400;ASH_COATED_OSMIUM;9938;11;9934;20;;;9944;15;9947;13;;;9941.0;0.0
av_COFFEE_d3;1400;INTARIAN_PEPPER_ROOT;11788;14;11786;14;;;11794;10;11798;21;;;11791.0;0.0
av_COFFEE_d3;1500;ASH_COATED_OSMIUM;9938;12;9934;30;;;9944;20;9947;21;;;9941.0;0.0
av_COFFEE_d3;1500;INTARIAN_PEPPER_ROOT;11787;21;11783;21;;;11793;15;11795;15;;;11790.0;0.0
av_COFFEE_d3;1600;ASH_COATED_OSMIUM;9936;15;9934;22;;;9944;17;9947;12;;;9940.0;0.0
av_COFFEE_d3;1600;INTARIAN_PEPPER_ROOT;11786;19;11783;17;;;11792;8;11796;19;;;11789.0;0.0
av_COFFEE_d3;1700;ASH_COATED_OSMIUM;9930;19;9926;20;;;9951;19;9954;25;;;9940.5;0.0
av_COFFEE_d3;1700;INTARIAN_PEPPER_ROOT;11783;8;11780;15;;;11791;18;11794;19;;;11787.0;0.0
av_COFFEE_d3;1800;ASH_COATED_OSMIUM;9937;15;9935;19;;;9943;9;9946;21;;;9940.0;0.0
av_COFFEE_d3;1800;INTARIAN_PEPPER_ROOT;11770;14;11767;15;;;11803;27;11806;10;;;11786.5;0.0
av_COFFEE_d3;1900;ASH_COATED_OSMIUM;9933;19;9931;21;;;9947;18;9949;20;;;9940.0;0.0
av_COFFEE_d3;1900;INTARIAN_PEPPER_ROOT;11779;5;11777;22;;;11792;13;11794;18;;;11785.5;0.0
av_COFFEE_d3;2000;ASH_COATED_OSMIUM;9937;14;9935;24;;;9943;26;9946;24;;;9940.0;0.0
av_COFFEE_d3;2000;INTARIAN_PEPPER_ROOT;11782;10;11778;19;;;11788;6;11790;24;;;11785.0;0.0
av_COFFEE_d3;2100;ASH_COATED_OSMIUM;9936;11;9934;10;;;9942;5;9945;21;;;9939.0;0.0
av_COFFEE_d3;2100;INTARIAN_PEPPER_ROOT;11780;16;11778;19;;;11786;15;11790;17;;;11783.0;0.0
av_COFFEE_d3;2200;ASH_COATED_OSMIUM;9936;9;9934;17;;;9942;8;9944;10;;;9939.0;0.0
av_COFFEE_d3;2200;INTARIAN_PEPPER_ROOT;11779;19;11775;22;;;11785;15;11788;17;;;11782.0;0.0
av_COFFEE_d3;2300;ASH_COATED_OSMIUM;9936;21;9932;24;;;9942;16;9944;13;;;9939.0;0.0
av_COFFEE_d3;2300;INTARIAN_PEPPER_ROOT;11778;15;11775;25;;;11784;20;11788;21;;;11781.0;0.0
av_COFFEE_d3;2400;ASH_COATED_OSMIUM;9936;13;9933;22;;;9942;11;9944;32;;;9939.0;0.0
av_COFFEE_d3;2400;INTARIAN_PEPPER_ROOT;11777;12;11773;14;;;11783;21;11785;9;;;11780.0;0.0
av_COFFEE_d3;2500;ASH_COATED_OSMIUM;9934;14;9932;25;;;9942;20;9944;25;;;9938.0;0.0
av_COFFEE_d3;2500;INTARIAN_PEPPER_ROOT;11776;8;11773;24;;;11782;14;11784;18;;;11779.0;0.0
av_COFFEE_d3;2600;ASH_COATED_OSMIUM;9935;15;9932;29;;;9941;15;9943;17;;;9938.0;0.0
av_COFFEE_d3;2600;INTARIAN_PEPPER_ROOT;11774;11;11771;18;;;11780;16;11784;22;;;11777.0;0.0
av_COFFEE_d3;2700;ASH_COATED_OSMIUM;9935;13;9932;23;;;9941;16;9944;17;;;9938.0;0.0
av_COFFEE_d3;2700;INTARIAN_PEPPER_ROOT;11773;20;11771;14;;;11779;15;11781;20;;;11776.0;0.0
av_COFFEE_d3;2800;ASH_COATED_OSMIUM;9934;18;9930;18;;;9940;18;9942;17;;;9937.0;0.0
av_COFFEE_d3;2800;INTARIAN_PEPPER_ROOT;11765;18;11762;10;;;11786;8;11788;19;;;11775.5;0.0
av_COFFEE_d3;2900;ASH_COATED_OSMIUM;9930;19;9927;19;;;9944;7;9947;14;;;9937.0;0.0
av_COFFEE_d3;2900;INTARIAN_PEPPER_ROOT;11771;16;11769;16;;;11777;12;11780;26;;;11774.0;0.0
av_COFFEE_d3;3000;ASH_COATED_OSMIUM;9934;22;9932;13;;;9940;16;9943;11;;;9937.0;0.0
av_COFFEE_d3;3000;INTARIAN_PEPPER_ROOT;11758;16;11755;16;;;11788;19;11792;20;;;11773.0;0.0
av_COFFEE_d3;3100;ASH_COATED_OSMIUM;9933;9;9930;17;;;9939;15;9942;25;;;9936.0;0.0
av_COFFEE_d3;3100;INTARIAN_PEPPER_ROOT;11769;10;11765;19;;;11775;18;11779;14;;;11772.0;0.0
av_COFFEE_d3;3200;ASH_COATED_OSMIUM;9934;21;9930;18;;;9940;10;9943;17;;;9937.0;0.0
av_COFFEE_d3;3200;INTARIAN_PEPPER_ROOT;11767;23;11765;21;;;11775;14;11778;23;;;11771.0;0.0
av_COFFEE_d3;3300;ASH_COATED_OSMIUM;9933;11;9931;16;;;9939;19;9943;21;;;9936.0;0.0
av_COFFEE_d3;3300;INTARIAN_PEPPER_ROOT;11767;15;11764;23;;;11773;14;11775;13;;;11770.0;0.0
av_COFFEE_d3;3400;ASH_COATED_OSMIUM;9925;20;9921;20;;;9947;18;9950;8;;;9936.0;0.0
av_COFFEE_d3;3400;INTARIAN_PEPPER_ROOT;11766;15;11764;22;;;11772;17;11774;12;;;11769.0;0.0
av_COFFEE_d3;3500;ASH_COATED_OSMIUM;9932;14;9929;19;;;9940;18;9944;21;;;9936.0;0.0
av_COFFEE_d3;3500;INTARIAN_PEPPER_ROOT;11760;11;11757;16;;;11776;11;11780;8;;;11768.0;0.0
av_COFFEE_d3;3600;ASH_COATED_OSMIUM;9932;12;9928;24;;;9938;16;9942;18;;;9935.0;0.0
av_COFFEE_d3;3600;INTARIAN_PEPPER_ROOT;11762;12;11760;18;;;11771;21;11774;12;;;11766.5;0.0
av_COFFEE_d3;3700;ASH_COATED_OSMIUM;9932;13;9928;12;;;9938;13;9941;21;;;9935.0;0.0
av_COFFEE_d3;3700;INTARIAN_PEPPER_ROOT;11762;22;11759;17;;;11768;14;11772;21;;;11765.0;0.0
av_COFFEE_d3;3800;ASH_COATED_OSMIUM;9932;17;9928;22;;;9938;14;9942;19;;;9935.0;0.0
av_COFFEE_d3;3800;INTARIAN_PEPPER_ROOT;11760;9;11757;17;;;11771;14;11774;13;;;11765.5;0.0
av_COFFEE_d3;3900;ASH_COATED_OSMIUM;9927;22;9923;17;;;9943;14;9947;16;;;9935.0;0.0
av_COFFEE_d3;3900;INTARIAN_PEPPER_ROOT;11760;13;11757;14;;;11767;8;11771;16;;;11763.5;0.0
av_COFFEE_d3;4000;ASH_COATED_OSMIUM;9931;6;9927;21;;;9937;27;9940;29;;;9934.0;0.0
av_COFFEE_d3;4000;INTARIAN_PEPPER_ROOT;11754;10;11751;12;;;11772;5;11776;22;;;11763.0;0.0
av_COFFEE_d3;4100;ASH_COATED_OSMIUM;9930;14;9927;20;;;9939;24;9941;21;;;9934.5;0.0
av_COFFEE_d3;4100;INTARIAN_PEPPER_ROOT;11748;19;11745;20;;;11774;9;11778;17;;;11761.0;0.0
av_COFFEE_d3;4200;ASH_COATED_OSMIUM;9930;12;9926;20;;;9936;7;9938;20;;;9933.0;0.0
av_COFFEE_d3;4200;INTARIAN_PEPPER_ROOT;11757;22;11755;8;;;11763;17;11766;20;;;11760.0;0.0
av_COFFEE_d3;4300;ASH_COATED_OSMIUM;9931;13;9927;13;;;9937;14;9940;18;;;9934.0;0.0
av_COFFEE_d3;4300;INTARIAN_PEPPER_ROOT;11750;5;11747;21;;;11769;25;11771;17;;;11759.5;0.0
av_COFFEE_d3;4400;ASH_COATED_OSMIUM;9930;18;9926;25;;;9936;16;9940;18;;;9933.0;0.0
av_COFFEE_d3;4400;INTARIAN_PEPPER_ROOT;11755;10;11752;16;;;11761;6;11765;19;;;11758.0;0.0
av_COFFEE_d3;4500;ASH_COATED_OSMIUM;9930;8;9927;22;;;9936;5;9940;16;;;9933.0;0.0
av_COFFEE_d3;4500;INTARIAN_PEPPER_ROOT;11754;14;11752;13;;;11760;11;11764;23;;;11757.0;0.0
av_COFFEE_d3;4600;ASH_COATED_OSMIUM;9929;9;9925;25;;;9935;20;9939;22;;;9932.0;0.0
av_COFFEE_d3;4600;INTARIAN_PEPPER_ROOT;11751;15;11747;20;;;11760;7;11763;15;;;11755.5;0.0
av_COFFEE_d3;4700;ASH_COATED_OSMIUM;9927;14;9925;24;;;9938;24;9941;14;;;9932.5;0.0
av_COFFEE_d3;4700;INTARIAN_PEPPER_ROOT;11751;5;11748;21;;;11758;12;11762;18;;;11754.5;0.0
av_COFFEE_d3;4800;ASH_COATED_OSMIUM;9928;14;9926;26;;;9936;16;9940;18;;;9932.0;0.0
av_COFFEE_d3;4800;INTARIAN_PEPPER_ROOT;11746;13;11744;19;;;11760;13;11762;13;;;11753.0;0.0
av_COFFEE_d3;4900;ASH_COATED_OSMIUM;9929;18;9927;17;;;9935;14;9939;21;;;9932.0;0.0
av_COFFEE_d3;4900;INTARIAN_PEPPER_ROOT;11749;5;11745;25;;;11755;17;11758;16;;;11752.0;0.0
av_COFFEE_d3;5000;ASH_COATED_OSMIUM;9927;17;9925;18;;;9936;18;9938;16;;;9931.5;0.0
av_COFFEE_d3;5000;INTARIAN_PEPPER_ROOT;11738;17;11736;13;;;11763;13;11765;19;;;11750.5;0.0
av_COFFEE_d3;5100;ASH_COATED_OSMIUM;9924;13;9921;14;;;9939;9;9943;15;;;9931.5;0.0
av_COFFEE_d3;5100;INTARIAN_PEPPER_ROOT;11747;13;11744;25;;;11753;14;11755;21;;;11750.0;0.0
av_COFFEE_d3;5200;ASH_COATED_OSMIUM;9928;12;9926;23;;;9934;13;9936;17;;;9931.0;0.0
av_COFFEE_d3;5200;INTARIAN_PEPPER_ROOT;11746;18;11743;18;;;11752;18;11756;17;;;11749.0;0.0
av_COFFEE_d3;5300;ASH_COATED_OSMIUM;9927;8;9925;16;;;9936;20;9940;17;;;9931.5;0.0
av_COFFEE_d3;5300;INTARIAN_PEPPER_ROOT;11745;19;11742;17;;;11751;17;11753;22;;;11748.0;0.0
av_COFFEE_d3;5400;ASH_COATED_OSMIUM;9928;15;9926;20;;;9934;8;9937;31;;;9931.0;0.0
av_COFFEE_d3;5400;INTARIAN_PEPPER_ROOT;11739;21;11737;22;;;11754;15;11758;23;;;11746.5;0.0
av_COFFEE_d3;5500;ASH_COATED_OSMIUM;9913;10;9910;20;;;9947;14;9950;23;;;9930.0;0.0
av_COFFEE_d3;5500;INTARIAN_PEPPER_ROOT;11737;5;11735;21;;;11755;14;11759;18;;;11746.0;0.0
av_COFFEE_d3;5600;ASH_COATED_OSMIUM;9927;13;9923;20;;;9933;14;9937;22;;;9930.0;0.0
av_COFFEE_d3;5600;INTARIAN_PEPPER_ROOT;11742;15;11739;22;;;11748;19;11751;11;;;11745.0;0.0
av_COFFEE_d3;5700;ASH_COATED_OSMIUM;9927;10;9923;25;;;9933;13;9935;23;;;9930.0;0.0
av_COFFEE_d3;5700;INTARIAN_PEPPER_ROOT;11740;15;11737;17;;;11746;18;11749;21;;;11743.0;0.0
av_COFFEE_d3;5800;ASH_COATED_OSMIUM;9924;7;9921;21;;;9935;13;9939;19;;;9929.5;0.0
av_COFFEE_d3;5800;INTARIAN_PEPPER_ROOT;11740;20;11737;27;;;11746;16;11749;18;;;11743.0;0.0
av_COFFEE_d3;5900;ASH_COATED_OSMIUM;9926;15;9922;15;;;9934;9;9937;27;;;9930.0;0.0
av_COFFEE_d3;5900;INTARIAN_PEPPER_ROOT;11738;17;11735;19;;;11744;8;11748;22;;;11741.0;0.0
av_COFFEE_d3;6000;ASH_COATED_OSMIUM;9926;17;9923;19;;;9932;13;9934;17;;;9929.0;0.0
av_COFFEE_d3;6000;INTARIAN_PEPPER_ROOT;11733;21;11731;19;;;11748;11;11752;18;;;11740.5;0.0
av_COFFEE_d3;6100;ASH_COATED_OSMIUM;9926;12;9922;26;;;9932;15;9934;11;;;9929.0;0.0
av_COFFEE_d3;6100;INTARIAN_PEPPER_ROOT;11734;8;11731;19;;;11744;14;11747;19;;;11739.0;0.0
av_COFFEE_d3;6200;ASH_COATED_OSMIUM;9918;13;9915;20;;;9937;14;9941;19;;;9927.5;0.0
av_COFFEE_d3;6200;INTARIAN_PEPPER_ROOT;11733;14;11729;17;;;11743;18;11747;16;;;11738.0;0.0
av_COFFEE_d3;6300;ASH_COATED_OSMIUM;9925;8;9922;25;;;9931;22;9935;17;;;9928.0;0.0
av_COFFEE_d3;6300;INTARIAN_PEPPER_ROOT;11734;13;11731;20;;;11740;18;11743;17;;;11737.0;0.0
av_COFFEE_d3;6400;ASH_COATED_OSMIUM;9925;11;9922;17;;;9931;23;9935;23;;;9928.0;0.0
av_COFFEE_d3;6400;INTARIAN_PEPPER_ROOT;11731;11;11729;23;;;11741;18;11745;26;;;11736.0;0.0
av_COFFEE_d3;6500;ASH_COATED_OSMIUM;9924;7;9922;19;;;9930;16;9934;22;;;9927.0;0.0
av_COFFEE_d3;6500;INTARIAN_PEPPER_ROOT;11731;7;11727;18;;;11738;17;11740;23;;;11734.5;0.0
av_COFFEE_d3;6600;ASH_COATED_OSMIUM;9924;16;9921;10;;;9930;15;9932;24;;;9927.0;0.0
av_COFFEE_d3;6600;INTARIAN_PEPPER_ROOT;11729;17;11727;30;;;11738;24;11742;13;;;11733.5;0.0
av_COFFEE_d3;6700;ASH_COATED_OSMIUM;9921;7;9919;16;;;9933;9;9937;16;;;9927.0;0.0
av_COFFEE_d3;6700;INTARIAN_PEPPER_ROOT;11729;19;11727;27;;;11736;18;11740;20;;;11732.5;0.0
av_COFFEE_d3;6800;ASH_COATED_OSMIUM;9923;14;9919;21;;;9929;11;9932;14;;;9926.0;0.0
av_COFFEE_d3;6800;INTARIAN_PEPPER_ROOT;11728;22;11724;19;;;11734;16;11738;15;;;11731.0;0.0
av_COFFEE_d3;6900;ASH_COATED_OSMIUM;9904;21;9902;17;;;9950;21;9953;26;;;9927.0;0.0
av_COFFEE_d3;6900;INTARIAN_PEPPER_ROOT;11727;16;11725;15;;;11733;22;11735;20;;;11730.0;0.0
av_COFFEE_d3;7000;ASH_COATED_OSMIUM;9922;6;9918;16;;;9932;14;9936;12;;;9927.0;0.0
av_COFFEE_d3;7000;INTARIAN_PEPPER_ROOT;11721;16;11717;15;;;11738;10;11741;26;;;11729.5;0.0
av_COFFEE_d3;7100;ASH_COATED_OSMIUM;9923;22;9921;16;;;9929;18;9933;28;;;9926.0;0.0
av_COFFEE_d3;7100;INTARIAN_PEPPER_ROOT;11723;14;11719;19;;;11733;26;11736;20;;;11728.0;0.0
av_COFFEE_d3;7200;ASH_COATED_OSMIUM;9923;19;9919;17;;;9929;12;9932;18;;;9926.0;0.0
av_COFFEE_d3;7200;INTARIAN_PEPPER_ROOT;11721;17;11717;19;;;11731;19;11733;8;;;11726.0;0.0
av_COFFEE_d3;7300;ASH_COATED_OSMIUM;9922;9;9920;15;;;9928;16;9932;9;;;9925.0;0.0
av_COFFEE_d3;7300;INTARIAN_PEPPER_ROOT;11722;16;11720;17;;;11728;16;11732;27;;;11725.0;0.0
av_COFFEE_d3;7400;ASH_COATED_OSMIUM;9918;16;9915;11;;;9932;14;9936;16;;;9925.0;0.0
av_COFFEE_d3;7400;INTARIAN_PEPPER_ROOT;11722;26;11720;9;;;11728;12;11731;14;;;11725.0;0.0
av_COFFEE_d3;7500;ASH_COATED_OSMIUM;9909;8;9907;19;;;9940;13;9943;18;;;9924.5;0.0
av_COFFEE_d3;7500;INTARIAN_PEPPER_ROOT;11721;7;11719;18;;;11727;5;11730;20;;;11724.0;0.0
av_COFFEE_d3;7600;ASH_COATED_OSMIUM;9922;10;9919;18;;;9928;18;9931;18;;;9925.0;0.0
av_COFFEE_d3;7600;INTARIAN_PEPPER_ROOT;11715;22;11712;19;;;11730;11;11734;13;;;11722.5;0.0
av_COFFEE_d3;7700;ASH_COATED_OSMIUM;9915;19;9911;22;;;9933;11;9936;27;;;9924.0;0.0
av_COFFEE_d3;7700;INTARIAN_PEPPER_ROOT;11718;21;11714;24;;;11724;12;11728;10;;;11721.0;0.0
av_COFFEE_d3;7800;ASH_COATED_OSMIUM;9920;12;9917;19;;;9928;10;9932;21;;;9924.0;0.0
av_COFFEE_d3;7800;INTARIAN_PEPPER_ROOT;11717;8;11715;20;;;11723;15;11727;24;;;11720.0;0.0
av_COFFEE_d3;7900;ASH_COATED_OSMIUM;9917;9;9913;16;;;9932;20;9935;22;;;9924.5;0.0
av_COFFEE_d3;7900;INTARIAN_PEPPER_ROOT;11715;17;11713;16;;;11724;14;11728;23;;;11719.5;0.0
av_COFFEE_d3;8000;ASH_COATED_OSMIUM;9921;13;9918;18;;;9927;15;9929;21;;;9924.0;0.0
av_COFFEE_d3;8000;INTARIAN_PEPPER_ROOT;11715;18;11712;20;;;11721;19;11723;29;;;11718.0;0.0
av_COFFEE_d3;8100;ASH_COATED_OSMIUM;9919;19;9917;18;;;9928;16;9930;15;;;9923.5;0.0
av_COFFEE_d3;8100;INTARIAN_PEPPER_ROOT;11714;8;11711;22;;;11720;12;11722;21;;;11717.0;0.0
av_COFFEE_d3;8200;ASH_COATED_OSMIUM;9920;16;9917;25;;;9926;14;9928;26;;;9923.0;0.0
av_COFFEE_d3;8200;INTARIAN_PEPPER_ROOT;11713;15;11711;8;;;11719;17;11721;13;;;11716.0;0.0
av_COFFEE_d3;8300;ASH_COATED_OSMIUM;9918;6;9916;21;;;9926;11;9928;16;;;9922.0;0.0
av_COFFEE_d3;8300;INTARIAN_PEPPER_ROOT;11711;13;11709;8;;;11720;17;11723;22;;;11715.5;0.0
av_COFFEE_d3;8400;ASH_COATED_OSMIUM;9919;11;9917;8;;;9925;18;9928;20;;;9922.0;0.0
av_COFFEE_d3;8400;INTARIAN_PEPPER_ROOT;11710;23;11707;16;;;11716;17;11718;20;;;11713.0;0.0
av_COFFEE_d3;8500;ASH_COATED_OSMIUM;9919;6;9916;12;;;9926;10;9928;12;;;9922.5;0.0
av_COFFEE_d3;8500;INTARIAN_PEPPER_ROOT;11708;10;11704;21;;;11717;7;11721;18;;;11712.5;0.0
av_COFFEE_d3;8600;ASH_COATED_OSMIUM;9919;16;9916;12;;;9925;25;9927;16;;;9922.0;0.0
av_COFFEE_d3;8600;INTARIAN_PEPPER_ROOT;11704;17;11700;23;;;11719;16;11722;8;;;11711.5;0.0
av_COFFEE_d3;8700;ASH_COATED_OSMIUM;9919;14;9916;22;;;9925;23;9927;23;;;9922.0;0.0
av_COFFEE_d3;8700;INTARIAN_PEPPER_ROOT;11708;12;11706;14;;;11714;19;11716;24;;;11711.0;0.0
av_COFFEE_d3;8800;ASH_COATED_OSMIUM;9915;10;9912;17;;;9927;15;9929;25;;;9921.0;0.0
av_COFFEE_d3;8800;INTARIAN_PEPPER_ROOT;11700;7;11696;17;;;11718;26;11722;26;;;11709.0;0.0
av_COFFEE_d3;8900;ASH_COATED_OSMIUM;9918;10;9916;20;;;9924;13;9928;21;;;9921.0;0.0
av_COFFEE_d3;8900;INTARIAN_PEPPER_ROOT;11705;10;11702;22;;;11711;12;11713;19;;;11708.0;0.0
av_COFFEE_d3;9000;ASH_COATED_OSMIUM;9919;8;9917;17;;;9925;16;9929;9;;;9922.0;0.0
av_COFFEE_d3;9000;INTARIAN_PEPPER_ROOT;11695;21;11693;24;;;11718;5;11722;15;;;11706.5;0.0
av_COFFEE_d3;9100;ASH_COATED_OSMIUM;9908;9;9904;23;;;9932;16;9934;25;;;9920.0;0.0
av_COFFEE_d3;9100;INTARIAN_PEPPER_ROOT;11703;18;11700;21;;;11709;10;11713;16;;;11706.0;0.0
av_COFFEE_d3;9200;ASH_COATED_OSMIUM;9917;16;9914;25;;;9923;5;9926;24;;;9920.0;0.0
av_COFFEE_d3;9200;INTARIAN_PEPPER_ROOT;11702;27;11698;22;;;11708;10;11710;20;;;11705.0;0.0
av_COFFEE_d3;9300;ASH_COATED_OSMIUM;9917;6;9914;17;;;9923;16;9926;15;;;9920.0;0.0
av_COFFEE_d3;9300;INTARIAN_PEPPER_ROOT;11699;13;11695;19;;;11708;19;11711;20;;;11703.5;0.0
av_COFFEE_d3;9400;ASH_COATED_OSMIUM;9917;15;9914;11;;;9923;14;9926;19;;;9920.0;0.0
av_COFFEE_d3;9400;INTARIAN_PEPPER_ROOT;11700;11;11696;18;;;11706;20;11710;14;;;11703.0;0.0
av_COFFEE_d3;9500;ASH_COATED_OSMIUM;9917;17;9913;21;;;9923;15;9926;11;;;9920.0;0.0
av_COFFEE_d3;9500;INTARIAN_PEPPER_ROOT;11698;18;11696;15;;;11705;18;11709;20;;;11701.5;0.0
av_COFFEE_d3;9600;ASH_COATED_OSMIUM;9916;22;9913;12;;;9922;7;9926;14;;;9919.0;0.0
av_COFFEE_d3;9600;INTARIAN_PEPPER_ROOT;11697;23;11695;16;;;11703;12;11706;18;;;11700.0;0.0
av_COFFEE_d3;9700;ASH_COATED_OSMIUM;9916;18;9913;24;;;9923;12;9925;19;;;9919.5;0.0
av_COFFEE_d3;9700;INTARIAN_PEPPER_ROOT;11696;9;11692;12;;;11702;11;11706;23;;;11699.0;0.0
av_COFFEE_d3;9800;ASH_COATED_OSMIUM;9910;14;9907;22;;;9927;14;9929;16;;;9918.5;0.0
av_COFFEE_d3;9800;INTARIAN_PEPPER_ROOT;11695;11;11692;23;;;11702;16;11704;9;;;11698.5;0.0
av_COFFEE_d3;9900;ASH_COATED_OSMIUM;9916;19;9913;23;;;9922;11;9924;13;;;9919.0;0.0
av_COFFEE_d3;9900;INTARIAN_PEPPER_ROOT;11694;15;11690;17;;;11702;10;11706;29;;;11698.0;0.0
av_COFFEE_d3;10000;ASH_COATED_OSMIUM;9908;10;9906;15;;;9929;19;9932;21;;;9918.5;0.0
av_COFFEE_d3;10000;INTARIAN_PEPPER_ROOT;11692;15;11690;23;;;11699;13;11701;28;;;11695.5;0.0
av_COFFEE_d3;10100;ASH_COATED_OSMIUM;9915;7;9912;18;;;9921;20;9925;25;;;9918.0;0.0
av_COFFEE_d3;10100;INTARIAN_PEPPER_ROOT;11692;15;11689;22;;;11698;15;11701;30;;;11695.0;0.0
av_COFFEE_d3;10200;ASH_COATED_OSMIUM;9915;19;9911;29;;;9921;13;9925;27;;;9918.0;0.0
av_COFFEE_d3;10200;INTARIAN_PEPPER_ROOT;11688;12;11684;24;;;11699;14;11701;24;;;11693.5;0.0
av_COFFEE_d3;10300;ASH_COATED_OSMIUM;9914;9;9912;14;;;9920;12;9922;13;;;9917.0;0.0
av_COFFEE_d3;10300;INTARIAN_PEPPER_ROOT;11690;11;11686;16;;;11696;14;11698;16;;;11693.0;0.0
av_COFFEE_d3;10400;ASH_COATED_OSMIUM;9915;14;9912;20;;;9921;27;9925;17;;;9918.0;0.0
av_COFFEE_d3;10400;INTARIAN_PEPPER_ROOT;11689;23;11685;19;;;11695;16;11698;26;;;11692.0;0.0
av_COFFEE_d3;10500;ASH_COATED_OSMIUM;9913;19;9911;17;;;9919;16;9921;17;;;9916.0;0.0
av_COFFEE_d3;10500;INTARIAN_PEPPER_ROOT;11687;11;11683;20;;;11693;9;11695;26;;;11690.0;0.0
av_COFFEE_d3;10600;ASH_COATED_OSMIUM;9911;15;9909;19;;;9922;16;9926;15;;;9916.5;0.0
av_COFFEE_d3;10600;INTARIAN_PEPPER_ROOT;11686;9;11682;20;;;11692;14;11695;14;;;11689.0;0.0
av_COFFEE_d3;10700;ASH_COATED_OSMIUM;9913;18;9911;26;;;9919;12;9921;24;;;9916.0;0.0
av_COFFEE_d3;10700;INTARIAN_PEPPER_ROOT;11685;5;11681;23;;;11691;13;11695;11;;;11688.0;0.0
av_COFFEE_d3;10800;ASH_COATED_OSMIUM;9913;14;9910;22;;;9919;18;9923;17;;;9916.0;0.0
av_COFFEE_d3;10800;INTARIAN_PEPPER_ROOT;11683;8;11681;22;;;11690;22;11693;17;;;11686.5;0.0
av_COFFEE_d3;10900;ASH_COATED_OSMIUM;9911;10;9909;16;;;9919;16;9923;14;;;9915.0;0.0
av_COFFEE_d3;10900;INTARIAN_PEPPER_ROOT;11673;11;11671;22;;;11699;16;11702;20;;;11686.0;0.0
av_COFFEE_d3;11000;ASH_COATED_OSMIUM;9911;18;9907;16;;;9920;15;9922;18;;;9915.5;0.0
av_COFFEE_d3;11000;INTARIAN_PEPPER_ROOT;11674;5;11672;18;;;11695;5;11697;18;;;11684.5;0.0
av_COFFEE_d3;11100;ASH_COATED_OSMIUM;9912;16;9910;24;;;9920;16;9924;17;;;9916.0;0.0
av_COFFEE_d3;11100;INTARIAN_PEPPER_ROOT;11677;13;11675;18;;;11690;14;11694;15;;;11683.5;0.0
av_COFFEE_d3;11200;ASH_COATED_OSMIUM;9912;18;9909;18;;;9918;20;9920;19;;;9915.0;0.0
av_COFFEE_d3;11200;INTARIAN_PEPPER_ROOT;11673;10;11670;27;;;11692;11;11694;14;;;11682.5;0.0
av_COFFEE_d3;11300;ASH_COATED_OSMIUM;9911;15;9908;26;;;9917;14;9919;21;;;9914.0;0.0
av_COFFEE_d3;11300;INTARIAN_PEPPER_ROOT;11671;23;11668;21;;;11692;14;11696;20;;;11681.5;0.0
av_COFFEE_d3;11400;ASH_COATED_OSMIUM;9910;23;9907;13;;;9919;21;9922;20;;;9914.5;0.0
av_COFFEE_d3;11400;INTARIAN_PEPPER_ROOT;11676;19;11672;16;;;11684;6;11688;14;;;11680.0;0.0
av_COFFEE_d3;11500;ASH_COATED_OSMIUM;9911;11;9908;18;;;9917;15;9921;20;;;9914.0;0.0
av_COFFEE_d3;11500;INTARIAN_PEPPER_ROOT;11676;8;11673;19;;;11682;8;11686;17;;;11679.0;0.0
av_COFFEE_d3;11600;ASH_COATED_OSMIUM;9910;25;9908;15;;;9918;22;9922;28;;;9914.0;0.0
av_COFFEE_d3;11600;INTARIAN_PEPPER_ROOT;11673;18;11671;22;;;11682;7;11686;15;;;11677.5;0.0
av_COFFEE_d3;11700;ASH_COATED_OSMIUM;9905;8;9903;15;;;9921;13;9925;19;;;9913.0;0.0
av_COFFEE_d3;11700;INTARIAN_PEPPER_ROOT;11674;14;11671;18;;;11680;19;11682;26;;;11677.0;0.0
av_COFFEE_d3;11800;ASH_COATED_OSMIUM;9910;13;9907;32;;;9916;9;9920;26;;;9913.0;0.0
av_COFFEE_d3;11800;INTARIAN_PEPPER_ROOT;11668;12;11665;23;;;11683;13;11686;25;;;11675.5;0.0
av_COFFEE_d3;11900;ASH_COATED_OSMIUM;9910;13;9907;21;;;9916;11;9918;17;;;9913.0;0.0
av_COFFEE_d3;11900;INTARIAN_PEPPER_ROOT;11672;17;11669;24;;;11678;16;11680;20;;;11675.0;0.0
av_COFFEE_d3;12000;ASH_COATED_OSMIUM;9910;13;9908;14;;;9916;8;9919;19;;;9913.0;0.0
av_COFFEE_d3;12000;INTARIAN_PEPPER_ROOT;11670;28;11666;16;;;11677;16;11680;11;;;11673.5;0.0
av_COFFEE_d3;12100;ASH_COATED_OSMIUM;9903;8;9901;24;;;9922;16;9925;24;;;9912.5;0.0
av_COFFEE_d3;12100;INTARIAN_PEPPER_ROOT;11670;11;11668;22;;;11676;11;11680;14;;;11673.0;0.0
av_COFFEE_d3;12200;ASH_COATED_OSMIUM;9897;19;9894;17;;;9927;19;9929;16;;;9912.0;0.0
av_COFFEE_d3;12200;INTARIAN_PEPPER_ROOT;11668;16;11666;10;;;11674;7;11678;13;;;11671.0;0.0
av_COFFEE_d3;12300;ASH_COATED_OSMIUM;9906;25;9902;18;;;9918;5;9921;17;;;9912.0;0.0
av_COFFEE_d3;12300;INTARIAN_PEPPER_ROOT;11668;16;11665;17;;;11674;5;11676;15;;;11671.0;0.0
av_COFFEE_d3;12400;ASH_COATED_OSMIUM;9909;22;9905;22;;;9915;8;9917;17;;;9912.0;0.0
av_COFFEE_d3;12400;INTARIAN_PEPPER_ROOT;11667;14;11663;20;;;11673;14;11677;20;;;11670.0;0.0
av_COFFEE_d3;12500;ASH_COATED_OSMIUM;9905;15;9901;16;;;9918;14;9922;20;;;9911.5;0.0
av_COFFEE_d3;12500;INTARIAN_PEPPER_ROOT;11664;18;11661;26;;;11671;14;11674;19;;;11667.5;0.0
av_COFFEE_d3;12600;ASH_COATED_OSMIUM;9907;16;9904;16;;;9915;15;9918;15;;;9911.0;0.0
av_COFFEE_d3;12600;INTARIAN_PEPPER_ROOT;11662;7;11658;8;;;11673;13;11677;19;;;11667.5;0.0
av_COFFEE_d3;12700;ASH_COATED_OSMIUM;9908;10;9904;12;;;9914;16;9917;20;;;9911.0;0.0
av_COFFEE_d3;12700;INTARIAN_PEPPER_ROOT;11663;16;11661;26;;;11669;13;11672;27;;;11666.0;0.0
av_COFFEE_d3;12800;ASH_COATED_OSMIUM;9908;13;9904;19;;;9914;8;9917;13;;;9911.0;0.0
av_COFFEE_d3;12800;INTARIAN_PEPPER_ROOT;11662;17;11660;12;;;11668;15;11672;21;;;11665.0;0.0
av_COFFEE_d3;12900;ASH_COATED_OSMIUM;9905;8;9902;21;;;9917;15;9919;13;;;9911.0;0.0
av_COFFEE_d3;12900;INTARIAN_PEPPER_ROOT;11658;16;11656;15;;;11670;28;11674;21;;;11664.0;0.0
av_COFFEE_d3;13000;ASH_COATED_OSMIUM;9908;19;9905;16;;;9914;12;9916;14;;;9911.0;0.0
av_COFFEE_d3;13000;INTARIAN_PEPPER_ROOT;11658;15;11656;20;;;11668;20;11672;25;;;11663.0;0.0
av_COFFEE_d3;13100;ASH_COATED_OSMIUM;9907;12;9904;34;;;9913;8;9916;28;;;9910.0;0.0
av_COFFEE_d3;13100;INTARIAN_PEPPER_ROOT;11659;12;11657;28;;;11665;13;11667;14;;;11662.0;0.0
av_COFFEE_d3;13200;ASH_COATED_OSMIUM;9902;13;9899;23;;;9917;11;9920;21;;;9909.5;0.0
av_COFFEE_d3;13200;INTARIAN_PEPPER_ROOT;11658;10;11655;13;;;11664;7;11667;24;;;11661.0;0.0
av_COFFEE_d3;13300;ASH_COATED_OSMIUM;9906;17;9904;26;;;9912;16;9916;12;;;9909.0;0.0
av_COFFEE_d3;13300;INTARIAN_PEPPER_ROOT;11654;19;11650;20;;;11665;20;11669;9;;;11659.5;0.0
av_COFFEE_d3;13400;ASH_COATED_OSMIUM;9906;13;9904;26;;;9912;16;9914;12;;;9909.0;0.0
av_COFFEE_d3;13400;INTARIAN_PEPPER_ROOT;11655;11;11651;22;;;11661;21;11663;20;;;11658.0;0.0
av_COFFEE_d3;13500;ASH_COATED_OSMIUM;9906;13;9904;14;;;9912;12;9914;15;;;9909.0;0.0
av_COFFEE_d3;13500;INTARIAN_PEPPER_ROOT;11654;13;11650;28;;;11660;18;11663;24;;;11657.0;0.0
av_COFFEE_d3;13600;ASH_COATED_OSMIUM;9905;14;9902;10;;;9911;15;9914;16;;;9908.0;0.0
av_COFFEE_d3;13600;INTARIAN_PEPPER_ROOT;11653;7;11650;20;;;11659;24;11661;25;;;11656.0;0.0
av_COFFEE_d3;13700;ASH_COATED_OSMIUM;9901;12;9897;16;;;9914;13;9916;16;;;9907.5;0.0
av_COFFEE_d3;13700;INTARIAN_PEPPER_ROOT;11650;18;11647;16;;;11659;10;11663;19;;;11654.5;0.0
av_COFFEE_d3;13800;ASH_COATED_OSMIUM;9903;16;9899;17;;;9912;10;9915;15;;;9907.5;0.0
av_COFFEE_d3;13800;INTARIAN_PEPPER_ROOT;11651;15;11649;15;;;11657;16;11661;22;;;11654.0;0.0
av_COFFEE_d3;13900;ASH_COATED_OSMIUM;9905;21;9903;21;;;9911;15;9915;22;;;9908.0;0.0
av_COFFEE_d3;13900;INTARIAN_PEPPER_ROOT;11650;8;11648;18;;;11656;17;11660;18;;;11653.0;0.0
av_COFFEE_d3;14000;ASH_COATED_OSMIUM;9904;14;9900;21;;;9911;12;9915;25;;;9907.5;0.0
av_COFFEE_d3;14000;INTARIAN_PEPPER_ROOT;11649;7;11647;15;;;11655;14;11658;12;;;11652.0;0.0
av_COFFEE_d3;14100;ASH_COATED_OSMIUM;9904;17;9900;18;;;9910;20;9914;23;;;9907.0;0.0
av_COFFEE_d3;14100;INTARIAN_PEPPER_ROOT;11648;10;11645;16;;;11654;15;11658;15;;;11651.0;0.0
av_COFFEE_d3;14200;ASH_COATED_OSMIUM;9904;16;9901;15;;;9910;19;9912;21;;;9907.0;0.0
av_COFFEE_d3;14200;INTARIAN_PEPPER_ROOT;11646;13;11643;14;;;11653;17;11655;26;;;11649.5;0.0
av_COFFEE_d3;14300;ASH_COATED_OSMIUM;9898;12;9896;28;;;9914;24;9918;19;;;9906.0;0.0
av_COFFEE_d3;14300;INTARIAN_PEPPER_ROOT;11645;15;11642;25;;;11651;18;11653;24;;;11648.0;0.0
av_COFFEE_d3;14400;ASH_COATED_OSMIUM;9903;10;9900;23;;;9909;18;9911;23;;;9906.0;0.0
av_COFFEE_d3;14400;INTARIAN_PEPPER_ROOT;11642;18;11638;14;;;11654;21;11657;18;;;11648.0;0.0
av_COFFEE_d3;14500;ASH_COATED_OSMIUM;9903;18;9901;22;;;9909;5;9913;19;;;9906.0;0.0
av_COFFEE_d3;14500;INTARIAN_PEPPER_ROOT;11644;5;11640;14;;;11650;21;11653;13;;;11647.0;0.0
av_COFFEE_d3;14600;ASH_COATED_OSMIUM;9901;6;9897;20;;;9910;13;9914;22;;;9905.5;0.0
av_COFFEE_d3;14600;INTARIAN_PEPPER_ROOT;11642;16;11638;21;;;11648;22;11650;23;;;11645.0;0.0
av_COFFEE_d3;14700;ASH_COATED_OSMIUM;9899;11;9897;15;;;9911;6;9913;20;;;9905.0;0.0
av_COFFEE_d3;14700;INTARIAN_PEPPER_ROOT;11638;20;11636;24;;;11652;14;11654;30;;;11645.0;0.0
av_COFFEE_d3;14800;ASH_COATED_OSMIUM;9888;19;9884;20;;;9923;13;9925;13;;;9905.5;0.0
av_COFFEE_d3;14800;INTARIAN_PEPPER_ROOT;11640;8;11636;16;;;11646;14;11650;26;;;11643.0;0.0
av_COFFEE_d3;14900;ASH_COATED_OSMIUM;9899;18;9895;28;;;9911;12;9914;12;;;9905.0;0.0
av_COFFEE_d3;14900;INTARIAN_PEPPER_ROOT;11639;20;11637;15;;;11645;9;11647;22;;;11642.0;0.0
av_COFFEE_d3;15000;ASH_COATED_OSMIUM;9901;5;9898;15;;;9908;12;9911;24;;;9904.5;0.0
av_COFFEE_d3;15000;INTARIAN_PEPPER_ROOT;11636;19;11632;17;;;11646;17;11649;20;;;11641.0;0.0
av_COFFEE_d3;15100;ASH_COATED_OSMIUM;9902;12;9898;17;;;9908;15;9910;20;;;9905.0;0.0
av_COFFEE_d3;15100;INTARIAN_PEPPER_ROOT;11636;19;11632;18;;;11642;27;11645;13;;;11639.0;0.0
av_COFFEE_d3;15200;ASH_COATED_OSMIUM;9892;17;9890;22;;;9916;16;9919;17;;;9904.0;0.0
av_COFFEE_d3;15200;INTARIAN_PEPPER_ROOT;11636;7;11632;21;;;11642;16;11646;21;;;11639.0;0.0
av_COFFEE_d3;15300;ASH_COATED_OSMIUM;9898;25;9895;18;;;9911;13;9914;24;;;9904.5;0.0
av_COFFEE_d3;15300;INTARIAN_PEPPER_ROOT;11618;17;11614;24;;;11657;10;11660;17;;;11637.5;0.0
av_COFFEE_d3;15400;ASH_COATED_OSMIUM;9894;16;9890;17;;;9912;16;9914;13;;;9903.0;0.0
av_COFFEE_d3;15400;INTARIAN_PEPPER_ROOT;11633;14;11631;15;;;11639;17;11642;20;;;11636.0;0.0
av_COFFEE_d3;15500;ASH_COATED_OSMIUM;9901;10;9899;15;;;9907;13;9909;10;;;9904.0;0.0
av_COFFEE_d3;15500;INTARIAN_PEPPER_ROOT;11631;19;11629;16;;;11640;12;11642;20;;;11635.5;0.0
av_COFFEE_d3;15600;ASH_COATED_OSMIUM;9898;12;9896;19;;;9908;9;9912;26;;;9903.0;0.0
av_COFFEE_d3;15600;INTARIAN_PEPPER_ROOT;11631;14;11627;18;;;11637;6;11640;16;;;11634.0;0.0
av_COFFEE_d3;15700;ASH_COATED_OSMIUM;9900;16;9897;21;;;9906;19;9909;16;;;9903.0;0.0
av_COFFEE_d3;15700;INTARIAN_PEPPER_ROOT;11630;14;11626;19;;;11636;16;11638;15;;;11633.0;0.0
av_COFFEE_d3;15800;ASH_COATED_OSMIUM;9900;10;9896;24;;;9906;21;9909;14;;;9903.0;0.0
av_COFFEE_d3;15800;INTARIAN_PEPPER_ROOT;11628;6;11626;26;;;11634;11;11637;14;;;11631.0;0.0
av_COFFEE_d3;15900;ASH_COATED_OSMIUM;9891;16;9887;20;;;9913;9;9916;16;;;9902.0;0.0
av_COFFEE_d3;15900;INTARIAN_PEPPER_ROOT;11627;10;11625;19;;;11633;13;11636;18;;;11630.0;0.0
av_COFFEE_d3;16000;ASH_COATED_OSMIUM;9899;13;9896;14;;;9905;16;9908;16;;;9902.0;0.0
av_COFFEE_d3;16000;INTARIAN_PEPPER_ROOT;11625;5;11622;27;;;11635;18;11638;26;;;11630.0;0.0
av_COFFEE_d3;16100;ASH_COATED_OSMIUM;9896;11;9894;24;;;9908;9;9912;26;;;9902.0;0.0
av_COFFEE_d3;16100;INTARIAN_PEPPER_ROOT;11626;14;11622;21;;;11632;14;11634;14;;;11629.0;0.0
av_COFFEE_d3;16200;ASH_COATED_OSMIUM;9898;9;9896;15;;;9905;13;9909;19;;;9901.5;0.0
av_COFFEE_d3;16200;INTARIAN_PEPPER_ROOT;11624;18;11620;23;;;11631;16;11633;10;;;11627.5;0.0
av_COFFEE_d3;16300;ASH_COATED_OSMIUM;9890;9;9886;22;;;9912;7;9915;18;;;9901.0;0.0
av_COFFEE_d3;16300;INTARIAN_PEPPER_ROOT;11621;15;11619;17;;;11630;22;11632;22;;;11625.5;0.0
av_COFFEE_d3;16400;ASH_COATED_OSMIUM;9898;11;9894;18;;;9904;17;9906;26;;;9901.0;0.0
av_COFFEE_d3;16400;INTARIAN_PEPPER_ROOT;11608;16;11605;10;;;11642;17;11646;17;;;11625.0;0.0
av_COFFEE_d3;16500;ASH_COATED_OSMIUM;9898;16;9895;22;;;9904;21;9907;28;;;9901.0;0.0
av_COFFEE_d3;16500;INTARIAN_PEPPER_ROOT;11621;22;11618;17;;;11627;18;11629;21;;;11624.0;0.0
av_COFFEE_d3;16600;ASH_COATED_OSMIUM;9895;17;9891;16;;;9905;17;9907;14;;;9900.0;0.0
av_COFFEE_d3;16600;INTARIAN_PEPPER_ROOT;11620;9;11616;15;;;11626;8;11630;19;;;11623.0;0.0
av_COFFEE_d3;16700;ASH_COATED_OSMIUM;9897;20;9893;18;;;9903;20;9906;25;;;9900.0;0.0
av_COFFEE_d3;16700;INTARIAN_PEPPER_ROOT;11611;13;11609;23;;;11633;13;11636;14;;;11622.0;0.0
av_COFFEE_d3;16800;ASH_COATED_OSMIUM;9897;9;9893;16;;;9903;10;9905;19;;;9900.0;0.0
av_COFFEE_d3;16800;INTARIAN_PEPPER_ROOT;11615;16;11611;22;;;11626;18;11630;20;;;11620.5;0.0
av_COFFEE_d3;16900;ASH_COATED_OSMIUM;9896;20;9892;19;;;9903;12;9907;14;;;9899.5;0.0
av_COFFEE_d3;16900;INTARIAN_PEPPER_ROOT;11613;7;11609;20;;;11625;18;11627;15;;;11619.0;0.0
av_COFFEE_d3;17000;ASH_COATED_OSMIUM;9896;11;9894;23;;;9902;23;9905;17;;;9899.0;0.0
av_COFFEE_d3;17000;INTARIAN_PEPPER_ROOT;11613;11;11611;16;;;11624;14;11627;19;;;11618.5;0.0
av_COFFEE_d3;17100;ASH_COATED_OSMIUM;9893;7;9891;24;;;9906;19;9910;21;;;9899.5;0.0
av_COFFEE_d3;17100;INTARIAN_PEPPER_ROOT;11612;23;11610;23;;;11623;17;11625;19;;;11617.5;0.0
av_COFFEE_d3;17200;ASH_COATED_OSMIUM;9897;5;9893;16;;;9903;15;9905;18;;;9900.0;0.0
av_COFFEE_d3;17200;INTARIAN_PEPPER_ROOT;11610;12;11606;18;;;11619;22;11622;15;;;11614.5;0.0
av_COFFEE_d3;17300;ASH_COATED_OSMIUM;9897;11;9895;16;;;9903;13;9907;17;;;9900.0;0.0
av_COFFEE_d3;17300;INTARIAN_PEPPER_ROOT;11602;17;11600;23;;;11622;19;11625;20;;;11612.0;0.0
av_COFFEE_d3;17400;ASH_COATED_OSMIUM;9885;19;9881;18;;;9915;12;9919;25;;;9900.0;0.0
av_COFFEE_d3;17400;INTARIAN_PEPPER_ROOT;11608;15;11605;21;;;11614;19;11616;22;;;11611.0;0.0
av_COFFEE_d3;17500;ASH_COATED_OSMIUM;9897;15;9895;26;;;9903;18;9907;18;;;9900.0;0.0
av_COFFEE_d3;17500;INTARIAN_PEPPER_ROOT;11606;17;11603;21;;;11612;11;11616;12;;;11609.0;0.0
av_COFFEE_d3;17600;ASH_COATED_OSMIUM;9897;6;9893;22;;;9903;17;9905;19;;;9900.0;0.0
av_COFFEE_d3;17600;INTARIAN_PEPPER_ROOT;11604;5;11601;21;;;11612;9;11615;8;;;11608.0;0.0
av_COFFEE_d3;17700;ASH_COATED_OSMIUM;9896;10;9892;13;;;9907;17;9909;21;;;9901.5;0.0
av_COFFEE_d3;17700;INTARIAN_PEPPER_ROOT;11603;18;11600;13;;;11609;10;11612;22;;;11606.0;0.0
av_COFFEE_d3;17800;ASH_COATED_OSMIUM;9897;13;9895;15;;;9904;28;9907;22;;;9900.5;0.0
av_COFFEE_d3;17800;INTARIAN_PEPPER_ROOT;11601;14;11597;23;;;11607;17;11610;24;;;11604.0;0.0
av_COFFEE_d3;17900;ASH_COATED_OSMIUM;9896;22;9892;11;;;9909;17;9912;13;;;9902.5;0.0
av_COFFEE_d3;17900;INTARIAN_PEPPER_ROOT;11599;24;11595;22;;;11605;12;11607;23;;;11602.0;0.0
av_COFFEE_d3;18000;ASH_COATED_OSMIUM;9899;23;9897;8;;;9905;12;9908;22;;;9902.0;0.0
av_COFFEE_d3;18000;INTARIAN_PEPPER_ROOT;11592;5;11590;25;;;11609;12;11611;12;;;11600.5;0.0
av_COFFEE_d3;18100;ASH_COATED_OSMIUM;9898;21;9895;27;;;9904;14;9906;21;;;9901.0;0.0
av_COFFEE_d3;18100;INTARIAN_PEPPER_ROOT;11593;10;11590;26;;;11603;13;11605;21;;;11598.0;0.0
av_COFFEE_d3;18200;ASH_COATED_OSMIUM;9898;13;9896;21;;;9904;25;9906;21;;;9901.0;0.0
av_COFFEE_d3;18200;INTARIAN_PEPPER_ROOT;11594;14;11591;15;;;11600;8;11604;17;;;11597.0;0.0
av_COFFEE_d3;18300;ASH_COATED_OSMIUM;9898;15;9895;16;;;9904;11;9906;18;;;9901.0;0.0
av_COFFEE_d3;18300;INTARIAN_PEPPER_ROOT;11583;10;11579;8;;;11606;18;11608;24;;;11594.5;0.0
av_COFFEE_d3;18400;ASH_COATED_OSMIUM;9893;19;9890;15;;;9911;13;9913;27;;;9902.0;0.0
av_COFFEE_d3;18400;INTARIAN_PEPPER_ROOT;11590;14;11587;24;;;11596;9;11598;19;;;11593.0;0.0
av_COFFEE_d3;18500;ASH_COATED_OSMIUM;9899;22;9895;20;;;9905;21;9907;15;;;9902.0;0.0
av_COFFEE_d3;18500;INTARIAN_PEPPER_ROOT;11588;16;11584;19;;;11594;7;11598;20;;;11591.0;0.0
av_COFFEE_d3;18600;ASH_COATED_OSMIUM;9891;13;9889;23;;;9915;15;9917;18;;;9903.0;0.0
av_COFFEE_d3;18600;INTARIAN_PEPPER_ROOT;11582;18;11578;26;;;11596;10;11599;15;;;11589.0;0.0
av_COFFEE_d3;18700;ASH_COATED_OSMIUM;9900;11;9897;20;;;9906;17;9910;26;;;9903.0;0.0
av_COFFEE_d3;18700;INTARIAN_PEPPER_ROOT;11581;12;11578;21;;;11595;13;11597;25;;;11588.0;0.0
av_COFFEE_d3;18800;ASH_COATED_OSMIUM;9893;15;9891;19;;;9913;23;9915;15;;;9903.0;0.0
av_COFFEE_d3;18800;INTARIAN_PEPPER_ROOT;11579;5;11575;15;;;11592;6;11594;16;;;11585.5;0.0
av_COFFEE_d3;18900;ASH_COATED_OSMIUM;9900;11;9896;25;;;9906;18;9909;23;;;9903.0;0.0
av_COFFEE_d3;18900;INTARIAN_PEPPER_ROOT;11576;6;11573;27;;;11593;16;11595;21;;;11584.5;0.0
av_COFFEE_d3;19000;ASH_COATED_OSMIUM;9900;18;9896;12;;;9907;15;9910;14;;;9903.5;0.0
av_COFFEE_d3;19000;INTARIAN_PEPPER_ROOT;11579;11;11577;15;;;11585;16;11589;25;;;11582.0;0.0
av_COFFEE_d3;19100;ASH_COATED_OSMIUM;9899;19;9896;31;;;9906;16;9908;27;;;9902.5;0.0
av_COFFEE_d3;19100;INTARIAN_PEPPER_ROOT;11575;24;11571;13;;;11585;15;11588;15;;;11580.0;0.0
av_COFFEE_d3;19200;ASH_COATED_OSMIUM;9900;21;9897;16;;;9906;6;9909;26;;;9903.0;0.0
av_COFFEE_d3;19200;INTARIAN_PEPPER_ROOT;11574;15;11571;20;;;11584;19;11586;18;;;11579.0;0.0
av_COFFEE_d3;19300;ASH_COATED_OSMIUM;9900;7;9896;25;;;9908;28;9912;18;;;9904.0;0.0
av_COFFEE_d3;19300;INTARIAN_PEPPER_ROOT;11574;14;11572;30;;;11581;5;11584;27;;;11577.5;0.0
av_COFFEE_d3;19400;ASH_COATED_OSMIUM;9901;14;9898;32;;;9907;25;9910;19;;;9904.0;0.0
av_COFFEE_d3;19400;INTARIAN_PEPPER_ROOT;11572;18;11570;21;;;11578;12;11581;17;;;11575.0;0.0
av_COFFEE_d3;19500;ASH_COATED_OSMIUM;9901;15;9899;16;;;9907;17;9910;16;;;9904.0;0.0
av_COFFEE_d3;19500;INTARIAN_PEPPER_ROOT;11566;18;11563;25;;;11582;9;11586;16;;;11574.0;0.0
av_COFFEE_d3;19600;ASH_COATED_OSMIUM;9901;20;9898;14;;;9907;17;9910;22;;;9904.0;0.0
av_COFFEE_d3;19600;INTARIAN_PEPPER_ROOT;11568;20;11565;21;;;11575;12;11579;15;;;11571.5;0.0
av_COFFEE_d3;19700;ASH_COATED_OSMIUM;9898;15;9895;26;;;9911;15;9915;19;;;9904.5;0.0
av_COFFEE_d3;19700;INTARIAN_PEPPER_ROOT;11566;6;11563;17;;;11572;16;11575;15;;;11569.0;0.0
av_COFFEE_d3;19800;ASH_COATED_OSMIUM;9899;16;9896;19;;;9911;21;9915;10;;;9905.0;0.0
av_COFFEE_d3;19800;INTARIAN_PEPPER_ROOT;11565;15;11563;19;;;11571;13;11574;27;;;11568.0;0.0
av_COFFEE_d3;19900;ASH_COATED_OSMIUM;9902;18;9899;26;;;9908;16;9910;25;;;9905.0;0.0
av_COFFEE_d3;19900;INTARIAN_PEPPER_ROOT;11561;15;11559;15;;;11571;19;11575;22;;;11566.0;0.0
av_COFFEE_d3;20000;ASH_COATED_OSMIUM;9902;15;9899;15;;;9908;15;9910;19;;;9905.0;0.0
av_COFFEE_d3;20000;INTARIAN_PEPPER_ROOT;11549;9;11545;24;;;11580;12;11582;16;;;11564.5;0.0
av_COFFEE_d3;20100;ASH_COATED_OSMIUM;9902;20;9898;18;;;9908;16;9910;20;;;9905.0;0.0
av_COFFEE_d3;20100;INTARIAN_PEPPER_ROOT;11560;20;11558;13;;;11566;17;11570;16;;;11563.0;0.0
av_COFFEE_d3;20200;ASH_COATED_OSMIUM;9902;15;9898;15;;;9908;12;9910;21;;;9905.0;0.0
av_COFFEE_d3;20200;INTARIAN_PEPPER_ROOT;11558;10;11556;22;;;11564;11;11568;14;;;11561.0;0.0
av_COFFEE_d3;20300;ASH_COATED_OSMIUM;9902;10;9898;20;;;9910;11;9913;16;;;9906.0;0.0
av_COFFEE_d3;20300;INTARIAN_PEPPER_ROOT;11556;16;11554;13;;;11562;14;11564;12;;;11559.0;0.0
av_COFFEE_d3;20400;ASH_COATED_OSMIUM;9900;20;9898;21;;;9913;10;9917;24;;;9906.5;0.0
av_COFFEE_d3;20400;INTARIAN_PEPPER_ROOT;11554;11;11551;21;;;11560;18;11563;15;;;11557.0;0.0
av_COFFEE_d3;20500;ASH_COATED_OSMIUM;9896;12;9894;21;;;9916;17;9918;14;;;9906.0;0.0
av_COFFEE_d3;20500;INTARIAN_PEPPER_ROOT;11553;15;11551;15;;;11559;19;11563;10;;;11556.0;0.0
av_COFFEE_d3;20600;ASH_COATED_OSMIUM;9902;15;9898;28;;;9909;16;9912;18;;;9905.5;0.0
av_COFFEE_d3;20600;INTARIAN_PEPPER_ROOT;11551;13;11549;17;;;11557;20;11559;27;;;11554.0;0.0
av_COFFEE_d3;20700;ASH_COATED_OSMIUM;9902;18;9899;25;;;9909;19;9911;24;;;9905.5;0.0
av_COFFEE_d3;20700;INTARIAN_PEPPER_ROOT;11548;16;11545;21;;;11554;14;11556;15;;;11551.0;0.0
av_COFFEE_d3;20800;ASH_COATED_OSMIUM;9885;19;9881;20;;;9927;15;9929;18;;;9906.0;0.0
av_COFFEE_d3;20800;INTARIAN_PEPPER_ROOT;11547;20;11544;11;;;11553;8;11556;29;;;11550.0;0.0
av_COFFEE_d3;20900;ASH_COATED_OSMIUM;9899;20;9896;22;;;9912;13;9915;23;;;9905.5;0.0
av_COFFEE_d3;20900;INTARIAN_PEPPER_ROOT;11545;5;11542;20;;;11551;16;11554;18;;;11548.0;0.0
av_COFFEE_d3;21000;ASH_COATED_OSMIUM;9903;11;9900;21;;;9909;15;9911;12;;;9906.0;0.0
av_COFFEE_d3;21000;INTARIAN_PEPPER_ROOT;11544;14;11540;21;;;11550;10;11554;15;;;11547.0;0.0
av_COFFEE_d3;21100;ASH_COATED_OSMIUM;9904;12;9901;16;;;9910;10;9912;24;;;9907.0;0.0
av_COFFEE_d3;21100;INTARIAN_PEPPER_ROOT;11542;20;11539;14;;;11548;12;11552;26;;;11545.0;0.0
av_COFFEE_d3;21200;ASH_COATED_OSMIUM;9904;12;9901;23;;;9910;25;9914;19;;;9907.0;0.0
av_COFFEE_d3;21200;INTARIAN_PEPPER_ROOT;11537;17;11535;24;;;11550;14;11552;19;;;11543.5;0.0
av_COFFEE_d3;21300;ASH_COATED_OSMIUM;9884;18;9882;22;;;9930;18;9934;9;;;9907.0;0.0
av_COFFEE_d3;21300;INTARIAN_PEPPER_ROOT;11538;8;11535;17;;;11544;14;11546;18;;;11541.0;0.0
av_COFFEE_d3;21400;ASH_COATED_OSMIUM;9900;16;9897;22;;;9915;17;9919;24;;;9907.5;0.0
av_COFFEE_d3;21400;INTARIAN_PEPPER_ROOT;11537;10;11535;19;;;11543;15;11546;25;;;11540.0;0.0
av_COFFEE_d3;21500;ASH_COATED_OSMIUM;9902;15;9899;28;;;9913;21;9917;21;;;9907.5;0.0
av_COFFEE_d3;21500;INTARIAN_PEPPER_ROOT;11534;9;11532;16;;;11540;9;11544;15;;;11537.0;0.0
av_COFFEE_d3;21600;ASH_COATED_OSMIUM;9905;9;9901;22;;;9911;16;9915;19;;;9908.0;0.0
av_COFFEE_d3;21600;INTARIAN_PEPPER_ROOT;11522;11;11519;19;;;11549;12;11553;31;;;11535.5;0.0
av_COFFEE_d3;21700;ASH_COATED_OSMIUM;9905;12;9903;16;;;9911;23;9913;26;;;9908.0;0.0
av_COFFEE_d3;21700;INTARIAN_PEPPER_ROOT;11531;8;11528;20;;;11537;17;11541;18;;;11534.0;0.0
av_COFFEE_d3;21800;ASH_COATED_OSMIUM;9905;10;9903;17;;;9911;19;9915;17;;;9908.0;0.0
av_COFFEE_d3;21800;INTARIAN_PEPPER_ROOT;11529;10;11525;19;;;11535;12;11537;25;;;11532.0;0.0
av_COFFEE_d3;21900;ASH_COATED_OSMIUM;9891;7;9889;19;;;9925;19;9929;19;;;9908.0;0.0
av_COFFEE_d3;21900;INTARIAN_PEPPER_ROOT;11527;9;11525;16;;;11534;13;11538;31;;;11530.5;0.0
av_COFFEE_d3;22000;ASH_COATED_OSMIUM;9906;15;9902;18;;;9912;21;9916;24;;;9909.0;0.0
av_COFFEE_d3;22000;INTARIAN_PEPPER_ROOT;11523;13;11520;22;;;11535;16;11539;23;;;11529.0;0.0
av_COFFEE_d3;22100;ASH_COATED_OSMIUM;9906;19;9903;23;;;9912;13;9916;24;;;9909.0;0.0
av_COFFEE_d3;22100;INTARIAN_PEPPER_ROOT;11524;21;11520;26;;;11530;17;11533;19;;;11527.0;0.0
av_COFFEE_d3;22200;ASH_COATED_OSMIUM;9906;18;9904;19;;;9912;9;9914;9;;;9909.0;0.0
av_COFFEE_d3;22200;INTARIAN_PEPPER_ROOT;11518;14;11516;18;;;11531;12;11533;19;;;11524.5;0.0
av_COFFEE_d3;22300;ASH_COATED_OSMIUM;9905;13;9903;17;;;9911;28;9915;22;;;9908.0;0.0
av_COFFEE_d3;22300;INTARIAN_PEPPER_ROOT;11520;22;11518;17;;;11526;16;11530;12;;;11523.0;0.0
av_COFFEE_d3;22400;ASH_COATED_OSMIUM;9906;16;9902;23;;;9912;14;9916;16;;;9909.0;0.0
av_COFFEE_d3;22400;INTARIAN_PEPPER_ROOT;11517;20;11513;22;;;11525;14;11528;20;;;11521.0;0.0
av_COFFEE_d3;22500;ASH_COATED_OSMIUM;9899;8;9895;15;;;9921;24;9925;20;;;9910.0;0.0
av_COFFEE_d3;22500;INTARIAN_PEPPER_ROOT;11517;19;11513;23;;;11523;17;11525;17;;;11520.0;0.0
av_COFFEE_d3;22600;ASH_COATED_OSMIUM;9906;17;9902;20;;;9913;17;9915;24;;;9909.5;0.0
av_COFFEE_d3;22600;INTARIAN_PEPPER_ROOT;11514;17;11512;21;;;11523;5;11527;23;;;11518.5;0.0
av_COFFEE_d3;22700;ASH_COATED_OSMIUM;9904;7;9901;20;;;9914;12;9916;19;;;9909.0;0.0
av_COFFEE_d3;22700;INTARIAN_PEPPER_ROOT;11504;11;11500;21;;;11529;13;11532;21;;;11516.5;0.0
av_COFFEE_d3;22800;ASH_COATED_OSMIUM;9907;11;9905;21;;;9913;14;9917;17;;;9910.0;0.0
av_COFFEE_d3;22800;INTARIAN_PEPPER_ROOT;11511;17;11508;32;;;11517;9;11519;14;;;11514.0;0.0
av_COFFEE_d3;22900;ASH_COATED_OSMIUM;9908;15;9904;16;;;9914;16;9917;18;;;9911.0;0.0
av_COFFEE_d3;22900;INTARIAN_PEPPER_ROOT;11509;5;11507;24;;;11515;5;11518;18;;;11512.0;0.0
av_COFFEE_d3;23000;ASH_COATED_OSMIUM;9907;11;9904;9;;;9914;10;9917;22;;;9910.5;0.0
av_COFFEE_d3;23000;INTARIAN_PEPPER_ROOT;11507;14;11505;17;;;11516;10;11519;9;;;11511.5;0.0
av_COFFEE_d3;23100;ASH_COATED_OSMIUM;9902;22;9899;22;;;9918;14;9920;19;;;9910.0;0.0
av_COFFEE_d3;23100;INTARIAN_PEPPER_ROOT;11498;12;11495;23;;;11521;17;11524;20;;;11509.5;0.0
av_COFFEE_d3;23200;ASH_COATED_OSMIUM;9907;10;9905;15;;;9916;14;9919;19;;;9911.5;0.0
av_COFFEE_d3;23200;INTARIAN_PEPPER_ROOT;11504;5;11502;21;;;11510;9;11513;16;;;11507.0;0.0
av_COFFEE_d3;23300;ASH_COATED_OSMIUM;9907;13;9904;33;;;9914;14;9916;26;;;9910.5;0.0
av_COFFEE_d3;23300;INTARIAN_PEPPER_ROOT;11502;5;11500;8;;;11508;21;11512;19;;;11505.0;0.0
av_COFFEE_d3;23400;ASH_COATED_OSMIUM;9907;9;9903;17;;;9914;14;9918;19;;;9910.5;0.0
av_COFFEE_d3;23400;INTARIAN_PEPPER_ROOT;11500;11;11498;21;;;11506;9;11509;18;;;11503.0;0.0
av_COFFEE_d3;23500;ASH_COATED_OSMIUM;9908;15;9904;21;;;9914;10;9918;23;;;9911.0;0.0
av_COFFEE_d3;23500;INTARIAN_PEPPER_ROOT;11496;16;11494;13;;;11507;12;11511;19;;;11501.5;0.0
av_COFFEE_d3;23600;ASH_COATED_OSMIUM;9905;14;9903;18;;;9918;14;9922;20;;;9911.5;0.0
av_COFFEE_d3;23600;INTARIAN_PEPPER_ROOT;11497;12;11495;26;;;11503;15;11506;18;;;11500.0;0.0
av_COFFEE_d3;23700;ASH_COATED_OSMIUM;9903;5;9899;26;;;9919;14;9921;17;;;9911.0;0.0
av_COFFEE_d3;23700;INTARIAN_PEPPER_ROOT;11485;18;11481;18;;;11510;20;11513;17;;;11497.5;0.0
av_COFFEE_d3;23800;ASH_COATED_OSMIUM;9909;18;9906;9;;;9915;18;9917;26;;;9912.0;0.0
av_COFFEE_d3;23800;INTARIAN_PEPPER_ROOT;11491;15;11489;13;;;11501;14;11504;17;;;11496.0;0.0
av_COFFEE_d3;23900;ASH_COATED_OSMIUM;9909;20;9906;19;;;9915;12;9919;26;;;9912.0;0.0
av_COFFEE_d3;23900;INTARIAN_PEPPER_ROOT;11491;5;11487;22;;;11497;12;11499;28;;;11494.0;0.0
av_COFFEE_d3;24000;ASH_COATED_OSMIUM;9909;16;9905;11;;;9915;17;9917;16;;;9912.0;0.0
av_COFFEE_d3;24000;INTARIAN_PEPPER_ROOT;11489;17;11485;18;;;11496;14;11499;16;;;11492.5;0.0
av_COFFEE_d3;24100;ASH_COATED_OSMIUM;9909;24;9905;17;;;9916;17;9919;19;;;9912.5;0.0
av_COFFEE_d3;24100;INTARIAN_PEPPER_ROOT;11488;19;11484;22;;;11494;6;11497;23;;;11491.0;0.0
av_COFFEE_d3;24200;ASH_COATED_OSMIUM;9887;20;9883;18;;;9938;21;9942;27;;;9912.5;0.0
av_COFFEE_d3;24200;INTARIAN_PEPPER_ROOT;11486;25;11484;15;;;11492;17;11495;15;;;11489.0;0.0
av_COFFEE_d3;24300;ASH_COATED_OSMIUM;9910;20;9906;25;;;9916;24;9920;21;;;9913.0;0.0
av_COFFEE_d3;24300;INTARIAN_PEPPER_ROOT;11482;7;11480;20;;;11492;9;11494;14;;;11487.0;0.0
av_COFFEE_d3;24400;ASH_COATED_OSMIUM;9910;16;9907;18;;;9916;14;9919;19;;;9913.0;0.0
av_COFFEE_d3;24400;INTARIAN_PEPPER_ROOT;11474;18;11471;17;;;11498;22;11501;18;;;11486.0;0.0
av_COFFEE_d3;24500;ASH_COATED_OSMIUM;9910;9;9908;21;;;9916;8;9920;16;;;9913.0;0.0
av_COFFEE_d3;24500;INTARIAN_PEPPER_ROOT;11478;11;11476;18;;;11488;13;11491;20;;;11483.0;0.0
av_COFFEE_d3;24600;ASH_COATED_OSMIUM;9907;7;9905;20;;;9921;19;9923;8;;;9914.0;0.0
av_COFFEE_d3;24600;INTARIAN_PEPPER_ROOT;11476;24;11473;21;;;11488;10;11490;14;;;11482.0;0.0
av_COFFEE_d3;24700;ASH_COATED_OSMIUM;9911;17;9909;22;;;9917;10;9920;23;;;9914.0;0.0
av_COFFEE_d3;24700;INTARIAN_PEPPER_ROOT;11472;24;11469;21;;;11488;17;11491;22;;;11480.0;0.0
av_COFFEE_d3;24800;ASH_COATED_OSMIUM;9910;26;9908;28;;;9917;13;9919;19;;;9913.5;0.0
av_COFFEE_d3;24800;INTARIAN_PEPPER_ROOT;11475;16;11473;21;;;11481;8;11485;28;;;11478.0;0.0
av_COFFEE_d3;24900;ASH_COATED_OSMIUM;9911;17;9909;21;;;9917;16;9920;12;;;9914.0;0.0
av_COFFEE_d3;24900;INTARIAN_PEPPER_ROOT;11466;6;11462;20;;;11487;13;11490;22;;;11476.5;0.0
av_COFFEE_d3;25000;ASH_COATED_OSMIUM;9907;20;9904;16;;;9920;21;9922;12;;;9913.5;0.0
av_COFFEE_d3;25000;INTARIAN_PEPPER_ROOT;11472;16;11469;23;;;11478;14;11481;21;;;11475.0;0.0
av_COFFEE_d3;25100;ASH_COATED_OSMIUM;9895;17;9892;18;;;9934;13;9938;28;;;9914.5;0.0
av_COFFEE_d3;25100;INTARIAN_PEPPER_ROOT;11470;17;11468;19;;;11476;12;11479;22;;;11473.0;0.0
av_COFFEE_d3;25200;ASH_COATED_OSMIUM;9902;21;9900;16;;;9925;19;9929;17;;;9913.5;0.0
av_COFFEE_d3;25200;INTARIAN_PEPPER_ROOT;11468;17;11466;10;;;11474;11;11477;10;;;11471.0;0.0
av_COFFEE_d3;25300;ASH_COATED_OSMIUM;9903;15;9899;21;;;9925;17;9928;14;;;9914.0;0.0
av_COFFEE_d3;25300;INTARIAN_PEPPER_ROOT;11467;12;11465;12;;;11473;23;11477;17;;;11470.0;0.0
av_COFFEE_d3;25400;ASH_COATED_OSMIUM;9907;15;9904;20;;;9923;12;9927;20;;;9915.0;0.0
av_COFFEE_d3;25400;INTARIAN_PEPPER_ROOT;11461;17;11458;10;;;11474;6;11476;25;;;11467.5;0.0
av_COFFEE_d3;25500;ASH_COATED_OSMIUM;9912;14;9910;18;;;9918;23;9922;17;;;9915.0;0.0
av_COFFEE_d3;25500;INTARIAN_PEPPER_ROOT;11463;20;11460;19;;;11469;8;11472;14;;;11466.0;0.0
av_COFFEE_d3;25600;ASH_COATED_OSMIUM;9910;14;9907;22;;;9920;12;9922;18;;;9915.0;0.0
av_COFFEE_d3;25600;INTARIAN_PEPPER_ROOT;11460;14;11456;17;;;11468;15;11470;19;;;11464.0;0.0
av_COFFEE_d3;25700;ASH_COATED_OSMIUM;9911;26;9908;20;;;9919;11;9922;20;;;9915.0;0.0
av_COFFEE_d3;25700;INTARIAN_PEPPER_ROOT;11459;26;11456;15;;;11465;13;11469;22;;;11462.0;0.0
av_COFFEE_d3;25800;ASH_COATED_OSMIUM;9912;9;9910;16;;;9918;15;9921;16;;;9915.0;0.0
av_COFFEE_d3;25800;INTARIAN_PEPPER_ROOT;11457;13;11453;27;;;11463;11;11467;23;;;11460.0;0.0
av_COFFEE_d3;25900;ASH_COATED_OSMIUM;9906;22;9902;20;;;9926;22;9928;21;;;9916.0;0.0
av_COFFEE_d3;25900;INTARIAN_PEPPER_ROOT;11455;23;11453;29;;;11461;12;11465;19;;;11458.0;0.0
av_COFFEE_d3;26000;ASH_COATED_OSMIUM;9913;17;9911;23;;;9919;13;9921;19;;;9916.0;0.0
av_COFFEE_d3;26000;INTARIAN_PEPPER_ROOT;11454;15;11451;14;;;11460;12;11462;11;;;11457.0;0.0
av_COFFEE_d3;26100;ASH_COATED_OSMIUM;9913;10;9911;21;;;9919;19;9922;14;;;9916.0;0.0
av_COFFEE_d3;26100;INTARIAN_PEPPER_ROOT;11452;18;11448;17;;;11458;6;11462;19;;;11455.0;0.0
av_COFFEE_d3;26200;ASH_COATED_OSMIUM;9913;20;9909;24;;;9919;10;9922;21;;;9916.0;0.0
av_COFFEE_d3;26200;INTARIAN_PEPPER_ROOT;11450;16;11446;17;;;11456;14;11459;16;;;11453.0;0.0
av_COFFEE_d3;26300;ASH_COATED_OSMIUM;9914;17;9911;21;;;9920;11;9923;22;;;9917.0;0.0
av_COFFEE_d3;26300;INTARIAN_PEPPER_ROOT;11442;20;11438;26;;;11459;14;11462;20;;;11450.5;0.0
av_COFFEE_d3;26400;ASH_COATED_OSMIUM;9909;5;9906;19;;;9923;17;9927;17;;;9916.0;0.0
av_COFFEE_d3;26400;INTARIAN_PEPPER_ROOT;11440;12;11437;23;;;11458;16;11460;10;;;11449.0;0.0
av_COFFEE_d3;26500;ASH_COATED_OSMIUM;9890;12;9886;25;;;9944;5;9947;22;;;9917.0;0.0
av_COFFEE_d3;26500;INTARIAN_PEPPER_ROOT;11445;8;11443;25;;;11451;9;11455;21;;;11448.0;0.0
av_COFFEE_d3;26600;ASH_COATED_OSMIUM;9914;10;9912;25;;;9920;21;9922;19;;;9917.0;0.0
av_COFFEE_d3;26600;INTARIAN_PEPPER_ROOT;11440;18;11438;22;;;11451;23;11453;20;;;11445.5;0.0
av_COFFEE_d3;26700;ASH_COATED_OSMIUM;9914;17;9911;17;;;9920;23;9923;25;;;9917.0;0.0
av_COFFEE_d3;26700;INTARIAN_PEPPER_ROOT;11438;9;11436;17;;;11450;19;11452;15;;;11444.0;0.0
av_COFFEE_d3;26800;ASH_COATED_OSMIUM;9914;6;9912;26;;;9920;12;9924;20;;;9917.0;0.0
av_COFFEE_d3;26800;INTARIAN_PEPPER_ROOT;11434;18;11430;20;;;11450;14;11452;21;;;11442.0;0.0
av_COFFEE_d3;26900;ASH_COATED_OSMIUM;9914;11;9912;21;;;9920;15;9923;19;;;9917.0;0.0
av_COFFEE_d3;26900;INTARIAN_PEPPER_ROOT;11437;15;11433;16;;;11443;7;11446;26;;;11440.0;0.0
av_COFFEE_d3;27000;ASH_COATED_OSMIUM;9914;12;9910;16;;;9920;18;9924;8;;;9917.0;0.0
av_COFFEE_d3;27000;INTARIAN_PEPPER_ROOT;11431;13;11428;21;;;11446;11;11450;18;;;11438.5;0.0
av_COFFEE_d3;27100;ASH_COATED_OSMIUM;9902;23;9898;21;;;9934;12;9936;14;;;9918.0;0.0
av_COFFEE_d3;27100;INTARIAN_PEPPER_ROOT;11434;5;11431;9;;;11440;20;11444;19;;;11437.0;0.0
av_COFFEE_d3;27200;ASH_COATED_OSMIUM;9914;6;9910;21;;;9921;11;9923;17;;;9917.5;0.0
av_COFFEE_d3;27200;INTARIAN_PEPPER_ROOT;11432;16;11429;32;;;11439;15;11441;23;;;11435.5;0.0
av_COFFEE_d3;27300;ASH_COATED_OSMIUM;9908;16;9905;14;;;9928;21;9930;16;;;9918.0;0.0
av_COFFEE_d3;27300;INTARIAN_PEPPER_ROOT;11430;13;11428;18;;;11436;17;11440;19;;;11433.0;0.0
av_COFFEE_d3;27400;ASH_COATED_OSMIUM;9915;15;9911;27;;;9921;16;9925;12;;;9918.0;0.0
av_COFFEE_d3;27400;INTARIAN_PEPPER_ROOT;11428;7;11426;23;;;11435;13;11439;30;;;11431.5;0.0
av_COFFEE_d3;27500;ASH_COATED_OSMIUM;9915;15;9912;24;;;9921;20;9924;30;;;9918.0;0.0
av_COFFEE_d3;27500;INTARIAN_PEPPER_ROOT;11427;12;11425;13;;;11433;12;11437;16;;;11430.0;0.0
av_COFFEE_d3;27600;ASH_COATED_OSMIUM;9915;20;9913;8;;;9923;14;9927;13;;;9919.0;0.0
av_COFFEE_d3;27600;INTARIAN_PEPPER_ROOT;11425;13;11421;23;;;11431;18;11433;22;;;11428.0;0.0
av_COFFEE_d3;27700;ASH_COATED_OSMIUM;9913;14;9909;21;;;9925;15;9928;21;;;9919.0;0.0
av_COFFEE_d3;27700;INTARIAN_PEPPER_ROOT;11423;18;11420;12;;;11429;9;11432;26;;;11426.0;0.0
av_COFFEE_d3;27800;ASH_COATED_OSMIUM;9914;6;9912;16;;;9923;12;9927;23;;;9918.5;0.0
av_COFFEE_d3;27800;INTARIAN_PEPPER_ROOT;11420;14;11418;28;;;11429;15;11433;16;;;11424.5;0.0
av_COFFEE_d3;27900;ASH_COATED_OSMIUM;9913;17;9909;21;;;9926;5;9928;14;;;9919.5;0.0
av_COFFEE_d3;27900;INTARIAN_PEPPER_ROOT;11411;16;11407;24;;;11435;16;11439;27;;;11423.0;0.0
av_COFFEE_d3;28000;ASH_COATED_OSMIUM;9916;17;9913;14;;;9922;21;9924;12;;;9919.0;0.0
av_COFFEE_d3;28000;INTARIAN_PEPPER_ROOT;11418;11;11414;12;;;11425;11;11427;15;;;11421.5;0.0
av_COFFEE_d3;28100;ASH_COATED_OSMIUM;9916;11;9914;25;;;9922;17;9925;16;;;9919.0;0.0
av_COFFEE_d3;28100;INTARIAN_PEPPER_ROOT;11413;11;11409;21;;;11426;6;11428;14;;;11419.5;0.0
av_COFFEE_d3;28200;ASH_COATED_OSMIUM;9915;23;9912;26;;;9924;13;9926;21;;;9919.5;0.0
av_COFFEE_d3;28200;INTARIAN_PEPPER_ROOT;11407;14;11403;14;;;11427;14;11429;17;;;11417.0;0.0
av_COFFEE_d3;28300;ASH_COATED_OSMIUM;9917;13;9914;18;;;9923;19;9927;17;;;9920.0;0.0
av_COFFEE_d3;28300;INTARIAN_PEPPER_ROOT;11396;17;11392;14;;;11435;21;11439;19;;;11415.5;0.0
av_COFFEE_d3;28400;ASH_COATED_OSMIUM;9917;22;9914;24;;;9923;14;9926;16;;;9920.0;0.0
av_COFFEE_d3;28400;INTARIAN_PEPPER_ROOT;11407;16;11403;13;;;11420;11;11423;26;;;11413.5;0.0
av_COFFEE_d3;28500;ASH_COATED_OSMIUM;9917;20;9915;19;;;9923;17;9925;24;;;9920.0;0.0
av_COFFEE_d3;28500;INTARIAN_PEPPER_ROOT;11408;11;11405;19;;;11414;10;11417;24;;;11411.0;0.0
av_COFFEE_d3;28600;ASH_COATED_OSMIUM;9917;15;9914;27;;;9923;10;9926;16;;;9920.0;0.0
av_COFFEE_d3;28600;INTARIAN_PEPPER_ROOT;11407;12;11403;15;;;11413;22;11415;27;;;11410.0;0.0
av_COFFEE_d3;28700;ASH_COATED_OSMIUM;9917;19;9915;19;;;9923;22;9925;24;;;9920.0;0.0
av_COFFEE_d3;28700;INTARIAN_PEPPER_ROOT;11405;17;11402;16;;;11411;11;11415;16;;;11408.0;0.0
av_COFFEE_d3;28800;ASH_COATED_OSMIUM;9918;10;9914;18;;;9924;12;9928;16;;;9921.0;0.0
av_COFFEE_d3;28800;INTARIAN_PEPPER_ROOT;11403;5;11399;13;;;11409;15;11411;14;;;11406.0;0.0
av_COFFEE_d3;28900;ASH_COATED_OSMIUM;9911;12;9908;18;;;9932;16;9936;27;;;9921.5;0.0
av_COFFEE_d3;28900;INTARIAN_PEPPER_ROOT;11400;12;11396;10;;;11408;7;11410;23;;;11404.0;0.0
av_COFFEE_d3;29000;ASH_COATED_OSMIUM;9917;14;9915;23;;;9927;5;9929;23;;;9922.0;0.0
av_COFFEE_d3;29000;INTARIAN_PEPPER_ROOT;11400;14;11398;20;;;11406;14;11408;15;;;11403.0;0.0
av_COFFEE_d3;29100;ASH_COATED_OSMIUM;9919;18;9917;21;;;9925;14;9929;16;;;9922.0;0.0
av_COFFEE_d3;29100;INTARIAN_PEPPER_ROOT;11398;12;11394;12;;;11404;15;11407;27;;;11401.0;0.0
av_COFFEE_d3;29200;ASH_COATED_OSMIUM;9919;16;9915;23;;;9925;14;9927;27;;;9922.0;0.0
av_COFFEE_d3;29200;INTARIAN_PEPPER_ROOT;11396;9;11394;22;;;11402;16;11404;11;;;11399.0;0.0
av_COFFEE_d3;29300;ASH_COATED_OSMIUM;9918;7;9915;31;;;9924;22;9928;18;;;9921.0;0.0
av_COFFEE_d3;29300;INTARIAN_PEPPER_ROOT;11394;16;11392;15;;;11400;15;11402;14;;;11397.0;0.0
av_COFFEE_d3;29400;ASH_COATED_OSMIUM;9916;15;9914;24;;;9928;14;9930;18;;;9922.0;0.0
av_COFFEE_d3;29400;INTARIAN_PEPPER_ROOT;11388;16;11386;13;;;11404;10;11406;21;;;11396.0;0.0
av_COFFEE_d3;29500;ASH_COATED_OSMIUM;9919;12;9916;18;;;9925;14;9928;21;;;9922.0;0.0
av_COFFEE_d3;29500;INTARIAN_PEPPER_ROOT;11391;12;11388;13;;;11397;16;11399;21;;;11394.0;0.0
av_COFFEE_d3;29600;ASH_COATED_OSMIUM;9919;19;9917;16;;;9925;11;9927;22;;;9922.0;0.0
av_COFFEE_d3;29600;INTARIAN_PEPPER_ROOT;11389;15;11385;21;;;11396;17;11400;13;;;11392.5;0.0
av_COFFEE_d3;29700;ASH_COATED_OSMIUM;9919;13;9917;12;;;9925;12;9928;26;;;9922.0;0.0
av_COFFEE_d3;29700;INTARIAN_PEPPER_ROOT;11388;21;11384;12;;;11394;7;11398;22;;;11391.0;0.0
av_COFFEE_d3;29800;ASH_COATED_OSMIUM;9920;5;9918;17;;;9926;10;9929;16;;;9923.0;0.0
av_COFFEE_d3;29800;INTARIAN_PEPPER_ROOT;11385;9;11381;15;;;11391;17;11394;14;;;11388.0;0.0
av_COFFEE_d3;29900;ASH_COATED_OSMIUM;9920;20;9918;11;;;9926;14;9930;17;;;9923.0;0.0
av_COFFEE_d3;29900;INTARIAN_PEPPER_ROOT;11375;5;11373;26;;;11398;19;11401;19;;;11386.5;0.0
av_COFFEE_d3;30000;ASH_COATED_OSMIUM;9915;12;9913;14;;;9932;16;9936;19;;;9923.5;0.0
av_COFFEE_d3;30000;INTARIAN_PEPPER_ROOT;11382;12;11378;23;;;11388;12;11390;20;;;11385.0;0.0
av_COFFEE_d3;30100;ASH_COATED_OSMIUM;9920;17;9918;17;;;9926;10;9929;26;;;9923.0;0.0
av_COFFEE_d3;30100;INTARIAN_PEPPER_ROOT;11380;21;11378;17;;;11386;14;11389;20;;;11383.0;0.0
av_COFFEE_d3;30200;ASH_COATED_OSMIUM;9919;19;9917;27;;;9928;14;9932;23;;;9923.5;0.0
av_COFFEE_d3;30200;INTARIAN_PEPPER_ROOT;11371;5;11367;12;;;11392;19;11396;18;;;11381.5;0.0
av_COFFEE_d3;30300;ASH_COATED_OSMIUM;9920;12;9916;17;;;9926;20;9928;8;;;9923.0;0.0
av_COFFEE_d3;30300;INTARIAN_PEPPER_ROOT;11376;14;11372;21;;;11382;12;11385;18;;;11379.0;0.0
av_COFFEE_d3;30400;ASH_COATED_OSMIUM;9919;25;9915;21;;;9928;17;9931;14;;;9923.5;0.0
av_COFFEE_d3;30400;INTARIAN_PEPPER_ROOT;11368;9;11365;19;;;11386;12;11390;26;;;11377.0;0.0
av_COFFEE_d3;30500;ASH_COATED_OSMIUM;9920;22;9918;17;;;9928;19;9931;16;;;9924.0;0.0
av_COFFEE_d3;30500;INTARIAN_PEPPER_ROOT;11373;21;11369;20;;;11379;14;11383;28;;;11376.0;0.0
av_COFFEE_d3;30600;ASH_COATED_OSMIUM;9918;13;9915;26;;;9929;19;9932;21;;;9923.5;0.0
av_COFFEE_d3;30600;INTARIAN_PEPPER_ROOT;11359;14;11355;21;;;11388;24;11392;20;;;11373.5;0.0
av_COFFEE_d3;30700;ASH_COATED_OSMIUM;9922;15;9918;15;;;9928;16;9931;22;;;9925.0;0.0
av_COFFEE_d3;30700;INTARIAN_PEPPER_ROOT;11369;11;11365;15;;;11375;15;11378;17;;;11372.0;0.0
av_COFFEE_d3;30800;ASH_COATED_OSMIUM;9922;21;9919;21;;;9928;11;9931;25;;;9925.0;0.0
av_COFFEE_d3;30800;INTARIAN_PEPPER_ROOT;11367;10;11363;20;;;11374;12;11377;22;;;11370.5;0.0
av_COFFEE_d3;30900;ASH_COATED_OSMIUM;9922;17;9919;14;;;9928;27;9930;17;;;9925.0;0.0
av_COFFEE_d3;30900;INTARIAN_PEPPER_ROOT;11365;11;11362;24;;;11371;15;11374;19;;;11368.0;0.0
av_COFFEE_d3;31000;ASH_COATED_OSMIUM;9921;18;9919;23;;;9929;26;9931;27;;;9925.0;0.0
av_COFFEE_d3;31000;INTARIAN_PEPPER_ROOT;11355;24;11353;19;;;11380;13;11382;15;;;11367.5;0.0
av_COFFEE_d3;31100;ASH_COATED_OSMIUM;9922;19;9918;18;;;9928;21;9932;25;;;9925.0;0.0
av_COFFEE_d3;31100;INTARIAN_PEPPER_ROOT;11354;15;11352;15;;;11376;16;11380;15;;;11365.0;0.0
av_COFFEE_d3;31200;ASH_COATED_OSMIUM;9922;14;9919;16;;;9928;8;9930;21;;;9925.0;0.0
av_COFFEE_d3;31200;INTARIAN_PEPPER_ROOT;11361;17;11359;8;;;11367;17;11370;11;;;11364.0;0.0
av_COFFEE_d3;31300;ASH_COATED_OSMIUM;9920;17;9916;16;;;9930;13;9933;14;;;9925.0;0.0
av_COFFEE_d3;31300;INTARIAN_PEPPER_ROOT;11358;12;11356;17;;;11364;13;11366;16;;;11361.0;0.0
av_COFFEE_d3;31400;ASH_COATED_OSMIUM;9922;10;9919;17;;;9928;12;9932;28;;;9925.0;0.0
av_COFFEE_d3;31400;INTARIAN_PEPPER_ROOT;11357;12;11355;23;;;11363;12;11366;13;;;11360.0;0.0
av_COFFEE_d3;31500;ASH_COATED_OSMIUM;9920;5;9918;30;;;9932;16;9935;26;;;9926.0;0.0
av_COFFEE_d3;31500;INTARIAN_PEPPER_ROOT;11355;17;11351;20;;;11361;17;11365;17;;;11358.0;0.0
av_COFFEE_d3;31600;ASH_COATED_OSMIUM;9922;7;9920;18;;;9929;7;9931;25;;;9925.5;0.0
av_COFFEE_d3;31600;INTARIAN_PEPPER_ROOT;11351;19;11349;11;;;11362;9;11366;10;;;11356.5;0.0
av_COFFEE_d3;31700;ASH_COATED_OSMIUM;9923;17;9920;19;;;9929;6;9931;14;;;9926.0;0.0
av_COFFEE_d3;31700;INTARIAN_PEPPER_ROOT;11351;16;11348;24;;;11357;12;11360;24;;;11354.0;0.0
av_COFFEE_d3;31800;ASH_COATED_OSMIUM;9923;12;9920;21;;;9929;11;9931;11;;;9926.0;0.0
av_COFFEE_d3;31800;INTARIAN_PEPPER_ROOT;11348;9;11345;19;;;11357;17;11360;17;;;11352.5;0.0
av_COFFEE_d3;31900;ASH_COATED_OSMIUM;9924;8;9922;16;;;9930;13;9932;12;;;9927.0;0.0
av_COFFEE_d3;31900;INTARIAN_PEPPER_ROOT;11344;18;11340;18;;;11357;18;11361;21;;;11350.5;0.0
av_COFFEE_d3;32000;ASH_COATED_OSMIUM;9924;19;9922;25;;;9930;18;9934;15;;;9927.0;0.0
av_COFFEE_d3;32000;INTARIAN_PEPPER_ROOT;11346;8;11343;17;;;11352;13;11354;15;;;11349.0;0.0
av_COFFEE_d3;32100;ASH_COATED_OSMIUM;9923;20;9919;14;;;9931;10;9935;21;;;9927.0;0.0
av_COFFEE_d3;32100;INTARIAN_PEPPER_ROOT;11344;15;11342;25;;;11350;19;11352;22;;;11347.0;0.0
av_COFFEE_d3;32200;ASH_COATED_OSMIUM;9924;23;9922;15;;;9930;6;9934;28;;;9927.0;0.0
av_COFFEE_d3;32200;INTARIAN_PEPPER_ROOT;11342;13;11338;16;;;11348;17;11352;18;;;11345.0;0.0
av_COFFEE_d3;32300;ASH_COATED_OSMIUM;9924;14;9922;16;;;9930;18;9934;14;;;9927.0;0.0
av_COFFEE_d3;32300;INTARIAN_PEPPER_ROOT;11341;16;11337;24;;;11347;12;11350;32;;;11344.0;0.0
av_COFFEE_d3;32400;ASH_COATED_OSMIUM;9922;19;9920;17;;;9932;14;9935;14;;;9927.0;0.0
av_COFFEE_d3;32400;INTARIAN_PEPPER_ROOT;11339;17;11335;16;;;11345;9;11347;18;;;11342.0;0.0
av_COFFEE_d3;32500;ASH_COATED_OSMIUM;9925;7;9922;21;;;9931;15;9933;24;;;9928.0;0.0
av_COFFEE_d3;32500;INTARIAN_PEPPER_ROOT;11337;10;11334;16;;;11343;18;11347;20;;;11340.0;0.0
av_COFFEE_d3;32600;ASH_COATED_OSMIUM;9920;14;9917;16;;;9935;6;9938;20;;;9927.5;0.0
av_COFFEE_d3;32600;INTARIAN_PEPPER_ROOT;11335;16;11332;21;;;11341;11;11343;12;;;11338.0;0.0
av_COFFEE_d3;32700;ASH_COATED_OSMIUM;9923;9;9919;13;;;9932;9;9936;21;;;9927.5;0.0
av_COFFEE_d3;32700;INTARIAN_PEPPER_ROOT;11331;12;11328;23;;;11342;18;11345;20;;;11336.5;0.0
av_COFFEE_d3;32800;ASH_COATED_OSMIUM;9920;12;9917;22;;;9936;19;9939;25;;;9928.0;0.0
av_COFFEE_d3;32800;INTARIAN_PEPPER_ROOT;11332;16;11330;15;;;11338;26;11341;24;;;11335.0;0.0
av_COFFEE_d3;32900;ASH_COATED_OSMIUM;9925;10;9921;15;;;9931;8;9934;20;;;9928.0;0.0
av_COFFEE_d3;32900;INTARIAN_PEPPER_ROOT;11330;12;11326;27;;;11336;9;11339;14;;;11333.0;0.0
av_COFFEE_d3;33000;ASH_COATED_OSMIUM;9925;17;9921;15;;;9931;28;9935;26;;;9928.0;0.0
av_COFFEE_d3;33000;INTARIAN_PEPPER_ROOT;11328;11;11324;18;;;11334;19;11338;24;;;11331.0;0.0
av_COFFEE_d3;33100;ASH_COATED_OSMIUM;9925;10;9921;25;;;9931;14;9934;26;;;9928.0;0.0
av_COFFEE_d3;33100;INTARIAN_PEPPER_ROOT;11326;20;11322;18;;;11332;9;11335;25;;;11329.0;0.0
av_COFFEE_d3;33200;ASH_COATED_OSMIUM;9925;14;9921;35;;;9931;9;9935;19;;;9928.0;0.0
av_COFFEE_d3;33200;INTARIAN_PEPPER_ROOT;11324;10;11322;24;;;11330;21;11332;28;;;11327.0;0.0
av_COFFEE_d3;33300;ASH_COATED_OSMIUM;9912;17;9910;21;;;9946;12;9950;26;;;9929.0;0.0
av_COFFEE_d3;33300;INTARIAN_PEPPER_ROOT;11322;18;11320;10;;;11328;6;11330;24;;;11325.0;0.0
av_COFFEE_d3;33400;ASH_COATED_OSMIUM;9917;15;9915;26;;;9941;15;9944;23;;;9929.0;0.0
av_COFFEE_d3;33400;INTARIAN_PEPPER_ROOT;11320;9;11316;14;;;11326;24;11329;21;;;11323.0;0.0
av_COFFEE_d3;33500;ASH_COATED_OSMIUM;9924;5;9921;20;;;9933;14;9937;13;;;9928.5;0.0
av_COFFEE_d3;33500;INTARIAN_PEPPER_ROOT;11319;7;11317;23;;;11325;15;11328;22;;;11322.0;0.0
av_COFFEE_d3;33600;ASH_COATED_OSMIUM;9926;10;9924;19;;;9932;5;9936;25;;;9929.0;0.0
av_COFFEE_d3;33600;INTARIAN_PEPPER_ROOT;11317;12;11314;14;;;11325;16;11329;17;;;11321.0;0.0
av_COFFEE_d3;33700;ASH_COATED_OSMIUM;9926;11;9923;18;;;9932;7;9935;14;;;9929.0;0.0
av_COFFEE_d3;33700;INTARIAN_PEPPER_ROOT;11312;9;11310;27;;;11326;22;11329;15;;;11319.0;0.0
av_COFFEE_d3;33800;ASH_COATED_OSMIUM;9927;13;9925;16;;;9933;13;9935;21;;;9930.0;0.0
av_COFFEE_d3;33800;INTARIAN_PEPPER_ROOT;11313;5;11311;27;;;11319;20;11322;18;;;11316.0;0.0
av_COFFEE_d3;33900;ASH_COATED_OSMIUM;9927;17;9925;16;;;9933;12;9935;16;;;9930.0;0.0
av_COFFEE_d3;33900;INTARIAN_PEPPER_ROOT;11312;20;11309;18;;;11318;17;11321;31;;;11315.0;0.0
av_COFFEE_d3;34000;ASH_COATED_OSMIUM;9927;17;9924;21;;;9933;11;9936;29;;;9930.0;0.0
av_COFFEE_d3;34000;INTARIAN_PEPPER_ROOT;11314;19;11312;28;;;11322;11;11325;23;;;11318.0;0.0
av_COFFEE_d3;34100;ASH_COATED_OSMIUM;9927;11;9923;26;;;9933;15;9936;20;;;9930.0;0.0
av_COFFEE_d3;34100;INTARIAN_PEPPER_ROOT;11312;18;11310;26;;;11325;12;11327;23;;;11318.5;0.0
av_COFFEE_d3;34200;ASH_COATED_OSMIUM;9927;21;9924;15;;;9933;18;9937;16;;;9930.0;0.0
av_COFFEE_d3;34200;INTARIAN_PEPPER_ROOT;11317;21;11313;19;;;11326;12;11330;23;;;11321.5;0.0
av_COFFEE_d3;34300;ASH_COATED_OSMIUM;9926;8;9922;19;;;9932;23;9934;23;;;9929.0;0.0
av_COFFEE_d3;34300;INTARIAN_PEPPER_ROOT;11320;18;11316;16;;;11328;17;11331;24;;;11324.0;0.0
av_COFFEE_d3;34400;ASH_COATED_OSMIUM;9926;15;9922;20;;;9932;17;9934;18;;;9929.0;0.0
av_COFFEE_d3;34400;INTARIAN_PEPPER_ROOT;11322;19;11318;23;;;11329;11;11333;17;;;11325.5;0.0
av_COFFEE_d3;34500;ASH_COATED_OSMIUM;9926;22;9923;19;;;9932;17;9936;19;;;9929.0;0.0
av_COFFEE_d3;34500;INTARIAN_PEPPER_ROOT;11325;19;11321;20;;;11331;13;11334;12;;;11328.0;0.0
av_COFFEE_d3;34600;ASH_COATED_OSMIUM;9924;17;9922;14;;;9933;11;9935;8;;;9928.5;0.0
av_COFFEE_d3;34600;INTARIAN_PEPPER_ROOT;11327;12;11323;16;;;11333;15;11335;17;;;11330.0;0.0
av_COFFEE_d3;34700;ASH_COATED_OSMIUM;9926;12;9924;18;;;9932;15;9936;21;;;9929.0;0.0
av_COFFEE_d3;34700;INTARIAN_PEPPER_ROOT;11329;20;11325;21;;;11335;16;11339;23;;;11332.0;0.0
av_COFFEE_d3;34800;ASH_COATED_OSMIUM;9925;13;9923;25;;;9931;17;9933;21;;;9928.0;0.0
av_COFFEE_d3;34800;INTARIAN_PEPPER_ROOT;11331;11;11328;21;;;11337;18;11340;12;;;11334.0;0.0
av_COFFEE_d3;34900;ASH_COATED_OSMIUM;9925;22;9923;20;;;9931;12;9933;11;;;9928.0;0.0
av_COFFEE_d3;34900;INTARIAN_PEPPER_ROOT;11333;19;11329;14;;;11339;14;11341;22;;;11336.0;0.0
av_COFFEE_d3;35000;ASH_COATED_OSMIUM;9925;10;9923;8;;;9931;17;9934;20;;;9928.0;0.0
av_COFFEE_d3;35000;INTARIAN_PEPPER_ROOT;11334;20;11332;14;;;11343;12;11346;17;;;11338.5;0.0
av_COFFEE_d3;35100;ASH_COATED_OSMIUM;9924;14;9921;18;;;9930;20;9932;26;;;9927.0;0.0
av_COFFEE_d3;35100;INTARIAN_PEPPER_ROOT;11337;16;11333;19;;;11343;16;11347;20;;;11340.0;0.0
av_COFFEE_d3;35200;ASH_COATED_OSMIUM;9925;18;9921;31;;;9931;12;9934;23;;;9928.0;0.0
av_COFFEE_d3;35200;INTARIAN_PEPPER_ROOT;11339;14;11337;23;;;11345;8;11347;14;;;11342.0;0.0
av_COFFEE_d3;35300;ASH_COATED_OSMIUM;9924;12;9922;20;;;9930;15;9934;18;;;9927.0;0.0
av_COFFEE_d3;35300;INTARIAN_PEPPER_ROOT;11342;14;11339;19;;;11348;14;11351;22;;;11345.0;0.0
av_COFFEE_d3;35400;ASH_COATED_OSMIUM;9924;17;9920;22;;;9930;14;9934;12;;;9927.0;0.0
av_COFFEE_d3;35400;INTARIAN_PEPPER_ROOT;11327;16;11323;16;;;11365;19;11368;14;;;11346.0;0.0
av_COFFEE_d3;35500;ASH_COATED_OSMIUM;9923;26;9921;21;;;9933;5;9936;22;;;9928.0;0.0
av_COFFEE_d3;35500;INTARIAN_PEPPER_ROOT;11346;13;11342;20;;;11354;19;11358;12;;;11350.0;0.0
av_COFFEE_d3;35600;ASH_COATED_OSMIUM;9924;8;9922;11;;;9930;11;9934;24;;;9927.0;0.0
av_COFFEE_d3;35600;INTARIAN_PEPPER_ROOT;11348;12;11346;17;;;11354;14;11356;20;;;11351.0;0.0
av_COFFEE_d3;35700;ASH_COATED_OSMIUM;9923;21;9921;26;;;9929;18;9931;18;;;9926.0;0.0
av_COFFEE_d3;35700;INTARIAN_PEPPER_ROOT;11348;21;11345;14;;;11358;13;11360;13;;;11353.0;0.0
av_COFFEE_d3;35800;ASH_COATED_OSMIUM;9921;9;9919;16;;;9931;20;9933;9;;;9926.0;0.0
av_COFFEE_d3;35800;INTARIAN_PEPPER_ROOT;11348;18;11344;20;;;11363;24;11366;25;;;11355.5;0.0
av_COFFEE_d3;35900;ASH_COATED_OSMIUM;9923;6;9919;21;;;9929;14;9931;21;;;9926.0;0.0
av_COFFEE_d3;35900;INTARIAN_PEPPER_ROOT;11354;16;11351;22;;;11362;13;11365;30;;;11358.0;0.0
av_COFFEE_d3;36000;ASH_COATED_OSMIUM;9923;17;9920;18;;;9929;19;9931;16;;;9926.0;0.0
av_COFFEE_d3;36000;INTARIAN_PEPPER_ROOT;11355;21;11351;25;;;11364;8;11367;25;;;11359.5;0.0
av_COFFEE_d3;36100;ASH_COATED_OSMIUM;9922;16;9918;21;;;9929;17;9933;19;;;9925.5;0.0
av_COFFEE_d3;36100;INTARIAN_PEPPER_ROOT;11358;16;11355;12;;;11364;12;11366;21;;;11361.0;0.0
av_COFFEE_d3;36200;ASH_COATED_OSMIUM;9923;16;9920;21;;;9929;14;9931;19;;;9926.0;0.0
av_COFFEE_d3;36200;INTARIAN_PEPPER_ROOT;11351;20;11349;26;;;11377;11;11381;29;;;11364.0;0.0
av_COFFEE_d3;36300;ASH_COATED_OSMIUM;9923;14;9919;15;;;9929;6;9932;20;;;9926.0;0.0
av_COFFEE_d3;36300;INTARIAN_PEPPER_ROOT;11361;19;11358;16;;;11370;5;11374;17;;;11365.5;0.0
av_COFFEE_d3;36400;ASH_COATED_OSMIUM;9921;17;9919;26;;;9932;16;9936;28;;;9926.5;0.0
av_COFFEE_d3;36400;INTARIAN_PEPPER_ROOT;11365;8;11361;26;;;11371;20;11373;20;;;11368.0;0.0
av_COFFEE_d3;36500;ASH_COATED_OSMIUM;9922;8;9918;15;;;9928;26;9932;21;;;9925.0;0.0
av_COFFEE_d3;36500;INTARIAN_PEPPER_ROOT;11365;12;11362;16;;;11376;14;11378;23;;;11370.5;0.0
av_COFFEE_d3;36600;ASH_COATED_OSMIUM;9919;26;9917;18;;;9932;18;9935;24;;;9925.5;0.0
av_COFFEE_d3;36600;INTARIAN_PEPPER_ROOT;11359;15;11355;22;;;11385;10;11388;19;;;11372.0;0.0
av_COFFEE_d3;36700;ASH_COATED_OSMIUM;9922;11;9918;24;;;9928;7;9931;17;;;9925.0;0.0
av_COFFEE_d3;36700;INTARIAN_PEPPER_ROOT;11371;17;11369;20;;;11377;19;11381;13;;;11374.0;0.0
av_COFFEE_d3;36800;ASH_COATED_OSMIUM;9921;18;9918;21;;;9929;21;9932;10;;;9925.0;0.0
av_COFFEE_d3;36800;INTARIAN_PEPPER_ROOT;11374;15;11371;10;;;11380;14;11382;29;;;11377.0;0.0
av_COFFEE_d3;36900;ASH_COATED_OSMIUM;9914;19;9912;21;;;9935;11;9938;33;;;9924.5;0.0
av_COFFEE_d3;36900;INTARIAN_PEPPER_ROOT;11375;19;11372;16;;;11382;16;11384;11;;;11378.5;0.0
av_COFFEE_d3;37000;ASH_COATED_OSMIUM;9921;9;9918;23;;;9927;20;9930;19;;;9924.0;0.0
av_COFFEE_d3;37000;INTARIAN_PEPPER_ROOT;11378;12;11376;16;;;11384;17;11386;15;;;11381.0;0.0
av_COFFEE_d3;37100;ASH_COATED_OSMIUM;9921;11;9917;12;;;9928;18;9932;17;;;9924.5;0.0
av_COFFEE_d3;37100;INTARIAN_PEPPER_ROOT;11379;5;11375;24;;;11386;21;11388;14;;;11382.5;0.0
av_COFFEE_d3;37200;ASH_COATED_OSMIUM;9918;16;9914;30;;;9930;8;9933;19;;;9924.0;0.0
av_COFFEE_d3;37200;INTARIAN_PEPPER_ROOT;11382;11;11379;23;;;11388;21;11390;23;;;11385.0;0.0
av_COFFEE_d3;37300;ASH_COATED_OSMIUM;9914;18;9910;20;;;9933;25;9936;17;;;9923.5;0.0
av_COFFEE_d3;37300;INTARIAN_PEPPER_ROOT;11384;7;11382;25;;;11390;17;11394;23;;;11387.0;0.0
av_COFFEE_d3;37400;ASH_COATED_OSMIUM;9915;17;9912;17;;;9932;20;9934;17;;;9923.5;0.0
av_COFFEE_d3;37400;INTARIAN_PEPPER_ROOT;11386;14;11383;23;;;11392;15;11395;21;;;11389.0;0.0
av_COFFEE_d3;37500;ASH_COATED_OSMIUM;9911;13;9909;24;;;9936;13;9938;16;;;9923.5;0.0
av_COFFEE_d3;37500;INTARIAN_PEPPER_ROOT;11386;14;11383;11;;;11397;20;11400;19;;;11391.5;0.0
av_COFFEE_d3;37600;ASH_COATED_OSMIUM;9921;13;9917;19;;;9927;15;9929;9;;;9924.0;0.0
av_COFFEE_d3;37600;INTARIAN_PEPPER_ROOT;11388;13;11386;13;;;11399;17;11401;15;;;11393.5;0.0
av_COFFEE_d3;37700;ASH_COATED_OSMIUM;9919;19;9916;19;;;9927;16;9929;16;;;9923.0;0.0
av_COFFEE_d3;37700;INTARIAN_PEPPER_ROOT;11393;20;11391;18;;;11399;21;11401;17;;;11396.0;0.0
av_COFFEE_d3;37800;ASH_COATED_OSMIUM;9920;17;9917;15;;;9926;20;9930;11;;;9923.0;0.0
av_COFFEE_d3;37800;INTARIAN_PEPPER_ROOT;11395;14;11391;19;;;11401;17;11405;19;;;11398.0;0.0
av_COFFEE_d3;37900;ASH_COATED_OSMIUM;9917;15;9913;14;;;9930;17;9934;13;;;9923.5;0.0
av_COFFEE_d3;37900;INTARIAN_PEPPER_ROOT;11397;14;11393;19;;;11403;20;11407;17;;;11400.0;0.0
av_COFFEE_d3;38000;ASH_COATED_OSMIUM;9920;15;9916;15;;;9926;15;9929;14;;;9923.0;0.0
av_COFFEE_d3;38000;INTARIAN_PEPPER_ROOT;11392;13;11390;22;;;11411;8;11413;21;;;11401.5;0.0
av_COFFEE_d3;38100;ASH_COATED_OSMIUM;9919;8;9916;21;;;9926;10;9930;17;;;9922.5;0.0
av_COFFEE_d3;38100;INTARIAN_PEPPER_ROOT;11401;20;11397;18;;;11407;11;11411;24;;;11404.0;0.0
av_COFFEE_d3;38200;ASH_COATED_OSMIUM;9918;18;9916;23;;;9926;12;9928;17;;;9922.0;0.0
av_COFFEE_d3;38200;INTARIAN_PEPPER_ROOT;11398;16;11394;9;;;11415;17;11419;23;;;11406.5;0.0
av_COFFEE_d3;38300;ASH_COATED_OSMIUM;9919;18;9916;19;;;9925;19;9929;20;;;9922.0;0.0
av_COFFEE_d3;38300;INTARIAN_PEPPER_ROOT;11392;17;11390;10;;;11424;23;11428;17;;;11408.0;0.0
av_COFFEE_d3;38400;ASH_COATED_OSMIUM;9918;11;9914;21;;;9924;10;9926;21;;;9921.0;0.0
av_COFFEE_d3;38400;INTARIAN_PEPPER_ROOT;11408;8;11406;10;;;11414;6;11418;17;;;11411.0;0.0
av_COFFEE_d3;38500;ASH_COATED_OSMIUM;9918;11;9915;21;;;9927;20;9929;15;;;9922.5;0.0
av_COFFEE_d3;38500;INTARIAN_PEPPER_ROOT;11408;19;11406;24;;;11417;12;11421;16;;;11412.5;0.0
av_COFFEE_d3;38600;ASH_COATED_OSMIUM;9918;5;9914;15;;;9924;17;9928;16;;;9921.0;0.0
av_COFFEE_d3;38600;INTARIAN_PEPPER_ROOT;11412;16;11410;30;;;11418;9;11421;20;;;11415.0;0.0
av_COFFEE_d3;38700;ASH_COATED_OSMIUM;9919;20;9917;9;;;9925;13;9928;16;;;9922.0;0.0
av_COFFEE_d3;38700;INTARIAN_PEPPER_ROOT;11413;18;11409;26;;;11419;12;11422;21;;;11416.0;0.0
av_COFFEE_d3;38800;ASH_COATED_OSMIUM;9918;11;9916;17;;;9924;16;9927;17;;;9921.0;0.0
av_COFFEE_d3;38800;INTARIAN_PEPPER_ROOT;11416;9;11414;12;;;11422;12;11424;18;;;11419.0;0.0
av_COFFEE_d3;38900;ASH_COATED_OSMIUM;9916;26;9913;19;;;9926;18;9929;15;;;9921.0;0.0
av_COFFEE_d3;38900;INTARIAN_PEPPER_ROOT;11418;12;11415;20;;;11424;21;11426;22;;;11421.0;0.0
av_COFFEE_d3;39000;ASH_COATED_OSMIUM;9918;11;9915;23;;;9924;20;9928;14;;;9921.0;0.0
av_COFFEE_d3;39000;INTARIAN_PEPPER_ROOT;11420;16;11418;17;;;11426;6;11428;30;;;11423.0;0.0
av_COFFEE_d3;39100;ASH_COATED_OSMIUM;9918;6;9915;19;;;9924;7;9927;13;;;9921.0;0.0
av_COFFEE_d3;39100;INTARIAN_PEPPER_ROOT;11423;9;11419;20;;;11429;18;11433;22;;;11426.0;0.0
av_COFFEE_d3;39200;ASH_COATED_OSMIUM;9916;16;9913;18;;;9926;15;9928;17;;;9921.0;0.0
av_COFFEE_d3;39200;INTARIAN_PEPPER_ROOT;11424;18;11422;22;;;11430;12;11432;28;;;11427.0;0.0
av_COFFEE_d3;39300;ASH_COATED_OSMIUM;9918;18;9914;19;;;9924;11;9926;8;;;9921.0;0.0
av_COFFEE_d3;39300;INTARIAN_PEPPER_ROOT;11426;15;11424;23;;;11432;12;11435;16;;;11429.0;0.0
av_COFFEE_d3;39400;ASH_COATED_OSMIUM;9914;14;9910;24;;;9927;6;9931;18;;;9920.5;0.0
av_COFFEE_d3;39400;INTARIAN_PEPPER_ROOT;11427;16;11424;24;;;11436;17;11439;11;;;11431.5;0.0
av_COFFEE_d3;39500;ASH_COATED_OSMIUM;9915;16;9913;17;;;9926;16;9930;24;;;9920.5;0.0
av_COFFEE_d3;39500;INTARIAN_PEPPER_ROOT;11431;8;11427;18;;;11437;17;11439;16;;;11434.0;0.0
av_COFFEE_d3;39600;ASH_COATED_OSMIUM;9917;6;9914;21;;;9923;5;9925;17;;;9920.0;0.0
av_COFFEE_d3;39600;INTARIAN_PEPPER_ROOT;11433;13;11431;20;;;11439;11;11442;20;;;11436.0;0.0
av_COFFEE_d3;39700;ASH_COATED_OSMIUM;9917;15;9913;15;;;9923;11;9925;17;;;9920.0;0.0
av_COFFEE_d3;39700;INTARIAN_PEPPER_ROOT;11435;16;11431;22;;;11441;8;11445;26;;;11438.0;0.0
av_COFFEE_d3;39800;ASH_COATED_OSMIUM;9912;12;9909;21;;;9926;20;9928;22;;;9919.0;0.0
av_COFFEE_d3;39800;INTARIAN_PEPPER_ROOT;11428;18;11426;8;;;11451;8;11454;23;;;11439.5;0.0
av_COFFEE_d3;39900;ASH_COATED_OSMIUM;9916;23;9913;15;;;9923;13;9925;14;;;9919.5;0.0
av_COFFEE_d3;39900;INTARIAN_PEPPER_ROOT;11436;11;11432;18;;;11447;11;11450;30;;;11441.5;0.0
av_COFFEE_d3;40000;ASH_COATED_OSMIUM;9916;13;9913;20;;;9922;5;9925;21;;;9919.0;0.0
av_COFFEE_d3;40000;INTARIAN_PEPPER_ROOT;11441;15;11439;19;;;11447;18;11450;24;;;11444.0;0.0
av_COFFEE_d3;40100;ASH_COATED_OSMIUM;9916;17;9914;24;;;9922;19;9925;19;;;9919.0;0.0
av_COFFEE_d3;40100;INTARIAN_PEPPER_ROOT;11444;16;11441;20;;;11450;12;11454;13;;;11447.0;0.0
av_COFFEE_d3;40200;ASH_COATED_OSMIUM;9916;7;9913;24;;;9922;19;9926;24;;;9919.0;0.0
av_COFFEE_d3;40200;INTARIAN_PEPPER_ROOT;11443;11;11439;16;;;11455;11;11457;17;;;11449.0;0.0
av_COFFEE_d3;40300;ASH_COATED_OSMIUM;9911;21;9908;16;;;9926;13;9929;19;;;9918.5;0.0
av_COFFEE_d3;40300;INTARIAN_PEPPER_ROOT;11447;10;11445;21;;;11453;13;11457;12;;;11450.0;0.0
av_COFFEE_d3;40400;ASH_COATED_OSMIUM;9915;6;9911;25;;;9921;13;9923;27;;;9918.0;0.0
av_COFFEE_d3;40400;INTARIAN_PEPPER_ROOT;11449;18;11446;28;;;11455;15;11457;11;;;11452.0;0.0
av_COFFEE_d3;40500;ASH_COATED_OSMIUM;9916;11;9912;12;;;9922;18;9926;21;;;9919.0;0.0
av_COFFEE_d3;40500;INTARIAN_PEPPER_ROOT;11450;20;11446;16;;;11459;15;11463;11;;;11454.5;0.0
av_COFFEE_d3;40600;ASH_COATED_OSMIUM;9914;16;9912;18;;;9920;8;9922;17;;;9917.0;0.0
av_COFFEE_d3;40600;INTARIAN_PEPPER_ROOT;11452;18;11449;8;;;11463;18;11465;18;;;11457.5;0.0
av_COFFEE_d3;40700;ASH_COATED_OSMIUM;9914;7;9912;21;;;9921;10;9923;14;;;9917.5;0.0
av_COFFEE_d3;40700;INTARIAN_PEPPER_ROOT;11456;20;11454;30;;;11462;7;11464;8;;;11459.0;0.0
av_COFFEE_d3;40800;ASH_COATED_OSMIUM;9915;14;9911;34;;;9921;17;9925;18;;;9918.0;0.0
av_COFFEE_d3;40800;INTARIAN_PEPPER_ROOT;11456;16;11452;21;;;11466;12;11468;19;;;11461.0;0.0
av_COFFEE_d3;40900;ASH_COATED_OSMIUM;9914;14;9910;19;;;9920;12;9923;26;;;9917.0;0.0
av_COFFEE_d3;40900;INTARIAN_PEPPER_ROOT;11460;17;11457;23;;;11466;8;11470;25;;;11463.0;0.0
av_COFFEE_d3;41000;ASH_COATED_OSMIUM;9914;19;9911;17;;;9920;26;9924;22;;;9917.0;0.0
av_COFFEE_d3;41000;INTARIAN_PEPPER_ROOT;11463;16;11460;24;;;11469;19;11472;14;;;11466.0;0.0
av_COFFEE_d3;41100;ASH_COATED_OSMIUM;9912;15;9910;33;;;9924;11;9926;17;;;9918.0;0.0
av_COFFEE_d3;41100;INTARIAN_PEPPER_ROOT;11465;15;11463;18;;;11471;13;11475;16;;;11468.0;0.0
av_COFFEE_d3;41200;ASH_COATED_OSMIUM;9914;17;9910;14;;;9920;7;9924;32;;;9917.0;0.0
av_COFFEE_d3;41200;INTARIAN_PEPPER_ROOT;11451;18;11448;23;;;11490;11;11493;18;;;11470.5;0.0
av_COFFEE_d3;41300;ASH_COATED_OSMIUM;9914;14;9912;14;;;9920;13;9923;20;;;9917.0;0.0
av_COFFEE_d3;41300;INTARIAN_PEPPER_ROOT;11469;10;11466;15;;;11475;14;11477;13;;;11472.0;0.0
av_COFFEE_d3;41400;ASH_COATED_OSMIUM;9913;6;9909;22;;;9919;17;9923;22;;;9916.0;0.0
av_COFFEE_d3;41400;INTARIAN_PEPPER_ROOT;11471;16;11469;22;;;11477;21;11481;17;;;11474.0;0.0
av_COFFEE_d3;41500;ASH_COATED_OSMIUM;9914;5;9912;18;;;9920;10;9924;22;;;9917.0;0.0
av_COFFEE_d3;41500;INTARIAN_PEPPER_ROOT;11473;19;11470;18;;;11479;19;11483;25;;;11476.0;0.0
av_COFFEE_d3;41600;ASH_COATED_OSMIUM;9912;18;9909;20;;;9920;16;9923;10;;;9916.0;0.0
av_COFFEE_d3;41600;INTARIAN_PEPPER_ROOT;11475;13;11472;13;;;11481;13;11483;17;;;11478.0;0.0
av_COFFEE_d3;41700;ASH_COATED_OSMIUM;9906;11;9903;17;;;9926;15;9930;19;;;9916.0;0.0
av_COFFEE_d3;41700;INTARIAN_PEPPER_ROOT;11476;15;11474;15;;;11484;12;11488;17;;;11480.0;0.0
av_COFFEE_d3;41800;ASH_COATED_OSMIUM;9913;17;9911;25;;;9919;6;9922;19;;;9916.0;0.0
av_COFFEE_d3;41800;INTARIAN_PEPPER_ROOT;11470;18;11468;20;;;11494;9;11498;17;;;11482.0;0.0
av_COFFEE_d3;41900;ASH_COATED_OSMIUM;9913;26;9911;20;;;9919;16;9923;29;;;9916.0;0.0
av_COFFEE_d3;41900;INTARIAN_PEPPER_ROOT;11482;13;11480;24;;;11488;16;11491;13;;;11485.0;0.0
av_COFFEE_d3;42000;ASH_COATED_OSMIUM;9911;27;9908;16;;;9920;18;9922;23;;;9915.5;0.0
av_COFFEE_d3;42000;INTARIAN_PEPPER_ROOT;11484;18;11482;17;;;11490;5;11494;8;;;11487.0;0.0
av_COFFEE_d3;42100;ASH_COATED_OSMIUM;9906;9;9903;12;;;9925;15;9928;9;;;9915.5;0.0
av_COFFEE_d3;42100;INTARIAN_PEPPER_ROOT;11486;16;11483;12;;;11492;14;11496;20;;;11489.0;0.0
av_COFFEE_d3;42200;ASH_COATED_OSMIUM;9912;23;9909;10;;;9919;22;9921;24;;;9915.5;0.0
av_COFFEE_d3;42200;INTARIAN_PEPPER_ROOT;11488;7;11484;11;;;11494;21;11498;18;;;11491.0;0.0
av_COFFEE_d3;42300;ASH_COATED_OSMIUM;9912;14;9908;12;;;9918;20;9922;24;;;9915.0;0.0
av_COFFEE_d3;42300;INTARIAN_PEPPER_ROOT;11490;20;11488;21;;;11496;12;11498;20;;;11493.0;0.0
av_COFFEE_d3;42400;ASH_COATED_OSMIUM;9912;13;9909;15;;;9918;22;9922;16;;;9915.0;0.0
av_COFFEE_d3;42400;INTARIAN_PEPPER_ROOT;11492;11;11489;14;;;11498;11;11500;23;;;11495.0;0.0
av_COFFEE_d3;42500;ASH_COATED_OSMIUM;9905;12;9902;19;;;9924;8;9927;17;;;9914.5;0.0
av_COFFEE_d3;42500;INTARIAN_PEPPER_ROOT;11494;17;11491;12;;;11500;14;11503;21;;;11497.0;0.0
av_COFFEE_d3;42600;ASH_COATED_OSMIUM;9905;12;9901;23;;;9924;20;9928;17;;;9914.5;0.0
av_COFFEE_d3;42600;INTARIAN_PEPPER_ROOT;11496;22;11494;25;;;11502;16;11506;23;;;11499.0;0.0
av_COFFEE_d3;42700;ASH_COATED_OSMIUM;9908;14;9906;18;;;9921;12;9925;22;;;9914.5;0.0
av_COFFEE_d3;42700;INTARIAN_PEPPER_ROOT;11495;10;11492;20;;;11507;5;11509;22;;;11501.0;0.0
av_COFFEE_d3;42800;ASH_COATED_OSMIUM;9903;13;9899;20;;;9926;16;9928;17;;;9914.5;0.0
av_COFFEE_d3;42800;INTARIAN_PEPPER_ROOT;11495;10;11492;20;;;11511;13;11513;22;;;11503.0;0.0
av_COFFEE_d3;42900;ASH_COATED_OSMIUM;9906;20;9904;18;;;9922;25;9924;23;;;9914.0;0.0
av_COFFEE_d3;42900;INTARIAN_PEPPER_ROOT;11502;14;11498;15;;;11508;16;11511;17;;;11505.0;0.0
av_COFFEE_d3;43000;ASH_COATED_OSMIUM;9909;20;9905;18;;;9919;14;9923;21;;;9914.0;0.0
av_COFFEE_d3;43000;INTARIAN_PEPPER_ROOT;11505;11;11502;23;;;11511;15;11515;18;;;11508.0;0.0
av_COFFEE_d3;43100;ASH_COATED_OSMIUM;9910;18;9906;25;;;9916;17;9918;27;;;9913.0;0.0
av_COFFEE_d3;43100;INTARIAN_PEPPER_ROOT;11494;16;11492;13;;;11526;7;11528;21;;;11510.0;0.0
av_COFFEE_d3;43200;ASH_COATED_OSMIUM;9908;13;9906;15;;;9918;19;9920;15;;;9913.0;0.0
av_COFFEE_d3;43200;INTARIAN_PEPPER_ROOT;11509;12;11506;25;;;11516;12;11518;19;;;11512.5;0.0
av_COFFEE_d3;43300;ASH_COATED_OSMIUM;9911;17;9909;27;;;9917;15;9921;10;;;9914.0;0.0
av_COFFEE_d3;43300;INTARIAN_PEPPER_ROOT;11511;18;11508;35;;;11517;17;11521;22;;;11514.0;0.0
av_COFFEE_d3;43400;ASH_COATED_OSMIUM;9905;11;9901;12;;;9922;24;9924;21;;;9913.5;0.0
av_COFFEE_d3;43400;INTARIAN_PEPPER_ROOT;11513;17;11510;16;;;11519;14;11523;16;;;11516.0;0.0
av_COFFEE_d3;43500;ASH_COATED_OSMIUM;9910;13;9906;21;;;9917;15;9921;16;;;9913.5;0.0
av_COFFEE_d3;43500;INTARIAN_PEPPER_ROOT;11516;23;11514;26;;;11522;18;11524;13;;;11519.0;0.0
av_COFFEE_d3;43600;ASH_COATED_OSMIUM;9909;14;9905;24;;;9915;17;9918;27;;;9912.0;0.0
av_COFFEE_d3;43600;INTARIAN_PEPPER_ROOT;11518;12;11515;10;;;11524;10;11527;17;;;11521.0;0.0
av_COFFEE_d3;43700;ASH_COATED_OSMIUM;9909;17;9907;20;;;9915;15;9918;15;;;9912.0;0.0
av_COFFEE_d3;43700;INTARIAN_PEPPER_ROOT;11519;18;11517;25;;;11526;16;11530;19;;;11522.5;0.0
av_COFFEE_d3;43800;ASH_COATED_OSMIUM;9904;14;9902;16;;;9919;17;9922;22;;;9911.5;0.0
av_COFFEE_d3;43800;INTARIAN_PEPPER_ROOT;11521;17;11518;21;;;11528;20;11531;23;;;11524.5;0.0
av_COFFEE_d3;43900;ASH_COATED_OSMIUM;9909;19;9907;13;;;9915;12;9919;22;;;9912.0;0.0
av_COFFEE_d3;43900;INTARIAN_PEPPER_ROOT;11524;17;11521;18;;;11530;15;11533;16;;;11527.0;0.0
av_COFFEE_d3;44000;ASH_COATED_OSMIUM;9901;10;9898;16;;;9924;12;9928;18;;;9912.5;0.0
av_COFFEE_d3;44000;INTARIAN_PEPPER_ROOT;11524;9;11521;9;;;11535;6;11539;21;;;11529.5;0.0
av_COFFEE_d3;44100;ASH_COATED_OSMIUM;9909;11;9905;20;;;9915;12;9919;21;;;9912.0;0.0
av_COFFEE_d3;44100;INTARIAN_PEPPER_ROOT;11529;17;11526;20;;;11535;12;11539;30;;;11532.0;0.0
av_COFFEE_d3;44200;ASH_COATED_OSMIUM;9908;15;9904;28;;;9914;20;9918;26;;;9911.0;0.0
av_COFFEE_d3;44200;INTARIAN_PEPPER_ROOT;11530;22;11528;24;;;11536;15;11538;23;;;11533.0;0.0
av_COFFEE_d3;44300;ASH_COATED_OSMIUM;9908;17;9905;16;;;9914;21;9918;19;;;9911.0;0.0
av_COFFEE_d3;44300;INTARIAN_PEPPER_ROOT;11520;16;11516;20;;;11550;10;11554;20;;;11535.0;0.0
av_COFFEE_d3;44400;ASH_COATED_OSMIUM;9908;21;9904;8;;;9914;12;9916;25;;;9911.0;0.0
av_COFFEE_d3;44400;INTARIAN_PEPPER_ROOT;11535;13;11532;27;;;11541;24;11544;22;;;11538.0;0.0
av_COFFEE_d3;44500;ASH_COATED_OSMIUM;9908;15;9906;27;;;9915;5;9918;18;;;9911.5;0.0
av_COFFEE_d3;44500;INTARIAN_PEPPER_ROOT;11532;12;11529;20;;;11546;21;11550;19;;;11539.0;0.0
av_COFFEE_d3;44600;ASH_COATED_OSMIUM;9905;12;9902;24;;;9916;19;9919;11;;;9910.5;0.0
av_COFFEE_d3;44600;INTARIAN_PEPPER_ROOT;11535;20;11532;20;;;11549;20;11551;27;;;11542.0;0.0
av_COFFEE_d3;44700;ASH_COATED_OSMIUM;9902;23;9900;27;;;9921;15;9923;17;;;9911.5;0.0
av_COFFEE_d3;44700;INTARIAN_PEPPER_ROOT;11539;20;11535;23;;;11550;13;11554;18;;;11544.5;0.0
av_COFFEE_d3;44800;ASH_COATED_OSMIUM;9908;10;9905;21;;;9914;6;9916;17;;;9911.0;0.0
av_COFFEE_d3;44800;INTARIAN_PEPPER_ROOT;11543;14;11539;19;;;11549;13;11552;20;;;11546.0;0.0
av_COFFEE_d3;44900;ASH_COATED_OSMIUM;9908;13;9904;25;;;9914;26;9916;20;;;9911.0;0.0
av_COFFEE_d3;44900;INTARIAN_PEPPER_ROOT;11545;19;11542;20;;;11551;17;11553;18;;;11548.0;0.0
av_COFFEE_d3;45000;ASH_COATED_OSMIUM;9907;27;9903;16;;;9914;15;9916;13;;;9910.5;0.0
av_COFFEE_d3;45000;INTARIAN_PEPPER_ROOT;11547;17;11544;21;;;11553;18;11557;14;;;11550.0;0.0
av_COFFEE_d3;45100;ASH_COATED_OSMIUM;9907;12;9904;28;;;9913;17;9917;20;;;9910.0;0.0
av_COFFEE_d3;45100;INTARIAN_PEPPER_ROOT;11549;10;11547;21;;;11555;6;11559;24;;;11552.0;0.0
av_COFFEE_d3;45200;ASH_COATED_OSMIUM;9907;20;9903;26;;;9913;15;9916;15;;;9910.0;0.0
av_COFFEE_d3;45200;INTARIAN_PEPPER_ROOT;11551;20;11547;14;;;11557;11;11559;13;;;11554.0;0.0
av_COFFEE_d3;45300;ASH_COATED_OSMIUM;9907;18;9905;20;;;9913;15;9915;20;;;9910.0;0.0
av_COFFEE_d3;45300;INTARIAN_PEPPER_ROOT;11553;19;11551;15;;;11561;6;11564;18;;;11557.0;0.0
av_COFFEE_d3;45400;ASH_COATED_OSMIUM;9900;18;9898;17;;;9920;14;9924;20;;;9910.0;0.0
av_COFFEE_d3;45400;INTARIAN_PEPPER_ROOT;11554;17;11552;16;;;11564;16;11568;22;;;11559.0;0.0
av_COFFEE_d3;45500;ASH_COATED_OSMIUM;9906;22;9902;24;;;9912;13;9916;21;;;9909.0;0.0
av_COFFEE_d3;45500;INTARIAN_PEPPER_ROOT;11556;18;11553;14;;;11565;5;11569;22;;;11560.5;0.0
av_COFFEE_d3;45600;ASH_COATED_OSMIUM;9906;18;9902;28;;;9912;14;9914;20;;;9909.0;0.0
av_COFFEE_d3;45600;INTARIAN_PEPPER_ROOT;11557;14;11553;21;;;11569;14;11572;13;;;11563.0;0.0
av_COFFEE_d3;45700;ASH_COATED_OSMIUM;9906;18;9904;17;;;9912;16;9914;25;;;9909.0;0.0
av_COFFEE_d3;45700;INTARIAN_PEPPER_ROOT;11562;16;11560;16;;;11568;18;11571;26;;;11565.0;0.0
av_COFFEE_d3;45800;ASH_COATED_OSMIUM;9903;17;9900;22;;;9915;16;9919;26;;;9909.0;0.0
av_COFFEE_d3;45800;INTARIAN_PEPPER_ROOT;11565;6;11561;13;;;11571;12;11574;26;;;11568.0;0.0
av_COFFEE_d3;45900;ASH_COATED_OSMIUM;9900;17;9898;19;;;9918;18;9920;19;;;9909.0;0.0
av_COFFEE_d3;45900;INTARIAN_PEPPER_ROOT;11567;13;11565;26;;;11573;10;11576;19;;;11570.0;0.0
av_COFFEE_d3;46000;ASH_COATED_OSMIUM;9893;11;9889;18;;;9924;13;9926;28;;;9908.5;0.0
av_COFFEE_d3;46000;INTARIAN_PEPPER_ROOT;11566;10;11564;19;;;11576;20;11579;29;;;11571.0;0.0
av_COFFEE_d3;46100;ASH_COATED_OSMIUM;9905;12;9901;26;;;9911;19;9913;31;;;9908.0;0.0
av_COFFEE_d3;46100;INTARIAN_PEPPER_ROOT;11570;23;11566;14;;;11576;15;11579;23;;;11573.0;0.0
av_COFFEE_d3;46200;ASH_COATED_OSMIUM;9885;18;9883;23;;;9930;13;9933;12;;;9907.5;0.0
av_COFFEE_d3;46200;INTARIAN_PEPPER_ROOT;11573;16;11571;27;;;11579;11;11582;25;;;11576.0;0.0
av_COFFEE_d3;46300;ASH_COATED_OSMIUM;9904;14;9901;19;;;9913;17;9917;23;;;9908.5;0.0
av_COFFEE_d3;46300;INTARIAN_PEPPER_ROOT;11575;21;11571;20;;;11581;13;11585;21;;;11578.0;0.0
av_COFFEE_d3;46400;ASH_COATED_OSMIUM;9903;13;9899;23;;;9913;15;9916;25;;;9908.0;0.0
av_COFFEE_d3;46400;INTARIAN_PEPPER_ROOT;11573;11;11571;18;;;11586;12;11589;16;;;11579.5;0.0
av_COFFEE_d3;46500;ASH_COATED_OSMIUM;9904;18;9900;20;;;9912;16;9915;29;;;9908.0;0.0
av_COFFEE_d3;46500;INTARIAN_PEPPER_ROOT;11579;21;11575;16;;;11585;15;11589;19;;;11582.0;0.0
av_COFFEE_d3;46600;ASH_COATED_OSMIUM;9904;17;9902;21;;;9910;9;9913;19;;;9907.0;0.0
av_COFFEE_d3;46600;INTARIAN_PEPPER_ROOT;11580;15;11578;13;;;11589;21;11592;18;;;11584.5;0.0
av_COFFEE_d3;46700;ASH_COATED_OSMIUM;9904;20;9900;22;;;9910;19;9913;29;;;9907.0;0.0
av_COFFEE_d3;46700;INTARIAN_PEPPER_ROOT;11583;14;11579;22;;;11589;10;11591;16;;;11586.0;0.0
av_COFFEE_d3;46800;ASH_COATED_OSMIUM;9904;8;9901;15;;;9910;24;9913;20;;;9907.0;0.0
av_COFFEE_d3;46800;INTARIAN_PEPPER_ROOT;11585;7;11581;12;;;11591;17;11594;27;;;11588.0;0.0
av_COFFEE_d3;46900;ASH_COATED_OSMIUM;9904;16;9901;18;;;9910;15;9912;19;;;9907.0;0.0
av_COFFEE_d3;46900;INTARIAN_PEPPER_ROOT;11588;8;11584;24;;;11594;19;11598;27;;;11591.0;0.0
av_COFFEE_d3;47000;ASH_COATED_OSMIUM;9904;16;9902;13;;;9910;14;9912;23;;;9907.0;0.0
av_COFFEE_d3;47000;INTARIAN_PEPPER_ROOT;11590;17;11588;22;;;11596;13;11598;23;;;11593.0;0.0
av_COFFEE_d3;47100;ASH_COATED_OSMIUM;9901;7;9898;20;;;9913;14;9917;8;;;9907.0;0.0
av_COFFEE_d3;47100;INTARIAN_PEPPER_ROOT;11592;19;11588;9;;;11598;14;11600;17;;;11595.0;0.0
av_COFFEE_d3;47200;ASH_COATED_OSMIUM;9901;10;9898;18;;;9912;20;9914;21;;;9906.5;0.0
av_COFFEE_d3;47200;INTARIAN_PEPPER_ROOT;11593;20;11591;23;;;11599;16;11601;19;;;11596.0;0.0
av_COFFEE_d3;47300;ASH_COATED_OSMIUM;9903;12;9899;26;;;9909;6;9911;24;;;9906.0;0.0
av_COFFEE_d3;47300;INTARIAN_PEPPER_ROOT;11595;14;11592;20;;;11601;16;11605;32;;;11598.0;0.0
av_COFFEE_d3;47400;ASH_COATED_OSMIUM;9890;14;9886;15;;;9922;15;9925;27;;;9906.0;0.0
av_COFFEE_d3;47400;INTARIAN_PEPPER_ROOT;11597;13;11595;16;;;11603;11;11605;24;;;11600.0;0.0
av_COFFEE_d3;47500;ASH_COATED_OSMIUM;9899;10;9896;14;;;9913;15;9916;17;;;9906.0;0.0
av_COFFEE_d3;47500;INTARIAN_PEPPER_ROOT;11601;18;11598;16;;;11607;13;11610;20;;;11604.0;0.0
av_COFFEE_d3;47600;ASH_COATED_OSMIUM;9902;9;9899;18;;;9908;17;9910;15;;;9905.0;0.0
av_COFFEE_d3;47600;INTARIAN_PEPPER_ROOT;11602;14;11598;16;;;11608;25;11610;14;;;11605.0;0.0
av_COFFEE_d3;47700;ASH_COATED_OSMIUM;9897;23;9895;29;;;9914;24;9918;20;;;9905.5;0.0
av_COFFEE_d3;47700;INTARIAN_PEPPER_ROOT;11605;12;11603;9;;;11611;14;11614;17;;;11608.0;0.0
av_COFFEE_d3;47800;ASH_COATED_OSMIUM;9902;12;9900;16;;;9908;15;9911;19;;;9905.0;0.0
av_COFFEE_d3;47800;INTARIAN_PEPPER_ROOT;11606;7;11602;20;;;11612;11;11614;21;;;11609.0;0.0
av_COFFEE_d3;47900;ASH_COATED_OSMIUM;9903;13;9900;18;;;9909;16;9913;22;;;9906.0;0.0
av_COFFEE_d3;47900;INTARIAN_PEPPER_ROOT;11602;15;11599;18;;;11620;17;11623;18;;;11611.0;0.0
av_COFFEE_d3;48000;ASH_COATED_OSMIUM;9899;17;9897;16;;;9910;16;9912;29;;;9904.5;0.0
av_COFFEE_d3;48000;INTARIAN_PEPPER_ROOT;11611;10;11607;22;;;11617;17;11619;20;;;11614.0;0.0
av_COFFEE_d3;48100;ASH_COATED_OSMIUM;9902;16;9898;17;;;9908;5;9910;15;;;9905.0;0.0
av_COFFEE_d3;48100;INTARIAN_PEPPER_ROOT;11613;14;11611;22;;;11619;15;11623;21;;;11616.0;0.0
av_COFFEE_d3;48200;ASH_COATED_OSMIUM;9901;21;9899;21;;;9907;28;9909;18;;;9904.0;0.0
av_COFFEE_d3;48200;INTARIAN_PEPPER_ROOT;11615;14;11611;20;;;11621;25;11625;27;;;11618.0;0.0
av_COFFEE_d3;48300;ASH_COATED_OSMIUM;9901;9;9899;13;;;9909;12;9911;18;;;9905.0;0.0
av_COFFEE_d3;48300;INTARIAN_PEPPER_ROOT;11617;19;11613;16;;;11623;20;11626;19;;;11620.0;0.0
av_COFFEE_d3;48400;ASH_COATED_OSMIUM;9897;9;9894;22;;;9911;17;9914;22;;;9904.0;0.0
av_COFFEE_d3;48400;INTARIAN_PEPPER_ROOT;11619;9;11617;21;;;11625;19;11629;23;;;11622.0;0.0
av_COFFEE_d3;48500;ASH_COATED_OSMIUM;9901;8;9897;19;;;9907;15;9911;19;;;9904.0;0.0
av_COFFEE_d3;48500;INTARIAN_PEPPER_ROOT;11621;12;11617;24;;;11627;21;11631;16;;;11624.0;0.0
av_COFFEE_d3;48600;ASH_COATED_OSMIUM;9901;21;9897;17;;;9907;11;9910;21;;;9904.0;0.0
av_COFFEE_d3;48600;INTARIAN_PEPPER_ROOT;11623;17;11620;15;;;11631;13;11634;16;;;11627.0;0.0
av_COFFEE_d3;48700;ASH_COATED_OSMIUM;9895;13;9891;21;;;9913;20;9917;22;;;9904.0;0.0
av_COFFEE_d3;48700;INTARIAN_PEPPER_ROOT;11624;7;11622;21;;;11633;16;11637;18;;;11628.5;0.0
av_COFFEE_d3;48800;ASH_COATED_OSMIUM;9901;8;9898;21;;;9907;20;9909;27;;;9904.0;0.0
av_COFFEE_d3;48800;INTARIAN_PEPPER_ROOT;11628;6;11625;11;;;11634;24;11637;19;;;11631.0;0.0
av_COFFEE_d3;48900;ASH_COATED_OSMIUM;9897;11;9895;10;;;9910;24;9913;14;;;9903.5;0.0
av_COFFEE_d3;48900;INTARIAN_PEPPER_ROOT;11629;12;11626;25;;;11636;18;11640;22;;;11632.5;0.0
av_COFFEE_d3;49000;ASH_COATED_OSMIUM;9899;5;9897;11;;;9907;12;9911;8;;;9903.0;0.0
av_COFFEE_d3;49000;INTARIAN_PEPPER_ROOT;11632;21;11629;8;;;11638;15;11640;23;;;11635.0;0.0
av_COFFEE_d3;49100;ASH_COATED_OSMIUM;9898;15;9896;11;;;9907;7;9911;27;;;9902.5;0.0
av_COFFEE_d3;49100;INTARIAN_PEPPER_ROOT;11634;11;11631;16;;;11640;8;11642;21;;;11637.0;0.0
av_COFFEE_d3;49200;ASH_COATED_OSMIUM;9897;9;9893;22;;;9909;16;9912;17;;;9903.0;0.0
av_COFFEE_d3;49200;INTARIAN_PEPPER_ROOT;11637;17;11634;20;;;11643;14;11645;20;;;11640.0;0.0
av_COFFEE_d3;49300;ASH_COATED_OSMIUM;9899;7;9895;10;;;9905;14;9908;12;;;9902.0;0.0
av_COFFEE_d3;49300;INTARIAN_PEPPER_ROOT;11638;17;11636;16;;;11644;13;11647;22;;;11641.0;0.0
av_COFFEE_d3;49400;ASH_COATED_OSMIUM;9900;16;9897;24;;;9906;7;9908;9;;;9903.0;0.0
av_COFFEE_d3;49400;INTARIAN_PEPPER_ROOT;11640;11;11638;18;;;11646;11;11650;21;;;11643.0;0.0
av_COFFEE_d3;49500;ASH_COATED_OSMIUM;9895;10;9891;19;;;9909;12;9911;19;;;9902.0;0.0
av_COFFEE_d3;49500;INTARIAN_PEPPER_ROOT;11636;8;11634;24;;;11655;12;11658;18;;;11645.5;0.0
av_COFFEE_d3;49600;ASH_COATED_OSMIUM;9898;12;9895;22;;;9908;8;9912;21;;;9903.0;0.0
av_COFFEE_d3;49600;INTARIAN_PEPPER_ROOT;11641;25;11638;30;;;11654;23;11657;20;;;11647.5;0.0
av_COFFEE_d3;49700;ASH_COATED_OSMIUM;9899;5;9897;15;;;9905;10;9908;20;;;9902.0;0.0
av_COFFEE_d3;49700;INTARIAN_PEPPER_ROOT;11643;5;11641;23;;;11657;9;11660;20;;;11650.0;0.0
av_COFFEE_d3;49800;ASH_COATED_OSMIUM;9898;22;9896;27;;;9905;20;9908;28;;;9901.5;0.0
av_COFFEE_d3;49800;INTARIAN_PEPPER_ROOT;11649;11;11646;16;;;11655;15;11658;20;;;11652.0;0.0
av_COFFEE_d3;49900;ASH_COATED_OSMIUM;9898;7;9895;18;;;9904;15;9906;24;;;9901.0;0.0
av_COFFEE_d3;49900;INTARIAN_PEPPER_ROOT;11651;13;11647;18;;;11657;14;11660;16;;;11654.0;0.0
av_COFFEE_d3;50000;ASH_COATED_OSMIUM;9898;14;9895;25;;;9904;12;9907;35;;;9901.0;0.0
av_COFFEE_d3;50000;INTARIAN_PEPPER_ROOT;11647;14;11644;20;;;11665;14;11667;24;;;11656.0;0.0
av_COFFEE_d3;50100;ASH_COATED_OSMIUM;9893;9;9890;21;;;9909;8;9911;26;;;9901.0;0.0
av_COFFEE_d3;50100;INTARIAN_PEPPER_ROOT;11656;18;11654;18;;;11662;21;11664;14;;;11659.0;0.0
av_COFFEE_d3;50200;ASH_COATED_OSMIUM;9898;12;9895;18;;;9904;16;9908;18;;;9901.0;0.0
av_COFFEE_d3;50200;INTARIAN_PEPPER_ROOT;11652;19;11648;23;;;11669;14;11672;22;;;11660.5;0.0
av_COFFEE_d3;50300;ASH_COATED_OSMIUM;9897;16;9895;17;;;9903;5;9906;26;;;9900.0;0.0
av_COFFEE_d3;50300;INTARIAN_PEPPER_ROOT;11659;21;11657;21;;;11665;17;11669;19;;;11662.0;0.0
av_COFFEE_d3;50400;ASH_COATED_OSMIUM;9898;11;9894;13;;;9904;10;9908;16;;;9901.0;0.0
av_COFFEE_d3;50400;INTARIAN_PEPPER_ROOT;11662;21;11658;17;;;11668;18;11670;22;;;11665.0;0.0
av_COFFEE_d3;50500;ASH_COATED_OSMIUM;9898;19;9895;11;;;9904;16;9908;17;;;9901.0;0.0
av_COFFEE_d3;50500;INTARIAN_PEPPER_ROOT;11659;15;11656;28;;;11675;15;11677;21;;;11667.0;0.0
av_COFFEE_d3;50600;ASH_COATED_OSMIUM;9896;8;9894;25;;;9904;5;9906;23;;;9900.0;0.0
av_COFFEE_d3;50600;INTARIAN_PEPPER_ROOT;11665;13;11662;21;;;11672;17;11676;13;;;11668.5;0.0
av_COFFEE_d3;50700;ASH_COATED_OSMIUM;9896;28;9893;12;;;9902;18;9905;19;;;9899.0;0.0
av_COFFEE_d3;50700;INTARIAN_PEPPER_ROOT;11664;14;11661;19;;;11678;12;11681;24;;;11671.0;0.0
av_COFFEE_d3;50800;ASH_COATED_OSMIUM;9897;10;9893;20;;;9903;13;9905;28;;;9900.0;0.0
av_COFFEE_d3;50800;INTARIAN_PEPPER_ROOT;11670;18;11666;20;;;11676;15;11680;27;;;11673.0;0.0
av_COFFEE_d3;50900;ASH_COATED_OSMIUM;9893;17;9890;21;;;9906;20;9909;14;;;9899.5;0.0
av_COFFEE_d3;50900;INTARIAN_PEPPER_ROOT;11671;24;11669;25;;;11683;5;11685;21;;;11677.0;0.0
av_COFFEE_d3;51000;ASH_COATED_OSMIUM;9897;7;9894;16;;;9903;12;9905;19;;;9900.0;0.0
av_COFFEE_d3;51000;INTARIAN_PEPPER_ROOT;11669;11;11665;20;;;11694;9;11696;21;;;11681.5;0.0
av_COFFEE_d3;51100;ASH_COATED_OSMIUM;9897;15;9894;17;;;9903;15;9905;25;;;9900.0;0.0
av_COFFEE_d3;51100;INTARIAN_PEPPER_ROOT;11684;12;11682;26;;;11690;5;11692;14;;;11687.0;0.0
av_COFFEE_d3;51200;ASH_COATED_OSMIUM;9898;19;9896;15;;;9904;23;9907;22;;;9901.0;0.0
av_COFFEE_d3;51200;INTARIAN_PEPPER_ROOT;11683;16;11681;12;;;11702;9;11704;15;;;11692.5;0.0
av_COFFEE_d3;51300;ASH_COATED_OSMIUM;9897;23;9893;15;;;9903;17;9907;27;;;9900.0;0.0
av_COFFEE_d3;51300;INTARIAN_PEPPER_ROOT;11694;16;11690;22;;;11701;19;11704;22;;;11697.5;0.0
av_COFFEE_d3;51400;ASH_COATED_OSMIUM;9898;13;9896;18;;;9904;14;9906;20;;;9901.0;0.0
av_COFFEE_d3;51400;INTARIAN_PEPPER_ROOT;11700;24;11697;24;;;11706;20;11709;12;;;11703.0;0.0
av_COFFEE_d3;51500;ASH_COATED_OSMIUM;9898;9;9895;22;;;9904;18;9907;22;;;9901.0;0.0
av_COFFEE_d3;51500;INTARIAN_PEPPER_ROOT;11702;17;11698;18;;;11713;18;11717;26;;;11707.5;0.0
av_COFFEE_d3;51600;ASH_COATED_OSMIUM;9898;21;9896;15;;;9904;8;9908;19;;;9901.0;0.0
av_COFFEE_d3;51600;INTARIAN_PEPPER_ROOT;11706;18;11704;27;;;11719;18;11722;16;;;11712.5;0.0
av_COFFEE_d3;51700;ASH_COATED_OSMIUM;9897;14;9894;29;;;9905;16;9907;19;;;9901.0;0.0
av_COFFEE_d3;51700;INTARIAN_PEPPER_ROOT;11715;17;11713;21;;;11721;16;11724;16;;;11718.0;0.0
av_COFFEE_d3;51800;ASH_COATED_OSMIUM;9899;11;9896;9;;;9905;17;9907;15;;;9902.0;0.0
av_COFFEE_d3;51800;INTARIAN_PEPPER_ROOT;11716;13;11713;33;;;11730;17;11734;23;;;11723.0;0.0
av_COFFEE_d3;51900;ASH_COATED_OSMIUM;9888;17;9886;11;;;9915;9;9918;14;;;9901.5;0.0
av_COFFEE_d3;51900;INTARIAN_PEPPER_ROOT;11725;11;11723;20;;;11731;10;11735;20;;;11728.0;0.0
av_COFFEE_d3;52000;ASH_COATED_OSMIUM;9896;9;9894;20;;;9907;14;9909;18;;;9901.5;0.0
av_COFFEE_d3;52000;INTARIAN_PEPPER_ROOT;11720;12;11718;19;;;11746;16;11748;12;;;11733.0;0.0
av_COFFEE_d3;52100;ASH_COATED_OSMIUM;9887;13;9885;21;;;9918;9;9920;21;;;9902.5;0.0
av_COFFEE_d3;52100;INTARIAN_PEPPER_ROOT;11735;12;11732;22;;;11741;19;11743;15;;;11738.0;0.0
av_COFFEE_d3;52200;ASH_COATED_OSMIUM;9900;19;9897;23;;;9906;6;9909;19;;;9903.0;0.0
av_COFFEE_d3;52200;INTARIAN_PEPPER_ROOT;11740;12;11736;21;;;11746;16;11748;19;;;11743.0;0.0
av_COFFEE_d3;52300;ASH_COATED_OSMIUM;9891;20;9889;24;;;9916;14;9919;17;;;9903.5;0.0
av_COFFEE_d3;52300;INTARIAN_PEPPER_ROOT;11741;16;11739;17;;;11754;6;11757;23;;;11747.5;0.0
av_COFFEE_d3;52400;ASH_COATED_OSMIUM;9900;12;9898;15;;;9906;19;9909;14;;;9903.0;0.0
av_COFFEE_d3;52400;INTARIAN_PEPPER_ROOT;11750;12;11746;21;;;11756;8;11759;28;;;11753.0;0.0
av_COFFEE_d3;52500;ASH_COATED_OSMIUM;9900;8;9896;18;;;9906;15;9908;22;;;9903.0;0.0
av_COFFEE_d3;52500;INTARIAN_PEPPER_ROOT;11755;16;11752;11;;;11761;10;11765;15;;;11758.0;0.0
av_COFFEE_d3;52600;ASH_COATED_OSMIUM;9901;12;9897;20;;;9907;10;9909;25;;;9904.0;0.0
av_COFFEE_d3;52600;INTARIAN_PEPPER_ROOT;11759;8;11755;24;;;11768;23;11772;21;;;11763.5;0.0
av_COFFEE_d3;52700;ASH_COATED_OSMIUM;9897;27;9893;12;;;9911;11;9913;15;;;9904.0;0.0
av_COFFEE_d3;52700;INTARIAN_PEPPER_ROOT;11764;26;11762;23;;;11774;28;11777;21;;;11769.0;0.0
av_COFFEE_d3;52800;ASH_COATED_OSMIUM;9901;23;9897;17;;;9907;18;9911;27;;;9904.0;0.0
av_COFFEE_d3;52800;INTARIAN_PEPPER_ROOT;11771;16;11769;32;;;11777;14;11781;20;;;11774.0;0.0
av_COFFEE_d3;52900;ASH_COATED_OSMIUM;9893;14;9890;17;;;9917;9;9921;30;;;9905.0;0.0
av_COFFEE_d3;52900;INTARIAN_PEPPER_ROOT;11774;21;11771;23;;;11782;16;11785;27;;;11778.0;0.0
av_COFFEE_d3;53000;ASH_COATED_OSMIUM;9901;12;9897;19;;;9907;16;9911;17;;;9904.0;0.0
av_COFFEE_d3;53000;INTARIAN_PEPPER_ROOT;11781;14;11778;17;;;11787;18;11790;11;;;11784.0;0.0
av_COFFEE_d3;53100;ASH_COATED_OSMIUM;9902;16;9899;13;;;9908;15;9911;14;;;9905.0;0.0
av_COFFEE_d3;53100;INTARIAN_PEPPER_ROOT;11785;15;11781;20;;;11791;7;11795;17;;;11788.0;0.0
av_COFFEE_d3;53200;ASH_COATED_OSMIUM;9902;14;9898;25;;;9908;19;9911;18;;;9905.0;0.0
av_COFFEE_d3;53200;INTARIAN_PEPPER_ROOT;11789;26;11786;9;;;11798;11;11802;16;;;11793.5;0.0
av_COFFEE_d3;53300;ASH_COATED_OSMIUM;9900;16;9898;14;;;9911;18;9913;19;;;9905.5;0.0
av_COFFEE_d3;53300;INTARIAN_PEPPER_ROOT;11796;12;11794;24;;;11802;18;11804;15;;;11799.0;0.0
av_COFFEE_d3;53400;ASH_COATED_OSMIUM;9902;11;9900;25;;;9908;12;9910;16;;;9905.0;0.0
av_COFFEE_d3;53400;INTARIAN_PEPPER_ROOT;11800;14;11798;24;;;11806;18;11809;19;;;11803.0;0.0
av_COFFEE_d3;53500;ASH_COATED_OSMIUM;9903;21;9901;15;;;9909;17;9912;18;;;9906.0;0.0
av_COFFEE_d3;53500;INTARIAN_PEPPER_ROOT;11806;15;11802;13;;;11813;5;11815;23;;;11809.5;0.0
av_COFFEE_d3;53600;ASH_COATED_OSMIUM;9902;19;9900;21;;;9908;19;9911;20;;;9905.0;0.0
av_COFFEE_d3;53600;INTARIAN_PEPPER_ROOT;11811;24;11809;17;;;11817;14;11821;26;;;11814.0;0.0
av_COFFEE_d3;53700;ASH_COATED_OSMIUM;9903;20;9899;17;;;9909;20;9911;15;;;9906.0;0.0
av_COFFEE_d3;53700;INTARIAN_PEPPER_ROOT;11811;13;11808;15;;;11827;20;11830;14;;;11819.0;0.0
av_COFFEE_d3;53800;ASH_COATED_OSMIUM;9896;15;9892;16;;;9917;12;9920;17;;;9906.5;0.0
av_COFFEE_d3;53800;INTARIAN_PEPPER_ROOT;11821;11;11819;18;;;11827;20;11830;18;;;11824.0;0.0
av_COFFEE_d3;53900;ASH_COATED_OSMIUM;9903;12;9899;17;;;9909;13;9912;17;;;9906.0;0.0
av_COFFEE_d3;53900;INTARIAN_PEPPER_ROOT;11824;5;11822;16;;;11834;22;11838;15;;;11829.0;0.0
av_COFFEE_d3;54000;ASH_COATED_OSMIUM;9899;21;9895;22;;;9914;16;9917;17;;;9906.5;0.0
av_COFFEE_d3;54000;INTARIAN_PEPPER_ROOT;11831;5;11828;24;;;11837;11;11840;14;;;11834.0;0.0
av_COFFEE_d3;54100;ASH_COATED_OSMIUM;9904;12;9900;8;;;9910;11;9913;17;;;9907.0;0.0
av_COFFEE_d3;54100;INTARIAN_PEPPER_ROOT;11825;20;11823;20;;;11854;15;11856;19;;;11839.5;0.0
av_COFFEE_d3;54200;ASH_COATED_OSMIUM;9904;14;9901;17;;;9910;14;9912;27;;;9907.0;0.0
av_COFFEE_d3;54200;INTARIAN_PEPPER_ROOT;11838;11;11836;20;;;11851;8;11855;28;;;11844.5;0.0
av_COFFEE_d3;54300;ASH_COATED_OSMIUM;9905;12;9901;21;;;9911;21;9913;28;;;9908.0;0.0
av_COFFEE_d3;54300;INTARIAN_PEPPER_ROOT;11846;18;11842;17;;;11852;22;11856;9;;;11849.0;0.0
av_COFFEE_d3;54400;ASH_COATED_OSMIUM;9905;23;9901;17;;;9911;12;9914;17;;;9908.0;0.0
av_COFFEE_d3;54400;INTARIAN_PEPPER_ROOT;11851;11;11848;19;;;11858;26;11861;20;;;11854.5;0.0
av_COFFEE_d3;54500;ASH_COATED_OSMIUM;9904;15;9900;23;;;9910;18;9913;14;;;9907.0;0.0
av_COFFEE_d3;54500;INTARIAN_PEPPER_ROOT;11852;10;11849;24;;;11867;5;11869;23;;;11859.5;0.0
av_COFFEE_d3;54600;ASH_COATED_OSMIUM;9902;13;9898;14;;;9914;15;9917;28;;;9908.0;0.0
av_COFFEE_d3;54600;INTARIAN_PEPPER_ROOT;11850;8;11846;16;;;11879;10;11883;22;;;11864.5;0.0
av_COFFEE_d3;54700;ASH_COATED_OSMIUM;9902;12;9898;24;;;9914;13;9918;19;;;9908.0;0.0
av_COFFEE_d3;54700;INTARIAN_PEPPER_ROOT;11863;18;11860;20;;;11876;11;11878;23;;;11869.5;0.0
av_COFFEE_d3;54800;ASH_COATED_OSMIUM;9906;19;9902;23;;;9912;14;9914;15;;;9909.0;0.0
av_COFFEE_d3;54800;INTARIAN_PEPPER_ROOT;11871;23;11867;19;;;11877;11;11880;18;;;11874.0;0.0
av_COFFEE_d3;54900;ASH_COATED_OSMIUM;9906;5;9904;18;;;9912;11;9914;22;;;9909.0;0.0
av_COFFEE_d3;54900;INTARIAN_PEPPER_ROOT;11869;23;11865;14;;;11890;17;11892;32;;;11879.5;0.0
av_COFFEE_d3;55000;ASH_COATED_OSMIUM;9906;15;9902;24;;;9912;17;9916;18;;;9909.0;0.0
av_COFFEE_d3;55000;INTARIAN_PEPPER_ROOT;11882;10;11878;20;;;11888;12;11891;16;;;11885.0;0.0
av_COFFEE_d3;55100;ASH_COATED_OSMIUM;9906;13;9903;10;;;9912;15;9915;19;;;9909.0;0.0
av_COFFEE_d3;55100;INTARIAN_PEPPER_ROOT;11886;17;11883;28;;;11894;18;11898;20;;;11890.0;0.0
av_COFFEE_d3;55200;ASH_COATED_OSMIUM;9906;20;9904;9;;;9912;11;9916;22;;;9909.0;0.0
av_COFFEE_d3;55200;INTARIAN_PEPPER_ROOT;11891;10;11888;15;;;11897;17;11899;14;;;11894.0;0.0
av_COFFEE_d3;55300;ASH_COATED_OSMIUM;9902;23;9898;19;;;9918;8;9922;23;;;9910.0;0.0
av_COFFEE_d3;55300;INTARIAN_PEPPER_ROOT;11897;16;11893;24;;;11903;11;11907;17;;;11900.0;0.0
av_COFFEE_d3;55400;ASH_COATED_OSMIUM;9907;19;9904;27;;;9913;10;9916;24;;;9910.0;0.0
av_COFFEE_d3;55400;INTARIAN_PEPPER_ROOT;11902;23;11899;13;;;11908;12;11911;15;;;11905.0;0.0
av_COFFEE_d3;55500;ASH_COATED_OSMIUM;9897;7;9895;13;;;9923;13;9927;21;;;9910.0;0.0
av_COFFEE_d3;55500;INTARIAN_PEPPER_ROOT;11906;14;11904;21;;;11916;9;11919;23;;;11911.0;0.0
av_COFFEE_d3;55600;ASH_COATED_OSMIUM;9907;14;9903;16;;;9913;15;9915;15;;;9910.0;0.0
av_COFFEE_d3;55600;INTARIAN_PEPPER_ROOT;11912;18;11910;21;;;11918;9;11920;14;;;11915.0;0.0
av_COFFEE_d3;55700;ASH_COATED_OSMIUM;9908;8;9906;21;;;9914;12;9917;15;;;9911.0;0.0
av_COFFEE_d3;55700;INTARIAN_PEPPER_ROOT;11917;8;11913;20;;;11923;11;11925;17;;;11920.0;0.0
av_COFFEE_d3;55800;ASH_COATED_OSMIUM;9907;9;9905;22;;;9914;10;9917;18;;;9910.5;0.0
av_COFFEE_d3;55800;INTARIAN_PEPPER_ROOT;11923;13;11921;15;;;11929;16;11932;16;;;11926.0;0.0
av_COFFEE_d3;55900;ASH_COATED_OSMIUM;9908;13;9904;19;;;9914;8;9916;13;;;9911.0;0.0
av_COFFEE_d3;55900;INTARIAN_PEPPER_ROOT;11927;9;11923;29;;;11933;14;11937;9;;;11930.0;0.0
av_COFFEE_d3;56000;ASH_COATED_OSMIUM;9900;10;9898;22;;;9922;7;9924;19;;;9911.0;0.0
av_COFFEE_d3;56000;INTARIAN_PEPPER_ROOT;11932;20;11930;22;;;11938;18;11941;19;;;11935.0;0.0
av_COFFEE_d3;56100;ASH_COATED_OSMIUM;9902;12;9899;25;;;9919;16;9922;24;;;9910.5;0.0
av_COFFEE_d3;56100;INTARIAN_PEPPER_ROOT;11938;23;11935;21;;;11944;15;11947;18;;;11941.0;0.0
av_COFFEE_d3;56200;ASH_COATED_OSMIUM;9905;16;9903;16;;;9918;13;9922;19;;;9911.5;0.0
av_COFFEE_d3;56200;INTARIAN_PEPPER_ROOT;11942;19;11940;29;;;11948;17;11950;19;;;11945.0;0.0
av_COFFEE_d3;56300;ASH_COATED_OSMIUM;9908;17;9905;17;;;9914;15;9916;17;;;9911.0;0.0
av_COFFEE_d3;56300;INTARIAN_PEPPER_ROOT;11945;15;11941;17;;;11957;18;11960;20;;;11951.0;0.0
av_COFFEE_d3;56400;ASH_COATED_OSMIUM;9909;6;9905;22;;;9915;7;9917;20;;;9912.0;0.0
av_COFFEE_d3;56400;INTARIAN_PEPPER_ROOT;11953;16;11949;20;;;11959;16;11961;21;;;11956.0;0.0
av_COFFEE_d3;56500;ASH_COATED_OSMIUM;9904;6;9901;22;;;9921;19;9923;19;;;9912.5;0.0
av_COFFEE_d3;56500;INTARIAN_PEPPER_ROOT;11958;20;11954;20;;;11964;17;11967;15;;;11961.0;0.0
av_COFFEE_d3;56600;ASH_COATED_OSMIUM;9909;12;9906;16;;;9915;8;9918;15;;;9912.0;0.0
av_COFFEE_d3;56600;INTARIAN_PEPPER_ROOT;11962;7;11958;27;;;11969;6;11973;21;;;11965.5;0.0
av_COFFEE_d3;56700;ASH_COATED_OSMIUM;9904;9;9902;12;;;9921;13;9925;16;;;9912.5;0.0
av_COFFEE_d3;56700;INTARIAN_PEPPER_ROOT;11968;25;11965;18;;;11974;6;11976;30;;;11971.0;0.0
av_COFFEE_d3;56800;ASH_COATED_OSMIUM;9901;16;9899;24;;;9924;8;9926;31;;;9912.5;0.0
av_COFFEE_d3;56800;INTARIAN_PEPPER_ROOT;11969;11;11967;23;;;11983;14;11986;18;;;11976.0;0.0
av_COFFEE_d3;56900;ASH_COATED_OSMIUM;9910;27;9908;16;;;9917;20;9921;21;;;9913.5;0.0
av_COFFEE_d3;56900;INTARIAN_PEPPER_ROOT;11977;10;11975;27;;;11986;15;11990;20;;;11981.5;0.0
av_COFFEE_d3;57000;ASH_COATED_OSMIUM;9910;20;9908;19;;;9916;12;9919;29;;;9913.0;0.0
