day;timestamp;product;bid_price_1;bid_volume_1;bid_price_2;bid_volume_2;bid_price_3;bid_volume_3;ask_price_1;ask_volume_1;ask_price_2;ask_volume_2;ask_price_3;ask_volume_3;mid_price;profit_and_loss
yf_ZC=F_d5;0;ASH_COATED_OSMIUM;9907;18;9904;17;;;9913;10;9915;18;;;9910.0;0.0
yf_ZC=F_d5;0;INTARIAN_PEPPER_ROOT;10494;7;10490;19;;;10500;16;10502;19;;;10497.0;0.0
yf_ZC=F_d5;100;ASH_COATED_OSMIUM;9907;12;9904;16;;;9913;11;9917;20;;;9910.0;0.0
yf_ZC=F_d5;100;INTARIAN_PEPPER_ROOT;10495;5;10492;18;;;10501;22;10505;16;;;10498.0;0.0
yf_ZC=F_d5;200;ASH_COATED_OSMIUM;9908;20;9904;17;;;9914;8;9917;20;;;9911.0;0.0
yf_ZC=F_d5;200;INTARIAN_PEPPER_ROOT;10494;5;10490;20;;;10500;18;10502;21;;;10497.0;0.0
yf_ZC=F_d5;300;ASH_COATED_OSMIUM;9905;16;9901;14;;;9916;20;9919;23;;;9910.5;0.0
yf_ZC=F_d5;300;INTARIAN_PEPPER_ROOT;10492;18;10488;18;;;10502;6;10505;18;;;10497.0;0.0
yf_ZC=F_d5;400;ASH_COATED_OSMIUM;9908;18;9906;19;;;9914;11;9916;22;;;9911.0;0.0
yf_ZC=F_d5;400;INTARIAN_PEPPER_ROOT;10493;15;10490;27;;;10499;13;10503;14;;;10496.0;0.0
yf_ZC=F_d5;500;ASH_COATED_OSMIUM;9903;12;9901;10;;;9918;18;9921;20;;;9910.5;0.0
yf_ZC=F_d5;500;INTARIAN_PEPPER_ROOT;10493;5;10489;18;;;10499;14;10501;23;;;10496.0;0.0
yf_ZC=F_d5;600;ASH_COATED_OSMIUM;9908;9;9905;30;;;9914;13;9916;18;;;9911.0;0.0
yf_ZC=F_d5;600;INTARIAN_PEPPER_ROOT;10487;13;10483;13;;;10504;19;10507;16;;;10495.5;0.0
yf_ZC=F_d5;700;ASH_COATED_OSMIUM;9907;17;9905;19;;;9914;14;9917;19;;;9910.5;0.0
yf_ZC=F_d5;700;INTARIAN_PEPPER_ROOT;10492;19;10489;18;;;10498;12;10501;15;;;10495.0;0.0
yf_ZC=F_d5;800;ASH_COATED_OSMIUM;9907;17;9903;21;;;9914;14;9917;13;;;9910.5;0.0
yf_ZC=F_d5;800;INTARIAN_PEPPER_ROOT;10492;19;10490;24;;;10498;23;10502;16;;;10495.0;0.0
yf_ZC=F_d5;900;ASH_COATED_OSMIUM;9908;9;9905;17;;;9914;19;9917;20;;;9911.0;0.0
yf_ZC=F_d5;900;INTARIAN_PEPPER_ROOT;10475;14;10472;14;;;10513;29;10515;19;;;10494.0;0.0
yf_ZC=F_d5;1000;ASH_COATED_OSMIUM;9904;9;9900;26;;;9918;24;9920;25;;;9911.0;0.0
yf_ZC=F_d5;1000;INTARIAN_PEPPER_ROOT;10488;9;10486;14;;;10498;20;10501;18;;;10493.0;0.0
yf_ZC=F_d5;1100;ASH_COATED_OSMIUM;9898;14;9894;20;;;9923;13;9925;19;;;9910.5;0.0
yf_ZC=F_d5;1100;INTARIAN_PEPPER_ROOT;10489;18;10486;28;;;10498;17;10500;13;;;10493.5;0.0
yf_ZC=F_d5;1200;ASH_COATED_OSMIUM;9907;14;9904;12;;;9914;13;9916;19;;;9910.5;0.0
yf_ZC=F_d5;1200;INTARIAN_PEPPER_ROOT;10490;22;10488;17;;;10496;19;10499;31;;;10493.0;0.0
yf_ZC=F_d5;1300;ASH_COATED_OSMIUM;9908;8;9906;20;;;9914;12;9916;23;;;9911.0;0.0
yf_ZC=F_d5;1300;INTARIAN_PEPPER_ROOT;10487;17;10483;22;;;10498;12;10500;17;;;10492.5;0.0
yf_ZC=F_d5;1400;ASH_COATED_OSMIUM;9906;19;9902;14;;;9917;22;9920;22;;;9911.5;0.0
yf_ZC=F_d5;1400;INTARIAN_PEPPER_ROOT;10489;13;10487;18;;;10495;13;10497;21;;;10492.0;0.0
yf_ZC=F_d5;1500;ASH_COATED_OSMIUM;9908;21;9905;18;;;9914;5;9918;25;;;9911.0;0.0
yf_ZC=F_d5;1500;INTARIAN_PEPPER_ROOT;10487;17;10483;22;;;10495;19;10499;11;;;10491.0;0.0
yf_ZC=F_d5;1600;ASH_COATED_OSMIUM;9897;16;9894;26;;;9925;19;9928;18;;;9911.0;0.0
yf_ZC=F_d5;1600;INTARIAN_PEPPER_ROOT;10488;5;10485;16;;;10494;8;10498;18;;;10491.0;0.0
yf_ZC=F_d5;1700;ASH_COATED_OSMIUM;9909;13;9905;21;;;9915;19;9918;8;;;9912.0;0.0
yf_ZC=F_d5;1700;INTARIAN_PEPPER_ROOT;10487;26;10483;28;;;10495;14;10499;20;;;10491.0;0.0
yf_ZC=F_d5;1800;ASH_COATED_OSMIUM;9904;12;9902;19;;;9919;9;9923;18;;;9911.5;0.0
yf_ZC=F_d5;1800;INTARIAN_PEPPER_ROOT;10487;9;10483;17;;;10493;16;10496;23;;;10490.0;0.0
yf_ZC=F_d5;1900;ASH_COATED_OSMIUM;9906;13;9903;29;;;9917;15;9919;14;;;9911.5;0.0
yf_ZC=F_d5;1900;INTARIAN_PEPPER_ROOT;10486;14;10483;23;;;10493;22;10497;19;;;10489.5;0.0
yf_ZC=F_d5;2000;ASH_COATED_OSMIUM;9909;12;9905;16;;;9915;15;9917;31;;;9912.0;0.0
yf_ZC=F_d5;2000;INTARIAN_PEPPER_ROOT;10486;15;10483;11;;;10492;13;10495;31;;;10489.0;0.0
yf_ZC=F_d5;2100;ASH_COATED_OSMIUM;9908;17;9906;25;;;9914;5;9917;28;;;9911.0;0.0
yf_ZC=F_d5;2100;INTARIAN_PEPPER_ROOT;10485;10;10481;20;;;10493;19;10497;22;;;10489.0;0.0
yf_ZC=F_d5;2200;ASH_COATED_OSMIUM;9909;20;9906;20;;;9915;5;9919;34;;;9912.0;0.0
yf_ZC=F_d5;2200;INTARIAN_PEPPER_ROOT;10483;16;10481;21;;;10491;14;10493;15;;;10487.0;0.0
yf_ZC=F_d5;2300;ASH_COATED_OSMIUM;9909;20;9905;30;;;9915;12;9917;19;;;9912.0;0.0
yf_ZC=F_d5;2300;INTARIAN_PEPPER_ROOT;10485;18;10483;22;;;10491;12;10495;22;;;10488.0;0.0
yf_ZC=F_d5;2400;ASH_COATED_OSMIUM;9899;14;9897;29;;;9926;16;9928;25;;;9912.5;0.0
yf_ZC=F_d5;2400;INTARIAN_PEPPER_ROOT;10479;11;10477;16;;;10494;19;10497;18;;;10486.5;0.0
yf_ZC=F_d5;2500;ASH_COATED_OSMIUM;9909;23;9905;10;;;9915;10;9918;12;;;9912.0;0.0
yf_ZC=F_d5;2500;INTARIAN_PEPPER_ROOT;10483;21;10481;18;;;10489;14;10491;25;;;10486.0;0.0
yf_ZC=F_d5;2600;ASH_COATED_OSMIUM;9909;10;9905;17;;;9915;17;9917;27;;;9912.0;0.0
yf_ZC=F_d5;2600;INTARIAN_PEPPER_ROOT;10484;15;10481;19;;;10490;6;10492;21;;;10487.0;0.0
yf_ZC=F_d5;2700;ASH_COATED_OSMIUM;9908;6;9906;11;;;9916;13;9920;21;;;9912.0;0.0
yf_ZC=F_d5;2700;INTARIAN_PEPPER_ROOT;10474;11;10472;21;;;10498;17;10500;10;;;10486.0;0.0
yf_ZC=F_d5;2800;ASH_COATED_OSMIUM;9906;20;9904;11;;;9919;14;9923;13;;;9912.5;0.0
yf_ZC=F_d5;2800;INTARIAN_PEPPER_ROOT;10475;13;10473;10;;;10496;7;10500;17;;;10485.5;0.0
yf_ZC=F_d5;2900;ASH_COATED_OSMIUM;9909;19;9905;8;;;9915;26;9918;20;;;9912.0;0.0
yf_ZC=F_d5;2900;INTARIAN_PEPPER_ROOT;10480;27;10477;24;;;10489;12;10492;21;;;10484.5;0.0
yf_ZC=F_d5;3000;ASH_COATED_OSMIUM;9907;13;9904;23;;;9917;8;9921;18;;;9912.0;0.0
yf_ZC=F_d5;3000;INTARIAN_PEPPER_ROOT;10482;19;10478;18;;;10488;21;10492;21;;;10485.0;0.0
yf_ZC=F_d5;3100;ASH_COATED_OSMIUM;9908;14;9904;16;;;9918;18;9922;24;;;9913.0;0.0
yf_ZC=F_d5;3100;INTARIAN_PEPPER_ROOT;10481;8;10477;22;;;10487;20;10491;16;;;10484.0;0.0
yf_ZC=F_d5;3200;ASH_COATED_OSMIUM;9907;18;9905;17;;;9917;18;9919;14;;;9912.0;0.0
yf_ZC=F_d5;3200;INTARIAN_PEPPER_ROOT;10480;8;10476;21;;;10487;11;10491;22;;;10483.5;0.0
yf_ZC=F_d5;3300;ASH_COATED_OSMIUM;9909;10;9907;24;;;9915;10;9918;13;;;9912.0;0.0
yf_ZC=F_d5;3300;INTARIAN_PEPPER_ROOT;10480;6;10476;24;;;10486;20;10488;16;;;10483.0;0.0
yf_ZC=F_d5;3400;ASH_COATED_OSMIUM;9909;19;9905;16;;;9915;16;9917;21;;;9912.0;0.0
yf_ZC=F_d5;3400;INTARIAN_PEPPER_ROOT;10480;13;10478;31;;;10486;15;10490;14;;;10483.0;0.0
yf_ZC=F_d5;3500;ASH_COATED_OSMIUM;9909;14;9905;17;;;9915;7;9919;22;;;9912.0;0.0
yf_ZC=F_d5;3500;INTARIAN_PEPPER_ROOT;10477;11;10473;18;;;10488;11;10490;16;;;10482.5;0.0
yf_ZC=F_d5;3600;ASH_COATED_OSMIUM;9910;18;9907;15;;;9916;22;9919;28;;;9913.0;0.0
yf_ZC=F_d5;3600;INTARIAN_PEPPER_ROOT;10479;17;10476;20;;;10485;18;10488;9;;;10482.0;0.0
yf_ZC=F_d5;3700;ASH_COATED_OSMIUM;9910;19;9906;15;;;9916;13;9919;19;;;9913.0;0.0
yf_ZC=F_d5;3700;INTARIAN_PEPPER_ROOT;10475;16;10473;13;;;10490;13;10492;21;;;10482.5;0.0
yf_ZC=F_d5;3800;ASH_COATED_OSMIUM;9909;12;9906;22;;;9915;20;9917;24;;;9912.0;0.0
yf_ZC=F_d5;3800;INTARIAN_PEPPER_ROOT;10479;7;10475;23;;;10485;5;10487;21;;;10482.0;0.0
yf_ZC=F_d5;3900;ASH_COATED_OSMIUM;9910;13;9907;18;;;9916;15;9920;27;;;9913.0;0.0
yf_ZC=F_d5;3900;INTARIAN_PEPPER_ROOT;10478;19;10476;14;;;10484;16;10486;21;;;10481.0;0.0
yf_ZC=F_d5;4000;ASH_COATED_OSMIUM;9910;15;9908;26;;;9916;18;9918;24;;;9913.0;0.0
yf_ZC=F_d5;4000;INTARIAN_PEPPER_ROOT;10477;10;10475;19;;;10483;12;10486;20;;;10480.0;0.0
yf_ZC=F_d5;4100;ASH_COATED_OSMIUM;9908;19;9905;18;;;9919;15;9922;14;;;9913.5;0.0
yf_ZC=F_d5;4100;INTARIAN_PEPPER_ROOT;10477;16;10474;20;;;10483;11;10486;17;;;10480.0;0.0
yf_ZC=F_d5;4200;ASH_COATED_OSMIUM;9910;13;9907;18;;;9916;5;9918;14;;;9913.0;0.0
yf_ZC=F_d5;4200;INTARIAN_PEPPER_ROOT;10477;15;10473;19;;;10483;12;10487;19;;;10480.0;0.0
yf_ZC=F_d5;4300;ASH_COATED_OSMIUM;9908;17;9905;17;;;9917;26;9919;20;;;9912.5;0.0
yf_ZC=F_d5;4300;INTARIAN_PEPPER_ROOT;10470;14;10466;15;;;10489;5;10491;17;;;10479.5;0.0
yf_ZC=F_d5;4400;ASH_COATED_OSMIUM;9909;14;9905;21;;;9917;25;9919;18;;;9913.0;0.0
yf_ZC=F_d5;4400;INTARIAN_PEPPER_ROOT;10475;12;10472;20;;;10481;19;10483;15;;;10478.0;0.0
yf_ZC=F_d5;4500;ASH_COATED_OSMIUM;9910;30;9907;33;;;9916;12;9920;8;;;9913.0;0.0
yf_ZC=F_d5;4500;INTARIAN_PEPPER_ROOT;10470;10;10466;19;;;10486;7;10489;21;;;10478.0;0.0
yf_ZC=F_d5;4600;ASH_COATED_OSMIUM;9905;17;9903;17;;;9920;11;9924;14;;;9912.5;0.0
yf_ZC=F_d5;4600;INTARIAN_PEPPER_ROOT;10474;7;10471;18;;;10482;19;10484;31;;;10478.0;0.0
yf_ZC=F_d5;4700;ASH_COATED_OSMIUM;9911;7;9908;20;;;9917;14;9919;22;;;9914.0;0.0
yf_ZC=F_d5;4700;INTARIAN_PEPPER_ROOT;10475;16;10471;19;;;10481;21;10484;21;;;10478.0;0.0
yf_ZC=F_d5;4800;ASH_COATED_OSMIUM;9910;18;9907;28;;;9916;18;9919;13;;;9913.0;0.0
yf_ZC=F_d5;4800;INTARIAN_PEPPER_ROOT;10474;10;10471;16;;;10480;8;10484;24;;;10477.0;0.0
yf_ZC=F_d5;4900;ASH_COATED_OSMIUM;9905;10;9903;12;;;9923;23;9925;16;;;9914.0;0.0
yf_ZC=F_d5;4900;INTARIAN_PEPPER_ROOT;10473;16;10470;21;;;10479;15;10483;22;;;10476.0;0.0
yf_ZC=F_d5;5000;ASH_COATED_OSMIUM;9910;12;9906;25;;;9916;11;9920;15;;;9913.0;0.0
yf_ZC=F_d5;5000;INTARIAN_PEPPER_ROOT;10474;6;10472;25;;;10480;12;10484;23;;;10477.0;0.0
yf_ZC=F_d5;5100;ASH_COATED_OSMIUM;9911;17;9908;23;;;9917;17;9919;20;;;9914.0;0.0
yf_ZC=F_d5;5100;INTARIAN_PEPPER_ROOT;10473;13;10471;30;;;10479;15;10482;18;;;10476.0;0.0
yf_ZC=F_d5;5200;ASH_COATED_OSMIUM;9909;14;9905;22;;;9918;9;9922;18;;;9913.5;0.0
yf_ZC=F_d5;5200;INTARIAN_PEPPER_ROOT;10462;17;10459;20;;;10487;6;10491;13;;;10474.5;0.0
yf_ZC=F_d5;5300;ASH_COATED_OSMIUM;9911;25;9908;23;;;9917;8;9920;10;;;9914.0;0.0
yf_ZC=F_d5;5300;INTARIAN_PEPPER_ROOT;10471;24;10467;18;;;10478;19;10482;13;;;10474.5;0.0
yf_ZC=F_d5;5400;ASH_COATED_OSMIUM;9911;23;9907;23;;;9917;17;9921;22;;;9914.0;0.0
yf_ZC=F_d5;5400;INTARIAN_PEPPER_ROOT;10471;17;10467;21;;;10477;23;10479;20;;;10474.0;0.0
yf_ZC=F_d5;5500;ASH_COATED_OSMIUM;9899;14;9895;25;;;9929;13;9931;25;;;9914.0;0.0
yf_ZC=F_d5;5500;INTARIAN_PEPPER_ROOT;10471;21;10467;21;;;10477;11;10479;18;;;10474.0;0.0
yf_ZC=F_d5;5600;ASH_COATED_OSMIUM;9907;9;9905;28;;;9921;13;9923;14;;;9914.0;0.0
yf_ZC=F_d5;5600;INTARIAN_PEPPER_ROOT;10469;17;10467;21;;;10477;16;10479;21;;;10473.0;0.0
yf_ZC=F_d5;5700;ASH_COATED_OSMIUM;9902;17;9900;15;;;9925;21;9928;22;;;9913.5;0.0
yf_ZC=F_d5;5700;INTARIAN_PEPPER_ROOT;10469;22;10466;10;;;10476;11;10480;20;;;10472.5;0.0
yf_ZC=F_d5;5800;ASH_COATED_OSMIUM;9911;19;9908;13;;;9917;7;9921;18;;;9914.0;0.0
yf_ZC=F_d5;5800;INTARIAN_PEPPER_ROOT;10470;5;10468;27;;;10476;15;10479;22;;;10473.0;0.0
yf_ZC=F_d5;5900;ASH_COATED_OSMIUM;9904;16;9900;27;;;9922;6;9925;15;;;9913.0;0.0
yf_ZC=F_d5;5900;INTARIAN_PEPPER_ROOT;10469;25;10467;22;;;10475;15;10479;19;;;10472.0;0.0
yf_ZC=F_d5;6000;ASH_COATED_OSMIUM;9907;11;9904;22;;;9921;15;9923;14;;;9914.0;0.0
yf_ZC=F_d5;6000;INTARIAN_PEPPER_ROOT;10468;17;10465;21;;;10474;10;10478;19;;;10471.0;0.0
yf_ZC=F_d5;6100;ASH_COATED_OSMIUM;9910;16;9906;21;;;9917;17;9919;18;;;9913.5;0.0
yf_ZC=F_d5;6100;INTARIAN_PEPPER_ROOT;10462;15;10458;23;;;10479;14;10482;18;;;10470.5;0.0
yf_ZC=F_d5;6200;ASH_COATED_OSMIUM;9911;12;9908;20;;;9917;13;9921;13;;;9914.0;0.0
yf_ZC=F_d5;6200;INTARIAN_PEPPER_ROOT;10468;19;10465;17;;;10474;14;10476;26;;;10471.0;0.0
yf_ZC=F_d5;6300;ASH_COATED_OSMIUM;9912;8;9910;20;;;9918;17;9921;18;;;9915.0;0.0
yf_ZC=F_d5;6300;INTARIAN_PEPPER_ROOT;10468;20;10466;21;;;10474;10;10476;13;;;10471.0;0.0
yf_ZC=F_d5;6400;ASH_COATED_OSMIUM;9911;18;9909;15;;;9917;7;9921;23;;;9914.0;0.0
yf_ZC=F_d5;6400;INTARIAN_PEPPER_ROOT;10467;19;10465;26;;;10473;17;10476;19;;;10470.0;0.0
yf_ZC=F_d5;6500;ASH_COATED_OSMIUM;9911;15;9908;30;;;9917;12;9921;29;;;9914.0;0.0
yf_ZC=F_d5;6500;INTARIAN_PEPPER_ROOT;10466;20;10463;16;;;10472;14;10474;15;;;10469.0;0.0
yf_ZC=F_d5;6600;ASH_COATED_OSMIUM;9908;14;9906;18;;;9922;11;9926;24;;;9915.0;0.0
yf_ZC=F_d5;6600;INTARIAN_PEPPER_ROOT;10463;11;10461;18;;;10476;13;10478;16;;;10469.5;0.0
yf_ZC=F_d5;6700;ASH_COATED_OSMIUM;9912;19;9909;24;;;9918;20;9920;23;;;9915.0;0.0
yf_ZC=F_d5;6700;INTARIAN_PEPPER_ROOT;10465;11;10461;20;;;10471;13;10474;27;;;10468.0;0.0
yf_ZC=F_d5;6800;ASH_COATED_OSMIUM;9911;14;9909;22;;;9917;9;9921;11;;;9914.0;0.0
yf_ZC=F_d5;6800;INTARIAN_PEPPER_ROOT;10465;12;10462;25;;;10472;15;10475;25;;;10468.5;0.0
yf_ZC=F_d5;6900;ASH_COATED_OSMIUM;9908;12;9904;19;;;9922;14;9926;17;;;9915.0;0.0
yf_ZC=F_d5;6900;INTARIAN_PEPPER_ROOT;10462;9;10459;11;;;10472;16;10474;20;;;10467.0;0.0
yf_ZC=F_d5;7000;ASH_COATED_OSMIUM;9910;22;9906;15;;;9920;15;9922;16;;;9915.0;0.0
yf_ZC=F_d5;7000;INTARIAN_PEPPER_ROOT;10464;20;10462;24;;;10470;12;10472;30;;;10467.0;0.0
yf_ZC=F_d5;7100;ASH_COATED_OSMIUM;9898;20;9896;26;;;9932;7;9935;20;;;9915.0;0.0
yf_ZC=F_d5;7100;INTARIAN_PEPPER_ROOT;10461;21;10457;20;;;10473;15;10476;29;;;10467.0;0.0
yf_ZC=F_d5;7200;ASH_COATED_OSMIUM;9896;21;9894;27;;;9931;12;9935;18;;;9913.5;0.0
yf_ZC=F_d5;7200;INTARIAN_PEPPER_ROOT;10463;5;10461;17;;;10469;15;10471;14;;;10466.0;0.0
yf_ZC=F_d5;7300;ASH_COATED_OSMIUM;9912;13;9910;25;;;9918;20;9921;15;;;9915.0;0.0
yf_ZC=F_d5;7300;INTARIAN_PEPPER_ROOT;10463;19;10461;27;;;10469;23;10472;11;;;10466.0;0.0
yf_ZC=F_d5;7400;ASH_COATED_OSMIUM;9912;7;9910;19;;;9918;7;9921;18;;;9915.0;0.0
yf_ZC=F_d5;7400;INTARIAN_PEPPER_ROOT;10463;17;10460;22;;;10469;13;10471;18;;;10466.0;0.0
yf_ZC=F_d5;7500;ASH_COATED_OSMIUM;9912;10;9909;29;;;9918;12;9922;14;;;9915.0;0.0
yf_ZC=F_d5;7500;INTARIAN_PEPPER_ROOT;10448;15;10445;22;;;10482;16;10485;23;;;10465.0;0.0
yf_ZC=F_d5;7600;ASH_COATED_OSMIUM;9903;15;9901;21;;;9927;17;9929;24;;;9915.0;0.0
yf_ZC=F_d5;7600;INTARIAN_PEPPER_ROOT;10458;23;10454;14;;;10471;19;10474;14;;;10464.5;0.0
yf_ZC=F_d5;7700;ASH_COATED_OSMIUM;9912;19;9908;28;;;9918;13;9920;23;;;9915.0;0.0
yf_ZC=F_d5;7700;INTARIAN_PEPPER_ROOT;10460;14;10458;26;;;10468;16;10471;18;;;10464.0;0.0
yf_ZC=F_d5;7800;ASH_COATED_OSMIUM;9912;11;9908;16;;;9918;13;9920;18;;;9915.0;0.0
yf_ZC=F_d5;7800;INTARIAN_PEPPER_ROOT;10461;14;10458;17;;;10467;14;10471;16;;;10464.0;0.0
yf_ZC=F_d5;7900;ASH_COATED_OSMIUM;9907;5;9904;23;;;9924;12;9927;22;;;9915.5;0.0
yf_ZC=F_d5;7900;INTARIAN_PEPPER_ROOT;10460;12;10458;22;;;10466;13;10469;23;;;10463.0;0.0
yf_ZC=F_d5;8000;ASH_COATED_OSMIUM;9912;15;9908;27;;;9918;9;9920;20;;;9915.0;0.0
yf_ZC=F_d5;8000;INTARIAN_PEPPER_ROOT;10460;14;10456;11;;;10466;9;10470;16;;;10463.0;0.0
yf_ZC=F_d5;8100;ASH_COATED_OSMIUM;9910;11;9906;11;;;9919;5;9922;14;;;9914.5;0.0
yf_ZC=F_d5;8100;INTARIAN_PEPPER_ROOT;10459;14;10455;20;;;10465;23;10467;27;;;10462.0;0.0
yf_ZC=F_d5;8200;ASH_COATED_OSMIUM;9912;18;9908;19;;;9918;19;9920;8;;;9915.0;0.0
yf_ZC=F_d5;8200;INTARIAN_PEPPER_ROOT;10458;9;10454;17;;;10464;15;10466;22;;;10461.0;0.0
yf_ZC=F_d5;8300;ASH_COATED_OSMIUM;9912;15;9909;21;;;9918;12;9920;12;;;9915.0;0.0
yf_ZC=F_d5;8300;INTARIAN_PEPPER_ROOT;10458;21;10455;25;;;10465;11;10467;19;;;10461.5;0.0
yf_ZC=F_d5;8400;ASH_COATED_OSMIUM;9912;20;9909;19;;;9918;20;9922;21;;;9915.0;0.0
yf_ZC=F_d5;8400;INTARIAN_PEPPER_ROOT;10445;17;10443;23;;;10477;15;10479;16;;;10461.0;0.0
yf_ZC=F_d5;8500;ASH_COATED_OSMIUM;9912;10;9910;13;;;9920;12;9924;19;;;9916.0;0.0
yf_ZC=F_d5;8500;INTARIAN_PEPPER_ROOT;10458;21;10455;18;;;10464;13;10466;14;;;10461.0;0.0
yf_ZC=F_d5;8600;ASH_COATED_OSMIUM;9909;19;9905;17;;;9923;13;9926;21;;;9916.0;0.0
yf_ZC=F_d5;8600;INTARIAN_PEPPER_ROOT;10457;17;10455;17;;;10463;16;10467;18;;;10460.0;0.0
yf_ZC=F_d5;8700;ASH_COATED_OSMIUM;9912;15;9910;14;;;9918;17;9920;29;;;9915.0;0.0
yf_ZC=F_d5;8700;INTARIAN_PEPPER_ROOT;10457;14;10455;16;;;10463;8;10467;16;;;10460.0;0.0
yf_ZC=F_d5;8800;ASH_COATED_OSMIUM;9912;20;9910;16;;;9918;8;9922;18;;;9915.0;0.0
yf_ZC=F_d5;8800;INTARIAN_PEPPER_ROOT;10457;20;10453;24;;;10463;20;10466;16;;;10460.0;0.0
yf_ZC=F_d5;8900;ASH_COATED_OSMIUM;9912;13;9910;14;;;9918;6;9920;26;;;9915.0;0.0
yf_ZC=F_d5;8900;INTARIAN_PEPPER_ROOT;10433;18;10429;24;;;10485;13;10487;22;;;10459.0;0.0
yf_ZC=F_d5;9000;ASH_COATED_OSMIUM;9908;19;9906;17;;;9924;17;9926;18;;;9916.0;0.0
yf_ZC=F_d5;9000;INTARIAN_PEPPER_ROOT;10456;19;10454;18;;;10462;15;10464;15;;;10459.0;0.0
yf_ZC=F_d5;9100;ASH_COATED_OSMIUM;9911;11;9909;22;;;9920;17;9922;21;;;9915.5;0.0
yf_ZC=F_d5;9100;INTARIAN_PEPPER_ROOT;10453;10;10451;19;;;10464;16;10466;18;;;10458.5;0.0
yf_ZC=F_d5;9200;ASH_COATED_OSMIUM;9913;10;9909;11;;;9919;13;9923;23;;;9916.0;0.0
yf_ZC=F_d5;9200;INTARIAN_PEPPER_ROOT;10446;18;10442;16;;;10471;16;10475;23;;;10458.5;0.0
yf_ZC=F_d5;9300;ASH_COATED_OSMIUM;9906;5;9903;14;;;9926;9;9930;14;;;9916.0;0.0
yf_ZC=F_d5;9300;INTARIAN_PEPPER_ROOT;10453;12;10449;23;;;10461;21;10463;11;;;10457.0;0.0
yf_ZC=F_d5;9400;ASH_COATED_OSMIUM;9912;17;9909;20;;;9918;18;9921;22;;;9915.0;0.0
yf_ZC=F_d5;9400;INTARIAN_PEPPER_ROOT;10453;12;10451;27;;;10459;10;10462;14;;;10456.0;0.0
yf_ZC=F_d5;9500;ASH_COATED_OSMIUM;9913;10;9910;9;;;9920;16;9924;30;;;9916.5;0.0
yf_ZC=F_d5;9500;INTARIAN_PEPPER_ROOT;10434;11;10432;26;;;10479;13;10483;20;;;10456.5;0.0
yf_ZC=F_d5;9600;ASH_COATED_OSMIUM;9913;9;9911;26;;;9919;10;9923;21;;;9916.0;0.0
yf_ZC=F_d5;9600;INTARIAN_PEPPER_ROOT;10449;17;10447;19;;;10464;12;10466;27;;;10456.5;0.0
yf_ZC=F_d5;9700;ASH_COATED_OSMIUM;9913;24;9910;19;;;9919;15;9922;18;;;9916.0;0.0
yf_ZC=F_d5;9700;INTARIAN_PEPPER_ROOT;10452;17;10450;21;;;10458;10;10460;21;;;10455.0;0.0
yf_ZC=F_d5;9800;ASH_COATED_OSMIUM;9913;20;9909;15;;;9919;19;9922;17;;;9916.0;0.0
yf_ZC=F_d5;9800;INTARIAN_PEPPER_ROOT;10445;10;10442;17;;;10465;17;10468;14;;;10455.0;0.0
yf_ZC=F_d5;9900;ASH_COATED_OSMIUM;9913;17;9911;17;;;9919;17;9922;21;;;9916.0;0.0
yf_ZC=F_d5;9900;INTARIAN_PEPPER_ROOT;10448;17;10444;10;;;10461;18;10465;25;;;10454.5;0.0
yf_ZC=F_d5;10000;ASH_COATED_OSMIUM;9903;18;9901;25;;;9929;17;9932;20;;;9916.0;0.0
yf_ZC=F_d5;10000;INTARIAN_PEPPER_ROOT;10451;15;10448;15;;;10457;19;10459;16;;;10454.0;0.0
yf_ZC=F_d5;10100;ASH_COATED_OSMIUM;9913;11;9910;22;;;9919;9;9921;12;;;9916.0;0.0
yf_ZC=F_d5;10100;INTARIAN_PEPPER_ROOT;10450;12;10448;19;;;10457;15;10460;29;;;10453.5;0.0
yf_ZC=F_d5;10200;ASH_COATED_OSMIUM;9907;13;9904;22;;;9926;16;9928;16;;;9916.5;0.0
yf_ZC=F_d5;10200;INTARIAN_PEPPER_ROOT;10450;17;10446;19;;;10456;18;10458;20;;;10453.0;0.0
yf_ZC=F_d5;10300;ASH_COATED_OSMIUM;9913;24;9911;9;;;9919;19;9922;17;;;9916.0;0.0
yf_ZC=F_d5;10300;INTARIAN_PEPPER_ROOT;10449;11;10447;23;;;10457;20;10459;23;;;10453.0;0.0
yf_ZC=F_d5;10400;ASH_COATED_OSMIUM;9914;12;9912;27;;;9920;16;9922;26;;;9917.0;0.0
yf_ZC=F_d5;10400;INTARIAN_PEPPER_ROOT;10443;12;10440;20;;;10461;12;10464;18;;;10452.0;0.0
yf_ZC=F_d5;10500;ASH_COATED_OSMIUM;9914;17;9910;22;;;9920;11;9922;28;;;9917.0;0.0
yf_ZC=F_d5;10500;INTARIAN_PEPPER_ROOT;10447;9;10443;18;;;10458;15;10461;13;;;10452.5;0.0
yf_ZC=F_d5;10600;ASH_COATED_OSMIUM;9912;15;9910;21;;;9921;8;9925;20;;;9916.5;0.0
yf_ZC=F_d5;10600;INTARIAN_PEPPER_ROOT;10449;7;10447;16;;;10455;17;10458;13;;;10452.0;0.0
yf_ZC=F_d5;10700;ASH_COATED_OSMIUM;9914;13;9911;17;;;9920;12;9924;16;;;9917.0;0.0
yf_ZC=F_d5;10700;INTARIAN_PEPPER_ROOT;10445;21;10442;21;;;10456;13;10459;12;;;10450.5;0.0
yf_ZC=F_d5;10800;ASH_COATED_OSMIUM;9914;18;9912;13;;;9920;11;9924;16;;;9917.0;0.0
yf_ZC=F_d5;10800;INTARIAN_PEPPER_ROOT;10448;23;10445;24;;;10454;17;10457;26;;;10451.0;0.0
yf_ZC=F_d5;10900;ASH_COATED_OSMIUM;9914;16;9912;18;;;9920;10;9924;11;;;9917.0;0.0
yf_ZC=F_d5;10900;INTARIAN_PEPPER_ROOT;10448;5;10446;18;;;10454;18;10458;13;;;10451.0;0.0
yf_ZC=F_d5;11000;ASH_COATED_OSMIUM;9914;13;9912;12;;;9920;25;9923;26;;;9917.0;0.0
yf_ZC=F_d5;11000;INTARIAN_PEPPER_ROOT;10445;13;10442;17;;;10453;17;10457;20;;;10449.0;0.0
yf_ZC=F_d5;11100;ASH_COATED_OSMIUM;9914;11;9910;20;;;9921;6;9925;18;;;9917.5;0.0
yf_ZC=F_d5;11100;INTARIAN_PEPPER_ROOT;10447;6;10445;18;;;10453;11;10456;22;;;10450.0;0.0
yf_ZC=F_d5;11200;ASH_COATED_OSMIUM;9914;13;9911;15;;;9920;17;9924;16;;;9917.0;0.0
yf_ZC=F_d5;11200;INTARIAN_PEPPER_ROOT;10446;14;10444;16;;;10452;17;10454;27;;;10449.0;0.0
yf_ZC=F_d5;11300;ASH_COATED_OSMIUM;9915;10;9913;27;;;9921;18;9924;23;;;9918.0;0.0
yf_ZC=F_d5;11300;INTARIAN_PEPPER_ROOT;10441;19;10437;33;;;10457;19;10460;24;;;10449.0;0.0
yf_ZC=F_d5;11400;ASH_COATED_OSMIUM;9913;16;9910;18;;;9921;18;9924;24;;;9917.0;0.0
yf_ZC=F_d5;11400;INTARIAN_PEPPER_ROOT;10442;23;10440;19;;;10453;14;10456;17;;;10447.5;0.0
yf_ZC=F_d5;11500;ASH_COATED_OSMIUM;9914;12;9911;23;;;9922;18;9924;29;;;9918.0;0.0
yf_ZC=F_d5;11500;INTARIAN_PEPPER_ROOT;10444;16;10440;13;;;10450;10;10452;17;;;10447.0;0.0
yf_ZC=F_d5;11600;ASH_COATED_OSMIUM;9914;16;9911;18;;;9920;17;9924;23;;;9917.0;0.0
yf_ZC=F_d5;11600;INTARIAN_PEPPER_ROOT;10444;12;10442;18;;;10450;25;10452;23;;;10447.0;0.0
yf_ZC=F_d5;11700;ASH_COATED_OSMIUM;9914;12;9911;28;;;9920;9;9923;17;;;9917.0;0.0
yf_ZC=F_d5;11700;INTARIAN_PEPPER_ROOT;10436;7;10432;17;;;10457;15;10461;15;;;10446.5;0.0
yf_ZC=F_d5;11800;ASH_COATED_OSMIUM;9912;19;9908;20;;;9924;12;9928;21;;;9918.0;0.0
yf_ZC=F_d5;11800;INTARIAN_PEPPER_ROOT;10444;15;10442;24;;;10450;6;10454;16;;;10447.0;0.0
yf_ZC=F_d5;11900;ASH_COATED_OSMIUM;9915;7;9911;18;;;9921;9;9925;13;;;9918.0;0.0
yf_ZC=F_d5;11900;INTARIAN_PEPPER_ROOT;10442;19;10439;24;;;10450;5;10452;28;;;10446.0;0.0
yf_ZC=F_d5;12000;ASH_COATED_OSMIUM;9914;18;9911;12;;;9920;9;9922;24;;;9917.0;0.0
yf_ZC=F_d5;12000;INTARIAN_PEPPER_ROOT;10442;15;10439;15;;;10448;22;10451;17;;;10445.0;0.0
yf_ZC=F_d5;12100;ASH_COATED_OSMIUM;9914;6;9912;21;;;9920;16;9923;27;;;9917.0;0.0
yf_ZC=F_d5;12100;INTARIAN_PEPPER_ROOT;10442;28;10438;17;;;10448;5;10450;15;;;10445.0;0.0
yf_ZC=F_d5;12200;ASH_COATED_OSMIUM;9910;11;9907;25;;;9926;14;9929;11;;;9918.0;0.0
yf_ZC=F_d5;12200;INTARIAN_PEPPER_ROOT;10441;15;10439;20;;;10447;17;10451;19;;;10444.0;0.0
yf_ZC=F_d5;12300;ASH_COATED_OSMIUM;9914;20;9911;19;;;9920;15;9923;18;;;9917.0;0.0
yf_ZC=F_d5;12300;INTARIAN_PEPPER_ROOT;10441;12;10437;16;;;10448;15;10450;26;;;10444.5;0.0
yf_ZC=F_d5;12400;ASH_COATED_OSMIUM;9915;17;9911;21;;;9921;10;9925;28;;;9918.0;0.0
yf_ZC=F_d5;12400;INTARIAN_PEPPER_ROOT;10441;5;10437;23;;;10447;13;10451;24;;;10444.0;0.0
yf_ZC=F_d5;12500;ASH_COATED_OSMIUM;9914;17;9910;24;;;9922;17;9924;28;;;9918.0;0.0
yf_ZC=F_d5;12500;INTARIAN_PEPPER_ROOT;10440;13;10437;19;;;10446;17;10449;21;;;10443.0;0.0
yf_ZC=F_d5;12600;ASH_COATED_OSMIUM;9914;13;9910;22;;;9920;7;9924;19;;;9917.0;0.0
yf_ZC=F_d5;12600;INTARIAN_PEPPER_ROOT;10439;5;10436;13;;;10448;17;10450;22;;;10443.5;0.0
yf_ZC=F_d5;12700;ASH_COATED_OSMIUM;9915;18;9913;8;;;9921;16;9925;26;;;9918.0;0.0
yf_ZC=F_d5;12700;INTARIAN_PEPPER_ROOT;10419;9;10415;17;;;10465;14;10467;17;;;10442.0;0.0
yf_ZC=F_d5;12800;ASH_COATED_OSMIUM;9912;10;9910;21;;;9924;15;9926;8;;;9918.0;0.0
yf_ZC=F_d5;12800;INTARIAN_PEPPER_ROOT;10439;18;10435;20;;;10445;19;10449;17;;;10442.0;0.0
yf_ZC=F_d5;12900;ASH_COATED_OSMIUM;9900;18;9898;20;;;9936;19;9938;18;;;9918.0;0.0
yf_ZC=F_d5;12900;INTARIAN_PEPPER_ROOT;10438;11;10435;17;;;10444;15;10447;13;;;10441.0;0.0
yf_ZC=F_d5;13000;ASH_COATED_OSMIUM;9915;26;9912;20;;;9921;22;9924;31;;;9918.0;0.0
yf_ZC=F_d5;13000;INTARIAN_PEPPER_ROOT;10438;17;10434;14;;;10444;21;10446;18;;;10441.0;0.0
yf_ZC=F_d5;13100;ASH_COATED_OSMIUM;9915;13;9912;17;;;9921;14;9924;17;;;9918.0;0.0
yf_ZC=F_d5;13100;INTARIAN_PEPPER_ROOT;10438;13;10436;18;;;10444;18;10446;33;;;10441.0;0.0
yf_ZC=F_d5;13200;ASH_COATED_OSMIUM;9915;16;9911;20;;;9921;10;9924;23;;;9918.0;0.0
yf_ZC=F_d5;13200;INTARIAN_PEPPER_ROOT;10438;15;10436;19;;;10444;14;10448;16;;;10441.0;0.0
yf_ZC=F_d5;13300;ASH_COATED_OSMIUM;9895;24;9892;10;;;9941;16;9943;23;;;9918.0;0.0
yf_ZC=F_d5;13300;INTARIAN_PEPPER_ROOT;10437;22;10433;21;;;10443;10;10447;19;;;10440.0;0.0
yf_ZC=F_d5;13400;ASH_COATED_OSMIUM;9904;11;9902;17;;;9932;17;9935;20;;;9918.0;0.0
yf_ZC=F_d5;13400;INTARIAN_PEPPER_ROOT;10437;12;10434;8;;;10443;14;10447;20;;;10440.0;0.0
yf_ZC=F_d5;13500;ASH_COATED_OSMIUM;9916;20;9913;14;;;9922;15;9924;23;;;9919.0;0.0
yf_ZC=F_d5;13500;INTARIAN_PEPPER_ROOT;10435;10;10433;23;;;10441;15;10445;12;;;10438.0;0.0
yf_ZC=F_d5;13600;ASH_COATED_OSMIUM;9914;9;9911;19;;;9924;13;9926;18;;;9919.0;0.0
yf_ZC=F_d5;13600;INTARIAN_PEPPER_ROOT;10436;9;10434;18;;;10442;21;10446;29;;;10439.0;0.0
yf_ZC=F_d5;13700;ASH_COATED_OSMIUM;9915;20;9912;17;;;9921;22;9924;22;;;9918.0;0.0
yf_ZC=F_d5;13700;INTARIAN_PEPPER_ROOT;10435;19;10433;14;;;10441;9;10445;18;;;10438.0;0.0
yf_ZC=F_d5;13800;ASH_COATED_OSMIUM;9911;12;9908;8;;;9925;5;9928;15;;;9918.0;0.0
yf_ZC=F_d5;13800;INTARIAN_PEPPER_ROOT;10429;22;10425;22;;;10445;13;10449;16;;;10437.0;0.0
yf_ZC=F_d5;13900;ASH_COATED_OSMIUM;9915;23;9911;13;;;9923;16;9926;13;;;9919.0;0.0
yf_ZC=F_d5;13900;INTARIAN_PEPPER_ROOT;10429;11;10425;20;;;10446;21;10449;13;;;10437.5;0.0
yf_ZC=F_d5;14000;ASH_COATED_OSMIUM;9915;18;9911;26;;;9921;15;9924;23;;;9918.0;0.0
yf_ZC=F_d5;14000;INTARIAN_PEPPER_ROOT;10432;13;10430;12;;;10442;10;10445;19;;;10437.0;0.0
yf_ZC=F_d5;14100;ASH_COATED_OSMIUM;9916;11;9914;21;;;9922;13;9925;22;;;9919.0;0.0
yf_ZC=F_d5;14100;INTARIAN_PEPPER_ROOT;10430;13;10427;20;;;10443;10;10446;25;;;10436.5;0.0
yf_ZC=F_d5;14200;ASH_COATED_OSMIUM;9916;16;9914;22;;;9922;23;9926;13;;;9919.0;0.0
yf_ZC=F_d5;14200;INTARIAN_PEPPER_ROOT;10433;21;10430;21;;;10439;12;10443;27;;;10436.0;0.0
yf_ZC=F_d5;14300;ASH_COATED_OSMIUM;9913;15;9910;20;;;9926;9;9929;19;;;9919.5;0.0
yf_ZC=F_d5;14300;INTARIAN_PEPPER_ROOT;10433;12;10429;28;;;10439;14;10441;23;;;10436.0;0.0
yf_ZC=F_d5;14400;ASH_COATED_OSMIUM;9916;5;9912;22;;;9922;24;9925;23;;;9919.0;0.0
yf_ZC=F_d5;14400;INTARIAN_PEPPER_ROOT;10430;13;10426;11;;;10439;13;10442;25;;;10434.5;0.0
yf_ZC=F_d5;14500;ASH_COATED_OSMIUM;9916;10;9914;24;;;9922;13;9926;20;;;9919.0;0.0
yf_ZC=F_d5;14500;INTARIAN_PEPPER_ROOT;10431;13;10428;19;;;10437;16;10439;16;;;10434.0;0.0
yf_ZC=F_d5;14600;ASH_COATED_OSMIUM;9916;12;9914;21;;;9923;10;9926;21;;;9919.5;0.0
yf_ZC=F_d5;14600;INTARIAN_PEPPER_ROOT;10431;11;10427;25;;;10437;16;10440;20;;;10434.0;0.0
yf_ZC=F_d5;14700;ASH_COATED_OSMIUM;9917;15;9915;19;;;9923;16;9925;21;;;9920.0;0.0
yf_ZC=F_d5;14700;INTARIAN_PEPPER_ROOT;10431;9;10429;17;;;10437;20;10439;20;;;10434.0;0.0
yf_ZC=F_d5;14800;ASH_COATED_OSMIUM;9916;9;9912;15;;;9922;16;9924;28;;;9919.0;0.0
yf_ZC=F_d5;14800;INTARIAN_PEPPER_ROOT;10430;18;10428;10;;;10436;23;10440;20;;;10433.0;0.0
yf_ZC=F_d5;14900;ASH_COATED_OSMIUM;9915;13;9911;22;;;9923;22;9926;18;;;9919.0;0.0
yf_ZC=F_d5;14900;INTARIAN_PEPPER_ROOT;10430;12;10426;21;;;10436;14;10438;19;;;10433.0;0.0
yf_ZC=F_d5;15000;ASH_COATED_OSMIUM;9909;9;9906;28;;;9930;5;9934;30;;;9919.5;0.0
yf_ZC=F_d5;15000;INTARIAN_PEPPER_ROOT;10429;7;10425;16;;;10435;6;10437;22;;;10432.0;0.0
yf_ZC=F_d5;15100;ASH_COATED_OSMIUM;9916;15;9912;20;;;9922;17;9924;23;;;9919.0;0.0
yf_ZC=F_d5;15100;INTARIAN_PEPPER_ROOT;10429;14;10426;13;;;10435;10;10439;20;;;10432.0;0.0
yf_ZC=F_d5;15200;ASH_COATED_OSMIUM;9917;12;9913;23;;;9923;6;9926;14;;;9920.0;0.0
yf_ZC=F_d5;15200;INTARIAN_PEPPER_ROOT;10428;22;10425;15;;;10434;22;10436;16;;;10431.0;0.0
yf_ZC=F_d5;15300;ASH_COATED_OSMIUM;9916;24;9913;25;;;9922;20;9924;13;;;9919.0;0.0
yf_ZC=F_d5;15300;INTARIAN_PEPPER_ROOT;10428;15;10426;22;;;10434;16;10437;14;;;10431.0;0.0
yf_ZC=F_d5;15400;ASH_COATED_OSMIUM;9915;17;9912;14;;;9923;15;9927;21;;;9919.0;0.0
yf_ZC=F_d5;15400;INTARIAN_PEPPER_ROOT;10422;12;10419;30;;;10440;14;10444;23;;;10431.0;0.0
yf_ZC=F_d5;15500;ASH_COATED_OSMIUM;9916;16;9914;15;;;9922;19;9925;8;;;9919.0;0.0
yf_ZC=F_d5;15500;INTARIAN_PEPPER_ROOT;10426;10;10423;23;;;10435;6;10438;15;;;10430.5;0.0
yf_ZC=F_d5;15600;ASH_COATED_OSMIUM;9912;14;9909;19;;;9928;11;9930;15;;;9920.0;0.0
yf_ZC=F_d5;15600;INTARIAN_PEPPER_ROOT;10411;5;10408;19;;;10448;10;10451;22;;;10429.5;0.0
yf_ZC=F_d5;15700;ASH_COATED_OSMIUM;9906;13;9904;15;;;9934;17;9937;14;;;9920.0;0.0
yf_ZC=F_d5;15700;INTARIAN_PEPPER_ROOT;10423;19;10420;18;;;10435;11;10437;29;;;10429.0;0.0
yf_ZC=F_d5;15800;ASH_COATED_OSMIUM;9916;16;9913;10;;;9925;21;9927;27;;;9920.5;0.0
yf_ZC=F_d5;15800;INTARIAN_PEPPER_ROOT;10426;10;10423;13;;;10432;19;10435;26;;;10429.0;0.0
yf_ZC=F_d5;15900;ASH_COATED_OSMIUM;9906;14;9904;21;;;9933;10;9935;17;;;9919.5;0.0
yf_ZC=F_d5;15900;INTARIAN_PEPPER_ROOT;10416;10;10412;16;;;10440;8;10443;20;;;10428.0;0.0
yf_ZC=F_d5;16000;ASH_COATED_OSMIUM;9917;14;9913;26;;;9923;20;9925;17;;;9920.0;0.0
yf_ZC=F_d5;16000;INTARIAN_PEPPER_ROOT;10425;23;10421;19;;;10432;17;10436;25;;;10428.5;0.0
yf_ZC=F_d5;16100;ASH_COATED_OSMIUM;9907;19;9905;12;;;9933;13;9935;13;;;9920.0;0.0
yf_ZC=F_d5;16100;INTARIAN_PEPPER_ROOT;10425;15;10422;15;;;10431;10;10434;22;;;10428.0;0.0
yf_ZC=F_d5;16200;ASH_COATED_OSMIUM;9917;26;9913;9;;;9923;9;9926;22;;;9920.0;0.0
yf_ZC=F_d5;16200;INTARIAN_PEPPER_ROOT;10424;10;10420;13;;;10430;20;10432;18;;;10427.0;0.0
yf_ZC=F_d5;16300;ASH_COATED_OSMIUM;9917;13;9914;19;;;9923;12;9925;14;;;9920.0;0.0
yf_ZC=F_d5;16300;INTARIAN_PEPPER_ROOT;10421;19;10419;21;;;10433;9;10437;20;;;10427.0;0.0
yf_ZC=F_d5;16400;ASH_COATED_OSMIUM;9917;20;9913;24;;;9923;18;9925;17;;;9920.0;0.0
yf_ZC=F_d5;16400;INTARIAN_PEPPER_ROOT;10423;15;10421;22;;;10429;15;10432;19;;;10426.0;0.0
yf_ZC=F_d5;16500;ASH_COATED_OSMIUM;9917;14;9915;16;;;9923;9;9925;15;;;9920.0;0.0
yf_ZC=F_d5;16500;INTARIAN_PEPPER_ROOT;10423;23;10421;19;;;10429;10;10433;23;;;10426.0;0.0
yf_ZC=F_d5;16600;ASH_COATED_OSMIUM;9915;16;9912;17;;;9925;14;9928;17;;;9920.0;0.0
yf_ZC=F_d5;16600;INTARIAN_PEPPER_ROOT;10415;14;10412;22;;;10436;20;10440;12;;;10425.5;0.0
yf_ZC=F_d5;16700;ASH_COATED_OSMIUM;9915;11;9911;18;;;9923;20;9926;17;;;9919.0;0.0
yf_ZC=F_d5;16700;INTARIAN_PEPPER_ROOT;10422;26;10419;15;;;10428;17;10432;24;;;10425.0;0.0
yf_ZC=F_d5;16800;ASH_COATED_OSMIUM;9917;13;9915;19;;;9923;16;9926;22;;;9920.0;0.0
yf_ZC=F_d5;16800;INTARIAN_PEPPER_ROOT;10419;15;10416;17;;;10430;7;10433;27;;;10424.5;0.0
yf_ZC=F_d5;16900;ASH_COATED_OSMIUM;9918;12;9916;21;;;9924;8;9927;24;;;9921.0;0.0
yf_ZC=F_d5;16900;INTARIAN_PEPPER_ROOT;10421;12;10418;19;;;10427;18;10431;18;;;10424.0;0.0
yf_ZC=F_d5;17000;ASH_COATED_OSMIUM;9918;16;9916;22;;;9924;5;9928;14;;;9921.0;0.0
yf_ZC=F_d5;17000;INTARIAN_PEPPER_ROOT;10420;14;10418;17;;;10427;17;10429;17;;;10423.5;0.0
yf_ZC=F_d5;17100;ASH_COATED_OSMIUM;9918;20;9914;27;;;9924;23;9928;18;;;9921.0;0.0
yf_ZC=F_d5;17100;INTARIAN_PEPPER_ROOT;10422;18;10418;18;;;10428;19;10431;21;;;10425.0;0.0
yf_ZC=F_d5;17200;ASH_COATED_OSMIUM;9917;18;9914;18;;;9923;9;9927;9;;;9920.0;0.0
yf_ZC=F_d5;17200;INTARIAN_PEPPER_ROOT;10421;14;10417;26;;;10429;14;10433;18;;;10425.0;0.0
yf_ZC=F_d5;17300;ASH_COATED_OSMIUM;9918;18;9915;25;;;9924;11;9927;22;;;9921.0;0.0
yf_ZC=F_d5;17300;INTARIAN_PEPPER_ROOT;10423;5;10420;21;;;10430;14;10434;16;;;10426.5;0.0
yf_ZC=F_d5;17400;ASH_COATED_OSMIUM;9916;13;9913;21;;;9927;16;9931;17;;;9921.5;0.0
yf_ZC=F_d5;17400;INTARIAN_PEPPER_ROOT;10424;14;10421;25;;;10430;11;10433;23;;;10427.0;0.0
yf_ZC=F_d5;17500;ASH_COATED_OSMIUM;9918;7;9915;17;;;9924;18;9928;19;;;9921.0;0.0
yf_ZC=F_d5;17500;INTARIAN_PEPPER_ROOT;10424;10;10421;21;;;10430;21;10433;15;;;10427.0;0.0
yf_ZC=F_d5;17600;ASH_COATED_OSMIUM;9917;11;9913;14;;;9924;15;9927;17;;;9920.5;0.0
yf_ZC=F_d5;17600;INTARIAN_PEPPER_ROOT;10424;19;10420;15;;;10433;13;10437;23;;;10428.5;0.0
yf_ZC=F_d5;17700;ASH_COATED_OSMIUM;9918;13;9916;16;;;9924;21;9926;19;;;9921.0;0.0
yf_ZC=F_d5;17700;INTARIAN_PEPPER_ROOT;10420;17;10418;17;;;10437;12;10440;20;;;10428.5;0.0
yf_ZC=F_d5;17800;ASH_COATED_OSMIUM;9918;14;9916;18;;;9924;16;9927;19;;;9921.0;0.0
yf_ZC=F_d5;17800;INTARIAN_PEPPER_ROOT;10426;13;10422;26;;;10432;17;10435;24;;;10429.0;0.0
yf_ZC=F_d5;17900;ASH_COATED_OSMIUM;9918;20;9914;14;;;9924;14;9928;16;;;9921.0;0.0
yf_ZC=F_d5;17900;INTARIAN_PEPPER_ROOT;10427;8;10424;27;;;10433;11;10436;15;;;10430.0;0.0
yf_ZC=F_d5;18000;ASH_COATED_OSMIUM;9918;17;9915;16;;;9924;19;9926;17;;;9921.0;0.0
yf_ZC=F_d5;18000;INTARIAN_PEPPER_ROOT;10428;26;10426;31;;;10434;10;10438;17;;;10431.0;0.0
yf_ZC=F_d5;18100;ASH_COATED_OSMIUM;9915;18;9913;22;;;9928;13;9931;23;;;9921.5;0.0
yf_ZC=F_d5;18100;INTARIAN_PEPPER_ROOT;10422;21;10420;11;;;10439;15;10442;22;;;10430.5;0.0
yf_ZC=F_d5;18200;ASH_COATED_OSMIUM;9918;13;9916;23;;;9924;12;9927;10;;;9921.0;0.0
yf_ZC=F_d5;18200;INTARIAN_PEPPER_ROOT;10423;16;10421;15;;;10441;19;10443;19;;;10432.0;0.0
yf_ZC=F_d5;18300;ASH_COATED_OSMIUM;9918;13;9915;15;;;9924;11;9926;24;;;9921.0;0.0
yf_ZC=F_d5;18300;INTARIAN_PEPPER_ROOT;10430;14;10428;15;;;10436;20;10440;23;;;10433.0;0.0
yf_ZC=F_d5;18400;ASH_COATED_OSMIUM;9915;15;9911;19;;;9927;23;9930;19;;;9921.0;0.0
yf_ZC=F_d5;18400;INTARIAN_PEPPER_ROOT;10429;15;10425;19;;;10437;19;10440;21;;;10433.0;0.0
yf_ZC=F_d5;18500;ASH_COATED_OSMIUM;9901;12;9897;19;;;9941;12;9945;23;;;9921.0;0.0
yf_ZC=F_d5;18500;INTARIAN_PEPPER_ROOT;10431;13;10427;20;;;10437;13;10441;24;;;10434.0;0.0
yf_ZC=F_d5;18600;ASH_COATED_OSMIUM;9918;10;9914;21;;;9924;21;9928;21;;;9921.0;0.0
yf_ZC=F_d5;18600;INTARIAN_PEPPER_ROOT;10428;11;10426;20;;;10441;11;10445;27;;;10434.5;0.0
yf_ZC=F_d5;18700;ASH_COATED_OSMIUM;9918;23;9915;16;;;9926;8;9928;23;;;9922.0;0.0
yf_ZC=F_d5;18700;INTARIAN_PEPPER_ROOT;10430;26;10428;27;;;10441;10;10443;30;;;10435.5;0.0
yf_ZC=F_d5;18800;ASH_COATED_OSMIUM;9918;9;9916;21;;;9924;25;9926;12;;;9921.0;0.0
yf_ZC=F_d5;18800;INTARIAN_PEPPER_ROOT;10433;12;10430;29;;;10439;12;10442;25;;;10436.0;0.0
yf_ZC=F_d5;18900;ASH_COATED_OSMIUM;9918;13;9915;22;;;9925;11;9928;20;;;9921.5;0.0
yf_ZC=F_d5;18900;INTARIAN_PEPPER_ROOT;10434;25;10430;20;;;10440;13;10443;22;;;10437.0;0.0
yf_ZC=F_d5;19000;ASH_COATED_OSMIUM;9919;13;9917;23;;;9925;14;9927;15;;;9922.0;0.0
yf_ZC=F_d5;19000;INTARIAN_PEPPER_ROOT;10431;16;10427;19;;;10442;20;10444;17;;;10436.5;0.0
yf_ZC=F_d5;19100;ASH_COATED_OSMIUM;9916;17;9913;18;;;9928;14;9931;18;;;9922.0;0.0
yf_ZC=F_d5;19100;INTARIAN_PEPPER_ROOT;10429;24;10426;21;;;10446;17;10448;25;;;10437.5;0.0
yf_ZC=F_d5;19200;ASH_COATED_OSMIUM;9920;22;9918;20;;;9926;6;9928;18;;;9923.0;0.0
yf_ZC=F_d5;19200;INTARIAN_PEPPER_ROOT;10435;15;10431;31;;;10441;16;10444;27;;;10438.0;0.0
yf_ZC=F_d5;19300;ASH_COATED_OSMIUM;9919;10;9915;22;;;9925;14;9927;23;;;9922.0;0.0
yf_ZC=F_d5;19300;INTARIAN_PEPPER_ROOT;10436;26;10433;11;;;10442;10;10444;20;;;10439.0;0.0
yf_ZC=F_d5;19400;ASH_COATED_OSMIUM;9920;12;9917;18;;;9926;17;9929;21;;;9923.0;0.0
yf_ZC=F_d5;19400;INTARIAN_PEPPER_ROOT;10437;16;10433;20;;;10443;19;10446;10;;;10440.0;0.0
yf_ZC=F_d5;19500;ASH_COATED_OSMIUM;9916;18;9912;25;;;9930;9;9934;23;;;9923.0;0.0
yf_ZC=F_d5;19500;INTARIAN_PEPPER_ROOT;10438;18;10436;25;;;10444;5;10447;28;;;10441.0;0.0
yf_ZC=F_d5;19600;ASH_COATED_OSMIUM;9919;14;9916;22;;;9925;10;9929;19;;;9922.0;0.0
yf_ZC=F_d5;19600;INTARIAN_PEPPER_ROOT;10438;17;10435;19;;;10444;8;10446;18;;;10441.0;0.0
yf_ZC=F_d5;19700;ASH_COATED_OSMIUM;9916;12;9914;23;;;9928;18;9930;17;;;9922.0;0.0
yf_ZC=F_d5;19700;INTARIAN_PEPPER_ROOT;10436;13;10433;28;;;10449;16;10451;17;;;10442.5;0.0
yf_ZC=F_d5;19800;ASH_COATED_OSMIUM;9919;12;9915;17;;;9925;21;9928;19;;;9922.0;0.0
yf_ZC=F_d5;19800;INTARIAN_PEPPER_ROOT;10434;17;10430;20;;;10452;14;10456;24;;;10443.0;0.0
yf_ZC=F_d5;19900;ASH_COATED_OSMIUM;9919;15;9916;19;;;9925;14;9929;20;;;9922.0;0.0
yf_ZC=F_d5;19900;INTARIAN_PEPPER_ROOT;10440;8;10438;18;;;10446;18;10450;20;;;10443.0;0.0
yf_ZC=F_d5;20000;ASH_COATED_OSMIUM;9919;13;9916;23;;;9925;8;9927;22;;;9922.0;0.0
yf_ZC=F_d5;20000;INTARIAN_PEPPER_ROOT;10441;11;10437;26;;;10447;14;10451;20;;;10444.0;0.0
yf_ZC=F_d5;20100;ASH_COATED_OSMIUM;9920;14;9918;24;;;9926;11;9928;12;;;9923.0;0.0
yf_ZC=F_d5;20100;INTARIAN_PEPPER_ROOT;10438;7;10435;18;;;10450;22;10453;24;;;10444.0;0.0
yf_ZC=F_d5;20200;ASH_COATED_OSMIUM;9920;22;9916;20;;;9926;5;9929;19;;;9923.0;0.0
yf_ZC=F_d5;20200;INTARIAN_PEPPER_ROOT;10442;20;10438;22;;;10448;7;10450;17;;;10445.0;0.0
yf_ZC=F_d5;20300;ASH_COATED_OSMIUM;9914;15;9912;18;;;9931;18;9934;19;;;9922.5;0.0
yf_ZC=F_d5;20300;INTARIAN_PEPPER_ROOT;10441;23;10438;11;;;10450;12;10454;19;;;10445.5;0.0
yf_ZC=F_d5;20400;ASH_COATED_OSMIUM;9917;12;9914;16;;;9928;11;9932;20;;;9922.5;0.0
yf_ZC=F_d5;20400;INTARIAN_PEPPER_ROOT;10443;19;10440;28;;;10449;13;10451;14;;;10446.0;0.0
yf_ZC=F_d5;20500;ASH_COATED_OSMIUM;9919;9;9916;16;;;9926;6;9928;22;;;9922.5;0.0
yf_ZC=F_d5;20500;INTARIAN_PEPPER_ROOT;10443;19;10440;21;;;10450;14;10453;21;;;10446.5;0.0
yf_ZC=F_d5;20600;ASH_COATED_OSMIUM;9920;10;9917;17;;;9926;16;9930;18;;;9923.0;0.0
yf_ZC=F_d5;20600;INTARIAN_PEPPER_ROOT;10445;13;10442;24;;;10451;15;10455;22;;;10448.0;0.0
yf_ZC=F_d5;20700;ASH_COATED_OSMIUM;9919;7;9915;24;;;9926;11;9929;20;;;9922.5;0.0
yf_ZC=F_d5;20700;INTARIAN_PEPPER_ROOT;10434;15;10431;32;;;10464;19;10467;21;;;10449.0;0.0
yf_ZC=F_d5;20800;ASH_COATED_OSMIUM;9917;11;9914;21;;;9928;11;9931;23;;;9922.5;0.0
yf_ZC=F_d5;20800;INTARIAN_PEPPER_ROOT;10446;10;10442;28;;;10452;15;10455;25;;;10449.0;0.0
yf_ZC=F_d5;20900;ASH_COATED_OSMIUM;9917;10;9915;17;;;9930;11;9933;18;;;9923.5;0.0
yf_ZC=F_d5;20900;INTARIAN_PEPPER_ROOT;10447;13;10445;27;;;10453;20;10455;29;;;10450.0;0.0
yf_ZC=F_d5;21000;ASH_COATED_OSMIUM;9921;17;9918;11;;;9927;12;9931;25;;;9924.0;0.0
yf_ZC=F_d5;21000;INTARIAN_PEPPER_ROOT;10447;20;10445;17;;;10453;13;10457;16;;;10450.0;0.0
yf_ZC=F_d5;21100;ASH_COATED_OSMIUM;9915;17;9911;19;;;9932;13;9936;18;;;9923.5;0.0
yf_ZC=F_d5;21100;INTARIAN_PEPPER_ROOT;10448;12;10446;26;;;10454;13;10458;18;;;10451.0;0.0
yf_ZC=F_d5;21200;ASH_COATED_OSMIUM;9910;6;9908;17;;;9936;15;9938;23;;;9923.0;0.0
yf_ZC=F_d5;21200;INTARIAN_PEPPER_ROOT;10449;13;10445;24;;;10455;19;10457;24;;;10452.0;0.0
yf_ZC=F_d5;21300;ASH_COATED_OSMIUM;9920;12;9916;16;;;9926;26;9929;16;;;9923.0;0.0
yf_ZC=F_d5;21300;INTARIAN_PEPPER_ROOT;10449;17;10446;18;;;10455;8;10458;20;;;10452.0;0.0
yf_ZC=F_d5;21400;ASH_COATED_OSMIUM;9920;13;9916;18;;;9926;14;9929;14;;;9923.0;0.0
yf_ZC=F_d5;21400;INTARIAN_PEPPER_ROOT;10450;17;10448;30;;;10456;15;10458;29;;;10453.0;0.0
yf_ZC=F_d5;21500;ASH_COATED_OSMIUM;9907;9;9904;21;;;9942;11;9945;18;;;9924.5;0.0
yf_ZC=F_d5;21500;INTARIAN_PEPPER_ROOT;10446;18;10444;20;;;10462;16;10464;21;;;10454.0;0.0
yf_ZC=F_d5;21600;ASH_COATED_OSMIUM;9909;11;9907;15;;;9939;23;9941;19;;;9924.0;0.0
yf_ZC=F_d5;21600;INTARIAN_PEPPER_ROOT;10451;7;10448;15;;;10457;11;10459;19;;;10454.0;0.0
yf_ZC=F_d5;21700;ASH_COATED_OSMIUM;9921;15;9917;23;;;9927;17;9931;16;;;9924.0;0.0
yf_ZC=F_d5;21700;INTARIAN_PEPPER_ROOT;10452;8;10450;29;;;10458;18;10461;18;;;10455.0;0.0
yf_ZC=F_d5;21800;ASH_COATED_OSMIUM;9920;10;9917;16;;;9928;10;9931;19;;;9924.0;0.0
yf_ZC=F_d5;21800;INTARIAN_PEPPER_ROOT;10449;9;10447;20;;;10463;16;10465;18;;;10456.0;0.0
yf_ZC=F_d5;21900;ASH_COATED_OSMIUM;9921;15;9919;24;;;9927;11;9931;14;;;9924.0;0.0
yf_ZC=F_d5;21900;INTARIAN_PEPPER_ROOT;10453;7;10450;19;;;10459;12;10462;14;;;10456.0;0.0
yf_ZC=F_d5;22000;ASH_COATED_OSMIUM;9920;17;9917;22;;;9928;14;9931;18;;;9924.0;0.0
yf_ZC=F_d5;22000;INTARIAN_PEPPER_ROOT;10452;12;10450;14;;;10462;15;10464;14;;;10457.0;0.0
yf_ZC=F_d5;22100;ASH_COATED_OSMIUM;9921;5;9917;21;;;9927;14;9931;19;;;9924.0;0.0
yf_ZC=F_d5;22100;INTARIAN_PEPPER_ROOT;10453;11;10451;26;;;10462;15;10464;23;;;10457.5;0.0
yf_ZC=F_d5;22200;ASH_COATED_OSMIUM;9916;5;9913;18;;;9932;19;9936;19;;;9924.0;0.0
yf_ZC=F_d5;22200;INTARIAN_PEPPER_ROOT;10455;10;10451;31;;;10461;23;10464;29;;;10458.0;0.0
yf_ZC=F_d5;22300;ASH_COATED_OSMIUM;9921;7;9917;14;;;9927;30;9930;15;;;9924.0;0.0
yf_ZC=F_d5;22300;INTARIAN_PEPPER_ROOT;10456;22;10454;17;;;10462;15;10464;22;;;10459.0;0.0
yf_ZC=F_d5;22400;ASH_COATED_OSMIUM;9921;6;9917;23;;;9927;8;9929;12;;;9924.0;0.0
yf_ZC=F_d5;22400;INTARIAN_PEPPER_ROOT;10457;14;10453;31;;;10463;16;10465;23;;;10460.0;0.0
yf_ZC=F_d5;22500;ASH_COATED_OSMIUM;9919;15;9915;15;;;9929;14;9933;16;;;9924.0;0.0
yf_ZC=F_d5;22500;INTARIAN_PEPPER_ROOT;10457;24;10454;20;;;10463;11;10467;20;;;10460.0;0.0
yf_ZC=F_d5;22600;ASH_COATED_OSMIUM;9919;19;9916;22;;;9930;15;9934;24;;;9924.5;0.0
yf_ZC=F_d5;22600;INTARIAN_PEPPER_ROOT;10458;21;10456;19;;;10464;14;10467;22;;;10461.0;0.0
yf_ZC=F_d5;22700;ASH_COATED_OSMIUM;9921;10;9918;22;;;9928;18;9932;18;;;9924.5;0.0
yf_ZC=F_d5;22700;INTARIAN_PEPPER_ROOT;10458;16;10456;16;;;10464;15;10468;22;;;10461.0;0.0
yf_ZC=F_d5;22800;ASH_COATED_OSMIUM;9922;10;9919;14;;;9928;15;9932;16;;;9925.0;0.0
yf_ZC=F_d5;22800;INTARIAN_PEPPER_ROOT;10459;14;10457;18;;;10465;19;10469;10;;;10462.0;0.0
yf_ZC=F_d5;22900;ASH_COATED_OSMIUM;9920;22;9916;24;;;9930;13;9932;28;;;9925.0;0.0
yf_ZC=F_d5;22900;INTARIAN_PEPPER_ROOT;10451;14;10448;18;;;10473;14;10476;20;;;10462.0;0.0
yf_ZC=F_d5;23000;ASH_COATED_OSMIUM;9921;16;9917;26;;;9929;14;9932;20;;;9925.0;0.0
yf_ZC=F_d5;23000;INTARIAN_PEPPER_ROOT;10458;19;10454;14;;;10467;26;10470;25;;;10462.5;0.0
yf_ZC=F_d5;23100;ASH_COATED_OSMIUM;9922;24;9919;12;;;9928;16;9932;22;;;9925.0;0.0
yf_ZC=F_d5;23100;INTARIAN_PEPPER_ROOT;10461;11;10458;25;;;10467;15;10469;24;;;10464.0;0.0
yf_ZC=F_d5;23200;ASH_COATED_OSMIUM;9922;15;9920;20;;;9928;17;9931;22;;;9925.0;0.0
yf_ZC=F_d5;23200;INTARIAN_PEPPER_ROOT;10461;19;10457;19;;;10467;18;10469;18;;;10464.0;0.0
yf_ZC=F_d5;23300;ASH_COATED_OSMIUM;9921;18;9918;22;;;9927;12;9929;17;;;9924.0;0.0
yf_ZC=F_d5;23300;INTARIAN_PEPPER_ROOT;10462;14;10459;20;;;10468;18;10470;22;;;10465.0;0.0
yf_ZC=F_d5;23400;ASH_COATED_OSMIUM;9922;15;9919;14;;;9928;14;9931;25;;;9925.0;0.0
yf_ZC=F_d5;23400;INTARIAN_PEPPER_ROOT;10463;5;10459;22;;;10469;11;10472;17;;;10466.0;0.0
yf_ZC=F_d5;23500;ASH_COATED_OSMIUM;9923;9;9919;21;;;9929;11;9932;13;;;9926.0;0.0
yf_ZC=F_d5;23500;INTARIAN_PEPPER_ROOT;10460;18;10457;22;;;10473;11;10476;23;;;10466.5;0.0
yf_ZC=F_d5;23600;ASH_COATED_OSMIUM;9914;21;9911;18;;;9937;13;9940;8;;;9925.5;0.0
yf_ZC=F_d5;23600;INTARIAN_PEPPER_ROOT;10465;5;10463;13;;;10471;25;10473;19;;;10468.0;0.0
yf_ZC=F_d5;23700;ASH_COATED_OSMIUM;9922;11;9918;23;;;9928;12;9931;17;;;9925.0;0.0
yf_ZC=F_d5;23700;INTARIAN_PEPPER_ROOT;10465;17;10461;20;;;10471;15;10473;26;;;10468.0;0.0
yf_ZC=F_d5;23800;ASH_COATED_OSMIUM;9922;18;9919;21;;;9928;12;9930;18;;;9925.0;0.0
yf_ZC=F_d5;23800;INTARIAN_PEPPER_ROOT;10466;15;10462;26;;;10472;21;10474;23;;;10469.0;0.0
yf_ZC=F_d5;23900;ASH_COATED_OSMIUM;9910;13;9908;22;;;9941;12;9943;22;;;9925.5;0.0
yf_ZC=F_d5;23900;INTARIAN_PEPPER_ROOT;10466;16;10463;11;;;10473;12;10477;17;;;10469.5;0.0
yf_ZC=F_d5;24000;ASH_COATED_OSMIUM;9923;8;9921;23;;;9929;24;9933;34;;;9926.0;0.0
yf_ZC=F_d5;24000;INTARIAN_PEPPER_ROOT;10467;5;10463;11;;;10473;12;10475;26;;;10470.0;0.0
yf_ZC=F_d5;24100;ASH_COATED_OSMIUM;9922;9;9918;18;;;9931;15;9935;25;;;9926.5;0.0
yf_ZC=F_d5;24100;INTARIAN_PEPPER_ROOT;10462;23;10458;19;;;10479;15;10482;24;;;10470.5;0.0
yf_ZC=F_d5;24200;ASH_COATED_OSMIUM;9923;13;9919;16;;;9929;15;9933;16;;;9926.0;0.0
yf_ZC=F_d5;24200;INTARIAN_PEPPER_ROOT;10468;13;10464;20;;;10474;16;10478;20;;;10471.0;0.0
yf_ZC=F_d5;24300;ASH_COATED_OSMIUM;9920;15;9917;22;;;9931;18;9935;23;;;9925.5;0.0
yf_ZC=F_d5;24300;INTARIAN_PEPPER_ROOT;10469;16;10467;20;;;10475;19;10478;15;;;10472.0;0.0
yf_ZC=F_d5;24400;ASH_COATED_OSMIUM;9923;5;9921;24;;;9929;18;9933;18;;;9926.0;0.0
yf_ZC=F_d5;24400;INTARIAN_PEPPER_ROOT;10469;18;10466;21;;;10475;8;10477;18;;;10472.0;0.0
yf_ZC=F_d5;24500;ASH_COATED_OSMIUM;9923;6;9919;19;;;9929;7;9931;23;;;9926.0;0.0
yf_ZC=F_d5;24500;INTARIAN_PEPPER_ROOT;10470;15;10467;23;;;10476;10;10480;19;;;10473.0;0.0
yf_ZC=F_d5;24600;ASH_COATED_OSMIUM;9918;22;9915;23;;;9934;9;9937;17;;;9926.0;0.0
yf_ZC=F_d5;24600;INTARIAN_PEPPER_ROOT;10461;10;10457;25;;;10485;13;10489;19;;;10473.0;0.0
yf_ZC=F_d5;24700;ASH_COATED_OSMIUM;9922;15;9918;16;;;9930;18;9934;18;;;9926.0;0.0
yf_ZC=F_d5;24700;INTARIAN_PEPPER_ROOT;10471;10;10467;23;;;10477;10;10481;20;;;10474.0;0.0
yf_ZC=F_d5;24800;ASH_COATED_OSMIUM;9923;9;9919;16;;;9929;21;9933;15;;;9926.0;0.0
yf_ZC=F_d5;24800;INTARIAN_PEPPER_ROOT;10472;16;10469;14;;;10478;14;10481;13;;;10475.0;0.0
yf_ZC=F_d5;24900;ASH_COATED_OSMIUM;9923;11;9920;18;;;9929;5;9932;20;;;9926.0;0.0
yf_ZC=F_d5;24900;INTARIAN_PEPPER_ROOT;10473;19;10471;25;;;10479;15;10481;20;;;10476.0;0.0
yf_ZC=F_d5;25000;ASH_COATED_OSMIUM;9923;14;9921;19;;;9929;13;9932;23;;;9926.0;0.0
yf_ZC=F_d5;25000;INTARIAN_PEPPER_ROOT;10472;10;10468;19;;;10478;15;10482;18;;;10475.0;0.0
yf_ZC=F_d5;25100;ASH_COATED_OSMIUM;9923;18;9919;28;;;9929;13;9932;24;;;9926.0;0.0
yf_ZC=F_d5;25100;INTARIAN_PEPPER_ROOT;10470;7;10466;29;;;10485;20;10488;13;;;10477.5;0.0
yf_ZC=F_d5;25200;ASH_COATED_OSMIUM;9922;19;9920;19;;;9931;13;9934;18;;;9926.5;0.0
yf_ZC=F_d5;25200;INTARIAN_PEPPER_ROOT;10475;5;10471;31;;;10481;5;10484;21;;;10478.0;0.0
yf_ZC=F_d5;25300;ASH_COATED_OSMIUM;9923;18;9921;27;;;9929;22;9933;21;;;9926.0;0.0
yf_ZC=F_d5;25300;INTARIAN_PEPPER_ROOT;10476;16;10474;21;;;10482;16;10484;21;;;10479.0;0.0
yf_ZC=F_d5;25400;ASH_COATED_OSMIUM;9924;16;9922;19;;;9930;20;9934;21;;;9927.0;0.0
yf_ZC=F_d5;25400;INTARIAN_PEPPER_ROOT;10476;15;10474;23;;;10482;5;10485;18;;;10479.0;0.0
yf_ZC=F_d5;25500;ASH_COATED_OSMIUM;9923;24;9919;22;;;9929;8;9933;14;;;9926.0;0.0
yf_ZC=F_d5;25500;INTARIAN_PEPPER_ROOT;10477;26;10473;19;;;10483;16;10485;13;;;10480.0;0.0
yf_ZC=F_d5;25600;ASH_COATED_OSMIUM;9924;13;9920;25;;;9930;15;9932;13;;;9927.0;0.0
yf_ZC=F_d5;25600;INTARIAN_PEPPER_ROOT;10478;15;10476;10;;;10484;16;10486;13;;;10481.0;0.0
yf_ZC=F_d5;25700;ASH_COATED_OSMIUM;9924;13;9920;26;;;9931;19;9935;14;;;9927.5;0.0
yf_ZC=F_d5;25700;INTARIAN_PEPPER_ROOT;10479;18;10475;24;;;10485;8;10489;24;;;10482.0;0.0
yf_ZC=F_d5;25800;ASH_COATED_OSMIUM;9919;17;9917;20;;;9936;11;9938;18;;;9927.5;0.0
yf_ZC=F_d5;25800;INTARIAN_PEPPER_ROOT;10479;24;10476;22;;;10485;25;10487;19;;;10482.0;0.0
yf_ZC=F_d5;25900;ASH_COATED_OSMIUM;9924;25;9920;27;;;9930;14;9934;19;;;9927.0;0.0
yf_ZC=F_d5;25900;INTARIAN_PEPPER_ROOT;10479;20;10476;19;;;10485;13;10487;30;;;10482.0;0.0
yf_ZC=F_d5;26000;ASH_COATED_OSMIUM;9923;16;9919;12;;;9931;12;9934;17;;;9927.0;0.0
yf_ZC=F_d5;26000;INTARIAN_PEPPER_ROOT;10481;11;10477;19;;;10487;9;10489;18;;;10484.0;0.0
yf_ZC=F_d5;26100;ASH_COATED_OSMIUM;9924;14;9922;19;;;9930;19;9932;21;;;9927.0;0.0
yf_ZC=F_d5;26100;INTARIAN_PEPPER_ROOT;10475;19;10471;13;;;10493;12;10495;17;;;10484.0;0.0
yf_ZC=F_d5;26200;ASH_COATED_OSMIUM;9925;18;9923;24;;;9931;10;9935;25;;;9928.0;0.0
yf_ZC=F_d5;26200;INTARIAN_PEPPER_ROOT;10480;13;10477;20;;;10489;15;10492;21;;;10484.5;0.0
yf_ZC=F_d5;26300;ASH_COATED_OSMIUM;9924;16;9922;17;;;9930;17;9934;13;;;9927.0;0.0
yf_ZC=F_d5;26300;INTARIAN_PEPPER_ROOT;10477;11;10473;25;;;10493;15;10496;18;;;10485.0;0.0
yf_ZC=F_d5;26400;ASH_COATED_OSMIUM;9925;12;9923;17;;;9931;13;9935;15;;;9928.0;0.0
yf_ZC=F_d5;26400;INTARIAN_PEPPER_ROOT;10483;13;10481;13;;;10489;19;10493;19;;;10486.0;0.0
yf_ZC=F_d5;26500;ASH_COATED_OSMIUM;9924;14;9921;22;;;9930;17;9934;25;;;9927.0;0.0
yf_ZC=F_d5;26500;INTARIAN_PEPPER_ROOT;10481;22;10479;19;;;10491;5;10493;19;;;10486.0;0.0
yf_ZC=F_d5;26600;ASH_COATED_OSMIUM;9925;8;9922;20;;;9932;18;9935;14;;;9928.5;0.0
yf_ZC=F_d5;26600;INTARIAN_PEPPER_ROOT;10479;15;10476;24;;;10496;6;10500;16;;;10487.5;0.0
yf_ZC=F_d5;26700;ASH_COATED_OSMIUM;9925;17;9921;16;;;9931;15;9933;23;;;9928.0;0.0
yf_ZC=F_d5;26700;INTARIAN_PEPPER_ROOT;10482;13;10480;22;;;10493;12;10496;16;;;10487.5;0.0
yf_ZC=F_d5;26800;ASH_COATED_OSMIUM;9925;11;9923;24;;;9931;12;9933;26;;;9928.0;0.0
yf_ZC=F_d5;26800;INTARIAN_PEPPER_ROOT;10485;14;10481;27;;;10491;14;10493;16;;;10488.0;0.0
yf_ZC=F_d5;26900;ASH_COATED_OSMIUM;9921;10;9917;20;;;9936;15;9939;24;;;9928.5;0.0
yf_ZC=F_d5;26900;INTARIAN_PEPPER_ROOT;10486;18;10482;18;;;10493;16;10495;25;;;10489.5;0.0
yf_ZC=F_d5;27000;ASH_COATED_OSMIUM;9925;13;9922;20;;;9931;17;9935;18;;;9928.0;0.0
yf_ZC=F_d5;27000;INTARIAN_PEPPER_ROOT;10487;26;10483;26;;;10493;21;10497;17;;;10490.0;0.0
yf_ZC=F_d5;27100;ASH_COATED_OSMIUM;9923;15;9919;8;;;9934;10;9938;20;;;9928.5;0.0
yf_ZC=F_d5;27100;INTARIAN_PEPPER_ROOT;10487;14;10485;14;;;10493;12;10496;18;;;10490.0;0.0
yf_ZC=F_d5;27200;ASH_COATED_OSMIUM;9925;14;9921;15;;;9931;13;9934;15;;;9928.0;0.0
yf_ZC=F_d5;27200;INTARIAN_PEPPER_ROOT;10478;19;10475;18;;;10504;11;10506;18;;;10491.0;0.0
yf_ZC=F_d5;27300;ASH_COATED_OSMIUM;9921;21;9918;21;;;9935;13;9939;27;;;9928.0;0.0
yf_ZC=F_d5;27300;INTARIAN_PEPPER_ROOT;10487;14;10484;24;;;10496;11;10498;19;;;10491.5;0.0
yf_ZC=F_d5;27400;ASH_COATED_OSMIUM;9925;20;9923;27;;;9931;12;9933;26;;;9928.0;0.0
yf_ZC=F_d5;27400;INTARIAN_PEPPER_ROOT;10490;14;10486;23;;;10496;20;10498;24;;;10493.0;0.0
yf_ZC=F_d5;27500;ASH_COATED_OSMIUM;9913;11;9909;18;;;9944;12;9946;23;;;9928.5;0.0
yf_ZC=F_d5;27500;INTARIAN_PEPPER_ROOT;10490;15;10486;23;;;10496;14;10498;28;;;10493.0;0.0
yf_ZC=F_d5;27600;ASH_COATED_OSMIUM;9925;25;9923;14;;;9931;11;9934;16;;;9928.0;0.0
yf_ZC=F_d5;27600;INTARIAN_PEPPER_ROOT;10488;19;10486;18;;;10500;6;10502;19;;;10494.0;0.0
yf_ZC=F_d5;27700;ASH_COATED_OSMIUM;9925;12;9923;13;;;9931;14;9934;14;;;9928.0;0.0
yf_ZC=F_d5;27700;INTARIAN_PEPPER_ROOT;10489;9;10485;18;;;10499;7;10501;31;;;10494.0;0.0
yf_ZC=F_d5;27800;ASH_COATED_OSMIUM;9923;13;9920;19;;;9933;19;9937;24;;;9928.0;0.0
yf_ZC=F_d5;27800;INTARIAN_PEPPER_ROOT;10492;11;10490;27;;;10498;13;10502;22;;;10495.0;0.0
yf_ZC=F_d5;27900;ASH_COATED_OSMIUM;9922;10;9919;19;;;9934;20;9937;31;;;9928.0;0.0
yf_ZC=F_d5;27900;INTARIAN_PEPPER_ROOT;10483;15;10481;27;;;10509;10;10512;14;;;10496.0;0.0
yf_ZC=F_d5;28000;ASH_COATED_OSMIUM;9926;18;9924;24;;;9932;20;9934;21;;;9929.0;0.0
yf_ZC=F_d5;28000;INTARIAN_PEPPER_ROOT;10494;9;10491;23;;;10500;12;10503;21;;;10497.0;0.0
yf_ZC=F_d5;28100;ASH_COATED_OSMIUM;9925;10;9922;27;;;9931;12;9934;17;;;9928.0;0.0
yf_ZC=F_d5;28100;INTARIAN_PEPPER_ROOT;10494;23;10490;28;;;10500;5;10502;17;;;10497.0;0.0
yf_ZC=F_d5;28200;ASH_COATED_OSMIUM;9923;21;9921;15;;;9934;21;9938;23;;;9928.5;0.0
yf_ZC=F_d5;28200;INTARIAN_PEPPER_ROOT;10494;12;10492;19;;;10500;8;10502;18;;;10497.0;0.0
yf_ZC=F_d5;28300;ASH_COATED_OSMIUM;9926;12;9923;19;;;9932;13;9934;17;;;9929.0;0.0
yf_ZC=F_d5;28300;INTARIAN_PEPPER_ROOT;10496;17;10492;21;;;10502;11;10504;16;;;10499.0;0.0
yf_ZC=F_d5;28400;ASH_COATED_OSMIUM;9924;15;9921;26;;;9933;8;9936;16;;;9928.5;0.0
yf_ZC=F_d5;28400;INTARIAN_PEPPER_ROOT;10496;15;10494;22;;;10502;14;10506;16;;;10499.0;0.0
yf_ZC=F_d5;28500;ASH_COATED_OSMIUM;9926;5;9923;18;;;9932;10;9934;15;;;9929.0;0.0
yf_ZC=F_d5;28500;INTARIAN_PEPPER_ROOT;10493;16;10491;16;;;10506;10;10510;26;;;10499.5;0.0
yf_ZC=F_d5;28600;ASH_COATED_OSMIUM;9926;11;9923;23;;;9932;21;9934;8;;;9929.0;0.0
yf_ZC=F_d5;28600;INTARIAN_PEPPER_ROOT;10486;17;10484;24;;;10514;6;10518;10;;;10500.0;0.0
yf_ZC=F_d5;28700;ASH_COATED_OSMIUM;9926;22;9922;15;;;9932;5;9936;13;;;9929.0;0.0
yf_ZC=F_d5;28700;INTARIAN_PEPPER_ROOT;10498;16;10496;23;;;10504;11;10506;28;;;10501.0;0.0
yf_ZC=F_d5;28800;ASH_COATED_OSMIUM;9927;20;9924;22;;;9933;5;9935;13;;;9930.0;0.0
yf_ZC=F_d5;28800;INTARIAN_PEPPER_ROOT;10498;7;10496;25;;;10504;12;10507;19;;;10501.0;0.0
yf_ZC=F_d5;28900;ASH_COATED_OSMIUM;9926;10;9922;18;;;9932;16;9935;20;;;9929.0;0.0
yf_ZC=F_d5;28900;INTARIAN_PEPPER_ROOT;10498;14;10495;26;;;10505;11;10507;23;;;10501.5;0.0
yf_ZC=F_d5;29000;ASH_COATED_OSMIUM;9925;10;9922;21;;;9932;12;9935;18;;;9928.5;0.0
yf_ZC=F_d5;29000;INTARIAN_PEPPER_ROOT;10495;8;10492;33;;;10510;16;10513;16;;;10502.5;0.0
yf_ZC=F_d5;29100;ASH_COATED_OSMIUM;9927;14;9924;20;;;9933;11;9937;25;;;9930.0;0.0
yf_ZC=F_d5;29100;INTARIAN_PEPPER_ROOT;10490;11;10488;20;;;10517;16;10521;20;;;10503.5;0.0
yf_ZC=F_d5;29200;ASH_COATED_OSMIUM;9921;10;9918;24;;;9938;10;9942;25;;;9929.5;0.0
yf_ZC=F_d5;29200;INTARIAN_PEPPER_ROOT;10501;13;10499;23;;;10507;12;10511;18;;;10504.0;0.0
yf_ZC=F_d5;29300;ASH_COATED_OSMIUM;9927;17;9924;18;;;9933;26;9937;18;;;9930.0;0.0
yf_ZC=F_d5;29300;INTARIAN_PEPPER_ROOT;10502;12;10499;16;;;10508;13;10510;33;;;10505.0;0.0
yf_ZC=F_d5;29400;ASH_COATED_OSMIUM;9927;11;9924;15;;;9933;17;9935;15;;;9930.0;0.0
yf_ZC=F_d5;29400;INTARIAN_PEPPER_ROOT;10503;16;10499;21;;;10509;9;10511;24;;;10506.0;0.0
yf_ZC=F_d5;29500;ASH_COATED_OSMIUM;9927;17;9923;15;;;9933;20;9936;15;;;9930.0;0.0
yf_ZC=F_d5;29500;INTARIAN_PEPPER_ROOT;10497;17;10495;19;;;10514;18;10518;13;;;10505.5;0.0
yf_ZC=F_d5;29600;ASH_COATED_OSMIUM;9925;10;9921;17;;;9935;19;9939;28;;;9930.0;0.0
yf_ZC=F_d5;29600;INTARIAN_PEPPER_ROOT;10503;14;10500;11;;;10509;7;10511;18;;;10506.0;0.0
yf_ZC=F_d5;29700;ASH_COATED_OSMIUM;9927;5;9924;16;;;9933;13;9937;24;;;9930.0;0.0
yf_ZC=F_d5;29700;INTARIAN_PEPPER_ROOT;10503;19;10500;25;;;10512;14;10516;18;;;10507.5;0.0
yf_ZC=F_d5;29800;ASH_COATED_OSMIUM;9927;9;9923;31;;;9933;14;9935;22;;;9930.0;0.0
yf_ZC=F_d5;29800;INTARIAN_PEPPER_ROOT;10505;13;10503;30;;;10511;18;10514;16;;;10508.0;0.0
yf_ZC=F_d5;29900;ASH_COATED_OSMIUM;9927;11;9925;20;;;9933;18;9936;26;;;9930.0;0.0
yf_ZC=F_d5;29900;INTARIAN_PEPPER_ROOT;10503;5;10499;17;;;10513;11;10515;23;;;10508.0;0.0
yf_ZC=F_d5;30000;ASH_COATED_OSMIUM;9925;8;9922;20;;;9935;16;9938;17;;;9930.0;0.0
yf_ZC=F_d5;30000;INTARIAN_PEPPER_ROOT;10506;20;10504;16;;;10513;10;10517;12;;;10509.5;0.0
yf_ZC=F_d5;30100;ASH_COATED_OSMIUM;9916;20;9914;31;;;9944;14;9946;24;;;9930.0;0.0
yf_ZC=F_d5;30100;INTARIAN_PEPPER_ROOT;10507;19;10505;16;;;10513;19;10515;22;;;10510.0;0.0
yf_ZC=F_d5;30200;ASH_COATED_OSMIUM;9927;15;9923;22;;;9933;23;9935;16;;;9930.0;0.0
yf_ZC=F_d5;30200;INTARIAN_PEPPER_ROOT;10507;12;10504;16;;;10513;16;10515;31;;;10510.0;0.0
yf_ZC=F_d5;30300;ASH_COATED_OSMIUM;9922;20;9918;23;;;9939;14;9943;30;;;9930.5;0.0
yf_ZC=F_d5;30300;INTARIAN_PEPPER_ROOT;10496;13;10493;17;;;10525;12;10527;16;;;10510.5;0.0
yf_ZC=F_d5;30400;ASH_COATED_OSMIUM;9926;12;9922;23;;;9935;14;9939;21;;;9930.5;0.0
yf_ZC=F_d5;30400;INTARIAN_PEPPER_ROOT;10507;7;10503;11;;;10516;20;10519;16;;;10511.5;0.0
yf_ZC=F_d5;30500;ASH_COATED_OSMIUM;9926;13;9923;19;;;9934;18;9936;21;;;9930.0;0.0
yf_ZC=F_d5;30500;INTARIAN_PEPPER_ROOT;10510;19;10507;18;;;10516;19;10520;15;;;10513.0;0.0
yf_ZC=F_d5;30600;ASH_COATED_OSMIUM;9927;5;9924;16;;;9933;21;9936;32;;;9930.0;0.0
yf_ZC=F_d5;30600;INTARIAN_PEPPER_ROOT;10510;9;10507;12;;;10516;16;10519;25;;;10513.0;0.0
yf_ZC=F_d5;30700;ASH_COATED_OSMIUM;9928;21;9925;20;;;9934;8;9938;17;;;9931.0;0.0
yf_ZC=F_d5;30700;INTARIAN_PEPPER_ROOT;10509;19;10505;10;;;10520;11;10523;18;;;10514.5;0.0
yf_ZC=F_d5;30800;ASH_COATED_OSMIUM;9921;16;9918;17;;;9940;8;9942;12;;;9930.5;0.0
yf_ZC=F_d5;30800;INTARIAN_PEPPER_ROOT;10512;16;10508;12;;;10518;7;10522;19;;;10515.0;0.0
yf_ZC=F_d5;30900;ASH_COATED_OSMIUM;9918;9;9914;17;;;9943;21;9947;13;;;9930.5;0.0
yf_ZC=F_d5;30900;INTARIAN_PEPPER_ROOT;10512;13;10509;17;;;10518;16;10520;24;;;10515.0;0.0
yf_ZC=F_d5;31000;ASH_COATED_OSMIUM;9927;6;9923;16;;;9934;19;9936;23;;;9930.5;0.0
yf_ZC=F_d5;31000;INTARIAN_PEPPER_ROOT;10513;18;10509;17;;;10519;18;10523;17;;;10516.0;0.0
yf_ZC=F_d5;31100;ASH_COATED_OSMIUM;9927;16;9924;19;;;9933;6;9936;22;;;9930.0;0.0
yf_ZC=F_d5;31100;INTARIAN_PEPPER_ROOT;10512;15;10509;17;;;10521;9;10524;20;;;10516.5;0.0
yf_ZC=F_d5;31200;ASH_COATED_OSMIUM;9928;5;9925;14;;;9934;11;9938;20;;;9931.0;0.0
yf_ZC=F_d5;31200;INTARIAN_PEPPER_ROOT;10514;24;10511;23;;;10520;20;10524;21;;;10517.0;0.0
yf_ZC=F_d5;31300;ASH_COATED_OSMIUM;9929;8;9927;20;;;9935;11;9939;25;;;9932.0;0.0
yf_ZC=F_d5;31300;INTARIAN_PEPPER_ROOT;10515;22;10511;15;;;10521;20;10525;31;;;10518.0;0.0
yf_ZC=F_d5;31400;ASH_COATED_OSMIUM;9925;12;9922;18;;;9938;18;9940;13;;;9931.5;0.0
yf_ZC=F_d5;31400;INTARIAN_PEPPER_ROOT;10515;16;10511;18;;;10521;9;10525;23;;;10518.0;0.0
yf_ZC=F_d5;31500;ASH_COATED_OSMIUM;9925;17;9923;12;;;9938;18;9942;19;;;9931.5;0.0
yf_ZC=F_d5;31500;INTARIAN_PEPPER_ROOT;10516;18;10514;29;;;10522;16;10524;15;;;10519.0;0.0
yf_ZC=F_d5;31600;ASH_COATED_OSMIUM;9927;14;9923;28;;;9937;14;9941;26;;;9932.0;0.0
yf_ZC=F_d5;31600;INTARIAN_PEPPER_ROOT;10517;5;10513;21;;;10523;14;10525;24;;;10520.0;0.0
yf_ZC=F_d5;31700;ASH_COATED_OSMIUM;9928;10;9926;21;;;9934;19;9936;22;;;9931.0;0.0
yf_ZC=F_d5;31700;INTARIAN_PEPPER_ROOT;10518;10;10516;8;;;10524;13;10528;16;;;10521.0;0.0
yf_ZC=F_d5;31800;ASH_COATED_OSMIUM;9928;20;9924;21;;;9935;14;9937;15;;;9931.5;0.0
yf_ZC=F_d5;31800;INTARIAN_PEPPER_ROOT;10513;5;10510;25;;;10530;12;10534;16;;;10521.5;0.0
yf_ZC=F_d5;31900;ASH_COATED_OSMIUM;9927;10;9923;16;;;9936;5;9938;22;;;9931.5;0.0
yf_ZC=F_d5;31900;INTARIAN_PEPPER_ROOT;10514;15;10510;12;;;10529;17;10533;18;;;10521.5;0.0
yf_ZC=F_d5;32000;ASH_COATED_OSMIUM;9927;20;9925;25;;;9936;5;9940;23;;;9931.5;0.0
yf_ZC=F_d5;32000;INTARIAN_PEPPER_ROOT;10520;19;10517;15;;;10526;5;10530;18;;;10523.0;0.0
yf_ZC=F_d5;32100;ASH_COATED_OSMIUM;9929;13;9925;11;;;9935;18;9937;13;;;9932.0;0.0
yf_ZC=F_d5;32100;INTARIAN_PEPPER_ROOT;10513;16;10510;24;;;10533;9;10536;15;;;10523.0;0.0
yf_ZC=F_d5;32200;ASH_COATED_OSMIUM;9928;16;9925;21;;;9934;13;9937;15;;;9931.0;0.0
yf_ZC=F_d5;32200;INTARIAN_PEPPER_ROOT;10521;17;10518;16;;;10527;21;10531;25;;;10524.0;0.0
yf_ZC=F_d5;32300;ASH_COATED_OSMIUM;9929;17;9925;21;;;9935;14;9937;20;;;9932.0;0.0
yf_ZC=F_d5;32300;INTARIAN_PEPPER_ROOT;10521;12;10517;17;;;10527;23;10529;16;;;10524.0;0.0
yf_ZC=F_d5;32400;ASH_COATED_OSMIUM;9929;12;9926;26;;;9935;20;9939;20;;;9932.0;0.0
yf_ZC=F_d5;32400;INTARIAN_PEPPER_ROOT;10522;18;10518;26;;;10528;20;10532;19;;;10525.0;0.0
yf_ZC=F_d5;32500;ASH_COATED_OSMIUM;9929;25;9927;15;;;9935;17;9937;18;;;9932.0;0.0
yf_ZC=F_d5;32500;INTARIAN_PEPPER_ROOT;10523;13;10521;20;;;10529;11;10531;14;;;10526.0;0.0
yf_ZC=F_d5;32600;ASH_COATED_OSMIUM;9928;21;9926;15;;;9934;10;9938;27;;;9931.0;0.0
yf_ZC=F_d5;32600;INTARIAN_PEPPER_ROOT;10523;15;10520;18;;;10529;11;10533;23;;;10526.0;0.0
yf_ZC=F_d5;32700;ASH_COATED_OSMIUM;9927;26;9923;20;;;9937;18;9939;23;;;9932.0;0.0
yf_ZC=F_d5;32700;INTARIAN_PEPPER_ROOT;10524;5;10521;20;;;10530;21;10532;26;;;10527.0;0.0
yf_ZC=F_d5;32800;ASH_COATED_OSMIUM;9929;19;9925;13;;;9935;20;9937;18;;;9932.0;0.0
yf_ZC=F_d5;32800;INTARIAN_PEPPER_ROOT;10521;18;10517;22;;;10535;14;10537;19;;;10528.0;0.0
yf_ZC=F_d5;32900;ASH_COATED_OSMIUM;9929;19;9925;23;;;9935;8;9938;25;;;9932.0;0.0
yf_ZC=F_d5;32900;INTARIAN_PEPPER_ROOT;10525;9;10522;19;;;10531;20;10534;10;;;10528.0;0.0
yf_ZC=F_d5;33000;ASH_COATED_OSMIUM;9929;12;9927;25;;;9935;14;9937;13;;;9932.0;0.0
yf_ZC=F_d5;33000;INTARIAN_PEPPER_ROOT;10522;10;10519;14;;;10535;17;10538;15;;;10528.5;0.0
yf_ZC=F_d5;33100;ASH_COATED_OSMIUM;9929;17;9927;23;;;9935;18;9939;26;;;9932.0;0.0
yf_ZC=F_d5;33100;INTARIAN_PEPPER_ROOT;10527;13;10525;25;;;10533;11;10535;15;;;10530.0;0.0
yf_ZC=F_d5;33200;ASH_COATED_OSMIUM;9919;13;9917;19;;;9947;17;9951;19;;;9933.0;0.0
yf_ZC=F_d5;33200;INTARIAN_PEPPER_ROOT;10527;10;10523;26;;;10534;20;10536;23;;;10530.5;0.0
yf_ZC=F_d5;33300;ASH_COATED_OSMIUM;9929;14;9925;22;;;9935;15;9938;17;;;9932.0;0.0
yf_ZC=F_d5;33300;INTARIAN_PEPPER_ROOT;10526;9;10524;26;;;10537;18;10541;28;;;10531.5;0.0
yf_ZC=F_d5;33400;ASH_COATED_OSMIUM;9929;11;9926;17;;;9935;7;9939;26;;;9932.0;0.0
yf_ZC=F_d5;33400;INTARIAN_PEPPER_ROOT;10523;22;10521;28;;;10539;12;10541;20;;;10531.0;0.0
yf_ZC=F_d5;33500;ASH_COATED_OSMIUM;9930;18;9927;17;;;9936;14;9938;20;;;9933.0;0.0
yf_ZC=F_d5;33500;INTARIAN_PEPPER_ROOT;10529;13;10526;18;;;10535;15;10537;12;;;10532.0;0.0
yf_ZC=F_d5;33600;ASH_COATED_OSMIUM;9920;7;9918;17;;;9946;7;9950;22;;;9933.0;0.0
yf_ZC=F_d5;33600;INTARIAN_PEPPER_ROOT;10530;22;10526;24;;;10536;19;10539;9;;;10533.0;0.0
yf_ZC=F_d5;33700;ASH_COATED_OSMIUM;9930;8;9928;16;;;9936;14;9938;15;;;9933.0;0.0
yf_ZC=F_d5;33700;INTARIAN_PEPPER_ROOT;10530;16;10528;25;;;10537;17;10541;18;;;10533.5;0.0
yf_ZC=F_d5;33800;ASH_COATED_OSMIUM;9930;26;9928;14;;;9936;18;9939;27;;;9933.0;0.0
yf_ZC=F_d5;33800;INTARIAN_PEPPER_ROOT;10532;22;10528;20;;;10538;26;10540;33;;;10535.0;0.0
yf_ZC=F_d5;33900;ASH_COATED_OSMIUM;9928;14;9924;24;;;9938;15;9941;25;;;9933.0;0.0
yf_ZC=F_d5;33900;INTARIAN_PEPPER_ROOT;10532;21;10530;23;;;10538;11;10541;21;;;10535.0;0.0
yf_ZC=F_d5;34000;ASH_COATED_OSMIUM;9930;10;9927;20;;;9936;15;9939;10;;;9933.0;0.0
yf_ZC=F_d5;34000;INTARIAN_PEPPER_ROOT;10512;7;10508;26;;;10557;13;10559;14;;;10534.5;0.0
yf_ZC=F_d5;34100;ASH_COATED_OSMIUM;9930;18;9928;22;;;9936;13;9939;12;;;9933.0;0.0
yf_ZC=F_d5;34100;INTARIAN_PEPPER_ROOT;10530;9;10527;19;;;10536;20;10539;13;;;10533.0;0.0
yf_ZC=F_d5;34200;ASH_COATED_OSMIUM;9929;11;9925;13;;;9937;12;9940;26;;;9933.0;0.0
yf_ZC=F_d5;34200;INTARIAN_PEPPER_ROOT;10529;16;10526;19;;;10536;16;10539;16;;;10532.5;0.0
yf_ZC=F_d5;34300;ASH_COATED_OSMIUM;9931;8;9929;26;;;9937;9;9941;17;;;9934.0;0.0
yf_ZC=F_d5;34300;INTARIAN_PEPPER_ROOT;10528;8;10525;18;;;10538;20;10542;22;;;10533.0;0.0
yf_ZC=F_d5;34400;ASH_COATED_OSMIUM;9930;14;9928;12;;;9936;18;9939;17;;;9933.0;0.0
yf_ZC=F_d5;34400;INTARIAN_PEPPER_ROOT;10528;10;10526;18;;;10534;19;10537;16;;;10531.0;0.0
yf_ZC=F_d5;34500;ASH_COATED_OSMIUM;9931;12;9929;21;;;9937;11;9939;17;;;9934.0;0.0
yf_ZC=F_d5;34500;INTARIAN_PEPPER_ROOT;10520;9;10517;17;;;10540;13;10544;18;;;10530.0;0.0
yf_ZC=F_d5;34600;ASH_COATED_OSMIUM;9929;14;9926;25;;;9938;19;9942;14;;;9933.5;0.0
yf_ZC=F_d5;34600;INTARIAN_PEPPER_ROOT;10526;5;10523;21;;;10532;25;10535;18;;;10529.0;0.0
yf_ZC=F_d5;34700;ASH_COATED_OSMIUM;9928;16;9926;20;;;9939;17;9942;24;;;9933.5;0.0
yf_ZC=F_d5;34700;INTARIAN_PEPPER_ROOT;10526;14;10524;17;;;10532;22;10534;20;;;10529.0;0.0
yf_ZC=F_d5;34800;ASH_COATED_OSMIUM;9931;18;9929;17;;;9937;20;9939;29;;;9934.0;0.0
yf_ZC=F_d5;34800;INTARIAN_PEPPER_ROOT;10519;9;10517;15;;;10537;16;10541;18;;;10528.0;0.0
yf_ZC=F_d5;34900;ASH_COATED_OSMIUM;9931;20;9928;26;;;9937;18;9939;19;;;9934.0;0.0
yf_ZC=F_d5;34900;INTARIAN_PEPPER_ROOT;10518;13;10514;23;;;10537;5;10541;21;;;10527.5;0.0
yf_ZC=F_d5;35000;ASH_COATED_OSMIUM;9930;19;9927;16;;;9937;15;9941;17;;;9933.5;0.0
yf_ZC=F_d5;35000;INTARIAN_PEPPER_ROOT;10523;8;10521;35;;;10529;20;10531;26;;;10526.0;0.0
yf_ZC=F_d5;35100;ASH_COATED_OSMIUM;9931;21;9928;22;;;9937;9;9940;22;;;9934.0;0.0
yf_ZC=F_d5;35100;INTARIAN_PEPPER_ROOT;10521;18;10518;25;;;10529;9;10531;23;;;10525.0;0.0
yf_ZC=F_d5;35200;ASH_COATED_OSMIUM;9931;13;9927;18;;;9938;17;9941;17;;;9934.5;0.0
yf_ZC=F_d5;35200;INTARIAN_PEPPER_ROOT;10522;12;10519;15;;;10528;16;10530;26;;;10525.0;0.0
yf_ZC=F_d5;35300;ASH_COATED_OSMIUM;9931;11;9929;25;;;9937;20;9940;20;;;9934.0;0.0
yf_ZC=F_d5;35300;INTARIAN_PEPPER_ROOT;10521;20;10518;18;;;10527;11;10529;19;;;10524.0;0.0
yf_ZC=F_d5;35400;ASH_COATED_OSMIUM;9931;12;9928;24;;;9937;12;9941;17;;;9934.0;0.0
yf_ZC=F_d5;35400;INTARIAN_PEPPER_ROOT;10520;10;10516;23;;;10526;18;10529;24;;;10523.0;0.0
yf_ZC=F_d5;35500;ASH_COATED_OSMIUM;9908;20;9906;20;;;9961;15;9965;19;;;9934.5;0.0
yf_ZC=F_d5;35500;INTARIAN_PEPPER_ROOT;10512;9;10510;16;;;10533;14;10535;21;;;10522.5;0.0
yf_ZC=F_d5;35600;ASH_COATED_OSMIUM;9932;6;9930;23;;;9938;13;9940;23;;;9935.0;0.0
yf_ZC=F_d5;35600;INTARIAN_PEPPER_ROOT;10516;21;10514;20;;;10527;7;10530;23;;;10521.5;0.0
yf_ZC=F_d5;35700;ASH_COATED_OSMIUM;9931;9;9928;17;;;9937;15;9940;16;;;9934.0;0.0
yf_ZC=F_d5;35700;INTARIAN_PEPPER_ROOT;10518;14;10514;30;;;10524;22;10528;16;;;10521.0;0.0
yf_ZC=F_d5;35800;ASH_COATED_OSMIUM;9932;7;9930;12;;;9938;16;9940;22;;;9935.0;0.0
yf_ZC=F_d5;35800;INTARIAN_PEPPER_ROOT;10517;23;10515;16;;;10523;17;10525;20;;;10520.0;0.0
yf_ZC=F_d5;35900;ASH_COATED_OSMIUM;9931;14;9929;18;;;9937;8;9940;14;;;9934.0;0.0
yf_ZC=F_d5;35900;INTARIAN_PEPPER_ROOT;10517;12;10513;16;;;10523;19;10527;20;;;10520.0;0.0
yf_ZC=F_d5;36000;ASH_COATED_OSMIUM;9932;14;9928;21;;;9938;25;9942;19;;;9935.0;0.0
yf_ZC=F_d5;36000;INTARIAN_PEPPER_ROOT;10516;11;10514;20;;;10522;16;10526;17;;;10519.0;0.0
yf_ZC=F_d5;36100;ASH_COATED_OSMIUM;9932;17;9929;23;;;9938;13;9941;26;;;9935.0;0.0
yf_ZC=F_d5;36100;INTARIAN_PEPPER_ROOT;10515;18;10512;18;;;10521;15;10525;24;;;10518.0;0.0
yf_ZC=F_d5;36200;ASH_COATED_OSMIUM;9922;20;9920;20;;;9948;14;9952;16;;;9935.0;0.0
yf_ZC=F_d5;36200;INTARIAN_PEPPER_ROOT;10514;20;10510;15;;;10520;12;10524;17;;;10517.0;0.0
yf_ZC=F_d5;36300;ASH_COATED_OSMIUM;9932;12;9928;18;;;9938;13;9940;11;;;9935.0;0.0
yf_ZC=F_d5;36300;INTARIAN_PEPPER_ROOT;10506;16;10502;13;;;10527;11;10530;23;;;10516.5;0.0
yf_ZC=F_d5;36400;ASH_COATED_OSMIUM;9930;12;9927;14;;;9941;12;9943;19;;;9935.5;0.0
yf_ZC=F_d5;36400;INTARIAN_PEPPER_ROOT;10513;14;10510;10;;;10519;19;10522;20;;;10516.0;0.0
yf_ZC=F_d5;36500;ASH_COATED_OSMIUM;9931;24;9927;19;;;9939;16;9942;15;;;9935.0;0.0
yf_ZC=F_d5;36500;INTARIAN_PEPPER_ROOT;10506;9;10502;23;;;10523;13;10525;9;;;10514.5;0.0
yf_ZC=F_d5;36600;ASH_COATED_OSMIUM;9933;17;9931;27;;;9939;24;9941;19;;;9936.0;0.0
yf_ZC=F_d5;36600;INTARIAN_PEPPER_ROOT;10511;16;10509;22;;;10517;15;10520;20;;;10514.0;0.0
yf_ZC=F_d5;36700;ASH_COATED_OSMIUM;9932;17;9928;15;;;9938;18;9942;22;;;9935.0;0.0
yf_ZC=F_d5;36700;INTARIAN_PEPPER_ROOT;10510;15;10508;28;;;10517;12;10519;17;;;10513.5;0.0
yf_ZC=F_d5;36800;ASH_COATED_OSMIUM;9931;19;9928;14;;;9940;15;9942;20;;;9935.5;0.0
yf_ZC=F_d5;36800;INTARIAN_PEPPER_ROOT;10508;10;10504;16;;;10517;14;10519;10;;;10512.5;0.0
yf_ZC=F_d5;36900;ASH_COATED_OSMIUM;9932;15;9929;11;;;9938;6;9941;19;;;9935.0;0.0
yf_ZC=F_d5;36900;INTARIAN_PEPPER_ROOT;10509;12;10506;20;;;10515;15;10518;13;;;10512.0;0.0
yf_ZC=F_d5;37000;ASH_COATED_OSMIUM;9924;12;9920;17;;;9949;25;9952;8;;;9936.5;0.0
yf_ZC=F_d5;37000;INTARIAN_PEPPER_ROOT;10508;9;10505;18;;;10514;16;10517;23;;;10511.0;0.0
yf_ZC=F_d5;37100;ASH_COATED_OSMIUM;9933;13;9929;22;;;9939;14;9941;28;;;9936.0;0.0
yf_ZC=F_d5;37100;INTARIAN_PEPPER_ROOT;10506;17;10504;22;;;10515;18;10519;31;;;10510.5;0.0
yf_ZC=F_d5;37200;ASH_COATED_OSMIUM;9933;14;9931;16;;;9939;20;9942;21;;;9936.0;0.0
yf_ZC=F_d5;37200;INTARIAN_PEPPER_ROOT;10507;10;10503;18;;;10513;23;10517;16;;;10510.0;0.0
yf_ZC=F_d5;37300;ASH_COATED_OSMIUM;9933;18;9929;19;;;9939;28;9943;25;;;9936.0;0.0
yf_ZC=F_d5;37300;INTARIAN_PEPPER_ROOT;10505;17;10502;16;;;10511;7;10515;16;;;10508.0;0.0
yf_ZC=F_d5;37400;ASH_COATED_OSMIUM;9933;14;9930;17;;;9939;9;9943;13;;;9936.0;0.0
yf_ZC=F_d5;37400;INTARIAN_PEPPER_ROOT;10506;23;10504;26;;;10512;5;10514;22;;;10509.0;0.0
yf_ZC=F_d5;37500;ASH_COATED_OSMIUM;9922;12;9919;20;;;9950;10;9954;24;;;9936.0;0.0
yf_ZC=F_d5;37500;INTARIAN_PEPPER_ROOT;10504;19;10501;29;;;10510;14;10514;18;;;10507.0;0.0
yf_ZC=F_d5;37600;ASH_COATED_OSMIUM;9930;14;9927;22;;;9942;9;9944;28;;;9936.0;0.0
yf_ZC=F_d5;37600;INTARIAN_PEPPER_ROOT;10503;8;10499;19;;;10509;13;10511;21;;;10506.0;0.0
yf_ZC=F_d5;37700;ASH_COATED_OSMIUM;9933;16;9930;18;;;9939;5;9942;19;;;9936.0;0.0
yf_ZC=F_d5;37700;INTARIAN_PEPPER_ROOT;10498;16;10496;18;;;10514;10;10518;20;;;10506.0;0.0
yf_ZC=F_d5;37800;ASH_COATED_OSMIUM;9933;10;9930;24;;;9939;14;9942;20;;;9936.0;0.0
yf_ZC=F_d5;37800;INTARIAN_PEPPER_ROOT;10502;11;10500;13;;;10508;16;10512;22;;;10505.0;0.0
yf_ZC=F_d5;37900;ASH_COATED_OSMIUM;9933;13;9930;14;;;9939;16;9943;19;;;9936.0;0.0
yf_ZC=F_d5;37900;INTARIAN_PEPPER_ROOT;10501;11;10498;14;;;10507;20;10511;15;;;10504.0;0.0
yf_ZC=F_d5;38000;ASH_COATED_OSMIUM;9934;19;9931;18;;;9940;16;9944;19;;;9937.0;0.0
yf_ZC=F_d5;38000;INTARIAN_PEPPER_ROOT;10500;24;10498;29;;;10506;15;10510;23;;;10503.0;0.0
yf_ZC=F_d5;38100;ASH_COATED_OSMIUM;9934;7;9931;24;;;9940;19;9942;15;;;9937.0;0.0
yf_ZC=F_d5;38100;INTARIAN_PEPPER_ROOT;10500;23;10496;20;;;10506;10;10508;24;;;10503.0;0.0
yf_ZC=F_d5;38200;ASH_COATED_OSMIUM;9934;9;9931;23;;;9940;19;9942;20;;;9937.0;0.0
yf_ZC=F_d5;38200;INTARIAN_PEPPER_ROOT;10490;11;10486;20;;;10513;19;10517;18;;;10501.5;0.0
yf_ZC=F_d5;38300;ASH_COATED_OSMIUM;9930;17;9926;20;;;9943;9;9945;14;;;9936.5;0.0
yf_ZC=F_d5;38300;INTARIAN_PEPPER_ROOT;10498;18;10495;17;;;10504;9;10507;11;;;10501.0;0.0
yf_ZC=F_d5;38400;ASH_COATED_OSMIUM;9926;8;9922;25;;;9946;11;9949;25;;;9936.0;0.0
yf_ZC=F_d5;38400;INTARIAN_PEPPER_ROOT;10496;18;10493;26;;;10505;15;10508;21;;;10500.5;0.0
yf_ZC=F_d5;38500;ASH_COATED_OSMIUM;9934;16;9930;21;;;9940;11;9943;23;;;9937.0;0.0
yf_ZC=F_d5;38500;INTARIAN_PEPPER_ROOT;10491;21;10489;11;;;10509;19;10512;24;;;10500.0;0.0
yf_ZC=F_d5;38600;ASH_COATED_OSMIUM;9934;16;9930;19;;;9940;15;9943;26;;;9937.0;0.0
yf_ZC=F_d5;38600;INTARIAN_PEPPER_ROOT;10490;11;10488;20;;;10507;21;10509;22;;;10498.5;0.0
yf_ZC=F_d5;38700;ASH_COATED_OSMIUM;9934;18;9930;21;;;9940;22;9944;20;;;9937.0;0.0
yf_ZC=F_d5;38700;INTARIAN_PEPPER_ROOT;10488;20;10486;9;;;10509;13;10511;22;;;10498.5;0.0
yf_ZC=F_d5;38800;ASH_COATED_OSMIUM;9931;23;9927;19;;;9944;12;9947;17;;;9937.5;0.0
yf_ZC=F_d5;38800;INTARIAN_PEPPER_ROOT;10493;17;10489;9;;;10503;9;10505;23;;;10498.0;0.0
yf_ZC=F_d5;38900;ASH_COATED_OSMIUM;9934;15;9931;20;;;9940;19;9943;26;;;9937.0;0.0
yf_ZC=F_d5;38900;INTARIAN_PEPPER_ROOT;10493;15;10489;20;;;10500;9;10502;26;;;10496.5;0.0
yf_ZC=F_d5;39000;ASH_COATED_OSMIUM;9934;13;9930;17;;;9940;11;9942;18;;;9937.0;0.0
yf_ZC=F_d5;39000;INTARIAN_PEPPER_ROOT;10492;14;10489;21;;;10498;18;10502;12;;;10495.0;0.0
yf_ZC=F_d5;39100;ASH_COATED_OSMIUM;9918;17;9916;19;;;9959;18;9963;15;;;9938.5;0.0
yf_ZC=F_d5;39100;INTARIAN_PEPPER_ROOT;10481;10;10478;14;;;10510;20;10513;18;;;10495.5;0.0
yf_ZC=F_d5;39200;ASH_COATED_OSMIUM;9929;10;9926;17;;;9946;10;9948;15;;;9937.5;0.0
yf_ZC=F_d5;39200;INTARIAN_PEPPER_ROOT;10489;17;10486;17;;;10501;17;10505;24;;;10495.0;0.0
yf_ZC=F_d5;39300;ASH_COATED_OSMIUM;9932;12;9928;19;;;9943;14;9945;20;;;9937.5;0.0
yf_ZC=F_d5;39300;INTARIAN_PEPPER_ROOT;10489;12;10486;22;;;10499;17;10501;25;;;10494.0;0.0
yf_ZC=F_d5;39400;ASH_COATED_OSMIUM;9935;17;9932;30;;;9941;17;9945;16;;;9938.0;0.0
yf_ZC=F_d5;39400;INTARIAN_PEPPER_ROOT;10488;19;10485;18;;;10497;13;10500;21;;;10492.5;0.0
yf_ZC=F_d5;39500;ASH_COATED_OSMIUM;9935;21;9932;21;;;9942;9;9945;18;;;9938.5;0.0
yf_ZC=F_d5;39500;INTARIAN_PEPPER_ROOT;10489;10;10487;17;;;10496;13;10499;23;;;10492.5;0.0
yf_ZC=F_d5;39600;ASH_COATED_OSMIUM;9935;11;9932;15;;;9941;19;9945;25;;;9938.0;0.0
yf_ZC=F_d5;39600;INTARIAN_PEPPER_ROOT;10488;18;10484;19;;;10495;22;10499;24;;;10491.5;0.0
yf_ZC=F_d5;39700;ASH_COATED_OSMIUM;9932;16;9929;19;;;9944;13;9948;18;;;9938.0;0.0
yf_ZC=F_d5;39700;INTARIAN_PEPPER_ROOT;10487;23;10485;26;;;10494;15;10498;21;;;10490.5;0.0
yf_ZC=F_d5;39800;ASH_COATED_OSMIUM;9935;20;9932;25;;;9941;14;9945;19;;;9938.0;0.0
yf_ZC=F_d5;39800;INTARIAN_PEPPER_ROOT;10486;23;10482;21;;;10492;10;10495;29;;;10489.0;0.0
yf_ZC=F_d5;39900;ASH_COATED_OSMIUM;9935;10;9933;21;;;9941;13;9944;23;;;9938.0;0.0
yf_ZC=F_d5;39900;INTARIAN_PEPPER_ROOT;10478;5;10476;13;;;10500;15;10503;15;;;10489.0;0.0
yf_ZC=F_d5;40000;ASH_COATED_OSMIUM;9935;15;9933;24;;;9941;15;9943;11;;;9938.0;0.0
yf_ZC=F_d5;40000;INTARIAN_PEPPER_ROOT;10485;19;10481;24;;;10491;16;10494;14;;;10488.0;0.0
yf_ZC=F_d5;40100;ASH_COATED_OSMIUM;9933;15;9929;17;;;9944;13;9948;22;;;9938.5;0.0
yf_ZC=F_d5;40100;INTARIAN_PEPPER_ROOT;10484;21;10482;20;;;10490;18;10494;24;;;10487.0;0.0
yf_ZC=F_d5;40200;ASH_COATED_OSMIUM;9936;15;9933;25;;;9942;12;9945;19;;;9939.0;0.0
yf_ZC=F_d5;40200;INTARIAN_PEPPER_ROOT;10484;18;10482;8;;;10490;11;10493;21;;;10487.0;0.0
yf_ZC=F_d5;40300;ASH_COATED_OSMIUM;9936;13;9932;18;;;9942;8;9945;22;;;9939.0;0.0
yf_ZC=F_d5;40300;INTARIAN_PEPPER_ROOT;10479;12;10477;17;;;10493;12;10496;14;;;10486.0;0.0
yf_ZC=F_d5;40400;ASH_COATED_OSMIUM;9930;12;9928;17;;;9947;11;9951;16;;;9938.5;0.0
yf_ZC=F_d5;40400;INTARIAN_PEPPER_ROOT;10482;14;10478;19;;;10488;9;10492;18;;;10485.0;0.0
yf_ZC=F_d5;40500;ASH_COATED_OSMIUM;9935;14;9931;17;;;9941;21;9944;15;;;9938.0;0.0
yf_ZC=F_d5;40500;INTARIAN_PEPPER_ROOT;10479;20;10476;14;;;10489;16;10492;23;;;10484.0;0.0
yf_ZC=F_d5;40600;ASH_COATED_OSMIUM;9934;13;9931;11;;;9944;18;9947;14;;;9939.0;0.0
yf_ZC=F_d5;40600;INTARIAN_PEPPER_ROOT;10480;25;10477;19;;;10486;18;10490;16;;;10483.0;0.0
yf_ZC=F_d5;40700;ASH_COATED_OSMIUM;9936;14;9932;22;;;9942;17;9944;19;;;9939.0;0.0
yf_ZC=F_d5;40700;INTARIAN_PEPPER_ROOT;10480;14;10477;16;;;10486;15;10489;16;;;10483.0;0.0
yf_ZC=F_d5;40800;ASH_COATED_OSMIUM;9936;18;9933;20;;;9942;19;9944;25;;;9939.0;0.0
yf_ZC=F_d5;40800;INTARIAN_PEPPER_ROOT;10478;11;10476;8;;;10486;20;10489;21;;;10482.0;0.0
yf_ZC=F_d5;40900;ASH_COATED_OSMIUM;9936;22;9933;27;;;9942;19;9946;17;;;9939.0;0.0
yf_ZC=F_d5;40900;INTARIAN_PEPPER_ROOT;10478;10;10475;8;;;10484;11;10487;20;;;10481.0;0.0
yf_ZC=F_d5;41000;ASH_COATED_OSMIUM;9936;12;9933;27;;;9942;21;9946;17;;;9939.0;0.0
yf_ZC=F_d5;41000;INTARIAN_PEPPER_ROOT;10478;12;10476;19;;;10484;8;10486;21;;;10481.0;0.0
yf_ZC=F_d5;41100;ASH_COATED_OSMIUM;9936;23;9932;29;;;9942;7;9946;22;;;9939.0;0.0
yf_ZC=F_d5;41100;INTARIAN_PEPPER_ROOT;10477;18;10474;17;;;10483;11;10487;15;;;10480.0;0.0
yf_ZC=F_d5;41200;ASH_COATED_OSMIUM;9936;18;9932;16;;;9942;24;9944;17;;;9939.0;0.0
yf_ZC=F_d5;41200;INTARIAN_PEPPER_ROOT;10476;17;10474;14;;;10482;19;10486;13;;;10479.0;0.0
yf_ZC=F_d5;41300;ASH_COATED_OSMIUM;9936;17;9933;21;;;9942;13;9945;20;;;9939.0;0.0
yf_ZC=F_d5;41300;INTARIAN_PEPPER_ROOT;10475;11;10473;24;;;10481;17;10484;21;;;10478.0;0.0
yf_ZC=F_d5;41400;ASH_COATED_OSMIUM;9936;19;9932;17;;;9942;13;9946;21;;;9939.0;0.0
yf_ZC=F_d5;41400;INTARIAN_PEPPER_ROOT;10473;11;10470;25;;;10482;12;10485;27;;;10477.5;0.0
yf_ZC=F_d5;41500;ASH_COATED_OSMIUM;9936;12;9932;22;;;9942;16;9946;21;;;9939.0;0.0
yf_ZC=F_d5;41500;INTARIAN_PEPPER_ROOT;10474;11;10470;23;;;10480;10;10483;27;;;10477.0;0.0
yf_ZC=F_d5;41600;ASH_COATED_OSMIUM;9937;10;9934;26;;;9943;20;9946;15;;;9940.0;0.0
yf_ZC=F_d5;41600;INTARIAN_PEPPER_ROOT;10473;9;10471;19;;;10479;19;10481;20;;;10476.0;0.0
yf_ZC=F_d5;41700;ASH_COATED_OSMIUM;9937;7;9933;9;;;9943;11;9946;33;;;9940.0;0.0
yf_ZC=F_d5;41700;INTARIAN_PEPPER_ROOT;10472;18;10470;13;;;10478;18;10481;20;;;10475.0;0.0
yf_ZC=F_d5;41800;ASH_COATED_OSMIUM;9937;7;9933;19;;;9943;18;9947;10;;;9940.0;0.0
yf_ZC=F_d5;41800;INTARIAN_PEPPER_ROOT;10472;15;10470;30;;;10478;23;10481;25;;;10475.0;0.0
yf_ZC=F_d5;41900;ASH_COATED_OSMIUM;9937;20;9933;20;;;9943;15;9945;15;;;9940.0;0.0
yf_ZC=F_d5;41900;INTARIAN_PEPPER_ROOT;10471;17;10469;12;;;10477;11;10479;18;;;10474.0;0.0
yf_ZC=F_d5;42000;ASH_COATED_OSMIUM;9937;5;9934;24;;;9943;19;9946;21;;;9940.0;0.0
yf_ZC=F_d5;42000;INTARIAN_PEPPER_ROOT;10470;20;10467;18;;;10476;9;10478;17;;;10473.0;0.0
yf_ZC=F_d5;42100;ASH_COATED_OSMIUM;9937;13;9935;29;;;9943;20;9946;15;;;9940.0;0.0
yf_ZC=F_d5;42100;INTARIAN_PEPPER_ROOT;10461;7;10457;22;;;10482;15;10486;19;;;10471.5;0.0
yf_ZC=F_d5;42200;ASH_COATED_OSMIUM;9937;16;9935;21;;;9943;24;9945;26;;;9940.0;0.0
yf_ZC=F_d5;42200;INTARIAN_PEPPER_ROOT;10469;16;10465;20;;;10475;11;10477;18;;;10472.0;0.0
yf_ZC=F_d5;42300;ASH_COATED_OSMIUM;9937;16;9935;18;;;9943;14;9946;29;;;9940.0;0.0
yf_ZC=F_d5;42300;INTARIAN_PEPPER_ROOT;10461;12;10457;20;;;10481;9;10483;17;;;10471.0;0.0
yf_ZC=F_d5;42400;ASH_COATED_OSMIUM;9936;6;9933;19;;;9946;14;9950;14;;;9941.0;0.0
yf_ZC=F_d5;42400;INTARIAN_PEPPER_ROOT;10466;19;10462;23;;;10474;22;10476;11;;;10470.0;0.0
yf_ZC=F_d5;42500;ASH_COATED_OSMIUM;9937;22;9935;17;;;9943;23;9945;21;;;9940.0;0.0
yf_ZC=F_d5;42500;INTARIAN_PEPPER_ROOT;10457;19;10455;19;;;10480;25;10483;17;;;10468.5;0.0
yf_ZC=F_d5;42600;ASH_COATED_OSMIUM;9935;12;9932;16;;;9945;8;9947;16;;;9940.0;0.0
yf_ZC=F_d5;42600;INTARIAN_PEPPER_ROOT;10465;14;10461;12;;;10471;20;10473;10;;;10468.0;0.0
yf_ZC=F_d5;42700;ASH_COATED_OSMIUM;9931;15;9928;20;;;9950;12;9952;19;;;9940.5;0.0
yf_ZC=F_d5;42700;INTARIAN_PEPPER_ROOT;10463;17;10461;24;;;10472;15;10476;17;;;10467.5;0.0
yf_ZC=F_d5;42800;ASH_COATED_OSMIUM;9930;11;9926;19;;;9952;9;9955;19;;;9941.0;0.0
yf_ZC=F_d5;42800;INTARIAN_PEPPER_ROOT;10460;20;10457;13;;;10473;14;10476;24;;;10466.5;0.0
yf_ZC=F_d5;42900;ASH_COATED_OSMIUM;9938;15;9935;21;;;9944;15;9946;9;;;9941.0;0.0
yf_ZC=F_d5;42900;INTARIAN_PEPPER_ROOT;10462;22;10459;17;;;10468;14;10472;16;;;10465.0;0.0
yf_ZC=F_d5;43000;ASH_COATED_OSMIUM;9937;7;9935;17;;;9943;11;9946;23;;;9940.0;0.0
yf_ZC=F_d5;43000;INTARIAN_PEPPER_ROOT;10462;23;10458;14;;;10468;10;10470;12;;;10465.0;0.0
yf_ZC=F_d5;43100;ASH_COATED_OSMIUM;9937;18;9935;25;;;9943;17;9947;22;;;9940.0;0.0
yf_ZC=F_d5;43100;INTARIAN_PEPPER_ROOT;10461;13;10457;18;;;10467;16;10470;13;;;10464.0;0.0
yf_ZC=F_d5;43200;ASH_COATED_OSMIUM;9938;25;9936;20;;;9944;24;9948;19;;;9941.0;0.0
yf_ZC=F_d5;43200;INTARIAN_PEPPER_ROOT;10457;24;10453;17;;;10472;16;10474;27;;;10464.5;0.0
yf_ZC=F_d5;43300;ASH_COATED_OSMIUM;9938;13;9934;19;;;9944;19;9946;15;;;9941.0;0.0
yf_ZC=F_d5;43300;INTARIAN_PEPPER_ROOT;10453;15;10450;8;;;10472;23;10476;23;;;10462.5;0.0
yf_ZC=F_d5;43400;ASH_COATED_OSMIUM;9928;19;9924;22;;;9953;13;9957;23;;;9940.5;0.0
yf_ZC=F_d5;43400;INTARIAN_PEPPER_ROOT;10460;10;10457;12;;;10466;9;10470;19;;;10463.0;0.0
yf_ZC=F_d5;43500;ASH_COATED_OSMIUM;9937;17;9935;17;;;9944;13;9946;16;;;9940.5;0.0
yf_ZC=F_d5;43500;INTARIAN_PEPPER_ROOT;10458;22;10456;17;;;10464;20;10467;20;;;10461.0;0.0
yf_ZC=F_d5;43600;ASH_COATED_OSMIUM;9938;20;9936;23;;;9944;11;9946;15;;;9941.0;0.0
yf_ZC=F_d5;43600;INTARIAN_PEPPER_ROOT;10458;27;10455;13;;;10464;18;10467;23;;;10461.0;0.0
yf_ZC=F_d5;43700;ASH_COATED_OSMIUM;9921;16;9918;20;;;9963;25;9966;25;;;9942.0;0.0
yf_ZC=F_d5;43700;INTARIAN_PEPPER_ROOT;10457;17;10455;8;;;10463;16;10465;19;;;10460.0;0.0
yf_ZC=F_d5;43800;ASH_COATED_OSMIUM;9938;19;9935;21;;;9944;21;9946;18;;;9941.0;0.0
yf_ZC=F_d5;43800;INTARIAN_PEPPER_ROOT;10456;13;10452;12;;;10462;17;10465;20;;;10459.0;0.0
yf_ZC=F_d5;43900;ASH_COATED_OSMIUM;9937;16;9934;15;;;9946;12;9948;14;;;9941.5;0.0
yf_ZC=F_d5;43900;INTARIAN_PEPPER_ROOT;10456;5;10454;20;;;10462;16;10466;17;;;10459.0;0.0
yf_ZC=F_d5;44000;ASH_COATED_OSMIUM;9937;14;9934;26;;;9947;14;9950;14;;;9942.0;0.0
yf_ZC=F_d5;44000;INTARIAN_PEPPER_ROOT;10455;5;10452;22;;;10461;14;10463;19;;;10458.0;0.0
yf_ZC=F_d5;44100;ASH_COATED_OSMIUM;9938;19;9934;28;;;9944;5;9947;17;;;9941.0;0.0
yf_ZC=F_d5;44100;INTARIAN_PEPPER_ROOT;10439;14;10435;28;;;10474;17;10477;30;;;10456.5;0.0
yf_ZC=F_d5;44200;ASH_COATED_OSMIUM;9939;23;9937;21;;;9945;21;9947;16;;;9942.0;0.0
yf_ZC=F_d5;44200;INTARIAN_PEPPER_ROOT;10453;16;10450;18;;;10459;12;10461;20;;;10456.0;0.0
yf_ZC=F_d5;44300;ASH_COATED_OSMIUM;9939;8;9936;22;;;9945;15;9948;24;;;9942.0;0.0
yf_ZC=F_d5;44300;INTARIAN_PEPPER_ROOT;10452;10;10448;34;;;10458;10;10460;18;;;10455.0;0.0
yf_ZC=F_d5;44400;ASH_COATED_OSMIUM;9939;15;9936;20;;;9945;20;9949;19;;;9942.0;0.0
yf_ZC=F_d5;44400;INTARIAN_PEPPER_ROOT;10451;16;10448;17;;;10457;23;10459;23;;;10454.0;0.0
yf_ZC=F_d5;44500;ASH_COATED_OSMIUM;9939;13;9937;18;;;9946;20;9949;12;;;9942.5;0.0
yf_ZC=F_d5;44500;INTARIAN_PEPPER_ROOT;10451;14;10447;18;;;10457;19;10459;27;;;10454.0;0.0
yf_ZC=F_d5;44600;ASH_COATED_OSMIUM;9938;15;9935;14;;;9945;16;9947;10;;;9941.5;0.0
yf_ZC=F_d5;44600;INTARIAN_PEPPER_ROOT;10439;21;10437;26;;;10468;21;10470;10;;;10453.5;0.0
yf_ZC=F_d5;44700;ASH_COATED_OSMIUM;9933;5;9931;14;;;9951;8;9955;22;;;9942.0;0.0
yf_ZC=F_d5;44700;INTARIAN_PEPPER_ROOT;10449;14;10445;31;;;10455;12;10458;14;;;10452.0;0.0
yf_ZC=F_d5;44800;ASH_COATED_OSMIUM;9937;13;9933;26;;;9947;10;9950;21;;;9942.0;0.0
yf_ZC=F_d5;44800;INTARIAN_PEPPER_ROOT;10448;18;10444;17;;;10456;19;10460;24;;;10452.0;0.0
yf_ZC=F_d5;44900;ASH_COATED_OSMIUM;9938;13;9936;13;;;9946;21;9948;15;;;9942.0;0.0
yf_ZC=F_d5;44900;INTARIAN_PEPPER_ROOT;10448;13;10444;18;;;10454;5;10456;15;;;10451.0;0.0
yf_ZC=F_d5;45000;ASH_COATED_OSMIUM;9934;13;9932;21;;;9952;10;9955;17;;;9943.0;0.0
yf_ZC=F_d5;45000;INTARIAN_PEPPER_ROOT;10444;18;10440;23;;;10456;17;10459;14;;;10450.0;0.0
yf_ZC=F_d5;45100;ASH_COATED_OSMIUM;9940;21;9938;17;;;9946;13;9950;23;;;9943.0;0.0
yf_ZC=F_d5;45100;INTARIAN_PEPPER_ROOT;10446;8;10444;16;;;10452;17;10456;26;;;10449.0;0.0
yf_ZC=F_d5;45200;ASH_COATED_OSMIUM;9940;7;9936;28;;;9946;5;9948;17;;;9943.0;0.0
yf_ZC=F_d5;45200;INTARIAN_PEPPER_ROOT;10445;12;10443;18;;;10451;11;10454;34;;;10448.0;0.0
yf_ZC=F_d5;45300;ASH_COATED_OSMIUM;9938;8;9936;21;;;9946;14;9950;27;;;9942.0;0.0
yf_ZC=F_d5;45300;INTARIAN_PEPPER_ROOT;10445;9;10441;26;;;10451;9;10453;23;;;10448.0;0.0
yf_ZC=F_d5;45400;ASH_COATED_OSMIUM;9936;14;9932;22;;;9949;13;9951;20;;;9942.5;0.0
yf_ZC=F_d5;45400;INTARIAN_PEPPER_ROOT;10444;14;10440;16;;;10450;11;10452;22;;;10447.0;0.0
yf_ZC=F_d5;45500;ASH_COATED_OSMIUM;9939;15;9935;19;;;9945;5;9948;25;;;9942.0;0.0
yf_ZC=F_d5;45500;INTARIAN_PEPPER_ROOT;10442;18;10439;19;;;10451;13;10453;28;;;10446.5;0.0
yf_ZC=F_d5;45600;ASH_COATED_OSMIUM;9933;18;9931;20;;;9953;15;9956;26;;;9943.0;0.0
yf_ZC=F_d5;45600;INTARIAN_PEPPER_ROOT;10438;22;10435;19;;;10453;18;10455;27;;;10445.5;0.0
yf_ZC=F_d5;45700;ASH_COATED_OSMIUM;9937;5;9935;23;;;9949;12;9953;12;;;9943.0;0.0
yf_ZC=F_d5;45700;INTARIAN_PEPPER_ROOT;10441;19;10437;14;;;10448;17;10452;18;;;10444.5;0.0
yf_ZC=F_d5;45800;ASH_COATED_OSMIUM;9940;17;9936;17;;;9948;16;9952;23;;;9944.0;0.0
yf_ZC=F_d5;45800;INTARIAN_PEPPER_ROOT;10441;14;10437;21;;;10447;8;10450;19;;;10444.0;0.0
yf_ZC=F_d5;45900;ASH_COATED_OSMIUM;9940;12;9938;20;;;9946;7;9948;16;;;9943.0;0.0
yf_ZC=F_d5;45900;INTARIAN_PEPPER_ROOT;10441;11;10437;15;;;10447;22;10450;18;;;10444.0;0.0
yf_ZC=F_d5;46000;ASH_COATED_OSMIUM;9941;8;9939;11;;;9947;14;9951;27;;;9944.0;0.0
yf_ZC=F_d5;46000;INTARIAN_PEPPER_ROOT;10439;15;10437;19;;;10445;15;10448;16;;;10442.0;0.0
yf_ZC=F_d5;46100;ASH_COATED_OSMIUM;9941;12;9938;20;;;9947;9;9949;8;;;9944.0;0.0
yf_ZC=F_d5;46100;INTARIAN_PEPPER_ROOT;10439;17;10435;14;;;10445;11;10448;15;;;10442.0;0.0
yf_ZC=F_d5;46200;ASH_COATED_OSMIUM;9930;19;9928;29;;;9957;21;9961;23;;;9943.5;0.0
yf_ZC=F_d5;46200;INTARIAN_PEPPER_ROOT;10438;11;10435;21;;;10444;14;10446;17;;;10441.0;0.0
yf_ZC=F_d5;46300;ASH_COATED_OSMIUM;9941;11;9939;15;;;9947;15;9949;9;;;9944.0;0.0
yf_ZC=F_d5;46300;INTARIAN_PEPPER_ROOT;10437;17;10434;24;;;10443;21;10446;26;;;10440.0;0.0
yf_ZC=F_d5;46400;ASH_COATED_OSMIUM;9940;11;9938;21;;;9946;6;9950;17;;;9943.0;0.0
yf_ZC=F_d5;46400;INTARIAN_PEPPER_ROOT;10437;12;10434;23;;;10443;17;10447;18;;;10440.0;0.0
yf_ZC=F_d5;46500;ASH_COATED_OSMIUM;9940;14;9936;15;;;9946;24;9949;17;;;9943.0;0.0
yf_ZC=F_d5;46500;INTARIAN_PEPPER_ROOT;10436;7;10434;20;;;10442;14;10446;14;;;10439.0;0.0
yf_ZC=F_d5;46600;ASH_COATED_OSMIUM;9939;12;9935;9;;;9948;25;9951;20;;;9943.5;0.0
yf_ZC=F_d5;46600;INTARIAN_PEPPER_ROOT;10435;19;10431;15;;;10441;15;10443;17;;;10438.0;0.0
yf_ZC=F_d5;46700;ASH_COATED_OSMIUM;9939;7;9936;18;;;9949;17;9953;24;;;9944.0;0.0
yf_ZC=F_d5;46700;INTARIAN_PEPPER_ROOT;10434;18;10432;22;;;10440;24;10442;22;;;10437.0;0.0
yf_ZC=F_d5;46800;ASH_COATED_OSMIUM;9939;16;9936;16;;;9949;19;9952;20;;;9944.0;0.0
yf_ZC=F_d5;46800;INTARIAN_PEPPER_ROOT;10434;15;10430;14;;;10440;18;10443;28;;;10437.0;0.0
yf_ZC=F_d5;46900;ASH_COATED_OSMIUM;9941;13;9938;20;;;9947;14;9950;15;;;9944.0;0.0
yf_ZC=F_d5;46900;INTARIAN_PEPPER_ROOT;10432;5;10430;18;;;10439;5;10442;21;;;10435.5;0.0
yf_ZC=F_d5;47000;ASH_COATED_OSMIUM;9941;21;9937;23;;;9947;9;9951;27;;;9944.0;0.0
yf_ZC=F_d5;47000;INTARIAN_PEPPER_ROOT;10431;17;10427;14;;;10437;13;10440;24;;;10434.0;0.0
yf_ZC=F_d5;47100;ASH_COATED_OSMIUM;9941;17;9937;20;;;9947;20;9951;16;;;9944.0;0.0
yf_ZC=F_d5;47100;INTARIAN_PEPPER_ROOT;10431;5;10427;8;;;10437;17;10441;17;;;10434.0;0.0
yf_ZC=F_d5;47200;ASH_COATED_OSMIUM;9933;7;9929;23;;;9954;25;9956;25;;;9943.5;0.0
yf_ZC=F_d5;47200;INTARIAN_PEPPER_ROOT;10430;14;10428;13;;;10436;17;10439;18;;;10433.0;0.0
yf_ZC=F_d5;47300;ASH_COATED_OSMIUM;9938;13;9936;11;;;9952;9;9954;27;;;9945.0;0.0
yf_ZC=F_d5;47300;INTARIAN_PEPPER_ROOT;10422;15;10420;22;;;10443;16;10445;22;;;10432.5;0.0
yf_ZC=F_d5;47400;ASH_COATED_OSMIUM;9934;17;9932;17;;;9954;14;9958;14;;;9944.0;0.0
yf_ZC=F_d5;47400;INTARIAN_PEPPER_ROOT;10428;19;10425;20;;;10434;20;10437;24;;;10431.0;0.0
yf_ZC=F_d5;47500;ASH_COATED_OSMIUM;9942;8;9938;20;;;9948;14;9951;21;;;9945.0;0.0
yf_ZC=F_d5;47500;INTARIAN_PEPPER_ROOT;10427;11;10425;20;;;10433;24;10435;20;;;10430.0;0.0
yf_ZC=F_d5;47600;ASH_COATED_OSMIUM;9936;19;9932;21;;;9953;17;9956;33;;;9944.5;0.0
yf_ZC=F_d5;47600;INTARIAN_PEPPER_ROOT;10427;15;10424;20;;;10433;9;10436;21;;;10430.0;0.0
yf_ZC=F_d5;47700;ASH_COATED_OSMIUM;9940;22;9938;16;;;9949;14;9951;19;;;9944.5;0.0
yf_ZC=F_d5;47700;INTARIAN_PEPPER_ROOT;10421;10;10418;25;;;10438;7;10440;26;;;10429.5;0.0
yf_ZC=F_d5;47800;ASH_COATED_OSMIUM;9941;12;9939;13;;;9949;21;9953;21;;;9945.0;0.0
yf_ZC=F_d5;47800;INTARIAN_PEPPER_ROOT;10426;11;10424;18;;;10432;12;10435;12;;;10429.0;0.0
yf_ZC=F_d5;47900;ASH_COATED_OSMIUM;9937;19;9934;29;;;9952;24;9955;16;;;9944.5;0.0
yf_ZC=F_d5;47900;INTARIAN_PEPPER_ROOT;10425;16;10421;21;;;10431;13;10433;16;;;10428.0;0.0
yf_ZC=F_d5;48000;ASH_COATED_OSMIUM;9939;5;9936;25;;;9950;10;9952;20;;;9944.5;0.0
yf_ZC=F_d5;48000;INTARIAN_PEPPER_ROOT;10424;11;10420;15;;;10430;10;10432;16;;;10427.0;0.0
yf_ZC=F_d5;48100;ASH_COATED_OSMIUM;9943;15;9940;27;;;9949;17;9951;26;;;9946.0;0.0
yf_ZC=F_d5;48100;INTARIAN_PEPPER_ROOT;10410;18;10408;27;;;10442;5;10445;30;;;10426.0;0.0
yf_ZC=F_d5;48200;ASH_COATED_OSMIUM;9941;15;9938;29;;;9949;10;9951;15;;;9945.0;0.0
yf_ZC=F_d5;48200;INTARIAN_PEPPER_ROOT;10407;8;10405;14;;;10444;14;10448;23;;;10425.5;0.0
yf_ZC=F_d5;48300;ASH_COATED_OSMIUM;9936;5;9932;24;;;9953;9;9957;19;;;9944.5;0.0
yf_ZC=F_d5;48300;INTARIAN_PEPPER_ROOT;10421;24;10417;18;;;10428;6;10432;28;;;10424.5;0.0
yf_ZC=F_d5;48400;ASH_COATED_OSMIUM;9943;11;9940;26;;;9949;5;9952;25;;;9946.0;0.0
yf_ZC=F_d5;48400;INTARIAN_PEPPER_ROOT;10421;7;10419;21;;;10427;24;10430;32;;;10424.0;0.0
yf_ZC=F_d5;48500;ASH_COATED_OSMIUM;9942;15;9938;18;;;9948;23;9951;24;;;9945.0;0.0
yf_ZC=F_d5;48500;INTARIAN_PEPPER_ROOT;10418;14;10414;20;;;10428;9;10430;19;;;10423.0;0.0
yf_ZC=F_d5;48600;ASH_COATED_OSMIUM;9942;10;9938;26;;;9948;7;9951;15;;;9945.0;0.0
yf_ZC=F_d5;48600;INTARIAN_PEPPER_ROOT;10419;5;10417;11;;;10425;21;10428;23;;;10422.0;0.0
yf_ZC=F_d5;48700;ASH_COATED_OSMIUM;9943;9;9939;8;;;9949;17;9951;16;;;9946.0;0.0
yf_ZC=F_d5;48700;INTARIAN_PEPPER_ROOT;10418;12;10415;31;;;10425;15;10428;8;;;10421.5;0.0
yf_ZC=F_d5;48800;ASH_COATED_OSMIUM;9939;21;9935;19;;;9953;16;9955;23;;;9946.0;0.0
yf_ZC=F_d5;48800;INTARIAN_PEPPER_ROOT;10415;18;10413;21;;;10427;12;10431;13;;;10421.0;0.0
yf_ZC=F_d5;48900;ASH_COATED_OSMIUM;9941;19;9938;16;;;9951;13;9953;20;;;9946.0;0.0
yf_ZC=F_d5;48900;INTARIAN_PEPPER_ROOT;10417;18;10413;23;;;10423;16;10426;16;;;10420.0;0.0
yf_ZC=F_d5;49000;ASH_COATED_OSMIUM;9943;13;9940;22;;;9949;12;9953;19;;;9946.0;0.0
yf_ZC=F_d5;49000;INTARIAN_PEPPER_ROOT;10410;14;10406;18;;;10430;18;10432;21;;;10420.0;0.0
yf_ZC=F_d5;49100;ASH_COATED_OSMIUM;9943;14;9939;22;;;9949;16;9951;19;;;9946.0;0.0
yf_ZC=F_d5;49100;INTARIAN_PEPPER_ROOT;10416;12;10413;23;;;10422;19;10426;28;;;10419.0;0.0
yf_ZC=F_d5;49200;ASH_COATED_OSMIUM;9942;13;9940;26;;;9948;16;9950;21;;;9945.0;0.0
yf_ZC=F_d5;49200;INTARIAN_PEPPER_ROOT;10415;22;10411;16;;;10421;20;10425;21;;;10418.0;0.0
yf_ZC=F_d5;49300;ASH_COATED_OSMIUM;9935;20;9932;17;;;9958;17;9961;25;;;9946.5;0.0
yf_ZC=F_d5;49300;INTARIAN_PEPPER_ROOT;10414;15;10411;16;;;10420;8;10423;20;;;10417.0;0.0
yf_ZC=F_d5;49400;ASH_COATED_OSMIUM;9943;18;9939;15;;;9949;13;9953;13;;;9946.0;0.0
yf_ZC=F_d5;49400;INTARIAN_PEPPER_ROOT;10414;15;10411;18;;;10420;10;10422;14;;;10417.0;0.0
yf_ZC=F_d5;49500;ASH_COATED_OSMIUM;9943;16;9940;19;;;9949;26;9953;21;;;9946.0;0.0
yf_ZC=F_d5;49500;INTARIAN_PEPPER_ROOT;10413;21;10409;24;;;10419;17;10423;21;;;10416.0;0.0
yf_ZC=F_d5;49600;ASH_COATED_OSMIUM;9937;8;9935;15;;;9955;18;9957;27;;;9946.0;0.0
yf_ZC=F_d5;49600;INTARIAN_PEPPER_ROOT;10412;11;10410;16;;;10418;16;10422;17;;;10415.0;0.0
yf_ZC=F_d5;49700;ASH_COATED_OSMIUM;9941;10;9939;20;;;9950;11;9953;13;;;9945.5;0.0
yf_ZC=F_d5;49700;INTARIAN_PEPPER_ROOT;10411;16;10407;14;;;10417;18;10420;22;;;10414.0;0.0
yf_ZC=F_d5;49800;ASH_COATED_OSMIUM;9943;14;9941;23;;;9949;9;9951;22;;;9946.0;0.0
yf_ZC=F_d5;49800;INTARIAN_PEPPER_ROOT;10410;13;10406;15;;;10416;7;10420;12;;;10413.0;0.0
yf_ZC=F_d5;49900;ASH_COATED_OSMIUM;9944;20;9942;14;;;9950;5;9953;27;;;9947.0;0.0
yf_ZC=F_d5;49900;INTARIAN_PEPPER_ROOT;10409;22;10405;19;;;10415;12;10419;18;;;10412.0;0.0
yf_ZC=F_d5;50000;ASH_COATED_OSMIUM;9944;16;9941;20;;;9950;5;9954;21;;;9947.0;0.0
yf_ZC=F_d5;50000;INTARIAN_PEPPER_ROOT;10406;20;10404;21;;;10417;19;10419;23;;;10411.5;0.0
yf_ZC=F_d5;50100;ASH_COATED_OSMIUM;9944;24;9941;14;;;9950;7;9954;15;;;9947.0;0.0
yf_ZC=F_d5;50100;INTARIAN_PEPPER_ROOT;10407;14;10404;20;;;10414;14;10418;24;;;10410.5;0.0
yf_ZC=F_d5;50200;ASH_COATED_OSMIUM;9943;13;9939;16;;;9950;22;9952;23;;;9946.5;0.0
yf_ZC=F_d5;50200;INTARIAN_PEPPER_ROOT;10407;23;10405;13;;;10413;7;10416;25;;;10410.0;0.0
yf_ZC=F_d5;50300;ASH_COATED_OSMIUM;9944;12;9940;15;;;9950;5;9953;20;;;9947.0;0.0
yf_ZC=F_d5;50300;INTARIAN_PEPPER_ROOT;10401;24;10397;18;;;10418;9;10420;14;;;10409.5;0.0
yf_ZC=F_d5;50400;ASH_COATED_OSMIUM;9944;14;9940;13;;;9950;18;9952;19;;;9947.0;0.0
yf_ZC=F_d5;50400;INTARIAN_PEPPER_ROOT;10406;14;10404;15;;;10412;9;10414;23;;;10409.0;0.0
yf_ZC=F_d5;50500;ASH_COATED_OSMIUM;9941;9;9939;21;;;9954;8;9956;25;;;9947.5;0.0
yf_ZC=F_d5;50500;INTARIAN_PEPPER_ROOT;10403;5;10400;14;;;10414;21;10418;22;;;10408.5;0.0
yf_ZC=F_d5;50600;ASH_COATED_OSMIUM;9944;9;9940;25;;;9950;16;9953;21;;;9947.0;0.0
yf_ZC=F_d5;50600;INTARIAN_PEPPER_ROOT;10404;12;10400;16;;;10411;17;10413;24;;;10407.5;0.0
yf_ZC=F_d5;50700;ASH_COATED_OSMIUM;9944;24;9942;20;;;9950;5;9952;20;;;9947.0;0.0
yf_ZC=F_d5;50700;INTARIAN_PEPPER_ROOT;10397;19;10393;21;;;10418;11;10421;22;;;10407.5;0.0
yf_ZC=F_d5;50800;ASH_COATED_OSMIUM;9944;5;9940;15;;;9950;15;9953;17;;;9947.0;0.0
yf_ZC=F_d5;50800;INTARIAN_PEPPER_ROOT;10398;15;10395;16;;;10414;24;10416;24;;;10406.0;0.0
yf_ZC=F_d5;50900;ASH_COATED_OSMIUM;9944;19;9940;24;;;9951;5;9953;26;;;9947.5;0.0
yf_ZC=F_d5;50900;INTARIAN_PEPPER_ROOT;10396;16;10393;15;;;10415;6;10418;17;;;10405.5;0.0
yf_ZC=F_d5;51000;ASH_COATED_OSMIUM;9945;22;9942;25;;;9951;19;9955;14;;;9948.0;0.0
yf_ZC=F_d5;51000;INTARIAN_PEPPER_ROOT;10399;17;10395;23;;;10410;21;10412;18;;;10404.5;0.0
yf_ZC=F_d5;51100;ASH_COATED_OSMIUM;9935;17;9933;22;;;9960;20;9962;23;;;9947.5;0.0
yf_ZC=F_d5;51100;INTARIAN_PEPPER_ROOT;10401;12;10397;10;;;10407;5;10409;27;;;10404.0;0.0
yf_ZC=F_d5;51200;ASH_COATED_OSMIUM;9945;15;9941;17;;;9951;21;9955;17;;;9948.0;0.0
yf_ZC=F_d5;51200;INTARIAN_PEPPER_ROOT;10401;21;10398;10;;;10407;9;10410;23;;;10404.0;0.0
yf_ZC=F_d5;51300;ASH_COATED_OSMIUM;9945;18;9943;17;;;9951;16;9953;28;;;9948.0;0.0
yf_ZC=F_d5;51300;INTARIAN_PEPPER_ROOT;10401;7;10398;33;;;10409;19;10411;16;;;10405.0;0.0
yf_ZC=F_d5;51400;ASH_COATED_OSMIUM;9945;13;9941;19;;;9951;17;9953;10;;;9948.0;0.0
yf_ZC=F_d5;51400;INTARIAN_PEPPER_ROOT;10394;10;10390;18;;;10414;21;10417;20;;;10404.0;0.0
yf_ZC=F_d5;51500;ASH_COATED_OSMIUM;9944;11;9941;28;;;9953;14;9955;23;;;9948.5;0.0
yf_ZC=F_d5;51500;INTARIAN_PEPPER_ROOT;10400;20;10397;18;;;10406;17;10410;16;;;10403.0;0.0
yf_ZC=F_d5;51600;ASH_COATED_OSMIUM;9946;19;9943;20;;;9952;14;9954;14;;;9949.0;0.0
yf_ZC=F_d5;51600;INTARIAN_PEPPER_ROOT;10400;5;10398;20;;;10406;12;10409;13;;;10403.0;0.0
yf_ZC=F_d5;51700;ASH_COATED_OSMIUM;9945;17;9941;19;;;9951;11;9954;22;;;9948.0;0.0
yf_ZC=F_d5;51700;INTARIAN_PEPPER_ROOT;10400;7;10397;24;;;10406;11;10409;16;;;10403.0;0.0
yf_ZC=F_d5;51800;ASH_COATED_OSMIUM;9945;17;9943;14;;;9951;8;9955;13;;;9948.0;0.0
yf_ZC=F_d5;51800;INTARIAN_PEPPER_ROOT;10400;5;10397;20;;;10406;10;10410;18;;;10403.0;0.0
yf_ZC=F_d5;51900;ASH_COATED_OSMIUM;9944;20;9941;23;;;9954;12;9956;24;;;9949.0;0.0
yf_ZC=F_d5;51900;INTARIAN_PEPPER_ROOT;10382;6;10378;14;;;10423;12;10427;14;;;10402.5;0.0
yf_ZC=F_d5;52000;ASH_COATED_OSMIUM;9946;12;9942;21;;;9952;15;9956;21;;;9949.0;0.0
yf_ZC=F_d5;52000;INTARIAN_PEPPER_ROOT;10388;10;10386;9;;;10417;19;10419;21;;;10402.5;0.0
yf_ZC=F_d5;52100;ASH_COATED_OSMIUM;9945;21;9942;15;;;9951;10;9954;16;;;9948.0;0.0
yf_ZC=F_d5;52100;INTARIAN_PEPPER_ROOT;10399;14;10397;24;;;10405;17;10409;18;;;10402.0;0.0
yf_ZC=F_d5;52200;ASH_COATED_OSMIUM;9946;21;9943;19;;;9952;17;9954;17;;;9949.0;0.0
yf_ZC=F_d5;52200;INTARIAN_PEPPER_ROOT;10399;12;10395;13;;;10405;18;10408;23;;;10402.0;0.0
yf_ZC=F_d5;52300;ASH_COATED_OSMIUM;9946;23;9944;19;;;9952;12;9955;15;;;9949.0;0.0
yf_ZC=F_d5;52300;INTARIAN_PEPPER_ROOT;10399;13;10397;14;;;10405;17;10408;19;;;10402.0;0.0
yf_ZC=F_d5;52400;ASH_COATED_OSMIUM;9944;17;9941;17;;;9953;9;9956;9;;;9948.5;0.0
yf_ZC=F_d5;52400;INTARIAN_PEPPER_ROOT;10398;17;10394;15;;;10404;16;10407;9;;;10401.0;0.0
yf_ZC=F_d5;52500;ASH_COATED_OSMIUM;9946;9;9942;21;;;9952;19;9955;12;;;9949.0;0.0
yf_ZC=F_d5;52500;INTARIAN_PEPPER_ROOT;10398;21;10394;29;;;10404;14;10408;19;;;10401.0;0.0
yf_ZC=F_d5;52600;ASH_COATED_OSMIUM;9947;10;9943;23;;;9953;16;9957;18;;;9950.0;0.0
yf_ZC=F_d5;52600;INTARIAN_PEPPER_ROOT;10398;21;10396;10;;;10404;15;10407;23;;;10401.0;0.0
yf_ZC=F_d5;52700;ASH_COATED_OSMIUM;9946;19;9943;24;;;9953;21;9955;18;;;9949.5;0.0
yf_ZC=F_d5;52700;INTARIAN_PEPPER_ROOT;10396;15;10392;21;;;10405;22;10408;26;;;10400.5;0.0
yf_ZC=F_d5;52800;ASH_COATED_OSMIUM;9938;20;9935;20;;;9962;13;9964;10;;;9950.0;0.0
yf_ZC=F_d5;52800;INTARIAN_PEPPER_ROOT;10398;17;10394;23;;;10404;21;10407;16;;;10401.0;0.0
yf_ZC=F_d5;52900;ASH_COATED_OSMIUM;9947;14;9943;17;;;9953;16;9956;25;;;9950.0;0.0
yf_ZC=F_d5;52900;INTARIAN_PEPPER_ROOT;10397;12;10394;24;;;10403;8;10407;20;;;10400.0;0.0
yf_ZC=F_d5;53000;ASH_COATED_OSMIUM;9947;20;9944;21;;;9953;21;9955;25;;;9950.0;0.0
yf_ZC=F_d5;53000;INTARIAN_PEPPER_ROOT;10397;22;10393;18;;;10403;15;10407;14;;;10400.0;0.0
yf_ZC=F_d5;53100;ASH_COATED_OSMIUM;9946;6;9943;17;;;9956;15;9960;22;;;9951.0;0.0
yf_ZC=F_d5;53100;INTARIAN_PEPPER_ROOT;10397;14;10395;10;;;10403;20;10405;15;;;10400.0;0.0
yf_ZC=F_d5;53200;ASH_COATED_OSMIUM;9948;6;9946;18;;;9954;18;9956;17;;;9951.0;0.0
yf_ZC=F_d5;53200;INTARIAN_PEPPER_ROOT;10396;14;10392;20;;;10402;23;10405;19;;;10399.0;0.0
yf_ZC=F_d5;53300;ASH_COATED_OSMIUM;9938;16;9936;14;;;9963;12;9965;28;;;9950.5;0.0
yf_ZC=F_d5;53300;INTARIAN_PEPPER_ROOT;10369;13;10365;22;;;10428;15;10430;8;;;10398.5;0.0
yf_ZC=F_d5;53400;ASH_COATED_OSMIUM;9947;8;9943;16;;;9955;25;9957;29;;;9951.0;0.0
yf_ZC=F_d5;53400;INTARIAN_PEPPER_ROOT;10393;13;10391;20;;;10405;7;10409;29;;;10399.0;0.0
yf_ZC=F_d5;53500;ASH_COATED_OSMIUM;9948;16;9945;17;;;9954;17;9957;16;;;9951.0;0.0
yf_ZC=F_d5;53500;INTARIAN_PEPPER_ROOT;10395;5;10392;13;;;10401;9;10403;25;;;10398.0;0.0
yf_ZC=F_d5;53600;ASH_COATED_OSMIUM;9944;14;9941;17;;;9957;13;9961;26;;;9950.5;0.0
yf_ZC=F_d5;53600;INTARIAN_PEPPER_ROOT;10394;10;10391;15;;;10403;17;10406;20;;;10398.5;0.0
yf_ZC=F_d5;53700;ASH_COATED_OSMIUM;9948;14;9946;18;;;9955;17;9959;23;;;9951.5;0.0
yf_ZC=F_d5;53700;INTARIAN_PEPPER_ROOT;10391;22;10388;17;;;10404;13;10406;16;;;10397.5;0.0
yf_ZC=F_d5;53800;ASH_COATED_OSMIUM;9944;14;9942;14;;;9960;9;9962;20;;;9952.0;0.0
yf_ZC=F_d5;53800;INTARIAN_PEPPER_ROOT;10395;6;10391;25;;;10401;17;10405;19;;;10398.0;0.0
yf_ZC=F_d5;53900;ASH_COATED_OSMIUM;9948;14;9945;22;;;9954;20;9956;15;;;9951.0;0.0
yf_ZC=F_d5;53900;INTARIAN_PEPPER_ROOT;10394;23;10391;24;;;10400;15;10403;23;;;10397.0;0.0
yf_ZC=F_d5;54000;ASH_COATED_OSMIUM;9949;15;9945;10;;;9955;15;9958;16;;;9952.0;0.0
yf_ZC=F_d5;54000;INTARIAN_PEPPER_ROOT;10394;12;10390;12;;;10400;9;10404;20;;;10397.0;0.0
yf_ZC=F_d5;54100;ASH_COATED_OSMIUM;9936;24;9934;21;;;9966;18;9970;17;;;9951.0;0.0
yf_ZC=F_d5;54100;INTARIAN_PEPPER_ROOT;10394;18;10390;17;;;10400;6;10404;22;;;10397.0;0.0
yf_ZC=F_d5;54200;ASH_COATED_OSMIUM;9943;18;9940;17;;;9961;16;9965;29;;;9952.0;0.0
yf_ZC=F_d5;54200;INTARIAN_PEPPER_ROOT;10394;12;10390;20;;;10400;13;10403;15;;;10397.0;0.0
yf_ZC=F_d5;54300;ASH_COATED_OSMIUM;9949;12;9945;20;;;9956;10;9960;16;;;9952.5;0.0
yf_ZC=F_d5;54300;INTARIAN_PEPPER_ROOT;10389;10;10386;10;;;10403;17;10407;22;;;10396.0;0.0
yf_ZC=F_d5;54400;ASH_COATED_OSMIUM;9949;15;9947;13;;;9955;15;9959;17;;;9952.0;0.0
yf_ZC=F_d5;54400;INTARIAN_PEPPER_ROOT;10393;27;10391;14;;;10399;9;10401;18;;;10396.0;0.0
yf_ZC=F_d5;54500;ASH_COATED_OSMIUM;9949;18;9945;9;;;9955;19;9959;20;;;9952.0;0.0
yf_ZC=F_d5;54500;INTARIAN_PEPPER_ROOT;10389;19;10387;13;;;10402;16;10405;26;;;10395.5;0.0
yf_ZC=F_d5;54600;ASH_COATED_OSMIUM;9949;13;9946;18;;;9955;11;9959;31;;;9952.0;0.0
yf_ZC=F_d5;54600;INTARIAN_PEPPER_ROOT;10393;20;10390;25;;;10399;21;10401;29;;;10396.0;0.0
yf_ZC=F_d5;54700;ASH_COATED_OSMIUM;9950;7;9946;20;;;9956;22;9959;19;;;9953.0;0.0
yf_ZC=F_d5;54700;INTARIAN_PEPPER_ROOT;10392;20;10389;16;;;10398;6;10402;18;;;10395.0;0.0
yf_ZC=F_d5;54800;ASH_COATED_OSMIUM;9950;5;9948;15;;;9956;19;9960;15;;;9953.0;0.0
yf_ZC=F_d5;54800;INTARIAN_PEPPER_ROOT;10392;11;10388;16;;;10398;15;10401;14;;;10395.0;0.0
yf_ZC=F_d5;54900;ASH_COATED_OSMIUM;9949;15;9946;16;;;9955;18;9959;25;;;9952.0;0.0
yf_ZC=F_d5;54900;INTARIAN_PEPPER_ROOT;10391;14;10387;24;;;10397;16;10400;21;;;10394.0;0.0
yf_ZC=F_d5;55000;ASH_COATED_OSMIUM;9947;23;9943;14;;;9958;15;9962;15;;;9952.5;0.0
yf_ZC=F_d5;55000;INTARIAN_PEPPER_ROOT;10384;9;10381;29;;;10403;9;10405;19;;;10393.5;0.0
yf_ZC=F_d5;55100;ASH_COATED_OSMIUM;9949;9;9945;13;;;9958;7;9961;32;;;9953.5;0.0
yf_ZC=F_d5;55100;INTARIAN_PEPPER_ROOT;10390;17;10387;18;;;10396;10;10398;15;;;10393.0;0.0
yf_ZC=F_d5;55200;ASH_COATED_OSMIUM;9950;12;9946;29;;;9956;11;9960;19;;;9953.0;0.0
yf_ZC=F_d5;55200;INTARIAN_PEPPER_ROOT;10387;20;10385;14;;;10400;12;10403;18;;;10393.5;0.0
yf_ZC=F_d5;55300;ASH_COATED_OSMIUM;9951;18;9949;23;;;9957;10;9961;18;;;9954.0;0.0
yf_ZC=F_d5;55300;INTARIAN_PEPPER_ROOT;10373;20;10370;8;;;10413;10;10417;23;;;10393.0;0.0
yf_ZC=F_d5;55400;ASH_COATED_OSMIUM;9945;21;9941;15;;;9961;20;9965;22;;;9953.0;0.0
yf_ZC=F_d5;55400;INTARIAN_PEPPER_ROOT;10388;11;10384;16;;;10399;18;10402;13;;;10393.5;0.0
yf_ZC=F_d5;55500;ASH_COATED_OSMIUM;9938;20;9935;19;;;9968;20;9972;15;;;9953.0;0.0
yf_ZC=F_d5;55500;INTARIAN_PEPPER_ROOT;10389;15;10386;11;;;10395;12;10399;22;;;10392.0;0.0
yf_ZC=F_d5;55600;ASH_COATED_OSMIUM;9948;15;9944;17;;;9959;12;9963;19;;;9953.5;0.0
yf_ZC=F_d5;55600;INTARIAN_PEPPER_ROOT;10390;12;10387;8;;;10396;11;10398;15;;;10393.0;0.0
yf_ZC=F_d5;55700;ASH_COATED_OSMIUM;9951;15;9949;20;;;9957;19;9959;29;;;9954.0;0.0
yf_ZC=F_d5;55700;INTARIAN_PEPPER_ROOT;10388;13;10386;24;;;10394;13;10396;32;;;10391.0;0.0
yf_ZC=F_d5;55800;ASH_COATED_OSMIUM;9951;20;9948;17;;;9957;5;9961;24;;;9954.0;0.0
yf_ZC=F_d5;55800;INTARIAN_PEPPER_ROOT;10389;11;10385;12;;;10395;22;10398;20;;;10392.0;0.0
yf_ZC=F_d5;55900;ASH_COATED_OSMIUM;9946;23;9943;24;;;9962;12;9964;15;;;9954.0;0.0
yf_ZC=F_d5;55900;INTARIAN_PEPPER_ROOT;10383;18;10379;14;;;10400;17;10402;18;;;10391.5;0.0
yf_ZC=F_d5;56000;ASH_COATED_OSMIUM;9950;21;9948;28;;;9958;20;9962;27;;;9954.0;0.0
yf_ZC=F_d5;56000;INTARIAN_PEPPER_ROOT;10386;18;10383;20;;;10397;23;10399;14;;;10391.5;0.0
yf_ZC=F_d5;56100;ASH_COATED_OSMIUM;9951;16;9948;21;;;9957;16;9961;9;;;9954.0;0.0
yf_ZC=F_d5;56100;INTARIAN_PEPPER_ROOT;10387;14;10383;24;;;10397;14;10400;21;;;10392.0;0.0
yf_ZC=F_d5;56200;ASH_COATED_OSMIUM;9951;18;9949;23;;;9957;23;9960;30;;;9954.0;0.0
yf_ZC=F_d5;56200;INTARIAN_PEPPER_ROOT;10388;23;10386;17;;;10395;11;10398;22;;;10391.5;0.0
yf_ZC=F_d5;56300;ASH_COATED_OSMIUM;9952;10;9948;24;;;9958;7;9960;21;;;9955.0;0.0
yf_ZC=F_d5;56300;INTARIAN_PEPPER_ROOT;10388;14;10385;29;;;10394;17;10396;8;;;10391.0;0.0
yf_ZC=F_d5;56400;ASH_COATED_OSMIUM;9952;21;9948;20;;;9958;20;9960;15;;;9955.0;0.0
yf_ZC=F_d5;56400;INTARIAN_PEPPER_ROOT;10387;9;10384;16;;;10393;5;10397;15;;;10390.0;0.0
yf_ZC=F_d5;56500;ASH_COATED_OSMIUM;9952;15;9948;27;;;9958;5;9960;24;;;9955.0;0.0
yf_ZC=F_d5;56500;INTARIAN_PEPPER_ROOT;10387;15;10384;23;;;10393;14;10397;22;;;10390.0;0.0
yf_ZC=F_d5;56600;ASH_COATED_OSMIUM;9951;13;9948;21;;;9959;10;9963;16;;;9955.0;0.0
yf_ZC=F_d5;56600;INTARIAN_PEPPER_ROOT;10374;18;10371;20;;;10404;14;10408;20;;;10389.0;0.0
yf_ZC=F_d5;56700;ASH_COATED_OSMIUM;9952;27;9949;16;;;9958;15;9962;19;;;9955.0;0.0
yf_ZC=F_d5;56700;INTARIAN_PEPPER_ROOT;10382;17;10378;13;;;10396;15;10399;23;;;10389.0;0.0
yf_ZC=F_d5;56800;ASH_COATED_OSMIUM;9952;13;9948;33;;;9958;15;9961;9;;;9955.0;0.0
yf_ZC=F_d5;56800;INTARIAN_PEPPER_ROOT;10386;18;10384;15;;;10392;8;10395;16;;;10389.0;0.0
yf_ZC=F_d5;56900;ASH_COATED_OSMIUM;9947;18;9945;21;;;9963;7;9965;14;;;9955.0;0.0
yf_ZC=F_d5;56900;INTARIAN_PEPPER_ROOT;10381;19;10378;18;;;10396;20;10400;23;;;10388.5;0.0
yf_ZC=F_d5;57000;ASH_COATED_OSMIUM;9952;5;9950;18;;;9959;20;9963;24;;;9955.5;0.0
yf_ZC=F_d5;57000;INTARIAN_PEPPER_ROOT;10386;19;10382;21;;;10392;17;10395;17;;;10389.0;0.0
yf_ZC=F_d5;57100;ASH_COATED_OSMIUM;9953;16;9951;25;;;9959;6;9962;18;;;9956.0;0.0
yf_ZC=F_d5;57100;INTARIAN_PEPPER_ROOT;10385;19;10383;15;;;10392;10;10396;15;;;10388.5;0.0
yf_ZC=F_d5;57200;ASH_COATED_OSMIUM;9953;12;9950;23;;;9959;16;9961;19;;;9956.0;0.0
yf_ZC=F_d5;57200;INTARIAN_PEPPER_ROOT;10381;16;10377;18;;;10395;16;10399;13;;;10388.0;0.0
yf_ZC=F_d5;57300;ASH_COATED_OSMIUM;9952;16;9950;29;;;9960;17;9962;24;;;9956.0;0.0
yf_ZC=F_d5;57300;INTARIAN_PEPPER_ROOT;10385;16;10381;13;;;10391;22;10394;21;;;10388.0;0.0
yf_ZC=F_d5;57400;ASH_COATED_OSMIUM;9944;20;9941;20;;;9968;5;9971;21;;;9956.0;0.0
yf_ZC=F_d5;57400;INTARIAN_PEPPER_ROOT;10384;5;10382;11;;;10390;10;10392;14;;;10387.0;0.0
yf_ZC=F_d5;57500;ASH_COATED_OSMIUM;9953;18;9949;17;;;9959;11;9962;18;;;9956.0;0.0
yf_ZC=F_d5;57500;INTARIAN_PEPPER_ROOT;10384;20;10380;18;;;10390;19;10393;16;;;10387.0;0.0
yf_ZC=F_d5;57600;ASH_COATED_OSMIUM;9953;21;9950;20;;;9959;19;9963;18;;;9956.0;0.0
yf_ZC=F_d5;57600;INTARIAN_PEPPER_ROOT;10384;15;10381;16;;;10390;13;10394;24;;;10387.0;0.0
yf_ZC=F_d5;57700;ASH_COATED_OSMIUM;9953;22;9951;32;;;9959;11;9961;26;;;9956.0;0.0
yf_ZC=F_d5;57700;INTARIAN_PEPPER_ROOT;10384;24;10380;22;;;10390;15;10393;20;;;10387.0;0.0
yf_ZC=F_d5;57800;ASH_COATED_OSMIUM;9954;18;9950;20;;;9960;18;9963;16;;;9957.0;0.0
yf_ZC=F_d5;57800;INTARIAN_PEPPER_ROOT;10384;24;10380;21;;;10390;11;10393;21;;;10387.0;0.0
yf_ZC=F_d5;57900;ASH_COATED_OSMIUM;9954;15;9951;12;;;9960;21;9964;12;;;9957.0;0.0
yf_ZC=F_d5;57900;INTARIAN_PEPPER_ROOT;10377;16;10375;17;;;10395;9;10398;20;;;10386.0;0.0
yf_ZC=F_d5;58000;ASH_COATED_OSMIUM;9952;21;9949;8;;;9962;15;9966;10;;;9957.0;0.0
yf_ZC=F_d5;58000;INTARIAN_PEPPER_ROOT;10383;9;10381;29;;;10389;11;10392;12;;;10386.0;0.0
yf_ZC=F_d5;58100;ASH_COATED_OSMIUM;9954;17;9951;19;;;9960;19;9963;20;;;9957.0;0.0
yf_ZC=F_d5;58100;INTARIAN_PEPPER_ROOT;10382;18;10380;23;;;10388;19;10391;22;;;10385.0;0.0
yf_ZC=F_d5;58200;ASH_COATED_OSMIUM;9948;12;9944;17;;;9967;14;9969;26;;;9957.5;0.0
yf_ZC=F_d5;58200;INTARIAN_PEPPER_ROOT;10382;20;10380;19;;;10389;18;10393;26;;;10385.5;0.0
yf_ZC=F_d5;58300;ASH_COATED_OSMIUM;9954;15;9951;21;;;9960;10;9964;28;;;9957.0;0.0
