day;timestamp;product;bid_price_1;bid_volume_1;bid_price_2;bid_volume_2;bid_price_3;bid_volume_3;ask_price_1;ask_volume_1;ask_price_2;ask_volume_2;ask_price_3;ask_volume_3;mid_price;profit_and_loss
2;0;VEV_5200;102;21;;;;;106;21;;;;;104.0;0.0
2;0;VEV_5300;52;20;;;;;54;20;;;;;53.0;0.0
2;0;VEV_5000;267;7;266;14;;;273;7;274;14;;;270.0;0.0
2;0;VEV_4000;1257;15;1254;27;;;1278;15;1280;27;;;1267.5;0.0
2;0;VEV_5100;177;7;176;14;;;181;7;182;14;;;179.0;0.0
2;0;VEV_4500;759;7;757;14;;;775;7;777;14;;;767.0;0.0
2;0;VEV_5400;16;20;;;;;18;20;;;;;17.0;0.0
2;0;VEV_6500;0;18;;;;;1;18;;;;;0.5;0.0
2;0;VEV_5500;6;20;;;;;7;20;;;;;6.5;0.0
2;0;HYDROGEL_PACK;10003;13;10001;21;;;10019;13;10022;21;;;10011.0;0.0
2;0;VELVETFRUIT_EXTRACT;5265;25;5264;35;;;5270;60;;;;;5267.5;0.0
2;0;VEV_6000;0;20;;;;;1;20;;;;;0.5;0.0
2;100;VEV_4500;757;10;756;14;;;774;10;776;14;;;765.5;0.0
2;100;VEV_5400;16;25;;;;;18;25;;;;;17.0;0.0
2;100;VEV_6500;0;17;;;;;1;17;;;;;0.5;0.0
2;100;VEV_5500;6;25;;;;;7;25;;;;;6.5;0.0
2;100;VELVETFRUIT_EXTRACT;5263;69;;;;;5268;22;5269;47;;;5265.5;0.0
2;100;VEV_6000;0;25;;;;;1;25;;;;;0.5;0.0
2;100;VEV_5200;101;24;;;;;105;24;;;;;103.0;0.0
2;100;VEV_5300;51;25;;;;;53;6;54;19;;;52.0;0.0
2;100;VEV_5000;265;24;;;;;272;24;;;;;268.5;0.0
2;100;HYDROGEL_PACK;10004;15;10001;26;;;10020;15;10023;26;;;10012.0;0.0
2;100;VEV_4000;1255;12;1252;20;;;1276;12;1279;20;;;1265.5;0.0
2;100;VEV_5100;175;24;;;;;180;24;;;;;177.5;0.0
2;200;HYDROGEL_PACK;10004;15;10002;30;;;10020;15;10023;30;;;10012.0;0.0
2;200;VELVETFRUIT_EXTRACT;5263;67;;;;;5268;22;5269;45;;;5265.5;0.0
2;200;VEV_6000;0;19;;;;;1;19;;;;;0.5;0.0
2;200;VEV_5200;102;8;101;15;;;105;23;;;;;103.5;0.0
2;200;VEV_5300;51;19;;;;;53;6;54;13;;;52.0;0.0
2;200;VEV_5000;266;8;265;15;;;272;8;273;15;;;269.0;0.0
2;200;VEV_4000;1255;10;1253;20;;;1276;10;1279;20;;;1265.5;0.0
2;200;VEV_5100;175;23;;;;;180;23;;;;;177.5;0.0
2;200;VEV_4500;758;8;756;15;;;774;8;776;15;;;766.0;0.0
2;200;VEV_5400;16;19;;;;;18;19;;;;;17.0;0.0
2;200;VEV_6500;0;18;;;;;1;18;;;;;0.5;0.0
2;200;VEV_5500;6;19;;;;;7;19;;;;;6.5;0.0
2;300;VEV_6000;0;25;;;;;1;25;;;;;0.5;0.0
2;300;VEV_5200;102;26;;;;;105;26;;;;;103.5;0.0
2;300;VEV_5300;51;25;;;;;54;25;;;;;52.5;0.0
2;300;VEV_5000;266;9;265;17;;;272;9;273;17;;;269.0;0.0
2;300;HYDROGEL_PACK;10005;12;10002;27;;;10021;12;10023;27;;;10013.0;0.0
2;300;VEV_4000;1256;10;1253;18;;;1277;10;1279;18;;;1266.5;0.0
2;300;VEV_5100;176;9;175;17;;;180;9;181;17;;;178.0;0.0
2;300;VEV_4500;758;9;756;17;;;774;9;776;17;;;766.0;0.0
2;300;VEV_5400;16;25;;;;;18;25;;;;;17.0;0.0
2;300;VEV_6500;0;13;;;;;1;13;;;;;0.5;0.0
2;300;VEV_5500;6;25;;;;;7;25;;;;;6.5;0.0
2;300;VELVETFRUIT_EXTRACT;5264;23;5263;44;;;5269;67;;;;;5266.5;0.0
2;400;VEV_5300;51;26;;;;;53;26;;;;;52.0;0.0
2;400;VEV_5200;101;22;;;;;104;22;;;;;102.5;0.0
2;400;VEV_5000;265;8;264;14;;;271;8;272;14;;;268.0;0.0
2;400;VEV_4000;1254;8;1252;30;;;1275;8;1278;30;;;1264.5;0.0
2;400;VEV_5100;175;8;174;14;;;179;22;;;;;177.0;0.0
2;400;VEV_4500;757;8;755;14;;;773;8;775;14;;;765.0;0.0
2;400;VEV_5500;6;26;;;;;7;26;;;;;6.5;0.0
2;400;VEV_5400;16;26;;;;;17;26;;;;;16.5;0.0
2;400;VEV_6500;0;20;;;;;1;20;;;;;0.5;0.0
2;400;HYDROGEL_PACK;10011;8;10003;12;10001;25;10019;12;10022;25;;;10015.0;0.0
2;400;VELVETFRUIT_EXTRACT;5262;53;;;;;5267;15;5268;38;;;5264.5;0.0
2;400;VEV_6000;0;26;;;;;1;26;;;;;0.5;0.0
2;500;VEV_4500;755;7;753;16;;;771;7;773;16;;;763.0;0.0
2;500;VEV_5500;6;19;;;;;7;19;;;;;6.5;0.0
2;500;VEV_5400;16;19;;;;;17;19;;;;;16.5;0.0
2;500;VEV_6500;0;17;;;;;1;17;;;;;0.5;0.0
2;500;VELVETFRUIT_EXTRACT;5261;19;5260;37;;;5266;56;;;;;5263.5;0.0
2;500;VEV_6000;0;19;;;;;1;19;;;;;0.5;0.0
2;500;VEV_5300;50;19;;;;;52;5;53;14;;;51.0;0.0
2;500;VEV_5200;100;23;;;;;103;23;;;;;101.5;0.0
2;500;VEV_5100;173;23;;;;;178;23;;;;;175.5;0.0
2;500;HYDROGEL_PACK;10002;11;9999;22;;;10018;11;10020;22;;;10010.0;0.0
2;500;VEV_4000;1253;9;1250;20;;;1274;9;1276;20;;;1263.5;0.0
2;500;VEV_5000;263;7;262;16;;;269;7;270;16;;;266.0;0.0
2;600;HYDROGEL_PACK;10002;13;9999;25;;;10018;13;10020;25;;;10010.0;0.0
2;600;VELVETFRUIT_EXTRACT;5259;66;;;;;5265;66;;;;;5262.0;0.0
2;600;VEV_6000;0;29;;;;;1;24;;;;;0.5;0.0
2;600;VEV_5300;50;15;49;14;;;52;24;;;;;51.0;0.0
2;600;VEV_5200;100;5;99;23;;;102;23;;;;;101.0;0.0
2;600;VEV_5100;174;5;172;23;;;177;23;;;;;175.5;0.0
2;600;VEV_4000;1261;5;1251;9;1249;23;1273;9;1275;23;;;1267.0;0.0
2;600;VEV_5000;265;5;262;9;261;14;268;9;269;14;;;266.5;0.0
2;600;VEV_4500;761;5;754;9;752;14;770;9;772;14;;;765.5;0.0
2;600;VEV_5500;6;29;;;;;7;24;;;;;6.5;0.0
2;600;VEV_5400;16;5;15;24;;;17;24;;;;;16.5;0.0
2;600;VEV_6500;0;15;;;;;1;10;;;;;0.5;0.0
2;700;VEV_6000;0;18;;;;;1;18;;;;;0.5;0.0
2;700;VEV_5300;50;18;;;;;52;18;;;;;51.0;0.0
2;700;VEV_5200;99;22;;;;;102;7;103;15;;;100.5;0.0
2;700;VEV_5100;173;7;172;15;;;177;7;178;15;;;175.0;0.0
2;700;HYDROGEL_PACK;10003;11;10001;23;;;10019;11;10022;23;;;10011.0;0.0
2;700;VEV_4000;1252;11;1249;18;;;1273;11;1276;18;;;1262.5;0.0
2;700;VEV_5000;262;22;;;;;269;22;;;;;265.5;0.0
2;700;VEV_4500;754;7;753;15;;;771;7;773;15;;;762.5;0.0
2;700;VEV_5500;6;18;;;;;7;18;;;;;6.5;0.0
2;700;VEV_5400;16;18;;;;;17;18;;;;;16.5;0.0
2;700;VEV_6500;0;11;;;;;1;11;;;;;0.5;0.0
2;700;VELVETFRUIT_EXTRACT;5260;24;5259;44;;;5265;24;5266;44;;;5262.5;0.0
2;800;VEV_5300;50;20;;;;;52;20;;;;;51.0;0.0
2;800;VEV_5200;100;9;99;13;;;103;22;;;;;101.5;0.0
2;800;VEV_5100;173;9;172;13;;;177;9;178;13;;;175.0;0.0
2;800;VEV_4000;1252;8;1250;28;;;1273;8;1276;28;;;1262.5;0.0
2;800;VEV_5000;263;9;262;13;;;269;9;270;13;;;266.0;0.0
2;800;VEV_4500;755;9;753;13;;;771;9;773;13;;;763.0;0.0
2;800;VEV_5500;6;20;;;;;7;20;;;;;6.5;0.0
2;800;VEV_5400;16;20;;;;;17;20;;;;;16.5;0.0
2;800;VEV_6500;0;17;;;;;1;17;;;;;0.5;0.0
2;800;HYDROGEL_PACK;10005;12;10003;27;;;10021;12;10024;27;;;10013.0;0.0
2;800;VELVETFRUIT_EXTRACT;5260;52;;;;;5265;20;5266;32;;;5262.5;0.0
2;800;VEV_6000;0;20;;;;;1;20;;;;;0.5;0.0
2;900;VEV_4500;755;6;753;19;;;771;6;773;19;;;763.0;0.0
2;900;VEV_5500;6;24;;;;;7;24;;;;;6.5;0.0
2;900;VEV_5400;16;24;;;;;17;24;;;;;16.5;0.0
2;900;VEV_6500;0;12;;;;;1;12;;;;;0.5;0.0
2;900;VELVETFRUIT_EXTRACT;5260;66;;;;;5262;8;5265;25;5266;41;5261.0;0.0
2;900;VEV_6000;0;24;;;;;1;24;;;;;0.5;0.0
2;900;VEV_5300;50;24;;;;;52;24;;;;;51.0;0.0
2;900;VEV_5200;100;6;99;19;;;103;25;;;;;101.5;0.0
2;900;HYDROGEL_PACK;10009;12;10006;21;;;10025;12;10027;21;;;10017.0;0.0
2;900;VEV_5100;173;6;172;19;;;177;6;178;19;;;175.0;0.0
2;900;VEV_4000;1252;11;1250;24;;;1273;11;1276;24;;;1262.5;0.0
2;900;VEV_5000;263;6;262;19;;;269;6;270;19;;;266.0;0.0
2;1000;HYDROGEL_PACK;10012;14;10010;28;;;10028;14;10031;28;;;10020.0;0.0
2;1000;VELVETFRUIT_EXTRACT;5260;69;;;;;5265;21;5266;48;;;5262.5;0.0
2;1000;VEV_6000;0;26;;;;;1;26;;;;;0.5;0.0
2;1000;VEV_6500;0;19;;;;;1;19;;;;;0.5;0.0
2;1000;VEV_5300;50;26;;;;;52;26;;;;;51.0;0.0
2;1000;VEV_5200;100;12;99;12;;;103;24;;;;;101.5;0.0
2;1000;VEV_4000;1252;12;1250;30;;;1273;12;1276;30;;;1262.5;0.0
2;1000;VEV_5100;173;12;172;12;;;177;12;178;12;;;175.0;0.0
2;1000;VEV_5000;263;12;262;12;;;269;12;270;12;;;266.0;0.0
2;1000;VEV_4500;755;12;753;12;;;771;12;773;12;;;763.0;0.0
2;1000;VEV_5500;6;26;;;;;7;26;;;;;6.5;0.0
2;1000;VEV_5400;16;26;;;;;17;26;;;;;16.5;0.0
2;1100;VEV_5300;50;29;;;;;53;29;;;;;51.5;0.0
2;1100;VEV_5200;100;23;;;;;103;23;;;;;101.5;0.0
2;1100;HYDROGEL_PACK;10011;13;10009;28;;;10027;13;10030;28;;;10019.0;0.0
2;1100;VEV_4000;1253;9;1251;27;;;1274;9;1277;27;;;1263.5;0.0
2;1100;VEV_5100;174;8;173;15;;;178;8;179;15;;;176.0;0.0
2;1100;VEV_5000;264;8;263;15;;;270;8;271;15;;;267.0;0.0
2;1100;VEV_6000;0;29;;;;;1;29;;;;;0.5;0.0
2;1100;VEV_4500;756;8;754;15;;;772;8;774;15;;;764.0;0.0
2;1100;VEV_5500;6;29;;;;;7;29;;;;;6.5;0.0
2;1100;VEV_5400;16;29;;;;;17;29;;;;;16.5;0.0
2;1100;VEV_6500;0;14;;;;;1;14;;;;;0.5;0.0
2;1100;VELVETFRUIT_EXTRACT;5261;60;;;;;5266;24;5267;36;;;5263.5;0.0
2;1200;VEV_6500;0;14;;;;;1;14;;;;;0.5;0.0
2;1200;VEV_5300;50;21;;;;;52;21;;;;;51.0;0.0
2;1200;VEV_5200;99;24;;;;;102;8;103;16;;;100.5;0.0
2;1200;VEV_4000;1252;15;1249;20;;;1273;15;1275;20;;;1262.5;0.0
2;1200;VEV_5100;172;24;;;;;177;24;;;;;174.5;0.0
2;1200;VEV_5000;262;24;;;;;269;24;;;;;265.5;0.0
2;1200;VEV_4500;754;8;752;16;;;770;8;772;16;;;762.0;0.0
2;1200;VEV_5500;6;21;;;;;7;21;;;;;6.5;0.0
2;1200;VEV_5400;16;21;;;;;17;21;;;;;16.5;0.0
2;1200;HYDROGEL_PACK;10013;12;10010;28;;;10029;12;10031;28;;;10021.0;0.0
2;1200;VELVETFRUIT_EXTRACT;5260;22;5259;36;;;5265;58;;;;;5262.5;0.0
2;1200;VEV_6000;0;21;;;;;1;21;;;;;0.5;0.0
2;1300;VEV_4500;754;6;752;15;;;770;6;772;15;;;762.0;0.0
2;1300;VEV_5500;6;16;;;;;7;16;;;;;6.5;0.0
2;1300;VEV_5400;16;16;;;;;17;16;;;;;16.5;0.0
2;1300;VEV_6500;0;13;;;;;1;13;;;;;0.5;0.0
2;1300;VELVETFRUIT_EXTRACT;5259;51;;;;;5265;51;;;;;5262.0;0.0
2;1300;VEV_5300;50;6;49;10;;;52;16;;;;;51.0;0.0
2;1300;VEV_5200;99;21;;;;;102;21;;;;;100.5;0.0
2;1300;HYDROGEL_PACK;10013;13;10010;23;;;10029;13;10032;23;;;10021.0;0.0
2;1300;VEV_4000;1251;13;1249;17;;;1273;13;1275;17;;;1262.0;0.0
2;1300;VEV_5100;172;21;;;;;177;21;;;;;174.5;0.0
2;1300;VEV_5000;262;6;261;15;;;268;6;269;15;;;265.0;0.0
2;1300;VEV_6000;0;16;;;;;1;16;;;;;0.5;0.0
2;1400;HYDROGEL_PACK;10015;10;10012;24;;;10031;10;10033;24;;;10023.0;0.0
2;1400;VELVETFRUIT_EXTRACT;5261;50;;;;;5267;50;;;;;5264.0;0.0
2;1400;VEV_6000;0;21;;;;;1;21;;;;;0.5;0.0
2;1400;VEV_6500;0;11;;;;;1;11;;;;;0.5;0.0
2;1400;VEV_5300;50;21;;;;;53;21;;;;;51.5;0.0
2;1400;VEV_5200;100;26;;;;;103;12;104;14;;;101.5;0.0
2;1400;VEV_4000;1253;8;1251;23;;;1275;8;1277;23;;;1264.0;0.0
2;1400;VEV_5100;174;12;173;14;;;178;12;179;14;;;176.0;0.0
2;1400;VEV_5000;264;12;263;14;;;270;12;271;14;;;267.0;0.0
2;1400;VEV_4500;756;12;754;14;;;772;12;774;14;;;764.0;0.0
2;1400;VEV_5500;6;21;;;;;7;21;;;;;6.5;0.0
2;1400;VEV_5400;16;21;;;;;17;21;;;;;16.5;0.0
2;1500;VEV_5300;51;25;;;;;53;25;;;;;52.0;0.0
2;1500;VEV_5200;101;33;;;;;104;33;;;;;102.5;0.0
2;1500;HYDROGEL_PACK;10017;12;10014;29;;;10024;4;10033;12;10035;29;10020.5;0.0
2;1500;VEV_4000;1254;8;1252;26;;;1275;8;1278;26;;;1264.5;0.0
2;1500;VEV_5100;174;33;;;;;179;33;;;;;176.5;0.0
2;1500;VEV_5000;265;10;264;23;;;271;10;272;23;;;268.0;0.0
2;1500;VEV_6000;0;25;;;;;1;25;;;;;0.5;0.0
2;1500;VEV_4500;757;10;755;23;;;773;10;775;23;;;765.0;0.0
2;1500;VEV_5400;16;25;;;;;17;9;18;16;;;16.5;0.0
2;1500;VEV_6500;0;18;;;;;1;18;;;;;0.5;0.0
2;1500;VEV_5500;6;25;;;;;7;25;;;;;6.5;0.0
2;1500;VELVETFRUIT_EXTRACT;5262;56;;;;;5267;16;5268;40;;;5264.5;0.0
2;1600;VEV_5400;16;19;;;;;17;7;18;12;;;16.5;0.0
2;1600;VEV_6500;0;15;;;;;1;15;;;;;0.5;0.0
2;1600;VEV_5500;6;19;;;;;7;19;;;;;6.5;0.0
2;1600;VEV_4000;1254;13;1252;29;;;1275;13;1278;29;;;1264.5;0.0
2;1600;VEV_5000;265;7;264;13;;;271;7;272;13;;;268.0;0.0
2;1600;VEV_5100;174;20;;;;;179;20;;;;;176.5;0.0
2;1600;VEV_4500;757;7;755;13;;;773;7;775;13;;;765.0;0.0
2;1600;VEV_5200;101;20;;;;;104;20;;;;;102.5;0.0
2;1600;VEV_5300;51;19;;;;;53;19;;;;;52.0;0.0
2;1600;HYDROGEL_PACK;10016;14;10014;23;;;10032;14;10035;23;;;10024.0;0.0
2;1600;VELVETFRUIT_EXTRACT;5262;64;;;;;5267;23;5268;41;;;5264.5;0.0
2;1600;VEV_6000;0;19;;;;;1;19;;;;;0.5;0.0
2;1700;VEV_4500;758;6;756;13;;;774;6;776;13;;;766.0;0.0
2;1700;VEV_5400;16;26;;;;;18;26;;;;;17.0;0.0
2;1700;VEV_6500;0;15;;;;;1;15;;;;;0.5;0.0
2;1700;VEV_5500;6;26;;;;;7;26;;;;;6.5;0.0
2;1700;VELVETFRUIT_EXTRACT;5263;61;;;;;5269;61;;;;;5266.0;0.0
2;1700;VEV_5000;266;6;265;13;;;272;6;273;13;;;269.0;0.0
2;1700;VEV_5100;176;6;175;13;;;180;6;181;13;;;178.0;0.0
2;1700;VEV_5200;102;19;;;;;105;19;;;;;103.5;0.0
2;1700;VEV_5300;51;26;;;;;54;26;;;;;52.5;0.0
2;1700;HYDROGEL_PACK;10013;13;10010;24;;;10029;13;10031;24;;;10021.0;0.0
2;1700;VEV_4000;1255;14;1253;29;;;1277;14;1279;29;;;1266.0;0.0
2;1700;VEV_6000;0;26;;;;;1;26;;;;;0.5;0.0
2;1800;HYDROGEL_PACK;10011;13;10009;28;;;10027;13;10030;28;;;10019.0;0.0
2;1800;VELVETFRUIT_EXTRACT;5263;46;;;;;5268;16;5269;30;;;5265.5;0.0
2;1800;VEV_6000;0;21;;;;;1;21;;;;;0.5;0.0
2;1800;VEV_5400;16;21;;;;;18;21;;;;;17.0;0.0
2;1800;VEV_6500;0;14;;;;;1;14;;;;;0.5;0.0
2;1800;VEV_5500;6;21;;;;;7;21;;;;;6.5;0.0
2;1800;VEV_4000;1255;13;1253;15;;;1276;13;1279;15;;;1265.5;0.0
2;1800;VEV_5000;265;27;;;;;272;6;273;21;;;268.5;0.0
2;1800;VEV_5100;175;27;;;;;180;27;;;;;177.5;0.0
2;1800;VEV_4500;758;6;756;21;;;774;6;776;21;;;766.0;0.0
2;1800;VEV_5200;102;6;101;21;;;105;27;;;;;103.5;0.0
2;1800;VEV_5300;51;21;;;;;53;6;54;15;;;52.0;0.0
2;1900;VEV_5000;266;11;265;14;;;272;11;273;14;;;269.0;0.0
2;1900;VEV_5100;176;11;175;14;;;180;11;181;14;;;178.0;0.0
2;1900;VEV_5200;102;25;;;;;105;25;;;;;103.5;0.0
2;1900;VEV_5300;51;16;;;;;54;16;;;;;52.5;0.0
2;1900;HYDROGEL_PACK;10011;15;10009;24;;;10027;15;10030;24;;;10019.0;0.0
2;1900;VEV_4000;1256;15;1253;30;;;1277;15;1280;30;;;1266.5;0.0
2;1900;VEV_6000;0;16;;;;;1;16;;;;;0.5;0.0
2;1900;VEV_4500;758;11;756;14;;;775;11;776;14;;;766.5;0.0
2;1900;VEV_5400;16;16;;;;;18;16;;;;;17.0;0.0
2;1900;VEV_6500;0;18;;;;;1;18;;;;;0.5;0.0
2;1900;VEV_5500;6;16;;;;;7;16;;;;;6.5;0.0
2;1900;VELVETFRUIT_EXTRACT;5264;25;5263;38;;;5269;25;5270;38;;;5266.5;0.0
2;2000;VEV_5400;17;19;;;;;18;19;;;;;17.5;0.0
2;2000;VEV_6500;0;15;;;;;1;15;;;;;0.5;0.0
2;2000;VEV_5500;6;19;;;;;7;19;;;;;6.5;0.0
2;2000;VEV_4000;1258;10;1255;17;;;1279;10;1281;17;;;1268.5;0.0
2;2000;VEV_4500;760;9;758;14;;;776;9;778;14;;;768.0;0.0
2;2000;VEV_5000;268;9;267;14;;;274;9;275;14;;;271.0;0.0
2;2000;VEV_5100;177;23;;;;;182;23;;;;;179.5;0.0
2;2000;VEV_5200;103;23;;;;;106;9;107;14;;;104.5;0.0
2;2000;VEV_5300;52;19;;;;;55;19;;;;;53.5;0.0
2;2000;HYDROGEL_PACK;10011;13;10009;22;;;10027;13;10030;22;;;10019.0;0.0
2;2000;VELVETFRUIT_EXTRACT;5266;22;5265;39;;;5271;61;;;;;5268.5;0.0
2;2000;VEV_6000;0;19;;;;;1;19;;;;;0.5;0.0
2;2100;VEV_5400;17;23;;;;;18;23;;;;;17.5;0.0
2;2100;VEV_6500;0;13;;;;;1;13;;;;;0.5;0.0
2;2100;VEV_5500;6;23;;;;;8;23;;;;;7.0;0.0
2;2100;VELVETFRUIT_EXTRACT;5267;15;5266;30;;;5272;45;;;;;5269.5;0.0
2;2100;VEV_4500;761;9;759;13;;;778;9;779;13;;;769.5;0.0
2;2100;VEV_5000;269;9;268;13;;;275;9;276;13;;;272.0;0.0
2;2100;VEV_4000;1259;8;1256;15;;;1280;8;1283;15;;;1269.5;0.0
2;2100;VEV_5100;178;22;;;;;183;22;;;;;180.5;0.0
2;2100;VEV_5200;104;22;;;;;107;22;;;;;105.5;0.0
2;2100;VEV_5300;53;23;;;;;55;23;;;;;54.0;0.0
2;2100;HYDROGEL_PACK;10009;12;10007;25;;;10025;12;10028;25;;;10017.0;0.0
2;2100;VEV_6000;0;23;;;;;1;23;;;;;0.5;0.0
2;2200;HYDROGEL_PACK;10009;10;10007;29;;;10025;10;10028;29;;;10017.0;0.0
2;2200;VELVETFRUIT_EXTRACT;5266;23;5265;39;;;5271;62;;;;;5268.5;0.0
2;2200;VEV_6000;0;19;;;;;1;19;;;;;0.5;0.0
2;2200;VEV_5400;17;19;;;;;18;19;;;;;17.5;0.0
2;2200;VEV_6500;0;16;;;;;1;16;;;;;0.5;0.0
2;2200;VEV_5500;6;19;;;;;7;19;;;;;6.5;0.0
2;2200;VEV_4500;760;6;758;12;;;776;6;778;12;;;768.0;0.0
2;2200;VEV_5000;268;6;267;12;;;274;6;275;12;;;271.0;0.0
2;2200;VEV_4000;1258;14;1255;19;;;1279;14;1281;19;;;1268.5;0.0
2;2200;VEV_5100;177;18;;;;;182;18;;;;;179.5;0.0
2;2200;VEV_5200;103;18;;;;;106;6;107;12;;;104.5;0.0
2;2200;VEV_5300;52;19;;;;;55;19;;;;;53.5;0.0
2;2300;VEV_5000;269;10;268;15;;;275;10;276;15;;;272.0;0.0
2;2300;VEV_4000;1258;13;1256;26;;;1280;13;1282;26;;;1269.0;0.0
2;2300;VEV_5100;178;25;;;;;183;25;;;;;180.5;0.0
2;2300;VEV_5200;104;25;;;;;107;25;;;;;105.5;0.0
2;2300;VEV_5300;53;9;52;18;;;55;27;;;;;54.0;0.0
2;2300;HYDROGEL_PACK;10007;14;10004;20;;;10023;14;10025;20;;;10015.0;0.0
2;2300;VEV_6000;0;27;;;;;1;27;;;;;0.5;0.0
2;2300;VEV_5400;17;27;;;;;18;27;;;;;17.5;0.0
2;2300;VEV_6500;0;10;;;;;1;10;;;;;0.5;0.0
2;2300;VELVETFRUIT_EXTRACT;5266;65;;;;;5272;65;;;;;5269.0;0.0
2;2300;VEV_5500;6;27;;;;;8;27;;;;;7.0;0.0
2;2300;VEV_4500;761;10;759;15;;;777;10;779;15;;;769.0;0.0
2;2400;VEV_5400;17;26;;;;;19;26;;;;;18.0;0.0
2;2400;VEV_6500;0;20;;;;;1;20;;;;;0.5;0.0
2;2400;VEV_5500;6;26;;;;;8;26;;;;;7.0;0.0
2;2400;VEV_4500;762;7;760;13;;;778;7;780;13;;;770.0;0.0
2;2400;VEV_5000;270;7;269;13;;;276;7;277;13;;;273.0;0.0
2;2400;VEV_4000;1260;13;1257;28;;;1281;13;1283;28;;;1270.5;0.0
2;2400;VEV_5100;179;20;;;;;184;20;;;;;181.5;0.0
2;2400;VEV_5200;105;7;104;13;;;108;20;;;;;106.5;0.0
2;2400;VEV_5300;53;26;;;;;55;10;56;16;;;54.0;0.0
2;2400;HYDROGEL_PACK;10010;10;10007;25;;;10026;10;10028;25;;;10018.0;0.0
2;2400;VELVETFRUIT_EXTRACT;5268;22;5267;30;;;5273;52;;;;;5270.5;0.0
2;2400;VEV_6000;0;26;;;;;1;26;;;;;0.5;0.0
2;2500;VEV_5400;18;21;;;;;19;21;;;;;18.5;0.0
2;2500;VEV_6500;0;20;;;;;1;20;;;;;0.5;0.0
2;2500;VELVETFRUIT_EXTRACT;5270;15;5269;38;;;5275;53;;;;;5272.5;0.0
2;2500;VEV_5500;7;21;;;;;8;21;;;;;7.5;0.0
2;2500;VEV_4500;764;10;762;13;;;780;10;782;13;;;772.0;0.0
2;2500;VEV_5000;272;10;271;13;;;278;10;279;13;;;275.0;0.0
2;2500;VEV_4000;1262;9;1259;18;;;1283;9;1285;18;;;1272.5;0.0
2;2500;VEV_5100;181;10;180;13;;;186;23;;;;;183.5;0.0
2;2500;VEV_5200;106;23;;;;;109;23;;;;;107.5;0.0
2;2500;VEV_5300;54;21;;;;;56;21;;;;;55.0;0.0
2;2500;HYDROGEL_PACK;10011;14;10008;27;;;10027;14;10029;27;;;10019.0;0.0
2;2500;VEV_6000;0;21;;;;;1;21;;;;;0.5;0.0
2;2600;HYDROGEL_PACK;10012;13;10009;20;;;10028;13;10030;20;;;10020.0;0.0
2;2600;VELVETFRUIT_EXTRACT;5270;74;;;;;5275;25;5276;49;;;5272.5;0.0
2;2600;VEV_6000;0;16;;;;;1;16;;;;;0.5;0.0
2;2600;VEV_5400;18;16;;;;;19;16;;;;;18.5;0.0
2;2600;VEV_5500;7;16;;;;;8;16;;;;;7.5;0.0
2;2600;VEV_6500;0;12;;;;;1;12;;;;;0.5;0.0
2;2600;VEV_4500;764;9;762;13;;;781;9;783;13;;;772.5;0.0
2;2600;VEV_5000;272;9;271;13;;;279;22;;;;;275.5;0.0
2;2600;VEV_4000;1262;11;1259;25;;;1283;11;1286;25;;;1272.5;0.0
2;2600;VEV_5100;181;22;;;;;186;22;;;;;183.5;0.0
2;2600;VEV_5200;106;22;;;;;109;9;110;13;;;107.5;0.0
2;2600;VEV_5300;54;16;;;;;57;16;;;;;55.5;0.0
2;2700;VEV_5100;181;8;180;14;;;185;8;186;14;;;183.0;0.0
2;2700;VEV_4000;1261;7;1259;28;;;1283;7;1285;28;;;1272.0;0.0
2;2700;VEV_5000;271;22;;;;;278;8;279;14;;;274.5;0.0
2;2700;VEV_5300;54;19;;;;;56;19;;;;;55.0;0.0
2;2700;VEV_5200;106;22;;;;;109;22;;;;;107.5;0.0
2;2700;HYDROGEL_PACK;10014;14;10012;29;;;10030;14;10033;29;;;10022.0;0.0
2;2700;VEV_6000;0;19;;;;;1;19;;;;;0.5;0.0
2;2700;VEV_5500;7;19;;;;;8;19;;;;;7.5;0.0
2;2700;VEV_5400;18;8;17;11;;;19;19;;;;;18.5;0.0
2;2700;VEV_6500;0;10;;;;;1;10;;;;;0.5;0.0
2;2700;VELVETFRUIT_EXTRACT;5269;69;;;;;5275;69;;;;;5272.0;0.0
2;2700;VEV_4500;764;8;762;14;;;780;8;782;14;;;772.0;0.0
2;2800;VEV_5500;7;20;;;;;8;20;;;;;7.5;0.0
2;2800;VEV_5400;17;20;;;;;19;20;;;;;18.0;0.0
2;2800;VEV_6500;0;14;;;;;1;14;;;;;0.5;0.0
2;2800;VEV_4500;763;8;761;14;;;780;8;782;14;;;771.5;0.0
2;2800;VEV_5100;180;22;;;;;185;22;;;;;182.5;0.0
2;2800;VEV_4000;1261;9;1258;22;;;1282;9;1285;22;;;1271.5;0.0
2;2800;VEV_5000;271;8;270;14;;;277;8;278;14;;;274.0;0.0
2;2800;VEV_5300;54;8;53;12;;;56;20;;;;;55.0;0.0
2;2800;VEV_5200;106;8;105;14;;;109;22;;;;;107.5;0.0
2;2800;HYDROGEL_PACK;10017;11;10015;22;;;10033;11;10036;22;;;10025.0;0.0
2;2800;VELVETFRUIT_EXTRACT;5269;25;5268;42;;;5274;25;5275;42;;;5271.5;0.0
2;2800;VEV_6000;0;20;;;;;1;20;;;;;0.5;0.0
2;2900;VEV_5500;6;26;;;;;8;26;;;;;7.0;0.0
2;2900;VEV_5400;17;26;;;;;18;26;;;;;17.5;0.0
2;2900;VEV_6500;0;14;;;;;1;14;;;;;0.5;0.0
2;2900;VELVETFRUIT_EXTRACT;5267;25;5266;40;;;5272;25;5273;40;;;5269.5;0.0
2;2900;VEV_4500;761;7;759;17;;;778;7;780;17;;;769.5;0.0
2;2900;VEV_5100;178;24;;;;;183;7;184;17;;;180.5;0.0
2;2900;VEV_4000;1259;7;1256;26;;;1280;7;1283;26;;;1269.5;0.0
2;2900;VEV_5000;269;7;268;17;;;275;7;276;17;;;272.0;0.0
2;2900;VEV_5300;53;26;;;;;55;26;;;;;54.0;0.0
2;2900;VEV_5200;104;24;;;;;107;7;108;17;;;105.5;0.0
2;2900;HYDROGEL_PACK;10018;15;10016;21;;;10034;15;10037;21;;;10026.0;0.0
2;2900;VEV_6000;0;26;;;;;1;26;;;;;0.5;0.0
2;3000;VELVETFRUIT_EXTRACT;5268;21;5267;32;;;5273;21;5274;32;;;5270.5;0.0
2;3000;VEV_6000;0;21;;;;;1;21;;;;;0.5;0.0
2;3000;VEV_5500;6;21;;;;;8;21;;;;;7.0;0.0
2;3000;VEV_5400;17;21;;;;;19;21;;;;;18.0;0.0
2;3000;VEV_6500;0;17;;;;;1;17;;;;;0.5;0.0
2;3000;VEV_4500;762;9;760;13;;;779;9;781;13;;;770.5;0.0
2;3000;VEV_5100;179;22;;;;;184;22;;;;;181.5;0.0
2;3000;VEV_4000;1260;11;1257;16;;;1281;11;1284;16;;;1270.5;0.0
2;3000;VEV_5000;270;9;269;13;;;276;9;277;13;;;273.0;0.0
2;3000;VEV_5300;53;21;;;;;55;10;56;11;;;54.0;0.0
2;3000;VEV_5200;105;22;;;;;108;22;;;;;106.5;0.0
2;3000;HYDROGEL_PACK;10019;13;10017;27;;;10035;13;10038;27;;;10027.0;0.0
2;3100;VEV_5100;181;11;180;16;;;186;27;;;;;183.5;0.0
2;3100;VEV_4000;1262;15;1259;15;;;1283;15;1285;15;;;1272.5;0.0
2;3100;VEV_5000;272;11;271;16;;;278;11;279;16;;;275.0;0.0
2;3100;VEV_5300;54;23;;;;;56;23;;;;;55.0;0.0
2;3100;VEV_5200;106;27;;;;;109;27;;;;;107.5;0.0
2;3100;VEV_6000;0;23;;;;;1;23;;;;;0.5;0.0
2;3100;HYDROGEL_PACK;10019;10;10017;25;;;10035;10;10038;25;;;10027.0;0.0
2;3100;VEV_5500;7;23;;;;;8;23;;;;;7.5;0.0
2;3100;VEV_5400;18;23;;;;;19;23;;;;;18.5;0.0
2;3100;VEV_6500;0;18;;;;;1;18;;;;;0.5;0.0
2;3100;VELVETFRUIT_EXTRACT;5270;21;5269;47;;;5275;68;;;;;5272.5;0.0
2;3100;VEV_4500;764;11;762;16;;;780;11;782;16;;;772.0;0.0
2;3200;VEV_5500;7;18;;;;;8;18;;;;;7.5;0.0
2;3200;VEV_5400;18;18;;;;;19;18;;;;;18.5;0.0
2;3200;VEV_6500;0;10;;;;;1;10;;;;;0.5;0.0
2;3200;VEV_4500;765;8;763;22;;;781;8;783;22;;;773.0;0.0
2;3200;VEV_4000;1262;8;1260;29;;;1284;8;1286;29;;;1273.0;0.0
2;3200;VEV_5100;181;30;;;;;186;8;187;22;;;183.5;0.0
2;3200;VEV_5000;272;30;;;;;279;30;;;;;275.5;0.0
2;3200;VEV_5300;54;18;;;;;57;18;;;;;55.5;0.0
2;3200;VEV_5200;106;30;;;;;110;30;;;;;108.0;0.0
2;3200;HYDROGEL_PACK;10022;12;10019;28;;;10038;12;10040;28;;;10030.0;0.0
2;3200;VELVETFRUIT_EXTRACT;5270;57;;;;;5276;57;;;;;5273.0;0.0
2;3200;VEV_6000;0;18;;;;;1;18;;;;;0.5;0.0
2;3300;HYDROGEL_PACK;10021;12;10018;26;;;10037;12;10040;26;;;10029.0;0.0
2;3300;VELVETFRUIT_EXTRACT;5271;17;5270;35;;;5276;17;5277;35;;;5273.5;0.0
2;3300;VEV_5500;7;18;;;;;8;18;;;;;7.5;0.0
2;3300;VEV_5400;18;18;;;;;19;18;;;;;18.5;0.0
2;3300;VEV_6500;0;14;;;;;1;14;;;;;0.5;0.0
2;3300;VEV_4500;765;6;763;12;;;782;6;784;12;;;773.5;0.0
2;3300;VEV_4000;1263;11;1260;28;;;1284;11;1287;28;;;1273.5;0.0
2;3300;VEV_5100;182;18;;;;;187;18;;;;;184.5;0.0
2;3300;VEV_5000;273;6;272;12;;;280;18;;;;;276.5;0.0
2;3300;VEV_5300;55;6;54;12;;;57;18;;;;;56.0;0.0
2;3300;VEV_5200;107;18;;;;;110;18;;;;;108.5;0.0
2;3300;VEV_6000;0;18;;;;;1;18;;;;;0.5;0.0
2;3400;VELVETFRUIT_EXTRACT;5272;24;5271;41;;;5277;24;5278;41;;;5274.5;0.0
2;3400;VEV_6000;0;25;;;;;1;25;;;;;0.5;0.0
2;3400;VEV_5500;7;25;;;;;8;25;;;;;7.5;0.0
2;3400;VEV_5400;18;25;;;;;19;6;20;19;;;18.5;0.0
2;3400;VEV_6500;0;15;;;;;1;15;;;;;0.5;0.0
2;3400;VEV_4500;766;10;764;24;;;783;10;785;24;;;774.5;0.0
2;3400;VEV_4000;1264;8;1261;22;;;1285;8;1288;22;;;1274.5;0.0
2;3400;VEV_5100;183;10;182;24;;;188;34;;;;;185.5;0.0
2;3400;VEV_5000;274;10;273;24;;;280;10;281;24;;;277.0;0.0
2;3400;VEV_5300;55;25;;;;;57;25;;;;;56.0;0.0
2;3400;VEV_5200;108;10;107;24;;;111;34;;;;;109.5;0.0
2;3400;HYDROGEL_PACK;10023;11;10021;25;;;10039;11;10042;25;;;10031.0;0.0
2;3500;VEV_4000;1263;14;1260;28;;;1284;14;1287;28;;;1273.5;0.0
2;3500;VEV_5100;182;12;181;21;;;186;12;187;21;;;184.0;0.0
2;3500;VEV_5000;273;12;272;21;;;279;12;280;21;;;276.0;0.0
2;3500;VEV_5300;54;20;;;;;57;20;;;;;55.5;0.0
2;3500;VEV_5200;107;33;;;;;110;33;;;;;108.5;0.0
2;3500;VEV_6000;0;20;;;;;1;20;;;;;0.5;0.0
2;3500;HYDROGEL_PACK;10021;10;10018;21;;;10037;10;10039;21;;;10029.0;0.0
2;3500;VELVETFRUIT_EXTRACT;5271;25;5270;50;;;5276;75;;;;;5273.5;0.0
2;3500;VEV_5500;7;20;;;;;8;20;;;;;7.5;0.0
2;3500;VEV_5400;18;20;;;;;19;20;;;;;18.5;0.0
2;3500;VEV_6500;0;17;;;;;1;17;;;;;0.5;0.0
2;3500;VEV_4500;765;12;763;21;;;782;12;783;21;;;773.5;0.0
2;3600;VEV_5500;7;23;;;;;8;23;;;;;7.5;0.0
2;3600;VEV_5400;18;23;;;;;19;23;;;;;18.5;0.0
2;3600;VEV_6500;0;18;;;;;1;18;;;;;0.5;0.0
2;3600;VEV_4500;766;12;764;15;;;782;12;784;15;;;774.0;0.0
2;3600;VEV_4000;1263;14;1261;23;;;1285;14;1287;23;;;1274.0;0.0
2;3600;VEV_5100;182;27;;;;;187;12;188;15;;;184.5;0.0
2;3600;VEV_5000;273;27;;;;;280;12;281;15;;;276.5;0.0
2;3600;VEV_5300;55;23;;;;;57;23;;;;;56.0;0.0
2;3600;VEV_5200;107;27;;;;;110;12;111;15;;;108.5;0.0
2;3600;HYDROGEL_PACK;10022;10;10020;30;;;10038;10;10041;30;;;10030.0;0.0
2;3600;VELVETFRUIT_EXTRACT;5271;60;;;;;5277;60;;;;;5274.0;0.0
2;3600;VEV_6000;0;23;;;;;1;23;;;;;0.5;0.0
2;3700;HYDROGEL_PACK;10021;15;10019;24;;;10037;15;10040;24;;;10029.0;0.0
2;3700;VELVETFRUIT_EXTRACT;5271;25;5270;44;;;5276;25;5277;44;;;5273.5;0.0
2;3700;VEV_5400;18;21;;;;;19;21;;;;;18.5;0.0
2;3700;VEV_6500;0;11;;;;;1;11;;;;;0.5;0.0
2;3700;VEV_4500;765;9;763;13;;;782;9;784;13;;;773.5;0.0
2;3700;VEV_5500;7;21;;;;;8;21;;;;;7.5;0.0
2;3700;VEV_4000;1263;13;1260;15;;;1284;13;1287;15;;;1273.5;0.0
2;3700;VEV_5100;182;9;181;13;;;187;22;;;;;184.5;0.0
2;3700;VEV_5000;273;9;272;13;;;279;9;280;13;;;276.0;0.0
2;3700;VEV_5300;54;21;;;;;57;21;;;;;55.5;0.0
2;3700;VEV_5200;107;22;;;;;110;22;;;;;108.5;0.0
2;3700;VEV_6000;0;21;;;;;1;21;;;;;0.5;0.0
2;3800;VELVETFRUIT_EXTRACT;5271;54;;;;;5276;19;5277;35;;;5273.5;0.0
2;3800;VEV_6000;0;21;;;;;1;21;;;;;0.5;0.0
2;3800;VEV_5400;18;21;;;;;19;21;;;;;18.5;0.0
2;3800;VEV_6500;0;18;;;;;1;18;;;;;0.5;0.0
2;3800;VEV_4500;766;8;764;22;;;782;8;784;22;;;774.0;0.0
2;3800;VEV_5500;7;21;;;;;8;21;;;;;7.5;0.0
2;3800;VEV_4000;1263;8;1261;25;;;1285;8;1287;25;;;1274.0;0.0
2;3800;VEV_5200;107;30;;;;;110;8;111;22;;;108.5;0.0
2;3800;VEV_5300;55;10;54;11;;;57;21;;;;;56.0;0.0
2;3800;VEV_5000;273;30;;;;;280;30;;;;;276.5;0.0
2;3800;VEV_5100;182;30;;;;;187;30;;;;;184.5;0.0
2;3800;HYDROGEL_PACK;10020;13;10017;29;;;10036;13;10038;29;;;10028.0;0.0
2;3900;VEV_4000;1263;15;1261;23;;;1285;15;1287;23;;;1274.0;0.0
2;3900;VEV_5200;107;22;;;;;110;6;111;16;;;108.5;0.0
2;3900;VEV_5300;55;8;54;11;;;57;19;;;;;56.0;0.0
2;3900;VEV_5000;273;22;;;;;280;22;;;;;276.5;0.0
2;3900;VEV_5100;182;22;;;;;187;22;;;;;184.5;0.0
2;3900;VEV_6000;0;19;;;;;1;19;;;;;0.5;0.0
2;3900;HYDROGEL_PACK;10016;13;10014;26;;;10032;13;10035;26;;;10024.0;0.0
2;3900;VELVETFRUIT_EXTRACT;5271;65;;;;;5277;65;;;;;5274.0;0.0
2;3900;VEV_5400;18;19;;;;;19;19;;;;;18.5;0.0
2;3900;VEV_6500;0;16;;;;;1;16;;;;;0.5;0.0
2;3900;VEV_4500;766;6;764;16;;;782;6;784;16;;;774.0;0.0
2;3900;VEV_5500;7;19;;;;;8;19;;;;;7.5;0.0
2;4000;VEV_5400;18;26;;;;;19;26;;;;;18.5;0.0
2;4000;VEV_6500;0;20;;;;;1;20;;;;;0.5;0.0
2;4000;VEV_4500;765;6;763;16;;;781;6;783;16;;;773.0;0.0
2;4000;VEV_5500;7;26;;;;;8;26;;;;;7.5;0.0
2;4000;VEV_4000;1262;14;1260;22;;;1284;14;1286;22;;;1273.0;0.0
2;4000;VEV_5200;107;6;106;16;;;110;22;;;;;108.5;0.0
2;4000;VEV_5300;54;26;;;;;56;10;57;16;;;55.0;0.0
2;4000;VEV_5000;272;22;;;;;279;22;;;;;275.5;0.0
2;4000;VEV_5100;181;22;;;;;186;6;187;16;;;183.5;0.0
2;4000;HYDROGEL_PACK;10018;15;10016;30;;;10034;15;10037;30;;;10026.0;0.0
2;4000;VELVETFRUIT_EXTRACT;5270;53;;;;;5275;23;5276;30;;;5272.5;0.0
2;4000;VEV_6000;0;26;;;;;1;26;;;;;0.5;0.0
2;4100;HYDROGEL_PACK;10020;14;10017;25;;;10036;14;10038;25;;;10028.0;0.0
2;4100;VELVETFRUIT_EXTRACT;5271;63;;;;;5276;25;5277;38;;;5273.5;0.0
2;4100;VEV_5400;18;19;;;;;19;19;;;;;18.5;0.0
2;4100;VEV_6500;0;12;;;;;1;12;;;;;0.5;0.0
2;4100;VEV_4500;765;10;764;22;;;782;10;784;22;;;773.5;0.0
2;4100;VEV_5500;7;19;;;;;8;19;;;;;7.5;0.0
2;4100;VEV_4000;1263;12;1260;19;;;1284;12;1287;19;;;1273.5;0.0
2;4100;VEV_5200;107;32;;;;;110;10;111;22;;;108.5;0.0
2;4100;VEV_5300;55;8;54;11;;;57;19;;;;;56.0;0.0
2;4100;VEV_5000;273;10;272;22;;;280;32;;;;;276.5;0.0
2;4100;VEV_5100;182;32;;;;;187;32;;;;;184.5;0.0
2;4100;VEV_6000;0;19;;;;;1;19;;;;;0.5;0.0
2;4200;VELVETFRUIT_EXTRACT;5272;19;5271;32;;;5277;19;5278;32;;;5274.5;0.0
2;4200;VEV_6000;0;26;;;;;1;26;;;;;0.5;0.0
2;4200;VEV_5400;18;26;;;;;19;26;;;;;18.5;0.0
2;4200;VEV_6500;0;20;;;;;1;20;;;;;0.5;0.0
2;4200;VEV_4500;766;7;764;13;;;783;7;785;13;;;774.5;0.0
2;4200;VEV_5500;7;26;;;;;8;26;;;;;7.5;0.0
2;4200;VEV_4000;1264;11;1261;16;;;1285;11;1288;16;;;1274.5;0.0
2;4200;VEV_5200;108;7;107;13;;;111;20;;;;;109.5;0.0
2;4200;VEV_5300;55;26;;;;;57;26;;;;;56.0;0.0
2;4200;VEV_5000;274;7;273;13;;;280;7;281;13;;;277.0;0.0
2;4200;HYDROGEL_PACK;10022;10;10020;26;;;10038;10;10041;26;;;10030.0;0.0
2;4200;VEV_5100;183;7;182;13;;;187;7;188;13;;;185.0;0.0
2;4300;VEV_5200;108;9;107;21;;;111;30;;;;;109.5;0.0
2;4300;VEV_5300;55;27;;;;;57;27;;;;;56.0;0.0
2;4300;VEV_5000;274;9;273;21;;;280;9;281;21;;;277.0;0.0
2;4300;VEV_4000;1264;9;1261;24;;;1285;9;1288;24;;;1274.5;0.0
2;4300;VEV_5100;183;9;182;21;;;187;9;188;21;;;185.0;0.0
2;4300;VEV_6000;0;27;;;;;1;27;;;;;0.5;0.0
2;4300;HYDROGEL_PACK;10019;12;10016;24;;;10035;12;10038;24;;;10027.0;0.0
2;4300;VELVETFRUIT_EXTRACT;5272;25;5271;48;;;5277;25;5278;48;;;5274.5;0.0
2;4300;VEV_4500;766;9;764;21;;;783;9;785;21;;;774.5;0.0
2;4300;VEV_5400;18;27;;;;;19;27;;;;;18.5;0.0
2;4300;VEV_6500;0;17;;;;;1;17;;;;;0.5;0.0
2;4300;VEV_5500;7;27;;;;;8;27;;;;;7.5;0.0
2;4400;VEV_4500;764;12;762;20;;;781;12;783;20;;;772.5;0.0
2;4400;VEV_5400;18;5;17;16;;;19;21;;;;;18.5;0.0
2;4400;VEV_6500;0;17;;;;;1;17;;;;;0.5;0.0
2;4400;VEV_5500;7;21;;;;;8;21;;;;;7.5;0.0
2;4400;VEV_5200;106;32;;;;;109;12;110;20;;;107.5;0.0
2;4400;VEV_5300;54;21;;;;;56;21;;;;;55.0;0.0
2;4400;VEV_5000;272;12;271;20;;;278;12;279;20;;;275.0;0.0
2;4400;HYDROGEL_PACK;10020;10;10017;22;;;10036;10;10038;22;;;10028.0;0.0
2;4400;VEV_4000;1262;15;1259;30;;;1283;15;1286;30;;;1272.5;0.0
2;4400;VEV_5100;181;32;;;;;186;32;;;;;183.5;0.0
2;4400;VEV_6000;0;21;;;;;1;21;;;;;0.5;0.0
2;4400;VELVETFRUIT_EXTRACT;5270;22;5269;34;;;5275;56;;;;;5272.5;0.0
2;4500;HYDROGEL_PACK;10017;14;10014;26;;;10033;14;10035;26;;;10025.0;0.0
2;4500;VELVETFRUIT_EXTRACT;5270;15;5269;48;;;5275;63;;;;;5272.5;0.0
2;4500;VEV_4500;764;7;762;13;;;780;7;782;13;;;772.0;0.0
2;4500;VEV_5400;18;7;17;11;;;19;18;;;;;18.5;0.0
2;4500;VEV_6500;0;16;;;;;1;16;;;;;0.5;0.0
2;4500;VEV_5500;7;18;;;;;8;18;;;;;7.5;0.0
2;4500;VEV_5200;106;20;;;;;109;7;110;13;;;107.5;0.0
2;4500;VEV_5300;54;18;;;;;56;18;;;;;55.0;0.0
2;4500;VEV_5000;272;7;271;13;;;278;7;279;13;;;275.0;0.0
2;4500;VEV_4000;1262;9;1259;18;;;1283;9;1285;18;;;1272.5;0.0
2;4500;VEV_5100;181;7;180;13;;;186;20;;;;;183.5;0.0
2;4500;VEV_6000;0;18;;;;;1;18;;;;;0.5;0.0
2;4600;VEV_6000;0;21;;;;;1;21;;;;;0.5;0.0
2;4600;VELVETFRUIT_EXTRACT;5268;65;;;;;5273;22;5274;43;;;5270.5;0.0
2;4600;VEV_4500;763;6;761;18;;;779;6;781;18;;;771.0;0.0
2;4600;VEV_5400;17;21;;;;;19;21;;;;;18.0;0.0
2;4600;VEV_6500;0;14;;;;;1;14;;;;;0.5;0.0
2;4600;VEV_5500;7;9;6;12;;;8;21;;;;;7.5;0.0
2;4600;VEV_5200;105;24;;;;;108;6;109;18;;;106.5;0.0
2;4600;VEV_5300;53;21;;;;;56;21;;;;;54.5;0.0
2;4600;VEV_5000;270;24;;;;;277;24;;;;;273.5;0.0
2;4600;HYDROGEL_PACK;10017;15;10015;21;;;10033;15;10036;21;;;10025.0;0.0
2;4600;VEV_4000;1260;8;1258;28;;;1281;8;1284;28;;;1270.5;0.0
2;4600;VEV_5100;180;6;179;18;;;184;6;185;18;;;182.0;0.0
2;4700;VEV_5200;105;29;;;;;108;11;109;18;;;106.5;0.0
2;4700;VEV_5300;53;25;;;;;56;25;;;;;54.5;0.0
2;4700;VEV_5000;270;29;;;;;277;11;278;18;;;273.5;0.0
2;4700;VEV_4000;1260;15;1258;22;;;1282;15;1284;22;;;1271.0;0.0
2;4700;VEV_5100;180;11;179;18;;;184;11;185;18;;;182.0;0.0
2;4700;VEV_6000;0;25;;;;;1;25;;;;;0.5;0.0
2;4700;HYDROGEL_PACK;10017;14;10015;27;;;10034;14;10036;27;;;10025.5;0.0
2;4700;VELVETFRUIT_EXTRACT;5268;63;;;;;5274;63;;;;;5271.0;0.0
2;4700;VEV_4500;763;11;761;18;;;779;11;781;18;;;771.0;0.0
2;4700;VEV_5400;17;25;;;;;19;25;;;;;18.0;0.0
2;4700;VEV_6500;0;19;;;;;1;19;;;;;0.5;0.0
2;4700;VEV_5500;7;6;6;19;;;8;25;;;;;7.5;0.0
2;4800;VEV_4500;762;11;761;15;;;779;11;781;15;;;770.5;0.0
2;4800;VEV_5400;17;25;;;;;19;25;;;;;18.0;0.0
2;4800;VEV_6500;0;18;;;;;1;18;;;;;0.5;0.0
2;4800;VEV_5500;6;25;;;;;8;25;;;;;7.0;0.0
2;4800;VEV_5200;105;26;;;;;108;11;109;15;;;106.5;0.0
2;4800;VEV_5300;53;25;;;;;56;25;;;;;54.5;0.0
2;4800;VEV_5000;270;11;269;15;;;277;26;;;;;273.5;0.0
2;4800;HYDROGEL_PACK;10017;10;10015;28;;;10033;10;10036;28;;;10025.0;0.0
2;4800;VEV_4000;1260;10;1257;20;;;1281;10;1284;20;;;1270.5;0.0
2;4800;VEV_5100;180;11;179;15;;;184;11;185;15;;;182.0;0.0
2;4800;VEV_6000;0;25;;;;;1;25;;;;;0.5;0.0
2;4800;VELVETFRUIT_EXTRACT;5268;63;;;;;5273;21;5274;42;;;5270.5;0.0
2;4900;HYDROGEL_PACK;10020;15;10017;27;;;10036;15;10038;27;;;10028.0;0.0
2;4900;VELVETFRUIT_EXTRACT;5270;64;;;;;5275;16;5276;48;;;5272.5;0.0
2;4900;VEV_4500;765;8;763;21;;;781;8;783;21;;;773.0;0.0
2;4900;VEV_5500;7;20;;;;;8;20;;;;;7.5;0.0
2;4900;VEV_5400;18;20;;;;;19;20;;;;;18.5;0.0
2;4900;VEV_6500;0;12;;;;;1;12;;;;;0.5;0.0
2;4900;VEV_5300;54;20;;;;;57;20;;;;;55.5;0.0
2;4900;VEV_5200;107;8;106;21;;;110;29;;;;;108.5;0.0
2;4900;VEV_5100;181;29;;;;;186;8;187;21;;;183.5;0.0
2;4900;VEV_4000;1262;8;1260;22;;;1284;8;1286;22;;;1273.0;0.0
2;4900;VEV_5000;272;29;;;;;279;29;;;;;275.5;0.0
2;4900;VEV_6000;0;20;;;;;1;20;;;;;0.5;0.0
2;5000;VEV_6000;0;24;;;;;1;24;;;;;0.5;0.0
2;5000;VELVETFRUIT_EXTRACT;5270;69;;;;;5276;69;;;;;5273.0;0.0
2;5000;VEV_4500;765;9;763;23;;;781;9;783;23;;;773.0;0.0
2;5000;VEV_5500;7;24;;;;;8;24;;;;;7.5;0.0
2;5000;VEV_5400;18;24;;;;;19;24;;;;;18.5;0.0
2;5000;VEV_6500;0;17;;;;;1;17;;;;;0.5;0.0
2;5000;VEV_5300;54;24;;;;;57;24;;;;;55.5;0.0
2;5000;VEV_5200;107;9;106;23;;;110;32;;;;;108.5;0.0
2;5000;VEV_5100;182;9;181;23;;;186;9;187;23;;;184.0;0.0
2;5000;HYDROGEL_PACK;10019;12;10016;29;;;10035;12;10038;29;;;10027.0;0.0
2;5000;VEV_4000;1262;11;1260;26;;;1284;11;1286;26;;;1273.0;0.0
2;5000;VEV_5000;272;32;;;;;279;9;280;23;;;275.5;0.0
2;5100;VEV_5300;54;19;;;;;57;19;;;;;55.5;0.0
2;5100;VEV_5200;107;9;106;16;;;110;25;;;;;108.5;0.0
2;5100;VEV_5100;182;9;181;16;;;186;9;187;16;;;184.0;0.0
2;5100;VEV_4000;1262;10;1260;27;;;1284;10;1286;27;;;1273.0;0.0
2;5100;VEV_5000;272;25;;;;;279;9;280;16;;;275.5;0.0
2;5100;VEV_6000;0;19;;;;;1;19;;;;;0.5;0.0
2;5100;HYDROGEL_PACK;10016;11;10014;24;;;10032;11;10035;24;;;10024.0;0.0
2;5100;VELVETFRUIT_EXTRACT;5270;71;;;;;5276;71;;;;;5273.0;0.0
2;5100;VEV_4500;765;9;763;16;;;781;9;783;16;;;773.0;0.0
2;5100;VEV_5500;7;19;;;;;8;19;;;;;7.5;0.0
2;5100;VEV_5400;18;19;;;;;19;19;;;;;18.5;0.0
2;5100;VEV_6500;0;11;;;;;1;11;;;;;0.5;0.0
2;5200;VEV_4500;765;12;763;24;;;781;12;783;24;;;773.0;0.0
2;5200;VEV_5500;7;22;;;;;8;22;;;;;7.5;0.0
2;5200;VEV_5400;18;22;;;;;19;22;;;;;18.5;0.0
2;5200;VEV_6500;0;16;;;;;1;16;;;;;0.5;0.0
2;5200;VEV_5300;54;22;;;;;57;22;;;;;55.5;0.0
2;5200;VEV_5200;107;12;106;24;;;110;36;;;;;108.5;0.0
2;5200;HYDROGEL_PACK;10011;15;10009;29;;;10027;15;10030;29;;;10019.0;0.0
2;5200;VEV_5100;182;12;181;24;;;186;12;187;24;;;184.0;0.0
2;5200;VEV_4000;1262;14;1260;24;;;1284;14;1286;24;;;1273.0;0.0
2;5200;VEV_5000;272;36;;;;;279;12;280;24;;;275.5;0.0
2;5200;VEV_6000;0;22;;;;;1;22;;;;;0.5;0.0
2;5200;VELVETFRUIT_EXTRACT;5270;56;;;;;5276;56;;;;;5273.0;0.0
2;5300;HYDROGEL_PACK;10010;15;10007;21;;;10026;15;10028;21;;;10018.0;0.0
2;5300;VELVETFRUIT_EXTRACT;5271;21;5270;40;;;5276;21;5277;40;;;5273.5;0.0
2;5300;VEV_4500;765;11;763;18;;;782;11;784;18;;;773.5;0.0
2;5300;VEV_5500;7;20;;;;;8;20;;;;;7.5;0.0
2;5300;VEV_5400;18;20;;;;;19;20;;;;;18.5;0.0
2;5300;VEV_6500;0;13;;;;;1;13;;;;;0.5;0.0
2;5300;VEV_5300;54;20;;;;;57;20;;;;;55.5;0.0
2;5300;VEV_5200;107;29;;;;;110;29;;;;;108.5;0.0
2;5300;VEV_5100;182;29;;;;;187;29;;;;;184.5;0.0
2;5300;VEV_4000;1263;7;1260;26;;;1284;7;1287;26;;;1273.5;0.0
2;5300;VEV_5000;273;11;272;18;;;279;11;280;18;;;276.0;0.0
2;5300;VEV_6000;0;20;;;;;1;20;;;;;0.5;0.0
2;5400;VEV_6000;0;19;;;;;1;19;;;;;0.5;0.0
2;5400;VELVETFRUIT_EXTRACT;5270;53;;;;;5276;53;;;;;5273.0;0.0
2;5400;VEV_4500;765;10;763;18;;;781;10;783;18;;;773.0;0.0
2;5400;VEV_5500;7;19;;;;;8;19;;;;;7.5;0.0
2;5400;VEV_5400;18;19;;;;;19;19;;;;;18.5;0.0
2;5400;VEV_6500;0;17;;;;;1;17;;;;;0.5;0.0
2;5400;VEV_5300;54;19;;;;;57;19;;;;;55.5;0.0
2;5400;VEV_5200;107;10;106;18;;;110;28;;;;;108.5;0.0
2;5400;HYDROGEL_PACK;10011;14;10008;20;;;10027;14;10029;20;;;10019.0;0.0
2;5400;VEV_4000;1262;12;1260;26;;;1284;12;1286;26;;;1273.0;0.0
2;5400;VEV_5100;182;10;181;18;;;186;10;187;18;;;184.0;0.0
2;5400;VEV_5000;272;28;;;;;279;10;280;18;;;275.5;0.0
2;5500;VEV_6500;0;15;;;;;1;15;;;;;0.5;0.0
2;5500;VEV_5300;55;28;;;;;58;28;;;;;56.5;0.0
2;5500;VEV_5200;109;7;108;21;;;112;28;;;;;110.5;0.0
2;5500;VEV_4000;1265;13;1263;21;;;1287;13;1289;21;;;1276.0;0.0
2;5500;VEV_5100;184;28;;;;;189;28;;;;;186.5;0.0
2;5500;VEV_5000;275;7;274;21;;;282;28;;;;;278.5;0.0
2;5500;HYDROGEL_PACK;10012;13;10010;28;;;10028;13;10031;28;;;10020.0;0.0
2;5500;VELVETFRUIT_EXTRACT;5273;63;;;;;5278;24;5279;39;;;5275.5;0.0
2;5500;VEV_6000;0;28;;;;;1;28;;;;;0.5;0.0
2;5500;VEV_4500;768;7;766;21;;;784;7;786;21;;;776.0;0.0
2;5500;VEV_5500;7;28;;;;;8;28;;;;;7.5;0.0
2;5500;VEV_5400;18;28;;;;;20;28;;;;;19.0;0.0
2;5600;VEV_4500;768;9;766;12;;;784;9;786;12;;;776.0;0.0
2;5600;VEV_5500;7;22;;;;;8;22;;;;;7.5;0.0
2;5600;VEV_5400;18;22;;;;;20;22;;;;;19.0;0.0
2;5600;VEV_5300;56;5;55;17;;;58;22;;;;;57.0;0.0
2;5600;VEV_5200;109;9;108;12;;;112;21;;;;;110.5;0.0
2;5600;HYDROGEL_PACK;10012;14;10010;21;;;10029;14;10031;21;;;10020.5;0.0
2;5600;VEV_4000;1265;11;1263;21;;;1287;11;1289;21;;;1276.0;0.0
2;5600;VEV_5100;184;21;;;;;189;21;;;;;186.5;0.0
2;5600;VEV_5000;275;21;;;;;282;9;283;12;;;278.5;0.0
2;5600;VEV_6000;0;22;;;;;1;22;;;;;0.5;0.0
2;5600;VEV_6500;0;13;;;;;1;13;;;;;0.5;0.0
2;5600;VELVETFRUIT_EXTRACT;5273;68;;;;;5279;68;;;;;5276.0;0.0
2;5700;HYDROGEL_PACK;10010;12;10008;29;;;10026;12;10029;29;;;10018.0;0.0
2;5700;VELVETFRUIT_EXTRACT;5273;69;;;;;5279;69;;;;;5276.0;0.0
2;5700;VEV_6000;0;26;;;;;1;26;;;;;0.5;0.0
2;5700;VEV_4500;768;10;766;15;;;784;10;786;15;;;776.0;0.0
2;5700;VEV_5500;7;26;;;;;8;26;;;;;7.5;0.0
2;5700;VEV_5400;18;26;;;;;20;26;;;;;19.0;0.0
2;5700;VEV_6500;0;14;;;;;1;14;;;;;0.5;0.0
2;5700;VEV_5300;56;7;55;19;;;58;26;;;;;57.0;0.0
2;5700;VEV_5200;109;10;108;15;;;112;25;;;;;110.5;0.0
2;5700;VEV_4000;1265;8;1263;19;;;1287;8;1289;19;;;1276.0;0.0
2;5700;VEV_5100;184;25;;;;;189;25;;;;;186.5;0.0
2;5700;VEV_5000;275;25;;;;;282;25;;;;;278.5;0.0
2;5800;VEV_6500;0;16;;;;;1;16;;;;;0.5;0.0
2;5800;VELVETFRUIT_EXTRACT;5272;22;5271;30;;;5277;22;5278;30;;;5274.5;0.0
2;5800;VEV_4500;766;11;764;13;;;783;11;785;13;;;774.5;0.0
2;5800;VEV_5500;7;25;;;;;8;25;;;;;7.5;0.0
2;5800;VEV_5400;18;25;;;;;19;10;20;15;;;18.5;0.0
2;5800;VEV_5300;55;25;;;;;57;25;;;;;56.0;0.0
2;5800;VEV_5200;108;11;107;13;;;111;24;;;;;109.5;0.0
2;5800;HYDROGEL_PACK;10012;10;10009;28;;;10028;10;10030;28;;;10020.0;0.0
2;5800;VEV_4000;1264;13;1261;21;;;1285;13;1288;21;;;1274.5;0.0
2;5800;VEV_5100;183;11;182;13;;;188;24;;;;;185.5;0.0
2;5800;VEV_5000;274;11;273;13;;;280;11;281;13;;;277.0;0.0
2;5800;VEV_6000;0;25;;;;;1;25;;;;;0.5;0.0
2;5900;VEV_6500;0;12;;;;;1;12;;;;;0.5;0.0
2;5900;VEV_5300;55;23;;;;;57;9;58;14;;;56.0;0.0
2;5900;VEV_5200;108;20;;;;;111;20;;;;;109.5;0.0
2;5900;VEV_4000;1264;9;1262;26;;;1286;9;1288;26;;;1275.0;0.0
2;5900;VEV_5100;183;20;;;;;188;20;;;;;185.5;0.0
2;5900;VEV_5000;274;7;273;13;;;281;20;;;;;277.5;0.0
2;5900;HYDROGEL_PACK;10011;15;10009;29;;;10027;15;10030;29;;;10019.0;0.0
2;5900;VELVETFRUIT_EXTRACT;5275;9;5272;72;;;5277;23;5278;49;;;5276.0;0.0
2;5900;VEV_6000;0;23;;;;;1;23;;;;;0.5;0.0
2;5900;VEV_4500;767;7;765;13;;;783;7;785;13;;;775.0;0.0
2;5900;VEV_5500;7;23;;;;;8;23;;;;;7.5;0.0
2;5900;VEV_5400;18;23;;;;;20;23;;;;;19.0;0.0
2;6000;VEV_4500;767;11;765;16;;;784;11;786;16;;;775.5;0.0
2;6000;HYDROGEL_PACK;10010;15;10007;30;;;10026;15;10028;30;;;10018.0;0.0
2;6000;VEV_4000;1265;15;1262;23;;;1286;15;1289;23;;;1275.5;0.0
2;6000;VEV_5000;275;11;274;16;;;281;11;282;16;;;278.0;0.0
2;6000;VEV_6000;0;28;;;;;1;28;;;;;0.5;0.0
2;6000;VEV_5100;184;11;183;16;;;188;11;189;16;;;186.0;0.0
2;6000;VEV_5200;108;27;;;;;111;11;112;16;;;109.5;0.0
2;6000;VEV_5300;55;28;;;;;58;28;;;;;56.5;0.0
2;6000;VEV_5400;18;28;;;;;20;28;;;;;19.0;0.0
2;6000;VEV_6500;0;15;;;;;1;15;;;;;0.5;0.0
2;6000;VEV_5500;7;28;;;;;8;28;;;;;7.5;0.0
2;6000;VELVETFRUIT_EXTRACT;5273;19;5272;35;;;5278;19;5279;35;;;5275.5;0.0
2;6100;HYDROGEL_PACK;10012;11;10009;28;;;10028;11;10030;28;;;10020.0;0.0
2;6100;VELVETFRUIT_EXTRACT;5275;12;5272;56;;;5278;56;;;;;5276.5;0.0
2;6100;VEV_6000;0;21;;;;;1;21;;;;;0.5;0.0
2;6100;VEV_5000;274;27;;;;;281;8;282;19;;;277.5;0.0
2;6100;VEV_5100;183;27;;;;;188;27;;;;;185.5;0.0
2;6100;VEV_4500;767;8;765;19;;;783;8;785;19;;;775.0;0.0
2;6100;VEV_5200;108;27;;;;;111;27;;;;;109.5;0.0
2;6100;VEV_5300;55;21;;;;;57;8;58;13;;;56.0;0.0
2;6100;VEV_5400;18;21;;;;;20;21;;;;;19.0;0.0
2;6100;VEV_6500;0;14;;;;;1;14;;;;;0.5;0.0
2;6100;VEV_5500;7;21;;;;;8;21;;;;;7.5;0.0
2;6100;VEV_4000;1264;12;1262;16;;;1286;12;1288;16;;;1275.0;0.0
2;6200;VEV_5000;275;12;274;12;;;281;12;282;12;;;278.0;0.0
2;6200;VEV_5100;184;12;183;12;;;188;12;189;12;;;186.0;0.0
2;6200;VEV_5200;108;24;;;;;111;12;112;12;;;109.5;0.0
2;6200;VEV_5300;55;23;;;;;58;23;;;;;56.5;0.0
2;6200;VEV_5400;18;23;;;;;20;23;;;;;19.0;0.0
2;6200;VEV_6500;0;16;;;;;1;16;;;;;0.5;0.0
2;6200;VEV_5500;7;23;;;;;8;23;;;;;7.5;0.0
2;6200;VELVETFRUIT_EXTRACT;5273;15;5272;49;;;5278;15;5279;49;;;5275.5;0.0
2;6200;VEV_4500;767;12;765;12;;;784;12;786;12;;;775.5;0.0
2;6200;HYDROGEL_PACK;10012;11;10009;20;;;10028;11;10030;20;;;10020.0;0.0
2;6200;VEV_4000;1265;14;1262;27;;;1286;14;1289;27;;;1275.5;0.0
2;6200;VEV_6000;0;23;;;;;1;23;;;;;0.5;0.0
2;6300;VEV_5400;18;24;;;;;19;9;20;15;;;18.5;0.0
2;6300;VEV_6500;0;18;;;;;1;18;;;;;0.5;0.0
2;6300;VEV_5500;7;24;;;;;8;24;;;;;7.5;0.0
2;6300;VEV_4000;1264;13;1261;30;;;1285;13;1288;30;;;1274.5;0.0
2;6300;HYDROGEL_PACK;10013;12;10010;22;;;10029;12;10031;22;;;10021.0;0.0
2;6300;VELVETFRUIT_EXTRACT;5275;14;5272;24;5271;44;5277;24;5278;44;;;5276.0;0.0
2;6300;VEV_6000;0;24;;;;;1;24;;;;;0.5;0.0
2;6300;VEV_5000;274;8;273;13;;;280;8;281;13;;;277.0;0.0
2;6300;VEV_5100;183;8;182;13;;;188;21;;;;;185.5;0.0
2;6300;VEV_4500;766;8;764;13;;;783;8;785;13;;;774.5;0.0
2;6300;VEV_5200;108;8;107;13;;;111;21;;;;;109.5;0.0
2;6300;VEV_5300;55;24;;;;;57;24;;;;;56.0;0.0
2;6400;VEV_4500;765;11;764;15;;;782;11;784;15;;;773.5;0.0
2;6400;HYDROGEL_PACK;10010;14;10008;23;;;10026;14;10029;23;;;10018.0;0.0
2;6400;VEV_4000;1263;7;1260;28;;;1284;7;1287;28;;;1273.5;0.0
2;6400;VEV_6000;0;25;;;;;1;25;;;;;0.5;0.0
2;6400;VEV_5000;273;11;272;15;;;280;26;;;;;276.5;0.0
2;6400;VEV_5100;182;26;;;;;187;26;;;;;184.5;0.0
2;6400;VEV_5200;107;26;;;;;110;11;111;15;;;108.5;0.0
2;6400;VEV_5300;54;25;;;;;57;25;;;;;55.5;0.0
2;6400;VEV_5400;18;25;;;;;19;25;;;;;18.5;0.0
2;6400;VEV_6500;0;13;;;;;1;13;;;;;0.5;0.0
2;6400;VEV_5500;7;25;;;;;8;25;;;;;7.5;0.0
2;6400;VELVETFRUIT_EXTRACT;5271;59;;;;;5276;22;5277;37;;;5273.5;0.0
2;6500;HYDROGEL_PACK;10013;13;10011;24;;;10029;13;10032;24;;;10021.0;0.0
2;6500;VELVETFRUIT_EXTRACT;5271;22;5270;46;;;5276;22;5277;46;;;5273.5;0.0
2;6500;VEV_6000;0;22;;;;;1;22;;;;;0.5;0.0
2;6500;VEV_5000;273;7;272;15;;;279;7;280;15;;;276.0;0.0
2;6500;VEV_5100;182;22;;;;;187;22;;;;;184.5;0.0
2;6500;VEV_5200;107;22;;;;;110;22;;;;;108.5;0.0
2;6500;VEV_5300;54;22;;;;;57;22;;;;;55.5;0.0
2;6500;VEV_5400;18;22;;;;;19;22;;;;;18.5;0.0
2;6500;VEV_6500;0;15;;;;;1;15;;;;;0.5;0.0
2;6500;VEV_5500;7;22;;;;;8;22;;;;;7.5;0.0
2;6500;VEV_4000;1263;7;1260;16;;;1284;7;1287;16;;;1273.5;0.0
2;6500;VEV_4500;765;7;763;15;;;782;7;784;15;;;773.5;0.0
2;6600;VEV_5000;272;24;;;;;279;10;280;14;;;275.5;0.0
2;6600;VEV_4000;1262;12;1260;28;;;1284;12;1286;28;;;1273.0;0.0
2;6600;VEV_5100;182;10;181;14;;;186;10;187;14;;;184.0;0.0
2;6600;VEV_5200;107;10;106;14;;;110;24;;;;;108.5;0.0
2;6600;VEV_5300;54;23;;;;;56;10;57;13;;;55.0;0.0
2;6600;VEV_5400;18;23;;;;;19;23;;;;;18.5;0.0
2;6600;VEV_6500;0;12;;;;;1;12;;;;;0.5;0.0
2;6600;VELVETFRUIT_EXTRACT;5270;68;;;;;5276;68;;;;;5273.0;0.0
2;6600;VEV_5500;7;23;;;;;8;23;;;;;7.5;0.0
2;6600;VEV_4500;765;10;763;14;;;781;10;783;14;;;773.0;0.0
2;6600;HYDROGEL_PACK;10011;15;10009;25;;;10028;15;10030;25;;;10019.5;0.0
2;6600;VEV_6000;0;23;;;;;1;23;;;;;0.5;0.0
2;6700;VEV_5400;18;9;17;13;;;19;22;;;;;18.5;0.0
2;6700;VEV_6500;0;15;;;;;1;15;;;;;0.5;0.0
2;6700;VEV_5500;7;22;;;;;8;22;;;;;7.5;0.0
2;6700;VEV_4500;764;9;762;20;;;781;9;783;20;;;772.5;0.0
2;6700;HYDROGEL_PACK;10014;13;10012;29;;;10030;13;10033;29;;;10022.0;0.0
2;6700;VELVETFRUIT_EXTRACT;5270;22;5269;32;;;5275;22;5276;32;;;5272.5;0.0
2;6700;VEV_6000;0;22;;;;;1;22;;;;;0.5;0.0
2;6700;VEV_5000;272;9;271;20;;;278;9;279;20;;;275.0;0.0
2;6700;VEV_4000;1262;15;1259;24;;;1283;15;1286;24;;;1272.5;0.0
2;6700;VEV_5100;181;29;;;;;186;29;;;;;183.5;0.0
2;6700;VEV_5200;106;29;;;;;109;9;110;20;;;107.5;0.0
2;6700;VEV_5300;54;22;;;;;56;22;;;;;55.0;0.0
2;6800;HYDROGEL_PACK;10016;10;10013;30;;;10032;10;10034;30;;;10024.0;0.0
2;6800;VEV_6000;0;20;;;;;1;20;;;;;0.5;0.0
2;6800;VEV_5000;272;8;271;24;;;278;8;279;24;;;275.0;0.0
2;6800;VEV_4000;1262;10;1259;30;;;1283;10;1286;30;;;1272.5;0.0
2;6800;VEV_5100;181;32;;;;;186;32;;;;;183.5;0.0
2;6800;VEV_5200;106;32;;;;;110;32;;;;;108.0;0.0
2;6800;VEV_5300;54;20;;;;;56;20;;;;;55.0;0.0
2;6800;VEV_5400;18;5;17;15;;;19;20;;;;;18.5;0.0
2;6800;VEV_6500;0;19;;;;;1;19;;;;;0.5;0.0
2;6800;VELVETFRUIT_EXTRACT;5270;16;5269;41;;;5275;16;5276;41;;;5272.5;0.0
2;6800;VEV_5500;7;20;;;;;8;20;;;;;7.5;0.0
2;6800;VEV_4500;764;8;762;24;;;781;8;783;24;;;772.5;0.0
2;6900;HYDROGEL_PACK;10013;12;10010;22;;;10029;12;10031;22;;;10021.0;0.0
2;6900;VELVETFRUIT_EXTRACT;5271;19;5270;41;;;5276;19;5277;41;;;5273.5;0.0
2;6900;VEV_6000;0;19;;;;;1;19;;;;;0.5;0.0
2;6900;VEV_5000;273;8;272;16;;;279;8;280;16;;;276.0;0.0
2;6900;VEV_4000;1263;12;1260;20;;;1284;12;1287;20;;;1273.5;0.0
2;6900;VEV_5100;182;8;181;16;;;187;24;;;;;184.5;0.0
2;6900;VEV_5200;107;24;;;;;110;24;;;;;108.5;0.0
2;6900;VEV_5300;54;19;;;;;57;19;;;;;55.5;0.0
2;6900;VEV_5400;18;19;;;;;19;19;;;;;18.5;0.0
2;6900;VEV_6500;0;18;;;;;1;18;;;;;0.5;0.0
2;6900;VEV_5500;7;19;;;;;8;19;;;;;7.5;0.0
2;6900;VEV_4500;765;8;763;16;;;782;8;784;16;;;773.5;0.0
2;7000;VEV_5000;271;23;;;;;278;9;279;14;;;274.5;0.0
2;7000;VEV_4000;1261;13;1259;24;;;1283;13;1285;24;;;1272.0;0.0
2;7000;VEV_5100;181;9;180;14;;;185;9;186;14;;;183.0;0.0
2;7000;VEV_5200;106;23;;;;;109;23;;;;;107.5;0.0
2;7000;VEV_5300;54;26;;;;;56;26;;;;;55.0;0.0
2;7000;VEV_5400;17;26;;;;;19;26;;;;;18.0;0.0
2;7000;VEV_6500;0;15;;;;;1;15;;;;;0.5;0.0
2;7000;VELVETFRUIT_EXTRACT;5269;70;;;;;5271;11;5275;70;;;5270.0;0.0
2;7000;VEV_5500;7;26;;;;;8;26;;;;;7.5;0.0
2;7000;VEV_4500;764;9;762;14;;;780;9;782;14;;;772.0;0.0
2;7000;HYDROGEL_PACK;10015;11;10012;22;;;10031;11;10033;22;;;10023.0;0.0
2;7000;VEV_6000;0;26;;;;;1;26;;;;;0.5;0.0
2;7100;VEV_5500;6;24;;;;;8;24;;;;;7.0;0.0
2;7100;VEV_5400;17;24;;;;;19;24;;;;;18.0;0.0
2;7100;VEV_6500;0;11;;;;;1;11;;;;;0.5;0.0
2;7100;VEV_4500;762;7;760;22;;;779;7;781;22;;;770.5;0.0
2;7100;HYDROGEL_PACK;10013;15;10010;25;;;10029;15;10031;25;;;10021.0;0.0
2;7100;VELVETFRUIT_EXTRACT;5268;15;5267;47;;;5273;15;5274;47;;;5270.5;0.0
2;7100;VEV_6000;0;24;;;;;1;24;;;;;0.5;0.0
2;7100;VEV_5100;179;29;;;;;184;7;185;22;;;181.5;0.0
2;7100;VEV_5000;270;7;269;22;;;276;7;277;22;;;273.0;0.0
2;7100;VEV_4000;1260;14;1257;18;;;1281;14;1284;18;;;1270.5;0.0
2;7100;VEV_5300;53;24;;;;;55;6;56;18;;;54.0;0.0
2;7100;VEV_5200;105;29;;;;;108;29;;;;;106.5;0.0
2;7200;HYDROGEL_PACK;10011;11;10009;20;;;10027;11;10030;20;;;10019.0;0.0
2;7200;VEV_6000;0;18;;;;;1;18;;;;;0.5;0.0
2;7200;VEV_5100;180;7;179;12;;;184;7;185;12;;;182.0;0.0
2;7200;VEV_4000;1260;10;1258;17;;;1281;10;1284;17;;;1270.5;0.0
2;7200;VEV_5000;270;19;;;;;277;19;;;;;273.5;0.0
2;7200;VEV_5300;53;18;;;;;55;8;56;10;;;54.0;0.0
2;7200;VEV_5200;105;19;;;;;108;7;109;12;;;106.5;0.0
2;7200;VEV_5500;6;18;;;;;8;18;;;;;7.0;0.0
2;7200;VEV_5400;17;18;;;;;19;18;;;;;18.0;0.0
2;7200;VEV_6500;0;10;;;;;1;10;;;;;0.5;0.0
2;7200;VELVETFRUIT_EXTRACT;5268;61;;;;;5273;23;5274;38;;;5270.5;0.0
2;7200;VEV_4500;763;7;761;12;;;779;7;781;12;;;771.0;0.0
2;7300;HYDROGEL_PACK;10009;11;10006;21;;;10025;11;10027;21;;;10017.0;0.0
2;7300;VELVETFRUIT_EXTRACT;5268;56;;;;;5274;56;;;;;5271.0;0.0
2;7300;VEV_6000;0;23;;;;;1;23;;;;;0.5;0.0
2;7300;VEV_5100;180;11;179;22;;;184;11;185;22;;;182.0;0.0
2;7300;VEV_4000;1260;9;1258;21;;;1282;9;1284;21;;;1271.0;0.0
2;7300;VEV_5000;270;33;;;;;277;11;278;22;;;273.5;0.0
2;7300;VEV_5300;53;23;;;;;56;23;;;;;54.5;0.0
2;7300;VEV_5200;105;33;;;;;108;11;109;22;;;106.5;0.0
2;7300;VEV_5500;6;23;;;;;8;23;;;;;7.0;0.0
2;7300;VEV_5400;17;23;;;;;19;23;;;;;18.0;0.0
2;7300;VEV_6500;0;19;;;;;1;19;;;;;0.5;0.0
2;7300;VEV_4500;763;11;761;22;;;779;11;781;22;;;771.0;0.0
2;7400;VEV_5100;181;29;;;;;186;29;;;;;183.5;0.0
2;7400;VEV_4000;1262;14;1260;25;;;1283;14;1286;25;;;1272.5;0.0
2;7400;VEV_5000;272;7;271;22;;;279;29;;;;;275.5;0.0
2;7400;VEV_5300;54;20;;;;;56;10;57;10;;;55.0;0.0
2;7400;VEV_5200;107;7;106;22;;;110;29;;;;;108.5;0.0
2;7400;VEV_5500;7;20;;;;;8;20;;;;;7.5;0.0
2;7400;VEV_5400;18;20;;;;;19;20;;;;;18.5;0.0
2;7400;VEV_6500;0;12;;;;;1;12;;;;;0.5;0.0
2;7400;VELVETFRUIT_EXTRACT;5270;72;;;;;5275;23;5276;49;;;5272.5;0.0
2;7400;VEV_4500;765;7;763;22;;;781;7;783;22;;;773.0;0.0
2;7400;HYDROGEL_PACK;10008;15;10006;26;;;10025;15;10027;26;;;10016.5;0.0
2;7400;VEV_6000;0;20;;;;;1;20;;;;;0.5;0.0
2;7500;VEV_5500;7;19;;;;;8;19;;;;;7.5;0.0
2;7500;VEV_5400;18;19;;;;;19;19;;;;;18.5;0.0
2;7500;VEV_6500;0;17;;;;;1;17;;;;;0.5;0.0
2;7500;VEV_4500;766;8;764;22;;;782;8;784;22;;;774.0;0.0
2;7500;VELVETFRUIT_EXTRACT;5271;69;;;;;5277;69;;;;;5274.0;0.0
2;7500;VEV_6000;0;19;;;;;1;19;;;;;0.5;0.0
2;7500;VEV_5100;182;30;;;;;187;8;188;22;;;184.5;0.0
2;7500;VEV_4000;1263;12;1261;15;;;1285;12;1287;15;;;1274.0;0.0
2;7500;VEV_5000;273;30;;;;;280;8;281;22;;;276.5;0.0
2;7500;VEV_5300;55;8;54;11;;;57;19;;;;;56.0;0.0
2;7500;VEV_5200;107;30;;;;;111;30;;;;;109.0;0.0
2;7500;HYDROGEL_PACK;10009;14;10007;21;;;10025;14;10028;21;;;10017.0;0.0
2;7600;HYDROGEL_PACK;10010;14;10008;30;;;10018;5;10026;14;10029;30;10014.0;0.0
2;7600;VEV_6000;0;23;;;;;1;23;;;;;0.5;0.0
2;7600;VEV_5100;181;12;180;12;;;185;12;186;12;;;183.0;0.0
2;7600;VEV_4000;1261;9;1259;24;;;1283;9;1285;24;;;1272.0;0.0
2;7600;VEV_5000;272;12;271;12;;;278;12;279;12;;;275.0;0.0
2;7600;VEV_5300;54;23;;;;;56;23;;;;;55.0;0.0
2;7600;VEV_5200;106;24;;;;;109;12;110;12;;;107.5;0.0
2;7600;VEV_5500;7;23;;;;;8;23;;;;;7.5;0.0
2;7600;VEV_5400;17;23;;;;;19;23;;;;;18.0;0.0
2;7600;VEV_6500;0;14;;;;;1;14;;;;;0.5;0.0
2;7600;VELVETFRUIT_EXTRACT;5270;19;5269;38;;;5275;57;;;;;5272.5;0.0
2;7600;VEV_4500;764;12;762;12;;;780;12;782;12;;;772.0;0.0
2;7700;VELVETFRUIT_EXTRACT;5270;55;;;;;5276;55;;;;;5273.0;0.0
2;7700;VEV_6000;0;19;;;;;1;19;;;;;0.5;0.0
2;7700;VEV_4000;1262;14;1260;24;;;1284;14;1286;24;;;1273.0;0.0
2;7700;VEV_5100;182;11;181;17;;;186;11;187;17;;;184.0;0.0
2;7700;VEV_5000;272;28;;;;;279;11;280;17;;;275.5;0.0
2;7700;VEV_5300;54;19;;;;;57;19;;;;;55.5;0.0
2;7700;VEV_5200;107;11;106;17;;;110;28;;;;;108.5;0.0
2;7700;HYDROGEL_PACK;10008;10;10005;25;;;10024;10;10026;25;;;10016.0;0.0
2;7700;VEV_5500;7;19;;;;;8;19;;;;;7.5;0.0
2;7700;VEV_5400;18;19;;;;;19;19;;;;;18.5;0.0
2;7700;VEV_6500;0;11;;;;;1;11;;;;;0.5;0.0
2;7700;VEV_4500;765;11;763;17;;;781;11;783;17;;;773.0;0.0
2;7800;VEV_4000;1270;2;1260;11;1258;16;1282;11;1284;16;;;1276.0;0.0
2;7800;VEV_5100;182;2;180;12;179;23;184;12;185;23;;;183.0;0.0
2;7800;VEV_5000;273;2;270;35;;;277;12;278;23;;;275.0;0.0
2;7800;VEV_5300;54;2;53;19;;;56;19;;;;;55.0;0.0
2;7800;VEV_5200;106;2;105;35;;;108;12;109;23;;;107.0;0.0
2;7800;VELVETFRUIT_EXTRACT;5268;64;;;;;5274;64;;;;;5271.0;0.0
2;7800;VEV_5500;7;2;6;19;;;8;19;;;;;7.5;0.0
2;7800;VEV_5400;17;21;;;;;19;19;;;;;18.0;0.0
2;7800;VEV_6500;0;23;;;;;1;21;;;;;0.5;0.0
2;7800;VEV_4500;770;2;763;12;761;23;779;12;781;23;;;774.5;0.0
2;7800;HYDROGEL_PACK;10006;11;10004;22;;;10022;11;10025;22;;;10014.0;0.0
2;7800;VEV_6000;0;21;;;;;1;19;;;;;0.5;0.0
2;7900;VEV_5500;7;18;;;;;8;18;;;;;7.5;0.0
2;7900;VEV_5400;17;18;;;;;19;18;;;;;18.0;0.0
2;7900;VEV_6500;0;18;;;;;1;18;;;;;0.5;0.0
2;7900;VEV_4500;763;9;762;16;;;780;9;782;16;;;771.5;0.0
2;7900;VELVETFRUIT_EXTRACT;5269;59;;;;;5274;23;5275;36;;;5271.5;0.0
2;7900;VEV_6000;0;18;;;;;1;18;;;;;0.5;0.0
2;7900;VEV_4000;1261;11;1258;19;;;1282;11;1285;19;;;1271.5;0.0
2;7900;VEV_5100;180;25;;;;;185;9;186;16;;;182.5;0.0
2;7900;VEV_5000;271;9;270;16;;;278;25;;;;;274.5;0.0
2;7900;VEV_5300;54;6;53;12;;;56;18;;;;;55.0;0.0
2;7900;VEV_5200;106;25;;;;;109;25;;;;;107.5;0.0
2;7900;HYDROGEL_PACK;10006;13;10003;23;;;10022;13;10024;23;;;10014.0;0.0
2;8000;HYDROGEL_PACK;10004;15;10001;22;;;10020;15;10022;22;;;10012.0;0.0
2;8000;VEV_6000;0;26;;;;;1;26;;;;;0.5;0.0
2;8000;VEV_4000;1260;10;1258;30;;;1281;10;1284;30;;;1270.5;0.0
2;8000;VEV_5100;180;11;179;23;;;184;11;185;23;;;182.0;0.0
2;8000;VEV_5000;270;34;;;;;277;34;;;;;273.5;0.0
2;8000;VEV_5300;53;26;;;;;55;9;56;17;;;54.0;0.0
2;8000;VEV_5200;105;34;;;;;108;11;109;23;;;106.5;0.0
2;8000;VELVETFRUIT_EXTRACT;5271;11;5268;56;;;5273;24;5274;32;;;5272.0;0.0
2;8000;VEV_5500;6;26;;;;;8;26;;;;;7.0;0.0
2;8000;VEV_5400;17;26;;;;;19;26;;;;;18.0;0.0
2;8000;VEV_6500;0;16;;;;;1;16;;;;;0.5;0.0
2;8000;VEV_4500;763;11;761;23;;;779;11;781;23;;;771.0;0.0
2;8100;VELVETFRUIT_EXTRACT;5268;18;5267;41;;;5273;18;5274;41;;;5270.5;0.0
2;8100;VEV_6000;0;17;;;;;1;17;;;;;0.5;0.0
2;8100;VEV_4000;1260;10;1257;15;;;1281;10;1284;15;;;1270.5;0.0
2;8100;VEV_5100;179;27;;;;;184;27;;;;;181.5;0.0
2;8100;VEV_5000;270;10;269;17;;;276;10;277;17;;;273.0;0.0
2;8100;VEV_5300;53;17;;;;;55;17;;;;;54.0;0.0
2;8100;VEV_5200;105;27;;;;;108;27;;;;;106.5;0.0
2;8100;HYDROGEL_PACK;10007;10;10005;30;;;10023;10;10026;30;;;10015.0;0.0
2;8100;VEV_5500;6;17;;;;;8;17;;;;;7.0;0.0
2;8100;VEV_5400;17;17;;;;;19;17;;;;;18.0;0.0
2;8100;VEV_6500;0;18;;;;;1;18;;;;;0.5;0.0
2;8100;VEV_4500;762;10;760;17;;;779;10;781;17;;;770.5;0.0
2;8200;VEV_4000;1259;12;1257;29;;;1281;12;1283;29;;;1270.0;0.0
2;8200;VEV_5200;105;10;104;21;;;108;31;;;;;106.5;0.0
2;8200;VEV_5100;179;31;;;;;184;31;;;;;181.5;0.0
2;8200;VEV_5300;53;19;;;;;55;19;;;;;54.0;0.0
2;8200;VEV_5000;270;10;269;21;;;276;10;277;21;;;273.0;0.0
2;8200;VELVETFRUIT_EXTRACT;5267;56;;;;;5273;56;;;;;5270.0;0.0
2;8200;VEV_5400;17;19;;;;;18;5;19;14;;;17.5;0.0
2;8200;VEV_6500;0;15;;;;;1;15;;;;;0.5;0.0
2;8200;VEV_4500;762;10;760;21;;;778;10;780;21;;;770.0;0.0
2;8200;VEV_5500;6;19;;;;;8;19;;;;;7.0;0.0
2;8200;HYDROGEL_PACK;10006;12;10004;24;;;10022;12;10025;24;;;10014.0;0.0
2;8200;VEV_6000;0;19;;;;;1;19;;;;;0.5;0.0
2;8300;VEV_5400;17;20;;;;;18;20;;;;;17.5;0.0
2;8300;VEV_6500;0;13;;;;;1;13;;;;;0.5;0.0
2;8300;VEV_4500;761;6;759;23;;;778;6;780;23;;;769.5;0.0
2;8300;VEV_5500;6;20;;;;;8;20;;;;;7.0;0.0
2;8300;VELVETFRUIT_EXTRACT;5267;24;5266;49;;;5272;24;5273;49;;;5269.5;0.0
2;8300;VEV_6000;0;20;;;;;1;20;;;;;0.5;0.0
2;8300;VEV_4000;1259;11;1256;30;;;1280;11;1283;30;;;1269.5;0.0
2;8300;VEV_5200;104;29;;;;;108;29;;;;;106.0;0.0
2;8300;VEV_5300;53;20;;;;;55;20;;;;;54.0;0.0
2;8300;VEV_5000;269;6;268;23;;;276;29;;;;;272.5;0.0
2;8300;VEV_5100;179;6;178;23;;;183;6;184;23;;;181.0;0.0
2;8300;HYDROGEL_PACK;10011;15;10008;23;;;10027;15;10029;23;;;10019.0;0.0
2;8400;HYDROGEL_PACK;10010;13;10007;23;;;10026;13;10028;23;;;10018.0;0.0
2;8400;VEV_6000;0;23;;;;;1;23;;;;;0.5;0.0
2;8400;VEV_4000;1260;14;1258;18;;;1282;14;1284;18;;;1271.0;0.0
2;8400;VEV_5200;105;31;;;;;109;31;;;;;107.0;0.0
2;8400;VEV_5300;53;23;;;;;56;23;;;;;54.5;0.0
2;8400;VEV_5000;271;8;270;23;;;277;8;278;23;;;274.0;0.0
2;8400;VEV_5100;180;8;179;23;;;185;31;;;;;182.5;0.0
2;8400;VELVETFRUIT_EXTRACT;5268;66;;;;;5274;66;;;;;5271.0;0.0
2;8400;VEV_5400;17;23;;;;;19;23;;;;;18.0;0.0
2;8400;VEV_6500;0;17;;;;;1;17;;;;;0.5;0.0
2;8400;VEV_4500;763;8;761;23;;;779;8;781;23;;;771.0;0.0
2;8400;VEV_5500;7;23;;;;;8;23;;;;;7.5;0.0
2;8500;VELVETFRUIT_EXTRACT;5271;9;5268;64;;;5273;19;5274;45;;;5272.0;0.0
2;8500;VEV_6000;0;18;;;;;1;18;;;;;0.5;0.0
2;8500;VEV_4000;1260;7;1257;18;;;1281;7;1284;18;;;1270.5;0.0
2;8500;VEV_5200;105;36;;;;;108;12;109;24;;;106.5;0.0
2;8500;VEV_5300;53;18;;;;;56;18;;;;;54.5;0.0
2;8500;VEV_5000;270;12;269;24;;;277;36;;;;;273.5;0.0
2;8500;VEV_5100;180;12;179;24;;;184;12;185;24;;;182.0;0.0
2;8500;HYDROGEL_PACK;10010;14;10008;21;;;10026;14;10029;21;;;10018.0;0.0
2;8500;VEV_5400;17;18;;;;;19;18;;;;;18.0;0.0
2;8500;VEV_6500;0;20;;;;;1;20;;;;;0.5;0.0
2;8500;VEV_4500;762;12;761;24;;;779;12;781;24;;;770.5;0.0
2;8500;VEV_5500;6;18;;;;;8;18;;;;;7.0;0.0
2;8600;VEV_4000;1260;13;1257;19;;;1281;13;1284;19;;;1270.5;0.0
2;8600;VEV_5200;105;27;;;;;108;9;109;18;;;106.5;0.0
2;8600;VEV_5300;53;22;;;;;56;22;;;;;54.5;0.0
2;8600;VEV_5000;270;27;;;;;277;27;;;;;273.5;0.0
2;8600;VEV_5100;180;9;179;18;;;184;9;185;18;;;182.0;0.0
2;8600;VELVETFRUIT_EXTRACT;5268;62;;;;;5273;22;5274;40;;;5270.5;0.0
2;8600;VEV_5400;17;22;;;;;19;22;;;;;18.0;0.0
2;8600;VEV_6500;0;18;;;;;1;18;;;;;0.5;0.0
2;8600;VEV_4500;762;9;761;18;;;779;9;781;18;;;770.5;0.0
2;8600;VEV_5500;6;22;;;;;8;22;;;;;7.0;0.0
2;8600;HYDROGEL_PACK;10012;13;10009;24;;;10028;13;10030;24;;;10020.0;0.0
2;8600;VEV_6000;0;22;;;;;1;22;;;;;0.5;0.0
2;8700;VEV_4500;760;10;759;16;;;777;10;779;16;;;768.5;0.0
2;8700;VEV_5400;17;21;;;;;18;21;;;;;17.5;0.0
2;8700;VEV_6500;0;12;;;;;1;12;;;;;0.5;0.0
2;8700;VEV_5500;6;21;;;;;7;7;8;14;;;6.5;0.0
2;8700;VELVETFRUIT_EXTRACT;5266;60;;;;;5271;17;5272;43;;;5268.5;0.0
2;8700;VEV_6000;0;21;;;;;1;21;;;;;0.5;0.0
2;8700;VEV_4000;1258;10;1255;26;;;1279;10;1282;26;;;1268.5;0.0
2;8700;VEV_5200;104;26;;;;;107;26;;;;;105.5;0.0
2;8700;VEV_5300;52;21;;;;;55;21;;;;;53.5;0.0
2;8700;VEV_5000;268;26;;;;;275;26;;;;;271.5;0.0
2;8700;HYDROGEL_PACK;10009;11;10006;30;;;10025;11;10027;30;;;10017.0;0.0
2;8700;VEV_5100;178;10;177;16;;;183;26;;;;;180.5;0.0
2;8800;HYDROGEL_PACK;10007;15;10005;22;;;10023;15;10026;22;;;10015.0;0.0
2;8800;VELVETFRUIT_EXTRACT;5265;67;;;;;5270;23;5271;44;;;5267.5;0.0
2;8800;VEV_6000;0;22;;;;;1;22;;;;;0.5;0.0
2;8800;VEV_5200;103;29;;;;;106;8;107;21;;;104.5;0.0
2;8800;VEV_5300;52;22;;;;;54;22;;;;;53.0;0.0
2;8800;VEV_5000;267;29;;;;;274;8;275;21;;;270.5;0.0
2;8800;VEV_4000;1257;14;1255;19;;;1278;14;1281;19;;;1267.5;0.0
2;8800;VEV_5100;177;29;;;;;182;29;;;;;179.5;0.0
2;8800;VEV_4500;760;8;758;21;;;776;8;778;21;;;768.0;0.0
2;8800;VEV_5400;17;22;;;;;18;22;;;;;17.5;0.0
2;8800;VEV_6500;0;16;;;;;1;16;;;;;0.5;0.0
2;8800;VEV_5500;6;22;;;;;7;22;;;;;6.5;0.0
2;8900;VEV_6000;0;21;;;;;1;21;;;;;0.5;0.0
2;8900;VEV_5200;103;22;;;;;106;6;107;16;;;104.5;0.0
2;8900;VEV_5300;52;21;;;;;54;21;;;;;53.0;0.0
2;8900;VEV_5000;267;22;;;;;274;22;;;;;270.5;0.0
2;8900;HYDROGEL_PACK;10009;11;10006;27;;;10025;11;10027;27;;;10017.0;0.0
2;8900;VEV_4000;1257;10;1254;15;;;1278;10;1281;15;;;1267.5;0.0
2;8900;VEV_5100;177;22;;;;;182;22;;;;;179.5;0.0
2;8900;VEV_4500;759;6;758;16;;;776;6;778;16;;;767.5;0.0
2;8900;VEV_5400;17;21;;;;;18;21;;;;;17.5;0.0
2;8900;VEV_6500;0;16;;;;;1;16;;;;;0.5;0.0
2;8900;VEV_5500;6;21;;;;;7;21;;;;;6.5;0.0
2;8900;VELVETFRUIT_EXTRACT;5265;24;5264;31;;;5270;24;5271;31;;;5267.5;0.0
2;9000;VEV_5200;103;25;;;;;106;25;;;;;104.5;0.0
2;9000;VEV_5300;52;27;;;;;54;27;;;;;53.0;0.0
2;9000;VEV_5000;267;11;266;14;;;273;11;274;14;;;270.0;0.0
2;9000;VEV_4000;1256;10;1254;28;;;1278;10;1280;28;;;1267.0;0.0
2;9000;VEV_5100;177;11;176;14;;;181;11;182;14;;;179.0;0.0
2;9000;VEV_4500;759;11;757;14;;;775;11;777;14;;;767.0;0.0
2;9000;VEV_5400;16;27;;;;;18;27;;;;;17.0;0.0
2;9000;VEV_6500;0;16;;;;;1;16;;;;;0.5;0.0
2;9000;VEV_5500;6;27;;;;;7;27;;;;;6.5;0.0
2;9000;HYDROGEL_PACK;10012;14;10009;20;;;10028;14;10030;20;;;10020.0;0.0
2;9000;VELVETFRUIT_EXTRACT;5265;22;5264;40;;;5270;62;;;;;5267.5;0.0
2;9000;VEV_6000;0;27;;;;;1;27;;;;;0.5;0.0
2;9100;VEV_4500;758;6;757;15;;;775;6;777;15;;;766.5;0.0
2;9100;VEV_5400;16;18;;;;;18;18;;;;;17.0;0.0
2;9100;VEV_6500;0;11;;;;;1;11;;;;;0.5;0.0
2;9100;VEV_5500;6;18;;;;;7;18;;;;;6.5;0.0
2;9100;VELVETFRUIT_EXTRACT;5264;68;;;;;5266;9;5269;20;5270;48;5265.0;0.0
2;9100;VEV_6000;0;18;;;;;1;18;;;;;0.5;0.0
2;9100;VEV_5200;103;6;102;15;;;106;21;;;;;104.5;0.0
2;9100;VEV_5300;51;18;;;;;54;18;;;;;52.5;0.0
2;9100;VEV_5000;266;21;;;;;273;21;;;;;269.5;0.0
2;9100;HYDROGEL_PACK;10011;12;10009;25;;;10027;12;10030;25;;;10019.0;0.0
2;9100;VEV_4000;1256;10;1253;22;;;1277;10;1280;22;;;1266.5;0.0
2;9100;VEV_5100;176;21;;;;;181;21;;;;;178.5;0.0
2;9200;HYDROGEL_PACK;10011;12;10009;21;;;10027;12;10030;21;;;10019.0;0.0
2;9200;VELVETFRUIT_EXTRACT;5263;64;;;;;5269;64;;;;;5266.0;0.0
2;9200;VEV_6000;0;26;;;;;1;26;;;;;0.5;0.0
2;9200;VEV_5200;102;36;;;;;105;36;;;;;103.5;0.0
2;9200;VEV_5300;51;26;;;;;54;26;;;;;52.5;0.0
2;9200;VEV_5000;266;12;265;24;;;272;12;273;24;;;269.0;0.0
2;9200;VEV_4000;1255;8;1253;29;;;1277;8;1279;29;;;1266.0;0.0
2;9200;VEV_5100;176;12;175;24;;;180;12;181;24;;;178.0;0.0
2;9200;VEV_4500;758;12;756;24;;;774;12;776;24;;;766.0;0.0
2;9200;VEV_5400;16;26;;;;;18;26;;;;;17.0;0.0
2;9200;VEV_6500;0;18;;;;;1;18;;;;;0.5;0.0
2;9200;VEV_5500;6;26;;;;;7;26;;;;;6.5;0.0
2;9300;VEV_6000;0;20;;;;;1;20;;;;;0.5;0.0
2;9300;VEV_5300;51;20;;;;;53;20;;;;;52.0;0.0
2;9300;VEV_5200;102;7;101;20;;;105;27;;;;;103.5;0.0
2;9300;VEV_5000;265;27;;;;;272;27;;;;;268.5;0.0
2;9300;HYDROGEL_PACK;10012;12;10009;23;;;10028;12;10030;23;;;10020.0;0.0
2;9300;VEV_4000;1255;7;1252;30;;;1276;7;1279;30;;;1265.5;0.0
2;9300;VEV_5100;175;27;;;;;180;27;;;;;177.5;0.0
2;9300;VEV_4500;757;7;755;20;;;774;7;775;20;;;765.5;0.0
2;9300;VEV_5500;6;20;;;;;7;20;;;;;6.5;0.0
2;9300;VEV_5400;16;20;;;;;18;20;;;;;17.0;0.0
2;9300;VEV_6500;0;15;;;;;1;15;;;;;0.5;0.0
2;9300;VELVETFRUIT_EXTRACT;5263;23;5262;35;;;5268;23;5269;35;;;5265.5;0.0
2;9400;VEV_5300;50;19;;;;;53;19;;;;;51.5;0.0
2;9400;VEV_5200;101;27;;;;;104;27;;;;;102.5;0.0
2;9400;VEV_5100;174;27;;;;;179;27;;;;;176.5;0.0
2;9400;VEV_4000;1254;11;1251;26;;;1275;11;1277;26;;;1264.5;0.0
2;9400;VEV_5000;264;12;263;15;;;270;12;271;15;;;267.0;0.0
2;9400;VEV_4500;756;12;754;15;;;772;12;774;15;;;764.0;0.0
2;9400;VEV_5500;6;19;;;;;7;19;;;;;6.5;0.0
2;9400;VEV_5400;16;19;;;;;17;19;;;;;16.5;0.0
2;9400;VEV_6500;0;17;;;;;1;17;;;;;0.5;0.0
2;9400;HYDROGEL_PACK;10011;10;10009;30;;;10019;10;10027;10;10030;30;10015.0;0.0
2;9400;VELVETFRUIT_EXTRACT;5262;24;5261;47;;;5267;71;;;;;5264.5;0.0
2;9400;VEV_6000;0;19;;;;;1;19;;;;;0.5;0.0
2;9500;VEV_4500;755;9;753;13;;;771;9;773;13;;;763.0;0.0
2;9500;VEV_5500;6;21;;;;;7;21;;;;;6.5;0.0
2;9500;VEV_5400;16;21;;;;;17;21;;;;;16.5;0.0
2;9500;VEV_6500;0;19;;;;;1;19;;;;;0.5;0.0
2;9500;VELVETFRUIT_EXTRACT;5261;20;5260;47;;;5266;67;;;;;5263.5;0.0
2;9500;VEV_6000;0;21;;;;;1;21;;;;;0.5;0.0
2;9500;VEV_5300;50;21;;;;;52;21;;;;;51.0;0.0
2;9500;VEV_5200;100;22;;;;;103;9;104;13;;;101.5;0.0
2;9500;VEV_5100;173;22;;;;;178;22;;;;;175.5;0.0
2;9500;HYDROGEL_PACK;10012;14;10010;27;;;10028;14;10031;27;;;10020.0;0.0
2;9500;VEV_4000;1253;13;1250;18;;;1274;13;1276;18;;;1263.5;0.0
2;9500;VEV_5000;263;9;262;13;;;269;9;270;13;;;266.0;0.0
2;9600;HYDROGEL_PACK;10014;10;10011;30;;;10030;10;10032;30;;;10022.0;0.0
2;9600;VELVETFRUIT_EXTRACT;5260;66;;;;;5265;20;5266;46;;;5262.5;0.0
2;9600;VEV_6000;0;20;;;;;1;20;;;;;0.5;0.0
2;9600;VEV_5300;50;20;;;;;52;20;;;;;51.0;0.0
2;9600;VEV_5200;100;31;;;;;103;31;;;;;101.5;0.0
2;9600;VEV_5100;173;9;172;22;;;177;9;178;22;;;175.0;0.0
2;9600;VEV_4000;1252;11;1250;18;;;1273;11;1276;18;;;1262.5;0.0
2;9600;VEV_5000;263;9;262;22;;;269;9;270;22;;;266.0;0.0
2;9600;VEV_4500;755;9;753;22;;;771;9;773;22;;;763.0;0.0
2;9600;VEV_5500;6;20;;;;;7;20;;;;;6.5;0.0
2;9600;VEV_5400;16;20;;;;;17;20;;;;;16.5;0.0
2;9600;VEV_6500;0;19;;;;;1;19;;;;;0.5;0.0
2;9700;VEV_6000;0;24;;;;;1;24;;;;;0.5;0.0
2;9700;VEV_5300;50;24;;;;;52;24;;;;;51.0;0.0
2;9700;VEV_5200;100;25;;;;;103;25;;;;;101.5;0.0
2;9700;HYDROGEL_PACK;10014;15;10012;26;;;10030;15;10033;26;;;10022.0;0.0
2;9700;VEV_5100;173;7;172;18;;;177;7;178;18;;;175.0;0.0
2;9700;VEV_4000;1252;7;1249;25;;;1273;7;1276;25;;;1262.5;0.0
2;9700;VEV_5000;262;25;;;;;269;25;;;;;265.5;0.0
2;9700;VEV_4500;754;7;752;18;;;771;7;772;18;;;762.5;0.0
2;9700;VEV_5500;6;24;;;;;7;24;;;;;6.5;0.0
2;9700;VEV_5400;16;5;15;19;;;17;24;;;;;16.5;0.0
2;9700;VEV_6500;0;14;;;;;1;14;;;;;0.5;0.0
2;9700;VELVETFRUIT_EXTRACT;5260;23;5259;43;;;5265;23;5266;43;;;5262.5;0.0
2;9800;VEV_5300;50;20;;;;;52;20;;;;;51.0;0.0
2;9800;VEV_5200;100;12;99;18;;;103;30;;;;;101.5;0.0
2;9800;VEV_5100;173;12;172;18;;;177;12;178;18;;;175.0;0.0
2;9800;VEV_4000;1252;11;1249;30;;;1273;11;1276;30;;;1262.5;0.0
2;9800;VEV_5000;262;30;;;;;269;30;;;;;265.5;0.0
2;9800;VEV_4500;754;12;752;18;;;771;12;772;18;;;762.5;0.0
2;9800;VEV_5500;6;20;;;;;7;20;;;;;6.5;0.0
2;9800;VEV_5400;16;20;;;;;17;20;;;;;16.5;0.0
2;9800;VEV_6500;0;20;;;;;1;20;;;;;0.5;0.0
2;9800;HYDROGEL_PACK;10013;13;10011;29;;;10029;13;10032;29;;;10021.0;0.0
2;9800;VELVETFRUIT_EXTRACT;5260;16;5259;31;;;5265;16;5266;31;;;5262.5;0.0
2;9800;VEV_6000;0;20;;;;;1;20;;;;;0.5;0.0
2;9900;VEV_4500;754;8;752;14;;;770;8;772;14;;;762.0;0.0
2;9900;VEV_5500;6;25;;;;;7;25;;;;;6.5;0.0
2;9900;VEV_5400;15;25;;;;;17;25;;;;;16.0;0.0
2;9900;VEV_6500;0;11;;;;;1;11;;;;;0.5;0.0
2;9900;VELVETFRUIT_EXTRACT;5261;5;5259;60;;;5265;60;;;;;5263.0;0.0
2;9900;VEV_6000;0;25;;;;;1;25;;;;;0.5;0.0
2;9900;VEV_5300;50;5;49;20;;;52;25;;;;;51.0;0.0
2;9900;VEV_5200;99;22;;;;;102;8;103;14;;;100.5;0.0
2;9900;HYDROGEL_PACK;10013;11;10010;29;;;10029;11;10031;29;;;10021.0;0.0
2;9900;VEV_4000;1251;11;1249;28;;;1273;11;1275;28;;;1262.0;0.0
2;9900;VEV_5100;172;22;;;;;177;22;;;;;174.5;0.0
2;9900;VEV_5000;262;8;261;14;;;268;8;269;14;;;265.0;0.0
2;10000;HYDROGEL_PACK;10015;13;10013;23;;;10031;13;10034;23;;;10023.0;0.0
2;10000;VELVETFRUIT_EXTRACT;5260;48;;;;;5265;18;5266;30;;;5262.5;0.0
2;10000;VEV_6000;0;24;;;;;1;24;;;;;0.5;0.0
2;10000;VEV_6500;0;16;;;;;1;16;;;;;0.5;0.0
2;10000;VEV_5300;50;24;;;;;52;24;;;;;51.0;0.0
2;10000;VEV_5200;100;21;;;;;103;21;;;;;101.5;0.0
2;10000;VEV_4000;1252;13;1250;29;;;1273;13;1276;29;;;1262.5;0.0
2;10000;VEV_5100;173;21;;;;;177;8;178;13;;;175.0;0.0
2;10000;VEV_5000;263;8;262;13;;;269;8;270;13;;;266.0;0.0
2;10000;VEV_4500;755;8;753;13;;;771;8;773;13;;;763.0;0.0
2;10000;VEV_5500;6;24;;;;;7;24;;;;;6.5;0.0
2;10000;VEV_5400;16;24;;;;;17;24;;;;;16.5;0.0
2;10100;VEV_5300;50;19;;;;;52;19;;;;;51.0;0.0
2;10100;VEV_5200;100;22;;;;;103;22;;;;;101.5;0.0
2;10100;HYDROGEL_PACK;10018;10;10016;22;;;10034;10;10037;22;;;10026.0;0.0
2;10100;VEV_4000;1252;15;1250;26;;;1274;15;1276;26;;;1263.0;0.0
2;10100;VEV_5100;173;22;;;;;178;22;;;;;175.5;0.0
2;10100;VEV_5000;263;9;262;13;;;269;9;270;13;;;266.0;0.0
2;10100;VEV_6000;0;19;;;;;1;19;;;;;0.5;0.0
2;10100;VEV_4500;755;9;753;13;;;771;9;773;13;;;763.0;0.0
2;10100;VEV_5500;6;19;;;;;7;19;;;;;6.5;0.0
2;10100;VEV_5400;16;19;;;;;17;19;;;;;16.5;0.0
2;10100;VEV_6500;0;18;;;;;1;18;;;;;0.5;0.0
2;10100;VELVETFRUIT_EXTRACT;5260;56;;;;;5266;56;;;;;5263.0;0.0
2;10200;VEV_6500;0;13;;;;;1;13;;;;;0.5;0.0
2;10200;VEV_5300;50;5;49;20;;;52;25;;;;;51.0;0.0
2;10200;VEV_5200;99;27;;;;;102;11;103;16;;;100.5;0.0
2;10200;VEV_4000;1251;14;1249;29;;;1273;14;1275;29;;;1262.0;0.0
2;10200;VEV_5100;172;27;;;;;177;27;;;;;174.5;0.0
2;10200;VEV_5000;262;11;261;16;;;268;11;269;16;;;265.0;0.0
2;10200;VEV_4500;754;11;752;16;;;770;11;772;16;;;762.0;0.0
2;10200;VEV_5500;6;25;;;;;7;25;;;;;6.5;0.0
2;10200;VEV_5400;15;25;;;;;17;25;;;;;16.0;0.0
2;10200;HYDROGEL_PACK;10017;11;10015;23;;;10033;11;10036;23;;;10025.0;0.0
2;10200;VELVETFRUIT_EXTRACT;5259;67;;;;;5265;67;;;;;5262.0;0.0
2;10200;VEV_6000;0;25;;;;;1;25;;;;;0.5;0.0
2;10300;VEV_4500;753;11;751;22;;;769;11;771;22;;;761.0;0.0
2;10300;VEV_5500;6;26;;;;;7;26;;;;;6.5;0.0
2;10300;VEV_5400;15;26;;;;;17;26;;;;;16.0;0.0
2;10300;VEV_6500;0;21;;;;;1;21;;;;;0.5;0.0
2;10300;VELVETFRUIT_EXTRACT;5258;47;;;;;5263;15;5264;32;;;5260.5;0.0
2;10300;VEV_5300;49;26;;;;;51;26;;;;;50.0;0.0
2;10300;VEV_5200;99;11;98;22;;;102;33;;;;;100.5;0.0
2;10300;HYDROGEL_PACK;10017;12;10014;21;;;10033;12;10035;21;;;10025.0;0.0
2;10300;VEV_4000;1250;15;1248;27;;;1271;15;1274;27;;;1260.5;0.0
2;10300;VEV_5100;171;33;;;;;176;33;;;;;173.5;0.0
2;10300;VEV_5000;261;11;260;22;;;267;11;268;22;;;264.0;0.0
2;10300;VEV_6000;0;26;;;;;1;26;;;;;0.5;0.0
2;10400;HYDROGEL_PACK;10015;12;10013;21;;;10031;12;10034;21;;;10023.0;0.0
2;10400;VELVETFRUIT_EXTRACT;5259;73;;;;;5265;73;;;;;5262.0;0.0
2;10400;VEV_6000;0;25;;;;;1;25;;;;;0.5;0.0
2;10400;VEV_5400;15;25;;;;;17;25;;;;;16.0;0.0
2;10400;VEV_6500;0;14;;;;;1;14;;;;;0.5;0.0
2;10400;VEV_5200;99;27;;;;;102;6;103;21;;;100.5;0.0
2;10400;VEV_5500;6;25;;;;;7;25;;;;;6.5;0.0
2;10400;VEV_4000;1251;15;1249;19;;;1273;15;1275;19;;;1262.0;0.0
2;10400;VEV_5100;172;27;;;;;177;27;;;;;174.5;0.0
2;10400;VEV_5000;262;6;261;21;;;268;6;269;21;;;265.0;0.0
2;10400;VEV_4500;754;6;752;21;;;770;6;772;21;;;762.0;0.0
2;10400;VEV_5300;50;7;49;18;;;52;25;;;;;51.0;0.0
2;10500;VEV_5000;261;34;;;;;268;34;;;;;264.5;0.0
2;10500;VEV_5100;172;11;171;23;;;176;11;177;23;;;174.0;0.0
2;10500;VEV_5200;99;34;;;;;102;34;;;;;100.5;0.0
2;10500;VEV_5300;49;25;;;;;51;5;52;20;;;50.0;0.0
2;10500;HYDROGEL_PACK;10011;11;10009;29;;;10027;11;10030;29;;;10019.0;0.0
2;10500;VEV_4000;1251;13;1248;22;;;1272;13;1274;22;;;1261.5;0.0
2;10500;VEV_6000;0;25;;;;;1;25;;;;;0.5;0.0
2;10500;VEV_4500;753;11;751;23;;;769;11;771;23;;;761.0;0.0
2;10500;VEV_5400;15;25;;;;;17;25;;;;;16.0;0.0
2;10500;VEV_6500;0;16;;;;;1;16;;;;;0.5;0.0
2;10500;VEV_5500;6;25;;;;;7;25;;;;;6.5;0.0
2;10500;VELVETFRUIT_EXTRACT;5259;19;5258;40;;;5264;59;;;;;5261.5;0.0
2;10600;VEV_5400;15;27;;;;;17;27;;;;;16.0;0.0
2;10600;VEV_6500;0;11;;;;;1;11;;;;;0.5;0.0
2;10600;VEV_5500;6;27;;;;;7;27;;;;;6.5;0.0
2;10600;VEV_4000;1250;9;1248;16;;;1272;9;1274;16;;;1261.0;0.0
2;10600;VEV_5000;261;10;260;20;;;267;10;268;20;;;264.0;0.0
2;10600;VEV_5100;171;30;;;;;176;30;;;;;173.5;0.0
2;10600;VEV_4500;753;10;751;20;;;769;10;771;20;;;761.0;0.0
2;10600;VEV_5200;99;30;;;;;102;30;;;;;100.5;0.0
2;10600;VEV_5300;49;27;;;;;51;27;;;;;50.0;0.0
2;10600;HYDROGEL_PACK;10006;11;10003;26;;;10022;11;10024;26;;;10014.0;0.0
2;10600;VELVETFRUIT_EXTRACT;5258;59;;;;;5264;59;;;;;5261.0;0.0
2;10600;VEV_6000;0;27;;;;;1;27;;;;;0.5;0.0
2;10700;VEV_4500;754;8;752;14;;;771;8;772;14;;;762.5;0.0
2;10700;VEV_5400;16;8;15;12;;;17;20;;;;;16.5;0.0
2;10700;VEV_6500;0;10;;;;;1;10;;;;;0.5;0.0
2;10700;VEV_5500;6;20;;;;;7;20;;;;;6.5;0.0
2;10700;VELVETFRUIT_EXTRACT;5260;22;5259;36;;;5265;22;5266;36;;;5262.5;0.0
2;10700;VEV_5000;262;22;;;;;269;22;;;;;265.5;0.0
2;10700;VEV_5100;173;8;172;14;;;177;8;178;14;;;175.0;0.0
2;10700;VEV_5200;100;8;99;14;;;103;22;;;;;101.5;0.0
2;10700;VEV_5300;50;20;;;;;52;20;;;;;51.0;0.0
2;10700;HYDROGEL_PACK;10015;5;10007;13;10005;21;10023;13;10026;21;;;10019.0;0.0
2;10700;VEV_4000;1252;9;1249;27;;;1273;9;1276;27;;;1262.5;0.0
2;10700;VEV_6000;0;20;;;;;1;20;;;;;0.5;0.0
2;10800;HYDROGEL_PACK;10006;12;10004;23;;;10022;12;10025;23;;;10014.0;0.0
2;10800;VELVETFRUIT_EXTRACT;5258;70;;;;;5264;70;;;;;5261.0;0.0
2;10800;VEV_6000;0;24;;;;;1;24;;;;;0.5;0.0
2;10800;VEV_5400;15;24;;;;;17;24;;;;;16.0;0.0
2;10800;VEV_6500;0;12;;;;;1;12;;;;;0.5;0.0
2;10800;VEV_5500;6;24;;;;;7;24;;;;;6.5;0.0
2;10800;VEV_4000;1250;7;1248;28;;;1272;7;1274;28;;;1261.0;0.0
2;10800;VEV_5000;261;9;260;13;;;267;9;268;13;;;264.0;0.0
2;10800;VEV_5100;171;22;;;;;176;22;;;;;173.5;0.0
2;10800;VEV_4500;753;9;751;13;;;769;9;771;13;;;761.0;0.0
2;10800;VEV_5200;99;22;;;;;102;22;;;;;100.5;0.0
2;10800;VEV_5300;49;24;;;;;51;24;;;;;50.0;0.0
2;10900;VEV_5000;261;28;;;;;268;28;;;;;264.5;0.0
2;10900;VEV_5100;172;11;171;17;;;176;11;177;17;;;174.0;0.0
2;10900;VEV_5200;99;28;;;;;102;28;;;;;100.5;0.0
2;10900;VEV_5300;49;22;;;;;51;10;52;12;;;50.0;0.0
2;10900;HYDROGEL_PACK;10008;13;10006;30;;;10025;13;10027;30;;;10016.5;0.0
2;10900;VEV_4000;1251;12;1248;25;;;1272;12;1275;25;;;1261.5;0.0
2;10900;VEV_6000;0;22;;;;;1;22;;;;;0.5;0.0
2;10900;VEV_5400;15;22;;;;;17;22;;;;;16.0;0.0
2;10900;VEV_6500;0;15;;;;;1;15;;;;;0.5;0.0
2;10900;VEV_5500;6;22;;;;;7;22;;;;;6.5;0.0
2;10900;VELVETFRUIT_EXTRACT;5259;18;5258;47;;;5264;18;5265;47;;;5261.5;0.0
2;10900;VEV_4500;753;11;751;17;;;770;11;771;17;;;761.5;0.0
2;11000;VEV_5400;16;18;;;;;17;18;;;;;16.5;0.0
2;11000;VEV_6500;0;11;;;;;1;11;;;;;0.5;0.0
2;11000;VEV_5500;6;18;;;;;7;18;;;;;6.5;0.0
2;11000;VEV_4500;755;12;753;22;;;771;12;773;22;;;763.0;0.0
2;11000;VEV_5000;263;12;262;22;;;269;12;270;22;;;266.0;0.0
2;11000;VEV_4000;1252;11;1250;27;;;1273;11;1276;27;;;1262.5;0.0
2;11000;VEV_5100;173;12;172;22;;;177;12;178;22;;;175.0;0.0
2;11000;VEV_5200;100;34;;;;;103;34;;;;;101.5;0.0
2;11000;VEV_5300;50;18;;;;;52;18;;;;;51.0;0.0
2;11000;HYDROGEL_PACK;10012;11;10009;24;;;10028;11;10030;24;;;10020.0;0.0
2;11000;VELVETFRUIT_EXTRACT;5260;62;;;;;5265;16;5266;46;;;5262.5;0.0
2;11000;VEV_6000;0;18;;;;;1;18;;;;;0.5;0.0
2;11100;VEV_5400;16;24;;;;;17;24;;;;;16.5;0.0
2;11100;VEV_6500;0;16;;;;;1;16;;;;;0.5;0.0
2;11100;VELVETFRUIT_EXTRACT;5261;52;;;;;5267;52;;;;;5264.0;0.0
2;11100;VEV_5500;6;24;;;;;7;24;;;;;6.5;0.0
2;11100;VEV_4500;756;11;754;19;;;772;11;774;19;;;764.0;0.0
2;11100;VEV_5000;264;11;263;19;;;270;11;271;19;;;267.0;0.0
2;11100;VEV_4000;1253;13;1251;24;;;1275;13;1277;24;;;1264.0;0.0
2;11100;VEV_5100;174;11;173;19;;;178;11;179;19;;;176.0;0.0
2;11100;VEV_5200;101;11;100;19;;;104;30;;;;;102.5;0.0
2;11100;VEV_5300;50;24;;;;;52;10;53;14;;;51.0;0.0
2;11100;HYDROGEL_PACK;10015;14;10012;25;;;10031;14;10033;25;;;10023.0;0.0
2;11100;VEV_6000;0;24;;;;;1;24;;;;;0.5;0.0
2;11200;HYDROGEL_PACK;10014;10;10011;26;;;10030;10;10032;26;;;10022.0;0.0
2;11200;VELVETFRUIT_EXTRACT;5262;71;;;;;5267;24;5268;47;;;5264.5;0.0
2;11200;VEV_6000;0;30;;;;;1;30;;;;;0.5;0.0
2;11200;VEV_5400;16;30;;;;;17;30;;;;;16.5;0.0
2;11200;VEV_6500;0;15;;;;;1;15;;;;;0.5;0.0
2;11200;VEV_5500;6;30;;;;;7;30;;;;;6.5;0.0
2;11200;VEV_4500;757;8;755;19;;;773;8;775;19;;;765.0;0.0
2;11200;VEV_5000;264;27;;;;;271;27;;;;;267.5;0.0
2;11200;VEV_4000;1254;9;1252;18;;;1275;9;1278;18;;;1264.5;0.0
2;11200;VEV_5100;174;27;;;;;179;27;;;;;176.5;0.0
2;11200;VEV_5200;101;27;;;;;104;8;105;19;;;102.5;0.0
2;11200;VEV_5300;51;10;50;20;;;53;30;;;;;52.0;0.0
2;11300;VEV_5000;265;9;264;14;;;271;9;272;14;;;268.0;0.0
2;11300;VEV_4000;1254;15;1252;18;;;1276;15;1278;18;;;1265.0;0.0
2;11300;VEV_5100;175;9;174;14;;;179;9;180;14;;;177.0;0.0
2;11300;VEV_5200;101;23;;;;;105;23;;;;;103.0;0.0
2;11300;VEV_5300;51;23;;;;;53;23;;;;;52.0;0.0
2;11300;HYDROGEL_PACK;10012;12;10010;29;;;10029;12;10031;29;;;10020.5;0.0
2;11300;VEV_6000;0;23;;;;;1;23;;;;;0.5;0.0
2;11300;VEV_5400;16;23;;;;;17;10;18;13;;;16.5;0.0
2;11300;VEV_6500;0;11;;;;;1;11;;;;;0.5;0.0
2;11300;VELVETFRUIT_EXTRACT;5263;18;5262;31;;;5268;49;;;;;5265.5;0.0
2;11300;VEV_5500;6;23;;;;;7;23;;;;;6.5;0.0
2;11300;VEV_4500;757;9;755;14;;;773;9;775;14;;;765.0;0.0
2;11400;VEV_5400;16;17;;;;;18;17;;;;;17.0;0.0
2;11400;VEV_6500;0;12;;;;;1;12;;;;;0.5;0.0
2;11400;VEV_5500;6;17;;;;;7;17;;;;;6.5;0.0
2;11400;VEV_4500;759;9;757;15;;;775;9;777;15;;;767.0;0.0
2;11400;VEV_5000;267;9;266;15;;;273;9;274;15;;;270.0;0.0
2;11400;VEV_4000;1256;14;1254;17;;;1277;14;1280;17;;;1266.5;0.0
2;11400;VEV_5100;176;24;;;;;181;24;;;;;178.5;0.0
2;11400;VEV_5200;103;9;102;15;;;106;24;;;;;104.5;0.0
2;11400;VEV_5300;51;17;;;;;54;17;;;;;52.5;0.0
2;11400;HYDROGEL_PACK;10013;15;10011;22;;;10029;15;10032;22;;;10021.0;0.0
2;11400;VELVETFRUIT_EXTRACT;5264;58;;;;;5269;18;5270;40;;;5266.5;0.0
2;11400;VEV_6000;0;17;;;;;1;17;;;;;0.5;0.0
2;11500;VEV_5500;6;26;;;;;7;26;;;;;6.5;0.0
2;11500;VEV_5400;16;26;;;;;18;26;;;;;17.0;0.0
2;11500;VEV_6500;0;11;;;;;1;11;;;;;0.5;0.0
2;11500;VELVETFRUIT_EXTRACT;5265;25;5264;32;;;5270;57;;;;;5267.5;0.0
2;11500;VEV_4500;759;11;757;15;;;775;11;777;15;;;767.0;0.0
2;11500;VEV_5000;267;11;266;15;;;273;11;274;15;;;270.0;0.0
2;11500;VEV_4000;1257;11;1254;15;;;1278;11;1280;15;;;1267.5;0.0
2;11500;VEV_5100;177;11;176;15;;;181;11;182;15;;;179.0;0.0
2;11500;VEV_5200;103;26;;;;;106;26;;;;;104.5;0.0
2;11500;VEV_5300;52;26;;;;;54;26;;;;;53.0;0.0
2;11500;HYDROGEL_PACK;10012;15;10009;27;;;10028;15;10030;27;;;10020.0;0.0
2;11500;VEV_6000;0;26;;;;;1;26;;;;;0.5;0.0
2;11600;HYDROGEL_PACK;10011;11;10009;30;;;10027;11;10030;30;;;10019.0;0.0
2;11600;VELVETFRUIT_EXTRACT;5264;23;5263;34;;;5269;23;5270;34;;;5266.5;0.0
2;11600;VEV_6000;0;23;;;;;1;23;;;;;0.5;0.0
2;11600;VEV_5500;6;23;;;;;7;23;;;;;6.5;0.0
2;11600;VEV_5400;16;23;;;;;18;23;;;;;17.0;0.0
2;11600;VEV_6500;0;17;;;;;1;17;;;;;0.5;0.0
2;11600;VEV_4500;758;12;756;21;;;775;12;777;21;;;766.5;0.0
2;11600;VEV_5100;176;33;;;;;181;33;;;;;178.5;0.0
2;11600;VEV_4000;1256;8;1253;23;;;1277;8;1280;23;;;1266.5;0.0
2;11600;VEV_5000;266;12;265;21;;;273;33;;;;;269.5;0.0
2;11600;VEV_5300;51;23;;;;;54;23;;;;;52.5;0.0
2;11600;VEV_5200;102;33;;;;;105;12;106;21;;;103.5;0.0
2;11700;VEV_5100;176;19;;;;;181;19;;;;;178.5;0.0
2;11700;VEV_4000;1256;9;1254;17;;;1278;9;1280;17;;;1267.0;0.0
2;11700;VEV_5000;267;7;266;12;;;273;7;274;12;;;270.0;0.0
2;11700;VEV_5300;51;22;;;;;54;22;;;;;52.5;0.0
2;11700;VEV_5200;103;7;102;12;;;106;19;;;;;104.5;0.0
2;11700;HYDROGEL_PACK;10013;15;10011;22;;;10029;15;10032;22;;;10021.0;0.0
2;11700;VEV_6000;0;22;;;;;1;22;;;;;0.5;0.0
2;11700;VEV_5500;6;22;;;;;7;22;;;;;6.5;0.0
2;11700;VEV_5400;16;22;;;;;18;22;;;;;17.0;0.0
2;11700;VEV_6500;0;15;;;;;1;15;;;;;0.5;0.0
2;11700;VELVETFRUIT_EXTRACT;5264;50;;;;;5269;17;5270;33;;;5266.5;0.0
2;11700;VEV_4500;759;7;757;12;;;775;7;777;12;;;767.0;0.0
2;11800;VEV_5500;6;18;;;;;7;18;;;;;6.5;0.0
2;11800;VEV_5400;16;18;;;;;18;18;;;;;17.0;0.0
2;11800;VEV_6500;0;16;;;;;1;16;;;;;0.5;0.0
2;11800;VEV_4500;758;12;756;21;;;774;12;776;21;;;766.0;0.0
2;11800;VEV_5100;175;33;;;;;180;33;;;;;177.5;0.0
2;11800;VEV_4000;1255;11;1253;22;;;1276;11;1279;22;;;1265.5;0.0
2;11800;VEV_5000;266;12;265;21;;;272;12;273;21;;;269.0;0.0
2;11800;VEV_5300;51;18;;;;;53;18;;;;;52.0;0.0
2;11800;VEV_5200;102;33;;;;;105;33;;;;;103.5;0.0
2;11800;HYDROGEL_PACK;10013;14;10011;25;;;10029;14;10032;25;;;10021.0;0.0
2;11800;VELVETFRUIT_EXTRACT;5263;49;;;;;5268;17;5269;32;;;5265.5;0.0
2;11800;VEV_6000;0;18;;;;;1;18;;;;;0.5;0.0
2;11900;HYDROGEL_PACK;10009;11;10007;20;;;10025;11;10028;20;;;10017.0;0.0
2;11900;VEV_5500;6;22;;;;;7;22;;;;;6.5;0.0
2;11900;VEV_5400;17;10;16;12;;;18;22;;;;;17.5;0.0
2;11900;VEV_6500;0;14;;;;;1;14;;;;;0.5;0.0
2;11900;VELVETFRUIT_EXTRACT;5265;20;5264;37;;;5270;20;5271;37;;;5267.5;0.0
2;11900;VEV_4500;759;9;757;19;;;776;9;778;19;;;767.5;0.0
2;11900;VEV_5100;177;9;176;19;;;181;9;182;19;;;179.0;0.0
2;11900;VEV_4000;1257;12;1254;17;;;1278;12;1281;17;;;1267.5;0.0
2;11900;VEV_5000;267;9;266;19;;;274;28;;;;;270.5;0.0
2;11900;VEV_5300;52;22;;;;;54;22;;;;;53.0;0.0
2;11900;VEV_5200;103;28;;;;;106;9;107;19;;;104.5;0.0
2;11900;VEV_6000;0;22;;;;;1;22;;;;;0.5;0.0
2;12000;VELVETFRUIT_EXTRACT;5266;25;5265;36;;;5271;25;5272;36;;;5268.5;0.0
2;12000;VEV_6000;0;16;;;;;1;16;;;;;0.5;0.0
2;12000;VEV_5500;6;16;;;;;7;16;;;;;6.5;0.0
2;12000;VEV_5400;17;16;;;;;18;16;;;;;17.5;0.0
2;12000;VEV_6500;0;18;;;;;1;18;;;;;0.5;0.0
2;12000;VEV_4500;760;6;758;12;;;777;6;779;12;;;768.5;0.0
2;12000;VEV_5100;178;6;177;12;;;182;6;183;12;;;180.0;0.0
2;12000;VEV_4000;1258;15;1255;28;;;1279;15;1282;28;;;1268.5;0.0
2;12000;VEV_5000;268;6;267;12;;;275;18;;;;;271.5;0.0
2;12000;VEV_5300;52;16;;;;;54;5;55;11;;;53.0;0.0
2;12000;VEV_5200;104;18;;;;;107;18;;;;;105.5;0.0
2;12000;HYDROGEL_PACK;10010;10;10007;22;;;10026;10;10029;22;;;10018.0;0.0
2;12100;VEV_4000;1258;11;1255;30;;;1279;11;1282;30;;;1268.5;0.0
2;12100;VEV_5100;178;6;177;17;;;183;23;;;;;180.5;0.0
2;12100;VEV_5000;268;23;;;;;275;23;;;;;271.5;0.0
2;12100;VEV_5300;52;19;;;;;55;19;;;;;53.5;0.0
2;12100;VEV_5200;104;23;;;;;107;23;;;;;105.5;0.0
2;12100;VEV_6000;0;19;;;;;1;19;;;;;0.5;0.0
2;12100;HYDROGEL_PACK;10009;14;10007;24;;;10025;14;10028;24;;;10017.0;0.0
2;12100;VEV_5500;6;19;;;;;7;19;;;;;6.5;0.0
2;12100;VEV_5400;17;19;;;;;18;19;;;;;17.5;0.0
2;12100;VELVETFRUIT_EXTRACT;5266;72;;;;;5268;5;5271;24;5272;48;5267.0;0.0
2;12100;VEV_6500;0;14;;;;;1;14;;;;;0.5;0.0
2;12100;VEV_4500;760;6;759;17;;;777;6;779;17;;;768.5;0.0
2;12200;VEV_5500;6;19;;;;;7;19;;;;;6.5;0.0
2;12200;VEV_5400;17;19;;;;;18;19;;;;;17.5;0.0
2;12200;VEV_6500;0;17;;;;;1;17;;;;;0.5;0.0
2;12200;VEV_4500;760;11;758;12;;;777;11;778;12;;;768.5;0.0
2;12200;VEV_4000;1258;13;1255;21;;;1279;13;1282;21;;;1268.5;0.0
2;12200;VEV_5100;178;11;177;12;;;182;11;183;12;;;180.0;0.0
2;12200;VEV_5000;268;11;267;12;;;274;11;275;12;;;271.0;0.0
2;12200;VEV_5300;52;19;;;;;54;7;55;12;;;53.0;0.0
2;12200;VEV_5200;104;23;;;;;107;23;;;;;105.5;0.0
2;12200;HYDROGEL_PACK;10006;13;10004;24;;;10022;13;10025;24;;;10014.0;0.0
2;12200;VELVETFRUIT_EXTRACT;5266;22;5265;39;;;5271;22;5272;39;;;5268.5;0.0
2;12200;VEV_6000;0;19;;;;;1;19;;;;;0.5;0.0
2;12300;HYDROGEL_PACK;10004;11;10001;20;;;10020;11;10022;20;;;10012.0;0.0
2;12300;VELVETFRUIT_EXTRACT;5266;23;5265;45;;;5271;23;5272;45;;;5268.5;0.0
2;12300;VEV_5500;6;16;;;;;7;16;;;;;6.5;0.0
2;12300;VEV_5400;17;16;;;;;18;16;;;;;17.5;0.0
2;12300;VEV_6500;0;12;;;;;1;12;;;;;0.5;0.0
2;12300;VEV_4500;760;12;758;20;;;777;12;779;20;;;768.5;0.0
2;12300;VEV_4000;1258;10;1255;26;;;1279;10;1282;26;;;1268.5;0.0
2;12300;VEV_5100;178;12;177;20;;;182;12;183;20;;;180.0;0.0
2;12300;VEV_5000;268;12;267;20;;;274;12;275;20;;;271.0;0.0
2;12300;VEV_5300;52;16;;;;;54;5;55;11;;;53.0;0.0
2;12300;VEV_5200;104;32;;;;;107;32;;;;;105.5;0.0
2;12300;VEV_6000;0;16;;;;;1;16;;;;;0.5;0.0
2;12400;VELVETFRUIT_EXTRACT;5264;65;;;;;5269;25;5270;40;;;5266.5;0.0
2;12400;VEV_6000;0;30;;;;;1;30;;;;;0.5;0.0
2;12400;VEV_5500;6;30;;;;;7;30;;;;;6.5;0.0
2;12400;VEV_5400;16;30;;;;;18;30;;;;;17.0;0.0
2;12400;VEV_6500;0;14;;;;;1;14;;;;;0.5;0.0
2;12400;VEV_4500;759;6;757;17;;;775;6;777;17;;;767.0;0.0
2;12400;VEV_4000;1256;8;1254;16;;;1277;8;1280;16;;;1266.5;0.0
2;12400;VEV_5100;176;23;;;;;181;23;;;;;178.5;0.0
2;12400;VEV_5000;267;6;266;17;;;273;6;274;17;;;270.0;0.0
2;12400;VEV_5300;51;30;;;;;54;30;;;;;52.5;0.0
2;12400;VEV_5200;103;23;;;;;106;23;;;;;104.5;0.0
2;12400;HYDROGEL_PACK;10003;14;10001;28;;;10019;14;10022;28;;;10011.0;0.0
2;12500;VEV_4000;1257;9;1254;29;;;1278;9;1280;29;;;1267.5;0.0
2;12500;VEV_5100;177;8;176;16;;;181;8;182;16;;;179.0;0.0
2;12500;VEV_5000;267;8;266;16;;;273;8;274;16;;;270.0;0.0
2;12500;VEV_5300;52;5;51;18;;;54;23;;;;;53.0;0.0
2;12500;VEV_5200;103;24;;;;;106;24;;;;;104.5;0.0
2;12500;VEV_6000;0;23;;;;;1;23;;;;;0.5;0.0
2;12500;HYDROGEL_PACK;10001;15;9999;22;;;10017;15;10020;22;;;10009.0;0.0
2;12500;VELVETFRUIT_EXTRACT;5265;16;5264;35;;;5270;51;;;;;5267.5;0.0
2;12500;VEV_5500;6;23;;;;;7;23;;;;;6.5;0.0
2;12500;VEV_5400;16;23;;;;;18;23;;;;;17.0;0.0
2;12500;VEV_6500;0;16;;;;;1;16;;;;;0.5;0.0
2;12500;VEV_4500;759;8;757;16;;;775;8;777;16;;;767.0;0.0
2;12600;VEV_5400;16;15;;;;;18;15;;;;;17.0;0.0
2;12600;VEV_6500;0;15;;;;;1;15;;;;;0.5;0.0
2;12600;VEV_4500;759;11;757;21;;;775;11;777;21;;;767.0;0.0
2;12600;VEV_5500;6;15;;;;;7;15;;;;;6.5;0.0
2;12600;VEV_4000;1256;7;1254;20;;;1277;7;1280;20;;;1266.5;0.0
2;12600;VEV_5100;176;32;;;;;181;32;;;;;178.5;0.0
2;12600;VEV_5000;267;11;266;21;;;273;11;274;21;;;270.0;0.0
2;12600;VEV_5300;51;15;;;;;54;15;;;;;52.5;0.0
2;12600;VEV_5200;103;32;;;;;106;32;;;;;104.5;0.0
2;12600;HYDROGEL_PACK;10003;11;10001;28;;;10019;11;10022;28;;;10011.0;0.0
2;12600;VELVETFRUIT_EXTRACT;5264;58;;;;;5269;18;5270;40;;;5266.5;0.0
2;12600;VEV_6000;0;15;;;;;1;15;;;;;0.5;0.0
2;12700;HYDROGEL_PACK;10002;15;10000;23;;;10018;15;10021;23;;;10010.0;0.0
2;12700;VELVETFRUIT_EXTRACT;5264;20;5263;37;;;5266;7;5269;20;5270;37;5265.0;0.0
2;12700;VEV_5400;16;22;;;;;18;22;;;;;17.0;0.0
2;12700;VEV_6500;0;16;;;;;1;16;;;;;0.5;0.0
2;12700;VEV_4500;758;8;756;22;;;775;8;777;22;;;766.5;0.0
2;12700;VEV_5500;6;22;;;;;7;22;;;;;6.5;0.0
2;12700;VEV_4000;1256;14;1253;18;;;1277;14;1280;18;;;1266.5;0.0
2;12700;VEV_5200;103;8;102;22;;;106;30;;;;;104.5;0.0
2;12700;VEV_5300;51;22;;;;;54;22;;;;;52.5;0.0
2;12700;VEV_5000;266;30;;;;;273;30;;;;;269.5;0.0
2;12700;VEV_5100;176;30;;;;;181;30;;;;;178.5;0.0
2;12700;VEV_6000;0;22;;;;;1;22;;;;;0.5;0.0
2;12800;VELVETFRUIT_EXTRACT;5263;69;;;;;5268;19;5269;50;;;5265.5;0.0
2;12800;VEV_6000;0;28;;;;;1;28;;;;;0.5;0.0
2;12800;VEV_5400;16;28;;;;;18;28;;;;;17.0;0.0
2;12800;VEV_6500;0;16;;;;;1;16;;;;;0.5;0.0
2;12800;VEV_4500;758;12;756;24;;;774;12;776;24;;;766.0;0.0
2;12800;VEV_5500;6;28;;;;;7;28;;;;;6.5;0.0
2;12800;VEV_4000;1255;11;1253;22;;;1276;11;1279;22;;;1265.5;0.0
2;12800;VEV_5200;102;36;;;;;105;36;;;;;103.5;0.0
2;12800;VEV_5300;51;28;;;;;53;28;;;;;52.0;0.0
2;12800;VEV_5000;265;36;;;;;272;12;273;24;;;268.5;0.0
2;12800;VEV_5100;175;36;;;;;180;36;;;;;177.5;0.0
2;12800;HYDROGEL_PACK;10004;15;10001;23;;;10020;15;10022;23;;;10012.0;0.0
2;12900;VEV_4000;1256;13;1253;15;;;1277;13;1279;15;;;1266.5;0.0
2;12900;VEV_5200;102;32;;;;;105;12;106;20;;;103.5;0.0
2;12900;VEV_5300;51;28;;;;;53;8;54;20;;;52.0;0.0
2;12900;VEV_5000;266;12;265;20;;;272;12;273;20;;;269.0;0.0
2;12900;VEV_5100;176;12;175;20;;;180;12;181;20;;;178.0;0.0
2;12900;VEV_6000;0;28;;;;;1;28;;;;;0.5;0.0
2;12900;HYDROGEL_PACK;10007;14;10004;29;;;10023;14;10025;29;;;10015.0;0.0
2;12900;VELVETFRUIT_EXTRACT;5264;20;5263;39;;;5269;59;;;;;5266.5;0.0
2;12900;VEV_5400;16;28;;;;;18;28;;;;;17.0;0.0
2;12900;VEV_6500;0;14;;;;;1;14;;;;;0.5;0.0
2;12900;VEV_4500;758;12;756;20;;;774;12;776;20;;;766.0;0.0
2;12900;VEV_5500;6;28;;;;;7;28;;;;;6.5;0.0
2;13000;VEV_5400;16;25;;;;;18;25;;;;;17.0;0.0
2;13000;VEV_6500;0;14;;;;;1;14;;;;;0.5;0.0
2;13000;VEV_4500;757;12;755;12;;;774;12;776;12;;;765.5;0.0
2;13000;VEV_5500;6;25;;;;;7;25;;;;;6.5;0.0
2;13000;VEV_4000;1255;9;1252;21;;;1276;9;1279;21;;;1265.5;0.0
2;13000;VEV_5200;102;24;;;;;105;24;;;;;103.5;0.0
2;13000;VEV_5300;51;25;;;;;53;25;;;;;52.0;0.0
2;13000;VEV_5000;265;24;;;;;272;24;;;;;268.5;0.0
2;13000;HYDROGEL_PACK;10004;13;10001;25;;;10020;13;10022;25;;;10012.0;0.0
2;13000;VEV_5100;175;24;;;;;180;24;;;;;177.5;0.0
2;13000;VELVETFRUIT_EXTRACT;5263;20;5262;44;;;5268;20;5269;44;;;5265.5;0.0
2;13000;VEV_6000;0;25;;;;;1;25;;;;;0.5;0.0
2;13100;HYDROGEL_PACK;10006;15;10004;24;;;10022;15;10025;24;;;10014.0;0.0
2;13100;VELVETFRUIT_EXTRACT;5263;50;;;;;5269;50;;;;;5266.0;0.0
2;13100;VEV_4500;758;8;756;15;;;765;3;774;8;776;15;761.5;0.0
2;13100;VEV_5400;16;16;;;;;18;19;;;;;17.0;0.0
2;13100;VEV_6500;0;11;;;;;1;14;;;;;0.5;0.0
2;13100;VEV_5500;6;16;;;;;7;19;;;;;6.5;0.0
2;13100;VEV_4000;1255;9;1253;18;;;1265;3;1277;9;1279;18;1260.0;0.0
2;13100;VEV_5200;102;23;;;;;103;3;105;23;;;102.5;0.0
2;13100;VEV_5300;51;19;;;;;52;3;53;19;;;51.5;0.0
2;13100;VEV_5000;266;8;265;15;;;268;3;272;8;273;15;267.0;0.0
2;13100;VEV_5100;176;8;175;15;;;177;3;180;8;181;15;176.5;0.0
2;13100;VEV_6000;0;16;;;;;1;19;;;;;0.5;0.0
2;13200;VELVETFRUIT_EXTRACT;5265;20;5264;49;;;5270;69;;;;;5267.5;0.0
2;13200;VEV_6000;0;23;;;;;1;23;;;;;0.5;0.0
2;13200;VEV_4500;759;11;757;17;;;775;11;777;17;;;767.0;0.0
2;13200;VEV_5400;16;23;;;;;18;23;;;;;17.0;0.0
2;13200;VEV_6500;0;14;;;;;1;14;;;;;0.5;0.0
2;13200;VEV_5500;6;23;;;;;7;23;;;;;6.5;0.0
2;13200;VEV_5200;103;28;;;;;106;28;;;;;104.5;0.0
2;13200;VEV_5300;52;6;51;17;;;54;23;;;;;53.0;0.0
2;13200;VEV_5000;267;11;266;17;;;273;11;274;17;;;270.0;0.0
2;13200;HYDROGEL_PACK;10004;12;10001;20;;;10020;12;10022;20;;;10012.0;0.0
2;13200;VEV_4000;1257;13;1254;26;;;1278;13;1280;26;;;1267.5;0.0
2;13200;VEV_5100;177;11;176;17;;;181;11;182;17;;;179.0;0.0
2;13300;VEV_5200;103;30;;;;;106;8;107;22;;;104.5;0.0
2;13300;VEV_5300;52;29;;;;;54;29;;;;;53.0;0.0
2;13300;VEV_5000;267;30;;;;;274;8;275;22;;;270.5;0.0
2;13300;VEV_4000;1257;13;1255;27;;;1278;13;1281;27;;;1267.5;0.0
2;13300;VEV_5100;177;30;;;;;182;30;;;;;179.5;0.0
2;13300;VEV_6000;0;29;;;;;1;29;;;;;0.5;0.0
2;13300;HYDROGEL_PACK;10007;15;10004;29;;;10023;15;10025;29;;;10015.0;0.0
2;13300;VELVETFRUIT_EXTRACT;5265;74;;;;;5270;25;5271;49;;;5267.5;0.0
2;13300;VEV_4500;760;8;758;22;;;776;8;778;22;;;768.0;0.0
2;13300;VEV_5400;17;29;;;;;18;29;;;;;17.5;0.0
2;13300;VEV_6500;0;13;;;;;1;13;;;;;0.5;0.0
2;13300;VEV_5500;6;29;;;;;7;29;;;;;6.5;0.0
2;13400;VEV_4500;759;12;757;20;;;775;12;777;20;;;767.0;0.0
2;13400;VEV_5400;16;25;;;;;18;25;;;;;17.0;0.0
2;13400;VEV_6500;0;17;;;;;1;17;;;;;0.5;0.0
2;13400;VEV_5500;6;25;;;;;7;25;;;;;6.5;0.0
2;13400;VEV_5200;103;12;102;20;;;106;32;;;;;104.5;0.0
2;13400;VEV_5300;51;25;;;;;54;25;;;;;52.5;0.0
2;13400;VEV_5000;267;12;266;20;;;273;12;274;20;;;270.0;0.0
2;13400;HYDROGEL_PACK;10006;12;10004;29;;;10022;12;10025;29;;;10014.0;0.0
2;13400;VEV_4000;1256;11;1254;15;;;1278;11;1280;15;;;1267.0;0.0
2;13400;VEV_5100;176;32;;;;;181;32;;;;;178.5;0.0
2;13400;VEV_6000;0;25;;;;;1;25;;;;;0.5;0.0
2;13400;VELVETFRUIT_EXTRACT;5264;64;;;;;5270;64;;;;;5267.0;0.0
2;13500;HYDROGEL_PACK;10005;15;10003;21;;;10021;15;10024;21;;;10013.0;0.0
2;13500;VELVETFRUIT_EXTRACT;5262;71;;;;;5268;71;;;;;5265.0;0.0
2;13500;VEV_4500;757;6;755;19;;;773;6;775;19;;;765.0;0.0
2;13500;VEV_5400;16;25;;;;;17;25;;;;;16.5;0.0
2;13500;VEV_6500;0;14;;;;;1;14;;;;;0.5;0.0
2;13500;VEV_5500;6;25;;;;;7;25;;;;;6.5;0.0
2;13500;VEV_5200;102;6;101;19;;;105;25;;;;;103.5;0.0
2;13500;VEV_5300;51;6;50;19;;;53;25;;;;;52.0;0.0
2;13500;VEV_5000;265;6;264;19;;;271;6;272;19;;;268.0;0.0
2;13500;VEV_4000;1254;13;1252;26;;;1276;13;1278;26;;;1265.0;0.0
2;13500;VEV_5100;175;6;174;19;;;179;6;180;19;;;177.0;0.0
2;13500;VEV_6000;0;25;;;;;1;25;;;;;0.5;0.0
2;13600;VEV_6000;0;20;;;;;1;20;;;;;0.5;0.0
2;13600;VELVETFRUIT_EXTRACT;5263;22;5262;50;;;5268;22;5269;50;;;5265.5;0.0
2;13600;VEV_4500;757;9;755;14;;;774;9;776;14;;;765.5;0.0
2;13600;VEV_5400;16;20;;;;;18;20;;;;;17.0;0.0
2;13600;VEV_6500;0;13;;;;;1;13;;;;;0.5;0.0
2;13600;VEV_5500;6;20;;;;;7;20;;;;;6.5;0.0
2;13600;VEV_5200;102;23;;;;;105;23;;;;;103.5;0.0
2;13600;VEV_5300;51;20;;;;;53;20;;;;;52.0;0.0
2;13600;VEV_5000;265;23;;;;;272;23;;;;;268.5;0.0
2;13600;HYDROGEL_PACK;10004;11;10001;30;;;10020;11;10022;30;;;10012.0;0.0
2;13600;VEV_4000;1255;15;1252;22;;;1276;15;1279;22;;;1265.5;0.0
2;13600;VEV_5100;175;23;;;;;180;23;;;;;177.5;0.0
2;13700;VEV_5200;102;10;101;22;;;105;32;;;;;103.5;0.0
2;13700;VEV_5300;51;8;50;20;;;53;28;;;;;52.0;0.0
2;13700;VEV_5000;265;10;264;22;;;271;10;272;22;;;268.0;0.0
2;13700;VEV_4000;1255;14;1252;29;;;1276;14;1278;29;;;1265.5;0.0
2;13700;VEV_5100;175;10;174;22;;;179;10;180;22;;;177.0;0.0
2;13700;VEV_6000;0;28;;;;;1;28;;;;;0.5;0.0
2;13700;HYDROGEL_PACK;10004;10;10001;29;;;10020;10;10022;29;;;10012.0;0.0
2;13700;VELVETFRUIT_EXTRACT;5263;22;5262;32;;;5268;54;;;;;5265.5;0.0
2;13700;VEV_4500;757;10;755;22;;;773;10;775;22;;;765.0;0.0
2;13700;VEV_5400;16;28;;;;;17;8;18;20;;;16.5;0.0
2;13700;VEV_5500;6;28;;;;;7;28;;;;;6.5;0.0
2;13700;VEV_6500;0;20;;;;;1;20;;;;;0.5;0.0
2;13800;VEV_4500;758;6;756;18;;;774;6;776;18;;;766.0;0.0
2;13800;VEV_5500;6;21;;;;;7;21;;;;;6.5;0.0
2;13800;VEV_5400;16;21;;;;;18;21;;;;;17.0;0.0
2;13800;VEV_6500;0;17;;;;;1;17;;;;;0.5;0.0
2;13800;VEV_5300;51;21;;;;;53;21;;;;;52.0;0.0
2;13800;VEV_5200;102;24;;;;;105;24;;;;;103.5;0.0
2;13800;VEV_5100;175;24;;;;;180;24;;;;;177.5;0.0
2;13800;HYDROGEL_PACK;10006;12;10003;26;;;10022;12;10024;26;;;10014.0;0.0
2;13800;VEV_4000;1255;11;1253;29;;;1276;11;1279;29;;;1265.5;0.0
2;13800;VEV_5000;266;6;265;18;;;272;6;273;18;;;269.0;0.0
2;13800;VEV_6000;0;21;;;;;1;21;;;;;0.5;0.0
2;13800;VELVETFRUIT_EXTRACT;5263;65;;;;;5268;17;5269;48;;;5265.5;0.0
2;13900;HYDROGEL_PACK;10011;12;10008;20;;;10027;12;10029;20;;;10019.0;0.0
2;13900;VELVETFRUIT_EXTRACT;5264;15;5263;35;;;5269;15;5270;35;;;5266.5;0.0
2;13900;VEV_4500;758;11;757;19;;;775;11;777;19;;;766.5;0.0
2;13900;VEV_5500;6;26;;;;;7;26;;;;;6.5;0.0
2;13900;VEV_5400;16;26;;;;;18;26;;;;;17.0;0.0
2;13900;VEV_6500;0;18;;;;;1;18;;;;;0.5;0.0
2;13900;VEV_5300;51;26;;;;;53;6;54;20;;;52.0;0.0
2;13900;VEV_5200;102;30;;;;;106;30;;;;;104.0;0.0
2;13900;VEV_5100;176;30;;;;;181;30;;;;;178.5;0.0
2;13900;VEV_4000;1256;10;1253;17;;;1277;10;1280;17;;;1266.5;0.0
2;13900;VEV_5000;266;30;;;;;273;30;;;;;269.5;0.0
2;13900;VEV_6000;0;26;;;;;1;26;;;;;0.5;0.0
2;14000;VEV_6000;0;22;;;;;1;22;;;;;0.5;0.0
2;14000;VELVETFRUIT_EXTRACT;5264;21;5263;44;;;5269;65;;;;;5266.5;0.0
2;14000;VEV_4500;758;8;756;22;;;774;8;776;22;;;766.0;0.0
2;14000;VEV_5500;6;22;;;;;7;22;;;;;6.5;0.0
2;14000;VEV_5400;16;22;;;;;18;22;;;;;17.0;0.0
2;14000;VEV_6500;0;15;;;;;1;15;;;;;0.5;0.0
2;14000;VEV_5300;51;22;;;;;53;22;;;;;52.0;0.0
2;14000;VEV_5200;102;30;;;;;105;8;106;22;;;103.5;0.0
2;14000;VEV_5100;176;8;175;22;;;180;8;181;22;;;178.0;0.0
2;14000;HYDROGEL_PACK;10009;15;10007;28;;;10025;15;10028;28;;;10017.0;0.0
2;14000;VEV_4000;1256;9;1253;17;;;1277;9;1279;17;;;1266.5;0.0
2;14000;VEV_5000;266;8;265;22;;;272;8;273;22;;;269.0;0.0
2;14100;VEV_5300;51;23;;;;;53;10;54;13;;;52.0;0.0
2;14100;VEV_5200;102;36;;;;;106;36;;;;;104.0;0.0
2;14100;VEV_5100;176;36;;;;;181;36;;;;;178.5;0.0
2;14100;VEV_4000;1256;14;1253;30;;;1277;14;1280;30;;;1266.5;0.0
2;14100;VEV_5000;266;36;;;;;273;36;;;;;269.5;0.0
2;14100;VEV_6000;0;23;;;;;1;23;;;;;0.5;0.0
2;14100;HYDROGEL_PACK;10009;14;10007;27;;;10025;14;10028;27;;;10017.0;0.0
2;14100;VELVETFRUIT_EXTRACT;5264;60;;;;;5269;15;5270;45;;;5266.5;0.0
2;14100;VEV_4500;758;12;757;24;;;775;12;777;24;;;766.5;0.0
2;14100;VEV_5500;6;23;;;;;7;23;;;;;6.5;0.0
2;14100;VEV_5400;16;23;;;;;18;23;;;;;17.0;0.0
2;14100;VEV_6500;0;17;;;;;1;17;;;;;0.5;0.0
2;14200;VEV_4500;758;7;756;12;;;775;7;776;12;;;766.5;0.0
2;14200;VEV_5500;6;24;;;;;7;24;;;;;6.5;0.0
2;14200;VEV_5400;16;24;;;;;18;24;;;;;17.0;0.0
2;14200;VEV_6500;0;15;;;;;1;15;;;;;0.5;0.0
2;14200;VEV_5300;51;24;;;;;53;9;54;15;;;52.0;0.0
2;14200;VEV_5200;102;19;;;;;105;7;106;12;;;103.5;0.0
2;14200;HYDROGEL_PACK;10010;15;10007;26;;;10026;15;10028;26;;;10018.0;0.0
2;14200;VEV_5100;176;7;175;12;;;180;7;181;12;;;178.0;0.0
2;14200;VEV_4000;1256;14;1253;22;;;1277;14;1280;22;;;1266.5;0.0
2;14200;VEV_5000;266;7;265;12;;;273;19;;;;;269.5;0.0
2;14200;VEV_6000;0;24;;;;;1;24;;;;;0.5;0.0
2;14200;VELVETFRUIT_EXTRACT;5264;23;5263;34;;;5269;23;5270;34;;;5266.5;0.0
2;14300;HYDROGEL_PACK;10011;13;10008;30;;;10027;13;10029;30;;;10019.0;0.0
2;14300;VELVETFRUIT_EXTRACT;5265;18;5264;40;;;5270;18;5271;40;;;5267.5;0.0
2;14300;VEV_4500;759;7;757;13;;;776;7;778;13;;;767.5;0.0
2;14300;VEV_5500;6;18;;;;;7;18;;;;;6.5;0.0
2;14300;VEV_5400;17;6;16;12;;;18;18;;;;;17.5;0.0
2;14300;VEV_6500;0;18;;;;;1;18;;;;;0.5;0.0
2;14300;VEV_5300;52;6;51;12;;;54;18;;;;;53.0;0.0
2;14300;VEV_5200;103;20;;;;;106;20;;;;;104.5;0.0
2;14300;VEV_4000;1257;7;1254;29;;;1278;7;1281;29;;;1267.5;0.0
2;14300;VEV_5100;177;7;176;13;;;181;7;182;13;;;179.0;0.0
2;14300;VEV_5000;267;7;266;13;;;274;20;;;;;270.5;0.0
2;14300;VEV_6000;0;18;;;;;1;18;;;;;0.5;0.0
2;14400;VEV_6500;0;17;;;;;1;17;;;;;0.5;0.0
2;14400;VELVETFRUIT_EXTRACT;5264;22;5263;42;;;5269;22;5270;42;;;5266.5;0.0
2;14400;VEV_4500;758;11;756;19;;;775;11;777;19;;;766.5;0.0
2;14400;VEV_5500;6;23;;;;;7;23;;;;;6.5;0.0
2;14400;VEV_5400;16;23;;;;;18;23;;;;;17.0;0.0
2;14400;VEV_5300;51;23;;;;;53;5;54;18;;;52.0;0.0
2;14400;VEV_5200;102;30;;;;;105;11;106;19;;;103.5;0.0
2;14400;HYDROGEL_PACK;10012;10;10010;26;;;10028;10;10031;26;;;10020.0;0.0
2;14400;VEV_4000;1256;10;1253;24;;;1277;10;1280;24;;;1266.5;0.0
2;14400;VEV_5100;176;30;;;;;181;30;;;;;178.5;0.0
2;14400;VEV_5000;266;30;;;;;273;30;;;;;269.5;0.0
2;14400;VEV_6000;0;23;;;;;1;23;;;;;0.5;0.0
2;14500;VEV_6500;0;17;;;;;1;17;;;;;0.5;0.0
2;14500;VEV_5300;51;24;;;;;53;24;;;;;52.0;0.0
2;14500;VEV_5200;102;6;101;22;;;105;28;;;;;103.5;0.0
2;14500;VEV_4000;1255;11;1252;21;;;1276;11;1279;21;;;1265.5;0.0
2;14500;VEV_5100;175;28;;;;;180;28;;;;;177.5;0.0
2;14500;VEV_5000;265;28;;;;;272;28;;;;;268.5;0.0
2;14500;HYDROGEL_PACK;10013;10;10011;20;;;10029;10;10032;20;;;10021.0;0.0
2;14500;VELVETFRUIT_EXTRACT;5263;19;5262;43;;;5268;19;5269;43;;;5265.5;0.0
2;14500;VEV_6000;0;24;;;;;1;24;;;;;0.5;0.0
2;14500;VEV_4500;757;6;755;22;;;774;6;776;22;;;765.5;0.0
2;14500;VEV_5500;6;24;;;;;7;24;;;;;6.5;0.0
2;14500;VEV_5400;16;24;;;;;18;24;;;;;17.0;0.0
2;14600;VEV_4500;756;11;754;14;;;772;11;774;14;;;764.0;0.0
2;14600;VEV_5500;6;19;;;;;7;19;;;;;6.5;0.0
2;14600;VEV_5400;16;19;;;;;17;19;;;;;16.5;0.0
2;14600;VEV_5300;50;19;;;;;52;7;53;12;;;51.0;0.0
2;14600;VEV_5200;101;11;100;14;;;104;25;;;;;102.5;0.0
2;14600;HYDROGEL_PACK;10016;15;10013;22;;;10032;15;10034;22;;;10024.0;0.0
2;14600;VEV_4000;1253;11;1251;29;;;1275;11;1277;29;;;1264.0;0.0
2;14600;VEV_5100;174;11;173;14;;;178;11;179;14;;;176.0;0.0
2;14600;VEV_5000;264;11;263;14;;;270;11;271;14;;;267.0;0.0
2;14600;VEV_6000;0;19;;;;;1;19;;;;;0.5;0.0
2;14600;VEV_6500;0;16;;;;;1;16;;;;;0.5;0.0
2;14600;VELVETFRUIT_EXTRACT;5261;58;;;;;5267;58;;;;;5264.0;0.0
2;14700;HYDROGEL_PACK;10014;12;10011;26;;;10030;12;10032;26;;;10022.0;0.0
2;14700;VELVETFRUIT_EXTRACT;5264;16;5263;43;;;5269;59;;;;;5266.5;0.0
2;14700;VEV_6000;0;22;;;;;1;22;;;;;0.5;0.0
2;14700;VEV_4500;758;10;756;18;;;774;10;776;18;;;766.0;0.0
2;14700;VEV_5500;6;22;;;;;7;22;;;;;6.5;0.0
2;14700;VEV_5400;16;22;;;;;18;22;;;;;17.0;0.0
2;14700;VEV_6500;0;13;;;;;1;13;;;;;0.5;0.0
2;14700;VEV_5300;51;22;;;;;53;9;54;13;;;52.0;0.0
2;14700;VEV_5200;102;28;;;;;105;10;106;18;;;103.5;0.0
2;14700;VEV_4000;1256;8;1253;20;;;1277;8;1279;20;;;1266.5;0.0
2;14700;VEV_5100;176;10;175;18;;;180;10;181;18;;;178.0;0.0
2;14700;VEV_5000;266;10;265;18;;;272;10;273;18;;;269.0;0.0
2;14800;VEV_6500;0;13;;;;;1;13;;;;;0.5;0.0
2;14800;VELVETFRUIT_EXTRACT;5264;50;;;;;5270;50;;;;;5267.0;0.0
2;14800;VEV_4500;759;10;757;21;;;775;10;777;21;;;767.0;0.0
2;14800;VEV_5500;6;21;;;;;7;21;;;;;6.5;0.0
2;14800;VEV_5400;16;21;;;;;18;21;;;;;17.0;0.0
2;14800;VEV_5300;51;21;;;;;54;21;;;;;52.5;0.0
2;14800;VEV_5200;103;10;102;21;;;106;31;;;;;104.5;0.0
2;14800;HYDROGEL_PACK;10015;14;10012;23;;;10031;14;10033;23;;;10023.0;0.0
2;14800;VEV_4000;1256;13;1254;15;;;1278;13;1280;15;;;1267.0;0.0
2;14800;VEV_5100;176;31;;;;;181;31;;;;;178.5;0.0
2;14800;VEV_5000;267;10;266;21;;;273;10;274;21;;;270.0;0.0
2;14800;VEV_6000;0;21;;;;;1;21;;;;;0.5;0.0
2;14900;VEV_5400;16;27;;;;;18;27;;;;;17.0;0.0
2;14900;VEV_6500;0;17;;;;;1;17;;;;;0.5;0.0
2;14900;VEV_5500;6;27;;;;;7;27;;;;;6.5;0.0
2;14900;VEV_4000;1256;7;1253;29;;;1277;7;1280;29;;;1266.5;0.0
2;14900;HYDROGEL_PACK;10015;13;10012;20;;;10031;13;10033;20;;;10023.0;0.0
2;14900;VELVETFRUIT_EXTRACT;5266;8;5264;18;5263;33;5269;18;5270;33;;;5267.5;0.0
2;14900;VEV_6000;0;27;;;;;1;27;;;;;0.5;0.0
2;14900;VEV_5000;266;23;;;;;273;23;;;;;269.5;0.0
2;14900;VEV_5100;176;23;;;;;181;23;;;;;178.5;0.0
2;14900;VEV_4500;758;8;756;15;;;775;8;777;15;;;766.5;0.0
2;14900;VEV_5200;102;23;;;;;105;8;106;15;;;103.5;0.0
2;14900;VEV_5300;51;27;;;;;53;7;54;20;;;52.0;0.0
2;15000;VEV_4500;758;9;756;18;;;775;9;776;18;;;766.5;0.0
2;15000;HYDROGEL_PACK;10015;13;10012;25;;;10031;13;10033;25;;;10023.0;0.0
2;15000;VEV_4000;1256;9;1253;26;;;1277;9;1280;26;;;1266.5;0.0
2;15000;VEV_6000;0;26;;;;;1;26;;;;;0.5;0.0
2;15000;VEV_5000;266;27;;;;;273;27;;;;;269.5;0.0
2;15000;VEV_5100;176;9;175;18;;;180;9;181;18;;;178.0;0.0
2;15000;VEV_5200;102;27;;;;;105;9;106;18;;;103.5;0.0
2;15000;VEV_5300;51;26;;;;;53;9;54;17;;;52.0;0.0
2;15000;VEV_5400;16;26;;;;;18;26;;;;;17.0;0.0
2;15000;VEV_6500;0;18;;;;;1;18;;;;;0.5;0.0
2;15000;VEV_5500;6;26;;;;;7;26;;;;;6.5;0.0
2;15000;VELVETFRUIT_EXTRACT;5264;18;5263;39;;;5269;18;5270;39;;;5266.5;0.0
2;15100;HYDROGEL_PACK;10015;11;10013;26;;;10031;11;10034;26;;;10023.0;0.0
2;15100;VELVETFRUIT_EXTRACT;5266;16;5265;40;;;5271;56;;;;;5268.5;0.0
2;15100;VEV_6000;0;26;;;;;1;26;;;;;0.5;0.0
2;15100;VEV_5000;268;10;267;16;;;274;10;275;16;;;271.0;0.0
2;15100;VEV_5100;177;26;;;;;182;26;;;;;179.5;0.0
2;15100;VEV_4500;760;10;758;16;;;776;10;778;16;;;768.0;0.0
2;15100;VEV_5200;103;26;;;;;107;26;;;;;105.0;0.0
2;15100;VEV_5300;52;26;;;;;54;26;;;;;53.0;0.0
2;15100;VEV_5400;17;26;;;;;18;26;;;;;17.5;0.0
2;15100;VEV_6500;0;13;;;;;1;13;;;;;0.5;0.0
2;15100;VEV_5500;6;26;;;;;7;26;;;;;6.5;0.0
2;15100;VEV_4000;1257;9;1255;19;;;1279;9;1281;19;;;1268.0;0.0
2;15200;VEV_5000;268;7;267;17;;;275;24;;;;;271.5;0.0
2;15200;VEV_5100;178;7;177;17;;;182;7;183;17;;;180.0;0.0
2;15200;VEV_5200;104;7;103;17;;;107;24;;;;;105.5;0.0
2;15200;VEV_5300;52;20;;;;;54;6;55;14;;;53.0;0.0
2;15200;VEV_5400;17;20;;;;;18;20;;;;;17.5;0.0
2;15200;VEV_6500;0;19;;;;;1;19;;;;;0.5;0.0
2;15200;VEV_5500;6;20;;;;;8;20;;;;;7.0;0.0
2;15200;VELVETFRUIT_EXTRACT;5266;23;5265;32;;;5271;23;5272;32;;;5268.5;0.0
2;15200;VEV_4500;760;7;758;17;;;777;7;779;17;;;768.5;0.0
2;15200;HYDROGEL_PACK;10017;10;10014;25;;;10033;10;10035;25;;;10025.0;0.0
2;15200;VEV_4000;1258;7;1255;26;;;1279;7;1282;26;;;1268.5;0.0
2;15200;VEV_6000;0;20;;;;;1;20;;;;;0.5;0.0
2;15300;VEV_5400;17;22;;;;;18;22;;;;;17.5;0.0
2;15300;VEV_6500;0;18;;;;;1;18;;;;;0.5;0.0
2;15300;VEV_5500;6;22;;;;;8;22;;;;;7.0;0.0
2;15300;VEV_4000;1258;12;1256;24;;;1280;12;1282;24;;;1269.0;0.0
2;15300;HYDROGEL_PACK;10016;11;10014;24;;;10032;11;10035;24;;;10024.0;0.0
2;15300;VELVETFRUIT_EXTRACT;5266;68;;;;;5272;68;;;;;5269.0;0.0
2;15300;VEV_6000;0;22;;;;;1;22;;;;;0.5;0.0
2;15300;VEV_5000;269;9;268;14;;;275;9;276;14;;;272.0;0.0
2;15300;VEV_5100;178;23;;;;;183;23;;;;;180.5;0.0
2;15300;VEV_4500;761;9;759;14;;;777;9;779;14;;;769.0;0.0
2;15300;VEV_5200;104;23;;;;;107;23;;;;;105.5;0.0
2;15300;VEV_5300;52;22;;;;;55;22;;;;;53.5;0.0
2;15400;HYDROGEL_PACK;10018;14;10016;23;;;10034;14;10037;23;;;10026.0;0.0
2;15400;VEV_6000;0;29;;;;;1;29;;;;;0.5;0.0
2;15400;VEV_5000;268;6;267;16;;;274;6;275;16;;;271.0;0.0
2;15400;VEV_4000;1258;8;1255;25;;;1279;8;1281;25;;;1268.5;0.0
2;15400;VEV_5100;177;22;;;;;182;6;183;16;;;179.5;0.0
2;15400;VEV_5200;104;6;103;16;;;107;22;;;;;105.5;0.0
2;15400;VEV_5300;52;29;;;;;54;29;;;;;53.0;0.0
2;15400;VEV_5400;17;29;;;;;18;29;;;;;17.5;0.0
2;15400;VEV_6500;0;13;;;;;1;13;;;;;0.5;0.0
2;15400;VEV_5500;6;29;;;;;7;10;8;19;;;6.5;0.0
2;15400;VELVETFRUIT_EXTRACT;5266;24;5265;39;;;5271;63;;;;;5268.5;0.0
2;15400;VEV_4500;760;6;758;16;;;776;6;778;16;;;768.0;0.0
2;15500;HYDROGEL_PACK;10022;10;10015;10;10012;22;10031;10;10033;22;;;10026.5;0.0
2;15500;VELVETFRUIT_EXTRACT;5266;16;5265;44;;;5271;60;;;;;5268.5;0.0
2;15500;VEV_6000;0;23;;;;;1;23;;;;;0.5;0.0
2;15500;VEV_5000;268;6;267;20;;;274;6;275;20;;;271.0;0.0
2;15500;VEV_4000;1257;11;1255;29;;;1279;11;1281;29;;;1268.0;0.0
2;15500;VEV_5100;177;26;;;;;182;26;;;;;179.5;0.0
2;15500;VEV_5200;103;26;;;;;107;26;;;;;105.0;0.0
2;15500;VEV_5300;52;23;;;;;54;23;;;;;53.0;0.0
2;15500;VEV_5400;17;23;;;;;18;23;;;;;17.5;0.0
2;15500;VEV_6500;0;17;;;;;1;17;;;;;0.5;0.0
2;15500;VEV_5500;6;23;;;;;7;23;;;;;6.5;0.0
2;15500;VEV_4500;760;6;758;20;;;776;6;778;20;;;768.0;0.0
2;15600;VEV_5000;270;7;269;13;;;276;7;277;13;;;273.0;0.0
2;15600;VEV_4000;1260;14;1257;24;;;1281;14;1284;24;;;1270.5;0.0
