day;timestamp;product;bid_price_1;bid_volume_1;bid_price_2;bid_volume_2;bid_price_3;bid_volume_3;ask_price_1;ask_volume_1;ask_price_2;ask_volume_2;ask_price_3;ask_volume_3;mid_price;profit_and_loss
yf_MKC_d8;0;ASH_COATED_OSMIUM;9922;18;9919;19;;;9942;13;9946;19;;;9932.0;0.0
yf_MKC_d8;0;INTARIAN_PEPPER_ROOT;12996;10;12992;20;;;13002;8;13005;10;;;12999.0;0.0
yf_MKC_d8;100;ASH_COATED_OSMIUM;9911;11;9908;24;;;9954;13;9958;11;;;9932.5;0.0
yf_MKC_d8;100;INTARIAN_PEPPER_ROOT;12984;25;12982;22;;;13013;20;13015;16;;;12998.5;0.0
yf_MKC_d8;200;ASH_COATED_OSMIUM;9929;14;9926;9;;;9935;6;9939;14;;;9932.0;0.0
yf_MKC_d8;200;INTARIAN_PEPPER_ROOT;12994;14;12991;20;;;13000;14;13004;20;;;12997.0;0.0
yf_MKC_d8;300;ASH_COATED_OSMIUM;9930;18;9927;13;;;9936;10;9938;12;;;9933.0;0.0
yf_MKC_d8;300;INTARIAN_PEPPER_ROOT;12992;18;12988;21;;;12998;19;13000;15;;;12995.0;0.0
yf_MKC_d8;400;ASH_COATED_OSMIUM;9930;14;9928;15;;;9936;24;9940;24;;;9933.0;0.0
yf_MKC_d8;400;INTARIAN_PEPPER_ROOT;12990;17;12988;9;;;12996;16;13000;15;;;12993.0;0.0
yf_MKC_d8;500;ASH_COATED_OSMIUM;9928;9;9925;17;;;9937;15;9941;21;;;9932.5;0.0
yf_MKC_d8;500;INTARIAN_PEPPER_ROOT;12988;19;12984;13;;;12994;16;12997;23;;;12991.0;0.0
yf_MKC_d8;600;ASH_COATED_OSMIUM;9929;17;9925;25;;;9935;21;9939;23;;;9932.0;0.0
yf_MKC_d8;600;INTARIAN_PEPPER_ROOT;12985;18;12981;18;;;12995;12;12998;18;;;12990.0;0.0
yf_MKC_d8;700;ASH_COATED_OSMIUM;9929;15;9925;11;;;9935;13;9939;21;;;9932.0;0.0
yf_MKC_d8;700;INTARIAN_PEPPER_ROOT;12983;14;12980;28;;;12995;5;12997;26;;;12989.0;0.0
yf_MKC_d8;800;ASH_COATED_OSMIUM;9927;9;9925;19;;;9937;12;9940;19;;;9932.0;0.0
yf_MKC_d8;800;INTARIAN_PEPPER_ROOT;12967;15;12963;20;;;13007;9;13009;20;;;12987.0;0.0
yf_MKC_d8;900;ASH_COATED_OSMIUM;9928;9;9924;20;;;9936;8;9939;8;;;9932.0;0.0
yf_MKC_d8;900;INTARIAN_PEPPER_ROOT;12981;14;12979;15;;;12990;18;12993;19;;;12985.5;0.0
yf_MKC_d8;1000;ASH_COATED_OSMIUM;9930;14;9927;11;;;9936;8;9938;18;;;9933.0;0.0
yf_MKC_d8;1000;INTARIAN_PEPPER_ROOT;12980;9;12977;22;;;12986;13;12990;24;;;12983.0;0.0
yf_MKC_d8;1100;ASH_COATED_OSMIUM;9929;14;9927;20;;;9937;16;9939;23;;;9933.0;0.0
yf_MKC_d8;1100;INTARIAN_PEPPER_ROOT;12978;10;12974;18;;;12987;11;12989;9;;;12982.5;0.0
yf_MKC_d8;1200;ASH_COATED_OSMIUM;9929;19;9926;18;;;9935;12;9937;14;;;9932.0;0.0
yf_MKC_d8;1200;INTARIAN_PEPPER_ROOT;12978;22;12974;17;;;12984;25;12988;13;;;12981.0;0.0
yf_MKC_d8;1300;ASH_COATED_OSMIUM;9925;12;9922;13;;;9940;14;9942;14;;;9932.5;0.0
yf_MKC_d8;1300;INTARIAN_PEPPER_ROOT;12976;15;12972;17;;;12982;19;12984;16;;;12979.0;0.0
yf_MKC_d8;1400;ASH_COATED_OSMIUM;9929;18;9925;18;;;9935;15;9937;18;;;9932.0;0.0
yf_MKC_d8;1400;INTARIAN_PEPPER_ROOT;12973;19;12970;22;;;12981;14;12985;16;;;12977.0;0.0
yf_MKC_d8;1500;ASH_COATED_OSMIUM;9929;18;9926;16;;;9936;18;9940;18;;;9932.5;0.0
yf_MKC_d8;1500;INTARIAN_PEPPER_ROOT;12973;23;12969;19;;;12979;19;12981;21;;;12976.0;0.0
yf_MKC_d8;1600;ASH_COATED_OSMIUM;9929;9;9926;22;;;9935;20;9938;21;;;9932.0;0.0
yf_MKC_d8;1600;INTARIAN_PEPPER_ROOT;12964;15;12961;23;;;12984;23;12988;23;;;12974.0;0.0
yf_MKC_d8;1700;ASH_COATED_OSMIUM;9928;10;9926;18;;;9936;11;9939;18;;;9932.0;0.0
yf_MKC_d8;1700;INTARIAN_PEPPER_ROOT;12970;19;12968;13;;;12976;21;12979;21;;;12973.0;0.0
yf_MKC_d8;1800;ASH_COATED_OSMIUM;9929;9;9926;13;;;9935;10;9937;19;;;9932.0;0.0
yf_MKC_d8;1800;INTARIAN_PEPPER_ROOT;12952;15;12950;21;;;12990;12;12994;19;;;12971.0;0.0
yf_MKC_d8;1900;ASH_COATED_OSMIUM;9929;11;9925;16;;;9935;15;9937;16;;;9932.0;0.0
yf_MKC_d8;1900;INTARIAN_PEPPER_ROOT;12966;13;12964;24;;;12972;16;12976;20;;;12969.0;0.0
yf_MKC_d8;2000;ASH_COATED_OSMIUM;9929;13;9926;18;;;9935;8;9938;9;;;9932.0;0.0
yf_MKC_d8;2000;INTARIAN_PEPPER_ROOT;12965;9;12961;22;;;12971;25;12975;20;;;12968.0;0.0
yf_MKC_d8;2100;ASH_COATED_OSMIUM;9922;10;9918;18;;;9942;17;9945;19;;;9932.0;0.0
yf_MKC_d8;2100;INTARIAN_PEPPER_ROOT;12946;15;12943;18;;;12987;15;12990;20;;;12966.5;0.0
yf_MKC_d8;2200;ASH_COATED_OSMIUM;9929;16;9925;12;;;9935;14;9937;23;;;9932.0;0.0
yf_MKC_d8;2200;INTARIAN_PEPPER_ROOT;12962;13;12960;27;;;12968;12;12971;23;;;12965.0;0.0
yf_MKC_d8;2300;ASH_COATED_OSMIUM;9924;11;9920;17;;;9939;21;9941;19;;;9931.5;0.0
yf_MKC_d8;2300;INTARIAN_PEPPER_ROOT;12959;19;12957;19;;;12966;18;12968;15;;;12962.5;0.0
yf_MKC_d8;2400;ASH_COATED_OSMIUM;9929;10;9926;20;;;9935;9;9938;15;;;9932.0;0.0
yf_MKC_d8;2400;INTARIAN_PEPPER_ROOT;12959;13;12957;21;;;12965;10;12969;8;;;12962.0;0.0
yf_MKC_d8;2500;ASH_COATED_OSMIUM;9926;14;9923;17;;;9937;18;9940;15;;;9931.5;0.0
yf_MKC_d8;2500;INTARIAN_PEPPER_ROOT;12957;18;12953;18;;;12963;15;12965;25;;;12960.0;0.0
yf_MKC_d8;2600;ASH_COATED_OSMIUM;9929;10;9926;17;;;9935;15;9939;19;;;9932.0;0.0
yf_MKC_d8;2600;INTARIAN_PEPPER_ROOT;12954;11;12952;17;;;12963;8;12965;18;;;12958.5;0.0
yf_MKC_d8;2700;ASH_COATED_OSMIUM;9929;16;9926;26;;;9935;17;9939;33;;;9932.0;0.0
yf_MKC_d8;2700;INTARIAN_PEPPER_ROOT;12954;27;12950;16;;;12960;7;12963;22;;;12957.0;0.0
yf_MKC_d8;2800;ASH_COATED_OSMIUM;9928;14;9925;19;;;9934;10;9936;18;;;9931.0;0.0
yf_MKC_d8;2800;INTARIAN_PEPPER_ROOT;12950;5;12948;23;;;12961;11;12965;22;;;12955.5;0.0
yf_MKC_d8;2900;ASH_COATED_OSMIUM;9929;12;9927;16;;;9935;11;9937;26;;;9932.0;0.0
yf_MKC_d8;2900;INTARIAN_PEPPER_ROOT;12951;24;12949;20;;;12957;20;12959;12;;;12954.0;0.0
yf_MKC_d8;3000;ASH_COATED_OSMIUM;9929;5;9926;13;;;9935;26;9938;12;;;9932.0;0.0
yf_MKC_d8;3000;INTARIAN_PEPPER_ROOT;12949;7;12947;15;;;12955;15;12959;27;;;12952.0;0.0
yf_MKC_d8;3100;ASH_COATED_OSMIUM;9929;6;9925;19;;;9935;15;9938;19;;;9932.0;0.0
yf_MKC_d8;3100;INTARIAN_PEPPER_ROOT;12947;10;12945;17;;;12953;5;12955;18;;;12950.0;0.0
yf_MKC_d8;3200;ASH_COATED_OSMIUM;9927;9;9924;23;;;9935;18;9937;23;;;9931.0;0.0
yf_MKC_d8;3200;INTARIAN_PEPPER_ROOT;12939;13;12936;24;;;12959;17;12962;11;;;12949.0;0.0
yf_MKC_d8;3300;ASH_COATED_OSMIUM;9924;16;9920;23;;;9939;14;9942;23;;;9931.5;0.0
yf_MKC_d8;3300;INTARIAN_PEPPER_ROOT;12944;14;12941;15;;;12950;5;12953;16;;;12947.0;0.0
yf_MKC_d8;3400;ASH_COATED_OSMIUM;9929;13;9927;18;;;9935;23;9938;23;;;9932.0;0.0
yf_MKC_d8;3400;INTARIAN_PEPPER_ROOT;12943;21;12940;17;;;12949;14;12951;16;;;12946.0;0.0
yf_MKC_d8;3500;ASH_COATED_OSMIUM;9925;5;9922;14;;;9938;17;9942;19;;;9931.5;0.0
yf_MKC_d8;3500;INTARIAN_PEPPER_ROOT;12941;17;12939;27;;;12947;14;12949;18;;;12944.0;0.0
yf_MKC_d8;3600;ASH_COATED_OSMIUM;9929;5;9925;19;;;9935;17;9938;23;;;9932.0;0.0
yf_MKC_d8;3600;INTARIAN_PEPPER_ROOT;12939;20;12937;17;;;12945;6;12947;21;;;12942.0;0.0
yf_MKC_d8;3700;ASH_COATED_OSMIUM;9928;12;9925;25;;;9934;22;9937;21;;;9931.0;0.0
yf_MKC_d8;3700;INTARIAN_PEPPER_ROOT;12934;18;12931;17;;;12948;9;12951;19;;;12941.0;0.0
yf_MKC_d8;3800;ASH_COATED_OSMIUM;9928;6;9926;15;;;9934;14;9938;20;;;9931.0;0.0
yf_MKC_d8;3800;INTARIAN_PEPPER_ROOT;12936;15;12934;23;;;12942;15;12945;29;;;12939.0;0.0
yf_MKC_d8;3900;ASH_COATED_OSMIUM;9929;16;9927;19;;;9935;21;9938;19;;;9932.0;0.0
yf_MKC_d8;3900;INTARIAN_PEPPER_ROOT;12935;16;12931;19;;;12941;13;12943;23;;;12938.0;0.0
yf_MKC_d8;4000;ASH_COATED_OSMIUM;9929;9;9926;23;;;9935;12;9937;24;;;9932.0;0.0
yf_MKC_d8;4000;INTARIAN_PEPPER_ROOT;12934;9;12930;12;;;12940;15;12942;24;;;12937.0;0.0
yf_MKC_d8;4100;ASH_COATED_OSMIUM;9928;18;9925;27;;;9934;21;9938;20;;;9931.0;0.0
yf_MKC_d8;4100;INTARIAN_PEPPER_ROOT;12931;18;12928;16;;;12937;9;12941;21;;;12934.0;0.0
yf_MKC_d8;4200;ASH_COATED_OSMIUM;9927;15;9924;17;;;9935;17;9938;12;;;9931.0;0.0
yf_MKC_d8;4200;INTARIAN_PEPPER_ROOT;12930;20;12928;19;;;12936;12;12938;23;;;12933.0;0.0
yf_MKC_d8;4300;ASH_COATED_OSMIUM;9928;20;9924;16;;;9934;20;9936;25;;;9931.0;0.0
yf_MKC_d8;4300;INTARIAN_PEPPER_ROOT;12928;16;12924;14;;;12934;13;12936;17;;;12931.0;0.0
yf_MKC_d8;4400;ASH_COATED_OSMIUM;9929;25;9925;29;;;9935;18;9937;20;;;9932.0;0.0
yf_MKC_d8;4400;INTARIAN_PEPPER_ROOT;12927;16;12924;26;;;12933;14;12935;23;;;12930.0;0.0
yf_MKC_d8;4500;ASH_COATED_OSMIUM;9928;12;9924;16;;;9934;11;9938;18;;;9931.0;0.0
yf_MKC_d8;4500;INTARIAN_PEPPER_ROOT;12921;15;12918;14;;;12936;14;12940;15;;;12928.5;0.0
yf_MKC_d8;4600;ASH_COATED_OSMIUM;9928;18;9926;29;;;9934;15;9937;16;;;9931.0;0.0
yf_MKC_d8;4600;INTARIAN_PEPPER_ROOT;12924;18;12921;17;;;12930;18;12933;27;;;12927.0;0.0
yf_MKC_d8;4700;ASH_COATED_OSMIUM;9928;14;9925;28;;;9934;15;9938;17;;;9931.0;0.0
yf_MKC_d8;4700;INTARIAN_PEPPER_ROOT;12922;23;12920;8;;;12928;9;12930;19;;;12925.0;0.0
yf_MKC_d8;4800;ASH_COATED_OSMIUM;9928;20;9925;25;;;9934;17;9937;22;;;9931.0;0.0
yf_MKC_d8;4800;INTARIAN_PEPPER_ROOT;12920;12;12918;21;;;12926;12;12928;17;;;12923.0;0.0
yf_MKC_d8;4900;ASH_COATED_OSMIUM;9927;12;9925;27;;;9936;14;9939;20;;;9931.5;0.0
yf_MKC_d8;4900;INTARIAN_PEPPER_ROOT;12914;11;12912;22;;;12929;19;12933;25;;;12921.5;0.0
yf_MKC_d8;5000;ASH_COATED_OSMIUM;9928;18;9924;24;;;9934;15;9938;11;;;9931.0;0.0
yf_MKC_d8;5000;INTARIAN_PEPPER_ROOT;12917;18;12913;27;;;12923;22;12925;25;;;12920.0;0.0
yf_MKC_d8;5100;ASH_COATED_OSMIUM;9923;7;9919;21;;;9940;22;9943;23;;;9931.5;0.0
yf_MKC_d8;5100;INTARIAN_PEPPER_ROOT;12911;9;12909;21;;;12925;17;12927;26;;;12918.0;0.0
yf_MKC_d8;5200;ASH_COATED_OSMIUM;9928;13;9925;24;;;9934;14;9936;21;;;9931.0;0.0
yf_MKC_d8;5200;INTARIAN_PEPPER_ROOT;12914;6;12910;21;;;12920;12;12924;16;;;12917.0;0.0
yf_MKC_d8;5300;ASH_COATED_OSMIUM;9923;15;9921;27;;;9940;14;9944;25;;;9931.5;0.0
yf_MKC_d8;5300;INTARIAN_PEPPER_ROOT;12913;13;12910;19;;;12919;14;12922;22;;;12916.0;0.0
yf_MKC_d8;5400;ASH_COATED_OSMIUM;9928;8;9925;23;;;9934;10;9936;21;;;9931.0;0.0
yf_MKC_d8;5400;INTARIAN_PEPPER_ROOT;12911;22;12908;29;;;12917;20;12920;19;;;12914.0;0.0
yf_MKC_d8;5500;ASH_COATED_OSMIUM;9921;5;9917;25;;;9941;11;9944;22;;;9931.0;0.0
yf_MKC_d8;5500;INTARIAN_PEPPER_ROOT;12894;10;12891;16;;;12931;12;12934;23;;;12912.5;0.0
yf_MKC_d8;5600;ASH_COATED_OSMIUM;9928;6;9925;25;;;9934;24;9937;25;;;9931.0;0.0
yf_MKC_d8;5600;INTARIAN_PEPPER_ROOT;12907;8;12905;22;;;12914;12;12917;17;;;12910.5;0.0
yf_MKC_d8;5700;ASH_COATED_OSMIUM;9928;11;9925;16;;;9934;11;9937;17;;;9931.0;0.0
yf_MKC_d8;5700;INTARIAN_PEPPER_ROOT;12906;13;12904;19;;;12912;22;12914;23;;;12909.0;0.0
yf_MKC_d8;5800;ASH_COATED_OSMIUM;9928;8;9925;13;;;9934;9;9936;23;;;9931.0;0.0
yf_MKC_d8;5800;INTARIAN_PEPPER_ROOT;12902;15;12898;17;;;12914;21;12916;23;;;12908.0;0.0
yf_MKC_d8;5900;ASH_COATED_OSMIUM;9925;13;9922;14;;;9936;13;9938;24;;;9930.5;0.0
yf_MKC_d8;5900;INTARIAN_PEPPER_ROOT;12900;17;12897;20;;;12912;12;12916;28;;;12906.0;0.0
yf_MKC_d8;6000;ASH_COATED_OSMIUM;9928;14;9926;18;;;9935;9;9937;23;;;9931.5;0.0
yf_MKC_d8;6000;INTARIAN_PEPPER_ROOT;12901;10;12899;19;;;12908;5;12912;18;;;12904.5;0.0
yf_MKC_d8;6100;ASH_COATED_OSMIUM;9927;20;9924;21;;;9933;11;9935;27;;;9930.0;0.0
yf_MKC_d8;6100;INTARIAN_PEPPER_ROOT;12900;20;12898;20;;;12906;14;12910;16;;;12903.0;0.0
yf_MKC_d8;6200;ASH_COATED_OSMIUM;9928;9;9926;21;;;9934;8;9936;19;;;9931.0;0.0
yf_MKC_d8;6200;INTARIAN_PEPPER_ROOT;12898;14;12896;19;;;12904;20;12906;25;;;12901.0;0.0
yf_MKC_d8;6300;ASH_COATED_OSMIUM;9917;11;9915;14;;;9946;10;9950;13;;;9931.5;0.0
yf_MKC_d8;6300;INTARIAN_PEPPER_ROOT;12897;23;12894;17;;;12903;19;12906;19;;;12900.0;0.0
yf_MKC_d8;6400;ASH_COATED_OSMIUM;9914;9;9911;25;;;9949;5;9952;15;;;9931.5;0.0
yf_MKC_d8;6400;INTARIAN_PEPPER_ROOT;12895;23;12892;19;;;12901;21;12905;13;;;12898.0;0.0
yf_MKC_d8;6500;ASH_COATED_OSMIUM;9927;12;9924;16;;;9933;11;9935;17;;;9930.0;0.0
yf_MKC_d8;6500;INTARIAN_PEPPER_ROOT;12893;23;12890;20;;;12899;15;12903;23;;;12896.0;0.0
yf_MKC_d8;6600;ASH_COATED_OSMIUM;9927;16;9924;17;;;9934;18;9937;31;;;9930.5;0.0
yf_MKC_d8;6600;INTARIAN_PEPPER_ROOT;12892;6;12889;20;;;12898;23;12901;23;;;12895.0;0.0
yf_MKC_d8;6700;ASH_COATED_OSMIUM;9927;14;9925;21;;;9933;13;9937;18;;;9930.0;0.0
yf_MKC_d8;6700;INTARIAN_PEPPER_ROOT;12887;13;12883;19;;;12899;19;12903;26;;;12893.0;0.0
yf_MKC_d8;6800;ASH_COATED_OSMIUM;9927;20;9924;23;;;9933;12;9936;28;;;9930.0;0.0
yf_MKC_d8;6800;INTARIAN_PEPPER_ROOT;12889;11;12887;25;;;12895;15;12898;17;;;12892.0;0.0
yf_MKC_d8;6900;ASH_COATED_OSMIUM;9927;12;9925;29;;;9933;9;9936;20;;;9930.0;0.0
yf_MKC_d8;6900;INTARIAN_PEPPER_ROOT;12887;10;12885;17;;;12893;10;12896;19;;;12890.0;0.0
yf_MKC_d8;7000;ASH_COATED_OSMIUM;9928;11;9926;14;;;9934;13;9936;17;;;9931.0;0.0
yf_MKC_d8;7000;INTARIAN_PEPPER_ROOT;12885;13;12881;28;;;12891;24;12895;18;;;12888.0;0.0
yf_MKC_d8;7100;ASH_COATED_OSMIUM;9926;20;9924;10;;;9933;5;9935;17;;;9929.5;0.0
yf_MKC_d8;7100;INTARIAN_PEPPER_ROOT;12884;9;12882;19;;;12890;27;12892;25;;;12887.0;0.0
yf_MKC_d8;7200;ASH_COATED_OSMIUM;9927;18;9925;8;;;9933;18;9936;14;;;9930.0;0.0
yf_MKC_d8;7200;INTARIAN_PEPPER_ROOT;12882;22;12880;22;;;12888;14;12891;31;;;12885.0;0.0
yf_MKC_d8;7300;ASH_COATED_OSMIUM;9927;25;9924;22;;;9933;7;9937;16;;;9930.0;0.0
yf_MKC_d8;7300;INTARIAN_PEPPER_ROOT;12881;12;12878;17;;;12887;21;12889;27;;;12884.0;0.0
yf_MKC_d8;7400;ASH_COATED_OSMIUM;9927;23;9924;14;;;9933;15;9937;20;;;9930.0;0.0
yf_MKC_d8;7400;INTARIAN_PEPPER_ROOT;12880;14;12878;24;;;12886;12;12890;15;;;12883.0;0.0
yf_MKC_d8;7500;ASH_COATED_OSMIUM;9908;16;9906;24;;;9952;21;9954;17;;;9930.0;0.0
yf_MKC_d8;7500;INTARIAN_PEPPER_ROOT;12876;6;12872;23;;;12885;13;12889;22;;;12880.5;0.0
yf_MKC_d8;7600;ASH_COATED_OSMIUM;9927;8;9925;19;;;9933;18;9937;22;;;9930.0;0.0
yf_MKC_d8;7600;INTARIAN_PEPPER_ROOT;12876;15;12874;17;;;12883;13;12886;13;;;12879.5;0.0
yf_MKC_d8;7700;ASH_COATED_OSMIUM;9927;9;9925;30;;;9934;15;9938;19;;;9930.5;0.0
yf_MKC_d8;7700;INTARIAN_PEPPER_ROOT;12869;15;12867;21;;;12886;15;12888;21;;;12877.5;0.0
yf_MKC_d8;7800;ASH_COATED_OSMIUM;9927;16;9924;22;;;9933;23;9937;23;;;9930.0;0.0
yf_MKC_d8;7800;INTARIAN_PEPPER_ROOT;12868;17;12866;27;;;12884;7;12887;21;;;12876.0;0.0
yf_MKC_d8;7900;ASH_COATED_OSMIUM;9927;21;9923;24;;;9933;17;9937;19;;;9930.0;0.0
yf_MKC_d8;7900;INTARIAN_PEPPER_ROOT;12871;24;12869;22;;;12877;12;12881;19;;;12874.0;0.0
yf_MKC_d8;8000;ASH_COATED_OSMIUM;9924;19;9920;17;;;9935;23;9937;11;;;9929.5;0.0
yf_MKC_d8;8000;INTARIAN_PEPPER_ROOT;12869;19;12866;22;;;12875;17;12877;20;;;12872.0;0.0
yf_MKC_d8;8100;ASH_COATED_OSMIUM;9926;13;9922;16;;;9932;20;9934;25;;;9929.0;0.0
yf_MKC_d8;8100;INTARIAN_PEPPER_ROOT;12865;12;12861;19;;;12877;12;12881;23;;;12871.0;0.0
yf_MKC_d8;8200;ASH_COATED_OSMIUM;9926;30;9923;20;;;9934;24;9937;21;;;9930.0;0.0
yf_MKC_d8;8200;INTARIAN_PEPPER_ROOT;12864;17;12861;20;;;12874;17;12876;16;;;12869.0;0.0
yf_MKC_d8;8300;ASH_COATED_OSMIUM;9927;9;9923;17;;;9933;9;9936;16;;;9930.0;0.0
yf_MKC_d8;8300;INTARIAN_PEPPER_ROOT;12864;16;12862;11;;;12870;12;12873;15;;;12867.0;0.0
yf_MKC_d8;8400;ASH_COATED_OSMIUM;9926;18;9922;25;;;9933;12;9936;16;;;9929.5;0.0
yf_MKC_d8;8400;INTARIAN_PEPPER_ROOT;12863;21;12860;15;;;12869;9;12871;22;;;12866.0;0.0
yf_MKC_d8;8500;ASH_COATED_OSMIUM;9925;21;9922;15;;;9934;22;9937;15;;;9929.5;0.0
yf_MKC_d8;8500;INTARIAN_PEPPER_ROOT;12846;14;12843;19;;;12884;30;12888;17;;;12865.0;0.0
yf_MKC_d8;8600;ASH_COATED_OSMIUM;9926;11;9924;14;;;9933;16;9936;10;;;9929.5;0.0
yf_MKC_d8;8600;INTARIAN_PEPPER_ROOT;12860;21;12856;20;;;12866;13;12870;21;;;12863.0;0.0
yf_MKC_d8;8700;ASH_COATED_OSMIUM;9920;10;9918;15;;;9941;24;9944;30;;;9930.5;0.0
yf_MKC_d8;8700;INTARIAN_PEPPER_ROOT;12853;13;12850;19;;;12872;19;12876;17;;;12862.5;0.0
yf_MKC_d8;8800;ASH_COATED_OSMIUM;9926;15;9924;14;;;9932;24;9935;17;;;9929.0;0.0
yf_MKC_d8;8800;INTARIAN_PEPPER_ROOT;12856;10;12852;21;;;12864;22;12866;12;;;12860.0;0.0
yf_MKC_d8;8900;ASH_COATED_OSMIUM;9927;14;9923;27;;;9933;24;9936;15;;;9930.0;0.0
yf_MKC_d8;8900;INTARIAN_PEPPER_ROOT;12856;11;12852;18;;;12862;10;12866;15;;;12859.0;0.0
yf_MKC_d8;9000;ASH_COATED_OSMIUM;9926;18;9924;20;;;9933;21;9937;18;;;9929.5;0.0
yf_MKC_d8;9000;INTARIAN_PEPPER_ROOT;12853;15;12849;11;;;12860;14;12863;13;;;12856.5;0.0
yf_MKC_d8;9100;ASH_COATED_OSMIUM;9927;13;9925;18;;;9933;19;9935;21;;;9930.0;0.0
yf_MKC_d8;9100;INTARIAN_PEPPER_ROOT;12851;5;12849;23;;;12860;16;12863;13;;;12855.5;0.0
yf_MKC_d8;9200;ASH_COATED_OSMIUM;9927;12;9925;12;;;9933;16;9936;20;;;9930.0;0.0
yf_MKC_d8;9200;INTARIAN_PEPPER_ROOT;12842;17;12840;10;;;12865;8;12868;22;;;12853.5;0.0
yf_MKC_d8;9300;ASH_COATED_OSMIUM;9927;16;9925;20;;;9933;16;9937;23;;;9930.0;0.0
yf_MKC_d8;9300;INTARIAN_PEPPER_ROOT;12849;12;12846;25;;;12855;11;12857;24;;;12852.0;0.0
yf_MKC_d8;9400;ASH_COATED_OSMIUM;9923;7;9921;24;;;9936;17;9940;32;;;9929.5;0.0
yf_MKC_d8;9400;INTARIAN_PEPPER_ROOT;12847;17;12845;25;;;12853;11;12856;23;;;12850.0;0.0
yf_MKC_d8;9500;ASH_COATED_OSMIUM;9926;10;9922;18;;;9932;15;9935;16;;;9929.0;0.0
yf_MKC_d8;9500;INTARIAN_PEPPER_ROOT;12845;17;12842;22;;;12851;20;12853;13;;;12848.0;0.0
yf_MKC_d8;9600;ASH_COATED_OSMIUM;9926;11;9922;14;;;9932;17;9936;11;;;9929.0;0.0
yf_MKC_d8;9600;INTARIAN_PEPPER_ROOT;12844;13;12841;14;;;12850;8;12853;28;;;12847.0;0.0
yf_MKC_d8;9700;ASH_COATED_OSMIUM;9926;22;9923;12;;;9932;13;9935;15;;;9929.0;0.0
yf_MKC_d8;9700;INTARIAN_PEPPER_ROOT;12843;6;12839;22;;;12849;9;12853;20;;;12846.0;0.0
yf_MKC_d8;9800;ASH_COATED_OSMIUM;9924;18;9922;14;;;9935;15;9937;21;;;9929.5;0.0
yf_MKC_d8;9800;INTARIAN_PEPPER_ROOT;12841;19;12838;15;;;12847;12;12849;19;;;12844.0;0.0
yf_MKC_d8;9900;ASH_COATED_OSMIUM;9921;11;9919;20;;;9938;19;9940;16;;;9929.5;0.0
yf_MKC_d8;9900;INTARIAN_PEPPER_ROOT;12839;15;12835;17;;;12846;13;12849;12;;;12842.5;0.0
yf_MKC_d8;10000;ASH_COATED_OSMIUM;9927;16;9924;21;;;9933;14;9936;25;;;9930.0;0.0
yf_MKC_d8;10000;INTARIAN_PEPPER_ROOT;12838;6;12835;19;;;12844;10;12847;15;;;12841.0;0.0
yf_MKC_d8;10100;ASH_COATED_OSMIUM;9926;6;9924;20;;;9932;11;9934;23;;;9929.0;0.0
yf_MKC_d8;10100;INTARIAN_PEPPER_ROOT;12837;15;12835;22;;;12843;7;12847;28;;;12840.0;0.0
yf_MKC_d8;10200;ASH_COATED_OSMIUM;9927;12;9925;26;;;9933;8;9936;12;;;9930.0;0.0
yf_MKC_d8;10200;INTARIAN_PEPPER_ROOT;12835;16;12831;28;;;12841;19;12845;23;;;12838.0;0.0
yf_MKC_d8;10300;ASH_COATED_OSMIUM;9926;16;9923;17;;;9932;17;9935;16;;;9929.0;0.0
yf_MKC_d8;10300;INTARIAN_PEPPER_ROOT;12833;11;12830;13;;;12839;11;12841;25;;;12836.0;0.0
yf_MKC_d8;10400;ASH_COATED_OSMIUM;9926;11;9923;15;;;9932;17;9936;19;;;9929.0;0.0
yf_MKC_d8;10400;INTARIAN_PEPPER_ROOT;12829;13;12827;24;;;12839;19;12843;23;;;12834.0;0.0
yf_MKC_d8;10500;ASH_COATED_OSMIUM;9922;16;9919;18;;;9935;6;9937;20;;;9928.5;0.0
yf_MKC_d8;10500;INTARIAN_PEPPER_ROOT;12830;16;12827;17;;;12837;26;12840;19;;;12833.5;0.0
yf_MKC_d8;10600;ASH_COATED_OSMIUM;9916;5;9913;25;;;9943;17;9946;29;;;9929.5;0.0
yf_MKC_d8;10600;INTARIAN_PEPPER_ROOT;12828;19;12824;28;;;12834;17;12836;17;;;12831.0;0.0
yf_MKC_d8;10700;ASH_COATED_OSMIUM;9917;6;9913;21;;;9941;13;9944;17;;;9929.0;0.0
yf_MKC_d8;10700;INTARIAN_PEPPER_ROOT;12827;18;12825;32;;;12833;10;12836;18;;;12830.0;0.0
yf_MKC_d8;10800;ASH_COATED_OSMIUM;9926;6;9924;24;;;9932;19;9934;35;;;9929.0;0.0
yf_MKC_d8;10800;INTARIAN_PEPPER_ROOT;12824;6;12820;8;;;12830;7;12834;15;;;12827.0;0.0
yf_MKC_d8;10900;ASH_COATED_OSMIUM;9921;14;9918;14;;;9937;16;9941;22;;;9929.0;0.0
yf_MKC_d8;10900;INTARIAN_PEPPER_ROOT;12819;16;12817;13;;;12835;10;12839;22;;;12827.0;0.0
yf_MKC_d8;11000;ASH_COATED_OSMIUM;9924;14;9920;24;;;9933;15;9937;20;;;9928.5;0.0
yf_MKC_d8;11000;INTARIAN_PEPPER_ROOT;12820;16;12818;22;;;12830;13;12834;21;;;12825.0;0.0
yf_MKC_d8;11100;ASH_COATED_OSMIUM;9926;11;9922;23;;;9932;6;9936;13;;;9929.0;0.0
yf_MKC_d8;11100;INTARIAN_PEPPER_ROOT;12817;15;12814;22;;;12831;17;12833;20;;;12824.0;0.0
yf_MKC_d8;11200;ASH_COATED_OSMIUM;9925;15;9923;11;;;9934;18;9938;27;;;9929.5;0.0
yf_MKC_d8;11200;INTARIAN_PEPPER_ROOT;12818;19;12814;28;;;12825;6;12829;14;;;12821.5;0.0
yf_MKC_d8;11300;ASH_COATED_OSMIUM;9923;5;9920;20;;;9936;17;9938;14;;;9929.5;0.0
yf_MKC_d8;11300;INTARIAN_PEPPER_ROOT;12812;19;12808;21;;;12828;12;12831;16;;;12820.0;0.0
yf_MKC_d8;11400;ASH_COATED_OSMIUM;9925;19;9923;17;;;9931;5;9934;16;;;9928.0;0.0
yf_MKC_d8;11400;INTARIAN_PEPPER_ROOT;12816;12;12813;18;;;12822;16;12824;26;;;12819.0;0.0
yf_MKC_d8;11500;ASH_COATED_OSMIUM;9917;15;9915;20;;;9942;20;9944;13;;;9929.5;0.0
yf_MKC_d8;11500;INTARIAN_PEPPER_ROOT;12814;6;12810;10;;;12820;23;12823;22;;;12817.0;0.0
yf_MKC_d8;11600;ASH_COATED_OSMIUM;9926;16;9922;20;;;9932;9;9936;33;;;9929.0;0.0
yf_MKC_d8;11600;INTARIAN_PEPPER_ROOT;12806;15;12803;21;;;12825;13;12827;18;;;12815.5;0.0
yf_MKC_d8;11700;ASH_COATED_OSMIUM;9923;17;9919;18;;;9934;13;9936;22;;;9928.5;0.0
yf_MKC_d8;11700;INTARIAN_PEPPER_ROOT;12810;16;12806;22;;;12816;23;12820;14;;;12813.0;0.0
yf_MKC_d8;11800;ASH_COATED_OSMIUM;9922;11;9918;26;;;9935;26;9937;19;;;9928.5;0.0
yf_MKC_d8;11800;INTARIAN_PEPPER_ROOT;12806;22;12803;22;;;12819;14;12821;18;;;12812.5;0.0
yf_MKC_d8;11900;ASH_COATED_OSMIUM;9923;25;9919;24;;;9935;22;9938;16;;;9929.0;0.0
yf_MKC_d8;11900;INTARIAN_PEPPER_ROOT;12808;10;12804;23;;;12814;17;12817;22;;;12811.0;0.0
yf_MKC_d8;12000;ASH_COATED_OSMIUM;9926;21;9924;15;;;9932;23;9936;15;;;9929.0;0.0
yf_MKC_d8;12000;INTARIAN_PEPPER_ROOT;12806;16;12804;20;;;12813;15;12817;17;;;12809.5;0.0
yf_MKC_d8;12100;ASH_COATED_OSMIUM;9925;17;9922;26;;;9931;15;9934;21;;;9928.0;0.0
yf_MKC_d8;12100;INTARIAN_PEPPER_ROOT;12804;20;12800;17;;;12812;13;12816;17;;;12808.0;0.0
yf_MKC_d8;12200;ASH_COATED_OSMIUM;9925;22;9922;23;;;9931;13;9934;21;;;9928.0;0.0
yf_MKC_d8;12200;INTARIAN_PEPPER_ROOT;12803;11;12800;21;;;12809;16;12811;17;;;12806.0;0.0
yf_MKC_d8;12300;ASH_COATED_OSMIUM;9926;10;9923;8;;;9932;22;9934;25;;;9929.0;0.0
yf_MKC_d8;12300;INTARIAN_PEPPER_ROOT;12801;17;12799;19;;;12809;15;12811;23;;;12805.0;0.0
yf_MKC_d8;12400;ASH_COATED_OSMIUM;9923;25;9920;21;;;9935;13;9937;27;;;9929.0;0.0
yf_MKC_d8;12400;INTARIAN_PEPPER_ROOT;12799;20;12796;16;;;12806;9;12810;17;;;12802.5;0.0
yf_MKC_d8;12500;ASH_COATED_OSMIUM;9923;12;9921;20;;;9934;17;9938;14;;;9928.5;0.0
yf_MKC_d8;12500;INTARIAN_PEPPER_ROOT;12799;13;12797;22;;;12805;18;12808;22;;;12802.0;0.0
yf_MKC_d8;12600;ASH_COATED_OSMIUM;9923;17;9921;22;;;9934;16;9936;22;;;9928.5;0.0
yf_MKC_d8;12600;INTARIAN_PEPPER_ROOT;12788;9;12784;16;;;12812;8;12814;21;;;12800.0;0.0
yf_MKC_d8;12700;ASH_COATED_OSMIUM;9926;5;9923;33;;;9932;14;9936;9;;;9929.0;0.0
yf_MKC_d8;12700;INTARIAN_PEPPER_ROOT;12795;17;12792;23;;;12801;13;12805;26;;;12798.0;0.0
yf_MKC_d8;12800;ASH_COATED_OSMIUM;9926;18;9922;23;;;9932;13;9934;13;;;9929.0;0.0
yf_MKC_d8;12800;INTARIAN_PEPPER_ROOT;12794;23;12790;18;;;12800;22;12802;28;;;12797.0;0.0
yf_MKC_d8;12900;ASH_COATED_OSMIUM;9926;17;9922;17;;;9932;14;9936;26;;;9929.0;0.0
yf_MKC_d8;12900;INTARIAN_PEPPER_ROOT;12790;20;12787;16;;;12800;10;12802;16;;;12795.0;0.0
yf_MKC_d8;13000;ASH_COATED_OSMIUM;9925;5;9922;18;;;9931;17;9935;23;;;9928.0;0.0
yf_MKC_d8;13000;INTARIAN_PEPPER_ROOT;12790;16;12787;8;;;12796;12;12800;12;;;12793.0;0.0
yf_MKC_d8;13100;ASH_COATED_OSMIUM;9925;15;9923;14;;;9931;18;9933;17;;;9928.0;0.0
yf_MKC_d8;13100;INTARIAN_PEPPER_ROOT;12789;15;12785;13;;;12795;10;12797;17;;;12792.0;0.0
yf_MKC_d8;13200;ASH_COATED_OSMIUM;9925;14;9923;20;;;9931;6;9934;22;;;9928.0;0.0
yf_MKC_d8;13200;INTARIAN_PEPPER_ROOT;12787;14;12785;16;;;12793;21;12797;21;;;12790.0;0.0
yf_MKC_d8;13300;ASH_COATED_OSMIUM;9925;22;9922;20;;;9931;7;9935;14;;;9928.0;0.0
yf_MKC_d8;13300;INTARIAN_PEPPER_ROOT;12786;17;12783;14;;;12792;23;12796;23;;;12789.0;0.0
yf_MKC_d8;13400;ASH_COATED_OSMIUM;9924;17;9920;23;;;9930;23;9932;17;;;9927.0;0.0
yf_MKC_d8;13400;INTARIAN_PEPPER_ROOT;12778;16;12776;14;;;12797;18;12801;23;;;12787.5;0.0
yf_MKC_d8;13500;ASH_COATED_OSMIUM;9923;15;9920;23;;;9933;18;9936;20;;;9928.0;0.0
yf_MKC_d8;13500;INTARIAN_PEPPER_ROOT;12783;6;12779;22;;;12789;14;12791;15;;;12786.0;0.0
yf_MKC_d8;13600;ASH_COATED_OSMIUM;9925;17;9921;20;;;9931;13;9934;16;;;9928.0;0.0
yf_MKC_d8;13600;INTARIAN_PEPPER_ROOT;12781;16;12778;15;;;12787;8;12790;18;;;12784.0;0.0
yf_MKC_d8;13700;ASH_COATED_OSMIUM;9925;14;9921;20;;;9931;18;9933;13;;;9928.0;0.0
yf_MKC_d8;13700;INTARIAN_PEPPER_ROOT;12775;13;12771;24;;;12790;16;12794;23;;;12782.5;0.0
yf_MKC_d8;13800;ASH_COATED_OSMIUM;9925;10;9922;24;;;9931;13;9935;26;;;9928.0;0.0
yf_MKC_d8;13800;INTARIAN_PEPPER_ROOT;12774;15;12770;20;;;12787;13;12790;26;;;12780.5;0.0
yf_MKC_d8;13900;ASH_COATED_OSMIUM;9926;13;9924;17;;;9932;17;9934;22;;;9929.0;0.0
yf_MKC_d8;13900;INTARIAN_PEPPER_ROOT;12776;28;12773;11;;;12782;17;12785;11;;;12779.0;0.0
yf_MKC_d8;14000;ASH_COATED_OSMIUM;9925;7;9923;13;;;9931;11;9934;22;;;9928.0;0.0
yf_MKC_d8;14000;INTARIAN_PEPPER_ROOT;12769;6;12767;19;;;12786;18;12788;13;;;12777.5;0.0
yf_MKC_d8;14100;ASH_COATED_OSMIUM;9925;27;9921;19;;;9931;9;9934;23;;;9928.0;0.0
yf_MKC_d8;14100;INTARIAN_PEPPER_ROOT;12770;20;12766;18;;;12782;14;12786;22;;;12776.0;0.0
yf_MKC_d8;14200;ASH_COATED_OSMIUM;9924;16;9922;20;;;9931;11;9933;21;;;9927.5;0.0
yf_MKC_d8;14200;INTARIAN_PEPPER_ROOT;12771;17;12767;22;;;12777;5;12779;15;;;12774.0;0.0
yf_MKC_d8;14300;ASH_COATED_OSMIUM;9923;12;9919;17;;;9933;16;9936;16;;;9928.0;0.0
yf_MKC_d8;14300;INTARIAN_PEPPER_ROOT;12767;7;12765;17;;;12778;7;12781;28;;;12772.5;0.0
yf_MKC_d8;14400;ASH_COATED_OSMIUM;9924;9;9921;29;;;9931;12;9935;19;;;9927.5;0.0
yf_MKC_d8;14400;INTARIAN_PEPPER_ROOT;12767;22;12764;25;;;12777;18;12779;27;;;12772.0;0.0
yf_MKC_d8;14500;ASH_COATED_OSMIUM;9925;13;9922;18;;;9931;13;9935;12;;;9928.0;0.0
yf_MKC_d8;14500;INTARIAN_PEPPER_ROOT;12761;14;12758;24;;;12778;17;12780;24;;;12769.5;0.0
yf_MKC_d8;14600;ASH_COATED_OSMIUM;9925;19;9921;14;;;9931;17;9935;20;;;9928.0;0.0
yf_MKC_d8;14600;INTARIAN_PEPPER_ROOT;12765;13;12763;27;;;12771;18;12773;16;;;12768.0;0.0
yf_MKC_d8;14700;ASH_COATED_OSMIUM;9925;23;9921;18;;;9931;13;9933;27;;;9928.0;0.0
yf_MKC_d8;14700;INTARIAN_PEPPER_ROOT;12752;21;12750;20;;;12781;19;12784;17;;;12766.5;0.0
yf_MKC_d8;14800;ASH_COATED_OSMIUM;9923;19;9921;14;;;9932;14;9935;27;;;9927.5;0.0
yf_MKC_d8;14800;INTARIAN_PEPPER_ROOT;12757;9;12753;14;;;12772;18;12775;19;;;12764.5;0.0
yf_MKC_d8;14900;ASH_COATED_OSMIUM;9918;21;9916;23;;;9938;20;9940;25;;;9928.0;0.0
yf_MKC_d8;14900;INTARIAN_PEPPER_ROOT;12760;17;12757;18;;;12766;18;12770;14;;;12763.0;0.0
yf_MKC_d8;15000;ASH_COATED_OSMIUM;9923;16;9920;25;;;9932;13;9936;19;;;9927.5;0.0
yf_MKC_d8;15000;INTARIAN_PEPPER_ROOT;12758;30;12754;22;;;12765;20;12767;18;;;12761.5;0.0
yf_MKC_d8;15100;ASH_COATED_OSMIUM;9925;12;9922;8;;;9931;15;9933;16;;;9928.0;0.0
yf_MKC_d8;15100;INTARIAN_PEPPER_ROOT;12757;18;12755;17;;;12763;5;12765;22;;;12760.0;0.0
yf_MKC_d8;15200;ASH_COATED_OSMIUM;9917;13;9913;17;;;9938;21;9942;28;;;9927.5;0.0
yf_MKC_d8;15200;INTARIAN_PEPPER_ROOT;12756;10;12754;17;;;12762;24;12765;11;;;12759.0;0.0
yf_MKC_d8;15300;ASH_COATED_OSMIUM;9924;24;9922;26;;;9930;19;9932;13;;;9927.0;0.0
yf_MKC_d8;15300;INTARIAN_PEPPER_ROOT;12754;13;12752;9;;;12760;18;12763;18;;;12757.0;0.0
yf_MKC_d8;15400;ASH_COATED_OSMIUM;9924;15;9920;8;;;9930;15;9933;20;;;9927.0;0.0
yf_MKC_d8;15400;INTARIAN_PEPPER_ROOT;12752;17;12750;8;;;12758;5;12761;24;;;12755.0;0.0
yf_MKC_d8;15500;ASH_COATED_OSMIUM;9922;19;9918;24;;;9934;26;9937;16;;;9928.0;0.0
yf_MKC_d8;15500;INTARIAN_PEPPER_ROOT;12750;13;12746;21;;;12757;13;12759;20;;;12753.5;0.0
yf_MKC_d8;15600;ASH_COATED_OSMIUM;9911;13;9908;24;;;9944;20;9946;19;;;9927.5;0.0
yf_MKC_d8;15600;INTARIAN_PEPPER_ROOT;12742;23;12739;24;;;12764;24;12767;24;;;12753.0;0.0
yf_MKC_d8;15700;ASH_COATED_OSMIUM;9925;12;9922;17;;;9931;20;9934;17;;;9928.0;0.0
yf_MKC_d8;15700;INTARIAN_PEPPER_ROOT;12748;18;12744;12;;;12754;12;12757;33;;;12751.0;0.0
yf_MKC_d8;15800;ASH_COATED_OSMIUM;9922;6;9918;20;;;9933;21;9936;24;;;9927.5;0.0
yf_MKC_d8;15800;INTARIAN_PEPPER_ROOT;12746;12;12744;26;;;12752;20;12755;13;;;12749.0;0.0
yf_MKC_d8;15900;ASH_COATED_OSMIUM;9924;19;9920;20;;;9930;21;9932;20;;;9927.0;0.0
yf_MKC_d8;15900;INTARIAN_PEPPER_ROOT;12745;14;12741;15;;;12751;14;12753;16;;;12748.0;0.0
yf_MKC_d8;16000;ASH_COATED_OSMIUM;9922;24;9918;17;;;9931;23;9934;18;;;9926.5;0.0
yf_MKC_d8;16000;INTARIAN_PEPPER_ROOT;12743;16;12741;21;;;12749;16;12753;13;;;12746.0;0.0
yf_MKC_d8;16100;ASH_COATED_OSMIUM;9924;18;9920;14;;;9930;19;9934;21;;;9927.0;0.0
yf_MKC_d8;16100;INTARIAN_PEPPER_ROOT;12741;8;12737;16;;;12747;17;12750;16;;;12744.0;0.0
yf_MKC_d8;16200;ASH_COATED_OSMIUM;9919;26;9915;18;;;9936;12;9940;18;;;9927.5;0.0
yf_MKC_d8;16200;INTARIAN_PEPPER_ROOT;12740;16;12736;18;;;12746;15;12748;20;;;12743.0;0.0
yf_MKC_d8;16300;ASH_COATED_OSMIUM;9924;18;9921;21;;;9930;12;9933;23;;;9927.0;0.0
yf_MKC_d8;16300;INTARIAN_PEPPER_ROOT;12738;17;12735;24;;;12744;7;12746;20;;;12741.0;0.0
yf_MKC_d8;16400;ASH_COATED_OSMIUM;9924;17;9920;24;;;9930;12;9932;24;;;9927.0;0.0
yf_MKC_d8;16400;INTARIAN_PEPPER_ROOT;12736;14;12732;18;;;12743;9;12746;19;;;12739.5;0.0
yf_MKC_d8;16500;ASH_COATED_OSMIUM;9923;14;9920;23;;;9933;15;9935;22;;;9928.0;0.0
yf_MKC_d8;16500;INTARIAN_PEPPER_ROOT;12733;12;12730;16;;;12744;12;12747;18;;;12738.5;0.0
yf_MKC_d8;16600;ASH_COATED_OSMIUM;9925;23;9921;19;;;9931;15;9933;17;;;9928.0;0.0
yf_MKC_d8;16600;INTARIAN_PEPPER_ROOT;12731;12;12728;26;;;12741;19;12745;18;;;12736.0;0.0
yf_MKC_d8;16700;ASH_COATED_OSMIUM;9923;14;9919;21;;;9933;5;9937;18;;;9928.0;0.0
yf_MKC_d8;16700;INTARIAN_PEPPER_ROOT;12731;10;12727;23;;;12739;7;12741;15;;;12735.0;0.0
yf_MKC_d8;16800;ASH_COATED_OSMIUM;9924;17;9921;18;;;9930;14;9934;16;;;9927.0;0.0
yf_MKC_d8;16800;INTARIAN_PEPPER_ROOT;12725;19;12721;21;;;12741;15;12745;19;;;12733.0;0.0
yf_MKC_d8;16900;ASH_COATED_OSMIUM;9924;11;9922;14;;;9931;7;9934;17;;;9927.5;0.0
yf_MKC_d8;16900;INTARIAN_PEPPER_ROOT;12727;13;12725;28;;;12737;13;12740;19;;;12732.0;0.0
yf_MKC_d8;17000;ASH_COATED_OSMIUM;9924;10;9920;31;;;9930;22;9932;21;;;9927.0;0.0
yf_MKC_d8;17000;INTARIAN_PEPPER_ROOT;12728;16;12724;23;;;12734;12;12736;16;;;12731.0;0.0
yf_MKC_d8;17100;ASH_COATED_OSMIUM;9924;11;9920;12;;;9930;19;9934;23;;;9927.0;0.0
yf_MKC_d8;17100;INTARIAN_PEPPER_ROOT;12727;5;12725;20;;;12733;19;12736;19;;;12730.0;0.0
yf_MKC_d8;17200;ASH_COATED_OSMIUM;9924;9;9920;22;;;9930;18;9932;23;;;9927.0;0.0
yf_MKC_d8;17200;INTARIAN_PEPPER_ROOT;12726;19;12723;16;;;12732;16;12734;21;;;12729.0;0.0
yf_MKC_d8;17300;ASH_COATED_OSMIUM;9921;13;9918;18;;;9933;11;9937;20;;;9927.0;0.0
yf_MKC_d8;17300;INTARIAN_PEPPER_ROOT;12723;27;12721;10;;;12733;19;12737;11;;;12728.0;0.0
yf_MKC_d8;17400;ASH_COATED_OSMIUM;9924;9;9920;20;;;9930;21;9932;22;;;9927.0;0.0
yf_MKC_d8;17400;INTARIAN_PEPPER_ROOT;12718;12;12715;26;;;12737;12;12741;26;;;12727.5;0.0
yf_MKC_d8;17500;ASH_COATED_OSMIUM;9925;9;9921;19;;;9931;15;9935;16;;;9928.0;0.0
yf_MKC_d8;17500;INTARIAN_PEPPER_ROOT;12723;27;12719;19;;;12729;13;12733;24;;;12726.0;0.0
yf_MKC_d8;17600;ASH_COATED_OSMIUM;9924;13;9920;24;;;9930;11;9932;19;;;9927.0;0.0
yf_MKC_d8;17600;INTARIAN_PEPPER_ROOT;12723;11;12720;18;;;12729;18;12733;17;;;12726.0;0.0
yf_MKC_d8;17700;ASH_COATED_OSMIUM;9924;13;9921;22;;;9930;18;9933;30;;;9927.0;0.0
yf_MKC_d8;17700;INTARIAN_PEPPER_ROOT;12720;15;12718;23;;;12730;13;12733;19;;;12725.0;0.0
yf_MKC_d8;17800;ASH_COATED_OSMIUM;9924;19;9922;13;;;9930;17;9933;16;;;9927.0;0.0
yf_MKC_d8;17800;INTARIAN_PEPPER_ROOT;12721;18;12719;28;;;12727;12;12731;19;;;12724.0;0.0
yf_MKC_d8;17900;ASH_COATED_OSMIUM;9924;5;9922;25;;;9930;7;9934;15;;;9927.0;0.0
yf_MKC_d8;17900;INTARIAN_PEPPER_ROOT;12721;15;12718;17;;;12727;24;12730;20;;;12724.0;0.0
yf_MKC_d8;18000;ASH_COATED_OSMIUM;9916;13;9914;17;;;9938;14;9941;19;;;9927.0;0.0
yf_MKC_d8;18000;INTARIAN_PEPPER_ROOT;12713;10;12709;16;;;12733;21;12735;35;;;12723.0;0.0
yf_MKC_d8;18100;ASH_COATED_OSMIUM;9924;25;9920;23;;;9930;17;9934;16;;;9927.0;0.0
yf_MKC_d8;18100;INTARIAN_PEPPER_ROOT;12719;10;12716;10;;;12725;19;12728;19;;;12722.0;0.0
yf_MKC_d8;18200;ASH_COATED_OSMIUM;9924;7;9920;29;;;9930;17;9933;20;;;9927.0;0.0
yf_MKC_d8;18200;INTARIAN_PEPPER_ROOT;12715;16;12713;12;;;12728;10;12732;35;;;12721.5;0.0
yf_MKC_d8;18300;ASH_COATED_OSMIUM;9924;11;9921;14;;;9930;10;9934;15;;;9927.0;0.0
yf_MKC_d8;18300;INTARIAN_PEPPER_ROOT;12718;16;12716;15;;;12724;9;12727;19;;;12721.0;0.0
yf_MKC_d8;18400;ASH_COATED_OSMIUM;9925;14;9923;14;;;9931;19;9935;17;;;9928.0;0.0
yf_MKC_d8;18400;INTARIAN_PEPPER_ROOT;12716;8;12714;29;;;12723;15;12725;20;;;12719.5;0.0
yf_MKC_d8;18500;ASH_COATED_OSMIUM;9924;17;9921;17;;;9930;13;9934;11;;;9927.0;0.0
yf_MKC_d8;18500;INTARIAN_PEPPER_ROOT;12717;17;12713;23;;;12723;9;12726;24;;;12720.0;0.0
yf_MKC_d8;18600;ASH_COATED_OSMIUM;9925;17;9921;17;;;9931;11;9933;23;;;9928.0;0.0
yf_MKC_d8;18600;INTARIAN_PEPPER_ROOT;12716;18;12713;25;;;12722;5;12726;22;;;12719.0;0.0
yf_MKC_d8;18700;ASH_COATED_OSMIUM;9920;13;9918;19;;;9934;18;9936;16;;;9927.0;0.0
yf_MKC_d8;18700;INTARIAN_PEPPER_ROOT;12709;13;12706;24;;;12726;17;12728;16;;;12717.5;0.0
yf_MKC_d8;18800;ASH_COATED_OSMIUM;9924;19;9922;21;;;9930;10;9933;18;;;9927.0;0.0
yf_MKC_d8;18800;INTARIAN_PEPPER_ROOT;12714;10;12712;22;;;12720;14;12724;19;;;12717.0;0.0
yf_MKC_d8;18900;ASH_COATED_OSMIUM;9924;9;9920;17;;;9930;17;9934;18;;;9927.0;0.0
yf_MKC_d8;18900;INTARIAN_PEPPER_ROOT;12713;24;12711;17;;;12719;16;12722;26;;;12716.0;0.0
yf_MKC_d8;19000;ASH_COATED_OSMIUM;9924;12;9920;31;;;9931;13;9934;26;;;9927.5;0.0
yf_MKC_d8;19000;INTARIAN_PEPPER_ROOT;12713;22;12710;9;;;12719;21;12722;14;;;12716.0;0.0
yf_MKC_d8;19100;ASH_COATED_OSMIUM;9925;17;9921;16;;;9931;14;9935;15;;;9928.0;0.0
yf_MKC_d8;19100;INTARIAN_PEPPER_ROOT;12708;17;12704;28;;;12722;10;12724;14;;;12715.0;0.0
yf_MKC_d8;19200;ASH_COATED_OSMIUM;9924;17;9920;26;;;9930;11;9933;18;;;9927.0;0.0
yf_MKC_d8;19200;INTARIAN_PEPPER_ROOT;12700;14;12697;12;;;12729;17;12732;18;;;12714.5;0.0
yf_MKC_d8;19300;ASH_COATED_OSMIUM;9925;9;9923;13;;;9931;12;9934;22;;;9928.0;0.0
yf_MKC_d8;19300;INTARIAN_PEPPER_ROOT;12710;14;12706;13;;;12717;9;12721;23;;;12713.5;0.0
yf_MKC_d8;19400;ASH_COATED_OSMIUM;9918;11;9916;23;;;9936;17;9938;23;;;9927.0;0.0
yf_MKC_d8;19400;INTARIAN_PEPPER_ROOT;12710;19;12706;22;;;12716;20;12718;16;;;12713.0;0.0
yf_MKC_d8;19500;ASH_COATED_OSMIUM;9924;6;9920;18;;;9930;21;9932;15;;;9927.0;0.0
yf_MKC_d8;19500;INTARIAN_PEPPER_ROOT;12709;13;12707;15;;;12715;16;12719;12;;;12712.0;0.0
yf_MKC_d8;19600;ASH_COATED_OSMIUM;9924;11;9921;20;;;9930;13;9933;21;;;9927.0;0.0
yf_MKC_d8;19600;INTARIAN_PEPPER_ROOT;12705;6;12703;14;;;12716;12;12719;24;;;12710.5;0.0
yf_MKC_d8;19700;ASH_COATED_OSMIUM;9921;19;9919;10;;;9932;12;9936;15;;;9926.5;0.0
yf_MKC_d8;19700;INTARIAN_PEPPER_ROOT;12707;7;12705;15;;;12713;14;12715;14;;;12710.0;0.0
yf_MKC_d8;19800;ASH_COATED_OSMIUM;9924;14;9920;24;;;9930;15;9933;16;;;9927.0;0.0
yf_MKC_d8;19800;INTARIAN_PEPPER_ROOT;12707;11;12704;21;;;12713;15;12715;21;;;12710.0;0.0
yf_MKC_d8;19900;ASH_COATED_OSMIUM;9924;7;9922;28;;;9930;24;9933;8;;;9927.0;0.0
yf_MKC_d8;19900;INTARIAN_PEPPER_ROOT;12702;13;12699;17;;;12717;13;12719;25;;;12709.5;0.0
yf_MKC_d8;20000;ASH_COATED_OSMIUM;9924;16;9920;23;;;9930;11;9932;29;;;9927.0;0.0
yf_MKC_d8;20000;INTARIAN_PEPPER_ROOT;12695;26;12693;22;;;12722;5;12725;23;;;12708.5;0.0
yf_MKC_d8;20100;ASH_COATED_OSMIUM;9924;18;9922;16;;;9930;15;9933;23;;;9927.0;0.0
yf_MKC_d8;20100;INTARIAN_PEPPER_ROOT;12705;18;12703;17;;;12711;8;12715;19;;;12708.0;0.0
yf_MKC_d8;20200;ASH_COATED_OSMIUM;9921;19;9918;21;;;9933;12;9937;22;;;9927.0;0.0
yf_MKC_d8;20200;INTARIAN_PEPPER_ROOT;12703;11;12700;18;;;12711;15;12714;21;;;12707.0;0.0
yf_MKC_d8;20300;ASH_COATED_OSMIUM;9924;21;9920;28;;;9931;16;9934;16;;;9927.5;0.0
yf_MKC_d8;20300;INTARIAN_PEPPER_ROOT;12697;17;12693;23;;;12715;13;12719;16;;;12706.0;0.0
yf_MKC_d8;20400;ASH_COATED_OSMIUM;9924;13;9922;8;;;9930;17;9934;18;;;9927.0;0.0
yf_MKC_d8;20400;INTARIAN_PEPPER_ROOT;12698;19;12694;21;;;12711;18;12713;23;;;12704.5;0.0
yf_MKC_d8;20500;ASH_COATED_OSMIUM;9924;13;9921;22;;;9932;18;9936;24;;;9928.0;0.0
yf_MKC_d8;20500;INTARIAN_PEPPER_ROOT;12701;14;12699;18;;;12707;19;12710;25;;;12704.0;0.0
yf_MKC_d8;20600;ASH_COATED_OSMIUM;9924;17;9922;14;;;9930;10;9934;10;;;9927.0;0.0
yf_MKC_d8;20600;INTARIAN_PEPPER_ROOT;12701;11;12699;26;;;12707;6;12711;14;;;12704.0;0.0
yf_MKC_d8;20700;ASH_COATED_OSMIUM;9925;14;9923;14;;;9931;10;9934;23;;;9928.0;0.0
yf_MKC_d8;20700;INTARIAN_PEPPER_ROOT;12700;18;12698;20;;;12706;16;12709;12;;;12703.0;0.0
yf_MKC_d8;20800;ASH_COATED_OSMIUM;9925;19;9922;18;;;9931;23;9935;15;;;9928.0;0.0
yf_MKC_d8;20800;INTARIAN_PEPPER_ROOT;12699;19;12696;26;;;12705;7;12708;29;;;12702.0;0.0
yf_MKC_d8;20900;ASH_COATED_OSMIUM;9924;19;9921;22;;;9930;10;9932;15;;;9927.0;0.0
yf_MKC_d8;20900;INTARIAN_PEPPER_ROOT;12698;20;12694;19;;;12704;26;12706;19;;;12701.0;0.0
yf_MKC_d8;21000;ASH_COATED_OSMIUM;9925;11;9921;28;;;9931;18;9934;18;;;9928.0;0.0
yf_MKC_d8;21000;INTARIAN_PEPPER_ROOT;12698;5;12694;17;;;12704;19;12707;20;;;12701.0;0.0
yf_MKC_d8;21100;ASH_COATED_OSMIUM;9924;12;9922;9;;;9930;18;9932;20;;;9927.0;0.0
yf_MKC_d8;21100;INTARIAN_PEPPER_ROOT;12697;10;12694;22;;;12703;14;12707;21;;;12700.0;0.0
yf_MKC_d8;21200;ASH_COATED_OSMIUM;9925;18;9922;25;;;9931;5;9935;8;;;9928.0;0.0
yf_MKC_d8;21200;INTARIAN_PEPPER_ROOT;12690;16;12686;20;;;12708;19;12710;18;;;12699.0;0.0
yf_MKC_d8;21300;ASH_COATED_OSMIUM;9917;22;9915;24;;;9936;19;9938;23;;;9926.5;0.0
yf_MKC_d8;21300;INTARIAN_PEPPER_ROOT;12695;11;12692;17;;;12701;10;12703;19;;;12698.0;0.0
yf_MKC_d8;21400;ASH_COATED_OSMIUM;9922;13;9918;19;;;9932;14;9934;18;;;9927.0;0.0
yf_MKC_d8;21400;INTARIAN_PEPPER_ROOT;12694;14;12692;15;;;12700;16;12704;22;;;12697.0;0.0
yf_MKC_d8;21500;ASH_COATED_OSMIUM;9919;16;9915;18;;;9936;14;9940;12;;;9927.5;0.0
yf_MKC_d8;21500;INTARIAN_PEPPER_ROOT;12690;19;12688;15;;;12702;10;12704;19;;;12696.0;0.0
yf_MKC_d8;21600;ASH_COATED_OSMIUM;9925;11;9922;17;;;9931;6;9933;15;;;9928.0;0.0
yf_MKC_d8;21600;INTARIAN_PEPPER_ROOT;12688;6;12684;21;;;12704;5;12706;19;;;12696.0;0.0
yf_MKC_d8;21700;ASH_COATED_OSMIUM;9924;19;9920;32;;;9930;15;9934;15;;;9927.0;0.0
yf_MKC_d8;21700;INTARIAN_PEPPER_ROOT;12692;11;12690;29;;;12698;20;12701;28;;;12695.0;0.0
yf_MKC_d8;21800;ASH_COATED_OSMIUM;9925;15;9923;26;;;9931;16;9934;20;;;9928.0;0.0
yf_MKC_d8;21800;INTARIAN_PEPPER_ROOT;12688;11;12684;14;;;12702;12;12704;11;;;12695.0;0.0
yf_MKC_d8;21900;ASH_COATED_OSMIUM;9923;20;9921;20;;;9931;14;9934;17;;;9927.0;0.0
yf_MKC_d8;21900;INTARIAN_PEPPER_ROOT;12690;19;12686;22;;;12697;12;12701;11;;;12693.5;0.0
yf_MKC_d8;22000;ASH_COATED_OSMIUM;9924;13;9922;18;;;9933;8;9935;18;;;9928.5;0.0
yf_MKC_d8;22000;INTARIAN_PEPPER_ROOT;12690;12;12688;15;;;12696;12;12700;17;;;12693.0;0.0
yf_MKC_d8;22100;ASH_COATED_OSMIUM;9916;18;9912;19;;;9938;9;9940;21;;;9927.0;0.0
yf_MKC_d8;22100;INTARIAN_PEPPER_ROOT;12679;9;12677;22;;;12706;13;12709;19;;;12692.5;0.0
yf_MKC_d8;22200;ASH_COATED_OSMIUM;9925;5;9921;23;;;9931;12;9933;22;;;9928.0;0.0
yf_MKC_d8;22200;INTARIAN_PEPPER_ROOT;12689;15;12685;23;;;12696;22;12698;16;;;12692.5;0.0
yf_MKC_d8;22300;ASH_COATED_OSMIUM;9925;10;9921;18;;;9931;26;9935;27;;;9928.0;0.0
yf_MKC_d8;22300;INTARIAN_PEPPER_ROOT;12689;15;12687;21;;;12695;19;12697;20;;;12692.0;0.0
yf_MKC_d8;22400;ASH_COATED_OSMIUM;9924;12;9922;24;;;9930;12;9934;15;;;9927.0;0.0
yf_MKC_d8;22400;INTARIAN_PEPPER_ROOT;12686;13;12683;16;;;12696;17;12698;19;;;12691.0;0.0
yf_MKC_d8;22500;ASH_COATED_OSMIUM;9924;26;9920;20;;;9930;14;9932;27;;;9927.0;0.0
yf_MKC_d8;22500;INTARIAN_PEPPER_ROOT;12684;22;12680;21;;;12695;28;12697;8;;;12689.5;0.0
yf_MKC_d8;22600;ASH_COATED_OSMIUM;9922;16;9918;20;;;9933;22;9937;26;;;9927.5;0.0
yf_MKC_d8;22600;INTARIAN_PEPPER_ROOT;12682;13;12679;19;;;12695;10;12697;16;;;12688.5;0.0
yf_MKC_d8;22700;ASH_COATED_OSMIUM;9925;14;9923;20;;;9931;22;9933;16;;;9928.0;0.0
yf_MKC_d8;22700;INTARIAN_PEPPER_ROOT;12683;12;12681;20;;;12692;13;12696;20;;;12687.5;0.0
yf_MKC_d8;22800;ASH_COATED_OSMIUM;9924;21;9920;16;;;9930;13;9933;15;;;9927.0;0.0
yf_MKC_d8;22800;INTARIAN_PEPPER_ROOT;12684;10;12681;17;;;12690;16;12694;20;;;12687.0;0.0
yf_MKC_d8;22900;ASH_COATED_OSMIUM;9925;17;9923;23;;;9931;8;9935;22;;;9928.0;0.0
yf_MKC_d8;22900;INTARIAN_PEPPER_ROOT;12684;16;12682;24;;;12690;5;12694;14;;;12687.0;0.0
yf_MKC_d8;23000;ASH_COATED_OSMIUM;9924;16;9921;22;;;9930;5;9934;15;;;9927.0;0.0
yf_MKC_d8;23000;INTARIAN_PEPPER_ROOT;12683;9;12681;23;;;12689;15;12693;20;;;12686.0;0.0
yf_MKC_d8;23100;ASH_COATED_OSMIUM;9924;7;9921;22;;;9930;12;9933;24;;;9927.0;0.0
yf_MKC_d8;23100;INTARIAN_PEPPER_ROOT;12682;13;12680;26;;;12688;11;12690;19;;;12685.0;0.0
yf_MKC_d8;23200;ASH_COATED_OSMIUM;9924;18;9921;27;;;9932;6;9936;17;;;9928.0;0.0
yf_MKC_d8;23200;INTARIAN_PEPPER_ROOT;12682;14;12678;21;;;12688;20;12692;17;;;12685.0;0.0
yf_MKC_d8;23300;ASH_COATED_OSMIUM;9925;22;9921;17;;;9931;13;9935;16;;;9928.0;0.0
yf_MKC_d8;23300;INTARIAN_PEPPER_ROOT;12674;18;12671;21;;;12693;23;12697;18;;;12683.5;0.0
yf_MKC_d8;23400;ASH_COATED_OSMIUM;9925;11;9921;16;;;9931;7;9933;29;;;9928.0;0.0
yf_MKC_d8;23400;INTARIAN_PEPPER_ROOT;12678;22;12675;14;;;12687;14;12689;18;;;12682.5;0.0
yf_MKC_d8;23500;ASH_COATED_OSMIUM;9923;13;9920;24;;;9932;18;9934;20;;;9927.5;0.0
yf_MKC_d8;23500;INTARIAN_PEPPER_ROOT;12679;15;12675;26;;;12685;19;12688;20;;;12682.0;0.0
yf_MKC_d8;23600;ASH_COATED_OSMIUM;9915;21;9913;26;;;9939;16;9943;16;;;9927.0;0.0
yf_MKC_d8;23600;INTARIAN_PEPPER_ROOT;12678;17;12674;24;;;12684;12;12688;17;;;12681.0;0.0
yf_MKC_d8;23700;ASH_COATED_OSMIUM;9920;14;9918;19;;;9935;11;9938;21;;;9927.5;0.0
yf_MKC_d8;23700;INTARIAN_PEPPER_ROOT;12677;6;12674;16;;;12683;23;12685;18;;;12680.0;0.0
yf_MKC_d8;23800;ASH_COATED_OSMIUM;9924;13;9921;21;;;9931;15;9933;8;;;9927.5;0.0
yf_MKC_d8;23800;INTARIAN_PEPPER_ROOT;12675;6;12673;23;;;12684;11;12687;24;;;12679.5;0.0
yf_MKC_d8;23900;ASH_COATED_OSMIUM;9921;10;9918;12;;;9934;18;9937;23;;;9927.5;0.0
yf_MKC_d8;23900;INTARIAN_PEPPER_ROOT;12673;15;12669;8;;;12685;13;12689;15;;;12679.0;0.0
yf_MKC_d8;24000;ASH_COATED_OSMIUM;9925;9;9923;27;;;9931;16;9934;16;;;9928.0;0.0
yf_MKC_d8;24000;INTARIAN_PEPPER_ROOT;12674;13;12671;28;;;12684;17;12686;14;;;12679.0;0.0
yf_MKC_d8;24100;ASH_COATED_OSMIUM;9923;16;9920;23;;;9931;22;9934;17;;;9927.0;0.0
yf_MKC_d8;24100;INTARIAN_PEPPER_ROOT;12675;14;12671;19;;;12681;16;12684;12;;;12678.0;0.0
yf_MKC_d8;24200;ASH_COATED_OSMIUM;9925;9;9921;8;;;9931;8;9935;13;;;9928.0;0.0
yf_MKC_d8;24200;INTARIAN_PEPPER_ROOT;12674;16;12672;12;;;12680;16;12684;19;;;12677.0;0.0
yf_MKC_d8;24300;ASH_COATED_OSMIUM;9924;14;9921;22;;;9930;7;9932;8;;;9927.0;0.0
yf_MKC_d8;24300;INTARIAN_PEPPER_ROOT;12673;15;12669;17;;;12679;20;12683;21;;;12676.0;0.0
yf_MKC_d8;24400;ASH_COATED_OSMIUM;9921;10;9917;24;;;9935;23;9939;17;;;9928.0;0.0
yf_MKC_d8;24400;INTARIAN_PEPPER_ROOT;12672;15;12668;20;;;12678;5;12682;21;;;12675.0;0.0
yf_MKC_d8;24500;ASH_COATED_OSMIUM;9924;14;9921;21;;;9930;17;9934;11;;;9927.0;0.0
yf_MKC_d8;24500;INTARIAN_PEPPER_ROOT;12665;12;12662;22;;;12685;9;12687;14;;;12675.0;0.0
yf_MKC_d8;24600;ASH_COATED_OSMIUM;9925;13;9922;23;;;9931;11;9934;13;;;9928.0;0.0
yf_MKC_d8;24600;INTARIAN_PEPPER_ROOT;12671;17;12669;20;;;12677;20;12681;20;;;12674.0;0.0
yf_MKC_d8;24700;ASH_COATED_OSMIUM;9921;11;9917;19;;;9934;14;9938;22;;;9927.5;0.0
yf_MKC_d8;24700;INTARIAN_PEPPER_ROOT;12668;17;12665;21;;;12678;13;12682;20;;;12673.0;0.0
yf_MKC_d8;24800;ASH_COATED_OSMIUM;9916;27;9914;22;;;9937;14;9939;16;;;9926.5;0.0
yf_MKC_d8;24800;INTARIAN_PEPPER_ROOT;12669;17;12665;25;;;12675;19;12679;22;;;12672.0;0.0
yf_MKC_d8;24900;ASH_COATED_OSMIUM;9925;24;9922;18;;;9931;6;9934;11;;;9928.0;0.0
yf_MKC_d8;24900;INTARIAN_PEPPER_ROOT;12668;21;12666;15;;;12677;15;12680;9;;;12672.5;0.0
yf_MKC_d8;25000;ASH_COATED_OSMIUM;9925;5;9923;15;;;9931;12;9934;19;;;9928.0;0.0
yf_MKC_d8;25000;INTARIAN_PEPPER_ROOT;12669;6;12667;25;;;12675;19;12678;13;;;12672.0;0.0
yf_MKC_d8;25100;ASH_COATED_OSMIUM;9923;21;9919;27;;;9932;6;9934;17;;;9927.5;0.0
yf_MKC_d8;25100;INTARIAN_PEPPER_ROOT;12668;20;12665;13;;;12674;15;12677;17;;;12671.0;0.0
yf_MKC_d8;25200;ASH_COATED_OSMIUM;9924;23;9920;18;;;9931;13;9935;21;;;9927.5;0.0
yf_MKC_d8;25200;INTARIAN_PEPPER_ROOT;12667;18;12664;19;;;12673;15;12677;21;;;12670.0;0.0
yf_MKC_d8;25300;ASH_COATED_OSMIUM;9924;11;9921;28;;;9933;15;9935;18;;;9928.5;0.0
yf_MKC_d8;25300;INTARIAN_PEPPER_ROOT;12666;21;12664;17;;;12672;16;12675;15;;;12669.0;0.0
yf_MKC_d8;25400;ASH_COATED_OSMIUM;9923;14;9921;14;;;9932;24;9936;19;;;9927.5;0.0
yf_MKC_d8;25400;INTARIAN_PEPPER_ROOT;12665;20;12661;13;;;12671;11;12674;22;;;12668.0;0.0
yf_MKC_d8;25500;ASH_COATED_OSMIUM;9919;13;9917;17;;;9937;16;9940;13;;;9928.0;0.0
yf_MKC_d8;25500;INTARIAN_PEPPER_ROOT;12663;13;12661;18;;;12671;21;12674;23;;;12667.0;0.0
yf_MKC_d8;25600;ASH_COATED_OSMIUM;9925;17;9922;8;;;9931;5;9935;19;;;9928.0;0.0
yf_MKC_d8;25600;INTARIAN_PEPPER_ROOT;12663;20;12659;22;;;12669;13;12671;12;;;12666.0;0.0
yf_MKC_d8;25700;ASH_COATED_OSMIUM;9920;10;9917;23;;;9934;9;9936;18;;;9927.0;0.0
yf_MKC_d8;25700;INTARIAN_PEPPER_ROOT;12663;12;12659;15;;;12669;17;12671;24;;;12666.0;0.0
yf_MKC_d8;25800;ASH_COATED_OSMIUM;9925;10;9922;19;;;9931;18;9933;23;;;9928.0;0.0
yf_MKC_d8;25800;INTARIAN_PEPPER_ROOT;12656;16;12654;32;;;12673;16;12677;18;;;12664.5;0.0
yf_MKC_d8;25900;ASH_COATED_OSMIUM;9923;15;9920;17;;;9932;28;9936;11;;;9927.5;0.0
yf_MKC_d8;25900;INTARIAN_PEPPER_ROOT;12661;14;12659;20;;;12667;14;12671;23;;;12664.0;0.0
yf_MKC_d8;26000;ASH_COATED_OSMIUM;9925;19;9922;8;;;9931;19;9933;18;;;9928.0;0.0
yf_MKC_d8;26000;INTARIAN_PEPPER_ROOT;12658;5;12654;32;;;12668;9;12672;17;;;12663.0;0.0
yf_MKC_d8;26100;ASH_COATED_OSMIUM;9923;24;9919;14;;;9933;21;9935;17;;;9928.0;0.0
yf_MKC_d8;26100;INTARIAN_PEPPER_ROOT;12658;20;12656;20;;;12668;14;12670;23;;;12663.0;0.0
yf_MKC_d8;26200;ASH_COATED_OSMIUM;9925;17;9923;11;;;9931;9;9935;17;;;9928.0;0.0
yf_MKC_d8;26200;INTARIAN_PEPPER_ROOT;12659;20;12657;19;;;12665;10;12668;22;;;12662.0;0.0
yf_MKC_d8;26300;ASH_COATED_OSMIUM;9925;17;9921;27;;;9931;12;9935;20;;;9928.0;0.0
yf_MKC_d8;26300;INTARIAN_PEPPER_ROOT;12658;5;12655;30;;;12664;19;12666;15;;;12661.0;0.0
yf_MKC_d8;26400;ASH_COATED_OSMIUM;9925;9;9921;22;;;9931;13;9933;22;;;9928.0;0.0
yf_MKC_d8;26400;INTARIAN_PEPPER_ROOT;12657;18;12653;9;;;12663;13;12666;14;;;12660.0;0.0
yf_MKC_d8;26500;ASH_COATED_OSMIUM;9923;11;9920;26;;;9933;10;9936;24;;;9928.0;0.0
yf_MKC_d8;26500;INTARIAN_PEPPER_ROOT;12657;19;12653;25;;;12663;12;12667;30;;;12660.0;0.0
yf_MKC_d8;26600;ASH_COATED_OSMIUM;9924;19;9920;19;;;9931;19;9933;17;;;9927.5;0.0
yf_MKC_d8;26600;INTARIAN_PEPPER_ROOT;12653;24;12649;23;;;12665;15;12668;11;;;12659.0;0.0
yf_MKC_d8;26700;ASH_COATED_OSMIUM;9919;21;9917;26;;;9937;8;9941;15;;;9928.0;0.0
yf_MKC_d8;26700;INTARIAN_PEPPER_ROOT;12653;18;12651;24;;;12664;15;12668;21;;;12658.5;0.0
yf_MKC_d8;26800;ASH_COATED_OSMIUM;9924;12;9920;14;;;9931;14;9933;21;;;9927.5;0.0
yf_MKC_d8;26800;INTARIAN_PEPPER_ROOT;12653;12;12651;23;;;12663;6;12666;16;;;12658.0;0.0
yf_MKC_d8;26900;ASH_COATED_OSMIUM;9925;16;9922;11;;;9931;21;9935;18;;;9928.0;0.0
yf_MKC_d8;26900;INTARIAN_PEPPER_ROOT;12654;21;12652;20;;;12660;14;12664;24;;;12657.0;0.0
yf_MKC_d8;27000;ASH_COATED_OSMIUM;9925;14;9921;31;;;9931;15;9934;26;;;9928.0;0.0
yf_MKC_d8;27000;INTARIAN_PEPPER_ROOT;12653;12;12651;11;;;12659;14;12661;21;;;12656.0;0.0
yf_MKC_d8;27100;ASH_COATED_OSMIUM;9926;9;9923;23;;;9932;13;9935;24;;;9929.0;0.0
yf_MKC_d8;27100;INTARIAN_PEPPER_ROOT;12648;17;12644;17;;;12662;15;12664;14;;;12655.0;0.0
yf_MKC_d8;27200;ASH_COATED_OSMIUM;9925;16;9922;23;;;9931;19;9934;8;;;9928.0;0.0
yf_MKC_d8;27200;INTARIAN_PEPPER_ROOT;12652;11;12648;23;;;12658;5;12662;26;;;12655.0;0.0
yf_MKC_d8;27300;ASH_COATED_OSMIUM;9924;17;9921;25;;;9931;14;9934;21;;;9927.5;0.0
yf_MKC_d8;27300;INTARIAN_PEPPER_ROOT;12651;8;12649;19;;;12657;17;12660;19;;;12654.0;0.0
yf_MKC_d8;27400;ASH_COATED_OSMIUM;9921;19;9919;15;;;9935;12;9938;21;;;9928.0;0.0
yf_MKC_d8;27400;INTARIAN_PEPPER_ROOT;12650;9;12647;21;;;12656;16;12658;17;;;12653.0;0.0
yf_MKC_d8;27500;ASH_COATED_OSMIUM;9925;9;9921;10;;;9932;15;9934;19;;;9928.5;0.0
yf_MKC_d8;27500;INTARIAN_PEPPER_ROOT;12650;18;12648;19;;;12656;16;12659;20;;;12653.0;0.0
yf_MKC_d8;27600;ASH_COATED_OSMIUM;9924;20;9922;17;;;9933;17;9937;17;;;9928.5;0.0
yf_MKC_d8;27600;INTARIAN_PEPPER_ROOT;12648;16;12645;21;;;12656;13;12660;19;;;12652.0;0.0
yf_MKC_d8;27700;ASH_COATED_OSMIUM;9925;16;9921;8;;;9931;18;9934;19;;;9928.0;0.0
yf_MKC_d8;27700;INTARIAN_PEPPER_ROOT;12648;14;12646;19;;;12654;26;12656;15;;;12651.0;0.0
yf_MKC_d8;27800;ASH_COATED_OSMIUM;9925;14;9922;22;;;9931;13;9933;15;;;9928.0;0.0
yf_MKC_d8;27800;INTARIAN_PEPPER_ROOT;12647;10;12645;16;;;12653;10;12656;16;;;12650.0;0.0
yf_MKC_d8;27900;ASH_COATED_OSMIUM;9923;8;9921;20;;;9932;15;9934;17;;;9927.5;0.0
yf_MKC_d8;27900;INTARIAN_PEPPER_ROOT;12646;12;12644;15;;;12652;17;12655;26;;;12649.0;0.0
yf_MKC_d8;28000;ASH_COATED_OSMIUM;9925;20;9923;16;;;9931;18;9935;25;;;9928.0;0.0
yf_MKC_d8;28000;INTARIAN_PEPPER_ROOT;12643;9;12639;17;;;12654;12;12658;19;;;12648.5;0.0
yf_MKC_d8;28100;ASH_COATED_OSMIUM;9924;25;9921;19;;;9930;12;9932;20;;;9927.0;0.0
yf_MKC_d8;28100;INTARIAN_PEPPER_ROOT;12645;14;12642;24;;;12651;17;12654;26;;;12648.0;0.0
yf_MKC_d8;28200;ASH_COATED_OSMIUM;9925;13;9923;18;;;9931;17;9935;21;;;9928.0;0.0
yf_MKC_d8;28200;INTARIAN_PEPPER_ROOT;12644;19;12641;17;;;12650;14;12652;17;;;12647.0;0.0
yf_MKC_d8;28300;ASH_COATED_OSMIUM;9924;19;9922;9;;;9932;9;9934;21;;;9928.0;0.0
yf_MKC_d8;28300;INTARIAN_PEPPER_ROOT;12643;24;12639;25;;;12650;27;12652;21;;;12646.5;0.0
yf_MKC_d8;28400;ASH_COATED_OSMIUM;9925;16;9921;26;;;9931;15;9934;19;;;9928.0;0.0
yf_MKC_d8;28400;INTARIAN_PEPPER_ROOT;12630;10;12626;8;;;12660;21;12662;19;;;12645.0;0.0
yf_MKC_d8;28500;ASH_COATED_OSMIUM;9925;16;9921;10;;;9931;16;9934;15;;;9928.0;0.0
yf_MKC_d8;28500;INTARIAN_PEPPER_ROOT;12642;20;12640;12;;;12648;14;12651;29;;;12645.0;0.0
yf_MKC_d8;28600;ASH_COATED_OSMIUM;9920;12;9916;24;;;9934;22;9936;19;;;9927.0;0.0
yf_MKC_d8;28600;INTARIAN_PEPPER_ROOT;12641;14;12637;19;;;12647;11;12651;17;;;12644.0;0.0
yf_MKC_d8;28700;ASH_COATED_OSMIUM;9925;17;9921;12;;;9931;16;9935;20;;;9928.0;0.0
yf_MKC_d8;28700;INTARIAN_PEPPER_ROOT;12641;15;12639;20;;;12647;14;12649;20;;;12644.0;0.0
yf_MKC_d8;28800;ASH_COATED_OSMIUM;9924;20;9922;25;;;9930;15;9933;20;;;9927.0;0.0
yf_MKC_d8;28800;INTARIAN_PEPPER_ROOT;12639;19;12636;20;;;12646;13;12650;15;;;12642.5;0.0
yf_MKC_d8;28900;ASH_COATED_OSMIUM;9924;23;9922;19;;;9933;10;9935;25;;;9928.5;0.0
yf_MKC_d8;28900;INTARIAN_PEPPER_ROOT;12639;19;12636;29;;;12645;12;12647;20;;;12642.0;0.0
yf_MKC_d8;29000;ASH_COATED_OSMIUM;9911;15;9907;27;;;9945;7;9947;24;;;9928.0;0.0
yf_MKC_d8;29000;INTARIAN_PEPPER_ROOT;12630;13;12626;22;;;12652;15;12656;19;;;12641.0;0.0
yf_MKC_d8;29100;ASH_COATED_OSMIUM;9924;11;9920;21;;;9933;19;9935;19;;;9928.5;0.0
yf_MKC_d8;29100;INTARIAN_PEPPER_ROOT;12638;13;12636;21;;;12644;7;12646;21;;;12641.0;0.0
yf_MKC_d8;29200;ASH_COATED_OSMIUM;9925;12;9923;15;;;9931;9;9934;23;;;9928.0;0.0
yf_MKC_d8;29200;INTARIAN_PEPPER_ROOT;12635;14;12633;19;;;12643;6;12646;19;;;12639.0;0.0
yf_MKC_d8;29300;ASH_COATED_OSMIUM;9925;19;9923;25;;;9931;11;9934;22;;;9928.0;0.0
yf_MKC_d8;29300;INTARIAN_PEPPER_ROOT;12626;13;12624;16;;;12652;19;12654;21;;;12639.0;0.0
yf_MKC_d8;29400;ASH_COATED_OSMIUM;9925;14;9922;18;;;9931;16;9935;17;;;9928.0;0.0
yf_MKC_d8;29400;INTARIAN_PEPPER_ROOT;12630;22;12626;15;;;12647;11;12650;21;;;12638.5;0.0
yf_MKC_d8;29500;ASH_COATED_OSMIUM;9917;15;9914;27;;;9939;20;9941;21;;;9928.0;0.0
yf_MKC_d8;29500;INTARIAN_PEPPER_ROOT;12629;17;12625;24;;;12645;16;12649;20;;;12637.0;0.0
yf_MKC_d8;29600;ASH_COATED_OSMIUM;9925;8;9921;21;;;9931;12;9934;15;;;9928.0;0.0
yf_MKC_d8;29600;INTARIAN_PEPPER_ROOT;12634;12;12630;21;;;12640;18;12642;18;;;12637.0;0.0
yf_MKC_d8;29700;ASH_COATED_OSMIUM;9925;5;9921;11;;;9931;11;9934;26;;;9928.0;0.0
yf_MKC_d8;29700;INTARIAN_PEPPER_ROOT;12634;15;12632;24;;;12640;9;12642;21;;;12637.0;0.0
yf_MKC_d8;29800;ASH_COATED_OSMIUM;9922;15;9920;9;;;9934;17;9937;12;;;9928.0;0.0
yf_MKC_d8;29800;INTARIAN_PEPPER_ROOT;12627;19;12625;8;;;12643;9;12646;25;;;12635.0;0.0
yf_MKC_d8;29900;ASH_COATED_OSMIUM;9925;14;9923;27;;;9931;13;9934;8;;;9928.0;0.0
yf_MKC_d8;29900;INTARIAN_PEPPER_ROOT;12631;14;12629;22;;;12639;20;12643;31;;;12635.0;0.0
yf_MKC_d8;30000;ASH_COATED_OSMIUM;9923;21;9920;24;;;9934;22;9936;14;;;9928.5;0.0
yf_MKC_d8;30000;INTARIAN_PEPPER_ROOT;12629;19;12626;19;;;12638;9;12641;17;;;12633.5;0.0
yf_MKC_d8;30100;ASH_COATED_OSMIUM;9913;12;9911;26;;;9942;11;9946;17;;;9927.5;0.0
yf_MKC_d8;30100;INTARIAN_PEPPER_ROOT;12630;19;12628;27;;;12636;7;12640;13;;;12633.0;0.0
yf_MKC_d8;30200;ASH_COATED_OSMIUM;9925;15;9922;22;;;9931;28;9935;23;;;9928.0;0.0
yf_MKC_d8;30200;INTARIAN_PEPPER_ROOT;12629;8;12625;22;;;12635;12;12639;13;;;12632.0;0.0
yf_MKC_d8;30300;ASH_COATED_OSMIUM;9903;17;9899;22;;;9952;11;9955;24;;;9927.5;0.0
yf_MKC_d8;30300;INTARIAN_PEPPER_ROOT;12628;18;12624;24;;;12634;17;12637;20;;;12631.0;0.0
yf_MKC_d8;30400;ASH_COATED_OSMIUM;9918;16;9914;9;;;9938;5;9941;24;;;9928.0;0.0
yf_MKC_d8;30400;INTARIAN_PEPPER_ROOT;12628;15;12626;22;;;12634;16;12636;24;;;12631.0;0.0
yf_MKC_d8;30500;ASH_COATED_OSMIUM;9920;10;9917;20;;;9937;12;9940;16;;;9928.5;0.0
yf_MKC_d8;30500;INTARIAN_PEPPER_ROOT;12624;10;12620;20;;;12635;17;12639;12;;;12629.5;0.0
yf_MKC_d8;30600;ASH_COATED_OSMIUM;9925;11;9921;22;;;9931;24;9934;20;;;9928.0;0.0
yf_MKC_d8;30600;INTARIAN_PEPPER_ROOT;12626;15;12624;20;;;12632;15;12635;21;;;12629.0;0.0
yf_MKC_d8;30700;ASH_COATED_OSMIUM;9925;14;9921;23;;;9931;14;9933;13;;;9928.0;0.0
yf_MKC_d8;30700;INTARIAN_PEPPER_ROOT;12625;23;12623;11;;;12631;20;12635;24;;;12628.0;0.0
yf_MKC_d8;30800;ASH_COATED_OSMIUM;9925;16;9922;31;;;9932;21;9935;21;;;9928.5;0.0
yf_MKC_d8;30800;INTARIAN_PEPPER_ROOT;12621;10;12617;10;;;12636;11;12639;18;;;12628.5;0.0
yf_MKC_d8;30900;ASH_COATED_OSMIUM;9925;23;9923;16;;;9931;9;9934;26;;;9928.0;0.0
yf_MKC_d8;30900;INTARIAN_PEPPER_ROOT;12618;9;12616;9;;;12636;19;12638;19;;;12627.0;0.0
yf_MKC_d8;31000;ASH_COATED_OSMIUM;9925;10;9923;18;;;9931;15;9934;21;;;9928.0;0.0
yf_MKC_d8;31000;INTARIAN_PEPPER_ROOT;12624;16;12622;20;;;12630;5;12634;21;;;12627.0;0.0
yf_MKC_d8;31100;ASH_COATED_OSMIUM;9925;18;9921;13;;;9931;19;9935;21;;;9928.0;0.0
yf_MKC_d8;31100;INTARIAN_PEPPER_ROOT;12611;11;12609;21;;;12641;22;12645;17;;;12626.0;0.0
yf_MKC_d8;31200;ASH_COATED_OSMIUM;9925;18;9922;29;;;9931;13;9935;20;;;9928.0;0.0
yf_MKC_d8;31200;INTARIAN_PEPPER_ROOT;12618;10;12616;25;;;12632;6;12634;26;;;12625.0;0.0
yf_MKC_d8;31300;ASH_COATED_OSMIUM;9925;11;9922;23;;;9931;15;9933;21;;;9928.0;0.0
yf_MKC_d8;31300;INTARIAN_PEPPER_ROOT;12621;15;12619;17;;;12627;23;12631;18;;;12624.0;0.0
yf_MKC_d8;31400;ASH_COATED_OSMIUM;9916;10;9912;19;;;9941;18;9944;26;;;9928.5;0.0
yf_MKC_d8;31400;INTARIAN_PEPPER_ROOT;12620;11;12616;14;;;12626;23;12630;8;;;12623.0;0.0
yf_MKC_d8;31500;ASH_COATED_OSMIUM;9924;20;9921;29;;;9933;11;9935;20;;;9928.5;0.0
yf_MKC_d8;31500;INTARIAN_PEPPER_ROOT;12614;14;12610;17;;;12631;11;12635;21;;;12622.5;0.0
yf_MKC_d8;31600;ASH_COATED_OSMIUM;9922;20;9919;25;;;9933;18;9935;22;;;9927.5;0.0
yf_MKC_d8;31600;INTARIAN_PEPPER_ROOT;12619;22;12615;17;;;12625;15;12627;23;;;12622.0;0.0
yf_MKC_d8;31700;ASH_COATED_OSMIUM;9925;12;9921;25;;;9931;15;9934;15;;;9928.0;0.0
yf_MKC_d8;31700;INTARIAN_PEPPER_ROOT;12617;17;12615;17;;;12627;23;12630;25;;;12622.0;0.0
yf_MKC_d8;31800;ASH_COATED_OSMIUM;9920;5;9917;17;;;9937;14;9940;18;;;9928.5;0.0
yf_MKC_d8;31800;INTARIAN_PEPPER_ROOT;12612;19;12610;26;;;12629;7;12631;29;;;12620.5;0.0
yf_MKC_d8;31900;ASH_COATED_OSMIUM;9923;21;9919;24;;;9933;15;9935;15;;;9928.0;0.0
yf_MKC_d8;31900;INTARIAN_PEPPER_ROOT;12614;20;12610;16;;;12627;13;12630;25;;;12620.5;0.0
yf_MKC_d8;32000;ASH_COATED_OSMIUM;9925;9;9923;16;;;9931;18;9933;19;;;9928.0;0.0
yf_MKC_d8;32000;INTARIAN_PEPPER_ROOT;12616;17;12613;22;;;12622;13;12626;22;;;12619.0;0.0
yf_MKC_d8;32100;ASH_COATED_OSMIUM;9923;11;9920;19;;;9933;13;9937;23;;;9928.0;0.0
yf_MKC_d8;32100;INTARIAN_PEPPER_ROOT;12615;11;12613;8;;;12621;19;12625;23;;;12618.0;0.0
yf_MKC_d8;32200;ASH_COATED_OSMIUM;9917;16;9913;19;;;9939;12;9941;12;;;9928.0;0.0
yf_MKC_d8;32200;INTARIAN_PEPPER_ROOT;12613;20;12611;16;;;12622;9;12626;23;;;12617.5;0.0
yf_MKC_d8;32300;ASH_COATED_OSMIUM;9925;11;9923;21;;;9931;16;9934;19;;;9928.0;0.0
yf_MKC_d8;32300;INTARIAN_PEPPER_ROOT;12614;13;12610;17;;;12620;12;12623;10;;;12617.0;0.0
yf_MKC_d8;32400;ASH_COATED_OSMIUM;9925;14;9923;22;;;9932;12;9936;23;;;9928.5;0.0
yf_MKC_d8;32400;INTARIAN_PEPPER_ROOT;12612;16;12608;27;;;12619;11;12622;25;;;12615.5;0.0
yf_MKC_d8;32500;ASH_COATED_OSMIUM;9925;9;9921;31;;;9931;8;9933;14;;;9928.0;0.0
yf_MKC_d8;32500;INTARIAN_PEPPER_ROOT;12611;13;12608;21;;;12620;13;12623;30;;;12615.5;0.0
yf_MKC_d8;32600;ASH_COATED_OSMIUM;9925;13;9921;19;;;9931;10;9934;10;;;9928.0;0.0
yf_MKC_d8;32600;INTARIAN_PEPPER_ROOT;12611;15;12608;25;;;12617;15;12619;19;;;12614.0;0.0
yf_MKC_d8;32700;ASH_COATED_OSMIUM;9921;20;9919;23;;;9934;12;9937;19;;;9927.5;0.0
yf_MKC_d8;32700;INTARIAN_PEPPER_ROOT;12611;19;12608;21;;;12617;18;12620;20;;;12614.0;0.0
yf_MKC_d8;32800;ASH_COATED_OSMIUM;9915;20;9912;20;;;9941;10;9944;15;;;9928.0;0.0
yf_MKC_d8;32800;INTARIAN_PEPPER_ROOT;12609;9;12607;32;;;12617;7;12621;12;;;12613.0;0.0
yf_MKC_d8;32900;ASH_COATED_OSMIUM;9925;10;9922;14;;;9932;18;9936;12;;;9928.5;0.0
yf_MKC_d8;32900;INTARIAN_PEPPER_ROOT;12600;10;12597;27;;;12623;13;12625;15;;;12611.5;0.0
yf_MKC_d8;33000;ASH_COATED_OSMIUM;9925;25;9923;22;;;9932;9;9934;25;;;9928.5;0.0
yf_MKC_d8;33000;INTARIAN_PEPPER_ROOT;12605;20;12601;25;;;12616;14;12619;23;;;12610.5;0.0
yf_MKC_d8;33100;ASH_COATED_OSMIUM;9918;17;9915;13;;;9938;5;9942;14;;;9928.0;0.0
yf_MKC_d8;33100;INTARIAN_PEPPER_ROOT;12608;14;12605;24;;;12614;11;12617;12;;;12611.0;0.0
yf_MKC_d8;33200;ASH_COATED_OSMIUM;9926;16;9922;27;;;9932;15;9934;21;;;9929.0;0.0
yf_MKC_d8;33200;INTARIAN_PEPPER_ROOT;12602;15;12600;33;;;12618;12;12620;19;;;12610.0;0.0
yf_MKC_d8;33300;ASH_COATED_OSMIUM;9925;28;9922;24;;;9931;16;9934;23;;;9928.0;0.0
yf_MKC_d8;33300;INTARIAN_PEPPER_ROOT;12605;13;12603;15;;;12614;5;12618;18;;;12609.5;0.0
yf_MKC_d8;33400;ASH_COATED_OSMIUM;9917;10;9913;17;;;9939;14;9942;26;;;9928.0;0.0
yf_MKC_d8;33400;INTARIAN_PEPPER_ROOT;12605;13;12601;27;;;12612;19;12614;23;;;12608.5;0.0
yf_MKC_d8;33500;ASH_COATED_OSMIUM;9923;19;9919;23;;;9933;13;9937;15;;;9928.0;0.0
yf_MKC_d8;33500;INTARIAN_PEPPER_ROOT;12604;16;12600;20;;;12612;9;12616;19;;;12608.0;0.0
yf_MKC_d8;33600;ASH_COATED_OSMIUM;9923;21;9921;15;;;9933;5;9936;14;;;9928.0;0.0
yf_MKC_d8;33600;INTARIAN_PEPPER_ROOT;12603;9;12601;18;;;12612;12;12614;19;;;12607.5;0.0
yf_MKC_d8;33700;ASH_COATED_OSMIUM;9925;18;9922;18;;;9932;22;9936;23;;;9928.5;0.0
yf_MKC_d8;33700;INTARIAN_PEPPER_ROOT;12600;7;12598;13;;;12612;12;12616;11;;;12606.0;0.0
yf_MKC_d8;33800;ASH_COATED_OSMIUM;9925;15;9923;20;;;9931;13;9934;13;;;9928.0;0.0
yf_MKC_d8;33800;INTARIAN_PEPPER_ROOT;12602;17;12599;16;;;12608;12;12612;17;;;12605.0;0.0
yf_MKC_d8;33900;ASH_COATED_OSMIUM;9924;13;9921;18;;;9934;16;9938;23;;;9929.0;0.0
yf_MKC_d8;33900;INTARIAN_PEPPER_ROOT;12601;20;12598;22;;;12608;11;12612;20;;;12604.5;0.0
yf_MKC_d8;34000;ASH_COATED_OSMIUM;9925;8;9921;25;;;9932;13;9935;31;;;9928.5;0.0
yf_MKC_d8;34000;INTARIAN_PEPPER_ROOT;12594;14;12590;19;;;12601;17;12603;16;;;12597.5;0.0
yf_MKC_d8;34100;ASH_COATED_OSMIUM;9921;17;9919;22;;;9936;16;9940;22;;;9928.5;0.0
yf_MKC_d8;34100;INTARIAN_PEPPER_ROOT;12587;6;12584;30;;;12593;22;12596;23;;;12590.0;0.0
yf_MKC_d8;34200;ASH_COATED_OSMIUM;9917;15;9915;23;;;9938;14;9940;24;;;9927.5;0.0
yf_MKC_d8;34200;INTARIAN_PEPPER_ROOT;12580;14;12577;15;;;12586;19;12589;27;;;12583.0;0.0
yf_MKC_d8;34300;ASH_COATED_OSMIUM;9925;14;9922;19;;;9931;8;9935;20;;;9928.0;0.0
yf_MKC_d8;34300;INTARIAN_PEPPER_ROOT;12559;14;12557;17;;;12592;21;12596;26;;;12575.5;0.0
yf_MKC_d8;34400;ASH_COATED_OSMIUM;9925;16;9921;29;;;9931;15;9934;8;;;9928.0;0.0
yf_MKC_d8;34400;INTARIAN_PEPPER_ROOT;12565;9;12562;19;;;12571;20;12573;25;;;12568.0;0.0
yf_MKC_d8;34500;ASH_COATED_OSMIUM;9925;18;9922;19;;;9931;10;9935;16;;;9928.0;0.0
yf_MKC_d8;34500;INTARIAN_PEPPER_ROOT;12558;17;12556;24;;;12564;14;12568;17;;;12561.0;0.0
yf_MKC_d8;34600;ASH_COATED_OSMIUM;9921;19;9918;23;;;9936;17;9939;19;;;9928.5;0.0
yf_MKC_d8;34600;INTARIAN_PEPPER_ROOT;12551;20;12549;17;;;12557;16;12560;10;;;12554.0;0.0
yf_MKC_d8;34700;ASH_COATED_OSMIUM;9921;5;9917;16;;;9934;16;9938;16;;;9927.5;0.0
yf_MKC_d8;34700;INTARIAN_PEPPER_ROOT;12542;24;12538;13;;;12552;12;12555;16;;;12547.0;0.0
yf_MKC_d8;34800;ASH_COATED_OSMIUM;9925;15;9921;13;;;9931;17;9933;23;;;9928.0;0.0
yf_MKC_d8;34800;INTARIAN_PEPPER_ROOT;12536;15;12534;15;;;12542;11;12544;24;;;12539.0;0.0
yf_MKC_d8;34900;ASH_COATED_OSMIUM;9925;15;9923;19;;;9931;16;9933;11;;;9928.0;0.0
yf_MKC_d8;34900;INTARIAN_PEPPER_ROOT;12529;14;12525;21;;;12535;26;12538;21;;;12532.0;0.0
yf_MKC_d8;35000;ASH_COATED_OSMIUM;9925;19;9923;18;;;9931;9;9934;18;;;9928.0;0.0
yf_MKC_d8;35000;INTARIAN_PEPPER_ROOT;12519;13;12517;15;;;12531;12;12534;25;;;12525.0;0.0
yf_MKC_d8;35100;ASH_COATED_OSMIUM;9925;17;9922;20;;;9931;11;9935;25;;;9928.0;0.0
yf_MKC_d8;35100;INTARIAN_PEPPER_ROOT;12515;13;12513;8;;;12521;12;12525;15;;;12518.0;0.0
yf_MKC_d8;35200;ASH_COATED_OSMIUM;9925;12;9923;14;;;9931;15;9935;19;;;9928.0;0.0
yf_MKC_d8;35200;INTARIAN_PEPPER_ROOT;12507;5;12504;19;;;12513;17;12517;15;;;12510.0;0.0
yf_MKC_d8;35300;ASH_COATED_OSMIUM;9923;17;9920;9;;;9934;7;9938;12;;;9928.5;0.0
yf_MKC_d8;35300;INTARIAN_PEPPER_ROOT;12500;16;12497;14;;;12506;13;12508;29;;;12503.0;0.0
yf_MKC_d8;35400;ASH_COATED_OSMIUM;9925;17;9922;14;;;9931;9;9933;24;;;9928.0;0.0
yf_MKC_d8;35400;INTARIAN_PEPPER_ROOT;12493;18;12490;19;;;12499;12;12501;22;;;12496.0;0.0
yf_MKC_d8;35500;ASH_COATED_OSMIUM;9925;15;9922;25;;;9931;20;9934;23;;;9928.0;0.0
yf_MKC_d8;35500;INTARIAN_PEPPER_ROOT;12475;13;12473;19;;;12503;17;12507;23;;;12489.0;0.0
yf_MKC_d8;35600;ASH_COATED_OSMIUM;9925;25;9922;21;;;9931;24;9934;20;;;9928.0;0.0
yf_MKC_d8;35600;INTARIAN_PEPPER_ROOT;12474;21;12471;19;;;12489;19;12491;19;;;12481.5;0.0
yf_MKC_d8;35700;ASH_COATED_OSMIUM;9920;25;9917;18;;;9937;16;9940;23;;;9928.5;0.0
yf_MKC_d8;35700;INTARIAN_PEPPER_ROOT;12471;15;12467;21;;;12477;19;12481;18;;;12474.0;0.0
yf_MKC_d8;35800;ASH_COATED_OSMIUM;9925;11;9922;20;;;9931;18;9935;23;;;9928.0;0.0
yf_MKC_d8;35800;INTARIAN_PEPPER_ROOT;12460;17;12457;23;;;12475;17;12477;18;;;12467.5;0.0
yf_MKC_d8;35900;ASH_COATED_OSMIUM;9920;15;9917;19;;;9935;14;9937;20;;;9927.5;0.0
yf_MKC_d8;35900;INTARIAN_PEPPER_ROOT;12455;14;12452;26;;;12464;17;12466;25;;;12459.5;0.0
yf_MKC_d8;36000;ASH_COATED_OSMIUM;9925;19;9922;18;;;9931;21;9934;19;;;9928.0;0.0
yf_MKC_d8;36000;INTARIAN_PEPPER_ROOT;12448;22;12444;19;;;12457;17;12459;26;;;12452.5;0.0
yf_MKC_d8;36100;ASH_COATED_OSMIUM;9925;10;9923;18;;;9931;6;9935;18;;;9928.0;0.0
yf_MKC_d8;36100;INTARIAN_PEPPER_ROOT;12442;8;12440;21;;;12450;9;12454;18;;;12446.0;0.0
yf_MKC_d8;36200;ASH_COATED_OSMIUM;9921;15;9917;24;;;9935;7;9938;25;;;9928.0;0.0
yf_MKC_d8;36200;INTARIAN_PEPPER_ROOT;12433;13;12430;11;;;12443;10;12445;19;;;12438.0;0.0
yf_MKC_d8;36300;ASH_COATED_OSMIUM;9915;19;9911;18;;;9940;7;9942;15;;;9927.5;0.0
yf_MKC_d8;36300;INTARIAN_PEPPER_ROOT;12428;14;12425;16;;;12434;20;12436;20;;;12431.0;0.0
yf_MKC_d8;36400;ASH_COATED_OSMIUM;9925;12;9923;19;;;9931;12;9935;15;;;9928.0;0.0
yf_MKC_d8;36400;INTARIAN_PEPPER_ROOT;12419;22;12417;26;;;12428;18;12431;27;;;12423.5;0.0
yf_MKC_d8;36500;ASH_COATED_OSMIUM;9921;18;9918;23;;;9935;20;9939;13;;;9928.0;0.0
yf_MKC_d8;36500;INTARIAN_PEPPER_ROOT;12413;6;12409;8;;;12419;9;12422;19;;;12416.0;0.0
yf_MKC_d8;36600;ASH_COATED_OSMIUM;9918;20;9914;24;;;9938;18;9941;14;;;9928.0;0.0
yf_MKC_d8;36600;INTARIAN_PEPPER_ROOT;12406;10;12404;16;;;12412;16;12414;15;;;12409.0;0.0
yf_MKC_d8;36700;ASH_COATED_OSMIUM;9923;11;9919;16;;;9932;12;9936;13;;;9927.5;0.0
yf_MKC_d8;36700;INTARIAN_PEPPER_ROOT;12399;17;12396;17;;;12405;19;12408;19;;;12402.0;0.0
yf_MKC_d8;36800;ASH_COATED_OSMIUM;9924;26;9922;10;;;9930;8;9932;13;;;9927.0;0.0
yf_MKC_d8;36800;INTARIAN_PEPPER_ROOT;12392;16;12390;22;;;12398;11;12401;24;;;12395.0;0.0
yf_MKC_d8;36900;ASH_COATED_OSMIUM;9925;11;9923;12;;;9931;11;9935;16;;;9928.0;0.0
yf_MKC_d8;36900;INTARIAN_PEPPER_ROOT;12385;20;12381;14;;;12391;19;12394;28;;;12388.0;0.0
yf_MKC_d8;37000;ASH_COATED_OSMIUM;9925;17;9921;22;;;9931;5;9935;18;;;9928.0;0.0
yf_MKC_d8;37000;INTARIAN_PEPPER_ROOT;12372;12;12368;8;;;12387;20;12390;22;;;12379.5;0.0
yf_MKC_d8;37100;ASH_COATED_OSMIUM;9925;8;9922;24;;;9931;12;9934;21;;;9928.0;0.0
yf_MKC_d8;37100;INTARIAN_PEPPER_ROOT;12370;5;12366;19;;;12376;26;12379;14;;;12373.0;0.0
yf_MKC_d8;37200;ASH_COATED_OSMIUM;9925;13;9923;21;;;9931;7;9933;19;;;9928.0;0.0
yf_MKC_d8;37200;INTARIAN_PEPPER_ROOT;12363;9;12359;22;;;12369;11;12371;16;;;12366.0;0.0
yf_MKC_d8;37300;ASH_COATED_OSMIUM;9921;17;9919;10;;;9935;14;9939;19;;;9928.0;0.0
yf_MKC_d8;37300;INTARIAN_PEPPER_ROOT;12354;14;12352;30;;;12362;22;12366;16;;;12358.0;0.0
yf_MKC_d8;37400;ASH_COATED_OSMIUM;9924;9;9920;9;;;9930;14;9934;20;;;9927.0;0.0
yf_MKC_d8;37400;INTARIAN_PEPPER_ROOT;12348;16;12345;19;;;12354;20;12357;24;;;12351.0;0.0
yf_MKC_d8;37500;ASH_COATED_OSMIUM;9922;16;9918;27;;;9933;18;9936;9;;;9927.5;0.0
yf_MKC_d8;37500;INTARIAN_PEPPER_ROOT;12341;13;12338;13;;;12347;17;12350;27;;;12344.0;0.0
yf_MKC_d8;37600;ASH_COATED_OSMIUM;9916;6;9913;24;;;9938;19;9941;23;;;9927.0;0.0
yf_MKC_d8;37600;INTARIAN_PEPPER_ROOT;12334;16;12332;14;;;12340;7;12344;19;;;12337.0;0.0
yf_MKC_d8;37700;ASH_COATED_OSMIUM;9925;13;9923;20;;;9931;18;9934;24;;;9928.0;0.0
yf_MKC_d8;37700;INTARIAN_PEPPER_ROOT;12327;15;12323;22;;;12333;15;12335;20;;;12330.0;0.0
yf_MKC_d8;37800;ASH_COATED_OSMIUM;9925;12;9922;16;;;9931;17;9933;18;;;9928.0;0.0
yf_MKC_d8;37800;INTARIAN_PEPPER_ROOT;12319;5;12317;30;;;12325;18;12327;20;;;12322.0;0.0
yf_MKC_d8;37900;ASH_COATED_OSMIUM;9924;16;9920;16;;;9930;16;9932;26;;;9927.0;0.0
yf_MKC_d8;37900;INTARIAN_PEPPER_ROOT;12312;11;12309;20;;;12318;7;12321;18;;;12315.0;0.0
yf_MKC_d8;38000;ASH_COATED_OSMIUM;9924;7;9922;19;;;9930;8;9933;11;;;9927.0;0.0
yf_MKC_d8;38000;INTARIAN_PEPPER_ROOT;12301;11;12298;24;;;12315;12;12319;19;;;12308.0;0.0
yf_MKC_d8;38100;ASH_COATED_OSMIUM;9921;20;9918;24;;;9935;9;9938;31;;;9928.0;0.0
yf_MKC_d8;38100;INTARIAN_PEPPER_ROOT;12297;17;12293;23;;;12304;9;12307;27;;;12300.5;0.0
yf_MKC_d8;38200;ASH_COATED_OSMIUM;9920;23;9918;18;;;9936;15;9939;19;;;9928.0;0.0
yf_MKC_d8;38200;INTARIAN_PEPPER_ROOT;12290;15;12287;20;;;12296;13;12298;21;;;12293.0;0.0
yf_MKC_d8;38300;ASH_COATED_OSMIUM;9924;12;9920;24;;;9930;10;9933;19;;;9927.0;0.0
yf_MKC_d8;38300;INTARIAN_PEPPER_ROOT;12277;15;12273;22;;;12296;10;12298;18;;;12286.5;0.0
yf_MKC_d8;38400;ASH_COATED_OSMIUM;9924;20;9921;20;;;9930;14;9934;19;;;9927.0;0.0
yf_MKC_d8;38400;INTARIAN_PEPPER_ROOT;12276;20;12273;17;;;12282;7;12286;26;;;12279.0;0.0
yf_MKC_d8;38500;ASH_COATED_OSMIUM;9922;14;9919;19;;;9932;18;9935;23;;;9927.0;0.0
yf_MKC_d8;38500;INTARIAN_PEPPER_ROOT;12269;19;12267;16;;;12275;17;12278;11;;;12272.0;0.0
yf_MKC_d8;38600;ASH_COATED_OSMIUM;9924;18;9921;23;;;9930;14;9932;15;;;9927.0;0.0
yf_MKC_d8;38600;INTARIAN_PEPPER_ROOT;12261;11;12257;26;;;12267;16;12269;23;;;12264.0;0.0
yf_MKC_d8;38700;ASH_COATED_OSMIUM;9924;11;9922;20;;;9931;19;9935;19;;;9927.5;0.0
yf_MKC_d8;38700;INTARIAN_PEPPER_ROOT;12254;12;12251;15;;;12260;19;12263;20;;;12257.0;0.0
yf_MKC_d8;38800;ASH_COATED_OSMIUM;9925;12;9922;28;;;9931;18;9933;21;;;9928.0;0.0
yf_MKC_d8;38800;INTARIAN_PEPPER_ROOT;12246;19;12242;17;;;12255;13;12258;24;;;12250.5;0.0
yf_MKC_d8;38900;ASH_COATED_OSMIUM;9925;9;9922;19;;;9931;10;9933;17;;;9928.0;0.0
yf_MKC_d8;38900;INTARIAN_PEPPER_ROOT;12240;19;12237;17;;;12246;20;12248;14;;;12243.0;0.0
yf_MKC_d8;39000;ASH_COATED_OSMIUM;9923;10;9919;15;;;9931;12;9934;23;;;9927.0;0.0
yf_MKC_d8;39000;INTARIAN_PEPPER_ROOT;12231;20;12228;20;;;12239;16;12243;24;;;12235.0;0.0
yf_MKC_d8;39100;ASH_COATED_OSMIUM;9925;11;9923;19;;;9931;17;9933;23;;;9928.0;0.0
yf_MKC_d8;39100;INTARIAN_PEPPER_ROOT;12225;7;12223;16;;;12232;22;12235;27;;;12228.5;0.0
yf_MKC_d8;39200;ASH_COATED_OSMIUM;9923;20;9921;22;;;9932;15;9936;17;;;9927.5;0.0
yf_MKC_d8;39200;INTARIAN_PEPPER_ROOT;12218;14;12214;26;;;12224;9;12227;23;;;12221.0;0.0
yf_MKC_d8;39300;ASH_COATED_OSMIUM;9925;17;9923;22;;;9931;5;9935;17;;;9928.0;0.0
yf_MKC_d8;39300;INTARIAN_PEPPER_ROOT;12211;20;12208;18;;;12217;18;12221;22;;;12214.0;0.0
yf_MKC_d8;39400;ASH_COATED_OSMIUM;9925;14;9922;9;;;9931;17;9933;22;;;9928.0;0.0
yf_MKC_d8;39400;INTARIAN_PEPPER_ROOT;12203;18;12201;8;;;12209;13;12213;14;;;12206.0;0.0
yf_MKC_d8;39500;ASH_COATED_OSMIUM;9924;18;9920;23;;;9931;11;9935;15;;;9927.5;0.0
yf_MKC_d8;39500;INTARIAN_PEPPER_ROOT;12196;19;12194;22;;;12202;21;12205;25;;;12199.0;0.0
yf_MKC_d8;39600;ASH_COATED_OSMIUM;9924;19;9920;18;;;9930;10;9934;23;;;9927.0;0.0
yf_MKC_d8;39600;INTARIAN_PEPPER_ROOT;12189;12;12185;15;;;12195;15;12197;19;;;12192.0;0.0
yf_MKC_d8;39700;ASH_COATED_OSMIUM;9924;11;9921;16;;;9930;15;9932;21;;;9927.0;0.0
yf_MKC_d8;39700;INTARIAN_PEPPER_ROOT;12182;14;12178;17;;;12188;22;12190;23;;;12185.0;0.0
yf_MKC_d8;39800;ASH_COATED_OSMIUM;9917;11;9915;27;;;9938;14;9940;24;;;9927.5;0.0
yf_MKC_d8;39800;INTARIAN_PEPPER_ROOT;12175;17;12173;17;;;12181;20;12185;27;;;12178.0;0.0
yf_MKC_d8;39900;ASH_COATED_OSMIUM;9923;18;9920;18;;;9932;17;9935;13;;;9927.5;0.0
yf_MKC_d8;39900;INTARIAN_PEPPER_ROOT;12164;9;12160;12;;;12177;11;12180;15;;;12170.5;0.0
yf_MKC_d8;40000;ASH_COATED_OSMIUM;9920;12;9918;17;;;9933;20;9936;18;;;9926.5;0.0
yf_MKC_d8;40000;INTARIAN_PEPPER_ROOT;12161;22;12157;19;;;12167;9;12170;18;;;12164.0;0.0
yf_MKC_d8;40100;ASH_COATED_OSMIUM;9924;18;9921;21;;;9930;14;9932;18;;;9927.0;0.0
yf_MKC_d8;40100;INTARIAN_PEPPER_ROOT;12152;18;12148;17;;;12161;15;12164;26;;;12156.5;0.0
yf_MKC_d8;40200;ASH_COATED_OSMIUM;9924;14;9921;30;;;9931;11;9935;19;;;9927.5;0.0
yf_MKC_d8;40200;INTARIAN_PEPPER_ROOT;12138;22;12134;19;;;12160;26;12162;34;;;12149.0;0.0
yf_MKC_d8;40300;ASH_COATED_OSMIUM;9924;13;9922;28;;;9930;20;9933;21;;;9927.0;0.0
yf_MKC_d8;40300;INTARIAN_PEPPER_ROOT;12138;16;12134;16;;;12144;11;12147;21;;;12141.0;0.0
yf_MKC_d8;40400;ASH_COATED_OSMIUM;9924;8;9922;22;;;9932;12;9936;25;;;9928.0;0.0
yf_MKC_d8;40400;INTARIAN_PEPPER_ROOT;12125;27;12123;11;;;12145;20;12147;21;;;12135.0;0.0
yf_MKC_d8;40500;ASH_COATED_OSMIUM;9924;9;9922;25;;;9931;18;9933;26;;;9927.5;0.0
yf_MKC_d8;40500;INTARIAN_PEPPER_ROOT;12115;12;12112;29;;;12139;17;12142;27;;;12127.0;0.0
yf_MKC_d8;40600;ASH_COATED_OSMIUM;9919;18;9916;20;;;9936;19;9938;31;;;9927.5;0.0
yf_MKC_d8;40600;INTARIAN_PEPPER_ROOT;12109;21;12105;19;;;12130;21;12133;20;;;12119.5;0.0
yf_MKC_d8;40700;ASH_COATED_OSMIUM;9921;9;9919;16;;;9932;13;9934;24;;;9926.5;0.0
yf_MKC_d8;40700;INTARIAN_PEPPER_ROOT;12110;19;12107;22;;;12116;13;12118;15;;;12113.0;0.0
yf_MKC_d8;40800;ASH_COATED_OSMIUM;9920;18;9916;18;;;9935;16;9938;17;;;9927.5;0.0
yf_MKC_d8;40800;INTARIAN_PEPPER_ROOT;12101;19;12097;13;;;12109;11;12112;15;;;12105.0;0.0
yf_MKC_d8;40900;ASH_COATED_OSMIUM;9922;17;9919;24;;;9933;18;9936;11;;;9927.5;0.0
yf_MKC_d8;40900;INTARIAN_PEPPER_ROOT;12094;9;12091;25;;;12102;16;12105;16;;;12098.0;0.0
yf_MKC_d8;41000;ASH_COATED_OSMIUM;9925;16;9921;16;;;9931;14;9934;21;;;9928.0;0.0
yf_MKC_d8;41000;INTARIAN_PEPPER_ROOT;12083;11;12079;23;;;12098;9;12101;16;;;12090.5;0.0
yf_MKC_d8;41100;ASH_COATED_OSMIUM;9924;26;9920;20;;;9931;9;9935;17;;;9927.5;0.0
yf_MKC_d8;41100;INTARIAN_PEPPER_ROOT;12079;12;12077;16;;;12088;14;12091;23;;;12083.5;0.0
yf_MKC_d8;41200;ASH_COATED_OSMIUM;9922;14;9918;16;;;9931;12;9933;12;;;9926.5;0.0
yf_MKC_d8;41200;INTARIAN_PEPPER_ROOT;12072;20;12070;16;;;12080;18;12083;19;;;12076.0;0.0
yf_MKC_d8;41300;ASH_COATED_OSMIUM;9918;22;9915;16;;;9937;11;9941;28;;;9927.5;0.0
yf_MKC_d8;41300;INTARIAN_PEPPER_ROOT;12066;14;12064;26;;;12072;5;12074;33;;;12069.0;0.0
yf_MKC_d8;41400;ASH_COATED_OSMIUM;9911;13;9909;18;;;9942;6;9945;21;;;9926.5;0.0
yf_MKC_d8;41400;INTARIAN_PEPPER_ROOT;12054;17;12050;17;;;12070;8;12072;26;;;12062.0;0.0
yf_MKC_d8;41500;ASH_COATED_OSMIUM;9924;12;9922;21;;;9930;17;9932;15;;;9927.0;0.0
yf_MKC_d8;41500;INTARIAN_PEPPER_ROOT;12043;15;12039;15;;;12066;17;12068;16;;;12054.5;0.0
yf_MKC_d8;41600;ASH_COATED_OSMIUM;9924;19;9922;23;;;9930;12;9934;13;;;9927.0;0.0
yf_MKC_d8;41600;INTARIAN_PEPPER_ROOT;12045;28;12043;14;;;12051;8;12054;19;;;12048.0;0.0
yf_MKC_d8;41700;ASH_COATED_OSMIUM;9924;18;9922;14;;;9930;14;9932;15;;;9927.0;0.0
yf_MKC_d8;41700;INTARIAN_PEPPER_ROOT;12037;24;12033;12;;;12043;15;12047;23;;;12040.0;0.0
yf_MKC_d8;41800;ASH_COATED_OSMIUM;9923;13;9921;19;;;9929;8;9931;29;;;9926.0;0.0
yf_MKC_d8;41800;INTARIAN_PEPPER_ROOT;12030;15;12026;18;;;12036;17;12040;22;;;12033.0;0.0
yf_MKC_d8;41900;ASH_COATED_OSMIUM;9924;11;9920;21;;;9930;13;9932;23;;;9927.0;0.0
yf_MKC_d8;41900;INTARIAN_PEPPER_ROOT;12022;19;12018;19;;;12029;12;12031;25;;;12025.5;0.0
yf_MKC_d8;42000;ASH_COATED_OSMIUM;9923;5;9919;14;;;9931;22;9935;10;;;9927.0;0.0
yf_MKC_d8;42000;INTARIAN_PEPPER_ROOT;12016;20;12013;13;;;12022;11;12024;15;;;12019.0;0.0
yf_MKC_d8;42100;ASH_COATED_OSMIUM;9924;13;9922;16;;;9930;9;9933;16;;;9927.0;0.0
yf_MKC_d8;42100;INTARIAN_PEPPER_ROOT;12008;14;12005;19;;;12014;9;12018;14;;;12011.0;0.0
yf_MKC_d8;42200;ASH_COATED_OSMIUM;9922;11;9920;21;;;9931;10;9933;11;;;9926.5;0.0
yf_MKC_d8;42200;INTARIAN_PEPPER_ROOT;12001;16;11997;17;;;12007;25;12009;17;;;12004.0;0.0
yf_MKC_d8;42300;ASH_COATED_OSMIUM;9917;12;9914;18;;;9936;15;9939;14;;;9926.5;0.0
yf_MKC_d8;42300;INTARIAN_PEPPER_ROOT;11991;14;11987;13;;;12003;15;12005;19;;;11997.0;0.0
yf_MKC_d8;42400;ASH_COATED_OSMIUM;9924;5;9922;22;;;9930;13;9932;19;;;9927.0;0.0
yf_MKC_d8;42400;INTARIAN_PEPPER_ROOT;11985;17;11981;16;;;11994;14;11998;23;;;11989.5;0.0
yf_MKC_d8;42500;ASH_COATED_OSMIUM;9924;16;9920;21;;;9930;19;9932;17;;;9927.0;0.0
yf_MKC_d8;42500;INTARIAN_PEPPER_ROOT;11979;5;11975;24;;;11985;14;11989;19;;;11982.0;0.0
yf_MKC_d8;42600;ASH_COATED_OSMIUM;9924;14;9920;20;;;9930;14;9932;16;;;9927.0;0.0
yf_MKC_d8;42600;INTARIAN_PEPPER_ROOT;11972;16;11968;18;;;11978;8;11982;20;;;11975.0;0.0
yf_MKC_d8;42700;ASH_COATED_OSMIUM;9924;6;9921;15;;;9930;19;9934;14;;;9927.0;0.0
yf_MKC_d8;42700;INTARIAN_PEPPER_ROOT;11963;29;11960;12;;;11973;8;11977;21;;;11968.0;0.0
yf_MKC_d8;42800;ASH_COATED_OSMIUM;9924;19;9922;13;;;9930;13;9933;9;;;9927.0;0.0
yf_MKC_d8;42800;INTARIAN_PEPPER_ROOT;11958;8;11955;25;;;11964;14;11968;10;;;11961.0;0.0
yf_MKC_d8;42900;ASH_COATED_OSMIUM;9923;15;9919;14;;;9931;14;9935;26;;;9927.0;0.0
yf_MKC_d8;42900;INTARIAN_PEPPER_ROOT;11951;13;11947;17;;;11957;11;11961;15;;;11954.0;0.0
yf_MKC_d8;43000;ASH_COATED_OSMIUM;9924;16;9920;20;;;9930;19;9932;25;;;9927.0;0.0
yf_MKC_d8;43000;INTARIAN_PEPPER_ROOT;11943;8;11941;9;;;11950;8;11954;25;;;11946.5;0.0
yf_MKC_d8;43100;ASH_COATED_OSMIUM;9924;21;9921;13;;;9930;11;9932;15;;;9927.0;0.0
yf_MKC_d8;43100;INTARIAN_PEPPER_ROOT;11936;18;11932;14;;;11942;12;11946;21;;;11939.0;0.0
yf_MKC_d8;43200;ASH_COATED_OSMIUM;9910;13;9906;22;;;9943;11;9945;12;;;9926.5;0.0
yf_MKC_d8;43200;INTARIAN_PEPPER_ROOT;11919;11;11915;19;;;11944;18;11948;19;;;11931.5;0.0
yf_MKC_d8;43300;ASH_COATED_OSMIUM;9919;15;9916;17;;;9935;10;9939;22;;;9927.0;0.0
yf_MKC_d8;43300;INTARIAN_PEPPER_ROOT;11921;18;11917;12;;;11928;18;11932;19;;;11924.5;0.0
yf_MKC_d8;43400;ASH_COATED_OSMIUM;9924;11;9921;22;;;9930;5;9932;26;;;9927.0;0.0
yf_MKC_d8;43400;INTARIAN_PEPPER_ROOT;11915;17;11912;23;;;11921;21;11923;12;;;11918.0;0.0
yf_MKC_d8;43500;ASH_COATED_OSMIUM;9918;18;9916;24;;;9935;17;9939;19;;;9926.5;0.0
yf_MKC_d8;43500;INTARIAN_PEPPER_ROOT;11903;21;11901;23;;;11918;8;11920;21;;;11910.5;0.0
yf_MKC_d8;43600;ASH_COATED_OSMIUM;9924;16;9922;24;;;9930;13;9932;18;;;9927.0;0.0
yf_MKC_d8;43600;INTARIAN_PEPPER_ROOT;11897;20;11895;19;;;11908;6;11911;14;;;11902.5;0.0
yf_MKC_d8;43700;ASH_COATED_OSMIUM;9924;10;9920;24;;;9930;10;9934;16;;;9927.0;0.0
yf_MKC_d8;43700;INTARIAN_PEPPER_ROOT;11892;15;11889;20;;;11898;22;11902;13;;;11895.0;0.0
yf_MKC_d8;43800;ASH_COATED_OSMIUM;9920;15;9918;20;;;9932;10;9936;21;;;9926.0;0.0
yf_MKC_d8;43800;INTARIAN_PEPPER_ROOT;11885;13;11881;21;;;11891;12;11893;18;;;11888.0;0.0
yf_MKC_d8;43900;ASH_COATED_OSMIUM;9923;19;9921;25;;;9930;12;9934;15;;;9926.5;0.0
yf_MKC_d8;43900;INTARIAN_PEPPER_ROOT;11876;19;11874;16;;;11885;13;11887;18;;;11880.5;0.0
yf_MKC_d8;44000;ASH_COATED_OSMIUM;9920;22;9918;20;;;9933;18;9936;16;;;9926.5;0.0
yf_MKC_d8;44000;INTARIAN_PEPPER_ROOT;11867;9;11865;12;;;11880;18;11884;10;;;11873.5;0.0
yf_MKC_d8;44100;ASH_COATED_OSMIUM;9924;16;9921;26;;;9930;10;9933;15;;;9927.0;0.0
yf_MKC_d8;44100;INTARIAN_PEPPER_ROOT;11864;13;11861;24;;;11870;20;11873;13;;;11867.0;0.0
yf_MKC_d8;44200;ASH_COATED_OSMIUM;9922;9;9920;15;;;9933;12;9936;29;;;9927.5;0.0
yf_MKC_d8;44200;INTARIAN_PEPPER_ROOT;11853;21;11851;21;;;11866;7;11868;21;;;11859.5;0.0
yf_MKC_d8;44300;ASH_COATED_OSMIUM;9917;13;9914;20;;;9935;9;9939;16;;;9926.0;0.0
yf_MKC_d8;44300;INTARIAN_PEPPER_ROOT;11850;12;11847;18;;;11856;21;11859;24;;;11853.0;0.0
yf_MKC_d8;44400;ASH_COATED_OSMIUM;9924;16;9921;25;;;9930;16;9934;17;;;9927.0;0.0
yf_MKC_d8;44400;INTARIAN_PEPPER_ROOT;11842;22;11838;20;;;11848;10;11851;16;;;11845.0;0.0
yf_MKC_d8;44500;ASH_COATED_OSMIUM;9924;17;9922;19;;;9930;17;9933;19;;;9927.0;0.0
yf_MKC_d8;44500;INTARIAN_PEPPER_ROOT;11835;14;11832;18;;;11841;11;11843;31;;;11838.0;0.0
yf_MKC_d8;44600;ASH_COATED_OSMIUM;9924;19;9922;27;;;9930;14;9932;21;;;9927.0;0.0
yf_MKC_d8;44600;INTARIAN_PEPPER_ROOT;11827;16;11825;23;;;11834;16;11838;8;;;11830.5;0.0
yf_MKC_d8;44700;ASH_COATED_OSMIUM;9923;18;9920;18;;;9929;13;9933;18;;;9926.0;0.0
yf_MKC_d8;44700;INTARIAN_PEPPER_ROOT;11821;19;11817;24;;;11827;20;11831;21;;;11824.0;0.0
yf_MKC_d8;44800;ASH_COATED_OSMIUM;9924;22;9920;14;;;9930;15;9933;11;;;9927.0;0.0
yf_MKC_d8;44800;INTARIAN_PEPPER_ROOT;11810;25;11806;21;;;11823;19;11826;20;;;11816.5;0.0
yf_MKC_d8;44900;ASH_COATED_OSMIUM;9917;17;9913;15;;;9936;12;9939;14;;;9926.5;0.0
yf_MKC_d8;44900;INTARIAN_PEPPER_ROOT;11806;26;11803;16;;;11812;8;11816;17;;;11809.0;0.0
yf_MKC_d8;45000;ASH_COATED_OSMIUM;9918;16;9914;21;;;9934;9;9938;19;;;9926.0;0.0
yf_MKC_d8;45000;INTARIAN_PEPPER_ROOT;11799;17;11797;26;;;11805;14;11807;26;;;11802.0;0.0
yf_MKC_d8;45100;ASH_COATED_OSMIUM;9923;14;9921;21;;;9931;21;9934;24;;;9927.0;0.0
yf_MKC_d8;45100;INTARIAN_PEPPER_ROOT;11791;16;11789;21;;;11797;13;11800;14;;;11794.0;0.0
yf_MKC_d8;45200;ASH_COATED_OSMIUM;9924;21;9922;16;;;9930;15;9933;8;;;9927.0;0.0
yf_MKC_d8;45200;INTARIAN_PEPPER_ROOT;11779;19;11776;10;;;11795;11;11798;14;;;11787.0;0.0
yf_MKC_d8;45300;ASH_COATED_OSMIUM;9924;16;9921;19;;;9930;10;9932;8;;;9927.0;0.0
yf_MKC_d8;45300;INTARIAN_PEPPER_ROOT;11775;18;11771;19;;;11783;13;11786;23;;;11779.0;0.0
yf_MKC_d8;45400;ASH_COATED_OSMIUM;9923;11;9921;23;;;9929;14;9932;17;;;9926.0;0.0
yf_MKC_d8;45400;INTARIAN_PEPPER_ROOT;11770;6;11766;18;;;11776;17;11780;20;;;11773.0;0.0
yf_MKC_d8;45500;ASH_COATED_OSMIUM;9924;20;9922;18;;;9930;22;9934;28;;;9927.0;0.0
yf_MKC_d8;45500;INTARIAN_PEPPER_ROOT;11762;18;11760;17;;;11768;11;11772;14;;;11765.0;0.0
yf_MKC_d8;45600;ASH_COATED_OSMIUM;9923;11;9920;29;;;9929;18;9931;20;;;9926.0;0.0
yf_MKC_d8;45600;INTARIAN_PEPPER_ROOT;11742;12;11739;25;;;11774;10;11777;30;;;11758.0;0.0
yf_MKC_d8;45700;ASH_COATED_OSMIUM;9923;21;9919;17;;;9929;12;9933;15;;;9926.0;0.0
yf_MKC_d8;45700;INTARIAN_PEPPER_ROOT;11748;23;11744;18;;;11754;15;11756;21;;;11751.0;0.0
yf_MKC_d8;45800;ASH_COATED_OSMIUM;9923;18;9919;19;;;9929;20;9932;24;;;9926.0;0.0
yf_MKC_d8;45800;INTARIAN_PEPPER_ROOT;11737;19;11734;21;;;11751;18;11753;33;;;11744.0;0.0
yf_MKC_d8;45900;ASH_COATED_OSMIUM;9923;13;9920;9;;;9929;16;9931;18;;;9926.0;0.0
yf_MKC_d8;45900;INTARIAN_PEPPER_ROOT;11734;10;11731;21;;;11740;17;11743;19;;;11737.0;0.0
yf_MKC_d8;46000;ASH_COATED_OSMIUM;9924;12;9920;20;;;9930;15;9933;15;;;9927.0;0.0
yf_MKC_d8;46000;INTARIAN_PEPPER_ROOT;11727;16;11723;26;;;11733;13;11737;18;;;11730.0;0.0
yf_MKC_d8;46100;ASH_COATED_OSMIUM;9923;20;9920;17;;;9929;12;9932;21;;;9926.0;0.0
yf_MKC_d8;46100;INTARIAN_PEPPER_ROOT;11719;5;11716;22;;;11725;13;11728;22;;;11722.0;0.0
yf_MKC_d8;46200;ASH_COATED_OSMIUM;9923;13;9919;24;;;9929;7;9933;16;;;9926.0;0.0
yf_MKC_d8;46200;INTARIAN_PEPPER_ROOT;11712;23;11710;26;;;11718;14;11722;18;;;11715.0;0.0
yf_MKC_d8;46300;ASH_COATED_OSMIUM;9923;12;9919;21;;;9930;13;9932;11;;;9926.5;0.0
yf_MKC_d8;46300;INTARIAN_PEPPER_ROOT;11702;9;11700;17;;;11713;11;11715;19;;;11707.5;0.0
yf_MKC_d8;46400;ASH_COATED_OSMIUM;9923;10;9920;18;;;9929;14;9932;16;;;9926.0;0.0
yf_MKC_d8;46400;INTARIAN_PEPPER_ROOT;11695;20;11693;22;;;11707;11;11711;24;;;11701.0;0.0
yf_MKC_d8;46500;ASH_COATED_OSMIUM;9923;15;9919;26;;;9929;17;9931;19;;;9926.0;0.0
yf_MKC_d8;46500;INTARIAN_PEPPER_ROOT;11690;20;11687;20;;;11696;17;11700;11;;;11693.0;0.0
yf_MKC_d8;46600;ASH_COATED_OSMIUM;9923;6;9919;25;;;9929;12;9931;22;;;9926.0;0.0
yf_MKC_d8;46600;INTARIAN_PEPPER_ROOT;11683;11;11681;28;;;11689;14;11692;26;;;11686.0;0.0
yf_MKC_d8;46700;ASH_COATED_OSMIUM;9921;11;9919;19;;;9933;7;9935;16;;;9927.0;0.0
yf_MKC_d8;46700;INTARIAN_PEPPER_ROOT;11672;7;11670;20;;;11685;17;11689;15;;;11678.5;0.0
yf_MKC_d8;46800;ASH_COATED_OSMIUM;9923;16;9919;22;;;9929;9;9931;16;;;9926.0;0.0
yf_MKC_d8;46800;INTARIAN_PEPPER_ROOT;11668;17;11665;17;;;11674;15;11677;22;;;11671.0;0.0
yf_MKC_d8;46900;ASH_COATED_OSMIUM;9919;15;9916;16;;;9934;12;9936;20;;;9926.5;0.0
yf_MKC_d8;46900;INTARIAN_PEPPER_ROOT;11661;20;11659;31;;;11667;12;11669;27;;;11664.0;0.0
yf_MKC_d8;47000;ASH_COATED_OSMIUM;9923;16;9919;8;;;9929;24;9931;27;;;9926.0;0.0
yf_MKC_d8;47000;INTARIAN_PEPPER_ROOT;11654;14;11651;9;;;11660;13;11662;23;;;11657.0;0.0
yf_MKC_d8;47100;ASH_COATED_OSMIUM;9923;23;9921;12;;;9929;17;9931;19;;;9926.0;0.0
yf_MKC_d8;47100;INTARIAN_PEPPER_ROOT;11647;6;11643;18;;;11653;11;11657;23;;;11650.0;0.0
yf_MKC_d8;47200;ASH_COATED_OSMIUM;9922;15;9918;23;;;9929;5;9933;26;;;9925.5;0.0
yf_MKC_d8;47200;INTARIAN_PEPPER_ROOT;11633;15;11631;15;;;11653;14;11657;19;;;11643.0;0.0
yf_MKC_d8;47300;ASH_COATED_OSMIUM;9904;5;9901;18;;;9949;21;9953;18;;;9926.5;0.0
yf_MKC_d8;47300;INTARIAN_PEPPER_ROOT;11632;14;11628;27;;;11638;10;11641;20;;;11635.0;0.0
yf_MKC_d8;47400;ASH_COATED_OSMIUM;9923;16;9919;19;;;9929;17;9933;20;;;9926.0;0.0
yf_MKC_d8;47400;INTARIAN_PEPPER_ROOT;11624;17;11621;25;;;11631;9;11633;27;;;11627.5;0.0
yf_MKC_d8;47500;ASH_COATED_OSMIUM;9923;14;9920;22;;;9929;26;9933;23;;;9926.0;0.0
yf_MKC_d8;47500;INTARIAN_PEPPER_ROOT;11617;16;11614;16;;;11623;22;11625;17;;;11620.0;0.0
yf_MKC_d8;47600;ASH_COATED_OSMIUM;9923;17;9921;18;;;9929;11;9933;18;;;9926.0;0.0
yf_MKC_d8;47600;INTARIAN_PEPPER_ROOT;11610;11;11607;22;;;11616;11;11620;14;;;11613.0;0.0
yf_MKC_d8;47700;ASH_COATED_OSMIUM;9909;14;9907;24;;;9945;21;9949;27;;;9927.0;0.0
yf_MKC_d8;47700;INTARIAN_PEPPER_ROOT;11599;11;11595;22;;;11613;11;11617;24;;;11606.0;0.0
yf_MKC_d8;47800;ASH_COATED_OSMIUM;9923;12;9920;27;;;9929;5;9931;25;;;9926.0;0.0
yf_MKC_d8;47800;INTARIAN_PEPPER_ROOT;11595;17;11593;17;;;11602;23;11604;17;;;11598.5;0.0
yf_MKC_d8;47900;ASH_COATED_OSMIUM;9923;11;9920;26;;;9929;5;9932;18;;;9926.0;0.0
yf_MKC_d8;47900;INTARIAN_PEPPER_ROOT;11589;11;11586;20;;;11595;13;11598;18;;;11592.0;0.0
yf_MKC_d8;48000;ASH_COATED_OSMIUM;9923;11;9919;23;;;9929;12;9933;22;;;9926.0;0.0
yf_MKC_d8;48000;INTARIAN_PEPPER_ROOT;11582;12;11580;27;;;11588;8;11592;16;;;11585.0;0.0
yf_MKC_d8;48100;ASH_COATED_OSMIUM;9922;23;9918;25;;;9930;15;9934;26;;;9926.0;0.0
yf_MKC_d8;48100;INTARIAN_PEPPER_ROOT;11563;13;11559;28;;;11592;10;11594;17;;;11577.5;0.0
yf_MKC_d8;48200;ASH_COATED_OSMIUM;9920;15;9916;19;;;9932;14;9934;18;;;9926.0;0.0
yf_MKC_d8;48200;INTARIAN_PEPPER_ROOT;11567;8;11564;19;;;11573;13;11575;22;;;11570.0;0.0
yf_MKC_d8;48300;ASH_COATED_OSMIUM;9921;17;9918;16;;;9932;12;9936;19;;;9926.5;0.0
yf_MKC_d8;48300;INTARIAN_PEPPER_ROOT;11560;12;11556;19;;;11566;11;11568;21;;;11563.0;0.0
yf_MKC_d8;48400;ASH_COATED_OSMIUM;9923;24;9921;23;;;9929;20;9933;15;;;9926.0;0.0
yf_MKC_d8;48400;INTARIAN_PEPPER_ROOT;11552;11;11548;24;;;11558;23;11561;21;;;11555.0;0.0
yf_MKC_d8;48500;ASH_COATED_OSMIUM;9922;7;9918;27;;;9930;16;9934;13;;;9926.0;0.0
yf_MKC_d8;48500;INTARIAN_PEPPER_ROOT;11544;14;11540;18;;;11553;14;11555;11;;;11548.5;0.0
yf_MKC_d8;48600;ASH_COATED_OSMIUM;9915;9;9911;25;;;9937;14;9940;23;;;9926.0;0.0
yf_MKC_d8;48600;INTARIAN_PEPPER_ROOT;11533;17;11531;19;;;11548;13;11550;21;;;11540.5;0.0
yf_MKC_d8;48700;ASH_COATED_OSMIUM;9923;21;9919;20;;;9929;13;9933;22;;;9926.0;0.0
yf_MKC_d8;48700;INTARIAN_PEPPER_ROOT;11531;15;11528;15;;;11537;11;11540;14;;;11534.0;0.0
yf_MKC_d8;48800;ASH_COATED_OSMIUM;9923;20;9921;13;;;9929;12;9932;24;;;9926.0;0.0
yf_MKC_d8;48800;INTARIAN_PEPPER_ROOT;11524;24;11521;25;;;11530;14;11534;24;;;11527.0;0.0
yf_MKC_d8;48900;ASH_COATED_OSMIUM;9923;11;9920;16;;;9929;18;9933;20;;;9926.0;0.0
yf_MKC_d8;48900;INTARIAN_PEPPER_ROOT;11515;12;11512;18;;;11524;15;11526;23;;;11519.5;0.0
yf_MKC_d8;49000;ASH_COATED_OSMIUM;9914;15;9911;19;;;9937;17;9940;16;;;9925.5;0.0
yf_MKC_d8;49000;INTARIAN_PEPPER_ROOT;11507;20;11503;23;;;11518;13;11520;18;;;11512.5;0.0
yf_MKC_d8;49100;ASH_COATED_OSMIUM;9918;14;9916;25;;;9934;13;9936;29;;;9926.0;0.0
yf_MKC_d8;49100;INTARIAN_PEPPER_ROOT;11502;14;11500;19;;;11508;5;11511;16;;;11505.0;0.0
yf_MKC_d8;49200;ASH_COATED_OSMIUM;9923;17;9919;15;;;9929;23;9932;24;;;9926.0;0.0
yf_MKC_d8;49200;INTARIAN_PEPPER_ROOT;11494;22;11490;14;;;11500;11;11502;14;;;11497.0;0.0
yf_MKC_d8;49300;ASH_COATED_OSMIUM;9921;15;9917;22;;;9932;18;9935;31;;;9926.5;0.0
yf_MKC_d8;49300;INTARIAN_PEPPER_ROOT;11487;11;11484;20;;;11493;8;11495;28;;;11490.0;0.0
yf_MKC_d8;49400;ASH_COATED_OSMIUM;9923;12;9919;27;;;9929;16;9932;29;;;9926.0;0.0
yf_MKC_d8;49400;INTARIAN_PEPPER_ROOT;11476;12;11473;20;;;11491;17;11493;21;;;11483.5;0.0
yf_MKC_d8;49500;ASH_COATED_OSMIUM;9910;19;9907;16;;;9941;11;9945;20;;;9925.5;0.0
yf_MKC_d8;49500;INTARIAN_PEPPER_ROOT;11462;11;11460;9;;;11489;14;11492;21;;;11475.5;0.0
yf_MKC_d8;49600;ASH_COATED_OSMIUM;9923;11;9920;14;;;9929;13;9931;10;;;9926.0;0.0
yf_MKC_d8;49600;INTARIAN_PEPPER_ROOT;11465;10;11461;23;;;11472;11;11474;21;;;11468.5;0.0
yf_MKC_d8;49700;ASH_COATED_OSMIUM;9923;24;9919;23;;;9929;7;9931;25;;;9926.0;0.0
yf_MKC_d8;49700;INTARIAN_PEPPER_ROOT;11455;11;11452;21;;;11468;24;11470;19;;;11461.5;0.0
yf_MKC_d8;49800;ASH_COATED_OSMIUM;9923;14;9921;15;;;9929;16;9932;15;;;9926.0;0.0
yf_MKC_d8;49800;INTARIAN_PEPPER_ROOT;11443;5;11441;22;;;11465;13;11467;29;;;11454.0;0.0
yf_MKC_d8;49900;ASH_COATED_OSMIUM;9922;15;9919;20;;;9928;11;9932;16;;;9925.0;0.0
yf_MKC_d8;49900;INTARIAN_PEPPER_ROOT;11444;13;11441;14;;;11450;13;11452;19;;;11447.0;0.0
yf_MKC_d8;50000;ASH_COATED_OSMIUM;9923;22;9919;22;;;9929;13;9931;18;;;9926.0;0.0
yf_MKC_d8;50000;INTARIAN_PEPPER_ROOT;11434;5;11432;20;;;11444;8;11448;17;;;11439.0;0.0
yf_MKC_d8;50100;ASH_COATED_OSMIUM;9921;16;9917;16;;;9931;13;9933;20;;;9926.0;0.0
yf_MKC_d8;50100;INTARIAN_PEPPER_ROOT;11427;12;11425;11;;;11438;10;11442;28;;;11432.5;0.0
yf_MKC_d8;50200;ASH_COATED_OSMIUM;9922;11;9919;13;;;9928;12;9930;20;;;9925.0;0.0
yf_MKC_d8;50200;INTARIAN_PEPPER_ROOT;11419;21;11415;19;;;11432;11;11434;16;;;11425.5;0.0
yf_MKC_d8;50300;ASH_COATED_OSMIUM;9921;24;9918;27;;;9932;13;9935;19;;;9926.5;0.0
yf_MKC_d8;50300;INTARIAN_PEPPER_ROOT;11416;10;11413;19;;;11422;22;11424;24;;;11419.0;0.0
yf_MKC_d8;50400;ASH_COATED_OSMIUM;9922;19;9919;16;;;9928;10;9930;12;;;9925.0;0.0
yf_MKC_d8;50400;INTARIAN_PEPPER_ROOT;11406;20;11402;20;;;11416;16;11419;20;;;11411.0;0.0
yf_MKC_d8;50500;ASH_COATED_OSMIUM;9923;16;9921;24;;;9929;12;9932;18;;;9926.0;0.0
yf_MKC_d8;50500;INTARIAN_PEPPER_ROOT;11397;8;11393;20;;;11410;9;11414;24;;;11403.5;0.0
yf_MKC_d8;50600;ASH_COATED_OSMIUM;9923;15;9921;15;;;9929;14;9932;16;;;9926.0;0.0
yf_MKC_d8;50600;INTARIAN_PEPPER_ROOT;11394;11;11390;12;;;11400;23;11403;23;;;11397.0;0.0
yf_MKC_d8;50700;ASH_COATED_OSMIUM;9917;14;9915;23;;;9934;9;9937;18;;;9925.5;0.0
yf_MKC_d8;50700;INTARIAN_PEPPER_ROOT;11386;8;11384;19;;;11392;17;11396;20;;;11389.0;0.0
yf_MKC_d8;50800;ASH_COATED_OSMIUM;9923;15;9919;29;;;9929;18;9931;15;;;9926.0;0.0
yf_MKC_d8;50800;INTARIAN_PEPPER_ROOT;11379;19;11376;26;;;11385;14;11388;19;;;11382.0;0.0
yf_MKC_d8;50900;ASH_COATED_OSMIUM;9922;9;9919;12;;;9928;20;9931;20;;;9925.0;0.0
yf_MKC_d8;50900;INTARIAN_PEPPER_ROOT;11374;14;11371;16;;;11381;10;11384;18;;;11377.5;0.0
yf_MKC_d8;51000;ASH_COATED_OSMIUM;9923;24;9921;16;;;9929;13;9933;23;;;9926.0;0.0
yf_MKC_d8;51000;INTARIAN_PEPPER_ROOT;11371;20;11369;22;;;11377;18;11380;18;;;11374.0;0.0
yf_MKC_d8;51100;ASH_COATED_OSMIUM;9922;13;9919;15;;;9928;28;9931;17;;;9925.0;0.0
yf_MKC_d8;51100;INTARIAN_PEPPER_ROOT;11361;12;11357;28;;;11379;15;11383;15;;;11370.0;0.0
yf_MKC_d8;51200;ASH_COATED_OSMIUM;9919;13;9916;18;;;9932;16;9936;18;;;9925.5;0.0
yf_MKC_d8;51200;INTARIAN_PEPPER_ROOT;11360;16;11356;20;;;11373;21;11375;14;;;11366.5;0.0
yf_MKC_d8;51300;ASH_COATED_OSMIUM;9922;22;9919;21;;;9928;14;9930;20;;;9925.0;0.0
yf_MKC_d8;51300;INTARIAN_PEPPER_ROOT;11360;18;11357;21;;;11366;15;11368;28;;;11363.0;0.0
yf_MKC_d8;51400;ASH_COATED_OSMIUM;9922;26;9920;12;;;9929;9;9931;27;;;9925.5;0.0
yf_MKC_d8;51400;INTARIAN_PEPPER_ROOT;11355;17;11353;22;;;11364;10;11368;12;;;11359.5;0.0
yf_MKC_d8;51500;ASH_COATED_OSMIUM;9923;22;9920;15;;;9929;23;9932;9;;;9926.0;0.0
yf_MKC_d8;51500;INTARIAN_PEPPER_ROOT;11352;5;11348;25;;;11360;21;11364;21;;;11356.0;0.0
yf_MKC_d8;51600;ASH_COATED_OSMIUM;9923;25;9919;18;;;9929;15;9932;19;;;9926.0;0.0
yf_MKC_d8;51600;INTARIAN_PEPPER_ROOT;11350;7;11347;20;;;11356;15;11360;16;;;11353.0;0.0
yf_MKC_d8;51700;ASH_COATED_OSMIUM;9923;20;9920;12;;;9929;9;9932;23;;;9926.0;0.0
yf_MKC_d8;51700;INTARIAN_PEPPER_ROOT;11346;19;11343;26;;;11352;9;11356;24;;;11349.0;0.0
yf_MKC_d8;51800;ASH_COATED_OSMIUM;9921;7;9918;23;;;9930;15;9933;13;;;9925.5;0.0
yf_MKC_d8;51800;INTARIAN_PEPPER_ROOT;11340;18;11337;26;;;11352;19;11354;14;;;11346.0;0.0
yf_MKC_d8;51900;ASH_COATED_OSMIUM;9922;13;9920;12;;;9928;18;9931;23;;;9925.0;0.0
yf_MKC_d8;51900;INTARIAN_PEPPER_ROOT;11336;9;11332;12;;;11349;16;11353;14;;;11342.5;0.0
yf_MKC_d8;52000;ASH_COATED_OSMIUM;9918;13;9916;19;;;9935;6;9939;20;;;9926.5;0.0
yf_MKC_d8;52000;INTARIAN_PEPPER_ROOT;11335;15;11331;21;;;11341;15;11345;15;;;11338.0;0.0
yf_MKC_d8;52100;ASH_COATED_OSMIUM;9923;12;9921;24;;;9930;11;9934;17;;;9926.5;0.0
yf_MKC_d8;52100;INTARIAN_PEPPER_ROOT;11332;15;11330;19;;;11338;7;11341;26;;;11335.0;0.0
yf_MKC_d8;52200;ASH_COATED_OSMIUM;9923;12;9920;24;;;9929;22;9933;24;;;9926.0;0.0
yf_MKC_d8;52200;INTARIAN_PEPPER_ROOT;11329;13;11326;22;;;11335;8;11338;19;;;11332.0;0.0
yf_MKC_d8;52300;ASH_COATED_OSMIUM;9923;21;9919;15;;;9930;14;9934;24;;;9926.5;0.0
yf_MKC_d8;52300;INTARIAN_PEPPER_ROOT;11323;7;11321;21;;;11334;21;11337;20;;;11328.5;0.0
yf_MKC_d8;52400;ASH_COATED_OSMIUM;9923;25;9920;18;;;9929;16;9931;21;;;9926.0;0.0
yf_MKC_d8;52400;INTARIAN_PEPPER_ROOT;11322;14;11320;20;;;11328;10;11332;23;;;11325.0;0.0
yf_MKC_d8;52500;ASH_COATED_OSMIUM;9921;21;9917;29;;;9931;15;9935;17;;;9926.0;0.0
yf_MKC_d8;52500;INTARIAN_PEPPER_ROOT;11314;22;11312;18;;;11329;18;11331;15;;;11321.5;0.0
yf_MKC_d8;52600;ASH_COATED_OSMIUM;9921;19;9919;12;;;9931;6;9934;17;;;9926.0;0.0
yf_MKC_d8;52600;INTARIAN_PEPPER_ROOT;11309;13;11307;20;;;11326;13;11328;21;;;11317.5;0.0
yf_MKC_d8;52700;ASH_COATED_OSMIUM;9924;8;9922;33;;;9930;10;9934;27;;;9927.0;0.0
yf_MKC_d8;52700;INTARIAN_PEPPER_ROOT;11311;20;11309;12;;;11317;16;11321;18;;;11314.0;0.0
yf_MKC_d8;52800;ASH_COATED_OSMIUM;9924;15;9920;24;;;9930;14;9933;16;;;9927.0;0.0
yf_MKC_d8;52800;INTARIAN_PEPPER_ROOT;11304;20;11301;16;;;11320;11;11323;25;;;11312.0;0.0
yf_MKC_d8;52900;ASH_COATED_OSMIUM;9924;14;9922;21;;;9930;18;9934;20;;;9927.0;0.0
yf_MKC_d8;52900;INTARIAN_PEPPER_ROOT;11304;12;11301;20;;;11310;16;11314;22;;;11307.0;0.0
yf_MKC_d8;53000;ASH_COATED_OSMIUM;9923;16;9919;19;;;9929;16;9933;25;;;9926.0;0.0
yf_MKC_d8;53000;INTARIAN_PEPPER_ROOT;11301;15;11297;17;;;11307;6;11309;16;;;11304.0;0.0
yf_MKC_d8;53100;ASH_COATED_OSMIUM;9923;14;9919;27;;;9930;13;9934;14;;;9926.5;0.0
yf_MKC_d8;53100;INTARIAN_PEPPER_ROOT;11297;5;11293;17;;;11305;11;11309;17;;;11301.0;0.0
yf_MKC_d8;53200;ASH_COATED_OSMIUM;9923;11;9921;24;;;9929;16;9931;20;;;9926.0;0.0
yf_MKC_d8;53200;INTARIAN_PEPPER_ROOT;11294;14;11291;24;;;11300;12;11302;14;;;11297.0;0.0
yf_MKC_d8;53300;ASH_COATED_OSMIUM;9921;10;9918;26;;;9931;12;9933;24;;;9926.0;0.0
yf_MKC_d8;53300;INTARIAN_PEPPER_ROOT;11281;7;11277;15;;;11305;26;11308;20;;;11293.0;0.0
yf_MKC_d8;53400;ASH_COATED_OSMIUM;9923;15;9920;22;;;9929;24;9932;16;;;9926.0;0.0
yf_MKC_d8;53400;INTARIAN_PEPPER_ROOT;11271;20;11269;18;;;11309;17;11312;18;;;11290.0;0.0
yf_MKC_d8;53500;ASH_COATED_OSMIUM;9923;8;9920;8;;;9930;14;9932;15;;;9926.5;0.0
yf_MKC_d8;53500;INTARIAN_PEPPER_ROOT;11284;11;11280;18;;;11290;18;11294;8;;;11287.0;0.0
yf_MKC_d8;53600;ASH_COATED_OSMIUM;9906;15;9903;22;;;9948;9;9951;14;;;9927.0;0.0
yf_MKC_d8;53600;INTARIAN_PEPPER_ROOT;11280;14;11278;16;;;11286;17;11288;15;;;11283.0;0.0
yf_MKC_d8;53700;ASH_COATED_OSMIUM;9921;19;9917;27;;;9931;16;9935;19;;;9926.0;0.0
yf_MKC_d8;53700;INTARIAN_PEPPER_ROOT;11277;5;11275;13;;;11283;16;11285;28;;;11280.0;0.0
yf_MKC_d8;53800;ASH_COATED_OSMIUM;9924;17;9921;27;;;9930;30;9934;21;;;9927.0;0.0
yf_MKC_d8;53800;INTARIAN_PEPPER_ROOT;11273;13;11269;32;;;11279;10;11283;27;;;11276.0;0.0
yf_MKC_d8;53900;ASH_COATED_OSMIUM;9924;19;9922;21;;;9930;11;9933;15;;;9927.0;0.0
yf_MKC_d8;53900;INTARIAN_PEPPER_ROOT;11270;5;11267;15;;;11276;8;11280;13;;;11273.0;0.0
yf_MKC_d8;54000;ASH_COATED_OSMIUM;9923;14;9919;19;;;9929;7;9931;22;;;9926.0;0.0
yf_MKC_d8;54000;INTARIAN_PEPPER_ROOT;11264;20;11261;25;;;11275;18;11278;17;;;11269.5;0.0
yf_MKC_d8;54100;ASH_COATED_OSMIUM;9922;14;9918;16;;;9932;20;9935;21;;;9927.0;0.0
yf_MKC_d8;54100;INTARIAN_PEPPER_ROOT;11263;21;11259;22;;;11269;14;11272;21;;;11266.0;0.0
yf_MKC_d8;54200;ASH_COATED_OSMIUM;9921;16;9919;14;;;9934;12;9938;15;;;9927.5;0.0
yf_MKC_d8;54200;INTARIAN_PEPPER_ROOT;11259;19;11255;23;;;11265;21;11267;21;;;11262.0;0.0
yf_MKC_d8;54300;ASH_COATED_OSMIUM;9923;19;9920;17;;;9929;26;9933;20;;;9926.0;0.0
yf_MKC_d8;54300;INTARIAN_PEPPER_ROOT;11253;16;11250;19;;;11264;6;11266;16;;;11258.5;0.0
yf_MKC_d8;54400;ASH_COATED_OSMIUM;9923;5;9920;22;;;9929;7;9931;13;;;9926.0;0.0
yf_MKC_d8;54400;INTARIAN_PEPPER_ROOT;11251;14;11248;26;;;11259;22;11263;19;;;11255.0;0.0
yf_MKC_d8;54500;ASH_COATED_OSMIUM;9924;23;9922;15;;;9930;18;9933;23;;;9927.0;0.0
yf_MKC_d8;54500;INTARIAN_PEPPER_ROOT;11241;14;11238;19;;;11263;9;11267;21;;;11252.0;0.0
yf_MKC_d8;54600;ASH_COATED_OSMIUM;9924;5;9920;23;;;9930;15;9932;15;;;9927.0;0.0
yf_MKC_d8;54600;INTARIAN_PEPPER_ROOT;11246;16;11243;28;;;11252;11;11256;15;;;11249.0;0.0
yf_MKC_d8;54700;ASH_COATED_OSMIUM;9924;15;9920;14;;;9930;14;9934;18;;;9927.0;0.0
yf_MKC_d8;54700;INTARIAN_PEPPER_ROOT;11242;16;11238;13;;;11248;19;11250;16;;;11245.0;0.0
yf_MKC_d8;54800;ASH_COATED_OSMIUM;9904;11;9900;22;;;9950;19;9953;21;;;9927.0;0.0
yf_MKC_d8;54800;INTARIAN_PEPPER_ROOT;11232;15;11230;19;;;11252;9;11255;17;;;11242.0;0.0
yf_MKC_d8;54900;ASH_COATED_OSMIUM;9924;5;9921;15;;;9930;5;9934;12;;;9927.0;0.0
yf_MKC_d8;54900;INTARIAN_PEPPER_ROOT;11235;13;11232;21;;;11241;18;11245;22;;;11238.0;0.0
yf_MKC_d8;55000;ASH_COATED_OSMIUM;9924;17;9922;28;;;9930;11;9933;20;;;9927.0;0.0
yf_MKC_d8;55000;INTARIAN_PEPPER_ROOT;11232;25;11228;22;;;11238;15;11242;22;;;11235.0;0.0
yf_MKC_d8;55100;ASH_COATED_OSMIUM;9921;10;9919;19;;;9932;18;9935;20;;;9926.5;0.0
yf_MKC_d8;55100;INTARIAN_PEPPER_ROOT;11227;8;11224;19;;;11235;16;11239;15;;;11231.0;0.0
yf_MKC_d8;55200;ASH_COATED_OSMIUM;9924;5;9921;19;;;9930;11;9933;13;;;9927.0;0.0
yf_MKC_d8;55200;INTARIAN_PEPPER_ROOT;11217;18;11214;30;;;11237;12;11240;18;;;11227.0;0.0
yf_MKC_d8;55300;ASH_COATED_OSMIUM;9915;9;9912;22;;;9938;17;9940;21;;;9926.5;0.0
yf_MKC_d8;55300;INTARIAN_PEPPER_ROOT;11219;20;11216;14;;;11230;18;11232;17;;;11224.5;0.0
yf_MKC_d8;55400;ASH_COATED_OSMIUM;9924;18;9920;19;;;9930;10;9932;20;;;9927.0;0.0
yf_MKC_d8;55400;INTARIAN_PEPPER_ROOT;11216;26;11213;19;;;11224;14;11226;24;;;11220.0;0.0
yf_MKC_d8;55500;ASH_COATED_OSMIUM;9912;8;9909;24;;;9942;24;9944;17;;;9927.0;0.0
yf_MKC_d8;55500;INTARIAN_PEPPER_ROOT;11212;15;11208;21;;;11222;18;11225;23;;;11217.0;0.0
yf_MKC_d8;55600;ASH_COATED_OSMIUM;9922;18;9918;20;;;9931;20;9935;16;;;9926.5;0.0
yf_MKC_d8;55600;INTARIAN_PEPPER_ROOT;11210;25;11207;19;;;11216;11;11220;12;;;11213.0;0.0
yf_MKC_d8;55700;ASH_COATED_OSMIUM;9914;13;9912;21;;;9941;19;9944;17;;;9927.5;0.0
yf_MKC_d8;55700;INTARIAN_PEPPER_ROOT;11207;5;11204;19;;;11213;11;11216;27;;;11210.0;0.0
yf_MKC_d8;55800;ASH_COATED_OSMIUM;9924;12;9921;17;;;9930;14;9932;32;;;9927.0;0.0
yf_MKC_d8;55800;INTARIAN_PEPPER_ROOT;11204;16;11201;24;;;11210;14;11214;22;;;11207.0;0.0
yf_MKC_d8;55900;ASH_COATED_OSMIUM;9924;16;9920;16;;;9932;12;9935;15;;;9928.0;0.0
yf_MKC_d8;55900;INTARIAN_PEPPER_ROOT;11194;11;11192;13;;;11212;13;11214;22;;;11203.0;0.0
yf_MKC_d8;56000;ASH_COATED_OSMIUM;9921;10;9917;27;;;9933;18;9937;30;;;9927.0;0.0
yf_MKC_d8;56000;INTARIAN_PEPPER_ROOT;11197;13;11195;17;;;11203;9;11207;22;;;11200.0;0.0
yf_MKC_d8;56100;ASH_COATED_OSMIUM;9924;15;9922;23;;;9930;14;9932;28;;;9927.0;0.0
yf_MKC_d8;56100;INTARIAN_PEPPER_ROOT;11194;13;11191;22;;;11200;14;11203;19;;;11197.0;0.0
yf_MKC_d8;56200;ASH_COATED_OSMIUM;9920;12;9916;24;;;9935;10;9939;19;;;9927.5;0.0
yf_MKC_d8;56200;INTARIAN_PEPPER_ROOT;11178;13;11174;16;;;11207;12;11209;17;;;11192.5;0.0
yf_MKC_d8;56300;ASH_COATED_OSMIUM;9924;16;9920;26;;;9930;15;9933;12;;;9927.0;0.0
yf_MKC_d8;56300;INTARIAN_PEPPER_ROOT;11175;5;11171;19;;;11205;15;11208;26;;;11190.0;0.0
yf_MKC_d8;56400;ASH_COATED_OSMIUM;9924;9;9921;17;;;9931;12;9934;20;;;9927.5;0.0
yf_MKC_d8;56400;INTARIAN_PEPPER_ROOT;11183;18;11180;14;;;11189;5;11193;22;;;11186.0;0.0
yf_MKC_d8;56500;ASH_COATED_OSMIUM;9924;7;9921;16;;;9930;14;9934;20;;;9927.0;0.0
yf_MKC_d8;56500;INTARIAN_PEPPER_ROOT;11179;10;11175;25;;;11185;13;11188;27;;;11182.0;0.0
yf_MKC_d8;56600;ASH_COATED_OSMIUM;9924;15;9922;22;;;9930;5;9933;15;;;9927.0;0.0
yf_MKC_d8;56600;INTARIAN_PEPPER_ROOT;11176;10;11174;22;;;11182;13;11186;16;;;11179.0;0.0
yf_MKC_d8;56700;ASH_COATED_OSMIUM;9922;11;9920;23;;;9931;11;9933;15;;;9926.5;0.0
yf_MKC_d8;56700;INTARIAN_PEPPER_ROOT;11173;5;11171;18;;;11179;11;11182;19;;;11176.0;0.0
yf_MKC_d8;56800;ASH_COATED_OSMIUM;9909;10;9906;27;;;9946;23;9949;15;;;9927.5;0.0
yf_MKC_d8;56800;INTARIAN_PEPPER_ROOT;11164;15;11161;13;;;11179;16;11182;20;;;11171.5;0.0
yf_MKC_d8;56900;ASH_COATED_OSMIUM;9924;21;9920;29;;;9930;10;9932;15;;;9927.0;0.0
yf_MKC_d8;56900;INTARIAN_PEPPER_ROOT;11165;7;11163;19;;;11172;19;11174;24;;;11168.5;0.0
yf_MKC_d8;57000;ASH_COATED_OSMIUM;9924;15;9920;11;;;9930;30;9934;13;;;9927.0;0.0
yf_MKC_d8;57000;INTARIAN_PEPPER_ROOT;11162;20;11159;15;;;11168;21;11170;13;;;11165.0;0.0
yf_MKC_d8;57100;ASH_COATED_OSMIUM;9919;17;9917;16;;;9935;10;9939;22;;;9927.0;0.0
yf_MKC_d8;57100;INTARIAN_PEPPER_ROOT;11159;14;11157;14;;;11165;16;11167;28;;;11162.0;0.0
yf_MKC_d8;57200;ASH_COATED_OSMIUM;9920;5;9918;17;;;9936;12;9940;29;;;9928.0;0.0
yf_MKC_d8;57200;INTARIAN_PEPPER_ROOT;11147;17;11145;17;;;11168;15;11171;24;;;11157.5;0.0
yf_MKC_d8;57300;ASH_COATED_OSMIUM;9911;18;9908;15;;;9944;24;9948;18;;;9927.5;0.0
yf_MKC_d8;57300;INTARIAN_PEPPER_ROOT;11150;14;11147;15;;;11160;21;11164;26;;;11155.0;0.0
yf_MKC_d8;57400;ASH_COATED_OSMIUM;9920;17;9917;12;;;9934;12;9937;16;;;9927.0;0.0
yf_MKC_d8;57400;INTARIAN_PEPPER_ROOT;11148;21;11146;21;;;11154;15;11157;17;;;11151.0;0.0
yf_MKC_d8;57500;ASH_COATED_OSMIUM;9925;25;9923;8;;;9931;16;9935;11;;;9928.0;0.0
yf_MKC_d8;57500;INTARIAN_PEPPER_ROOT;11144;18;11142;18;;;11150;13;11153;25;;;11147.0;0.0
yf_MKC_d8;57600;ASH_COATED_OSMIUM;9924;15;9920;23;;;9930;6;9932;27;;;9927.0;0.0
yf_MKC_d8;57600;INTARIAN_PEPPER_ROOT;11141;17;11139;12;;;11147;6;11151;19;;;11144.0;0.0
yf_MKC_d8;57700;ASH_COATED_OSMIUM;9922;21;9919;20;;;9933;12;9937;19;;;9927.5;0.0
yf_MKC_d8;57700;INTARIAN_PEPPER_ROOT;11138;5;11134;17;;;11144;17;11147;8;;;11141.0;0.0
yf_MKC_d8;57800;ASH_COATED_OSMIUM;9925;20;9923;19;;;9931;18;9935;14;;;9928.0;0.0
yf_MKC_d8;57800;INTARIAN_PEPPER_ROOT;11129;23;11126;10;;;11145;13;11148;20;;;11137.0;0.0
yf_MKC_d8;57900;ASH_COATED_OSMIUM;9923;21;9920;17;;;9932;18;9935;34;;;9927.5;0.0
yf_MKC_d8;57900;INTARIAN_PEPPER_ROOT;11130;9;11127;24;;;11136;16;11139;26;;;11133.0;0.0
yf_MKC_d8;58000;ASH_COATED_OSMIUM;9924;17;9920;18;;;9930;9;9932;20;;;9927.0;0.0
yf_MKC_d8;58000;INTARIAN_PEPPER_ROOT;11127;20;11125;19;;;11133;10;11136;16;;;11130.0;0.0
yf_MKC_d8;58100;ASH_COATED_OSMIUM;9925;10;9922;27;;;9931;13;9935;25;;;9928.0;0.0
yf_MKC_d8;58100;INTARIAN_PEPPER_ROOT;11124;18;11120;22;;;11130;15;11133;19;;;11127.0;0.0
yf_MKC_d8;58200;ASH_COATED_OSMIUM;9919;8;9915;20;;;9936;19;9938;14;;;9927.5;0.0
yf_MKC_d8;58200;INTARIAN_PEPPER_ROOT;11120;13;11117;23;;;11126;5;11128;26;;;11123.0;0.0
yf_MKC_d8;58300;ASH_COATED_OSMIUM;9914;13;9910;22;;;9942;5;9944;26;;;9928.0;0.0
yf_MKC_d8;58300;INTARIAN_PEPPER_ROOT;11112;17;11108;24;;;11128;25;11130;23;;;11120.0;0.0
yf_MKC_d8;58400;ASH_COATED_OSMIUM;9922;10;9920;32;;;9933;12;9937;18;;;9927.5;0.0
yf_MKC_d8;58400;INTARIAN_PEPPER_ROOT;11113;8;11109;18;;;11119;13;11123;18;;;11116.0;0.0
yf_MKC_d8;58500;ASH_COATED_OSMIUM;9925;16;9922;19;;;9931;20;9933;15;;;9928.0;0.0
yf_MKC_d8;58500;INTARIAN_PEPPER_ROOT;11110;19;11107;10;;;11116;24;11119;23;;;11113.0;0.0
yf_MKC_d8;58600;ASH_COATED_OSMIUM;9925;5;9923;20;;;9931;13;9933;16;;;9928.0;0.0
yf_MKC_d8;58600;INTARIAN_PEPPER_ROOT;11103;18;11099;27;;;11116;9;11118;31;;;11109.5;0.0
yf_MKC_d8;58700;ASH_COATED_OSMIUM;9922;20;9918;16;;;9932;19;9936;23;;;9927.0;0.0
yf_MKC_d8;58700;INTARIAN_PEPPER_ROOT;11103;5;11101;27;;;11109;20;11113;15;;;11106.0;0.0
yf_MKC_d8;58800;ASH_COATED_OSMIUM;9925;5;9923;24;;;9931;7;9934;26;;;9928.0;0.0
yf_MKC_d8;58800;INTARIAN_PEPPER_ROOT;11099;14;11095;19;;;11105;16;11108;17;;;11102.0;0.0
yf_MKC_d8;58900;ASH_COATED_OSMIUM;9925;22;9922;17;;;9931;24;9933;19;;;9928.0;0.0
yf_MKC_d8;58900;INTARIAN_PEPPER_ROOT;11090;17;11086;21;;;11107;14;11109;13;;;11098.5;0.0
yf_MKC_d8;59000;ASH_COATED_OSMIUM;9921;18;9919;29;;;9935;10;9938;18;;;9928.0;0.0
