day;timestamp;product;bid_price_1;bid_volume_1;bid_price_2;bid_volume_2;bid_price_3;bid_volume_3;ask_price_1;ask_volume_1;ask_price_2;ask_volume_2;ask_price_3;ask_volume_3;mid_price;profit_and_loss
yf_ADM_d4;0;ASH_COATED_OSMIUM;9890;10;9886;26;;;9911;17;9913;21;;;9900.5;0.0
yf_ADM_d4;0;INTARIAN_PEPPER_ROOT;12996;22;12993;15;;;13002;5;13006;24;;;12999.0;0.0
yf_ADM_d4;100;ASH_COATED_OSMIUM;9897;9;9895;17;;;9904;11;9908;12;;;9900.5;0.0
yf_ADM_d4;100;INTARIAN_PEPPER_ROOT;12994;18;12991;20;;;13000;20;13002;16;;;12997.0;0.0
yf_ADM_d4;200;ASH_COATED_OSMIUM;9898;9;9896;26;;;9904;16;9907;14;;;9901.0;0.0
yf_ADM_d4;200;INTARIAN_PEPPER_ROOT;12991;23;12987;20;;;12997;17;12999;30;;;12994.0;0.0
yf_ADM_d4;300;ASH_COATED_OSMIUM;9898;14;9894;12;;;9904;18;9907;8;;;9901.0;0.0
yf_ADM_d4;300;INTARIAN_PEPPER_ROOT;12989;14;12985;29;;;12995;11;12997;23;;;12992.0;0.0
yf_ADM_d4;400;ASH_COATED_OSMIUM;9898;8;9896;27;;;9904;10;9907;29;;;9901.0;0.0
yf_ADM_d4;400;INTARIAN_PEPPER_ROOT;12986;14;12983;17;;;12992;14;12996;22;;;12989.0;0.0
yf_ADM_d4;500;ASH_COATED_OSMIUM;9898;15;9894;19;;;9904;13;9908;11;;;9901.0;0.0
yf_ADM_d4;500;INTARIAN_PEPPER_ROOT;12980;21;12977;26;;;12992;21;12995;24;;;12986.0;0.0
yf_ADM_d4;600;ASH_COATED_OSMIUM;9898;11;9894;22;;;9904;12;9907;18;;;9901.0;0.0
yf_ADM_d4;600;INTARIAN_PEPPER_ROOT;12981;12;12978;16;;;12987;10;12989;8;;;12984.0;0.0
yf_ADM_d4;700;ASH_COATED_OSMIUM;9892;13;9890;23;;;9912;15;9915;20;;;9902.0;0.0
yf_ADM_d4;700;INTARIAN_PEPPER_ROOT;12976;11;12974;14;;;12986;22;12988;21;;;12981.0;0.0
yf_ADM_d4;800;ASH_COATED_OSMIUM;9898;15;9896;20;;;9904;6;9907;20;;;9901.0;0.0
yf_ADM_d4;800;INTARIAN_PEPPER_ROOT;12977;11;12973;18;;;12983;8;12986;20;;;12980.0;0.0
yf_ADM_d4;900;ASH_COATED_OSMIUM;9896;14;9893;25;;;9907;10;9909;21;;;9901.5;0.0
yf_ADM_d4;900;INTARIAN_PEPPER_ROOT;12971;17;12969;21;;;12982;18;12984;27;;;12976.5;0.0
yf_ADM_d4;1000;ASH_COATED_OSMIUM;9895;5;9893;23;;;9909;7;9913;20;;;9902.0;0.0
yf_ADM_d4;1000;INTARIAN_PEPPER_ROOT;12966;9;12964;24;;;12980;16;12982;22;;;12973.0;0.0
yf_ADM_d4;1100;ASH_COATED_OSMIUM;9899;22;9895;24;;;9905;17;9909;17;;;9902.0;0.0
yf_ADM_d4;1100;INTARIAN_PEPPER_ROOT;12965;22;12961;8;;;12977;5;12979;23;;;12971.0;0.0
yf_ADM_d4;1200;ASH_COATED_OSMIUM;9898;19;9896;21;;;9905;5;9908;30;;;9901.5;0.0
yf_ADM_d4;1200;INTARIAN_PEPPER_ROOT;12960;15;12956;16;;;12978;25;12980;17;;;12969.0;0.0
yf_ADM_d4;1300;ASH_COATED_OSMIUM;9899;14;9897;24;;;9905;17;9908;17;;;9902.0;0.0
yf_ADM_d4;1300;INTARIAN_PEPPER_ROOT;12962;19;12960;15;;;12969;9;12972;23;;;12965.5;0.0
yf_ADM_d4;1400;ASH_COATED_OSMIUM;9896;17;9894;17;;;9908;9;9911;24;;;9902.0;0.0
yf_ADM_d4;1400;INTARIAN_PEPPER_ROOT;12960;20;12956;23;;;12966;13;12969;27;;;12963.0;0.0
yf_ADM_d4;1500;ASH_COATED_OSMIUM;9899;15;9896;13;;;9905;10;9907;15;;;9902.0;0.0
yf_ADM_d4;1500;INTARIAN_PEPPER_ROOT;12947;28;12944;25;;;12976;13;12980;18;;;12961.5;0.0
yf_ADM_d4;1600;ASH_COATED_OSMIUM;9899;11;9896;23;;;9905;12;9909;21;;;9902.0;0.0
yf_ADM_d4;1600;INTARIAN_PEPPER_ROOT;12953;15;12951;19;;;12963;12;12965;19;;;12958.0;0.0
yf_ADM_d4;1700;ASH_COATED_OSMIUM;9900;10;9898;18;;;9906;9;9908;16;;;9903.0;0.0
yf_ADM_d4;1700;INTARIAN_PEPPER_ROOT;12953;14;12951;25;;;12959;8;12962;18;;;12956.0;0.0
yf_ADM_d4;1800;ASH_COATED_OSMIUM;9899;14;9895;23;;;9905;15;9907;22;;;9902.0;0.0
yf_ADM_d4;1800;INTARIAN_PEPPER_ROOT;12943;16;12940;17;;;12964;17;12968;15;;;12953.5;0.0
yf_ADM_d4;1900;ASH_COATED_OSMIUM;9899;8;9896;29;;;9905;23;9909;17;;;9902.0;0.0
yf_ADM_d4;1900;INTARIAN_PEPPER_ROOT;12948;21;12945;22;;;12954;12;12957;15;;;12951.0;0.0
yf_ADM_d4;2000;ASH_COATED_OSMIUM;9898;14;9894;16;;;9908;10;9912;19;;;9903.0;0.0
yf_ADM_d4;2000;INTARIAN_PEPPER_ROOT;12945;10;12943;20;;;12951;18;12954;16;;;12948.0;0.0
yf_ADM_d4;2100;ASH_COATED_OSMIUM;9900;6;9896;26;;;9906;19;9910;17;;;9903.0;0.0
yf_ADM_d4;2100;INTARIAN_PEPPER_ROOT;12942;27;12938;23;;;12948;14;12952;16;;;12945.0;0.0
yf_ADM_d4;2200;ASH_COATED_OSMIUM;9900;13;9897;29;;;9906;19;9910;17;;;9903.0;0.0
yf_ADM_d4;2200;INTARIAN_PEPPER_ROOT;12940;18;12936;21;;;12946;14;12948;19;;;12943.0;0.0
yf_ADM_d4;2300;ASH_COATED_OSMIUM;9900;15;9898;13;;;9906;21;9909;15;;;9903.0;0.0
yf_ADM_d4;2300;INTARIAN_PEPPER_ROOT;12937;16;12933;19;;;12943;17;12946;20;;;12940.0;0.0
yf_ADM_d4;2400;ASH_COATED_OSMIUM;9894;15;9891;19;;;9911;21;9913;22;;;9902.5;0.0
yf_ADM_d4;2400;INTARIAN_PEPPER_ROOT;12934;21;12932;16;;;12943;15;12946;10;;;12938.5;0.0
yf_ADM_d4;2500;ASH_COATED_OSMIUM;9900;7;9897;16;;;9906;12;9909;22;;;9903.0;0.0
yf_ADM_d4;2500;INTARIAN_PEPPER_ROOT;12932;11;12928;15;;;12938;6;12942;24;;;12935.0;0.0
yf_ADM_d4;2600;ASH_COATED_OSMIUM;9900;14;9896;20;;;9906;11;9909;22;;;9903.0;0.0
yf_ADM_d4;2600;INTARIAN_PEPPER_ROOT;12929;19;12925;16;;;12935;5;12937;24;;;12932.0;0.0
yf_ADM_d4;2700;ASH_COATED_OSMIUM;9900;12;9898;15;;;9906;9;9910;26;;;9903.0;0.0
yf_ADM_d4;2700;INTARIAN_PEPPER_ROOT;12927;7;12925;16;;;12933;15;12937;20;;;12930.0;0.0
yf_ADM_d4;2800;ASH_COATED_OSMIUM;9899;8;9895;17;;;9906;16;9909;19;;;9902.5;0.0
yf_ADM_d4;2800;INTARIAN_PEPPER_ROOT;12924;8;12921;30;;;12930;22;12932;22;;;12927.0;0.0
yf_ADM_d4;2900;ASH_COATED_OSMIUM;9894;19;9890;25;;;9912;11;9915;20;;;9903.0;0.0
yf_ADM_d4;2900;INTARIAN_PEPPER_ROOT;12922;9;12920;33;;;12928;20;12930;21;;;12925.0;0.0
yf_ADM_d4;3000;ASH_COATED_OSMIUM;9900;5;9898;25;;;9906;7;9910;33;;;9903.0;0.0
yf_ADM_d4;3000;INTARIAN_PEPPER_ROOT;12919;14;12917;17;;;12925;14;12927;10;;;12922.0;0.0
yf_ADM_d4;3100;ASH_COATED_OSMIUM;9900;14;9897;14;;;9906;6;9909;17;;;9903.0;0.0
yf_ADM_d4;3100;INTARIAN_PEPPER_ROOT;12917;17;12913;29;;;12923;11;12927;19;;;12920.0;0.0
yf_ADM_d4;3200;ASH_COATED_OSMIUM;9901;12;9899;18;;;9907;20;9910;25;;;9904.0;0.0
yf_ADM_d4;3200;INTARIAN_PEPPER_ROOT;12915;14;12912;17;;;12921;12;12923;16;;;12918.0;0.0
yf_ADM_d4;3300;ASH_COATED_OSMIUM;9901;26;9897;17;;;9907;16;9910;15;;;9904.0;0.0
yf_ADM_d4;3300;INTARIAN_PEPPER_ROOT;12911;19;12907;22;;;12917;20;12919;22;;;12914.0;0.0
yf_ADM_d4;3400;ASH_COATED_OSMIUM;9901;16;9899;15;;;9907;14;9909;16;;;9904.0;0.0
yf_ADM_d4;3400;INTARIAN_PEPPER_ROOT;12910;15;12906;24;;;12916;15;12919;21;;;12913.0;0.0
yf_ADM_d4;3500;ASH_COATED_OSMIUM;9899;20;9897;21;;;9908;14;9912;21;;;9903.5;0.0
yf_ADM_d4;3500;INTARIAN_PEPPER_ROOT;12905;9;12901;16;;;12914;17;12916;27;;;12909.5;0.0
yf_ADM_d4;3600;ASH_COATED_OSMIUM;9898;8;9894;18;;;9909;13;9913;16;;;9903.5;0.0
yf_ADM_d4;3600;INTARIAN_PEPPER_ROOT;12904;22;12902;14;;;12910;16;12913;16;;;12907.0;0.0
yf_ADM_d4;3700;ASH_COATED_OSMIUM;9895;21;9892;20;;;9913;14;9915;18;;;9904.0;0.0
yf_ADM_d4;3700;INTARIAN_PEPPER_ROOT;12901;18;12899;25;;;12907;14;12910;26;;;12904.0;0.0
yf_ADM_d4;3800;ASH_COATED_OSMIUM;9901;23;9899;21;;;9907;20;9911;21;;;9904.0;0.0
yf_ADM_d4;3800;INTARIAN_PEPPER_ROOT;12899;12;12896;26;;;12905;7;12908;29;;;12902.0;0.0
yf_ADM_d4;3900;ASH_COATED_OSMIUM;9902;14;9900;29;;;9908;16;9912;24;;;9905.0;0.0
yf_ADM_d4;3900;INTARIAN_PEPPER_ROOT;12887;18;12885;16;;;12913;20;12917;10;;;12900.0;0.0
yf_ADM_d4;4000;ASH_COATED_OSMIUM;9901;7;9897;16;;;9909;17;9913;23;;;9905.0;0.0
yf_ADM_d4;4000;INTARIAN_PEPPER_ROOT;12893;6;12889;19;;;12899;20;12903;27;;;12896.0;0.0
yf_ADM_d4;4100;ASH_COATED_OSMIUM;9901;19;9898;17;;;9907;15;9910;29;;;9904.0;0.0
yf_ADM_d4;4100;INTARIAN_PEPPER_ROOT;12891;10;12887;17;;;12897;25;12900;13;;;12894.0;0.0
yf_ADM_d4;4200;ASH_COATED_OSMIUM;9901;11;9899;27;;;9908;22;9911;22;;;9904.5;0.0
yf_ADM_d4;4200;INTARIAN_PEPPER_ROOT;12888;25;12885;26;;;12894;9;12897;18;;;12891.0;0.0
yf_ADM_d4;4300;ASH_COATED_OSMIUM;9902;11;9899;24;;;9908;19;9910;18;;;9905.0;0.0
yf_ADM_d4;4300;INTARIAN_PEPPER_ROOT;12886;14;12883;13;;;12892;16;12896;18;;;12889.0;0.0
yf_ADM_d4;4400;ASH_COATED_OSMIUM;9901;16;9898;22;;;9909;16;9911;23;;;9905.0;0.0
yf_ADM_d4;4400;INTARIAN_PEPPER_ROOT;12883;18;12880;23;;;12889;19;12893;24;;;12886.0;0.0
yf_ADM_d4;4500;ASH_COATED_OSMIUM;9902;11;9899;23;;;9908;5;9911;27;;;9905.0;0.0
yf_ADM_d4;4500;INTARIAN_PEPPER_ROOT;12879;12;12876;20;;;12889;26;12892;18;;;12884.0;0.0
yf_ADM_d4;4600;ASH_COATED_OSMIUM;9891;18;9888;21;;;9920;10;9923;13;;;9905.5;0.0
yf_ADM_d4;4600;INTARIAN_PEPPER_ROOT;12878;11;12874;16;;;12884;19;12886;27;;;12881.0;0.0
yf_ADM_d4;4700;ASH_COATED_OSMIUM;9881;12;9879;18;;;9930;14;9933;19;;;9905.5;0.0
yf_ADM_d4;4700;INTARIAN_PEPPER_ROOT;12875;15;12872;20;;;12881;10;12884;25;;;12878.0;0.0
yf_ADM_d4;4800;ASH_COATED_OSMIUM;9901;14;9898;21;;;9909;16;9911;16;;;9905.0;0.0
yf_ADM_d4;4800;INTARIAN_PEPPER_ROOT;12873;13;12870;21;;;12879;21;12881;21;;;12876.0;0.0
yf_ADM_d4;4900;ASH_COATED_OSMIUM;9902;5;9898;16;;;9908;6;9912;17;;;9905.0;0.0
yf_ADM_d4;4900;INTARIAN_PEPPER_ROOT;12870;14;12867;27;;;12876;15;12878;23;;;12873.0;0.0
yf_ADM_d4;5000;ASH_COATED_OSMIUM;9901;10;9897;20;;;9910;8;9914;24;;;9905.5;0.0
yf_ADM_d4;5000;INTARIAN_PEPPER_ROOT;12866;11;12863;16;;;12874;14;12876;8;;;12870.0;0.0
yf_ADM_d4;5100;ASH_COATED_OSMIUM;9902;19;9900;27;;;9910;17;9912;22;;;9906.0;0.0
yf_ADM_d4;5100;INTARIAN_PEPPER_ROOT;12859;10;12856;25;;;12877;13;12880;15;;;12868.0;0.0
yf_ADM_d4;5200;ASH_COATED_OSMIUM;9902;6;9898;18;;;9908;11;9910;24;;;9905.0;0.0
yf_ADM_d4;5200;INTARIAN_PEPPER_ROOT;12852;14;12849;19;;;12880;14;12882;19;;;12866.0;0.0
yf_ADM_d4;5300;ASH_COATED_OSMIUM;9902;23;9899;23;;;9908;17;9911;16;;;9905.0;0.0
yf_ADM_d4;5300;INTARIAN_PEPPER_ROOT;12860;14;12856;23;;;12866;16;12870;16;;;12863.0;0.0
yf_ADM_d4;5400;ASH_COATED_OSMIUM;9902;13;9900;18;;;9910;7;9912;21;;;9906.0;0.0
yf_ADM_d4;5400;INTARIAN_PEPPER_ROOT;12857;20;12854;18;;;12863;19;12865;19;;;12860.0;0.0
yf_ADM_d4;5500;ASH_COATED_OSMIUM;9903;23;9901;10;;;9909;16;9913;22;;;9906.0;0.0
yf_ADM_d4;5500;INTARIAN_PEPPER_ROOT;12851;15;12849;15;;;12865;15;12868;21;;;12858.0;0.0
yf_ADM_d4;5600;ASH_COATED_OSMIUM;9903;9;9900;14;;;9909;11;9911;20;;;9906.0;0.0
yf_ADM_d4;5600;INTARIAN_PEPPER_ROOT;12846;16;12843;24;;;12866;17;12869;16;;;12856.0;0.0
yf_ADM_d4;5700;ASH_COATED_OSMIUM;9904;13;9901;14;;;9910;21;9914;8;;;9907.0;0.0
yf_ADM_d4;5700;INTARIAN_PEPPER_ROOT;12850;10;12848;27;;;12856;23;12859;22;;;12853.0;0.0
yf_ADM_d4;5800;ASH_COATED_OSMIUM;9902;14;9900;21;;;9912;10;9916;20;;;9907.0;0.0
yf_ADM_d4;5800;INTARIAN_PEPPER_ROOT;12847;5;12845;21;;;12853;9;12857;19;;;12850.0;0.0
yf_ADM_d4;5900;ASH_COATED_OSMIUM;9904;11;9901;10;;;9910;20;9912;18;;;9907.0;0.0
yf_ADM_d4;5900;INTARIAN_PEPPER_ROOT;12843;19;12840;14;;;12853;15;12855;17;;;12848.0;0.0
yf_ADM_d4;6000;ASH_COATED_OSMIUM;9902;17;9899;9;;;9911;19;9915;13;;;9906.5;0.0
yf_ADM_d4;6000;INTARIAN_PEPPER_ROOT;12842;5;12840;17;;;12848;11;12850;20;;;12845.0;0.0
yf_ADM_d4;6100;ASH_COATED_OSMIUM;9904;15;9901;10;;;9910;19;9912;26;;;9907.0;0.0
yf_ADM_d4;6100;INTARIAN_PEPPER_ROOT;12840;12;12838;9;;;12846;21;12849;16;;;12843.0;0.0
yf_ADM_d4;6200;ASH_COATED_OSMIUM;9891;16;9888;20;;;9922;22;9925;24;;;9906.5;0.0
yf_ADM_d4;6200;INTARIAN_PEPPER_ROOT;12833;15;12830;23;;;12847;12;12851;16;;;12840.0;0.0
yf_ADM_d4;6300;ASH_COATED_OSMIUM;9904;8;9902;16;;;9910;8;9913;22;;;9907.0;0.0
yf_ADM_d4;6300;INTARIAN_PEPPER_ROOT;12834;20;12832;32;;;12840;7;12842;25;;;12837.0;0.0
yf_ADM_d4;6400;ASH_COATED_OSMIUM;9904;11;9902;25;;;9910;8;9913;19;;;9907.0;0.0
yf_ADM_d4;6400;INTARIAN_PEPPER_ROOT;12831;15;12829;27;;;12837;22;12839;24;;;12834.0;0.0
yf_ADM_d4;6500;ASH_COATED_OSMIUM;9903;17;9901;20;;;9909;22;9913;23;;;9906.0;0.0
yf_ADM_d4;6500;INTARIAN_PEPPER_ROOT;12809;10;12807;25;;;12855;22;12858;31;;;12832.0;0.0
yf_ADM_d4;6600;ASH_COATED_OSMIUM;9904;8;9902;28;;;9910;12;9913;20;;;9907.0;0.0
yf_ADM_d4;6600;INTARIAN_PEPPER_ROOT;12826;8;12822;21;;;12833;13;12835;22;;;12829.5;0.0
yf_ADM_d4;6700;ASH_COATED_OSMIUM;9904;9;9902;18;;;9910;24;9913;19;;;9907.0;0.0
yf_ADM_d4;6700;INTARIAN_PEPPER_ROOT;12824;19;12820;26;;;12830;10;12832;17;;;12827.0;0.0
yf_ADM_d4;6800;ASH_COATED_OSMIUM;9903;13;9900;24;;;9909;7;9912;21;;;9906.0;0.0
yf_ADM_d4;6800;INTARIAN_PEPPER_ROOT;12818;19;12816;20;;;12831;18;12835;28;;;12824.5;0.0
yf_ADM_d4;6900;ASH_COATED_OSMIUM;9904;15;9900;21;;;9910;16;9914;19;;;9907.0;0.0
yf_ADM_d4;6900;INTARIAN_PEPPER_ROOT;12816;10;12813;25;;;12828;14;12832;17;;;12822.0;0.0
yf_ADM_d4;7000;ASH_COATED_OSMIUM;9904;11;9902;15;;;9910;20;9913;17;;;9907.0;0.0
yf_ADM_d4;7000;INTARIAN_PEPPER_ROOT;12816;17;12813;21;;;12822;14;12825;17;;;12819.0;0.0
yf_ADM_d4;7100;ASH_COATED_OSMIUM;9905;19;9901;17;;;9911;13;9915;22;;;9908.0;0.0
yf_ADM_d4;7100;INTARIAN_PEPPER_ROOT;12814;19;12812;10;;;12820;7;12824;13;;;12817.0;0.0
yf_ADM_d4;7200;ASH_COATED_OSMIUM;9905;17;9902;18;;;9911;14;9914;20;;;9908.0;0.0
yf_ADM_d4;7200;INTARIAN_PEPPER_ROOT;12811;17;12808;28;;;12817;11;12819;10;;;12814.0;0.0
yf_ADM_d4;7300;ASH_COATED_OSMIUM;9893;24;9891;20;;;9921;11;9925;22;;;9907.0;0.0
yf_ADM_d4;7300;INTARIAN_PEPPER_ROOT;12809;18;12807;15;;;12815;5;12818;20;;;12812.0;0.0
yf_ADM_d4;7400;ASH_COATED_OSMIUM;9905;24;9902;14;;;9911;19;9913;18;;;9908.0;0.0
yf_ADM_d4;7400;INTARIAN_PEPPER_ROOT;12801;7;12798;25;;;12816;18;12820;18;;;12808.5;0.0
yf_ADM_d4;7500;ASH_COATED_OSMIUM;9905;14;9903;23;;;9911;8;9913;19;;;9908.0;0.0
yf_ADM_d4;7500;INTARIAN_PEPPER_ROOT;12801;15;12798;14;;;12813;6;12815;21;;;12807.0;0.0
yf_ADM_d4;7600;ASH_COATED_OSMIUM;9904;13;9901;19;;;9913;5;9916;8;;;9908.5;0.0
yf_ADM_d4;7600;INTARIAN_PEPPER_ROOT;12801;11;12797;11;;;12807;10;12810;21;;;12804.0;0.0
yf_ADM_d4;7700;ASH_COATED_OSMIUM;9892;21;9890;25;;;9923;7;9925;22;;;9907.5;0.0
yf_ADM_d4;7700;INTARIAN_PEPPER_ROOT;12798;11;12795;18;;;12804;6;12806;20;;;12801.0;0.0
yf_ADM_d4;7800;ASH_COATED_OSMIUM;9904;9;9900;24;;;9911;14;9913;19;;;9907.5;0.0
yf_ADM_d4;7800;INTARIAN_PEPPER_ROOT;12796;17;12792;21;;;12802;9;12804;20;;;12799.0;0.0
yf_ADM_d4;7900;ASH_COATED_OSMIUM;9904;14;9901;22;;;9913;19;9916;20;;;9908.5;0.0
yf_ADM_d4;7900;INTARIAN_PEPPER_ROOT;12794;14;12790;20;;;12800;25;12803;25;;;12797.0;0.0
yf_ADM_d4;8000;ASH_COATED_OSMIUM;9899;17;9897;22;;;9918;22;9921;17;;;9908.5;0.0
yf_ADM_d4;8000;INTARIAN_PEPPER_ROOT;12791;12;12789;20;;;12797;8;12800;18;;;12794.0;0.0
yf_ADM_d4;8100;ASH_COATED_OSMIUM;9904;12;9900;19;;;9913;20;9916;31;;;9908.5;0.0
yf_ADM_d4;8100;INTARIAN_PEPPER_ROOT;12785;5;12782;16;;;12798;14;12800;14;;;12791.5;0.0
yf_ADM_d4;8200;ASH_COATED_OSMIUM;9905;5;9901;29;;;9911;29;9915;21;;;9908.0;0.0
yf_ADM_d4;8200;INTARIAN_PEPPER_ROOT;12779;14;12777;11;;;12798;8;12800;22;;;12788.5;0.0
yf_ADM_d4;8300;ASH_COATED_OSMIUM;9905;19;9903;14;;;9913;9;9917;17;;;9909.0;0.0
yf_ADM_d4;8300;INTARIAN_PEPPER_ROOT;12784;11;12780;19;;;12790;20;12794;18;;;12787.0;0.0
yf_ADM_d4;8400;ASH_COATED_OSMIUM;9906;18;9903;23;;;9912;14;9916;12;;;9909.0;0.0
yf_ADM_d4;8400;INTARIAN_PEPPER_ROOT;12780;15;12776;15;;;12786;21;12788;19;;;12783.0;0.0
yf_ADM_d4;8500;ASH_COATED_OSMIUM;9905;18;9901;17;;;9911;14;9914;11;;;9908.0;0.0
yf_ADM_d4;8500;INTARIAN_PEPPER_ROOT;12778;17;12775;20;;;12784;5;12788;21;;;12781.0;0.0
yf_ADM_d4;8600;ASH_COATED_OSMIUM;9906;5;9903;22;;;9912;10;9914;19;;;9909.0;0.0
yf_ADM_d4;8600;INTARIAN_PEPPER_ROOT;12774;23;12770;10;;;12783;17;12787;10;;;12778.5;0.0
yf_ADM_d4;8700;ASH_COATED_OSMIUM;9907;10;9905;13;;;9913;14;9916;21;;;9910.0;0.0
yf_ADM_d4;8700;INTARIAN_PEPPER_ROOT;12773;24;12770;16;;;12779;19;12782;16;;;12776.0;0.0
yf_ADM_d4;8800;ASH_COATED_OSMIUM;9905;16;9903;18;;;9913;26;9916;22;;;9909.0;0.0
yf_ADM_d4;8800;INTARIAN_PEPPER_ROOT;12770;22;12766;10;;;12776;23;12778;34;;;12773.0;0.0
yf_ADM_d4;8900;ASH_COATED_OSMIUM;9900;14;9896;20;;;9918;14;9921;21;;;9909.0;0.0
yf_ADM_d4;8900;INTARIAN_PEPPER_ROOT;12765;15;12763;23;;;12776;16;12780;15;;;12770.5;0.0
yf_ADM_d4;9000;ASH_COATED_OSMIUM;9902;16;9900;20;;;9917;7;9921;8;;;9909.5;0.0
yf_ADM_d4;9000;INTARIAN_PEPPER_ROOT;12739;15;12735;21;;;12798;18;12802;18;;;12768.5;0.0
yf_ADM_d4;9100;ASH_COATED_OSMIUM;9902;8;9900;23;;;9917;22;9920;19;;;9909.5;0.0
yf_ADM_d4;9100;INTARIAN_PEPPER_ROOT;12748;12;12746;25;;;12782;13;12784;15;;;12765.0;0.0
yf_ADM_d4;9200;ASH_COATED_OSMIUM;9907;10;9905;15;;;9913;15;9916;18;;;9910.0;0.0
yf_ADM_d4;9200;INTARIAN_PEPPER_ROOT;12749;21;12745;13;;;12777;18;12781;26;;;12763.0;0.0
yf_ADM_d4;9300;ASH_COATED_OSMIUM;9907;20;9903;18;;;9913;15;9916;20;;;9910.0;0.0
yf_ADM_d4;9300;INTARIAN_PEPPER_ROOT;12757;8;12754;24;;;12763;12;12766;16;;;12760.0;0.0
yf_ADM_d4;9400;ASH_COATED_OSMIUM;9906;9;9903;10;;;9914;5;9917;18;;;9910.0;0.0
yf_ADM_d4;9400;INTARIAN_PEPPER_ROOT;12754;20;12750;15;;;12760;18;12764;18;;;12757.0;0.0
yf_ADM_d4;9500;ASH_COATED_OSMIUM;9898;17;9895;26;;;9921;24;9925;24;;;9909.5;0.0
yf_ADM_d4;9500;INTARIAN_PEPPER_ROOT;12752;10;12750;17;;;12758;13;12761;19;;;12755.0;0.0
yf_ADM_d4;9600;ASH_COATED_OSMIUM;9907;16;9905;13;;;9914;15;9918;31;;;9910.5;0.0
yf_ADM_d4;9600;INTARIAN_PEPPER_ROOT;12742;16;12739;24;;;12762;23;12765;22;;;12752.0;0.0
yf_ADM_d4;9700;ASH_COATED_OSMIUM;9907;17;9903;20;;;9913;12;9915;13;;;9910.0;0.0
yf_ADM_d4;9700;INTARIAN_PEPPER_ROOT;12747;13;12743;25;;;12753;10;12757;17;;;12750.0;0.0
yf_ADM_d4;9800;ASH_COATED_OSMIUM;9907;12;9904;17;;;9913;19;9917;25;;;9910.0;0.0
yf_ADM_d4;9800;INTARIAN_PEPPER_ROOT;12744;9;12742;20;;;12750;15;12754;19;;;12747.0;0.0
yf_ADM_d4;9900;ASH_COATED_OSMIUM;9907;12;9904;16;;;9913;19;9916;22;;;9910.0;0.0
yf_ADM_d4;9900;INTARIAN_PEPPER_ROOT;12741;15;12738;17;;;12747;15;12750;17;;;12744.0;0.0
yf_ADM_d4;10000;ASH_COATED_OSMIUM;9907;12;9904;19;;;9913;17;9917;19;;;9910.0;0.0
yf_ADM_d4;10000;INTARIAN_PEPPER_ROOT;12739;16;12735;25;;;12745;11;12749;27;;;12742.0;0.0
yf_ADM_d4;10100;ASH_COATED_OSMIUM;9892;16;9889;19;;;9928;17;9931;25;;;9910.0;0.0
yf_ADM_d4;10100;INTARIAN_PEPPER_ROOT;12737;16;12733;18;;;12743;19;12745;29;;;12740.0;0.0
yf_ADM_d4;10200;ASH_COATED_OSMIUM;9905;15;9901;20;;;9916;18;9919;22;;;9910.5;0.0
yf_ADM_d4;10200;INTARIAN_PEPPER_ROOT;12732;10;12730;15;;;12741;18;12744;18;;;12736.5;0.0
yf_ADM_d4;10300;ASH_COATED_OSMIUM;9907;17;9903;11;;;9913;9;9915;26;;;9910.0;0.0
yf_ADM_d4;10300;INTARIAN_PEPPER_ROOT;12729;16;12727;23;;;12740;19;12744;29;;;12734.5;0.0
yf_ADM_d4;10400;ASH_COATED_OSMIUM;9908;18;9906;16;;;9914;11;9916;21;;;9911.0;0.0
yf_ADM_d4;10400;INTARIAN_PEPPER_ROOT;12729;15;12727;23;;;12735;19;12737;20;;;12732.0;0.0
yf_ADM_d4;10500;ASH_COATED_OSMIUM;9899;25;9895;24;;;9921;19;9925;19;;;9910.0;0.0
yf_ADM_d4;10500;INTARIAN_PEPPER_ROOT;12727;21;12725;16;;;12733;20;12736;12;;;12730.0;0.0
yf_ADM_d4;10600;ASH_COATED_OSMIUM;9908;17;9906;19;;;9914;19;9917;15;;;9911.0;0.0
yf_ADM_d4;10600;INTARIAN_PEPPER_ROOT;12724;17;12722;16;;;12730;14;12734;21;;;12727.0;0.0
yf_ADM_d4;10700;ASH_COATED_OSMIUM;9901;12;9897;19;;;9921;24;9923;20;;;9911.0;0.0
yf_ADM_d4;10700;INTARIAN_PEPPER_ROOT;12720;12;12717;21;;;12729;22;12733;17;;;12724.5;0.0
yf_ADM_d4;10800;ASH_COATED_OSMIUM;9908;13;9904;14;;;9914;23;9918;17;;;9911.0;0.0
yf_ADM_d4;10800;INTARIAN_PEPPER_ROOT;12709;17;12706;19;;;12735;7;12739;18;;;12722.0;0.0
yf_ADM_d4;10900;ASH_COATED_OSMIUM;9909;10;9905;25;;;9915;5;9919;25;;;9912.0;0.0
yf_ADM_d4;10900;INTARIAN_PEPPER_ROOT;12714;14;12710;18;;;12724;20;12727;16;;;12719.0;0.0
yf_ADM_d4;11000;ASH_COATED_OSMIUM;9905;7;9901;16;;;9917;8;9919;17;;;9911.0;0.0
yf_ADM_d4;11000;INTARIAN_PEPPER_ROOT;12712;12;12709;24;;;12721;5;12723;24;;;12716.5;0.0
yf_ADM_d4;11100;ASH_COATED_OSMIUM;9906;13;9902;24;;;9915;13;9919;18;;;9910.5;0.0
yf_ADM_d4;11100;INTARIAN_PEPPER_ROOT;12707;24;12705;15;;;12722;10;12726;25;;;12714.5;0.0
yf_ADM_d4;11200;ASH_COATED_OSMIUM;9905;19;9901;23;;;9918;19;9922;19;;;9911.5;0.0
yf_ADM_d4;11200;INTARIAN_PEPPER_ROOT;12708;16;12705;21;;;12714;11;12717;30;;;12711.0;0.0
yf_ADM_d4;11300;ASH_COATED_OSMIUM;9905;5;9903;16;;;9917;20;9921;13;;;9911.0;0.0
yf_ADM_d4;11300;INTARIAN_PEPPER_ROOT;12706;26;12704;9;;;12712;17;12715;18;;;12709.0;0.0
yf_ADM_d4;11400;ASH_COATED_OSMIUM;9904;9;9901;15;;;9918;20;9920;22;;;9911.0;0.0
yf_ADM_d4;11400;INTARIAN_PEPPER_ROOT;12704;5;12702;17;;;12710;14;12714;20;;;12707.0;0.0
yf_ADM_d4;11500;ASH_COATED_OSMIUM;9909;18;9906;15;;;9915;7;9918;27;;;9912.0;0.0
yf_ADM_d4;11500;INTARIAN_PEPPER_ROOT;12698;11;12694;23;;;12707;12;12710;12;;;12702.5;0.0
yf_ADM_d4;11600;ASH_COATED_OSMIUM;9909;13;9906;26;;;9915;16;9917;19;;;9912.0;0.0
yf_ADM_d4;11600;INTARIAN_PEPPER_ROOT;12697;14;12694;16;;;12703;17;12707;15;;;12700.0;0.0
yf_ADM_d4;11700;ASH_COATED_OSMIUM;9901;19;9899;14;;;9924;5;9926;24;;;9912.5;0.0
yf_ADM_d4;11700;INTARIAN_PEPPER_ROOT;12696;13;12693;18;;;12702;10;12705;17;;;12699.0;0.0
yf_ADM_d4;11800;ASH_COATED_OSMIUM;9909;16;9907;17;;;9915;11;9918;25;;;9912.0;0.0
yf_ADM_d4;11800;INTARIAN_PEPPER_ROOT;12693;9;12689;21;;;12699;22;12701;16;;;12696.0;0.0
yf_ADM_d4;11900;ASH_COATED_OSMIUM;9907;17;9904;19;;;9916;13;9920;20;;;9911.5;0.0
yf_ADM_d4;11900;INTARIAN_PEPPER_ROOT;12690;6;12686;19;;;12696;16;12698;22;;;12693.0;0.0
yf_ADM_d4;12000;ASH_COATED_OSMIUM;9909;11;9906;16;;;9915;14;9918;19;;;9912.0;0.0
yf_ADM_d4;12000;INTARIAN_PEPPER_ROOT;12686;16;12684;13;;;12695;16;12699;27;;;12690.5;0.0
yf_ADM_d4;12100;ASH_COATED_OSMIUM;9908;12;9905;19;;;9917;15;9921;18;;;9912.5;0.0
yf_ADM_d4;12100;INTARIAN_PEPPER_ROOT;12682;12;12679;19;;;12694;14;12696;25;;;12688.0;0.0
yf_ADM_d4;12200;ASH_COATED_OSMIUM;9909;13;9907;20;;;9915;5;9919;21;;;9912.0;0.0
yf_ADM_d4;12200;INTARIAN_PEPPER_ROOT;12678;19;12675;17;;;12692;19;12696;23;;;12685.0;0.0
yf_ADM_d4;12300;ASH_COATED_OSMIUM;9905;9;9903;24;;;9919;23;9921;11;;;9912.0;0.0
yf_ADM_d4;12300;INTARIAN_PEPPER_ROOT;12654;13;12651;17;;;12713;21;12717;25;;;12683.5;0.0
yf_ADM_d4;12400;ASH_COATED_OSMIUM;9899;11;9896;17;;;9926;5;9929;18;;;9912.5;0.0
yf_ADM_d4;12400;INTARIAN_PEPPER_ROOT;12677;5;12675;18;;;12684;29;12686;22;;;12680.5;0.0
yf_ADM_d4;12500;ASH_COATED_OSMIUM;9906;16;9903;11;;;9919;21;9923;17;;;9912.5;0.0
yf_ADM_d4;12500;INTARIAN_PEPPER_ROOT;12671;23;12667;17;;;12684;21;12688;13;;;12677.5;0.0
yf_ADM_d4;12600;ASH_COATED_OSMIUM;9903;11;9899;21;;;9923;10;9927;21;;;9913.0;0.0
yf_ADM_d4;12600;INTARIAN_PEPPER_ROOT;12672;5;12670;24;;;12678;20;12681;27;;;12675.0;0.0
yf_ADM_d4;12700;ASH_COATED_OSMIUM;9910;15;9907;15;;;9916;16;9920;24;;;9913.0;0.0
yf_ADM_d4;12700;INTARIAN_PEPPER_ROOT;12668;18;12664;10;;;12677;8;12681;15;;;12672.5;0.0
yf_ADM_d4;12800;ASH_COATED_OSMIUM;9906;7;9902;15;;;9919;19;9921;21;;;9912.5;0.0
yf_ADM_d4;12800;INTARIAN_PEPPER_ROOT;12666;19;12662;15;;;12674;17;12677;19;;;12670.0;0.0
yf_ADM_d4;12900;ASH_COATED_OSMIUM;9909;14;9906;15;;;9918;8;9921;21;;;9913.5;0.0
yf_ADM_d4;12900;INTARIAN_PEPPER_ROOT;12665;12;12663;19;;;12671;15;12673;14;;;12668.0;0.0
yf_ADM_d4;13000;ASH_COATED_OSMIUM;9910;18;9906;18;;;9916;9;9920;17;;;9913.0;0.0
yf_ADM_d4;13000;INTARIAN_PEPPER_ROOT;12661;12;12659;19;;;12669;6;12671;27;;;12665.0;0.0
yf_ADM_d4;13100;ASH_COATED_OSMIUM;9906;14;9903;12;;;9921;20;9925;15;;;9913.5;0.0
yf_ADM_d4;13100;INTARIAN_PEPPER_ROOT;12659;21;12656;20;;;12665;16;12668;9;;;12662.0;0.0
yf_ADM_d4;13200;ASH_COATED_OSMIUM;9909;11;9907;18;;;9918;13;9920;13;;;9913.5;0.0
yf_ADM_d4;13200;INTARIAN_PEPPER_ROOT;12657;17;12654;13;;;12663;17;12666;14;;;12660.0;0.0
yf_ADM_d4;13300;ASH_COATED_OSMIUM;9911;28;9909;18;;;9917;11;9921;21;;;9914.0;0.0
yf_ADM_d4;13300;INTARIAN_PEPPER_ROOT;12654;6;12650;17;;;12660;17;12663;23;;;12657.0;0.0
yf_ADM_d4;13400;ASH_COATED_OSMIUM;9909;25;9905;15;;;9918;21;9922;11;;;9913.5;0.0
yf_ADM_d4;13400;INTARIAN_PEPPER_ROOT;12651;20;12648;17;;;12659;10;12662;27;;;12655.0;0.0
yf_ADM_d4;13500;ASH_COATED_OSMIUM;9911;14;9909;17;;;9917;5;9919;23;;;9914.0;0.0
yf_ADM_d4;13500;INTARIAN_PEPPER_ROOT;12647;17;12645;17;;;12657;5;12659;20;;;12652.0;0.0
yf_ADM_d4;13600;ASH_COATED_OSMIUM;9910;11;9906;19;;;9917;15;9920;21;;;9913.5;0.0
yf_ADM_d4;13600;INTARIAN_PEPPER_ROOT;12646;10;12643;26;;;12652;5;12654;26;;;12649.0;0.0
yf_ADM_d4;13700;ASH_COATED_OSMIUM;9911;19;9909;19;;;9917;16;9919;18;;;9914.0;0.0
yf_ADM_d4;13700;INTARIAN_PEPPER_ROOT;12640;15;12637;15;;;12654;21;12658;20;;;12647.0;0.0
yf_ADM_d4;13800;ASH_COATED_OSMIUM;9911;14;9907;25;;;9918;11;9920;21;;;9914.5;0.0
yf_ADM_d4;13800;INTARIAN_PEPPER_ROOT;12641;20;12638;27;;;12647;13;12649;23;;;12644.0;0.0
yf_ADM_d4;13900;ASH_COATED_OSMIUM;9911;12;9908;25;;;9917;15;9920;19;;;9914.0;0.0
yf_ADM_d4;13900;INTARIAN_PEPPER_ROOT;12639;20;12636;23;;;12645;5;12647;28;;;12642.0;0.0
yf_ADM_d4;14000;ASH_COATED_OSMIUM;9911;18;9909;13;;;9917;11;9920;22;;;9914.0;0.0
yf_ADM_d4;14000;INTARIAN_PEPPER_ROOT;12636;18;12632;16;;;12642;5;12644;14;;;12639.0;0.0
yf_ADM_d4;14100;ASH_COATED_OSMIUM;9909;23;9906;19;;;9920;21;9922;12;;;9914.5;0.0
yf_ADM_d4;14100;INTARIAN_PEPPER_ROOT;12632;19;12628;16;;;12640;9;12643;23;;;12636.0;0.0
yf_ADM_d4;14200;ASH_COATED_OSMIUM;9912;20;9908;26;;;9918;18;9921;20;;;9915.0;0.0
yf_ADM_d4;14200;INTARIAN_PEPPER_ROOT;12628;9;12626;19;;;12640;18;12644;19;;;12634.0;0.0
yf_ADM_d4;14300;ASH_COATED_OSMIUM;9911;26;9907;18;;;9917;12;9921;23;;;9914.0;0.0
yf_ADM_d4;14300;INTARIAN_PEPPER_ROOT;12629;17;12625;21;;;12635;11;12639;18;;;12632.0;0.0
yf_ADM_d4;14400;ASH_COATED_OSMIUM;9911;11;9908;10;;;9917;18;9919;27;;;9914.0;0.0
yf_ADM_d4;14400;INTARIAN_PEPPER_ROOT;12626;27;12623;15;;;12632;15;12634;26;;;12629.0;0.0
yf_ADM_d4;14500;ASH_COATED_OSMIUM;9911;14;9908;20;;;9917;18;9919;8;;;9914.0;0.0
yf_ADM_d4;14500;INTARIAN_PEPPER_ROOT;12623;11;12619;20;;;12630;18;12633;22;;;12626.5;0.0
yf_ADM_d4;14600;ASH_COATED_OSMIUM;9912;11;9908;18;;;9918;12;9920;28;;;9915.0;0.0
yf_ADM_d4;14600;INTARIAN_PEPPER_ROOT;12621;17;12619;25;;;12627;10;12629;19;;;12624.0;0.0
yf_ADM_d4;14700;ASH_COATED_OSMIUM;9909;18;9906;17;;;9919;20;9923;17;;;9914.0;0.0
yf_ADM_d4;14700;INTARIAN_PEPPER_ROOT;12618;10;12616;22;;;12624;21;12628;21;;;12621.0;0.0
yf_ADM_d4;14800;ASH_COATED_OSMIUM;9912;20;9908;16;;;9918;22;9922;18;;;9915.0;0.0
yf_ADM_d4;14800;INTARIAN_PEPPER_ROOT;12611;7;12608;30;;;12625;18;12628;18;;;12618.0;0.0
yf_ADM_d4;14900;ASH_COATED_OSMIUM;9909;20;9907;17;;;9920;5;9923;10;;;9914.5;0.0
yf_ADM_d4;14900;INTARIAN_PEPPER_ROOT;12613;11;12609;18;;;12619;11;12623;25;;;12616.0;0.0
yf_ADM_d4;15000;ASH_COATED_OSMIUM;9913;17;9909;20;;;9919;14;9921;8;;;9916.0;0.0
yf_ADM_d4;15000;INTARIAN_PEPPER_ROOT;12612;17;12609;11;;;12618;7;12620;20;;;12615.0;0.0
yf_ADM_d4;15100;ASH_COATED_OSMIUM;9912;11;9910;24;;;9918;8;9921;18;;;9915.0;0.0
yf_ADM_d4;15100;INTARIAN_PEPPER_ROOT;12608;11;12604;23;;;12614;15;12617;18;;;12611.0;0.0
yf_ADM_d4;15200;ASH_COATED_OSMIUM;9912;7;9909;20;;;9918;7;9922;14;;;9915.0;0.0
yf_ADM_d4;15200;INTARIAN_PEPPER_ROOT;12603;16;12599;27;;;12614;9;12617;11;;;12608.5;0.0
yf_ADM_d4;15300;ASH_COATED_OSMIUM;9912;21;9908;23;;;9920;13;9922;20;;;9916.0;0.0
yf_ADM_d4;15300;INTARIAN_PEPPER_ROOT;12596;26;12594;15;;;12614;13;12616;19;;;12605.0;0.0
yf_ADM_d4;15400;ASH_COATED_OSMIUM;9912;13;9909;17;;;9918;15;9922;18;;;9915.0;0.0
yf_ADM_d4;15400;INTARIAN_PEPPER_ROOT;12591;13;12589;19;;;12615;13;12618;21;;;12603.0;0.0
yf_ADM_d4;15500;ASH_COATED_OSMIUM;9911;14;9908;15;;;9923;16;9927;9;;;9917.0;0.0
yf_ADM_d4;15500;INTARIAN_PEPPER_ROOT;12597;15;12595;19;;;12606;7;12608;15;;;12601.5;0.0
yf_ADM_d4;15600;ASH_COATED_OSMIUM;9897;16;9893;16;;;9935;16;9939;19;;;9916.0;0.0
yf_ADM_d4;15600;INTARIAN_PEPPER_ROOT;12590;24;12586;30;;;12607;20;12611;27;;;12598.5;0.0
yf_ADM_d4;15700;ASH_COATED_OSMIUM;9913;18;9911;12;;;9919;21;9923;14;;;9916.0;0.0
yf_ADM_d4;15700;INTARIAN_PEPPER_ROOT;12593;12;12589;15;;;12599;6;12602;16;;;12596.0;0.0
yf_ADM_d4;15800;ASH_COATED_OSMIUM;9912;19;9910;18;;;9918;16;9922;20;;;9915.0;0.0
yf_ADM_d4;15800;INTARIAN_PEPPER_ROOT;12590;15;12588;19;;;12596;12;12600;28;;;12593.0;0.0
yf_ADM_d4;15900;ASH_COATED_OSMIUM;9909;15;9905;13;;;9922;14;9926;23;;;9915.5;0.0
yf_ADM_d4;15900;INTARIAN_PEPPER_ROOT;12579;9;12576;22;;;12601;11;12604;11;;;12590.0;0.0
yf_ADM_d4;16000;ASH_COATED_OSMIUM;9913;8;9910;21;;;9919;16;9923;31;;;9916.0;0.0
yf_ADM_d4;16000;INTARIAN_PEPPER_ROOT;12585;8;12582;20;;;12591;9;12593;16;;;12588.0;0.0
yf_ADM_d4;16100;ASH_COATED_OSMIUM;9914;24;9912;12;;;9920;12;9924;19;;;9917.0;0.0
yf_ADM_d4;16100;INTARIAN_PEPPER_ROOT;12582;12;12579;21;;;12588;19;12590;22;;;12585.0;0.0
yf_ADM_d4;16200;ASH_COATED_OSMIUM;9913;19;9911;23;;;9919;19;9922;20;;;9916.0;0.0
yf_ADM_d4;16200;INTARIAN_PEPPER_ROOT;12580;12;12577;10;;;12586;10;12590;17;;;12583.0;0.0
yf_ADM_d4;16300;ASH_COATED_OSMIUM;9911;21;9909;22;;;9922;16;9925;16;;;9916.5;0.0
yf_ADM_d4;16300;INTARIAN_PEPPER_ROOT;12574;16;12571;10;;;12585;12;12587;16;;;12579.5;0.0
yf_ADM_d4;16400;ASH_COATED_OSMIUM;9908;14;9905;30;;;9925;12;9928;17;;;9916.5;0.0
yf_ADM_d4;16400;INTARIAN_PEPPER_ROOT;12574;14;12571;19;;;12580;15;12582;20;;;12577.0;0.0
yf_ADM_d4;16500;ASH_COATED_OSMIUM;9911;11;9909;31;;;9923;15;9927;22;;;9917.0;0.0
yf_ADM_d4;16500;INTARIAN_PEPPER_ROOT;12570;12;12568;8;;;12579;15;12581;22;;;12574.5;0.0
yf_ADM_d4;16600;ASH_COATED_OSMIUM;9913;12;9909;20;;;9919;15;9923;16;;;9916.0;0.0
yf_ADM_d4;16600;INTARIAN_PEPPER_ROOT;12557;16;12553;15;;;12587;9;12590;19;;;12572.0;0.0
yf_ADM_d4;16700;ASH_COATED_OSMIUM;9912;17;9908;15;;;9921;16;9925;19;;;9916.5;0.0
yf_ADM_d4;16700;INTARIAN_PEPPER_ROOT;12565;13;12562;23;;;12574;20;12578;20;;;12569.5;0.0
yf_ADM_d4;16800;ASH_COATED_OSMIUM;9914;5;9912;20;;;9920;17;9923;23;;;9917.0;0.0
yf_ADM_d4;16800;INTARIAN_PEPPER_ROOT;12564;15;12561;21;;;12570;16;12573;18;;;12567.0;0.0
yf_ADM_d4;16900;ASH_COATED_OSMIUM;9914;13;9910;15;;;9920;19;9923;13;;;9917.0;0.0
yf_ADM_d4;16900;INTARIAN_PEPPER_ROOT;12556;16;12552;22;;;12573;10;12575;25;;;12564.5;0.0
yf_ADM_d4;17000;ASH_COATED_OSMIUM;9914;16;9910;22;;;9920;16;9923;21;;;9917.0;0.0
yf_ADM_d4;17000;INTARIAN_PEPPER_ROOT;12559;5;12555;16;;;12565;5;12568;16;;;12562.0;0.0
yf_ADM_d4;17100;ASH_COATED_OSMIUM;9911;17;9908;25;;;9923;22;9927;24;;;9917.0;0.0
yf_ADM_d4;17100;INTARIAN_PEPPER_ROOT;12559;10;12556;22;;;12565;12;12569;28;;;12562.0;0.0
yf_ADM_d4;17200;ASH_COATED_OSMIUM;9915;21;9913;23;;;9921;20;9925;18;;;9918.0;0.0
yf_ADM_d4;17200;INTARIAN_PEPPER_ROOT;12558;9;12556;22;;;12564;15;12566;14;;;12561.0;0.0
yf_ADM_d4;17300;ASH_COATED_OSMIUM;9913;17;9910;21;;;9921;16;9923;14;;;9917.0;0.0
yf_ADM_d4;17300;INTARIAN_PEPPER_ROOT;12551;13;12547;15;;;12569;15;12573;23;;;12560.0;0.0
yf_ADM_d4;17400;ASH_COATED_OSMIUM;9911;21;9908;14;;;9923;16;9927;19;;;9917.0;0.0
yf_ADM_d4;17400;INTARIAN_PEPPER_ROOT;12556;5;12552;19;;;12562;11;12566;20;;;12559.0;0.0
yf_ADM_d4;17500;ASH_COATED_OSMIUM;9913;11;9909;19;;;9923;19;9925;32;;;9918.0;0.0
yf_ADM_d4;17500;INTARIAN_PEPPER_ROOT;12553;18;12549;18;;;12561;10;12565;24;;;12557.0;0.0
yf_ADM_d4;17600;ASH_COATED_OSMIUM;9915;11;9913;25;;;9921;15;9923;13;;;9918.0;0.0
yf_ADM_d4;17600;INTARIAN_PEPPER_ROOT;12549;13;12547;23;;;12563;17;12566;27;;;12556.0;0.0
yf_ADM_d4;17700;ASH_COATED_OSMIUM;9915;15;9912;19;;;9921;21;9925;30;;;9918.0;0.0
yf_ADM_d4;17700;INTARIAN_PEPPER_ROOT;12550;14;12546;14;;;12559;19;12562;20;;;12554.5;0.0
yf_ADM_d4;17800;ASH_COATED_OSMIUM;9915;10;9911;12;;;9921;16;9923;28;;;9918.0;0.0
yf_ADM_d4;17800;INTARIAN_PEPPER_ROOT;12546;15;12544;27;;;12562;8;12565;19;;;12554.0;0.0
yf_ADM_d4;17900;ASH_COATED_OSMIUM;9908;17;9906;25;;;9927;17;9931;20;;;9917.5;0.0
yf_ADM_d4;17900;INTARIAN_PEPPER_ROOT;12550;16;12546;20;;;12556;12;12558;22;;;12553.0;0.0
yf_ADM_d4;18000;ASH_COATED_OSMIUM;9914;17;9912;20;;;9920;20;9924;24;;;9917.0;0.0
yf_ADM_d4;18000;INTARIAN_PEPPER_ROOT;12548;15;12546;15;;;12554;7;12556;21;;;12551.0;0.0
yf_ADM_d4;18100;ASH_COATED_OSMIUM;9915;20;9911;26;;;9921;18;9923;13;;;9918.0;0.0
yf_ADM_d4;18100;INTARIAN_PEPPER_ROOT;12547;14;12545;28;;;12555;11;12558;15;;;12551.0;0.0
yf_ADM_d4;18200;ASH_COATED_OSMIUM;9915;22;9913;29;;;9921;5;9924;28;;;9918.0;0.0
yf_ADM_d4;18200;INTARIAN_PEPPER_ROOT;12546;13;12542;21;;;12552;11;12556;20;;;12549.0;0.0
yf_ADM_d4;18300;ASH_COATED_OSMIUM;9909;17;9906;23;;;9928;12;9932;20;;;9918.5;0.0
yf_ADM_d4;18300;INTARIAN_PEPPER_ROOT;12545;9;12543;19;;;12551;15;12555;29;;;12548.0;0.0
yf_ADM_d4;18400;ASH_COATED_OSMIUM;9915;15;9912;20;;;9921;20;9924;20;;;9918.0;0.0
yf_ADM_d4;18400;INTARIAN_PEPPER_ROOT;12530;14;12527;18;;;12564;14;12568;21;;;12547.0;0.0
yf_ADM_d4;18500;ASH_COATED_OSMIUM;9912;19;9908;12;;;9925;16;9929;13;;;9918.5;0.0
yf_ADM_d4;18500;INTARIAN_PEPPER_ROOT;12543;14;12539;23;;;12549;7;12553;14;;;12546.0;0.0
yf_ADM_d4;18600;ASH_COATED_OSMIUM;9914;17;9912;20;;;9924;7;9928;25;;;9919.0;0.0
yf_ADM_d4;18600;INTARIAN_PEPPER_ROOT;12538;16;12534;21;;;12551;21;12553;28;;;12544.5;0.0
yf_ADM_d4;18700;ASH_COATED_OSMIUM;9914;7;9910;17;;;9922;11;9925;15;;;9918.0;0.0
yf_ADM_d4;18700;INTARIAN_PEPPER_ROOT;12535;23;12532;27;;;12552;11;12555;17;;;12543.5;0.0
yf_ADM_d4;18800;ASH_COATED_OSMIUM;9912;16;9909;13;;;9925;12;9928;24;;;9918.5;0.0
yf_ADM_d4;18800;INTARIAN_PEPPER_ROOT;12539;17;12536;22;;;12545;15;12549;23;;;12542.0;0.0
yf_ADM_d4;18900;ASH_COATED_OSMIUM;9915;14;9912;18;;;9921;17;9924;26;;;9918.0;0.0
yf_ADM_d4;18900;INTARIAN_PEPPER_ROOT;12538;14;12535;17;;;12544;12;12546;19;;;12541.0;0.0
yf_ADM_d4;19000;ASH_COATED_OSMIUM;9915;14;9911;17;;;9922;10;9925;18;;;9918.5;0.0
yf_ADM_d4;19000;INTARIAN_PEPPER_ROOT;12537;10;12535;12;;;12543;14;12545;19;;;12540.0;0.0
yf_ADM_d4;19100;ASH_COATED_OSMIUM;9913;13;9910;14;;;9924;27;9927;13;;;9918.5;0.0
yf_ADM_d4;19100;INTARIAN_PEPPER_ROOT;12536;5;12534;27;;;12543;10;12547;20;;;12539.5;0.0
yf_ADM_d4;19200;ASH_COATED_OSMIUM;9909;17;9906;30;;;9928;7;9931;18;;;9918.5;0.0
yf_ADM_d4;19200;INTARIAN_PEPPER_ROOT;12535;15;12531;23;;;12541;11;12543;12;;;12538.0;0.0
yf_ADM_d4;19300;ASH_COATED_OSMIUM;9916;20;9912;21;;;9922;16;9924;17;;;9919.0;0.0
yf_ADM_d4;19300;INTARIAN_PEPPER_ROOT;12534;16;12530;29;;;12540;8;12543;20;;;12537.0;0.0
yf_ADM_d4;19400;ASH_COATED_OSMIUM;9905;19;9903;22;;;9931;6;9935;25;;;9918.0;0.0
yf_ADM_d4;19400;INTARIAN_PEPPER_ROOT;12533;20;12530;20;;;12539;21;12543;20;;;12536.0;0.0
yf_ADM_d4;19500;ASH_COATED_OSMIUM;9915;12;9911;28;;;9921;13;9923;22;;;9918.0;0.0
yf_ADM_d4;19500;INTARIAN_PEPPER_ROOT;12532;13;12528;15;;;12538;21;12541;27;;;12535.0;0.0
yf_ADM_d4;19600;ASH_COATED_OSMIUM;9916;20;9913;22;;;9922;15;9924;12;;;9919.0;0.0
yf_ADM_d4;19600;INTARIAN_PEPPER_ROOT;12530;8;12528;18;;;12536;11;12539;22;;;12533.0;0.0
yf_ADM_d4;19700;ASH_COATED_OSMIUM;9916;16;9914;24;;;9922;9;9925;22;;;9919.0;0.0
yf_ADM_d4;19700;INTARIAN_PEPPER_ROOT;12528;23;12526;23;;;12537;17;12540;27;;;12532.5;0.0
yf_ADM_d4;19800;ASH_COATED_OSMIUM;9911;18;9907;20;;;9927;14;9931;17;;;9919.0;0.0
yf_ADM_d4;19800;INTARIAN_PEPPER_ROOT;12528;15;12525;15;;;12534;16;12536;24;;;12531.0;0.0
yf_ADM_d4;19900;ASH_COATED_OSMIUM;9901;12;9897;9;;;9937;19;9940;12;;;9919.0;0.0
yf_ADM_d4;19900;INTARIAN_PEPPER_ROOT;12525;21;12522;26;;;12535;18;12538;20;;;12530.0;0.0
yf_ADM_d4;20000;ASH_COATED_OSMIUM;9916;16;9914;17;;;9922;14;9926;18;;;9919.0;0.0
yf_ADM_d4;20000;INTARIAN_PEPPER_ROOT;12526;16;12522;18;;;12532;13;12536;27;;;12529.0;0.0
yf_ADM_d4;20100;ASH_COATED_OSMIUM;9916;12;9913;19;;;9922;26;9925;17;;;9919.0;0.0
yf_ADM_d4;20100;INTARIAN_PEPPER_ROOT;12524;25;12521;15;;;12530;20;12533;24;;;12527.0;0.0
yf_ADM_d4;20200;ASH_COATED_OSMIUM;9916;10;9912;19;;;9922;15;9926;26;;;9919.0;0.0
yf_ADM_d4;20200;INTARIAN_PEPPER_ROOT;12523;15;12520;24;;;12529;10;12532;16;;;12526.0;0.0
yf_ADM_d4;20300;ASH_COATED_OSMIUM;9901;19;9897;14;;;9936;13;9939;12;;;9918.5;0.0
yf_ADM_d4;20300;INTARIAN_PEPPER_ROOT;12522;14;12520;17;;;12528;16;12531;28;;;12525.0;0.0
yf_ADM_d4;20400;ASH_COATED_OSMIUM;9916;22;9914;21;;;9922;13;9925;31;;;9919.0;0.0
yf_ADM_d4;20400;INTARIAN_PEPPER_ROOT;12520;7;12517;18;;;12528;17;12532;20;;;12524.0;0.0
yf_ADM_d4;20500;ASH_COATED_OSMIUM;9908;13;9905;18;;;9932;17;9934;17;;;9920.0;0.0
yf_ADM_d4;20500;INTARIAN_PEPPER_ROOT;12513;10;12511;27;;;12532;15;12535;23;;;12522.5;0.0
yf_ADM_d4;20600;ASH_COATED_OSMIUM;9917;17;9914;17;;;9923;12;9926;19;;;9920.0;0.0
yf_ADM_d4;20600;INTARIAN_PEPPER_ROOT;12519;9;12515;19;;;12526;6;12528;14;;;12522.5;0.0
yf_ADM_d4;20700;ASH_COATED_OSMIUM;9916;10;9912;19;;;9923;17;9927;31;;;9919.5;0.0
yf_ADM_d4;20700;INTARIAN_PEPPER_ROOT;12518;7;12514;8;;;12524;10;12528;11;;;12521.0;0.0
yf_ADM_d4;20800;ASH_COATED_OSMIUM;9915;19;9913;19;;;9925;16;9929;23;;;9920.0;0.0
yf_ADM_d4;20800;INTARIAN_PEPPER_ROOT;12516;16;12512;17;;;12523;14;12527;24;;;12519.5;0.0
yf_ADM_d4;20900;ASH_COATED_OSMIUM;9917;13;9914;29;;;9923;10;9925;24;;;9920.0;0.0
yf_ADM_d4;20900;INTARIAN_PEPPER_ROOT;12513;7;12509;19;;;12524;18;12526;20;;;12518.5;0.0
yf_ADM_d4;21000;ASH_COATED_OSMIUM;9915;12;9911;23;;;9924;15;9926;22;;;9919.5;0.0
yf_ADM_d4;21000;INTARIAN_PEPPER_ROOT;12504;7;12502;14;;;12529;12;12533;13;;;12516.5;0.0
yf_ADM_d4;21100;ASH_COATED_OSMIUM;9918;16;9916;17;;;9924;12;9927;19;;;9921.0;0.0
yf_ADM_d4;21100;INTARIAN_PEPPER_ROOT;12497;19;12494;17;;;12534;12;12538;30;;;12515.5;0.0
yf_ADM_d4;21200;ASH_COATED_OSMIUM;9917;15;9913;17;;;9923;16;9927;21;;;9920.0;0.0
yf_ADM_d4;21200;INTARIAN_PEPPER_ROOT;12512;22;12508;19;;;12519;12;12521;18;;;12515.5;0.0
yf_ADM_d4;21300;ASH_COATED_OSMIUM;9918;12;9914;14;;;9924;9;9927;22;;;9921.0;0.0
yf_ADM_d4;21300;INTARIAN_PEPPER_ROOT;12504;13;12500;24;;;12522;11;12525;20;;;12513.0;0.0
yf_ADM_d4;21400;ASH_COATED_OSMIUM;9917;18;9914;16;;;9923;14;9926;19;;;9920.0;0.0
yf_ADM_d4;21400;INTARIAN_PEPPER_ROOT;12510;24;12506;14;;;12516;15;12520;17;;;12513.0;0.0
yf_ADM_d4;21500;ASH_COATED_OSMIUM;9917;8;9913;27;;;9923;19;9926;14;;;9920.0;0.0
yf_ADM_d4;21500;INTARIAN_PEPPER_ROOT;12508;9;12505;14;;;12514;20;12517;14;;;12511.0;0.0
yf_ADM_d4;21600;ASH_COATED_OSMIUM;9917;21;9914;25;;;9923;10;9925;20;;;9920.0;0.0
yf_ADM_d4;21600;INTARIAN_PEPPER_ROOT;12507;22;12505;16;;;12513;19;12515;15;;;12510.0;0.0
yf_ADM_d4;21700;ASH_COATED_OSMIUM;9918;17;9916;15;;;9924;16;9928;11;;;9921.0;0.0
yf_ADM_d4;21700;INTARIAN_PEPPER_ROOT;12504;17;12501;12;;;12514;15;12518;14;;;12509.0;0.0
yf_ADM_d4;21800;ASH_COATED_OSMIUM;9918;10;9914;17;;;9924;18;9928;22;;;9921.0;0.0
yf_ADM_d4;21800;INTARIAN_PEPPER_ROOT;12504;16;12501;17;;;12513;17;12516;14;;;12508.5;0.0
yf_ADM_d4;21900;ASH_COATED_OSMIUM;9914;6;9910;15;;;9925;9;9928;19;;;9919.5;0.0
yf_ADM_d4;21900;INTARIAN_PEPPER_ROOT;12501;5;12497;25;;;12514;20;12518;19;;;12507.5;0.0
yf_ADM_d4;22000;ASH_COATED_OSMIUM;9918;22;9916;28;;;9924;17;9926;21;;;9921.0;0.0
yf_ADM_d4;22000;INTARIAN_PEPPER_ROOT;12502;10;12498;20;;;12509;18;12512;14;;;12505.5;0.0
yf_ADM_d4;22100;ASH_COATED_OSMIUM;9910;17;9906;21;;;9932;12;9934;24;;;9921.0;0.0
yf_ADM_d4;22100;INTARIAN_PEPPER_ROOT;12502;10;12500;21;;;12508;16;12510;14;;;12505.0;0.0
yf_ADM_d4;22200;ASH_COATED_OSMIUM;9917;17;9915;14;;;9925;16;9928;17;;;9921.0;0.0
yf_ADM_d4;22200;INTARIAN_PEPPER_ROOT;12501;10;12497;17;;;12507;10;12509;21;;;12504.0;0.0
yf_ADM_d4;22300;ASH_COATED_OSMIUM;9918;14;9914;23;;;9924;20;9928;16;;;9921.0;0.0
yf_ADM_d4;22300;INTARIAN_PEPPER_ROOT;12500;15;12497;24;;;12506;15;12508;20;;;12503.0;0.0
yf_ADM_d4;22400;ASH_COATED_OSMIUM;9918;9;9916;24;;;9924;5;9926;25;;;9921.0;0.0
yf_ADM_d4;22400;INTARIAN_PEPPER_ROOT;12497;17;12494;23;;;12506;15;12509;17;;;12501.5;0.0
yf_ADM_d4;22500;ASH_COATED_OSMIUM;9918;7;9914;26;;;9924;12;9926;30;;;9921.0;0.0
yf_ADM_d4;22500;INTARIAN_PEPPER_ROOT;12497;19;12495;22;;;12503;19;12507;14;;;12500.0;0.0
yf_ADM_d4;22600;ASH_COATED_OSMIUM;9915;5;9913;23;;;9927;12;9930;14;;;9921.0;0.0
yf_ADM_d4;22600;INTARIAN_PEPPER_ROOT;12496;12;12493;17;;;12502;17;12506;26;;;12499.0;0.0
yf_ADM_d4;22700;ASH_COATED_OSMIUM;9915;12;9911;22;;;9926;8;9930;16;;;9920.5;0.0
yf_ADM_d4;22700;INTARIAN_PEPPER_ROOT;12495;9;12491;33;;;12501;10;12503;20;;;12498.0;0.0
yf_ADM_d4;22800;ASH_COATED_OSMIUM;9918;11;9914;23;;;9924;10;9928;21;;;9921.0;0.0
yf_ADM_d4;22800;INTARIAN_PEPPER_ROOT;12494;18;12491;22;;;12500;9;12504;23;;;12497.0;0.0
yf_ADM_d4;22900;ASH_COATED_OSMIUM;9916;15;9912;16;;;9927;16;9929;22;;;9921.5;0.0
yf_ADM_d4;22900;INTARIAN_PEPPER_ROOT;12493;12;12489;25;;;12499;17;12502;19;;;12496.0;0.0
yf_ADM_d4;23000;ASH_COATED_OSMIUM;9919;13;9917;25;;;9925;16;9928;32;;;9922.0;0.0
yf_ADM_d4;23000;INTARIAN_PEPPER_ROOT;12488;15;12485;24;;;12502;9;12506;19;;;12495.0;0.0
yf_ADM_d4;23100;ASH_COATED_OSMIUM;9915;22;9913;24;;;9928;18;9932;16;;;9921.5;0.0
yf_ADM_d4;23100;INTARIAN_PEPPER_ROOT;12490;25;12488;22;;;12496;5;12498;19;;;12493.0;0.0
yf_ADM_d4;23200;ASH_COATED_OSMIUM;9918;9;9915;23;;;9924;15;9926;27;;;9921.0;0.0
yf_ADM_d4;23200;INTARIAN_PEPPER_ROOT;12489;21;12486;15;;;12495;10;12498;22;;;12492.0;0.0
yf_ADM_d4;23300;ASH_COATED_OSMIUM;9914;5;9912;31;;;9929;19;9933;15;;;9921.5;0.0
yf_ADM_d4;23300;INTARIAN_PEPPER_ROOT;12488;14;12484;19;;;12494;11;12496;18;;;12491.0;0.0
yf_ADM_d4;23400;ASH_COATED_OSMIUM;9919;24;9917;16;;;9925;16;9929;22;;;9922.0;0.0
yf_ADM_d4;23400;INTARIAN_PEPPER_ROOT;12487;15;12483;18;;;12493;12;12495;18;;;12490.0;0.0
yf_ADM_d4;23500;ASH_COATED_OSMIUM;9916;8;9912;23;;;9927;14;9929;11;;;9921.5;0.0
yf_ADM_d4;23500;INTARIAN_PEPPER_ROOT;12480;9;12476;21;;;12497;13;12501;18;;;12488.5;0.0
yf_ADM_d4;23600;ASH_COATED_OSMIUM;9919;14;9916;21;;;9925;20;9927;13;;;9922.0;0.0
yf_ADM_d4;23600;INTARIAN_PEPPER_ROOT;12484;22;12481;14;;;12490;15;12494;18;;;12487.0;0.0
yf_ADM_d4;23700;ASH_COATED_OSMIUM;9919;23;9915;24;;;9925;13;9929;18;;;9922.0;0.0
yf_ADM_d4;23700;INTARIAN_PEPPER_ROOT;12483;16;12481;25;;;12489;19;12491;17;;;12486.0;0.0
yf_ADM_d4;23800;ASH_COATED_OSMIUM;9917;18;9913;19;;;9928;19;9932;19;;;9922.5;0.0
yf_ADM_d4;23800;INTARIAN_PEPPER_ROOT;12482;13;12479;19;;;12488;12;12490;20;;;12485.0;0.0
yf_ADM_d4;23900;ASH_COATED_OSMIUM;9919;17;9917;18;;;9925;16;9927;23;;;9922.0;0.0
yf_ADM_d4;23900;INTARIAN_PEPPER_ROOT;12481;15;12477;26;;;12487;14;12490;12;;;12484.0;0.0
yf_ADM_d4;24000;ASH_COATED_OSMIUM;9919;9;9915;14;;;9925;11;9927;20;;;9922.0;0.0
yf_ADM_d4;24000;INTARIAN_PEPPER_ROOT;12479;13;12475;18;;;12487;9;12490;15;;;12483.0;0.0
yf_ADM_d4;24100;ASH_COATED_OSMIUM;9917;22;9914;16;;;9927;17;9931;28;;;9922.0;0.0
yf_ADM_d4;24100;INTARIAN_PEPPER_ROOT;12472;17;12469;21;;;12491;17;12493;13;;;12481.5;0.0
yf_ADM_d4;24200;ASH_COATED_OSMIUM;9919;18;9917;18;;;9925;9;9928;22;;;9922.0;0.0
yf_ADM_d4;24200;INTARIAN_PEPPER_ROOT;12463;17;12459;25;;;12498;21;12502;20;;;12480.5;0.0
yf_ADM_d4;24300;ASH_COATED_OSMIUM;9918;5;9915;13;;;9927;16;9931;14;;;9922.5;0.0
yf_ADM_d4;24300;INTARIAN_PEPPER_ROOT;12474;18;12470;14;;;12486;22;12489;18;;;12480.0;0.0
yf_ADM_d4;24400;ASH_COATED_OSMIUM;9916;9;9913;23;;;9930;12;9933;25;;;9923.0;0.0
yf_ADM_d4;24400;INTARIAN_PEPPER_ROOT;12475;20;12472;23;;;12481;12;12485;17;;;12478.0;0.0
yf_ADM_d4;24500;ASH_COATED_OSMIUM;9920;12;9916;18;;;9926;17;9930;22;;;9923.0;0.0
yf_ADM_d4;24500;INTARIAN_PEPPER_ROOT;12474;15;12472;18;;;12480;10;12483;26;;;12477.0;0.0
yf_ADM_d4;24600;ASH_COATED_OSMIUM;9920;23;9917;15;;;9926;13;9928;19;;;9923.0;0.0
yf_ADM_d4;24600;INTARIAN_PEPPER_ROOT;12471;12;12467;20;;;12482;10;12484;21;;;12476.5;0.0
yf_ADM_d4;24700;ASH_COATED_OSMIUM;9919;12;9916;19;;;9925;14;9928;21;;;9922.0;0.0
yf_ADM_d4;24700;INTARIAN_PEPPER_ROOT;12472;12;12468;19;;;12478;16;12480;24;;;12475.0;0.0
yf_ADM_d4;24800;ASH_COATED_OSMIUM;9917;14;9914;10;;;9929;18;9933;18;;;9923.0;0.0
yf_ADM_d4;24800;INTARIAN_PEPPER_ROOT;12471;8;12469;8;;;12477;18;12479;24;;;12474.0;0.0
yf_ADM_d4;24900;ASH_COATED_OSMIUM;9912;21;9910;22;;;9933;18;9935;19;;;9922.5;0.0
yf_ADM_d4;24900;INTARIAN_PEPPER_ROOT;12468;18;12464;8;;;12477;10;12479;18;;;12472.5;0.0
yf_ADM_d4;25000;ASH_COATED_OSMIUM;9920;9;9916;21;;;9926;14;9930;25;;;9923.0;0.0
yf_ADM_d4;25000;INTARIAN_PEPPER_ROOT;12464;19;12461;11;;;12481;18;12484;12;;;12472.5;0.0
yf_ADM_d4;25100;ASH_COATED_OSMIUM;9920;11;9917;17;;;9926;18;9928;22;;;9923.0;0.0
yf_ADM_d4;25100;INTARIAN_PEPPER_ROOT;12464;18;12462;27;;;12476;13;12479;20;;;12470.0;0.0
yf_ADM_d4;25200;ASH_COATED_OSMIUM;9920;13;9916;15;;;9926;16;9928;21;;;9923.0;0.0
yf_ADM_d4;25200;INTARIAN_PEPPER_ROOT;12462;19;12459;26;;;12477;5;12480;20;;;12469.5;0.0
yf_ADM_d4;25300;ASH_COATED_OSMIUM;9920;11;9918;21;;;9926;16;9928;27;;;9923.0;0.0
yf_ADM_d4;25300;INTARIAN_PEPPER_ROOT;12465;18;12463;22;;;12471;15;12474;19;;;12468.0;0.0
yf_ADM_d4;25400;ASH_COATED_OSMIUM;9920;15;9916;22;;;9926;15;9929;19;;;9923.0;0.0
yf_ADM_d4;25400;INTARIAN_PEPPER_ROOT;12464;5;12460;24;;;12470;17;12474;14;;;12467.0;0.0
yf_ADM_d4;25500;ASH_COATED_OSMIUM;9920;13;9917;17;;;9927;17;9931;15;;;9923.5;0.0
yf_ADM_d4;25500;INTARIAN_PEPPER_ROOT;12463;9;12461;19;;;12470;10;12472;22;;;12466.5;0.0
yf_ADM_d4;25600;ASH_COATED_OSMIUM;9920;17;9918;16;;;9926;16;9928;24;;;9923.0;0.0
yf_ADM_d4;25600;INTARIAN_PEPPER_ROOT;12461;10;12457;28;;;12470;11;12473;14;;;12465.5;0.0
yf_ADM_d4;25700;ASH_COATED_OSMIUM;9920;15;9916;24;;;9927;13;9931;12;;;9923.5;0.0
yf_ADM_d4;25700;INTARIAN_PEPPER_ROOT;12461;13;12457;25;;;12467;5;12470;25;;;12464.0;0.0
yf_ADM_d4;25800;ASH_COATED_OSMIUM;9919;7;9916;28;;;9928;10;9932;19;;;9923.5;0.0
yf_ADM_d4;25800;INTARIAN_PEPPER_ROOT;12456;11;12452;15;;;12468;17;12471;13;;;12462.0;0.0
yf_ADM_d4;25900;ASH_COATED_OSMIUM;9920;21;9916;24;;;9926;21;9928;19;;;9923.0;0.0
yf_ADM_d4;25900;INTARIAN_PEPPER_ROOT;12459;9;12457;18;;;12465;24;12468;12;;;12462.0;0.0
yf_ADM_d4;26000;ASH_COATED_OSMIUM;9921;24;9917;12;;;9927;18;9929;25;;;9924.0;0.0
yf_ADM_d4;26000;INTARIAN_PEPPER_ROOT;12450;6;12448;13;;;12470;12;12473;14;;;12460.0;0.0
yf_ADM_d4;26100;ASH_COATED_OSMIUM;9919;12;9916;17;;;9929;16;9931;15;;;9924.0;0.0
yf_ADM_d4;26100;INTARIAN_PEPPER_ROOT;12456;13;12453;18;;;12463;13;12465;20;;;12459.5;0.0
yf_ADM_d4;26200;ASH_COATED_OSMIUM;9920;9;9917;19;;;9928;6;9931;18;;;9924.0;0.0
yf_ADM_d4;26200;INTARIAN_PEPPER_ROOT;12455;20;12451;22;;;12461;17;12464;16;;;12458.0;0.0
yf_ADM_d4;26300;ASH_COATED_OSMIUM;9921;15;9919;19;;;9927;25;9929;9;;;9924.0;0.0
yf_ADM_d4;26300;INTARIAN_PEPPER_ROOT;12445;11;12441;26;;;12469;10;12472;15;;;12457.0;0.0
yf_ADM_d4;26400;ASH_COATED_OSMIUM;9922;15;9918;22;;;9928;21;9930;25;;;9925.0;0.0
yf_ADM_d4;26400;INTARIAN_PEPPER_ROOT;12453;21;12451;20;;;12459;10;12462;20;;;12456.0;0.0
yf_ADM_d4;26500;ASH_COATED_OSMIUM;9914;21;9910;17;;;9935;11;9938;27;;;9924.5;0.0
yf_ADM_d4;26500;INTARIAN_PEPPER_ROOT;12447;17;12444;20;;;12462;18;12466;13;;;12454.5;0.0
yf_ADM_d4;26600;ASH_COATED_OSMIUM;9921;12;9917;18;;;9927;14;9929;18;;;9924.0;0.0
yf_ADM_d4;26600;INTARIAN_PEPPER_ROOT;12444;20;12440;27;;;12463;10;12467;16;;;12453.5;0.0
yf_ADM_d4;26700;ASH_COATED_OSMIUM;9921;14;9919;8;;;9927;9;9930;11;;;9924.0;0.0
yf_ADM_d4;26700;INTARIAN_PEPPER_ROOT;12450;12;12447;28;;;12456;21;12458;19;;;12453.0;0.0
yf_ADM_d4;26800;ASH_COATED_OSMIUM;9921;16;9919;16;;;9927;5;9929;26;;;9924.0;0.0
yf_ADM_d4;26800;INTARIAN_PEPPER_ROOT;12444;16;12440;18;;;12458;15;12461;18;;;12451.0;0.0
yf_ADM_d4;26900;ASH_COATED_OSMIUM;9920;17;9916;17;;;9929;8;9933;19;;;9924.5;0.0
yf_ADM_d4;26900;INTARIAN_PEPPER_ROOT;12441;9;12439;22;;;12460;16;12464;23;;;12450.5;0.0
yf_ADM_d4;27000;ASH_COATED_OSMIUM;9921;17;9917;25;;;9927;10;9931;17;;;9924.0;0.0
yf_ADM_d4;27000;INTARIAN_PEPPER_ROOT;12446;14;12443;13;;;12452;19;12454;26;;;12449.0;0.0
yf_ADM_d4;27100;ASH_COATED_OSMIUM;9909;13;9907;24;;;9938;7;9942;25;;;9923.5;0.0
yf_ADM_d4;27100;INTARIAN_PEPPER_ROOT;12445;28;12441;20;;;12451;10;12454;16;;;12448.0;0.0
yf_ADM_d4;27200;ASH_COATED_OSMIUM;9919;13;9917;16;;;9930;17;9933;17;;;9924.5;0.0
yf_ADM_d4;27200;INTARIAN_PEPPER_ROOT;12439;15;12436;26;;;12453;6;12455;17;;;12446.0;0.0
yf_ADM_d4;27300;ASH_COATED_OSMIUM;9921;13;9918;18;;;9927;12;9930;23;;;9924.0;0.0
yf_ADM_d4;27300;INTARIAN_PEPPER_ROOT;12442;14;12439;24;;;12448;19;12451;19;;;12445.0;0.0
yf_ADM_d4;27400;ASH_COATED_OSMIUM;9922;10;9920;22;;;9929;12;9932;21;;;9925.5;0.0
yf_ADM_d4;27400;INTARIAN_PEPPER_ROOT;12441;18;12438;15;;;12447;6;12451;21;;;12444.0;0.0
yf_ADM_d4;27500;ASH_COATED_OSMIUM;9919;13;9916;19;;;9930;16;9933;20;;;9924.5;0.0
yf_ADM_d4;27500;INTARIAN_PEPPER_ROOT;12440;19;12437;18;;;12446;13;12450;18;;;12443.0;0.0
yf_ADM_d4;27600;ASH_COATED_OSMIUM;9922;19;9918;35;;;9928;21;9931;22;;;9925.0;0.0
yf_ADM_d4;27600;INTARIAN_PEPPER_ROOT;12439;12;12436;15;;;12445;15;12448;18;;;12442.0;0.0
yf_ADM_d4;27700;ASH_COATED_OSMIUM;9920;21;9916;20;;;9929;19;9933;19;;;9924.5;0.0
yf_ADM_d4;27700;INTARIAN_PEPPER_ROOT;12427;12;12423;17;;;12454;16;12457;16;;;12440.5;0.0
yf_ADM_d4;27800;ASH_COATED_OSMIUM;9922;14;9920;20;;;9928;16;9931;16;;;9925.0;0.0
yf_ADM_d4;27800;INTARIAN_PEPPER_ROOT;12436;14;12432;15;;;12444;9;12446;23;;;12440.0;0.0
yf_ADM_d4;27900;ASH_COATED_OSMIUM;9922;12;9918;13;;;9928;21;9932;12;;;9925.0;0.0
yf_ADM_d4;27900;INTARIAN_PEPPER_ROOT;12436;27;12434;15;;;12442;7;12445;19;;;12439.0;0.0
yf_ADM_d4;28000;ASH_COATED_OSMIUM;9922;11;9918;14;;;9929;13;9931;24;;;9925.5;0.0
yf_ADM_d4;28000;INTARIAN_PEPPER_ROOT;12435;20;12433;22;;;12441;21;12444;14;;;12438.0;0.0
yf_ADM_d4;28100;ASH_COATED_OSMIUM;9916;10;9912;19;;;9934;8;9936;16;;;9925.0;0.0
yf_ADM_d4;28100;INTARIAN_PEPPER_ROOT;12433;21;12431;30;;;12440;14;12442;20;;;12436.5;0.0
yf_ADM_d4;28200;ASH_COATED_OSMIUM;9922;10;9918;20;;;9928;15;9931;21;;;9925.0;0.0
yf_ADM_d4;28200;INTARIAN_PEPPER_ROOT;12432;24;12429;26;;;12438;9;12440;23;;;12435.0;0.0
yf_ADM_d4;28300;ASH_COATED_OSMIUM;9922;10;9918;16;;;9928;14;9930;13;;;9925.0;0.0
yf_ADM_d4;28300;INTARIAN_PEPPER_ROOT;12427;8;12424;24;;;12441;25;12444;19;;;12434.0;0.0
yf_ADM_d4;28400;ASH_COATED_OSMIUM;9921;21;9919;24;;;9931;12;9935;22;;;9926.0;0.0
yf_ADM_d4;28400;INTARIAN_PEPPER_ROOT;12430;5;12427;22;;;12436;27;12439;27;;;12433.0;0.0
yf_ADM_d4;28500;ASH_COATED_OSMIUM;9922;14;9920;13;;;9928;20;9932;24;;;9925.0;0.0
yf_ADM_d4;28500;INTARIAN_PEPPER_ROOT;12427;10;12423;18;;;12438;20;12442;21;;;12432.5;0.0
yf_ADM_d4;28600;ASH_COATED_OSMIUM;9922;10;9920;21;;;9928;15;9932;22;;;9925.0;0.0
yf_ADM_d4;28600;INTARIAN_PEPPER_ROOT;12426;11;12423;11;;;12436;14;12440;25;;;12431.0;0.0
yf_ADM_d4;28700;ASH_COATED_OSMIUM;9921;13;9919;26;;;9929;11;9932;13;;;9925.0;0.0
yf_ADM_d4;28700;INTARIAN_PEPPER_ROOT;12419;14;12415;22;;;12440;13;12443;26;;;12429.5;0.0
yf_ADM_d4;28800;ASH_COATED_OSMIUM;9923;21;9919;20;;;9929;10;9932;13;;;9926.0;0.0
yf_ADM_d4;28800;INTARIAN_PEPPER_ROOT;12421;12;12419;19;;;12437;13;12441;18;;;12429.0;0.0
yf_ADM_d4;28900;ASH_COATED_OSMIUM;9917;19;9915;25;;;9936;9;9940;15;;;9926.5;0.0
yf_ADM_d4;28900;INTARIAN_PEPPER_ROOT;12423;6;12419;25;;;12432;17;12436;27;;;12427.5;0.0
yf_ADM_d4;29000;ASH_COATED_OSMIUM;9919;14;9916;18;;;9931;13;9933;25;;;9925.0;0.0
yf_ADM_d4;29000;INTARIAN_PEPPER_ROOT;12423;12;12421;33;;;12429;7;12431;22;;;12426.0;0.0
yf_ADM_d4;29100;ASH_COATED_OSMIUM;9922;5;9920;25;;;9930;14;9934;17;;;9926.0;0.0
yf_ADM_d4;29100;INTARIAN_PEPPER_ROOT;12422;17;12419;20;;;12428;11;12430;21;;;12425.0;0.0
yf_ADM_d4;29200;ASH_COATED_OSMIUM;9923;19;9920;18;;;9929;10;9933;23;;;9926.0;0.0
yf_ADM_d4;29200;INTARIAN_PEPPER_ROOT;12421;12;12418;22;;;12427;8;12429;18;;;12424.0;0.0
yf_ADM_d4;29300;ASH_COATED_OSMIUM;9923;17;9920;20;;;9929;15;9933;22;;;9926.0;0.0
yf_ADM_d4;29300;INTARIAN_PEPPER_ROOT;12419;6;12415;13;;;12425;13;12428;15;;;12422.0;0.0
yf_ADM_d4;29400;ASH_COATED_OSMIUM;9922;21;9918;11;;;9930;14;9934;20;;;9926.0;0.0
yf_ADM_d4;29400;INTARIAN_PEPPER_ROOT;12417;17;12413;19;;;12427;15;12430;15;;;12422.0;0.0
yf_ADM_d4;29500;ASH_COATED_OSMIUM;9919;18;9916;18;;;9932;16;9936;18;;;9925.5;0.0
yf_ADM_d4;29500;INTARIAN_PEPPER_ROOT;12403;21;12401;26;;;12438;11;12441;23;;;12420.5;0.0
yf_ADM_d4;29600;ASH_COATED_OSMIUM;9923;18;9920;23;;;9929;6;9932;12;;;9926.0;0.0
yf_ADM_d4;29600;INTARIAN_PEPPER_ROOT;12416;7;12413;20;;;12422;15;12424;19;;;12419.0;0.0
yf_ADM_d4;29700;ASH_COATED_OSMIUM;9924;8;9920;22;;;9930;15;9932;21;;;9927.0;0.0
yf_ADM_d4;29700;INTARIAN_PEPPER_ROOT;12414;7;12411;14;;;12423;11;12426;23;;;12418.5;0.0
yf_ADM_d4;29800;ASH_COATED_OSMIUM;9923;13;9920;16;;;9929;22;9931;21;;;9926.0;0.0
yf_ADM_d4;29800;INTARIAN_PEPPER_ROOT;12410;21;12407;21;;;12424;17;12426;25;;;12417.0;0.0
yf_ADM_d4;29900;ASH_COATED_OSMIUM;9922;10;9918;19;;;9931;13;9935;12;;;9926.5;0.0
yf_ADM_d4;29900;INTARIAN_PEPPER_ROOT;12414;15;12411;24;;;12420;28;12423;23;;;12417.0;0.0
yf_ADM_d4;30000;ASH_COATED_OSMIUM;9923;14;9919;20;;;9930;8;9933;18;;;9926.5;0.0
yf_ADM_d4;30000;INTARIAN_PEPPER_ROOT;12411;8;12408;23;;;12417;20;12419;22;;;12414.0;0.0
yf_ADM_d4;30100;ASH_COATED_OSMIUM;9919;18;9915;18;;;9934;17;9938;23;;;9926.5;0.0
yf_ADM_d4;30100;INTARIAN_PEPPER_ROOT;12409;15;12407;21;;;12417;13;12419;18;;;12413.0;0.0
yf_ADM_d4;30200;ASH_COATED_OSMIUM;9924;18;9921;28;;;9930;18;9932;15;;;9927.0;0.0
yf_ADM_d4;30200;INTARIAN_PEPPER_ROOT;12410;16;12406;22;;;12416;14;12420;21;;;12413.0;0.0
yf_ADM_d4;30300;ASH_COATED_OSMIUM;9924;18;9921;19;;;9930;11;9934;21;;;9927.0;0.0
yf_ADM_d4;30300;INTARIAN_PEPPER_ROOT;12409;6;12407;16;;;12415;15;12417;8;;;12412.0;0.0
yf_ADM_d4;30400;ASH_COATED_OSMIUM;9921;12;9919;17;;;9933;9;9937;25;;;9927.0;0.0
yf_ADM_d4;30400;INTARIAN_PEPPER_ROOT;12407;10;12404;31;;;12413;19;12417;24;;;12410.0;0.0
yf_ADM_d4;30500;ASH_COATED_OSMIUM;9916;12;9912;14;;;9938;18;9940;13;;;9927.0;0.0
yf_ADM_d4;30500;INTARIAN_PEPPER_ROOT;12406;18;12402;19;;;12412;20;12414;19;;;12409.0;0.0
yf_ADM_d4;30600;ASH_COATED_OSMIUM;9924;20;9920;24;;;9931;13;9933;11;;;9927.5;0.0
yf_ADM_d4;30600;INTARIAN_PEPPER_ROOT;12405;24;12403;13;;;12411;17;12414;16;;;12408.0;0.0
yf_ADM_d4;30700;ASH_COATED_OSMIUM;9916;10;9914;14;;;9938;12;9942;30;;;9927.0;0.0
yf_ADM_d4;30700;INTARIAN_PEPPER_ROOT;12398;12;12394;20;;;12415;14;12418;19;;;12406.5;0.0
yf_ADM_d4;30800;ASH_COATED_OSMIUM;9924;6;9920;8;;;9930;17;9932;25;;;9927.0;0.0
yf_ADM_d4;30800;INTARIAN_PEPPER_ROOT;12403;19;12401;27;;;12409;14;12413;19;;;12406.0;0.0
yf_ADM_d4;30900;ASH_COATED_OSMIUM;9924;17;9921;27;;;9931;12;9934;9;;;9927.5;0.0
yf_ADM_d4;30900;INTARIAN_PEPPER_ROOT;12401;9;12398;17;;;12407;15;12411;26;;;12404.0;0.0
yf_ADM_d4;31000;ASH_COATED_OSMIUM;9922;13;9920;23;;;9932;5;9934;15;;;9927.0;0.0
yf_ADM_d4;31000;INTARIAN_PEPPER_ROOT;12401;10;12397;14;;;12407;20;12410;18;;;12404.0;0.0
yf_ADM_d4;31100;ASH_COATED_OSMIUM;9921;19;9918;24;;;9933;17;9937;14;;;9927.0;0.0
yf_ADM_d4;31100;INTARIAN_PEPPER_ROOT;12400;17;12397;23;;;12406;13;12410;22;;;12403.0;0.0
yf_ADM_d4;31200;ASH_COATED_OSMIUM;9923;14;9919;27;;;9933;19;9935;14;;;9928.0;0.0
yf_ADM_d4;31200;INTARIAN_PEPPER_ROOT;12384;21;12382;17;;;12417;14;12421;24;;;12400.5;0.0
yf_ADM_d4;31300;ASH_COATED_OSMIUM;9918;10;9916;20;;;9938;11;9941;25;;;9928.0;0.0
yf_ADM_d4;31300;INTARIAN_PEPPER_ROOT;12397;21;12394;13;;;12403;13;12407;15;;;12400.0;0.0
yf_ADM_d4;31400;ASH_COATED_OSMIUM;9895;14;9892;17;;;9960;6;9964;17;;;9927.5;0.0
yf_ADM_d4;31400;INTARIAN_PEPPER_ROOT;12392;7;12388;18;;;12406;18;12408;20;;;12399.0;0.0
yf_ADM_d4;31500;ASH_COATED_OSMIUM;9925;11;9921;18;;;9931;14;9935;18;;;9928.0;0.0
yf_ADM_d4;31500;INTARIAN_PEPPER_ROOT;12395;15;12393;15;;;12401;14;12403;22;;;12398.0;0.0
yf_ADM_d4;31600;ASH_COATED_OSMIUM;9925;12;9922;19;;;9931;5;9933;25;;;9928.0;0.0
yf_ADM_d4;31600;INTARIAN_PEPPER_ROOT;12393;25;12389;17;;;12399;16;12402;23;;;12396.0;0.0
yf_ADM_d4;31700;ASH_COATED_OSMIUM;9925;12;9921;16;;;9931;9;9933;27;;;9928.0;0.0
yf_ADM_d4;31700;INTARIAN_PEPPER_ROOT;12392;15;12389;17;;;12398;18;12401;14;;;12395.0;0.0
yf_ADM_d4;31800;ASH_COATED_OSMIUM;9925;6;9921;24;;;9931;14;9935;18;;;9928.0;0.0
yf_ADM_d4;31800;INTARIAN_PEPPER_ROOT;12384;20;12382;11;;;12404;19;12406;19;;;12394.0;0.0
yf_ADM_d4;31900;ASH_COATED_OSMIUM;9918;19;9916;13;;;9938;9;9942;24;;;9928.0;0.0
yf_ADM_d4;31900;INTARIAN_PEPPER_ROOT;12383;12;12380;34;;;12404;5;12407;19;;;12393.5;0.0
yf_ADM_d4;32000;ASH_COATED_OSMIUM;9925;21;9921;17;;;9931;23;9934;20;;;9928.0;0.0
yf_ADM_d4;32000;INTARIAN_PEPPER_ROOT;12389;10;12385;18;;;12395;20;12397;16;;;12392.0;0.0
yf_ADM_d4;32100;ASH_COATED_OSMIUM;9925;22;9922;16;;;9931;5;9934;22;;;9928.0;0.0
yf_ADM_d4;32100;INTARIAN_PEPPER_ROOT;12388;5;12386;8;;;12394;10;12397;15;;;12391.0;0.0
yf_ADM_d4;32200;ASH_COATED_OSMIUM;9911;11;9907;23;;;9945;20;9947;26;;;9928.0;0.0
yf_ADM_d4;32200;INTARIAN_PEPPER_ROOT;12387;16;12383;24;;;12393;25;12396;20;;;12390.0;0.0
yf_ADM_d4;32300;ASH_COATED_OSMIUM;9926;19;9922;22;;;9932;6;9934;18;;;9929.0;0.0
yf_ADM_d4;32300;INTARIAN_PEPPER_ROOT;12386;7;12382;14;;;12392;19;12394;24;;;12389.0;0.0
yf_ADM_d4;32400;ASH_COATED_OSMIUM;9924;21;9921;18;;;9932;13;9935;14;;;9928.0;0.0
yf_ADM_d4;32400;INTARIAN_PEPPER_ROOT;12384;15;12381;22;;;12390;8;12394;20;;;12387.0;0.0
yf_ADM_d4;32500;ASH_COATED_OSMIUM;9918;17;9914;20;;;9939;18;9941;11;;;9928.5;0.0
yf_ADM_d4;32500;INTARIAN_PEPPER_ROOT;12383;15;12379;25;;;12389;25;12392;18;;;12386.0;0.0
yf_ADM_d4;32600;ASH_COATED_OSMIUM;9920;19;9916;15;;;9938;12;9941;18;;;9929.0;0.0
yf_ADM_d4;32600;INTARIAN_PEPPER_ROOT;12382;25;12380;20;;;12388;13;12390;21;;;12385.0;0.0
yf_ADM_d4;32700;ASH_COATED_OSMIUM;9925;15;9923;26;;;9931;17;9933;18;;;9928.0;0.0
yf_ADM_d4;32700;INTARIAN_PEPPER_ROOT;12381;24;12378;19;;;12387;17;12390;28;;;12384.0;0.0
yf_ADM_d4;32800;ASH_COATED_OSMIUM;9925;25;9921;20;;;9931;20;9935;15;;;9928.0;0.0
yf_ADM_d4;32800;INTARIAN_PEPPER_ROOT;12378;5;12374;31;;;12390;10;12393;16;;;12384.0;0.0
yf_ADM_d4;32900;ASH_COATED_OSMIUM;9917;11;9915;16;;;9940;7;9944;20;;;9928.5;0.0
yf_ADM_d4;32900;INTARIAN_PEPPER_ROOT;12374;13;12372;17;;;12389;12;12393;22;;;12381.5;0.0
yf_ADM_d4;33000;ASH_COATED_OSMIUM;9925;11;9921;23;;;9931;17;9935;19;;;9928.0;0.0
yf_ADM_d4;33000;INTARIAN_PEPPER_ROOT;12376;15;12372;23;;;12385;18;12388;12;;;12380.5;0.0
yf_ADM_d4;33100;ASH_COATED_OSMIUM;9926;20;9923;22;;;9932;14;9936;25;;;9929.0;0.0
yf_ADM_d4;33100;INTARIAN_PEPPER_ROOT;12373;18;12371;24;;;12385;19;12388;17;;;12379.0;0.0
yf_ADM_d4;33200;ASH_COATED_OSMIUM;9920;23;9917;22;;;9938;16;9941;26;;;9929.0;0.0
yf_ADM_d4;33200;INTARIAN_PEPPER_ROOT;12374;15;12370;21;;;12381;5;12383;19;;;12377.5;0.0
yf_ADM_d4;33300;ASH_COATED_OSMIUM;9925;8;9922;12;;;9933;15;9937;18;;;9929.0;0.0
yf_ADM_d4;33300;INTARIAN_PEPPER_ROOT;12374;7;12370;22;;;12380;13;12383;11;;;12377.0;0.0
yf_ADM_d4;33400;ASH_COATED_OSMIUM;9926;12;9924;21;;;9932;20;9935;23;;;9929.0;0.0
yf_ADM_d4;33400;INTARIAN_PEPPER_ROOT;12373;13;12371;28;;;12379;30;12381;23;;;12376.0;0.0
yf_ADM_d4;33500;ASH_COATED_OSMIUM;9926;22;9923;20;;;9932;18;9935;25;;;9929.0;0.0
yf_ADM_d4;33500;INTARIAN_PEPPER_ROOT;12372;17;12368;29;;;12378;25;12382;15;;;12375.0;0.0
yf_ADM_d4;33600;ASH_COATED_OSMIUM;9922;13;9918;14;;;9936;13;9940;17;;;9929.0;0.0
yf_ADM_d4;33600;INTARIAN_PEPPER_ROOT;12363;16;12359;23;;;12384;13;12386;19;;;12373.5;0.0
yf_ADM_d4;33700;ASH_COATED_OSMIUM;9926;13;9923;18;;;9933;9;9936;10;;;9929.5;0.0
yf_ADM_d4;33700;INTARIAN_PEPPER_ROOT;12368;5;12365;14;;;12377;17;12380;26;;;12372.5;0.0
yf_ADM_d4;33800;ASH_COATED_OSMIUM;9926;16;9922;25;;;9932;5;9934;19;;;9929.0;0.0
yf_ADM_d4;33800;INTARIAN_PEPPER_ROOT;12368;26;12364;31;;;12374;13;12378;18;;;12371.0;0.0
yf_ADM_d4;33900;ASH_COATED_OSMIUM;9918;8;9914;20;;;9940;28;9944;23;;;9929.0;0.0
yf_ADM_d4;33900;INTARIAN_PEPPER_ROOT;12367;5;12365;16;;;12373;14;12375;29;;;12370.0;0.0
yf_ADM_d4;34000;ASH_COATED_OSMIUM;9926;16;9924;33;;;9932;18;9934;21;;;9929.0;0.0
yf_ADM_d4;34000;INTARIAN_PEPPER_ROOT;12368;21;12364;15;;;12374;24;12377;20;;;12371.0;0.0
yf_ADM_d4;34100;ASH_COATED_OSMIUM;9925;15;9921;23;;;9935;18;9938;21;;;9930.0;0.0
yf_ADM_d4;34100;INTARIAN_PEPPER_ROOT;12369;21;12366;23;;;12375;11;12379;27;;;12372.0;0.0
yf_ADM_d4;34200;ASH_COATED_OSMIUM;9926;16;9924;11;;;9932;10;9935;18;;;9929.0;0.0
yf_ADM_d4;34200;INTARIAN_PEPPER_ROOT;12369;14;12366;11;;;12375;20;12378;9;;;12372.0;0.0
yf_ADM_d4;34300;ASH_COATED_OSMIUM;9921;16;9918;20;;;9938;11;9942;11;;;9929.5;0.0
yf_ADM_d4;34300;INTARIAN_PEPPER_ROOT;12370;11;12368;20;;;12376;19;12378;30;;;12373.0;0.0
yf_ADM_d4;34400;ASH_COATED_OSMIUM;9925;18;9922;22;;;9935;13;9938;21;;;9930.0;0.0
yf_ADM_d4;34400;INTARIAN_PEPPER_ROOT;12359;18;12355;20;;;12388;16;12390;20;;;12373.5;0.0
yf_ADM_d4;34500;ASH_COATED_OSMIUM;9927;23;9925;27;;;9933;13;9937;22;;;9930.0;0.0
yf_ADM_d4;34500;INTARIAN_PEPPER_ROOT;12371;19;12368;24;;;12377;13;12379;21;;;12374.0;0.0
yf_ADM_d4;34600;ASH_COATED_OSMIUM;9926;11;9922;25;;;9932;15;9935;17;;;9929.0;0.0
yf_ADM_d4;34600;INTARIAN_PEPPER_ROOT;12372;9;12368;12;;;12378;17;12381;17;;;12375.0;0.0
yf_ADM_d4;34700;ASH_COATED_OSMIUM;9927;20;9924;17;;;9933;20;9935;26;;;9930.0;0.0
yf_ADM_d4;34700;INTARIAN_PEPPER_ROOT;12373;15;12370;18;;;12379;19;12383;20;;;12376.0;0.0
yf_ADM_d4;34800;ASH_COATED_OSMIUM;9927;11;9925;20;;;9933;11;9936;9;;;9930.0;0.0
yf_ADM_d4;34800;INTARIAN_PEPPER_ROOT;12373;24;12369;13;;;12379;15;12383;31;;;12376.0;0.0
yf_ADM_d4;34900;ASH_COATED_OSMIUM;9927;16;9923;28;;;9933;10;9936;18;;;9930.0;0.0
yf_ADM_d4;34900;INTARIAN_PEPPER_ROOT;12374;17;12372;21;;;12380;23;12383;18;;;12377.0;0.0
yf_ADM_d4;35000;ASH_COATED_OSMIUM;9927;12;9923;21;;;9933;12;9936;25;;;9930.0;0.0
yf_ADM_d4;35000;INTARIAN_PEPPER_ROOT;12374;24;12370;30;;;12380;18;12382;19;;;12377.0;0.0
yf_ADM_d4;35100;ASH_COATED_OSMIUM;9924;17;9921;16;;;9935;5;9938;19;;;9929.5;0.0
yf_ADM_d4;35100;INTARIAN_PEPPER_ROOT;12375;10;12372;16;;;12381;16;12385;24;;;12378.0;0.0
yf_ADM_d4;35200;ASH_COATED_OSMIUM;9927;23;9924;25;;;9933;8;9936;24;;;9930.0;0.0
yf_ADM_d4;35200;INTARIAN_PEPPER_ROOT;12371;14;12368;18;;;12385;9;12389;23;;;12378.0;0.0
yf_ADM_d4;35300;ASH_COATED_OSMIUM;9927;13;9924;20;;;9933;21;9935;23;;;9930.0;0.0
yf_ADM_d4;35300;INTARIAN_PEPPER_ROOT;12374;17;12370;26;;;12383;18;12387;23;;;12378.5;0.0
yf_ADM_d4;35400;ASH_COATED_OSMIUM;9927;10;9925;22;;;9933;18;9935;8;;;9930.0;0.0
yf_ADM_d4;35400;INTARIAN_PEPPER_ROOT;12377;20;12375;15;;;12383;9;12387;17;;;12380.0;0.0
yf_ADM_d4;35500;ASH_COATED_OSMIUM;9927;24;9924;22;;;9933;12;9935;18;;;9930.0;0.0
yf_ADM_d4;35500;INTARIAN_PEPPER_ROOT;12374;22;12370;21;;;12386;21;12390;23;;;12380.0;0.0
yf_ADM_d4;35600;ASH_COATED_OSMIUM;9927;12;9924;16;;;9933;8;9937;18;;;9930.0;0.0
yf_ADM_d4;35600;INTARIAN_PEPPER_ROOT;12378;20;12374;21;;;12384;20;12388;21;;;12381.0;0.0
yf_ADM_d4;35700;ASH_COATED_OSMIUM;9926;20;9922;29;;;9934;18;9938;19;;;9930.0;0.0
yf_ADM_d4;35700;INTARIAN_PEPPER_ROOT;12379;16;12375;8;;;12385;12;12389;11;;;12382.0;0.0
yf_ADM_d4;35800;ASH_COATED_OSMIUM;9927;11;9925;22;;;9933;20;9937;23;;;9930.0;0.0
yf_ADM_d4;35800;INTARIAN_PEPPER_ROOT;12379;19;12377;26;;;12386;19;12388;8;;;12382.5;0.0
yf_ADM_d4;35900;ASH_COATED_OSMIUM;9927;16;9925;17;;;9933;18;9935;14;;;9930.0;0.0
yf_ADM_d4;35900;INTARIAN_PEPPER_ROOT;12374;26;12372;22;;;12391;20;12393;22;;;12382.5;0.0
yf_ADM_d4;36000;ASH_COATED_OSMIUM;9925;18;9923;17;;;9936;21;9940;17;;;9930.5;0.0
yf_ADM_d4;36000;INTARIAN_PEPPER_ROOT;12381;17;12379;15;;;12387;16;12389;18;;;12384.0;0.0
yf_ADM_d4;36100;ASH_COATED_OSMIUM;9927;16;9923;14;;;9933;11;9936;23;;;9930.0;0.0
yf_ADM_d4;36100;INTARIAN_PEPPER_ROOT;12381;15;12377;19;;;12387;22;12391;25;;;12384.0;0.0
yf_ADM_d4;36200;ASH_COATED_OSMIUM;9925;6;9922;23;;;9936;15;9940;17;;;9930.5;0.0
yf_ADM_d4;36200;INTARIAN_PEPPER_ROOT;12382;22;12378;28;;;12388;23;12390;33;;;12385.0;0.0
yf_ADM_d4;36300;ASH_COATED_OSMIUM;9924;20;9921;21;;;9936;20;9940;18;;;9930.0;0.0
yf_ADM_d4;36300;INTARIAN_PEPPER_ROOT;12382;17;12379;19;;;12388;7;12391;22;;;12385.0;0.0
yf_ADM_d4;36400;ASH_COATED_OSMIUM;9927;9;9924;15;;;9933;13;9935;19;;;9930.0;0.0
yf_ADM_d4;36400;INTARIAN_PEPPER_ROOT;12378;17;12375;12;;;12393;17;12396;12;;;12385.5;0.0
yf_ADM_d4;36500;ASH_COATED_OSMIUM;9926;19;9924;19;;;9934;13;9938;19;;;9930.0;0.0
yf_ADM_d4;36500;INTARIAN_PEPPER_ROOT;12376;18;12372;18;;;12397;16;12401;23;;;12386.5;0.0
yf_ADM_d4;36600;ASH_COATED_OSMIUM;9928;16;9925;22;;;9934;13;9936;8;;;9931.0;0.0
yf_ADM_d4;36600;INTARIAN_PEPPER_ROOT;12385;16;12383;21;;;12391;10;12394;21;;;12388.0;0.0
yf_ADM_d4;36700;ASH_COATED_OSMIUM;9927;12;9923;19;;;9933;11;9936;19;;;9930.0;0.0
yf_ADM_d4;36700;INTARIAN_PEPPER_ROOT;12380;14;12378;27;;;12396;19;12398;16;;;12388.0;0.0
yf_ADM_d4;36800;ASH_COATED_OSMIUM;9928;16;9924;21;;;9934;17;9938;19;;;9931.0;0.0
yf_ADM_d4;36800;INTARIAN_PEPPER_ROOT;12386;17;12383;25;;;12392;17;12395;20;;;12389.0;0.0
yf_ADM_d4;36900;ASH_COATED_OSMIUM;9928;16;9924;14;;;9934;5;9938;17;;;9931.0;0.0
yf_ADM_d4;36900;INTARIAN_PEPPER_ROOT;12386;18;12382;21;;;12392;11;12395;21;;;12389.0;0.0
yf_ADM_d4;37000;ASH_COATED_OSMIUM;9923;5;9920;25;;;9937;10;9940;24;;;9930.0;0.0
yf_ADM_d4;37000;INTARIAN_PEPPER_ROOT;12386;17;12383;21;;;12392;14;12395;23;;;12389.0;0.0
yf_ADM_d4;37100;ASH_COATED_OSMIUM;9928;11;9925;18;;;9934;13;9937;21;;;9931.0;0.0
yf_ADM_d4;37100;INTARIAN_PEPPER_ROOT;12388;16;12384;20;;;12394;19;12397;19;;;12391.0;0.0
yf_ADM_d4;37200;ASH_COATED_OSMIUM;9924;23;9921;22;;;9938;19;9940;28;;;9931.0;0.0
yf_ADM_d4;37200;INTARIAN_PEPPER_ROOT;12382;15;12380;21;;;12401;16;12405;19;;;12391.5;0.0
yf_ADM_d4;37300;ASH_COATED_OSMIUM;9927;12;9923;17;;;9935;13;9938;18;;;9931.0;0.0
yf_ADM_d4;37300;INTARIAN_PEPPER_ROOT;12381;14;12378;21;;;12402;14;12406;8;;;12391.5;0.0
yf_ADM_d4;37400;ASH_COATED_OSMIUM;9928;17;9924;18;;;9934;17;9938;8;;;9931.0;0.0
yf_ADM_d4;37400;INTARIAN_PEPPER_ROOT;12390;9;12388;18;;;12396;17;12399;28;;;12393.0;0.0
yf_ADM_d4;37500;ASH_COATED_OSMIUM;9928;16;9924;16;;;9934;5;9937;27;;;9931.0;0.0
yf_ADM_d4;37500;INTARIAN_PEPPER_ROOT;12389;14;12386;17;;;12395;20;12397;15;;;12392.0;0.0
yf_ADM_d4;37600;ASH_COATED_OSMIUM;9925;14;9922;8;;;9937;15;9939;26;;;9931.0;0.0
yf_ADM_d4;37600;INTARIAN_PEPPER_ROOT;12390;16;12387;21;;;12396;11;12398;23;;;12393.0;0.0
yf_ADM_d4;37700;ASH_COATED_OSMIUM;9922;18;9920;28;;;9941;16;9945;22;;;9931.5;0.0
yf_ADM_d4;37700;INTARIAN_PEPPER_ROOT;12391;6;12388;22;;;12397;17;12401;21;;;12394.0;0.0
yf_ADM_d4;37800;ASH_COATED_OSMIUM;9928;18;9926;21;;;9934;10;9938;20;;;9931.0;0.0
yf_ADM_d4;37800;INTARIAN_PEPPER_ROOT;12392;21;12390;30;;;12398;23;12401;19;;;12395.0;0.0
yf_ADM_d4;37900;ASH_COATED_OSMIUM;9929;20;9925;16;;;9935;14;9938;21;;;9932.0;0.0
yf_ADM_d4;37900;INTARIAN_PEPPER_ROOT;12393;9;12389;16;;;12399;21;12403;18;;;12396.0;0.0
yf_ADM_d4;38000;ASH_COATED_OSMIUM;9928;5;9924;24;;;9934;8;9936;21;;;9931.0;0.0
yf_ADM_d4;38000;INTARIAN_PEPPER_ROOT;12383;17;12381;15;;;12410;21;12414;23;;;12396.5;0.0
yf_ADM_d4;38100;ASH_COATED_OSMIUM;9925;20;9922;21;;;9939;17;9943;18;;;9932.0;0.0
yf_ADM_d4;38100;INTARIAN_PEPPER_ROOT;12385;8;12381;23;;;12409;21;12413;20;;;12397.0;0.0
yf_ADM_d4;38200;ASH_COATED_OSMIUM;9928;14;9925;17;;;9934;18;9937;19;;;9931.0;0.0
yf_ADM_d4;38200;INTARIAN_PEPPER_ROOT;12395;10;12392;15;;;12401;27;12405;14;;;12398.0;0.0
yf_ADM_d4;38300;ASH_COATED_OSMIUM;9928;19;9925;21;;;9934;21;9937;22;;;9931.0;0.0
yf_ADM_d4;38300;INTARIAN_PEPPER_ROOT;12395;7;12393;12;;;12401;12;12403;8;;;12398.0;0.0
yf_ADM_d4;38400;ASH_COATED_OSMIUM;9927;15;9923;14;;;9936;10;9939;19;;;9931.5;0.0
yf_ADM_d4;38400;INTARIAN_PEPPER_ROOT;12396;21;12392;21;;;12402;13;12406;16;;;12399.0;0.0
yf_ADM_d4;38500;ASH_COATED_OSMIUM;9929;17;9925;13;;;9935;21;9938;14;;;9932.0;0.0
yf_ADM_d4;38500;INTARIAN_PEPPER_ROOT;12397;30;12395;10;;;12403;20;12407;21;;;12400.0;0.0
yf_ADM_d4;38600;ASH_COATED_OSMIUM;9922;12;9919;12;;;9940;10;9943;22;;;9931.0;0.0
yf_ADM_d4;38600;INTARIAN_PEPPER_ROOT;12387;20;12384;28;;;12413;7;12417;21;;;12400.0;0.0
yf_ADM_d4;38700;ASH_COATED_OSMIUM;9929;20;9925;21;;;9935;17;9939;18;;;9932.0;0.0
yf_ADM_d4;38700;INTARIAN_PEPPER_ROOT;12397;22;12395;18;;;12403;12;12407;16;;;12400.0;0.0
yf_ADM_d4;38800;ASH_COATED_OSMIUM;9929;11;9925;22;;;9935;16;9939;22;;;9932.0;0.0
yf_ADM_d4;38800;INTARIAN_PEPPER_ROOT;12398;5;12394;25;;;12404;23;12407;23;;;12401.0;0.0
yf_ADM_d4;38900;ASH_COATED_OSMIUM;9928;22;9925;27;;;9934;13;9937;19;;;9931.0;0.0
yf_ADM_d4;38900;INTARIAN_PEPPER_ROOT;12399;15;12395;12;;;12405;19;12408;18;;;12402.0;0.0
yf_ADM_d4;39000;ASH_COATED_OSMIUM;9929;11;9925;20;;;9935;5;9937;20;;;9932.0;0.0
yf_ADM_d4;39000;INTARIAN_PEPPER_ROOT;12396;15;12393;20;;;12409;20;12413;30;;;12402.5;0.0
yf_ADM_d4;39100;ASH_COATED_OSMIUM;9920;24;9917;9;;;9943;21;9946;28;;;9931.5;0.0
yf_ADM_d4;39100;INTARIAN_PEPPER_ROOT;12400;14;12398;26;;;12406;18;12409;20;;;12403.0;0.0
yf_ADM_d4;39200;ASH_COATED_OSMIUM;9929;11;9925;24;;;9935;17;9937;21;;;9932.0;0.0
yf_ADM_d4;39200;INTARIAN_PEPPER_ROOT;12401;15;12398;15;;;12407;20;12410;17;;;12404.0;0.0
yf_ADM_d4;39300;ASH_COATED_OSMIUM;9929;12;9927;19;;;9935;10;9937;23;;;9932.0;0.0
yf_ADM_d4;39300;INTARIAN_PEPPER_ROOT;12401;15;12399;27;;;12407;8;12410;16;;;12404.0;0.0
yf_ADM_d4;39400;ASH_COATED_OSMIUM;9926;21;9922;23;;;9938;21;9941;14;;;9932.0;0.0
yf_ADM_d4;39400;INTARIAN_PEPPER_ROOT;12402;26;12399;15;;;12408;26;12412;21;;;12405.0;0.0
yf_ADM_d4;39500;ASH_COATED_OSMIUM;9929;9;9925;24;;;9935;14;9938;30;;;9932.0;0.0
yf_ADM_d4;39500;INTARIAN_PEPPER_ROOT;12403;11;12400;28;;;12409;14;12413;18;;;12406.0;0.0
yf_ADM_d4;39600;ASH_COATED_OSMIUM;9929;16;9926;26;;;9935;20;9939;20;;;9932.0;0.0
yf_ADM_d4;39600;INTARIAN_PEPPER_ROOT;12401;22;12399;20;;;12412;16;12415;23;;;12406.5;0.0
yf_ADM_d4;39700;ASH_COATED_OSMIUM;9929;17;9926;16;;;9936;21;9940;26;;;9932.5;0.0
yf_ADM_d4;39700;INTARIAN_PEPPER_ROOT;12404;22;12402;17;;;12410;17;12413;16;;;12407.0;0.0
yf_ADM_d4;39800;ASH_COATED_OSMIUM;9929;7;9927;16;;;9935;18;9939;21;;;9932.0;0.0
yf_ADM_d4;39800;INTARIAN_PEPPER_ROOT;12405;12;12402;24;;;12411;22;12415;16;;;12408.0;0.0
yf_ADM_d4;39900;ASH_COATED_OSMIUM;9929;18;9926;16;;;9935;11;9938;15;;;9932.0;0.0
yf_ADM_d4;39900;INTARIAN_PEPPER_ROOT;12399;23;12397;26;;;12417;15;12419;27;;;12408.0;0.0
yf_ADM_d4;40000;ASH_COATED_OSMIUM;9906;12;9904;12;;;9957;19;9961;18;;;9931.5;0.0
yf_ADM_d4;40000;INTARIAN_PEPPER_ROOT;12406;23;12404;17;;;12412;18;12415;14;;;12409.0;0.0
yf_ADM_d4;40100;ASH_COATED_OSMIUM;9924;16;9922;22;;;9940;19;9942;25;;;9932.0;0.0
yf_ADM_d4;40100;INTARIAN_PEPPER_ROOT;12406;16;12403;25;;;12412;13;12415;22;;;12409.0;0.0
yf_ADM_d4;40200;ASH_COATED_OSMIUM;9925;19;9922;20;;;9938;15;9942;26;;;9931.5;0.0
yf_ADM_d4;40200;INTARIAN_PEPPER_ROOT;12406;19;12403;19;;;12413;10;12415;21;;;12409.5;0.0
yf_ADM_d4;40300;ASH_COATED_OSMIUM;9920;15;9918;24;;;9944;18;9947;15;;;9932.0;0.0
yf_ADM_d4;40300;INTARIAN_PEPPER_ROOT;12398;19;12396;17;;;12423;15;12426;18;;;12410.5;0.0
yf_ADM_d4;40400;ASH_COATED_OSMIUM;9929;11;9927;18;;;9935;14;9939;15;;;9932.0;0.0
yf_ADM_d4;40400;INTARIAN_PEPPER_ROOT;12408;9;12405;23;;;12414;19;12416;8;;;12411.0;0.0
yf_ADM_d4;40500;ASH_COATED_OSMIUM;9924;14;9921;13;;;9941;18;9945;27;;;9932.5;0.0
yf_ADM_d4;40500;INTARIAN_PEPPER_ROOT;12409;25;12406;16;;;12415;19;12418;30;;;12412.0;0.0
yf_ADM_d4;40600;ASH_COATED_OSMIUM;9928;22;9924;29;;;9936;9;9938;22;;;9932.0;0.0
yf_ADM_d4;40600;INTARIAN_PEPPER_ROOT;12409;13;12406;25;;;12415;10;12417;9;;;12412.0;0.0
yf_ADM_d4;40700;ASH_COATED_OSMIUM;9929;5;9925;17;;;9937;13;9940;20;;;9933.0;0.0
yf_ADM_d4;40700;INTARIAN_PEPPER_ROOT;12410;16;12408;26;;;12416;25;12418;13;;;12413.0;0.0
yf_ADM_d4;40800;ASH_COATED_OSMIUM;9930;17;9928;19;;;9936;12;9938;14;;;9933.0;0.0
yf_ADM_d4;40800;INTARIAN_PEPPER_ROOT;12410;7;12406;22;;;12418;10;12420;10;;;12414.0;0.0
yf_ADM_d4;40900;ASH_COATED_OSMIUM;9929;6;9927;13;;;9935;14;9939;11;;;9932.0;0.0
yf_ADM_d4;40900;INTARIAN_PEPPER_ROOT;12411;15;12407;13;;;12418;14;12422;9;;;12414.5;0.0
yf_ADM_d4;41000;ASH_COATED_OSMIUM;9930;9;9927;21;;;9936;16;9940;27;;;9933.0;0.0
yf_ADM_d4;41000;INTARIAN_PEPPER_ROOT;12412;21;12409;18;;;12418;12;12421;20;;;12415.0;0.0
yf_ADM_d4;41100;ASH_COATED_OSMIUM;9926;10;9922;13;;;9939;13;9943;15;;;9932.5;0.0
yf_ADM_d4;41100;INTARIAN_PEPPER_ROOT;12413;17;12410;14;;;12419;18;12421;19;;;12416.0;0.0
yf_ADM_d4;41200;ASH_COATED_OSMIUM;9926;18;9924;19;;;9939;7;9942;19;;;9932.5;0.0
yf_ADM_d4;41200;INTARIAN_PEPPER_ROOT;12414;20;12412;17;;;12420;21;12423;17;;;12417.0;0.0
yf_ADM_d4;41300;ASH_COATED_OSMIUM;9924;18;9922;23;;;9942;14;9946;11;;;9933.0;0.0
yf_ADM_d4;41300;INTARIAN_PEPPER_ROOT;12414;10;12410;27;;;12420;8;12422;17;;;12417.0;0.0
yf_ADM_d4;41400;ASH_COATED_OSMIUM;9927;10;9925;19;;;9938;25;9941;23;;;9932.5;0.0
yf_ADM_d4;41400;INTARIAN_PEPPER_ROOT;12414;15;12410;25;;;12421;12;12424;21;;;12417.5;0.0
yf_ADM_d4;41500;ASH_COATED_OSMIUM;9930;14;9928;11;;;9936;22;9939;14;;;9933.0;0.0
yf_ADM_d4;41500;INTARIAN_PEPPER_ROOT;12415;9;12411;14;;;12421;22;12423;22;;;12418.0;0.0
yf_ADM_d4;41600;ASH_COATED_OSMIUM;9929;5;9927;16;;;9935;13;9939;29;;;9932.0;0.0
yf_ADM_d4;41600;INTARIAN_PEPPER_ROOT;12407;6;12405;28;;;12430;9;12434;28;;;12418.5;0.0
yf_ADM_d4;41700;ASH_COATED_OSMIUM;9930;11;9928;23;;;9936;9;9939;11;;;9933.0;0.0
yf_ADM_d4;41700;INTARIAN_PEPPER_ROOT;12410;22;12406;15;;;12429;23;12433;18;;;12419.5;0.0
yf_ADM_d4;41800;ASH_COATED_OSMIUM;9930;9;9928;19;;;9936;12;9938;23;;;9933.0;0.0
yf_ADM_d4;41800;INTARIAN_PEPPER_ROOT;12416;12;12414;20;;;12423;15;12425;32;;;12419.5;0.0
yf_ADM_d4;41900;ASH_COATED_OSMIUM;9931;16;9927;22;;;9937;14;9941;19;;;9934.0;0.0
yf_ADM_d4;41900;INTARIAN_PEPPER_ROOT;12418;13;12416;11;;;12424;18;12427;16;;;12421.0;0.0
yf_ADM_d4;42000;ASH_COATED_OSMIUM;9922;15;9918;23;;;9944;5;9946;20;;;9933.0;0.0
yf_ADM_d4;42000;INTARIAN_PEPPER_ROOT;12418;12;12416;19;;;12424;17;12428;31;;;12421.0;0.0
yf_ADM_d4;42100;ASH_COATED_OSMIUM;9926;7;9922;19;;;9942;17;9946;20;;;9934.0;0.0
yf_ADM_d4;42100;INTARIAN_PEPPER_ROOT;12419;16;12417;11;;;12425;9;12427;26;;;12422.0;0.0
yf_ADM_d4;42200;ASH_COATED_OSMIUM;9927;6;9924;20;;;9939;26;9943;14;;;9933.0;0.0
yf_ADM_d4;42200;INTARIAN_PEPPER_ROOT;12417;19;12414;16;;;12428;7;12431;23;;;12422.5;0.0
yf_ADM_d4;42300;ASH_COATED_OSMIUM;9931;17;9927;18;;;9937;13;9941;8;;;9934.0;0.0
yf_ADM_d4;42300;INTARIAN_PEPPER_ROOT;12420;17;12418;33;;;12426;21;12429;22;;;12423.0;0.0
yf_ADM_d4;42400;ASH_COATED_OSMIUM;9930;18;9927;18;;;9936;17;9940;17;;;9933.0;0.0
yf_ADM_d4;42400;INTARIAN_PEPPER_ROOT;12421;9;12417;22;;;12427;20;12429;18;;;12424.0;0.0
yf_ADM_d4;42500;ASH_COATED_OSMIUM;9930;17;9926;23;;;9936;13;9938;15;;;9933.0;0.0
yf_ADM_d4;42500;INTARIAN_PEPPER_ROOT;12422;13;12418;14;;;12428;16;12431;23;;;12425.0;0.0
yf_ADM_d4;42600;ASH_COATED_OSMIUM;9929;22;9927;21;;;9937;15;9940;16;;;9933.0;0.0
yf_ADM_d4;42600;INTARIAN_PEPPER_ROOT;12422;8;12420;26;;;12428;11;12431;30;;;12425.0;0.0
yf_ADM_d4;42700;ASH_COATED_OSMIUM;9930;13;9928;23;;;9936;6;9939;22;;;9933.0;0.0
yf_ADM_d4;42700;INTARIAN_PEPPER_ROOT;12422;11;12418;9;;;12431;9;12435;15;;;12426.5;0.0
yf_ADM_d4;42800;ASH_COATED_OSMIUM;9926;19;9923;11;;;9941;15;9945;27;;;9933.5;0.0
yf_ADM_d4;42800;INTARIAN_PEPPER_ROOT;12423;14;12421;15;;;12429;10;12431;15;;;12426.0;0.0
yf_ADM_d4;42900;ASH_COATED_OSMIUM;9930;9;9928;19;;;9937;19;9940;17;;;9933.5;0.0
yf_ADM_d4;42900;INTARIAN_PEPPER_ROOT;12415;11;12411;22;;;12440;13;12442;25;;;12427.5;0.0
yf_ADM_d4;43000;ASH_COATED_OSMIUM;9931;19;9927;18;;;9937;11;9940;27;;;9934.0;0.0
yf_ADM_d4;43000;INTARIAN_PEPPER_ROOT;12423;30;12421;18;;;12432;19;12436;27;;;12427.5;0.0
yf_ADM_d4;43100;ASH_COATED_OSMIUM;9919;13;9916;21;;;9948;12;9952;16;;;9933.5;0.0
yf_ADM_d4;43100;INTARIAN_PEPPER_ROOT;12425;19;12421;17;;;12431;24;12433;22;;;12428.0;0.0
yf_ADM_d4;43200;ASH_COATED_OSMIUM;9931;13;9929;20;;;9937;10;9940;21;;;9934.0;0.0
yf_ADM_d4;43200;INTARIAN_PEPPER_ROOT;12425;28;12423;15;;;12432;24;12435;18;;;12428.5;0.0
yf_ADM_d4;43300;ASH_COATED_OSMIUM;9931;13;9928;8;;;9937;10;9939;20;;;9934.0;0.0
yf_ADM_d4;43300;INTARIAN_PEPPER_ROOT;12427;19;12424;23;;;12433;9;12435;19;;;12430.0;0.0
yf_ADM_d4;43400;ASH_COATED_OSMIUM;9931;18;9929;25;;;9937;8;9939;16;;;9934.0;0.0
yf_ADM_d4;43400;INTARIAN_PEPPER_ROOT;12428;16;12424;23;;;12434;29;12436;15;;;12431.0;0.0
yf_ADM_d4;43500;ASH_COATED_OSMIUM;9931;21;9927;15;;;9937;9;9941;17;;;9934.0;0.0
yf_ADM_d4;43500;INTARIAN_PEPPER_ROOT;12427;20;12423;14;;;12433;20;12436;18;;;12430.0;0.0
yf_ADM_d4;43600;ASH_COATED_OSMIUM;9930;16;9926;18;;;9937;10;9941;19;;;9933.5;0.0
yf_ADM_d4;43600;INTARIAN_PEPPER_ROOT;12429;14;12425;33;;;12435;15;12438;18;;;12432.0;0.0
yf_ADM_d4;43700;ASH_COATED_OSMIUM;9930;21;9926;13;;;9937;17;9939;23;;;9933.5;0.0
yf_ADM_d4;43700;INTARIAN_PEPPER_ROOT;12429;16;12425;17;;;12435;16;12439;25;;;12432.0;0.0
yf_ADM_d4;43800;ASH_COATED_OSMIUM;9926;14;9924;24;;;9941;14;9943;19;;;9933.5;0.0
yf_ADM_d4;43800;INTARIAN_PEPPER_ROOT;12429;9;12426;17;;;12435;18;12438;17;;;12432.0;0.0
yf_ADM_d4;43900;ASH_COATED_OSMIUM;9921;19;9919;20;;;9946;19;9948;18;;;9933.5;0.0
yf_ADM_d4;43900;INTARIAN_PEPPER_ROOT;12428;20;12425;29;;;12438;23;12440;20;;;12433.0;0.0
yf_ADM_d4;44000;ASH_COATED_OSMIUM;9931;6;9928;17;;;9938;28;9940;19;;;9934.5;0.0
yf_ADM_d4;44000;INTARIAN_PEPPER_ROOT;12431;15;12427;12;;;12437;9;12441;22;;;12434.0;0.0
yf_ADM_d4;44100;ASH_COATED_OSMIUM;9926;13;9923;9;;;9942;24;9945;24;;;9934.0;0.0
yf_ADM_d4;44100;INTARIAN_PEPPER_ROOT;12432;13;12430;14;;;12438;19;12442;19;;;12435.0;0.0
yf_ADM_d4;44200;ASH_COATED_OSMIUM;9931;14;9928;20;;;9938;13;9942;8;;;9934.5;0.0
yf_ADM_d4;44200;INTARIAN_PEPPER_ROOT;12428;7;12425;17;;;12441;8;12445;14;;;12434.5;0.0
yf_ADM_d4;44300;ASH_COATED_OSMIUM;9931;21;9929;18;;;9937;12;9940;25;;;9934.0;0.0
yf_ADM_d4;44300;INTARIAN_PEPPER_ROOT;12433;17;12430;19;;;12439;18;12442;22;;;12436.0;0.0
yf_ADM_d4;44400;ASH_COATED_OSMIUM;9925;13;9923;22;;;9944;9;9948;23;;;9934.5;0.0
yf_ADM_d4;44400;INTARIAN_PEPPER_ROOT;12433;16;12431;21;;;12439;19;12443;18;;;12436.0;0.0
yf_ADM_d4;44500;ASH_COATED_OSMIUM;9931;16;9928;19;;;9938;14;9942;15;;;9934.5;0.0
yf_ADM_d4;44500;INTARIAN_PEPPER_ROOT;12432;22;12428;17;;;12441;17;12445;22;;;12436.5;0.0
yf_ADM_d4;44600;ASH_COATED_OSMIUM;9931;14;9929;17;;;9938;13;9941;18;;;9934.5;0.0
yf_ADM_d4;44600;INTARIAN_PEPPER_ROOT;12435;6;12431;18;;;12441;15;12445;17;;;12438.0;0.0
yf_ADM_d4;44700;ASH_COATED_OSMIUM;9931;14;9927;24;;;9937;17;9939;26;;;9934.0;0.0
yf_ADM_d4;44700;INTARIAN_PEPPER_ROOT;12436;9;12434;18;;;12442;6;12446;11;;;12439.0;0.0
yf_ADM_d4;44800;ASH_COATED_OSMIUM;9932;17;9928;22;;;9938;15;9940;12;;;9935.0;0.0
yf_ADM_d4;44800;INTARIAN_PEPPER_ROOT;12436;5;12432;11;;;12442;17;12444;18;;;12439.0;0.0
yf_ADM_d4;44900;ASH_COATED_OSMIUM;9931;14;9929;26;;;9937;19;9940;19;;;9934.0;0.0
yf_ADM_d4;44900;INTARIAN_PEPPER_ROOT;12436;21;12432;17;;;12442;6;12444;13;;;12439.0;0.0
yf_ADM_d4;45000;ASH_COATED_OSMIUM;9932;10;9928;11;;;9938;16;9941;11;;;9935.0;0.0
yf_ADM_d4;45000;INTARIAN_PEPPER_ROOT;12437;7;12433;23;;;12443;21;12447;12;;;12440.0;0.0
yf_ADM_d4;45100;ASH_COATED_OSMIUM;9929;5;9925;16;;;9940;5;9944;19;;;9934.5;0.0
yf_ADM_d4;45100;INTARIAN_PEPPER_ROOT;12430;9;12428;18;;;12452;14;12454;18;;;12441.0;0.0
yf_ADM_d4;45200;ASH_COATED_OSMIUM;9925;19;9922;17;;;9945;11;9947;21;;;9935.0;0.0
yf_ADM_d4;45200;INTARIAN_PEPPER_ROOT;12435;14;12433;17;;;12448;11;12451;20;;;12441.5;0.0
yf_ADM_d4;45300;ASH_COATED_OSMIUM;9921;8;9918;18;;;9949;13;9952;27;;;9935.0;0.0
yf_ADM_d4;45300;INTARIAN_PEPPER_ROOT;12439;27;12437;26;;;12445;16;12449;16;;;12442.0;0.0
yf_ADM_d4;45400;ASH_COATED_OSMIUM;9927;7;9925;17;;;9942;15;9944;23;;;9934.5;0.0
yf_ADM_d4;45400;INTARIAN_PEPPER_ROOT;12439;20;12437;24;;;12445;18;12447;13;;;12442.0;0.0
yf_ADM_d4;45500;ASH_COATED_OSMIUM;9928;14;9924;21;;;9941;6;9943;15;;;9934.5;0.0
yf_ADM_d4;45500;INTARIAN_PEPPER_ROOT;12438;14;12435;8;;;12450;20;12454;19;;;12444.0;0.0
yf_ADM_d4;45600;ASH_COATED_OSMIUM;9932;10;9930;11;;;9938;7;9942;14;;;9935.0;0.0
yf_ADM_d4;45600;INTARIAN_PEPPER_ROOT;12441;14;12437;20;;;12447;23;12450;18;;;12444.0;0.0
yf_ADM_d4;45700;ASH_COATED_OSMIUM;9930;15;9927;25;;;9938;13;9941;25;;;9934.0;0.0
yf_ADM_d4;45700;INTARIAN_PEPPER_ROOT;12442;17;12440;20;;;12448;14;12451;25;;;12445.0;0.0
yf_ADM_d4;45800;ASH_COATED_OSMIUM;9932;17;9929;18;;;9938;13;9940;25;;;9935.0;0.0
yf_ADM_d4;45800;INTARIAN_PEPPER_ROOT;12438;22;12434;22;;;12453;12;12455;15;;;12445.5;0.0
yf_ADM_d4;45900;ASH_COATED_OSMIUM;9932;20;9929;15;;;9938;21;9942;15;;;9935.0;0.0
yf_ADM_d4;45900;INTARIAN_PEPPER_ROOT;12443;7;12440;11;;;12449;11;12453;21;;;12446.0;0.0
yf_ADM_d4;46000;ASH_COATED_OSMIUM;9921;13;9918;19;;;9948;14;9952;17;;;9934.5;0.0
yf_ADM_d4;46000;INTARIAN_PEPPER_ROOT;12443;20;12441;27;;;12449;13;12453;18;;;12446.0;0.0
yf_ADM_d4;46100;ASH_COATED_OSMIUM;9932;19;9928;34;;;9938;21;9941;16;;;9935.0;0.0
yf_ADM_d4;46100;INTARIAN_PEPPER_ROOT;12439;14;12435;25;;;12455;12;12459;25;;;12447.0;0.0
yf_ADM_d4;46200;ASH_COATED_OSMIUM;9932;22;9930;25;;;9939;15;9943;12;;;9935.5;0.0
yf_ADM_d4;46200;INTARIAN_PEPPER_ROOT;12445;15;12441;30;;;12451;8;12454;13;;;12448.0;0.0
yf_ADM_d4;46300;ASH_COATED_OSMIUM;9932;18;9928;24;;;9938;6;9940;22;;;9935.0;0.0
yf_ADM_d4;46300;INTARIAN_PEPPER_ROOT;12445;5;12443;18;;;12451;22;12455;11;;;12448.0;0.0
yf_ADM_d4;46400;ASH_COATED_OSMIUM;9932;12;9928;25;;;9938;13;9940;20;;;9935.0;0.0
yf_ADM_d4;46400;INTARIAN_PEPPER_ROOT;12445;21;12442;27;;;12454;15;12458;17;;;12449.5;0.0
yf_ADM_d4;46500;ASH_COATED_OSMIUM;9932;10;9928;24;;;9938;14;9940;18;;;9935.0;0.0
yf_ADM_d4;46500;INTARIAN_PEPPER_ROOT;12447;16;12444;25;;;12453;9;12455;15;;;12450.0;0.0
yf_ADM_d4;46600;ASH_COATED_OSMIUM;9933;18;9931;22;;;9939;19;9941;16;;;9936.0;0.0
yf_ADM_d4;46600;INTARIAN_PEPPER_ROOT;12447;5;12445;22;;;12453;13;12456;14;;;12450.0;0.0
yf_ADM_d4;46700;ASH_COATED_OSMIUM;9932;15;9930;17;;;9938;8;9942;18;;;9935.0;0.0
yf_ADM_d4;46700;INTARIAN_PEPPER_ROOT;12448;11;12444;27;;;12454;9;12456;14;;;12451.0;0.0
yf_ADM_d4;46800;ASH_COATED_OSMIUM;9931;14;9927;14;;;9941;19;9945;25;;;9936.0;0.0
yf_ADM_d4;46800;INTARIAN_PEPPER_ROOT;12448;28;12446;24;;;12454;13;12458;13;;;12451.0;0.0
yf_ADM_d4;46900;ASH_COATED_OSMIUM;9933;24;9930;16;;;9939;18;9941;27;;;9936.0;0.0
yf_ADM_d4;46900;INTARIAN_PEPPER_ROOT;12444;23;12442;16;;;12460;7;12462;17;;;12452.0;0.0
yf_ADM_d4;47000;ASH_COATED_OSMIUM;9929;14;9927;23;;;9942;13;9946;21;;;9935.5;0.0
yf_ADM_d4;47000;INTARIAN_PEPPER_ROOT;12450;16;12447;23;;;12456;15;12459;26;;;12453.0;0.0
yf_ADM_d4;47100;ASH_COATED_OSMIUM;9932;24;9928;35;;;9938;23;9941;31;;;9935.0;0.0
yf_ADM_d4;47100;INTARIAN_PEPPER_ROOT;12451;14;12448;22;;;12457;15;12461;19;;;12454.0;0.0
yf_ADM_d4;47200;ASH_COATED_OSMIUM;9929;11;9927;16;;;9941;9;9943;22;;;9935.0;0.0
yf_ADM_d4;47200;INTARIAN_PEPPER_ROOT;12450;17;12447;17;;;12458;17;12460;8;;;12454.0;0.0
yf_ADM_d4;47300;ASH_COATED_OSMIUM;9932;11;9929;24;;;9938;14;9941;21;;;9935.0;0.0
yf_ADM_d4;47300;INTARIAN_PEPPER_ROOT;12447;20;12443;27;;;12461;11;12464;32;;;12454.0;0.0
yf_ADM_d4;47400;ASH_COATED_OSMIUM;9929;23;9926;22;;;9942;11;9945;27;;;9935.5;0.0
yf_ADM_d4;47400;INTARIAN_PEPPER_ROOT;12453;13;12451;14;;;12459;15;12461;29;;;12456.0;0.0
yf_ADM_d4;47500;ASH_COATED_OSMIUM;9930;12;9928;12;;;9941;5;9944;13;;;9935.5;0.0
yf_ADM_d4;47500;INTARIAN_PEPPER_ROOT;12453;12;12450;19;;;12459;19;12463;12;;;12456.0;0.0
yf_ADM_d4;47600;ASH_COATED_OSMIUM;9932;9;9928;23;;;9939;12;9942;26;;;9935.5;0.0
yf_ADM_d4;47600;INTARIAN_PEPPER_ROOT;12444;17;12440;9;;;12469;12;12471;8;;;12456.5;0.0
yf_ADM_d4;47700;ASH_COATED_OSMIUM;9932;13;9929;22;;;9938;9;9940;12;;;9935.0;0.0
yf_ADM_d4;47700;INTARIAN_PEPPER_ROOT;12454;13;12450;26;;;12460;17;12462;18;;;12457.0;0.0
yf_ADM_d4;47800;ASH_COATED_OSMIUM;9927;14;9925;18;;;9944;20;9946;16;;;9935.5;0.0
yf_ADM_d4;47800;INTARIAN_PEPPER_ROOT;12454;22;12450;28;;;12462;10;12466;24;;;12458.0;0.0
yf_ADM_d4;47900;ASH_COATED_OSMIUM;9932;16;9928;23;;;9938;15;9942;22;;;9935.0;0.0
yf_ADM_d4;47900;INTARIAN_PEPPER_ROOT;12455;14;12452;12;;;12461;15;12463;12;;;12458.0;0.0
yf_ADM_d4;48000;ASH_COATED_OSMIUM;9928;9;9926;21;;;9944;21;9948;18;;;9936.0;0.0
yf_ADM_d4;48000;INTARIAN_PEPPER_ROOT;12456;6;12453;18;;;12462;13;12466;24;;;12459.0;0.0
yf_ADM_d4;48100;ASH_COATED_OSMIUM;9933;15;9929;16;;;9939;12;9943;22;;;9936.0;0.0
yf_ADM_d4;48100;INTARIAN_PEPPER_ROOT;12456;15;12454;18;;;12462;9;12466;22;;;12459.0;0.0
yf_ADM_d4;48200;ASH_COATED_OSMIUM;9933;14;9930;18;;;9939;10;9942;21;;;9936.0;0.0
yf_ADM_d4;48200;INTARIAN_PEPPER_ROOT;12454;18;12450;21;;;12466;16;12470;21;;;12460.0;0.0
yf_ADM_d4;48300;ASH_COATED_OSMIUM;9932;9;9929;16;;;9938;7;9940;26;;;9935.0;0.0
yf_ADM_d4;48300;INTARIAN_PEPPER_ROOT;12455;11;12452;23;;;12468;23;12470;14;;;12461.5;0.0
yf_ADM_d4;48400;ASH_COATED_OSMIUM;9933;18;9930;21;;;9939;12;9943;17;;;9936.0;0.0
yf_ADM_d4;48400;INTARIAN_PEPPER_ROOT;12458;15;12456;23;;;12464;11;12467;27;;;12461.0;0.0
yf_ADM_d4;48500;ASH_COATED_OSMIUM;9930;10;9928;21;;;9942;15;9946;17;;;9936.0;0.0
yf_ADM_d4;48500;INTARIAN_PEPPER_ROOT;12459;16;12457;27;;;12465;20;12469;17;;;12462.0;0.0
yf_ADM_d4;48600;ASH_COATED_OSMIUM;9933;18;9929;17;;;9939;20;9942;23;;;9936.0;0.0
yf_ADM_d4;48600;INTARIAN_PEPPER_ROOT;12447;22;12443;20;;;12479;13;12482;17;;;12463.0;0.0
yf_ADM_d4;48700;ASH_COATED_OSMIUM;9923;8;9919;16;;;9948;18;9952;19;;;9935.5;0.0
yf_ADM_d4;48700;INTARIAN_PEPPER_ROOT;12455;10;12452;19;;;12470;18;12474;22;;;12462.5;0.0
yf_ADM_d4;48800;ASH_COATED_OSMIUM;9933;14;9931;20;;;9939;13;9943;16;;;9936.0;0.0
yf_ADM_d4;48800;INTARIAN_PEPPER_ROOT;12461;8;12459;18;;;12467;11;12471;20;;;12464.0;0.0
yf_ADM_d4;48900;ASH_COATED_OSMIUM;9934;17;9932;19;;;9940;22;9944;20;;;9937.0;0.0
yf_ADM_d4;48900;INTARIAN_PEPPER_ROOT;12452;9;12448;20;;;12478;15;12480;17;;;12465.0;0.0
yf_ADM_d4;49000;ASH_COATED_OSMIUM;9933;19;9930;19;;;9939;20;9941;20;;;9936.0;0.0
yf_ADM_d4;49000;INTARIAN_PEPPER_ROOT;12462;15;12458;18;;;12468;16;12472;16;;;12465.0;0.0
yf_ADM_d4;49100;ASH_COATED_OSMIUM;9933;8;9930;18;;;9939;14;9942;20;;;9936.0;0.0
yf_ADM_d4;49100;INTARIAN_PEPPER_ROOT;12460;10;12458;20;;;12470;8;12472;11;;;12465.0;0.0
yf_ADM_d4;49200;ASH_COATED_OSMIUM;9933;13;9930;19;;;9939;8;9941;22;;;9936.0;0.0
yf_ADM_d4;49200;INTARIAN_PEPPER_ROOT;12464;13;12460;20;;;12470;11;12474;17;;;12467.0;0.0
yf_ADM_d4;49300;ASH_COATED_OSMIUM;9930;9;9928;15;;;9942;14;9946;23;;;9936.0;0.0
yf_ADM_d4;49300;INTARIAN_PEPPER_ROOT;12462;15;12458;23;;;12473;18;12475;27;;;12467.5;0.0
yf_ADM_d4;49400;ASH_COATED_OSMIUM;9934;14;9931;15;;;9940;12;9942;15;;;9937.0;0.0
yf_ADM_d4;49400;INTARIAN_PEPPER_ROOT;12464;12;12461;12;;;12471;11;12474;21;;;12467.5;0.0
yf_ADM_d4;49500;ASH_COATED_OSMIUM;9923;13;9919;15;;;9951;13;9953;23;;;9937.0;0.0
yf_ADM_d4;49500;INTARIAN_PEPPER_ROOT;12466;20;12462;20;;;12472;12;12475;18;;;12469.0;0.0
yf_ADM_d4;49600;ASH_COATED_OSMIUM;9933;27;9931;13;;;9940;10;9944;19;;;9936.5;0.0
yf_ADM_d4;49600;INTARIAN_PEPPER_ROOT;12458;10;12456;15;;;12480;12;12483;18;;;12469.0;0.0
yf_ADM_d4;49700;ASH_COATED_OSMIUM;9933;8;9931;19;;;9939;14;9942;14;;;9936.0;0.0
yf_ADM_d4;49700;INTARIAN_PEPPER_ROOT;12454;13;12451;17;;;12487;18;12489;24;;;12470.5;0.0
yf_ADM_d4;49800;ASH_COATED_OSMIUM;9934;16;9931;12;;;9940;16;9942;21;;;9937.0;0.0
yf_ADM_d4;49800;INTARIAN_PEPPER_ROOT;12467;5;12463;19;;;12475;11;12477;21;;;12471.0;0.0
yf_ADM_d4;49900;ASH_COATED_OSMIUM;9934;16;9931;19;;;9940;10;9943;21;;;9937.0;0.0
yf_ADM_d4;49900;INTARIAN_PEPPER_ROOT;12468;11;12466;26;;;12474;11;12476;21;;;12471.0;0.0
yf_ADM_d4;50000;ASH_COATED_OSMIUM;9934;5;9932;19;;;9940;16;9944;19;;;9937.0;0.0
yf_ADM_d4;50000;INTARIAN_PEPPER_ROOT;12458;22;12455;23;;;12486;14;12489;18;;;12472.0;0.0
yf_ADM_d4;50100;ASH_COATED_OSMIUM;9934;8;9931;11;;;9940;15;9943;19;;;9937.0;0.0
yf_ADM_d4;50100;INTARIAN_PEPPER_ROOT;12469;19;12467;12;;;12475;10;12478;19;;;12472.0;0.0
yf_ADM_d4;50200;ASH_COATED_OSMIUM;9933;19;9929;17;;;9939;20;9942;16;;;9936.0;0.0
yf_ADM_d4;50200;INTARIAN_PEPPER_ROOT;12468;23;12465;21;;;12477;16;12481;24;;;12472.5;0.0
yf_ADM_d4;50300;ASH_COATED_OSMIUM;9931;15;9927;24;;;9942;15;9944;26;;;9936.5;0.0
yf_ADM_d4;50300;INTARIAN_PEPPER_ROOT;12468;14;12464;15;;;12478;14;12482;21;;;12473.0;0.0
yf_ADM_d4;50400;ASH_COATED_OSMIUM;9933;15;9930;25;;;9941;16;9945;19;;;9937.0;0.0
yf_ADM_d4;50400;INTARIAN_PEPPER_ROOT;12464;15;12461;12;;;12484;14;12488;14;;;12474.0;0.0
yf_ADM_d4;50500;ASH_COATED_OSMIUM;9929;13;9926;20;;;9946;11;9949;19;;;9937.5;0.0
yf_ADM_d4;50500;INTARIAN_PEPPER_ROOT;12472;16;12470;23;;;12478;22;12482;24;;;12475.0;0.0
yf_ADM_d4;50600;ASH_COATED_OSMIUM;9934;16;9931;20;;;9940;19;9942;11;;;9937.0;0.0
yf_ADM_d4;50600;INTARIAN_PEPPER_ROOT;12472;19;12469;20;;;12480;27;12484;21;;;12476.0;0.0
yf_ADM_d4;50700;ASH_COATED_OSMIUM;9934;13;9931;14;;;9940;18;9944;18;;;9937.0;0.0
yf_ADM_d4;50700;INTARIAN_PEPPER_ROOT;12473;17;12469;16;;;12479;14;12482;18;;;12476.0;0.0
yf_ADM_d4;50800;ASH_COATED_OSMIUM;9934;12;9931;23;;;9940;18;9942;14;;;9937.0;0.0
yf_ADM_d4;50800;INTARIAN_PEPPER_ROOT;12473;21;12471;17;;;12480;6;12484;25;;;12476.5;0.0
yf_ADM_d4;50900;ASH_COATED_OSMIUM;9934;9;9930;28;;;9940;15;9942;22;;;9937.0;0.0
yf_ADM_d4;50900;INTARIAN_PEPPER_ROOT;12472;16;12468;21;;;12483;15;12486;19;;;12477.5;0.0
yf_ADM_d4;51000;ASH_COATED_OSMIUM;9932;18;9929;17;;;9942;10;9945;24;;;9937.0;0.0
yf_ADM_d4;51000;INTARIAN_PEPPER_ROOT;12476;5;12473;10;;;12482;20;12485;21;;;12479.0;0.0
yf_ADM_d4;51100;ASH_COATED_OSMIUM;9933;19;9931;20;;;9941;17;9944;27;;;9937.0;0.0
yf_ADM_d4;51100;INTARIAN_PEPPER_ROOT;12477;11;12473;10;;;12483;11;12486;15;;;12480.0;0.0
yf_ADM_d4;51200;ASH_COATED_OSMIUM;9931;10;9928;18;;;9942;16;9944;17;;;9936.5;0.0
yf_ADM_d4;51200;INTARIAN_PEPPER_ROOT;12469;19;12467;26;;;12493;16;12496;16;;;12481.0;0.0
yf_ADM_d4;51300;ASH_COATED_OSMIUM;9931;19;9927;20;;;9942;28;9946;26;;;9936.5;0.0
yf_ADM_d4;51300;INTARIAN_PEPPER_ROOT;12478;14;12474;14;;;12488;11;12491;19;;;12483.0;0.0
yf_ADM_d4;51400;ASH_COATED_OSMIUM;9934;16;9932;21;;;9940;19;9942;19;;;9937.0;0.0
yf_ADM_d4;51400;INTARIAN_PEPPER_ROOT;12481;9;12478;24;;;12487;18;12491;23;;;12484.0;0.0
yf_ADM_d4;51500;ASH_COATED_OSMIUM;9933;12;9930;16;;;9939;9;9943;20;;;9936.0;0.0
yf_ADM_d4;51500;INTARIAN_PEPPER_ROOT;12483;17;12479;15;;;12489;16;12493;23;;;12486.0;0.0
yf_ADM_d4;51600;ASH_COATED_OSMIUM;9923;11;9920;18;;;9950;19;9954;20;;;9936.5;0.0
yf_ADM_d4;51600;INTARIAN_PEPPER_ROOT;12484;19;12480;19;;;12490;21;12492;22;;;12487.0;0.0
yf_ADM_d4;51700;ASH_COATED_OSMIUM;9934;17;9931;28;;;9940;18;9944;19;;;9937.0;0.0
yf_ADM_d4;51700;INTARIAN_PEPPER_ROOT;12485;7;12482;25;;;12491;14;12494;23;;;12488.0;0.0
yf_ADM_d4;51800;ASH_COATED_OSMIUM;9930;20;9927;20;;;9943;6;9947;34;;;9936.5;0.0
yf_ADM_d4;51800;INTARIAN_PEPPER_ROOT;12486;15;12484;27;;;12492;14;12496;19;;;12489.0;0.0
yf_ADM_d4;51900;ASH_COATED_OSMIUM;9934;24;9930;16;;;9940;15;9944;22;;;9937.0;0.0
yf_ADM_d4;51900;INTARIAN_PEPPER_ROOT;12488;16;12484;17;;;12494;13;12498;17;;;12491.0;0.0
yf_ADM_d4;52000;ASH_COATED_OSMIUM;9931;7;9929;19;;;9941;12;9944;21;;;9936.0;0.0
yf_ADM_d4;52000;INTARIAN_PEPPER_ROOT;12489;23;12487;8;;;12495;21;12499;13;;;12492.0;0.0
yf_ADM_d4;52100;ASH_COATED_OSMIUM;9929;17;9926;16;;;9944;12;9948;11;;;9936.5;0.0
yf_ADM_d4;52100;INTARIAN_PEPPER_ROOT;12490;19;12488;21;;;12496;16;12498;11;;;12493.0;0.0
yf_ADM_d4;52200;ASH_COATED_OSMIUM;9934;15;9932;18;;;9940;15;9944;15;;;9937.0;0.0
yf_ADM_d4;52200;INTARIAN_PEPPER_ROOT;12491;15;12487;21;;;12499;17;12503;10;;;12495.0;0.0
yf_ADM_d4;52300;ASH_COATED_OSMIUM;9933;18;9929;15;;;9939;12;9943;20;;;9936.0;0.0
yf_ADM_d4;52300;INTARIAN_PEPPER_ROOT;12493;18;12489;12;;;12499;23;12503;10;;;12496.0;0.0
yf_ADM_d4;52400;ASH_COATED_OSMIUM;9931;8;9928;18;;;9941;13;9944;22;;;9936.0;0.0
yf_ADM_d4;52400;INTARIAN_PEPPER_ROOT;12489;11;12487;22;;;12506;20;12509;24;;;12497.5;0.0
yf_ADM_d4;52500;ASH_COATED_OSMIUM;9930;16;9926;16;;;9943;11;9947;22;;;9936.5;0.0
yf_ADM_d4;52500;INTARIAN_PEPPER_ROOT;12493;22;12489;17;;;12504;11;12508;21;;;12498.5;0.0
yf_ADM_d4;52600;ASH_COATED_OSMIUM;9931;5;9928;24;;;9941;14;9945;17;;;9936.0;0.0
yf_ADM_d4;52600;INTARIAN_PEPPER_ROOT;12497;9;12493;18;;;12503;16;12505;21;;;12500.0;0.0
yf_ADM_d4;52700;ASH_COATED_OSMIUM;9933;8;9931;18;;;9939;7;9941;18;;;9936.0;0.0
yf_ADM_d4;52700;INTARIAN_PEPPER_ROOT;12498;10;12494;29;;;12506;17;12509;25;;;12502.0;0.0
yf_ADM_d4;52800;ASH_COATED_OSMIUM;9933;19;9929;28;;;9939;28;9941;23;;;9936.0;0.0
yf_ADM_d4;52800;INTARIAN_PEPPER_ROOT;12500;22;12498;20;;;12506;13;12510;20;;;12503.0;0.0
yf_ADM_d4;52900;ASH_COATED_OSMIUM;9933;14;9931;20;;;9939;20;9941;17;;;9936.0;0.0
yf_ADM_d4;52900;INTARIAN_PEPPER_ROOT;12501;5;12499;20;;;12507;19;12509;25;;;12504.0;0.0
yf_ADM_d4;53000;ASH_COATED_OSMIUM;9933;19;9931;24;;;9939;8;9941;20;;;9936.0;0.0
yf_ADM_d4;53000;INTARIAN_PEPPER_ROOT;12500;13;12498;15;;;12512;16;12514;19;;;12506.0;0.0
yf_ADM_d4;53100;ASH_COATED_OSMIUM;9932;13;9930;18;;;9938;14;9941;13;;;9935.0;0.0
yf_ADM_d4;53100;INTARIAN_PEPPER_ROOT;12504;11;12501;22;;;12510;8;12512;15;;;12507.0;0.0
yf_ADM_d4;53200;ASH_COATED_OSMIUM;9932;21;9928;30;;;9938;5;9941;20;;;9935.0;0.0
yf_ADM_d4;53200;INTARIAN_PEPPER_ROOT;12503;13;12501;20;;;12514;18;12516;15;;;12508.5;0.0
yf_ADM_d4;53300;ASH_COATED_OSMIUM;9929;22;9927;24;;;9942;26;9946;22;;;9935.5;0.0
yf_ADM_d4;53300;INTARIAN_PEPPER_ROOT;12507;12;12505;14;;;12513;21;12515;22;;;12510.0;0.0
yf_ADM_d4;53400;ASH_COATED_OSMIUM;9932;17;9928;25;;;9938;11;9941;20;;;9935.0;0.0
yf_ADM_d4;53400;INTARIAN_PEPPER_ROOT;12503;8;12499;18;;;12519;14;12523;16;;;12511.0;0.0
yf_ADM_d4;53500;ASH_COATED_OSMIUM;9932;14;9930;17;;;9938;5;9942;26;;;9935.0;0.0
yf_ADM_d4;53500;INTARIAN_PEPPER_ROOT;12509;13;12507;17;;;12515;8;12517;17;;;12512.0;0.0
yf_ADM_d4;53600;ASH_COATED_OSMIUM;9932;9;9928;20;;;9938;11;9941;27;;;9935.0;0.0
yf_ADM_d4;53600;INTARIAN_PEPPER_ROOT;12500;11;12498;15;;;12527;11;12529;22;;;12513.5;0.0
yf_ADM_d4;53700;ASH_COATED_OSMIUM;9933;12;9929;17;;;9939;22;9943;14;;;9936.0;0.0
yf_ADM_d4;53700;INTARIAN_PEPPER_ROOT;12507;13;12504;22;;;12523;24;12526;22;;;12515.0;0.0
yf_ADM_d4;53800;ASH_COATED_OSMIUM;9932;19;9929;25;;;9940;12;9942;13;;;9936.0;0.0
yf_ADM_d4;53800;INTARIAN_PEPPER_ROOT;12513;18;12510;20;;;12519;6;12522;17;;;12516.0;0.0
yf_ADM_d4;53900;ASH_COATED_OSMIUM;9932;14;9928;21;;;9940;16;9942;12;;;9936.0;0.0
yf_ADM_d4;53900;INTARIAN_PEPPER_ROOT;12512;10;12509;19;;;12523;21;12526;17;;;12517.5;0.0
yf_ADM_d4;54000;ASH_COATED_OSMIUM;9932;5;9930;21;;;9938;19;9942;24;;;9935.0;0.0
yf_ADM_d4;54000;INTARIAN_PEPPER_ROOT;12513;10;12510;28;;;12526;18;12530;24;;;12519.5;0.0
yf_ADM_d4;54100;ASH_COATED_OSMIUM;9932;15;9930;20;;;9938;6;9940;19;;;9935.0;0.0
yf_ADM_d4;54100;INTARIAN_PEPPER_ROOT;12517;10;12513;18;;;12523;8;12526;23;;;12520.0;0.0
yf_ADM_d4;54200;ASH_COATED_OSMIUM;9932;11;9929;20;;;9938;13;9942;22;;;9935.0;0.0
yf_ADM_d4;54200;INTARIAN_PEPPER_ROOT;12519;15;12515;15;;;12525;12;12528;22;;;12522.0;0.0
yf_ADM_d4;54300;ASH_COATED_OSMIUM;9929;12;9926;17;;;9941;5;9944;15;;;9935.0;0.0
yf_ADM_d4;54300;INTARIAN_PEPPER_ROOT;12520;9;12516;21;;;12526;19;12530;16;;;12523.0;0.0
yf_ADM_d4;54400;ASH_COATED_OSMIUM;9932;14;9928;19;;;9938;13;9941;29;;;9935.0;0.0
yf_ADM_d4;54400;INTARIAN_PEPPER_ROOT;12517;14;12514;14;;;12532;14;12534;23;;;12524.5;0.0
yf_ADM_d4;54500;ASH_COATED_OSMIUM;9920;9;9916;15;;;9950;14;9953;25;;;9935.0;0.0
yf_ADM_d4;54500;INTARIAN_PEPPER_ROOT;12523;26;12519;17;;;12529;5;12533;26;;;12526.0;0.0
yf_ADM_d4;54600;ASH_COATED_OSMIUM;9932;17;9929;19;;;9938;15;9940;16;;;9935.0;0.0
yf_ADM_d4;54600;INTARIAN_PEPPER_ROOT;12524;23;12520;19;;;12530;11;12534;23;;;12527.0;0.0
yf_ADM_d4;54700;ASH_COATED_OSMIUM;9932;18;9930;21;;;9938;20;9940;23;;;9935.0;0.0
yf_ADM_d4;54700;INTARIAN_PEPPER_ROOT;12525;16;12523;10;;;12531;16;12533;25;;;12528.0;0.0
yf_ADM_d4;54800;ASH_COATED_OSMIUM;9932;22;9928;14;;;9938;11;9941;18;;;9935.0;0.0
yf_ADM_d4;54800;INTARIAN_PEPPER_ROOT;12527;10;12525;29;;;12533;13;12536;29;;;12530.0;0.0
yf_ADM_d4;54900;ASH_COATED_OSMIUM;9932;18;9929;18;;;9938;20;9941;25;;;9935.0;0.0
yf_ADM_d4;54900;INTARIAN_PEPPER_ROOT;12518;12;12516;26;;;12544;17;12546;21;;;12531.0;0.0
yf_ADM_d4;55000;ASH_COATED_OSMIUM;9927;6;9924;18;;;9941;16;9945;15;;;9934.0;0.0
yf_ADM_d4;55000;INTARIAN_PEPPER_ROOT;12528;19;12526;12;;;12536;14;12539;20;;;12532.0;0.0
yf_ADM_d4;55100;ASH_COATED_OSMIUM;9929;13;9927;21;;;9940;17;9942;16;;;9934.5;0.0
yf_ADM_d4;55100;INTARIAN_PEPPER_ROOT;12528;16;12524;19;;;12541;15;12545;22;;;12534.5;0.0
yf_ADM_d4;55200;ASH_COATED_OSMIUM;9926;21;9924;20;;;9942;22;9944;18;;;9934.0;0.0
yf_ADM_d4;55200;INTARIAN_PEPPER_ROOT;12492;16;12488;20;;;12576;11;12579;23;;;12534.0;0.0
yf_ADM_d4;55300;ASH_COATED_OSMIUM;9932;17;9930;23;;;9938;18;9941;18;;;9935.0;0.0
yf_ADM_d4;55300;INTARIAN_PEPPER_ROOT;12520;15;12516;19;;;12553;11;12555;19;;;12536.5;0.0
yf_ADM_d4;55400;ASH_COATED_OSMIUM;9931;11;9929;15;;;9937;12;9941;17;;;9934.0;0.0
yf_ADM_d4;55400;INTARIAN_PEPPER_ROOT;12535;5;12533;24;;;12541;20;12544;23;;;12538.0;0.0
yf_ADM_d4;55500;ASH_COATED_OSMIUM;9932;19;9930;20;;;9938;8;9941;23;;;9935.0;0.0
yf_ADM_d4;55500;INTARIAN_PEPPER_ROOT;12537;6;12534;20;;;12543;5;12547;23;;;12540.0;0.0
yf_ADM_d4;55600;ASH_COATED_OSMIUM;9929;13;9927;21;;;9939;20;9941;15;;;9934.0;0.0
yf_ADM_d4;55600;INTARIAN_PEPPER_ROOT;12534;18;12532;26;;;12547;22;12550;21;;;12540.5;0.0
yf_ADM_d4;55700;ASH_COATED_OSMIUM;9931;18;9929;20;;;9937;8;9939;22;;;9934.0;0.0
yf_ADM_d4;55700;INTARIAN_PEPPER_ROOT;12538;9;12535;11;;;12544;10;12548;28;;;12541.0;0.0
yf_ADM_d4;55800;ASH_COATED_OSMIUM;9931;10;9928;12;;;9937;26;9940;14;;;9934.0;0.0
yf_ADM_d4;55800;INTARIAN_PEPPER_ROOT;12541;6;12538;23;;;12547;22;12550;22;;;12544.0;0.0
yf_ADM_d4;55900;ASH_COATED_OSMIUM;9922;23;9920;20;;;9946;13;9950;11;;;9934.0;0.0
yf_ADM_d4;55900;INTARIAN_PEPPER_ROOT;12542;14;12540;31;;;12548;19;12550;21;;;12545.0;0.0
yf_ADM_d4;56000;ASH_COATED_OSMIUM;9929;17;9927;21;;;9939;5;9941;19;;;9934.0;0.0
yf_ADM_d4;56000;INTARIAN_PEPPER_ROOT;12543;21;12540;19;;;12549;6;12553;27;;;12546.0;0.0
yf_ADM_d4;56100;ASH_COATED_OSMIUM;9931;16;9928;12;;;9937;18;9939;23;;;9934.0;0.0
yf_ADM_d4;56100;INTARIAN_PEPPER_ROOT;12541;12;12539;21;;;12554;14;12558;22;;;12547.5;0.0
yf_ADM_d4;56200;ASH_COATED_OSMIUM;9931;6;9927;18;;;9937;12;9939;21;;;9934.0;0.0
yf_ADM_d4;56200;INTARIAN_PEPPER_ROOT;12543;13;12539;20;;;12554;13;12557;21;;;12548.5;0.0
yf_ADM_d4;56300;ASH_COATED_OSMIUM;9929;17;9927;23;;;9939;13;9941;30;;;9934.0;0.0
yf_ADM_d4;56300;INTARIAN_PEPPER_ROOT;12547;21;12545;23;;;12553;23;12557;24;;;12550.0;0.0
yf_ADM_d4;56400;ASH_COATED_OSMIUM;9931;17;9929;16;;;9937;28;9941;22;;;9934.0;0.0
yf_ADM_d4;56400;INTARIAN_PEPPER_ROOT;12529;11;12525;13;;;12571;20;12573;17;;;12550.0;0.0
yf_ADM_d4;56500;ASH_COATED_OSMIUM;9931;5;9928;16;;;9938;7;9942;22;;;9934.5;0.0
yf_ADM_d4;56500;INTARIAN_PEPPER_ROOT;12550;17;12546;16;;;12556;11;12560;29;;;12553.0;0.0
yf_ADM_d4;56600;ASH_COATED_OSMIUM;9931;15;9928;17;;;9937;6;9939;18;;;9934.0;0.0
yf_ADM_d4;56600;INTARIAN_PEPPER_ROOT;12551;8;12549;21;;;12557;5;12559;22;;;12554.0;0.0
yf_ADM_d4;56700;ASH_COATED_OSMIUM;9931;12;9928;24;;;9937;11;9939;24;;;9934.0;0.0
yf_ADM_d4;56700;INTARIAN_PEPPER_ROOT;12545;6;12543;8;;;12565;5;12567;10;;;12555.0;0.0
yf_ADM_d4;56800;ASH_COATED_OSMIUM;9926;16;9923;23;;;9942;17;9945;20;;;9934.0;0.0
yf_ADM_d4;56800;INTARIAN_PEPPER_ROOT;12554;14;12551;25;;;12560;8;12564;9;;;12557.0;0.0
yf_ADM_d4;56900;ASH_COATED_OSMIUM;9931;10;9929;17;;;9937;17;9939;22;;;9934.0;0.0
yf_ADM_d4;56900;INTARIAN_PEPPER_ROOT;12553;8;12549;25;;;12562;16;12564;12;;;12557.5;0.0
yf_ADM_d4;57000;ASH_COATED_OSMIUM;9930;18;9927;22;;;9936;13;9940;25;;;9933.0;0.0
yf_ADM_d4;57000;INTARIAN_PEPPER_ROOT;12556;20;12553;24;;;12562;26;12566;31;;;12559.0;0.0
yf_ADM_d4;57100;ASH_COATED_OSMIUM;9928;14;9924;21;;;9939;12;9942;27;;;9933.5;0.0
yf_ADM_d4;57100;INTARIAN_PEPPER_ROOT;12558;9;12554;29;;;12564;10;12568;25;;;12561.0;0.0
yf_ADM_d4;57200;ASH_COATED_OSMIUM;9930;13;9927;17;;;9936;15;9939;17;;;9933.0;0.0
yf_ADM_d4;57200;INTARIAN_PEPPER_ROOT;12554;12;12550;13;;;12569;18;12571;15;;;12561.5;0.0
yf_ADM_d4;57300;ASH_COATED_OSMIUM;9931;18;9928;24;;;9937;15;9940;20;;;9934.0;0.0
yf_ADM_d4;57300;INTARIAN_PEPPER_ROOT;12560;16;12558;13;;;12566;13;12568;20;;;12563.0;0.0
yf_ADM_d4;57400;ASH_COATED_OSMIUM;9925;12;9923;22;;;9942;7;9944;16;;;9933.5;0.0
yf_ADM_d4;57400;INTARIAN_PEPPER_ROOT;12562;17;12558;28;;;12568;5;12571;14;;;12565.0;0.0
yf_ADM_d4;57500;ASH_COATED_OSMIUM;9929;11;9927;13;;;9938;11;9942;21;;;9933.5;0.0
yf_ADM_d4;57500;INTARIAN_PEPPER_ROOT;12563;16;12559;20;;;12569;20;12571;28;;;12566.0;0.0
yf_ADM_d4;57600;ASH_COATED_OSMIUM;9930;16;9926;18;;;9936;10;9939;17;;;9933.0;0.0
yf_ADM_d4;57600;INTARIAN_PEPPER_ROOT;12565;27;12561;21;;;12571;8;12574;11;;;12568.0;0.0
yf_ADM_d4;57700;ASH_COATED_OSMIUM;9923;14;9919;15;;;9944;15;9948;17;;;9933.5;0.0
yf_ADM_d4;57700;INTARIAN_PEPPER_ROOT;12566;16;12564;14;;;12572;15;12576;12;;;12569.0;0.0
yf_ADM_d4;57800;ASH_COATED_OSMIUM;9930;14;9926;8;;;9936;13;9940;23;;;9933.0;0.0
yf_ADM_d4;57800;INTARIAN_PEPPER_ROOT;12567;13;12565;16;;;12573;10;12577;22;;;12570.0;0.0
yf_ADM_d4;57900;ASH_COATED_OSMIUM;9930;15;9927;29;;;9937;15;9941;18;;;9933.5;0.0
yf_ADM_d4;57900;INTARIAN_PEPPER_ROOT;12569;12;12566;21;;;12575;12;12579;19;;;12572.0;0.0
yf_ADM_d4;58000;ASH_COATED_OSMIUM;9930;14;9927;29;;;9936;13;9938;22;;;9933.0;0.0
yf_ADM_d4;58000;INTARIAN_PEPPER_ROOT;12569;8;12566;15;;;12575;11;12577;21;;;12572.0;0.0
yf_ADM_d4;58100;ASH_COATED_OSMIUM;9923;18;9920;14;;;9944;9;9948;17;;;9933.5;0.0
yf_ADM_d4;58100;INTARIAN_PEPPER_ROOT;12569;10;12567;25;;;12578;21;12581;20;;;12573.5;0.0
yf_ADM_d4;58200;ASH_COATED_OSMIUM;9930;16;9928;20;;;9936;16;9940;17;;;9933.0;0.0
yf_ADM_d4;58200;INTARIAN_PEPPER_ROOT;12572;7;12569;21;;;12578;10;12580;22;;;12575.0;0.0
yf_ADM_d4;58300;ASH_COATED_OSMIUM;9930;17;9928;21;;;9936;15;9939;26;;;9933.0;0.0
yf_ADM_d4;58300;INTARIAN_PEPPER_ROOT;12573;12;12569;29;;;12579;25;12581;23;;;12576.0;0.0
yf_ADM_d4;58400;ASH_COATED_OSMIUM;9930;23;9926;15;;;9936;19;9938;27;;;9933.0;0.0
yf_ADM_d4;58400;INTARIAN_PEPPER_ROOT;12573;12;12571;20;;;12584;15;12588;27;;;12578.5;0.0
yf_ADM_d4;58500;ASH_COATED_OSMIUM;9930;13;9926;15;;;9936;11;9940;12;;;9933.0;0.0
yf_ADM_d4;58500;INTARIAN_PEPPER_ROOT;12576;17;12573;12;;;12582;25;12585;20;;;12579.0;0.0
yf_ADM_d4;58600;ASH_COATED_OSMIUM;9930;18;9926;26;;;9937;13;9939;14;;;9933.5;0.0
yf_ADM_d4;58600;INTARIAN_PEPPER_ROOT;12572;17;12569;17;;;12589;16;12593;18;;;12580.5;0.0
yf_ADM_d4;58700;ASH_COATED_OSMIUM;9922;14;9918;23;;;9943;17;9947;14;;;9932.5;0.0
yf_ADM_d4;58700;INTARIAN_PEPPER_ROOT;12571;16;12568;26;;;12593;11;12595;23;;;12582.0;0.0
yf_ADM_d4;58800;ASH_COATED_OSMIUM;9923;14;9921;26;;;9940;19;9942;19;;;9931.5;0.0
yf_ADM_d4;58800;INTARIAN_PEPPER_ROOT;12580;15;12578;8;;;12586;10;12589;19;;;12583.0;0.0
yf_ADM_d4;58900;ASH_COATED_OSMIUM;9922;8;9918;21;;;9942;14;9946;12;;;9932.0;0.0
yf_ADM_d4;58900;INTARIAN_PEPPER_ROOT;12567;16;12563;25;;;12602;19;12605;15;;;12584.5;0.0
yf_ADM_d4;59000;ASH_COATED_OSMIUM;9923;11;9920;25;;;9942;14;9946;15;;;9932.5;0.0
