day;timestamp;product;bid_price_1;bid_volume_1;bid_price_2;bid_volume_2;bid_price_3;bid_volume_3;ask_price_1;ask_volume_1;ask_price_2;ask_volume_2;ask_price_3;ask_volume_3;mid_price;profit_and_loss
av_SUGAR_d8;0;ASH_COATED_OSMIUM;9902;15;9900;15;;;9908;10;9911;25;;;9905.0;0.0
av_SUGAR_d8;0;INTARIAN_PEPPER_ROOT;12994;20;12990;24;;;13004;12;13007;20;;;12999.0;0.0
av_SUGAR_d8;100;ASH_COATED_OSMIUM;9896;6;9894;24;;;9917;6;9919;20;;;9906.5;0.0
av_SUGAR_d8;100;INTARIAN_PEPPER_ROOT;12995;16;12991;17;;;13001;13;13003;15;;;12998.0;0.0
av_SUGAR_d8;200;ASH_COATED_OSMIUM;9896;18;9892;23;;;9918;13;9922;24;;;9907.0;0.0
av_SUGAR_d8;200;INTARIAN_PEPPER_ROOT;12995;15;12991;31;;;13001;15;13004;22;;;12998.0;0.0
av_SUGAR_d8;300;ASH_COATED_OSMIUM;9903;11;9899;20;;;9909;13;9913;18;;;9906.0;0.0
av_SUGAR_d8;300;INTARIAN_PEPPER_ROOT;12994;18;12991;18;;;13000;21;13002;29;;;12997.0;0.0
av_SUGAR_d8;400;ASH_COATED_OSMIUM;9903;10;9900;28;;;9909;18;9912;19;;;9906.0;0.0
av_SUGAR_d8;400;INTARIAN_PEPPER_ROOT;12991;10;12987;18;;;13002;18;13006;17;;;12996.5;0.0
av_SUGAR_d8;500;ASH_COATED_OSMIUM;9901;12;9899;17;;;9910;24;9914;18;;;9905.5;0.0
av_SUGAR_d8;500;INTARIAN_PEPPER_ROOT;12992;12;12990;26;;;12998;20;13000;21;;;12995.0;0.0
av_SUGAR_d8;600;ASH_COATED_OSMIUM;9903;19;9901;19;;;9909;23;9911;27;;;9906.0;0.0
av_SUGAR_d8;600;INTARIAN_PEPPER_ROOT;12988;17;12986;22;;;13001;18;13004;26;;;12994.5;0.0
av_SUGAR_d8;700;ASH_COATED_OSMIUM;9903;6;9899;19;;;9909;15;9911;21;;;9906.0;0.0
av_SUGAR_d8;700;INTARIAN_PEPPER_ROOT;12990;9;12986;28;;;12996;10;12999;15;;;12993.0;0.0
av_SUGAR_d8;800;ASH_COATED_OSMIUM;9903;22;9900;14;;;9910;16;9914;17;;;9906.5;0.0
av_SUGAR_d8;800;INTARIAN_PEPPER_ROOT;12990;15;12987;17;;;12996;17;12998;14;;;12993.0;0.0
av_SUGAR_d8;900;ASH_COATED_OSMIUM;9895;16;9892;12;;;9918;11;9921;14;;;9906.5;0.0
av_SUGAR_d8;900;INTARIAN_PEPPER_ROOT;12989;13;12985;22;;;12995;16;12997;14;;;12992.0;0.0
av_SUGAR_d8;1000;ASH_COATED_OSMIUM;9903;17;9901;16;;;9909;10;9911;26;;;9906.0;0.0
av_SUGAR_d8;1000;INTARIAN_PEPPER_ROOT;12989;5;12985;23;;;12995;14;12998;20;;;12992.0;0.0
av_SUGAR_d8;1100;ASH_COATED_OSMIUM;9902;18;9900;8;;;9910;6;9913;25;;;9906.0;0.0
av_SUGAR_d8;1100;INTARIAN_PEPPER_ROOT;12988;19;12984;19;;;12994;7;12997;19;;;12991.0;0.0
av_SUGAR_d8;1200;ASH_COATED_OSMIUM;9903;9;9901;23;;;9909;7;9913;17;;;9906.0;0.0
av_SUGAR_d8;1200;INTARIAN_PEPPER_ROOT;12987;22;12984;21;;;12993;14;12995;11;;;12990.0;0.0
av_SUGAR_d8;1300;ASH_COATED_OSMIUM;9893;14;9890;29;;;9918;25;9921;22;;;9905.5;0.0
av_SUGAR_d8;1300;INTARIAN_PEPPER_ROOT;12986;15;12984;24;;;12992;21;12995;23;;;12989.0;0.0
av_SUGAR_d8;1400;ASH_COATED_OSMIUM;9902;12;9899;17;;;9910;14;9914;19;;;9906.0;0.0
av_SUGAR_d8;1400;INTARIAN_PEPPER_ROOT;12985;17;12982;10;;;12991;16;12993;18;;;12988.0;0.0
av_SUGAR_d8;1500;ASH_COATED_OSMIUM;9894;5;9891;19;;;9917;20;9919;18;;;9905.5;0.0
av_SUGAR_d8;1500;INTARIAN_PEPPER_ROOT;12985;15;12981;15;;;12991;8;12995;19;;;12988.0;0.0
av_SUGAR_d8;1600;ASH_COATED_OSMIUM;9903;18;9899;18;;;9909;15;9911;12;;;9906.0;0.0
av_SUGAR_d8;1600;INTARIAN_PEPPER_ROOT;12984;7;12980;16;;;12990;19;12994;18;;;12987.0;0.0
av_SUGAR_d8;1700;ASH_COATED_OSMIUM;9903;19;9900;28;;;9909;12;9911;16;;;9906.0;0.0
av_SUGAR_d8;1700;INTARIAN_PEPPER_ROOT;12983;17;12981;28;;;12989;9;12993;24;;;12986.0;0.0
av_SUGAR_d8;1800;ASH_COATED_OSMIUM;9903;15;9900;28;;;9909;20;9911;20;;;9906.0;0.0
av_SUGAR_d8;1800;INTARIAN_PEPPER_ROOT;12974;15;12972;11;;;12996;13;13000;17;;;12985.0;0.0
av_SUGAR_d8;1900;ASH_COATED_OSMIUM;9899;17;9897;25;;;9914;15;9916;19;;;9906.5;0.0
av_SUGAR_d8;1900;INTARIAN_PEPPER_ROOT;12981;18;12978;25;;;12987;20;12989;16;;;12984.0;0.0
av_SUGAR_d8;2000;ASH_COATED_OSMIUM;9903;12;9900;30;;;9909;17;9913;19;;;9906.0;0.0
av_SUGAR_d8;2000;INTARIAN_PEPPER_ROOT;12980;18;12978;21;;;12986;5;12988;12;;;12983.0;0.0
av_SUGAR_d8;2100;ASH_COATED_OSMIUM;9903;18;9899;27;;;9909;18;9913;18;;;9906.0;0.0
av_SUGAR_d8;2100;INTARIAN_PEPPER_ROOT;12979;20;12977;25;;;12985;20;12988;9;;;12982.0;0.0
av_SUGAR_d8;2200;ASH_COATED_OSMIUM;9903;11;9901;27;;;9909;27;9913;15;;;9906.0;0.0
av_SUGAR_d8;2200;INTARIAN_PEPPER_ROOT;12976;5;12973;19;;;12987;16;12990;22;;;12981.5;0.0
av_SUGAR_d8;2300;ASH_COATED_OSMIUM;9899;17;9897;22;;;9913;20;9916;26;;;9906.0;0.0
av_SUGAR_d8;2300;INTARIAN_PEPPER_ROOT;12978;10;12976;16;;;12984;20;12987;16;;;12981.0;0.0
av_SUGAR_d8;2400;ASH_COATED_OSMIUM;9900;18;9898;34;;;9913;13;9915;21;;;9906.5;0.0
av_SUGAR_d8;2400;INTARIAN_PEPPER_ROOT;12977;18;12973;15;;;12983;17;12985;11;;;12980.0;0.0
av_SUGAR_d8;2500;ASH_COATED_OSMIUM;9903;5;9899;21;;;9909;22;9911;20;;;9906.0;0.0
av_SUGAR_d8;2500;INTARIAN_PEPPER_ROOT;12976;10;12973;12;;;12982;15;12984;23;;;12979.0;0.0
av_SUGAR_d8;2600;ASH_COATED_OSMIUM;9898;10;9894;23;;;9916;22;9920;31;;;9907.0;0.0
av_SUGAR_d8;2600;INTARIAN_PEPPER_ROOT;12976;19;12974;20;;;12982;15;12985;25;;;12979.0;0.0
av_SUGAR_d8;2700;ASH_COATED_OSMIUM;9896;14;9892;15;;;9916;18;9920;23;;;9906.0;0.0
av_SUGAR_d8;2700;INTARIAN_PEPPER_ROOT;12975;9;12972;18;;;12981;7;12984;14;;;12978.0;0.0
av_SUGAR_d8;2800;ASH_COATED_OSMIUM;9904;21;9902;21;;;9910;15;9913;19;;;9907.0;0.0
av_SUGAR_d8;2800;INTARIAN_PEPPER_ROOT;12974;10;12971;16;;;12980;16;12983;23;;;12977.0;0.0
av_SUGAR_d8;2900;ASH_COATED_OSMIUM;9904;25;9902;29;;;9910;17;9914;23;;;9907.0;0.0
av_SUGAR_d8;2900;INTARIAN_PEPPER_ROOT;12973;10;12969;21;;;12979;22;12982;28;;;12976.0;0.0
av_SUGAR_d8;3000;ASH_COATED_OSMIUM;9902;20;9900;26;;;9910;17;9914;20;;;9906.0;0.0
av_SUGAR_d8;3000;INTARIAN_PEPPER_ROOT;12972;20;12970;19;;;12980;9;12983;22;;;12976.0;0.0
av_SUGAR_d8;3100;ASH_COATED_OSMIUM;9903;21;9900;12;;;9909;19;9911;18;;;9906.0;0.0
av_SUGAR_d8;3100;INTARIAN_PEPPER_ROOT;12971;23;12968;20;;;12977;13;12980;19;;;12974.0;0.0
av_SUGAR_d8;3200;ASH_COATED_OSMIUM;9901;15;9898;12;;;9911;6;9913;22;;;9906.0;0.0
av_SUGAR_d8;3200;INTARIAN_PEPPER_ROOT;12969;22;12965;9;;;12979;19;12982;20;;;12974.0;0.0
av_SUGAR_d8;3300;ASH_COATED_OSMIUM;9903;13;9900;17;;;9909;18;9913;23;;;9906.0;0.0
av_SUGAR_d8;3300;INTARIAN_PEPPER_ROOT;12970;17;12966;19;;;12976;15;12980;18;;;12973.0;0.0
av_SUGAR_d8;3400;ASH_COATED_OSMIUM;9903;16;9899;20;;;9909;14;9911;26;;;9906.0;0.0
av_SUGAR_d8;3400;INTARIAN_PEPPER_ROOT;12966;7;12964;26;;;12979;15;12982;22;;;12972.5;0.0
av_SUGAR_d8;3500;ASH_COATED_OSMIUM;9897;15;9893;18;;;9915;13;9919;16;;;9906.0;0.0
av_SUGAR_d8;3500;INTARIAN_PEPPER_ROOT;12964;13;12961;19;;;12979;19;12983;17;;;12971.5;0.0
av_SUGAR_d8;3600;ASH_COATED_OSMIUM;9903;15;9900;24;;;9909;15;9912;23;;;9906.0;0.0
av_SUGAR_d8;3600;INTARIAN_PEPPER_ROOT;12967;11;12965;19;;;12975;10;12979;25;;;12971.0;0.0
av_SUGAR_d8;3700;ASH_COATED_OSMIUM;9890;16;9886;21;;;9923;20;9925;14;;;9906.5;0.0
av_SUGAR_d8;3700;INTARIAN_PEPPER_ROOT;12967;11;12963;28;;;12973;16;12976;32;;;12970.0;0.0
av_SUGAR_d8;3800;ASH_COATED_OSMIUM;9902;21;9898;21;;;9908;10;9910;11;;;9905.0;0.0
av_SUGAR_d8;3800;INTARIAN_PEPPER_ROOT;12964;15;12960;12;;;12974;17;12976;22;;;12969.0;0.0
av_SUGAR_d8;3900;ASH_COATED_OSMIUM;9903;16;9901;12;;;9909;7;9911;14;;;9906.0;0.0
av_SUGAR_d8;3900;INTARIAN_PEPPER_ROOT;12965;15;12962;19;;;12971;15;12975;21;;;12968.0;0.0
av_SUGAR_d8;4000;ASH_COATED_OSMIUM;9903;12;9899;15;;;9909;10;9911;25;;;9906.0;0.0
av_SUGAR_d8;4000;INTARIAN_PEPPER_ROOT;12965;19;12963;13;;;12971;15;12974;33;;;12968.0;0.0
av_SUGAR_d8;4100;ASH_COATED_OSMIUM;9893;10;9889;21;;;9919;15;9921;18;;;9906.0;0.0
av_SUGAR_d8;4100;INTARIAN_PEPPER_ROOT;12959;19;12955;16;;;12974;15;12978;8;;;12966.5;0.0
av_SUGAR_d8;4200;ASH_COATED_OSMIUM;9903;19;9899;18;;;9909;18;9912;15;;;9906.0;0.0
av_SUGAR_d8;4200;INTARIAN_PEPPER_ROOT;12963;12;12960;25;;;12969;19;12973;23;;;12966.0;0.0
av_SUGAR_d8;4300;ASH_COATED_OSMIUM;9903;12;9900;13;;;9909;27;9913;12;;;9906.0;0.0
av_SUGAR_d8;4300;INTARIAN_PEPPER_ROOT;12962;9;12960;18;;;12968;17;12972;15;;;12965.0;0.0
av_SUGAR_d8;4400;ASH_COATED_OSMIUM;9902;8;9900;26;;;9908;23;9911;30;;;9905.0;0.0
av_SUGAR_d8;4400;INTARIAN_PEPPER_ROOT;12948;9;12944;29;;;12981;17;12983;18;;;12964.5;0.0
av_SUGAR_d8;4500;ASH_COATED_OSMIUM;9903;8;9901;11;;;9909;5;9912;31;;;9906.0;0.0
av_SUGAR_d8;4500;INTARIAN_PEPPER_ROOT;12961;22;12959;16;;;12967;11;12970;19;;;12964.0;0.0
av_SUGAR_d8;4600;ASH_COATED_OSMIUM;9901;14;9897;17;;;9911;12;9914;15;;;9906.0;0.0
av_SUGAR_d8;4600;INTARIAN_PEPPER_ROOT;12956;12;12953;27;;;12969;19;12972;24;;;12962.5;0.0
av_SUGAR_d8;4700;ASH_COATED_OSMIUM;9903;18;9900;35;;;9909;20;9911;15;;;9906.0;0.0
av_SUGAR_d8;4700;INTARIAN_PEPPER_ROOT;12955;21;12952;20;;;12969;10;12971;19;;;12962.0;0.0
av_SUGAR_d8;4800;ASH_COATED_OSMIUM;9903;23;9900;14;;;9909;7;9911;20;;;9906.0;0.0
av_SUGAR_d8;4800;INTARIAN_PEPPER_ROOT;12956;20;12954;23;;;12966;12;12970;19;;;12961.0;0.0
av_SUGAR_d8;4900;ASH_COATED_OSMIUM;9902;17;9900;18;;;9909;18;9912;26;;;9905.5;0.0
av_SUGAR_d8;4900;INTARIAN_PEPPER_ROOT;12957;17;12954;17;;;12963;13;12967;12;;;12960.0;0.0
av_SUGAR_d8;5000;ASH_COATED_OSMIUM;9903;20;9901;18;;;9909;16;9913;24;;;9906.0;0.0
av_SUGAR_d8;5000;INTARIAN_PEPPER_ROOT;12957;6;12955;20;;;12963;8;12966;21;;;12960.0;0.0
av_SUGAR_d8;5100;ASH_COATED_OSMIUM;9903;17;9901;19;;;9909;12;9911;26;;;9906.0;0.0
av_SUGAR_d8;5100;INTARIAN_PEPPER_ROOT;12955;16;12951;20;;;12961;20;12965;24;;;12958.0;0.0
av_SUGAR_d8;5200;ASH_COATED_OSMIUM;9903;16;9899;20;;;9909;13;9913;13;;;9906.0;0.0
av_SUGAR_d8;5200;INTARIAN_PEPPER_ROOT;12955;14;12953;24;;;12961;9;12964;17;;;12958.0;0.0
av_SUGAR_d8;5300;ASH_COATED_OSMIUM;9903;24;9900;22;;;9909;9;9912;23;;;9906.0;0.0
av_SUGAR_d8;5300;INTARIAN_PEPPER_ROOT;12954;5;12950;15;;;12960;14;12963;25;;;12957.0;0.0
av_SUGAR_d8;5400;ASH_COATED_OSMIUM;9903;23;9899;29;;;9909;21;9913;16;;;9906.0;0.0
av_SUGAR_d8;5400;INTARIAN_PEPPER_ROOT;12949;16;12947;23;;;12963;15;12967;17;;;12956.0;0.0
av_SUGAR_d8;5500;ASH_COATED_OSMIUM;9899;14;9896;17;;;9913;10;9916;21;;;9906.0;0.0
av_SUGAR_d8;5500;INTARIAN_PEPPER_ROOT;12946;17;12944;17;;;12965;14;12967;24;;;12955.5;0.0
av_SUGAR_d8;5600;ASH_COATED_OSMIUM;9903;14;9899;27;;;9909;18;9912;16;;;9906.0;0.0
av_SUGAR_d8;5600;INTARIAN_PEPPER_ROOT;12952;8;12948;14;;;12958;14;12960;19;;;12955.0;0.0
av_SUGAR_d8;5700;ASH_COATED_OSMIUM;9903;13;9901;20;;;9909;12;9913;17;;;9906.0;0.0
av_SUGAR_d8;5700;INTARIAN_PEPPER_ROOT;12951;5;12947;18;;;12958;17;12962;20;;;12954.5;0.0
av_SUGAR_d8;5800;ASH_COATED_OSMIUM;9898;13;9895;21;;;9914;7;9916;19;;;9906.0;0.0
av_SUGAR_d8;5800;INTARIAN_PEPPER_ROOT;12948;14;12945;21;;;12957;20;12961;11;;;12952.5;0.0
av_SUGAR_d8;5900;ASH_COATED_OSMIUM;9903;17;9901;27;;;9909;21;9912;17;;;9906.0;0.0
av_SUGAR_d8;5900;INTARIAN_PEPPER_ROOT;12947;17;12944;15;;;12957;16;12959;27;;;12952.0;0.0
av_SUGAR_d8;6000;ASH_COATED_OSMIUM;9903;15;9901;21;;;9909;8;9913;12;;;9906.0;0.0
av_SUGAR_d8;6000;INTARIAN_PEPPER_ROOT;12949;18;12947;14;;;12955;12;12959;26;;;12952.0;0.0
av_SUGAR_d8;6100;ASH_COATED_OSMIUM;9901;10;9899;28;;;9912;11;9916;13;;;9906.5;0.0
av_SUGAR_d8;6100;INTARIAN_PEPPER_ROOT;12942;16;12940;26;;;12958;21;12961;20;;;12950.0;0.0
av_SUGAR_d8;6200;ASH_COATED_OSMIUM;9898;12;9895;16;;;9912;25;9916;20;;;9905.0;0.0
av_SUGAR_d8;6200;INTARIAN_PEPPER_ROOT;12938;15;12935;26;;;12963;12;12965;21;;;12950.5;0.0
av_SUGAR_d8;6300;ASH_COATED_OSMIUM;9903;14;9901;24;;;9909;22;9913;19;;;9906.0;0.0
av_SUGAR_d8;6300;INTARIAN_PEPPER_ROOT;12943;12;12941;22;;;12954;14;12957;21;;;12948.5;0.0
av_SUGAR_d8;6400;ASH_COATED_OSMIUM;9903;9;9899;17;;;9909;21;9913;25;;;9906.0;0.0
av_SUGAR_d8;6400;INTARIAN_PEPPER_ROOT;12942;19;12939;14;;;12954;16;12956;14;;;12948.0;0.0
av_SUGAR_d8;6500;ASH_COATED_OSMIUM;9903;15;9899;24;;;9909;16;9913;18;;;9906.0;0.0
av_SUGAR_d8;6500;INTARIAN_PEPPER_ROOT;12944;9;12941;12;;;12951;11;12955;26;;;12947.5;0.0
av_SUGAR_d8;6600;ASH_COATED_OSMIUM;9903;11;9901;24;;;9909;9;9913;11;;;9906.0;0.0
av_SUGAR_d8;6600;INTARIAN_PEPPER_ROOT;12944;13;12940;19;;;12950;9;12953;19;;;12947.0;0.0
av_SUGAR_d8;6700;ASH_COATED_OSMIUM;9900;12;9898;18;;;9913;16;9916;17;;;9906.5;0.0
av_SUGAR_d8;6700;INTARIAN_PEPPER_ROOT;12941;16;12939;12;;;12951;22;12955;18;;;12946.0;0.0
av_SUGAR_d8;6800;ASH_COATED_OSMIUM;9902;12;9898;12;;;9908;15;9912;24;;;9905.0;0.0
av_SUGAR_d8;6800;INTARIAN_PEPPER_ROOT;12942;5;12938;21;;;12948;16;12950;17;;;12945.0;0.0
av_SUGAR_d8;6900;ASH_COATED_OSMIUM;9901;10;9898;15;;;9911;11;9915;17;;;9906.0;0.0
av_SUGAR_d8;6900;INTARIAN_PEPPER_ROOT;12940;8;12937;16;;;12948;7;12951;9;;;12944.0;0.0
av_SUGAR_d8;7000;ASH_COATED_OSMIUM;9900;16;9898;15;;;9913;8;9915;19;;;9906.5;0.0
av_SUGAR_d8;7000;INTARIAN_PEPPER_ROOT;12940;8;12937;19;;;12946;19;12949;31;;;12943.0;0.0
av_SUGAR_d8;7100;ASH_COATED_OSMIUM;9903;14;9901;28;;;9909;14;9913;8;;;9906.0;0.0
av_SUGAR_d8;7100;INTARIAN_PEPPER_ROOT;12940;16;12936;22;;;12946;18;12949;17;;;12943.0;0.0
av_SUGAR_d8;7200;ASH_COATED_OSMIUM;9903;7;9899;12;;;9910;12;9913;14;;;9906.5;0.0
av_SUGAR_d8;7200;INTARIAN_PEPPER_ROOT;12934;20;12930;16;;;12949;5;12952;19;;;12941.5;0.0
av_SUGAR_d8;7300;ASH_COATED_OSMIUM;9900;18;9898;19;;;9911;14;9914;20;;;9905.5;0.0
av_SUGAR_d8;7300;INTARIAN_PEPPER_ROOT;12938;18;12934;18;;;12944;11;12946;16;;;12941.0;0.0
av_SUGAR_d8;7400;ASH_COATED_OSMIUM;9903;10;9901;21;;;9909;21;9911;23;;;9906.0;0.0
av_SUGAR_d8;7400;INTARIAN_PEPPER_ROOT;12934;14;12931;21;;;12947;6;12949;14;;;12940.5;0.0
av_SUGAR_d8;7500;ASH_COATED_OSMIUM;9903;15;9899;31;;;9909;12;9913;20;;;9906.0;0.0
av_SUGAR_d8;7500;INTARIAN_PEPPER_ROOT;12934;17;12932;21;;;12945;11;12948;17;;;12939.5;0.0
av_SUGAR_d8;7600;ASH_COATED_OSMIUM;9897;14;9894;9;;;9915;11;9917;21;;;9906.0;0.0
av_SUGAR_d8;7600;INTARIAN_PEPPER_ROOT;12936;5;12933;20;;;12942;7;12944;15;;;12939.0;0.0
av_SUGAR_d8;7700;ASH_COATED_OSMIUM;9902;13;9898;18;;;9908;20;9912;21;;;9905.0;0.0
av_SUGAR_d8;7700;INTARIAN_PEPPER_ROOT;12934;5;12932;13;;;12940;15;12942;18;;;12937.0;0.0
av_SUGAR_d8;7800;ASH_COATED_OSMIUM;9902;11;9898;12;;;9908;18;9910;18;;;9905.0;0.0
av_SUGAR_d8;7800;INTARIAN_PEPPER_ROOT;12934;9;12930;21;;;12940;8;12942;9;;;12937.0;0.0
av_SUGAR_d8;7900;ASH_COATED_OSMIUM;9903;15;9901;16;;;9909;18;9912;18;;;9906.0;0.0
av_SUGAR_d8;7900;INTARIAN_PEPPER_ROOT;12934;19;12930;28;;;12940;10;12944;15;;;12937.0;0.0
av_SUGAR_d8;8000;ASH_COATED_OSMIUM;9898;14;9895;14;;;9912;11;9916;22;;;9905.0;0.0
av_SUGAR_d8;8000;INTARIAN_PEPPER_ROOT;12921;16;12918;30;;;12950;18;12953;22;;;12935.5;0.0
av_SUGAR_d8;8100;ASH_COATED_OSMIUM;9903;20;9901;29;;;9909;11;9911;10;;;9906.0;0.0
av_SUGAR_d8;8100;INTARIAN_PEPPER_ROOT;12932;11;12928;24;;;12938;17;12941;26;;;12935.0;0.0
av_SUGAR_d8;8200;ASH_COATED_OSMIUM;9903;9;9899;25;;;9909;22;9911;20;;;9906.0;0.0
av_SUGAR_d8;8200;INTARIAN_PEPPER_ROOT;12930;20;12926;19;;;12936;14;12938;20;;;12933.0;0.0
av_SUGAR_d8;8300;ASH_COATED_OSMIUM;9903;12;9899;15;;;9909;14;9912;23;;;9906.0;0.0
av_SUGAR_d8;8300;INTARIAN_PEPPER_ROOT;12927;18;12923;17;;;12939;14;12943;21;;;12933.0;0.0
av_SUGAR_d8;8400;ASH_COATED_OSMIUM;9903;20;9901;19;;;9909;14;9912;18;;;9906.0;0.0
av_SUGAR_d8;8400;INTARIAN_PEPPER_ROOT;12929;9;12926;22;;;12935;18;12939;21;;;12932.0;0.0
av_SUGAR_d8;8500;ASH_COATED_OSMIUM;9903;15;9899;21;;;9909;13;9913;17;;;9906.0;0.0
av_SUGAR_d8;8500;INTARIAN_PEPPER_ROOT;12928;23;12925;19;;;12934;9;12937;13;;;12931.0;0.0
av_SUGAR_d8;8600;ASH_COATED_OSMIUM;9903;17;9900;23;;;9909;15;9912;15;;;9906.0;0.0
av_SUGAR_d8;8600;INTARIAN_PEPPER_ROOT;12912;21;12910;14;;;12950;19;12952;23;;;12931.0;0.0
av_SUGAR_d8;8700;ASH_COATED_OSMIUM;9903;16;9899;19;;;9909;19;9913;19;;;9906.0;0.0
av_SUGAR_d8;8700;INTARIAN_PEPPER_ROOT;12915;20;12911;16;;;12945;11;12947;31;;;12930.0;0.0
av_SUGAR_d8;8800;ASH_COATED_OSMIUM;9902;20;9898;12;;;9910;15;9913;23;;;9906.0;0.0
av_SUGAR_d8;8800;INTARIAN_PEPPER_ROOT;12926;13;12924;17;;;12932;22;12935;18;;;12929.0;0.0
av_SUGAR_d8;8900;ASH_COATED_OSMIUM;9902;20;9898;21;;;9908;12;9910;18;;;9905.0;0.0
av_SUGAR_d8;8900;INTARIAN_PEPPER_ROOT;12925;5;12922;9;;;12931;12;12933;15;;;12928.0;0.0
av_SUGAR_d8;9000;ASH_COATED_OSMIUM;9903;17;9901;28;;;9909;16;9912;21;;;9906.0;0.0
av_SUGAR_d8;9000;INTARIAN_PEPPER_ROOT;12923;23;12920;17;;;12931;17;12934;25;;;12927.0;0.0
av_SUGAR_d8;9100;ASH_COATED_OSMIUM;9903;10;9900;16;;;9909;13;9911;19;;;9906.0;0.0
av_SUGAR_d8;9100;INTARIAN_PEPPER_ROOT;12922;17;12920;10;;;12931;13;12934;26;;;12926.5;0.0
av_SUGAR_d8;9200;ASH_COATED_OSMIUM;9903;6;9899;30;;;9910;29;9914;22;;;9906.5;0.0
av_SUGAR_d8;9200;INTARIAN_PEPPER_ROOT;12923;15;12921;24;;;12929;25;12933;9;;;12926.0;0.0
av_SUGAR_d8;9300;ASH_COATED_OSMIUM;9901;24;9899;14;;;9911;8;9913;13;;;9906.0;0.0
av_SUGAR_d8;9300;INTARIAN_PEPPER_ROOT;12921;20;12917;21;;;12930;13;12932;20;;;12925.5;0.0
av_SUGAR_d8;9400;ASH_COATED_OSMIUM;9900;16;9898;17;;;9911;8;9913;27;;;9905.5;0.0
av_SUGAR_d8;9400;INTARIAN_PEPPER_ROOT;12921;9;12919;29;;;12927;8;12931;24;;;12924.0;0.0
av_SUGAR_d8;9500;ASH_COATED_OSMIUM;9903;12;9900;19;;;9909;11;9913;14;;;9906.0;0.0
av_SUGAR_d8;9500;INTARIAN_PEPPER_ROOT;12921;18;12917;15;;;12927;15;12930;18;;;12924.0;0.0
av_SUGAR_d8;9600;ASH_COATED_OSMIUM;9903;11;9900;18;;;9909;10;9912;21;;;9906.0;0.0
av_SUGAR_d8;9600;INTARIAN_PEPPER_ROOT;12916;23;12914;26;;;12929;11;12931;18;;;12922.5;0.0
av_SUGAR_d8;9700;ASH_COATED_OSMIUM;9903;6;9901;13;;;9909;19;9913;19;;;9906.0;0.0
av_SUGAR_d8;9700;INTARIAN_PEPPER_ROOT;12908;14;12904;22;;;12936;15;12938;21;;;12922.0;0.0
av_SUGAR_d8;9800;ASH_COATED_OSMIUM;9902;15;9900;19;;;9909;12;9912;11;;;9905.5;0.0
av_SUGAR_d8;9800;INTARIAN_PEPPER_ROOT;12913;20;12910;21;;;12929;6;12932;17;;;12921.0;0.0
av_SUGAR_d8;9900;ASH_COATED_OSMIUM;9903;16;9899;20;;;9909;11;9913;26;;;9906.0;0.0
av_SUGAR_d8;9900;INTARIAN_PEPPER_ROOT;12913;8;12910;22;;;12926;30;12928;22;;;12919.5;0.0
av_SUGAR_d8;10000;ASH_COATED_OSMIUM;9902;17;9899;23;;;9909;18;9911;24;;;9905.5;0.0
av_SUGAR_d8;10000;INTARIAN_PEPPER_ROOT;12916;22;12912;15;;;12922;15;12926;30;;;12919.0;0.0
av_SUGAR_d8;10100;ASH_COATED_OSMIUM;9903;8;9899;19;;;9909;21;9913;21;;;9906.0;0.0
av_SUGAR_d8;10100;INTARIAN_PEPPER_ROOT;12915;5;12911;18;;;12921;19;12924;13;;;12918.0;0.0
av_SUGAR_d8;10200;ASH_COATED_OSMIUM;9903;11;9899;18;;;9909;12;9911;21;;;9906.0;0.0
av_SUGAR_d8;10200;INTARIAN_PEPPER_ROOT;12910;17;12907;27;;;12926;13;12928;21;;;12918.0;0.0
av_SUGAR_d8;10300;ASH_COATED_OSMIUM;9903;18;9899;26;;;9909;16;9913;18;;;9906.0;0.0
av_SUGAR_d8;10300;INTARIAN_PEPPER_ROOT;12909;20;12905;27;;;12925;18;12928;18;;;12917.0;0.0
av_SUGAR_d8;10400;ASH_COATED_OSMIUM;9903;22;9901;14;;;9909;5;9912;17;;;9906.0;0.0
av_SUGAR_d8;10400;INTARIAN_PEPPER_ROOT;12909;20;12906;22;;;12922;18;12924;20;;;12915.5;0.0
av_SUGAR_d8;10500;ASH_COATED_OSMIUM;9902;14;9900;16;;;9909;13;9913;25;;;9905.5;0.0
av_SUGAR_d8;10500;INTARIAN_PEPPER_ROOT;12913;14;12911;19;;;12919;20;12922;20;;;12916.0;0.0
av_SUGAR_d8;10600;ASH_COATED_OSMIUM;9899;12;9895;14;;;9912;21;9915;14;;;9905.5;0.0
av_SUGAR_d8;10600;INTARIAN_PEPPER_ROOT;12910;18;12906;26;;;12918;20;12921;19;;;12914.0;0.0
av_SUGAR_d8;10700;ASH_COATED_OSMIUM;9903;7;9900;22;;;9909;23;9912;25;;;9906.0;0.0
av_SUGAR_d8;10700;INTARIAN_PEPPER_ROOT;12910;23;12907;16;;;12916;20;12918;17;;;12913.0;0.0
av_SUGAR_d8;10800;ASH_COATED_OSMIUM;9903;9;9899;25;;;9909;14;9912;20;;;9906.0;0.0
av_SUGAR_d8;10800;INTARIAN_PEPPER_ROOT;12910;20;12907;18;;;12916;16;12920;22;;;12913.0;0.0
av_SUGAR_d8;10900;ASH_COATED_OSMIUM;9902;18;9899;26;;;9909;13;9911;24;;;9905.5;0.0
av_SUGAR_d8;10900;INTARIAN_PEPPER_ROOT;12909;8;12907;12;;;12916;14;12920;22;;;12912.5;0.0
av_SUGAR_d8;11000;ASH_COATED_OSMIUM;9897;6;9893;20;;;9914;20;9917;21;;;9905.5;0.0
av_SUGAR_d8;11000;INTARIAN_PEPPER_ROOT;12908;11;12905;18;;;12914;24;12917;17;;;12911.0;0.0
av_SUGAR_d8;11100;ASH_COATED_OSMIUM;9903;5;9901;21;;;9909;21;9911;15;;;9906.0;0.0
av_SUGAR_d8;11100;INTARIAN_PEPPER_ROOT;12908;14;12904;19;;;12914;13;12917;29;;;12911.0;0.0
av_SUGAR_d8;11200;ASH_COATED_OSMIUM;9902;13;9899;15;;;9908;12;9910;18;;;9905.0;0.0
av_SUGAR_d8;11200;INTARIAN_PEPPER_ROOT;12907;9;12903;20;;;12913;6;12917;18;;;12910.0;0.0
av_SUGAR_d8;11300;ASH_COATED_OSMIUM;9903;19;9899;25;;;9909;13;9911;19;;;9906.0;0.0
av_SUGAR_d8;11300;INTARIAN_PEPPER_ROOT;12906;11;12902;17;;;12912;19;12915;26;;;12909.0;0.0
av_SUGAR_d8;11400;ASH_COATED_OSMIUM;9903;16;9901;18;;;9909;15;9912;17;;;9906.0;0.0
av_SUGAR_d8;11400;INTARIAN_PEPPER_ROOT;12899;17;12895;16;;;12917;13;12920;16;;;12908.0;0.0
av_SUGAR_d8;11500;ASH_COATED_OSMIUM;9899;18;9895;19;;;9912;12;9915;19;;;9905.5;0.0
av_SUGAR_d8;11500;INTARIAN_PEPPER_ROOT;12904;15;12901;13;;;12910;6;12912;14;;;12907.0;0.0
av_SUGAR_d8;11600;ASH_COATED_OSMIUM;9902;16;9900;19;;;9908;15;9912;22;;;9905.0;0.0
av_SUGAR_d8;11600;INTARIAN_PEPPER_ROOT;12902;13;12898;26;;;12910;11;12913;21;;;12906.0;0.0
av_SUGAR_d8;11700;ASH_COATED_OSMIUM;9903;15;9901;22;;;9909;16;9912;21;;;9906.0;0.0
av_SUGAR_d8;11700;INTARIAN_PEPPER_ROOT;12901;21;12897;10;;;12909;23;12911;16;;;12905.0;0.0
av_SUGAR_d8;11800;ASH_COATED_OSMIUM;9902;25;9899;22;;;9908;10;9911;23;;;9905.0;0.0
av_SUGAR_d8;11800;INTARIAN_PEPPER_ROOT;12902;15;12900;23;;;12908;19;12911;23;;;12905.0;0.0
av_SUGAR_d8;11900;ASH_COATED_OSMIUM;9903;16;9901;24;;;9909;24;9913;24;;;9906.0;0.0
av_SUGAR_d8;11900;INTARIAN_PEPPER_ROOT;12887;12;12884;12;;;12921;19;12925;12;;;12904.0;0.0
av_SUGAR_d8;12000;ASH_COATED_OSMIUM;9902;19;9898;18;;;9910;15;9912;15;;;9906.0;0.0
av_SUGAR_d8;12000;INTARIAN_PEPPER_ROOT;12900;21;12898;21;;;12906;24;12909;17;;;12903.0;0.0
av_SUGAR_d8;12100;ASH_COATED_OSMIUM;9891;11;9888;18;;;9920;8;9922;19;;;9905.5;0.0
av_SUGAR_d8;12100;INTARIAN_PEPPER_ROOT;12891;16;12889;16;;;12914;21;12917;21;;;12902.5;0.0
av_SUGAR_d8;12200;ASH_COATED_OSMIUM;9903;7;9901;20;;;9909;18;9913;16;;;9906.0;0.0
av_SUGAR_d8;12200;INTARIAN_PEPPER_ROOT;12899;10;12896;22;;;12905;17;12909;17;;;12902.0;0.0
av_SUGAR_d8;12300;ASH_COATED_OSMIUM;9903;13;9899;17;;;9909;17;9913;20;;;9906.0;0.0
av_SUGAR_d8;12300;INTARIAN_PEPPER_ROOT;12898;15;12894;21;;;12904;16;12906;12;;;12901.0;0.0
av_SUGAR_d8;12400;ASH_COATED_OSMIUM;9902;11;9900;26;;;9909;14;9913;21;;;9905.5;0.0
av_SUGAR_d8;12400;INTARIAN_PEPPER_ROOT;12895;20;12891;15;;;12907;6;12910;15;;;12901.0;0.0
av_SUGAR_d8;12500;ASH_COATED_OSMIUM;9903;17;9900;14;;;9909;17;9913;20;;;9906.0;0.0
av_SUGAR_d8;12500;INTARIAN_PEPPER_ROOT;12896;21;12892;17;;;12902;17;12904;16;;;12899.0;0.0
av_SUGAR_d8;12600;ASH_COATED_OSMIUM;9898;16;9894;28;;;9914;15;9918;14;;;9906.0;0.0
av_SUGAR_d8;12600;INTARIAN_PEPPER_ROOT;12896;21;12894;14;;;12902;16;12904;12;;;12899.0;0.0
av_SUGAR_d8;12700;ASH_COATED_OSMIUM;9903;18;9900;19;;;9909;18;9913;22;;;9906.0;0.0
av_SUGAR_d8;12700;INTARIAN_PEPPER_ROOT;12895;16;12891;19;;;12901;18;12904;12;;;12898.0;0.0
av_SUGAR_d8;12800;ASH_COATED_OSMIUM;9903;14;9899;12;;;9909;18;9913;26;;;9906.0;0.0
av_SUGAR_d8;12800;INTARIAN_PEPPER_ROOT;12894;5;12890;15;;;12900;10;12902;28;;;12897.0;0.0
av_SUGAR_d8;12900;ASH_COATED_OSMIUM;9903;19;9899;13;;;9909;6;9913;18;;;9906.0;0.0
av_SUGAR_d8;12900;INTARIAN_PEPPER_ROOT;12890;9;12888;20;;;12902;18;12906;18;;;12896.0;0.0
av_SUGAR_d8;13000;ASH_COATED_OSMIUM;9902;13;9899;16;;;9909;17;9911;8;;;9905.5;0.0
av_SUGAR_d8;13000;INTARIAN_PEPPER_ROOT;12892;19;12890;23;;;12898;25;12900;13;;;12895.0;0.0
av_SUGAR_d8;13100;ASH_COATED_OSMIUM;9895;11;9893;13;;;9916;6;9918;15;;;9905.5;0.0
av_SUGAR_d8;13100;INTARIAN_PEPPER_ROOT;12891;20;12887;15;;;12897;8;12901;23;;;12894.0;0.0
av_SUGAR_d8;13200;ASH_COATED_OSMIUM;9903;16;9901;21;;;9909;12;9911;22;;;9906.0;0.0
av_SUGAR_d8;13200;INTARIAN_PEPPER_ROOT;12890;15;12888;16;;;12896;9;12899;12;;;12893.0;0.0
av_SUGAR_d8;13300;ASH_COATED_OSMIUM;9900;16;9898;11;;;9911;6;9913;25;;;9905.5;0.0
av_SUGAR_d8;13300;INTARIAN_PEPPER_ROOT;12888;15;12886;26;;;12899;16;12903;21;;;12893.5;0.0
av_SUGAR_d8;13400;ASH_COATED_OSMIUM;9901;15;9898;18;;;9911;19;9914;23;;;9906.0;0.0
av_SUGAR_d8;13400;INTARIAN_PEPPER_ROOT;12890;15;12886;28;;;12896;20;12900;23;;;12893.0;0.0
av_SUGAR_d8;13500;ASH_COATED_OSMIUM;9901;19;9897;24;;;9912;14;9915;14;;;9906.5;0.0
av_SUGAR_d8;13500;INTARIAN_PEPPER_ROOT;12882;18;12878;8;;;12901;12;12904;14;;;12891.5;0.0
av_SUGAR_d8;13600;ASH_COATED_OSMIUM;9903;15;9899;26;;;9909;19;9913;28;;;9906.0;0.0
av_SUGAR_d8;13600;INTARIAN_PEPPER_ROOT;12887;16;12885;29;;;12893;13;12895;26;;;12890.0;0.0
av_SUGAR_d8;13700;ASH_COATED_OSMIUM;9902;18;9899;21;;;9908;11;9910;23;;;9905.0;0.0
av_SUGAR_d8;13700;INTARIAN_PEPPER_ROOT;12886;6;12882;11;;;12893;20;12896;19;;;12889.5;0.0
av_SUGAR_d8;13800;ASH_COATED_OSMIUM;9902;13;9899;23;;;9908;16;9912;30;;;9905.0;0.0
av_SUGAR_d8;13800;INTARIAN_PEPPER_ROOT;12877;16;12873;17;;;12900;11;12902;13;;;12888.5;0.0
av_SUGAR_d8;13900;ASH_COATED_OSMIUM;9900;8;9898;23;;;9912;7;9915;8;;;9906.0;0.0
av_SUGAR_d8;13900;INTARIAN_PEPPER_ROOT;12884;13;12882;31;;;12893;10;12896;16;;;12888.5;0.0
av_SUGAR_d8;14000;ASH_COATED_OSMIUM;9903;23;9899;16;;;9909;16;9912;16;;;9906.0;0.0
av_SUGAR_d8;14000;INTARIAN_PEPPER_ROOT;12884;12;12880;23;;;12890;13;12894;20;;;12887.0;0.0
av_SUGAR_d8;14100;ASH_COATED_OSMIUM;9903;16;9899;19;;;9909;6;9912;22;;;9906.0;0.0
av_SUGAR_d8;14100;INTARIAN_PEPPER_ROOT;12883;9;12881;21;;;12889;9;12891;24;;;12886.0;0.0
av_SUGAR_d8;14200;ASH_COATED_OSMIUM;9901;10;9897;28;;;9910;12;9914;16;;;9905.5;0.0
av_SUGAR_d8;14200;INTARIAN_PEPPER_ROOT;12882;12;12879;18;;;12888;18;12890;16;;;12885.0;0.0
av_SUGAR_d8;14300;ASH_COATED_OSMIUM;9903;13;9899;22;;;9909;16;9911;15;;;9906.0;0.0
av_SUGAR_d8;14300;INTARIAN_PEPPER_ROOT;12882;19;12880;20;;;12888;12;12892;16;;;12885.0;0.0
av_SUGAR_d8;14400;ASH_COATED_OSMIUM;9903;10;9901;21;;;9909;15;9913;12;;;9906.0;0.0
av_SUGAR_d8;14400;INTARIAN_PEPPER_ROOT;12881;9;12878;21;;;12887;9;12889;16;;;12884.0;0.0
av_SUGAR_d8;14500;ASH_COATED_OSMIUM;9901;6;9897;16;;;9911;12;9913;13;;;9906.0;0.0
av_SUGAR_d8;14500;INTARIAN_PEPPER_ROOT;12879;23;12876;26;;;12887;19;12889;16;;;12883.0;0.0
av_SUGAR_d8;14600;ASH_COATED_OSMIUM;9899;23;9897;22;;;9912;8;9915;28;;;9905.5;0.0
av_SUGAR_d8;14600;INTARIAN_PEPPER_ROOT;12870;26;12868;21;;;12895;17;12899;30;;;12882.5;0.0
av_SUGAR_d8;14700;ASH_COATED_OSMIUM;9903;7;9900;21;;;9909;10;9911;27;;;9906.0;0.0
av_SUGAR_d8;14700;INTARIAN_PEPPER_ROOT;12878;12;12876;26;;;12884;19;12887;16;;;12881.0;0.0
av_SUGAR_d8;14800;ASH_COATED_OSMIUM;9903;17;9901;27;;;9909;6;9911;23;;;9906.0;0.0
av_SUGAR_d8;14800;INTARIAN_PEPPER_ROOT;12878;13;12874;20;;;12884;5;12888;23;;;12881.0;0.0
av_SUGAR_d8;14900;ASH_COATED_OSMIUM;9903;17;9899;22;;;9909;20;9912;13;;;9906.0;0.0
av_SUGAR_d8;14900;INTARIAN_PEPPER_ROOT;12869;11;12866;19;;;12892;18;12896;11;;;12880.5;0.0
av_SUGAR_d8;15000;ASH_COATED_OSMIUM;9902;16;9900;12;;;9910;18;9912;20;;;9906.0;0.0
av_SUGAR_d8;15000;INTARIAN_PEPPER_ROOT;12868;13;12864;12;;;12891;19;12895;20;;;12879.5;0.0
av_SUGAR_d8;15100;ASH_COATED_OSMIUM;9903;16;9900;16;;;9909;24;9912;15;;;9906.0;0.0
av_SUGAR_d8;15100;INTARIAN_PEPPER_ROOT;12876;19;12874;14;;;12882;8;12886;11;;;12879.0;0.0
av_SUGAR_d8;15200;ASH_COATED_OSMIUM;9902;12;9900;20;;;9908;17;9912;20;;;9905.0;0.0
av_SUGAR_d8;15200;INTARIAN_PEPPER_ROOT;12874;9;12870;21;;;12880;16;12882;28;;;12877.0;0.0
av_SUGAR_d8;15300;ASH_COATED_OSMIUM;9902;18;9900;23;;;9908;15;9910;23;;;9905.0;0.0
av_SUGAR_d8;15300;INTARIAN_PEPPER_ROOT;12872;13;12870;12;;;12881;11;12885;20;;;12876.5;0.0
av_SUGAR_d8;15400;ASH_COATED_OSMIUM;9903;6;9900;28;;;9909;13;9913;15;;;9906.0;0.0
av_SUGAR_d8;15400;INTARIAN_PEPPER_ROOT;12873;19;12871;13;;;12879;9;12881;19;;;12876.0;0.0
av_SUGAR_d8;15500;ASH_COATED_OSMIUM;9899;6;9897;18;;;9913;21;9917;20;;;9906.0;0.0
av_SUGAR_d8;15500;INTARIAN_PEPPER_ROOT;12872;21;12868;21;;;12878;19;12882;11;;;12875.0;0.0
av_SUGAR_d8;15600;ASH_COATED_OSMIUM;9903;22;9900;15;;;9909;10;9911;15;;;9906.0;0.0
av_SUGAR_d8;15600;INTARIAN_PEPPER_ROOT;12870;12;12867;21;;;12879;20;12883;19;;;12874.5;0.0
av_SUGAR_d8;15700;ASH_COATED_OSMIUM;9903;7;9900;17;;;9909;19;9911;20;;;9906.0;0.0
av_SUGAR_d8;15700;INTARIAN_PEPPER_ROOT;12871;7;12868;35;;;12877;22;12881;22;;;12874.0;0.0
av_SUGAR_d8;15800;ASH_COATED_OSMIUM;9899;9;9897;20;;;9913;12;9916;14;;;9906.0;0.0
av_SUGAR_d8;15800;INTARIAN_PEPPER_ROOT;12869;10;12865;18;;;12875;26;12878;24;;;12872.0;0.0
av_SUGAR_d8;15900;ASH_COATED_OSMIUM;9902;18;9898;16;;;9909;14;9911;18;;;9905.5;0.0
av_SUGAR_d8;15900;INTARIAN_PEPPER_ROOT;12868;18;12865;32;;;12874;20;12877;22;;;12871.0;0.0
av_SUGAR_d8;16000;ASH_COATED_OSMIUM;9903;12;9900;29;;;9909;5;9911;15;;;9906.0;0.0
av_SUGAR_d8;16000;INTARIAN_PEPPER_ROOT;12868;5;12864;22;;;12875;17;12877;21;;;12871.5;0.0
av_SUGAR_d8;16100;ASH_COATED_OSMIUM;9903;9;9900;21;;;9909;15;9911;22;;;9906.0;0.0
av_SUGAR_d8;16100;INTARIAN_PEPPER_ROOT;12868;18;12865;18;;;12874;5;12876;10;;;12871.0;0.0
av_SUGAR_d8;16200;ASH_COATED_OSMIUM;9899;18;9895;22;;;9912;17;9914;16;;;9905.5;0.0
av_SUGAR_d8;16200;INTARIAN_PEPPER_ROOT;12867;17;12863;24;;;12873;15;12877;17;;;12870.0;0.0
av_SUGAR_d8;16300;ASH_COATED_OSMIUM;9903;15;9900;14;;;9909;19;9913;22;;;9906.0;0.0
av_SUGAR_d8;16300;INTARIAN_PEPPER_ROOT;12866;11;12862;19;;;12872;15;12874;26;;;12869.0;0.0
av_SUGAR_d8;16400;ASH_COATED_OSMIUM;9903;27;9899;14;;;9909;13;9913;18;;;9906.0;0.0
av_SUGAR_d8;16400;INTARIAN_PEPPER_ROOT;12866;10;12862;23;;;12872;17;12876;17;;;12869.0;0.0
av_SUGAR_d8;16500;ASH_COATED_OSMIUM;9893;15;9891;23;;;9918;10;9922;22;;;9905.5;0.0
av_SUGAR_d8;16500;INTARIAN_PEPPER_ROOT;12864;27;12860;22;;;12870;13;12872;25;;;12867.0;0.0
av_SUGAR_d8;16600;ASH_COATED_OSMIUM;9903;12;9901;8;;;9909;21;9911;14;;;9906.0;0.0
av_SUGAR_d8;16600;INTARIAN_PEPPER_ROOT;12863;19;12860;12;;;12869;10;12873;18;;;12866.0;0.0
av_SUGAR_d8;16700;ASH_COATED_OSMIUM;9902;21;9898;8;;;9909;10;9911;22;;;9905.5;0.0
av_SUGAR_d8;16700;INTARIAN_PEPPER_ROOT;12863;17;12859;18;;;12869;17;12872;12;;;12866.0;0.0
av_SUGAR_d8;16800;ASH_COATED_OSMIUM;9903;9;9900;23;;;9909;9;9911;21;;;9906.0;0.0
av_SUGAR_d8;16800;INTARIAN_PEPPER_ROOT;12857;10;12854;21;;;12872;22;12876;20;;;12864.5;0.0
av_SUGAR_d8;16900;ASH_COATED_OSMIUM;9902;15;9900;20;;;9908;19;9911;19;;;9905.0;0.0
av_SUGAR_d8;16900;INTARIAN_PEPPER_ROOT;12861;11;12859;16;;;12867;13;12870;15;;;12864.0;0.0
av_SUGAR_d8;17000;ASH_COATED_OSMIUM;9899;6;9897;13;;;9912;12;9915;28;;;9905.5;0.0
av_SUGAR_d8;17000;INTARIAN_PEPPER_ROOT;12861;14;12857;15;;;12867;20;12870;19;;;12864.0;0.0
av_SUGAR_d8;17100;ASH_COATED_OSMIUM;9900;12;9896;22;;;9911;11;9915;31;;;9905.5;0.0
av_SUGAR_d8;17100;INTARIAN_PEPPER_ROOT;12861;18;12858;27;;;12867;18;12869;22;;;12864.0;0.0
av_SUGAR_d8;17200;ASH_COATED_OSMIUM;9903;9;9900;10;;;9909;18;9913;17;;;9906.0;0.0
av_SUGAR_d8;17200;INTARIAN_PEPPER_ROOT;12861;9;12858;25;;;12867;15;12869;26;;;12864.0;0.0
av_SUGAR_d8;17300;ASH_COATED_OSMIUM;9899;18;9895;14;;;9913;16;9917;22;;;9906.0;0.0
av_SUGAR_d8;17300;INTARIAN_PEPPER_ROOT;12850;17;12847;27;;;12880;24;12884;22;;;12865.0;0.0
av_SUGAR_d8;17400;ASH_COATED_OSMIUM;9903;21;9901;22;;;9909;15;9913;17;;;9906.0;0.0
av_SUGAR_d8;17400;INTARIAN_PEPPER_ROOT;12863;5;12861;21;;;12869;8;12871;15;;;12866.0;0.0
av_SUGAR_d8;17500;ASH_COATED_OSMIUM;9903;18;9900;19;;;9909;19;9912;17;;;9906.0;0.0
av_SUGAR_d8;17500;INTARIAN_PEPPER_ROOT;12864;25;12861;13;;;12870;20;12874;16;;;12867.0;0.0
av_SUGAR_d8;17600;ASH_COATED_OSMIUM;9895;11;9892;21;;;9918;19;9922;23;;;9906.5;0.0
av_SUGAR_d8;17600;INTARIAN_PEPPER_ROOT;12864;24;12860;24;;;12870;16;12872;24;;;12867.0;0.0
av_SUGAR_d8;17700;ASH_COATED_OSMIUM;9903;13;9900;22;;;9909;19;9912;15;;;9906.0;0.0
av_SUGAR_d8;17700;INTARIAN_PEPPER_ROOT;12865;7;12862;12;;;12871;17;12873;17;;;12868.0;0.0
av_SUGAR_d8;17800;ASH_COATED_OSMIUM;9902;5;9900;17;;;9910;5;9914;23;;;9906.0;0.0
av_SUGAR_d8;17800;INTARIAN_PEPPER_ROOT;12865;17;12861;19;;;12871;22;12873;15;;;12868.0;0.0
av_SUGAR_d8;17900;ASH_COATED_OSMIUM;9893;17;9889;20;;;9918;16;9921;12;;;9905.5;0.0
av_SUGAR_d8;17900;INTARIAN_PEPPER_ROOT;12858;15;12855;25;;;12879;10;12883;12;;;12868.5;0.0
av_SUGAR_d8;18000;ASH_COATED_OSMIUM;9903;17;9900;10;;;9909;15;9911;18;;;9906.0;0.0
av_SUGAR_d8;18000;INTARIAN_PEPPER_ROOT;12860;14;12856;24;;;12878;20;12880;18;;;12869.0;0.0
av_SUGAR_d8;18100;ASH_COATED_OSMIUM;9903;10;9900;27;;;9909;21;9912;18;;;9906.0;0.0
av_SUGAR_d8;18100;INTARIAN_PEPPER_ROOT;12864;13;12860;27;;;12875;12;12877;25;;;12869.5;0.0
av_SUGAR_d8;18200;ASH_COATED_OSMIUM;9903;16;9901;20;;;9909;17;9912;28;;;9906.0;0.0
av_SUGAR_d8;18200;INTARIAN_PEPPER_ROOT;12863;9;12860;30;;;12876;14;12878;17;;;12869.5;0.0
av_SUGAR_d8;18300;ASH_COATED_OSMIUM;9903;5;9899;23;;;9909;19;9913;22;;;9906.0;0.0
av_SUGAR_d8;18300;INTARIAN_PEPPER_ROOT;12867;19;12864;24;;;12873;16;12875;9;;;12870.0;0.0
av_SUGAR_d8;18400;ASH_COATED_OSMIUM;9899;10;9895;31;;;9912;12;9915;25;;;9905.5;0.0
av_SUGAR_d8;18400;INTARIAN_PEPPER_ROOT;12868;19;12865;19;;;12874;8;12876;19;;;12871.0;0.0
av_SUGAR_d8;18500;ASH_COATED_OSMIUM;9896;19;9893;21;;;9916;19;9920;26;;;9906.0;0.0
av_SUGAR_d8;18500;INTARIAN_PEPPER_ROOT;12867;12;12863;17;;;12874;11;12878;27;;;12870.5;0.0
av_SUGAR_d8;18600;ASH_COATED_OSMIUM;9899;12;9895;24;;;9913;23;9917;20;;;9906.0;0.0
av_SUGAR_d8;18600;INTARIAN_PEPPER_ROOT;12869;12;12867;14;;;12875;18;12879;18;;;12872.0;0.0
av_SUGAR_d8;18700;ASH_COATED_OSMIUM;9903;16;9901;11;;;9909;8;9913;11;;;9906.0;0.0
av_SUGAR_d8;18700;INTARIAN_PEPPER_ROOT;12869;20;12867;13;;;12875;20;12878;22;;;12872.0;0.0
av_SUGAR_d8;18800;ASH_COATED_OSMIUM;9903;22;9899;22;;;9909;14;9912;20;;;9906.0;0.0
av_SUGAR_d8;18800;INTARIAN_PEPPER_ROOT;12870;24;12866;27;;;12876;17;12879;13;;;12873.0;0.0
av_SUGAR_d8;18900;ASH_COATED_OSMIUM;9903;17;9899;19;;;9909;12;9911;26;;;9906.0;0.0
av_SUGAR_d8;18900;INTARIAN_PEPPER_ROOT;12869;11;12865;15;;;12875;21;12879;19;;;12872.0;0.0
av_SUGAR_d8;19000;ASH_COATED_OSMIUM;9903;16;9899;15;;;9909;13;9911;17;;;9906.0;0.0
av_SUGAR_d8;19000;INTARIAN_PEPPER_ROOT;12870;16;12867;25;;;12878;11;12881;24;;;12874.0;0.0
av_SUGAR_d8;19100;ASH_COATED_OSMIUM;9903;15;9901;23;;;9909;11;9912;16;;;9906.0;0.0
av_SUGAR_d8;19100;INTARIAN_PEPPER_ROOT;12872;8;12869;24;;;12878;12;12881;22;;;12875.0;0.0
av_SUGAR_d8;19200;ASH_COATED_OSMIUM;9895;14;9893;23;;;9917;7;9920;15;;;9906.0;0.0
av_SUGAR_d8;19200;INTARIAN_PEPPER_ROOT;12871;6;12868;25;;;12877;11;12880;18;;;12874.0;0.0
av_SUGAR_d8;19300;ASH_COATED_OSMIUM;9903;9;9899;28;;;9909;15;9913;28;;;9906.0;0.0
av_SUGAR_d8;19300;INTARIAN_PEPPER_ROOT;12872;18;12868;18;;;12878;9;12881;32;;;12875.0;0.0
av_SUGAR_d8;19400;ASH_COATED_OSMIUM;9903;15;9900;20;;;9909;20;9913;23;;;9906.0;0.0
av_SUGAR_d8;19400;INTARIAN_PEPPER_ROOT;12868;18;12864;24;;;12883;10;12886;14;;;12875.5;0.0
av_SUGAR_d8;19500;ASH_COATED_OSMIUM;9903;20;9901;16;;;9909;19;9911;16;;;9906.0;0.0
av_SUGAR_d8;19500;INTARIAN_PEPPER_ROOT;12873;16;12869;13;;;12879;21;12882;14;;;12876.0;0.0
av_SUGAR_d8;19600;ASH_COATED_OSMIUM;9903;11;9901;14;;;9909;11;9911;19;;;9906.0;0.0
av_SUGAR_d8;19600;INTARIAN_PEPPER_ROOT;12873;17;12871;16;;;12881;8;12883;17;;;12877.0;0.0
av_SUGAR_d8;19700;ASH_COATED_OSMIUM;9903;9;9899;26;;;9909;16;9911;23;;;9906.0;0.0
av_SUGAR_d8;19700;INTARIAN_PEPPER_ROOT;12874;10;12872;15;;;12880;20;12883;24;;;12877.0;0.0
av_SUGAR_d8;19800;ASH_COATED_OSMIUM;9903;29;9899;18;;;9909;21;9913;15;;;9906.0;0.0
av_SUGAR_d8;19800;INTARIAN_PEPPER_ROOT;12870;12;12867;26;;;12885;22;12889;20;;;12877.5;0.0
av_SUGAR_d8;19900;ASH_COATED_OSMIUM;9903;21;9899;25;;;9909;11;9911;28;;;9906.0;0.0
av_SUGAR_d8;19900;INTARIAN_PEPPER_ROOT;12875;17;12873;25;;;12881;10;12884;20;;;12878.0;0.0
av_SUGAR_d8;20000;ASH_COATED_OSMIUM;9894;18;9891;16;;;9917;14;9920;12;;;9905.5;0.0
av_SUGAR_d8;20000;INTARIAN_PEPPER_ROOT;12873;14;12870;17;;;12885;21;12889;17;;;12879.0;0.0
av_SUGAR_d8;20100;ASH_COATED_OSMIUM;9903;14;9900;33;;;9909;5;9913;27;;;9906.0;0.0
av_SUGAR_d8;20100;INTARIAN_PEPPER_ROOT;12876;11;12873;20;;;12882;15;12885;22;;;12879.0;0.0
av_SUGAR_d8;20200;ASH_COATED_OSMIUM;9903;17;9899;12;;;9909;15;9911;24;;;9906.0;0.0
av_SUGAR_d8;20200;INTARIAN_PEPPER_ROOT;12877;9;12873;19;;;12883;16;12887;16;;;12880.0;0.0
av_SUGAR_d8;20300;ASH_COATED_OSMIUM;9901;7;9898;8;;;9911;17;9914;24;;;9906.0;0.0
av_SUGAR_d8;20300;INTARIAN_PEPPER_ROOT;12870;26;12868;9;;;12890;14;12893;22;;;12880.0;0.0
av_SUGAR_d8;20400;ASH_COATED_OSMIUM;9903;17;9900;11;;;9910;17;9913;18;;;9906.5;0.0
av_SUGAR_d8;20400;INTARIAN_PEPPER_ROOT;12877;16;12873;12;;;12883;21;12885;15;;;12880.0;0.0
av_SUGAR_d8;20500;ASH_COATED_OSMIUM;9902;11;9900;19;;;9909;16;9912;13;;;9905.5;0.0
av_SUGAR_d8;20500;INTARIAN_PEPPER_ROOT;12877;19;12873;14;;;12886;14;12888;22;;;12881.5;0.0
av_SUGAR_d8;20600;ASH_COATED_OSMIUM;9900;7;9897;25;;;9912;8;9916;30;;;9906.0;0.0
av_SUGAR_d8;20600;INTARIAN_PEPPER_ROOT;12877;7;12875;18;;;12885;14;12888;20;;;12881.0;0.0
av_SUGAR_d8;20700;ASH_COATED_OSMIUM;9902;14;9898;12;;;9909;8;9913;17;;;9905.5;0.0
av_SUGAR_d8;20700;INTARIAN_PEPPER_ROOT;12879;15;12875;32;;;12885;12;12887;31;;;12882.0;0.0
av_SUGAR_d8;20800;ASH_COATED_OSMIUM;9901;12;9899;18;;;9912;19;9914;17;;;9906.5;0.0
av_SUGAR_d8;20800;INTARIAN_PEPPER_ROOT;12879;19;12877;17;;;12885;19;12887;30;;;12882.0;0.0
av_SUGAR_d8;20900;ASH_COATED_OSMIUM;9900;5;9898;17;;;9911;12;9913;15;;;9905.5;0.0
av_SUGAR_d8;20900;INTARIAN_PEPPER_ROOT;12877;19;12874;19;;;12888;19;12891;17;;;12882.5;0.0
av_SUGAR_d8;21000;ASH_COATED_OSMIUM;9893;12;9889;18;;;9920;14;9923;24;;;9906.5;0.0
av_SUGAR_d8;21000;INTARIAN_PEPPER_ROOT;12881;17;12878;17;;;12887;11;12889;20;;;12884.0;0.0
av_SUGAR_d8;21100;ASH_COATED_OSMIUM;9894;14;9892;15;;;9920;15;9924;17;;;9907.0;0.0
av_SUGAR_d8;21100;INTARIAN_PEPPER_ROOT;12881;20;12878;21;;;12887;5;12890;16;;;12884.0;0.0
av_SUGAR_d8;21200;ASH_COATED_OSMIUM;9903;14;9899;22;;;9909;25;9911;18;;;9906.0;0.0
av_SUGAR_d8;21200;INTARIAN_PEPPER_ROOT;12882;19;12878;21;;;12888;13;12891;11;;;12885.0;0.0
av_SUGAR_d8;21300;ASH_COATED_OSMIUM;9903;14;9899;22;;;9909;8;9911;18;;;9906.0;0.0
av_SUGAR_d8;21300;INTARIAN_PEPPER_ROOT;12882;14;12880;22;;;12888;21;12891;18;;;12885.0;0.0
av_SUGAR_d8;21400;ASH_COATED_OSMIUM;9898;13;9896;24;;;9914;16;9917;19;;;9906.0;0.0
av_SUGAR_d8;21400;INTARIAN_PEPPER_ROOT;12883;17;12881;13;;;12889;16;12893;17;;;12886.0;0.0
av_SUGAR_d8;21500;ASH_COATED_OSMIUM;9903;15;9899;12;;;9909;10;9913;18;;;9906.0;0.0
av_SUGAR_d8;21500;INTARIAN_PEPPER_ROOT;12883;10;12881;17;;;12889;21;12891;24;;;12886.0;0.0
av_SUGAR_d8;21600;ASH_COATED_OSMIUM;9903;16;9899;15;;;9909;12;9911;23;;;9906.0;0.0
av_SUGAR_d8;21600;INTARIAN_PEPPER_ROOT;12884;13;12881;21;;;12890;22;12894;16;;;12887.0;0.0
av_SUGAR_d8;21700;ASH_COATED_OSMIUM;9902;20;9899;17;;;9909;14;9913;20;;;9905.5;0.0
av_SUGAR_d8;21700;INTARIAN_PEPPER_ROOT;12876;21;12874;11;;;12897;12;12900;16;;;12886.5;0.0
av_SUGAR_d8;21800;ASH_COATED_OSMIUM;9903;10;9901;20;;;9909;14;9912;11;;;9906.0;0.0
av_SUGAR_d8;21800;INTARIAN_PEPPER_ROOT;12877;6;12874;11;;;12898;6;12900;27;;;12887.5;0.0
av_SUGAR_d8;21900;ASH_COATED_OSMIUM;9894;11;9892;22;;;9919;12;9923;21;;;9906.5;0.0
av_SUGAR_d8;21900;INTARIAN_PEPPER_ROOT;12885;11;12882;19;;;12891;15;12895;25;;;12888.0;0.0
av_SUGAR_d8;22000;ASH_COATED_OSMIUM;9903;18;9901;23;;;9910;5;9914;18;;;9906.5;0.0
av_SUGAR_d8;22000;INTARIAN_PEPPER_ROOT;12886;16;12883;23;;;12892;18;12894;30;;;12889.0;0.0
av_SUGAR_d8;22100;ASH_COATED_OSMIUM;9903;24;9901;22;;;9909;6;9911;20;;;9906.0;0.0
av_SUGAR_d8;22100;INTARIAN_PEPPER_ROOT;12886;10;12884;13;;;12892;21;12895;20;;;12889.0;0.0
av_SUGAR_d8;22200;ASH_COATED_OSMIUM;9903;19;9899;21;;;9909;19;9912;14;;;9906.0;0.0
av_SUGAR_d8;22200;INTARIAN_PEPPER_ROOT;12883;10;12881;19;;;12897;17;12899;19;;;12890.0;0.0
av_SUGAR_d8;22300;ASH_COATED_OSMIUM;9903;14;9899;19;;;9909;13;9911;8;;;9906.0;0.0
av_SUGAR_d8;22300;INTARIAN_PEPPER_ROOT;12887;16;12883;28;;;12893;15;12897;15;;;12890.0;0.0
av_SUGAR_d8;22400;ASH_COATED_OSMIUM;9903;18;9899;15;;;9909;18;9913;20;;;9906.0;0.0
av_SUGAR_d8;22400;INTARIAN_PEPPER_ROOT;12887;14;12884;18;;;12893;13;12896;20;;;12890.0;0.0
av_SUGAR_d8;22500;ASH_COATED_OSMIUM;9900;19;9898;18;;;9913;22;9916;13;;;9906.5;0.0
av_SUGAR_d8;22500;INTARIAN_PEPPER_ROOT;12888;8;12886;13;;;12894;18;12896;19;;;12891.0;0.0
av_SUGAR_d8;22600;ASH_COATED_OSMIUM;9904;17;9901;21;;;9910;5;9913;20;;;9907.0;0.0
av_SUGAR_d8;22600;INTARIAN_PEPPER_ROOT;12882;6;12879;16;;;12899;21;12902;22;;;12890.5;0.0
av_SUGAR_d8;22700;ASH_COATED_OSMIUM;9903;8;9901;28;;;9909;9;9913;26;;;9906.0;0.0
av_SUGAR_d8;22700;INTARIAN_PEPPER_ROOT;12889;11;12885;15;;;12895;9;12897;12;;;12892.0;0.0
av_SUGAR_d8;22800;ASH_COATED_OSMIUM;9900;17;9896;20;;;9912;23;9915;19;;;9906.0;0.0
av_SUGAR_d8;22800;INTARIAN_PEPPER_ROOT;12890;13;12886;23;;;12896;21;12899;14;;;12893.0;0.0
av_SUGAR_d8;22900;ASH_COATED_OSMIUM;9901;14;9899;27;;;9911;10;9914;18;;;9906.0;0.0
av_SUGAR_d8;22900;INTARIAN_PEPPER_ROOT;12890;20;12886;24;;;12896;16;12899;12;;;12893.0;0.0
av_SUGAR_d8;23000;ASH_COATED_OSMIUM;9903;11;9901;18;;;9909;5;9913;20;;;9906.0;0.0
av_SUGAR_d8;23000;INTARIAN_PEPPER_ROOT;12891;17;12887;25;;;12897;17;12900;23;;;12894.0;0.0
av_SUGAR_d8;23100;ASH_COATED_OSMIUM;9903;13;9901;19;;;9910;22;9912;16;;;9906.5;0.0
av_SUGAR_d8;23100;INTARIAN_PEPPER_ROOT;12890;21;12888;23;;;12896;14;12899;12;;;12893.0;0.0
av_SUGAR_d8;23200;ASH_COATED_OSMIUM;9897;16;9893;18;;;9916;8;9919;20;;;9906.5;0.0
av_SUGAR_d8;23200;INTARIAN_PEPPER_ROOT;12891;18;12888;22;;;12897;19;12899;21;;;12894.0;0.0
av_SUGAR_d8;23300;ASH_COATED_OSMIUM;9904;13;9901;20;;;9910;6;9914;23;;;9907.0;0.0
av_SUGAR_d8;23300;INTARIAN_PEPPER_ROOT;12892;12;12889;14;;;12898;19;12900;18;;;12895.0;0.0
av_SUGAR_d8;23400;ASH_COATED_OSMIUM;9900;11;9897;22;;;9912;18;9915;26;;;9906.0;0.0
av_SUGAR_d8;23400;INTARIAN_PEPPER_ROOT;12891;8;12887;16;;;12898;16;12901;18;;;12894.5;0.0
av_SUGAR_d8;23500;ASH_COATED_OSMIUM;9904;17;9901;8;;;9910;17;9914;21;;;9907.0;0.0
av_SUGAR_d8;23500;INTARIAN_PEPPER_ROOT;12888;14;12885;21;;;12904;13;12907;17;;;12896.0;0.0
av_SUGAR_d8;23600;ASH_COATED_OSMIUM;9904;17;9902;20;;;9910;16;9913;20;;;9907.0;0.0
av_SUGAR_d8;23600;INTARIAN_PEPPER_ROOT;12894;17;12890;17;;;12900;13;12903;17;;;12897.0;0.0
av_SUGAR_d8;23700;ASH_COATED_OSMIUM;9904;5;9900;16;;;9910;10;9912;23;;;9907.0;0.0
av_SUGAR_d8;23700;INTARIAN_PEPPER_ROOT;12894;19;12892;20;;;12900;14;12902;9;;;12897.0;0.0
av_SUGAR_d8;23800;ASH_COATED_OSMIUM;9904;10;9901;26;;;9910;10;9913;19;;;9907.0;0.0
av_SUGAR_d8;23800;INTARIAN_PEPPER_ROOT;12895;21;12892;20;;;12901;9;12904;16;;;12898.0;0.0
av_SUGAR_d8;23900;ASH_COATED_OSMIUM;9903;21;9900;22;;;9909;13;9912;23;;;9906.0;0.0
av_SUGAR_d8;23900;INTARIAN_PEPPER_ROOT;12894;10;12891;16;;;12901;19;12905;13;;;12897.5;0.0
av_SUGAR_d8;24000;ASH_COATED_OSMIUM;9903;16;9900;8;;;9909;13;9911;21;;;9906.0;0.0
av_SUGAR_d8;24000;INTARIAN_PEPPER_ROOT;12896;19;12893;16;;;12902;15;12905;22;;;12899.0;0.0
av_SUGAR_d8;24100;ASH_COATED_OSMIUM;9903;17;9901;23;;;9909;10;9911;21;;;9906.0;0.0
av_SUGAR_d8;24100;INTARIAN_PEPPER_ROOT;12892;12;12888;23;;;12906;16;12910;23;;;12899.0;0.0
av_SUGAR_d8;24200;ASH_COATED_OSMIUM;9897;12;9895;21;;;9916;9;9920;16;;;9906.5;0.0
av_SUGAR_d8;24200;INTARIAN_PEPPER_ROOT;12891;23;12889;20;;;12909;17;12913;22;;;12900.0;0.0
av_SUGAR_d8;24300;ASH_COATED_OSMIUM;9903;12;9901;11;;;9909;17;9911;22;;;9906.0;0.0
av_SUGAR_d8;24300;INTARIAN_PEPPER_ROOT;12893;15;12890;20;;;12908;19;12912;28;;;12900.5;0.0
av_SUGAR_d8;24400;ASH_COATED_OSMIUM;9903;12;9899;22;;;9909;10;9912;14;;;9906.0;0.0
av_SUGAR_d8;24400;INTARIAN_PEPPER_ROOT;12897;17;12893;27;;;12903;11;12905;26;;;12900.0;0.0
av_SUGAR_d8;24500;ASH_COATED_OSMIUM;9898;24;9894;24;;;9915;13;9918;20;;;9906.5;0.0
av_SUGAR_d8;24500;INTARIAN_PEPPER_ROOT;12898;9;12896;24;;;12904;21;12908;20;;;12901.0;0.0
av_SUGAR_d8;24600;ASH_COATED_OSMIUM;9893;10;9890;25;;;9920;12;9923;21;;;9906.5;0.0
av_SUGAR_d8;24600;INTARIAN_PEPPER_ROOT;12898;13;12894;22;;;12904;20;12907;21;;;12901.0;0.0
av_SUGAR_d8;24700;ASH_COATED_OSMIUM;9904;18;9902;22;;;9910;13;9913;22;;;9907.0;0.0
av_SUGAR_d8;24700;INTARIAN_PEPPER_ROOT;12898;18;12894;21;;;12904;16;12908;23;;;12901.0;0.0
av_SUGAR_d8;24800;ASH_COATED_OSMIUM;9902;22;9898;23;;;9910;17;9913;12;;;9906.0;0.0
av_SUGAR_d8;24800;INTARIAN_PEPPER_ROOT;12899;15;12895;20;;;12905;6;12909;16;;;12902.0;0.0
av_SUGAR_d8;24900;ASH_COATED_OSMIUM;9903;10;9899;13;;;9909;13;9912;26;;;9906.0;0.0
av_SUGAR_d8;24900;INTARIAN_PEPPER_ROOT;12900;16;12898;19;;;12906;19;12909;8;;;12903.0;0.0
av_SUGAR_d8;25000;ASH_COATED_OSMIUM;9904;9;9900;16;;;9910;7;9912;17;;;9907.0;0.0
av_SUGAR_d8;25000;INTARIAN_PEPPER_ROOT;12900;17;12897;25;;;12906;20;12910;25;;;12903.0;0.0
av_SUGAR_d8;25100;ASH_COATED_OSMIUM;9903;16;9899;16;;;9911;6;9914;15;;;9907.0;0.0
av_SUGAR_d8;25100;INTARIAN_PEPPER_ROOT;12901;12;12899;21;;;12907;22;12911;24;;;12904.0;0.0
av_SUGAR_d8;25200;ASH_COATED_OSMIUM;9904;14;9901;23;;;9910;24;9914;18;;;9907.0;0.0
av_SUGAR_d8;25200;INTARIAN_PEPPER_ROOT;12902;17;12898;12;;;12908;19;12912;16;;;12905.0;0.0
av_SUGAR_d8;25300;ASH_COATED_OSMIUM;9900;5;9898;23;;;9913;18;9916;13;;;9906.5;0.0
av_SUGAR_d8;25300;INTARIAN_PEPPER_ROOT;12899;13;12895;17;;;12909;19;12911;11;;;12904.0;0.0
av_SUGAR_d8;25400;ASH_COATED_OSMIUM;9897;12;9895;26;;;9916;15;9919;21;;;9906.5;0.0
av_SUGAR_d8;25400;INTARIAN_PEPPER_ROOT;12903;11;12901;22;;;12909;5;12911;19;;;12906.0;0.0
av_SUGAR_d8;25500;ASH_COATED_OSMIUM;9904;15;9900;28;;;9910;17;9912;16;;;9907.0;0.0
av_SUGAR_d8;25500;INTARIAN_PEPPER_ROOT;12900;24;12897;21;;;12912;12;12916;16;;;12906.0;0.0
av_SUGAR_d8;25600;ASH_COATED_OSMIUM;9904;22;9902;21;;;9910;11;9914;23;;;9907.0;0.0
av_SUGAR_d8;25600;INTARIAN_PEPPER_ROOT;12903;14;12900;20;;;12910;14;12912;19;;;12906.5;0.0
av_SUGAR_d8;25700;ASH_COATED_OSMIUM;9893;16;9891;21;;;9921;16;9923;21;;;9907.0;0.0
av_SUGAR_d8;25700;INTARIAN_PEPPER_ROOT;12903;14;12901;13;;;12909;18;12911;25;;;12906.0;0.0
av_SUGAR_d8;25800;ASH_COATED_OSMIUM;9903;10;9901;23;;;9909;16;9913;27;;;9906.0;0.0
av_SUGAR_d8;25800;INTARIAN_PEPPER_ROOT;12904;24;12902;20;;;12910;16;12914;28;;;12907.0;0.0
av_SUGAR_d8;25900;ASH_COATED_OSMIUM;9895;18;9892;19;;;9917;17;9919;21;;;9906.0;0.0
av_SUGAR_d8;25900;INTARIAN_PEPPER_ROOT;12905;21;12901;14;;;12911;10;12915;19;;;12908.0;0.0
av_SUGAR_d8;26000;ASH_COATED_OSMIUM;9901;15;9897;28;;;9913;6;9916;25;;;9907.0;0.0
av_SUGAR_d8;26000;INTARIAN_PEPPER_ROOT;12904;19;12901;23;;;12914;15;12918;22;;;12909.0;0.0
av_SUGAR_d8;26100;ASH_COATED_OSMIUM;9904;16;9902;22;;;9910;25;9914;14;;;9907.0;0.0
av_SUGAR_d8;26100;INTARIAN_PEPPER_ROOT;12906;10;12902;19;;;12912;9;12915;18;;;12909.0;0.0
av_SUGAR_d8;26200;ASH_COATED_OSMIUM;9902;20;9899;25;;;9911;14;9915;17;;;9906.5;0.0
av_SUGAR_d8;26200;INTARIAN_PEPPER_ROOT;12905;12;12901;23;;;12911;12;12915;25;;;12908.0;0.0
av_SUGAR_d8;26300;ASH_COATED_OSMIUM;9898;21;9895;29;;;9915;12;9919;17;;;9906.5;0.0
av_SUGAR_d8;26300;INTARIAN_PEPPER_ROOT;12906;19;12902;21;;;12912;13;12915;21;;;12909.0;0.0
av_SUGAR_d8;26400;ASH_COATED_OSMIUM;9904;24;9900;26;;;9910;12;9912;12;;;9907.0;0.0
av_SUGAR_d8;26400;INTARIAN_PEPPER_ROOT;12907;15;12903;27;;;12913;25;12916;16;;;12910.0;0.0
av_SUGAR_d8;26500;ASH_COATED_OSMIUM;9904;14;9901;35;;;9910;11;9914;19;;;9907.0;0.0
av_SUGAR_d8;26500;INTARIAN_PEPPER_ROOT;12907;19;12903;16;;;12913;16;12915;11;;;12910.0;0.0
av_SUGAR_d8;26600;ASH_COATED_OSMIUM;9900;12;9896;21;;;9913;19;9916;21;;;9906.5;0.0
av_SUGAR_d8;26600;INTARIAN_PEPPER_ROOT;12908;18;12905;16;;;12914;13;12918;24;;;12911.0;0.0
av_SUGAR_d8;26700;ASH_COATED_OSMIUM;9899;14;9896;25;;;9914;19;9918;20;;;9906.5;0.0
av_SUGAR_d8;26700;INTARIAN_PEPPER_ROOT;12909;15;12906;24;;;12915;16;12919;19;;;12912.0;0.0
av_SUGAR_d8;26800;ASH_COATED_OSMIUM;9903;17;9901;12;;;9911;5;9915;18;;;9907.0;0.0
av_SUGAR_d8;26800;INTARIAN_PEPPER_ROOT;12906;20;12903;26;;;12919;22;12922;16;;;12912.5;0.0
av_SUGAR_d8;26900;ASH_COATED_OSMIUM;9900;15;9897;25;;;9915;9;9917;17;;;9907.5;0.0
av_SUGAR_d8;26900;INTARIAN_PEPPER_ROOT;12909;17;12906;23;;;12917;21;12921;12;;;12913.0;0.0
av_SUGAR_d8;27000;ASH_COATED_OSMIUM;9902;21;9900;28;;;9912;8;9916;24;;;9907.0;0.0
av_SUGAR_d8;27000;INTARIAN_PEPPER_ROOT;12910;17;12907;20;;;12916;19;12918;26;;;12913.0;0.0
av_SUGAR_d8;27100;ASH_COATED_OSMIUM;9903;16;9901;21;;;9909;12;9913;26;;;9906.0;0.0
av_SUGAR_d8;27100;INTARIAN_PEPPER_ROOT;12910;21;12906;17;;;12916;21;12919;19;;;12913.0;0.0
av_SUGAR_d8;27200;ASH_COATED_OSMIUM;9903;12;9900;26;;;9909;15;9912;23;;;9906.0;0.0
av_SUGAR_d8;27200;INTARIAN_PEPPER_ROOT;12911;17;12908;17;;;12918;17;12921;19;;;12914.5;0.0
av_SUGAR_d8;27300;ASH_COATED_OSMIUM;9904;10;9900;20;;;9910;16;9913;16;;;9907.0;0.0
av_SUGAR_d8;27300;INTARIAN_PEPPER_ROOT;12909;22;12906;27;;;12921;11;12925;11;;;12915.0;0.0
av_SUGAR_d8;27400;ASH_COATED_OSMIUM;9897;20;9894;30;;;9916;23;9920;32;;;9906.5;0.0
av_SUGAR_d8;27400;INTARIAN_PEPPER_ROOT;12911;20;12908;19;;;12917;20;12921;19;;;12914.0;0.0
av_SUGAR_d8;27500;ASH_COATED_OSMIUM;9904;16;9900;19;;;9911;12;9915;15;;;9907.5;0.0
av_SUGAR_d8;27500;INTARIAN_PEPPER_ROOT;12910;8;12906;16;;;12923;16;12926;26;;;12916.5;0.0
av_SUGAR_d8;27600;ASH_COATED_OSMIUM;9904;23;9902;17;;;9910;13;9912;16;;;9907.0;0.0
av_SUGAR_d8;27600;INTARIAN_PEPPER_ROOT;12910;17;12907;14;;;12923;6;12926;19;;;12916.5;0.0
av_SUGAR_d8;27700;ASH_COATED_OSMIUM;9904;9;9901;16;;;9910;16;9914;32;;;9907.0;0.0
av_SUGAR_d8;27700;INTARIAN_PEPPER_ROOT;12914;22;12912;11;;;12920;16;12923;14;;;12917.0;0.0
av_SUGAR_d8;27800;ASH_COATED_OSMIUM;9904;12;9902;22;;;9910;8;9913;25;;;9907.0;0.0
av_SUGAR_d8;27800;INTARIAN_PEPPER_ROOT;12914;14;12910;21;;;12920;22;12924;17;;;12917.0;0.0
av_SUGAR_d8;27900;ASH_COATED_OSMIUM;9903;16;9900;22;;;9912;13;9915;24;;;9907.5;0.0
av_SUGAR_d8;27900;INTARIAN_PEPPER_ROOT;12915;16;12912;15;;;12921;14;12924;18;;;12918.0;0.0
av_SUGAR_d8;28000;ASH_COATED_OSMIUM;9894;19;9890;17;;;9919;9;9922;29;;;9906.5;0.0
av_SUGAR_d8;28000;INTARIAN_PEPPER_ROOT;12915;21;12911;20;;;12921;15;12925;12;;;12918.0;0.0
av_SUGAR_d8;28100;ASH_COATED_OSMIUM;9904;17;9900;15;;;9910;16;9912;16;;;9907.0;0.0
av_SUGAR_d8;28100;INTARIAN_PEPPER_ROOT;12915;15;12911;25;;;12921;13;12925;20;;;12918.0;0.0
av_SUGAR_d8;28200;ASH_COATED_OSMIUM;9905;7;9903;20;;;9911;13;9913;11;;;9908.0;0.0
av_SUGAR_d8;28200;INTARIAN_PEPPER_ROOT;12916;15;12914;22;;;12922;14;12926;12;;;12919.0;0.0
av_SUGAR_d8;28300;ASH_COATED_OSMIUM;9904;17;9900;13;;;9910;9;9912;18;;;9907.0;0.0
av_SUGAR_d8;28300;INTARIAN_PEPPER_ROOT;12917;7;12913;17;;;12923;16;12925;27;;;12920.0;0.0
av_SUGAR_d8;28400;ASH_COATED_OSMIUM;9904;16;9901;18;;;9910;15;9912;23;;;9907.0;0.0
av_SUGAR_d8;28400;INTARIAN_PEPPER_ROOT;12915;20;12913;34;;;12925;18;12928;23;;;12920.0;0.0
av_SUGAR_d8;28500;ASH_COATED_OSMIUM;9904;15;9902;24;;;9910;10;9913;25;;;9907.0;0.0
av_SUGAR_d8;28500;INTARIAN_PEPPER_ROOT;12918;10;12915;27;;;12924;15;12927;27;;;12921.0;0.0
av_SUGAR_d8;28600;ASH_COATED_OSMIUM;9904;15;9902;18;;;9910;12;9914;24;;;9907.0;0.0
av_SUGAR_d8;28600;INTARIAN_PEPPER_ROOT;12918;15;12915;18;;;12925;19;12929;19;;;12921.5;0.0
av_SUGAR_d8;28700;ASH_COATED_OSMIUM;9904;10;9900;19;;;9910;13;9913;21;;;9907.0;0.0
av_SUGAR_d8;28700;INTARIAN_PEPPER_ROOT;12918;22;12915;19;;;12924;15;12926;17;;;12921.0;0.0
av_SUGAR_d8;28800;ASH_COATED_OSMIUM;9904;18;9900;15;;;9910;5;9912;21;;;9907.0;0.0
av_SUGAR_d8;28800;INTARIAN_PEPPER_ROOT;12919;15;12917;18;;;12925;10;12928;27;;;12922.0;0.0
av_SUGAR_d8;28900;ASH_COATED_OSMIUM;9904;12;9901;11;;;9910;22;9913;15;;;9907.0;0.0
av_SUGAR_d8;28900;INTARIAN_PEPPER_ROOT;12907;18;12905;13;;;12937;10;12940;20;;;12922.0;0.0
av_SUGAR_d8;29000;ASH_COATED_OSMIUM;9904;7;9901;24;;;9910;19;9913;16;;;9907.0;0.0
av_SUGAR_d8;29000;INTARIAN_PEPPER_ROOT;12918;15;12916;15;;;12928;11;12932;28;;;12923.0;0.0
av_SUGAR_d8;29100;ASH_COATED_OSMIUM;9895;16;9893;32;;;9919;16;9922;22;;;9907.0;0.0
av_SUGAR_d8;29100;INTARIAN_PEPPER_ROOT;12918;13;12915;13;;;12928;16;12930;20;;;12923.0;0.0
av_SUGAR_d8;29200;ASH_COATED_OSMIUM;9904;9;9900;21;;;9910;20;9914;23;;;9907.0;0.0
av_SUGAR_d8;29200;INTARIAN_PEPPER_ROOT;12922;21;12918;19;;;12928;20;12930;19;;;12925.0;0.0
av_SUGAR_d8;29300;ASH_COATED_OSMIUM;9904;19;9900;20;;;9911;24;9915;16;;;9907.5;0.0
av_SUGAR_d8;29300;INTARIAN_PEPPER_ROOT;12921;10;12918;13;;;12928;19;12931;16;;;12924.5;0.0
av_SUGAR_d8;29400;ASH_COATED_OSMIUM;9900;24;9897;25;;;9915;19;9917;13;;;9907.5;0.0
av_SUGAR_d8;29400;INTARIAN_PEPPER_ROOT;12922;14;12920;30;;;12928;17;12931;18;;;12925.0;0.0
av_SUGAR_d8;29500;ASH_COATED_OSMIUM;9904;22;9902;18;;;9910;13;9913;17;;;9907.0;0.0
av_SUGAR_d8;29500;INTARIAN_PEPPER_ROOT;12922;12;12918;24;;;12928;10;12931;16;;;12925.0;0.0
av_SUGAR_d8;29600;ASH_COATED_OSMIUM;9904;12;9902;26;;;9910;17;9914;19;;;9907.0;0.0
av_SUGAR_d8;29600;INTARIAN_PEPPER_ROOT;12923;14;12921;18;;;12929;17;12932;21;;;12926.0;0.0
av_SUGAR_d8;29700;ASH_COATED_OSMIUM;9903;10;9899;14;;;9910;12;9913;9;;;9906.5;0.0
av_SUGAR_d8;29700;INTARIAN_PEPPER_ROOT;12915;11;12911;22;;;12938;16;12942;17;;;12926.5;0.0
av_SUGAR_d8;29800;ASH_COATED_OSMIUM;9901;15;9898;17;;;9913;13;9916;23;;;9907.0;0.0
av_SUGAR_d8;29800;INTARIAN_PEPPER_ROOT;12918;15;12914;25;;;12936;20;12940;21;;;12927.0;0.0
av_SUGAR_d8;29900;ASH_COATED_OSMIUM;9901;11;9898;19;;;9915;16;9918;20;;;9908.0;0.0
av_SUGAR_d8;29900;INTARIAN_PEPPER_ROOT;12925;21;12921;14;;;12931;10;12935;24;;;12928.0;0.0
av_SUGAR_d8;30000;ASH_COATED_OSMIUM;9904;15;9902;8;;;9910;7;9912;18;;;9907.0;0.0
av_SUGAR_d8;30000;INTARIAN_PEPPER_ROOT;12925;11;12923;21;;;12931;10;12935;21;;;12928.0;0.0
av_SUGAR_d8;30100;ASH_COATED_OSMIUM;9900;16;9897;21;;;9914;10;9917;18;;;9907.0;0.0
av_SUGAR_d8;30100;INTARIAN_PEPPER_ROOT;12925;10;12922;24;;;12931;13;12934;13;;;12928.0;0.0
av_SUGAR_d8;30200;ASH_COATED_OSMIUM;9904;12;9901;24;;;9911;30;9913;20;;;9907.5;0.0
av_SUGAR_d8;30200;INTARIAN_PEPPER_ROOT;12921;13;12919;14;;;12936;16;12938;12;;;12928.5;0.0
av_SUGAR_d8;30300;ASH_COATED_OSMIUM;9904;8;9900;24;;;9910;16;9913;23;;;9907.0;0.0
av_SUGAR_d8;30300;INTARIAN_PEPPER_ROOT;12927;14;12924;25;;;12933;16;12935;14;;;12930.0;0.0
av_SUGAR_d8;30400;ASH_COATED_OSMIUM;9904;14;9900;17;;;9911;13;9913;18;;;9907.5;0.0
av_SUGAR_d8;30400;INTARIAN_PEPPER_ROOT;12927;11;12924;11;;;12933;16;12935;18;;;12930.0;0.0
av_SUGAR_d8;30500;ASH_COATED_OSMIUM;9904;20;9901;14;;;9911;9;9915;11;;;9907.5;0.0
av_SUGAR_d8;30500;INTARIAN_PEPPER_ROOT;12927;16;12925;22;;;12933;12;12935;17;;;12930.0;0.0
av_SUGAR_d8;30600;ASH_COATED_OSMIUM;9904;16;9901;32;;;9910;17;9914;19;;;9907.0;0.0
av_SUGAR_d8;30600;INTARIAN_PEPPER_ROOT;12922;12;12920;27;;;12940;18;12942;18;;;12931.0;0.0
av_SUGAR_d8;30700;ASH_COATED_OSMIUM;9905;12;9901;19;;;9911;17;9915;22;;;9908.0;0.0
av_SUGAR_d8;30700;INTARIAN_PEPPER_ROOT;12923;15;12919;17;;;12940;22;12942;18;;;12931.5;0.0
av_SUGAR_d8;30800;ASH_COATED_OSMIUM;9904;14;9901;29;;;9910;22;9912;25;;;9907.0;0.0
av_SUGAR_d8;30800;INTARIAN_PEPPER_ROOT;12924;15;12921;18;;;12939;14;12942;21;;;12931.5;0.0
av_SUGAR_d8;30900;ASH_COATED_OSMIUM;9892;14;9890;9;;;9922;16;9925;13;;;9907.0;0.0
av_SUGAR_d8;30900;INTARIAN_PEPPER_ROOT;12924;21;12920;27;;;12940;12;12943;9;;;12932.0;0.0
av_SUGAR_d8;31000;ASH_COATED_OSMIUM;9895;10;9891;27;;;9920;13;9924;23;;;9907.5;0.0
av_SUGAR_d8;31000;INTARIAN_PEPPER_ROOT;12931;5;12927;18;;;12937;14;12940;28;;;12934.0;0.0
av_SUGAR_d8;31100;ASH_COATED_OSMIUM;9904;16;9902;19;;;9910;13;9913;13;;;9907.0;0.0
av_SUGAR_d8;31100;INTARIAN_PEPPER_ROOT;12924;18;12921;23;;;12944;8;12947;21;;;12934.0;0.0
av_SUGAR_d8;31200;ASH_COATED_OSMIUM;9897;21;9895;16;;;9918;22;9920;26;;;9907.5;0.0
av_SUGAR_d8;31200;INTARIAN_PEPPER_ROOT;12931;15;12928;22;;;12937;7;12939;12;;;12934.0;0.0
av_SUGAR_d8;31300;ASH_COATED_OSMIUM;9904;13;9900;10;;;9910;12;9912;27;;;9907.0;0.0
av_SUGAR_d8;31300;INTARIAN_PEPPER_ROOT;12926;5;12923;22;;;12943;6;12945;23;;;12934.5;0.0
av_SUGAR_d8;31400;ASH_COATED_OSMIUM;9903;17;9900;14;;;9910;18;9913;18;;;9906.5;0.0
av_SUGAR_d8;31400;INTARIAN_PEPPER_ROOT;12932;20;12928;20;;;12938;13;12940;11;;;12935.0;0.0
av_SUGAR_d8;31500;ASH_COATED_OSMIUM;9904;8;9901;18;;;9910;8;9912;22;;;9907.0;0.0
av_SUGAR_d8;31500;INTARIAN_PEPPER_ROOT;12933;17;12930;22;;;12939;12;12941;16;;;12936.0;0.0
av_SUGAR_d8;31600;ASH_COATED_OSMIUM;9894;18;9892;27;;;9921;17;9923;14;;;9907.5;0.0
av_SUGAR_d8;31600;INTARIAN_PEPPER_ROOT;12933;13;12931;22;;;12939;12;12942;15;;;12936.0;0.0
av_SUGAR_d8;31700;ASH_COATED_OSMIUM;9897;25;9895;26;;;9917;14;9921;17;;;9907.0;0.0
av_SUGAR_d8;31700;INTARIAN_PEPPER_ROOT;12933;17;12929;20;;;12940;5;12943;31;;;12936.5;0.0
av_SUGAR_d8;31800;ASH_COATED_OSMIUM;9896;13;9894;19;;;9919;14;9921;22;;;9907.5;0.0
av_SUGAR_d8;31800;INTARIAN_PEPPER_ROOT;12934;12;12932;21;;;12940;15;12942;26;;;12937.0;0.0
av_SUGAR_d8;31900;ASH_COATED_OSMIUM;9903;8;9899;18;;;9912;15;9916;25;;;9907.5;0.0
av_SUGAR_d8;31900;INTARIAN_PEPPER_ROOT;12934;19;12930;26;;;12940;9;12944;15;;;12937.0;0.0
av_SUGAR_d8;32000;ASH_COATED_OSMIUM;9904;14;9902;23;;;9910;14;9912;11;;;9907.0;0.0
av_SUGAR_d8;32000;INTARIAN_PEPPER_ROOT;12931;8;12929;18;;;12944;8;12947;16;;;12937.5;0.0
av_SUGAR_d8;32100;ASH_COATED_OSMIUM;9904;18;9902;20;;;9911;18;9913;16;;;9907.5;0.0
av_SUGAR_d8;32100;INTARIAN_PEPPER_ROOT;12935;24;12933;23;;;12941;15;12944;20;;;12938.0;0.0
av_SUGAR_d8;32200;ASH_COATED_OSMIUM;9904;18;9900;19;;;9910;11;9914;20;;;9907.0;0.0
av_SUGAR_d8;32200;INTARIAN_PEPPER_ROOT;12931;11;12928;22;;;12946;18;12950;19;;;12938.5;0.0
av_SUGAR_d8;32300;ASH_COATED_OSMIUM;9904;14;9900;23;;;9910;25;9912;19;;;9907.0;0.0
av_SUGAR_d8;32300;INTARIAN_PEPPER_ROOT;12937;12;12934;19;;;12943;20;12945;14;;;12940.0;0.0
av_SUGAR_d8;32400;ASH_COATED_OSMIUM;9904;11;9901;23;;;9912;26;9916;26;;;9908.0;0.0
av_SUGAR_d8;32400;INTARIAN_PEPPER_ROOT;12937;21;12933;20;;;12943;5;12945;24;;;12940.0;0.0
av_SUGAR_d8;32500;ASH_COATED_OSMIUM;9904;19;9902;16;;;9911;14;9913;16;;;9907.5;0.0
av_SUGAR_d8;32500;INTARIAN_PEPPER_ROOT;12937;23;12933;14;;;12943;15;12945;19;;;12940.0;0.0
av_SUGAR_d8;32600;ASH_COATED_OSMIUM;9905;6;9902;13;;;9911;7;9915;23;;;9908.0;0.0
av_SUGAR_d8;32600;INTARIAN_PEPPER_ROOT;12934;23;12930;18;;;12947;22;12951;21;;;12940.5;0.0
av_SUGAR_d8;32700;ASH_COATED_OSMIUM;9905;9;9903;19;;;9911;5;9913;18;;;9908.0;0.0
av_SUGAR_d8;32700;INTARIAN_PEPPER_ROOT;12935;6;12933;16;;;12947;17;12949;22;;;12941.0;0.0
av_SUGAR_d8;32800;ASH_COATED_OSMIUM;9901;12;9898;22;;;9912;5;9914;22;;;9906.5;0.0
av_SUGAR_d8;32800;INTARIAN_PEPPER_ROOT;12939;11;12937;31;;;12945;11;12948;17;;;12942.0;0.0
av_SUGAR_d8;32900;ASH_COATED_OSMIUM;9900;16;9897;20;;;9915;18;9919;15;;;9907.5;0.0
av_SUGAR_d8;32900;INTARIAN_PEPPER_ROOT;12936;13;12933;21;;;12949;5;12951;24;;;12942.5;0.0
av_SUGAR_d8;33000;ASH_COATED_OSMIUM;9902;10;9900;25;;;9914;6;9916;17;;;9908.0;0.0
av_SUGAR_d8;33000;INTARIAN_PEPPER_ROOT;12932;10;12929;16;;;12952;14;12954;16;;;12942.0;0.0
av_SUGAR_d8;33100;ASH_COATED_OSMIUM;9905;12;9901;22;;;9911;23;9913;18;;;9908.0;0.0
av_SUGAR_d8;33100;INTARIAN_PEPPER_ROOT;12941;15;12938;22;;;12947;9;12950;14;;;12944.0;0.0
av_SUGAR_d8;33200;ASH_COATED_OSMIUM;9898;16;9894;24;;;9917;12;9921;20;;;9907.5;0.0
av_SUGAR_d8;33200;INTARIAN_PEPPER_ROOT;12941;15;12938;26;;;12947;13;12950;26;;;12944.0;0.0
av_SUGAR_d8;33300;ASH_COATED_OSMIUM;9905;20;9901;24;;;9911;16;9913;14;;;9908.0;0.0
av_SUGAR_d8;33300;INTARIAN_PEPPER_ROOT;12942;8;12939;24;;;12948;16;12951;24;;;12945.0;0.0
av_SUGAR_d8;33400;ASH_COATED_OSMIUM;9896;13;9893;20;;;9919;8;9922;21;;;9907.5;0.0
av_SUGAR_d8;33400;INTARIAN_PEPPER_ROOT;12942;11;12938;26;;;12948;11;12950;18;;;12945.0;0.0
av_SUGAR_d8;33500;ASH_COATED_OSMIUM;9901;16;9897;25;;;9914;19;9917;12;;;9907.5;0.0
av_SUGAR_d8;33500;INTARIAN_PEPPER_ROOT;12942;18;12940;14;;;12948;10;12952;17;;;12945.0;0.0
av_SUGAR_d8;33600;ASH_COATED_OSMIUM;9897;9;9893;31;;;9918;14;9920;15;;;9907.5;0.0
av_SUGAR_d8;33600;INTARIAN_PEPPER_ROOT;12943;5;12941;22;;;12950;16;12952;22;;;12946.5;0.0
av_SUGAR_d8;33700;ASH_COATED_OSMIUM;9904;12;9902;23;;;9910;15;9914;17;;;9907.0;0.0
av_SUGAR_d8;33700;INTARIAN_PEPPER_ROOT;12938;16;12936;19;;;12955;8;12958;19;;;12946.5;0.0
av_SUGAR_d8;33800;ASH_COATED_OSMIUM;9904;14;9901;18;;;9910;16;9912;20;;;9907.0;0.0
av_SUGAR_d8;33800;INTARIAN_PEPPER_ROOT;12944;17;12942;28;;;12950;17;12952;31;;;12947.0;0.0
av_SUGAR_d8;33900;ASH_COATED_OSMIUM;9902;24;9900;17;;;9913;21;9917;25;;;9907.5;0.0
av_SUGAR_d8;33900;INTARIAN_PEPPER_ROOT;12942;5;12938;16;;;12952;25;12956;20;;;12947.0;0.0
av_SUGAR_d8;34000;ASH_COATED_OSMIUM;9896;22;9893;24;;;9919;5;9923;28;;;9907.5;0.0
av_SUGAR_d8;34000;INTARIAN_PEPPER_ROOT;12943;5;12941;12;;;12949;17;12953;17;;;12946.0;0.0
av_SUGAR_d8;34100;ASH_COATED_OSMIUM;9904;9;9902;15;;;9910;13;9914;27;;;9907.0;0.0
av_SUGAR_d8;34100;INTARIAN_PEPPER_ROOT;12933;17;12930;20;;;12955;18;12959;21;;;12944.0;0.0
av_SUGAR_d8;34200;ASH_COATED_OSMIUM;9904;7;9902;26;;;9912;11;9916;21;;;9908.0;0.0
av_SUGAR_d8;34200;INTARIAN_PEPPER_ROOT;12939;18;12936;26;;;12945;14;12948;25;;;12942.0;0.0
av_SUGAR_d8;34300;ASH_COATED_OSMIUM;9905;15;9902;20;;;9911;12;9913;29;;;9908.0;0.0
av_SUGAR_d8;34300;INTARIAN_PEPPER_ROOT;12937;16;12934;30;;;12943;6;12945;18;;;12940.0;0.0
av_SUGAR_d8;34400;ASH_COATED_OSMIUM;9903;13;9900;17;;;9911;8;9914;9;;;9907.0;0.0
av_SUGAR_d8;34400;INTARIAN_PEPPER_ROOT;12932;18;12928;19;;;12945;10;12948;14;;;12938.5;0.0
av_SUGAR_d8;34500;ASH_COATED_OSMIUM;9904;20;9902;12;;;9911;15;9914;10;;;9907.5;0.0
av_SUGAR_d8;34500;INTARIAN_PEPPER_ROOT;12932;9;12928;21;;;12942;15;12945;22;;;12937.0;0.0
av_SUGAR_d8;34600;ASH_COATED_OSMIUM;9900;15;9896;23;;;9914;9;9916;24;;;9907.0;0.0
av_SUGAR_d8;34600;INTARIAN_PEPPER_ROOT;12932;23;12928;20;;;12938;12;12940;12;;;12935.0;0.0
av_SUGAR_d8;34700;ASH_COATED_OSMIUM;9904;9;9900;25;;;9910;5;9914;14;;;9907.0;0.0
av_SUGAR_d8;34700;INTARIAN_PEPPER_ROOT;12930;15;12927;20;;;12936;10;12939;22;;;12933.0;0.0
av_SUGAR_d8;34800;ASH_COATED_OSMIUM;9905;21;9901;19;;;9911;16;9915;16;;;9908.0;0.0
av_SUGAR_d8;34800;INTARIAN_PEPPER_ROOT;12929;17;12926;13;;;12935;17;12938;22;;;12932.0;0.0
av_SUGAR_d8;34900;ASH_COATED_OSMIUM;9903;21;9899;19;;;9912;12;9914;28;;;9907.5;0.0
av_SUGAR_d8;34900;INTARIAN_PEPPER_ROOT;12927;18;12924;10;;;12933;13;12935;22;;;12930.0;0.0
av_SUGAR_d8;35000;ASH_COATED_OSMIUM;9905;5;9901;20;;;9911;10;9914;18;;;9908.0;0.0
av_SUGAR_d8;35000;INTARIAN_PEPPER_ROOT;12925;7;12922;19;;;12931;15;12933;20;;;12928.0;0.0
av_SUGAR_d8;35100;ASH_COATED_OSMIUM;9904;8;9900;28;;;9910;18;9914;18;;;9907.0;0.0
av_SUGAR_d8;35100;INTARIAN_PEPPER_ROOT;12923;18;12920;15;;;12929;8;12931;24;;;12926.0;0.0
av_SUGAR_d8;35200;ASH_COATED_OSMIUM;9904;9;9900;15;;;9910;23;9914;22;;;9907.0;0.0
av_SUGAR_d8;35200;INTARIAN_PEPPER_ROOT;12921;14;12919;17;;;12927;17;12929;22;;;12924.0;0.0
av_SUGAR_d8;35300;ASH_COATED_OSMIUM;9904;11;9902;16;;;9910;14;9914;9;;;9907.0;0.0
av_SUGAR_d8;35300;INTARIAN_PEPPER_ROOT;12919;21;12917;24;;;12925;7;12929;30;;;12922.0;0.0
av_SUGAR_d8;35400;ASH_COATED_OSMIUM;9904;17;9902;12;;;9910;19;9914;25;;;9907.0;0.0
av_SUGAR_d8;35400;INTARIAN_PEPPER_ROOT;12918;21;12915;24;;;12924;5;12926;24;;;12921.0;0.0
av_SUGAR_d8;35500;ASH_COATED_OSMIUM;9901;25;9897;31;;;9913;5;9916;13;;;9907.0;0.0
av_SUGAR_d8;35500;INTARIAN_PEPPER_ROOT;12917;5;12913;10;;;12923;18;12926;30;;;12920.0;0.0
av_SUGAR_d8;35600;ASH_COATED_OSMIUM;9905;12;9903;13;;;9911;14;9915;16;;;9908.0;0.0
av_SUGAR_d8;35600;INTARIAN_PEPPER_ROOT;12909;18;12907;18;;;12925;12;12928;19;;;12917.0;0.0
av_SUGAR_d8;35700;ASH_COATED_OSMIUM;9904;22;9902;21;;;9910;12;9912;17;;;9907.0;0.0
av_SUGAR_d8;35700;INTARIAN_PEPPER_ROOT;12913;9;12909;16;;;12919;26;12921;19;;;12916.0;0.0
av_SUGAR_d8;35800;ASH_COATED_OSMIUM;9904;12;9900;12;;;9912;17;9914;19;;;9908.0;0.0
av_SUGAR_d8;35800;INTARIAN_PEPPER_ROOT;12911;22;12909;12;;;12918;14;12920;19;;;12914.5;0.0
av_SUGAR_d8;35900;ASH_COATED_OSMIUM;9900;9;9897;17;;;9913;18;9916;18;;;9906.5;0.0
av_SUGAR_d8;35900;INTARIAN_PEPPER_ROOT;12910;17;12906;25;;;12916;18;12918;19;;;12913.0;0.0
av_SUGAR_d8;36000;ASH_COATED_OSMIUM;9902;10;9899;22;;;9912;11;9914;26;;;9907.0;0.0
av_SUGAR_d8;36000;INTARIAN_PEPPER_ROOT;12907;11;12904;24;;;12914;14;12918;15;;;12910.5;0.0
av_SUGAR_d8;36100;ASH_COATED_OSMIUM;9904;15;9901;23;;;9910;9;9914;23;;;9907.0;0.0
av_SUGAR_d8;36100;INTARIAN_PEPPER_ROOT;12904;11;12902;18;;;12915;9;12918;20;;;12909.5;0.0
av_SUGAR_d8;36200;ASH_COATED_OSMIUM;9904;16;9902;16;;;9910;17;9914;26;;;9907.0;0.0
av_SUGAR_d8;36200;INTARIAN_PEPPER_ROOT;12901;16;12898;31;;;12913;13;12916;18;;;12907.0;0.0
av_SUGAR_d8;36300;ASH_COATED_OSMIUM;9904;12;9900;13;;;9910;24;9912;22;;;9907.0;0.0
av_SUGAR_d8;36300;INTARIAN_PEPPER_ROOT;12901;12;12898;16;;;12909;10;12911;15;;;12905.0;0.0
av_SUGAR_d8;36400;ASH_COATED_OSMIUM;9905;16;9903;18;;;9911;21;9913;20;;;9908.0;0.0
av_SUGAR_d8;36400;INTARIAN_PEPPER_ROOT;12901;19;12898;21;;;12907;11;12911;14;;;12904.0;0.0
av_SUGAR_d8;36500;ASH_COATED_OSMIUM;9880;20;9877;24;;;9935;13;9939;22;;;9907.5;0.0
av_SUGAR_d8;36500;INTARIAN_PEPPER_ROOT;12898;11;12896;18;;;12906;6;12910;28;;;12902.0;0.0
av_SUGAR_d8;36600;ASH_COATED_OSMIUM;9904;11;9902;26;;;9910;17;9913;15;;;9907.0;0.0
av_SUGAR_d8;36600;INTARIAN_PEPPER_ROOT;12898;12;12894;16;;;12904;8;12906;20;;;12901.0;0.0
av_SUGAR_d8;36700;ASH_COATED_OSMIUM;9893;13;9891;15;;;9921;16;9923;20;;;9907.0;0.0
av_SUGAR_d8;36700;INTARIAN_PEPPER_ROOT;12895;13;12893;19;;;12901;9;12903;22;;;12898.0;0.0
av_SUGAR_d8;36800;ASH_COATED_OSMIUM;9903;21;9899;21;;;9909;8;9913;16;;;9906.0;0.0
av_SUGAR_d8;36800;INTARIAN_PEPPER_ROOT;12894;22;12891;23;;;12900;12;12904;19;;;12897.0;0.0
av_SUGAR_d8;36900;ASH_COATED_OSMIUM;9899;17;9896;19;;;9916;16;9918;13;;;9907.5;0.0
av_SUGAR_d8;36900;INTARIAN_PEPPER_ROOT;12890;16;12888;19;;;12900;15;12903;24;;;12895.0;0.0
av_SUGAR_d8;37000;ASH_COATED_OSMIUM;9883;21;9879;25;;;9929;19;9931;27;;;9906.0;0.0
av_SUGAR_d8;37000;INTARIAN_PEPPER_ROOT;12888;12;12885;27;;;12899;13;12901;20;;;12893.5;0.0
av_SUGAR_d8;37100;ASH_COATED_OSMIUM;9902;23;9900;15;;;9910;10;9913;27;;;9906.0;0.0
av_SUGAR_d8;37100;INTARIAN_PEPPER_ROOT;12888;11;12884;28;;;12895;22;12898;23;;;12891.5;0.0
av_SUGAR_d8;37200;ASH_COATED_OSMIUM;9904;16;9901;21;;;9910;5;9912;19;;;9907.0;0.0
av_SUGAR_d8;37200;INTARIAN_PEPPER_ROOT;12884;21;12881;26;;;12896;6;12898;22;;;12890.0;0.0
av_SUGAR_d8;37300;ASH_COATED_OSMIUM;9904;14;9901;20;;;9910;15;9913;30;;;9907.0;0.0
av_SUGAR_d8;37300;INTARIAN_PEPPER_ROOT;12884;15;12880;21;;;12893;16;12895;17;;;12888.5;0.0
av_SUGAR_d8;37400;ASH_COATED_OSMIUM;9904;11;9901;14;;;9910;14;9913;23;;;9907.0;0.0
av_SUGAR_d8;37400;INTARIAN_PEPPER_ROOT;12882;13;12880;14;;;12890;17;12894;20;;;12886.0;0.0
av_SUGAR_d8;37500;ASH_COATED_OSMIUM;9904;13;9901;21;;;9910;9;9912;18;;;9907.0;0.0
av_SUGAR_d8;37500;INTARIAN_PEPPER_ROOT;12881;10;12877;21;;;12887;20;12890;18;;;12884.0;0.0
av_SUGAR_d8;37600;ASH_COATED_OSMIUM;9904;5;9902;21;;;9910;8;9912;18;;;9907.0;0.0
av_SUGAR_d8;37600;INTARIAN_PEPPER_ROOT;12880;9;12876;26;;;12886;21;12888;28;;;12883.0;0.0
av_SUGAR_d8;37700;ASH_COATED_OSMIUM;9899;17;9897;16;;;9915;13;9918;24;;;9907.0;0.0
av_SUGAR_d8;37700;INTARIAN_PEPPER_ROOT;12878;17;12875;25;;;12884;17;12887;17;;;12881.0;0.0
av_SUGAR_d8;37800;ASH_COATED_OSMIUM;9904;15;9901;18;;;9910;16;9913;16;;;9907.0;0.0
av_SUGAR_d8;37800;INTARIAN_PEPPER_ROOT;12877;13;12874;35;;;12883;7;12887;20;;;12880.0;0.0
av_SUGAR_d8;37900;ASH_COATED_OSMIUM;9903;22;9901;12;;;9909;14;9912;23;;;9906.0;0.0
av_SUGAR_d8;37900;INTARIAN_PEPPER_ROOT;12875;10;12871;21;;;12881;10;12883;16;;;12878.0;0.0
av_SUGAR_d8;38000;ASH_COATED_OSMIUM;9896;19;9893;25;;;9917;25;9919;19;;;9906.5;0.0
av_SUGAR_d8;38000;INTARIAN_PEPPER_ROOT;12873;18;12871;18;;;12879;15;12883;24;;;12876.0;0.0
av_SUGAR_d8;38100;ASH_COATED_OSMIUM;9903;9;9900;25;;;9909;13;9911;25;;;9906.0;0.0
av_SUGAR_d8;38100;INTARIAN_PEPPER_ROOT;12871;23;12868;22;;;12877;20;12879;16;;;12874.0;0.0
av_SUGAR_d8;38200;ASH_COATED_OSMIUM;9903;12;9899;13;;;9910;26;9914;21;;;9906.5;0.0
av_SUGAR_d8;38200;INTARIAN_PEPPER_ROOT;12869;22;12865;23;;;12875;12;12878;15;;;12872.0;0.0
av_SUGAR_d8;38300;ASH_COATED_OSMIUM;9903;30;9901;23;;;9909;19;9912;21;;;9906.0;0.0
av_SUGAR_d8;38300;INTARIAN_PEPPER_ROOT;12861;16;12857;31;;;12879;16;12882;29;;;12870.0;0.0
av_SUGAR_d8;38400;ASH_COATED_OSMIUM;9903;13;9901;17;;;9909;15;9912;26;;;9906.0;0.0
av_SUGAR_d8;38400;INTARIAN_PEPPER_ROOT;12851;21;12849;17;;;12888;16;12890;20;;;12869.5;0.0
av_SUGAR_d8;38500;ASH_COATED_OSMIUM;9903;8;9901;15;;;9909;12;9913;30;;;9906.0;0.0
av_SUGAR_d8;38500;INTARIAN_PEPPER_ROOT;12864;13;12860;29;;;12870;10;12873;15;;;12867.0;0.0
av_SUGAR_d8;38600;ASH_COATED_OSMIUM;9903;24;9899;30;;;9909;6;9911;32;;;9906.0;0.0
av_SUGAR_d8;38600;INTARIAN_PEPPER_ROOT;12863;17;12861;30;;;12869;5;12872;14;;;12866.0;0.0
av_SUGAR_d8;38700;ASH_COATED_OSMIUM;9903;21;9901;29;;;9909;17;9912;11;;;9906.0;0.0
av_SUGAR_d8;38700;INTARIAN_PEPPER_ROOT;12860;13;12858;17;;;12867;10;12869;22;;;12863.5;0.0
av_SUGAR_d8;38800;ASH_COATED_OSMIUM;9903;18;9901;27;;;9909;21;9913;23;;;9906.0;0.0
av_SUGAR_d8;38800;INTARIAN_PEPPER_ROOT;12855;14;12851;18;;;12869;16;12873;16;;;12862.0;0.0
av_SUGAR_d8;38900;ASH_COATED_OSMIUM;9904;21;9901;15;;;9910;12;9912;27;;;9907.0;0.0
av_SUGAR_d8;38900;INTARIAN_PEPPER_ROOT;12857;8;12855;13;;;12863;16;12867;17;;;12860.0;0.0
av_SUGAR_d8;39000;ASH_COATED_OSMIUM;9902;8;9898;21;;;9910;10;9914;19;;;9906.0;0.0
av_SUGAR_d8;39000;INTARIAN_PEPPER_ROOT;12855;17;12853;18;;;12861;10;12863;15;;;12858.0;0.0
av_SUGAR_d8;39100;ASH_COATED_OSMIUM;9902;16;9900;22;;;9911;7;9913;22;;;9906.5;0.0
av_SUGAR_d8;39100;INTARIAN_PEPPER_ROOT;12845;9;12843;17;;;12867;11;12869;18;;;12856.0;0.0
av_SUGAR_d8;39200;ASH_COATED_OSMIUM;9904;16;9900;18;;;9910;7;9912;26;;;9907.0;0.0
av_SUGAR_d8;39200;INTARIAN_PEPPER_ROOT;12851;9;12848;16;;;12859;12;12863;17;;;12855.0;0.0
av_SUGAR_d8;39300;ASH_COATED_OSMIUM;9903;11;9899;22;;;9909;19;9913;18;;;9906.0;0.0
av_SUGAR_d8;39300;INTARIAN_PEPPER_ROOT;12850;18;12846;16;;;12856;12;12859;20;;;12853.0;0.0
av_SUGAR_d8;39400;ASH_COATED_OSMIUM;9902;19;9899;21;;;9911;14;9915;9;;;9906.5;0.0
av_SUGAR_d8;39400;INTARIAN_PEPPER_ROOT;12847;10;12844;16;;;12856;7;12858;18;;;12851.5;0.0
av_SUGAR_d8;39500;ASH_COATED_OSMIUM;9903;16;9899;21;;;9909;16;9911;27;;;9906.0;0.0
av_SUGAR_d8;39500;INTARIAN_PEPPER_ROOT;12847;11;12844;11;;;12853;8;12857;18;;;12850.0;0.0
av_SUGAR_d8;39600;ASH_COATED_OSMIUM;9899;26;9896;19;;;9914;14;9918;21;;;9906.5;0.0
av_SUGAR_d8;39600;INTARIAN_PEPPER_ROOT;12842;13;12838;21;;;12854;7;12856;21;;;12848.0;0.0
av_SUGAR_d8;39700;ASH_COATED_OSMIUM;9901;13;9898;9;;;9912;13;9916;12;;;9906.5;0.0
av_SUGAR_d8;39700;INTARIAN_PEPPER_ROOT;12842;9;12840;25;;;12850;15;12852;19;;;12846.0;0.0
av_SUGAR_d8;39800;ASH_COATED_OSMIUM;9901;11;9899;21;;;9911;18;9913;22;;;9906.0;0.0
av_SUGAR_d8;39800;INTARIAN_PEPPER_ROOT;12841;20;12837;18;;;12847;20;12850;27;;;12844.0;0.0
av_SUGAR_d8;39900;ASH_COATED_OSMIUM;9903;14;9899;12;;;9909;6;9913;25;;;9906.0;0.0
av_SUGAR_d8;39900;INTARIAN_PEPPER_ROOT;12840;14;12838;27;;;12846;12;12849;25;;;12843.0;0.0
av_SUGAR_d8;40000;ASH_COATED_OSMIUM;9904;24;9901;19;;;9910;21;9914;14;;;9907.0;0.0
av_SUGAR_d8;40000;INTARIAN_PEPPER_ROOT;12838;9;12836;24;;;12844;16;12846;23;;;12841.0;0.0
av_SUGAR_d8;40100;ASH_COATED_OSMIUM;9893;16;9890;19;;;9920;5;9922;20;;;9906.5;0.0
av_SUGAR_d8;40100;INTARIAN_PEPPER_ROOT;12836;16;12834;12;;;12844;11;12847;13;;;12840.0;0.0
av_SUGAR_d8;40200;ASH_COATED_OSMIUM;9903;9;9899;15;;;9909;10;9911;16;;;9906.0;0.0
av_SUGAR_d8;40200;INTARIAN_PEPPER_ROOT;12834;16;12832;11;;;12840;13;12844;22;;;12837.0;0.0
av_SUGAR_d8;40300;ASH_COATED_OSMIUM;9903;21;9899;14;;;9909;7;9913;20;;;9906.0;0.0
av_SUGAR_d8;40300;INTARIAN_PEPPER_ROOT;12825;23;12822;16;;;12846;26;12850;25;;;12835.5;0.0
av_SUGAR_d8;40400;ASH_COATED_OSMIUM;9903;14;9901;12;;;9909;7;9912;17;;;9906.0;0.0
av_SUGAR_d8;40400;INTARIAN_PEPPER_ROOT;12831;26;12827;18;;;12837;19;12839;20;;;12834.0;0.0
av_SUGAR_d8;40500;ASH_COATED_OSMIUM;9903;16;9899;25;;;9909;15;9911;12;;;9906.0;0.0
av_SUGAR_d8;40500;INTARIAN_PEPPER_ROOT;12830;9;12826;23;;;12836;5;12840;23;;;12833.0;0.0
av_SUGAR_d8;40600;ASH_COATED_OSMIUM;9901;11;9898;24;;;9911;12;9913;12;;;9906.0;0.0
av_SUGAR_d8;40600;INTARIAN_PEPPER_ROOT;12824;21;12822;18;;;12838;11;12840;21;;;12831.0;0.0
av_SUGAR_d8;40700;ASH_COATED_OSMIUM;9904;18;9900;18;;;9910;20;9914;27;;;9907.0;0.0
av_SUGAR_d8;40700;INTARIAN_PEPPER_ROOT;12826;13;12824;24;;;12832;19;12835;13;;;12829.0;0.0
av_SUGAR_d8;40800;ASH_COATED_OSMIUM;9903;20;9900;26;;;9909;11;9913;10;;;9906.0;0.0
av_SUGAR_d8;40800;INTARIAN_PEPPER_ROOT;12824;15;12820;24;;;12830;15;12833;15;;;12827.0;0.0
av_SUGAR_d8;40900;ASH_COATED_OSMIUM;9903;19;9900;14;;;9909;17;9912;16;;;9906.0;0.0
av_SUGAR_d8;40900;INTARIAN_PEPPER_ROOT;12823;18;12820;16;;;12829;29;12832;18;;;12826.0;0.0
av_SUGAR_d8;41000;ASH_COATED_OSMIUM;9902;14;9899;21;;;9910;14;9912;18;;;9906.0;0.0
av_SUGAR_d8;41000;INTARIAN_PEPPER_ROOT;12820;18;12818;21;;;12826;11;12829;16;;;12823.0;0.0
av_SUGAR_d8;41100;ASH_COATED_OSMIUM;9902;14;9899;14;;;9908;9;9912;27;;;9905.0;0.0
av_SUGAR_d8;41100;INTARIAN_PEPPER_ROOT;12819;7;12817;20;;;12825;11;12827;18;;;12822.0;0.0
av_SUGAR_d8;41200;ASH_COATED_OSMIUM;9900;24;9898;10;;;9912;13;9914;23;;;9906.0;0.0
av_SUGAR_d8;41200;INTARIAN_PEPPER_ROOT;12818;9;12815;21;;;12824;18;12827;16;;;12821.0;0.0
av_SUGAR_d8;41300;ASH_COATED_OSMIUM;9903;16;9899;14;;;9909;11;9913;22;;;9906.0;0.0
av_SUGAR_d8;41300;INTARIAN_PEPPER_ROOT;12815;15;12813;14;;;12821;19;12824;20;;;12818.0;0.0
av_SUGAR_d8;41400;ASH_COATED_OSMIUM;9903;19;9901;16;;;9909;22;9913;16;;;9906.0;0.0
av_SUGAR_d8;41400;INTARIAN_PEPPER_ROOT;12809;7;12806;20;;;12824;12;12828;15;;;12816.5;0.0
av_SUGAR_d8;41500;ASH_COATED_OSMIUM;9903;30;9899;14;;;9909;14;9911;19;;;9906.0;0.0
av_SUGAR_d8;41500;INTARIAN_PEPPER_ROOT;12807;24;12804;25;;;12823;17;12827;18;;;12815.0;0.0
av_SUGAR_d8;41600;ASH_COATED_OSMIUM;9903;9;9901;21;;;9909;13;9911;16;;;9906.0;0.0
av_SUGAR_d8;41600;INTARIAN_PEPPER_ROOT;12809;6;12807;17;;;12815;19;12818;24;;;12812.0;0.0
av_SUGAR_d8;41700;ASH_COATED_OSMIUM;9903;16;9899;12;;;9909;10;9912;13;;;9906.0;0.0
av_SUGAR_d8;41700;INTARIAN_PEPPER_ROOT;12809;19;12805;18;;;12815;23;12818;19;;;12812.0;0.0
av_SUGAR_d8;41800;ASH_COATED_OSMIUM;9903;18;9899;21;;;9909;13;9911;21;;;9906.0;0.0
av_SUGAR_d8;41800;INTARIAN_PEPPER_ROOT;12791;5;12787;13;;;12829;14;12832;17;;;12810.0;0.0
av_SUGAR_d8;41900;ASH_COATED_OSMIUM;9902;22;9900;19;;;9908;18;9912;18;;;9905.0;0.0
av_SUGAR_d8;41900;INTARIAN_PEPPER_ROOT;12805;15;12802;17;;;12811;7;12813;18;;;12808.0;0.0
av_SUGAR_d8;42000;ASH_COATED_OSMIUM;9895;5;9892;20;;;9916;7;9919;14;;;9905.5;0.0
av_SUGAR_d8;42000;INTARIAN_PEPPER_ROOT;12803;5;12800;17;;;12809;16;12811;16;;;12806.0;0.0
av_SUGAR_d8;42100;ASH_COATED_OSMIUM;9901;15;9897;16;;;9910;12;9914;22;;;9905.5;0.0
av_SUGAR_d8;42100;INTARIAN_PEPPER_ROOT;12802;17;12800;18;;;12808;17;12810;24;;;12805.0;0.0
av_SUGAR_d8;42200;ASH_COATED_OSMIUM;9898;14;9895;18;;;9913;13;9916;22;;;9905.5;0.0
av_SUGAR_d8;42200;INTARIAN_PEPPER_ROOT;12800;13;12797;22;;;12806;10;12810;21;;;12803.0;0.0
av_SUGAR_d8;42300;ASH_COATED_OSMIUM;9903;9;9899;28;;;9909;17;9913;18;;;9906.0;0.0
av_SUGAR_d8;42300;INTARIAN_PEPPER_ROOT;12794;20;12791;20;;;12807;10;12809;22;;;12800.5;0.0
av_SUGAR_d8;42400;ASH_COATED_OSMIUM;9903;14;9901;24;;;9910;11;9913;25;;;9906.5;0.0
av_SUGAR_d8;42400;INTARIAN_PEPPER_ROOT;12797;12;12793;22;;;12803;15;12807;25;;;12800.0;0.0
av_SUGAR_d8;42500;ASH_COATED_OSMIUM;9884;17;9881;15;;;9927;13;9929;19;;;9905.5;0.0
av_SUGAR_d8;42500;INTARIAN_PEPPER_ROOT;12795;14;12791;17;;;12802;16;12804;18;;;12798.5;0.0
av_SUGAR_d8;42600;ASH_COATED_OSMIUM;9897;13;9895;12;;;9914;12;9917;25;;;9905.5;0.0
av_SUGAR_d8;42600;INTARIAN_PEPPER_ROOT;12793;13;12789;14;;;12799;14;12801;20;;;12796.0;0.0
av_SUGAR_d8;42700;ASH_COATED_OSMIUM;9901;14;9898;26;;;9908;12;9910;25;;;9904.5;0.0
av_SUGAR_d8;42700;INTARIAN_PEPPER_ROOT;12791;10;12788;12;;;12798;14;12801;17;;;12794.5;0.0
av_SUGAR_d8;42800;ASH_COATED_OSMIUM;9897;24;9895;22;;;9914;14;9918;24;;;9905.5;0.0
av_SUGAR_d8;42800;INTARIAN_PEPPER_ROOT;12787;17;12785;16;;;12796;9;12799;8;;;12791.5;0.0
av_SUGAR_d8;42900;ASH_COATED_OSMIUM;9896;10;9892;17;;;9914;17;9916;28;;;9905.0;0.0
av_SUGAR_d8;42900;INTARIAN_PEPPER_ROOT;12787;16;12783;19;;;12793;12;12797;29;;;12790.0;0.0
av_SUGAR_d8;43000;ASH_COATED_OSMIUM;9894;15;9890;15;;;9915;18;9919;24;;;9904.5;0.0
av_SUGAR_d8;43000;INTARIAN_PEPPER_ROOT;12786;9;12782;23;;;12792;20;12794;18;;;12789.0;0.0
av_SUGAR_d8;43100;ASH_COATED_OSMIUM;9900;12;9897;22;;;9911;10;9913;17;;;9905.5;0.0
av_SUGAR_d8;43100;INTARIAN_PEPPER_ROOT;12780;18;12776;16;;;12793;16;12795;17;;;12786.5;0.0
av_SUGAR_d8;43200;ASH_COATED_OSMIUM;9902;21;9900;21;;;9908;18;9910;21;;;9905.0;0.0
av_SUGAR_d8;43200;INTARIAN_PEPPER_ROOT;12783;8;12780;25;;;12789;9;12793;24;;;12786.0;0.0
av_SUGAR_d8;43300;ASH_COATED_OSMIUM;9902;12;9899;18;;;9908;11;9912;23;;;9905.0;0.0
av_SUGAR_d8;43300;INTARIAN_PEPPER_ROOT;12778;22;12776;18;;;12789;13;12792;15;;;12783.5;0.0
av_SUGAR_d8;43400;ASH_COATED_OSMIUM;9903;16;9900;26;;;9909;8;9912;25;;;9906.0;0.0
av_SUGAR_d8;43400;INTARIAN_PEPPER_ROOT;12776;19;12774;18;;;12787;19;12791;21;;;12781.5;0.0
av_SUGAR_d8;43500;ASH_COATED_OSMIUM;9897;11;9894;25;;;9914;16;9916;12;;;9905.5;0.0
av_SUGAR_d8;43500;INTARIAN_PEPPER_ROOT;12777;17;12773;20;;;12783;18;12785;19;;;12780.0;0.0
av_SUGAR_d8;43600;ASH_COATED_OSMIUM;9902;5;9900;11;;;9908;8;9912;23;;;9905.0;0.0
av_SUGAR_d8;43600;INTARIAN_PEPPER_ROOT;12776;13;12774;21;;;12782;13;12784;23;;;12779.0;0.0
av_SUGAR_d8;43700;ASH_COATED_OSMIUM;9902;10;9900;17;;;9908;19;9912;19;;;9905.0;0.0
av_SUGAR_d8;43700;INTARIAN_PEPPER_ROOT;12774;10;12770;21;;;12780;13;12784;33;;;12777.0;0.0
av_SUGAR_d8;43800;ASH_COATED_OSMIUM;9902;19;9898;17;;;9908;8;9910;18;;;9905.0;0.0
av_SUGAR_d8;43800;INTARIAN_PEPPER_ROOT;12767;18;12765;23;;;12783;8;12787;28;;;12775.0;0.0
av_SUGAR_d8;43900;ASH_COATED_OSMIUM;9902;14;9899;20;;;9908;11;9912;12;;;9905.0;0.0
av_SUGAR_d8;43900;INTARIAN_PEPPER_ROOT;12770;16;12768;15;;;12776;20;12779;20;;;12773.0;0.0
av_SUGAR_d8;44000;ASH_COATED_OSMIUM;9898;22;9894;9;;;9912;19;9914;12;;;9905.0;0.0
av_SUGAR_d8;44000;INTARIAN_PEPPER_ROOT;12769;17;12766;21;;;12775;16;12777;20;;;12772.0;0.0
av_SUGAR_d8;44100;ASH_COATED_OSMIUM;9902;10;9898;22;;;9908;5;9912;20;;;9905.0;0.0
av_SUGAR_d8;44100;INTARIAN_PEPPER_ROOT;12763;21;12759;25;;;12776;17;12778;19;;;12769.5;0.0
av_SUGAR_d8;44200;ASH_COATED_OSMIUM;9902;15;9899;21;;;9908;20;9912;25;;;9905.0;0.0
av_SUGAR_d8;44200;INTARIAN_PEPPER_ROOT;12765;8;12763;11;;;12771;18;12774;22;;;12768.0;0.0
av_SUGAR_d8;44300;ASH_COATED_OSMIUM;9902;15;9899;16;;;9908;10;9912;14;;;9905.0;0.0
av_SUGAR_d8;44300;INTARIAN_PEPPER_ROOT;12764;16;12760;22;;;12770;6;12774;16;;;12767.0;0.0
av_SUGAR_d8;44400;ASH_COATED_OSMIUM;9902;13;9900;27;;;9908;8;9910;19;;;9905.0;0.0
av_SUGAR_d8;44400;INTARIAN_PEPPER_ROOT;12760;17;12757;18;;;12770;21;12773;20;;;12765.0;0.0
av_SUGAR_d8;44500;ASH_COATED_OSMIUM;9900;16;9896;16;;;9910;18;9912;22;;;9905.0;0.0
av_SUGAR_d8;44500;INTARIAN_PEPPER_ROOT;12760;14;12758;14;;;12766;14;12768;12;;;12763.0;0.0
av_SUGAR_d8;44600;ASH_COATED_OSMIUM;9902;14;9899;21;;;9908;17;9912;35;;;9905.0;0.0
av_SUGAR_d8;44600;INTARIAN_PEPPER_ROOT;12758;21;12756;22;;;12764;12;12766;23;;;12761.0;0.0
av_SUGAR_d8;44700;ASH_COATED_OSMIUM;9902;7;9900;24;;;9908;10;9910;18;;;9905.0;0.0
av_SUGAR_d8;44700;INTARIAN_PEPPER_ROOT;12743;13;12740;18;;;12775;14;12778;18;;;12759.0;0.0
av_SUGAR_d8;44800;ASH_COATED_OSMIUM;9902;8;9898;18;;;9908;15;9911;18;;;9905.0;0.0
av_SUGAR_d8;44800;INTARIAN_PEPPER_ROOT;12741;15;12737;20;;;12774;12;12778;17;;;12757.5;0.0
av_SUGAR_d8;44900;ASH_COATED_OSMIUM;9893;6;9891;20;;;9916;22;9920;22;;;9904.5;0.0
av_SUGAR_d8;44900;INTARIAN_PEPPER_ROOT;12751;7;12748;17;;;12761;9;12764;18;;;12756.0;0.0
av_SUGAR_d8;45000;ASH_COATED_OSMIUM;9902;12;9899;19;;;9908;15;9912;17;;;9905.0;0.0
av_SUGAR_d8;45000;INTARIAN_PEPPER_ROOT;12751;19;12749;22;;;12757;17;12760;28;;;12754.0;0.0
av_SUGAR_d8;45100;ASH_COATED_OSMIUM;9899;17;9896;27;;;9911;13;9913;13;;;9905.0;0.0
av_SUGAR_d8;45100;INTARIAN_PEPPER_ROOT;12748;22;12744;17;;;12756;11;12759;22;;;12752.0;0.0
av_SUGAR_d8;45200;ASH_COATED_OSMIUM;9899;21;9896;17;;;9912;13;9916;15;;;9905.5;0.0
av_SUGAR_d8;45200;INTARIAN_PEPPER_ROOT;12748;22;12744;19;;;12754;15;12756;26;;;12751.0;0.0
av_SUGAR_d8;45300;ASH_COATED_OSMIUM;9902;7;9899;20;;;9908;19;9912;21;;;9905.0;0.0
av_SUGAR_d8;45300;INTARIAN_PEPPER_ROOT;12746;17;12744;25;;;12752;14;12755;21;;;12749.0;0.0
av_SUGAR_d8;45400;ASH_COATED_OSMIUM;9902;14;9899;13;;;9908;19;9912;17;;;9905.0;0.0
av_SUGAR_d8;45400;INTARIAN_PEPPER_ROOT;12744;25;12742;22;;;12750;11;12752;19;;;12747.0;0.0
av_SUGAR_d8;45500;ASH_COATED_OSMIUM;9902;21;9899;15;;;9908;12;9912;22;;;9905.0;0.0
av_SUGAR_d8;45500;INTARIAN_PEPPER_ROOT;12742;13;12738;24;;;12748;18;12751;21;;;12745.0;0.0
av_SUGAR_d8;45600;ASH_COATED_OSMIUM;9902;9;9900;21;;;9908;17;9911;19;;;9905.0;0.0
av_SUGAR_d8;45600;INTARIAN_PEPPER_ROOT;12738;21;12736;22;;;12750;20;12753;9;;;12744.0;0.0
av_SUGAR_d8;45700;ASH_COATED_OSMIUM;9898;15;9894;16;;;9910;16;9912;24;;;9904.0;0.0
av_SUGAR_d8;45700;INTARIAN_PEPPER_ROOT;12737;14;12733;17;;;12746;22;12750;22;;;12741.5;0.0
av_SUGAR_d8;45800;ASH_COATED_OSMIUM;9900;16;9896;15;;;9909;9;9911;10;;;9904.5;0.0
av_SUGAR_d8;45800;INTARIAN_PEPPER_ROOT;12737;19;12734;21;;;12743;5;12747;12;;;12740.0;0.0
av_SUGAR_d8;45900;ASH_COATED_OSMIUM;9900;16;9896;22;;;9911;28;9913;15;;;9905.5;0.0
av_SUGAR_d8;45900;INTARIAN_PEPPER_ROOT;12733;8;12729;21;;;12744;22;12746;29;;;12738.5;0.0
av_SUGAR_d8;46000;ASH_COATED_OSMIUM;9902;20;9898;20;;;9908;10;9912;16;;;9905.0;0.0
av_SUGAR_d8;46000;INTARIAN_PEPPER_ROOT;12733;14;12730;17;;;12741;7;12743;17;;;12737.0;0.0
av_SUGAR_d8;46100;ASH_COATED_OSMIUM;9902;23;9900;15;;;9908;18;9912;20;;;9905.0;0.0
av_SUGAR_d8;46100;INTARIAN_PEPPER_ROOT;12732;11;12728;17;;;12738;8;12741;14;;;12735.0;0.0
av_SUGAR_d8;46200;ASH_COATED_OSMIUM;9894;14;9892;21;;;9916;14;9918;27;;;9905.0;0.0
av_SUGAR_d8;46200;INTARIAN_PEPPER_ROOT;12731;12;12729;18;;;12737;13;12741;26;;;12734.0;0.0
av_SUGAR_d8;46300;ASH_COATED_OSMIUM;9902;12;9900;19;;;9908;7;9910;20;;;9905.0;0.0
av_SUGAR_d8;46300;INTARIAN_PEPPER_ROOT;12728;19;12724;18;;;12734;15;12736;20;;;12731.0;0.0
av_SUGAR_d8;46400;ASH_COATED_OSMIUM;9902;16;9899;20;;;9908;11;9911;18;;;9905.0;0.0
av_SUGAR_d8;46400;INTARIAN_PEPPER_ROOT;12726;20;12724;20;;;12732;7;12735;21;;;12729.0;0.0
av_SUGAR_d8;46500;ASH_COATED_OSMIUM;9901;19;9899;20;;;9907;6;9910;20;;;9904.0;0.0
av_SUGAR_d8;46500;INTARIAN_PEPPER_ROOT;12722;21;12720;19;;;12733;7;12735;21;;;12727.5;0.0
av_SUGAR_d8;46600;ASH_COATED_OSMIUM;9902;17;9899;25;;;9908;12;9910;19;;;9905.0;0.0
av_SUGAR_d8;46600;INTARIAN_PEPPER_ROOT;12720;7;12717;23;;;12732;7;12736;18;;;12726.0;0.0
av_SUGAR_d8;46700;ASH_COATED_OSMIUM;9901;18;9898;23;;;9907;18;9909;25;;;9904.0;0.0
av_SUGAR_d8;46700;INTARIAN_PEPPER_ROOT;12719;13;12717;22;;;12730;14;12733;18;;;12724.5;0.0
av_SUGAR_d8;46800;ASH_COATED_OSMIUM;9902;21;9898;15;;;9908;17;9910;20;;;9905.0;0.0
av_SUGAR_d8;46800;INTARIAN_PEPPER_ROOT;12720;26;12716;25;;;12726;22;12730;13;;;12723.0;0.0
av_SUGAR_d8;46900;ASH_COATED_OSMIUM;9897;8;9894;16;;;9911;14;9914;18;;;9904.0;0.0
av_SUGAR_d8;46900;INTARIAN_PEPPER_ROOT;12718;20;12716;22;;;12724;5;12727;17;;;12721.0;0.0
av_SUGAR_d8;47000;ASH_COATED_OSMIUM;9902;5;9899;23;;;9908;6;9911;27;;;9905.0;0.0
av_SUGAR_d8;47000;INTARIAN_PEPPER_ROOT;12714;22;12711;20;;;12725;19;12728;14;;;12719.5;0.0
av_SUGAR_d8;47100;ASH_COATED_OSMIUM;9902;7;9898;9;;;9908;10;9910;22;;;9905.0;0.0
av_SUGAR_d8;47100;INTARIAN_PEPPER_ROOT;12714;11;12711;19;;;12720;18;12722;20;;;12717.0;0.0
av_SUGAR_d8;47200;ASH_COATED_OSMIUM;9901;19;9898;14;;;9907;10;9911;29;;;9904.0;0.0
av_SUGAR_d8;47200;INTARIAN_PEPPER_ROOT;12713;13;12710;21;;;12719;18;12723;29;;;12716.0;0.0
av_SUGAR_d8;47300;ASH_COATED_OSMIUM;9902;14;9899;18;;;9908;14;9911;31;;;9905.0;0.0
av_SUGAR_d8;47300;INTARIAN_PEPPER_ROOT;12707;8;12703;25;;;12722;17;12724;12;;;12714.5;0.0
av_SUGAR_d8;47400;ASH_COATED_OSMIUM;9898;16;9896;21;;;9911;21;9915;28;;;9904.5;0.0
av_SUGAR_d8;47400;INTARIAN_PEPPER_ROOT;12709;26;12705;26;;;12715;15;12719;16;;;12712.0;0.0
av_SUGAR_d8;47500;ASH_COATED_OSMIUM;9902;16;9900;13;;;9908;8;9910;15;;;9905.0;0.0
av_SUGAR_d8;47500;INTARIAN_PEPPER_ROOT;12707;11;12704;9;;;12713;19;12717;17;;;12710.0;0.0
av_SUGAR_d8;47600;ASH_COATED_OSMIUM;9901;19;9898;25;;;9907;14;9909;17;;;9904.0;0.0
av_SUGAR_d8;47600;INTARIAN_PEPPER_ROOT;12706;17;12704;27;;;12712;13;12716;17;;;12709.0;0.0
av_SUGAR_d8;47700;ASH_COATED_OSMIUM;9899;9;9897;19;;;9910;9;9912;19;;;9904.5;0.0
av_SUGAR_d8;47700;INTARIAN_PEPPER_ROOT;12704;22;12701;21;;;12710;23;12712;15;;;12707.0;0.0
av_SUGAR_d8;47800;ASH_COATED_OSMIUM;9900;16;9898;22;;;9907;14;9910;21;;;9903.5;0.0
av_SUGAR_d8;47800;INTARIAN_PEPPER_ROOT;12699;13;12695;18;;;12712;16;12716;17;;;12705.5;0.0
av_SUGAR_d8;47900;ASH_COATED_OSMIUM;9893;13;9890;23;;;9916;20;9920;13;;;9904.5;0.0
av_SUGAR_d8;47900;INTARIAN_PEPPER_ROOT;12701;17;12697;19;;;12707;15;12711;20;;;12704.0;0.0
av_SUGAR_d8;48000;ASH_COATED_OSMIUM;9894;11;9892;14;;;9914;17;9917;22;;;9904.0;0.0
av_SUGAR_d8;48000;INTARIAN_PEPPER_ROOT;12699;12;12695;18;;;12705;7;12709;14;;;12702.0;0.0
av_SUGAR_d8;48100;ASH_COATED_OSMIUM;9897;22;9894;23;;;9911;13;9913;20;;;9904.0;0.0
av_SUGAR_d8;48100;INTARIAN_PEPPER_ROOT;12696;5;12692;9;;;12705;10;12707;14;;;12700.5;0.0
av_SUGAR_d8;48200;ASH_COATED_OSMIUM;9901;10;9898;13;;;9907;14;9910;18;;;9904.0;0.0
av_SUGAR_d8;48200;INTARIAN_PEPPER_ROOT;12695;10;12692;23;;;12701;8;12705;19;;;12698.0;0.0
av_SUGAR_d8;48300;ASH_COATED_OSMIUM;9897;20;9894;20;;;9911;22;9913;25;;;9904.0;0.0
av_SUGAR_d8;48300;INTARIAN_PEPPER_ROOT;12694;7;12690;18;;;12700;17;12702;12;;;12697.0;0.0
av_SUGAR_d8;48400;ASH_COATED_OSMIUM;9901;12;9897;22;;;9907;10;9909;17;;;9904.0;0.0
av_SUGAR_d8;48400;INTARIAN_PEPPER_ROOT;12687;30;12685;19;;;12703;9;12707;19;;;12695.0;0.0
av_SUGAR_d8;48500;ASH_COATED_OSMIUM;9892;21;9890;18;;;9915;17;9917;18;;;9903.5;0.0
av_SUGAR_d8;48500;INTARIAN_PEPPER_ROOT;12690;14;12687;26;;;12696;7;12700;21;;;12693.0;0.0
av_SUGAR_d8;48600;ASH_COATED_OSMIUM;9901;17;9898;22;;;9907;22;9909;20;;;9904.0;0.0
av_SUGAR_d8;48600;INTARIAN_PEPPER_ROOT;12688;17;12684;15;;;12695;16;12698;18;;;12691.5;0.0
av_SUGAR_d8;48700;ASH_COATED_OSMIUM;9901;12;9897;19;;;9907;22;9911;19;;;9904.0;0.0
av_SUGAR_d8;48700;INTARIAN_PEPPER_ROOT;12685;14;12682;28;;;12694;18;12696;26;;;12689.5;0.0
av_SUGAR_d8;48800;ASH_COATED_OSMIUM;9899;14;9897;21;;;9910;13;9913;22;;;9904.5;0.0
av_SUGAR_d8;48800;INTARIAN_PEPPER_ROOT;12680;17;12676;13;;;12696;16;12700;27;;;12688.0;0.0
av_SUGAR_d8;48900;ASH_COATED_OSMIUM;9901;8;9897;20;;;9907;10;9909;14;;;9904.0;0.0
av_SUGAR_d8;48900;INTARIAN_PEPPER_ROOT;12683;16;12681;13;;;12689;25;12692;17;;;12686.0;0.0
av_SUGAR_d8;49000;ASH_COATED_OSMIUM;9901;23;9899;16;;;9907;17;9911;11;;;9904.0;0.0
av_SUGAR_d8;49000;INTARIAN_PEPPER_ROOT;12681;12;12679;20;;;12687;16;12691;19;;;12684.0;0.0
av_SUGAR_d8;49100;ASH_COATED_OSMIUM;9901;23;9899;14;;;9907;7;9911;15;;;9904.0;0.0
av_SUGAR_d8;49100;INTARIAN_PEPPER_ROOT;12680;18;12678;17;;;12686;22;12688;21;;;12683.0;0.0
av_SUGAR_d8;49200;ASH_COATED_OSMIUM;9901;14;9899;12;;;9907;23;9910;18;;;9904.0;0.0
av_SUGAR_d8;49200;INTARIAN_PEPPER_ROOT;12679;14;12677;24;;;12685;22;12688;29;;;12682.0;0.0
av_SUGAR_d8;49300;ASH_COATED_OSMIUM;9891;15;9888;22;;;9916;24;9920;20;;;9903.5;0.0
av_SUGAR_d8;49300;INTARIAN_PEPPER_ROOT;12677;11;12674;28;;;12683;16;12686;13;;;12680.0;0.0
av_SUGAR_d8;49400;ASH_COATED_OSMIUM;9901;16;9897;24;;;9907;17;9911;8;;;9904.0;0.0
av_SUGAR_d8;49400;INTARIAN_PEPPER_ROOT;12674;13;12672;25;;;12680;16;12682;23;;;12677.0;0.0
av_SUGAR_d8;49500;ASH_COATED_OSMIUM;9901;13;9899;12;;;9907;14;9910;26;;;9904.0;0.0
av_SUGAR_d8;49500;INTARIAN_PEPPER_ROOT;12672;15;12669;20;;;12680;12;12683;17;;;12676.0;0.0
av_SUGAR_d8;49600;ASH_COATED_OSMIUM;9900;20;9898;20;;;9906;17;9909;27;;;9903.0;0.0
av_SUGAR_d8;49600;INTARIAN_PEPPER_ROOT;12671;9;12668;25;;;12677;17;12679;17;;;12674.0;0.0
av_SUGAR_d8;49700;ASH_COATED_OSMIUM;9901;21;9897;23;;;9907;20;9911;26;;;9904.0;0.0
av_SUGAR_d8;49700;INTARIAN_PEPPER_ROOT;12670;25;12667;22;;;12676;8;12679;17;;;12673.0;0.0
av_SUGAR_d8;49800;ASH_COATED_OSMIUM;9899;14;9895;17;;;9908;12;9911;30;;;9903.5;0.0
av_SUGAR_d8;49800;INTARIAN_PEPPER_ROOT;12667;17;12664;28;;;12673;17;12676;26;;;12670.0;0.0
av_SUGAR_d8;49900;ASH_COATED_OSMIUM;9884;25;9881;19;;;9924;13;9927;22;;;9904.0;0.0
av_SUGAR_d8;49900;INTARIAN_PEPPER_ROOT;12665;7;12663;15;;;12672;8;12676;19;;;12668.5;0.0
av_SUGAR_d8;50000;ASH_COATED_OSMIUM;9901;21;9897;19;;;9907;16;9911;20;;;9904.0;0.0
av_SUGAR_d8;50000;INTARIAN_PEPPER_ROOT;12659;15;12655;19;;;12676;17;12678;30;;;12667.5;0.0
av_SUGAR_d8;50100;ASH_COATED_OSMIUM;9901;17;9898;24;;;9908;12;9911;19;;;9904.5;0.0
av_SUGAR_d8;50100;INTARIAN_PEPPER_ROOT;12663;11;12659;16;;;12669;17;12671;20;;;12666.0;0.0
av_SUGAR_d8;50200;ASH_COATED_OSMIUM;9900;18;9897;22;;;9906;9;9908;20;;;9903.0;0.0
av_SUGAR_d8;50200;INTARIAN_PEPPER_ROOT;12661;25;12659;18;;;12667;17;12671;30;;;12664.0;0.0
av_SUGAR_d8;50300;ASH_COATED_OSMIUM;9901;5;9899;24;;;9908;11;9912;16;;;9904.5;0.0
av_SUGAR_d8;50300;INTARIAN_PEPPER_ROOT;12658;13;12656;16;;;12667;6;12669;26;;;12662.5;0.0
av_SUGAR_d8;50400;ASH_COATED_OSMIUM;9897;14;9895;22;;;9909;15;9913;18;;;9903.0;0.0
av_SUGAR_d8;50400;INTARIAN_PEPPER_ROOT;12657;12;12655;16;;;12664;8;12668;25;;;12660.5;0.0
av_SUGAR_d8;50500;ASH_COATED_OSMIUM;9893;6;9889;18;;;9914;27;9916;23;;;9903.5;0.0
av_SUGAR_d8;50500;INTARIAN_PEPPER_ROOT;12655;17;12651;22;;;12661;21;12664;25;;;12658.0;0.0
av_SUGAR_d8;50600;ASH_COATED_OSMIUM;9898;13;9894;21;;;9909;11;9911;28;;;9903.5;0.0
av_SUGAR_d8;50600;INTARIAN_PEPPER_ROOT;12653;12;12649;18;;;12659;18;12661;15;;;12656.0;0.0
av_SUGAR_d8;50700;ASH_COATED_OSMIUM;9896;14;9892;29;;;9910;10;9913;17;;;9903.0;0.0
av_SUGAR_d8;50700;INTARIAN_PEPPER_ROOT;12652;20;12650;19;;;12658;11;12660;24;;;12655.0;0.0
av_SUGAR_d8;50800;ASH_COATED_OSMIUM;9900;13;9898;23;;;9906;10;9910;22;;;9903.0;0.0
av_SUGAR_d8;50800;INTARIAN_PEPPER_ROOT;12651;20;12648;19;;;12657;16;12661;18;;;12654.0;0.0
av_SUGAR_d8;50900;ASH_COATED_OSMIUM;9892;21;9889;20;;;9916;21;9920;18;;;9904.0;0.0
av_SUGAR_d8;50900;INTARIAN_PEPPER_ROOT;12648;16;12646;22;;;12655;18;12658;13;;;12651.5;0.0
av_SUGAR_d8;51000;ASH_COATED_OSMIUM;9901;18;9897;26;;;9907;17;9909;29;;;9904.0;0.0
av_SUGAR_d8;51000;INTARIAN_PEPPER_ROOT;12641;19;12638;22;;;12655;11;12657;25;;;12648.0;0.0
av_SUGAR_d8;51100;ASH_COATED_OSMIUM;9900;18;9898;25;;;9906;14;9910;13;;;9903.0;0.0
av_SUGAR_d8;51100;INTARIAN_PEPPER_ROOT;12642;11;12640;15;;;12648;12;12650;21;;;12645.0;0.0
av_SUGAR_d8;51200;ASH_COATED_OSMIUM;9898;14;9895;20;;;9909;13;9913;21;;;9903.5;0.0
av_SUGAR_d8;51200;INTARIAN_PEPPER_ROOT;12636;10;12634;18;;;12646;9;12650;29;;;12641.0;0.0
av_SUGAR_d8;51300;ASH_COATED_OSMIUM;9901;12;9897;14;;;9907;7;9910;28;;;9904.0;0.0
av_SUGAR_d8;51300;INTARIAN_PEPPER_ROOT;12630;5;12627;25;;;12648;10;12650;19;;;12639.0;0.0
av_SUGAR_d8;51400;ASH_COATED_OSMIUM;9900;14;9898;12;;;9906;9;9909;11;;;9903.0;0.0
av_SUGAR_d8;51400;INTARIAN_PEPPER_ROOT;12630;8;12628;21;;;12641;8;12643;14;;;12635.5;0.0
av_SUGAR_d8;51500;ASH_COATED_OSMIUM;9901;17;9899;20;;;9907;12;9911;13;;;9904.0;0.0
av_SUGAR_d8;51500;INTARIAN_PEPPER_ROOT;12628;18;12625;23;;;12638;15;12642;19;;;12633.0;0.0
av_SUGAR_d8;51600;ASH_COATED_OSMIUM;9896;15;9892;15;;;9911;12;9913;18;;;9903.5;0.0
av_SUGAR_d8;51600;INTARIAN_PEPPER_ROOT;12611;22;12607;11;;;12650;14;12653;28;;;12630.5;0.0
av_SUGAR_d8;51700;ASH_COATED_OSMIUM;9897;15;9893;16;;;9911;18;9914;13;;;9904.0;0.0
av_SUGAR_d8;51700;INTARIAN_PEPPER_ROOT;12623;11;12620;23;;;12631;11;12635;13;;;12627.0;0.0
av_SUGAR_d8;51800;ASH_COATED_OSMIUM;9901;20;9898;14;;;9907;14;9910;12;;;9904.0;0.0
av_SUGAR_d8;51800;INTARIAN_PEPPER_ROOT;12620;16;12618;18;;;12628;12;12630;20;;;12624.0;0.0
av_SUGAR_d8;51900;ASH_COATED_OSMIUM;9896;26;9892;17;;;9910;19;9912;13;;;9903.0;0.0
av_SUGAR_d8;51900;INTARIAN_PEPPER_ROOT;12610;9;12608;15;;;12634;18;12637;18;;;12622.0;0.0
av_SUGAR_d8;52000;ASH_COATED_OSMIUM;9900;17;9897;10;;;9906;11;9909;16;;;9903.0;0.0
av_SUGAR_d8;52000;INTARIAN_PEPPER_ROOT;12615;22;12613;23;;;12621;14;12624;12;;;12618.0;0.0
av_SUGAR_d8;52100;ASH_COATED_OSMIUM;9900;21;9897;15;;;9908;7;9910;23;;;9904.0;0.0
av_SUGAR_d8;52100;INTARIAN_PEPPER_ROOT;12606;13;12604;21;;;12627;11;12630;16;;;12616.5;0.0
av_SUGAR_d8;52200;ASH_COATED_OSMIUM;9901;21;9897;28;;;9907;20;9911;22;;;9904.0;0.0
av_SUGAR_d8;52200;INTARIAN_PEPPER_ROOT;12609;9;12607;24;;;12615;9;12618;16;;;12612.0;0.0
av_SUGAR_d8;52300;ASH_COATED_OSMIUM;9900;19;9896;17;;;9908;14;9912;21;;;9904.0;0.0
av_SUGAR_d8;52300;INTARIAN_PEPPER_ROOT;12607;9;12605;23;;;12613;16;12616;26;;;12610.0;0.0
av_SUGAR_d8;52400;ASH_COATED_OSMIUM;9900;18;9897;18;;;9907;16;9911;15;;;9903.5;0.0
av_SUGAR_d8;52400;INTARIAN_PEPPER_ROOT;12603;14;12600;16;;;12609;10;12612;19;;;12606.0;0.0
av_SUGAR_d8;52500;ASH_COATED_OSMIUM;9899;19;9895;19;;;9909;10;9911;18;;;9904.0;0.0
av_SUGAR_d8;52500;INTARIAN_PEPPER_ROOT;12601;14;12599;28;;;12607;5;12610;21;;;12604.0;0.0
av_SUGAR_d8;52600;ASH_COATED_OSMIUM;9900;8;9897;16;;;9906;6;9909;13;;;9903.0;0.0
av_SUGAR_d8;52600;INTARIAN_PEPPER_ROOT;12598;10;12596;17;;;12605;9;12608;20;;;12601.5;0.0
av_SUGAR_d8;52700;ASH_COATED_OSMIUM;9901;5;9897;14;;;9907;8;9909;16;;;9904.0;0.0
av_SUGAR_d8;52700;INTARIAN_PEPPER_ROOT;12590;12;12586;17;;;12606;19;12609;18;;;12598.0;0.0
av_SUGAR_d8;52800;ASH_COATED_OSMIUM;9901;13;9898;25;;;9907;16;9910;19;;;9904.0;0.0
av_SUGAR_d8;52800;INTARIAN_PEPPER_ROOT;12592;5;12589;24;;;12598;18;12602;25;;;12595.0;0.0
av_SUGAR_d8;52900;ASH_COATED_OSMIUM;9898;20;9895;16;;;9909;20;9911;14;;;9903.5;0.0
av_SUGAR_d8;52900;INTARIAN_PEPPER_ROOT;12589;22;12586;13;;;12595;12;12597;16;;;12592.0;0.0
av_SUGAR_d8;53000;ASH_COATED_OSMIUM;9901;17;9899;12;;;9907;14;9909;26;;;9904.0;0.0
av_SUGAR_d8;53000;INTARIAN_PEPPER_ROOT;12586;16;12583;33;;;12592;10;12594;22;;;12589.0;0.0
av_SUGAR_d8;53100;ASH_COATED_OSMIUM;9898;22;9894;26;;;9909;17;9911;15;;;9903.5;0.0
av_SUGAR_d8;53100;INTARIAN_PEPPER_ROOT;12581;23;12579;20;;;12593;11;12595;15;;;12587.0;0.0
av_SUGAR_d8;53200;ASH_COATED_OSMIUM;9900;7;9896;13;;;9906;23;9910;17;;;9903.0;0.0
av_SUGAR_d8;53200;INTARIAN_PEPPER_ROOT;12578;9;12575;18;;;12589;16;12593;22;;;12583.5;0.0
av_SUGAR_d8;53300;ASH_COATED_OSMIUM;9901;14;9898;19;;;9908;13;9912;10;;;9904.5;0.0
av_SUGAR_d8;53300;INTARIAN_PEPPER_ROOT;12577;14;12574;15;;;12583;7;12586;18;;;12580.0;0.0
av_SUGAR_d8;53400;ASH_COATED_OSMIUM;9900;16;9897;24;;;9906;5;9908;15;;;9903.0;0.0
av_SUGAR_d8;53400;INTARIAN_PEPPER_ROOT;12554;13;12551;17;;;12601;14;12603;19;;;12577.5;0.0
av_SUGAR_d8;53500;ASH_COATED_OSMIUM;9898;12;9894;26;;;9910;13;9912;20;;;9904.0;0.0
av_SUGAR_d8;53500;INTARIAN_PEPPER_ROOT;12570;18;12567;23;;;12579;11;12583;14;;;12574.5;0.0
av_SUGAR_d8;53600;ASH_COATED_OSMIUM;9901;15;9899;21;;;9907;14;9911;22;;;9904.0;0.0
av_SUGAR_d8;53600;INTARIAN_PEPPER_ROOT;12568;10;12566;23;;;12576;16;12578;22;;;12572.0;0.0
av_SUGAR_d8;53700;ASH_COATED_OSMIUM;9901;9;9898;23;;;9907;28;9909;24;;;9904.0;0.0
av_SUGAR_d8;53700;INTARIAN_PEPPER_ROOT;12564;9;12560;23;;;12574;15;12577;24;;;12569.0;0.0
av_SUGAR_d8;53800;ASH_COATED_OSMIUM;9899;16;9896;14;;;9908;19;9910;24;;;9903.5;0.0
av_SUGAR_d8;53800;INTARIAN_PEPPER_ROOT;12556;11;12553;23;;;12575;9;12578;28;;;12565.5;0.0
av_SUGAR_d8;53900;ASH_COATED_OSMIUM;9901;18;9897;14;;;9907;14;9911;24;;;9904.0;0.0
av_SUGAR_d8;53900;INTARIAN_PEPPER_ROOT;12557;17;12555;12;;;12568;15;12572;23;;;12562.5;0.0
av_SUGAR_d8;54000;ASH_COATED_OSMIUM;9898;7;9896;18;;;9909;16;9911;21;;;9903.5;0.0
av_SUGAR_d8;54000;INTARIAN_PEPPER_ROOT;12557;15;12554;25;;;12563;16;12567;25;;;12560.0;0.0
av_SUGAR_d8;54100;ASH_COATED_OSMIUM;9897;19;9893;15;;;9910;11;9913;24;;;9903.5;0.0
av_SUGAR_d8;54100;INTARIAN_PEPPER_ROOT;12544;7;12540;14;;;12570;25;12573;20;;;12557.0;0.0
av_SUGAR_d8;54200;ASH_COATED_OSMIUM;9900;9;9898;22;;;9906;21;9908;13;;;9903.0;0.0
av_SUGAR_d8;54200;INTARIAN_PEPPER_ROOT;12551;11;12547;18;;;12557;10;12559;25;;;12554.0;0.0
av_SUGAR_d8;54300;ASH_COATED_OSMIUM;9898;8;9895;14;;;9909;12;9913;21;;;9903.5;0.0
av_SUGAR_d8;54300;INTARIAN_PEPPER_ROOT;12547;16;12545;24;;;12555;15;12557;18;;;12551.0;0.0
av_SUGAR_d8;54400;ASH_COATED_OSMIUM;9897;17;9895;23;;;9911;26;9915;20;;;9904.0;0.0
av_SUGAR_d8;54400;INTARIAN_PEPPER_ROOT;12545;12;12542;21;;;12551;10;12555;14;;;12548.0;0.0
av_SUGAR_d8;54500;ASH_COATED_OSMIUM;9900;15;9897;20;;;9906;7;9910;13;;;9903.0;0.0
av_SUGAR_d8;54500;INTARIAN_PEPPER_ROOT;12540;18;12538;22;;;12550;18;12553;9;;;12545.0;0.0
av_SUGAR_d8;54600;ASH_COATED_OSMIUM;9901;10;9897;17;;;9907;14;9910;25;;;9904.0;0.0
av_SUGAR_d8;54600;INTARIAN_PEPPER_ROOT;12539;11;12535;24;;;12545;10;12549;31;;;12542.0;0.0
av_SUGAR_d8;54700;ASH_COATED_OSMIUM;9900;14;9897;27;;;9906;17;9908;21;;;9903.0;0.0
av_SUGAR_d8;54700;INTARIAN_PEPPER_ROOT;12536;13;12533;21;;;12542;13;12544;26;;;12539.0;0.0
av_SUGAR_d8;54800;ASH_COATED_OSMIUM;9898;14;9895;26;;;9910;10;9913;13;;;9904.0;0.0
av_SUGAR_d8;54800;INTARIAN_PEPPER_ROOT;12533;18;12531;28;;;12539;14;12543;18;;;12536.0;0.0
av_SUGAR_d8;54900;ASH_COATED_OSMIUM;9901;14;9898;24;;;9907;24;9909;18;;;9904.0;0.0
av_SUGAR_d8;54900;INTARIAN_PEPPER_ROOT;12529;16;12526;23;;;12536;11;12538;24;;;12532.5;0.0
av_SUGAR_d8;55000;ASH_COATED_OSMIUM;9901;12;9898;8;;;9907;13;9911;18;;;9904.0;0.0
av_SUGAR_d8;55000;INTARIAN_PEPPER_ROOT;12522;19;12518;14;;;12539;23;12541;23;;;12530.5;0.0
av_SUGAR_d8;55100;ASH_COATED_OSMIUM;9900;16;9896;16;;;9907;14;9911;19;;;9903.5;0.0
av_SUGAR_d8;55100;INTARIAN_PEPPER_ROOT;12525;18;12521;27;;;12531;18;12533;25;;;12528.0;0.0
av_SUGAR_d8;55200;ASH_COATED_OSMIUM;9900;7;9898;16;;;9907;10;9910;15;;;9903.5;0.0
av_SUGAR_d8;55200;INTARIAN_PEPPER_ROOT;12519;11;12517;23;;;12531;14;12533;23;;;12525.0;0.0
av_SUGAR_d8;55300;ASH_COATED_OSMIUM;9901;18;9897;20;;;9907;18;9909;13;;;9904.0;0.0
av_SUGAR_d8;55300;INTARIAN_PEPPER_ROOT;12517;20;12514;8;;;12527;12;12530;21;;;12522.0;0.0
av_SUGAR_d8;55400;ASH_COATED_OSMIUM;9901;15;9899;18;;;9907;9;9909;15;;;9904.0;0.0
av_SUGAR_d8;55400;INTARIAN_PEPPER_ROOT;12515;13;12511;15;;;12522;14;12526;23;;;12518.5;0.0
av_SUGAR_d8;55500;ASH_COATED_OSMIUM;9901;13;9898;15;;;9907;15;9909;21;;;9904.0;0.0
av_SUGAR_d8;55500;INTARIAN_PEPPER_ROOT;12509;22;12506;23;;;12523;10;12525;8;;;12516.0;0.0
av_SUGAR_d8;55600;ASH_COATED_OSMIUM;9900;15;9897;14;;;9908;13;9910;10;;;9904.0;0.0
av_SUGAR_d8;55600;INTARIAN_PEPPER_ROOT;12505;12;12501;25;;;12521;13;12524;17;;;12513.0;0.0
av_SUGAR_d8;55700;ASH_COATED_OSMIUM;9894;11;9890;15;;;9914;12;9917;25;;;9904.0;0.0
av_SUGAR_d8;55700;INTARIAN_PEPPER_ROOT;12506;15;12503;9;;;12515;11;12519;13;;;12510.5;0.0
av_SUGAR_d8;55800;ASH_COATED_OSMIUM;9901;12;9899;9;;;9907;20;9910;18;;;9904.0;0.0
av_SUGAR_d8;55800;INTARIAN_PEPPER_ROOT;12505;21;12501;20;;;12511;22;12515;17;;;12508.0;0.0
av_SUGAR_d8;55900;ASH_COATED_OSMIUM;9899;13;9895;17;;;9908;6;9911;20;;;9903.5;0.0
av_SUGAR_d8;55900;INTARIAN_PEPPER_ROOT;12500;11;12497;21;;;12508;12;12510;20;;;12504.0;0.0
av_SUGAR_d8;56000;ASH_COATED_OSMIUM;9893;14;9891;18;;;9913;9;9916;23;;;9903.0;0.0
av_SUGAR_d8;56000;INTARIAN_PEPPER_ROOT;12498;13;12496;22;;;12504;17;12508;19;;;12501.0;0.0
av_SUGAR_d8;56100;ASH_COATED_OSMIUM;9901;6;9899;18;;;9907;25;9911;20;;;9904.0;0.0
av_SUGAR_d8;56100;INTARIAN_PEPPER_ROOT;12495;20;12493;18;;;12501;13;12503;23;;;12498.0;0.0
av_SUGAR_d8;56200;ASH_COATED_OSMIUM;9901;9;9898;23;;;9907;6;9909;19;;;9904.0;0.0
av_SUGAR_d8;56200;INTARIAN_PEPPER_ROOT;12491;5;12488;12;;;12499;14;12501;18;;;12495.0;0.0
av_SUGAR_d8;56300;ASH_COATED_OSMIUM;9901;16;9897;18;;;9907;15;9910;18;;;9904.0;0.0
av_SUGAR_d8;56300;INTARIAN_PEPPER_ROOT;12487;13;12483;21;;;12499;24;12501;29;;;12493.0;0.0
av_SUGAR_d8;56400;ASH_COATED_OSMIUM;9896;11;9893;19;;;9911;10;9915;14;;;9903.5;0.0
av_SUGAR_d8;56400;INTARIAN_PEPPER_ROOT;12487;16;12483;17;;;12493;20;12497;15;;;12490.0;0.0
av_SUGAR_d8;56500;ASH_COATED_OSMIUM;9885;11;9881;24;;;9922;28;9926;13;;;9903.5;0.0
av_SUGAR_d8;56500;INTARIAN_PEPPER_ROOT;12484;13;12481;23;;;12490;14;12492;23;;;12487.0;0.0
av_SUGAR_d8;56600;ASH_COATED_OSMIUM;9901;13;9897;15;;;9907;18;9909;20;;;9904.0;0.0
av_SUGAR_d8;56600;INTARIAN_PEPPER_ROOT;12481;13;12479;13;;;12487;10;12489;19;;;12484.0;0.0
av_SUGAR_d8;56700;ASH_COATED_OSMIUM;9900;7;9897;22;;;9906;10;9910;15;;;9903.0;0.0
av_SUGAR_d8;56700;INTARIAN_PEPPER_ROOT;12478;19;12474;21;;;12484;12;12486;16;;;12481.0;0.0
av_SUGAR_d8;56800;ASH_COATED_OSMIUM;9901;15;9897;18;;;9907;22;9910;15;;;9904.0;0.0
av_SUGAR_d8;56800;INTARIAN_PEPPER_ROOT;12475;13;12473;21;;;12481;21;12483;20;;;12478.0;0.0
av_SUGAR_d8;56900;ASH_COATED_OSMIUM;9888;18;9884;19;;;9918;14;9921;20;;;9903.0;0.0
av_SUGAR_d8;56900;INTARIAN_PEPPER_ROOT;12469;15;12465;8;;;12481;11;12485;24;;;12475.0;0.0
av_SUGAR_d8;57000;ASH_COATED_OSMIUM;9898;14;9894;14;;;9910;11;9913;21;;;9904.0;0.0
av_SUGAR_d8;57000;INTARIAN_PEPPER_ROOT;12459;21;12457;17;;;12484;9;12488;13;;;12471.5;0.0
av_SUGAR_d8;57100;ASH_COATED_OSMIUM;9897;8;9893;15;;;9910;18;9913;15;;;9903.5;0.0
av_SUGAR_d8;57100;INTARIAN_PEPPER_ROOT;12456;20;12453;14;;;12482;18;12485;30;;;12469.0;0.0
av_SUGAR_d8;57200;ASH_COATED_OSMIUM;9901;18;9897;17;;;9907;8;9910;17;;;9904.0;0.0
av_SUGAR_d8;57200;INTARIAN_PEPPER_ROOT;12463;22;12461;16;;;12470;10;12474;18;;;12466.5;0.0
av_SUGAR_d8;57300;ASH_COATED_OSMIUM;9901;13;9898;20;;;9907;12;9910;28;;;9904.0;0.0
av_SUGAR_d8;57300;INTARIAN_PEPPER_ROOT;12456;19;12453;18;;;12471;17;12473;8;;;12463.5;0.0
av_SUGAR_d8;57400;ASH_COATED_OSMIUM;9901;9;9899;18;;;9907;11;9909;21;;;9904.0;0.0
av_SUGAR_d8;57400;INTARIAN_PEPPER_ROOT;12457;18;12454;21;;;12463;15;12466;23;;;12460.0;0.0
av_SUGAR_d8;57500;ASH_COATED_OSMIUM;9895;7;9892;25;;;9912;14;9916;25;;;9903.5;0.0
av_SUGAR_d8;57500;INTARIAN_PEPPER_ROOT;12454;9;12451;15;;;12460;6;12463;20;;;12457.0;0.0
av_SUGAR_d8;57600;ASH_COATED_OSMIUM;9901;14;9898;23;;;9907;12;9910;19;;;9904.0;0.0
av_SUGAR_d8;57600;INTARIAN_PEPPER_ROOT;12446;24;12444;24;;;12462;8;12466;18;;;12454.0;0.0
