day;timestamp;product;bid_price_1;bid_volume_1;bid_price_2;bid_volume_2;bid_price_3;bid_volume_3;ask_price_1;ask_volume_1;ask_price_2;ask_volume_2;ask_price_3;ask_volume_3;mid_price;profit_and_loss
yf_ZW=F_d9;0;ASH_COATED_OSMIUM;9896;16;9892;22;;;9902;21;9905;16;;;9899.0;0.0
yf_ZW=F_d9;0;INTARIAN_PEPPER_ROOT;9990;18;9986;16;;;10009;8;10013;16;;;9999.5;0.0
yf_ZW=F_d9;100;ASH_COATED_OSMIUM;9897;18;9894;23;;;9903;23;9905;23;;;9900.0;0.0
yf_ZW=F_d9;100;INTARIAN_PEPPER_ROOT;9994;7;9991;13;;;10010;21;10014;15;;;10002.0;0.0
yf_ZW=F_d9;200;ASH_COATED_OSMIUM;9894;27;9892;19;;;9906;11;9910;18;;;9900.0;0.0
yf_ZW=F_d9;200;INTARIAN_PEPPER_ROOT;9995;6;9991;18;;;10010;10;10012;18;;;10002.5;0.0
yf_ZW=F_d9;300;ASH_COATED_OSMIUM;9897;13;9894;24;;;9903;5;9907;22;;;9900.0;0.0
yf_ZW=F_d9;300;INTARIAN_PEPPER_ROOT;10002;16;9998;13;;;10008;22;10010;19;;;10005.0;0.0
yf_ZW=F_d9;400;ASH_COATED_OSMIUM;9892;10;9890;19;;;9908;18;9910;13;;;9900.0;0.0
yf_ZW=F_d9;400;INTARIAN_PEPPER_ROOT;10003;14;10000;17;;;10009;12;10012;17;;;10006.0;0.0
yf_ZW=F_d9;500;ASH_COATED_OSMIUM;9898;13;9894;8;;;9904;17;9907;29;;;9901.0;0.0
yf_ZW=F_d9;500;INTARIAN_PEPPER_ROOT;10003;15;10000;27;;;10013;18;10015;25;;;10008.0;0.0
yf_ZW=F_d9;600;ASH_COATED_OSMIUM;9883;7;9879;20;;;9919;12;9923;9;;;9901.0;0.0
yf_ZW=F_d9;600;INTARIAN_PEPPER_ROOT;10007;18;10003;23;;;10013;16;10017;22;;;10010.0;0.0
yf_ZW=F_d9;700;ASH_COATED_OSMIUM;9897;11;9893;25;;;9906;13;9908;29;;;9901.5;0.0
yf_ZW=F_d9;700;INTARIAN_PEPPER_ROOT;10009;22;10005;20;;;10015;16;10018;23;;;10012.0;0.0
yf_ZW=F_d9;800;ASH_COATED_OSMIUM;9898;14;9895;26;;;9905;10;9908;20;;;9901.5;0.0
yf_ZW=F_d9;800;INTARIAN_PEPPER_ROOT;10010;11;10006;12;;;10016;22;10020;19;;;10013.0;0.0
yf_ZW=F_d9;900;ASH_COATED_OSMIUM;9896;5;9892;13;;;9908;14;9911;24;;;9902.0;0.0
yf_ZW=F_d9;900;INTARIAN_PEPPER_ROOT;10013;14;10009;23;;;10019;13;10022;17;;;10016.0;0.0
yf_ZW=F_d9;1000;ASH_COATED_OSMIUM;9899;7;9896;17;;;9905;19;9907;22;;;9902.0;0.0
yf_ZW=F_d9;1000;INTARIAN_PEPPER_ROOT;10014;14;10010;18;;;10020;16;10022;28;;;10017.0;0.0
yf_ZW=F_d9;1100;ASH_COATED_OSMIUM;9898;13;9896;23;;;9906;16;9910;20;;;9902.0;0.0
yf_ZW=F_d9;1100;INTARIAN_PEPPER_ROOT;10002;12;10000;20;;;10035;12;10038;21;;;10018.5;0.0
yf_ZW=F_d9;1200;ASH_COATED_OSMIUM;9899;10;9897;9;;;9905;15;9907;20;;;9902.0;0.0
yf_ZW=F_d9;1200;INTARIAN_PEPPER_ROOT;10018;5;10016;13;;;10024;16;10026;18;;;10021.0;0.0
yf_ZW=F_d9;1300;ASH_COATED_OSMIUM;9899;12;9895;11;;;9906;14;9908;13;;;9902.5;0.0
yf_ZW=F_d9;1300;INTARIAN_PEPPER_ROOT;10019;5;10016;18;;;10025;14;10029;14;;;10022.0;0.0
yf_ZW=F_d9;1400;ASH_COATED_OSMIUM;9900;16;9898;28;;;9906;6;9908;24;;;9903.0;0.0
yf_ZW=F_d9;1400;INTARIAN_PEPPER_ROOT;10021;14;10017;13;;;10027;15;10029;16;;;10024.0;0.0
yf_ZW=F_d9;1500;ASH_COATED_OSMIUM;9900;15;9898;23;;;9906;12;9909;20;;;9903.0;0.0
yf_ZW=F_d9;1500;INTARIAN_PEPPER_ROOT;10023;10;10021;14;;;10029;8;10031;26;;;10026.0;0.0
yf_ZW=F_d9;1600;ASH_COATED_OSMIUM;9900;17;9897;31;;;9906;10;9908;26;;;9903.0;0.0
yf_ZW=F_d9;1600;INTARIAN_PEPPER_ROOT;10022;14;10019;18;;;10035;11;10038;21;;;10028.5;0.0
yf_ZW=F_d9;1700;ASH_COATED_OSMIUM;9901;15;9898;19;;;9907;7;9910;20;;;9904.0;0.0
yf_ZW=F_d9;1700;INTARIAN_PEPPER_ROOT;10026;13;10022;25;;;10032;14;10034;18;;;10029.0;0.0
yf_ZW=F_d9;1800;ASH_COATED_OSMIUM;9898;18;9895;22;;;9910;10;9914;22;;;9904.0;0.0
yf_ZW=F_d9;1800;INTARIAN_PEPPER_ROOT;10028;15;10024;22;;;10034;13;10038;17;;;10031.0;0.0
yf_ZW=F_d9;1900;ASH_COATED_OSMIUM;9900;25;9898;18;;;9908;29;9912;25;;;9904.0;0.0
yf_ZW=F_d9;1900;INTARIAN_PEPPER_ROOT;10029;5;10025;28;;;10037;15;10041;21;;;10033.0;0.0
yf_ZW=F_d9;2000;ASH_COATED_OSMIUM;9898;14;9896;26;;;9912;11;9915;22;;;9905.0;0.0
yf_ZW=F_d9;2000;INTARIAN_PEPPER_ROOT;10026;14;10023;21;;;10043;10;10046;19;;;10034.5;0.0
yf_ZW=F_d9;2100;ASH_COATED_OSMIUM;9902;10;9900;17;;;9908;12;9911;18;;;9905.0;0.0
yf_ZW=F_d9;2100;INTARIAN_PEPPER_ROOT;10032;25;10029;20;;;10041;18;10045;24;;;10036.5;0.0
yf_ZW=F_d9;2200;ASH_COATED_OSMIUM;9899;13;9897;16;;;9910;12;9912;21;;;9904.5;0.0
yf_ZW=F_d9;2200;INTARIAN_PEPPER_ROOT;10034;25;10032;21;;;10043;6;10045;13;;;10038.5;0.0
yf_ZW=F_d9;2300;ASH_COATED_OSMIUM;9900;5;9896;25;;;9910;7;9912;20;;;9905.0;0.0
yf_ZW=F_d9;2300;INTARIAN_PEPPER_ROOT;10038;13;10035;11;;;10044;5;10046;20;;;10041.0;0.0
yf_ZW=F_d9;2400;ASH_COATED_OSMIUM;9902;9;9898;28;;;9908;16;9912;19;;;9905.0;0.0
yf_ZW=F_d9;2400;INTARIAN_PEPPER_ROOT;10038;11;10035;13;;;10044;16;10048;34;;;10041.0;0.0
yf_ZW=F_d9;2500;ASH_COATED_OSMIUM;9893;19;9889;13;;;9918;15;9922;8;;;9905.5;0.0
yf_ZW=F_d9;2500;INTARIAN_PEPPER_ROOT;10039;11;10035;21;;;10049;9;10053;13;;;10044.0;0.0
yf_ZW=F_d9;2600;ASH_COATED_OSMIUM;9903;19;9900;23;;;9909;16;9912;19;;;9906.0;0.0
yf_ZW=F_d9;2600;INTARIAN_PEPPER_ROOT;10039;19;10036;13;;;10051;5;10055;14;;;10045.0;0.0
yf_ZW=F_d9;2700;ASH_COATED_OSMIUM;9903;12;9899;17;;;9909;8;9913;20;;;9906.0;0.0
yf_ZW=F_d9;2700;INTARIAN_PEPPER_ROOT;10040;13;10037;26;;;10054;5;10056;18;;;10047.0;0.0
yf_ZW=F_d9;2800;ASH_COATED_OSMIUM;9901;19;9899;17;;;9911;5;9914;19;;;9906.0;0.0
yf_ZW=F_d9;2800;INTARIAN_PEPPER_ROOT;10045;18;10042;23;;;10051;16;10053;15;;;10048.0;0.0
yf_ZW=F_d9;2900;ASH_COATED_OSMIUM;9903;18;9901;25;;;9909;9;9912;13;;;9906.0;0.0
yf_ZW=F_d9;2900;INTARIAN_PEPPER_ROOT;10043;15;10040;21;;;10058;13;10062;15;;;10050.5;0.0
yf_ZW=F_d9;3000;ASH_COATED_OSMIUM;9904;18;9901;22;;;9910;16;9914;19;;;9907.0;0.0
yf_ZW=F_d9;3000;INTARIAN_PEPPER_ROOT;10049;16;10046;20;;;10055;8;10059;14;;;10052.0;0.0
yf_ZW=F_d9;3100;ASH_COATED_OSMIUM;9904;13;9901;17;;;9910;11;9914;24;;;9907.0;0.0
yf_ZW=F_d9;3100;INTARIAN_PEPPER_ROOT;10051;18;10049;13;;;10057;18;10061;11;;;10054.0;0.0
yf_ZW=F_d9;3200;ASH_COATED_OSMIUM;9904;18;9902;20;;;9910;16;9914;16;;;9907.0;0.0
yf_ZW=F_d9;3200;INTARIAN_PEPPER_ROOT;10051;15;10048;18;;;10061;18;10064;17;;;10056.0;0.0
yf_ZW=F_d9;3300;ASH_COATED_OSMIUM;9905;16;9901;21;;;9911;13;9915;26;;;9908.0;0.0
yf_ZW=F_d9;3300;INTARIAN_PEPPER_ROOT;10055;11;10053;20;;;10061;10;10065;24;;;10058.0;0.0
yf_ZW=F_d9;3400;ASH_COATED_OSMIUM;9904;21;9901;8;;;9910;12;9913;8;;;9907.0;0.0
yf_ZW=F_d9;3400;INTARIAN_PEPPER_ROOT;10057;23;10053;18;;;10063;13;10067;15;;;10060.0;0.0
yf_ZW=F_d9;3500;ASH_COATED_OSMIUM;9904;24;9902;22;;;9910;14;9912;23;;;9907.0;0.0
yf_ZW=F_d9;3500;INTARIAN_PEPPER_ROOT;10050;16;10046;12;;;10072;9;10076;24;;;10061.0;0.0
yf_ZW=F_d9;3600;ASH_COATED_OSMIUM;9905;21;9901;21;;;9911;19;9914;23;;;9908.0;0.0
yf_ZW=F_d9;3600;INTARIAN_PEPPER_ROOT;10050;16;10048;20;;;10075;10;10077;20;;;10062.5;0.0
yf_ZW=F_d9;3700;ASH_COATED_OSMIUM;9903;22;9900;21;;;9914;5;9918;27;;;9908.5;0.0
yf_ZW=F_d9;3700;INTARIAN_PEPPER_ROOT;10060;16;10057;19;;;10069;17;10072;23;;;10064.5;0.0
yf_ZW=F_d9;3800;ASH_COATED_OSMIUM;9905;15;9901;20;;;9911;14;9913;22;;;9908.0;0.0
yf_ZW=F_d9;3800;INTARIAN_PEPPER_ROOT;10062;19;10059;25;;;10071;20;10074;14;;;10066.5;0.0
yf_ZW=F_d9;3900;ASH_COATED_OSMIUM;9893;18;9891;23;;;9925;22;9927;22;;;9909.0;0.0
yf_ZW=F_d9;3900;INTARIAN_PEPPER_ROOT;10061;12;10057;26;;;10075;11;10078;26;;;10068.0;0.0
yf_ZW=F_d9;4000;ASH_COATED_OSMIUM;9904;14;9900;27;;;9915;15;9918;20;;;9909.5;0.0
yf_ZW=F_d9;4000;INTARIAN_PEPPER_ROOT;10067;14;10065;20;;;10073;14;10076;21;;;10070.0;0.0
yf_ZW=F_d9;4100;ASH_COATED_OSMIUM;9907;17;9905;18;;;9913;7;9917;18;;;9910.0;0.0
yf_ZW=F_d9;4100;INTARIAN_PEPPER_ROOT;10069;8;10065;23;;;10075;15;10078;19;;;10072.0;0.0
yf_ZW=F_d9;4200;ASH_COATED_OSMIUM;9905;13;9901;11;;;9913;5;9915;16;;;9909.0;0.0
yf_ZW=F_d9;4200;INTARIAN_PEPPER_ROOT;10069;6;10066;21;;;10077;6;10081;11;;;10073.0;0.0
yf_ZW=F_d9;4300;ASH_COATED_OSMIUM;9906;13;9904;21;;;9913;22;9917;24;;;9909.5;0.0
yf_ZW=F_d9;4300;INTARIAN_PEPPER_ROOT;10072;11;10069;18;;;10078;9;10080;23;;;10075.0;0.0
yf_ZW=F_d9;4400;ASH_COATED_OSMIUM;9903;5;9900;27;;;9917;9;9919;16;;;9910.0;0.0
yf_ZW=F_d9;4400;INTARIAN_PEPPER_ROOT;10074;12;10072;18;;;10080;6;10084;27;;;10077.0;0.0
yf_ZW=F_d9;4500;ASH_COATED_OSMIUM;9907;17;9905;16;;;9913;9;9917;18;;;9910.0;0.0
yf_ZW=F_d9;4500;INTARIAN_PEPPER_ROOT;10076;20;10074;21;;;10082;25;10085;20;;;10079.0;0.0
yf_ZW=F_d9;4600;ASH_COATED_OSMIUM;9908;22;9905;17;;;9914;9;9916;21;;;9911.0;0.0
yf_ZW=F_d9;4600;INTARIAN_PEPPER_ROOT;10076;13;10072;19;;;10086;11;10090;16;;;10081.0;0.0
yf_ZW=F_d9;4700;ASH_COATED_OSMIUM;9908;20;9905;25;;;9914;18;9916;17;;;9911.0;0.0
yf_ZW=F_d9;4700;INTARIAN_PEPPER_ROOT;10080;30;10076;29;;;10086;5;10089;19;;;10083.0;0.0
yf_ZW=F_d9;4800;ASH_COATED_OSMIUM;9900;7;9896;17;;;9923;10;9927;31;;;9911.5;0.0
yf_ZW=F_d9;4800;INTARIAN_PEPPER_ROOT;10082;11;10080;20;;;10088;17;10090;21;;;10085.0;0.0
yf_ZW=F_d9;4900;ASH_COATED_OSMIUM;9908;12;9905;25;;;9915;17;9919;27;;;9911.5;0.0
yf_ZW=F_d9;4900;INTARIAN_PEPPER_ROOT;10076;17;10074;28;;;10095;8;10098;18;;;10085.5;0.0
yf_ZW=F_d9;5000;ASH_COATED_OSMIUM;9908;19;9904;15;;;9914;5;9916;24;;;9911.0;0.0
yf_ZW=F_d9;5000;INTARIAN_PEPPER_ROOT;10085;15;10082;12;;;10091;9;10094;8;;;10088.0;0.0
yf_ZW=F_d9;5100;ASH_COATED_OSMIUM;9906;14;9904;16;;;9916;11;9918;25;;;9911.0;0.0
yf_ZW=F_d9;5100;INTARIAN_PEPPER_ROOT;10086;17;10083;25;;;10092;13;10094;20;;;10089.0;0.0
yf_ZW=F_d9;5200;ASH_COATED_OSMIUM;9909;5;9905;21;;;9915;12;9919;26;;;9912.0;0.0
yf_ZW=F_d9;5200;INTARIAN_PEPPER_ROOT;10087;20;10085;24;;;10095;19;10097;11;;;10091.0;0.0
yf_ZW=F_d9;5300;ASH_COATED_OSMIUM;9909;12;9907;15;;;9915;23;9919;19;;;9912.0;0.0
yf_ZW=F_d9;5300;INTARIAN_PEPPER_ROOT;10088;11;10085;23;;;10098;13;10102;20;;;10093.0;0.0
yf_ZW=F_d9;5400;ASH_COATED_OSMIUM;9909;18;9905;26;;;9915;24;9918;18;;;9912.0;0.0
yf_ZW=F_d9;5400;INTARIAN_PEPPER_ROOT;10087;8;10085;28;;;10103;5;10106;19;;;10095.0;0.0
yf_ZW=F_d9;5500;ASH_COATED_OSMIUM;9910;14;9908;14;;;9916;20;9919;19;;;9913.0;0.0
yf_ZW=F_d9;5500;INTARIAN_PEPPER_ROOT;10093;15;10091;19;;;10099;17;10103;15;;;10096.0;0.0
yf_ZW=F_d9;5600;ASH_COATED_OSMIUM;9910;17;9906;22;;;9916;19;9920;16;;;9913.0;0.0
yf_ZW=F_d9;5600;INTARIAN_PEPPER_ROOT;10095;18;10093;23;;;10101;19;10104;13;;;10098.0;0.0
yf_ZW=F_d9;5700;ASH_COATED_OSMIUM;9910;8;9908;17;;;9916;20;9920;25;;;9913.0;0.0
yf_ZW=F_d9;5700;INTARIAN_PEPPER_ROOT;10097;15;10093;15;;;10103;16;10107;25;;;10100.0;0.0
yf_ZW=F_d9;5800;ASH_COATED_OSMIUM;9910;25;9908;20;;;9916;18;9919;21;;;9913.0;0.0
yf_ZW=F_d9;5800;INTARIAN_PEPPER_ROOT;10098;17;10094;21;;;10104;22;10107;27;;;10101.0;0.0
yf_ZW=F_d9;5900;ASH_COATED_OSMIUM;9910;7;9908;23;;;9916;10;9920;34;;;9913.0;0.0
yf_ZW=F_d9;5900;INTARIAN_PEPPER_ROOT;10101;19;10097;16;;;10107;14;10111;29;;;10104.0;0.0
yf_ZW=F_d9;6000;ASH_COATED_OSMIUM;9911;24;9909;19;;;9917;24;9919;15;;;9914.0;0.0
yf_ZW=F_d9;6000;INTARIAN_PEPPER_ROOT;10101;5;10097;22;;;10110;5;10114;15;;;10105.5;0.0
yf_ZW=F_d9;6100;ASH_COATED_OSMIUM;9909;14;9906;19;;;9919;13;9922;17;;;9914.0;0.0
yf_ZW=F_d9;6100;INTARIAN_PEPPER_ROOT;10100;21;10098;20;;;10116;21;10118;20;;;10108.0;0.0
yf_ZW=F_d9;6200;ASH_COATED_OSMIUM;9895;18;9892;18;;;9934;12;9938;22;;;9914.5;0.0
yf_ZW=F_d9;6200;INTARIAN_PEPPER_ROOT;10090;24;10087;18;;;10128;6;10132;17;;;10109.0;0.0
yf_ZW=F_d9;6300;ASH_COATED_OSMIUM;9911;7;9907;26;;;9917;11;9919;14;;;9914.0;0.0
yf_ZW=F_d9;6300;INTARIAN_PEPPER_ROOT;10107;6;10104;23;;;10113;11;10117;23;;;10110.0;0.0
yf_ZW=F_d9;6400;ASH_COATED_OSMIUM;9901;16;9899;15;;;9928;5;9932;17;;;9914.5;0.0
yf_ZW=F_d9;6400;INTARIAN_PEPPER_ROOT;10108;8;10104;13;;;10116;17;10118;19;;;10112.0;0.0
yf_ZW=F_d9;6500;ASH_COATED_OSMIUM;9912;13;9908;19;;;9918;10;9922;12;;;9915.0;0.0
yf_ZW=F_d9;6500;INTARIAN_PEPPER_ROOT;10111;16;10109;17;;;10117;15;10121;21;;;10114.0;0.0
yf_ZW=F_d9;6600;ASH_COATED_OSMIUM;9912;19;9909;16;;;9918;20;9920;18;;;9915.0;0.0
yf_ZW=F_d9;6600;INTARIAN_PEPPER_ROOT;10088;5;10085;25;;;10143;14;10147;17;;;10115.5;0.0
yf_ZW=F_d9;6700;ASH_COATED_OSMIUM;9909;11;9905;20;;;9922;22;9924;20;;;9915.5;0.0
yf_ZW=F_d9;6700;INTARIAN_PEPPER_ROOT;10112;16;10108;22;;;10125;18;10127;25;;;10118.5;0.0
yf_ZW=F_d9;6800;ASH_COATED_OSMIUM;9913;21;9911;22;;;9919;8;9922;21;;;9916.0;0.0
yf_ZW=F_d9;6800;INTARIAN_PEPPER_ROOT;10116;19;10114;20;;;10122;13;10126;21;;;10119.0;0.0
yf_ZW=F_d9;6900;ASH_COATED_OSMIUM;9914;17;9911;20;;;9920;16;9922;23;;;9917.0;0.0
yf_ZW=F_d9;6900;INTARIAN_PEPPER_ROOT;10118;20;10114;19;;;10124;7;10127;15;;;10121.0;0.0
yf_ZW=F_d9;7000;ASH_COATED_OSMIUM;9912;13;9909;22;;;9919;20;9921;22;;;9915.5;0.0
yf_ZW=F_d9;7000;INTARIAN_PEPPER_ROOT;10120;13;10118;23;;;10126;24;10128;18;;;10123.0;0.0
yf_ZW=F_d9;7100;ASH_COATED_OSMIUM;9911;13;9908;13;;;9922;17;9924;22;;;9916.5;0.0
yf_ZW=F_d9;7100;INTARIAN_PEPPER_ROOT;10118;18;10116;20;;;10132;11;10136;21;;;10125.0;0.0
yf_ZW=F_d9;7200;ASH_COATED_OSMIUM;9907;15;9905;16;;;9926;18;9930;22;;;9916.5;0.0
yf_ZW=F_d9;7200;INTARIAN_PEPPER_ROOT;10123;10;10119;9;;;10129;12;10133;10;;;10126.0;0.0
yf_ZW=F_d9;7300;ASH_COATED_OSMIUM;9914;13;9911;20;;;9920;17;9924;13;;;9917.0;0.0
yf_ZW=F_d9;7300;INTARIAN_PEPPER_ROOT;10108;19;10105;22;;;10149;15;10152;14;;;10128.5;0.0
yf_ZW=F_d9;7400;ASH_COATED_OSMIUM;9914;15;9911;18;;;9920;16;9923;22;;;9917.0;0.0
yf_ZW=F_d9;7400;INTARIAN_PEPPER_ROOT;10127;9;10125;16;;;10133;14;10137;27;;;10130.0;0.0
yf_ZW=F_d9;7500;ASH_COATED_OSMIUM;9911;18;9907;24;;;9925;15;9929;18;;;9918.0;0.0
yf_ZW=F_d9;7500;INTARIAN_PEPPER_ROOT;10125;14;10122;14;;;10138;17;10140;14;;;10131.5;0.0
yf_ZW=F_d9;7600;ASH_COATED_OSMIUM;9911;11;9908;22;;;9924;18;9928;25;;;9917.5;0.0
yf_ZW=F_d9;7600;INTARIAN_PEPPER_ROOT;10131;15;10128;19;;;10137;30;10141;28;;;10134.0;0.0
yf_ZW=F_d9;7700;ASH_COATED_OSMIUM;9915;14;9913;22;;;9921;8;9925;17;;;9918.0;0.0
yf_ZW=F_d9;7700;INTARIAN_PEPPER_ROOT;10132;17;10129;15;;;10138;20;10141;21;;;10135.0;0.0
yf_ZW=F_d9;7800;ASH_COATED_OSMIUM;9915;5;9911;20;;;9921;11;9925;19;;;9918.0;0.0
yf_ZW=F_d9;7800;INTARIAN_PEPPER_ROOT;10135;14;10133;16;;;10141;11;10144;8;;;10138.0;0.0
yf_ZW=F_d9;7900;ASH_COATED_OSMIUM;9914;21;9910;8;;;9923;17;9925;24;;;9918.5;0.0
yf_ZW=F_d9;7900;INTARIAN_PEPPER_ROOT;10132;18;10129;18;;;10145;10;10149;15;;;10138.5;0.0
yf_ZW=F_d9;8000;ASH_COATED_OSMIUM;9916;10;9914;17;;;9922;8;9924;19;;;9919.0;0.0
yf_ZW=F_d9;8000;INTARIAN_PEPPER_ROOT;10132;17;10129;16;;;10149;14;10151;19;;;10140.5;0.0
yf_ZW=F_d9;8100;ASH_COATED_OSMIUM;9909;19;9907;25;;;9929;8;9931;16;;;9919.0;0.0
yf_ZW=F_d9;8100;INTARIAN_PEPPER_ROOT;10130;18;10128;15;;;10154;17;10158;15;;;10142.0;0.0
yf_ZW=F_d9;8200;ASH_COATED_OSMIUM;9915;18;9911;14;;;9921;20;9923;17;;;9918.0;0.0
yf_ZW=F_d9;8200;INTARIAN_PEPPER_ROOT;10138;12;10135;15;;;10150;12;10154;22;;;10144.0;0.0
yf_ZW=F_d9;8300;ASH_COATED_OSMIUM;9916;17;9912;16;;;9922;8;9924;18;;;9919.0;0.0
yf_ZW=F_d9;8300;INTARIAN_PEPPER_ROOT;10143;8;10139;16;;;10149;17;10153;15;;;10146.0;0.0
yf_ZW=F_d9;8400;ASH_COATED_OSMIUM;9917;9;9915;30;;;9923;13;9925;20;;;9920.0;0.0
yf_ZW=F_d9;8400;INTARIAN_PEPPER_ROOT;10144;23;10142;28;;;10150;18;10154;15;;;10147.0;0.0
yf_ZW=F_d9;8500;ASH_COATED_OSMIUM;9917;13;9914;9;;;9923;15;9925;21;;;9920.0;0.0
yf_ZW=F_d9;8500;INTARIAN_PEPPER_ROOT;10143;19;10141;14;;;10157;16;10160;22;;;10150.0;0.0
yf_ZW=F_d9;8600;ASH_COATED_OSMIUM;9917;8;9914;23;;;9923;12;9925;26;;;9920.0;0.0
yf_ZW=F_d9;8600;INTARIAN_PEPPER_ROOT;10148;19;10145;18;;;10154;15;10158;22;;;10151.0;0.0
yf_ZW=F_d9;8700;ASH_COATED_OSMIUM;9917;11;9914;24;;;9923;24;9925;18;;;9920.0;0.0
yf_ZW=F_d9;8700;INTARIAN_PEPPER_ROOT;10150;11;10146;26;;;10156;8;10158;12;;;10153.0;0.0
yf_ZW=F_d9;8800;ASH_COATED_OSMIUM;9918;19;9915;20;;;9924;14;9926;13;;;9921.0;0.0
yf_ZW=F_d9;8800;INTARIAN_PEPPER_ROOT;10151;10;10148;19;;;10157;15;10160;18;;;10154.0;0.0
yf_ZW=F_d9;8900;ASH_COATED_OSMIUM;9918;5;9916;20;;;9924;10;9926;25;;;9921.0;0.0
yf_ZW=F_d9;8900;INTARIAN_PEPPER_ROOT;10154;15;10151;20;;;10160;13;10163;18;;;10157.0;0.0
yf_ZW=F_d9;9000;ASH_COATED_OSMIUM;9918;16;9916;19;;;9924;14;9928;16;;;9921.0;0.0
yf_ZW=F_d9;9000;INTARIAN_PEPPER_ROOT;10155;12;10152;19;;;10161;12;10164;21;;;10158.0;0.0
yf_ZW=F_d9;9100;ASH_COATED_OSMIUM;9918;9;9915;20;;;9924;22;9926;27;;;9921.0;0.0
yf_ZW=F_d9;9100;INTARIAN_PEPPER_ROOT;10152;11;10148;25;;;10167;5;10171;25;;;10159.5;0.0
yf_ZW=F_d9;9200;ASH_COATED_OSMIUM;9918;10;9915;25;;;9924;10;9927;22;;;9921.0;0.0
yf_ZW=F_d9;9200;INTARIAN_PEPPER_ROOT;10158;15;10154;11;;;10164;15;10168;21;;;10161.0;0.0
yf_ZW=F_d9;9300;ASH_COATED_OSMIUM;9919;14;9915;22;;;9925;17;9928;21;;;9922.0;0.0
yf_ZW=F_d9;9300;INTARIAN_PEPPER_ROOT;10161;10;10159;29;;;10167;13;10171;27;;;10164.0;0.0
yf_ZW=F_d9;9400;ASH_COATED_OSMIUM;9917;20;9915;23;;;9927;17;9930;18;;;9922.0;0.0
yf_ZW=F_d9;9400;INTARIAN_PEPPER_ROOT;10159;14;10157;14;;;10173;15;10176;16;;;10166.0;0.0
yf_ZW=F_d9;9500;ASH_COATED_OSMIUM;9916;5;9914;23;;;9930;16;9934;19;;;9923.0;0.0
yf_ZW=F_d9;9500;INTARIAN_PEPPER_ROOT;10161;10;10159;25;;;10174;9;10178;21;;;10167.5;0.0
yf_ZW=F_d9;9600;ASH_COATED_OSMIUM;9914;17;9912;19;;;9931;20;9935;18;;;9922.5;0.0
yf_ZW=F_d9;9600;INTARIAN_PEPPER_ROOT;10166;21;10163;18;;;10172;20;10175;16;;;10169.0;0.0
yf_ZW=F_d9;9700;ASH_COATED_OSMIUM;9919;5;9915;15;;;9925;9;9928;16;;;9922.0;0.0
yf_ZW=F_d9;9700;INTARIAN_PEPPER_ROOT;10168;6;10166;18;;;10174;17;10176;13;;;10171.0;0.0
yf_ZW=F_d9;9800;ASH_COATED_OSMIUM;9920;16;9916;14;;;9926;17;9928;17;;;9923.0;0.0
yf_ZW=F_d9;9800;INTARIAN_PEPPER_ROOT;10166;6;10164;18;;;10178;21;10181;28;;;10172.0;0.0
yf_ZW=F_d9;9900;ASH_COATED_OSMIUM;9920;7;9916;15;;;9926;10;9930;19;;;9923.0;0.0
yf_ZW=F_d9;9900;INTARIAN_PEPPER_ROOT;10170;13;10167;24;;;10177;14;10179;25;;;10173.5;0.0
yf_ZW=F_d9;10000;ASH_COATED_OSMIUM;9920;19;9916;16;;;9927;14;9931;24;;;9923.5;0.0
yf_ZW=F_d9;10000;INTARIAN_PEPPER_ROOT;10173;14;10170;24;;;10179;18;10182;15;;;10176.0;0.0
yf_ZW=F_d9;10100;ASH_COATED_OSMIUM;9920;11;9918;22;;;9926;15;9929;19;;;9923.0;0.0
yf_ZW=F_d9;10100;INTARIAN_PEPPER_ROOT;10175;11;10171;23;;;10181;17;10183;14;;;10178.0;0.0
yf_ZW=F_d9;10200;ASH_COATED_OSMIUM;9921;11;9919;15;;;9927;18;9931;20;;;9924.0;0.0
yf_ZW=F_d9;10200;INTARIAN_PEPPER_ROOT;10176;9;10173;20;;;10182;6;10186;20;;;10179.0;0.0
yf_ZW=F_d9;10300;ASH_COATED_OSMIUM;9908;23;9906;23;;;9940;17;9942;9;;;9924.0;0.0
yf_ZW=F_d9;10300;INTARIAN_PEPPER_ROOT;10172;15;10169;19;;;10191;10;10193;22;;;10181.5;0.0
yf_ZW=F_d9;10400;ASH_COATED_OSMIUM;9921;16;9917;15;;;9927;22;9931;20;;;9924.0;0.0
yf_ZW=F_d9;10400;INTARIAN_PEPPER_ROOT;10178;15;10175;20;;;10187;9;10190;16;;;10182.5;0.0
yf_ZW=F_d9;10500;ASH_COATED_OSMIUM;9922;10;9918;15;;;9928;9;9932;26;;;9925.0;0.0
yf_ZW=F_d9;10500;INTARIAN_PEPPER_ROOT;10182;10;10179;19;;;10188;11;10192;23;;;10185.0;0.0
yf_ZW=F_d9;10600;ASH_COATED_OSMIUM;9922;9;9920;23;;;9928;17;9931;19;;;9925.0;0.0
yf_ZW=F_d9;10600;INTARIAN_PEPPER_ROOT;10181;17;10179;13;;;10190;12;10194;11;;;10185.5;0.0
yf_ZW=F_d9;10700;ASH_COATED_OSMIUM;9919;18;9917;18;;;9930;12;9933;18;;;9924.5;0.0
yf_ZW=F_d9;10700;INTARIAN_PEPPER_ROOT;10185;16;10183;22;;;10191;22;10193;25;;;10188.0;0.0
yf_ZW=F_d9;10800;ASH_COATED_OSMIUM;9922;13;9918;23;;;9928;15;9930;25;;;9925.0;0.0
yf_ZW=F_d9;10800;INTARIAN_PEPPER_ROOT;10187;12;10184;20;;;10193;14;10196;25;;;10190.0;0.0
yf_ZW=F_d9;10900;ASH_COATED_OSMIUM;9923;7;9921;23;;;9929;17;9931;28;;;9926.0;0.0
yf_ZW=F_d9;10900;INTARIAN_PEPPER_ROOT;10189;18;10185;9;;;10195;18;10197;22;;;10192.0;0.0
yf_ZW=F_d9;11000;ASH_COATED_OSMIUM;9920;16;9918;27;;;9931;11;9934;13;;;9925.5;0.0
yf_ZW=F_d9;11000;INTARIAN_PEPPER_ROOT;10190;20;10186;14;;;10196;23;10199;16;;;10193.0;0.0
yf_ZW=F_d9;11100;ASH_COATED_OSMIUM;9923;11;9921;21;;;9929;18;9933;14;;;9926.0;0.0
yf_ZW=F_d9;11100;INTARIAN_PEPPER_ROOT;10192;21;10190;21;;;10198;26;10200;13;;;10195.0;0.0
yf_ZW=F_d9;11200;ASH_COATED_OSMIUM;9914;6;9912;21;;;9938;11;9940;27;;;9926.0;0.0
yf_ZW=F_d9;11200;INTARIAN_PEPPER_ROOT;10185;15;10181;27;;;10208;14;10210;25;;;10196.5;0.0
yf_ZW=F_d9;11300;ASH_COATED_OSMIUM;9918;21;9915;19;;;9936;9;9940;17;;;9927.0;0.0
yf_ZW=F_d9;11300;INTARIAN_PEPPER_ROOT;10195;16;10191;14;;;10201;10;10203;8;;;10198.0;0.0
yf_ZW=F_d9;11400;ASH_COATED_OSMIUM;9922;21;9918;15;;;9932;20;9936;17;;;9927.0;0.0
yf_ZW=F_d9;11400;INTARIAN_PEPPER_ROOT;10195;14;10191;23;;;10206;16;10209;12;;;10200.5;0.0
yf_ZW=F_d9;11500;ASH_COATED_OSMIUM;9914;11;9911;18;;;9940;18;9942;13;;;9927.0;0.0
yf_ZW=F_d9;11500;INTARIAN_PEPPER_ROOT;10187;17;10184;9;;;10218;16;10222;8;;;10202.5;0.0
yf_ZW=F_d9;11600;ASH_COATED_OSMIUM;9924;14;9921;29;;;9930;17;9932;16;;;9927.0;0.0
yf_ZW=F_d9;11600;INTARIAN_PEPPER_ROOT;10201;12;10197;22;;;10207;16;10210;16;;;10204.0;0.0
yf_ZW=F_d9;11700;ASH_COATED_OSMIUM;9922;14;9918;22;;;9931;26;9934;12;;;9926.5;0.0
yf_ZW=F_d9;11700;INTARIAN_PEPPER_ROOT;10203;19;10201;20;;;10209;15;10211;20;;;10206.0;0.0
yf_ZW=F_d9;11800;ASH_COATED_OSMIUM;9915;13;9912;29;;;9940;16;9942;26;;;9927.5;0.0
yf_ZW=F_d9;11800;INTARIAN_PEPPER_ROOT;10204;19;10201;26;;;10210;7;10214;14;;;10207.0;0.0
yf_ZW=F_d9;11900;ASH_COATED_OSMIUM;9925;15;9921;20;;;9931;7;9933;17;;;9928.0;0.0
yf_ZW=F_d9;11900;INTARIAN_PEPPER_ROOT;10206;11;10203;22;;;10212;18;10214;24;;;10209.0;0.0
yf_ZW=F_d9;12000;ASH_COATED_OSMIUM;9925;9;9922;22;;;9931;13;9935;24;;;9928.0;0.0
yf_ZW=F_d9;12000;INTARIAN_PEPPER_ROOT;10205;18;10201;23;;;10217;10;10221;15;;;10211.0;0.0
yf_ZW=F_d9;12100;ASH_COATED_OSMIUM;9924;11;9920;16;;;9932;15;9936;13;;;9928.0;0.0
yf_ZW=F_d9;12100;INTARIAN_PEPPER_ROOT;10210;10;10206;22;;;10216;18;10218;16;;;10213.0;0.0
yf_ZW=F_d9;12200;ASH_COATED_OSMIUM;9919;16;9916;20;;;9937;13;9941;23;;;9928.0;0.0
yf_ZW=F_d9;12200;INTARIAN_PEPPER_ROOT;10211;10;10208;29;;;10218;16;10222;18;;;10214.5;0.0
yf_ZW=F_d9;12300;ASH_COATED_OSMIUM;9925;24;9923;18;;;9932;16;9934;33;;;9928.5;0.0
yf_ZW=F_d9;12300;INTARIAN_PEPPER_ROOT;10214;6;10211;23;;;10220;13;10224;26;;;10217.0;0.0
yf_ZW=F_d9;12400;ASH_COATED_OSMIUM;9926;11;9924;19;;;9932;11;9936;23;;;9929.0;0.0
yf_ZW=F_d9;12400;INTARIAN_PEPPER_ROOT;10215;12;10212;20;;;10221;15;10224;19;;;10218.0;0.0
yf_ZW=F_d9;12500;ASH_COATED_OSMIUM;9927;22;9925;19;;;9933;19;9937;16;;;9930.0;0.0
yf_ZW=F_d9;12500;INTARIAN_PEPPER_ROOT;10217;8;10214;23;;;10223;18;10227;17;;;10220.0;0.0
yf_ZW=F_d9;12600;ASH_COATED_OSMIUM;9921;20;9918;19;;;9937;19;9940;23;;;9929.0;0.0
yf_ZW=F_d9;12600;INTARIAN_PEPPER_ROOT;10214;18;10211;23;;;10229;18;10233;23;;;10221.5;0.0
yf_ZW=F_d9;12700;ASH_COATED_OSMIUM;9927;5;9923;21;;;9933;19;9935;27;;;9930.0;0.0
yf_ZW=F_d9;12700;INTARIAN_PEPPER_ROOT;10221;15;10219;16;;;10227;10;10230;21;;;10224.0;0.0
yf_ZW=F_d9;12800;ASH_COATED_OSMIUM;9927;11;9925;18;;;9933;14;9935;16;;;9930.0;0.0
yf_ZW=F_d9;12800;INTARIAN_PEPPER_ROOT;10223;9;10221;16;;;10229;17;10231;18;;;10226.0;0.0
yf_ZW=F_d9;12900;ASH_COATED_OSMIUM;9928;27;9926;25;;;9934;20;9936;17;;;9931.0;0.0
yf_ZW=F_d9;12900;INTARIAN_PEPPER_ROOT;10223;5;10219;18;;;10229;20;10231;13;;;10226.0;0.0
yf_ZW=F_d9;13000;ASH_COATED_OSMIUM;9927;18;9924;23;;;9933;16;9937;19;;;9930.0;0.0
yf_ZW=F_d9;13000;INTARIAN_PEPPER_ROOT;10226;18;10224;23;;;10232;6;10234;16;;;10229.0;0.0
yf_ZW=F_d9;13100;ASH_COATED_OSMIUM;9928;10;9926;22;;;9934;21;9938;14;;;9931.0;0.0
yf_ZW=F_d9;13100;INTARIAN_PEPPER_ROOT;10228;16;10225;14;;;10234;13;10237;23;;;10231.0;0.0
yf_ZW=F_d9;13200;ASH_COATED_OSMIUM;9927;5;9923;15;;;9935;12;9939;20;;;9931.0;0.0
yf_ZW=F_d9;13200;INTARIAN_PEPPER_ROOT;10229;14;10227;17;;;10235;16;10237;17;;;10232.0;0.0
yf_ZW=F_d9;13300;ASH_COATED_OSMIUM;9929;30;9925;18;;;9935;14;9937;22;;;9932.0;0.0
yf_ZW=F_d9;13300;INTARIAN_PEPPER_ROOT;10228;8;10225;22;;;10241;11;10244;23;;;10234.5;0.0
yf_ZW=F_d9;13400;ASH_COATED_OSMIUM;9929;7;9927;19;;;9935;15;9937;12;;;9932.0;0.0
yf_ZW=F_d9;13400;INTARIAN_PEPPER_ROOT;10231;14;10227;22;;;10241;23;10243;19;;;10236.0;0.0
yf_ZW=F_d9;13500;ASH_COATED_OSMIUM;9927;14;9923;21;;;9937;12;9940;31;;;9932.0;0.0
yf_ZW=F_d9;13500;INTARIAN_PEPPER_ROOT;10235;22;10232;27;;;10241;18;10245;12;;;10238.0;0.0
yf_ZW=F_d9;13600;ASH_COATED_OSMIUM;9929;17;9927;20;;;9935;21;9939;28;;;9932.0;0.0
yf_ZW=F_d9;13600;INTARIAN_PEPPER_ROOT;10228;20;10226;20;;;10252;20;10255;19;;;10240.0;0.0
yf_ZW=F_d9;13700;ASH_COATED_OSMIUM;9927;23;9923;27;;;9937;12;9940;18;;;9932.0;0.0
yf_ZW=F_d9;13700;INTARIAN_PEPPER_ROOT;10238;8;10235;23;;;10244;5;10246;17;;;10241.0;0.0
yf_ZW=F_d9;13800;ASH_COATED_OSMIUM;9930;14;9927;12;;;9936;14;9938;21;;;9933.0;0.0
yf_ZW=F_d9;13800;INTARIAN_PEPPER_ROOT;10241;20;10238;11;;;10247;5;10250;19;;;10244.0;0.0
yf_ZW=F_d9;13900;ASH_COATED_OSMIUM;9926;11;9922;13;;;9939;15;9942;22;;;9932.5;0.0
yf_ZW=F_d9;13900;INTARIAN_PEPPER_ROOT;10242;13;10240;12;;;10248;20;10251;14;;;10245.0;0.0
yf_ZW=F_d9;14000;ASH_COATED_OSMIUM;9930;15;9927;19;;;9936;17;9939;17;;;9933.0;0.0
yf_ZW=F_d9;14000;INTARIAN_PEPPER_ROOT;10242;18;10239;21;;;10250;12;10252;19;;;10246.0;0.0
yf_ZW=F_d9;14100;ASH_COATED_OSMIUM;9922;18;9919;29;;;9943;17;9945;20;;;9932.5;0.0
yf_ZW=F_d9;14100;INTARIAN_PEPPER_ROOT;10245;15;10242;21;;;10251;8;10255;21;;;10248.0;0.0
yf_ZW=F_d9;14200;ASH_COATED_OSMIUM;9930;12;9926;16;;;9936;14;9938;20;;;9933.0;0.0
yf_ZW=F_d9;14200;INTARIAN_PEPPER_ROOT;10246;10;10243;21;;;10253;15;10255;22;;;10249.5;0.0
yf_ZW=F_d9;14300;ASH_COATED_OSMIUM;9927;10;9925;20;;;9941;19;9943;26;;;9934.0;0.0
yf_ZW=F_d9;14300;INTARIAN_PEPPER_ROOT;10249;13;10247;17;;;10255;10;10259;11;;;10252.0;0.0
yf_ZW=F_d9;14400;ASH_COATED_OSMIUM;9931;10;9929;20;;;9937;14;9940;12;;;9934.0;0.0
yf_ZW=F_d9;14400;INTARIAN_PEPPER_ROOT;10251;17;10247;24;;;10257;20;10259;23;;;10254.0;0.0
yf_ZW=F_d9;14500;ASH_COATED_OSMIUM;9931;12;9928;22;;;9937;15;9940;26;;;9934.0;0.0
yf_ZW=F_d9;14500;INTARIAN_PEPPER_ROOT;10252;20;10249;15;;;10258;15;10262;21;;;10255.0;0.0
yf_ZW=F_d9;14600;ASH_COATED_OSMIUM;9929;11;9926;18;;;9940;12;9944;19;;;9934.5;0.0
yf_ZW=F_d9;14600;INTARIAN_PEPPER_ROOT;10253;13;10250;17;;;10261;16;10263;21;;;10257.0;0.0
yf_ZW=F_d9;14700;ASH_COATED_OSMIUM;9931;14;9928;18;;;9937;20;9939;22;;;9934.0;0.0
yf_ZW=F_d9;14700;INTARIAN_PEPPER_ROOT;10255;13;10253;23;;;10261;22;10265;25;;;10258.0;0.0
yf_ZW=F_d9;14800;ASH_COATED_OSMIUM;9932;16;9929;23;;;9938;5;9941;23;;;9935.0;0.0
yf_ZW=F_d9;14800;INTARIAN_PEPPER_ROOT;10258;23;10254;15;;;10264;11;10266;27;;;10261.0;0.0
yf_ZW=F_d9;14900;ASH_COATED_OSMIUM;9932;12;9929;17;;;9939;14;9942;23;;;9935.5;0.0
yf_ZW=F_d9;14900;INTARIAN_PEPPER_ROOT;10260;18;10256;16;;;10266;15;10268;13;;;10263.0;0.0
yf_ZW=F_d9;15000;ASH_COATED_OSMIUM;9929;10;9925;23;;;9943;11;9946;13;;;9936.0;0.0
yf_ZW=F_d9;15000;INTARIAN_PEPPER_ROOT;10261;16;10257;21;;;10267;12;10270;26;;;10264.0;0.0
yf_ZW=F_d9;15100;ASH_COATED_OSMIUM;9932;16;9929;19;;;9938;16;9942;19;;;9935.0;0.0
yf_ZW=F_d9;15100;INTARIAN_PEPPER_ROOT;10263;20;10260;24;;;10269;20;10272;19;;;10266.0;0.0
yf_ZW=F_d9;15200;ASH_COATED_OSMIUM;9933;17;9930;21;;;9939;15;9941;15;;;9936.0;0.0
yf_ZW=F_d9;15200;INTARIAN_PEPPER_ROOT;10260;11;10258;20;;;10275;5;10278;24;;;10267.5;0.0
yf_ZW=F_d9;15300;ASH_COATED_OSMIUM;9933;14;9929;20;;;9939;15;9942;20;;;9936.0;0.0
yf_ZW=F_d9;15300;INTARIAN_PEPPER_ROOT;10259;11;10257;19;;;10281;24;10284;20;;;10270.0;0.0
yf_ZW=F_d9;15400;ASH_COATED_OSMIUM;9933;19;9931;22;;;9940;16;9942;17;;;9936.5;0.0
yf_ZW=F_d9;15400;INTARIAN_PEPPER_ROOT;10268;19;10265;28;;;10274;9;10276;16;;;10271.0;0.0
yf_ZW=F_d9;15500;ASH_COATED_OSMIUM;9933;17;9931;21;;;9939;12;9943;15;;;9936.0;0.0
yf_ZW=F_d9;15500;INTARIAN_PEPPER_ROOT;10259;9;10256;30;;;10287;17;10291;18;;;10273.0;0.0
yf_ZW=F_d9;15600;ASH_COATED_OSMIUM;9931;21;9929;25;;;9941;7;9945;15;;;9936.0;0.0
yf_ZW=F_d9;15600;INTARIAN_PEPPER_ROOT;10272;10;10269;14;;;10278;20;10281;20;;;10275.0;0.0
yf_ZW=F_d9;15700;ASH_COATED_OSMIUM;9931;14;9927;10;;;9942;9;9945;19;;;9936.5;0.0
yf_ZW=F_d9;15700;INTARIAN_PEPPER_ROOT;10274;13;10272;32;;;10280;12;10282;23;;;10277.0;0.0
yf_ZW=F_d9;15800;ASH_COATED_OSMIUM;9930;23;9928;20;;;9944;16;9948;20;;;9937.0;0.0
yf_ZW=F_d9;15800;INTARIAN_PEPPER_ROOT;10275;12;10273;19;;;10281;14;10285;19;;;10278.0;0.0
yf_ZW=F_d9;15900;ASH_COATED_OSMIUM;9934;26;9930;24;;;9940;15;9943;16;;;9937.0;0.0
yf_ZW=F_d9;15900;INTARIAN_PEPPER_ROOT;10272;21;10270;21;;;10288;8;10292;19;;;10280.0;0.0
yf_ZW=F_d9;16000;ASH_COATED_OSMIUM;9932;7;9928;12;;;9942;19;9946;18;;;9937.0;0.0
yf_ZW=F_d9;16000;INTARIAN_PEPPER_ROOT;10279;9;10275;30;;;10285;19;10287;16;;;10282.0;0.0
yf_ZW=F_d9;16100;ASH_COATED_OSMIUM;9926;17;9922;15;;;9951;13;9954;23;;;9938.5;0.0
yf_ZW=F_d9;16100;INTARIAN_PEPPER_ROOT;10281;21;10278;8;;;10287;19;10291;18;;;10284.0;0.0
yf_ZW=F_d9;16200;ASH_COATED_OSMIUM;9935;17;9932;13;;;9941;22;9944;21;;;9938.0;0.0
yf_ZW=F_d9;16200;INTARIAN_PEPPER_ROOT;10282;18;10280;17;;;10288;15;10291;24;;;10285.0;0.0
yf_ZW=F_d9;16300;ASH_COATED_OSMIUM;9935;18;9931;27;;;9941;14;9943;15;;;9938.0;0.0
yf_ZW=F_d9;16300;INTARIAN_PEPPER_ROOT;10284;21;10280;17;;;10290;19;10293;21;;;10287.0;0.0
yf_ZW=F_d9;16400;ASH_COATED_OSMIUM;9936;9;9933;19;;;9942;10;9944;24;;;9939.0;0.0
yf_ZW=F_d9;16400;INTARIAN_PEPPER_ROOT;10278;14;10274;18;;;10300;12;10303;16;;;10289.0;0.0
yf_ZW=F_d9;16500;ASH_COATED_OSMIUM;9936;23;9932;22;;;9942;8;9944;21;;;9939.0;0.0
yf_ZW=F_d9;16500;INTARIAN_PEPPER_ROOT;10284;15;10282;24;;;10297;12;10299;12;;;10290.5;0.0
yf_ZW=F_d9;16600;ASH_COATED_OSMIUM;9936;22;9932;14;;;9942;20;9945;25;;;9939.0;0.0
yf_ZW=F_d9;16600;INTARIAN_PEPPER_ROOT;10290;16;10288;16;;;10296;15;10299;19;;;10293.0;0.0
yf_ZW=F_d9;16700;ASH_COATED_OSMIUM;9937;18;9933;24;;;9943;15;9947;17;;;9940.0;0.0
yf_ZW=F_d9;16700;INTARIAN_PEPPER_ROOT;10288;16;10286;20;;;10300;9;10304;16;;;10294.0;0.0
yf_ZW=F_d9;16800;ASH_COATED_OSMIUM;9933;16;9929;8;;;9947;15;9951;25;;;9940.0;0.0
yf_ZW=F_d9;16800;INTARIAN_PEPPER_ROOT;10293;14;10290;17;;;10299;23;10302;19;;;10296.0;0.0
yf_ZW=F_d9;16900;ASH_COATED_OSMIUM;9937;16;9935;30;;;9943;24;9945;18;;;9940.0;0.0
yf_ZW=F_d9;16900;INTARIAN_PEPPER_ROOT;10294;15;10292;21;;;10301;30;10305;18;;;10297.5;0.0
yf_ZW=F_d9;17000;ASH_COATED_OSMIUM;9937;17;9935;19;;;9943;5;9945;17;;;9940.0;0.0
yf_ZW=F_d9;17000;INTARIAN_PEPPER_ROOT;10299;19;10297;21;;;10305;9;10309;25;;;10302.0;0.0
yf_ZW=F_d9;17100;ASH_COATED_OSMIUM;9937;8;9935;27;;;9943;21;9947;17;;;9940.0;0.0
yf_ZW=F_d9;17100;INTARIAN_PEPPER_ROOT;10304;12;10300;22;;;10312;13;10314;18;;;10308.0;0.0
yf_ZW=F_d9;17200;ASH_COATED_OSMIUM;9934;14;9930;25;;;9945;22;9949;13;;;9939.5;0.0
yf_ZW=F_d9;17200;INTARIAN_PEPPER_ROOT;10310;20;10308;16;;;10316;14;10319;35;;;10313.0;0.0
yf_ZW=F_d9;17300;ASH_COATED_OSMIUM;9934;16;9932;11;;;9945;10;9949;15;;;9939.5;0.0
yf_ZW=F_d9;17300;INTARIAN_PEPPER_ROOT;10312;15;10309;13;;;10326;13;10330;16;;;10319.0;0.0
yf_ZW=F_d9;17400;ASH_COATED_OSMIUM;9935;21;9933;18;;;9942;10;9946;26;;;9938.5;0.0
yf_ZW=F_d9;17400;INTARIAN_PEPPER_ROOT;10318;14;10315;22;;;10331;24;10335;21;;;10324.5;0.0
yf_ZW=F_d9;17500;ASH_COATED_OSMIUM;9936;24;9932;25;;;9942;26;9946;9;;;9939.0;0.0
yf_ZW=F_d9;17500;INTARIAN_PEPPER_ROOT;10328;13;10324;17;;;10334;7;10337;14;;;10331.0;0.0
yf_ZW=F_d9;17600;ASH_COATED_OSMIUM;9936;13;9932;21;;;9942;6;9946;18;;;9939.0;0.0
yf_ZW=F_d9;17600;INTARIAN_PEPPER_ROOT;10334;15;10331;21;;;10340;10;10343;16;;;10337.0;0.0
yf_ZW=F_d9;17700;ASH_COATED_OSMIUM;9928;13;9924;14;;;9950;15;9954;27;;;9939.0;0.0
yf_ZW=F_d9;17700;INTARIAN_PEPPER_ROOT;10340;8;10338;18;;;10346;15;10348;15;;;10343.0;0.0
yf_ZW=F_d9;17800;ASH_COATED_OSMIUM;9935;19;9933;22;;;9941;19;9943;15;;;9938.0;0.0
yf_ZW=F_d9;17800;INTARIAN_PEPPER_ROOT;10342;12;10339;19;;;10355;15;10357;15;;;10348.5;0.0
yf_ZW=F_d9;17900;ASH_COATED_OSMIUM;9927;18;9923;21;;;9950;10;9953;21;;;9938.5;0.0
yf_ZW=F_d9;17900;INTARIAN_PEPPER_ROOT;10351;10;10347;19;;;10357;8;10360;8;;;10354.0;0.0
yf_ZW=F_d9;18000;ASH_COATED_OSMIUM;9932;15;9930;19;;;9944;17;9946;20;;;9938.0;0.0
yf_ZW=F_d9;18000;INTARIAN_PEPPER_ROOT;10356;7;10353;18;;;10363;13;10367;12;;;10359.5;0.0
yf_ZW=F_d9;18100;ASH_COATED_OSMIUM;9925;18;9922;14;;;9950;12;9954;17;;;9937.5;0.0
yf_ZW=F_d9;18100;INTARIAN_PEPPER_ROOT;10362;21;10359;26;;;10370;11;10372;30;;;10366.0;0.0
yf_ZW=F_d9;18200;ASH_COATED_OSMIUM;9934;8;9932;24;;;9940;20;9942;29;;;9937.0;0.0
yf_ZW=F_d9;18200;INTARIAN_PEPPER_ROOT;10367;21;10364;18;;;10374;17;10376;23;;;10370.5;0.0
yf_ZW=F_d9;18300;ASH_COATED_OSMIUM;9930;9;9926;26;;;9946;8;9950;16;;;9938.0;0.0
yf_ZW=F_d9;18300;INTARIAN_PEPPER_ROOT;10374;10;10371;16;;;10380;14;10384;25;;;10377.0;0.0
yf_ZW=F_d9;18400;ASH_COATED_OSMIUM;9928;14;9924;22;;;9946;13;9949;13;;;9937.0;0.0
yf_ZW=F_d9;18400;INTARIAN_PEPPER_ROOT;10380;14;10377;11;;;10386;17;10389;17;;;10383.0;0.0
yf_ZW=F_d9;18500;ASH_COATED_OSMIUM;9924;14;9922;28;;;9949;12;9953;16;;;9936.5;0.0
yf_ZW=F_d9;18500;INTARIAN_PEPPER_ROOT;10386;15;10382;31;;;10392;17;10394;19;;;10389.0;0.0
yf_ZW=F_d9;18600;ASH_COATED_OSMIUM;9934;22;9930;15;;;9940;20;9944;23;;;9937.0;0.0
yf_ZW=F_d9;18600;INTARIAN_PEPPER_ROOT;10392;16;10389;9;;;10398;10;10401;20;;;10395.0;0.0
yf_ZW=F_d9;18700;ASH_COATED_OSMIUM;9931;20;9927;15;;;9941;11;9943;25;;;9936.0;0.0
yf_ZW=F_d9;18700;INTARIAN_PEPPER_ROOT;10394;11;10392;22;;;10408;13;10411;21;;;10401.0;0.0
yf_ZW=F_d9;18800;ASH_COATED_OSMIUM;9933;12;9931;19;;;9939;20;9942;15;;;9936.0;0.0
yf_ZW=F_d9;18800;INTARIAN_PEPPER_ROOT;10403;13;10401;18;;;10409;24;10412;32;;;10406.0;0.0
yf_ZW=F_d9;18900;ASH_COATED_OSMIUM;9933;12;9930;25;;;9940;6;9943;17;;;9936.5;0.0
yf_ZW=F_d9;18900;INTARIAN_PEPPER_ROOT;10410;7;10407;17;;;10416;7;10419;17;;;10413.0;0.0
yf_ZW=F_d9;19000;ASH_COATED_OSMIUM;9934;17;9930;15;;;9940;17;9944;22;;;9937.0;0.0
yf_ZW=F_d9;19000;INTARIAN_PEPPER_ROOT;10408;17;10406;23;;;10429;21;10432;20;;;10418.5;0.0
yf_ZW=F_d9;19100;ASH_COATED_OSMIUM;9933;5;9930;24;;;9939;24;9942;28;;;9936.0;0.0
yf_ZW=F_d9;19100;INTARIAN_PEPPER_ROOT;10421;8;10418;19;;;10427;24;10430;14;;;10424.0;0.0
yf_ZW=F_d9;19200;ASH_COATED_OSMIUM;9933;12;9931;21;;;9939;13;9943;16;;;9936.0;0.0
yf_ZW=F_d9;19200;INTARIAN_PEPPER_ROOT;10418;21;10416;11;;;10442;15;10444;18;;;10430.0;0.0
yf_ZW=F_d9;19300;ASH_COATED_OSMIUM;9933;14;9931;32;;;9939;14;9943;22;;;9936.0;0.0
yf_ZW=F_d9;19300;INTARIAN_PEPPER_ROOT;10432;12;10428;25;;;10438;11;10441;30;;;10435.0;0.0
yf_ZW=F_d9;19400;ASH_COATED_OSMIUM;9932;5;9930;26;;;9938;17;9940;12;;;9935.0;0.0
yf_ZW=F_d9;19400;INTARIAN_PEPPER_ROOT;10437;14;10433;21;;;10446;5;10448;19;;;10441.5;0.0
yf_ZW=F_d9;19500;ASH_COATED_OSMIUM;9931;14;9928;20;;;9940;17;9942;13;;;9935.5;0.0
yf_ZW=F_d9;19500;INTARIAN_PEPPER_ROOT;10444;11;10442;26;;;10450;15;10454;21;;;10447.0;0.0
yf_ZW=F_d9;19600;ASH_COATED_OSMIUM;9933;18;9930;19;;;9939;25;9942;20;;;9936.0;0.0
yf_ZW=F_d9;19600;INTARIAN_PEPPER_ROOT;10450;17;10447;17;;;10456;13;10459;19;;;10453.0;0.0
yf_ZW=F_d9;19700;ASH_COATED_OSMIUM;9932;22;9930;14;;;9938;16;9942;13;;;9935.0;0.0
yf_ZW=F_d9;19700;INTARIAN_PEPPER_ROOT;10456;8;10454;21;;;10462;20;10464;19;;;10459.0;0.0
yf_ZW=F_d9;19800;ASH_COATED_OSMIUM;9932;12;9928;10;;;9938;7;9942;15;;;9935.0;0.0
yf_ZW=F_d9;19800;INTARIAN_PEPPER_ROOT;10462;21;10460;29;;;10469;23;10471;16;;;10465.5;0.0
yf_ZW=F_d9;19900;ASH_COATED_OSMIUM;9932;14;9928;26;;;9938;19;9942;19;;;9935.0;0.0
yf_ZW=F_d9;19900;INTARIAN_PEPPER_ROOT;10468;21;10465;28;;;10474;13;10476;11;;;10471.0;0.0
yf_ZW=F_d9;20000;ASH_COATED_OSMIUM;9931;7;9929;21;;;9937;7;9941;23;;;9934.0;0.0
yf_ZW=F_d9;20000;INTARIAN_PEPPER_ROOT;10474;16;10472;19;;;10480;29;10484;23;;;10477.0;0.0
yf_ZW=F_d9;20100;ASH_COATED_OSMIUM;9931;22;9928;21;;;9937;21;9940;8;;;9934.0;0.0
yf_ZW=F_d9;20100;INTARIAN_PEPPER_ROOT;10471;13;10468;14;;;10493;16;10496;26;;;10482.0;0.0
yf_ZW=F_d9;20200;ASH_COATED_OSMIUM;9930;18;9927;18;;;9937;8;9941;17;;;9933.5;0.0
yf_ZW=F_d9;20200;INTARIAN_PEPPER_ROOT;10485;10;10482;24;;;10491;9;10493;17;;;10488.0;0.0
yf_ZW=F_d9;20300;ASH_COATED_OSMIUM;9931;16;9929;23;;;9937;15;9940;13;;;9934.0;0.0
yf_ZW=F_d9;20300;INTARIAN_PEPPER_ROOT;10491;25;10489;23;;;10497;9;10499;18;;;10494.0;0.0
yf_ZW=F_d9;20400;ASH_COATED_OSMIUM;9930;18;9927;21;;;9936;9;9939;27;;;9933.0;0.0
yf_ZW=F_d9;20400;INTARIAN_PEPPER_ROOT;10493;20;10489;17;;;10508;7;10512;24;;;10500.5;0.0
yf_ZW=F_d9;20500;ASH_COATED_OSMIUM;9931;16;9928;20;;;9937;16;9940;20;;;9934.0;0.0
yf_ZW=F_d9;20500;INTARIAN_PEPPER_ROOT;10503;13;10499;19;;;10509;6;10513;22;;;10506.0;0.0
yf_ZW=F_d9;20600;ASH_COATED_OSMIUM;9930;10;9928;23;;;9936;15;9938;25;;;9933.0;0.0
yf_ZW=F_d9;20600;INTARIAN_PEPPER_ROOT;10509;16;10505;18;;;10515;17;10519;15;;;10512.0;0.0
yf_ZW=F_d9;20700;ASH_COATED_OSMIUM;9927;11;9925;24;;;9940;19;9942;17;;;9933.5;0.0
yf_ZW=F_d9;20700;INTARIAN_PEPPER_ROOT;10515;16;10513;25;;;10521;14;10524;22;;;10518.0;0.0
yf_ZW=F_d9;20800;ASH_COATED_OSMIUM;9930;11;9926;17;;;9936;5;9939;16;;;9933.0;0.0
yf_ZW=F_d9;20800;INTARIAN_PEPPER_ROOT;10521;14;10519;18;;;10527;18;10529;12;;;10524.0;0.0
yf_ZW=F_d9;20900;ASH_COATED_OSMIUM;9929;15;9926;20;;;9935;12;9937;9;;;9932.0;0.0
yf_ZW=F_d9;20900;INTARIAN_PEPPER_ROOT;10526;11;10523;26;;;10532;11;10535;26;;;10529.0;0.0
yf_ZW=F_d9;21000;ASH_COATED_OSMIUM;9924;19;9921;25;;;9940;20;9943;27;;;9932.0;0.0
yf_ZW=F_d9;21000;INTARIAN_PEPPER_ROOT;10532;13;10530;20;;;10538;13;10541;14;;;10535.0;0.0
yf_ZW=F_d9;21100;ASH_COATED_OSMIUM;9930;9;9927;16;;;9936;16;9938;19;;;9933.0;0.0
yf_ZW=F_d9;21100;INTARIAN_PEPPER_ROOT;10538;5;10536;11;;;10544;10;10547;18;;;10541.0;0.0
yf_ZW=F_d9;21200;ASH_COATED_OSMIUM;9929;24;9925;18;;;9935;22;9937;25;;;9932.0;0.0
yf_ZW=F_d9;21200;INTARIAN_PEPPER_ROOT;10541;27;10539;17;;;10552;19;10554;18;;;10546.5;0.0
yf_ZW=F_d9;21300;ASH_COATED_OSMIUM;9929;9;9925;26;;;9935;16;9939;20;;;9932.0;0.0
yf_ZW=F_d9;21300;INTARIAN_PEPPER_ROOT;10550;24;10546;27;;;10556;15;10558;19;;;10553.0;0.0
yf_ZW=F_d9;21400;ASH_COATED_OSMIUM;9926;25;9923;14;;;9939;16;9942;20;;;9932.5;0.0
yf_ZW=F_d9;21400;INTARIAN_PEPPER_ROOT;10556;14;10554;20;;;10562;9;10566;12;;;10559.0;0.0
yf_ZW=F_d9;21500;ASH_COATED_OSMIUM;9927;12;9924;29;;;9937;14;9939;18;;;9932.0;0.0
yf_ZW=F_d9;21500;INTARIAN_PEPPER_ROOT;10549;18;10546;23;;;10579;14;10581;9;;;10564.0;0.0
yf_ZW=F_d9;21600;ASH_COATED_OSMIUM;9928;18;9925;19;;;9934;18;9936;27;;;9931.0;0.0
yf_ZW=F_d9;21600;INTARIAN_PEPPER_ROOT;10566;17;10562;18;;;10575;14;10579;14;;;10570.5;0.0
yf_ZW=F_d9;21700;ASH_COATED_OSMIUM;9928;18;9926;21;;;9934;17;9937;32;;;9931.0;0.0
yf_ZW=F_d9;21700;INTARIAN_PEPPER_ROOT;10571;20;10568;16;;;10581;14;10585;16;;;10576.0;0.0
yf_ZW=F_d9;21800;ASH_COATED_OSMIUM;9928;9;9924;23;;;9934;13;9936;21;;;9931.0;0.0
yf_ZW=F_d9;21800;INTARIAN_PEPPER_ROOT;10579;22;10575;18;;;10585;12;10588;18;;;10582.0;0.0
yf_ZW=F_d9;21900;ASH_COATED_OSMIUM;9925;18;9921;15;;;9937;15;9939;12;;;9931.0;0.0
yf_ZW=F_d9;21900;INTARIAN_PEPPER_ROOT;10575;11;10573;21;;;10602;17;10604;12;;;10588.5;0.0
yf_ZW=F_d9;22000;ASH_COATED_OSMIUM;9928;20;9924;19;;;9934;11;9937;10;;;9931.0;0.0
yf_ZW=F_d9;22000;INTARIAN_PEPPER_ROOT;10589;5;10585;18;;;10598;27;10602;19;;;10593.5;0.0
yf_ZW=F_d9;22100;ASH_COATED_OSMIUM;9927;6;9925;23;;;9933;14;9937;24;;;9930.0;0.0
yf_ZW=F_d9;22100;INTARIAN_PEPPER_ROOT;10597;11;10593;20;;;10603;11;10605;23;;;10600.0;0.0
yf_ZW=F_d9;22200;ASH_COATED_OSMIUM;9927;17;9923;22;;;9933;9;9935;24;;;9930.0;0.0
yf_ZW=F_d9;22200;INTARIAN_PEPPER_ROOT;10602;15;10600;14;;;10608;5;10611;20;;;10605.0;0.0
yf_ZW=F_d9;22300;ASH_COATED_OSMIUM;9927;13;9923;22;;;9933;6;9936;29;;;9930.0;0.0
yf_ZW=F_d9;22300;INTARIAN_PEPPER_ROOT;10608;13;10606;8;;;10614;15;10618;23;;;10611.0;0.0
yf_ZW=F_d9;22400;ASH_COATED_OSMIUM;9926;15;9923;14;;;9934;20;9936;15;;;9930.0;0.0
yf_ZW=F_d9;22400;INTARIAN_PEPPER_ROOT;10614;22;10611;20;;;10620;17;10622;22;;;10617.0;0.0
yf_ZW=F_d9;22500;ASH_COATED_OSMIUM;9926;19;9923;11;;;9932;14;9935;15;;;9929.0;0.0
yf_ZW=F_d9;22500;INTARIAN_PEPPER_ROOT;10600;13;10596;16;;;10645;16;10647;21;;;10622.5;0.0
yf_ZW=F_d9;22600;ASH_COATED_OSMIUM;9925;15;9922;27;;;9933;16;9935;17;;;9929.0;0.0
yf_ZW=F_d9;22600;INTARIAN_PEPPER_ROOT;10622;18;10619;20;;;10635;13;10639;23;;;10628.5;0.0
yf_ZW=F_d9;22700;ASH_COATED_OSMIUM;9922;14;9918;16;;;9936;9;9938;19;;;9929.0;0.0
yf_ZW=F_d9;22700;INTARIAN_PEPPER_ROOT;10632;23;10628;22;;;10638;24;10640;18;;;10635.0;0.0
yf_ZW=F_d9;22800;ASH_COATED_OSMIUM;9924;5;9921;29;;;9934;12;9938;19;;;9929.0;0.0
yf_ZW=F_d9;22800;INTARIAN_PEPPER_ROOT;10638;10;10635;25;;;10644;20;10646;18;;;10641.0;0.0
yf_ZW=F_d9;22900;ASH_COATED_OSMIUM;9912;12;9908;21;;;9945;11;9947;26;;;9928.5;0.0
yf_ZW=F_d9;22900;INTARIAN_PEPPER_ROOT;10633;21;10629;23;;;10658;7;10662;23;;;10645.5;0.0
yf_ZW=F_d9;23000;ASH_COATED_OSMIUM;9926;17;9922;15;;;9932;11;9934;24;;;9929.0;0.0
yf_ZW=F_d9;23000;INTARIAN_PEPPER_ROOT;10648;22;10645;22;;;10654;19;10656;19;;;10651.0;0.0
yf_ZW=F_d9;23100;ASH_COATED_OSMIUM;9926;20;9922;24;;;9932;13;9935;33;;;9929.0;0.0
yf_ZW=F_d9;23100;INTARIAN_PEPPER_ROOT;10653;16;10650;23;;;10661;20;10665;14;;;10657.0;0.0
yf_ZW=F_d9;23200;ASH_COATED_OSMIUM;9924;18;9921;23;;;9932;15;9935;24;;;9928.0;0.0
yf_ZW=F_d9;23200;INTARIAN_PEPPER_ROOT;10652;19;10648;19;;;10674;14;10676;18;;;10663.0;0.0
yf_ZW=F_d9;23300;ASH_COATED_OSMIUM;9925;5;9923;22;;;9931;18;9934;19;;;9928.0;0.0
yf_ZW=F_d9;23300;INTARIAN_PEPPER_ROOT;10662;13;10659;16;;;10678;16;10682;18;;;10670.0;0.0
yf_ZW=F_d9;23400;ASH_COATED_OSMIUM;9923;13;9920;19;;;9932;5;9934;20;;;9927.5;0.0
yf_ZW=F_d9;23400;INTARIAN_PEPPER_ROOT;10672;5;10670;10;;;10678;15;10682;29;;;10675.0;0.0
yf_ZW=F_d9;23500;ASH_COATED_OSMIUM;9925;13;9922;19;;;9931;11;9933;22;;;9928.0;0.0
yf_ZW=F_d9;23500;INTARIAN_PEPPER_ROOT;10678;16;10675;18;;;10684;7;10688;18;;;10681.0;0.0
yf_ZW=F_d9;23600;ASH_COATED_OSMIUM;9922;14;9920;14;;;9934;12;9938;19;;;9928.0;0.0
yf_ZW=F_d9;23600;INTARIAN_PEPPER_ROOT;10682;19;10679;23;;;10692;12;10695;13;;;10687.0;0.0
yf_ZW=F_d9;23700;ASH_COATED_OSMIUM;9925;14;9921;23;;;9931;8;9934;22;;;9928.0;0.0
yf_ZW=F_d9;23700;INTARIAN_PEPPER_ROOT;10682;12;10680;25;;;10703;15;10705;26;;;10692.5;0.0
yf_ZW=F_d9;23800;ASH_COATED_OSMIUM;9924;7;9922;23;;;9930;14;9932;19;;;9927.0;0.0
yf_ZW=F_d9;23800;INTARIAN_PEPPER_ROOT;10695;20;10693;20;;;10702;15;10705;20;;;10698.5;0.0
yf_ZW=F_d9;23900;ASH_COATED_OSMIUM;9924;12;9921;25;;;9930;17;9932;15;;;9927.0;0.0
yf_ZW=F_d9;23900;INTARIAN_PEPPER_ROOT;10701;14;10699;27;;;10707;20;10711;20;;;10704.0;0.0
yf_ZW=F_d9;24000;ASH_COATED_OSMIUM;9924;20;9920;20;;;9930;21;9932;23;;;9927.0;0.0
yf_ZW=F_d9;24000;INTARIAN_PEPPER_ROOT;10704;12;10702;11;;;10717;14;10719;19;;;10710.5;0.0
yf_ZW=F_d9;24100;ASH_COATED_OSMIUM;9918;10;9915;15;;;9935;18;9937;23;;;9926.5;0.0
yf_ZW=F_d9;24100;INTARIAN_PEPPER_ROOT;10712;11;10710;18;;;10720;20;10723;18;;;10716.0;0.0
yf_ZW=F_d9;24200;ASH_COATED_OSMIUM;9923;8;9920;16;;;9929;5;9933;12;;;9926.0;0.0
yf_ZW=F_d9;24200;INTARIAN_PEPPER_ROOT;10717;15;10714;21;;;10728;21;10731;17;;;10722.5;0.0
yf_ZW=F_d9;24300;ASH_COATED_OSMIUM;9923;5;9920;20;;;9929;6;9931;12;;;9926.0;0.0
yf_ZW=F_d9;24300;INTARIAN_PEPPER_ROOT;10723;18;10721;18;;;10732;24;10735;16;;;10727.5;0.0
yf_ZW=F_d9;24400;ASH_COATED_OSMIUM;9921;9;9919;24;;;9931;15;9934;31;;;9926.0;0.0
yf_ZW=F_d9;24400;INTARIAN_PEPPER_ROOT;10730;5;10726;14;;;10736;19;10739;24;;;10733.0;0.0
yf_ZW=F_d9;24500;ASH_COATED_OSMIUM;9923;11;9920;21;;;9929;15;9932;29;;;9926.0;0.0
yf_ZW=F_d9;24500;INTARIAN_PEPPER_ROOT;10737;15;10733;13;;;10743;15;10747;16;;;10740.0;0.0
yf_ZW=F_d9;24600;ASH_COATED_OSMIUM;9920;11;9917;15;;;9932;14;9936;27;;;9926.0;0.0
yf_ZW=F_d9;24600;INTARIAN_PEPPER_ROOT;10740;18;10737;23;;;10752;13;10755;27;;;10746.0;0.0
yf_ZW=F_d9;24700;ASH_COATED_OSMIUM;9921;9;9918;23;;;9929;18;9931;17;;;9925.0;0.0
yf_ZW=F_d9;24700;INTARIAN_PEPPER_ROOT;10748;17;10744;13;;;10754;5;10758;17;;;10751.0;0.0
yf_ZW=F_d9;24800;ASH_COATED_OSMIUM;9914;18;9910;17;;;9939;6;9942;20;;;9926.5;0.0
yf_ZW=F_d9;24800;INTARIAN_PEPPER_ROOT;10751;14;10748;15;;;10762;20;10764;26;;;10756.5;0.0
yf_ZW=F_d9;24900;ASH_COATED_OSMIUM;9923;14;9920;15;;;9929;10;9931;13;;;9926.0;0.0
yf_ZW=F_d9;24900;INTARIAN_PEPPER_ROOT;10760;19;10757;17;;;10766;7;10768;19;;;10763.0;0.0
yf_ZW=F_d9;25000;ASH_COATED_OSMIUM;9922;11;9918;22;;;9928;13;9932;11;;;9925.0;0.0
yf_ZW=F_d9;25000;INTARIAN_PEPPER_ROOT;10757;14;10755;20;;;10781;14;10785;25;;;10769.0;0.0
yf_ZW=F_d9;25100;ASH_COATED_OSMIUM;9922;8;9919;16;;;9928;14;9931;19;;;9925.0;0.0
yf_ZW=F_d9;25100;INTARIAN_PEPPER_ROOT;10769;15;10765;25;;;10782;16;10785;21;;;10775.5;0.0
yf_ZW=F_d9;25200;ASH_COATED_OSMIUM;9910;13;9908;15;;;9940;12;9944;21;;;9925.0;0.0
yf_ZW=F_d9;25200;INTARIAN_PEPPER_ROOT;10777;9;10774;32;;;10783;13;10786;19;;;10780.0;0.0
yf_ZW=F_d9;25300;ASH_COATED_OSMIUM;9921;10;9918;18;;;9927;15;9929;29;;;9924.0;0.0
yf_ZW=F_d9;25300;INTARIAN_PEPPER_ROOT;10782;7;10779;21;;;10792;10;10794;21;;;10787.0;0.0
yf_ZW=F_d9;25400;ASH_COATED_OSMIUM;9921;7;9918;17;;;9927;13;9930;15;;;9924.0;0.0
yf_ZW=F_d9;25400;INTARIAN_PEPPER_ROOT;10789;7;10785;22;;;10796;17;10798;20;;;10792.5;0.0
yf_ZW=F_d9;25500;ASH_COATED_OSMIUM;9916;19;9914;22;;;9933;10;9936;24;;;9924.5;0.0
yf_ZW=F_d9;25500;INTARIAN_PEPPER_ROOT;10795;10;10793;18;;;10801;14;10805;28;;;10798.0;0.0
yf_ZW=F_d9;25600;ASH_COATED_OSMIUM;9921;17;9918;27;;;9928;11;9932;17;;;9924.5;0.0
yf_ZW=F_d9;25600;INTARIAN_PEPPER_ROOT;10801;14;10798;16;;;10807;14;10810;25;;;10804.0;0.0
yf_ZW=F_d9;25700;ASH_COATED_OSMIUM;9919;19;9917;13;;;9929;17;9932;15;;;9924.0;0.0
yf_ZW=F_d9;25700;INTARIAN_PEPPER_ROOT;10806;17;10803;15;;;10812;21;10815;20;;;10809.0;0.0
yf_ZW=F_d9;25800;ASH_COATED_OSMIUM;9920;10;9916;19;;;9928;6;9930;11;;;9924.0;0.0
yf_ZW=F_d9;25800;INTARIAN_PEPPER_ROOT;10813;8;10811;10;;;10819;14;10823;12;;;10816.0;0.0
yf_ZW=F_d9;25900;ASH_COATED_OSMIUM;9920;7;9918;20;;;9926;18;9930;20;;;9923.0;0.0
yf_ZW=F_d9;25900;INTARIAN_PEPPER_ROOT;10816;16;10812;20;;;10826;7;10829;15;;;10821.0;0.0
yf_ZW=F_d9;26000;ASH_COATED_OSMIUM;9921;14;9917;8;;;9927;13;9930;21;;;9924.0;0.0
yf_ZW=F_d9;26000;INTARIAN_PEPPER_ROOT;10824;20;10822;14;;;10830;11;10834;20;;;10827.0;0.0
yf_ZW=F_d9;26100;ASH_COATED_OSMIUM;9920;14;9916;30;;;9926;12;9929;10;;;9923.0;0.0
yf_ZW=F_d9;26100;INTARIAN_PEPPER_ROOT;10830;18;10828;16;;;10836;17;10840;20;;;10833.0;0.0
yf_ZW=F_d9;26200;ASH_COATED_OSMIUM;9920;20;9918;25;;;9926;9;9928;16;;;9923.0;0.0
yf_ZW=F_d9;26200;INTARIAN_PEPPER_ROOT;10835;14;10833;25;;;10843;14;10847;21;;;10839.0;0.0
yf_ZW=F_d9;26300;ASH_COATED_OSMIUM;9919;13;9917;20;;;9925;11;9928;22;;;9922.0;0.0
yf_ZW=F_d9;26300;INTARIAN_PEPPER_ROOT;10841;12;10838;13;;;10847;20;10851;16;;;10844.0;0.0
yf_ZW=F_d9;26400;ASH_COATED_OSMIUM;9920;12;9917;17;;;9926;26;9928;25;;;9923.0;0.0
yf_ZW=F_d9;26400;INTARIAN_PEPPER_ROOT;10848;13;10846;16;;;10854;9;10857;23;;;10851.0;0.0
yf_ZW=F_d9;26500;ASH_COATED_OSMIUM;9919;10;9917;22;;;9926;10;9928;22;;;9922.5;0.0
yf_ZW=F_d9;26500;INTARIAN_PEPPER_ROOT;10848;12;10844;19;;;10865;11;10867;9;;;10856.5;0.0
yf_ZW=F_d9;26600;ASH_COATED_OSMIUM;9919;24;9917;24;;;9925;19;9929;15;;;9922.0;0.0
yf_ZW=F_d9;26600;INTARIAN_PEPPER_ROOT;10834;12;10830;16;;;10891;22;10895;22;;;10862.5;0.0
yf_ZW=F_d9;26700;ASH_COATED_OSMIUM;9916;14;9912;20;;;9928;30;9930;15;;;9922.0;0.0
yf_ZW=F_d9;26700;INTARIAN_PEPPER_ROOT;10865;16;10863;14;;;10871;15;10875;26;;;10868.0;0.0
yf_ZW=F_d9;26800;ASH_COATED_OSMIUM;9919;7;9916;22;;;9925;13;9929;28;;;9922.0;0.0
yf_ZW=F_d9;26800;INTARIAN_PEPPER_ROOT;10871;8;10868;14;;;10877;19;10880;18;;;10874.0;0.0
yf_ZW=F_d9;26900;ASH_COATED_OSMIUM;9918;15;9916;10;;;9924;18;9928;20;;;9921.0;0.0
yf_ZW=F_d9;26900;INTARIAN_PEPPER_ROOT;10876;10;10874;18;;;10883;29;10887;14;;;10879.5;0.0
yf_ZW=F_d9;27000;ASH_COATED_OSMIUM;9919;9;9916;15;;;9925;12;9928;11;;;9922.0;0.0
yf_ZW=F_d9;27000;INTARIAN_PEPPER_ROOT;10882;14;10879;27;;;10888;15;10891;21;;;10885.0;0.0
yf_ZW=F_d9;27100;ASH_COATED_OSMIUM;9918;17;9916;8;;;9924;19;9928;23;;;9921.0;0.0
yf_ZW=F_d9;27100;INTARIAN_PEPPER_ROOT;10885;15;10882;23;;;10897;19;10901;24;;;10891.0;0.0
yf_ZW=F_d9;27200;ASH_COATED_OSMIUM;9915;15;9912;16;;;9929;9;9933;21;;;9922.0;0.0
yf_ZW=F_d9;27200;INTARIAN_PEPPER_ROOT;10893;14;10889;19;;;10902;18;10905;24;;;10897.5;0.0
yf_ZW=F_d9;27300;ASH_COATED_OSMIUM;9911;14;9908;19;;;9931;13;9934;23;;;9921.0;0.0
yf_ZW=F_d9;27300;INTARIAN_PEPPER_ROOT;10896;6;10892;20;;;10910;24;10913;25;;;10903.0;0.0
yf_ZW=F_d9;27400;ASH_COATED_OSMIUM;9918;11;9915;20;;;9924;6;9926;27;;;9921.0;0.0
yf_ZW=F_d9;27400;INTARIAN_PEPPER_ROOT;10901;10;10897;28;;;10917;12;10921;10;;;10909.0;0.0
yf_ZW=F_d9;27500;ASH_COATED_OSMIUM;9907;13;9905;27;;;9934;11;9938;14;;;9920.5;0.0
yf_ZW=F_d9;27500;INTARIAN_PEPPER_ROOT;10912;21;10908;26;;;10918;20;10920;12;;;10915.0;0.0
yf_ZW=F_d9;27600;ASH_COATED_OSMIUM;9910;12;9907;11;;;9931;25;9933;23;;;9920.5;0.0
yf_ZW=F_d9;27600;INTARIAN_PEPPER_ROOT;10917;20;10914;19;;;10923;19;10926;18;;;10920.0;0.0
yf_ZW=F_d9;27700;ASH_COATED_OSMIUM;9917;13;9913;28;;;9923;11;9926;19;;;9920.0;0.0
yf_ZW=F_d9;27700;INTARIAN_PEPPER_ROOT;10918;16;10914;16;;;10936;11;10940;13;;;10927.0;0.0
yf_ZW=F_d9;27800;ASH_COATED_OSMIUM;9917;9;9914;24;;;9923;9;9926;15;;;9920.0;0.0
yf_ZW=F_d9;27800;INTARIAN_PEPPER_ROOT;10926;15;10923;15;;;10938;11;10942;18;;;10932.0;0.0
yf_ZW=F_d9;27900;ASH_COATED_OSMIUM;9917;5;9915;17;;;9923;16;9925;16;;;9920.0;0.0
yf_ZW=F_d9;27900;INTARIAN_PEPPER_ROOT;10935;10;10932;19;;;10941;15;10945;20;;;10938.0;0.0
yf_ZW=F_d9;28000;ASH_COATED_OSMIUM;9917;11;9914;15;;;9923;15;9927;25;;;9920.0;0.0
yf_ZW=F_d9;28000;INTARIAN_PEPPER_ROOT;10941;8;10937;22;;;10947;16;10951;15;;;10944.0;0.0
yf_ZW=F_d9;28100;ASH_COATED_OSMIUM;9912;14;9908;25;;;9926;17;9929;16;;;9919.0;0.0
yf_ZW=F_d9;28100;INTARIAN_PEPPER_ROOT;10945;14;10941;17;;;10955;15;10959;28;;;10950.0;0.0
yf_ZW=F_d9;28200;ASH_COATED_OSMIUM;9916;7;9913;27;;;9922;16;9926;19;;;9919.0;0.0
yf_ZW=F_d9;28200;INTARIAN_PEPPER_ROOT;10953;22;10949;17;;;10959;17;10962;30;;;10956.0;0.0
yf_ZW=F_d9;28300;ASH_COATED_OSMIUM;9916;19;9912;20;;;9922;15;9924;17;;;9919.0;0.0
yf_ZW=F_d9;28300;INTARIAN_PEPPER_ROOT;10958;17;10955;19;;;10964;17;10968;14;;;10961.0;0.0
yf_ZW=F_d9;28400;ASH_COATED_OSMIUM;9916;16;9912;23;;;9922;13;9926;17;;;9919.0;0.0
yf_ZW=F_d9;28400;INTARIAN_PEPPER_ROOT;10958;11;10956;18;;;10976;19;10978;13;;;10967.0;0.0
yf_ZW=F_d9;28500;ASH_COATED_OSMIUM;9915;15;9911;18;;;9921;18;9923;12;;;9918.0;0.0
yf_ZW=F_d9;28500;INTARIAN_PEPPER_ROOT;10970;21;10967;25;;;10976;16;10978;25;;;10973.0;0.0
yf_ZW=F_d9;28600;ASH_COATED_OSMIUM;9916;9;9914;17;;;9922;14;9925;17;;;9919.0;0.0
yf_ZW=F_d9;28600;INTARIAN_PEPPER_ROOT;10976;16;10972;16;;;10982;21;10985;20;;;10979.0;0.0
yf_ZW=F_d9;28700;ASH_COATED_OSMIUM;9916;18;9913;20;;;9922;8;9924;16;;;9919.0;0.0
yf_ZW=F_d9;28700;INTARIAN_PEPPER_ROOT;10982;9;10980;25;;;10988;12;10992;22;;;10985.0;0.0
yf_ZW=F_d9;28800;ASH_COATED_OSMIUM;9911;11;9907;24;;;9927;8;9929;20;;;9919.0;0.0
yf_ZW=F_d9;28800;INTARIAN_PEPPER_ROOT;10988;17;10986;14;;;10994;17;10998;20;;;10991.0;0.0
yf_ZW=F_d9;28900;ASH_COATED_OSMIUM;9910;17;9908;20;;;9927;9;9931;12;;;9918.5;0.0
yf_ZW=F_d9;28900;INTARIAN_PEPPER_ROOT;10992;13;10988;19;;;11000;17;11003;17;;;10996.0;0.0
yf_ZW=F_d9;29000;ASH_COATED_OSMIUM;9914;14;9910;16;;;9920;13;9924;22;;;9917.0;0.0
yf_ZW=F_d9;29000;INTARIAN_PEPPER_ROOT;10999;12;10996;20;;;11005;5;11007;15;;;11002.0;0.0
yf_ZW=F_d9;29100;ASH_COATED_OSMIUM;9913;18;9910;10;;;9922;11;9926;23;;;9917.5;0.0
yf_ZW=F_d9;29100;INTARIAN_PEPPER_ROOT;11002;15;10998;14;;;11015;26;11018;22;;;11008.5;0.0
yf_ZW=F_d9;29200;ASH_COATED_OSMIUM;9913;19;9909;25;;;9921;14;9924;18;;;9917.0;0.0
yf_ZW=F_d9;29200;INTARIAN_PEPPER_ROOT;11011;12;11007;18;;;11017;13;11019;17;;;11014.0;0.0
yf_ZW=F_d9;29300;ASH_COATED_OSMIUM;9914;10;9911;18;;;9922;14;9926;24;;;9918.0;0.0
yf_ZW=F_d9;29300;INTARIAN_PEPPER_ROOT;11016;11;11013;27;;;11025;15;11029;21;;;11020.5;0.0
yf_ZW=F_d9;29400;ASH_COATED_OSMIUM;9914;14;9910;18;;;9920;25;9922;17;;;9917.0;0.0
yf_ZW=F_d9;29400;INTARIAN_PEPPER_ROOT;11023;14;11021;16;;;11029;12;11033;25;;;11026.0;0.0
yf_ZW=F_d9;29500;ASH_COATED_OSMIUM;9909;21;9905;20;;;9924;18;9928;19;;;9916.5;0.0
yf_ZW=F_d9;29500;INTARIAN_PEPPER_ROOT;11028;19;11025;20;;;11034;18;11038;21;;;11031.0;0.0
yf_ZW=F_d9;29600;ASH_COATED_OSMIUM;9913;12;9911;20;;;9921;12;9924;20;;;9917.0;0.0
yf_ZW=F_d9;29600;INTARIAN_PEPPER_ROOT;11035;10;11031;15;;;11041;17;11043;12;;;11038.0;0.0
yf_ZW=F_d9;29700;ASH_COATED_OSMIUM;9912;23;9910;21;;;9921;14;9925;27;;;9916.5;0.0
yf_ZW=F_d9;29700;INTARIAN_PEPPER_ROOT;11040;20;11036;19;;;11046;15;11048;16;;;11043.0;0.0
yf_ZW=F_d9;29800;ASH_COATED_OSMIUM;9911;19;9909;15;;;9922;17;9924;22;;;9916.5;0.0
yf_ZW=F_d9;29800;INTARIAN_PEPPER_ROOT;11025;14;11023;22;;;11074;10;11077;19;;;11049.5;0.0
yf_ZW=F_d9;29900;ASH_COATED_OSMIUM;9912;20;9910;23;;;9921;14;9923;19;;;9916.5;0.0
yf_ZW=F_d9;29900;INTARIAN_PEPPER_ROOT;11052;18;11050;13;;;11058;12;11061;14;;;11055.0;0.0
yf_ZW=F_d9;30000;ASH_COATED_OSMIUM;9913;5;9911;20;;;9919;11;9923;25;;;9916.0;0.0
yf_ZW=F_d9;30000;INTARIAN_PEPPER_ROOT;11058;17;11054;19;;;11064;15;11068;16;;;11061.0;0.0
yf_ZW=F_d9;30100;ASH_COATED_OSMIUM;9913;17;9910;17;;;9919;12;9922;25;;;9916.0;0.0
yf_ZW=F_d9;30100;INTARIAN_PEPPER_ROOT;11063;18;11060;19;;;11069;17;11073;14;;;11066.0;0.0
yf_ZW=F_d9;30200;ASH_COATED_OSMIUM;9913;10;9910;26;;;9919;15;9921;18;;;9916.0;0.0
yf_ZW=F_d9;30200;INTARIAN_PEPPER_ROOT;11069;17;11066;15;;;11076;21;11079;26;;;11072.5;0.0
yf_ZW=F_d9;30300;ASH_COATED_OSMIUM;9907;23;9903;22;;;9923;23;9927;14;;;9915.0;0.0
yf_ZW=F_d9;30300;INTARIAN_PEPPER_ROOT;11075;16;11071;16;;;11081;7;11083;16;;;11078.0;0.0
yf_ZW=F_d9;30400;ASH_COATED_OSMIUM;9912;8;9909;16;;;9918;19;9922;22;;;9915.0;0.0
yf_ZW=F_d9;30400;INTARIAN_PEPPER_ROOT;11081;12;11078;26;;;11087;18;11091;22;;;11084.0;0.0
yf_ZW=F_d9;30500;ASH_COATED_OSMIUM;9911;10;9909;15;;;9919;14;9921;16;;;9915.0;0.0
yf_ZW=F_d9;30500;INTARIAN_PEPPER_ROOT;11087;5;11085;22;;;11093;11;11095;19;;;11090.0;0.0
yf_ZW=F_d9;30600;ASH_COATED_OSMIUM;9912;19;9908;30;;;9918;14;9921;21;;;9915.0;0.0
yf_ZW=F_d9;30600;INTARIAN_PEPPER_ROOT;11092;30;11088;17;;;11098;14;11100;20;;;11095.0;0.0
yf_ZW=F_d9;30700;ASH_COATED_OSMIUM;9911;22;9908;24;;;9917;12;9921;26;;;9914.0;0.0
yf_ZW=F_d9;30700;INTARIAN_PEPPER_ROOT;11099;21;11097;20;;;11105;10;11107;18;;;11102.0;0.0
yf_ZW=F_d9;30800;ASH_COATED_OSMIUM;9911;15;9909;18;;;9917;13;9919;21;;;9914.0;0.0
yf_ZW=F_d9;30800;INTARIAN_PEPPER_ROOT;11105;17;11102;15;;;11111;16;11113;12;;;11108.0;0.0
yf_ZW=F_d9;30900;ASH_COATED_OSMIUM;9911;13;9908;16;;;9917;14;9921;20;;;9914.0;0.0
yf_ZW=F_d9;30900;INTARIAN_PEPPER_ROOT;11109;30;11107;17;;;11118;7;11120;8;;;11113.5;0.0
yf_ZW=F_d9;31000;ASH_COATED_OSMIUM;9909;15;9907;18;;;9917;19;9921;10;;;9913.0;0.0
yf_ZW=F_d9;31000;INTARIAN_PEPPER_ROOT;11112;18;11109;21;;;11125;12;11127;27;;;11118.5;0.0
yf_ZW=F_d9;31100;ASH_COATED_OSMIUM;9907;15;9905;26;;;9921;19;9925;17;;;9914.0;0.0
yf_ZW=F_d9;31100;INTARIAN_PEPPER_ROOT;11122;11;11120;17;;;11128;20;11130;23;;;11125.0;0.0
yf_ZW=F_d9;31200;ASH_COATED_OSMIUM;9907;11;9903;21;;;9920;16;9923;12;;;9913.5;0.0
yf_ZW=F_d9;31200;INTARIAN_PEPPER_ROOT;11128;5;11124;13;;;11134;15;11136;15;;;11131.0;0.0
yf_ZW=F_d9;31300;ASH_COATED_OSMIUM;9910;15;9907;8;;;9916;14;9920;19;;;9913.0;0.0
yf_ZW=F_d9;31300;INTARIAN_PEPPER_ROOT;11134;19;11132;10;;;11140;16;11143;21;;;11137.0;0.0
yf_ZW=F_d9;31400;ASH_COATED_OSMIUM;9911;20;9909;18;;;9917;20;9919;12;;;9914.0;0.0
yf_ZW=F_d9;31400;INTARIAN_PEPPER_ROOT;11140;17;11138;22;;;11146;12;11149;19;;;11143.0;0.0
yf_ZW=F_d9;31500;ASH_COATED_OSMIUM;9908;13;9906;19;;;9919;10;9922;17;;;9913.5;0.0
yf_ZW=F_d9;31500;INTARIAN_PEPPER_ROOT;11144;17;11140;18;;;11152;19;11155;25;;;11148.0;0.0
yf_ZW=F_d9;31600;ASH_COATED_OSMIUM;9910;17;9906;21;;;9916;18;9918;17;;;9913.0;0.0
yf_ZW=F_d9;31600;INTARIAN_PEPPER_ROOT;11152;6;11148;16;;;11158;10;11161;11;;;11155.0;0.0
yf_ZW=F_d9;31700;ASH_COATED_OSMIUM;9906;14;9903;24;;;9919;17;9922;19;;;9912.5;0.0
yf_ZW=F_d9;31700;INTARIAN_PEPPER_ROOT;11156;23;11152;19;;;11165;27;11169;17;;;11160.5;0.0
yf_ZW=F_d9;31800;ASH_COATED_OSMIUM;9910;17;9907;21;;;9916;10;9920;19;;;9913.0;0.0
yf_ZW=F_d9;31800;INTARIAN_PEPPER_ROOT;11162;17;11160;26;;;11169;19;11173;8;;;11165.5;0.0
yf_ZW=F_d9;31900;ASH_COATED_OSMIUM;9909;27;9905;15;;;9915;18;9918;17;;;9912.0;0.0
yf_ZW=F_d9;31900;INTARIAN_PEPPER_ROOT;11169;22;11165;11;;;11175;15;11178;23;;;11172.0;0.0
yf_ZW=F_d9;32000;ASH_COATED_OSMIUM;9904;23;9902;26;;;9921;15;9925;18;;;9912.5;0.0
yf_ZW=F_d9;32000;INTARIAN_PEPPER_ROOT;11174;20;11172;12;;;11181;14;11185;17;;;11177.5;0.0
yf_ZW=F_d9;32100;ASH_COATED_OSMIUM;9900;18;9897;14;;;9925;16;9928;10;;;9912.5;0.0
yf_ZW=F_d9;32100;INTARIAN_PEPPER_ROOT;11180;16;11177;18;;;11186;9;11189;23;;;11183.0;0.0
yf_ZW=F_d9;32200;ASH_COATED_OSMIUM;9909;20;9905;32;;;9915;18;9918;16;;;9912.0;0.0
yf_ZW=F_d9;32200;INTARIAN_PEPPER_ROOT;11186;6;11183;22;;;11192;8;11196;14;;;11189.0;0.0
yf_ZW=F_d9;32300;ASH_COATED_OSMIUM;9909;11;9905;23;;;9915;14;9918;25;;;9912.0;0.0
yf_ZW=F_d9;32300;INTARIAN_PEPPER_ROOT;11192;16;11189;18;;;11198;13;11201;19;;;11195.0;0.0
yf_ZW=F_d9;32400;ASH_COATED_OSMIUM;9908;17;9906;13;;;9914;9;9916;19;;;9911.0;0.0
yf_ZW=F_d9;32400;INTARIAN_PEPPER_ROOT;11190;17;11186;24;;;11211;19;11213;21;;;11200.5;0.0
yf_ZW=F_d9;32500;ASH_COATED_OSMIUM;9909;12;9906;23;;;9915;17;9919;23;;;9912.0;0.0
yf_ZW=F_d9;32500;INTARIAN_PEPPER_ROOT;11204;27;11202;20;;;11210;11;11213;21;;;11207.0;0.0
yf_ZW=F_d9;32600;ASH_COATED_OSMIUM;9908;17;9904;20;;;9914;22;9918;20;;;9911.0;0.0
yf_ZW=F_d9;32600;INTARIAN_PEPPER_ROOT;11210;13;11207;18;;;11216;13;11219;24;;;11213.0;0.0
yf_ZW=F_d9;32700;ASH_COATED_OSMIUM;9909;11;9907;17;;;9915;15;9919;21;;;9912.0;0.0
yf_ZW=F_d9;32700;INTARIAN_PEPPER_ROOT;11216;12;11214;15;;;11222;16;11226;19;;;11219.0;0.0
yf_ZW=F_d9;32800;ASH_COATED_OSMIUM;9908;16;9905;18;;;9914;22;9918;18;;;9911.0;0.0
yf_ZW=F_d9;32800;INTARIAN_PEPPER_ROOT;11218;9;11214;23;;;11232;15;11234;16;;;11225.0;0.0
yf_ZW=F_d9;32900;ASH_COATED_OSMIUM;9897;13;9895;16;;;9923;15;9925;14;;;9910.0;0.0
yf_ZW=F_d9;32900;INTARIAN_PEPPER_ROOT;11224;18;11221;22;;;11237;14;11240;27;;;11230.5;0.0
yf_ZW=F_d9;33000;ASH_COATED_OSMIUM;9906;13;9903;13;;;9916;8;9918;19;;;9911.0;0.0
yf_ZW=F_d9;33000;INTARIAN_PEPPER_ROOT;11232;22;11229;29;;;11240;23;11244;20;;;11236.0;0.0
yf_ZW=F_d9;33100;ASH_COATED_OSMIUM;9903;15;9901;22;;;9917;5;9919;27;;;9910.0;0.0
yf_ZW=F_d9;33100;INTARIAN_PEPPER_ROOT;11237;16;11234;18;;;11246;17;11250;26;;;11241.5;0.0
yf_ZW=F_d9;33200;ASH_COATED_OSMIUM;9901;18;9899;15;;;9920;10;9924;23;;;9910.5;0.0
yf_ZW=F_d9;33200;INTARIAN_PEPPER_ROOT;11245;21;11243;30;;;11251;10;11255;19;;;11248.0;0.0
yf_ZW=F_d9;33300;ASH_COATED_OSMIUM;9907;12;9905;15;;;9913;8;9917;22;;;9910.0;0.0
yf_ZW=F_d9;33300;INTARIAN_PEPPER_ROOT;11251;5;11248;8;;;11257;22;11261;21;;;11254.0;0.0
yf_ZW=F_d9;33400;ASH_COATED_OSMIUM;9903;5;9900;20;;;9916;22;9919;24;;;9909.5;0.0
yf_ZW=F_d9;33400;INTARIAN_PEPPER_ROOT;11256;15;11254;21;;;11262;5;11264;32;;;11259.0;0.0
yf_ZW=F_d9;33500;ASH_COATED_OSMIUM;9906;21;9903;12;;;9912;19;9914;17;;;9909.0;0.0
yf_ZW=F_d9;33500;INTARIAN_PEPPER_ROOT;11262;15;11258;19;;;11268;13;11270;25;;;11265.0;0.0
yf_ZW=F_d9;33600;ASH_COATED_OSMIUM;9907;27;9903;20;;;9913;13;9916;18;;;9910.0;0.0
yf_ZW=F_d9;33600;INTARIAN_PEPPER_ROOT;11269;6;11265;18;;;11275;20;11277;12;;;11272.0;0.0
yf_ZW=F_d9;33700;ASH_COATED_OSMIUM;9906;19;9902;25;;;9912;20;9916;23;;;9909.0;0.0
yf_ZW=F_d9;33700;INTARIAN_PEPPER_ROOT;11274;18;11270;22;;;11280;13;11282;22;;;11277.0;0.0
yf_ZW=F_d9;33800;ASH_COATED_OSMIUM;9906;10;9903;21;;;9912;13;9914;25;;;9909.0;0.0
yf_ZW=F_d9;33800;INTARIAN_PEPPER_ROOT;11280;10;11276;16;;;11286;14;11290;31;;;11283.0;0.0
yf_ZW=F_d9;33900;ASH_COATED_OSMIUM;9906;11;9903;12;;;9912;15;9915;17;;;9909.0;0.0
yf_ZW=F_d9;33900;INTARIAN_PEPPER_ROOT;11280;17;11277;24;;;11295;16;11297;28;;;11287.5;0.0
yf_ZW=F_d9;34000;ASH_COATED_OSMIUM;9902;11;9899;20;;;9914;21;9918;27;;;9908.0;0.0
yf_ZW=F_d9;34000;INTARIAN_PEPPER_ROOT;11283;20;11281;16;;;11289;18;11293;27;;;11286.0;0.0
yf_ZW=F_d9;34100;ASH_COATED_OSMIUM;9906;17;9904;17;;;9912;14;9916;27;;;9909.0;0.0
yf_ZW=F_d9;34100;INTARIAN_PEPPER_ROOT;11281;19;11278;22;;;11287;12;11290;15;;;11284.0;0.0
yf_ZW=F_d9;34200;ASH_COATED_OSMIUM;9904;10;9901;17;;;9914;20;9916;18;;;9909.0;0.0
yf_ZW=F_d9;34200;INTARIAN_PEPPER_ROOT;11275;21;11272;9;;;11291;14;11295;11;;;11283.0;0.0
yf_ZW=F_d9;34300;ASH_COATED_OSMIUM;9907;9;9903;27;;;9913;14;9917;15;;;9910.0;0.0
yf_ZW=F_d9;34300;INTARIAN_PEPPER_ROOT;11274;18;11270;16;;;11287;19;11290;15;;;11280.5;0.0
yf_ZW=F_d9;34400;ASH_COATED_OSMIUM;9907;13;9904;23;;;9913;14;9916;24;;;9910.0;0.0
yf_ZW=F_d9;34400;INTARIAN_PEPPER_ROOT;11260;13;11258;24;;;11297;13;11300;18;;;11278.5;0.0
yf_ZW=F_d9;34500;ASH_COATED_OSMIUM;9906;15;9903;16;;;9914;19;9916;25;;;9910.0;0.0
yf_ZW=F_d9;34500;INTARIAN_PEPPER_ROOT;11271;16;11268;24;;;11283;12;11285;26;;;11277.0;0.0
yf_ZW=F_d9;34600;ASH_COATED_OSMIUM;9907;24;9903;15;;;9913;22;9917;21;;;9910.0;0.0
yf_ZW=F_d9;34600;INTARIAN_PEPPER_ROOT;11259;10;11255;24;;;11291;21;11295;8;;;11275.0;0.0
yf_ZW=F_d9;34700;ASH_COATED_OSMIUM;9907;18;9903;21;;;9913;14;9916;19;;;9910.0;0.0
yf_ZW=F_d9;34700;INTARIAN_PEPPER_ROOT;11270;16;11268;17;;;11276;13;11278;15;;;11273.0;0.0
yf_ZW=F_d9;34800;ASH_COATED_OSMIUM;9903;18;9901;23;;;9918;18;9922;15;;;9910.5;0.0
yf_ZW=F_d9;34800;INTARIAN_PEPPER_ROOT;11268;9;11266;14;;;11274;8;11278;27;;;11271.0;0.0
yf_ZW=F_d9;34900;ASH_COATED_OSMIUM;9905;16;9901;21;;;9916;18;9918;11;;;9910.5;0.0
yf_ZW=F_d9;34900;INTARIAN_PEPPER_ROOT;11266;17;11264;16;;;11274;21;11277;21;;;11270.0;0.0
yf_ZW=F_d9;35000;ASH_COATED_OSMIUM;9908;18;9904;13;;;9914;23;9916;16;;;9911.0;0.0
yf_ZW=F_d9;35000;INTARIAN_PEPPER_ROOT;11265;8;11263;23;;;11271;14;11275;12;;;11268.0;0.0
yf_ZW=F_d9;35100;ASH_COATED_OSMIUM;9898;5;9896;16;;;9924;12;9926;13;;;9911.0;0.0
yf_ZW=F_d9;35100;INTARIAN_PEPPER_ROOT;11262;11;11259;22;;;11268;10;11272;22;;;11265.0;0.0
yf_ZW=F_d9;35200;ASH_COATED_OSMIUM;9906;14;9902;11;;;9915;12;9917;26;;;9910.5;0.0
yf_ZW=F_d9;35200;INTARIAN_PEPPER_ROOT;11257;10;11253;21;;;11269;21;11273;18;;;11263.0;0.0
yf_ZW=F_d9;35300;ASH_COATED_OSMIUM;9894;16;9892;20;;;9929;9;9931;25;;;9911.5;0.0
yf_ZW=F_d9;35300;INTARIAN_PEPPER_ROOT;11259;17;11257;18;;;11265;16;11267;20;;;11262.0;0.0
yf_ZW=F_d9;35400;ASH_COATED_OSMIUM;9909;15;9905;23;;;9915;14;9918;19;;;9912.0;0.0
yf_ZW=F_d9;35400;INTARIAN_PEPPER_ROOT;11257;19;11255;23;;;11263;22;11265;17;;;11260.0;0.0
yf_ZW=F_d9;35500;ASH_COATED_OSMIUM;9909;6;9906;21;;;9915;18;9917;18;;;9912.0;0.0
yf_ZW=F_d9;35500;INTARIAN_PEPPER_ROOT;11256;13;11254;21;;;11262;16;11266;9;;;11259.0;0.0
yf_ZW=F_d9;35600;ASH_COATED_OSMIUM;9902;13;9900;21;;;9923;13;9926;23;;;9912.5;0.0
yf_ZW=F_d9;35600;INTARIAN_PEPPER_ROOT;11253;16;11250;19;;;11259;12;11262;17;;;11256.0;0.0
yf_ZW=F_d9;35700;ASH_COATED_OSMIUM;9907;15;9905;9;;;9916;15;9918;19;;;9911.5;0.0
yf_ZW=F_d9;35700;INTARIAN_PEPPER_ROOT;11251;13;11247;30;;;11257;12;11260;31;;;11254.0;0.0
yf_ZW=F_d9;35800;ASH_COATED_OSMIUM;9910;11;9908;19;;;9916;8;9920;20;;;9913.0;0.0
yf_ZW=F_d9;35800;INTARIAN_PEPPER_ROOT;11249;16;11246;18;;;11255;18;11258;26;;;11252.0;0.0
yf_ZW=F_d9;35900;ASH_COATED_OSMIUM;9903;21;9900;12;;;9922;16;9925;29;;;9912.5;0.0
yf_ZW=F_d9;35900;INTARIAN_PEPPER_ROOT;11248;15;11244;21;;;11254;20;11258;28;;;11251.0;0.0
yf_ZW=F_d9;36000;ASH_COATED_OSMIUM;9910;15;9906;23;;;9918;17;9922;15;;;9914.0;0.0
yf_ZW=F_d9;36000;INTARIAN_PEPPER_ROOT;11239;12;11236;17;;;11259;25;11262;16;;;11249.0;0.0
yf_ZW=F_d9;36100;ASH_COATED_OSMIUM;9909;13;9907;23;;;9918;7;9920;21;;;9913.5;0.0
yf_ZW=F_d9;36100;INTARIAN_PEPPER_ROOT;11244;16;11241;21;;;11250;10;11253;23;;;11247.0;0.0
yf_ZW=F_d9;36200;ASH_COATED_OSMIUM;9910;20;9908;17;;;9916;11;9920;23;;;9913.0;0.0
yf_ZW=F_d9;36200;INTARIAN_PEPPER_ROOT;11231;8;11227;14;;;11258;20;11262;25;;;11244.5;0.0
yf_ZW=F_d9;36300;ASH_COATED_OSMIUM;9906;12;9904;18;;;9920;15;9923;22;;;9913.0;0.0
yf_ZW=F_d9;36300;INTARIAN_PEPPER_ROOT;11229;5;11227;16;;;11257;19;11261;31;;;11243.0;0.0
yf_ZW=F_d9;36400;ASH_COATED_OSMIUM;9910;11;9906;26;;;9916;14;9918;18;;;9913.0;0.0
yf_ZW=F_d9;36400;INTARIAN_PEPPER_ROOT;11236;17;11233;21;;;11247;19;11250;27;;;11241.5;0.0
yf_ZW=F_d9;36500;ASH_COATED_OSMIUM;9905;11;9901;20;;;9923;16;9925;12;;;9914.0;0.0
yf_ZW=F_d9;36500;INTARIAN_PEPPER_ROOT;11233;18;11230;18;;;11247;13;11251;19;;;11240.0;0.0
yf_ZW=F_d9;36600;ASH_COATED_OSMIUM;9911;17;9907;21;;;9917;16;9921;16;;;9914.0;0.0
yf_ZW=F_d9;36600;INTARIAN_PEPPER_ROOT;11234;11;11231;20;;;11240;11;11244;22;;;11237.0;0.0
yf_ZW=F_d9;36700;ASH_COATED_OSMIUM;9911;7;9909;22;;;9917;10;9921;25;;;9914.0;0.0
yf_ZW=F_d9;36700;INTARIAN_PEPPER_ROOT;11233;16;11230;20;;;11239;9;11243;24;;;11236.0;0.0
yf_ZW=F_d9;36800;ASH_COATED_OSMIUM;9911;17;9907;15;;;9917;18;9921;23;;;9914.0;0.0
yf_ZW=F_d9;36800;INTARIAN_PEPPER_ROOT;11228;11;11224;19;;;11238;20;11241;15;;;11233.0;0.0
yf_ZW=F_d9;36900;ASH_COATED_OSMIUM;9912;8;9909;24;;;9918;17;9922;20;;;9915.0;0.0
yf_ZW=F_d9;36900;INTARIAN_PEPPER_ROOT;11228;12;11224;18;;;11234;10;11237;16;;;11231.0;0.0
yf_ZW=F_d9;37000;ASH_COATED_OSMIUM;9912;20;9908;15;;;9918;16;9920;13;;;9915.0;0.0
yf_ZW=F_d9;37000;INTARIAN_PEPPER_ROOT;11227;12;11225;15;;;11233;18;11235;15;;;11230.0;0.0
yf_ZW=F_d9;37100;ASH_COATED_OSMIUM;9907;19;9903;24;;;9923;14;9925;27;;;9915.0;0.0
yf_ZW=F_d9;37100;INTARIAN_PEPPER_ROOT;11224;14;11220;16;;;11230;20;11234;18;;;11227.0;0.0
yf_ZW=F_d9;37200;ASH_COATED_OSMIUM;9912;24;9908;11;;;9918;12;9920;13;;;9915.0;0.0
yf_ZW=F_d9;37200;INTARIAN_PEPPER_ROOT;11222;7;11220;14;;;11229;5;11233;22;;;11225.5;0.0
yf_ZW=F_d9;37300;ASH_COATED_OSMIUM;9912;19;9910;12;;;9918;20;9921;18;;;9915.0;0.0
yf_ZW=F_d9;37300;INTARIAN_PEPPER_ROOT;11220;7;11217;14;;;11228;8;11232;16;;;11224.0;0.0
yf_ZW=F_d9;37400;ASH_COATED_OSMIUM;9912;16;9910;16;;;9918;17;9921;26;;;9915.0;0.0
yf_ZW=F_d9;37400;INTARIAN_PEPPER_ROOT;11219;10;11215;14;;;11225;15;11227;17;;;11222.0;0.0
yf_ZW=F_d9;37500;ASH_COATED_OSMIUM;9909;9;9905;16;;;9921;15;9925;18;;;9915.0;0.0
yf_ZW=F_d9;37500;INTARIAN_PEPPER_ROOT;11218;23;11216;30;;;11224;18;11227;29;;;11221.0;0.0
yf_ZW=F_d9;37600;ASH_COATED_OSMIUM;9913;13;9910;12;;;9919;17;9921;21;;;9916.0;0.0
yf_ZW=F_d9;37600;INTARIAN_PEPPER_ROOT;11215;15;11212;19;;;11222;12;11226;19;;;11218.5;0.0
yf_ZW=F_d9;37700;ASH_COATED_OSMIUM;9913;20;9911;25;;;9920;17;9923;16;;;9916.5;0.0
yf_ZW=F_d9;37700;INTARIAN_PEPPER_ROOT;11214;17;11212;19;;;11220;9;11223;17;;;11217.0;0.0
yf_ZW=F_d9;37800;ASH_COATED_OSMIUM;9913;17;9909;20;;;9919;5;9923;23;;;9916.0;0.0
yf_ZW=F_d9;37800;INTARIAN_PEPPER_ROOT;11211;13;11209;19;;;11217;19;11219;17;;;11214.0;0.0
yf_ZW=F_d9;37900;ASH_COATED_OSMIUM;9913;15;9910;13;;;9919;6;9922;15;;;9916.0;0.0
yf_ZW=F_d9;37900;INTARIAN_PEPPER_ROOT;11206;17;11203;21;;;11218;20;11222;25;;;11212.0;0.0
yf_ZW=F_d9;38000;ASH_COATED_OSMIUM;9913;26;9911;20;;;9919;22;9921;21;;;9916.0;0.0
yf_ZW=F_d9;38000;INTARIAN_PEPPER_ROOT;11208;22;11206;27;;;11214;12;11216;18;;;11211.0;0.0
yf_ZW=F_d9;38100;ASH_COATED_OSMIUM;9914;18;9912;15;;;9920;15;9924;18;;;9917.0;0.0
yf_ZW=F_d9;38100;INTARIAN_PEPPER_ROOT;11207;14;11203;17;;;11213;23;11215;22;;;11210.0;0.0
yf_ZW=F_d9;38200;ASH_COATED_OSMIUM;9914;17;9912;26;;;9920;19;9924;24;;;9917.0;0.0
yf_ZW=F_d9;38200;INTARIAN_PEPPER_ROOT;11204;20;11201;21;;;11210;13;11214;18;;;11207.0;0.0
yf_ZW=F_d9;38300;ASH_COATED_OSMIUM;9914;14;9912;16;;;9920;22;9924;22;;;9917.0;0.0
yf_ZW=F_d9;38300;INTARIAN_PEPPER_ROOT;11201;23;11199;22;;;11209;8;11211;26;;;11205.0;0.0
yf_ZW=F_d9;38400;ASH_COATED_OSMIUM;9911;16;9908;17;;;9925;17;9927;17;;;9918.0;0.0
yf_ZW=F_d9;38400;INTARIAN_PEPPER_ROOT;11200;7;11198;23;;;11206;5;11209;12;;;11203.0;0.0
yf_ZW=F_d9;38500;ASH_COATED_OSMIUM;9915;7;9913;13;;;9921;13;9925;17;;;9918.0;0.0
yf_ZW=F_d9;38500;INTARIAN_PEPPER_ROOT;11198;19;11195;8;;;11206;11;11210;19;;;11202.0;0.0
yf_ZW=F_d9;38600;ASH_COATED_OSMIUM;9903;19;9899;13;;;9932;8;9935;26;;;9917.5;0.0
yf_ZW=F_d9;38600;INTARIAN_PEPPER_ROOT;11197;22;11193;13;;;11203;19;11206;17;;;11200.0;0.0
yf_ZW=F_d9;38700;ASH_COATED_OSMIUM;9910;16;9907;27;;;9926;7;9928;22;;;9918.0;0.0
yf_ZW=F_d9;38700;INTARIAN_PEPPER_ROOT;11190;15;11188;12;;;11205;18;11209;16;;;11197.5;0.0
yf_ZW=F_d9;38800;ASH_COATED_OSMIUM;9915;23;9912;19;;;9922;21;9926;21;;;9918.5;0.0
yf_ZW=F_d9;38800;INTARIAN_PEPPER_ROOT;11193;9;11189;8;;;11199;16;11203;24;;;11196.0;0.0
yf_ZW=F_d9;38900;ASH_COATED_OSMIUM;9910;6;9906;20;;;9927;14;9931;22;;;9918.5;0.0
yf_ZW=F_d9;38900;INTARIAN_PEPPER_ROOT;11186;13;11183;11;;;11202;9;11205;19;;;11194.0;0.0
yf_ZW=F_d9;39000;ASH_COATED_OSMIUM;9914;17;9912;13;;;9923;20;9925;18;;;9918.5;0.0
yf_ZW=F_d9;39000;INTARIAN_PEPPER_ROOT;11189;18;11185;25;;;11195;10;11198;20;;;11192.0;0.0
yf_ZW=F_d9;39100;ASH_COATED_OSMIUM;9914;14;9910;18;;;9924;16;9928;20;;;9919.0;0.0
yf_ZW=F_d9;39100;INTARIAN_PEPPER_ROOT;11186;16;11183;22;;;11194;18;11196;23;;;11190.0;0.0
yf_ZW=F_d9;39200;ASH_COATED_OSMIUM;9915;21;9913;18;;;9922;10;9924;11;;;9918.5;0.0
yf_ZW=F_d9;39200;INTARIAN_PEPPER_ROOT;11185;18;11183;16;;;11191;19;11195;31;;;11188.0;0.0
yf_ZW=F_d9;39300;ASH_COATED_OSMIUM;9916;17;9914;14;;;9922;17;9924;19;;;9919.0;0.0
yf_ZW=F_d9;39300;INTARIAN_PEPPER_ROOT;11183;13;11179;22;;;11189;9;11193;22;;;11186.0;0.0
yf_ZW=F_d9;39400;ASH_COATED_OSMIUM;9917;14;9915;13;;;9923;7;9925;15;;;9920.0;0.0
yf_ZW=F_d9;39400;INTARIAN_PEPPER_ROOT;11178;7;11176;25;;;11190;11;11194;11;;;11184.0;0.0
yf_ZW=F_d9;39500;ASH_COATED_OSMIUM;9915;8;9913;20;;;9923;21;9926;19;;;9919.0;0.0
yf_ZW=F_d9;39500;INTARIAN_PEPPER_ROOT;11177;9;11174;27;;;11188;14;11191;19;;;11182.5;0.0
yf_ZW=F_d9;39600;ASH_COATED_OSMIUM;9917;19;9915;12;;;9923;16;9925;18;;;9920.0;0.0
yf_ZW=F_d9;39600;INTARIAN_PEPPER_ROOT;11175;12;11172;22;;;11184;14;11188;27;;;11179.5;0.0
yf_ZW=F_d9;39700;ASH_COATED_OSMIUM;9916;13;9913;29;;;9924;14;9926;16;;;9920.0;0.0
yf_ZW=F_d9;39700;INTARIAN_PEPPER_ROOT;11175;5;11171;12;;;11181;12;11184;21;;;11178.0;0.0
yf_ZW=F_d9;39800;ASH_COATED_OSMIUM;9913;8;9909;33;;;9928;11;9931;9;;;9920.5;0.0
yf_ZW=F_d9;39800;INTARIAN_PEPPER_ROOT;11174;11;11172;30;;;11180;12;11182;22;;;11177.0;0.0
yf_ZW=F_d9;39900;ASH_COATED_OSMIUM;9918;10;9916;17;;;9924;17;9927;18;;;9921.0;0.0
yf_ZW=F_d9;39900;INTARIAN_PEPPER_ROOT;11170;12;11168;14;;;11179;12;11181;20;;;11174.5;0.0
yf_ZW=F_d9;40000;ASH_COATED_OSMIUM;9916;17;9914;13;;;9926;16;9929;16;;;9921.0;0.0
yf_ZW=F_d9;40000;INTARIAN_PEPPER_ROOT;11170;5;11167;24;;;11176;14;11180;33;;;11173.0;0.0
yf_ZW=F_d9;40100;ASH_COATED_OSMIUM;9919;13;9916;26;;;9925;30;9929;22;;;9922.0;0.0
yf_ZW=F_d9;40100;INTARIAN_PEPPER_ROOT;11168;10;11165;23;;;11176;5;11178;22;;;11172.0;0.0
yf_ZW=F_d9;40200;ASH_COATED_OSMIUM;9918;8;9915;28;;;9924;8;9927;18;;;9921.0;0.0
yf_ZW=F_d9;40200;INTARIAN_PEPPER_ROOT;11167;18;11163;15;;;11173;15;11176;14;;;11170.0;0.0
yf_ZW=F_d9;40300;ASH_COATED_OSMIUM;9916;8;9912;20;;;9927;19;9929;21;;;9921.5;0.0
yf_ZW=F_d9;40300;INTARIAN_PEPPER_ROOT;11165;17;11163;26;;;11171;16;11174;20;;;11168.0;0.0
yf_ZW=F_d9;40400;ASH_COATED_OSMIUM;9918;11;9915;16;;;9924;20;9926;27;;;9921.0;0.0
yf_ZW=F_d9;40400;INTARIAN_PEPPER_ROOT;11162;17;11160;19;;;11168;8;11170;19;;;11165.0;0.0
yf_ZW=F_d9;40500;ASH_COATED_OSMIUM;9909;17;9905;15;;;9933;11;9936;14;;;9921.0;0.0
yf_ZW=F_d9;40500;INTARIAN_PEPPER_ROOT;11160;19;11156;19;;;11166;12;11168;16;;;11163.0;0.0
yf_ZW=F_d9;40600;ASH_COATED_OSMIUM;9919;18;9915;22;;;9925;19;9928;25;;;9922.0;0.0
yf_ZW=F_d9;40600;INTARIAN_PEPPER_ROOT;11152;12;11148;19;;;11172;15;11175;25;;;11162.0;0.0
yf_ZW=F_d9;40700;ASH_COATED_OSMIUM;9919;18;9915;29;;;9925;12;9927;22;;;9922.0;0.0
yf_ZW=F_d9;40700;INTARIAN_PEPPER_ROOT;11156;17;11154;20;;;11165;19;11167;28;;;11160.5;0.0
yf_ZW=F_d9;40800;ASH_COATED_OSMIUM;9918;17;9915;18;;;9926;13;9928;23;;;9922.0;0.0
yf_ZW=F_d9;40800;INTARIAN_PEPPER_ROOT;11150;14;11148;23;;;11166;20;11168;21;;;11158.0;0.0
yf_ZW=F_d9;40900;ASH_COATED_OSMIUM;9919;14;9915;16;;;9925;14;9928;19;;;9922.0;0.0
yf_ZW=F_d9;40900;INTARIAN_PEPPER_ROOT;11153;19;11149;31;;;11159;17;11161;14;;;11156.0;0.0
yf_ZW=F_d9;41000;ASH_COATED_OSMIUM;9919;10;9917;11;;;9925;16;9927;18;;;9922.0;0.0
yf_ZW=F_d9;41000;INTARIAN_PEPPER_ROOT;11151;20;11148;24;;;11157;12;11160;16;;;11154.0;0.0
yf_ZW=F_d9;41100;ASH_COATED_OSMIUM;9920;10;9916;14;;;9926;19;9928;24;;;9923.0;0.0
yf_ZW=F_d9;41100;INTARIAN_PEPPER_ROOT;11149;5;11147;16;;;11155;23;11157;14;;;11152.0;0.0
yf_ZW=F_d9;41200;ASH_COATED_OSMIUM;9920;19;9918;23;;;9926;17;9929;19;;;9923.0;0.0
yf_ZW=F_d9;41200;INTARIAN_PEPPER_ROOT;11145;13;11143;20;;;11155;21;11157;27;;;11150.0;0.0
yf_ZW=F_d9;41300;ASH_COATED_OSMIUM;9914;18;9910;24;;;9931;13;9935;18;;;9922.5;0.0
yf_ZW=F_d9;41300;INTARIAN_PEPPER_ROOT;11145;7;11143;16;;;11152;15;11155;22;;;11148.5;0.0
yf_ZW=F_d9;41400;ASH_COATED_OSMIUM;9917;8;9914;20;;;9930;17;9932;17;;;9923.5;0.0
yf_ZW=F_d9;41400;INTARIAN_PEPPER_ROOT;11144;18;11142;25;;;11150;11;11153;19;;;11147.0;0.0
yf_ZW=F_d9;41500;ASH_COATED_OSMIUM;9920;14;9916;18;;;9926;12;9930;28;;;9923.0;0.0
yf_ZW=F_d9;41500;INTARIAN_PEPPER_ROOT;11139;5;11136;26;;;11151;15;11155;17;;;11145.0;0.0
yf_ZW=F_d9;41600;ASH_COATED_OSMIUM;9920;15;9918;18;;;9926;16;9930;15;;;9923.0;0.0
yf_ZW=F_d9;41600;INTARIAN_PEPPER_ROOT;11140;14;11138;17;;;11146;19;11150;28;;;11143.0;0.0
yf_ZW=F_d9;41700;ASH_COATED_OSMIUM;9921;9;9918;16;;;9928;11;9931;26;;;9924.5;0.0
yf_ZW=F_d9;41700;INTARIAN_PEPPER_ROOT;11136;14;11132;15;;;11146;18;11150;18;;;11141.0;0.0
yf_ZW=F_d9;41800;ASH_COATED_OSMIUM;9921;18;9919;19;;;9927;9;9931;10;;;9924.0;0.0
yf_ZW=F_d9;41800;INTARIAN_PEPPER_ROOT;11132;9;11129;19;;;11147;12;11151;22;;;11139.5;0.0
yf_ZW=F_d9;41900;ASH_COATED_OSMIUM;9921;19;9919;14;;;9927;13;9930;16;;;9924.0;0.0
yf_ZW=F_d9;41900;INTARIAN_PEPPER_ROOT;11135;14;11133;13;;;11141;25;11143;25;;;11138.0;0.0
yf_ZW=F_d9;42000;ASH_COATED_OSMIUM;9916;17;9912;14;;;9933;19;9935;17;;;9924.5;0.0
yf_ZW=F_d9;42000;INTARIAN_PEPPER_ROOT;11129;8;11125;18;;;11142;14;11144;11;;;11135.5;0.0
yf_ZW=F_d9;42100;ASH_COATED_OSMIUM;9907;5;9905;24;;;9943;12;9946;12;;;9925.0;0.0
yf_ZW=F_d9;42100;INTARIAN_PEPPER_ROOT;11128;8;11126;11;;;11138;15;11140;12;;;11133.0;0.0
yf_ZW=F_d9;42200;ASH_COATED_OSMIUM;9922;7;9919;18;;;9928;18;9932;8;;;9925.0;0.0
yf_ZW=F_d9;42200;INTARIAN_PEPPER_ROOT;11124;9;11122;22;;;11139;19;11143;22;;;11131.5;0.0
yf_ZW=F_d9;42300;ASH_COATED_OSMIUM;9922;12;9920;13;;;9928;18;9932;29;;;9925.0;0.0
yf_ZW=F_d9;42300;INTARIAN_PEPPER_ROOT;11121;15;11118;15;;;11139;20;11143;23;;;11130.0;0.0
yf_ZW=F_d9;42400;ASH_COATED_OSMIUM;9919;11;9915;29;;;9932;9;9936;22;;;9925.5;0.0
yf_ZW=F_d9;42400;INTARIAN_PEPPER_ROOT;11125;11;11121;18;;;11131;16;11135;8;;;11128.0;0.0
yf_ZW=F_d9;42500;ASH_COATED_OSMIUM;9920;15;9918;22;;;9930;5;9933;26;;;9925.0;0.0
yf_ZW=F_d9;42500;INTARIAN_PEPPER_ROOT;11115;9;11113;12;;;11136;16;11139;21;;;11125.5;0.0
yf_ZW=F_d9;42600;ASH_COATED_OSMIUM;9922;12;9920;29;;;9928;15;9930;19;;;9925.0;0.0
yf_ZW=F_d9;42600;INTARIAN_PEPPER_ROOT;11121;13;11117;28;;;11127;5;11130;13;;;11124.0;0.0
yf_ZW=F_d9;42700;ASH_COATED_OSMIUM;9915;20;9913;22;;;9936;16;9940;19;;;9925.5;0.0
yf_ZW=F_d9;42700;INTARIAN_PEPPER_ROOT;11116;11;11114;22;;;11129;23;11133;19;;;11122.5;0.0
yf_ZW=F_d9;42800;ASH_COATED_OSMIUM;9923;14;9919;16;;;9929;7;9932;19;;;9926.0;0.0
yf_ZW=F_d9;42800;INTARIAN_PEPPER_ROOT;11118;12;11116;15;;;11124;7;11127;24;;;11121.0;0.0
yf_ZW=F_d9;42900;ASH_COATED_OSMIUM;9922;10;9920;14;;;9929;5;9933;18;;;9925.5;0.0
yf_ZW=F_d9;42900;INTARIAN_PEPPER_ROOT;11102;10;11100;19;;;11134;7;11137;18;;;11118.0;0.0
yf_ZW=F_d9;43000;ASH_COATED_OSMIUM;9923;5;9921;17;;;9930;12;9932;21;;;9926.5;0.0
yf_ZW=F_d9;43000;INTARIAN_PEPPER_ROOT;11113;14;11110;20;;;11119;15;11123;16;;;11116.0;0.0
yf_ZW=F_d9;43100;ASH_COATED_OSMIUM;9924;16;9921;29;;;9930;17;9933;11;;;9927.0;0.0
yf_ZW=F_d9;43100;INTARIAN_PEPPER_ROOT;11112;7;11109;26;;;11118;21;11121;17;;;11115.0;0.0
yf_ZW=F_d9;43200;ASH_COATED_OSMIUM;9924;7;9920;21;;;9930;18;9934;26;;;9927.0;0.0
yf_ZW=F_d9;43200;INTARIAN_PEPPER_ROOT;11109;11;11107;16;;;11115;5;11117;27;;;11112.0;0.0
yf_ZW=F_d9;43300;ASH_COATED_OSMIUM;9924;23;9921;24;;;9930;18;9934;20;;;9927.0;0.0
yf_ZW=F_d9;43300;INTARIAN_PEPPER_ROOT;11107;12;11104;14;;;11116;14;11120;17;;;11111.5;0.0
yf_ZW=F_d9;43400;ASH_COATED_OSMIUM;9924;11;9922;21;;;9930;17;9934;16;;;9927.0;0.0
yf_ZW=F_d9;43400;INTARIAN_PEPPER_ROOT;11103;8;11100;23;;;11115;18;11117;10;;;11109.0;0.0
yf_ZW=F_d9;43500;ASH_COATED_OSMIUM;9909;11;9906;26;;;9947;12;9949;22;;;9928.0;0.0
yf_ZW=F_d9;43500;INTARIAN_PEPPER_ROOT;11104;8;11100;22;;;11110;10;11112;20;;;11107.0;0.0
yf_ZW=F_d9;43600;ASH_COATED_OSMIUM;9925;25;9922;13;;;9931;13;9933;14;;;9928.0;0.0
yf_ZW=F_d9;43600;INTARIAN_PEPPER_ROOT;11102;9;11099;23;;;11108;14;11111;19;;;11105.0;0.0
yf_ZW=F_d9;43700;ASH_COATED_OSMIUM;9925;10;9922;20;;;9931;6;9933;21;;;9928.0;0.0
yf_ZW=F_d9;43700;INTARIAN_PEPPER_ROOT;11090;16;11086;17;;;11117;14;11121;30;;;11103.5;0.0
yf_ZW=F_d9;43800;ASH_COATED_OSMIUM;9925;14;9923;23;;;9931;16;9934;28;;;9928.0;0.0
yf_ZW=F_d9;43800;INTARIAN_PEPPER_ROOT;11099;17;11097;22;;;11105;19;11108;24;;;11102.0;0.0
yf_ZW=F_d9;43900;ASH_COATED_OSMIUM;9926;12;9924;14;;;9932;12;9936;22;;;9929.0;0.0
yf_ZW=F_d9;43900;INTARIAN_PEPPER_ROOT;11096;11;11094;9;;;11103;14;11107;17;;;11099.5;0.0
yf_ZW=F_d9;44000;ASH_COATED_OSMIUM;9925;19;9922;10;;;9931;16;9935;12;;;9928.0;0.0
yf_ZW=F_d9;44000;INTARIAN_PEPPER_ROOT;11090;13;11088;19;;;11106;16;11109;26;;;11098.0;0.0
yf_ZW=F_d9;44100;ASH_COATED_OSMIUM;9924;16;9921;17;;;9933;15;9936;26;;;9928.5;0.0
yf_ZW=F_d9;44100;INTARIAN_PEPPER_ROOT;11093;10;11089;21;;;11099;18;11101;22;;;11096.0;0.0
yf_ZW=F_d9;44200;ASH_COATED_OSMIUM;9917;7;9915;19;;;9942;11;9944;24;;;9929.5;0.0
yf_ZW=F_d9;44200;INTARIAN_PEPPER_ROOT;11091;17;11089;15;;;11097;10;11101;28;;;11094.0;0.0
yf_ZW=F_d9;44300;ASH_COATED_OSMIUM;9926;21;9924;15;;;9932;25;9935;17;;;9929.0;0.0
yf_ZW=F_d9;44300;INTARIAN_PEPPER_ROOT;11088;20;11084;23;;;11094;11;11097;18;;;11091.0;0.0
yf_ZW=F_d9;44400;ASH_COATED_OSMIUM;9926;6;9924;16;;;9932;15;9936;20;;;9929.0;0.0
yf_ZW=F_d9;44400;INTARIAN_PEPPER_ROOT;11075;14;11073;20;;;11107;7;11111;22;;;11091.0;0.0
yf_ZW=F_d9;44500;ASH_COATED_OSMIUM;9927;20;9924;27;;;9933;14;9937;10;;;9930.0;0.0
yf_ZW=F_d9;44500;INTARIAN_PEPPER_ROOT;11085;13;11081;14;;;11091;17;11093;14;;;11088.0;0.0
yf_ZW=F_d9;44600;ASH_COATED_OSMIUM;9926;17;9922;19;;;9932;15;9934;17;;;9929.0;0.0
yf_ZW=F_d9;44600;INTARIAN_PEPPER_ROOT;11083;23;11081;19;;;11090;12;11092;18;;;11086.5;0.0
yf_ZW=F_d9;44700;ASH_COATED_OSMIUM;9927;19;9924;14;;;9933;24;9937;19;;;9930.0;0.0
yf_ZW=F_d9;44700;INTARIAN_PEPPER_ROOT;11080;23;11076;19;;;11089;18;11091;24;;;11084.5;0.0
yf_ZW=F_d9;44800;ASH_COATED_OSMIUM;9927;27;9924;16;;;9933;18;9936;15;;;9930.0;0.0
yf_ZW=F_d9;44800;INTARIAN_PEPPER_ROOT;11079;17;11076;19;;;11085;23;11088;27;;;11082.0;0.0
yf_ZW=F_d9;44900;ASH_COATED_OSMIUM;9927;14;9923;17;;;9933;16;9936;12;;;9930.0;0.0
yf_ZW=F_d9;44900;INTARIAN_PEPPER_ROOT;11078;13;11076;23;;;11084;10;11086;24;;;11081.0;0.0
yf_ZW=F_d9;45000;ASH_COATED_OSMIUM;9928;16;9926;20;;;9934;22;9937;25;;;9931.0;0.0
yf_ZW=F_d9;45000;INTARIAN_PEPPER_ROOT;11076;15;11074;13;;;11082;15;11086;30;;;11079.0;0.0
yf_ZW=F_d9;45100;ASH_COATED_OSMIUM;9928;16;9924;19;;;9934;10;9936;17;;;9931.0;0.0
yf_ZW=F_d9;45100;INTARIAN_PEPPER_ROOT;11074;8;11071;20;;;11080;24;11082;15;;;11077.0;0.0
yf_ZW=F_d9;45200;ASH_COATED_OSMIUM;9928;9;9924;13;;;9934;9;9938;8;;;9931.0;0.0
yf_ZW=F_d9;45200;INTARIAN_PEPPER_ROOT;11071;10;11068;22;;;11079;19;11082;20;;;11075.0;0.0
yf_ZW=F_d9;45300;ASH_COATED_OSMIUM;9928;10;9925;11;;;9934;22;9938;22;;;9931.0;0.0
yf_ZW=F_d9;45300;INTARIAN_PEPPER_ROOT;11067;12;11063;14;;;11079;17;11081;19;;;11073.0;0.0
yf_ZW=F_d9;45400;ASH_COATED_OSMIUM;9924;20;9921;17;;;9938;10;9941;22;;;9931.0;0.0
yf_ZW=F_d9;45400;INTARIAN_PEPPER_ROOT;11069;22;11065;13;;;11075;21;11077;33;;;11072.0;0.0
yf_ZW=F_d9;45500;ASH_COATED_OSMIUM;9928;19;9925;17;;;9934;13;9937;8;;;9931.0;0.0
yf_ZW=F_d9;45500;INTARIAN_PEPPER_ROOT;11061;10;11059;22;;;11078;17;11081;34;;;11069.5;0.0
yf_ZW=F_d9;45600;ASH_COATED_OSMIUM;9929;9;9925;25;;;9935;13;9937;13;;;9932.0;0.0
yf_ZW=F_d9;45600;INTARIAN_PEPPER_ROOT;11061;23;11058;19;;;11074;16;11078;18;;;11067.5;0.0
yf_ZW=F_d9;45700;ASH_COATED_OSMIUM;9929;21;9927;18;;;9935;16;9937;18;;;9932.0;0.0
yf_ZW=F_d9;45700;INTARIAN_PEPPER_ROOT;11062;17;11059;24;;;11069;9;11073;19;;;11065.5;0.0
yf_ZW=F_d9;45800;ASH_COATED_OSMIUM;9929;9;9926;20;;;9935;11;9938;14;;;9932.0;0.0
yf_ZW=F_d9;45800;INTARIAN_PEPPER_ROOT;11061;16;11057;22;;;11067;13;11070;23;;;11064.0;0.0
yf_ZW=F_d9;45900;ASH_COATED_OSMIUM;9927;15;9923;17;;;9936;17;9938;21;;;9931.5;0.0
yf_ZW=F_d9;45900;INTARIAN_PEPPER_ROOT;11059;12;11055;17;;;11065;10;11067;21;;;11062.0;0.0
yf_ZW=F_d9;46000;ASH_COATED_OSMIUM;9929;15;9925;22;;;9935;10;9938;26;;;9932.0;0.0
yf_ZW=F_d9;46000;INTARIAN_PEPPER_ROOT;11057;16;11055;20;;;11063;8;11065;19;;;11060.0;0.0
yf_ZW=F_d9;46100;ASH_COATED_OSMIUM;9926;15;9922;13;;;9939;11;9942;22;;;9932.5;0.0
yf_ZW=F_d9;46100;INTARIAN_PEPPER_ROOT;11055;10;11053;22;;;11061;13;11063;19;;;11058.0;0.0
yf_ZW=F_d9;46200;ASH_COATED_OSMIUM;9923;15;9921;25;;;9943;14;9947;17;;;9933.0;0.0
yf_ZW=F_d9;46200;INTARIAN_PEPPER_ROOT;11053;13;11051;17;;;11059;7;11061;11;;;11056.0;0.0
yf_ZW=F_d9;46300;ASH_COATED_OSMIUM;9930;19;9928;17;;;9936;22;9940;18;;;9933.0;0.0
yf_ZW=F_d9;46300;INTARIAN_PEPPER_ROOT;11049;17;11046;18;;;11060;9;11062;18;;;11054.5;0.0
yf_ZW=F_d9;46400;ASH_COATED_OSMIUM;9929;19;9927;22;;;9938;18;9940;21;;;9933.5;0.0
yf_ZW=F_d9;46400;INTARIAN_PEPPER_ROOT;11034;10;11031;16;;;11072;21;11074;27;;;11053.0;0.0
yf_ZW=F_d9;46500;ASH_COATED_OSMIUM;9929;22;9926;19;;;9937;5;9940;28;;;9933.0;0.0
yf_ZW=F_d9;46500;INTARIAN_PEPPER_ROOT;11048;19;11046;17;;;11054;14;11056;25;;;11051.0;0.0
yf_ZW=F_d9;46600;ASH_COATED_OSMIUM;9913;17;9909;21;;;9954;10;9957;24;;;9933.5;0.0
yf_ZW=F_d9;46600;INTARIAN_PEPPER_ROOT;11043;18;11040;26;;;11053;7;11056;16;;;11048.0;0.0
yf_ZW=F_d9;46700;ASH_COATED_OSMIUM;9930;19;9928;14;;;9936;6;9940;16;;;9933.0;0.0
yf_ZW=F_d9;46700;INTARIAN_PEPPER_ROOT;11029;16;11027;27;;;11064;13;11068;14;;;11046.5;0.0
yf_ZW=F_d9;46800;ASH_COATED_OSMIUM;9930;18;9927;15;;;9936;12;9940;8;;;9933.0;0.0
yf_ZW=F_d9;46800;INTARIAN_PEPPER_ROOT;11042;11;11040;21;;;11048;5;11052;28;;;11045.0;0.0
yf_ZW=F_d9;46900;ASH_COATED_OSMIUM;9930;16;9926;18;;;9937;14;9941;22;;;9933.5;0.0
yf_ZW=F_d9;46900;INTARIAN_PEPPER_ROOT;11040;13;11036;24;;;11046;16;11050;18;;;11043.0;0.0
yf_ZW=F_d9;47000;ASH_COATED_OSMIUM;9926;13;9922;15;;;9942;22;9944;30;;;9934.0;0.0
yf_ZW=F_d9;47000;INTARIAN_PEPPER_ROOT;11035;15;11031;21;;;11046;13;11048;19;;;11040.5;0.0
yf_ZW=F_d9;47100;ASH_COATED_OSMIUM;9932;16;9929;16;;;9938;17;9941;21;;;9935.0;0.0
yf_ZW=F_d9;47100;INTARIAN_PEPPER_ROOT;11034;10;11032;21;;;11045;13;11048;23;;;11039.5;0.0
yf_ZW=F_d9;47200;ASH_COATED_OSMIUM;9922;12;9918;26;;;9946;8;9950;11;;;9934.0;0.0
yf_ZW=F_d9;47200;INTARIAN_PEPPER_ROOT;11025;18;11023;14;;;11050;5;11052;23;;;11037.5;0.0
yf_ZW=F_d9;47300;ASH_COATED_OSMIUM;9929;19;9926;22;;;9940;14;9944;19;;;9934.5;0.0
yf_ZW=F_d9;47300;INTARIAN_PEPPER_ROOT;11025;16;11023;15;;;11047;18;11049;19;;;11036.0;0.0
yf_ZW=F_d9;47400;ASH_COATED_OSMIUM;9932;12;9930;22;;;9938;15;9942;20;;;9935.0;0.0
yf_ZW=F_d9;47400;INTARIAN_PEPPER_ROOT;11030;18;11027;23;;;11037;18;11040;17;;;11033.5;0.0
yf_ZW=F_d9;47500;ASH_COATED_OSMIUM;9932;16;9930;20;;;9939;9;9943;14;;;9935.5;0.0
yf_ZW=F_d9;47500;INTARIAN_PEPPER_ROOT;11026;6;11023;26;;;11037;10;11040;20;;;11031.5;0.0
yf_ZW=F_d9;47600;ASH_COATED_OSMIUM;9930;11;9928;18;;;9941;19;9945;27;;;9935.5;0.0
yf_ZW=F_d9;47600;INTARIAN_PEPPER_ROOT;11026;9;11024;19;;;11032;15;11034;19;;;11029.0;0.0
yf_ZW=F_d9;47700;ASH_COATED_OSMIUM;9933;17;9930;17;;;9939;13;9943;22;;;9936.0;0.0
yf_ZW=F_d9;47700;INTARIAN_PEPPER_ROOT;11024;21;11021;19;;;11032;16;11034;12;;;11028.0;0.0
yf_ZW=F_d9;47800;ASH_COATED_OSMIUM;9931;12;9927;19;;;9940;17;9943;19;;;9935.5;0.0
yf_ZW=F_d9;47800;INTARIAN_PEPPER_ROOT;11023;17;11021;24;;;11029;16;11031;21;;;11026.0;0.0
yf_ZW=F_d9;47900;ASH_COATED_OSMIUM;9933;15;9931;18;;;9939;15;9941;12;;;9936.0;0.0
yf_ZW=F_d9;47900;INTARIAN_PEPPER_ROOT;11020;5;11017;27;;;11027;20;11029;26;;;11023.5;0.0
yf_ZW=F_d9;48000;ASH_COATED_OSMIUM;9933;9;9929;25;;;9939;13;9941;22;;;9936.0;0.0
yf_ZW=F_d9;48000;INTARIAN_PEPPER_ROOT;11017;12;11014;21;;;11027;13;11029;17;;;11022.0;0.0
yf_ZW=F_d9;48100;ASH_COATED_OSMIUM;9933;6;9931;22;;;9939;14;9943;18;;;9936.0;0.0
yf_ZW=F_d9;48100;INTARIAN_PEPPER_ROOT;11017;14;11014;27;;;11023;13;11027;22;;;11020.0;0.0
yf_ZW=F_d9;48200;ASH_COATED_OSMIUM;9922;18;9918;24;;;9950;13;9953;16;;;9936.0;0.0
yf_ZW=F_d9;48200;INTARIAN_PEPPER_ROOT;11013;15;11010;22;;;11025;10;11028;12;;;11019.0;0.0
yf_ZW=F_d9;48300;ASH_COATED_OSMIUM;9933;24;9929;16;;;9939;23;9943;18;;;9936.0;0.0
yf_ZW=F_d9;48300;INTARIAN_PEPPER_ROOT;11011;16;11009;21;;;11024;13;11026;9;;;11017.5;0.0
yf_ZW=F_d9;48400;ASH_COATED_OSMIUM;9933;20;9929;24;;;9942;17;9945;17;;;9937.5;0.0
yf_ZW=F_d9;48400;INTARIAN_PEPPER_ROOT;11012;17;11010;25;;;11018;16;11021;12;;;11015.0;0.0
yf_ZW=F_d9;48500;ASH_COATED_OSMIUM;9934;23;9930;22;;;9940;5;9942;13;;;9937.0;0.0
yf_ZW=F_d9;48500;INTARIAN_PEPPER_ROOT;11010;9;11006;26;;;11016;14;11018;23;;;11013.0;0.0
yf_ZW=F_d9;48600;ASH_COATED_OSMIUM;9931;18;9929;23;;;9944;11;9946;18;;;9937.5;0.0
yf_ZW=F_d9;48600;INTARIAN_PEPPER_ROOT;11006;13;11004;21;;;11016;11;11019;18;;;11011.0;0.0
yf_ZW=F_d9;48700;ASH_COATED_OSMIUM;9931;16;9928;21;;;9944;12;9946;18;;;9937.5;0.0
yf_ZW=F_d9;48700;INTARIAN_PEPPER_ROOT;11007;8;11005;16;;;11013;21;11016;13;;;11010.0;0.0
yf_ZW=F_d9;48800;ASH_COATED_OSMIUM;9935;12;9933;23;;;9941;14;9943;16;;;9938.0;0.0
yf_ZW=F_d9;48800;INTARIAN_PEPPER_ROOT;11004;10;11002;18;;;11010;15;11012;13;;;11007.0;0.0
yf_ZW=F_d9;48900;ASH_COATED_OSMIUM;9929;10;9925;28;;;9948;24;9950;26;;;9938.5;0.0
yf_ZW=F_d9;48900;INTARIAN_PEPPER_ROOT;11002;12;10999;18;;;11008;14;11012;27;;;11005.0;0.0
yf_ZW=F_d9;49000;ASH_COATED_OSMIUM;9932;7;9930;14;;;9945;9;9949;25;;;9938.5;0.0
yf_ZW=F_d9;49000;INTARIAN_PEPPER_ROOT;10993;18;10991;23;;;11013;7;11016;28;;;11003.0;0.0
yf_ZW=F_d9;49100;ASH_COATED_OSMIUM;9935;8;9931;16;;;9941;5;9943;9;;;9938.0;0.0
yf_ZW=F_d9;49100;INTARIAN_PEPPER_ROOT;10999;18;10997;25;;;11005;12;11007;17;;;11002.0;0.0
yf_ZW=F_d9;49200;ASH_COATED_OSMIUM;9933;20;9929;17;;;9943;14;9947;8;;;9938.0;0.0
yf_ZW=F_d9;49200;INTARIAN_PEPPER_ROOT;10997;14;10993;23;;;11003;11;11005;22;;;11000.0;0.0
yf_ZW=F_d9;49300;ASH_COATED_OSMIUM;9936;10;9932;25;;;9942;24;9945;25;;;9939.0;0.0
yf_ZW=F_d9;49300;INTARIAN_PEPPER_ROOT;10993;18;10991;17;;;11004;9;11008;21;;;10998.5;0.0
yf_ZW=F_d9;49400;ASH_COATED_OSMIUM;9936;18;9934;15;;;9942;7;9944;27;;;9939.0;0.0
yf_ZW=F_d9;49400;INTARIAN_PEPPER_ROOT;10993;17;10991;22;;;10999;16;11001;25;;;10996.0;0.0
yf_ZW=F_d9;49500;ASH_COATED_OSMIUM;9932;16;9928;21;;;9945;17;9948;16;;;9938.5;0.0
yf_ZW=F_d9;49500;INTARIAN_PEPPER_ROOT;10979;11;10976;17;;;11008;19;11011;22;;;10993.5;0.0
yf_ZW=F_d9;49600;ASH_COATED_OSMIUM;9935;22;9931;29;;;9943;15;9946;24;;;9939.0;0.0
yf_ZW=F_d9;49600;INTARIAN_PEPPER_ROOT;10984;12;10982;22;;;11000;18;11003;23;;;10992.0;0.0
yf_ZW=F_d9;49700;ASH_COATED_OSMIUM;9937;21;9934;25;;;9943;12;9946;31;;;9940.0;0.0
yf_ZW=F_d9;49700;INTARIAN_PEPPER_ROOT;10982;6;10980;17;;;10998;16;11002;20;;;10990.0;0.0
yf_ZW=F_d9;49800;ASH_COATED_OSMIUM;9932;13;9929;17;;;9948;11;9952;22;;;9940.0;0.0
yf_ZW=F_d9;49800;INTARIAN_PEPPER_ROOT;10984;23;10982;20;;;10992;14;10995;18;;;10988.0;0.0
yf_ZW=F_d9;49900;ASH_COATED_OSMIUM;9937;18;9935;9;;;9943;18;9946;21;;;9940.0;0.0
yf_ZW=F_d9;49900;INTARIAN_PEPPER_ROOT;10980;13;10976;16;;;10992;20;10996;26;;;10986.0;0.0
yf_ZW=F_d9;50000;ASH_COATED_OSMIUM;9935;13;9931;19;;;9947;9;9951;15;;;9941.0;0.0
yf_ZW=F_d9;50000;INTARIAN_PEPPER_ROOT;10982;19;10979;26;;;10988;16;10991;12;;;10985.0;0.0
yf_ZW=F_d9;50100;ASH_COATED_OSMIUM;9934;21;9932;19;;;9945;12;9949;24;;;9939.5;0.0
yf_ZW=F_d9;50100;INTARIAN_PEPPER_ROOT;10975;5;10972;21;;;10990;12;10993;21;;;10982.5;0.0
yf_ZW=F_d9;50200;ASH_COATED_OSMIUM;9936;16;9934;17;;;9945;12;9949;14;;;9940.5;0.0
yf_ZW=F_d9;50200;INTARIAN_PEPPER_ROOT;10975;8;10973;23;;;10987;17;10990;16;;;10981.0;0.0
yf_ZW=F_d9;50300;ASH_COATED_OSMIUM;9937;6;9933;13;;;9945;20;9949;15;;;9941.0;0.0
yf_ZW=F_d9;50300;INTARIAN_PEPPER_ROOT;10976;7;10973;26;;;10982;18;10986;24;;;10979.0;0.0
yf_ZW=F_d9;50400;ASH_COATED_OSMIUM;9936;21;9933;19;;;9946;12;9948;21;;;9941.0;0.0
yf_ZW=F_d9;50400;INTARIAN_PEPPER_ROOT;10974;13;10971;11;;;10980;11;10983;20;;;10977.0;0.0
yf_ZW=F_d9;50500;ASH_COATED_OSMIUM;9935;10;9931;14;;;9947;15;9949;17;;;9941.0;0.0
yf_ZW=F_d9;50500;INTARIAN_PEPPER_ROOT;10969;20;10967;16;;;10981;17;10984;22;;;10975.0;0.0
yf_ZW=F_d9;50600;ASH_COATED_OSMIUM;9938;18;9935;22;;;9944;12;9946;33;;;9941.0;0.0
yf_ZW=F_d9;50600;INTARIAN_PEPPER_ROOT;10970;7;10968;21;;;10976;16;10979;18;;;10973.0;0.0
yf_ZW=F_d9;50700;ASH_COATED_OSMIUM;9939;9;9937;26;;;9945;8;9949;14;;;9942.0;0.0
yf_ZW=F_d9;50700;INTARIAN_PEPPER_ROOT;10968;26;10964;18;;;10974;7;10976;22;;;10971.0;0.0
yf_ZW=F_d9;50800;ASH_COATED_OSMIUM;9934;8;9931;24;;;9948;12;9951;22;;;9941.0;0.0
yf_ZW=F_d9;50800;INTARIAN_PEPPER_ROOT;10967;8;10964;19;;;10973;18;10975;15;;;10970.0;0.0
yf_ZW=F_d9;50900;ASH_COATED_OSMIUM;9920;13;9918;16;;;9963;13;9967;11;;;9941.5;0.0
yf_ZW=F_d9;50900;INTARIAN_PEPPER_ROOT;10966;14;10962;20;;;10972;7;10975;23;;;10969.0;0.0
yf_ZW=F_d9;51000;ASH_COATED_OSMIUM;9939;11;9937;24;;;9945;17;9948;29;;;9942.0;0.0
yf_ZW=F_d9;51000;INTARIAN_PEPPER_ROOT;10958;13;10956;18;;;10983;15;10986;21;;;10970.5;0.0
yf_ZW=F_d9;51100;ASH_COATED_OSMIUM;9938;19;9935;12;;;9947;10;9950;24;;;9942.5;0.0
yf_ZW=F_d9;51100;INTARIAN_PEPPER_ROOT;10968;10;10965;16;;;10974;10;10978;18;;;10971.0;0.0
yf_ZW=F_d9;51200;ASH_COATED_OSMIUM;9940;12;9937;19;;;9946;15;9949;23;;;9943.0;0.0
yf_ZW=F_d9;51200;INTARIAN_PEPPER_ROOT;10969;8;10965;10;;;10976;13;10978;22;;;10972.5;0.0
yf_ZW=F_d9;51300;ASH_COATED_OSMIUM;9940;11;9937;21;;;9946;9;9948;19;;;9943.0;0.0
yf_ZW=F_d9;51300;INTARIAN_PEPPER_ROOT;10971;17;10968;19;;;10977;12;10980;23;;;10974.0;0.0
yf_ZW=F_d9;51400;ASH_COATED_OSMIUM;9940;14;9938;25;;;9947;15;9951;13;;;9943.5;0.0
yf_ZW=F_d9;51400;INTARIAN_PEPPER_ROOT;10971;13;10968;13;;;10977;11;10980;28;;;10974.0;0.0
yf_ZW=F_d9;51500;ASH_COATED_OSMIUM;9937;8;9933;14;;;9951;17;9953;23;;;9944.0;0.0
yf_ZW=F_d9;51500;INTARIAN_PEPPER_ROOT;10971;19;10969;14;;;10977;6;10980;19;;;10974.0;0.0
yf_ZW=F_d9;51600;ASH_COATED_OSMIUM;9940;15;9938;22;;;9946;14;9948;14;;;9943.0;0.0
yf_ZW=F_d9;51600;INTARIAN_PEPPER_ROOT;10973;13;10969;29;;;10980;18;10984;16;;;10976.5;0.0
yf_ZW=F_d9;51700;ASH_COATED_OSMIUM;9941;13;9939;18;;;9947;10;9949;23;;;9944.0;0.0
yf_ZW=F_d9;51700;INTARIAN_PEPPER_ROOT;10974;17;10970;26;;;10980;16;10983;16;;;10977.0;0.0
yf_ZW=F_d9;51800;ASH_COATED_OSMIUM;9940;18;9936;12;;;9949;8;9952;21;;;9944.5;0.0
yf_ZW=F_d9;51800;INTARIAN_PEPPER_ROOT;10965;7;10963;23;;;10991;12;10995;27;;;10978.0;0.0
yf_ZW=F_d9;51900;ASH_COATED_OSMIUM;9934;22;9932;15;;;9955;11;9957;16;;;9944.5;0.0
yf_ZW=F_d9;51900;INTARIAN_PEPPER_ROOT;10976;12;10973;18;;;10982;16;10986;16;;;10979.0;0.0
yf_ZW=F_d9;52000;ASH_COATED_OSMIUM;9942;20;9939;21;;;9948;20;9951;9;;;9945.0;0.0
yf_ZW=F_d9;52000;INTARIAN_PEPPER_ROOT;10977;20;10974;28;;;10983;21;10985;22;;;10980.0;0.0
yf_ZW=F_d9;52100;ASH_COATED_OSMIUM;9943;15;9939;26;;;9949;10;9952;20;;;9946.0;0.0
yf_ZW=F_d9;52100;INTARIAN_PEPPER_ROOT;10977;11;10974;19;;;10983;13;10987;16;;;10980.0;0.0
yf_ZW=F_d9;52200;ASH_COATED_OSMIUM;9942;13;9940;23;;;9948;25;9950;16;;;9945.0;0.0
yf_ZW=F_d9;52200;INTARIAN_PEPPER_ROOT;10979;17;10975;17;;;10985;20;10987;23;;;10982.0;0.0
yf_ZW=F_d9;52300;ASH_COATED_OSMIUM;9943;17;9940;20;;;9949;15;9952;32;;;9946.0;0.0
yf_ZW=F_d9;52300;INTARIAN_PEPPER_ROOT;10980;15;10977;19;;;10986;7;10989;15;;;10983.0;0.0
yf_ZW=F_d9;52400;ASH_COATED_OSMIUM;9944;14;9941;23;;;9950;12;9954;15;;;9947.0;0.0
yf_ZW=F_d9;52400;INTARIAN_PEPPER_ROOT;10977;18;10975;14;;;10989;13;10991;12;;;10983.0;0.0
yf_ZW=F_d9;52500;ASH_COATED_OSMIUM;9942;12;9939;17;;;9951;10;9955;24;;;9946.5;0.0
yf_ZW=F_d9;52500;INTARIAN_PEPPER_ROOT;10980;15;10978;15;;;10989;17;10993;20;;;10984.5;0.0
yf_ZW=F_d9;52600;ASH_COATED_OSMIUM;9943;8;9941;26;;;9949;15;9951;21;;;9946.0;0.0
yf_ZW=F_d9;52600;INTARIAN_PEPPER_ROOT;10981;18;10979;15;;;10991;16;10994;26;;;10986.0;0.0
yf_ZW=F_d9;52700;ASH_COATED_OSMIUM;9943;11;9941;21;;;9949;10;9952;19;;;9946.0;0.0
yf_ZW=F_d9;52700;INTARIAN_PEPPER_ROOT;10980;7;10977;21;;;10993;11;10996;19;;;10986.5;0.0
yf_ZW=F_d9;52800;ASH_COATED_OSMIUM;9943;6;9940;18;;;9952;16;9956;16;;;9947.5;0.0
yf_ZW=F_d9;52800;INTARIAN_PEPPER_ROOT;10985;21;10981;27;;;10991;15;10994;19;;;10988.0;0.0
yf_ZW=F_d9;52900;ASH_COATED_OSMIUM;9944;12;9941;24;;;9951;15;9955;22;;;9947.5;0.0
yf_ZW=F_d9;52900;INTARIAN_PEPPER_ROOT;10983;7;10980;24;;;10993;6;10997;13;;;10988.0;0.0
yf_ZW=F_d9;53000;ASH_COATED_OSMIUM;9944;11;9942;11;;;9950;21;9953;27;;;9947.0;0.0
yf_ZW=F_d9;53000;INTARIAN_PEPPER_ROOT;10983;15;10981;17;;;10997;22;11000;15;;;10990.0;0.0
yf_ZW=F_d9;53100;ASH_COATED_OSMIUM;9941;21;9938;22;;;9955;18;9958;11;;;9948.0;0.0
yf_ZW=F_d9;53100;INTARIAN_PEPPER_ROOT;10987;17;10983;24;;;10993;13;10995;17;;;10990.0;0.0
yf_ZW=F_d9;53200;ASH_COATED_OSMIUM;9946;21;9943;28;;;9952;11;9954;31;;;9949.0;0.0
yf_ZW=F_d9;53200;INTARIAN_PEPPER_ROOT;10988;6;10986;26;;;10995;18;10997;23;;;10991.5;0.0
yf_ZW=F_d9;53300;ASH_COATED_OSMIUM;9942;16;9938;21;;;9954;16;9957;23;;;9948.0;0.0
yf_ZW=F_d9;53300;INTARIAN_PEPPER_ROOT;10990;19;10986;11;;;10996;15;11000;20;;;10993.0;0.0
yf_ZW=F_d9;53400;ASH_COATED_OSMIUM;9930;20;9928;16;;;9968;16;9971;21;;;9949.0;0.0
yf_ZW=F_d9;53400;INTARIAN_PEPPER_ROOT;10991;17;10988;21;;;10997;8;11001;20;;;10994.0;0.0
yf_ZW=F_d9;53500;ASH_COATED_OSMIUM;9946;22;9942;17;;;9952;13;9956;24;;;9949.0;0.0
yf_ZW=F_d9;53500;INTARIAN_PEPPER_ROOT;10992;22;10990;17;;;10998;8;11002;15;;;10995.0;0.0
yf_ZW=F_d9;53600;ASH_COATED_OSMIUM;9946;24;9943;23;;;9952;15;9956;32;;;9949.0;0.0
yf_ZW=F_d9;53600;INTARIAN_PEPPER_ROOT;10988;22;10984;25;;;11002;18;11004;17;;;10995.0;0.0
yf_ZW=F_d9;53700;ASH_COATED_OSMIUM;9938;24;9935;20;;;9961;8;9965;25;;;9949.5;0.0
yf_ZW=F_d9;53700;INTARIAN_PEPPER_ROOT;10993;21;10990;17;;;10999;13;11002;26;;;10996.0;0.0
yf_ZW=F_d9;53800;ASH_COATED_OSMIUM;9947;7;9943;17;;;9953;15;9956;20;;;9950.0;0.0
yf_ZW=F_d9;53800;INTARIAN_PEPPER_ROOT;10994;9;10992;9;;;11000;7;11002;17;;;10997.0;0.0
yf_ZW=F_d9;53900;ASH_COATED_OSMIUM;9947;18;9944;14;;;9953;15;9955;25;;;9950.0;0.0
yf_ZW=F_d9;53900;INTARIAN_PEPPER_ROOT;10996;15;10993;15;;;11002;12;11005;30;;;10999.0;0.0
yf_ZW=F_d9;54000;ASH_COATED_OSMIUM;9947;11;9943;19;;;9953;12;9955;26;;;9950.0;0.0
yf_ZW=F_d9;54000;INTARIAN_PEPPER_ROOT;10996;13;10992;14;;;11002;23;11004;28;;;10999.0;0.0
yf_ZW=F_d9;54100;ASH_COATED_OSMIUM;9948;8;9946;15;;;9954;11;9957;24;;;9951.0;0.0
yf_ZW=F_d9;54100;INTARIAN_PEPPER_ROOT;10996;21;10992;21;;;11005;8;11009;24;;;11000.5;0.0
yf_ZW=F_d9;54200;ASH_COATED_OSMIUM;9948;11;9945;22;;;9954;19;9956;17;;;9951.0;0.0
yf_ZW=F_d9;54200;INTARIAN_PEPPER_ROOT;10998;15;10994;26;;;11004;13;11006;16;;;11001.0;0.0
yf_ZW=F_d9;54300;ASH_COATED_OSMIUM;9948;13;9946;21;;;9954;16;9956;13;;;9951.0;0.0
yf_ZW=F_d9;54300;INTARIAN_PEPPER_ROOT;10999;14;10996;23;;;11005;24;11008;22;;;11002.0;0.0
yf_ZW=F_d9;54400;ASH_COATED_OSMIUM;9948;12;9944;8;;;9954;14;9958;17;;;9951.0;0.0
yf_ZW=F_d9;54400;INTARIAN_PEPPER_ROOT;10999;11;10996;13;;;11008;26;11012;28;;;11003.5;0.0
yf_ZW=F_d9;54500;ASH_COATED_OSMIUM;9947;13;9945;22;;;9955;17;9958;27;;;9951.0;0.0
yf_ZW=F_d9;54500;INTARIAN_PEPPER_ROOT;11000;10;10998;24;;;11007;12;11011;20;;;11003.5;0.0
yf_ZW=F_d9;54600;ASH_COATED_OSMIUM;9949;20;9947;8;;;9955;14;9958;25;;;9952.0;0.0
yf_ZW=F_d9;54600;INTARIAN_PEPPER_ROOT;11000;6;10998;26;;;11010;17;11014;19;;;11005.0;0.0
yf_ZW=F_d9;54700;ASH_COATED_OSMIUM;9949;16;9945;15;;;9955;20;9959;18;;;9952.0;0.0
yf_ZW=F_d9;54700;INTARIAN_PEPPER_ROOT;11004;10;11001;22;;;11010;5;11014;23;;;11007.0;0.0
yf_ZW=F_d9;54800;ASH_COATED_OSMIUM;9949;9;9947;16;;;9956;10;9959;20;;;9952.5;0.0
yf_ZW=F_d9;54800;INTARIAN_PEPPER_ROOT;11001;12;10998;21;;;11013;16;11017;19;;;11007.0;0.0
yf_ZW=F_d9;54900;ASH_COATED_OSMIUM;9949;19;9946;21;;;9957;11;9959;23;;;9953.0;0.0
yf_ZW=F_d9;54900;INTARIAN_PEPPER_ROOT;11002;19;10999;8;;;11014;14;11016;19;;;11008.0;0.0
yf_ZW=F_d9;55000;ASH_COATED_OSMIUM;9950;16;9947;14;;;9957;20;9959;15;;;9953.5;0.0
yf_ZW=F_d9;55000;INTARIAN_PEPPER_ROOT;11006;15;11002;16;;;11012;15;11015;16;;;11009.0;0.0
yf_ZW=F_d9;55100;ASH_COATED_OSMIUM;9950;7;9948;19;;;9956;11;9959;21;;;9953.0;0.0
yf_ZW=F_d9;55100;INTARIAN_PEPPER_ROOT;11007;15;11003;26;;;11013;13;11015;24;;;11010.0;0.0
yf_ZW=F_d9;55200;ASH_COATED_OSMIUM;9948;20;9945;18;;;9961;9;9963;19;;;9954.5;0.0
yf_ZW=F_d9;55200;INTARIAN_PEPPER_ROOT;11008;16;11004;17;;;11014;17;11018;13;;;11011.0;0.0
yf_ZW=F_d9;55300;ASH_COATED_OSMIUM;9948;13;9944;18;;;9961;20;9964;22;;;9954.5;0.0
yf_ZW=F_d9;55300;INTARIAN_PEPPER_ROOT;11009;15;11006;22;;;11016;5;11019;20;;;11012.5;0.0
yf_ZW=F_d9;55400;ASH_COATED_OSMIUM;9952;14;9950;24;;;9958;9;9960;30;;;9955.0;0.0
yf_ZW=F_d9;55400;INTARIAN_PEPPER_ROOT;11010;13;11006;26;;;11016;7;11019;11;;;11013.0;0.0
yf_ZW=F_d9;55500;ASH_COATED_OSMIUM;9952;16;9950;24;;;9958;12;9961;9;;;9955.0;0.0
yf_ZW=F_d9;55500;INTARIAN_PEPPER_ROOT;11005;17;11003;26;;;11023;21;11027;29;;;11014.0;0.0
yf_ZW=F_d9;55600;ASH_COATED_OSMIUM;9952;11;9949;11;;;9958;21;9960;26;;;9955.0;0.0
yf_ZW=F_d9;55600;INTARIAN_PEPPER_ROOT;11012;15;11008;23;;;11018;13;11020;27;;;11015.0;0.0
yf_ZW=F_d9;55700;ASH_COATED_OSMIUM;9953;11;9949;20;;;9959;17;9963;23;;;9956.0;0.0
yf_ZW=F_d9;55700;INTARIAN_PEPPER_ROOT;11011;12;11008;18;;;11020;7;11024;26;;;11015.5;0.0
yf_ZW=F_d9;55800;ASH_COATED_OSMIUM;9953;12;9950;26;;;9959;17;9962;29;;;9956.0;0.0
yf_ZW=F_d9;55800;INTARIAN_PEPPER_ROOT;11014;10;11011;14;;;11020;13;11023;17;;;11017.0;0.0
yf_ZW=F_d9;55900;ASH_COATED_OSMIUM;9953;12;9949;19;;;9959;15;9962;27;;;9956.0;0.0
yf_ZW=F_d9;55900;INTARIAN_PEPPER_ROOT;11015;18;11012;25;;;11021;7;11024;21;;;11018.0;0.0
yf_ZW=F_d9;56000;ASH_COATED_OSMIUM;9952;10;9950;19;;;9961;6;9964;19;;;9956.5;0.0
yf_ZW=F_d9;56000;INTARIAN_PEPPER_ROOT;11007;21;11003;16;;;11032;19;11034;18;;;11019.5;0.0
yf_ZW=F_d9;56100;ASH_COATED_OSMIUM;9954;26;9952;18;;;9960;17;9962;14;;;9957.0;0.0
yf_ZW=F_d9;56100;INTARIAN_PEPPER_ROOT;11014;21;11011;20;;;11025;23;11029;16;;;11019.5;0.0
yf_ZW=F_d9;56200;ASH_COATED_OSMIUM;9954;16;9950;20;;;9960;22;9963;15;;;9957.0;0.0
yf_ZW=F_d9;56200;INTARIAN_PEPPER_ROOT;11015;18;11011;23;;;11027;17;11030;20;;;11021.0;0.0
yf_ZW=F_d9;56300;ASH_COATED_OSMIUM;9954;16;9951;19;;;9960;10;9963;14;;;9957.0;0.0
yf_ZW=F_d9;56300;INTARIAN_PEPPER_ROOT;11018;21;11015;24;;;11026;17;11030;19;;;11022.0;0.0
yf_ZW=F_d9;56400;ASH_COATED_OSMIUM;9954;13;9952;18;;;9960;18;9964;20;;;9957.0;0.0
yf_ZW=F_d9;56400;INTARIAN_PEPPER_ROOT;11010;17;11007;10;;;11035;12;11039;23;;;11022.5;0.0
yf_ZW=F_d9;56500;ASH_COATED_OSMIUM;9954;15;9952;16;;;9960;6;9962;25;;;9957.0;0.0
yf_ZW=F_d9;56500;INTARIAN_PEPPER_ROOT;11021;14;11017;13;;;11027;5;11030;23;;;11024.0;0.0
yf_ZW=F_d9;56600;ASH_COATED_OSMIUM;9950;12;9946;15;;;9967;11;9969;17;;;9958.5;0.0
yf_ZW=F_d9;56600;INTARIAN_PEPPER_ROOT;11020;8;11016;26;;;11030;15;11034;22;;;11025.0;0.0
yf_ZW=F_d9;56700;ASH_COATED_OSMIUM;9950;5;9946;18;;;9968;20;9970;21;;;9959.0;0.0
yf_ZW=F_d9;56700;INTARIAN_PEPPER_ROOT;11022;14;11018;13;;;11030;13;11033;22;;;11026.0;0.0
yf_ZW=F_d9;56800;ASH_COATED_OSMIUM;9956;14;9954;19;;;9962;15;9966;13;;;9959.0;0.0
yf_ZW=F_d9;56800;INTARIAN_PEPPER_ROOT;11024;21;11020;12;;;11030;8;11033;19;;;11027.0;0.0
yf_ZW=F_d9;56900;ASH_COATED_OSMIUM;9956;14;9953;33;;;9962;9;9965;25;;;9959.0;0.0
yf_ZW=F_d9;56900;INTARIAN_PEPPER_ROOT;11019;15;11017;16;;;11037;8;11039;29;;;11028.0;0.0
yf_ZW=F_d9;57000;ASH_COATED_OSMIUM;9952;7;9950;20;;;9967;19;9970;21;;;9959.5;0.0
yf_ZW=F_d9;57000;INTARIAN_PEPPER_ROOT;11024;5;11020;9;;;11033;14;11035;20;;;11028.5;0.0
yf_ZW=F_d9;57100;ASH_COATED_OSMIUM;9945;14;9941;25;;;9974;18;9976;18;;;9959.5;0.0
yf_ZW=F_d9;57100;INTARIAN_PEPPER_ROOT;11023;22;11020;14;;;11038;16;11041;19;;;11030.5;0.0
yf_ZW=F_d9;57200;ASH_COATED_OSMIUM;9957;15;9953;30;;;9963;15;9966;19;;;9960.0;0.0
yf_ZW=F_d9;57200;INTARIAN_PEPPER_ROOT;11028;21;11024;24;;;11034;17;11038;20;;;11031.0;0.0
yf_ZW=F_d9;57300;ASH_COATED_OSMIUM;9956;18;9952;12;;;9964;11;9968;23;;;9960.0;0.0
yf_ZW=F_d9;57300;INTARIAN_PEPPER_ROOT;11029;26;11027;16;;;11035;11;11038;25;;;11032.0;0.0
yf_ZW=F_d9;57400;ASH_COATED_OSMIUM;9956;19;9953;19;;;9963;10;9967;17;;;9959.5;0.0
yf_ZW=F_d9;57400;INTARIAN_PEPPER_ROOT;11029;9;11026;18;;;11035;15;11037;19;;;11032.0;0.0
yf_ZW=F_d9;57500;ASH_COATED_OSMIUM;9958;6;9954;25;;;9964;12;9967;14;;;9961.0;0.0
yf_ZW=F_d9;57500;INTARIAN_PEPPER_ROOT;11031;17;11029;10;;;11037;16;11041;21;;;11034.0;0.0
yf_ZW=F_d9;57600;ASH_COATED_OSMIUM;9950;16;9947;35;;;9973;7;9975;15;;;9961.5;0.0
yf_ZW=F_d9;57600;INTARIAN_PEPPER_ROOT;11030;19;11028;24;;;11040;12;11042;14;;;11035.0;0.0
yf_ZW=F_d9;57700;ASH_COATED_OSMIUM;9958;20;9956;16;;;9964;13;9968;23;;;9961.0;0.0
yf_ZW=F_d9;57700;INTARIAN_PEPPER_ROOT;11031;16;11028;15;;;11040;18;11044;14;;;11035.5;0.0
yf_ZW=F_d9;57800;ASH_COATED_OSMIUM;9958;14;9955;19;;;9964;15;9967;19;;;9961.0;0.0
yf_ZW=F_d9;57800;INTARIAN_PEPPER_ROOT;11033;21;11031;14;;;11039;8;11043;25;;;11036.0;0.0
yf_ZW=F_d9;57900;ASH_COATED_OSMIUM;9958;10;9954;30;;;9964;14;9968;25;;;9961.0;0.0
yf_ZW=F_d9;57900;INTARIAN_PEPPER_ROOT;11035;9;11032;14;;;11041;18;11044;26;;;11038.0;0.0
yf_ZW=F_d9;58000;ASH_COATED_OSMIUM;9959;15;9956;13;;;9965;11;9968;19;;;9962.0;0.0
yf_ZW=F_d9;58000;INTARIAN_PEPPER_ROOT;11033;6;11030;22;;;11043;16;11047;13;;;11038.0;0.0
yf_ZW=F_d9;58100;ASH_COATED_OSMIUM;9959;20;9957;23;;;9965;10;9969;16;;;9962.0;0.0
yf_ZW=F_d9;58100;INTARIAN_PEPPER_ROOT;11036;9;11032;22;;;11042;23;11046;17;;;11039.0;0.0
yf_ZW=F_d9;58200;ASH_COATED_OSMIUM;9959;13;9957;25;;;9965;6;9969;22;;;9962.0;0.0
yf_ZW=F_d9;58200;INTARIAN_PEPPER_ROOT;11037;15;11033;28;;;11043;12;11046;11;;;11040.0;0.0
yf_ZW=F_d9;58300;ASH_COATED_OSMIUM;9960;10;9958;16;;;9966;12;9969;26;;;9963.0;0.0
yf_ZW=F_d9;58300;INTARIAN_PEPPER_ROOT;11039;18;11035;15;;;11045;19;11048;26;;;11042.0;0.0
