day;timestamp;product;bid_price_1;bid_volume_1;bid_price_2;bid_volume_2;bid_price_3;bid_volume_3;ask_price_1;ask_volume_1;ask_price_2;ask_volume_2;ask_price_3;ask_volume_3;mid_price;profit_and_loss
yf_MKC_d5;0;ASH_COATED_OSMIUM;9904;10;9901;8;;;9917;7;9920;18;;;9910.5;0.0
yf_MKC_d5;0;INTARIAN_PEPPER_ROOT;10858;15;10855;15;;;10870;18;10873;26;;;10864.0;0.0
yf_MKC_d5;100;ASH_COATED_OSMIUM;9907;8;9904;20;;;9913;22;9917;20;;;9910.0;0.0
yf_MKC_d5;100;INTARIAN_PEPPER_ROOT;10862;19;10860;24;;;10868;10;10872;19;;;10865.0;0.0
yf_MKC_d5;200;ASH_COATED_OSMIUM;9905;17;9901;21;;;9916;18;9918;15;;;9910.5;0.0
yf_MKC_d5;200;INTARIAN_PEPPER_ROOT;10862;9;10859;23;;;10872;9;10875;31;;;10867.0;0.0
yf_MKC_d5;300;ASH_COATED_OSMIUM;9896;19;9894;21;;;9926;13;9928;24;;;9911.0;0.0
yf_MKC_d5;300;INTARIAN_PEPPER_ROOT;10863;16;10859;24;;;10871;19;10875;25;;;10867.0;0.0
yf_MKC_d5;400;ASH_COATED_OSMIUM;9905;7;9902;9;;;9917;19;9920;21;;;9911.0;0.0
yf_MKC_d5;400;INTARIAN_PEPPER_ROOT;10866;5;10864;10;;;10872;8;10875;23;;;10869.0;0.0
yf_MKC_d5;500;ASH_COATED_OSMIUM;9908;27;9904;25;;;9914;20;9918;20;;;9911.0;0.0
yf_MKC_d5;500;INTARIAN_PEPPER_ROOT;10866;25;10862;21;;;10873;14;10875;26;;;10869.5;0.0
yf_MKC_d5;600;ASH_COATED_OSMIUM;9908;17;9905;23;;;9914;8;9917;16;;;9911.0;0.0
yf_MKC_d5;600;INTARIAN_PEPPER_ROOT;10867;14;10864;20;;;10875;13;10879;28;;;10871.0;0.0
yf_MKC_d5;700;ASH_COATED_OSMIUM;9908;19;9905;15;;;9914;20;9916;20;;;9911.0;0.0
yf_MKC_d5;700;INTARIAN_PEPPER_ROOT;10864;5;10861;18;;;10880;11;10882;20;;;10872.0;0.0
yf_MKC_d5;800;ASH_COATED_OSMIUM;9908;17;9905;16;;;9914;15;9918;18;;;9911.0;0.0
yf_MKC_d5;800;INTARIAN_PEPPER_ROOT;10870;12;10867;18;;;10876;17;10878;15;;;10873.0;0.0
yf_MKC_d5;900;ASH_COATED_OSMIUM;9904;10;9901;18;;;9918;19;9921;18;;;9911.0;0.0
yf_MKC_d5;900;INTARIAN_PEPPER_ROOT;10871;14;10867;22;;;10878;13;10881;22;;;10874.5;0.0
yf_MKC_d5;1000;ASH_COATED_OSMIUM;9908;16;9905;21;;;9914;5;9916;17;;;9911.0;0.0
yf_MKC_d5;1000;INTARIAN_PEPPER_ROOT;10862;10;10858;13;;;10889;12;10892;15;;;10875.5;0.0
yf_MKC_d5;1100;ASH_COATED_OSMIUM;9908;12;9905;14;;;9914;17;9918;29;;;9911.0;0.0
yf_MKC_d5;1100;INTARIAN_PEPPER_ROOT;10873;16;10869;16;;;10881;10;10885;22;;;10877.0;0.0
yf_MKC_d5;1200;ASH_COATED_OSMIUM;9908;20;9904;16;;;9915;18;9918;14;;;9911.5;0.0
yf_MKC_d5;1200;INTARIAN_PEPPER_ROOT;10868;5;10864;21;;;10887;14;10889;19;;;10877.5;0.0
yf_MKC_d5;1300;ASH_COATED_OSMIUM;9908;13;9905;21;;;9914;22;9918;18;;;9911.0;0.0
yf_MKC_d5;1300;INTARIAN_PEPPER_ROOT;10875;22;10873;18;;;10883;19;10887;29;;;10879.0;0.0
yf_MKC_d5;1400;ASH_COATED_OSMIUM;9908;16;9906;22;;;9914;12;9917;17;;;9911.0;0.0
yf_MKC_d5;1400;INTARIAN_PEPPER_ROOT;10877;16;10873;18;;;10883;12;10885;23;;;10880.0;0.0
yf_MKC_d5;1500;ASH_COATED_OSMIUM;9908;21;9906;17;;;9914;13;9918;21;;;9911.0;0.0
yf_MKC_d5;1500;INTARIAN_PEPPER_ROOT;10877;12;10875;19;;;10886;12;10890;14;;;10881.5;0.0
yf_MKC_d5;1600;ASH_COATED_OSMIUM;9906;15;9902;18;;;9918;13;9921;11;;;9912.0;0.0
yf_MKC_d5;1600;INTARIAN_PEPPER_ROOT;10873;16;10871;16;;;10891;22;10893;22;;;10882.0;0.0
yf_MKC_d5;1700;ASH_COATED_OSMIUM;9909;10;9906;18;;;9915;21;9918;22;;;9912.0;0.0
yf_MKC_d5;1700;INTARIAN_PEPPER_ROOT;10881;17;10879;22;;;10887;13;10890;17;;;10884.0;0.0
yf_MKC_d5;1800;ASH_COATED_OSMIUM;9909;24;9905;28;;;9915;10;9919;19;;;9912.0;0.0
yf_MKC_d5;1800;INTARIAN_PEPPER_ROOT;10883;20;10880;23;;;10889;20;10892;24;;;10886.0;0.0
yf_MKC_d5;1900;ASH_COATED_OSMIUM;9907;7;9903;21;;;9916;11;9919;20;;;9911.5;0.0
yf_MKC_d5;1900;INTARIAN_PEPPER_ROOT;10884;14;10880;21;;;10890;14;10894;18;;;10887.0;0.0
yf_MKC_d5;2000;ASH_COATED_OSMIUM;9909;22;9906;23;;;9915;6;9917;12;;;9912.0;0.0
yf_MKC_d5;2000;INTARIAN_PEPPER_ROOT;10874;20;10871;31;;;10902;8;10904;25;;;10888.0;0.0
yf_MKC_d5;2100;ASH_COATED_OSMIUM;9909;12;9906;12;;;9915;23;9917;17;;;9912.0;0.0
yf_MKC_d5;2100;INTARIAN_PEPPER_ROOT;10886;20;10883;19;;;10892;10;10894;22;;;10889.0;0.0
yf_MKC_d5;2200;ASH_COATED_OSMIUM;9909;9;9907;26;;;9915;5;9918;23;;;9912.0;0.0
yf_MKC_d5;2200;INTARIAN_PEPPER_ROOT;10886;24;10884;25;;;10892;14;10894;17;;;10889.0;0.0
yf_MKC_d5;2300;ASH_COATED_OSMIUM;9909;10;9907;21;;;9915;25;9918;25;;;9912.0;0.0
yf_MKC_d5;2300;INTARIAN_PEPPER_ROOT;10887;14;10885;10;;;10896;14;10899;26;;;10891.5;0.0
yf_MKC_d5;2400;ASH_COATED_OSMIUM;9909;12;9905;19;;;9915;12;9917;13;;;9912.0;0.0
yf_MKC_d5;2400;INTARIAN_PEPPER_ROOT;10889;12;10885;18;;;10895;13;10897;27;;;10892.0;0.0
yf_MKC_d5;2500;ASH_COATED_OSMIUM;9909;13;9905;17;;;9915;8;9919;24;;;9912.0;0.0
yf_MKC_d5;2500;INTARIAN_PEPPER_ROOT;10891;20;10888;21;;;10897;15;10901;19;;;10894.0;0.0
yf_MKC_d5;2600;ASH_COATED_OSMIUM;9905;11;9901;22;;;9918;12;9922;23;;;9911.5;0.0
yf_MKC_d5;2600;INTARIAN_PEPPER_ROOT;10891;21;10888;24;;;10897;14;10900;21;;;10894.0;0.0
yf_MKC_d5;2700;ASH_COATED_OSMIUM;9909;14;9907;8;;;9915;21;9917;25;;;9912.0;0.0
yf_MKC_d5;2700;INTARIAN_PEPPER_ROOT;10889;11;10887;23;;;10902;23;10906;28;;;10895.5;0.0
yf_MKC_d5;2800;ASH_COATED_OSMIUM;9905;13;9903;21;;;9920;15;9923;15;;;9912.5;0.0
yf_MKC_d5;2800;INTARIAN_PEPPER_ROOT;10894;16;10890;16;;;10900;19;10904;26;;;10897.0;0.0
yf_MKC_d5;2900;ASH_COATED_OSMIUM;9908;22;9905;13;;;9915;11;9918;16;;;9911.5;0.0
yf_MKC_d5;2900;INTARIAN_PEPPER_ROOT;10895;16;10893;23;;;10901;16;10904;20;;;10898.0;0.0
yf_MKC_d5;3000;ASH_COATED_OSMIUM;9909;13;9906;13;;;9915;22;9917;32;;;9912.0;0.0
yf_MKC_d5;3000;INTARIAN_PEPPER_ROOT;10896;11;10893;19;;;10902;14;10905;17;;;10899.0;0.0
yf_MKC_d5;3100;ASH_COATED_OSMIUM;9910;13;9907;22;;;9916;15;9918;12;;;9913.0;0.0
yf_MKC_d5;3100;INTARIAN_PEPPER_ROOT;10893;6;10890;30;;;10908;9;10910;24;;;10900.5;0.0
yf_MKC_d5;3200;ASH_COATED_OSMIUM;9910;21;9906;19;;;9916;15;9919;26;;;9913.0;0.0
yf_MKC_d5;3200;INTARIAN_PEPPER_ROOT;10899;13;10897;23;;;10905;16;10909;14;;;10902.0;0.0
yf_MKC_d5;3300;ASH_COATED_OSMIUM;9909;16;9905;24;;;9915;19;9919;20;;;9912.0;0.0
yf_MKC_d5;3300;INTARIAN_PEPPER_ROOT;10897;12;10894;19;;;10908;17;10911;25;;;10902.5;0.0
yf_MKC_d5;3400;ASH_COATED_OSMIUM;9910;10;9907;28;;;9916;18;9920;14;;;9913.0;0.0
yf_MKC_d5;3400;INTARIAN_PEPPER_ROOT;10901;16;10899;27;;;10907;12;10909;18;;;10904.0;0.0
yf_MKC_d5;3500;ASH_COATED_OSMIUM;9910;11;9908;21;;;9916;6;9919;23;;;9913.0;0.0
yf_MKC_d5;3500;INTARIAN_PEPPER_ROOT;10902;9;10899;14;;;10908;23;10912;24;;;10905.0;0.0
yf_MKC_d5;3600;ASH_COATED_OSMIUM;9910;17;9907;18;;;9916;8;9918;22;;;9913.0;0.0
yf_MKC_d5;3600;INTARIAN_PEPPER_ROOT;10903;23;10899;15;;;10909;10;10912;25;;;10906.0;0.0
yf_MKC_d5;3700;ASH_COATED_OSMIUM;9910;24;9907;23;;;9917;23;9920;28;;;9913.5;0.0
yf_MKC_d5;3700;INTARIAN_PEPPER_ROOT;10905;18;10902;16;;;10911;19;10913;23;;;10908.0;0.0
yf_MKC_d5;3800;ASH_COATED_OSMIUM;9910;22;9906;20;;;9916;17;9920;17;;;9913.0;0.0
yf_MKC_d5;3800;INTARIAN_PEPPER_ROOT;10906;12;10903;24;;;10912;18;10914;19;;;10909.0;0.0
yf_MKC_d5;3900;ASH_COATED_OSMIUM;9910;14;9908;26;;;9916;15;9919;12;;;9913.0;0.0
yf_MKC_d5;3900;INTARIAN_PEPPER_ROOT;10907;12;10904;26;;;10913;13;10916;15;;;10910.0;0.0
yf_MKC_d5;4000;ASH_COATED_OSMIUM;9909;18;9907;20;;;9917;15;9921;19;;;9913.0;0.0
yf_MKC_d5;4000;INTARIAN_PEPPER_ROOT;10909;5;10907;15;;;10915;9;10917;27;;;10912.0;0.0
yf_MKC_d5;4100;ASH_COATED_OSMIUM;9904;20;9902;14;;;9921;19;9925;19;;;9912.5;0.0
yf_MKC_d5;4100;INTARIAN_PEPPER_ROOT;10897;19;10894;22;;;10928;11;10930;27;;;10912.5;0.0
yf_MKC_d5;4200;ASH_COATED_OSMIUM;9910;18;9908;14;;;9916;14;9919;22;;;9913.0;0.0
yf_MKC_d5;4200;INTARIAN_PEPPER_ROOT;10902;12;10899;23;;;10924;15;10926;22;;;10913.0;0.0
yf_MKC_d5;4300;ASH_COATED_OSMIUM;9906;10;9902;17;;;9919;15;9923;19;;;9912.5;0.0
yf_MKC_d5;4300;INTARIAN_PEPPER_ROOT;10903;13;10900;24;;;10926;18;10928;14;;;10914.5;0.0
yf_MKC_d5;4400;ASH_COATED_OSMIUM;9910;12;9908;22;;;9916;11;9918;20;;;9913.0;0.0
yf_MKC_d5;4400;INTARIAN_PEPPER_ROOT;10913;12;10909;12;;;10919;18;10922;15;;;10916.0;0.0
yf_MKC_d5;4500;ASH_COATED_OSMIUM;9910;13;9906;23;;;9916;22;9918;16;;;9913.0;0.0
yf_MKC_d5;4500;INTARIAN_PEPPER_ROOT;10908;17;10906;27;;;10928;9;10930;14;;;10918.0;0.0
yf_MKC_d5;4600;ASH_COATED_OSMIUM;9910;17;9908;17;;;9916;11;9919;23;;;9913.0;0.0
yf_MKC_d5;4600;INTARIAN_PEPPER_ROOT;10916;17;10914;14;;;10922;11;10925;22;;;10919.0;0.0
yf_MKC_d5;4700;ASH_COATED_OSMIUM;9910;15;9907;23;;;9916;16;9918;23;;;9913.0;0.0
yf_MKC_d5;4700;INTARIAN_PEPPER_ROOT;10917;19;10915;16;;;10923;9;10926;15;;;10920.0;0.0
yf_MKC_d5;4800;ASH_COATED_OSMIUM;9910;8;9908;26;;;9916;10;9918;23;;;9913.0;0.0
yf_MKC_d5;4800;INTARIAN_PEPPER_ROOT;10917;9;10913;21;;;10924;9;10927;20;;;10920.5;0.0
yf_MKC_d5;4900;ASH_COATED_OSMIUM;9910;23;9908;16;;;9916;12;9918;19;;;9913.0;0.0
yf_MKC_d5;4900;INTARIAN_PEPPER_ROOT;10919;14;10917;17;;;10925;22;10929;21;;;10922.0;0.0
yf_MKC_d5;5000;ASH_COATED_OSMIUM;9901;18;9897;22;;;9927;17;9931;21;;;9914.0;0.0
yf_MKC_d5;5000;INTARIAN_PEPPER_ROOT;10920;17;10917;22;;;10926;17;10929;14;;;10923.0;0.0
yf_MKC_d5;5100;ASH_COATED_OSMIUM;9903;12;9901;23;;;9923;13;9927;27;;;9913.0;0.0
yf_MKC_d5;5100;INTARIAN_PEPPER_ROOT;10914;17;10912;21;;;10934;15;10936;30;;;10924.0;0.0
yf_MKC_d5;5200;ASH_COATED_OSMIUM;9910;11;9907;17;;;9916;14;9918;19;;;9913.0;0.0
yf_MKC_d5;5200;INTARIAN_PEPPER_ROOT;10922;23;10920;17;;;10928;13;10930;23;;;10925.0;0.0
yf_MKC_d5;5300;ASH_COATED_OSMIUM;9909;15;9905;20;;;9918;12;9921;16;;;9913.5;0.0
yf_MKC_d5;5300;INTARIAN_PEPPER_ROOT;10923;17;10921;26;;;10929;18;10932;18;;;10926.0;0.0
yf_MKC_d5;5400;ASH_COATED_OSMIUM;9911;14;9907;24;;;9917;13;9919;10;;;9914.0;0.0
yf_MKC_d5;5400;INTARIAN_PEPPER_ROOT;10921;10;10919;20;;;10936;15;10939;25;;;10928.5;0.0
yf_MKC_d5;5500;ASH_COATED_OSMIUM;9908;18;9905;29;;;9920;10;9922;24;;;9914.0;0.0
yf_MKC_d5;5500;INTARIAN_PEPPER_ROOT;10919;15;10915;24;;;10940;7;10942;19;;;10929.5;0.0
yf_MKC_d5;5600;ASH_COATED_OSMIUM;9908;18;9904;21;;;9919;16;9923;19;;;9913.5;0.0
yf_MKC_d5;5600;INTARIAN_PEPPER_ROOT;10927;9;10925;19;;;10933;5;10937;15;;;10930.0;0.0
yf_MKC_d5;5700;ASH_COATED_OSMIUM;9908;14;9905;20;;;9921;16;9924;26;;;9914.5;0.0
yf_MKC_d5;5700;INTARIAN_PEPPER_ROOT;10929;15;10926;27;;;10935;30;10939;22;;;10932.0;0.0
yf_MKC_d5;5800;ASH_COATED_OSMIUM;9911;7;9908;25;;;9917;13;9919;20;;;9914.0;0.0
yf_MKC_d5;5800;INTARIAN_PEPPER_ROOT;10929;18;10926;25;;;10936;25;10938;17;;;10932.5;0.0
yf_MKC_d5;5900;ASH_COATED_OSMIUM;9911;14;9908;20;;;9917;13;9920;28;;;9914.0;0.0
yf_MKC_d5;5900;INTARIAN_PEPPER_ROOT;10920;13;10917;23;;;10949;21;10953;20;;;10934.5;0.0
yf_MKC_d5;6000;ASH_COATED_OSMIUM;9903;16;9901;27;;;9926;14;9929;17;;;9914.5;0.0
yf_MKC_d5;6000;INTARIAN_PEPPER_ROOT;10925;13;10922;26;;;10943;11;10945;27;;;10934.0;0.0
yf_MKC_d5;6100;ASH_COATED_OSMIUM;9911;16;9907;21;;;9917;8;9920;23;;;9914.0;0.0
yf_MKC_d5;6100;INTARIAN_PEPPER_ROOT;10933;9;10929;20;;;10939;14;10941;14;;;10936.0;0.0
yf_MKC_d5;6200;ASH_COATED_OSMIUM;9911;17;9909;16;;;9917;22;9921;19;;;9914.0;0.0
yf_MKC_d5;6200;INTARIAN_PEPPER_ROOT;10933;6;10930;13;;;10941;18;10944;31;;;10937.0;0.0
yf_MKC_d5;6300;ASH_COATED_OSMIUM;9908;19;9904;13;;;9921;10;9925;22;;;9914.5;0.0
yf_MKC_d5;6300;INTARIAN_PEPPER_ROOT;10936;10;10933;16;;;10942;18;10945;25;;;10939.0;0.0
yf_MKC_d5;6400;ASH_COATED_OSMIUM;9911;20;9907;12;;;9917;13;9920;20;;;9914.0;0.0
yf_MKC_d5;6400;INTARIAN_PEPPER_ROOT;10937;19;10933;24;;;10943;13;10946;23;;;10940.0;0.0
yf_MKC_d5;6500;ASH_COATED_OSMIUM;9909;17;9907;15;;;9919;20;9922;25;;;9914.0;0.0
yf_MKC_d5;6500;INTARIAN_PEPPER_ROOT;10937;21;10933;19;;;10943;16;10946;16;;;10940.0;0.0
yf_MKC_d5;6600;ASH_COATED_OSMIUM;9911;25;9907;18;;;9917;16;9921;21;;;9914.0;0.0
yf_MKC_d5;6600;INTARIAN_PEPPER_ROOT;10936;17;10932;19;;;10948;9;10951;14;;;10942.0;0.0
yf_MKC_d5;6700;ASH_COATED_OSMIUM;9912;16;9910;18;;;9918;21;9922;26;;;9915.0;0.0
yf_MKC_d5;6700;INTARIAN_PEPPER_ROOT;10938;9;10935;17;;;10950;7;10954;18;;;10944.0;0.0
yf_MKC_d5;6800;ASH_COATED_OSMIUM;9909;21;9906;13;;;9921;17;9923;16;;;9915.0;0.0
yf_MKC_d5;6800;INTARIAN_PEPPER_ROOT;10935;14;10933;15;;;10954;11;10956;18;;;10944.5;0.0
yf_MKC_d5;6900;ASH_COATED_OSMIUM;9912;18;9908;23;;;9918;8;9921;27;;;9915.0;0.0
yf_MKC_d5;6900;INTARIAN_PEPPER_ROOT;10942;11;10940;23;;;10950;16;10954;19;;;10946.0;0.0
yf_MKC_d5;7000;ASH_COATED_OSMIUM;9911;5;9907;25;;;9919;19;9922;21;;;9915.0;0.0
yf_MKC_d5;7000;INTARIAN_PEPPER_ROOT;10944;19;10940;21;;;10950;18;10954;18;;;10947.0;0.0
yf_MKC_d5;7100;ASH_COATED_OSMIUM;9906;5;9902;17;;;9925;6;9928;15;;;9915.5;0.0
yf_MKC_d5;7100;INTARIAN_PEPPER_ROOT;10945;6;10943;23;;;10951;16;10953;19;;;10948.0;0.0
yf_MKC_d5;7200;ASH_COATED_OSMIUM;9911;22;9908;26;;;9917;17;9921;20;;;9914.0;0.0
yf_MKC_d5;7200;INTARIAN_PEPPER_ROOT;10946;21;10943;19;;;10952;14;10955;18;;;10949.0;0.0
yf_MKC_d5;7300;ASH_COATED_OSMIUM;9912;10;9909;24;;;9918;9;9921;22;;;9915.0;0.0
yf_MKC_d5;7300;INTARIAN_PEPPER_ROOT;10943;14;10939;17;;;10957;18;10960;19;;;10950.0;0.0
yf_MKC_d5;7400;ASH_COATED_OSMIUM;9912;17;9908;22;;;9918;11;9921;25;;;9915.0;0.0
yf_MKC_d5;7400;INTARIAN_PEPPER_ROOT;10949;27;10945;26;;;10955;19;10958;24;;;10952.0;0.0
yf_MKC_d5;7500;ASH_COATED_OSMIUM;9912;21;9909;18;;;9918;20;9921;18;;;9915.0;0.0
yf_MKC_d5;7500;INTARIAN_PEPPER_ROOT;10950;24;10947;21;;;10956;10;10959;20;;;10953.0;0.0
yf_MKC_d5;7600;ASH_COATED_OSMIUM;9912;12;9908;16;;;9918;19;9920;14;;;9915.0;0.0
yf_MKC_d5;7600;INTARIAN_PEPPER_ROOT;10951;26;10948;21;;;10957;17;10961;12;;;10954.0;0.0
yf_MKC_d5;7700;ASH_COATED_OSMIUM;9912;18;9909;20;;;9918;13;9920;23;;;9915.0;0.0
yf_MKC_d5;7700;INTARIAN_PEPPER_ROOT;10952;16;10950;21;;;10958;24;10960;17;;;10955.0;0.0
yf_MKC_d5;7800;ASH_COATED_OSMIUM;9905;11;9902;17;;;9926;10;9928;21;;;9915.5;0.0
yf_MKC_d5;7800;INTARIAN_PEPPER_ROOT;10952;15;10949;14;;;10960;13;10963;21;;;10956.0;0.0
yf_MKC_d5;7900;ASH_COATED_OSMIUM;9912;11;9910;12;;;9918;10;9921;19;;;9915.0;0.0
yf_MKC_d5;7900;INTARIAN_PEPPER_ROOT;10954;19;10952;24;;;10960;28;10962;15;;;10957.0;0.0
yf_MKC_d5;8000;ASH_COATED_OSMIUM;9911;10;9907;16;;;9921;16;9924;15;;;9916.0;0.0
yf_MKC_d5;8000;INTARIAN_PEPPER_ROOT;10949;13;10947;20;;;10969;24;10972;21;;;10959.0;0.0
yf_MKC_d5;8100;ASH_COATED_OSMIUM;9912;20;9908;18;;;9918;20;9922;18;;;9915.0;0.0
yf_MKC_d5;8100;INTARIAN_PEPPER_ROOT;10957;12;10953;24;;;10963;14;10966;12;;;10960.0;0.0
yf_MKC_d5;8200;ASH_COATED_OSMIUM;9908;8;9906;15;;;9922;13;9926;17;;;9915.0;0.0
yf_MKC_d5;8200;INTARIAN_PEPPER_ROOT;10950;5;10947;23;;;10972;13;10975;18;;;10961.0;0.0
yf_MKC_d5;8300;ASH_COATED_OSMIUM;9912;16;9910;19;;;9918;10;9922;25;;;9915.0;0.0
yf_MKC_d5;8300;INTARIAN_PEPPER_ROOT;10959;12;10957;20;;;10965;12;10967;16;;;10962.0;0.0
yf_MKC_d5;8400;ASH_COATED_OSMIUM;9901;12;9898;20;;;9929;9;9932;19;;;9915.0;0.0
yf_MKC_d5;8400;INTARIAN_PEPPER_ROOT;10959;16;10956;16;;;10968;5;10971;20;;;10963.5;0.0
yf_MKC_d5;8500;ASH_COATED_OSMIUM;9910;7;9908;11;;;9920;14;9922;29;;;9915.0;0.0
yf_MKC_d5;8500;INTARIAN_PEPPER_ROOT;10955;11;10952;18;;;10974;30;10978;16;;;10964.5;0.0
yf_MKC_d5;8600;ASH_COATED_OSMIUM;9913;15;9909;15;;;9919;14;9921;23;;;9916.0;0.0
yf_MKC_d5;8600;INTARIAN_PEPPER_ROOT;10961;15;10959;16;;;10969;14;10972;12;;;10965.0;0.0
yf_MKC_d5;8700;ASH_COATED_OSMIUM;9913;16;9909;23;;;9919;28;9922;22;;;9916.0;0.0
yf_MKC_d5;8700;INTARIAN_PEPPER_ROOT;10964;18;10960;24;;;10970;16;10974;21;;;10967.0;0.0
yf_MKC_d5;8800;ASH_COATED_OSMIUM;9901;24;9899;18;;;9930;8;9932;13;;;9915.5;0.0
yf_MKC_d5;8800;INTARIAN_PEPPER_ROOT;10963;7;10960;29;;;10974;25;10977;20;;;10968.5;0.0
yf_MKC_d5;8900;ASH_COATED_OSMIUM;9911;12;9907;27;;;9920;14;9922;15;;;9915.5;0.0
yf_MKC_d5;8900;INTARIAN_PEPPER_ROOT;10967;12;10965;27;;;10973;12;10976;19;;;10970.0;0.0
yf_MKC_d5;9000;ASH_COATED_OSMIUM;9913;9;9909;23;;;9919;18;9921;11;;;9916.0;0.0
yf_MKC_d5;9000;INTARIAN_PEPPER_ROOT;10968;12;10965;26;;;10974;11;10977;21;;;10971.0;0.0
yf_MKC_d5;9100;ASH_COATED_OSMIUM;9913;19;9911;25;;;9919;16;9921;13;;;9916.0;0.0
yf_MKC_d5;9100;INTARIAN_PEPPER_ROOT;10969;12;10965;12;;;10975;19;10979;13;;;10972.0;0.0
yf_MKC_d5;9200;ASH_COATED_OSMIUM;9911;16;9907;20;;;9921;11;9924;21;;;9916.0;0.0
yf_MKC_d5;9200;INTARIAN_PEPPER_ROOT;10969;11;10966;24;;;10975;14;10977;16;;;10972.0;0.0
yf_MKC_d5;9300;ASH_COATED_OSMIUM;9913;11;9910;22;;;9919;12;9921;27;;;9916.0;0.0
yf_MKC_d5;9300;INTARIAN_PEPPER_ROOT;10967;18;10965;18;;;10980;21;10982;18;;;10973.5;0.0
yf_MKC_d5;9400;ASH_COATED_OSMIUM;9912;16;9908;19;;;9918;13;9922;22;;;9915.0;0.0
yf_MKC_d5;9400;INTARIAN_PEPPER_ROOT;10972;13;10968;17;;;10981;19;10983;20;;;10976.5;0.0
yf_MKC_d5;9500;ASH_COATED_OSMIUM;9911;17;9907;27;;;9920;17;9923;8;;;9915.5;0.0
yf_MKC_d5;9500;INTARIAN_PEPPER_ROOT;10967;13;10963;19;;;10985;10;10988;25;;;10976.0;0.0
yf_MKC_d5;9600;ASH_COATED_OSMIUM;9909;16;9907;23;;;9923;14;9927;17;;;9916.0;0.0
yf_MKC_d5;9600;INTARIAN_PEPPER_ROOT;10974;13;10970;19;;;10981;13;10983;18;;;10977.5;0.0
yf_MKC_d5;9700;ASH_COATED_OSMIUM;9913;11;9911;16;;;9919;9;9923;20;;;9916.0;0.0
yf_MKC_d5;9700;INTARIAN_PEPPER_ROOT;10976;7;10974;22;;;10982;27;10984;19;;;10979.0;0.0
yf_MKC_d5;9800;ASH_COATED_OSMIUM;9913;12;9911;17;;;9919;16;9921;20;;;9916.0;0.0
yf_MKC_d5;9800;INTARIAN_PEPPER_ROOT;10959;20;10957;17;;;11001;19;11003;16;;;10980.0;0.0
yf_MKC_d5;9900;ASH_COATED_OSMIUM;9913;22;9910;18;;;9919;12;9923;16;;;9916.0;0.0
yf_MKC_d5;9900;INTARIAN_PEPPER_ROOT;10974;25;10970;28;;;10988;19;10991;21;;;10981.0;0.0
yf_MKC_d5;10000;ASH_COATED_OSMIUM;9910;18;9907;22;;;9922;18;9924;20;;;9916.0;0.0
yf_MKC_d5;10000;INTARIAN_PEPPER_ROOT;10980;19;10978;11;;;10986;20;10990;28;;;10983.0;0.0
yf_MKC_d5;10100;ASH_COATED_OSMIUM;9913;14;9911;11;;;9919;15;9923;8;;;9916.0;0.0
yf_MKC_d5;10100;INTARIAN_PEPPER_ROOT;10978;21;10975;27;;;10990;8;10992;21;;;10984.0;0.0
yf_MKC_d5;10200;ASH_COATED_OSMIUM;9912;16;9910;29;;;9922;14;9924;24;;;9917.0;0.0
yf_MKC_d5;10200;INTARIAN_PEPPER_ROOT;10980;10;10978;20;;;10991;21;10993;18;;;10985.5;0.0
yf_MKC_d5;10300;ASH_COATED_OSMIUM;9912;21;9909;17;;;9921;11;9923;17;;;9916.5;0.0
yf_MKC_d5;10300;INTARIAN_PEPPER_ROOT;10979;21;10976;13;;;10992;22;10994;20;;;10985.5;0.0
yf_MKC_d5;10400;ASH_COATED_OSMIUM;9914;22;9912;22;;;9920;11;9922;20;;;9917.0;0.0
yf_MKC_d5;10400;INTARIAN_PEPPER_ROOT;10984;21;10982;16;;;10991;19;10994;13;;;10987.5;0.0
yf_MKC_d5;10500;ASH_COATED_OSMIUM;9909;12;9906;15;;;9925;12;9927;12;;;9917.0;0.0
yf_MKC_d5;10500;INTARIAN_PEPPER_ROOT;10983;10;10979;27;;;10995;5;10997;24;;;10989.0;0.0
yf_MKC_d5;10600;ASH_COATED_OSMIUM;9908;24;9904;12;;;9925;12;9929;31;;;9916.5;0.0
yf_MKC_d5;10600;INTARIAN_PEPPER_ROOT;10982;20;10979;19;;;10996;13;11000;27;;;10989.0;0.0
yf_MKC_d5;10700;ASH_COATED_OSMIUM;9911;22;9909;17;;;9923;14;9925;17;;;9917.0;0.0
yf_MKC_d5;10700;INTARIAN_PEPPER_ROOT;10988;9;10984;17;;;10994;6;10997;17;;;10991.0;0.0
yf_MKC_d5;10800;ASH_COATED_OSMIUM;9914;5;9911;25;;;9920;7;9923;17;;;9917.0;0.0
yf_MKC_d5;10800;INTARIAN_PEPPER_ROOT;10988;19;10984;19;;;10996;15;10998;23;;;10992.0;0.0
yf_MKC_d5;10900;ASH_COATED_OSMIUM;9914;12;9910;24;;;9920;18;9922;20;;;9917.0;0.0
yf_MKC_d5;10900;INTARIAN_PEPPER_ROOT;10990;13;10987;19;;;10996;21;10999;20;;;10993.0;0.0
yf_MKC_d5;11000;ASH_COATED_OSMIUM;9914;14;9910;26;;;9920;17;9924;19;;;9917.0;0.0
yf_MKC_d5;11000;INTARIAN_PEPPER_ROOT;10991;13;10989;32;;;10997;8;10999;24;;;10994.0;0.0
yf_MKC_d5;11100;ASH_COATED_OSMIUM;9911;21;9907;16;;;9923;14;9925;16;;;9917.0;0.0
yf_MKC_d5;11100;INTARIAN_PEPPER_ROOT;10993;14;10990;20;;;10999;19;11003;18;;;10996.0;0.0
yf_MKC_d5;11200;ASH_COATED_OSMIUM;9914;21;9911;23;;;9920;10;9923;20;;;9917.0;0.0
yf_MKC_d5;11200;INTARIAN_PEPPER_ROOT;10993;22;10989;26;;;11001;16;11004;20;;;10997.0;0.0
yf_MKC_d5;11300;ASH_COATED_OSMIUM;9914;12;9911;24;;;9920;18;9923;27;;;9917.0;0.0
yf_MKC_d5;11300;INTARIAN_PEPPER_ROOT;10995;19;10993;26;;;11001;17;11005;28;;;10998.0;0.0
yf_MKC_d5;11400;ASH_COATED_OSMIUM;9906;13;9903;25;;;9928;18;9932;22;;;9917.0;0.0
yf_MKC_d5;11400;INTARIAN_PEPPER_ROOT;10991;13;10987;20;;;11007;5;11011;16;;;10999.0;0.0
yf_MKC_d5;11500;ASH_COATED_OSMIUM;9914;20;9912;27;;;9920;12;9923;19;;;9917.0;0.0
yf_MKC_d5;11500;INTARIAN_PEPPER_ROOT;10997;13;10993;14;;;11003;21;11006;11;;;11000.0;0.0
yf_MKC_d5;11600;ASH_COATED_OSMIUM;9914;20;9912;23;;;9920;13;9924;16;;;9917.0;0.0
yf_MKC_d5;11600;INTARIAN_PEPPER_ROOT;10999;17;10996;17;;;11005;13;11007;24;;;11002.0;0.0
yf_MKC_d5;11700;ASH_COATED_OSMIUM;9914;17;9912;11;;;9920;13;9923;19;;;9917.0;0.0
yf_MKC_d5;11700;INTARIAN_PEPPER_ROOT;10999;13;10996;24;;;11006;12;11009;21;;;11002.5;0.0
yf_MKC_d5;11800;ASH_COATED_OSMIUM;9914;17;9910;24;;;9920;13;9924;10;;;9917.0;0.0
yf_MKC_d5;11800;INTARIAN_PEPPER_ROOT;10997;14;10995;16;;;11010;10;11012;26;;;11003.5;0.0
yf_MKC_d5;11900;ASH_COATED_OSMIUM;9913;13;9911;18;;;9921;17;9925;18;;;9917.0;0.0
yf_MKC_d5;11900;INTARIAN_PEPPER_ROOT;11002;24;10999;11;;;11008;14;11010;17;;;11005.0;0.0
yf_MKC_d5;12000;ASH_COATED_OSMIUM;9915;11;9911;28;;;9921;14;9924;24;;;9918.0;0.0
yf_MKC_d5;12000;INTARIAN_PEPPER_ROOT;11002;22;10998;25;;;11010;15;11012;12;;;11006.0;0.0
yf_MKC_d5;12100;ASH_COATED_OSMIUM;9915;24;9911;8;;;9921;16;9924;14;;;9918.0;0.0
yf_MKC_d5;12100;INTARIAN_PEPPER_ROOT;11002;20;10999;17;;;11013;19;11017;22;;;11007.5;0.0
yf_MKC_d5;12200;ASH_COATED_OSMIUM;9913;14;9909;25;;;9921;13;9925;29;;;9917.0;0.0
yf_MKC_d5;12200;INTARIAN_PEPPER_ROOT;11006;19;11003;28;;;11012;19;11015;17;;;11009.0;0.0
yf_MKC_d5;12300;ASH_COATED_OSMIUM;9915;5;9913;13;;;9921;20;9924;18;;;9918.0;0.0
yf_MKC_d5;12300;INTARIAN_PEPPER_ROOT;11003;17;11001;17;;;11015;12;11019;19;;;11009.0;0.0
yf_MKC_d5;12400;ASH_COATED_OSMIUM;9914;18;9911;25;;;9920;8;9923;19;;;9917.0;0.0
yf_MKC_d5;12400;INTARIAN_PEPPER_ROOT;11008;10;11006;21;;;11014;8;11018;18;;;11011.0;0.0
yf_MKC_d5;12500;ASH_COATED_OSMIUM;9915;15;9912;17;;;9921;18;9925;8;;;9918.0;0.0
yf_MKC_d5;12500;INTARIAN_PEPPER_ROOT;11007;11;11004;22;;;11017;17;11020;16;;;11012.0;0.0
yf_MKC_d5;12600;ASH_COATED_OSMIUM;9910;17;9906;16;;;9927;15;9929;20;;;9918.5;0.0
yf_MKC_d5;12600;INTARIAN_PEPPER_ROOT;11007;12;11003;21;;;11021;16;11023;17;;;11014.0;0.0
yf_MKC_d5;12700;ASH_COATED_OSMIUM;9913;23;9911;16;;;9922;14;9924;10;;;9917.5;0.0
yf_MKC_d5;12700;INTARIAN_PEPPER_ROOT;11011;10;11009;26;;;11017;21;11021;17;;;11014.0;0.0
yf_MKC_d5;12800;ASH_COATED_OSMIUM;9915;21;9913;19;;;9921;10;9924;20;;;9918.0;0.0
yf_MKC_d5;12800;INTARIAN_PEPPER_ROOT;11013;11;11009;25;;;11019;7;11021;29;;;11016.0;0.0
yf_MKC_d5;12900;ASH_COATED_OSMIUM;9914;7;9912;21;;;9923;15;9927;14;;;9918.5;0.0
yf_MKC_d5;12900;INTARIAN_PEPPER_ROOT;11014;21;11011;15;;;11020;22;11023;15;;;11017.0;0.0
yf_MKC_d5;13000;ASH_COATED_OSMIUM;9915;20;9913;24;;;9921;9;9924;18;;;9918.0;0.0
yf_MKC_d5;13000;INTARIAN_PEPPER_ROOT;11014;12;11012;19;;;11021;19;11023;21;;;11017.5;0.0
yf_MKC_d5;13100;ASH_COATED_OSMIUM;9915;15;9913;25;;;9921;13;9924;19;;;9918.0;0.0
yf_MKC_d5;13100;INTARIAN_PEPPER_ROOT;11015;15;11012;26;;;11023;13;11027;14;;;11019.0;0.0
yf_MKC_d5;13200;ASH_COATED_OSMIUM;9915;21;9911;17;;;9921;16;9924;14;;;9918.0;0.0
yf_MKC_d5;13200;INTARIAN_PEPPER_ROOT;11014;17;11011;23;;;11027;18;11031;12;;;11020.5;0.0
yf_MKC_d5;13300;ASH_COATED_OSMIUM;9912;10;9909;20;;;9924;13;9927;14;;;9918.0;0.0
yf_MKC_d5;13300;INTARIAN_PEPPER_ROOT;11019;15;11016;20;;;11025;10;11028;14;;;11022.0;0.0
yf_MKC_d5;13400;ASH_COATED_OSMIUM;9916;14;9912;28;;;9922;18;9924;19;;;9919.0;0.0
yf_MKC_d5;13400;INTARIAN_PEPPER_ROOT;11020;20;11018;25;;;11026;6;11029;26;;;11023.0;0.0
yf_MKC_d5;13500;ASH_COATED_OSMIUM;9916;12;9912;27;;;9922;13;9925;21;;;9919.0;0.0
yf_MKC_d5;13500;INTARIAN_PEPPER_ROOT;11021;17;11017;21;;;11027;13;11031;15;;;11024.0;0.0
yf_MKC_d5;13600;ASH_COATED_OSMIUM;9916;17;9914;24;;;9922;14;9924;25;;;9919.0;0.0
yf_MKC_d5;13600;INTARIAN_PEPPER_ROOT;11022;15;11018;14;;;11028;16;11032;19;;;11025.0;0.0
yf_MKC_d5;13700;ASH_COATED_OSMIUM;9915;9;9912;8;;;9921;12;9923;15;;;9918.0;0.0
yf_MKC_d5;13700;INTARIAN_PEPPER_ROOT;11004;13;11001;24;;;11049;12;11052;27;;;11026.5;0.0
yf_MKC_d5;13800;ASH_COATED_OSMIUM;9915;13;9913;21;;;9921;15;9924;27;;;9918.0;0.0
yf_MKC_d5;13800;INTARIAN_PEPPER_ROOT;11024;18;11022;18;;;11032;19;11034;28;;;11028.0;0.0
yf_MKC_d5;13900;ASH_COATED_OSMIUM;9916;10;9914;15;;;9922;19;9924;19;;;9919.0;0.0
yf_MKC_d5;13900;INTARIAN_PEPPER_ROOT;11026;18;11022;21;;;11032;9;11034;27;;;11029.0;0.0
yf_MKC_d5;14000;ASH_COATED_OSMIUM;9909;8;9907;33;;;9929;17;9931;22;;;9919.0;0.0
yf_MKC_d5;14000;INTARIAN_PEPPER_ROOT;11028;26;11024;26;;;11034;16;11038;21;;;11031.0;0.0
yf_MKC_d5;14100;ASH_COATED_OSMIUM;9914;7;9911;23;;;9925;10;9927;15;;;9919.5;0.0
yf_MKC_d5;14100;INTARIAN_PEPPER_ROOT;11028;20;11026;24;;;11034;25;11036;25;;;11031.0;0.0
yf_MKC_d5;14200;ASH_COATED_OSMIUM;9916;10;9913;15;;;9922;9;9925;21;;;9919.0;0.0
yf_MKC_d5;14200;INTARIAN_PEPPER_ROOT;11030;8;11028;20;;;11036;26;11038;20;;;11033.0;0.0
yf_MKC_d5;14300;ASH_COATED_OSMIUM;9916;10;9912;20;;;9922;11;9925;28;;;9919.0;0.0
yf_MKC_d5;14300;INTARIAN_PEPPER_ROOT;11027;9;11023;30;;;11041;12;11043;24;;;11034.0;0.0
yf_MKC_d5;14400;ASH_COATED_OSMIUM;9916;20;9912;22;;;9922;10;9924;23;;;9919.0;0.0
yf_MKC_d5;14400;INTARIAN_PEPPER_ROOT;11032;22;11028;25;;;11038;14;11042;29;;;11035.0;0.0
yf_MKC_d5;14500;ASH_COATED_OSMIUM;9915;16;9911;18;;;9921;18;9923;29;;;9918.0;0.0
yf_MKC_d5;14500;INTARIAN_PEPPER_ROOT;11033;15;11031;8;;;11040;13;11043;16;;;11036.5;0.0
yf_MKC_d5;14600;ASH_COATED_OSMIUM;9916;27;9912;17;;;9922;10;9925;15;;;9919.0;0.0
yf_MKC_d5;14600;INTARIAN_PEPPER_ROOT;11034;8;11031;20;;;11040;11;11043;14;;;11037.0;0.0
yf_MKC_d5;14700;ASH_COATED_OSMIUM;9916;5;9914;22;;;9922;5;9924;23;;;9919.0;0.0
yf_MKC_d5;14700;INTARIAN_PEPPER_ROOT;11035;14;11033;22;;;11041;12;11044;20;;;11038.0;0.0
yf_MKC_d5;14800;ASH_COATED_OSMIUM;9912;16;9910;24;;;9925;15;9927;17;;;9918.5;0.0
yf_MKC_d5;14800;INTARIAN_PEPPER_ROOT;11036;5;11034;24;;;11044;15;11048;19;;;11040.0;0.0
yf_MKC_d5;14900;ASH_COATED_OSMIUM;9916;17;9912;16;;;9922;15;9925;26;;;9919.0;0.0
yf_MKC_d5;14900;INTARIAN_PEPPER_ROOT;11037;14;11033;19;;;11043;21;11045;15;;;11040.0;0.0
yf_MKC_d5;15000;ASH_COATED_OSMIUM;9916;20;9914;23;;;9922;11;9924;35;;;9919.0;0.0
yf_MKC_d5;15000;INTARIAN_PEPPER_ROOT;11039;23;11036;21;;;11045;13;11048;19;;;11042.0;0.0
yf_MKC_d5;15100;ASH_COATED_OSMIUM;9916;11;9914;20;;;9922;12;9924;21;;;9919.0;0.0
yf_MKC_d5;15100;INTARIAN_PEPPER_ROOT;11039;28;11036;21;;;11047;15;11049;20;;;11043.0;0.0
yf_MKC_d5;15200;ASH_COATED_OSMIUM;9916;24;9912;19;;;9922;14;9926;15;;;9919.0;0.0
yf_MKC_d5;15200;INTARIAN_PEPPER_ROOT;11040;13;11037;14;;;11049;17;11053;17;;;11044.5;0.0
yf_MKC_d5;15300;ASH_COATED_OSMIUM;9915;13;9913;21;;;9924;12;9926;31;;;9919.5;0.0
yf_MKC_d5;15300;INTARIAN_PEPPER_ROOT;11043;16;11039;16;;;11049;15;11051;27;;;11046.0;0.0
yf_MKC_d5;15400;ASH_COATED_OSMIUM;9916;8;9914;25;;;9922;22;9924;20;;;9919.0;0.0
yf_MKC_d5;15400;INTARIAN_PEPPER_ROOT;11037;17;11035;31;;;11057;20;11060;23;;;11047.0;0.0
yf_MKC_d5;15500;ASH_COATED_OSMIUM;9911;5;9907;21;;;9929;18;9933;17;;;9920.0;0.0
yf_MKC_d5;15500;INTARIAN_PEPPER_ROOT;11045;19;11041;23;;;11051;11;11054;18;;;11048.0;0.0
yf_MKC_d5;15600;ASH_COATED_OSMIUM;9917;21;9914;22;;;9923;9;9927;17;;;9920.0;0.0
yf_MKC_d5;15600;INTARIAN_PEPPER_ROOT;11045;17;11043;24;;;11053;18;11057;26;;;11049.0;0.0
yf_MKC_d5;15700;ASH_COATED_OSMIUM;9916;16;9913;17;;;9922;25;9924;21;;;9919.0;0.0
yf_MKC_d5;15700;INTARIAN_PEPPER_ROOT;11042;16;11038;18;;;11058;16;11061;18;;;11050.0;0.0
yf_MKC_d5;15800;ASH_COATED_OSMIUM;9917;18;9914;19;;;9923;12;9927;19;;;9920.0;0.0
yf_MKC_d5;15800;INTARIAN_PEPPER_ROOT;11048;8;11045;19;;;11054;5;11056;26;;;11051.0;0.0
yf_MKC_d5;15900;ASH_COATED_OSMIUM;9908;7;9904;18;;;9930;5;9934;13;;;9919.0;0.0
yf_MKC_d5;15900;INTARIAN_PEPPER_ROOT;11045;16;11041;18;;;11061;11;11063;16;;;11053.0;0.0
yf_MKC_d5;16000;ASH_COATED_OSMIUM;9917;8;9914;29;;;9923;14;9926;20;;;9920.0;0.0
yf_MKC_d5;16000;INTARIAN_PEPPER_ROOT;11051;21;11048;21;;;11057;16;11061;20;;;11054.0;0.0
yf_MKC_d5;16100;ASH_COATED_OSMIUM;9917;16;9914;22;;;9923;14;9926;26;;;9920.0;0.0
yf_MKC_d5;16100;INTARIAN_PEPPER_ROOT;11048;12;11045;15;;;11062;15;11064;28;;;11055.0;0.0
yf_MKC_d5;16200;ASH_COATED_OSMIUM;9917;5;9913;24;;;9923;19;9927;28;;;9920.0;0.0
yf_MKC_d5;16200;INTARIAN_PEPPER_ROOT;11053;10;11050;24;;;11059;14;11062;23;;;11056.0;0.0
yf_MKC_d5;16300;ASH_COATED_OSMIUM;9917;19;9914;27;;;9923;10;9925;21;;;9920.0;0.0
yf_MKC_d5;16300;INTARIAN_PEPPER_ROOT;11054;16;11051;17;;;11060;13;11063;23;;;11057.0;0.0
yf_MKC_d5;16400;ASH_COATED_OSMIUM;9916;11;9913;17;;;9925;12;9928;21;;;9920.5;0.0
yf_MKC_d5;16400;INTARIAN_PEPPER_ROOT;11055;12;11053;22;;;11061;5;11063;31;;;11058.0;0.0
yf_MKC_d5;16500;ASH_COATED_OSMIUM;9917;12;9914;18;;;9923;23;9926;24;;;9920.0;0.0
yf_MKC_d5;16500;INTARIAN_PEPPER_ROOT;11057;11;11055;23;;;11063;15;11067;15;;;11060.0;0.0
yf_MKC_d5;16600;ASH_COATED_OSMIUM;9917;15;9913;11;;;9923;15;9926;14;;;9920.0;0.0
yf_MKC_d5;16600;INTARIAN_PEPPER_ROOT;11058;9;11055;19;;;11064;10;11066;16;;;11061.0;0.0
yf_MKC_d5;16700;ASH_COATED_OSMIUM;9912;20;9910;28;;;9928;10;9932;17;;;9920.0;0.0
yf_MKC_d5;16700;INTARIAN_PEPPER_ROOT;11058;13;11056;18;;;11067;19;11071;15;;;11062.5;0.0
yf_MKC_d5;16800;ASH_COATED_OSMIUM;9916;20;9912;20;;;9922;15;9924;14;;;9919.0;0.0
yf_MKC_d5;16800;INTARIAN_PEPPER_ROOT;11056;15;11053;21;;;11071;16;11074;24;;;11063.5;0.0
yf_MKC_d5;16900;ASH_COATED_OSMIUM;9917;11;9914;21;;;9923;13;9925;24;;;9920.0;0.0
yf_MKC_d5;16900;INTARIAN_PEPPER_ROOT;11060;7;11058;25;;;11070;19;11072;13;;;11065.0;0.0
yf_MKC_d5;17000;ASH_COATED_OSMIUM;9917;13;9915;21;;;9923;13;9925;22;;;9920.0;0.0
yf_MKC_d5;17000;INTARIAN_PEPPER_ROOT;11055;16;11051;20;;;11078;20;11081;22;;;11066.5;0.0
yf_MKC_d5;17100;ASH_COATED_OSMIUM;9918;20;9916;26;;;9924;13;9926;22;;;9921.0;0.0
yf_MKC_d5;17100;INTARIAN_PEPPER_ROOT;11067;24;11063;8;;;11073;10;11075;30;;;11070.0;0.0
yf_MKC_d5;17200;ASH_COATED_OSMIUM;9917;5;9915;27;;;9923;8;9925;22;;;9920.0;0.0
yf_MKC_d5;17200;INTARIAN_PEPPER_ROOT;11070;9;11066;12;;;11076;14;11080;17;;;11073.0;0.0
yf_MKC_d5;17300;ASH_COATED_OSMIUM;9917;5;9915;22;;;9923;7;9926;17;;;9920.0;0.0
yf_MKC_d5;17300;INTARIAN_PEPPER_ROOT;11073;14;11070;12;;;11079;9;11081;21;;;11076.0;0.0
yf_MKC_d5;17400;ASH_COATED_OSMIUM;9911;19;9908;14;;;9929;9;9932;21;;;9920.0;0.0
yf_MKC_d5;17400;INTARIAN_PEPPER_ROOT;11076;12;11073;23;;;11082;18;11084;18;;;11079.0;0.0
yf_MKC_d5;17500;ASH_COATED_OSMIUM;9918;5;9915;13;;;9925;23;9927;21;;;9921.5;0.0
yf_MKC_d5;17500;INTARIAN_PEPPER_ROOT;11068;12;11065;17;;;11098;14;11102;17;;;11083.0;0.0
yf_MKC_d5;17600;ASH_COATED_OSMIUM;9916;15;9913;19;;;9926;13;9928;23;;;9921.0;0.0
yf_MKC_d5;17600;INTARIAN_PEPPER_ROOT;11081;19;11078;21;;;11091;15;11094;15;;;11086.0;0.0
yf_MKC_d5;17700;ASH_COATED_OSMIUM;9916;6;9914;29;;;9927;20;9931;22;;;9921.5;0.0
yf_MKC_d5;17700;INTARIAN_PEPPER_ROOT;11085;16;11082;16;;;11091;18;11093;18;;;11088.0;0.0
yf_MKC_d5;17800;ASH_COATED_OSMIUM;9918;9;9915;19;;;9924;27;9928;11;;;9921.0;0.0
yf_MKC_d5;17800;INTARIAN_PEPPER_ROOT;11087;12;11085;20;;;11096;13;11100;15;;;11091.5;0.0
yf_MKC_d5;17900;ASH_COATED_OSMIUM;9919;14;9915;19;;;9925;22;9927;18;;;9922.0;0.0
yf_MKC_d5;17900;INTARIAN_PEPPER_ROOT;11092;17;11089;22;;;11099;20;11103;23;;;11095.5;0.0
yf_MKC_d5;18000;ASH_COATED_OSMIUM;9918;14;9914;18;;;9924;17;9926;22;;;9921.0;0.0
yf_MKC_d5;18000;INTARIAN_PEPPER_ROOT;11082;6;11078;24;;;11114;13;11118;17;;;11098.0;0.0
yf_MKC_d5;18100;ASH_COATED_OSMIUM;9916;14;9914;21;;;9927;13;9929;19;;;9921.5;0.0
yf_MKC_d5;18100;INTARIAN_PEPPER_ROOT;11086;11;11082;12;;;11116;12;11118;17;;;11101.0;0.0
yf_MKC_d5;18200;ASH_COATED_OSMIUM;9916;6;9913;19;;;9925;10;9929;23;;;9920.5;0.0
yf_MKC_d5;18200;INTARIAN_PEPPER_ROOT;11101;10;11098;22;;;11107;7;11109;10;;;11104.0;0.0
yf_MKC_d5;18300;ASH_COATED_OSMIUM;9917;25;9913;14;;;9927;14;9931;18;;;9922.0;0.0
yf_MKC_d5;18300;INTARIAN_PEPPER_ROOT;11101;5;11099;19;;;11112;20;11114;21;;;11106.5;0.0
yf_MKC_d5;18400;ASH_COATED_OSMIUM;9916;10;9914;15;;;9927;14;9930;22;;;9921.5;0.0
yf_MKC_d5;18400;INTARIAN_PEPPER_ROOT;11102;10;11098;25;;;11119;13;11123;15;;;11110.5;0.0
yf_MKC_d5;18500;ASH_COATED_OSMIUM;9919;26;9917;29;;;9925;14;9927;20;;;9922.0;0.0
yf_MKC_d5;18500;INTARIAN_PEPPER_ROOT;11108;8;11105;21;;;11119;7;11121;17;;;11113.5;0.0
yf_MKC_d5;18600;ASH_COATED_OSMIUM;9919;10;9917;19;;;9925;15;9929;22;;;9922.0;0.0
yf_MKC_d5;18600;INTARIAN_PEPPER_ROOT;11106;16;11102;30;;;11128;14;11130;33;;;11117.0;0.0
yf_MKC_d5;18700;ASH_COATED_OSMIUM;9919;8;9915;18;;;9925;15;9929;27;;;9922.0;0.0
yf_MKC_d5;18700;INTARIAN_PEPPER_ROOT;11116;18;11114;23;;;11125;12;11127;27;;;11120.5;0.0
yf_MKC_d5;18800;ASH_COATED_OSMIUM;9919;20;9915;21;;;9925;6;9927;19;;;9922.0;0.0
yf_MKC_d5;18800;INTARIAN_PEPPER_ROOT;11115;21;11112;22;;;11131;16;11134;17;;;11123.0;0.0
yf_MKC_d5;18900;ASH_COATED_OSMIUM;9919;6;9915;16;;;9925;12;9928;9;;;9922.0;0.0
yf_MKC_d5;18900;INTARIAN_PEPPER_ROOT;11121;10;11117;18;;;11133;21;11137;20;;;11127.0;0.0
yf_MKC_d5;19000;ASH_COATED_OSMIUM;9919;14;9916;18;;;9925;13;9928;14;;;9922.0;0.0
yf_MKC_d5;19000;INTARIAN_PEPPER_ROOT;11127;7;11123;23;;;11133;13;11136;22;;;11130.0;0.0
yf_MKC_d5;19100;ASH_COATED_OSMIUM;9916;16;9912;27;;;9927;10;9930;23;;;9921.5;0.0
yf_MKC_d5;19100;INTARIAN_PEPPER_ROOT;11130;21;11126;22;;;11136;15;11139;28;;;11133.0;0.0
yf_MKC_d5;19200;ASH_COATED_OSMIUM;9918;17;9915;24;;;9924;7;9927;23;;;9921.0;0.0
yf_MKC_d5;19200;INTARIAN_PEPPER_ROOT;11131;13;11128;22;;;11140;11;11144;25;;;11135.5;0.0
yf_MKC_d5;19300;ASH_COATED_OSMIUM;9919;30;9915;22;;;9925;14;9927;21;;;9922.0;0.0
yf_MKC_d5;19300;INTARIAN_PEPPER_ROOT;11109;26;11106;18;;;11169;17;11173;14;;;11139.0;0.0
yf_MKC_d5;19400;ASH_COATED_OSMIUM;9919;12;9915;11;;;9926;22;9928;22;;;9922.5;0.0
yf_MKC_d5;19400;INTARIAN_PEPPER_ROOT;11139;11;11135;27;;;11145;12;11147;16;;;11142.0;0.0
yf_MKC_d5;19500;ASH_COATED_OSMIUM;9919;23;9917;26;;;9925;17;9928;25;;;9922.0;0.0
yf_MKC_d5;19500;INTARIAN_PEPPER_ROOT;11143;21;11140;11;;;11149;10;11151;16;;;11146.0;0.0
yf_MKC_d5;19600;ASH_COATED_OSMIUM;9899;22;9896;21;;;9945;21;9949;12;;;9922.0;0.0
yf_MKC_d5;19600;INTARIAN_PEPPER_ROOT;11144;15;11140;19;;;11152;11;11156;15;;;11148.0;0.0
yf_MKC_d5;19700;ASH_COATED_OSMIUM;9920;22;9916;16;;;9926;9;9928;17;;;9923.0;0.0
yf_MKC_d5;19700;INTARIAN_PEPPER_ROOT;11148;21;11145;20;;;11154;19;11156;24;;;11151.0;0.0
yf_MKC_d5;19800;ASH_COATED_OSMIUM;9920;19;9917;20;;;9926;11;9930;12;;;9923.0;0.0
yf_MKC_d5;19800;INTARIAN_PEPPER_ROOT;11151;19;11147;12;;;11159;8;11162;27;;;11155.0;0.0
yf_MKC_d5;19900;ASH_COATED_OSMIUM;9920;16;9918;33;;;9926;12;9928;22;;;9923.0;0.0
yf_MKC_d5;19900;INTARIAN_PEPPER_ROOT;11155;23;11153;11;;;11161;16;11164;19;;;11158.0;0.0
yf_MKC_d5;20000;ASH_COATED_OSMIUM;9917;16;9913;12;;;9928;12;9932;25;;;9922.5;0.0
yf_MKC_d5;20000;INTARIAN_PEPPER_ROOT;11158;17;11154;21;;;11164;8;11166;10;;;11161.0;0.0
yf_MKC_d5;20100;ASH_COATED_OSMIUM;9920;15;9916;18;;;9926;9;9930;18;;;9923.0;0.0
yf_MKC_d5;20100;INTARIAN_PEPPER_ROOT;11160;12;11156;22;;;11168;14;11171;17;;;11164.0;0.0
yf_MKC_d5;20200;ASH_COATED_OSMIUM;9920;20;9916;11;;;9926;8;9929;23;;;9923.0;0.0
yf_MKC_d5;20200;INTARIAN_PEPPER_ROOT;11164;14;11160;25;;;11170;16;11173;14;;;11167.0;0.0
yf_MKC_d5;20300;ASH_COATED_OSMIUM;9906;9;9902;15;;;9941;17;9945;22;;;9923.5;0.0
yf_MKC_d5;20300;INTARIAN_PEPPER_ROOT;11167;16;11165;15;;;11173;16;11176;23;;;11170.0;0.0
yf_MKC_d5;20400;ASH_COATED_OSMIUM;9902;20;9900;20;;;9944;15;9946;20;;;9923.0;0.0
yf_MKC_d5;20400;INTARIAN_PEPPER_ROOT;11169;17;11166;21;;;11177;15;11179;16;;;11173.0;0.0
yf_MKC_d5;20500;ASH_COATED_OSMIUM;9920;9;9918;18;;;9926;18;9930;18;;;9923.0;0.0
yf_MKC_d5;20500;INTARIAN_PEPPER_ROOT;11173;15;11169;22;;;11180;26;11183;24;;;11176.5;0.0
yf_MKC_d5;20600;ASH_COATED_OSMIUM;9920;12;9918;23;;;9926;8;9928;9;;;9923.0;0.0
yf_MKC_d5;20600;INTARIAN_PEPPER_ROOT;11166;15;11163;28;;;11191;12;11194;20;;;11178.5;0.0
yf_MKC_d5;20700;ASH_COATED_OSMIUM;9920;10;9917;8;;;9926;13;9930;18;;;9923.0;0.0
yf_MKC_d5;20700;INTARIAN_PEPPER_ROOT;11180;9;11177;19;;;11186;5;11190;22;;;11183.0;0.0
yf_MKC_d5;20800;ASH_COATED_OSMIUM;9920;8;9916;23;;;9926;8;9929;18;;;9923.0;0.0
yf_MKC_d5;20800;INTARIAN_PEPPER_ROOT;11182;26;11179;18;;;11188;5;11192;25;;;11185.0;0.0
yf_MKC_d5;20900;ASH_COATED_OSMIUM;9920;18;9918;21;;;9927;17;9930;25;;;9923.5;0.0
yf_MKC_d5;20900;INTARIAN_PEPPER_ROOT;11186;8;11183;18;;;11192;25;11194;24;;;11189.0;0.0
yf_MKC_d5;21000;ASH_COATED_OSMIUM;9911;22;9908;15;;;9936;15;9940;10;;;9923.5;0.0
yf_MKC_d5;21000;INTARIAN_PEPPER_ROOT;11185;15;11183;13;;;11199;15;11202;21;;;11192.0;0.0
yf_MKC_d5;21100;ASH_COATED_OSMIUM;9920;20;9918;24;;;9926;13;9930;25;;;9923.0;0.0
yf_MKC_d5;21100;INTARIAN_PEPPER_ROOT;11187;16;11184;16;;;11204;7;11208;13;;;11195.5;0.0
yf_MKC_d5;21200;ASH_COATED_OSMIUM;9920;16;9918;29;;;9926;13;9928;18;;;9923.0;0.0
yf_MKC_d5;21200;INTARIAN_PEPPER_ROOT;11195;12;11191;17;;;11201;8;11205;22;;;11198.0;0.0
yf_MKC_d5;21300;ASH_COATED_OSMIUM;9920;14;9917;16;;;9926;11;9930;26;;;9923.0;0.0
yf_MKC_d5;21300;INTARIAN_PEPPER_ROOT;11199;13;11197;16;;;11205;13;11207;18;;;11202.0;0.0
yf_MKC_d5;21400;ASH_COATED_OSMIUM;9917;13;9915;10;;;9930;5;9933;15;;;9923.5;0.0
yf_MKC_d5;21400;INTARIAN_PEPPER_ROOT;11190;15;11186;20;;;11219;19;11223;14;;;11204.5;0.0
yf_MKC_d5;21500;ASH_COATED_OSMIUM;9914;9;9911;15;;;9933;8;9937;16;;;9923.5;0.0
yf_MKC_d5;21500;INTARIAN_PEPPER_ROOT;11205;18;11202;13;;;11211;17;11213;15;;;11208.0;0.0
yf_MKC_d5;21600;ASH_COATED_OSMIUM;9921;17;9917;27;;;9927;11;9929;17;;;9924.0;0.0
yf_MKC_d5;21600;INTARIAN_PEPPER_ROOT;11203;9;11201;8;;;11219;15;11221;17;;;11211.0;0.0
yf_MKC_d5;21700;ASH_COATED_OSMIUM;9921;14;9918;21;;;9927;7;9929;22;;;9924.0;0.0
yf_MKC_d5;21700;INTARIAN_PEPPER_ROOT;11211;17;11207;29;;;11217;16;11220;16;;;11214.0;0.0
yf_MKC_d5;21800;ASH_COATED_OSMIUM;9921;15;9918;23;;;9927;16;9930;27;;;9924.0;0.0
yf_MKC_d5;21800;INTARIAN_PEPPER_ROOT;11214;10;11212;16;;;11221;17;11224;8;;;11217.5;0.0
yf_MKC_d5;21900;ASH_COATED_OSMIUM;9921;17;9917;21;;;9927;13;9931;18;;;9924.0;0.0
yf_MKC_d5;21900;INTARIAN_PEPPER_ROOT;11218;21;11215;10;;;11224;21;11226;22;;;11221.0;0.0
yf_MKC_d5;22000;ASH_COATED_OSMIUM;9917;19;9914;17;;;9931;19;9935;20;;;9924.0;0.0
yf_MKC_d5;22000;INTARIAN_PEPPER_ROOT;11209;18;11206;14;;;11238;14;11240;15;;;11223.5;0.0
yf_MKC_d5;22100;ASH_COATED_OSMIUM;9920;18;9917;11;;;9929;14;9932;23;;;9924.5;0.0
yf_MKC_d5;22100;INTARIAN_PEPPER_ROOT;11220;15;11217;12;;;11234;16;11236;20;;;11227.0;0.0
yf_MKC_d5;22200;ASH_COATED_OSMIUM;9921;17;9917;21;;;9927;18;9930;21;;;9924.0;0.0
yf_MKC_d5;22200;INTARIAN_PEPPER_ROOT;11227;7;11224;21;;;11233;5;11235;22;;;11230.0;0.0
yf_MKC_d5;22300;ASH_COATED_OSMIUM;9921;20;9918;25;;;9927;18;9931;22;;;9924.0;0.0
yf_MKC_d5;22300;INTARIAN_PEPPER_ROOT;11230;8;11226;22;;;11236;19;11238;16;;;11233.0;0.0
yf_MKC_d5;22400;ASH_COATED_OSMIUM;9919;14;9917;20;;;9929;20;9933;11;;;9924.0;0.0
yf_MKC_d5;22400;INTARIAN_PEPPER_ROOT;11233;19;11229;18;;;11239;18;11243;22;;;11236.0;0.0
yf_MKC_d5;22500;ASH_COATED_OSMIUM;9909;14;9906;17;;;9941;13;9945;20;;;9925.0;0.0
yf_MKC_d5;22500;INTARIAN_PEPPER_ROOT;11233;20;11229;23;;;11246;5;11250;20;;;11239.5;0.0
yf_MKC_d5;22600;ASH_COATED_OSMIUM;9922;16;9919;25;;;9928;20;9931;30;;;9925.0;0.0
yf_MKC_d5;22600;INTARIAN_PEPPER_ROOT;11239;11;11237;17;;;11245;10;11247;12;;;11242.0;0.0
yf_MKC_d5;22700;ASH_COATED_OSMIUM;9916;17;9912;22;;;9934;12;9938;19;;;9925.0;0.0
yf_MKC_d5;22700;INTARIAN_PEPPER_ROOT;11242;16;11238;13;;;11250;10;11254;19;;;11246.0;0.0
yf_MKC_d5;22800;ASH_COATED_OSMIUM;9921;12;9917;19;;;9928;12;9931;29;;;9924.5;0.0
yf_MKC_d5;22800;INTARIAN_PEPPER_ROOT;11246;13;11242;13;;;11252;16;11254;23;;;11249.0;0.0
yf_MKC_d5;22900;ASH_COATED_OSMIUM;9922;17;9920;19;;;9928;15;9932;19;;;9925.0;0.0
yf_MKC_d5;22900;INTARIAN_PEPPER_ROOT;11248;27;11246;27;;;11254;11;11256;17;;;11251.0;0.0
yf_MKC_d5;23000;ASH_COATED_OSMIUM;9918;13;9914;17;;;9933;16;9936;18;;;9925.5;0.0
yf_MKC_d5;23000;INTARIAN_PEPPER_ROOT;11252;18;11248;14;;;11258;14;11261;33;;;11255.0;0.0
yf_MKC_d5;23100;ASH_COATED_OSMIUM;9918;24;9914;11;;;9930;16;9934;23;;;9924.0;0.0
yf_MKC_d5;23100;INTARIAN_PEPPER_ROOT;11243;20;11240;15;;;11273;15;11275;12;;;11258.0;0.0
yf_MKC_d5;23200;ASH_COATED_OSMIUM;9922;17;9919;26;;;9928;20;9930;30;;;9925.0;0.0
yf_MKC_d5;23200;INTARIAN_PEPPER_ROOT;11257;19;11253;19;;;11265;14;11267;21;;;11261.0;0.0
yf_MKC_d5;23300;ASH_COATED_OSMIUM;9922;14;9920;13;;;9928;16;9930;18;;;9925.0;0.0
yf_MKC_d5;23300;INTARIAN_PEPPER_ROOT;11257;16;11255;20;;;11271;14;11274;30;;;11264.0;0.0
yf_MKC_d5;23400;ASH_COATED_OSMIUM;9922;6;9919;16;;;9928;22;9932;16;;;9925.0;0.0
yf_MKC_d5;23400;INTARIAN_PEPPER_ROOT;11264;15;11261;15;;;11271;9;11274;12;;;11267.5;0.0
yf_MKC_d5;23500;ASH_COATED_OSMIUM;9915;14;9913;16;;;9934;16;9937;26;;;9924.5;0.0
yf_MKC_d5;23500;INTARIAN_PEPPER_ROOT;11267;13;11263;25;;;11273;5;11276;16;;;11270.0;0.0
yf_MKC_d5;23600;ASH_COATED_OSMIUM;9922;17;9919;21;;;9930;13;9932;25;;;9926.0;0.0
yf_MKC_d5;23600;INTARIAN_PEPPER_ROOT;11271;19;11268;20;;;11277;19;11279;15;;;11274.0;0.0
yf_MKC_d5;23700;ASH_COATED_OSMIUM;9920;12;9916;12;;;9930;8;9933;22;;;9925.0;0.0
yf_MKC_d5;23700;INTARIAN_PEPPER_ROOT;11274;21;11270;19;;;11280;25;11282;11;;;11277.0;0.0
yf_MKC_d5;23800;ASH_COATED_OSMIUM;9923;5;9921;22;;;9929;26;9932;33;;;9926.0;0.0
yf_MKC_d5;23800;INTARIAN_PEPPER_ROOT;11277;11;11273;23;;;11283;15;11285;21;;;11280.0;0.0
yf_MKC_d5;23900;ASH_COATED_OSMIUM;9921;10;9918;13;;;9929;18;9933;32;;;9925.0;0.0
yf_MKC_d5;23900;INTARIAN_PEPPER_ROOT;11280;17;11276;22;;;11286;6;11289;16;;;11283.0;0.0
yf_MKC_d5;24000;ASH_COATED_OSMIUM;9923;15;9920;24;;;9929;23;9932;25;;;9926.0;0.0
yf_MKC_d5;24000;INTARIAN_PEPPER_ROOT;11280;15;11276;20;;;11292;13;11294;23;;;11286.0;0.0
yf_MKC_d5;24100;ASH_COATED_OSMIUM;9922;15;9918;25;;;9928;11;9931;12;;;9925.0;0.0
yf_MKC_d5;24100;INTARIAN_PEPPER_ROOT;11286;12;11282;18;;;11292;15;11294;20;;;11289.0;0.0
yf_MKC_d5;24200;ASH_COATED_OSMIUM;9920;13;9916;18;;;9931;5;9933;20;;;9925.5;0.0
yf_MKC_d5;24200;INTARIAN_PEPPER_ROOT;11290;13;11288;11;;;11296;16;11298;16;;;11293.0;0.0
yf_MKC_d5;24300;ASH_COATED_OSMIUM;9923;15;9920;19;;;9929;5;9932;31;;;9926.0;0.0
yf_MKC_d5;24300;INTARIAN_PEPPER_ROOT;11292;17;11290;20;;;11298;9;11301;28;;;11295.0;0.0
yf_MKC_d5;24400;ASH_COATED_OSMIUM;9923;17;9919;20;;;9929;21;9931;21;;;9926.0;0.0
yf_MKC_d5;24400;INTARIAN_PEPPER_ROOT;11295;16;11291;19;;;11301;25;11303;14;;;11298.0;0.0
yf_MKC_d5;24500;ASH_COATED_OSMIUM;9924;23;9922;21;;;9930;18;9932;18;;;9927.0;0.0
yf_MKC_d5;24500;INTARIAN_PEPPER_ROOT;11298;18;11294;18;;;11304;15;11308;17;;;11301.0;0.0
yf_MKC_d5;24600;ASH_COATED_OSMIUM;9923;15;9921;25;;;9930;17;9934;18;;;9926.5;0.0
yf_MKC_d5;24600;INTARIAN_PEPPER_ROOT;11302;14;11299;11;;;11308;28;11310;20;;;11305.0;0.0
yf_MKC_d5;24700;ASH_COATED_OSMIUM;9923;7;9921;21;;;9929;13;9932;20;;;9926.0;0.0
yf_MKC_d5;24700;INTARIAN_PEPPER_ROOT;11304;25;11301;19;;;11310;10;11312;17;;;11307.0;0.0
yf_MKC_d5;24800;ASH_COATED_OSMIUM;9923;18;9920;19;;;9929;16;9932;22;;;9926.0;0.0
yf_MKC_d5;24800;INTARIAN_PEPPER_ROOT;11307;7;11304;14;;;11315;18;11318;17;;;11311.0;0.0
yf_MKC_d5;24900;ASH_COATED_OSMIUM;9922;17;9919;25;;;9931;14;9934;21;;;9926.5;0.0
yf_MKC_d5;24900;INTARIAN_PEPPER_ROOT;11311;13;11309;16;;;11317;13;11320;20;;;11314.0;0.0
yf_MKC_d5;25000;ASH_COATED_OSMIUM;9923;13;9920;16;;;9930;14;9933;13;;;9926.5;0.0
yf_MKC_d5;25000;INTARIAN_PEPPER_ROOT;11314;20;11311;20;;;11320;13;11322;15;;;11317.0;0.0
yf_MKC_d5;25100;ASH_COATED_OSMIUM;9920;15;9918;15;;;9932;19;9936;13;;;9926.0;0.0
yf_MKC_d5;25100;INTARIAN_PEPPER_ROOT;11317;20;11314;20;;;11323;18;11326;8;;;11320.0;0.0
yf_MKC_d5;25200;ASH_COATED_OSMIUM;9918;11;9916;19;;;9934;20;9936;16;;;9926.0;0.0
yf_MKC_d5;25200;INTARIAN_PEPPER_ROOT;11320;22;11316;19;;;11327;7;11329;24;;;11323.5;0.0
yf_MKC_d5;25300;ASH_COATED_OSMIUM;9923;12;9919;17;;;9929;5;9932;21;;;9926.0;0.0
yf_MKC_d5;25300;INTARIAN_PEPPER_ROOT;11318;7;11315;21;;;11335;10;11338;16;;;11326.5;0.0
yf_MKC_d5;25400;ASH_COATED_OSMIUM;9918;5;9915;8;;;9937;10;9941;15;;;9927.5;0.0
yf_MKC_d5;25400;INTARIAN_PEPPER_ROOT;11327;16;11325;16;;;11333;10;11335;15;;;11330.0;0.0
yf_MKC_d5;25500;ASH_COATED_OSMIUM;9924;14;9920;17;;;9930;10;9932;21;;;9927.0;0.0
yf_MKC_d5;25500;INTARIAN_PEPPER_ROOT;11329;9;11327;23;;;11336;10;11339;18;;;11332.5;0.0
yf_MKC_d5;25600;ASH_COATED_OSMIUM;9922;19;9918;16;;;9932;13;9934;14;;;9927.0;0.0
yf_MKC_d5;25600;INTARIAN_PEPPER_ROOT;11326;16;11323;19;;;11347;20;11350;11;;;11336.5;0.0
yf_MKC_d5;25700;ASH_COATED_OSMIUM;9922;17;9918;21;;;9931;5;9935;26;;;9926.5;0.0
yf_MKC_d5;25700;INTARIAN_PEPPER_ROOT;11332;10;11328;20;;;11346;19;11350;21;;;11339.0;0.0
yf_MKC_d5;25800;ASH_COATED_OSMIUM;9924;18;9922;23;;;9930;16;9932;23;;;9927.0;0.0
yf_MKC_d5;25800;INTARIAN_PEPPER_ROOT;11339;21;11337;21;;;11345;12;11349;22;;;11342.0;0.0
yf_MKC_d5;25900;ASH_COATED_OSMIUM;9924;20;9922;18;;;9930;21;9932;18;;;9927.0;0.0
yf_MKC_d5;25900;INTARIAN_PEPPER_ROOT;11343;11;11341;27;;;11349;13;11352;20;;;11346.0;0.0
yf_MKC_d5;26000;ASH_COATED_OSMIUM;9924;12;9922;13;;;9931;7;9933;22;;;9927.5;0.0
yf_MKC_d5;26000;INTARIAN_PEPPER_ROOT;11346;12;11342;21;;;11352;17;11354;19;;;11349.0;0.0
yf_MKC_d5;26100;ASH_COATED_OSMIUM;9920;9;9918;32;;;9935;15;9938;24;;;9927.5;0.0
yf_MKC_d5;26100;INTARIAN_PEPPER_ROOT;11349;8;11345;20;;;11355;12;11357;22;;;11352.0;0.0
yf_MKC_d5;26200;ASH_COATED_OSMIUM;9923;13;9921;19;;;9932;11;9934;20;;;9927.5;0.0
yf_MKC_d5;26200;INTARIAN_PEPPER_ROOT;11352;23;11349;19;;;11358;19;11362;16;;;11355.0;0.0
yf_MKC_d5;26300;ASH_COATED_OSMIUM;9925;12;9921;20;;;9931;17;9933;19;;;9928.0;0.0
yf_MKC_d5;26300;INTARIAN_PEPPER_ROOT;11355;24;11351;18;;;11361;9;11364;21;;;11358.0;0.0
yf_MKC_d5;26400;ASH_COATED_OSMIUM;9925;22;9923;15;;;9931;16;9934;15;;;9928.0;0.0
yf_MKC_d5;26400;INTARIAN_PEPPER_ROOT;11350;15;11348;20;;;11373;8;11375;27;;;11361.5;0.0
yf_MKC_d5;26500;ASH_COATED_OSMIUM;9925;8;9923;25;;;9931;9;9935;20;;;9928.0;0.0
yf_MKC_d5;26500;INTARIAN_PEPPER_ROOT;11361;12;11358;22;;;11368;11;11370;23;;;11364.5;0.0
yf_MKC_d5;26600;ASH_COATED_OSMIUM;9923;20;9920;29;;;9933;14;9936;13;;;9928.0;0.0
yf_MKC_d5;26600;INTARIAN_PEPPER_ROOT;11364;16;11362;19;;;11371;18;11374;26;;;11367.5;0.0
yf_MKC_d5;26700;ASH_COATED_OSMIUM;9922;17;9920;29;;;9932;12;9934;12;;;9927.0;0.0
yf_MKC_d5;26700;INTARIAN_PEPPER_ROOT;11368;14;11364;24;;;11374;10;11378;23;;;11371.0;0.0
yf_MKC_d5;26800;ASH_COATED_OSMIUM;9925;13;9921;25;;;9931;13;9934;14;;;9928.0;0.0
yf_MKC_d5;26800;INTARIAN_PEPPER_ROOT;11370;19;11368;14;;;11377;9;11379;21;;;11373.5;0.0
yf_MKC_d5;26900;ASH_COATED_OSMIUM;9925;14;9922;14;;;9931;18;9935;18;;;9928.0;0.0
yf_MKC_d5;26900;INTARIAN_PEPPER_ROOT;11374;15;11372;23;;;11380;15;11383;10;;;11377.0;0.0
yf_MKC_d5;27000;ASH_COATED_OSMIUM;9925;16;9922;11;;;9931;19;9935;25;;;9928.0;0.0
yf_MKC_d5;27000;INTARIAN_PEPPER_ROOT;11377;12;11375;18;;;11383;17;11386;20;;;11380.0;0.0
yf_MKC_d5;27100;ASH_COATED_OSMIUM;9915;20;9911;20;;;9941;9;9945;16;;;9928.0;0.0
yf_MKC_d5;27100;INTARIAN_PEPPER_ROOT;11377;20;11374;15;;;11388;14;11392;20;;;11382.5;0.0
yf_MKC_d5;27200;ASH_COATED_OSMIUM;9925;6;9922;24;;;9931;15;9933;26;;;9928.0;0.0
yf_MKC_d5;27200;INTARIAN_PEPPER_ROOT;11383;17;11379;27;;;11389;20;11392;17;;;11386.0;0.0
yf_MKC_d5;27300;ASH_COATED_OSMIUM;9925;12;9921;16;;;9931;16;9934;18;;;9928.0;0.0
yf_MKC_d5;27300;INTARIAN_PEPPER_ROOT;11386;15;11383;24;;;11392;16;11394;31;;;11389.0;0.0
yf_MKC_d5;27400;ASH_COATED_OSMIUM;9925;19;9923;11;;;9931;11;9935;13;;;9928.0;0.0
yf_MKC_d5;27400;INTARIAN_PEPPER_ROOT;11390;17;11387;21;;;11396;14;11398;10;;;11393.0;0.0
yf_MKC_d5;27500;ASH_COATED_OSMIUM;9925;22;9923;31;;;9931;13;9934;23;;;9928.0;0.0
yf_MKC_d5;27500;INTARIAN_PEPPER_ROOT;11392;7;11390;31;;;11398;15;11402;21;;;11395.0;0.0
yf_MKC_d5;27600;ASH_COATED_OSMIUM;9925;12;9923;18;;;9931;19;9933;14;;;9928.0;0.0
yf_MKC_d5;27600;INTARIAN_PEPPER_ROOT;11389;13;11385;13;;;11409;26;11412;27;;;11399.0;0.0
yf_MKC_d5;27700;ASH_COATED_OSMIUM;9925;10;9921;26;;;9931;19;9935;24;;;9928.0;0.0
yf_MKC_d5;27700;INTARIAN_PEPPER_ROOT;11399;12;11395;29;;;11405;14;11407;18;;;11402.0;0.0
yf_MKC_d5;27800;ASH_COATED_OSMIUM;9917;18;9915;11;;;9941;15;9945;22;;;9929.0;0.0
yf_MKC_d5;27800;INTARIAN_PEPPER_ROOT;11392;9;11389;16;;;11419;14;11422;21;;;11405.5;0.0
yf_MKC_d5;27900;ASH_COATED_OSMIUM;9924;17;9922;20;;;9934;13;9938;16;;;9929.0;0.0
yf_MKC_d5;27900;INTARIAN_PEPPER_ROOT;11405;11;11403;23;;;11411;14;11413;14;;;11408.0;0.0
yf_MKC_d5;28000;ASH_COATED_OSMIUM;9924;13;9922;14;;;9933;18;9935;20;;;9928.5;0.0
yf_MKC_d5;28000;INTARIAN_PEPPER_ROOT;11409;19;11406;28;;;11415;13;11417;14;;;11412.0;0.0
yf_MKC_d5;28100;ASH_COATED_OSMIUM;9926;13;9922;25;;;9932;5;9934;18;;;9929.0;0.0
yf_MKC_d5;28100;INTARIAN_PEPPER_ROOT;11409;5;11407;15;;;11420;23;11423;25;;;11414.5;0.0
yf_MKC_d5;28200;ASH_COATED_OSMIUM;9926;16;9923;16;;;9932;17;9934;18;;;9929.0;0.0
yf_MKC_d5;28200;INTARIAN_PEPPER_ROOT;11410;17;11406;22;;;11425;19;11429;24;;;11417.5;0.0
yf_MKC_d5;28300;ASH_COATED_OSMIUM;9926;16;9922;20;;;9932;21;9934;17;;;9929.0;0.0
yf_MKC_d5;28300;INTARIAN_PEPPER_ROOT;11418;18;11415;14;;;11424;17;11427;20;;;11421.0;0.0
yf_MKC_d5;28400;ASH_COATED_OSMIUM;9926;15;9923;8;;;9932;15;9934;24;;;9929.0;0.0
yf_MKC_d5;28400;INTARIAN_PEPPER_ROOT;11421;15;11417;8;;;11427;15;11429;11;;;11424.0;0.0
yf_MKC_d5;28500;ASH_COATED_OSMIUM;9926;8;9922;25;;;9932;21;9936;22;;;9929.0;0.0
yf_MKC_d5;28500;INTARIAN_PEPPER_ROOT;11424;5;11421;13;;;11430;9;11434;24;;;11427.0;0.0
yf_MKC_d5;28600;ASH_COATED_OSMIUM;9926;13;9923;16;;;9932;13;9935;19;;;9929.0;0.0
yf_MKC_d5;28600;INTARIAN_PEPPER_ROOT;11420;10;11416;12;;;11441;14;11443;21;;;11430.5;0.0
yf_MKC_d5;28700;ASH_COATED_OSMIUM;9926;14;9924;27;;;9932;19;9935;20;;;9929.0;0.0
yf_MKC_d5;28700;INTARIAN_PEPPER_ROOT;11429;12;11426;26;;;11438;19;11440;21;;;11433.5;0.0
yf_MKC_d5;28800;ASH_COATED_OSMIUM;9927;10;9923;13;;;9933;21;9935;14;;;9930.0;0.0
yf_MKC_d5;28800;INTARIAN_PEPPER_ROOT;11433;16;11429;26;;;11439;12;11443;18;;;11436.0;0.0
yf_MKC_d5;28900;ASH_COATED_OSMIUM;9927;26;9925;19;;;9933;11;9935;23;;;9930.0;0.0
yf_MKC_d5;28900;INTARIAN_PEPPER_ROOT;11429;9;11425;28;;;11450;10;11452;16;;;11439.5;0.0
yf_MKC_d5;29000;ASH_COATED_OSMIUM;9927;11;9923;14;;;9933;10;9936;21;;;9930.0;0.0
yf_MKC_d5;29000;INTARIAN_PEPPER_ROOT;11431;16;11429;14;;;11456;21;11459;24;;;11443.5;0.0
yf_MKC_d5;29100;ASH_COATED_OSMIUM;9925;12;9922;12;;;9935;16;9937;25;;;9930.0;0.0
yf_MKC_d5;29100;INTARIAN_PEPPER_ROOT;11443;24;11439;20;;;11449;18;11451;28;;;11446.0;0.0
yf_MKC_d5;29200;ASH_COATED_OSMIUM;9927;10;9924;21;;;9933;16;9936;17;;;9930.0;0.0
yf_MKC_d5;29200;INTARIAN_PEPPER_ROOT;11446;16;11442;18;;;11452;13;11455;20;;;11449.0;0.0
yf_MKC_d5;29300;ASH_COATED_OSMIUM;9926;6;9922;16;;;9932;22;9934;21;;;9929.0;0.0
yf_MKC_d5;29300;INTARIAN_PEPPER_ROOT;11449;17;11447;20;;;11455;16;11458;15;;;11452.0;0.0
yf_MKC_d5;29400;ASH_COATED_OSMIUM;9925;5;9921;17;;;9934;15;9937;18;;;9929.5;0.0
yf_MKC_d5;29400;INTARIAN_PEPPER_ROOT;11452;13;11449;16;;;11458;18;11460;18;;;11455.0;0.0
yf_MKC_d5;29500;ASH_COATED_OSMIUM;9927;16;9923;19;;;9933;21;9937;19;;;9930.0;0.0
yf_MKC_d5;29500;INTARIAN_PEPPER_ROOT;11454;10;11451;20;;;11464;23;11467;25;;;11459.0;0.0
yf_MKC_d5;29600;ASH_COATED_OSMIUM;9924;23;9922;23;;;9936;6;9938;22;;;9930.0;0.0
yf_MKC_d5;29600;INTARIAN_PEPPER_ROOT;11459;5;11455;21;;;11465;18;11469;26;;;11462.0;0.0
yf_MKC_d5;29700;ASH_COATED_OSMIUM;9916;9;9912;13;;;9943;12;9946;19;;;9929.5;0.0
yf_MKC_d5;29700;INTARIAN_PEPPER_ROOT;11462;14;11460;20;;;11468;21;11470;27;;;11465.0;0.0
yf_MKC_d5;29800;ASH_COATED_OSMIUM;9927;16;9923;20;;;9933;27;9935;29;;;9930.0;0.0
yf_MKC_d5;29800;INTARIAN_PEPPER_ROOT;11465;16;11462;17;;;11471;9;11475;12;;;11468.0;0.0
yf_MKC_d5;29900;ASH_COATED_OSMIUM;9910;16;9908;14;;;9950;14;9954;15;;;9930.0;0.0
yf_MKC_d5;29900;INTARIAN_PEPPER_ROOT;11468;11;11466;19;;;11475;9;11478;28;;;11471.5;0.0
yf_MKC_d5;30000;ASH_COATED_OSMIUM;9927;20;9923;20;;;9933;10;9937;15;;;9930.0;0.0
yf_MKC_d5;30000;INTARIAN_PEPPER_ROOT;11472;17;11468;14;;;11478;15;11482;20;;;11475.0;0.0
yf_MKC_d5;30100;ASH_COATED_OSMIUM;9927;10;9924;15;;;9933;14;9935;22;;;9930.0;0.0
yf_MKC_d5;30100;INTARIAN_PEPPER_ROOT;11474;19;11471;15;;;11480;15;11482;20;;;11477.0;0.0
yf_MKC_d5;30200;ASH_COATED_OSMIUM;9927;8;9925;25;;;9933;24;9937;13;;;9930.0;0.0
yf_MKC_d5;30200;INTARIAN_PEPPER_ROOT;11477;19;11473;17;;;11483;22;11486;8;;;11480.0;0.0
yf_MKC_d5;30300;ASH_COATED_OSMIUM;9928;28;9924;25;;;9934;15;9938;21;;;9931.0;0.0
yf_MKC_d5;30300;INTARIAN_PEPPER_ROOT;11480;18;11477;25;;;11486;11;11490;17;;;11483.0;0.0
yf_MKC_d5;30400;ASH_COATED_OSMIUM;9927;13;9923;13;;;9934;23;9937;19;;;9930.5;0.0
yf_MKC_d5;30400;INTARIAN_PEPPER_ROOT;11484;23;11482;13;;;11490;5;11492;11;;;11487.0;0.0
yf_MKC_d5;30500;ASH_COATED_OSMIUM;9927;16;9924;14;;;9934;17;9937;21;;;9930.5;0.0
yf_MKC_d5;30500;INTARIAN_PEPPER_ROOT;11465;24;11462;21;;;11513;21;11515;20;;;11489.0;0.0
yf_MKC_d5;30600;ASH_COATED_OSMIUM;9922;22;9919;26;;;9940;19;9942;17;;;9931.0;0.0
yf_MKC_d5;30600;INTARIAN_PEPPER_ROOT;11489;19;11487;20;;;11497;22;11501;21;;;11493.0;0.0
yf_MKC_d5;30700;ASH_COATED_OSMIUM;9928;17;9925;20;;;9934;15;9936;18;;;9931.0;0.0
yf_MKC_d5;30700;INTARIAN_PEPPER_ROOT;11487;5;11484;21;;;11506;15;11510;17;;;11496.5;0.0
yf_MKC_d5;30800;ASH_COATED_OSMIUM;9928;7;9924;23;;;9934;10;9937;21;;;9931.0;0.0
yf_MKC_d5;30800;INTARIAN_PEPPER_ROOT;11496;16;11494;22;;;11502;16;11506;13;;;11499.0;0.0
yf_MKC_d5;30900;ASH_COATED_OSMIUM;9928;12;9924;24;;;9934;11;9937;24;;;9931.0;0.0
yf_MKC_d5;30900;INTARIAN_PEPPER_ROOT;11499;9;11497;20;;;11505;13;11508;16;;;11502.0;0.0
yf_MKC_d5;31000;ASH_COATED_OSMIUM;9927;16;9925;16;;;9933;22;9937;15;;;9930.0;0.0
yf_MKC_d5;31000;INTARIAN_PEPPER_ROOT;11500;10;11497;19;;;11510;17;11514;17;;;11505.0;0.0
yf_MKC_d5;31100;ASH_COATED_OSMIUM;9927;20;9924;15;;;9935;20;9938;19;;;9931.0;0.0
yf_MKC_d5;31100;INTARIAN_PEPPER_ROOT;11505;5;11501;22;;;11511;21;11514;17;;;11508.0;0.0
yf_MKC_d5;31200;ASH_COATED_OSMIUM;9915;17;9913;15;;;9948;17;9950;17;;;9931.5;0.0
yf_MKC_d5;31200;INTARIAN_PEPPER_ROOT;11509;15;11505;25;;;11515;19;11518;23;;;11512.0;0.0
yf_MKC_d5;31300;ASH_COATED_OSMIUM;9928;15;9926;22;;;9934;17;9938;24;;;9931.0;0.0
yf_MKC_d5;31300;INTARIAN_PEPPER_ROOT;11508;16;11505;17;;;11521;15;11523;25;;;11514.5;0.0
yf_MKC_d5;31400;ASH_COATED_OSMIUM;9922;26;9920;13;;;9942;15;9946;20;;;9932.0;0.0
yf_MKC_d5;31400;INTARIAN_PEPPER_ROOT;11515;16;11513;24;;;11521;17;11525;12;;;11518.0;0.0
yf_MKC_d5;31500;ASH_COATED_OSMIUM;9928;8;9925;20;;;9934;5;9937;17;;;9931.0;0.0
yf_MKC_d5;31500;INTARIAN_PEPPER_ROOT;11518;15;11516;17;;;11524;20;11528;20;;;11521.0;0.0
yf_MKC_d5;31600;ASH_COATED_OSMIUM;9924;10;9921;21;;;9940;15;9943;22;;;9932.0;0.0
yf_MKC_d5;31600;INTARIAN_PEPPER_ROOT;11521;13;11518;18;;;11527;17;11530;19;;;11524.0;0.0
yf_MKC_d5;31700;ASH_COATED_OSMIUM;9928;13;9926;20;;;9934;7;9937;21;;;9931.0;0.0
yf_MKC_d5;31700;INTARIAN_PEPPER_ROOT;11519;16;11517;16;;;11536;8;11540;19;;;11527.5;0.0
yf_MKC_d5;31800;ASH_COATED_OSMIUM;9928;15;9926;21;;;9934;17;9937;20;;;9931.0;0.0
yf_MKC_d5;31800;INTARIAN_PEPPER_ROOT;11521;11;11519;29;;;11541;14;11545;16;;;11531.0;0.0
yf_MKC_d5;31900;ASH_COATED_OSMIUM;9923;20;9919;13;;;9942;14;9945;21;;;9932.5;0.0
yf_MKC_d5;31900;INTARIAN_PEPPER_ROOT;11531;23;11528;28;;;11537;23;11541;21;;;11534.0;0.0
yf_MKC_d5;32000;ASH_COATED_OSMIUM;9928;19;9924;12;;;9934;20;9938;15;;;9931.0;0.0
yf_MKC_d5;32000;INTARIAN_PEPPER_ROOT;11534;17;11531;19;;;11540;13;11544;19;;;11537.0;0.0
yf_MKC_d5;32100;ASH_COATED_OSMIUM;9928;15;9925;24;;;9934;11;9937;27;;;9931.0;0.0
yf_MKC_d5;32100;INTARIAN_PEPPER_ROOT;11537;16;11533;12;;;11543;13;11545;29;;;11540.0;0.0
yf_MKC_d5;32200;ASH_COATED_OSMIUM;9923;16;9919;19;;;9941;8;9943;22;;;9932.0;0.0
yf_MKC_d5;32200;INTARIAN_PEPPER_ROOT;11540;17;11538;15;;;11546;20;11550;19;;;11543.0;0.0
yf_MKC_d5;32300;ASH_COATED_OSMIUM;9918;11;9916;18;;;9945;17;9948;30;;;9931.5;0.0
yf_MKC_d5;32300;INTARIAN_PEPPER_ROOT;11529;11;11526;23;;;11563;16;11567;16;;;11546.0;0.0
yf_MKC_d5;32400;ASH_COATED_OSMIUM;9929;12;9926;20;;;9935;15;9938;21;;;9932.0;0.0
yf_MKC_d5;32400;INTARIAN_PEPPER_ROOT;11546;19;11542;27;;;11552;20;11555;21;;;11549.0;0.0
yf_MKC_d5;32500;ASH_COATED_OSMIUM;9928;18;9926;14;;;9936;19;9938;17;;;9932.0;0.0
yf_MKC_d5;32500;INTARIAN_PEPPER_ROOT;11549;14;11545;25;;;11555;12;11557;18;;;11552.0;0.0
yf_MKC_d5;32600;ASH_COATED_OSMIUM;9928;10;9926;18;;;9936;23;9940;17;;;9932.0;0.0
yf_MKC_d5;32600;INTARIAN_PEPPER_ROOT;11553;12;11551;29;;;11559;9;11563;19;;;11556.0;0.0
yf_MKC_d5;32700;ASH_COATED_OSMIUM;9929;25;9927;32;;;9935;17;9939;20;;;9932.0;0.0
yf_MKC_d5;32700;INTARIAN_PEPPER_ROOT;11556;18;11553;20;;;11562;7;11565;23;;;11559.0;0.0
yf_MKC_d5;32800;ASH_COATED_OSMIUM;9924;17;9922;21;;;9940;13;9942;24;;;9932.0;0.0
yf_MKC_d5;32800;INTARIAN_PEPPER_ROOT;11555;18;11553;24;;;11568;9;11571;19;;;11561.5;0.0
yf_MKC_d5;32900;ASH_COATED_OSMIUM;9929;5;9927;22;;;9937;12;9940;32;;;9933.0;0.0
yf_MKC_d5;32900;INTARIAN_PEPPER_ROOT;11562;13;11559;13;;;11568;18;11571;18;;;11565.0;0.0
yf_MKC_d5;33000;ASH_COATED_OSMIUM;9930;13;9926;14;;;9936;15;9938;13;;;9933.0;0.0
yf_MKC_d5;33000;INTARIAN_PEPPER_ROOT;11566;15;11563;17;;;11572;17;11574;16;;;11569.0;0.0
yf_MKC_d5;33100;ASH_COATED_OSMIUM;9924;11;9921;18;;;9941;16;9943;21;;;9932.5;0.0
yf_MKC_d5;33100;INTARIAN_PEPPER_ROOT;11566;11;11564;19;;;11577;16;11580;20;;;11571.5;0.0
yf_MKC_d5;33200;ASH_COATED_OSMIUM;9930;8;9926;12;;;9936;9;9939;17;;;9933.0;0.0
yf_MKC_d5;33200;INTARIAN_PEPPER_ROOT;11572;12;11569;17;;;11578;19;11581;20;;;11575.0;0.0
yf_MKC_d5;33300;ASH_COATED_OSMIUM;9929;21;9925;15;;;9935;14;9937;19;;;9932.0;0.0
yf_MKC_d5;33300;INTARIAN_PEPPER_ROOT;11574;11;11572;19;;;11580;14;11583;16;;;11577.0;0.0
yf_MKC_d5;33400;ASH_COATED_OSMIUM;9928;5;9925;30;;;9938;18;9941;22;;;9933.0;0.0
yf_MKC_d5;33400;INTARIAN_PEPPER_ROOT;11578;15;11576;20;;;11584;19;11586;25;;;11581.0;0.0
yf_MKC_d5;33500;ASH_COATED_OSMIUM;9930;16;9928;8;;;9936;15;9938;21;;;9933.0;0.0
yf_MKC_d5;33500;INTARIAN_PEPPER_ROOT;11581;23;11577;11;;;11587;28;11589;27;;;11584.0;0.0
yf_MKC_d5;33600;ASH_COATED_OSMIUM;9929;23;9927;17;;;9937;15;9939;23;;;9933.0;0.0
yf_MKC_d5;33600;INTARIAN_PEPPER_ROOT;11584;5;11581;24;;;11590;12;11592;16;;;11587.0;0.0
yf_MKC_d5;33700;ASH_COATED_OSMIUM;9930;14;9926;13;;;9936;23;9938;22;;;9933.0;0.0
yf_MKC_d5;33700;INTARIAN_PEPPER_ROOT;11577;15;11575;23;;;11602;20;11604;15;;;11589.5;0.0
yf_MKC_d5;33800;ASH_COATED_OSMIUM;9929;12;9925;16;;;9936;17;9938;27;;;9932.5;0.0
yf_MKC_d5;33800;INTARIAN_PEPPER_ROOT;11591;24;11588;14;;;11597;9;11600;19;;;11594.0;0.0
yf_MKC_d5;33900;ASH_COATED_OSMIUM;9926;15;9924;13;;;9941;24;9943;22;;;9933.5;0.0
yf_MKC_d5;33900;INTARIAN_PEPPER_ROOT;11594;13;11592;23;;;11600;13;11604;12;;;11597.0;0.0
yf_MKC_d5;34000;ASH_COATED_OSMIUM;9929;12;9926;22;;;9935;10;9938;14;;;9932.0;0.0
yf_MKC_d5;34000;INTARIAN_PEPPER_ROOT;11589;22;11587;22;;;11607;11;11611;16;;;11598.0;0.0
yf_MKC_d5;34100;ASH_COATED_OSMIUM;9930;13;9927;15;;;9936;13;9940;19;;;9933.0;0.0
yf_MKC_d5;34100;INTARIAN_PEPPER_ROOT;11596;11;11594;24;;;11602;9;11605;23;;;11599.0;0.0
yf_MKC_d5;34200;ASH_COATED_OSMIUM;9930;11;9927;17;;;9936;21;9938;20;;;9933.0;0.0
yf_MKC_d5;34200;INTARIAN_PEPPER_ROOT;11598;14;11596;22;;;11604;15;11606;23;;;11601.0;0.0
yf_MKC_d5;34300;ASH_COATED_OSMIUM;9931;17;9927;19;;;9937;20;9941;27;;;9934.0;0.0
yf_MKC_d5;34300;INTARIAN_PEPPER_ROOT;11599;13;11596;15;;;11605;10;11609;19;;;11602.0;0.0
yf_MKC_d5;34400;ASH_COATED_OSMIUM;9930;13;9928;17;;;9936;14;9939;24;;;9933.0;0.0
yf_MKC_d5;34400;INTARIAN_PEPPER_ROOT;11598;26;11595;18;;;11609;14;11613;21;;;11603.5;0.0
yf_MKC_d5;34500;ASH_COATED_OSMIUM;9929;7;9927;15;;;9938;20;9942;8;;;9933.5;0.0
yf_MKC_d5;34500;INTARIAN_PEPPER_ROOT;11602;8;11599;21;;;11608;18;11611;21;;;11605.0;0.0
yf_MKC_d5;34600;ASH_COATED_OSMIUM;9930;15;9927;28;;;9936;19;9938;20;;;9933.0;0.0
yf_MKC_d5;34600;INTARIAN_PEPPER_ROOT;11603;15;11599;23;;;11609;15;11612;26;;;11606.0;0.0
yf_MKC_d5;34700;ASH_COATED_OSMIUM;9931;19;9928;27;;;9937;12;9941;15;;;9934.0;0.0
yf_MKC_d5;34700;INTARIAN_PEPPER_ROOT;11604;13;11602;17;;;11610;17;11614;21;;;11607.0;0.0
yf_MKC_d5;34800;ASH_COATED_OSMIUM;9930;10;9926;13;;;9936;19;9938;17;;;9933.0;0.0
yf_MKC_d5;34800;INTARIAN_PEPPER_ROOT;11607;22;11604;23;;;11613;15;11615;22;;;11610.0;0.0
yf_MKC_d5;34900;ASH_COATED_OSMIUM;9930;15;9927;27;;;9936;13;9940;21;;;9933.0;0.0
yf_MKC_d5;34900;INTARIAN_PEPPER_ROOT;11608;11;11605;18;;;11614;15;11616;20;;;11611.0;0.0
yf_MKC_d5;35000;ASH_COATED_OSMIUM;9929;14;9926;17;;;9940;12;9943;20;;;9934.5;0.0
yf_MKC_d5;35000;INTARIAN_PEPPER_ROOT;11609;29;11606;22;;;11615;10;11618;22;;;11612.0;0.0
yf_MKC_d5;35100;ASH_COATED_OSMIUM;9931;19;9929;15;;;9937;14;9940;8;;;9934.0;0.0
yf_MKC_d5;35100;INTARIAN_PEPPER_ROOT;11610;12;11608;8;;;11616;12;11620;15;;;11613.0;0.0
yf_MKC_d5;35200;ASH_COATED_OSMIUM;9931;18;9927;8;;;9937;10;9939;19;;;9934.0;0.0
yf_MKC_d5;35200;INTARIAN_PEPPER_ROOT;11609;11;11606;20;;;11620;29;11623;19;;;11614.5;0.0
yf_MKC_d5;35300;ASH_COATED_OSMIUM;9932;16;9928;20;;;9938;17;9940;24;;;9935.0;0.0
yf_MKC_d5;35300;INTARIAN_PEPPER_ROOT;11613;19;11610;8;;;11619;9;11622;21;;;11616.0;0.0
yf_MKC_d5;35400;ASH_COATED_OSMIUM;9930;22;9927;23;;;9940;7;9942;17;;;9935.0;0.0
yf_MKC_d5;35400;INTARIAN_PEPPER_ROOT;11615;5;11613;22;;;11621;5;11625;14;;;11618.0;0.0
yf_MKC_d5;35500;ASH_COATED_OSMIUM;9931;13;9927;15;;;9937;26;9939;24;;;9934.0;0.0
yf_MKC_d5;35500;INTARIAN_PEPPER_ROOT;11616;19;11612;16;;;11622;16;11624;19;;;11619.0;0.0
yf_MKC_d5;35600;ASH_COATED_OSMIUM;9925;8;9921;17;;;9944;18;9948;20;;;9934.5;0.0
yf_MKC_d5;35600;INTARIAN_PEPPER_ROOT;11617;7;11614;15;;;11623;6;11626;22;;;11620.0;0.0
yf_MKC_d5;35700;ASH_COATED_OSMIUM;9929;14;9925;10;;;9941;16;9943;8;;;9935.0;0.0
yf_MKC_d5;35700;INTARIAN_PEPPER_ROOT;11618;14;11614;16;;;11624;5;11626;19;;;11621.0;0.0
yf_MKC_d5;35800;ASH_COATED_OSMIUM;9932;17;9929;29;;;9938;15;9941;25;;;9935.0;0.0
yf_MKC_d5;35800;INTARIAN_PEPPER_ROOT;11620;20;11617;23;;;11626;8;11628;15;;;11623.0;0.0
yf_MKC_d5;35900;ASH_COATED_OSMIUM;9922;19;9919;19;;;9947;18;9949;17;;;9934.5;0.0
yf_MKC_d5;35900;INTARIAN_PEPPER_ROOT;11621;15;11618;20;;;11627;12;11629;23;;;11624.0;0.0
yf_MKC_d5;36000;ASH_COATED_OSMIUM;9930;18;9926;24;;;9939;19;9941;21;;;9934.5;0.0
yf_MKC_d5;36000;INTARIAN_PEPPER_ROOT;11623;17;11621;19;;;11629;26;11632;15;;;11626.0;0.0
yf_MKC_d5;36100;ASH_COATED_OSMIUM;9922;19;9919;27;;;9948;11;9951;20;;;9935.0;0.0
yf_MKC_d5;36100;INTARIAN_PEPPER_ROOT;11622;11;11618;18;;;11632;14;11635;25;;;11627.0;0.0
yf_MKC_d5;36200;ASH_COATED_OSMIUM;9932;12;9930;30;;;9938;16;9940;19;;;9935.0;0.0
yf_MKC_d5;36200;INTARIAN_PEPPER_ROOT;11625;14;11623;8;;;11632;13;11634;15;;;11628.5;0.0
yf_MKC_d5;36300;ASH_COATED_OSMIUM;9932;25;9930;22;;;9938;20;9940;15;;;9935.0;0.0
yf_MKC_d5;36300;INTARIAN_PEPPER_ROOT;11607;17;11604;20;;;11653;19;11655;22;;;11630.0;0.0
yf_MKC_d5;36400;ASH_COATED_OSMIUM;9930;7;9927;16;;;9940;16;9944;21;;;9935.0;0.0
yf_MKC_d5;36400;INTARIAN_PEPPER_ROOT;11625;7;11623;13;;;11638;8;11640;25;;;11631.5;0.0
yf_MKC_d5;36500;ASH_COATED_OSMIUM;9931;15;9927;16;;;9940;13;9943;15;;;9935.5;0.0
yf_MKC_d5;36500;INTARIAN_PEPPER_ROOT;11621;17;11617;23;;;11645;23;11648;16;;;11633.0;0.0
yf_MKC_d5;36600;ASH_COATED_OSMIUM;9932;12;9928;19;;;9938;20;9941;19;;;9935.0;0.0
yf_MKC_d5;36600;INTARIAN_PEPPER_ROOT;11628;10;11625;10;;;11641;14;11643;26;;;11634.5;0.0
yf_MKC_d5;36700;ASH_COATED_OSMIUM;9932;11;9929;28;;;9940;16;9942;24;;;9936.0;0.0
yf_MKC_d5;36700;INTARIAN_PEPPER_ROOT;11632;14;11628;17;;;11639;9;11643;24;;;11635.5;0.0
yf_MKC_d5;36800;ASH_COATED_OSMIUM;9932;27;9929;19;;;9938;14;9942;15;;;9935.0;0.0
yf_MKC_d5;36800;INTARIAN_PEPPER_ROOT;11634;20;11631;19;;;11640;10;11642;14;;;11637.0;0.0
yf_MKC_d5;36900;ASH_COATED_OSMIUM;9933;16;9929;26;;;9939;22;9942;22;;;9936.0;0.0
yf_MKC_d5;36900;INTARIAN_PEPPER_ROOT;11635;10;11633;24;;;11642;16;11645;14;;;11638.5;0.0
yf_MKC_d5;37000;ASH_COATED_OSMIUM;9932;17;9928;15;;;9938;5;9942;22;;;9935.0;0.0
yf_MKC_d5;37000;INTARIAN_PEPPER_ROOT;11637;18;11633;19;;;11643;11;11647;21;;;11640.0;0.0
yf_MKC_d5;37100;ASH_COATED_OSMIUM;9925;13;9922;16;;;9947;16;9950;18;;;9936.0;0.0
yf_MKC_d5;37100;INTARIAN_PEPPER_ROOT;11638;5;11635;21;;;11646;26;11650;8;;;11642.0;0.0
yf_MKC_d5;37200;ASH_COATED_OSMIUM;9932;6;9930;18;;;9938;19;9942;12;;;9935.0;0.0
yf_MKC_d5;37200;INTARIAN_PEPPER_ROOT;11640;17;11636;19;;;11646;13;11648;15;;;11643.0;0.0
yf_MKC_d5;37300;ASH_COATED_OSMIUM;9932;6;9929;22;;;9939;14;9943;22;;;9935.5;0.0
yf_MKC_d5;37300;INTARIAN_PEPPER_ROOT;11641;24;11637;22;;;11648;19;11652;20;;;11644.5;0.0
yf_MKC_d5;37400;ASH_COATED_OSMIUM;9933;5;9929;28;;;9939;21;9941;10;;;9936.0;0.0
yf_MKC_d5;37400;INTARIAN_PEPPER_ROOT;11642;18;11639;20;;;11648;12;11651;13;;;11645.0;0.0
yf_MKC_d5;37500;ASH_COATED_OSMIUM;9933;5;9930;19;;;9939;7;9942;19;;;9936.0;0.0
yf_MKC_d5;37500;INTARIAN_PEPPER_ROOT;11643;15;11639;21;;;11651;11;11654;21;;;11647.0;0.0
yf_MKC_d5;37600;ASH_COATED_OSMIUM;9927;17;9923;17;;;9945;16;9947;9;;;9936.0;0.0
yf_MKC_d5;37600;INTARIAN_PEPPER_ROOT;11646;9;11644;18;;;11652;16;11656;29;;;11649.0;0.0
yf_MKC_d5;37700;ASH_COATED_OSMIUM;9933;24;9929;13;;;9939;14;9943;18;;;9936.0;0.0
yf_MKC_d5;37700;INTARIAN_PEPPER_ROOT;11648;16;11646;16;;;11654;13;11657;18;;;11651.0;0.0
yf_MKC_d5;37800;ASH_COATED_OSMIUM;9933;11;9931;23;;;9940;10;9942;14;;;9936.5;0.0
yf_MKC_d5;37800;INTARIAN_PEPPER_ROOT;11648;19;11646;18;;;11654;20;11657;21;;;11651.0;0.0
yf_MKC_d5;37900;ASH_COATED_OSMIUM;9931;15;9927;23;;;9942;22;9944;18;;;9936.5;0.0
yf_MKC_d5;37900;INTARIAN_PEPPER_ROOT;11650;23;11648;13;;;11656;14;11658;22;;;11653.0;0.0
yf_MKC_d5;38000;ASH_COATED_OSMIUM;9934;18;9931;20;;;9940;18;9942;18;;;9937.0;0.0
yf_MKC_d5;38000;INTARIAN_PEPPER_ROOT;11651;24;11647;18;;;11657;16;11659;22;;;11654.0;0.0
yf_MKC_d5;38100;ASH_COATED_OSMIUM;9934;10;9931;31;;;9940;13;9943;20;;;9937.0;0.0
yf_MKC_d5;38100;INTARIAN_PEPPER_ROOT;11652;19;11650;19;;;11658;18;11661;32;;;11655.0;0.0
yf_MKC_d5;38200;ASH_COATED_OSMIUM;9933;16;9931;26;;;9939;9;9942;27;;;9936.0;0.0
yf_MKC_d5;38200;INTARIAN_PEPPER_ROOT;11654;20;11652;27;;;11660;14;11663;17;;;11657.0;0.0
yf_MKC_d5;38300;ASH_COATED_OSMIUM;9928;15;9925;10;;;9945;11;9947;22;;;9936.5;0.0
yf_MKC_d5;38300;INTARIAN_PEPPER_ROOT;11655;18;11653;18;;;11661;16;11664;26;;;11658.0;0.0
yf_MKC_d5;38400;ASH_COATED_OSMIUM;9934;14;9930;17;;;9940;5;9943;18;;;9937.0;0.0
yf_MKC_d5;38400;INTARIAN_PEPPER_ROOT;11657;14;11654;23;;;11663;15;11667;18;;;11660.0;0.0
yf_MKC_d5;38500;ASH_COATED_OSMIUM;9933;17;9930;18;;;9941;18;9943;27;;;9937.0;0.0
yf_MKC_d5;38500;INTARIAN_PEPPER_ROOT;11652;21;11650;16;;;11672;19;11676;23;;;11662.0;0.0
yf_MKC_d5;38600;ASH_COATED_OSMIUM;9929;9;9927;23;;;9945;21;9949;27;;;9937.0;0.0
yf_MKC_d5;38600;INTARIAN_PEPPER_ROOT;11660;10;11656;18;;;11666;10;11670;20;;;11663.0;0.0
yf_MKC_d5;38700;ASH_COATED_OSMIUM;9932;11;9928;17;;;9943;21;9945;15;;;9937.5;0.0
yf_MKC_d5;38700;INTARIAN_PEPPER_ROOT;11661;13;11657;25;;;11667;14;11670;22;;;11664.0;0.0
yf_MKC_d5;38800;ASH_COATED_OSMIUM;9930;15;9928;16;;;9944;8;9946;20;;;9937.0;0.0
yf_MKC_d5;38800;INTARIAN_PEPPER_ROOT;11662;10;11660;15;;;11668;17;11670;24;;;11665.0;0.0
yf_MKC_d5;38900;ASH_COATED_OSMIUM;9934;21;9932;16;;;9940;22;9942;22;;;9937.0;0.0
yf_MKC_d5;38900;INTARIAN_PEPPER_ROOT;11664;15;11661;13;;;11670;12;11674;23;;;11667.0;0.0
yf_MKC_d5;39000;ASH_COATED_OSMIUM;9933;15;9931;24;;;9942;18;9944;16;;;9937.5;0.0
yf_MKC_d5;39000;INTARIAN_PEPPER_ROOT;11660;5;11657;17;;;11677;17;11679;13;;;11668.5;0.0
yf_MKC_d5;39100;ASH_COATED_OSMIUM;9935;11;9932;27;;;9941;7;9945;20;;;9938.0;0.0
yf_MKC_d5;39100;INTARIAN_PEPPER_ROOT;11661;13;11658;16;;;11679;9;11683;18;;;11670.0;0.0
yf_MKC_d5;39200;ASH_COATED_OSMIUM;9930;12;9926;15;;;9945;16;9949;21;;;9937.5;0.0
yf_MKC_d5;39200;INTARIAN_PEPPER_ROOT;11667;9;11663;23;;;11673;8;11677;10;;;11670.0;0.0
yf_MKC_d5;39300;ASH_COATED_OSMIUM;9930;11;9928;18;;;9946;11;9948;17;;;9938.0;0.0
yf_MKC_d5;39300;INTARIAN_PEPPER_ROOT;11667;13;11665;26;;;11678;18;11681;10;;;11672.5;0.0
yf_MKC_d5;39400;ASH_COATED_OSMIUM;9930;9;9927;14;;;9943;12;9947;20;;;9936.5;0.0
yf_MKC_d5;39400;INTARIAN_PEPPER_ROOT;11671;12;11667;26;;;11677;7;11679;25;;;11674.0;0.0
yf_MKC_d5;39500;ASH_COATED_OSMIUM;9933;8;9930;25;;;9942;11;9945;15;;;9937.5;0.0
yf_MKC_d5;39500;INTARIAN_PEPPER_ROOT;11672;22;11670;22;;;11678;22;11681;26;;;11675.0;0.0
yf_MKC_d5;39600;ASH_COATED_OSMIUM;9928;17;9924;21;;;9948;11;9951;26;;;9938.0;0.0
yf_MKC_d5;39600;INTARIAN_PEPPER_ROOT;11674;9;11670;20;;;11680;12;11682;10;;;11677.0;0.0
yf_MKC_d5;39700;ASH_COATED_OSMIUM;9935;20;9933;23;;;9941;11;9944;18;;;9938.0;0.0
yf_MKC_d5;39700;INTARIAN_PEPPER_ROOT;11675;5;11672;19;;;11681;19;11683;18;;;11678.0;0.0
yf_MKC_d5;39800;ASH_COATED_OSMIUM;9934;20;9931;24;;;9942;14;9946;14;;;9938.0;0.0
yf_MKC_d5;39800;INTARIAN_PEPPER_ROOT;11677;18;11673;16;;;11683;18;11687;15;;;11680.0;0.0
yf_MKC_d5;39900;ASH_COATED_OSMIUM;9923;18;9921;19;;;9952;16;9954;19;;;9937.5;0.0
yf_MKC_d5;39900;INTARIAN_PEPPER_ROOT;11675;24;11671;14;;;11686;18;11689;16;;;11680.5;0.0
yf_MKC_d5;40000;ASH_COATED_OSMIUM;9935;16;9931;18;;;9941;13;9944;15;;;9938.0;0.0
yf_MKC_d5;40000;INTARIAN_PEPPER_ROOT;11680;20;11676;23;;;11686;20;11689;30;;;11683.0;0.0
yf_MKC_d5;40100;ASH_COATED_OSMIUM;9935;22;9931;17;;;9941;8;9945;15;;;9938.0;0.0
yf_MKC_d5;40100;INTARIAN_PEPPER_ROOT;11650;16;11648;17;;;11718;18;11721;10;;;11684.0;0.0
yf_MKC_d5;40200;ASH_COATED_OSMIUM;9923;15;9921;20;;;9952;16;9956;18;;;9937.5;0.0
yf_MKC_d5;40200;INTARIAN_PEPPER_ROOT;11682;19;11680;23;;;11688;12;11690;22;;;11685.0;0.0
yf_MKC_d5;40300;ASH_COATED_OSMIUM;9935;11;9933;20;;;9941;7;9944;29;;;9938.0;0.0
yf_MKC_d5;40300;INTARIAN_PEPPER_ROOT;11684;16;11680;26;;;11690;9;11693;28;;;11687.0;0.0
yf_MKC_d5;40400;ASH_COATED_OSMIUM;9935;13;9933;22;;;9941;18;9944;25;;;9938.0;0.0
yf_MKC_d5;40400;INTARIAN_PEPPER_ROOT;11685;17;11682;22;;;11691;12;11695;14;;;11688.0;0.0
yf_MKC_d5;40500;ASH_COATED_OSMIUM;9935;19;9932;26;;;9941;15;9945;26;;;9938.0;0.0
yf_MKC_d5;40500;INTARIAN_PEPPER_ROOT;11686;12;11683;21;;;11692;19;11695;16;;;11689.0;0.0
yf_MKC_d5;40600;ASH_COATED_OSMIUM;9935;20;9931;22;;;9941;12;9944;19;;;9938.0;0.0
yf_MKC_d5;40600;INTARIAN_PEPPER_ROOT;11686;22;11683;16;;;11696;17;11700;17;;;11691.0;0.0
yf_MKC_d5;40700;ASH_COATED_OSMIUM;9935;5;9932;16;;;9942;11;9945;17;;;9938.5;0.0
yf_MKC_d5;40700;INTARIAN_PEPPER_ROOT;11689;16;11687;15;;;11695;11;11697;27;;;11692.0;0.0
yf_MKC_d5;40800;ASH_COATED_OSMIUM;9934;16;9930;11;;;9944;19;9946;26;;;9939.0;0.0
yf_MKC_d5;40800;INTARIAN_PEPPER_ROOT;11690;14;11688;12;;;11696;13;11700;24;;;11693.0;0.0
yf_MKC_d5;40900;ASH_COATED_OSMIUM;9935;12;9932;16;;;9942;9;9945;18;;;9938.5;0.0
yf_MKC_d5;40900;INTARIAN_PEPPER_ROOT;11693;17;11690;18;;;11699;12;11703;25;;;11696.0;0.0
yf_MKC_d5;41000;ASH_COATED_OSMIUM;9936;16;9933;17;;;9942;11;9944;17;;;9939.0;0.0
yf_MKC_d5;41000;INTARIAN_PEPPER_ROOT;11694;9;11691;20;;;11700;20;11702;20;;;11697.0;0.0
yf_MKC_d5;41100;ASH_COATED_OSMIUM;9935;8;9931;22;;;9943;12;9945;15;;;9939.0;0.0
yf_MKC_d5;41100;INTARIAN_PEPPER_ROOT;11695;7;11692;23;;;11701;15;11704;17;;;11698.0;0.0
yf_MKC_d5;41200;ASH_COATED_OSMIUM;9936;17;9932;11;;;9942;11;9945;15;;;9939.0;0.0
yf_MKC_d5;41200;INTARIAN_PEPPER_ROOT;11695;18;11691;24;;;11703;9;11707;18;;;11699.0;0.0
yf_MKC_d5;41300;ASH_COATED_OSMIUM;9935;11;9931;30;;;9944;16;9946;13;;;9939.5;0.0
yf_MKC_d5;41300;INTARIAN_PEPPER_ROOT;11680;19;11676;24;;;11721;14;11724;27;;;11700.5;0.0
yf_MKC_d5;41400;ASH_COATED_OSMIUM;9936;9;9934;20;;;9942;19;9944;11;;;9939.0;0.0
yf_MKC_d5;41400;INTARIAN_PEPPER_ROOT;11699;14;11697;19;;;11706;16;11710;10;;;11702.5;0.0
yf_MKC_d5;41500;ASH_COATED_OSMIUM;9936;12;9932;21;;;9942;9;9946;26;;;9939.0;0.0
yf_MKC_d5;41500;INTARIAN_PEPPER_ROOT;11693;22;11691;17;;;11715;21;11719;23;;;11704.0;0.0
yf_MKC_d5;41600;ASH_COATED_OSMIUM;9934;17;9931;24;;;9945;21;9947;23;;;9939.5;0.0
yf_MKC_d5;41600;INTARIAN_PEPPER_ROOT;11702;27;11699;22;;;11708;16;11710;25;;;11705.0;0.0
yf_MKC_d5;41700;ASH_COATED_OSMIUM;9937;16;9933;18;;;9943;16;9945;17;;;9940.0;0.0
yf_MKC_d5;41700;INTARIAN_PEPPER_ROOT;11701;15;11698;19;;;11710;17;11712;27;;;11705.5;0.0
yf_MKC_d5;41800;ASH_COATED_OSMIUM;9935;14;9931;9;;;9945;14;9947;26;;;9940.0;0.0
yf_MKC_d5;41800;INTARIAN_PEPPER_ROOT;11704;10;11701;20;;;11711;16;11715;8;;;11707.5;0.0
yf_MKC_d5;41900;ASH_COATED_OSMIUM;9937;17;9933;32;;;9943;16;9945;26;;;9940.0;0.0
yf_MKC_d5;41900;INTARIAN_PEPPER_ROOT;11705;16;11702;24;;;11715;12;11718;11;;;11710.0;0.0
yf_MKC_d5;42000;ASH_COATED_OSMIUM;9936;8;9934;20;;;9945;22;9949;27;;;9940.5;0.0
yf_MKC_d5;42000;INTARIAN_PEPPER_ROOT;11707;16;11704;18;;;11713;14;11716;22;;;11710.0;0.0
yf_MKC_d5;42100;ASH_COATED_OSMIUM;9937;10;9935;14;;;9943;5;9947;18;;;9940.0;0.0
yf_MKC_d5;42100;INTARIAN_PEPPER_ROOT;11709;19;11705;18;;;11715;11;11719;19;;;11712.0;0.0
yf_MKC_d5;42200;ASH_COATED_OSMIUM;9936;20;9934;22;;;9942;19;9946;18;;;9939.0;0.0
yf_MKC_d5;42200;INTARIAN_PEPPER_ROOT;11710;15;11706;23;;;11716;14;11719;8;;;11713.0;0.0
yf_MKC_d5;42300;ASH_COATED_OSMIUM;9937;11;9933;18;;;9943;13;9947;26;;;9940.0;0.0
yf_MKC_d5;42300;INTARIAN_PEPPER_ROOT;11704;20;11702;18;;;11725;17;11728;29;;;11714.5;0.0
yf_MKC_d5;42400;ASH_COATED_OSMIUM;9934;20;9932;19;;;9946;11;9949;8;;;9940.0;0.0
yf_MKC_d5;42400;INTARIAN_PEPPER_ROOT;11713;7;11709;20;;;11719;8;11721;23;;;11716.0;0.0
yf_MKC_d5;42500;ASH_COATED_OSMIUM;9934;9;9931;21;;;9946;11;9950;21;;;9940.0;0.0
yf_MKC_d5;42500;INTARIAN_PEPPER_ROOT;11715;16;11712;22;;;11721;16;11724;25;;;11718.0;0.0
yf_MKC_d5;42600;ASH_COATED_OSMIUM;9937;11;9933;15;;;9943;17;9945;19;;;9940.0;0.0
yf_MKC_d5;42600;INTARIAN_PEPPER_ROOT;11712;19;11709;23;;;11727;6;11730;28;;;11719.5;0.0
yf_MKC_d5;42700;ASH_COATED_OSMIUM;9937;19;9933;23;;;9945;14;9948;15;;;9941.0;0.0
yf_MKC_d5;42700;INTARIAN_PEPPER_ROOT;11717;14;11714;13;;;11723;11;11726;25;;;11720.0;0.0
yf_MKC_d5;42800;ASH_COATED_OSMIUM;9937;18;9934;19;;;9943;12;9945;18;;;9940.0;0.0
yf_MKC_d5;42800;INTARIAN_PEPPER_ROOT;11719;15;11715;23;;;11725;19;11728;23;;;11722.0;0.0
yf_MKC_d5;42900;ASH_COATED_OSMIUM;9928;8;9924;25;;;9954;24;9958;15;;;9941.0;0.0
yf_MKC_d5;42900;INTARIAN_PEPPER_ROOT;11717;18;11715;18;;;11731;13;11735;17;;;11724.0;0.0
yf_MKC_d5;43000;ASH_COATED_OSMIUM;9938;14;9934;19;;;9944;17;9948;19;;;9941.0;0.0
yf_MKC_d5;43000;INTARIAN_PEPPER_ROOT;11722;18;11718;14;;;11728;12;11731;15;;;11725.0;0.0
yf_MKC_d5;43100;ASH_COATED_OSMIUM;9928;20;9924;16;;;9953;13;9956;23;;;9940.5;0.0
yf_MKC_d5;43100;INTARIAN_PEPPER_ROOT;11723;7;11721;22;;;11729;12;11731;20;;;11726.0;0.0
yf_MKC_d5;43200;ASH_COATED_OSMIUM;9936;18;9934;15;;;9945;18;9947;19;;;9940.5;0.0
yf_MKC_d5;43200;INTARIAN_PEPPER_ROOT;11725;7;11721;29;;;11731;14;11735;22;;;11728.0;0.0
yf_MKC_d5;43300;ASH_COATED_OSMIUM;9937;14;9934;26;;;9944;28;9946;30;;;9940.5;0.0
yf_MKC_d5;43300;INTARIAN_PEPPER_ROOT;11726;18;11724;14;;;11732;10;11736;20;;;11729.0;0.0
yf_MKC_d5;43400;ASH_COATED_OSMIUM;9938;15;9934;15;;;9945;16;9948;26;;;9941.5;0.0
yf_MKC_d5;43400;INTARIAN_PEPPER_ROOT;11728;12;11726;15;;;11734;18;11736;28;;;11731.0;0.0
yf_MKC_d5;43500;ASH_COATED_OSMIUM;9927;17;9923;26;;;9954;17;9956;16;;;9940.5;0.0
yf_MKC_d5;43500;INTARIAN_PEPPER_ROOT;11717;16;11715;24;;;11747;11;11751;24;;;11732.0;0.0
yf_MKC_d5;43600;ASH_COATED_OSMIUM;9938;14;9934;8;;;9944;15;9947;14;;;9941.0;0.0
yf_MKC_d5;43600;INTARIAN_PEPPER_ROOT;11730;14;11728;15;;;11737;12;11741;22;;;11733.5;0.0
yf_MKC_d5;43700;ASH_COATED_OSMIUM;9938;8;9936;24;;;9944;20;9947;26;;;9941.0;0.0
yf_MKC_d5;43700;INTARIAN_PEPPER_ROOT;11724;18;11721;23;;;11745;13;11749;25;;;11734.5;0.0
yf_MKC_d5;43800;ASH_COATED_OSMIUM;9938;18;9934;19;;;9944;19;9946;25;;;9941.0;0.0
yf_MKC_d5;43800;INTARIAN_PEPPER_ROOT;11733;14;11730;20;;;11739;13;11742;17;;;11736.0;0.0
yf_MKC_d5;43900;ASH_COATED_OSMIUM;9934;10;9931;10;;;9949;9;9952;20;;;9941.5;0.0
yf_MKC_d5;43900;INTARIAN_PEPPER_ROOT;11734;17;11732;16;;;11740;13;11742;21;;;11737.0;0.0
yf_MKC_d5;44000;ASH_COATED_OSMIUM;9936;14;9934;17;;;9946;13;9949;13;;;9941.0;0.0
yf_MKC_d5;44000;INTARIAN_PEPPER_ROOT;11736;12;11733;24;;;11742;11;11744;31;;;11739.0;0.0
yf_MKC_d5;44100;ASH_COATED_OSMIUM;9939;20;9937;10;;;9945;5;9947;26;;;9942.0;0.0
yf_MKC_d5;44100;INTARIAN_PEPPER_ROOT;11733;6;11731;18;;;11747;11;11750;27;;;11740.0;0.0
yf_MKC_d5;44200;ASH_COATED_OSMIUM;9939;10;9937;21;;;9945;15;9947;26;;;9942.0;0.0
yf_MKC_d5;44200;INTARIAN_PEPPER_ROOT;11728;8;11725;21;;;11756;9;11758;18;;;11742.0;0.0
yf_MKC_d5;44300;ASH_COATED_OSMIUM;9939;12;9935;20;;;9945;18;9949;16;;;9942.0;0.0
yf_MKC_d5;44300;INTARIAN_PEPPER_ROOT;11740;17;11737;19;;;11746;7;11748;20;;;11743.0;0.0
yf_MKC_d5;44400;ASH_COATED_OSMIUM;9939;21;9936;17;;;9945;14;9948;18;;;9942.0;0.0
yf_MKC_d5;44400;INTARIAN_PEPPER_ROOT;11742;20;11740;17;;;11748;16;11751;23;;;11745.0;0.0
yf_MKC_d5;44500;ASH_COATED_OSMIUM;9935;11;9931;19;;;9950;6;9953;20;;;9942.5;0.0
yf_MKC_d5;44500;INTARIAN_PEPPER_ROOT;11743;16;11741;18;;;11749;19;11751;22;;;11746.0;0.0
yf_MKC_d5;44600;ASH_COATED_OSMIUM;9939;14;9936;15;;;9945;17;9947;20;;;9942.0;0.0
yf_MKC_d5;44600;INTARIAN_PEPPER_ROOT;11744;21;11742;21;;;11750;10;11754;21;;;11747.0;0.0
yf_MKC_d5;44700;ASH_COATED_OSMIUM;9939;5;9937;20;;;9945;21;9947;23;;;9942.0;0.0
yf_MKC_d5;44700;INTARIAN_PEPPER_ROOT;11746;10;11743;19;;;11752;25;11754;18;;;11749.0;0.0
yf_MKC_d5;44800;ASH_COATED_OSMIUM;9934;20;9930;14;;;9950;11;9954;32;;;9942.0;0.0
yf_MKC_d5;44800;INTARIAN_PEPPER_ROOT;11747;14;11743;18;;;11753;5;11755;8;;;11750.0;0.0
yf_MKC_d5;44900;ASH_COATED_OSMIUM;9940;22;9937;24;;;9946;19;9950;15;;;9943.0;0.0
yf_MKC_d5;44900;INTARIAN_PEPPER_ROOT;11749;18;11747;18;;;11755;13;11759;15;;;11752.0;0.0
yf_MKC_d5;45000;ASH_COATED_OSMIUM;9939;16;9937;25;;;9945;20;9948;12;;;9942.0;0.0
yf_MKC_d5;45000;INTARIAN_PEPPER_ROOT;11750;22;11747;9;;;11756;17;11758;12;;;11753.0;0.0
yf_MKC_d5;45100;ASH_COATED_OSMIUM;9939;9;9935;19;;;9945;15;9949;15;;;9942.0;0.0
yf_MKC_d5;45100;INTARIAN_PEPPER_ROOT;11751;14;11747;17;;;11757;8;11759;20;;;11754.0;0.0
yf_MKC_d5;45200;ASH_COATED_OSMIUM;9940;19;9938;20;;;9946;22;9949;8;;;9943.0;0.0
yf_MKC_d5;45200;INTARIAN_PEPPER_ROOT;11750;17;11748;29;;;11762;13;11764;18;;;11756.0;0.0
yf_MKC_d5;45300;ASH_COATED_OSMIUM;9940;19;9938;19;;;9946;16;9950;22;;;9943.0;0.0
yf_MKC_d5;45300;INTARIAN_PEPPER_ROOT;11754;12;11750;18;;;11760;16;11763;15;;;11757.0;0.0
yf_MKC_d5;45400;ASH_COATED_OSMIUM;9938;11;9934;17;;;9948;21;9951;16;;;9943.0;0.0
yf_MKC_d5;45400;INTARIAN_PEPPER_ROOT;11756;12;11754;32;;;11762;14;11766;26;;;11759.0;0.0
yf_MKC_d5;45500;ASH_COATED_OSMIUM;9940;12;9938;17;;;9946;14;9949;25;;;9943.0;0.0
yf_MKC_d5;45500;INTARIAN_PEPPER_ROOT;11758;23;11756;12;;;11764;12;11766;14;;;11761.0;0.0
yf_MKC_d5;45600;ASH_COATED_OSMIUM;9929;11;9925;18;;;9956;13;9960;9;;;9942.5;0.0
yf_MKC_d5;45600;INTARIAN_PEPPER_ROOT;11751;22;11747;19;;;11772;16;11774;18;;;11761.5;0.0
yf_MKC_d5;45700;ASH_COATED_OSMIUM;9939;13;9937;21;;;9947;13;9949;18;;;9943.0;0.0
yf_MKC_d5;45700;INTARIAN_PEPPER_ROOT;11761;19;11758;22;;;11767;6;11769;12;;;11764.0;0.0
yf_MKC_d5;45800;ASH_COATED_OSMIUM;9937;7;9933;24;;;9950;10;9954;28;;;9943.5;0.0
yf_MKC_d5;45800;INTARIAN_PEPPER_ROOT;11762;22;11758;21;;;11768;9;11771;27;;;11765.0;0.0
yf_MKC_d5;45900;ASH_COATED_OSMIUM;9936;12;9932;16;;;9951;17;9953;10;;;9943.5;0.0
yf_MKC_d5;45900;INTARIAN_PEPPER_ROOT;11763;20;11761;26;;;11769;6;11773;21;;;11766.0;0.0
yf_MKC_d5;46000;ASH_COATED_OSMIUM;9939;18;9935;21;;;9948;15;9952;19;;;9943.5;0.0
yf_MKC_d5;46000;INTARIAN_PEPPER_ROOT;11760;19;11756;9;;;11774;8;11778;21;;;11767.0;0.0
yf_MKC_d5;46100;ASH_COATED_OSMIUM;9940;13;9937;28;;;9946;23;9948;17;;;9943.0;0.0
yf_MKC_d5;46100;INTARIAN_PEPPER_ROOT;11764;20;11760;15;;;11772;17;11776;26;;;11768.0;0.0
yf_MKC_d5;46200;ASH_COATED_OSMIUM;9935;12;9932;22;;;9953;12;9955;24;;;9944.0;0.0
yf_MKC_d5;46200;INTARIAN_PEPPER_ROOT;11767;18;11765;25;;;11773;18;11777;18;;;11770.0;0.0
yf_MKC_d5;46300;ASH_COATED_OSMIUM;9940;22;9938;19;;;9946;11;9949;23;;;9943.0;0.0
yf_MKC_d5;46300;INTARIAN_PEPPER_ROOT;11760;22;11758;22;;;11782;16;11785;8;;;11771.0;0.0
yf_MKC_d5;46400;ASH_COATED_OSMIUM;9939;25;9937;26;;;9947;9;9949;23;;;9943.0;0.0
yf_MKC_d5;46400;INTARIAN_PEPPER_ROOT;11770;14;11767;16;;;11776;10;11780;25;;;11773.0;0.0
yf_MKC_d5;46500;ASH_COATED_OSMIUM;9941;14;9937;25;;;9947;16;9949;13;;;9944.0;0.0
yf_MKC_d5;46500;INTARIAN_PEPPER_ROOT;11758;10;11756;13;;;11790;20;11793;21;;;11774.0;0.0
yf_MKC_d5;46600;ASH_COATED_OSMIUM;9941;23;9938;18;;;9947;11;9949;20;;;9944.0;0.0
yf_MKC_d5;46600;INTARIAN_PEPPER_ROOT;11773;11;11770;17;;;11779;7;11781;20;;;11776.0;0.0
yf_MKC_d5;46700;ASH_COATED_OSMIUM;9941;17;9937;24;;;9947;18;9949;22;;;9944.0;0.0
yf_MKC_d5;46700;INTARIAN_PEPPER_ROOT;11765;13;11762;21;;;11789;11;11791;13;;;11777.0;0.0
yf_MKC_d5;46800;ASH_COATED_OSMIUM;9941;16;9938;20;;;9947;11;9949;18;;;9944.0;0.0
yf_MKC_d5;46800;INTARIAN_PEPPER_ROOT;11773;19;11771;17;;;11785;16;11787;14;;;11779.0;0.0
yf_MKC_d5;46900;ASH_COATED_OSMIUM;9941;20;9937;26;;;9947;16;9950;20;;;9944.0;0.0
yf_MKC_d5;46900;INTARIAN_PEPPER_ROOT;11777;17;11774;21;;;11783;11;11785;19;;;11780.0;0.0
yf_MKC_d5;47000;ASH_COATED_OSMIUM;9935;10;9931;8;;;9953;13;9957;20;;;9944.0;0.0
yf_MKC_d5;47000;INTARIAN_PEPPER_ROOT;11778;18;11774;17;;;11784;18;11786;16;;;11781.0;0.0
yf_MKC_d5;47100;ASH_COATED_OSMIUM;9940;17;9937;25;;;9949;15;9953;27;;;9944.5;0.0
yf_MKC_d5;47100;INTARIAN_PEPPER_ROOT;11769;14;11765;26;;;11795;18;11797;28;;;11782.0;0.0
yf_MKC_d5;47200;ASH_COATED_OSMIUM;9941;10;9938;31;;;9948;14;9950;23;;;9944.5;0.0
yf_MKC_d5;47200;INTARIAN_PEPPER_ROOT;11775;8;11773;23;;;11793;14;11797;23;;;11784.0;0.0
yf_MKC_d5;47300;ASH_COATED_OSMIUM;9941;9;9937;21;;;9949;10;9953;33;;;9945.0;0.0
yf_MKC_d5;47300;INTARIAN_PEPPER_ROOT;11775;14;11773;10;;;11796;16;11800;33;;;11785.5;0.0
yf_MKC_d5;47400;ASH_COATED_OSMIUM;9941;16;9937;31;;;9947;17;9951;17;;;9944.0;0.0
yf_MKC_d5;47400;INTARIAN_PEPPER_ROOT;11783;18;11781;25;;;11789;9;11791;23;;;11786.0;0.0
yf_MKC_d5;47500;ASH_COATED_OSMIUM;9942;13;9939;16;;;9948;19;9950;13;;;9945.0;0.0
yf_MKC_d5;47500;INTARIAN_PEPPER_ROOT;11785;5;11783;25;;;11791;18;11793;19;;;11788.0;0.0
yf_MKC_d5;47600;ASH_COATED_OSMIUM;9942;19;9939;23;;;9948;24;9952;23;;;9945.0;0.0
yf_MKC_d5;47600;INTARIAN_PEPPER_ROOT;11786;9;11784;18;;;11793;23;11796;24;;;11789.5;0.0
yf_MKC_d5;47700;ASH_COATED_OSMIUM;9942;13;9938;25;;;9948;16;9952;16;;;9945.0;0.0
yf_MKC_d5;47700;INTARIAN_PEPPER_ROOT;11775;17;11772;27;;;11806;27;11810;32;;;11790.5;0.0
yf_MKC_d5;47800;ASH_COATED_OSMIUM;9933;18;9929;20;;;9958;9;9960;22;;;9945.5;0.0
yf_MKC_d5;47800;INTARIAN_PEPPER_ROOT;11790;9;11787;20;;;11796;18;11799;14;;;11793.0;0.0
yf_MKC_d5;47900;ASH_COATED_OSMIUM;9942;11;9939;23;;;9948;16;9952;15;;;9945.0;0.0
yf_MKC_d5;47900;INTARIAN_PEPPER_ROOT;11791;15;11789;25;;;11798;12;11802;21;;;11794.5;0.0
yf_MKC_d5;48000;ASH_COATED_OSMIUM;9942;8;9939;18;;;9948;19;9952;22;;;9945.0;0.0
yf_MKC_d5;48000;INTARIAN_PEPPER_ROOT;11792;15;11788;25;;;11798;8;11800;12;;;11795.0;0.0
yf_MKC_d5;48100;ASH_COATED_OSMIUM;9942;8;9940;25;;;9948;10;9950;20;;;9945.0;0.0
yf_MKC_d5;48100;INTARIAN_PEPPER_ROOT;11789;13;11787;21;;;11804;11;11807;15;;;11796.5;0.0
yf_MKC_d5;48200;ASH_COATED_OSMIUM;9942;23;9940;20;;;9948;13;9950;11;;;9945.0;0.0
yf_MKC_d5;48200;INTARIAN_PEPPER_ROOT;11788;8;11785;18;;;11808;16;11812;24;;;11798.0;0.0
yf_MKC_d5;48300;ASH_COATED_OSMIUM;9943;20;9939;25;;;9949;21;9951;17;;;9946.0;0.0
yf_MKC_d5;48300;INTARIAN_PEPPER_ROOT;11797;14;11795;21;;;11803;18;11807;25;;;11800.0;0.0
yf_MKC_d5;48400;ASH_COATED_OSMIUM;9942;19;9940;15;;;9948;9;9952;24;;;9945.0;0.0
yf_MKC_d5;48400;INTARIAN_PEPPER_ROOT;11798;11;11796;30;;;11804;12;11806;20;;;11801.0;0.0
yf_MKC_d5;48500;ASH_COATED_OSMIUM;9941;16;9938;22;;;9948;13;9952;25;;;9944.5;0.0
yf_MKC_d5;48500;INTARIAN_PEPPER_ROOT;11800;17;11797;8;;;11806;14;11809;18;;;11803.0;0.0
yf_MKC_d5;48600;ASH_COATED_OSMIUM;9942;29;9939;15;;;9948;14;9951;23;;;9945.0;0.0
yf_MKC_d5;48600;INTARIAN_PEPPER_ROOT;11801;18;11799;20;;;11807;17;11810;15;;;11804.0;0.0
yf_MKC_d5;48700;ASH_COATED_OSMIUM;9943;18;9940;21;;;9949;19;9951;8;;;9946.0;0.0
yf_MKC_d5;48700;INTARIAN_PEPPER_ROOT;11796;24;11793;12;;;11815;8;11817;14;;;11805.5;0.0
yf_MKC_d5;48800;ASH_COATED_OSMIUM;9943;19;9941;25;;;9949;10;9952;22;;;9946.0;0.0
yf_MKC_d5;48800;INTARIAN_PEPPER_ROOT;11804;20;11800;16;;;11810;14;11814;23;;;11807.0;0.0
yf_MKC_d5;48900;ASH_COATED_OSMIUM;9943;9;9941;21;;;9949;7;9952;18;;;9946.0;0.0
yf_MKC_d5;48900;INTARIAN_PEPPER_ROOT;11805;13;11801;18;;;11811;7;11815;18;;;11808.0;0.0
yf_MKC_d5;49000;ASH_COATED_OSMIUM;9941;15;9938;18;;;9951;5;9953;18;;;9946.0;0.0
yf_MKC_d5;49000;INTARIAN_PEPPER_ROOT;11806;17;11802;18;;;11812;17;11814;18;;;11809.0;0.0
yf_MKC_d5;49100;ASH_COATED_OSMIUM;9943;15;9940;16;;;9949;17;9952;17;;;9946.0;0.0
yf_MKC_d5;49100;INTARIAN_PEPPER_ROOT;11808;17;11805;14;;;11814;21;11818;13;;;11811.0;0.0
yf_MKC_d5;49200;ASH_COATED_OSMIUM;9943;16;9940;23;;;9949;12;9951;22;;;9946.0;0.0
yf_MKC_d5;49200;INTARIAN_PEPPER_ROOT;11810;18;11808;17;;;11816;11;11818;25;;;11813.0;0.0
yf_MKC_d5;49300;ASH_COATED_OSMIUM;9943;12;9941;17;;;9949;12;9953;27;;;9946.0;0.0
yf_MKC_d5;49300;INTARIAN_PEPPER_ROOT;11811;14;11807;10;;;11817;15;11819;15;;;11814.0;0.0
yf_MKC_d5;49400;ASH_COATED_OSMIUM;9943;13;9941;25;;;9949;14;9951;19;;;9946.0;0.0
yf_MKC_d5;49400;INTARIAN_PEPPER_ROOT;11809;17;11807;19;;;11819;29;11823;20;;;11814.0;0.0
yf_MKC_d5;49500;ASH_COATED_OSMIUM;9943;19;9941;15;;;9949;9;9951;21;;;9946.0;0.0
yf_MKC_d5;49500;INTARIAN_PEPPER_ROOT;11811;8;11807;26;;;11821;19;11825;23;;;11816.0;0.0
yf_MKC_d5;49600;ASH_COATED_OSMIUM;9935;15;9933;11;;;9958;18;9960;26;;;9946.5;0.0
yf_MKC_d5;49600;INTARIAN_PEPPER_ROOT;11815;20;11812;15;;;11821;21;11823;15;;;11818.0;0.0
yf_MKC_d5;49700;ASH_COATED_OSMIUM;9943;19;9941;25;;;9949;13;9953;18;;;9946.0;0.0
yf_MKC_d5;49700;INTARIAN_PEPPER_ROOT;11814;7;11810;26;;;11824;21;11828;26;;;11819.0;0.0
yf_MKC_d5;49800;ASH_COATED_OSMIUM;9941;11;9939;18;;;9954;16;9956;16;;;9947.5;0.0
yf_MKC_d5;49800;INTARIAN_PEPPER_ROOT;11813;25;11809;21;;;11830;14;11834;35;;;11821.5;0.0
yf_MKC_d5;49900;ASH_COATED_OSMIUM;9943;19;9940;19;;;9949;25;9952;15;;;9946.0;0.0
yf_MKC_d5;49900;INTARIAN_PEPPER_ROOT;11818;7;11814;16;;;11825;8;11828;19;;;11821.5;0.0
yf_MKC_d5;50000;ASH_COATED_OSMIUM;9943;10;9940;18;;;9949;15;9953;25;;;9946.0;0.0
yf_MKC_d5;50000;INTARIAN_PEPPER_ROOT;11821;8;11817;14;;;11827;6;11829;16;;;11824.0;0.0
yf_MKC_d5;50100;ASH_COATED_OSMIUM;9943;16;9939;22;;;9949;12;9952;16;;;9946.0;0.0
yf_MKC_d5;50100;INTARIAN_PEPPER_ROOT;11819;18;11817;23;;;11831;20;11834;21;;;11825.0;0.0
yf_MKC_d5;50200;ASH_COATED_OSMIUM;9944;21;9942;20;;;9950;17;9952;22;;;9947.0;0.0
yf_MKC_d5;50200;INTARIAN_PEPPER_ROOT;11823;19;11821;13;;;11829;14;11831;19;;;11826.0;0.0
yf_MKC_d5;50300;ASH_COATED_OSMIUM;9943;16;9939;32;;;9950;10;9954;8;;;9946.5;0.0
yf_MKC_d5;50300;INTARIAN_PEPPER_ROOT;11819;5;11816;20;;;11837;16;11839;20;;;11828.0;0.0
yf_MKC_d5;50400;ASH_COATED_OSMIUM;9941;13;9937;25;;;9953;10;9955;27;;;9947.0;0.0
yf_MKC_d5;50400;INTARIAN_PEPPER_ROOT;11826;16;11824;13;;;11833;17;11835;26;;;11829.5;0.0
yf_MKC_d5;50500;ASH_COATED_OSMIUM;9944;18;9942;24;;;9950;14;9954;20;;;9947.0;0.0
yf_MKC_d5;50500;INTARIAN_PEPPER_ROOT;11828;14;11824;20;;;11834;11;11836;25;;;11831.0;0.0
yf_MKC_d5;50600;ASH_COATED_OSMIUM;9944;20;9942;20;;;9950;15;9954;15;;;9947.0;0.0
yf_MKC_d5;50600;INTARIAN_PEPPER_ROOT;11827;15;11825;19;;;11836;6;11838;24;;;11831.5;0.0
yf_MKC_d5;50700;ASH_COATED_OSMIUM;9944;14;9941;20;;;9950;9;9952;21;;;9947.0;0.0
yf_MKC_d5;50700;INTARIAN_PEPPER_ROOT;11830;21;11826;27;;;11836;8;11839;12;;;11833.0;0.0
yf_MKC_d5;50800;ASH_COATED_OSMIUM;9945;17;9941;24;;;9951;16;9954;25;;;9948.0;0.0
yf_MKC_d5;50800;INTARIAN_PEPPER_ROOT;11831;9;11828;26;;;11840;13;11843;12;;;11835.5;0.0
yf_MKC_d5;50900;ASH_COATED_OSMIUM;9941;22;9937;25;;;9953;11;9956;17;;;9947.0;0.0
yf_MKC_d5;50900;INTARIAN_PEPPER_ROOT;11832;14;11828;20;;;11838;20;11841;15;;;11835.0;0.0
yf_MKC_d5;51000;ASH_COATED_OSMIUM;9945;19;9942;19;;;9951;10;9955;19;;;9948.0;0.0
yf_MKC_d5;51000;INTARIAN_PEPPER_ROOT;11831;17;11829;23;;;11837;23;11841;28;;;11834.0;0.0
yf_MKC_d5;51100;ASH_COATED_OSMIUM;9940;14;9937;14;;;9954;11;9956;22;;;9947.0;0.0
yf_MKC_d5;51100;INTARIAN_PEPPER_ROOT;11831;11;11828;25;;;11837;17;11841;20;;;11834.0;0.0
yf_MKC_d5;51200;ASH_COATED_OSMIUM;9944;11;9942;18;;;9951;13;9954;20;;;9947.5;0.0
yf_MKC_d5;51200;INTARIAN_PEPPER_ROOT;11830;15;11826;14;;;11836;19;11840;21;;;11833.0;0.0
yf_MKC_d5;51300;ASH_COATED_OSMIUM;9945;12;9941;22;;;9951;16;9955;14;;;9948.0;0.0
yf_MKC_d5;51300;INTARIAN_PEPPER_ROOT;11829;15;11826;21;;;11835;17;11837;17;;;11832.0;0.0
yf_MKC_d5;51400;ASH_COATED_OSMIUM;9945;21;9941;23;;;9951;20;9954;9;;;9948.0;0.0
yf_MKC_d5;51400;INTARIAN_PEPPER_ROOT;11829;22;11826;23;;;11835;17;11839;23;;;11832.0;0.0
yf_MKC_d5;51500;ASH_COATED_OSMIUM;9944;11;9940;16;;;9952;18;9955;23;;;9948.0;0.0
yf_MKC_d5;51500;INTARIAN_PEPPER_ROOT;11821;15;11819;20;;;11841;19;11844;26;;;11831.0;0.0
yf_MKC_d5;51600;ASH_COATED_OSMIUM;9944;12;9940;17;;;9952;12;9954;12;;;9948.0;0.0
yf_MKC_d5;51600;INTARIAN_PEPPER_ROOT;11828;17;11824;24;;;11834;13;11837;17;;;11831.0;0.0
yf_MKC_d5;51700;ASH_COATED_OSMIUM;9937;7;9934;17;;;9960;18;9964;20;;;9948.5;0.0
yf_MKC_d5;51700;INTARIAN_PEPPER_ROOT;11827;14;11824;11;;;11833;14;11835;19;;;11830.0;0.0
yf_MKC_d5;51800;ASH_COATED_OSMIUM;9945;13;9942;9;;;9953;13;9956;12;;;9949.0;0.0
yf_MKC_d5;51800;INTARIAN_PEPPER_ROOT;11812;18;11808;23;;;11847;17;11849;11;;;11829.5;0.0
yf_MKC_d5;51900;ASH_COATED_OSMIUM;9945;17;9943;20;;;9951;19;9953;24;;;9948.0;0.0
yf_MKC_d5;51900;INTARIAN_PEPPER_ROOT;11826;16;11824;17;;;11832;11;11834;10;;;11829.0;0.0
yf_MKC_d5;52000;ASH_COATED_OSMIUM;9938;5;9936;21;;;9961;13;9963;19;;;9949.5;0.0
yf_MKC_d5;52000;INTARIAN_PEPPER_ROOT;11825;15;11823;21;;;11831;17;11835;19;;;11828.0;0.0
yf_MKC_d5;52100;ASH_COATED_OSMIUM;9946;18;9943;23;;;9952;13;9955;18;;;9949.0;0.0
yf_MKC_d5;52100;INTARIAN_PEPPER_ROOT;11824;20;11820;16;;;11830;16;11833;12;;;11827.0;0.0
yf_MKC_d5;52200;ASH_COATED_OSMIUM;9946;15;9942;19;;;9952;21;9956;8;;;9949.0;0.0
yf_MKC_d5;52200;INTARIAN_PEPPER_ROOT;11824;14;11822;20;;;11830;10;11834;21;;;11827.0;0.0
yf_MKC_d5;52300;ASH_COATED_OSMIUM;9946;24;9944;16;;;9953;5;9955;17;;;9949.5;0.0
yf_MKC_d5;52300;INTARIAN_PEPPER_ROOT;11823;20;11821;21;;;11829;5;11831;17;;;11826.0;0.0
yf_MKC_d5;52400;ASH_COATED_OSMIUM;9947;9;9943;19;;;9953;12;9957;17;;;9950.0;0.0
yf_MKC_d5;52400;INTARIAN_PEPPER_ROOT;11818;15;11816;25;;;11833;13;11837;29;;;11825.5;0.0
yf_MKC_d5;52500;ASH_COATED_OSMIUM;9946;12;9942;20;;;9952;12;9954;16;;;9949.0;0.0
yf_MKC_d5;52500;INTARIAN_PEPPER_ROOT;11822;18;11820;21;;;11828;12;11831;15;;;11825.0;0.0
yf_MKC_d5;52600;ASH_COATED_OSMIUM;9946;15;9942;20;;;9952;16;9956;16;;;9949.0;0.0
yf_MKC_d5;52600;INTARIAN_PEPPER_ROOT;11819;18;11817;15;;;11830;12;11832;21;;;11824.5;0.0
yf_MKC_d5;52700;ASH_COATED_OSMIUM;9947;15;9943;18;;;9953;20;9956;14;;;9950.0;0.0
yf_MKC_d5;52700;INTARIAN_PEPPER_ROOT;11820;15;11818;25;;;11826;10;11828;17;;;11823.0;0.0
yf_MKC_d5;52800;ASH_COATED_OSMIUM;9944;8;9940;16;;;9956;23;9960;16;;;9950.0;0.0
yf_MKC_d5;52800;INTARIAN_PEPPER_ROOT;11815;10;11811;19;;;11830;16;11834;20;;;11822.5;0.0
yf_MKC_d5;52900;ASH_COATED_OSMIUM;9929;11;9927;18;;;9970;11;9972;15;;;9949.5;0.0
yf_MKC_d5;52900;INTARIAN_PEPPER_ROOT;11820;10;11818;27;;;11826;12;11830;27;;;11823.0;0.0
yf_MKC_d5;53000;ASH_COATED_OSMIUM;9947;17;9943;23;;;9953;21;9956;22;;;9950.0;0.0
yf_MKC_d5;53000;INTARIAN_PEPPER_ROOT;11812;15;11810;33;;;11833;17;11835;20;;;11822.5;0.0
yf_MKC_d5;53100;ASH_COATED_OSMIUM;9947;7;9945;25;;;9953;23;9957;22;;;9950.0;0.0
yf_MKC_d5;53100;INTARIAN_PEPPER_ROOT;11818;15;11814;22;;;11824;18;11827;16;;;11821.0;0.0
yf_MKC_d5;53200;ASH_COATED_OSMIUM;9948;16;9946;28;;;9954;11;9956;18;;;9951.0;0.0
yf_MKC_d5;53200;INTARIAN_PEPPER_ROOT;11818;11;11814;14;;;11824;18;11826;16;;;11821.0;0.0
yf_MKC_d5;53300;ASH_COATED_OSMIUM;9947;11;9944;11;;;9953;18;9957;20;;;9950.0;0.0
yf_MKC_d5;53300;INTARIAN_PEPPER_ROOT;11817;10;11815;18;;;11823;6;11827;20;;;11820.0;0.0
yf_MKC_d5;53400;ASH_COATED_OSMIUM;9948;21;9944;18;;;9954;24;9956;31;;;9951.0;0.0
yf_MKC_d5;53400;INTARIAN_PEPPER_ROOT;11815;13;11811;13;;;11821;13;11825;10;;;11818.0;0.0
yf_MKC_d5;53500;ASH_COATED_OSMIUM;9930;16;9927;13;;;9972;12;9975;20;;;9951.0;0.0
yf_MKC_d5;53500;INTARIAN_PEPPER_ROOT;11816;18;11813;30;;;11822;16;11826;24;;;11819.0;0.0
yf_MKC_d5;53600;ASH_COATED_OSMIUM;9948;17;9946;29;;;9954;15;9958;22;;;9951.0;0.0
yf_MKC_d5;53600;INTARIAN_PEPPER_ROOT;11815;8;11811;30;;;11821;10;11823;17;;;11818.0;0.0
yf_MKC_d5;53700;ASH_COATED_OSMIUM;9948;11;9946;15;;;9955;11;9957;23;;;9951.5;0.0
yf_MKC_d5;53700;INTARIAN_PEPPER_ROOT;11811;11;11808;16;;;11823;18;11826;26;;;11817.0;0.0
yf_MKC_d5;53800;ASH_COATED_OSMIUM;9943;17;9939;23;;;9959;10;9962;19;;;9951.0;0.0
yf_MKC_d5;53800;INTARIAN_PEPPER_ROOT;11814;15;11810;15;;;11820;14;11824;22;;;11817.0;0.0
yf_MKC_d5;53900;ASH_COATED_OSMIUM;9939;15;9936;23;;;9964;7;9967;18;;;9951.5;0.0
yf_MKC_d5;53900;INTARIAN_PEPPER_ROOT;11813;13;11810;23;;;11819;14;11821;23;;;11816.0;0.0
yf_MKC_d5;54000;ASH_COATED_OSMIUM;9948;16;9946;11;;;9955;12;9958;20;;;9951.5;0.0
yf_MKC_d5;54000;INTARIAN_PEPPER_ROOT;11812;9;11808;21;;;11818;12;11822;22;;;11815.0;0.0
yf_MKC_d5;54100;ASH_COATED_OSMIUM;9949;11;9945;13;;;9955;16;9959;12;;;9952.0;0.0
yf_MKC_d5;54100;INTARIAN_PEPPER_ROOT;11811;7;11808;16;;;11817;18;11819;14;;;11814.0;0.0
yf_MKC_d5;54200;ASH_COATED_OSMIUM;9948;23;9946;23;;;9956;19;9959;28;;;9952.0;0.0
yf_MKC_d5;54200;INTARIAN_PEPPER_ROOT;11804;20;11801;25;;;11824;10;11827;27;;;11814.0;0.0
yf_MKC_d5;54300;ASH_COATED_OSMIUM;9949;13;9946;23;;;9955;21;9958;21;;;9952.0;0.0
yf_MKC_d5;54300;INTARIAN_PEPPER_ROOT;11808;15;11805;22;;;11818;14;11820;20;;;11813.0;0.0
yf_MKC_d5;54400;ASH_COATED_OSMIUM;9948;8;9944;19;;;9956;14;9958;17;;;9952.0;0.0
yf_MKC_d5;54400;INTARIAN_PEPPER_ROOT;11810;5;11806;27;;;11816;15;11819;17;;;11813.0;0.0
yf_MKC_d5;54500;ASH_COATED_OSMIUM;9949;7;9945;11;;;9955;16;9959;27;;;9952.0;0.0
yf_MKC_d5;54500;INTARIAN_PEPPER_ROOT;11810;22;11808;20;;;11816;15;11820;15;;;11813.0;0.0
yf_MKC_d5;54600;ASH_COATED_OSMIUM;9950;17;9948;26;;;9956;16;9960;14;;;9953.0;0.0
yf_MKC_d5;54600;INTARIAN_PEPPER_ROOT;11797;17;11793;22;;;11827;10;11831;20;;;11812.0;0.0
yf_MKC_d5;54700;ASH_COATED_OSMIUM;9950;23;9947;24;;;9956;19;9960;15;;;9953.0;0.0
yf_MKC_d5;54700;INTARIAN_PEPPER_ROOT;11808;15;11804;20;;;11814;16;11817;16;;;11811.0;0.0
yf_MKC_d5;54800;ASH_COATED_OSMIUM;9950;25;9948;19;;;9956;11;9959;13;;;9953.0;0.0
yf_MKC_d5;54800;INTARIAN_PEPPER_ROOT;11807;8;11804;16;;;11813;21;11816;21;;;11810.0;0.0
yf_MKC_d5;54900;ASH_COATED_OSMIUM;9950;11;9948;23;;;9956;20;9958;17;;;9953.0;0.0
yf_MKC_d5;54900;INTARIAN_PEPPER_ROOT;11806;11;11804;15;;;11812;18;11814;20;;;11809.0;0.0
yf_MKC_d5;55000;ASH_COATED_OSMIUM;9943;5;9939;21;;;9964;21;9967;19;;;9953.5;0.0
yf_MKC_d5;55000;INTARIAN_PEPPER_ROOT;11802;16;11800;31;;;11817;10;11821;11;;;11809.5;0.0
yf_MKC_d5;55100;ASH_COATED_OSMIUM;9950;18;9948;16;;;9956;12;9960;14;;;9953.0;0.0
yf_MKC_d5;55100;INTARIAN_PEPPER_ROOT;11805;11;11803;15;;;11811;18;11815;16;;;11808.0;0.0
yf_MKC_d5;55200;ASH_COATED_OSMIUM;9950;9;9947;18;;;9956;7;9960;21;;;9953.0;0.0
yf_MKC_d5;55200;INTARIAN_PEPPER_ROOT;11805;12;11801;22;;;11811;16;11814;17;;;11808.0;0.0
yf_MKC_d5;55300;ASH_COATED_OSMIUM;9950;15;9946;25;;;9956;18;9959;28;;;9953.0;0.0
yf_MKC_d5;55300;INTARIAN_PEPPER_ROOT;11805;10;11803;11;;;11811;17;11813;13;;;11808.0;0.0
yf_MKC_d5;55400;ASH_COATED_OSMIUM;9950;8;9946;15;;;9956;19;9958;17;;;9953.0;0.0
yf_MKC_d5;55400;INTARIAN_PEPPER_ROOT;11804;5;11801;31;;;11810;15;11812;18;;;11807.0;0.0
yf_MKC_d5;55500;ASH_COATED_OSMIUM;9945;21;9941;16;;;9962;10;9966;24;;;9953.5;0.0
yf_MKC_d5;55500;INTARIAN_PEPPER_ROOT;11804;19;11801;13;;;11810;21;11814;17;;;11807.0;0.0
yf_MKC_d5;55600;ASH_COATED_OSMIUM;9950;17;9946;11;;;9957;11;9959;20;;;9953.5;0.0
yf_MKC_d5;55600;INTARIAN_PEPPER_ROOT;11802;20;11799;22;;;11808;5;11811;18;;;11805.0;0.0
yf_MKC_d5;55700;ASH_COATED_OSMIUM;9951;17;9947;21;;;9957;14;9960;18;;;9954.0;0.0
yf_MKC_d5;55700;INTARIAN_PEPPER_ROOT;11800;20;11797;20;;;11809;10;11813;10;;;11804.5;0.0
yf_MKC_d5;55800;ASH_COATED_OSMIUM;9951;11;9947;23;;;9958;9;9960;22;;;9954.5;0.0
yf_MKC_d5;55800;INTARIAN_PEPPER_ROOT;11801;16;11798;22;;;11807;16;11811;21;;;11804.0;0.0
yf_MKC_d5;55900;ASH_COATED_OSMIUM;9948;10;9946;14;;;9960;14;9964;17;;;9954.0;0.0
yf_MKC_d5;55900;INTARIAN_PEPPER_ROOT;11800;10;11797;22;;;11806;14;11810;19;;;11803.0;0.0
yf_MKC_d5;56000;ASH_COATED_OSMIUM;9951;18;9949;18;;;9957;19;9959;13;;;9954.0;0.0
yf_MKC_d5;56000;INTARIAN_PEPPER_ROOT;11800;14;11797;18;;;11806;18;11810;20;;;11803.0;0.0
yf_MKC_d5;56100;ASH_COATED_OSMIUM;9941;8;9937;21;;;9967;15;9971;8;;;9954.0;0.0
yf_MKC_d5;56100;INTARIAN_PEPPER_ROOT;11799;15;11796;19;;;11805;9;11808;9;;;11802.0;0.0
yf_MKC_d5;56200;ASH_COATED_OSMIUM;9951;19;9949;19;;;9957;5;9961;21;;;9954.0;0.0
yf_MKC_d5;56200;INTARIAN_PEPPER_ROOT;11798;7;11795;18;;;11804;10;11807;20;;;11801.0;0.0
yf_MKC_d5;56300;ASH_COATED_OSMIUM;9952;21;9950;17;;;9958;6;9960;24;;;9955.0;0.0
yf_MKC_d5;56300;INTARIAN_PEPPER_ROOT;11797;19;11795;19;;;11803;11;11805;26;;;11800.0;0.0
yf_MKC_d5;56400;ASH_COATED_OSMIUM;9952;6;9950;17;;;9958;17;9960;23;;;9955.0;0.0
yf_MKC_d5;56400;INTARIAN_PEPPER_ROOT;11797;9;11793;25;;;11803;16;11807;17;;;11800.0;0.0
yf_MKC_d5;56500;ASH_COATED_OSMIUM;9949;16;9946;8;;;9959;18;9961;26;;;9954.0;0.0
yf_MKC_d5;56500;INTARIAN_PEPPER_ROOT;11792;16;11790;25;;;11808;11;11812;19;;;11800.0;0.0
yf_MKC_d5;56600;ASH_COATED_OSMIUM;9951;13;9947;27;;;9958;16;9960;19;;;9954.5;0.0
yf_MKC_d5;56600;INTARIAN_PEPPER_ROOT;11797;5;11795;22;;;11803;14;11807;23;;;11800.0;0.0
yf_MKC_d5;56700;ASH_COATED_OSMIUM;9952;17;9950;15;;;9958;13;9960;24;;;9955.0;0.0
yf_MKC_d5;56700;INTARIAN_PEPPER_ROOT;11796;5;11793;25;;;11802;20;11806;24;;;11799.0;0.0
yf_MKC_d5;56800;ASH_COATED_OSMIUM;9953;16;9951;22;;;9959;14;9963;29;;;9956.0;0.0
yf_MKC_d5;56800;INTARIAN_PEPPER_ROOT;11791;15;11787;22;;;11805;10;11809;28;;;11798.0;0.0
yf_MKC_d5;56900;ASH_COATED_OSMIUM;9952;18;9948;24;;;9958;12;9961;23;;;9955.0;0.0
yf_MKC_d5;56900;INTARIAN_PEPPER_ROOT;11794;7;11791;26;;;11800;27;11802;19;;;11797.0;0.0
yf_MKC_d5;57000;ASH_COATED_OSMIUM;9953;24;9949;26;;;9959;14;9962;19;;;9956.0;0.0
yf_MKC_d5;57000;INTARIAN_PEPPER_ROOT;11790;15;11788;20;;;11802;15;11806;23;;;11796.0;0.0
yf_MKC_d5;57100;ASH_COATED_OSMIUM;9952;6;9950;17;;;9958;22;9962;21;;;9955.0;0.0
yf_MKC_d5;57100;INTARIAN_PEPPER_ROOT;11788;17;11784;15;;;11804;15;11808;19;;;11796.0;0.0
yf_MKC_d5;57200;ASH_COATED_OSMIUM;9953;13;9950;17;;;9959;9;9963;19;;;9956.0;0.0
yf_MKC_d5;57200;INTARIAN_PEPPER_ROOT;11793;20;11791;23;;;11799;20;11802;26;;;11796.0;0.0
yf_MKC_d5;57300;ASH_COATED_OSMIUM;9952;13;9948;24;;;9958;9;9960;22;;;9955.0;0.0
yf_MKC_d5;57300;INTARIAN_PEPPER_ROOT;11791;24;11788;15;;;11797;15;11800;26;;;11794.0;0.0
yf_MKC_d5;57400;ASH_COATED_OSMIUM;9953;20;9949;25;;;9960;7;9964;8;;;9956.5;0.0
yf_MKC_d5;57400;INTARIAN_PEPPER_ROOT;11785;21;11783;16;;;11802;7;11805;31;;;11793.5;0.0
yf_MKC_d5;57500;ASH_COATED_OSMIUM;9953;12;9950;23;;;9959;10;9963;21;;;9956.0;0.0
yf_MKC_d5;57500;INTARIAN_PEPPER_ROOT;11787;12;11783;20;;;11800;23;11803;20;;;11793.5;0.0
yf_MKC_d5;57600;ASH_COATED_OSMIUM;9954;12;9952;17;;;9960;16;9962;26;;;9957.0;0.0
yf_MKC_d5;57600;INTARIAN_PEPPER_ROOT;11789;15;11787;23;;;11796;10;11800;21;;;11792.5;0.0
yf_MKC_d5;57700;ASH_COATED_OSMIUM;9952;7;9950;21;;;9962;11;9964;20;;;9957.0;0.0
yf_MKC_d5;57700;INTARIAN_PEPPER_ROOT;11789;7;11786;32;;;11795;13;11799;23;;;11792.0;0.0
yf_MKC_d5;57800;ASH_COATED_OSMIUM;9953;16;9951;18;;;9960;11;9963;19;;;9956.5;0.0
yf_MKC_d5;57800;INTARIAN_PEPPER_ROOT;11787;17;11785;26;;;11795;9;11799;17;;;11791.0;0.0
yf_MKC_d5;57900;ASH_COATED_OSMIUM;9954;21;9952;16;;;9960;16;9962;30;;;9957.0;0.0
yf_MKC_d5;57900;INTARIAN_PEPPER_ROOT;11788;11;11784;22;;;11794;11;11798;23;;;11791.0;0.0
yf_MKC_d5;58000;ASH_COATED_OSMIUM;9954;23;9952;26;;;9960;5;9964;31;;;9957.0;0.0
yf_MKC_d5;58000;INTARIAN_PEPPER_ROOT;11785;13;11783;17;;;11794;22;11796;21;;;11789.5;0.0
yf_MKC_d5;58100;ASH_COATED_OSMIUM;9954;11;9951;13;;;9960;24;9964;17;;;9957.0;0.0
yf_MKC_d5;58100;INTARIAN_PEPPER_ROOT;11786;12;11784;21;;;11792;10;11796;21;;;11789.0;0.0
yf_MKC_d5;58200;ASH_COATED_OSMIUM;9954;12;9952;15;;;9960;16;9962;19;;;9957.0;0.0
yf_MKC_d5;58200;INTARIAN_PEPPER_ROOT;11785;13;11781;12;;;11793;9;11797;21;;;11789.0;0.0
yf_MKC_d5;58300;ASH_COATED_OSMIUM;9955;9;9953;18;;;9961;25;9963;24;;;9958.0;0.0
yf_MKC_d5;58300;INTARIAN_PEPPER_ROOT;11785;16;11783;25;;;11791;11;11794;12;;;11788.0;0.0
yf_MKC_d5;58400;ASH_COATED_OSMIUM;9955;22;9951;19;;;9961;13;9964;13;;;9958.0;0.0
yf_MKC_d5;58400;INTARIAN_PEPPER_ROOT;11780;19;11778;16;;;11794;17;11796;11;;;11787.0;0.0
yf_MKC_d5;58500;ASH_COATED_OSMIUM;9955;20;9953;24;;;9961;19;9963;14;;;9958.0;0.0
yf_MKC_d5;58500;INTARIAN_PEPPER_ROOT;11781;9;11779;14;;;11793;9;11795;20;;;11787.0;0.0
yf_MKC_d5;58600;ASH_COATED_OSMIUM;9951;12;9948;11;;;9966;5;9968;19;;;9958.5;0.0
yf_MKC_d5;58600;INTARIAN_PEPPER_ROOT;11783;14;11781;21;;;11789;5;11791;22;;;11786.0;0.0
yf_MKC_d5;58700;ASH_COATED_OSMIUM;9946;5;9944;31;;;9969;17;9972;15;;;9957.5;0.0
yf_MKC_d5;58700;INTARIAN_PEPPER_ROOT;11782;12;11780;21;;;11789;16;11792;16;;;11785.5;0.0
yf_MKC_d5;58800;ASH_COATED_OSMIUM;9955;11;9952;22;;;9961;22;9963;17;;;9958.0;0.0
yf_MKC_d5;58800;INTARIAN_PEPPER_ROOT;11779;14;11775;20;;;11790;11;11792;14;;;11784.5;0.0
yf_MKC_d5;58900;ASH_COATED_OSMIUM;9951;22;9947;23;;;9965;6;9967;17;;;9958.0;0.0
yf_MKC_d5;58900;INTARIAN_PEPPER_ROOT;11778;9;11776;20;;;11791;14;11794;19;;;11784.5;0.0
yf_MKC_d5;59000;ASH_COATED_OSMIUM;9954;9;9951;16;;;9962;13;9964;15;;;9958.0;0.0
