day;timestamp;product;bid_price_1;bid_volume_1;bid_price_2;bid_volume_2;bid_price_3;bid_volume_3;ask_price_1;ask_volume_1;ask_price_2;ask_volume_2;ask_price_3;ask_volume_3;mid_price;profit_and_loss
av_COFFEE_d10;0;ASH_COATED_OSMIUM;9937;14;9935;18;;;9949;16;9953;19;;;9943.0;0.0
av_COFFEE_d10;0;INTARIAN_PEPPER_ROOT;10972;9;10970;20;;;10978;14;10980;22;;;10975.0;0.0
av_COFFEE_d10;100;ASH_COATED_OSMIUM;9938;14;9935;23;;;9948;13;9952;18;;;9943.0;0.0
av_COFFEE_d10;100;INTARIAN_PEPPER_ROOT;10972;5;10968;25;;;10978;20;10980;18;;;10975.0;0.0
av_COFFEE_d10;200;ASH_COATED_OSMIUM;9940;8;9938;19;;;9947;9;9950;17;;;9943.5;0.0
av_COFFEE_d10;200;INTARIAN_PEPPER_ROOT;10971;19;10969;22;;;10977;22;10980;13;;;10974.0;0.0
av_COFFEE_d10;300;ASH_COATED_OSMIUM;9941;14;9937;21;;;9947;12;9951;27;;;9944.0;0.0
av_COFFEE_d10;300;INTARIAN_PEPPER_ROOT;10971;11;10968;18;;;10977;19;10979;23;;;10974.0;0.0
av_COFFEE_d10;400;ASH_COATED_OSMIUM;9940;13;9936;20;;;9946;9;9948;20;;;9943.0;0.0
av_COFFEE_d10;400;INTARIAN_PEPPER_ROOT;10971;20;10969;17;;;10977;7;10980;25;;;10974.0;0.0
av_COFFEE_d10;500;ASH_COATED_OSMIUM;9940;13;9937;13;;;9946;17;9948;12;;;9943.0;0.0
av_COFFEE_d10;500;INTARIAN_PEPPER_ROOT;10970;19;10966;17;;;10976;13;10979;8;;;10973.0;0.0
av_COFFEE_d10;600;ASH_COATED_OSMIUM;9940;5;9936;14;;;9946;8;9948;17;;;9943.0;0.0
av_COFFEE_d10;600;INTARIAN_PEPPER_ROOT;10968;12;10964;14;;;10979;17;10982;21;;;10973.5;0.0
av_COFFEE_d10;700;ASH_COATED_OSMIUM;9938;16;9936;18;;;9948;22;9950;30;;;9943.0;0.0
av_COFFEE_d10;700;INTARIAN_PEPPER_ROOT;10967;17;10964;20;;;10979;16;10983;13;;;10973.0;0.0
av_COFFEE_d10;800;ASH_COATED_OSMIUM;9940;14;9937;22;;;9946;17;9949;21;;;9943.0;0.0
av_COFFEE_d10;800;INTARIAN_PEPPER_ROOT;10970;15;10967;24;;;10976;12;10978;18;;;10973.0;0.0
av_COFFEE_d10;900;ASH_COATED_OSMIUM;9936;17;9934;13;;;9950;11;9953;10;;;9943.0;0.0
av_COFFEE_d10;900;INTARIAN_PEPPER_ROOT;10969;9;10965;23;;;10975;13;10979;21;;;10972.0;0.0
av_COFFEE_d10;1000;ASH_COATED_OSMIUM;9940;7;9938;25;;;9946;14;9950;19;;;9943.0;0.0
av_COFFEE_d10;1000;INTARIAN_PEPPER_ROOT;10953;19;10949;22;;;10993;12;10997;24;;;10973.0;0.0
av_COFFEE_d10;1100;ASH_COATED_OSMIUM;9940;19;9936;16;;;9946;17;9948;12;;;9943.0;0.0
av_COFFEE_d10;1100;INTARIAN_PEPPER_ROOT;10967;13;10965;27;;;10977;20;10981;23;;;10972.0;0.0
av_COFFEE_d10;1200;ASH_COATED_OSMIUM;9940;15;9937;18;;;9946;12;9949;16;;;9943.0;0.0
av_COFFEE_d10;1200;INTARIAN_PEPPER_ROOT;10969;22;10967;28;;;10975;17;10977;22;;;10972.0;0.0
av_COFFEE_d10;1300;ASH_COATED_OSMIUM;9941;10;9938;17;;;9947;5;9950;25;;;9944.0;0.0
av_COFFEE_d10;1300;INTARIAN_PEPPER_ROOT;10969;20;10967;15;;;10975;17;10977;18;;;10972.0;0.0
av_COFFEE_d10;1400;ASH_COATED_OSMIUM;9941;23;9937;12;;;9947;11;9950;8;;;9944.0;0.0
av_COFFEE_d10;1400;INTARIAN_PEPPER_ROOT;10968;14;10964;16;;;10977;11;10981;17;;;10972.5;0.0
av_COFFEE_d10;1500;ASH_COATED_OSMIUM;9937;5;9933;15;;;9949;11;9953;19;;;9943.0;0.0
av_COFFEE_d10;1500;INTARIAN_PEPPER_ROOT;10969;15;10965;31;;;10975;16;10978;22;;;10972.0;0.0
av_COFFEE_d10;1600;ASH_COATED_OSMIUM;9940;16;9938;15;;;9946;16;9950;26;;;9943.0;0.0
av_COFFEE_d10;1600;INTARIAN_PEPPER_ROOT;10968;27;10964;24;;;10974;14;10976;18;;;10971.0;0.0
av_COFFEE_d10;1700;ASH_COATED_OSMIUM;9941;7;9937;13;;;9947;11;9949;13;;;9944.0;0.0
av_COFFEE_d10;1700;INTARIAN_PEPPER_ROOT;10965;15;10962;11;;;10975;15;10979;19;;;10970.0;0.0
av_COFFEE_d10;1800;ASH_COATED_OSMIUM;9941;15;9937;18;;;9947;19;9951;20;;;9944.0;0.0
av_COFFEE_d10;1800;INTARIAN_PEPPER_ROOT;10966;11;10964;21;;;10975;8;10978;24;;;10970.5;0.0
av_COFFEE_d10;1900;ASH_COATED_OSMIUM;9940;16;9937;19;;;9946;17;9949;18;;;9943.0;0.0
av_COFFEE_d10;1900;INTARIAN_PEPPER_ROOT;10967;17;10963;19;;;10973;14;10977;24;;;10970.0;0.0
av_COFFEE_d10;2000;ASH_COATED_OSMIUM;9941;16;9938;17;;;9947;7;9949;21;;;9944.0;0.0
av_COFFEE_d10;2000;INTARIAN_PEPPER_ROOT;10960;16;10958;15;;;10980;25;10983;24;;;10970.0;0.0
av_COFFEE_d10;2100;ASH_COATED_OSMIUM;9941;16;9937;24;;;9947;5;9951;29;;;9944.0;0.0
av_COFFEE_d10;2100;INTARIAN_PEPPER_ROOT;10966;17;10962;17;;;10972;6;10975;22;;;10969.0;0.0
av_COFFEE_d10;2200;ASH_COATED_OSMIUM;9940;14;9937;20;;;9948;14;9951;20;;;9944.0;0.0
av_COFFEE_d10;2200;INTARIAN_PEPPER_ROOT;10965;16;10961;16;;;10972;16;10974;13;;;10968.5;0.0
av_COFFEE_d10;2300;ASH_COATED_OSMIUM;9938;6;9936;17;;;9950;19;9952;17;;;9944.0;0.0
av_COFFEE_d10;2300;INTARIAN_PEPPER_ROOT;10966;14;10964;19;;;10972;14;10976;20;;;10969.0;0.0
av_COFFEE_d10;2400;ASH_COATED_OSMIUM;9937;10;9933;17;;;9949;11;9953;20;;;9943.0;0.0
av_COFFEE_d10;2400;INTARIAN_PEPPER_ROOT;10966;13;10964;12;;;10972;10;10974;20;;;10969.0;0.0
av_COFFEE_d10;2500;ASH_COATED_OSMIUM;9940;21;9938;27;;;9946;13;9948;26;;;9943.0;0.0
av_COFFEE_d10;2500;INTARIAN_PEPPER_ROOT;10965;19;10961;18;;;10971;11;10973;21;;;10968.0;0.0
av_COFFEE_d10;2600;ASH_COATED_OSMIUM;9941;18;9938;20;;;9947;19;9951;17;;;9944.0;0.0
av_COFFEE_d10;2600;INTARIAN_PEPPER_ROOT;10963;17;10960;18;;;10972;15;10974;26;;;10967.5;0.0
av_COFFEE_d10;2700;ASH_COATED_OSMIUM;9941;5;9938;18;;;9947;16;9951;19;;;9944.0;0.0
av_COFFEE_d10;2700;INTARIAN_PEPPER_ROOT;10964;13;10960;17;;;10972;12;10976;25;;;10968.0;0.0
av_COFFEE_d10;2800;ASH_COATED_OSMIUM;9940;21;9937;16;;;9946;15;9948;19;;;9943.0;0.0
av_COFFEE_d10;2800;INTARIAN_PEPPER_ROOT;10965;12;10962;18;;;10971;15;10975;19;;;10968.0;0.0
av_COFFEE_d10;2900;ASH_COATED_OSMIUM;9941;11;9938;9;;;9947;13;9951;17;;;9944.0;0.0
av_COFFEE_d10;2900;INTARIAN_PEPPER_ROOT;10964;12;10961;17;;;10970;14;10972;14;;;10967.0;0.0
av_COFFEE_d10;3000;ASH_COATED_OSMIUM;9940;12;9938;19;;;9946;15;9950;16;;;9943.0;0.0
av_COFFEE_d10;3000;INTARIAN_PEPPER_ROOT;10964;17;10961;21;;;10970;16;10974;17;;;10967.0;0.0
av_COFFEE_d10;3100;ASH_COATED_OSMIUM;9939;16;9935;18;;;9948;14;9950;19;;;9943.5;0.0
av_COFFEE_d10;3100;INTARIAN_PEPPER_ROOT;10964;17;10960;30;;;10970;15;10974;26;;;10967.0;0.0
av_COFFEE_d10;3200;ASH_COATED_OSMIUM;9934;9;9931;18;;;9953;12;9957;23;;;9943.5;0.0
av_COFFEE_d10;3200;INTARIAN_PEPPER_ROOT;10963;10;10961;19;;;10970;5;10972;16;;;10966.5;0.0
av_COFFEE_d10;3300;ASH_COATED_OSMIUM;9941;12;9939;22;;;9947;21;9949;16;;;9944.0;0.0
av_COFFEE_d10;3300;INTARIAN_PEPPER_ROOT;10964;13;10961;12;;;10970;14;10972;20;;;10967.0;0.0
av_COFFEE_d10;3400;ASH_COATED_OSMIUM;9941;23;9937;14;;;9947;18;9951;17;;;9944.0;0.0
av_COFFEE_d10;3400;INTARIAN_PEPPER_ROOT;10963;20;10961;29;;;10969;16;10971;10;;;10966.0;0.0
av_COFFEE_d10;3500;ASH_COATED_OSMIUM;9941;24;9937;10;;;9947;13;9949;18;;;9944.0;0.0
av_COFFEE_d10;3500;INTARIAN_PEPPER_ROOT;10962;11;10959;16;;;10969;18;10973;25;;;10965.5;0.0
av_COFFEE_d10;3600;ASH_COATED_OSMIUM;9940;11;9938;31;;;9946;22;9948;19;;;9943.0;0.0
av_COFFEE_d10;3600;INTARIAN_PEPPER_ROOT;10961;19;10959;11;;;10971;22;10974;16;;;10966.0;0.0
av_COFFEE_d10;3700;ASH_COATED_OSMIUM;9940;11;9938;18;;;9948;14;9950;25;;;9944.0;0.0
av_COFFEE_d10;3700;INTARIAN_PEPPER_ROOT;10962;17;10959;10;;;10968;16;10972;28;;;10965.0;0.0
av_COFFEE_d10;3800;ASH_COATED_OSMIUM;9942;12;9940;23;;;9948;10;9950;24;;;9945.0;0.0
av_COFFEE_d10;3800;INTARIAN_PEPPER_ROOT;10959;12;10955;26;;;10971;22;10973;20;;;10965.0;0.0
av_COFFEE_d10;3900;ASH_COATED_OSMIUM;9941;17;9937;20;;;9947;10;9951;10;;;9944.0;0.0
av_COFFEE_d10;3900;INTARIAN_PEPPER_ROOT;10962;17;10958;20;;;10968;11;10970;21;;;10965.0;0.0
av_COFFEE_d10;4000;ASH_COATED_OSMIUM;9941;15;9938;16;;;9947;12;9949;33;;;9944.0;0.0
av_COFFEE_d10;4000;INTARIAN_PEPPER_ROOT;10950;25;10946;21;;;10980;19;10982;20;;;10965.0;0.0
av_COFFEE_d10;4100;ASH_COATED_OSMIUM;9941;19;9939;15;;;9947;12;9949;26;;;9944.0;0.0
av_COFFEE_d10;4100;INTARIAN_PEPPER_ROOT;10959;17;10956;21;;;10969;12;10973;19;;;10964.0;0.0
av_COFFEE_d10;4200;ASH_COATED_OSMIUM;9941;12;9937;29;;;9947;13;9949;19;;;9944.0;0.0
av_COFFEE_d10;4200;INTARIAN_PEPPER_ROOT;10961;9;10958;20;;;10967;10;10970;21;;;10964.0;0.0
av_COFFEE_d10;4300;ASH_COATED_OSMIUM;9935;20;9932;12;;;9953;18;9956;22;;;9944.0;0.0
av_COFFEE_d10;4300;INTARIAN_PEPPER_ROOT;10960;14;10956;24;;;10967;7;10970;22;;;10963.5;0.0
av_COFFEE_d10;4400;ASH_COATED_OSMIUM;9940;16;9937;20;;;9950;8;9953;20;;;9945.0;0.0
av_COFFEE_d10;4400;INTARIAN_PEPPER_ROOT;10960;14;10957;21;;;10966;18;10970;20;;;10963.0;0.0
av_COFFEE_d10;4500;ASH_COATED_OSMIUM;9942;19;9938;20;;;9948;10;9952;29;;;9945.0;0.0
av_COFFEE_d10;4500;INTARIAN_PEPPER_ROOT;10960;10;10958;16;;;10966;19;10969;19;;;10963.0;0.0
av_COFFEE_d10;4600;ASH_COATED_OSMIUM;9941;11;9937;21;;;9947;13;9949;12;;;9944.0;0.0
av_COFFEE_d10;4600;INTARIAN_PEPPER_ROOT;10960;11;10958;20;;;10966;16;10968;18;;;10963.0;0.0
av_COFFEE_d10;4700;ASH_COATED_OSMIUM;9942;6;9938;16;;;9948;14;9951;20;;;9945.0;0.0
av_COFFEE_d10;4700;INTARIAN_PEPPER_ROOT;10958;25;10955;21;;;10966;19;10969;25;;;10962.0;0.0
av_COFFEE_d10;4800;ASH_COATED_OSMIUM;9941;13;9939;17;;;9949;8;9953;21;;;9945.0;0.0
av_COFFEE_d10;4800;INTARIAN_PEPPER_ROOT;10959;11;10956;19;;;10965;9;10969;18;;;10962.0;0.0
av_COFFEE_d10;4900;ASH_COATED_OSMIUM;9941;9;9939;18;;;9947;8;9951;11;;;9944.0;0.0
av_COFFEE_d10;4900;INTARIAN_PEPPER_ROOT;10958;12;10955;19;;;10967;16;10970;8;;;10962.5;0.0
av_COFFEE_d10;5000;ASH_COATED_OSMIUM;9941;16;9937;24;;;9947;20;9949;18;;;9944.0;0.0
av_COFFEE_d10;5000;INTARIAN_PEPPER_ROOT;10958;10;10955;12;;;10964;12;10968;22;;;10961.0;0.0
av_COFFEE_d10;5100;ASH_COATED_OSMIUM;9940;14;9938;20;;;9950;14;9954;9;;;9945.0;0.0
av_COFFEE_d10;5100;INTARIAN_PEPPER_ROOT;10958;22;10955;19;;;10964;10;10967;12;;;10961.0;0.0
av_COFFEE_d10;5200;ASH_COATED_OSMIUM;9942;13;9939;19;;;9948;14;9950;15;;;9945.0;0.0
av_COFFEE_d10;5200;INTARIAN_PEPPER_ROOT;10958;16;10954;19;;;10964;14;10966;17;;;10961.0;0.0
av_COFFEE_d10;5300;ASH_COATED_OSMIUM;9938;26;9936;21;;;9951;12;9953;22;;;9944.5;0.0
av_COFFEE_d10;5300;INTARIAN_PEPPER_ROOT;10954;15;10952;12;;;10967;18;10970;19;;;10960.5;0.0
av_COFFEE_d10;5400;ASH_COATED_OSMIUM;9938;5;9935;20;;;9950;24;9952;28;;;9944.0;0.0
av_COFFEE_d10;5400;INTARIAN_PEPPER_ROOT;10958;7;10954;27;;;10964;14;10968;29;;;10961.0;0.0
av_COFFEE_d10;5500;ASH_COATED_OSMIUM;9941;5;9937;18;;;9949;12;9952;24;;;9945.0;0.0
av_COFFEE_d10;5500;INTARIAN_PEPPER_ROOT;10958;12;10956;17;;;10964;18;10968;9;;;10961.0;0.0
av_COFFEE_d10;5600;ASH_COATED_OSMIUM;9938;14;9936;21;;;9950;7;9953;19;;;9944.0;0.0
av_COFFEE_d10;5600;INTARIAN_PEPPER_ROOT;10957;10;10954;21;;;10963;17;10965;14;;;10960.0;0.0
av_COFFEE_d10;5700;ASH_COATED_OSMIUM;9941;16;9937;18;;;9947;9;9951;18;;;9944.0;0.0
av_COFFEE_d10;5700;INTARIAN_PEPPER_ROOT;10956;23;10953;25;;;10964;11;10968;24;;;10960.0;0.0
av_COFFEE_d10;5800;ASH_COATED_OSMIUM;9922;13;9918;23;;;9967;25;9971;23;;;9944.5;0.0
av_COFFEE_d10;5800;INTARIAN_PEPPER_ROOT;10956;6;10953;24;;;10962;26;10966;16;;;10959.0;0.0
av_COFFEE_d10;5900;ASH_COATED_OSMIUM;9932;12;9930;26;;;9958;10;9962;19;;;9945.0;0.0
av_COFFEE_d10;5900;INTARIAN_PEPPER_ROOT;10954;9;10950;19;;;10965;21;10968;17;;;10959.5;0.0
av_COFFEE_d10;6000;ASH_COATED_OSMIUM;9942;18;9940;22;;;9948;21;9950;14;;;9945.0;0.0
av_COFFEE_d10;6000;INTARIAN_PEPPER_ROOT;10955;16;10953;18;;;10962;10;10964;29;;;10958.5;0.0
av_COFFEE_d10;6100;ASH_COATED_OSMIUM;9941;12;9937;20;;;9947;14;9950;24;;;9944.0;0.0
av_COFFEE_d10;6100;INTARIAN_PEPPER_ROOT;10956;15;10953;30;;;10962;18;10966;15;;;10959.0;0.0
av_COFFEE_d10;6200;ASH_COATED_OSMIUM;9935;12;9933;15;;;9953;17;9955;25;;;9944.0;0.0
av_COFFEE_d10;6200;INTARIAN_PEPPER_ROOT;10955;21;10952;20;;;10964;23;10966;15;;;10959.5;0.0
av_COFFEE_d10;6300;ASH_COATED_OSMIUM;9942;10;9939;22;;;9948;11;9952;23;;;9945.0;0.0
av_COFFEE_d10;6300;INTARIAN_PEPPER_ROOT;10956;21;10952;16;;;10962;20;10966;27;;;10959.0;0.0
av_COFFEE_d10;6400;ASH_COATED_OSMIUM;9934;19;9930;15;;;9955;14;9959;26;;;9944.5;0.0
av_COFFEE_d10;6400;INTARIAN_PEPPER_ROOT;10954;24;10950;25;;;10960;8;10963;22;;;10957.0;0.0
av_COFFEE_d10;6500;ASH_COATED_OSMIUM;9937;5;9935;18;;;9952;10;9955;26;;;9944.5;0.0
av_COFFEE_d10;6500;INTARIAN_PEPPER_ROOT;10950;19;10947;25;;;10965;11;10967;9;;;10957.5;0.0
av_COFFEE_d10;6600;ASH_COATED_OSMIUM;9933;14;9929;30;;;9956;17;9960;16;;;9944.5;0.0
av_COFFEE_d10;6600;INTARIAN_PEPPER_ROOT;10954;16;10950;18;;;10960;18;10964;9;;;10957.0;0.0
av_COFFEE_d10;6700;ASH_COATED_OSMIUM;9942;22;9938;21;;;9948;11;9951;15;;;9945.0;0.0
av_COFFEE_d10;6700;INTARIAN_PEPPER_ROOT;10954;14;10952;17;;;10960;19;10963;12;;;10957.0;0.0
av_COFFEE_d10;6800;ASH_COATED_OSMIUM;9942;11;9939;32;;;9948;12;9950;27;;;9945.0;0.0
av_COFFEE_d10;6800;INTARIAN_PEPPER_ROOT;10954;5;10951;25;;;10960;11;10962;10;;;10957.0;0.0
av_COFFEE_d10;6900;ASH_COATED_OSMIUM;9941;20;9938;32;;;9947;14;9951;18;;;9944.0;0.0
av_COFFEE_d10;6900;INTARIAN_PEPPER_ROOT;10951;5;10948;16;;;10961;10;10964;11;;;10956.0;0.0
av_COFFEE_d10;7000;ASH_COATED_OSMIUM;9942;13;9940;23;;;9948;10;9952;14;;;9945.0;0.0
av_COFFEE_d10;7000;INTARIAN_PEPPER_ROOT;10953;10;10949;22;;;10959;5;10961;21;;;10956.0;0.0
av_COFFEE_d10;7100;ASH_COATED_OSMIUM;9941;17;9938;21;;;9947;10;9950;11;;;9944.0;0.0
av_COFFEE_d10;7100;INTARIAN_PEPPER_ROOT;10949;16;10946;18;;;10962;20;10965;22;;;10955.5;0.0
av_COFFEE_d10;7200;ASH_COATED_OSMIUM;9938;17;9934;13;;;9952;10;9955;16;;;9945.0;0.0
av_COFFEE_d10;7200;INTARIAN_PEPPER_ROOT;10952;10;10950;31;;;10958;18;10962;15;;;10955.0;0.0
av_COFFEE_d10;7300;ASH_COATED_OSMIUM;9939;11;9935;28;;;9951;15;9953;22;;;9945.0;0.0
av_COFFEE_d10;7300;INTARIAN_PEPPER_ROOT;10952;15;10949;20;;;10958;16;10961;13;;;10955.0;0.0
av_COFFEE_d10;7400;ASH_COATED_OSMIUM;9939;5;9936;26;;;9950;16;9953;16;;;9944.5;0.0
av_COFFEE_d10;7400;INTARIAN_PEPPER_ROOT;10951;8;10948;20;;;10959;19;10961;23;;;10955.0;0.0
av_COFFEE_d10;7500;ASH_COATED_OSMIUM;9942;12;9940;17;;;9948;9;9952;17;;;9945.0;0.0
av_COFFEE_d10;7500;INTARIAN_PEPPER_ROOT;10948;10;10945;15;;;10961;14;10965;19;;;10954.5;0.0
av_COFFEE_d10;7600;ASH_COATED_OSMIUM;9942;14;9940;19;;;9948;16;9950;21;;;9945.0;0.0
av_COFFEE_d10;7600;INTARIAN_PEPPER_ROOT;10949;12;10945;19;;;10960;14;10964;16;;;10954.5;0.0
av_COFFEE_d10;7700;ASH_COATED_OSMIUM;9942;21;9938;16;;;9948;19;9950;17;;;9945.0;0.0
av_COFFEE_d10;7700;INTARIAN_PEPPER_ROOT;10951;9;10948;15;;;10957;9;10960;21;;;10954.0;0.0
av_COFFEE_d10;7800;ASH_COATED_OSMIUM;9936;18;9934;26;;;9954;15;9956;21;;;9945.0;0.0
av_COFFEE_d10;7800;INTARIAN_PEPPER_ROOT;10946;5;10944;19;;;10962;19;10966;24;;;10954.0;0.0
av_COFFEE_d10;7900;ASH_COATED_OSMIUM;9941;13;9937;12;;;9947;13;9949;20;;;9944.0;0.0
av_COFFEE_d10;7900;INTARIAN_PEPPER_ROOT;10948;18;10945;18;;;10960;20;10964;20;;;10954.0;0.0
av_COFFEE_d10;8000;ASH_COATED_OSMIUM;9939;12;9935;20;;;9951;20;9954;21;;;9945.0;0.0
av_COFFEE_d10;8000;INTARIAN_PEPPER_ROOT;10951;16;10947;15;;;10957;12;10960;24;;;10954.0;0.0
av_COFFEE_d10;8100;ASH_COATED_OSMIUM;9941;15;9937;20;;;9947;12;9949;16;;;9944.0;0.0
av_COFFEE_d10;8100;INTARIAN_PEPPER_ROOT;10950;10;10947;16;;;10956;18;10960;21;;;10953.0;0.0
av_COFFEE_d10;8200;ASH_COATED_OSMIUM;9939;9;9935;17;;;9950;5;9954;21;;;9944.5;0.0
av_COFFEE_d10;8200;INTARIAN_PEPPER_ROOT;10947;14;10944;17;;;10959;11;10962;21;;;10953.0;0.0
av_COFFEE_d10;8300;ASH_COATED_OSMIUM;9943;11;9939;15;;;9949;13;9953;24;;;9946.0;0.0
av_COFFEE_d10;8300;INTARIAN_PEPPER_ROOT;10948;21;10944;11;;;10958;21;10960;17;;;10953.0;0.0
av_COFFEE_d10;8400;ASH_COATED_OSMIUM;9942;23;9940;16;;;9948;13;9951;26;;;9945.0;0.0
av_COFFEE_d10;8400;INTARIAN_PEPPER_ROOT;10950;21;10948;26;;;10956;20;10958;24;;;10953.0;0.0
av_COFFEE_d10;8500;ASH_COATED_OSMIUM;9940;12;9937;22;;;9950;7;9952;10;;;9945.0;0.0
av_COFFEE_d10;8500;INTARIAN_PEPPER_ROOT;10949;11;10947;17;;;10955;9;10958;30;;;10952.0;0.0
av_COFFEE_d10;8600;ASH_COATED_OSMIUM;9937;28;9935;14;;;9954;20;9956;19;;;9945.5;0.0
av_COFFEE_d10;8600;INTARIAN_PEPPER_ROOT;10949;13;10947;16;;;10955;19;10958;18;;;10952.0;0.0
av_COFFEE_d10;8700;ASH_COATED_OSMIUM;9942;12;9938;19;;;9948;12;9952;24;;;9945.0;0.0
av_COFFEE_d10;8700;INTARIAN_PEPPER_ROOT;10949;8;10945;10;;;10955;5;10959;22;;;10952.0;0.0
av_COFFEE_d10;8800;ASH_COATED_OSMIUM;9939;15;9935;24;;;9952;13;9956;22;;;9945.5;0.0
av_COFFEE_d10;8800;INTARIAN_PEPPER_ROOT;10949;17;10947;17;;;10955;17;10959;16;;;10952.0;0.0
av_COFFEE_d10;8900;ASH_COATED_OSMIUM;9942;13;9940;22;;;9948;16;9950;20;;;9945.0;0.0
av_COFFEE_d10;8900;INTARIAN_PEPPER_ROOT;10947;12;10945;18;;;10955;13;10958;14;;;10951.0;0.0
av_COFFEE_d10;9000;ASH_COATED_OSMIUM;9941;11;9937;22;;;9950;24;9952;20;;;9945.5;0.0
av_COFFEE_d10;9000;INTARIAN_PEPPER_ROOT;10948;20;10945;13;;;10954;25;10956;24;;;10951.0;0.0
av_COFFEE_d10;9100;ASH_COATED_OSMIUM;9942;7;9938;23;;;9948;17;9952;13;;;9945.0;0.0
av_COFFEE_d10;9100;INTARIAN_PEPPER_ROOT;10941;19;10939;15;;;10961;16;10964;24;;;10951.0;0.0
av_COFFEE_d10;9200;ASH_COATED_OSMIUM;9943;19;9941;22;;;9949;8;9951;17;;;9946.0;0.0
av_COFFEE_d10;9200;INTARIAN_PEPPER_ROOT;10946;15;10943;27;;;10954;18;10956;21;;;10950.0;0.0
av_COFFEE_d10;9300;ASH_COATED_OSMIUM;9943;13;9939;16;;;9949;14;9951;8;;;9946.0;0.0
av_COFFEE_d10;9300;INTARIAN_PEPPER_ROOT;10944;20;10942;17;;;10956;28;10959;21;;;10950.0;0.0
av_COFFEE_d10;9400;ASH_COATED_OSMIUM;9935;11;9933;22;;;9956;15;9958;20;;;9945.5;0.0
av_COFFEE_d10;9400;INTARIAN_PEPPER_ROOT;10947;18;10945;26;;;10953;17;10955;9;;;10950.0;0.0
av_COFFEE_d10;9500;ASH_COATED_OSMIUM;9942;8;9938;26;;;9948;24;9951;25;;;9945.0;0.0
av_COFFEE_d10;9500;INTARIAN_PEPPER_ROOT;10943;15;10940;12;;;10956;7;10960;19;;;10949.5;0.0
av_COFFEE_d10;9600;ASH_COATED_OSMIUM;9942;10;9940;14;;;9948;19;9951;27;;;9945.0;0.0
av_COFFEE_d10;9600;INTARIAN_PEPPER_ROOT;10946;13;10944;23;;;10952;17;10955;26;;;10949.0;0.0
av_COFFEE_d10;9700;ASH_COATED_OSMIUM;9942;14;9940;26;;;9948;11;9950;22;;;9945.0;0.0
av_COFFEE_d10;9700;INTARIAN_PEPPER_ROOT;10946;12;10942;14;;;10952;18;10954;20;;;10949.0;0.0
av_COFFEE_d10;9800;ASH_COATED_OSMIUM;9940;19;9937;15;;;9949;22;9951;17;;;9944.5;0.0
av_COFFEE_d10;9800;INTARIAN_PEPPER_ROOT;10932;16;10930;16;;;10964;17;10968;27;;;10948.0;0.0
av_COFFEE_d10;9900;ASH_COATED_OSMIUM;9943;18;9939;21;;;9949;15;9953;19;;;9946.0;0.0
av_COFFEE_d10;9900;INTARIAN_PEPPER_ROOT;10940;14;10937;16;;;10956;6;10960;23;;;10948.0;0.0
av_COFFEE_d10;10000;ASH_COATED_OSMIUM;9941;17;9937;19;;;9951;18;9955;23;;;9946.0;0.0
av_COFFEE_d10;10000;INTARIAN_PEPPER_ROOT;10945;19;10943;22;;;10951;18;10953;23;;;10948.0;0.0
av_COFFEE_d10;10100;ASH_COATED_OSMIUM;9943;8;9941;14;;;9949;12;9952;13;;;9946.0;0.0
av_COFFEE_d10;10100;INTARIAN_PEPPER_ROOT;10945;11;10942;19;;;10951;15;10955;12;;;10948.0;0.0
av_COFFEE_d10;10200;ASH_COATED_OSMIUM;9935;10;9931;14;;;9958;24;9962;22;;;9946.5;0.0
av_COFFEE_d10;10200;INTARIAN_PEPPER_ROOT;10944;14;10940;19;;;10950;20;10952;16;;;10947.0;0.0
av_COFFEE_d10;10300;ASH_COATED_OSMIUM;9940;13;9937;19;;;9950;8;9952;12;;;9945.0;0.0
av_COFFEE_d10;10300;INTARIAN_PEPPER_ROOT;10942;13;10940;18;;;10953;19;10956;24;;;10947.5;0.0
av_COFFEE_d10;10400;ASH_COATED_OSMIUM;9908;14;9904;26;;;9984;22;9986;18;;;9946.0;0.0
av_COFFEE_d10;10400;INTARIAN_PEPPER_ROOT;10944;16;10940;24;;;10950;15;10953;23;;;10947.0;0.0
av_COFFEE_d10;10500;ASH_COATED_OSMIUM;9943;11;9941;20;;;9949;18;9951;23;;;9946.0;0.0
av_COFFEE_d10;10500;INTARIAN_PEPPER_ROOT;10936;17;10934;14;;;10956;18;10958;22;;;10946.0;0.0
av_COFFEE_d10;10600;ASH_COATED_OSMIUM;9942;16;9940;16;;;9949;10;9953;17;;;9945.5;0.0
av_COFFEE_d10;10600;INTARIAN_PEPPER_ROOT;10943;11;10940;20;;;10949;17;10953;21;;;10946.0;0.0
av_COFFEE_d10;10700;ASH_COATED_OSMIUM;9942;12;9938;19;;;9948;6;9952;16;;;9945.0;0.0
av_COFFEE_d10;10700;INTARIAN_PEPPER_ROOT;10943;19;10940;30;;;10949;24;10953;22;;;10946.0;0.0
av_COFFEE_d10;10800;ASH_COATED_OSMIUM;9941;11;9939;20;;;9949;17;9953;29;;;9945.0;0.0
av_COFFEE_d10;10800;INTARIAN_PEPPER_ROOT;10943;15;10940;13;;;10949;12;10951;21;;;10946.0;0.0
av_COFFEE_d10;10900;ASH_COATED_OSMIUM;9943;14;9941;17;;;9949;11;9952;8;;;9946.0;0.0
av_COFFEE_d10;10900;INTARIAN_PEPPER_ROOT;10942;10;10940;12;;;10949;12;10952;21;;;10945.5;0.0
av_COFFEE_d10;11000;ASH_COATED_OSMIUM;9940;13;9937;24;;;9950;15;9954;11;;;9945.0;0.0
av_COFFEE_d10;11000;INTARIAN_PEPPER_ROOT;10940;15;10938;20;;;10951;19;10953;10;;;10945.5;0.0
av_COFFEE_d10;11100;ASH_COATED_OSMIUM;9943;14;9940;18;;;9949;16;9952;27;;;9946.0;0.0
av_COFFEE_d10;11100;INTARIAN_PEPPER_ROOT;10937;11;10934;14;;;10953;15;10956;22;;;10945.0;0.0
av_COFFEE_d10;11200;ASH_COATED_OSMIUM;9933;16;9929;17;;;9959;8;9962;13;;;9946.0;0.0
av_COFFEE_d10;11200;INTARIAN_PEPPER_ROOT;10942;5;10939;19;;;10948;12;10952;21;;;10945.0;0.0
av_COFFEE_d10;11300;ASH_COATED_OSMIUM;9944;10;9941;13;;;9950;23;9954;17;;;9947.0;0.0
av_COFFEE_d10;11300;INTARIAN_PEPPER_ROOT;10942;25;10938;20;;;10948;14;10950;21;;;10945.0;0.0
av_COFFEE_d10;11400;ASH_COATED_OSMIUM;9943;7;9941;27;;;9949;11;9951;15;;;9946.0;0.0
av_COFFEE_d10;11400;INTARIAN_PEPPER_ROOT;10941;18;10938;23;;;10947;21;10951;30;;;10944.0;0.0
av_COFFEE_d10;11500;ASH_COATED_OSMIUM;9936;15;9933;9;;;9956;13;9960;15;;;9946.0;0.0
av_COFFEE_d10;11500;INTARIAN_PEPPER_ROOT;10941;18;10938;19;;;10947;12;10950;16;;;10944.0;0.0
av_COFFEE_d10;11600;ASH_COATED_OSMIUM;9942;16;9938;23;;;9948;10;9950;29;;;9945.0;0.0
av_COFFEE_d10;11600;INTARIAN_PEPPER_ROOT;10937;19;10933;21;;;10951;12;10954;23;;;10944.0;0.0
av_COFFEE_d10;11700;ASH_COATED_OSMIUM;9938;9;9934;10;;;9953;15;9957;20;;;9945.5;0.0
av_COFFEE_d10;11700;INTARIAN_PEPPER_ROOT;10938;19;10934;15;;;10949;8;10953;17;;;10943.5;0.0
av_COFFEE_d10;11800;ASH_COATED_OSMIUM;9943;17;9941;13;;;9949;15;9953;20;;;9946.0;0.0
av_COFFEE_d10;11800;INTARIAN_PEPPER_ROOT;10941;19;10938;19;;;10947;17;10951;18;;;10944.0;0.0
av_COFFEE_d10;11900;ASH_COATED_OSMIUM;9942;5;9940;28;;;9949;20;9951;18;;;9945.5;0.0
av_COFFEE_d10;11900;INTARIAN_PEPPER_ROOT;10931;14;10928;17;;;10954;8;10957;23;;;10942.5;0.0
av_COFFEE_d10;12000;ASH_COATED_OSMIUM;9940;8;9938;14;;;9953;20;9956;24;;;9946.5;0.0
av_COFFEE_d10;12000;INTARIAN_PEPPER_ROOT;10939;16;10935;8;;;10945;15;10948;23;;;10942.0;0.0
av_COFFEE_d10;12100;ASH_COATED_OSMIUM;9943;12;9939;21;;;9949;15;9951;23;;;9946.0;0.0
av_COFFEE_d10;12100;INTARIAN_PEPPER_ROOT;10936;5;10934;18;;;10948;17;10951;10;;;10942.0;0.0
av_COFFEE_d10;12200;ASH_COATED_OSMIUM;9940;13;9938;14;;;9952;13;9955;15;;;9946.0;0.0
av_COFFEE_d10;12200;INTARIAN_PEPPER_ROOT;10939;14;10937;22;;;10945;15;10948;9;;;10942.0;0.0
av_COFFEE_d10;12300;ASH_COATED_OSMIUM;9941;7;9939;15;;;9952;21;9954;23;;;9946.5;0.0
av_COFFEE_d10;12300;INTARIAN_PEPPER_ROOT;10935;16;10933;24;;;10949;8;10952;25;;;10942.0;0.0
av_COFFEE_d10;12400;ASH_COATED_OSMIUM;9935;18;9933;18;;;9956;17;9960;21;;;9945.5;0.0
av_COFFEE_d10;12400;INTARIAN_PEPPER_ROOT;10932;24;10928;21;;;10951;12;10954;16;;;10941.5;0.0
av_COFFEE_d10;12500;ASH_COATED_OSMIUM;9944;17;9942;23;;;9950;11;9954;21;;;9947.0;0.0
av_COFFEE_d10;12500;INTARIAN_PEPPER_ROOT;10938;9;10934;22;;;10944;14;10947;24;;;10941.0;0.0
av_COFFEE_d10;12600;ASH_COATED_OSMIUM;9936;24;9933;23;;;9956;5;9959;26;;;9946.0;0.0
av_COFFEE_d10;12600;INTARIAN_PEPPER_ROOT;10928;20;10926;18;;;10955;14;10957;14;;;10941.5;0.0
av_COFFEE_d10;12700;ASH_COATED_OSMIUM;9933;13;9930;15;;;9960;22;9962;21;;;9946.5;0.0
av_COFFEE_d10;12700;INTARIAN_PEPPER_ROOT;10938;6;10934;22;;;10944;12;10948;24;;;10941.0;0.0
av_COFFEE_d10;12800;ASH_COATED_OSMIUM;9938;16;9934;23;;;9954;17;9956;27;;;9946.0;0.0
av_COFFEE_d10;12800;INTARIAN_PEPPER_ROOT;10937;14;10935;28;;;10943;16;10947;26;;;10940.0;0.0
av_COFFEE_d10;12900;ASH_COATED_OSMIUM;9943;13;9939;18;;;9949;17;9951;19;;;9946.0;0.0
av_COFFEE_d10;12900;INTARIAN_PEPPER_ROOT;10937;12;10935;13;;;10943;16;10946;18;;;10940.0;0.0
av_COFFEE_d10;13000;ASH_COATED_OSMIUM;9941;16;9938;19;;;9951;6;9955;23;;;9946.0;0.0
av_COFFEE_d10;13000;INTARIAN_PEPPER_ROOT;10934;14;10932;21;;;10946;17;10950;24;;;10940.0;0.0
av_COFFEE_d10;13100;ASH_COATED_OSMIUM;9943;11;9941;20;;;9949;20;9953;11;;;9946.0;0.0
av_COFFEE_d10;13100;INTARIAN_PEPPER_ROOT;10937;17;10934;24;;;10943;18;10946;27;;;10940.0;0.0
av_COFFEE_d10;13200;ASH_COATED_OSMIUM;9943;5;9940;19;;;9949;24;9952;20;;;9946.0;0.0
av_COFFEE_d10;13200;INTARIAN_PEPPER_ROOT;10934;10;10931;21;;;10943;10;10945;19;;;10938.5;0.0
av_COFFEE_d10;13300;ASH_COATED_OSMIUM;9943;17;9941;27;;;9949;12;9953;23;;;9946.0;0.0
av_COFFEE_d10;13300;INTARIAN_PEPPER_ROOT;10936;7;10934;18;;;10943;19;10946;20;;;10939.5;0.0
av_COFFEE_d10;13400;ASH_COATED_OSMIUM;9939;13;9936;24;;;9953;20;9957;26;;;9946.0;0.0
av_COFFEE_d10;13400;INTARIAN_PEPPER_ROOT;10936;18;10934;17;;;10942;19;10944;25;;;10939.0;0.0
av_COFFEE_d10;13500;ASH_COATED_OSMIUM;9942;8;9939;16;;;9951;15;9954;22;;;9946.5;0.0
av_COFFEE_d10;13500;INTARIAN_PEPPER_ROOT;10935;8;10931;16;;;10943;17;10945;17;;;10939.0;0.0
av_COFFEE_d10;13600;ASH_COATED_OSMIUM;9943;14;9941;24;;;9949;5;9953;22;;;9946.0;0.0
av_COFFEE_d10;13600;INTARIAN_PEPPER_ROOT;10935;21;10931;19;;;10941;19;10945;24;;;10938.0;0.0
av_COFFEE_d10;13700;ASH_COATED_OSMIUM;9943;22;9940;17;;;9949;11;9951;23;;;9946.0;0.0
av_COFFEE_d10;13700;INTARIAN_PEPPER_ROOT;10935;26;10932;20;;;10941;13;10944;14;;;10938.0;0.0
av_COFFEE_d10;13800;ASH_COATED_OSMIUM;9937;11;9934;27;;;9955;11;9957;26;;;9946.0;0.0
av_COFFEE_d10;13800;INTARIAN_PEPPER_ROOT;10932;11;10928;32;;;10944;16;10948;14;;;10938.0;0.0
av_COFFEE_d10;13900;ASH_COATED_OSMIUM;9943;10;9939;19;;;9949;12;9951;16;;;9946.0;0.0
av_COFFEE_d10;13900;INTARIAN_PEPPER_ROOT;10934;19;10932;21;;;10940;9;10943;20;;;10937.0;0.0
av_COFFEE_d10;14000;ASH_COATED_OSMIUM;9940;13;9936;24;;;9953;18;9957;14;;;9946.5;0.0
av_COFFEE_d10;14000;INTARIAN_PEPPER_ROOT;10934;11;10930;27;;;10940;26;10942;21;;;10937.0;0.0
av_COFFEE_d10;14100;ASH_COATED_OSMIUM;9943;15;9940;26;;;9950;24;9952;20;;;9946.5;0.0
av_COFFEE_d10;14100;INTARIAN_PEPPER_ROOT;10934;24;10931;14;;;10940;5;10944;18;;;10937.0;0.0
av_COFFEE_d10;14200;ASH_COATED_OSMIUM;9937;21;9935;19;;;9956;7;9960;18;;;9946.5;0.0
av_COFFEE_d10;14200;INTARIAN_PEPPER_ROOT;10934;9;10931;20;;;10940;12;10944;25;;;10937.0;0.0
av_COFFEE_d10;14300;ASH_COATED_OSMIUM;9941;17;9938;20;;;9952;20;9955;25;;;9946.5;0.0
av_COFFEE_d10;14300;INTARIAN_PEPPER_ROOT;10933;15;10930;17;;;10939;19;10941;13;;;10936.0;0.0
av_COFFEE_d10;14400;ASH_COATED_OSMIUM;9942;10;9940;22;;;9952;5;9955;23;;;9947.0;0.0
av_COFFEE_d10;14400;INTARIAN_PEPPER_ROOT;10927;16;10924;23;;;10945;12;10947;10;;;10936.0;0.0
av_COFFEE_d10;14500;ASH_COATED_OSMIUM;9944;12;9940;23;;;9950;20;9953;26;;;9947.0;0.0
av_COFFEE_d10;14500;INTARIAN_PEPPER_ROOT;10932;11;10930;21;;;10938;17;10941;13;;;10935.0;0.0
av_COFFEE_d10;14600;ASH_COATED_OSMIUM;9944;10;9942;21;;;9950;5;9953;22;;;9947.0;0.0
av_COFFEE_d10;14600;INTARIAN_PEPPER_ROOT;10933;16;10931;21;;;10939;15;10941;18;;;10936.0;0.0
av_COFFEE_d10;14700;ASH_COATED_OSMIUM;9944;14;9941;19;;;9950;13;9954;27;;;9947.0;0.0
av_COFFEE_d10;14700;INTARIAN_PEPPER_ROOT;10931;21;10927;12;;;10938;12;10940;14;;;10934.5;0.0
av_COFFEE_d10;14800;ASH_COATED_OSMIUM;9941;8;9939;23;;;9952;19;9955;14;;;9946.5;0.0
av_COFFEE_d10;14800;INTARIAN_PEPPER_ROOT;10932;13;10929;11;;;10938;16;10941;15;;;10935.0;0.0
av_COFFEE_d10;14900;ASH_COATED_OSMIUM;9931;18;9929;23;;;9962;12;9966;18;;;9946.5;0.0
av_COFFEE_d10;14900;INTARIAN_PEPPER_ROOT;10931;18;10927;20;;;10937;13;10940;21;;;10934.0;0.0
av_COFFEE_d10;15000;ASH_COATED_OSMIUM;9944;10;9941;19;;;9950;5;9952;20;;;9947.0;0.0
av_COFFEE_d10;15000;INTARIAN_PEPPER_ROOT;10932;5;10930;28;;;10938;11;10942;28;;;10935.0;0.0
av_COFFEE_d10;15100;ASH_COATED_OSMIUM;9943;15;9940;12;;;9949;15;9951;15;;;9946.0;0.0
av_COFFEE_d10;15100;INTARIAN_PEPPER_ROOT;10930;14;10927;22;;;10938;11;10942;23;;;10934.0;0.0
av_COFFEE_d10;15200;ASH_COATED_OSMIUM;9944;17;9940;27;;;9950;7;9954;23;;;9947.0;0.0
av_COFFEE_d10;15200;INTARIAN_PEPPER_ROOT;10931;13;10927;25;;;10937;13;10941;18;;;10934.0;0.0
av_COFFEE_d10;15300;ASH_COATED_OSMIUM;9934;17;9930;14;;;9959;20;9962;17;;;9946.5;0.0
av_COFFEE_d10;15300;INTARIAN_PEPPER_ROOT;10931;10;10928;17;;;10937;21;10939;19;;;10934.0;0.0
av_COFFEE_d10;15400;ASH_COATED_OSMIUM;9944;14;9940;20;;;9950;24;9952;28;;;9947.0;0.0
av_COFFEE_d10;15400;INTARIAN_PEPPER_ROOT;10931;14;10928;14;;;10937;9;10941;17;;;10934.0;0.0
av_COFFEE_d10;15500;ASH_COATED_OSMIUM;9941;11;9938;19;;;9953;14;9957;21;;;9947.0;0.0
av_COFFEE_d10;15500;INTARIAN_PEPPER_ROOT;10925;16;10921;19;;;10940;9;10942;22;;;10932.5;0.0
av_COFFEE_d10;15600;ASH_COATED_OSMIUM;9942;16;9940;19;;;9952;14;9955;27;;;9947.0;0.0
av_COFFEE_d10;15600;INTARIAN_PEPPER_ROOT;10925;10;10923;21;;;10941;15;10944;13;;;10933.0;0.0
av_COFFEE_d10;15700;ASH_COATED_OSMIUM;9943;9;9941;19;;;9950;22;9954;22;;;9946.5;0.0
av_COFFEE_d10;15700;INTARIAN_PEPPER_ROOT;10928;15;10925;29;;;10939;9;10943;12;;;10933.5;0.0
av_COFFEE_d10;15800;ASH_COATED_OSMIUM;9941;21;9939;17;;;9953;21;9957;19;;;9947.0;0.0
av_COFFEE_d10;15800;INTARIAN_PEPPER_ROOT;10930;19;10928;17;;;10936;19;10939;18;;;10933.0;0.0
av_COFFEE_d10;15900;ASH_COATED_OSMIUM;9944;14;9941;12;;;9950;23;9953;25;;;9947.0;0.0
av_COFFEE_d10;15900;INTARIAN_PEPPER_ROOT;10930;24;10928;15;;;10936;14;10939;20;;;10933.0;0.0
av_COFFEE_d10;16000;ASH_COATED_OSMIUM;9930;16;9927;22;;;9964;8;9967;19;;;9947.0;0.0
av_COFFEE_d10;16000;INTARIAN_PEPPER_ROOT;10929;12;10925;21;;;10935;14;10939;14;;;10932.0;0.0
av_COFFEE_d10;16100;ASH_COATED_OSMIUM;9944;21;9940;21;;;9950;14;9953;11;;;9947.0;0.0
av_COFFEE_d10;16100;INTARIAN_PEPPER_ROOT;10929;17;10926;20;;;10935;13;10937;30;;;10932.0;0.0
av_COFFEE_d10;16200;ASH_COATED_OSMIUM;9940;8;9937;15;;;9955;12;9957;23;;;9947.5;0.0
av_COFFEE_d10;16200;INTARIAN_PEPPER_ROOT;10928;19;10925;11;;;10934;21;10936;21;;;10931.0;0.0
av_COFFEE_d10;16300;ASH_COATED_OSMIUM;9944;23;9940;21;;;9950;16;9952;15;;;9947.0;0.0
av_COFFEE_d10;16300;INTARIAN_PEPPER_ROOT;10928;18;10926;19;;;10934;15;10938;16;;;10931.0;0.0
av_COFFEE_d10;16400;ASH_COATED_OSMIUM;9944;18;9941;28;;;9950;14;9952;14;;;9947.0;0.0
av_COFFEE_d10;16400;INTARIAN_PEPPER_ROOT;10928;15;10926;24;;;10934;22;10936;17;;;10931.0;0.0
av_COFFEE_d10;16500;ASH_COATED_OSMIUM;9944;14;9940;23;;;9950;17;9952;16;;;9947.0;0.0
av_COFFEE_d10;16500;INTARIAN_PEPPER_ROOT;10928;11;10925;17;;;10934;20;10937;14;;;10931.0;0.0
av_COFFEE_d10;16600;ASH_COATED_OSMIUM;9942;15;9939;14;;;9953;16;9957;15;;;9947.5;0.0
av_COFFEE_d10;16600;INTARIAN_PEPPER_ROOT;10927;16;10923;18;;;10933;10;10937;15;;;10930.0;0.0
av_COFFEE_d10;16700;ASH_COATED_OSMIUM;9944;16;9941;17;;;9950;7;9954;17;;;9947.0;0.0
av_COFFEE_d10;16700;INTARIAN_PEPPER_ROOT;10927;9;10923;17;;;10933;21;10937;17;;;10930.0;0.0
av_COFFEE_d10;16800;ASH_COATED_OSMIUM;9933;14;9930;18;;;9961;18;9965;20;;;9947.0;0.0
av_COFFEE_d10;16800;INTARIAN_PEPPER_ROOT;10927;9;10924;21;;;10933;12;10936;19;;;10930.0;0.0
av_COFFEE_d10;16900;ASH_COATED_OSMIUM;9943;11;9940;21;;;9949;16;9952;20;;;9946.0;0.0
av_COFFEE_d10;16900;INTARIAN_PEPPER_ROOT;10923;9;10921;16;;;10937;11;10941;17;;;10930.0;0.0
av_COFFEE_d10;17000;ASH_COATED_OSMIUM;9941;8;9938;28;;;9954;9;9956;12;;;9947.5;0.0
av_COFFEE_d10;17000;INTARIAN_PEPPER_ROOT;10918;14;10914;11;;;10940;9;10943;22;;;10929.0;0.0
av_COFFEE_d10;17100;ASH_COATED_OSMIUM;9944;13;9942;20;;;9950;11;9952;16;;;9947.0;0.0
av_COFFEE_d10;17100;INTARIAN_PEPPER_ROOT;10925;15;10923;18;;;10931;18;10934;20;;;10928.0;0.0
av_COFFEE_d10;17200;ASH_COATED_OSMIUM;9944;9;9940;20;;;9950;15;9952;25;;;9947.0;0.0
av_COFFEE_d10;17200;INTARIAN_PEPPER_ROOT;10925;8;10922;25;;;10931;19;10935;25;;;10928.0;0.0
av_COFFEE_d10;17300;ASH_COATED_OSMIUM;9944;18;9941;11;;;9950;25;9954;10;;;9947.0;0.0
av_COFFEE_d10;17300;INTARIAN_PEPPER_ROOT;10920;14;10918;16;;;10935;17;10939;18;;;10927.5;0.0
av_COFFEE_d10;17400;ASH_COATED_OSMIUM;9934;10;9932;24;;;9960;11;9964;19;;;9947.0;0.0
av_COFFEE_d10;17400;INTARIAN_PEPPER_ROOT;10923;6;10921;28;;;10929;10;10933;26;;;10926.0;0.0
av_COFFEE_d10;17500;ASH_COATED_OSMIUM;9942;21;9939;24;;;9953;10;9956;23;;;9947.5;0.0
av_COFFEE_d10;17500;INTARIAN_PEPPER_ROOT;10922;18;10919;17;;;10928;17;10930;15;;;10925.0;0.0
av_COFFEE_d10;17600;ASH_COATED_OSMIUM;9938;20;9934;13;;;9955;10;9958;21;;;9946.5;0.0
av_COFFEE_d10;17600;INTARIAN_PEPPER_ROOT;10922;22;10920;15;;;10928;6;10931;26;;;10925.0;0.0
av_COFFEE_d10;17700;ASH_COATED_OSMIUM;9940;12;9938;20;;;9955;13;9959;20;;;9947.5;0.0
av_COFFEE_d10;17700;INTARIAN_PEPPER_ROOT;10921;19;10917;20;;;10927;10;10929;16;;;10924.0;0.0
av_COFFEE_d10;17800;ASH_COATED_OSMIUM;9943;17;9941;21;;;9949;20;9952;21;;;9946.0;0.0
av_COFFEE_d10;17800;INTARIAN_PEPPER_ROOT;10920;16;10918;24;;;10926;15;10929;26;;;10923.0;0.0
av_COFFEE_d10;17900;ASH_COATED_OSMIUM;9943;7;9940;13;;;9949;12;9953;23;;;9946.0;0.0
av_COFFEE_d10;17900;INTARIAN_PEPPER_ROOT;10910;11;10908;22;;;10936;18;10938;13;;;10923.0;0.0
av_COFFEE_d10;18000;ASH_COATED_OSMIUM;9942;12;9940;19;;;9950;16;9953;25;;;9946.0;0.0
av_COFFEE_d10;18000;INTARIAN_PEPPER_ROOT;10917;14;10913;24;;;10926;12;10929;21;;;10921.5;0.0
av_COFFEE_d10;18100;ASH_COATED_OSMIUM;9941;14;9938;20;;;9951;28;9954;27;;;9946.0;0.0
av_COFFEE_d10;18100;INTARIAN_PEPPER_ROOT;10916;17;10914;20;;;10925;13;10929;22;;;10920.5;0.0
av_COFFEE_d10;18200;ASH_COATED_OSMIUM;9936;19;9933;18;;;9956;11;9958;15;;;9946.0;0.0
av_COFFEE_d10;18200;INTARIAN_PEPPER_ROOT;10898;12;10896;19;;;10943;14;10945;20;;;10920.5;0.0
av_COFFEE_d10;18300;ASH_COATED_OSMIUM;9943;21;9939;19;;;9949;16;9951;21;;;9946.0;0.0
av_COFFEE_d10;18300;INTARIAN_PEPPER_ROOT;10916;5;10912;14;;;10922;15;10925;11;;;10919.0;0.0
av_COFFEE_d10;18400;ASH_COATED_OSMIUM;9943;10;9941;20;;;9949;20;9953;26;;;9946.0;0.0
av_COFFEE_d10;18400;INTARIAN_PEPPER_ROOT;10916;7;10912;26;;;10922;14;10924;17;;;10919.0;0.0
av_COFFEE_d10;18500;ASH_COATED_OSMIUM;9943;29;9940;21;;;9949;10;9952;24;;;9946.0;0.0
av_COFFEE_d10;18500;INTARIAN_PEPPER_ROOT;10915;14;10911;18;;;10921;11;10924;21;;;10918.0;0.0
av_COFFEE_d10;18600;ASH_COATED_OSMIUM;9943;6;9940;18;;;9949;5;9953;16;;;9946.0;0.0
av_COFFEE_d10;18600;INTARIAN_PEPPER_ROOT;10913;19;10909;22;;;10921;19;10925;12;;;10917.0;0.0
av_COFFEE_d10;18700;ASH_COATED_OSMIUM;9936;17;9932;24;;;9957;15;9961;25;;;9946.5;0.0
av_COFFEE_d10;18700;INTARIAN_PEPPER_ROOT;10909;15;10905;23;;;10924;15;10926;16;;;10916.5;0.0
av_COFFEE_d10;18800;ASH_COATED_OSMIUM;9939;10;9937;29;;;9953;17;9955;27;;;9946.0;0.0
av_COFFEE_d10;18800;INTARIAN_PEPPER_ROOT;10913;23;10911;30;;;10919;19;10922;23;;;10916.0;0.0
av_COFFEE_d10;18900;ASH_COATED_OSMIUM;9942;20;9938;21;;;9950;16;9953;15;;;9946.0;0.0
av_COFFEE_d10;18900;INTARIAN_PEPPER_ROOT;10911;23;10908;15;;;10917;13;10921;35;;;10914.0;0.0
av_COFFEE_d10;19000;ASH_COATED_OSMIUM;9942;16;9938;11;;;9949;19;9952;23;;;9945.5;0.0
av_COFFEE_d10;19000;INTARIAN_PEPPER_ROOT;10909;13;10906;11;;;10921;16;10925;17;;;10915.0;0.0
av_COFFEE_d10;19100;ASH_COATED_OSMIUM;9942;13;9938;28;;;9948;13;9951;13;;;9945.0;0.0
av_COFFEE_d10;19100;INTARIAN_PEPPER_ROOT;10910;8;10906;19;;;10916;21;10918;17;;;10913.0;0.0
av_COFFEE_d10;19200;ASH_COATED_OSMIUM;9941;14;9937;17;;;9948;14;9952;21;;;9944.5;0.0
av_COFFEE_d10;19200;INTARIAN_PEPPER_ROOT;10909;16;10905;25;;;10915;22;10919;17;;;10912.0;0.0
av_COFFEE_d10;19300;ASH_COATED_OSMIUM;9942;10;9938;20;;;9948;15;9951;18;;;9945.0;0.0
av_COFFEE_d10;19300;INTARIAN_PEPPER_ROOT;10908;24;10906;10;;;10916;10;10919;20;;;10912.0;0.0
av_COFFEE_d10;19400;ASH_COATED_OSMIUM;9942;15;9939;13;;;9948;15;9952;32;;;9945.0;0.0
av_COFFEE_d10;19400;INTARIAN_PEPPER_ROOT;10908;8;10904;16;;;10914;17;10916;28;;;10911.0;0.0
av_COFFEE_d10;19500;ASH_COATED_OSMIUM;9941;10;9938;10;;;9948;20;9950;17;;;9944.5;0.0
av_COFFEE_d10;19500;INTARIAN_PEPPER_ROOT;10898;14;10894;22;;;10922;10;10925;25;;;10910.0;0.0
av_COFFEE_d10;19600;ASH_COATED_OSMIUM;9942;12;9940;19;;;9948;6;9951;17;;;9945.0;0.0
av_COFFEE_d10;19600;INTARIAN_PEPPER_ROOT;10906;18;10903;18;;;10912;14;10915;20;;;10909.0;0.0
av_COFFEE_d10;19700;ASH_COATED_OSMIUM;9942;25;9940;27;;;9948;20;9951;22;;;9945.0;0.0
av_COFFEE_d10;19700;INTARIAN_PEPPER_ROOT;10906;19;10903;26;;;10912;8;10916;18;;;10909.0;0.0
av_COFFEE_d10;19800;ASH_COATED_OSMIUM;9942;17;9938;17;;;9948;30;9951;11;;;9945.0;0.0
av_COFFEE_d10;19800;INTARIAN_PEPPER_ROOT;10905;17;10901;16;;;10911;17;10914;24;;;10908.0;0.0
av_COFFEE_d10;19900;ASH_COATED_OSMIUM;9936;15;9933;16;;;9955;18;9959;23;;;9945.5;0.0
av_COFFEE_d10;19900;INTARIAN_PEPPER_ROOT;10904;17;10902;20;;;10910;16;10912;22;;;10907.0;0.0
av_COFFEE_d10;20000;ASH_COATED_OSMIUM;9942;10;9938;10;;;9948;16;9952;19;;;9945.0;0.0
av_COFFEE_d10;20000;INTARIAN_PEPPER_ROOT;10903;11;10900;11;;;10909;15;10911;19;;;10906.0;0.0
av_COFFEE_d10;20100;ASH_COATED_OSMIUM;9941;14;9937;29;;;9947;15;9949;31;;;9944.0;0.0
av_COFFEE_d10;20100;INTARIAN_PEPPER_ROOT;10901;14;10899;19;;;10910;17;10912;21;;;10905.5;0.0
av_COFFEE_d10;20200;ASH_COATED_OSMIUM;9942;5;9938;27;;;9948;9;9951;22;;;9945.0;0.0
av_COFFEE_d10;20200;INTARIAN_PEPPER_ROOT;10892;15;10888;15;;;10918;13;10920;15;;;10905.0;0.0
av_COFFEE_d10;20300;ASH_COATED_OSMIUM;9941;7;9939;14;;;9948;8;9952;22;;;9944.5;0.0
av_COFFEE_d10;20300;INTARIAN_PEPPER_ROOT;10898;16;10896;16;;;10910;16;10914;12;;;10904.0;0.0
av_COFFEE_d10;20400;ASH_COATED_OSMIUM;9939;8;9936;26;;;9951;20;9955;18;;;9945.0;0.0
av_COFFEE_d10;20400;INTARIAN_PEPPER_ROOT;10890;5;10886;23;;;10917;16;10919;14;;;10903.5;0.0
av_COFFEE_d10;20500;ASH_COATED_OSMIUM;9942;9;9940;29;;;9948;23;9951;15;;;9945.0;0.0
av_COFFEE_d10;20500;INTARIAN_PEPPER_ROOT;10900;10;10896;17;;;10906;16;10909;25;;;10903.0;0.0
av_COFFEE_d10;20600;ASH_COATED_OSMIUM;9941;16;9938;17;;;9947;14;9950;19;;;9944.0;0.0
av_COFFEE_d10;20600;INTARIAN_PEPPER_ROOT;10899;18;10895;19;;;10905;10;10907;18;;;10902.0;0.0
av_COFFEE_d10;20700;ASH_COATED_OSMIUM;9942;8;9938;26;;;9948;22;9951;21;;;9945.0;0.0
av_COFFEE_d10;20700;INTARIAN_PEPPER_ROOT;10899;24;10896;24;;;10905;11;10908;16;;;10902.0;0.0
av_COFFEE_d10;20800;ASH_COATED_OSMIUM;9939;12;9935;28;;;9949;15;9953;22;;;9944.0;0.0
av_COFFEE_d10;20800;INTARIAN_PEPPER_ROOT;10897;18;10893;30;;;10905;5;10908;20;;;10901.0;0.0
av_COFFEE_d10;20900;ASH_COATED_OSMIUM;9941;19;9939;25;;;9947;17;9949;25;;;9944.0;0.0
av_COFFEE_d10;20900;INTARIAN_PEPPER_ROOT;10897;13;10895;12;;;10903;18;10907;19;;;10900.0;0.0
av_COFFEE_d10;21000;ASH_COATED_OSMIUM;9937;13;9933;20;;;9951;15;9955;22;;;9944.0;0.0
av_COFFEE_d10;21000;INTARIAN_PEPPER_ROOT;10891;15;10889;24;;;10907;8;10909;25;;;10899.0;0.0
av_COFFEE_d10;21100;ASH_COATED_OSMIUM;9940;14;9937;17;;;9948;21;9952;21;;;9944.0;0.0
av_COFFEE_d10;21100;INTARIAN_PEPPER_ROOT;10879;14;10875;11;;;10918;18;10922;21;;;10898.5;0.0
av_COFFEE_d10;21200;ASH_COATED_OSMIUM;9932;13;9930;16;;;9955;14;9957;29;;;9943.5;0.0
av_COFFEE_d10;21200;INTARIAN_PEPPER_ROOT;10895;14;10891;24;;;10901;12;10903;15;;;10898.0;0.0
av_COFFEE_d10;21300;ASH_COATED_OSMIUM;9941;12;9939;14;;;9948;14;9952;15;;;9944.5;0.0
av_COFFEE_d10;21300;INTARIAN_PEPPER_ROOT;10891;20;10889;20;;;10902;17;10904;23;;;10896.5;0.0
av_COFFEE_d10;21400;ASH_COATED_OSMIUM;9941;16;9937;22;;;9947;10;9950;14;;;9944.0;0.0
av_COFFEE_d10;21400;INTARIAN_PEPPER_ROOT;10883;16;10879;27;;;10908;22;10910;27;;;10895.5;0.0
av_COFFEE_d10;21500;ASH_COATED_OSMIUM;9937;23;9933;15;;;9951;11;9954;20;;;9944.0;0.0
av_COFFEE_d10;21500;INTARIAN_PEPPER_ROOT;10892;11;10888;23;;;10898;13;10900;18;;;10895.0;0.0
av_COFFEE_d10;21600;ASH_COATED_OSMIUM;9941;9;9937;27;;;9947;17;9951;17;;;9944.0;0.0
av_COFFEE_d10;21600;INTARIAN_PEPPER_ROOT;10892;17;10890;13;;;10898;18;10900;16;;;10895.0;0.0
av_COFFEE_d10;21700;ASH_COATED_OSMIUM;9935;17;9931;26;;;9952;12;9954;13;;;9943.5;0.0
av_COFFEE_d10;21700;INTARIAN_PEPPER_ROOT;10892;16;10890;21;;;10898;14;10902;20;;;10895.0;0.0
av_COFFEE_d10;21800;ASH_COATED_OSMIUM;9941;7;9937;17;;;9947;10;9950;19;;;9944.0;0.0
av_COFFEE_d10;21800;INTARIAN_PEPPER_ROOT;10870;13;10866;29;;;10917;16;10920;23;;;10893.5;0.0
av_COFFEE_d10;21900;ASH_COATED_OSMIUM;9940;21;9936;16;;;9947;15;9950;21;;;9943.5;0.0
av_COFFEE_d10;21900;INTARIAN_PEPPER_ROOT;10888;8;10885;15;;;10898;15;10901;13;;;10893.0;0.0
av_COFFEE_d10;22000;ASH_COATED_OSMIUM;9940;18;9936;24;;;9947;19;9951;21;;;9943.5;0.0
av_COFFEE_d10;22000;INTARIAN_PEPPER_ROOT;10889;13;10887;15;;;10895;23;10899;26;;;10892.0;0.0
av_COFFEE_d10;22100;ASH_COATED_OSMIUM;9928;16;9926;26;;;9959;7;9963;20;;;9943.5;0.0
av_COFFEE_d10;22100;INTARIAN_PEPPER_ROOT;10888;9;10885;22;;;10894;8;10898;31;;;10891.0;0.0
av_COFFEE_d10;22200;ASH_COATED_OSMIUM;9938;10;9936;23;;;9949;29;9953;20;;;9943.5;0.0
av_COFFEE_d10;22200;INTARIAN_PEPPER_ROOT;10887;25;10883;18;;;10893;18;10897;20;;;10890.0;0.0
av_COFFEE_d10;22300;ASH_COATED_OSMIUM;9940;17;9938;25;;;9946;15;9948;28;;;9943.0;0.0
av_COFFEE_d10;22300;INTARIAN_PEPPER_ROOT;10886;10;10884;21;;;10892;10;10896;16;;;10889.0;0.0
av_COFFEE_d10;22400;ASH_COATED_OSMIUM;9940;11;9936;23;;;9946;17;9948;13;;;9943.0;0.0
av_COFFEE_d10;22400;INTARIAN_PEPPER_ROOT;10886;15;10884;26;;;10892;17;10896;18;;;10889.0;0.0
av_COFFEE_d10;22500;ASH_COATED_OSMIUM;9940;17;9938;12;;;9946;14;9949;17;;;9943.0;0.0
av_COFFEE_d10;22500;INTARIAN_PEPPER_ROOT;10885;10;10883;26;;;10892;9;10894;14;;;10888.5;0.0
av_COFFEE_d10;22600;ASH_COATED_OSMIUM;9940;14;9936;24;;;9946;12;9949;24;;;9943.0;0.0
av_COFFEE_d10;22600;INTARIAN_PEPPER_ROOT;10857;17;10854;14;;;10917;5;10921;14;;;10887.0;0.0
av_COFFEE_d10;22700;ASH_COATED_OSMIUM;9940;15;9937;20;;;9946;17;9949;25;;;9943.0;0.0
av_COFFEE_d10;22700;INTARIAN_PEPPER_ROOT;10883;15;10879;27;;;10889;17;10893;16;;;10886.0;0.0
av_COFFEE_d10;22800;ASH_COATED_OSMIUM;9936;12;9932;21;;;9950;5;9952;22;;;9943.0;0.0
av_COFFEE_d10;22800;INTARIAN_PEPPER_ROOT;10874;12;10872;23;;;10898;17;10902;25;;;10886.0;0.0
av_COFFEE_d10;22900;ASH_COATED_OSMIUM;9939;8;9937;18;;;9946;15;9948;26;;;9942.5;0.0
av_COFFEE_d10;22900;INTARIAN_PEPPER_ROOT;10879;16;10877;16;;;10891;13;10894;21;;;10885.0;0.0
av_COFFEE_d10;23000;ASH_COATED_OSMIUM;9938;12;9934;25;;;9949;12;9953;20;;;9943.5;0.0
av_COFFEE_d10;23000;INTARIAN_PEPPER_ROOT;10881;17;10878;16;;;10887;16;10889;14;;;10884.0;0.0
av_COFFEE_d10;23100;ASH_COATED_OSMIUM;9940;22;9938;25;;;9946;13;9949;33;;;9943.0;0.0
av_COFFEE_d10;23100;INTARIAN_PEPPER_ROOT;10881;20;10878;19;;;10887;13;10890;18;;;10884.0;0.0
av_COFFEE_d10;23200;ASH_COATED_OSMIUM;9933;20;9930;22;;;9951;20;9953;8;;;9942.0;0.0
av_COFFEE_d10;23200;INTARIAN_PEPPER_ROOT;10880;9;10877;22;;;10886;16;10888;13;;;10883.0;0.0
av_COFFEE_d10;23300;ASH_COATED_OSMIUM;9939;9;9936;25;;;9945;14;9948;21;;;9942.0;0.0
av_COFFEE_d10;23300;INTARIAN_PEPPER_ROOT;10879;15;10877;19;;;10885;24;10887;17;;;10882.0;0.0
av_COFFEE_d10;23400;ASH_COATED_OSMIUM;9939;16;9935;21;;;9945;20;9949;8;;;9942.0;0.0
av_COFFEE_d10;23400;INTARIAN_PEPPER_ROOT;10879;15;10875;18;;;10885;7;10888;20;;;10882.0;0.0
av_COFFEE_d10;23500;ASH_COATED_OSMIUM;9939;15;9936;17;;;9945;19;9949;19;;;9942.0;0.0
av_COFFEE_d10;23500;INTARIAN_PEPPER_ROOT;10877;15;10874;13;;;10883;12;10886;21;;;10880.0;0.0
av_COFFEE_d10;23600;ASH_COATED_OSMIUM;9934;5;9931;26;;;9950;15;9952;15;;;9942.0;0.0
av_COFFEE_d10;23600;INTARIAN_PEPPER_ROOT;10870;14;10867;29;;;10889;16;10891;24;;;10879.5;0.0
av_COFFEE_d10;23700;ASH_COATED_OSMIUM;9939;12;9935;21;;;9945;14;9947;19;;;9942.0;0.0
av_COFFEE_d10;23700;INTARIAN_PEPPER_ROOT;10876;5;10873;24;;;10882;7;10884;19;;;10879.0;0.0
av_COFFEE_d10;23800;ASH_COATED_OSMIUM;9933;17;9931;23;;;9951;14;9955;22;;;9942.0;0.0
av_COFFEE_d10;23800;INTARIAN_PEPPER_ROOT;10876;22;10872;21;;;10882;19;10884;23;;;10879.0;0.0
av_COFFEE_d10;23900;ASH_COATED_OSMIUM;9937;9;9934;17;;;9948;15;9952;27;;;9942.5;0.0
av_COFFEE_d10;23900;INTARIAN_PEPPER_ROOT;10874;17;10872;18;;;10880;17;10884;21;;;10877.0;0.0
av_COFFEE_d10;24000;ASH_COATED_OSMIUM;9939;12;9937;18;;;9946;16;9949;15;;;9942.5;0.0
av_COFFEE_d10;24000;INTARIAN_PEPPER_ROOT;10873;10;10869;27;;;10881;17;10883;19;;;10877.0;0.0
av_COFFEE_d10;24100;ASH_COATED_OSMIUM;9935;24;9932;10;;;9947;15;9949;26;;;9941.0;0.0
av_COFFEE_d10;24100;INTARIAN_PEPPER_ROOT;10857;11;10855;10;;;10896;20;10900;20;;;10876.5;0.0
av_COFFEE_d10;24200;ASH_COATED_OSMIUM;9939;17;9937;25;;;9945;17;9948;21;;;9942.0;0.0
av_COFFEE_d10;24200;INTARIAN_PEPPER_ROOT;10872;16;10868;23;;;10878;17;10881;14;;;10875.0;0.0
av_COFFEE_d10;24300;ASH_COATED_OSMIUM;9930;22;9926;16;;;9955;12;9958;22;;;9942.5;0.0
av_COFFEE_d10;24300;INTARIAN_PEPPER_ROOT;10868;8;10864;18;;;10882;11;10886;19;;;10875.0;0.0
av_COFFEE_d10;24400;ASH_COATED_OSMIUM;9938;14;9935;18;;;9946;21;9950;15;;;9942.0;0.0
av_COFFEE_d10;24400;INTARIAN_PEPPER_ROOT;10871;13;10869;19;;;10877;21;10881;18;;;10874.0;0.0
av_COFFEE_d10;24500;ASH_COATED_OSMIUM;9939;10;9936;22;;;9945;9;9947;11;;;9942.0;0.0
av_COFFEE_d10;24500;INTARIAN_PEPPER_ROOT;10870;22;10866;14;;;10876;19;10878;21;;;10873.0;0.0
av_COFFEE_d10;24600;ASH_COATED_OSMIUM;9939;19;9937;19;;;9945;21;9948;17;;;9942.0;0.0
av_COFFEE_d10;24600;INTARIAN_PEPPER_ROOT;10870;16;10867;16;;;10876;21;10878;17;;;10873.0;0.0
av_COFFEE_d10;24700;ASH_COATED_OSMIUM;9939;10;9935;19;;;9945;20;9949;27;;;9942.0;0.0
av_COFFEE_d10;24700;INTARIAN_PEPPER_ROOT;10868;11;10864;18;;;10877;16;10879;20;;;10872.5;0.0
av_COFFEE_d10;24800;ASH_COATED_OSMIUM;9937;15;9935;14;;;9946;12;9948;19;;;9941.5;0.0
av_COFFEE_d10;24800;INTARIAN_PEPPER_ROOT;10867;11;10864;19;;;10873;16;10875;32;;;10870.0;0.0
av_COFFEE_d10;24900;ASH_COATED_OSMIUM;9926;9;9923;11;;;9957;16;9959;31;;;9941.5;0.0
av_COFFEE_d10;24900;INTARIAN_PEPPER_ROOT;10867;13;10864;25;;;10873;9;10876;18;;;10870.0;0.0
av_COFFEE_d10;25000;ASH_COATED_OSMIUM;9937;11;9935;18;;;9945;11;9949;16;;;9941.0;0.0
av_COFFEE_d10;25000;INTARIAN_PEPPER_ROOT;10866;19;10863;19;;;10872;6;10876;14;;;10869.0;0.0
av_COFFEE_d10;25100;ASH_COATED_OSMIUM;9933;18;9931;15;;;9949;13;9951;8;;;9941.0;0.0
av_COFFEE_d10;25100;INTARIAN_PEPPER_ROOT;10864;12;10861;21;;;10873;20;10876;19;;;10868.5;0.0
av_COFFEE_d10;25200;ASH_COATED_OSMIUM;9938;17;9934;27;;;9944;8;9948;23;;;9941.0;0.0
av_COFFEE_d10;25200;INTARIAN_PEPPER_ROOT;10865;9;10862;25;;;10871;14;10873;19;;;10868.0;0.0
av_COFFEE_d10;25300;ASH_COATED_OSMIUM;9938;20;9935;23;;;9944;20;9947;24;;;9941.0;0.0
av_COFFEE_d10;25300;INTARIAN_PEPPER_ROOT;10864;14;10860;29;;;10870;6;10872;22;;;10867.0;0.0
av_COFFEE_d10;25400;ASH_COATED_OSMIUM;9930;20;9927;20;;;9952;24;9956;21;;;9941.0;0.0
av_COFFEE_d10;25400;INTARIAN_PEPPER_ROOT;10863;8;10859;10;;;10869;15;10872;20;;;10866.0;0.0
av_COFFEE_d10;25500;ASH_COATED_OSMIUM;9938;11;9934;19;;;9944;8;9946;9;;;9941.0;0.0
av_COFFEE_d10;25500;INTARIAN_PEPPER_ROOT;10862;16;10860;19;;;10868;21;10871;18;;;10865.0;0.0
av_COFFEE_d10;25600;ASH_COATED_OSMIUM;9935;14;9932;16;;;9946;22;9950;14;;;9940.5;0.0
av_COFFEE_d10;25600;INTARIAN_PEPPER_ROOT;10861;17;10857;13;;;10869;15;10871;13;;;10865.0;0.0
av_COFFEE_d10;25700;ASH_COATED_OSMIUM;9938;16;9935;14;;;9944;21;9948;21;;;9941.0;0.0
av_COFFEE_d10;25700;INTARIAN_PEPPER_ROOT;10861;17;10857;11;;;10867;9;10869;22;;;10864.0;0.0
av_COFFEE_d10;25800;ASH_COATED_OSMIUM;9937;9;9935;14;;;9945;11;9948;21;;;9941.0;0.0
av_COFFEE_d10;25800;INTARIAN_PEPPER_ROOT;10861;16;10859;18;;;10867;18;10869;22;;;10864.0;0.0
av_COFFEE_d10;25900;ASH_COATED_OSMIUM;9938;16;9934;20;;;9944;23;9947;27;;;9941.0;0.0
av_COFFEE_d10;25900;INTARIAN_PEPPER_ROOT;10860;14;10858;15;;;10866;13;10870;16;;;10863.0;0.0
av_COFFEE_d10;26000;ASH_COATED_OSMIUM;9937;7;9934;14;;;9943;17;9945;16;;;9940.0;0.0
av_COFFEE_d10;26000;INTARIAN_PEPPER_ROOT;10859;19;10857;16;;;10865;11;10869;18;;;10862.0;0.0
av_COFFEE_d10;26100;ASH_COATED_OSMIUM;9925;12;9922;22;;;9957;16;9961;22;;;9941.0;0.0
av_COFFEE_d10;26100;INTARIAN_PEPPER_ROOT;10858;24;10854;18;;;10864;18;10867;16;;;10861.0;0.0
av_COFFEE_d10;26200;ASH_COATED_OSMIUM;9927;10;9925;16;;;9954;16;9958;20;;;9940.5;0.0
av_COFFEE_d10;26200;INTARIAN_PEPPER_ROOT;10857;17;10855;10;;;10863;12;10866;22;;;10860.0;0.0
av_COFFEE_d10;26300;ASH_COATED_OSMIUM;9937;17;9933;14;;;9943;14;9947;24;;;9940.0;0.0
av_COFFEE_d10;26300;INTARIAN_PEPPER_ROOT;10832;9;10828;21;;;10888;21;10891;13;;;10860.0;0.0
av_COFFEE_d10;26400;ASH_COATED_OSMIUM;9937;17;9935;16;;;9943;9;9945;24;;;9940.0;0.0
av_COFFEE_d10;26400;INTARIAN_PEPPER_ROOT;10854;11;10851;23;;;10864;17;10867;11;;;10859.0;0.0
av_COFFEE_d10;26500;ASH_COATED_OSMIUM;9933;11;9931;19;;;9948;11;9950;22;;;9940.5;0.0
av_COFFEE_d10;26500;INTARIAN_PEPPER_ROOT;10856;17;10854;17;;;10862;17;10865;27;;;10859.0;0.0
av_COFFEE_d10;26600;ASH_COATED_OSMIUM;9937;12;9935;19;;;9943;14;9946;23;;;9940.0;0.0
av_COFFEE_d10;26600;INTARIAN_PEPPER_ROOT;10855;20;10851;20;;;10861;19;10863;17;;;10858.0;0.0
av_COFFEE_d10;26700;ASH_COATED_OSMIUM;9937;12;9933;12;;;9943;8;9945;21;;;9940.0;0.0
av_COFFEE_d10;26700;INTARIAN_PEPPER_ROOT;10854;17;10852;22;;;10860;14;10863;18;;;10857.0;0.0
av_COFFEE_d10;26800;ASH_COATED_OSMIUM;9935;18;9933;19;;;9946;14;9948;18;;;9940.5;0.0
av_COFFEE_d10;26800;INTARIAN_PEPPER_ROOT;10850;13;10846;19;;;10861;18;10864;20;;;10855.5;0.0
av_COFFEE_d10;26900;ASH_COATED_OSMIUM;9930;11;9927;29;;;9950;15;9952;28;;;9940.0;0.0
av_COFFEE_d10;26900;INTARIAN_PEPPER_ROOT;10852;14;10848;24;;;10858;15;10861;24;;;10855.0;0.0
av_COFFEE_d10;27000;ASH_COATED_OSMIUM;9937;10;9935;20;;;9944;12;9946;25;;;9940.5;0.0
av_COFFEE_d10;27000;INTARIAN_PEPPER_ROOT;10852;17;10849;21;;;10858;15;10862;23;;;10855.0;0.0
av_COFFEE_d10;27100;ASH_COATED_OSMIUM;9937;12;9933;13;;;9943;13;9946;15;;;9940.0;0.0
av_COFFEE_d10;27100;INTARIAN_PEPPER_ROOT;10850;5;10846;17;;;10857;19;10861;15;;;10853.5;0.0
av_COFFEE_d10;27200;ASH_COATED_OSMIUM;9926;14;9922;15;;;9954;9;9957;17;;;9940.0;0.0
av_COFFEE_d10;27200;INTARIAN_PEPPER_ROOT;10850;16;10848;8;;;10856;15;10858;12;;;10853.0;0.0
av_COFFEE_d10;27300;ASH_COATED_OSMIUM;9936;16;9932;17;;;9942;20;9945;14;;;9939.0;0.0
av_COFFEE_d10;27300;INTARIAN_PEPPER_ROOT;10849;22;10845;20;;;10855;13;10857;26;;;10852.0;0.0
av_COFFEE_d10;27400;ASH_COATED_OSMIUM;9933;22;9929;10;;;9947;15;9950;25;;;9940.0;0.0
av_COFFEE_d10;27400;INTARIAN_PEPPER_ROOT;10848;19;10846;16;;;10854;9;10857;23;;;10851.0;0.0
av_COFFEE_d10;27500;ASH_COATED_OSMIUM;9935;13;9931;16;;;9943;13;9945;23;;;9939.0;0.0
av_COFFEE_d10;27500;INTARIAN_PEPPER_ROOT;10837;10;10833;25;;;10866;13;10869;18;;;10851.5;0.0
av_COFFEE_d10;27600;ASH_COATED_OSMIUM;9936;11;9932;18;;;9942;12;9944;18;;;9939.0;0.0
av_COFFEE_d10;27600;INTARIAN_PEPPER_ROOT;10841;18;10839;18;;;10858;7;10860;14;;;10849.5;0.0
av_COFFEE_d10;27700;ASH_COATED_OSMIUM;9929;18;9927;18;;;9951;13;9954;19;;;9940.0;0.0
av_COFFEE_d10;27700;INTARIAN_PEPPER_ROOT;10846;23;10843;21;;;10852;12;10856;13;;;10849.0;0.0
av_COFFEE_d10;27800;ASH_COATED_OSMIUM;9935;21;9933;21;;;9944;11;9946;15;;;9939.5;0.0
av_COFFEE_d10;27800;INTARIAN_PEPPER_ROOT;10846;15;10842;19;;;10852;18;10855;13;;;10849.0;0.0
av_COFFEE_d10;27900;ASH_COATED_OSMIUM;9936;6;9934;18;;;9942;17;9946;22;;;9939.0;0.0
av_COFFEE_d10;27900;INTARIAN_PEPPER_ROOT;10845;13;10843;13;;;10851;9;10854;25;;;10848.0;0.0
av_COFFEE_d10;28000;ASH_COATED_OSMIUM;9936;12;9933;26;;;9942;14;9944;34;;;9939.0;0.0
av_COFFEE_d10;28000;INTARIAN_PEPPER_ROOT;10839;17;10836;30;;;10856;21;10858;19;;;10847.5;0.0
av_COFFEE_d10;28100;ASH_COATED_OSMIUM;9934;5;9932;17;;;9945;11;9947;19;;;9939.5;0.0
av_COFFEE_d10;28100;INTARIAN_PEPPER_ROOT;10842;23;10840;21;;;10850;12;10852;27;;;10846.0;0.0
av_COFFEE_d10;28200;ASH_COATED_OSMIUM;9936;20;9934;28;;;9942;9;9945;28;;;9939.0;0.0
av_COFFEE_d10;28200;INTARIAN_PEPPER_ROOT;10843;10;10839;20;;;10849;18;10851;24;;;10846.0;0.0
av_COFFEE_d10;28300;ASH_COATED_OSMIUM;9934;17;9931;14;;;9944;11;9947;10;;;9939.0;0.0
av_COFFEE_d10;28300;INTARIAN_PEPPER_ROOT;10839;8;10835;22;;;10850;11;10853;8;;;10844.5;0.0
av_COFFEE_d10;28400;ASH_COATED_OSMIUM;9935;19;9933;15;;;9941;7;9945;27;;;9938.0;0.0
av_COFFEE_d10;28400;INTARIAN_PEPPER_ROOT;10841;16;10838;23;;;10847;16;10850;28;;;10844.0;0.0
av_COFFEE_d10;28500;ASH_COATED_OSMIUM;9936;21;9934;24;;;9942;15;9946;24;;;9939.0;0.0
av_COFFEE_d10;28500;INTARIAN_PEPPER_ROOT;10841;16;10837;22;;;10847;5;10851;31;;;10844.0;0.0
av_COFFEE_d10;28600;ASH_COATED_OSMIUM;9936;12;9932;19;;;9942;23;9945;17;;;9939.0;0.0
av_COFFEE_d10;28600;INTARIAN_PEPPER_ROOT;10840;12;10838;21;;;10846;16;10849;21;;;10843.0;0.0
av_COFFEE_d10;28700;ASH_COATED_OSMIUM;9936;18;9932;24;;;9942;11;9946;15;;;9939.0;0.0
av_COFFEE_d10;28700;INTARIAN_PEPPER_ROOT;10839;14;10835;27;;;10845;10;10847;15;;;10842.0;0.0
av_COFFEE_d10;28800;ASH_COATED_OSMIUM;9936;14;9932;31;;;9942;9;9945;20;;;9939.0;0.0
av_COFFEE_d10;28800;INTARIAN_PEPPER_ROOT;10834;5;10831;16;;;10848;12;10850;16;;;10841.0;0.0
av_COFFEE_d10;28900;ASH_COATED_OSMIUM;9936;17;9934;16;;;9942;16;9944;25;;;9939.0;0.0
av_COFFEE_d10;28900;INTARIAN_PEPPER_ROOT;10837;20;10835;14;;;10843;20;10847;16;;;10840.0;0.0
av_COFFEE_d10;29000;ASH_COATED_OSMIUM;9933;12;9929;17;;;9944;18;9946;25;;;9938.5;0.0
av_COFFEE_d10;29000;INTARIAN_PEPPER_ROOT;10834;8;10830;24;;;10845;6;10847;18;;;10839.5;0.0
av_COFFEE_d10;29100;ASH_COATED_OSMIUM;9934;13;9930;21;;;9943;16;9946;25;;;9938.5;0.0
av_COFFEE_d10;29100;INTARIAN_PEPPER_ROOT;10835;17;10832;19;;;10842;7;10846;21;;;10838.5;0.0
av_COFFEE_d10;29200;ASH_COATED_OSMIUM;9934;5;9932;29;;;9943;12;9947;19;;;9938.5;0.0
av_COFFEE_d10;29200;INTARIAN_PEPPER_ROOT;10836;15;10834;8;;;10842;15;10844;20;;;10839.0;0.0
av_COFFEE_d10;29300;ASH_COATED_OSMIUM;9935;17;9932;18;;;9941;13;9944;20;;;9938.0;0.0
av_COFFEE_d10;29300;INTARIAN_PEPPER_ROOT;10833;12;10830;23;;;10842;17;10845;16;;;10837.5;0.0
av_COFFEE_d10;29400;ASH_COATED_OSMIUM;9935;12;9931;9;;;9941;5;9944;20;;;9938.0;0.0
av_COFFEE_d10;29400;INTARIAN_PEPPER_ROOT;10834;21;10830;16;;;10840;7;10842;15;;;10837.0;0.0
av_COFFEE_d10;29500;ASH_COATED_OSMIUM;9930;12;9927;19;;;9946;16;9949;10;;;9938.0;0.0
av_COFFEE_d10;29500;INTARIAN_PEPPER_ROOT;10822;18;10819;10;;;10850;16;10853;21;;;10836.0;0.0
av_COFFEE_d10;29600;ASH_COATED_OSMIUM;9932;7;9928;17;;;9944;19;9946;17;;;9938.0;0.0
av_COFFEE_d10;29600;INTARIAN_PEPPER_ROOT;10828;23;10825;21;;;10843;12;10846;24;;;10835.5;0.0
av_COFFEE_d10;29700;ASH_COATED_OSMIUM;9933;23;9931;16;;;9943;6;9947;11;;;9938.0;0.0
av_COFFEE_d10;29700;INTARIAN_PEPPER_ROOT;10825;7;10821;16;;;10842;18;10845;23;;;10833.5;0.0
av_COFFEE_d10;29800;ASH_COATED_OSMIUM;9935;21;9933;16;;;9941;8;9945;17;;;9938.0;0.0
av_COFFEE_d10;29800;INTARIAN_PEPPER_ROOT;10831;15;10829;18;;;10837;17;10841;24;;;10834.0;0.0
av_COFFEE_d10;29900;ASH_COATED_OSMIUM;9931;15;9928;23;;;9945;15;9947;18;;;9938.0;0.0
av_COFFEE_d10;29900;INTARIAN_PEPPER_ROOT;10829;12;10826;18;;;10836;17;10838;8;;;10832.5;0.0
av_COFFEE_d10;30000;ASH_COATED_OSMIUM;9934;15;9932;15;;;9941;14;9944;14;;;9937.5;0.0
av_COFFEE_d10;30000;INTARIAN_PEPPER_ROOT;10828;20;10824;17;;;10836;10;10838;20;;;10832.0;0.0
av_COFFEE_d10;30100;ASH_COATED_OSMIUM;9933;18;9929;32;;;9943;14;9945;21;;;9938.0;0.0
av_COFFEE_d10;30100;INTARIAN_PEPPER_ROOT;10829;21;10827;22;;;10835;12;10837;21;;;10832.0;0.0
av_COFFEE_d10;30200;ASH_COATED_OSMIUM;9932;22;9928;20;;;9943;9;9947;18;;;9937.5;0.0
av_COFFEE_d10;30200;INTARIAN_PEPPER_ROOT;10826;15;10823;20;;;10836;15;10838;22;;;10831.0;0.0
av_COFFEE_d10;30300;ASH_COATED_OSMIUM;9932;27;9930;13;;;9942;8;9946;19;;;9937.0;0.0
av_COFFEE_d10;30300;INTARIAN_PEPPER_ROOT;10827;16;10824;28;;;10833;18;10836;25;;;10830.0;0.0
av_COFFEE_d10;30400;ASH_COATED_OSMIUM;9931;20;9929;21;;;9945;16;9947;16;;;9938.0;0.0
av_COFFEE_d10;30400;INTARIAN_PEPPER_ROOT;10826;24;10823;21;;;10832;11;10835;15;;;10829.0;0.0
av_COFFEE_d10;30500;ASH_COATED_OSMIUM;9933;17;9930;21;;;9943;19;9947;24;;;9938.0;0.0
av_COFFEE_d10;30500;INTARIAN_PEPPER_ROOT;10823;17;10820;15;;;10833;20;10835;16;;;10828.0;0.0
av_COFFEE_d10;30600;ASH_COATED_OSMIUM;9934;8;9932;16;;;9940;26;9943;25;;;9937.0;0.0
av_COFFEE_d10;30600;INTARIAN_PEPPER_ROOT;10825;19;10822;21;;;10831;22;10835;16;;;10828.0;0.0
av_COFFEE_d10;30700;ASH_COATED_OSMIUM;9928;14;9924;24;;;9946;19;9949;19;;;9937.0;0.0
av_COFFEE_d10;30700;INTARIAN_PEPPER_ROOT;10822;19;10819;19;;;10833;17;10836;24;;;10827.5;0.0
av_COFFEE_d10;30800;ASH_COATED_OSMIUM;9934;16;9932;18;;;9940;22;9944;15;;;9937.0;0.0
av_COFFEE_d10;30800;INTARIAN_PEPPER_ROOT;10823;22;10821;18;;;10829;9;10831;18;;;10826.0;0.0
av_COFFEE_d10;30900;ASH_COATED_OSMIUM;9934;17;9930;22;;;9940;17;9943;13;;;9937.0;0.0
av_COFFEE_d10;30900;INTARIAN_PEPPER_ROOT;10822;10;10818;13;;;10829;10;10833;25;;;10825.5;0.0
av_COFFEE_d10;31000;ASH_COATED_OSMIUM;9934;11;9931;17;;;9940;20;9942;25;;;9937.0;0.0
av_COFFEE_d10;31000;INTARIAN_PEPPER_ROOT;10819;14;10817;21;;;10832;14;10835;27;;;10825.5;0.0
av_COFFEE_d10;31100;ASH_COATED_OSMIUM;9934;14;9932;12;;;9940;10;9944;16;;;9937.0;0.0
av_COFFEE_d10;31100;INTARIAN_PEPPER_ROOT;10821;20;10817;15;;;10827;24;10831;21;;;10824.0;0.0
av_COFFEE_d10;31200;ASH_COATED_OSMIUM;9930;13;9927;15;;;9944;10;9946;11;;;9937.0;0.0
av_COFFEE_d10;31200;INTARIAN_PEPPER_ROOT;10820;13;10817;22;;;10826;15;10828;27;;;10823.0;0.0
av_COFFEE_d10;31300;ASH_COATED_OSMIUM;9934;13;9930;17;;;9940;12;9942;21;;;9937.0;0.0
av_COFFEE_d10;31300;INTARIAN_PEPPER_ROOT;10819;14;10816;25;;;10826;18;10829;27;;;10822.5;0.0
av_COFFEE_d10;31400;ASH_COATED_OSMIUM;9933;8;9931;18;;;9940;20;9943;8;;;9936.5;0.0
av_COFFEE_d10;31400;INTARIAN_PEPPER_ROOT;10819;13;10815;25;;;10825;15;10828;27;;;10822.0;0.0
av_COFFEE_d10;31500;ASH_COATED_OSMIUM;9922;11;9920;19;;;9950;15;9953;25;;;9936.0;0.0
av_COFFEE_d10;31500;INTARIAN_PEPPER_ROOT;10817;18;10814;16;;;10826;13;10828;24;;;10821.5;0.0
av_COFFEE_d10;31600;ASH_COATED_OSMIUM;9931;9;9928;27;;;9943;5;9947;20;;;9937.0;0.0
av_COFFEE_d10;31600;INTARIAN_PEPPER_ROOT;10815;12;10811;24;;;10825;24;10828;34;;;10820.0;0.0
av_COFFEE_d10;31700;ASH_COATED_OSMIUM;9929;8;9926;9;;;9943;18;9945;26;;;9936.0;0.0
av_COFFEE_d10;31700;INTARIAN_PEPPER_ROOT;10816;15;10813;16;;;10822;11;10825;27;;;10819.0;0.0
av_COFFEE_d10;31800;ASH_COATED_OSMIUM;9933;9;9930;16;;;9939;15;9941;19;;;9936.0;0.0
av_COFFEE_d10;31800;INTARIAN_PEPPER_ROOT;10816;5;10814;27;;;10822;13;10824;15;;;10819.0;0.0
av_COFFEE_d10;31900;ASH_COATED_OSMIUM;9933;16;9929;18;;;9939;19;9941;22;;;9936.0;0.0
av_COFFEE_d10;31900;INTARIAN_PEPPER_ROOT;10815;12;10813;18;;;10821;7;10825;23;;;10818.0;0.0
av_COFFEE_d10;32000;ASH_COATED_OSMIUM;9933;16;9930;24;;;9939;19;9941;20;;;9936.0;0.0
av_COFFEE_d10;32000;INTARIAN_PEPPER_ROOT;10815;25;10813;12;;;10821;15;10825;19;;;10818.0;0.0
av_COFFEE_d10;32100;ASH_COATED_OSMIUM;9933;15;9931;19;;;9939;8;9943;14;;;9936.0;0.0
av_COFFEE_d10;32100;INTARIAN_PEPPER_ROOT;10807;20;10804;16;;;10825;11;10828;20;;;10816.0;0.0
av_COFFEE_d10;32200;ASH_COATED_OSMIUM;9929;14;9927;23;;;9942;19;9946;21;;;9935.5;0.0
av_COFFEE_d10;32200;INTARIAN_PEPPER_ROOT;10803;12;10801;15;;;10831;11;10835;28;;;10817.0;0.0
av_COFFEE_d10;32300;ASH_COATED_OSMIUM;9933;14;9931;16;;;9939;8;9942;21;;;9936.0;0.0
av_COFFEE_d10;32300;INTARIAN_PEPPER_ROOT;10804;19;10800;25;;;10825;20;10829;17;;;10814.5;0.0
av_COFFEE_d10;32400;ASH_COATED_OSMIUM;9923;16;9919;20;;;9948;11;9952;11;;;9935.5;0.0
av_COFFEE_d10;32400;INTARIAN_PEPPER_ROOT;10811;17;10808;30;;;10817;10;10821;9;;;10814.0;0.0
av_COFFEE_d10;32500;ASH_COATED_OSMIUM;9933;22;9931;28;;;9939;6;9943;17;;;9936.0;0.0
av_COFFEE_d10;32500;INTARIAN_PEPPER_ROOT;10811;22;10808;14;;;10817;20;10820;23;;;10814.0;0.0
av_COFFEE_d10;32600;ASH_COATED_OSMIUM;9933;8;9930;13;;;9939;23;9942;20;;;9936.0;0.0
av_COFFEE_d10;32600;INTARIAN_PEPPER_ROOT;10810;21;10808;20;;;10816;16;10819;27;;;10813.0;0.0
av_COFFEE_d10;32700;ASH_COATED_OSMIUM;9933;11;9930;11;;;9939;20;9942;21;;;9936.0;0.0
av_COFFEE_d10;32700;INTARIAN_PEPPER_ROOT;10807;18;10805;27;;;10817;18;10819;20;;;10812.0;0.0
av_COFFEE_d10;32800;ASH_COATED_OSMIUM;9931;14;9927;21;;;9941;11;9944;11;;;9936.0;0.0
av_COFFEE_d10;32800;INTARIAN_PEPPER_ROOT;10806;9;10804;17;;;10817;18;10820;22;;;10811.5;0.0
av_COFFEE_d10;32900;ASH_COATED_OSMIUM;9932;17;9930;22;;;9940;16;9942;17;;;9936.0;0.0
av_COFFEE_d10;32900;INTARIAN_PEPPER_ROOT;10808;11;10805;17;;;10814;16;10818;15;;;10811.0;0.0
av_COFFEE_d10;33000;ASH_COATED_OSMIUM;9933;14;9930;22;;;9939;19;9942;17;;;9936.0;0.0
av_COFFEE_d10;33000;INTARIAN_PEPPER_ROOT;10807;14;10805;19;;;10813;5;10816;15;;;10810.0;0.0
av_COFFEE_d10;33100;ASH_COATED_OSMIUM;9933;14;9931;20;;;9939;15;9943;24;;;9936.0;0.0
av_COFFEE_d10;33100;INTARIAN_PEPPER_ROOT;10806;13;10802;24;;;10812;20;10816;24;;;10809.0;0.0
av_COFFEE_d10;33200;ASH_COATED_OSMIUM;9931;24;9928;25;;;9940;10;9944;17;;;9935.5;0.0
av_COFFEE_d10;33200;INTARIAN_PEPPER_ROOT;10806;11;10804;22;;;10812;16;10816;17;;;10809.0;0.0
av_COFFEE_d10;33300;ASH_COATED_OSMIUM;9933;23;9929;16;;;9939;25;9941;18;;;9936.0;0.0
av_COFFEE_d10;33300;INTARIAN_PEPPER_ROOT;10805;23;10803;18;;;10811;14;10814;21;;;10808.0;0.0
av_COFFEE_d10;33400;ASH_COATED_OSMIUM;9932;12;9928;18;;;9938;14;9941;20;;;9935.0;0.0
av_COFFEE_d10;33400;INTARIAN_PEPPER_ROOT;10804;21;10800;20;;;10812;17;10816;23;;;10808.0;0.0
av_COFFEE_d10;33500;ASH_COATED_OSMIUM;9931;17;9927;10;;;9940;19;9943;19;;;9935.5;0.0
av_COFFEE_d10;33500;INTARIAN_PEPPER_ROOT;10801;15;10799;21;;;10813;5;10816;20;;;10807.0;0.0
av_COFFEE_d10;33600;ASH_COATED_OSMIUM;9932;6;9930;16;;;9938;12;9941;15;;;9935.0;0.0
av_COFFEE_d10;33600;INTARIAN_PEPPER_ROOT;10799;18;10795;17;;;10812;13;10814;17;;;10805.5;0.0
av_COFFEE_d10;33700;ASH_COATED_OSMIUM;9932;13;9928;11;;;9938;15;9942;24;;;9935.0;0.0
av_COFFEE_d10;33700;INTARIAN_PEPPER_ROOT;10801;9;10798;19;;;10807;19;10810;29;;;10804.0;0.0
av_COFFEE_d10;33800;ASH_COATED_OSMIUM;9933;11;9930;27;;;9939;11;9943;19;;;9936.0;0.0
av_COFFEE_d10;33800;INTARIAN_PEPPER_ROOT;10801;18;10798;21;;;10807;17;10811;18;;;10804.0;0.0
av_COFFEE_d10;33900;ASH_COATED_OSMIUM;9928;13;9924;22;;;9943;10;9947;16;;;9935.5;0.0
av_COFFEE_d10;33900;INTARIAN_PEPPER_ROOT;10798;13;10796;11;;;10808;26;10811;22;;;10803.0;0.0
av_COFFEE_d10;34000;ASH_COATED_OSMIUM;9933;8;9930;24;;;9939;14;9941;24;;;9936.0;0.0
av_COFFEE_d10;34000;INTARIAN_PEPPER_ROOT;10800;12;10796;20;;;10806;22;10810;20;;;10803.0;0.0
av_COFFEE_d10;34100;ASH_COATED_OSMIUM;9932;22;9928;18;;;9938;22;9941;25;;;9935.0;0.0
av_COFFEE_d10;34100;INTARIAN_PEPPER_ROOT;10799;9;10795;21;;;10805;20;10809;16;;;10802.0;0.0
av_COFFEE_d10;34200;ASH_COATED_OSMIUM;9930;15;9927;18;;;9941;21;9944;13;;;9935.5;0.0
av_COFFEE_d10;34200;INTARIAN_PEPPER_ROOT;10799;14;10796;22;;;10805;11;10807;17;;;10802.0;0.0
av_COFFEE_d10;34300;ASH_COATED_OSMIUM;9932;17;9928;19;;;9938;14;9940;21;;;9935.0;0.0
av_COFFEE_d10;34300;INTARIAN_PEPPER_ROOT;10796;16;10792;18;;;10806;20;10808;21;;;10801.0;0.0
av_COFFEE_d10;34400;ASH_COATED_OSMIUM;9929;8;9925;17;;;9942;23;9944;17;;;9935.5;0.0
av_COFFEE_d10;34400;INTARIAN_PEPPER_ROOT;10789;12;10787;19;;;10812;20;10816;14;;;10800.5;0.0
av_COFFEE_d10;34500;ASH_COATED_OSMIUM;9932;13;9930;9;;;9939;18;9943;26;;;9935.5;0.0
av_COFFEE_d10;34500;INTARIAN_PEPPER_ROOT;10797;12;10795;14;;;10803;16;10806;18;;;10800.0;0.0
av_COFFEE_d10;34600;ASH_COATED_OSMIUM;9931;22;9928;25;;;9940;21;9942;8;;;9935.5;0.0
av_COFFEE_d10;34600;INTARIAN_PEPPER_ROOT;10794;15;10792;16;;;10804;13;10806;22;;;10799.0;0.0
av_COFFEE_d10;34700;ASH_COATED_OSMIUM;9932;21;9930;15;;;9940;19;9943;19;;;9936.0;0.0
av_COFFEE_d10;34700;INTARIAN_PEPPER_ROOT;10796;17;10794;20;;;10802;16;10804;28;;;10799.0;0.0
av_COFFEE_d10;34800;ASH_COATED_OSMIUM;9930;12;9928;25;;;9942;11;9944;25;;;9936.0;0.0
av_COFFEE_d10;34800;INTARIAN_PEPPER_ROOT;10795;17;10793;31;;;10801;17;10805;16;;;10798.0;0.0
av_COFFEE_d10;34900;ASH_COATED_OSMIUM;9933;12;9929;8;;;9939;13;9941;28;;;9936.0;0.0
av_COFFEE_d10;34900;INTARIAN_PEPPER_ROOT;10795;7;10793;29;;;10802;9;10806;26;;;10798.5;0.0
av_COFFEE_d10;35000;ASH_COATED_OSMIUM;9934;17;9930;22;;;9940;14;9944;11;;;9937.0;0.0
av_COFFEE_d10;35000;INTARIAN_PEPPER_ROOT;10795;13;10791;20;;;10801;8;10805;15;;;10798.0;0.0
av_COFFEE_d10;35100;ASH_COATED_OSMIUM;9933;13;9930;20;;;9939;20;9941;20;;;9936.0;0.0
av_COFFEE_d10;35100;INTARIAN_PEPPER_ROOT;10794;16;10792;20;;;10800;22;10803;16;;;10797.0;0.0
av_COFFEE_d10;35200;ASH_COATED_OSMIUM;9931;14;9929;23;;;9943;21;9946;23;;;9937.0;0.0
av_COFFEE_d10;35200;INTARIAN_PEPPER_ROOT;10794;13;10791;15;;;10800;13;10804;14;;;10797.0;0.0
av_COFFEE_d10;35300;ASH_COATED_OSMIUM;9934;18;9932;26;;;9940;6;9943;20;;;9937.0;0.0
av_COFFEE_d10;35300;INTARIAN_PEPPER_ROOT;10791;16;10788;20;;;10801;20;10804;18;;;10796.0;0.0
av_COFFEE_d10;35400;ASH_COATED_OSMIUM;9921;16;9917;20;;;9952;13;9955;8;;;9936.5;0.0
av_COFFEE_d10;35400;INTARIAN_PEPPER_ROOT;10789;9;10786;28;;;10802;11;10804;18;;;10795.5;0.0
av_COFFEE_d10;35500;ASH_COATED_OSMIUM;9934;9;9932;14;;;9940;18;9942;19;;;9937.0;0.0
av_COFFEE_d10;35500;INTARIAN_PEPPER_ROOT;10791;5;10789;14;;;10798;8;10800;19;;;10794.5;0.0
av_COFFEE_d10;35600;ASH_COATED_OSMIUM;9932;14;9930;21;;;9942;16;9944;17;;;9937.0;0.0
av_COFFEE_d10;35600;INTARIAN_PEPPER_ROOT;10791;8;10787;27;;;10797;14;10801;17;;;10794.0;0.0
av_COFFEE_d10;35700;ASH_COATED_OSMIUM;9918;12;9915;20;;;9954;15;9957;20;;;9936.0;0.0
av_COFFEE_d10;35700;INTARIAN_PEPPER_ROOT;10790;5;10788;21;;;10796;17;10799;25;;;10793.0;0.0
av_COFFEE_d10;35800;ASH_COATED_OSMIUM;9930;11;9927;21;;;9945;20;9948;14;;;9937.5;0.0
av_COFFEE_d10;35800;INTARIAN_PEPPER_ROOT;10790;17;10786;27;;;10796;20;10799;22;;;10793.0;0.0
av_COFFEE_d10;35900;ASH_COATED_OSMIUM;9934;23;9932;27;;;9940;20;9943;13;;;9937.0;0.0
av_COFFEE_d10;35900;INTARIAN_PEPPER_ROOT;10789;17;10787;19;;;10795;18;10797;20;;;10792.0;0.0
av_COFFEE_d10;36000;ASH_COATED_OSMIUM;9934;19;9932;14;;;9940;13;9944;19;;;9937.0;0.0
av_COFFEE_d10;36000;INTARIAN_PEPPER_ROOT;10788;19;10784;14;;;10794;20;10796;16;;;10791.0;0.0
av_COFFEE_d10;36100;ASH_COATED_OSMIUM;9935;11;9931;20;;;9941;18;9944;9;;;9938.0;0.0
av_COFFEE_d10;36100;INTARIAN_PEPPER_ROOT;10788;6;10786;23;;;10794;27;10798;22;;;10791.0;0.0
av_COFFEE_d10;36200;ASH_COATED_OSMIUM;9935;21;9933;21;;;9941;14;9944;27;;;9938.0;0.0
av_COFFEE_d10;36200;INTARIAN_PEPPER_ROOT;10788;13;10785;15;;;10794;8;10798;16;;;10791.0;0.0
av_COFFEE_d10;36300;ASH_COATED_OSMIUM;9934;6;9930;15;;;9940;14;9942;18;;;9937.0;0.0
av_COFFEE_d10;36300;INTARIAN_PEPPER_ROOT;10787;21;10784;27;;;10793;19;10796;21;;;10790.0;0.0
av_COFFEE_d10;36400;ASH_COATED_OSMIUM;9935;13;9931;21;;;9941;17;9943;24;;;9938.0;0.0
av_COFFEE_d10;36400;INTARIAN_PEPPER_ROOT;10772;5;10770;23;;;10809;16;10813;11;;;10790.5;0.0
av_COFFEE_d10;36500;ASH_COATED_OSMIUM;9935;19;9932;22;;;9941;15;9944;20;;;9938.0;0.0
av_COFFEE_d10;36500;INTARIAN_PEPPER_ROOT;10780;10;10776;21;;;10798;15;10800;22;;;10789.0;0.0
av_COFFEE_d10;36600;ASH_COATED_OSMIUM;9934;13;9932;15;;;9940;18;9943;24;;;9937.0;0.0
av_COFFEE_d10;36600;INTARIAN_PEPPER_ROOT;10785;16;10783;13;;;10792;16;10795;16;;;10788.5;0.0
av_COFFEE_d10;36700;ASH_COATED_OSMIUM;9935;23;9933;15;;;9941;11;9943;23;;;9938.0;0.0
av_COFFEE_d10;36700;INTARIAN_PEPPER_ROOT;10785;17;10783;18;;;10791;15;10794;25;;;10788.0;0.0
av_COFFEE_d10;36800;ASH_COATED_OSMIUM;9929;11;9927;15;;;9947;9;9951;19;;;9938.0;0.0
av_COFFEE_d10;36800;INTARIAN_PEPPER_ROOT;10784;10;10780;19;;;10790;10;10793;11;;;10787.0;0.0
av_COFFEE_d10;36900;ASH_COATED_OSMIUM;9934;13;9931;22;;;9942;15;9945;22;;;9938.0;0.0
av_COFFEE_d10;36900;INTARIAN_PEPPER_ROOT;10784;18;10780;21;;;10790;25;10793;21;;;10787.0;0.0
av_COFFEE_d10;37000;ASH_COATED_OSMIUM;9935;14;9933;8;;;9941;8;9944;23;;;9938.0;0.0
av_COFFEE_d10;37000;INTARIAN_PEPPER_ROOT;10783;15;10780;24;;;10789;17;10793;17;;;10786.0;0.0
av_COFFEE_d10;37100;ASH_COATED_OSMIUM;9936;21;9932;20;;;9942;11;9944;20;;;9939.0;0.0
av_COFFEE_d10;37100;INTARIAN_PEPPER_ROOT;10780;5;10778;14;;;10792;14;10794;15;;;10786.0;0.0
av_COFFEE_d10;37200;ASH_COATED_OSMIUM;9936;18;9932;20;;;9942;19;9944;26;;;9939.0;0.0
av_COFFEE_d10;37200;INTARIAN_PEPPER_ROOT;10782;15;10779;20;;;10788;20;10790;20;;;10785.0;0.0
av_COFFEE_d10;37300;ASH_COATED_OSMIUM;9933;11;9930;18;;;9944;17;9948;20;;;9938.5;0.0
av_COFFEE_d10;37300;INTARIAN_PEPPER_ROOT;10782;13;10779;15;;;10788;8;10790;16;;;10785.0;0.0
av_COFFEE_d10;37400;ASH_COATED_OSMIUM;9936;9;9934;19;;;9942;13;9945;30;;;9939.0;0.0
av_COFFEE_d10;37400;INTARIAN_PEPPER_ROOT;10781;11;10777;11;;;10787;10;10791;24;;;10784.0;0.0
av_COFFEE_d10;37500;ASH_COATED_OSMIUM;9936;12;9932;17;;;9942;21;9944;21;;;9939.0;0.0
av_COFFEE_d10;37500;INTARIAN_PEPPER_ROOT;10779;14;10776;28;;;10789;12;10793;30;;;10784.0;0.0
av_COFFEE_d10;37600;ASH_COATED_OSMIUM;9936;14;9933;21;;;9942;17;9944;24;;;9939.0;0.0
av_COFFEE_d10;37600;INTARIAN_PEPPER_ROOT;10779;17;10776;13;;;10787;6;10790;20;;;10783.0;0.0
av_COFFEE_d10;37700;ASH_COATED_OSMIUM;9936;20;9932;15;;;9942;16;9945;17;;;9939.0;0.0
av_COFFEE_d10;37700;INTARIAN_PEPPER_ROOT;10779;6;10776;20;;;10785;16;10788;23;;;10782.0;0.0
av_COFFEE_d10;37800;ASH_COATED_OSMIUM;9926;16;9924;18;;;9951;7;9953;21;;;9938.5;0.0
av_COFFEE_d10;37800;INTARIAN_PEPPER_ROOT;10777;18;10773;19;;;10786;21;10789;10;;;10781.5;0.0
av_COFFEE_d10;37900;ASH_COATED_OSMIUM;9936;18;9934;22;;;9943;10;9947;22;;;9939.5;0.0
av_COFFEE_d10;37900;INTARIAN_PEPPER_ROOT;10779;24;10777;12;;;10785;17;10788;14;;;10782.0;0.0
av_COFFEE_d10;38000;ASH_COATED_OSMIUM;9936;18;9932;15;;;9942;22;9946;18;;;9939.0;0.0
av_COFFEE_d10;38000;INTARIAN_PEPPER_ROOT;10778;13;10774;14;;;10784;17;10788;20;;;10781.0;0.0
av_COFFEE_d10;38100;ASH_COATED_OSMIUM;9935;18;9932;19;;;9943;6;9947;24;;;9939.0;0.0
av_COFFEE_d10;38100;INTARIAN_PEPPER_ROOT;10778;14;10776;19;;;10784;14;10788;19;;;10781.0;0.0
av_COFFEE_d10;38200;ASH_COATED_OSMIUM;9937;10;9934;21;;;9943;17;9947;22;;;9940.0;0.0
av_COFFEE_d10;38200;INTARIAN_PEPPER_ROOT;10777;19;10775;22;;;10783;13;10787;18;;;10780.0;0.0
av_COFFEE_d10;38300;ASH_COATED_OSMIUM;9936;12;9933;21;;;9943;18;9945;19;;;9939.5;0.0
av_COFFEE_d10;38300;INTARIAN_PEPPER_ROOT;10773;15;10770;29;;;10785;24;10789;20;;;10779.0;0.0
av_COFFEE_d10;38400;ASH_COATED_OSMIUM;9936;11;9932;24;;;9942;20;9946;18;;;9939.0;0.0
av_COFFEE_d10;38400;INTARIAN_PEPPER_ROOT;10775;15;10773;16;;;10782;14;10785;17;;;10778.5;0.0
av_COFFEE_d10;38500;ASH_COATED_OSMIUM;9935;17;9932;22;;;9944;20;9948;17;;;9939.5;0.0
av_COFFEE_d10;38500;INTARIAN_PEPPER_ROOT;10771;16;10769;27;;;10785;15;10788;17;;;10778.0;0.0
av_COFFEE_d10;38600;ASH_COATED_OSMIUM;9937;22;9934;19;;;9943;16;9945;22;;;9940.0;0.0
av_COFFEE_d10;38600;INTARIAN_PEPPER_ROOT;10774;25;10771;27;;;10780;14;10784;27;;;10777.0;0.0
av_COFFEE_d10;38700;ASH_COATED_OSMIUM;9938;15;9934;23;;;9944;18;9948;30;;;9941.0;0.0
av_COFFEE_d10;38700;INTARIAN_PEPPER_ROOT;10774;13;10771;17;;;10780;11;10782;24;;;10777.0;0.0
av_COFFEE_d10;38800;ASH_COATED_OSMIUM;9932;20;9929;15;;;9949;19;9951;23;;;9940.5;0.0
av_COFFEE_d10;38800;INTARIAN_PEPPER_ROOT;10774;16;10770;24;;;10780;21;10782;21;;;10777.0;0.0
av_COFFEE_d10;38900;ASH_COATED_OSMIUM;9935;15;9932;23;;;9945;10;9949;18;;;9940.0;0.0
av_COFFEE_d10;38900;INTARIAN_PEPPER_ROOT;10773;12;10769;14;;;10779;19;10782;15;;;10776.0;0.0
av_COFFEE_d10;39000;ASH_COATED_OSMIUM;9938;15;9935;23;;;9944;11;9946;22;;;9941.0;0.0
av_COFFEE_d10;39000;INTARIAN_PEPPER_ROOT;10773;17;10769;23;;;10779;10;10783;21;;;10776.0;0.0
av_COFFEE_d10;39100;ASH_COATED_OSMIUM;9935;16;9933;16;;;9945;6;9949;16;;;9940.0;0.0
av_COFFEE_d10;39100;INTARIAN_PEPPER_ROOT;10772;12;10769;20;;;10778;10;10781;17;;;10775.0;0.0
av_COFFEE_d10;39200;ASH_COATED_OSMIUM;9925;11;9921;14;;;9957;9;9959;18;;;9941.0;0.0
av_COFFEE_d10;39200;INTARIAN_PEPPER_ROOT;10771;15;10767;22;;;10777;13;10780;14;;;10774.0;0.0
av_COFFEE_d10;39300;ASH_COATED_OSMIUM;9938;17;9934;19;;;9944;13;9946;24;;;9941.0;0.0
av_COFFEE_d10;39300;INTARIAN_PEPPER_ROOT;10771;16;10767;19;;;10777;14;10780;18;;;10774.0;0.0
av_COFFEE_d10;39400;ASH_COATED_OSMIUM;9938;12;9936;14;;;9944;13;9946;16;;;9941.0;0.0
av_COFFEE_d10;39400;INTARIAN_PEPPER_ROOT;10763;12;10759;20;;;10785;13;10788;28;;;10774.0;0.0
av_COFFEE_d10;39500;ASH_COATED_OSMIUM;9938;10;9936;13;;;9944;14;9948;25;;;9941.0;0.0
av_COFFEE_d10;39500;INTARIAN_PEPPER_ROOT;10767;23;10765;14;;;10777;20;10780;15;;;10772.0;0.0
av_COFFEE_d10;39600;ASH_COATED_OSMIUM;9938;20;9934;19;;;9944;16;9947;17;;;9941.0;0.0
av_COFFEE_d10;39600;INTARIAN_PEPPER_ROOT;10769;17;10767;14;;;10775;18;10777;25;;;10772.0;0.0
av_COFFEE_d10;39700;ASH_COATED_OSMIUM;9936;17;9934;11;;;9947;10;9951;27;;;9941.5;0.0
av_COFFEE_d10;39700;INTARIAN_PEPPER_ROOT;10759;15;10757;23;;;10784;5;10787;16;;;10771.5;0.0
av_COFFEE_d10;39800;ASH_COATED_OSMIUM;9939;12;9935;14;;;9945;8;9949;19;;;9942.0;0.0
av_COFFEE_d10;39800;INTARIAN_PEPPER_ROOT;10749;20;10745;31;;;10793;24;10795;24;;;10771.0;0.0
av_COFFEE_d10;39900;ASH_COATED_OSMIUM;9936;19;9932;18;;;9946;8;9949;16;;;9941.0;0.0
av_COFFEE_d10;39900;INTARIAN_PEPPER_ROOT;10758;15;10756;12;;;10783;14;10786;22;;;10770.5;0.0
av_COFFEE_d10;40000;ASH_COATED_OSMIUM;9938;10;9934;26;;;9944;15;9948;21;;;9941.0;0.0
av_COFFEE_d10;40000;INTARIAN_PEPPER_ROOT;10763;19;10760;20;;;10777;17;10780;33;;;10770.0;0.0
av_COFFEE_d10;40100;ASH_COATED_OSMIUM;9938;16;9935;20;;;9944;15;9947;21;;;9941.0;0.0
av_COFFEE_d10;40100;INTARIAN_PEPPER_ROOT;10766;8;10764;29;;;10772;15;10775;22;;;10769.0;0.0
av_COFFEE_d10;40200;ASH_COATED_OSMIUM;9939;18;9936;23;;;9945;20;9947;18;;;9942.0;0.0
av_COFFEE_d10;40200;INTARIAN_PEPPER_ROOT;10765;5;10763;17;;;10772;15;10774;29;;;10768.5;0.0
av_COFFEE_d10;40300;ASH_COATED_OSMIUM;9936;12;9932;19;;;9948;20;9952;24;;;9942.0;0.0
av_COFFEE_d10;40300;INTARIAN_PEPPER_ROOT;10762;15;10758;22;;;10774;20;10778;27;;;10768.0;0.0
av_COFFEE_d10;40400;ASH_COATED_OSMIUM;9939;9;9936;24;;;9945;15;9947;13;;;9942.0;0.0
av_COFFEE_d10;40400;INTARIAN_PEPPER_ROOT;10755;12;10752;8;;;10780;15;10782;11;;;10767.5;0.0
av_COFFEE_d10;40500;ASH_COATED_OSMIUM;9939;12;9936;18;;;9945;15;9949;13;;;9942.0;0.0
av_COFFEE_d10;40500;INTARIAN_PEPPER_ROOT;10764;9;10762;25;;;10770;13;10774;23;;;10767.0;0.0
av_COFFEE_d10;40600;ASH_COATED_OSMIUM;9934;7;9932;15;;;9951;24;9954;21;;;9942.5;0.0
av_COFFEE_d10;40600;INTARIAN_PEPPER_ROOT;10764;18;10762;25;;;10770;16;10772;20;;;10767.0;0.0
av_COFFEE_d10;40700;ASH_COATED_OSMIUM;9935;10;9932;19;;;9947;17;9951;21;;;9941.0;0.0
av_COFFEE_d10;40700;INTARIAN_PEPPER_ROOT;10760;14;10757;30;;;10773;21;10775;21;;;10766.5;0.0
av_COFFEE_d10;40800;ASH_COATED_OSMIUM;9939;22;9937;23;;;9945;17;9948;17;;;9942.0;0.0
av_COFFEE_d10;40800;INTARIAN_PEPPER_ROOT;10762;13;10760;16;;;10768;14;10771;17;;;10765.0;0.0
av_COFFEE_d10;40900;ASH_COATED_OSMIUM;9935;10;9933;22;;;9950;16;9954;26;;;9942.5;0.0
av_COFFEE_d10;40900;INTARIAN_PEPPER_ROOT;10762;18;10759;18;;;10768;18;10770;14;;;10765.0;0.0
av_COFFEE_d10;41000;ASH_COATED_OSMIUM;9939;19;9935;14;;;9946;19;9950;18;;;9942.5;0.0
av_COFFEE_d10;41000;INTARIAN_PEPPER_ROOT;10760;12;10758;18;;;10768;21;10771;20;;;10764.0;0.0
av_COFFEE_d10;41100;ASH_COATED_OSMIUM;9939;15;9937;27;;;9946;7;9950;15;;;9942.5;0.0
av_COFFEE_d10;41100;INTARIAN_PEPPER_ROOT;10757;29;10755;26;;;10771;21;10775;14;;;10764.0;0.0
av_COFFEE_d10;41200;ASH_COATED_OSMIUM;9931;15;9929;14;;;9955;12;9957;28;;;9943.0;0.0
av_COFFEE_d10;41200;INTARIAN_PEPPER_ROOT;10752;5;10748;14;;;10775;13;10779;19;;;10763.5;0.0
av_COFFEE_d10;41300;ASH_COATED_OSMIUM;9940;18;9936;22;;;9946;15;9948;25;;;9943.0;0.0
av_COFFEE_d10;41300;INTARIAN_PEPPER_ROOT;10757;13;10755;24;;;10768;20;10771;19;;;10762.5;0.0
av_COFFEE_d10;41400;ASH_COATED_OSMIUM;9940;17;9937;17;;;9946;22;9950;17;;;9943.0;0.0
av_COFFEE_d10;41400;INTARIAN_PEPPER_ROOT;10759;13;10756;19;;;10767;14;10770;24;;;10763.0;0.0
av_COFFEE_d10;41500;ASH_COATED_OSMIUM;9940;14;9938;19;;;9946;20;9948;20;;;9943.0;0.0
av_COFFEE_d10;41500;INTARIAN_PEPPER_ROOT;10758;18;10756;20;;;10766;13;10769;21;;;10762.0;0.0
av_COFFEE_d10;41600;ASH_COATED_OSMIUM;9940;5;9937;16;;;9946;20;9949;9;;;9943.0;0.0
av_COFFEE_d10;41600;INTARIAN_PEPPER_ROOT;10758;13;10754;26;;;10764;12;10768;20;;;10761.0;0.0
av_COFFEE_d10;41700;ASH_COATED_OSMIUM;9941;12;9939;22;;;9947;18;9949;20;;;9944.0;0.0
av_COFFEE_d10;41700;INTARIAN_PEPPER_ROOT;10757;10;10754;16;;;10763;22;10765;19;;;10760.0;0.0
av_COFFEE_d10;41800;ASH_COATED_OSMIUM;9938;8;9935;18;;;9950;10;9954;8;;;9944.0;0.0
av_COFFEE_d10;41800;INTARIAN_PEPPER_ROOT;10755;21;10751;15;;;10764;21;10767;29;;;10759.5;0.0
av_COFFEE_d10;41900;ASH_COATED_OSMIUM;9940;17;9937;22;;;9946;6;9950;24;;;9943.0;0.0
av_COFFEE_d10;41900;INTARIAN_PEPPER_ROOT;10749;13;10746;26;;;10771;18;10775;19;;;10760.0;0.0
av_COFFEE_d10;42000;ASH_COATED_OSMIUM;9941;12;9938;22;;;9947;10;9950;21;;;9944.0;0.0
av_COFFEE_d10;42000;INTARIAN_PEPPER_ROOT;10756;11;10753;16;;;10762;11;10766;19;;;10759.0;0.0
av_COFFEE_d10;42100;ASH_COATED_OSMIUM;9941;18;9938;24;;;9947;16;9951;10;;;9944.0;0.0
av_COFFEE_d10;42100;INTARIAN_PEPPER_ROOT;10755;8;10753;25;;;10761;18;10763;18;;;10758.0;0.0
av_COFFEE_d10;42200;ASH_COATED_OSMIUM;9940;17;9938;16;;;9948;15;9952;24;;;9944.0;0.0
av_COFFEE_d10;42200;INTARIAN_PEPPER_ROOT;10755;16;10753;14;;;10761;27;10765;15;;;10758.0;0.0
av_COFFEE_d10;42300;ASH_COATED_OSMIUM;9938;17;9934;27;;;9950;12;9954;11;;;9944.0;0.0
av_COFFEE_d10;42300;INTARIAN_PEPPER_ROOT;10753;5;10750;17;;;10761;8;10764;22;;;10757.0;0.0
av_COFFEE_d10;42400;ASH_COATED_OSMIUM;9940;15;9938;16;;;9949;13;9952;16;;;9944.5;0.0
av_COFFEE_d10;42400;INTARIAN_PEPPER_ROOT;10753;19;10751;15;;;10759;14;10762;22;;;10756.0;0.0
av_COFFEE_d10;42500;ASH_COATED_OSMIUM;9938;12;9936;25;;;9950;20;9954;22;;;9944.0;0.0
av_COFFEE_d10;42500;INTARIAN_PEPPER_ROOT;10749;16;10747;20;;;10764;22;10768;17;;;10756.5;0.0
av_COFFEE_d10;42600;ASH_COATED_OSMIUM;9942;16;9940;25;;;9948;10;9952;21;;;9945.0;0.0
av_COFFEE_d10;42600;INTARIAN_PEPPER_ROOT;10743;20;10741;31;;;10769;7;10772;8;;;10756.0;0.0
av_COFFEE_d10;42700;ASH_COATED_OSMIUM;9941;15;9937;23;;;9947;11;9951;25;;;9944.0;0.0
av_COFFEE_d10;42700;INTARIAN_PEPPER_ROOT;10752;23;10748;20;;;10758;8;10760;12;;;10755.0;0.0
av_COFFEE_d10;42800;ASH_COATED_OSMIUM;9941;8;9938;18;;;9947;15;9950;19;;;9944.0;0.0
av_COFFEE_d10;42800;INTARIAN_PEPPER_ROOT;10751;11;10749;18;;;10757;19;10760;15;;;10754.0;0.0
av_COFFEE_d10;42900;ASH_COATED_OSMIUM;9941;18;9938;25;;;9947;18;9950;22;;;9944.0;0.0
av_COFFEE_d10;42900;INTARIAN_PEPPER_ROOT;10751;8;10747;22;;;10757;17;10761;26;;;10754.0;0.0
av_COFFEE_d10;43000;ASH_COATED_OSMIUM;9942;15;9940;20;;;9948;20;9952;19;;;9945.0;0.0
av_COFFEE_d10;43000;INTARIAN_PEPPER_ROOT;10751;12;10748;19;;;10757;21;10760;25;;;10754.0;0.0
av_COFFEE_d10;43100;ASH_COATED_OSMIUM;9939;12;9936;24;;;9951;6;9955;26;;;9945.0;0.0
av_COFFEE_d10;43100;INTARIAN_PEPPER_ROOT;10745;7;10741;26;;;10761;9;10763;23;;;10753.0;0.0
av_COFFEE_d10;43200;ASH_COATED_OSMIUM;9942;11;9938;22;;;9948;19;9951;11;;;9945.0;0.0
av_COFFEE_d10;43200;INTARIAN_PEPPER_ROOT;10745;14;10742;10;;;10760;13;10762;16;;;10752.5;0.0
av_COFFEE_d10;43300;ASH_COATED_OSMIUM;9942;17;9938;23;;;9948;16;9951;20;;;9945.0;0.0
av_COFFEE_d10;43300;INTARIAN_PEPPER_ROOT;10743;6;10741;27;;;10762;18;10766;15;;;10752.5;0.0
av_COFFEE_d10;43400;ASH_COATED_OSMIUM;9942;12;9940;21;;;9948;17;9951;21;;;9945.0;0.0
av_COFFEE_d10;43400;INTARIAN_PEPPER_ROOT;10748;25;10745;10;;;10754;17;10757;27;;;10751.0;0.0
av_COFFEE_d10;43500;ASH_COATED_OSMIUM;9942;15;9938;17;;;9948;21;9951;19;;;9945.0;0.0
av_COFFEE_d10;43500;INTARIAN_PEPPER_ROOT;10748;8;10744;21;;;10754;11;10758;13;;;10751.0;0.0
av_COFFEE_d10;43600;ASH_COATED_OSMIUM;9943;25;9941;26;;;9949;17;9953;18;;;9946.0;0.0
av_COFFEE_d10;43600;INTARIAN_PEPPER_ROOT;10747;12;10744;19;;;10753;5;10756;18;;;10750.0;0.0
av_COFFEE_d10;43700;ASH_COATED_OSMIUM;9943;10;9940;25;;;9949;11;9951;25;;;9946.0;0.0
av_COFFEE_d10;43700;INTARIAN_PEPPER_ROOT;10747;6;10745;21;;;10753;18;10756;21;;;10750.0;0.0
av_COFFEE_d10;43800;ASH_COATED_OSMIUM;9943;17;9940;18;;;9949;13;9951;16;;;9946.0;0.0
av_COFFEE_d10;43800;INTARIAN_PEPPER_ROOT;10746;13;10743;15;;;10752;14;10756;15;;;10749.0;0.0
av_COFFEE_d10;43900;ASH_COATED_OSMIUM;9943;11;9941;20;;;9949;11;9953;15;;;9946.0;0.0
av_COFFEE_d10;43900;INTARIAN_PEPPER_ROOT;10746;11;10742;15;;;10752;19;10754;23;;;10749.0;0.0
av_COFFEE_d10;44000;ASH_COATED_OSMIUM;9943;7;9939;22;;;9949;14;9951;16;;;9946.0;0.0
av_COFFEE_d10;44000;INTARIAN_PEPPER_ROOT;10743;15;10739;30;;;10753;21;10756;17;;;10748.0;0.0
av_COFFEE_d10;44100;ASH_COATED_OSMIUM;9943;10;9939;28;;;9949;16;9952;11;;;9946.0;0.0
av_COFFEE_d10;44100;INTARIAN_PEPPER_ROOT;10736;22;10732;20;;;10759;6;10762;20;;;10747.5;0.0
av_COFFEE_d10;44200;ASH_COATED_OSMIUM;9929;5;9926;18;;;9962;11;9965;31;;;9945.5;0.0
av_COFFEE_d10;44200;INTARIAN_PEPPER_ROOT;10737;17;10735;22;;;10757;12;10760;17;;;10747.0;0.0
av_COFFEE_d10;44300;ASH_COATED_OSMIUM;9943;9;9940;30;;;9949;7;9952;16;;;9946.0;0.0
av_COFFEE_d10;44300;INTARIAN_PEPPER_ROOT;10743;6;10740;22;;;10749;13;10751;21;;;10746.0;0.0
av_COFFEE_d10;44400;ASH_COATED_OSMIUM;9943;5;9941;25;;;9949;13;9951;26;;;9946.0;0.0
av_COFFEE_d10;44400;INTARIAN_PEPPER_ROOT;10742;8;10739;25;;;10748;17;10750;10;;;10745.0;0.0
av_COFFEE_d10;44500;ASH_COATED_OSMIUM;9940;17;9937;23;;;9953;23;9957;28;;;9946.5;0.0
av_COFFEE_d10;44500;INTARIAN_PEPPER_ROOT;10742;5;10739;16;;;10748;13;10752;21;;;10745.0;0.0
av_COFFEE_d10;44600;ASH_COATED_OSMIUM;9942;19;9940;22;;;9950;15;9953;34;;;9946.0;0.0
av_COFFEE_d10;44600;INTARIAN_PEPPER_ROOT;10738;12;10736;14;;;10751;21;10754;22;;;10744.5;0.0
av_COFFEE_d10;44700;ASH_COATED_OSMIUM;9943;12;9940;25;;;9949;10;9953;18;;;9946.0;0.0
av_COFFEE_d10;44700;INTARIAN_PEPPER_ROOT;10741;23;10739;15;;;10748;30;10752;22;;;10744.5;0.0
av_COFFEE_d10;44800;ASH_COATED_OSMIUM;9937;18;9933;22;;;9957;17;9961;13;;;9947.0;0.0
av_COFFEE_d10;44800;INTARIAN_PEPPER_ROOT;10740;22;10736;15;;;10746;23;10750;14;;;10743.0;0.0
av_COFFEE_d10;44900;ASH_COATED_OSMIUM;9939;12;9935;22;;;9956;12;9959;35;;;9947.5;0.0
av_COFFEE_d10;44900;INTARIAN_PEPPER_ROOT;10740;14;10738;25;;;10746;10;10749;11;;;10743.0;0.0
av_COFFEE_d10;45000;ASH_COATED_OSMIUM;9944;18;9942;22;;;9950;12;9952;23;;;9947.0;0.0
av_COFFEE_d10;45000;INTARIAN_PEPPER_ROOT;10738;15;10735;26;;;10747;16;10750;8;;;10742.5;0.0
av_COFFEE_d10;45100;ASH_COATED_OSMIUM;9944;6;9941;15;;;9950;11;9953;19;;;9947.0;0.0
av_COFFEE_d10;45100;INTARIAN_PEPPER_ROOT;10740;17;10736;16;;;10746;17;10750;15;;;10743.0;0.0
av_COFFEE_d10;45200;ASH_COATED_OSMIUM;9944;13;9941;30;;;9950;11;9952;12;;;9947.0;0.0
av_COFFEE_d10;45200;INTARIAN_PEPPER_ROOT;10735;14;10732;20;;;10747;10;10749;15;;;10741.0;0.0
av_COFFEE_d10;45300;ASH_COATED_OSMIUM;9944;17;9940;10;;;9950;15;9954;22;;;9947.0;0.0
av_COFFEE_d10;45300;INTARIAN_PEPPER_ROOT;10738;17;10735;17;;;10744;15;10748;21;;;10741.0;0.0
av_COFFEE_d10;45400;ASH_COATED_OSMIUM;9944;21;9942;25;;;9951;18;9955;21;;;9947.5;0.0
av_COFFEE_d10;45400;INTARIAN_PEPPER_ROOT;10732;16;10729;20;;;10750;25;10754;11;;;10741.0;0.0
av_COFFEE_d10;45500;ASH_COATED_OSMIUM;9945;15;9941;28;;;9951;22;9955;22;;;9948.0;0.0
av_COFFEE_d10;45500;INTARIAN_PEPPER_ROOT;10737;28;10734;17;;;10743;10;10745;12;;;10740.0;0.0
av_COFFEE_d10;45600;ASH_COATED_OSMIUM;9940;24;9938;19;;;9955;17;9958;24;;;9947.5;0.0
av_COFFEE_d10;45600;INTARIAN_PEPPER_ROOT;10718;13;10715;23;;;10761;12;10763;10;;;10739.5;0.0
av_COFFEE_d10;45700;ASH_COATED_OSMIUM;9943;19;9941;24;;;9953;9;9957;35;;;9948.0;0.0
av_COFFEE_d10;45700;INTARIAN_PEPPER_ROOT;10731;16;10729;16;;;10747;15;10751;19;;;10739.0;0.0
av_COFFEE_d10;45800;ASH_COATED_OSMIUM;9945;12;9942;26;;;9951;19;9955;27;;;9948.0;0.0
av_COFFEE_d10;45800;INTARIAN_PEPPER_ROOT;10735;14;10731;17;;;10741;17;10743;21;;;10738.0;0.0
av_COFFEE_d10;45900;ASH_COATED_OSMIUM;9942;6;9939;19;;;9954;8;9957;18;;;9948.0;0.0
av_COFFEE_d10;45900;INTARIAN_PEPPER_ROOT;10735;23;10732;27;;;10741;8;10745;15;;;10738.0;0.0
av_COFFEE_d10;46000;ASH_COATED_OSMIUM;9944;18;9942;12;;;9951;5;9955;20;;;9947.5;0.0
av_COFFEE_d10;46000;INTARIAN_PEPPER_ROOT;10733;10;10729;17;;;10741;8;10744;20;;;10737.0;0.0
av_COFFEE_d10;46100;ASH_COATED_OSMIUM;9946;16;9942;14;;;9952;16;9954;23;;;9949.0;0.0
av_COFFEE_d10;46100;INTARIAN_PEPPER_ROOT;10734;15;10732;18;;;10740;10;10744;11;;;10737.0;0.0
av_COFFEE_d10;46200;ASH_COATED_OSMIUM;9946;12;9942;21;;;9952;15;9954;14;;;9949.0;0.0
av_COFFEE_d10;46200;INTARIAN_PEPPER_ROOT;10733;14;10729;20;;;10739;10;10741;14;;;10736.0;0.0
av_COFFEE_d10;46300;ASH_COATED_OSMIUM;9945;16;9941;18;;;9952;8;9955;21;;;9948.5;0.0
av_COFFEE_d10;46300;INTARIAN_PEPPER_ROOT;10732;19;10730;15;;;10738;5;10742;17;;;10735.0;0.0
av_COFFEE_d10;46400;ASH_COATED_OSMIUM;9946;16;9944;17;;;9952;24;9954;15;;;9949.0;0.0
av_COFFEE_d10;46400;INTARIAN_PEPPER_ROOT;10724;15;10722;27;;;10747;21;10751;11;;;10735.5;0.0
av_COFFEE_d10;46500;ASH_COATED_OSMIUM;9946;22;9942;27;;;9952;7;9954;26;;;9949.0;0.0
av_COFFEE_d10;46500;INTARIAN_PEPPER_ROOT;10732;15;10730;16;;;10738;5;10741;22;;;10735.0;0.0
av_COFFEE_d10;46600;ASH_COATED_OSMIUM;9946;12;9944;19;;;9952;17;9954;28;;;9949.0;0.0
av_COFFEE_d10;46600;INTARIAN_PEPPER_ROOT;10731;6;10729;14;;;10738;13;10742;24;;;10734.5;0.0
av_COFFEE_d10;46700;ASH_COATED_OSMIUM;9944;18;9940;22;;;9955;19;9958;17;;;9949.5;0.0
av_COFFEE_d10;46700;INTARIAN_PEPPER_ROOT;10728;6;10726;11;;;10738;24;10740;21;;;10733.0;0.0
av_COFFEE_d10;46800;ASH_COATED_OSMIUM;9943;15;9939;23;;;9955;10;9959;19;;;9949.0;0.0
av_COFFEE_d10;46800;INTARIAN_PEPPER_ROOT;10729;14;10725;15;;;10735;13;10739;19;;;10732.0;0.0
av_COFFEE_d10;46900;ASH_COATED_OSMIUM;9946;10;9944;15;;;9952;12;9955;20;;;9949.0;0.0
av_COFFEE_d10;46900;INTARIAN_PEPPER_ROOT;10728;10;10726;24;;;10737;22;10740;18;;;10732.5;0.0
av_COFFEE_d10;47000;ASH_COATED_OSMIUM;9945;5;9943;21;;;9955;20;9958;18;;;9950.0;0.0
av_COFFEE_d10;47000;INTARIAN_PEPPER_ROOT;10728;17;10725;19;;;10734;8;10737;17;;;10731.0;0.0
av_COFFEE_d10;47100;ASH_COATED_OSMIUM;9947;15;9944;19;;;9953;11;9955;22;;;9950.0;0.0
av_COFFEE_d10;47100;INTARIAN_PEPPER_ROOT;10728;17;10725;18;;;10734;26;10738;15;;;10731.0;0.0
av_COFFEE_d10;47200;ASH_COATED_OSMIUM;9946;23;9942;25;;;9952;9;9955;26;;;9949.0;0.0
av_COFFEE_d10;47200;INTARIAN_PEPPER_ROOT;10728;18;10724;27;;;10734;8;10738;21;;;10731.0;0.0
av_COFFEE_d10;47300;ASH_COATED_OSMIUM;9946;10;9943;15;;;9952;16;9954;8;;;9949.0;0.0
av_COFFEE_d10;47300;INTARIAN_PEPPER_ROOT;10727;16;10723;24;;;10733;11;10735;13;;;10730.0;0.0
av_COFFEE_d10;47400;ASH_COATED_OSMIUM;9946;21;9944;13;;;9952;6;9956;32;;;9949.0;0.0
av_COFFEE_d10;47400;INTARIAN_PEPPER_ROOT;10724;12;10721;25;;;10735;15;10739;19;;;10729.5;0.0
av_COFFEE_d10;47500;ASH_COATED_OSMIUM;9947;23;9945;21;;;9953;7;9956;19;;;9950.0;0.0
av_COFFEE_d10;47500;INTARIAN_PEPPER_ROOT;10726;18;10724;17;;;10732;24;10735;20;;;10729.0;0.0
av_COFFEE_d10;47600;ASH_COATED_OSMIUM;9939;19;9935;20;;;9960;8;9964;13;;;9949.5;0.0
av_COFFEE_d10;47600;INTARIAN_PEPPER_ROOT;10726;20;10723;21;;;10732;8;10734;21;;;10729.0;0.0
av_COFFEE_d10;47700;ASH_COATED_OSMIUM;9947;5;9944;8;;;9953;19;9956;17;;;9950.0;0.0
av_COFFEE_d10;47700;INTARIAN_PEPPER_ROOT;10724;5;10722;24;;;10732;23;10734;21;;;10728.0;0.0
av_COFFEE_d10;47800;ASH_COATED_OSMIUM;9947;14;9944;28;;;9953;11;9957;20;;;9950.0;0.0
av_COFFEE_d10;47800;INTARIAN_PEPPER_ROOT;10725;23;10723;20;;;10731;9;10735;16;;;10728.0;0.0
av_COFFEE_d10;47900;ASH_COATED_OSMIUM;9946;24;9944;18;;;9955;21;9959;18;;;9950.5;0.0
av_COFFEE_d10;47900;INTARIAN_PEPPER_ROOT;10724;14;10721;13;;;10730;16;10733;21;;;10727.0;0.0
av_COFFEE_d10;48000;ASH_COATED_OSMIUM;9946;16;9942;14;;;9956;21;9960;18;;;9951.0;0.0
av_COFFEE_d10;48000;INTARIAN_PEPPER_ROOT;10723;27;10719;9;;;10729;19;10731;22;;;10726.0;0.0
av_COFFEE_d10;48100;ASH_COATED_OSMIUM;9947;8;9945;17;;;9953;17;9957;19;;;9950.0;0.0
av_COFFEE_d10;48100;INTARIAN_PEPPER_ROOT;10721;14;10717;18;;;10730;14;10734;18;;;10725.5;0.0
av_COFFEE_d10;48200;ASH_COATED_OSMIUM;9947;7;9943;26;;;9953;7;9955;17;;;9950.0;0.0
av_COFFEE_d10;48200;INTARIAN_PEPPER_ROOT;10710;5;10707;13;;;10739;20;10742;23;;;10724.5;0.0
av_COFFEE_d10;48300;ASH_COATED_OSMIUM;9937;18;9935;21;;;9965;20;9967;18;;;9951.0;0.0
av_COFFEE_d10;48300;INTARIAN_PEPPER_ROOT;10718;15;10715;24;;;10730;18;10733;24;;;10724.0;0.0
av_COFFEE_d10;48400;ASH_COATED_OSMIUM;9947;13;9945;13;;;9953;13;9955;22;;;9950.0;0.0
av_COFFEE_d10;48400;INTARIAN_PEPPER_ROOT;10719;24;10715;19;;;10730;18;10733;20;;;10724.5;0.0
av_COFFEE_d10;48500;ASH_COATED_OSMIUM;9948;24;9946;14;;;9954;13;9956;25;;;9951.0;0.0
av_COFFEE_d10;48500;INTARIAN_PEPPER_ROOT;10719;15;10717;17;;;10728;17;10732;22;;;10723.5;0.0
av_COFFEE_d10;48600;ASH_COATED_OSMIUM;9940;10;9938;15;;;9963;21;9967;13;;;9951.5;0.0
av_COFFEE_d10;48600;INTARIAN_PEPPER_ROOT;10717;5;10713;21;;;10727;16;10731;22;;;10722.0;0.0
av_COFFEE_d10;48700;ASH_COATED_OSMIUM;9947;22;9943;27;;;9955;18;9958;17;;;9951.0;0.0
av_COFFEE_d10;48700;INTARIAN_PEPPER_ROOT;10719;12;10717;16;;;10725;17;10728;25;;;10722.0;0.0
av_COFFEE_d10;48800;ASH_COATED_OSMIUM;9948;10;9944;26;;;9954;12;9956;19;;;9951.0;0.0
av_COFFEE_d10;48800;INTARIAN_PEPPER_ROOT;10719;14;10717;19;;;10725;22;10728;14;;;10722.0;0.0
av_COFFEE_d10;48900;ASH_COATED_OSMIUM;9948;7;9946;22;;;9954;16;9958;24;;;9951.0;0.0
av_COFFEE_d10;48900;INTARIAN_PEPPER_ROOT;10718;13;10714;14;;;10724;8;10728;8;;;10721.0;0.0
av_COFFEE_d10;49000;ASH_COATED_OSMIUM;9947;13;9943;20;;;9957;18;9961;15;;;9952.0;0.0
av_COFFEE_d10;49000;INTARIAN_PEPPER_ROOT;10717;10;10713;17;;;10724;25;10727;17;;;10720.5;0.0
av_COFFEE_d10;49100;ASH_COATED_OSMIUM;9947;9;9943;23;;;9957;11;9960;19;;;9952.0;0.0
av_COFFEE_d10;49100;INTARIAN_PEPPER_ROOT;10717;13;10713;28;;;10723;11;10727;22;;;10720.0;0.0
av_COFFEE_d10;49200;ASH_COATED_OSMIUM;9948;11;9945;13;;;9954;19;9956;29;;;9951.0;0.0
av_COFFEE_d10;49200;INTARIAN_PEPPER_ROOT;10716;9;10712;23;;;10722;8;10726;19;;;10719.0;0.0
av_COFFEE_d10;49300;ASH_COATED_OSMIUM;9949;9;9947;15;;;9955;20;9959;12;;;9952.0;0.0
av_COFFEE_d10;49300;INTARIAN_PEPPER_ROOT;10716;18;10713;18;;;10722;15;10726;16;;;10719.0;0.0
av_COFFEE_d10;49400;ASH_COATED_OSMIUM;9948;6;9944;16;;;9956;19;9960;22;;;9952.0;0.0
av_COFFEE_d10;49400;INTARIAN_PEPPER_ROOT;10716;11;10712;17;;;10722;12;10726;14;;;10719.0;0.0
av_COFFEE_d10;49500;ASH_COATED_OSMIUM;9949;22;9946;17;;;9956;16;9960;16;;;9952.5;0.0
av_COFFEE_d10;49500;INTARIAN_PEPPER_ROOT;10714;7;10711;23;;;10722;12;10725;14;;;10718.0;0.0
av_COFFEE_d10;49600;ASH_COATED_OSMIUM;9949;6;9946;22;;;9955;18;9958;17;;;9952.0;0.0
av_COFFEE_d10;49600;INTARIAN_PEPPER_ROOT;10707;11;10703;22;;;10729;13;10733;33;;;10718.0;0.0
av_COFFEE_d10;49700;ASH_COATED_OSMIUM;9944;8;9941;21;;;9961;11;9963;13;;;9952.5;0.0
av_COFFEE_d10;49700;INTARIAN_PEPPER_ROOT;10712;14;10708;16;;;10722;16;10724;22;;;10717.0;0.0
av_COFFEE_d10;49800;ASH_COATED_OSMIUM;9948;20;9944;17;;;9957;23;9961;17;;;9952.5;0.0
av_COFFEE_d10;49800;INTARIAN_PEPPER_ROOT;10713;21;10709;14;;;10719;8;10723;21;;;10716.0;0.0
av_COFFEE_d10;49900;ASH_COATED_OSMIUM;9944;16;9940;20;;;9961;18;9965;17;;;9952.5;0.0
av_COFFEE_d10;49900;INTARIAN_PEPPER_ROOT;10713;18;10711;18;;;10719;12;10723;18;;;10716.0;0.0
av_COFFEE_d10;50000;ASH_COATED_OSMIUM;9949;17;9947;22;;;9955;10;9958;18;;;9952.0;0.0
av_COFFEE_d10;50000;INTARIAN_PEPPER_ROOT;10712;14;10708;29;;;10719;14;10721;21;;;10715.5;0.0
av_COFFEE_d10;50100;ASH_COATED_OSMIUM;9949;8;9946;18;;;9955;19;9959;23;;;9952.0;0.0
av_COFFEE_d10;50100;INTARIAN_PEPPER_ROOT;10708;14;10705;16;;;10720;13;10723;16;;;10714.0;0.0
av_COFFEE_d10;50200;ASH_COATED_OSMIUM;9950;13;9947;30;;;9956;13;9958;16;;;9953.0;0.0
av_COFFEE_d10;50200;INTARIAN_PEPPER_ROOT;10711;19;10707;18;;;10717;16;10719;19;;;10714.0;0.0
av_COFFEE_d10;50300;ASH_COATED_OSMIUM;9950;15;9946;17;;;9956;16;9960;25;;;9953.0;0.0
av_COFFEE_d10;50300;INTARIAN_PEPPER_ROOT;10703;15;10700;24;;;10722;13;10724;26;;;10712.5;0.0
av_COFFEE_d10;50400;ASH_COATED_OSMIUM;9947;11;9945;17;;;9959;16;9962;17;;;9953.0;0.0
av_COFFEE_d10;50400;INTARIAN_PEPPER_ROOT;10709;9;10707;19;;;10717;24;10720;17;;;10713.0;0.0
av_COFFEE_d10;50500;ASH_COATED_OSMIUM;9950;24;9947;15;;;9956;12;9958;20;;;9953.0;0.0
av_COFFEE_d10;50500;INTARIAN_PEPPER_ROOT;10709;7;10707;17;;;10715;15;10719;12;;;10712.0;0.0
av_COFFEE_d10;50600;ASH_COATED_OSMIUM;9950;14;9946;18;;;9956;13;9958;18;;;9953.0;0.0
av_COFFEE_d10;50600;INTARIAN_PEPPER_ROOT;10709;16;10705;22;;;10715;14;10719;25;;;10712.0;0.0
av_COFFEE_d10;50700;ASH_COATED_OSMIUM;9950;16;9947;23;;;9956;16;9958;17;;;9953.0;0.0
av_COFFEE_d10;50700;INTARIAN_PEPPER_ROOT;10703;13;10700;25;;;10719;5;10723;19;;;10711.0;0.0
av_COFFEE_d10;50800;ASH_COATED_OSMIUM;9950;16;9947;24;;;9956;17;9958;12;;;9953.0;0.0
av_COFFEE_d10;50800;INTARIAN_PEPPER_ROOT;10706;14;10702;20;;;10715;17;10719;18;;;10710.5;0.0
av_COFFEE_d10;50900;ASH_COATED_OSMIUM;9950;16;9946;19;;;9956;16;9958;19;;;9953.0;0.0
av_COFFEE_d10;50900;INTARIAN_PEPPER_ROOT;10699;7;10697;29;;;10721;22;10725;14;;;10710.0;0.0
av_COFFEE_d10;51000;ASH_COATED_OSMIUM;9949;5;9947;21;;;9956;18;9959;28;;;9952.5;0.0
av_COFFEE_d10;51000;INTARIAN_PEPPER_ROOT;10706;10;10704;18;;;10712;21;10714;15;;;10709.0;0.0
av_COFFEE_d10;51100;ASH_COATED_OSMIUM;9950;18;9947;13;;;9956;14;9958;24;;;9953.0;0.0
av_COFFEE_d10;51100;INTARIAN_PEPPER_ROOT;10706;15;10703;19;;;10712;11;10715;27;;;10709.0;0.0
av_COFFEE_d10;51200;ASH_COATED_OSMIUM;9947;12;9944;22;;;9958;16;9961;14;;;9952.5;0.0
av_COFFEE_d10;51200;INTARIAN_PEPPER_ROOT;10704;9;10701;16;;;10712;20;10714;21;;;10708.0;0.0
av_COFFEE_d10;51300;ASH_COATED_OSMIUM;9947;16;9945;25;;;9960;11;9962;19;;;9953.5;0.0
av_COFFEE_d10;51300;INTARIAN_PEPPER_ROOT;10703;17;10699;31;;;10711;22;10713;11;;;10707.0;0.0
av_COFFEE_d10;51400;ASH_COATED_OSMIUM;9949;9;9947;13;;;9955;11;9957;28;;;9952.0;0.0
av_COFFEE_d10;51400;INTARIAN_PEPPER_ROOT;10701;13;10699;28;;;10713;17;10716;18;;;10707.0;0.0
av_COFFEE_d10;51500;ASH_COATED_OSMIUM;9949;8;9947;21;;;9955;12;9957;13;;;9952.0;0.0
av_COFFEE_d10;51500;INTARIAN_PEPPER_ROOT;10693;11;10690;30;;;10719;21;10723;15;;;10706.0;0.0
av_COFFEE_d10;51600;ASH_COATED_OSMIUM;9949;17;9945;16;;;9955;9;9958;17;;;9952.0;0.0
av_COFFEE_d10;51600;INTARIAN_PEPPER_ROOT;10702;5;10699;17;;;10708;10;10712;15;;;10705.0;0.0
av_COFFEE_d10;51700;ASH_COATED_OSMIUM;9949;8;9947;14;;;9955;8;9957;17;;;9952.0;0.0
av_COFFEE_d10;51700;INTARIAN_PEPPER_ROOT;10702;22;10698;15;;;10708;14;10711;13;;;10705.0;0.0
av_COFFEE_d10;51800;ASH_COATED_OSMIUM;9949;10;9945;25;;;9955;16;9958;21;;;9952.0;0.0
av_COFFEE_d10;51800;INTARIAN_PEPPER_ROOT;10700;13;10696;20;;;10706;16;10709;23;;;10703.0;0.0
av_COFFEE_d10;51900;ASH_COATED_OSMIUM;9949;11;9946;20;;;9955;10;9959;17;;;9952.0;0.0
av_COFFEE_d10;51900;INTARIAN_PEPPER_ROOT;10701;15;10697;14;;;10707;12;10709;23;;;10704.0;0.0
av_COFFEE_d10;52000;ASH_COATED_OSMIUM;9947;15;9944;16;;;9958;17;9961;15;;;9952.5;0.0
av_COFFEE_d10;52000;INTARIAN_PEPPER_ROOT;10700;17;10696;22;;;10706;11;10709;28;;;10703.0;0.0
av_COFFEE_d10;52100;ASH_COATED_OSMIUM;9949;15;9945;22;;;9955;14;9959;18;;;9952.0;0.0
av_COFFEE_d10;52100;INTARIAN_PEPPER_ROOT;10693;17;10689;30;;;10711;17;10715;28;;;10702.0;0.0
av_COFFEE_d10;52200;ASH_COATED_OSMIUM;9948;23;9946;17;;;9956;10;9960;18;;;9952.0;0.0
av_COFFEE_d10;52200;INTARIAN_PEPPER_ROOT;10699;9;10697;25;;;10705;16;10707;22;;;10702.0;0.0
av_COFFEE_d10;52300;ASH_COATED_OSMIUM;9949;16;9945;19;;;9955;14;9959;20;;;9952.0;0.0
av_COFFEE_d10;52300;INTARIAN_PEPPER_ROOT;10698;28;10695;15;;;10704;14;10706;27;;;10701.0;0.0
av_COFFEE_d10;52400;ASH_COATED_OSMIUM;9948;15;9944;24;;;9954;17;9958;13;;;9951.0;0.0
av_COFFEE_d10;52400;INTARIAN_PEPPER_ROOT;10697;18;10695;19;;;10703;21;10707;21;;;10700.0;0.0
av_COFFEE_d10;52500;ASH_COATED_OSMIUM;9948;12;9945;19;;;9954;20;9958;20;;;9951.0;0.0
av_COFFEE_d10;52500;INTARIAN_PEPPER_ROOT;10695;17;10691;27;;;10704;20;10707;9;;;10699.5;0.0
av_COFFEE_d10;52600;ASH_COATED_OSMIUM;9944;14;9941;24;;;9959;21;9963;22;;;9951.5;0.0
av_COFFEE_d10;52600;INTARIAN_PEPPER_ROOT;10695;14;10692;13;;;10702;13;10705;22;;;10698.5;0.0
av_COFFEE_d10;52700;ASH_COATED_OSMIUM;9949;9;9947;10;;;9955;16;9958;9;;;9952.0;0.0
av_COFFEE_d10;52700;INTARIAN_PEPPER_ROOT;10694;15;10691;17;;;10701;18;10703;17;;;10697.5;0.0
av_COFFEE_d10;52800;ASH_COATED_OSMIUM;9948;15;9946;30;;;9954;11;9958;19;;;9951.0;0.0
av_COFFEE_d10;52800;INTARIAN_PEPPER_ROOT;10695;22;10691;26;;;10701;13;10704;19;;;10698.0;0.0
av_COFFEE_d10;52900;ASH_COATED_OSMIUM;9947;17;9944;8;;;9956;17;9959;22;;;9951.5;0.0
av_COFFEE_d10;52900;INTARIAN_PEPPER_ROOT;10690;11;10687;16;;;10703;12;10707;20;;;10696.5;0.0
av_COFFEE_d10;53000;ASH_COATED_OSMIUM;9945;5;9942;31;;;9957;7;9960;16;;;9951.0;0.0
av_COFFEE_d10;53000;INTARIAN_PEPPER_ROOT;10693;15;10691;16;;;10699;13;10701;26;;;10696.0;0.0
av_COFFEE_d10;53100;ASH_COATED_OSMIUM;9948;7;9944;21;;;9954;19;9957;23;;;9951.0;0.0
av_COFFEE_d10;53100;INTARIAN_PEPPER_ROOT;10692;28;10689;24;;;10698;15;10700;22;;;10695.0;0.0
av_COFFEE_d10;53200;ASH_COATED_OSMIUM;9944;20;9941;24;;;9958;17;9962;22;;;9951.0;0.0
av_COFFEE_d10;53200;INTARIAN_PEPPER_ROOT;10686;14;10684;35;;;10703;20;10707;8;;;10694.5;0.0
av_COFFEE_d10;53300;ASH_COATED_OSMIUM;9948;9;9945;25;;;9954;9;9956;22;;;9951.0;0.0
av_COFFEE_d10;53300;INTARIAN_PEPPER_ROOT;10683;24;10679;24;;;10706;11;10710;16;;;10694.5;0.0
av_COFFEE_d10;53400;ASH_COATED_OSMIUM;9947;15;9945;22;;;9953;15;9957;17;;;9950.0;0.0
av_COFFEE_d10;53400;INTARIAN_PEPPER_ROOT;10690;20;10688;20;;;10698;21;10702;15;;;10694.0;0.0
av_COFFEE_d10;53500;ASH_COATED_OSMIUM;9943;6;9940;27;;;9959;25;9961;17;;;9951.0;0.0
av_COFFEE_d10;53500;INTARIAN_PEPPER_ROOT;10689;20;10685;28;;;10696;18;10700;24;;;10692.5;0.0
av_COFFEE_d10;53600;ASH_COATED_OSMIUM;9947;15;9945;14;;;9953;10;9957;19;;;9950.0;0.0
av_COFFEE_d10;53600;INTARIAN_PEPPER_ROOT;10689;17;10686;22;;;10695;18;10699;21;;;10692.0;0.0
av_COFFEE_d10;53700;ASH_COATED_OSMIUM;9947;7;9944;18;;;9953;14;9956;12;;;9950.0;0.0
av_COFFEE_d10;53700;INTARIAN_PEPPER_ROOT;10686;12;10682;25;;;10695;6;10697;26;;;10690.5;0.0
av_COFFEE_d10;53800;ASH_COATED_OSMIUM;9946;20;9942;23;;;9955;23;9959;27;;;9950.5;0.0
av_COFFEE_d10;53800;INTARIAN_PEPPER_ROOT;10685;8;10681;24;;;10696;14;10698;20;;;10690.5;0.0
av_COFFEE_d10;53900;ASH_COATED_OSMIUM;9943;18;9941;25;;;9958;18;9961;19;;;9950.5;0.0
av_COFFEE_d10;53900;INTARIAN_PEPPER_ROOT;10687;20;10685;8;;;10693;12;10697;19;;;10690.0;0.0
av_COFFEE_d10;54000;ASH_COATED_OSMIUM;9947;14;9945;19;;;9953;19;9955;22;;;9950.0;0.0
av_COFFEE_d10;54000;INTARIAN_PEPPER_ROOT;10687;13;10683;15;;;10693;14;10697;11;;;10690.0;0.0
av_COFFEE_d10;54100;ASH_COATED_OSMIUM;9946;7;9944;20;;;9953;14;9957;25;;;9949.5;0.0
av_COFFEE_d10;54100;INTARIAN_PEPPER_ROOT;10686;23;10682;18;;;10692;15;10696;23;;;10689.0;0.0
av_COFFEE_d10;54200;ASH_COATED_OSMIUM;9944;19;9942;22;;;9954;9;9958;19;;;9949.0;0.0
av_COFFEE_d10;54200;INTARIAN_PEPPER_ROOT;10683;15;10681;22;;;10693;17;10697;18;;;10688.0;0.0
av_COFFEE_d10;54300;ASH_COATED_OSMIUM;9947;5;9945;13;;;9953;19;9955;21;;;9950.0;0.0
av_COFFEE_d10;54300;INTARIAN_PEPPER_ROOT;10684;19;10681;27;;;10690;15;10693;12;;;10687.0;0.0
av_COFFEE_d10;54400;ASH_COATED_OSMIUM;9946;16;9943;14;;;9952;11;9956;12;;;9949.0;0.0
av_COFFEE_d10;54400;INTARIAN_PEPPER_ROOT;10684;16;10681;22;;;10690;11;10693;27;;;10687.0;0.0
av_COFFEE_d10;54500;ASH_COATED_OSMIUM;9938;22;9936;20;;;9960;17;9963;28;;;9949.0;0.0
av_COFFEE_d10;54500;INTARIAN_PEPPER_ROOT;10681;6;10679;16;;;10692;8;10694;14;;;10686.5;0.0
av_COFFEE_d10;54600;ASH_COATED_OSMIUM;9938;18;9936;21;;;9961;20;9964;14;;;9949.5;0.0
av_COFFEE_d10;54600;INTARIAN_PEPPER_ROOT;10675;19;10671;17;;;10695;6;10697;18;;;10685.0;0.0
av_COFFEE_d10;54700;ASH_COATED_OSMIUM;9946;9;9942;25;;;9953;15;9955;16;;;9949.5;0.0
av_COFFEE_d10;54700;INTARIAN_PEPPER_ROOT;10671;25;10667;19;;;10698;15;10702;15;;;10684.5;0.0
av_COFFEE_d10;54800;ASH_COATED_OSMIUM;9946;18;9944;18;;;9952;19;9955;15;;;9949.0;0.0
av_COFFEE_d10;54800;INTARIAN_PEPPER_ROOT;10678;16;10674;29;;;10691;15;10694;16;;;10684.5;0.0
av_COFFEE_d10;54900;ASH_COATED_OSMIUM;9946;19;9943;28;;;9952;5;9955;11;;;9949.0;0.0
av_COFFEE_d10;54900;INTARIAN_PEPPER_ROOT;10676;19;10672;15;;;10691;10;10693;17;;;10683.5;0.0
av_COFFEE_d10;55000;ASH_COATED_OSMIUM;9946;13;9942;15;;;9952;23;9956;22;;;9949.0;0.0
av_COFFEE_d10;55000;INTARIAN_PEPPER_ROOT;10678;19;10676;15;;;10688;13;10690;16;;;10683.0;0.0
av_COFFEE_d10;55100;ASH_COATED_OSMIUM;9945;16;9941;26;;;9951;15;9953;22;;;9948.0;0.0
av_COFFEE_d10;55100;INTARIAN_PEPPER_ROOT;10678;20;10675;20;;;10686;18;10689;25;;;10682.0;0.0
av_COFFEE_d10;55200;ASH_COATED_OSMIUM;9946;21;9944;14;;;9952;14;9955;19;;;9949.0;0.0
av_COFFEE_d10;55200;INTARIAN_PEPPER_ROOT;10677;15;10674;16;;;10684;15;10686;21;;;10680.5;0.0
av_COFFEE_d10;55300;ASH_COATED_OSMIUM;9945;16;9942;18;;;9951;12;9955;24;;;9948.0;0.0
av_COFFEE_d10;55300;INTARIAN_PEPPER_ROOT;10678;17;10675;12;;;10684;15;10686;14;;;10681.0;0.0
av_COFFEE_d10;55400;ASH_COATED_OSMIUM;9941;14;9939;18;;;9955;5;9958;18;;;9948.0;0.0
av_COFFEE_d10;55400;INTARIAN_PEPPER_ROOT;10667;15;10664;21;;;10694;10;10696;23;;;10680.5;0.0
av_COFFEE_d10;55500;ASH_COATED_OSMIUM;9946;5;9942;30;;;9952;5;9954;21;;;9949.0;0.0
av_COFFEE_d10;55500;INTARIAN_PEPPER_ROOT;10676;13;10674;21;;;10683;24;10687;21;;;10679.5;0.0
av_COFFEE_d10;55600;ASH_COATED_OSMIUM;9942;13;9939;23;;;9955;17;9957;16;;;9948.5;0.0
av_COFFEE_d10;55600;INTARIAN_PEPPER_ROOT;10676;19;10673;26;;;10683;10;10687;25;;;10679.5;0.0
av_COFFEE_d10;55700;ASH_COATED_OSMIUM;9945;8;9942;21;;;9951;16;9955;14;;;9948.0;0.0
av_COFFEE_d10;55700;INTARIAN_PEPPER_ROOT;10675;21;10673;17;;;10681;13;10685;20;;;10678.0;0.0
av_COFFEE_d10;55800;ASH_COATED_OSMIUM;9945;9;9943;18;;;9951;21;9954;17;;;9948.0;0.0
av_COFFEE_d10;55800;INTARIAN_PEPPER_ROOT;10674;28;10670;24;;;10680;19;10682;15;;;10677.0;0.0
av_COFFEE_d10;55900;ASH_COATED_OSMIUM;9944;14;9940;21;;;9950;13;9954;24;;;9947.0;0.0
av_COFFEE_d10;55900;INTARIAN_PEPPER_ROOT;10668;8;10665;21;;;10685;19;10689;19;;;10676.5;0.0
av_COFFEE_d10;56000;ASH_COATED_OSMIUM;9939;16;9935;17;;;9955;11;9957;18;;;9947.0;0.0
av_COFFEE_d10;56000;INTARIAN_PEPPER_ROOT;10668;24;10666;15;;;10683;15;10685;23;;;10675.5;0.0
av_COFFEE_d10;56100;ASH_COATED_OSMIUM;9925;21;9923;8;;;9970;12;9974;23;;;9947.5;0.0
av_COFFEE_d10;56100;INTARIAN_PEPPER_ROOT;10673;16;10670;15;;;10679;16;10683;26;;;10676.0;0.0
av_COFFEE_d10;56200;ASH_COATED_OSMIUM;9945;18;9942;17;;;9951;15;9954;17;;;9948.0;0.0
av_COFFEE_d10;56200;INTARIAN_PEPPER_ROOT;10672;12;10668;18;;;10678;16;10681;16;;;10675.0;0.0
av_COFFEE_d10;56300;ASH_COATED_OSMIUM;9945;16;9942;18;;;9951;18;9954;22;;;9948.0;0.0
av_COFFEE_d10;56300;INTARIAN_PEPPER_ROOT;10671;19;10667;21;;;10677;20;10681;15;;;10674.0;0.0
