day;timestamp;product;bid_price_1;bid_volume_1;bid_price_2;bid_volume_2;bid_price_3;bid_volume_3;ask_price_1;ask_volume_1;ask_price_2;ask_volume_2;ask_price_3;ask_volume_3;mid_price;profit_and_loss
av_CORN_d4;0;ASH_COATED_OSMIUM;9918;12;9914;24;;;9936;5;9940;10;;;9927.0;0.0
av_CORN_d4;0;INTARIAN_PEPPER_ROOT;10186;8;10183;24;;;10192;18;10196;27;;;10189.0;0.0
av_CORN_d4;100;ASH_COATED_OSMIUM;9923;19;9921;27;;;9929;16;9933;15;;;9926.0;0.0
av_CORN_d4;100;INTARIAN_PEPPER_ROOT;10185;9;10182;21;;;10191;23;10193;20;;;10188.0;0.0
av_CORN_d4;200;ASH_COATED_OSMIUM;9924;18;9921;20;;;9930;14;9932;13;;;9927.0;0.0
av_CORN_d4;200;INTARIAN_PEPPER_ROOT;10184;21;10181;25;;;10192;21;10195;10;;;10188.0;0.0
av_CORN_d4;300;ASH_COATED_OSMIUM;9913;16;9910;17;;;9941;11;9943;19;;;9927.0;0.0
av_CORN_d4;300;INTARIAN_PEPPER_ROOT;10184;11;10180;20;;;10192;19;10195;12;;;10188.0;0.0
av_CORN_d4;400;ASH_COATED_OSMIUM;9924;11;9921;20;;;9930;26;9932;23;;;9927.0;0.0
av_CORN_d4;400;INTARIAN_PEPPER_ROOT;10184;11;10181;20;;;10190;16;10194;26;;;10187.0;0.0
av_CORN_d4;500;ASH_COATED_OSMIUM;9918;25;9914;22;;;9937;15;9939;11;;;9927.5;0.0
av_CORN_d4;500;INTARIAN_PEPPER_ROOT;10180;20;10178;15;;;10195;25;10198;21;;;10187.5;0.0
av_CORN_d4;600;ASH_COATED_OSMIUM;9924;5;9920;21;;;9930;16;9933;18;;;9927.0;0.0
av_CORN_d4;600;INTARIAN_PEPPER_ROOT;10184;6;10181;22;;;10190;16;10192;18;;;10187.0;0.0
av_CORN_d4;700;ASH_COATED_OSMIUM;9923;19;9919;15;;;9932;9;9935;22;;;9927.5;0.0
av_CORN_d4;700;INTARIAN_PEPPER_ROOT;10184;14;10180;11;;;10190;14;10194;16;;;10187.0;0.0
av_CORN_d4;800;ASH_COATED_OSMIUM;9914;20;9912;9;;;9940;16;9942;17;;;9927.0;0.0
av_CORN_d4;800;INTARIAN_PEPPER_ROOT;10183;16;10180;16;;;10189;9;10191;24;;;10186.0;0.0
av_CORN_d4;900;ASH_COATED_OSMIUM;9924;10;9922;15;;;9930;11;9933;24;;;9927.0;0.0
av_CORN_d4;900;INTARIAN_PEPPER_ROOT;10183;15;10181;24;;;10189;18;10192;22;;;10186.0;0.0
av_CORN_d4;1000;ASH_COATED_OSMIUM;9922;16;9918;14;;;9931;5;9935;23;;;9926.5;0.0
av_CORN_d4;1000;INTARIAN_PEPPER_ROOT;10183;14;10179;26;;;10189;24;10191;23;;;10186.0;0.0
av_CORN_d4;1100;ASH_COATED_OSMIUM;9924;17;9920;15;;;9930;21;9932;14;;;9927.0;0.0
av_CORN_d4;1100;INTARIAN_PEPPER_ROOT;10181;25;10177;20;;;10190;6;10193;20;;;10185.5;0.0
av_CORN_d4;1200;ASH_COATED_OSMIUM;9917;20;9915;17;;;9937;18;9940;28;;;9927.0;0.0
av_CORN_d4;1200;INTARIAN_PEPPER_ROOT;10182;5;10178;23;;;10188;28;10191;17;;;10185.0;0.0
av_CORN_d4;1300;ASH_COATED_OSMIUM;9924;6;9920;9;;;9930;11;9934;19;;;9927.0;0.0
av_CORN_d4;1300;INTARIAN_PEPPER_ROOT;10182;16;10180;29;;;10189;13;10193;13;;;10185.5;0.0
av_CORN_d4;1400;ASH_COATED_OSMIUM;9924;21;9920;35;;;9930;15;9933;12;;;9927.0;0.0
av_CORN_d4;1400;INTARIAN_PEPPER_ROOT;10182;14;10179;16;;;10188;17;10190;18;;;10185.0;0.0
av_CORN_d4;1500;ASH_COATED_OSMIUM;9925;14;9921;14;;;9931;12;9934;23;;;9928.0;0.0
av_CORN_d4;1500;INTARIAN_PEPPER_ROOT;10181;16;10177;25;;;10187;17;10190;22;;;10184.0;0.0
av_CORN_d4;1600;ASH_COATED_OSMIUM;9921;6;9918;19;;;9934;22;9938;22;;;9927.5;0.0
av_CORN_d4;1600;INTARIAN_PEPPER_ROOT;10181;18;10177;23;;;10187;7;10191;14;;;10184.0;0.0
av_CORN_d4;1700;ASH_COATED_OSMIUM;9921;22;9918;16;;;9934;30;9937;10;;;9927.5;0.0
av_CORN_d4;1700;INTARIAN_PEPPER_ROOT;10181;18;10177;15;;;10187;9;10189;15;;;10184.0;0.0
av_CORN_d4;1800;ASH_COATED_OSMIUM;9925;23;9923;17;;;9931;18;9935;21;;;9928.0;0.0
av_CORN_d4;1800;INTARIAN_PEPPER_ROOT;10178;11;10174;22;;;10190;19;10194;27;;;10184.0;0.0
av_CORN_d4;1900;ASH_COATED_OSMIUM;9924;12;9921;25;;;9932;10;9934;15;;;9928.0;0.0
av_CORN_d4;1900;INTARIAN_PEPPER_ROOT;10180;16;10177;24;;;10186;10;10189;17;;;10183.0;0.0
av_CORN_d4;2000;ASH_COATED_OSMIUM;9925;22;9923;19;;;9931;18;9933;29;;;9928.0;0.0
av_CORN_d4;2000;INTARIAN_PEPPER_ROOT;10180;15;10177;8;;;10186;13;10190;16;;;10183.0;0.0
av_CORN_d4;2100;ASH_COATED_OSMIUM;9921;5;9918;17;;;9935;11;9938;26;;;9928.0;0.0
av_CORN_d4;2100;INTARIAN_PEPPER_ROOT;10180;12;10176;18;;;10186;20;10190;22;;;10183.0;0.0
av_CORN_d4;2200;ASH_COATED_OSMIUM;9925;5;9922;25;;;9931;13;9935;17;;;9928.0;0.0
av_CORN_d4;2200;INTARIAN_PEPPER_ROOT;10178;22;10175;17;;;10187;13;10189;12;;;10182.5;0.0
av_CORN_d4;2300;ASH_COATED_OSMIUM;9915;20;9912;20;;;9941;26;9944;22;;;9928.0;0.0
av_CORN_d4;2300;INTARIAN_PEPPER_ROOT;10179;11;10175;14;;;10185;17;10188;21;;;10182.0;0.0
av_CORN_d4;2400;ASH_COATED_OSMIUM;9924;15;9922;15;;;9930;22;9934;17;;;9927.0;0.0
av_CORN_d4;2400;INTARIAN_PEPPER_ROOT;10179;18;10176;22;;;10185;17;10189;12;;;10182.0;0.0
av_CORN_d4;2500;ASH_COATED_OSMIUM;9921;11;9917;21;;;9935;13;9938;20;;;9928.0;0.0
av_CORN_d4;2500;INTARIAN_PEPPER_ROOT;10176;13;10172;11;;;10188;18;10191;23;;;10182.0;0.0
av_CORN_d4;2600;ASH_COATED_OSMIUM;9923;22;9920;24;;;9931;22;9935;26;;;9927.0;0.0
av_CORN_d4;2600;INTARIAN_PEPPER_ROOT;10178;19;10176;16;;;10184;14;10186;16;;;10181.0;0.0
av_CORN_d4;2700;ASH_COATED_OSMIUM;9918;9;9915;17;;;9938;17;9942;18;;;9928.0;0.0
av_CORN_d4;2700;INTARIAN_PEPPER_ROOT;10177;16;10175;15;;;10187;9;10190;22;;;10182.0;0.0
av_CORN_d4;2800;ASH_COATED_OSMIUM;9921;17;9918;19;;;9936;18;9939;21;;;9928.5;0.0
av_CORN_d4;2800;INTARIAN_PEPPER_ROOT;10177;15;10175;19;;;10184;14;10187;22;;;10180.5;0.0
av_CORN_d4;2900;ASH_COATED_OSMIUM;9917;19;9915;21;;;9938;24;9941;19;;;9927.5;0.0
av_CORN_d4;2900;INTARIAN_PEPPER_ROOT;10177;12;10174;19;;;10184;27;10186;19;;;10180.5;0.0
av_CORN_d4;3000;ASH_COATED_OSMIUM;9924;14;9921;17;;;9932;15;9934;20;;;9928.0;0.0
av_CORN_d4;3000;INTARIAN_PEPPER_ROOT;10177;18;10174;19;;;10183;20;10186;19;;;10180.0;0.0
av_CORN_d4;3100;ASH_COATED_OSMIUM;9924;12;9920;16;;;9932;20;9935;22;;;9928.0;0.0
av_CORN_d4;3100;INTARIAN_PEPPER_ROOT;10175;11;10171;25;;;10183;13;10186;30;;;10179.0;0.0
av_CORN_d4;3200;ASH_COATED_OSMIUM;9916;7;9913;14;;;9940;5;9944;13;;;9928.0;0.0
av_CORN_d4;3200;INTARIAN_PEPPER_ROOT;10176;5;10172;25;;;10183;8;10187;33;;;10179.5;0.0
av_CORN_d4;3300;ASH_COATED_OSMIUM;9925;5;9922;18;;;9931;24;9933;20;;;9928.0;0.0
av_CORN_d4;3300;INTARIAN_PEPPER_ROOT;10176;17;10173;12;;;10182;8;10184;22;;;10179.0;0.0
av_CORN_d4;3400;ASH_COATED_OSMIUM;9923;12;9920;25;;;9932;22;9936;22;;;9927.5;0.0
av_CORN_d4;3400;INTARIAN_PEPPER_ROOT;10176;11;10172;12;;;10182;17;10184;15;;;10179.0;0.0
av_CORN_d4;3500;ASH_COATED_OSMIUM;9925;15;9923;17;;;9931;16;9934;18;;;9928.0;0.0
av_CORN_d4;3500;INTARIAN_PEPPER_ROOT;10176;15;10173;15;;;10182;14;10184;17;;;10179.0;0.0
av_CORN_d4;3600;ASH_COATED_OSMIUM;9925;18;9921;25;;;9931;10;9933;16;;;9928.0;0.0
av_CORN_d4;3600;INTARIAN_PEPPER_ROOT;10169;18;10165;23;;;10186;8;10190;18;;;10177.5;0.0
av_CORN_d4;3700;ASH_COATED_OSMIUM;9924;21;9922;15;;;9932;19;9934;25;;;9928.0;0.0
av_CORN_d4;3700;INTARIAN_PEPPER_ROOT;10175;9;10173;33;;;10181;17;10183;19;;;10178.0;0.0
av_CORN_d4;3800;ASH_COATED_OSMIUM;9918;15;9916;21;;;9938;13;9940;10;;;9928.0;0.0
av_CORN_d4;3800;INTARIAN_PEPPER_ROOT;10171;16;10168;22;;;10185;11;10187;20;;;10178.0;0.0
av_CORN_d4;3900;ASH_COATED_OSMIUM;9925;17;9922;16;;;9931;17;9935;23;;;9928.0;0.0
av_CORN_d4;3900;INTARIAN_PEPPER_ROOT;10174;12;10172;22;;;10180;10;10184;17;;;10177.0;0.0
av_CORN_d4;4000;ASH_COATED_OSMIUM;9923;5;9919;24;;;9934;19;9937;23;;;9928.5;0.0
av_CORN_d4;4000;INTARIAN_PEPPER_ROOT;10174;7;10170;27;;;10180;10;10183;10;;;10177.0;0.0
av_CORN_d4;4100;ASH_COATED_OSMIUM;9921;17;9918;10;;;9936;22;9938;34;;;9928.5;0.0
av_CORN_d4;4100;INTARIAN_PEPPER_ROOT;10174;18;10172;23;;;10180;12;10182;17;;;10177.0;0.0
av_CORN_d4;4200;ASH_COATED_OSMIUM;9920;19;9916;19;;;9937;21;9940;26;;;9928.5;0.0
av_CORN_d4;4200;INTARIAN_PEPPER_ROOT;10174;8;10170;21;;;10180;19;10184;22;;;10177.0;0.0
av_CORN_d4;4300;ASH_COATED_OSMIUM;9925;6;9921;19;;;9931;10;9933;13;;;9928.0;0.0
av_CORN_d4;4300;INTARIAN_PEPPER_ROOT;10172;12;10170;13;;;10181;11;10185;22;;;10176.5;0.0
av_CORN_d4;4400;ASH_COATED_OSMIUM;9925;17;9922;24;;;9931;18;9934;18;;;9928.0;0.0
av_CORN_d4;4400;INTARIAN_PEPPER_ROOT;10157;19;10153;13;;;10193;15;10196;10;;;10175.0;0.0
av_CORN_d4;4500;ASH_COATED_OSMIUM;9909;8;9905;18;;;9947;13;9949;22;;;9928.0;0.0
av_CORN_d4;4500;INTARIAN_PEPPER_ROOT;10172;9;10168;23;;;10178;18;10180;19;;;10175.0;0.0
av_CORN_d4;4600;ASH_COATED_OSMIUM;9918;14;9914;22;;;9940;10;9944;19;;;9929.0;0.0
av_CORN_d4;4600;INTARIAN_PEPPER_ROOT;10173;15;10171;18;;;10179;22;10183;13;;;10176.0;0.0
av_CORN_d4;4700;ASH_COATED_OSMIUM;9918;14;9916;21;;;9940;14;9944;16;;;9929.0;0.0
av_CORN_d4;4700;INTARIAN_PEPPER_ROOT;10172;13;10170;21;;;10178;15;10182;25;;;10175.0;0.0
av_CORN_d4;4800;ASH_COATED_OSMIUM;9926;15;9924;21;;;9932;19;9936;14;;;9929.0;0.0
av_CORN_d4;4800;INTARIAN_PEPPER_ROOT;10168;14;10164;22;;;10182;21;10186;22;;;10175.0;0.0
av_CORN_d4;4900;ASH_COATED_OSMIUM;9921;14;9917;15;;;9936;12;9939;19;;;9928.5;0.0
av_CORN_d4;4900;INTARIAN_PEPPER_ROOT;10172;18;10169;17;;;10178;18;10182;28;;;10175.0;0.0
av_CORN_d4;5000;ASH_COATED_OSMIUM;9924;18;9922;12;;;9934;23;9938;21;;;9929.0;0.0
av_CORN_d4;5000;INTARIAN_PEPPER_ROOT;10171;13;10169;23;;;10177;11;10181;23;;;10174.0;0.0
av_CORN_d4;5100;ASH_COATED_OSMIUM;9926;10;9924;21;;;9932;13;9935;23;;;9929.0;0.0
av_CORN_d4;5100;INTARIAN_PEPPER_ROOT;10171;14;10169;10;;;10177;5;10181;17;;;10174.0;0.0
av_CORN_d4;5200;ASH_COATED_OSMIUM;9926;14;9924;20;;;9932;15;9936;18;;;9929.0;0.0
av_CORN_d4;5200;INTARIAN_PEPPER_ROOT;10171;8;10169;23;;;10177;18;10179;18;;;10174.0;0.0
av_CORN_d4;5300;ASH_COATED_OSMIUM;9925;16;9922;29;;;9932;18;9935;22;;;9928.5;0.0
av_CORN_d4;5300;INTARIAN_PEPPER_ROOT;10171;28;10169;25;;;10177;8;10179;17;;;10174.0;0.0
av_CORN_d4;5400;ASH_COATED_OSMIUM;9926;14;9922;13;;;9932;21;9936;16;;;9929.0;0.0
av_CORN_d4;5400;INTARIAN_PEPPER_ROOT;10165;18;10162;25;;;10180;16;10183;14;;;10172.5;0.0
av_CORN_d4;5500;ASH_COATED_OSMIUM;9926;15;9923;19;;;9932;17;9936;11;;;9929.0;0.0
av_CORN_d4;5500;INTARIAN_PEPPER_ROOT;10170;13;10166;21;;;10176;5;10180;19;;;10173.0;0.0
av_CORN_d4;5600;ASH_COATED_OSMIUM;9926;16;9924;15;;;9932;17;9936;22;;;9929.0;0.0
av_CORN_d4;5600;INTARIAN_PEPPER_ROOT;10166;8;10163;15;;;10179;9;10183;17;;;10172.5;0.0
av_CORN_d4;5700;ASH_COATED_OSMIUM;9925;19;9922;12;;;9934;19;9936;26;;;9929.5;0.0
av_CORN_d4;5700;INTARIAN_PEPPER_ROOT;10156;8;10154;15;;;10188;9;10191;17;;;10172.0;0.0
av_CORN_d4;5800;ASH_COATED_OSMIUM;9926;12;9924;20;;;9933;16;9936;17;;;9929.5;0.0
av_CORN_d4;5800;INTARIAN_PEPPER_ROOT;10167;7;10165;17;;;10177;12;10179;19;;;10172.0;0.0
av_CORN_d4;5900;ASH_COATED_OSMIUM;9926;18;9923;21;;;9932;15;9936;16;;;9929.0;0.0
av_CORN_d4;5900;INTARIAN_PEPPER_ROOT;10161;11;10157;16;;;10183;22;10185;32;;;10172.0;0.0
av_CORN_d4;6000;ASH_COATED_OSMIUM;9919;9;9917;18;;;9941;6;9943;24;;;9930.0;0.0
av_CORN_d4;6000;INTARIAN_PEPPER_ROOT;10169;12;10167;20;;;10175;20;10178;14;;;10172.0;0.0
av_CORN_d4;6100;ASH_COATED_OSMIUM;9926;16;9923;23;;;9932;14;9936;17;;;9929.0;0.0
av_CORN_d4;6100;INTARIAN_PEPPER_ROOT;10169;24;10167;24;;;10175;21;10178;13;;;10172.0;0.0
av_CORN_d4;6200;ASH_COATED_OSMIUM;9926;13;9923;27;;;9932;14;9934;10;;;9929.0;0.0
av_CORN_d4;6200;INTARIAN_PEPPER_ROOT;10167;15;10163;14;;;10174;21;10178;27;;;10170.5;0.0
av_CORN_d4;6300;ASH_COATED_OSMIUM;9927;5;9924;33;;;9933;21;9936;25;;;9930.0;0.0
av_CORN_d4;6300;INTARIAN_PEPPER_ROOT;10163;17;10160;18;;;10180;21;10182;8;;;10171.5;0.0
av_CORN_d4;6400;ASH_COATED_OSMIUM;9925;15;9921;22;;;9935;7;9938;12;;;9930.0;0.0
av_CORN_d4;6400;INTARIAN_PEPPER_ROOT;10165;16;10163;18;;;10177;14;10179;22;;;10171.0;0.0
av_CORN_d4;6500;ASH_COATED_OSMIUM;9926;18;9923;11;;;9932;19;9936;18;;;9929.0;0.0
av_CORN_d4;6500;INTARIAN_PEPPER_ROOT;10168;12;10166;20;;;10174;17;10176;18;;;10171.0;0.0
av_CORN_d4;6600;ASH_COATED_OSMIUM;9923;13;9920;12;;;9937;15;9939;18;;;9930.0;0.0
av_CORN_d4;6600;INTARIAN_PEPPER_ROOT;10166;15;10164;20;;;10175;11;10177;24;;;10170.5;0.0
av_CORN_d4;6700;ASH_COATED_OSMIUM;9926;12;9923;17;;;9934;15;9938;10;;;9930.0;0.0
av_CORN_d4;6700;INTARIAN_PEPPER_ROOT;10165;10;10162;27;;;10171;18;10175;28;;;10168.0;0.0
av_CORN_d4;6800;ASH_COATED_OSMIUM;9916;12;9914;12;;;9944;20;9948;27;;;9930.0;0.0
av_CORN_d4;6800;INTARIAN_PEPPER_ROOT;10167;21;10163;25;;;10173;18;10177;16;;;10170.0;0.0
av_CORN_d4;6900;ASH_COATED_OSMIUM;9927;6;9925;26;;;9933;12;9937;8;;;9930.0;0.0
av_CORN_d4;6900;INTARIAN_PEPPER_ROOT;10160;19;10156;11;;;10178;11;10182;20;;;10169.0;0.0
av_CORN_d4;7000;ASH_COATED_OSMIUM;9925;23;9922;25;;;9934;13;9938;13;;;9929.5;0.0
av_CORN_d4;7000;INTARIAN_PEPPER_ROOT;10160;14;10156;19;;;10177;9;10181;21;;;10168.5;0.0
av_CORN_d4;7100;ASH_COATED_OSMIUM;9927;15;9924;21;;;9933;18;9936;14;;;9930.0;0.0
av_CORN_d4;7100;INTARIAN_PEPPER_ROOT;10166;12;10162;28;;;10172;19;10176;15;;;10169.0;0.0
av_CORN_d4;7200;ASH_COATED_OSMIUM;9927;12;9925;29;;;9933;15;9935;21;;;9930.0;0.0
av_CORN_d4;7200;INTARIAN_PEPPER_ROOT;10165;11;10161;27;;;10172;8;10176;24;;;10168.5;0.0
av_CORN_d4;7300;ASH_COATED_OSMIUM;9925;14;9921;18;;;9934;15;9937;15;;;9929.5;0.0
av_CORN_d4;7300;INTARIAN_PEPPER_ROOT;10153;13;10149;18;;;10182;10;10186;29;;;10167.5;0.0
av_CORN_d4;7400;ASH_COATED_OSMIUM;9927;16;9923;20;;;9933;14;9935;10;;;9930.0;0.0
av_CORN_d4;7400;INTARIAN_PEPPER_ROOT;10165;13;10162;17;;;10171;13;10173;19;;;10168.0;0.0
av_CORN_d4;7500;ASH_COATED_OSMIUM;9928;17;9924;20;;;9934;6;9937;19;;;9931.0;0.0
av_CORN_d4;7500;INTARIAN_PEPPER_ROOT;10161;25;10158;18;;;10174;18;10177;10;;;10167.5;0.0
av_CORN_d4;7600;ASH_COATED_OSMIUM;9927;15;9925;20;;;9933;8;9937;28;;;9930.0;0.0
av_CORN_d4;7600;INTARIAN_PEPPER_ROOT;10164;13;10160;26;;;10170;14;10174;19;;;10167.0;0.0
av_CORN_d4;7700;ASH_COATED_OSMIUM;9927;25;9924;17;;;9933;23;9937;16;;;9930.0;0.0
av_CORN_d4;7700;INTARIAN_PEPPER_ROOT;10159;9;10157;28;;;10175;15;10178;13;;;10167.0;0.0
av_CORN_d4;7800;ASH_COATED_OSMIUM;9923;9;9920;28;;;9937;7;9939;12;;;9930.0;0.0
av_CORN_d4;7800;INTARIAN_PEPPER_ROOT;10144;5;10140;20;;;10188;17;10192;17;;;10166.0;0.0
av_CORN_d4;7900;ASH_COATED_OSMIUM;9927;13;9925;22;;;9933;19;9937;17;;;9930.0;0.0
av_CORN_d4;7900;INTARIAN_PEPPER_ROOT;10163;25;10159;17;;;10169;5;10172;13;;;10166.0;0.0
av_CORN_d4;8000;ASH_COATED_OSMIUM;9927;11;9924;18;;;9933;10;9937;25;;;9930.0;0.0
av_CORN_d4;8000;INTARIAN_PEPPER_ROOT;10159;20;10157;24;;;10172;18;10175;19;;;10165.5;0.0
av_CORN_d4;8100;ASH_COATED_OSMIUM;9927;19;9925;24;;;9933;13;9936;16;;;9930.0;0.0
av_CORN_d4;8100;INTARIAN_PEPPER_ROOT;10159;20;10155;26;;;10173;13;10176;16;;;10166.0;0.0
av_CORN_d4;8200;ASH_COATED_OSMIUM;9927;11;9925;17;;;9933;13;9937;13;;;9930.0;0.0
av_CORN_d4;8200;INTARIAN_PEPPER_ROOT;10162;23;10159;24;;;10168;17;10172;21;;;10165.0;0.0
av_CORN_d4;8300;ASH_COATED_OSMIUM;9927;5;9923;14;;;9933;11;9935;15;;;9930.0;0.0
av_CORN_d4;8300;INTARIAN_PEPPER_ROOT;10162;17;10160;14;;;10168;13;10171;22;;;10165.0;0.0
av_CORN_d4;8400;ASH_COATED_OSMIUM;9923;10;9919;23;;;9937;8;9940;17;;;9930.0;0.0
av_CORN_d4;8400;INTARIAN_PEPPER_ROOT;10162;19;10159;26;;;10168;13;10171;26;;;10165.0;0.0
av_CORN_d4;8500;ASH_COATED_OSMIUM;9913;16;9911;21;;;9948;5;9951;17;;;9930.5;0.0
av_CORN_d4;8500;INTARIAN_PEPPER_ROOT;10161;17;10157;27;;;10167;12;10170;23;;;10164.0;0.0
av_CORN_d4;8600;ASH_COATED_OSMIUM;9928;11;9925;13;;;9934;20;9936;18;;;9931.0;0.0
av_CORN_d4;8600;INTARIAN_PEPPER_ROOT;10161;17;10157;8;;;10167;9;10170;17;;;10164.0;0.0
av_CORN_d4;8700;ASH_COATED_OSMIUM;9927;21;9924;18;;;9933;6;9937;11;;;9930.0;0.0
av_CORN_d4;8700;INTARIAN_PEPPER_ROOT;10157;17;10154;14;;;10171;19;10174;20;;;10164.0;0.0
av_CORN_d4;8800;ASH_COATED_OSMIUM;9927;8;9924;21;;;9933;20;9935;17;;;9930.0;0.0
av_CORN_d4;8800;INTARIAN_PEPPER_ROOT;10160;9;10157;27;;;10167;12;10171;18;;;10163.5;0.0
av_CORN_d4;8900;ASH_COATED_OSMIUM;9927;10;9923;15;;;9935;20;9937;17;;;9931.0;0.0
av_CORN_d4;8900;INTARIAN_PEPPER_ROOT;10160;21;10156;30;;;10166;14;10170;20;;;10163.0;0.0
av_CORN_d4;9000;ASH_COATED_OSMIUM;9923;19;9920;10;;;9938;6;9940;22;;;9930.5;0.0
av_CORN_d4;9000;INTARIAN_PEPPER_ROOT;10160;16;10156;15;;;10166;9;10168;13;;;10163.0;0.0
av_CORN_d4;9100;ASH_COATED_OSMIUM;9927;14;9923;14;;;9933;5;9937;16;;;9930.0;0.0
av_CORN_d4;9100;INTARIAN_PEPPER_ROOT;10152;18;10148;21;;;10173;13;10175;22;;;10162.5;0.0
av_CORN_d4;9200;ASH_COATED_OSMIUM;9928;20;9926;29;;;9934;15;9937;13;;;9931.0;0.0
av_CORN_d4;9200;INTARIAN_PEPPER_ROOT;10159;16;10156;14;;;10165;23;10167;18;;;10162.0;0.0
av_CORN_d4;9300;ASH_COATED_OSMIUM;9928;10;9924;23;;;9934;5;9937;11;;;9931.0;0.0
av_CORN_d4;9300;INTARIAN_PEPPER_ROOT;10159;14;10157;20;;;10166;11;10169;13;;;10162.5;0.0
av_CORN_d4;9400;ASH_COATED_OSMIUM;9928;15;9924;23;;;9934;8;9938;25;;;9931.0;0.0
av_CORN_d4;9400;INTARIAN_PEPPER_ROOT;10159;10;10156;32;;;10165;18;10167;15;;;10162.0;0.0
av_CORN_d4;9500;ASH_COATED_OSMIUM;9927;12;9924;15;;;9933;27;9937;23;;;9930.0;0.0
av_CORN_d4;9500;INTARIAN_PEPPER_ROOT;10158;9;10154;28;;;10164;10;10168;12;;;10161.0;0.0
av_CORN_d4;9600;ASH_COATED_OSMIUM;9922;12;9919;28;;;9940;7;9944;12;;;9931.0;0.0
av_CORN_d4;9600;INTARIAN_PEPPER_ROOT;10158;21;10155;17;;;10164;5;10168;13;;;10161.0;0.0
av_CORN_d4;9700;ASH_COATED_OSMIUM;9928;12;9925;23;;;9934;13;9938;8;;;9931.0;0.0
av_CORN_d4;9700;INTARIAN_PEPPER_ROOT;10158;15;10154;18;;;10164;12;10168;10;;;10161.0;0.0
av_CORN_d4;9800;ASH_COATED_OSMIUM;9928;9;9926;19;;;9934;20;9937;9;;;9931.0;0.0
av_CORN_d4;9800;INTARIAN_PEPPER_ROOT;10157;14;10154;11;;;10163;26;10165;14;;;10160.0;0.0
av_CORN_d4;9900;ASH_COATED_OSMIUM;9928;10;9925;14;;;9934;20;9936;25;;;9931.0;0.0
av_CORN_d4;9900;INTARIAN_PEPPER_ROOT;10156;17;10152;22;;;10166;8;10168;28;;;10161.0;0.0
av_CORN_d4;10000;ASH_COATED_OSMIUM;9927;15;9925;24;;;9936;15;9938;15;;;9931.5;0.0
av_CORN_d4;10000;INTARIAN_PEPPER_ROOT;10157;14;10155;23;;;10163;14;10165;12;;;10160.0;0.0
av_CORN_d4;10100;ASH_COATED_OSMIUM;9927;17;9924;22;;;9935;10;9937;14;;;9931.0;0.0
av_CORN_d4;10100;INTARIAN_PEPPER_ROOT;10157;9;10155;18;;;10163;18;10165;24;;;10160.0;0.0
av_CORN_d4;10200;ASH_COATED_OSMIUM;9928;11;9926;23;;;9934;19;9938;12;;;9931.0;0.0
av_CORN_d4;10200;INTARIAN_PEPPER_ROOT;10156;11;10154;18;;;10164;20;10167;24;;;10160.0;0.0
av_CORN_d4;10300;ASH_COATED_OSMIUM;9928;15;9924;16;;;9934;19;9938;21;;;9931.0;0.0
av_CORN_d4;10300;INTARIAN_PEPPER_ROOT;10156;20;10152;13;;;10162;5;10166;33;;;10159.0;0.0
av_CORN_d4;10400;ASH_COATED_OSMIUM;9921;15;9918;19;;;9943;5;9946;23;;;9932.0;0.0
av_CORN_d4;10400;INTARIAN_PEPPER_ROOT;10156;18;10152;18;;;10162;17;10166;17;;;10159.0;0.0
av_CORN_d4;10500;ASH_COATED_OSMIUM;9929;7;9926;27;;;9935;11;9937;18;;;9932.0;0.0
av_CORN_d4;10500;INTARIAN_PEPPER_ROOT;10149;23;10145;19;;;10169;13;10172;21;;;10159.0;0.0
av_CORN_d4;10600;ASH_COATED_OSMIUM;9928;20;9925;12;;;9934;17;9938;21;;;9931.0;0.0
av_CORN_d4;10600;INTARIAN_PEPPER_ROOT;10151;12;10147;18;;;10165;16;10167;22;;;10158.0;0.0
av_CORN_d4;10700;ASH_COATED_OSMIUM;9928;19;9925;22;;;9934;13;9938;13;;;9931.0;0.0
av_CORN_d4;10700;INTARIAN_PEPPER_ROOT;10139;16;10135;25;;;10178;18;10180;13;;;10158.5;0.0
av_CORN_d4;10800;ASH_COATED_OSMIUM;9913;23;9910;19;;;9949;6;9953;23;;;9931.0;0.0
av_CORN_d4;10800;INTARIAN_PEPPER_ROOT;10154;22;10151;17;;;10163;13;10167;19;;;10158.5;0.0
av_CORN_d4;10900;ASH_COATED_OSMIUM;9928;15;9926;17;;;9935;21;9938;27;;;9931.5;0.0
av_CORN_d4;10900;INTARIAN_PEPPER_ROOT;10154;23;10152;18;;;10160;22;10162;19;;;10157.0;0.0
av_CORN_d4;11000;ASH_COATED_OSMIUM;9927;17;9923;24;;;9936;13;9940;16;;;9931.5;0.0
av_CORN_d4;11000;INTARIAN_PEPPER_ROOT;10155;16;10151;23;;;10161;5;10165;28;;;10158.0;0.0
av_CORN_d4;11100;ASH_COATED_OSMIUM;9929;5;9925;19;;;9935;24;9939;25;;;9932.0;0.0
av_CORN_d4;11100;INTARIAN_PEPPER_ROOT;10154;14;10152;24;;;10160;13;10164;13;;;10157.0;0.0
av_CORN_d4;11200;ASH_COATED_OSMIUM;9928;7;9926;16;;;9936;13;9938;26;;;9932.0;0.0
av_CORN_d4;11200;INTARIAN_PEPPER_ROOT;10154;18;10150;23;;;10160;11;10164;19;;;10157.0;0.0
av_CORN_d4;11300;ASH_COATED_OSMIUM;9927;17;9923;21;;;9937;15;9941;18;;;9932.0;0.0
av_CORN_d4;11300;INTARIAN_PEPPER_ROOT;10147;26;10145;21;;;10165;5;10168;18;;;10156.0;0.0
av_CORN_d4;11400;ASH_COATED_OSMIUM;9929;20;9926;21;;;9935;11;9937;14;;;9932.0;0.0
av_CORN_d4;11400;INTARIAN_PEPPER_ROOT;10153;23;10150;22;;;10159;12;10161;22;;;10156.0;0.0
av_CORN_d4;11500;ASH_COATED_OSMIUM;9929;8;9925;18;;;9935;9;9938;30;;;9932.0;0.0
av_CORN_d4;11500;INTARIAN_PEPPER_ROOT;10153;13;10150;14;;;10159;8;10161;27;;;10156.0;0.0
av_CORN_d4;11600;ASH_COATED_OSMIUM;9929;7;9927;23;;;9935;13;9938;23;;;9932.0;0.0
av_CORN_d4;11600;INTARIAN_PEPPER_ROOT;10152;8;10150;21;;;10158;14;10160;15;;;10155.0;0.0
av_CORN_d4;11700;ASH_COATED_OSMIUM;9925;16;9921;18;;;9939;7;9943;16;;;9932.0;0.0
av_CORN_d4;11700;INTARIAN_PEPPER_ROOT;10153;19;10150;21;;;10159;12;10162;13;;;10156.0;0.0
av_CORN_d4;11800;ASH_COATED_OSMIUM;9929;14;9926;18;;;9935;11;9937;24;;;9932.0;0.0
av_CORN_d4;11800;INTARIAN_PEPPER_ROOT;10150;14;10146;20;;;10160;14;10163;17;;;10155.0;0.0
av_CORN_d4;11900;ASH_COATED_OSMIUM;9928;19;9925;22;;;9935;23;9937;15;;;9931.5;0.0
av_CORN_d4;11900;INTARIAN_PEPPER_ROOT;10149;14;10146;23;;;10160;16;10163;20;;;10154.5;0.0
av_CORN_d4;12000;ASH_COATED_OSMIUM;9928;5;9925;23;;;9936;5;9938;25;;;9932.0;0.0
av_CORN_d4;12000;INTARIAN_PEPPER_ROOT;10150;10;10146;11;;;10159;12;10162;24;;;10154.5;0.0
av_CORN_d4;12100;ASH_COATED_OSMIUM;9919;6;9917;18;;;9946;20;9948;17;;;9932.5;0.0
av_CORN_d4;12100;INTARIAN_PEPPER_ROOT;10136;16;10134;17;;;10173;20;10176;24;;;10154.5;0.0
av_CORN_d4;12200;ASH_COATED_OSMIUM;9926;20;9922;13;;;9939;24;9942;25;;;9932.5;0.0
av_CORN_d4;12200;INTARIAN_PEPPER_ROOT;10152;8;10150;12;;;10158;12;10162;20;;;10155.0;0.0
av_CORN_d4;12300;ASH_COATED_OSMIUM;9928;10;9924;13;;;9934;23;9937;19;;;9931.0;0.0
av_CORN_d4;12300;INTARIAN_PEPPER_ROOT;10148;17;10144;10;;;10161;13;10165;17;;;10154.5;0.0
av_CORN_d4;12400;ASH_COATED_OSMIUM;9920;15;9916;29;;;9944;12;9946;23;;;9932.0;0.0
av_CORN_d4;12400;INTARIAN_PEPPER_ROOT;10145;24;10143;16;;;10162;5;10166;19;;;10153.5;0.0
av_CORN_d4;12500;ASH_COATED_OSMIUM;9927;15;9925;15;;;9936;18;9940;14;;;9931.5;0.0
av_CORN_d4;12500;INTARIAN_PEPPER_ROOT;10135;19;10131;16;;;10170;14;10174;13;;;10152.5;0.0
av_CORN_d4;12600;ASH_COATED_OSMIUM;9925;5;9921;20;;;9940;16;9942;19;;;9932.5;0.0
av_CORN_d4;12600;INTARIAN_PEPPER_ROOT;10146;12;10143;9;;;10160;14;10164;16;;;10153.0;0.0
av_CORN_d4;12700;ASH_COATED_OSMIUM;9930;16;9927;12;;;9936;10;9939;19;;;9933.0;0.0
av_CORN_d4;12700;INTARIAN_PEPPER_ROOT;10149;16;10146;14;;;10155;14;10159;16;;;10152.0;0.0
av_CORN_d4;12800;ASH_COATED_OSMIUM;9929;13;9926;15;;;9935;7;9939;13;;;9932.0;0.0
av_CORN_d4;12800;INTARIAN_PEPPER_ROOT;10149;19;10147;14;;;10155;15;10158;18;;;10152.0;0.0
av_CORN_d4;12900;ASH_COATED_OSMIUM;9928;17;9924;12;;;9939;15;9943;23;;;9933.5;0.0
av_CORN_d4;12900;INTARIAN_PEPPER_ROOT;10149;9;10145;31;;;10155;20;10159;24;;;10152.0;0.0
av_CORN_d4;13000;ASH_COATED_OSMIUM;9925;16;9922;21;;;9940;13;9943;24;;;9932.5;0.0
av_CORN_d4;13000;INTARIAN_PEPPER_ROOT;10149;19;10145;18;;;10155;17;10157;11;;;10152.0;0.0
av_CORN_d4;13100;ASH_COATED_OSMIUM;9928;17;9924;23;;;9935;12;9937;20;;;9931.5;0.0
av_CORN_d4;13100;INTARIAN_PEPPER_ROOT;10148;23;10146;21;;;10154;11;10158;18;;;10151.0;0.0
av_CORN_d4;13200;ASH_COATED_OSMIUM;9926;14;9924;13;;;9941;18;9943;16;;;9933.5;0.0
av_CORN_d4;13200;INTARIAN_PEPPER_ROOT;10148;19;10145;14;;;10154;11;10156;15;;;10151.0;0.0
av_CORN_d4;13300;ASH_COATED_OSMIUM;9929;24;9926;23;;;9935;15;9939;19;;;9932.0;0.0
av_CORN_d4;13300;INTARIAN_PEPPER_ROOT;10142;14;10140;21;;;10158;15;10160;18;;;10150.0;0.0
av_CORN_d4;13400;ASH_COATED_OSMIUM;9929;11;9927;22;;;9935;9;9937;17;;;9932.0;0.0
av_CORN_d4;13400;INTARIAN_PEPPER_ROOT;10148;20;10144;20;;;10154;5;10158;9;;;10151.0;0.0
av_CORN_d4;13500;ASH_COATED_OSMIUM;9929;12;9926;25;;;9935;20;9939;14;;;9932.0;0.0
av_CORN_d4;13500;INTARIAN_PEPPER_ROOT;10147;24;10145;10;;;10153;8;10156;16;;;10150.0;0.0
av_CORN_d4;13600;ASH_COATED_OSMIUM;9924;10;9922;19;;;9943;20;9947;22;;;9933.5;0.0
av_CORN_d4;13600;INTARIAN_PEPPER_ROOT;10147;20;10143;27;;;10153;12;10155;11;;;10150.0;0.0
av_CORN_d4;13700;ASH_COATED_OSMIUM;9930;13;9926;17;;;9936;14;9939;17;;;9933.0;0.0
av_CORN_d4;13700;INTARIAN_PEPPER_ROOT;10147;10;10143;20;;;10153;14;10155;27;;;10150.0;0.0
av_CORN_d4;13800;ASH_COATED_OSMIUM;9930;6;9928;25;;;9936;21;9938;19;;;9933.0;0.0
av_CORN_d4;13800;INTARIAN_PEPPER_ROOT;10146;9;10142;24;;;10152;21;10154;21;;;10149.0;0.0
av_CORN_d4;13900;ASH_COATED_OSMIUM;9930;16;9927;21;;;9936;24;9938;24;;;9933.0;0.0
av_CORN_d4;13900;INTARIAN_PEPPER_ROOT;10142;14;10140;21;;;10155;17;10157;24;;;10148.5;0.0
av_CORN_d4;14000;ASH_COATED_OSMIUM;9928;7;9924;20;;;9938;11;9942;16;;;9933.0;0.0
av_CORN_d4;14000;INTARIAN_PEPPER_ROOT;10146;14;10144;22;;;10152;17;10156;19;;;10149.0;0.0
av_CORN_d4;14100;ASH_COATED_OSMIUM;9930;14;9928;15;;;9936;5;9939;16;;;9933.0;0.0
av_CORN_d4;14100;INTARIAN_PEPPER_ROOT;10145;16;10141;15;;;10151;14;10153;20;;;10148.0;0.0
av_CORN_d4;14200;ASH_COATED_OSMIUM;9930;6;9926;25;;;9936;21;9940;15;;;9933.0;0.0
av_CORN_d4;14200;INTARIAN_PEPPER_ROOT;10145;24;10142;14;;;10151;11;10153;12;;;10148.0;0.0
av_CORN_d4;14300;ASH_COATED_OSMIUM;9930;25;9928;24;;;9936;15;9939;18;;;9933.0;0.0
av_CORN_d4;14300;INTARIAN_PEPPER_ROOT;10142;18;10140;33;;;10153;11;10156;20;;;10147.5;0.0
av_CORN_d4;14400;ASH_COATED_OSMIUM;9930;12;9927;33;;;9936;14;9940;23;;;9933.0;0.0
av_CORN_d4;14400;INTARIAN_PEPPER_ROOT;10144;20;10140;17;;;10151;16;10155;24;;;10147.5;0.0
av_CORN_d4;14500;ASH_COATED_OSMIUM;9930;10;9927;18;;;9936;12;9939;21;;;9933.0;0.0
av_CORN_d4;14500;INTARIAN_PEPPER_ROOT;10143;5;10140;17;;;10152;11;10154;26;;;10147.5;0.0
av_CORN_d4;14600;ASH_COATED_OSMIUM;9929;14;9926;18;;;9937;15;9940;26;;;9933.0;0.0
av_CORN_d4;14600;INTARIAN_PEPPER_ROOT;10133;16;10129;26;;;10161;10;10163;25;;;10147.0;0.0
av_CORN_d4;14700;ASH_COATED_OSMIUM;9927;15;9924;18;;;9939;17;9942;18;;;9933.0;0.0
av_CORN_d4;14700;INTARIAN_PEPPER_ROOT;10144;16;10142;22;;;10150;16;10154;20;;;10147.0;0.0
av_CORN_d4;14800;ASH_COATED_OSMIUM;9930;19;9926;29;;;9936;20;9940;24;;;9933.0;0.0
av_CORN_d4;14800;INTARIAN_PEPPER_ROOT;10143;11;10141;23;;;10149;22;10152;24;;;10146.0;0.0
av_CORN_d4;14900;ASH_COATED_OSMIUM;9931;17;9929;15;;;9937;15;9941;18;;;9934.0;0.0
av_CORN_d4;14900;INTARIAN_PEPPER_ROOT;10141;19;10139;19;;;10152;11;10154;16;;;10146.5;0.0
av_CORN_d4;15000;ASH_COATED_OSMIUM;9926;6;9922;11;;;9939;9;9941;18;;;9932.5;0.0
av_CORN_d4;15000;INTARIAN_PEPPER_ROOT;10143;10;10141;14;;;10149;22;10152;22;;;10146.0;0.0
av_CORN_d4;15100;ASH_COATED_OSMIUM;9931;13;9927;21;;;9937;10;9939;22;;;9934.0;0.0
av_CORN_d4;15100;INTARIAN_PEPPER_ROOT;10140;17;10136;13;;;10151;19;10155;13;;;10145.5;0.0
av_CORN_d4;15200;ASH_COATED_OSMIUM;9921;15;9919;18;;;9944;26;9947;25;;;9932.5;0.0
av_CORN_d4;15200;INTARIAN_PEPPER_ROOT;10143;22;10141;24;;;10149;21;10153;9;;;10146.0;0.0
av_CORN_d4;15300;ASH_COATED_OSMIUM;9930;6;9927;28;;;9936;12;9939;16;;;9933.0;0.0
av_CORN_d4;15300;INTARIAN_PEPPER_ROOT;10142;12;10139;18;;;10148;17;10151;21;;;10145.0;0.0
av_CORN_d4;15400;ASH_COATED_OSMIUM;9929;18;9925;13;;;9937;19;9941;20;;;9933.0;0.0
av_CORN_d4;15400;INTARIAN_PEPPER_ROOT;10130;22;10126;13;;;10159;5;10163;13;;;10144.5;0.0
av_CORN_d4;15500;ASH_COATED_OSMIUM;9928;15;9924;21;;;9939;7;9941;26;;;9933.5;0.0
av_CORN_d4;15500;INTARIAN_PEPPER_ROOT;10141;7;10137;23;;;10147;11;10150;19;;;10144.0;0.0
av_CORN_d4;15600;ASH_COATED_OSMIUM;9931;9;9929;21;;;9938;17;9942;22;;;9934.5;0.0
av_CORN_d4;15600;INTARIAN_PEPPER_ROOT;10141;15;10139;16;;;10147;10;10150;30;;;10144.0;0.0
av_CORN_d4;15700;ASH_COATED_OSMIUM;9930;16;9926;22;;;9936;12;9938;19;;;9933.0;0.0
av_CORN_d4;15700;INTARIAN_PEPPER_ROOT;10141;13;10138;20;;;10147;17;10151;17;;;10144.0;0.0
av_CORN_d4;15800;ASH_COATED_OSMIUM;9931;16;9928;24;;;9937;11;9940;25;;;9934.0;0.0
av_CORN_d4;15800;INTARIAN_PEPPER_ROOT;10141;18;10138;13;;;10147;8;10149;18;;;10144.0;0.0
av_CORN_d4;15900;ASH_COATED_OSMIUM;9921;19;9917;16;;;9946;9;9950;18;;;9933.5;0.0
av_CORN_d4;15900;INTARIAN_PEPPER_ROOT;10138;14;10135;21;;;10148;10;10151;27;;;10143.0;0.0
av_CORN_d4;16000;ASH_COATED_OSMIUM;9931;16;9929;28;;;9937;12;9941;23;;;9934.0;0.0
av_CORN_d4;16000;INTARIAN_PEPPER_ROOT;10140;15;10137;21;;;10146;18;10148;21;;;10143.0;0.0
av_CORN_d4;16100;ASH_COATED_OSMIUM;9931;8;9929;14;;;9937;14;9941;8;;;9934.0;0.0
av_CORN_d4;16100;INTARIAN_PEPPER_ROOT;10134;7;10130;12;;;10151;15;10155;15;;;10142.5;0.0
av_CORN_d4;16200;ASH_COATED_OSMIUM;9931;11;9928;26;;;9937;20;9940;22;;;9934.0;0.0
av_CORN_d4;16200;INTARIAN_PEPPER_ROOT;10139;5;10137;17;;;10145;13;10149;16;;;10142.0;0.0
av_CORN_d4;16300;ASH_COATED_OSMIUM;9931;23;9929;14;;;9937;11;9940;14;;;9934.0;0.0
av_CORN_d4;16300;INTARIAN_PEPPER_ROOT;10139;20;10137;15;;;10145;12;10148;13;;;10142.0;0.0
av_CORN_d4;16400;ASH_COATED_OSMIUM;9928;9;9926;23;;;9942;18;9946;18;;;9935.0;0.0
av_CORN_d4;16400;INTARIAN_PEPPER_ROOT;10139;17;10136;19;;;10145;16;10147;23;;;10142.0;0.0
av_CORN_d4;16500;ASH_COATED_OSMIUM;9930;14;9927;18;;;9936;11;9940;13;;;9933.0;0.0
av_CORN_d4;16500;INTARIAN_PEPPER_ROOT;10139;8;10137;22;;;10145;17;10147;15;;;10142.0;0.0
av_CORN_d4;16600;ASH_COATED_OSMIUM;9931;17;9929;17;;;9937;14;9941;26;;;9934.0;0.0
av_CORN_d4;16600;INTARIAN_PEPPER_ROOT;10135;6;10131;19;;;10148;10;10152;22;;;10141.5;0.0
av_CORN_d4;16700;ASH_COATED_OSMIUM;9931;22;9929;25;;;9937;12;9939;30;;;9934.0;0.0
av_CORN_d4;16700;INTARIAN_PEPPER_ROOT;10138;15;10136;19;;;10144;15;10147;14;;;10141.0;0.0
av_CORN_d4;16800;ASH_COATED_OSMIUM;9930;20;9926;8;;;9940;18;9943;20;;;9935.0;0.0
av_CORN_d4;16800;INTARIAN_PEPPER_ROOT;10132;9;10130;20;;;10152;11;10154;18;;;10142.0;0.0
av_CORN_d4;16900;ASH_COATED_OSMIUM;9926;19;9922;16;;;9941;13;9945;24;;;9933.5;0.0
av_CORN_d4;16900;INTARIAN_PEPPER_ROOT;10138;17;10136;18;;;10144;18;10146;13;;;10141.0;0.0
av_CORN_d4;17000;ASH_COATED_OSMIUM;9921;14;9918;17;;;9947;14;9951;18;;;9934.0;0.0
av_CORN_d4;17000;INTARIAN_PEPPER_ROOT;10135;9;10131;17;;;10146;20;10150;21;;;10140.5;0.0
av_CORN_d4;17100;ASH_COATED_OSMIUM;9931;27;9928;17;;;9937;12;9941;27;;;9934.0;0.0
av_CORN_d4;17100;INTARIAN_PEPPER_ROOT;10136;7;10132;11;;;10143;10;10145;20;;;10139.5;0.0
av_CORN_d4;17200;ASH_COATED_OSMIUM;9931;23;9927;24;;;9937;6;9941;24;;;9934.0;0.0
av_CORN_d4;17200;INTARIAN_PEPPER_ROOT;10136;7;10133;24;;;10142;19;10146;25;;;10139.0;0.0
av_CORN_d4;17300;ASH_COATED_OSMIUM;9926;5;9924;15;;;9942;9;9944;26;;;9934.0;0.0
av_CORN_d4;17300;INTARIAN_PEPPER_ROOT;10137;12;10133;15;;;10143;15;10145;12;;;10140.0;0.0
av_CORN_d4;17400;ASH_COATED_OSMIUM;9930;11;9927;19;;;9936;11;9938;29;;;9933.0;0.0
av_CORN_d4;17400;INTARIAN_PEPPER_ROOT;10126;11;10122;24;;;10152;12;10156;23;;;10139.0;0.0
av_CORN_d4;17500;ASH_COATED_OSMIUM;9932;18;9928;29;;;9938;11;9942;14;;;9935.0;0.0
av_CORN_d4;17500;INTARIAN_PEPPER_ROOT;10136;17;10134;16;;;10142;17;10146;18;;;10139.0;0.0
av_CORN_d4;17600;ASH_COATED_OSMIUM;9928;16;9926;20;;;9940;16;9943;21;;;9934.0;0.0
av_CORN_d4;17600;INTARIAN_PEPPER_ROOT;10136;5;10134;14;;;10142;9;10144;23;;;10139.0;0.0
av_CORN_d4;17700;ASH_COATED_OSMIUM;9930;24;9927;15;;;9938;21;9942;20;;;9934.0;0.0
av_CORN_d4;17700;INTARIAN_PEPPER_ROOT;10133;25;10129;14;;;10144;14;10147;8;;;10138.5;0.0
av_CORN_d4;17800;ASH_COATED_OSMIUM;9930;12;9928;30;;;9938;25;9942;22;;;9934.0;0.0
av_CORN_d4;17800;INTARIAN_PEPPER_ROOT;10136;20;10133;21;;;10142;18;10145;17;;;10139.0;0.0
av_CORN_d4;17900;ASH_COATED_OSMIUM;9931;16;9928;14;;;9937;14;9939;10;;;9934.0;0.0
av_CORN_d4;17900;INTARIAN_PEPPER_ROOT;10135;7;10133;24;;;10141;21;10143;15;;;10138.0;0.0
av_CORN_d4;18000;ASH_COATED_OSMIUM;9931;10;9927;13;;;9937;22;9939;13;;;9934.0;0.0
av_CORN_d4;18000;INTARIAN_PEPPER_ROOT;10135;12;10131;26;;;10141;16;10143;15;;;10138.0;0.0
av_CORN_d4;18100;ASH_COATED_OSMIUM;9931;15;9928;16;;;9937;18;9941;23;;;9934.0;0.0
av_CORN_d4;18100;INTARIAN_PEPPER_ROOT;10135;13;10131;22;;;10141;11;10144;21;;;10138.0;0.0
av_CORN_d4;18200;ASH_COATED_OSMIUM;9931;9;9929;23;;;9937;14;9941;24;;;9934.0;0.0
av_CORN_d4;18200;INTARIAN_PEPPER_ROOT;10130;19;10128;20;;;10145;7;10149;23;;;10137.5;0.0
av_CORN_d4;18300;ASH_COATED_OSMIUM;9926;8;9924;21;;;9941;15;9943;18;;;9933.5;0.0
av_CORN_d4;18300;INTARIAN_PEPPER_ROOT;10135;12;10132;20;;;10141;15;10143;22;;;10138.0;0.0
av_CORN_d4;18400;ASH_COATED_OSMIUM;9930;14;9926;21;;;9936;15;9940;21;;;9933.0;0.0
av_CORN_d4;18400;INTARIAN_PEPPER_ROOT;10135;21;10133;22;;;10142;7;10146;21;;;10138.5;0.0
av_CORN_d4;18500;ASH_COATED_OSMIUM;9931;23;9929;14;;;9937;17;9939;9;;;9934.0;0.0
av_CORN_d4;18500;INTARIAN_PEPPER_ROOT;10134;8;10132;19;;;10140;10;10142;25;;;10137.0;0.0
av_CORN_d4;18600;ASH_COATED_OSMIUM;9931;11;9929;21;;;9937;14;9941;22;;;9934.0;0.0
av_CORN_d4;18600;INTARIAN_PEPPER_ROOT;10123;14;10120;20;;;10152;15;10154;26;;;10137.5;0.0
av_CORN_d4;18700;ASH_COATED_OSMIUM;9928;15;9924;18;;;9938;8;9941;21;;;9933.0;0.0
av_CORN_d4;18700;INTARIAN_PEPPER_ROOT;10134;20;10130;19;;;10140;17;10144;22;;;10137.0;0.0
av_CORN_d4;18800;ASH_COATED_OSMIUM;9931;19;9928;25;;;9937;14;9940;24;;;9934.0;0.0
av_CORN_d4;18800;INTARIAN_PEPPER_ROOT;10133;24;10131;20;;;10139;13;10142;29;;;10136.0;0.0
av_CORN_d4;18900;ASH_COATED_OSMIUM;9928;9;9924;19;;;9939;18;9942;23;;;9933.5;0.0
av_CORN_d4;18900;INTARIAN_PEPPER_ROOT;10134;14;10131;14;;;10140;11;10144;21;;;10137.0;0.0
av_CORN_d4;19000;ASH_COATED_OSMIUM;9930;12;9926;22;;;9936;18;9938;15;;;9933.0;0.0
av_CORN_d4;19000;INTARIAN_PEPPER_ROOT;10133;16;10131;20;;;10140;9;10142;23;;;10136.5;0.0
av_CORN_d4;19100;ASH_COATED_OSMIUM;9931;26;9929;22;;;9937;18;9941;12;;;9934.0;0.0
av_CORN_d4;19100;INTARIAN_PEPPER_ROOT;10133;19;10131;17;;;10139;22;10143;21;;;10136.0;0.0
av_CORN_d4;19200;ASH_COATED_OSMIUM;9924;12;9920;20;;;9942;13;9945;17;;;9933.0;0.0
av_CORN_d4;19200;INTARIAN_PEPPER_ROOT;10133;17;10131;21;;;10139;6;10143;8;;;10136.0;0.0
av_CORN_d4;19300;ASH_COATED_OSMIUM;9930;12;9926;17;;;9936;6;9939;19;;;9933.0;0.0
av_CORN_d4;19300;INTARIAN_PEPPER_ROOT;10133;14;10130;28;;;10139;8;10142;16;;;10136.0;0.0
av_CORN_d4;19400;ASH_COATED_OSMIUM;9930;15;9928;22;;;9936;26;9938;21;;;9933.0;0.0
av_CORN_d4;19400;INTARIAN_PEPPER_ROOT;10132;19;10129;18;;;10138;12;10140;15;;;10135.0;0.0
av_CORN_d4;19500;ASH_COATED_OSMIUM;9931;14;9929;16;;;9937;20;9940;14;;;9934.0;0.0
av_CORN_d4;19500;INTARIAN_PEPPER_ROOT;10133;23;10130;13;;;10139;12;10142;15;;;10136.0;0.0
av_CORN_d4;19600;ASH_COATED_OSMIUM;9928;15;9924;16;;;9940;16;9944;18;;;9934.0;0.0
av_CORN_d4;19600;INTARIAN_PEPPER_ROOT;10132;17;10129;22;;;10138;8;10142;15;;;10135.0;0.0
av_CORN_d4;19700;ASH_COATED_OSMIUM;9930;11;9926;29;;;9936;12;9939;18;;;9933.0;0.0
av_CORN_d4;19700;INTARIAN_PEPPER_ROOT;10131;24;10127;18;;;10138;18;10140;30;;;10134.5;0.0
av_CORN_d4;19800;ASH_COATED_OSMIUM;9931;15;9929;19;;;9937;10;9940;16;;;9934.0;0.0
av_CORN_d4;19800;INTARIAN_PEPPER_ROOT;10132;5;10130;25;;;10138;21;10142;23;;;10135.0;0.0
av_CORN_d4;19900;ASH_COATED_OSMIUM;9930;5;9927;33;;;9936;15;9938;24;;;9933.0;0.0
av_CORN_d4;19900;INTARIAN_PEPPER_ROOT;10129;12;10126;28;;;10140;11;10144;19;;;10134.5;0.0
av_CORN_d4;20000;ASH_COATED_OSMIUM;9929;15;9927;17;;;9937;22;9941;12;;;9933.0;0.0
av_CORN_d4;20000;INTARIAN_PEPPER_ROOT;10131;8;10127;21;;;10137;20;10139;20;;;10134.0;0.0
av_CORN_d4;20100;ASH_COATED_OSMIUM;9930;27;9926;17;;;9937;13;9941;17;;;9933.5;0.0
av_CORN_d4;20100;INTARIAN_PEPPER_ROOT;10131;11;10128;18;;;10137;23;10139;29;;;10134.0;0.0
av_CORN_d4;20200;ASH_COATED_OSMIUM;9930;15;9928;15;;;9936;11;9939;16;;;9933.0;0.0
av_CORN_d4;20200;INTARIAN_PEPPER_ROOT;10130;17;10126;22;;;10138;20;10142;18;;;10134.0;0.0
av_CORN_d4;20300;ASH_COATED_OSMIUM;9930;7;9928;21;;;9936;12;9939;15;;;9933.0;0.0
av_CORN_d4;20300;INTARIAN_PEPPER_ROOT;10131;15;10127;14;;;10137;21;10140;19;;;10134.0;0.0
av_CORN_d4;20400;ASH_COATED_OSMIUM;9922;20;9920;18;;;9944;19;9946;24;;;9933.0;0.0
av_CORN_d4;20400;INTARIAN_PEPPER_ROOT;10130;5;10126;19;;;10137;5;10141;23;;;10133.5;0.0
av_CORN_d4;20500;ASH_COATED_OSMIUM;9927;11;9924;12;;;9940;15;9944;22;;;9933.5;0.0
av_CORN_d4;20500;INTARIAN_PEPPER_ROOT;10128;20;10125;14;;;10137;24;10139;26;;;10132.5;0.0
av_CORN_d4;20600;ASH_COATED_OSMIUM;9930;20;9928;17;;;9936;8;9939;16;;;9933.0;0.0
av_CORN_d4;20600;INTARIAN_PEPPER_ROOT;10129;15;10127;28;;;10137;9;10141;17;;;10133.0;0.0
av_CORN_d4;20700;ASH_COATED_OSMIUM;9928;8;9924;23;;;9937;5;9940;15;;;9932.5;0.0
av_CORN_d4;20700;INTARIAN_PEPPER_ROOT;10128;21;10126;30;;;10138;7;10140;15;;;10133.0;0.0
av_CORN_d4;20800;ASH_COATED_OSMIUM;9930;14;9928;30;;;9936;18;9939;15;;;9933.0;0.0
av_CORN_d4;20800;INTARIAN_PEPPER_ROOT;10111;18;10109;18;;;10156;5;10158;24;;;10133.5;0.0
av_CORN_d4;20900;ASH_COATED_OSMIUM;9927;20;9923;15;;;9940;12;9942;19;;;9933.5;0.0
av_CORN_d4;20900;INTARIAN_PEPPER_ROOT;10130;11;10128;16;;;10136;16;10138;18;;;10133.0;0.0
av_CORN_d4;21000;ASH_COATED_OSMIUM;9930;13;9928;18;;;9936;11;9938;17;;;9933.0;0.0
av_CORN_d4;21000;INTARIAN_PEPPER_ROOT;10129;25;10126;17;;;10136;16;10139;23;;;10132.5;0.0
av_CORN_d4;21100;ASH_COATED_OSMIUM;9930;14;9926;14;;;9936;18;9940;10;;;9933.0;0.0
av_CORN_d4;21100;INTARIAN_PEPPER_ROOT;10128;16;10125;23;;;10137;24;10140;25;;;10132.5;0.0
av_CORN_d4;21200;ASH_COATED_OSMIUM;9930;6;9927;22;;;9936;14;9938;28;;;9933.0;0.0
av_CORN_d4;21200;INTARIAN_PEPPER_ROOT;10129;23;10127;16;;;10135;17;10138;10;;;10132.0;0.0
av_CORN_d4;21300;ASH_COATED_OSMIUM;9930;9;9927;12;;;9936;12;9938;16;;;9933.0;0.0
av_CORN_d4;21300;INTARIAN_PEPPER_ROOT;10123;15;10121;16;;;10141;20;10144;25;;;10132.0;0.0
av_CORN_d4;21400;ASH_COATED_OSMIUM;9926;22;9922;16;;;9940;19;9944;19;;;9933.0;0.0
av_CORN_d4;21400;INTARIAN_PEPPER_ROOT;10126;8;10124;35;;;10135;19;10138;19;;;10130.5;0.0
av_CORN_d4;21500;ASH_COATED_OSMIUM;9930;21;9927;26;;;9936;15;9938;15;;;9933.0;0.0
av_CORN_d4;21500;INTARIAN_PEPPER_ROOT;10129;14;10127;28;;;10135;16;10139;16;;;10132.0;0.0
av_CORN_d4;21600;ASH_COATED_OSMIUM;9930;14;9927;23;;;9936;18;9939;23;;;9933.0;0.0
av_CORN_d4;21600;INTARIAN_PEPPER_ROOT;10127;15;10123;16;;;10134;13;10136;22;;;10130.5;0.0
av_CORN_d4;21700;ASH_COATED_OSMIUM;9930;12;9928;20;;;9936;18;9939;22;;;9933.0;0.0
av_CORN_d4;21700;INTARIAN_PEPPER_ROOT;10121;10;10118;19;;;10141;16;10145;21;;;10131.0;0.0
av_CORN_d4;21800;ASH_COATED_OSMIUM;9925;15;9921;19;;;9941;15;9945;18;;;9933.0;0.0
av_CORN_d4;21800;INTARIAN_PEPPER_ROOT;10127;15;10123;14;;;10133;19;10136;18;;;10130.0;0.0
av_CORN_d4;21900;ASH_COATED_OSMIUM;9930;11;9926;14;;;9936;11;9940;23;;;9933.0;0.0
av_CORN_d4;21900;INTARIAN_PEPPER_ROOT;10127;16;10124;14;;;10134;5;10137;19;;;10130.5;0.0
av_CORN_d4;22000;ASH_COATED_OSMIUM;9923;22;9920;19;;;9942;21;9946;24;;;9932.5;0.0
av_CORN_d4;22000;INTARIAN_PEPPER_ROOT;10127;9;10125;14;;;10134;5;10136;30;;;10130.5;0.0
av_CORN_d4;22100;ASH_COATED_OSMIUM;9930;14;9928;19;;;9936;15;9938;15;;;9933.0;0.0
av_CORN_d4;22100;INTARIAN_PEPPER_ROOT;10120;11;10117;22;;;10140;18;10143;30;;;10130.0;0.0
av_CORN_d4;22200;ASH_COATED_OSMIUM;9929;17;9925;15;;;9936;20;9940;17;;;9932.5;0.0
av_CORN_d4;22200;INTARIAN_PEPPER_ROOT;10128;11;10125;23;;;10134;7;10137;17;;;10131.0;0.0
av_CORN_d4;22300;ASH_COATED_OSMIUM;9929;5;9925;28;;;9935;21;9937;24;;;9932.0;0.0
av_CORN_d4;22300;INTARIAN_PEPPER_ROOT;10127;17;10123;12;;;10133;16;10136;22;;;10130.0;0.0
av_CORN_d4;22400;ASH_COATED_OSMIUM;9928;16;9924;16;;;9936;18;9940;32;;;9932.0;0.0
av_CORN_d4;22400;INTARIAN_PEPPER_ROOT;10125;5;10122;11;;;10134;26;10136;19;;;10129.5;0.0
av_CORN_d4;22500;ASH_COATED_OSMIUM;9930;14;9928;17;;;9936;14;9939;18;;;9933.0;0.0
av_CORN_d4;22500;INTARIAN_PEPPER_ROOT;10126;7;10124;16;;;10132;18;10134;21;;;10129.0;0.0
av_CORN_d4;22600;ASH_COATED_OSMIUM;9926;13;9923;26;;;9939;12;9941;23;;;9932.5;0.0
av_CORN_d4;22600;INTARIAN_PEPPER_ROOT;10122;14;10118;15;;;10135;16;10139;25;;;10128.5;0.0
av_CORN_d4;22700;ASH_COATED_OSMIUM;9930;14;9927;14;;;9936;12;9938;26;;;9933.0;0.0
av_CORN_d4;22700;INTARIAN_PEPPER_ROOT;10125;15;10122;23;;;10131;18;10135;22;;;10128.0;0.0
av_CORN_d4;22800;ASH_COATED_OSMIUM;9929;6;9927;22;;;9935;17;9939;22;;;9932.0;0.0
av_CORN_d4;22800;INTARIAN_PEPPER_ROOT;10126;10;10124;16;;;10132;17;10134;16;;;10129.0;0.0
av_CORN_d4;22900;ASH_COATED_OSMIUM;9930;9;9926;18;;;9936;8;9940;21;;;9933.0;0.0
av_CORN_d4;22900;INTARIAN_PEPPER_ROOT;10125;12;10122;20;;;10131;9;10133;25;;;10128.0;0.0
av_CORN_d4;23000;ASH_COATED_OSMIUM;9926;14;9922;14;;;9938;16;9941;21;;;9932.0;0.0
av_CORN_d4;23000;INTARIAN_PEPPER_ROOT;10126;21;10124;18;;;10132;19;10135;12;;;10129.0;0.0
av_CORN_d4;23100;ASH_COATED_OSMIUM;9914;10;9910;13;;;9950;16;9954;28;;;9932.0;0.0
av_CORN_d4;23100;INTARIAN_PEPPER_ROOT;10126;15;10123;21;;;10132;22;10134;22;;;10129.0;0.0
av_CORN_d4;23200;ASH_COATED_OSMIUM;9929;13;9927;15;;;9935;10;9938;24;;;9932.0;0.0
av_CORN_d4;23200;INTARIAN_PEPPER_ROOT;10124;11;10122;20;;;10131;11;10133;19;;;10127.5;0.0
av_CORN_d4;23300;ASH_COATED_OSMIUM;9930;20;9926;18;;;9936;14;9939;8;;;9933.0;0.0
av_CORN_d4;23300;INTARIAN_PEPPER_ROOT;10120;15;10118;15;;;10134;23;10138;10;;;10127.0;0.0
av_CORN_d4;23400;ASH_COATED_OSMIUM;9929;6;9927;27;;;9935;16;9938;18;;;9932.0;0.0
av_CORN_d4;23400;INTARIAN_PEPPER_ROOT;10124;10;10122;8;;;10130;10;10133;24;;;10127.0;0.0
av_CORN_d4;23500;ASH_COATED_OSMIUM;9930;15;9927;28;;;9936;6;9939;26;;;9933.0;0.0
av_CORN_d4;23500;INTARIAN_PEPPER_ROOT;10123;5;10120;12;;;10131;15;10135;24;;;10127.0;0.0
av_CORN_d4;23600;ASH_COATED_OSMIUM;9929;18;9925;27;;;9935;9;9938;17;;;9932.0;0.0
av_CORN_d4;23600;INTARIAN_PEPPER_ROOT;10121;12;10119;20;;;10134;8;10136;20;;;10127.5;0.0
av_CORN_d4;23700;ASH_COATED_OSMIUM;9920;17;9918;17;;;9946;7;9950;20;;;9933.0;0.0
av_CORN_d4;23700;INTARIAN_PEPPER_ROOT;10124;11;10121;11;;;10130;19;10132;21;;;10127.0;0.0
av_CORN_d4;23800;ASH_COATED_OSMIUM;9928;19;9925;13;;;9936;13;9939;15;;;9932.0;0.0
av_CORN_d4;23800;INTARIAN_PEPPER_ROOT;10124;8;10121;21;;;10130;11;10134;13;;;10127.0;0.0
av_CORN_d4;23900;ASH_COATED_OSMIUM;9929;13;9926;21;;;9935;15;9939;16;;;9932.0;0.0
av_CORN_d4;23900;INTARIAN_PEPPER_ROOT;10118;18;10116;20;;;10136;19;10139;19;;;10127.0;0.0
av_CORN_d4;24000;ASH_COATED_OSMIUM;9930;16;9926;17;;;9936;14;9938;14;;;9933.0;0.0
av_CORN_d4;24000;INTARIAN_PEPPER_ROOT;10123;17;10120;11;;;10129;14;10132;28;;;10126.0;0.0
av_CORN_d4;24100;ASH_COATED_OSMIUM;9929;17;9926;16;;;9935;16;9938;8;;;9932.0;0.0
av_CORN_d4;24100;INTARIAN_PEPPER_ROOT;10124;11;10122;22;;;10130;11;10132;12;;;10127.0;0.0
av_CORN_d4;24200;ASH_COATED_OSMIUM;9929;14;9927;34;;;9935;19;9938;9;;;9932.0;0.0
av_CORN_d4;24200;INTARIAN_PEPPER_ROOT;10123;12;10120;23;;;10129;18;10132;23;;;10126.0;0.0
av_CORN_d4;24300;ASH_COATED_OSMIUM;9929;13;9926;22;;;9935;15;9938;21;;;9932.0;0.0
av_CORN_d4;24300;INTARIAN_PEPPER_ROOT;10122;19;10119;19;;;10130;18;10134;20;;;10126.0;0.0
av_CORN_d4;24400;ASH_COATED_OSMIUM;9929;18;9927;26;;;9936;17;9938;20;;;9932.5;0.0
av_CORN_d4;24400;INTARIAN_PEPPER_ROOT;10113;16;10109;13;;;10138;15;10141;16;;;10125.5;0.0
av_CORN_d4;24500;ASH_COATED_OSMIUM;9930;9;9928;32;;;9936;5;9938;20;;;9933.0;0.0
av_CORN_d4;24500;INTARIAN_PEPPER_ROOT;10122;13;10118;17;;;10128;13;10132;19;;;10125.0;0.0
av_CORN_d4;24600;ASH_COATED_OSMIUM;9924;20;9922;21;;;9941;14;9944;28;;;9932.5;0.0
av_CORN_d4;24600;INTARIAN_PEPPER_ROOT;10122;15;10120;23;;;10128;24;10132;15;;;10125.0;0.0
av_CORN_d4;24700;ASH_COATED_OSMIUM;9923;15;9919;16;;;9940;15;9944;17;;;9931.5;0.0
av_CORN_d4;24700;INTARIAN_PEPPER_ROOT;10118;11;10116;15;;;10131;20;10133;8;;;10124.5;0.0
av_CORN_d4;24800;ASH_COATED_OSMIUM;9927;10;9923;16;;;9937;10;9940;23;;;9932.0;0.0
av_CORN_d4;24800;INTARIAN_PEPPER_ROOT;10121;8;10117;18;;;10127;18;10129;27;;;10124.0;0.0
av_CORN_d4;24900;ASH_COATED_OSMIUM;9926;15;9923;18;;;9937;15;9940;26;;;9931.5;0.0
av_CORN_d4;24900;INTARIAN_PEPPER_ROOT;10114;13;10110;20;;;10136;21;10139;18;;;10125.0;0.0
av_CORN_d4;25000;ASH_COATED_OSMIUM;9929;11;9927;12;;;9935;11;9939;21;;;9932.0;0.0
av_CORN_d4;25000;INTARIAN_PEPPER_ROOT;10120;13;10118;21;;;10126;13;10130;17;;;10123.0;0.0
av_CORN_d4;25100;ASH_COATED_OSMIUM;9929;10;9927;19;;;9935;22;9938;23;;;9932.0;0.0
av_CORN_d4;25100;INTARIAN_PEPPER_ROOT;10119;11;10115;15;;;10129;5;10132;13;;;10124.0;0.0
av_CORN_d4;25200;ASH_COATED_OSMIUM;9929;27;9926;12;;;9935;18;9937;23;;;9932.0;0.0
av_CORN_d4;25200;INTARIAN_PEPPER_ROOT;10121;25;10119;20;;;10127;18;10129;15;;;10124.0;0.0
av_CORN_d4;25300;ASH_COATED_OSMIUM;9929;11;9925;21;;;9935;8;9937;12;;;9932.0;0.0
av_CORN_d4;25300;INTARIAN_PEPPER_ROOT;10121;18;10119;25;;;10127;5;10130;11;;;10124.0;0.0
av_CORN_d4;25400;ASH_COATED_OSMIUM;9928;13;9924;24;;;9935;5;9937;21;;;9931.5;0.0
av_CORN_d4;25400;INTARIAN_PEPPER_ROOT;10121;18;10119;22;;;10127;17;10130;21;;;10124.0;0.0
av_CORN_d4;25500;ASH_COATED_OSMIUM;9925;16;9922;13;;;9938;21;9941;20;;;9931.5;0.0
av_CORN_d4;25500;INTARIAN_PEPPER_ROOT;10117;8;10115;17;;;10129;11;10131;24;;;10123.0;0.0
av_CORN_d4;25600;ASH_COATED_OSMIUM;9929;25;9926;22;;;9935;11;9938;21;;;9932.0;0.0
av_CORN_d4;25600;INTARIAN_PEPPER_ROOT;10113;14;10109;20;;;10133;18;10137;22;;;10123.0;0.0
av_CORN_d4;25700;ASH_COATED_OSMIUM;9929;16;9925;22;;;9935;16;9938;14;;;9932.0;0.0
av_CORN_d4;25700;INTARIAN_PEPPER_ROOT;10109;15;10107;17;;;10136;16;10139;18;;;10122.5;0.0
av_CORN_d4;25800;ASH_COATED_OSMIUM;9929;12;9926;16;;;9935;25;9937;20;;;9932.0;0.0
av_CORN_d4;25800;INTARIAN_PEPPER_ROOT;10120;20;10117;18;;;10126;15;10129;17;;;10123.0;0.0
av_CORN_d4;25900;ASH_COATED_OSMIUM;9929;8;9927;19;;;9935;13;9937;23;;;9932.0;0.0
av_CORN_d4;25900;INTARIAN_PEPPER_ROOT;10120;23;10118;21;;;10126;19;10129;25;;;10123.0;0.0
av_CORN_d4;26000;ASH_COATED_OSMIUM;9925;15;9923;21;;;9939;25;9943;25;;;9932.0;0.0
av_CORN_d4;26000;INTARIAN_PEPPER_ROOT;10117;21;10115;20;;;10128;15;10130;16;;;10122.5;0.0
av_CORN_d4;26100;ASH_COATED_OSMIUM;9925;14;9921;12;;;9938;13;9941;20;;;9931.5;0.0
av_CORN_d4;26100;INTARIAN_PEPPER_ROOT;10119;18;10115;24;;;10125;11;10129;24;;;10122.0;0.0
av_CORN_d4;26200;ASH_COATED_OSMIUM;9920;5;9918;20;;;9945;21;9947;18;;;9932.5;0.0
av_CORN_d4;26200;INTARIAN_PEPPER_ROOT;10114;22;10110;19;;;10130;17;10133;30;;;10122.0;0.0
av_CORN_d4;26300;ASH_COATED_OSMIUM;9918;12;9915;20;;;9945;5;9949;18;;;9931.5;0.0
av_CORN_d4;26300;INTARIAN_PEPPER_ROOT;10116;14;10114;17;;;10127;9;10130;20;;;10121.5;0.0
av_CORN_d4;26400;ASH_COATED_OSMIUM;9929;8;9926;20;;;9935;7;9939;18;;;9932.0;0.0
av_CORN_d4;26400;INTARIAN_PEPPER_ROOT;10119;20;10117;20;;;10125;14;10128;24;;;10122.0;0.0
av_CORN_d4;26500;ASH_COATED_OSMIUM;9928;20;9926;18;;;9934;12;9938;19;;;9931.0;0.0
av_CORN_d4;26500;INTARIAN_PEPPER_ROOT;10118;10;10116;16;;;10124;14;10127;11;;;10121.0;0.0
av_CORN_d4;26600;ASH_COATED_OSMIUM;9929;16;9926;21;;;9935;14;9937;20;;;9932.0;0.0
av_CORN_d4;26600;INTARIAN_PEPPER_ROOT;10118;13;10116;22;;;10124;14;10127;25;;;10121.0;0.0
av_CORN_d4;26700;ASH_COATED_OSMIUM;9925;19;9921;20;;;9936;13;9940;17;;;9930.5;0.0
av_CORN_d4;26700;INTARIAN_PEPPER_ROOT;10115;18;10112;21;;;10127;30;10129;17;;;10121.0;0.0
av_CORN_d4;26800;ASH_COATED_OSMIUM;9928;15;9925;31;;;9934;15;9938;15;;;9931.0;0.0
av_CORN_d4;26800;INTARIAN_PEPPER_ROOT;10118;19;10114;18;;;10124;14;10127;23;;;10121.0;0.0
av_CORN_d4;26900;ASH_COATED_OSMIUM;9928;17;9925;25;;;9934;24;9938;14;;;9931.0;0.0
av_CORN_d4;26900;INTARIAN_PEPPER_ROOT;10117;16;10114;14;;;10123;25;10125;23;;;10120.0;0.0
av_CORN_d4;27000;ASH_COATED_OSMIUM;9924;16;9922;19;;;9940;9;9942;11;;;9932.0;0.0
av_CORN_d4;27000;INTARIAN_PEPPER_ROOT;10117;15;10114;22;;;10125;10;10129;17;;;10121.0;0.0
av_CORN_d4;27100;ASH_COATED_OSMIUM;9929;17;9925;16;;;9935;18;9937;29;;;9932.0;0.0
av_CORN_d4;27100;INTARIAN_PEPPER_ROOT;10115;12;10113;18;;;10125;17;10128;20;;;10120.0;0.0
av_CORN_d4;27200;ASH_COATED_OSMIUM;9928;19;9924;21;;;9934;9;9937;22;;;9931.0;0.0
av_CORN_d4;27200;INTARIAN_PEPPER_ROOT;10117;11;10114;22;;;10123;13;10126;25;;;10120.0;0.0
av_CORN_d4;27300;ASH_COATED_OSMIUM;9920;21;9917;25;;;9942;15;9944;12;;;9931.0;0.0
av_CORN_d4;27300;INTARIAN_PEPPER_ROOT;10116;16;10114;16;;;10122;28;10124;17;;;10119.0;0.0
av_CORN_d4;27400;ASH_COATED_OSMIUM;9929;16;9925;27;;;9935;15;9939;16;;;9932.0;0.0
av_CORN_d4;27400;INTARIAN_PEPPER_ROOT;10111;15;10107;28;;;10128;7;10131;24;;;10119.5;0.0
av_CORN_d4;27500;ASH_COATED_OSMIUM;9928;12;9926;15;;;9934;9;9937;25;;;9931.0;0.0
av_CORN_d4;27500;INTARIAN_PEPPER_ROOT;10116;9;10112;19;;;10122;16;10125;21;;;10119.0;0.0
av_CORN_d4;27600;ASH_COATED_OSMIUM;9924;11;9921;18;;;9938;17;9942;28;;;9931.0;0.0
av_CORN_d4;27600;INTARIAN_PEPPER_ROOT;10116;9;10112;14;;;10122;23;10125;18;;;10119.0;0.0
av_CORN_d4;27700;ASH_COATED_OSMIUM;9926;16;9922;22;;;9936;20;9939;16;;;9931.0;0.0
av_CORN_d4;27700;INTARIAN_PEPPER_ROOT;10116;17;10114;15;;;10122;7;10126;23;;;10119.0;0.0
av_CORN_d4;27800;ASH_COATED_OSMIUM;9926;14;9924;16;;;9936;22;9939;32;;;9931.0;0.0
av_CORN_d4;27800;INTARIAN_PEPPER_ROOT;10103;10;10101;22;;;10135;11;10138;22;;;10119.0;0.0
av_CORN_d4;27900;ASH_COATED_OSMIUM;9924;10;9920;16;;;9938;15;9941;19;;;9931.0;0.0
av_CORN_d4;27900;INTARIAN_PEPPER_ROOT;10111;9;10108;20;;;10126;20;10128;12;;;10118.5;0.0
av_CORN_d4;28000;ASH_COATED_OSMIUM;9923;14;9921;31;;;9939;10;9943;20;;;9931.0;0.0
av_CORN_d4;28000;INTARIAN_PEPPER_ROOT;10105;14;10101;22;;;10131;11;10135;16;;;10118.0;0.0
av_CORN_d4;28100;ASH_COATED_OSMIUM;9928;6;9926;27;;;9934;11;9936;18;;;9931.0;0.0
av_CORN_d4;28100;INTARIAN_PEPPER_ROOT;10115;21;10112;23;;;10121;5;10124;23;;;10118.0;0.0
av_CORN_d4;28200;ASH_COATED_OSMIUM;9923;16;9921;19;;;9939;27;9942;25;;;9931.0;0.0
av_CORN_d4;28200;INTARIAN_PEPPER_ROOT;10115;17;10113;26;;;10121;14;10125;26;;;10118.0;0.0
av_CORN_d4;28300;ASH_COATED_OSMIUM;9927;13;9925;26;;;9934;12;9936;13;;;9930.5;0.0
av_CORN_d4;28300;INTARIAN_PEPPER_ROOT;10110;13;10106;30;;;10126;10;10129;13;;;10118.0;0.0
av_CORN_d4;28400;ASH_COATED_OSMIUM;9926;6;9923;28;;;9935;14;9937;17;;;9930.5;0.0
av_CORN_d4;28400;INTARIAN_PEPPER_ROOT;10114;17;10110;21;;;10120;14;10123;18;;;10117.0;0.0
av_CORN_d4;28500;ASH_COATED_OSMIUM;9927;7;9923;24;;;9933;9;9936;26;;;9930.0;0.0
av_CORN_d4;28500;INTARIAN_PEPPER_ROOT;10114;15;10112;13;;;10120;10;10123;19;;;10117.0;0.0
av_CORN_d4;28600;ASH_COATED_OSMIUM;9928;20;9926;14;;;9934;9;9937;17;;;9931.0;0.0
av_CORN_d4;28600;INTARIAN_PEPPER_ROOT;10114;17;10112;15;;;10121;12;10125;27;;;10117.5;0.0
av_CORN_d4;28700;ASH_COATED_OSMIUM;9928;13;9924;23;;;9934;8;9937;19;;;9931.0;0.0
av_CORN_d4;28700;INTARIAN_PEPPER_ROOT;10114;18;10110;19;;;10120;15;10122;14;;;10117.0;0.0
av_CORN_d4;28800;ASH_COATED_OSMIUM;9928;13;9926;19;;;9934;10;9938;23;;;9931.0;0.0
av_CORN_d4;28800;INTARIAN_PEPPER_ROOT;10114;12;10110;20;;;10120;19;10122;12;;;10117.0;0.0
av_CORN_d4;28900;ASH_COATED_OSMIUM;9922;15;9918;13;;;9939;13;9943;24;;;9930.5;0.0
av_CORN_d4;28900;INTARIAN_PEPPER_ROOT;10114;5;10112;17;;;10120;10;10122;23;;;10117.0;0.0
av_CORN_d4;29000;ASH_COATED_OSMIUM;9927;8;9924;22;;;9933;20;9937;21;;;9930.0;0.0
av_CORN_d4;29000;INTARIAN_PEPPER_ROOT;10111;8;10107;17;;;10121;7;10123;22;;;10116.0;0.0
av_CORN_d4;29100;ASH_COATED_OSMIUM;9928;11;9926;26;;;9934;13;9936;14;;;9931.0;0.0
av_CORN_d4;29100;INTARIAN_PEPPER_ROOT;10113;16;10110;17;;;10119;6;10122;14;;;10116.0;0.0
av_CORN_d4;29200;ASH_COATED_OSMIUM;9923;13;9920;14;;;9938;14;9942;23;;;9930.5;0.0
av_CORN_d4;29200;INTARIAN_PEPPER_ROOT;10113;15;10111;18;;;10119;16;10122;18;;;10116.0;0.0
av_CORN_d4;29300;ASH_COATED_OSMIUM;9928;6;9925;14;;;9934;30;9936;23;;;9931.0;0.0
av_CORN_d4;29300;INTARIAN_PEPPER_ROOT;10112;13;10110;23;;;10118;19;10122;18;;;10115.0;0.0
av_CORN_d4;29400;ASH_COATED_OSMIUM;9926;16;9923;18;;;9935;20;9939;21;;;9930.5;0.0
av_CORN_d4;29400;INTARIAN_PEPPER_ROOT;10112;14;10108;23;;;10118;11;10120;12;;;10115.0;0.0
av_CORN_d4;29500;ASH_COATED_OSMIUM;9928;9;9925;15;;;9934;28;9937;15;;;9931.0;0.0
av_CORN_d4;29500;INTARIAN_PEPPER_ROOT;10112;21;10109;17;;;10118;12;10120;29;;;10115.0;0.0
av_CORN_d4;29600;ASH_COATED_OSMIUM;9928;9;9926;15;;;9934;10;9938;19;;;9931.0;0.0
av_CORN_d4;29600;INTARIAN_PEPPER_ROOT;10100;20;10098;23;;;10131;20;10134;12;;;10115.5;0.0
av_CORN_d4;29700;ASH_COATED_OSMIUM;9928;15;9924;8;;;9934;18;9938;17;;;9931.0;0.0
av_CORN_d4;29700;INTARIAN_PEPPER_ROOT;10109;6;10105;21;;;10120;18;10122;25;;;10114.5;0.0
av_CORN_d4;29800;ASH_COATED_OSMIUM;9927;14;9924;23;;;9933;17;9937;21;;;9930.0;0.0
av_CORN_d4;29800;INTARIAN_PEPPER_ROOT;10110;25;10108;19;;;10120;6;10122;13;;;10115.0;0.0
av_CORN_d4;29900;ASH_COATED_OSMIUM;9916;17;9913;27;;;9945;14;9948;23;;;9930.5;0.0
av_CORN_d4;29900;INTARIAN_PEPPER_ROOT;10111;19;10107;14;;;10117;10;10120;20;;;10114.0;0.0
av_CORN_d4;30000;ASH_COATED_OSMIUM;9921;15;9918;18;;;9941;15;9943;20;;;9931.0;0.0
av_CORN_d4;30000;INTARIAN_PEPPER_ROOT;10110;8;10108;14;;;10119;11;10121;21;;;10114.5;0.0
av_CORN_d4;30100;ASH_COATED_OSMIUM;9924;11;9921;20;;;9936;12;9940;25;;;9930.0;0.0
av_CORN_d4;30100;INTARIAN_PEPPER_ROOT;10111;14;10109;18;;;10117;19;10120;24;;;10114.0;0.0
av_CORN_d4;30200;ASH_COATED_OSMIUM;9919;8;9917;18;;;9943;19;9947;17;;;9931.0;0.0
av_CORN_d4;30200;INTARIAN_PEPPER_ROOT;10111;10;10107;21;;;10117;24;10121;22;;;10114.0;0.0
av_CORN_d4;30300;ASH_COATED_OSMIUM;9923;14;9919;18;;;9937;15;9941;18;;;9930.0;0.0
av_CORN_d4;30300;INTARIAN_PEPPER_ROOT;10110;15;10106;16;;;10116;15;10118;17;;;10113.0;0.0
av_CORN_d4;30400;ASH_COATED_OSMIUM;9928;10;9926;24;;;9934;9;9936;19;;;9931.0;0.0
av_CORN_d4;30400;INTARIAN_PEPPER_ROOT;10110;20;10106;13;;;10116;5;10120;17;;;10113.0;0.0
av_CORN_d4;30500;ASH_COATED_OSMIUM;9927;16;9925;20;;;9933;15;9935;15;;;9930.0;0.0
av_CORN_d4;30500;INTARIAN_PEPPER_ROOT;10109;14;10107;29;;;10117;13;10120;12;;;10113.0;0.0
av_CORN_d4;30600;ASH_COATED_OSMIUM;9928;14;9926;17;;;9934;17;9936;19;;;9931.0;0.0
av_CORN_d4;30600;INTARIAN_PEPPER_ROOT;10104;24;10101;26;;;10123;14;10126;20;;;10113.5;0.0
av_CORN_d4;30700;ASH_COATED_OSMIUM;9928;10;9926;16;;;9934;19;9936;26;;;9931.0;0.0
av_CORN_d4;30700;INTARIAN_PEPPER_ROOT;10099;17;10095;20;;;10125;16;10127;17;;;10112.0;0.0
av_CORN_d4;30800;ASH_COATED_OSMIUM;9918;7;9914;8;;;9942;12;9945;16;;;9930.0;0.0
av_CORN_d4;30800;INTARIAN_PEPPER_ROOT;10110;11;10106;23;;;10117;10;10120;16;;;10113.5;0.0
av_CORN_d4;30900;ASH_COATED_OSMIUM;9923;14;9919;23;;;9937;13;9939;25;;;9930.0;0.0
av_CORN_d4;30900;INTARIAN_PEPPER_ROOT;10109;16;10106;25;;;10115;27;10119;13;;;10112.0;0.0
av_CORN_d4;31000;ASH_COATED_OSMIUM;9925;11;9922;15;;;9935;11;9937;18;;;9930.0;0.0
av_CORN_d4;31000;INTARIAN_PEPPER_ROOT;10103;6;10099;27;;;10120;14;10122;27;;;10111.5;0.0
av_CORN_d4;31100;ASH_COATED_OSMIUM;9924;13;9922;20;;;9937;14;9940;14;;;9930.5;0.0
av_CORN_d4;31100;INTARIAN_PEPPER_ROOT;10109;20;10105;20;;;10115;14;10118;24;;;10112.0;0.0
av_CORN_d4;31200;ASH_COATED_OSMIUM;9928;22;9924;18;;;9934;18;9936;26;;;9931.0;0.0
av_CORN_d4;31200;INTARIAN_PEPPER_ROOT;10105;11;10102;22;;;10120;16;10124;16;;;10112.5;0.0
av_CORN_d4;31300;ASH_COATED_OSMIUM;9928;13;9925;21;;;9934;14;9937;30;;;9931.0;0.0
av_CORN_d4;31300;INTARIAN_PEPPER_ROOT;10096;14;10094;25;;;10127;18;10130;27;;;10111.5;0.0
av_CORN_d4;31400;ASH_COATED_OSMIUM;9927;17;9923;19;;;9933;17;9935;15;;;9930.0;0.0
av_CORN_d4;31400;INTARIAN_PEPPER_ROOT;10109;14;10106;11;;;10115;21;10119;22;;;10112.0;0.0
av_CORN_d4;31500;ASH_COATED_OSMIUM;9927;21;9925;15;;;9933;20;9936;21;;;9930.0;0.0
av_CORN_d4;31500;INTARIAN_PEPPER_ROOT;10108;13;10105;13;;;10114;18;10116;16;;;10111.0;0.0
av_CORN_d4;31600;ASH_COATED_OSMIUM;9927;16;9925;30;;;9933;17;9937;28;;;9930.0;0.0
av_CORN_d4;31600;INTARIAN_PEPPER_ROOT;10108;18;10104;20;;;10114;28;10117;28;;;10111.0;0.0
av_CORN_d4;31700;ASH_COATED_OSMIUM;9927;16;9923;24;;;9933;5;9935;26;;;9930.0;0.0
av_CORN_d4;31700;INTARIAN_PEPPER_ROOT;10108;5;10105;23;;;10115;11;10117;12;;;10111.5;0.0
av_CORN_d4;31800;ASH_COATED_OSMIUM;9927;14;9924;22;;;9934;21;9938;16;;;9930.5;0.0
av_CORN_d4;31800;INTARIAN_PEPPER_ROOT;10108;23;10106;18;;;10114;20;10118;24;;;10111.0;0.0
av_CORN_d4;31900;ASH_COATED_OSMIUM;9915;13;9911;20;;;9945;10;9949;16;;;9930.0;0.0
av_CORN_d4;31900;INTARIAN_PEPPER_ROOT;10107;16;10103;20;;;10113;21;10117;17;;;10110.0;0.0
av_CORN_d4;32000;ASH_COATED_OSMIUM;9927;27;9924;17;;;9934;17;9938;24;;;9930.5;0.0
av_CORN_d4;32000;INTARIAN_PEPPER_ROOT;10108;26;10106;14;;;10114;17;10117;23;;;10111.0;0.0
av_CORN_d4;32100;ASH_COATED_OSMIUM;9927;7;9925;23;;;9933;20;9936;28;;;9930.0;0.0
av_CORN_d4;32100;INTARIAN_PEPPER_ROOT;10103;22;10099;14;;;10117;5;10121;14;;;10110.0;0.0
av_CORN_d4;32200;ASH_COATED_OSMIUM;9927;9;9924;18;;;9933;15;9935;18;;;9930.0;0.0
av_CORN_d4;32200;INTARIAN_PEPPER_ROOT;10107;16;10104;24;;;10113;12;10117;12;;;10110.0;0.0
av_CORN_d4;32300;ASH_COATED_OSMIUM;9927;12;9925;11;;;9933;5;9935;18;;;9930.0;0.0
av_CORN_d4;32300;INTARIAN_PEPPER_ROOT;10107;9;10104;19;;;10113;15;10117;22;;;10110.0;0.0
av_CORN_d4;32400;ASH_COATED_OSMIUM;9925;17;9921;28;;;9934;14;9938;21;;;9929.5;0.0
av_CORN_d4;32400;INTARIAN_PEPPER_ROOT;10104;14;10101;19;;;10115;8;10118;25;;;10109.5;0.0
av_CORN_d4;32500;ASH_COATED_OSMIUM;9927;12;9923;21;;;9933;10;9937;31;;;9930.0;0.0
av_CORN_d4;32500;INTARIAN_PEPPER_ROOT;10105;26;10101;27;;;10113;24;10117;9;;;10109.0;0.0
av_CORN_d4;32600;ASH_COATED_OSMIUM;9927;15;9925;18;;;9933;11;9936;15;;;9930.0;0.0
av_CORN_d4;32600;INTARIAN_PEPPER_ROOT;10106;16;10104;27;;;10112;17;10114;19;;;10109.0;0.0
av_CORN_d4;32700;ASH_COATED_OSMIUM;9927;13;9925;15;;;9933;14;9935;21;;;9930.0;0.0
av_CORN_d4;32700;INTARIAN_PEPPER_ROOT;10092;22;10089;18;;;10126;8;10129;16;;;10109.0;0.0
av_CORN_d4;32800;ASH_COATED_OSMIUM;9916;23;9912;21;;;9943;16;9947;23;;;9929.5;0.0
av_CORN_d4;32800;INTARIAN_PEPPER_ROOT;10105;12;10103;8;;;10111;19;10114;23;;;10108.0;0.0
av_CORN_d4;32900;ASH_COATED_OSMIUM;9927;5;9925;17;;;9933;13;9937;15;;;9930.0;0.0
av_CORN_d4;32900;INTARIAN_PEPPER_ROOT;10103;10;10100;19;;;10114;21;10116;15;;;10108.5;0.0
av_CORN_d4;33000;ASH_COATED_OSMIUM;9927;14;9925;21;;;9933;22;9937;16;;;9930.0;0.0
av_CORN_d4;33000;INTARIAN_PEPPER_ROOT;10105;17;10101;22;;;10112;18;10114;23;;;10108.5;0.0
av_CORN_d4;33100;ASH_COATED_OSMIUM;9925;21;9923;16;;;9935;16;9937;19;;;9930.0;0.0
av_CORN_d4;33100;INTARIAN_PEPPER_ROOT;10105;14;10103;32;;;10111;19;10114;11;;;10108.0;0.0
av_CORN_d4;33200;ASH_COATED_OSMIUM;9926;11;9922;22;;;9932;16;9936;17;;;9929.0;0.0
av_CORN_d4;33200;INTARIAN_PEPPER_ROOT;10103;9;10100;21;;;10113;17;10116;27;;;10108.0;0.0
av_CORN_d4;33300;ASH_COATED_OSMIUM;9927;8;9923;18;;;9933;24;9937;21;;;9930.0;0.0
av_CORN_d4;33300;INTARIAN_PEPPER_ROOT;10105;5;10101;24;;;10111;20;10115;21;;;10108.0;0.0
av_CORN_d4;33400;ASH_COATED_OSMIUM;9927;16;9923;28;;;9933;19;9937;16;;;9930.0;0.0
av_CORN_d4;33400;INTARIAN_PEPPER_ROOT;10104;17;10102;22;;;10110;10;10114;12;;;10107.0;0.0
av_CORN_d4;33500;ASH_COATED_OSMIUM;9927;15;9925;22;;;9933;15;9935;22;;;9930.0;0.0
av_CORN_d4;33500;INTARIAN_PEPPER_ROOT;10104;15;10100;18;;;10111;11;10114;12;;;10107.5;0.0
av_CORN_d4;33600;ASH_COATED_OSMIUM;9927;24;9925;15;;;9933;6;9937;24;;;9930.0;0.0
av_CORN_d4;33600;INTARIAN_PEPPER_ROOT;10100;14;10097;18;;;10113;14;10116;29;;;10106.5;0.0
av_CORN_d4;33700;ASH_COATED_OSMIUM;9926;9;9923;20;;;9932;5;9935;20;;;9929.0;0.0
av_CORN_d4;33700;INTARIAN_PEPPER_ROOT;10102;13;10100;24;;;10112;16;10114;34;;;10107.0;0.0
av_CORN_d4;33800;ASH_COATED_OSMIUM;9927;18;9924;15;;;9933;16;9935;27;;;9930.0;0.0
av_CORN_d4;33800;INTARIAN_PEPPER_ROOT;10104;15;10100;13;;;10110;24;10114;20;;;10107.0;0.0
av_CORN_d4;33900;ASH_COATED_OSMIUM;9927;17;9924;19;;;9933;11;9936;8;;;9930.0;0.0
av_CORN_d4;33900;INTARIAN_PEPPER_ROOT;10104;21;10102;24;;;10110;12;10112;18;;;10107.0;0.0
av_CORN_d4;34000;ASH_COATED_OSMIUM;9926;13;9924;11;;;9932;17;9936;28;;;9929.0;0.0
av_CORN_d4;34000;INTARIAN_PEPPER_ROOT;10102;13;10098;19;;;10110;25;10114;24;;;10106.0;0.0
av_CORN_d4;34100;ASH_COATED_OSMIUM;9918;10;9915;22;;;9940;13;9942;20;;;9929.0;0.0
av_CORN_d4;34100;INTARIAN_PEPPER_ROOT;10101;8;10098;24;;;10109;14;10112;14;;;10105.0;0.0
av_CORN_d4;34200;ASH_COATED_OSMIUM;9921;17;9919;20;;;9937;24;9939;22;;;9929.0;0.0
av_CORN_d4;34200;INTARIAN_PEPPER_ROOT;10101;6;10097;14;;;10107;11;10111;16;;;10104.0;0.0
av_CORN_d4;34300;ASH_COATED_OSMIUM;9926;14;9923;21;;;9932;19;9935;15;;;9929.0;0.0
av_CORN_d4;34300;INTARIAN_PEPPER_ROOT;10101;18;10099;29;;;10107;14;10111;18;;;10104.0;0.0
av_CORN_d4;34400;ASH_COATED_OSMIUM;9925;21;9922;22;;;9933;5;9935;13;;;9929.0;0.0
av_CORN_d4;34400;INTARIAN_PEPPER_ROOT;10100;17;10098;13;;;10106;12;10109;21;;;10103.0;0.0
av_CORN_d4;34500;ASH_COATED_OSMIUM;9927;12;9923;26;;;9933;13;9936;14;;;9930.0;0.0
av_CORN_d4;34500;INTARIAN_PEPPER_ROOT;10097;8;10094;21;;;10107;13;10109;14;;;10102.0;0.0
av_CORN_d4;34600;ASH_COATED_OSMIUM;9926;13;9922;18;;;9932;21;9935;16;;;9929.0;0.0
av_CORN_d4;34600;INTARIAN_PEPPER_ROOT;10097;10;10095;27;;;10108;15;10112;21;;;10102.5;0.0
av_CORN_d4;34700;ASH_COATED_OSMIUM;9926;15;9923;19;;;9933;28;9935;19;;;9929.5;0.0
av_CORN_d4;34700;INTARIAN_PEPPER_ROOT;10098;9;10094;13;;;10104;15;10108;25;;;10101.0;0.0
av_CORN_d4;34800;ASH_COATED_OSMIUM;9926;10;9924;27;;;9932;16;9936;16;;;9929.0;0.0
av_CORN_d4;34800;INTARIAN_PEPPER_ROOT;10098;8;10094;22;;;10104;11;10106;21;;;10101.0;0.0
av_CORN_d4;34900;ASH_COATED_OSMIUM;9926;17;9924;19;;;9932;20;9935;27;;;9929.0;0.0
av_CORN_d4;34900;INTARIAN_PEPPER_ROOT;10098;13;10095;16;;;10104;9;10107;16;;;10101.0;0.0
av_CORN_d4;35000;ASH_COATED_OSMIUM;9927;20;9925;20;;;9933;17;9935;18;;;9930.0;0.0
av_CORN_d4;35000;INTARIAN_PEPPER_ROOT;10095;18;10091;19;;;10104;16;10108;14;;;10099.5;0.0
av_CORN_d4;35100;ASH_COATED_OSMIUM;9920;17;9916;28;;;9937;17;9940;20;;;9928.5;0.0
av_CORN_d4;35100;INTARIAN_PEPPER_ROOT;10096;13;10093;20;;;10102;17;10106;20;;;10099.0;0.0
av_CORN_d4;35200;ASH_COATED_OSMIUM;9926;20;9922;16;;;9932;14;9935;26;;;9929.0;0.0
av_CORN_d4;35200;INTARIAN_PEPPER_ROOT;10095;14;10091;18;;;10101;13;10105;16;;;10098.0;0.0
av_CORN_d4;35300;ASH_COATED_OSMIUM;9916;9;9914;22;;;9942;10;9946;23;;;9929.0;0.0
av_CORN_d4;35300;INTARIAN_PEPPER_ROOT;10095;16;10093;15;;;10101;10;10104;10;;;10098.0;0.0
av_CORN_d4;35400;ASH_COATED_OSMIUM;9907;21;9903;14;;;9952;5;9955;26;;;9929.5;0.0
av_CORN_d4;35400;INTARIAN_PEPPER_ROOT;10090;13;10087;18;;;10102;15;10104;16;;;10096.0;0.0
av_CORN_d4;35500;ASH_COATED_OSMIUM;9926;19;9923;19;;;9933;19;9937;25;;;9929.5;0.0
av_CORN_d4;35500;INTARIAN_PEPPER_ROOT;10093;6;10090;8;;;10099;17;10103;25;;;10096.0;0.0
av_CORN_d4;35600;ASH_COATED_OSMIUM;9926;15;9922;13;;;9932;10;9936;22;;;9929.0;0.0
av_CORN_d4;35600;INTARIAN_PEPPER_ROOT;10093;12;10089;19;;;10099;19;10103;21;;;10096.0;0.0
av_CORN_d4;35700;ASH_COATED_OSMIUM;9925;15;9922;20;;;9932;10;9936;24;;;9928.5;0.0
av_CORN_d4;35700;INTARIAN_PEPPER_ROOT;10087;13;10085;18;;;10103;10;10107;32;;;10095.0;0.0
av_CORN_d4;35800;ASH_COATED_OSMIUM;9925;20;9923;11;;;9933;22;9936;20;;;9929.0;0.0
av_CORN_d4;35800;INTARIAN_PEPPER_ROOT;10092;18;10090;15;;;10098;10;10102;20;;;10095.0;0.0
av_CORN_d4;35900;ASH_COATED_OSMIUM;9925;17;9922;19;;;9933;6;9935;16;;;9929.0;0.0
av_CORN_d4;35900;INTARIAN_PEPPER_ROOT;10091;22;10088;12;;;10097;19;10099;13;;;10094.0;0.0
av_CORN_d4;36000;ASH_COATED_OSMIUM;9926;17;9924;24;;;9932;11;9935;22;;;9929.0;0.0
av_CORN_d4;36000;INTARIAN_PEPPER_ROOT;10090;17;10088;9;;;10096;21;10100;18;;;10093.0;0.0
av_CORN_d4;36100;ASH_COATED_OSMIUM;9926;14;9922;21;;;9932;17;9934;21;;;9929.0;0.0
av_CORN_d4;36100;INTARIAN_PEPPER_ROOT;10089;23;10087;20;;;10096;19;10099;20;;;10092.5;0.0
av_CORN_d4;36200;ASH_COATED_OSMIUM;9926;10;9923;15;;;9932;13;9935;22;;;9929.0;0.0
av_CORN_d4;36200;INTARIAN_PEPPER_ROOT;10085;14;10083;20;;;10097;23;10101;16;;;10091.0;0.0
av_CORN_d4;36300;ASH_COATED_OSMIUM;9923;21;9919;33;;;9933;21;9937;16;;;9928.0;0.0
av_CORN_d4;36300;INTARIAN_PEPPER_ROOT;10078;21;10074;22;;;10105;8;10108;26;;;10091.5;0.0
av_CORN_d4;36400;ASH_COATED_OSMIUM;9926;21;9923;17;;;9932;14;9935;21;;;9929.0;0.0
av_CORN_d4;36400;INTARIAN_PEPPER_ROOT;10088;10;10084;22;;;10094;15;10096;27;;;10091.0;0.0
av_CORN_d4;36500;ASH_COATED_OSMIUM;9926;20;9922;15;;;9932;10;9934;31;;;9929.0;0.0
av_CORN_d4;36500;INTARIAN_PEPPER_ROOT;10087;7;10085;18;;;10093;14;10097;24;;;10090.0;0.0
av_CORN_d4;36600;ASH_COATED_OSMIUM;9926;5;9922;30;;;9932;18;9935;11;;;9929.0;0.0
av_CORN_d4;36600;INTARIAN_PEPPER_ROOT;10082;14;10078;19;;;10097;14;10101;23;;;10089.5;0.0
av_CORN_d4;36700;ASH_COATED_OSMIUM;9926;13;9924;25;;;9932;12;9935;15;;;9929.0;0.0
av_CORN_d4;36700;INTARIAN_PEPPER_ROOT;10086;20;10083;20;;;10092;16;10095;20;;;10089.0;0.0
av_CORN_d4;36800;ASH_COATED_OSMIUM;9923;14;9919;14;;;9935;19;9938;19;;;9929.0;0.0
av_CORN_d4;36800;INTARIAN_PEPPER_ROOT;10083;8;10080;20;;;10092;13;10095;24;;;10087.5;0.0
av_CORN_d4;36900;ASH_COATED_OSMIUM;9926;21;9922;19;;;9932;13;9936;14;;;9929.0;0.0
av_CORN_d4;36900;INTARIAN_PEPPER_ROOT;10084;7;10081;21;;;10090;21;10093;19;;;10087.0;0.0
av_CORN_d4;37000;ASH_COATED_OSMIUM;9924;15;9922;13;;;9933;16;9936;24;;;9928.5;0.0
av_CORN_d4;37000;INTARIAN_PEPPER_ROOT;10084;18;10080;10;;;10090;18;10092;21;;;10087.0;0.0
av_CORN_d4;37100;ASH_COATED_OSMIUM;9925;12;9923;20;;;9931;6;9934;24;;;9928.0;0.0
av_CORN_d4;37100;INTARIAN_PEPPER_ROOT;10079;22;10076;19;;;10093;23;10095;25;;;10086.0;0.0
av_CORN_d4;37200;ASH_COATED_OSMIUM;9924;10;9920;17;;;9934;13;9938;18;;;9929.0;0.0
av_CORN_d4;37200;INTARIAN_PEPPER_ROOT;10081;8;10079;10;;;10090;8;10093;17;;;10085.5;0.0
av_CORN_d4;37300;ASH_COATED_OSMIUM;9923;14;9919;22;;;9935;18;9939;18;;;9929.0;0.0
av_CORN_d4;37300;INTARIAN_PEPPER_ROOT;10082;5;10078;15;;;10088;20;10090;22;;;10085.0;0.0
av_CORN_d4;37400;ASH_COATED_OSMIUM;9926;19;9924;20;;;9932;16;9934;13;;;9929.0;0.0
av_CORN_d4;37400;INTARIAN_PEPPER_ROOT;10081;14;10077;21;;;10087;13;10091;15;;;10084.0;0.0
av_CORN_d4;37500;ASH_COATED_OSMIUM;9926;15;9924;14;;;9932;10;9936;26;;;9929.0;0.0
av_CORN_d4;37500;INTARIAN_PEPPER_ROOT;10081;15;10077;25;;;10087;16;10090;23;;;10084.0;0.0
av_CORN_d4;37600;ASH_COATED_OSMIUM;9922;18;9918;21;;;9936;20;9940;27;;;9929.0;0.0
av_CORN_d4;37600;INTARIAN_PEPPER_ROOT;10078;18;10075;19;;;10087;7;10091;21;;;10082.5;0.0
av_CORN_d4;37700;ASH_COATED_OSMIUM;9925;13;9923;23;;;9931;6;9933;19;;;9928.0;0.0
av_CORN_d4;37700;INTARIAN_PEPPER_ROOT;10071;15;10068;28;;;10094;22;10096;24;;;10082.5;0.0
av_CORN_d4;37800;ASH_COATED_OSMIUM;9919;14;9915;13;;;9936;10;9939;17;;;9927.5;0.0
av_CORN_d4;37800;INTARIAN_PEPPER_ROOT;10079;23;10075;8;;;10085;13;10089;28;;;10082.0;0.0
av_CORN_d4;37900;ASH_COATED_OSMIUM;9915;13;9913;21;;;9941;13;9943;22;;;9928.0;0.0
av_CORN_d4;37900;INTARIAN_PEPPER_ROOT;10078;5;10075;13;;;10084;20;10086;14;;;10081.0;0.0
av_CORN_d4;38000;ASH_COATED_OSMIUM;9925;16;9922;11;;;9931;11;9934;12;;;9928.0;0.0
av_CORN_d4;38000;INTARIAN_PEPPER_ROOT;10077;19;10075;19;;;10083;6;10085;16;;;10080.0;0.0
av_CORN_d4;38100;ASH_COATED_OSMIUM;9922;17;9920;18;;;9935;17;9937;12;;;9928.5;0.0
av_CORN_d4;38100;INTARIAN_PEPPER_ROOT;10077;20;10074;19;;;10083;7;10087;17;;;10080.0;0.0
av_CORN_d4;38200;ASH_COATED_OSMIUM;9924;13;9921;12;;;9930;10;9934;26;;;9927.0;0.0
av_CORN_d4;38200;INTARIAN_PEPPER_ROOT;10077;11;10075;20;;;10083;16;10086;21;;;10080.0;0.0
av_CORN_d4;38300;ASH_COATED_OSMIUM;9924;14;9920;21;;;9931;15;9934;21;;;9927.5;0.0
av_CORN_d4;38300;INTARIAN_PEPPER_ROOT;10075;10;10073;14;;;10081;15;10083;27;;;10078.0;0.0
av_CORN_d4;38400;ASH_COATED_OSMIUM;9925;12;9921;23;;;9931;14;9935;19;;;9928.0;0.0
av_CORN_d4;38400;INTARIAN_PEPPER_ROOT;10075;9;10073;20;;;10081;14;10084;22;;;10078.0;0.0
av_CORN_d4;38500;ASH_COATED_OSMIUM;9925;12;9922;20;;;9931;14;9933;17;;;9928.0;0.0
av_CORN_d4;38500;INTARIAN_PEPPER_ROOT;10074;28;10070;17;;;10080;25;10084;17;;;10077.0;0.0
av_CORN_d4;38600;ASH_COATED_OSMIUM;9925;20;9921;23;;;9931;13;9933;17;;;9928.0;0.0
av_CORN_d4;38600;INTARIAN_PEPPER_ROOT;10074;15;10070;15;;;10080;12;10084;25;;;10077.0;0.0
av_CORN_d4;38700;ASH_COATED_OSMIUM;9924;17;9920;27;;;9931;8;9935;23;;;9927.5;0.0
av_CORN_d4;38700;INTARIAN_PEPPER_ROOT;10067;24;10065;15;;;10086;16;10088;23;;;10076.5;0.0
av_CORN_d4;38800;ASH_COATED_OSMIUM;9924;15;9922;15;;;9930;14;9933;23;;;9927.0;0.0
av_CORN_d4;38800;INTARIAN_PEPPER_ROOT;10069;13;10065;26;;;10082;19;10085;15;;;10075.5;0.0
av_CORN_d4;38900;ASH_COATED_OSMIUM;9925;11;9923;16;;;9931;21;9934;31;;;9928.0;0.0
av_CORN_d4;38900;INTARIAN_PEPPER_ROOT;10060;14;10056;23;;;10089;17;10093;24;;;10074.5;0.0
av_CORN_d4;39000;ASH_COATED_OSMIUM;9925;16;9921;29;;;9931;21;9933;24;;;9928.0;0.0
av_CORN_d4;39000;INTARIAN_PEPPER_ROOT;10071;10;10069;25;;;10077;9;10081;14;;;10074.0;0.0
av_CORN_d4;39100;ASH_COATED_OSMIUM;9925;12;9923;18;;;9931;15;9935;27;;;9928.0;0.0
av_CORN_d4;39100;INTARIAN_PEPPER_ROOT;10070;19;10068;19;;;10076;11;10079;20;;;10073.0;0.0
av_CORN_d4;39200;ASH_COATED_OSMIUM;9925;8;9922;15;;;9931;10;9933;23;;;9928.0;0.0
av_CORN_d4;39200;INTARIAN_PEPPER_ROOT;10067;13;10065;25;;;10080;9;10084;15;;;10073.5;0.0
av_CORN_d4;39300;ASH_COATED_OSMIUM;9904;21;9902;22;;;9952;17;9956;29;;;9928.0;0.0
av_CORN_d4;39300;INTARIAN_PEPPER_ROOT;10069;23;10067;14;;;10075;26;10078;15;;;10072.0;0.0
av_CORN_d4;39400;ASH_COATED_OSMIUM;9924;18;9922;21;;;9932;10;9935;15;;;9928.0;0.0
av_CORN_d4;39400;INTARIAN_PEPPER_ROOT;10061;14;10057;15;;;10083;18;10085;16;;;10072.0;0.0
av_CORN_d4;39500;ASH_COATED_OSMIUM;9924;10;9920;18;;;9930;21;9933;16;;;9927.0;0.0
av_CORN_d4;39500;INTARIAN_PEPPER_ROOT;10066;14;10062;14;;;10075;20;10079;21;;;10070.5;0.0
av_CORN_d4;39600;ASH_COATED_OSMIUM;9915;9;9912;29;;;9941;10;9944;23;;;9928.0;0.0
av_CORN_d4;39600;INTARIAN_PEPPER_ROOT;10067;23;10064;17;;;10073;16;10075;16;;;10070.0;0.0
av_CORN_d4;39700;ASH_COATED_OSMIUM;9921;21;9919;17;;;9935;6;9938;10;;;9928.0;0.0
av_CORN_d4;39700;INTARIAN_PEPPER_ROOT;10066;20;10063;20;;;10073;15;10075;15;;;10069.5;0.0
av_CORN_d4;39800;ASH_COATED_OSMIUM;9924;24;9922;24;;;9933;15;9936;18;;;9928.5;0.0
av_CORN_d4;39800;INTARIAN_PEPPER_ROOT;10052;14;10049;8;;;10087;9;10090;17;;;10069.5;0.0
av_CORN_d4;39900;ASH_COATED_OSMIUM;9925;11;9922;27;;;9931;15;9935;13;;;9928.0;0.0
av_CORN_d4;39900;INTARIAN_PEPPER_ROOT;10063;9;10061;20;;;10074;7;10077;24;;;10068.5;0.0
av_CORN_d4;40000;ASH_COATED_OSMIUM;9925;15;9922;11;;;9931;13;9934;21;;;9928.0;0.0
av_CORN_d4;40000;INTARIAN_PEPPER_ROOT;10065;20;10062;21;;;10071;22;10073;18;;;10068.0;0.0
av_CORN_d4;40100;ASH_COATED_OSMIUM;9924;24;9922;22;;;9930;9;9933;11;;;9927.0;0.0
av_CORN_d4;40100;INTARIAN_PEPPER_ROOT;10064;18;10060;27;;;10070;14;10074;22;;;10067.0;0.0
av_CORN_d4;40200;ASH_COATED_OSMIUM;9925;16;9921;15;;;9931;15;9934;14;;;9928.0;0.0
av_CORN_d4;40200;INTARIAN_PEPPER_ROOT;10064;13;10061;28;;;10070;17;10074;10;;;10067.0;0.0
av_CORN_d4;40300;ASH_COATED_OSMIUM;9925;19;9922;21;;;9931;25;9933;16;;;9928.0;0.0
av_CORN_d4;40300;INTARIAN_PEPPER_ROOT;10063;21;10060;23;;;10069;14;10072;18;;;10066.0;0.0
av_CORN_d4;40400;ASH_COATED_OSMIUM;9924;18;9920;10;;;9930;15;9932;24;;;9927.0;0.0
av_CORN_d4;40400;INTARIAN_PEPPER_ROOT;10062;22;10059;22;;;10068;28;10070;13;;;10065.0;0.0
av_CORN_d4;40500;ASH_COATED_OSMIUM;9919;10;9915;24;;;9935;13;9939;18;;;9927.0;0.0
av_CORN_d4;40500;INTARIAN_PEPPER_ROOT;10056;8;10053;18;;;10072;14;10076;16;;;10064.0;0.0
av_CORN_d4;40600;ASH_COATED_OSMIUM;9922;15;9918;23;;;9934;12;9937;17;;;9928.0;0.0
av_CORN_d4;40600;INTARIAN_PEPPER_ROOT;10061;14;10058;15;;;10067;14;10069;17;;;10064.0;0.0
av_CORN_d4;40700;ASH_COATED_OSMIUM;9924;6;9922;17;;;9930;9;9932;24;;;9927.0;0.0
av_CORN_d4;40700;INTARIAN_PEPPER_ROOT;10061;20;10057;16;;;10067;16;10071;25;;;10064.0;0.0
av_CORN_d4;40800;ASH_COATED_OSMIUM;9924;10;9922;11;;;9931;9;9934;19;;;9927.5;0.0
av_CORN_d4;40800;INTARIAN_PEPPER_ROOT;10059;6;10055;15;;;10067;18;10070;23;;;10063.0;0.0
av_CORN_d4;40900;ASH_COATED_OSMIUM;9924;19;9920;26;;;9930;12;9933;25;;;9927.0;0.0
av_CORN_d4;40900;INTARIAN_PEPPER_ROOT;10055;10;10053;17;;;10069;13;10073;17;;;10062.0;0.0
av_CORN_d4;41000;ASH_COATED_OSMIUM;9925;15;9921;16;;;9931;7;9934;21;;;9928.0;0.0
av_CORN_d4;41000;INTARIAN_PEPPER_ROOT;10058;17;10054;16;;;10064;15;10068;25;;;10061.0;0.0
av_CORN_d4;41100;ASH_COATED_OSMIUM;9924;17;9921;16;;;9930;13;9934;18;;;9927.0;0.0
av_CORN_d4;41100;INTARIAN_PEPPER_ROOT;10058;14;10055;27;;;10064;19;10068;26;;;10061.0;0.0
av_CORN_d4;41200;ASH_COATED_OSMIUM;9924;14;9922;14;;;9930;15;9933;24;;;9927.0;0.0
av_CORN_d4;41200;INTARIAN_PEPPER_ROOT;10050;18;10047;19;;;10071;10;10075;18;;;10060.5;0.0
av_CORN_d4;41300;ASH_COATED_OSMIUM;9924;21;9921;18;;;9930;19;9934;19;;;9927.0;0.0
av_CORN_d4;41300;INTARIAN_PEPPER_ROOT;10056;21;10054;21;;;10062;10;10064;14;;;10059.0;0.0
av_CORN_d4;41400;ASH_COATED_OSMIUM;9924;20;9921;14;;;9930;22;9934;12;;;9927.0;0.0
av_CORN_d4;41400;INTARIAN_PEPPER_ROOT;10056;11;10054;20;;;10062;19;10064;19;;;10059.0;0.0
av_CORN_d4;41500;ASH_COATED_OSMIUM;9923;11;9920;15;;;9929;7;9932;14;;;9926.0;0.0
av_CORN_d4;41500;INTARIAN_PEPPER_ROOT;10055;10;10052;19;;;10061;23;10063;18;;;10058.0;0.0
av_CORN_d4;41600;ASH_COATED_OSMIUM;9924;10;9921;8;;;9930;30;9932;19;;;9927.0;0.0
av_CORN_d4;41600;INTARIAN_PEPPER_ROOT;10054;15;10051;17;;;10061;22;10063;23;;;10057.5;0.0
av_CORN_d4;41700;ASH_COATED_OSMIUM;9921;16;9919;8;;;9931;17;9934;15;;;9926.0;0.0
av_CORN_d4;41700;INTARIAN_PEPPER_ROOT;10054;13;10052;20;;;10060;12;10063;16;;;10057.0;0.0
av_CORN_d4;41800;ASH_COATED_OSMIUM;9923;5;9919;20;;;9930;10;9932;28;;;9926.5;0.0
av_CORN_d4;41800;INTARIAN_PEPPER_ROOT;10054;17;10052;34;;;10060;15;10064;19;;;10057.0;0.0
av_CORN_d4;41900;ASH_COATED_OSMIUM;9921;13;9917;15;;;9932;11;9935;16;;;9926.5;0.0
av_CORN_d4;41900;INTARIAN_PEPPER_ROOT;10053;12;10049;21;;;10059;17;10061;14;;;10056.0;0.0
av_CORN_d4;42000;ASH_COATED_OSMIUM;9921;12;9917;22;;;9933;14;9935;25;;;9927.0;0.0
av_CORN_d4;42000;INTARIAN_PEPPER_ROOT;10047;17;10044;17;;;10064;25;10068;20;;;10055.5;0.0
av_CORN_d4;42100;ASH_COATED_OSMIUM;9922;10;9919;16;;;9930;13;9933;22;;;9926.0;0.0
av_CORN_d4;42100;INTARIAN_PEPPER_ROOT;10051;17;10049;28;;;10057;21;10060;17;;;10054.0;0.0
av_CORN_d4;42200;ASH_COATED_OSMIUM;9924;5;9921;23;;;9930;20;9934;24;;;9927.0;0.0
av_CORN_d4;42200;INTARIAN_PEPPER_ROOT;10049;10;10046;14;;;10060;13;10064;17;;;10054.5;0.0
av_CORN_d4;42300;ASH_COATED_OSMIUM;9924;14;9922;14;;;9930;12;9932;17;;;9927.0;0.0
av_CORN_d4;42300;INTARIAN_PEPPER_ROOT;10032;21;10030;24;;;10074;18;10077;15;;;10053.0;0.0
av_CORN_d4;42400;ASH_COATED_OSMIUM;9919;16;9915;22;;;9934;17;9938;30;;;9926.5;0.0
av_CORN_d4;42400;INTARIAN_PEPPER_ROOT;10050;11;10046;17;;;10056;18;10060;23;;;10053.0;0.0
av_CORN_d4;42500;ASH_COATED_OSMIUM;9923;20;9921;14;;;9930;11;9932;18;;;9926.5;0.0
av_CORN_d4;42500;INTARIAN_PEPPER_ROOT;10048;14;10044;22;;;10057;8;10060;21;;;10052.5;0.0
av_CORN_d4;42600;ASH_COATED_OSMIUM;9924;24;9922;22;;;9930;25;9933;23;;;9927.0;0.0
av_CORN_d4;42600;INTARIAN_PEPPER_ROOT;10049;25;10045;20;;;10055;14;10059;19;;;10052.0;0.0
av_CORN_d4;42700;ASH_COATED_OSMIUM;9924;15;9922;20;;;9930;11;9933;19;;;9927.0;0.0
av_CORN_d4;42700;INTARIAN_PEPPER_ROOT;10047;17;10045;19;;;10053;11;10056;18;;;10050.0;0.0
av_CORN_d4;42800;ASH_COATED_OSMIUM;9924;19;9922;15;;;9930;10;9933;26;;;9927.0;0.0
av_CORN_d4;42800;INTARIAN_PEPPER_ROOT;10037;15;10035;19;;;10064;15;10066;22;;;10050.5;0.0
av_CORN_d4;42900;ASH_COATED_OSMIUM;9923;11;9919;19;;;9929;5;9931;21;;;9926.0;0.0
av_CORN_d4;42900;INTARIAN_PEPPER_ROOT;10047;8;10044;18;;;10053;11;10057;9;;;10050.0;0.0
av_CORN_d4;43000;ASH_COATED_OSMIUM;9924;16;9922;15;;;9930;16;9932;23;;;9927.0;0.0
av_CORN_d4;43000;INTARIAN_PEPPER_ROOT;10026;16;10024;10;;;10070;14;10072;25;;;10048.0;0.0
av_CORN_d4;43100;ASH_COATED_OSMIUM;9914;26;9912;14;;;9937;12;9939;15;;;9925.5;0.0
av_CORN_d4;43100;INTARIAN_PEPPER_ROOT;10045;16;10041;25;;;10051;7;10055;20;;;10048.0;0.0
av_CORN_d4;43200;ASH_COATED_OSMIUM;9922;16;9919;11;;;9931;15;9934;22;;;9926.5;0.0
av_CORN_d4;43200;INTARIAN_PEPPER_ROOT;10045;7;10041;23;;;10051;13;10055;26;;;10048.0;0.0
av_CORN_d4;43300;ASH_COATED_OSMIUM;9924;16;9920;23;;;9930;17;9932;16;;;9927.0;0.0
av_CORN_d4;43300;INTARIAN_PEPPER_ROOT;10032;17;10030;27;;;10062;16;10065;27;;;10047.0;0.0
av_CORN_d4;43400;ASH_COATED_OSMIUM;9921;17;9919;26;;;9932;8;9936;8;;;9926.5;0.0
av_CORN_d4;43400;INTARIAN_PEPPER_ROOT;10038;9;10034;9;;;10055;20;10057;30;;;10046.5;0.0
av_CORN_d4;43500;ASH_COATED_OSMIUM;9920;19;9917;9;;;9933;21;9935;16;;;9926.5;0.0
av_CORN_d4;43500;INTARIAN_PEPPER_ROOT;10043;21;10041;16;;;10049;12;10053;19;;;10046.0;0.0
av_CORN_d4;43600;ASH_COATED_OSMIUM;9923;22;9919;18;;;9929;20;9933;17;;;9926.0;0.0
av_CORN_d4;43600;INTARIAN_PEPPER_ROOT;10041;21;10037;24;;;10049;7;10051;25;;;10045.0;0.0
av_CORN_d4;43700;ASH_COATED_OSMIUM;9920;19;9917;29;;;9933;14;9935;23;;;9926.5;0.0
av_CORN_d4;43700;INTARIAN_PEPPER_ROOT;10038;19;10034;11;;;10050;20;10053;28;;;10044.0;0.0
av_CORN_d4;43800;ASH_COATED_OSMIUM;9923;7;9919;19;;;9929;12;9933;10;;;9926.0;0.0
av_CORN_d4;43800;INTARIAN_PEPPER_ROOT;10041;11;10037;10;;;10047;21;10049;18;;;10044.0;0.0
av_CORN_d4;43900;ASH_COATED_OSMIUM;9915;11;9913;28;;;9937;6;9941;17;;;9926.0;0.0
av_CORN_d4;43900;INTARIAN_PEPPER_ROOT;10040;10;10036;17;;;10046;21;10050;23;;;10043.0;0.0
av_CORN_d4;44000;ASH_COATED_OSMIUM;9923;10;9919;23;;;9929;7;9933;22;;;9926.0;0.0
av_CORN_d4;44000;INTARIAN_PEPPER_ROOT;10040;26;10037;10;;;10046;21;10048;18;;;10043.0;0.0
av_CORN_d4;44100;ASH_COATED_OSMIUM;9923;11;9919;17;;;9929;15;9931;29;;;9926.0;0.0
av_CORN_d4;44100;INTARIAN_PEPPER_ROOT;10039;19;10035;27;;;10045;18;10047;14;;;10042.0;0.0
av_CORN_d4;44200;ASH_COATED_OSMIUM;9923;12;9919;21;;;9929;11;9933;16;;;9926.0;0.0
av_CORN_d4;44200;INTARIAN_PEPPER_ROOT;10035;15;10031;19;;;10047;17;10049;17;;;10041.0;0.0
av_CORN_d4;44300;ASH_COATED_OSMIUM;9919;19;9917;20;;;9934;18;9937;16;;;9926.5;0.0
av_CORN_d4;44300;INTARIAN_PEPPER_ROOT;10038;20;10034;23;;;10044;13;10046;11;;;10041.0;0.0
av_CORN_d4;44400;ASH_COATED_OSMIUM;9923;7;9919;22;;;9929;11;9933;22;;;9926.0;0.0
av_CORN_d4;44400;INTARIAN_PEPPER_ROOT;10037;13;10033;21;;;10043;14;10045;19;;;10040.0;0.0
av_CORN_d4;44500;ASH_COATED_OSMIUM;9918;25;9915;19;;;9935;21;9939;27;;;9926.5;0.0
av_CORN_d4;44500;INTARIAN_PEPPER_ROOT;10036;16;10033;17;;;10042;18;10045;34;;;10039.0;0.0
av_CORN_d4;44600;ASH_COATED_OSMIUM;9912;20;9909;15;;;9940;25;9944;21;;;9926.0;0.0
av_CORN_d4;44600;INTARIAN_PEPPER_ROOT;10035;20;10033;21;;;10043;16;10046;26;;;10039.0;0.0
av_CORN_d4;44700;ASH_COATED_OSMIUM;9923;14;9919;16;;;9929;11;9932;19;;;9926.0;0.0
av_CORN_d4;44700;INTARIAN_PEPPER_ROOT;10034;21;10030;25;;;10043;20;10045;14;;;10038.5;0.0
av_CORN_d4;44800;ASH_COATED_OSMIUM;9923;5;9920;14;;;9929;18;9933;18;;;9926.0;0.0
av_CORN_d4;44800;INTARIAN_PEPPER_ROOT;10034;18;10031;17;;;10040;16;10042;18;;;10037.0;0.0
av_CORN_d4;44900;ASH_COATED_OSMIUM;9920;19;9917;22;;;9932;16;9935;24;;;9926.0;0.0
av_CORN_d4;44900;INTARIAN_PEPPER_ROOT;10034;20;10030;24;;;10040;5;10044;20;;;10037.0;0.0
av_CORN_d4;45000;ASH_COATED_OSMIUM;9914;13;9912;12;;;9938;8;9941;14;;;9926.0;0.0
av_CORN_d4;45000;INTARIAN_PEPPER_ROOT;10033;17;10029;27;;;10039;19;10041;18;;;10036.0;0.0
av_CORN_d4;45100;ASH_COATED_OSMIUM;9922;12;9920;13;;;9930;10;9933;12;;;9926.0;0.0
av_CORN_d4;45100;INTARIAN_PEPPER_ROOT;10032;28;10030;23;;;10039;14;10041;24;;;10035.5;0.0
av_CORN_d4;45200;ASH_COATED_OSMIUM;9923;16;9921;26;;;9929;6;9931;18;;;9926.0;0.0
av_CORN_d4;45200;INTARIAN_PEPPER_ROOT;10029;11;10026;21;;;10040;7;10044;23;;;10034.5;0.0
av_CORN_d4;45300;ASH_COATED_OSMIUM;9921;22;9919;20;;;9931;6;9934;22;;;9926.0;0.0
av_CORN_d4;45300;INTARIAN_PEPPER_ROOT;10030;9;10026;23;;;10038;5;10042;15;;;10034.0;0.0
av_CORN_d4;45400;ASH_COATED_OSMIUM;9920;14;9916;19;;;9931;16;9935;20;;;9925.5;0.0
av_CORN_d4;45400;INTARIAN_PEPPER_ROOT;10031;12;10028;26;;;10037;14;10040;17;;;10034.0;0.0
av_CORN_d4;45500;ASH_COATED_OSMIUM;9915;18;9911;27;;;9936;16;9939;21;;;9925.5;0.0
av_CORN_d4;45500;INTARIAN_PEPPER_ROOT;10030;15;10026;20;;;10037;18;10039;12;;;10033.5;0.0
av_CORN_d4;45600;ASH_COATED_OSMIUM;9916;10;9914;19;;;9936;14;9938;20;;;9926.0;0.0
av_CORN_d4;45600;INTARIAN_PEPPER_ROOT;10024;14;10022;25;;;10041;17;10044;19;;;10032.5;0.0
av_CORN_d4;45700;ASH_COATED_OSMIUM;9918;17;9916;23;;;9933;19;9937;10;;;9925.5;0.0
av_CORN_d4;45700;INTARIAN_PEPPER_ROOT;10029;13;10026;16;;;10035;8;10039;20;;;10032.0;0.0
av_CORN_d4;45800;ASH_COATED_OSMIUM;9923;14;9920;16;;;9929;11;9933;16;;;9926.0;0.0
av_CORN_d4;45800;INTARIAN_PEPPER_ROOT;10028;19;10025;13;;;10034;12;10037;16;;;10031.0;0.0
av_CORN_d4;45900;ASH_COATED_OSMIUM;9921;14;9917;15;;;9931;13;9933;17;;;9926.0;0.0
av_CORN_d4;45900;INTARIAN_PEPPER_ROOT;10025;17;10021;9;;;10035;12;10037;25;;;10030.0;0.0
av_CORN_d4;46000;ASH_COATED_OSMIUM;9923;15;9919;22;;;9929;12;9933;23;;;9926.0;0.0
av_CORN_d4;46000;INTARIAN_PEPPER_ROOT;10027;24;10023;22;;;10033;11;10037;15;;;10030.0;0.0
av_CORN_d4;46100;ASH_COATED_OSMIUM;9922;23;9920;15;;;9928;8;9932;17;;;9925.0;0.0
av_CORN_d4;46100;INTARIAN_PEPPER_ROOT;10026;11;10023;21;;;10032;14;10036;20;;;10029.0;0.0
av_CORN_d4;46200;ASH_COATED_OSMIUM;9918;15;9915;25;;;9934;20;9937;11;;;9926.0;0.0
av_CORN_d4;46200;INTARIAN_PEPPER_ROOT;10025;19;10023;16;;;10031;11;10034;24;;;10028.0;0.0
av_CORN_d4;46300;ASH_COATED_OSMIUM;9922;18;9919;26;;;9928;12;9931;13;;;9925.0;0.0
av_CORN_d4;46300;INTARIAN_PEPPER_ROOT;10024;18;10020;14;;;10032;14;10035;21;;;10028.0;0.0
av_CORN_d4;46400;ASH_COATED_OSMIUM;9922;20;9920;20;;;9929;13;9932;16;;;9925.5;0.0
av_CORN_d4;46400;INTARIAN_PEPPER_ROOT;10016;12;10012;24;;;10037;20;10041;22;;;10026.5;0.0
av_CORN_d4;46500;ASH_COATED_OSMIUM;9922;14;9918;18;;;9928;13;9931;26;;;9925.0;0.0
av_CORN_d4;46500;INTARIAN_PEPPER_ROOT;10022;16;10020;18;;;10031;15;10035;26;;;10026.5;0.0
av_CORN_d4;46600;ASH_COATED_OSMIUM;9922;11;9920;16;;;9928;16;9930;25;;;9925.0;0.0
av_CORN_d4;46600;INTARIAN_PEPPER_ROOT;10024;10;10022;24;;;10030;22;10034;24;;;10027.0;0.0
av_CORN_d4;46700;ASH_COATED_OSMIUM;9922;20;9918;17;;;9928;13;9930;21;;;9925.0;0.0
av_CORN_d4;46700;INTARIAN_PEPPER_ROOT;10020;14;10016;13;;;10030;10;10034;18;;;10025.0;0.0
av_CORN_d4;46800;ASH_COATED_OSMIUM;9918;24;9916;12;;;9932;16;9936;22;;;9925.0;0.0
av_CORN_d4;46800;INTARIAN_PEPPER_ROOT;10019;12;10017;22;;;10031;19;10033;19;;;10025.0;0.0
av_CORN_d4;46900;ASH_COATED_OSMIUM;9922;21;9919;19;;;9928;21;9931;18;;;9925.0;0.0
av_CORN_d4;46900;INTARIAN_PEPPER_ROOT;10020;9;10018;24;;;10029;6;10031;25;;;10024.5;0.0
av_CORN_d4;47000;ASH_COATED_OSMIUM;9923;13;9920;21;;;9929;20;9933;21;;;9926.0;0.0
av_CORN_d4;47000;INTARIAN_PEPPER_ROOT;10021;17;10018;27;;;10027;23;10031;18;;;10024.0;0.0
av_CORN_d4;47100;ASH_COATED_OSMIUM;9921;20;9919;18;;;9929;13;9932;20;;;9925.0;0.0
av_CORN_d4;47100;INTARIAN_PEPPER_ROOT;10020;13;10018;17;;;10026;9;10030;35;;;10023.0;0.0
av_CORN_d4;47200;ASH_COATED_OSMIUM;9921;17;9917;13;;;9929;14;9933;12;;;9925.0;0.0
av_CORN_d4;47200;INTARIAN_PEPPER_ROOT;10016;17;10012;17;;;10028;17;10032;16;;;10022.0;0.0
av_CORN_d4;47300;ASH_COATED_OSMIUM;9921;5;9917;19;;;9928;18;9931;20;;;9924.5;0.0
av_CORN_d4;47300;INTARIAN_PEPPER_ROOT;10018;17;10016;22;;;10026;8;10029;17;;;10022.0;0.0
av_CORN_d4;47400;ASH_COATED_OSMIUM;9922;8;9920;24;;;9928;5;9931;8;;;9925.0;0.0
av_CORN_d4;47400;INTARIAN_PEPPER_ROOT;10018;9;10014;26;;;10024;7;10026;20;;;10021.0;0.0
av_CORN_d4;47500;ASH_COATED_OSMIUM;9920;14;9917;9;;;9931;12;9935;19;;;9925.5;0.0
av_CORN_d4;47500;INTARIAN_PEPPER_ROOT;10016;19;10013;14;;;10025;15;10029;19;;;10020.5;0.0
av_CORN_d4;47600;ASH_COATED_OSMIUM;9922;12;9920;24;;;9928;24;9931;21;;;9925.0;0.0
av_CORN_d4;47600;INTARIAN_PEPPER_ROOT;10017;14;10014;24;;;10023;15;10026;12;;;10020.0;0.0
av_CORN_d4;47700;ASH_COATED_OSMIUM;9922;17;9919;18;;;9928;10;9931;18;;;9925.0;0.0
av_CORN_d4;47700;INTARIAN_PEPPER_ROOT;10011;15;10009;12;;;10026;19;10028;19;;;10018.5;0.0
av_CORN_d4;47800;ASH_COATED_OSMIUM;9922;15;9919;25;;;9928;15;9931;21;;;9925.0;0.0
av_CORN_d4;47800;INTARIAN_PEPPER_ROOT;10014;10;10011;15;;;10022;17;10026;24;;;10018.0;0.0
av_CORN_d4;47900;ASH_COATED_OSMIUM;9919;22;9917;21;;;9929;14;9932;15;;;9924.0;0.0
av_CORN_d4;47900;INTARIAN_PEPPER_ROOT;10015;15;10013;28;;;10021;5;10023;19;;;10018.0;0.0
av_CORN_d4;48000;ASH_COATED_OSMIUM;9923;14;9921;24;;;9929;13;9932;17;;;9926.0;0.0
av_CORN_d4;48000;INTARIAN_PEPPER_ROOT;9988;20;9984;14;;;10046;20;10049;25;;;10017.0;0.0
av_CORN_d4;48100;ASH_COATED_OSMIUM;9922;12;9920;20;;;9928;16;9931;11;;;9925.0;0.0
av_CORN_d4;48100;INTARIAN_PEPPER_ROOT;10013;8;10009;21;;;10019;22;10021;17;;;10016.0;0.0
av_CORN_d4;48200;ASH_COATED_OSMIUM;9919;14;9916;14;;;9931;18;9934;27;;;9925.0;0.0
av_CORN_d4;48200;INTARIAN_PEPPER_ROOT;10013;21;10010;21;;;10019;7;10022;12;;;10016.0;0.0
av_CORN_d4;48300;ASH_COATED_OSMIUM;9922;14;9920;27;;;9928;18;9930;24;;;9925.0;0.0
av_CORN_d4;48300;INTARIAN_PEPPER_ROOT;10012;20;10008;15;;;10018;11;10020;22;;;10015.0;0.0
av_CORN_d4;48400;ASH_COATED_OSMIUM;9914;14;9910;19;;;9935;9;9937;18;;;9924.5;0.0
av_CORN_d4;48400;INTARIAN_PEPPER_ROOT;10011;5;10008;15;;;10018;11;10020;9;;;10014.5;0.0
av_CORN_d4;48500;ASH_COATED_OSMIUM;9916;16;9914;26;;;9933;17;9936;18;;;9924.5;0.0
av_CORN_d4;48500;INTARIAN_PEPPER_ROOT;10011;18;10009;33;;;10017;16;10021;20;;;10014.0;0.0
av_CORN_d4;48600;ASH_COATED_OSMIUM;9915;16;9913;13;;;9933;8;9937;18;;;9924.0;0.0
av_CORN_d4;48600;INTARIAN_PEPPER_ROOT;10010;7;10006;23;;;10016;12;10018;24;;;10013.0;0.0
av_CORN_d4;48700;ASH_COATED_OSMIUM;9913;12;9910;25;;;9936;17;9938;18;;;9924.5;0.0
av_CORN_d4;48700;INTARIAN_PEPPER_ROOT;10009;15;10007;14;;;10017;25;10020;25;;;10013.0;0.0
av_CORN_d4;48800;ASH_COATED_OSMIUM;9922;13;9919;15;;;9928;10;9932;24;;;9925.0;0.0
av_CORN_d4;48800;INTARIAN_PEPPER_ROOT;10010;10;10008;12;;;10016;12;10019;21;;;10013.0;0.0
av_CORN_d4;48900;ASH_COATED_OSMIUM;9921;23;9917;20;;;9927;13;9931;29;;;9924.0;0.0
av_CORN_d4;48900;INTARIAN_PEPPER_ROOT;10009;25;10006;17;;;10015;12;10019;28;;;10012.0;0.0
av_CORN_d4;49000;ASH_COATED_OSMIUM;9922;12;9920;18;;;9928;15;9931;23;;;9925.0;0.0
av_CORN_d4;49000;INTARIAN_PEPPER_ROOT;10007;9;10004;23;;;10014;12;10018;32;;;10010.5;0.0
av_CORN_d4;49100;ASH_COATED_OSMIUM;9920;5;9918;20;;;9928;10;9930;19;;;9924.0;0.0
av_CORN_d4;49100;INTARIAN_PEPPER_ROOT;10007;8;10003;19;;;10013;22;10015;21;;;10010.0;0.0
av_CORN_d4;49200;ASH_COATED_OSMIUM;9922;13;9919;18;;;9928;14;9931;25;;;9925.0;0.0
av_CORN_d4;49200;INTARIAN_PEPPER_ROOT;10007;9;10005;18;;;10013;24;10017;21;;;10010.0;0.0
av_CORN_d4;49300;ASH_COATED_OSMIUM;9921;29;9917;15;;;9927;17;9929;12;;;9924.0;0.0
av_CORN_d4;49300;INTARIAN_PEPPER_ROOT;9996;16;9992;22;;;10023;18;10027;14;;;10009.5;0.0
av_CORN_d4;49400;ASH_COATED_OSMIUM;9922;19;9918;8;;;9928;15;9931;23;;;9925.0;0.0
av_CORN_d4;49400;INTARIAN_PEPPER_ROOT;10004;19;10001;23;;;10013;22;10016;20;;;10008.5;0.0
av_CORN_d4;49500;ASH_COATED_OSMIUM;9922;13;9920;18;;;9928;5;9932;19;;;9925.0;0.0
av_CORN_d4;49500;INTARIAN_PEPPER_ROOT;10005;11;10003;19;;;10011;23;10013;10;;;10008.0;0.0
av_CORN_d4;49600;ASH_COATED_OSMIUM;9906;21;9903;18;;;9942;16;9945;12;;;9924.0;0.0
av_CORN_d4;49600;INTARIAN_PEPPER_ROOT;10004;14;10002;9;;;10010;10;10014;15;;;10007.0;0.0
av_CORN_d4;49700;ASH_COATED_OSMIUM;9921;13;9919;17;;;9927;7;9929;21;;;9924.0;0.0
av_CORN_d4;49700;INTARIAN_PEPPER_ROOT;10000;6;9997;23;;;10014;27;10018;18;;;10007.0;0.0
av_CORN_d4;49800;ASH_COATED_OSMIUM;9908;9;9905;32;;;9941;11;9943;26;;;9924.5;0.0
av_CORN_d4;49800;INTARIAN_PEPPER_ROOT;9998;15;9994;17;;;10013;12;10017;19;;;10005.5;0.0
av_CORN_d4;49900;ASH_COATED_OSMIUM;9921;12;9918;23;;;9927;5;9931;13;;;9924.0;0.0
av_CORN_d4;49900;INTARIAN_PEPPER_ROOT;9997;18;9994;8;;;10014;16;10017;25;;;10005.5;0.0
av_CORN_d4;50000;ASH_COATED_OSMIUM;9917;10;9915;17;;;9932;26;9936;13;;;9924.5;0.0
av_CORN_d4;50000;INTARIAN_PEPPER_ROOT;10001;17;9999;22;;;10007;8;10010;21;;;10004.0;0.0
av_CORN_d4;50100;ASH_COATED_OSMIUM;9922;12;9920;17;;;9928;17;9930;24;;;9925.0;0.0
av_CORN_d4;50100;INTARIAN_PEPPER_ROOT;10001;19;9998;16;;;10007;14;10009;20;;;10004.0;0.0
av_CORN_d4;50200;ASH_COATED_OSMIUM;9918;11;9914;23;;;9930;15;9933;16;;;9924.0;0.0
av_CORN_d4;50200;INTARIAN_PEPPER_ROOT;10000;25;9998;24;;;10006;9;10009;25;;;10003.0;0.0
av_CORN_d4;50300;ASH_COATED_OSMIUM;9913;14;9911;24;;;9935;10;9938;10;;;9924.0;0.0
av_CORN_d4;50300;INTARIAN_PEPPER_ROOT;9992;21;9988;18;;;10012;16;10014;17;;;10002.0;0.0
av_CORN_d4;50400;ASH_COATED_OSMIUM;9917;12;9913;25;;;9931;12;9934;20;;;9924.0;0.0
av_CORN_d4;50400;INTARIAN_PEPPER_ROOT;9990;5;9987;26;;;10013;11;10017;13;;;10001.5;0.0
av_CORN_d4;50500;ASH_COATED_OSMIUM;9920;14;9918;19;;;9928;12;9931;18;;;9924.0;0.0
av_CORN_d4;50500;INTARIAN_PEPPER_ROOT;9998;9;9995;11;;;10005;20;10007;12;;;10001.5;0.0
av_CORN_d4;50600;ASH_COATED_OSMIUM;9916;12;9914;22;;;9932;22;9935;24;;;9924.0;0.0
av_CORN_d4;50600;INTARIAN_PEPPER_ROOT;9997;19;9994;30;;;10005;10;10009;19;;;10001.0;0.0
av_CORN_d4;50700;ASH_COATED_OSMIUM;9921;15;9919;19;;;9927;18;9931;16;;;9924.0;0.0
av_CORN_d4;50700;INTARIAN_PEPPER_ROOT;9997;11;9993;35;;;10003;8;10006;20;;;10000.0;0.0
av_CORN_d4;50800;ASH_COATED_OSMIUM;9921;11;9917;17;;;9927;10;9929;19;;;9924.0;0.0
av_CORN_d4;50800;INTARIAN_PEPPER_ROOT;9996;15;9992;23;;;10002;5;10005;21;;;9999.0;0.0
av_CORN_d4;50900;ASH_COATED_OSMIUM;9916;8;9912;26;;;9932;17;9936;17;;;9924.0;0.0
av_CORN_d4;50900;INTARIAN_PEPPER_ROOT;9986;7;9984;29;;;10013;14;10015;19;;;9999.5;0.0
av_CORN_d4;51000;ASH_COATED_OSMIUM;9919;12;9915;17;;;9929;15;9931;27;;;9924.0;0.0
av_CORN_d4;51000;INTARIAN_PEPPER_ROOT;9997;10;9995;18;;;10003;21;10006;22;;;10000.0;0.0
av_CORN_d4;51100;ASH_COATED_OSMIUM;9917;22;9914;13;;;9930;10;9932;17;;;9923.5;0.0
av_CORN_d4;51100;INTARIAN_PEPPER_ROOT;9998;14;9995;21;;;10004;15;10008;21;;;10001.0;0.0
av_CORN_d4;51200;ASH_COATED_OSMIUM;9921;18;9919;25;;;9927;12;9930;26;;;9924.0;0.0
av_CORN_d4;51200;INTARIAN_PEPPER_ROOT;9998;19;9996;17;;;10006;17;10009;10;;;10002.0;0.0
av_CORN_d4;51300;ASH_COATED_OSMIUM;9914;21;9911;18;;;9936;5;9939;25;;;9925.0;0.0
av_CORN_d4;51300;INTARIAN_PEPPER_ROOT;10000;10;9996;12;;;10006;13;10010;29;;;10003.0;0.0
av_CORN_d4;51400;ASH_COATED_OSMIUM;9922;13;9918;26;;;9928;13;9930;25;;;9925.0;0.0
av_CORN_d4;51400;INTARIAN_PEPPER_ROOT;10001;18;9997;19;;;10007;18;10009;23;;;10004.0;0.0
av_CORN_d4;51500;ASH_COATED_OSMIUM;9921;15;9917;10;;;9927;16;9929;19;;;9924.0;0.0
av_CORN_d4;51500;INTARIAN_PEPPER_ROOT;10001;13;9997;14;;;10007;15;10009;16;;;10004.0;0.0
av_CORN_d4;51600;ASH_COATED_OSMIUM;9917;6;9914;23;;;9931;22;9934;27;;;9924.0;0.0
av_CORN_d4;51600;INTARIAN_PEPPER_ROOT;10002;11;10000;26;;;10008;19;10012;16;;;10005.0;0.0
av_CORN_d4;51700;ASH_COATED_OSMIUM;9921;13;9917;15;;;9927;13;9930;12;;;9924.0;0.0
av_CORN_d4;51700;INTARIAN_PEPPER_ROOT;10002;18;9998;21;;;10008;8;10011;14;;;10005.0;0.0
av_CORN_d4;51800;ASH_COATED_OSMIUM;9902;14;9898;25;;;9946;19;9948;22;;;9924.0;0.0
av_CORN_d4;51800;INTARIAN_PEPPER_ROOT;10000;19;9998;19;;;10014;16;10018;20;;;10007.0;0.0
av_CORN_d4;51900;ASH_COATED_OSMIUM;9920;14;9916;22;;;9929;14;9931;21;;;9924.5;0.0
av_CORN_d4;51900;INTARIAN_PEPPER_ROOT;10004;18;10001;17;;;10010;12;10014;20;;;10007.0;0.0
av_CORN_d4;52000;ASH_COATED_OSMIUM;9921;15;9918;13;;;9927;13;9931;18;;;9924.0;0.0
av_CORN_d4;52000;INTARIAN_PEPPER_ROOT;10005;17;10001;19;;;10011;9;10013;24;;;10008.0;0.0
av_CORN_d4;52100;ASH_COATED_OSMIUM;9920;21;9918;11;;;9926;15;9929;12;;;9923.0;0.0
av_CORN_d4;52100;INTARIAN_PEPPER_ROOT;10001;11;9997;14;;;10016;18;10018;14;;;10008.5;0.0
av_CORN_d4;52200;ASH_COATED_OSMIUM;9921;27;9917;22;;;9927;22;9930;22;;;9924.0;0.0
av_CORN_d4;52200;INTARIAN_PEPPER_ROOT;10006;15;10002;18;;;10012;14;10015;29;;;10009.0;0.0
av_CORN_d4;52300;ASH_COATED_OSMIUM;9921;15;9919;16;;;9927;13;9929;19;;;9924.0;0.0
av_CORN_d4;52300;INTARIAN_PEPPER_ROOT;10006;29;10002;27;;;10014;14;10018;24;;;10010.0;0.0
av_CORN_d4;52400;ASH_COATED_OSMIUM;9921;11;9919;16;;;9927;18;9930;18;;;9924.0;0.0
av_CORN_d4;52400;INTARIAN_PEPPER_ROOT;10008;17;10005;21;;;10014;10;10018;20;;;10011.0;0.0
av_CORN_d4;52500;ASH_COATED_OSMIUM;9921;8;9917;18;;;9927;20;9930;10;;;9924.0;0.0
av_CORN_d4;52500;INTARIAN_PEPPER_ROOT;10002;27;9999;8;;;10021;21;10023;18;;;10011.5;0.0
av_CORN_d4;52600;ASH_COATED_OSMIUM;9921;10;9919;19;;;9927;20;9931;15;;;9924.0;0.0
av_CORN_d4;52600;INTARIAN_PEPPER_ROOT;10004;22;10001;15;;;10020;6;10023;21;;;10012.0;0.0
av_CORN_d4;52700;ASH_COATED_OSMIUM;9921;6;9917;23;;;9927;19;9930;10;;;9924.0;0.0
av_CORN_d4;52700;INTARIAN_PEPPER_ROOT;10009;7;10006;14;;;10015;14;10019;20;;;10012.0;0.0
av_CORN_d4;52800;ASH_COATED_OSMIUM;9921;12;9918;17;;;9927;15;9930;27;;;9924.0;0.0
av_CORN_d4;52800;INTARIAN_PEPPER_ROOT;10011;5;10008;31;;;10017;25;10019;19;;;10014.0;0.0
av_CORN_d4;52900;ASH_COATED_OSMIUM;9919;22;9916;17;;;9928;13;9932;19;;;9923.5;0.0
av_CORN_d4;52900;INTARIAN_PEPPER_ROOT;10002;25;10000;18;;;10025;9;10029;13;;;10013.5;0.0
av_CORN_d4;53000;ASH_COATED_OSMIUM;9920;10;9916;15;;;9926;13;9930;20;;;9923.0;0.0
av_CORN_d4;53000;INTARIAN_PEPPER_ROOT;10012;13;10010;20;;;10018;22;10021;21;;;10015.0;0.0
av_CORN_d4;53100;ASH_COATED_OSMIUM;9920;12;9917;12;;;9926;16;9929;8;;;9923.0;0.0
av_CORN_d4;53100;INTARIAN_PEPPER_ROOT;10009;18;10007;21;;;10023;16;10026;18;;;10016.0;0.0
av_CORN_d4;53200;ASH_COATED_OSMIUM;9920;20;9917;21;;;9926;19;9930;29;;;9923.0;0.0
av_CORN_d4;53200;INTARIAN_PEPPER_ROOT;10014;11;10012;14;;;10020;14;10023;24;;;10017.0;0.0
av_CORN_d4;53300;ASH_COATED_OSMIUM;9920;6;9916;11;;;9926;9;9929;16;;;9923.0;0.0
av_CORN_d4;53300;INTARIAN_PEPPER_ROOT;10015;17;10013;16;;;10021;13;10023;21;;;10018.0;0.0
av_CORN_d4;53400;ASH_COATED_OSMIUM;9920;17;9917;16;;;9926;13;9929;25;;;9923.0;0.0
av_CORN_d4;53400;INTARIAN_PEPPER_ROOT;10015;18;10012;15;;;10021;13;10025;22;;;10018.0;0.0
av_CORN_d4;53500;ASH_COATED_OSMIUM;9921;14;9919;13;;;9927;10;9930;26;;;9924.0;0.0
av_CORN_d4;53500;INTARIAN_PEPPER_ROOT;10016;18;10012;25;;;10022;17;10024;19;;;10019.0;0.0
av_CORN_d4;53600;ASH_COATED_OSMIUM;9915;16;9913;24;;;9933;19;9935;22;;;9924.0;0.0
av_CORN_d4;53600;INTARIAN_PEPPER_ROOT;10017;19;10015;21;;;10023;20;10026;15;;;10020.0;0.0
av_CORN_d4;53700;ASH_COATED_OSMIUM;9921;12;9918;15;;;9927;10;9931;30;;;9924.0;0.0
av_CORN_d4;53700;INTARIAN_PEPPER_ROOT;10018;7;10015;21;;;10024;7;10027;25;;;10021.0;0.0
av_CORN_d4;53800;ASH_COATED_OSMIUM;9920;10;9918;20;;;9926;26;9928;22;;;9923.0;0.0
av_CORN_d4;53800;INTARIAN_PEPPER_ROOT;10018;15;10016;32;;;10024;22;10028;19;;;10021.0;0.0
av_CORN_d4;53900;ASH_COATED_OSMIUM;9920;10;9918;21;;;9926;5;9930;22;;;9923.0;0.0
av_CORN_d4;53900;INTARIAN_PEPPER_ROOT;10019;15;10017;28;;;10025;12;10028;24;;;10022.0;0.0
av_CORN_d4;54000;ASH_COATED_OSMIUM;9918;13;9914;21;;;9930;21;9934;28;;;9924.0;0.0
av_CORN_d4;54000;INTARIAN_PEPPER_ROOT;10020;21;10018;22;;;10026;17;10028;21;;;10023.0;0.0
av_CORN_d4;54100;ASH_COATED_OSMIUM;9920;23;9917;27;;;9926;15;9929;22;;;9923.0;0.0
av_CORN_d4;54100;INTARIAN_PEPPER_ROOT;10019;19;10016;20;;;10028;13;10032;20;;;10023.5;0.0
av_CORN_d4;54200;ASH_COATED_OSMIUM;9915;24;9911;21;;;9932;15;9935;8;;;9923.5;0.0
av_CORN_d4;54200;INTARIAN_PEPPER_ROOT;10021;22;10019;26;;;10027;11;10031;8;;;10024.0;0.0
av_CORN_d4;54300;ASH_COATED_OSMIUM;9921;15;9917;24;;;9927;23;9929;21;;;9924.0;0.0
av_CORN_d4;54300;INTARIAN_PEPPER_ROOT;10020;29;10016;21;;;10030;17;10033;16;;;10025.0;0.0
av_CORN_d4;54400;ASH_COATED_OSMIUM;9919;5;9917;16;;;9928;11;9930;24;;;9923.5;0.0
av_CORN_d4;54400;INTARIAN_PEPPER_ROOT;10023;23;10021;17;;;10029;13;10033;17;;;10026.0;0.0
av_CORN_d4;54500;ASH_COATED_OSMIUM;9917;16;9913;20;;;9930;15;9932;16;;;9923.5;0.0
av_CORN_d4;54500;INTARIAN_PEPPER_ROOT;10024;14;10021;21;;;10030;19;10033;15;;;10027.0;0.0
av_CORN_d4;54600;ASH_COATED_OSMIUM;9920;19;9918;31;;;9926;17;9930;15;;;9923.0;0.0
av_CORN_d4;54600;INTARIAN_PEPPER_ROOT;10022;13;10019;19;;;10032;9;10035;24;;;10027.0;0.0
av_CORN_d4;54700;ASH_COATED_OSMIUM;9919;16;9916;15;;;9928;20;9930;16;;;9923.5;0.0
av_CORN_d4;54700;INTARIAN_PEPPER_ROOT;10025;21;10022;18;;;10031;9;10033;16;;;10028.0;0.0
av_CORN_d4;54800;ASH_COATED_OSMIUM;9919;5;9916;22;;;9927;16;9930;23;;;9923.0;0.0
av_CORN_d4;54800;INTARIAN_PEPPER_ROOT;10025;14;10021;25;;;10032;14;10036;26;;;10028.5;0.0
av_CORN_d4;54900;ASH_COATED_OSMIUM;9920;16;9917;20;;;9926;21;9930;30;;;9923.0;0.0
av_CORN_d4;54900;INTARIAN_PEPPER_ROOT;10024;13;10021;23;;;10034;13;10036;35;;;10029.0;0.0
av_CORN_d4;55000;ASH_COATED_OSMIUM;9919;13;9917;13;;;9926;18;9929;25;;;9922.5;0.0
av_CORN_d4;55000;INTARIAN_PEPPER_ROOT;10024;21;10021;22;;;10037;11;10039;18;;;10030.5;0.0
av_CORN_d4;55100;ASH_COATED_OSMIUM;9920;18;9916;20;;;9926;10;9929;19;;;9923.0;0.0
av_CORN_d4;55100;INTARIAN_PEPPER_ROOT;10027;16;10025;18;;;10033;14;10036;22;;;10030.0;0.0
av_CORN_d4;55200;ASH_COATED_OSMIUM;9920;12;9917;22;;;9926;7;9930;16;;;9923.0;0.0
av_CORN_d4;55200;INTARIAN_PEPPER_ROOT;10024;22;10022;21;;;10040;15;10044;8;;;10032.0;0.0
av_CORN_d4;55300;ASH_COATED_OSMIUM;9920;12;9917;20;;;9926;5;9930;16;;;9923.0;0.0
av_CORN_d4;55300;INTARIAN_PEPPER_ROOT;10024;12;10021;25;;;10042;20;10045;22;;;10033.0;0.0
av_CORN_d4;55400;ASH_COATED_OSMIUM;9902;16;9900;25;;;9944;14;9948;30;;;9923.0;0.0
av_CORN_d4;55400;INTARIAN_PEPPER_ROOT;10030;8;10026;18;;;10036;21;10038;12;;;10033.0;0.0
av_CORN_d4;55500;ASH_COATED_OSMIUM;9905;23;9903;27;;;9942;6;9945;23;;;9923.5;0.0
av_CORN_d4;55500;INTARIAN_PEPPER_ROOT;10031;20;10029;24;;;10037;24;10040;13;;;10034.0;0.0
av_CORN_d4;55600;ASH_COATED_OSMIUM;9904;6;9900;15;;;9942;15;9945;8;;;9923.0;0.0
av_CORN_d4;55600;INTARIAN_PEPPER_ROOT;10032;19;10030;25;;;10038;15;10042;13;;;10035.0;0.0
av_CORN_d4;55700;ASH_COATED_OSMIUM;9920;12;9918;24;;;9926;16;9928;25;;;9923.0;0.0
av_CORN_d4;55700;INTARIAN_PEPPER_ROOT;10028;21;10025;15;;;10042;5;10044;22;;;10035.0;0.0
av_CORN_d4;55800;ASH_COATED_OSMIUM;9920;19;9918;12;;;9926;12;9930;15;;;9923.0;0.0
av_CORN_d4;55800;INTARIAN_PEPPER_ROOT;10030;23;10026;16;;;10043;14;10047;20;;;10036.5;0.0
av_CORN_d4;55900;ASH_COATED_OSMIUM;9920;18;9918;11;;;9926;14;9930;25;;;9923.0;0.0
av_CORN_d4;55900;INTARIAN_PEPPER_ROOT;10034;5;10031;23;;;10040;11;10042;19;;;10037.0;0.0
av_CORN_d4;56000;ASH_COATED_OSMIUM;9920;11;9917;19;;;9926;5;9929;14;;;9923.0;0.0
av_CORN_d4;56000;INTARIAN_PEPPER_ROOT;10026;8;10023;14;;;10049;20;10051;22;;;10037.5;0.0
av_CORN_d4;56100;ASH_COATED_OSMIUM;9911;14;9907;24;;;9935;21;9939;14;;;9923.0;0.0
av_CORN_d4;56100;INTARIAN_PEPPER_ROOT;10035;20;10033;21;;;10041;10;10045;18;;;10038.0;0.0
av_CORN_d4;56200;ASH_COATED_OSMIUM;9917;10;9913;18;;;9930;14;9932;13;;;9923.5;0.0
av_CORN_d4;56200;INTARIAN_PEPPER_ROOT;10036;17;10033;10;;;10042;21;10046;20;;;10039.0;0.0
av_CORN_d4;56300;ASH_COATED_OSMIUM;9920;15;9917;18;;;9926;22;9929;21;;;9923.0;0.0
av_CORN_d4;56300;INTARIAN_PEPPER_ROOT;10036;14;10032;11;;;10042;21;10045;23;;;10039.0;0.0
av_CORN_d4;56400;ASH_COATED_OSMIUM;9918;19;9914;29;;;9929;19;9932;20;;;9923.5;0.0
av_CORN_d4;56400;INTARIAN_PEPPER_ROOT;10037;14;10034;15;;;10043;12;10047;25;;;10040.0;0.0
av_CORN_d4;56500;ASH_COATED_OSMIUM;9920;14;9917;23;;;9926;12;9928;23;;;9923.0;0.0
av_CORN_d4;56500;INTARIAN_PEPPER_ROOT;10039;8;10037;22;;;10045;19;10048;19;;;10042.0;0.0
av_CORN_d4;56600;ASH_COATED_OSMIUM;9920;16;9916;28;;;9926;20;9930;24;;;9923.0;0.0
av_CORN_d4;56600;INTARIAN_PEPPER_ROOT;10027;9;10025;23;;;10058;17;10060;20;;;10042.5;0.0
av_CORN_d4;56700;ASH_COATED_OSMIUM;9920;23;9917;21;;;9926;10;9929;24;;;9923.0;0.0
av_CORN_d4;56700;INTARIAN_PEPPER_ROOT;10040;10;10038;19;;;10046;24;10050;21;;;10043.0;0.0
av_CORN_d4;56800;ASH_COATED_OSMIUM;9913;20;9910;22;;;9932;16;9936;25;;;9922.5;0.0
av_CORN_d4;56800;INTARIAN_PEPPER_ROOT;10040;14;10038;22;;;10047;14;10050;26;;;10043.5;0.0
av_CORN_d4;56900;ASH_COATED_OSMIUM;9917;21;9914;22;;;9928;18;9930;26;;;9922.5;0.0
av_CORN_d4;56900;INTARIAN_PEPPER_ROOT;10041;19;10037;17;;;10049;11;10051;17;;;10045.0;0.0
av_CORN_d4;57000;ASH_COATED_OSMIUM;9920;5;9918;15;;;9926;18;9930;18;;;9923.0;0.0
av_CORN_d4;57000;INTARIAN_PEPPER_ROOT;10039;20;10035;25;;;10049;14;10052;19;;;10044.0;0.0
av_CORN_d4;57100;ASH_COATED_OSMIUM;9913;16;9909;19;;;9934;21;9936;25;;;9923.5;0.0
av_CORN_d4;57100;INTARIAN_PEPPER_ROOT;10040;15;10036;23;;;10051;8;10054;29;;;10045.5;0.0
av_CORN_d4;57200;ASH_COATED_OSMIUM;9919;19;9915;20;;;9925;11;9927;18;;;9922.0;0.0
av_CORN_d4;57200;INTARIAN_PEPPER_ROOT;10043;15;10039;24;;;10049;23;10052;25;;;10046.0;0.0
av_CORN_d4;57300;ASH_COATED_OSMIUM;9920;19;9916;18;;;9926;12;9929;20;;;9923.0;0.0
av_CORN_d4;57300;INTARIAN_PEPPER_ROOT;10044;14;10041;11;;;10050;15;10054;10;;;10047.0;0.0
av_CORN_d4;57400;ASH_COATED_OSMIUM;9918;14;9915;15;;;9928;20;9931;12;;;9923.0;0.0
av_CORN_d4;57400;INTARIAN_PEPPER_ROOT;10045;14;10043;20;;;10051;18;10054;11;;;10048.0;0.0
av_CORN_d4;57500;ASH_COATED_OSMIUM;9913;14;9909;17;;;9932;17;9936;29;;;9922.5;0.0
av_CORN_d4;57500;INTARIAN_PEPPER_ROOT;10045;14;10042;14;;;10052;13;10055;20;;;10048.5;0.0
av_CORN_d4;57600;ASH_COATED_OSMIUM;9919;19;9917;18;;;9925;7;9928;17;;;9922.0;0.0
av_CORN_d4;57600;INTARIAN_PEPPER_ROOT;10046;24;10043;20;;;10052;18;10056;18;;;10049.0;0.0
av_CORN_d4;57700;ASH_COATED_OSMIUM;9920;15;9917;20;;;9927;5;9930;17;;;9923.5;0.0
av_CORN_d4;57700;INTARIAN_PEPPER_ROOT;10044;17;10042;25;;;10057;18;10059;27;;;10050.5;0.0
av_CORN_d4;57800;ASH_COATED_OSMIUM;9919;19;9917;20;;;9926;25;9929;26;;;9922.5;0.0
av_CORN_d4;57800;INTARIAN_PEPPER_ROOT;10048;17;10046;20;;;10054;5;10056;14;;;10051.0;0.0
av_CORN_d4;57900;ASH_COATED_OSMIUM;9920;15;9916;16;;;9926;16;9928;19;;;9923.0;0.0
av_CORN_d4;57900;INTARIAN_PEPPER_ROOT;10048;19;10044;23;;;10054;13;10057;24;;;10051.0;0.0
av_CORN_d4;58000;ASH_COATED_OSMIUM;9920;15;9918;15;;;9926;11;9928;24;;;9923.0;0.0
av_CORN_d4;58000;INTARIAN_PEPPER_ROOT;10049;13;10046;18;;;10055;10;10058;21;;;10052.0;0.0
av_CORN_d4;58100;ASH_COATED_OSMIUM;9919;20;9915;20;;;9925;23;9929;18;;;9922.0;0.0
av_CORN_d4;58100;INTARIAN_PEPPER_ROOT;10050;13;10047;21;;;10056;19;10058;8;;;10053.0;0.0
av_CORN_d4;58200;ASH_COATED_OSMIUM;9918;16;9914;13;;;9927;12;9930;26;;;9922.5;0.0
av_CORN_d4;58200;INTARIAN_PEPPER_ROOT;10050;24;10046;19;;;10057;13;10061;14;;;10053.5;0.0
av_CORN_d4;58300;ASH_COATED_OSMIUM;9915;26;9912;16;;;9930;22;9932;26;;;9922.5;0.0
av_CORN_d4;58300;INTARIAN_PEPPER_ROOT;10052;13;10050;25;;;10058;11;10062;21;;;10055.0;0.0
