day;timestamp;product;bid_price_1;bid_volume_1;bid_price_2;bid_volume_2;bid_price_3;bid_volume_3;ask_price_1;ask_volume_1;ask_price_2;ask_volume_2;ask_price_3;ask_volume_3;mid_price;profit_and_loss
yf_ZS=F_d8;0;ASH_COATED_OSMIUM;10076;14;10073;18;;;10082;17;10084;20;;;10079.0;0.0
yf_ZS=F_d8;0;INTARIAN_PEPPER_ROOT;11155;14;11152;23;;;11161;15;11164;26;;;11158.0;0.0
yf_ZS=F_d8;100;ASH_COATED_OSMIUM;10076;16;10072;20;;;10082;5;10084;16;;;10079.0;0.0
yf_ZS=F_d8;100;INTARIAN_PEPPER_ROOT;11158;19;11154;19;;;11164;7;11168;19;;;11161.0;0.0
yf_ZS=F_d8;200;ASH_COATED_OSMIUM;10068;16;10064;19;;;10090;21;10093;19;;;10079.0;0.0
yf_ZS=F_d8;200;INTARIAN_PEPPER_ROOT;11162;11;11158;14;;;11168;19;11172;22;;;11165.0;0.0
yf_ZS=F_d8;300;ASH_COATED_OSMIUM;10076;18;10074;13;;;10083;18;10087;22;;;10079.5;0.0
yf_ZS=F_d8;300;INTARIAN_PEPPER_ROOT;11164;19;11160;20;;;11173;20;11175;17;;;11168.5;0.0
yf_ZS=F_d8;400;ASH_COATED_OSMIUM;10072;17;10069;23;;;10087;13;10089;19;;;10079.5;0.0
yf_ZS=F_d8;400;INTARIAN_PEPPER_ROOT;11164;18;11162;30;;;11181;21;11183;16;;;11172.5;0.0
yf_ZS=F_d8;500;ASH_COATED_OSMIUM;10077;19;10074;24;;;10083;16;10087;16;;;10080.0;0.0
yf_ZS=F_d8;500;INTARIAN_PEPPER_ROOT;11172;17;11170;14;;;11179;10;11183;14;;;11175.5;0.0
yf_ZS=F_d8;600;ASH_COATED_OSMIUM;10077;14;10075;12;;;10083;9;10086;9;;;10080.0;0.0
yf_ZS=F_d8;600;INTARIAN_PEPPER_ROOT;11176;13;11172;13;;;11182;17;11184;18;;;11179.0;0.0
yf_ZS=F_d8;700;ASH_COATED_OSMIUM;10077;8;10074;15;;;10083;20;10086;17;;;10080.0;0.0
yf_ZS=F_d8;700;INTARIAN_PEPPER_ROOT;11173;20;11171;23;;;11193;12;11196;18;;;11183.0;0.0
yf_ZS=F_d8;800;ASH_COATED_OSMIUM;10075;12;10073;13;;;10085;17;10087;17;;;10080.0;0.0
yf_ZS=F_d8;800;INTARIAN_PEPPER_ROOT;11183;14;11179;22;;;11190;19;11192;12;;;11186.5;0.0
yf_ZS=F_d8;900;ASH_COATED_OSMIUM;10076;15;10073;11;;;10085;14;10088;22;;;10080.5;0.0
yf_ZS=F_d8;900;INTARIAN_PEPPER_ROOT;11187;7;11185;12;;;11193;9;11196;24;;;11190.0;0.0
yf_ZS=F_d8;1000;ASH_COATED_OSMIUM;10077;7;10075;18;;;10084;15;10087;22;;;10080.5;0.0
yf_ZS=F_d8;1000;INTARIAN_PEPPER_ROOT;11190;18;11187;19;;;11196;11;11198;28;;;11193.0;0.0
yf_ZS=F_d8;1100;ASH_COATED_OSMIUM;10074;18;10071;21;;;10087;14;10089;19;;;10080.5;0.0
yf_ZS=F_d8;1100;INTARIAN_PEPPER_ROOT;11194;12;11191;14;;;11200;14;11203;19;;;11197.0;0.0
yf_ZS=F_d8;1200;ASH_COATED_OSMIUM;10078;21;10075;19;;;10084;21;10086;21;;;10081.0;0.0
yf_ZS=F_d8;1200;INTARIAN_PEPPER_ROOT;11197;16;11193;14;;;11203;21;11206;20;;;11200.0;0.0
yf_ZS=F_d8;1300;ASH_COATED_OSMIUM;10078;12;10076;21;;;10084;10;10088;14;;;10081.0;0.0
yf_ZS=F_d8;1300;INTARIAN_PEPPER_ROOT;11200;10;11197;25;;;11208;8;11211;22;;;11204.0;0.0
yf_ZS=F_d8;1400;ASH_COATED_OSMIUM;10068;16;10064;20;;;10093;20;10097;24;;;10080.5;0.0
yf_ZS=F_d8;1400;INTARIAN_PEPPER_ROOT;11205;15;11202;23;;;11211;8;11213;20;;;11208.0;0.0
yf_ZS=F_d8;1500;ASH_COATED_OSMIUM;10078;9;10075;12;;;10084;16;10087;17;;;10081.0;0.0
yf_ZS=F_d8;1500;INTARIAN_PEPPER_ROOT;11208;24;11204;18;;;11214;21;11216;20;;;11211.0;0.0
yf_ZS=F_d8;1600;ASH_COATED_OSMIUM;10078;15;10075;19;;;10084;15;10086;8;;;10081.0;0.0
yf_ZS=F_d8;1600;INTARIAN_PEPPER_ROOT;11209;12;11206;24;;;11219;13;11222;20;;;11214.0;0.0
yf_ZS=F_d8;1700;ASH_COATED_OSMIUM;10078;16;10074;22;;;10084;21;10086;17;;;10081.0;0.0
yf_ZS=F_d8;1700;INTARIAN_PEPPER_ROOT;11215;12;11212;27;;;11221;25;11224;23;;;11218.0;0.0
yf_ZS=F_d8;1800;ASH_COATED_OSMIUM;10077;7;10075;19;;;10084;15;10086;15;;;10080.5;0.0
yf_ZS=F_d8;1800;INTARIAN_PEPPER_ROOT;11219;15;11216;21;;;11225;5;11227;14;;;11222.0;0.0
yf_ZS=F_d8;1900;ASH_COATED_OSMIUM;10079;6;10077;16;;;10085;20;10087;17;;;10082.0;0.0
yf_ZS=F_d8;1900;INTARIAN_PEPPER_ROOT;11221;5;11219;25;;;11229;14;11232;23;;;11225.0;0.0
yf_ZS=F_d8;2000;ASH_COATED_OSMIUM;10079;15;10076;19;;;10085;19;10089;25;;;10082.0;0.0
yf_ZS=F_d8;2000;INTARIAN_PEPPER_ROOT;11222;17;11218;25;;;11235;15;11238;25;;;11228.5;0.0
yf_ZS=F_d8;2100;ASH_COATED_OSMIUM;10079;18;10077;21;;;10085;17;10089;22;;;10082.0;0.0
yf_ZS=F_d8;2100;INTARIAN_PEPPER_ROOT;11229;13;11225;18;;;11235;19;11239;12;;;11232.0;0.0
yf_ZS=F_d8;2200;ASH_COATED_OSMIUM;10079;13;10076;19;;;10085;9;10088;23;;;10082.0;0.0
yf_ZS=F_d8;2200;INTARIAN_PEPPER_ROOT;11229;24;11227;21;;;11242;22;11244;32;;;11235.5;0.0
yf_ZS=F_d8;2300;ASH_COATED_OSMIUM;10078;13;10074;27;;;10084;22;10087;24;;;10081.0;0.0
yf_ZS=F_d8;2300;INTARIAN_PEPPER_ROOT;11235;24;11233;13;;;11242;16;11246;12;;;11238.5;0.0
yf_ZS=F_d8;2400;ASH_COATED_OSMIUM;10079;7;10076;21;;;10085;5;10088;23;;;10082.0;0.0
yf_ZS=F_d8;2400;INTARIAN_PEPPER_ROOT;11239;8;11236;27;;;11245;18;11248;8;;;11242.0;0.0
yf_ZS=F_d8;2500;ASH_COATED_OSMIUM;10080;21;10078;34;;;10086;16;10089;28;;;10083.0;0.0
yf_ZS=F_d8;2500;INTARIAN_PEPPER_ROOT;11242;11;11238;14;;;11252;20;11255;28;;;11247.0;0.0
yf_ZS=F_d8;2600;ASH_COATED_OSMIUM;10071;15;10068;28;;;10094;19;10097;14;;;10082.5;0.0
yf_ZS=F_d8;2600;INTARIAN_PEPPER_ROOT;11243;16;11239;8;;;11257;16;11259;21;;;11250.0;0.0
yf_ZS=F_d8;2700;ASH_COATED_OSMIUM;10079;10;10076;30;;;10085;9;10089;25;;;10082.0;0.0
yf_ZS=F_d8;2700;INTARIAN_PEPPER_ROOT;11250;17;11246;16;;;11256;16;11258;28;;;11253.0;0.0
yf_ZS=F_d8;2800;ASH_COATED_OSMIUM;10079;8;10077;20;;;10085;11;10087;17;;;10082.0;0.0
yf_ZS=F_d8;2800;INTARIAN_PEPPER_ROOT;11249;11;11245;15;;;11266;12;11268;23;;;11257.5;0.0
yf_ZS=F_d8;2900;ASH_COATED_OSMIUM;10075;12;10072;20;;;10090;16;10092;21;;;10082.5;0.0
yf_ZS=F_d8;2900;INTARIAN_PEPPER_ROOT;11257;15;11253;21;;;11263;20;11267;21;;;11260.0;0.0
yf_ZS=F_d8;3000;ASH_COATED_OSMIUM;10080;18;10077;19;;;10086;23;10090;24;;;10083.0;0.0
yf_ZS=F_d8;3000;INTARIAN_PEPPER_ROOT;11260;10;11258;13;;;11269;19;11273;28;;;11264.5;0.0
yf_ZS=F_d8;3100;ASH_COATED_OSMIUM;10080;15;10078;20;;;10086;17;10090;16;;;10083.0;0.0
yf_ZS=F_d8;3100;INTARIAN_PEPPER_ROOT;11265;8;11262;13;;;11271;19;11273;26;;;11268.0;0.0
yf_ZS=F_d8;3200;ASH_COATED_OSMIUM;10079;21;10075;28;;;10085;14;10087;23;;;10082.0;0.0
yf_ZS=F_d8;3200;INTARIAN_PEPPER_ROOT;11267;18;11265;21;;;11274;16;11278;18;;;11270.5;0.0
yf_ZS=F_d8;3300;ASH_COATED_OSMIUM;10080;5;10078;17;;;10086;7;10090;23;;;10083.0;0.0
yf_ZS=F_d8;3300;INTARIAN_PEPPER_ROOT;11272;9;11269;18;;;11278;14;11281;22;;;11275.0;0.0
yf_ZS=F_d8;3400;ASH_COATED_OSMIUM;10080;14;10077;20;;;10086;12;10090;19;;;10083.0;0.0
yf_ZS=F_d8;3400;INTARIAN_PEPPER_ROOT;11271;13;11269;24;;;11284;10;11287;22;;;11277.5;0.0
yf_ZS=F_d8;3500;ASH_COATED_OSMIUM;10080;13;10077;12;;;10086;19;10089;8;;;10083.0;0.0
yf_ZS=F_d8;3500;INTARIAN_PEPPER_ROOT;11278;23;11276;25;;;11284;15;11287;15;;;11281.0;0.0
yf_ZS=F_d8;3600;ASH_COATED_OSMIUM;10080;10;10077;24;;;10086;13;10090;13;;;10083.0;0.0
yf_ZS=F_d8;3600;INTARIAN_PEPPER_ROOT;11283;12;11280;16;;;11289;13;11291;13;;;11286.0;0.0
yf_ZS=F_d8;3700;ASH_COATED_OSMIUM;10076;13;10072;8;;;10091;14;10094;20;;;10083.5;0.0
yf_ZS=F_d8;3700;INTARIAN_PEPPER_ROOT;11284;13;11282;22;;;11294;9;11298;11;;;11289.0;0.0
yf_ZS=F_d8;3800;ASH_COATED_OSMIUM;10080;9;10078;19;;;10086;6;10088;16;;;10083.0;0.0
yf_ZS=F_d8;3800;INTARIAN_PEPPER_ROOT;11289;25;11287;33;;;11295;16;11297;24;;;11292.0;0.0
yf_ZS=F_d8;3900;ASH_COATED_OSMIUM;10080;14;10077;25;;;10086;14;10088;17;;;10083.0;0.0
yf_ZS=F_d8;3900;INTARIAN_PEPPER_ROOT;11292;10;11289;27;;;11298;16;11301;26;;;11295.0;0.0
yf_ZS=F_d8;4000;ASH_COATED_OSMIUM;10081;15;10078;14;;;10087;21;10089;9;;;10084.0;0.0
yf_ZS=F_d8;4000;INTARIAN_PEPPER_ROOT;11294;21;11292;24;;;11305;18;11309;18;;;11299.5;0.0
yf_ZS=F_d8;4100;ASH_COATED_OSMIUM;10071;11;10068;25;;;10095;20;10099;12;;;10083.0;0.0
yf_ZS=F_d8;4100;INTARIAN_PEPPER_ROOT;11300;14;11297;20;;;11306;7;11309;15;;;11303.0;0.0
yf_ZS=F_d8;4200;ASH_COATED_OSMIUM;10081;18;10078;22;;;10087;17;10091;25;;;10084.0;0.0
yf_ZS=F_d8;4200;INTARIAN_PEPPER_ROOT;11302;12;11298;21;;;11310;18;11312;17;;;11306.0;0.0
yf_ZS=F_d8;4300;ASH_COATED_OSMIUM;10081;15;10079;12;;;10087;12;10090;29;;;10084.0;0.0
yf_ZS=F_d8;4300;INTARIAN_PEPPER_ROOT;11301;14;11297;17;;;11318;17;11322;21;;;11309.5;0.0
yf_ZS=F_d8;4400;ASH_COATED_OSMIUM;10081;17;10078;23;;;10087;17;10089;18;;;10084.0;0.0
yf_ZS=F_d8;4400;INTARIAN_PEPPER_ROOT;11311;18;11308;25;;;11317;24;11319;15;;;11314.0;0.0
yf_ZS=F_d8;4500;ASH_COATED_OSMIUM;10080;6;10077;23;;;10088;13;10092;17;;;10084.0;0.0
yf_ZS=F_d8;4500;INTARIAN_PEPPER_ROOT;11313;15;11310;19;;;11319;15;11321;20;;;11316.0;0.0
yf_ZS=F_d8;4600;ASH_COATED_OSMIUM;10074;17;10072;20;;;10094;18;10096;15;;;10084.0;0.0
yf_ZS=F_d8;4600;INTARIAN_PEPPER_ROOT;11318;16;11314;20;;;11324;11;11326;17;;;11321.0;0.0
yf_ZS=F_d8;4700;ASH_COATED_OSMIUM;10080;12;10077;23;;;10088;19;10092;18;;;10084.0;0.0
yf_ZS=F_d8;4700;INTARIAN_PEPPER_ROOT;11321;5;11317;25;;;11327;5;11330;22;;;11324.0;0.0
yf_ZS=F_d8;4800;ASH_COATED_OSMIUM;10077;13;10073;23;;;10094;18;10096;19;;;10085.5;0.0
yf_ZS=F_d8;4800;INTARIAN_PEPPER_ROOT;11325;10;11323;20;;;11331;15;11335;17;;;11328.0;0.0
yf_ZS=F_d8;4900;ASH_COATED_OSMIUM;10073;12;10070;17;;;10096;10;10100;14;;;10084.5;0.0
yf_ZS=F_d8;4900;INTARIAN_PEPPER_ROOT;11327;21;11323;27;;;11333;11;11336;30;;;11330.0;0.0
yf_ZS=F_d8;5000;ASH_COATED_OSMIUM;10082;9;10080;20;;;10088;18;10091;23;;;10085.0;0.0
yf_ZS=F_d8;5000;INTARIAN_PEPPER_ROOT;11332;11;11330;20;;;11338;10;11341;22;;;11335.0;0.0
yf_ZS=F_d8;5100;ASH_COATED_OSMIUM;10082;10;10079;18;;;10088;11;10090;16;;;10085.0;0.0
yf_ZS=F_d8;5100;INTARIAN_PEPPER_ROOT;11335;17;11333;22;;;11341;8;11345;15;;;11338.0;0.0
yf_ZS=F_d8;5200;ASH_COATED_OSMIUM;10076;10;10072;23;;;10094;6;10096;21;;;10085.0;0.0
yf_ZS=F_d8;5200;INTARIAN_PEPPER_ROOT;11339;12;11337;14;;;11345;6;11349;24;;;11342.0;0.0
yf_ZS=F_d8;5300;ASH_COATED_OSMIUM;10082;10;10079;25;;;10088;11;10091;25;;;10085.0;0.0
yf_ZS=F_d8;5300;INTARIAN_PEPPER_ROOT;11342;18;11338;18;;;11348;16;11351;17;;;11345.0;0.0
yf_ZS=F_d8;5400;ASH_COATED_OSMIUM;10082;14;10078;22;;;10088;7;10090;21;;;10085.0;0.0
yf_ZS=F_d8;5400;INTARIAN_PEPPER_ROOT;11344;9;11342;23;;;11353;13;11356;22;;;11348.5;0.0
yf_ZS=F_d8;5500;ASH_COATED_OSMIUM;10076;18;10073;13;;;10094;15;10096;17;;;10085.0;0.0
yf_ZS=F_d8;5500;INTARIAN_PEPPER_ROOT;11347;14;11345;24;;;11358;16;11361;21;;;11352.5;0.0
yf_ZS=F_d8;5600;ASH_COATED_OSMIUM;10082;15;10080;15;;;10089;17;10093;27;;;10085.5;0.0
yf_ZS=F_d8;5600;INTARIAN_PEPPER_ROOT;11353;17;11351;25;;;11359;23;11363;11;;;11356.0;0.0
yf_ZS=F_d8;5700;ASH_COATED_OSMIUM;10075;5;10071;19;;;10096;16;10099;12;;;10085.5;0.0
yf_ZS=F_d8;5700;INTARIAN_PEPPER_ROOT;11357;15;11354;21;;;11363;12;11366;16;;;11360.0;0.0
yf_ZS=F_d8;5800;ASH_COATED_OSMIUM;10083;10;10080;25;;;10089;20;10092;21;;;10086.0;0.0
yf_ZS=F_d8;5800;INTARIAN_PEPPER_ROOT;11360;22;11357;19;;;11367;5;11370;18;;;11363.5;0.0
yf_ZS=F_d8;5900;ASH_COATED_OSMIUM;10083;13;10080;13;;;10089;18;10092;22;;;10086.0;0.0
yf_ZS=F_d8;5900;INTARIAN_PEPPER_ROOT;11363;5;11360;18;;;11369;8;11372;22;;;11366.0;0.0
yf_ZS=F_d8;6000;ASH_COATED_OSMIUM;10083;8;10080;16;;;10089;17;10092;28;;;10086.0;0.0
yf_ZS=F_d8;6000;INTARIAN_PEPPER_ROOT;11367;21;11363;21;;;11373;13;11376;20;;;11370.0;0.0
yf_ZS=F_d8;6100;ASH_COATED_OSMIUM;10083;22;10079;14;;;10089;20;10093;21;;;10086.0;0.0
yf_ZS=F_d8;6100;INTARIAN_PEPPER_ROOT;11368;22;11366;18;;;11379;13;11383;24;;;11373.5;0.0
yf_ZS=F_d8;6200;ASH_COATED_OSMIUM;10083;24;10081;15;;;10089;17;10091;28;;;10086.0;0.0
yf_ZS=F_d8;6200;INTARIAN_PEPPER_ROOT;11374;11;11372;21;;;11380;16;11382;15;;;11377.0;0.0
yf_ZS=F_d8;6300;ASH_COATED_OSMIUM;10079;14;10075;16;;;10095;6;10098;16;;;10087.0;0.0
yf_ZS=F_d8;6300;INTARIAN_PEPPER_ROOT;11378;16;11374;17;;;11384;13;11388;21;;;11381.0;0.0
yf_ZS=F_d8;6400;ASH_COATED_OSMIUM;10083;16;10079;20;;;10090;18;10092;20;;;10086.5;0.0
yf_ZS=F_d8;6400;INTARIAN_PEPPER_ROOT;11381;14;11378;23;;;11387;15;11389;18;;;11384.0;0.0
yf_ZS=F_d8;6500;ASH_COATED_OSMIUM;10082;20;10078;24;;;10091;9;10093;22;;;10086.5;0.0
yf_ZS=F_d8;6500;INTARIAN_PEPPER_ROOT;11384;11;11381;21;;;11390;13;11392;20;;;11387.0;0.0
yf_ZS=F_d8;6600;ASH_COATED_OSMIUM;10083;12;10081;26;;;10089;22;10093;13;;;10086.0;0.0
yf_ZS=F_d8;6600;INTARIAN_PEPPER_ROOT;11384;11;11382;27;;;11399;12;11403;17;;;11391.5;0.0
yf_ZS=F_d8;6700;ASH_COATED_OSMIUM;10081;16;10079;28;;;10090;5;10093;21;;;10085.5;0.0
yf_ZS=F_d8;6700;INTARIAN_PEPPER_ROOT;11392;16;11388;18;;;11398;14;11400;18;;;11395.0;0.0
yf_ZS=F_d8;6800;ASH_COATED_OSMIUM;10079;5;10077;16;;;10093;18;10095;19;;;10086.0;0.0
yf_ZS=F_d8;6800;INTARIAN_PEPPER_ROOT;11395;17;11391;22;;;11401;15;11403;24;;;11398.0;0.0
yf_ZS=F_d8;6900;ASH_COATED_OSMIUM;10083;14;10079;13;;;10089;13;10092;26;;;10086.0;0.0
yf_ZS=F_d8;6900;INTARIAN_PEPPER_ROOT;11394;21;11390;21;;;11409;21;11412;16;;;11401.5;0.0
yf_ZS=F_d8;7000;ASH_COATED_OSMIUM;10080;14;10078;22;;;10093;16;10095;22;;;10086.5;0.0
yf_ZS=F_d8;7000;INTARIAN_PEPPER_ROOT;11403;20;11400;18;;;11409;13;11411;16;;;11406.0;0.0
yf_ZS=F_d8;7100;ASH_COATED_OSMIUM;10084;13;10082;31;;;10090;18;10094;25;;;10087.0;0.0
yf_ZS=F_d8;7100;INTARIAN_PEPPER_ROOT;11402;13;11398;22;;;11416;13;11418;27;;;11409.0;0.0
yf_ZS=F_d8;7200;ASH_COATED_OSMIUM;10084;8;10080;16;;;10090;11;10093;28;;;10087.0;0.0
yf_ZS=F_d8;7200;INTARIAN_PEPPER_ROOT;11409;18;11407;18;;;11415;19;11419;18;;;11412.0;0.0
yf_ZS=F_d8;7300;ASH_COATED_OSMIUM;10083;13;10081;20;;;10090;18;10093;19;;;10086.5;0.0
yf_ZS=F_d8;7300;INTARIAN_PEPPER_ROOT;11413;17;11411;24;;;11419;20;11422;16;;;11416.0;0.0
yf_ZS=F_d8;7400;ASH_COATED_OSMIUM;10084;18;10080;20;;;10090;8;10092;20;;;10087.0;0.0
yf_ZS=F_d8;7400;INTARIAN_PEPPER_ROOT;11417;11;11414;22;;;11423;17;11425;27;;;11420.0;0.0
yf_ZS=F_d8;7500;ASH_COATED_OSMIUM;10084;5;10082;13;;;10091;19;10093;23;;;10087.5;0.0
yf_ZS=F_d8;7500;INTARIAN_PEPPER_ROOT;11420;9;11417;23;;;11426;7;11429;25;;;11423.0;0.0
yf_ZS=F_d8;7600;ASH_COATED_OSMIUM;10084;13;10082;22;;;10090;17;10093;19;;;10087.0;0.0
yf_ZS=F_d8;7600;INTARIAN_PEPPER_ROOT;11423;17;11419;25;;;11430;16;11432;26;;;11426.5;0.0
yf_ZS=F_d8;7700;ASH_COATED_OSMIUM;10082;17;10079;14;;;10094;12;10098;11;;;10088.0;0.0
yf_ZS=F_d8;7700;INTARIAN_PEPPER_ROOT;11427;16;11424;16;;;11433;21;11435;15;;;11430.0;0.0
yf_ZS=F_d8;7800;ASH_COATED_OSMIUM;10085;7;10082;16;;;10091;15;10093;25;;;10088.0;0.0
yf_ZS=F_d8;7800;INTARIAN_PEPPER_ROOT;11429;18;11426;23;;;11438;17;11440;18;;;11433.5;0.0
yf_ZS=F_d8;7900;ASH_COATED_OSMIUM;10085;13;10081;21;;;10091;15;10094;15;;;10088.0;0.0
yf_ZS=F_d8;7900;INTARIAN_PEPPER_ROOT;11434;14;11430;27;;;11440;11;11443;17;;;11437.0;0.0
yf_ZS=F_d8;8000;ASH_COATED_OSMIUM;10084;18;10082;25;;;10092;7;10095;24;;;10088.0;0.0
yf_ZS=F_d8;8000;INTARIAN_PEPPER_ROOT;11438;16;11434;14;;;11444;16;11446;16;;;11441.0;0.0
yf_ZS=F_d8;8100;ASH_COATED_OSMIUM;10085;21;10083;17;;;10091;18;10093;15;;;10088.0;0.0
yf_ZS=F_d8;8100;INTARIAN_PEPPER_ROOT;11419;8;11417;19;;;11470;12;11472;13;;;11444.5;0.0
yf_ZS=F_d8;8200;ASH_COATED_OSMIUM;10082;18;10078;26;;;10095;10;10098;16;;;10088.5;0.0
yf_ZS=F_d8;8200;INTARIAN_PEPPER_ROOT;11445;18;11441;13;;;11451;16;11453;12;;;11448.0;0.0
yf_ZS=F_d8;8300;ASH_COATED_OSMIUM;10086;20;10083;25;;;10092;5;10096;19;;;10089.0;0.0
yf_ZS=F_d8;8300;INTARIAN_PEPPER_ROOT;11447;8;11444;20;;;11456;18;11458;19;;;11451.5;0.0
yf_ZS=F_d8;8400;ASH_COATED_OSMIUM;10086;5;10083;20;;;10092;14;10096;20;;;10089.0;0.0
yf_ZS=F_d8;8400;INTARIAN_PEPPER_ROOT;11439;20;11435;19;;;11470;11;11472;15;;;11454.5;0.0
yf_ZS=F_d8;8500;ASH_COATED_OSMIUM;10083;14;10079;20;;;10094;16;10097;23;;;10088.5;0.0
yf_ZS=F_d8;8500;INTARIAN_PEPPER_ROOT;11455;11;11452;17;;;11461;26;11463;12;;;11458.0;0.0
yf_ZS=F_d8;8600;ASH_COATED_OSMIUM;10083;25;10080;22;;;10095;16;10098;13;;;10089.0;0.0
yf_ZS=F_d8;8600;INTARIAN_PEPPER_ROOT;11459;19;11457;24;;;11465;14;11468;20;;;11462.0;0.0
yf_ZS=F_d8;8700;ASH_COATED_OSMIUM;10086;12;10084;20;;;10092;6;10095;12;;;10089.0;0.0
yf_ZS=F_d8;8700;INTARIAN_PEPPER_ROOT;11461;19;11457;8;;;11470;16;11473;17;;;11465.5;0.0
yf_ZS=F_d8;8800;ASH_COATED_OSMIUM;10086;11;10084;18;;;10092;16;10096;18;;;10089.0;0.0
yf_ZS=F_d8;8800;INTARIAN_PEPPER_ROOT;11465;19;11462;13;;;11471;18;11474;23;;;11468.0;0.0
yf_ZS=F_d8;8900;ASH_COATED_OSMIUM;10086;5;10084;14;;;10092;16;10096;19;;;10089.0;0.0
yf_ZS=F_d8;8900;INTARIAN_PEPPER_ROOT;11470;18;11467;13;;;11476;18;11480;18;;;11473.0;0.0
yf_ZS=F_d8;9000;ASH_COATED_OSMIUM;10082;14;10080;20;;;10098;19;10101;21;;;10090.0;0.0
yf_ZS=F_d8;9000;INTARIAN_PEPPER_ROOT;11473;22;11469;23;;;11479;15;11483;25;;;11476.0;0.0
yf_ZS=F_d8;9100;ASH_COATED_OSMIUM;10081;24;10077;12;;;10097;13;10099;15;;;10089.0;0.0
yf_ZS=F_d8;9100;INTARIAN_PEPPER_ROOT;11474;10;11471;24;;;11485;13;11489;27;;;11479.5;0.0
yf_ZS=F_d8;9200;ASH_COATED_OSMIUM;10086;12;10084;24;;;10092;22;10094;18;;;10089.0;0.0
yf_ZS=F_d8;9200;INTARIAN_PEPPER_ROOT;11476;10;11472;25;;;11490;12;11493;29;;;11483.0;0.0
yf_ZS=F_d8;9300;ASH_COATED_OSMIUM;10079;18;10076;15;;;10100;22;10102;20;;;10089.5;0.0
yf_ZS=F_d8;9300;INTARIAN_PEPPER_ROOT;11484;11;11481;24;;;11490;7;11494;20;;;11487.0;0.0
yf_ZS=F_d8;9400;ASH_COATED_OSMIUM;10081;9;10077;15;;;10097;20;10101;22;;;10089.0;0.0
yf_ZS=F_d8;9400;INTARIAN_PEPPER_ROOT;11487;10;11485;16;;;11493;18;11496;21;;;11490.0;0.0
yf_ZS=F_d8;9500;ASH_COATED_OSMIUM;10087;15;10083;21;;;10093;10;10095;22;;;10090.0;0.0
yf_ZS=F_d8;9500;INTARIAN_PEPPER_ROOT;11491;19;11489;17;;;11497;12;11501;20;;;11494.0;0.0
yf_ZS=F_d8;9600;ASH_COATED_OSMIUM;10085;15;10083;29;;;10095;12;10097;10;;;10090.0;0.0
yf_ZS=F_d8;9600;INTARIAN_PEPPER_ROOT;11491;22;11489;24;;;11503;7;11507;21;;;11497.0;0.0
yf_ZS=F_d8;9700;ASH_COATED_OSMIUM;10082;16;10078;22;;;10099;15;10102;20;;;10090.5;0.0
yf_ZS=F_d8;9700;INTARIAN_PEPPER_ROOT;11498;10;11496;21;;;11504;17;11507;23;;;11501.0;0.0
yf_ZS=F_d8;9800;ASH_COATED_OSMIUM;10086;22;10084;20;;;10093;24;10097;21;;;10089.5;0.0
yf_ZS=F_d8;9800;INTARIAN_PEPPER_ROOT;11498;19;11496;14;;;11510;10;11512;22;;;11504.0;0.0
yf_ZS=F_d8;9900;ASH_COATED_OSMIUM;10087;13;10085;14;;;10093;25;10096;19;;;10090.0;0.0
yf_ZS=F_d8;9900;INTARIAN_PEPPER_ROOT;11504;19;11501;16;;;11510;17;11512;22;;;11507.0;0.0
yf_ZS=F_d8;10000;ASH_COATED_OSMIUM;10085;20;10083;26;;;10095;12;10099;21;;;10090.0;0.0
yf_ZS=F_d8;10000;INTARIAN_PEPPER_ROOT;11508;14;11506;20;;;11514;12;11517;10;;;11511.0;0.0
yf_ZS=F_d8;10100;ASH_COATED_OSMIUM;10083;14;10081;19;;;10096;21;10099;18;;;10089.5;0.0
yf_ZS=F_d8;10100;INTARIAN_PEPPER_ROOT;11510;12;11506;28;;;11518;19;11521;15;;;11514.0;0.0
yf_ZS=F_d8;10200;ASH_COATED_OSMIUM;10087;15;10084;24;;;10093;5;10097;22;;;10090.0;0.0
yf_ZS=F_d8;10200;INTARIAN_PEPPER_ROOT;11515;22;11511;23;;;11521;15;11525;24;;;11518.0;0.0
yf_ZS=F_d8;10300;ASH_COATED_OSMIUM;10088;13;10084;16;;;10094;13;10098;25;;;10091.0;0.0
yf_ZS=F_d8;10300;INTARIAN_PEPPER_ROOT;11519;27;11517;14;;;11525;15;11529;12;;;11522.0;0.0
yf_ZS=F_d8;10400;ASH_COATED_OSMIUM;10085;19;10081;15;;;10096;5;10100;17;;;10090.5;0.0
yf_ZS=F_d8;10400;INTARIAN_PEPPER_ROOT;11517;11;11513;23;;;11535;15;11538;21;;;11526.0;0.0
yf_ZS=F_d8;10500;ASH_COATED_OSMIUM;10088;9;10086;16;;;10094;16;10096;24;;;10091.0;0.0
yf_ZS=F_d8;10500;INTARIAN_PEPPER_ROOT;11523;5;11521;8;;;11534;13;11538;22;;;11528.5;0.0
yf_ZS=F_d8;10600;ASH_COATED_OSMIUM;10088;11;10085;21;;;10094;12;10097;16;;;10091.0;0.0
yf_ZS=F_d8;10600;INTARIAN_PEPPER_ROOT;11530;12;11526;20;;;11536;16;11539;12;;;11533.0;0.0
yf_ZS=F_d8;10700;ASH_COATED_OSMIUM;10086;15;10082;20;;;10098;14;10102;9;;;10092.0;0.0
yf_ZS=F_d8;10700;INTARIAN_PEPPER_ROOT;11533;12;11530;27;;;11539;12;11543;19;;;11536.0;0.0
yf_ZS=F_d8;10800;ASH_COATED_OSMIUM;10087;18;10083;25;;;10095;15;10098;23;;;10091.0;0.0
yf_ZS=F_d8;10800;INTARIAN_PEPPER_ROOT;11533;19;11530;17;;;11545;13;11548;16;;;11539.0;0.0
yf_ZS=F_d8;10900;ASH_COATED_OSMIUM;10087;12;10085;22;;;10095;18;10097;20;;;10091.0;0.0
yf_ZS=F_d8;10900;INTARIAN_PEPPER_ROOT;11540;15;11538;24;;;11546;16;11549;14;;;11543.0;0.0
yf_ZS=F_d8;11000;ASH_COATED_OSMIUM;10088;22;10085;21;;;10094;17;10097;25;;;10091.0;0.0
yf_ZS=F_d8;11000;INTARIAN_PEPPER_ROOT;11542;22;11538;26;;;11551;22;11555;25;;;11546.5;0.0
yf_ZS=F_d8;11100;ASH_COATED_OSMIUM;10086;15;10084;19;;;10097;16;10101;18;;;10091.5;0.0
yf_ZS=F_d8;11100;INTARIAN_PEPPER_ROOT;11547;18;11544;18;;;11553;11;11555;14;;;11550.0;0.0
yf_ZS=F_d8;11200;ASH_COATED_OSMIUM;10085;13;10082;20;;;10099;6;10101;27;;;10092.0;0.0
yf_ZS=F_d8;11200;INTARIAN_PEPPER_ROOT;11532;28;11530;24;;;11574;22;11576;17;;;11553.0;0.0
yf_ZS=F_d8;11300;ASH_COATED_OSMIUM;10086;19;10083;19;;;10097;9;10100;18;;;10091.5;0.0
yf_ZS=F_d8;11300;INTARIAN_PEPPER_ROOT;11554;10;11552;15;;;11560;16;11562;10;;;11557.0;0.0
yf_ZS=F_d8;11400;ASH_COATED_OSMIUM;10079;8;10076;18;;;10105;11;10108;14;;;10092.0;0.0
yf_ZS=F_d8;11400;INTARIAN_PEPPER_ROOT;11558;16;11556;24;;;11564;9;11568;14;;;11561.0;0.0
yf_ZS=F_d8;11500;ASH_COATED_OSMIUM;10085;20;10081;29;;;10098;6;10101;12;;;10091.5;0.0
yf_ZS=F_d8;11500;INTARIAN_PEPPER_ROOT;11561;11;11558;14;;;11567;15;11570;18;;;11564.0;0.0
yf_ZS=F_d8;11600;ASH_COATED_OSMIUM;10087;7;10083;14;;;10097;12;10101;24;;;10092.0;0.0
yf_ZS=F_d8;11600;INTARIAN_PEPPER_ROOT;11562;17;11558;20;;;11574;14;11577;22;;;11568.0;0.0
yf_ZS=F_d8;11700;ASH_COATED_OSMIUM;10089;16;10087;22;;;10095;17;10099;31;;;10092.0;0.0
yf_ZS=F_d8;11700;INTARIAN_PEPPER_ROOT;11560;11;11558;13;;;11582;12;11585;24;;;11571.0;0.0
yf_ZS=F_d8;11800;ASH_COATED_OSMIUM;10089;17;10087;23;;;10095;22;10097;17;;;10092.0;0.0
yf_ZS=F_d8;11800;INTARIAN_PEPPER_ROOT;11568;16;11565;16;;;11581;20;11584;22;;;11574.5;0.0
yf_ZS=F_d8;11900;ASH_COATED_OSMIUM;10089;14;10085;22;;;10095;22;10097;17;;;10092.0;0.0
yf_ZS=F_d8;11900;INTARIAN_PEPPER_ROOT;11575;15;11573;19;;;11581;16;11583;20;;;11578.0;0.0
yf_ZS=F_d8;12000;ASH_COATED_OSMIUM;10090;14;10086;16;;;10096;15;10100;21;;;10093.0;0.0
yf_ZS=F_d8;12000;INTARIAN_PEPPER_ROOT;11579;18;11575;19;;;11585;11;11587;22;;;11582.0;0.0
yf_ZS=F_d8;12100;ASH_COATED_OSMIUM;10089;23;10085;19;;;10095;6;10099;17;;;10092.0;0.0
yf_ZS=F_d8;12100;INTARIAN_PEPPER_ROOT;11582;18;11580;21;;;11588;12;11591;22;;;11585.0;0.0
yf_ZS=F_d8;12200;ASH_COATED_OSMIUM;10065;18;10061;19;;;10120;11;10122;22;;;10092.5;0.0
yf_ZS=F_d8;12200;INTARIAN_PEPPER_ROOT;11586;15;11583;14;;;11592;11;11594;21;;;11589.0;0.0
yf_ZS=F_d8;12300;ASH_COATED_OSMIUM;10090;14;10088;13;;;10096;14;10099;19;;;10093.0;0.0
yf_ZS=F_d8;12300;INTARIAN_PEPPER_ROOT;11583;11;11581;17;;;11601;13;11604;30;;;11592.0;0.0
yf_ZS=F_d8;12400;ASH_COATED_OSMIUM;10090;17;10088;20;;;10097;11;10100;26;;;10093.5;0.0
yf_ZS=F_d8;12400;INTARIAN_PEPPER_ROOT;11593;8;11590;24;;;11599;13;11601;11;;;11596.0;0.0
yf_ZS=F_d8;12500;ASH_COATED_OSMIUM;10090;19;10088;28;;;10096;19;10100;21;;;10093.0;0.0
yf_ZS=F_d8;12500;INTARIAN_PEPPER_ROOT;11597;10;11593;13;;;11603;16;11606;28;;;11600.0;0.0
yf_ZS=F_d8;12600;ASH_COATED_OSMIUM;10085;19;10082;24;;;10102;26;10106;20;;;10093.5;0.0
yf_ZS=F_d8;12600;INTARIAN_PEPPER_ROOT;11599;19;11595;22;;;11608;5;11612;11;;;11603.5;0.0
yf_ZS=F_d8;12700;ASH_COATED_OSMIUM;10090;21;10087;15;;;10096;27;10099;24;;;10093.0;0.0
yf_ZS=F_d8;12700;INTARIAN_PEPPER_ROOT;11604;14;11601;12;;;11610;21;11614;22;;;11607.0;0.0
yf_ZS=F_d8;12800;ASH_COATED_OSMIUM;10087;12;10083;25;;;10101;17;10103;24;;;10094.0;0.0
yf_ZS=F_d8;12800;INTARIAN_PEPPER_ROOT;11607;7;11605;14;;;11613;15;11615;27;;;11610.0;0.0
yf_ZS=F_d8;12900;ASH_COATED_OSMIUM;10090;14;10088;19;;;10096;16;10098;13;;;10093.0;0.0
yf_ZS=F_d8;12900;INTARIAN_PEPPER_ROOT;11611;24;11608;19;;;11617;12;11621;18;;;11614.0;0.0
yf_ZS=F_d8;13000;ASH_COATED_OSMIUM;10091;14;10088;15;;;10097;18;10099;20;;;10094.0;0.0
yf_ZS=F_d8;13000;INTARIAN_PEPPER_ROOT;11614;14;11612;19;;;11620;14;11623;20;;;11617.0;0.0
yf_ZS=F_d8;13100;ASH_COATED_OSMIUM;10091;22;10089;15;;;10098;11;10101;18;;;10094.5;0.0
yf_ZS=F_d8;13100;INTARIAN_PEPPER_ROOT;11618;17;11614;31;;;11624;16;11628;19;;;11621.0;0.0
yf_ZS=F_d8;13200;ASH_COATED_OSMIUM;10091;11;10088;19;;;10097;10;10099;18;;;10094.0;0.0
yf_ZS=F_d8;13200;INTARIAN_PEPPER_ROOT;11620;24;11617;21;;;11629;17;11632;20;;;11624.5;0.0
yf_ZS=F_d8;13300;ASH_COATED_OSMIUM;10091;18;10087;22;;;10097;20;10101;25;;;10094.0;0.0
yf_ZS=F_d8;13300;INTARIAN_PEPPER_ROOT;11625;11;11623;20;;;11631;7;11635;21;;;11628.0;0.0
yf_ZS=F_d8;13400;ASH_COATED_OSMIUM;10091;20;10087;16;;;10097;18;10099;12;;;10094.0;0.0
yf_ZS=F_d8;13400;INTARIAN_PEPPER_ROOT;11625;21;11623;20;;;11637;10;11641;14;;;11631.0;0.0
yf_ZS=F_d8;13500;ASH_COATED_OSMIUM;10091;5;10089;15;;;10097;7;10100;16;;;10094.0;0.0
yf_ZS=F_d8;13500;INTARIAN_PEPPER_ROOT;11632;9;11629;18;;;11638;13;11640;28;;;11635.0;0.0
yf_ZS=F_d8;13600;ASH_COATED_OSMIUM;10089;8;10086;8;;;10099;8;10102;21;;;10094.0;0.0
yf_ZS=F_d8;13600;INTARIAN_PEPPER_ROOT;11635;15;11632;18;;;11641;13;11644;18;;;11638.0;0.0
yf_ZS=F_d8;13700;ASH_COATED_OSMIUM;10079;17;10075;23;;;10109;13;10111;27;;;10094.0;0.0
yf_ZS=F_d8;13700;INTARIAN_PEPPER_ROOT;11639;11;11636;28;;;11645;13;11648;20;;;11642.0;0.0
yf_ZS=F_d8;13800;ASH_COATED_OSMIUM;10091;7;10089;12;;;10098;13;10100;13;;;10094.5;0.0
yf_ZS=F_d8;13800;INTARIAN_PEPPER_ROOT;11642;22;11640;22;;;11648;8;11652;24;;;11645.0;0.0
yf_ZS=F_d8;13900;ASH_COATED_OSMIUM;10088;11;10084;15;;;10101;10;10103;9;;;10094.5;0.0
yf_ZS=F_d8;13900;INTARIAN_PEPPER_ROOT;11644;24;11640;19;;;11653;15;11655;23;;;11648.5;0.0
yf_ZS=F_d8;14000;ASH_COATED_OSMIUM;10092;19;10089;13;;;10098;14;10101;19;;;10095.0;0.0
yf_ZS=F_d8;14000;INTARIAN_PEPPER_ROOT;11647;5;11643;14;;;11656;17;11658;20;;;11651.5;0.0
yf_ZS=F_d8;14100;ASH_COATED_OSMIUM;10092;15;10089;17;;;10098;12;10102;23;;;10095.0;0.0
yf_ZS=F_d8;14100;INTARIAN_PEPPER_ROOT;11653;17;11649;18;;;11659;22;11661;17;;;11656.0;0.0
yf_ZS=F_d8;14200;ASH_COATED_OSMIUM;10092;14;10089;22;;;10098;21;10100;22;;;10095.0;0.0
yf_ZS=F_d8;14200;INTARIAN_PEPPER_ROOT;11657;14;11654;21;;;11663;18;11665;19;;;11660.0;0.0
yf_ZS=F_d8;14300;ASH_COATED_OSMIUM;10089;11;10087;20;;;10102;14;10104;12;;;10095.5;0.0
yf_ZS=F_d8;14300;INTARIAN_PEPPER_ROOT;11660;23;11657;8;;;11666;7;11668;9;;;11663.0;0.0
yf_ZS=F_d8;14400;ASH_COATED_OSMIUM;10088;15;10085;10;;;10103;15;10106;23;;;10095.5;0.0
yf_ZS=F_d8;14400;INTARIAN_PEPPER_ROOT;11663;10;11659;21;;;11669;5;11672;25;;;11666.0;0.0
yf_ZS=F_d8;14500;ASH_COATED_OSMIUM;10092;14;10090;20;;;10098;15;10102;12;;;10095.0;0.0
yf_ZS=F_d8;14500;INTARIAN_PEPPER_ROOT;11667;12;11663;24;;;11673;10;11677;19;;;11670.0;0.0
yf_ZS=F_d8;14600;ASH_COATED_OSMIUM;10093;21;10091;17;;;10099;12;10101;20;;;10096.0;0.0
yf_ZS=F_d8;14600;INTARIAN_PEPPER_ROOT;11668;16;11665;22;;;11678;11;11682;25;;;11673.0;0.0
yf_ZS=F_d8;14700;ASH_COATED_OSMIUM;10086;25;10082;14;;;10104;7;10107;24;;;10095.0;0.0
yf_ZS=F_d8;14700;INTARIAN_PEPPER_ROOT;11674;11;11672;22;;;11680;17;11682;17;;;11677.0;0.0
yf_ZS=F_d8;14800;ASH_COATED_OSMIUM;10090;16;10086;22;;;10101;16;10104;20;;;10095.5;0.0
yf_ZS=F_d8;14800;INTARIAN_PEPPER_ROOT;11668;16;11664;24;;;11694;20;11698;26;;;11681.0;0.0
yf_ZS=F_d8;14900;ASH_COATED_OSMIUM;10092;13;10090;21;;;10098;19;10101;20;;;10095.0;0.0
yf_ZS=F_d8;14900;INTARIAN_PEPPER_ROOT;11681;21;11677;28;;;11687;24;11691;25;;;11684.0;0.0
yf_ZS=F_d8;15000;ASH_COATED_OSMIUM;10093;15;10089;22;;;10099;22;10103;12;;;10096.0;0.0
yf_ZS=F_d8;15000;INTARIAN_PEPPER_ROOT;11684;18;11682;23;;;11690;10;11693;24;;;11687.0;0.0
yf_ZS=F_d8;15100;ASH_COATED_OSMIUM;10093;20;10091;26;;;10099;14;10103;25;;;10096.0;0.0
yf_ZS=F_d8;15100;INTARIAN_PEPPER_ROOT;11687;19;11683;21;;;11695;18;11698;22;;;11691.0;0.0
yf_ZS=F_d8;15200;ASH_COATED_OSMIUM;10093;6;10089;29;;;10099;10;10102;29;;;10096.0;0.0
yf_ZS=F_d8;15200;INTARIAN_PEPPER_ROOT;11692;19;11690;16;;;11698;20;11700;35;;;11695.0;0.0
yf_ZS=F_d8;15300;ASH_COATED_OSMIUM;10082;18;10080;21;;;10110;17;10113;31;;;10096.0;0.0
yf_ZS=F_d8;15300;INTARIAN_PEPPER_ROOT;11696;16;11692;27;;;11702;15;11705;17;;;11699.0;0.0
yf_ZS=F_d8;15400;ASH_COATED_OSMIUM;10094;15;10091;23;;;10100;12;10102;23;;;10097.0;0.0
yf_ZS=F_d8;15400;INTARIAN_PEPPER_ROOT;11693;21;11689;11;;;11712;5;11716;10;;;11702.5;0.0
yf_ZS=F_d8;15500;ASH_COATED_OSMIUM;10093;14;10091;17;;;10099;10;10101;26;;;10096.0;0.0
yf_ZS=F_d8;15500;INTARIAN_PEPPER_ROOT;11703;23;11700;13;;;11709;17;11713;24;;;11706.0;0.0
yf_ZS=F_d8;15600;ASH_COATED_OSMIUM;10094;18;10092;22;;;10100;10;10104;26;;;10097.0;0.0
yf_ZS=F_d8;15600;INTARIAN_PEPPER_ROOT;11703;17;11700;21;;;11713;12;11716;21;;;11708.0;0.0
yf_ZS=F_d8;15700;ASH_COATED_OSMIUM;10094;18;10091;20;;;10101;15;10103;17;;;10097.5;0.0
yf_ZS=F_d8;15700;INTARIAN_PEPPER_ROOT;11709;19;11705;21;;;11715;12;11717;17;;;11712.0;0.0
yf_ZS=F_d8;15800;ASH_COATED_OSMIUM;10094;18;10090;22;;;10101;8;10104;18;;;10097.5;0.0
yf_ZS=F_d8;15800;INTARIAN_PEPPER_ROOT;11709;9;11707;25;;;11724;20;11726;20;;;11716.5;0.0
yf_ZS=F_d8;15900;ASH_COATED_OSMIUM;10094;20;10092;21;;;10100;21;10102;13;;;10097.0;0.0
yf_ZS=F_d8;15900;INTARIAN_PEPPER_ROOT;11716;17;11712;20;;;11722;21;11725;21;;;11719.0;0.0
yf_ZS=F_d8;16000;ASH_COATED_OSMIUM;10094;20;10091;24;;;10100;21;10104;13;;;10097.0;0.0
yf_ZS=F_d8;16000;INTARIAN_PEPPER_ROOT;11720;16;11718;17;;;11726;11;11728;21;;;11723.0;0.0
yf_ZS=F_d8;16100;ASH_COATED_OSMIUM;10093;12;10091;23;;;10100;13;10104;32;;;10096.5;0.0
yf_ZS=F_d8;16100;INTARIAN_PEPPER_ROOT;11723;11;11719;15;;;11729;19;11732;19;;;11726.0;0.0
yf_ZS=F_d8;16200;ASH_COATED_OSMIUM;10093;15;10091;20;;;10101;11;10103;15;;;10097.0;0.0
yf_ZS=F_d8;16200;INTARIAN_PEPPER_ROOT;11719;12;11716;14;;;11741;5;11745;21;;;11730.0;0.0
yf_ZS=F_d8;16300;ASH_COATED_OSMIUM;10094;20;10090;19;;;10100;17;10104;16;;;10097.0;0.0
yf_ZS=F_d8;16300;INTARIAN_PEPPER_ROOT;11731;17;11727;25;;;11737;17;11741;22;;;11734.0;0.0
yf_ZS=F_d8;16400;ASH_COATED_OSMIUM;10095;17;10093;22;;;10101;13;10104;19;;;10098.0;0.0
yf_ZS=F_d8;16400;INTARIAN_PEPPER_ROOT;11734;15;11730;21;;;11740;17;11742;18;;;11737.0;0.0
yf_ZS=F_d8;16500;ASH_COATED_OSMIUM;10091;24;10088;17;;;10103;16;10107;25;;;10097.0;0.0
yf_ZS=F_d8;16500;INTARIAN_PEPPER_ROOT;11737;11;11733;16;;;11743;8;11746;18;;;11740.0;0.0
yf_ZS=F_d8;16600;ASH_COATED_OSMIUM;10095;18;10093;17;;;10101;9;10103;26;;;10098.0;0.0
yf_ZS=F_d8;16600;INTARIAN_PEPPER_ROOT;11742;22;11739;23;;;11748;15;11751;15;;;11745.0;0.0
yf_ZS=F_d8;16700;ASH_COATED_OSMIUM;10091;12;10087;16;;;10105;16;10107;28;;;10098.0;0.0
yf_ZS=F_d8;16700;INTARIAN_PEPPER_ROOT;11744;23;11742;15;;;11750;7;11753;18;;;11747.0;0.0
yf_ZS=F_d8;16800;ASH_COATED_OSMIUM;10095;16;10091;14;;;10101;10;10104;23;;;10098.0;0.0
yf_ZS=F_d8;16800;INTARIAN_PEPPER_ROOT;11746;10;11742;12;;;11756;13;11759;17;;;11751.0;0.0
yf_ZS=F_d8;16900;ASH_COATED_OSMIUM;10095;14;10092;20;;;10101;25;10103;27;;;10098.0;0.0
yf_ZS=F_d8;16900;INTARIAN_PEPPER_ROOT;11744;6;11741;21;;;11767;18;11770;18;;;11755.5;0.0
yf_ZS=F_d8;17000;ASH_COATED_OSMIUM;10094;24;10092;14;;;10103;17;10105;14;;;10098.5;0.0
yf_ZS=F_d8;17000;INTARIAN_PEPPER_ROOT;11753;11;11751;19;;;11760;12;11762;17;;;11756.5;0.0
yf_ZS=F_d8;17100;ASH_COATED_OSMIUM;10090;11;10088;20;;;10107;20;10110;16;;;10098.5;0.0
yf_ZS=F_d8;17100;INTARIAN_PEPPER_ROOT;11751;9;11747;11;;;11760;8;11763;28;;;11755.5;0.0
yf_ZS=F_d8;17200;ASH_COATED_OSMIUM;10095;11;10093;21;;;10101;16;10103;16;;;10098.0;0.0
yf_ZS=F_d8;17200;INTARIAN_PEPPER_ROOT;11751;10;11749;18;;;11757;16;11759;22;;;11754.0;0.0
yf_ZS=F_d8;17300;ASH_COATED_OSMIUM;10090;14;10086;11;;;10106;21;10108;17;;;10098.0;0.0
yf_ZS=F_d8;17300;INTARIAN_PEPPER_ROOT;11750;18;11748;18;;;11756;13;11760;29;;;11753.0;0.0
yf_ZS=F_d8;17400;ASH_COATED_OSMIUM;10095;15;10093;17;;;10101;18;10103;20;;;10098.0;0.0
yf_ZS=F_d8;17400;INTARIAN_PEPPER_ROOT;11750;5;11748;20;;;11756;10;11760;21;;;11753.0;0.0
yf_ZS=F_d8;17500;ASH_COATED_OSMIUM;10095;20;10092;24;;;10101;19;10104;23;;;10098.0;0.0
yf_ZS=F_d8;17500;INTARIAN_PEPPER_ROOT;11749;16;11746;20;;;11755;18;11759;27;;;11752.0;0.0
yf_ZS=F_d8;17600;ASH_COATED_OSMIUM;10095;14;10091;28;;;10101;24;10104;25;;;10098.0;0.0
yf_ZS=F_d8;17600;INTARIAN_PEPPER_ROOT;11748;17;11746;23;;;11754;11;11757;14;;;11751.0;0.0
yf_ZS=F_d8;17700;ASH_COATED_OSMIUM;10096;18;10092;27;;;10102;19;10106;18;;;10099.0;0.0
yf_ZS=F_d8;17700;INTARIAN_PEPPER_ROOT;11747;9;11744;18;;;11753;20;11756;22;;;11750.0;0.0
yf_ZS=F_d8;17800;ASH_COATED_OSMIUM;10093;9;10089;18;;;10103;10;10105;17;;;10098.0;0.0
yf_ZS=F_d8;17800;INTARIAN_PEPPER_ROOT;11746;18;11742;20;;;11752;15;11755;23;;;11749.0;0.0
yf_ZS=F_d8;17900;ASH_COATED_OSMIUM;10095;23;10093;22;;;10101;12;10105;23;;;10098.0;0.0
yf_ZS=F_d8;17900;INTARIAN_PEPPER_ROOT;11741;9;11738;24;;;11758;14;11760;20;;;11749.5;0.0
yf_ZS=F_d8;18000;ASH_COATED_OSMIUM;10087;17;10084;27;;;10108;21;10112;21;;;10097.5;0.0
yf_ZS=F_d8;18000;INTARIAN_PEPPER_ROOT;11741;16;11737;18;;;11754;20;11757;20;;;11747.5;0.0
yf_ZS=F_d8;18100;ASH_COATED_OSMIUM;10091;12;10088;24;;;10105;15;10109;21;;;10098.0;0.0
yf_ZS=F_d8;18100;INTARIAN_PEPPER_ROOT;11743;12;11741;23;;;11749;16;11752;19;;;11746.0;0.0
yf_ZS=F_d8;18200;ASH_COATED_OSMIUM;10095;16;10093;17;;;10101;12;10104;13;;;10098.0;0.0
yf_ZS=F_d8;18200;INTARIAN_PEPPER_ROOT;11743;18;11739;21;;;11749;20;11751;19;;;11746.0;0.0
yf_ZS=F_d8;18300;ASH_COATED_OSMIUM;10095;11;10092;17;;;10101;12;10103;31;;;10098.0;0.0
yf_ZS=F_d8;18300;INTARIAN_PEPPER_ROOT;11736;12;11734;24;;;11754;12;11757;12;;;11745.0;0.0
yf_ZS=F_d8;18400;ASH_COATED_OSMIUM;10082;23;10078;17;;;10114;27;10116;20;;;10098.0;0.0
yf_ZS=F_d8;18400;INTARIAN_PEPPER_ROOT;11741;17;11737;21;;;11747;5;11749;18;;;11744.0;0.0
yf_ZS=F_d8;18500;ASH_COATED_OSMIUM;10095;15;10093;18;;;10102;16;10106;18;;;10098.5;0.0
yf_ZS=F_d8;18500;INTARIAN_PEPPER_ROOT;11736;17;11732;16;;;11750;17;11752;20;;;11743.0;0.0
yf_ZS=F_d8;18600;ASH_COATED_OSMIUM;10095;16;10091;24;;;10101;24;10104;16;;;10098.0;0.0
yf_ZS=F_d8;18600;INTARIAN_PEPPER_ROOT;11733;16;11730;26;;;11752;21;11756;14;;;11742.5;0.0
yf_ZS=F_d8;18700;ASH_COATED_OSMIUM;10095;16;10091;17;;;10101;7;10105;13;;;10098.0;0.0
yf_ZS=F_d8;18700;INTARIAN_PEPPER_ROOT;11738;15;11734;28;;;11744;19;11748;14;;;11741.0;0.0
yf_ZS=F_d8;18800;ASH_COATED_OSMIUM;10096;11;10094;23;;;10102;26;10106;20;;;10099.0;0.0
yf_ZS=F_d8;18800;INTARIAN_PEPPER_ROOT;11738;10;11736;23;;;11744;18;11747;17;;;11741.0;0.0
yf_ZS=F_d8;18900;ASH_COATED_OSMIUM;10095;6;10091;25;;;10101;20;10103;14;;;10098.0;0.0
yf_ZS=F_d8;18900;INTARIAN_PEPPER_ROOT;11735;15;11731;22;;;11744;5;11746;21;;;11739.5;0.0
yf_ZS=F_d8;19000;ASH_COATED_OSMIUM;10095;15;10091;14;;;10101;14;10103;17;;;10098.0;0.0
yf_ZS=F_d8;19000;INTARIAN_PEPPER_ROOT;11730;17;11728;21;;;11747;5;11750;19;;;11738.5;0.0
yf_ZS=F_d8;19100;ASH_COATED_OSMIUM;10095;8;10092;16;;;10101;8;10103;11;;;10098.0;0.0
yf_ZS=F_d8;19100;INTARIAN_PEPPER_ROOT;11735;19;11731;16;;;11741;11;11743;18;;;11738.0;0.0
yf_ZS=F_d8;19200;ASH_COATED_OSMIUM;10095;8;10093;20;;;10102;20;10106;29;;;10098.5;0.0
yf_ZS=F_d8;19200;INTARIAN_PEPPER_ROOT;11733;21;11729;23;;;11741;20;11744;28;;;11737.0;0.0
yf_ZS=F_d8;19300;ASH_COATED_OSMIUM;10094;14;10090;24;;;10104;13;10108;11;;;10099.0;0.0
yf_ZS=F_d8;19300;INTARIAN_PEPPER_ROOT;11733;18;11731;13;;;11739;14;11741;24;;;11736.0;0.0
yf_ZS=F_d8;19400;ASH_COATED_OSMIUM;10093;9;10089;26;;;10103;9;10107;16;;;10098.0;0.0
yf_ZS=F_d8;19400;INTARIAN_PEPPER_ROOT;11732;15;11728;18;;;11738;7;11740;17;;;11735.0;0.0
yf_ZS=F_d8;19500;ASH_COATED_OSMIUM;10095;9;10092;26;;;10102;11;10104;22;;;10098.5;0.0
yf_ZS=F_d8;19500;INTARIAN_PEPPER_ROOT;11722;18;11720;25;;;11747;13;11750;16;;;11734.5;0.0
yf_ZS=F_d8;19600;ASH_COATED_OSMIUM;10092;24;10088;14;;;10104;19;10107;17;;;10098.0;0.0
yf_ZS=F_d8;19600;INTARIAN_PEPPER_ROOT;11731;12;11728;24;;;11737;13;11741;22;;;11734.0;0.0
yf_ZS=F_d8;19700;ASH_COATED_OSMIUM;10095;12;10091;12;;;10101;7;10103;10;;;10098.0;0.0
yf_ZS=F_d8;19700;INTARIAN_PEPPER_ROOT;11730;7;11728;15;;;11736;28;11739;23;;;11733.0;0.0
yf_ZS=F_d8;19800;ASH_COATED_OSMIUM;10093;11;10091;22;;;10102;5;10106;25;;;10097.5;0.0
yf_ZS=F_d8;19800;INTARIAN_PEPPER_ROOT;11725;18;11722;20;;;11739;24;11742;18;;;11732.0;0.0
yf_ZS=F_d8;19900;ASH_COATED_OSMIUM;10095;21;10092;22;;;10101;21;10105;25;;;10098.0;0.0
yf_ZS=F_d8;19900;INTARIAN_PEPPER_ROOT;11728;16;11726;20;;;11735;24;11738;21;;;11731.5;0.0
yf_ZS=F_d8;20000;ASH_COATED_OSMIUM;10095;9;10091;26;;;10101;15;10103;19;;;10098.0;0.0
yf_ZS=F_d8;20000;INTARIAN_PEPPER_ROOT;11727;12;11723;27;;;11733;11;11737;19;;;11730.0;0.0
yf_ZS=F_d8;20100;ASH_COATED_OSMIUM;10094;19;10091;17;;;10103;15;10105;33;;;10098.5;0.0
yf_ZS=F_d8;20100;INTARIAN_PEPPER_ROOT;11722;6;11720;25;;;11737;8;11740;12;;;11729.5;0.0
yf_ZS=F_d8;20200;ASH_COATED_OSMIUM;10095;22;10092;23;;;10101;15;10105;19;;;10098.0;0.0
yf_ZS=F_d8;20200;INTARIAN_PEPPER_ROOT;11725;18;11722;21;;;11733;9;11735;20;;;11729.0;0.0
yf_ZS=F_d8;20300;ASH_COATED_OSMIUM;10092;12;10089;23;;;10106;16;10109;14;;;10099.0;0.0
yf_ZS=F_d8;20300;INTARIAN_PEPPER_ROOT;11725;17;11723;23;;;11731;15;11734;24;;;11728.0;0.0
yf_ZS=F_d8;20400;ASH_COATED_OSMIUM;10095;12;10092;23;;;10101;14;10105;22;;;10098.0;0.0
yf_ZS=F_d8;20400;INTARIAN_PEPPER_ROOT;11723;10;11720;21;;;11729;11;11732;21;;;11726.0;0.0
yf_ZS=F_d8;20500;ASH_COATED_OSMIUM;10095;19;10091;24;;;10101;8;10103;18;;;10098.0;0.0
yf_ZS=F_d8;20500;INTARIAN_PEPPER_ROOT;11723;17;11721;26;;;11729;16;11732;26;;;11726.0;0.0
yf_ZS=F_d8;20600;ASH_COATED_OSMIUM;10095;17;10091;13;;;10102;12;10104;23;;;10098.5;0.0
yf_ZS=F_d8;20600;INTARIAN_PEPPER_ROOT;11722;12;11720;19;;;11728;14;11731;25;;;11725.0;0.0
yf_ZS=F_d8;20700;ASH_COATED_OSMIUM;10096;9;10093;20;;;10102;8;10106;19;;;10099.0;0.0
yf_ZS=F_d8;20700;INTARIAN_PEPPER_ROOT;11708;17;11706;17;;;11741;15;11743;25;;;11724.5;0.0
yf_ZS=F_d8;20800;ASH_COATED_OSMIUM;10096;8;10092;18;;;10102;12;10104;14;;;10099.0;0.0
yf_ZS=F_d8;20800;INTARIAN_PEPPER_ROOT;11713;16;11710;10;;;11733;15;11737;18;;;11723.0;0.0
yf_ZS=F_d8;20900;ASH_COATED_OSMIUM;10095;15;10092;18;;;10101;17;10104;20;;;10098.0;0.0
yf_ZS=F_d8;20900;INTARIAN_PEPPER_ROOT;11713;20;11710;19;;;11732;14;11734;21;;;11722.5;0.0
yf_ZS=F_d8;21000;ASH_COATED_OSMIUM;10095;10;10092;20;;;10101;13;10105;26;;;10098.0;0.0
yf_ZS=F_d8;21000;INTARIAN_PEPPER_ROOT;11718;8;11714;18;;;11724;17;11726;20;;;11721.0;0.0
yf_ZS=F_d8;21100;ASH_COATED_OSMIUM;10095;23;10091;18;;;10101;15;10105;18;;;10098.0;0.0
yf_ZS=F_d8;21100;INTARIAN_PEPPER_ROOT;11718;14;11715;13;;;11724;8;11726;16;;;11721.0;0.0
yf_ZS=F_d8;21200;ASH_COATED_OSMIUM;10083;15;10079;29;;;10113;13;10117;16;;;10098.0;0.0
yf_ZS=F_d8;21200;INTARIAN_PEPPER_ROOT;11716;11;11714;26;;;11724;26;11728;18;;;11720.0;0.0
yf_ZS=F_d8;21300;ASH_COATED_OSMIUM;10095;19;10092;23;;;10101;17;10105;16;;;10098.0;0.0
yf_ZS=F_d8;21300;INTARIAN_PEPPER_ROOT;11716;14;11713;18;;;11723;8;11725;24;;;11719.5;0.0
yf_ZS=F_d8;21400;ASH_COATED_OSMIUM;10088;16;10084;23;;;10109;19;10113;16;;;10098.5;0.0
yf_ZS=F_d8;21400;INTARIAN_PEPPER_ROOT;11713;14;11711;31;;;11723;14;11726;28;;;11718.0;0.0
yf_ZS=F_d8;21500;ASH_COATED_OSMIUM;10095;15;10093;17;;;10101;12;10104;26;;;10098.0;0.0
yf_ZS=F_d8;21500;INTARIAN_PEPPER_ROOT;11714;9;11710;21;;;11720;11;11723;15;;;11717.0;0.0
yf_ZS=F_d8;21600;ASH_COATED_OSMIUM;10095;18;10092;24;;;10103;19;10105;22;;;10099.0;0.0
yf_ZS=F_d8;21600;INTARIAN_PEPPER_ROOT;11714;16;11711;20;;;11720;8;11724;20;;;11717.0;0.0
yf_ZS=F_d8;21700;ASH_COATED_OSMIUM;10095;9;10091;16;;;10103;20;10105;18;;;10099.0;0.0
yf_ZS=F_d8;21700;INTARIAN_PEPPER_ROOT;11712;14;11709;17;;;11718;10;11720;16;;;11715.0;0.0
yf_ZS=F_d8;21800;ASH_COATED_OSMIUM;10086;17;10082;16;;;10111;10;10113;19;;;10098.5;0.0
yf_ZS=F_d8;21800;INTARIAN_PEPPER_ROOT;11711;20;11708;11;;;11717;16;11721;22;;;11714.0;0.0
yf_ZS=F_d8;21900;ASH_COATED_OSMIUM;10096;20;10094;19;;;10102;18;10104;21;;;10099.0;0.0
yf_ZS=F_d8;21900;INTARIAN_PEPPER_ROOT;11711;14;11709;27;;;11717;20;11719;17;;;11714.0;0.0
yf_ZS=F_d8;22000;ASH_COATED_OSMIUM;10093;14;10091;21;;;10104;14;10108;22;;;10098.5;0.0
yf_ZS=F_d8;22000;INTARIAN_PEPPER_ROOT;11710;13;11706;16;;;11716;12;11720;19;;;11713.0;0.0
yf_ZS=F_d8;22100;ASH_COATED_OSMIUM;10095;15;10093;13;;;10101;7;10104;19;;;10098.0;0.0
yf_ZS=F_d8;22100;INTARIAN_PEPPER_ROOT;11708;20;11704;24;;;11716;18;11719;19;;;11712.0;0.0
yf_ZS=F_d8;22200;ASH_COATED_OSMIUM;10096;14;10094;34;;;10102;16;10105;22;;;10099.0;0.0
yf_ZS=F_d8;22200;INTARIAN_PEPPER_ROOT;11695;30;11691;16;;;11727;12;11730;20;;;11711.0;0.0
yf_ZS=F_d8;22300;ASH_COATED_OSMIUM;10095;21;10093;18;;;10101;14;10103;19;;;10098.0;0.0
yf_ZS=F_d8;22300;INTARIAN_PEPPER_ROOT;11707;20;11703;18;;;11713;6;11716;23;;;11710.0;0.0
yf_ZS=F_d8;22400;ASH_COATED_OSMIUM;10096;25;10092;23;;;10102;17;10106;14;;;10099.0;0.0
yf_ZS=F_d8;22400;INTARIAN_PEPPER_ROOT;11706;17;11703;19;;;11712;9;11716;17;;;11709.0;0.0
yf_ZS=F_d8;22500;ASH_COATED_OSMIUM;10095;15;10093;22;;;10101;16;10103;24;;;10098.0;0.0
yf_ZS=F_d8;22500;INTARIAN_PEPPER_ROOT;11705;10;11701;16;;;11713;17;11716;20;;;11709.0;0.0
yf_ZS=F_d8;22600;ASH_COATED_OSMIUM;10096;18;10094;14;;;10102;11;10104;18;;;10099.0;0.0
yf_ZS=F_d8;22600;INTARIAN_PEPPER_ROOT;11701;15;11697;13;;;11715;13;11719;19;;;11708.0;0.0
yf_ZS=F_d8;22700;ASH_COATED_OSMIUM;10096;22;10094;15;;;10102;12;10106;17;;;10099.0;0.0
yf_ZS=F_d8;22700;INTARIAN_PEPPER_ROOT;11700;21;11697;19;;;11715;15;11718;22;;;11707.5;0.0
yf_ZS=F_d8;22800;ASH_COATED_OSMIUM;10096;16;10093;29;;;10102;17;10104;16;;;10099.0;0.0
yf_ZS=F_d8;22800;INTARIAN_PEPPER_ROOT;11703;20;11700;21;;;11709;10;11713;22;;;11706.0;0.0
yf_ZS=F_d8;22900;ASH_COATED_OSMIUM;10095;12;10093;13;;;10101;15;10103;19;;;10098.0;0.0
yf_ZS=F_d8;22900;INTARIAN_PEPPER_ROOT;11693;13;11691;27;;;11719;13;11722;18;;;11706.0;0.0
yf_ZS=F_d8;23000;ASH_COATED_OSMIUM;10086;5;10084;27;;;10112;20;10114;30;;;10099.0;0.0
yf_ZS=F_d8;23000;INTARIAN_PEPPER_ROOT;11702;14;11699;26;;;11708;19;11711;19;;;11705.0;0.0
yf_ZS=F_d8;23100;ASH_COATED_OSMIUM;10096;11;10093;24;;;10102;16;10104;21;;;10099.0;0.0
yf_ZS=F_d8;23100;INTARIAN_PEPPER_ROOT;11698;8;11695;30;;;11709;17;11713;19;;;11703.5;0.0
yf_ZS=F_d8;23200;ASH_COATED_OSMIUM;10096;17;10092;10;;;10102;8;10105;23;;;10099.0;0.0
yf_ZS=F_d8;23200;INTARIAN_PEPPER_ROOT;11700;16;11697;24;;;11706;15;11708;16;;;11703.0;0.0
yf_ZS=F_d8;23300;ASH_COATED_OSMIUM;10092;13;10088;23;;;10104;17;10107;24;;;10098.0;0.0
yf_ZS=F_d8;23300;INTARIAN_PEPPER_ROOT;11699;13;11696;23;;;11705;8;11708;15;;;11702.0;0.0
yf_ZS=F_d8;23400;ASH_COATED_OSMIUM;10093;15;10089;16;;;10104;17;10106;23;;;10098.5;0.0
yf_ZS=F_d8;23400;INTARIAN_PEPPER_ROOT;11698;17;11695;21;;;11704;13;11706;22;;;11701.0;0.0
yf_ZS=F_d8;23500;ASH_COATED_OSMIUM;10096;15;10094;27;;;10102;19;10106;14;;;10099.0;0.0
yf_ZS=F_d8;23500;INTARIAN_PEPPER_ROOT;11697;17;11693;22;;;11703;15;11705;15;;;11700.0;0.0
yf_ZS=F_d8;23600;ASH_COATED_OSMIUM;10092;24;10088;13;;;10106;5;10108;11;;;10099.0;0.0
yf_ZS=F_d8;23600;INTARIAN_PEPPER_ROOT;11693;5;11690;21;;;11704;11;11708;15;;;11698.5;0.0
yf_ZS=F_d8;23700;ASH_COATED_OSMIUM;10091;9;10089;13;;;10105;16;10109;16;;;10098.0;0.0
yf_ZS=F_d8;23700;INTARIAN_PEPPER_ROOT;11680;15;11676;19;;;11718;17;11722;12;;;11699.0;0.0
yf_ZS=F_d8;23800;ASH_COATED_OSMIUM;10092;7;10089;17;;;10107;17;10109;21;;;10099.5;0.0
yf_ZS=F_d8;23800;INTARIAN_PEPPER_ROOT;11695;21;11692;18;;;11701;13;11703;11;;;11698.0;0.0
yf_ZS=F_d8;23900;ASH_COATED_OSMIUM;10096;26;10092;24;;;10102;22;10105;21;;;10099.0;0.0
yf_ZS=F_d8;23900;INTARIAN_PEPPER_ROOT;11693;17;11691;21;;;11699;15;11701;22;;;11696.0;0.0
yf_ZS=F_d8;24000;ASH_COATED_OSMIUM;10096;15;10094;24;;;10102;16;10104;16;;;10099.0;0.0
yf_ZS=F_d8;24000;INTARIAN_PEPPER_ROOT;11693;26;11691;16;;;11699;17;11702;22;;;11696.0;0.0
yf_ZS=F_d8;24100;ASH_COATED_OSMIUM;10091;19;10089;14;;;10105;19;10108;26;;;10098.0;0.0
yf_ZS=F_d8;24100;INTARIAN_PEPPER_ROOT;11692;11;11689;13;;;11698;12;11701;27;;;11695.0;0.0
yf_ZS=F_d8;24200;ASH_COATED_OSMIUM;10090;20;10087;11;;;10108;11;10111;29;;;10099.0;0.0
yf_ZS=F_d8;24200;INTARIAN_PEPPER_ROOT;11689;7;11685;24;;;11699;12;11701;22;;;11694.0;0.0
yf_ZS=F_d8;24300;ASH_COATED_OSMIUM;10095;14;10091;15;;;10101;15;10104;17;;;10098.0;0.0
yf_ZS=F_d8;24300;INTARIAN_PEPPER_ROOT;11689;19;11686;24;;;11698;14;11700;12;;;11693.5;0.0
yf_ZS=F_d8;24400;ASH_COATED_OSMIUM;10093;20;10091;17;;;10104;12;10107;21;;;10098.5;0.0
yf_ZS=F_d8;24400;INTARIAN_PEPPER_ROOT;11671;17;11668;20;;;11713;15;11717;16;;;11692.0;0.0
yf_ZS=F_d8;24500;ASH_COATED_OSMIUM;10095;7;10091;16;;;10102;20;10105;22;;;10098.5;0.0
yf_ZS=F_d8;24500;INTARIAN_PEPPER_ROOT;11683;13;11679;17;;;11700;18;11704;17;;;11691.5;0.0
yf_ZS=F_d8;24600;ASH_COATED_OSMIUM;10085;23;10082;16;;;10113;18;10116;21;;;10099.0;0.0
yf_ZS=F_d8;24600;INTARIAN_PEPPER_ROOT;11688;22;11684;23;;;11694;12;11697;23;;;11691.0;0.0
yf_ZS=F_d8;24700;ASH_COATED_OSMIUM;10096;13;10093;23;;;10102;15;10106;23;;;10099.0;0.0
yf_ZS=F_d8;24700;INTARIAN_PEPPER_ROOT;11688;14;11685;20;;;11694;16;11696;27;;;11691.0;0.0
yf_ZS=F_d8;24800;ASH_COATED_OSMIUM;10096;16;10093;18;;;10102;14;10106;22;;;10099.0;0.0
yf_ZS=F_d8;24800;INTARIAN_PEPPER_ROOT;11686;19;11684;23;;;11692;21;11694;15;;;11689.0;0.0
yf_ZS=F_d8;24900;ASH_COATED_OSMIUM;10095;10;10092;10;;;10102;19;10105;18;;;10098.5;0.0
yf_ZS=F_d8;24900;INTARIAN_PEPPER_ROOT;11685;9;11681;22;;;11691;12;11695;27;;;11688.0;0.0
yf_ZS=F_d8;25000;ASH_COATED_OSMIUM;10096;15;10093;26;;;10102;12;10105;17;;;10099.0;0.0
yf_ZS=F_d8;25000;INTARIAN_PEPPER_ROOT;11683;14;11681;20;;;11691;12;11695;15;;;11687.0;0.0
yf_ZS=F_d8;25100;ASH_COATED_OSMIUM;10096;13;10093;21;;;10102;12;10106;23;;;10099.0;0.0
yf_ZS=F_d8;25100;INTARIAN_PEPPER_ROOT;11683;9;11679;17;;;11689;21;11692;8;;;11686.0;0.0
yf_ZS=F_d8;25200;ASH_COATED_OSMIUM;10096;18;10092;34;;;10102;22;10106;15;;;10099.0;0.0
yf_ZS=F_d8;25200;INTARIAN_PEPPER_ROOT;11683;23;11680;19;;;11690;10;11694;19;;;11686.5;0.0
yf_ZS=F_d8;25300;ASH_COATED_OSMIUM;10096;19;10094;22;;;10102;21;10105;18;;;10099.0;0.0
yf_ZS=F_d8;25300;INTARIAN_PEPPER_ROOT;11680;18;11677;23;;;11689;15;11693;24;;;11684.5;0.0
yf_ZS=F_d8;25400;ASH_COATED_OSMIUM;10096;23;10093;24;;;10102;15;10104;21;;;10099.0;0.0
yf_ZS=F_d8;25400;INTARIAN_PEPPER_ROOT;11678;8;11674;23;;;11690;16;11694;28;;;11684.0;0.0
yf_ZS=F_d8;25500;ASH_COATED_OSMIUM;10089;16;10085;28;;;10108;11;10111;20;;;10098.5;0.0
yf_ZS=F_d8;25500;INTARIAN_PEPPER_ROOT;11680;16;11676;15;;;11686;16;11690;25;;;11683.0;0.0
yf_ZS=F_d8;25600;ASH_COATED_OSMIUM;10096;11;10092;23;;;10102;21;10104;23;;;10099.0;0.0
yf_ZS=F_d8;25600;INTARIAN_PEPPER_ROOT;11677;17;11675;19;;;11687;15;11689;30;;;11682.0;0.0
yf_ZS=F_d8;25700;ASH_COATED_OSMIUM;10096;10;10092;18;;;10102;13;10106;20;;;10099.0;0.0
yf_ZS=F_d8;25700;INTARIAN_PEPPER_ROOT;11678;6;11676;27;;;11684;11;11686;27;;;11681.0;0.0
yf_ZS=F_d8;25800;ASH_COATED_OSMIUM;10095;23;10091;17;;;10101;19;10103;16;;;10098.0;0.0
yf_ZS=F_d8;25800;INTARIAN_PEPPER_ROOT;11672;12;11668;13;;;11687;10;11689;32;;;11679.5;0.0
yf_ZS=F_d8;25900;ASH_COATED_OSMIUM;10096;18;10092;22;;;10102;10;10104;25;;;10099.0;0.0
yf_ZS=F_d8;25900;INTARIAN_PEPPER_ROOT;11677;15;11675;20;;;11683;9;11686;19;;;11680.0;0.0
yf_ZS=F_d8;26000;ASH_COATED_OSMIUM;10096;19;10093;20;;;10102;9;10106;22;;;10099.0;0.0
yf_ZS=F_d8;26000;INTARIAN_PEPPER_ROOT;11665;7;11663;25;;;11692;13;11696;24;;;11678.5;0.0
yf_ZS=F_d8;26100;ASH_COATED_OSMIUM;10089;15;10085;22;;;10108;14;10111;22;;;10098.5;0.0
yf_ZS=F_d8;26100;INTARIAN_PEPPER_ROOT;11675;17;11673;32;;;11681;20;11683;17;;;11678.0;0.0
yf_ZS=F_d8;26200;ASH_COATED_OSMIUM;10094;14;10092;26;;;10102;12;10105;19;;;10098.0;0.0
yf_ZS=F_d8;26200;INTARIAN_PEPPER_ROOT;11674;16;11671;20;;;11680;16;11684;23;;;11677.0;0.0
yf_ZS=F_d8;26300;ASH_COATED_OSMIUM;10096;15;10094;27;;;10102;10;10105;23;;;10099.0;0.0
yf_ZS=F_d8;26300;INTARIAN_PEPPER_ROOT;11673;20;11670;28;;;11679;13;11683;17;;;11676.0;0.0
yf_ZS=F_d8;26400;ASH_COATED_OSMIUM;10095;18;10092;18;;;10102;15;10105;15;;;10098.5;0.0
yf_ZS=F_d8;26400;INTARIAN_PEPPER_ROOT;11669;18;11665;15;;;11682;16;11684;21;;;11675.5;0.0
yf_ZS=F_d8;26500;ASH_COATED_OSMIUM;10096;14;10093;27;;;10102;8;10104;21;;;10099.0;0.0
yf_ZS=F_d8;26500;INTARIAN_PEPPER_ROOT;11671;19;11668;19;;;11677;10;11681;18;;;11674.0;0.0
yf_ZS=F_d8;26600;ASH_COATED_OSMIUM;10089;17;10086;19;;;10109;23;10113;23;;;10099.0;0.0
yf_ZS=F_d8;26600;INTARIAN_PEPPER_ROOT;11667;14;11663;22;;;11680;12;11682;18;;;11673.5;0.0
yf_ZS=F_d8;26700;ASH_COATED_OSMIUM;10096;16;10092;27;;;10102;18;10105;24;;;10099.0;0.0
yf_ZS=F_d8;26700;INTARIAN_PEPPER_ROOT;11669;9;11666;26;;;11675;23;11677;16;;;11672.0;0.0
yf_ZS=F_d8;26800;ASH_COATED_OSMIUM;10096;15;10093;22;;;10102;16;10105;16;;;10099.0;0.0
yf_ZS=F_d8;26800;INTARIAN_PEPPER_ROOT;11663;7;11659;10;;;11681;6;11685;24;;;11672.0;0.0
yf_ZS=F_d8;26900;ASH_COATED_OSMIUM;10096;11;10093;23;;;10102;12;10105;18;;;10099.0;0.0
yf_ZS=F_d8;26900;INTARIAN_PEPPER_ROOT;11665;19;11662;22;;;11677;15;11680;16;;;11671.0;0.0
yf_ZS=F_d8;27000;ASH_COATED_OSMIUM;10096;6;10092;18;;;10102;5;10106;17;;;10099.0;0.0
yf_ZS=F_d8;27000;INTARIAN_PEPPER_ROOT;11666;19;11664;15;;;11674;16;11676;16;;;11670.0;0.0
yf_ZS=F_d8;27100;ASH_COATED_OSMIUM;10096;11;10093;21;;;10102;12;10104;28;;;10099.0;0.0
yf_ZS=F_d8;27100;INTARIAN_PEPPER_ROOT;11666;21;11662;14;;;11672;7;11674;19;;;11669.0;0.0
yf_ZS=F_d8;27200;ASH_COATED_OSMIUM;10084;18;10081;16;;;10114;12;10117;16;;;10099.0;0.0
yf_ZS=F_d8;27200;INTARIAN_PEPPER_ROOT;11665;14;11661;21;;;11671;14;11674;23;;;11668.0;0.0
yf_ZS=F_d8;27300;ASH_COATED_OSMIUM;10089;16;10086;26;;;10109;19;10112;22;;;10099.0;0.0
yf_ZS=F_d8;27300;INTARIAN_PEPPER_ROOT;11663;9;11660;20;;;11672;10;11674;21;;;11667.5;0.0
yf_ZS=F_d8;27400;ASH_COATED_OSMIUM;10096;21;10093;32;;;10102;20;10105;13;;;10099.0;0.0
yf_ZS=F_d8;27400;INTARIAN_PEPPER_ROOT;11663;15;11659;20;;;11669;10;11671;26;;;11666.0;0.0
yf_ZS=F_d8;27500;ASH_COATED_OSMIUM;10096;6;10093;14;;;10102;24;10106;23;;;10099.0;0.0
yf_ZS=F_d8;27500;INTARIAN_PEPPER_ROOT;11663;11;11659;28;;;11669;18;11673;12;;;11666.0;0.0
yf_ZS=F_d8;27600;ASH_COATED_OSMIUM;10095;17;10093;13;;;10102;18;10106;10;;;10098.5;0.0
yf_ZS=F_d8;27600;INTARIAN_PEPPER_ROOT;11658;11;11656;26;;;11671;5;11674;21;;;11664.5;0.0
yf_ZS=F_d8;27700;ASH_COATED_OSMIUM;10094;16;10092;18;;;10105;17;10109;17;;;10099.5;0.0
yf_ZS=F_d8;27700;INTARIAN_PEPPER_ROOT;11661;17;11658;13;;;11667;13;11671;19;;;11664.0;0.0
yf_ZS=F_d8;27800;ASH_COATED_OSMIUM;10094;15;10091;14;;;10105;21;10107;13;;;10099.5;0.0
yf_ZS=F_d8;27800;INTARIAN_PEPPER_ROOT;11660;19;11656;25;;;11666;8;11668;21;;;11663.0;0.0
yf_ZS=F_d8;27900;ASH_COATED_OSMIUM;10091;19;10088;13;;;10108;28;10110;22;;;10099.5;0.0
yf_ZS=F_d8;27900;INTARIAN_PEPPER_ROOT;11659;13;11656;24;;;11665;8;11669;18;;;11662.0;0.0
yf_ZS=F_d8;28000;ASH_COATED_OSMIUM;10095;23;10093;17;;;10103;17;10107;21;;;10099.0;0.0
yf_ZS=F_d8;28000;INTARIAN_PEPPER_ROOT;11650;23;11646;17;;;11672;15;11676;22;;;11661.0;0.0
yf_ZS=F_d8;28100;ASH_COATED_OSMIUM;10096;15;10094;12;;;10102;10;10105;20;;;10099.0;0.0
yf_ZS=F_d8;28100;INTARIAN_PEPPER_ROOT;11657;9;11655;32;;;11663;22;11665;18;;;11660.0;0.0
yf_ZS=F_d8;28200;ASH_COATED_OSMIUM;10092;14;10089;20;;;10107;9;10110;21;;;10099.5;0.0
yf_ZS=F_d8;28200;INTARIAN_PEPPER_ROOT;11657;12;11653;19;;;11663;17;11665;16;;;11660.0;0.0
yf_ZS=F_d8;28300;ASH_COATED_OSMIUM;10096;16;10093;23;;;10102;16;10106;13;;;10099.0;0.0
yf_ZS=F_d8;28300;INTARIAN_PEPPER_ROOT;11644;16;11640;21;;;11674;20;11678;13;;;11659.0;0.0
yf_ZS=F_d8;28400;ASH_COATED_OSMIUM;10096;26;10092;15;;;10102;10;10106;16;;;10099.0;0.0
yf_ZS=F_d8;28400;INTARIAN_PEPPER_ROOT;11650;14;11648;19;;;11665;19;11669;32;;;11657.5;0.0
yf_ZS=F_d8;28500;ASH_COATED_OSMIUM;10096;15;10094;22;;;10102;15;10106;24;;;10099.0;0.0
yf_ZS=F_d8;28500;INTARIAN_PEPPER_ROOT;11654;15;11650;23;;;11660;14;11664;18;;;11657.0;0.0
yf_ZS=F_d8;28600;ASH_COATED_OSMIUM;10097;18;10093;20;;;10103;15;10106;20;;;10100.0;0.0
yf_ZS=F_d8;28600;INTARIAN_PEPPER_ROOT;11652;18;11649;22;;;11660;24;11664;16;;;11656.0;0.0
yf_ZS=F_d8;28700;ASH_COATED_OSMIUM;10096;8;10093;17;;;10102;10;10105;24;;;10099.0;0.0
yf_ZS=F_d8;28700;INTARIAN_PEPPER_ROOT;11653;10;11649;17;;;11659;11;11663;20;;;11656.0;0.0
yf_ZS=F_d8;28800;ASH_COATED_OSMIUM;10096;16;10092;24;;;10102;18;10106;25;;;10099.0;0.0
yf_ZS=F_d8;28800;INTARIAN_PEPPER_ROOT;11652;13;11648;18;;;11658;22;11661;16;;;11655.0;0.0
yf_ZS=F_d8;28900;ASH_COATED_OSMIUM;10096;15;10093;13;;;10102;12;10105;28;;;10099.0;0.0
yf_ZS=F_d8;28900;INTARIAN_PEPPER_ROOT;11644;17;11642;24;;;11663;19;11666;12;;;11653.5;0.0
yf_ZS=F_d8;29000;ASH_COATED_OSMIUM;10096;16;10092;25;;;10102;14;10106;18;;;10099.0;0.0
yf_ZS=F_d8;29000;INTARIAN_PEPPER_ROOT;11649;10;11646;14;;;11657;19;11659;27;;;11653.0;0.0
yf_ZS=F_d8;29100;ASH_COATED_OSMIUM;10090;12;10087;11;;;10108;15;10111;30;;;10099.0;0.0
yf_ZS=F_d8;29100;INTARIAN_PEPPER_ROOT;11641;16;11639;18;;;11663;16;11665;31;;;11652.0;0.0
yf_ZS=F_d8;29200;ASH_COATED_OSMIUM;10096;20;10094;18;;;10102;6;10106;11;;;10099.0;0.0
yf_ZS=F_d8;29200;INTARIAN_PEPPER_ROOT;11648;11;11644;21;;;11654;18;11656;15;;;11651.0;0.0
yf_ZS=F_d8;29300;ASH_COATED_OSMIUM;10092;21;10090;22;;;10106;15;10110;19;;;10099.0;0.0
yf_ZS=F_d8;29300;INTARIAN_PEPPER_ROOT;11646;19;11643;31;;;11652;22;11656;17;;;11649.0;0.0
yf_ZS=F_d8;29400;ASH_COATED_OSMIUM;10096;15;10094;25;;;10102;16;10104;22;;;10099.0;0.0
yf_ZS=F_d8;29400;INTARIAN_PEPPER_ROOT;11647;12;11644;21;;;11653;13;11657;17;;;11650.0;0.0
yf_ZS=F_d8;29500;ASH_COATED_OSMIUM;10095;16;10093;19;;;10103;7;10105;16;;;10099.0;0.0
yf_ZS=F_d8;29500;INTARIAN_PEPPER_ROOT;11642;18;11639;24;;;11655;17;11658;13;;;11648.5;0.0
yf_ZS=F_d8;29600;ASH_COATED_OSMIUM;10096;11;10092;16;;;10102;21;10105;28;;;10099.0;0.0
yf_ZS=F_d8;29600;INTARIAN_PEPPER_ROOT;11644;13;11641;20;;;11653;16;11656;13;;;11648.5;0.0
yf_ZS=F_d8;29700;ASH_COATED_OSMIUM;10096;8;10092;24;;;10102;16;10106;17;;;10099.0;0.0
yf_ZS=F_d8;29700;INTARIAN_PEPPER_ROOT;11639;15;11637;18;;;11655;18;11658;19;;;11647.0;0.0
yf_ZS=F_d8;29800;ASH_COATED_OSMIUM;10096;19;10092;12;;;10102;13;10104;24;;;10099.0;0.0
yf_ZS=F_d8;29800;INTARIAN_PEPPER_ROOT;11643;17;11641;24;;;11649;19;11652;13;;;11646.0;0.0
yf_ZS=F_d8;29900;ASH_COATED_OSMIUM;10096;12;10094;15;;;10102;5;10106;20;;;10099.0;0.0
yf_ZS=F_d8;29900;INTARIAN_PEPPER_ROOT;11635;17;11632;21;;;11654;10;11656;21;;;11644.5;0.0
yf_ZS=F_d8;30000;ASH_COATED_OSMIUM;10096;26;10094;19;;;10102;17;10106;30;;;10099.0;0.0
yf_ZS=F_d8;30000;INTARIAN_PEPPER_ROOT;11637;10;11634;24;;;11652;7;11655;21;;;11644.5;0.0
yf_ZS=F_d8;30100;ASH_COATED_OSMIUM;10096;14;10092;19;;;10102;25;10104;21;;;10099.0;0.0
yf_ZS=F_d8;30100;INTARIAN_PEPPER_ROOT;11638;6;11634;24;;;11649;16;11651;17;;;11643.5;0.0
yf_ZS=F_d8;30200;ASH_COATED_OSMIUM;10081;10;10077;23;;;10118;15;10121;20;;;10099.5;0.0
yf_ZS=F_d8;30200;INTARIAN_PEPPER_ROOT;11640;17;11636;10;;;11646;15;11649;22;;;11643.0;0.0
yf_ZS=F_d8;30300;ASH_COATED_OSMIUM;10096;18;10093;22;;;10102;17;10104;22;;;10099.0;0.0
yf_ZS=F_d8;30300;INTARIAN_PEPPER_ROOT;11638;12;11635;22;;;11644;18;11648;13;;;11641.0;0.0
yf_ZS=F_d8;30400;ASH_COATED_OSMIUM;10097;5;10095;23;;;10103;18;10107;28;;;10100.0;0.0
yf_ZS=F_d8;30400;INTARIAN_PEPPER_ROOT;11633;23;11630;22;;;11647;26;11649;23;;;11640.0;0.0
yf_ZS=F_d8;30500;ASH_COATED_OSMIUM;10097;10;10095;24;;;10103;14;10107;22;;;10100.0;0.0
yf_ZS=F_d8;30500;INTARIAN_PEPPER_ROOT;11637;12;11634;21;;;11643;18;11646;17;;;11640.0;0.0
yf_ZS=F_d8;30600;ASH_COATED_OSMIUM;10096;13;10092;19;;;10102;24;10105;24;;;10099.0;0.0
yf_ZS=F_d8;30600;INTARIAN_PEPPER_ROOT;11636;12;11633;15;;;11642;15;11646;15;;;11639.0;0.0
yf_ZS=F_d8;30700;ASH_COATED_OSMIUM;10089;15;10085;20;;;10109;12;10112;25;;;10099.0;0.0
yf_ZS=F_d8;30700;INTARIAN_PEPPER_ROOT;11634;21;11631;18;;;11643;9;11646;25;;;11638.5;0.0
yf_ZS=F_d8;30800;ASH_COATED_OSMIUM;10088;13;10084;23;;;10111;16;10114;25;;;10099.5;0.0
yf_ZS=F_d8;30800;INTARIAN_PEPPER_ROOT;11634;10;11632;22;;;11640;18;11642;17;;;11637.0;0.0
yf_ZS=F_d8;30900;ASH_COATED_OSMIUM;10096;15;10092;14;;;10102;13;10106;22;;;10099.0;0.0
yf_ZS=F_d8;30900;INTARIAN_PEPPER_ROOT;11634;8;11630;17;;;11640;19;11643;23;;;11637.0;0.0
yf_ZS=F_d8;31000;ASH_COATED_OSMIUM;10095;12;10091;10;;;10104;15;10106;23;;;10099.5;0.0
yf_ZS=F_d8;31000;INTARIAN_PEPPER_ROOT;11627;18;11623;17;;;11646;14;11649;25;;;11636.5;0.0
yf_ZS=F_d8;31100;ASH_COATED_OSMIUM;10096;12;10093;23;;;10102;24;10106;26;;;10099.0;0.0
yf_ZS=F_d8;31100;INTARIAN_PEPPER_ROOT;11631;12;11629;17;;;11638;15;11641;12;;;11634.5;0.0
yf_ZS=F_d8;31200;ASH_COATED_OSMIUM;10096;11;10092;26;;;10102;12;10105;12;;;10099.0;0.0
yf_ZS=F_d8;31200;INTARIAN_PEPPER_ROOT;11631;24;11627;25;;;11637;24;11639;21;;;11634.0;0.0
yf_ZS=F_d8;31300;ASH_COATED_OSMIUM;10091;16;10087;24;;;10107;16;10111;20;;;10099.0;0.0
yf_ZS=F_d8;31300;INTARIAN_PEPPER_ROOT;11630;13;11628;20;;;11636;19;11640;22;;;11633.0;0.0
yf_ZS=F_d8;31400;ASH_COATED_OSMIUM;10096;19;10092;9;;;10102;10;10105;28;;;10099.0;0.0
yf_ZS=F_d8;31400;INTARIAN_PEPPER_ROOT;11629;27;11626;22;;;11635;13;11639;31;;;11632.0;0.0
yf_ZS=F_d8;31500;ASH_COATED_OSMIUM;10096;13;10093;15;;;10103;10;10105;14;;;10099.5;0.0
yf_ZS=F_d8;31500;INTARIAN_PEPPER_ROOT;11618;16;11616;21;;;11644;7;11646;22;;;11631.0;0.0
yf_ZS=F_d8;31600;ASH_COATED_OSMIUM;10096;11;10093;27;;;10102;12;10105;13;;;10099.0;0.0
yf_ZS=F_d8;31600;INTARIAN_PEPPER_ROOT;11628;23;11624;21;;;11634;18;11638;19;;;11631.0;0.0
yf_ZS=F_d8;31700;ASH_COATED_OSMIUM;10096;17;10092;26;;;10102;14;10106;23;;;10099.0;0.0
yf_ZS=F_d8;31700;INTARIAN_PEPPER_ROOT;11626;10;11622;22;;;11632;14;11636;13;;;11629.0;0.0
yf_ZS=F_d8;31800;ASH_COATED_OSMIUM;10095;8;10092;18;;;10104;18;10106;25;;;10099.5;0.0
yf_ZS=F_d8;31800;INTARIAN_PEPPER_ROOT;11626;11;11624;18;;;11632;20;11636;26;;;11629.0;0.0
yf_ZS=F_d8;31900;ASH_COATED_OSMIUM;10081;5;10078;21;;;10119;16;10121;16;;;10100.0;0.0
yf_ZS=F_d8;31900;INTARIAN_PEPPER_ROOT;11619;15;11615;14;;;11636;23;11638;27;;;11627.5;0.0
yf_ZS=F_d8;32000;ASH_COATED_OSMIUM;10096;11;10093;9;;;10102;11;10105;15;;;10099.0;0.0
yf_ZS=F_d8;32000;INTARIAN_PEPPER_ROOT;11624;17;11622;21;;;11630;12;11632;18;;;11627.0;0.0
yf_ZS=F_d8;32100;ASH_COATED_OSMIUM;10096;25;10093;22;;;10102;7;10104;19;;;10099.0;0.0
yf_ZS=F_d8;32100;INTARIAN_PEPPER_ROOT;11623;18;11621;18;;;11629;5;11633;24;;;11626.0;0.0
yf_ZS=F_d8;32200;ASH_COATED_OSMIUM;10096;13;10094;23;;;10104;20;10108;19;;;10100.0;0.0
yf_ZS=F_d8;32200;INTARIAN_PEPPER_ROOT;11620;18;11616;21;;;11631;16;11634;8;;;11625.5;0.0
yf_ZS=F_d8;32300;ASH_COATED_OSMIUM;10096;17;10093;17;;;10102;19;10104;22;;;10099.0;0.0
yf_ZS=F_d8;32300;INTARIAN_PEPPER_ROOT;11621;13;11618;17;;;11629;8;11633;23;;;11625.0;0.0
yf_ZS=F_d8;32400;ASH_COATED_OSMIUM;10094;8;10092;20;;;10104;17;10107;12;;;10099.0;0.0
yf_ZS=F_d8;32400;INTARIAN_PEPPER_ROOT;11620;22;11618;21;;;11626;23;11628;19;;;11623.0;0.0
yf_ZS=F_d8;32500;ASH_COATED_OSMIUM;10095;12;10092;16;;;10105;19;10107;21;;;10100.0;0.0
yf_ZS=F_d8;32500;INTARIAN_PEPPER_ROOT;11619;28;11616;26;;;11625;14;11628;19;;;11622.0;0.0
yf_ZS=F_d8;32600;ASH_COATED_OSMIUM;10095;14;10093;24;;;10102;14;10106;21;;;10098.5;0.0
yf_ZS=F_d8;32600;INTARIAN_PEPPER_ROOT;11619;10;11616;18;;;11625;12;11629;14;;;11622.0;0.0
yf_ZS=F_d8;32700;ASH_COATED_OSMIUM;10095;18;10091;18;;;10103;12;10106;15;;;10099.0;0.0
yf_ZS=F_d8;32700;INTARIAN_PEPPER_ROOT;11618;13;11614;25;;;11624;17;11628;12;;;11621.0;0.0
yf_ZS=F_d8;32800;ASH_COATED_OSMIUM;10096;20;10093;19;;;10102;12;10105;22;;;10099.0;0.0
yf_ZS=F_d8;32800;INTARIAN_PEPPER_ROOT;11618;15;11616;16;;;11624;18;11627;14;;;11621.0;0.0
yf_ZS=F_d8;32900;ASH_COATED_OSMIUM;10097;12;10095;22;;;10103;11;10106;20;;;10100.0;0.0
yf_ZS=F_d8;32900;INTARIAN_PEPPER_ROOT;11610;17;11606;18;;;11629;12;11633;16;;;11619.5;0.0
yf_ZS=F_d8;33000;ASH_COATED_OSMIUM;10096;16;10093;22;;;10102;7;10104;10;;;10099.0;0.0
yf_ZS=F_d8;33000;INTARIAN_PEPPER_ROOT;11615;11;11613;11;;;11621;14;11625;24;;;11618.0;0.0
yf_ZS=F_d8;33100;ASH_COATED_OSMIUM;10097;15;10093;15;;;10103;17;10107;20;;;10100.0;0.0
yf_ZS=F_d8;33100;INTARIAN_PEPPER_ROOT;11614;14;11611;26;;;11620;25;11624;17;;;11617.0;0.0
yf_ZS=F_d8;33200;ASH_COATED_OSMIUM;10096;7;10092;19;;;10102;13;10106;16;;;10099.0;0.0
yf_ZS=F_d8;33200;INTARIAN_PEPPER_ROOT;11612;15;11610;20;;;11622;18;11625;21;;;11617.0;0.0
yf_ZS=F_d8;33300;ASH_COATED_OSMIUM;10096;13;10092;17;;;10102;17;10106;17;;;10099.0;0.0
yf_ZS=F_d8;33300;INTARIAN_PEPPER_ROOT;11613;15;11609;19;;;11619;22;11622;20;;;11616.0;0.0
yf_ZS=F_d8;33400;ASH_COATED_OSMIUM;10096;16;10093;18;;;10104;20;10108;12;;;10100.0;0.0
yf_ZS=F_d8;33400;INTARIAN_PEPPER_ROOT;11605;14;11601;20;;;11626;13;11630;24;;;11615.5;0.0
yf_ZS=F_d8;33500;ASH_COATED_OSMIUM;10091;23;10088;14;;;10107;23;10111;21;;;10099.0;0.0
yf_ZS=F_d8;33500;INTARIAN_PEPPER_ROOT;11609;13;11607;18;;;11620;8;11624;20;;;11614.5;0.0
yf_ZS=F_d8;33600;ASH_COATED_OSMIUM;10096;23;10093;21;;;10102;10;10106;8;;;10099.0;0.0
yf_ZS=F_d8;33600;INTARIAN_PEPPER_ROOT;11607;5;11603;20;;;11619;15;11621;18;;;11613.0;0.0
yf_ZS=F_d8;33700;ASH_COATED_OSMIUM;10097;13;10094;30;;;10103;13;10107;12;;;10100.0;0.0
yf_ZS=F_d8;33700;INTARIAN_PEPPER_ROOT;11609;5;11607;22;;;11615;19;11617;18;;;11612.0;0.0
yf_ZS=F_d8;33800;ASH_COATED_OSMIUM;10095;17;10093;16;;;10103;18;10105;16;;;10099.0;0.0
yf_ZS=F_d8;33800;INTARIAN_PEPPER_ROOT;11608;14;11604;16;;;11614;17;11617;20;;;11611.0;0.0
yf_ZS=F_d8;33900;ASH_COATED_OSMIUM;10096;13;10092;21;;;10102;17;10105;13;;;10099.0;0.0
yf_ZS=F_d8;33900;INTARIAN_PEPPER_ROOT;11608;12;11605;18;;;11614;17;11617;15;;;11611.0;0.0
yf_ZS=F_d8;34000;ASH_COATED_OSMIUM;10097;16;10093;12;;;10103;14;10107;16;;;10100.0;0.0
yf_ZS=F_d8;34000;INTARIAN_PEPPER_ROOT;11604;18;11602;16;;;11610;18;11614;19;;;11607.0;0.0
yf_ZS=F_d8;34100;ASH_COATED_OSMIUM;10092;15;10090;22;;;10106;17;10110;17;;;10099.0;0.0
yf_ZS=F_d8;34100;INTARIAN_PEPPER_ROOT;11602;10;11600;17;;;11608;8;11612;19;;;11605.0;0.0
yf_ZS=F_d8;34200;ASH_COATED_OSMIUM;10096;21;10094;30;;;10103;15;10105;20;;;10099.5;0.0
yf_ZS=F_d8;34200;INTARIAN_PEPPER_ROOT;11595;17;11592;20;;;11607;16;11609;25;;;11601.0;0.0
yf_ZS=F_d8;34300;ASH_COATED_OSMIUM;10094;13;10090;25;;;10106;14;10108;18;;;10100.0;0.0
yf_ZS=F_d8;34300;INTARIAN_PEPPER_ROOT;11594;8;11590;18;;;11600;19;11602;26;;;11597.0;0.0
yf_ZS=F_d8;34400;ASH_COATED_OSMIUM;10088;12;10086;16;;;10111;21;10114;21;;;10099.5;0.0
yf_ZS=F_d8;34400;INTARIAN_PEPPER_ROOT;11591;18;11589;20;;;11597;21;11599;11;;;11594.0;0.0
yf_ZS=F_d8;34500;ASH_COATED_OSMIUM;10096;14;10094;18;;;10102;13;10106;13;;;10099.0;0.0
yf_ZS=F_d8;34500;INTARIAN_PEPPER_ROOT;11587;17;11585;19;;;11593;5;11597;23;;;11590.0;0.0
yf_ZS=F_d8;34600;ASH_COATED_OSMIUM;10096;18;10094;8;;;10102;23;10106;26;;;10099.0;0.0
yf_ZS=F_d8;34600;INTARIAN_PEPPER_ROOT;11585;15;11582;16;;;11591;11;11594;21;;;11588.0;0.0
yf_ZS=F_d8;34700;ASH_COATED_OSMIUM;10081;9;10078;23;;;10118;23;10121;13;;;10099.5;0.0
yf_ZS=F_d8;34700;INTARIAN_PEPPER_ROOT;11582;8;11579;18;;;11588;17;11591;22;;;11585.0;0.0
yf_ZS=F_d8;34800;ASH_COATED_OSMIUM;10094;6;10090;19;;;10103;14;10106;14;;;10098.5;0.0
yf_ZS=F_d8;34800;INTARIAN_PEPPER_ROOT;11578;10;11574;19;;;11584;5;11588;12;;;11581.0;0.0
yf_ZS=F_d8;34900;ASH_COATED_OSMIUM;10097;7;10095;19;;;10103;17;10105;24;;;10100.0;0.0
yf_ZS=F_d8;34900;INTARIAN_PEPPER_ROOT;11575;15;11572;27;;;11581;5;11585;15;;;11578.0;0.0
yf_ZS=F_d8;35000;ASH_COATED_OSMIUM;10095;13;10091;22;;;10101;16;10104;21;;;10098.0;0.0
yf_ZS=F_d8;35000;INTARIAN_PEPPER_ROOT;11569;9;11565;23;;;11580;6;11583;24;;;11574.5;0.0
yf_ZS=F_d8;35100;ASH_COATED_OSMIUM;10096;15;10094;20;;;10102;5;10104;24;;;10099.0;0.0
yf_ZS=F_d8;35100;INTARIAN_PEPPER_ROOT;11554;8;11551;11;;;11589;20;11592;24;;;11571.5;0.0
yf_ZS=F_d8;35200;ASH_COATED_OSMIUM;10096;25;10093;15;;;10102;9;10104;28;;;10099.0;0.0
yf_ZS=F_d8;35200;INTARIAN_PEPPER_ROOT;11565;12;11562;15;;;11571;15;11574;26;;;11568.0;0.0
yf_ZS=F_d8;35300;ASH_COATED_OSMIUM;10088;21;10086;15;;;10111;20;10115;19;;;10099.5;0.0
yf_ZS=F_d8;35300;INTARIAN_PEPPER_ROOT;11561;21;11557;15;;;11567;11;11571;23;;;11564.0;0.0
yf_ZS=F_d8;35400;ASH_COATED_OSMIUM;10095;17;10091;16;;;10104;13;10107;14;;;10099.5;0.0
yf_ZS=F_d8;35400;INTARIAN_PEPPER_ROOT;11559;14;11555;29;;;11565;18;11568;15;;;11562.0;0.0
yf_ZS=F_d8;35500;ASH_COATED_OSMIUM;10093;24;10090;21;;;10105;9;10109;18;;;10099.0;0.0
yf_ZS=F_d8;35500;INTARIAN_PEPPER_ROOT;11555;11;11551;27;;;11561;8;11564;18;;;11558.0;0.0
yf_ZS=F_d8;35600;ASH_COATED_OSMIUM;10095;15;10092;20;;;10101;14;10103;19;;;10098.0;0.0
yf_ZS=F_d8;35600;INTARIAN_PEPPER_ROOT;11552;15;11549;23;;;11558;23;11561;15;;;11555.0;0.0
yf_ZS=F_d8;35700;ASH_COATED_OSMIUM;10096;20;10094;14;;;10102;16;10104;24;;;10099.0;0.0
yf_ZS=F_d8;35700;INTARIAN_PEPPER_ROOT;11546;17;11543;26;;;11559;7;11562;14;;;11552.5;0.0
yf_ZS=F_d8;35800;ASH_COATED_OSMIUM;10095;11;10091;17;;;10101;16;10103;15;;;10098.0;0.0
yf_ZS=F_d8;35800;INTARIAN_PEPPER_ROOT;11546;15;11543;25;;;11552;15;11556;25;;;11549.0;0.0
yf_ZS=F_d8;35900;ASH_COATED_OSMIUM;10083;7;10080;10;;;10114;11;10116;18;;;10098.5;0.0
yf_ZS=F_d8;35900;INTARIAN_PEPPER_ROOT;11542;6;11540;19;;;11550;24;11552;25;;;11546.0;0.0
yf_ZS=F_d8;36000;ASH_COATED_OSMIUM;10096;17;10092;20;;;10102;18;10106;21;;;10099.0;0.0
yf_ZS=F_d8;36000;INTARIAN_PEPPER_ROOT;11539;10;11535;15;;;11545;14;11547;22;;;11542.0;0.0
yf_ZS=F_d8;36100;ASH_COATED_OSMIUM;10095;19;10092;18;;;10102;10;10106;22;;;10098.5;0.0
yf_ZS=F_d8;36100;INTARIAN_PEPPER_ROOT;11528;21;11525;23;;;11550;22;11552;18;;;11539.0;0.0
yf_ZS=F_d8;36200;ASH_COATED_OSMIUM;10095;5;10091;16;;;10101;20;10105;15;;;10098.0;0.0
yf_ZS=F_d8;36200;INTARIAN_PEPPER_ROOT;11526;17;11522;16;;;11544;19;11547;16;;;11535.0;0.0
yf_ZS=F_d8;36300;ASH_COATED_OSMIUM;10094;13;10090;19;;;10102;15;10104;19;;;10098.0;0.0
yf_ZS=F_d8;36300;INTARIAN_PEPPER_ROOT;11529;15;11525;22;;;11535;19;11537;22;;;11532.0;0.0
yf_ZS=F_d8;36400;ASH_COATED_OSMIUM;10094;18;10091;24;;;10100;8;10104;19;;;10097.0;0.0
yf_ZS=F_d8;36400;INTARIAN_PEPPER_ROOT;11526;12;11522;28;;;11532;18;11534;29;;;11529.0;0.0
yf_ZS=F_d8;36500;ASH_COATED_OSMIUM;10080;15;10076;26;;;10117;11;10120;19;;;10098.5;0.0
yf_ZS=F_d8;36500;INTARIAN_PEPPER_ROOT;11522;12;11518;16;;;11528;15;11531;12;;;11525.0;0.0
yf_ZS=F_d8;36600;ASH_COATED_OSMIUM;10091;14;10088;19;;;10104;22;10107;23;;;10097.5;0.0
yf_ZS=F_d8;36600;INTARIAN_PEPPER_ROOT;11515;20;11513;25;;;11529;19;11532;10;;;11522.0;0.0
yf_ZS=F_d8;36700;ASH_COATED_OSMIUM;10095;17;10091;20;;;10101;5;10104;17;;;10098.0;0.0
yf_ZS=F_d8;36700;INTARIAN_PEPPER_ROOT;11514;15;11511;16;;;11526;22;11528;24;;;11520.0;0.0
yf_ZS=F_d8;36800;ASH_COATED_OSMIUM;10095;13;10091;12;;;10101;13;10104;16;;;10098.0;0.0
yf_ZS=F_d8;36800;INTARIAN_PEPPER_ROOT;11513;7;11509;20;;;11519;26;11523;24;;;11516.0;0.0
yf_ZS=F_d8;36900;ASH_COATED_OSMIUM;10095;23;10091;26;;;10101;18;10104;23;;;10098.0;0.0
yf_ZS=F_d8;36900;INTARIAN_PEPPER_ROOT;11510;12;11508;21;;;11516;15;11518;20;;;11513.0;0.0
yf_ZS=F_d8;37000;ASH_COATED_OSMIUM;10095;11;10093;13;;;10101;11;10103;14;;;10098.0;0.0
yf_ZS=F_d8;37000;INTARIAN_PEPPER_ROOT;11507;14;11505;23;;;11513;11;11517;21;;;11510.0;0.0
yf_ZS=F_d8;37100;ASH_COATED_OSMIUM;10094;14;10092;29;;;10100;22;10104;17;;;10097.0;0.0
yf_ZS=F_d8;37100;INTARIAN_PEPPER_ROOT;11503;16;11500;26;;;11509;7;11513;28;;;11506.0;0.0
yf_ZS=F_d8;37200;ASH_COATED_OSMIUM;10095;7;10091;18;;;10101;19;10103;16;;;10098.0;0.0
yf_ZS=F_d8;37200;INTARIAN_PEPPER_ROOT;11500;9;11498;16;;;11506;16;11508;21;;;11503.0;0.0
yf_ZS=F_d8;37300;ASH_COATED_OSMIUM;10095;19;10092;25;;;10101;15;10103;20;;;10098.0;0.0
yf_ZS=F_d8;37300;INTARIAN_PEPPER_ROOT;11494;10;11490;12;;;11506;21;11510;24;;;11500.0;0.0
yf_ZS=F_d8;37400;ASH_COATED_OSMIUM;10094;7;10092;26;;;10101;16;10104;18;;;10097.5;0.0
yf_ZS=F_d8;37400;INTARIAN_PEPPER_ROOT;11493;14;11491;18;;;11499;29;11503;13;;;11496.0;0.0
yf_ZS=F_d8;37500;ASH_COATED_OSMIUM;10089;14;10085;22;;;10106;11;10110;20;;;10097.5;0.0
yf_ZS=F_d8;37500;INTARIAN_PEPPER_ROOT;11491;18;11489;17;;;11497;5;11499;16;;;11494.0;0.0
yf_ZS=F_d8;37600;ASH_COATED_OSMIUM;10093;18;10091;24;;;10102;7;10105;12;;;10097.5;0.0
yf_ZS=F_d8;37600;INTARIAN_PEPPER_ROOT;11474;11;11470;19;;;11506;22;11509;32;;;11490.0;0.0
yf_ZS=F_d8;37700;ASH_COATED_OSMIUM;10093;19;10089;14;;;10101;16;10103;24;;;10097.0;0.0
yf_ZS=F_d8;37700;INTARIAN_PEPPER_ROOT;11477;13;11475;20;;;11495;13;11498;15;;;11486.0;0.0
yf_ZS=F_d8;37800;ASH_COATED_OSMIUM;10087;10;10084;25;;;10107;21;10111;17;;;10097.0;0.0
yf_ZS=F_d8;37800;INTARIAN_PEPPER_ROOT;11480;17;11478;19;;;11486;8;11490;14;;;11483.0;0.0
yf_ZS=F_d8;37900;ASH_COATED_OSMIUM;10094;20;10091;26;;;10100;18;10104;13;;;10097.0;0.0
yf_ZS=F_d8;37900;INTARIAN_PEPPER_ROOT;11477;23;11474;17;;;11483;14;11486;22;;;11480.0;0.0
yf_ZS=F_d8;38000;ASH_COATED_OSMIUM;10089;30;10086;18;;;10105;16;10108;9;;;10097.0;0.0
yf_ZS=F_d8;38000;INTARIAN_PEPPER_ROOT;11474;15;11472;14;;;11481;17;11483;17;;;11477.5;0.0
yf_ZS=F_d8;38100;ASH_COATED_OSMIUM;10094;18;10091;23;;;10100;25;10102;9;;;10097.0;0.0
yf_ZS=F_d8;38100;INTARIAN_PEPPER_ROOT;11470;19;11467;31;;;11476;7;11479;15;;;11473.0;0.0
yf_ZS=F_d8;38200;ASH_COATED_OSMIUM;10088;20;10086;18;;;10107;26;10110;17;;;10097.5;0.0
yf_ZS=F_d8;38200;INTARIAN_PEPPER_ROOT;11468;13;11465;24;;;11474;13;11478;18;;;11471.0;0.0
yf_ZS=F_d8;38300;ASH_COATED_OSMIUM;10092;9;10088;25;;;10100;16;10103;26;;;10096.0;0.0
yf_ZS=F_d8;38300;INTARIAN_PEPPER_ROOT;11457;10;11454;32;;;11476;26;11479;31;;;11466.5;0.0
yf_ZS=F_d8;38400;ASH_COATED_OSMIUM;10094;16;10090;22;;;10100;16;10102;23;;;10097.0;0.0
yf_ZS=F_d8;38400;INTARIAN_PEPPER_ROOT;11461;12;11457;8;;;11467;20;11469;26;;;11464.0;0.0
yf_ZS=F_d8;38500;ASH_COATED_OSMIUM;10090;23;10086;17;;;10103;18;10106;23;;;10096.5;0.0
yf_ZS=F_d8;38500;INTARIAN_PEPPER_ROOT;11458;22;11456;26;;;11464;12;11468;18;;;11461.0;0.0
yf_ZS=F_d8;38600;ASH_COATED_OSMIUM;10090;8;10088;19;;;10103;10;10105;26;;;10096.5;0.0
yf_ZS=F_d8;38600;INTARIAN_PEPPER_ROOT;11447;12;11444;20;;;11467;15;11469;19;;;11457.0;0.0
yf_ZS=F_d8;38700;ASH_COATED_OSMIUM;10094;18;10091;28;;;10100;5;10102;18;;;10097.0;0.0
yf_ZS=F_d8;38700;INTARIAN_PEPPER_ROOT;11451;5;11448;22;;;11457;9;11461;21;;;11454.0;0.0
yf_ZS=F_d8;38800;ASH_COATED_OSMIUM;10094;5;10091;29;;;10100;13;10104;22;;;10097.0;0.0
yf_ZS=F_d8;38800;INTARIAN_PEPPER_ROOT;11448;20;11444;11;;;11455;7;11457;20;;;11451.5;0.0
yf_ZS=F_d8;38900;ASH_COATED_OSMIUM;10094;14;10091;14;;;10100;11;10103;21;;;10097.0;0.0
yf_ZS=F_d8;38900;INTARIAN_PEPPER_ROOT;11445;19;11441;20;;;11451;15;11455;18;;;11448.0;0.0
yf_ZS=F_d8;39000;ASH_COATED_OSMIUM;10094;14;10091;12;;;10100;22;10103;23;;;10097.0;0.0
yf_ZS=F_d8;39000;INTARIAN_PEPPER_ROOT;11438;9;11434;19;;;11450;16;11452;22;;;11444.0;0.0
yf_ZS=F_d8;39100;ASH_COATED_OSMIUM;10090;15;10087;20;;;10103;13;10107;18;;;10096.5;0.0
yf_ZS=F_d8;39100;INTARIAN_PEPPER_ROOT;11435;15;11431;16;;;11447;17;11450;18;;;11441.0;0.0
yf_ZS=F_d8;39200;ASH_COATED_OSMIUM;10093;11;10090;22;;;10099;6;10101;22;;;10096.0;0.0
yf_ZS=F_d8;39200;INTARIAN_PEPPER_ROOT;11433;24;11430;14;;;11442;17;11446;20;;;11437.5;0.0
yf_ZS=F_d8;39300;ASH_COATED_OSMIUM;10094;16;10091;12;;;10100;14;10102;14;;;10097.0;0.0
yf_ZS=F_d8;39300;INTARIAN_PEPPER_ROOT;11431;14;11427;19;;;11437;15;11441;16;;;11434.0;0.0
yf_ZS=F_d8;39400;ASH_COATED_OSMIUM;10093;10;10090;21;;;10099;15;10102;15;;;10096.0;0.0
yf_ZS=F_d8;39400;INTARIAN_PEPPER_ROOT;11426;13;11424;19;;;11437;6;11439;12;;;11431.5;0.0
yf_ZS=F_d8;39500;ASH_COATED_OSMIUM;10094;10;10091;18;;;10100;15;10102;26;;;10097.0;0.0
yf_ZS=F_d8;39500;INTARIAN_PEPPER_ROOT;11425;16;11422;21;;;11431;11;11435;15;;;11428.0;0.0
yf_ZS=F_d8;39600;ASH_COATED_OSMIUM;10081;10;10078;25;;;10111;15;10115;24;;;10096.0;0.0
yf_ZS=F_d8;39600;INTARIAN_PEPPER_ROOT;11417;9;11413;13;;;11431;18;11434;20;;;11424.0;0.0
yf_ZS=F_d8;39700;ASH_COATED_OSMIUM;10083;15;10079;19;;;10109;13;10113;17;;;10096.0;0.0
yf_ZS=F_d8;39700;INTARIAN_PEPPER_ROOT;11419;5;11416;18;;;11425;22;11427;20;;;11422.0;0.0
yf_ZS=F_d8;39800;ASH_COATED_OSMIUM;10094;8;10090;18;;;10100;8;10102;25;;;10097.0;0.0
yf_ZS=F_d8;39800;INTARIAN_PEPPER_ROOT;11415;25;11411;21;;;11421;8;11425;21;;;11418.0;0.0
yf_ZS=F_d8;39900;ASH_COATED_OSMIUM;10093;19;10090;13;;;10099;26;10101;22;;;10096.0;0.0
yf_ZS=F_d8;39900;INTARIAN_PEPPER_ROOT;11411;20;11407;16;;;11418;13;11422;21;;;11414.5;0.0
yf_ZS=F_d8;40000;ASH_COATED_OSMIUM;10093;9;10090;9;;;10099;14;10102;20;;;10096.0;0.0
yf_ZS=F_d8;40000;INTARIAN_PEPPER_ROOT;11398;15;11396;11;;;11426;18;11429;13;;;11412.0;0.0
yf_ZS=F_d8;40100;ASH_COATED_OSMIUM;10090;12;10087;26;;;10102;8;10105;14;;;10096.0;0.0
yf_ZS=F_d8;40100;INTARIAN_PEPPER_ROOT;11399;17;11397;19;;;11419;18;11421;14;;;11409.0;0.0
yf_ZS=F_d8;40200;ASH_COATED_OSMIUM;10090;16;10087;15;;;10103;9;10107;18;;;10096.5;0.0
yf_ZS=F_d8;40200;INTARIAN_PEPPER_ROOT;11391;15;11387;21;;;11419;20;11421;25;;;11405.0;0.0
yf_ZS=F_d8;40300;ASH_COATED_OSMIUM;10093;13;10090;15;;;10100;17;10102;22;;;10096.5;0.0
yf_ZS=F_d8;40300;INTARIAN_PEPPER_ROOT;11390;8;11388;15;;;11414;10;11417;20;;;11402.0;0.0
yf_ZS=F_d8;40400;ASH_COATED_OSMIUM;10088;10;10085;19;;;10103;16;10105;21;;;10095.5;0.0
yf_ZS=F_d8;40400;INTARIAN_PEPPER_ROOT;11396;10;11393;15;;;11402;15;11405;20;;;11399.0;0.0
yf_ZS=F_d8;40500;ASH_COATED_OSMIUM;10091;16;10089;14;;;10099;22;10101;33;;;10095.0;0.0
yf_ZS=F_d8;40500;INTARIAN_PEPPER_ROOT;11392;8;11389;15;;;11398;15;11400;15;;;11395.0;0.0
yf_ZS=F_d8;40600;ASH_COATED_OSMIUM;10091;21;10089;20;;;10099;17;10103;23;;;10095.0;0.0
yf_ZS=F_d8;40600;INTARIAN_PEPPER_ROOT;11389;11;11385;11;;;11395;13;11397;17;;;11392.0;0.0
yf_ZS=F_d8;40700;ASH_COATED_OSMIUM;10093;8;10091;30;;;10099;17;10103;21;;;10096.0;0.0
yf_ZS=F_d8;40700;INTARIAN_PEPPER_ROOT;11386;15;11382;20;;;11392;11;11394;13;;;11389.0;0.0
yf_ZS=F_d8;40800;ASH_COATED_OSMIUM;10093;15;10090;27;;;10099;10;10101;20;;;10096.0;0.0
yf_ZS=F_d8;40800;INTARIAN_PEPPER_ROOT;11383;20;11379;16;;;11389;13;11392;17;;;11386.0;0.0
yf_ZS=F_d8;40900;ASH_COATED_OSMIUM;10092;12;10089;31;;;10098;20;10102;15;;;10095.0;0.0
yf_ZS=F_d8;40900;INTARIAN_PEPPER_ROOT;11380;13;11376;17;;;11386;6;11390;18;;;11383.0;0.0
yf_ZS=F_d8;41000;ASH_COATED_OSMIUM;10091;16;10088;14;;;10099;10;10102;23;;;10095.0;0.0
yf_ZS=F_d8;41000;INTARIAN_PEPPER_ROOT;11367;25;11365;8;;;11390;14;11393;14;;;11378.5;0.0
yf_ZS=F_d8;41100;ASH_COATED_OSMIUM;10093;14;10091;25;;;10099;17;10102;8;;;10096.0;0.0
yf_ZS=F_d8;41100;INTARIAN_PEPPER_ROOT;11371;20;11369;17;;;11381;20;11385;16;;;11376.0;0.0
yf_ZS=F_d8;41200;ASH_COATED_OSMIUM;10092;16;10088;17;;;10098;12;10101;21;;;10095.0;0.0
yf_ZS=F_d8;41200;INTARIAN_PEPPER_ROOT;11365;10;11362;23;;;11379;10;11382;24;;;11372.0;0.0
yf_ZS=F_d8;41300;ASH_COATED_OSMIUM;10086;17;10083;22;;;10105;15;10107;17;;;10095.5;0.0
yf_ZS=F_d8;41300;INTARIAN_PEPPER_ROOT;11367;8;11364;22;;;11373;10;11375;20;;;11370.0;0.0
yf_ZS=F_d8;41400;ASH_COATED_OSMIUM;10092;11;10090;14;;;10099;9;10102;13;;;10095.5;0.0
yf_ZS=F_d8;41400;INTARIAN_PEPPER_ROOT;11363;9;11359;12;;;11369;9;11373;20;;;11366.0;0.0
yf_ZS=F_d8;41500;ASH_COATED_OSMIUM;10086;20;10082;23;;;10105;12;10108;25;;;10095.5;0.0
yf_ZS=F_d8;41500;INTARIAN_PEPPER_ROOT;11359;17;11357;14;;;11366;14;11369;21;;;11362.5;0.0
yf_ZS=F_d8;41600;ASH_COATED_OSMIUM;10092;13;10088;22;;;10099;7;10103;19;;;10095.5;0.0
yf_ZS=F_d8;41600;INTARIAN_PEPPER_ROOT;11357;15;11354;17;;;11363;18;11366;14;;;11360.0;0.0
yf_ZS=F_d8;41700;ASH_COATED_OSMIUM;10091;9;10089;29;;;10098;15;10102;21;;;10094.5;0.0
yf_ZS=F_d8;41700;INTARIAN_PEPPER_ROOT;11354;22;11350;17;;;11360;17;11362;15;;;11357.0;0.0
yf_ZS=F_d8;41800;ASH_COATED_OSMIUM;10091;13;10089;24;;;10099;17;10102;16;;;10095.0;0.0
yf_ZS=F_d8;41800;INTARIAN_PEPPER_ROOT;11344;13;11340;21;;;11362;6;11364;18;;;11353.0;0.0
yf_ZS=F_d8;41900;ASH_COATED_OSMIUM;10090;15;10087;16;;;10100;8;10104;16;;;10095.0;0.0
yf_ZS=F_d8;41900;INTARIAN_PEPPER_ROOT;11347;21;11344;13;;;11353;5;11355;17;;;11350.0;0.0
yf_ZS=F_d8;42000;ASH_COATED_OSMIUM;10092;16;10088;13;;;10099;8;10103;16;;;10095.5;0.0
yf_ZS=F_d8;42000;INTARIAN_PEPPER_ROOT;11343;12;11340;18;;;11349;16;11352;21;;;11346.0;0.0
yf_ZS=F_d8;42100;ASH_COATED_OSMIUM;10092;12;10088;20;;;10098;11;10100;18;;;10095.0;0.0
yf_ZS=F_d8;42100;INTARIAN_PEPPER_ROOT;11341;17;11337;22;;;11347;21;11349;21;;;11344.0;0.0
yf_ZS=F_d8;42200;ASH_COATED_OSMIUM;10092;15;10089;16;;;10098;21;10102;14;;;10095.0;0.0
yf_ZS=F_d8;42200;INTARIAN_PEPPER_ROOT;11337;15;11333;24;;;11343;16;11345;19;;;11340.0;0.0
yf_ZS=F_d8;42300;ASH_COATED_OSMIUM;10092;20;10089;25;;;10098;19;10101;17;;;10095.0;0.0
yf_ZS=F_d8;42300;INTARIAN_PEPPER_ROOT;11328;19;11324;17;;;11347;22;11349;19;;;11337.5;0.0
yf_ZS=F_d8;42400;ASH_COATED_OSMIUM;10092;15;10089;22;;;10098;7;10100;21;;;10095.0;0.0
yf_ZS=F_d8;42400;INTARIAN_PEPPER_ROOT;11331;23;11329;20;;;11337;11;11339;8;;;11334.0;0.0
yf_ZS=F_d8;42500;ASH_COATED_OSMIUM;10092;16;10090;25;;;10098;7;10102;23;;;10095.0;0.0
yf_ZS=F_d8;42500;INTARIAN_PEPPER_ROOT;11327;17;11324;18;;;11333;7;11335;11;;;11330.0;0.0
yf_ZS=F_d8;42600;ASH_COATED_OSMIUM;10090;17;10086;11;;;10100;12;10102;26;;;10095.0;0.0
yf_ZS=F_d8;42600;INTARIAN_PEPPER_ROOT;11324;21;11321;15;;;11330;18;11334;14;;;11327.0;0.0
yf_ZS=F_d8;42700;ASH_COATED_OSMIUM;10091;8;10087;21;;;10100;11;10103;25;;;10095.5;0.0
yf_ZS=F_d8;42700;INTARIAN_PEPPER_ROOT;11321;18;11319;14;;;11327;12;11330;24;;;11324.0;0.0
yf_ZS=F_d8;42800;ASH_COATED_OSMIUM;10092;5;10089;16;;;10098;14;10102;24;;;10095.0;0.0
yf_ZS=F_d8;42800;INTARIAN_PEPPER_ROOT;11317;5;11315;17;;;11323;23;11326;26;;;11320.0;0.0
yf_ZS=F_d8;42900;ASH_COATED_OSMIUM;10090;22;10086;17;;;10098;11;10100;28;;;10094.0;0.0
yf_ZS=F_d8;42900;INTARIAN_PEPPER_ROOT;11315;11;11312;26;;;11321;14;11325;16;;;11318.0;0.0
yf_ZS=F_d8;43000;ASH_COATED_OSMIUM;10089;16;10086;26;;;10099;21;10101;25;;;10094.0;0.0
yf_ZS=F_d8;43000;INTARIAN_PEPPER_ROOT;11311;8;11308;19;;;11317;9;11320;22;;;11314.0;0.0
yf_ZS=F_d8;43100;ASH_COATED_OSMIUM;10091;14;10088;26;;;10097;24;10099;15;;;10094.0;0.0
yf_ZS=F_d8;43100;INTARIAN_PEPPER_ROOT;11308;14;11304;22;;;11314;12;11316;15;;;11311.0;0.0
yf_ZS=F_d8;43200;ASH_COATED_OSMIUM;10092;9;10088;17;;;10099;15;10102;16;;;10095.5;0.0
yf_ZS=F_d8;43200;INTARIAN_PEPPER_ROOT;11297;18;11294;18;;;11318;24;11322;8;;;11307.5;0.0
yf_ZS=F_d8;43300;ASH_COATED_OSMIUM;10089;21;10085;14;;;10099;8;10102;24;;;10094.0;0.0
yf_ZS=F_d8;43300;INTARIAN_PEPPER_ROOT;11301;24;11298;24;;;11307;16;11309;14;;;11304.0;0.0
yf_ZS=F_d8;43400;ASH_COATED_OSMIUM;10091;19;10089;22;;;10097;10;10099;16;;;10094.0;0.0
yf_ZS=F_d8;43400;INTARIAN_PEPPER_ROOT;11298;10;11294;25;;;11304;16;11307;26;;;11301.0;0.0
yf_ZS=F_d8;43500;ASH_COATED_OSMIUM;10091;10;10088;16;;;10097;26;10099;13;;;10094.0;0.0
yf_ZS=F_d8;43500;INTARIAN_PEPPER_ROOT;11294;10;11290;26;;;11300;19;11303;13;;;11297.0;0.0
yf_ZS=F_d8;43600;ASH_COATED_OSMIUM;10088;11;10084;20;;;10101;13;10104;29;;;10094.5;0.0
yf_ZS=F_d8;43600;INTARIAN_PEPPER_ROOT;11292;16;11288;14;;;11298;18;11301;21;;;11295.0;0.0
yf_ZS=F_d8;43700;ASH_COATED_OSMIUM;10091;16;10089;15;;;10097;19;10099;17;;;10094.0;0.0
yf_ZS=F_d8;43700;INTARIAN_PEPPER_ROOT;11286;6;11282;14;;;11297;24;11299;22;;;11291.5;0.0
yf_ZS=F_d8;43800;ASH_COATED_OSMIUM;10090;15;10087;20;;;10099;14;10103;26;;;10094.5;0.0
yf_ZS=F_d8;43800;INTARIAN_PEPPER_ROOT;11284;20;11282;18;;;11291;18;11294;18;;;11287.5;0.0
yf_ZS=F_d8;43900;ASH_COATED_OSMIUM;10091;12;10088;23;;;10097;26;10099;19;;;10094.0;0.0
yf_ZS=F_d8;43900;INTARIAN_PEPPER_ROOT;11282;17;11278;21;;;11288;17;11292;17;;;11285.0;0.0
yf_ZS=F_d8;44000;ASH_COATED_OSMIUM;10090;21;10087;20;;;10099;18;10101;8;;;10094.5;0.0
yf_ZS=F_d8;44000;INTARIAN_PEPPER_ROOT;11272;23;11270;23;;;11289;10;11291;32;;;11280.5;0.0
yf_ZS=F_d8;44100;ASH_COATED_OSMIUM;10082;9;10080;16;;;10107;16;10111;18;;;10094.5;0.0
yf_ZS=F_d8;44100;INTARIAN_PEPPER_ROOT;11275;18;11273;16;;;11281;14;11284;14;;;11278.0;0.0
yf_ZS=F_d8;44200;ASH_COATED_OSMIUM;10091;25;10087;22;;;10097;12;10099;18;;;10094.0;0.0
yf_ZS=F_d8;44200;INTARIAN_PEPPER_ROOT;11272;14;11268;23;;;11278;15;11281;20;;;11275.0;0.0
yf_ZS=F_d8;44300;ASH_COATED_OSMIUM;10091;9;10087;16;;;10097;14;10099;29;;;10094.0;0.0
yf_ZS=F_d8;44300;INTARIAN_PEPPER_ROOT;11269;23;11267;17;;;11275;5;11279;21;;;11272.0;0.0
yf_ZS=F_d8;44400;ASH_COATED_OSMIUM;10090;7;10087;25;;;10096;21;10099;23;;;10093.0;0.0
yf_ZS=F_d8;44400;INTARIAN_PEPPER_ROOT;11259;14;11257;16;;;11278;16;11282;22;;;11268.5;0.0
yf_ZS=F_d8;44500;ASH_COATED_OSMIUM;10091;7;10089;20;;;10097;11;10100;13;;;10094.0;0.0
yf_ZS=F_d8;44500;INTARIAN_PEPPER_ROOT;11259;16;11257;17;;;11270;17;11273;12;;;11264.5;0.0
yf_ZS=F_d8;44600;ASH_COATED_OSMIUM;10089;17;10087;15;;;10099;19;10101;14;;;10094.0;0.0
yf_ZS=F_d8;44600;INTARIAN_PEPPER_ROOT;11254;20;11251;22;;;11269;13;11271;20;;;11261.5;0.0
yf_ZS=F_d8;44700;ASH_COATED_OSMIUM;10091;10;10087;22;;;10097;15;10099;16;;;10094.0;0.0
yf_ZS=F_d8;44700;INTARIAN_PEPPER_ROOT;11243;5;11240;20;;;11274;13;11276;17;;;11258.5;0.0
yf_ZS=F_d8;44800;ASH_COATED_OSMIUM;10085;13;10082;21;;;10103;5;10105;22;;;10094.0;0.0
yf_ZS=F_d8;44800;INTARIAN_PEPPER_ROOT;11252;15;11250;21;;;11258;15;11260;24;;;11255.0;0.0
yf_ZS=F_d8;44900;ASH_COATED_OSMIUM;10089;13;10087;22;;;10098;17;10100;18;;;10093.5;0.0
yf_ZS=F_d8;44900;INTARIAN_PEPPER_ROOT;11249;16;11247;24;;;11255;17;11259;23;;;11252.0;0.0
yf_ZS=F_d8;45000;ASH_COATED_OSMIUM;10090;16;10088;15;;;10096;15;10098;19;;;10093.0;0.0
yf_ZS=F_d8;45000;INTARIAN_PEPPER_ROOT;11246;12;11243;24;;;11252;10;11256;26;;;11249.0;0.0
yf_ZS=F_d8;45100;ASH_COATED_OSMIUM;10089;18;10086;16;;;10097;10;10099;20;;;10093.0;0.0
yf_ZS=F_d8;45100;INTARIAN_PEPPER_ROOT;11239;19;11236;15;;;11253;5;11257;13;;;11246.0;0.0
yf_ZS=F_d8;45200;ASH_COATED_OSMIUM;10091;14;10089;21;;;10097;16;10101;15;;;10094.0;0.0
yf_ZS=F_d8;45200;INTARIAN_PEPPER_ROOT;11239;14;11237;21;;;11245;13;11248;27;;;11242.0;0.0
yf_ZS=F_d8;45300;ASH_COATED_OSMIUM;10090;13;10088;23;;;10097;17;10101;19;;;10093.5;0.0
yf_ZS=F_d8;45300;INTARIAN_PEPPER_ROOT;11236;23;11233;19;;;11242;24;11244;20;;;11239.0;0.0
yf_ZS=F_d8;45400;ASH_COATED_OSMIUM;10090;14;10087;20;;;10096;10;10100;21;;;10093.0;0.0
yf_ZS=F_d8;45400;INTARIAN_PEPPER_ROOT;11233;8;11231;12;;;11239;9;11241;13;;;11236.0;0.0
yf_ZS=F_d8;45500;ASH_COATED_OSMIUM;10090;14;10088;28;;;10096;13;10098;21;;;10093.0;0.0
yf_ZS=F_d8;45500;INTARIAN_PEPPER_ROOT;11226;14;11224;21;;;11239;13;11242;25;;;11232.5;0.0
yf_ZS=F_d8;45600;ASH_COATED_OSMIUM;10088;5;10086;27;;;10100;13;10102;19;;;10094.0;0.0
yf_ZS=F_d8;45600;INTARIAN_PEPPER_ROOT;11225;16;11223;23;;;11233;12;11235;21;;;11229.0;0.0
yf_ZS=F_d8;45700;ASH_COATED_OSMIUM;10084;16;10082;15;;;10103;5;10107;14;;;10093.5;0.0
yf_ZS=F_d8;45700;INTARIAN_PEPPER_ROOT;11223;25;11220;22;;;11229;26;11232;17;;;11226.0;0.0
yf_ZS=F_d8;45800;ASH_COATED_OSMIUM;10090;20;10086;26;;;10096;15;10100;21;;;10093.0;0.0
yf_ZS=F_d8;45800;INTARIAN_PEPPER_ROOT;11220;5;11218;12;;;11226;9;11229;13;;;11223.0;0.0
yf_ZS=F_d8;45900;ASH_COATED_OSMIUM;10085;10;10082;17;;;10102;19;10105;16;;;10093.5;0.0
yf_ZS=F_d8;45900;INTARIAN_PEPPER_ROOT;11216;11;11214;21;;;11222;19;11226;25;;;11219.0;0.0
yf_ZS=F_d8;46000;ASH_COATED_OSMIUM;10087;8;10085;26;;;10098;17;10102;18;;;10092.5;0.0
yf_ZS=F_d8;46000;INTARIAN_PEPPER_ROOT;11210;12;11208;15;;;11222;15;11225;23;;;11216.0;0.0
yf_ZS=F_d8;46100;ASH_COATED_OSMIUM;10089;5;10086;23;;;10095;24;10097;19;;;10092.0;0.0
yf_ZS=F_d8;46100;INTARIAN_PEPPER_ROOT;11210;13;11207;29;;;11216;18;11220;14;;;11213.0;0.0
yf_ZS=F_d8;46200;ASH_COATED_OSMIUM;10090;17;10088;15;;;10096;18;10100;20;;;10093.0;0.0
yf_ZS=F_d8;46200;INTARIAN_PEPPER_ROOT;11206;15;11203;30;;;11212;13;11214;18;;;11209.0;0.0
yf_ZS=F_d8;46300;ASH_COATED_OSMIUM;10090;17;10088;22;;;10096;21;10098;16;;;10093.0;0.0
yf_ZS=F_d8;46300;INTARIAN_PEPPER_ROOT;11201;11;11199;20;;;11212;10;11215;24;;;11206.5;0.0
yf_ZS=F_d8;46400;ASH_COATED_OSMIUM;10090;11;10086;18;;;10096;15;10099;26;;;10093.0;0.0
yf_ZS=F_d8;46400;INTARIAN_PEPPER_ROOT;11200;19;11197;25;;;11206;17;11210;29;;;11203.0;0.0
yf_ZS=F_d8;46500;ASH_COATED_OSMIUM;10090;11;10087;20;;;10096;21;10098;13;;;10093.0;0.0
yf_ZS=F_d8;46500;INTARIAN_PEPPER_ROOT;11197;14;11194;13;;;11203;11;11206;8;;;11200.0;0.0
yf_ZS=F_d8;46600;ASH_COATED_OSMIUM;10090;12;10088;19;;;10096;18;10099;22;;;10093.0;0.0
yf_ZS=F_d8;46600;INTARIAN_PEPPER_ROOT;11194;14;11190;21;;;11200;18;11202;21;;;11197.0;0.0
yf_ZS=F_d8;46700;ASH_COATED_OSMIUM;10089;22;10086;23;;;10095;8;10098;8;;;10092.0;0.0
yf_ZS=F_d8;46700;INTARIAN_PEPPER_ROOT;11191;7;11187;23;;;11197;13;11201;18;;;11194.0;0.0
yf_ZS=F_d8;46800;ASH_COATED_OSMIUM;10089;18;10086;16;;;10095;5;10098;18;;;10092.0;0.0
yf_ZS=F_d8;46800;INTARIAN_PEPPER_ROOT;11186;19;11184;26;;;11194;12;11197;18;;;11190.0;0.0
yf_ZS=F_d8;46900;ASH_COATED_OSMIUM;10084;9;10081;19;;;10101;20;10103;11;;;10092.5;0.0
yf_ZS=F_d8;46900;INTARIAN_PEPPER_ROOT;11184;15;11182;23;;;11190;10;11192;12;;;11187.0;0.0
yf_ZS=F_d8;47000;ASH_COATED_OSMIUM;10089;16;10085;16;;;10095;13;10099;17;;;10092.0;0.0
yf_ZS=F_d8;47000;INTARIAN_PEPPER_ROOT;11180;17;11178;24;;;11186;15;11190;12;;;11183.0;0.0
yf_ZS=F_d8;47100;ASH_COATED_OSMIUM;10090;14;10088;20;;;10096;11;10098;23;;;10093.0;0.0
yf_ZS=F_d8;47100;INTARIAN_PEPPER_ROOT;11177;20;11175;9;;;11183;15;11187;12;;;11180.0;0.0
yf_ZS=F_d8;47200;ASH_COATED_OSMIUM;10082;17;10079;23;;;10101;15;10104;15;;;10091.5;0.0
yf_ZS=F_d8;47200;INTARIAN_PEPPER_ROOT;11174;6;11170;14;;;11180;18;11184;26;;;11177.0;0.0
yf_ZS=F_d8;47300;ASH_COATED_OSMIUM;10088;17;10086;21;;;10096;10;10099;19;;;10092.0;0.0
yf_ZS=F_d8;47300;INTARIAN_PEPPER_ROOT;11171;18;11167;12;;;11177;15;11180;10;;;11174.0;0.0
yf_ZS=F_d8;47400;ASH_COATED_OSMIUM;10089;11;10085;8;;;10095;11;10099;21;;;10092.0;0.0
yf_ZS=F_d8;47400;INTARIAN_PEPPER_ROOT;11166;11;11164;20;;;11174;13;11176;15;;;11170.0;0.0
yf_ZS=F_d8;47500;ASH_COATED_OSMIUM;10089;20;10085;22;;;10095;14;10097;18;;;10092.0;0.0
yf_ZS=F_d8;47500;INTARIAN_PEPPER_ROOT;11164;15;11162;17;;;11170;10;11172;17;;;11167.0;0.0
yf_ZS=F_d8;47600;ASH_COATED_OSMIUM;10088;17;10085;16;;;10096;21;10099;28;;;10092.0;0.0
yf_ZS=F_d8;47600;INTARIAN_PEPPER_ROOT;11161;11;11159;25;;;11167;11;11169;18;;;11164.0;0.0
yf_ZS=F_d8;47700;ASH_COATED_OSMIUM;10089;13;10087;17;;;10095;7;10097;27;;;10092.0;0.0
yf_ZS=F_d8;47700;INTARIAN_PEPPER_ROOT;11154;13;11150;18;;;11167;8;11169;21;;;11160.5;0.0
yf_ZS=F_d8;47800;ASH_COATED_OSMIUM;10089;9;10085;19;;;10095;15;10098;30;;;10092.0;0.0
yf_ZS=F_d8;47800;INTARIAN_PEPPER_ROOT;11146;15;11144;21;;;11169;20;11172;15;;;11157.5;0.0
yf_ZS=F_d8;47900;ASH_COATED_OSMIUM;10087;18;10085;22;;;10097;19;10100;24;;;10092.0;0.0
yf_ZS=F_d8;47900;INTARIAN_PEPPER_ROOT;11151;24;11147;22;;;11157;7;11160;25;;;11154.0;0.0
yf_ZS=F_d8;48000;ASH_COATED_OSMIUM;10089;9;10085;18;;;10095;18;10098;19;;;10092.0;0.0
yf_ZS=F_d8;48000;INTARIAN_PEPPER_ROOT;11148;10;11144;15;;;11154;21;11158;19;;;11151.0;0.0
yf_ZS=F_d8;48100;ASH_COATED_OSMIUM;10085;16;10081;14;;;10098;19;10100;17;;;10091.5;0.0
yf_ZS=F_d8;48100;INTARIAN_PEPPER_ROOT;11131;10;11129;23;;;11163;14;11165;20;;;11147.0;0.0
yf_ZS=F_d8;48200;ASH_COATED_OSMIUM;10086;9;10083;24;;;10098;25;10102;18;;;10092.0;0.0
yf_ZS=F_d8;48200;INTARIAN_PEPPER_ROOT;11142;6;11140;22;;;11148;13;11152;19;;;11145.0;0.0
yf_ZS=F_d8;48300;ASH_COATED_OSMIUM;10089;8;10086;20;;;10095;11;10099;18;;;10092.0;0.0
yf_ZS=F_d8;48300;INTARIAN_PEPPER_ROOT;11138;11;11136;26;;;11144;21;11148;18;;;11141.0;0.0
yf_ZS=F_d8;48400;ASH_COATED_OSMIUM;10064;9;10062;23;;;10119;18;10122;25;;;10091.5;0.0
yf_ZS=F_d8;48400;INTARIAN_PEPPER_ROOT;11134;17;11130;22;;;11140;11;11142;26;;;11137.0;0.0
yf_ZS=F_d8;48500;ASH_COATED_OSMIUM;10089;16;10087;22;;;10095;14;10098;22;;;10092.0;0.0
yf_ZS=F_d8;48500;INTARIAN_PEPPER_ROOT;11132;11;11130;10;;;11138;10;11141;15;;;11135.0;0.0
yf_ZS=F_d8;48600;ASH_COATED_OSMIUM;10088;8;10084;18;;;10094;6;10096;27;;;10091.0;0.0
yf_ZS=F_d8;48600;INTARIAN_PEPPER_ROOT;11123;21;11120;19;;;11141;18;11145;13;;;11132.0;0.0
yf_ZS=F_d8;48700;ASH_COATED_OSMIUM;10083;22;10081;26;;;10100;17;10104;27;;;10091.5;0.0
yf_ZS=F_d8;48700;INTARIAN_PEPPER_ROOT;11122;20;11119;15;;;11133;13;11137;20;;;11127.5;0.0
yf_ZS=F_d8;48800;ASH_COATED_OSMIUM;10088;9;10084;20;;;10094;24;10097;24;;;10091.0;0.0
yf_ZS=F_d8;48800;INTARIAN_PEPPER_ROOT;11121;13;11117;21;;;11128;12;11132;19;;;11124.5;0.0
yf_ZS=F_d8;48900;ASH_COATED_OSMIUM;10087;18;10084;16;;;10095;17;10099;9;;;10091.0;0.0
yf_ZS=F_d8;48900;INTARIAN_PEPPER_ROOT;11118;9;11116;18;;;11124;12;11127;15;;;11121.0;0.0
yf_ZS=F_d8;49000;ASH_COATED_OSMIUM;10089;17;10087;25;;;10095;16;10098;15;;;10092.0;0.0
yf_ZS=F_d8;49000;INTARIAN_PEPPER_ROOT;11116;21;11114;8;;;11122;15;11124;10;;;11119.0;0.0
yf_ZS=F_d8;49100;ASH_COATED_OSMIUM;10089;14;10086;20;;;10095;16;10097;21;;;10092.0;0.0
yf_ZS=F_d8;49100;INTARIAN_PEPPER_ROOT;11112;19;11109;13;;;11118;18;11121;25;;;11115.0;0.0
yf_ZS=F_d8;49200;ASH_COATED_OSMIUM;10088;6;10085;20;;;10094;15;10098;16;;;10091.0;0.0
yf_ZS=F_d8;49200;INTARIAN_PEPPER_ROOT;11109;14;11105;22;;;11115;12;11119;17;;;11112.0;0.0
yf_ZS=F_d8;49300;ASH_COATED_OSMIUM;10071;10;10068;15;;;10111;12;10114;18;;;10091.0;0.0
yf_ZS=F_d8;49300;INTARIAN_PEPPER_ROOT;11104;13;11102;23;;;11114;22;11118;20;;;11109.0;0.0
yf_ZS=F_d8;49400;ASH_COATED_OSMIUM;10087;6;10083;17;;;10096;8;10099;22;;;10091.5;0.0
yf_ZS=F_d8;49400;INTARIAN_PEPPER_ROOT;11102;21;11098;31;;;11108;13;11112;31;;;11105.0;0.0
yf_ZS=F_d8;49500;ASH_COATED_OSMIUM;10088;17;10086;26;;;10094;18;10096;9;;;10091.0;0.0
yf_ZS=F_d8;49500;INTARIAN_PEPPER_ROOT;11099;7;11095;8;;;11105;10;11107;16;;;11102.0;0.0
yf_ZS=F_d8;49600;ASH_COATED_OSMIUM;10084;11;10082;17;;;10099;12;10103;26;;;10091.5;0.0
yf_ZS=F_d8;49600;INTARIAN_PEPPER_ROOT;11096;12;11092;18;;;11102;15;11106;20;;;11099.0;0.0
yf_ZS=F_d8;49700;ASH_COATED_OSMIUM;10088;9;10084;16;;;10094;14;10097;27;;;10091.0;0.0
yf_ZS=F_d8;49700;INTARIAN_PEPPER_ROOT;11092;11;11090;15;;;11099;18;11101;15;;;11095.5;0.0
yf_ZS=F_d8;49800;ASH_COATED_OSMIUM;10088;17;10085;24;;;10094;6;10096;18;;;10091.0;0.0
yf_ZS=F_d8;49800;INTARIAN_PEPPER_ROOT;11088;12;11085;18;;;11097;19;11101;19;;;11092.5;0.0
yf_ZS=F_d8;49900;ASH_COATED_OSMIUM;10087;14;10084;13;;;10096;13;10099;26;;;10091.5;0.0
yf_ZS=F_d8;49900;INTARIAN_PEPPER_ROOT;11086;11;11083;17;;;11092;24;11094;13;;;11089.0;0.0
yf_ZS=F_d8;50000;ASH_COATED_OSMIUM;10088;12;10084;22;;;10094;5;10097;26;;;10091.0;0.0
yf_ZS=F_d8;50000;INTARIAN_PEPPER_ROOT;11073;16;11069;19;;;11098;11;11102;20;;;11085.5;0.0
yf_ZS=F_d8;50100;ASH_COATED_OSMIUM;10084;17;10082;19;;;10098;5;10101;22;;;10091.0;0.0
yf_ZS=F_d8;50100;INTARIAN_PEPPER_ROOT;11076;17;11072;12;;;11088;15;11091;23;;;11082.0;0.0
yf_ZS=F_d8;50200;ASH_COATED_OSMIUM;10088;19;10085;21;;;10094;22;10097;17;;;10091.0;0.0
yf_ZS=F_d8;50200;INTARIAN_PEPPER_ROOT;11076;15;11073;17;;;11082;14;11084;25;;;11079.0;0.0
yf_ZS=F_d8;50300;ASH_COATED_OSMIUM;10076;18;10074;27;;;10106;16;10108;14;;;10091.0;0.0
yf_ZS=F_d8;50300;INTARIAN_PEPPER_ROOT;11073;17;11070;20;;;11079;12;11081;8;;;11076.0;0.0
yf_ZS=F_d8;50400;ASH_COATED_OSMIUM;10087;6;10083;20;;;10093;16;10097;17;;;10090.0;0.0
yf_ZS=F_d8;50400;INTARIAN_PEPPER_ROOT;11070;17;11066;8;;;11076;16;11078;19;;;11073.0;0.0
yf_ZS=F_d8;50500;ASH_COATED_OSMIUM;10088;10;10085;17;;;10094;18;10096;26;;;10091.0;0.0
yf_ZS=F_d8;50500;INTARIAN_PEPPER_ROOT;11067;5;11065;23;;;11073;12;11077;11;;;11070.0;0.0
yf_ZS=F_d8;50600;ASH_COATED_OSMIUM;10077;7;10075;19;;;10103;11;10105;21;;;10090.0;0.0
yf_ZS=F_d8;50600;INTARIAN_PEPPER_ROOT;11063;20;11061;14;;;11069;11;11073;16;;;11066.0;0.0
yf_ZS=F_d8;50700;ASH_COATED_OSMIUM;10087;15;10085;26;;;10093;20;10096;22;;;10090.0;0.0
yf_ZS=F_d8;50700;INTARIAN_PEPPER_ROOT;11058;8;11056;33;;;11069;12;11073;22;;;11063.5;0.0
yf_ZS=F_d8;50800;ASH_COATED_OSMIUM;10087;7;10083;20;;;10093;17;10097;21;;;10090.0;0.0
yf_ZS=F_d8;50800;INTARIAN_PEPPER_ROOT;11053;18;11049;16;;;11066;20;11069;18;;;11059.5;0.0
yf_ZS=F_d8;50900;ASH_COATED_OSMIUM;10087;9;10084;26;;;10093;16;10095;16;;;10090.0;0.0
yf_ZS=F_d8;50900;INTARIAN_PEPPER_ROOT;11052;12;11050;35;;;11058;23;11062;24;;;11055.0;0.0
yf_ZS=F_d8;51000;ASH_COATED_OSMIUM;10079;8;10075;24;;;10102;19;10104;23;;;10090.5;0.0
yf_ZS=F_d8;51000;INTARIAN_PEPPER_ROOT;11046;18;11043;33;;;11052;16;11055;27;;;11049.0;0.0
yf_ZS=F_d8;51100;ASH_COATED_OSMIUM;10087;15;10085;23;;;10093;17;10095;17;;;10090.0;0.0
yf_ZS=F_d8;51100;INTARIAN_PEPPER_ROOT;11039;20;11037;14;;;11045;15;11048;26;;;11042.0;0.0
yf_ZS=F_d8;51200;ASH_COATED_OSMIUM;10087;12;10083;20;;;10093;15;10095;17;;;10090.0;0.0
yf_ZS=F_d8;51200;INTARIAN_PEPPER_ROOT;11033;16;11029;13;;;11039;9;11042;18;;;11036.0;0.0
yf_ZS=F_d8;51300;ASH_COATED_OSMIUM;10087;14;10084;27;;;10093;12;10097;24;;;10090.0;0.0
yf_ZS=F_d8;51300;INTARIAN_PEPPER_ROOT;11020;21;11016;16;;;11040;16;11044;17;;;11030.0;0.0
yf_ZS=F_d8;51400;ASH_COATED_OSMIUM;10080;18;10078;14;;;10100;10;10104;19;;;10090.0;0.0
yf_ZS=F_d8;51400;INTARIAN_PEPPER_ROOT;11020;12;11016;17;;;11026;15;11030;23;;;11023.0;0.0
yf_ZS=F_d8;51500;ASH_COATED_OSMIUM;10084;22;10081;15;;;10094;12;10096;15;;;10089.0;0.0
yf_ZS=F_d8;51500;INTARIAN_PEPPER_ROOT;11014;24;11011;20;;;11020;8;11022;13;;;11017.0;0.0
yf_ZS=F_d8;51600;ASH_COATED_OSMIUM;10085;12;10082;20;;;10093;17;10096;24;;;10089.0;0.0
yf_ZS=F_d8;51600;INTARIAN_PEPPER_ROOT;11008;18;11006;19;;;11014;19;11018;21;;;11011.0;0.0
yf_ZS=F_d8;51700;ASH_COATED_OSMIUM;10086;14;10082;10;;;10092;7;10095;19;;;10089.0;0.0
yf_ZS=F_d8;51700;INTARIAN_PEPPER_ROOT;11002;19;10998;25;;;11008;16;11012;15;;;11005.0;0.0
yf_ZS=F_d8;51800;ASH_COATED_OSMIUM;10086;9;10084;22;;;10092;22;10096;17;;;10089.0;0.0
yf_ZS=F_d8;51800;INTARIAN_PEPPER_ROOT;10994;14;10992;19;;;11002;25;11005;14;;;10998.0;0.0
yf_ZS=F_d8;51900;ASH_COATED_OSMIUM;10086;12;10082;23;;;10092;13;10095;17;;;10089.0;0.0
yf_ZS=F_d8;51900;INTARIAN_PEPPER_ROOT;10990;18;10987;15;;;10996;12;10999;32;;;10993.0;0.0
yf_ZS=F_d8;52000;ASH_COATED_OSMIUM;10086;8;10084;20;;;10092;21;10094;23;;;10089.0;0.0
yf_ZS=F_d8;52000;INTARIAN_PEPPER_ROOT;10983;19;10979;18;;;10989;19;10993;11;;;10986.0;0.0
yf_ZS=F_d8;52100;ASH_COATED_OSMIUM;10083;19;10079;11;;;10095;16;10098;25;;;10089.0;0.0
yf_ZS=F_d8;52100;INTARIAN_PEPPER_ROOT;10970;16;10968;17;;;10990;26;10993;26;;;10980.0;0.0
yf_ZS=F_d8;52200;ASH_COATED_OSMIUM;10086;17;10083;24;;;10092;27;10096;23;;;10089.0;0.0
yf_ZS=F_d8;52200;INTARIAN_PEPPER_ROOT;10971;12;10969;25;;;10977;13;10979;12;;;10974.0;0.0
yf_ZS=F_d8;52300;ASH_COATED_OSMIUM;10081;18;10078;13;;;10096;25;10098;17;;;10088.5;0.0
yf_ZS=F_d8;52300;INTARIAN_PEPPER_ROOT;10964;14;10962;22;;;10970;16;10973;17;;;10967.0;0.0
yf_ZS=F_d8;52400;ASH_COATED_OSMIUM;10081;12;10077;17;;;10097;11;10099;24;;;10089.0;0.0
yf_ZS=F_d8;52400;INTARIAN_PEPPER_ROOT;10958;18;10954;21;;;10964;15;10968;17;;;10961.0;0.0
yf_ZS=F_d8;52500;ASH_COATED_OSMIUM;10085;16;10083;24;;;10091;17;10093;12;;;10088.0;0.0
yf_ZS=F_d8;52500;INTARIAN_PEPPER_ROOT;10951;21;10947;14;;;10957;17;10959;25;;;10954.0;0.0
yf_ZS=F_d8;52600;ASH_COATED_OSMIUM;10085;17;10081;26;;;10091;22;10095;13;;;10088.0;0.0
yf_ZS=F_d8;52600;INTARIAN_PEPPER_ROOT;10945;17;10943;19;;;10951;11;10955;19;;;10948.0;0.0
yf_ZS=F_d8;52700;ASH_COATED_OSMIUM;10085;8;10081;13;;;10092;20;10096;21;;;10088.5;0.0
yf_ZS=F_d8;52700;INTARIAN_PEPPER_ROOT;10939;16;10937;25;;;10945;17;10947;17;;;10942.0;0.0
yf_ZS=F_d8;52800;ASH_COATED_OSMIUM;10081;5;10079;18;;;10094;19;10097;22;;;10087.5;0.0
yf_ZS=F_d8;52800;INTARIAN_PEPPER_ROOT;10933;12;10929;19;;;10939;12;10941;11;;;10936.0;0.0
yf_ZS=F_d8;52900;ASH_COATED_OSMIUM;10084;22;10082;21;;;10090;14;10092;22;;;10087.0;0.0
yf_ZS=F_d8;52900;INTARIAN_PEPPER_ROOT;10927;24;10923;23;;;10933;6;10937;25;;;10930.0;0.0
yf_ZS=F_d8;53000;ASH_COATED_OSMIUM;10085;15;10083;17;;;10091;12;10094;19;;;10088.0;0.0
yf_ZS=F_d8;53000;INTARIAN_PEPPER_ROOT;10920;22;10916;18;;;10926;15;10929;28;;;10923.0;0.0
yf_ZS=F_d8;53100;ASH_COATED_OSMIUM;10085;22;10081;17;;;10091;10;10095;18;;;10088.0;0.0
yf_ZS=F_d8;53100;INTARIAN_PEPPER_ROOT;10915;12;10913;11;;;10921;15;10923;24;;;10918.0;0.0
yf_ZS=F_d8;53200;ASH_COATED_OSMIUM;10083;23;10079;28;;;10093;13;10095;14;;;10088.0;0.0
yf_ZS=F_d8;53200;INTARIAN_PEPPER_ROOT;10909;8;10906;20;;;10915;16;10918;26;;;10912.0;0.0
yf_ZS=F_d8;53300;ASH_COATED_OSMIUM;10085;19;10082;23;;;10091;6;10095;25;;;10088.0;0.0
yf_ZS=F_d8;53300;INTARIAN_PEPPER_ROOT;10902;12;10899;19;;;10908;8;10911;15;;;10905.0;0.0
yf_ZS=F_d8;53400;ASH_COATED_OSMIUM;10084;15;10080;20;;;10090;14;10092;15;;;10087.0;0.0
yf_ZS=F_d8;53400;INTARIAN_PEPPER_ROOT;10895;23;10892;22;;;10901;9;10904;18;;;10898.0;0.0
yf_ZS=F_d8;53500;ASH_COATED_OSMIUM;10084;13;10080;29;;;10090;11;10092;16;;;10087.0;0.0
yf_ZS=F_d8;53500;INTARIAN_PEPPER_ROOT;10889;12;10886;17;;;10895;12;10898;22;;;10892.0;0.0
yf_ZS=F_d8;53600;ASH_COATED_OSMIUM;10083;16;10081;22;;;10092;19;10096;25;;;10087.5;0.0
yf_ZS=F_d8;53600;INTARIAN_PEPPER_ROOT;10883;21;10881;11;;;10889;14;10893;20;;;10886.0;0.0
yf_ZS=F_d8;53700;ASH_COATED_OSMIUM;10082;9;10079;17;;;10092;17;10094;26;;;10087.0;0.0
yf_ZS=F_d8;53700;INTARIAN_PEPPER_ROOT;10877;9;10873;20;;;10884;10;10886;15;;;10880.5;0.0
yf_ZS=F_d8;53800;ASH_COATED_OSMIUM;10081;8;10078;25;;;10094;20;10097;30;;;10087.5;0.0
yf_ZS=F_d8;53800;INTARIAN_PEPPER_ROOT;10867;13;10865;22;;;10882;18;10885;28;;;10874.5;0.0
yf_ZS=F_d8;53900;ASH_COATED_OSMIUM;10084;15;10081;25;;;10090;13;10092;18;;;10087.0;0.0
yf_ZS=F_d8;53900;INTARIAN_PEPPER_ROOT;10864;26;10861;25;;;10870;8;10872;22;;;10867.0;0.0
yf_ZS=F_d8;54000;ASH_COATED_OSMIUM;10083;13;10079;30;;;10089;13;10092;26;;;10086.0;0.0
yf_ZS=F_d8;54000;INTARIAN_PEPPER_ROOT;10858;13;10854;27;;;10864;22;10867;27;;;10861.0;0.0
yf_ZS=F_d8;54100;ASH_COATED_OSMIUM;10080;15;10076;16;;;10093;13;10095;25;;;10086.5;0.0
yf_ZS=F_d8;54100;INTARIAN_PEPPER_ROOT;10853;22;10849;23;;;10859;6;10862;16;;;10856.0;0.0
yf_ZS=F_d8;54200;ASH_COATED_OSMIUM;10080;18;10078;20;;;10092;22;10096;12;;;10086.0;0.0
yf_ZS=F_d8;54200;INTARIAN_PEPPER_ROOT;10845;19;10842;23;;;10851;19;10854;29;;;10848.0;0.0
yf_ZS=F_d8;54300;ASH_COATED_OSMIUM;10075;13;10072;25;;;10097;6;10101;20;;;10086.0;0.0
yf_ZS=F_d8;54300;INTARIAN_PEPPER_ROOT;10839;13;10835;20;;;10845;6;10849;28;;;10842.0;0.0
yf_ZS=F_d8;54400;ASH_COATED_OSMIUM;10083;17;10081;15;;;10089;23;10093;19;;;10086.0;0.0
yf_ZS=F_d8;54400;INTARIAN_PEPPER_ROOT;10833;5;10830;20;;;10839;13;10842;22;;;10836.0;0.0
yf_ZS=F_d8;54500;ASH_COATED_OSMIUM;10079;16;10075;25;;;10093;9;10097;23;;;10086.0;0.0
yf_ZS=F_d8;54500;INTARIAN_PEPPER_ROOT;10827;13;10824;18;;;10833;19;10836;21;;;10830.0;0.0
yf_ZS=F_d8;54600;ASH_COATED_OSMIUM;10078;18;10076;26;;;10095;5;10099;18;;;10086.5;0.0
yf_ZS=F_d8;54600;INTARIAN_PEPPER_ROOT;10818;10;10815;23;;;10830;23;10832;22;;;10824.0;0.0
yf_ZS=F_d8;54700;ASH_COATED_OSMIUM;10083;11;10081;23;;;10089;26;10091;12;;;10086.0;0.0
yf_ZS=F_d8;54700;INTARIAN_PEPPER_ROOT;10811;8;10808;25;;;10822;5;10824;18;;;10816.5;0.0
yf_ZS=F_d8;54800;ASH_COATED_OSMIUM;10083;10;10079;19;;;10089;30;10093;18;;;10086.0;0.0
yf_ZS=F_d8;54800;INTARIAN_PEPPER_ROOT;10808;16;10804;27;;;10814;9;10818;17;;;10811.0;0.0
yf_ZS=F_d8;54900;ASH_COATED_OSMIUM;10083;10;10080;27;;;10089;18;10092;23;;;10086.0;0.0
yf_ZS=F_d8;54900;INTARIAN_PEPPER_ROOT;10801;14;10799;17;;;10807;8;10809;24;;;10804.0;0.0
yf_ZS=F_d8;55000;ASH_COATED_OSMIUM;10073;18;10070;20;;;10097;17;10099;17;;;10085.0;0.0
yf_ZS=F_d8;55000;INTARIAN_PEPPER_ROOT;10795;12;10791;23;;;10801;12;10805;33;;;10798.0;0.0
yf_ZS=F_d8;55100;ASH_COATED_OSMIUM;10082;13;10080;16;;;10088;12;10090;30;;;10085.0;0.0
yf_ZS=F_d8;55100;INTARIAN_PEPPER_ROOT;10789;13;10785;15;;;10795;18;10798;15;;;10792.0;0.0
yf_ZS=F_d8;55200;ASH_COATED_OSMIUM;10082;16;10078;15;;;10088;19;10090;21;;;10085.0;0.0
yf_ZS=F_d8;55200;INTARIAN_PEPPER_ROOT;10783;24;10781;27;;;10789;26;10791;22;;;10786.0;0.0
yf_ZS=F_d8;55300;ASH_COATED_OSMIUM;10082;19;10080;25;;;10088;6;10091;17;;;10085.0;0.0
yf_ZS=F_d8;55300;INTARIAN_PEPPER_ROOT;10777;17;10773;14;;;10783;21;10786;18;;;10780.0;0.0
yf_ZS=F_d8;55400;ASH_COATED_OSMIUM;10082;10;10080;29;;;10088;17;10090;23;;;10085.0;0.0
yf_ZS=F_d8;55400;INTARIAN_PEPPER_ROOT;10760;16;10758;19;;;10787;20;10789;24;;;10773.5;0.0
yf_ZS=F_d8;55500;ASH_COATED_OSMIUM;10080;14;10078;16;;;10090;12;10093;22;;;10085.0;0.0
yf_ZS=F_d8;55500;INTARIAN_PEPPER_ROOT;10765;9;10763;22;;;10771;20;10774;24;;;10768.0;0.0
yf_ZS=F_d8;55600;ASH_COATED_OSMIUM;10072;15;10070;26;;;10098;21;10102;17;;;10085.0;0.0
yf_ZS=F_d8;55600;INTARIAN_PEPPER_ROOT;10758;16;10755;23;;;10764;13;10768;16;;;10761.0;0.0
yf_ZS=F_d8;55700;ASH_COATED_OSMIUM;10082;18;10080;21;;;10088;19;10092;25;;;10085.0;0.0
yf_ZS=F_d8;55700;INTARIAN_PEPPER_ROOT;10752;22;10750;19;;;10758;21;10762;19;;;10755.0;0.0
yf_ZS=F_d8;55800;ASH_COATED_OSMIUM;10076;21;10074;16;;;10094;14;10096;25;;;10085.0;0.0
yf_ZS=F_d8;55800;INTARIAN_PEPPER_ROOT;10745;15;10742;19;;;10751;13;10754;14;;;10748.0;0.0
yf_ZS=F_d8;55900;ASH_COATED_OSMIUM;10082;21;10079;25;;;10088;18;10091;21;;;10085.0;0.0
yf_ZS=F_d8;55900;INTARIAN_PEPPER_ROOT;10728;21;10726;20;;;10757;22;10761;11;;;10742.5;0.0
yf_ZS=F_d8;56000;ASH_COATED_OSMIUM;10079;10;10075;25;;;10089;14;10091;20;;;10084.0;0.0
yf_ZS=F_d8;56000;INTARIAN_PEPPER_ROOT;10732;18;10730;14;;;10738;17;10741;8;;;10735.0;0.0
yf_ZS=F_d8;56100;ASH_COATED_OSMIUM;10081;13;10078;28;;;10087;16;10089;24;;;10084.0;0.0
yf_ZS=F_d8;56100;INTARIAN_PEPPER_ROOT;10726;10;10722;17;;;10732;21;10735;21;;;10729.0;0.0
yf_ZS=F_d8;56200;ASH_COATED_OSMIUM;10079;5;10077;22;;;10088;19;10091;20;;;10083.5;0.0
yf_ZS=F_d8;56200;INTARIAN_PEPPER_ROOT;10716;7;10712;23;;;10731;15;10735;13;;;10723.5;0.0
yf_ZS=F_d8;56300;ASH_COATED_OSMIUM;10081;12;10078;24;;;10087;8;10090;20;;;10084.0;0.0
yf_ZS=F_d8;56300;INTARIAN_PEPPER_ROOT;10715;20;10711;24;;;10721;19;10725;20;;;10718.0;0.0
yf_ZS=F_d8;56400;ASH_COATED_OSMIUM;10081;13;10078;11;;;10087;14;10089;21;;;10084.0;0.0
yf_ZS=F_d8;56400;INTARIAN_PEPPER_ROOT;10708;14;10706;17;;;10714;5;10718;19;;;10711.0;0.0
yf_ZS=F_d8;56500;ASH_COATED_OSMIUM;10081;17;10078;22;;;10087;17;10091;25;;;10084.0;0.0
yf_ZS=F_d8;56500;INTARIAN_PEPPER_ROOT;10702;5;10698;18;;;10708;22;10710;14;;;10705.0;0.0
yf_ZS=F_d8;56600;ASH_COATED_OSMIUM;10081;16;10079;21;;;10087;18;10090;18;;;10084.0;0.0
yf_ZS=F_d8;56600;INTARIAN_PEPPER_ROOT;10695;25;10691;20;;;10701;13;10705;18;;;10698.0;0.0
