day;timestamp;product;bid_price_1;bid_volume_1;bid_price_2;bid_volume_2;bid_price_3;bid_volume_3;ask_price_1;ask_volume_1;ask_price_2;ask_volume_2;ask_price_3;ask_volume_3;mid_price;profit_and_loss
yf_MKC_d1;0;ASH_COATED_OSMIUM;9936;20;9932;13;;;9942;14;9944;26;;;9939.0;0.0
yf_MKC_d1;0;INTARIAN_PEPPER_ROOT;10645;15;10643;20;;;10651;17;10655;21;;;10648.0;0.0
yf_MKC_d1;100;ASH_COATED_OSMIUM;9935;15;9931;15;;;9941;12;9945;19;;;9938.0;0.0
yf_MKC_d1;100;INTARIAN_PEPPER_ROOT;10645;9;10643;22;;;10653;22;10655;21;;;10649.0;0.0
yf_MKC_d1;200;ASH_COATED_OSMIUM;9935;21;9931;16;;;9941;17;9944;23;;;9938.0;0.0
yf_MKC_d1;200;INTARIAN_PEPPER_ROOT;10646;13;10643;17;;;10652;5;10655;16;;;10649.0;0.0
yf_MKC_d1;300;ASH_COATED_OSMIUM;9935;14;9933;21;;;9941;12;9944;20;;;9938.0;0.0
yf_MKC_d1;300;INTARIAN_PEPPER_ROOT;10647;25;10643;21;;;10653;12;10656;20;;;10650.0;0.0
yf_MKC_d1;400;ASH_COATED_OSMIUM;9935;14;9932;20;;;9941;9;9945;26;;;9938.0;0.0
yf_MKC_d1;400;INTARIAN_PEPPER_ROOT;10648;11;10646;19;;;10654;19;10658;25;;;10651.0;0.0
yf_MKC_d1;500;ASH_COATED_OSMIUM;9935;20;9933;19;;;9941;14;9945;25;;;9938.0;0.0
yf_MKC_d1;500;INTARIAN_PEPPER_ROOT;10648;13;10644;16;;;10654;14;10656;27;;;10651.0;0.0
yf_MKC_d1;600;ASH_COATED_OSMIUM;9935;18;9933;19;;;9941;8;9944;23;;;9938.0;0.0
yf_MKC_d1;600;INTARIAN_PEPPER_ROOT;10645;15;10643;18;;;10660;17;10663;12;;;10652.5;0.0
yf_MKC_d1;700;ASH_COATED_OSMIUM;9933;12;9930;14;;;9942;19;9944;22;;;9937.5;0.0
yf_MKC_d1;700;INTARIAN_PEPPER_ROOT;10651;11;10647;19;;;10657;14;10660;24;;;10654.0;0.0
yf_MKC_d1;800;ASH_COATED_OSMIUM;9936;8;9934;17;;;9942;14;9945;21;;;9939.0;0.0
yf_MKC_d1;800;INTARIAN_PEPPER_ROOT;10651;9;10649;18;;;10658;13;10660;15;;;10654.5;0.0
yf_MKC_d1;900;ASH_COATED_OSMIUM;9935;9;9931;17;;;9941;16;9943;18;;;9938.0;0.0
yf_MKC_d1;900;INTARIAN_PEPPER_ROOT;10643;17;10640;17;;;10666;16;10670;25;;;10654.5;0.0
yf_MKC_d1;1000;ASH_COATED_OSMIUM;9932;7;9928;15;;;9946;15;9950;22;;;9939.0;0.0
yf_MKC_d1;1000;INTARIAN_PEPPER_ROOT;10652;5;10648;19;;;10658;10;10661;8;;;10655.0;0.0
yf_MKC_d1;1100;ASH_COATED_OSMIUM;9935;10;9933;18;;;9941;10;9945;24;;;9938.0;0.0
yf_MKC_d1;1100;INTARIAN_PEPPER_ROOT;10654;17;10650;29;;;10660;8;10663;17;;;10657.0;0.0
yf_MKC_d1;1200;ASH_COATED_OSMIUM;9933;13;9931;25;;;9944;15;9946;8;;;9938.5;0.0
yf_MKC_d1;1200;INTARIAN_PEPPER_ROOT;10654;15;10651;20;;;10660;15;10663;17;;;10657.0;0.0
yf_MKC_d1;1300;ASH_COATED_OSMIUM;9932;5;9930;18;;;9945;19;9948;24;;;9938.5;0.0
yf_MKC_d1;1300;INTARIAN_PEPPER_ROOT;10656;14;10654;32;;;10662;12;10664;21;;;10659.0;0.0
yf_MKC_d1;1400;ASH_COATED_OSMIUM;9933;19;9931;20;;;9944;16;9946;16;;;9938.5;0.0
yf_MKC_d1;1400;INTARIAN_PEPPER_ROOT;10656;21;10653;17;;;10662;11;10666;20;;;10659.0;0.0
yf_MKC_d1;1500;ASH_COATED_OSMIUM;9935;10;9933;23;;;9941;7;9945;21;;;9938.0;0.0
yf_MKC_d1;1500;INTARIAN_PEPPER_ROOT;10657;11;10654;16;;;10663;10;10665;23;;;10660.0;0.0
yf_MKC_d1;1600;ASH_COATED_OSMIUM;9935;11;9932;17;;;9941;19;9943;19;;;9938.0;0.0
yf_MKC_d1;1600;INTARIAN_PEPPER_ROOT;10658;12;10654;20;;;10664;5;10666;25;;;10661.0;0.0
yf_MKC_d1;1700;ASH_COATED_OSMIUM;9935;22;9933;17;;;9941;12;9945;17;;;9938.0;0.0
yf_MKC_d1;1700;INTARIAN_PEPPER_ROOT;10657;17;10653;26;;;10665;15;10669;19;;;10661.0;0.0
yf_MKC_d1;1800;ASH_COATED_OSMIUM;9935;13;9932;28;;;9941;26;9945;14;;;9938.0;0.0
yf_MKC_d1;1800;INTARIAN_PEPPER_ROOT;10658;18;10656;16;;;10666;15;10670;17;;;10662.0;0.0
yf_MKC_d1;1900;ASH_COATED_OSMIUM;9931;10;9928;20;;;9945;17;9949;13;;;9938.0;0.0
yf_MKC_d1;1900;INTARIAN_PEPPER_ROOT;10660;14;10658;21;;;10666;14;10670;29;;;10663.0;0.0
yf_MKC_d1;2000;ASH_COATED_OSMIUM;9934;11;9930;14;;;9943;11;9946;24;;;9938.5;0.0
yf_MKC_d1;2000;INTARIAN_PEPPER_ROOT;10657;15;10654;24;;;10672;22;10675;22;;;10664.5;0.0
yf_MKC_d1;2100;ASH_COATED_OSMIUM;9936;13;9934;16;;;9942;11;9944;22;;;9939.0;0.0
yf_MKC_d1;2100;INTARIAN_PEPPER_ROOT;10661;11;10658;13;;;10667;18;10669;18;;;10664.0;0.0
yf_MKC_d1;2200;ASH_COATED_OSMIUM;9919;13;9916;16;;;9958;16;9960;21;;;9938.5;0.0
yf_MKC_d1;2200;INTARIAN_PEPPER_ROOT;10663;25;10661;21;;;10669;18;10671;17;;;10666.0;0.0
yf_MKC_d1;2300;ASH_COATED_OSMIUM;9936;11;9933;16;;;9942;6;9946;19;;;9939.0;0.0
yf_MKC_d1;2300;INTARIAN_PEPPER_ROOT;10664;21;10661;19;;;10670;7;10673;25;;;10667.0;0.0
yf_MKC_d1;2400;ASH_COATED_OSMIUM;9935;9;9932;18;;;9943;15;9946;27;;;9939.0;0.0
yf_MKC_d1;2400;INTARIAN_PEPPER_ROOT;10664;11;10662;25;;;10670;13;10673;17;;;10667.0;0.0
yf_MKC_d1;2500;ASH_COATED_OSMIUM;9932;11;9930;20;;;9946;10;9948;14;;;9939.0;0.0
yf_MKC_d1;2500;INTARIAN_PEPPER_ROOT;10660;7;10657;23;;;10676;17;10679;23;;;10668.0;0.0
yf_MKC_d1;2600;ASH_COATED_OSMIUM;9934;15;9930;14;;;9943;10;9947;22;;;9938.5;0.0
yf_MKC_d1;2600;INTARIAN_PEPPER_ROOT;10665;19;10661;27;;;10673;10;10675;14;;;10669.0;0.0
yf_MKC_d1;2700;ASH_COATED_OSMIUM;9936;16;9932;15;;;9942;15;9945;24;;;9939.0;0.0
yf_MKC_d1;2700;INTARIAN_PEPPER_ROOT;10656;20;10653;25;;;10684;9;10686;18;;;10670.0;0.0
yf_MKC_d1;2800;ASH_COATED_OSMIUM;9935;13;9932;21;;;9941;15;9944;22;;;9938.0;0.0
yf_MKC_d1;2800;INTARIAN_PEPPER_ROOT;10662;13;10660;25;;;10678;16;10682;8;;;10670.0;0.0
yf_MKC_d1;2900;ASH_COATED_OSMIUM;9935;12;9932;22;;;9941;12;9944;17;;;9938.0;0.0
yf_MKC_d1;2900;INTARIAN_PEPPER_ROOT;10669;12;10667;25;;;10675;16;10677;28;;;10672.0;0.0
yf_MKC_d1;3000;ASH_COATED_OSMIUM;9935;26;9932;23;;;9941;8;9945;10;;;9938.0;0.0
yf_MKC_d1;3000;INTARIAN_PEPPER_ROOT;10668;20;10666;16;;;10678;13;10681;20;;;10673.0;0.0
yf_MKC_d1;3100;ASH_COATED_OSMIUM;9935;22;9933;19;;;9943;11;9946;26;;;9939.0;0.0
yf_MKC_d1;3100;INTARIAN_PEPPER_ROOT;10670;22;10668;8;;;10676;13;10678;20;;;10673.0;0.0
yf_MKC_d1;3200;ASH_COATED_OSMIUM;9934;8;9932;18;;;9944;14;9946;26;;;9939.0;0.0
yf_MKC_d1;3200;INTARIAN_PEPPER_ROOT;10671;5;10667;23;;;10677;17;10681;28;;;10674.0;0.0
yf_MKC_d1;3300;ASH_COATED_OSMIUM;9935;12;9932;26;;;9942;16;9946;18;;;9938.5;0.0
yf_MKC_d1;3300;INTARIAN_PEPPER_ROOT;10671;12;10667;20;;;10679;23;10682;15;;;10675.0;0.0
yf_MKC_d1;3400;ASH_COATED_OSMIUM;9935;30;9932;25;;;9944;18;9947;18;;;9939.5;0.0
yf_MKC_d1;3400;INTARIAN_PEPPER_ROOT;10673;11;10671;15;;;10679;19;10682;26;;;10676.0;0.0
yf_MKC_d1;3500;ASH_COATED_OSMIUM;9936;22;9934;25;;;9942;17;9944;15;;;9939.0;0.0
yf_MKC_d1;3500;INTARIAN_PEPPER_ROOT;10674;13;10672;22;;;10680;13;10684;29;;;10677.0;0.0
yf_MKC_d1;3600;ASH_COATED_OSMIUM;9932;23;9928;13;;;9944;17;9947;14;;;9938.0;0.0
yf_MKC_d1;3600;INTARIAN_PEPPER_ROOT;10669;21;10666;8;;;10685;12;10689;10;;;10677.0;0.0
yf_MKC_d1;3700;ASH_COATED_OSMIUM;9931;11;9928;20;;;9948;12;9950;15;;;9939.5;0.0
yf_MKC_d1;3700;INTARIAN_PEPPER_ROOT;10670;21;10666;22;;;10686;26;10690;16;;;10678.0;0.0
yf_MKC_d1;3800;ASH_COATED_OSMIUM;9932;17;9929;18;;;9945;12;9949;21;;;9938.5;0.0
yf_MKC_d1;3800;INTARIAN_PEPPER_ROOT;10668;18;10665;24;;;10689;5;10693;24;;;10678.5;0.0
yf_MKC_d1;3900;ASH_COATED_OSMIUM;9936;16;9934;17;;;9942;5;9944;20;;;9939.0;0.0
yf_MKC_d1;3900;INTARIAN_PEPPER_ROOT;10677;7;10675;11;;;10683;7;10685;24;;;10680.0;0.0
yf_MKC_d1;4000;ASH_COATED_OSMIUM;9931;27;9927;27;;;9947;16;9950;13;;;9939.0;0.0
yf_MKC_d1;4000;INTARIAN_PEPPER_ROOT;10677;16;10674;20;;;10683;15;10685;23;;;10680.0;0.0
yf_MKC_d1;4100;ASH_COATED_OSMIUM;9936;16;9933;17;;;9942;14;9946;26;;;9939.0;0.0
yf_MKC_d1;4100;INTARIAN_PEPPER_ROOT;10678;11;10676;16;;;10684;10;10688;26;;;10681.0;0.0
yf_MKC_d1;4200;ASH_COATED_OSMIUM;9930;12;9926;25;;;9948;21;9951;14;;;9939.0;0.0
yf_MKC_d1;4200;INTARIAN_PEPPER_ROOT;10673;14;10669;12;;;10691;13;10695;14;;;10682.0;0.0
yf_MKC_d1;4300;ASH_COATED_OSMIUM;9936;9;9934;25;;;9942;18;9944;18;;;9939.0;0.0
yf_MKC_d1;4300;INTARIAN_PEPPER_ROOT;10680;9;10677;12;;;10686;10;10690;21;;;10683.0;0.0
yf_MKC_d1;4400;ASH_COATED_OSMIUM;9936;20;9933;24;;;9942;16;9945;24;;;9939.0;0.0
yf_MKC_d1;4400;INTARIAN_PEPPER_ROOT;10681;10;10678;22;;;10687;9;10690;25;;;10684.0;0.0
yf_MKC_d1;4500;ASH_COATED_OSMIUM;9936;20;9934;24;;;9942;9;9945;25;;;9939.0;0.0
yf_MKC_d1;4500;INTARIAN_PEPPER_ROOT;10679;16;10676;23;;;10690;11;10693;22;;;10684.5;0.0
yf_MKC_d1;4600;ASH_COATED_OSMIUM;9925;16;9923;16;;;9954;13;9958;28;;;9939.5;0.0
yf_MKC_d1;4600;INTARIAN_PEPPER_ROOT;10682;23;10680;21;;;10688;18;10690;24;;;10685.0;0.0
yf_MKC_d1;4700;ASH_COATED_OSMIUM;9936;22;9932;23;;;9942;15;9944;22;;;9939.0;0.0
yf_MKC_d1;4700;INTARIAN_PEPPER_ROOT;10683;10;10681;17;;;10689;13;10692;17;;;10686.0;0.0
yf_MKC_d1;4800;ASH_COATED_OSMIUM;9936;11;9932;8;;;9942;20;9945;16;;;9939.0;0.0
yf_MKC_d1;4800;INTARIAN_PEPPER_ROOT;10685;13;10682;25;;;10691;18;10694;24;;;10688.0;0.0
yf_MKC_d1;4900;ASH_COATED_OSMIUM;9935;10;9931;21;;;9943;5;9947;11;;;9939.0;0.0
yf_MKC_d1;4900;INTARIAN_PEPPER_ROOT;10685;16;10682;21;;;10691;10;10695;18;;;10688.0;0.0
yf_MKC_d1;5000;ASH_COATED_OSMIUM;9936;19;9932;21;;;9942;12;9944;21;;;9939.0;0.0
yf_MKC_d1;5000;INTARIAN_PEPPER_ROOT;10681;16;10678;20;;;10696;18;10700;23;;;10688.5;0.0
yf_MKC_d1;5100;ASH_COATED_OSMIUM;9935;11;9932;15;;;9941;5;9944;26;;;9938.0;0.0
yf_MKC_d1;5100;INTARIAN_PEPPER_ROOT;10684;13;10680;17;;;10695;13;10699;25;;;10689.5;0.0
yf_MKC_d1;5200;ASH_COATED_OSMIUM;9936;21;9933;29;;;9942;18;9944;13;;;9939.0;0.0
yf_MKC_d1;5200;INTARIAN_PEPPER_ROOT;10680;17;10676;15;;;10701;13;10705;25;;;10690.5;0.0
yf_MKC_d1;5300;ASH_COATED_OSMIUM;9936;6;9934;22;;;9942;15;9946;21;;;9939.0;0.0
yf_MKC_d1;5300;INTARIAN_PEPPER_ROOT;10688;12;10686;21;;;10694;20;10696;20;;;10691.0;0.0
yf_MKC_d1;5400;ASH_COATED_OSMIUM;9936;11;9934;24;;;9942;17;9945;19;;;9939.0;0.0
yf_MKC_d1;5400;INTARIAN_PEPPER_ROOT;10684;21;10682;18;;;10700;11;10702;25;;;10692.0;0.0
yf_MKC_d1;5500;ASH_COATED_OSMIUM;9936;10;9932;19;;;9943;10;9946;14;;;9939.5;0.0
yf_MKC_d1;5500;INTARIAN_PEPPER_ROOT;10688;20;10686;23;;;10697;10;10699;15;;;10692.5;0.0
yf_MKC_d1;5600;ASH_COATED_OSMIUM;9933;16;9931;15;;;9946;27;9949;16;;;9939.5;0.0
yf_MKC_d1;5600;INTARIAN_PEPPER_ROOT;10690;19;10686;17;;;10696;14;10698;23;;;10693.0;0.0
yf_MKC_d1;5700;ASH_COATED_OSMIUM;9936;14;9934;20;;;9942;5;9946;15;;;9939.0;0.0
yf_MKC_d1;5700;INTARIAN_PEPPER_ROOT;10692;16;10689;13;;;10698;16;10701;20;;;10695.0;0.0
yf_MKC_d1;5800;ASH_COATED_OSMIUM;9936;19;9933;17;;;9942;17;9945;29;;;9939.0;0.0
yf_MKC_d1;5800;INTARIAN_PEPPER_ROOT;10690;16;10688;16;;;10700;15;10703;24;;;10695.0;0.0
yf_MKC_d1;5900;ASH_COATED_OSMIUM;9936;18;9932;16;;;9942;8;9946;28;;;9939.0;0.0
yf_MKC_d1;5900;INTARIAN_PEPPER_ROOT;10693;8;10690;20;;;10699;7;10702;14;;;10696.0;0.0
yf_MKC_d1;6000;ASH_COATED_OSMIUM;9932;5;9928;21;;;9947;17;9951;25;;;9939.5;0.0
yf_MKC_d1;6000;INTARIAN_PEPPER_ROOT;10694;15;10690;21;;;10700;19;10704;27;;;10697.0;0.0
yf_MKC_d1;6100;ASH_COATED_OSMIUM;9934;21;9931;14;;;9944;5;9948;25;;;9939.0;0.0
yf_MKC_d1;6100;INTARIAN_PEPPER_ROOT;10693;15;10691;30;;;10701;15;10703;11;;;10697.0;0.0
yf_MKC_d1;6200;ASH_COATED_OSMIUM;9935;7;9933;21;;;9944;11;9947;21;;;9939.5;0.0
yf_MKC_d1;6200;INTARIAN_PEPPER_ROOT;10688;29;10686;13;;;10710;10;10714;15;;;10699.0;0.0
yf_MKC_d1;6300;ASH_COATED_OSMIUM;9935;22;9932;24;;;9943;14;9946;13;;;9939.0;0.0
yf_MKC_d1;6300;INTARIAN_PEPPER_ROOT;10690;18;10687;26;;;10709;21;10712;16;;;10699.5;0.0
yf_MKC_d1;6400;ASH_COATED_OSMIUM;9934;22;9931;17;;;9945;16;9947;19;;;9939.5;0.0
yf_MKC_d1;6400;INTARIAN_PEPPER_ROOT;10696;19;10693;21;;;10705;18;10707;14;;;10700.5;0.0
yf_MKC_d1;6500;ASH_COATED_OSMIUM;9934;12;9930;26;;;9944;15;9946;14;;;9939.0;0.0
yf_MKC_d1;6500;INTARIAN_PEPPER_ROOT;10698;17;10696;20;;;10704;15;10708;25;;;10701.0;0.0
yf_MKC_d1;6600;ASH_COATED_OSMIUM;9937;18;9935;13;;;9943;7;9945;24;;;9940.0;0.0
yf_MKC_d1;6600;INTARIAN_PEPPER_ROOT;10699;17;10696;29;;;10705;8;10708;27;;;10702.0;0.0
yf_MKC_d1;6700;ASH_COATED_OSMIUM;9936;16;9932;27;;;9942;20;9946;33;;;9939.0;0.0
yf_MKC_d1;6700;INTARIAN_PEPPER_ROOT;10699;15;10695;28;;;10705;7;10707;22;;;10702.0;0.0
yf_MKC_d1;6800;ASH_COATED_OSMIUM;9937;24;9934;20;;;9943;14;9946;16;;;9940.0;0.0
yf_MKC_d1;6800;INTARIAN_PEPPER_ROOT;10697;15;10694;19;;;10710;13;10712;13;;;10703.5;0.0
yf_MKC_d1;6900;ASH_COATED_OSMIUM;9937;10;9933;19;;;9943;15;9947;13;;;9940.0;0.0
yf_MKC_d1;6900;INTARIAN_PEPPER_ROOT;10701;16;10699;23;;;10707;11;10711;23;;;10704.0;0.0
yf_MKC_d1;7000;ASH_COATED_OSMIUM;9937;5;9935;21;;;9943;9;9946;15;;;9940.0;0.0
yf_MKC_d1;7000;INTARIAN_PEPPER_ROOT;10702;11;10700;22;;;10708;19;10711;18;;;10705.0;0.0
yf_MKC_d1;7100;ASH_COATED_OSMIUM;9936;24;9932;17;;;9942;15;9946;30;;;9939.0;0.0
yf_MKC_d1;7100;INTARIAN_PEPPER_ROOT;10704;16;10700;24;;;10710;16;10714;22;;;10707.0;0.0
yf_MKC_d1;7200;ASH_COATED_OSMIUM;9936;19;9933;21;;;9942;17;9945;31;;;9939.0;0.0
yf_MKC_d1;7200;INTARIAN_PEPPER_ROOT;10704;21;10701;18;;;10710;8;10714;19;;;10707.0;0.0
yf_MKC_d1;7300;ASH_COATED_OSMIUM;9927;9;9923;21;;;9951;14;9953;24;;;9939.0;0.0
yf_MKC_d1;7300;INTARIAN_PEPPER_ROOT;10704;19;10700;27;;;10710;6;10714;21;;;10707.0;0.0
yf_MKC_d1;7400;ASH_COATED_OSMIUM;9935;16;9932;26;;;9945;14;9949;10;;;9940.0;0.0
yf_MKC_d1;7400;INTARIAN_PEPPER_ROOT;10706;12;10703;18;;;10712;26;10715;25;;;10709.0;0.0
yf_MKC_d1;7500;ASH_COATED_OSMIUM;9937;17;9933;18;;;9943;14;9945;11;;;9940.0;0.0
yf_MKC_d1;7500;INTARIAN_PEPPER_ROOT;10706;11;10703;18;;;10712;18;10715;21;;;10709.0;0.0
yf_MKC_d1;7600;ASH_COATED_OSMIUM;9937;9;9933;15;;;9943;26;9945;20;;;9940.0;0.0
yf_MKC_d1;7600;INTARIAN_PEPPER_ROOT;10708;12;10706;16;;;10714;17;10716;23;;;10711.0;0.0
yf_MKC_d1;7700;ASH_COATED_OSMIUM;9936;12;9932;26;;;9942;14;9944;18;;;9939.0;0.0
yf_MKC_d1;7700;INTARIAN_PEPPER_ROOT;10708;10;10706;23;;;10714;11;10716;20;;;10711.0;0.0
yf_MKC_d1;7800;ASH_COATED_OSMIUM;9937;7;9933;19;;;9943;12;9947;25;;;9940.0;0.0
yf_MKC_d1;7800;INTARIAN_PEPPER_ROOT;10709;11;10706;24;;;10715;17;10719;16;;;10712.0;0.0
yf_MKC_d1;7900;ASH_COATED_OSMIUM;9937;5;9933;22;;;9943;21;9945;17;;;9940.0;0.0
yf_MKC_d1;7900;INTARIAN_PEPPER_ROOT;10710;12;10708;24;;;10716;7;10719;16;;;10713.0;0.0
yf_MKC_d1;8000;ASH_COATED_OSMIUM;9936;18;9933;18;;;9942;17;9944;20;;;9939.0;0.0
yf_MKC_d1;8000;INTARIAN_PEPPER_ROOT;10708;11;10705;22;;;10719;10;10723;19;;;10713.5;0.0
yf_MKC_d1;8100;ASH_COATED_OSMIUM;9929;17;9925;15;;;9949;11;9952;20;;;9939.0;0.0
yf_MKC_d1;8100;INTARIAN_PEPPER_ROOT;10711;15;10709;24;;;10717;14;10720;22;;;10714.0;0.0
yf_MKC_d1;8200;ASH_COATED_OSMIUM;9937;14;9934;26;;;9943;26;9945;9;;;9940.0;0.0
yf_MKC_d1;8200;INTARIAN_PEPPER_ROOT;10713;20;10709;20;;;10719;14;10721;29;;;10716.0;0.0
yf_MKC_d1;8300;ASH_COATED_OSMIUM;9928;14;9924;15;;;9951;19;9954;23;;;9939.5;0.0
yf_MKC_d1;8300;INTARIAN_PEPPER_ROOT;10713;8;10710;20;;;10719;11;10722;21;;;10716.0;0.0
yf_MKC_d1;8400;ASH_COATED_OSMIUM;9937;10;9934;26;;;9943;15;9945;19;;;9940.0;0.0
yf_MKC_d1;8400;INTARIAN_PEPPER_ROOT;10714;19;10712;21;;;10720;15;10724;16;;;10717.0;0.0
yf_MKC_d1;8500;ASH_COATED_OSMIUM;9932;18;9930;18;;;9947;25;9949;22;;;9939.5;0.0
yf_MKC_d1;8500;INTARIAN_PEPPER_ROOT;10702;16;10700;17;;;10733;12;10735;24;;;10717.5;0.0
yf_MKC_d1;8600;ASH_COATED_OSMIUM;9936;19;9933;19;;;9942;15;9945;22;;;9939.0;0.0
yf_MKC_d1;8600;INTARIAN_PEPPER_ROOT;10709;9;10705;11;;;10727;14;10730;19;;;10718.0;0.0
yf_MKC_d1;8700;ASH_COATED_OSMIUM;9937;6;9935;12;;;9943;11;9945;24;;;9940.0;0.0
yf_MKC_d1;8700;INTARIAN_PEPPER_ROOT;10716;17;10712;13;;;10722;12;10724;13;;;10719.0;0.0
yf_MKC_d1;8800;ASH_COATED_OSMIUM;9935;10;9932;30;;;9944;8;9946;23;;;9939.5;0.0
yf_MKC_d1;8800;INTARIAN_PEPPER_ROOT;10717;27;10715;29;;;10723;11;10725;16;;;10720.0;0.0
yf_MKC_d1;8900;ASH_COATED_OSMIUM;9933;14;9931;22;;;9946;7;9949;22;;;9939.5;0.0
yf_MKC_d1;8900;INTARIAN_PEPPER_ROOT;10718;16;10714;18;;;10724;5;10727;22;;;10721.0;0.0
yf_MKC_d1;9000;ASH_COATED_OSMIUM;9936;14;9933;29;;;9942;15;9945;19;;;9939.0;0.0
yf_MKC_d1;9000;INTARIAN_PEPPER_ROOT;10710;12;10708;27;;;10732;16;10734;15;;;10721.0;0.0
yf_MKC_d1;9100;ASH_COATED_OSMIUM;9936;8;9932;30;;;9942;22;9945;19;;;9939.0;0.0
yf_MKC_d1;9100;INTARIAN_PEPPER_ROOT;10713;19;10711;15;;;10732;20;10734;16;;;10722.5;0.0
yf_MKC_d1;9200;ASH_COATED_OSMIUM;9936;19;9933;23;;;9942;5;9944;27;;;9939.0;0.0
yf_MKC_d1;9200;INTARIAN_PEPPER_ROOT;10720;8;10718;21;;;10726;14;10730;19;;;10723.0;0.0
yf_MKC_d1;9300;ASH_COATED_OSMIUM;9936;13;9933;15;;;9942;6;9945;18;;;9939.0;0.0
yf_MKC_d1;9300;INTARIAN_PEPPER_ROOT;10720;13;10718;11;;;10727;5;10730;18;;;10723.5;0.0
yf_MKC_d1;9400;ASH_COATED_OSMIUM;9936;15;9933;22;;;9942;11;9945;23;;;9939.0;0.0
yf_MKC_d1;9400;INTARIAN_PEPPER_ROOT;10721;19;10718;16;;;10727;14;10729;20;;;10724.0;0.0
yf_MKC_d1;9500;ASH_COATED_OSMIUM;9937;16;9934;16;;;9943;15;9945;14;;;9940.0;0.0
yf_MKC_d1;9500;INTARIAN_PEPPER_ROOT;10720;11;10717;26;;;10732;8;10735;16;;;10726.0;0.0
yf_MKC_d1;9600;ASH_COATED_OSMIUM;9937;16;9935;22;;;9943;19;9945;20;;;9940.0;0.0
yf_MKC_d1;9600;INTARIAN_PEPPER_ROOT;10713;22;10709;14;;;10739;22;10742;16;;;10726.0;0.0
yf_MKC_d1;9700;ASH_COATED_OSMIUM;9935;16;9932;15;;;9943;19;9946;24;;;9939.0;0.0
yf_MKC_d1;9700;INTARIAN_PEPPER_ROOT;10725;19;10722;24;;;10731;7;10734;18;;;10728.0;0.0
yf_MKC_d1;9800;ASH_COATED_OSMIUM;9937;18;9933;19;;;9943;16;9946;26;;;9940.0;0.0
yf_MKC_d1;9800;INTARIAN_PEPPER_ROOT;10725;11;10722;22;;;10731;20;10734;26;;;10728.0;0.0
yf_MKC_d1;9900;ASH_COATED_OSMIUM;9937;9;9933;23;;;9943;13;9945;22;;;9940.0;0.0
yf_MKC_d1;9900;INTARIAN_PEPPER_ROOT;10726;18;10722;18;;;10732;16;10734;17;;;10729.0;0.0
yf_MKC_d1;10000;ASH_COATED_OSMIUM;9936;24;9933;19;;;9943;12;9947;13;;;9939.5;0.0
yf_MKC_d1;10000;INTARIAN_PEPPER_ROOT;10727;14;10724;17;;;10733;13;10735;13;;;10730.0;0.0
yf_MKC_d1;10100;ASH_COATED_OSMIUM;9937;21;9933;19;;;9943;23;9947;18;;;9940.0;0.0
yf_MKC_d1;10100;INTARIAN_PEPPER_ROOT;10727;21;10723;14;;;10735;15;10737;20;;;10731.0;0.0
yf_MKC_d1;10200;ASH_COATED_OSMIUM;9936;13;9932;24;;;9942;16;9945;13;;;9939.0;0.0
yf_MKC_d1;10200;INTARIAN_PEPPER_ROOT;10728;13;10726;14;;;10734;20;10738;13;;;10731.0;0.0
yf_MKC_d1;10300;ASH_COATED_OSMIUM;9937;22;9935;26;;;9943;5;9946;14;;;9940.0;0.0
yf_MKC_d1;10300;INTARIAN_PEPPER_ROOT;10723;18;10719;16;;;10741;21;10744;22;;;10732.0;0.0
yf_MKC_d1;10400;ASH_COATED_OSMIUM;9937;17;9935;12;;;9943;10;9947;22;;;9940.0;0.0
yf_MKC_d1;10400;INTARIAN_PEPPER_ROOT;10730;16;10727;15;;;10737;20;10739;30;;;10733.5;0.0
yf_MKC_d1;10500;ASH_COATED_OSMIUM;9933;14;9929;12;;;9945;23;9947;23;;;9939.0;0.0
yf_MKC_d1;10500;INTARIAN_PEPPER_ROOT;10731;19;10728;21;;;10737;13;10741;15;;;10734.0;0.0
yf_MKC_d1;10600;ASH_COATED_OSMIUM;9937;14;9933;11;;;9943;14;9947;21;;;9940.0;0.0
yf_MKC_d1;10600;INTARIAN_PEPPER_ROOT;10731;15;10729;17;;;10738;10;10742;19;;;10734.5;0.0
yf_MKC_d1;10700;ASH_COATED_OSMIUM;9936;7;9933;20;;;9944;19;9947;28;;;9940.0;0.0
yf_MKC_d1;10700;INTARIAN_PEPPER_ROOT;10733;23;10729;14;;;10739;14;10743;13;;;10736.0;0.0
yf_MKC_d1;10800;ASH_COATED_OSMIUM;9934;25;9930;23;;;9944;9;9947;20;;;9939.0;0.0
yf_MKC_d1;10800;INTARIAN_PEPPER_ROOT;10733;16;10731;17;;;10739;11;10742;20;;;10736.0;0.0
yf_MKC_d1;10900;ASH_COATED_OSMIUM;9934;9;9931;20;;;9946;7;9948;17;;;9940.0;0.0
yf_MKC_d1;10900;INTARIAN_PEPPER_ROOT;10734;10;10731;27;;;10740;11;10744;18;;;10737.0;0.0
yf_MKC_d1;11000;ASH_COATED_OSMIUM;9936;14;9934;15;;;9944;12;9946;20;;;9940.0;0.0
yf_MKC_d1;11000;INTARIAN_PEPPER_ROOT;10735;5;10731;16;;;10741;23;10745;19;;;10738.0;0.0
yf_MKC_d1;11100;ASH_COATED_OSMIUM;9936;10;9932;13;;;9942;10;9944;24;;;9939.0;0.0
yf_MKC_d1;11100;INTARIAN_PEPPER_ROOT;10736;20;10733;23;;;10742;26;10744;24;;;10739.0;0.0
yf_MKC_d1;11200;ASH_COATED_OSMIUM;9936;21;9934;27;;;9943;18;9946;29;;;9939.5;0.0
yf_MKC_d1;11200;INTARIAN_PEPPER_ROOT;10735;11;10732;18;;;10744;5;10747;26;;;10739.5;0.0
yf_MKC_d1;11300;ASH_COATED_OSMIUM;9937;14;9933;25;;;9943;9;9946;26;;;9940.0;0.0
yf_MKC_d1;11300;INTARIAN_PEPPER_ROOT;10738;22;10734;21;;;10744;15;10747;17;;;10741.0;0.0
yf_MKC_d1;11400;ASH_COATED_OSMIUM;9937;6;9935;27;;;9943;7;9947;16;;;9940.0;0.0
yf_MKC_d1;11400;INTARIAN_PEPPER_ROOT;10738;20;10735;9;;;10744;18;10746;16;;;10741.0;0.0
yf_MKC_d1;11500;ASH_COATED_OSMIUM;9935;20;9932;25;;;9945;10;9948;25;;;9940.0;0.0
yf_MKC_d1;11500;INTARIAN_PEPPER_ROOT;10740;16;10738;17;;;10746;7;10750;11;;;10743.0;0.0
yf_MKC_d1;11600;ASH_COATED_OSMIUM;9934;7;9931;16;;;9946;19;9948;26;;;9940.0;0.0
yf_MKC_d1;11600;INTARIAN_PEPPER_ROOT;10740;12;10738;26;;;10746;21;10750;25;;;10743.0;0.0
yf_MKC_d1;11700;ASH_COATED_OSMIUM;9937;22;9933;17;;;9943;18;9946;22;;;9940.0;0.0
yf_MKC_d1;11700;INTARIAN_PEPPER_ROOT;10740;19;10738;18;;;10746;14;10749;11;;;10743.0;0.0
yf_MKC_d1;11800;ASH_COATED_OSMIUM;9937;21;9934;21;;;9943;20;9945;19;;;9940.0;0.0
yf_MKC_d1;11800;INTARIAN_PEPPER_ROOT;10741;26;10739;25;;;10747;14;10751;20;;;10744.0;0.0
yf_MKC_d1;11900;ASH_COATED_OSMIUM;9937;19;9935;19;;;9943;15;9946;22;;;9940.0;0.0
yf_MKC_d1;11900;INTARIAN_PEPPER_ROOT;10742;18;10738;22;;;10748;12;10751;19;;;10745.0;0.0
yf_MKC_d1;12000;ASH_COATED_OSMIUM;9937;7;9935;10;;;9943;9;9947;19;;;9940.0;0.0
yf_MKC_d1;12000;INTARIAN_PEPPER_ROOT;10735;12;10732;21;;;10758;20;10760;25;;;10746.5;0.0
yf_MKC_d1;12100;ASH_COATED_OSMIUM;9937;5;9933;18;;;9943;5;9945;11;;;9940.0;0.0
yf_MKC_d1;12100;INTARIAN_PEPPER_ROOT;10744;6;10740;20;;;10750;21;10752;26;;;10747.0;0.0
yf_MKC_d1;12200;ASH_COATED_OSMIUM;9933;16;9931;18;;;9946;17;9948;24;;;9939.5;0.0
yf_MKC_d1;12200;INTARIAN_PEPPER_ROOT;10745;12;10741;18;;;10751;20;10754;25;;;10748.0;0.0
yf_MKC_d1;12300;ASH_COATED_OSMIUM;9937;18;9933;17;;;9944;19;9946;15;;;9940.5;0.0
yf_MKC_d1;12300;INTARIAN_PEPPER_ROOT;10745;24;10742;19;;;10751;27;10754;14;;;10748.0;0.0
yf_MKC_d1;12400;ASH_COATED_OSMIUM;9937;9;9934;14;;;9943;21;9947;25;;;9940.0;0.0
yf_MKC_d1;12400;INTARIAN_PEPPER_ROOT;10747;5;10744;21;;;10753;17;10755;17;;;10750.0;0.0
yf_MKC_d1;12500;ASH_COATED_OSMIUM;9936;7;9934;25;;;9945;14;9949;22;;;9940.5;0.0
yf_MKC_d1;12500;INTARIAN_PEPPER_ROOT;10747;11;10744;16;;;10753;13;10755;14;;;10750.0;0.0
yf_MKC_d1;12600;ASH_COATED_OSMIUM;9937;11;9933;23;;;9943;16;9947;21;;;9940.0;0.0
yf_MKC_d1;12600;INTARIAN_PEPPER_ROOT;10748;11;10745;35;;;10754;10;10757;18;;;10751.0;0.0
yf_MKC_d1;12700;ASH_COATED_OSMIUM;9937;14;9933;12;;;9943;14;9945;16;;;9940.0;0.0
yf_MKC_d1;12700;INTARIAN_PEPPER_ROOT;10741;23;10738;21;;;10762;10;10765;16;;;10751.5;0.0
yf_MKC_d1;12800;ASH_COATED_OSMIUM;9935;19;9932;20;;;9946;21;9948;30;;;9940.5;0.0
yf_MKC_d1;12800;INTARIAN_PEPPER_ROOT;10749;19;10747;16;;;10756;15;10758;23;;;10752.5;0.0
yf_MKC_d1;12900;ASH_COATED_OSMIUM;9937;19;9933;18;;;9943;6;9946;22;;;9940.0;0.0
yf_MKC_d1;12900;INTARIAN_PEPPER_ROOT;10750;13;10747;14;;;10756;24;10758;19;;;10753.0;0.0
yf_MKC_d1;13000;ASH_COATED_OSMIUM;9938;5;9936;19;;;9944;20;9948;23;;;9941.0;0.0
yf_MKC_d1;13000;INTARIAN_PEPPER_ROOT;10749;13;10745;15;;;10761;6;10764;23;;;10755.0;0.0
yf_MKC_d1;13100;ASH_COATED_OSMIUM;9937;15;9933;19;;;9943;8;9946;17;;;9940.0;0.0
yf_MKC_d1;13100;INTARIAN_PEPPER_ROOT;10753;14;10750;28;;;10759;22;10762;22;;;10756.0;0.0
yf_MKC_d1;13200;ASH_COATED_OSMIUM;9933;25;9929;21;;;9947;13;9951;18;;;9940.0;0.0
yf_MKC_d1;13200;INTARIAN_PEPPER_ROOT;10748;10;10745;20;;;10764;22;10768;19;;;10756.0;0.0
yf_MKC_d1;13300;ASH_COATED_OSMIUM;9937;23;9935;22;;;9944;17;9947;33;;;9940.5;0.0
yf_MKC_d1;13300;INTARIAN_PEPPER_ROOT;10754;12;10752;20;;;10760;16;10764;18;;;10757.0;0.0
yf_MKC_d1;13400;ASH_COATED_OSMIUM;9937;8;9933;28;;;9943;22;9945;22;;;9940.0;0.0
yf_MKC_d1;13400;INTARIAN_PEPPER_ROOT;10755;23;10753;21;;;10761;22;10764;31;;;10758.0;0.0
yf_MKC_d1;13500;ASH_COATED_OSMIUM;9937;8;9935;19;;;9943;14;9947;11;;;9940.0;0.0
yf_MKC_d1;13500;INTARIAN_PEPPER_ROOT;10756;18;10754;17;;;10762;16;10765;20;;;10759.0;0.0
yf_MKC_d1;13600;ASH_COATED_OSMIUM;9938;14;9936;19;;;9944;15;9947;32;;;9941.0;0.0
yf_MKC_d1;13600;INTARIAN_PEPPER_ROOT;10755;18;10753;22;;;10764;19;10767;23;;;10759.5;0.0
yf_MKC_d1;13700;ASH_COATED_OSMIUM;9934;21;9930;24;;;9946;16;9948;19;;;9940.0;0.0
yf_MKC_d1;13700;INTARIAN_PEPPER_ROOT;10757;14;10753;16;;;10763;12;10766;10;;;10760.0;0.0
yf_MKC_d1;13800;ASH_COATED_OSMIUM;9938;14;9936;21;;;9944;11;9946;23;;;9941.0;0.0
yf_MKC_d1;13800;INTARIAN_PEPPER_ROOT;10758;7;10756;25;;;10764;14;10766;13;;;10761.0;0.0
yf_MKC_d1;13900;ASH_COATED_OSMIUM;9937;14;9934;20;;;9944;19;9947;17;;;9940.5;0.0
yf_MKC_d1;13900;INTARIAN_PEPPER_ROOT;10757;21;10754;27;;;10767;7;10770;21;;;10762.0;0.0
yf_MKC_d1;14000;ASH_COATED_OSMIUM;9937;15;9935;21;;;9943;16;9947;14;;;9940.0;0.0
yf_MKC_d1;14000;INTARIAN_PEPPER_ROOT;10760;12;10758;17;;;10766;13;10770;11;;;10763.0;0.0
yf_MKC_d1;14100;ASH_COATED_OSMIUM;9935;9;9933;10;;;9946;10;9949;20;;;9940.5;0.0
yf_MKC_d1;14100;INTARIAN_PEPPER_ROOT;10761;17;10758;23;;;10767;5;10771;15;;;10764.0;0.0
yf_MKC_d1;14200;ASH_COATED_OSMIUM;9937;11;9934;25;;;9943;11;9947;24;;;9940.0;0.0
yf_MKC_d1;14200;INTARIAN_PEPPER_ROOT;10761;12;10758;18;;;10767;12;10770;24;;;10764.0;0.0
yf_MKC_d1;14300;ASH_COATED_OSMIUM;9938;8;9936;24;;;9944;5;9946;23;;;9941.0;0.0
yf_MKC_d1;14300;INTARIAN_PEPPER_ROOT;10762;12;10758;23;;;10768;26;10770;20;;;10765.0;0.0
yf_MKC_d1;14400;ASH_COATED_OSMIUM;9937;13;9933;25;;;9943;13;9945;23;;;9940.0;0.0
yf_MKC_d1;14400;INTARIAN_PEPPER_ROOT;10763;9;10760;17;;;10769;21;10773;22;;;10766.0;0.0
yf_MKC_d1;14500;ASH_COATED_OSMIUM;9935;15;9932;19;;;9946;10;9949;21;;;9940.5;0.0
yf_MKC_d1;14500;INTARIAN_PEPPER_ROOT;10764;10;10760;14;;;10770;22;10773;16;;;10767.0;0.0
yf_MKC_d1;14600;ASH_COATED_OSMIUM;9926;13;9923;16;;;9954;6;9957;17;;;9940.0;0.0
yf_MKC_d1;14600;INTARIAN_PEPPER_ROOT;10763;22;10760;15;;;10773;18;10775;14;;;10768.0;0.0
yf_MKC_d1;14700;ASH_COATED_OSMIUM;9936;17;9933;16;;;9944;11;9947;19;;;9940.0;0.0
yf_MKC_d1;14700;INTARIAN_PEPPER_ROOT;10754;13;10750;21;;;10783;14;10785;14;;;10768.5;0.0
yf_MKC_d1;14800;ASH_COATED_OSMIUM;9936;16;9933;17;;;9947;16;9951;24;;;9941.5;0.0
yf_MKC_d1;14800;INTARIAN_PEPPER_ROOT;10766;5;10763;19;;;10772;5;10774;16;;;10769.0;0.0
yf_MKC_d1;14900;ASH_COATED_OSMIUM;9937;16;9934;20;;;9943;11;9947;23;;;9940.0;0.0
yf_MKC_d1;14900;INTARIAN_PEPPER_ROOT;10766;8;10762;9;;;10776;14;10778;18;;;10771.0;0.0
yf_MKC_d1;15000;ASH_COATED_OSMIUM;9929;17;9926;11;;;9950;16;9953;20;;;9939.5;0.0
yf_MKC_d1;15000;INTARIAN_PEPPER_ROOT;10767;16;10764;14;;;10773;13;10775;21;;;10770.0;0.0
yf_MKC_d1;15100;ASH_COATED_OSMIUM;9938;15;9934;23;;;9944;12;9946;18;;;9941.0;0.0
yf_MKC_d1;15100;INTARIAN_PEPPER_ROOT;10769;12;10765;22;;;10775;23;10779;14;;;10772.0;0.0
yf_MKC_d1;15200;ASH_COATED_OSMIUM;9937;14;9933;29;;;9943;10;9947;16;;;9940.0;0.0
yf_MKC_d1;15200;INTARIAN_PEPPER_ROOT;10766;12;10763;15;;;10781;14;10785;21;;;10773.5;0.0
yf_MKC_d1;15300;ASH_COATED_OSMIUM;9937;20;9933;28;;;9943;20;9945;21;;;9940.0;0.0
yf_MKC_d1;15300;INTARIAN_PEPPER_ROOT;10764;20;10761;15;;;10782;14;10784;22;;;10773.0;0.0
yf_MKC_d1;15400;ASH_COATED_OSMIUM;9938;18;9934;25;;;9944;10;9948;26;;;9941.0;0.0
yf_MKC_d1;15400;INTARIAN_PEPPER_ROOT;10771;15;10767;21;;;10777;16;10781;19;;;10774.0;0.0
yf_MKC_d1;15500;ASH_COATED_OSMIUM;9927;21;9925;19;;;9954;9;9957;14;;;9940.5;0.0
yf_MKC_d1;15500;INTARIAN_PEPPER_ROOT;10773;7;10771;26;;;10779;22;10782;8;;;10776.0;0.0
yf_MKC_d1;15600;ASH_COATED_OSMIUM;9938;10;9936;25;;;9944;27;9948;22;;;9941.0;0.0
yf_MKC_d1;15600;INTARIAN_PEPPER_ROOT;10772;16;10769;22;;;10779;8;10781;20;;;10775.5;0.0
yf_MKC_d1;15700;ASH_COATED_OSMIUM;9932;15;9929;27;;;9949;11;9953;19;;;9940.5;0.0
yf_MKC_d1;15700;INTARIAN_PEPPER_ROOT;10768;19;10765;15;;;10785;27;10787;19;;;10776.5;0.0
yf_MKC_d1;15800;ASH_COATED_OSMIUM;9931;17;9928;22;;;9950;7;9953;8;;;9940.5;0.0
yf_MKC_d1;15800;INTARIAN_PEPPER_ROOT;10772;20;10769;8;;;10784;13;10786;17;;;10778.0;0.0
yf_MKC_d1;15900;ASH_COATED_OSMIUM;9935;10;9931;22;;;9946;13;9950;21;;;9940.5;0.0
yf_MKC_d1;15900;INTARIAN_PEPPER_ROOT;10775;18;10773;20;;;10781;13;10784;18;;;10778.0;0.0
yf_MKC_d1;16000;ASH_COATED_OSMIUM;9938;14;9935;18;;;9944;9;9948;26;;;9941.0;0.0
yf_MKC_d1;16000;INTARIAN_PEPPER_ROOT;10776;7;10773;14;;;10782;16;10786;26;;;10779.0;0.0
yf_MKC_d1;16100;ASH_COATED_OSMIUM;9935;11;9933;15;;;9947;22;9951;19;;;9941.0;0.0
yf_MKC_d1;16100;INTARIAN_PEPPER_ROOT;10777;21;10774;22;;;10783;10;10787;20;;;10780.0;0.0
yf_MKC_d1;16200;ASH_COATED_OSMIUM;9934;23;9931;17;;;9946;21;9949;20;;;9940.0;0.0
yf_MKC_d1;16200;INTARIAN_PEPPER_ROOT;10778;22;10776;17;;;10784;19;10786;13;;;10781.0;0.0
yf_MKC_d1;16300;ASH_COATED_OSMIUM;9933;8;9929;14;;;9948;22;9952;22;;;9940.5;0.0
yf_MKC_d1;16300;INTARIAN_PEPPER_ROOT;10778;6;10775;21;;;10784;19;10786;19;;;10781.0;0.0
yf_MKC_d1;16400;ASH_COATED_OSMIUM;9938;19;9936;23;;;9944;19;9948;14;;;9941.0;0.0
yf_MKC_d1;16400;INTARIAN_PEPPER_ROOT;10773;16;10770;16;;;10791;20;10794;14;;;10782.0;0.0
yf_MKC_d1;16500;ASH_COATED_OSMIUM;9937;20;9935;16;;;9946;8;9948;18;;;9941.5;0.0
yf_MKC_d1;16500;INTARIAN_PEPPER_ROOT;10780;10;10778;22;;;10787;8;10789;18;;;10783.5;0.0
yf_MKC_d1;16600;ASH_COATED_OSMIUM;9935;21;9932;21;;;9947;7;9949;24;;;9941.0;0.0
yf_MKC_d1;16600;INTARIAN_PEPPER_ROOT;10781;5;10779;19;;;10787;13;10790;16;;;10784.0;0.0
yf_MKC_d1;16700;ASH_COATED_OSMIUM;9938;11;9936;15;;;9944;18;9947;22;;;9941.0;0.0
yf_MKC_d1;16700;INTARIAN_PEPPER_ROOT;10778;14;10775;19;;;10793;20;10796;29;;;10785.5;0.0
yf_MKC_d1;16800;ASH_COATED_OSMIUM;9935;16;9931;18;;;9946;5;9949;19;;;9940.5;0.0
yf_MKC_d1;16800;INTARIAN_PEPPER_ROOT;10783;16;10781;23;;;10789;8;10791;23;;;10786.0;0.0
yf_MKC_d1;16900;ASH_COATED_OSMIUM;9938;16;9934;22;;;9944;18;9948;16;;;9941.0;0.0
yf_MKC_d1;16900;INTARIAN_PEPPER_ROOT;10777;7;10774;15;;;10798;16;10800;15;;;10787.5;0.0
yf_MKC_d1;17000;ASH_COATED_OSMIUM;9936;23;9932;23;;;9945;16;9949;14;;;9940.5;0.0
yf_MKC_d1;17000;INTARIAN_PEPPER_ROOT;10785;14;10781;26;;;10792;16;10794;19;;;10788.5;0.0
yf_MKC_d1;17100;ASH_COATED_OSMIUM;9935;11;9931;26;;;9946;9;9949;16;;;9940.5;0.0
yf_MKC_d1;17100;INTARIAN_PEPPER_ROOT;10788;19;10786;13;;;10794;22;10797;20;;;10791.0;0.0
yf_MKC_d1;17200;ASH_COATED_OSMIUM;9935;7;9931;21;;;9945;23;9947;21;;;9940.0;0.0
yf_MKC_d1;17200;INTARIAN_PEPPER_ROOT;10790;12;10788;19;;;10796;16;10800;21;;;10793.0;0.0
yf_MKC_d1;17300;ASH_COATED_OSMIUM;9937;11;9935;9;;;9943;19;9947;20;;;9940.0;0.0
yf_MKC_d1;17300;INTARIAN_PEPPER_ROOT;10792;12;10790;21;;;10798;16;10802;20;;;10795.0;0.0
yf_MKC_d1;17400;ASH_COATED_OSMIUM;9936;17;9934;11;;;9944;14;9946;18;;;9940.0;0.0
yf_MKC_d1;17400;INTARIAN_PEPPER_ROOT;10794;5;10792;15;;;10800;23;10804;24;;;10797.0;0.0
yf_MKC_d1;17500;ASH_COATED_OSMIUM;9936;19;9932;17;;;9944;15;9946;16;;;9940.0;0.0
yf_MKC_d1;17500;INTARIAN_PEPPER_ROOT;10792;11;10788;20;;;10806;14;10810;20;;;10799.0;0.0
yf_MKC_d1;17600;ASH_COATED_OSMIUM;9937;22;9934;25;;;9943;20;9946;9;;;9940.0;0.0
yf_MKC_d1;17600;INTARIAN_PEPPER_ROOT;10789;11;10786;15;;;10816;22;10819;23;;;10802.5;0.0
yf_MKC_d1;17700;ASH_COATED_OSMIUM;9937;17;9933;8;;;9943;21;9946;30;;;9940.0;0.0
yf_MKC_d1;17700;INTARIAN_PEPPER_ROOT;10801;13;10799;17;;;10807;9;10809;15;;;10804.0;0.0
yf_MKC_d1;17800;ASH_COATED_OSMIUM;9936;11;9932;19;;;9942;5;9944;16;;;9939.0;0.0
yf_MKC_d1;17800;INTARIAN_PEPPER_ROOT;10803;17;10799;18;;;10809;16;10813;15;;;10806.0;0.0
yf_MKC_d1;17900;ASH_COATED_OSMIUM;9936;18;9934;24;;;9942;13;9944;24;;;9939.0;0.0
yf_MKC_d1;17900;INTARIAN_PEPPER_ROOT;10804;16;10802;15;;;10813;9;10816;19;;;10808.5;0.0
yf_MKC_d1;18000;ASH_COATED_OSMIUM;9937;12;9935;8;;;9943;17;9947;25;;;9940.0;0.0
yf_MKC_d1;18000;INTARIAN_PEPPER_ROOT;10808;15;10806;13;;;10814;19;10818;14;;;10811.0;0.0
yf_MKC_d1;18100;ASH_COATED_OSMIUM;9936;21;9934;22;;;9942;10;9944;8;;;9939.0;0.0
yf_MKC_d1;18100;INTARIAN_PEPPER_ROOT;10805;13;10802;31;;;10821;19;10823;20;;;10813.0;0.0
yf_MKC_d1;18200;ASH_COATED_OSMIUM;9936;9;9934;21;;;9942;15;9945;19;;;9939.0;0.0
yf_MKC_d1;18200;INTARIAN_PEPPER_ROOT;10809;23;10807;9;;;10822;21;10826;26;;;10815.5;0.0
yf_MKC_d1;18300;ASH_COATED_OSMIUM;9936;22;9934;20;;;9944;8;9946;12;;;9940.0;0.0
yf_MKC_d1;18300;INTARIAN_PEPPER_ROOT;10815;21;10812;23;;;10821;15;10823;20;;;10818.0;0.0
yf_MKC_d1;18400;ASH_COATED_OSMIUM;9933;10;9930;14;;;9945;13;9948;20;;;9939.0;0.0
yf_MKC_d1;18400;INTARIAN_PEPPER_ROOT;10813;22;10810;17;;;10827;12;10830;22;;;10820.0;0.0
yf_MKC_d1;18500;ASH_COATED_OSMIUM;9936;13;9934;16;;;9942;11;9946;20;;;9939.0;0.0
yf_MKC_d1;18500;INTARIAN_PEPPER_ROOT;10814;21;10812;24;;;10832;9;10834;17;;;10823.0;0.0
yf_MKC_d1;18600;ASH_COATED_OSMIUM;9934;16;9931;19;;;9944;6;9946;21;;;9939.0;0.0
yf_MKC_d1;18600;INTARIAN_PEPPER_ROOT;10816;19;10814;16;;;10833;6;10835;16;;;10824.5;0.0
yf_MKC_d1;18700;ASH_COATED_OSMIUM;9936;12;9932;15;;;9942;18;9945;22;;;9939.0;0.0
yf_MKC_d1;18700;INTARIAN_PEPPER_ROOT;10824;12;10820;21;;;10830;10;10832;16;;;10827.0;0.0
yf_MKC_d1;18800;ASH_COATED_OSMIUM;9936;12;9933;16;;;9942;24;9944;19;;;9939.0;0.0
yf_MKC_d1;18800;INTARIAN_PEPPER_ROOT;10825;17;10821;21;;;10833;5;10835;17;;;10829.0;0.0
yf_MKC_d1;18900;ASH_COATED_OSMIUM;9915;16;9911;12;;;9962;18;9966;19;;;9938.5;0.0
yf_MKC_d1;18900;INTARIAN_PEPPER_ROOT;10828;5;10826;22;;;10834;13;10838;21;;;10831.0;0.0
yf_MKC_d1;19000;ASH_COATED_OSMIUM;9935;10;9933;19;;;9941;15;9944;27;;;9938.0;0.0
yf_MKC_d1;19000;INTARIAN_PEPPER_ROOT;10825;21;10821;21;;;10844;18;10848;22;;;10834.5;0.0
yf_MKC_d1;19100;ASH_COATED_OSMIUM;9915;12;9912;26;;;9962;15;9964;17;;;9938.5;0.0
yf_MKC_d1;19100;INTARIAN_PEPPER_ROOT;10833;15;10829;11;;;10839;14;10843;25;;;10836.0;0.0
yf_MKC_d1;19200;ASH_COATED_OSMIUM;9935;24;9931;17;;;9941;13;9943;14;;;9938.0;0.0
yf_MKC_d1;19200;INTARIAN_PEPPER_ROOT;10835;9;10832;22;;;10841;18;10843;16;;;10838.0;0.0
yf_MKC_d1;19300;ASH_COATED_OSMIUM;9928;5;9925;8;;;9948;13;9951;18;;;9938.0;0.0
yf_MKC_d1;19300;INTARIAN_PEPPER_ROOT;10826;14;10822;17;;;10855;13;10859;17;;;10840.5;0.0
yf_MKC_d1;19400;ASH_COATED_OSMIUM;9935;15;9932;19;;;9941;27;9945;25;;;9938.0;0.0
yf_MKC_d1;19400;INTARIAN_PEPPER_ROOT;10838;11;10835;19;;;10848;7;10851;24;;;10843.0;0.0
yf_MKC_d1;19500;ASH_COATED_OSMIUM;9919;13;9915;18;;;9957;16;9961;27;;;9938.0;0.0
yf_MKC_d1;19500;INTARIAN_PEPPER_ROOT;10843;13;10840;15;;;10849;13;10852;28;;;10846.0;0.0
yf_MKC_d1;19600;ASH_COATED_OSMIUM;9934;19;9930;27;;;9940;11;9942;19;;;9937.0;0.0
yf_MKC_d1;19600;INTARIAN_PEPPER_ROOT;10843;24;10841;22;;;10853;20;10855;24;;;10848.0;0.0
yf_MKC_d1;19700;ASH_COATED_OSMIUM;9935;17;9933;28;;;9941;18;9943;21;;;9938.0;0.0
yf_MKC_d1;19700;INTARIAN_PEPPER_ROOT;10848;7;10846;21;;;10854;25;10858;18;;;10851.0;0.0
yf_MKC_d1;19800;ASH_COATED_OSMIUM;9933;21;9929;15;;;9941;21;9943;24;;;9937.0;0.0
yf_MKC_d1;19800;INTARIAN_PEPPER_ROOT;10848;15;10846;22;;;10857;10;10859;15;;;10852.5;0.0
yf_MKC_d1;19900;ASH_COATED_OSMIUM;9934;22;9932;20;;;9940;15;9943;18;;;9937.0;0.0
yf_MKC_d1;19900;INTARIAN_PEPPER_ROOT;10852;9;10848;11;;;10858;11;10862;15;;;10855.0;0.0
yf_MKC_d1;20000;ASH_COATED_OSMIUM;9935;14;9933;16;;;9941;11;9943;28;;;9938.0;0.0
yf_MKC_d1;20000;INTARIAN_PEPPER_ROOT;10833;16;10831;18;;;10882;21;10885;26;;;10857.5;0.0
yf_MKC_d1;20100;ASH_COATED_OSMIUM;9934;15;9932;18;;;9940;18;9943;19;;;9937.0;0.0
yf_MKC_d1;20100;INTARIAN_PEPPER_ROOT;10854;17;10851;13;;;10863;20;10865;21;;;10858.5;0.0
yf_MKC_d1;20200;ASH_COATED_OSMIUM;9934;16;9931;14;;;9940;14;9944;11;;;9937.0;0.0
yf_MKC_d1;20200;INTARIAN_PEPPER_ROOT;10858;17;10856;21;;;10864;13;10868;27;;;10861.0;0.0
yf_MKC_d1;20300;ASH_COATED_OSMIUM;9934;16;9932;22;;;9940;19;9942;18;;;9937.0;0.0
yf_MKC_d1;20300;INTARIAN_PEPPER_ROOT;10854;5;10851;20;;;10875;19;10879;18;;;10864.5;0.0
yf_MKC_d1;20400;ASH_COATED_OSMIUM;9933;8;9931;19;;;9939;15;9943;23;;;9936.0;0.0
yf_MKC_d1;20400;INTARIAN_PEPPER_ROOT;10863;17;10860;15;;;10870;16;10873;16;;;10866.5;0.0
yf_MKC_d1;20500;ASH_COATED_OSMIUM;9932;15;9929;13;;;9940;18;9944;22;;;9936.0;0.0
yf_MKC_d1;20500;INTARIAN_PEPPER_ROOT;10848;12;10844;16;;;10889;15;10892;20;;;10868.5;0.0
yf_MKC_d1;20600;ASH_COATED_OSMIUM;9934;13;9931;14;;;9940;5;9942;21;;;9937.0;0.0
yf_MKC_d1;20600;INTARIAN_PEPPER_ROOT;10868;15;10866;25;;;10874;9;10878;29;;;10871.0;0.0
yf_MKC_d1;20700;ASH_COATED_OSMIUM;9931;12;9927;21;;;9940;5;9944;22;;;9935.5;0.0
yf_MKC_d1;20700;INTARIAN_PEPPER_ROOT;10869;18;10865;17;;;10875;18;10877;24;;;10872.0;0.0
yf_MKC_d1;20800;ASH_COATED_OSMIUM;9931;15;9929;27;;;9941;7;9944;21;;;9936.0;0.0
yf_MKC_d1;20800;INTARIAN_PEPPER_ROOT;10872;24;10868;25;;;10878;9;10880;22;;;10875.0;0.0
yf_MKC_d1;20900;ASH_COATED_OSMIUM;9926;14;9922;16;;;9947;11;9950;14;;;9936.5;0.0
yf_MKC_d1;20900;INTARIAN_PEPPER_ROOT;10874;17;10871;21;;;10880;21;10882;15;;;10877.0;0.0
yf_MKC_d1;21000;ASH_COATED_OSMIUM;9933;17;9931;16;;;9940;24;9944;22;;;9936.5;0.0
yf_MKC_d1;21000;INTARIAN_PEPPER_ROOT;10873;17;10869;30;;;10886;20;10888;27;;;10879.5;0.0
yf_MKC_d1;21100;ASH_COATED_OSMIUM;9934;23;9931;21;;;9940;7;9942;14;;;9937.0;0.0
yf_MKC_d1;21100;INTARIAN_PEPPER_ROOT;10879;18;10875;19;;;10885;15;10889;22;;;10882.0;0.0
yf_MKC_d1;21200;ASH_COATED_OSMIUM;9932;9;9930;17;;;9939;12;9941;26;;;9935.5;0.0
yf_MKC_d1;21200;INTARIAN_PEPPER_ROOT;10881;11;10878;19;;;10889;19;10893;22;;;10885.0;0.0
yf_MKC_d1;21300;ASH_COATED_OSMIUM;9930;17;9926;11;;;9940;20;9943;23;;;9935.0;0.0
yf_MKC_d1;21300;INTARIAN_PEPPER_ROOT;10876;19;10873;19;;;10897;9;10899;19;;;10886.5;0.0
yf_MKC_d1;21400;ASH_COATED_OSMIUM;9932;14;9930;29;;;9938;14;9940;19;;;9935.0;0.0
yf_MKC_d1;21400;INTARIAN_PEPPER_ROOT;10886;18;10883;22;;;10892;21;10895;26;;;10889.0;0.0
yf_MKC_d1;21500;ASH_COATED_OSMIUM;9929;15;9926;31;;;9942;11;9944;18;;;9935.5;0.0
yf_MKC_d1;21500;INTARIAN_PEPPER_ROOT;10888;19;10886;24;;;10894;10;10897;32;;;10891.0;0.0
yf_MKC_d1;21600;ASH_COATED_OSMIUM;9933;14;9931;21;;;9939;18;9943;25;;;9936.0;0.0
yf_MKC_d1;21600;INTARIAN_PEPPER_ROOT;10883;21;10880;19;;;10904;15;10907;18;;;10893.5;0.0
yf_MKC_d1;21700;ASH_COATED_OSMIUM;9933;26;9931;29;;;9939;19;9943;17;;;9936.0;0.0
yf_MKC_d1;21700;INTARIAN_PEPPER_ROOT;10883;13;10881;21;;;10910;13;10913;15;;;10896.5;0.0
yf_MKC_d1;21800;ASH_COATED_OSMIUM;9923;10;9921;19;;;9947;22;9950;21;;;9935.0;0.0
yf_MKC_d1;21800;INTARIAN_PEPPER_ROOT;10896;16;10892;25;;;10902;17;10904;24;;;10899.0;0.0
yf_MKC_d1;21900;ASH_COATED_OSMIUM;9930;19;9926;22;;;9940;13;9942;12;;;9935.0;0.0
yf_MKC_d1;21900;INTARIAN_PEPPER_ROOT;10892;20;10889;23;;;10909;13;10912;25;;;10900.5;0.0
yf_MKC_d1;22000;ASH_COATED_OSMIUM;9929;17;9926;13;;;9941;20;9944;21;;;9935.0;0.0
yf_MKC_d1;22000;INTARIAN_PEPPER_ROOT;10896;13;10893;27;;;10909;12;10912;24;;;10902.5;0.0
yf_MKC_d1;22100;ASH_COATED_OSMIUM;9932;22;9929;24;;;9938;7;9941;25;;;9935.0;0.0
yf_MKC_d1;22100;INTARIAN_PEPPER_ROOT;10902;18;10899;25;;;10908;8;10912;21;;;10905.0;0.0
yf_MKC_d1;22200;ASH_COATED_OSMIUM;9930;11;9928;20;;;9939;18;9941;13;;;9934.5;0.0
yf_MKC_d1;22200;INTARIAN_PEPPER_ROOT;10904;13;10901;20;;;10910;22;10912;25;;;10907.0;0.0
yf_MKC_d1;22300;ASH_COATED_OSMIUM;9924;12;9922;30;;;9944;15;9947;18;;;9934.0;0.0
yf_MKC_d1;22300;INTARIAN_PEPPER_ROOT;10907;7;10903;16;;;10913;18;10917;20;;;10910.0;0.0
yf_MKC_d1;22400;ASH_COATED_OSMIUM;9923;22;9919;14;;;9945;13;9948;17;;;9934.0;0.0
yf_MKC_d1;22400;INTARIAN_PEPPER_ROOT;10909;12;10905;19;;;10915;17;10918;20;;;10912.0;0.0
yf_MKC_d1;22500;ASH_COATED_OSMIUM;9931;18;9927;22;;;9937;8;9939;21;;;9934.0;0.0
yf_MKC_d1;22500;INTARIAN_PEPPER_ROOT;10909;12;10907;24;;;10919;17;10923;27;;;10914.0;0.0
yf_MKC_d1;22600;ASH_COATED_OSMIUM;9932;17;9928;15;;;9938;21;9940;21;;;9935.0;0.0
yf_MKC_d1;22600;INTARIAN_PEPPER_ROOT;10913;13;10910;12;;;10919;11;10921;19;;;10916.0;0.0
yf_MKC_d1;22700;ASH_COATED_OSMIUM;9929;17;9926;17;;;9939;17;9941;28;;;9934.0;0.0
yf_MKC_d1;22700;INTARIAN_PEPPER_ROOT;10916;6;10912;16;;;10922;20;10925;18;;;10919.0;0.0
yf_MKC_d1;22800;ASH_COATED_OSMIUM;9932;16;9930;19;;;9938;6;9940;20;;;9935.0;0.0
yf_MKC_d1;22800;INTARIAN_PEPPER_ROOT;10917;14;10914;19;;;10923;15;10925;25;;;10920.0;0.0
yf_MKC_d1;22900;ASH_COATED_OSMIUM;9931;14;9927;22;;;9937;17;9939;23;;;9934.0;0.0
yf_MKC_d1;22900;INTARIAN_PEPPER_ROOT;10920;18;10918;20;;;10926;15;10929;18;;;10923.0;0.0
yf_MKC_d1;23000;ASH_COATED_OSMIUM;9931;14;9927;17;;;9937;16;9941;15;;;9934.0;0.0
yf_MKC_d1;23000;INTARIAN_PEPPER_ROOT;10922;20;10918;24;;;10928;18;10930;14;;;10925.0;0.0
yf_MKC_d1;23100;ASH_COATED_OSMIUM;9930;20;9926;19;;;9938;20;9940;24;;;9934.0;0.0
yf_MKC_d1;23100;INTARIAN_PEPPER_ROOT;10922;15;10918;17;;;10934;20;10938;23;;;10928.0;0.0
yf_MKC_d1;23200;ASH_COATED_OSMIUM;9931;19;9929;15;;;9937;11;9941;21;;;9934.0;0.0
yf_MKC_d1;23200;INTARIAN_PEPPER_ROOT;10927;8;10924;20;;;10933;15;10937;21;;;10930.0;0.0
yf_MKC_d1;23300;ASH_COATED_OSMIUM;9931;14;9929;22;;;9937;16;9939;19;;;9934.0;0.0
yf_MKC_d1;23300;INTARIAN_PEPPER_ROOT;10925;11;10921;17;;;10939;12;10941;18;;;10932.0;0.0
yf_MKC_d1;23400;ASH_COATED_OSMIUM;9931;12;9927;18;;;9937;16;9940;22;;;9934.0;0.0
yf_MKC_d1;23400;INTARIAN_PEPPER_ROOT;10931;16;10927;22;;;10937;19;10940;18;;;10934.0;0.0
yf_MKC_d1;23500;ASH_COATED_OSMIUM;9931;8;9928;21;;;9937;19;9939;13;;;9934.0;0.0
yf_MKC_d1;23500;INTARIAN_PEPPER_ROOT;10934;15;10931;16;;;10940;13;10943;18;;;10937.0;0.0
yf_MKC_d1;23600;ASH_COATED_OSMIUM;9928;11;9924;16;;;9939;17;9942;17;;;9933.5;0.0
yf_MKC_d1;23600;INTARIAN_PEPPER_ROOT;10936;15;10933;23;;;10942;15;10946;17;;;10939.0;0.0
yf_MKC_d1;23700;ASH_COATED_OSMIUM;9930;12;9927;24;;;9936;15;9939;15;;;9933.0;0.0
yf_MKC_d1;23700;INTARIAN_PEPPER_ROOT;10938;12;10934;14;;;10946;17;10950;15;;;10942.0;0.0
yf_MKC_d1;23800;ASH_COATED_OSMIUM;9928;11;9926;21;;;9938;16;9941;19;;;9933.0;0.0
yf_MKC_d1;23800;INTARIAN_PEPPER_ROOT;10940;15;10936;13;;;10946;13;10948;22;;;10943.0;0.0
yf_MKC_d1;23900;ASH_COATED_OSMIUM;9930;17;9927;19;;;9936;19;9938;19;;;9933.0;0.0
yf_MKC_d1;23900;INTARIAN_PEPPER_ROOT;10943;16;10939;17;;;10949;25;10952;17;;;10946.0;0.0
yf_MKC_d1;24000;ASH_COATED_OSMIUM;9930;18;9927;33;;;9936;15;9940;9;;;9933.0;0.0
yf_MKC_d1;24000;INTARIAN_PEPPER_ROOT;10945;18;10942;13;;;10951;17;10955;14;;;10948.0;0.0
yf_MKC_d1;24100;ASH_COATED_OSMIUM;9929;13;9927;9;;;9935;18;9939;21;;;9932.0;0.0
yf_MKC_d1;24100;INTARIAN_PEPPER_ROOT;10948;17;10945;16;;;10954;9;10957;21;;;10951.0;0.0
yf_MKC_d1;24200;ASH_COATED_OSMIUM;9926;17;9924;18;;;9940;24;9942;23;;;9933.0;0.0
yf_MKC_d1;24200;INTARIAN_PEPPER_ROOT;10944;25;10942;16;;;10962;22;10965;19;;;10953.0;0.0
yf_MKC_d1;24300;ASH_COATED_OSMIUM;9929;9;9925;30;;;9936;17;9940;18;;;9932.5;0.0
yf_MKC_d1;24300;INTARIAN_PEPPER_ROOT;10948;22;10946;22;;;10962;19;10965;19;;;10955.0;0.0
yf_MKC_d1;24400;ASH_COATED_OSMIUM;9926;25;9922;17;;;9940;17;9943;19;;;9933.0;0.0
yf_MKC_d1;24400;INTARIAN_PEPPER_ROOT;10954;17;10951;20;;;10960;14;10962;16;;;10957.0;0.0
yf_MKC_d1;24500;ASH_COATED_OSMIUM;9930;19;9927;20;;;9936;15;9938;19;;;9933.0;0.0
yf_MKC_d1;24500;INTARIAN_PEPPER_ROOT;10953;24;10951;22;;;10965;11;10969;20;;;10959.0;0.0
yf_MKC_d1;24600;ASH_COATED_OSMIUM;9927;11;9923;20;;;9938;12;9942;16;;;9932.5;0.0
yf_MKC_d1;24600;INTARIAN_PEPPER_ROOT;10959;13;10956;18;;;10965;5;10967;19;;;10962.0;0.0
yf_MKC_d1;24700;ASH_COATED_OSMIUM;9929;19;9927;21;;;9935;25;9938;21;;;9932.0;0.0
yf_MKC_d1;24700;INTARIAN_PEPPER_ROOT;10961;17;10957;23;;;10968;12;10971;21;;;10964.5;0.0
yf_MKC_d1;24800;ASH_COATED_OSMIUM;9929;14;9927;9;;;9935;15;9938;19;;;9932.0;0.0
yf_MKC_d1;24800;INTARIAN_PEPPER_ROOT;10964;7;10960;18;;;10970;12;10974;14;;;10967.0;0.0
yf_MKC_d1;24900;ASH_COATED_OSMIUM;9929;9;9927;10;;;9935;24;9937;24;;;9932.0;0.0
yf_MKC_d1;24900;INTARIAN_PEPPER_ROOT;10966;22;10963;24;;;10972;10;10974;22;;;10969.0;0.0
yf_MKC_d1;25000;ASH_COATED_OSMIUM;9925;12;9923;22;;;9938;17;9942;31;;;9931.5;0.0
yf_MKC_d1;25000;INTARIAN_PEPPER_ROOT;10968;13;10966;16;;;10974;16;10978;31;;;10971.0;0.0
yf_MKC_d1;25100;ASH_COATED_OSMIUM;9928;19;9925;16;;;9935;17;9937;17;;;9931.5;0.0
yf_MKC_d1;25100;INTARIAN_PEPPER_ROOT;10969;15;10967;26;;;10977;13;10980;23;;;10973.0;0.0
yf_MKC_d1;25200;ASH_COATED_OSMIUM;9926;19;9922;19;;;9938;11;9942;14;;;9932.0;0.0
yf_MKC_d1;25200;INTARIAN_PEPPER_ROOT;10972;6;10970;26;;;10979;14;10983;20;;;10975.5;0.0
yf_MKC_d1;25300;ASH_COATED_OSMIUM;9929;15;9925;16;;;9935;17;9938;20;;;9932.0;0.0
yf_MKC_d1;25300;INTARIAN_PEPPER_ROOT;10975;23;10971;19;;;10981;24;10985;12;;;10978.0;0.0
yf_MKC_d1;25400;ASH_COATED_OSMIUM;9928;15;9926;25;;;9934;7;9937;14;;;9931.0;0.0
yf_MKC_d1;25400;INTARIAN_PEPPER_ROOT;10973;12;10970;17;;;10987;12;10990;19;;;10980.0;0.0
yf_MKC_d1;25500;ASH_COATED_OSMIUM;9925;15;9921;26;;;9938;9;9940;17;;;9931.5;0.0
yf_MKC_d1;25500;INTARIAN_PEPPER_ROOT;10979;16;10976;13;;;10985;11;10988;21;;;10982.0;0.0
yf_MKC_d1;25600;ASH_COATED_OSMIUM;9928;8;9924;24;;;9934;17;9938;16;;;9931.0;0.0
yf_MKC_d1;25600;INTARIAN_PEPPER_ROOT;10982;12;10980;25;;;10988;22;10991;15;;;10985.0;0.0
yf_MKC_d1;25700;ASH_COATED_OSMIUM;9927;19;9924;8;;;9935;7;9937;16;;;9931.0;0.0
yf_MKC_d1;25700;INTARIAN_PEPPER_ROOT;10984;19;10981;12;;;10990;20;10993;28;;;10987.0;0.0
yf_MKC_d1;25800;ASH_COATED_OSMIUM;9928;11;9924;24;;;9934;14;9938;22;;;9931.0;0.0
yf_MKC_d1;25800;INTARIAN_PEPPER_ROOT;10986;10;10982;12;;;10992;23;10996;16;;;10989.0;0.0
yf_MKC_d1;25900;ASH_COATED_OSMIUM;9927;17;9925;21;;;9934;18;9937;22;;;9930.5;0.0
yf_MKC_d1;25900;INTARIAN_PEPPER_ROOT;10989;23;10986;27;;;10995;5;10998;16;;;10992.0;0.0
yf_MKC_d1;26000;ASH_COATED_OSMIUM;9927;12;9925;23;;;9934;5;9936;21;;;9930.5;0.0
yf_MKC_d1;26000;INTARIAN_PEPPER_ROOT;10988;19;10985;32;;;10999;15;11002;19;;;10993.5;0.0
yf_MKC_d1;26100;ASH_COATED_OSMIUM;9923;15;9921;23;;;9939;16;9942;16;;;9931.0;0.0
yf_MKC_d1;26100;INTARIAN_PEPPER_ROOT;10993;12;10989;27;;;10999;30;11003;26;;;10996.0;0.0
yf_MKC_d1;26200;ASH_COATED_OSMIUM;9928;19;9924;14;;;9934;16;9937;22;;;9931.0;0.0
yf_MKC_d1;26200;INTARIAN_PEPPER_ROOT;10996;22;10992;21;;;11002;10;11006;25;;;10999.0;0.0
yf_MKC_d1;26300;ASH_COATED_OSMIUM;9921;17;9917;20;;;9939;9;9941;20;;;9930.0;0.0
yf_MKC_d1;26300;INTARIAN_PEPPER_ROOT;10998;5;10995;24;;;11004;16;11006;21;;;11001.0;0.0
yf_MKC_d1;26400;ASH_COATED_OSMIUM;9925;17;9923;23;;;9935;14;9937;18;;;9930.0;0.0
yf_MKC_d1;26400;INTARIAN_PEPPER_ROOT;11000;13;10996;24;;;11007;23;11009;26;;;11003.5;0.0
yf_MKC_d1;26500;ASH_COATED_OSMIUM;9927;8;9923;14;;;9934;23;9938;21;;;9930.5;0.0
yf_MKC_d1;26500;INTARIAN_PEPPER_ROOT;11002;12;11000;11;;;11008;21;11012;20;;;11005.0;0.0
yf_MKC_d1;26600;ASH_COATED_OSMIUM;9927;16;9924;19;;;9933;5;9935;22;;;9930.0;0.0
yf_MKC_d1;26600;INTARIAN_PEPPER_ROOT;11005;13;11003;16;;;11011;7;11015;12;;;11008.0;0.0
yf_MKC_d1;26700;ASH_COATED_OSMIUM;9926;16;9923;22;;;9934;12;9937;30;;;9930.0;0.0
yf_MKC_d1;26700;INTARIAN_PEPPER_ROOT;10995;15;10993;15;;;11025;12;11029;26;;;11010.0;0.0
yf_MKC_d1;26800;ASH_COATED_OSMIUM;9927;15;9925;17;;;9933;10;9935;21;;;9930.0;0.0
yf_MKC_d1;26800;INTARIAN_PEPPER_ROOT;11008;11;11005;17;;;11015;24;11018;20;;;11011.5;0.0
yf_MKC_d1;26900;ASH_COATED_OSMIUM;9923;19;9920;24;;;9934;14;9936;21;;;9928.5;0.0
yf_MKC_d1;26900;INTARIAN_PEPPER_ROOT;11012;18;11008;25;;;11018;8;11022;11;;;11015.0;0.0
yf_MKC_d1;27000;ASH_COATED_OSMIUM;9923;17;9921;13;;;9936;20;9938;14;;;9929.5;0.0
yf_MKC_d1;27000;INTARIAN_PEPPER_ROOT;11013;9;11009;14;;;11019;12;11023;22;;;11016.0;0.0
yf_MKC_d1;27100;ASH_COATED_OSMIUM;9926;12;9924;15;;;9932;17;9935;16;;;9929.0;0.0
yf_MKC_d1;27100;INTARIAN_PEPPER_ROOT;11016;14;11013;24;;;11022;11;11026;18;;;11019.0;0.0
yf_MKC_d1;27200;ASH_COATED_OSMIUM;9927;18;9925;29;;;9933;23;9935;22;;;9930.0;0.0
yf_MKC_d1;27200;INTARIAN_PEPPER_ROOT;11018;5;11014;21;;;11024;9;11027;26;;;11021.0;0.0
yf_MKC_d1;27300;ASH_COATED_OSMIUM;9923;16;9919;12;;;9937;9;9939;19;;;9930.0;0.0
yf_MKC_d1;27300;INTARIAN_PEPPER_ROOT;11017;9;11015;21;;;11030;24;11034;19;;;11023.5;0.0
yf_MKC_d1;27400;ASH_COATED_OSMIUM;9919;12;9915;18;;;9941;22;9943;20;;;9930.0;0.0
yf_MKC_d1;27400;INTARIAN_PEPPER_ROOT;11019;10;11017;20;;;11033;15;11035;16;;;11026.0;0.0
yf_MKC_d1;27500;ASH_COATED_OSMIUM;9926;13;9923;15;;;9932;12;9934;10;;;9929.0;0.0
yf_MKC_d1;27500;INTARIAN_PEPPER_ROOT;11025;12;11023;17;;;11031;26;11034;22;;;11028.0;0.0
yf_MKC_d1;27600;ASH_COATED_OSMIUM;9921;11;9917;18;;;9936;13;9940;18;;;9928.5;0.0
yf_MKC_d1;27600;INTARIAN_PEPPER_ROOT;11027;8;11024;10;;;11033;9;11035;24;;;11030.0;0.0
yf_MKC_d1;27700;ASH_COATED_OSMIUM;9925;17;9922;15;;;9932;20;9934;17;;;9928.5;0.0
yf_MKC_d1;27700;INTARIAN_PEPPER_ROOT;11028;17;11024;16;;;11037;15;11039;8;;;11032.5;0.0
yf_MKC_d1;27800;ASH_COATED_OSMIUM;9920;12;9918;18;;;9938;17;9941;24;;;9929.0;0.0
yf_MKC_d1;27800;INTARIAN_PEPPER_ROOT;11031;13;11028;15;;;11039;19;11041;12;;;11035.0;0.0
yf_MKC_d1;27900;ASH_COATED_OSMIUM;9924;19;9921;20;;;9934;13;9938;17;;;9929.0;0.0
yf_MKC_d1;27900;INTARIAN_PEPPER_ROOT;11034;20;11032;23;;;11040;13;11044;14;;;11037.0;0.0
yf_MKC_d1;28000;ASH_COATED_OSMIUM;9925;5;9923;25;;;9932;21;9936;24;;;9928.5;0.0
yf_MKC_d1;28000;INTARIAN_PEPPER_ROOT;11037;8;11033;25;;;11043;15;11046;21;;;11040.0;0.0
yf_MKC_d1;28100;ASH_COATED_OSMIUM;9925;9;9921;19;;;9931;14;9933;25;;;9928.0;0.0
yf_MKC_d1;28100;INTARIAN_PEPPER_ROOT;11039;15;11036;21;;;11045;14;11047;22;;;11042.0;0.0
yf_MKC_d1;28200;ASH_COATED_OSMIUM;9917;10;9915;18;;;9939;15;9941;22;;;9928.0;0.0
yf_MKC_d1;28200;INTARIAN_PEPPER_ROOT;11039;6;11036;21;;;11050;18;11053;13;;;11044.5;0.0
yf_MKC_d1;28300;ASH_COATED_OSMIUM;9914;16;9912;15;;;9943;16;9945;15;;;9928.5;0.0
yf_MKC_d1;28300;INTARIAN_PEPPER_ROOT;11044;14;11042;13;;;11050;16;11053;13;;;11047.0;0.0
yf_MKC_d1;28400;ASH_COATED_OSMIUM;9919;7;9916;26;;;9937;17;9941;16;;;9928.0;0.0
yf_MKC_d1;28400;INTARIAN_PEPPER_ROOT;11046;22;11043;28;;;11052;14;11054;15;;;11049.0;0.0
yf_MKC_d1;28500;ASH_COATED_OSMIUM;9925;11;9923;24;;;9931;15;9934;24;;;9928.0;0.0
yf_MKC_d1;28500;INTARIAN_PEPPER_ROOT;11048;7;11044;10;;;11054;13;11056;28;;;11051.0;0.0
yf_MKC_d1;28600;ASH_COATED_OSMIUM;9924;16;9921;21;;;9931;15;9935;8;;;9927.5;0.0
yf_MKC_d1;28600;INTARIAN_PEPPER_ROOT;11050;23;11048;21;;;11056;11;11058;18;;;11053.0;0.0
yf_MKC_d1;28700;ASH_COATED_OSMIUM;9924;5;9922;18;;;9932;14;9934;21;;;9928.0;0.0
yf_MKC_d1;28700;INTARIAN_PEPPER_ROOT;11049;21;11046;24;;;11062;17;11066;20;;;11055.5;0.0
yf_MKC_d1;28800;ASH_COATED_OSMIUM;9924;14;9922;24;;;9930;15;9932;20;;;9927.0;0.0
yf_MKC_d1;28800;INTARIAN_PEPPER_ROOT;11047;18;11044;24;;;11070;11;11072;26;;;11058.5;0.0
yf_MKC_d1;28900;ASH_COATED_OSMIUM;9924;16;9920;34;;;9930;14;9934;14;;;9927.0;0.0
yf_MKC_d1;28900;INTARIAN_PEPPER_ROOT;11057;5;11053;9;;;11063;12;11066;16;;;11060.0;0.0
yf_MKC_d1;29000;ASH_COATED_OSMIUM;9925;11;9922;20;;;9931;22;9934;17;;;9928.0;0.0
yf_MKC_d1;29000;INTARIAN_PEPPER_ROOT;11053;15;11049;19;;;11071;12;11075;20;;;11062.0;0.0
yf_MKC_d1;29100;ASH_COATED_OSMIUM;9924;13;9922;23;;;9930;6;9934;19;;;9927.0;0.0
yf_MKC_d1;29100;INTARIAN_PEPPER_ROOT;11062;17;11059;27;;;11068;16;11071;18;;;11065.0;0.0
yf_MKC_d1;29200;ASH_COATED_OSMIUM;9913;15;9910;18;;;9941;15;9944;21;;;9927.0;0.0
yf_MKC_d1;29200;INTARIAN_PEPPER_ROOT;11065;9;11062;20;;;11071;12;11075;16;;;11068.0;0.0
yf_MKC_d1;29300;ASH_COATED_OSMIUM;9923;20;9920;20;;;9930;15;9934;26;;;9926.5;0.0
yf_MKC_d1;29300;INTARIAN_PEPPER_ROOT;11062;25;11059;17;;;11076;17;11080;13;;;11069.0;0.0
yf_MKC_d1;29400;ASH_COATED_OSMIUM;9924;15;9922;16;;;9930;11;9934;25;;;9927.0;0.0
yf_MKC_d1;29400;INTARIAN_PEPPER_ROOT;11065;18;11061;27;;;11079;14;11083;21;;;11072.0;0.0
yf_MKC_d1;29500;ASH_COATED_OSMIUM;9921;14;9917;24;;;9932;12;9936;16;;;9926.5;0.0
yf_MKC_d1;29500;INTARIAN_PEPPER_ROOT;11070;5;11066;15;;;11078;19;11082;28;;;11074.0;0.0
yf_MKC_d1;29600;ASH_COATED_OSMIUM;9922;7;9920;33;;;9933;16;9936;16;;;9927.5;0.0
yf_MKC_d1;29600;INTARIAN_PEPPER_ROOT;11072;12;11069;19;;;11080;6;11084;22;;;11076.0;0.0
yf_MKC_d1;29700;ASH_COATED_OSMIUM;9921;23;9919;30;;;9933;15;9935;18;;;9927.0;0.0
yf_MKC_d1;29700;INTARIAN_PEPPER_ROOT;11076;22;11072;17;;;11082;16;11086;9;;;11079.0;0.0
yf_MKC_d1;29800;ASH_COATED_OSMIUM;9917;20;9914;13;;;9936;7;9940;22;;;9926.5;0.0
yf_MKC_d1;29800;INTARIAN_PEPPER_ROOT;11072;11;11069;22;;;11090;18;11093;31;;;11081.0;0.0
yf_MKC_d1;29900;ASH_COATED_OSMIUM;9920;8;9917;19;;;9933;15;9936;19;;;9926.5;0.0
yf_MKC_d1;29900;INTARIAN_PEPPER_ROOT;11070;16;11066;24;;;11095;16;11098;19;;;11082.5;0.0
yf_MKC_d1;30000;ASH_COATED_OSMIUM;9923;21;9921;17;;;9929;20;9931;17;;;9926.0;0.0
yf_MKC_d1;30000;INTARIAN_PEPPER_ROOT;11081;17;11078;24;;;11090;6;11093;31;;;11085.5;0.0
yf_MKC_d1;30100;ASH_COATED_OSMIUM;9923;7;9921;16;;;9929;9;9932;21;;;9926.0;0.0
yf_MKC_d1;30100;INTARIAN_PEPPER_ROOT;11083;5;11080;16;;;11091;16;11093;19;;;11087.0;0.0
yf_MKC_d1;30200;ASH_COATED_OSMIUM;9923;9;9920;16;;;9929;14;9931;34;;;9926.0;0.0
yf_MKC_d1;30200;INTARIAN_PEPPER_ROOT;11087;17;11084;11;;;11093;11;11096;13;;;11090.0;0.0
yf_MKC_d1;30300;ASH_COATED_OSMIUM;9923;19;9919;19;;;9929;8;9931;22;;;9926.0;0.0
yf_MKC_d1;30300;INTARIAN_PEPPER_ROOT;11090;10;11088;20;;;11096;11;11099;22;;;11093.0;0.0
yf_MKC_d1;30400;ASH_COATED_OSMIUM;9921;19;9917;23;;;9929;22;9931;27;;;9925.0;0.0
yf_MKC_d1;30400;INTARIAN_PEPPER_ROOT;11076;19;11072;20;;;11113;17;11116;15;;;11094.5;0.0
yf_MKC_d1;30500;ASH_COATED_OSMIUM;9922;17;9918;20;;;9929;17;9933;19;;;9925.5;0.0
yf_MKC_d1;30500;INTARIAN_PEPPER_ROOT;11094;25;11092;17;;;11100;16;11104;28;;;11097.0;0.0
yf_MKC_d1;30600;ASH_COATED_OSMIUM;9922;23;9918;20;;;9928;19;9931;17;;;9925.0;0.0
yf_MKC_d1;30600;INTARIAN_PEPPER_ROOT;11097;13;11093;14;;;11103;9;11106;23;;;11100.0;0.0
yf_MKC_d1;30700;ASH_COATED_OSMIUM;9922;18;9918;13;;;9928;15;9932;29;;;9925.0;0.0
yf_MKC_d1;30700;INTARIAN_PEPPER_ROOT;11092;23;11088;21;;;11110;17;11114;16;;;11101.0;0.0
yf_MKC_d1;30800;ASH_COATED_OSMIUM;9922;10;9918;22;;;9928;7;9930;20;;;9925.0;0.0
yf_MKC_d1;30800;INTARIAN_PEPPER_ROOT;11101;15;11097;18;;;11107;7;11111;17;;;11104.0;0.0
yf_MKC_d1;30900;ASH_COATED_OSMIUM;9920;14;9916;14;;;9931;17;9934;22;;;9925.5;0.0
yf_MKC_d1;30900;INTARIAN_PEPPER_ROOT;11103;16;11100;17;;;11109;5;11112;17;;;11106.0;0.0
yf_MKC_d1;31000;ASH_COATED_OSMIUM;9923;14;9920;16;;;9929;15;9931;22;;;9926.0;0.0
yf_MKC_d1;31000;INTARIAN_PEPPER_ROOT;11105;9;11103;23;;;11111;13;11114;15;;;11108.0;0.0
yf_MKC_d1;31100;ASH_COATED_OSMIUM;9922;11;9920;21;;;9928;26;9931;16;;;9925.0;0.0
yf_MKC_d1;31100;INTARIAN_PEPPER_ROOT;11105;15;11102;16;;;11117;12;11121;20;;;11111.0;0.0
yf_MKC_d1;31200;ASH_COATED_OSMIUM;9922;13;9919;24;;;9928;13;9931;15;;;9925.0;0.0
yf_MKC_d1;31200;INTARIAN_PEPPER_ROOT;11108;11;11106;23;;;11117;12;11121;24;;;11112.5;0.0
yf_MKC_d1;31300;ASH_COATED_OSMIUM;9914;15;9910;13;;;9934;9;9936;28;;;9924.0;0.0
yf_MKC_d1;31300;INTARIAN_PEPPER_ROOT;11113;15;11109;18;;;11119;10;11123;28;;;11116.0;0.0
yf_MKC_d1;31400;ASH_COATED_OSMIUM;9921;9;9917;19;;;9927;22;9931;16;;;9924.0;0.0
yf_MKC_d1;31400;INTARIAN_PEPPER_ROOT;11114;18;11110;20;;;11120;17;11122;18;;;11117.0;0.0
yf_MKC_d1;31500;ASH_COATED_OSMIUM;9922;21;9920;27;;;9928;16;9932;18;;;9925.0;0.0
yf_MKC_d1;31500;INTARIAN_PEPPER_ROOT;11117;15;11115;28;;;11123;19;11126;24;;;11120.0;0.0
yf_MKC_d1;31600;ASH_COATED_OSMIUM;9921;15;9917;18;;;9928;12;9932;17;;;9924.5;0.0
yf_MKC_d1;31600;INTARIAN_PEPPER_ROOT;11119;30;11117;15;;;11125;14;11127;20;;;11122.0;0.0
yf_MKC_d1;31700;ASH_COATED_OSMIUM;9921;11;9917;17;;;9927;18;9930;9;;;9924.0;0.0
yf_MKC_d1;31700;INTARIAN_PEPPER_ROOT;11120;11;11118;30;;;11128;26;11130;22;;;11124.0;0.0
yf_MKC_d1;31800;ASH_COATED_OSMIUM;9917;17;9915;19;;;9932;19;9936;15;;;9924.5;0.0
yf_MKC_d1;31800;INTARIAN_PEPPER_ROOT;11124;16;11121;13;;;11130;30;11133;15;;;11127.0;0.0
yf_MKC_d1;31900;ASH_COATED_OSMIUM;9921;16;9917;12;;;9927;13;9931;19;;;9924.0;0.0
yf_MKC_d1;31900;INTARIAN_PEPPER_ROOT;11126;14;11122;22;;;11132;18;11134;21;;;11129.0;0.0
yf_MKC_d1;32000;ASH_COATED_OSMIUM;9921;18;9919;30;;;9927;18;9929;17;;;9924.0;0.0
yf_MKC_d1;32000;INTARIAN_PEPPER_ROOT;11125;12;11123;23;;;11136;17;11139;20;;;11130.5;0.0
yf_MKC_d1;32100;ASH_COATED_OSMIUM;9917;16;9915;26;;;9931;15;9933;28;;;9924.0;0.0
yf_MKC_d1;32100;INTARIAN_PEPPER_ROOT;11127;15;11125;21;;;11140;14;11144;24;;;11133.5;0.0
yf_MKC_d1;32200;ASH_COATED_OSMIUM;9921;17;9917;25;;;9927;5;9929;17;;;9924.0;0.0
yf_MKC_d1;32200;INTARIAN_PEPPER_ROOT;11131;21;11129;20;;;11140;7;11143;12;;;11135.5;0.0
yf_MKC_d1;32300;ASH_COATED_OSMIUM;9909;12;9906;24;;;9939;16;9941;21;;;9924.0;0.0
yf_MKC_d1;32300;INTARIAN_PEPPER_ROOT;11135;20;11131;23;;;11141;7;11143;24;;;11138.0;0.0
yf_MKC_d1;32400;ASH_COATED_OSMIUM;9915;11;9912;20;;;9932;20;9935;31;;;9923.5;0.0
yf_MKC_d1;32400;INTARIAN_PEPPER_ROOT;11136;12;11134;14;;;11145;21;11147;19;;;11140.5;0.0
yf_MKC_d1;32500;ASH_COATED_OSMIUM;9921;14;9918;19;;;9927;14;9931;12;;;9924.0;0.0
yf_MKC_d1;32500;INTARIAN_PEPPER_ROOT;11140;10;11137;19;;;11146;10;11149;15;;;11143.0;0.0
yf_MKC_d1;32600;ASH_COATED_OSMIUM;9905;24;9901;20;;;9942;18;9945;22;;;9923.5;0.0
yf_MKC_d1;32600;INTARIAN_PEPPER_ROOT;11134;16;11132;8;;;11157;10;11159;18;;;11145.5;0.0
yf_MKC_d1;32700;ASH_COATED_OSMIUM;9919;8;9917;17;;;9926;25;9930;12;;;9922.5;0.0
yf_MKC_d1;32700;INTARIAN_PEPPER_ROOT;11144;27;11140;27;;;11150;16;11153;20;;;11147.0;0.0
yf_MKC_d1;32800;ASH_COATED_OSMIUM;9915;12;9912;17;;;9930;21;9933;23;;;9922.5;0.0
yf_MKC_d1;32800;INTARIAN_PEPPER_ROOT;11147;22;11145;14;;;11153;20;11155;22;;;11150.0;0.0
yf_MKC_d1;32900;ASH_COATED_OSMIUM;9917;13;9915;14;;;9929;21;9931;12;;;9923.0;0.0
yf_MKC_d1;32900;INTARIAN_PEPPER_ROOT;11145;12;11141;26;;;11158;17;11160;18;;;11151.5;0.0
yf_MKC_d1;33000;ASH_COATED_OSMIUM;9917;17;9913;14;;;9927;25;9930;18;;;9922.0;0.0
yf_MKC_d1;33000;INTARIAN_PEPPER_ROOT;11151;10;11147;14;;;11157;11;11159;21;;;11154.0;0.0
yf_MKC_d1;33100;ASH_COATED_OSMIUM;9920;12;9916;9;;;9926;13;9928;22;;;9923.0;0.0
yf_MKC_d1;33100;INTARIAN_PEPPER_ROOT;11153;16;11149;19;;;11159;11;11162;19;;;11156.0;0.0
yf_MKC_d1;33200;ASH_COATED_OSMIUM;9919;20;9916;19;;;9925;13;9929;21;;;9922.0;0.0
yf_MKC_d1;33200;INTARIAN_PEPPER_ROOT;11145;18;11143;28;;;11173;12;11176;17;;;11159.0;0.0
yf_MKC_d1;33300;ASH_COATED_OSMIUM;9920;15;9917;15;;;9926;10;9929;15;;;9923.0;0.0
yf_MKC_d1;33300;INTARIAN_PEPPER_ROOT;11150;14;11147;23;;;11171;12;11174;23;;;11160.5;0.0
yf_MKC_d1;33400;ASH_COATED_OSMIUM;9919;21;9916;12;;;9925;6;9929;10;;;9922.0;0.0
yf_MKC_d1;33400;INTARIAN_PEPPER_ROOT;11161;10;11158;23;;;11167;26;11171;19;;;11164.0;0.0
yf_MKC_d1;33500;ASH_COATED_OSMIUM;9919;13;9915;21;;;9925;10;9929;19;;;9922.0;0.0
yf_MKC_d1;33500;INTARIAN_PEPPER_ROOT;11162;15;11160;14;;;11168;18;11172;15;;;11165.0;0.0
yf_MKC_d1;33600;ASH_COATED_OSMIUM;9919;14;9915;17;;;9925;14;9929;20;;;9922.0;0.0
yf_MKC_d1;33600;INTARIAN_PEPPER_ROOT;11164;13;11161;22;;;11170;16;11173;19;;;11167.0;0.0
yf_MKC_d1;33700;ASH_COATED_OSMIUM;9919;18;9916;11;;;9925;8;9927;18;;;9922.0;0.0
yf_MKC_d1;33700;INTARIAN_PEPPER_ROOT;11164;5;11161;16;;;11177;20;11180;22;;;11170.5;0.0
yf_MKC_d1;33800;ASH_COATED_OSMIUM;9919;20;9916;17;;;9925;9;9927;23;;;9922.0;0.0
yf_MKC_d1;33800;INTARIAN_PEPPER_ROOT;11169;13;11167;16;;;11175;20;11177;21;;;11172.0;0.0
yf_MKC_d1;33900;ASH_COATED_OSMIUM;9913;21;9909;16;;;9931;18;9933;22;;;9922.0;0.0
yf_MKC_d1;33900;INTARIAN_PEPPER_ROOT;11171;15;11169;13;;;11179;13;11183;16;;;11175.0;0.0
yf_MKC_d1;34000;ASH_COATED_OSMIUM;9915;18;9913;23;;;9928;12;9931;21;;;9921.5;0.0
yf_MKC_d1;34000;INTARIAN_PEPPER_ROOT;11171;24;11169;17;;;11177;7;11180;16;;;11174.0;0.0
yf_MKC_d1;34100;ASH_COATED_OSMIUM;9920;26;9918;16;;;9926;16;9928;19;;;9923.0;0.0
yf_MKC_d1;34100;INTARIAN_PEPPER_ROOT;11170;13;11168;30;;;11177;21;11181;18;;;11173.5;0.0
yf_MKC_d1;34200;ASH_COATED_OSMIUM;9920;14;9918;27;;;9926;10;9930;28;;;9923.0;0.0
yf_MKC_d1;34200;INTARIAN_PEPPER_ROOT;11171;19;11169;20;;;11177;18;11179;11;;;11174.0;0.0
yf_MKC_d1;34300;ASH_COATED_OSMIUM;9920;20;9918;9;;;9926;18;9929;21;;;9923.0;0.0
yf_MKC_d1;34300;INTARIAN_PEPPER_ROOT;11169;12;11166;28;;;11176;9;11179;22;;;11172.5;0.0
yf_MKC_d1;34400;ASH_COATED_OSMIUM;9918;18;9915;22;;;9928;23;9932;18;;;9923.0;0.0
yf_MKC_d1;34400;INTARIAN_PEPPER_ROOT;11169;18;11167;17;;;11175;15;11178;17;;;11172.0;0.0
yf_MKC_d1;34500;ASH_COATED_OSMIUM;9920;11;9916;29;;;9926;19;9928;27;;;9923.0;0.0
yf_MKC_d1;34500;INTARIAN_PEPPER_ROOT;11165;5;11162;24;;;11177;11;11179;19;;;11171.0;0.0
yf_MKC_d1;34600;ASH_COATED_OSMIUM;9920;15;9918;25;;;9926;13;9930;14;;;9923.0;0.0
yf_MKC_d1;34600;INTARIAN_PEPPER_ROOT;11168;17;11164;14;;;11174;16;11178;16;;;11171.0;0.0
yf_MKC_d1;34700;ASH_COATED_OSMIUM;9906;9;9902;23;;;9940;15;9942;12;;;9923.0;0.0
yf_MKC_d1;34700;INTARIAN_PEPPER_ROOT;11167;14;11164;18;;;11173;6;11177;17;;;11170.0;0.0
yf_MKC_d1;34800;ASH_COATED_OSMIUM;9920;9;9917;12;;;9926;15;9930;13;;;9923.0;0.0
yf_MKC_d1;34800;INTARIAN_PEPPER_ROOT;11166;10;11163;22;;;11175;16;11177;19;;;11170.5;0.0
yf_MKC_d1;34900;ASH_COATED_OSMIUM;9920;13;9918;16;;;9927;10;9931;17;;;9923.5;0.0
yf_MKC_d1;34900;INTARIAN_PEPPER_ROOT;11138;9;11134;27;;;11203;13;11206;16;;;11170.5;0.0
yf_MKC_d1;35000;ASH_COATED_OSMIUM;9920;26;9918;27;;;9926;9;9928;26;;;9923.0;0.0
yf_MKC_d1;35000;INTARIAN_PEPPER_ROOT;11164;12;11160;17;;;11175;16;11179;16;;;11169.5;0.0
yf_MKC_d1;35100;ASH_COATED_OSMIUM;9921;15;9919;28;;;9927;20;9931;22;;;9924.0;0.0
yf_MKC_d1;35100;INTARIAN_PEPPER_ROOT;11166;21;11163;15;;;11172;6;11174;26;;;11169.0;0.0
yf_MKC_d1;35200;ASH_COATED_OSMIUM;9916;13;9914;25;;;9929;7;9931;18;;;9922.5;0.0
yf_MKC_d1;35200;INTARIAN_PEPPER_ROOT;11165;18;11162;14;;;11171;11;11173;16;;;11168.0;0.0
yf_MKC_d1;35300;ASH_COATED_OSMIUM;9921;11;9918;18;;;9927;12;9929;15;;;9924.0;0.0
yf_MKC_d1;35300;INTARIAN_PEPPER_ROOT;11158;9;11155;15;;;11177;17;11179;21;;;11167.5;0.0
yf_MKC_d1;35400;ASH_COATED_OSMIUM;9921;27;9919;26;;;9927;17;9929;24;;;9924.0;0.0
yf_MKC_d1;35400;INTARIAN_PEPPER_ROOT;11164;14;11161;23;;;11170;10;11174;24;;;11167.0;0.0
yf_MKC_d1;35500;ASH_COATED_OSMIUM;9920;14;9916;23;;;9926;21;9929;17;;;9923.0;0.0
yf_MKC_d1;35500;INTARIAN_PEPPER_ROOT;11162;22;11160;22;;;11171;14;11173;21;;;11166.5;0.0
yf_MKC_d1;35600;ASH_COATED_OSMIUM;9920;6;9916;25;;;9928;15;9931;16;;;9924.0;0.0
yf_MKC_d1;35600;INTARIAN_PEPPER_ROOT;11163;17;11161;21;;;11169;19;11171;17;;;11166.0;0.0
yf_MKC_d1;35700;ASH_COATED_OSMIUM;9920;6;9918;23;;;9926;20;9929;15;;;9923.0;0.0
yf_MKC_d1;35700;INTARIAN_PEPPER_ROOT;11163;16;11159;14;;;11169;9;11173;20;;;11166.0;0.0
yf_MKC_d1;35800;ASH_COATED_OSMIUM;9917;15;9913;26;;;9932;17;9934;15;;;9924.5;0.0
yf_MKC_d1;35800;INTARIAN_PEPPER_ROOT;11162;10;11160;9;;;11168;18;11171;11;;;11165.0;0.0
yf_MKC_d1;35900;ASH_COATED_OSMIUM;9913;17;9910;24;;;9936;20;9940;17;;;9924.5;0.0
yf_MKC_d1;35900;INTARIAN_PEPPER_ROOT;11153;14;11149;14;;;11176;14;11179;19;;;11164.5;0.0
yf_MKC_d1;36000;ASH_COATED_OSMIUM;9922;11;9919;16;;;9928;11;9932;18;;;9925.0;0.0
yf_MKC_d1;36000;INTARIAN_PEPPER_ROOT;11159;10;11156;20;;;11167;11;11170;25;;;11163.0;0.0
yf_MKC_d1;36100;ASH_COATED_OSMIUM;9922;13;9918;18;;;9928;19;9930;16;;;9925.0;0.0
yf_MKC_d1;36100;INTARIAN_PEPPER_ROOT;11159;11;11157;14;;;11169;11;11172;21;;;11164.0;0.0
yf_MKC_d1;36200;ASH_COATED_OSMIUM;9922;7;9920;14;;;9928;11;9931;18;;;9925.0;0.0
yf_MKC_d1;36200;INTARIAN_PEPPER_ROOT;11160;19;11158;16;;;11166;15;11170;12;;;11163.0;0.0
yf_MKC_d1;36300;ASH_COATED_OSMIUM;9922;9;9918;25;;;9928;18;9931;21;;;9925.0;0.0
yf_MKC_d1;36300;INTARIAN_PEPPER_ROOT;11160;15;11157;24;;;11166;13;11169;21;;;11163.0;0.0
yf_MKC_d1;36400;ASH_COATED_OSMIUM;9922;21;9920;28;;;9928;15;9931;9;;;9925.0;0.0
yf_MKC_d1;36400;INTARIAN_PEPPER_ROOT;11159;17;11156;24;;;11165;15;11169;12;;;11162.0;0.0
yf_MKC_d1;36500;ASH_COATED_OSMIUM;9923;13;9921;18;;;9929;13;9933;15;;;9926.0;0.0
yf_MKC_d1;36500;INTARIAN_PEPPER_ROOT;11155;18;11152;22;;;11167;17;11171;15;;;11161.0;0.0
yf_MKC_d1;36600;ASH_COATED_OSMIUM;9922;19;9919;12;;;9928;8;9930;29;;;9925.0;0.0
yf_MKC_d1;36600;INTARIAN_PEPPER_ROOT;11158;22;11156;15;;;11164;7;11167;19;;;11161.0;0.0
yf_MKC_d1;36700;ASH_COATED_OSMIUM;9920;13;9918;13;;;9932;9;9934;13;;;9926.0;0.0
yf_MKC_d1;36700;INTARIAN_PEPPER_ROOT;11158;9;11156;17;;;11164;7;11166;9;;;11161.0;0.0
yf_MKC_d1;36800;ASH_COATED_OSMIUM;9922;17;9920;19;;;9930;10;9933;27;;;9926.0;0.0
yf_MKC_d1;36800;INTARIAN_PEPPER_ROOT;11153;15;11150;10;;;11168;19;11171;12;;;11160.5;0.0
yf_MKC_d1;36900;ASH_COATED_OSMIUM;9909;12;9907;10;;;9941;6;9943;18;;;9925.0;0.0
yf_MKC_d1;36900;INTARIAN_PEPPER_ROOT;11157;22;11153;15;;;11163;26;11166;18;;;11160.0;0.0
yf_MKC_d1;37000;ASH_COATED_OSMIUM;9923;11;9921;20;;;9929;13;9933;24;;;9926.0;0.0
yf_MKC_d1;37000;INTARIAN_PEPPER_ROOT;11156;14;11154;13;;;11162;20;11165;20;;;11159.0;0.0
yf_MKC_d1;37100;ASH_COATED_OSMIUM;9917;23;9913;20;;;9934;17;9936;19;;;9925.5;0.0
yf_MKC_d1;37100;INTARIAN_PEPPER_ROOT;11155;11;11151;13;;;11161;5;11163;13;;;11158.0;0.0
yf_MKC_d1;37200;ASH_COATED_OSMIUM;9922;19;9920;16;;;9931;18;9933;18;;;9926.5;0.0
yf_MKC_d1;37200;INTARIAN_PEPPER_ROOT;11156;24;11154;21;;;11162;8;11166;25;;;11159.0;0.0
yf_MKC_d1;37300;ASH_COATED_OSMIUM;9924;15;9920;22;;;9930;17;9932;22;;;9927.0;0.0
yf_MKC_d1;37300;INTARIAN_PEPPER_ROOT;11155;19;11152;20;;;11161;12;11164;16;;;11158.0;0.0
yf_MKC_d1;37400;ASH_COATED_OSMIUM;9924;20;9921;16;;;9930;19;9933;14;;;9927.0;0.0
yf_MKC_d1;37400;INTARIAN_PEPPER_ROOT;11154;14;11151;24;;;11160;6;11162;16;;;11157.0;0.0
yf_MKC_d1;37500;ASH_COATED_OSMIUM;9924;12;9922;15;;;9930;13;9934;27;;;9927.0;0.0
yf_MKC_d1;37500;INTARIAN_PEPPER_ROOT;11154;20;11150;31;;;11160;28;11163;25;;;11157.0;0.0
yf_MKC_d1;37600;ASH_COATED_OSMIUM;9923;17;9921;23;;;9931;20;9933;20;;;9927.0;0.0
yf_MKC_d1;37600;INTARIAN_PEPPER_ROOT;11153;23;11151;16;;;11159;14;11163;17;;;11156.0;0.0
yf_MKC_d1;37700;ASH_COATED_OSMIUM;9924;9;9922;20;;;9930;18;9934;17;;;9927.0;0.0
yf_MKC_d1;37700;INTARIAN_PEPPER_ROOT;11153;17;11151;16;;;11159;7;11161;18;;;11156.0;0.0
yf_MKC_d1;37800;ASH_COATED_OSMIUM;9925;14;9922;19;;;9931;23;9935;10;;;9928.0;0.0
yf_MKC_d1;37800;INTARIAN_PEPPER_ROOT;11151;17;11149;31;;;11159;10;11161;20;;;11155.0;0.0
yf_MKC_d1;37900;ASH_COATED_OSMIUM;9924;12;9921;20;;;9930;11;9933;25;;;9927.0;0.0
yf_MKC_d1;37900;INTARIAN_PEPPER_ROOT;11151;9;11148;24;;;11157;14;11161;24;;;11154.0;0.0
yf_MKC_d1;38000;ASH_COATED_OSMIUM;9924;12;9921;19;;;9930;5;9934;23;;;9927.0;0.0
yf_MKC_d1;38000;INTARIAN_PEPPER_ROOT;11151;13;11149;27;;;11157;9;11160;20;;;11154.0;0.0
yf_MKC_d1;38100;ASH_COATED_OSMIUM;9924;20;9922;30;;;9930;14;9933;20;;;9927.0;0.0
yf_MKC_d1;38100;INTARIAN_PEPPER_ROOT;11148;13;11146;19;;;11160;14;11163;11;;;11154.0;0.0
yf_MKC_d1;38200;ASH_COATED_OSMIUM;9924;8;9922;20;;;9930;5;9934;24;;;9927.0;0.0
yf_MKC_d1;38200;INTARIAN_PEPPER_ROOT;11144;15;11140;18;;;11162;11;11164;23;;;11153.0;0.0
yf_MKC_d1;38300;ASH_COATED_OSMIUM;9925;23;9922;20;;;9931;18;9934;8;;;9928.0;0.0
yf_MKC_d1;38300;INTARIAN_PEPPER_ROOT;11149;15;11146;18;;;11155;16;11157;20;;;11152.0;0.0
yf_MKC_d1;38400;ASH_COATED_OSMIUM;9925;6;9921;20;;;9931;6;9933;23;;;9928.0;0.0
yf_MKC_d1;38400;INTARIAN_PEPPER_ROOT;11149;10;11145;25;;;11156;9;11158;13;;;11152.5;0.0
yf_MKC_d1;38500;ASH_COATED_OSMIUM;9925;19;9921;25;;;9931;15;9934;12;;;9928.0;0.0
yf_MKC_d1;38500;INTARIAN_PEPPER_ROOT;11149;5;11145;17;;;11155;19;11158;17;;;11152.0;0.0
yf_MKC_d1;38600;ASH_COATED_OSMIUM;9923;23;9920;27;;;9933;16;9936;13;;;9928.0;0.0
yf_MKC_d1;38600;INTARIAN_PEPPER_ROOT;11148;7;11146;18;;;11154;14;11157;13;;;11151.0;0.0
yf_MKC_d1;38700;ASH_COATED_OSMIUM;9925;17;9921;20;;;9931;10;9933;14;;;9928.0;0.0
yf_MKC_d1;38700;INTARIAN_PEPPER_ROOT;11147;12;11143;14;;;11153;14;11156;19;;;11150.0;0.0
yf_MKC_d1;38800;ASH_COATED_OSMIUM;9920;14;9918;21;;;9938;15;9942;20;;;9929.0;0.0
yf_MKC_d1;38800;INTARIAN_PEPPER_ROOT;11148;16;11146;21;;;11154;15;11156;20;;;11151.0;0.0
yf_MKC_d1;38900;ASH_COATED_OSMIUM;9926;12;9922;35;;;9932;9;9934;20;;;9929.0;0.0
yf_MKC_d1;38900;INTARIAN_PEPPER_ROOT;11147;10;11144;13;;;11153;12;11155;18;;;11150.0;0.0
yf_MKC_d1;39000;ASH_COATED_OSMIUM;9925;12;9921;17;;;9931;15;9935;18;;;9928.0;0.0
yf_MKC_d1;39000;INTARIAN_PEPPER_ROOT;11147;12;11145;8;;;11153;21;11157;17;;;11150.0;0.0
yf_MKC_d1;39100;ASH_COATED_OSMIUM;9903;16;9899;25;;;9954;16;9958;21;;;9928.5;0.0
yf_MKC_d1;39100;INTARIAN_PEPPER_ROOT;11140;19;11137;23;;;11158;12;11161;18;;;11149.0;0.0
yf_MKC_d1;39200;ASH_COATED_OSMIUM;9918;12;9914;12;;;9940;19;9943;26;;;9929.0;0.0
yf_MKC_d1;39200;INTARIAN_PEPPER_ROOT;11139;15;11135;13;;;11158;17;11161;26;;;11148.5;0.0
yf_MKC_d1;39300;ASH_COATED_OSMIUM;9926;6;9922;16;;;9932;10;9936;24;;;9929.0;0.0
yf_MKC_d1;39300;INTARIAN_PEPPER_ROOT;11138;14;11136;18;;;11156;10;11158;21;;;11147.0;0.0
yf_MKC_d1;39400;ASH_COATED_OSMIUM;9926;12;9924;23;;;9932;22;9936;17;;;9929.0;0.0
yf_MKC_d1;39400;INTARIAN_PEPPER_ROOT;11145;17;11142;8;;;11151;22;11155;27;;;11148.0;0.0
yf_MKC_d1;39500;ASH_COATED_OSMIUM;9926;7;9922;22;;;9933;20;9936;25;;;9929.5;0.0
yf_MKC_d1;39500;INTARIAN_PEPPER_ROOT;11144;6;11140;23;;;11150;8;11154;17;;;11147.0;0.0
yf_MKC_d1;39600;ASH_COATED_OSMIUM;9919;11;9917;27;;;9939;15;9942;19;;;9929.0;0.0
yf_MKC_d1;39600;INTARIAN_PEPPER_ROOT;11144;14;11142;17;;;11150;5;11153;20;;;11147.0;0.0
yf_MKC_d1;39700;ASH_COATED_OSMIUM;9926;11;9922;17;;;9932;18;9934;14;;;9929.0;0.0
yf_MKC_d1;39700;INTARIAN_PEPPER_ROOT;11143;17;11140;16;;;11149;16;11153;19;;;11146.0;0.0
yf_MKC_d1;39800;ASH_COATED_OSMIUM;9922;12;9918;15;;;9936;20;9939;22;;;9929.0;0.0
yf_MKC_d1;39800;INTARIAN_PEPPER_ROOT;11142;13;11140;14;;;11148;11;11150;20;;;11145.0;0.0
yf_MKC_d1;39900;ASH_COATED_OSMIUM;9927;14;9925;23;;;9933;14;9937;13;;;9930.0;0.0
yf_MKC_d1;39900;INTARIAN_PEPPER_ROOT;11142;15;11138;14;;;11148;13;11152;12;;;11145.0;0.0
yf_MKC_d1;40000;ASH_COATED_OSMIUM;9924;20;9921;17;;;9936;14;9939;13;;;9930.0;0.0
yf_MKC_d1;40000;INTARIAN_PEPPER_ROOT;11142;13;11139;21;;;11148;17;11151;23;;;11145.0;0.0
yf_MKC_d1;40100;ASH_COATED_OSMIUM;9927;11;9923;21;;;9933;16;9937;15;;;9930.0;0.0
yf_MKC_d1;40100;INTARIAN_PEPPER_ROOT;11139;17;11136;16;;;11150;10;11154;16;;;11144.5;0.0
yf_MKC_d1;40200;ASH_COATED_OSMIUM;9927;15;9925;23;;;9933;26;9935;24;;;9930.0;0.0
yf_MKC_d1;40200;INTARIAN_PEPPER_ROOT;11141;20;11138;16;;;11147;13;11151;20;;;11144.0;0.0
yf_MKC_d1;40300;ASH_COATED_OSMIUM;9927;11;9924;21;;;9933;9;9937;13;;;9930.0;0.0
yf_MKC_d1;40300;INTARIAN_PEPPER_ROOT;11140;17;11138;15;;;11146;13;11149;19;;;11143.0;0.0
yf_MKC_d1;40400;ASH_COATED_OSMIUM;9920;11;9916;26;;;9941;17;9944;21;;;9930.5;0.0
yf_MKC_d1;40400;INTARIAN_PEPPER_ROOT;11139;10;11136;20;;;11145;11;11149;22;;;11142.0;0.0
yf_MKC_d1;40500;ASH_COATED_OSMIUM;9921;19;9919;18;;;9939;14;9942;15;;;9930.0;0.0
yf_MKC_d1;40500;INTARIAN_PEPPER_ROOT;11139;22;11135;20;;;11145;18;11149;21;;;11142.0;0.0
yf_MKC_d1;40600;ASH_COATED_OSMIUM;9927;19;9925;13;;;9933;5;9937;30;;;9930.0;0.0
yf_MKC_d1;40600;INTARIAN_PEPPER_ROOT;11138;9;11136;18;;;11145;5;11149;17;;;11141.5;0.0
yf_MKC_d1;40700;ASH_COATED_OSMIUM;9922;12;9918;10;;;9939;14;9943;25;;;9930.5;0.0
yf_MKC_d1;40700;INTARIAN_PEPPER_ROOT;11136;11;11133;16;;;11148;9;11150;18;;;11142.0;0.0
yf_MKC_d1;40800;ASH_COATED_OSMIUM;9925;19;9921;13;;;9937;20;9941;21;;;9931.0;0.0
yf_MKC_d1;40800;INTARIAN_PEPPER_ROOT;11134;21;11130;18;;;11148;9;11152;14;;;11141.0;0.0
yf_MKC_d1;40900;ASH_COATED_OSMIUM;9928;11;9925;25;;;9934;10;9936;25;;;9931.0;0.0
yf_MKC_d1;40900;INTARIAN_PEPPER_ROOT;11137;13;11133;13;;;11143;21;11145;15;;;11140.0;0.0
yf_MKC_d1;41000;ASH_COATED_OSMIUM;9927;15;9925;16;;;9935;22;9939;12;;;9931.0;0.0
yf_MKC_d1;41000;INTARIAN_PEPPER_ROOT;11137;14;11133;13;;;11143;16;11145;24;;;11140.0;0.0
yf_MKC_d1;41100;ASH_COATED_OSMIUM;9929;12;9925;16;;;9935;16;9937;21;;;9932.0;0.0
yf_MKC_d1;41100;INTARIAN_PEPPER_ROOT;11133;18;11131;28;;;11144;9;11148;18;;;11138.5;0.0
yf_MKC_d1;41200;ASH_COATED_OSMIUM;9928;6;9924;20;;;9935;17;9939;16;;;9931.5;0.0
yf_MKC_d1;41200;INTARIAN_PEPPER_ROOT;11132;5;11130;27;;;11145;11;11148;22;;;11138.5;0.0
yf_MKC_d1;41300;ASH_COATED_OSMIUM;9929;15;9925;19;;;9935;21;9937;20;;;9932.0;0.0
yf_MKC_d1;41300;INTARIAN_PEPPER_ROOT;11130;20;11127;18;;;11145;7;11148;23;;;11137.5;0.0
yf_MKC_d1;41400;ASH_COATED_OSMIUM;9929;9;9927;22;;;9935;11;9938;14;;;9932.0;0.0
yf_MKC_d1;41400;INTARIAN_PEPPER_ROOT;11135;16;11132;30;;;11141;16;11143;24;;;11138.0;0.0
yf_MKC_d1;41500;ASH_COATED_OSMIUM;9929;12;9925;20;;;9935;23;9937;18;;;9932.0;0.0
yf_MKC_d1;41500;INTARIAN_PEPPER_ROOT;11128;13;11126;11;;;11147;17;11149;23;;;11137.5;0.0
yf_MKC_d1;41600;ASH_COATED_OSMIUM;9928;9;9926;12;;;9934;19;9937;13;;;9931.0;0.0
yf_MKC_d1;41600;INTARIAN_PEPPER_ROOT;11132;15;11130;24;;;11142;14;11146;20;;;11137.0;0.0
yf_MKC_d1;41700;ASH_COATED_OSMIUM;9929;10;9925;10;;;9935;8;9937;23;;;9932.0;0.0
yf_MKC_d1;41700;INTARIAN_PEPPER_ROOT;11133;11;11130;18;;;11139;13;11141;22;;;11136.0;0.0
yf_MKC_d1;41800;ASH_COATED_OSMIUM;9929;13;9925;25;;;9935;12;9939;16;;;9932.0;0.0
yf_MKC_d1;41800;INTARIAN_PEPPER_ROOT;11118;22;11114;21;;;11154;22;11156;14;;;11136.0;0.0
yf_MKC_d1;41900;ASH_COATED_OSMIUM;9930;18;9926;32;;;9936;12;9938;19;;;9933.0;0.0
yf_MKC_d1;41900;INTARIAN_PEPPER_ROOT;11126;24;11122;17;;;11146;15;11150;15;;;11136.0;0.0
yf_MKC_d1;42000;ASH_COATED_OSMIUM;9930;12;9926;18;;;9936;14;9938;26;;;9933.0;0.0
yf_MKC_d1;42000;INTARIAN_PEPPER_ROOT;11132;7;11129;23;;;11138;10;11140;20;;;11135.0;0.0
yf_MKC_d1;42100;ASH_COATED_OSMIUM;9922;8;9918;25;;;9942;11;9946;21;;;9932.0;0.0
yf_MKC_d1;42100;INTARIAN_PEPPER_ROOT;11121;16;11119;21;;;11148;11;11151;8;;;11134.5;0.0
yf_MKC_d1;42200;ASH_COATED_OSMIUM;9927;18;9925;23;;;9939;6;9941;15;;;9933.0;0.0
yf_MKC_d1;42200;INTARIAN_PEPPER_ROOT;11130;14;11128;20;;;11136;13;11138;21;;;11133.0;0.0
yf_MKC_d1;42300;ASH_COATED_OSMIUM;9929;18;9925;15;;;9936;10;9938;20;;;9932.5;0.0
yf_MKC_d1;42300;INTARIAN_PEPPER_ROOT;11130;13;11128;21;;;11136;13;11139;10;;;11133.0;0.0
yf_MKC_d1;42400;ASH_COATED_OSMIUM;9929;14;9927;22;;;9935;13;9938;20;;;9932.0;0.0
yf_MKC_d1;42400;INTARIAN_PEPPER_ROOT;11121;5;11117;15;;;11145;13;11149;16;;;11133.0;0.0
yf_MKC_d1;42500;ASH_COATED_OSMIUM;9929;5;9927;21;;;9936;13;9940;27;;;9932.5;0.0
yf_MKC_d1;42500;INTARIAN_PEPPER_ROOT;11130;12;11126;20;;;11136;26;11139;21;;;11133.0;0.0
yf_MKC_d1;42600;ASH_COATED_OSMIUM;9929;21;9927;25;;;9938;15;9941;20;;;9933.5;0.0
yf_MKC_d1;42600;INTARIAN_PEPPER_ROOT;11129;15;11127;11;;;11135;12;11137;15;;;11132.0;0.0
yf_MKC_d1;42700;ASH_COATED_OSMIUM;9926;5;9923;24;;;9940;9;9943;15;;;9933.0;0.0
yf_MKC_d1;42700;INTARIAN_PEPPER_ROOT;11128;22;11125;15;;;11134;10;11136;17;;;11131.0;0.0
yf_MKC_d1;42800;ASH_COATED_OSMIUM;9930;12;9927;25;;;9936;24;9938;24;;;9933.0;0.0
yf_MKC_d1;42800;INTARIAN_PEPPER_ROOT;11124;15;11121;21;;;11138;15;11140;23;;;11131.0;0.0
yf_MKC_d1;42900;ASH_COATED_OSMIUM;9930;10;9928;27;;;9936;11;9938;18;;;9933.0;0.0
yf_MKC_d1;42900;INTARIAN_PEPPER_ROOT;11128;11;11125;24;;;11134;24;11138;25;;;11131.0;0.0
yf_MKC_d1;43000;ASH_COATED_OSMIUM;9931;16;9928;16;;;9937;20;9939;14;;;9934.0;0.0
yf_MKC_d1;43000;INTARIAN_PEPPER_ROOT;11126;20;11124;26;;;11134;6;11136;22;;;11130.0;0.0
yf_MKC_d1;43100;ASH_COATED_OSMIUM;9931;20;9929;10;;;9937;19;9940;16;;;9934.0;0.0
yf_MKC_d1;43100;INTARIAN_PEPPER_ROOT;11127;13;11125;17;;;11133;8;11137;21;;;11130.0;0.0
yf_MKC_d1;43200;ASH_COATED_OSMIUM;9931;13;9929;25;;;9937;15;9939;18;;;9934.0;0.0
yf_MKC_d1;43200;INTARIAN_PEPPER_ROOT;11126;10;11124;22;;;11132;15;11135;21;;;11129.0;0.0
yf_MKC_d1;43300;ASH_COATED_OSMIUM;9932;19;9928;20;;;9938;13;9942;17;;;9935.0;0.0
yf_MKC_d1;43300;INTARIAN_PEPPER_ROOT;11126;12;11124;19;;;11132;8;11134;9;;;11129.0;0.0
yf_MKC_d1;43400;ASH_COATED_OSMIUM;9932;18;9930;22;;;9938;10;9940;9;;;9935.0;0.0
yf_MKC_d1;43400;INTARIAN_PEPPER_ROOT;11125;11;11122;21;;;11131;14;11133;13;;;11128.0;0.0
yf_MKC_d1;43500;ASH_COATED_OSMIUM;9931;17;9929;22;;;9937;11;9941;26;;;9934.0;0.0
yf_MKC_d1;43500;INTARIAN_PEPPER_ROOT;11125;18;11121;15;;;11131;16;11133;20;;;11128.0;0.0
yf_MKC_d1;43600;ASH_COATED_OSMIUM;9932;24;9928;20;;;9938;13;9942;27;;;9935.0;0.0
yf_MKC_d1;43600;INTARIAN_PEPPER_ROOT;11124;11;11122;12;;;11130;10;11134;13;;;11127.0;0.0
yf_MKC_d1;43700;ASH_COATED_OSMIUM;9932;17;9928;15;;;9938;18;9940;30;;;9935.0;0.0
yf_MKC_d1;43700;INTARIAN_PEPPER_ROOT;11114;5;11112;16;;;11138;15;11141;19;;;11126.0;0.0
yf_MKC_d1;43800;ASH_COATED_OSMIUM;9932;22;9929;17;;;9938;12;9942;14;;;9935.0;0.0
yf_MKC_d1;43800;INTARIAN_PEPPER_ROOT;11123;13;11121;18;;;11129;11;11132;23;;;11126.0;0.0
yf_MKC_d1;43900;ASH_COATED_OSMIUM;9928;6;9924;14;;;9942;17;9946;26;;;9935.0;0.0
yf_MKC_d1;43900;INTARIAN_PEPPER_ROOT;11115;19;11112;19;;;11135;23;11139;14;;;11125.0;0.0
yf_MKC_d1;44000;ASH_COATED_OSMIUM;9932;8;9929;23;;;9938;14;9942;29;;;9935.0;0.0
yf_MKC_d1;44000;INTARIAN_PEPPER_ROOT;11123;24;11120;17;;;11129;19;11132;19;;;11126.0;0.0
yf_MKC_d1;44100;ASH_COATED_OSMIUM;9930;13;9928;19;;;9941;11;9943;23;;;9935.5;0.0
yf_MKC_d1;44100;INTARIAN_PEPPER_ROOT;11113;17;11111;14;;;11135;13;11138;27;;;11124.0;0.0
yf_MKC_d1;44200;ASH_COATED_OSMIUM;9930;25;9928;22;;;9941;8;9944;27;;;9935.5;0.0
yf_MKC_d1;44200;INTARIAN_PEPPER_ROOT;11121;13;11117;15;;;11127;18;11130;14;;;11124.0;0.0
yf_MKC_d1;44300;ASH_COATED_OSMIUM;9924;11;9920;25;;;9947;13;9949;24;;;9935.5;0.0
yf_MKC_d1;44300;INTARIAN_PEPPER_ROOT;11121;15;11117;16;;;11127;18;11129;12;;;11124.0;0.0
yf_MKC_d1;44400;ASH_COATED_OSMIUM;9932;13;9928;18;;;9938;15;9941;27;;;9935.0;0.0
yf_MKC_d1;44400;INTARIAN_PEPPER_ROOT;11120;8;11117;25;;;11126;18;11130;16;;;11123.0;0.0
yf_MKC_d1;44500;ASH_COATED_OSMIUM;9930;10;9926;25;;;9941;5;9945;19;;;9935.5;0.0
yf_MKC_d1;44500;INTARIAN_PEPPER_ROOT;11120;5;11117;21;;;11126;14;11129;23;;;11123.0;0.0
yf_MKC_d1;44600;ASH_COATED_OSMIUM;9932;18;9930;22;;;9941;6;9944;20;;;9936.5;0.0
yf_MKC_d1;44600;INTARIAN_PEPPER_ROOT;11117;13;11115;26;;;11125;14;11129;21;;;11121.0;0.0
yf_MKC_d1;44700;ASH_COATED_OSMIUM;9929;5;9926;18;;;9942;13;9945;21;;;9935.5;0.0
yf_MKC_d1;44700;INTARIAN_PEPPER_ROOT;11119;22;11116;21;;;11125;21;11129;13;;;11122.0;0.0
yf_MKC_d1;44800;ASH_COATED_OSMIUM;9933;9;9931;22;;;9939;11;9942;18;;;9936.0;0.0
yf_MKC_d1;44800;INTARIAN_PEPPER_ROOT;11118;14;11115;20;;;11124;14;11126;18;;;11121.0;0.0
yf_MKC_d1;44900;ASH_COATED_OSMIUM;9931;8;9929;30;;;9941;13;9944;30;;;9936.0;0.0
yf_MKC_d1;44900;INTARIAN_PEPPER_ROOT;11113;12;11111;27;;;11127;21;11131;18;;;11120.0;0.0
yf_MKC_d1;45000;ASH_COATED_OSMIUM;9933;19;9929;17;;;9939;12;9943;22;;;9936.0;0.0
yf_MKC_d1;45000;INTARIAN_PEPPER_ROOT;11118;10;11116;19;;;11124;15;11126;14;;;11121.0;0.0
yf_MKC_d1;45100;ASH_COATED_OSMIUM;9933;19;9931;16;;;9939;10;9942;25;;;9936.0;0.0
yf_MKC_d1;45100;INTARIAN_PEPPER_ROOT;11116;11;11114;12;;;11122;16;11125;10;;;11119.0;0.0
yf_MKC_d1;45200;ASH_COATED_OSMIUM;9933;11;9929;22;;;9939;12;9942;15;;;9936.0;0.0
yf_MKC_d1;45200;INTARIAN_PEPPER_ROOT;11112;23;11108;14;;;11126;12;11129;20;;;11119.0;0.0
yf_MKC_d1;45300;ASH_COATED_OSMIUM;9934;17;9930;28;;;9940;13;9942;22;;;9937.0;0.0
yf_MKC_d1;45300;INTARIAN_PEPPER_ROOT;11114;18;11111;16;;;11124;19;11127;26;;;11119.0;0.0
yf_MKC_d1;45400;ASH_COATED_OSMIUM;9926;9;9924;17;;;9948;11;9952;21;;;9937.0;0.0
yf_MKC_d1;45400;INTARIAN_PEPPER_ROOT;11112;16;11108;16;;;11126;24;11130;24;;;11119.0;0.0
yf_MKC_d1;45500;ASH_COATED_OSMIUM;9934;20;9930;18;;;9940;7;9944;19;;;9937.0;0.0
yf_MKC_d1;45500;INTARIAN_PEPPER_ROOT;11110;16;11108;31;;;11125;11;11128;19;;;11117.5;0.0
yf_MKC_d1;45600;ASH_COATED_OSMIUM;9933;5;9930;16;;;9942;12;9944;26;;;9937.5;0.0
yf_MKC_d1;45600;INTARIAN_PEPPER_ROOT;11114;15;11111;13;;;11120;14;11123;26;;;11117.0;0.0
yf_MKC_d1;45700;ASH_COATED_OSMIUM;9933;16;9929;20;;;9941;10;9943;21;;;9937.0;0.0
yf_MKC_d1;45700;INTARIAN_PEPPER_ROOT;11113;22;11111;19;;;11121;6;11124;20;;;11117.0;0.0
yf_MKC_d1;45800;ASH_COATED_OSMIUM;9924;21;9920;25;;;9951;5;9953;20;;;9937.5;0.0
yf_MKC_d1;45800;INTARIAN_PEPPER_ROOT;11109;11;11106;10;;;11123;23;11126;16;;;11116.0;0.0
yf_MKC_d1;45900;ASH_COATED_OSMIUM;9935;11;9933;25;;;9941;10;9944;16;;;9938.0;0.0
yf_MKC_d1;45900;INTARIAN_PEPPER_ROOT;11113;7;11109;16;;;11119;19;11123;22;;;11116.0;0.0
yf_MKC_d1;46000;ASH_COATED_OSMIUM;9935;25;9932;16;;;9941;5;9944;16;;;9938.0;0.0
yf_MKC_d1;46000;INTARIAN_PEPPER_ROOT;11110;11;11108;17;;;11121;8;11124;10;;;11115.5;0.0
yf_MKC_d1;46100;ASH_COATED_OSMIUM;9933;5;9931;22;;;9943;17;9945;16;;;9938.0;0.0
yf_MKC_d1;46100;INTARIAN_PEPPER_ROOT;11112;16;11110;20;;;11118;8;11120;24;;;11115.0;0.0
yf_MKC_d1;46200;ASH_COATED_OSMIUM;9935;8;9933;13;;;9941;13;9945;14;;;9938.0;0.0
yf_MKC_d1;46200;INTARIAN_PEPPER_ROOT;11111;13;11108;21;;;11118;14;11122;23;;;11114.5;0.0
yf_MKC_d1;46300;ASH_COATED_OSMIUM;9935;9;9933;18;;;9941;8;9943;10;;;9938.0;0.0
yf_MKC_d1;46300;INTARIAN_PEPPER_ROOT;11111;15;11108;25;;;11117;13;11120;24;;;11114.0;0.0
yf_MKC_d1;46400;ASH_COATED_OSMIUM;9935;14;9931;15;;;9941;14;9944;13;;;9938.0;0.0
yf_MKC_d1;46400;INTARIAN_PEPPER_ROOT;11110;21;11107;17;;;11116;10;11119;27;;;11113.0;0.0
yf_MKC_d1;46500;ASH_COATED_OSMIUM;9928;17;9925;20;;;9948;14;9950;22;;;9938.0;0.0
yf_MKC_d1;46500;INTARIAN_PEPPER_ROOT;11110;12;11106;13;;;11116;13;11119;16;;;11113.0;0.0
yf_MKC_d1;46600;ASH_COATED_OSMIUM;9932;13;9928;20;;;9946;23;9950;17;;;9939.0;0.0
yf_MKC_d1;46600;INTARIAN_PEPPER_ROOT;11109;20;11107;9;;;11115;15;11119;24;;;11112.0;0.0
yf_MKC_d1;46700;ASH_COATED_OSMIUM;9932;17;9930;20;;;9945;19;9948;22;;;9938.5;0.0
yf_MKC_d1;46700;INTARIAN_PEPPER_ROOT;11105;9;11102;18;;;11120;5;11122;10;;;11112.5;0.0
yf_MKC_d1;46800;ASH_COATED_OSMIUM;9933;7;9929;18;;;9944;19;9946;27;;;9938.5;0.0
yf_MKC_d1;46800;INTARIAN_PEPPER_ROOT;11106;7;11103;21;;;11117;15;11120;22;;;11111.5;0.0
yf_MKC_d1;46900;ASH_COATED_OSMIUM;9937;19;9934;17;;;9943;21;9947;19;;;9940.0;0.0
yf_MKC_d1;46900;INTARIAN_PEPPER_ROOT;11105;9;11102;24;;;11116;12;11120;24;;;11110.5;0.0
yf_MKC_d1;47000;ASH_COATED_OSMIUM;9935;15;9931;21;;;9942;14;9946;18;;;9938.5;0.0
yf_MKC_d1;47000;INTARIAN_PEPPER_ROOT;11107;11;11103;16;;;11114;10;11116;23;;;11110.5;0.0
yf_MKC_d1;47100;ASH_COATED_OSMIUM;9936;12;9933;23;;;9942;16;9945;16;;;9939.0;0.0
yf_MKC_d1;47100;INTARIAN_PEPPER_ROOT;11106;14;11103;18;;;11113;16;11116;19;;;11109.5;0.0
yf_MKC_d1;47200;ASH_COATED_OSMIUM;9935;11;9933;15;;;9944;13;9946;10;;;9939.5;0.0
yf_MKC_d1;47200;INTARIAN_PEPPER_ROOT;11107;16;11105;21;;;11113;7;11116;26;;;11110.0;0.0
yf_MKC_d1;47300;ASH_COATED_OSMIUM;9936;22;9932;17;;;9942;10;9944;16;;;9939.0;0.0
yf_MKC_d1;47300;INTARIAN_PEPPER_ROOT;11105;15;11101;18;;;11113;5;11115;20;;;11109.0;0.0
yf_MKC_d1;47400;ASH_COATED_OSMIUM;9935;13;9931;17;;;9945;19;9947;22;;;9940.0;0.0
yf_MKC_d1;47400;INTARIAN_PEPPER_ROOT;11105;13;11101;17;;;11111;13;11113;16;;;11108.0;0.0
yf_MKC_d1;47500;ASH_COATED_OSMIUM;9937;20;9934;20;;;9943;16;9947;20;;;9940.0;0.0
yf_MKC_d1;47500;INTARIAN_PEPPER_ROOT;11104;16;11102;30;;;11112;10;11115;22;;;11108.0;0.0
yf_MKC_d1;47600;ASH_COATED_OSMIUM;9936;16;9934;12;;;9944;12;9948;21;;;9940.0;0.0
yf_MKC_d1;47600;INTARIAN_PEPPER_ROOT;11104;25;11101;17;;;11111;13;11114;18;;;11107.5;0.0
yf_MKC_d1;47700;ASH_COATED_OSMIUM;9937;19;9935;26;;;9943;15;9946;20;;;9940.0;0.0
yf_MKC_d1;47700;INTARIAN_PEPPER_ROOT;11084;9;11080;20;;;11130;24;11133;11;;;11107.0;0.0
yf_MKC_d1;47800;ASH_COATED_OSMIUM;9935;11;9931;12;;;9945;10;9948;25;;;9940.0;0.0
yf_MKC_d1;47800;INTARIAN_PEPPER_ROOT;11094;12;11092;18;;;11119;16;11121;22;;;11106.5;0.0
yf_MKC_d1;47900;ASH_COATED_OSMIUM;9937;13;9934;20;;;9943;16;9947;24;;;9940.0;0.0
yf_MKC_d1;47900;INTARIAN_PEPPER_ROOT;11103;10;11101;15;;;11109;19;11113;21;;;11106.0;0.0
yf_MKC_d1;48000;ASH_COATED_OSMIUM;9938;13;9936;19;;;9944;13;9948;23;;;9941.0;0.0
yf_MKC_d1;48000;INTARIAN_PEPPER_ROOT;11102;8;11098;21;;;11108;13;11111;15;;;11105.0;0.0
yf_MKC_d1;48100;ASH_COATED_OSMIUM;9937;8;9933;26;;;9943;14;9945;23;;;9940.0;0.0
yf_MKC_d1;48100;INTARIAN_PEPPER_ROOT;11102;16;11099;24;;;11108;23;11110;16;;;11105.0;0.0
yf_MKC_d1;48200;ASH_COATED_OSMIUM;9933;13;9931;21;;;9949;13;9953;14;;;9941.0;0.0
yf_MKC_d1;48200;INTARIAN_PEPPER_ROOT;11101;20;11097;23;;;11107;20;11110;14;;;11104.0;0.0
yf_MKC_d1;48300;ASH_COATED_OSMIUM;9938;11;9935;12;;;9944;17;9947;10;;;9941.0;0.0
yf_MKC_d1;48300;INTARIAN_PEPPER_ROOT;11101;9;11098;24;;;11107;16;11110;23;;;11104.0;0.0
yf_MKC_d1;48400;ASH_COATED_OSMIUM;9938;22;9935;16;;;9944;16;9947;12;;;9941.0;0.0
yf_MKC_d1;48400;INTARIAN_PEPPER_ROOT;11094;19;11092;20;;;11112;10;11115;8;;;11103.0;0.0
yf_MKC_d1;48500;ASH_COATED_OSMIUM;9938;21;9935;14;;;9944;13;9948;15;;;9941.0;0.0
yf_MKC_d1;48500;INTARIAN_PEPPER_ROOT;11097;18;11095;27;;;11109;5;11112;22;;;11103.0;0.0
yf_MKC_d1;48600;ASH_COATED_OSMIUM;9939;17;9936;20;;;9945;17;9947;16;;;9942.0;0.0
yf_MKC_d1;48600;INTARIAN_PEPPER_ROOT;11100;9;11096;21;;;11106;14;11110;25;;;11103.0;0.0
yf_MKC_d1;48700;ASH_COATED_OSMIUM;9935;16;9933;15;;;9947;17;9951;19;;;9941.0;0.0
yf_MKC_d1;48700;INTARIAN_PEPPER_ROOT;11100;25;11097;21;;;11106;20;11110;22;;;11103.0;0.0
yf_MKC_d1;48800;ASH_COATED_OSMIUM;9938;14;9934;20;;;9944;13;9947;23;;;9941.0;0.0
yf_MKC_d1;48800;INTARIAN_PEPPER_ROOT;11097;11;11094;22;;;11104;11;11106;19;;;11100.5;0.0
yf_MKC_d1;48900;ASH_COATED_OSMIUM;9938;16;9934;21;;;9944;5;9948;22;;;9941.0;0.0
yf_MKC_d1;48900;INTARIAN_PEPPER_ROOT;11098;14;11096;18;;;11104;6;11107;21;;;11101.0;0.0
yf_MKC_d1;49000;ASH_COATED_OSMIUM;9936;9;9933;19;;;9948;10;9950;27;;;9942.0;0.0
yf_MKC_d1;49000;INTARIAN_PEPPER_ROOT;11098;17;11095;22;;;11104;19;11107;17;;;11101.0;0.0
yf_MKC_d1;49100;ASH_COATED_OSMIUM;9937;13;9934;11;;;9946;20;9948;17;;;9941.5;0.0
yf_MKC_d1;49100;INTARIAN_PEPPER_ROOT;11097;11;11095;10;;;11103;17;11107;18;;;11100.0;0.0
yf_MKC_d1;49200;ASH_COATED_OSMIUM;9932;14;9930;20;;;9952;17;9956;17;;;9942.0;0.0
yf_MKC_d1;49200;INTARIAN_PEPPER_ROOT;11092;15;11090;19;;;11108;11;11112;22;;;11100.0;0.0
yf_MKC_d1;49300;ASH_COATED_OSMIUM;9940;15;9936;8;;;9946;15;9950;25;;;9943.0;0.0
yf_MKC_d1;49300;INTARIAN_PEPPER_ROOT;11096;10;11094;14;;;11102;19;11104;23;;;11099.0;0.0
yf_MKC_d1;49400;ASH_COATED_OSMIUM;9939;17;9935;24;;;9945;11;9949;25;;;9942.0;0.0
yf_MKC_d1;49400;INTARIAN_PEPPER_ROOT;11089;18;11087;20;;;11110;11;11114;17;;;11099.5;0.0
yf_MKC_d1;49500;ASH_COATED_OSMIUM;9939;9;9936;12;;;9946;14;9950;34;;;9942.5;0.0
yf_MKC_d1;49500;INTARIAN_PEPPER_ROOT;11093;17;11091;15;;;11103;15;11106;17;;;11098.0;0.0
yf_MKC_d1;49600;ASH_COATED_OSMIUM;9940;10;9936;26;;;9946;15;9948;24;;;9943.0;0.0
yf_MKC_d1;49600;INTARIAN_PEPPER_ROOT;11095;21;11093;23;;;11101;11;11103;22;;;11098.0;0.0
yf_MKC_d1;49700;ASH_COATED_OSMIUM;9939;16;9937;17;;;9945;18;9948;19;;;9942.0;0.0
yf_MKC_d1;49700;INTARIAN_PEPPER_ROOT;11090;7;11088;20;;;11105;10;11107;16;;;11097.5;0.0
yf_MKC_d1;49800;ASH_COATED_OSMIUM;9940;10;9938;13;;;9946;9;9948;24;;;9943.0;0.0
yf_MKC_d1;49800;INTARIAN_PEPPER_ROOT;11094;16;11091;20;;;11100;12;11104;22;;;11097.0;0.0
yf_MKC_d1;49900;ASH_COATED_OSMIUM;9937;13;9934;17;;;9948;17;9952;11;;;9942.5;0.0
yf_MKC_d1;49900;INTARIAN_PEPPER_ROOT;11094;19;11092;15;;;11100;16;11103;19;;;11097.0;0.0
yf_MKC_d1;50000;ASH_COATED_OSMIUM;9940;22;9936;25;;;9946;11;9948;22;;;9943.0;0.0
yf_MKC_d1;50000;INTARIAN_PEPPER_ROOT;11093;12;11090;17;;;11099;9;11102;21;;;11096.0;0.0
yf_MKC_d1;50100;ASH_COATED_OSMIUM;9939;22;9935;18;;;9948;28;9952;22;;;9943.5;0.0
yf_MKC_d1;50100;INTARIAN_PEPPER_ROOT;11092;23;11089;18;;;11098;7;11102;20;;;11095.0;0.0
yf_MKC_d1;50200;ASH_COATED_OSMIUM;9940;8;9938;11;;;9946;20;9948;21;;;9943.0;0.0
yf_MKC_d1;50200;INTARIAN_PEPPER_ROOT;11092;15;11088;21;;;11098;18;11101;24;;;11095.0;0.0
yf_MKC_d1;50300;ASH_COATED_OSMIUM;9938;17;9934;18;;;9949;6;9951;19;;;9943.5;0.0
yf_MKC_d1;50300;INTARIAN_PEPPER_ROOT;11091;14;11089;29;;;11097;18;11100;33;;;11094.0;0.0
yf_MKC_d1;50400;ASH_COATED_OSMIUM;9941;21;9939;25;;;9947;15;9949;18;;;9944.0;0.0
yf_MKC_d1;50400;INTARIAN_PEPPER_ROOT;11090;14;11087;21;;;11096;23;11100;16;;;11093.0;0.0
yf_MKC_d1;50500;ASH_COATED_OSMIUM;9923;17;9920;22;;;9964;13;9968;13;;;9943.5;0.0
yf_MKC_d1;50500;INTARIAN_PEPPER_ROOT;11090;20;11086;20;;;11096;13;11098;20;;;11093.0;0.0
yf_MKC_d1;50600;ASH_COATED_OSMIUM;9939;17;9935;18;;;9949;24;9951;15;;;9944.0;0.0
yf_MKC_d1;50600;INTARIAN_PEPPER_ROOT;11090;5;11088;23;;;11096;23;11098;21;;;11093.0;0.0
yf_MKC_d1;50700;ASH_COATED_OSMIUM;9940;10;9938;23;;;9948;15;9952;11;;;9944.0;0.0
yf_MKC_d1;50700;INTARIAN_PEPPER_ROOT;11089;20;11085;20;;;11095;14;11098;20;;;11092.0;0.0
yf_MKC_d1;50800;ASH_COATED_OSMIUM;9940;20;9936;20;;;9949;18;9952;15;;;9944.5;0.0
yf_MKC_d1;50800;INTARIAN_PEPPER_ROOT;11088;25;11086;22;;;11096;6;11098;16;;;11092.0;0.0
yf_MKC_d1;50900;ASH_COATED_OSMIUM;9941;13;9937;23;;;9947;18;9949;18;;;9944.0;0.0
yf_MKC_d1;50900;INTARIAN_PEPPER_ROOT;11085;17;11082;19;;;11093;12;11095;24;;;11089.0;0.0
yf_MKC_d1;51000;ASH_COATED_OSMIUM;9941;13;9939;15;;;9947;15;9949;21;;;9944.0;0.0
yf_MKC_d1;51000;INTARIAN_PEPPER_ROOT;11081;13;11079;12;;;11087;19;11089;9;;;11084.0;0.0
yf_MKC_d1;51100;ASH_COATED_OSMIUM;9928;16;9924;22;;;9959;12;9962;17;;;9943.5;0.0
yf_MKC_d1;51100;INTARIAN_PEPPER_ROOT;11077;13;11075;17;;;11083;5;11086;29;;;11080.0;0.0
yf_MKC_d1;51200;ASH_COATED_OSMIUM;9941;13;9938;17;;;9947;7;9951;24;;;9944.0;0.0
yf_MKC_d1;51200;INTARIAN_PEPPER_ROOT;11071;16;11069;21;;;11079;19;11082;24;;;11075.0;0.0
yf_MKC_d1;51300;ASH_COATED_OSMIUM;9941;17;9937;13;;;9947;9;9949;20;;;9944.0;0.0
yf_MKC_d1;51300;INTARIAN_PEPPER_ROOT;11061;14;11058;24;;;11080;25;11083;23;;;11070.5;0.0
yf_MKC_d1;51400;ASH_COATED_OSMIUM;9940;13;9936;23;;;9946;22;9949;20;;;9943.0;0.0
yf_MKC_d1;51400;INTARIAN_PEPPER_ROOT;11061;19;11059;20;;;11070;10;11073;28;;;11065.5;0.0
yf_MKC_d1;51500;ASH_COATED_OSMIUM;9940;16;9937;13;;;9947;13;9951;16;;;9943.5;0.0
yf_MKC_d1;51500;INTARIAN_PEPPER_ROOT;11058;10;11054;20;;;11064;17;11066;13;;;11061.0;0.0
yf_MKC_d1;51600;ASH_COATED_OSMIUM;9938;14;9934;21;;;9950;5;9952;22;;;9944.0;0.0
yf_MKC_d1;51600;INTARIAN_PEPPER_ROOT;11054;13;11052;18;;;11060;7;11062;18;;;11057.0;0.0
yf_MKC_d1;51700;ASH_COATED_OSMIUM;9941;15;9939;21;;;9947;8;9951;17;;;9944.0;0.0
yf_MKC_d1;51700;INTARIAN_PEPPER_ROOT;11049;13;11047;22;;;11055;8;11057;16;;;11052.0;0.0
yf_MKC_d1;51800;ASH_COATED_OSMIUM;9940;12;9938;18;;;9946;13;9950;26;;;9943.0;0.0
yf_MKC_d1;51800;INTARIAN_PEPPER_ROOT;11044;18;11042;30;;;11050;23;11053;27;;;11047.0;0.0
yf_MKC_d1;51900;ASH_COATED_OSMIUM;9940;11;9938;22;;;9946;16;9950;16;;;9943.0;0.0
yf_MKC_d1;51900;INTARIAN_PEPPER_ROOT;11040;20;11036;11;;;11046;14;11048;14;;;11043.0;0.0
yf_MKC_d1;52000;ASH_COATED_OSMIUM;9940;12;9937;13;;;9946;10;9950;25;;;9943.0;0.0
yf_MKC_d1;52000;INTARIAN_PEPPER_ROOT;11035;22;11032;16;;;11041;13;11045;17;;;11038.0;0.0
yf_MKC_d1;52100;ASH_COATED_OSMIUM;9938;18;9936;11;;;9948;13;9950;26;;;9943.0;0.0
yf_MKC_d1;52100;INTARIAN_PEPPER_ROOT;11031;19;11028;32;;;11037;11;11040;30;;;11034.0;0.0
yf_MKC_d1;52200;ASH_COATED_OSMIUM;9940;13;9938;23;;;9946;8;9950;22;;;9943.0;0.0
yf_MKC_d1;52200;INTARIAN_PEPPER_ROOT;11019;20;11016;18;;;11040;22;11043;21;;;11029.5;0.0
yf_MKC_d1;52300;ASH_COATED_OSMIUM;9940;8;9937;18;;;9946;16;9950;27;;;9943.0;0.0
yf_MKC_d1;52300;INTARIAN_PEPPER_ROOT;11021;7;11019;24;;;11027;14;11029;13;;;11024.0;0.0
yf_MKC_d1;52400;ASH_COATED_OSMIUM;9940;12;9937;30;;;9946;13;9948;17;;;9943.0;0.0
yf_MKC_d1;52400;INTARIAN_PEPPER_ROOT;11017;14;11014;20;;;11023;14;11025;14;;;11020.0;0.0
yf_MKC_d1;52500;ASH_COATED_OSMIUM;9936;13;9934;21;;;9949;19;9953;10;;;9942.5;0.0
yf_MKC_d1;52500;INTARIAN_PEPPER_ROOT;11011;11;11009;9;;;11019;18;11021;25;;;11015.0;0.0
yf_MKC_d1;52600;ASH_COATED_OSMIUM;9939;18;9937;16;;;9945;15;9949;17;;;9942.0;0.0
yf_MKC_d1;52600;INTARIAN_PEPPER_ROOT;11007;17;11005;18;;;11014;15;11017;23;;;11010.5;0.0
yf_MKC_d1;52700;ASH_COATED_OSMIUM;9936;9;9934;21;;;9950;21;9952;8;;;9943.0;0.0
yf_MKC_d1;52700;INTARIAN_PEPPER_ROOT;11003;16;11000;17;;;11009;17;11012;15;;;11006.0;0.0
yf_MKC_d1;52800;ASH_COATED_OSMIUM;9939;12;9937;20;;;9945;21;9948;21;;;9942.0;0.0
yf_MKC_d1;52800;INTARIAN_PEPPER_ROOT;10998;14;10996;8;;;11004;14;11006;16;;;11001.0;0.0
yf_MKC_d1;52900;ASH_COATED_OSMIUM;9935;15;9933;13;;;9947;5;9950;25;;;9941.0;0.0
yf_MKC_d1;52900;INTARIAN_PEPPER_ROOT;10991;17;10988;20;;;11003;18;11005;27;;;10997.0;0.0
yf_MKC_d1;53000;ASH_COATED_OSMIUM;9937;11;9935;26;;;9947;13;9951;16;;;9942.0;0.0
yf_MKC_d1;53000;INTARIAN_PEPPER_ROOT;10987;13;10985;23;;;10999;16;11003;16;;;10993.0;0.0
yf_MKC_d1;53100;ASH_COATED_OSMIUM;9939;9;9936;19;;;9946;18;9949;22;;;9942.5;0.0
yf_MKC_d1;53100;INTARIAN_PEPPER_ROOT;10978;12;10974;23;;;10998;16;11002;21;;;10988.0;0.0
yf_MKC_d1;53200;ASH_COATED_OSMIUM;9938;12;9935;10;;;9944;26;9948;17;;;9941.0;0.0
yf_MKC_d1;53200;INTARIAN_PEPPER_ROOT;10972;23;10968;22;;;10993;15;10995;19;;;10982.5;0.0
yf_MKC_d1;53300;ASH_COATED_OSMIUM;9926;22;9922;20;;;9956;5;9960;10;;;9941.0;0.0
yf_MKC_d1;53300;INTARIAN_PEPPER_ROOT;10975;11;10971;15;;;10981;12;10985;23;;;10978.0;0.0
yf_MKC_d1;53400;ASH_COATED_OSMIUM;9938;11;9936;20;;;9944;14;9947;22;;;9941.0;0.0
yf_MKC_d1;53400;INTARIAN_PEPPER_ROOT;10971;14;10967;10;;;10977;16;10979;18;;;10974.0;0.0
yf_MKC_d1;53500;ASH_COATED_OSMIUM;9938;22;9936;13;;;9944;8;9946;27;;;9941.0;0.0
yf_MKC_d1;53500;INTARIAN_PEPPER_ROOT;10967;23;10964;25;;;10973;20;10976;18;;;10970.0;0.0
yf_MKC_d1;53600;ASH_COATED_OSMIUM;9938;15;9935;21;;;9944;9;9948;22;;;9941.0;0.0
yf_MKC_d1;53600;INTARIAN_PEPPER_ROOT;10962;18;10960;13;;;10968;11;10971;18;;;10965.0;0.0
yf_MKC_d1;53700;ASH_COATED_OSMIUM;9938;5;9936;26;;;9944;16;9946;27;;;9941.0;0.0
yf_MKC_d1;53700;INTARIAN_PEPPER_ROOT;10957;19;10954;20;;;10963;13;10967;23;;;10960.0;0.0
yf_MKC_d1;53800;ASH_COATED_OSMIUM;9938;16;9936;16;;;9944;9;9947;17;;;9941.0;0.0
yf_MKC_d1;53800;INTARIAN_PEPPER_ROOT;10953;11;10951;16;;;10959;12;10962;15;;;10956.0;0.0
yf_MKC_d1;53900;ASH_COATED_OSMIUM;9936;23;9932;17;;;9946;21;9948;31;;;9941.0;0.0
yf_MKC_d1;53900;INTARIAN_PEPPER_ROOT;10948;17;10945;13;;;10954;15;10958;14;;;10951.0;0.0
yf_MKC_d1;54000;ASH_COATED_OSMIUM;9938;12;9935;22;;;9944;15;9948;17;;;9941.0;0.0
yf_MKC_d1;54000;INTARIAN_PEPPER_ROOT;10943;11;10940;19;;;10949;17;10953;17;;;10946.0;0.0
yf_MKC_d1;54100;ASH_COATED_OSMIUM;9937;18;9934;24;;;9943;10;9946;22;;;9940.0;0.0
yf_MKC_d1;54100;INTARIAN_PEPPER_ROOT;10938;19;10934;21;;;10944;12;10946;24;;;10941.0;0.0
yf_MKC_d1;54200;ASH_COATED_OSMIUM;9938;10;9935;26;;;9944;21;9947;20;;;9941.0;0.0
yf_MKC_d1;54200;INTARIAN_PEPPER_ROOT;10934;19;10930;11;;;10940;14;10942;22;;;10937.0;0.0
yf_MKC_d1;54300;ASH_COATED_OSMIUM;9937;14;9935;24;;;9943;7;9945;23;;;9940.0;0.0
yf_MKC_d1;54300;INTARIAN_PEPPER_ROOT;10928;14;10924;23;;;10935;14;10939;13;;;10931.5;0.0
yf_MKC_d1;54400;ASH_COATED_OSMIUM;9932;14;9930;13;;;9948;5;9950;31;;;9940.0;0.0
yf_MKC_d1;54400;INTARIAN_PEPPER_ROOT;10924;13;10922;19;;;10930;15;10934;17;;;10927.0;0.0
yf_MKC_d1;54500;ASH_COATED_OSMIUM;9937;12;9933;10;;;9943;5;9945;15;;;9940.0;0.0
yf_MKC_d1;54500;INTARIAN_PEPPER_ROOT;10916;15;10913;27;;;10929;13;10932;19;;;10922.5;0.0
yf_MKC_d1;54600;ASH_COATED_OSMIUM;9929;15;9927;22;;;9950;15;9952;17;;;9939.5;0.0
yf_MKC_d1;54600;INTARIAN_PEPPER_ROOT;10915;20;10912;16;;;10921;14;10923;26;;;10918.0;0.0
yf_MKC_d1;54700;ASH_COATED_OSMIUM;9937;18;9934;26;;;9943;16;9946;12;;;9940.0;0.0
yf_MKC_d1;54700;INTARIAN_PEPPER_ROOT;10911;20;10909;19;;;10917;14;10920;25;;;10914.0;0.0
yf_MKC_d1;54800;ASH_COATED_OSMIUM;9937;18;9934;30;;;9943;12;9947;23;;;9940.0;0.0
yf_MKC_d1;54800;INTARIAN_PEPPER_ROOT;10906;15;10904;24;;;10912;17;10916;10;;;10909.0;0.0
yf_MKC_d1;54900;ASH_COATED_OSMIUM;9936;12;9934;21;;;9942;9;9944;17;;;9939.0;0.0
yf_MKC_d1;54900;INTARIAN_PEPPER_ROOT;10898;20;10895;12;;;10913;15;10915;15;;;10905.5;0.0
yf_MKC_d1;55000;ASH_COATED_OSMIUM;9936;11;9933;23;;;9942;17;9946;17;;;9939.0;0.0
yf_MKC_d1;55000;INTARIAN_PEPPER_ROOT;10892;23;10888;22;;;10907;20;10910;19;;;10899.5;0.0
yf_MKC_d1;55100;ASH_COATED_OSMIUM;9936;25;9932;15;;;9942;15;9945;21;;;9939.0;0.0
yf_MKC_d1;55100;INTARIAN_PEPPER_ROOT;10893;11;10890;12;;;10899;19;10901;16;;;10896.0;0.0
yf_MKC_d1;55200;ASH_COATED_OSMIUM;9936;12;9932;23;;;9942;22;9944;21;;;9939.0;0.0
yf_MKC_d1;55200;INTARIAN_PEPPER_ROOT;10887;9;10883;27;;;10893;15;10896;23;;;10890.0;0.0
yf_MKC_d1;55300;ASH_COATED_OSMIUM;9936;17;9933;14;;;9942;16;9944;15;;;9939.0;0.0
yf_MKC_d1;55300;INTARIAN_PEPPER_ROOT;10883;14;10880;24;;;10889;8;10891;23;;;10886.0;0.0
yf_MKC_d1;55400;ASH_COATED_OSMIUM;9935;14;9932;27;;;9941;13;9944;24;;;9938.0;0.0
yf_MKC_d1;55400;INTARIAN_PEPPER_ROOT;10878;7;10875;19;;;10884;18;10888;19;;;10881.0;0.0
yf_MKC_d1;55500;ASH_COATED_OSMIUM;9935;11;9933;25;;;9944;16;9946;20;;;9939.5;0.0
yf_MKC_d1;55500;INTARIAN_PEPPER_ROOT;10874;11;10870;27;;;10880;13;10883;27;;;10877.0;0.0
yf_MKC_d1;55600;ASH_COATED_OSMIUM;9935;14;9931;24;;;9943;8;9947;17;;;9939.0;0.0
yf_MKC_d1;55600;INTARIAN_PEPPER_ROOT;10863;10;10860;21;;;10881;19;10884;25;;;10872.0;0.0
yf_MKC_d1;55700;ASH_COATED_OSMIUM;9935;17;9933;15;;;9943;21;9945;17;;;9939.0;0.0
yf_MKC_d1;55700;INTARIAN_PEPPER_ROOT;10860;13;10858;21;;;10874;21;10878;18;;;10867.0;0.0
yf_MKC_d1;55800;ASH_COATED_OSMIUM;9933;9;9931;23;;;9943;22;9946;24;;;9938.0;0.0
yf_MKC_d1;55800;INTARIAN_PEPPER_ROOT;10852;12;10849;16;;;10873;13;10877;22;;;10862.5;0.0
yf_MKC_d1;55900;ASH_COATED_OSMIUM;9936;13;9934;22;;;9942;12;9946;23;;;9939.0;0.0
yf_MKC_d1;55900;INTARIAN_PEPPER_ROOT;10855;12;10853;19;;;10861;13;10865;21;;;10858.0;0.0
yf_MKC_d1;56000;ASH_COATED_OSMIUM;9935;18;9931;18;;;9941;16;9943;23;;;9938.0;0.0
yf_MKC_d1;56000;INTARIAN_PEPPER_ROOT;10849;17;10846;8;;;10857;10;10859;24;;;10853.0;0.0
yf_MKC_d1;56100;ASH_COATED_OSMIUM;9935;15;9932;23;;;9941;16;9945;21;;;9938.0;0.0
yf_MKC_d1;56100;INTARIAN_PEPPER_ROOT;10836;11;10833;24;;;10861;18;10865;28;;;10848.5;0.0
yf_MKC_d1;56200;ASH_COATED_OSMIUM;9935;14;9932;18;;;9941;13;9944;13;;;9938.0;0.0
yf_MKC_d1;56200;INTARIAN_PEPPER_ROOT;10841;10;10838;26;;;10847;17;10851;17;;;10844.0;0.0
yf_MKC_d1;56300;ASH_COATED_OSMIUM;9930;18;9926;20;;;9944;15;9947;10;;;9937.0;0.0
yf_MKC_d1;56300;INTARIAN_PEPPER_ROOT;10835;16;10832;21;;;10845;13;10847;15;;;10840.0;0.0
yf_MKC_d1;56400;ASH_COATED_OSMIUM;9935;8;9933;22;;;9941;17;9944;13;;;9938.0;0.0
yf_MKC_d1;56400;INTARIAN_PEPPER_ROOT;10832;18;10828;11;;;10838;17;10841;14;;;10835.0;0.0
yf_MKC_d1;56500;ASH_COATED_OSMIUM;9930;14;9926;17;;;9944;15;9946;25;;;9937.0;0.0
yf_MKC_d1;56500;INTARIAN_PEPPER_ROOT;10828;22;10826;12;;;10834;5;10836;28;;;10831.0;0.0
yf_MKC_d1;56600;ASH_COATED_OSMIUM;9935;19;9932;15;;;9941;20;9944;20;;;9938.0;0.0
yf_MKC_d1;56600;INTARIAN_PEPPER_ROOT;10823;15;10820;9;;;10831;9;10834;22;;;10827.0;0.0
yf_MKC_d1;56700;ASH_COATED_OSMIUM;9934;12;9932;14;;;9942;20;9946;15;;;9938.0;0.0
yf_MKC_d1;56700;INTARIAN_PEPPER_ROOT;10818;14;10816;22;;;10825;18;10828;25;;;10821.5;0.0
yf_MKC_d1;56800;ASH_COATED_OSMIUM;9934;18;9930;17;;;9940;19;9944;19;;;9937.0;0.0
yf_MKC_d1;56800;INTARIAN_PEPPER_ROOT;10813;13;10811;12;;;10821;9;10823;14;;;10817.0;0.0
yf_MKC_d1;56900;ASH_COATED_OSMIUM;9934;13;9931;10;;;9940;14;9942;15;;;9937.0;0.0
yf_MKC_d1;56900;INTARIAN_PEPPER_ROOT;10809;15;10807;22;;;10815;17;10817;8;;;10812.0;0.0
yf_MKC_d1;57000;ASH_COATED_OSMIUM;9934;23;9931;25;;;9941;14;9943;12;;;9937.5;0.0
yf_MKC_d1;57000;INTARIAN_PEPPER_ROOT;10799;8;10795;16;;;10815;25;10817;12;;;10807.0;0.0
yf_MKC_d1;57100;ASH_COATED_OSMIUM;9932;7;9928;22;;;9942;16;9944;8;;;9937.0;0.0
yf_MKC_d1;57100;INTARIAN_PEPPER_ROOT;10799;18;10796;14;;;10805;12;10809;19;;;10802.0;0.0
yf_MKC_d1;57200;ASH_COATED_OSMIUM;9933;21;9931;12;;;9939;16;9943;27;;;9936.0;0.0
yf_MKC_d1;57200;INTARIAN_PEPPER_ROOT;10795;16;10791;20;;;10801;25;10803;19;;;10798.0;0.0
yf_MKC_d1;57300;ASH_COATED_OSMIUM;9933;12;9929;22;;;9939;16;9943;16;;;9936.0;0.0
yf_MKC_d1;57300;INTARIAN_PEPPER_ROOT;10791;13;10789;11;;;10797;25;10800;19;;;10794.0;0.0
yf_MKC_d1;57400;ASH_COATED_OSMIUM;9933;10;9931;14;;;9939;18;9942;18;;;9936.0;0.0
yf_MKC_d1;57400;INTARIAN_PEPPER_ROOT;10773;20;10769;16;;;10805;14;10807;23;;;10789.0;0.0
yf_MKC_d1;57500;ASH_COATED_OSMIUM;9933;18;9929;19;;;9939;13;9943;17;;;9936.0;0.0
yf_MKC_d1;57500;INTARIAN_PEPPER_ROOT;10768;22;10764;12;;;10801;9;10803;18;;;10784.5;0.0
yf_MKC_d1;57600;ASH_COATED_OSMIUM;9930;16;9927;22;;;9944;12;9946;20;;;9937.0;0.0
yf_MKC_d1;57600;INTARIAN_PEPPER_ROOT;10777;6;10775;19;;;10783;28;10785;16;;;10780.0;0.0
yf_MKC_d1;57700;ASH_COATED_OSMIUM;9933;14;9929;14;;;9939;16;9941;22;;;9936.0;0.0
yf_MKC_d1;57700;INTARIAN_PEPPER_ROOT;10768;17;10766;23;;;10782;20;10785;21;;;10775.0;0.0
yf_MKC_d1;57800;ASH_COATED_OSMIUM;9923;18;9921;23;;;9948;12;9950;27;;;9935.5;0.0
yf_MKC_d1;57800;INTARIAN_PEPPER_ROOT;10766;7;10763;26;;;10776;21;10780;17;;;10771.0;0.0
yf_MKC_d1;57900;ASH_COATED_OSMIUM;9933;19;9930;20;;;9939;18;9943;18;;;9936.0;0.0
yf_MKC_d1;57900;INTARIAN_PEPPER_ROOT;10762;14;10758;19;;;10768;14;10770;23;;;10765.0;0.0
yf_MKC_d1;58000;ASH_COATED_OSMIUM;9928;13;9926;22;;;9943;16;9946;25;;;9935.5;0.0
yf_MKC_d1;58000;INTARIAN_PEPPER_ROOT;10753;17;10751;19;;;10769;11;10771;17;;;10761.0;0.0
yf_MKC_d1;58100;ASH_COATED_OSMIUM;9933;10;9931;12;;;9939;5;9941;20;;;9936.0;0.0
yf_MKC_d1;58100;INTARIAN_PEPPER_ROOT;10753;15;10749;16;;;10759;15;10762;23;;;10756.0;0.0
yf_MKC_d1;58200;ASH_COATED_OSMIUM;9932;14;9930;25;;;9938;15;9942;19;;;9935.0;0.0
yf_MKC_d1;58200;INTARIAN_PEPPER_ROOT;10748;14;10746;25;;;10756;18;10759;18;;;10752.0;0.0
yf_MKC_d1;58300;ASH_COATED_OSMIUM;9932;11;9929;21;;;9938;20;9941;9;;;9935.0;0.0
yf_MKC_d1;58300;INTARIAN_PEPPER_ROOT;10729;17;10727;14;;;10765;16;10767;17;;;10747.0;0.0
yf_MKC_d1;58400;ASH_COATED_OSMIUM;9932;6;9928;17;;;9938;21;9941;17;;;9935.0;0.0
yf_MKC_d1;58400;INTARIAN_PEPPER_ROOT;10733;8;10729;13;;;10752;5;10754;13;;;10742.5;0.0
yf_MKC_d1;58500;ASH_COATED_OSMIUM;9932;10;9930;23;;;9938;13;9941;18;;;9935.0;0.0
yf_MKC_d1;58500;INTARIAN_PEPPER_ROOT;10735;10;10731;24;;;10741;10;10744;19;;;10738.0;0.0
yf_MKC_d1;58600;ASH_COATED_OSMIUM;9927;6;9924;21;;;9944;9;9948;17;;;9935.5;0.0
yf_MKC_d1;58600;INTARIAN_PEPPER_ROOT;10731;18;10728;16;;;10737;29;10740;13;;;10734.0;0.0
yf_MKC_d1;58700;ASH_COATED_OSMIUM;9923;13;9921;17;;;9947;6;9951;20;;;9935.0;0.0
yf_MKC_d1;58700;INTARIAN_PEPPER_ROOT;10727;19;10725;17;;;10733;17;10737;19;;;10730.0;0.0
yf_MKC_d1;58800;ASH_COATED_OSMIUM;9932;9;9930;18;;;9938;18;9940;15;;;9935.0;0.0
yf_MKC_d1;58800;INTARIAN_PEPPER_ROOT;10721;18;10717;14;;;10727;11;10730;15;;;10724.0;0.0
yf_MKC_d1;58900;ASH_COATED_OSMIUM;9930;16;9926;24;;;9939;17;9942;24;;;9934.5;0.0
yf_MKC_d1;58900;INTARIAN_PEPPER_ROOT;10717;26;10715;16;;;10723;9;10725;31;;;10720.0;0.0
yf_MKC_d1;59000;ASH_COATED_OSMIUM;9931;13;9927;24;;;9938;17;9941;19;;;9934.5;0.0
