day;timestamp;product;bid_price_1;bid_volume_1;bid_price_2;bid_volume_2;bid_price_3;bid_volume_3;ask_price_1;ask_volume_1;ask_price_2;ask_volume_2;ask_price_3;ask_volume_3;mid_price;profit_and_loss
yf_MKC_d12;0;ASH_COATED_OSMIUM;9895;21;9891;14;;;9904;13;9908;20;;;9899.5;0.0
yf_MKC_d12;0;INTARIAN_PEPPER_ROOT;10314;12;10310;11;;;10320;21;10322;22;;;10317.0;0.0
yf_MKC_d12;100;ASH_COATED_OSMIUM;9897;14;9894;14;;;9903;18;9907;20;;;9900.0;0.0
yf_MKC_d12;100;INTARIAN_PEPPER_ROOT;10313;21;10310;20;;;10325;14;10327;26;;;10319.0;0.0
yf_MKC_d12;200;ASH_COATED_OSMIUM;9897;5;9894;21;;;9903;12;9906;16;;;9900.0;0.0
yf_MKC_d12;200;INTARIAN_PEPPER_ROOT;10315;13;10311;19;;;10330;29;10333;21;;;10322.5;0.0
yf_MKC_d12;300;ASH_COATED_OSMIUM;9895;17;9893;19;;;9905;12;9909;14;;;9900.0;0.0
yf_MKC_d12;300;INTARIAN_PEPPER_ROOT;10322;7;10320;21;;;10328;9;10332;19;;;10325.0;0.0
yf_MKC_d12;400;ASH_COATED_OSMIUM;9897;15;9893;21;;;9903;10;9906;14;;;9900.0;0.0
yf_MKC_d12;400;INTARIAN_PEPPER_ROOT;10324;9;10321;17;;;10330;10;10333;24;;;10327.0;0.0
yf_MKC_d12;500;ASH_COATED_OSMIUM;9897;20;9894;16;;;9903;17;9905;22;;;9900.0;0.0
yf_MKC_d12;500;INTARIAN_PEPPER_ROOT;10327;8;10323;29;;;10333;30;10337;21;;;10330.0;0.0
yf_MKC_d12;600;ASH_COATED_OSMIUM;9897;23;9893;25;;;9903;5;9905;23;;;9900.0;0.0
yf_MKC_d12;600;INTARIAN_PEPPER_ROOT;10327;10;10323;21;;;10340;7;10344;25;;;10333.5;0.0
yf_MKC_d12;700;ASH_COATED_OSMIUM;9897;12;9893;30;;;9905;24;9909;17;;;9901.0;0.0
yf_MKC_d12;700;INTARIAN_PEPPER_ROOT;10334;12;10331;14;;;10340;16;10342;21;;;10337.0;0.0
yf_MKC_d12;800;ASH_COATED_OSMIUM;9897;14;9893;23;;;9903;23;9905;30;;;9900.0;0.0
yf_MKC_d12;800;INTARIAN_PEPPER_ROOT;10337;8;10333;8;;;10343;9;10347;20;;;10340.0;0.0
yf_MKC_d12;900;ASH_COATED_OSMIUM;9891;19;9888;16;;;9911;20;9914;19;;;9901.0;0.0
yf_MKC_d12;900;INTARIAN_PEPPER_ROOT;10339;12;10336;23;;;10348;20;10352;16;;;10343.5;0.0
yf_MKC_d12;1000;ASH_COATED_OSMIUM;9897;17;9895;23;;;9905;5;9908;10;;;9901.0;0.0
yf_MKC_d12;1000;INTARIAN_PEPPER_ROOT;10342;17;10340;16;;;10348;15;10352;16;;;10345.0;0.0
yf_MKC_d12;1100;ASH_COATED_OSMIUM;9898;20;9894;20;;;9904;12;9907;25;;;9901.0;0.0
yf_MKC_d12;1100;INTARIAN_PEPPER_ROOT;10342;15;10338;17;;;10355;18;10358;21;;;10348.5;0.0
yf_MKC_d12;1200;ASH_COATED_OSMIUM;9897;10;9894;20;;;9905;7;9908;25;;;9901.0;0.0
yf_MKC_d12;1200;INTARIAN_PEPPER_ROOT;10349;23;10346;23;;;10355;12;10359;18;;;10352.0;0.0
yf_MKC_d12;1300;ASH_COATED_OSMIUM;9898;15;9895;22;;;9904;11;9908;17;;;9901.0;0.0
yf_MKC_d12;1300;INTARIAN_PEPPER_ROOT;10344;14;10342;26;;;10366;14;10370;13;;;10355.0;0.0
yf_MKC_d12;1400;ASH_COATED_OSMIUM;9899;17;9895;17;;;9905;21;9909;15;;;9902.0;0.0
yf_MKC_d12;1400;INTARIAN_PEPPER_ROOT;10355;10;10351;27;;;10361;11;10363;14;;;10358.0;0.0
yf_MKC_d12;1500;ASH_COATED_OSMIUM;9895;18;9893;24;;;9906;21;9908;20;;;9900.5;0.0
yf_MKC_d12;1500;INTARIAN_PEPPER_ROOT;10350;7;10347;26;;;10371;13;10375;20;;;10360.5;0.0
yf_MKC_d12;1600;ASH_COATED_OSMIUM;9898;13;9896;29;;;9905;15;9907;17;;;9901.5;0.0
yf_MKC_d12;1600;INTARIAN_PEPPER_ROOT;10352;7;10348;21;;;10376;19;10380;28;;;10364.0;0.0
yf_MKC_d12;1700;ASH_COATED_OSMIUM;9899;13;9896;9;;;9905;21;9908;16;;;9902.0;0.0
yf_MKC_d12;1700;INTARIAN_PEPPER_ROOT;10364;11;10362;20;;;10370;13;10374;20;;;10367.0;0.0
yf_MKC_d12;1800;ASH_COATED_OSMIUM;9899;21;9897;18;;;9905;10;9909;19;;;9902.0;0.0
yf_MKC_d12;1800;INTARIAN_PEPPER_ROOT;10366;12;10362;25;;;10372;20;10375;22;;;10369.0;0.0
yf_MKC_d12;1900;ASH_COATED_OSMIUM;9899;13;9897;17;;;9905;12;9908;25;;;9902.0;0.0
yf_MKC_d12;1900;INTARIAN_PEPPER_ROOT;10370;11;10367;25;;;10376;13;10378;16;;;10373.0;0.0
yf_MKC_d12;2000;ASH_COATED_OSMIUM;9899;14;9897;14;;;9905;18;9908;18;;;9902.0;0.0
yf_MKC_d12;2000;INTARIAN_PEPPER_ROOT;10368;10;10364;28;;;10385;6;10387;21;;;10376.5;0.0
yf_MKC_d12;2100;ASH_COATED_OSMIUM;9898;17;9895;18;;;9908;15;9910;19;;;9903.0;0.0
yf_MKC_d12;2100;INTARIAN_PEPPER_ROOT;10371;14;10367;15;;;10387;22;10390;25;;;10379.0;0.0
yf_MKC_d12;2200;ASH_COATED_OSMIUM;9896;15;9892;22;;;9908;9;9912;19;;;9902.0;0.0
yf_MKC_d12;2200;INTARIAN_PEPPER_ROOT;10378;17;10375;22;;;10385;12;10389;26;;;10381.5;0.0
yf_MKC_d12;2300;ASH_COATED_OSMIUM;9889;21;9885;15;;;9917;15;9921;22;;;9903.0;0.0
yf_MKC_d12;2300;INTARIAN_PEPPER_ROOT;10381;5;10379;18;;;10387;12;10389;19;;;10384.0;0.0
yf_MKC_d12;2400;ASH_COATED_OSMIUM;9899;21;9895;22;;;9905;23;9908;14;;;9902.0;0.0
yf_MKC_d12;2400;INTARIAN_PEPPER_ROOT;10384;11;10381;20;;;10390;6;10394;19;;;10387.0;0.0
yf_MKC_d12;2500;ASH_COATED_OSMIUM;9892;23;9889;17;;;9912;15;9916;18;;;9902.0;0.0
yf_MKC_d12;2500;INTARIAN_PEPPER_ROOT;10385;12;10381;17;;;10396;14;10399;18;;;10390.5;0.0
yf_MKC_d12;2600;ASH_COATED_OSMIUM;9899;21;9897;14;;;9905;12;9909;19;;;9902.0;0.0
yf_MKC_d12;2600;INTARIAN_PEPPER_ROOT;10379;14;10376;25;;;10410;14;10414;13;;;10394.5;0.0
yf_MKC_d12;2700;ASH_COATED_OSMIUM;9900;15;9897;16;;;9906;19;9910;14;;;9903.0;0.0
yf_MKC_d12;2700;INTARIAN_PEPPER_ROOT;10394;14;10390;18;;;10400;16;10403;22;;;10397.0;0.0
yf_MKC_d12;2800;ASH_COATED_OSMIUM;9900;9;9898;18;;;9907;5;9910;23;;;9903.5;0.0
yf_MKC_d12;2800;INTARIAN_PEPPER_ROOT;10396;19;10393;21;;;10403;22;10406;19;;;10399.5;0.0
yf_MKC_d12;2900;ASH_COATED_OSMIUM;9897;14;9893;12;;;9909;23;9912;15;;;9903.0;0.0
yf_MKC_d12;2900;INTARIAN_PEPPER_ROOT;10399;5;10395;15;;;10405;16;10408;20;;;10402.0;0.0
yf_MKC_d12;3000;ASH_COATED_OSMIUM;9900;8;9898;19;;;9906;14;9910;25;;;9903.0;0.0
yf_MKC_d12;3000;INTARIAN_PEPPER_ROOT;10399;17;10396;30;;;10413;14;10416;22;;;10406.0;0.0
yf_MKC_d12;3100;ASH_COATED_OSMIUM;9900;27;9898;26;;;9906;8;9909;20;;;9903.0;0.0
yf_MKC_d12;3100;INTARIAN_PEPPER_ROOT;10406;13;10402;23;;;10412;11;10416;21;;;10409.0;0.0
yf_MKC_d12;3200;ASH_COATED_OSMIUM;9900;13;9897;16;;;9906;20;9910;25;;;9903.0;0.0
yf_MKC_d12;3200;INTARIAN_PEPPER_ROOT;10407;14;10404;20;;;10418;14;10421;20;;;10412.5;0.0
yf_MKC_d12;3300;ASH_COATED_OSMIUM;9901;18;9899;16;;;9907;15;9911;14;;;9904.0;0.0
yf_MKC_d12;3300;INTARIAN_PEPPER_ROOT;10412;11;10408;19;;;10418;24;10421;22;;;10415.0;0.0
yf_MKC_d12;3400;ASH_COATED_OSMIUM;9901;14;9898;11;;;9907;21;9910;26;;;9904.0;0.0
yf_MKC_d12;3400;INTARIAN_PEPPER_ROOT;10412;15;10409;14;;;10424;15;10427;19;;;10418.0;0.0
yf_MKC_d12;3500;ASH_COATED_OSMIUM;9901;17;9899;16;;;9907;17;9910;8;;;9904.0;0.0
yf_MKC_d12;3500;INTARIAN_PEPPER_ROOT;10412;8;10409;8;;;10428;6;10430;22;;;10420.0;0.0
yf_MKC_d12;3600;ASH_COATED_OSMIUM;9878;25;9875;16;;;9929;5;9931;18;;;9903.5;0.0
yf_MKC_d12;3600;INTARIAN_PEPPER_ROOT;10421;12;10417;23;;;10427;10;10429;18;;;10424.0;0.0
yf_MKC_d12;3700;ASH_COATED_OSMIUM;9901;6;9898;35;;;9907;19;9910;24;;;9904.0;0.0
yf_MKC_d12;3700;INTARIAN_PEPPER_ROOT;10424;8;10421;26;;;10430;17;10434;16;;;10427.0;0.0
yf_MKC_d12;3800;ASH_COATED_OSMIUM;9900;11;9898;18;;;9906;12;9909;17;;;9903.0;0.0
yf_MKC_d12;3800;INTARIAN_PEPPER_ROOT;10427;7;10425;18;;;10433;8;10435;24;;;10430.0;0.0
yf_MKC_d12;3900;ASH_COATED_OSMIUM;9902;21;9900;26;;;9908;19;9912;22;;;9905.0;0.0
yf_MKC_d12;3900;INTARIAN_PEPPER_ROOT;10430;22;10428;19;;;10436;16;10438;24;;;10433.0;0.0
yf_MKC_d12;4000;ASH_COATED_OSMIUM;9899;14;9897;11;;;9909;13;9911;18;;;9904.0;0.0
yf_MKC_d12;4000;INTARIAN_PEPPER_ROOT;10427;16;10425;26;;;10445;12;10448;29;;;10436.0;0.0
yf_MKC_d12;4100;ASH_COATED_OSMIUM;9894;21;9890;28;;;9914;15;9918;21;;;9904.0;0.0
yf_MKC_d12;4100;INTARIAN_PEPPER_ROOT;10435;11;10431;26;;;10442;20;10445;13;;;10438.5;0.0
yf_MKC_d12;4200;ASH_COATED_OSMIUM;9902;15;9899;20;;;9908;20;9912;23;;;9905.0;0.0
yf_MKC_d12;4200;INTARIAN_PEPPER_ROOT;10439;7;10436;23;;;10445;9;10448;24;;;10442.0;0.0
yf_MKC_d12;4300;ASH_COATED_OSMIUM;9895;18;9893;13;;;9915;17;9917;15;;;9905.0;0.0
yf_MKC_d12;4300;INTARIAN_PEPPER_ROOT;10441;18;10439;19;;;10449;14;10451;24;;;10445.0;0.0
yf_MKC_d12;4400;ASH_COATED_OSMIUM;9900;15;9897;27;;;9909;18;9911;16;;;9904.5;0.0
yf_MKC_d12;4400;INTARIAN_PEPPER_ROOT;10445;5;10442;18;;;10451;6;10454;23;;;10448.0;0.0
yf_MKC_d12;4500;ASH_COATED_OSMIUM;9902;6;9898;13;;;9908;15;9912;22;;;9905.0;0.0
yf_MKC_d12;4500;INTARIAN_PEPPER_ROOT;10447;26;10445;13;;;10455;22;10459;15;;;10451.0;0.0
yf_MKC_d12;4600;ASH_COATED_OSMIUM;9900;11;9898;22;;;9910;19;9912;27;;;9905.0;0.0
yf_MKC_d12;4600;INTARIAN_PEPPER_ROOT;10451;16;10448;16;;;10457;15;10460;17;;;10454.0;0.0
yf_MKC_d12;4700;ASH_COATED_OSMIUM;9901;13;9897;14;;;9909;17;9911;25;;;9905.0;0.0
yf_MKC_d12;4700;INTARIAN_PEPPER_ROOT;10453;14;10449;21;;;10462;11;10466;20;;;10457.5;0.0
yf_MKC_d12;4800;ASH_COATED_OSMIUM;9901;20;9898;16;;;9909;13;9913;22;;;9905.0;0.0
yf_MKC_d12;4800;INTARIAN_PEPPER_ROOT;10457;11;10454;26;;;10463;5;10466;26;;;10460.0;0.0
yf_MKC_d12;4900;ASH_COATED_OSMIUM;9903;6;9901;22;;;9909;13;9912;20;;;9906.0;0.0
yf_MKC_d12;4900;INTARIAN_PEPPER_ROOT;10460;13;10458;16;;;10468;23;10472;23;;;10464.0;0.0
yf_MKC_d12;5000;ASH_COATED_OSMIUM;9902;5;9899;14;;;9908;12;9910;20;;;9905.0;0.0
yf_MKC_d12;5000;INTARIAN_PEPPER_ROOT;10463;18;10461;26;;;10469;18;10472;16;;;10466.0;0.0
yf_MKC_d12;5100;ASH_COATED_OSMIUM;9899;12;9895;19;;;9913;17;9915;21;;;9906.0;0.0
yf_MKC_d12;5100;INTARIAN_PEPPER_ROOT;10466;17;10463;19;;;10472;19;10476;25;;;10469.0;0.0
yf_MKC_d12;5200;ASH_COATED_OSMIUM;9902;11;9898;28;;;9908;14;9910;19;;;9905.0;0.0
yf_MKC_d12;5200;INTARIAN_PEPPER_ROOT;10465;12;10463;15;;;10478;18;10481;17;;;10471.5;0.0
yf_MKC_d12;5300;ASH_COATED_OSMIUM;9900;15;9898;21;;;9911;19;9913;30;;;9905.5;0.0
yf_MKC_d12;5300;INTARIAN_PEPPER_ROOT;10472;20;10470;26;;;10478;13;10480;21;;;10475.0;0.0
yf_MKC_d12;5400;ASH_COATED_OSMIUM;9903;26;9900;23;;;9909;10;9912;29;;;9906.0;0.0
yf_MKC_d12;5400;INTARIAN_PEPPER_ROOT;10465;9;10462;23;;;10491;20;10494;17;;;10478.0;0.0
yf_MKC_d12;5500;ASH_COATED_OSMIUM;9903;11;9899;29;;;9909;15;9912;21;;;9906.0;0.0
yf_MKC_d12;5500;INTARIAN_PEPPER_ROOT;10478;9;10474;24;;;10484;24;10487;21;;;10481.0;0.0
yf_MKC_d12;5600;ASH_COATED_OSMIUM;9901;8;9899;21;;;9912;11;9914;20;;;9906.5;0.0
yf_MKC_d12;5600;INTARIAN_PEPPER_ROOT;10479;14;10475;10;;;10487;13;10489;13;;;10483.0;0.0
yf_MKC_d12;5700;ASH_COATED_OSMIUM;9897;22;9894;9;;;9915;20;9918;21;;;9906.0;0.0
yf_MKC_d12;5700;INTARIAN_PEPPER_ROOT;10484;12;10480;19;;;10490;6;10493;18;;;10487.0;0.0
yf_MKC_d12;5800;ASH_COATED_OSMIUM;9903;19;9899;12;;;9909;15;9911;8;;;9906.0;0.0
yf_MKC_d12;5800;INTARIAN_PEPPER_ROOT;10483;16;10480;21;;;10497;12;10499;22;;;10490.0;0.0
yf_MKC_d12;5900;ASH_COATED_OSMIUM;9903;18;9901;12;;;9909;15;9912;23;;;9906.0;0.0
yf_MKC_d12;5900;INTARIAN_PEPPER_ROOT;10489;17;10487;26;;;10495;24;10499;19;;;10492.0;0.0
yf_MKC_d12;6000;ASH_COATED_OSMIUM;9904;12;9901;25;;;9911;17;9915;24;;;9907.5;0.0
yf_MKC_d12;6000;INTARIAN_PEPPER_ROOT;10489;18;10486;22;;;10501;9;10503;24;;;10495.0;0.0
yf_MKC_d12;6100;ASH_COATED_OSMIUM;9904;10;9900;18;;;9910;5;9913;20;;;9907.0;0.0
yf_MKC_d12;6100;INTARIAN_PEPPER_ROOT;10488;18;10484;19;;;10510;5;10514;17;;;10499.0;0.0
yf_MKC_d12;6200;ASH_COATED_OSMIUM;9905;18;9901;16;;;9911;5;9915;15;;;9908.0;0.0
yf_MKC_d12;6200;INTARIAN_PEPPER_ROOT;10495;13;10493;29;;;10507;19;10511;35;;;10501.0;0.0
yf_MKC_d12;6300;ASH_COATED_OSMIUM;9903;10;9899;16;;;9911;19;9913;16;;;9907.0;0.0
yf_MKC_d12;6300;INTARIAN_PEPPER_ROOT;10502;17;10500;24;;;10508;18;10511;20;;;10505.0;0.0
yf_MKC_d12;6400;ASH_COATED_OSMIUM;9903;5;9899;13;;;9911;8;9915;20;;;9907.0;0.0
yf_MKC_d12;6400;INTARIAN_PEPPER_ROOT;10496;19;10494;11;;;10519;16;10522;17;;;10507.5;0.0
yf_MKC_d12;6500;ASH_COATED_OSMIUM;9904;12;9901;19;;;9911;22;9913;14;;;9907.5;0.0
yf_MKC_d12;6500;INTARIAN_PEPPER_ROOT;10507;29;10504;19;;;10513;12;10516;11;;;10510.0;0.0
yf_MKC_d12;6600;ASH_COATED_OSMIUM;9905;15;9902;17;;;9911;11;9913;14;;;9908.0;0.0
yf_MKC_d12;6600;INTARIAN_PEPPER_ROOT;10497;10;10493;16;;;10532;10;10534;28;;;10514.5;0.0
yf_MKC_d12;6700;ASH_COATED_OSMIUM;9905;15;9902;20;;;9911;9;9914;26;;;9908.0;0.0
yf_MKC_d12;6700;INTARIAN_PEPPER_ROOT;10513;19;10510;14;;;10519;13;10523;25;;;10516.0;0.0
yf_MKC_d12;6800;ASH_COATED_OSMIUM;9905;13;9903;24;;;9911;17;9915;12;;;9908.0;0.0
yf_MKC_d12;6800;INTARIAN_PEPPER_ROOT;10517;5;10515;31;;;10523;8;10525;15;;;10520.0;0.0
yf_MKC_d12;6900;ASH_COATED_OSMIUM;9905;15;9901;30;;;9911;12;9914;20;;;9908.0;0.0
yf_MKC_d12;6900;INTARIAN_PEPPER_ROOT;10520;24;10517;21;;;10526;9;10529;15;;;10523.0;0.0
yf_MKC_d12;7000;ASH_COATED_OSMIUM;9902;15;9900;13;;;9914;14;9918;24;;;9908.0;0.0
yf_MKC_d12;7000;INTARIAN_PEPPER_ROOT;10521;16;10518;25;;;10530;20;10533;16;;;10525.5;0.0
yf_MKC_d12;7100;ASH_COATED_OSMIUM;9905;13;9902;16;;;9911;21;9915;17;;;9908.0;0.0
yf_MKC_d12;7100;INTARIAN_PEPPER_ROOT;10525;20;10521;18;;;10531;17;10533;10;;;10528.0;0.0
yf_MKC_d12;7200;ASH_COATED_OSMIUM;9905;13;9902;19;;;9912;20;9914;28;;;9908.5;0.0
yf_MKC_d12;7200;INTARIAN_PEPPER_ROOT;10518;6;10515;22;;;10546;18;10548;18;;;10532.0;0.0
yf_MKC_d12;7300;ASH_COATED_OSMIUM;9905;11;9901;28;;;9911;17;9913;19;;;9908.0;0.0
yf_MKC_d12;7300;INTARIAN_PEPPER_ROOT;10531;17;10527;13;;;10537;23;10540;18;;;10534.0;0.0
yf_MKC_d12;7400;ASH_COATED_OSMIUM;9906;13;9902;10;;;9912;23;9916;8;;;9909.0;0.0
yf_MKC_d12;7400;INTARIAN_PEPPER_ROOT;10527;17;10524;20;;;10548;13;10550;23;;;10537.5;0.0
yf_MKC_d12;7500;ASH_COATED_OSMIUM;9905;16;9901;24;;;9911;8;9913;24;;;9908.0;0.0
yf_MKC_d12;7500;INTARIAN_PEPPER_ROOT;10512;5;10510;17;;;10570;18;10572;20;;;10541.0;0.0
yf_MKC_d12;7600;ASH_COATED_OSMIUM;9892;6;9888;21;;;9924;15;9926;22;;;9908.0;0.0
yf_MKC_d12;7600;INTARIAN_PEPPER_ROOT;10540;5;10538;29;;;10546;10;10549;16;;;10543.0;0.0
yf_MKC_d12;7700;ASH_COATED_OSMIUM;9906;10;9902;23;;;9912;12;9914;15;;;9909.0;0.0
yf_MKC_d12;7700;INTARIAN_PEPPER_ROOT;10544;15;10540;17;;;10550;9;10552;17;;;10547.0;0.0
yf_MKC_d12;7800;ASH_COATED_OSMIUM;9906;16;9904;14;;;9912;11;9915;14;;;9909.0;0.0
yf_MKC_d12;7800;INTARIAN_PEPPER_ROOT;10539;15;10536;16;;;10561;14;10563;23;;;10550.0;0.0
yf_MKC_d12;7900;ASH_COATED_OSMIUM;9906;22;9903;19;;;9912;9;9916;23;;;9909.0;0.0
yf_MKC_d12;7900;INTARIAN_PEPPER_ROOT;10549;17;10546;24;;;10555;21;10558;13;;;10552.0;0.0
yf_MKC_d12;8000;ASH_COATED_OSMIUM;9906;13;9902;22;;;9913;10;9915;9;;;9909.5;0.0
yf_MKC_d12;8000;INTARIAN_PEPPER_ROOT;10550;9;10547;19;;;10560;20;10564;20;;;10555.0;0.0
yf_MKC_d12;8100;ASH_COATED_OSMIUM;9906;12;9902;24;;;9912;12;9916;20;;;9909.0;0.0
yf_MKC_d12;8100;INTARIAN_PEPPER_ROOT;10556;12;10553;24;;;10562;15;10564;17;;;10559.0;0.0
yf_MKC_d12;8200;ASH_COATED_OSMIUM;9899;12;9897;13;;;9921;15;9924;24;;;9910.0;0.0
yf_MKC_d12;8200;INTARIAN_PEPPER_ROOT;10558;17;10554;22;;;10564;6;10567;18;;;10561.0;0.0
yf_MKC_d12;8300;ASH_COATED_OSMIUM;9906;17;9904;20;;;9912;10;9914;17;;;9909.0;0.0
yf_MKC_d12;8300;INTARIAN_PEPPER_ROOT;10562;18;10559;17;;;10568;15;10571;15;;;10565.0;0.0
yf_MKC_d12;8400;ASH_COATED_OSMIUM;9906;17;9902;35;;;9912;9;9915;21;;;9909.0;0.0
yf_MKC_d12;8400;INTARIAN_PEPPER_ROOT;10565;19;10562;21;;;10571;20;10574;20;;;10568.0;0.0
yf_MKC_d12;8500;ASH_COATED_OSMIUM;9907;19;9903;16;;;9913;8;9917;23;;;9910.0;0.0
yf_MKC_d12;8500;INTARIAN_PEPPER_ROOT;10568;14;10566;24;;;10574;8;10578;11;;;10571.0;0.0
yf_MKC_d12;8600;ASH_COATED_OSMIUM;9907;22;9903;27;;;9913;17;9917;16;;;9910.0;0.0
yf_MKC_d12;8600;INTARIAN_PEPPER_ROOT;10570;12;10567;21;;;10576;14;10580;15;;;10573.0;0.0
yf_MKC_d12;8700;ASH_COATED_OSMIUM;9907;17;9904;23;;;9913;12;9916;26;;;9910.0;0.0
yf_MKC_d12;8700;INTARIAN_PEPPER_ROOT;10573;12;10571;21;;;10579;14;10582;23;;;10576.0;0.0
yf_MKC_d12;8800;ASH_COATED_OSMIUM;9903;15;9900;16;;;9917;17;9919;17;;;9910.0;0.0
yf_MKC_d12;8800;INTARIAN_PEPPER_ROOT;10576;17;10573;16;;;10582;18;10586;28;;;10579.0;0.0
yf_MKC_d12;8900;ASH_COATED_OSMIUM;9906;22;9903;21;;;9914;12;9918;24;;;9910.0;0.0
yf_MKC_d12;8900;INTARIAN_PEPPER_ROOT;10566;12;10564;22;;;10599;5;10602;19;;;10582.5;0.0
yf_MKC_d12;9000;ASH_COATED_OSMIUM;9908;21;9905;21;;;9914;11;9916;29;;;9911.0;0.0
yf_MKC_d12;9000;INTARIAN_PEPPER_ROOT;10583;14;10579;19;;;10589;12;10592;25;;;10586.0;0.0
yf_MKC_d12;9100;ASH_COATED_OSMIUM;9908;13;9904;20;;;9914;7;9916;26;;;9911.0;0.0
yf_MKC_d12;9100;INTARIAN_PEPPER_ROOT;10585;14;10581;23;;;10591;13;10593;27;;;10588.0;0.0
yf_MKC_d12;9200;ASH_COATED_OSMIUM;9908;11;9905;25;;;9914;16;9917;22;;;9911.0;0.0
yf_MKC_d12;9200;INTARIAN_PEPPER_ROOT;10590;20;10587;17;;;10596;12;10599;20;;;10593.0;0.0
yf_MKC_d12;9300;ASH_COATED_OSMIUM;9907;15;9903;17;;;9914;6;9917;22;;;9910.5;0.0
yf_MKC_d12;9300;INTARIAN_PEPPER_ROOT;10585;14;10582;19;;;10604;18;10608;25;;;10594.5;0.0
yf_MKC_d12;9400;ASH_COATED_OSMIUM;9908;18;9905;11;;;9914;5;9918;11;;;9911.0;0.0
yf_MKC_d12;9400;INTARIAN_PEPPER_ROOT;10592;11;10588;10;;;10604;10;10607;10;;;10598.0;0.0
yf_MKC_d12;9500;ASH_COATED_OSMIUM;9908;24;9906;22;;;9914;14;9917;24;;;9911.0;0.0
yf_MKC_d12;9500;INTARIAN_PEPPER_ROOT;10595;22;10593;24;;;10607;18;10610;15;;;10601.0;0.0
yf_MKC_d12;9600;ASH_COATED_OSMIUM;9908;16;9904;27;;;9914;24;9918;22;;;9911.0;0.0
yf_MKC_d12;9600;INTARIAN_PEPPER_ROOT;10599;11;10595;14;;;10608;6;10611;15;;;10603.5;0.0
yf_MKC_d12;9700;ASH_COATED_OSMIUM;9908;20;9905;17;;;9914;12;9916;16;;;9911.0;0.0
yf_MKC_d12;9700;INTARIAN_PEPPER_ROOT;10603;18;10601;26;;;10609;28;10611;29;;;10606.0;0.0
yf_MKC_d12;9800;ASH_COATED_OSMIUM;9908;11;9906;11;;;9914;11;9916;18;;;9911.0;0.0
yf_MKC_d12;9800;INTARIAN_PEPPER_ROOT;10604;5;10601;20;;;10614;17;10616;17;;;10609.0;0.0
yf_MKC_d12;9900;ASH_COATED_OSMIUM;9909;8;9906;8;;;9915;15;9917;23;;;9912.0;0.0
yf_MKC_d12;9900;INTARIAN_PEPPER_ROOT;10610;12;10608;25;;;10616;5;10619;8;;;10613.0;0.0
yf_MKC_d12;10000;ASH_COATED_OSMIUM;9902;15;9900;17;;;9922;6;9926;25;;;9912.0;0.0
yf_MKC_d12;10000;INTARIAN_PEPPER_ROOT;10611;14;10608;21;;;10619;18;10623;18;;;10615.0;0.0
yf_MKC_d12;10100;ASH_COATED_OSMIUM;9909;16;9906;21;;;9915;6;9917;13;;;9912.0;0.0
yf_MKC_d12;10100;INTARIAN_PEPPER_ROOT;10616;11;10614;23;;;10622;25;10625;18;;;10619.0;0.0
yf_MKC_d12;10200;ASH_COATED_OSMIUM;9909;20;9907;13;;;9915;15;9917;20;;;9912.0;0.0
yf_MKC_d12;10200;INTARIAN_PEPPER_ROOT;10614;8;10610;23;;;10628;12;10630;17;;;10621.0;0.0
yf_MKC_d12;10300;ASH_COATED_OSMIUM;9909;20;9905;25;;;9915;13;9917;20;;;9912.0;0.0
yf_MKC_d12;10300;INTARIAN_PEPPER_ROOT;10622;11;10618;15;;;10628;7;10632;17;;;10625.0;0.0
yf_MKC_d12;10400;ASH_COATED_OSMIUM;9905;11;9903;21;;;9920;14;9922;15;;;9912.5;0.0
yf_MKC_d12;10400;INTARIAN_PEPPER_ROOT;10619;12;10615;18;;;10637;7;10639;22;;;10628.0;0.0
yf_MKC_d12;10500;ASH_COATED_OSMIUM;9906;18;9904;19;;;9921;26;9925;23;;;9913.5;0.0
yf_MKC_d12;10500;INTARIAN_PEPPER_ROOT;10626;14;10622;11;;;10634;15;10636;16;;;10630.0;0.0
yf_MKC_d12;10600;ASH_COATED_OSMIUM;9910;20;9906;13;;;9916;20;9919;17;;;9913.0;0.0
yf_MKC_d12;10600;INTARIAN_PEPPER_ROOT;10631;12;10628;21;;;10637;17;10639;24;;;10634.0;0.0
yf_MKC_d12;10700;ASH_COATED_OSMIUM;9910;14;9908;23;;;9916;15;9919;22;;;9913.0;0.0
yf_MKC_d12;10700;INTARIAN_PEPPER_ROOT;10628;15;10625;22;;;10645;16;10647;18;;;10636.5;0.0
yf_MKC_d12;10800;ASH_COATED_OSMIUM;9910;5;9906;25;;;9916;16;9918;18;;;9913.0;0.0
yf_MKC_d12;10800;INTARIAN_PEPPER_ROOT;10636;5;10632;22;;;10642;14;10644;21;;;10639.0;0.0
yf_MKC_d12;10900;ASH_COATED_OSMIUM;9904;18;9901;17;;;9921;10;9924;9;;;9912.5;0.0
yf_MKC_d12;10900;INTARIAN_PEPPER_ROOT;10637;17;10634;21;;;10648;24;10652;20;;;10642.5;0.0
yf_MKC_d12;11000;ASH_COATED_OSMIUM;9910;22;9907;17;;;9916;28;9919;18;;;9913.0;0.0
yf_MKC_d12;11000;INTARIAN_PEPPER_ROOT;10634;14;10632;17;;;10658;21;10660;20;;;10646.0;0.0
yf_MKC_d12;11100;ASH_COATED_OSMIUM;9910;14;9907;18;;;9916;14;9918;20;;;9913.0;0.0
yf_MKC_d12;11100;INTARIAN_PEPPER_ROOT;10645;25;10643;28;;;10651;17;10654;29;;;10648.0;0.0
yf_MKC_d12;11200;ASH_COATED_OSMIUM;9910;13;9907;13;;;9916;16;9919;14;;;9913.0;0.0
yf_MKC_d12;11200;INTARIAN_PEPPER_ROOT;10649;10;10645;17;;;10655;14;10659;22;;;10652.0;0.0
yf_MKC_d12;11300;ASH_COATED_OSMIUM;9903;5;9899;30;;;9924;22;9926;18;;;9913.5;0.0
yf_MKC_d12;11300;INTARIAN_PEPPER_ROOT;10652;18;10648;18;;;10658;9;10661;25;;;10655.0;0.0
yf_MKC_d12;11400;ASH_COATED_OSMIUM;9909;16;9906;24;;;9916;15;9918;21;;;9912.5;0.0
yf_MKC_d12;11400;INTARIAN_PEPPER_ROOT;10653;8;10649;21;;;10662;18;10664;18;;;10657.5;0.0
yf_MKC_d12;11500;ASH_COATED_OSMIUM;9907;13;9905;17;;;9920;16;9923;22;;;9913.5;0.0
yf_MKC_d12;11500;INTARIAN_PEPPER_ROOT;10655;14;10651;17;;;10667;14;10669;17;;;10661.0;0.0
yf_MKC_d12;11600;ASH_COATED_OSMIUM;9911;18;9907;25;;;9917;26;9921;21;;;9914.0;0.0
yf_MKC_d12;11600;INTARIAN_PEPPER_ROOT;10661;13;10659;34;;;10667;17;10670;18;;;10664.0;0.0
yf_MKC_d12;11700;ASH_COATED_OSMIUM;9910;19;9907;18;;;9916;10;9920;27;;;9913.0;0.0
yf_MKC_d12;11700;INTARIAN_PEPPER_ROOT;10663;9;10660;23;;;10669;12;10671;14;;;10666.0;0.0
yf_MKC_d12;11800;ASH_COATED_OSMIUM;9912;11;9908;10;;;9918;23;9921;16;;;9915.0;0.0
yf_MKC_d12;11800;INTARIAN_PEPPER_ROOT;10667;5;10664;21;;;10673;15;10675;15;;;10670.0;0.0
yf_MKC_d12;11900;ASH_COATED_OSMIUM;9911;16;9907;27;;;9917;18;9919;20;;;9914.0;0.0
yf_MKC_d12;11900;INTARIAN_PEPPER_ROOT;10658;13;10655;12;;;10688;7;10691;20;;;10673.0;0.0
yf_MKC_d12;12000;ASH_COATED_OSMIUM;9908;18;9905;23;;;9920;14;9923;15;;;9914.0;0.0
yf_MKC_d12;12000;INTARIAN_PEPPER_ROOT;10672;22;10668;22;;;10678;15;10682;23;;;10675.0;0.0
yf_MKC_d12;12100;ASH_COATED_OSMIUM;9903;17;9900;19;;;9925;24;9928;26;;;9914.0;0.0
yf_MKC_d12;12100;INTARIAN_PEPPER_ROOT;10674;16;10671;21;;;10683;19;10685;14;;;10678.5;0.0
yf_MKC_d12;12200;ASH_COATED_OSMIUM;9911;17;9908;29;;;9919;10;9921;15;;;9915.0;0.0
yf_MKC_d12;12200;INTARIAN_PEPPER_ROOT;10679;18;10677;15;;;10685;20;10687;21;;;10682.0;0.0
yf_MKC_d12;12300;ASH_COATED_OSMIUM;9895;8;9893;18;;;9935;5;9937;16;;;9915.0;0.0
yf_MKC_d12;12300;INTARIAN_PEPPER_ROOT;10682;10;10680;20;;;10688;19;10690;17;;;10685.0;0.0
yf_MKC_d12;12400;ASH_COATED_OSMIUM;9911;8;9908;15;;;9917;14;9921;25;;;9914.0;0.0
yf_MKC_d12;12400;INTARIAN_PEPPER_ROOT;10685;5;10682;26;;;10691;12;10693;14;;;10688.0;0.0
yf_MKC_d12;12500;ASH_COATED_OSMIUM;9912;13;9910;24;;;9918;13;9921;20;;;9915.0;0.0
yf_MKC_d12;12500;INTARIAN_PEPPER_ROOT;10688;19;10686;27;;;10694;7;10697;16;;;10691.0;0.0
yf_MKC_d12;12600;ASH_COATED_OSMIUM;9912;14;9908;16;;;9918;17;9920;15;;;9915.0;0.0
yf_MKC_d12;12600;INTARIAN_PEPPER_ROOT;10691;18;10689;18;;;10697;24;10699;20;;;10694.0;0.0
yf_MKC_d12;12700;ASH_COATED_OSMIUM;9911;11;9907;22;;;9921;8;9925;26;;;9916.0;0.0
yf_MKC_d12;12700;INTARIAN_PEPPER_ROOT;10694;16;10690;20;;;10700;15;10702;27;;;10697.0;0.0
yf_MKC_d12;12800;ASH_COATED_OSMIUM;9912;14;9910;28;;;9918;9;9921;17;;;9915.0;0.0
yf_MKC_d12;12800;INTARIAN_PEPPER_ROOT;10676;16;10672;20;;;10723;18;10725;24;;;10699.5;0.0
yf_MKC_d12;12900;ASH_COATED_OSMIUM;9908;18;9904;25;;;9923;25;9926;25;;;9915.5;0.0
yf_MKC_d12;12900;INTARIAN_PEPPER_ROOT;10699;10;10695;21;;;10705;16;10708;21;;;10702.0;0.0
yf_MKC_d12;13000;ASH_COATED_OSMIUM;9912;13;9909;21;;;9918;12;9922;22;;;9915.0;0.0
yf_MKC_d12;13000;INTARIAN_PEPPER_ROOT;10700;16;10696;25;;;10711;16;10713;22;;;10705.5;0.0
yf_MKC_d12;13100;ASH_COATED_OSMIUM;9913;16;9910;24;;;9919;16;9921;20;;;9916.0;0.0
yf_MKC_d12;13100;INTARIAN_PEPPER_ROOT;10705;11;10703;20;;;10712;8;10714;16;;;10708.5;0.0
yf_MKC_d12;13200;ASH_COATED_OSMIUM;9912;18;9909;29;;;9919;18;9923;15;;;9915.5;0.0
yf_MKC_d12;13200;INTARIAN_PEPPER_ROOT;10700;14;10698;14;;;10723;19;10726;11;;;10711.5;0.0
yf_MKC_d12;13300;ASH_COATED_OSMIUM;9913;25;9910;25;;;9919;11;9923;19;;;9916.0;0.0
yf_MKC_d12;13300;INTARIAN_PEPPER_ROOT;10711;7;10707;16;;;10717;8;10720;20;;;10714.0;0.0
yf_MKC_d12;13400;ASH_COATED_OSMIUM;9913;18;9909;18;;;9919;20;9921;21;;;9916.0;0.0
yf_MKC_d12;13400;INTARIAN_PEPPER_ROOT;10711;15;10709;11;;;10724;13;10726;32;;;10717.5;0.0
yf_MKC_d12;13500;ASH_COATED_OSMIUM;9913;13;9911;20;;;9919;16;9921;24;;;9916.0;0.0
yf_MKC_d12;13500;INTARIAN_PEPPER_ROOT;10717;15;10715;22;;;10723;11;10725;23;;;10720.0;0.0
yf_MKC_d12;13600;ASH_COATED_OSMIUM;9913;16;9909;16;;;9919;12;9922;17;;;9916.0;0.0
yf_MKC_d12;13600;INTARIAN_PEPPER_ROOT;10720;14;10716;21;;;10726;21;10728;27;;;10723.0;0.0
yf_MKC_d12;13700;ASH_COATED_OSMIUM;9913;24;9909;12;;;9919;19;9921;17;;;9916.0;0.0
yf_MKC_d12;13700;INTARIAN_PEPPER_ROOT;10723;13;10719;16;;;10729;9;10732;16;;;10726.0;0.0
yf_MKC_d12;13800;ASH_COATED_OSMIUM;9914;14;9912;18;;;9920;24;9923;22;;;9917.0;0.0
yf_MKC_d12;13800;INTARIAN_PEPPER_ROOT;10726;11;10724;19;;;10733;20;10736;27;;;10729.5;0.0
yf_MKC_d12;13900;ASH_COATED_OSMIUM;9905;13;9903;8;;;9929;14;9931;19;;;9917.0;0.0
yf_MKC_d12;13900;INTARIAN_PEPPER_ROOT;10729;15;10727;23;;;10735;7;10738;21;;;10732.0;0.0
yf_MKC_d12;14000;ASH_COATED_OSMIUM;9913;13;9910;22;;;9919;5;9922;30;;;9916.0;0.0
yf_MKC_d12;14000;INTARIAN_PEPPER_ROOT;10733;17;10730;22;;;10739;20;10742;23;;;10736.0;0.0
yf_MKC_d12;14100;ASH_COATED_OSMIUM;9913;16;9909;20;;;9919;17;9923;25;;;9916.0;0.0
yf_MKC_d12;14100;INTARIAN_PEPPER_ROOT;10735;19;10731;11;;;10742;10;10746;11;;;10738.5;0.0
yf_MKC_d12;14200;ASH_COATED_OSMIUM;9914;13;9910;15;;;9920;13;9924;19;;;9917.0;0.0
yf_MKC_d12;14200;INTARIAN_PEPPER_ROOT;10739;16;10737;20;;;10745;15;10748;12;;;10742.0;0.0
yf_MKC_d12;14300;ASH_COATED_OSMIUM;9912;8;9910;16;;;9922;11;9925;16;;;9917.0;0.0
yf_MKC_d12;14300;INTARIAN_PEPPER_ROOT;10740;21;10736;20;;;10750;13;10752;18;;;10745.0;0.0
yf_MKC_d12;14400;ASH_COATED_OSMIUM;9915;18;9913;18;;;9921;20;9924;16;;;9918.0;0.0
yf_MKC_d12;14400;INTARIAN_PEPPER_ROOT;10744;14;10740;22;;;10750;14;10753;21;;;10747.0;0.0
yf_MKC_d12;14500;ASH_COATED_OSMIUM;9915;24;9911;24;;;9921;25;9925;10;;;9918.0;0.0
yf_MKC_d12;14500;INTARIAN_PEPPER_ROOT;10748;19;10745;13;;;10754;11;10756;31;;;10751.0;0.0
yf_MKC_d12;14600;ASH_COATED_OSMIUM;9914;15;9912;27;;;9920;12;9924;22;;;9917.0;0.0
yf_MKC_d12;14600;INTARIAN_PEPPER_ROOT;10750;19;10747;17;;;10758;19;10760;13;;;10754.0;0.0
yf_MKC_d12;14700;ASH_COATED_OSMIUM;9914;10;9910;19;;;9921;13;9924;12;;;9917.5;0.0
yf_MKC_d12;14700;INTARIAN_PEPPER_ROOT;10754;17;10750;17;;;10760;10;10763;10;;;10757.0;0.0
yf_MKC_d12;14800;ASH_COATED_OSMIUM;9914;16;9912;19;;;9922;13;9926;22;;;9918.0;0.0
yf_MKC_d12;14800;INTARIAN_PEPPER_ROOT;10755;13;10751;20;;;10763;12;10766;16;;;10759.0;0.0
yf_MKC_d12;14900;ASH_COATED_OSMIUM;9914;12;9912;22;;;9920;23;9922;13;;;9917.0;0.0
yf_MKC_d12;14900;INTARIAN_PEPPER_ROOT;10760;16;10758;22;;;10766;14;10769;17;;;10763.0;0.0
yf_MKC_d12;15000;ASH_COATED_OSMIUM;9915;19;9911;23;;;9921;17;9923;21;;;9918.0;0.0
yf_MKC_d12;15000;INTARIAN_PEPPER_ROOT;10763;18;10759;16;;;10769;18;10772;20;;;10766.0;0.0
yf_MKC_d12;15100;ASH_COATED_OSMIUM;9915;16;9911;14;;;9921;21;9924;13;;;9918.0;0.0
yf_MKC_d12;15100;INTARIAN_PEPPER_ROOT;10763;13;10760;14;;;10773;11;10777;28;;;10768.0;0.0
yf_MKC_d12;15200;ASH_COATED_OSMIUM;9915;19;9911;23;;;9921;12;9924;21;;;9918.0;0.0
yf_MKC_d12;15200;INTARIAN_PEPPER_ROOT;10768;20;10766;27;;;10774;24;10778;22;;;10771.0;0.0
yf_MKC_d12;15300;ASH_COATED_OSMIUM;9908;19;9905;19;;;9928;11;9931;15;;;9918.0;0.0
yf_MKC_d12;15300;INTARIAN_PEPPER_ROOT;10772;12;10768;21;;;10778;10;10782;14;;;10775.0;0.0
yf_MKC_d12;15400;ASH_COATED_OSMIUM;9910;12;9906;17;;;9928;5;9932;28;;;9919.0;0.0
yf_MKC_d12;15400;INTARIAN_PEPPER_ROOT;10774;15;10770;16;;;10780;12;10782;14;;;10777.0;0.0
yf_MKC_d12;15500;ASH_COATED_OSMIUM;9912;12;9908;26;;;9924;20;9928;13;;;9918.0;0.0
yf_MKC_d12;15500;INTARIAN_PEPPER_ROOT;10778;14;10776;10;;;10784;13;10787;24;;;10781.0;0.0
yf_MKC_d12;15600;ASH_COATED_OSMIUM;9915;21;9912;18;;;9921;15;9924;17;;;9918.0;0.0
yf_MKC_d12;15600;INTARIAN_PEPPER_ROOT;10780;13;10778;21;;;10786;21;10790;16;;;10783.0;0.0
yf_MKC_d12;15700;ASH_COATED_OSMIUM;9916;12;9913;22;;;9922;5;9926;21;;;9919.0;0.0
yf_MKC_d12;15700;INTARIAN_PEPPER_ROOT;10783;12;10779;25;;;10791;14;10793;11;;;10787.0;0.0
yf_MKC_d12;15800;ASH_COATED_OSMIUM;9913;14;9909;30;;;9926;18;9929;12;;;9919.5;0.0
yf_MKC_d12;15800;INTARIAN_PEPPER_ROOT;10786;19;10782;8;;;10792;27;10795;17;;;10789.0;0.0
yf_MKC_d12;15900;ASH_COATED_OSMIUM;9915;8;9913;31;;;9923;18;9925;27;;;9919.0;0.0
yf_MKC_d12;15900;INTARIAN_PEPPER_ROOT;10786;14;10782;22;;;10799;8;10802;19;;;10792.5;0.0
yf_MKC_d12;16000;ASH_COATED_OSMIUM;9916;13;9913;22;;;9922;17;9925;15;;;9919.0;0.0
yf_MKC_d12;16000;INTARIAN_PEPPER_ROOT;10790;16;10787;19;;;10801;12;10804;21;;;10795.5;0.0
yf_MKC_d12;16100;ASH_COATED_OSMIUM;9916;15;9912;23;;;9922;6;9926;10;;;9919.0;0.0
yf_MKC_d12;16100;INTARIAN_PEPPER_ROOT;10795;6;10791;24;;;10801;13;10803;16;;;10798.0;0.0
yf_MKC_d12;16200;ASH_COATED_OSMIUM;9916;14;9913;21;;;9922;13;9924;15;;;9919.0;0.0
yf_MKC_d12;16200;INTARIAN_PEPPER_ROOT;10796;14;10793;19;;;10808;12;10810;13;;;10802.0;0.0
yf_MKC_d12;16300;ASH_COATED_OSMIUM;9914;22;9912;14;;;9926;9;9929;24;;;9920.0;0.0
yf_MKC_d12;16300;INTARIAN_PEPPER_ROOT;10793;14;10790;15;;;10817;26;10819;25;;;10805.0;0.0
yf_MKC_d12;16400;ASH_COATED_OSMIUM;9915;13;9911;20;;;9925;8;9927;20;;;9920.0;0.0
yf_MKC_d12;16400;INTARIAN_PEPPER_ROOT;10805;18;10803;24;;;10811;16;10815;10;;;10808.0;0.0
yf_MKC_d12;16500;ASH_COATED_OSMIUM;9917;21;9914;20;;;9923;17;9927;28;;;9920.0;0.0
yf_MKC_d12;16500;INTARIAN_PEPPER_ROOT;10802;8;10798;24;;;10819;9;10823;9;;;10810.5;0.0
yf_MKC_d12;16600;ASH_COATED_OSMIUM;9917;5;9913;18;;;9923;16;9925;18;;;9920.0;0.0
yf_MKC_d12;16600;INTARIAN_PEPPER_ROOT;10811;10;10809;23;;;10817;18;10819;20;;;10814.0;0.0
yf_MKC_d12;16700;ASH_COATED_OSMIUM;9915;21;9913;22;;;9925;15;9928;15;;;9920.0;0.0
yf_MKC_d12;16700;INTARIAN_PEPPER_ROOT;10813;24;10809;14;;;10819;15;10822;25;;;10816.0;0.0
yf_MKC_d12;16800;ASH_COATED_OSMIUM;9915;20;9912;17;;;9926;13;9928;26;;;9920.5;0.0
yf_MKC_d12;16800;INTARIAN_PEPPER_ROOT;10815;15;10813;22;;;10823;16;10827;19;;;10819.0;0.0
yf_MKC_d12;16900;ASH_COATED_OSMIUM;9917;21;9914;17;;;9923;16;9925;30;;;9920.0;0.0
yf_MKC_d12;16900;INTARIAN_PEPPER_ROOT;10819;15;10817;24;;;10825;17;10827;26;;;10822.0;0.0
yf_MKC_d12;17000;ASH_COATED_OSMIUM;9918;14;9915;20;;;9924;23;9927;20;;;9921.0;0.0
yf_MKC_d12;17000;INTARIAN_PEPPER_ROOT;10818;21;10814;22;;;10826;15;10828;16;;;10822.0;0.0
yf_MKC_d12;17100;ASH_COATED_OSMIUM;9918;18;9915;24;;;9924;15;9927;22;;;9921.0;0.0
yf_MKC_d12;17100;INTARIAN_PEPPER_ROOT;10818;17;10815;11;;;10824;15;10828;20;;;10821.0;0.0
yf_MKC_d12;17200;ASH_COATED_OSMIUM;9918;17;9914;17;;;9924;11;9928;24;;;9921.0;0.0
yf_MKC_d12;17200;INTARIAN_PEPPER_ROOT;10813;18;10810;14;;;10826;16;10828;19;;;10819.5;0.0
yf_MKC_d12;17300;ASH_COATED_OSMIUM;9915;13;9913;21;;;9926;12;9928;12;;;9920.5;0.0
yf_MKC_d12;17300;INTARIAN_PEPPER_ROOT;10814;10;10812;20;;;10820;5;10823;19;;;10817.0;0.0
yf_MKC_d12;17400;ASH_COATED_OSMIUM;9918;10;9915;17;;;9925;18;9928;15;;;9921.5;0.0
yf_MKC_d12;17400;INTARIAN_PEPPER_ROOT;10801;12;10797;22;;;10830;16;10832;20;;;10815.5;0.0
yf_MKC_d12;17500;ASH_COATED_OSMIUM;9917;11;9914;27;;;9926;13;9930;19;;;9921.5;0.0
yf_MKC_d12;17500;INTARIAN_PEPPER_ROOT;10808;5;10806;19;;;10816;17;10819;25;;;10812.0;0.0
yf_MKC_d12;17600;ASH_COATED_OSMIUM;9916;19;9912;23;;;9925;14;9928;17;;;9920.5;0.0
yf_MKC_d12;17600;INTARIAN_PEPPER_ROOT;10808;11;10804;27;;;10814;10;10817;24;;;10811.0;0.0
yf_MKC_d12;17700;ASH_COATED_OSMIUM;9914;20;9911;18;;;9928;20;9932;18;;;9921.0;0.0
yf_MKC_d12;17700;INTARIAN_PEPPER_ROOT;10804;5;10800;24;;;10814;12;10817;11;;;10809.0;0.0
yf_MKC_d12;17800;ASH_COATED_OSMIUM;9918;7;9915;24;;;9924;17;9926;15;;;9921.0;0.0
yf_MKC_d12;17800;INTARIAN_PEPPER_ROOT;10804;17;10802;16;;;10810;14;10813;17;;;10807.0;0.0
yf_MKC_d12;17900;ASH_COATED_OSMIUM;9918;20;9914;15;;;9924;13;9926;26;;;9921.0;0.0
yf_MKC_d12;17900;INTARIAN_PEPPER_ROOT;10799;10;10797;23;;;10812;10;10816;11;;;10805.5;0.0
yf_MKC_d12;18000;ASH_COATED_OSMIUM;9911;14;9909;25;;;9931;20;9933;17;;;9921.0;0.0
yf_MKC_d12;18000;INTARIAN_PEPPER_ROOT;10790;7;10787;20;;;10817;26;10821;20;;;10803.5;0.0
yf_MKC_d12;18100;ASH_COATED_OSMIUM;9916;12;9912;16;;;9926;9;9930;8;;;9921.0;0.0
yf_MKC_d12;18100;INTARIAN_PEPPER_ROOT;10797;10;10793;20;;;10807;13;10810;15;;;10802.0;0.0
yf_MKC_d12;18200;ASH_COATED_OSMIUM;9917;11;9914;29;;;9926;18;9928;20;;;9921.5;0.0
yf_MKC_d12;18200;INTARIAN_PEPPER_ROOT;10797;11;10793;19;;;10803;14;10807;13;;;10800.0;0.0
yf_MKC_d12;18300;ASH_COATED_OSMIUM;9918;17;9914;18;;;9925;18;9927;25;;;9921.5;0.0
yf_MKC_d12;18300;INTARIAN_PEPPER_ROOT;10795;14;10793;17;;;10801;17;10805;14;;;10798.0;0.0
yf_MKC_d12;18400;ASH_COATED_OSMIUM;9917;5;9914;18;;;9927;15;9930;21;;;9922.0;0.0
yf_MKC_d12;18400;INTARIAN_PEPPER_ROOT;10793;15;10789;20;;;10799;15;10801;20;;;10796.0;0.0
yf_MKC_d12;18500;ASH_COATED_OSMIUM;9919;21;9916;20;;;9925;12;9928;16;;;9922.0;0.0
yf_MKC_d12;18500;INTARIAN_PEPPER_ROOT;10789;12;10786;30;;;10799;5;10803;20;;;10794.0;0.0
yf_MKC_d12;18600;ASH_COATED_OSMIUM;9919;19;9916;18;;;9925;24;9927;14;;;9922.0;0.0
yf_MKC_d12;18600;INTARIAN_PEPPER_ROOT;10784;5;10781;22;;;10800;10;10804;17;;;10792.0;0.0
yf_MKC_d12;18700;ASH_COATED_OSMIUM;9909;15;9905;23;;;9934;21;9938;19;;;9921.5;0.0
yf_MKC_d12;18700;INTARIAN_PEPPER_ROOT;10787;10;10784;26;;;10793;11;10796;16;;;10790.0;0.0
yf_MKC_d12;18800;ASH_COATED_OSMIUM;9916;21;9914;10;;;9927;17;9929;18;;;9921.5;0.0
yf_MKC_d12;18800;INTARIAN_PEPPER_ROOT;10776;18;10774;25;;;10800;14;10803;13;;;10788.0;0.0
yf_MKC_d12;18900;ASH_COATED_OSMIUM;9919;12;9917;15;;;9925;19;9928;12;;;9922.0;0.0
yf_MKC_d12;18900;INTARIAN_PEPPER_ROOT;10775;13;10772;17;;;10797;16;10801;14;;;10786.0;0.0
yf_MKC_d12;19000;ASH_COATED_OSMIUM;9918;17;9916;19;;;9924;12;9926;17;;;9921.0;0.0
yf_MKC_d12;19000;INTARIAN_PEPPER_ROOT;10781;13;10778;17;;;10787;6;10790;21;;;10784.0;0.0
yf_MKC_d12;19100;ASH_COATED_OSMIUM;9915;13;9911;30;;;9928;23;9930;22;;;9921.5;0.0
yf_MKC_d12;19100;INTARIAN_PEPPER_ROOT;10777;24;10775;32;;;10786;17;10790;16;;;10781.5;0.0
yf_MKC_d12;19200;ASH_COATED_OSMIUM;9919;14;9917;11;;;9925;23;9929;25;;;9922.0;0.0
yf_MKC_d12;19200;INTARIAN_PEPPER_ROOT;10766;11;10764;16;;;10794;14;10798;13;;;10780.0;0.0
yf_MKC_d12;19300;ASH_COATED_OSMIUM;9914;15;9910;10;;;9929;14;9931;26;;;9921.5;0.0
yf_MKC_d12;19300;INTARIAN_PEPPER_ROOT;10775;16;10771;16;;;10781;8;10783;13;;;10778.0;0.0
yf_MKC_d12;19400;ASH_COATED_OSMIUM;9917;12;9913;26;;;9927;12;9929;16;;;9922.0;0.0
yf_MKC_d12;19400;INTARIAN_PEPPER_ROOT;10773;22;10770;19;;;10779;18;10782;16;;;10776.0;0.0
yf_MKC_d12;19500;ASH_COATED_OSMIUM;9918;17;9914;14;;;9927;15;9930;8;;;9922.5;0.0
yf_MKC_d12;19500;INTARIAN_PEPPER_ROOT;10771;13;10769;23;;;10777;12;10781;24;;;10774.0;0.0
yf_MKC_d12;19600;ASH_COATED_OSMIUM;9919;16;9916;20;;;9925;14;9927;11;;;9922.0;0.0
yf_MKC_d12;19600;INTARIAN_PEPPER_ROOT;10768;10;10766;10;;;10778;5;10781;12;;;10773.0;0.0
yf_MKC_d12;19700;ASH_COATED_OSMIUM;9919;8;9917;21;;;9925;13;9929;19;;;9922.0;0.0
yf_MKC_d12;19700;INTARIAN_PEPPER_ROOT;10768;16;10764;21;;;10774;25;10777;22;;;10771.0;0.0
yf_MKC_d12;19800;ASH_COATED_OSMIUM;9915;16;9911;26;;;9928;17;9930;18;;;9921.5;0.0
yf_MKC_d12;19800;INTARIAN_PEPPER_ROOT;10766;13;10763;23;;;10772;16;10775;24;;;10769.0;0.0
yf_MKC_d12;19900;ASH_COATED_OSMIUM;9920;9;9917;24;;;9926;16;9929;16;;;9923.0;0.0
yf_MKC_d12;19900;INTARIAN_PEPPER_ROOT;10763;9;10759;20;;;10769;11;10772;19;;;10766.0;0.0
yf_MKC_d12;20000;ASH_COATED_OSMIUM;9919;14;9917;14;;;9926;20;9929;21;;;9922.5;0.0
yf_MKC_d12;20000;INTARIAN_PEPPER_ROOT;10762;18;10760;9;;;10768;15;10771;20;;;10765.0;0.0
yf_MKC_d12;20100;ASH_COATED_OSMIUM;9919;21;9916;10;;;9926;11;9930;16;;;9922.5;0.0
yf_MKC_d12;20100;INTARIAN_PEPPER_ROOT;10758;18;10755;9;;;10768;18;10770;16;;;10763.0;0.0
yf_MKC_d12;20200;ASH_COATED_OSMIUM;9920;15;9918;14;;;9926;6;9929;17;;;9923.0;0.0
yf_MKC_d12;20200;INTARIAN_PEPPER_ROOT;10758;17;10756;15;;;10764;16;10767;16;;;10761.0;0.0
yf_MKC_d12;20300;ASH_COATED_OSMIUM;9920;14;9918;18;;;9926;11;9929;23;;;9923.0;0.0
yf_MKC_d12;20300;INTARIAN_PEPPER_ROOT;10754;9;10752;23;;;10764;15;10768;17;;;10759.0;0.0
yf_MKC_d12;20400;ASH_COATED_OSMIUM;9920;18;9918;22;;;9926;5;9930;16;;;9923.0;0.0
yf_MKC_d12;20400;INTARIAN_PEPPER_ROOT;10754;9;10752;20;;;10760;10;10762;19;;;10757.0;0.0
yf_MKC_d12;20500;ASH_COATED_OSMIUM;9920;17;9916;16;;;9926;19;9928;16;;;9923.0;0.0
yf_MKC_d12;20500;INTARIAN_PEPPER_ROOT;10752;15;10749;12;;;10758;24;10762;28;;;10755.0;0.0
yf_MKC_d12;20600;ASH_COATED_OSMIUM;9918;10;9916;18;;;9929;12;9931;15;;;9923.5;0.0
yf_MKC_d12;20600;INTARIAN_PEPPER_ROOT;10751;8;10748;20;;;10757;9;10761;24;;;10754.0;0.0
yf_MKC_d12;20700;ASH_COATED_OSMIUM;9919;12;9916;21;;;9929;22;9932;16;;;9924.0;0.0
yf_MKC_d12;20700;INTARIAN_PEPPER_ROOT;10748;11;10744;16;;;10754;15;10758;11;;;10751.0;0.0
yf_MKC_d12;20800;ASH_COATED_OSMIUM;9917;6;9915;22;;;9929;5;9933;25;;;9923.0;0.0
yf_MKC_d12;20800;INTARIAN_PEPPER_ROOT;10746;23;10742;22;;;10752;9;10756;26;;;10749.0;0.0
yf_MKC_d12;20900;ASH_COATED_OSMIUM;9916;12;9913;18;;;9930;16;9932;18;;;9923.0;0.0
yf_MKC_d12;20900;INTARIAN_PEPPER_ROOT;10738;28;10735;15;;;10757;19;10759;10;;;10747.5;0.0
yf_MKC_d12;21000;ASH_COATED_OSMIUM;9920;15;9916;18;;;9926;12;9928;23;;;9923.0;0.0
yf_MKC_d12;21000;INTARIAN_PEPPER_ROOT;10743;11;10739;27;;;10749;16;10751;10;;;10746.0;0.0
yf_MKC_d12;21100;ASH_COATED_OSMIUM;9920;12;9917;8;;;9926;18;9928;18;;;9923.0;0.0
yf_MKC_d12;21100;INTARIAN_PEPPER_ROOT;10741;16;10737;20;;;10747;7;10750;21;;;10744.0;0.0
yf_MKC_d12;21200;ASH_COATED_OSMIUM;9916;22;9913;22;;;9931;17;9933;22;;;9923.5;0.0
yf_MKC_d12;21200;INTARIAN_PEPPER_ROOT;10729;18;10726;23;;;10754;10;10757;20;;;10741.5;0.0
yf_MKC_d12;21300;ASH_COATED_OSMIUM;9916;16;9913;17;;;9930;21;9934;21;;;9923.0;0.0
yf_MKC_d12;21300;INTARIAN_PEPPER_ROOT;10727;10;10723;25;;;10751;13;10753;13;;;10739.0;0.0
yf_MKC_d12;21400;ASH_COATED_OSMIUM;9916;14;9914;18;;;9929;17;9933;18;;;9922.5;0.0
yf_MKC_d12;21400;INTARIAN_PEPPER_ROOT;10734;11;10731;17;;;10740;13;10742;32;;;10737.0;0.0
yf_MKC_d12;21500;ASH_COATED_OSMIUM;9921;22;9918;25;;;9927;16;9929;18;;;9924.0;0.0
yf_MKC_d12;21500;INTARIAN_PEPPER_ROOT;10729;12;10726;26;;;10743;12;10746;16;;;10736.0;0.0
yf_MKC_d12;21600;ASH_COATED_OSMIUM;9920;18;9917;20;;;9926;17;9928;13;;;9923.0;0.0
yf_MKC_d12;21600;INTARIAN_PEPPER_ROOT;10730;10;10726;11;;;10736;22;10739;21;;;10733.0;0.0
yf_MKC_d12;21700;ASH_COATED_OSMIUM;9921;5;9917;17;;;9927;13;9929;25;;;9924.0;0.0
yf_MKC_d12;21700;INTARIAN_PEPPER_ROOT;10728;15;10725;22;;;10735;16;10738;20;;;10731.5;0.0
yf_MKC_d12;21800;ASH_COATED_OSMIUM;9921;12;9918;18;;;9927;21;9931;25;;;9924.0;0.0
yf_MKC_d12;21800;INTARIAN_PEPPER_ROOT;10727;14;10725;15;;;10733;22;10736;14;;;10730.0;0.0
yf_MKC_d12;21900;ASH_COATED_OSMIUM;9920;8;9916;19;;;9926;19;9930;14;;;9923.0;0.0
yf_MKC_d12;21900;INTARIAN_PEPPER_ROOT;10725;13;10721;11;;;10731;19;10735;30;;;10728.0;0.0
yf_MKC_d12;22000;ASH_COATED_OSMIUM;9902;8;9900;12;;;9946;16;9950;13;;;9924.0;0.0
yf_MKC_d12;22000;INTARIAN_PEPPER_ROOT;10723;22;10720;23;;;10729;8;10731;18;;;10726.0;0.0
yf_MKC_d12;22100;ASH_COATED_OSMIUM;9920;14;9917;16;;;9927;16;9931;18;;;9923.5;0.0
yf_MKC_d12;22100;INTARIAN_PEPPER_ROOT;10720;15;10716;11;;;10729;12;10732;20;;;10724.5;0.0
yf_MKC_d12;22200;ASH_COATED_OSMIUM;9922;20;9918;20;;;9928;13;9932;26;;;9925.0;0.0
yf_MKC_d12;22200;INTARIAN_PEPPER_ROOT;10719;11;10716;13;;;10725;17;10727;13;;;10722.0;0.0
yf_MKC_d12;22300;ASH_COATED_OSMIUM;9921;15;9918;31;;;9927;15;9931;14;;;9924.0;0.0
yf_MKC_d12;22300;INTARIAN_PEPPER_ROOT;10718;13;10714;20;;;10724;21;10726;24;;;10721.0;0.0
yf_MKC_d12;22400;ASH_COATED_OSMIUM;9912;21;9908;20;;;9937;10;9939;16;;;9924.5;0.0
yf_MKC_d12;22400;INTARIAN_PEPPER_ROOT;10716;12;10713;17;;;10722;15;10726;27;;;10719.0;0.0
yf_MKC_d12;22500;ASH_COATED_OSMIUM;9921;19;9918;25;;;9927;11;9929;8;;;9924.0;0.0
yf_MKC_d12;22500;INTARIAN_PEPPER_ROOT;10706;16;10703;29;;;10727;5;10730;22;;;10716.5;0.0
yf_MKC_d12;22600;ASH_COATED_OSMIUM;9922;11;9920;24;;;9928;21;9932;25;;;9925.0;0.0
yf_MKC_d12;22600;INTARIAN_PEPPER_ROOT;10707;6;10704;17;;;10724;18;10727;17;;;10715.5;0.0
yf_MKC_d12;22700;ASH_COATED_OSMIUM;9921;12;9917;23;;;9927;12;9929;16;;;9924.0;0.0
yf_MKC_d12;22700;INTARIAN_PEPPER_ROOT;10710;14;10706;17;;;10716;6;10720;21;;;10713.0;0.0
yf_MKC_d12;22800;ASH_COATED_OSMIUM;9921;14;9919;18;;;9928;18;9931;18;;;9924.5;0.0
yf_MKC_d12;22800;INTARIAN_PEPPER_ROOT;10702;9;10700;19;;;10720;16;10724;12;;;10711.0;0.0
yf_MKC_d12;22900;ASH_COATED_OSMIUM;9922;9;9920;21;;;9928;18;9932;9;;;9925.0;0.0
yf_MKC_d12;22900;INTARIAN_PEPPER_ROOT;10706;14;10702;22;;;10712;12;10715;18;;;10709.0;0.0
yf_MKC_d12;23000;ASH_COATED_OSMIUM;9922;9;9918;12;;;9928;27;9930;18;;;9925.0;0.0
yf_MKC_d12;23000;INTARIAN_PEPPER_ROOT;10702;22;10698;19;;;10711;12;10714;23;;;10706.5;0.0
yf_MKC_d12;23100;ASH_COATED_OSMIUM;9922;11;9920;21;;;9928;10;9931;21;;;9925.0;0.0
yf_MKC_d12;23100;INTARIAN_PEPPER_ROOT;10702;14;10700;20;;;10708;9;10711;19;;;10705.0;0.0
yf_MKC_d12;23200;ASH_COATED_OSMIUM;9921;21;9919;18;;;9929;26;9931;18;;;9925.0;0.0
yf_MKC_d12;23200;INTARIAN_PEPPER_ROOT;10699;14;10696;27;;;10708;15;10710;16;;;10703.5;0.0
yf_MKC_d12;23300;ASH_COATED_OSMIUM;9922;19;9919;14;;;9928;14;9930;18;;;9925.0;0.0
yf_MKC_d12;23300;INTARIAN_PEPPER_ROOT;10698;18;10694;17;;;10704;19;10706;20;;;10701.0;0.0
yf_MKC_d12;23400;ASH_COATED_OSMIUM;9922;12;9918;23;;;9928;18;9931;13;;;9925.0;0.0
yf_MKC_d12;23400;INTARIAN_PEPPER_ROOT;10696;23;10692;24;;;10702;5;10706;16;;;10699.0;0.0
yf_MKC_d12;23500;ASH_COATED_OSMIUM;9921;15;9917;21;;;9927;11;9931;9;;;9924.0;0.0
yf_MKC_d12;23500;INTARIAN_PEPPER_ROOT;10694;16;10691;19;;;10700;18;10704;15;;;10697.0;0.0
yf_MKC_d12;23600;ASH_COATED_OSMIUM;9922;18;9920;27;;;9928;10;9930;18;;;9925.0;0.0
yf_MKC_d12;23600;INTARIAN_PEPPER_ROOT;10689;9;10686;13;;;10701;12;10703;14;;;10695.0;0.0
yf_MKC_d12;23700;ASH_COATED_OSMIUM;9921;6;9917;24;;;9929;20;9933;9;;;9925.0;0.0
yf_MKC_d12;23700;INTARIAN_PEPPER_ROOT;10690;24;10688;12;;;10696;13;10698;22;;;10693.0;0.0
yf_MKC_d12;23800;ASH_COATED_OSMIUM;9918;9;9916;18;;;9932;14;9935;18;;;9925.0;0.0
yf_MKC_d12;23800;INTARIAN_PEPPER_ROOT;10688;15;10686;15;;;10694;19;10696;19;;;10691.0;0.0
yf_MKC_d12;23900;ASH_COATED_OSMIUM;9921;15;9918;16;;;9929;17;9932;23;;;9925.0;0.0
yf_MKC_d12;23900;INTARIAN_PEPPER_ROOT;10687;15;10683;24;;;10693;17;10695;23;;;10690.0;0.0
yf_MKC_d12;24000;ASH_COATED_OSMIUM;9922;18;9920;18;;;9928;22;9932;33;;;9925.0;0.0
yf_MKC_d12;24000;INTARIAN_PEPPER_ROOT;10685;17;10682;20;;;10691;26;10693;22;;;10688.0;0.0
yf_MKC_d12;24100;ASH_COATED_OSMIUM;9923;16;9920;16;;;9929;12;9932;11;;;9926.0;0.0
yf_MKC_d12;24100;INTARIAN_PEPPER_ROOT;10682;7;10678;17;;;10688;26;10690;8;;;10685.0;0.0
yf_MKC_d12;24200;ASH_COATED_OSMIUM;9917;6;9913;16;;;9934;11;9938;20;;;9925.5;0.0
yf_MKC_d12;24200;INTARIAN_PEPPER_ROOT;10677;16;10675;11;;;10690;15;10693;22;;;10683.5;0.0
yf_MKC_d12;24300;ASH_COATED_OSMIUM;9923;27;9920;23;;;9929;17;9931;27;;;9926.0;0.0
yf_MKC_d12;24300;INTARIAN_PEPPER_ROOT;10677;11;10675;20;;;10687;13;10689;13;;;10682.0;0.0
yf_MKC_d12;24400;ASH_COATED_OSMIUM;9922;16;9918;17;;;9929;5;9932;27;;;9925.5;0.0
yf_MKC_d12;24400;INTARIAN_PEPPER_ROOT;10677;18;10675;18;;;10683;13;10686;26;;;10680.0;0.0
yf_MKC_d12;24500;ASH_COATED_OSMIUM;9923;13;9919;26;;;9929;20;9932;20;;;9926.0;0.0
yf_MKC_d12;24500;INTARIAN_PEPPER_ROOT;10673;11;10671;22;;;10683;9;10686;16;;;10678.0;0.0
yf_MKC_d12;24600;ASH_COATED_OSMIUM;9923;15;9921;23;;;9929;5;9933;22;;;9926.0;0.0
yf_MKC_d12;24600;INTARIAN_PEPPER_ROOT;10673;16;10670;27;;;10679;17;10683;24;;;10676.0;0.0
yf_MKC_d12;24700;ASH_COATED_OSMIUM;9920;22;9917;17;;;9931;9;9934;26;;;9925.5;0.0
yf_MKC_d12;24700;INTARIAN_PEPPER_ROOT;10670;12;10668;21;;;10677;11;10681;14;;;10673.5;0.0
yf_MKC_d12;24800;ASH_COATED_OSMIUM;9917;18;9914;22;;;9934;19;9936;25;;;9925.5;0.0
yf_MKC_d12;24800;INTARIAN_PEPPER_ROOT;10665;16;10662;16;;;10680;15;10683;24;;;10672.5;0.0
yf_MKC_d12;24900;ASH_COATED_OSMIUM;9923;5;9921;9;;;9929;19;9933;28;;;9926.0;0.0
yf_MKC_d12;24900;INTARIAN_PEPPER_ROOT;10667;20;10663;16;;;10673;13;10676;18;;;10670.0;0.0
yf_MKC_d12;25000;ASH_COATED_OSMIUM;9921;17;9918;15;;;9931;14;9935;16;;;9926.0;0.0
yf_MKC_d12;25000;INTARIAN_PEPPER_ROOT;10665;19;10663;20;;;10671;13;10675;26;;;10668.0;0.0
yf_MKC_d12;25100;ASH_COATED_OSMIUM;9915;15;9913;14;;;9938;9;9940;24;;;9926.5;0.0
yf_MKC_d12;25100;INTARIAN_PEPPER_ROOT;10664;17;10662;12;;;10670;16;10674;25;;;10667.0;0.0
yf_MKC_d12;25200;ASH_COATED_OSMIUM;9919;10;9917;24;;;9934;23;9937;24;;;9926.5;0.0
yf_MKC_d12;25200;INTARIAN_PEPPER_ROOT;10662;11;10660;19;;;10668;18;10672;13;;;10665.0;0.0
yf_MKC_d12;25300;ASH_COATED_OSMIUM;9910;19;9908;23;;;9943;13;9946;19;;;9926.5;0.0
yf_MKC_d12;25300;INTARIAN_PEPPER_ROOT;10652;13;10648;24;;;10672;15;10676;11;;;10662.0;0.0
yf_MKC_d12;25400;ASH_COATED_OSMIUM;9923;13;9919;21;;;9929;5;9933;32;;;9926.0;0.0
yf_MKC_d12;25400;INTARIAN_PEPPER_ROOT;10654;15;10652;15;;;10666;16;10670;16;;;10660.0;0.0
yf_MKC_d12;25500;ASH_COATED_OSMIUM;9924;15;9921;19;;;9930;26;9934;14;;;9927.0;0.0
yf_MKC_d12;25500;INTARIAN_PEPPER_ROOT;10648;12;10646;19;;;10668;14;10671;12;;;10658.0;0.0
yf_MKC_d12;25600;ASH_COATED_OSMIUM;9922;13;9918;24;;;9932;9;9934;14;;;9927.0;0.0
yf_MKC_d12;25600;INTARIAN_PEPPER_ROOT;10652;25;10648;15;;;10660;23;10664;24;;;10656.0;0.0
yf_MKC_d12;25700;ASH_COATED_OSMIUM;9924;16;9922;21;;;9930;17;9932;20;;;9927.0;0.0
yf_MKC_d12;25700;INTARIAN_PEPPER_ROOT;10647;9;10645;17;;;10661;17;10664;13;;;10654.0;0.0
yf_MKC_d12;25800;ASH_COATED_OSMIUM;9924;15;9920;26;;;9930;11;9932;22;;;9927.0;0.0
yf_MKC_d12;25800;INTARIAN_PEPPER_ROOT;10639;22;10637;17;;;10667;16;10669;8;;;10653.0;0.0
yf_MKC_d12;25900;ASH_COATED_OSMIUM;9918;20;9915;19;;;9935;10;9939;21;;;9926.5;0.0
yf_MKC_d12;25900;INTARIAN_PEPPER_ROOT;10647;16;10643;15;;;10653;17;10657;24;;;10650.0;0.0
yf_MKC_d12;26000;ASH_COATED_OSMIUM;9924;14;9922;17;;;9930;15;9932;12;;;9927.0;0.0
yf_MKC_d12;26000;INTARIAN_PEPPER_ROOT;10647;11;10644;20;;;10653;10;10656;14;;;10650.0;0.0
yf_MKC_d12;26100;ASH_COATED_OSMIUM;9924;14;9920;21;;;9930;11;9934;11;;;9927.0;0.0
yf_MKC_d12;26100;INTARIAN_PEPPER_ROOT;10617;11;10615;17;;;10677;18;10679;27;;;10647.0;0.0
yf_MKC_d12;26200;ASH_COATED_OSMIUM;9924;14;9920;20;;;9930;20;9934;15;;;9927.0;0.0
yf_MKC_d12;26200;INTARIAN_PEPPER_ROOT;10642;18;10640;23;;;10649;16;10652;20;;;10645.5;0.0
yf_MKC_d12;26300;ASH_COATED_OSMIUM;9924;5;9920;23;;;9930;22;9934;23;;;9927.0;0.0
yf_MKC_d12;26300;INTARIAN_PEPPER_ROOT;10639;20;10635;18;;;10647;16;10649;18;;;10643.0;0.0
yf_MKC_d12;26400;ASH_COATED_OSMIUM;9924;8;9922;13;;;9930;18;9932;23;;;9927.0;0.0
yf_MKC_d12;26400;INTARIAN_PEPPER_ROOT;10638;23;10635;18;;;10644;11;10648;23;;;10641.0;0.0
yf_MKC_d12;26500;ASH_COATED_OSMIUM;9925;9;9921;20;;;9931;12;9934;15;;;9928.0;0.0
yf_MKC_d12;26500;INTARIAN_PEPPER_ROOT;10636;18;10633;12;;;10642;8;10645;14;;;10639.0;0.0
yf_MKC_d12;26600;ASH_COATED_OSMIUM;9924;20;9922;33;;;9930;5;9934;27;;;9927.0;0.0
yf_MKC_d12;26600;INTARIAN_PEPPER_ROOT;10635;25;10633;16;;;10641;16;10643;18;;;10638.0;0.0
yf_MKC_d12;26700;ASH_COATED_OSMIUM;9915;25;9913;15;;;9939;19;9943;19;;;9927.0;0.0
yf_MKC_d12;26700;INTARIAN_PEPPER_ROOT;10625;16;10621;19;;;10645;22;10647;29;;;10635.0;0.0
yf_MKC_d12;26800;ASH_COATED_OSMIUM;9925;8;9923;20;;;9931;20;9935;22;;;9928.0;0.0
yf_MKC_d12;26800;INTARIAN_PEPPER_ROOT;10630;12;10626;21;;;10636;15;10639;14;;;10633.0;0.0
yf_MKC_d12;26900;ASH_COATED_OSMIUM;9921;11;9918;19;;;9933;11;9935;24;;;9927.0;0.0
yf_MKC_d12;26900;INTARIAN_PEPPER_ROOT;10629;12;10626;17;;;10635;9;10638;19;;;10632.0;0.0
yf_MKC_d12;27000;ASH_COATED_OSMIUM;9924;11;9920;22;;;9930;30;9934;20;;;9927.0;0.0
yf_MKC_d12;27000;INTARIAN_PEPPER_ROOT;10626;17;10622;17;;;10632;7;10635;21;;;10629.0;0.0
yf_MKC_d12;27100;ASH_COATED_OSMIUM;9925;18;9921;29;;;9931;5;9934;25;;;9928.0;0.0
yf_MKC_d12;27100;INTARIAN_PEPPER_ROOT;10623;18;10619;20;;;10632;12;10635;17;;;10627.5;0.0
yf_MKC_d12;27200;ASH_COATED_OSMIUM;9925;12;9922;15;;;9931;19;9934;20;;;9928.0;0.0
yf_MKC_d12;27200;INTARIAN_PEPPER_ROOT;10620;18;10618;18;;;10632;11;10636;24;;;10626.0;0.0
yf_MKC_d12;27300;ASH_COATED_OSMIUM;9924;17;9922;18;;;9930;25;9934;29;;;9927.0;0.0
yf_MKC_d12;27300;INTARIAN_PEPPER_ROOT;10621;11;10617;12;;;10627;16;10630;19;;;10624.0;0.0
yf_MKC_d12;27400;ASH_COATED_OSMIUM;9924;15;9922;27;;;9931;17;9933;17;;;9927.5;0.0
yf_MKC_d12;27400;INTARIAN_PEPPER_ROOT;10619;19;10617;22;;;10625;17;10629;13;;;10622.0;0.0
yf_MKC_d12;27500;ASH_COATED_OSMIUM;9924;11;9922;18;;;9930;19;9934;13;;;9927.0;0.0
yf_MKC_d12;27500;INTARIAN_PEPPER_ROOT;10617;12;10614;14;;;10623;8;10625;14;;;10620.0;0.0
yf_MKC_d12;27600;ASH_COATED_OSMIUM;9914;14;9912;26;;;9943;15;9945;27;;;9928.5;0.0
yf_MKC_d12;27600;INTARIAN_PEPPER_ROOT;10614;12;10612;20;;;10620;13;10623;18;;;10617.0;0.0
yf_MKC_d12;27700;ASH_COATED_OSMIUM;9925;17;9922;20;;;9931;14;9933;19;;;9928.0;0.0
yf_MKC_d12;27700;INTARIAN_PEPPER_ROOT;10606;14;10602;13;;;10625;17;10629;24;;;10615.5;0.0
yf_MKC_d12;27800;ASH_COATED_OSMIUM;9924;18;9921;17;;;9932;12;9935;20;;;9928.0;0.0
yf_MKC_d12;27800;INTARIAN_PEPPER_ROOT;10611;8;10607;14;;;10617;8;10619;21;;;10614.0;0.0
yf_MKC_d12;27900;ASH_COATED_OSMIUM;9925;26;9922;21;;;9931;9;9933;21;;;9928.0;0.0
yf_MKC_d12;27900;INTARIAN_PEPPER_ROOT;10605;18;10603;16;;;10619;18;10621;12;;;10612.0;0.0
yf_MKC_d12;28000;ASH_COATED_OSMIUM;9926;15;9922;22;;;9932;12;9936;28;;;9929.0;0.0
yf_MKC_d12;28000;INTARIAN_PEPPER_ROOT;10607;14;10604;23;;;10613;14;10615;18;;;10610.0;0.0
yf_MKC_d12;28100;ASH_COATED_OSMIUM;9925;18;9923;8;;;9931;7;9935;13;;;9928.0;0.0
yf_MKC_d12;28100;INTARIAN_PEPPER_ROOT;10604;25;10602;14;;;10613;7;10615;24;;;10608.5;0.0
yf_MKC_d12;28200;ASH_COATED_OSMIUM;9926;13;9924;21;;;9932;7;9934;30;;;9929.0;0.0
yf_MKC_d12;28200;INTARIAN_PEPPER_ROOT;10597;16;10595;21;;;10617;18;10619;21;;;10607.0;0.0
yf_MKC_d12;28300;ASH_COATED_OSMIUM;9925;12;9921;17;;;9931;24;9935;14;;;9928.0;0.0
yf_MKC_d12;28300;INTARIAN_PEPPER_ROOT;10601;17;10597;12;;;10610;18;10614;14;;;10605.5;0.0
yf_MKC_d12;28400;ASH_COATED_OSMIUM;9921;19;9919;26;;;9935;10;9937;17;;;9928.0;0.0
yf_MKC_d12;28400;INTARIAN_PEPPER_ROOT;10600;16;10597;19;;;10606;16;10609;20;;;10603.0;0.0
yf_MKC_d12;28500;ASH_COATED_OSMIUM;9925;12;9923;23;;;9931;15;9935;22;;;9928.0;0.0
yf_MKC_d12;28500;INTARIAN_PEPPER_ROOT;10598;18;10595;26;;;10604;26;10608;14;;;10601.0;0.0
yf_MKC_d12;28600;ASH_COATED_OSMIUM;9925;5;9923;19;;;9931;11;9934;17;;;9928.0;0.0
yf_MKC_d12;28600;INTARIAN_PEPPER_ROOT;10596;16;10593;28;;;10602;20;10606;19;;;10599.0;0.0
yf_MKC_d12;28700;ASH_COATED_OSMIUM;9920;16;9918;18;;;9937;14;9940;23;;;9928.5;0.0
yf_MKC_d12;28700;INTARIAN_PEPPER_ROOT;10594;22;10590;17;;;10600;9;10604;28;;;10597.0;0.0
yf_MKC_d12;28800;ASH_COATED_OSMIUM;9925;7;9923;22;;;9931;14;9935;22;;;9928.0;0.0
yf_MKC_d12;28800;INTARIAN_PEPPER_ROOT;10592;13;10590;14;;;10598;11;10600;26;;;10595.0;0.0
yf_MKC_d12;28900;ASH_COATED_OSMIUM;9923;16;9919;16;;;9935;17;9937;17;;;9929.0;0.0
yf_MKC_d12;28900;INTARIAN_PEPPER_ROOT;10589;7;10587;26;;;10597;18;10599;22;;;10593.0;0.0
yf_MKC_d12;29000;ASH_COATED_OSMIUM;9922;7;9919;21;;;9935;17;9939;19;;;9928.5;0.0
yf_MKC_d12;29000;INTARIAN_PEPPER_ROOT;10587;14;10583;23;;;10596;11;10600;22;;;10591.5;0.0
yf_MKC_d12;29100;ASH_COATED_OSMIUM;9926;16;9924;27;;;9932;18;9935;21;;;9929.0;0.0
yf_MKC_d12;29100;INTARIAN_PEPPER_ROOT;10586;17;10582;20;;;10592;19;10594;16;;;10589.0;0.0
yf_MKC_d12;29200;ASH_COATED_OSMIUM;9926;22;9922;13;;;9932;8;9936;10;;;9929.0;0.0
yf_MKC_d12;29200;INTARIAN_PEPPER_ROOT;10584;17;10580;25;;;10590;5;10594;19;;;10587.0;0.0
yf_MKC_d12;29300;ASH_COATED_OSMIUM;9923;14;9919;24;;;9936;17;9939;19;;;9929.5;0.0
yf_MKC_d12;29300;INTARIAN_PEPPER_ROOT;10572;19;10568;20;;;10598;5;10600;23;;;10585.0;0.0
yf_MKC_d12;29400;ASH_COATED_OSMIUM;9921;16;9918;23;;;9937;16;9940;25;;;9929.0;0.0
yf_MKC_d12;29400;INTARIAN_PEPPER_ROOT;10580;10;10577;19;;;10586;10;10588;21;;;10583.0;0.0
yf_MKC_d12;29500;ASH_COATED_OSMIUM;9926;6;9923;23;;;9932;14;9934;17;;;9929.0;0.0
yf_MKC_d12;29500;INTARIAN_PEPPER_ROOT;10579;15;10576;16;;;10585;11;10587;17;;;10582.0;0.0
yf_MKC_d12;29600;ASH_COATED_OSMIUM;9926;23;9923;17;;;9933;17;9936;25;;;9929.5;0.0
yf_MKC_d12;29600;INTARIAN_PEPPER_ROOT;10577;22;10575;23;;;10583;30;10586;14;;;10580.0;0.0
yf_MKC_d12;29700;ASH_COATED_OSMIUM;9926;11;9924;16;;;9932;14;9934;18;;;9929.0;0.0
yf_MKC_d12;29700;INTARIAN_PEPPER_ROOT;10574;11;10571;13;;;10580;19;10584;25;;;10577.0;0.0
yf_MKC_d12;29800;ASH_COATED_OSMIUM;9923;25;9919;18;;;9936;24;9938;9;;;9929.5;0.0
yf_MKC_d12;29800;INTARIAN_PEPPER_ROOT;10573;14;10571;22;;;10579;11;10582;23;;;10576.0;0.0
yf_MKC_d12;29900;ASH_COATED_OSMIUM;9926;19;9922;18;;;9932;13;9935;14;;;9929.0;0.0
yf_MKC_d12;29900;INTARIAN_PEPPER_ROOT;10570;20;10567;21;;;10577;16;10580;27;;;10573.5;0.0
yf_MKC_d12;30000;ASH_COATED_OSMIUM;9926;20;9924;10;;;9934;19;9938;25;;;9930.0;0.0
yf_MKC_d12;30000;INTARIAN_PEPPER_ROOT;10568;26;10565;21;;;10574;16;10577;19;;;10571.0;0.0
yf_MKC_d12;30100;ASH_COATED_OSMIUM;9922;9;9919;18;;;9938;17;9942;15;;;9930.0;0.0
yf_MKC_d12;30100;INTARIAN_PEPPER_ROOT;10566;11;10562;24;;;10572;16;10574;14;;;10569.0;0.0
yf_MKC_d12;30200;ASH_COATED_OSMIUM;9921;13;9917;26;;;9938;14;9941;23;;;9929.5;0.0
yf_MKC_d12;30200;INTARIAN_PEPPER_ROOT;10565;27;10563;24;;;10571;8;10573;19;;;10568.0;0.0
yf_MKC_d12;30300;ASH_COATED_OSMIUM;9923;12;9921;18;;;9936;23;9939;20;;;9929.5;0.0
yf_MKC_d12;30300;INTARIAN_PEPPER_ROOT;10560;11;10556;20;;;10571;18;10573;27;;;10565.5;0.0
yf_MKC_d12;30400;ASH_COATED_OSMIUM;9924;9;9920;17;;;9936;21;9938;17;;;9930.0;0.0
yf_MKC_d12;30400;INTARIAN_PEPPER_ROOT;10561;12;10558;22;;;10567;5;10571;21;;;10564.0;0.0
yf_MKC_d12;30500;ASH_COATED_OSMIUM;9920;14;9916;23;;;9939;17;9943;22;;;9929.5;0.0
yf_MKC_d12;30500;INTARIAN_PEPPER_ROOT;10559;10;10555;23;;;10565;6;10569;16;;;10562.0;0.0
yf_MKC_d12;30600;ASH_COATED_OSMIUM;9927;25;9924;19;;;9933;14;9935;24;;;9930.0;0.0
yf_MKC_d12;30600;INTARIAN_PEPPER_ROOT;10557;5;10553;18;;;10563;10;10566;28;;;10560.0;0.0
yf_MKC_d12;30700;ASH_COATED_OSMIUM;9925;11;9921;21;;;9935;14;9939;22;;;9930.0;0.0
yf_MKC_d12;30700;INTARIAN_PEPPER_ROOT;10555;13;10551;24;;;10562;17;10566;15;;;10558.5;0.0
yf_MKC_d12;30800;ASH_COATED_OSMIUM;9926;11;9924;18;;;9933;17;9936;17;;;9929.5;0.0
yf_MKC_d12;30800;INTARIAN_PEPPER_ROOT;10553;10;10550;24;;;10559;21;10563;19;;;10556.0;0.0
yf_MKC_d12;30900;ASH_COATED_OSMIUM;9927;16;9925;13;;;9933;19;9935;24;;;9930.0;0.0
yf_MKC_d12;30900;INTARIAN_PEPPER_ROOT;10533;17;10529;23;;;10576;19;10579;11;;;10554.5;0.0
yf_MKC_d12;31000;ASH_COATED_OSMIUM;9927;17;9924;18;;;9933;17;9937;27;;;9930.0;0.0
yf_MKC_d12;31000;INTARIAN_PEPPER_ROOT;10549;5;10547;15;;;10555;17;10558;26;;;10552.0;0.0
yf_MKC_d12;31100;ASH_COATED_OSMIUM;9924;16;9920;13;;;9936;15;9940;28;;;9930.0;0.0
yf_MKC_d12;31100;INTARIAN_PEPPER_ROOT;10544;12;10542;15;;;10558;7;10560;26;;;10551.0;0.0
yf_MKC_d12;31200;ASH_COATED_OSMIUM;9927;7;9924;14;;;9933;15;9936;15;;;9930.0;0.0
yf_MKC_d12;31200;INTARIAN_PEPPER_ROOT;10541;18;10538;24;;;10556;19;10560;13;;;10548.5;0.0
yf_MKC_d12;31300;ASH_COATED_OSMIUM;9925;16;9921;13;;;9935;9;9937;23;;;9930.0;0.0
yf_MKC_d12;31300;INTARIAN_PEPPER_ROOT;10538;20;10536;14;;;10555;9;10558;16;;;10546.5;0.0
yf_MKC_d12;31400;ASH_COATED_OSMIUM;9928;25;9925;19;;;9934;19;9936;23;;;9931.0;0.0
yf_MKC_d12;31400;INTARIAN_PEPPER_ROOT;10542;23;10538;12;;;10548;12;10550;22;;;10545.0;0.0
yf_MKC_d12;31500;ASH_COATED_OSMIUM;9927;25;9924;14;;;9933;11;9935;15;;;9930.0;0.0
yf_MKC_d12;31500;INTARIAN_PEPPER_ROOT;10540;15;10538;24;;;10546;15;10548;16;;;10543.0;0.0
yf_MKC_d12;31600;ASH_COATED_OSMIUM;9928;13;9924;18;;;9934;18;9936;20;;;9931.0;0.0
yf_MKC_d12;31600;INTARIAN_PEPPER_ROOT;10538;13;10535;27;;;10544;16;10548;14;;;10541.0;0.0
yf_MKC_d12;31700;ASH_COATED_OSMIUM;9926;15;9924;16;;;9936;13;9940;26;;;9931.0;0.0
yf_MKC_d12;31700;INTARIAN_PEPPER_ROOT;10536;20;10533;24;;;10542;21;10545;12;;;10539.0;0.0
yf_MKC_d12;31800;ASH_COATED_OSMIUM;9928;16;9925;19;;;9934;19;9937;22;;;9931.0;0.0
yf_MKC_d12;31800;INTARIAN_PEPPER_ROOT;10531;17;10528;17;;;10542;23;10544;21;;;10536.5;0.0
yf_MKC_d12;31900;ASH_COATED_OSMIUM;9928;13;9925;21;;;9934;18;9936;29;;;9931.0;0.0
yf_MKC_d12;31900;INTARIAN_PEPPER_ROOT;10532;15;10528;12;;;10538;14;10541;18;;;10535.0;0.0
yf_MKC_d12;32000;ASH_COATED_OSMIUM;9928;9;9924;20;;;9934;18;9937;25;;;9931.0;0.0
yf_MKC_d12;32000;INTARIAN_PEPPER_ROOT;10529;15;10525;22;;;10535;24;10537;13;;;10532.0;0.0
yf_MKC_d12;32100;ASH_COATED_OSMIUM;9922;12;9920;13;;;9940;20;9943;12;;;9931.0;0.0
yf_MKC_d12;32100;INTARIAN_PEPPER_ROOT;10528;15;10524;23;;;10534;23;10538;31;;;10531.0;0.0
yf_MKC_d12;32200;ASH_COATED_OSMIUM;9923;13;9919;21;;;9939;5;9941;20;;;9931.0;0.0
yf_MKC_d12;32200;INTARIAN_PEPPER_ROOT;10526;9;10524;17;;;10533;18;10537;15;;;10529.5;0.0
yf_MKC_d12;32300;ASH_COATED_OSMIUM;9928;22;9926;22;;;9934;19;9938;22;;;9931.0;0.0
yf_MKC_d12;32300;INTARIAN_PEPPER_ROOT;10524;15;10520;21;;;10530;9;10532;14;;;10527.0;0.0
yf_MKC_d12;32400;ASH_COATED_OSMIUM;9928;21;9925;14;;;9934;15;9938;23;;;9931.0;0.0
yf_MKC_d12;32400;INTARIAN_PEPPER_ROOT;10523;16;10520;13;;;10529;10;10532;22;;;10526.0;0.0
yf_MKC_d12;32500;ASH_COATED_OSMIUM;9928;19;9925;21;;;9934;16;9936;24;;;9931.0;0.0
yf_MKC_d12;32500;INTARIAN_PEPPER_ROOT;10521;30;10517;16;;;10527;12;10529;19;;;10524.0;0.0
yf_MKC_d12;32600;ASH_COATED_OSMIUM;9926;20;9924;27;;;9937;20;9940;18;;;9931.5;0.0
yf_MKC_d12;32600;INTARIAN_PEPPER_ROOT;10518;17;10514;17;;;10524;12;10526;19;;;10521.0;0.0
yf_MKC_d12;32700;ASH_COATED_OSMIUM;9928;14;9924;21;;;9934;12;9937;18;;;9931.0;0.0
yf_MKC_d12;32700;INTARIAN_PEPPER_ROOT;10515;17;10513;21;;;10524;22;10528;12;;;10519.5;0.0
yf_MKC_d12;32800;ASH_COATED_OSMIUM;9928;17;9925;24;;;9934;14;9938;19;;;9931.0;0.0
yf_MKC_d12;32800;INTARIAN_PEPPER_ROOT;10512;16;10510;13;;;10524;21;10528;20;;;10518.0;0.0
yf_MKC_d12;32900;ASH_COATED_OSMIUM;9925;15;9922;23;;;9938;9;9941;17;;;9931.5;0.0
yf_MKC_d12;32900;INTARIAN_PEPPER_ROOT;10513;13;10511;17;;;10519;18;10523;21;;;10516.0;0.0
yf_MKC_d12;33000;ASH_COATED_OSMIUM;9920;10;9917;27;;;9944;20;9946;21;;;9932.0;0.0
yf_MKC_d12;33000;INTARIAN_PEPPER_ROOT;10511;10;10509;10;;;10517;19;10520;13;;;10514.0;0.0
yf_MKC_d12;33100;ASH_COATED_OSMIUM;9928;22;9924;21;;;9936;5;9939;18;;;9932.0;0.0
yf_MKC_d12;33100;INTARIAN_PEPPER_ROOT;10504;14;10500;18;;;10520;15;10523;14;;;10512.0;0.0
yf_MKC_d12;33200;ASH_COATED_OSMIUM;9921;17;9919;24;;;9943;19;9946;23;;;9932.0;0.0
yf_MKC_d12;33200;INTARIAN_PEPPER_ROOT;10506;19;10503;22;;;10512;12;10514;32;;;10509.0;0.0
yf_MKC_d12;33300;ASH_COATED_OSMIUM;9927;18;9923;11;;;9937;14;9941;31;;;9932.0;0.0
yf_MKC_d12;33300;INTARIAN_PEPPER_ROOT;10499;8;10495;25;;;10517;17;10519;16;;;10508.0;0.0
yf_MKC_d12;33400;ASH_COATED_OSMIUM;9929;16;9927;22;;;9935;20;9939;12;;;9932.0;0.0
yf_MKC_d12;33400;INTARIAN_PEPPER_ROOT;10501;7;10498;20;;;10511;11;10513;20;;;10506.0;0.0
yf_MKC_d12;33500;ASH_COATED_OSMIUM;9929;10;9925;28;;;9935;17;9938;18;;;9932.0;0.0
yf_MKC_d12;33500;INTARIAN_PEPPER_ROOT;10501;11;10497;11;;;10507;9;10511;21;;;10504.0;0.0
yf_MKC_d12;33600;ASH_COATED_OSMIUM;9929;20;9927;25;;;9935;17;9939;16;;;9932.0;0.0
yf_MKC_d12;33600;INTARIAN_PEPPER_ROOT;10500;15;10497;16;;;10506;18;10510;16;;;10503.0;0.0
yf_MKC_d12;33700;ASH_COATED_OSMIUM;9929;11;9927;22;;;9936;19;9940;26;;;9932.5;0.0
yf_MKC_d12;33700;INTARIAN_PEPPER_ROOT;10497;14;10495;27;;;10503;5;10506;17;;;10500.0;0.0
yf_MKC_d12;33800;ASH_COATED_OSMIUM;9929;13;9926;22;;;9936;13;9939;21;;;9932.5;0.0
yf_MKC_d12;33800;INTARIAN_PEPPER_ROOT;10495;14;10491;18;;;10501;20;10503;19;;;10498.0;0.0
yf_MKC_d12;33900;ASH_COATED_OSMIUM;9914;17;9912;20;;;9950;14;9954;32;;;9932.0;0.0
yf_MKC_d12;33900;INTARIAN_PEPPER_ROOT;10494;16;10491;24;;;10500;17;10502;20;;;10497.0;0.0
yf_MKC_d12;34000;ASH_COATED_OSMIUM;9924;16;9922;20;;;9941;16;9945;17;;;9932.5;0.0
yf_MKC_d12;34000;INTARIAN_PEPPER_ROOT;10497;23;10495;13;;;10503;11;10507;18;;;10500.0;0.0
yf_MKC_d12;34100;ASH_COATED_OSMIUM;9925;19;9921;21;;;9939;10;9941;23;;;9932.0;0.0
yf_MKC_d12;34100;INTARIAN_PEPPER_ROOT;10501;12;10497;23;;;10507;13;10511;21;;;10504.0;0.0
yf_MKC_d12;34200;ASH_COATED_OSMIUM;9929;17;9925;15;;;9935;13;9939;20;;;9932.0;0.0
yf_MKC_d12;34200;INTARIAN_PEPPER_ROOT;10502;8;10499;21;;;10514;14;10518;18;;;10508.0;0.0
yf_MKC_d12;34300;ASH_COATED_OSMIUM;9927;10;9923;11;;;9937;12;9939;19;;;9932.0;0.0
yf_MKC_d12;34300;INTARIAN_PEPPER_ROOT;10507;19;10504;21;;;10513;19;10517;29;;;10510.0;0.0
yf_MKC_d12;34400;ASH_COATED_OSMIUM;9929;17;9926;34;;;9935;23;9938;13;;;9932.0;0.0
yf_MKC_d12;34400;INTARIAN_PEPPER_ROOT;10509;12;10505;14;;;10519;14;10521;17;;;10514.0;0.0
yf_MKC_d12;34500;ASH_COATED_OSMIUM;9929;16;9925;14;;;9935;15;9938;17;;;9932.0;0.0
yf_MKC_d12;34500;INTARIAN_PEPPER_ROOT;10515;17;10511;23;;;10521;20;10524;20;;;10518.0;0.0
yf_MKC_d12;34600;ASH_COATED_OSMIUM;9929;12;9926;17;;;9935;17;9939;21;;;9932.0;0.0
yf_MKC_d12;34600;INTARIAN_PEPPER_ROOT;10517;20;10513;30;;;10524;12;10526;16;;;10520.5;0.0
yf_MKC_d12;34700;ASH_COATED_OSMIUM;9928;22;9926;15;;;9934;9;9938;17;;;9931.0;0.0
yf_MKC_d12;34700;INTARIAN_PEPPER_ROOT;10522;17;10519;26;;;10528;15;10531;27;;;10525.0;0.0
yf_MKC_d12;34800;ASH_COATED_OSMIUM;9929;22;9925;19;;;9935;5;9939;19;;;9932.0;0.0
yf_MKC_d12;34800;INTARIAN_PEPPER_ROOT;10525;18;10523;27;;;10532;14;10536;23;;;10528.5;0.0
yf_MKC_d12;34900;ASH_COATED_OSMIUM;9928;16;9925;22;;;9934;8;9937;24;;;9931.0;0.0
yf_MKC_d12;34900;INTARIAN_PEPPER_ROOT;10528;9;10525;27;;;10537;7;10541;30;;;10532.5;0.0
yf_MKC_d12;35000;ASH_COATED_OSMIUM;9928;6;9924;18;;;9934;18;9936;17;;;9931.0;0.0
yf_MKC_d12;35000;INTARIAN_PEPPER_ROOT;10533;14;10531;22;;;10540;12;10542;16;;;10536.5;0.0
yf_MKC_d12;35100;ASH_COATED_OSMIUM;9928;19;9926;20;;;9934;12;9938;24;;;9931.0;0.0
yf_MKC_d12;35100;INTARIAN_PEPPER_ROOT;10537;15;10535;22;;;10543;18;10545;32;;;10540.0;0.0
yf_MKC_d12;35200;ASH_COATED_OSMIUM;9922;24;9920;19;;;9939;15;9943;18;;;9930.5;0.0
yf_MKC_d12;35200;INTARIAN_PEPPER_ROOT;10531;15;10527;19;;;10557;19;10559;30;;;10544.0;0.0
yf_MKC_d12;35300;ASH_COATED_OSMIUM;9926;5;9923;16;;;9936;19;9939;19;;;9931.0;0.0
yf_MKC_d12;35300;INTARIAN_PEPPER_ROOT;10544;15;10540;18;;;10550;14;10554;22;;;10547.0;0.0
yf_MKC_d12;35400;ASH_COATED_OSMIUM;9928;17;9924;23;;;9934;18;9938;30;;;9931.0;0.0
yf_MKC_d12;35400;INTARIAN_PEPPER_ROOT;10539;15;10535;23;;;10562;12;10566;23;;;10550.5;0.0
yf_MKC_d12;35500;ASH_COATED_OSMIUM;9928;9;9924;25;;;9934;16;9936;18;;;9931.0;0.0
yf_MKC_d12;35500;INTARIAN_PEPPER_ROOT;10542;23;10540;22;;;10565;22;10567;15;;;10553.5;0.0
yf_MKC_d12;35600;ASH_COATED_OSMIUM;9927;18;9923;23;;;9935;15;9938;25;;;9931.0;0.0
yf_MKC_d12;35600;INTARIAN_PEPPER_ROOT;10554;26;10550;20;;;10562;11;10564;19;;;10558.0;0.0
yf_MKC_d12;35700;ASH_COATED_OSMIUM;9926;8;9922;29;;;9935;13;9937;26;;;9930.5;0.0
yf_MKC_d12;35700;INTARIAN_PEPPER_ROOT;10555;12;10551;18;;;10566;14;10568;20;;;10560.5;0.0
yf_MKC_d12;35800;ASH_COATED_OSMIUM;9923;20;9919;29;;;9937;10;9939;16;;;9930.0;0.0
yf_MKC_d12;35800;INTARIAN_PEPPER_ROOT;10560;12;10556;18;;;10571;10;10574;15;;;10565.5;0.0
yf_MKC_d12;35900;ASH_COATED_OSMIUM;9928;23;9925;19;;;9934;22;9936;31;;;9931.0;0.0
yf_MKC_d12;35900;INTARIAN_PEPPER_ROOT;10563;10;10560;26;;;10575;12;10577;17;;;10569.0;0.0
yf_MKC_d12;36000;ASH_COATED_OSMIUM;9927;14;9925;18;;;9933;17;9937;20;;;9930.0;0.0
yf_MKC_d12;36000;INTARIAN_PEPPER_ROOT;10567;13;10565;14;;;10577;19;10580;21;;;10572.0;0.0
yf_MKC_d12;36100;ASH_COATED_OSMIUM;9927;20;9925;22;;;9933;14;9936;17;;;9930.0;0.0
yf_MKC_d12;36100;INTARIAN_PEPPER_ROOT;10573;5;10569;21;;;10579;21;10581;27;;;10576.0;0.0
yf_MKC_d12;36200;ASH_COATED_OSMIUM;9924;11;9922;16;;;9935;11;9939;26;;;9929.5;0.0
yf_MKC_d12;36200;INTARIAN_PEPPER_ROOT;10576;13;10574;21;;;10582;21;10586;12;;;10579.0;0.0
yf_MKC_d12;36300;ASH_COATED_OSMIUM;9924;11;9921;20;;;9936;13;9939;21;;;9930.0;0.0
yf_MKC_d12;36300;INTARIAN_PEPPER_ROOT;10580;14;10576;16;;;10586;24;10589;22;;;10583.0;0.0
yf_MKC_d12;36400;ASH_COATED_OSMIUM;9927;10;9923;24;;;9933;7;9935;35;;;9930.0;0.0
yf_MKC_d12;36400;INTARIAN_PEPPER_ROOT;10575;12;10572;22;;;10598;10;10601;20;;;10586.5;0.0
yf_MKC_d12;36500;ASH_COATED_OSMIUM;9928;15;9926;17;;;9934;8;9936;17;;;9931.0;0.0
yf_MKC_d12;36500;INTARIAN_PEPPER_ROOT;10587;13;10583;22;;;10593;20;10597;11;;;10590.0;0.0
yf_MKC_d12;36600;ASH_COATED_OSMIUM;9927;18;9924;19;;;9933;9;9935;23;;;9930.0;0.0
yf_MKC_d12;36600;INTARIAN_PEPPER_ROOT;10590;17;10587;9;;;10597;18;10599;17;;;10593.5;0.0
yf_MKC_d12;36700;ASH_COATED_OSMIUM;9926;13;9922;31;;;9934;9;9936;20;;;9930.0;0.0
yf_MKC_d12;36700;INTARIAN_PEPPER_ROOT;10588;5;10586;8;;;10607;15;10609;15;;;10597.5;0.0
yf_MKC_d12;36800;ASH_COATED_OSMIUM;9927;11;9925;14;;;9933;18;9935;28;;;9930.0;0.0
yf_MKC_d12;36800;INTARIAN_PEPPER_ROOT;10598;16;10594;22;;;10605;20;10607;23;;;10601.5;0.0
yf_MKC_d12;36900;ASH_COATED_OSMIUM;9924;9;9921;18;;;9934;12;9936;20;;;9929.0;0.0
yf_MKC_d12;36900;INTARIAN_PEPPER_ROOT;10602;14;10598;24;;;10608;16;10612;14;;;10605.0;0.0
yf_MKC_d12;37000;ASH_COATED_OSMIUM;9924;9;9921;17;;;9935;22;9938;19;;;9929.5;0.0
yf_MKC_d12;37000;INTARIAN_PEPPER_ROOT;10605;5;10603;20;;;10611;12;10615;25;;;10608.0;0.0
yf_MKC_d12;37100;ASH_COATED_OSMIUM;9927;5;9925;21;;;9933;20;9936;14;;;9930.0;0.0
yf_MKC_d12;37100;INTARIAN_PEPPER_ROOT;10607;22;10605;29;;;10618;12;10622;23;;;10612.5;0.0
yf_MKC_d12;37200;ASH_COATED_OSMIUM;9926;17;9923;17;;;9932;23;9935;19;;;9929.0;0.0
yf_MKC_d12;37200;INTARIAN_PEPPER_ROOT;10612;13;10608;13;;;10618;18;10622;20;;;10615.0;0.0
yf_MKC_d12;37300;ASH_COATED_OSMIUM;9927;5;9923;22;;;9933;13;9937;20;;;9930.0;0.0
yf_MKC_d12;37300;INTARIAN_PEPPER_ROOT;10616;16;10613;26;;;10622;18;10626;28;;;10619.0;0.0
yf_MKC_d12;37400;ASH_COATED_OSMIUM;9926;7;9923;24;;;9932;5;9934;18;;;9929.0;0.0
yf_MKC_d12;37400;INTARIAN_PEPPER_ROOT;10614;12;10610;10;;;10631;11;10634;25;;;10622.5;0.0
yf_MKC_d12;37500;ASH_COATED_OSMIUM;9925;15;9922;24;;;9934;6;9936;25;;;9929.5;0.0
yf_MKC_d12;37500;INTARIAN_PEPPER_ROOT;10622;16;10619;18;;;10630;12;10633;14;;;10626.0;0.0
yf_MKC_d12;37600;ASH_COATED_OSMIUM;9926;10;9923;14;;;9932;20;9936;24;;;9929.0;0.0
yf_MKC_d12;37600;INTARIAN_PEPPER_ROOT;10627;14;10625;12;;;10634;17;10638;27;;;10630.5;0.0
yf_MKC_d12;37700;ASH_COATED_OSMIUM;9926;14;9922;14;;;9932;16;9936;18;;;9929.0;0.0
yf_MKC_d12;37700;INTARIAN_PEPPER_ROOT;10630;17;10626;13;;;10636;21;10640;26;;;10633.0;0.0
yf_MKC_d12;37800;ASH_COATED_OSMIUM;9926;12;9922;20;;;9932;15;9934;14;;;9929.0;0.0
yf_MKC_d12;37800;INTARIAN_PEPPER_ROOT;10623;16;10619;30;;;10651;7;10654;19;;;10637.0;0.0
yf_MKC_d12;37900;ASH_COATED_OSMIUM;9926;15;9922;22;;;9932;16;9935;18;;;9929.0;0.0
yf_MKC_d12;37900;INTARIAN_PEPPER_ROOT;10635;18;10633;18;;;10645;8;10648;22;;;10640.0;0.0
yf_MKC_d12;38000;ASH_COATED_OSMIUM;9918;15;9915;23;;;9940;14;9942;17;;;9929.0;0.0
yf_MKC_d12;38000;INTARIAN_PEPPER_ROOT;10639;19;10636;20;;;10649;10;10653;12;;;10644.0;0.0
yf_MKC_d12;38100;ASH_COATED_OSMIUM;9926;13;9922;20;;;9932;16;9936;11;;;9929.0;0.0
yf_MKC_d12;38100;INTARIAN_PEPPER_ROOT;10645;11;10641;24;;;10651;18;10654;24;;;10648.0;0.0
yf_MKC_d12;38200;ASH_COATED_OSMIUM;9925;12;9922;12;;;9931;17;9935;22;;;9928.0;0.0
yf_MKC_d12;38200;INTARIAN_PEPPER_ROOT;10648;11;10646;17;;;10654;5;10656;15;;;10651.0;0.0
yf_MKC_d12;38300;ASH_COATED_OSMIUM;9924;7;9922;17;;;9933;14;9936;20;;;9928.5;0.0
yf_MKC_d12;38300;INTARIAN_PEPPER_ROOT;10653;12;10649;21;;;10659;15;10661;13;;;10656.0;0.0
yf_MKC_d12;38400;ASH_COATED_OSMIUM;9925;17;9922;18;;;9931;14;9935;20;;;9928.0;0.0
yf_MKC_d12;38400;INTARIAN_PEPPER_ROOT;10655;20;10653;22;;;10661;6;10664;18;;;10658.0;0.0
yf_MKC_d12;38500;ASH_COATED_OSMIUM;9925;9;9921;26;;;9931;21;9934;19;;;9928.0;0.0
yf_MKC_d12;38500;INTARIAN_PEPPER_ROOT;10659;20;10656;26;;;10665;6;10669;25;;;10662.0;0.0
yf_MKC_d12;38600;ASH_COATED_OSMIUM;9917;9;9915;20;;;9939;12;9941;17;;;9928.0;0.0
yf_MKC_d12;38600;INTARIAN_PEPPER_ROOT;10659;17;10657;20;;;10672;20;10676;10;;;10665.5;0.0
yf_MKC_d12;38700;ASH_COATED_OSMIUM;9923;14;9921;20;;;9933;14;9935;8;;;9928.0;0.0
yf_MKC_d12;38700;INTARIAN_PEPPER_ROOT;10667;17;10664;18;;;10673;23;10676;20;;;10670.0;0.0
yf_MKC_d12;38800;ASH_COATED_OSMIUM;9925;21;9923;17;;;9931;11;9935;17;;;9928.0;0.0
yf_MKC_d12;38800;INTARIAN_PEPPER_ROOT;10664;17;10660;9;;;10683;9;10687;12;;;10673.5;0.0
yf_MKC_d12;38900;ASH_COATED_OSMIUM;9925;12;9922;28;;;9931;19;9934;23;;;9928.0;0.0
yf_MKC_d12;38900;INTARIAN_PEPPER_ROOT;10661;7;10659;21;;;10693;9;10696;26;;;10677.0;0.0
yf_MKC_d12;39000;ASH_COATED_OSMIUM;9925;10;9921;23;;;9931;20;9933;22;;;9928.0;0.0
yf_MKC_d12;39000;INTARIAN_PEPPER_ROOT;10677;15;10674;15;;;10683;24;10685;20;;;10680.0;0.0
yf_MKC_d12;39100;ASH_COATED_OSMIUM;9920;8;9918;19;;;9936;10;9938;20;;;9928.0;0.0
yf_MKC_d12;39100;INTARIAN_PEPPER_ROOT;10674;13;10671;10;;;10693;17;10697;28;;;10683.5;0.0
yf_MKC_d12;39200;ASH_COATED_OSMIUM;9925;14;9923;20;;;9931;10;9933;24;;;9928.0;0.0
yf_MKC_d12;39200;INTARIAN_PEPPER_ROOT;10678;16;10675;21;;;10697;14;10701;25;;;10687.5;0.0
yf_MKC_d12;39300;ASH_COATED_OSMIUM;9925;13;9922;25;;;9931;9;9934;34;;;9928.0;0.0
yf_MKC_d12;39300;INTARIAN_PEPPER_ROOT;10688;17;10686;13;;;10695;12;10699;22;;;10691.5;0.0
yf_MKC_d12;39400;ASH_COATED_OSMIUM;9924;25;9922;14;;;9930;15;9933;17;;;9927.0;0.0
yf_MKC_d12;39400;INTARIAN_PEPPER_ROOT;10692;8;10688;20;;;10698;9;10700;11;;;10695.0;0.0
yf_MKC_d12;39500;ASH_COATED_OSMIUM;9924;12;9920;26;;;9930;15;9932;22;;;9927.0;0.0
yf_MKC_d12;39500;INTARIAN_PEPPER_ROOT;10695;5;10691;17;;;10701;15;10705;11;;;10698.0;0.0
yf_MKC_d12;39600;ASH_COATED_OSMIUM;9920;10;9918;24;;;9936;13;9940;22;;;9928.0;0.0
yf_MKC_d12;39600;INTARIAN_PEPPER_ROOT;10698;24;10696;22;;;10704;24;10706;16;;;10701.0;0.0
yf_MKC_d12;39700;ASH_COATED_OSMIUM;9924;12;9920;17;;;9930;15;9933;19;;;9927.0;0.0
yf_MKC_d12;39700;INTARIAN_PEPPER_ROOT;10703;15;10700;22;;;10709;16;10713;21;;;10706.0;0.0
yf_MKC_d12;39800;ASH_COATED_OSMIUM;9923;9;9919;30;;;9930;10;9933;23;;;9926.5;0.0
yf_MKC_d12;39800;INTARIAN_PEPPER_ROOT;10703;16;10700;19;;;10713;19;10715;19;;;10708.0;0.0
yf_MKC_d12;39900;ASH_COATED_OSMIUM;9924;15;9920;30;;;9930;10;9934;21;;;9927.0;0.0
yf_MKC_d12;39900;INTARIAN_PEPPER_ROOT;10702;5;10700;25;;;10724;5;10726;20;;;10713.0;0.0
yf_MKC_d12;40000;ASH_COATED_OSMIUM;9924;15;9922;31;;;9930;10;9933;19;;;9927.0;0.0
yf_MKC_d12;40000;INTARIAN_PEPPER_ROOT;10710;6;10707;23;;;10724;18;10728;23;;;10717.0;0.0
yf_MKC_d12;40100;ASH_COATED_OSMIUM;9924;17;9920;25;;;9930;18;9932;22;;;9927.0;0.0
yf_MKC_d12;40100;INTARIAN_PEPPER_ROOT;10715;24;10713;12;;;10724;17;10728;24;;;10719.5;0.0
yf_MKC_d12;40200;ASH_COATED_OSMIUM;9924;11;9921;17;;;9930;22;9933;22;;;9927.0;0.0
yf_MKC_d12;40200;INTARIAN_PEPPER_ROOT;10720;14;10718;20;;;10726;10;10728;18;;;10723.0;0.0
yf_MKC_d12;40300;ASH_COATED_OSMIUM;9925;14;9922;22;;;9931;14;9934;16;;;9928.0;0.0
yf_MKC_d12;40300;INTARIAN_PEPPER_ROOT;10721;13;10718;17;;;10733;12;10735;19;;;10727.0;0.0
yf_MKC_d12;40400;ASH_COATED_OSMIUM;9924;19;9922;18;;;9930;13;9933;19;;;9927.0;0.0
yf_MKC_d12;40400;INTARIAN_PEPPER_ROOT;10725;6;10721;18;;;10737;5;10739;18;;;10731.0;0.0
yf_MKC_d12;40500;ASH_COATED_OSMIUM;9916;15;9913;17;;;9937;21;9940;15;;;9926.5;0.0
yf_MKC_d12;40500;INTARIAN_PEPPER_ROOT;10730;7;10727;16;;;10736;14;10739;17;;;10733.0;0.0
yf_MKC_d12;40600;ASH_COATED_OSMIUM;9924;15;9922;20;;;9930;6;9934;15;;;9927.0;0.0
yf_MKC_d12;40600;INTARIAN_PEPPER_ROOT;10734;13;10732;19;;;10740;10;10743;9;;;10737.0;0.0
yf_MKC_d12;40700;ASH_COATED_OSMIUM;9924;17;9920;19;;;9930;18;9932;31;;;9927.0;0.0
yf_MKC_d12;40700;INTARIAN_PEPPER_ROOT;10728;15;10724;22;;;10754;15;10756;21;;;10741.0;0.0
yf_MKC_d12;40800;ASH_COATED_OSMIUM;9923;16;9919;13;;;9930;14;9932;24;;;9926.5;0.0
yf_MKC_d12;40800;INTARIAN_PEPPER_ROOT;10742;23;10738;18;;;10748;10;10752;20;;;10745.0;0.0
yf_MKC_d12;40900;ASH_COATED_OSMIUM;9922;12;9918;15;;;9930;18;9932;24;;;9926.0;0.0
yf_MKC_d12;40900;INTARIAN_PEPPER_ROOT;10744;12;10741;27;;;10753;20;10756;22;;;10748.5;0.0
yf_MKC_d12;41000;ASH_COATED_OSMIUM;9921;14;9918;20;;;9930;17;9934;10;;;9925.5;0.0
yf_MKC_d12;41000;INTARIAN_PEPPER_ROOT;10749;24;10745;22;;;10755;10;10757;11;;;10752.0;0.0
yf_MKC_d12;41100;ASH_COATED_OSMIUM;9919;19;9916;20;;;9934;10;9937;23;;;9926.5;0.0
yf_MKC_d12;41100;INTARIAN_PEPPER_ROOT;10750;9;10748;8;;;10761;25;10763;21;;;10755.5;0.0
yf_MKC_d12;41200;ASH_COATED_OSMIUM;9915;17;9912;18;;;9937;12;9941;20;;;9926.0;0.0
yf_MKC_d12;41200;INTARIAN_PEPPER_ROOT;10756;16;10754;21;;;10762;14;10766;17;;;10759.0;0.0
yf_MKC_d12;41300;ASH_COATED_OSMIUM;9920;12;9916;17;;;9932;6;9935;23;;;9926.0;0.0
yf_MKC_d12;41300;INTARIAN_PEPPER_ROOT;10760;15;10758;14;;;10766;14;10769;23;;;10763.0;0.0
yf_MKC_d12;41400;ASH_COATED_OSMIUM;9922;13;9920;26;;;9929;14;9932;21;;;9925.5;0.0
yf_MKC_d12;41400;INTARIAN_PEPPER_ROOT;10763;18;10759;27;;;10769;11;10771;22;;;10766.0;0.0
yf_MKC_d12;41500;ASH_COATED_OSMIUM;9918;20;9915;19;;;9934;17;9938;25;;;9926.0;0.0
yf_MKC_d12;41500;INTARIAN_PEPPER_ROOT;10767;16;10765;16;;;10773;18;10775;10;;;10770.0;0.0
yf_MKC_d12;41600;ASH_COATED_OSMIUM;9922;12;9919;24;;;9928;12;9930;18;;;9925.0;0.0
yf_MKC_d12;41600;INTARIAN_PEPPER_ROOT;10771;14;10768;26;;;10777;17;10780;15;;;10774.0;0.0
yf_MKC_d12;41700;ASH_COATED_OSMIUM;9920;7;9918;21;;;9932;30;9934;15;;;9926.0;0.0
yf_MKC_d12;41700;INTARIAN_PEPPER_ROOT;10774;9;10771;22;;;10780;16;10783;10;;;10777.0;0.0
yf_MKC_d12;41800;ASH_COATED_OSMIUM;9919;5;9917;12;;;9931;12;9934;30;;;9925.0;0.0
yf_MKC_d12;41800;INTARIAN_PEPPER_ROOT;10774;20;10770;20;;;10787;18;10790;24;;;10780.5;0.0
yf_MKC_d12;41900;ASH_COATED_OSMIUM;9922;15;9920;22;;;9929;26;9932;14;;;9925.5;0.0
yf_MKC_d12;41900;INTARIAN_PEPPER_ROOT;10775;15;10771;17;;;10793;7;10795;24;;;10784.0;0.0
yf_MKC_d12;42000;ASH_COATED_OSMIUM;9922;17;9919;24;;;9928;17;9930;17;;;9925.0;0.0
yf_MKC_d12;42000;INTARIAN_PEPPER_ROOT;10785;13;10782;15;;;10791;11;10795;24;;;10788.0;0.0
yf_MKC_d12;42100;ASH_COATED_OSMIUM;9922;5;9919;14;;;9929;15;9932;17;;;9925.5;0.0
yf_MKC_d12;42100;INTARIAN_PEPPER_ROOT;10789;12;10785;15;;;10795;22;10799;22;;;10792.0;0.0
yf_MKC_d12;42200;ASH_COATED_OSMIUM;9922;16;9918;20;;;9928;8;9932;17;;;9925.0;0.0
yf_MKC_d12;42200;INTARIAN_PEPPER_ROOT;10792;14;10790;19;;;10798;21;10800;26;;;10795.0;0.0
yf_MKC_d12;42300;ASH_COATED_OSMIUM;9916;16;9912;22;;;9935;20;9939;24;;;9925.5;0.0
yf_MKC_d12;42300;INTARIAN_PEPPER_ROOT;10795;13;10793;23;;;10801;16;10804;18;;;10798.0;0.0
yf_MKC_d12;42400;ASH_COATED_OSMIUM;9918;22;9915;31;;;9932;21;9935;17;;;9925.0;0.0
yf_MKC_d12;42400;INTARIAN_PEPPER_ROOT;10799;15;10796;19;;;10805;12;10809;14;;;10802.0;0.0
yf_MKC_d12;42500;ASH_COATED_OSMIUM;9922;15;9919;21;;;9928;12;9931;26;;;9925.0;0.0
yf_MKC_d12;42500;INTARIAN_PEPPER_ROOT;10803;13;10800;18;;;10809;26;10812;26;;;10806.0;0.0
yf_MKC_d12;42600;ASH_COATED_OSMIUM;9915;12;9913;18;;;9935;19;9937;8;;;9925.0;0.0
yf_MKC_d12;42600;INTARIAN_PEPPER_ROOT;10807;20;10804;19;;;10813;22;10816;13;;;10810.0;0.0
yf_MKC_d12;42700;ASH_COATED_OSMIUM;9919;16;9916;30;;;9931;10;9935;23;;;9925.0;0.0
yf_MKC_d12;42700;INTARIAN_PEPPER_ROOT;10810;13;10807;15;;;10816;10;10818;20;;;10813.0;0.0
yf_MKC_d12;42800;ASH_COATED_OSMIUM;9920;24;9916;15;;;9929;9;9932;29;;;9924.5;0.0
yf_MKC_d12;42800;INTARIAN_PEPPER_ROOT;10814;22;10811;16;;;10820;6;10822;25;;;10817.0;0.0
yf_MKC_d12;42900;ASH_COATED_OSMIUM;9922;20;9919;24;;;9928;17;9930;19;;;9925.0;0.0
yf_MKC_d12;42900;INTARIAN_PEPPER_ROOT;10817;18;10813;14;;;10823;15;10827;15;;;10820.0;0.0
yf_MKC_d12;43000;ASH_COATED_OSMIUM;9922;13;9919;22;;;9928;12;9932;19;;;9925.0;0.0
yf_MKC_d12;43000;INTARIAN_PEPPER_ROOT;10821;11;10817;14;;;10827;19;10830;16;;;10824.0;0.0
yf_MKC_d12;43100;ASH_COATED_OSMIUM;9921;11;9917;22;;;9927;18;9930;9;;;9924.0;0.0
yf_MKC_d12;43100;INTARIAN_PEPPER_ROOT;10825;17;10823;26;;;10831;17;10834;25;;;10828.0;0.0
yf_MKC_d12;43200;ASH_COATED_OSMIUM;9921;8;9919;12;;;9927;12;9931;27;;;9924.0;0.0
yf_MKC_d12;43200;INTARIAN_PEPPER_ROOT;10828;14;10825;30;;;10834;14;10837;13;;;10831.0;0.0
yf_MKC_d12;43300;ASH_COATED_OSMIUM;9920;5;9917;15;;;9928;17;9930;21;;;9924.0;0.0
yf_MKC_d12;43300;INTARIAN_PEPPER_ROOT;10827;17;10824;19;;;10842;14;10845;25;;;10834.5;0.0
yf_MKC_d12;43400;ASH_COATED_OSMIUM;9921;17;9917;24;;;9927;18;9929;19;;;9924.0;0.0
yf_MKC_d12;43400;INTARIAN_PEPPER_ROOT;10836;13;10832;8;;;10842;15;10845;25;;;10839.0;0.0
yf_MKC_d12;43500;ASH_COATED_OSMIUM;9922;14;9918;21;;;9928;17;9931;11;;;9925.0;0.0
yf_MKC_d12;43500;INTARIAN_PEPPER_ROOT;10839;18;10837;15;;;10845;15;10848;20;;;10842.0;0.0
yf_MKC_d12;43600;ASH_COATED_OSMIUM;9921;19;9918;21;;;9927;12;9930;16;;;9924.0;0.0
yf_MKC_d12;43600;INTARIAN_PEPPER_ROOT;10836;13;10833;15;;;10854;5;10858;21;;;10845.0;0.0
yf_MKC_d12;43700;ASH_COATED_OSMIUM;9921;15;9917;23;;;9927;13;9929;9;;;9924.0;0.0
yf_MKC_d12;43700;INTARIAN_PEPPER_ROOT;10846;21;10843;17;;;10852;13;10854;27;;;10849.0;0.0
yf_MKC_d12;43800;ASH_COATED_OSMIUM;9921;14;9917;18;;;9927;18;9931;20;;;9924.0;0.0
yf_MKC_d12;43800;INTARIAN_PEPPER_ROOT;10848;10;10846;22;;;10859;9;10863;24;;;10853.5;0.0
yf_MKC_d12;43900;ASH_COATED_OSMIUM;9921;11;9918;28;;;9927;12;9931;19;;;9924.0;0.0
yf_MKC_d12;43900;INTARIAN_PEPPER_ROOT;10846;19;10842;18;;;10866;14;10868;19;;;10856.0;0.0
yf_MKC_d12;44000;ASH_COATED_OSMIUM;9917;15;9914;18;;;9931;19;9933;17;;;9924.0;0.0
yf_MKC_d12;44000;INTARIAN_PEPPER_ROOT;10857;8;10853;20;;;10863;16;10866;18;;;10860.0;0.0
yf_MKC_d12;44100;ASH_COATED_OSMIUM;9915;14;9912;17;;;9931;18;9933;17;;;9923.0;0.0
yf_MKC_d12;44100;INTARIAN_PEPPER_ROOT;10861;17;10858;13;;;10867;17;10870;24;;;10864.0;0.0
yf_MKC_d12;44200;ASH_COATED_OSMIUM;9918;22;9916;18;;;9928;14;9932;19;;;9923.0;0.0
yf_MKC_d12;44200;INTARIAN_PEPPER_ROOT;10864;13;10860;17;;;10870;19;10874;25;;;10867.0;0.0
yf_MKC_d12;44300;ASH_COATED_OSMIUM;9920;22;9917;18;;;9926;15;9929;24;;;9923.0;0.0
yf_MKC_d12;44300;INTARIAN_PEPPER_ROOT;10868;16;10865;19;;;10874;12;10878;24;;;10871.0;0.0
yf_MKC_d12;44400;ASH_COATED_OSMIUM;9921;20;9918;22;;;9927;16;9929;15;;;9924.0;0.0
yf_MKC_d12;44400;INTARIAN_PEPPER_ROOT;10871;5;10867;24;;;10879;17;10883;16;;;10875.0;0.0
yf_MKC_d12;44500;ASH_COATED_OSMIUM;9920;16;9918;24;;;9926;13;9930;16;;;9923.0;0.0
yf_MKC_d12;44500;INTARIAN_PEPPER_ROOT;10875;14;10873;20;;;10881;18;10883;20;;;10878.0;0.0
yf_MKC_d12;44600;ASH_COATED_OSMIUM;9920;15;9917;12;;;9926;14;9929;20;;;9923.0;0.0
yf_MKC_d12;44600;INTARIAN_PEPPER_ROOT;10879;11;10876;21;;;10885;20;10889;21;;;10882.0;0.0
yf_MKC_d12;44700;ASH_COATED_OSMIUM;9915;20;9911;18;;;9931;11;9933;8;;;9923.0;0.0
yf_MKC_d12;44700;INTARIAN_PEPPER_ROOT;10874;18;10872;20;;;10896;8;10898;24;;;10885.0;0.0
yf_MKC_d12;44800;ASH_COATED_OSMIUM;9920;11;9916;16;;;9926;19;9929;22;;;9923.0;0.0
yf_MKC_d12;44800;INTARIAN_PEPPER_ROOT;10882;14;10880;18;;;10897;18;10899;21;;;10889.5;0.0
yf_MKC_d12;44900;ASH_COATED_OSMIUM;9920;18;9917;19;;;9926;23;9930;23;;;9923.0;0.0
yf_MKC_d12;44900;INTARIAN_PEPPER_ROOT;10890;11;10887;16;;;10896;11;10900;24;;;10893.0;0.0
yf_MKC_d12;45000;ASH_COATED_OSMIUM;9920;18;9917;29;;;9926;17;9930;24;;;9923.0;0.0
yf_MKC_d12;45000;INTARIAN_PEPPER_ROOT;10892;17;10889;23;;;10900;13;10903;21;;;10896.0;0.0
yf_MKC_d12;45100;ASH_COATED_OSMIUM;9915;14;9913;16;;;9931;12;9933;14;;;9923.0;0.0
yf_MKC_d12;45100;INTARIAN_PEPPER_ROOT;10894;8;10890;22;;;10905;25;10909;12;;;10899.5;0.0
yf_MKC_d12;45200;ASH_COATED_OSMIUM;9904;6;9900;19;;;9940;18;9943;18;;;9922.0;0.0
yf_MKC_d12;45200;INTARIAN_PEPPER_ROOT;10896;15;10892;26;;;10910;17;10913;14;;;10903.0;0.0
yf_MKC_d12;45300;ASH_COATED_OSMIUM;9919;27;9917;20;;;9925;8;9927;21;;;9922.0;0.0
yf_MKC_d12;45300;INTARIAN_PEPPER_ROOT;10904;19;10900;21;;;10910;16;10913;28;;;10907.0;0.0
yf_MKC_d12;45400;ASH_COATED_OSMIUM;9919;9;9916;25;;;9925;14;9928;21;;;9922.0;0.0
yf_MKC_d12;45400;INTARIAN_PEPPER_ROOT;10905;15;10902;15;;;10916;16;10918;18;;;10910.5;0.0
yf_MKC_d12;45500;ASH_COATED_OSMIUM;9914;10;9911;15;;;9931;13;9934;25;;;9922.5;0.0
yf_MKC_d12;45500;INTARIAN_PEPPER_ROOT;10911;14;10909;20;;;10917;11;10921;25;;;10914.0;0.0
yf_MKC_d12;45600;ASH_COATED_OSMIUM;9919;15;9915;11;;;9925;8;9929;23;;;9922.0;0.0
yf_MKC_d12;45600;INTARIAN_PEPPER_ROOT;10915;16;10912;25;;;10921;14;10925;22;;;10918.0;0.0
yf_MKC_d12;45700;ASH_COATED_OSMIUM;9919;5;9917;23;;;9925;23;9929;26;;;9922.0;0.0
yf_MKC_d12;45700;INTARIAN_PEPPER_ROOT;10916;16;10913;24;;;10924;18;10926;10;;;10920.0;0.0
yf_MKC_d12;45800;ASH_COATED_OSMIUM;9918;22;9914;27;;;9927;14;9930;29;;;9922.5;0.0
yf_MKC_d12;45800;INTARIAN_PEPPER_ROOT;10910;13;10907;15;;;10940;19;10944;22;;;10925.0;0.0
yf_MKC_d12;45900;ASH_COATED_OSMIUM;9919;15;9917;26;;;9925;18;9928;16;;;9922.0;0.0
yf_MKC_d12;45900;INTARIAN_PEPPER_ROOT;10925;22;10923;17;;;10931;13;10935;11;;;10928.0;0.0
yf_MKC_d12;46000;ASH_COATED_OSMIUM;9916;15;9912;17;;;9928;17;9932;24;;;9922.0;0.0
yf_MKC_d12;46000;INTARIAN_PEPPER_ROOT;10922;9;10918;19;;;10942;11;10944;28;;;10932.0;0.0
yf_MKC_d12;46100;ASH_COATED_OSMIUM;9919;11;9915;22;;;9925;15;9927;24;;;9922.0;0.0
yf_MKC_d12;46100;INTARIAN_PEPPER_ROOT;10932;16;10928;14;;;10938;20;10941;20;;;10935.0;0.0
yf_MKC_d12;46200;ASH_COATED_OSMIUM;9918;19;9915;25;;;9924;16;9926;16;;;9921.0;0.0
yf_MKC_d12;46200;INTARIAN_PEPPER_ROOT;10936;13;10934;23;;;10942;15;10944;20;;;10939.0;0.0
yf_MKC_d12;46300;ASH_COATED_OSMIUM;9908;19;9906;23;;;9935;19;9938;27;;;9921.5;0.0
yf_MKC_d12;46300;INTARIAN_PEPPER_ROOT;10939;14;10935;22;;;10945;25;10949;24;;;10942.0;0.0
yf_MKC_d12;46400;ASH_COATED_OSMIUM;9918;9;9915;26;;;9924;15;9927;14;;;9921.0;0.0
yf_MKC_d12;46400;INTARIAN_PEPPER_ROOT;10944;5;10941;24;;;10950;12;10954;22;;;10947.0;0.0
yf_MKC_d12;46500;ASH_COATED_OSMIUM;9918;20;9916;23;;;9925;15;9927;23;;;9921.5;0.0
yf_MKC_d12;46500;INTARIAN_PEPPER_ROOT;10945;18;10943;18;;;10954;22;10957;16;;;10949.5;0.0
yf_MKC_d12;46600;ASH_COATED_OSMIUM;9918;23;9914;12;;;9925;14;9927;18;;;9921.5;0.0
yf_MKC_d12;46600;INTARIAN_PEPPER_ROOT;10946;15;10943;12;;;10962;18;10965;16;;;10954.0;0.0
yf_MKC_d12;46700;ASH_COATED_OSMIUM;9918;10;9914;19;;;9924;11;9928;25;;;9921.0;0.0
yf_MKC_d12;46700;INTARIAN_PEPPER_ROOT;10954;18;10951;16;;;10960;17;10962;22;;;10957.0;0.0
yf_MKC_d12;46800;ASH_COATED_OSMIUM;9916;25;9914;16;;;9926;6;9929;21;;;9921.0;0.0
yf_MKC_d12;46800;INTARIAN_PEPPER_ROOT;10953;5;10950;21;;;10968;15;10970;20;;;10960.5;0.0
yf_MKC_d12;46900;ASH_COATED_OSMIUM;9917;18;9913;10;;;9925;16;9927;18;;;9921.0;0.0
yf_MKC_d12;46900;INTARIAN_PEPPER_ROOT;10961;15;10957;18;;;10967;17;10969;24;;;10964.0;0.0
yf_MKC_d12;47000;ASH_COATED_OSMIUM;9916;8;9912;24;;;9925;19;9929;28;;;9920.5;0.0
yf_MKC_d12;47000;INTARIAN_PEPPER_ROOT;10964;13;10960;18;;;10971;10;10975;15;;;10967.5;0.0
yf_MKC_d12;47100;ASH_COATED_OSMIUM;9918;10;9915;19;;;9924;11;9928;18;;;9921.0;0.0
yf_MKC_d12;47100;INTARIAN_PEPPER_ROOT;10967;11;10964;21;;;10975;10;10978;21;;;10971.0;0.0
yf_MKC_d12;47200;ASH_COATED_OSMIUM;9918;14;9915;17;;;9924;12;9927;20;;;9921.0;0.0
yf_MKC_d12;47200;INTARIAN_PEPPER_ROOT;10972;17;10968;22;;;10978;13;10982;15;;;10975.0;0.0
yf_MKC_d12;47300;ASH_COATED_OSMIUM;9913;10;9910;25;;;9930;16;9934;24;;;9921.5;0.0
yf_MKC_d12;47300;INTARIAN_PEPPER_ROOT;10976;22;10974;24;;;10982;14;10986;14;;;10979.0;0.0
yf_MKC_d12;47400;ASH_COATED_OSMIUM;9918;8;9915;17;;;9924;15;9926;22;;;9921.0;0.0
yf_MKC_d12;47400;INTARIAN_PEPPER_ROOT;10968;14;10965;17;;;10997;19;11000;21;;;10982.5;0.0
yf_MKC_d12;47500;ASH_COATED_OSMIUM;9916;8;9913;17;;;9924;9;9927;8;;;9920.0;0.0
yf_MKC_d12;47500;INTARIAN_PEPPER_ROOT;10978;5;10976;22;;;10992;17;10996;20;;;10985.0;0.0
yf_MKC_d12;47600;ASH_COATED_OSMIUM;9917;23;9915;21;;;9923;15;9927;32;;;9920.0;0.0
yf_MKC_d12;47600;INTARIAN_PEPPER_ROOT;10987;13;10984;25;;;10993;18;10995;15;;;10990.0;0.0
yf_MKC_d12;47700;ASH_COATED_OSMIUM;9917;6;9913;17;;;9923;15;9926;20;;;9920.0;0.0
yf_MKC_d12;47700;INTARIAN_PEPPER_ROOT;10988;25;10986;19;;;10999;14;11001;16;;;10993.5;0.0
yf_MKC_d12;47800;ASH_COATED_OSMIUM;9917;16;9915;31;;;9923;6;9925;20;;;9920.0;0.0
yf_MKC_d12;47800;INTARIAN_PEPPER_ROOT;10993;9;10991;19;;;10999;14;11001;14;;;10996.0;0.0
yf_MKC_d12;47900;ASH_COATED_OSMIUM;9914;9;9910;27;;;9926;13;9929;16;;;9920.0;0.0
yf_MKC_d12;47900;INTARIAN_PEPPER_ROOT;10995;11;10993;22;;;11004;16;11006;9;;;10999.5;0.0
yf_MKC_d12;48000;ASH_COATED_OSMIUM;9915;6;9911;20;;;9924;15;9927;14;;;9919.5;0.0
yf_MKC_d12;48000;INTARIAN_PEPPER_ROOT;11000;18;10998;20;;;11007;18;11011;17;;;11003.5;0.0
yf_MKC_d12;48100;ASH_COATED_OSMIUM;9917;16;9915;26;;;9923;14;9927;13;;;9920.0;0.0
yf_MKC_d12;48100;INTARIAN_PEPPER_ROOT;11004;14;11001;14;;;11010;8;11012;18;;;11007.0;0.0
yf_MKC_d12;48200;ASH_COATED_OSMIUM;9918;18;9914;17;;;9924;15;9928;31;;;9921.0;0.0
yf_MKC_d12;48200;INTARIAN_PEPPER_ROOT;11008;11;11005;10;;;11014;11;11017;12;;;11011.0;0.0
yf_MKC_d12;48300;ASH_COATED_OSMIUM;9918;6;9915;23;;;9924;12;9926;21;;;9921.0;0.0
yf_MKC_d12;48300;INTARIAN_PEPPER_ROOT;11010;15;11007;21;;;11019;18;11021;17;;;11014.5;0.0
yf_MKC_d12;48400;ASH_COATED_OSMIUM;9916;15;9912;19;;;9924;6;9928;12;;;9920.0;0.0
yf_MKC_d12;48400;INTARIAN_PEPPER_ROOT;10998;9;10995;25;;;11038;12;11042;13;;;11018.0;0.0
yf_MKC_d12;48500;ASH_COATED_OSMIUM;9917;10;9915;12;;;9923;16;9927;21;;;9920.0;0.0
yf_MKC_d12;48500;INTARIAN_PEPPER_ROOT;11016;22;11013;16;;;11028;16;11031;22;;;11022.0;0.0
yf_MKC_d12;48600;ASH_COATED_OSMIUM;9916;15;9912;22;;;9922;16;9926;25;;;9919.0;0.0
yf_MKC_d12;48600;INTARIAN_PEPPER_ROOT;11021;18;11017;21;;;11029;11;11031;12;;;11025.0;0.0
yf_MKC_d12;48700;ASH_COATED_OSMIUM;9914;16;9912;16;;;9925;8;9929;23;;;9919.5;0.0
yf_MKC_d12;48700;INTARIAN_PEPPER_ROOT;11026;9;11023;13;;;11032;15;11036;26;;;11029.0;0.0
yf_MKC_d12;48800;ASH_COATED_OSMIUM;9905;10;9903;17;;;9933;17;9936;18;;;9919.0;0.0
yf_MKC_d12;48800;INTARIAN_PEPPER_ROOT;11029;20;11025;18;;;11035;14;11037;18;;;11032.0;0.0
yf_MKC_d12;48900;ASH_COATED_OSMIUM;9916;19;9914;22;;;9922;12;9924;24;;;9919.0;0.0
yf_MKC_d12;48900;INTARIAN_PEPPER_ROOT;11030;17;11028;15;;;11042;16;11045;20;;;11036.0;0.0
yf_MKC_d12;49000;ASH_COATED_OSMIUM;9910;11;9906;20;;;9928;12;9931;25;;;9919.0;0.0
yf_MKC_d12;49000;INTARIAN_PEPPER_ROOT;11036;19;11032;20;;;11042;28;11046;14;;;11039.0;0.0
yf_MKC_d12;49100;ASH_COATED_OSMIUM;9910;17;9907;10;;;9929;16;9932;19;;;9919.5;0.0
yf_MKC_d12;49100;INTARIAN_PEPPER_ROOT;11039;7;11035;18;;;11048;17;11050;16;;;11043.5;0.0
yf_MKC_d12;49200;ASH_COATED_OSMIUM;9914;23;9912;13;;;9925;11;9929;20;;;9919.5;0.0
yf_MKC_d12;49200;INTARIAN_PEPPER_ROOT;11044;11;11041;30;;;11050;16;11053;20;;;11047.0;0.0
yf_MKC_d12;49300;ASH_COATED_OSMIUM;9916;23;9912;22;;;9922;13;9924;15;;;9919.0;0.0
yf_MKC_d12;49300;INTARIAN_PEPPER_ROOT;11045;17;11042;19;;;11056;16;11059;22;;;11050.5;0.0
yf_MKC_d12;49400;ASH_COATED_OSMIUM;9916;10;9914;26;;;9922;12;9924;12;;;9919.0;0.0
yf_MKC_d12;49400;INTARIAN_PEPPER_ROOT;11051;13;11049;18;;;11057;12;11060;23;;;11054.0;0.0
yf_MKC_d12;49500;ASH_COATED_OSMIUM;9915;17;9913;20;;;9921;16;9923;22;;;9918.0;0.0
yf_MKC_d12;49500;INTARIAN_PEPPER_ROOT;11040;14;11037;28;;;11075;14;11078;17;;;11057.5;0.0
yf_MKC_d12;49600;ASH_COATED_OSMIUM;9916;18;9914;14;;;9922;11;9925;31;;;9919.0;0.0
yf_MKC_d12;49600;INTARIAN_PEPPER_ROOT;11059;17;11057;17;;;11065;18;11069;14;;;11062.0;0.0
yf_MKC_d12;49700;ASH_COATED_OSMIUM;9915;26;9913;31;;;9921;8;9924;24;;;9918.0;0.0
yf_MKC_d12;49700;INTARIAN_PEPPER_ROOT;11062;10;11059;22;;;11068;21;11072;26;;;11065.0;0.0
yf_MKC_d12;49800;ASH_COATED_OSMIUM;9913;17;9909;22;;;9925;11;9928;18;;;9919.0;0.0
yf_MKC_d12;49800;INTARIAN_PEPPER_ROOT;11065;22;11063;12;;;11071;12;11074;23;;;11068.0;0.0
yf_MKC_d12;49900;ASH_COATED_OSMIUM;9914;14;9910;15;;;9923;7;9926;22;;;9918.5;0.0
yf_MKC_d12;49900;INTARIAN_PEPPER_ROOT;11069;14;11067;24;;;11076;18;11080;22;;;11072.5;0.0
yf_MKC_d12;50000;ASH_COATED_OSMIUM;9911;17;9909;24;;;9926;6;9928;18;;;9918.5;0.0
yf_MKC_d12;50000;INTARIAN_PEPPER_ROOT;11072;11;11069;15;;;11078;13;11081;28;;;11075.0;0.0
yf_MKC_d12;50100;ASH_COATED_OSMIUM;9915;8;9913;11;;;9921;15;9925;10;;;9918.0;0.0
yf_MKC_d12;50100;INTARIAN_PEPPER_ROOT;11076;10;11074;29;;;11082;15;11084;23;;;11079.0;0.0
yf_MKC_d12;50200;ASH_COATED_OSMIUM;9914;15;9911;21;;;9920;12;9924;27;;;9917.0;0.0
yf_MKC_d12;50200;INTARIAN_PEPPER_ROOT;11080;13;11077;20;;;11086;18;11088;17;;;11083.0;0.0
yf_MKC_d12;50300;ASH_COATED_OSMIUM;9916;12;9912;22;;;9922;11;9926;21;;;9919.0;0.0
yf_MKC_d12;50300;INTARIAN_PEPPER_ROOT;11081;12;11078;15;;;11094;7;11098;17;;;11087.5;0.0
yf_MKC_d12;50400;ASH_COATED_OSMIUM;9916;19;9913;25;;;9922;12;9924;27;;;9919.0;0.0
yf_MKC_d12;50400;INTARIAN_PEPPER_ROOT;11084;15;11080;25;;;11096;17;11098;24;;;11090.0;0.0
yf_MKC_d12;50500;ASH_COATED_OSMIUM;9910;11;9907;17;;;9926;16;9929;8;;;9918.0;0.0
yf_MKC_d12;50500;INTARIAN_PEPPER_ROOT;11089;19;11087;21;;;11098;7;11100;13;;;11093.5;0.0
yf_MKC_d12;50600;ASH_COATED_OSMIUM;9915;9;9912;25;;;9921;21;9925;15;;;9918.0;0.0
yf_MKC_d12;50600;INTARIAN_PEPPER_ROOT;11095;15;11091;15;;;11101;8;11103;17;;;11098.0;0.0
yf_MKC_d12;50700;ASH_COATED_OSMIUM;9915;15;9912;30;;;9921;18;9924;15;;;9918.0;0.0
yf_MKC_d12;50700;INTARIAN_PEPPER_ROOT;11098;10;11095;17;;;11104;24;11108;13;;;11101.0;0.0
yf_MKC_d12;50800;ASH_COATED_OSMIUM;9911;21;9909;18;;;9926;14;9930;23;;;9918.5;0.0
yf_MKC_d12;50800;INTARIAN_PEPPER_ROOT;11100;16;11097;23;;;11110;14;11112;18;;;11105.0;0.0
yf_MKC_d12;50900;ASH_COATED_OSMIUM;9915;13;9912;24;;;9921;11;9925;22;;;9918.0;0.0
yf_MKC_d12;50900;INTARIAN_PEPPER_ROOT;11105;17;11102;24;;;11111;15;11113;20;;;11108.0;0.0
yf_MKC_d12;51000;ASH_COATED_OSMIUM;9915;14;9911;17;;;9921;26;9925;18;;;9918.0;0.0
yf_MKC_d12;51000;INTARIAN_PEPPER_ROOT;11108;8;11104;14;;;11114;11;11117;20;;;11111.0;0.0
yf_MKC_d12;51100;ASH_COATED_OSMIUM;9915;13;9912;23;;;9921;13;9923;19;;;9918.0;0.0
yf_MKC_d12;51100;INTARIAN_PEPPER_ROOT;11113;12;11109;30;;;11119;11;11122;13;;;11116.0;0.0
yf_MKC_d12;51200;ASH_COATED_OSMIUM;9910;28;9908;20;;;9926;18;9929;19;;;9918.0;0.0
yf_MKC_d12;51200;INTARIAN_PEPPER_ROOT;11116;22;11113;24;;;11122;24;11126;14;;;11119.0;0.0
yf_MKC_d12;51300;ASH_COATED_OSMIUM;9914;12;9911;23;;;9921;14;9924;27;;;9917.5;0.0
yf_MKC_d12;51300;INTARIAN_PEPPER_ROOT;11119;18;11117;16;;;11125;13;11129;17;;;11122.0;0.0
yf_MKC_d12;51400;ASH_COATED_OSMIUM;9914;13;9912;28;;;9920;12;9922;22;;;9917.0;0.0
yf_MKC_d12;51400;INTARIAN_PEPPER_ROOT;11121;23;11117;24;;;11131;17;11133;24;;;11126.0;0.0
yf_MKC_d12;51500;ASH_COATED_OSMIUM;9915;16;9912;19;;;9921;29;9923;23;;;9918.0;0.0
yf_MKC_d12;51500;INTARIAN_PEPPER_ROOT;11128;11;11124;19;;;11134;7;11136;16;;;11131.0;0.0
yf_MKC_d12;51600;ASH_COATED_OSMIUM;9914;12;9911;13;;;9922;22;9926;18;;;9918.0;0.0
yf_MKC_d12;51600;INTARIAN_PEPPER_ROOT;11124;19;11122;23;;;11142;18;11144;19;;;11133.0;0.0
yf_MKC_d12;51700;ASH_COATED_OSMIUM;9914;5;9912;17;;;9922;19;9926;23;;;9918.0;0.0
yf_MKC_d12;51700;INTARIAN_PEPPER_ROOT;11135;13;11131;14;;;11141;16;11145;17;;;11138.0;0.0
yf_MKC_d12;51800;ASH_COATED_OSMIUM;9915;18;9912;16;;;9921;13;9923;19;;;9918.0;0.0
yf_MKC_d12;51800;INTARIAN_PEPPER_ROOT;11138;21;11134;10;;;11144;21;11147;30;;;11141.0;0.0
yf_MKC_d12;51900;ASH_COATED_OSMIUM;9915;10;9913;16;;;9921;19;9925;21;;;9918.0;0.0
yf_MKC_d12;51900;INTARIAN_PEPPER_ROOT;11140;23;11136;22;;;11150;14;11154;18;;;11145.0;0.0
yf_MKC_d12;52000;ASH_COATED_OSMIUM;9914;17;9911;17;;;9922;11;9924;25;;;9918.0;0.0
yf_MKC_d12;52000;INTARIAN_PEPPER_ROOT;11139;22;11136;9;;;11157;15;11160;14;;;11148.0;0.0
yf_MKC_d12;52100;ASH_COATED_OSMIUM;9909;6;9905;22;;;9927;10;9931;17;;;9918.0;0.0
yf_MKC_d12;52100;INTARIAN_PEPPER_ROOT;11149;19;11146;14;;;11155;15;11159;21;;;11152.0;0.0
yf_MKC_d12;52200;ASH_COATED_OSMIUM;9915;11;9911;21;;;9921;22;9925;20;;;9918.0;0.0
yf_MKC_d12;52200;INTARIAN_PEPPER_ROOT;11147;9;11145;20;;;11165;13;11169;19;;;11156.0;0.0
yf_MKC_d12;52300;ASH_COATED_OSMIUM;9911;14;9907;15;;;9924;8;9926;25;;;9917.5;0.0
yf_MKC_d12;52300;INTARIAN_PEPPER_ROOT;11155;12;11153;10;;;11164;17;11167;22;;;11159.5;0.0
yf_MKC_d12;52400;ASH_COATED_OSMIUM;9915;12;9912;16;;;9921;12;9925;20;;;9918.0;0.0
yf_MKC_d12;52400;INTARIAN_PEPPER_ROOT;11155;5;11152;17;;;11173;21;11175;20;;;11164.0;0.0
yf_MKC_d12;52500;ASH_COATED_OSMIUM;9915;19;9911;12;;;9921;22;9925;20;;;9918.0;0.0
yf_MKC_d12;52500;INTARIAN_PEPPER_ROOT;11159;14;11157;26;;;11175;17;11178;26;;;11167.0;0.0
yf_MKC_d12;52600;ASH_COATED_OSMIUM;9915;9;9912;21;;;9921;13;9925;11;;;9918.0;0.0
yf_MKC_d12;52600;INTARIAN_PEPPER_ROOT;11167;17;11164;16;;;11173;21;11176;17;;;11170.0;0.0
yf_MKC_d12;52700;ASH_COATED_OSMIUM;9914;16;9910;16;;;9921;25;9925;21;;;9917.5;0.0
yf_MKC_d12;52700;INTARIAN_PEPPER_ROOT;11171;15;11169;12;;;11177;5;11181;12;;;11174.0;0.0
yf_MKC_d12;52800;ASH_COATED_OSMIUM;9915;14;9911;13;;;9921;9;9925;22;;;9918.0;0.0
yf_MKC_d12;52800;INTARIAN_PEPPER_ROOT;11165;11;11162;20;;;11190;20;11192;22;;;11177.5;0.0
yf_MKC_d12;52900;ASH_COATED_OSMIUM;9916;19;9913;20;;;9922;14;9926;20;;;9919.0;0.0
yf_MKC_d12;52900;INTARIAN_PEPPER_ROOT;11178;20;11176;20;;;11184;17;11187;32;;;11181.0;0.0
yf_MKC_d12;53000;ASH_COATED_OSMIUM;9914;12;9911;8;;;9920;19;9922;16;;;9917.0;0.0
yf_MKC_d12;53000;INTARIAN_PEPPER_ROOT;11181;10;11178;24;;;11187;13;11189;17;;;11184.0;0.0
yf_MKC_d12;53100;ASH_COATED_OSMIUM;9915;23;9911;18;;;9921;5;9923;15;;;9918.0;0.0
yf_MKC_d12;53100;INTARIAN_PEPPER_ROOT;11186;21;11183;11;;;11192;15;11195;16;;;11189.0;0.0
yf_MKC_d12;53200;ASH_COATED_OSMIUM;9901;13;9899;15;;;9935;14;9938;11;;;9918.0;0.0
yf_MKC_d12;53200;INTARIAN_PEPPER_ROOT;11189;13;11186;16;;;11195;21;11197;13;;;11192.0;0.0
yf_MKC_d12;53300;ASH_COATED_OSMIUM;9913;14;9911;14;;;9924;11;9926;25;;;9918.5;0.0
yf_MKC_d12;53300;INTARIAN_PEPPER_ROOT;11189;9;11187;23;;;11204;13;11208;10;;;11196.5;0.0
yf_MKC_d12;53400;ASH_COATED_OSMIUM;9915;12;9911;20;;;9921;16;9925;19;;;9918.0;0.0
yf_MKC_d12;53400;INTARIAN_PEPPER_ROOT;11196;13;11194;22;;;11202;18;11204;18;;;11199.0;0.0
yf_MKC_d12;53500;ASH_COATED_OSMIUM;9914;14;9912;18;;;9921;19;9923;12;;;9917.5;0.0
yf_MKC_d12;53500;INTARIAN_PEPPER_ROOT;11200;17;11197;20;;;11206;13;11210;15;;;11203.0;0.0
yf_MKC_d12;53600;ASH_COATED_OSMIUM;9915;12;9912;14;;;9921;16;9924;27;;;9918.0;0.0
yf_MKC_d12;53600;INTARIAN_PEPPER_ROOT;11203;18;11200;24;;;11211;14;11215;10;;;11207.0;0.0
yf_MKC_d12;53700;ASH_COATED_OSMIUM;9915;24;9912;22;;;9921;16;9925;23;;;9918.0;0.0
yf_MKC_d12;53700;INTARIAN_PEPPER_ROOT;11208;10;11204;18;;;11214;19;11218;31;;;11211.0;0.0
yf_MKC_d12;53800;ASH_COATED_OSMIUM;9915;21;9912;19;;;9921;21;9925;19;;;9918.0;0.0
yf_MKC_d12;53800;INTARIAN_PEPPER_ROOT;11199;11;11197;26;;;11229;15;11233;22;;;11214.0;0.0
yf_MKC_d12;53900;ASH_COATED_OSMIUM;9907;16;9904;26;;;9929;16;9933;19;;;9918.0;0.0
yf_MKC_d12;53900;INTARIAN_PEPPER_ROOT;11215;11;11213;14;;;11221;14;11223;21;;;11218.0;0.0
yf_MKC_d12;54000;ASH_COATED_OSMIUM;9915;22;9913;16;;;9921;18;9925;23;;;9918.0;0.0
yf_MKC_d12;54000;INTARIAN_PEPPER_ROOT;11219;20;11217;18;;;11225;12;11227;20;;;11222.0;0.0
yf_MKC_d12;54100;ASH_COATED_OSMIUM;9913;14;9909;19;;;9925;5;9927;20;;;9919.0;0.0
yf_MKC_d12;54100;INTARIAN_PEPPER_ROOT;11223;11;11220;21;;;11229;5;11231;14;;;11226.0;0.0
yf_MKC_d12;54200;ASH_COATED_OSMIUM;9915;9;9912;18;;;9921;17;9924;19;;;9918.0;0.0
yf_MKC_d12;54200;INTARIAN_PEPPER_ROOT;11226;10;11222;15;;;11232;7;11236;24;;;11229.0;0.0
yf_MKC_d12;54300;ASH_COATED_OSMIUM;9911;15;9907;20;;;9924;13;9927;20;;;9917.5;0.0
yf_MKC_d12;54300;INTARIAN_PEPPER_ROOT;11222;11;11218;22;;;11244;15;11247;24;;;11233.0;0.0
yf_MKC_d12;54400;ASH_COATED_OSMIUM;9914;11;9911;19;;;9921;30;9924;25;;;9917.5;0.0
yf_MKC_d12;54400;INTARIAN_PEPPER_ROOT;11233;12;11230;18;;;11239;14;11243;19;;;11236.0;0.0
yf_MKC_d12;54500;ASH_COATED_OSMIUM;9915;17;9913;22;;;9921;14;9923;13;;;9918.0;0.0
yf_MKC_d12;54500;INTARIAN_PEPPER_ROOT;11237;8;11235;18;;;11243;14;11246;25;;;11240.0;0.0
yf_MKC_d12;54600;ASH_COATED_OSMIUM;9915;12;9913;22;;;9921;17;9924;17;;;9918.0;0.0
yf_MKC_d12;54600;INTARIAN_PEPPER_ROOT;11241;11;11238;17;;;11247;16;11249;13;;;11244.0;0.0
yf_MKC_d12;54700;ASH_COATED_OSMIUM;9914;19;9911;26;;;9920;15;9922;20;;;9917.0;0.0
yf_MKC_d12;54700;INTARIAN_PEPPER_ROOT;11244;19;11240;15;;;11250;22;11252;34;;;11247.0;0.0
yf_MKC_d12;54800;ASH_COATED_OSMIUM;9908;16;9904;28;;;9929;11;9932;17;;;9918.5;0.0
yf_MKC_d12;54800;INTARIAN_PEPPER_ROOT;11248;6;11244;21;;;11254;13;11257;20;;;11251.0;0.0
yf_MKC_d12;54900;ASH_COATED_OSMIUM;9915;16;9911;20;;;9921;11;9924;25;;;9918.0;0.0
yf_MKC_d12;54900;INTARIAN_PEPPER_ROOT;11251;9;11249;19;;;11257;15;11259;29;;;11254.0;0.0
yf_MKC_d12;55000;ASH_COATED_OSMIUM;9915;24;9913;22;;;9921;10;9924;26;;;9918.0;0.0
yf_MKC_d12;55000;INTARIAN_PEPPER_ROOT;11255;16;11252;10;;;11261;5;11264;17;;;11258.0;0.0
yf_MKC_d12;55100;ASH_COATED_OSMIUM;9914;10;9911;17;;;9920;12;9922;17;;;9917.0;0.0
yf_MKC_d12;55100;INTARIAN_PEPPER_ROOT;11259;16;11257;14;;;11265;7;11268;26;;;11262.0;0.0
yf_MKC_d12;55200;ASH_COATED_OSMIUM;9915;13;9911;18;;;9921;21;9925;26;;;9918.0;0.0
yf_MKC_d12;55200;INTARIAN_PEPPER_ROOT;11253;19;11249;26;;;11278;17;11281;17;;;11265.5;0.0
yf_MKC_d12;55300;ASH_COATED_OSMIUM;9914;13;9910;25;;;9922;15;9924;22;;;9918.0;0.0
yf_MKC_d12;55300;INTARIAN_PEPPER_ROOT;11266;18;11262;11;;;11272;18;11275;15;;;11269.0;0.0
yf_MKC_d12;55400;ASH_COATED_OSMIUM;9913;18;9910;27;;;9922;26;9925;18;;;9917.5;0.0
yf_MKC_d12;55400;INTARIAN_PEPPER_ROOT;11269;12;11267;19;;;11277;14;11281;22;;;11273.0;0.0
yf_MKC_d12;55500;ASH_COATED_OSMIUM;9913;13;9910;22;;;9923;9;9927;23;;;9918.0;0.0
yf_MKC_d12;55500;INTARIAN_PEPPER_ROOT;11274;21;11271;17;;;11280;16;11284;19;;;11277.0;0.0
yf_MKC_d12;55600;ASH_COATED_OSMIUM;9915;17;9912;18;;;9921;7;9924;24;;;9918.0;0.0
yf_MKC_d12;55600;INTARIAN_PEPPER_ROOT;11277;14;11275;13;;;11283;12;11285;20;;;11280.0;0.0
yf_MKC_d12;55700;ASH_COATED_OSMIUM;9907;13;9904;15;;;9930;12;9932;14;;;9918.5;0.0
yf_MKC_d12;55700;INTARIAN_PEPPER_ROOT;11281;17;11277;21;;;11287;10;11291;30;;;11284.0;0.0
yf_MKC_d12;55800;ASH_COATED_OSMIUM;9916;21;9913;25;;;9922;12;9924;18;;;9919.0;0.0
yf_MKC_d12;55800;INTARIAN_PEPPER_ROOT;11284;5;11282;23;;;11290;17;11294;24;;;11287.0;0.0
yf_MKC_d12;55900;ASH_COATED_OSMIUM;9915;12;9911;14;;;9921;20;9924;24;;;9918.0;0.0
yf_MKC_d12;55900;INTARIAN_PEPPER_ROOT;11289;10;11285;21;;;11295;16;11298;15;;;11292.0;0.0
yf_MKC_d12;56000;ASH_COATED_OSMIUM;9915;13;9911;17;;;9921;16;9923;18;;;9918.0;0.0
yf_MKC_d12;56000;INTARIAN_PEPPER_ROOT;11289;18;11285;17;;;11300;17;11302;16;;;11294.5;0.0
yf_MKC_d12;56100;ASH_COATED_OSMIUM;9914;22;9911;17;;;9920;25;9923;17;;;9917.0;0.0
yf_MKC_d12;56100;INTARIAN_PEPPER_ROOT;11293;30;11289;25;;;11305;20;11307;14;;;11299.0;0.0
yf_MKC_d12;56200;ASH_COATED_OSMIUM;9911;19;9908;28;;;9925;14;9929;19;;;9918.0;0.0
yf_MKC_d12;56200;INTARIAN_PEPPER_ROOT;11294;20;11290;20;;;11310;20;11312;18;;;11302.0;0.0
yf_MKC_d12;56300;ASH_COATED_OSMIUM;9915;14;9912;15;;;9921;20;9923;25;;;9918.0;0.0
yf_MKC_d12;56300;INTARIAN_PEPPER_ROOT;11302;12;11299;22;;;11310;16;11312;18;;;11306.0;0.0
yf_MKC_d12;56400;ASH_COATED_OSMIUM;9915;20;9911;20;;;9921;5;9924;8;;;9918.0;0.0
yf_MKC_d12;56400;INTARIAN_PEPPER_ROOT;11297;10;11293;12;;;11322;18;11326;12;;;11309.5;0.0
yf_MKC_d12;56500;ASH_COATED_OSMIUM;9916;18;9913;19;;;9922;13;9926;13;;;9919.0;0.0
yf_MKC_d12;56500;INTARIAN_PEPPER_ROOT;11311;10;11308;20;;;11317;5;11321;28;;;11314.0;0.0
yf_MKC_d12;56600;ASH_COATED_OSMIUM;9915;17;9913;19;;;9921;13;9924;17;;;9918.0;0.0
yf_MKC_d12;56600;INTARIAN_PEPPER_ROOT;11314;10;11310;15;;;11320;13;11322;24;;;11317.0;0.0
yf_MKC_d12;56700;ASH_COATED_OSMIUM;9915;5;9911;17;;;9922;20;9925;18;;;9918.5;0.0
yf_MKC_d12;56700;INTARIAN_PEPPER_ROOT;11318;14;11316;22;;;11324;20;11328;16;;;11321.0;0.0
yf_MKC_d12;56800;ASH_COATED_OSMIUM;9913;13;9911;23;;;9924;24;9928;21;;;9918.5;0.0
yf_MKC_d12;56800;INTARIAN_PEPPER_ROOT;11304;23;11301;26;;;11344;20;11348;12;;;11324.0;0.0
yf_MKC_d12;56900;ASH_COATED_OSMIUM;9913;7;9910;20;;;9924;17;9928;23;;;9918.5;0.0
yf_MKC_d12;56900;INTARIAN_PEPPER_ROOT;11314;8;11311;15;;;11342;14;11345;25;;;11328.0;0.0
yf_MKC_d12;57000;ASH_COATED_OSMIUM;9913;16;9910;18;;;9923;9;9926;13;;;9918.0;0.0
yf_MKC_d12;57000;INTARIAN_PEPPER_ROOT;11323;9;11319;10;;;11340;8;11344;28;;;11331.5;0.0
yf_MKC_d12;57100;ASH_COATED_OSMIUM;9913;12;9911;23;;;9923;17;9925;29;;;9918.0;0.0
yf_MKC_d12;57100;INTARIAN_PEPPER_ROOT;11332;15;11330;14;;;11338;17;11342;19;;;11335.0;0.0
yf_MKC_d12;57200;ASH_COATED_OSMIUM;9916;23;9914;30;;;9922;17;9925;29;;;9919.0;0.0
yf_MKC_d12;57200;INTARIAN_PEPPER_ROOT;11336;9;11332;12;;;11342;13;11344;15;;;11339.0;0.0
yf_MKC_d12;57300;ASH_COATED_OSMIUM;9915;7;9911;21;;;9921;12;9924;25;;;9918.0;0.0
yf_MKC_d12;57300;INTARIAN_PEPPER_ROOT;11340;8;11337;20;;;11346;13;11350;17;;;11343.0;0.0
yf_MKC_d12;57400;ASH_COATED_OSMIUM;9916;13;9913;35;;;9922;19;9925;22;;;9919.0;0.0
yf_MKC_d12;57400;INTARIAN_PEPPER_ROOT;11343;22;11339;14;;;11350;16;11353;19;;;11346.5;0.0
yf_MKC_d12;57500;ASH_COATED_OSMIUM;9912;11;9908;14;;;9925;20;9929;26;;;9918.5;0.0
yf_MKC_d12;57500;INTARIAN_PEPPER_ROOT;11346;10;11344;19;;;11353;22;11356;16;;;11349.5;0.0
yf_MKC_d12;57600;ASH_COATED_OSMIUM;9915;15;9912;21;;;9921;7;9924;13;;;9918.0;0.0
yf_MKC_d12;57600;INTARIAN_PEPPER_ROOT;11343;17;11341;20;;;11364;13;11367;13;;;11353.5;0.0
yf_MKC_d12;57700;ASH_COATED_OSMIUM;9915;8;9913;18;;;9921;24;9925;31;;;9918.0;0.0
yf_MKC_d12;57700;INTARIAN_PEPPER_ROOT;11354;13;11351;17;;;11360;8;11364;22;;;11357.0;0.0
yf_MKC_d12;57800;ASH_COATED_OSMIUM;9916;16;9914;26;;;9922;11;9925;19;;;9919.0;0.0
yf_MKC_d12;57800;INTARIAN_PEPPER_ROOT;11358;6;11355;24;;;11364;14;11367;13;;;11361.0;0.0
yf_MKC_d12;57900;ASH_COATED_OSMIUM;9913;15;9911;15;;;9922;9;9926;18;;;9917.5;0.0
yf_MKC_d12;57900;INTARIAN_PEPPER_ROOT;11361;16;11357;9;;;11367;16;11371;17;;;11364.0;0.0
yf_MKC_d12;58000;ASH_COATED_OSMIUM;9915;7;9912;12;;;9921;10;9925;14;;;9918.0;0.0
yf_MKC_d12;58000;INTARIAN_PEPPER_ROOT;11360;9;11358;25;;;11376;24;11379;22;;;11368.0;0.0
yf_MKC_d12;58100;ASH_COATED_OSMIUM;9915;18;9912;22;;;9921;16;9925;20;;;9918.0;0.0
yf_MKC_d12;58100;INTARIAN_PEPPER_ROOT;11369;13;11365;27;;;11375;12;11379;18;;;11372.0;0.0
yf_MKC_d12;58200;ASH_COATED_OSMIUM;9915;11;9911;9;;;9921;11;9925;12;;;9918.0;0.0
yf_MKC_d12;58200;INTARIAN_PEPPER_ROOT;11372;18;11369;16;;;11378;30;11380;27;;;11375.0;0.0
yf_MKC_d12;58300;ASH_COATED_OSMIUM;9915;20;9913;26;;;9921;17;9925;12;;;9918.0;0.0
