day;timestamp;product;bid_price_1;bid_volume_1;bid_price_2;bid_volume_2;bid_price_3;bid_volume_3;ask_price_1;ask_volume_1;ask_price_2;ask_volume_2;ask_price_3;ask_volume_3;mid_price;profit_and_loss
yf_ADM_d11;0;ASH_COATED_OSMIUM;10065;9;10062;20;;;10075;5;10077;12;;;10070.0;0.0
yf_ADM_d11;0;INTARIAN_PEPPER_ROOT;9994;19;9990;27;;;10006;8;10010;27;;;10000.0;0.0
yf_ADM_d11;100;ASH_COATED_OSMIUM;10067;7;10065;25;;;10073;11;10075;20;;;10070.0;0.0
yf_ADM_d11;100;INTARIAN_PEPPER_ROOT;9990;15;9988;20;;;10011;12;10014;21;;;10000.5;0.0
yf_ADM_d11;200;ASH_COATED_OSMIUM;10063;18;10061;23;;;10076;21;10079;20;;;10069.5;0.0
yf_ADM_d11;200;INTARIAN_PEPPER_ROOT;9998;16;9996;20;;;10004;9;10006;18;;;10001.0;0.0
yf_ADM_d11;300;ASH_COATED_OSMIUM;10067;19;10065;16;;;10073;13;10076;15;;;10070.0;0.0
yf_ADM_d11;300;INTARIAN_PEPPER_ROOT;9997;18;9993;17;;;10006;16;10008;17;;;10001.5;0.0
yf_ADM_d11;400;ASH_COATED_OSMIUM;10066;7;10062;30;;;10072;14;10075;22;;;10069.0;0.0
yf_ADM_d11;400;INTARIAN_PEPPER_ROOT;9999;14;9997;8;;;10005;16;10008;12;;;10002.0;0.0
yf_ADM_d11;500;ASH_COATED_OSMIUM;10067;6;10064;13;;;10073;17;10076;29;;;10070.0;0.0
yf_ADM_d11;500;INTARIAN_PEPPER_ROOT;10001;15;9999;23;;;10007;11;10011;14;;;10004.0;0.0
yf_ADM_d11;600;ASH_COATED_OSMIUM;10066;13;10063;20;;;10072;12;10076;12;;;10069.0;0.0
yf_ADM_d11;600;INTARIAN_PEPPER_ROOT;9999;19;9995;19;;;10008;9;10010;16;;;10003.5;0.0
yf_ADM_d11;700;ASH_COATED_OSMIUM;10055;6;10051;11;;;10085;19;10087;13;;;10070.0;0.0
yf_ADM_d11;700;INTARIAN_PEPPER_ROOT;10002;9;10000;25;;;10008;21;10010;16;;;10005.0;0.0
yf_ADM_d11;800;ASH_COATED_OSMIUM;10063;20;10060;17;;;10076;17;10079;26;;;10069.5;0.0
yf_ADM_d11;800;INTARIAN_PEPPER_ROOT;10003;7;10001;20;;;10009;15;10011;23;;;10006.0;0.0
yf_ADM_d11;900;ASH_COATED_OSMIUM;10067;15;10064;15;;;10073;7;10075;26;;;10070.0;0.0
yf_ADM_d11;900;INTARIAN_PEPPER_ROOT;10003;6;10000;20;;;10009;17;10013;24;;;10006.0;0.0
yf_ADM_d11;1000;ASH_COATED_OSMIUM;10066;12;10062;26;;;10072;16;10075;22;;;10069.0;0.0
yf_ADM_d11;1000;INTARIAN_PEPPER_ROOT;10004;15;10001;13;;;10010;17;10014;25;;;10007.0;0.0
yf_ADM_d11;1100;ASH_COATED_OSMIUM;10067;15;10065;16;;;10073;14;10075;17;;;10070.0;0.0
yf_ADM_d11;1100;INTARIAN_PEPPER_ROOT;10005;9;10002;24;;;10011;22;10015;15;;;10008.0;0.0
yf_ADM_d11;1200;ASH_COATED_OSMIUM;10065;15;10063;25;;;10074;13;10078;24;;;10069.5;0.0
yf_ADM_d11;1200;INTARIAN_PEPPER_ROOT;10006;15;10004;16;;;10013;14;10017;12;;;10009.5;0.0
yf_ADM_d11;1300;ASH_COATED_OSMIUM;10067;7;10063;10;;;10073;14;10075;22;;;10070.0;0.0
yf_ADM_d11;1300;INTARIAN_PEPPER_ROOT;10007;12;10004;9;;;10013;16;10015;14;;;10010.0;0.0
yf_ADM_d11;1400;ASH_COATED_OSMIUM;10067;22;10063;24;;;10073;15;10077;23;;;10070.0;0.0
yf_ADM_d11;1400;INTARIAN_PEPPER_ROOT;10007;10;10004;15;;;10013;5;10015;13;;;10010.0;0.0
yf_ADM_d11;1500;ASH_COATED_OSMIUM;10052;12;10049;14;;;10085;13;10089;19;;;10068.5;0.0
yf_ADM_d11;1500;INTARIAN_PEPPER_ROOT;10008;23;10006;18;;;10014;6;10018;29;;;10011.0;0.0
yf_ADM_d11;1600;ASH_COATED_OSMIUM;10065;9;10061;16;;;10073;12;10075;10;;;10069.0;0.0
yf_ADM_d11;1600;INTARIAN_PEPPER_ROOT;10009;15;10006;30;;;10015;21;10018;21;;;10012.0;0.0
yf_ADM_d11;1700;ASH_COATED_OSMIUM;10064;21;10061;9;;;10075;10;10077;20;;;10069.5;0.0
yf_ADM_d11;1700;INTARIAN_PEPPER_ROOT;10009;15;10006;21;;;10015;28;10017;19;;;10012.0;0.0
yf_ADM_d11;1800;ASH_COATED_OSMIUM;10066;19;10063;19;;;10072;13;10076;14;;;10069.0;0.0
yf_ADM_d11;1800;INTARIAN_PEPPER_ROOT;10006;8;10002;16;;;10021;13;10025;20;;;10013.5;0.0
yf_ADM_d11;1900;ASH_COATED_OSMIUM;10066;21;10062;27;;;10072;16;10076;13;;;10069.0;0.0
yf_ADM_d11;1900;INTARIAN_PEPPER_ROOT;10011;23;10009;23;;;10017;13;10020;18;;;10014.0;0.0
yf_ADM_d11;2000;ASH_COATED_OSMIUM;10067;19;10064;23;;;10073;11;10076;12;;;10070.0;0.0
yf_ADM_d11;2000;INTARIAN_PEPPER_ROOT;10012;17;10009;25;;;10018;25;10022;24;;;10015.0;0.0
yf_ADM_d11;2100;ASH_COATED_OSMIUM;10059;20;10057;26;;;10080;9;10083;15;;;10069.5;0.0
yf_ADM_d11;2100;INTARIAN_PEPPER_ROOT;10010;19;10006;23;;;10020;18;10022;19;;;10015.0;0.0
yf_ADM_d11;2200;ASH_COATED_OSMIUM;10067;18;10065;16;;;10073;17;10075;21;;;10070.0;0.0
yf_ADM_d11;2200;INTARIAN_PEPPER_ROOT;10013;6;10010;19;;;10019;24;10023;18;;;10016.0;0.0
yf_ADM_d11;2300;ASH_COATED_OSMIUM;10066;12;10063;19;;;10072;20;10075;16;;;10069.0;0.0
yf_ADM_d11;2300;INTARIAN_PEPPER_ROOT;10013;21;10011;28;;;10021;19;10024;24;;;10017.0;0.0
yf_ADM_d11;2400;ASH_COATED_OSMIUM;10064;17;10060;16;;;10073;20;10075;28;;;10068.5;0.0
yf_ADM_d11;2400;INTARIAN_PEPPER_ROOT;10015;5;10013;22;;;10021;24;10025;15;;;10018.0;0.0
yf_ADM_d11;2500;ASH_COATED_OSMIUM;10066;8;10062;25;;;10072;20;10075;11;;;10069.0;0.0
yf_ADM_d11;2500;INTARIAN_PEPPER_ROOT;10016;15;10013;16;;;10022;15;10026;33;;;10019.0;0.0
yf_ADM_d11;2600;ASH_COATED_OSMIUM;10066;11;10064;20;;;10072;13;10076;12;;;10069.0;0.0
yf_ADM_d11;2600;INTARIAN_PEPPER_ROOT;10013;13;10010;13;;;10027;5;10031;21;;;10020.0;0.0
yf_ADM_d11;2700;ASH_COATED_OSMIUM;10066;18;10064;20;;;10072;6;10075;19;;;10069.0;0.0
yf_ADM_d11;2700;INTARIAN_PEPPER_ROOT;10017;13;10014;16;;;10023;21;10026;19;;;10020.0;0.0
yf_ADM_d11;2800;ASH_COATED_OSMIUM;10066;15;10063;8;;;10072;7;10074;26;;;10069.0;0.0
yf_ADM_d11;2800;INTARIAN_PEPPER_ROOT;10012;23;10010;24;;;10030;17;10032;29;;;10021.0;0.0
yf_ADM_d11;2900;ASH_COATED_OSMIUM;10066;9;10064;21;;;10072;19;10074;16;;;10069.0;0.0
yf_ADM_d11;2900;INTARIAN_PEPPER_ROOT;10015;5;10013;17;;;10029;19;10033;23;;;10022.0;0.0
yf_ADM_d11;3000;ASH_COATED_OSMIUM;10066;23;10062;29;;;10072;15;10076;20;;;10069.0;0.0
yf_ADM_d11;3000;INTARIAN_PEPPER_ROOT;10020;19;10018;22;;;10026;11;10029;24;;;10023.0;0.0
yf_ADM_d11;3100;ASH_COATED_OSMIUM;10066;20;10064;30;;;10072;19;10074;20;;;10069.0;0.0
yf_ADM_d11;3100;INTARIAN_PEPPER_ROOT;10019;8;10015;24;;;10025;22;10029;19;;;10022.0;0.0
yf_ADM_d11;3200;ASH_COATED_OSMIUM;10065;18;10063;29;;;10074;16;10077;19;;;10069.5;0.0
yf_ADM_d11;3200;INTARIAN_PEPPER_ROOT;10013;9;10011;20;;;10035;17;10038;26;;;10024.0;0.0
yf_ADM_d11;3300;ASH_COATED_OSMIUM;10064;13;10061;26;;;10074;13;10076;22;;;10069.0;0.0
yf_ADM_d11;3300;INTARIAN_PEPPER_ROOT;10008;23;10006;31;;;10041;21;10044;22;;;10024.5;0.0
yf_ADM_d11;3400;ASH_COATED_OSMIUM;10066;19;10062;17;;;10072;17;10074;20;;;10069.0;0.0
yf_ADM_d11;3400;INTARIAN_PEPPER_ROOT;10022;15;10018;12;;;10028;18;10030;19;;;10025.0;0.0
yf_ADM_d11;3500;ASH_COATED_OSMIUM;10066;16;10062;24;;;10072;14;10076;14;;;10069.0;0.0
yf_ADM_d11;3500;INTARIAN_PEPPER_ROOT;10023;6;10019;14;;;10029;14;10032;11;;;10026.0;0.0
yf_ADM_d11;3600;ASH_COATED_OSMIUM;10066;20;10063;12;;;10072;8;10075;26;;;10069.0;0.0
yf_ADM_d11;3600;INTARIAN_PEPPER_ROOT;10023;24;10021;14;;;10031;22;10033;23;;;10027.0;0.0
yf_ADM_d11;3700;ASH_COATED_OSMIUM;10066;19;10063;20;;;10072;15;10074;19;;;10069.0;0.0
yf_ADM_d11;3700;INTARIAN_PEPPER_ROOT;10023;9;10019;19;;;10032;20;10036;15;;;10027.5;0.0
yf_ADM_d11;3800;ASH_COATED_OSMIUM;10065;20;10061;25;;;10071;13;10073;18;;;10068.0;0.0
yf_ADM_d11;3800;INTARIAN_PEPPER_ROOT;10016;15;10014;19;;;10041;19;10043;24;;;10028.5;0.0
yf_ADM_d11;3900;ASH_COATED_OSMIUM;10063;12;10060;17;;;10074;7;10076;21;;;10068.5;0.0
yf_ADM_d11;3900;INTARIAN_PEPPER_ROOT;10026;8;10022;18;;;10032;13;10036;22;;;10029.0;0.0
yf_ADM_d11;4000;ASH_COATED_OSMIUM;10066;19;10062;20;;;10072;12;10076;20;;;10069.0;0.0
yf_ADM_d11;4000;INTARIAN_PEPPER_ROOT;10027;12;10024;18;;;10033;21;10037;23;;;10030.0;0.0
yf_ADM_d11;4100;ASH_COATED_OSMIUM;10066;5;10062;22;;;10072;5;10075;24;;;10069.0;0.0
yf_ADM_d11;4100;INTARIAN_PEPPER_ROOT;10028;24;10026;24;;;10034;13;10037;21;;;10031.0;0.0
yf_ADM_d11;4200;ASH_COATED_OSMIUM;10065;19;10062;12;;;10073;11;10077;12;;;10069.0;0.0
yf_ADM_d11;4200;INTARIAN_PEPPER_ROOT;10028;16;10026;28;;;10034;7;10038;22;;;10031.0;0.0
yf_ADM_d11;4300;ASH_COATED_OSMIUM;10066;12;10064;16;;;10072;14;10075;15;;;10069.0;0.0
yf_ADM_d11;4300;INTARIAN_PEPPER_ROOT;10029;17;10027;16;;;10036;16;10040;24;;;10032.5;0.0
yf_ADM_d11;4400;ASH_COATED_OSMIUM;10066;16;10063;13;;;10072;14;10076;23;;;10069.0;0.0
yf_ADM_d11;4400;INTARIAN_PEPPER_ROOT;10026;12;10024;19;;;10040;12;10044;19;;;10033.0;0.0
yf_ADM_d11;4500;ASH_COATED_OSMIUM;10066;7;10064;23;;;10072;14;10076;20;;;10069.0;0.0
yf_ADM_d11;4500;INTARIAN_PEPPER_ROOT;10031;13;10029;21;;;10037;16;10041;10;;;10034.0;0.0
yf_ADM_d11;4600;ASH_COATED_OSMIUM;10066;13;10063;22;;;10072;13;10076;29;;;10069.0;0.0
yf_ADM_d11;4600;INTARIAN_PEPPER_ROOT;10032;22;10030;22;;;10038;15;10040;24;;;10035.0;0.0
yf_ADM_d11;4700;ASH_COATED_OSMIUM;10066;13;10062;19;;;10072;15;10075;25;;;10069.0;0.0
yf_ADM_d11;4700;INTARIAN_PEPPER_ROOT;10032;6;10029;23;;;10040;14;10043;15;;;10036.0;0.0
yf_ADM_d11;4800;ASH_COATED_OSMIUM;10066;9;10062;18;;;10072;5;10074;21;;;10069.0;0.0
yf_ADM_d11;4800;INTARIAN_PEPPER_ROOT;10033;10;10031;20;;;10039;15;10043;14;;;10036.0;0.0
yf_ADM_d11;4900;ASH_COATED_OSMIUM;10066;21;10062;17;;;10072;22;10076;17;;;10069.0;0.0
yf_ADM_d11;4900;INTARIAN_PEPPER_ROOT;10031;21;10028;20;;;10043;5;10046;21;;;10037.0;0.0
yf_ADM_d11;5000;ASH_COATED_OSMIUM;10059;10;10056;19;;;10078;17;10082;25;;;10068.5;0.0
yf_ADM_d11;5000;INTARIAN_PEPPER_ROOT;10035;10;10032;16;;;10041;9;10045;20;;;10038.0;0.0
yf_ADM_d11;5100;ASH_COATED_OSMIUM;10066;18;10063;16;;;10072;10;10076;23;;;10069.0;0.0
yf_ADM_d11;5100;INTARIAN_PEPPER_ROOT;10036;16;10033;24;;;10042;16;10044;17;;;10039.0;0.0
yf_ADM_d11;5200;ASH_COATED_OSMIUM;10066;13;10062;29;;;10072;17;10074;24;;;10069.0;0.0
yf_ADM_d11;5200;INTARIAN_PEPPER_ROOT;10037;11;10034;26;;;10043;11;10045;23;;;10040.0;0.0
yf_ADM_d11;5300;ASH_COATED_OSMIUM;10066;17;10062;24;;;10072;8;10074;22;;;10069.0;0.0
yf_ADM_d11;5300;INTARIAN_PEPPER_ROOT;10036;17;10034;23;;;10042;9;10044;21;;;10039.0;0.0
yf_ADM_d11;5400;ASH_COATED_OSMIUM;10066;25;10064;24;;;10072;17;10076;30;;;10069.0;0.0
yf_ADM_d11;5400;INTARIAN_PEPPER_ROOT;10038;12;10034;24;;;10044;22;10047;19;;;10041.0;0.0
yf_ADM_d11;5500;ASH_COATED_OSMIUM;10066;8;10063;19;;;10072;15;10075;21;;;10069.0;0.0
yf_ADM_d11;5500;INTARIAN_PEPPER_ROOT;10038;20;10036;26;;;10045;14;10047;17;;;10041.5;0.0
yf_ADM_d11;5600;ASH_COATED_OSMIUM;10051;8;10047;25;;;10087;17;10089;17;;;10069.0;0.0
yf_ADM_d11;5600;INTARIAN_PEPPER_ROOT;10040;9;10036;20;;;10046;13;10050;17;;;10043.0;0.0
yf_ADM_d11;5700;ASH_COATED_OSMIUM;10055;18;10052;15;;;10082;19;10086;18;;;10068.5;0.0
yf_ADM_d11;5700;INTARIAN_PEPPER_ROOT;10040;16;10038;30;;;10046;17;10050;29;;;10043.0;0.0
yf_ADM_d11;5800;ASH_COATED_OSMIUM;10066;12;10062;16;;;10072;10;10075;20;;;10069.0;0.0
yf_ADM_d11;5800;INTARIAN_PEPPER_ROOT;10035;14;10033;14;;;10053;12;10055;15;;;10044.0;0.0
yf_ADM_d11;5900;ASH_COATED_OSMIUM;10062;16;10059;20;;;10075;17;10077;26;;;10068.5;0.0
yf_ADM_d11;5900;INTARIAN_PEPPER_ROOT;10039;25;10035;23;;;10051;15;10053;30;;;10045.0;0.0
yf_ADM_d11;6000;ASH_COATED_OSMIUM;10065;9;10063;22;;;10071;12;10073;8;;;10068.0;0.0
yf_ADM_d11;6000;INTARIAN_PEPPER_ROOT;10043;30;10040;27;;;10049;21;10053;20;;;10046.0;0.0
yf_ADM_d11;6100;ASH_COATED_OSMIUM;10066;19;10063;17;;;10072;17;10076;18;;;10069.0;0.0
yf_ADM_d11;6100;INTARIAN_PEPPER_ROOT;10044;11;10040;17;;;10050;21;10052;20;;;10047.0;0.0
yf_ADM_d11;6200;ASH_COATED_OSMIUM;10063;22;10060;23;;;10074;27;10077;18;;;10068.5;0.0
yf_ADM_d11;6200;INTARIAN_PEPPER_ROOT;10044;25;10041;24;;;10050;19;10052;18;;;10047.0;0.0
yf_ADM_d11;6300;ASH_COATED_OSMIUM;10066;11;10063;20;;;10072;9;10074;18;;;10069.0;0.0
yf_ADM_d11;6300;INTARIAN_PEPPER_ROOT;10044;17;10041;22;;;10050;15;10054;20;;;10047.0;0.0
yf_ADM_d11;6400;ASH_COATED_OSMIUM;10066;21;10063;24;;;10072;13;10075;22;;;10069.0;0.0
yf_ADM_d11;6400;INTARIAN_PEPPER_ROOT;10044;20;10040;21;;;10053;14;10055;20;;;10048.5;0.0
yf_ADM_d11;6500;ASH_COATED_OSMIUM;10066;11;10064;25;;;10072;5;10074;15;;;10069.0;0.0
yf_ADM_d11;6500;INTARIAN_PEPPER_ROOT;10046;16;10043;16;;;10052;14;10054;16;;;10049.0;0.0
yf_ADM_d11;6600;ASH_COATED_OSMIUM;10060;10;10056;30;;;10077;21;10079;17;;;10068.5;0.0
yf_ADM_d11;6600;INTARIAN_PEPPER_ROOT;10045;13;10043;21;;;10055;9;10059;22;;;10050.0;0.0
yf_ADM_d11;6700;ASH_COATED_OSMIUM;10065;18;10063;23;;;10071;14;10074;14;;;10068.0;0.0
yf_ADM_d11;6700;INTARIAN_PEPPER_ROOT;10048;19;10045;21;;;10055;11;10058;17;;;10051.5;0.0
yf_ADM_d11;6800;ASH_COATED_OSMIUM;10065;20;10061;18;;;10071;14;10074;17;;;10068.0;0.0
yf_ADM_d11;6800;INTARIAN_PEPPER_ROOT;10049;12;10045;17;;;10055;18;10058;26;;;10052.0;0.0
yf_ADM_d11;6900;ASH_COATED_OSMIUM;10059;19;10056;23;;;10077;16;10079;23;;;10068.0;0.0
yf_ADM_d11;6900;INTARIAN_PEPPER_ROOT;10050;14;10048;20;;;10056;8;10060;17;;;10053.0;0.0
yf_ADM_d11;7000;ASH_COATED_OSMIUM;10064;16;10061;19;;;10073;17;10077;16;;;10068.5;0.0
yf_ADM_d11;7000;INTARIAN_PEPPER_ROOT;10045;18;10041;34;;;10062;12;10065;17;;;10053.5;0.0
yf_ADM_d11;7100;ASH_COATED_OSMIUM;10066;12;10062;22;;;10072;17;10076;8;;;10069.0;0.0
yf_ADM_d11;7100;INTARIAN_PEPPER_ROOT;10045;7;10043;15;;;10062;16;10065;22;;;10053.5;0.0
yf_ADM_d11;7200;ASH_COATED_OSMIUM;10065;8;10063;22;;;10071;8;10073;22;;;10068.0;0.0
yf_ADM_d11;7200;INTARIAN_PEPPER_ROOT;10052;7;10048;17;;;10058;16;10060;23;;;10055.0;0.0
yf_ADM_d11;7300;ASH_COATED_OSMIUM;10065;18;10061;24;;;10071;20;10073;15;;;10068.0;0.0
yf_ADM_d11;7300;INTARIAN_PEPPER_ROOT;10048;10;10044;20;;;10063;7;10067;19;;;10055.5;0.0
yf_ADM_d11;7400;ASH_COATED_OSMIUM;10064;7;10060;14;;;10072;25;10076;19;;;10068.0;0.0
yf_ADM_d11;7400;INTARIAN_PEPPER_ROOT;10053;7;10050;14;;;10059;14;10062;13;;;10056.0;0.0
yf_ADM_d11;7500;ASH_COATED_OSMIUM;10062;20;10059;23;;;10073;17;10077;21;;;10067.5;0.0
yf_ADM_d11;7500;INTARIAN_PEPPER_ROOT;10054;14;10051;18;;;10060;11;10063;31;;;10057.0;0.0
yf_ADM_d11;7600;ASH_COATED_OSMIUM;10056;18;10052;14;;;10080;5;10084;21;;;10068.0;0.0
yf_ADM_d11;7600;INTARIAN_PEPPER_ROOT;10055;11;10051;15;;;10061;12;10063;9;;;10058.0;0.0
yf_ADM_d11;7700;ASH_COATED_OSMIUM;10065;15;10061;8;;;10071;12;10075;26;;;10068.0;0.0
yf_ADM_d11;7700;INTARIAN_PEPPER_ROOT;10052;26;10050;24;;;10064;19;10066;21;;;10058.0;0.0
yf_ADM_d11;7800;ASH_COATED_OSMIUM;10056;14;10053;8;;;10080;14;10083;17;;;10068.0;0.0
yf_ADM_d11;7800;INTARIAN_PEPPER_ROOT;10048;15;10044;15;;;10071;7;10074;18;;;10059.5;0.0
yf_ADM_d11;7900;ASH_COATED_OSMIUM;10062;22;10059;8;;;10075;9;10079;28;;;10068.5;0.0
yf_ADM_d11;7900;INTARIAN_PEPPER_ROOT;10057;7;10054;12;;;10063;12;10066;19;;;10060.0;0.0
yf_ADM_d11;8000;ASH_COATED_OSMIUM;10065;14;10063;18;;;10073;7;10077;23;;;10069.0;0.0
yf_ADM_d11;8000;INTARIAN_PEPPER_ROOT;10056;18;10052;18;;;10066;11;10070;26;;;10061.0;0.0
yf_ADM_d11;8100;ASH_COATED_OSMIUM;10065;9;10062;20;;;10072;11;10075;19;;;10068.5;0.0
yf_ADM_d11;8100;INTARIAN_PEPPER_ROOT;10058;5;10054;18;;;10065;24;10068;23;;;10061.5;0.0
yf_ADM_d11;8200;ASH_COATED_OSMIUM;10065;7;10063;21;;;10071;8;10074;16;;;10068.0;0.0
yf_ADM_d11;8200;INTARIAN_PEPPER_ROOT;10060;19;10056;19;;;10066;13;10070;34;;;10063.0;0.0
yf_ADM_d11;8300;ASH_COATED_OSMIUM;10064;18;10061;25;;;10072;20;10075;28;;;10068.0;0.0
yf_ADM_d11;8300;INTARIAN_PEPPER_ROOT;10060;11;10057;30;;;10066;9;10068;31;;;10063.0;0.0
yf_ADM_d11;8400;ASH_COATED_OSMIUM;10062;11;10060;26;;;10076;14;10080;17;;;10069.0;0.0
yf_ADM_d11;8400;INTARIAN_PEPPER_ROOT;10061;11;10058;23;;;10067;23;10070;25;;;10064.0;0.0
yf_ADM_d11;8500;ASH_COATED_OSMIUM;10065;20;10061;18;;;10071;19;10075;25;;;10068.0;0.0
yf_ADM_d11;8500;INTARIAN_PEPPER_ROOT;10059;16;10056;15;;;10070;6;10072;19;;;10064.5;0.0
yf_ADM_d11;8600;ASH_COATED_OSMIUM;10065;15;10062;25;;;10072;21;10076;24;;;10068.5;0.0
yf_ADM_d11;8600;INTARIAN_PEPPER_ROOT;10063;11;10059;16;;;10069;14;10073;24;;;10066.0;0.0
yf_ADM_d11;8700;ASH_COATED_OSMIUM;10065;5;10063;14;;;10071;15;10075;23;;;10068.0;0.0
yf_ADM_d11;8700;INTARIAN_PEPPER_ROOT;10058;25;10054;16;;;10074;14;10076;22;;;10066.0;0.0
yf_ADM_d11;8800;ASH_COATED_OSMIUM;10065;13;10061;19;;;10071;7;10073;10;;;10068.0;0.0
yf_ADM_d11;8800;INTARIAN_PEPPER_ROOT;10061;22;10059;19;;;10073;11;10075;20;;;10067.0;0.0
yf_ADM_d11;8900;ASH_COATED_OSMIUM;10061;11;10059;16;;;10075;7;10079;21;;;10068.0;0.0
yf_ADM_d11;8900;INTARIAN_PEPPER_ROOT;10058;20;10054;19;;;10077;10;10081;23;;;10067.5;0.0
yf_ADM_d11;9000;ASH_COATED_OSMIUM;10065;20;10062;13;;;10071;17;10075;16;;;10068.0;0.0
yf_ADM_d11;9000;INTARIAN_PEPPER_ROOT;10065;17;10061;17;;;10071;16;10073;14;;;10068.0;0.0
yf_ADM_d11;9100;ASH_COATED_OSMIUM;10065;14;10063;20;;;10071;15;10074;13;;;10068.0;0.0
yf_ADM_d11;9100;INTARIAN_PEPPER_ROOT;10066;7;10062;15;;;10072;16;10076;16;;;10069.0;0.0
yf_ADM_d11;9200;ASH_COATED_OSMIUM;10065;13;10061;23;;;10071;10;10074;23;;;10068.0;0.0
yf_ADM_d11;9200;INTARIAN_PEPPER_ROOT;10058;16;10056;21;;;10081;14;10083;22;;;10069.5;0.0
yf_ADM_d11;9300;ASH_COATED_OSMIUM;10062;13;10058;16;;;10074;12;10077;13;;;10068.0;0.0
yf_ADM_d11;9300;INTARIAN_PEPPER_ROOT;10068;5;10064;22;;;10074;10;10078;16;;;10071.0;0.0
yf_ADM_d11;9400;ASH_COATED_OSMIUM;10064;9;10061;25;;;10071;7;10074;10;;;10067.5;0.0
yf_ADM_d11;9400;INTARIAN_PEPPER_ROOT;10063;12;10059;15;;;10079;15;10082;16;;;10071.0;0.0
yf_ADM_d11;9500;ASH_COATED_OSMIUM;10065;5;10063;17;;;10071;12;10075;20;;;10068.0;0.0
yf_ADM_d11;9500;INTARIAN_PEPPER_ROOT;10069;25;10065;20;;;10075;13;10078;21;;;10072.0;0.0
yf_ADM_d11;9600;ASH_COATED_OSMIUM;10065;13;10063;15;;;10071;12;10075;20;;;10068.0;0.0
yf_ADM_d11;9600;INTARIAN_PEPPER_ROOT;10070;17;10066;23;;;10076;20;10079;27;;;10073.0;0.0
yf_ADM_d11;9700;ASH_COATED_OSMIUM;10064;18;10062;15;;;10071;5;10075;24;;;10067.5;0.0
yf_ADM_d11;9700;INTARIAN_PEPPER_ROOT;10070;12;10067;18;;;10076;19;10080;22;;;10073.0;0.0
yf_ADM_d11;9800;ASH_COATED_OSMIUM;10065;18;10061;15;;;10071;5;10075;18;;;10068.0;0.0
yf_ADM_d11;9800;INTARIAN_PEPPER_ROOT;10065;6;10063;18;;;10084;24;10087;20;;;10074.5;0.0
yf_ADM_d11;9900;ASH_COATED_OSMIUM;10065;11;10063;16;;;10071;15;10073;18;;;10068.0;0.0
yf_ADM_d11;9900;INTARIAN_PEPPER_ROOT;10073;16;10071;25;;;10079;13;10082;22;;;10076.0;0.0
yf_ADM_d11;10000;ASH_COATED_OSMIUM;10065;22;10061;19;;;10071;10;10074;9;;;10068.0;0.0
yf_ADM_d11;10000;INTARIAN_PEPPER_ROOT;10073;12;10071;15;;;10079;17;10083;32;;;10076.0;0.0
yf_ADM_d11;10100;ASH_COATED_OSMIUM;10065;16;10062;18;;;10071;25;10075;28;;;10068.0;0.0
yf_ADM_d11;10100;INTARIAN_PEPPER_ROOT;10074;11;10071;21;;;10080;15;10082;15;;;10077.0;0.0
yf_ADM_d11;10200;ASH_COATED_OSMIUM;10065;8;10063;19;;;10071;10;10073;20;;;10068.0;0.0
yf_ADM_d11;10200;INTARIAN_PEPPER_ROOT;10074;17;10070;11;;;10080;14;10084;24;;;10077.0;0.0
yf_ADM_d11;10300;ASH_COATED_OSMIUM;10063;12;10061;15;;;10073;17;10075;12;;;10068.0;0.0
yf_ADM_d11;10300;INTARIAN_PEPPER_ROOT;10072;5;10068;21;;;10084;5;10086;11;;;10078.0;0.0
yf_ADM_d11;10400;ASH_COATED_OSMIUM;10064;12;10061;21;;;10070;15;10073;18;;;10067.0;0.0
yf_ADM_d11;10400;INTARIAN_PEPPER_ROOT;10076;14;10073;24;;;10082;17;10084;23;;;10079.0;0.0
yf_ADM_d11;10500;ASH_COATED_OSMIUM;10064;9;10061;16;;;10073;12;10077;14;;;10068.5;0.0
yf_ADM_d11;10500;INTARIAN_PEPPER_ROOT;10077;24;10075;27;;;10083;19;10087;12;;;10080.0;0.0
yf_ADM_d11;10600;ASH_COATED_OSMIUM;10065;20;10063;20;;;10071;21;10073;19;;;10068.0;0.0
yf_ADM_d11;10600;INTARIAN_PEPPER_ROOT;10078;15;10076;18;;;10084;10;10088;14;;;10081.0;0.0
yf_ADM_d11;10700;ASH_COATED_OSMIUM;10056;13;10053;18;;;10079;21;10082;19;;;10067.5;0.0
yf_ADM_d11;10700;INTARIAN_PEPPER_ROOT;10055;9;10051;23;;;10108;18;10110;18;;;10081.5;0.0
yf_ADM_d11;10800;ASH_COATED_OSMIUM;10047;15;10045;21;;;10088;16;10091;25;;;10067.5;0.0
yf_ADM_d11;10800;INTARIAN_PEPPER_ROOT;10079;5;10075;25;;;10085;20;10087;26;;;10082.0;0.0
yf_ADM_d11;10900;ASH_COATED_OSMIUM;10050;15;10048;21;;;10087;13;10089;19;;;10068.5;0.0
yf_ADM_d11;10900;INTARIAN_PEPPER_ROOT;10080;10;10077;21;;;10086;20;10089;20;;;10083.0;0.0
yf_ADM_d11;11000;ASH_COATED_OSMIUM;10065;6;10061;24;;;10071;11;10073;15;;;10068.0;0.0
yf_ADM_d11;11000;INTARIAN_PEPPER_ROOT;10071;9;10067;13;;;10097;13;10101;16;;;10084.0;0.0
yf_ADM_d11;11100;ASH_COATED_OSMIUM;10060;10;10058;18;;;10075;16;10077;18;;;10067.5;0.0
yf_ADM_d11;11100;INTARIAN_PEPPER_ROOT;10072;22;10069;21;;;10097;12;10100;17;;;10084.5;0.0
yf_ADM_d11;11200;ASH_COATED_OSMIUM;10065;16;10061;22;;;10071;18;10073;25;;;10068.0;0.0
yf_ADM_d11;11200;INTARIAN_PEPPER_ROOT;10079;9;10077;22;;;10091;5;10095;12;;;10085.0;0.0
yf_ADM_d11;11300;ASH_COATED_OSMIUM;10064;16;10060;24;;;10070;15;10074;21;;;10067.0;0.0
yf_ADM_d11;11300;INTARIAN_PEPPER_ROOT;10080;17;10078;23;;;10092;16;10096;21;;;10086.0;0.0
yf_ADM_d11;11400;ASH_COATED_OSMIUM;10064;5;10060;20;;;10070;22;10072;12;;;10067.0;0.0
yf_ADM_d11;11400;INTARIAN_PEPPER_ROOT;10084;11;10081;24;;;10090;11;10093;17;;;10087.0;0.0
yf_ADM_d11;11500;ASH_COATED_OSMIUM;10061;11;10057;15;;;10074;9;10076;22;;;10067.5;0.0
yf_ADM_d11;11500;INTARIAN_PEPPER_ROOT;10083;12;10079;28;;;10091;23;10094;25;;;10087.0;0.0
yf_ADM_d11;11600;ASH_COATED_OSMIUM;10064;17;10061;23;;;10070;18;10074;18;;;10067.0;0.0
yf_ADM_d11;11600;INTARIAN_PEPPER_ROOT;10085;14;10081;17;;;10091;20;10094;20;;;10088.0;0.0
yf_ADM_d11;11700;ASH_COATED_OSMIUM;10065;6;10061;22;;;10071;18;10073;13;;;10068.0;0.0
yf_ADM_d11;11700;INTARIAN_PEPPER_ROOT;10079;18;10075;22;;;10100;21;10102;19;;;10089.5;0.0
yf_ADM_d11;11800;ASH_COATED_OSMIUM;10060;15;10057;19;;;10075;16;10079;24;;;10067.5;0.0
yf_ADM_d11;11800;INTARIAN_PEPPER_ROOT;10087;13;10085;20;;;10093;8;10097;24;;;10090.0;0.0
yf_ADM_d11;11900;ASH_COATED_OSMIUM;10064;12;10061;18;;;10070;13;10072;27;;;10067.0;0.0
yf_ADM_d11;11900;INTARIAN_PEPPER_ROOT;10083;15;10081;23;;;10097;12;10100;23;;;10090.0;0.0
yf_ADM_d11;12000;ASH_COATED_OSMIUM;10060;27;10056;12;;;10075;7;10078;12;;;10067.5;0.0
yf_ADM_d11;12000;INTARIAN_PEPPER_ROOT;10087;22;10084;13;;;10096;28;10099;21;;;10091.5;0.0
yf_ADM_d11;12100;ASH_COATED_OSMIUM;10065;12;10062;19;;;10071;15;10075;16;;;10068.0;0.0
yf_ADM_d11;12100;INTARIAN_PEPPER_ROOT;10088;12;10085;20;;;10094;11;10097;14;;;10091.0;0.0
yf_ADM_d11;12200;ASH_COATED_OSMIUM;10065;17;10062;19;;;10071;20;10074;15;;;10068.0;0.0
yf_ADM_d11;12200;INTARIAN_PEPPER_ROOT;10090;12;10088;20;;;10097;18;10099;16;;;10093.5;0.0
yf_ADM_d11;12300;ASH_COATED_OSMIUM;10061;21;10059;17;;;10073;15;10076;14;;;10067.0;0.0
yf_ADM_d11;12300;INTARIAN_PEPPER_ROOT;10089;26;10087;19;;;10098;19;10100;19;;;10093.5;0.0
yf_ADM_d11;12400;ASH_COATED_OSMIUM;10064;15;10060;16;;;10070;22;10072;23;;;10067.0;0.0
yf_ADM_d11;12400;INTARIAN_PEPPER_ROOT;10089;14;10086;15;;;10099;12;10103;21;;;10094.0;0.0
yf_ADM_d11;12500;ASH_COATED_OSMIUM;10063;16;10060;19;;;10070;11;10073;19;;;10066.5;0.0
yf_ADM_d11;12500;INTARIAN_PEPPER_ROOT;10093;11;10089;20;;;10099;19;10101;22;;;10096.0;0.0
yf_ADM_d11;12600;ASH_COATED_OSMIUM;10063;19;10061;13;;;10071;17;10075;18;;;10067.0;0.0
yf_ADM_d11;12600;INTARIAN_PEPPER_ROOT;10090;18;10087;16;;;10101;22;10104;23;;;10095.5;0.0
yf_ADM_d11;12700;ASH_COATED_OSMIUM;10059;23;10057;22;;;10075;13;10078;12;;;10067.0;0.0
yf_ADM_d11;12700;INTARIAN_PEPPER_ROOT;10094;14;10090;17;;;10100;20;10104;21;;;10097.0;0.0
yf_ADM_d11;12800;ASH_COATED_OSMIUM;10064;20;10061;21;;;10070;17;10073;13;;;10067.0;0.0
yf_ADM_d11;12800;INTARIAN_PEPPER_ROOT;10094;18;10091;21;;;10100;17;10103;19;;;10097.0;0.0
yf_ADM_d11;12900;ASH_COATED_OSMIUM;10064;25;10061;25;;;10070;8;10074;25;;;10067.0;0.0
yf_ADM_d11;12900;INTARIAN_PEPPER_ROOT;10095;12;10092;23;;;10101;13;10103;21;;;10098.0;0.0
yf_ADM_d11;13000;ASH_COATED_OSMIUM;10064;21;10061;20;;;10070;15;10072;11;;;10067.0;0.0
yf_ADM_d11;13000;INTARIAN_PEPPER_ROOT;10095;17;10093;19;;;10104;13;10106;28;;;10099.5;0.0
yf_ADM_d11;13100;ASH_COATED_OSMIUM;10064;11;10062;19;;;10070;15;10072;20;;;10067.0;0.0
yf_ADM_d11;13100;INTARIAN_PEPPER_ROOT;10097;15;10095;27;;;10103;13;10107;23;;;10100.0;0.0
yf_ADM_d11;13200;ASH_COATED_OSMIUM;10064;9;10061;25;;;10071;16;10074;19;;;10067.5;0.0
yf_ADM_d11;13200;INTARIAN_PEPPER_ROOT;10098;11;10096;24;;;10104;14;10108;25;;;10101.0;0.0
yf_ADM_d11;13300;ASH_COATED_OSMIUM;10064;8;10061;21;;;10070;21;10074;25;;;10067.0;0.0
yf_ADM_d11;13300;INTARIAN_PEPPER_ROOT;10098;14;10094;23;;;10105;14;10109;15;;;10101.5;0.0
yf_ADM_d11;13400;ASH_COATED_OSMIUM;10064;18;10062;18;;;10070;8;10074;20;;;10067.0;0.0
yf_ADM_d11;13400;INTARIAN_PEPPER_ROOT;10099;14;10096;21;;;10105;16;10109;26;;;10102.0;0.0
yf_ADM_d11;13500;ASH_COATED_OSMIUM;10062;18;10058;14;;;10073;16;10077;16;;;10067.5;0.0
yf_ADM_d11;13500;INTARIAN_PEPPER_ROOT;10099;19;10096;23;;;10106;18;10110;21;;;10102.5;0.0
yf_ADM_d11;13600;ASH_COATED_OSMIUM;10064;11;10061;23;;;10070;16;10072;23;;;10067.0;0.0
yf_ADM_d11;13600;INTARIAN_PEPPER_ROOT;10100;5;10098;20;;;10106;12;10108;21;;;10103.0;0.0
yf_ADM_d11;13700;ASH_COATED_OSMIUM;10064;17;10061;25;;;10070;18;10073;26;;;10067.0;0.0
yf_ADM_d11;13700;INTARIAN_PEPPER_ROOT;10101;12;10099;18;;;10107;19;10109;19;;;10104.0;0.0
yf_ADM_d11;13800;ASH_COATED_OSMIUM;10064;11;10062;14;;;10070;29;10072;14;;;10067.0;0.0
yf_ADM_d11;13800;INTARIAN_PEPPER_ROOT;10100;21;10096;19;;;10109;22;10113;25;;;10104.5;0.0
yf_ADM_d11;13900;ASH_COATED_OSMIUM;10064;11;10060;13;;;10070;24;10074;13;;;10067.0;0.0
yf_ADM_d11;13900;INTARIAN_PEPPER_ROOT;10094;5;10090;19;;;10118;9;10122;17;;;10106.0;0.0
yf_ADM_d11;14000;ASH_COATED_OSMIUM;10064;21;10061;22;;;10070;17;10074;24;;;10067.0;0.0
yf_ADM_d11;14000;INTARIAN_PEPPER_ROOT;10103;13;10101;15;;;10109;18;10111;12;;;10106.0;0.0
yf_ADM_d11;14100;ASH_COATED_OSMIUM;10065;6;10061;20;;;10071;18;10074;25;;;10068.0;0.0
yf_ADM_d11;14100;INTARIAN_PEPPER_ROOT;10105;14;10101;23;;;10111;11;10114;15;;;10108.0;0.0
yf_ADM_d11;14200;ASH_COATED_OSMIUM;10064;14;10061;15;;;10070;7;10073;22;;;10067.0;0.0
yf_ADM_d11;14200;INTARIAN_PEPPER_ROOT;10105;18;10102;19;;;10111;20;10114;20;;;10108.0;0.0
yf_ADM_d11;14300;ASH_COATED_OSMIUM;10064;11;10061;17;;;10070;16;10072;17;;;10067.0;0.0
yf_ADM_d11;14300;INTARIAN_PEPPER_ROOT;10104;5;10101;15;;;10112;14;10116;21;;;10108.0;0.0
yf_ADM_d11;14400;ASH_COATED_OSMIUM;10055;14;10052;13;;;10080;11;10083;24;;;10067.5;0.0
yf_ADM_d11;14400;INTARIAN_PEPPER_ROOT;10107;17;10105;23;;;10113;6;10115;19;;;10110.0;0.0
yf_ADM_d11;14500;ASH_COATED_OSMIUM;10064;18;10061;19;;;10070;20;10072;23;;;10067.0;0.0
yf_ADM_d11;14500;INTARIAN_PEPPER_ROOT;10106;22;10104;18;;;10116;11;10120;24;;;10111.0;0.0
yf_ADM_d11;14600;ASH_COATED_OSMIUM;10064;13;10061;22;;;10070;9;10072;17;;;10067.0;0.0
yf_ADM_d11;14600;INTARIAN_PEPPER_ROOT;10106;18;10103;13;;;10116;15;10119;14;;;10111.0;0.0
yf_ADM_d11;14700;ASH_COATED_OSMIUM;10058;9;10055;15;;;10077;23;10079;22;;;10067.5;0.0
yf_ADM_d11;14700;INTARIAN_PEPPER_ROOT;10109;12;10107;18;;;10115;11;10117;24;;;10112.0;0.0
yf_ADM_d11;14800;ASH_COATED_OSMIUM;10064;22;10061;20;;;10070;14;10072;22;;;10067.0;0.0
yf_ADM_d11;14800;INTARIAN_PEPPER_ROOT;10109;6;10106;15;;;10117;15;10120;8;;;10113.0;0.0
yf_ADM_d11;14900;ASH_COATED_OSMIUM;10063;17;10060;20;;;10069;15;10071;27;;;10066.0;0.0
yf_ADM_d11;14900;INTARIAN_PEPPER_ROOT;10110;14;10107;24;;;10116;21;10118;27;;;10113.0;0.0
yf_ADM_d11;15000;ASH_COATED_OSMIUM;10064;13;10061;28;;;10070;13;10072;22;;;10067.0;0.0
yf_ADM_d11;15000;INTARIAN_PEPPER_ROOT;10109;19;10105;22;;;10119;25;10122;17;;;10114.0;0.0
yf_ADM_d11;15100;ASH_COATED_OSMIUM;10064;23;10062;29;;;10070;14;10073;8;;;10067.0;0.0
yf_ADM_d11;15100;INTARIAN_PEPPER_ROOT;10112;16;10109;14;;;10118;14;10122;19;;;10115.0;0.0
yf_ADM_d11;15200;ASH_COATED_OSMIUM;10064;19;10062;22;;;10070;21;10074;17;;;10067.0;0.0
yf_ADM_d11;15200;INTARIAN_PEPPER_ROOT;10113;8;10109;18;;;10119;9;10121;18;;;10116.0;0.0
yf_ADM_d11;15300;ASH_COATED_OSMIUM;10063;12;10060;22;;;10069;14;10071;22;;;10066.0;0.0
yf_ADM_d11;15300;INTARIAN_PEPPER_ROOT;10113;18;10110;13;;;10119;17;10123;16;;;10116.0;0.0
yf_ADM_d11;15400;ASH_COATED_OSMIUM;10062;9;10060;17;;;10072;8;10075;34;;;10067.0;0.0
yf_ADM_d11;15400;INTARIAN_PEPPER_ROOT;10114;17;10110;14;;;10120;6;10123;19;;;10117.0;0.0
yf_ADM_d11;15500;ASH_COATED_OSMIUM;10064;5;10060;14;;;10070;13;10073;20;;;10067.0;0.0
yf_ADM_d11;15500;INTARIAN_PEPPER_ROOT;10112;14;10108;17;;;10124;16;10126;19;;;10118.0;0.0
yf_ADM_d11;15600;ASH_COATED_OSMIUM;10056;22;10052;14;;;10077;12;10081;25;;;10066.5;0.0
yf_ADM_d11;15600;INTARIAN_PEPPER_ROOT;10116;18;10114;16;;;10122;22;10126;17;;;10119.0;0.0
yf_ADM_d11;15700;ASH_COATED_OSMIUM;10064;14;10061;18;;;10070;21;10074;19;;;10067.0;0.0
yf_ADM_d11;15700;INTARIAN_PEPPER_ROOT;10117;15;10115;21;;;10123;14;10125;22;;;10120.0;0.0
yf_ADM_d11;15800;ASH_COATED_OSMIUM;10064;13;10062;25;;;10070;15;10073;16;;;10067.0;0.0
yf_ADM_d11;15800;INTARIAN_PEPPER_ROOT;10117;14;10114;22;;;10123;9;10126;16;;;10120.0;0.0
yf_ADM_d11;15900;ASH_COATED_OSMIUM;10063;12;10061;26;;;10069;21;10073;22;;;10066.0;0.0
yf_ADM_d11;15900;INTARIAN_PEPPER_ROOT;10118;24;10114;22;;;10124;6;10127;16;;;10121.0;0.0
yf_ADM_d11;16000;ASH_COATED_OSMIUM;10052;23;10048;18;;;10081;22;10084;14;;;10066.5;0.0
yf_ADM_d11;16000;INTARIAN_PEPPER_ROOT;10115;10;10113;14;;;10129;16;10131;19;;;10122.0;0.0
yf_ADM_d11;16100;ASH_COATED_OSMIUM;10063;14;10059;17;;;10069;23;10073;18;;;10066.0;0.0
yf_ADM_d11;16100;INTARIAN_PEPPER_ROOT;10117;21;10115;13;;;10128;18;10132;18;;;10122.5;0.0
yf_ADM_d11;16200;ASH_COATED_OSMIUM;10064;14;10060;19;;;10070;18;10074;13;;;10067.0;0.0
yf_ADM_d11;16200;INTARIAN_PEPPER_ROOT;10120;12;10117;17;;;10126;8;10129;20;;;10123.0;0.0
yf_ADM_d11;16300;ASH_COATED_OSMIUM;10056;12;10052;21;;;10077;25;10079;25;;;10066.5;0.0
yf_ADM_d11;16300;INTARIAN_PEPPER_ROOT;10117;12;10113;19;;;10132;23;10135;26;;;10124.5;0.0
yf_ADM_d11;16400;ASH_COATED_OSMIUM;10063;10;10059;31;;;10069;17;10073;24;;;10066.0;0.0
yf_ADM_d11;16400;INTARIAN_PEPPER_ROOT;10122;13;10120;12;;;10128;19;10132;14;;;10125.0;0.0
yf_ADM_d11;16500;ASH_COATED_OSMIUM;10062;13;10060;30;;;10071;13;10073;23;;;10066.5;0.0
yf_ADM_d11;16500;INTARIAN_PEPPER_ROOT;10121;12;10117;14;;;10131;18;10133;19;;;10126.0;0.0
yf_ADM_d11;16600;ASH_COATED_OSMIUM;10062;13;10058;18;;;10072;29;10074;19;;;10067.0;0.0
yf_ADM_d11;16600;INTARIAN_PEPPER_ROOT;10122;11;10119;13;;;10130;17;10133;34;;;10126.0;0.0
yf_ADM_d11;16700;ASH_COATED_OSMIUM;10063;14;10059;17;;;10069;7;10072;17;;;10066.0;0.0
yf_ADM_d11;16700;INTARIAN_PEPPER_ROOT;10125;8;10122;14;;;10131;12;10135;21;;;10128.0;0.0
yf_ADM_d11;16800;ASH_COATED_OSMIUM;10061;15;10057;12;;;10073;15;10075;25;;;10067.0;0.0
yf_ADM_d11;16800;INTARIAN_PEPPER_ROOT;10124;18;10121;14;;;10130;25;10132;16;;;10127.0;0.0
yf_ADM_d11;16900;ASH_COATED_OSMIUM;10058;12;10056;28;;;10076;19;10078;27;;;10067.0;0.0
yf_ADM_d11;16900;INTARIAN_PEPPER_ROOT;10126;9;10123;19;;;10132;6;10135;19;;;10129.0;0.0
yf_ADM_d11;17000;ASH_COATED_OSMIUM;10062;14;10060;20;;;10070;13;10074;18;;;10066.0;0.0
yf_ADM_d11;17000;INTARIAN_PEPPER_ROOT;10128;12;10125;18;;;10134;17;10137;28;;;10131.0;0.0
yf_ADM_d11;17100;ASH_COATED_OSMIUM;10057;18;10054;12;;;10076;6;10079;14;;;10066.5;0.0
yf_ADM_d11;17100;INTARIAN_PEPPER_ROOT;10131;17;10127;19;;;10137;14;10140;23;;;10134.0;0.0
yf_ADM_d11;17200;ASH_COATED_OSMIUM;10063;10;10060;18;;;10069;16;10072;13;;;10066.0;0.0
yf_ADM_d11;17200;INTARIAN_PEPPER_ROOT;10133;7;10129;10;;;10144;6;10147;17;;;10138.5;0.0
yf_ADM_d11;17300;ASH_COATED_OSMIUM;10062;14;10058;22;;;10072;19;10074;21;;;10067.0;0.0
yf_ADM_d11;17300;INTARIAN_PEPPER_ROOT;10139;21;10135;13;;;10145;9;10148;16;;;10142.0;0.0
yf_ADM_d11;17400;ASH_COATED_OSMIUM;10063;10;10061;27;;;10069;21;10071;17;;;10066.0;0.0
yf_ADM_d11;17400;INTARIAN_PEPPER_ROOT;10142;16;10139;21;;;10148;9;10151;10;;;10145.0;0.0
yf_ADM_d11;17500;ASH_COATED_OSMIUM;10064;7;10060;19;;;10070;5;10074;18;;;10067.0;0.0
yf_ADM_d11;17500;INTARIAN_PEPPER_ROOT;10145;16;10141;27;;;10151;16;10154;18;;;10148.0;0.0
yf_ADM_d11;17600;ASH_COATED_OSMIUM;10062;5;10059;17;;;10069;20;10072;17;;;10065.5;0.0
yf_ADM_d11;17600;INTARIAN_PEPPER_ROOT;10149;10;10147;15;;;10155;10;10159;25;;;10152.0;0.0
yf_ADM_d11;17700;ASH_COATED_OSMIUM;10064;10;10060;18;;;10070;17;10074;17;;;10067.0;0.0
yf_ADM_d11;17700;INTARIAN_PEPPER_ROOT;10151;17;10147;18;;;10158;13;10160;8;;;10154.5;0.0
yf_ADM_d11;17800;ASH_COATED_OSMIUM;10060;13;10057;10;;;10074;15;10078;17;;;10067.0;0.0
yf_ADM_d11;17800;INTARIAN_PEPPER_ROOT;10156;9;10154;24;;;10162;21;10164;12;;;10159.0;0.0
yf_ADM_d11;17900;ASH_COATED_OSMIUM;10063;17;10060;23;;;10069;8;10072;25;;;10066.0;0.0
yf_ADM_d11;17900;INTARIAN_PEPPER_ROOT;10134;12;10130;21;;;10191;14;10193;18;;;10162.5;0.0
yf_ADM_d11;18000;ASH_COATED_OSMIUM;10060;5;10058;28;;;10071;18;10075;20;;;10065.5;0.0
yf_ADM_d11;18000;INTARIAN_PEPPER_ROOT;10162;20;10159;27;;;10168;13;10172;17;;;10165.0;0.0
yf_ADM_d11;18100;ASH_COATED_OSMIUM;10063;7;10059;20;;;10069;17;10072;19;;;10066.0;0.0
yf_ADM_d11;18100;INTARIAN_PEPPER_ROOT;10165;13;10163;16;;;10174;15;10176;19;;;10169.5;0.0
yf_ADM_d11;18200;ASH_COATED_OSMIUM;10063;14;10060;16;;;10069;22;10072;17;;;10066.0;0.0
yf_ADM_d11;18200;INTARIAN_PEPPER_ROOT;10156;14;10153;24;;;10188;20;10192;16;;;10172.0;0.0
yf_ADM_d11;18300;ASH_COATED_OSMIUM;10063;26;10059;17;;;10069;18;10073;19;;;10066.0;0.0
yf_ADM_d11;18300;INTARIAN_PEPPER_ROOT;10173;12;10170;26;;;10179;8;10181;14;;;10176.0;0.0
yf_ADM_d11;18400;ASH_COATED_OSMIUM;10063;14;10061;25;;;10069;11;10072;14;;;10066.0;0.0
yf_ADM_d11;18400;INTARIAN_PEPPER_ROOT;10177;11;10174;13;;;10183;9;10187;20;;;10180.0;0.0
yf_ADM_d11;18500;ASH_COATED_OSMIUM;10054;15;10050;18;;;10080;10;10082;17;;;10067.0;0.0
yf_ADM_d11;18500;INTARIAN_PEPPER_ROOT;10176;23;10174;25;;;10189;9;10193;20;;;10182.5;0.0
yf_ADM_d11;18600;ASH_COATED_OSMIUM;10063;12;10060;15;;;10069;13;10072;22;;;10066.0;0.0
yf_ADM_d11;18600;INTARIAN_PEPPER_ROOT;10182;20;10178;27;;;10189;21;10191;27;;;10185.5;0.0
yf_ADM_d11;18700;ASH_COATED_OSMIUM;10064;17;10061;17;;;10070;19;10072;22;;;10067.0;0.0
yf_ADM_d11;18700;INTARIAN_PEPPER_ROOT;10186;9;10184;30;;;10192;5;10194;17;;;10189.0;0.0
yf_ADM_d11;18800;ASH_COATED_OSMIUM;10063;10;10059;20;;;10070;14;10073;20;;;10066.5;0.0
yf_ADM_d11;18800;INTARIAN_PEPPER_ROOT;10183;17;10179;14;;;10203;9;10207;27;;;10193.0;0.0
yf_ADM_d11;18900;ASH_COATED_OSMIUM;10064;8;10060;20;;;10070;5;10074;19;;;10067.0;0.0
yf_ADM_d11;18900;INTARIAN_PEPPER_ROOT;10193;10;10189;23;;;10200;9;10204;18;;;10196.5;0.0
yf_ADM_d11;19000;ASH_COATED_OSMIUM;10064;15;10061;23;;;10070;12;10074;12;;;10067.0;0.0
yf_ADM_d11;19000;INTARIAN_PEPPER_ROOT;10197;22;10193;18;;;10203;16;10205;28;;;10200.0;0.0
yf_ADM_d11;19100;ASH_COATED_OSMIUM;10064;16;10062;18;;;10070;12;10072;19;;;10067.0;0.0
yf_ADM_d11;19100;INTARIAN_PEPPER_ROOT;10198;13;10194;11;;;10207;24;10211;14;;;10202.5;0.0
yf_ADM_d11;19200;ASH_COATED_OSMIUM;10061;11;10057;17;;;10072;18;10075;20;;;10066.5;0.0
yf_ADM_d11;19200;INTARIAN_PEPPER_ROOT;10203;17;10199;26;;;10209;14;10213;19;;;10206.0;0.0
yf_ADM_d11;19300;ASH_COATED_OSMIUM;10064;12;10062;14;;;10070;22;10074;15;;;10067.0;0.0
yf_ADM_d11;19300;INTARIAN_PEPPER_ROOT;10207;22;10203;12;;;10213;17;10216;17;;;10210.0;0.0
yf_ADM_d11;19400;ASH_COATED_OSMIUM;10062;15;10059;22;;;10071;14;10075;11;;;10066.5;0.0
yf_ADM_d11;19400;INTARIAN_PEPPER_ROOT;10211;7;10207;18;;;10217;15;10219;16;;;10214.0;0.0
yf_ADM_d11;19500;ASH_COATED_OSMIUM;10063;12;10061;14;;;10069;17;10072;18;;;10066.0;0.0
yf_ADM_d11;19500;INTARIAN_PEPPER_ROOT;10214;17;10212;22;;;10221;26;10225;16;;;10217.5;0.0
yf_ADM_d11;19600;ASH_COATED_OSMIUM;10061;19;10058;12;;;10072;14;10074;14;;;10066.5;0.0
yf_ADM_d11;19600;INTARIAN_PEPPER_ROOT;10212;13;10209;14;;;10229;13;10233;24;;;10220.5;0.0
yf_ADM_d11;19700;ASH_COATED_OSMIUM;10063;14;10059;22;;;10070;8;10072;22;;;10066.5;0.0
yf_ADM_d11;19700;INTARIAN_PEPPER_ROOT;10221;12;10217;10;;;10227;11;10230;13;;;10224.0;0.0
yf_ADM_d11;19800;ASH_COATED_OSMIUM;10058;20;10056;27;;;10075;19;10078;20;;;10066.5;0.0
yf_ADM_d11;19800;INTARIAN_PEPPER_ROOT;10221;5;10217;18;;;10233;15;10236;27;;;10227.0;0.0
yf_ADM_d11;19900;ASH_COATED_OSMIUM;10062;17;10058;16;;;10072;18;10076;27;;;10067.0;0.0
yf_ADM_d11;19900;INTARIAN_PEPPER_ROOT;10226;16;10223;20;;;10235;16;10239;18;;;10230.5;0.0
yf_ADM_d11;20000;ASH_COATED_OSMIUM;10056;6;10053;14;;;10078;11;10082;21;;;10067.0;0.0
yf_ADM_d11;20000;INTARIAN_PEPPER_ROOT;10231;17;10228;8;;;10237;16;10241;26;;;10234.0;0.0
yf_ADM_d11;20100;ASH_COATED_OSMIUM;10064;5;10062;19;;;10070;10;10074;20;;;10067.0;0.0
yf_ADM_d11;20100;INTARIAN_PEPPER_ROOT;10234;16;10231;22;;;10242;6;10245;14;;;10238.0;0.0
yf_ADM_d11;20200;ASH_COATED_OSMIUM;10062;6;10059;12;;;10071;16;10074;14;;;10066.5;0.0
yf_ADM_d11;20200;INTARIAN_PEPPER_ROOT;10238;9;10236;25;;;10244;6;10248;19;;;10241.0;0.0
yf_ADM_d11;20300;ASH_COATED_OSMIUM;10064;12;10060;22;;;10070;13;10072;21;;;10067.0;0.0
yf_ADM_d11;20300;INTARIAN_PEPPER_ROOT;10239;17;10236;20;;;10250;10;10253;14;;;10244.5;0.0
yf_ADM_d11;20400;ASH_COATED_OSMIUM;10063;12;10059;25;;;10071;12;10073;24;;;10067.0;0.0
yf_ADM_d11;20400;INTARIAN_PEPPER_ROOT;10243;19;10240;21;;;10254;18;10257;21;;;10248.5;0.0
yf_ADM_d11;20500;ASH_COATED_OSMIUM;10064;10;10061;21;;;10070;24;10073;25;;;10067.0;0.0
yf_ADM_d11;20500;INTARIAN_PEPPER_ROOT;10241;28;10239;23;;;10262;10;10266;20;;;10251.5;0.0
yf_ADM_d11;20600;ASH_COATED_OSMIUM;10063;11;10059;16;;;10069;15;10071;20;;;10066.0;0.0
yf_ADM_d11;20600;INTARIAN_PEPPER_ROOT;10249;21;10245;21;;;10261;13;10263;17;;;10255.0;0.0
yf_ADM_d11;20700;ASH_COATED_OSMIUM;10063;10;10059;25;;;10070;23;10074;22;;;10066.5;0.0
yf_ADM_d11;20700;INTARIAN_PEPPER_ROOT;10252;6;10248;23;;;10264;16;10266;25;;;10258.0;0.0
yf_ADM_d11;20800;ASH_COATED_OSMIUM;10064;14;10060;29;;;10070;18;10073;26;;;10067.0;0.0
yf_ADM_d11;20800;INTARIAN_PEPPER_ROOT;10258;14;10256;18;;;10264;12;10267;13;;;10261.0;0.0
yf_ADM_d11;20900;ASH_COATED_OSMIUM;10064;16;10060;22;;;10070;8;10074;22;;;10067.0;0.0
yf_ADM_d11;20900;INTARIAN_PEPPER_ROOT;10256;18;10252;23;;;10274;14;10276;8;;;10265.0;0.0
yf_ADM_d11;21000;ASH_COATED_OSMIUM;10060;14;10058;18;;;10074;12;10076;19;;;10067.0;0.0
yf_ADM_d11;21000;INTARIAN_PEPPER_ROOT;10266;18;10263;25;;;10272;19;10275;18;;;10269.0;0.0
yf_ADM_d11;21100;ASH_COATED_OSMIUM;10064;20;10061;8;;;10070;18;10073;18;;;10067.0;0.0
yf_ADM_d11;21100;INTARIAN_PEPPER_ROOT;10267;8;10265;30;;;10276;11;10280;23;;;10271.5;0.0
yf_ADM_d11;21200;ASH_COATED_OSMIUM;10064;17;10060;24;;;10070;20;10073;27;;;10067.0;0.0
yf_ADM_d11;21200;INTARIAN_PEPPER_ROOT;10268;20;10265;10;;;10282;14;10284;29;;;10275.0;0.0
yf_ADM_d11;21300;ASH_COATED_OSMIUM;10062;14;10058;24;;;10071;17;10073;20;;;10066.5;0.0
yf_ADM_d11;21300;INTARIAN_PEPPER_ROOT;10276;21;10274;17;;;10282;20;10284;24;;;10279.0;0.0
yf_ADM_d11;21400;ASH_COATED_OSMIUM;10064;17;10060;23;;;10070;6;10072;25;;;10067.0;0.0
yf_ADM_d11;21400;INTARIAN_PEPPER_ROOT;10278;15;10274;13;;;10286;13;10288;17;;;10282.0;0.0
yf_ADM_d11;21500;ASH_COATED_OSMIUM;10059;8;10056;22;;;10076;21;10080;19;;;10067.5;0.0
yf_ADM_d11;21500;INTARIAN_PEPPER_ROOT;10282;21;10279;25;;;10288;22;10291;15;;;10285.0;0.0
yf_ADM_d11;21600;ASH_COATED_OSMIUM;10060;15;10057;14;;;10073;14;10075;31;;;10066.5;0.0
yf_ADM_d11;21600;INTARIAN_PEPPER_ROOT;10286;17;10282;19;;;10292;6;10296;16;;;10289.0;0.0
yf_ADM_d11;21700;ASH_COATED_OSMIUM;10064;14;10061;19;;;10070;20;10074;11;;;10067.0;0.0
yf_ADM_d11;21700;INTARIAN_PEPPER_ROOT;10283;22;10279;11;;;10303;14;10306;24;;;10293.0;0.0
yf_ADM_d11;21800;ASH_COATED_OSMIUM;10064;10;10060;23;;;10070;16;10072;21;;;10067.0;0.0
yf_ADM_d11;21800;INTARIAN_PEPPER_ROOT;10294;9;10290;13;;;10300;19;10304;19;;;10297.0;0.0
yf_ADM_d11;21900;ASH_COATED_OSMIUM;10061;22;10057;13;;;10072;10;10075;24;;;10066.5;0.0
yf_ADM_d11;21900;INTARIAN_PEPPER_ROOT;10297;10;10294;21;;;10303;16;10307;16;;;10300.0;0.0
yf_ADM_d11;22000;ASH_COATED_OSMIUM;10064;17;10061;13;;;10070;8;10073;22;;;10067.0;0.0
yf_ADM_d11;22000;INTARIAN_PEPPER_ROOT;10300;13;10296;14;;;10308;27;10311;11;;;10304.0;0.0
yf_ADM_d11;22100;ASH_COATED_OSMIUM;10064;8;10060;25;;;10070;24;10074;24;;;10067.0;0.0
yf_ADM_d11;22100;INTARIAN_PEPPER_ROOT;10301;23;10298;22;;;10313;9;10316;18;;;10307.0;0.0
yf_ADM_d11;22200;ASH_COATED_OSMIUM;10064;19;10062;23;;;10070;16;10074;22;;;10067.0;0.0
yf_ADM_d11;22200;INTARIAN_PEPPER_ROOT;10307;18;10305;19;;;10313;12;10315;32;;;10310.0;0.0
yf_ADM_d11;22300;ASH_COATED_OSMIUM;10064;11;10062;21;;;10070;15;10072;20;;;10067.0;0.0
yf_ADM_d11;22300;INTARIAN_PEPPER_ROOT;10302;14;10300;19;;;10325;15;10329;17;;;10313.5;0.0
yf_ADM_d11;22400;ASH_COATED_OSMIUM;10064;21;10062;17;;;10070;15;10073;23;;;10067.0;0.0
yf_ADM_d11;22400;INTARIAN_PEPPER_ROOT;10314;11;10311;23;;;10320;15;10322;22;;;10317.0;0.0
yf_ADM_d11;22500;ASH_COATED_OSMIUM;10064;13;10061;28;;;10070;19;10074;17;;;10067.0;0.0
yf_ADM_d11;22500;INTARIAN_PEPPER_ROOT;10316;8;10312;15;;;10325;10;10327;24;;;10320.5;0.0
yf_ADM_d11;22600;ASH_COATED_OSMIUM;10064;14;10061;17;;;10070;20;10072;20;;;10067.0;0.0
yf_ADM_d11;22600;INTARIAN_PEPPER_ROOT;10319;25;10315;19;;;10330;9;10333;14;;;10324.5;0.0
yf_ADM_d11;22700;ASH_COATED_OSMIUM;10064;6;10060;17;;;10071;15;10073;21;;;10067.5;0.0
yf_ADM_d11;22700;INTARIAN_PEPPER_ROOT;10322;20;10318;13;;;10332;14;10335;17;;;10327.0;0.0
yf_ADM_d11;22800;ASH_COATED_OSMIUM;10063;22;10059;24;;;10071;21;10074;16;;;10067.0;0.0
yf_ADM_d11;22800;INTARIAN_PEPPER_ROOT;10328;24;10325;31;;;10334;19;10337;26;;;10331.0;0.0
yf_ADM_d11;22900;ASH_COATED_OSMIUM;10061;13;10058;21;;;10073;5;10077;19;;;10067.0;0.0
yf_ADM_d11;22900;INTARIAN_PEPPER_ROOT;10331;11;10328;27;;;10337;14;10341;19;;;10334.0;0.0
yf_ADM_d11;23000;ASH_COATED_OSMIUM;10064;10;10061;33;;;10070;17;10074;14;;;10067.0;0.0
yf_ADM_d11;23000;INTARIAN_PEPPER_ROOT;10332;13;10330;14;;;10343;19;10347;22;;;10337.5;0.0
yf_ADM_d11;23100;ASH_COATED_OSMIUM;10064;14;10061;15;;;10070;17;10072;29;;;10067.0;0.0
yf_ADM_d11;23100;INTARIAN_PEPPER_ROOT;10314;9;10312;16;;;10368;8;10370;30;;;10341.0;0.0
yf_ADM_d11;23200;ASH_COATED_OSMIUM;10062;9;10060;22;;;10073;13;10076;18;;;10067.5;0.0
yf_ADM_d11;23200;INTARIAN_PEPPER_ROOT;10339;10;10337;18;;;10350;5;10354;25;;;10344.5;0.0
yf_ADM_d11;23300;ASH_COATED_OSMIUM;10065;21;10062;23;;;10071;9;10073;17;;;10068.0;0.0
yf_ADM_d11;23300;INTARIAN_PEPPER_ROOT;10344;12;10341;24;;;10352;11;10356;23;;;10348.0;0.0
yf_ADM_d11;23400;ASH_COATED_OSMIUM;10061;13;10059;16;;;10073;13;10076;17;;;10067.0;0.0
yf_ADM_d11;23400;INTARIAN_PEPPER_ROOT;10343;19;10339;21;;;10360;13;10363;18;;;10351.5;0.0
yf_ADM_d11;23500;ASH_COATED_OSMIUM;10065;5;10063;12;;;10071;16;10073;19;;;10068.0;0.0
yf_ADM_d11;23500;INTARIAN_PEPPER_ROOT;10348;26;10344;17;;;10361;18;10363;19;;;10354.5;0.0
yf_ADM_d11;23600;ASH_COATED_OSMIUM;10065;15;10063;21;;;10071;14;10075;20;;;10068.0;0.0
yf_ADM_d11;23600;INTARIAN_PEPPER_ROOT;10353;14;10350;20;;;10365;18;10369;23;;;10359.0;0.0
yf_ADM_d11;23700;ASH_COATED_OSMIUM;10064;17;10061;24;;;10070;14;10072;13;;;10067.0;0.0
yf_ADM_d11;23700;INTARIAN_PEPPER_ROOT;10358;7;10355;20;;;10366;9;10370;24;;;10362.0;0.0
yf_ADM_d11;23800;ASH_COATED_OSMIUM;10064;7;10060;17;;;10071;14;10073;21;;;10067.5;0.0
yf_ADM_d11;23800;INTARIAN_PEPPER_ROOT;10354;15;10350;19;;;10376;17;10378;16;;;10365.0;0.0
yf_ADM_d11;23900;ASH_COATED_OSMIUM;10065;17;10063;30;;;10071;14;10074;23;;;10068.0;0.0
yf_ADM_d11;23900;INTARIAN_PEPPER_ROOT;10366;9;10364;27;;;10372;17;10376;22;;;10369.0;0.0
yf_ADM_d11;24000;ASH_COATED_OSMIUM;10064;24;10062;14;;;10070;16;10074;28;;;10067.0;0.0
yf_ADM_d11;24000;INTARIAN_PEPPER_ROOT;10365;13;10361;20;;;10379;22;10383;20;;;10372.0;0.0
yf_ADM_d11;24100;ASH_COATED_OSMIUM;10064;16;10060;25;;;10070;17;10073;17;;;10067.0;0.0
yf_ADM_d11;24100;INTARIAN_PEPPER_ROOT;10373;29;10371;27;;;10379;17;10382;23;;;10376.0;0.0
yf_ADM_d11;24200;ASH_COATED_OSMIUM;10064;12;10061;15;;;10070;14;10073;22;;;10067.0;0.0
yf_ADM_d11;24200;INTARIAN_PEPPER_ROOT;10376;15;10372;19;;;10382;20;10384;15;;;10379.0;0.0
yf_ADM_d11;24300;ASH_COATED_OSMIUM;10064;10;10060;20;;;10070;20;10073;15;;;10067.0;0.0
yf_ADM_d11;24300;INTARIAN_PEPPER_ROOT;10376;14;10374;21;;;10389;16;10393;18;;;10382.5;0.0
yf_ADM_d11;24400;ASH_COATED_OSMIUM;10064;14;10060;32;;;10070;11;10073;17;;;10067.0;0.0
yf_ADM_d11;24400;INTARIAN_PEPPER_ROOT;10382;18;10378;15;;;10388;8;10392;25;;;10385.0;0.0
yf_ADM_d11;24500;ASH_COATED_OSMIUM;10064;15;10060;26;;;10070;11;10074;24;;;10067.0;0.0
yf_ADM_d11;24500;INTARIAN_PEPPER_ROOT;10386;18;10383;23;;;10392;19;10394;25;;;10389.0;0.0
yf_ADM_d11;24600;ASH_COATED_OSMIUM;10064;15;10062;20;;;10070;6;10073;26;;;10067.0;0.0
yf_ADM_d11;24600;INTARIAN_PEPPER_ROOT;10390;13;10387;18;;;10396;21;10399;22;;;10393.0;0.0
yf_ADM_d11;24700;ASH_COATED_OSMIUM;10064;13;10062;22;;;10070;23;10073;26;;;10067.0;0.0
yf_ADM_d11;24700;INTARIAN_PEPPER_ROOT;10393;7;10391;22;;;10399;8;10401;21;;;10396.0;0.0
yf_ADM_d11;24800;ASH_COATED_OSMIUM;10061;11;10057;19;;;10074;19;10078;19;;;10067.5;0.0
yf_ADM_d11;24800;INTARIAN_PEPPER_ROOT;10396;17;10393;27;;;10402;15;10406;21;;;10399.0;0.0
yf_ADM_d11;24900;ASH_COATED_OSMIUM;10065;16;10062;31;;;10071;10;10073;21;;;10068.0;0.0
yf_ADM_d11;24900;INTARIAN_PEPPER_ROOT;10400;17;10398;21;;;10406;22;10410;18;;;10403.0;0.0
yf_ADM_d11;25000;ASH_COATED_OSMIUM;10065;19;10062;21;;;10071;17;10073;22;;;10068.0;0.0
yf_ADM_d11;25000;INTARIAN_PEPPER_ROOT;10403;7;10399;19;;;10409;7;10413;28;;;10406.0;0.0
yf_ADM_d11;25100;ASH_COATED_OSMIUM;10065;20;10061;32;;;10071;19;10073;29;;;10068.0;0.0
yf_ADM_d11;25100;INTARIAN_PEPPER_ROOT;10407;6;10404;14;;;10413;16;10417;17;;;10410.0;0.0
yf_ADM_d11;25200;ASH_COATED_OSMIUM;10063;6;10060;19;;;10071;12;10073;15;;;10067.0;0.0
yf_ADM_d11;25200;INTARIAN_PEPPER_ROOT;10402;11;10399;15;;;10424;10;10426;21;;;10413.0;0.0
yf_ADM_d11;25300;ASH_COATED_OSMIUM;10064;16;10062;20;;;10070;12;10074;17;;;10067.0;0.0
yf_ADM_d11;25300;INTARIAN_PEPPER_ROOT;10413;17;10411;24;;;10420;10;10422;22;;;10416.5;0.0
yf_ADM_d11;25400;ASH_COATED_OSMIUM;10063;17;10061;18;;;10073;19;10077;23;;;10068.0;0.0
yf_ADM_d11;25400;INTARIAN_PEPPER_ROOT;10408;11;10404;30;;;10432;20;10434;17;;;10420.0;0.0
yf_ADM_d11;25500;ASH_COATED_OSMIUM;10064;11;10062;23;;;10070;5;10073;22;;;10067.0;0.0
yf_ADM_d11;25500;INTARIAN_PEPPER_ROOT;10420;13;10417;22;;;10426;18;10428;21;;;10423.0;0.0
yf_ADM_d11;25600;ASH_COATED_OSMIUM;10064;30;10061;23;;;10070;13;10073;11;;;10067.0;0.0
yf_ADM_d11;25600;INTARIAN_PEPPER_ROOT;10424;8;10422;19;;;10430;26;10434;23;;;10427.0;0.0
yf_ADM_d11;25700;ASH_COATED_OSMIUM;10065;14;10061;21;;;10071;22;10075;16;;;10068.0;0.0
yf_ADM_d11;25700;INTARIAN_PEPPER_ROOT;10427;12;10423;19;;;10434;17;10438;21;;;10430.5;0.0
yf_ADM_d11;25800;ASH_COATED_OSMIUM;10063;21;10061;16;;;10072;13;10074;17;;;10067.5;0.0
yf_ADM_d11;25800;INTARIAN_PEPPER_ROOT;10431;11;10427;24;;;10437;12;10441;21;;;10434.0;0.0
yf_ADM_d11;25900;ASH_COATED_OSMIUM;10061;14;10057;31;;;10074;13;10078;24;;;10067.5;0.0
yf_ADM_d11;25900;INTARIAN_PEPPER_ROOT;10434;14;10431;29;;;10440;19;10443;18;;;10437.0;0.0
yf_ADM_d11;26000;ASH_COATED_OSMIUM;10059;16;10056;16;;;10077;16;10080;12;;;10068.0;0.0
yf_ADM_d11;26000;INTARIAN_PEPPER_ROOT;10438;11;10434;21;;;10444;5;10448;18;;;10441.0;0.0
yf_ADM_d11;26100;ASH_COATED_OSMIUM;10064;22;10062;21;;;10070;11;10074;19;;;10067.0;0.0
yf_ADM_d11;26100;INTARIAN_PEPPER_ROOT;10441;16;10439;28;;;10447;12;10450;27;;;10444.0;0.0
yf_ADM_d11;26200;ASH_COATED_OSMIUM;10063;11;10059;15;;;10072;18;10076;17;;;10067.5;0.0
yf_ADM_d11;26200;INTARIAN_PEPPER_ROOT;10439;18;10437;21;;;10455;13;10459;8;;;10447.0;0.0
yf_ADM_d11;26300;ASH_COATED_OSMIUM;10063;14;10060;14;;;10072;16;10075;21;;;10067.5;0.0
yf_ADM_d11;26300;INTARIAN_PEPPER_ROOT;10448;9;10445;25;;;10454;5;10456;16;;;10451.0;0.0
yf_ADM_d11;26400;ASH_COATED_OSMIUM;10065;8;10063;33;;;10071;12;10073;22;;;10068.0;0.0
yf_ADM_d11;26400;INTARIAN_PEPPER_ROOT;10452;22;10450;20;;;10458;18;10460;16;;;10455.0;0.0
yf_ADM_d11;26500;ASH_COATED_OSMIUM;10064;13;10061;20;;;10071;10;10073;19;;;10067.5;0.0
yf_ADM_d11;26500;INTARIAN_PEPPER_ROOT;10455;18;10451;11;;;10461;13;10464;30;;;10458.0;0.0
yf_ADM_d11;26600;ASH_COATED_OSMIUM;10065;8;10061;8;;;10071;9;10073;13;;;10068.0;0.0
yf_ADM_d11;26600;INTARIAN_PEPPER_ROOT;10457;13;10455;15;;;10467;10;10469;14;;;10462.0;0.0
yf_ADM_d11;26700;ASH_COATED_OSMIUM;10065;7;10061;22;;;10071;23;10075;16;;;10068.0;0.0
yf_ADM_d11;26700;INTARIAN_PEPPER_ROOT;10455;10;10453;13;;;10475;10;10479;13;;;10465.0;0.0
yf_ADM_d11;26800;ASH_COATED_OSMIUM;10065;16;10063;26;;;10071;13;10073;19;;;10068.0;0.0
yf_ADM_d11;26800;INTARIAN_PEPPER_ROOT;10466;15;10462;18;;;10472;15;10475;31;;;10469.0;0.0
yf_ADM_d11;26900;ASH_COATED_OSMIUM;10065;14;10061;16;;;10071;15;10075;11;;;10068.0;0.0
yf_ADM_d11;26900;INTARIAN_PEPPER_ROOT;10465;11;10462;17;;;10480;10;10484;24;;;10472.5;0.0
yf_ADM_d11;27000;ASH_COATED_OSMIUM;10064;12;10060;18;;;10070;18;10072;22;;;10067.0;0.0
yf_ADM_d11;27000;INTARIAN_PEPPER_ROOT;10468;5;10464;27;;;10483;23;10485;25;;;10475.5;0.0
yf_ADM_d11;27100;ASH_COATED_OSMIUM;10062;12;10058;22;;;10072;15;10075;11;;;10067.0;0.0
yf_ADM_d11;27100;INTARIAN_PEPPER_ROOT;10476;19;10474;17;;;10482;18;10485;30;;;10479.0;0.0
yf_ADM_d11;27200;ASH_COATED_OSMIUM;10065;15;10063;19;;;10071;12;10074;28;;;10068.0;0.0
yf_ADM_d11;27200;INTARIAN_PEPPER_ROOT;10479;23;10475;12;;;10486;10;10488;26;;;10482.5;0.0
yf_ADM_d11;27300;ASH_COATED_OSMIUM;10065;13;10063;28;;;10071;15;10075;23;;;10068.0;0.0
yf_ADM_d11;27300;INTARIAN_PEPPER_ROOT;10483;13;10481;18;;;10489;11;10493;12;;;10486.0;0.0
yf_ADM_d11;27400;ASH_COATED_OSMIUM;10060;9;10058;15;;;10075;16;10079;22;;;10067.5;0.0
yf_ADM_d11;27400;INTARIAN_PEPPER_ROOT;10484;12;10482;26;;;10493;19;10495;23;;;10488.5;0.0
yf_ADM_d11;27500;ASH_COATED_OSMIUM;10065;6;10063;19;;;10071;19;10073;24;;;10068.0;0.0
yf_ADM_d11;27500;INTARIAN_PEPPER_ROOT;10489;21;10487;26;;;10495;5;10499;28;;;10492.0;0.0
yf_ADM_d11;27600;ASH_COATED_OSMIUM;10065;20;10062;19;;;10071;17;10075;24;;;10068.0;0.0
yf_ADM_d11;27600;INTARIAN_PEPPER_ROOT;10493;19;10490;22;;;10499;12;10501;20;;;10496.0;0.0
yf_ADM_d11;27700;ASH_COATED_OSMIUM;10065;20;10061;9;;;10071;22;10073;8;;;10068.0;0.0
yf_ADM_d11;27700;INTARIAN_PEPPER_ROOT;10497;14;10494;11;;;10503;20;10505;18;;;10500.0;0.0
yf_ADM_d11;27800;ASH_COATED_OSMIUM;10065;5;10062;17;;;10071;21;10074;20;;;10068.0;0.0
yf_ADM_d11;27800;INTARIAN_PEPPER_ROOT;10494;7;10490;18;;;10512;17;10515;16;;;10503.0;0.0
yf_ADM_d11;27900;ASH_COATED_OSMIUM;10065;12;10063;35;;;10071;13;10073;22;;;10068.0;0.0
yf_ADM_d11;27900;INTARIAN_PEPPER_ROOT;10497;24;10495;18;;;10516;23;10518;15;;;10506.5;0.0
yf_ADM_d11;28000;ASH_COATED_OSMIUM;10065;15;10062;21;;;10071;12;10075;22;;;10068.0;0.0
yf_ADM_d11;28000;INTARIAN_PEPPER_ROOT;10502;15;10498;15;;;10515;10;10519;26;;;10508.5;0.0
yf_ADM_d11;28100;ASH_COATED_OSMIUM;10065;14;10061;19;;;10071;16;10073;14;;;10068.0;0.0
yf_ADM_d11;28100;INTARIAN_PEPPER_ROOT;10500;16;10498;17;;;10526;17;10528;18;;;10513.0;0.0
yf_ADM_d11;28200;ASH_COATED_OSMIUM;10065;11;10061;16;;;10071;6;10074;20;;;10068.0;0.0
yf_ADM_d11;28200;INTARIAN_PEPPER_ROOT;10512;16;10509;26;;;10520;16;10523;8;;;10516.0;0.0
yf_ADM_d11;28300;ASH_COATED_OSMIUM;10062;11;10058;28;;;10073;10;10075;23;;;10067.5;0.0
yf_ADM_d11;28300;INTARIAN_PEPPER_ROOT;10516;18;10513;20;;;10524;18;10528;25;;;10520.0;0.0
yf_ADM_d11;28400;ASH_COATED_OSMIUM;10063;23;10061;20;;;10073;11;10075;26;;;10068.0;0.0
yf_ADM_d11;28400;INTARIAN_PEPPER_ROOT;10520;18;10518;25;;;10526;19;10529;20;;;10523.0;0.0
yf_ADM_d11;28500;ASH_COATED_OSMIUM;10065;20;10061;17;;;10071;19;10074;12;;;10068.0;0.0
yf_ADM_d11;28500;INTARIAN_PEPPER_ROOT;10524;10;10520;25;;;10530;19;10532;27;;;10527.0;0.0
yf_ADM_d11;28600;ASH_COATED_OSMIUM;10063;15;10060;20;;;10073;15;10077;21;;;10068.0;0.0
yf_ADM_d11;28600;INTARIAN_PEPPER_ROOT;10526;12;10524;23;;;10535;14;10537;19;;;10530.5;0.0
yf_ADM_d11;28700;ASH_COATED_OSMIUM;10062;5;10059;14;;;10074;16;10078;23;;;10068.0;0.0
yf_ADM_d11;28700;INTARIAN_PEPPER_ROOT;10524;14;10520;18;;;10544;19;10547;21;;;10534.0;0.0
yf_ADM_d11;28800;ASH_COATED_OSMIUM;10065;20;10062;18;;;10071;19;10075;18;;;10068.0;0.0
yf_ADM_d11;28800;INTARIAN_PEPPER_ROOT;10534;17;10531;21;;;10540;11;10543;19;;;10537.0;0.0
yf_ADM_d11;28900;ASH_COATED_OSMIUM;10064;14;10062;11;;;10070;21;10072;19;;;10067.0;0.0
yf_ADM_d11;28900;INTARIAN_PEPPER_ROOT;10538;14;10534;25;;;10545;6;10547;20;;;10541.5;0.0
yf_ADM_d11;29000;ASH_COATED_OSMIUM;10064;10;10062;22;;;10070;17;10073;15;;;10067.0;0.0
yf_ADM_d11;29000;INTARIAN_PEPPER_ROOT;10541;16;10538;15;;;10547;21;10551;24;;;10544.0;0.0
yf_ADM_d11;29100;ASH_COATED_OSMIUM;10065;19;10062;24;;;10071;13;10073;28;;;10068.0;0.0
yf_ADM_d11;29100;INTARIAN_PEPPER_ROOT;10545;13;10542;25;;;10551;10;10555;24;;;10548.0;0.0
yf_ADM_d11;29200;ASH_COATED_OSMIUM;10065;10;10061;25;;;10071;13;10075;20;;;10068.0;0.0
yf_ADM_d11;29200;INTARIAN_PEPPER_ROOT;10548;13;10545;21;;;10554;21;10557;24;;;10551.0;0.0
yf_ADM_d11;29300;ASH_COATED_OSMIUM;10061;8;10057;16;;;10073;5;10076;20;;;10067.0;0.0
yf_ADM_d11;29300;INTARIAN_PEPPER_ROOT;10547;17;10545;27;;;10561;20;10564;18;;;10554.0;0.0
yf_ADM_d11;29400;ASH_COATED_OSMIUM;10064;19;10060;17;;;10071;22;10075;21;;;10067.5;0.0
yf_ADM_d11;29400;INTARIAN_PEPPER_ROOT;10554;17;10550;29;;;10560;9;10564;21;;;10557.0;0.0
yf_ADM_d11;29500;ASH_COATED_OSMIUM;10065;18;10063;22;;;10071;17;10074;19;;;10068.0;0.0
yf_ADM_d11;29500;INTARIAN_PEPPER_ROOT;10558;8;10556;16;;;10564;6;10568;26;;;10561.0;0.0
yf_ADM_d11;29600;ASH_COATED_OSMIUM;10059;14;10055;24;;;10076;5;10079;18;;;10067.5;0.0
yf_ADM_d11;29600;INTARIAN_PEPPER_ROOT;10562;19;10560;18;;;10568;19;10572;22;;;10565.0;0.0
yf_ADM_d11;29700;ASH_COATED_OSMIUM;10062;10;10059;21;;;10074;19;10077;9;;;10068.0;0.0
yf_ADM_d11;29700;INTARIAN_PEPPER_ROOT;10556;13;10552;22;;;10580;20;10583;12;;;10568.0;0.0
yf_ADM_d11;29800;ASH_COATED_OSMIUM;10066;13;10063;15;;;10072;9;10076;22;;;10069.0;0.0
yf_ADM_d11;29800;INTARIAN_PEPPER_ROOT;10568;15;10565;23;;;10574;24;10578;14;;;10571.0;0.0
yf_ADM_d11;29900;ASH_COATED_OSMIUM;10065;15;10063;23;;;10071;17;10074;18;;;10068.0;0.0
yf_ADM_d11;29900;INTARIAN_PEPPER_ROOT;10572;17;10568;27;;;10578;20;10581;25;;;10575.0;0.0
yf_ADM_d11;30000;ASH_COATED_OSMIUM;10065;11;10061;18;;;10071;18;10075;15;;;10068.0;0.0
yf_ADM_d11;30000;INTARIAN_PEPPER_ROOT;10575;14;10573;22;;;10581;21;10584;26;;;10578.0;0.0
yf_ADM_d11;30100;ASH_COATED_OSMIUM;10065;17;10063;28;;;10071;16;10074;16;;;10068.0;0.0
yf_ADM_d11;30100;INTARIAN_PEPPER_ROOT;10579;13;10575;11;;;10585;20;10587;17;;;10582.0;0.0
yf_ADM_d11;30200;ASH_COATED_OSMIUM;10065;15;10062;12;;;10071;24;10073;23;;;10068.0;0.0
yf_ADM_d11;30200;INTARIAN_PEPPER_ROOT;10573;9;10569;17;;;10597;8;10601;21;;;10585.0;0.0
yf_ADM_d11;30300;ASH_COATED_OSMIUM;10065;11;10063;23;;;10071;15;10075;20;;;10068.0;0.0
yf_ADM_d11;30300;INTARIAN_PEPPER_ROOT;10586;17;10584;27;;;10592;13;10595;26;;;10589.0;0.0
yf_ADM_d11;30400;ASH_COATED_OSMIUM;10065;11;10062;15;;;10071;7;10073;26;;;10068.0;0.0
yf_ADM_d11;30400;INTARIAN_PEPPER_ROOT;10590;20;10588;15;;;10596;15;10600;23;;;10593.0;0.0
yf_ADM_d11;30500;ASH_COATED_OSMIUM;10066;14;10062;15;;;10072;18;10076;12;;;10069.0;0.0
yf_ADM_d11;30500;INTARIAN_PEPPER_ROOT;10592;9;10590;18;;;10598;20;10602;24;;;10595.0;0.0
yf_ADM_d11;30600;ASH_COATED_OSMIUM;10065;12;10062;25;;;10071;13;10074;17;;;10068.0;0.0
yf_ADM_d11;30600;INTARIAN_PEPPER_ROOT;10596;10;10593;16;;;10602;16;10604;26;;;10599.0;0.0
yf_ADM_d11;30700;ASH_COATED_OSMIUM;10059;14;10057;22;;;10078;16;10082;18;;;10068.5;0.0
yf_ADM_d11;30700;INTARIAN_PEPPER_ROOT;10597;18;10593;14;;;10607;16;10609;18;;;10602.0;0.0
yf_ADM_d11;30800;ASH_COATED_OSMIUM;10063;8;10060;13;;;10073;19;10075;11;;;10068.0;0.0
yf_ADM_d11;30800;INTARIAN_PEPPER_ROOT;10603;13;10600;16;;;10610;11;10613;26;;;10606.5;0.0
yf_ADM_d11;30900;ASH_COATED_OSMIUM;10057;20;10055;24;;;10080;7;10082;13;;;10068.5;0.0
yf_ADM_d11;30900;INTARIAN_PEPPER_ROOT;10603;13;10599;19;;;10616;13;10620;22;;;10609.5;0.0
yf_ADM_d11;31000;ASH_COATED_OSMIUM;10066;18;10062;17;;;10072;19;10075;21;;;10069.0;0.0
yf_ADM_d11;31000;INTARIAN_PEPPER_ROOT;10610;6;10607;12;;;10616;15;10619;20;;;10613.0;0.0
yf_ADM_d11;31100;ASH_COATED_OSMIUM;10065;13;10062;21;;;10073;13;10075;20;;;10069.0;0.0
yf_ADM_d11;31100;INTARIAN_PEPPER_ROOT;10608;24;10605;27;;;10625;12;10628;22;;;10616.5;0.0
yf_ADM_d11;31200;ASH_COATED_OSMIUM;10058;17;10055;19;;;10078;6;10080;21;;;10068.0;0.0
yf_ADM_d11;31200;INTARIAN_PEPPER_ROOT;10617;13;10614;21;;;10623;14;10625;22;;;10620.0;0.0
yf_ADM_d11;31300;ASH_COATED_OSMIUM;10064;12;10060;29;;;10073;18;10075;16;;;10068.5;0.0
yf_ADM_d11;31300;INTARIAN_PEPPER_ROOT;10611;20;10609;15;;;10634;12;10638;25;;;10622.5;0.0
yf_ADM_d11;31400;ASH_COATED_OSMIUM;10061;16;10057;13;;;10076;5;10079;22;;;10068.5;0.0
yf_ADM_d11;31400;INTARIAN_PEPPER_ROOT;10624;22;10622;22;;;10630;12;10632;19;;;10627.0;0.0
yf_ADM_d11;31500;ASH_COATED_OSMIUM;10065;10;10061;22;;;10071;8;10073;14;;;10068.0;0.0
yf_ADM_d11;31500;INTARIAN_PEPPER_ROOT;10627;16;10624;24;;;10633;18;10637;22;;;10630.0;0.0
yf_ADM_d11;31600;ASH_COATED_OSMIUM;10065;17;10061;18;;;10071;9;10074;21;;;10068.0;0.0
yf_ADM_d11;31600;INTARIAN_PEPPER_ROOT;10631;21;10627;13;;;10637;16;10640;13;;;10634.0;0.0
yf_ADM_d11;31700;ASH_COATED_OSMIUM;10065;15;10063;23;;;10071;17;10073;22;;;10068.0;0.0
yf_ADM_d11;31700;INTARIAN_PEPPER_ROOT;10634;14;10631;17;;;10640;11;10644;15;;;10637.0;0.0
yf_ADM_d11;31800;ASH_COATED_OSMIUM;10065;11;10061;18;;;10071;13;10074;29;;;10068.0;0.0
yf_ADM_d11;31800;INTARIAN_PEPPER_ROOT;10637;5;10634;12;;;10643;16;10647;22;;;10640.0;0.0
yf_ADM_d11;31900;ASH_COATED_OSMIUM;10062;15;10060;19;;;10074;10;10078;14;;;10068.0;0.0
yf_ADM_d11;31900;INTARIAN_PEPPER_ROOT;10640;9;10636;18;;;10646;18;10648;23;;;10643.0;0.0
yf_ADM_d11;32000;ASH_COATED_OSMIUM;10062;18;10059;21;;;10074;13;10077;15;;;10068.0;0.0
yf_ADM_d11;32000;INTARIAN_PEPPER_ROOT;10638;15;10635;18;;;10657;15;10659;23;;;10647.5;0.0
yf_ADM_d11;32100;ASH_COATED_OSMIUM;10065;12;10061;13;;;10071;10;10073;21;;;10068.0;0.0
yf_ADM_d11;32100;INTARIAN_PEPPER_ROOT;10642;18;10639;29;;;10660;11;10664;18;;;10651.0;0.0
yf_ADM_d11;32200;ASH_COATED_OSMIUM;10065;11;10061;23;;;10071;10;10075;16;;;10068.0;0.0
yf_ADM_d11;32200;INTARIAN_PEPPER_ROOT;10651;22;10647;25;;;10658;15;10660;21;;;10654.5;0.0
yf_ADM_d11;32300;ASH_COATED_OSMIUM;10064;14;10060;25;;;10072;19;10075;21;;;10068.0;0.0
yf_ADM_d11;32300;INTARIAN_PEPPER_ROOT;10650;14;10647;12;;;10664;14;10667;22;;;10657.0;0.0
yf_ADM_d11;32400;ASH_COATED_OSMIUM;10065;24;10061;11;;;10071;13;10074;9;;;10068.0;0.0
yf_ADM_d11;32400;INTARIAN_PEPPER_ROOT;10653;18;10650;25;;;10670;18;10673;17;;;10661.5;0.0
yf_ADM_d11;32500;ASH_COATED_OSMIUM;10066;14;10062;14;;;10072;14;10075;31;;;10069.0;0.0
yf_ADM_d11;32500;INTARIAN_PEPPER_ROOT;10661;9;10658;18;;;10667;13;10670;28;;;10664.0;0.0
yf_ADM_d11;32600;ASH_COATED_OSMIUM;10060;11;10057;22;;;10077;9;10079;19;;;10068.5;0.0
yf_ADM_d11;32600;INTARIAN_PEPPER_ROOT;10661;18;10658;18;;;10675;18;10677;8;;;10668.0;0.0
yf_ADM_d11;32700;ASH_COATED_OSMIUM;10062;20;10060;21;;;10075;16;10077;15;;;10068.5;0.0
yf_ADM_d11;32700;INTARIAN_PEPPER_ROOT;10668;11;10664;20;;;10674;18;10676;17;;;10671.0;0.0
yf_ADM_d11;32800;ASH_COATED_OSMIUM;10061;8;10058;18;;;10077;13;10081;19;;;10069.0;0.0
yf_ADM_d11;32800;INTARIAN_PEPPER_ROOT;10668;17;10665;18;;;10683;7;10686;10;;;10675.5;0.0
yf_ADM_d11;32900;ASH_COATED_OSMIUM;10065;17;10063;23;;;10071;20;10075;31;;;10068.0;0.0
yf_ADM_d11;32900;INTARIAN_PEPPER_ROOT;10661;16;10657;14;;;10695;16;10698;24;;;10678.0;0.0
yf_ADM_d11;33000;ASH_COATED_OSMIUM;10066;21;10063;18;;;10072;17;10075;22;;;10069.0;0.0
yf_ADM_d11;33000;INTARIAN_PEPPER_ROOT;10678;14;10674;26;;;10684;23;10686;23;;;10681.0;0.0
yf_ADM_d11;33100;ASH_COATED_OSMIUM;10066;15;10063;26;;;10072;6;10074;14;;;10069.0;0.0
yf_ADM_d11;33100;INTARIAN_PEPPER_ROOT;10679;13;10677;19;;;10692;12;10694;15;;;10685.5;0.0
yf_ADM_d11;33200;ASH_COATED_OSMIUM;10065;5;10061;19;;;10073;15;10076;22;;;10069.0;0.0
yf_ADM_d11;33200;INTARIAN_PEPPER_ROOT;10686;13;10684;23;;;10692;5;10695;12;;;10689.0;0.0
yf_ADM_d11;33300;ASH_COATED_OSMIUM;10066;14;10063;19;;;10072;18;10076;30;;;10069.0;0.0
yf_ADM_d11;33300;INTARIAN_PEPPER_ROOT;10687;10;10683;22;;;10697;16;10700;15;;;10692.0;0.0
yf_ADM_d11;33400;ASH_COATED_OSMIUM;10062;12;10060;21;;;10076;12;10079;19;;;10069.0;0.0
yf_ADM_d11;33400;INTARIAN_PEPPER_ROOT;10692;11;10689;23;;;10698;10;10702;30;;;10695.0;0.0
yf_ADM_d11;33500;ASH_COATED_OSMIUM;10065;18;10062;20;;;10071;8;10075;16;;;10068.0;0.0
yf_ADM_d11;33500;INTARIAN_PEPPER_ROOT;10696;6;10693;17;;;10702;14;10704;27;;;10699.0;0.0
yf_ADM_d11;33600;ASH_COATED_OSMIUM;10065;16;10063;26;;;10071;24;10074;22;;;10068.0;0.0
yf_ADM_d11;33600;INTARIAN_PEPPER_ROOT;10699;17;10697;18;;;10705;5;10707;25;;;10702.0;0.0
yf_ADM_d11;33700;ASH_COATED_OSMIUM;10065;16;10061;15;;;10071;8;10073;13;;;10068.0;0.0
yf_ADM_d11;33700;INTARIAN_PEPPER_ROOT;10701;13;10698;11;;;10710;23;10714;19;;;10705.5;0.0
yf_ADM_d11;33800;ASH_COATED_OSMIUM;10054;12;10052;21;;;10082;12;10084;20;;;10068.0;0.0
yf_ADM_d11;33800;INTARIAN_PEPPER_ROOT;10705;7;10703;15;;;10714;15;10716;17;;;10709.5;0.0
yf_ADM_d11;33900;ASH_COATED_OSMIUM;10065;13;10061;25;;;10071;26;10073;9;;;10068.0;0.0
yf_ADM_d11;33900;INTARIAN_PEPPER_ROOT;10708;15;10704;20;;;10717;5;10721;20;;;10712.5;0.0
yf_ADM_d11;34000;ASH_COATED_OSMIUM;10065;18;10063;20;;;10071;8;10075;17;;;10068.0;0.0
yf_ADM_d11;34000;INTARIAN_PEPPER_ROOT;10708;14;10705;20;;;10714;21;10717;17;;;10711.0;0.0
yf_ADM_d11;34100;ASH_COATED_OSMIUM;10064;24;10061;12;;;10071;8;10073;26;;;10067.5;0.0
yf_ADM_d11;34100;INTARIAN_PEPPER_ROOT;10705;18;10703;23;;;10714;13;10716;16;;;10709.5;0.0
yf_ADM_d11;34200;ASH_COATED_OSMIUM;10061;9;10059;18;;;10077;8;10080;20;;;10069.0;0.0
yf_ADM_d11;34200;INTARIAN_PEPPER_ROOT;10689;17;10685;17;;;10727;11;10729;35;;;10708.0;0.0
yf_ADM_d11;34300;ASH_COATED_OSMIUM;10062;11;10058;21;;;10075;8;10078;20;;;10068.5;0.0
yf_ADM_d11;34300;INTARIAN_PEPPER_ROOT;10705;20;10701;14;;;10711;11;10715;22;;;10708.0;0.0
yf_ADM_d11;34400;ASH_COATED_OSMIUM;10066;22;10063;20;;;10072;15;10074;17;;;10069.0;0.0
yf_ADM_d11;34400;INTARIAN_PEPPER_ROOT;10703;9;10699;25;;;10709;15;10712;25;;;10706.0;0.0
yf_ADM_d11;34500;ASH_COATED_OSMIUM;10061;10;10059;17;;;10075;14;10078;13;;;10068.0;0.0
yf_ADM_d11;34500;INTARIAN_PEPPER_ROOT;10700;14;10697;20;;;10708;10;10710;12;;;10704.0;0.0
yf_ADM_d11;34600;ASH_COATED_OSMIUM;10060;18;10056;17;;;10076;16;10080;20;;;10068.0;0.0
yf_ADM_d11;34600;INTARIAN_PEPPER_ROOT;10700;16;10698;15;;;10706;16;10709;24;;;10703.0;0.0
yf_ADM_d11;34700;ASH_COATED_OSMIUM;10066;12;10064;13;;;10072;18;10076;14;;;10069.0;0.0
yf_ADM_d11;34700;INTARIAN_PEPPER_ROOT;10697;8;10693;14;;;10705;10;10709;27;;;10701.0;0.0
yf_ADM_d11;34800;ASH_COATED_OSMIUM;10065;21;10062;20;;;10071;16;10073;27;;;10068.0;0.0
yf_ADM_d11;34800;INTARIAN_PEPPER_ROOT;10697;13;10693;25;;;10703;17;10706;22;;;10700.0;0.0
yf_ADM_d11;34900;ASH_COATED_OSMIUM;10063;17;10059;13;;;10074;16;10077;13;;;10068.5;0.0
yf_ADM_d11;34900;INTARIAN_PEPPER_ROOT;10694;20;10691;24;;;10704;20;10706;12;;;10699.0;0.0
yf_ADM_d11;35000;ASH_COATED_OSMIUM;10065;15;10063;28;;;10072;20;10076;35;;;10068.5;0.0
yf_ADM_d11;35000;INTARIAN_PEPPER_ROOT;10694;15;10690;23;;;10700;13;10704;23;;;10697.0;0.0
yf_ADM_d11;35100;ASH_COATED_OSMIUM;10059;14;10055;18;;;10079;7;10083;20;;;10069.0;0.0
yf_ADM_d11;35100;INTARIAN_PEPPER_ROOT;10693;17;10691;16;;;10699;11;10703;16;;;10696.0;0.0
yf_ADM_d11;35200;ASH_COATED_OSMIUM;10060;14;10056;18;;;10077;14;10080;21;;;10068.5;0.0
yf_ADM_d11;35200;INTARIAN_PEPPER_ROOT;10692;17;10688;16;;;10698;14;10702;9;;;10695.0;0.0
yf_ADM_d11;35300;ASH_COATED_OSMIUM;10064;20;10060;29;;;10071;8;10074;20;;;10067.5;0.0
yf_ADM_d11;35300;INTARIAN_PEPPER_ROOT;10690;14;10687;18;;;10696;17;10699;21;;;10693.0;0.0
yf_ADM_d11;35400;ASH_COATED_OSMIUM;10064;11;10060;26;;;10071;17;10073;18;;;10067.5;0.0
yf_ADM_d11;35400;INTARIAN_PEPPER_ROOT;10687;19;10685;19;;;10697;21;10700;8;;;10692.0;0.0
yf_ADM_d11;35500;ASH_COATED_OSMIUM;10066;14;10063;12;;;10072;9;10075;31;;;10069.0;0.0
yf_ADM_d11;35500;INTARIAN_PEPPER_ROOT;10680;20;10677;20;;;10701;14;10705;21;;;10690.5;0.0
yf_ADM_d11;35600;ASH_COATED_OSMIUM;10063;20;10061;23;;;10073;20;10075;9;;;10068.0;0.0
yf_ADM_d11;35600;INTARIAN_PEPPER_ROOT;10687;12;10685;21;;;10693;15;10696;18;;;10690.0;0.0
yf_ADM_d11;35700;ASH_COATED_OSMIUM;10063;14;10059;12;;;10073;22;10075;25;;;10068.0;0.0
yf_ADM_d11;35700;INTARIAN_PEPPER_ROOT;10676;7;10674;24;;;10699;15;10703;16;;;10687.5;0.0
yf_ADM_d11;35800;ASH_COATED_OSMIUM;10065;16;10063;19;;;10071;17;10075;23;;;10068.0;0.0
yf_ADM_d11;35800;INTARIAN_PEPPER_ROOT;10684;10;10680;18;;;10690;8;10692;27;;;10687.0;0.0
yf_ADM_d11;35900;ASH_COATED_OSMIUM;10065;22;10063;15;;;10071;18;10075;17;;;10068.0;0.0
yf_ADM_d11;35900;INTARIAN_PEPPER_ROOT;10682;25;10680;18;;;10688;12;10691;21;;;10685.0;0.0
yf_ADM_d11;36000;ASH_COATED_OSMIUM;10065;13;10061;16;;;10071;14;10073;15;;;10068.0;0.0
yf_ADM_d11;36000;INTARIAN_PEPPER_ROOT;10672;19;10670;22;;;10696;14;10700;16;;;10684.0;0.0
yf_ADM_d11;36100;ASH_COATED_OSMIUM;10065;18;10061;25;;;10071;9;10073;19;;;10068.0;0.0
yf_ADM_d11;36100;INTARIAN_PEPPER_ROOT;10679;18;10675;14;;;10685;19;10687;11;;;10682.0;0.0
yf_ADM_d11;36200;ASH_COATED_OSMIUM;10047;16;10045;31;;;10088;13;10090;22;;;10067.5;0.0
yf_ADM_d11;36200;INTARIAN_PEPPER_ROOT;10678;18;10674;27;;;10684;22;10688;18;;;10681.0;0.0
yf_ADM_d11;36300;ASH_COATED_OSMIUM;10057;24;10054;22;;;10078;19;10080;25;;;10067.5;0.0
yf_ADM_d11;36300;INTARIAN_PEPPER_ROOT;10677;19;10675;17;;;10683;11;10686;21;;;10680.0;0.0
yf_ADM_d11;36400;ASH_COATED_OSMIUM;10063;26;10061;21;;;10072;13;10076;15;;;10067.5;0.0
yf_ADM_d11;36400;INTARIAN_PEPPER_ROOT;10675;5;10671;15;;;10681;16;10684;20;;;10678.0;0.0
yf_ADM_d11;36500;ASH_COATED_OSMIUM;10065;12;10063;17;;;10071;24;10074;23;;;10068.0;0.0
yf_ADM_d11;36500;INTARIAN_PEPPER_ROOT;10674;21;10670;17;;;10680;16;10684;17;;;10677.0;0.0
yf_ADM_d11;36600;ASH_COATED_OSMIUM;10065;14;10061;19;;;10071;15;10074;20;;;10068.0;0.0
yf_ADM_d11;36600;INTARIAN_PEPPER_ROOT;10673;14;10670;26;;;10679;14;10682;11;;;10676.0;0.0
yf_ADM_d11;36700;ASH_COATED_OSMIUM;10065;18;10061;20;;;10071;5;10074;20;;;10068.0;0.0
yf_ADM_d11;36700;INTARIAN_PEPPER_ROOT;10669;7;10667;18;;;10680;13;10683;14;;;10674.5;0.0
yf_ADM_d11;36800;ASH_COATED_OSMIUM;10065;12;10062;22;;;10071;18;10074;14;;;10068.0;0.0
yf_ADM_d11;36800;INTARIAN_PEPPER_ROOT;10670;18;10668;21;;;10676;14;10678;20;;;10673.0;0.0
yf_ADM_d11;36900;ASH_COATED_OSMIUM;10064;13;10062;28;;;10070;20;10074;19;;;10067.0;0.0
yf_ADM_d11;36900;INTARIAN_PEPPER_ROOT;10669;11;10667;14;;;10675;8;10677;24;;;10672.0;0.0
yf_ADM_d11;37000;ASH_COATED_OSMIUM;10059;12;10056;18;;;10077;11;10079;21;;;10068.0;0.0
yf_ADM_d11;37000;INTARIAN_PEPPER_ROOT;10662;13;10658;19;;;10678;13;10680;30;;;10670.0;0.0
yf_ADM_d11;37100;ASH_COATED_OSMIUM;10063;23;10059;23;;;10072;16;10076;21;;;10067.5;0.0
yf_ADM_d11;37100;INTARIAN_PEPPER_ROOT;10665;18;10661;28;;;10671;21;10673;16;;;10668.0;0.0
yf_ADM_d11;37200;ASH_COATED_OSMIUM;10065;16;10063;14;;;10071;10;10073;19;;;10068.0;0.0
yf_ADM_d11;37200;INTARIAN_PEPPER_ROOT;10658;18;10654;17;;;10676;19;10679;16;;;10667.0;0.0
yf_ADM_d11;37300;ASH_COATED_OSMIUM;10065;18;10062;18;;;10071;20;10074;20;;;10068.0;0.0
yf_ADM_d11;37300;INTARIAN_PEPPER_ROOT;10663;16;10659;30;;;10669;13;10671;14;;;10666.0;0.0
yf_ADM_d11;37400;ASH_COATED_OSMIUM;10061;12;10057;24;;;10073;19;10076;16;;;10067.0;0.0
yf_ADM_d11;37400;INTARIAN_PEPPER_ROOT;10662;12;10658;22;;;10668;10;10672;22;;;10665.0;0.0
yf_ADM_d11;37500;ASH_COATED_OSMIUM;10065;14;10063;14;;;10071;12;10074;16;;;10068.0;0.0
yf_ADM_d11;37500;INTARIAN_PEPPER_ROOT;10661;17;10659;23;;;10667;15;10671;23;;;10664.0;0.0
yf_ADM_d11;37600;ASH_COATED_OSMIUM;10050;21;10047;20;;;10085;18;10088;24;;;10067.5;0.0
yf_ADM_d11;37600;INTARIAN_PEPPER_ROOT;10659;15;10656;15;;;10665;5;10669;22;;;10662.0;0.0
yf_ADM_d11;37700;ASH_COATED_OSMIUM;10065;17;10063;12;;;10071;15;10074;21;;;10068.0;0.0
yf_ADM_d11;37700;INTARIAN_PEPPER_ROOT;10657;8;10653;17;;;10663;16;10667;23;;;10660.0;0.0
yf_ADM_d11;37800;ASH_COATED_OSMIUM;10064;20;10060;17;;;10070;10;10074;21;;;10067.0;0.0
yf_ADM_d11;37800;INTARIAN_PEPPER_ROOT;10655;24;10651;16;;;10664;13;10667;17;;;10659.5;0.0
yf_ADM_d11;37900;ASH_COATED_OSMIUM;10064;23;10062;19;;;10070;15;10073;21;;;10067.0;0.0
yf_ADM_d11;37900;INTARIAN_PEPPER_ROOT;10655;9;10651;20;;;10661;10;10665;24;;;10658.0;0.0
yf_ADM_d11;38000;ASH_COATED_OSMIUM;10063;5;10061;26;;;10071;12;10073;14;;;10067.0;0.0
yf_ADM_d11;38000;INTARIAN_PEPPER_ROOT;10653;10;10649;12;;;10659;5;10662;20;;;10656.0;0.0
yf_ADM_d11;38100;ASH_COATED_OSMIUM;10064;14;10060;30;;;10070;18;10072;19;;;10067.0;0.0
yf_ADM_d11;38100;INTARIAN_PEPPER_ROOT;10652;15;10648;23;;;10658;18;10661;19;;;10655.0;0.0
yf_ADM_d11;38200;ASH_COATED_OSMIUM;10063;12;10060;15;;;10071;12;10075;11;;;10067.0;0.0
yf_ADM_d11;38200;INTARIAN_PEPPER_ROOT;10651;13;10649;21;;;10657;19;10660;16;;;10654.0;0.0
yf_ADM_d11;38300;ASH_COATED_OSMIUM;10060;18;10056;11;;;10075;11;10079;17;;;10067.5;0.0
yf_ADM_d11;38300;INTARIAN_PEPPER_ROOT;10644;15;10642;18;;;10662;17;10665;15;;;10653.0;0.0
yf_ADM_d11;38400;ASH_COATED_OSMIUM;10064;20;10060;22;;;10070;6;10073;21;;;10067.0;0.0
yf_ADM_d11;38400;INTARIAN_PEPPER_ROOT;10648;19;10646;19;;;10654;30;10658;17;;;10651.0;0.0
yf_ADM_d11;38500;ASH_COATED_OSMIUM;10063;17;10060;21;;;10071;8;10074;23;;;10067.0;0.0
yf_ADM_d11;38500;INTARIAN_PEPPER_ROOT;10647;17;10644;20;;;10653;22;10656;25;;;10650.0;0.0
yf_ADM_d11;38600;ASH_COATED_OSMIUM;10063;5;10061;22;;;10071;11;10073;26;;;10067.0;0.0
yf_ADM_d11;38600;INTARIAN_PEPPER_ROOT;10645;13;10641;21;;;10651;9;10655;20;;;10648.0;0.0
yf_ADM_d11;38700;ASH_COATED_OSMIUM;10064;16;10060;12;;;10070;21;10072;19;;;10067.0;0.0
yf_ADM_d11;38700;INTARIAN_PEPPER_ROOT;10644;8;10640;20;;;10650;17;10653;18;;;10647.0;0.0
yf_ADM_d11;38800;ASH_COATED_OSMIUM;10056;19;10054;11;;;10078;11;10080;23;;;10067.0;0.0
yf_ADM_d11;38800;INTARIAN_PEPPER_ROOT;10641;23;10639;9;;;10651;13;10653;19;;;10646.0;0.0
yf_ADM_d11;38900;ASH_COATED_OSMIUM;10065;14;10062;22;;;10071;18;10074;24;;;10068.0;0.0
yf_ADM_d11;38900;INTARIAN_PEPPER_ROOT;10640;12;10638;29;;;10649;22;10651;13;;;10644.5;0.0
yf_ADM_d11;39000;ASH_COATED_OSMIUM;10064;18;10061;22;;;10070;13;10073;19;;;10067.0;0.0
yf_ADM_d11;39000;INTARIAN_PEPPER_ROOT;10640;18;10638;21;;;10646;18;10648;15;;;10643.0;0.0
yf_ADM_d11;39100;ASH_COATED_OSMIUM;10064;19;10062;19;;;10070;23;10072;17;;;10067.0;0.0
yf_ADM_d11;39100;INTARIAN_PEPPER_ROOT;10638;20;10635;15;;;10645;25;10648;26;;;10641.5;0.0
yf_ADM_d11;39200;ASH_COATED_OSMIUM;10064;17;10061;14;;;10071;12;10073;21;;;10067.5;0.0
yf_ADM_d11;39200;INTARIAN_PEPPER_ROOT;10637;11;10634;19;;;10643;24;10645;17;;;10640.0;0.0
yf_ADM_d11;39300;ASH_COATED_OSMIUM;10056;12;10053;19;;;10077;15;10080;20;;;10066.5;0.0
yf_ADM_d11;39300;INTARIAN_PEPPER_ROOT;10636;18;10633;18;;;10642;17;10645;19;;;10639.0;0.0
yf_ADM_d11;39400;ASH_COATED_OSMIUM;10064;23;10061;18;;;10070;13;10072;21;;;10067.0;0.0
yf_ADM_d11;39400;INTARIAN_PEPPER_ROOT;10633;17;10630;24;;;10641;18;10643;9;;;10637.0;0.0
yf_ADM_d11;39500;ASH_COATED_OSMIUM;10064;12;10060;20;;;10070;20;10074;15;;;10067.0;0.0
yf_ADM_d11;39500;INTARIAN_PEPPER_ROOT;10630;9;10627;24;;;10641;22;10643;12;;;10635.5;0.0
yf_ADM_d11;39600;ASH_COATED_OSMIUM;10063;19;10061;20;;;10071;14;10074;20;;;10067.0;0.0
yf_ADM_d11;39600;INTARIAN_PEPPER_ROOT;10631;17;10629;19;;;10639;14;10643;11;;;10635.0;0.0
yf_ADM_d11;39700;ASH_COATED_OSMIUM;10064;12;10061;27;;;10070;9;10073;14;;;10067.0;0.0
yf_ADM_d11;39700;INTARIAN_PEPPER_ROOT;10631;17;10629;19;;;10637;20;10640;24;;;10634.0;0.0
yf_ADM_d11;39800;ASH_COATED_OSMIUM;10064;23;10061;22;;;10070;18;10072;15;;;10067.0;0.0
yf_ADM_d11;39800;INTARIAN_PEPPER_ROOT;10629;7;10626;24;;;10635;20;10637;17;;;10632.0;0.0
yf_ADM_d11;39900;ASH_COATED_OSMIUM;10063;20;10061;15;;;10069;12;10073;15;;;10066.0;0.0
yf_ADM_d11;39900;INTARIAN_PEPPER_ROOT;10628;5;10624;28;;;10634;11;10636;21;;;10631.0;0.0
yf_ADM_d11;40000;ASH_COATED_OSMIUM;10063;5;10060;20;;;10070;16;10073;21;;;10066.5;0.0
yf_ADM_d11;40000;INTARIAN_PEPPER_ROOT;10626;16;10623;20;;;10632;10;10634;20;;;10629.0;0.0
yf_ADM_d11;40100;ASH_COATED_OSMIUM;10059;22;10057;20;;;10076;21;10079;18;;;10067.5;0.0
yf_ADM_d11;40100;INTARIAN_PEPPER_ROOT;10624;13;10622;18;;;10633;8;10635;8;;;10628.5;0.0
yf_ADM_d11;40200;ASH_COATED_OSMIUM;10064;10;10060;17;;;10070;19;10073;19;;;10067.0;0.0
yf_ADM_d11;40200;INTARIAN_PEPPER_ROOT;10624;7;10621;16;;;10630;17;10633;12;;;10627.0;0.0
yf_ADM_d11;40300;ASH_COATED_OSMIUM;10063;12;10059;18;;;10069;13;10071;19;;;10066.0;0.0
yf_ADM_d11;40300;INTARIAN_PEPPER_ROOT;10622;17;10618;15;;;10628;14;10630;29;;;10625.0;0.0
yf_ADM_d11;40400;ASH_COATED_OSMIUM;10064;20;10062;20;;;10070;8;10074;25;;;10067.0;0.0
yf_ADM_d11;40400;INTARIAN_PEPPER_ROOT;10619;11;10615;13;;;10629;10;10631;17;;;10624.0;0.0
yf_ADM_d11;40500;ASH_COATED_OSMIUM;10060;15;10056;13;;;10074;24;10078;29;;;10067.0;0.0
yf_ADM_d11;40500;INTARIAN_PEPPER_ROOT;10619;15;10616;14;;;10625;5;10629;13;;;10622.0;0.0
yf_ADM_d11;40600;ASH_COATED_OSMIUM;10063;13;10061;22;;;10069;22;10071;19;;;10066.0;0.0
yf_ADM_d11;40600;INTARIAN_PEPPER_ROOT;10617;15;10615;11;;;10626;10;10628;21;;;10621.5;0.0
yf_ADM_d11;40700;ASH_COATED_OSMIUM;10061;14;10059;23;;;10072;18;10076;16;;;10066.5;0.0
yf_ADM_d11;40700;INTARIAN_PEPPER_ROOT;10617;13;10613;27;;;10623;10;10627;13;;;10620.0;0.0
yf_ADM_d11;40800;ASH_COATED_OSMIUM;10063;19;10060;14;;;10070;16;10073;23;;;10066.5;0.0
yf_ADM_d11;40800;INTARIAN_PEPPER_ROOT;10615;8;10611;21;;;10621;28;10625;19;;;10618.0;0.0
yf_ADM_d11;40900;ASH_COATED_OSMIUM;10058;18;10055;20;;;10074;12;10076;27;;;10066.0;0.0
yf_ADM_d11;40900;INTARIAN_PEPPER_ROOT;10614;11;10612;10;;;10620;14;10624;15;;;10617.0;0.0
yf_ADM_d11;41000;ASH_COATED_OSMIUM;10063;28;10061;15;;;10069;11;10073;24;;;10066.0;0.0
yf_ADM_d11;41000;INTARIAN_PEPPER_ROOT;10609;11;10605;11;;;10621;15;10623;23;;;10615.0;0.0
yf_ADM_d11;41100;ASH_COATED_OSMIUM;10063;11;10059;14;;;10071;13;10074;8;;;10067.0;0.0
yf_ADM_d11;41100;INTARIAN_PEPPER_ROOT;10611;21;10609;25;;;10617;18;10620;14;;;10614.0;0.0
yf_ADM_d11;41200;ASH_COATED_OSMIUM;10061;8;10059;15;;;10071;17;10073;19;;;10066.0;0.0
yf_ADM_d11;41200;INTARIAN_PEPPER_ROOT;10611;11;10607;16;;;10617;15;10619;21;;;10614.0;0.0
yf_ADM_d11;41300;ASH_COATED_OSMIUM;10063;14;10059;22;;;10069;29;10071;20;;;10066.0;0.0
yf_ADM_d11;41300;INTARIAN_PEPPER_ROOT;10608;17;10605;28;;;10614;10;10618;20;;;10611.0;0.0
yf_ADM_d11;41400;ASH_COATED_OSMIUM;10063;16;10059;19;;;10069;17;10071;18;;;10066.0;0.0
yf_ADM_d11;41400;INTARIAN_PEPPER_ROOT;10608;14;10604;16;;;10614;16;10616;19;;;10611.0;0.0
yf_ADM_d11;41500;ASH_COATED_OSMIUM;10062;20;10058;20;;;10070;12;10074;20;;;10066.0;0.0
yf_ADM_d11;41500;INTARIAN_PEPPER_ROOT;10606;16;10604;23;;;10612;12;10616;17;;;10609.0;0.0
yf_ADM_d11;41600;ASH_COATED_OSMIUM;10063;20;10059;24;;;10069;19;10071;27;;;10066.0;0.0
yf_ADM_d11;41600;INTARIAN_PEPPER_ROOT;10604;7;10602;23;;;10610;17;10613;12;;;10607.0;0.0
yf_ADM_d11;41700;ASH_COATED_OSMIUM;10064;13;10062;17;;;10070;11;10074;21;;;10067.0;0.0
yf_ADM_d11;41700;INTARIAN_PEPPER_ROOT;10603;19;10600;26;;;10609;19;10613;24;;;10606.0;0.0
yf_ADM_d11;41800;ASH_COATED_OSMIUM;10063;21;10059;25;;;10069;17;10072;22;;;10066.0;0.0
yf_ADM_d11;41800;INTARIAN_PEPPER_ROOT;10602;15;10598;12;;;10608;23;10611;16;;;10605.0;0.0
yf_ADM_d11;41900;ASH_COATED_OSMIUM;10063;16;10059;23;;;10069;22;10072;17;;;10066.0;0.0
yf_ADM_d11;41900;INTARIAN_PEPPER_ROOT;10592;5;10590;16;;;10614;15;10618;23;;;10603.0;0.0
yf_ADM_d11;42000;ASH_COATED_OSMIUM;10063;14;10060;26;;;10069;10;10073;24;;;10066.0;0.0
yf_ADM_d11;42000;INTARIAN_PEPPER_ROOT;10595;6;10591;27;;;10608;26;10610;10;;;10601.5;0.0
yf_ADM_d11;42100;ASH_COATED_OSMIUM;10063;11;10059;17;;;10071;11;10073;26;;;10067.0;0.0
yf_ADM_d11;42100;INTARIAN_PEPPER_ROOT;10596;8;10593;16;;;10604;15;10606;20;;;10600.0;0.0
yf_ADM_d11;42200;ASH_COATED_OSMIUM;10063;23;10060;23;;;10069;25;10073;16;;;10066.0;0.0
yf_ADM_d11;42200;INTARIAN_PEPPER_ROOT;10597;16;10593;24;;;10603;14;10605;21;;;10600.0;0.0
yf_ADM_d11;42300;ASH_COATED_OSMIUM;10063;24;10060;18;;;10069;7;10073;23;;;10066.0;0.0
yf_ADM_d11;42300;INTARIAN_PEPPER_ROOT;10595;19;10592;27;;;10601;16;10605;20;;;10598.0;0.0
yf_ADM_d11;42400;ASH_COATED_OSMIUM;10062;23;10058;22;;;10070;17;10073;24;;;10066.0;0.0
yf_ADM_d11;42400;INTARIAN_PEPPER_ROOT;10594;25;10590;12;;;10600;14;10602;25;;;10597.0;0.0
yf_ADM_d11;42500;ASH_COATED_OSMIUM;10063;15;10059;15;;;10069;19;10073;14;;;10066.0;0.0
yf_ADM_d11;42500;INTARIAN_PEPPER_ROOT;10585;19;10581;21;;;10605;14;10609;15;;;10595.0;0.0
yf_ADM_d11;42600;ASH_COATED_OSMIUM;10054;15;10050;17;;;10078;15;10080;26;;;10066.0;0.0
yf_ADM_d11;42600;INTARIAN_PEPPER_ROOT;10591;19;10589;21;;;10597;13;10599;16;;;10594.0;0.0
yf_ADM_d11;42700;ASH_COATED_OSMIUM;10047;16;10044;18;;;10083;14;10085;24;;;10065.0;0.0
yf_ADM_d11;42700;INTARIAN_PEPPER_ROOT;10589;16;10586;31;;;10595;19;10598;18;;;10592.0;0.0
yf_ADM_d11;42800;ASH_COATED_OSMIUM;10059;20;10057;28;;;10073;21;10076;25;;;10066.0;0.0
yf_ADM_d11;42800;INTARIAN_PEPPER_ROOT;10580;12;10576;22;;;10601;15;10604;25;;;10590.5;0.0
yf_ADM_d11;42900;ASH_COATED_OSMIUM;10059;17;10055;23;;;10072;19;10076;28;;;10065.5;0.0
yf_ADM_d11;42900;INTARIAN_PEPPER_ROOT;10586;9;10584;21;;;10592;17;10595;29;;;10589.0;0.0
yf_ADM_d11;43000;ASH_COATED_OSMIUM;10062;12;10060;19;;;10069;16;10072;29;;;10065.5;0.0
yf_ADM_d11;43000;INTARIAN_PEPPER_ROOT;10586;15;10582;25;;;10592;11;10595;25;;;10589.0;0.0
yf_ADM_d11;43100;ASH_COATED_OSMIUM;10062;22;10058;12;;;10068;19;10070;28;;;10065.0;0.0
yf_ADM_d11;43100;INTARIAN_PEPPER_ROOT;10582;10;10578;28;;;10593;6;10596;17;;;10587.5;0.0
yf_ADM_d11;43200;ASH_COATED_OSMIUM;10062;17;10058;17;;;10069;12;10071;21;;;10065.5;0.0
yf_ADM_d11;43200;INTARIAN_PEPPER_ROOT;10582;25;10579;21;;;10588;14;10591;28;;;10585.0;0.0
yf_ADM_d11;43300;ASH_COATED_OSMIUM;10061;17;10058;12;;;10071;22;10073;21;;;10066.0;0.0
yf_ADM_d11;43300;INTARIAN_PEPPER_ROOT;10580;13;10578;13;;;10589;19;10591;16;;;10584.5;0.0
yf_ADM_d11;43400;ASH_COATED_OSMIUM;10052;7;10048;16;;;10080;19;10083;23;;;10066.0;0.0
yf_ADM_d11;43400;INTARIAN_PEPPER_ROOT;10577;10;10574;25;;;10587;15;10590;8;;;10582.0;0.0
yf_ADM_d11;43500;ASH_COATED_OSMIUM;10059;10;10056;22;;;10073;18;10075;19;;;10066.0;0.0
yf_ADM_d11;43500;INTARIAN_PEPPER_ROOT;10577;12;10574;18;;;10586;15;10588;17;;;10581.5;0.0
yf_ADM_d11;43600;ASH_COATED_OSMIUM;10060;5;10058;22;;;10072;24;10074;21;;;10066.0;0.0
yf_ADM_d11;43600;INTARIAN_PEPPER_ROOT;10576;13;10574;21;;;10585;23;10587;16;;;10580.5;0.0
yf_ADM_d11;43700;ASH_COATED_OSMIUM;10057;25;10055;22;;;10074;14;10078;11;;;10065.5;0.0
yf_ADM_d11;43700;INTARIAN_PEPPER_ROOT;10575;15;10571;19;;;10581;7;10584;19;;;10578.0;0.0
yf_ADM_d11;43800;ASH_COATED_OSMIUM;10060;17;10058;19;;;10071;21;10075;23;;;10065.5;0.0
yf_ADM_d11;43800;INTARIAN_PEPPER_ROOT;10569;18;10567;20;;;10586;17;10590;25;;;10577.5;0.0
yf_ADM_d11;43900;ASH_COATED_OSMIUM;10053;12;10051;14;;;10078;11;10082;21;;;10065.5;0.0
yf_ADM_d11;43900;INTARIAN_PEPPER_ROOT;10572;13;10568;20;;;10578;19;10582;26;;;10575.0;0.0
yf_ADM_d11;44000;ASH_COATED_OSMIUM;10063;15;10060;10;;;10069;22;10073;14;;;10066.0;0.0
yf_ADM_d11;44000;INTARIAN_PEPPER_ROOT;10572;12;10570;23;;;10578;19;10581;19;;;10575.0;0.0
yf_ADM_d11;44100;ASH_COATED_OSMIUM;10063;9;10059;22;;;10069;18;10071;19;;;10066.0;0.0
yf_ADM_d11;44100;INTARIAN_PEPPER_ROOT;10569;11;10567;17;;;10579;16;10581;16;;;10574.0;0.0
yf_ADM_d11;44200;ASH_COATED_OSMIUM;10059;16;10056;19;;;10071;16;10073;19;;;10065.0;0.0
yf_ADM_d11;44200;INTARIAN_PEPPER_ROOT;10569;24;10567;24;;;10575;18;10579;17;;;10572.0;0.0
yf_ADM_d11;44300;ASH_COATED_OSMIUM;10060;18;10056;23;;;10071;20;10074;18;;;10065.5;0.0
yf_ADM_d11;44300;INTARIAN_PEPPER_ROOT;10562;20;10560;13;;;10579;6;10582;14;;;10570.5;0.0
yf_ADM_d11;44400;ASH_COATED_OSMIUM;10062;19;10058;23;;;10068;15;10071;23;;;10065.0;0.0
yf_ADM_d11;44400;INTARIAN_PEPPER_ROOT;10566;18;10563;25;;;10572;18;10575;16;;;10569.0;0.0
yf_ADM_d11;44500;ASH_COATED_OSMIUM;10062;12;10058;20;;;10068;15;10072;23;;;10065.0;0.0
yf_ADM_d11;44500;INTARIAN_PEPPER_ROOT;10561;9;10557;11;;;10574;21;10577;22;;;10567.5;0.0
yf_ADM_d11;44600;ASH_COATED_OSMIUM;10063;14;10060;17;;;10069;15;10071;22;;;10066.0;0.0
yf_ADM_d11;44600;INTARIAN_PEPPER_ROOT;10563;9;10561;15;;;10569;11;10571;16;;;10566.0;0.0
yf_ADM_d11;44700;ASH_COATED_OSMIUM;10059;13;10056;21;;;10073;8;10076;24;;;10066.0;0.0
yf_ADM_d11;44700;INTARIAN_PEPPER_ROOT;10562;15;10560;23;;;10568;13;10570;23;;;10565.0;0.0
yf_ADM_d11;44800;ASH_COATED_OSMIUM;10062;17;10060;18;;;10068;8;10071;21;;;10065.0;0.0
yf_ADM_d11;44800;INTARIAN_PEPPER_ROOT;10561;14;10559;15;;;10567;16;10569;20;;;10564.0;0.0
yf_ADM_d11;44900;ASH_COATED_OSMIUM;10060;10;10056;25;;;10071;18;10075;26;;;10065.5;0.0
yf_ADM_d11;44900;INTARIAN_PEPPER_ROOT;10559;18;10555;22;;;10565;12;10569;25;;;10562.0;0.0
yf_ADM_d11;45000;ASH_COATED_OSMIUM;10047;19;10044;31;;;10083;21;10085;24;;;10065.0;0.0
yf_ADM_d11;45000;INTARIAN_PEPPER_ROOT;10554;20;10550;22;;;10569;23;10572;25;;;10561.5;0.0
yf_ADM_d11;45100;ASH_COATED_OSMIUM;10062;16;10058;28;;;10068;13;10071;24;;;10065.0;0.0
yf_ADM_d11;45100;INTARIAN_PEPPER_ROOT;10556;18;10554;22;;;10563;14;10565;16;;;10559.5;0.0
yf_ADM_d11;45200;ASH_COATED_OSMIUM;10063;13;10060;18;;;10069;15;10072;23;;;10066.0;0.0
yf_ADM_d11;45200;INTARIAN_PEPPER_ROOT;10555;5;10551;23;;;10561;8;10563;20;;;10558.0;0.0
yf_ADM_d11;45300;ASH_COATED_OSMIUM;10061;13;10057;17;;;10069;15;10071;14;;;10065.0;0.0
yf_ADM_d11;45300;INTARIAN_PEPPER_ROOT;10554;9;10552;19;;;10560;16;10562;9;;;10557.0;0.0
yf_ADM_d11;45400;ASH_COATED_OSMIUM;10053;18;10050;25;;;10078;25;10081;13;;;10065.5;0.0
yf_ADM_d11;45400;INTARIAN_PEPPER_ROOT;10552;16;10550;16;;;10558;27;10561;21;;;10555.0;0.0
yf_ADM_d11;45500;ASH_COATED_OSMIUM;10063;8;10061;28;;;10069;11;10073;20;;;10066.0;0.0
yf_ADM_d11;45500;INTARIAN_PEPPER_ROOT;10551;21;10547;28;;;10557;16;10561;12;;;10554.0;0.0
yf_ADM_d11;45600;ASH_COATED_OSMIUM;10052;16;10050;21;;;10079;18;10081;17;;;10065.5;0.0
yf_ADM_d11;45600;INTARIAN_PEPPER_ROOT;10550;20;10547;20;;;10556;9;10560;23;;;10553.0;0.0
yf_ADM_d11;45700;ASH_COATED_OSMIUM;10061;16;10059;18;;;10069;13;10071;21;;;10065.0;0.0
yf_ADM_d11;45700;INTARIAN_PEPPER_ROOT;10549;14;10547;27;;;10555;15;10559;21;;;10552.0;0.0
yf_ADM_d11;45800;ASH_COATED_OSMIUM;10060;14;10058;9;;;10071;27;10075;20;;;10065.5;0.0
yf_ADM_d11;45800;INTARIAN_PEPPER_ROOT;10543;12;10539;21;;;10556;18;10558;22;;;10549.5;0.0
yf_ADM_d11;45900;ASH_COATED_OSMIUM;10062;19;10058;17;;;10068;18;10071;16;;;10065.0;0.0
yf_ADM_d11;45900;INTARIAN_PEPPER_ROOT;10545;16;10542;20;;;10553;11;10555;23;;;10549.0;0.0
yf_ADM_d11;46000;ASH_COATED_OSMIUM;10056;14;10053;19;;;10073;23;10076;18;;;10064.5;0.0
yf_ADM_d11;46000;INTARIAN_PEPPER_ROOT;10544;19;10540;18;;;10550;16;10552;23;;;10547.0;0.0
yf_ADM_d11;46100;ASH_COATED_OSMIUM;10062;16;10058;22;;;10068;5;10070;23;;;10065.0;0.0
yf_ADM_d11;46100;INTARIAN_PEPPER_ROOT;10538;14;10535;24;;;10553;5;10557;19;;;10545.5;0.0
yf_ADM_d11;46200;ASH_COATED_OSMIUM;10062;14;10059;18;;;10068;11;10072;10;;;10065.0;0.0
yf_ADM_d11;46200;INTARIAN_PEPPER_ROOT;10541;13;10538;21;;;10547;15;10550;21;;;10544.0;0.0
yf_ADM_d11;46300;ASH_COATED_OSMIUM;10062;12;10058;22;;;10068;21;10070;15;;;10065.0;0.0
yf_ADM_d11;46300;INTARIAN_PEPPER_ROOT;10540;16;10538;21;;;10546;20;10550;31;;;10543.0;0.0
yf_ADM_d11;46400;ASH_COATED_OSMIUM;10062;10;10058;23;;;10068;16;10072;13;;;10065.0;0.0
yf_ADM_d11;46400;INTARIAN_PEPPER_ROOT;10539;13;10535;18;;;10545;17;10548;17;;;10542.0;0.0
yf_ADM_d11;46500;ASH_COATED_OSMIUM;10062;12;10060;18;;;10068;5;10071;21;;;10065.0;0.0
yf_ADM_d11;46500;INTARIAN_PEPPER_ROOT;10535;16;10533;26;;;10544;9;10547;27;;;10539.5;0.0
yf_ADM_d11;46600;ASH_COATED_OSMIUM;10062;16;10060;21;;;10068;16;10070;21;;;10065.0;0.0
yf_ADM_d11;46600;INTARIAN_PEPPER_ROOT;10527;13;10524;22;;;10550;17;10553;12;;;10538.5;0.0
yf_ADM_d11;46700;ASH_COATED_OSMIUM;10062;6;10059;14;;;10068;12;10070;19;;;10065.0;0.0
yf_ADM_d11;46700;INTARIAN_PEPPER_ROOT;10535;19;10531;25;;;10541;11;10544;20;;;10538.0;0.0
yf_ADM_d11;46800;ASH_COATED_OSMIUM;10061;17;10057;17;;;10069;13;10072;18;;;10065.0;0.0
yf_ADM_d11;46800;INTARIAN_PEPPER_ROOT;10525;15;10523;15;;;10548;18;10550;18;;;10536.5;0.0
yf_ADM_d11;46900;ASH_COATED_OSMIUM;10061;21;10058;21;;;10067;20;10069;22;;;10064.0;0.0
yf_ADM_d11;46900;INTARIAN_PEPPER_ROOT;10532;16;10528;13;;;10538;11;10540;17;;;10535.0;0.0
yf_ADM_d11;47000;ASH_COATED_OSMIUM;10062;11;10058;22;;;10068;5;10071;24;;;10065.0;0.0
yf_ADM_d11;47000;INTARIAN_PEPPER_ROOT;10530;13;10527;28;;;10536;16;10538;11;;;10533.0;0.0
yf_ADM_d11;47100;ASH_COATED_OSMIUM;10061;5;10059;27;;;10069;22;10071;20;;;10065.0;0.0
yf_ADM_d11;47100;INTARIAN_PEPPER_ROOT;10529;15;10525;21;;;10535;16;10538;15;;;10532.0;0.0
yf_ADM_d11;47200;ASH_COATED_OSMIUM;10061;9;10058;19;;;10068;15;10070;13;;;10064.5;0.0
yf_ADM_d11;47200;INTARIAN_PEPPER_ROOT;10528;20;10524;35;;;10534;22;10536;26;;;10531.0;0.0
yf_ADM_d11;47300;ASH_COATED_OSMIUM;10051;20;10048;20;;;10078;13;10081;22;;;10064.5;0.0
yf_ADM_d11;47300;INTARIAN_PEPPER_ROOT;10526;11;10522;18;;;10532;11;10534;21;;;10529.0;0.0
yf_ADM_d11;47400;ASH_COATED_OSMIUM;10060;16;10056;17;;;10069;16;10073;19;;;10064.5;0.0
yf_ADM_d11;47400;INTARIAN_PEPPER_ROOT;10526;8;10522;16;;;10532;12;10536;20;;;10529.0;0.0
yf_ADM_d11;47500;ASH_COATED_OSMIUM;10062;17;10060;25;;;10068;15;10071;31;;;10065.0;0.0
yf_ADM_d11;47500;INTARIAN_PEPPER_ROOT;10517;12;10513;19;;;10535;13;10538;14;;;10526.0;0.0
yf_ADM_d11;47600;ASH_COATED_OSMIUM;10062;15;10060;16;;;10068;18;10071;21;;;10065.0;0.0
yf_ADM_d11;47600;INTARIAN_PEPPER_ROOT;10522;15;10518;20;;;10528;5;10530;18;;;10525.0;0.0
yf_ADM_d11;47700;ASH_COATED_OSMIUM;10055;30;10051;16;;;10072;17;10074;8;;;10063.5;0.0
yf_ADM_d11;47700;INTARIAN_PEPPER_ROOT;10522;13;10519;22;;;10528;13;10532;17;;;10525.0;0.0
yf_ADM_d11;47800;ASH_COATED_OSMIUM;10044;11;10042;19;;;10085;12;10087;23;;;10064.5;0.0
yf_ADM_d11;47800;INTARIAN_PEPPER_ROOT;10519;20;10516;25;;;10525;16;10529;12;;;10522.0;0.0
yf_ADM_d11;47900;ASH_COATED_OSMIUM;10058;10;10055;20;;;10072;17;10074;18;;;10065.0;0.0
yf_ADM_d11;47900;INTARIAN_PEPPER_ROOT;10519;16;10515;18;;;10525;21;10528;23;;;10522.0;0.0
yf_ADM_d11;48000;ASH_COATED_OSMIUM;10060;18;10058;31;;;10068;12;10071;14;;;10064.0;0.0
yf_ADM_d11;48000;INTARIAN_PEPPER_ROOT;10517;12;10515;22;;;10523;22;10527;21;;;10520.0;0.0
yf_ADM_d11;48100;ASH_COATED_OSMIUM;10060;16;10058;22;;;10068;23;10071;21;;;10064.0;0.0
yf_ADM_d11;48100;INTARIAN_PEPPER_ROOT;10512;16;10508;19;;;10524;16;10526;20;;;10518.0;0.0
yf_ADM_d11;48200;ASH_COATED_OSMIUM;10054;13;10052;25;;;10075;19;10077;14;;;10064.5;0.0
yf_ADM_d11;48200;INTARIAN_PEPPER_ROOT;10513;20;10510;21;;;10522;11;10526;23;;;10517.5;0.0
yf_ADM_d11;48300;ASH_COATED_OSMIUM;10061;15;10059;18;;;10067;16;10070;21;;;10064.0;0.0
yf_ADM_d11;48300;INTARIAN_PEPPER_ROOT;10513;11;10509;14;;;10519;14;10521;14;;;10516.0;0.0
yf_ADM_d11;48400;ASH_COATED_OSMIUM;10057;9;10053;15;;;10072;11;10074;25;;;10064.5;0.0
yf_ADM_d11;48400;INTARIAN_PEPPER_ROOT;10507;8;10504;17;;;10522;17;10526;24;;;10514.5;0.0
yf_ADM_d11;48500;ASH_COATED_OSMIUM;10060;11;10057;14;;;10068;19;10070;16;;;10064.0;0.0
yf_ADM_d11;48500;INTARIAN_PEPPER_ROOT;10508;18;10506;20;;;10518;20;10521;21;;;10513.0;0.0
yf_ADM_d11;48600;ASH_COATED_OSMIUM;10057;16;10053;23;;;10070;17;10074;20;;;10063.5;0.0
yf_ADM_d11;48600;INTARIAN_PEPPER_ROOT;10502;15;10498;15;;;10521;21;10523;25;;;10511.5;0.0
yf_ADM_d11;48700;ASH_COATED_OSMIUM;10057;17;10054;24;;;10072;10;10075;25;;;10064.5;0.0
yf_ADM_d11;48700;INTARIAN_PEPPER_ROOT;10507;9;10504;16;;;10514;12;10518;22;;;10510.5;0.0
yf_ADM_d11;48800;ASH_COATED_OSMIUM;10061;9;10057;17;;;10068;19;10072;14;;;10064.5;0.0
yf_ADM_d11;48800;INTARIAN_PEPPER_ROOT;10506;9;10504;21;;;10512;14;10516;20;;;10509.0;0.0
yf_ADM_d11;48900;ASH_COATED_OSMIUM;10061;10;10058;25;;;10067;21;10070;16;;;10064.0;0.0
yf_ADM_d11;48900;INTARIAN_PEPPER_ROOT;10504;18;10502;21;;;10510;5;10513;21;;;10507.0;0.0
yf_ADM_d11;49000;ASH_COATED_OSMIUM;10061;13;10059;24;;;10067;11;10071;25;;;10064.0;0.0
yf_ADM_d11;49000;INTARIAN_PEPPER_ROOT;10504;17;10501;16;;;10510;10;10514;26;;;10507.0;0.0
yf_ADM_d11;49100;ASH_COATED_OSMIUM;10061;16;10057;16;;;10067;17;10069;33;;;10064.0;0.0
yf_ADM_d11;49100;INTARIAN_PEPPER_ROOT;10496;12;10494;11;;;10513;20;10517;16;;;10504.5;0.0
yf_ADM_d11;49200;ASH_COATED_OSMIUM;10061;7;10057;20;;;10067;22;10070;8;;;10064.0;0.0
yf_ADM_d11;49200;INTARIAN_PEPPER_ROOT;10499;16;10497;20;;;10507;24;10511;22;;;10503.0;0.0
yf_ADM_d11;49300;ASH_COATED_OSMIUM;10060;8;10056;23;;;10066;5;10069;28;;;10063.0;0.0
yf_ADM_d11;49300;INTARIAN_PEPPER_ROOT;10499;11;10497;20;;;10505;11;10507;24;;;10502.0;0.0
yf_ADM_d11;49400;ASH_COATED_OSMIUM;10061;25;10059;18;;;10068;13;10072;15;;;10064.5;0.0
yf_ADM_d11;49400;INTARIAN_PEPPER_ROOT;10496;15;10494;29;;;10504;17;10506;25;;;10500.0;0.0
yf_ADM_d11;49500;ASH_COATED_OSMIUM;10061;11;10057;23;;;10067;11;10069;12;;;10064.0;0.0
yf_ADM_d11;49500;INTARIAN_PEPPER_ROOT;10493;15;10490;24;;;10504;14;10508;21;;;10498.5;0.0
yf_ADM_d11;49600;ASH_COATED_OSMIUM;10061;16;10058;19;;;10067;13;10069;22;;;10064.0;0.0
yf_ADM_d11;49600;INTARIAN_PEPPER_ROOT;10495;18;10491;13;;;10501;10;10504;21;;;10498.0;0.0
yf_ADM_d11;49700;ASH_COATED_OSMIUM;10061;5;10057;15;;;10067;24;10069;15;;;10064.0;0.0
yf_ADM_d11;49700;INTARIAN_PEPPER_ROOT;10493;20;10490;21;;;10499;20;10501;21;;;10496.0;0.0
yf_ADM_d11;49800;ASH_COATED_OSMIUM;10056;18;10052;20;;;10073;11;10077;19;;;10064.5;0.0
yf_ADM_d11;49800;INTARIAN_PEPPER_ROOT;10484;8;10481;23;;;10505;17;10508;15;;;10494.5;0.0
yf_ADM_d11;49900;ASH_COATED_OSMIUM;10060;15;10058;20;;;10066;10;10069;27;;;10063.0;0.0
yf_ADM_d11;49900;INTARIAN_PEPPER_ROOT;10491;13;10487;16;;;10497;21;10500;9;;;10494.0;0.0
yf_ADM_d11;50000;ASH_COATED_OSMIUM;10061;13;10059;27;;;10067;14;10071;18;;;10064.0;0.0
yf_ADM_d11;50000;INTARIAN_PEPPER_ROOT;10488;20;10486;13;;;10494;7;10496;17;;;10491.0;0.0
yf_ADM_d11;50100;ASH_COATED_OSMIUM;10061;19;10057;21;;;10067;10;10071;12;;;10064.0;0.0
yf_ADM_d11;50100;INTARIAN_PEPPER_ROOT;10476;15;10473;15;;;10507;12;10510;15;;;10491.5;0.0
yf_ADM_d11;50200;ASH_COATED_OSMIUM;10060;10;10056;8;;;10066;7;10070;21;;;10063.0;0.0
yf_ADM_d11;50200;INTARIAN_PEPPER_ROOT;10487;19;10484;16;;;10493;17;10496;28;;;10490.0;0.0
yf_ADM_d11;50300;ASH_COATED_OSMIUM;10060;25;10056;15;;;10066;14;10069;24;;;10063.0;0.0
yf_ADM_d11;50300;INTARIAN_PEPPER_ROOT;10483;5;10479;26;;;10494;22;10497;24;;;10488.5;0.0
yf_ADM_d11;50400;ASH_COATED_OSMIUM;10052;17;10048;29;;;10075;5;10077;24;;;10063.5;0.0
yf_ADM_d11;50400;INTARIAN_PEPPER_ROOT;10484;17;10480;21;;;10490;7;10492;24;;;10487.0;0.0
yf_ADM_d11;50500;ASH_COATED_OSMIUM;10060;19;10056;25;;;10067;13;10070;22;;;10063.5;0.0
yf_ADM_d11;50500;INTARIAN_PEPPER_ROOT;10483;16;10481;18;;;10489;29;10493;18;;;10486.0;0.0
yf_ADM_d11;50600;ASH_COATED_OSMIUM;10059;7;10055;14;;;10068;8;10072;20;;;10063.5;0.0
yf_ADM_d11;50600;INTARIAN_PEPPER_ROOT;10480;19;10477;17;;;10488;14;10490;23;;;10484.0;0.0
yf_ADM_d11;50700;ASH_COATED_OSMIUM;10061;20;10057;21;;;10067;10;10070;24;;;10064.0;0.0
yf_ADM_d11;50700;INTARIAN_PEPPER_ROOT;10480;14;10476;19;;;10486;17;10489;22;;;10483.0;0.0
yf_ADM_d11;50800;ASH_COATED_OSMIUM;10059;13;10056;12;;;10068;14;10070;13;;;10063.5;0.0
yf_ADM_d11;50800;INTARIAN_PEPPER_ROOT;10479;19;10476;17;;;10485;12;10489;29;;;10482.0;0.0
yf_ADM_d11;50900;ASH_COATED_OSMIUM;10061;10;10059;20;;;10067;20;10071;32;;;10064.0;0.0
yf_ADM_d11;50900;INTARIAN_PEPPER_ROOT;10477;14;10473;10;;;10486;13;10488;18;;;10481.5;0.0
yf_ADM_d11;51000;ASH_COATED_OSMIUM;10061;14;10057;15;;;10067;7;10071;13;;;10064.0;0.0
yf_ADM_d11;51000;INTARIAN_PEPPER_ROOT;10479;16;10476;13;;;10488;12;10490;21;;;10483.5;0.0
yf_ADM_d11;51100;ASH_COATED_OSMIUM;10061;22;10058;21;;;10067;12;10069;19;;;10064.0;0.0
yf_ADM_d11;51100;INTARIAN_PEPPER_ROOT;10481;16;10478;17;;;10487;15;10489;23;;;10484.0;0.0
yf_ADM_d11;51200;ASH_COATED_OSMIUM;10061;22;10058;15;;;10067;10;10071;20;;;10064.0;0.0
yf_ADM_d11;51200;INTARIAN_PEPPER_ROOT;10475;20;10473;25;;;10495;21;10497;18;;;10485.0;0.0
yf_ADM_d11;51300;ASH_COATED_OSMIUM;10061;10;10057;14;;;10067;13;10069;26;;;10064.0;0.0
yf_ADM_d11;51300;INTARIAN_PEPPER_ROOT;10484;19;10482;22;;;10491;16;10494;16;;;10487.5;0.0
yf_ADM_d11;51400;ASH_COATED_OSMIUM;10059;10;10057;21;;;10069;23;10071;9;;;10064.0;0.0
yf_ADM_d11;51400;INTARIAN_PEPPER_ROOT;10484;12;10481;24;;;10491;13;10493;28;;;10487.5;0.0
yf_ADM_d11;51500;ASH_COATED_OSMIUM;10062;23;10058;19;;;10068;17;10070;26;;;10065.0;0.0
yf_ADM_d11;51500;INTARIAN_PEPPER_ROOT;10482;18;10478;15;;;10497;16;10500;22;;;10489.5;0.0
yf_ADM_d11;51600;ASH_COATED_OSMIUM;10061;18;10057;17;;;10067;21;10069;21;;;10064.0;0.0
yf_ADM_d11;51600;INTARIAN_PEPPER_ROOT;10487;15;10483;25;;;10493;16;10495;10;;;10490.0;0.0
yf_ADM_d11;51700;ASH_COATED_OSMIUM;10051;18;10047;18;;;10078;19;10081;14;;;10064.5;0.0
yf_ADM_d11;51700;INTARIAN_PEPPER_ROOT;10487;14;10485;15;;;10495;15;10498;22;;;10491.0;0.0
yf_ADM_d11;51800;ASH_COATED_OSMIUM;10061;16;10058;9;;;10067;21;10070;16;;;10064.0;0.0
yf_ADM_d11;51800;INTARIAN_PEPPER_ROOT;10489;15;10487;32;;;10495;14;10499;19;;;10492.0;0.0
yf_ADM_d11;51900;ASH_COATED_OSMIUM;10059;17;10056;11;;;10072;12;10075;12;;;10065.5;0.0
yf_ADM_d11;51900;INTARIAN_PEPPER_ROOT;10489;5;10485;17;;;10498;14;10500;27;;;10493.5;0.0
yf_ADM_d11;52000;ASH_COATED_OSMIUM;10062;17;10060;19;;;10068;11;10070;17;;;10065.0;0.0
yf_ADM_d11;52000;INTARIAN_PEPPER_ROOT;10492;18;10488;12;;;10498;5;10501;18;;;10495.0;0.0
yf_ADM_d11;52100;ASH_COATED_OSMIUM;10061;13;10058;16;;;10069;14;10073;16;;;10065.0;0.0
yf_ADM_d11;52100;INTARIAN_PEPPER_ROOT;10492;14;10489;10;;;10498;16;10501;19;;;10495.0;0.0
yf_ADM_d11;52200;ASH_COATED_OSMIUM;10057;15;10055;13;;;10072;15;10076;18;;;10064.5;0.0
yf_ADM_d11;52200;INTARIAN_PEPPER_ROOT;10494;16;10491;28;;;10500;11;10504;23;;;10497.0;0.0
yf_ADM_d11;52300;ASH_COATED_OSMIUM;10049;9;10047;21;;;10081;16;10084;23;;;10065.0;0.0
yf_ADM_d11;52300;INTARIAN_PEPPER_ROOT;10495;7;10492;28;;;10501;12;10505;19;;;10498.0;0.0
yf_ADM_d11;52400;ASH_COATED_OSMIUM;10059;12;10056;16;;;10072;10;10074;26;;;10065.5;0.0
yf_ADM_d11;52400;INTARIAN_PEPPER_ROOT;10495;13;10493;32;;;10501;19;10503;18;;;10498.0;0.0
yf_ADM_d11;52500;ASH_COATED_OSMIUM;10057;16;10053;19;;;10074;5;10076;23;;;10065.5;0.0
yf_ADM_d11;52500;INTARIAN_PEPPER_ROOT;10496;9;10492;11;;;10504;16;10507;15;;;10500.0;0.0
yf_ADM_d11;52600;ASH_COATED_OSMIUM;10062;12;10058;11;;;10068;9;10070;22;;;10065.0;0.0
yf_ADM_d11;52600;INTARIAN_PEPPER_ROOT;10497;23;10493;22;;;10505;6;10508;19;;;10501.0;0.0
yf_ADM_d11;52700;ASH_COATED_OSMIUM;10063;9;10061;17;;;10069;14;10072;11;;;10066.0;0.0
yf_ADM_d11;52700;INTARIAN_PEPPER_ROOT;10500;12;10496;20;;;10506;23;10510;21;;;10503.0;0.0
yf_ADM_d11;52800;ASH_COATED_OSMIUM;10063;12;10061;31;;;10070;9;10074;28;;;10066.5;0.0
yf_ADM_d11;52800;INTARIAN_PEPPER_ROOT;10499;11;10495;16;;;10509;14;10513;19;;;10504.0;0.0
yf_ADM_d11;52900;ASH_COATED_OSMIUM;10055;5;10051;17;;;10077;16;10080;23;;;10066.0;0.0
yf_ADM_d11;52900;INTARIAN_PEPPER_ROOT;10503;21;10501;21;;;10509;10;10512;21;;;10506.0;0.0
yf_ADM_d11;53000;ASH_COATED_OSMIUM;10063;15;10059;16;;;10069;12;10073;17;;;10066.0;0.0
yf_ADM_d11;53000;INTARIAN_PEPPER_ROOT;10487;12;10485;14;;;10526;14;10528;18;;;10506.5;0.0
yf_ADM_d11;53100;ASH_COATED_OSMIUM;10063;15;10059;18;;;10069;17;10073;18;;;10066.0;0.0
yf_ADM_d11;53100;INTARIAN_PEPPER_ROOT;10504;16;10500;22;;;10510;12;10512;24;;;10507.0;0.0
yf_ADM_d11;53200;ASH_COATED_OSMIUM;10063;14;10060;24;;;10069;16;10073;22;;;10066.0;0.0
yf_ADM_d11;53200;INTARIAN_PEPPER_ROOT;10499;11;10496;13;;;10519;9;10523;28;;;10509.0;0.0
yf_ADM_d11;53300;ASH_COATED_OSMIUM;10063;8;10060;24;;;10069;19;10071;31;;;10066.0;0.0
yf_ADM_d11;53300;INTARIAN_PEPPER_ROOT;10507;17;10505;22;;;10513;14;10517;19;;;10510.0;0.0
yf_ADM_d11;53400;ASH_COATED_OSMIUM;10064;17;10060;19;;;10070;22;10073;17;;;10067.0;0.0
yf_ADM_d11;53400;INTARIAN_PEPPER_ROOT;10506;10;10503;25;;;10515;12;10519;15;;;10510.5;0.0
yf_ADM_d11;53500;ASH_COATED_OSMIUM;10064;14;10062;13;;;10070;8;10073;21;;;10067.0;0.0
yf_ADM_d11;53500;INTARIAN_PEPPER_ROOT;10509;13;10507;15;;;10515;15;10519;28;;;10512.0;0.0
yf_ADM_d11;53600;ASH_COATED_OSMIUM;10064;18;10061;19;;;10070;13;10072;20;;;10067.0;0.0
yf_ADM_d11;53600;INTARIAN_PEPPER_ROOT;10511;10;10509;17;;;10517;17;10519;11;;;10514.0;0.0
yf_ADM_d11;53700;ASH_COATED_OSMIUM;10064;24;10062;11;;;10070;10;10073;22;;;10067.0;0.0
yf_ADM_d11;53700;INTARIAN_PEPPER_ROOT;10511;15;10509;19;;;10517;8;10520;22;;;10514.0;0.0
yf_ADM_d11;53800;ASH_COATED_OSMIUM;10065;11;10061;20;;;10071;12;10074;25;;;10068.0;0.0
yf_ADM_d11;53800;INTARIAN_PEPPER_ROOT;10513;12;10510;18;;;10519;19;10523;26;;;10516.0;0.0
yf_ADM_d11;53900;ASH_COATED_OSMIUM;10064;9;10061;18;;;10070;15;10074;14;;;10067.0;0.0
yf_ADM_d11;53900;INTARIAN_PEPPER_ROOT;10503;12;10499;9;;;10532;20;10535;10;;;10517.5;0.0
yf_ADM_d11;54000;ASH_COATED_OSMIUM;10064;18;10060;17;;;10070;14;10073;26;;;10067.0;0.0
yf_ADM_d11;54000;INTARIAN_PEPPER_ROOT;10513;17;10511;17;;;10525;18;10528;28;;;10519.0;0.0
yf_ADM_d11;54100;ASH_COATED_OSMIUM;10064;15;10062;28;;;10070;20;10072;20;;;10067.0;0.0
yf_ADM_d11;54100;INTARIAN_PEPPER_ROOT;10509;13;10505;17;;;10529;12;10531;27;;;10519.0;0.0
yf_ADM_d11;54200;ASH_COATED_OSMIUM;10064;18;10061;22;;;10070;20;10074;11;;;10067.0;0.0
yf_ADM_d11;54200;INTARIAN_PEPPER_ROOT;10517;21;10514;16;;;10523;16;10526;16;;;10520.0;0.0
yf_ADM_d11;54300;ASH_COATED_OSMIUM;10065;12;10063;13;;;10071;12;10074;21;;;10068.0;0.0
yf_ADM_d11;54300;INTARIAN_PEPPER_ROOT;10513;15;10511;14;;;10530;12;10532;29;;;10521.5;0.0
yf_ADM_d11;54400;ASH_COATED_OSMIUM;10060;12;10057;14;;;10075;5;10077;22;;;10067.5;0.0
yf_ADM_d11;54400;INTARIAN_PEPPER_ROOT;10520;13;10518;22;;;10526;13;10528;12;;;10523.0;0.0
yf_ADM_d11;54500;ASH_COATED_OSMIUM;10065;17;10063;19;;;10071;18;10074;13;;;10068.0;0.0
yf_ADM_d11;54500;INTARIAN_PEPPER_ROOT;10521;16;10518;16;;;10527;15;10531;17;;;10524.0;0.0
yf_ADM_d11;54600;ASH_COATED_OSMIUM;10065;11;10061;24;;;10071;9;10075;17;;;10068.0;0.0
yf_ADM_d11;54600;INTARIAN_PEPPER_ROOT;10522;22;10518;13;;;10528;15;10530;27;;;10525.0;0.0
yf_ADM_d11;54700;ASH_COATED_OSMIUM;10065;15;10062;21;;;10072;13;10076;18;;;10068.5;0.0
yf_ADM_d11;54700;INTARIAN_PEPPER_ROOT;10524;9;10520;22;;;10530;14;10532;20;;;10527.0;0.0
yf_ADM_d11;54800;ASH_COATED_OSMIUM;10065;14;10062;24;;;10071;15;10074;21;;;10068.0;0.0
yf_ADM_d11;54800;INTARIAN_PEPPER_ROOT;10524;16;10520;34;;;10531;21;10535;20;;;10527.5;0.0
yf_ADM_d11;54900;ASH_COATED_OSMIUM;10046;6;10044;24;;;10090;11;10092;12;;;10068.0;0.0
yf_ADM_d11;54900;INTARIAN_PEPPER_ROOT;10526;10;10522;18;;;10532;5;10535;11;;;10529.0;0.0
yf_ADM_d11;55000;ASH_COATED_OSMIUM;10065;9;10061;21;;;10072;15;10075;31;;;10068.5;0.0
yf_ADM_d11;55000;INTARIAN_PEPPER_ROOT;10523;5;10521;14;;;10536;20;10539;25;;;10529.5;0.0
yf_ADM_d11;55100;ASH_COATED_OSMIUM;10062;19;10059;22;;;10076;20;10078;19;;;10069.0;0.0
yf_ADM_d11;55100;INTARIAN_PEPPER_ROOT;10521;14;10519;20;;;10541;15;10544;20;;;10531.0;0.0
yf_ADM_d11;55200;ASH_COATED_OSMIUM;10064;16;10062;13;;;10074;19;10078;16;;;10069.0;0.0
yf_ADM_d11;55200;INTARIAN_PEPPER_ROOT;10525;15;10523;22;;;10540;15;10544;20;;;10532.5;0.0
yf_ADM_d11;55300;ASH_COATED_OSMIUM;10066;19;10063;23;;;10072;14;10075;27;;;10069.0;0.0
yf_ADM_d11;55300;INTARIAN_PEPPER_ROOT;10522;23;10519;21;;;10546;15;10549;19;;;10534.0;0.0
yf_ADM_d11;55400;ASH_COATED_OSMIUM;10061;14;10058;19;;;10076;13;10078;22;;;10068.5;0.0
yf_ADM_d11;55400;INTARIAN_PEPPER_ROOT;10529;17;10526;32;;;10540;23;10543;25;;;10534.5;0.0
yf_ADM_d11;55500;ASH_COATED_OSMIUM;10066;19;10062;16;;;10072;20;10074;8;;;10069.0;0.0
yf_ADM_d11;55500;INTARIAN_PEPPER_ROOT;10526;15;10523;14;;;10546;15;10548;18;;;10536.0;0.0
yf_ADM_d11;55600;ASH_COATED_OSMIUM;10066;7;10063;14;;;10072;20;10074;25;;;10069.0;0.0
yf_ADM_d11;55600;INTARIAN_PEPPER_ROOT;10521;24;10519;21;;;10554;23;10556;24;;;10537.5;0.0
yf_ADM_d11;55700;ASH_COATED_OSMIUM;10057;19;10054;12;;;10082;6;10086;24;;;10069.5;0.0
yf_ADM_d11;55700;INTARIAN_PEPPER_ROOT;10532;18;10529;21;;;10543;15;10546;17;;;10537.5;0.0
yf_ADM_d11;55800;ASH_COATED_OSMIUM;10064;19;10060;17;;;10075;13;10078;23;;;10069.5;0.0
yf_ADM_d11;55800;INTARIAN_PEPPER_ROOT;10536;13;10532;15;;;10542;22;10545;18;;;10539.0;0.0
yf_ADM_d11;55900;ASH_COATED_OSMIUM;10059;15;10057;21;;;10080;17;10082;22;;;10069.5;0.0
yf_ADM_d11;55900;INTARIAN_PEPPER_ROOT;10536;18;10534;24;;;10543;9;10545;20;;;10539.5;0.0
yf_ADM_d11;56000;ASH_COATED_OSMIUM;10052;6;10049;15;;;10086;8;10089;21;;;10069.0;0.0
yf_ADM_d11;56000;INTARIAN_PEPPER_ROOT;10538;12;10536;17;;;10544;7;10548;17;;;10541.0;0.0
yf_ADM_d11;56100;ASH_COATED_OSMIUM;10064;11;10060;25;;;10076;19;10079;18;;;10070.0;0.0
yf_ADM_d11;56100;INTARIAN_PEPPER_ROOT;10532;12;10530;20;;;10553;6;10556;9;;;10542.5;0.0
yf_ADM_d11;56200;ASH_COATED_OSMIUM;10066;19;10063;11;;;10072;11;10074;11;;;10069.0;0.0
yf_ADM_d11;56200;INTARIAN_PEPPER_ROOT;10538;6;10534;23;;;10550;5;10552;19;;;10544.0;0.0
yf_ADM_d11;56300;ASH_COATED_OSMIUM;10067;15;10065;15;;;10073;14;10076;9;;;10070.0;0.0
yf_ADM_d11;56300;INTARIAN_PEPPER_ROOT;10542;26;10539;27;;;10548;8;10551;13;;;10545.0;0.0
yf_ADM_d11;56400;ASH_COATED_OSMIUM;10068;18;10064;15;;;10074;13;10078;20;;;10071.0;0.0
yf_ADM_d11;56400;INTARIAN_PEPPER_ROOT;10538;13;10535;15;;;10555;13;10557;11;;;10546.5;0.0
yf_ADM_d11;56500;ASH_COATED_OSMIUM;10067;6;10064;21;;;10073;17;10077;21;;;10070.0;0.0
yf_ADM_d11;56500;INTARIAN_PEPPER_ROOT;10540;20;10538;22;;;10555;13;10558;23;;;10547.5;0.0
yf_ADM_d11;56600;ASH_COATED_OSMIUM;10068;16;10064;24;;;10074;13;10078;17;;;10071.0;0.0
yf_ADM_d11;56600;INTARIAN_PEPPER_ROOT;10546;6;10542;18;;;10552;11;10555;18;;;10549.0;0.0
yf_ADM_d11;56700;ASH_COATED_OSMIUM;10068;13;10065;26;;;10074;15;10076;16;;;10071.0;0.0
