day;timestamp;product;bid_price_1;bid_volume_1;bid_price_2;bid_volume_2;bid_price_3;bid_volume_3;ask_price_1;ask_volume_1;ask_price_2;ask_volume_2;ask_price_3;ask_volume_3;mid_price;profit_and_loss
yf_ZW=F_d11;0;ASH_COATED_OSMIUM;9911;12;9908;17;;;9923;16;9925;18;;;9917.0;0.0
yf_ZW=F_d11;0;INTARIAN_PEPPER_ROOT;11496;22;11492;10;;;11502;12;11504;19;;;11499.0;0.0
yf_ZW=F_d11;100;ASH_COATED_OSMIUM;9896;15;9894;20;;;9937;11;9941;17;;;9916.5;0.0
yf_ZW=F_d11;100;INTARIAN_PEPPER_ROOT;11496;8;11494;19;;;11502;10;11506;13;;;11499.0;0.0
yf_ZW=F_d11;200;ASH_COATED_OSMIUM;9913;20;9909;24;;;9919;15;9921;25;;;9916.0;0.0
yf_ZW=F_d11;200;INTARIAN_PEPPER_ROOT;11479;18;11475;27;;;11519;17;11521;26;;;11499.0;0.0
yf_ZW=F_d11;300;ASH_COATED_OSMIUM;9909;12;9906;21;;;9924;9;9927;15;;;9916.5;0.0
yf_ZW=F_d11;300;INTARIAN_PEPPER_ROOT;11494;15;11490;14;;;11504;14;11506;23;;;11499.0;0.0
yf_ZW=F_d11;400;ASH_COATED_OSMIUM;9911;5;9907;21;;;9923;16;9925;16;;;9917.0;0.0
yf_ZW=F_d11;400;INTARIAN_PEPPER_ROOT;11488;21;11484;16;;;11511;26;11513;13;;;11499.5;0.0
yf_ZW=F_d11;500;ASH_COATED_OSMIUM;9908;10;9905;18;;;9925;20;9928;8;;;9916.5;0.0
yf_ZW=F_d11;500;INTARIAN_PEPPER_ROOT;11498;14;11494;17;;;11504;12;11506;18;;;11501.0;0.0
yf_ZW=F_d11;600;ASH_COATED_OSMIUM;9914;14;9911;13;;;9920;13;9924;21;;;9917.0;0.0
yf_ZW=F_d11;600;INTARIAN_PEPPER_ROOT;11488;13;11484;16;;;11512;20;11514;14;;;11500.0;0.0
yf_ZW=F_d11;700;ASH_COATED_OSMIUM;9913;23;9910;30;;;9919;10;9921;16;;;9916.0;0.0
yf_ZW=F_d11;700;INTARIAN_PEPPER_ROOT;11496;14;11494;22;;;11505;22;11509;20;;;11500.5;0.0
yf_ZW=F_d11;800;ASH_COATED_OSMIUM;9914;11;9911;20;;;9920;14;9922;14;;;9917.0;0.0
yf_ZW=F_d11;800;INTARIAN_PEPPER_ROOT;11491;24;11487;22;;;11512;18;11516;23;;;11501.5;0.0
yf_ZW=F_d11;900;ASH_COATED_OSMIUM;9907;12;9904;12;;;9925;9;9928;19;;;9916.0;0.0
yf_ZW=F_d11;900;INTARIAN_PEPPER_ROOT;11498;16;11494;20;;;11504;16;11508;22;;;11501.0;0.0
yf_ZW=F_d11;1000;ASH_COATED_OSMIUM;9913;11;9909;22;;;9921;13;9925;18;;;9917.0;0.0
yf_ZW=F_d11;1000;INTARIAN_PEPPER_ROOT;11498;21;11495;16;;;11504;12;11507;14;;;11501.0;0.0
yf_ZW=F_d11;1100;ASH_COATED_OSMIUM;9914;9;9912;23;;;9920;16;9923;13;;;9917.0;0.0
yf_ZW=F_d11;1100;INTARIAN_PEPPER_ROOT;11498;13;11495;12;;;11506;14;11510;24;;;11502.0;0.0
yf_ZW=F_d11;1200;ASH_COATED_OSMIUM;9913;6;9909;17;;;9920;15;9924;14;;;9916.5;0.0
yf_ZW=F_d11;1200;INTARIAN_PEPPER_ROOT;11499;9;11496;19;;;11505;20;11509;8;;;11502.0;0.0
yf_ZW=F_d11;1300;ASH_COATED_OSMIUM;9914;8;9912;15;;;9920;20;9922;27;;;9917.0;0.0
yf_ZW=F_d11;1300;INTARIAN_PEPPER_ROOT;11499;7;11497;15;;;11505;10;11507;18;;;11502.0;0.0
yf_ZW=F_d11;1400;ASH_COATED_OSMIUM;9911;5;9909;16;;;9923;24;9927;16;;;9917.0;0.0
yf_ZW=F_d11;1400;INTARIAN_PEPPER_ROOT;11499;23;11495;17;;;11505;14;11509;12;;;11502.0;0.0
yf_ZW=F_d11;1500;ASH_COATED_OSMIUM;9914;19;9911;16;;;9920;11;9924;10;;;9917.0;0.0
yf_ZW=F_d11;1500;INTARIAN_PEPPER_ROOT;11498;7;11494;8;;;11505;11;11509;20;;;11501.5;0.0
yf_ZW=F_d11;1600;ASH_COATED_OSMIUM;9913;15;9909;24;;;9922;17;9924;15;;;9917.5;0.0
yf_ZW=F_d11;1600;INTARIAN_PEPPER_ROOT;11499;16;11495;15;;;11505;21;11507;16;;;11502.0;0.0
yf_ZW=F_d11;1700;ASH_COATED_OSMIUM;9907;16;9904;9;;;9928;14;9930;15;;;9917.5;0.0
yf_ZW=F_d11;1700;INTARIAN_PEPPER_ROOT;11498;23;11496;13;;;11506;5;11508;19;;;11502.0;0.0
yf_ZW=F_d11;1800;ASH_COATED_OSMIUM;9914;10;9910;22;;;9920;11;9924;21;;;9917.0;0.0
yf_ZW=F_d11;1800;INTARIAN_PEPPER_ROOT;11500;13;11498;28;;;11506;16;11509;14;;;11503.0;0.0
yf_ZW=F_d11;1900;ASH_COATED_OSMIUM;9914;16;9912;21;;;9920;10;9924;19;;;9917.0;0.0
yf_ZW=F_d11;1900;INTARIAN_PEPPER_ROOT;11488;18;11484;14;;;11518;11;11520;24;;;11503.0;0.0
yf_ZW=F_d11;2000;ASH_COATED_OSMIUM;9911;13;9909;15;;;9923;12;9927;16;;;9917.0;0.0
yf_ZW=F_d11;2000;INTARIAN_PEPPER_ROOT;11500;19;11497;15;;;11506;15;11508;20;;;11503.0;0.0
yf_ZW=F_d11;2100;ASH_COATED_OSMIUM;9915;14;9912;20;;;9921;25;9923;24;;;9918.0;0.0
yf_ZW=F_d11;2100;INTARIAN_PEPPER_ROOT;11501;14;11499;32;;;11507;18;11511;22;;;11504.0;0.0
yf_ZW=F_d11;2200;ASH_COATED_OSMIUM;9913;15;9911;17;;;9922;20;9925;17;;;9917.5;0.0
yf_ZW=F_d11;2200;INTARIAN_PEPPER_ROOT;11486;7;11483;16;;;11523;9;11527;15;;;11504.5;0.0
yf_ZW=F_d11;2300;ASH_COATED_OSMIUM;9914;11;9911;24;;;9920;15;9924;15;;;9917.0;0.0
yf_ZW=F_d11;2300;INTARIAN_PEPPER_ROOT;11501;14;11499;18;;;11508;9;11510;25;;;11504.5;0.0
yf_ZW=F_d11;2400;ASH_COATED_OSMIUM;9914;13;9911;27;;;9920;16;9924;24;;;9917.0;0.0
yf_ZW=F_d11;2400;INTARIAN_PEPPER_ROOT;11496;17;11493;12;;;11511;18;11513;19;;;11503.5;0.0
yf_ZW=F_d11;2500;ASH_COATED_OSMIUM;9913;12;9910;17;;;9923;8;9925;26;;;9918.0;0.0
yf_ZW=F_d11;2500;INTARIAN_PEPPER_ROOT;11502;12;11500;20;;;11508;12;11512;23;;;11505.0;0.0
yf_ZW=F_d11;2600;ASH_COATED_OSMIUM;9914;9;9912;22;;;9921;18;9923;21;;;9917.5;0.0
yf_ZW=F_d11;2600;INTARIAN_PEPPER_ROOT;11502;19;11499;24;;;11508;22;11512;17;;;11505.0;0.0
yf_ZW=F_d11;2700;ASH_COATED_OSMIUM;9915;16;9912;16;;;9921;16;9924;21;;;9918.0;0.0
yf_ZW=F_d11;2700;INTARIAN_PEPPER_ROOT;11502;21;11498;10;;;11508;17;11511;15;;;11505.0;0.0
yf_ZW=F_d11;2800;ASH_COATED_OSMIUM;9913;17;9911;15;;;9923;14;9926;23;;;9918.0;0.0
yf_ZW=F_d11;2800;INTARIAN_PEPPER_ROOT;11501;14;11499;27;;;11508;19;11510;25;;;11504.5;0.0
yf_ZW=F_d11;2900;ASH_COATED_OSMIUM;9914;16;9910;22;;;9921;16;9923;26;;;9917.5;0.0
yf_ZW=F_d11;2900;INTARIAN_PEPPER_ROOT;11503;5;11499;17;;;11509;17;11513;19;;;11506.0;0.0
yf_ZW=F_d11;3000;ASH_COATED_OSMIUM;9915;14;9911;17;;;9921;12;9925;22;;;9918.0;0.0
yf_ZW=F_d11;3000;INTARIAN_PEPPER_ROOT;11502;5;11500;18;;;11510;20;11513;19;;;11506.0;0.0
yf_ZW=F_d11;3100;ASH_COATED_OSMIUM;9908;5;9905;11;;;9927;22;9931;14;;;9917.5;0.0
yf_ZW=F_d11;3100;INTARIAN_PEPPER_ROOT;11503;9;11501;26;;;11509;14;11511;26;;;11506.0;0.0
yf_ZW=F_d11;3200;ASH_COATED_OSMIUM;9915;17;9912;25;;;9921;7;9924;10;;;9918.0;0.0
yf_ZW=F_d11;3200;INTARIAN_PEPPER_ROOT;11499;21;11495;23;;;11513;14;11515;15;;;11506.0;0.0
yf_ZW=F_d11;3300;ASH_COATED_OSMIUM;9914;18;9912;15;;;9923;10;9927;19;;;9918.5;0.0
yf_ZW=F_d11;3300;INTARIAN_PEPPER_ROOT;11500;11;11496;13;;;11513;16;11517;20;;;11506.5;0.0
yf_ZW=F_d11;3400;ASH_COATED_OSMIUM;9916;15;9912;8;;;9922;13;9926;26;;;9919.0;0.0
yf_ZW=F_d11;3400;INTARIAN_PEPPER_ROOT;11503;21;11501;16;;;11510;16;11513;15;;;11506.5;0.0
yf_ZW=F_d11;3500;ASH_COATED_OSMIUM;9901;16;9898;18;;;9936;22;9939;21;;;9918.5;0.0
yf_ZW=F_d11;3500;INTARIAN_PEPPER_ROOT;11505;16;11502;28;;;11511;15;11515;22;;;11508.0;0.0
yf_ZW=F_d11;3600;ASH_COATED_OSMIUM;9916;12;9914;16;;;9922;22;9924;15;;;9919.0;0.0
yf_ZW=F_d11;3600;INTARIAN_PEPPER_ROOT;11496;19;11493;20;;;11519;15;11522;22;;;11507.5;0.0
yf_ZW=F_d11;3700;ASH_COATED_OSMIUM;9915;23;9912;19;;;9921;6;9923;20;;;9918.0;0.0
yf_ZW=F_d11;3700;INTARIAN_PEPPER_ROOT;11497;17;11494;20;;;11517;23;11521;17;;;11507.0;0.0
yf_ZW=F_d11;3800;ASH_COATED_OSMIUM;9915;5;9911;24;;;9921;16;9924;23;;;9918.0;0.0
yf_ZW=F_d11;3800;INTARIAN_PEPPER_ROOT;11505;23;11501;19;;;11511;22;11513;13;;;11508.0;0.0
yf_ZW=F_d11;3900;ASH_COATED_OSMIUM;9915;23;9911;22;;;9921;12;9924;20;;;9918.0;0.0
yf_ZW=F_d11;3900;INTARIAN_PEPPER_ROOT;11492;14;11488;28;;;11523;16;11526;17;;;11507.5;0.0
yf_ZW=F_d11;4000;ASH_COATED_OSMIUM;9915;23;9911;26;;;9921;12;9924;18;;;9918.0;0.0
yf_ZW=F_d11;4000;INTARIAN_PEPPER_ROOT;11505;18;11501;19;;;11511;13;11514;23;;;11508.0;0.0
yf_ZW=F_d11;4100;ASH_COATED_OSMIUM;9915;17;9912;14;;;9921;10;9923;18;;;9918.0;0.0
yf_ZW=F_d11;4100;INTARIAN_PEPPER_ROOT;11505;16;11502;24;;;11512;18;11514;26;;;11508.5;0.0
yf_ZW=F_d11;4200;ASH_COATED_OSMIUM;9915;21;9912;9;;;9921;20;9923;15;;;9918.0;0.0
yf_ZW=F_d11;4200;INTARIAN_PEPPER_ROOT;11506;14;11503;17;;;11512;6;11516;17;;;11509.0;0.0
yf_ZW=F_d11;4300;ASH_COATED_OSMIUM;9915;15;9913;18;;;9921;9;9923;14;;;9918.0;0.0
yf_ZW=F_d11;4300;INTARIAN_PEPPER_ROOT;11506;16;11502;18;;;11512;13;11515;17;;;11509.0;0.0
yf_ZW=F_d11;4400;ASH_COATED_OSMIUM;9913;9;9910;16;;;9923;23;9926;27;;;9918.0;0.0
yf_ZW=F_d11;4400;INTARIAN_PEPPER_ROOT;11506;11;11503;20;;;11512;18;11515;19;;;11509.0;0.0
yf_ZW=F_d11;4500;ASH_COATED_OSMIUM;9914;20;9911;9;;;9924;18;9926;18;;;9919.0;0.0
yf_ZW=F_d11;4500;INTARIAN_PEPPER_ROOT;11506;5;11503;32;;;11512;16;11516;15;;;11509.0;0.0
yf_ZW=F_d11;4600;ASH_COATED_OSMIUM;9915;12;9913;21;;;9921;10;9923;20;;;9918.0;0.0
yf_ZW=F_d11;4600;INTARIAN_PEPPER_ROOT;11502;6;11498;26;;;11516;12;11519;19;;;11509.0;0.0
yf_ZW=F_d11;4700;ASH_COATED_OSMIUM;9917;10;9913;21;;;9923;27;9926;24;;;9920.0;0.0
yf_ZW=F_d11;4700;INTARIAN_PEPPER_ROOT;11507;21;11504;18;;;11513;11;11516;21;;;11510.0;0.0
yf_ZW=F_d11;4800;ASH_COATED_OSMIUM;9916;18;9912;26;;;9922;14;9926;12;;;9919.0;0.0
yf_ZW=F_d11;4800;INTARIAN_PEPPER_ROOT;11507;12;11504;26;;;11513;7;11516;17;;;11510.0;0.0
yf_ZW=F_d11;4900;ASH_COATED_OSMIUM;9915;14;9912;20;;;9921;9;9923;18;;;9918.0;0.0
yf_ZW=F_d11;4900;INTARIAN_PEPPER_ROOT;11507;18;11503;24;;;11514;20;11518;15;;;11510.5;0.0
yf_ZW=F_d11;5000;ASH_COATED_OSMIUM;9916;7;9912;17;;;9922;6;9926;20;;;9919.0;0.0
yf_ZW=F_d11;5000;INTARIAN_PEPPER_ROOT;11507;13;11505;22;;;11513;22;11515;22;;;11510.0;0.0
yf_ZW=F_d11;5100;ASH_COATED_OSMIUM;9916;19;9912;16;;;9922;16;9924;16;;;9919.0;0.0
yf_ZW=F_d11;5100;INTARIAN_PEPPER_ROOT;11507;13;11505;22;;;11513;16;11517;19;;;11510.0;0.0
yf_ZW=F_d11;5200;ASH_COATED_OSMIUM;9916;22;9912;19;;;9922;15;9924;20;;;9919.0;0.0
yf_ZW=F_d11;5200;INTARIAN_PEPPER_ROOT;11508;15;11506;24;;;11514;11;11517;17;;;11511.0;0.0
yf_ZW=F_d11;5300;ASH_COATED_OSMIUM;9914;16;9911;17;;;9925;19;9929;18;;;9919.5;0.0
yf_ZW=F_d11;5300;INTARIAN_PEPPER_ROOT;11508;11;11504;17;;;11514;20;11518;16;;;11511.0;0.0
yf_ZW=F_d11;5400;ASH_COATED_OSMIUM;9915;10;9911;21;;;9923;16;9926;22;;;9919.0;0.0
yf_ZW=F_d11;5400;INTARIAN_PEPPER_ROOT;11508;17;11505;26;;;11514;10;11518;25;;;11511.0;0.0
yf_ZW=F_d11;5500;ASH_COATED_OSMIUM;9916;15;9912;19;;;9922;23;9925;24;;;9919.0;0.0
yf_ZW=F_d11;5500;INTARIAN_PEPPER_ROOT;11506;5;11502;18;;;11516;16;11518;20;;;11511.0;0.0
yf_ZW=F_d11;5600;ASH_COATED_OSMIUM;9916;21;9914;18;;;9922;16;9926;16;;;9919.0;0.0
yf_ZW=F_d11;5600;INTARIAN_PEPPER_ROOT;11508;5;11506;21;;;11514;5;11516;19;;;11511.0;0.0
yf_ZW=F_d11;5700;ASH_COATED_OSMIUM;9912;14;9908;8;;;9925;20;9929;16;;;9918.5;0.0
yf_ZW=F_d11;5700;INTARIAN_PEPPER_ROOT;11506;9;11504;15;;;11517;8;11519;22;;;11511.5;0.0
yf_ZW=F_d11;5800;ASH_COATED_OSMIUM;9916;16;9912;18;;;9922;21;9926;21;;;9919.0;0.0
yf_ZW=F_d11;5800;INTARIAN_PEPPER_ROOT;11509;13;11506;17;;;11515;14;11519;25;;;11512.0;0.0
yf_ZW=F_d11;5900;ASH_COATED_OSMIUM;9916;9;9914;16;;;9922;15;9925;19;;;9919.0;0.0
yf_ZW=F_d11;5900;INTARIAN_PEPPER_ROOT;11506;15;11504;13;;;11518;14;11521;12;;;11512.0;0.0
yf_ZW=F_d11;6000;ASH_COATED_OSMIUM;9914;5;9911;24;;;9925;14;9928;18;;;9919.5;0.0
yf_ZW=F_d11;6000;INTARIAN_PEPPER_ROOT;11509;20;11506;16;;;11515;11;11517;19;;;11512.0;0.0
yf_ZW=F_d11;6100;ASH_COATED_OSMIUM;9916;21;9913;22;;;9922;18;9924;16;;;9919.0;0.0
yf_ZW=F_d11;6100;INTARIAN_PEPPER_ROOT;11510;6;11507;14;;;11516;16;11520;13;;;11513.0;0.0
yf_ZW=F_d11;6200;ASH_COATED_OSMIUM;9912;17;9910;22;;;9925;10;9928;13;;;9918.5;0.0
yf_ZW=F_d11;6200;INTARIAN_PEPPER_ROOT;11510;16;11507;22;;;11516;10;11518;28;;;11513.0;0.0
yf_ZW=F_d11;6300;ASH_COATED_OSMIUM;9912;15;9908;25;;;9927;7;9930;19;;;9919.5;0.0
yf_ZW=F_d11;6300;INTARIAN_PEPPER_ROOT;11510;13;11507;25;;;11516;7;11520;21;;;11513.0;0.0
yf_ZW=F_d11;6400;ASH_COATED_OSMIUM;9915;16;9911;24;;;9925;10;9929;24;;;9920.0;0.0
yf_ZW=F_d11;6400;INTARIAN_PEPPER_ROOT;11495;15;11492;24;;;11532;17;11535;12;;;11513.5;0.0
yf_ZW=F_d11;6500;ASH_COATED_OSMIUM;9917;6;9915;22;;;9923;12;9925;21;;;9920.0;0.0
yf_ZW=F_d11;6500;INTARIAN_PEPPER_ROOT;11511;12;11508;25;;;11517;18;11521;21;;;11514.0;0.0
yf_ZW=F_d11;6600;ASH_COATED_OSMIUM;9912;12;9909;22;;;9927;17;9931;19;;;9919.5;0.0
yf_ZW=F_d11;6600;INTARIAN_PEPPER_ROOT;11505;18;11502;25;;;11522;16;11526;11;;;11513.5;0.0
yf_ZW=F_d11;6700;ASH_COATED_OSMIUM;9916;14;9912;26;;;9922;15;9924;21;;;9919.0;0.0
yf_ZW=F_d11;6700;INTARIAN_PEPPER_ROOT;11511;12;11507;9;;;11518;17;11522;23;;;11514.5;0.0
yf_ZW=F_d11;6800;ASH_COATED_OSMIUM;9914;20;9911;21;;;9926;17;9929;21;;;9920.0;0.0
yf_ZW=F_d11;6800;INTARIAN_PEPPER_ROOT;11506;15;11502;14;;;11522;21;11525;20;;;11514.0;0.0
yf_ZW=F_d11;6900;ASH_COATED_OSMIUM;9917;7;9914;23;;;9923;15;9927;22;;;9920.0;0.0
yf_ZW=F_d11;6900;INTARIAN_PEPPER_ROOT;11512;18;11509;18;;;11518;16;11522;11;;;11515.0;0.0
yf_ZW=F_d11;7000;ASH_COATED_OSMIUM;9912;17;9910;19;;;9926;9;9928;12;;;9919.0;0.0
yf_ZW=F_d11;7000;INTARIAN_PEPPER_ROOT;11512;9;11510;26;;;11518;18;11520;23;;;11515.0;0.0
yf_ZW=F_d11;7100;ASH_COATED_OSMIUM;9917;23;9914;18;;;9923;7;9927;28;;;9920.0;0.0
yf_ZW=F_d11;7100;INTARIAN_PEPPER_ROOT;11507;19;11505;23;;;11523;17;11525;14;;;11515.0;0.0
yf_ZW=F_d11;7200;ASH_COATED_OSMIUM;9917;17;9913;18;;;9923;22;9926;15;;;9920.0;0.0
yf_ZW=F_d11;7200;INTARIAN_PEPPER_ROOT;11513;23;11510;20;;;11519;13;11523;18;;;11516.0;0.0
yf_ZW=F_d11;7300;ASH_COATED_OSMIUM;9911;14;9907;25;;;9928;16;9930;15;;;9919.5;0.0
yf_ZW=F_d11;7300;INTARIAN_PEPPER_ROOT;11512;20;11508;18;;;11518;20;11521;21;;;11515.0;0.0
yf_ZW=F_d11;7400;ASH_COATED_OSMIUM;9917;15;9913;23;;;9923;16;9926;18;;;9920.0;0.0
yf_ZW=F_d11;7400;INTARIAN_PEPPER_ROOT;11513;14;11510;15;;;11519;8;11523;23;;;11516.0;0.0
yf_ZW=F_d11;7500;ASH_COATED_OSMIUM;9915;12;9912;28;;;9925;9;9929;18;;;9920.0;0.0
yf_ZW=F_d11;7500;INTARIAN_PEPPER_ROOT;11513;8;11509;21;;;11519;7;11523;17;;;11516.0;0.0
yf_ZW=F_d11;7600;ASH_COATED_OSMIUM;9915;16;9913;12;;;9924;15;9926;18;;;9919.5;0.0
yf_ZW=F_d11;7600;INTARIAN_PEPPER_ROOT;11513;24;11509;27;;;11519;12;11521;15;;;11516.0;0.0
yf_ZW=F_d11;7700;ASH_COATED_OSMIUM;9913;5;9911;23;;;9926;22;9930;20;;;9919.5;0.0
yf_ZW=F_d11;7700;INTARIAN_PEPPER_ROOT;11512;9;11510;33;;;11522;14;11526;30;;;11517.0;0.0
yf_ZW=F_d11;7800;ASH_COATED_OSMIUM;9916;12;9913;15;;;9922;11;9924;18;;;9919.0;0.0
yf_ZW=F_d11;7800;INTARIAN_PEPPER_ROOT;11514;17;11511;15;;;11520;8;11523;22;;;11517.0;0.0
yf_ZW=F_d11;7900;ASH_COATED_OSMIUM;9917;13;9915;31;;;9923;15;9925;26;;;9920.0;0.0
yf_ZW=F_d11;7900;INTARIAN_PEPPER_ROOT;11510;21;11507;9;;;11524;22;11527;31;;;11517.0;0.0
yf_ZW=F_d11;8000;ASH_COATED_OSMIUM;9911;19;9909;27;;;9930;9;9934;13;;;9920.5;0.0
yf_ZW=F_d11;8000;INTARIAN_PEPPER_ROOT;11513;19;11510;17;;;11521;12;11524;27;;;11517.0;0.0
yf_ZW=F_d11;8100;ASH_COATED_OSMIUM;9917;15;9914;22;;;9923;10;9927;21;;;9920.0;0.0
yf_ZW=F_d11;8100;INTARIAN_PEPPER_ROOT;11514;15;11510;22;;;11521;14;11523;21;;;11517.5;0.0
yf_ZW=F_d11;8200;ASH_COATED_OSMIUM;9912;19;9910;11;;;9929;29;9931;20;;;9920.5;0.0
yf_ZW=F_d11;8200;INTARIAN_PEPPER_ROOT;11512;11;11509;19;;;11521;14;11525;18;;;11516.5;0.0
yf_ZW=F_d11;8300;ASH_COATED_OSMIUM;9918;16;9915;20;;;9924;10;9928;23;;;9921.0;0.0
yf_ZW=F_d11;8300;INTARIAN_PEPPER_ROOT;11514;10;11510;11;;;11520;5;11524;23;;;11517.0;0.0
yf_ZW=F_d11;8400;ASH_COATED_OSMIUM;9913;23;9910;8;;;9927;7;9929;8;;;9920.0;0.0
yf_ZW=F_d11;8400;INTARIAN_PEPPER_ROOT;11515;6;11512;19;;;11521;5;11525;22;;;11518.0;0.0
yf_ZW=F_d11;8500;ASH_COATED_OSMIUM;9917;21;9915;19;;;9923;16;9926;22;;;9920.0;0.0
yf_ZW=F_d11;8500;INTARIAN_PEPPER_ROOT;11515;16;11513;24;;;11521;14;11524;15;;;11518.0;0.0
yf_ZW=F_d11;8600;ASH_COATED_OSMIUM;9918;24;9914;20;;;9924;14;9928;14;;;9921.0;0.0
yf_ZW=F_d11;8600;INTARIAN_PEPPER_ROOT;11511;19;11509;24;;;11526;9;11529;20;;;11518.5;0.0
yf_ZW=F_d11;8700;ASH_COATED_OSMIUM;9917;21;9915;19;;;9923;18;9925;14;;;9920.0;0.0
yf_ZW=F_d11;8700;INTARIAN_PEPPER_ROOT;11514;15;11511;10;;;11523;19;11526;18;;;11518.5;0.0
yf_ZW=F_d11;8800;ASH_COATED_OSMIUM;9916;15;9913;25;;;9926;10;9928;21;;;9921.0;0.0
yf_ZW=F_d11;8800;INTARIAN_PEPPER_ROOT;11515;14;11513;14;;;11523;15;11526;24;;;11519.0;0.0
yf_ZW=F_d11;8900;ASH_COATED_OSMIUM;9918;19;9915;23;;;9924;16;9928;16;;;9921.0;0.0
yf_ZW=F_d11;8900;INTARIAN_PEPPER_ROOT;11516;24;11514;16;;;11522;14;11525;17;;;11519.0;0.0
yf_ZW=F_d11;9000;ASH_COATED_OSMIUM;9917;20;9914;14;;;9923;14;9926;33;;;9920.0;0.0
yf_ZW=F_d11;9000;INTARIAN_PEPPER_ROOT;11516;16;11513;23;;;11522;18;11525;10;;;11519.0;0.0
yf_ZW=F_d11;9100;ASH_COATED_OSMIUM;9917;30;9914;25;;;9923;8;9925;16;;;9920.0;0.0
yf_ZW=F_d11;9100;INTARIAN_PEPPER_ROOT;11517;16;11514;19;;;11523;14;11526;11;;;11520.0;0.0
yf_ZW=F_d11;9200;ASH_COATED_OSMIUM;9917;18;9913;21;;;9923;20;9925;21;;;9920.0;0.0
yf_ZW=F_d11;9200;INTARIAN_PEPPER_ROOT;11516;18;11513;27;;;11523;11;11526;23;;;11519.5;0.0
yf_ZW=F_d11;9300;ASH_COATED_OSMIUM;9918;18;9914;22;;;9924;14;9928;23;;;9921.0;0.0
yf_ZW=F_d11;9300;INTARIAN_PEPPER_ROOT;11490;13;11486;22;;;11551;22;11555;20;;;11520.5;0.0
yf_ZW=F_d11;9400;ASH_COATED_OSMIUM;9918;15;9915;18;;;9924;19;9928;22;;;9921.0;0.0
yf_ZW=F_d11;9400;INTARIAN_PEPPER_ROOT;11517;19;11513;19;;;11523;19;11525;24;;;11520.0;0.0
yf_ZW=F_d11;9500;ASH_COATED_OSMIUM;9918;13;9916;17;;;9924;19;9928;21;;;9921.0;0.0
yf_ZW=F_d11;9500;INTARIAN_PEPPER_ROOT;11517;15;11514;22;;;11523;16;11525;21;;;11520.0;0.0
yf_ZW=F_d11;9600;ASH_COATED_OSMIUM;9918;12;9916;16;;;9924;18;9927;14;;;9921.0;0.0
yf_ZW=F_d11;9600;INTARIAN_PEPPER_ROOT;11516;14;11514;22;;;11526;22;11530;21;;;11521.0;0.0
yf_ZW=F_d11;9700;ASH_COATED_OSMIUM;9917;14;9915;13;;;9924;11;9927;12;;;9920.5;0.0
yf_ZW=F_d11;9700;INTARIAN_PEPPER_ROOT;11518;10;11516;16;;;11524;20;11526;15;;;11521.0;0.0
yf_ZW=F_d11;9800;ASH_COATED_OSMIUM;9918;20;9915;14;;;9924;6;9928;23;;;9921.0;0.0
yf_ZW=F_d11;9800;INTARIAN_PEPPER_ROOT;11505;12;11501;30;;;11536;20;11539;17;;;11520.5;0.0
yf_ZW=F_d11;9900;ASH_COATED_OSMIUM;9917;24;9913;23;;;9923;14;9927;20;;;9920.0;0.0
yf_ZW=F_d11;9900;INTARIAN_PEPPER_ROOT;11508;17;11504;23;;;11534;16;11537;18;;;11521.0;0.0
yf_ZW=F_d11;10000;ASH_COATED_OSMIUM;9918;5;9914;9;;;9924;19;9928;17;;;9921.0;0.0
yf_ZW=F_d11;10000;INTARIAN_PEPPER_ROOT;11519;21;11515;20;;;11525;6;11527;15;;;11522.0;0.0
yf_ZW=F_d11;10100;ASH_COATED_OSMIUM;9918;19;9916;14;;;9924;15;9926;18;;;9921.0;0.0
yf_ZW=F_d11;10100;INTARIAN_PEPPER_ROOT;11512;24;11508;17;;;11531;14;11534;23;;;11521.5;0.0
yf_ZW=F_d11;10200;ASH_COATED_OSMIUM;9913;17;9910;14;;;9929;13;9932;24;;;9921.0;0.0
yf_ZW=F_d11;10200;INTARIAN_PEPPER_ROOT;11519;8;11515;21;;;11525;23;11528;16;;;11522.0;0.0
yf_ZW=F_d11;10300;ASH_COATED_OSMIUM;9917;15;9914;17;;;9925;14;9928;28;;;9921.0;0.0
yf_ZW=F_d11;10300;INTARIAN_PEPPER_ROOT;11519;17;11517;20;;;11525;20;11529;14;;;11522.0;0.0
yf_ZW=F_d11;10400;ASH_COATED_OSMIUM;9918;8;9916;20;;;9924;19;9927;22;;;9921.0;0.0
yf_ZW=F_d11;10400;INTARIAN_PEPPER_ROOT;11519;16;11517;17;;;11525;13;11528;17;;;11522.0;0.0
yf_ZW=F_d11;10500;ASH_COATED_OSMIUM;9918;12;9915;20;;;9924;6;9927;21;;;9921.0;0.0
yf_ZW=F_d11;10500;INTARIAN_PEPPER_ROOT;11512;14;11510;15;;;11533;16;11537;22;;;11522.5;0.0
yf_ZW=F_d11;10600;ASH_COATED_OSMIUM;9918;12;9915;27;;;9924;12;9928;24;;;9921.0;0.0
yf_ZW=F_d11;10600;INTARIAN_PEPPER_ROOT;11515;21;11513;22;;;11531;17;11533;19;;;11523.0;0.0
yf_ZW=F_d11;10700;ASH_COATED_OSMIUM;9911;15;9908;16;;;9933;5;9935;33;;;9922.0;0.0
yf_ZW=F_d11;10700;INTARIAN_PEPPER_ROOT;11520;10;11517;22;;;11526;17;11529;21;;;11523.0;0.0
yf_ZW=F_d11;10800;ASH_COATED_OSMIUM;9912;17;9908;25;;;9931;11;9935;20;;;9921.5;0.0
yf_ZW=F_d11;10800;INTARIAN_PEPPER_ROOT;11521;14;11519;25;;;11527;18;11530;22;;;11524.0;0.0
yf_ZW=F_d11;10900;ASH_COATED_OSMIUM;9918;18;9916;29;;;9924;10;9927;19;;;9921.0;0.0
yf_ZW=F_d11;10900;INTARIAN_PEPPER_ROOT;11520;7;11518;19;;;11526;12;11528;19;;;11523.0;0.0
yf_ZW=F_d11;11000;ASH_COATED_OSMIUM;9919;18;9915;25;;;9925;12;9927;19;;;9922.0;0.0
yf_ZW=F_d11;11000;INTARIAN_PEPPER_ROOT;11516;12;11514;21;;;11531;15;11533;17;;;11523.5;0.0
yf_ZW=F_d11;11100;ASH_COATED_OSMIUM;9919;12;9916;16;;;9925;16;9928;12;;;9922.0;0.0
yf_ZW=F_d11;11100;INTARIAN_PEPPER_ROOT;11518;6;11514;21;;;11529;18;11532;23;;;11523.5;0.0
yf_ZW=F_d11;11200;ASH_COATED_OSMIUM;9919;7;9916;24;;;9925;13;9928;12;;;9922.0;0.0
yf_ZW=F_d11;11200;INTARIAN_PEPPER_ROOT;11518;17;11516;20;;;11531;19;11535;15;;;11524.5;0.0
yf_ZW=F_d11;11300;ASH_COATED_OSMIUM;9918;6;9914;8;;;9925;11;9928;9;;;9921.5;0.0
yf_ZW=F_d11;11300;INTARIAN_PEPPER_ROOT;11520;19;11518;19;;;11530;15;11533;29;;;11525.0;0.0
yf_ZW=F_d11;11400;ASH_COATED_OSMIUM;9919;7;9915;22;;;9925;14;9928;19;;;9922.0;0.0
yf_ZW=F_d11;11400;INTARIAN_PEPPER_ROOT;11519;12;11516;11;;;11532;11;11536;28;;;11525.5;0.0
yf_ZW=F_d11;11500;ASH_COATED_OSMIUM;9919;10;9915;23;;;9925;19;9929;8;;;9922.0;0.0
yf_ZW=F_d11;11500;INTARIAN_PEPPER_ROOT;11520;12;11516;25;;;11531;8;11535;13;;;11525.5;0.0
yf_ZW=F_d11;11600;ASH_COATED_OSMIUM;9919;10;9916;12;;;9925;15;9928;19;;;9922.0;0.0
yf_ZW=F_d11;11600;INTARIAN_PEPPER_ROOT;11518;17;11514;21;;;11532;14;11534;11;;;11525.0;0.0
yf_ZW=F_d11;11700;ASH_COATED_OSMIUM;9919;15;9916;11;;;9925;13;9927;17;;;9922.0;0.0
yf_ZW=F_d11;11700;INTARIAN_PEPPER_ROOT;11514;17;11511;22;;;11539;15;11541;13;;;11526.5;0.0
yf_ZW=F_d11;11800;ASH_COATED_OSMIUM;9918;14;9916;17;;;9924;8;9927;24;;;9921.0;0.0
yf_ZW=F_d11;11800;INTARIAN_PEPPER_ROOT;11523;19;11521;21;;;11529;9;11532;14;;;11526.0;0.0
yf_ZW=F_d11;11900;ASH_COATED_OSMIUM;9914;10;9911;12;;;9930;17;9934;25;;;9922.0;0.0
yf_ZW=F_d11;11900;INTARIAN_PEPPER_ROOT;11515;21;11511;23;;;11537;9;11539;16;;;11526.0;0.0
yf_ZW=F_d11;12000;ASH_COATED_OSMIUM;9917;8;9913;21;;;9927;18;9930;16;;;9922.0;0.0
yf_ZW=F_d11;12000;INTARIAN_PEPPER_ROOT;11523;12;11520;21;;;11529;15;11531;21;;;11526.0;0.0
yf_ZW=F_d11;12100;ASH_COATED_OSMIUM;9919;13;9915;21;;;9925;18;9927;26;;;9922.0;0.0
yf_ZW=F_d11;12100;INTARIAN_PEPPER_ROOT;11524;6;11520;14;;;11530;17;11532;17;;;11527.0;0.0
yf_ZW=F_d11;12200;ASH_COATED_OSMIUM;9917;21;9913;21;;;9926;9;9929;24;;;9921.5;0.0
yf_ZW=F_d11;12200;INTARIAN_PEPPER_ROOT;11522;8;11520;13;;;11532;10;11535;23;;;11527.0;0.0
yf_ZW=F_d11;12300;ASH_COATED_OSMIUM;9916;12;9914;23;;;9927;13;9931;16;;;9921.5;0.0
yf_ZW=F_d11;12300;INTARIAN_PEPPER_ROOT;11524;12;11521;20;;;11530;16;11533;11;;;11527.0;0.0
yf_ZW=F_d11;12400;ASH_COATED_OSMIUM;9916;18;9912;24;;;9928;21;9932;23;;;9922.0;0.0
yf_ZW=F_d11;12400;INTARIAN_PEPPER_ROOT;11511;15;11507;19;;;11544;13;11546;18;;;11527.5;0.0
yf_ZW=F_d11;12500;ASH_COATED_OSMIUM;9919;22;9916;18;;;9925;8;9929;21;;;9922.0;0.0
yf_ZW=F_d11;12500;INTARIAN_PEPPER_ROOT;11522;11;11520;19;;;11532;10;11534;19;;;11527.0;0.0
yf_ZW=F_d11;12600;ASH_COATED_OSMIUM;9919;9;9915;22;;;9925;18;9929;14;;;9922.0;0.0
yf_ZW=F_d11;12600;INTARIAN_PEPPER_ROOT;11525;13;11523;19;;;11531;20;11533;17;;;11528.0;0.0
yf_ZW=F_d11;12700;ASH_COATED_OSMIUM;9919;14;9915;13;;;9925;14;9929;18;;;9922.0;0.0
yf_ZW=F_d11;12700;INTARIAN_PEPPER_ROOT;11514;16;11512;13;;;11542;5;11545;14;;;11528.0;0.0
yf_ZW=F_d11;12800;ASH_COATED_OSMIUM;9914;16;9911;24;;;9931;17;9934;15;;;9922.5;0.0
yf_ZW=F_d11;12800;INTARIAN_PEPPER_ROOT;11525;9;11522;11;;;11531;22;11535;14;;;11528.0;0.0
yf_ZW=F_d11;12900;ASH_COATED_OSMIUM;9913;15;9910;19;;;9931;19;9933;28;;;9922.0;0.0
yf_ZW=F_d11;12900;INTARIAN_PEPPER_ROOT;11525;19;11523;26;;;11531;12;11534;16;;;11528.0;0.0
yf_ZW=F_d11;13000;ASH_COATED_OSMIUM;9903;14;9899;19;;;9942;16;9944;19;;;9922.5;0.0
yf_ZW=F_d11;13000;INTARIAN_PEPPER_ROOT;11525;12;11522;21;;;11531;10;11535;30;;;11528.0;0.0
yf_ZW=F_d11;13100;ASH_COATED_OSMIUM;9919;21;9915;19;;;9926;14;9929;20;;;9922.5;0.0
yf_ZW=F_d11;13100;INTARIAN_PEPPER_ROOT;11526;20;11523;16;;;11532;10;11536;21;;;11529.0;0.0
yf_ZW=F_d11;13200;ASH_COATED_OSMIUM;9920;7;9916;23;;;9926;14;9930;23;;;9923.0;0.0
yf_ZW=F_d11;13200;INTARIAN_PEPPER_ROOT;11526;16;11524;14;;;11532;17;11535;15;;;11529.0;0.0
yf_ZW=F_d11;13300;ASH_COATED_OSMIUM;9913;18;9911;17;;;9933;5;9935;19;;;9923.0;0.0
yf_ZW=F_d11;13300;INTARIAN_PEPPER_ROOT;11518;19;11515;27;;;11541;5;11544;11;;;11529.5;0.0
yf_ZW=F_d11;13400;ASH_COATED_OSMIUM;9919;15;9915;20;;;9926;17;9929;28;;;9922.5;0.0
yf_ZW=F_d11;13400;INTARIAN_PEPPER_ROOT;11527;13;11523;16;;;11533;8;11537;17;;;11530.0;0.0
yf_ZW=F_d11;13500;ASH_COATED_OSMIUM;9919;10;9917;16;;;9925;11;9928;26;;;9922.0;0.0
yf_ZW=F_d11;13500;INTARIAN_PEPPER_ROOT;11527;13;11525;15;;;11533;16;11536;17;;;11530.0;0.0
yf_ZW=F_d11;13600;ASH_COATED_OSMIUM;9920;25;9918;23;;;9926;23;9929;15;;;9923.0;0.0
yf_ZW=F_d11;13600;INTARIAN_PEPPER_ROOT;11522;11;11519;21;;;11538;17;11540;16;;;11530.0;0.0
yf_ZW=F_d11;13700;ASH_COATED_OSMIUM;9910;22;9908;16;;;9936;15;9938;26;;;9923.0;0.0
yf_ZW=F_d11;13700;INTARIAN_PEPPER_ROOT;11520;5;11516;17;;;11541;15;11543;14;;;11530.5;0.0
yf_ZW=F_d11;13800;ASH_COATED_OSMIUM;9920;11;9916;20;;;9926;14;9930;22;;;9923.0;0.0
yf_ZW=F_d11;13800;INTARIAN_PEPPER_ROOT;11527;18;11524;24;;;11534;7;11537;12;;;11530.5;0.0
yf_ZW=F_d11;13900;ASH_COATED_OSMIUM;9920;17;9917;24;;;9926;11;9930;12;;;9923.0;0.0
yf_ZW=F_d11;13900;INTARIAN_PEPPER_ROOT;11520;10;11516;19;;;11542;10;11544;22;;;11531.0;0.0
yf_ZW=F_d11;14000;ASH_COATED_OSMIUM;9914;11;9912;15;;;9931;15;9934;21;;;9922.5;0.0
yf_ZW=F_d11;14000;INTARIAN_PEPPER_ROOT;11525;15;11521;15;;;11536;17;11538;24;;;11530.5;0.0
yf_ZW=F_d11;14100;ASH_COATED_OSMIUM;9920;12;9918;26;;;9926;5;9928;13;;;9923.0;0.0
yf_ZW=F_d11;14100;INTARIAN_PEPPER_ROOT;11526;21;11522;24;;;11535;19;11537;20;;;11530.5;0.0
yf_ZW=F_d11;14200;ASH_COATED_OSMIUM;9920;5;9917;18;;;9926;17;9929;15;;;9923.0;0.0
yf_ZW=F_d11;14200;INTARIAN_PEPPER_ROOT;11522;27;11520;15;;;11540;25;11543;15;;;11531.0;0.0
yf_ZW=F_d11;14300;ASH_COATED_OSMIUM;9920;17;9917;34;;;9926;10;9929;12;;;9923.0;0.0
yf_ZW=F_d11;14300;INTARIAN_PEPPER_ROOT;11528;20;11526;24;;;11534;13;11537;14;;;11531.0;0.0
yf_ZW=F_d11;14400;ASH_COATED_OSMIUM;9920;28;9918;16;;;9926;12;9929;11;;;9923.0;0.0
yf_ZW=F_d11;14400;INTARIAN_PEPPER_ROOT;11529;8;11527;16;;;11535;14;11538;19;;;11532.0;0.0
yf_ZW=F_d11;14500;ASH_COATED_OSMIUM;9915;21;9913;18;;;9930;23;9933;28;;;9922.5;0.0
yf_ZW=F_d11;14500;INTARIAN_PEPPER_ROOT;11523;17;11519;20;;;11540;10;11544;15;;;11531.5;0.0
yf_ZW=F_d11;14600;ASH_COATED_OSMIUM;9919;14;9916;21;;;9926;10;9928;28;;;9922.5;0.0
yf_ZW=F_d11;14600;INTARIAN_PEPPER_ROOT;11528;17;11526;9;;;11537;9;11540;15;;;11532.5;0.0
yf_ZW=F_d11;14700;ASH_COATED_OSMIUM;9920;24;9918;18;;;9926;18;9930;19;;;9923.0;0.0
yf_ZW=F_d11;14700;INTARIAN_PEPPER_ROOT;11529;9;11525;22;;;11536;21;11540;23;;;11532.5;0.0
yf_ZW=F_d11;14800;ASH_COATED_OSMIUM;9920;8;9917;13;;;9926;23;9929;8;;;9923.0;0.0
yf_ZW=F_d11;14800;INTARIAN_PEPPER_ROOT;11517;21;11514;11;;;11546;20;11548;9;;;11531.5;0.0
yf_ZW=F_d11;14900;ASH_COATED_OSMIUM;9920;14;9916;11;;;9926;5;9929;14;;;9923.0;0.0
yf_ZW=F_d11;14900;INTARIAN_PEPPER_ROOT;11528;14;11526;20;;;11537;11;11539;22;;;11532.5;0.0
yf_ZW=F_d11;15000;ASH_COATED_OSMIUM;9920;17;9917;28;;;9926;11;9929;24;;;9923.0;0.0
yf_ZW=F_d11;15000;INTARIAN_PEPPER_ROOT;11530;23;11526;29;;;11536;5;11540;23;;;11533.0;0.0
yf_ZW=F_d11;15100;ASH_COATED_OSMIUM;9921;6;9918;24;;;9927;8;9930;21;;;9924.0;0.0
yf_ZW=F_d11;15100;INTARIAN_PEPPER_ROOT;11527;10;11525;24;;;11539;18;11541;23;;;11533.0;0.0
yf_ZW=F_d11;15200;ASH_COATED_OSMIUM;9920;7;9918;20;;;9926;16;9928;25;;;9923.0;0.0
yf_ZW=F_d11;15200;INTARIAN_PEPPER_ROOT;11525;14;11521;17;;;11541;12;11543;15;;;11533.0;0.0
yf_ZW=F_d11;15300;ASH_COATED_OSMIUM;9912;11;9908;27;;;9935;19;9938;18;;;9923.5;0.0
yf_ZW=F_d11;15300;INTARIAN_PEPPER_ROOT;11524;18;11522;19;;;11544;21;11547;15;;;11534.0;0.0
yf_ZW=F_d11;15400;ASH_COATED_OSMIUM;9920;23;9918;10;;;9926;11;9928;21;;;9923.0;0.0
yf_ZW=F_d11;15400;INTARIAN_PEPPER_ROOT;11531;17;11528;19;;;11537;19;11541;20;;;11534.0;0.0
yf_ZW=F_d11;15500;ASH_COATED_OSMIUM;9921;14;9917;15;;;9927;20;9930;18;;;9924.0;0.0
yf_ZW=F_d11;15500;INTARIAN_PEPPER_ROOT;11531;20;11527;10;;;11538;12;11541;22;;;11534.5;0.0
yf_ZW=F_d11;15600;ASH_COATED_OSMIUM;9914;11;9912;21;;;9932;16;9935;20;;;9923.0;0.0
yf_ZW=F_d11;15600;INTARIAN_PEPPER_ROOT;11531;14;11527;18;;;11537;21;11540;19;;;11534.0;0.0
yf_ZW=F_d11;15700;ASH_COATED_OSMIUM;9921;15;9918;14;;;9927;17;9929;25;;;9924.0;0.0
yf_ZW=F_d11;15700;INTARIAN_PEPPER_ROOT;11531;16;11528;14;;;11537;9;11539;29;;;11534.0;0.0
yf_ZW=F_d11;15800;ASH_COATED_OSMIUM;9920;11;9918;18;;;9927;11;9930;13;;;9923.5;0.0
yf_ZW=F_d11;15800;INTARIAN_PEPPER_ROOT;11532;13;11528;24;;;11538;14;11542;23;;;11535.0;0.0
yf_ZW=F_d11;15900;ASH_COATED_OSMIUM;9919;16;9915;23;;;9929;19;9932;25;;;9924.0;0.0
yf_ZW=F_d11;15900;INTARIAN_PEPPER_ROOT;11532;22;11529;10;;;11538;19;11540;15;;;11535.0;0.0
yf_ZW=F_d11;16000;ASH_COATED_OSMIUM;9921;10;9917;12;;;9927;18;9931;14;;;9924.0;0.0
yf_ZW=F_d11;16000;INTARIAN_PEPPER_ROOT;11533;16;11530;29;;;11539;10;11542;18;;;11536.0;0.0
yf_ZW=F_d11;16100;ASH_COATED_OSMIUM;9921;9;9917;20;;;9927;13;9929;20;;;9924.0;0.0
yf_ZW=F_d11;16100;INTARIAN_PEPPER_ROOT;11532;19;11528;16;;;11538;17;11541;17;;;11535.0;0.0
yf_ZW=F_d11;16200;ASH_COATED_OSMIUM;9921;16;9919;12;;;9927;12;9931;17;;;9924.0;0.0
yf_ZW=F_d11;16200;INTARIAN_PEPPER_ROOT;11525;18;11523;17;;;11546;18;11548;25;;;11535.5;0.0
yf_ZW=F_d11;16300;ASH_COATED_OSMIUM;9918;15;9916;11;;;9931;23;9933;12;;;9924.5;0.0
yf_ZW=F_d11;16300;INTARIAN_PEPPER_ROOT;11529;18;11525;18;;;11544;9;11548;19;;;11536.5;0.0
yf_ZW=F_d11;16400;ASH_COATED_OSMIUM;9920;18;9917;19;;;9928;5;9932;16;;;9924.0;0.0
yf_ZW=F_d11;16400;INTARIAN_PEPPER_ROOT;11534;23;11530;19;;;11540;12;11542;17;;;11537.0;0.0
yf_ZW=F_d11;16500;ASH_COATED_OSMIUM;9921;6;9919;16;;;9927;17;9931;14;;;9924.0;0.0
yf_ZW=F_d11;16500;INTARIAN_PEPPER_ROOT;11534;10;11532;18;;;11540;11;11543;21;;;11537.0;0.0
yf_ZW=F_d11;16600;ASH_COATED_OSMIUM;9921;9;9919;22;;;9927;15;9929;14;;;9924.0;0.0
yf_ZW=F_d11;16600;INTARIAN_PEPPER_ROOT;11533;10;11531;20;;;11539;16;11543;20;;;11536.0;0.0
yf_ZW=F_d11;16700;ASH_COATED_OSMIUM;9921;20;9919;20;;;9928;14;9930;21;;;9924.5;0.0
yf_ZW=F_d11;16700;INTARIAN_PEPPER_ROOT;11534;11;11531;15;;;11540;11;11543;8;;;11537.0;0.0
yf_ZW=F_d11;16800;ASH_COATED_OSMIUM;9919;20;9916;15;;;9929;21;9931;20;;;9924.0;0.0
yf_ZW=F_d11;16800;INTARIAN_PEPPER_ROOT;11533;11;11531;18;;;11540;7;11542;20;;;11536.5;0.0
yf_ZW=F_d11;16900;ASH_COATED_OSMIUM;9915;19;9912;23;;;9933;15;9935;15;;;9924.0;0.0
yf_ZW=F_d11;16900;INTARIAN_PEPPER_ROOT;11534;10;11530;25;;;11540;21;11542;20;;;11537.0;0.0
yf_ZW=F_d11;17000;ASH_COATED_OSMIUM;9918;15;9914;17;;;9929;18;9933;30;;;9923.5;0.0
yf_ZW=F_d11;17000;INTARIAN_PEPPER_ROOT;11532;12;11528;26;;;11538;16;11542;20;;;11535.0;0.0
yf_ZW=F_d11;17100;ASH_COATED_OSMIUM;9921;24;9919;17;;;9927;19;9931;17;;;9924.0;0.0
yf_ZW=F_d11;17100;INTARIAN_PEPPER_ROOT;11528;20;11524;21;;;11534;9;11537;28;;;11531.0;0.0
yf_ZW=F_d11;17200;ASH_COATED_OSMIUM;9921;16;9919;23;;;9927;8;9930;19;;;9924.0;0.0
yf_ZW=F_d11;17200;INTARIAN_PEPPER_ROOT;11523;6;11520;14;;;11529;10;11533;20;;;11526.0;0.0
yf_ZW=F_d11;17300;ASH_COATED_OSMIUM;9919;13;9917;26;;;9928;19;9932;21;;;9923.5;0.0
yf_ZW=F_d11;17300;INTARIAN_PEPPER_ROOT;11518;11;11515;11;;;11524;25;11526;20;;;11521.0;0.0
yf_ZW=F_d11;17400;ASH_COATED_OSMIUM;9921;14;9919;24;;;9927;15;9931;11;;;9924.0;0.0
yf_ZW=F_d11;17400;INTARIAN_PEPPER_ROOT;11510;12;11507;18;;;11524;22;11527;19;;;11517.0;0.0
yf_ZW=F_d11;17500;ASH_COATED_OSMIUM;9921;13;9918;20;;;9927;11;9929;20;;;9924.0;0.0
yf_ZW=F_d11;17500;INTARIAN_PEPPER_ROOT;11509;15;11505;17;;;11515;21;11517;18;;;11512.0;0.0
yf_ZW=F_d11;17600;ASH_COATED_OSMIUM;9920;12;9916;19;;;9926;13;9929;20;;;9923.0;0.0
yf_ZW=F_d11;17600;INTARIAN_PEPPER_ROOT;11505;8;11501;16;;;11511;16;11514;17;;;11508.0;0.0
yf_ZW=F_d11;17700;ASH_COATED_OSMIUM;9919;23;9915;22;;;9927;10;9930;14;;;9923.0;0.0
yf_ZW=F_d11;17700;INTARIAN_PEPPER_ROOT;11500;8;11498;16;;;11506;17;11509;14;;;11503.0;0.0
yf_ZW=F_d11;17800;ASH_COATED_OSMIUM;9920;12;9917;12;;;9926;15;9930;21;;;9923.0;0.0
yf_ZW=F_d11;17800;INTARIAN_PEPPER_ROOT;11495;11;11491;18;;;11501;21;11504;17;;;11498.0;0.0
yf_ZW=F_d11;17900;ASH_COATED_OSMIUM;9915;12;9911;18;;;9931;9;9934;25;;;9923.0;0.0
yf_ZW=F_d11;17900;INTARIAN_PEPPER_ROOT;11491;26;11488;21;;;11497;19;11501;22;;;11494.0;0.0
yf_ZW=F_d11;18000;ASH_COATED_OSMIUM;9919;19;9917;17;;;9926;23;9928;17;;;9922.5;0.0
yf_ZW=F_d11;18000;INTARIAN_PEPPER_ROOT;11486;19;11482;25;;;11494;11;11496;22;;;11490.0;0.0
yf_ZW=F_d11;18100;ASH_COATED_OSMIUM;9920;12;9916;18;;;9926;11;9930;17;;;9923.0;0.0
yf_ZW=F_d11;18100;INTARIAN_PEPPER_ROOT;11482;15;11479;18;;;11488;12;11490;16;;;11485.0;0.0
yf_ZW=F_d11;18200;ASH_COATED_OSMIUM;9920;22;9918;22;;;9926;17;9930;22;;;9923.0;0.0
yf_ZW=F_d11;18200;INTARIAN_PEPPER_ROOT;11469;12;11465;13;;;11492;5;11494;29;;;11480.5;0.0
yf_ZW=F_d11;18300;ASH_COATED_OSMIUM;9917;14;9914;18;;;9928;20;9931;20;;;9922.5;0.0
yf_ZW=F_d11;18300;INTARIAN_PEPPER_ROOT;11473;18;11471;13;;;11479;15;11481;22;;;11476.0;0.0
yf_ZW=F_d11;18400;ASH_COATED_OSMIUM;9918;8;9914;22;;;9929;6;9931;19;;;9923.5;0.0
yf_ZW=F_d11;18400;INTARIAN_PEPPER_ROOT;11459;10;11455;19;;;11485;11;11487;20;;;11472.0;0.0
yf_ZW=F_d11;18500;ASH_COATED_OSMIUM;9918;6;9914;21;;;9928;20;9930;16;;;9923.0;0.0
yf_ZW=F_d11;18500;INTARIAN_PEPPER_ROOT;11461;23;11457;17;;;11471;5;11475;20;;;11466.0;0.0
yf_ZW=F_d11;18600;ASH_COATED_OSMIUM;9915;18;9911;15;;;9930;17;9932;17;;;9922.5;0.0
yf_ZW=F_d11;18600;INTARIAN_PEPPER_ROOT;11459;17;11455;14;;;11465;11;11467;12;;;11462.0;0.0
yf_ZW=F_d11;18700;ASH_COATED_OSMIUM;9917;5;9913;14;;;9927;12;9930;28;;;9922.0;0.0
yf_ZW=F_d11;18700;INTARIAN_PEPPER_ROOT;11454;12;11451;22;;;11463;17;11465;22;;;11458.5;0.0
yf_ZW=F_d11;18800;ASH_COATED_OSMIUM;9920;19;9918;16;;;9926;7;9929;23;;;9923.0;0.0
yf_ZW=F_d11;18800;INTARIAN_PEPPER_ROOT;11446;21;11444;22;;;11460;11;11462;18;;;11453.0;0.0
yf_ZW=F_d11;18900;ASH_COATED_OSMIUM;9916;12;9914;20;;;9927;14;9929;13;;;9921.5;0.0
yf_ZW=F_d11;18900;INTARIAN_PEPPER_ROOT;11446;20;11444;27;;;11452;10;11456;18;;;11449.0;0.0
yf_ZW=F_d11;19000;ASH_COATED_OSMIUM;9919;20;9915;23;;;9925;5;9928;21;;;9922.0;0.0
yf_ZW=F_d11;19000;INTARIAN_PEPPER_ROOT;11441;16;11438;13;;;11447;11;11449;17;;;11444.0;0.0
yf_ZW=F_d11;19100;ASH_COATED_OSMIUM;9919;5;9916;18;;;9925;12;9928;10;;;9922.0;0.0
yf_ZW=F_d11;19100;INTARIAN_PEPPER_ROOT;11437;19;11435;20;;;11443;17;11446;22;;;11440.0;0.0
yf_ZW=F_d11;19200;ASH_COATED_OSMIUM;9919;12;9915;25;;;9925;7;9929;21;;;9922.0;0.0
yf_ZW=F_d11;19200;INTARIAN_PEPPER_ROOT;11420;18;11416;17;;;11451;19;11455;20;;;11435.5;0.0
yf_ZW=F_d11;19300;ASH_COATED_OSMIUM;9919;17;9917;17;;;9925;9;9928;19;;;9922.0;0.0
yf_ZW=F_d11;19300;INTARIAN_PEPPER_ROOT;11427;15;11423;13;;;11433;18;11436;19;;;11430.0;0.0
yf_ZW=F_d11;19400;ASH_COATED_OSMIUM;9918;11;9916;20;;;9927;11;9931;21;;;9922.5;0.0
yf_ZW=F_d11;19400;INTARIAN_PEPPER_ROOT;11423;9;11419;23;;;11429;17;11431;19;;;11426.0;0.0
yf_ZW=F_d11;19500;ASH_COATED_OSMIUM;9918;8;9914;21;;;9924;5;9928;22;;;9921.0;0.0
yf_ZW=F_d11;19500;INTARIAN_PEPPER_ROOT;11419;15;11415;18;;;11425;20;11427;13;;;11422.0;0.0
yf_ZW=F_d11;19600;ASH_COATED_OSMIUM;9916;5;9914;12;;;9927;24;9929;16;;;9921.5;0.0
yf_ZW=F_d11;19600;INTARIAN_PEPPER_ROOT;11409;26;11406;16;;;11425;18;11428;28;;;11417.0;0.0
yf_ZW=F_d11;19700;ASH_COATED_OSMIUM;9916;14;9914;24;;;9925;17;9927;16;;;9920.5;0.0
yf_ZW=F_d11;19700;INTARIAN_PEPPER_ROOT;11405;10;11403;16;;;11421;11;11423;16;;;11413.0;0.0
yf_ZW=F_d11;19800;ASH_COATED_OSMIUM;9919;23;9917;14;;;9925;20;9929;16;;;9922.0;0.0
yf_ZW=F_d11;19800;INTARIAN_PEPPER_ROOT;11400;7;11397;20;;;11416;21;11419;11;;;11408.0;0.0
yf_ZW=F_d11;19900;ASH_COATED_OSMIUM;9918;8;9915;13;;;9924;18;9926;25;;;9921.0;0.0
yf_ZW=F_d11;19900;INTARIAN_PEPPER_ROOT;11400;26;11397;16;;;11406;12;11410;27;;;11403.0;0.0
yf_ZW=F_d11;20000;ASH_COATED_OSMIUM;9918;7;9915;27;;;9924;12;9927;25;;;9921.0;0.0
yf_ZW=F_d11;20000;INTARIAN_PEPPER_ROOT;11396;18;11394;18;;;11402;15;11405;9;;;11399.0;0.0
yf_ZW=F_d11;20100;ASH_COATED_OSMIUM;9917;18;9915;20;;;9923;16;9926;21;;;9920.0;0.0
yf_ZW=F_d11;20100;INTARIAN_PEPPER_ROOT;11389;11;11386;16;;;11398;17;11400;27;;;11393.5;0.0
yf_ZW=F_d11;20200;ASH_COATED_OSMIUM;9918;15;9914;15;;;9924;10;9927;22;;;9921.0;0.0
yf_ZW=F_d11;20200;INTARIAN_PEPPER_ROOT;11387;18;11385;9;;;11393;11;11395;14;;;11390.0;0.0
yf_ZW=F_d11;20300;ASH_COATED_OSMIUM;9917;19;9915;21;;;9923;15;9926;18;;;9920.0;0.0
yf_ZW=F_d11;20300;INTARIAN_PEPPER_ROOT;11382;17;11380;20;;;11388;22;11391;22;;;11385.0;0.0
yf_ZW=F_d11;20400;ASH_COATED_OSMIUM;9918;18;9916;17;;;9924;16;9926;23;;;9921.0;0.0
yf_ZW=F_d11;20400;INTARIAN_PEPPER_ROOT;11377;12;11374;24;;;11384;20;11387;15;;;11380.5;0.0
yf_ZW=F_d11;20500;ASH_COATED_OSMIUM;9914;8;9911;15;;;9928;16;9930;19;;;9921.0;0.0
yf_ZW=F_d11;20500;INTARIAN_PEPPER_ROOT;11373;14;11369;27;;;11379;16;11382;15;;;11376.0;0.0
yf_ZW=F_d11;20600;ASH_COATED_OSMIUM;9917;28;9913;18;;;9923;16;9927;12;;;9920.0;0.0
yf_ZW=F_d11;20600;INTARIAN_PEPPER_ROOT;11368;15;11365;21;;;11374;7;11378;19;;;11371.0;0.0
yf_ZW=F_d11;20700;ASH_COATED_OSMIUM;9917;18;9913;10;;;9923;7;9926;27;;;9920.0;0.0
yf_ZW=F_d11;20700;INTARIAN_PEPPER_ROOT;11363;21;11361;25;;;11372;17;11374;23;;;11367.5;0.0
yf_ZW=F_d11;20800;ASH_COATED_OSMIUM;9918;10;9914;18;;;9924;7;9926;14;;;9921.0;0.0
yf_ZW=F_d11;20800;INTARIAN_PEPPER_ROOT;11351;29;11349;24;;;11373;13;11377;16;;;11362.0;0.0
yf_ZW=F_d11;20900;ASH_COATED_OSMIUM;9914;16;9910;25;;;9927;11;9929;23;;;9920.5;0.0
yf_ZW=F_d11;20900;INTARIAN_PEPPER_ROOT;11355;6;11352;13;;;11361;11;11363;11;;;11358.0;0.0
yf_ZW=F_d11;21000;ASH_COATED_OSMIUM;9916;19;9912;18;;;9925;12;9927;8;;;9920.5;0.0
yf_ZW=F_d11;21000;INTARIAN_PEPPER_ROOT;11351;10;11348;15;;;11357;18;11361;23;;;11354.0;0.0
yf_ZW=F_d11;21100;ASH_COATED_OSMIUM;9917;15;9915;20;;;9923;19;9925;15;;;9920.0;0.0
yf_ZW=F_d11;21100;INTARIAN_PEPPER_ROOT;11341;14;11339;21;;;11356;16;11360;21;;;11348.5;0.0
yf_ZW=F_d11;21200;ASH_COATED_OSMIUM;9914;18;9912;17;;;9926;12;9928;15;;;9920.0;0.0
yf_ZW=F_d11;21200;INTARIAN_PEPPER_ROOT;11341;12;11338;16;;;11348;19;11351;19;;;11344.5;0.0
yf_ZW=F_d11;21300;ASH_COATED_OSMIUM;9917;21;9913;17;;;9923;19;9927;19;;;9920.0;0.0
yf_ZW=F_d11;21300;INTARIAN_PEPPER_ROOT;11336;9;11332;21;;;11343;16;11347;33;;;11339.5;0.0
yf_ZW=F_d11;21400;ASH_COATED_OSMIUM;9916;5;9912;19;;;9922;16;9925;16;;;9919.0;0.0
yf_ZW=F_d11;21400;INTARIAN_PEPPER_ROOT;11333;14;11330;25;;;11339;7;11342;20;;;11336.0;0.0
yf_ZW=F_d11;21500;ASH_COATED_OSMIUM;9914;16;9911;14;;;9925;8;9929;17;;;9919.5;0.0
yf_ZW=F_d11;21500;INTARIAN_PEPPER_ROOT;11327;6;11324;21;;;11333;6;11336;17;;;11330.0;0.0
yf_ZW=F_d11;21600;ASH_COATED_OSMIUM;9916;17;9913;28;;;9922;15;9926;11;;;9919.0;0.0
yf_ZW=F_d11;21600;INTARIAN_PEPPER_ROOT;11323;18;11321;20;;;11329;18;11331;17;;;11326.0;0.0
yf_ZW=F_d11;21700;ASH_COATED_OSMIUM;9912;15;9908;22;;;9926;20;9930;14;;;9919.0;0.0
yf_ZW=F_d11;21700;INTARIAN_PEPPER_ROOT;11317;12;11313;23;;;11325;17;11327;19;;;11321.0;0.0
yf_ZW=F_d11;21800;ASH_COATED_OSMIUM;9916;16;9914;22;;;9922;18;9924;19;;;9919.0;0.0
yf_ZW=F_d11;21800;INTARIAN_PEPPER_ROOT;11314;13;11311;29;;;11320;13;11324;9;;;11317.0;0.0
yf_ZW=F_d11;21900;ASH_COATED_OSMIUM;9916;18;9912;28;;;9922;18;9924;18;;;9919.0;0.0
yf_ZW=F_d11;21900;INTARIAN_PEPPER_ROOT;11310;17;11307;30;;;11316;14;11318;21;;;11313.0;0.0
yf_ZW=F_d11;22000;ASH_COATED_OSMIUM;9916;16;9912;24;;;9923;14;9926;22;;;9919.5;0.0
yf_ZW=F_d11;22000;INTARIAN_PEPPER_ROOT;11302;15;11298;25;;;11314;19;11318;15;;;11308.0;0.0
yf_ZW=F_d11;22100;ASH_COATED_OSMIUM;9916;24;9913;16;;;9922;11;9925;19;;;9919.0;0.0
yf_ZW=F_d11;22100;INTARIAN_PEPPER_ROOT;11301;11;11297;15;;;11307;16;11310;17;;;11304.0;0.0
yf_ZW=F_d11;22200;ASH_COATED_OSMIUM;9916;13;9912;22;;;9922;11;9924;20;;;9919.0;0.0
yf_ZW=F_d11;22200;INTARIAN_PEPPER_ROOT;11296;5;11294;20;;;11302;15;11306;11;;;11299.0;0.0
yf_ZW=F_d11;22300;ASH_COATED_OSMIUM;9916;15;9912;15;;;9922;14;9926;17;;;9919.0;0.0
yf_ZW=F_d11;22300;INTARIAN_PEPPER_ROOT;11289;10;11286;18;;;11300;12;11303;13;;;11294.5;0.0
yf_ZW=F_d11;22400;ASH_COATED_OSMIUM;9914;10;9911;8;;;9922;14;9926;14;;;9918.0;0.0
yf_ZW=F_d11;22400;INTARIAN_PEPPER_ROOT;11287;7;11284;18;;;11293;16;11296;24;;;11290.0;0.0
yf_ZW=F_d11;22500;ASH_COATED_OSMIUM;9916;7;9914;31;;;9922;14;9926;22;;;9919.0;0.0
yf_ZW=F_d11;22500;INTARIAN_PEPPER_ROOT;11268;20;11264;18;;;11302;8;11306;23;;;11285.0;0.0
yf_ZW=F_d11;22600;ASH_COATED_OSMIUM;9916;11;9912;18;;;9922;14;9926;19;;;9919.0;0.0
yf_ZW=F_d11;22600;INTARIAN_PEPPER_ROOT;11278;25;11276;20;;;11284;12;11288;20;;;11281.0;0.0
yf_ZW=F_d11;22700;ASH_COATED_OSMIUM;9909;14;9905;11;;;9929;17;9931;25;;;9919.0;0.0
yf_ZW=F_d11;22700;INTARIAN_PEPPER_ROOT;11273;17;11269;21;;;11279;8;11281;23;;;11276.0;0.0
yf_ZW=F_d11;22800;ASH_COATED_OSMIUM;9915;12;9911;18;;;9921;16;9925;14;;;9918.0;0.0
yf_ZW=F_d11;22800;INTARIAN_PEPPER_ROOT;11268;8;11264;11;;;11275;15;11279;19;;;11271.5;0.0
yf_ZW=F_d11;22900;ASH_COATED_OSMIUM;9916;16;9912;15;;;9922;21;9926;20;;;9919.0;0.0
yf_ZW=F_d11;22900;INTARIAN_PEPPER_ROOT;11264;17;11261;19;;;11271;15;11275;13;;;11267.5;0.0
yf_ZW=F_d11;23000;ASH_COATED_OSMIUM;9915;10;9912;13;;;9921;14;9925;11;;;9918.0;0.0
yf_ZW=F_d11;23000;INTARIAN_PEPPER_ROOT;11259;21;11256;19;;;11266;5;11270;20;;;11262.5;0.0
yf_ZW=F_d11;23100;ASH_COATED_OSMIUM;9913;17;9910;14;;;9923;9;9925;13;;;9918.0;0.0
yf_ZW=F_d11;23100;INTARIAN_PEPPER_ROOT;11255;17;11253;15;;;11261;16;11265;22;;;11258.0;0.0
yf_ZW=F_d11;23200;ASH_COATED_OSMIUM;9913;20;9911;14;;;9923;11;9927;18;;;9918.0;0.0
yf_ZW=F_d11;23200;INTARIAN_PEPPER_ROOT;11251;10;11247;23;;;11257;15;11259;27;;;11254.0;0.0
yf_ZW=F_d11;23300;ASH_COATED_OSMIUM;9913;23;9910;13;;;9921;16;9925;15;;;9917.0;0.0
yf_ZW=F_d11;23300;INTARIAN_PEPPER_ROOT;11246;19;11244;18;;;11252;19;11254;9;;;11249.0;0.0
yf_ZW=F_d11;23400;ASH_COATED_OSMIUM;9915;16;9913;15;;;9921;26;9924;21;;;9918.0;0.0
yf_ZW=F_d11;23400;INTARIAN_PEPPER_ROOT;11240;17;11237;28;;;11248;24;11251;22;;;11244.0;0.0
yf_ZW=F_d11;23500;ASH_COATED_OSMIUM;9914;24;9911;26;;;9920;14;9923;33;;;9917.0;0.0
yf_ZW=F_d11;23500;INTARIAN_PEPPER_ROOT;11237;17;11235;14;;;11243;13;11246;13;;;11240.0;0.0
yf_ZW=F_d11;23600;ASH_COATED_OSMIUM;9915;16;9913;18;;;9921;24;9923;20;;;9918.0;0.0
yf_ZW=F_d11;23600;INTARIAN_PEPPER_ROOT;11223;11;11221;20;;;11247;18;11251;17;;;11235.0;0.0
yf_ZW=F_d11;23700;ASH_COATED_OSMIUM;9914;15;9910;25;;;9920;16;9923;11;;;9917.0;0.0
yf_ZW=F_d11;23700;INTARIAN_PEPPER_ROOT;11227;10;11225;17;;;11234;13;11236;22;;;11230.5;0.0
yf_ZW=F_d11;23800;ASH_COATED_OSMIUM;9910;15;9908;23;;;9924;14;9928;19;;;9917.0;0.0
yf_ZW=F_d11;23800;INTARIAN_PEPPER_ROOT;11223;11;11220;15;;;11229;14;11233;25;;;11226.0;0.0
yf_ZW=F_d11;23900;ASH_COATED_OSMIUM;9915;9;9912;16;;;9921;12;9925;8;;;9918.0;0.0
yf_ZW=F_d11;23900;INTARIAN_PEPPER_ROOT;11219;11;11216;19;;;11225;17;11227;24;;;11222.0;0.0
yf_ZW=F_d11;24000;ASH_COATED_OSMIUM;9913;16;9910;18;;;9920;19;9923;13;;;9916.5;0.0
yf_ZW=F_d11;24000;INTARIAN_PEPPER_ROOT;11214;28;11211;27;;;11220;18;11224;17;;;11217.0;0.0
yf_ZW=F_d11;24100;ASH_COATED_OSMIUM;9914;20;9911;11;;;9920;15;9923;9;;;9917.0;0.0
yf_ZW=F_d11;24100;INTARIAN_PEPPER_ROOT;11209;15;11205;24;;;11217;18;11221;22;;;11213.0;0.0
yf_ZW=F_d11;24200;ASH_COATED_OSMIUM;9914;6;9910;16;;;9920;11;9922;12;;;9917.0;0.0
yf_ZW=F_d11;24200;INTARIAN_PEPPER_ROOT;11198;19;11196;25;;;11217;19;11220;18;;;11207.5;0.0
yf_ZW=F_d11;24300;ASH_COATED_OSMIUM;9914;19;9910;20;;;9920;15;9923;13;;;9917.0;0.0
yf_ZW=F_d11;24300;INTARIAN_PEPPER_ROOT;11201;27;11199;18;;;11207;16;11210;31;;;11204.0;0.0
yf_ZW=F_d11;24400;ASH_COATED_OSMIUM;9909;20;9907;19;;;9924;11;9928;23;;;9916.5;0.0
yf_ZW=F_d11;24400;INTARIAN_PEPPER_ROOT;11195;9;11192;26;;;11201;17;11203;27;;;11198.0;0.0
yf_ZW=F_d11;24500;ASH_COATED_OSMIUM;9910;20;9907;14;;;9923;24;9925;23;;;9916.5;0.0
yf_ZW=F_d11;24500;INTARIAN_PEPPER_ROOT;11192;10;11190;14;;;11198;14;11200;26;;;11195.0;0.0
yf_ZW=F_d11;24600;ASH_COATED_OSMIUM;9911;5;9907;21;;;9921;13;9923;20;;;9916.0;0.0
yf_ZW=F_d11;24600;INTARIAN_PEPPER_ROOT;11186;15;11182;25;;;11192;10;11194;15;;;11189.0;0.0
yf_ZW=F_d11;24700;ASH_COATED_OSMIUM;9913;9;9909;17;;;9919;18;9921;25;;;9916.0;0.0
yf_ZW=F_d11;24700;INTARIAN_PEPPER_ROOT;11180;25;11177;17;;;11191;16;11193;23;;;11185.5;0.0
yf_ZW=F_d11;24800;ASH_COATED_OSMIUM;9914;11;9911;20;;;9920;8;9923;27;;;9917.0;0.0
yf_ZW=F_d11;24800;INTARIAN_PEPPER_ROOT;11178;9;11176;15;;;11184;13;11187;13;;;11181.0;0.0
yf_ZW=F_d11;24900;ASH_COATED_OSMIUM;9913;20;9909;29;;;9919;16;9921;29;;;9916.0;0.0
yf_ZW=F_d11;24900;INTARIAN_PEPPER_ROOT;11173;17;11169;31;;;11179;10;11183;24;;;11176.0;0.0
yf_ZW=F_d11;25000;ASH_COATED_OSMIUM;9913;18;9910;17;;;9919;18;9922;22;;;9916.0;0.0
yf_ZW=F_d11;25000;INTARIAN_PEPPER_ROOT;11169;10;11167;23;;;11175;14;11178;23;;;11172.0;0.0
yf_ZW=F_d11;25100;ASH_COATED_OSMIUM;9911;13;9907;9;;;9922;14;9925;11;;;9916.5;0.0
yf_ZW=F_d11;25100;INTARIAN_PEPPER_ROOT;11164;12;11162;15;;;11170;8;11172;19;;;11167.0;0.0
yf_ZW=F_d11;25200;ASH_COATED_OSMIUM;9913;15;9910;19;;;9919;13;9923;20;;;9916.0;0.0
yf_ZW=F_d11;25200;INTARIAN_PEPPER_ROOT;11154;15;11150;13;;;11170;14;11172;21;;;11162.0;0.0
yf_ZW=F_d11;25300;ASH_COATED_OSMIUM;9910;10;9906;15;;;9921;13;9924;15;;;9915.5;0.0
yf_ZW=F_d11;25300;INTARIAN_PEPPER_ROOT;11155;13;11152;23;;;11161;6;11164;18;;;11158.0;0.0
yf_ZW=F_d11;25400;ASH_COATED_OSMIUM;9911;11;9907;23;;;9920;16;9922;19;;;9915.5;0.0
yf_ZW=F_d11;25400;INTARIAN_PEPPER_ROOT;11151;11;11149;20;;;11157;14;11159;17;;;11154.0;0.0
yf_ZW=F_d11;25500;ASH_COATED_OSMIUM;9911;10;9909;22;;;9919;7;9922;22;;;9915.0;0.0
yf_ZW=F_d11;25500;INTARIAN_PEPPER_ROOT;11137;5;11134;9;;;11160;21;11162;16;;;11148.5;0.0
yf_ZW=F_d11;25600;ASH_COATED_OSMIUM;9911;8;9909;14;;;9921;17;9924;20;;;9916.0;0.0
yf_ZW=F_d11;25600;INTARIAN_PEPPER_ROOT;11137;15;11133;26;;;11152;19;11156;15;;;11144.5;0.0
yf_ZW=F_d11;25700;ASH_COATED_OSMIUM;9912;17;9908;16;;;9918;10;9921;22;;;9915.0;0.0
yf_ZW=F_d11;25700;INTARIAN_PEPPER_ROOT;11137;11;11134;23;;;11143;14;11147;28;;;11140.0;0.0
yf_ZW=F_d11;25800;ASH_COATED_OSMIUM;9912;17;9910;25;;;9918;17;9921;12;;;9915.0;0.0
yf_ZW=F_d11;25800;INTARIAN_PEPPER_ROOT;11132;16;11129;14;;;11138;11;11142;24;;;11135.0;0.0
yf_ZW=F_d11;25900;ASH_COATED_OSMIUM;9912;18;9910;12;;;9918;17;9922;21;;;9915.0;0.0
yf_ZW=F_d11;25900;INTARIAN_PEPPER_ROOT;11128;20;11125;20;;;11134;9;11137;26;;;11131.0;0.0
yf_ZW=F_d11;26000;ASH_COATED_OSMIUM;9901;22;9899;22;;;9930;10;9932;17;;;9915.5;0.0
yf_ZW=F_d11;26000;INTARIAN_PEPPER_ROOT;11123;17;11120;22;;;11129;9;11132;21;;;11126.0;0.0
yf_ZW=F_d11;26100;ASH_COATED_OSMIUM;9912;16;9910;19;;;9918;17;9921;20;;;9915.0;0.0
yf_ZW=F_d11;26100;INTARIAN_PEPPER_ROOT;11119;16;11116;26;;;11125;9;11129;24;;;11122.0;0.0
yf_ZW=F_d11;26200;ASH_COATED_OSMIUM;9888;20;9885;20;;;9941;14;9943;25;;;9914.5;0.0
yf_ZW=F_d11;26200;INTARIAN_PEPPER_ROOT;11112;9;11110;22;;;11123;5;11125;11;;;11117.5;0.0
yf_ZW=F_d11;26300;ASH_COATED_OSMIUM;9912;14;9908;20;;;9918;24;9922;17;;;9915.0;0.0
yf_ZW=F_d11;26300;INTARIAN_PEPPER_ROOT;11110;17;11108;22;;;11116;22;11118;25;;;11113.0;0.0
yf_ZW=F_d11;26400;ASH_COATED_OSMIUM;9908;8;9904;17;;;9921;12;9925;24;;;9914.5;0.0
yf_ZW=F_d11;26400;INTARIAN_PEPPER_ROOT;11105;11;11102;19;;;11111;21;11115;17;;;11108.0;0.0
yf_ZW=F_d11;26500;ASH_COATED_OSMIUM;9907;22;9905;14;;;9922;10;9925;16;;;9914.5;0.0
yf_ZW=F_d11;26500;INTARIAN_PEPPER_ROOT;11101;24;11098;24;;;11107;15;11111;13;;;11104.0;0.0
yf_ZW=F_d11;26600;ASH_COATED_OSMIUM;9909;11;9906;16;;;9921;14;9924;20;;;9915.0;0.0
yf_ZW=F_d11;26600;INTARIAN_PEPPER_ROOT;11093;14;11090;13;;;11104;8;11108;16;;;11098.5;0.0
yf_ZW=F_d11;26700;ASH_COATED_OSMIUM;9911;14;9908;30;;;9917;13;9920;16;;;9914.0;0.0
yf_ZW=F_d11;26700;INTARIAN_PEPPER_ROOT;11091;14;11088;19;;;11098;14;11100;21;;;11094.5;0.0
yf_ZW=F_d11;26800;ASH_COATED_OSMIUM;9911;19;9907;11;;;9917;10;9920;23;;;9914.0;0.0
yf_ZW=F_d11;26800;INTARIAN_PEPPER_ROOT;11087;14;11085;20;;;11093;14;11095;16;;;11090.0;0.0
yf_ZW=F_d11;26900;ASH_COATED_OSMIUM;9911;14;9907;20;;;9917;13;9920;20;;;9914.0;0.0
yf_ZW=F_d11;26900;INTARIAN_PEPPER_ROOT;11083;11;11079;25;;;11089;10;11091;19;;;11086.0;0.0
yf_ZW=F_d11;27000;ASH_COATED_OSMIUM;9908;20;9905;10;;;9920;18;9922;14;;;9914.0;0.0
yf_ZW=F_d11;27000;INTARIAN_PEPPER_ROOT;11078;16;11076;17;;;11084;16;11087;19;;;11081.0;0.0
yf_ZW=F_d11;27100;ASH_COATED_OSMIUM;9911;22;9907;14;;;9917;17;9920;11;;;9914.0;0.0
yf_ZW=F_d11;27100;INTARIAN_PEPPER_ROOT;11073;10;11070;25;;;11079;22;11082;24;;;11076.0;0.0
yf_ZW=F_d11;27200;ASH_COATED_OSMIUM;9911;20;9909;19;;;9917;7;9919;15;;;9914.0;0.0
yf_ZW=F_d11;27200;INTARIAN_PEPPER_ROOT;11067;5;11065;24;;;11076;19;11079;16;;;11071.5;0.0
yf_ZW=F_d11;27300;ASH_COATED_OSMIUM;9911;16;9908;18;;;9917;8;9919;22;;;9914.0;0.0
yf_ZW=F_d11;27300;INTARIAN_PEPPER_ROOT;11065;15;11061;29;;;11071;13;11074;27;;;11068.0;0.0
yf_ZW=F_d11;27400;ASH_COATED_OSMIUM;9911;11;9907;22;;;9917;11;9920;17;;;9914.0;0.0
yf_ZW=F_d11;27400;INTARIAN_PEPPER_ROOT;11060;11;11057;21;;;11067;13;11069;22;;;11063.5;0.0
yf_ZW=F_d11;27500;ASH_COATED_OSMIUM;9911;20;9909;19;;;9917;12;9920;15;;;9914.0;0.0
yf_ZW=F_d11;27500;INTARIAN_PEPPER_ROOT;11056;17;11054;18;;;11062;7;11066;24;;;11059.0;0.0
yf_ZW=F_d11;27600;ASH_COATED_OSMIUM;9910;18;9908;17;;;9916;14;9918;23;;;9913.0;0.0
yf_ZW=F_d11;27600;INTARIAN_PEPPER_ROOT;11051;30;11049;20;;;11057;12;11060;22;;;11054.0;0.0
yf_ZW=F_d11;27700;ASH_COATED_OSMIUM;9902;18;9900;27;;;9925;16;9928;30;;;9913.5;0.0
yf_ZW=F_d11;27700;INTARIAN_PEPPER_ROOT;11041;14;11038;15;;;11058;15;11060;8;;;11049.5;0.0
yf_ZW=F_d11;27800;ASH_COATED_OSMIUM;9910;20;9907;18;;;9916;11;9918;24;;;9913.0;0.0
yf_ZW=F_d11;27800;INTARIAN_PEPPER_ROOT;11040;15;11038;14;;;11050;13;11054;13;;;11045.0;0.0
yf_ZW=F_d11;27900;ASH_COATED_OSMIUM;9908;17;9906;12;;;9919;19;9923;28;;;9913.5;0.0
yf_ZW=F_d11;27900;INTARIAN_PEPPER_ROOT;11037;16;11033;18;;;11043;15;11047;22;;;11040.0;0.0
yf_ZW=F_d11;28000;ASH_COATED_OSMIUM;9904;7;9902;19;;;9923;15;9925;21;;;9913.5;0.0
yf_ZW=F_d11;28000;INTARIAN_PEPPER_ROOT;11032;19;11029;16;;;11038;13;11042;21;;;11035.0;0.0
yf_ZW=F_d11;28100;ASH_COATED_OSMIUM;9910;11;9906;20;;;9916;11;9918;24;;;9913.0;0.0
yf_ZW=F_d11;28100;INTARIAN_PEPPER_ROOT;11021;18;11018;21;;;11043;18;11046;16;;;11032.0;0.0
yf_ZW=F_d11;28200;ASH_COATED_OSMIUM;9910;21;9907;15;;;9916;12;9918;21;;;9913.0;0.0
yf_ZW=F_d11;28200;INTARIAN_PEPPER_ROOT;11013;12;11009;23;;;11039;21;11041;21;;;11026.0;0.0
yf_ZW=F_d11;28300;ASH_COATED_OSMIUM;9908;20;9905;11;;;9918;16;9921;16;;;9913.0;0.0
yf_ZW=F_d11;28300;INTARIAN_PEPPER_ROOT;11003;12;10999;18;;;11041;24;11044;32;;;11022.0;0.0
yf_ZW=F_d11;28400;ASH_COATED_OSMIUM;9910;10;9906;19;;;9916;16;9919;21;;;9913.0;0.0
yf_ZW=F_d11;28400;INTARIAN_PEPPER_ROOT;11012;20;11009;12;;;11024;6;11028;17;;;11018.0;0.0
yf_ZW=F_d11;28500;ASH_COATED_OSMIUM;9909;8;9907;10;;;9915;18;9919;20;;;9912.0;0.0
yf_ZW=F_d11;28500;INTARIAN_PEPPER_ROOT;10999;14;10995;21;;;11025;17;11027;13;;;11012.0;0.0
yf_ZW=F_d11;28600;ASH_COATED_OSMIUM;9904;21;9901;16;;;9919;7;9921;21;;;9911.5;0.0
yf_ZW=F_d11;28600;INTARIAN_PEPPER_ROOT;11005;14;11003;18;;;11011;16;11014;18;;;11008.0;0.0
yf_ZW=F_d11;28700;ASH_COATED_OSMIUM;9909;10;9907;17;;;9915;13;9917;18;;;9912.0;0.0
yf_ZW=F_d11;28700;INTARIAN_PEPPER_ROOT;11001;18;10998;15;;;11007;8;11011;24;;;11004.0;0.0
yf_ZW=F_d11;28800;ASH_COATED_OSMIUM;9905;21;9902;21;;;9919;17;9921;22;;;9912.0;0.0
yf_ZW=F_d11;28800;INTARIAN_PEPPER_ROOT;10997;19;10994;32;;;11003;5;11006;13;;;11000.0;0.0
yf_ZW=F_d11;28900;ASH_COATED_OSMIUM;9909;20;9905;17;;;9915;10;9919;18;;;9912.0;0.0
yf_ZW=F_d11;28900;INTARIAN_PEPPER_ROOT;10989;13;10986;18;;;11002;9;11004;19;;;10995.5;0.0
yf_ZW=F_d11;29000;ASH_COATED_OSMIUM;9909;14;9905;19;;;9915;9;9918;19;;;9912.0;0.0
yf_ZW=F_d11;29000;INTARIAN_PEPPER_ROOT;10971;8;10968;29;;;11010;13;11013;19;;;10990.5;0.0
yf_ZW=F_d11;29100;ASH_COATED_OSMIUM;9904;17;9901;19;;;9920;13;9923;23;;;9912.0;0.0
yf_ZW=F_d11;29100;INTARIAN_PEPPER_ROOT;10961;16;10959;24;;;11010;13;11013;17;;;10985.5;0.0
yf_ZW=F_d11;29200;ASH_COATED_OSMIUM;9909;7;9907;17;;;9915;10;9918;22;;;9912.0;0.0
yf_ZW=F_d11;29200;INTARIAN_PEPPER_ROOT;10976;21;10973;18;;;10986;14;10989;17;;;10981.0;0.0
yf_ZW=F_d11;29300;ASH_COATED_OSMIUM;9909;11;9905;27;;;9915;17;9919;19;;;9912.0;0.0
yf_ZW=F_d11;29300;INTARIAN_PEPPER_ROOT;10968;7;10964;21;;;10984;21;10988;26;;;10976.0;0.0
yf_ZW=F_d11;29400;ASH_COATED_OSMIUM;9908;7;9905;16;;;9914;12;9918;16;;;9911.0;0.0
yf_ZW=F_d11;29400;INTARIAN_PEPPER_ROOT;10969;15;10965;11;;;10975;14;10978;15;;;10972.0;0.0
yf_ZW=F_d11;29500;ASH_COATED_OSMIUM;9909;20;9907;22;;;9915;17;9918;21;;;9912.0;0.0
yf_ZW=F_d11;29500;INTARIAN_PEPPER_ROOT;10960;11;10956;17;;;10974;12;10976;22;;;10967.0;0.0
yf_ZW=F_d11;29600;ASH_COATED_OSMIUM;9905;16;9903;19;;;9917;15;9921;20;;;9911.0;0.0
yf_ZW=F_d11;29600;INTARIAN_PEPPER_ROOT;10947;16;10944;16;;;10980;19;10982;12;;;10963.5;0.0
yf_ZW=F_d11;29700;ASH_COATED_OSMIUM;9908;20;9904;25;;;9915;6;9918;16;;;9911.5;0.0
yf_ZW=F_d11;29700;INTARIAN_PEPPER_ROOT;10948;18;10945;20;;;10968;18;10972;16;;;10958.0;0.0
yf_ZW=F_d11;29800;ASH_COATED_OSMIUM;9895;5;9893;23;;;9928;11;9931;21;;;9911.5;0.0
yf_ZW=F_d11;29800;INTARIAN_PEPPER_ROOT;10942;8;10940;17;;;10965;8;10969;26;;;10953.5;0.0
yf_ZW=F_d11;29900;ASH_COATED_OSMIUM;9905;10;9901;8;;;9917;7;9919;21;;;9911.0;0.0
yf_ZW=F_d11;29900;INTARIAN_PEPPER_ROOT;10946;15;10943;28;;;10953;8;10956;19;;;10949.5;0.0
yf_ZW=F_d11;30000;ASH_COATED_OSMIUM;9909;16;9905;13;;;9915;18;9918;17;;;9912.0;0.0
yf_ZW=F_d11;30000;INTARIAN_PEPPER_ROOT;10938;17;10936;26;;;10952;13;10955;25;;;10945.0;0.0
yf_ZW=F_d11;30100;ASH_COATED_OSMIUM;9904;15;9900;19;;;9918;11;9921;12;;;9911.0;0.0
yf_ZW=F_d11;30100;INTARIAN_PEPPER_ROOT;10937;18;10933;20;;;10943;6;10947;23;;;10940.0;0.0
yf_ZW=F_d11;30200;ASH_COATED_OSMIUM;9904;18;9902;18;;;9917;11;9919;24;;;9910.5;0.0
yf_ZW=F_d11;30200;INTARIAN_PEPPER_ROOT;10930;16;10927;20;;;10941;13;10944;15;;;10935.5;0.0
yf_ZW=F_d11;30300;ASH_COATED_OSMIUM;9904;19;9902;27;;;9917;17;9921;16;;;9910.5;0.0
yf_ZW=F_d11;30300;INTARIAN_PEPPER_ROOT;10923;11;10921;19;;;10939;9;10943;20;;;10931.0;0.0
yf_ZW=F_d11;30400;ASH_COATED_OSMIUM;9901;22;9898;16;;;9922;23;9924;26;;;9911.5;0.0
yf_ZW=F_d11;30400;INTARIAN_PEPPER_ROOT;10920;19;10918;21;;;10932;8;10934;21;;;10926.0;0.0
yf_ZW=F_d11;30500;ASH_COATED_OSMIUM;9904;15;9900;26;;;9916;14;9920;22;;;9910.0;0.0
yf_ZW=F_d11;30500;INTARIAN_PEPPER_ROOT;10916;20;10912;14;;;10927;7;10930;22;;;10921.5;0.0
yf_ZW=F_d11;30600;ASH_COATED_OSMIUM;9908;16;9905;32;;;9914;14;9918;15;;;9911.0;0.0
yf_ZW=F_d11;30600;INTARIAN_PEPPER_ROOT;10914;9;10912;12;;;10920;18;10922;22;;;10917.0;0.0
yf_ZW=F_d11;30700;ASH_COATED_OSMIUM;9907;13;9905;13;;;9913;11;9916;11;;;9910.0;0.0
yf_ZW=F_d11;30700;INTARIAN_PEPPER_ROOT;10910;18;10906;19;;;10916;17;10919;30;;;10913.0;0.0
yf_ZW=F_d11;30800;ASH_COATED_OSMIUM;9905;9;9902;19;;;9915;19;9919;19;;;9910.0;0.0
yf_ZW=F_d11;30800;INTARIAN_PEPPER_ROOT;10906;8;10904;33;;;10912;13;10914;24;;;10909.0;0.0
yf_ZW=F_d11;30900;ASH_COATED_OSMIUM;9907;25;9905;12;;;9913;20;9915;20;;;9910.0;0.0
yf_ZW=F_d11;30900;INTARIAN_PEPPER_ROOT;10901;16;10899;23;;;10907;18;10909;25;;;10904.0;0.0
yf_ZW=F_d11;31000;ASH_COATED_OSMIUM;9907;23;9905;26;;;9913;7;9917;17;;;9910.0;0.0
yf_ZW=F_d11;31000;INTARIAN_PEPPER_ROOT;10897;17;10895;29;;;10903;5;10907;21;;;10900.0;0.0
yf_ZW=F_d11;31100;ASH_COATED_OSMIUM;9907;10;9905;22;;;9913;12;9915;22;;;9910.0;0.0
yf_ZW=F_d11;31100;INTARIAN_PEPPER_ROOT;10890;19;10886;23;;;10899;17;10901;12;;;10894.5;0.0
yf_ZW=F_d11;31200;ASH_COATED_OSMIUM;9907;21;9905;23;;;9913;13;9916;21;;;9910.0;0.0
yf_ZW=F_d11;31200;INTARIAN_PEPPER_ROOT;10887;16;10883;12;;;10894;16;10898;26;;;10890.5;0.0
yf_ZW=F_d11;31300;ASH_COATED_OSMIUM;9907;16;9905;15;;;9913;18;9916;11;;;9910.0;0.0
yf_ZW=F_d11;31300;INTARIAN_PEPPER_ROOT;10882;23;10880;19;;;10890;20;10893;24;;;10886.0;0.0
yf_ZW=F_d11;31400;ASH_COATED_OSMIUM;9907;10;9903;14;;;9913;11;9916;23;;;9910.0;0.0
yf_ZW=F_d11;31400;INTARIAN_PEPPER_ROOT;10878;15;10876;20;;;10884;14;10888;15;;;10881.0;0.0
yf_ZW=F_d11;31500;ASH_COATED_OSMIUM;9903;9;9900;14;;;9916;15;9919;27;;;9909.5;0.0
yf_ZW=F_d11;31500;INTARIAN_PEPPER_ROOT;10873;16;10870;9;;;10881;11;10885;21;;;10877.0;0.0
yf_ZW=F_d11;31600;ASH_COATED_OSMIUM;9907;12;9904;22;;;9913;15;9915;8;;;9910.0;0.0
yf_ZW=F_d11;31600;INTARIAN_PEPPER_ROOT;10863;17;10860;19;;;10881;5;10884;24;;;10872.0;0.0
yf_ZW=F_d11;31700;ASH_COATED_OSMIUM;9906;5;9904;27;;;9912;9;9915;18;;;9909.0;0.0
yf_ZW=F_d11;31700;INTARIAN_PEPPER_ROOT;10864;15;10860;12;;;10870;11;10873;27;;;10867.0;0.0
yf_ZW=F_d11;31800;ASH_COATED_OSMIUM;9905;14;9903;24;;;9915;8;9917;18;;;9910.0;0.0
yf_ZW=F_d11;31800;INTARIAN_PEPPER_ROOT;10860;12;10857;18;;;10866;10;10870;22;;;10863.0;0.0
yf_ZW=F_d11;31900;ASH_COATED_OSMIUM;9906;18;9903;12;;;9912;5;9916;24;;;9909.0;0.0
yf_ZW=F_d11;31900;INTARIAN_PEPPER_ROOT;10855;9;10852;23;;;10861;9;10864;18;;;10858.0;0.0
yf_ZW=F_d11;32000;ASH_COATED_OSMIUM;9906;11;9903;26;;;9912;15;9915;12;;;9909.0;0.0
yf_ZW=F_d11;32000;INTARIAN_PEPPER_ROOT;10849;11;10846;24;;;10857;16;10861;16;;;10853.0;0.0
yf_ZW=F_d11;32100;ASH_COATED_OSMIUM;9906;14;9902;27;;;9912;17;9915;19;;;9909.0;0.0
yf_ZW=F_d11;32100;INTARIAN_PEPPER_ROOT;10844;13;10841;16;;;10855;22;10858;20;;;10849.5;0.0
yf_ZW=F_d11;32200;ASH_COATED_OSMIUM;9906;25;9902;28;;;9912;16;9914;19;;;9909.0;0.0
yf_ZW=F_d11;32200;INTARIAN_PEPPER_ROOT;10836;12;10832;17;;;10854;10;10858;20;;;10845.0;0.0
yf_ZW=F_d11;32300;ASH_COATED_OSMIUM;9905;11;9902;15;;;9911;17;9914;20;;;9908.0;0.0
yf_ZW=F_d11;32300;INTARIAN_PEPPER_ROOT;10837;13;10835;22;;;10843;13;10846;23;;;10840.0;0.0
yf_ZW=F_d11;32400;ASH_COATED_OSMIUM;9902;11;9899;17;;;9916;20;9919;27;;;9909.0;0.0
yf_ZW=F_d11;32400;INTARIAN_PEPPER_ROOT;10828;19;10824;23;;;10843;17;10846;19;;;10835.5;0.0
yf_ZW=F_d11;32500;ASH_COATED_OSMIUM;9906;8;9903;22;;;9912;12;9915;20;;;9909.0;0.0
yf_ZW=F_d11;32500;INTARIAN_PEPPER_ROOT;10828;13;10825;12;;;10834;7;10838;23;;;10831.0;0.0
yf_ZW=F_d11;32600;ASH_COATED_OSMIUM;9905;21;9902;11;;;9911;13;9913;22;;;9908.0;0.0
yf_ZW=F_d11;32600;INTARIAN_PEPPER_ROOT;10823;15;10819;22;;;10829;21;10833;15;;;10826.0;0.0
yf_ZW=F_d11;32700;ASH_COATED_OSMIUM;9906;11;9903;15;;;9912;12;9914;27;;;9909.0;0.0
yf_ZW=F_d11;32700;INTARIAN_PEPPER_ROOT;10819;16;10816;23;;;10825;21;10827;26;;;10822.0;0.0
yf_ZW=F_d11;32800;ASH_COATED_OSMIUM;9902;14;9900;20;;;9914;12;9916;21;;;9908.0;0.0
yf_ZW=F_d11;32800;INTARIAN_PEPPER_ROOT;10814;17;10811;16;;;10820;18;10822;26;;;10817.0;0.0
yf_ZW=F_d11;32900;ASH_COATED_OSMIUM;9905;10;9903;22;;;9911;8;9913;23;;;9908.0;0.0
yf_ZW=F_d11;32900;INTARIAN_PEPPER_ROOT;10805;14;10801;25;;;10820;13;10824;18;;;10812.5;0.0
yf_ZW=F_d11;33000;ASH_COATED_OSMIUM;9904;10;9900;27;;;9913;13;9916;18;;;9908.5;0.0
yf_ZW=F_d11;33000;INTARIAN_PEPPER_ROOT;10802;15;10799;20;;;10816;11;10819;13;;;10809.0;0.0
yf_ZW=F_d11;33100;ASH_COATED_OSMIUM;9901;5;9898;13;;;9915;16;9917;8;;;9908.0;0.0
yf_ZW=F_d11;33100;INTARIAN_PEPPER_ROOT;10796;20;10793;28;;;10812;15;10816;28;;;10804.0;0.0
yf_ZW=F_d11;33200;ASH_COATED_OSMIUM;9900;18;9898;22;;;9917;14;9921;28;;;9908.5;0.0
yf_ZW=F_d11;33200;INTARIAN_PEPPER_ROOT;10796;14;10792;18;;;10802;6;10804;18;;;10799.0;0.0
yf_ZW=F_d11;33300;ASH_COATED_OSMIUM;9905;19;9903;17;;;9911;12;9914;8;;;9908.0;0.0
yf_ZW=F_d11;33300;INTARIAN_PEPPER_ROOT;10792;23;10789;13;;;10798;19;10800;20;;;10795.0;0.0
yf_ZW=F_d11;33400;ASH_COATED_OSMIUM;9900;17;9898;19;;;9913;19;9915;13;;;9906.5;0.0
yf_ZW=F_d11;33400;INTARIAN_PEPPER_ROOT;10787;13;10784;24;;;10793;18;10797;25;;;10790.0;0.0
yf_ZW=F_d11;33500;ASH_COATED_OSMIUM;9904;8;9900;17;;;9911;20;9915;28;;;9907.5;0.0
yf_ZW=F_d11;33500;INTARIAN_PEPPER_ROOT;10782;17;10780;29;;;10788;20;10791;21;;;10785.0;0.0
yf_ZW=F_d11;33600;ASH_COATED_OSMIUM;9904;19;9902;19;;;9911;22;9914;20;;;9907.5;0.0
yf_ZW=F_d11;33600;INTARIAN_PEPPER_ROOT;10778;10;10775;12;;;10784;15;10786;14;;;10781.0;0.0
yf_ZW=F_d11;33700;ASH_COATED_OSMIUM;9899;11;9897;25;;;9915;22;9919;19;;;9907.0;0.0
yf_ZW=F_d11;33700;INTARIAN_PEPPER_ROOT;10774;8;10771;23;;;10780;6;10783;28;;;10777.0;0.0
yf_ZW=F_d11;33800;ASH_COATED_OSMIUM;9897;11;9894;12;;;9918;10;9920;17;;;9907.5;0.0
yf_ZW=F_d11;33800;INTARIAN_PEPPER_ROOT;10766;20;10764;14;;;10779;15;10781;12;;;10772.5;0.0
yf_ZW=F_d11;33900;ASH_COATED_OSMIUM;9901;6;9899;19;;;9914;20;9918;12;;;9907.5;0.0
yf_ZW=F_d11;33900;INTARIAN_PEPPER_ROOT;10765;13;10761;14;;;10771;16;10773;18;;;10768.0;0.0
yf_ZW=F_d11;34000;ASH_COATED_OSMIUM;9904;10;9902;14;;;9910;18;9913;16;;;9907.0;0.0
yf_ZW=F_d11;34000;INTARIAN_PEPPER_ROOT;10763;10;10759;13;;;10776;11;10778;14;;;10769.5;0.0
yf_ZW=F_d11;34100;ASH_COATED_OSMIUM;9904;12;9902;20;;;9910;11;9913;14;;;9907.0;0.0
yf_ZW=F_d11;34100;INTARIAN_PEPPER_ROOT;10763;23;10761;16;;;10777;12;10779;22;;;10770.0;0.0
yf_ZW=F_d11;34200;ASH_COATED_OSMIUM;9904;19;9900;13;;;9910;13;9913;15;;;9907.0;0.0
yf_ZW=F_d11;34200;INTARIAN_PEPPER_ROOT;10768;14;10764;22;;;10774;6;10776;18;;;10771.0;0.0
yf_ZW=F_d11;34300;ASH_COATED_OSMIUM;9904;19;9900;14;;;9910;8;9913;16;;;9907.0;0.0
yf_ZW=F_d11;34300;INTARIAN_PEPPER_ROOT;10759;12;10756;21;;;10785;11;10789;11;;;10772.0;0.0
yf_ZW=F_d11;34400;ASH_COATED_OSMIUM;9904;10;9902;25;;;9910;13;9914;17;;;9907.0;0.0
yf_ZW=F_d11;34400;INTARIAN_PEPPER_ROOT;10770;14;10768;14;;;10776;17;10780;20;;;10773.0;0.0
yf_ZW=F_d11;34500;ASH_COATED_OSMIUM;9904;20;9901;17;;;9910;8;9912;27;;;9907.0;0.0
yf_ZW=F_d11;34500;INTARIAN_PEPPER_ROOT;10771;15;10767;16;;;10777;21;10781;20;;;10774.0;0.0
yf_ZW=F_d11;34600;ASH_COATED_OSMIUM;9904;19;9902;26;;;9910;24;9914;21;;;9907.0;0.0
yf_ZW=F_d11;34600;INTARIAN_PEPPER_ROOT;10772;22;10770;15;;;10778;9;10780;24;;;10775.0;0.0
yf_ZW=F_d11;34700;ASH_COATED_OSMIUM;9896;16;9893;16;;;9918;8;9921;21;;;9907.0;0.0
yf_ZW=F_d11;34700;INTARIAN_PEPPER_ROOT;10773;13;10769;20;;;10779;23;10782;8;;;10776.0;0.0
yf_ZW=F_d11;34800;ASH_COATED_OSMIUM;9905;14;9902;21;;;9911;9;9913;25;;;9908.0;0.0
yf_ZW=F_d11;34800;INTARIAN_PEPPER_ROOT;10769;17;10766;26;;;10785;15;10788;16;;;10777.0;0.0
yf_ZW=F_d11;34900;ASH_COATED_OSMIUM;9892;14;9889;17;;;9923;14;9926;9;;;9907.5;0.0
yf_ZW=F_d11;34900;INTARIAN_PEPPER_ROOT;10775;21;10771;9;;;10781;5;10785;20;;;10778.0;0.0
yf_ZW=F_d11;35000;ASH_COATED_OSMIUM;9896;27;9892;15;;;9920;11;9924;14;;;9908.0;0.0
yf_ZW=F_d11;35000;INTARIAN_PEPPER_ROOT;10773;20;10769;21;;;10784;23;10787;22;;;10778.5;0.0
yf_ZW=F_d11;35100;ASH_COATED_OSMIUM;9904;14;9901;24;;;9910;18;9913;22;;;9907.0;0.0
yf_ZW=F_d11;35100;INTARIAN_PEPPER_ROOT;10777;17;10775;15;;;10783;21;10785;21;;;10780.0;0.0
yf_ZW=F_d11;35200;ASH_COATED_OSMIUM;9904;13;9900;21;;;9910;13;9913;21;;;9907.0;0.0
yf_ZW=F_d11;35200;INTARIAN_PEPPER_ROOT;10775;16;10771;21;;;10788;15;10792;14;;;10781.5;0.0
yf_ZW=F_d11;35300;ASH_COATED_OSMIUM;9905;10;9902;10;;;9911;11;9913;20;;;9908.0;0.0
yf_ZW=F_d11;35300;INTARIAN_PEPPER_ROOT;10776;8;10772;21;;;10789;18;10792;15;;;10782.5;0.0
yf_ZW=F_d11;35400;ASH_COATED_OSMIUM;9903;15;9899;13;;;9912;5;9916;17;;;9907.5;0.0
yf_ZW=F_d11;35400;INTARIAN_PEPPER_ROOT;10774;13;10772;15;;;10792;22;10794;19;;;10783.0;0.0
yf_ZW=F_d11;35500;ASH_COATED_OSMIUM;9904;17;9900;20;;;9910;15;9914;19;;;9907.0;0.0
yf_ZW=F_d11;35500;INTARIAN_PEPPER_ROOT;10779;5;10775;23;;;10789;16;10793;20;;;10784.0;0.0
yf_ZW=F_d11;35600;ASH_COATED_OSMIUM;9904;13;9901;26;;;9910;15;9914;26;;;9907.0;0.0
yf_ZW=F_d11;35600;INTARIAN_PEPPER_ROOT;10782;16;10780;26;;;10788;16;10792;16;;;10785.0;0.0
yf_ZW=F_d11;35700;ASH_COATED_OSMIUM;9904;18;9901;23;;;9910;5;9914;20;;;9907.0;0.0
yf_ZW=F_d11;35700;INTARIAN_PEPPER_ROOT;10780;13;10778;19;;;10792;14;10794;20;;;10786.0;0.0
yf_ZW=F_d11;35800;ASH_COATED_OSMIUM;9904;13;9900;32;;;9910;23;9912;13;;;9907.0;0.0
yf_ZW=F_d11;35800;INTARIAN_PEPPER_ROOT;10784;6;10781;20;;;10790;12;10793;24;;;10787.0;0.0
yf_ZW=F_d11;35900;ASH_COATED_OSMIUM;9898;15;9896;20;;;9916;20;9918;28;;;9907.0;0.0
yf_ZW=F_d11;35900;INTARIAN_PEPPER_ROOT;10785;12;10781;18;;;10791;22;10795;17;;;10788.0;0.0
yf_ZW=F_d11;36000;ASH_COATED_OSMIUM;9904;17;9900;16;;;9910;10;9913;23;;;9907.0;0.0
yf_ZW=F_d11;36000;INTARIAN_PEPPER_ROOT;10786;13;10783;16;;;10792;18;10795;20;;;10789.0;0.0
yf_ZW=F_d11;36100;ASH_COATED_OSMIUM;9904;21;9902;21;;;9910;20;9912;23;;;9907.0;0.0
yf_ZW=F_d11;36100;INTARIAN_PEPPER_ROOT;10779;14;10777;13;;;10802;13;10804;28;;;10790.5;0.0
yf_ZW=F_d11;36200;ASH_COATED_OSMIUM;9902;9;9898;15;;;9912;20;9914;10;;;9907.0;0.0
yf_ZW=F_d11;36200;INTARIAN_PEPPER_ROOT;10788;16;10784;10;;;10794;17;10798;12;;;10791.0;0.0
yf_ZW=F_d11;36300;ASH_COATED_OSMIUM;9901;23;9898;18;;;9913;20;9917;14;;;9907.0;0.0
yf_ZW=F_d11;36300;INTARIAN_PEPPER_ROOT;10789;5;10785;20;;;10795;12;10799;27;;;10792.0;0.0
yf_ZW=F_d11;36400;ASH_COATED_OSMIUM;9904;18;9900;20;;;9910;24;9912;23;;;9907.0;0.0
yf_ZW=F_d11;36400;INTARIAN_PEPPER_ROOT;10790;14;10787;14;;;10796;8;10800;17;;;10793.0;0.0
yf_ZW=F_d11;36500;ASH_COATED_OSMIUM;9904;19;9901;20;;;9910;19;9912;23;;;9907.0;0.0
yf_ZW=F_d11;36500;INTARIAN_PEPPER_ROOT;10792;20;10788;15;;;10798;16;10802;26;;;10795.0;0.0
yf_ZW=F_d11;36600;ASH_COATED_OSMIUM;9899;15;9895;19;;;9915;13;9919;22;;;9907.0;0.0
yf_ZW=F_d11;36600;INTARIAN_PEPPER_ROOT;10793;22;10790;18;;;10799;10;10803;19;;;10796.0;0.0
yf_ZW=F_d11;36700;ASH_COATED_OSMIUM;9904;17;9902;18;;;9910;15;9912;23;;;9907.0;0.0
yf_ZW=F_d11;36700;INTARIAN_PEPPER_ROOT;10794;14;10791;24;;;10800;17;10804;17;;;10797.0;0.0
yf_ZW=F_d11;36800;ASH_COATED_OSMIUM;9903;12;9901;23;;;9910;15;9914;20;;;9906.5;0.0
yf_ZW=F_d11;36800;INTARIAN_PEPPER_ROOT;10794;16;10792;23;;;10800;13;10802;8;;;10797.0;0.0
yf_ZW=F_d11;36900;ASH_COATED_OSMIUM;9904;15;9900;27;;;9910;18;9913;23;;;9907.0;0.0
yf_ZW=F_d11;36900;INTARIAN_PEPPER_ROOT;10793;8;10791;23;;;10803;16;10806;31;;;10798.0;0.0
yf_ZW=F_d11;37000;ASH_COATED_OSMIUM;9899;21;9896;16;;;9914;9;9917;19;;;9906.5;0.0
yf_ZW=F_d11;37000;INTARIAN_PEPPER_ROOT;10795;26;10791;12;;;10803;16;10805;12;;;10799.0;0.0
yf_ZW=F_d11;37100;ASH_COATED_OSMIUM;9903;13;9901;26;;;9909;25;9912;23;;;9906.0;0.0
yf_ZW=F_d11;37100;INTARIAN_PEPPER_ROOT;10797;10;10793;25;;;10804;16;10808;19;;;10800.5;0.0
yf_ZW=F_d11;37200;ASH_COATED_OSMIUM;9897;16;9895;22;;;9918;18;9921;20;;;9907.5;0.0
yf_ZW=F_d11;37200;INTARIAN_PEPPER_ROOT;10799;10;10796;17;;;10805;16;10808;20;;;10802.0;0.0
yf_ZW=F_d11;37300;ASH_COATED_OSMIUM;9898;12;9896;16;;;9916;22;9919;21;;;9907.0;0.0
yf_ZW=F_d11;37300;INTARIAN_PEPPER_ROOT;10799;7;10795;15;;;10808;15;10811;25;;;10803.5;0.0
yf_ZW=F_d11;37400;ASH_COATED_OSMIUM;9904;12;9900;19;;;9910;5;9913;25;;;9907.0;0.0
yf_ZW=F_d11;37400;INTARIAN_PEPPER_ROOT;10794;14;10791;28;;;10814;9;10817;17;;;10804.0;0.0
yf_ZW=F_d11;37500;ASH_COATED_OSMIUM;9904;15;9900;26;;;9910;13;9912;24;;;9907.0;0.0
yf_ZW=F_d11;37500;INTARIAN_PEPPER_ROOT;10802;24;10799;29;;;10808;14;10810;25;;;10805.0;0.0
yf_ZW=F_d11;37600;ASH_COATED_OSMIUM;9892;9;9888;14;;;9922;22;9925;25;;;9907.0;0.0
yf_ZW=F_d11;37600;INTARIAN_PEPPER_ROOT;10797;11;10794;15;;;10815;18;10818;10;;;10806.0;0.0
yf_ZW=F_d11;37700;ASH_COATED_OSMIUM;9904;12;9900;15;;;9910;11;9914;11;;;9907.0;0.0
yf_ZW=F_d11;37700;INTARIAN_PEPPER_ROOT;10803;17;10799;12;;;10809;19;10812;18;;;10806.0;0.0
yf_ZW=F_d11;37800;ASH_COATED_OSMIUM;9900;21;9896;22;;;9912;15;9914;18;;;9906.0;0.0
yf_ZW=F_d11;37800;INTARIAN_PEPPER_ROOT;10802;11;10800;18;;;10813;8;10815;24;;;10807.5;0.0
yf_ZW=F_d11;37900;ASH_COATED_OSMIUM;9904;15;9900;16;;;9910;15;9914;25;;;9907.0;0.0
yf_ZW=F_d11;37900;INTARIAN_PEPPER_ROOT;10806;15;10802;17;;;10812;18;10815;20;;;10809.0;0.0
yf_ZW=F_d11;38000;ASH_COATED_OSMIUM;9904;10;9901;22;;;9910;13;9914;24;;;9907.0;0.0
yf_ZW=F_d11;38000;INTARIAN_PEPPER_ROOT;10805;17;10802;24;;;10814;14;10816;15;;;10809.5;0.0
yf_ZW=F_d11;38100;ASH_COATED_OSMIUM;9894;15;9892;9;;;9920;21;9923;22;;;9907.0;0.0
yf_ZW=F_d11;38100;INTARIAN_PEPPER_ROOT;10805;14;10801;12;;;10816;20;10819;23;;;10810.5;0.0
yf_ZW=F_d11;38200;ASH_COATED_OSMIUM;9899;11;9897;8;;;9914;14;9916;12;;;9906.5;0.0
yf_ZW=F_d11;38200;INTARIAN_PEPPER_ROOT;10809;21;10806;8;;;10815;8;10817;19;;;10812.0;0.0
yf_ZW=F_d11;38300;ASH_COATED_OSMIUM;9904;17;9901;21;;;9910;11;9913;26;;;9907.0;0.0
yf_ZW=F_d11;38300;INTARIAN_PEPPER_ROOT;10810;16;10807;18;;;10816;13;10818;14;;;10813.0;0.0
yf_ZW=F_d11;38400;ASH_COATED_OSMIUM;9900;5;9898;19;;;9913;17;9916;19;;;9906.5;0.0
yf_ZW=F_d11;38400;INTARIAN_PEPPER_ROOT;10797;9;10795;27;;;10832;20;10835;24;;;10814.5;0.0
yf_ZW=F_d11;38500;ASH_COATED_OSMIUM;9904;12;9902;24;;;9910;10;9912;12;;;9907.0;0.0
yf_ZW=F_d11;38500;INTARIAN_PEPPER_ROOT;10812;17;10808;24;;;10818;13;10822;20;;;10815.0;0.0
yf_ZW=F_d11;38600;ASH_COATED_OSMIUM;9904;17;9900;15;;;9910;22;9912;22;;;9907.0;0.0
yf_ZW=F_d11;38600;INTARIAN_PEPPER_ROOT;10811;12;10807;15;;;10820;22;10823;16;;;10815.5;0.0
yf_ZW=F_d11;38700;ASH_COATED_OSMIUM;9904;21;9901;27;;;9910;16;9912;15;;;9907.0;0.0
yf_ZW=F_d11;38700;INTARIAN_PEPPER_ROOT;10809;21;10807;25;;;10825;19;10828;12;;;10817.0;0.0
yf_ZW=F_d11;38800;ASH_COATED_OSMIUM;9904;14;9900;16;;;9910;5;9913;25;;;9907.0;0.0
yf_ZW=F_d11;38800;INTARIAN_PEPPER_ROOT;10815;17;10812;14;;;10821;25;10825;23;;;10818.0;0.0
yf_ZW=F_d11;38900;ASH_COATED_OSMIUM;9904;18;9901;26;;;9910;20;9913;22;;;9907.0;0.0
yf_ZW=F_d11;38900;INTARIAN_PEPPER_ROOT;10816;17;10814;13;;;10822;21;10826;24;;;10819.0;0.0
yf_ZW=F_d11;39000;ASH_COATED_OSMIUM;9900;11;9897;27;;;9914;15;9918;19;;;9907.0;0.0
yf_ZW=F_d11;39000;INTARIAN_PEPPER_ROOT;10817;12;10815;20;;;10823;12;10827;21;;;10820.0;0.0
yf_ZW=F_d11;39100;ASH_COATED_OSMIUM;9904;13;9902;18;;;9910;7;9913;15;;;9907.0;0.0
yf_ZW=F_d11;39100;INTARIAN_PEPPER_ROOT;10817;17;10815;24;;;10824;16;10828;18;;;10820.5;0.0
yf_ZW=F_d11;39200;ASH_COATED_OSMIUM;9904;8;9901;27;;;9910;13;9912;20;;;9907.0;0.0
yf_ZW=F_d11;39200;INTARIAN_PEPPER_ROOT;10819;20;10815;27;;;10825;17;10827;24;;;10822.0;0.0
yf_ZW=F_d11;39300;ASH_COATED_OSMIUM;9904;18;9900;22;;;9910;12;9914;14;;;9907.0;0.0
yf_ZW=F_d11;39300;INTARIAN_PEPPER_ROOT;10821;9;10818;21;;;10827;17;10829;15;;;10824.0;0.0
yf_ZW=F_d11;39400;ASH_COATED_OSMIUM;9904;12;9901;14;;;9910;15;9913;22;;;9907.0;0.0
yf_ZW=F_d11;39400;INTARIAN_PEPPER_ROOT;10821;12;10818;13;;;10827;11;10829;20;;;10824.0;0.0
yf_ZW=F_d11;39500;ASH_COATED_OSMIUM;9904;17;9902;20;;;9910;17;9912;17;;;9907.0;0.0
yf_ZW=F_d11;39500;INTARIAN_PEPPER_ROOT;10822;9;10820;19;;;10828;17;10832;27;;;10825.0;0.0
yf_ZW=F_d11;39600;ASH_COATED_OSMIUM;9898;15;9896;14;;;9915;9;9919;21;;;9906.5;0.0
yf_ZW=F_d11;39600;INTARIAN_PEPPER_ROOT;10823;17;10821;21;;;10829;15;10832;24;;;10826.0;0.0
yf_ZW=F_d11;39700;ASH_COATED_OSMIUM;9904;13;9900;27;;;9910;13;9912;25;;;9907.0;0.0
yf_ZW=F_d11;39700;INTARIAN_PEPPER_ROOT;10825;12;10822;21;;;10831;10;10834;22;;;10828.0;0.0
yf_ZW=F_d11;39800;ASH_COATED_OSMIUM;9898;19;9896;23;;;9915;19;9919;17;;;9906.5;0.0
yf_ZW=F_d11;39800;INTARIAN_PEPPER_ROOT;10825;8;10821;18;;;10831;15;10833;22;;;10828.0;0.0
yf_ZW=F_d11;39900;ASH_COATED_OSMIUM;9900;13;9896;19;;;9915;18;9917;32;;;9907.5;0.0
yf_ZW=F_d11;39900;INTARIAN_PEPPER_ROOT;10826;10;10822;19;;;10832;17;10836;18;;;10829.0;0.0
yf_ZW=F_d11;40000;ASH_COATED_OSMIUM;9903;9;9899;20;;;9909;11;9912;21;;;9906.0;0.0
yf_ZW=F_d11;40000;INTARIAN_PEPPER_ROOT;10827;17;10825;12;;;10833;11;10836;21;;;10830.0;0.0
yf_ZW=F_d11;40100;ASH_COATED_OSMIUM;9904;17;9902;31;;;9910;16;9914;22;;;9907.0;0.0
yf_ZW=F_d11;40100;INTARIAN_PEPPER_ROOT;10823;6;10819;24;;;10840;18;10844;11;;;10831.5;0.0
yf_ZW=F_d11;40200;ASH_COATED_OSMIUM;9895;14;9893;16;;;9920;15;9924;20;;;9907.5;0.0
yf_ZW=F_d11;40200;INTARIAN_PEPPER_ROOT;10829;14;10827;29;;;10835;23;10839;21;;;10832.0;0.0
yf_ZW=F_d11;40300;ASH_COATED_OSMIUM;9904;16;9901;19;;;9910;9;9912;23;;;9907.0;0.0
yf_ZW=F_d11;40300;INTARIAN_PEPPER_ROOT;10830;16;10828;16;;;10836;16;10838;17;;;10833.0;0.0
yf_ZW=F_d11;40400;ASH_COATED_OSMIUM;9902;5;9898;14;;;9910;20;9914;21;;;9906.0;0.0
yf_ZW=F_d11;40400;INTARIAN_PEPPER_ROOT;10831;17;10827;16;;;10837;12;10839;20;;;10834.0;0.0
yf_ZW=F_d11;40500;ASH_COATED_OSMIUM;9902;18;9900;25;;;9912;17;9914;19;;;9907.0;0.0
yf_ZW=F_d11;40500;INTARIAN_PEPPER_ROOT;10825;9;10822;26;;;10845;19;10849;26;;;10835.0;0.0
yf_ZW=F_d11;40600;ASH_COATED_OSMIUM;9900;6;9898;14;;;9915;8;9918;19;;;9907.5;0.0
yf_ZW=F_d11;40600;INTARIAN_PEPPER_ROOT;10832;11;10828;23;;;10841;14;10843;23;;;10836.5;0.0
yf_ZW=F_d11;40700;ASH_COATED_OSMIUM;9904;18;9900;19;;;9910;12;9913;21;;;9907.0;0.0
yf_ZW=F_d11;40700;INTARIAN_PEPPER_ROOT;10835;22;10833;14;;;10841;15;10845;17;;;10838.0;0.0
yf_ZW=F_d11;40800;ASH_COATED_OSMIUM;9903;10;9899;27;;;9911;10;9913;23;;;9907.0;0.0
yf_ZW=F_d11;40800;INTARIAN_PEPPER_ROOT;10835;18;10832;22;;;10841;10;10844;17;;;10838.0;0.0
yf_ZW=F_d11;40900;ASH_COATED_OSMIUM;9904;16;9902;19;;;9910;16;9912;23;;;9907.0;0.0
yf_ZW=F_d11;40900;INTARIAN_PEPPER_ROOT;10828;24;10825;19;;;10851;15;10853;19;;;10839.5;0.0
yf_ZW=F_d11;41000;ASH_COATED_OSMIUM;9901;15;9897;14;;;9913;16;9916;18;;;9907.0;0.0
yf_ZW=F_d11;41000;INTARIAN_PEPPER_ROOT;10837;10;10835;18;;;10843;20;10847;20;;;10840.0;0.0
yf_ZW=F_d11;41100;ASH_COATED_OSMIUM;9904;17;9900;28;;;9910;17;9912;24;;;9907.0;0.0
yf_ZW=F_d11;41100;INTARIAN_PEPPER_ROOT;10838;12;10836;20;;;10844;26;10846;16;;;10841.0;0.0
yf_ZW=F_d11;41200;ASH_COATED_OSMIUM;9904;17;9900;20;;;9910;12;9913;18;;;9907.0;0.0
yf_ZW=F_d11;41200;INTARIAN_PEPPER_ROOT;10839;24;10837;20;;;10845;20;10848;13;;;10842.0;0.0
yf_ZW=F_d11;41300;ASH_COATED_OSMIUM;9900;17;9897;21;;;9913;18;9916;11;;;9906.5;0.0
yf_ZW=F_d11;41300;INTARIAN_PEPPER_ROOT;10841;16;10839;19;;;10847;18;10849;19;;;10844.0;0.0
yf_ZW=F_d11;41400;ASH_COATED_OSMIUM;9904;11;9900;16;;;9910;22;9912;24;;;9907.0;0.0
yf_ZW=F_d11;41400;INTARIAN_PEPPER_ROOT;10842;16;10838;19;;;10848;21;10852;10;;;10845.0;0.0
yf_ZW=F_d11;41500;ASH_COATED_OSMIUM;9904;12;9902;22;;;9910;10;9913;17;;;9907.0;0.0
yf_ZW=F_d11;41500;INTARIAN_PEPPER_ROOT;10841;15;10839;13;;;10850;11;10852;10;;;10845.5;0.0
yf_ZW=F_d11;41600;ASH_COATED_OSMIUM;9904;10;9900;13;;;9910;18;9912;17;;;9907.0;0.0
yf_ZW=F_d11;41600;INTARIAN_PEPPER_ROOT;10843;16;10840;26;;;10849;12;10853;17;;;10846.0;0.0
yf_ZW=F_d11;41700;ASH_COATED_OSMIUM;9903;24;9899;9;;;9911;17;9915;17;;;9907.0;0.0
yf_ZW=F_d11;41700;INTARIAN_PEPPER_ROOT;10845;17;10842;15;;;10851;15;10855;20;;;10848.0;0.0
yf_ZW=F_d11;41800;ASH_COATED_OSMIUM;9904;16;9900;22;;;9910;12;9913;15;;;9907.0;0.0
yf_ZW=F_d11;41800;INTARIAN_PEPPER_ROOT;10846;6;10844;24;;;10852;17;10854;11;;;10849.0;0.0
yf_ZW=F_d11;41900;ASH_COATED_OSMIUM;9904;11;9901;21;;;9910;12;9914;21;;;9907.0;0.0
yf_ZW=F_d11;41900;INTARIAN_PEPPER_ROOT;10846;20;10843;23;;;10854;20;10857;16;;;10850.0;0.0
yf_ZW=F_d11;42000;ASH_COATED_OSMIUM;9904;11;9901;17;;;9910;15;9913;13;;;9907.0;0.0
yf_ZW=F_d11;42000;INTARIAN_PEPPER_ROOT;10844;17;10842;16;;;10857;12;10861;15;;;10850.5;0.0
yf_ZW=F_d11;42100;ASH_COATED_OSMIUM;9904;9;9900;14;;;9911;12;9913;24;;;9907.5;0.0
yf_ZW=F_d11;42100;INTARIAN_PEPPER_ROOT;10849;15;10845;23;;;10855;20;10857;19;;;10852.0;0.0
yf_ZW=F_d11;42200;ASH_COATED_OSMIUM;9904;9;9900;21;;;9910;11;9913;28;;;9907.0;0.0
yf_ZW=F_d11;42200;INTARIAN_PEPPER_ROOT;10849;17;10847;20;;;10856;13;10858;24;;;10852.5;0.0
yf_ZW=F_d11;42300;ASH_COATED_OSMIUM;9902;15;9898;15;;;9912;12;9916;17;;;9907.0;0.0
yf_ZW=F_d11;42300;INTARIAN_PEPPER_ROOT;10850;8;10846;15;;;10856;11;10859;25;;;10853.0;0.0
yf_ZW=F_d11;42400;ASH_COATED_OSMIUM;9895;10;9891;23;;;9918;16;9921;20;;;9906.5;0.0
yf_ZW=F_d11;42400;INTARIAN_PEPPER_ROOT;10852;17;10848;25;;;10858;14;10861;24;;;10855.0;0.0
yf_ZW=F_d11;42500;ASH_COATED_OSMIUM;9901;23;9898;24;;;9913;19;9916;22;;;9907.0;0.0
yf_ZW=F_d11;42500;INTARIAN_PEPPER_ROOT;10853;8;10851;18;;;10859;12;10863;20;;;10856.0;0.0
yf_ZW=F_d11;42600;ASH_COATED_OSMIUM;9903;11;9899;18;;;9910;16;9914;18;;;9906.5;0.0
yf_ZW=F_d11;42600;INTARIAN_PEPPER_ROOT;10852;22;10850;18;;;10861;15;10865;19;;;10856.5;0.0
yf_ZW=F_d11;42700;ASH_COATED_OSMIUM;9904;14;9901;14;;;9910;21;9912;14;;;9907.0;0.0
yf_ZW=F_d11;42700;INTARIAN_PEPPER_ROOT;10855;13;10851;24;;;10861;23;10865;13;;;10858.0;0.0
yf_ZW=F_d11;42800;ASH_COATED_OSMIUM;9902;9;9900;29;;;9911;9;9913;21;;;9906.5;0.0
yf_ZW=F_d11;42800;INTARIAN_PEPPER_ROOT;10854;15;10851;21;;;10864;5;10866;22;;;10859.0;0.0
yf_ZW=F_d11;42900;ASH_COATED_OSMIUM;9903;18;9899;25;;;9911;10;9913;21;;;9907.0;0.0
yf_ZW=F_d11;42900;INTARIAN_PEPPER_ROOT;10857;15;10854;15;;;10863;13;10866;19;;;10860.0;0.0
yf_ZW=F_d11;43000;ASH_COATED_OSMIUM;9902;18;9900;11;;;9912;12;9915;16;;;9907.0;0.0
yf_ZW=F_d11;43000;INTARIAN_PEPPER_ROOT;10858;16;10855;21;;;10864;18;10868;19;;;10861.0;0.0
yf_ZW=F_d11;43100;ASH_COATED_OSMIUM;9898;17;9894;16;;;9915;5;9918;19;;;9906.5;0.0
yf_ZW=F_d11;43100;INTARIAN_PEPPER_ROOT;10856;20;10853;16;;;10869;14;10873;22;;;10862.5;0.0
yf_ZW=F_d11;43200;ASH_COATED_OSMIUM;9904;14;9902;9;;;9911;18;9913;19;;;9907.5;0.0
yf_ZW=F_d11;43200;INTARIAN_PEPPER_ROOT;10860;11;10856;20;;;10866;8;10869;19;;;10863.0;0.0
yf_ZW=F_d11;43300;ASH_COATED_OSMIUM;9904;14;9900;17;;;9910;8;9912;22;;;9907.0;0.0
yf_ZW=F_d11;43300;INTARIAN_PEPPER_ROOT;10857;19;10853;13;;;10870;17;10873;18;;;10863.5;0.0
yf_ZW=F_d11;43400;ASH_COATED_OSMIUM;9904;5;9902;25;;;9910;7;9913;20;;;9907.0;0.0
yf_ZW=F_d11;43400;INTARIAN_PEPPER_ROOT;10852;19;10849;22;;;10877;10;10879;21;;;10864.5;0.0
yf_ZW=F_d11;43500;ASH_COATED_OSMIUM;9903;12;9901;17;;;9909;14;9913;17;;;9906.0;0.0
yf_ZW=F_d11;43500;INTARIAN_PEPPER_ROOT;10863;8;10859;21;;;10869;11;10871;19;;;10866.0;0.0
yf_ZW=F_d11;43600;ASH_COATED_OSMIUM;9902;10;9899;17;;;9910;15;9913;25;;;9906.0;0.0
yf_ZW=F_d11;43600;INTARIAN_PEPPER_ROOT;10862;13;10860;16;;;10872;19;10874;18;;;10867.0;0.0
yf_ZW=F_d11;43700;ASH_COATED_OSMIUM;9904;12;9900;22;;;9910;5;9913;23;;;9907.0;0.0
yf_ZW=F_d11;43700;INTARIAN_PEPPER_ROOT;10865;8;10863;20;;;10871;20;10874;15;;;10868.0;0.0
yf_ZW=F_d11;43800;ASH_COATED_OSMIUM;9898;19;9895;19;;;9917;14;9920;20;;;9907.5;0.0
yf_ZW=F_d11;43800;INTARIAN_PEPPER_ROOT;10867;21;10864;23;;;10873;25;10875;18;;;10870.0;0.0
yf_ZW=F_d11;43900;ASH_COATED_OSMIUM;9904;16;9900;22;;;9910;14;9914;20;;;9907.0;0.0
yf_ZW=F_d11;43900;INTARIAN_PEPPER_ROOT;10867;13;10863;23;;;10873;13;10875;15;;;10870.0;0.0
yf_ZW=F_d11;44000;ASH_COATED_OSMIUM;9904;7;9902;8;;;9910;16;9914;20;;;9907.0;0.0
yf_ZW=F_d11;44000;INTARIAN_PEPPER_ROOT;10868;9;10865;11;;;10874;10;10878;19;;;10871.0;0.0
yf_ZW=F_d11;44100;ASH_COATED_OSMIUM;9904;9;9901;9;;;9910;12;9913;18;;;9907.0;0.0
yf_ZW=F_d11;44100;INTARIAN_PEPPER_ROOT;10869;10;10867;14;;;10875;16;10879;27;;;10872.0;0.0
yf_ZW=F_d11;44200;ASH_COATED_OSMIUM;9904;11;9901;21;;;9910;9;9912;10;;;9907.0;0.0
yf_ZW=F_d11;44200;INTARIAN_PEPPER_ROOT;10870;14;10866;19;;;10876;19;10878;20;;;10873.0;0.0
yf_ZW=F_d11;44300;ASH_COATED_OSMIUM;9902;10;9898;18;;;9911;28;9913;20;;;9906.5;0.0
yf_ZW=F_d11;44300;INTARIAN_PEPPER_ROOT;10871;28;10869;19;;;10877;15;10881;14;;;10874.0;0.0
yf_ZW=F_d11;44400;ASH_COATED_OSMIUM;9904;18;9901;19;;;9910;16;9913;22;;;9907.0;0.0
yf_ZW=F_d11;44400;INTARIAN_PEPPER_ROOT;10868;13;10864;24;;;10883;22;10885;19;;;10875.5;0.0
yf_ZW=F_d11;44500;ASH_COATED_OSMIUM;9895;7;9891;14;;;9919;17;9923;22;;;9907.0;0.0
yf_ZW=F_d11;44500;INTARIAN_PEPPER_ROOT;10864;12;10860;25;;;10890;24;10893;16;;;10877.0;0.0
yf_ZW=F_d11;44600;ASH_COATED_OSMIUM;9904;21;9900;21;;;9910;16;9913;23;;;9907.0;0.0
yf_ZW=F_d11;44600;INTARIAN_PEPPER_ROOT;10874;21;10870;19;;;10880;18;10884;23;;;10877.0;0.0
yf_ZW=F_d11;44700;ASH_COATED_OSMIUM;9903;21;9900;9;;;9909;21;9913;18;;;9906.0;0.0
yf_ZW=F_d11;44700;INTARIAN_PEPPER_ROOT;10875;17;10871;16;;;10881;21;10883;12;;;10878.0;0.0
yf_ZW=F_d11;44800;ASH_COATED_OSMIUM;9904;10;9901;12;;;9910;7;9913;26;;;9907.0;0.0
yf_ZW=F_d11;44800;INTARIAN_PEPPER_ROOT;10876;9;10872;16;;;10882;6;10884;26;;;10879.0;0.0
yf_ZW=F_d11;44900;ASH_COATED_OSMIUM;9903;23;9901;20;;;9909;16;9912;17;;;9906.0;0.0
yf_ZW=F_d11;44900;INTARIAN_PEPPER_ROOT;10878;17;10876;25;;;10884;14;10886;27;;;10881.0;0.0
yf_ZW=F_d11;45000;ASH_COATED_OSMIUM;9904;18;9901;15;;;9910;14;9914;20;;;9907.0;0.0
yf_ZW=F_d11;45000;INTARIAN_PEPPER_ROOT;10878;15;10874;24;;;10884;15;10888;24;;;10881.0;0.0
yf_ZW=F_d11;45100;ASH_COATED_OSMIUM;9904;15;9900;20;;;9910;16;9914;21;;;9907.0;0.0
yf_ZW=F_d11;45100;INTARIAN_PEPPER_ROOT;10877;13;10875;16;;;10888;16;10890;20;;;10882.5;0.0
yf_ZW=F_d11;45200;ASH_COATED_OSMIUM;9895;10;9892;15;;;9919;15;9921;21;;;9907.0;0.0
yf_ZW=F_d11;45200;INTARIAN_PEPPER_ROOT;10880;9;10877;12;;;10886;17;10889;21;;;10883.0;0.0
yf_ZW=F_d11;45300;ASH_COATED_OSMIUM;9901;11;9899;23;;;9912;22;9916;18;;;9906.5;0.0
yf_ZW=F_d11;45300;INTARIAN_PEPPER_ROOT;10881;19;10878;18;;;10887;15;10890;19;;;10884.0;0.0
yf_ZW=F_d11;45400;ASH_COATED_OSMIUM;9904;15;9901;23;;;9910;5;9913;24;;;9907.0;0.0
yf_ZW=F_d11;45400;INTARIAN_PEPPER_ROOT;10882;14;10880;26;;;10888;11;10891;21;;;10885.0;0.0
yf_ZW=F_d11;45500;ASH_COATED_OSMIUM;9904;20;9902;20;;;9910;14;9914;20;;;9907.0;0.0
yf_ZW=F_d11;45500;INTARIAN_PEPPER_ROOT;10883;12;10881;13;;;10889;17;10893;18;;;10886.0;0.0
yf_ZW=F_d11;45600;ASH_COATED_OSMIUM;9903;9;9901;18;;;9909;15;9912;23;;;9906.0;0.0
yf_ZW=F_d11;45600;INTARIAN_PEPPER_ROOT;10884;7;10880;14;;;10892;15;10894;12;;;10888.0;0.0
yf_ZW=F_d11;45700;ASH_COATED_OSMIUM;9903;21;9900;21;;;9912;17;9915;17;;;9907.5;0.0
yf_ZW=F_d11;45700;INTARIAN_PEPPER_ROOT;10886;13;10883;17;;;10892;25;10895;11;;;10889.0;0.0
yf_ZW=F_d11;45800;ASH_COATED_OSMIUM;9872;20;9868;22;;;9942;14;9944;19;;;9907.0;0.0
yf_ZW=F_d11;45800;INTARIAN_PEPPER_ROOT;10879;7;10875;19;;;10900;12;10904;21;;;10889.5;0.0
yf_ZW=F_d11;45900;ASH_COATED_OSMIUM;9901;26;9898;22;;;9913;16;9915;24;;;9907.0;0.0
yf_ZW=F_d11;45900;INTARIAN_PEPPER_ROOT;10887;24;10885;25;;;10893;14;10896;9;;;10890.0;0.0
yf_ZW=F_d11;46000;ASH_COATED_OSMIUM;9904;13;9900;19;;;9910;11;9914;26;;;9907.0;0.0
yf_ZW=F_d11;46000;INTARIAN_PEPPER_ROOT;10879;13;10877;13;;;10904;11;10908;23;;;10891.5;0.0
yf_ZW=F_d11;46100;ASH_COATED_OSMIUM;9904;14;9900;18;;;9910;18;9912;24;;;9907.0;0.0
yf_ZW=F_d11;46100;INTARIAN_PEPPER_ROOT;10888;18;10884;29;;;10897;9;10901;16;;;10892.5;0.0
yf_ZW=F_d11;46200;ASH_COATED_OSMIUM;9903;12;9899;10;;;9909;18;9912;16;;;9906.0;0.0
yf_ZW=F_d11;46200;INTARIAN_PEPPER_ROOT;10888;20;10884;30;;;10898;18;10900;22;;;10893.0;0.0
yf_ZW=F_d11;46300;ASH_COATED_OSMIUM;9897;12;9895;25;;;9917;10;9919;17;;;9907.0;0.0
yf_ZW=F_d11;46300;INTARIAN_PEPPER_ROOT;10892;11;10889;15;;;10898;11;10901;27;;;10895.0;0.0
yf_ZW=F_d11;46400;ASH_COATED_OSMIUM;9903;10;9901;15;;;9909;8;9912;24;;;9906.0;0.0
yf_ZW=F_d11;46400;INTARIAN_PEPPER_ROOT;10892;9;10888;26;;;10898;18;10901;24;;;10895.0;0.0
yf_ZW=F_d11;46500;ASH_COATED_OSMIUM;9903;21;9901;26;;;9909;18;9912;16;;;9906.0;0.0
yf_ZW=F_d11;46500;INTARIAN_PEPPER_ROOT;10882;9;10880;24;;;10910;14;10913;16;;;10896.0;0.0
yf_ZW=F_d11;46600;ASH_COATED_OSMIUM;9899;22;9896;21;;;9914;19;9916;23;;;9906.5;0.0
yf_ZW=F_d11;46600;INTARIAN_PEPPER_ROOT;10893;9;10889;17;;;10903;10;10905;17;;;10898.0;0.0
yf_ZW=F_d11;46700;ASH_COATED_OSMIUM;9904;12;9902;19;;;9910;11;9912;15;;;9907.0;0.0
yf_ZW=F_d11;46700;INTARIAN_PEPPER_ROOT;10896;17;10893;18;;;10902;20;10904;24;;;10899.0;0.0
yf_ZW=F_d11;46800;ASH_COATED_OSMIUM;9904;11;9900;23;;;9910;7;9914;22;;;9907.0;0.0
yf_ZW=F_d11;46800;INTARIAN_PEPPER_ROOT;10897;19;10893;22;;;10903;22;10907;20;;;10900.0;0.0
yf_ZW=F_d11;46900;ASH_COATED_OSMIUM;9901;13;9898;20;;;9912;10;9915;12;;;9906.5;0.0
yf_ZW=F_d11;46900;INTARIAN_PEPPER_ROOT;10896;15;10894;11;;;10904;21;10907;22;;;10900.0;0.0
yf_ZW=F_d11;47000;ASH_COATED_OSMIUM;9904;9;9902;13;;;9910;8;9912;10;;;9907.0;0.0
yf_ZW=F_d11;47000;INTARIAN_PEPPER_ROOT;10897;9;10895;13;;;10905;6;10908;15;;;10901.0;0.0
yf_ZW=F_d11;47100;ASH_COATED_OSMIUM;9900;20;9897;18;;;9913;11;9915;13;;;9906.5;0.0
yf_ZW=F_d11;47100;INTARIAN_PEPPER_ROOT;10899;21;10896;24;;;10905;5;10907;15;;;10902.0;0.0
yf_ZW=F_d11;47200;ASH_COATED_OSMIUM;9903;12;9900;22;;;9909;16;9911;19;;;9906.0;0.0
yf_ZW=F_d11;47200;INTARIAN_PEPPER_ROOT;10900;11;10896;15;;;10907;18;10911;19;;;10903.5;0.0
yf_ZW=F_d11;47300;ASH_COATED_OSMIUM;9904;20;9900;26;;;9910;18;9912;19;;;9907.0;0.0
yf_ZW=F_d11;47300;INTARIAN_PEPPER_ROOT;10898;22;10895;27;;;10911;12;10913;19;;;10904.5;0.0
yf_ZW=F_d11;47400;ASH_COATED_OSMIUM;9900;18;9898;21;;;9914;14;9918;16;;;9907.0;0.0
yf_ZW=F_d11;47400;INTARIAN_PEPPER_ROOT;10901;7;10899;17;;;10910;15;10914;23;;;10905.5;0.0
yf_ZW=F_d11;47500;ASH_COATED_OSMIUM;9902;13;9900;16;;;9912;8;9915;23;;;9907.0;0.0
yf_ZW=F_d11;47500;INTARIAN_PEPPER_ROOT;10904;11;10900;23;;;10910;20;10912;17;;;10907.0;0.0
yf_ZW=F_d11;47600;ASH_COATED_OSMIUM;9903;6;9901;17;;;9909;19;9911;20;;;9906.0;0.0
yf_ZW=F_d11;47600;INTARIAN_PEPPER_ROOT;10904;15;10902;17;;;10911;19;10914;12;;;10907.5;0.0
yf_ZW=F_d11;47700;ASH_COATED_OSMIUM;9904;19;9900;26;;;9910;14;9914;21;;;9907.0;0.0
yf_ZW=F_d11;47700;INTARIAN_PEPPER_ROOT;10899;11;10897;21;;;10920;13;10922;18;;;10909.5;0.0
yf_ZW=F_d11;47800;ASH_COATED_OSMIUM;9903;12;9899;20;;;9911;14;9914;16;;;9907.0;0.0
yf_ZW=F_d11;47800;INTARIAN_PEPPER_ROOT;10907;10;10903;20;;;10913;15;10917;15;;;10910.0;0.0
yf_ZW=F_d11;47900;ASH_COATED_OSMIUM;9904;26;9902;13;;;9910;12;9914;21;;;9907.0;0.0
yf_ZW=F_d11;47900;INTARIAN_PEPPER_ROOT;10907;15;10905;19;;;10917;12;10921;19;;;10912.0;0.0
yf_ZW=F_d11;48000;ASH_COATED_OSMIUM;9902;9;9900;17;;;9911;15;9914;11;;;9906.5;0.0
yf_ZW=F_d11;48000;INTARIAN_PEPPER_ROOT;10909;10;10907;19;;;10915;12;10919;28;;;10912.0;0.0
yf_ZW=F_d11;48100;ASH_COATED_OSMIUM;9904;10;9902;21;;;9910;20;9913;15;;;9907.0;0.0
yf_ZW=F_d11;48100;INTARIAN_PEPPER_ROOT;10910;9;10908;19;;;10916;6;10918;24;;;10913.0;0.0
yf_ZW=F_d11;48200;ASH_COATED_OSMIUM;9903;17;9900;16;;;9909;22;9913;17;;;9906.0;0.0
yf_ZW=F_d11;48200;INTARIAN_PEPPER_ROOT;10910;22;10907;25;;;10917;8;10921;9;;;10913.5;0.0
yf_ZW=F_d11;48300;ASH_COATED_OSMIUM;9903;9;9899;17;;;9909;13;9913;11;;;9906.0;0.0
yf_ZW=F_d11;48300;INTARIAN_PEPPER_ROOT;10912;16;10909;19;;;10918;20;10921;16;;;10915.0;0.0
yf_ZW=F_d11;48400;ASH_COATED_OSMIUM;9904;17;9900;19;;;9910;6;9912;25;;;9907.0;0.0
yf_ZW=F_d11;48400;INTARIAN_PEPPER_ROOT;10913;11;10909;11;;;10919;20;10923;32;;;10916.0;0.0
yf_ZW=F_d11;48500;ASH_COATED_OSMIUM;9903;14;9901;19;;;9909;6;9912;30;;;9906.0;0.0
yf_ZW=F_d11;48500;INTARIAN_PEPPER_ROOT;10909;7;10906;14;;;10925;16;10928;22;;;10917.0;0.0
yf_ZW=F_d11;48600;ASH_COATED_OSMIUM;9901;14;9899;20;;;9912;18;9916;21;;;9906.5;0.0
yf_ZW=F_d11;48600;INTARIAN_PEPPER_ROOT;10907;17;10904;18;;;10929;12;10932;20;;;10918.0;0.0
yf_ZW=F_d11;48700;ASH_COATED_OSMIUM;9904;16;9902;13;;;9910;18;9913;17;;;9907.0;0.0
yf_ZW=F_d11;48700;INTARIAN_PEPPER_ROOT;10916;5;10913;14;;;10922;13;10926;13;;;10919.0;0.0
yf_ZW=F_d11;48800;ASH_COATED_OSMIUM;9904;21;9902;16;;;9910;5;9914;22;;;9907.0;0.0
yf_ZW=F_d11;48800;INTARIAN_PEPPER_ROOT;10913;25;10910;16;;;10928;16;10932;17;;;10920.5;0.0
yf_ZW=F_d11;48900;ASH_COATED_OSMIUM;9897;11;9895;11;;;9918;18;9922;20;;;9907.5;0.0
yf_ZW=F_d11;48900;INTARIAN_PEPPER_ROOT;10910;22;10906;18;;;10931;15;10935;13;;;10920.5;0.0
yf_ZW=F_d11;49000;ASH_COATED_OSMIUM;9891;5;9887;18;;;9921;17;9923;16;;;9906.0;0.0
yf_ZW=F_d11;49000;INTARIAN_PEPPER_ROOT;10920;17;10916;20;;;10926;14;10929;23;;;10923.0;0.0
yf_ZW=F_d11;49100;ASH_COATED_OSMIUM;9903;16;9900;11;;;9909;16;9913;21;;;9906.0;0.0
yf_ZW=F_d11;49100;INTARIAN_PEPPER_ROOT;10920;14;10918;21;;;10926;13;10929;18;;;10923.0;0.0
yf_ZW=F_d11;49200;ASH_COATED_OSMIUM;9903;13;9901;14;;;9909;17;9913;25;;;9906.0;0.0
yf_ZW=F_d11;49200;INTARIAN_PEPPER_ROOT;10921;21;10918;21;;;10927;9;10930;28;;;10924.0;0.0
yf_ZW=F_d11;49300;ASH_COATED_OSMIUM;9904;17;9901;25;;;9910;10;9912;20;;;9907.0;0.0
yf_ZW=F_d11;49300;INTARIAN_PEPPER_ROOT;10922;21;10918;17;;;10928;16;10932;21;;;10925.0;0.0
yf_ZW=F_d11;49400;ASH_COATED_OSMIUM;9901;25;9897;14;;;9911;8;9915;30;;;9906.0;0.0
yf_ZW=F_d11;49400;INTARIAN_PEPPER_ROOT;10918;5;10916;21;;;10935;15;10937;22;;;10926.5;0.0
yf_ZW=F_d11;49500;ASH_COATED_OSMIUM;9903;17;9901;15;;;9909;10;9913;14;;;9906.0;0.0
yf_ZW=F_d11;49500;INTARIAN_PEPPER_ROOT;10918;19;10915;16;;;10937;10;10940;23;;;10927.5;0.0
yf_ZW=F_d11;49600;ASH_COATED_OSMIUM;9904;22;9902;18;;;9910;16;9912;19;;;9907.0;0.0
yf_ZW=F_d11;49600;INTARIAN_PEPPER_ROOT;10926;12;10923;23;;;10932;20;10935;11;;;10929.0;0.0
yf_ZW=F_d11;49700;ASH_COATED_OSMIUM;9904;15;9901;22;;;9910;16;9912;20;;;9907.0;0.0
yf_ZW=F_d11;49700;INTARIAN_PEPPER_ROOT;10924;18;10921;22;;;10933;6;10936;15;;;10928.5;0.0
yf_ZW=F_d11;49800;ASH_COATED_OSMIUM;9904;23;9901;27;;;9910;16;9913;24;;;9907.0;0.0
yf_ZW=F_d11;49800;INTARIAN_PEPPER_ROOT;10927;11;10925;15;;;10933;12;10935;18;;;10930.0;0.0
yf_ZW=F_d11;49900;ASH_COATED_OSMIUM;9897;18;9895;32;;;9917;17;9920;20;;;9907.0;0.0
yf_ZW=F_d11;49900;INTARIAN_PEPPER_ROOT;10928;5;10925;15;;;10934;9;10937;17;;;10931.0;0.0
yf_ZW=F_d11;50000;ASH_COATED_OSMIUM;9903;19;9900;17;;;9909;16;9913;28;;;9906.0;0.0
yf_ZW=F_d11;50000;INTARIAN_PEPPER_ROOT;10929;15;10927;8;;;10935;7;10937;26;;;10932.0;0.0
yf_ZW=F_d11;50100;ASH_COATED_OSMIUM;9903;18;9901;22;;;9909;20;9911;18;;;9906.0;0.0
yf_ZW=F_d11;50100;INTARIAN_PEPPER_ROOT;10930;14;10926;13;;;10936;16;10939;20;;;10933.0;0.0
yf_ZW=F_d11;50200;ASH_COATED_OSMIUM;9902;22;9900;25;;;9912;17;9914;22;;;9907.0;0.0
yf_ZW=F_d11;50200;INTARIAN_PEPPER_ROOT;10928;16;10926;21;;;10941;14;10944;15;;;10934.5;0.0
yf_ZW=F_d11;50300;ASH_COATED_OSMIUM;9897;12;9893;21;;;9915;9;9917;19;;;9906.0;0.0
yf_ZW=F_d11;50300;INTARIAN_PEPPER_ROOT;10932;14;10928;11;;;10938;15;10941;19;;;10935.0;0.0
yf_ZW=F_d11;50400;ASH_COATED_OSMIUM;9903;20;9899;11;;;9909;19;9912;22;;;9906.0;0.0
yf_ZW=F_d11;50400;INTARIAN_PEPPER_ROOT;10933;24;10930;30;;;10939;9;10943;21;;;10936.0;0.0
yf_ZW=F_d11;50500;ASH_COATED_OSMIUM;9903;12;9901;21;;;9909;15;9912;19;;;9906.0;0.0
yf_ZW=F_d11;50500;INTARIAN_PEPPER_ROOT;10935;17;10932;31;;;10941;16;10943;10;;;10938.0;0.0
yf_ZW=F_d11;50600;ASH_COATED_OSMIUM;9903;9;9901;17;;;9909;16;9912;14;;;9906.0;0.0
yf_ZW=F_d11;50600;INTARIAN_PEPPER_ROOT;10936;27;10934;12;;;10942;18;10944;14;;;10939.0;0.0
yf_ZW=F_d11;50700;ASH_COATED_OSMIUM;9901;14;9897;29;;;9912;20;9916;15;;;9906.5;0.0
yf_ZW=F_d11;50700;INTARIAN_PEPPER_ROOT;10936;19;10934;20;;;10942;6;10944;13;;;10939.0;0.0
yf_ZW=F_d11;50800;ASH_COATED_OSMIUM;9903;20;9899;13;;;9910;12;9912;20;;;9906.5;0.0
yf_ZW=F_d11;50800;INTARIAN_PEPPER_ROOT;10937;12;10935;27;;;10943;13;10945;29;;;10940.0;0.0
yf_ZW=F_d11;50900;ASH_COATED_OSMIUM;9895;18;9893;20;;;9919;17;9922;26;;;9907.0;0.0
yf_ZW=F_d11;50900;INTARIAN_PEPPER_ROOT;10937;16;10934;23;;;10943;25;10945;21;;;10940.0;0.0
yf_ZW=F_d11;51000;ASH_COATED_OSMIUM;9899;18;9895;17;;;9913;11;9915;22;;;9906.0;0.0
yf_ZW=F_d11;51000;INTARIAN_PEPPER_ROOT;10932;15;10929;15;;;10944;14;10948;17;;;10938.0;0.0
yf_ZW=F_d11;51100;ASH_COATED_OSMIUM;9904;14;9900;15;;;9910;5;9914;24;;;9907.0;0.0
yf_ZW=F_d11;51100;INTARIAN_PEPPER_ROOT;10929;13;10927;18;;;10946;16;10948;18;;;10937.5;0.0
yf_ZW=F_d11;51200;ASH_COATED_OSMIUM;9904;9;9902;19;;;9910;14;9913;14;;;9907.0;0.0
yf_ZW=F_d11;51200;INTARIAN_PEPPER_ROOT;10932;18;10929;27;;;10938;10;10942;20;;;10935.0;0.0
yf_ZW=F_d11;51300;ASH_COATED_OSMIUM;9904;10;9901;14;;;9910;11;9913;20;;;9907.0;0.0
yf_ZW=F_d11;51300;INTARIAN_PEPPER_ROOT;10921;16;10919;16;;;10946;23;10950;15;;;10933.5;0.0
yf_ZW=F_d11;51400;ASH_COATED_OSMIUM;9903;17;9899;19;;;9909;15;9912;21;;;9906.0;0.0
yf_ZW=F_d11;51400;INTARIAN_PEPPER_ROOT;10927;13;10925;17;;;10936;15;10939;16;;;10931.5;0.0
yf_ZW=F_d11;51500;ASH_COATED_OSMIUM;9899;29;9897;13;;;9915;11;9919;18;;;9907.0;0.0
yf_ZW=F_d11;51500;INTARIAN_PEPPER_ROOT;10927;15;10925;20;;;10933;13;10935;17;;;10930.0;0.0
yf_ZW=F_d11;51600;ASH_COATED_OSMIUM;9904;11;9901;14;;;9910;18;9914;27;;;9907.0;0.0
yf_ZW=F_d11;51600;INTARIAN_PEPPER_ROOT;10925;15;10922;12;;;10931;15;10933;18;;;10928.0;0.0
yf_ZW=F_d11;51700;ASH_COATED_OSMIUM;9904;16;9902;22;;;9910;24;9913;19;;;9907.0;0.0
yf_ZW=F_d11;51700;INTARIAN_PEPPER_ROOT;10923;15;10920;20;;;10929;18;10932;18;;;10926.0;0.0
yf_ZW=F_d11;51800;ASH_COATED_OSMIUM;9904;16;9901;14;;;9910;15;9912;18;;;9907.0;0.0
yf_ZW=F_d11;51800;INTARIAN_PEPPER_ROOT;10922;5;10919;17;;;10928;21;10930;19;;;10925.0;0.0
yf_ZW=F_d11;51900;ASH_COATED_OSMIUM;9904;18;9902;12;;;9910;16;9912;12;;;9907.0;0.0
yf_ZW=F_d11;51900;INTARIAN_PEPPER_ROOT;10920;11;10918;29;;;10926;11;10928;21;;;10923.0;0.0
yf_ZW=F_d11;52000;ASH_COATED_OSMIUM;9901;16;9899;26;;;9912;5;9914;16;;;9906.5;0.0
yf_ZW=F_d11;52000;INTARIAN_PEPPER_ROOT;10918;8;10915;26;;;10924;19;10926;18;;;10921.0;0.0
yf_ZW=F_d11;52100;ASH_COATED_OSMIUM;9903;15;9900;18;;;9909;17;9912;12;;;9906.0;0.0
yf_ZW=F_d11;52100;INTARIAN_PEPPER_ROOT;10917;18;10913;20;;;10923;12;10927;13;;;10920.0;0.0
yf_ZW=F_d11;52200;ASH_COATED_OSMIUM;9904;13;9901;21;;;9910;19;9914;23;;;9907.0;0.0
yf_ZW=F_d11;52200;INTARIAN_PEPPER_ROOT;10915;18;10913;15;;;10921;20;10925;26;;;10918.0;0.0
yf_ZW=F_d11;52300;ASH_COATED_OSMIUM;9901;20;9899;24;;;9912;13;9916;19;;;9906.5;0.0
yf_ZW=F_d11;52300;INTARIAN_PEPPER_ROOT;10906;18;10902;14;;;10927;21;10930;18;;;10916.5;0.0
yf_ZW=F_d11;52400;ASH_COATED_OSMIUM;9903;13;9899;18;;;9911;22;9915;17;;;9907.0;0.0
yf_ZW=F_d11;52400;INTARIAN_PEPPER_ROOT;10912;14;10909;21;;;10918;8;10922;14;;;10915.0;0.0
yf_ZW=F_d11;52500;ASH_COATED_OSMIUM;9904;12;9900;23;;;9910;15;9913;19;;;9907.0;0.0
yf_ZW=F_d11;52500;INTARIAN_PEPPER_ROOT;10908;16;10904;27;;;10917;5;10920;18;;;10912.5;0.0
yf_ZW=F_d11;52600;ASH_COATED_OSMIUM;9903;17;9899;16;;;9909;21;9913;25;;;9906.0;0.0
yf_ZW=F_d11;52600;INTARIAN_PEPPER_ROOT;10908;21;10906;20;;;10914;18;10918;30;;;10911.0;0.0
yf_ZW=F_d11;52700;ASH_COATED_OSMIUM;9902;12;9898;15;;;9910;8;9912;8;;;9906.0;0.0
yf_ZW=F_d11;52700;INTARIAN_PEPPER_ROOT;10906;17;10902;20;;;10913;17;10915;16;;;10909.5;0.0
yf_ZW=F_d11;52800;ASH_COATED_OSMIUM;9903;12;9900;20;;;9909;12;9913;13;;;9906.0;0.0
yf_ZW=F_d11;52800;INTARIAN_PEPPER_ROOT;10902;16;10899;24;;;10912;11;10915;16;;;10907.0;0.0
yf_ZW=F_d11;52900;ASH_COATED_OSMIUM;9903;8;9901;12;;;9909;5;9913;16;;;9906.0;0.0
yf_ZW=F_d11;52900;INTARIAN_PEPPER_ROOT;10903;6;10901;12;;;10909;17;10912;19;;;10906.0;0.0
yf_ZW=F_d11;53000;ASH_COATED_OSMIUM;9904;14;9901;16;;;9910;21;9913;18;;;9907.0;0.0
yf_ZW=F_d11;53000;INTARIAN_PEPPER_ROOT;10901;7;10897;27;;;10907;14;10911;20;;;10904.0;0.0
yf_ZW=F_d11;53100;ASH_COATED_OSMIUM;9904;5;9901;19;;;9910;15;9912;21;;;9907.0;0.0
yf_ZW=F_d11;53100;INTARIAN_PEPPER_ROOT;10899;13;10897;17;;;10905;11;10907;16;;;10902.0;0.0
yf_ZW=F_d11;53200;ASH_COATED_OSMIUM;9904;19;9900;16;;;9910;10;9914;9;;;9907.0;0.0
yf_ZW=F_d11;53200;INTARIAN_PEPPER_ROOT;10898;10;10896;16;;;10904;20;10906;16;;;10901.0;0.0
yf_ZW=F_d11;53300;ASH_COATED_OSMIUM;9900;19;9898;23;;;9915;18;9919;20;;;9907.5;0.0
yf_ZW=F_d11;53300;INTARIAN_PEPPER_ROOT;10896;17;10893;22;;;10903;17;10906;26;;;10899.5;0.0
yf_ZW=F_d11;53400;ASH_COATED_OSMIUM;9898;14;9896;9;;;9915;18;9918;21;;;9906.5;0.0
yf_ZW=F_d11;53400;INTARIAN_PEPPER_ROOT;10893;13;10889;18;;;10902;24;10904;16;;;10897.5;0.0
yf_ZW=F_d11;53500;ASH_COATED_OSMIUM;9903;24;9901;18;;;9912;22;9916;21;;;9907.5;0.0
yf_ZW=F_d11;53500;INTARIAN_PEPPER_ROOT;10893;8;10889;30;;;10899;20;10901;17;;;10896.0;0.0
yf_ZW=F_d11;53600;ASH_COATED_OSMIUM;9895;12;9892;19;;;9919;13;9923;11;;;9907.0;0.0
yf_ZW=F_d11;53600;INTARIAN_PEPPER_ROOT;10891;16;10888;19;;;10897;12;10899;16;;;10894.0;0.0
yf_ZW=F_d11;53700;ASH_COATED_OSMIUM;9904;19;9900;13;;;9910;14;9912;19;;;9907.0;0.0
yf_ZW=F_d11;53700;INTARIAN_PEPPER_ROOT;10890;5;10886;16;;;10896;11;10900;16;;;10893.0;0.0
yf_ZW=F_d11;53800;ASH_COATED_OSMIUM;9904;5;9900;18;;;9910;21;9912;20;;;9907.0;0.0
yf_ZW=F_d11;53800;INTARIAN_PEPPER_ROOT;10881;14;10877;14;;;10902;22;10905;21;;;10891.5;0.0
yf_ZW=F_d11;53900;ASH_COATED_OSMIUM;9904;17;9900;22;;;9910;17;9913;20;;;9907.0;0.0
yf_ZW=F_d11;53900;INTARIAN_PEPPER_ROOT;10886;19;10883;21;;;10892;11;10894;18;;;10889.0;0.0
yf_ZW=F_d11;54000;ASH_COATED_OSMIUM;9900;11;9897;17;;;9913;18;9916;23;;;9906.5;0.0
yf_ZW=F_d11;54000;INTARIAN_PEPPER_ROOT;10884;14;10881;23;;;10890;13;10893;21;;;10887.0;0.0
yf_ZW=F_d11;54100;ASH_COATED_OSMIUM;9894;11;9892;23;;;9919;14;9921;9;;;9906.5;0.0
yf_ZW=F_d11;54100;INTARIAN_PEPPER_ROOT;10883;16;10880;24;;;10889;12;10893;23;;;10886.0;0.0
yf_ZW=F_d11;54200;ASH_COATED_OSMIUM;9904;11;9900;30;;;9910;11;9913;18;;;9907.0;0.0
yf_ZW=F_d11;54200;INTARIAN_PEPPER_ROOT;10881;12;10878;18;;;10887;16;10890;20;;;10884.0;0.0
yf_ZW=F_d11;54300;ASH_COATED_OSMIUM;9898;13;9895;17;;;9916;19;9920;13;;;9907.0;0.0
yf_ZW=F_d11;54300;INTARIAN_PEPPER_ROOT;10879;10;10877;12;;;10885;13;10889;24;;;10882.0;0.0
yf_ZW=F_d11;54400;ASH_COATED_OSMIUM;9900;13;9897;18;;;9914;15;9918;27;;;9907.0;0.0
yf_ZW=F_d11;54400;INTARIAN_PEPPER_ROOT;10878;17;10875;27;;;10884;6;10888;19;;;10881.0;0.0
yf_ZW=F_d11;54500;ASH_COATED_OSMIUM;9894;12;9892;14;;;9920;14;9922;24;;;9907.0;0.0
yf_ZW=F_d11;54500;INTARIAN_PEPPER_ROOT;10875;8;10872;22;;;10883;28;10887;23;;;10879.0;0.0
yf_ZW=F_d11;54600;ASH_COATED_OSMIUM;9904;11;9902;17;;;9910;20;9914;13;;;9907.0;0.0
yf_ZW=F_d11;54600;INTARIAN_PEPPER_ROOT;10874;22;10870;23;;;10880;15;10883;15;;;10877.0;0.0
yf_ZW=F_d11;54700;ASH_COATED_OSMIUM;9904;12;9901;22;;;9910;8;9914;21;;;9907.0;0.0
yf_ZW=F_d11;54700;INTARIAN_PEPPER_ROOT;10867;15;10864;16;;;10882;18;10884;26;;;10874.5;0.0
yf_ZW=F_d11;54800;ASH_COATED_OSMIUM;9904;15;9900;19;;;9910;10;9914;19;;;9907.0;0.0
yf_ZW=F_d11;54800;INTARIAN_PEPPER_ROOT;10871;10;10868;27;;;10877;11;10879;16;;;10874.0;0.0
yf_ZW=F_d11;54900;ASH_COATED_OSMIUM;9904;17;9902;13;;;9910;7;9912;15;;;9907.0;0.0
yf_ZW=F_d11;54900;INTARIAN_PEPPER_ROOT;10869;19;10867;20;;;10875;18;10877;20;;;10872.0;0.0
yf_ZW=F_d11;55000;ASH_COATED_OSMIUM;9902;14;9900;18;;;9911;9;9914;23;;;9906.5;0.0
yf_ZW=F_d11;55000;INTARIAN_PEPPER_ROOT;10868;17;10866;28;;;10874;7;10878;21;;;10871.0;0.0
yf_ZW=F_d11;55100;ASH_COATED_OSMIUM;9904;19;9901;21;;;9910;19;9913;19;;;9907.0;0.0
yf_ZW=F_d11;55100;INTARIAN_PEPPER_ROOT;10861;16;10858;17;;;10877;14;10880;24;;;10869.0;0.0
yf_ZW=F_d11;55200;ASH_COATED_OSMIUM;9904;20;9900;15;;;9910;15;9912;20;;;9907.0;0.0
yf_ZW=F_d11;55200;INTARIAN_PEPPER_ROOT;10863;5;10860;12;;;10871;19;10874;16;;;10867.0;0.0
yf_ZW=F_d11;55300;ASH_COATED_OSMIUM;9904;16;9900;27;;;9910;12;9912;18;;;9907.0;0.0
yf_ZW=F_d11;55300;INTARIAN_PEPPER_ROOT;10860;13;10858;19;;;10871;10;10873;14;;;10865.5;0.0
yf_ZW=F_d11;55400;ASH_COATED_OSMIUM;9901;10;9899;17;;;9912;14;9916;11;;;9906.5;0.0
yf_ZW=F_d11;55400;INTARIAN_PEPPER_ROOT;10856;17;10854;20;;;10871;19;10874;17;;;10863.5;0.0
yf_ZW=F_d11;55500;ASH_COATED_OSMIUM;9902;13;9898;19;;;9913;12;9915;22;;;9907.5;0.0
yf_ZW=F_d11;55500;INTARIAN_PEPPER_ROOT;10859;12;10857;22;;;10865;5;10869;25;;;10862.0;0.0
yf_ZW=F_d11;55600;ASH_COATED_OSMIUM;9904;23;9901;18;;;9910;14;9913;8;;;9907.0;0.0
yf_ZW=F_d11;55600;INTARIAN_PEPPER_ROOT;10857;8;10855;23;;;10863;10;10866;26;;;10860.0;0.0
yf_ZW=F_d11;55700;ASH_COATED_OSMIUM;9898;15;9894;15;;;9916;8;9918;20;;;9907.0;0.0
yf_ZW=F_d11;55700;INTARIAN_PEPPER_ROOT;10849;15;10845;17;;;10868;9;10872;27;;;10858.5;0.0
yf_ZW=F_d11;55800;ASH_COATED_OSMIUM;9904;19;9900;12;;;9910;17;9912;17;;;9907.0;0.0
yf_ZW=F_d11;55800;INTARIAN_PEPPER_ROOT;10850;19;10848;15;;;10863;7;10867;22;;;10856.5;0.0
yf_ZW=F_d11;55900;ASH_COATED_OSMIUM;9904;10;9901;28;;;9910;15;9913;12;;;9907.0;0.0
yf_ZW=F_d11;55900;INTARIAN_PEPPER_ROOT;10852;12;10848;17;;;10858;12;10862;13;;;10855.0;0.0
yf_ZW=F_d11;56000;ASH_COATED_OSMIUM;9905;17;9902;22;;;9911;9;9915;20;;;9908.0;0.0
yf_ZW=F_d11;56000;INTARIAN_PEPPER_ROOT;10850;23;10846;11;;;10856;17;10858;26;;;10853.0;0.0
yf_ZW=F_d11;56100;ASH_COATED_OSMIUM;9904;17;9901;15;;;9910;15;9912;14;;;9907.0;0.0
yf_ZW=F_d11;56100;INTARIAN_PEPPER_ROOT;10848;13;10845;27;;;10854;16;10858;17;;;10851.0;0.0
yf_ZW=F_d11;56200;ASH_COATED_OSMIUM;9904;19;9900;11;;;9910;13;9913;17;;;9907.0;0.0
yf_ZW=F_d11;56200;INTARIAN_PEPPER_ROOT;10844;21;10842;23;;;10856;11;10860;19;;;10850.0;0.0
yf_ZW=F_d11;56300;ASH_COATED_OSMIUM;9903;17;9899;14;;;9911;13;9913;24;;;9907.0;0.0
yf_ZW=F_d11;56300;INTARIAN_PEPPER_ROOT;10842;19;10838;22;;;10855;23;10858;16;;;10848.5;0.0
yf_ZW=F_d11;56400;ASH_COATED_OSMIUM;9904;6;9901;11;;;9910;20;9914;21;;;9907.0;0.0
yf_ZW=F_d11;56400;INTARIAN_PEPPER_ROOT;10843;20;10841;20;;;10849;21;10851;22;;;10846.0;0.0
yf_ZW=F_d11;56500;ASH_COATED_OSMIUM;9904;10;9901;22;;;9910;19;9914;18;;;9907.0;0.0
yf_ZW=F_d11;56500;INTARIAN_PEPPER_ROOT;10841;8;10838;20;;;10847;17;10850;16;;;10844.0;0.0
yf_ZW=F_d11;56600;ASH_COATED_OSMIUM;9903;18;9901;10;;;9911;7;9915;30;;;9907.0;0.0
yf_ZW=F_d11;56600;INTARIAN_PEPPER_ROOT;10839;9;10837;19;;;10847;8;10849;18;;;10843.0;0.0
yf_ZW=F_d11;56700;ASH_COATED_OSMIUM;9904;18;9902;23;;;9910;17;9914;25;;;9907.0;0.0
yf_ZW=F_d11;56700;INTARIAN_PEPPER_ROOT;10838;17;10834;25;;;10844;20;10846;18;;;10841.0;0.0
yf_ZW=F_d11;56800;ASH_COATED_OSMIUM;9904;14;9902;15;;;9910;19;9913;14;;;9907.0;0.0
yf_ZW=F_d11;56800;INTARIAN_PEPPER_ROOT;10837;14;10833;27;;;10843;15;10846;30;;;10840.0;0.0
yf_ZW=F_d11;56900;ASH_COATED_OSMIUM;9904;17;9900;23;;;9910;12;9914;27;;;9907.0;0.0
yf_ZW=F_d11;56900;INTARIAN_PEPPER_ROOT;10835;22;10832;16;;;10841;15;10844;15;;;10838.0;0.0
yf_ZW=F_d11;57000;ASH_COATED_OSMIUM;9904;5;9901;20;;;9910;10;9914;16;;;9907.0;0.0
yf_ZW=F_d11;57000;INTARIAN_PEPPER_ROOT;10829;22;10827;15;;;10843;18;10845;16;;;10836.0;0.0
yf_ZW=F_d11;57100;ASH_COATED_OSMIUM;9904;8;9902;20;;;9910;11;9914;22;;;9907.0;0.0
yf_ZW=F_d11;57100;INTARIAN_PEPPER_ROOT;10832;13;10829;21;;;10838;17;10842;18;;;10835.0;0.0
yf_ZW=F_d11;57200;ASH_COATED_OSMIUM;9904;18;9901;25;;;9910;7;9914;27;;;9907.0;0.0
yf_ZW=F_d11;57200;INTARIAN_PEPPER_ROOT;10829;22;10827;28;;;10837;22;10839;15;;;10833.0;0.0
yf_ZW=F_d11;57300;ASH_COATED_OSMIUM;9902;19;9899;23;;;9912;17;9916;23;;;9907.0;0.0
yf_ZW=F_d11;57300;INTARIAN_PEPPER_ROOT;10820;7;10818;17;;;10842;23;10844;28;;;10831.0;0.0
yf_ZW=F_d11;57400;ASH_COATED_OSMIUM;9904;21;9900;29;;;9912;21;9915;23;;;9908.0;0.0
yf_ZW=F_d11;57400;INTARIAN_PEPPER_ROOT;10823;15;10821;18;;;10835;10;10839;26;;;10829.0;0.0
yf_ZW=F_d11;57500;ASH_COATED_OSMIUM;9900;13;9896;20;;;9915;21;9917;12;;;9907.5;0.0
yf_ZW=F_d11;57500;INTARIAN_PEPPER_ROOT;10811;9;10807;13;;;10845;17;10847;19;;;10828.0;0.0
yf_ZW=F_d11;57600;ASH_COATED_OSMIUM;9904;13;9900;17;;;9910;17;9914;27;;;9907.0;0.0
yf_ZW=F_d11;57600;INTARIAN_PEPPER_ROOT;10821;30;10817;15;;;10831;6;10833;10;;;10826.0;0.0
