day;timestamp;product;bid_price_1;bid_volume_1;bid_price_2;bid_volume_2;bid_price_3;bid_volume_3;ask_price_1;ask_volume_1;ask_price_2;ask_volume_2;ask_price_3;ask_volume_3;mid_price;profit_and_loss
yf_BGS_d14;0;ASH_COATED_OSMIUM;9908;13;9904;24;;;9914;13;9917;33;;;9911.0;0.0
yf_BGS_d14;0;INTARIAN_PEPPER_ROOT;10831;9;10827;18;;;10840;7;10844;21;;;10835.5;0.0
yf_BGS_d14;100;ASH_COATED_OSMIUM;9905;22;9902;29;;;9919;13;9921;28;;;9912.0;0.0
yf_BGS_d14;100;INTARIAN_PEPPER_ROOT;10833;19;10830;32;;;10839;15;10841;27;;;10836.0;0.0
yf_BGS_d14;200;ASH_COATED_OSMIUM;9906;15;9902;13;;;9918;19;9922;20;;;9912.0;0.0
yf_BGS_d14;200;INTARIAN_PEPPER_ROOT;10832;12;10828;22;;;10840;9;10844;19;;;10836.0;0.0
yf_BGS_d14;300;ASH_COATED_OSMIUM;9908;13;9906;23;;;9914;20;9917;19;;;9911.0;0.0
yf_BGS_d14;300;INTARIAN_PEPPER_ROOT;10832;19;10829;14;;;10838;24;10840;16;;;10835.0;0.0
yf_BGS_d14;400;ASH_COATED_OSMIUM;9909;17;9905;22;;;9915;6;9918;25;;;9912.0;0.0
yf_BGS_d14;400;INTARIAN_PEPPER_ROOT;10830;17;10827;17;;;10839;15;10843;19;;;10834.5;0.0
yf_BGS_d14;500;ASH_COATED_OSMIUM;9908;13;9904;13;;;9914;10;9917;16;;;9911.0;0.0
yf_BGS_d14;500;INTARIAN_PEPPER_ROOT;10819;17;10815;28;;;10849;19;10852;16;;;10834.0;0.0
yf_BGS_d14;600;ASH_COATED_OSMIUM;9908;16;9904;20;;;9914;21;9916;15;;;9911.0;0.0
yf_BGS_d14;600;INTARIAN_PEPPER_ROOT;10831;16;10829;20;;;10837;15;10841;22;;;10834.0;0.0
yf_BGS_d14;700;ASH_COATED_OSMIUM;9909;14;9906;28;;;9915;10;9918;20;;;9912.0;0.0
yf_BGS_d14;700;INTARIAN_PEPPER_ROOT;10831;7;10828;21;;;10837;17;10841;14;;;10834.0;0.0
yf_BGS_d14;800;ASH_COATED_OSMIUM;9909;14;9907;25;;;9915;15;9917;28;;;9912.0;0.0
yf_BGS_d14;800;INTARIAN_PEPPER_ROOT;10830;8;10828;10;;;10836;8;10838;16;;;10833.0;0.0
yf_BGS_d14;900;ASH_COATED_OSMIUM;9906;18;9904;17;;;9917;10;9919;16;;;9911.5;0.0
yf_BGS_d14;900;INTARIAN_PEPPER_ROOT;10817;15;10813;21;;;10851;18;10855;21;;;10834.0;0.0
yf_BGS_d14;1000;ASH_COATED_OSMIUM;9908;14;9906;14;;;9915;22;9918;22;;;9911.5;0.0
yf_BGS_d14;1000;INTARIAN_PEPPER_ROOT;10829;19;10825;12;;;10836;14;10838;25;;;10832.5;0.0
yf_BGS_d14;1100;ASH_COATED_OSMIUM;9909;6;9906;24;;;9915;15;9918;17;;;9912.0;0.0
yf_BGS_d14;1100;INTARIAN_PEPPER_ROOT;10826;26;10822;17;;;10840;8;10843;20;;;10833.0;0.0
yf_BGS_d14;1200;ASH_COATED_OSMIUM;9910;23;9907;25;;;9916;18;9919;13;;;9913.0;0.0
yf_BGS_d14;1200;INTARIAN_PEPPER_ROOT;10825;5;10823;18;;;10840;22;10844;23;;;10832.5;0.0
yf_BGS_d14;1300;ASH_COATED_OSMIUM;9909;23;9905;9;;;9915;14;9917;8;;;9912.0;0.0
yf_BGS_d14;1300;INTARIAN_PEPPER_ROOT;10830;18;10827;23;;;10836;8;10838;23;;;10833.0;0.0
yf_BGS_d14;1400;ASH_COATED_OSMIUM;9909;5;9905;8;;;9915;19;9917;9;;;9912.0;0.0
yf_BGS_d14;1400;INTARIAN_PEPPER_ROOT;10829;18;10826;32;;;10835;11;10837;15;;;10832.0;0.0
yf_BGS_d14;1500;ASH_COATED_OSMIUM;9910;5;9907;21;;;9916;24;9920;25;;;9913.0;0.0
yf_BGS_d14;1500;INTARIAN_PEPPER_ROOT;10829;21;10827;21;;;10835;5;10838;16;;;10832.0;0.0
yf_BGS_d14;1600;ASH_COATED_OSMIUM;9910;24;9906;18;;;9916;15;9920;16;;;9913.0;0.0
yf_BGS_d14;1600;INTARIAN_PEPPER_ROOT;10823;10;10819;22;;;10840;18;10843;22;;;10831.5;0.0
yf_BGS_d14;1700;ASH_COATED_OSMIUM;9910;6;9908;31;;;9916;22;9918;21;;;9913.0;0.0
yf_BGS_d14;1700;INTARIAN_PEPPER_ROOT;10828;24;10824;8;;;10834;15;10836;14;;;10831.0;0.0
yf_BGS_d14;1800;ASH_COATED_OSMIUM;9910;7;9906;25;;;9916;13;9919;15;;;9913.0;0.0
yf_BGS_d14;1800;INTARIAN_PEPPER_ROOT;10824;20;10822;19;;;10838;21;10842;28;;;10831.0;0.0
yf_BGS_d14;1900;ASH_COATED_OSMIUM;9910;10;9906;13;;;9916;9;9919;20;;;9913.0;0.0
yf_BGS_d14;1900;INTARIAN_PEPPER_ROOT;10821;11;10819;20;;;10840;18;10842;25;;;10830.5;0.0
yf_BGS_d14;2000;ASH_COATED_OSMIUM;9910;21;9907;19;;;9916;11;9920;12;;;9913.0;0.0
yf_BGS_d14;2000;INTARIAN_PEPPER_ROOT;10827;14;10824;30;;;10833;8;10837;27;;;10830.0;0.0
yf_BGS_d14;2100;ASH_COATED_OSMIUM;9911;14;9909;24;;;9917;16;9920;28;;;9914.0;0.0
yf_BGS_d14;2100;INTARIAN_PEPPER_ROOT;10827;12;10823;19;;;10833;15;10837;22;;;10830.0;0.0
yf_BGS_d14;2200;ASH_COATED_OSMIUM;9909;14;9906;17;;;9917;18;9919;21;;;9913.0;0.0
yf_BGS_d14;2200;INTARIAN_PEPPER_ROOT;10821;21;10818;15;;;10839;14;10841;28;;;10830.0;0.0
yf_BGS_d14;2300;ASH_COATED_OSMIUM;9903;19;9901;20;;;9923;13;9927;14;;;9913.0;0.0
yf_BGS_d14;2300;INTARIAN_PEPPER_ROOT;10825;5;10823;24;;;10833;12;10837;15;;;10829.0;0.0
yf_BGS_d14;2400;ASH_COATED_OSMIUM;9910;14;9906;20;;;9916;24;9920;13;;;9913.0;0.0
yf_BGS_d14;2400;INTARIAN_PEPPER_ROOT;10826;8;10823;21;;;10832;17;10835;22;;;10829.0;0.0
yf_BGS_d14;2500;ASH_COATED_OSMIUM;9908;10;9906;16;;;9919;15;9923;18;;;9913.5;0.0
yf_BGS_d14;2500;INTARIAN_PEPPER_ROOT;10826;16;10824;19;;;10832;10;10836;20;;;10829.0;0.0
yf_BGS_d14;2600;ASH_COATED_OSMIUM;9911;17;9908;21;;;9917;17;9919;24;;;9914.0;0.0
yf_BGS_d14;2600;INTARIAN_PEPPER_ROOT;10826;5;10822;24;;;10832;17;10835;11;;;10829.0;0.0
yf_BGS_d14;2700;ASH_COATED_OSMIUM;9911;22;9909;30;;;9917;17;9920;24;;;9914.0;0.0
yf_BGS_d14;2700;INTARIAN_PEPPER_ROOT;10826;24;10824;16;;;10832;13;10834;16;;;10829.0;0.0
yf_BGS_d14;2800;ASH_COATED_OSMIUM;9911;10;9907;20;;;9917;9;9920;18;;;9914.0;0.0
yf_BGS_d14;2800;INTARIAN_PEPPER_ROOT;10826;13;10824;18;;;10832;18;10836;17;;;10829.0;0.0
yf_BGS_d14;2900;ASH_COATED_OSMIUM;9908;12;9905;23;;;9919;15;9923;15;;;9913.5;0.0
yf_BGS_d14;2900;INTARIAN_PEPPER_ROOT;10823;22;10821;17;;;10835;9;10839;22;;;10829.0;0.0
yf_BGS_d14;3000;ASH_COATED_OSMIUM;9907;15;9905;17;;;9921;24;9923;18;;;9914.0;0.0
yf_BGS_d14;3000;INTARIAN_PEPPER_ROOT;10824;17;10821;24;;;10833;18;10836;22;;;10828.5;0.0
yf_BGS_d14;3100;ASH_COATED_OSMIUM;9911;23;9909;22;;;9917;14;9920;25;;;9914.0;0.0
yf_BGS_d14;3100;INTARIAN_PEPPER_ROOT;10824;18;10821;12;;;10830;12;10832;15;;;10827.0;0.0
yf_BGS_d14;3200;ASH_COATED_OSMIUM;9911;8;9907;20;;;9917;18;9919;17;;;9914.0;0.0
yf_BGS_d14;3200;INTARIAN_PEPPER_ROOT;10824;5;10821;17;;;10830;14;10834;23;;;10827.0;0.0
yf_BGS_d14;3300;ASH_COATED_OSMIUM;9911;23;9908;15;;;9917;18;9921;23;;;9914.0;0.0
yf_BGS_d14;3300;INTARIAN_PEPPER_ROOT;10814;18;10810;20;;;10840;16;10843;18;;;10827.0;0.0
yf_BGS_d14;3400;ASH_COATED_OSMIUM;9911;7;9907;24;;;9917;14;9921;21;;;9914.0;0.0
yf_BGS_d14;3400;INTARIAN_PEPPER_ROOT;10823;23;10819;26;;;10829;5;10831;19;;;10826.0;0.0
yf_BGS_d14;3500;ASH_COATED_OSMIUM;9911;16;9908;31;;;9917;21;9920;17;;;9914.0;0.0
yf_BGS_d14;3500;INTARIAN_PEPPER_ROOT;10822;14;10819;19;;;10831;20;10835;21;;;10826.5;0.0
yf_BGS_d14;3600;ASH_COATED_OSMIUM;9911;15;9907;17;;;9917;24;9921;22;;;9914.0;0.0
yf_BGS_d14;3600;INTARIAN_PEPPER_ROOT;10821;7;10819;17;;;10832;13;10836;17;;;10826.5;0.0
yf_BGS_d14;3700;ASH_COATED_OSMIUM;9911;18;9907;29;;;9917;19;9919;17;;;9914.0;0.0
yf_BGS_d14;3700;INTARIAN_PEPPER_ROOT;10823;5;10819;21;;;10829;12;10831;15;;;10826.0;0.0
yf_BGS_d14;3800;ASH_COATED_OSMIUM;9911;10;9908;24;;;9917;15;9920;21;;;9914.0;0.0
yf_BGS_d14;3800;INTARIAN_PEPPER_ROOT;10800;10;10796;17;;;10850;11;10854;18;;;10825.0;0.0
yf_BGS_d14;3900;ASH_COATED_OSMIUM;9911;6;9907;25;;;9917;18;9921;12;;;9914.0;0.0
yf_BGS_d14;3900;INTARIAN_PEPPER_ROOT;10822;20;10820;20;;;10828;5;10831;14;;;10825.0;0.0
yf_BGS_d14;4000;ASH_COATED_OSMIUM;9910;17;9906;27;;;9919;10;9922;19;;;9914.5;0.0
yf_BGS_d14;4000;INTARIAN_PEPPER_ROOT;10822;22;10820;11;;;10828;21;10832;26;;;10825.0;0.0
yf_BGS_d14;4100;ASH_COATED_OSMIUM;9911;18;9909;21;;;9919;15;9923;17;;;9915.0;0.0
yf_BGS_d14;4100;INTARIAN_PEPPER_ROOT;10811;17;10807;16;;;10838;10;10841;15;;;10824.5;0.0
yf_BGS_d14;4200;ASH_COATED_OSMIUM;9912;12;9908;22;;;9918;10;9922;16;;;9915.0;0.0
yf_BGS_d14;4200;INTARIAN_PEPPER_ROOT;10821;20;10817;12;;;10827;5;10829;15;;;10824.0;0.0
yf_BGS_d14;4300;ASH_COATED_OSMIUM;9911;12;9909;27;;;9917;15;9921;28;;;9914.0;0.0
yf_BGS_d14;4300;INTARIAN_PEPPER_ROOT;10818;21;10814;12;;;10830;10;10833;9;;;10824.0;0.0
yf_BGS_d14;4400;ASH_COATED_OSMIUM;9909;15;9905;18;;;9922;17;9925;17;;;9915.5;0.0
yf_BGS_d14;4400;INTARIAN_PEPPER_ROOT;10821;14;10817;20;;;10827;26;10830;29;;;10824.0;0.0
yf_BGS_d14;4500;ASH_COATED_OSMIUM;9912;16;9909;24;;;9918;20;9920;23;;;9915.0;0.0
yf_BGS_d14;4500;INTARIAN_PEPPER_ROOT;10820;17;10816;18;;;10827;26;10830;10;;;10823.5;0.0
yf_BGS_d14;4600;ASH_COATED_OSMIUM;9912;19;9910;18;;;9918;22;9920;22;;;9915.0;0.0
yf_BGS_d14;4600;INTARIAN_PEPPER_ROOT;10816;12;10812;20;;;10832;12;10835;20;;;10824.0;0.0
yf_BGS_d14;4700;ASH_COATED_OSMIUM;9912;7;9910;19;;;9918;11;9922;23;;;9915.0;0.0
yf_BGS_d14;4700;INTARIAN_PEPPER_ROOT;10816;7;10813;16;;;10830;23;10832;14;;;10823.0;0.0
yf_BGS_d14;4800;ASH_COATED_OSMIUM;9912;8;9908;18;;;9918;11;9921;11;;;9915.0;0.0
yf_BGS_d14;4800;INTARIAN_PEPPER_ROOT;10807;16;10804;21;;;10839;17;10841;26;;;10823.0;0.0
yf_BGS_d14;4900;ASH_COATED_OSMIUM;9907;18;9905;24;;;9924;9;9926;26;;;9915.5;0.0
yf_BGS_d14;4900;INTARIAN_PEPPER_ROOT;10820;12;10816;18;;;10826;20;10830;13;;;10823.0;0.0
yf_BGS_d14;5000;ASH_COATED_OSMIUM;9913;14;9910;28;;;9919;18;9921;24;;;9916.0;0.0
yf_BGS_d14;5000;INTARIAN_PEPPER_ROOT;10820;17;10816;11;;;10826;18;10830;23;;;10823.0;0.0
yf_BGS_d14;5100;ASH_COATED_OSMIUM;9903;16;9900;31;;;9928;9;9931;15;;;9915.5;0.0
yf_BGS_d14;5100;INTARIAN_PEPPER_ROOT;10819;13;10815;25;;;10825;5;10829;17;;;10822.0;0.0
yf_BGS_d14;5200;ASH_COATED_OSMIUM;9913;11;9910;28;;;9920;12;9924;17;;;9916.5;0.0
yf_BGS_d14;5200;INTARIAN_PEPPER_ROOT;10819;15;10816;20;;;10825;19;10827;17;;;10822.0;0.0
yf_BGS_d14;5300;ASH_COATED_OSMIUM;9903;12;9900;17;;;9927;20;9929;18;;;9915.0;0.0
yf_BGS_d14;5300;INTARIAN_PEPPER_ROOT;10819;10;10817;30;;;10825;26;10829;17;;;10822.0;0.0
yf_BGS_d14;5400;ASH_COATED_OSMIUM;9912;14;9909;26;;;9918;8;9920;29;;;9915.0;0.0
yf_BGS_d14;5400;INTARIAN_PEPPER_ROOT;10818;14;10816;28;;;10824;10;10826;14;;;10821.0;0.0
yf_BGS_d14;5500;ASH_COATED_OSMIUM;9913;7;9909;15;;;9919;20;9921;11;;;9916.0;0.0
yf_BGS_d14;5500;INTARIAN_PEPPER_ROOT;10817;14;10815;26;;;10824;19;10827;20;;;10820.5;0.0
yf_BGS_d14;5600;ASH_COATED_OSMIUM;9911;16;9909;21;;;9920;16;9922;22;;;9915.5;0.0
yf_BGS_d14;5600;INTARIAN_PEPPER_ROOT;10818;15;10815;20;;;10824;21;10828;19;;;10821.0;0.0
yf_BGS_d14;5700;ASH_COATED_OSMIUM;9911;17;9907;12;;;9920;20;9923;20;;;9915.5;0.0
yf_BGS_d14;5700;INTARIAN_PEPPER_ROOT;10813;13;10810;8;;;10829;5;10832;12;;;10821.0;0.0
yf_BGS_d14;5800;ASH_COATED_OSMIUM;9913;12;9911;17;;;9919;18;9923;19;;;9916.0;0.0
yf_BGS_d14;5800;INTARIAN_PEPPER_ROOT;10813;19;10809;23;;;10827;13;10831;25;;;10820.0;0.0
yf_BGS_d14;5900;ASH_COATED_OSMIUM;9906;22;9903;28;;;9926;27;9930;26;;;9916.0;0.0
yf_BGS_d14;5900;INTARIAN_PEPPER_ROOT;10809;13;10806;26;;;10831;11;10835;11;;;10820.0;0.0
yf_BGS_d14;6000;ASH_COATED_OSMIUM;9913;22;9909;21;;;9920;11;9924;20;;;9916.5;0.0
yf_BGS_d14;6000;INTARIAN_PEPPER_ROOT;10816;22;10814;28;;;10823;7;10825;12;;;10819.5;0.0
yf_BGS_d14;6100;ASH_COATED_OSMIUM;9912;10;9909;21;;;9920;16;9922;23;;;9916.0;0.0
yf_BGS_d14;6100;INTARIAN_PEPPER_ROOT;10817;10;10814;23;;;10823;7;10826;18;;;10820.0;0.0
yf_BGS_d14;6200;ASH_COATED_OSMIUM;9913;14;9909;27;;;9919;17;9921;16;;;9916.0;0.0
yf_BGS_d14;6200;INTARIAN_PEPPER_ROOT;10816;15;10812;23;;;10822;9;10826;22;;;10819.0;0.0
yf_BGS_d14;6300;ASH_COATED_OSMIUM;9912;21;9909;20;;;9921;24;9924;17;;;9916.5;0.0
yf_BGS_d14;6300;INTARIAN_PEPPER_ROOT;10816;15;10813;21;;;10822;15;10826;19;;;10819.0;0.0
yf_BGS_d14;6400;ASH_COATED_OSMIUM;9913;15;9909;16;;;9919;20;9923;22;;;9916.0;0.0
yf_BGS_d14;6400;INTARIAN_PEPPER_ROOT;10811;10;10808;17;;;10827;5;10830;26;;;10819.0;0.0
yf_BGS_d14;6500;ASH_COATED_OSMIUM;9913;14;9911;20;;;9919;20;9922;14;;;9916.0;0.0
yf_BGS_d14;6500;INTARIAN_PEPPER_ROOT;10812;13;10809;21;;;10825;13;10827;22;;;10818.5;0.0
yf_BGS_d14;6600;ASH_COATED_OSMIUM;9914;13;9911;22;;;9920;8;9923;17;;;9917.0;0.0
yf_BGS_d14;6600;INTARIAN_PEPPER_ROOT;10815;16;10813;22;;;10821;17;10824;13;;;10818.0;0.0
yf_BGS_d14;6700;ASH_COATED_OSMIUM;9914;18;9910;19;;;9920;17;9922;22;;;9917.0;0.0
yf_BGS_d14;6700;INTARIAN_PEPPER_ROOT;10815;9;10812;16;;;10821;14;10823;21;;;10818.0;0.0
yf_BGS_d14;6800;ASH_COATED_OSMIUM;9914;19;9912;13;;;9920;15;9924;29;;;9917.0;0.0
yf_BGS_d14;6800;INTARIAN_PEPPER_ROOT;10811;5;10808;13;;;10824;14;10827;11;;;10817.5;0.0
yf_BGS_d14;6900;ASH_COATED_OSMIUM;9914;15;9911;20;;;9920;13;9923;21;;;9917.0;0.0
yf_BGS_d14;6900;INTARIAN_PEPPER_ROOT;10814;22;10812;24;;;10820;5;10824;16;;;10817.0;0.0
yf_BGS_d14;7000;ASH_COATED_OSMIUM;9914;18;9911;30;;;9920;18;9924;23;;;9917.0;0.0
yf_BGS_d14;7000;INTARIAN_PEPPER_ROOT;10809;8;10806;21;;;10825;13;10827;13;;;10817.0;0.0
yf_BGS_d14;7100;ASH_COATED_OSMIUM;9913;18;9910;24;;;9921;11;9924;11;;;9917.0;0.0
yf_BGS_d14;7100;INTARIAN_PEPPER_ROOT;10809;12;10805;15;;;10824;8;10828;20;;;10816.5;0.0
yf_BGS_d14;7200;ASH_COATED_OSMIUM;9902;21;9900;11;;;9932;19;9936;13;;;9917.0;0.0
yf_BGS_d14;7200;INTARIAN_PEPPER_ROOT;10814;17;10811;16;;;10820;14;10824;29;;;10817.0;0.0
yf_BGS_d14;7300;ASH_COATED_OSMIUM;9914;13;9910;19;;;9920;20;9924;19;;;9917.0;0.0
yf_BGS_d14;7300;INTARIAN_PEPPER_ROOT;10809;15;10807;22;;;10823;16;10827;28;;;10816.0;0.0
yf_BGS_d14;7400;ASH_COATED_OSMIUM;9914;13;9910;18;;;9920;19;9924;24;;;9917.0;0.0
yf_BGS_d14;7400;INTARIAN_PEPPER_ROOT;10813;12;10810;25;;;10819;19;10821;26;;;10816.0;0.0
yf_BGS_d14;7500;ASH_COATED_OSMIUM;9912;15;9908;19;;;9923;7;9927;22;;;9917.5;0.0
yf_BGS_d14;7500;INTARIAN_PEPPER_ROOT;10813;12;10811;16;;;10819;15;10821;26;;;10816.0;0.0
yf_BGS_d14;7600;ASH_COATED_OSMIUM;9914;19;9911;19;;;9922;16;9925;17;;;9918.0;0.0
yf_BGS_d14;7600;INTARIAN_PEPPER_ROOT;10807;15;10803;26;;;10825;15;10827;14;;;10816.0;0.0
yf_BGS_d14;7700;ASH_COATED_OSMIUM;9914;10;9911;25;;;9920;12;9924;15;;;9917.0;0.0
yf_BGS_d14;7700;INTARIAN_PEPPER_ROOT;10812;24;10809;30;;;10818;6;10821;15;;;10815.0;0.0
yf_BGS_d14;7800;ASH_COATED_OSMIUM;9915;7;9913;27;;;9921;22;9923;21;;;9918.0;0.0
yf_BGS_d14;7800;INTARIAN_PEPPER_ROOT;10812;15;10810;19;;;10818;18;10821;24;;;10815.0;0.0
yf_BGS_d14;7900;ASH_COATED_OSMIUM;9914;13;9911;21;;;9920;8;9923;11;;;9917.0;0.0
yf_BGS_d14;7900;INTARIAN_PEPPER_ROOT;10812;13;10810;14;;;10818;19;10822;19;;;10815.0;0.0
yf_BGS_d14;8000;ASH_COATED_OSMIUM;9915;19;9913;12;;;9921;11;9924;18;;;9918.0;0.0
yf_BGS_d14;8000;INTARIAN_PEPPER_ROOT;10811;11;10808;25;;;10817;20;10819;21;;;10814.0;0.0
yf_BGS_d14;8100;ASH_COATED_OSMIUM;9913;15;9909;16;;;9922;5;9926;17;;;9917.5;0.0
yf_BGS_d14;8100;INTARIAN_PEPPER_ROOT;10811;15;10807;22;;;10817;12;10819;33;;;10814.0;0.0
yf_BGS_d14;8200;ASH_COATED_OSMIUM;9915;21;9912;24;;;9921;16;9924;19;;;9918.0;0.0
yf_BGS_d14;8200;INTARIAN_PEPPER_ROOT;10810;11;10807;19;;;10816;14;10819;15;;;10813.0;0.0
yf_BGS_d14;8300;ASH_COATED_OSMIUM;9916;17;9913;14;;;9922;5;9926;20;;;9919.0;0.0
yf_BGS_d14;8300;INTARIAN_PEPPER_ROOT;10810;13;10807;10;;;10816;14;10820;23;;;10813.0;0.0
yf_BGS_d14;8400;ASH_COATED_OSMIUM;9916;15;9914;22;;;9922;17;9925;15;;;9919.0;0.0
yf_BGS_d14;8400;INTARIAN_PEPPER_ROOT;10809;15;10806;22;;;10817;12;10820;22;;;10813.0;0.0
yf_BGS_d14;8500;ASH_COATED_OSMIUM;9914;15;9910;18;;;9920;13;9922;14;;;9917.0;0.0
yf_BGS_d14;8500;INTARIAN_PEPPER_ROOT;10807;15;10803;22;;;10820;16;10823;22;;;10813.5;0.0
yf_BGS_d14;8600;ASH_COATED_OSMIUM;9913;18;9911;21;;;9925;11;9927;23;;;9919.0;0.0
yf_BGS_d14;8600;INTARIAN_PEPPER_ROOT;10802;25;10798;19;;;10821;7;10823;28;;;10811.5;0.0
yf_BGS_d14;8700;ASH_COATED_OSMIUM;9915;19;9911;12;;;9921;13;9925;15;;;9918.0;0.0
yf_BGS_d14;8700;INTARIAN_PEPPER_ROOT;10810;18;10807;22;;;10816;15;10818;23;;;10813.0;0.0
yf_BGS_d14;8800;ASH_COATED_OSMIUM;9914;14;9911;21;;;9923;6;9926;17;;;9918.5;0.0
yf_BGS_d14;8800;INTARIAN_PEPPER_ROOT;10809;23;10805;22;;;10815;17;10818;13;;;10812.0;0.0
yf_BGS_d14;8900;ASH_COATED_OSMIUM;9914;14;9912;13;;;9922;11;9926;16;;;9918.0;0.0
yf_BGS_d14;8900;INTARIAN_PEPPER_ROOT;10795;15;10793;10;;;10829;18;10832;16;;;10812.0;0.0
yf_BGS_d14;9000;ASH_COATED_OSMIUM;9916;14;9912;22;;;9922;6;9925;23;;;9919.0;0.0
yf_BGS_d14;9000;INTARIAN_PEPPER_ROOT;10808;15;10804;19;;;10816;5;10820;13;;;10812.0;0.0
yf_BGS_d14;9100;ASH_COATED_OSMIUM;9915;21;9912;18;;;9921;15;9925;12;;;9918.0;0.0
yf_BGS_d14;9100;INTARIAN_PEPPER_ROOT;10809;10;10805;20;;;10815;19;10817;13;;;10812.0;0.0
yf_BGS_d14;9200;ASH_COATED_OSMIUM;9916;8;9913;16;;;9922;19;9924;20;;;9919.0;0.0
yf_BGS_d14;9200;INTARIAN_PEPPER_ROOT;10808;17;10804;8;;;10814;13;10817;24;;;10811.0;0.0
yf_BGS_d14;9300;ASH_COATED_OSMIUM;9916;15;9913;25;;;9922;9;9924;24;;;9919.0;0.0
yf_BGS_d14;9300;INTARIAN_PEPPER_ROOT;10806;10;10802;21;;;10814;20;10818;23;;;10810.0;0.0
yf_BGS_d14;9400;ASH_COATED_OSMIUM;9917;5;9914;26;;;9923;13;9926;25;;;9920.0;0.0
yf_BGS_d14;9400;INTARIAN_PEPPER_ROOT;10807;20;10803;22;;;10813;12;10817;17;;;10810.0;0.0
yf_BGS_d14;9500;ASH_COATED_OSMIUM;9916;15;9914;24;;;9922;18;9925;16;;;9919.0;0.0
yf_BGS_d14;9500;INTARIAN_PEPPER_ROOT;10807;16;10804;28;;;10813;14;10815;14;;;10810.0;0.0
yf_BGS_d14;9600;ASH_COATED_OSMIUM;9917;25;9914;13;;;9923;19;9926;27;;;9920.0;0.0
yf_BGS_d14;9600;INTARIAN_PEPPER_ROOT;10806;11;10804;21;;;10814;16;10817;27;;;10810.0;0.0
yf_BGS_d14;9700;ASH_COATED_OSMIUM;9916;7;9913;20;;;9922;21;9924;21;;;9919.0;0.0
yf_BGS_d14;9700;INTARIAN_PEPPER_ROOT;10807;17;10803;14;;;10813;18;10817;22;;;10810.0;0.0
yf_BGS_d14;9800;ASH_COATED_OSMIUM;9912;15;9909;21;;;9928;8;9932;18;;;9920.0;0.0
yf_BGS_d14;9800;INTARIAN_PEPPER_ROOT;10805;13;10801;24;;;10812;15;10815;25;;;10808.5;0.0
yf_BGS_d14;9900;ASH_COATED_OSMIUM;9916;16;9914;22;;;9922;11;9925;22;;;9919.0;0.0
yf_BGS_d14;9900;INTARIAN_PEPPER_ROOT;10805;11;10802;20;;;10814;17;10817;12;;;10809.5;0.0
yf_BGS_d14;10000;ASH_COATED_OSMIUM;9916;9;9913;11;;;9922;11;9924;18;;;9919.0;0.0
yf_BGS_d14;10000;INTARIAN_PEPPER_ROOT;10804;19;10800;19;;;10813;26;10816;22;;;10808.5;0.0
yf_BGS_d14;10100;ASH_COATED_OSMIUM;9916;13;9914;22;;;9922;8;9926;15;;;9919.0;0.0
yf_BGS_d14;10100;INTARIAN_PEPPER_ROOT;10798;23;10794;20;;;10819;23;10821;23;;;10808.5;0.0
yf_BGS_d14;10200;ASH_COATED_OSMIUM;9917;9;9913;23;;;9923;19;9925;20;;;9920.0;0.0
yf_BGS_d14;10200;INTARIAN_PEPPER_ROOT;10794;17;10792;27;;;10822;14;10826;17;;;10808.0;0.0
yf_BGS_d14;10300;ASH_COATED_OSMIUM;9911;15;9908;18;;;9929;21;9932;26;;;9920.0;0.0
yf_BGS_d14;10300;INTARIAN_PEPPER_ROOT;10801;12;10797;20;;;10816;16;10818;26;;;10808.5;0.0
yf_BGS_d14;10400;ASH_COATED_OSMIUM;9917;20;9913;24;;;9923;14;9927;13;;;9920.0;0.0
yf_BGS_d14;10400;INTARIAN_PEPPER_ROOT;10805;15;10801;17;;;10811;19;10814;18;;;10808.0;0.0
yf_BGS_d14;10500;ASH_COATED_OSMIUM;9917;15;9913;22;;;9923;27;9927;12;;;9920.0;0.0
yf_BGS_d14;10500;INTARIAN_PEPPER_ROOT;10805;19;10802;24;;;10811;16;10815;26;;;10808.0;0.0
yf_BGS_d14;10600;ASH_COATED_OSMIUM;9917;12;9914;24;;;9923;21;9925;16;;;9920.0;0.0
yf_BGS_d14;10600;INTARIAN_PEPPER_ROOT;10804;17;10800;16;;;10810;11;10813;22;;;10807.0;0.0
yf_BGS_d14;10700;ASH_COATED_OSMIUM;9917;5;9915;14;;;9923;11;9927;17;;;9920.0;0.0
yf_BGS_d14;10700;INTARIAN_PEPPER_ROOT;10804;15;10802;23;;;10810;7;10813;18;;;10807.0;0.0
yf_BGS_d14;10800;ASH_COATED_OSMIUM;9916;11;9913;19;;;9923;9;9927;19;;;9919.5;0.0
yf_BGS_d14;10800;INTARIAN_PEPPER_ROOT;10803;17;10799;21;;;10809;12;10812;19;;;10806.0;0.0
yf_BGS_d14;10900;ASH_COATED_OSMIUM;9917;13;9914;17;;;9923;9;9925;23;;;9920.0;0.0
yf_BGS_d14;10900;INTARIAN_PEPPER_ROOT;10803;16;10800;24;;;10809;10;10813;25;;;10806.0;0.0
yf_BGS_d14;11000;ASH_COATED_OSMIUM;9917;8;9914;22;;;9923;14;9927;19;;;9920.0;0.0
yf_BGS_d14;11000;INTARIAN_PEPPER_ROOT;10803;23;10800;25;;;10810;16;10813;27;;;10806.5;0.0
yf_BGS_d14;11100;ASH_COATED_OSMIUM;9917;6;9913;22;;;9923;16;9926;18;;;9920.0;0.0
yf_BGS_d14;11100;INTARIAN_PEPPER_ROOT;10803;18;10799;10;;;10809;15;10811;15;;;10806.0;0.0
yf_BGS_d14;11200;ASH_COATED_OSMIUM;9917;20;9915;17;;;9923;8;9925;24;;;9920.0;0.0
yf_BGS_d14;11200;INTARIAN_PEPPER_ROOT;10802;15;10798;25;;;10808;14;10812;27;;;10805.0;0.0
yf_BGS_d14;11300;ASH_COATED_OSMIUM;9917;13;9913;34;;;9924;21;9927;18;;;9920.5;0.0
yf_BGS_d14;11300;INTARIAN_PEPPER_ROOT;10799;15;10796;18;;;10811;8;10815;16;;;10805.0;0.0
yf_BGS_d14;11400;ASH_COATED_OSMIUM;9917;8;9914;17;;;9923;15;9925;28;;;9920.0;0.0
yf_BGS_d14;11400;INTARIAN_PEPPER_ROOT;10802;12;10800;17;;;10808;19;10811;22;;;10805.0;0.0
yf_BGS_d14;11500;ASH_COATED_OSMIUM;9918;9;9915;15;;;9924;18;9926;13;;;9921.0;0.0
yf_BGS_d14;11500;INTARIAN_PEPPER_ROOT;10802;14;10800;26;;;10808;19;10812;13;;;10805.0;0.0
yf_BGS_d14;11600;ASH_COATED_OSMIUM;9917;11;9914;17;;;9923;14;9927;11;;;9920.0;0.0
yf_BGS_d14;11600;INTARIAN_PEPPER_ROOT;10801;15;10798;23;;;10807;21;10811;20;;;10804.0;0.0
yf_BGS_d14;11700;ASH_COATED_OSMIUM;9898;15;9896;12;;;9944;21;9948;32;;;9921.0;0.0
yf_BGS_d14;11700;INTARIAN_PEPPER_ROOT;10800;19;10798;25;;;10808;10;10812;23;;;10804.0;0.0
yf_BGS_d14;11800;ASH_COATED_OSMIUM;9918;6;9915;23;;;9924;16;9928;24;;;9921.0;0.0
yf_BGS_d14;11800;INTARIAN_PEPPER_ROOT;10801;21;10798;28;;;10807;14;10809;18;;;10804.0;0.0
yf_BGS_d14;11900;ASH_COATED_OSMIUM;9918;11;9915;21;;;9924;14;9926;21;;;9921.0;0.0
yf_BGS_d14;11900;INTARIAN_PEPPER_ROOT;10794;12;10792;32;;;10813;14;10817;22;;;10803.5;0.0
yf_BGS_d14;12000;ASH_COATED_OSMIUM;9918;9;9915;18;;;9924;5;9927;13;;;9921.0;0.0
yf_BGS_d14;12000;INTARIAN_PEPPER_ROOT;10789;16;10787;19;;;10816;13;10819;14;;;10802.5;0.0
yf_BGS_d14;12100;ASH_COATED_OSMIUM;9911;17;9908;18;;;9931;6;9934;13;;;9921.0;0.0
yf_BGS_d14;12100;INTARIAN_PEPPER_ROOT;10800;16;10798;14;;;10806;18;10810;23;;;10803.0;0.0
yf_BGS_d14;12200;ASH_COATED_OSMIUM;9898;15;9894;17;;;9945;8;9947;18;;;9921.5;0.0
yf_BGS_d14;12200;INTARIAN_PEPPER_ROOT;10799;15;10796;16;;;10805;6;10808;16;;;10802.0;0.0
yf_BGS_d14;12300;ASH_COATED_OSMIUM;9918;12;9914;21;;;9924;17;9927;26;;;9921.0;0.0
yf_BGS_d14;12300;INTARIAN_PEPPER_ROOT;10798;15;10794;16;;;10807;20;10811;17;;;10802.5;0.0
yf_BGS_d14;12400;ASH_COATED_OSMIUM;9916;17;9913;15;;;9927;10;9929;15;;;9921.5;0.0
yf_BGS_d14;12400;INTARIAN_PEPPER_ROOT;10799;9;10796;13;;;10805;17;10808;17;;;10802.0;0.0
yf_BGS_d14;12500;ASH_COATED_OSMIUM;9919;25;9916;12;;;9925;17;9928;15;;;9922.0;0.0
yf_BGS_d14;12500;INTARIAN_PEPPER_ROOT;10799;12;10796;33;;;10805;18;10808;17;;;10802.0;0.0
yf_BGS_d14;12600;ASH_COATED_OSMIUM;9915;11;9911;25;;;9929;14;9931;18;;;9922.0;0.0
yf_BGS_d14;12600;INTARIAN_PEPPER_ROOT;10798;16;10794;18;;;10804;15;10807;15;;;10801.0;0.0
yf_BGS_d14;12700;ASH_COATED_OSMIUM;9919;23;9917;19;;;9925;10;9928;13;;;9922.0;0.0
yf_BGS_d14;12700;INTARIAN_PEPPER_ROOT;10798;5;10796;17;;;10804;16;10806;16;;;10801.0;0.0
yf_BGS_d14;12800;ASH_COATED_OSMIUM;9905;15;9901;23;;;9939;25;9943;26;;;9922.0;0.0
yf_BGS_d14;12800;INTARIAN_PEPPER_ROOT;10797;14;10794;10;;;10803;7;10806;17;;;10800.0;0.0
yf_BGS_d14;12900;ASH_COATED_OSMIUM;9919;13;9915;14;;;9925;14;9927;15;;;9922.0;0.0
yf_BGS_d14;12900;INTARIAN_PEPPER_ROOT;10798;25;10794;28;;;10804;20;10807;30;;;10801.0;0.0
yf_BGS_d14;13000;ASH_COATED_OSMIUM;9919;13;9917;21;;;9925;12;9929;19;;;9922.0;0.0
yf_BGS_d14;13000;INTARIAN_PEPPER_ROOT;10797;14;10794;14;;;10803;8;10807;18;;;10800.0;0.0
yf_BGS_d14;13100;ASH_COATED_OSMIUM;9919;10;9917;29;;;9925;14;9928;18;;;9922.0;0.0
yf_BGS_d14;13100;INTARIAN_PEPPER_ROOT;10797;8;10795;15;;;10803;10;10806;22;;;10800.0;0.0
yf_BGS_d14;13200;ASH_COATED_OSMIUM;9918;16;9914;15;;;9926;11;9929;24;;;9922.0;0.0
yf_BGS_d14;13200;INTARIAN_PEPPER_ROOT;10797;16;10793;10;;;10803;16;10807;27;;;10800.0;0.0
yf_BGS_d14;13300;ASH_COATED_OSMIUM;9917;13;9914;21;;;9928;10;9930;15;;;9922.5;0.0
yf_BGS_d14;13300;INTARIAN_PEPPER_ROOT;10797;21;10794;11;;;10803;8;10807;22;;;10800.0;0.0
yf_BGS_d14;13400;ASH_COATED_OSMIUM;9919;19;9916;15;;;9925;19;9929;13;;;9922.0;0.0
yf_BGS_d14;13400;INTARIAN_PEPPER_ROOT;10796;14;10793;18;;;10802;20;10805;25;;;10799.0;0.0
yf_BGS_d14;13500;ASH_COATED_OSMIUM;9912;19;9909;17;;;9933;17;9936;19;;;9922.5;0.0
yf_BGS_d14;13500;INTARIAN_PEPPER_ROOT;10789;11;10785;21;;;10809;10;10811;9;;;10799.0;0.0
yf_BGS_d14;13600;ASH_COATED_OSMIUM;9918;14;9916;21;;;9927;6;9929;19;;;9922.5;0.0
yf_BGS_d14;13600;INTARIAN_PEPPER_ROOT;10795;21;10793;16;;;10804;16;10808;16;;;10799.5;0.0
yf_BGS_d14;13700;ASH_COATED_OSMIUM;9910;16;9906;26;;;9935;19;9937;22;;;9922.5;0.0
yf_BGS_d14;13700;INTARIAN_PEPPER_ROOT;10795;14;10792;8;;;10801;15;10804;13;;;10798.0;0.0
yf_BGS_d14;13800;ASH_COATED_OSMIUM;9918;25;9915;16;;;9927;15;9930;23;;;9922.5;0.0
yf_BGS_d14;13800;INTARIAN_PEPPER_ROOT;10796;8;10794;18;;;10802;7;10804;11;;;10799.0;0.0
yf_BGS_d14;13900;ASH_COATED_OSMIUM;9920;14;9917;19;;;9926;16;9929;13;;;9923.0;0.0
yf_BGS_d14;13900;INTARIAN_PEPPER_ROOT;10795;15;10791;14;;;10801;13;10804;21;;;10798.0;0.0
yf_BGS_d14;14000;ASH_COATED_OSMIUM;9920;20;9917;24;;;9926;20;9929;19;;;9923.0;0.0
yf_BGS_d14;14000;INTARIAN_PEPPER_ROOT;10791;16;10787;20;;;10805;14;10809;21;;;10798.0;0.0
yf_BGS_d14;14100;ASH_COATED_OSMIUM;9919;9;9915;22;;;9927;12;9929;22;;;9923.0;0.0
yf_BGS_d14;14100;INTARIAN_PEPPER_ROOT;10795;23;10793;16;;;10801;15;10805;20;;;10798.0;0.0
yf_BGS_d14;14200;ASH_COATED_OSMIUM;9920;13;9917;25;;;9926;14;9930;22;;;9923.0;0.0
yf_BGS_d14;14200;INTARIAN_PEPPER_ROOT;10794;9;10790;22;;;10800;15;10804;29;;;10797.0;0.0
yf_BGS_d14;14300;ASH_COATED_OSMIUM;9920;17;9916;12;;;9926;17;9930;19;;;9923.0;0.0
yf_BGS_d14;14300;INTARIAN_PEPPER_ROOT;10794;14;10791;26;;;10800;18;10804;23;;;10797.0;0.0
yf_BGS_d14;14400;ASH_COATED_OSMIUM;9920;13;9918;21;;;9926;19;9930;14;;;9923.0;0.0
yf_BGS_d14;14400;INTARIAN_PEPPER_ROOT;10786;14;10783;22;;;10806;9;10808;21;;;10796.0;0.0
yf_BGS_d14;14500;ASH_COATED_OSMIUM;9916;10;9913;21;;;9930;17;9933;15;;;9923.0;0.0
yf_BGS_d14;14500;INTARIAN_PEPPER_ROOT;10790;23;10788;22;;;10803;21;10807;22;;;10796.5;0.0
yf_BGS_d14;14600;ASH_COATED_OSMIUM;9919;17;9916;18;;;9927;18;9929;17;;;9923.0;0.0
yf_BGS_d14;14600;INTARIAN_PEPPER_ROOT;10794;15;10792;21;;;10800;16;10802;15;;;10797.0;0.0
yf_BGS_d14;14700;ASH_COATED_OSMIUM;9921;10;9917;16;;;9927;19;9930;19;;;9924.0;0.0
yf_BGS_d14;14700;INTARIAN_PEPPER_ROOT;10793;16;10791;23;;;10799;15;10801;21;;;10796.0;0.0
yf_BGS_d14;14800;ASH_COATED_OSMIUM;9920;13;9917;19;;;9926;10;9928;14;;;9923.0;0.0
yf_BGS_d14;14800;INTARIAN_PEPPER_ROOT;10789;16;10785;21;;;10803;22;10807;20;;;10796.0;0.0
yf_BGS_d14;14900;ASH_COATED_OSMIUM;9921;12;9917;13;;;9927;5;9930;19;;;9924.0;0.0
yf_BGS_d14;14900;INTARIAN_PEPPER_ROOT;10792;15;10789;16;;;10798;20;10800;27;;;10795.0;0.0
yf_BGS_d14;15000;ASH_COATED_OSMIUM;9917;14;9913;26;;;9931;14;9934;16;;;9924.0;0.0
yf_BGS_d14;15000;INTARIAN_PEPPER_ROOT;10786;19;10782;12;;;10804;7;10807;18;;;10795.0;0.0
yf_BGS_d14;15100;ASH_COATED_OSMIUM;9918;17;9914;16;;;9929;14;9933;13;;;9923.5;0.0
yf_BGS_d14;15100;INTARIAN_PEPPER_ROOT;10791;22;10788;11;;;10797;14;10801;30;;;10794.0;0.0
yf_BGS_d14;15200;ASH_COATED_OSMIUM;9920;5;9917;19;;;9928;22;9932;14;;;9924.0;0.0
yf_BGS_d14;15200;INTARIAN_PEPPER_ROOT;10781;16;10777;23;;;10810;15;10812;17;;;10795.5;0.0
yf_BGS_d14;15300;ASH_COATED_OSMIUM;9914;24;9911;24;;;9935;5;9938;19;;;9924.5;0.0
yf_BGS_d14;15300;INTARIAN_PEPPER_ROOT;10791;24;10787;14;;;10797;16;10801;23;;;10794.0;0.0
yf_BGS_d14;15400;ASH_COATED_OSMIUM;9921;15;9919;17;;;9927;15;9930;22;;;9924.0;0.0
yf_BGS_d14;15400;INTARIAN_PEPPER_ROOT;10790;16;10787;28;;;10799;6;10803;14;;;10794.5;0.0
yf_BGS_d14;15500;ASH_COATED_OSMIUM;9919;11;9916;13;;;9929;10;9931;19;;;9924.0;0.0
yf_BGS_d14;15500;INTARIAN_PEPPER_ROOT;10791;8;10787;16;;;10797;14;10800;16;;;10794.0;0.0
yf_BGS_d14;15600;ASH_COATED_OSMIUM;9921;19;9918;14;;;9927;11;9930;17;;;9924.0;0.0
yf_BGS_d14;15600;INTARIAN_PEPPER_ROOT;10790;20;10787;14;;;10796;18;10798;20;;;10793.0;0.0
yf_BGS_d14;15700;ASH_COATED_OSMIUM;9921;16;9919;20;;;9927;19;9931;18;;;9924.0;0.0
yf_BGS_d14;15700;INTARIAN_PEPPER_ROOT;10790;13;10787;26;;;10796;11;10798;18;;;10793.0;0.0
yf_BGS_d14;15800;ASH_COATED_OSMIUM;9915;22;9912;26;;;9933;6;9935;10;;;9924.0;0.0
yf_BGS_d14;15800;INTARIAN_PEPPER_ROOT;10790;11;10788;13;;;10796;15;10799;19;;;10793.0;0.0
yf_BGS_d14;15900;ASH_COATED_OSMIUM;9921;23;9918;22;;;9927;18;9930;24;;;9924.0;0.0
yf_BGS_d14;15900;INTARIAN_PEPPER_ROOT;10788;19;10786;20;;;10797;19;10800;19;;;10792.5;0.0
yf_BGS_d14;16000;ASH_COATED_OSMIUM;9921;18;9917;20;;;9927;15;9929;20;;;9924.0;0.0
yf_BGS_d14;16000;INTARIAN_PEPPER_ROOT;10790;19;10786;21;;;10796;16;10800;20;;;10793.0;0.0
yf_BGS_d14;16100;ASH_COATED_OSMIUM;9922;18;9920;18;;;9928;10;9930;28;;;9925.0;0.0
yf_BGS_d14;16100;INTARIAN_PEPPER_ROOT;10789;9;10786;18;;;10795;6;10799;21;;;10792.0;0.0
yf_BGS_d14;16200;ASH_COATED_OSMIUM;9922;11;9920;28;;;9928;24;9931;17;;;9925.0;0.0
yf_BGS_d14;16200;INTARIAN_PEPPER_ROOT;10789;17;10787;22;;;10795;23;10799;21;;;10792.0;0.0
yf_BGS_d14;16300;ASH_COATED_OSMIUM;9922;16;9920;14;;;9928;12;9932;17;;;9925.0;0.0
yf_BGS_d14;16300;INTARIAN_PEPPER_ROOT;10788;5;10785;8;;;10794;18;10796;20;;;10791.0;0.0
yf_BGS_d14;16400;ASH_COATED_OSMIUM;9921;16;9917;21;;;9927;17;9931;18;;;9924.0;0.0
yf_BGS_d14;16400;INTARIAN_PEPPER_ROOT;10786;14;10784;32;;;10795;18;10798;13;;;10790.5;0.0
yf_BGS_d14;16500;ASH_COATED_OSMIUM;9920;17;9918;17;;;9930;10;9933;17;;;9925.0;0.0
yf_BGS_d14;16500;INTARIAN_PEPPER_ROOT;10788;16;10785;26;;;10794;11;10798;15;;;10791.0;0.0
yf_BGS_d14;16600;ASH_COATED_OSMIUM;9920;10;9917;14;;;9930;16;9933;24;;;9925.0;0.0
yf_BGS_d14;16600;INTARIAN_PEPPER_ROOT;10787;9;10784;21;;;10796;8;10799;18;;;10791.5;0.0
yf_BGS_d14;16700;ASH_COATED_OSMIUM;9918;19;9914;22;;;9932;5;9935;32;;;9925.0;0.0
yf_BGS_d14;16700;INTARIAN_PEPPER_ROOT;10787;22;10783;17;;;10793;17;10797;25;;;10790.0;0.0
yf_BGS_d14;16800;ASH_COATED_OSMIUM;9907;6;9903;19;;;9942;12;9946;11;;;9924.5;0.0
yf_BGS_d14;16800;INTARIAN_PEPPER_ROOT;10787;22;10783;20;;;10794;20;10797;18;;;10790.5;0.0
yf_BGS_d14;16900;ASH_COATED_OSMIUM;9917;9;9913;21;;;9932;10;9936;14;;;9924.5;0.0
yf_BGS_d14;16900;INTARIAN_PEPPER_ROOT;10787;19;10783;18;;;10793;11;10795;19;;;10790.0;0.0
yf_BGS_d14;17000;ASH_COATED_OSMIUM;9922;11;9918;28;;;9928;17;9931;26;;;9925.0;0.0
yf_BGS_d14;17000;INTARIAN_PEPPER_ROOT;10783;10;10779;15;;;10797;20;10799;18;;;10790.0;0.0
yf_BGS_d14;17100;ASH_COATED_OSMIUM;9922;17;9919;17;;;9928;16;9932;16;;;9925.0;0.0
yf_BGS_d14;17100;INTARIAN_PEPPER_ROOT;10786;18;10782;20;;;10792;16;10796;14;;;10789.0;0.0
yf_BGS_d14;17200;ASH_COATED_OSMIUM;9915;30;9911;9;;;9936;9;9938;17;;;9925.5;0.0
yf_BGS_d14;17200;INTARIAN_PEPPER_ROOT;10784;18;10781;22;;;10790;6;10794;18;;;10787.0;0.0
yf_BGS_d14;17300;ASH_COATED_OSMIUM;9914;6;9911;21;;;9939;19;9942;18;;;9926.5;0.0
yf_BGS_d14;17300;INTARIAN_PEPPER_ROOT;10784;15;10781;23;;;10790;30;10793;22;;;10787.0;0.0
yf_BGS_d14;17400;ASH_COATED_OSMIUM;9923;17;9921;10;;;9929;7;9931;22;;;9926.0;0.0
yf_BGS_d14;17400;INTARIAN_PEPPER_ROOT;10782;25;10779;21;;;10788;20;10790;28;;;10785.0;0.0
yf_BGS_d14;17500;ASH_COATED_OSMIUM;9922;11;9918;22;;;9928;11;9932;26;;;9925.0;0.0
yf_BGS_d14;17500;INTARIAN_PEPPER_ROOT;10781;17;10777;17;;;10787;16;10791;24;;;10784.0;0.0
yf_BGS_d14;17600;ASH_COATED_OSMIUM;9920;12;9918;21;;;9930;22;9932;22;;;9925.0;0.0
yf_BGS_d14;17600;INTARIAN_PEPPER_ROOT;10771;24;10768;23;;;10796;13;10799;26;;;10783.5;0.0
yf_BGS_d14;17700;ASH_COATED_OSMIUM;9923;18;9919;23;;;9929;15;9932;28;;;9926.0;0.0
yf_BGS_d14;17700;INTARIAN_PEPPER_ROOT;10779;16;10775;11;;;10785;28;10789;20;;;10782.0;0.0
yf_BGS_d14;17800;ASH_COATED_OSMIUM;9920;20;9917;23;;;9931;19;9934;21;;;9925.5;0.0
yf_BGS_d14;17800;INTARIAN_PEPPER_ROOT;10770;12;10767;24;;;10792;18;10794;23;;;10781.0;0.0
yf_BGS_d14;17900;ASH_COATED_OSMIUM;9923;19;9921;20;;;9929;19;9931;20;;;9926.0;0.0
yf_BGS_d14;17900;INTARIAN_PEPPER_ROOT;10777;22;10774;19;;;10783;5;10786;10;;;10780.0;0.0
yf_BGS_d14;18000;ASH_COATED_OSMIUM;9922;12;9920;22;;;9930;20;9932;27;;;9926.0;0.0
yf_BGS_d14;18000;INTARIAN_PEPPER_ROOT;10775;14;10771;13;;;10784;6;10786;13;;;10779.5;0.0
yf_BGS_d14;18100;ASH_COATED_OSMIUM;9923;10;9919;18;;;9929;26;9931;23;;;9926.0;0.0
yf_BGS_d14;18100;INTARIAN_PEPPER_ROOT;10773;12;10771;19;;;10783;19;10787;14;;;10778.0;0.0
yf_BGS_d14;18200;ASH_COATED_OSMIUM;9923;16;9919;14;;;9929;15;9931;24;;;9926.0;0.0
yf_BGS_d14;18200;INTARIAN_PEPPER_ROOT;10774;8;10770;16;;;10780;14;10784;20;;;10777.0;0.0
yf_BGS_d14;18300;ASH_COATED_OSMIUM;9917;12;9913;20;;;9936;20;9939;21;;;9926.5;0.0
yf_BGS_d14;18300;INTARIAN_PEPPER_ROOT;10773;13;10769;16;;;10780;16;10782;17;;;10776.5;0.0
yf_BGS_d14;18400;ASH_COATED_OSMIUM;9923;19;9919;27;;;9929;20;9933;14;;;9926.0;0.0
yf_BGS_d14;18400;INTARIAN_PEPPER_ROOT;10773;19;10769;20;;;10779;21;10781;18;;;10776.0;0.0
yf_BGS_d14;18500;ASH_COATED_OSMIUM;9923;8;9919;29;;;9929;20;9931;21;;;9926.0;0.0
yf_BGS_d14;18500;INTARIAN_PEPPER_ROOT;10765;16;10763;19;;;10785;14;10789;22;;;10775.0;0.0
yf_BGS_d14;18600;ASH_COATED_OSMIUM;9923;14;9919;25;;;9929;12;9933;21;;;9926.0;0.0
yf_BGS_d14;18600;INTARIAN_PEPPER_ROOT;10752;11;10750;17;;;10792;10;10794;20;;;10772.0;0.0
yf_BGS_d14;18700;ASH_COATED_OSMIUM;9911;14;9908;31;;;9941;5;9943;18;;;9926.0;0.0
yf_BGS_d14;18700;INTARIAN_PEPPER_ROOT;10764;18;10761;19;;;10781;24;10785;21;;;10772.5;0.0
yf_BGS_d14;18800;ASH_COATED_OSMIUM;9914;22;9912;18;;;9937;7;9939;19;;;9925.5;0.0
yf_BGS_d14;18800;INTARIAN_PEPPER_ROOT;10768;10;10766;16;;;10774;6;10778;18;;;10771.0;0.0
yf_BGS_d14;18900;ASH_COATED_OSMIUM;9923;21;9919;20;;;9929;13;9931;19;;;9926.0;0.0
yf_BGS_d14;18900;INTARIAN_PEPPER_ROOT;10765;12;10761;18;;;10774;15;10776;18;;;10769.5;0.0
yf_BGS_d14;19000;ASH_COATED_OSMIUM;9923;14;9921;19;;;9929;18;9931;23;;;9926.0;0.0
yf_BGS_d14;19000;INTARIAN_PEPPER_ROOT;10764;13;10760;17;;;10774;11;10778;20;;;10769.0;0.0
yf_BGS_d14;19100;ASH_COATED_OSMIUM;9924;8;9920;21;;;9930;7;9933;22;;;9927.0;0.0
yf_BGS_d14;19100;INTARIAN_PEPPER_ROOT;10766;22;10762;13;;;10772;17;10775;19;;;10769.0;0.0
yf_BGS_d14;19200;ASH_COATED_OSMIUM;9907;14;9904;13;;;9945;11;9947;19;;;9926.0;0.0
yf_BGS_d14;19200;INTARIAN_PEPPER_ROOT;10764;19;10761;25;;;10770;18;10772;24;;;10767.0;0.0
yf_BGS_d14;19300;ASH_COATED_OSMIUM;9923;19;9919;19;;;9929;20;9933;14;;;9926.0;0.0
yf_BGS_d14;19300;INTARIAN_PEPPER_ROOT;10760;5;10756;16;;;10772;13;10774;18;;;10766.0;0.0
yf_BGS_d14;19400;ASH_COATED_OSMIUM;9924;19;9920;19;;;9930;5;9933;10;;;9927.0;0.0
yf_BGS_d14;19400;INTARIAN_PEPPER_ROOT;10762;19;10760;15;;;10768;14;10772;14;;;10765.0;0.0
yf_BGS_d14;19500;ASH_COATED_OSMIUM;9923;7;9919;15;;;9929;6;9932;22;;;9926.0;0.0
yf_BGS_d14;19500;INTARIAN_PEPPER_ROOT;10761;11;10759;18;;;10767;18;10771;24;;;10764.0;0.0
yf_BGS_d14;19600;ASH_COATED_OSMIUM;9919;16;9916;22;;;9935;13;9937;23;;;9927.0;0.0
yf_BGS_d14;19600;INTARIAN_PEPPER_ROOT;10760;9;10758;19;;;10766;20;10770;14;;;10763.0;0.0
yf_BGS_d14;19700;ASH_COATED_OSMIUM;9923;22;9919;22;;;9929;18;9931;19;;;9926.0;0.0
yf_BGS_d14;19700;INTARIAN_PEPPER_ROOT;10759;18;10755;22;;;10765;13;10767;22;;;10762.0;0.0
yf_BGS_d14;19800;ASH_COATED_OSMIUM;9924;15;9922;17;;;9930;17;9934;11;;;9927.0;0.0
yf_BGS_d14;19800;INTARIAN_PEPPER_ROOT;10752;13;10749;24;;;10773;13;10775;20;;;10762.5;0.0
yf_BGS_d14;19900;ASH_COATED_OSMIUM;9920;12;9918;17;;;9933;13;9937;27;;;9926.5;0.0
yf_BGS_d14;19900;INTARIAN_PEPPER_ROOT;10756;17;10753;24;;;10763;13;10766;18;;;10759.5;0.0
yf_BGS_d14;20000;ASH_COATED_OSMIUM;9921;9;9919;21;;;9932;21;9936;10;;;9926.5;0.0
yf_BGS_d14;20000;INTARIAN_PEPPER_ROOT;10756;22;10753;23;;;10762;18;10765;23;;;10759.0;0.0
yf_BGS_d14;20100;ASH_COATED_OSMIUM;9924;9;9922;20;;;9930;11;9934;15;;;9927.0;0.0
yf_BGS_d14;20100;INTARIAN_PEPPER_ROOT;10749;7;10747;20;;;10767;9;10770;10;;;10758.0;0.0
yf_BGS_d14;20200;ASH_COATED_OSMIUM;9917;11;9913;18;;;9936;22;9939;18;;;9926.5;0.0
yf_BGS_d14;20200;INTARIAN_PEPPER_ROOT;10754;13;10752;19;;;10760;16;10763;26;;;10757.0;0.0
yf_BGS_d14;20300;ASH_COATED_OSMIUM;9924;20;9920;19;;;9930;5;9934;14;;;9927.0;0.0
yf_BGS_d14;20300;INTARIAN_PEPPER_ROOT;10751;15;10748;14;;;10762;9;10766;20;;;10756.5;0.0
yf_BGS_d14;20400;ASH_COATED_OSMIUM;9916;17;9912;12;;;9939;20;9941;16;;;9927.5;0.0
yf_BGS_d14;20400;INTARIAN_PEPPER_ROOT;10752;16;10748;29;;;10758;16;10762;19;;;10755.0;0.0
yf_BGS_d14;20500;ASH_COATED_OSMIUM;9924;19;9922;12;;;9930;5;9934;15;;;9927.0;0.0
yf_BGS_d14;20500;INTARIAN_PEPPER_ROOT;10751;11;10748;20;;;10757;19;10761;20;;;10754.0;0.0
yf_BGS_d14;20600;ASH_COATED_OSMIUM;9923;14;9919;22;;;9932;21;9935;22;;;9927.5;0.0
yf_BGS_d14;20600;INTARIAN_PEPPER_ROOT;10749;21;10745;13;;;10756;13;10758;23;;;10752.5;0.0
yf_BGS_d14;20700;ASH_COATED_OSMIUM;9924;15;9920;20;;;9930;21;9932;28;;;9927.0;0.0
yf_BGS_d14;20700;INTARIAN_PEPPER_ROOT;10749;15;10746;15;;;10755;18;10757;22;;;10752.0;0.0
yf_BGS_d14;20800;ASH_COATED_OSMIUM;9924;21;9921;28;;;9930;15;9933;20;;;9927.0;0.0
yf_BGS_d14;20800;INTARIAN_PEPPER_ROOT;10747;11;10744;27;;;10754;13;10757;19;;;10750.5;0.0
yf_BGS_d14;20900;ASH_COATED_OSMIUM;9924;20;9922;13;;;9930;11;9932;19;;;9927.0;0.0
yf_BGS_d14;20900;INTARIAN_PEPPER_ROOT;10747;20;10743;19;;;10753;18;10757;19;;;10750.0;0.0
yf_BGS_d14;21000;ASH_COATED_OSMIUM;9921;15;9918;9;;;9933;7;9936;16;;;9927.0;0.0
yf_BGS_d14;21000;INTARIAN_PEPPER_ROOT;10746;22;10743;18;;;10752;15;10756;22;;;10749.0;0.0
yf_BGS_d14;21100;ASH_COATED_OSMIUM;9921;16;9917;15;;;9934;11;9936;24;;;9927.5;0.0
yf_BGS_d14;21100;INTARIAN_PEPPER_ROOT;10744;13;10742;17;;;10752;9;10754;27;;;10748.0;0.0
yf_BGS_d14;21200;ASH_COATED_OSMIUM;9925;22;9922;25;;;9931;24;9934;27;;;9928.0;0.0
yf_BGS_d14;21200;INTARIAN_PEPPER_ROOT;10744;10;10741;28;;;10751;15;10754;20;;;10747.5;0.0
yf_BGS_d14;21300;ASH_COATED_OSMIUM;9915;23;9912;20;;;9940;10;9944;24;;;9927.5;0.0
yf_BGS_d14;21300;INTARIAN_PEPPER_ROOT;10743;19;10741;19;;;10749;13;10751;16;;;10746.0;0.0
yf_BGS_d14;21400;ASH_COATED_OSMIUM;9925;18;9922;25;;;9931;21;9935;19;;;9928.0;0.0
yf_BGS_d14;21400;INTARIAN_PEPPER_ROOT;10742;5;10738;23;;;10748;5;10750;17;;;10745.0;0.0
yf_BGS_d14;21500;ASH_COATED_OSMIUM;9925;17;9921;17;;;9931;6;9933;23;;;9928.0;0.0
yf_BGS_d14;21500;INTARIAN_PEPPER_ROOT;10737;13;10733;17;;;10750;17;10754;15;;;10743.5;0.0
yf_BGS_d14;21600;ASH_COATED_OSMIUM;9925;15;9921;19;;;9931;18;9933;25;;;9928.0;0.0
yf_BGS_d14;21600;INTARIAN_PEPPER_ROOT;10735;20;10733;17;;;10753;14;10757;25;;;10744.0;0.0
yf_BGS_d14;21700;ASH_COATED_OSMIUM;9910;16;9907;32;;;9945;18;9947;25;;;9927.5;0.0
yf_BGS_d14;21700;INTARIAN_PEPPER_ROOT;10734;12;10732;17;;;10751;7;10755;26;;;10742.5;0.0
yf_BGS_d14;21800;ASH_COATED_OSMIUM;9925;22;9923;18;;;9931;13;9934;23;;;9928.0;0.0
yf_BGS_d14;21800;INTARIAN_PEPPER_ROOT;10738;16;10736;21;;;10745;22;10747;16;;;10741.5;0.0
yf_BGS_d14;21900;ASH_COATED_OSMIUM;9908;6;9905;17;;;9947;18;9950;21;;;9927.5;0.0
yf_BGS_d14;21900;INTARIAN_PEPPER_ROOT;10737;13;10733;16;;;10743;24;10746;24;;;10740.0;0.0
yf_BGS_d14;22000;ASH_COATED_OSMIUM;9924;13;9922;18;;;9931;8;9935;22;;;9927.5;0.0
yf_BGS_d14;22000;INTARIAN_PEPPER_ROOT;10736;15;10734;27;;;10742;16;10745;11;;;10739.0;0.0
yf_BGS_d14;22100;ASH_COATED_OSMIUM;9924;19;9921;22;;;9931;13;9933;21;;;9927.5;0.0
yf_BGS_d14;22100;INTARIAN_PEPPER_ROOT;10735;12;10733;28;;;10741;20;10743;16;;;10738.0;0.0
yf_BGS_d14;22200;ASH_COATED_OSMIUM;9925;17;9923;16;;;9931;18;9933;16;;;9928.0;0.0
yf_BGS_d14;22200;INTARIAN_PEPPER_ROOT;10733;18;10730;20;;;10742;9;10746;19;;;10737.5;0.0
yf_BGS_d14;22300;ASH_COATED_OSMIUM;9926;14;9923;21;;;9932;13;9935;18;;;9929.0;0.0
yf_BGS_d14;22300;INTARIAN_PEPPER_ROOT;10734;20;10730;17;;;10740;8;10744;18;;;10737.0;0.0
yf_BGS_d14;22400;ASH_COATED_OSMIUM;9922;11;9920;31;;;9934;23;9937;13;;;9928.0;0.0
yf_BGS_d14;22400;INTARIAN_PEPPER_ROOT;10733;11;10731;25;;;10739;11;10742;16;;;10736.0;0.0
yf_BGS_d14;22500;ASH_COATED_OSMIUM;9925;16;9923;8;;;9931;22;9934;19;;;9928.0;0.0
yf_BGS_d14;22500;INTARIAN_PEPPER_ROOT;10731;16;10729;14;;;10737;12;10739;19;;;10734.0;0.0
yf_BGS_d14;22600;ASH_COATED_OSMIUM;9925;12;9922;21;;;9931;14;9934;20;;;9928.0;0.0
yf_BGS_d14;22600;INTARIAN_PEPPER_ROOT;10727;15;10723;24;;;10740;10;10743;14;;;10733.5;0.0
yf_BGS_d14;22700;ASH_COATED_OSMIUM;9913;18;9909;24;;;9944;12;9946;20;;;9928.5;0.0
yf_BGS_d14;22700;INTARIAN_PEPPER_ROOT;10729;10;10726;19;;;10735;17;10737;20;;;10732.0;0.0
yf_BGS_d14;22800;ASH_COATED_OSMIUM;9924;7;9921;16;;;9932;18;9935;12;;;9928.0;0.0
yf_BGS_d14;22800;INTARIAN_PEPPER_ROOT;10725;24;10722;19;;;10738;9;10740;26;;;10731.5;0.0
yf_BGS_d14;22900;ASH_COATED_OSMIUM;9922;8;9920;17;;;9934;12;9936;20;;;9928.0;0.0
yf_BGS_d14;22900;INTARIAN_PEPPER_ROOT;10728;10;10726;26;;;10734;14;10736;23;;;10731.0;0.0
yf_BGS_d14;23000;ASH_COATED_OSMIUM;9923;13;9919;14;;;9934;12;9936;13;;;9928.5;0.0
yf_BGS_d14;23000;INTARIAN_PEPPER_ROOT;10726;9;10724;16;;;10732;22;10735;21;;;10729.0;0.0
yf_BGS_d14;23100;ASH_COATED_OSMIUM;9926;14;9922;14;;;9932;13;9935;20;;;9929.0;0.0
yf_BGS_d14;23100;INTARIAN_PEPPER_ROOT;10725;12;10723;22;;;10731;10;10733;20;;;10728.0;0.0
yf_BGS_d14;23200;ASH_COATED_OSMIUM;9925;12;9922;26;;;9931;13;9933;11;;;9928.0;0.0
yf_BGS_d14;23200;INTARIAN_PEPPER_ROOT;10723;14;10719;30;;;10731;12;10735;19;;;10727.0;0.0
yf_BGS_d14;23300;ASH_COATED_OSMIUM;9925;7;9923;15;;;9931;10;9934;18;;;9928.0;0.0
yf_BGS_d14;23300;INTARIAN_PEPPER_ROOT;10723;15;10721;19;;;10729;17;10732;19;;;10726.0;0.0
yf_BGS_d14;23400;ASH_COATED_OSMIUM;9921;9;9919;23;;;9936;17;9940;21;;;9928.5;0.0
yf_BGS_d14;23400;INTARIAN_PEPPER_ROOT;10720;13;10716;20;;;10729;17;10733;21;;;10724.5;0.0
yf_BGS_d14;23500;ASH_COATED_OSMIUM;9925;10;9923;13;;;9931;11;9935;24;;;9928.0;0.0
yf_BGS_d14;23500;INTARIAN_PEPPER_ROOT;10716;13;10714;21;;;10731;17;10733;17;;;10723.5;0.0
yf_BGS_d14;23600;ASH_COATED_OSMIUM;9925;16;9921;20;;;9932;13;9934;17;;;9928.5;0.0
yf_BGS_d14;23600;INTARIAN_PEPPER_ROOT;10721;11;10719;18;;;10727;5;10729;18;;;10724.0;0.0
yf_BGS_d14;23700;ASH_COATED_OSMIUM;9925;21;9921;14;;;9932;20;9936;19;;;9928.5;0.0
yf_BGS_d14;23700;INTARIAN_PEPPER_ROOT;10719;23;10716;14;;;10725;9;10729;14;;;10722.0;0.0
yf_BGS_d14;23800;ASH_COATED_OSMIUM;9925;18;9921;18;;;9932;11;9934;19;;;9928.5;0.0
yf_BGS_d14;23800;INTARIAN_PEPPER_ROOT;10718;26;10714;12;;;10724;21;10726;19;;;10721.0;0.0
yf_BGS_d14;23900;ASH_COATED_OSMIUM;9925;13;9923;23;;;9934;9;9937;16;;;9929.5;0.0
yf_BGS_d14;23900;INTARIAN_PEPPER_ROOT;10717;12;10715;14;;;10723;17;10727;20;;;10720.0;0.0
yf_BGS_d14;24000;ASH_COATED_OSMIUM;9925;26;9921;9;;;9933;13;9935;14;;;9929.0;0.0
yf_BGS_d14;24000;INTARIAN_PEPPER_ROOT;10709;16;10705;12;;;10730;12;10733;27;;;10719.5;0.0
yf_BGS_d14;24100;ASH_COATED_OSMIUM;9924;12;9922;27;;;9935;12;9939;13;;;9929.5;0.0
yf_BGS_d14;24100;INTARIAN_PEPPER_ROOT;10716;12;10713;26;;;10722;20;10726;23;;;10719.0;0.0
yf_BGS_d14;24200;ASH_COATED_OSMIUM;9926;6;9923;17;;;9933;12;9936;21;;;9929.5;0.0
yf_BGS_d14;24200;INTARIAN_PEPPER_ROOT;10715;10;10711;20;;;10721;13;10723;20;;;10718.0;0.0
yf_BGS_d14;24300;ASH_COATED_OSMIUM;9914;13;9911;15;;;9945;12;9948;12;;;9929.5;0.0
yf_BGS_d14;24300;INTARIAN_PEPPER_ROOT;10708;7;10705;23;;;10725;24;10727;8;;;10716.5;0.0
yf_BGS_d14;24400;ASH_COATED_OSMIUM;9927;18;9923;19;;;9933;15;9935;19;;;9930.0;0.0
yf_BGS_d14;24400;INTARIAN_PEPPER_ROOT;10712;15;10710;13;;;10718;17;10722;14;;;10715.0;0.0
yf_BGS_d14;24500;ASH_COATED_OSMIUM;9926;18;9922;27;;;9932;19;9936;20;;;9929.0;0.0
yf_BGS_d14;24500;INTARIAN_PEPPER_ROOT;10711;26;10709;16;;;10717;13;10720;16;;;10714.0;0.0
yf_BGS_d14;24600;ASH_COATED_OSMIUM;9926;15;9924;16;;;9932;17;9935;8;;;9929.0;0.0
yf_BGS_d14;24600;INTARIAN_PEPPER_ROOT;10710;19;10706;24;;;10716;16;10718;21;;;10713.0;0.0
yf_BGS_d14;24700;ASH_COATED_OSMIUM;9925;23;9922;23;;;9934;10;9938;23;;;9929.5;0.0
yf_BGS_d14;24700;INTARIAN_PEPPER_ROOT;10709;11;10705;21;;;10715;11;10718;17;;;10712.0;0.0
yf_BGS_d14;24800;ASH_COATED_OSMIUM;9917;13;9915;16;;;9942;17;9946;21;;;9929.5;0.0
yf_BGS_d14;24800;INTARIAN_PEPPER_ROOT;10707;16;10705;26;;;10716;14;10719;20;;;10711.5;0.0
yf_BGS_d14;24900;ASH_COATED_OSMIUM;9927;14;9924;21;;;9933;8;9936;24;;;9930.0;0.0
yf_BGS_d14;24900;INTARIAN_PEPPER_ROOT;10703;9;10700;19;;;10718;7;10720;23;;;10710.5;0.0
yf_BGS_d14;25000;ASH_COATED_OSMIUM;9926;19;9924;15;;;9932;9;9935;24;;;9929.0;0.0
yf_BGS_d14;25000;INTARIAN_PEPPER_ROOT;10700;15;10696;22;;;10719;8;10722;17;;;10709.5;0.0
yf_BGS_d14;25100;ASH_COATED_OSMIUM;9927;17;9925;18;;;9933;12;9936;21;;;9930.0;0.0
yf_BGS_d14;25100;INTARIAN_PEPPER_ROOT;10706;16;10702;25;;;10712;15;10714;14;;;10709.0;0.0
yf_BGS_d14;25200;ASH_COATED_OSMIUM;9925;12;9921;12;;;9934;14;9936;27;;;9929.5;0.0
yf_BGS_d14;25200;INTARIAN_PEPPER_ROOT;10704;17;10701;18;;;10710;16;10714;19;;;10707.0;0.0
yf_BGS_d14;25300;ASH_COATED_OSMIUM;9926;10;9923;16;;;9933;16;9936;17;;;9929.5;0.0
yf_BGS_d14;25300;INTARIAN_PEPPER_ROOT;10704;11;10701;18;;;10710;19;10713;20;;;10707.0;0.0
yf_BGS_d14;25400;ASH_COATED_OSMIUM;9925;13;9922;24;;;9933;21;9935;25;;;9929.0;0.0
yf_BGS_d14;25400;INTARIAN_PEPPER_ROOT;10701;17;10697;21;;;10709;10;10711;15;;;10705.0;0.0
yf_BGS_d14;25500;ASH_COATED_OSMIUM;9927;25;9925;23;;;9933;19;9937;24;;;9930.0;0.0
yf_BGS_d14;25500;INTARIAN_PEPPER_ROOT;10701;15;10699;21;;;10707;17;10709;17;;;10704.0;0.0
yf_BGS_d14;25600;ASH_COATED_OSMIUM;9927;19;9924;16;;;9933;21;9936;19;;;9930.0;0.0
yf_BGS_d14;25600;INTARIAN_PEPPER_ROOT;10697;19;10693;24;;;10711;13;10715;14;;;10704.0;0.0
yf_BGS_d14;25700;ASH_COATED_OSMIUM;9920;22;9917;31;;;9940;12;9942;17;;;9930.0;0.0
yf_BGS_d14;25700;INTARIAN_PEPPER_ROOT;10699;14;10696;27;;;10705;10;10707;20;;;10702.0;0.0
yf_BGS_d14;25800;ASH_COATED_OSMIUM;9925;8;9921;21;;;9935;22;9938;23;;;9930.0;0.0
yf_BGS_d14;25800;INTARIAN_PEPPER_ROOT;10698;10;10695;20;;;10704;11;10707;15;;;10701.0;0.0
yf_BGS_d14;25900;ASH_COATED_OSMIUM;9927;9;9925;10;;;9933;13;9937;21;;;9930.0;0.0
yf_BGS_d14;25900;INTARIAN_PEPPER_ROOT;10697;11;10695;21;;;10703;18;10705;17;;;10700.0;0.0
yf_BGS_d14;26000;ASH_COATED_OSMIUM;9927;20;9923;8;;;9933;17;9936;26;;;9930.0;0.0
yf_BGS_d14;26000;INTARIAN_PEPPER_ROOT;10696;18;10692;29;;;10702;11;10706;28;;;10699.0;0.0
yf_BGS_d14;26100;ASH_COATED_OSMIUM;9927;5;9925;27;;;9934;12;9938;22;;;9930.5;0.0
yf_BGS_d14;26100;INTARIAN_PEPPER_ROOT;10695;12;10692;23;;;10701;11;10705;13;;;10698.0;0.0
yf_BGS_d14;26200;ASH_COATED_OSMIUM;9927;24;9925;12;;;9933;16;9937;18;;;9930.0;0.0
yf_BGS_d14;26200;INTARIAN_PEPPER_ROOT;10695;14;10692;23;;;10701;15;10705;23;;;10698.0;0.0
yf_BGS_d14;26300;ASH_COATED_OSMIUM;9927;14;9923;21;;;9933;20;9935;24;;;9930.0;0.0
yf_BGS_d14;26300;INTARIAN_PEPPER_ROOT;10686;8;10684;21;;;10708;27;10711;24;;;10697.0;0.0
yf_BGS_d14;26400;ASH_COATED_OSMIUM;9927;22;9925;19;;;9933;10;9937;16;;;9930.0;0.0
yf_BGS_d14;26400;INTARIAN_PEPPER_ROOT;10680;19;10676;17;;;10711;12;10715;25;;;10695.5;0.0
yf_BGS_d14;26500;ASH_COATED_OSMIUM;9925;14;9921;24;;;9935;18;9939;17;;;9930.0;0.0
yf_BGS_d14;26500;INTARIAN_PEPPER_ROOT;10692;13;10689;24;;;10698;17;10701;14;;;10695.0;0.0
yf_BGS_d14;26600;ASH_COATED_OSMIUM;9925;24;9923;20;;;9936;15;9940;22;;;9930.5;0.0
yf_BGS_d14;26600;INTARIAN_PEPPER_ROOT;10690;13;10686;14;;;10696;14;10698;20;;;10693.0;0.0
yf_BGS_d14;26700;ASH_COATED_OSMIUM;9928;27;9925;20;;;9934;21;9937;16;;;9931.0;0.0
yf_BGS_d14;26700;INTARIAN_PEPPER_ROOT;10689;5;10686;20;;;10695;16;10697;15;;;10692.0;0.0
yf_BGS_d14;26800;ASH_COATED_OSMIUM;9927;13;9924;23;;;9933;18;9936;19;;;9930.0;0.0
yf_BGS_d14;26800;INTARIAN_PEPPER_ROOT;10689;16;10687;25;;;10695;11;10697;22;;;10692.0;0.0
yf_BGS_d14;26900;ASH_COATED_OSMIUM;9924;14;9921;19;;;9937;15;9940;24;;;9930.5;0.0
yf_BGS_d14;26900;INTARIAN_PEPPER_ROOT;10688;10;10686;26;;;10694;15;10696;16;;;10691.0;0.0
yf_BGS_d14;27000;ASH_COATED_OSMIUM;9918;17;9916;16;;;9942;21;9944;12;;;9930.0;0.0
yf_BGS_d14;27000;INTARIAN_PEPPER_ROOT;10687;17;10685;15;;;10693;27;10696;20;;;10690.0;0.0
yf_BGS_d14;27100;ASH_COATED_OSMIUM;9928;16;9925;26;;;9934;12;9936;17;;;9931.0;0.0
yf_BGS_d14;27100;INTARIAN_PEPPER_ROOT;10685;8;10682;23;;;10692;11;10696;19;;;10688.5;0.0
yf_BGS_d14;27200;ASH_COATED_OSMIUM;9928;21;9926;19;;;9934;6;9938;18;;;9931.0;0.0
yf_BGS_d14;27200;INTARIAN_PEPPER_ROOT;10675;18;10671;20;;;10700;13;10704;17;;;10687.5;0.0
yf_BGS_d14;27300;ASH_COATED_OSMIUM;9928;12;9924;19;;;9934;13;9936;16;;;9931.0;0.0
yf_BGS_d14;27300;INTARIAN_PEPPER_ROOT;10684;21;10682;18;;;10690;18;10692;17;;;10687.0;0.0
yf_BGS_d14;27400;ASH_COATED_OSMIUM;9928;7;9925;19;;;9934;8;9937;23;;;9931.0;0.0
yf_BGS_d14;27400;INTARIAN_PEPPER_ROOT;10679;18;10676;17;;;10691;8;10694;23;;;10685.0;0.0
yf_BGS_d14;27500;ASH_COATED_OSMIUM;9916;17;9914;21;;;9944;10;9948;14;;;9930.0;0.0
yf_BGS_d14;27500;INTARIAN_PEPPER_ROOT;10682;25;10679;24;;;10688;13;10691;9;;;10685.0;0.0
yf_BGS_d14;27600;ASH_COATED_OSMIUM;9928;5;9926;9;;;9934;30;9938;25;;;9931.0;0.0
yf_BGS_d14;27600;INTARIAN_PEPPER_ROOT;10681;12;10677;24;;;10687;15;10690;12;;;10684.0;0.0
yf_BGS_d14;27700;ASH_COATED_OSMIUM;9925;17;9923;19;;;9935;14;9937;15;;;9930.0;0.0
yf_BGS_d14;27700;INTARIAN_PEPPER_ROOT;10677;9;10675;26;;;10688;13;10690;20;;;10682.5;0.0
yf_BGS_d14;27800;ASH_COATED_OSMIUM;9924;8;9920;23;;;9937;14;9939;11;;;9930.5;0.0
yf_BGS_d14;27800;INTARIAN_PEPPER_ROOT;10678;18;10675;26;;;10685;14;10687;21;;;10681.5;0.0
yf_BGS_d14;27900;ASH_COATED_OSMIUM;9928;25;9926;25;;;9934;11;9937;25;;;9931.0;0.0
yf_BGS_d14;27900;INTARIAN_PEPPER_ROOT;10677;16;10674;21;;;10683;16;10686;20;;;10680.0;0.0
yf_BGS_d14;28000;ASH_COATED_OSMIUM;9927;11;9923;24;;;9935;14;9939;18;;;9931.0;0.0
yf_BGS_d14;28000;INTARIAN_PEPPER_ROOT;10674;6;10670;21;;;10685;12;10688;20;;;10679.5;0.0
yf_BGS_d14;28100;ASH_COATED_OSMIUM;9927;20;9924;26;;;9936;19;9939;16;;;9931.5;0.0
yf_BGS_d14;28100;INTARIAN_PEPPER_ROOT;10676;9;10673;17;;;10682;12;10685;19;;;10679.0;0.0
yf_BGS_d14;28200;ASH_COATED_OSMIUM;9920;16;9917;25;;;9943;14;9947;19;;;9931.5;0.0
yf_BGS_d14;28200;INTARIAN_PEPPER_ROOT;10673;9;10671;13;;;10682;10;10686;18;;;10677.5;0.0
yf_BGS_d14;28300;ASH_COATED_OSMIUM;9922;8;9918;22;;;9941;18;9944;20;;;9931.5;0.0
yf_BGS_d14;28300;INTARIAN_PEPPER_ROOT;10673;15;10670;21;;;10679;7;10681;19;;;10676.0;0.0
yf_BGS_d14;28400;ASH_COATED_OSMIUM;9929;12;9926;24;;;9935;18;9937;10;;;9932.0;0.0
yf_BGS_d14;28400;INTARIAN_PEPPER_ROOT;10665;11;10661;23;;;10686;5;10690;20;;;10675.5;0.0
yf_BGS_d14;28500;ASH_COATED_OSMIUM;9924;17;9921;22;;;9938;9;9942;19;;;9931.0;0.0
yf_BGS_d14;28500;INTARIAN_PEPPER_ROOT;10671;5;10668;14;;;10679;17;10681;32;;;10675.0;0.0
yf_BGS_d14;28600;ASH_COATED_OSMIUM;9928;23;9924;10;;;9935;12;9939;26;;;9931.5;0.0
yf_BGS_d14;28600;INTARIAN_PEPPER_ROOT;10661;12;10658;12;;;10688;10;10692;17;;;10674.5;0.0
yf_BGS_d14;28700;ASH_COATED_OSMIUM;9928;17;9926;27;;;9934;19;9936;21;;;9931.0;0.0
yf_BGS_d14;28700;INTARIAN_PEPPER_ROOT;10663;21;10659;18;;;10683;13;10685;23;;;10673.0;0.0
yf_BGS_d14;28800;ASH_COATED_OSMIUM;9928;5;9924;23;;;9936;20;9940;20;;;9932.0;0.0
yf_BGS_d14;28800;INTARIAN_PEPPER_ROOT;10665;11;10661;17;;;10676;9;10680;11;;;10670.5;0.0
yf_BGS_d14;28900;ASH_COATED_OSMIUM;9929;25;9927;19;;;9935;13;9937;22;;;9932.0;0.0
yf_BGS_d14;28900;INTARIAN_PEPPER_ROOT;10664;15;10660;29;;;10678;13;10681;16;;;10671.0;0.0
yf_BGS_d14;29000;ASH_COATED_OSMIUM;9927;16;9924;27;;;9935;12;9938;22;;;9931.0;0.0
yf_BGS_d14;29000;INTARIAN_PEPPER_ROOT;10666;9;10663;18;;;10672;9;10676;24;;;10669.0;0.0
yf_BGS_d14;29100;ASH_COATED_OSMIUM;9928;16;9924;20;;;9934;6;9936;30;;;9931.0;0.0
yf_BGS_d14;29100;INTARIAN_PEPPER_ROOT;10665;16;10663;28;;;10671;11;10674;18;;;10668.0;0.0
yf_BGS_d14;29200;ASH_COATED_OSMIUM;9928;12;9926;20;;;9936;30;9939;18;;;9932.0;0.0
yf_BGS_d14;29200;INTARIAN_PEPPER_ROOT;10664;13;10662;17;;;10670;8;10672;22;;;10667.0;0.0
yf_BGS_d14;29300;ASH_COATED_OSMIUM;9928;21;9926;18;;;9936;17;9939;13;;;9932.0;0.0
yf_BGS_d14;29300;INTARIAN_PEPPER_ROOT;10663;10;10660;22;;;10669;16;10671;12;;;10666.0;0.0
yf_BGS_d14;29400;ASH_COATED_OSMIUM;9919;13;9916;16;;;9946;18;9948;20;;;9932.5;0.0
yf_BGS_d14;29400;INTARIAN_PEPPER_ROOT;10662;17;10659;14;;;10668;11;10670;17;;;10665.0;0.0
yf_BGS_d14;29500;ASH_COATED_OSMIUM;9919;13;9917;22;;;9944;9;9947;19;;;9931.5;0.0
yf_BGS_d14;29500;INTARIAN_PEPPER_ROOT;10657;17;10654;23;;;10672;18;10674;25;;;10664.5;0.0
yf_BGS_d14;29600;ASH_COATED_OSMIUM;9926;13;9924;23;;;9937;11;9940;24;;;9931.5;0.0
yf_BGS_d14;29600;INTARIAN_PEPPER_ROOT;10655;16;10651;29;;;10672;11;10676;27;;;10663.5;0.0
yf_BGS_d14;29700;ASH_COATED_OSMIUM;9924;18;9921;23;;;9940;10;9942;28;;;9932.0;0.0
yf_BGS_d14;29700;INTARIAN_PEPPER_ROOT;10660;10;10658;21;;;10666;27;10668;23;;;10663.0;0.0
yf_BGS_d14;29800;ASH_COATED_OSMIUM;9926;17;9922;21;;;9938;21;9940;16;;;9932.0;0.0
yf_BGS_d14;29800;INTARIAN_PEPPER_ROOT;10655;12;10652;21;;;10667;15;10669;21;;;10661.0;0.0
yf_BGS_d14;29900;ASH_COATED_OSMIUM;9929;6;9927;14;;;9935;18;9938;12;;;9932.0;0.0
yf_BGS_d14;29900;INTARIAN_PEPPER_ROOT;10658;8;10656;8;;;10664;14;10666;20;;;10661.0;0.0
yf_BGS_d14;30000;ASH_COATED_OSMIUM;9929;23;9925;17;;;9935;20;9937;31;;;9932.0;0.0
yf_BGS_d14;30000;INTARIAN_PEPPER_ROOT;10656;6;10654;28;;;10663;15;10666;23;;;10659.5;0.0
yf_BGS_d14;30100;ASH_COATED_OSMIUM;9929;12;9925;15;;;9935;9;9938;8;;;9932.0;0.0
yf_BGS_d14;30100;INTARIAN_PEPPER_ROOT;10656;12;10652;26;;;10662;15;10664;27;;;10659.0;0.0
yf_BGS_d14;30200;ASH_COATED_OSMIUM;9929;14;9926;21;;;9935;18;9938;19;;;9932.0;0.0
yf_BGS_d14;30200;INTARIAN_PEPPER_ROOT;10652;22;10649;20;;;10665;19;10669;21;;;10658.5;0.0
yf_BGS_d14;30300;ASH_COATED_OSMIUM;9929;19;9925;16;;;9935;17;9937;15;;;9932.0;0.0
yf_BGS_d14;30300;INTARIAN_PEPPER_ROOT;10653;12;10649;20;;;10659;16;10663;12;;;10656.0;0.0
yf_BGS_d14;30400;ASH_COATED_OSMIUM;9929;17;9925;28;;;9935;17;9939;18;;;9932.0;0.0
yf_BGS_d14;30400;INTARIAN_PEPPER_ROOT;10652;11;10649;21;;;10658;19;10661;14;;;10655.0;0.0
yf_BGS_d14;30500;ASH_COATED_OSMIUM;9922;21;9920;28;;;9941;13;9945;20;;;9931.5;0.0
yf_BGS_d14;30500;INTARIAN_PEPPER_ROOT;10643;9;10639;22;;;10665;16;10668;15;;;10654.0;0.0
yf_BGS_d14;30600;ASH_COATED_OSMIUM;9929;12;9926;19;;;9935;14;9938;17;;;9932.0;0.0
yf_BGS_d14;30600;INTARIAN_PEPPER_ROOT;10651;15;10649;32;;;10657;9;10660;21;;;10654.0;0.0
yf_BGS_d14;30700;ASH_COATED_OSMIUM;9929;9;9927;13;;;9935;14;9939;20;;;9932.0;0.0
yf_BGS_d14;30700;INTARIAN_PEPPER_ROOT;10650;13;10648;26;;;10656;16;10658;19;;;10653.0;0.0
yf_BGS_d14;30800;ASH_COATED_OSMIUM;9927;16;9925;17;;;9938;14;9942;20;;;9932.5;0.0
yf_BGS_d14;30800;INTARIAN_PEPPER_ROOT;10647;17;10644;16;;;10656;14;10658;18;;;10651.5;0.0
yf_BGS_d14;30900;ASH_COATED_OSMIUM;9929;20;9925;26;;;9935;19;9937;17;;;9932.0;0.0
yf_BGS_d14;30900;INTARIAN_PEPPER_ROOT;10648;18;10644;23;;;10654;9;10656;20;;;10651.0;0.0
yf_BGS_d14;31000;ASH_COATED_OSMIUM;9929;17;9925;26;;;9935;7;9937;18;;;9932.0;0.0
yf_BGS_d14;31000;INTARIAN_PEPPER_ROOT;10641;13;10639;8;;;10658;26;10660;22;;;10649.5;0.0
yf_BGS_d14;31100;ASH_COATED_OSMIUM;9929;18;9925;25;;;9935;20;9938;10;;;9932.0;0.0
yf_BGS_d14;31100;INTARIAN_PEPPER_ROOT;10641;11;10637;16;;;10655;5;10659;16;;;10648.0;0.0
yf_BGS_d14;31200;ASH_COATED_OSMIUM;9929;16;9926;23;;;9935;18;9938;16;;;9932.0;0.0
yf_BGS_d14;31200;INTARIAN_PEPPER_ROOT;10645;13;10643;22;;;10651;10;10655;15;;;10648.0;0.0
yf_BGS_d14;31300;ASH_COATED_OSMIUM;9930;19;9928;18;;;9936;13;9939;23;;;9933.0;0.0
yf_BGS_d14;31300;INTARIAN_PEPPER_ROOT;10644;24;10640;26;;;10650;16;10652;25;;;10647.0;0.0
yf_BGS_d14;31400;ASH_COATED_OSMIUM;9929;9;9926;14;;;9935;7;9939;12;;;9932.0;0.0
yf_BGS_d14;31400;INTARIAN_PEPPER_ROOT;10641;21;10639;20;;;10649;12;10651;21;;;10645.0;0.0
yf_BGS_d14;31500;ASH_COATED_OSMIUM;9929;10;9925;15;;;9935;19;9939;19;;;9932.0;0.0
yf_BGS_d14;31500;INTARIAN_PEPPER_ROOT;10632;13;10630;16;;;10657;11;10660;22;;;10644.5;0.0
yf_BGS_d14;31600;ASH_COATED_OSMIUM;9930;16;9927;10;;;9936;11;9940;24;;;9933.0;0.0
yf_BGS_d14;31600;INTARIAN_PEPPER_ROOT;10640;21;10636;29;;;10647;21;10649;23;;;10643.5;0.0
yf_BGS_d14;31700;ASH_COATED_OSMIUM;9925;17;9921;20;;;9940;15;9944;8;;;9932.5;0.0
yf_BGS_d14;31700;INTARIAN_PEPPER_ROOT;10634;15;10631;14;;;10651;19;10653;12;;;10642.5;0.0
yf_BGS_d14;31800;ASH_COATED_OSMIUM;9930;18;9927;15;;;9936;18;9938;13;;;9933.0;0.0
yf_BGS_d14;31800;INTARIAN_PEPPER_ROOT;10631;24;10628;14;;;10652;21;10655;23;;;10641.5;0.0
yf_BGS_d14;31900;ASH_COATED_OSMIUM;9930;13;9926;13;;;9936;5;9938;15;;;9933.0;0.0
yf_BGS_d14;31900;INTARIAN_PEPPER_ROOT;10638;12;10636;21;;;10644;12;10646;16;;;10641.0;0.0
yf_BGS_d14;32000;ASH_COATED_OSMIUM;9929;13;9927;27;;;9938;13;9940;16;;;9933.5;0.0
yf_BGS_d14;32000;INTARIAN_PEPPER_ROOT;10636;12;10632;27;;;10642;19;10644;18;;;10639.0;0.0
yf_BGS_d14;32100;ASH_COATED_OSMIUM;9916;13;9912;24;;;9951;16;9955;20;;;9933.5;0.0
yf_BGS_d14;32100;INTARIAN_PEPPER_ROOT;10627;16;10625;21;;;10650;13;10652;15;;;10638.5;0.0
yf_BGS_d14;32200;ASH_COATED_OSMIUM;9930;14;9926;27;;;9936;6;9938;19;;;9933.0;0.0
yf_BGS_d14;32200;INTARIAN_PEPPER_ROOT;10631;23;10629;21;;;10645;5;10648;25;;;10638.0;0.0
yf_BGS_d14;32300;ASH_COATED_OSMIUM;9905;14;9903;24;;;9960;14;9964;23;;;9932.5;0.0
yf_BGS_d14;32300;INTARIAN_PEPPER_ROOT;10633;10;10630;26;;;10641;10;10643;13;;;10637.0;0.0
yf_BGS_d14;32400;ASH_COATED_OSMIUM;9930;8;9926;17;;;9936;15;9940;28;;;9933.0;0.0
yf_BGS_d14;32400;INTARIAN_PEPPER_ROOT;10622;14;10619;23;;;10649;5;10653;11;;;10635.5;0.0
yf_BGS_d14;32500;ASH_COATED_OSMIUM;9930;13;9926;22;;;9936;19;9938;27;;;9933.0;0.0
yf_BGS_d14;32500;INTARIAN_PEPPER_ROOT;10632;12;10630;19;;;10638;6;10641;15;;;10635.0;0.0
yf_BGS_d14;32600;ASH_COATED_OSMIUM;9930;17;9928;15;;;9936;17;9938;21;;;9933.0;0.0
yf_BGS_d14;32600;INTARIAN_PEPPER_ROOT;10631;13;10628;19;;;10637;9;10641;24;;;10634.0;0.0
yf_BGS_d14;32700;ASH_COATED_OSMIUM;9930;20;9928;21;;;9936;12;9938;25;;;9933.0;0.0
yf_BGS_d14;32700;INTARIAN_PEPPER_ROOT;10625;15;10623;13;;;10639;5;10642;16;;;10632.0;0.0
yf_BGS_d14;32800;ASH_COATED_OSMIUM;9927;14;9923;17;;;9941;15;9944;20;;;9934.0;0.0
yf_BGS_d14;32800;INTARIAN_PEPPER_ROOT;10629;19;10626;18;;;10635;18;10637;26;;;10632.0;0.0
yf_BGS_d14;32900;ASH_COATED_OSMIUM;9930;9;9926;15;;;9936;7;9938;16;;;9933.0;0.0
yf_BGS_d14;32900;INTARIAN_PEPPER_ROOT;10627;26;10623;23;;;10635;16;10637;20;;;10631.0;0.0
yf_BGS_d14;33000;ASH_COATED_OSMIUM;9930;11;9926;20;;;9936;9;9938;27;;;9933.0;0.0
yf_BGS_d14;33000;INTARIAN_PEPPER_ROOT;10626;15;10624;21;;;10632;13;10635;20;;;10629.0;0.0
yf_BGS_d14;33100;ASH_COATED_OSMIUM;9923;17;9920;18;;;9944;18;9946;19;;;9933.5;0.0
yf_BGS_d14;33100;INTARIAN_PEPPER_ROOT;10613;13;10610;27;;;10645;19;10648;14;;;10629.0;0.0
yf_BGS_d14;33200;ASH_COATED_OSMIUM;9924;10;9921;19;;;9944;15;9946;16;;;9934.0;0.0
yf_BGS_d14;33200;INTARIAN_PEPPER_ROOT;10624;12;10621;20;;;10630;20;10634;17;;;10627.0;0.0
yf_BGS_d14;33300;ASH_COATED_OSMIUM;9931;15;9927;22;;;9937;15;9940;33;;;9934.0;0.0
yf_BGS_d14;33300;INTARIAN_PEPPER_ROOT;10624;14;10622;19;;;10630;10;10634;18;;;10627.0;0.0
yf_BGS_d14;33400;ASH_COATED_OSMIUM;9923;22;9921;18;;;9945;18;9949;21;;;9934.0;0.0
yf_BGS_d14;33400;INTARIAN_PEPPER_ROOT;10623;10;10619;26;;;10629;14;10631;20;;;10626.0;0.0
yf_BGS_d14;33500;ASH_COATED_OSMIUM;9927;16;9923;21;;;9941;14;9943;21;;;9934.0;0.0
yf_BGS_d14;33500;INTARIAN_PEPPER_ROOT;10622;11;10618;16;;;10628;10;10631;22;;;10625.0;0.0
yf_BGS_d14;33600;ASH_COATED_OSMIUM;9931;11;9927;14;;;9937;18;9941;17;;;9934.0;0.0
yf_BGS_d14;33600;INTARIAN_PEPPER_ROOT;10620;11;10618;20;;;10626;18;10630;20;;;10623.0;0.0
yf_BGS_d14;33700;ASH_COATED_OSMIUM;9931;25;9928;21;;;9937;14;9941;20;;;9934.0;0.0
yf_BGS_d14;33700;INTARIAN_PEPPER_ROOT;10620;21;10617;21;;;10626;7;10629;22;;;10623.0;0.0
yf_BGS_d14;33800;ASH_COATED_OSMIUM;9931;15;9927;24;;;9938;21;9941;26;;;9934.5;0.0
yf_BGS_d14;33800;INTARIAN_PEPPER_ROOT;10618;7;10616;17;;;10626;19;10630;17;;;10622.0;0.0
yf_BGS_d14;33900;ASH_COATED_OSMIUM;9927;12;9923;19;;;9942;6;9944;22;;;9934.5;0.0
yf_BGS_d14;33900;INTARIAN_PEPPER_ROOT;10611;5;10609;23;;;10629;16;10633;22;;;10620.0;0.0
yf_BGS_d14;34000;ASH_COATED_OSMIUM;9931;10;9927;16;;;9937;15;9940;18;;;9934.0;0.0
yf_BGS_d14;34000;INTARIAN_PEPPER_ROOT;10617;21;10615;17;;;10623;18;10625;15;;;10620.0;0.0
yf_BGS_d14;34100;ASH_COATED_OSMIUM;9917;10;9915;17;;;9950;20;9952;21;;;9933.5;0.0
yf_BGS_d14;34100;INTARIAN_PEPPER_ROOT;10616;24;10614;12;;;10622;18;10626;30;;;10619.0;0.0
yf_BGS_d14;34200;ASH_COATED_OSMIUM;9921;13;9919;19;;;9948;19;9951;28;;;9934.5;0.0
yf_BGS_d14;34200;INTARIAN_PEPPER_ROOT;10616;5;10613;15;;;10622;7;10624;19;;;10619.0;0.0
yf_BGS_d14;34300;ASH_COATED_OSMIUM;9925;12;9923;28;;;9944;21;9947;19;;;9934.5;0.0
yf_BGS_d14;34300;INTARIAN_PEPPER_ROOT;10615;8;10613;25;;;10621;14;10624;16;;;10618.0;0.0
yf_BGS_d14;34400;ASH_COATED_OSMIUM;9931;17;9928;8;;;9938;14;9941;13;;;9934.5;0.0
yf_BGS_d14;34400;INTARIAN_PEPPER_ROOT;10614;25;10610;20;;;10620;11;10624;23;;;10617.0;0.0
yf_BGS_d14;34500;ASH_COATED_OSMIUM;9932;9;9930;12;;;9938;8;9941;16;;;9935.0;0.0
yf_BGS_d14;34500;INTARIAN_PEPPER_ROOT;10614;10;10611;18;;;10620;18;10622;15;;;10617.0;0.0
yf_BGS_d14;34600;ASH_COATED_OSMIUM;9927;7;9924;17;;;9941;15;9944;22;;;9934.0;0.0
yf_BGS_d14;34600;INTARIAN_PEPPER_ROOT;10613;20;10610;14;;;10619;18;10621;19;;;10616.0;0.0
yf_BGS_d14;34700;ASH_COATED_OSMIUM;9930;20;9928;31;;;9940;15;9942;26;;;9935.0;0.0
yf_BGS_d14;34700;INTARIAN_PEPPER_ROOT;10613;12;10611;11;;;10619;12;10622;29;;;10616.0;0.0
yf_BGS_d14;34800;ASH_COATED_OSMIUM;9932;13;9930;30;;;9938;15;9941;19;;;9935.0;0.0
yf_BGS_d14;34800;INTARIAN_PEPPER_ROOT;10612;23;10608;24;;;10618;26;10620;26;;;10615.0;0.0
yf_BGS_d14;34900;ASH_COATED_OSMIUM;9924;21;9920;25;;;9947;12;9951;22;;;9935.5;0.0
yf_BGS_d14;34900;INTARIAN_PEPPER_ROOT;10611;7;10607;12;;;10617;18;10620;14;;;10614.0;0.0
yf_BGS_d14;35000;ASH_COATED_OSMIUM;9931;20;9929;20;;;9938;9;9941;13;;;9934.5;0.0
yf_BGS_d14;35000;INTARIAN_PEPPER_ROOT;10608;10;10606;18;;;10619;21;10622;30;;;10613.5;0.0
yf_BGS_d14;35100;ASH_COATED_OSMIUM;9928;15;9924;16;;;9941;15;9943;20;;;9934.5;0.0
yf_BGS_d14;35100;INTARIAN_PEPPER_ROOT;10610;16;10608;12;;;10616;18;10618;16;;;10613.0;0.0
yf_BGS_d14;35200;ASH_COATED_OSMIUM;9932;24;9930;22;;;9938;26;9942;16;;;9935.0;0.0
yf_BGS_d14;35200;INTARIAN_PEPPER_ROOT;10609;21;10606;23;;;10616;21;10619;14;;;10612.5;0.0
yf_BGS_d14;35300;ASH_COATED_OSMIUM;9932;12;9929;22;;;9938;15;9940;26;;;9935.0;0.0
yf_BGS_d14;35300;INTARIAN_PEPPER_ROOT;10609;22;10605;19;;;10615;23;10618;22;;;10612.0;0.0
yf_BGS_d14;35400;ASH_COATED_OSMIUM;9927;13;9923;18;;;9944;9;9946;24;;;9935.5;0.0
yf_BGS_d14;35400;INTARIAN_PEPPER_ROOT;10607;16;10605;22;;;10616;13;10618;17;;;10611.5;0.0
yf_BGS_d14;35500;ASH_COATED_OSMIUM;9932;24;9928;23;;;9938;10;9942;16;;;9935.0;0.0
yf_BGS_d14;35500;INTARIAN_PEPPER_ROOT;10605;19;10603;16;;;10617;22;10621;19;;;10611.0;0.0
yf_BGS_d14;35600;ASH_COATED_OSMIUM;9933;21;9930;16;;;9939;21;9942;15;;;9936.0;0.0
yf_BGS_d14;35600;INTARIAN_PEPPER_ROOT;10603;11;10601;18;;;10616;13;10620;13;;;10609.5;0.0
yf_BGS_d14;35700;ASH_COATED_OSMIUM;9932;16;9928;18;;;9938;10;9942;26;;;9935.0;0.0
yf_BGS_d14;35700;INTARIAN_PEPPER_ROOT;10606;19;10602;19;;;10612;8;10614;22;;;10609.0;0.0
yf_BGS_d14;35800;ASH_COATED_OSMIUM;9932;15;9930;23;;;9938;14;9942;15;;;9935.0;0.0
yf_BGS_d14;35800;INTARIAN_PEPPER_ROOT;10605;20;10601;22;;;10611;14;10615;12;;;10608.0;0.0
yf_BGS_d14;35900;ASH_COATED_OSMIUM;9933;13;9930;13;;;9939;17;9943;15;;;9936.0;0.0
yf_BGS_d14;35900;INTARIAN_PEPPER_ROOT;10605;10;10603;24;;;10611;18;10614;17;;;10608.0;0.0
yf_BGS_d14;36000;ASH_COATED_OSMIUM;9932;14;9928;14;;;9938;17;9942;23;;;9935.0;0.0
yf_BGS_d14;36000;INTARIAN_PEPPER_ROOT;10602;16;10598;18;;;10611;14;10613;14;;;10606.5;0.0
yf_BGS_d14;36100;ASH_COATED_OSMIUM;9933;10;9929;18;;;9939;24;9941;16;;;9936.0;0.0
yf_BGS_d14;36100;INTARIAN_PEPPER_ROOT;10598;16;10595;22;;;10617;6;10621;20;;;10607.5;0.0
yf_BGS_d14;36200;ASH_COATED_OSMIUM;9929;15;9927;19;;;9942;18;9945;22;;;9935.5;0.0
yf_BGS_d14;36200;INTARIAN_PEPPER_ROOT;10603;17;10599;19;;;10609;13;10611;16;;;10606.0;0.0
yf_BGS_d14;36300;ASH_COATED_OSMIUM;9933;10;9931;23;;;9939;12;9942;25;;;9936.0;0.0
yf_BGS_d14;36300;INTARIAN_PEPPER_ROOT;10602;11;10598;21;;;10610;22;10614;26;;;10606.0;0.0
yf_BGS_d14;36400;ASH_COATED_OSMIUM;9933;22;9929;25;;;9940;12;9943;14;;;9936.5;0.0
yf_BGS_d14;36400;INTARIAN_PEPPER_ROOT;10587;18;10584;22;;;10622;17;10624;24;;;10604.5;0.0
yf_BGS_d14;36500;ASH_COATED_OSMIUM;9933;9;9929;22;;;9939;18;9943;22;;;9936.0;0.0
yf_BGS_d14;36500;INTARIAN_PEPPER_ROOT;10587;16;10585;22;;;10622;19;10625;31;;;10604.5;0.0
yf_BGS_d14;36600;ASH_COATED_OSMIUM;9925;19;9921;26;;;9946;20;9950;25;;;9935.5;0.0
yf_BGS_d14;36600;INTARIAN_PEPPER_ROOT;10600;13;10598;21;;;10606;11;10610;18;;;10603.0;0.0
yf_BGS_d14;36700;ASH_COATED_OSMIUM;9927;21;9925;15;;;9945;14;9948;11;;;9936.0;0.0
yf_BGS_d14;36700;INTARIAN_PEPPER_ROOT;10591;14;10588;15;;;10615;14;10619;22;;;10603.0;0.0
yf_BGS_d14;36800;ASH_COATED_OSMIUM;9932;13;9929;22;;;9943;16;9945;17;;;9937.5;0.0
yf_BGS_d14;36800;INTARIAN_PEPPER_ROOT;10598;13;10595;12;;;10604;16;10608;15;;;10601.0;0.0
yf_BGS_d14;36900;ASH_COATED_OSMIUM;9932;17;9930;18;;;9940;10;9943;26;;;9936.0;0.0
yf_BGS_d14;36900;INTARIAN_PEPPER_ROOT;10599;14;10596;12;;;10605;13;10607;15;;;10602.0;0.0
yf_BGS_d14;37000;ASH_COATED_OSMIUM;9933;19;9929;31;;;9939;8;9941;29;;;9936.0;0.0
yf_BGS_d14;37000;INTARIAN_PEPPER_ROOT;10598;19;10594;16;;;10604;11;10607;16;;;10601.0;0.0
yf_BGS_d14;37100;ASH_COATED_OSMIUM;9930;15;9926;17;;;9944;12;9947;14;;;9937.0;0.0
yf_BGS_d14;37100;INTARIAN_PEPPER_ROOT;10597;16;10594;23;;;10603;12;10607;12;;;10600.0;0.0
yf_BGS_d14;37200;ASH_COATED_OSMIUM;9927;17;9923;23;;;9949;8;9952;23;;;9938.0;0.0
yf_BGS_d14;37200;INTARIAN_PEPPER_ROOT;10591;21;10587;19;;;10608;6;10612;12;;;10599.5;0.0
yf_BGS_d14;37300;ASH_COATED_OSMIUM;9934;16;9930;18;;;9940;16;9943;16;;;9937.0;0.0
yf_BGS_d14;37300;INTARIAN_PEPPER_ROOT;10596;13;10593;18;;;10602;18;10604;19;;;10599.0;0.0
yf_BGS_d14;37400;ASH_COATED_OSMIUM;9934;10;9930;18;;;9940;16;9942;17;;;9937.0;0.0
yf_BGS_d14;37400;INTARIAN_PEPPER_ROOT;10590;19;10587;18;;;10608;14;10612;20;;;10599.0;0.0
yf_BGS_d14;37500;ASH_COATED_OSMIUM;9934;14;9931;23;;;9940;16;9943;21;;;9937.0;0.0
yf_BGS_d14;37500;INTARIAN_PEPPER_ROOT;10592;19;10588;27;;;10605;10;10607;20;;;10598.5;0.0
yf_BGS_d14;37600;ASH_COATED_OSMIUM;9934;16;9932;18;;;9940;19;9942;24;;;9937.0;0.0
yf_BGS_d14;37600;INTARIAN_PEPPER_ROOT;10589;18;10586;13;;;10605;5;10608;18;;;10597.0;0.0
yf_BGS_d14;37700;ASH_COATED_OSMIUM;9934;17;9931;23;;;9940;17;9943;19;;;9937.0;0.0
yf_BGS_d14;37700;INTARIAN_PEPPER_ROOT;10593;17;10590;15;;;10600;16;10602;10;;;10596.5;0.0
yf_BGS_d14;37800;ASH_COATED_OSMIUM;9934;22;9930;23;;;9940;14;9942;12;;;9937.0;0.0
yf_BGS_d14;37800;INTARIAN_PEPPER_ROOT;10591;17;10589;15;;;10601;17;10603;12;;;10596.0;0.0
yf_BGS_d14;37900;ASH_COATED_OSMIUM;9934;26;9931;31;;;9940;21;9942;9;;;9937.0;0.0
yf_BGS_d14;37900;INTARIAN_PEPPER_ROOT;10592;21;10590;17;;;10598;6;10602;24;;;10595.0;0.0
yf_BGS_d14;38000;ASH_COATED_OSMIUM;9934;20;9930;29;;;9940;18;9944;23;;;9937.0;0.0
yf_BGS_d14;38000;INTARIAN_PEPPER_ROOT;10592;17;10588;19;;;10598;11;10602;24;;;10595.0;0.0
yf_BGS_d14;38100;ASH_COATED_OSMIUM;9935;14;9932;18;;;9941;19;9944;18;;;9938.0;0.0
yf_BGS_d14;38100;INTARIAN_PEPPER_ROOT;10588;5;10585;15;;;10599;6;10602;16;;;10593.5;0.0
yf_BGS_d14;38200;ASH_COATED_OSMIUM;9934;16;9932;27;;;9940;19;9944;17;;;9937.0;0.0
yf_BGS_d14;38200;INTARIAN_PEPPER_ROOT;10588;17;10585;15;;;10598;17;10601;23;;;10593.0;0.0
yf_BGS_d14;38300;ASH_COATED_OSMIUM;9932;23;9930;17;;;9943;15;9946;22;;;9937.5;0.0
yf_BGS_d14;38300;INTARIAN_PEPPER_ROOT;10590;18;10587;22;;;10596;17;10599;15;;;10593.0;0.0
yf_BGS_d14;38400;ASH_COATED_OSMIUM;9934;5;9930;17;;;9940;16;9944;31;;;9937.0;0.0
yf_BGS_d14;38400;INTARIAN_PEPPER_ROOT;10589;10;10586;27;;;10595;5;10599;13;;;10592.0;0.0
yf_BGS_d14;38500;ASH_COATED_OSMIUM;9923;13;9919;19;;;9951;13;9954;24;;;9937.0;0.0
yf_BGS_d14;38500;INTARIAN_PEPPER_ROOT;10589;19;10587;18;;;10595;19;10597;18;;;10592.0;0.0
yf_BGS_d14;38600;ASH_COATED_OSMIUM;9934;24;9932;21;;;9941;8;9944;17;;;9937.5;0.0
yf_BGS_d14;38600;INTARIAN_PEPPER_ROOT;10588;19;10584;21;;;10594;12;10596;20;;;10591.0;0.0
yf_BGS_d14;38700;ASH_COATED_OSMIUM;9933;15;9930;26;;;9942;13;9946;16;;;9937.5;0.0
yf_BGS_d14;38700;INTARIAN_PEPPER_ROOT;10587;7;10583;27;;;10593;21;10596;8;;;10590.0;0.0
yf_BGS_d14;38800;ASH_COATED_OSMIUM;9929;24;9925;21;;;9947;8;9950;17;;;9938.0;0.0
yf_BGS_d14;38800;INTARIAN_PEPPER_ROOT;10587;15;10584;23;;;10593;14;10596;15;;;10590.0;0.0
yf_BGS_d14;38900;ASH_COATED_OSMIUM;9934;7;9932;8;;;9940;18;9944;24;;;9937.0;0.0
yf_BGS_d14;38900;INTARIAN_PEPPER_ROOT;10586;13;10583;15;;;10592;7;10596;26;;;10589.0;0.0
yf_BGS_d14;39000;ASH_COATED_OSMIUM;9934;18;9932;19;;;9940;17;9943;23;;;9937.0;0.0
yf_BGS_d14;39000;INTARIAN_PEPPER_ROOT;10569;14;10565;19;;;10609;12;10612;21;;;10589.0;0.0
yf_BGS_d14;39100;ASH_COATED_OSMIUM;9926;13;9922;24;;;9951;11;9954;12;;;9938.5;0.0
yf_BGS_d14;39100;INTARIAN_PEPPER_ROOT;10585;5;10582;23;;;10591;24;10593;18;;;10588.0;0.0
yf_BGS_d14;39200;ASH_COATED_OSMIUM;9934;19;9931;13;;;9942;16;9946;23;;;9938.0;0.0
yf_BGS_d14;39200;INTARIAN_PEPPER_ROOT;10584;19;10580;22;;;10592;17;10594;26;;;10588.0;0.0
yf_BGS_d14;39300;ASH_COATED_OSMIUM;9934;12;9930;20;;;9943;15;9946;29;;;9938.5;0.0
yf_BGS_d14;39300;INTARIAN_PEPPER_ROOT;10583;17;10580;29;;;10589;18;10593;25;;;10586.0;0.0
yf_BGS_d14;39400;ASH_COATED_OSMIUM;9932;13;9928;17;;;9946;13;9948;17;;;9939.0;0.0
yf_BGS_d14;39400;INTARIAN_PEPPER_ROOT;10577;19;10575;13;;;10596;18;10599;16;;;10586.5;0.0
yf_BGS_d14;39500;ASH_COATED_OSMIUM;9935;17;9932;25;;;9941;6;9943;20;;;9938.0;0.0
yf_BGS_d14;39500;INTARIAN_PEPPER_ROOT;10581;22;10577;21;;;10587;17;10590;18;;;10584.0;0.0
yf_BGS_d14;39600;ASH_COATED_OSMIUM;9935;20;9933;12;;;9942;19;9945;24;;;9938.5;0.0
yf_BGS_d14;39600;INTARIAN_PEPPER_ROOT;10581;20;10579;12;;;10587;27;10591;26;;;10584.0;0.0
yf_BGS_d14;39700;ASH_COATED_OSMIUM;9936;23;9934;17;;;9942;5;9946;24;;;9939.0;0.0
yf_BGS_d14;39700;INTARIAN_PEPPER_ROOT;10581;11;10578;23;;;10587;12;10590;22;;;10584.0;0.0
yf_BGS_d14;39800;ASH_COATED_OSMIUM;9936;17;9934;11;;;9942;13;9944;13;;;9939.0;0.0
yf_BGS_d14;39800;INTARIAN_PEPPER_ROOT;10580;23;10576;13;;;10586;12;10589;19;;;10583.0;0.0
yf_BGS_d14;39900;ASH_COATED_OSMIUM;9928;12;9925;15;;;9948;5;9950;17;;;9938.0;0.0
yf_BGS_d14;39900;INTARIAN_PEPPER_ROOT;10575;18;10571;10;;;10590;9;10594;29;;;10582.5;0.0
yf_BGS_d14;40000;ASH_COATED_OSMIUM;9936;13;9932;17;;;9942;21;9944;23;;;9939.0;0.0
yf_BGS_d14;40000;INTARIAN_PEPPER_ROOT;10578;16;10575;13;;;10584;15;10586;23;;;10581.0;0.0
yf_BGS_d14;40100;ASH_COATED_OSMIUM;9930;11;9928;21;;;9946;21;9950;14;;;9938.0;0.0
yf_BGS_d14;40100;INTARIAN_PEPPER_ROOT;10578;14;10574;26;;;10584;17;10586;21;;;10581.0;0.0
yf_BGS_d14;40200;ASH_COATED_OSMIUM;9936;17;9933;29;;;9942;12;9946;11;;;9939.0;0.0
yf_BGS_d14;40200;INTARIAN_PEPPER_ROOT;10577;21;10573;23;;;10583;26;10586;12;;;10580.0;0.0
yf_BGS_d14;40300;ASH_COATED_OSMIUM;9936;14;9933;15;;;9942;13;9945;28;;;9939.0;0.0
yf_BGS_d14;40300;INTARIAN_PEPPER_ROOT;10577;9;10574;24;;;10583;12;10586;14;;;10580.0;0.0
yf_BGS_d14;40400;ASH_COATED_OSMIUM;9936;16;9934;23;;;9942;17;9945;15;;;9939.0;0.0
yf_BGS_d14;40400;INTARIAN_PEPPER_ROOT;10576;22;10572;15;;;10582;13;10585;19;;;10579.0;0.0
yf_BGS_d14;40500;ASH_COATED_OSMIUM;9934;16;9932;23;;;9945;16;9948;27;;;9939.5;0.0
yf_BGS_d14;40500;INTARIAN_PEPPER_ROOT;10564;10;10560;23;;;10592;14;10595;20;;;10578.0;0.0
yf_BGS_d14;40600;ASH_COATED_OSMIUM;9936;9;9934;26;;;9943;6;9946;15;;;9939.5;0.0
yf_BGS_d14;40600;INTARIAN_PEPPER_ROOT;10575;14;10573;29;;;10581;13;10585;8;;;10578.0;0.0
yf_BGS_d14;40700;ASH_COATED_OSMIUM;9936;10;9934;16;;;9942;13;9945;26;;;9939.0;0.0
yf_BGS_d14;40700;INTARIAN_PEPPER_ROOT;10574;13;10571;15;;;10580;20;10584;20;;;10577.0;0.0
yf_BGS_d14;40800;ASH_COATED_OSMIUM;9936;9;9934;19;;;9942;15;9944;24;;;9939.0;0.0
yf_BGS_d14;40800;INTARIAN_PEPPER_ROOT;10574;5;10572;21;;;10580;20;10582;14;;;10577.0;0.0
yf_BGS_d14;40900;ASH_COATED_OSMIUM;9937;18;9934;13;;;9943;10;9947;14;;;9940.0;0.0
yf_BGS_d14;40900;INTARIAN_PEPPER_ROOT;10567;5;10565;22;;;10584;13;10588;19;;;10575.5;0.0
yf_BGS_d14;41000;ASH_COATED_OSMIUM;9936;11;9933;17;;;9942;14;9944;19;;;9939.0;0.0
yf_BGS_d14;41000;INTARIAN_PEPPER_ROOT;10569;13;10566;21;;;10582;19;10584;18;;;10575.5;0.0
yf_BGS_d14;41100;ASH_COATED_OSMIUM;9937;10;9934;22;;;9943;13;9946;24;;;9940.0;0.0
yf_BGS_d14;41100;INTARIAN_PEPPER_ROOT;10571;6;10568;18;;;10577;18;10580;24;;;10574.0;0.0
yf_BGS_d14;41200;ASH_COATED_OSMIUM;9937;18;9935;18;;;9943;18;9945;23;;;9940.0;0.0
yf_BGS_d14;41200;INTARIAN_PEPPER_ROOT;10571;12;10569;19;;;10577;6;10579;15;;;10574.0;0.0
yf_BGS_d14;41300;ASH_COATED_OSMIUM;9926;9;9922;19;;;9954;5;9956;30;;;9940.0;0.0
yf_BGS_d14;41300;INTARIAN_PEPPER_ROOT;10571;5;10567;10;;;10577;5;10580;20;;;10574.0;0.0
yf_BGS_d14;41400;ASH_COATED_OSMIUM;9937;12;9935;17;;;9943;9;9946;26;;;9940.0;0.0
yf_BGS_d14;41400;INTARIAN_PEPPER_ROOT;10570;12;10568;14;;;10576;16;10579;15;;;10573.0;0.0
yf_BGS_d14;41500;ASH_COATED_OSMIUM;9937;6;9933;24;;;9943;16;9946;17;;;9940.0;0.0
yf_BGS_d14;41500;INTARIAN_PEPPER_ROOT;10564;12;10561;18;;;10582;10;10585;22;;;10573.0;0.0
yf_BGS_d14;41600;ASH_COATED_OSMIUM;9934;14;9931;13;;;9945;18;9949;14;;;9939.5;0.0
yf_BGS_d14;41600;INTARIAN_PEPPER_ROOT;10569;9;10567;25;;;10575;13;10577;24;;;10572.0;0.0
yf_BGS_d14;41700;ASH_COATED_OSMIUM;9937;16;9935;15;;;9943;10;9945;18;;;9940.0;0.0
yf_BGS_d14;41700;INTARIAN_PEPPER_ROOT;10567;21;10563;17;;;10573;9;10576;11;;;10570.0;0.0
yf_BGS_d14;41800;ASH_COATED_OSMIUM;9937;9;9933;15;;;9943;16;9947;13;;;9940.0;0.0
yf_BGS_d14;41800;INTARIAN_PEPPER_ROOT;10567;23;10563;17;;;10573;18;10576;18;;;10570.0;0.0
yf_BGS_d14;41900;ASH_COATED_OSMIUM;9937;13;9934;14;;;9943;16;9946;20;;;9940.0;0.0
yf_BGS_d14;41900;INTARIAN_PEPPER_ROOT;10567;18;10565;19;;;10573;5;10576;25;;;10570.0;0.0
yf_BGS_d14;42000;ASH_COATED_OSMIUM;9937;14;9933;10;;;9943;12;9947;21;;;9940.0;0.0
yf_BGS_d14;42000;INTARIAN_PEPPER_ROOT;10566;21;10564;29;;;10572;6;10576;27;;;10569.0;0.0
yf_BGS_d14;42100;ASH_COATED_OSMIUM;9936;17;9932;18;;;9943;15;9945;17;;;9939.5;0.0
yf_BGS_d14;42100;INTARIAN_PEPPER_ROOT;10554;11;10551;21;;;10583;12;10587;23;;;10568.5;0.0
yf_BGS_d14;42200;ASH_COATED_OSMIUM;9938;11;9934;27;;;9944;17;9948;17;;;9941.0;0.0
yf_BGS_d14;42200;INTARIAN_PEPPER_ROOT;10553;13;10550;28;;;10583;11;10587;17;;;10568.0;0.0
yf_BGS_d14;42300;ASH_COATED_OSMIUM;9938;14;9935;22;;;9944;17;9948;14;;;9941.0;0.0
yf_BGS_d14;42300;INTARIAN_PEPPER_ROOT;10565;11;10563;23;;;10571;21;10575;30;;;10568.0;0.0
yf_BGS_d14;42400;ASH_COATED_OSMIUM;9938;16;9934;18;;;9944;18;9946;17;;;9941.0;0.0
yf_BGS_d14;42400;INTARIAN_PEPPER_ROOT;10563;11;10561;24;;;10571;22;10575;15;;;10567.0;0.0
yf_BGS_d14;42500;ASH_COATED_OSMIUM;9938;15;9936;25;;;9944;9;9946;18;;;9941.0;0.0
yf_BGS_d14;42500;INTARIAN_PEPPER_ROOT;10563;7;10560;29;;;10569;16;10573;16;;;10566.0;0.0
yf_BGS_d14;42600;ASH_COATED_OSMIUM;9938;19;9935;27;;;9944;11;9948;13;;;9941.0;0.0
yf_BGS_d14;42600;INTARIAN_PEPPER_ROOT;10563;9;10559;27;;;10569;9;10571;28;;;10566.0;0.0
yf_BGS_d14;42700;ASH_COATED_OSMIUM;9938;19;9935;25;;;9944;8;9947;21;;;9941.0;0.0
yf_BGS_d14;42700;INTARIAN_PEPPER_ROOT;10561;13;10557;20;;;10568;10;10570;14;;;10564.5;0.0
yf_BGS_d14;42800;ASH_COATED_OSMIUM;9938;15;9936;15;;;9944;12;9948;18;;;9941.0;0.0
yf_BGS_d14;42800;INTARIAN_PEPPER_ROOT;10561;9;10558;8;;;10567;14;10569;15;;;10564.0;0.0
yf_BGS_d14;42900;ASH_COATED_OSMIUM;9938;23;9936;13;;;9944;16;9946;14;;;9941.0;0.0
yf_BGS_d14;42900;INTARIAN_PEPPER_ROOT;10560;8;10556;25;;;10568;17;10572;22;;;10564.0;0.0
yf_BGS_d14;43000;ASH_COATED_OSMIUM;9934;12;9931;20;;;9946;22;9948;21;;;9940.0;0.0
yf_BGS_d14;43000;INTARIAN_PEPPER_ROOT;10561;10;10558;15;;;10567;15;10571;32;;;10564.0;0.0
yf_BGS_d14;43100;ASH_COATED_OSMIUM;9937;14;9934;20;;;9945;11;9947;24;;;9941.0;0.0
yf_BGS_d14;43100;INTARIAN_PEPPER_ROOT;10559;5;10556;25;;;10565;12;10569;25;;;10562.0;0.0
yf_BGS_d14;43200;ASH_COATED_OSMIUM;9936;15;9934;20;;;9946;11;9948;22;;;9941.0;0.0
yf_BGS_d14;43200;INTARIAN_PEPPER_ROOT;10558;10;10555;12;;;10566;18;10570;25;;;10562.0;0.0
yf_BGS_d14;43300;ASH_COATED_OSMIUM;9938;10;9934;22;;;9944;10;9946;16;;;9941.0;0.0
yf_BGS_d14;43300;INTARIAN_PEPPER_ROOT;10553;5;10549;19;;;10569;16;10572;19;;;10561.0;0.0
yf_BGS_d14;43400;ASH_COATED_OSMIUM;9939;11;9935;12;;;9945;13;9948;11;;;9942.0;0.0
yf_BGS_d14;43400;INTARIAN_PEPPER_ROOT;10549;11;10545;27;;;10572;11;10574;18;;;10560.5;0.0
yf_BGS_d14;43500;ASH_COATED_OSMIUM;9938;13;9934;23;;;9944;22;9948;22;;;9941.0;0.0
yf_BGS_d14;43500;INTARIAN_PEPPER_ROOT;10557;13;10554;15;;;10563;12;10565;24;;;10560.0;0.0
yf_BGS_d14;43600;ASH_COATED_OSMIUM;9939;11;9936;9;;;9945;13;9948;25;;;9942.0;0.0
yf_BGS_d14;43600;INTARIAN_PEPPER_ROOT;10552;21;10548;16;;;10567;8;10570;20;;;10559.5;0.0
yf_BGS_d14;43700;ASH_COATED_OSMIUM;9936;24;9934;20;;;9948;14;9950;18;;;9942.0;0.0
yf_BGS_d14;43700;INTARIAN_PEPPER_ROOT;10542;8;10540;17;;;10575;10;10579;18;;;10558.5;0.0
yf_BGS_d14;43800;ASH_COATED_OSMIUM;9939;18;9936;21;;;9945;20;9949;23;;;9942.0;0.0
yf_BGS_d14;43800;INTARIAN_PEPPER_ROOT;10554;14;10551;17;;;10560;13;10564;20;;;10557.0;0.0
yf_BGS_d14;43900;ASH_COATED_OSMIUM;9939;6;9937;30;;;9945;17;9949;28;;;9942.0;0.0
yf_BGS_d14;43900;INTARIAN_PEPPER_ROOT;10553;10;10551;23;;;10562;13;10566;10;;;10557.5;0.0
yf_BGS_d14;44000;ASH_COATED_OSMIUM;9939;9;9937;8;;;9945;26;9947;16;;;9942.0;0.0
yf_BGS_d14;44000;INTARIAN_PEPPER_ROOT;10553;11;10550;21;;;10559;15;10561;14;;;10556.0;0.0
yf_BGS_d14;44100;ASH_COATED_OSMIUM;9939;15;9937;21;;;9945;8;9949;16;;;9942.0;0.0
yf_BGS_d14;44100;INTARIAN_PEPPER_ROOT;10549;10;10545;12;;;10563;5;10567;27;;;10556.0;0.0
yf_BGS_d14;44200;ASH_COATED_OSMIUM;9939;18;9937;20;;;9945;17;9949;18;;;9942.0;0.0
yf_BGS_d14;44200;INTARIAN_PEPPER_ROOT;10552;14;10550;24;;;10558;15;10560;24;;;10555.0;0.0
yf_BGS_d14;44300;ASH_COATED_OSMIUM;9939;5;9935;12;;;9945;20;9947;26;;;9942.0;0.0
yf_BGS_d14;44300;INTARIAN_PEPPER_ROOT;10552;13;10549;23;;;10558;11;10561;22;;;10555.0;0.0
yf_BGS_d14;44400;ASH_COATED_OSMIUM;9939;9;9937;17;;;9945;18;9947;10;;;9942.0;0.0
yf_BGS_d14;44400;INTARIAN_PEPPER_ROOT;10551;23;10549;9;;;10557;11;10561;12;;;10554.0;0.0
yf_BGS_d14;44500;ASH_COATED_OSMIUM;9939;15;9936;16;;;9945;10;9947;19;;;9942.0;0.0
yf_BGS_d14;44500;INTARIAN_PEPPER_ROOT;10550;7;10548;28;;;10556;12;10558;26;;;10553.0;0.0
yf_BGS_d14;44600;ASH_COATED_OSMIUM;9939;5;9935;11;;;9945;5;9948;27;;;9942.0;0.0
yf_BGS_d14;44600;INTARIAN_PEPPER_ROOT;10550;11;10548;30;;;10556;10;10559;20;;;10553.0;0.0
yf_BGS_d14;44700;ASH_COATED_OSMIUM;9926;17;9923;21;;;9958;18;9960;21;;;9942.0;0.0
yf_BGS_d14;44700;INTARIAN_PEPPER_ROOT;10550;9;10547;19;;;10556;16;10560;20;;;10553.0;0.0
yf_BGS_d14;44800;ASH_COATED_OSMIUM;9940;14;9938;24;;;9946;16;9949;21;;;9943.0;0.0
yf_BGS_d14;44800;INTARIAN_PEPPER_ROOT;10535;18;10533;14;;;10567;20;10571;21;;;10551.0;0.0
yf_BGS_d14;44900;ASH_COATED_OSMIUM;9940;14;9938;22;;;9946;10;9949;21;;;9943.0;0.0
yf_BGS_d14;44900;INTARIAN_PEPPER_ROOT;10547;17;10545;27;;;10553;16;10556;19;;;10550.0;0.0
yf_BGS_d14;45000;ASH_COATED_OSMIUM;9940;11;9938;25;;;9946;15;9948;21;;;9943.0;0.0
yf_BGS_d14;45000;INTARIAN_PEPPER_ROOT;10541;5;10537;17;;;10559;9;10561;16;;;10550.0;0.0
yf_BGS_d14;45100;ASH_COATED_OSMIUM;9940;20;9938;19;;;9946;19;9949;18;;;9943.0;0.0
yf_BGS_d14;45100;INTARIAN_PEPPER_ROOT;10547;23;10543;20;;;10553;5;10556;21;;;10550.0;0.0
yf_BGS_d14;45200;ASH_COATED_OSMIUM;9936;9;9933;28;;;9949;15;9953;22;;;9942.5;0.0
yf_BGS_d14;45200;INTARIAN_PEPPER_ROOT;10541;16;10539;18;;;10557;10;10560;20;;;10549.0;0.0
yf_BGS_d14;45300;ASH_COATED_OSMIUM;9940;13;9937;25;;;9946;17;9948;13;;;9943.0;0.0
yf_BGS_d14;45300;INTARIAN_PEPPER_ROOT;10545;15;10542;20;;;10551;14;10555;21;;;10548.0;0.0
yf_BGS_d14;45400;ASH_COATED_OSMIUM;9940;11;9937;19;;;9946;10;9948;15;;;9943.0;0.0
yf_BGS_d14;45400;INTARIAN_PEPPER_ROOT;10540;17;10537;20;;;10556;6;10560;26;;;10548.0;0.0
yf_BGS_d14;45500;ASH_COATED_OSMIUM;9941;18;9939;19;;;9947;6;9950;22;;;9944.0;0.0
yf_BGS_d14;45500;INTARIAN_PEPPER_ROOT;10541;18;10537;19;;;10553;5;10557;15;;;10547.0;0.0
yf_BGS_d14;45600;ASH_COATED_OSMIUM;9938;23;9935;34;;;9949;14;9953;15;;;9943.5;0.0
yf_BGS_d14;45600;INTARIAN_PEPPER_ROOT;10543;9;10539;21;;;10549;19;10551;18;;;10546.0;0.0
yf_BGS_d14;45700;ASH_COATED_OSMIUM;9940;15;9938;22;;;9946;23;9950;21;;;9943.0;0.0
yf_BGS_d14;45700;INTARIAN_PEPPER_ROOT;10543;13;10541;26;;;10549;18;10552;31;;;10546.0;0.0
yf_BGS_d14;45800;ASH_COATED_OSMIUM;9940;8;9938;25;;;9946;14;9948;14;;;9943.0;0.0
yf_BGS_d14;45800;INTARIAN_PEPPER_ROOT;10542;17;10539;21;;;10548;11;10552;12;;;10545.0;0.0
yf_BGS_d14;45900;ASH_COATED_OSMIUM;9941;12;9937;15;;;9947;13;9950;17;;;9944.0;0.0
yf_BGS_d14;45900;INTARIAN_PEPPER_ROOT;10540;14;10537;14;;;10549;7;10552;20;;;10544.5;0.0
yf_BGS_d14;46000;ASH_COATED_OSMIUM;9941;17;9937;19;;;9947;16;9949;23;;;9944.0;0.0
yf_BGS_d14;46000;INTARIAN_PEPPER_ROOT;10527;10;10525;22;;;10559;19;10562;22;;;10543.0;0.0
yf_BGS_d14;46100;ASH_COATED_OSMIUM;9938;11;9934;25;;;9948;13;9951;12;;;9943.0;0.0
yf_BGS_d14;46100;INTARIAN_PEPPER_ROOT;10540;9;10536;16;;;10546;20;10550;12;;;10543.0;0.0
yf_BGS_d14;46200;ASH_COATED_OSMIUM;9935;16;9931;22;;;9952;17;9954;17;;;9943.5;0.0
yf_BGS_d14;46200;INTARIAN_PEPPER_ROOT;10540;8;10538;23;;;10546;15;10549;24;;;10543.0;0.0
yf_BGS_d14;46300;ASH_COATED_OSMIUM;9941;19;9939;26;;;9947;14;9950;25;;;9944.0;0.0
yf_BGS_d14;46300;INTARIAN_PEPPER_ROOT;10537;16;10534;18;;;10546;19;10549;17;;;10541.5;0.0
yf_BGS_d14;46400;ASH_COATED_OSMIUM;9940;21;9937;17;;;9946;20;9949;11;;;9943.0;0.0
yf_BGS_d14;46400;INTARIAN_PEPPER_ROOT;10538;19;10535;24;;;10544;10;10546;22;;;10541.0;0.0
yf_BGS_d14;46500;ASH_COATED_OSMIUM;9941;19;9939;14;;;9947;5;9951;20;;;9944.0;0.0
yf_BGS_d14;46500;INTARIAN_PEPPER_ROOT;10538;11;10536;22;;;10544;26;10548;17;;;10541.0;0.0
yf_BGS_d14;46600;ASH_COATED_OSMIUM;9941;9;9937;20;;;9947;11;9950;15;;;9944.0;0.0
yf_BGS_d14;46600;INTARIAN_PEPPER_ROOT;10537;15;10535;28;;;10543;13;10547;16;;;10540.0;0.0
yf_BGS_d14;46700;ASH_COATED_OSMIUM;9941;7;9939;25;;;9947;9;9951;14;;;9944.0;0.0
yf_BGS_d14;46700;INTARIAN_PEPPER_ROOT;10531;18;10529;22;;;10548;22;10551;18;;;10539.5;0.0
yf_BGS_d14;46800;ASH_COATED_OSMIUM;9941;16;9939;26;;;9947;17;9951;22;;;9944.0;0.0
yf_BGS_d14;46800;INTARIAN_PEPPER_ROOT;10535;24;10532;16;;;10541;11;10545;19;;;10538.0;0.0
yf_BGS_d14;46900;ASH_COATED_OSMIUM;9935;9;9933;17;;;9952;9;9955;22;;;9943.5;0.0
yf_BGS_d14;46900;INTARIAN_PEPPER_ROOT;10526;19;10524;21;;;10550;17;10553;30;;;10538.0;0.0
yf_BGS_d14;47000;ASH_COATED_OSMIUM;9941;11;9939;23;;;9947;17;9951;18;;;9944.0;0.0
yf_BGS_d14;47000;INTARIAN_PEPPER_ROOT;10534;16;10531;18;;;10540;19;10542;23;;;10537.0;0.0
yf_BGS_d14;47100;ASH_COATED_OSMIUM;9941;10;9937;19;;;9947;5;9949;9;;;9944.0;0.0
yf_BGS_d14;47100;INTARIAN_PEPPER_ROOT;10534;22;10530;22;;;10540;20;10544;16;;;10537.0;0.0
yf_BGS_d14;47200;ASH_COATED_OSMIUM;9939;7;9935;16;;;9949;10;9952;21;;;9944.0;0.0
yf_BGS_d14;47200;INTARIAN_PEPPER_ROOT;10533;16;10529;15;;;10539;23;10543;16;;;10536.0;0.0
yf_BGS_d14;47300;ASH_COATED_OSMIUM;9942;14;9938;27;;;9948;14;9950;14;;;9945.0;0.0
yf_BGS_d14;47300;INTARIAN_PEPPER_ROOT;10529;12;10525;22;;;10542;14;10546;17;;;10535.5;0.0
yf_BGS_d14;47400;ASH_COATED_OSMIUM;9939;19;9935;16;;;9949;15;9951;18;;;9944.0;0.0
yf_BGS_d14;47400;INTARIAN_PEPPER_ROOT;10532;27;10529;18;;;10538;11;10541;13;;;10535.0;0.0
yf_BGS_d14;47500;ASH_COATED_OSMIUM;9941;12;9937;17;;;9947;19;9950;26;;;9944.0;0.0
yf_BGS_d14;47500;INTARIAN_PEPPER_ROOT;10528;17;10525;20;;;10541;15;10545;19;;;10534.5;0.0
yf_BGS_d14;47600;ASH_COATED_OSMIUM;9939;13;9936;15;;;9949;15;9952;20;;;9944.0;0.0
yf_BGS_d14;47600;INTARIAN_PEPPER_ROOT;10529;11;10526;24;;;10539;24;10541;17;;;10534.0;0.0
yf_BGS_d14;47700;ASH_COATED_OSMIUM;9942;16;9940;20;;;9948;15;9951;11;;;9945.0;0.0
yf_BGS_d14;47700;INTARIAN_PEPPER_ROOT;10528;15;10526;24;;;10539;12;10543;20;;;10533.5;0.0
yf_BGS_d14;47800;ASH_COATED_OSMIUM;9941;16;9938;16;;;9947;17;9950;25;;;9944.0;0.0
yf_BGS_d14;47800;INTARIAN_PEPPER_ROOT;10529;10;10525;12;;;10535;20;10539;23;;;10532.0;0.0
yf_BGS_d14;47900;ASH_COATED_OSMIUM;9936;16;9932;15;;;9954;5;9957;31;;;9945.0;0.0
yf_BGS_d14;47900;INTARIAN_PEPPER_ROOT;10528;11;10526;23;;;10534;12;10538;18;;;10531.0;0.0
yf_BGS_d14;48000;ASH_COATED_OSMIUM;9942;16;9938;19;;;9948;14;9951;16;;;9945.0;0.0
yf_BGS_d14;48000;INTARIAN_PEPPER_ROOT;10528;18;10524;8;;;10534;11;10536;21;;;10531.0;0.0
yf_BGS_d14;48100;ASH_COATED_OSMIUM;9942;21;9940;20;;;9948;9;9951;20;;;9945.0;0.0
yf_BGS_d14;48100;INTARIAN_PEPPER_ROOT;10527;9;10523;28;;;10533;10;10536;15;;;10530.0;0.0
yf_BGS_d14;48200;ASH_COATED_OSMIUM;9942;19;9938;19;;;9948;16;9951;15;;;9945.0;0.0
yf_BGS_d14;48200;INTARIAN_PEPPER_ROOT;10525;21;10523;26;;;10535;19;10539;25;;;10530.0;0.0
yf_BGS_d14;48300;ASH_COATED_OSMIUM;9942;25;9939;13;;;9948;13;9950;22;;;9945.0;0.0
yf_BGS_d14;48300;INTARIAN_PEPPER_ROOT;10527;6;10523;15;;;10533;13;10535;16;;;10530.0;0.0
yf_BGS_d14;48400;ASH_COATED_OSMIUM;9942;13;9938;31;;;9949;10;9952;25;;;9945.5;0.0
yf_BGS_d14;48400;INTARIAN_PEPPER_ROOT;10525;8;10521;16;;;10531;12;10533;29;;;10528.0;0.0
yf_BGS_d14;48500;ASH_COATED_OSMIUM;9942;16;9940;14;;;9948;11;9950;13;;;9945.0;0.0
yf_BGS_d14;48500;INTARIAN_PEPPER_ROOT;10525;18;10522;15;;;10531;23;10535;17;;;10528.0;0.0
yf_BGS_d14;48600;ASH_COATED_OSMIUM;9942;11;9940;16;;;9949;14;9953;20;;;9945.5;0.0
yf_BGS_d14;48600;INTARIAN_PEPPER_ROOT;10524;21;10520;21;;;10530;18;10534;13;;;10527.0;0.0
yf_BGS_d14;48700;ASH_COATED_OSMIUM;9941;10;9939;21;;;9949;6;9952;30;;;9945.0;0.0
yf_BGS_d14;48700;INTARIAN_PEPPER_ROOT;10523;11;10520;27;;;10529;5;10532;26;;;10526.0;0.0
yf_BGS_d14;48800;ASH_COATED_OSMIUM;9932;13;9929;28;;;9959;14;9962;21;;;9945.5;0.0
yf_BGS_d14;48800;INTARIAN_PEPPER_ROOT;10511;21;10509;29;;;10541;9;10544;19;;;10526.0;0.0
yf_BGS_d14;48900;ASH_COATED_OSMIUM;9935;14;9932;28;;;9957;16;9961;16;;;9946.0;0.0
yf_BGS_d14;48900;INTARIAN_PEPPER_ROOT;10510;18;10507;25;;;10541;19;10545;27;;;10525.5;0.0
yf_BGS_d14;49000;ASH_COATED_OSMIUM;9943;9;9941;19;;;9949;11;9951;17;;;9946.0;0.0
yf_BGS_d14;49000;INTARIAN_PEPPER_ROOT;10522;16;10520;22;;;10528;17;10531;9;;;10525.0;0.0
yf_BGS_d14;49100;ASH_COATED_OSMIUM;9943;12;9939;18;;;9949;15;9952;18;;;9946.0;0.0
yf_BGS_d14;49100;INTARIAN_PEPPER_ROOT;10521;12;10517;24;;;10527;14;10530;20;;;10524.0;0.0
yf_BGS_d14;49200;ASH_COATED_OSMIUM;9943;9;9939;23;;;9949;11;9952;16;;;9946.0;0.0
yf_BGS_d14;49200;INTARIAN_PEPPER_ROOT;10518;17;10516;12;;;10528;14;10530;23;;;10523.0;0.0
yf_BGS_d14;49300;ASH_COATED_OSMIUM;9943;27;9939;13;;;9949;10;9953;19;;;9946.0;0.0
yf_BGS_d14;49300;INTARIAN_PEPPER_ROOT;10520;5;10516;20;;;10526;13;10528;24;;;10523.0;0.0
yf_BGS_d14;49400;ASH_COATED_OSMIUM;9934;21;9932;13;;;9957;14;9959;14;;;9945.5;0.0
yf_BGS_d14;49400;INTARIAN_PEPPER_ROOT;10517;13;10513;21;;;10527;14;10529;21;;;10522.0;0.0
yf_BGS_d14;49500;ASH_COATED_OSMIUM;9943;14;9939;17;;;9949;16;9951;16;;;9946.0;0.0
yf_BGS_d14;49500;INTARIAN_PEPPER_ROOT;10519;16;10516;21;;;10525;12;10528;17;;;10522.0;0.0
yf_BGS_d14;49600;ASH_COATED_OSMIUM;9944;8;9942;20;;;9950;21;9953;24;;;9947.0;0.0
yf_BGS_d14;49600;INTARIAN_PEPPER_ROOT;10518;12;10514;20;;;10525;5;10529;18;;;10521.5;0.0
yf_BGS_d14;49700;ASH_COATED_OSMIUM;9943;14;9940;17;;;9949;17;9951;15;;;9946.0;0.0
yf_BGS_d14;49700;INTARIAN_PEPPER_ROOT;10517;13;10514;21;;;10523;14;10525;11;;;10520.0;0.0
yf_BGS_d14;49800;ASH_COATED_OSMIUM;9941;22;9937;20;;;9953;12;9956;17;;;9947.0;0.0
yf_BGS_d14;49800;INTARIAN_PEPPER_ROOT;10516;19;10513;15;;;10522;13;10524;22;;;10519.0;0.0
yf_BGS_d14;49900;ASH_COATED_OSMIUM;9944;12;9941;18;;;9950;15;9954;21;;;9947.0;0.0
yf_BGS_d14;49900;INTARIAN_PEPPER_ROOT;10516;7;10514;29;;;10523;12;10526;17;;;10519.5;0.0
yf_BGS_d14;50000;ASH_COATED_OSMIUM;9942;19;9939;19;;;9950;15;9952;31;;;9946.0;0.0
yf_BGS_d14;50000;INTARIAN_PEPPER_ROOT;10515;11;10513;10;;;10522;17;10524;12;;;10518.5;0.0
yf_BGS_d14;50100;ASH_COATED_OSMIUM;9943;19;9939;18;;;9949;5;9952;14;;;9946.0;0.0
yf_BGS_d14;50100;INTARIAN_PEPPER_ROOT;10515;11;10513;23;;;10521;17;10525;17;;;10518.0;0.0
yf_BGS_d14;50200;ASH_COATED_OSMIUM;9944;17;9941;31;;;9950;16;9952;19;;;9947.0;0.0
yf_BGS_d14;50200;INTARIAN_PEPPER_ROOT;10514;17;10512;30;;;10520;15;10522;18;;;10517.0;0.0
yf_BGS_d14;50300;ASH_COATED_OSMIUM;9944;19;9942;19;;;9950;16;9952;21;;;9947.0;0.0
yf_BGS_d14;50300;INTARIAN_PEPPER_ROOT;10511;14;10509;13;;;10523;21;10525;21;;;10517.0;0.0
yf_BGS_d14;50400;ASH_COATED_OSMIUM;9934;12;9930;17;;;9959;18;9961;15;;;9946.5;0.0
yf_BGS_d14;50400;INTARIAN_PEPPER_ROOT;10513;13;10510;18;;;10519;15;10521;20;;;10516.0;0.0
yf_BGS_d14;50500;ASH_COATED_OSMIUM;9944;11;9942;20;;;9950;19;9952;25;;;9947.0;0.0
yf_BGS_d14;50500;INTARIAN_PEPPER_ROOT;10507;14;10505;14;;;10523;14;10525;17;;;10515.0;0.0
yf_BGS_d14;50600;ASH_COATED_OSMIUM;9944;17;9942;20;;;9950;17;9954;24;;;9947.0;0.0
yf_BGS_d14;50600;INTARIAN_PEPPER_ROOT;10509;7;10505;24;;;10521;13;10524;16;;;10515.0;0.0
yf_BGS_d14;50700;ASH_COATED_OSMIUM;9942;5;9940;18;;;9953;8;9956;21;;;9947.5;0.0
yf_BGS_d14;50700;INTARIAN_PEPPER_ROOT;10511;12;10507;18;;;10517;8;10520;15;;;10514.0;0.0
yf_BGS_d14;50800;ASH_COATED_OSMIUM;9942;15;9938;24;;;9952;26;9954;30;;;9947.0;0.0
yf_BGS_d14;50800;INTARIAN_PEPPER_ROOT;10511;14;10508;24;;;10517;10;10520;23;;;10514.0;0.0
yf_BGS_d14;50900;ASH_COATED_OSMIUM;9944;5;9941;16;;;9950;12;9954;18;;;9947.0;0.0
yf_BGS_d14;50900;INTARIAN_PEPPER_ROOT;10503;13;10501;19;;;10521;6;10525;12;;;10512.0;0.0
yf_BGS_d14;51000;ASH_COATED_OSMIUM;9945;12;9943;24;;;9951;20;9953;22;;;9948.0;0.0
yf_BGS_d14;51000;INTARIAN_PEPPER_ROOT;10509;13;10505;22;;;10515;12;10519;15;;;10512.0;0.0
yf_BGS_d14;51100;ASH_COATED_OSMIUM;9945;13;9942;19;;;9951;17;9953;15;;;9948.0;0.0
yf_BGS_d14;51100;INTARIAN_PEPPER_ROOT;10508;5;10506;12;;;10514;19;10517;21;;;10511.0;0.0
yf_BGS_d14;51200;ASH_COATED_OSMIUM;9941;8;9937;24;;;9954;16;9956;12;;;9947.5;0.0
yf_BGS_d14;51200;INTARIAN_PEPPER_ROOT;10508;13;10504;19;;;10514;14;10518;12;;;10511.0;0.0
yf_BGS_d14;51300;ASH_COATED_OSMIUM;9944;24;9940;24;;;9950;10;9954;16;;;9947.0;0.0
yf_BGS_d14;51300;INTARIAN_PEPPER_ROOT;10507;7;10503;22;;;10513;9;10517;9;;;10510.0;0.0
yf_BGS_d14;51400;ASH_COATED_OSMIUM;9944;22;9940;32;;;9952;10;9956;13;;;9948.0;0.0
yf_BGS_d14;51400;INTARIAN_PEPPER_ROOT;10507;12;10504;29;;;10513;19;10515;17;;;10510.0;0.0
yf_BGS_d14;51500;ASH_COATED_OSMIUM;9945;16;9941;16;;;9951;12;9954;24;;;9948.0;0.0
yf_BGS_d14;51500;INTARIAN_PEPPER_ROOT;10498;6;10495;24;;;10519;23;10522;14;;;10508.5;0.0
yf_BGS_d14;51600;ASH_COATED_OSMIUM;9945;13;9942;27;;;9951;17;9953;24;;;9948.0;0.0
yf_BGS_d14;51600;INTARIAN_PEPPER_ROOT;10506;12;10503;17;;;10512;11;10514;17;;;10509.0;0.0
yf_BGS_d14;51700;ASH_COATED_OSMIUM;9943;5;9939;17;;;9954;12;9956;18;;;9948.5;0.0
yf_BGS_d14;51700;INTARIAN_PEPPER_ROOT;10504;16;10500;17;;;10510;16;10512;22;;;10507.0;0.0
yf_BGS_d14;51800;ASH_COATED_OSMIUM;9945;20;9942;20;;;9951;15;9955;19;;;9948.0;0.0
yf_BGS_d14;51800;INTARIAN_PEPPER_ROOT;10501;13;10498;19;;;10514;11;10518;20;;;10507.5;0.0
yf_BGS_d14;51900;ASH_COATED_OSMIUM;9946;17;9942;15;;;9952;16;9956;25;;;9949.0;0.0
yf_BGS_d14;51900;INTARIAN_PEPPER_ROOT;10503;12;10500;20;;;10509;25;10513;19;;;10506.0;0.0
yf_BGS_d14;52000;ASH_COATED_OSMIUM;9944;12;9941;16;;;9952;19;9954;19;;;9948.0;0.0
yf_BGS_d14;52000;INTARIAN_PEPPER_ROOT;10496;18;10494;15;;;10515;16;10518;17;;;10505.5;0.0
yf_BGS_d14;52100;ASH_COATED_OSMIUM;9945;14;9942;20;;;9951;17;9954;15;;;9948.0;0.0
yf_BGS_d14;52100;INTARIAN_PEPPER_ROOT;10501;10;10497;18;;;10507;14;10511;13;;;10504.0;0.0
yf_BGS_d14;52200;ASH_COATED_OSMIUM;9946;13;9944;24;;;9952;16;9954;25;;;9949.0;0.0
yf_BGS_d14;52200;INTARIAN_PEPPER_ROOT;10501;15;10497;18;;;10507;13;10509;23;;;10504.0;0.0
yf_BGS_d14;52300;ASH_COATED_OSMIUM;9944;16;9942;15;;;9953;14;9955;23;;;9948.5;0.0
yf_BGS_d14;52300;INTARIAN_PEPPER_ROOT;10501;21;10499;26;;;10507;16;10511;25;;;10504.0;0.0
yf_BGS_d14;52400;ASH_COATED_OSMIUM;9945;10;9941;12;;;9954;8;9958;24;;;9949.5;0.0
yf_BGS_d14;52400;INTARIAN_PEPPER_ROOT;10501;18;10497;27;;;10507;17;10510;20;;;10504.0;0.0
yf_BGS_d14;52500;ASH_COATED_OSMIUM;9947;20;9944;13;;;9953;22;9956;29;;;9950.0;0.0
yf_BGS_d14;52500;INTARIAN_PEPPER_ROOT;10498;16;10496;26;;;10506;16;10508;26;;;10502.0;0.0
yf_BGS_d14;52600;ASH_COATED_OSMIUM;9943;16;9941;17;;;9956;21;9960;13;;;9949.5;0.0
yf_BGS_d14;52600;INTARIAN_PEPPER_ROOT;10499;12;10496;24;;;10505;17;10509;16;;;10502.0;0.0
yf_BGS_d14;52700;ASH_COATED_OSMIUM;9946;23;9944;10;;;9952;18;9954;18;;;9949.0;0.0
yf_BGS_d14;52700;INTARIAN_PEPPER_ROOT;10498;7;10494;23;;;10504;15;10506;9;;;10501.0;0.0
yf_BGS_d14;52800;ASH_COATED_OSMIUM;9947;27;9943;24;;;9953;6;9956;31;;;9950.0;0.0
yf_BGS_d14;52800;INTARIAN_PEPPER_ROOT;10492;14;10489;22;;;10510;10;10513;21;;;10501.0;0.0
yf_BGS_d14;52900;ASH_COATED_OSMIUM;9945;13;9941;24;;;9955;14;9957;20;;;9950.0;0.0
yf_BGS_d14;52900;INTARIAN_PEPPER_ROOT;10497;20;10494;21;;;10503;23;10506;23;;;10500.0;0.0
yf_BGS_d14;53000;ASH_COATED_OSMIUM;9947;6;9943;15;;;9953;19;9956;16;;;9950.0;0.0
yf_BGS_d14;53000;INTARIAN_PEPPER_ROOT;10497;9;10494;14;;;10503;12;10507;11;;;10500.0;0.0
yf_BGS_d14;53100;ASH_COATED_OSMIUM;9943;14;9940;23;;;9955;13;9958;18;;;9949.0;0.0
yf_BGS_d14;53100;INTARIAN_PEPPER_ROOT;10495;16;10493;17;;;10502;16;10505;20;;;10498.5;0.0
yf_BGS_d14;53200;ASH_COATED_OSMIUM;9947;14;9943;26;;;9953;13;9956;24;;;9950.0;0.0
yf_BGS_d14;53200;INTARIAN_PEPPER_ROOT;10492;16;10488;22;;;10505;23;10508;17;;;10498.5;0.0
yf_BGS_d14;53300;ASH_COATED_OSMIUM;9947;15;9943;14;;;9953;14;9956;12;;;9950.0;0.0
yf_BGS_d14;53300;INTARIAN_PEPPER_ROOT;10489;9;10486;23;;;10506;11;10509;23;;;10497.5;0.0
yf_BGS_d14;53400;ASH_COATED_OSMIUM;9947;20;9944;17;;;9953;15;9956;11;;;9950.0;0.0
yf_BGS_d14;53400;INTARIAN_PEPPER_ROOT;10494;20;10491;20;;;10500;13;10502;18;;;10497.0;0.0
yf_BGS_d14;53500;ASH_COATED_OSMIUM;9941;8;9937;18;;;9960;12;9964;22;;;9950.5;0.0
yf_BGS_d14;53500;INTARIAN_PEPPER_ROOT;10492;14;10489;19;;;10501;13;10504;19;;;10496.5;0.0
yf_BGS_d14;53600;ASH_COATED_OSMIUM;9947;17;9944;21;;;9953;23;9957;15;;;9950.0;0.0
yf_BGS_d14;53600;INTARIAN_PEPPER_ROOT;10493;12;10491;17;;;10499;22;10502;23;;;10496.0;0.0
yf_BGS_d14;53700;ASH_COATED_OSMIUM;9948;14;9945;17;;;9954;16;9957;23;;;9951.0;0.0
yf_BGS_d14;53700;INTARIAN_PEPPER_ROOT;10492;14;10488;19;;;10498;16;10500;13;;;10495.0;0.0
yf_BGS_d14;53800;ASH_COATED_OSMIUM;9947;15;9945;11;;;9954;10;9957;18;;;9950.5;0.0
yf_BGS_d14;53800;INTARIAN_PEPPER_ROOT;10480;11;10477;29;;;10508;8;10512;17;;;10494.0;0.0
yf_BGS_d14;53900;ASH_COATED_OSMIUM;9948;12;9946;17;;;9954;13;9956;16;;;9951.0;0.0
yf_BGS_d14;53900;INTARIAN_PEPPER_ROOT;10482;11;10478;15;;;10505;17;10508;21;;;10493.5;0.0
yf_BGS_d14;54000;ASH_COATED_OSMIUM;9941;18;9938;26;;;9960;15;9962;10;;;9950.5;0.0
yf_BGS_d14;54000;INTARIAN_PEPPER_ROOT;10472;16;10468;18;;;10513;7;10515;19;;;10492.5;0.0
yf_BGS_d14;54100;ASH_COATED_OSMIUM;9948;15;9945;18;;;9954;20;9956;26;;;9951.0;0.0
yf_BGS_d14;54100;INTARIAN_PEPPER_ROOT;10489;22;10485;26;;;10495;13;10498;23;;;10492.0;0.0
yf_BGS_d14;54200;ASH_COATED_OSMIUM;9943;11;9939;11;;;9960;14;9962;21;;;9951.5;0.0
yf_BGS_d14;54200;INTARIAN_PEPPER_ROOT;10489;17;10486;18;;;10495;15;10497;25;;;10492.0;0.0
yf_BGS_d14;54300;ASH_COATED_OSMIUM;9948;10;9945;11;;;9954;25;9957;24;;;9951.0;0.0
yf_BGS_d14;54300;INTARIAN_PEPPER_ROOT;10486;10;10483;20;;;10495;24;10497;14;;;10490.5;0.0
yf_BGS_d14;54400;ASH_COATED_OSMIUM;9949;14;9946;23;;;9955;12;9957;18;;;9952.0;0.0
yf_BGS_d14;54400;INTARIAN_PEPPER_ROOT;10485;15;10482;13;;;10495;17;10498;15;;;10490.0;0.0
yf_BGS_d14;54500;ASH_COATED_OSMIUM;9949;5;9946;19;;;9955;16;9957;11;;;9952.0;0.0
yf_BGS_d14;54500;INTARIAN_PEPPER_ROOT;10487;5;10484;19;;;10493;14;10496;22;;;10490.0;0.0
yf_BGS_d14;54600;ASH_COATED_OSMIUM;9949;12;9946;15;;;9955;16;9959;23;;;9952.0;0.0
yf_BGS_d14;54600;INTARIAN_PEPPER_ROOT;10484;20;10481;18;;;10495;20;10499;14;;;10489.5;0.0
yf_BGS_d14;54700;ASH_COATED_OSMIUM;9947;24;9943;15;;;9958;12;9960;23;;;9952.5;0.0
yf_BGS_d14;54700;INTARIAN_PEPPER_ROOT;10486;17;10483;24;;;10492;23;10496;20;;;10489.0;0.0
yf_BGS_d14;54800;ASH_COATED_OSMIUM;9949;13;9947;15;;;9955;19;9958;25;;;9952.0;0.0
yf_BGS_d14;54800;INTARIAN_PEPPER_ROOT;10485;17;10482;25;;;10491;19;10493;17;;;10488.0;0.0
yf_BGS_d14;54900;ASH_COATED_OSMIUM;9949;21;9945;19;;;9955;17;9958;25;;;9952.0;0.0
yf_BGS_d14;54900;INTARIAN_PEPPER_ROOT;10478;12;10476;16;;;10497;17;10500;20;;;10487.5;0.0
yf_BGS_d14;55000;ASH_COATED_OSMIUM;9949;13;9946;17;;;9955;5;9957;9;;;9952.0;0.0
yf_BGS_d14;55000;INTARIAN_PEPPER_ROOT;10482;17;10480;17;;;10491;20;10494;23;;;10486.5;0.0
yf_BGS_d14;55100;ASH_COATED_OSMIUM;9949;15;9946;29;;;9955;21;9957;16;;;9952.0;0.0
yf_BGS_d14;55100;INTARIAN_PEPPER_ROOT;10480;21;10476;22;;;10492;5;10494;20;;;10486.0;0.0
yf_BGS_d14;55200;ASH_COATED_OSMIUM;9945;17;9941;20;;;9959;20;9962;19;;;9952.0;0.0
yf_BGS_d14;55200;INTARIAN_PEPPER_ROOT;10482;12;10480;14;;;10489;18;10492;21;;;10485.5;0.0
yf_BGS_d14;55300;ASH_COATED_OSMIUM;9943;18;9941;20;;;9961;8;9963;14;;;9952.0;0.0
yf_BGS_d14;55300;INTARIAN_PEPPER_ROOT;10482;15;10479;19;;;10488;14;10490;14;;;10485.0;0.0
yf_BGS_d14;55400;ASH_COATED_OSMIUM;9950;15;9948;23;;;9956;14;9960;17;;;9953.0;0.0
yf_BGS_d14;55400;INTARIAN_PEPPER_ROOT;10481;19;10478;14;;;10487;14;10490;23;;;10484.0;0.0
yf_BGS_d14;55500;ASH_COATED_OSMIUM;9949;17;9946;22;;;9955;13;9958;21;;;9952.0;0.0
yf_BGS_d14;55500;INTARIAN_PEPPER_ROOT;10481;8;10478;20;;;10487;9;10490;25;;;10484.0;0.0
yf_BGS_d14;55600;ASH_COATED_OSMIUM;9950;11;9946;21;;;9957;19;9959;23;;;9953.5;0.0
yf_BGS_d14;55600;INTARIAN_PEPPER_ROOT;10479;19;10475;22;;;10485;19;10488;26;;;10482.0;0.0
yf_BGS_d14;55700;ASH_COATED_OSMIUM;9913;17;9909;15;;;9993;13;9995;21;;;9953.0;0.0
yf_BGS_d14;55700;INTARIAN_PEPPER_ROOT;10478;10;10475;9;;;10487;20;10491;10;;;10482.5;0.0
yf_BGS_d14;55800;ASH_COATED_OSMIUM;9950;10;9947;24;;;9956;14;9960;20;;;9953.0;0.0
yf_BGS_d14;55800;INTARIAN_PEPPER_ROOT;10478;10;10474;22;;;10486;22;10488;26;;;10482.0;0.0
yf_BGS_d14;55900;ASH_COATED_OSMIUM;9949;24;9945;23;;;9956;12;9960;20;;;9952.5;0.0
yf_BGS_d14;55900;INTARIAN_PEPPER_ROOT;10464;12;10462;17;;;10496;10;10499;13;;;10480.0;0.0
yf_BGS_d14;56000;ASH_COATED_OSMIUM;9950;16;9946;12;;;9956;14;9959;20;;;9953.0;0.0
yf_BGS_d14;56000;INTARIAN_PEPPER_ROOT;10477;13;10474;18;;;10483;18;10485;15;;;10480.0;0.0
yf_BGS_d14;56100;ASH_COATED_OSMIUM;9946;20;9942;13;;;9961;18;9963;23;;;9953.5;0.0
yf_BGS_d14;56100;INTARIAN_PEPPER_ROOT;10477;17;10474;19;;;10483;17;10486;27;;;10480.0;0.0
yf_BGS_d14;56200;ASH_COATED_OSMIUM;9951;21;9947;22;;;9957;14;9960;14;;;9954.0;0.0
yf_BGS_d14;56200;INTARIAN_PEPPER_ROOT;10466;13;10464;20;;;10492;20;10495;22;;;10479.0;0.0
yf_BGS_d14;56300;ASH_COATED_OSMIUM;9948;16;9944;18;;;9959;18;9961;22;;;9953.5;0.0
yf_BGS_d14;56300;INTARIAN_PEPPER_ROOT;10471;16;10469;18;;;10485;11;10487;19;;;10478.0;0.0
yf_BGS_d14;56400;ASH_COATED_OSMIUM;9951;11;9949;15;;;9957;19;9960;17;;;9954.0;0.0
yf_BGS_d14;56400;INTARIAN_PEPPER_ROOT;10474;16;10472;18;;;10480;17;10484;26;;;10477.0;0.0
yf_BGS_d14;56500;ASH_COATED_OSMIUM;9945;16;9943;30;;;9963;13;9967;15;;;9954.0;0.0
yf_BGS_d14;56500;INTARIAN_PEPPER_ROOT;10467;10;10463;15;;;10489;20;10491;16;;;10478.0;0.0
yf_BGS_d14;56600;ASH_COATED_OSMIUM;9950;7;9946;26;;;9958;13;9960;21;;;9954.0;0.0
yf_BGS_d14;56600;INTARIAN_PEPPER_ROOT;10469;15;10466;13;;;10484;13;10488;19;;;10476.5;0.0
yf_BGS_d14;56700;ASH_COATED_OSMIUM;9952;13;9950;20;;;9958;21;9962;17;;;9955.0;0.0
yf_BGS_d14;56700;INTARIAN_PEPPER_ROOT;10473;23;10471;14;;;10479;19;10481;22;;;10476.0;0.0
yf_BGS_d14;56800;ASH_COATED_OSMIUM;9951;13;9947;15;;;9957;8;9960;11;;;9954.0;0.0
yf_BGS_d14;56800;INTARIAN_PEPPER_ROOT;10472;11;10469;23;;;10478;10;10482;14;;;10475.0;0.0
yf_BGS_d14;56900;ASH_COATED_OSMIUM;9952;18;9950;19;;;9958;26;9960;30;;;9955.0;0.0
yf_BGS_d14;56900;INTARIAN_PEPPER_ROOT;10472;10;10470;22;;;10478;13;10482;11;;;10475.0;0.0
yf_BGS_d14;57000;ASH_COATED_OSMIUM;9950;24;9948;21;;;9958;12;9960;13;;;9954.0;0.0
yf_BGS_d14;57000;INTARIAN_PEPPER_ROOT;10470;15;10467;14;;;10478;12;10482;18;;;10474.0;0.0
yf_BGS_d14;57100;ASH_COATED_OSMIUM;9952;14;9949;17;;;9958;13;9962;17;;;9955.0;0.0
yf_BGS_d14;57100;INTARIAN_PEPPER_ROOT;10470;17;10468;14;;;10476;10;10480;18;;;10473.0;0.0
yf_BGS_d14;57200;ASH_COATED_OSMIUM;9947;19;9945;26;;;9961;15;9965;21;;;9954.0;0.0
yf_BGS_d14;57200;INTARIAN_PEPPER_ROOT;10467;13;10464;20;;;10478;11;10481;25;;;10472.5;0.0
yf_BGS_d14;57300;ASH_COATED_OSMIUM;9952;17;9948;12;;;9958;22;9962;13;;;9955.0;0.0
yf_BGS_d14;57300;INTARIAN_PEPPER_ROOT;10469;6;10467;14;;;10475;10;10477;15;;;10472.0;0.0
yf_BGS_d14;57400;ASH_COATED_OSMIUM;9949;14;9946;17;;;9961;5;9963;25;;;9955.0;0.0
yf_BGS_d14;57400;INTARIAN_PEPPER_ROOT;10467;18;10463;13;;;10476;20;10480;18;;;10471.5;0.0
yf_BGS_d14;57500;ASH_COATED_OSMIUM;9952;18;9948;25;;;9958;16;9961;24;;;9955.0;0.0
yf_BGS_d14;57500;INTARIAN_PEPPER_ROOT;10468;13;10464;30;;;10474;10;10478;17;;;10471.0;0.0
yf_BGS_d14;57600;ASH_COATED_OSMIUM;9941;11;9937;17;;;9969;11;9972;13;;;9955.0;0.0
yf_BGS_d14;57600;INTARIAN_PEPPER_ROOT;10466;10;10463;19;;;10474;15;10476;22;;;10470.0;0.0
yf_BGS_d14;57700;ASH_COATED_OSMIUM;9949;17;9946;21;;;9961;16;9965;16;;;9955.0;0.0
yf_BGS_d14;57700;INTARIAN_PEPPER_ROOT;10467;14;10463;33;;;10473;7;10476;19;;;10470.0;0.0
yf_BGS_d14;57800;ASH_COATED_OSMIUM;9952;12;9949;19;;;9958;14;9960;19;;;9955.0;0.0
yf_BGS_d14;57800;INTARIAN_PEPPER_ROOT;10454;12;10452;26;;;10484;13;10487;20;;;10469.0;0.0
yf_BGS_d14;57900;ASH_COATED_OSMIUM;9953;18;9949;18;;;9959;17;9963;22;;;9956.0;0.0
yf_BGS_d14;57900;INTARIAN_PEPPER_ROOT;10465;11;10462;15;;;10471;20;10474;15;;;10468.0;0.0
yf_BGS_d14;58000;ASH_COATED_OSMIUM;9954;11;9951;23;;;9960;18;9962;21;;;9957.0;0.0
yf_BGS_d14;58000;INTARIAN_PEPPER_ROOT;10459;12;10455;16;;;10477;14;10481;24;;;10468.0;0.0
yf_BGS_d14;58100;ASH_COATED_OSMIUM;9953;15;9950;11;;;9959;6;9963;20;;;9956.0;0.0
yf_BGS_d14;58100;INTARIAN_PEPPER_ROOT;10464;21;10461;13;;;10470;9;10473;25;;;10467.0;0.0
yf_BGS_d14;58200;ASH_COATED_OSMIUM;9953;19;9949;20;;;9959;20;9963;13;;;9956.0;0.0
yf_BGS_d14;58200;INTARIAN_PEPPER_ROOT;10453;14;10450;14;;;10480;11;10482;16;;;10466.5;0.0
yf_BGS_d14;58300;ASH_COATED_OSMIUM;9954;11;9950;26;;;9960;16;9962;21;;;9957.0;0.0
