day;timestamp;product;bid_price_1;bid_volume_1;bid_price_2;bid_volume_2;bid_price_3;bid_volume_3;ask_price_1;ask_volume_1;ask_price_2;ask_volume_2;ask_price_3;ask_volume_3;mid_price;profit_and_loss
yf_MKC_d10;0;ASH_COATED_OSMIUM;9935;21;9932;34;;;9941;16;9945;17;;;9938.0;0.0
yf_MKC_d10;0;INTARIAN_PEPPER_ROOT;12785;7;12781;31;;;12791;15;12794;20;;;12788.0;0.0
yf_MKC_d10;100;ASH_COATED_OSMIUM;9935;12;9932;22;;;9941;9;9945;25;;;9938.0;0.0
yf_MKC_d10;100;INTARIAN_PEPPER_ROOT;12783;23;12781;26;;;12789;13;12793;22;;;12786.0;0.0
yf_MKC_d10;200;ASH_COATED_OSMIUM;9935;19;9933;21;;;9941;15;9944;10;;;9938.0;0.0
yf_MKC_d10;200;INTARIAN_PEPPER_ROOT;12782;20;12779;21;;;12788;19;12790;18;;;12785.0;0.0
yf_MKC_d10;300;ASH_COATED_OSMIUM;9934;21;9930;21;;;9943;11;9946;16;;;9938.5;0.0
yf_MKC_d10;300;INTARIAN_PEPPER_ROOT;12783;25;12779;18;;;12789;15;12791;17;;;12786.0;0.0
yf_MKC_d10;400;ASH_COATED_OSMIUM;9934;16;9932;21;;;9943;20;9947;25;;;9938.5;0.0
yf_MKC_d10;400;INTARIAN_PEPPER_ROOT;12781;11;12777;16;;;12787;12;12790;12;;;12784.0;0.0
yf_MKC_d10;500;ASH_COATED_OSMIUM;9936;20;9932;20;;;9942;18;9944;23;;;9939.0;0.0
yf_MKC_d10;500;INTARIAN_PEPPER_ROOT;12781;12;12779;13;;;12787;20;12789;22;;;12784.0;0.0
yf_MKC_d10;600;ASH_COATED_OSMIUM;9935;19;9932;20;;;9942;13;9944;16;;;9938.5;0.0
yf_MKC_d10;600;INTARIAN_PEPPER_ROOT;12780;21;12778;17;;;12786;17;12788;31;;;12783.0;0.0
yf_MKC_d10;700;ASH_COATED_OSMIUM;9935;22;9931;19;;;9941;20;9943;19;;;9938.0;0.0
yf_MKC_d10;700;INTARIAN_PEPPER_ROOT;12775;12;12773;20;;;12790;8;12792;28;;;12782.5;0.0
yf_MKC_d10;800;ASH_COATED_OSMIUM;9935;13;9931;22;;;9941;22;9944;22;;;9938.0;0.0
yf_MKC_d10;800;INTARIAN_PEPPER_ROOT;12778;19;12776;15;;;12785;28;12788;18;;;12781.5;0.0
yf_MKC_d10;900;ASH_COATED_OSMIUM;9936;13;9934;18;;;9942;13;9945;14;;;9939.0;0.0
yf_MKC_d10;900;INTARIAN_PEPPER_ROOT;12778;26;12774;25;;;12784;11;12787;21;;;12781.0;0.0
yf_MKC_d10;1000;ASH_COATED_OSMIUM;9935;16;9933;22;;;9941;19;9945;16;;;9938.0;0.0
yf_MKC_d10;1000;INTARIAN_PEPPER_ROOT;12777;16;12775;30;;;12783;16;12787;25;;;12780.0;0.0
yf_MKC_d10;1100;ASH_COATED_OSMIUM;9925;21;9922;24;;;9952;10;9955;21;;;9938.5;0.0
yf_MKC_d10;1100;INTARIAN_PEPPER_ROOT;12776;18;12773;22;;;12782;11;12784;19;;;12779.0;0.0
yf_MKC_d10;1200;ASH_COATED_OSMIUM;9929;12;9927;21;;;9949;11;9951;12;;;9939.0;0.0
yf_MKC_d10;1200;INTARIAN_PEPPER_ROOT;12776;11;12772;20;;;12782;13;12785;17;;;12779.0;0.0
yf_MKC_d10;1300;ASH_COATED_OSMIUM;9932;11;9928;18;;;9943;17;9945;17;;;9937.5;0.0
yf_MKC_d10;1300;INTARIAN_PEPPER_ROOT;12775;15;12771;10;;;12781;22;12783;15;;;12778.0;0.0
yf_MKC_d10;1400;ASH_COATED_OSMIUM;9934;19;9931;22;;;9943;15;9946;16;;;9938.5;0.0
yf_MKC_d10;1400;INTARIAN_PEPPER_ROOT;12775;20;12771;18;;;12781;14;12785;15;;;12778.0;0.0
yf_MKC_d10;1500;ASH_COATED_OSMIUM;9936;18;9934;34;;;9942;18;9945;23;;;9939.0;0.0
yf_MKC_d10;1500;INTARIAN_PEPPER_ROOT;12773;18;12770;18;;;12779;11;12783;19;;;12776.0;0.0
yf_MKC_d10;1600;ASH_COATED_OSMIUM;9935;5;9931;20;;;9941;21;9943;31;;;9938.0;0.0
yf_MKC_d10;1600;INTARIAN_PEPPER_ROOT;12770;11;12768;21;;;12783;12;12786;21;;;12776.5;0.0
yf_MKC_d10;1700;ASH_COATED_OSMIUM;9936;21;9933;16;;;9942;21;9946;14;;;9939.0;0.0
yf_MKC_d10;1700;INTARIAN_PEPPER_ROOT;12772;14;12768;13;;;12778;9;12780;17;;;12775.0;0.0
yf_MKC_d10;1800;ASH_COATED_OSMIUM;9936;15;9934;13;;;9942;17;9944;24;;;9939.0;0.0
yf_MKC_d10;1800;INTARIAN_PEPPER_ROOT;12760;17;12757;22;;;12790;17;12793;12;;;12775.0;0.0
yf_MKC_d10;1900;ASH_COATED_OSMIUM;9936;18;9932;20;;;9942;14;9945;14;;;9939.0;0.0
yf_MKC_d10;1900;INTARIAN_PEPPER_ROOT;12771;25;12769;16;;;12777;17;12781;20;;;12774.0;0.0
yf_MKC_d10;2000;ASH_COATED_OSMIUM;9936;16;9934;14;;;9942;22;9946;21;;;9939.0;0.0
yf_MKC_d10;2000;INTARIAN_PEPPER_ROOT;12770;16;12768;13;;;12776;13;12778;17;;;12773.0;0.0
yf_MKC_d10;2100;ASH_COATED_OSMIUM;9935;22;9931;29;;;9942;22;9944;25;;;9938.5;0.0
yf_MKC_d10;2100;INTARIAN_PEPPER_ROOT;12769;16;12766;20;;;12775;10;12778;14;;;12772.0;0.0
yf_MKC_d10;2200;ASH_COATED_OSMIUM;9935;15;9933;15;;;9941;20;9945;21;;;9938.0;0.0
yf_MKC_d10;2200;INTARIAN_PEPPER_ROOT;12768;10;12766;22;;;12774;8;12778;27;;;12771.0;0.0
yf_MKC_d10;2300;ASH_COATED_OSMIUM;9936;7;9934;18;;;9942;10;9946;12;;;9939.0;0.0
yf_MKC_d10;2300;INTARIAN_PEPPER_ROOT;12768;9;12764;22;;;12774;16;12778;23;;;12771.0;0.0
yf_MKC_d10;2400;ASH_COATED_OSMIUM;9936;13;9932;18;;;9942;21;9946;19;;;9939.0;0.0
yf_MKC_d10;2400;INTARIAN_PEPPER_ROOT;12767;13;12764;15;;;12773;14;12777;18;;;12770.0;0.0
yf_MKC_d10;2500;ASH_COATED_OSMIUM;9936;22;9934;26;;;9942;10;9946;25;;;9939.0;0.0
yf_MKC_d10;2500;INTARIAN_PEPPER_ROOT;12767;5;12765;13;;;12773;12;12775;16;;;12770.0;0.0
yf_MKC_d10;2600;ASH_COATED_OSMIUM;9932;18;9930;25;;;9946;10;9950;14;;;9939.0;0.0
yf_MKC_d10;2600;INTARIAN_PEPPER_ROOT;12766;17;12762;21;;;12772;21;12776;17;;;12769.0;0.0
yf_MKC_d10;2700;ASH_COATED_OSMIUM;9936;11;9934;15;;;9942;20;9946;17;;;9939.0;0.0
yf_MKC_d10;2700;INTARIAN_PEPPER_ROOT;12763;17;12760;10;;;12773;9;12777;30;;;12768.0;0.0
yf_MKC_d10;2800;ASH_COATED_OSMIUM;9933;8;9930;21;;;9944;17;9948;14;;;9938.5;0.0
yf_MKC_d10;2800;INTARIAN_PEPPER_ROOT;12763;12;12759;20;;;12772;24;12776;17;;;12767.5;0.0
yf_MKC_d10;2900;ASH_COATED_OSMIUM;9936;15;9934;14;;;9942;6;9945;21;;;9939.0;0.0
yf_MKC_d10;2900;INTARIAN_PEPPER_ROOT;12762;18;12759;20;;;12771;20;12775;20;;;12766.5;0.0
yf_MKC_d10;3000;ASH_COATED_OSMIUM;9936;5;9934;21;;;9942;5;9946;28;;;9939.0;0.0
yf_MKC_d10;3000;INTARIAN_PEPPER_ROOT;12760;17;12757;14;;;12772;17;12774;18;;;12766.0;0.0
yf_MKC_d10;3100;ASH_COATED_OSMIUM;9936;15;9934;25;;;9942;12;9946;17;;;9939.0;0.0
yf_MKC_d10;3100;INTARIAN_PEPPER_ROOT;12758;21;12756;20;;;12771;20;12773;14;;;12764.5;0.0
yf_MKC_d10;3200;ASH_COATED_OSMIUM;9936;11;9933;17;;;9942;12;9945;21;;;9939.0;0.0
yf_MKC_d10;3200;INTARIAN_PEPPER_ROOT;12761;16;12759;16;;;12767;9;12770;17;;;12764.0;0.0
yf_MKC_d10;3300;ASH_COATED_OSMIUM;9932;28;9930;26;;;9948;7;9951;20;;;9940.0;0.0
yf_MKC_d10;3300;INTARIAN_PEPPER_ROOT;12761;23;12757;21;;;12767;11;12770;22;;;12764.0;0.0
yf_MKC_d10;3400;ASH_COATED_OSMIUM;9931;11;9928;25;;;9946;13;9950;29;;;9938.5;0.0
yf_MKC_d10;3400;INTARIAN_PEPPER_ROOT;12757;19;12753;16;;;12768;23;12770;17;;;12762.5;0.0
yf_MKC_d10;3500;ASH_COATED_OSMIUM;9924;7;9922;17;;;9953;13;9957;12;;;9938.5;0.0
yf_MKC_d10;3500;INTARIAN_PEPPER_ROOT;12760;12;12758;23;;;12766;18;12769;18;;;12763.0;0.0
yf_MKC_d10;3600;ASH_COATED_OSMIUM;9936;25;9932;17;;;9942;20;9944;23;;;9939.0;0.0
yf_MKC_d10;3600;INTARIAN_PEPPER_ROOT;12758;16;12754;27;;;12764;18;12768;23;;;12761.0;0.0
yf_MKC_d10;3700;ASH_COATED_OSMIUM;9936;18;9934;27;;;9942;18;9945;16;;;9939.0;0.0
yf_MKC_d10;3700;INTARIAN_PEPPER_ROOT;12757;10;12753;10;;;12763;18;12767;14;;;12760.0;0.0
yf_MKC_d10;3800;ASH_COATED_OSMIUM;9936;11;9933;15;;;9942;20;9944;19;;;9939.0;0.0
yf_MKC_d10;3800;INTARIAN_PEPPER_ROOT;12752;15;12748;25;;;12768;5;12771;20;;;12760.0;0.0
yf_MKC_d10;3900;ASH_COATED_OSMIUM;9928;15;9924;28;;;9950;17;9954;19;;;9939.0;0.0
yf_MKC_d10;3900;INTARIAN_PEPPER_ROOT;12757;17;12753;15;;;12763;9;12766;22;;;12760.0;0.0
yf_MKC_d10;4000;ASH_COATED_OSMIUM;9931;20;9928;15;;;9947;15;9950;26;;;9939.0;0.0
yf_MKC_d10;4000;INTARIAN_PEPPER_ROOT;12756;24;12752;18;;;12762;14;12764;19;;;12759.0;0.0
yf_MKC_d10;4100;ASH_COATED_OSMIUM;9936;19;9932;16;;;9942;8;9946;26;;;9939.0;0.0
yf_MKC_d10;4100;INTARIAN_PEPPER_ROOT;12753;16;12750;15;;;12761;18;12764;17;;;12757.0;0.0
yf_MKC_d10;4200;ASH_COATED_OSMIUM;9929;9;9927;19;;;9950;15;9953;30;;;9939.5;0.0
yf_MKC_d10;4200;INTARIAN_PEPPER_ROOT;12754;14;12752;17;;;12760;24;12764;16;;;12757.0;0.0
yf_MKC_d10;4300;ASH_COATED_OSMIUM;9930;18;9927;19;;;9949;10;9951;17;;;9939.5;0.0
yf_MKC_d10;4300;INTARIAN_PEPPER_ROOT;12753;17;12750;23;;;12760;17;12763;13;;;12756.5;0.0
yf_MKC_d10;4400;ASH_COATED_OSMIUM;9931;11;9928;18;;;9947;15;9949;16;;;9939.0;0.0
yf_MKC_d10;4400;INTARIAN_PEPPER_ROOT;12749;20;12745;18;;;12763;20;12765;8;;;12756.0;0.0
yf_MKC_d10;4500;ASH_COATED_OSMIUM;9935;13;9932;17;;;9942;19;9946;14;;;9938.5;0.0
yf_MKC_d10;4500;INTARIAN_PEPPER_ROOT;12751;8;12749;19;;;12759;19;12763;20;;;12755.0;0.0
yf_MKC_d10;4600;ASH_COATED_OSMIUM;9936;13;9933;18;;;9942;9;9945;24;;;9939.0;0.0
yf_MKC_d10;4600;INTARIAN_PEPPER_ROOT;12752;25;12749;8;;;12758;19;12762;21;;;12755.0;0.0
yf_MKC_d10;4700;ASH_COATED_OSMIUM;9935;8;9931;22;;;9943;16;9945;22;;;9939.0;0.0
yf_MKC_d10;4700;INTARIAN_PEPPER_ROOT;12750;17;12747;22;;;12756;21;12759;17;;;12753.0;0.0
yf_MKC_d10;4800;ASH_COATED_OSMIUM;9936;12;9932;16;;;9942;18;9945;18;;;9939.0;0.0
yf_MKC_d10;4800;INTARIAN_PEPPER_ROOT;12744;8;12741;12;;;12762;15;12764;24;;;12753.0;0.0
yf_MKC_d10;4900;ASH_COATED_OSMIUM;9936;15;9933;15;;;9942;12;9945;17;;;9939.0;0.0
yf_MKC_d10;4900;INTARIAN_PEPPER_ROOT;12750;11;12747;27;;;12756;27;12758;18;;;12753.0;0.0
yf_MKC_d10;5000;ASH_COATED_OSMIUM;9936;10;9934;22;;;9942;15;9945;13;;;9939.0;0.0
yf_MKC_d10;5000;INTARIAN_PEPPER_ROOT;12735;11;12731;23;;;12768;17;12772;18;;;12751.5;0.0
yf_MKC_d10;5100;ASH_COATED_OSMIUM;9936;21;9932;17;;;9942;6;9946;22;;;9939.0;0.0
yf_MKC_d10;5100;INTARIAN_PEPPER_ROOT;12746;20;12742;11;;;12756;5;12759;24;;;12751.0;0.0
yf_MKC_d10;5200;ASH_COATED_OSMIUM;9935;13;9932;13;;;9943;15;9945;21;;;9939.0;0.0
yf_MKC_d10;5200;INTARIAN_PEPPER_ROOT;12742;14;12738;8;;;12759;11;12761;21;;;12750.5;0.0
yf_MKC_d10;5300;ASH_COATED_OSMIUM;9936;21;9933;17;;;9943;13;9947;16;;;9939.5;0.0
yf_MKC_d10;5300;INTARIAN_PEPPER_ROOT;12746;14;12744;28;;;12753;24;12755;19;;;12749.5;0.0
yf_MKC_d10;5400;ASH_COATED_OSMIUM;9936;18;9934;23;;;9942;22;9946;13;;;9939.0;0.0
yf_MKC_d10;5400;INTARIAN_PEPPER_ROOT;12746;14;12742;14;;;12752;7;12754;23;;;12749.0;0.0
yf_MKC_d10;5500;ASH_COATED_OSMIUM;9935;16;9931;21;;;9943;17;9947;23;;;9939.0;0.0
yf_MKC_d10;5500;INTARIAN_PEPPER_ROOT;12745;19;12743;21;;;12751;24;12755;30;;;12748.0;0.0
yf_MKC_d10;5600;ASH_COATED_OSMIUM;9936;22;9932;23;;;9942;26;9946;21;;;9939.0;0.0
yf_MKC_d10;5600;INTARIAN_PEPPER_ROOT;12745;12;12743;28;;;12751;15;12753;19;;;12748.0;0.0
yf_MKC_d10;5700;ASH_COATED_OSMIUM;9936;13;9932;11;;;9942;13;9945;19;;;9939.0;0.0
yf_MKC_d10;5700;INTARIAN_PEPPER_ROOT;12743;16;12739;11;;;12749;22;12752;10;;;12746.0;0.0
yf_MKC_d10;5800;ASH_COATED_OSMIUM;9936;14;9934;10;;;9942;20;9946;20;;;9939.0;0.0
yf_MKC_d10;5800;INTARIAN_PEPPER_ROOT;12742;19;12740;12;;;12749;11;12752;28;;;12745.5;0.0
yf_MKC_d10;5900;ASH_COATED_OSMIUM;9936;19;9932;20;;;9942;20;9946;15;;;9939.0;0.0
yf_MKC_d10;5900;INTARIAN_PEPPER_ROOT;12737;15;12734;26;;;12753;12;12756;24;;;12745.0;0.0
yf_MKC_d10;6000;ASH_COATED_OSMIUM;9936;14;9933;17;;;9942;14;9945;12;;;9939.0;0.0
yf_MKC_d10;6000;INTARIAN_PEPPER_ROOT;12742;18;12740;30;;;12748;19;12751;23;;;12745.0;0.0
yf_MKC_d10;6100;ASH_COATED_OSMIUM;9936;14;9932;20;;;9942;16;9946;13;;;9939.0;0.0
yf_MKC_d10;6100;INTARIAN_PEPPER_ROOT;12740;14;12736;10;;;12746;10;12748;27;;;12743.0;0.0
yf_MKC_d10;6200;ASH_COATED_OSMIUM;9924;17;9922;29;;;9955;16;9957;23;;;9939.5;0.0
yf_MKC_d10;6200;INTARIAN_PEPPER_ROOT;12740;29;12736;22;;;12746;11;12748;13;;;12743.0;0.0
yf_MKC_d10;6300;ASH_COATED_OSMIUM;9934;13;9931;20;;;9944;19;9948;27;;;9939.0;0.0
yf_MKC_d10;6300;INTARIAN_PEPPER_ROOT;12737;17;12735;12;;;12747;17;12750;21;;;12742.0;0.0
yf_MKC_d10;6400;ASH_COATED_OSMIUM;9936;18;9933;27;;;9942;12;9946;23;;;9939.0;0.0
yf_MKC_d10;6400;INTARIAN_PEPPER_ROOT;12738;17;12735;15;;;12744;20;12747;18;;;12741.0;0.0
yf_MKC_d10;6500;ASH_COATED_OSMIUM;9937;22;9934;10;;;9943;8;9945;19;;;9940.0;0.0
yf_MKC_d10;6500;INTARIAN_PEPPER_ROOT;12738;11;12736;21;;;12744;6;12747;11;;;12741.0;0.0
yf_MKC_d10;6600;ASH_COATED_OSMIUM;9927;19;9925;18;;;9952;16;9955;17;;;9939.5;0.0
yf_MKC_d10;6600;INTARIAN_PEPPER_ROOT;12737;14;12735;19;;;12744;21;12747;21;;;12740.5;0.0
yf_MKC_d10;6700;ASH_COATED_OSMIUM;9935;20;9932;19;;;9943;16;9945;20;;;9939.0;0.0
yf_MKC_d10;6700;INTARIAN_PEPPER_ROOT;12737;13;12734;30;;;12743;11;12745;17;;;12740.0;0.0
yf_MKC_d10;6800;ASH_COATED_OSMIUM;9937;15;9934;23;;;9943;11;9947;14;;;9940.0;0.0
yf_MKC_d10;6800;INTARIAN_PEPPER_ROOT;12736;22;12732;14;;;12742;16;12746;11;;;12739.0;0.0
yf_MKC_d10;6900;ASH_COATED_OSMIUM;9934;14;9930;21;;;9945;14;9947;26;;;9939.5;0.0
yf_MKC_d10;6900;INTARIAN_PEPPER_ROOT;12731;12;12729;19;;;12744;16;12746;22;;;12737.5;0.0
yf_MKC_d10;7000;ASH_COATED_OSMIUM;9936;15;9934;8;;;9942;12;9946;25;;;9939.0;0.0
yf_MKC_d10;7000;INTARIAN_PEPPER_ROOT;12734;18;12731;20;;;12740;18;12743;19;;;12737.0;0.0
yf_MKC_d10;7100;ASH_COATED_OSMIUM;9927;16;9923;30;;;9951;9;9955;19;;;9939.0;0.0
yf_MKC_d10;7100;INTARIAN_PEPPER_ROOT;12733;13;12731;20;;;12740;17;12742;16;;;12736.5;0.0
yf_MKC_d10;7200;ASH_COATED_OSMIUM;9932;13;9928;12;;;9946;16;9949;19;;;9939.0;0.0
yf_MKC_d10;7200;INTARIAN_PEPPER_ROOT;12732;23;12730;24;;;12740;14;12744;16;;;12736.0;0.0
yf_MKC_d10;7300;ASH_COATED_OSMIUM;9931;13;9927;20;;;9946;12;9948;29;;;9938.5;0.0
yf_MKC_d10;7300;INTARIAN_PEPPER_ROOT;12731;21;12728;19;;;12740;19;12743;23;;;12735.5;0.0
yf_MKC_d10;7400;ASH_COATED_OSMIUM;9937;17;9934;22;;;9943;12;9946;19;;;9940.0;0.0
yf_MKC_d10;7400;INTARIAN_PEPPER_ROOT;12721;18;12718;17;;;12747;11;12749;16;;;12734.0;0.0
yf_MKC_d10;7500;ASH_COATED_OSMIUM;9936;8;9933;28;;;9942;5;9945;18;;;9939.0;0.0
yf_MKC_d10;7500;INTARIAN_PEPPER_ROOT;12731;17;12729;21;;;12737;22;12739;25;;;12734.0;0.0
yf_MKC_d10;7600;ASH_COATED_OSMIUM;9936;18;9933;10;;;9942;13;9946;14;;;9939.0;0.0
yf_MKC_d10;7600;INTARIAN_PEPPER_ROOT;12730;20;12727;13;;;12736;16;12739;24;;;12733.0;0.0
yf_MKC_d10;7700;ASH_COATED_OSMIUM;9937;14;9935;23;;;9943;15;9945;15;;;9940.0;0.0
yf_MKC_d10;7700;INTARIAN_PEPPER_ROOT;12729;22;12725;21;;;12735;20;12737;19;;;12732.0;0.0
yf_MKC_d10;7800;ASH_COATED_OSMIUM;9937;22;9933;19;;;9943;18;9946;19;;;9940.0;0.0
yf_MKC_d10;7800;INTARIAN_PEPPER_ROOT;12729;19;12727;19;;;12735;11;12737;30;;;12732.0;0.0
yf_MKC_d10;7900;ASH_COATED_OSMIUM;9936;8;9932;23;;;9943;18;9945;20;;;9939.5;0.0
yf_MKC_d10;7900;INTARIAN_PEPPER_ROOT;12728;14;12725;26;;;12734;15;12738;26;;;12731.0;0.0
yf_MKC_d10;8000;ASH_COATED_OSMIUM;9936;14;9932;15;;;9944;13;9947;22;;;9940.0;0.0
yf_MKC_d10;8000;INTARIAN_PEPPER_ROOT;12722;10;12719;28;;;12738;23;12740;18;;;12730.0;0.0
yf_MKC_d10;8100;ASH_COATED_OSMIUM;9935;15;9933;17;;;9944;8;9946;25;;;9939.5;0.0
yf_MKC_d10;8100;INTARIAN_PEPPER_ROOT;12725;18;12722;14;;;12733;8;12737;20;;;12729.0;0.0
yf_MKC_d10;8200;ASH_COATED_OSMIUM;9936;10;9932;16;;;9942;5;9945;28;;;9939.0;0.0
yf_MKC_d10;8200;INTARIAN_PEPPER_ROOT;12726;6;12723;10;;;12732;8;12735;16;;;12729.0;0.0
yf_MKC_d10;8300;ASH_COATED_OSMIUM;9936;17;9932;20;;;9942;14;9946;22;;;9939.0;0.0
yf_MKC_d10;8300;INTARIAN_PEPPER_ROOT;12725;16;12722;14;;;12731;15;12733;14;;;12728.0;0.0
yf_MKC_d10;8400;ASH_COATED_OSMIUM;9937;11;9933;13;;;9943;15;9947;24;;;9940.0;0.0
yf_MKC_d10;8400;INTARIAN_PEPPER_ROOT;12718;13;12716;23;;;12736;13;12738;14;;;12727.0;0.0
yf_MKC_d10;8500;ASH_COATED_OSMIUM;9932;5;9930;14;;;9947;17;9951;24;;;9939.5;0.0
yf_MKC_d10;8500;INTARIAN_PEPPER_ROOT;12716;11;12714;17;;;12736;12;12739;23;;;12726.0;0.0
yf_MKC_d10;8600;ASH_COATED_OSMIUM;9930;20;9926;8;;;9949;24;9951;14;;;9939.5;0.0
yf_MKC_d10;8600;INTARIAN_PEPPER_ROOT;12723;19;12720;11;;;12729;15;12731;10;;;12726.0;0.0
yf_MKC_d10;8700;ASH_COATED_OSMIUM;9935;16;9933;17;;;9943;17;9945;19;;;9939.0;0.0
yf_MKC_d10;8700;INTARIAN_PEPPER_ROOT;12722;10;12718;18;;;12728;9;12732;24;;;12725.0;0.0
yf_MKC_d10;8800;ASH_COATED_OSMIUM;9932;13;9929;30;;;9947;20;9950;17;;;9939.5;0.0
yf_MKC_d10;8800;INTARIAN_PEPPER_ROOT;12722;15;12719;28;;;12728;14;12731;25;;;12725.0;0.0
yf_MKC_d10;8900;ASH_COATED_OSMIUM;9929;5;9927;18;;;9950;12;9953;14;;;9939.5;0.0
yf_MKC_d10;8900;INTARIAN_PEPPER_ROOT;12721;21;12718;16;;;12727;26;12729;17;;;12724.0;0.0
yf_MKC_d10;9000;ASH_COATED_OSMIUM;9920;13;9917;33;;;9958;14;9962;33;;;9939.0;0.0
yf_MKC_d10;9000;INTARIAN_PEPPER_ROOT;12721;11;12718;15;;;12727;5;12730;20;;;12724.0;0.0
yf_MKC_d10;9100;ASH_COATED_OSMIUM;9936;12;9933;19;;;9944;15;9947;8;;;9940.0;0.0
yf_MKC_d10;9100;INTARIAN_PEPPER_ROOT;12719;13;12715;13;;;12725;27;12729;22;;;12722.0;0.0
yf_MKC_d10;9200;ASH_COATED_OSMIUM;9937;7;9934;25;;;9943;10;9945;22;;;9940.0;0.0
yf_MKC_d10;9200;INTARIAN_PEPPER_ROOT;12718;9;12716;26;;;12725;17;12728;12;;;12721.5;0.0
yf_MKC_d10;9300;ASH_COATED_OSMIUM;9936;9;9934;24;;;9943;14;9945;20;;;9939.5;0.0
yf_MKC_d10;9300;INTARIAN_PEPPER_ROOT;12717;23;12713;21;;;12725;10;12729;19;;;12721.0;0.0
yf_MKC_d10;9400;ASH_COATED_OSMIUM;9936;23;9932;19;;;9942;12;9946;26;;;9939.0;0.0
yf_MKC_d10;9400;INTARIAN_PEPPER_ROOT;12717;23;12713;17;;;12723;20;12727;23;;;12720.0;0.0
yf_MKC_d10;9500;ASH_COATED_OSMIUM;9935;15;9932;17;;;9945;10;9948;15;;;9940.0;0.0
yf_MKC_d10;9500;INTARIAN_PEPPER_ROOT;12717;10;12715;18;;;12723;10;12725;17;;;12720.0;0.0
yf_MKC_d10;9600;ASH_COATED_OSMIUM;9936;15;9934;20;;;9943;14;9946;11;;;9939.5;0.0
yf_MKC_d10;9600;INTARIAN_PEPPER_ROOT;12712;15;12708;21;;;12725;13;12729;14;;;12718.5;0.0
yf_MKC_d10;9700;ASH_COATED_OSMIUM;9936;12;9934;21;;;9944;25;9948;25;;;9940.0;0.0
yf_MKC_d10;9700;INTARIAN_PEPPER_ROOT;12715;5;12712;15;;;12721;17;12723;15;;;12718.0;0.0
yf_MKC_d10;9800;ASH_COATED_OSMIUM;9937;21;9933;20;;;9943;17;9945;13;;;9940.0;0.0
yf_MKC_d10;9800;INTARIAN_PEPPER_ROOT;12714;13;12711;23;;;12720;14;12722;21;;;12717.0;0.0
yf_MKC_d10;9900;ASH_COATED_OSMIUM;9937;12;9934;17;;;9943;18;9946;14;;;9940.0;0.0
yf_MKC_d10;9900;INTARIAN_PEPPER_ROOT;12714;8;12712;23;;;12720;24;12722;24;;;12717.0;0.0
yf_MKC_d10;10000;ASH_COATED_OSMIUM;9936;16;9933;20;;;9942;18;9945;27;;;9939.0;0.0
yf_MKC_d10;10000;INTARIAN_PEPPER_ROOT;12709;11;12705;20;;;12722;10;12726;28;;;12715.5;0.0
yf_MKC_d10;10100;ASH_COATED_OSMIUM;9937;17;9934;22;;;9943;22;9947;15;;;9940.0;0.0
yf_MKC_d10;10100;INTARIAN_PEPPER_ROOT;12712;16;12709;14;;;12718;13;12720;20;;;12715.0;0.0
yf_MKC_d10;10200;ASH_COATED_OSMIUM;9937;16;9933;25;;;9943;16;9945;20;;;9940.0;0.0
yf_MKC_d10;10200;INTARIAN_PEPPER_ROOT;12710;16;12706;17;;;12720;11;12724;22;;;12715.0;0.0
yf_MKC_d10;10300;ASH_COATED_OSMIUM;9936;10;9934;28;;;9943;16;9946;22;;;9939.5;0.0
yf_MKC_d10;10300;INTARIAN_PEPPER_ROOT;12710;14;12707;19;;;12716;14;12718;10;;;12713.0;0.0
yf_MKC_d10;10400;ASH_COATED_OSMIUM;9937;17;9933;19;;;9943;16;9946;25;;;9940.0;0.0
yf_MKC_d10;10400;INTARIAN_PEPPER_ROOT;12710;16;12707;20;;;12716;5;12720;23;;;12713.0;0.0
yf_MKC_d10;10500;ASH_COATED_OSMIUM;9937;14;9933;26;;;9943;22;9947;24;;;9940.0;0.0
yf_MKC_d10;10500;INTARIAN_PEPPER_ROOT;12708;17;12704;19;;;12715;11;12719;19;;;12711.5;0.0
yf_MKC_d10;10600;ASH_COATED_OSMIUM;9937;16;9935;17;;;9943;15;9946;22;;;9940.0;0.0
yf_MKC_d10;10600;INTARIAN_PEPPER_ROOT;12708;18;12706;21;;;12714;10;12717;20;;;12711.0;0.0
yf_MKC_d10;10700;ASH_COATED_OSMIUM;9937;12;9935;18;;;9943;10;9945;18;;;9940.0;0.0
yf_MKC_d10;10700;INTARIAN_PEPPER_ROOT;12703;11;12699;24;;;12719;18;12721;25;;;12711.0;0.0
yf_MKC_d10;10800;ASH_COATED_OSMIUM;9937;21;9933;16;;;9943;18;9947;19;;;9940.0;0.0
yf_MKC_d10;10800;INTARIAN_PEPPER_ROOT;12707;6;12705;20;;;12713;11;12715;24;;;12710.0;0.0
yf_MKC_d10;10900;ASH_COATED_OSMIUM;9934;17;9931;21;;;9945;16;9947;21;;;9939.5;0.0
yf_MKC_d10;10900;INTARIAN_PEPPER_ROOT;12707;21;12703;25;;;12713;14;12717;20;;;12710.0;0.0
yf_MKC_d10;11000;ASH_COATED_OSMIUM;9931;13;9929;17;;;9950;11;9954;22;;;9940.5;0.0
yf_MKC_d10;11000;INTARIAN_PEPPER_ROOT;12706;25;12703;17;;;12712;11;12714;19;;;12709.0;0.0
yf_MKC_d10;11100;ASH_COATED_OSMIUM;9937;19;9933;19;;;9943;13;9947;25;;;9940.0;0.0
yf_MKC_d10;11100;INTARIAN_PEPPER_ROOT;12705;6;12702;22;;;12711;15;12715;31;;;12708.0;0.0
yf_MKC_d10;11200;ASH_COATED_OSMIUM;9937;23;9934;32;;;9943;14;9946;17;;;9940.0;0.0
yf_MKC_d10;11200;INTARIAN_PEPPER_ROOT;12702;11;12700;17;;;12711;15;12715;11;;;12706.5;0.0
yf_MKC_d10;11300;ASH_COATED_OSMIUM;9937;12;9935;17;;;9943;16;9947;10;;;9940.0;0.0
yf_MKC_d10;11300;INTARIAN_PEPPER_ROOT;12702;17;12698;15;;;12712;19;12715;16;;;12707.0;0.0
yf_MKC_d10;11400;ASH_COATED_OSMIUM;9936;15;9933;26;;;9945;10;9949;15;;;9940.5;0.0
yf_MKC_d10;11400;INTARIAN_PEPPER_ROOT;12703;9;12699;17;;;12709;12;12713;20;;;12706.0;0.0
yf_MKC_d10;11500;ASH_COATED_OSMIUM;9937;20;9934;21;;;9943;18;9947;26;;;9940.0;0.0
yf_MKC_d10;11500;INTARIAN_PEPPER_ROOT;12702;13;12700;20;;;12708;11;12712;22;;;12705.0;0.0
yf_MKC_d10;11600;ASH_COATED_OSMIUM;9936;18;9934;21;;;9945;20;9948;14;;;9940.5;0.0
yf_MKC_d10;11600;INTARIAN_PEPPER_ROOT;12701;8;12697;18;;;12707;14;12710;26;;;12704.0;0.0
yf_MKC_d10;11700;ASH_COATED_OSMIUM;9937;16;9934;24;;;9943;12;9945;15;;;9940.0;0.0
yf_MKC_d10;11700;INTARIAN_PEPPER_ROOT;12700;12;12698;17;;;12706;16;12710;31;;;12703.0;0.0
yf_MKC_d10;11800;ASH_COATED_OSMIUM;9937;22;9933;27;;;9943;20;9947;11;;;9940.0;0.0
yf_MKC_d10;11800;INTARIAN_PEPPER_ROOT;12700;21;12698;18;;;12706;6;12710;23;;;12703.0;0.0
yf_MKC_d10;11900;ASH_COATED_OSMIUM;9926;10;9924;20;;;9954;17;9958;15;;;9940.0;0.0
yf_MKC_d10;11900;INTARIAN_PEPPER_ROOT;12699;11;12696;16;;;12705;19;12708;20;;;12702.0;0.0
yf_MKC_d10;12000;ASH_COATED_OSMIUM;9932;17;9929;20;;;9947;14;9950;20;;;9939.5;0.0
yf_MKC_d10;12000;INTARIAN_PEPPER_ROOT;12693;6;12691;22;;;12710;13;12714;18;;;12701.5;0.0
yf_MKC_d10;12100;ASH_COATED_OSMIUM;9937;14;9934;14;;;9943;10;9946;26;;;9940.0;0.0
yf_MKC_d10;12100;INTARIAN_PEPPER_ROOT;12698;26;12696;26;;;12704;13;12708;18;;;12701.0;0.0
yf_MKC_d10;12200;ASH_COATED_OSMIUM;9937;18;9933;17;;;9943;22;9945;19;;;9940.0;0.0
yf_MKC_d10;12200;INTARIAN_PEPPER_ROOT;12697;27;12693;23;;;12703;10;12707;22;;;12700.0;0.0
yf_MKC_d10;12300;ASH_COATED_OSMIUM;9937;5;9935;20;;;9943;12;9946;19;;;9940.0;0.0
yf_MKC_d10;12300;INTARIAN_PEPPER_ROOT;12696;11;12694;24;;;12702;7;12704;26;;;12699.0;0.0
yf_MKC_d10;12400;ASH_COATED_OSMIUM;9937;19;9933;22;;;9943;11;9946;19;;;9940.0;0.0
yf_MKC_d10;12400;INTARIAN_PEPPER_ROOT;12694;13;12691;21;;;12705;16;12708;18;;;12699.5;0.0
yf_MKC_d10;12500;ASH_COATED_OSMIUM;9937;10;9935;18;;;9943;15;9945;18;;;9940.0;0.0
yf_MKC_d10;12500;INTARIAN_PEPPER_ROOT;12687;25;12683;23;;;12709;16;12711;22;;;12698.0;0.0
yf_MKC_d10;12600;ASH_COATED_OSMIUM;9920;18;9918;12;;;9959;10;9961;31;;;9939.5;0.0
yf_MKC_d10;12600;INTARIAN_PEPPER_ROOT;12695;7;12692;26;;;12701;15;12703;13;;;12698.0;0.0
yf_MKC_d10;12700;ASH_COATED_OSMIUM;9937;16;9935;17;;;9943;15;9946;14;;;9940.0;0.0
yf_MKC_d10;12700;INTARIAN_PEPPER_ROOT;12694;5;12690;17;;;12700;19;12702;21;;;12697.0;0.0
yf_MKC_d10;12800;ASH_COATED_OSMIUM;9937;17;9933;17;;;9943;6;9946;23;;;9940.0;0.0
yf_MKC_d10;12800;INTARIAN_PEPPER_ROOT;12693;19;12689;21;;;12699;14;12703;21;;;12696.0;0.0
yf_MKC_d10;12900;ASH_COATED_OSMIUM;9937;23;9934;14;;;9943;19;9947;15;;;9940.0;0.0
yf_MKC_d10;12900;INTARIAN_PEPPER_ROOT;12692;20;12688;22;;;12698;20;12701;28;;;12695.0;0.0
yf_MKC_d10;13000;ASH_COATED_OSMIUM;9934;13;9931;17;;;9946;14;9950;26;;;9940.0;0.0
yf_MKC_d10;13000;INTARIAN_PEPPER_ROOT;12691;6;12687;15;;;12697;16;12701;22;;;12694.0;0.0
yf_MKC_d10;13100;ASH_COATED_OSMIUM;9937;8;9933;18;;;9943;12;9947;23;;;9940.0;0.0
yf_MKC_d10;13100;INTARIAN_PEPPER_ROOT;12691;22;12688;23;;;12697;18;12701;21;;;12694.0;0.0
yf_MKC_d10;13200;ASH_COATED_OSMIUM;9937;17;9935;24;;;9943;8;9947;12;;;9940.0;0.0
yf_MKC_d10;13200;INTARIAN_PEPPER_ROOT;12691;13;12687;17;;;12697;20;12699;18;;;12694.0;0.0
yf_MKC_d10;13300;ASH_COATED_OSMIUM;9937;16;9935;15;;;9943;10;9945;25;;;9940.0;0.0
yf_MKC_d10;13300;INTARIAN_PEPPER_ROOT;12687;6;12683;20;;;12697;18;12699;23;;;12692.0;0.0
yf_MKC_d10;13400;ASH_COATED_OSMIUM;9937;13;9935;14;;;9943;21;9947;24;;;9940.0;0.0
yf_MKC_d10;13400;INTARIAN_PEPPER_ROOT;12686;8;12683;21;;;12697;15;12701;9;;;12691.5;0.0
yf_MKC_d10;13500;ASH_COATED_OSMIUM;9937;24;9933;8;;;9943;15;9946;21;;;9940.0;0.0
yf_MKC_d10;13500;INTARIAN_PEPPER_ROOT;12688;20;12685;24;;;12694;16;12697;25;;;12691.0;0.0
yf_MKC_d10;13600;ASH_COATED_OSMIUM;9937;14;9933;15;;;9943;13;9947;16;;;9940.0;0.0
yf_MKC_d10;13600;INTARIAN_PEPPER_ROOT;12684;7;12680;28;;;12696;7;12700;21;;;12690.0;0.0
yf_MKC_d10;13700;ASH_COATED_OSMIUM;9937;22;9933;18;;;9943;9;9947;18;;;9940.0;0.0
yf_MKC_d10;13700;INTARIAN_PEPPER_ROOT;12686;20;12683;18;;;12692;20;12695;22;;;12689.0;0.0
yf_MKC_d10;13800;ASH_COATED_OSMIUM;9937;16;9933;29;;;9943;24;9947;16;;;9940.0;0.0
yf_MKC_d10;13800;INTARIAN_PEPPER_ROOT;12686;17;12684;16;;;12692;22;12695;11;;;12689.0;0.0
yf_MKC_d10;13900;ASH_COATED_OSMIUM;9936;12;9932;17;;;9943;21;9945;19;;;9939.5;0.0
yf_MKC_d10;13900;INTARIAN_PEPPER_ROOT;12682;7;12680;24;;;12693;19;12696;17;;;12687.5;0.0
yf_MKC_d10;14000;ASH_COATED_OSMIUM;9932;14;9929;20;;;9949;18;9953;13;;;9940.5;0.0
yf_MKC_d10;14000;INTARIAN_PEPPER_ROOT;12685;20;12681;20;;;12691;18;12693;16;;;12688.0;0.0
yf_MKC_d10;14100;ASH_COATED_OSMIUM;9938;9;9936;23;;;9944;18;9948;16;;;9941.0;0.0
yf_MKC_d10;14100;INTARIAN_PEPPER_ROOT;12683;18;12681;23;;;12690;15;12694;16;;;12686.5;0.0
yf_MKC_d10;14200;ASH_COATED_OSMIUM;9937;13;9935;19;;;9943;20;9946;26;;;9940.0;0.0
yf_MKC_d10;14200;INTARIAN_PEPPER_ROOT;12683;18;12680;30;;;12689;17;12692;23;;;12686.0;0.0
yf_MKC_d10;14300;ASH_COATED_OSMIUM;9936;5;9933;13;;;9943;18;9945;18;;;9939.5;0.0
yf_MKC_d10;14300;INTARIAN_PEPPER_ROOT;12682;9;12678;13;;;12688;22;12691;23;;;12685.0;0.0
yf_MKC_d10;14400;ASH_COATED_OSMIUM;9938;11;9935;15;;;9944;9;9946;18;;;9941.0;0.0
yf_MKC_d10;14400;INTARIAN_PEPPER_ROOT;12677;14;12673;10;;;12692;15;12695;22;;;12684.5;0.0
yf_MKC_d10;14500;ASH_COATED_OSMIUM;9938;12;9935;23;;;9944;17;9946;28;;;9941.0;0.0
yf_MKC_d10;14500;INTARIAN_PEPPER_ROOT;12678;19;12675;20;;;12690;10;12694;16;;;12684.0;0.0
yf_MKC_d10;14600;ASH_COATED_OSMIUM;9926;13;9922;21;;;9956;6;9960;28;;;9941.0;0.0
yf_MKC_d10;14600;INTARIAN_PEPPER_ROOT;12667;10;12664;22;;;12697;7;12701;19;;;12682.0;0.0
yf_MKC_d10;14700;ASH_COATED_OSMIUM;9938;23;9936;20;;;9944;23;9946;12;;;9941.0;0.0
yf_MKC_d10;14700;INTARIAN_PEPPER_ROOT;12680;21;12677;15;;;12686;10;12690;20;;;12683.0;0.0
yf_MKC_d10;14800;ASH_COATED_OSMIUM;9938;15;9936;22;;;9944;21;9946;17;;;9941.0;0.0
yf_MKC_d10;14800;INTARIAN_PEPPER_ROOT;12678;10;12676;12;;;12686;11;12689;19;;;12682.0;0.0
yf_MKC_d10;14900;ASH_COATED_OSMIUM;9935;11;9933;19;;;9946;22;9949;18;;;9940.5;0.0
yf_MKC_d10;14900;INTARIAN_PEPPER_ROOT;12676;20;12672;13;;;12685;12;12687;18;;;12680.5;0.0
yf_MKC_d10;15000;ASH_COATED_OSMIUM;9928;5;9924;20;;;9954;6;9958;17;;;9941.0;0.0
yf_MKC_d10;15000;INTARIAN_PEPPER_ROOT;12677;13;12675;20;;;12683;11;12685;15;;;12680.0;0.0
yf_MKC_d10;15100;ASH_COATED_OSMIUM;9938;15;9934;23;;;9944;13;9947;22;;;9941.0;0.0
yf_MKC_d10;15100;INTARIAN_PEPPER_ROOT;12677;18;12674;20;;;12683;23;12685;27;;;12680.0;0.0
yf_MKC_d10;15200;ASH_COATED_OSMIUM;9937;7;9933;24;;;9943;17;9945;23;;;9940.0;0.0
yf_MKC_d10;15200;INTARIAN_PEPPER_ROOT;12676;12;12672;18;;;12682;16;12684;24;;;12679.0;0.0
yf_MKC_d10;15300;ASH_COATED_OSMIUM;9937;14;9934;15;;;9943;5;9947;14;;;9940.0;0.0
yf_MKC_d10;15300;INTARIAN_PEPPER_ROOT;12675;11;12673;20;;;12681;17;12685;18;;;12678.0;0.0
yf_MKC_d10;15400;ASH_COATED_OSMIUM;9926;20;9922;25;;;9954;16;9956;19;;;9940.0;0.0
yf_MKC_d10;15400;INTARIAN_PEPPER_ROOT;12674;17;12671;18;;;12680;10;12683;22;;;12677.0;0.0
yf_MKC_d10;15500;ASH_COATED_OSMIUM;9937;9;9935;15;;;9943;17;9946;24;;;9940.0;0.0
yf_MKC_d10;15500;INTARIAN_PEPPER_ROOT;12673;11;12671;26;;;12680;20;12684;24;;;12676.5;0.0
yf_MKC_d10;15600;ASH_COATED_OSMIUM;9920;8;9916;11;;;9962;18;9964;25;;;9941.0;0.0
yf_MKC_d10;15600;INTARIAN_PEPPER_ROOT;12668;5;12666;20;;;12684;16;12686;17;;;12676.0;0.0
yf_MKC_d10;15700;ASH_COATED_OSMIUM;9938;15;9934;17;;;9944;11;9946;14;;;9941.0;0.0
yf_MKC_d10;15700;INTARIAN_PEPPER_ROOT;12672;21;12668;25;;;12678;16;12681;24;;;12675.0;0.0
yf_MKC_d10;15800;ASH_COATED_OSMIUM;9934;8;9930;15;;;9947;7;9949;18;;;9940.5;0.0
yf_MKC_d10;15800;INTARIAN_PEPPER_ROOT;12668;16;12664;10;;;12680;14;12683;21;;;12674.0;0.0
yf_MKC_d10;15900;ASH_COATED_OSMIUM;9937;12;9935;17;;;9943;7;9946;16;;;9940.0;0.0
yf_MKC_d10;15900;INTARIAN_PEPPER_ROOT;12670;15;12667;23;;;12676;24;12679;19;;;12673.0;0.0
yf_MKC_d10;16000;ASH_COATED_OSMIUM;9937;21;9933;14;;;9943;22;9947;25;;;9940.0;0.0
yf_MKC_d10;16000;INTARIAN_PEPPER_ROOT;12670;14;12666;25;;;12676;7;12680;19;;;12673.0;0.0
yf_MKC_d10;16100;ASH_COATED_OSMIUM;9934;18;9931;21;;;9946;13;9950;11;;;9940.0;0.0
yf_MKC_d10;16100;INTARIAN_PEPPER_ROOT;12669;17;12667;29;;;12675;7;12678;15;;;12672.0;0.0
yf_MKC_d10;16200;ASH_COATED_OSMIUM;9938;15;9934;18;;;9945;19;9947;16;;;9941.5;0.0
yf_MKC_d10;16200;INTARIAN_PEPPER_ROOT;12669;19;12667;13;;;12675;14;12678;14;;;12672.0;0.0
yf_MKC_d10;16300;ASH_COATED_OSMIUM;9937;12;9935;14;;;9943;12;9946;22;;;9940.0;0.0
yf_MKC_d10;16300;INTARIAN_PEPPER_ROOT;12660;14;12658;25;;;12682;5;12686;21;;;12671.0;0.0
yf_MKC_d10;16400;ASH_COATED_OSMIUM;9938;10;9936;16;;;9944;22;9948;26;;;9941.0;0.0
yf_MKC_d10;16400;INTARIAN_PEPPER_ROOT;12667;15;12665;19;;;12674;16;12676;30;;;12670.5;0.0
yf_MKC_d10;16500;ASH_COATED_OSMIUM;9936;16;9933;17;;;9946;10;9949;26;;;9941.0;0.0
yf_MKC_d10;16500;INTARIAN_PEPPER_ROOT;12666;10;12662;20;;;12672;16;12674;18;;;12669.0;0.0
yf_MKC_d10;16600;ASH_COATED_OSMIUM;9937;20;9934;18;;;9943;24;9946;21;;;9940.0;0.0
yf_MKC_d10;16600;INTARIAN_PEPPER_ROOT;12659;17;12656;23;;;12679;12;12682;23;;;12669.0;0.0
yf_MKC_d10;16700;ASH_COATED_OSMIUM;9938;13;9936;17;;;9944;8;9948;15;;;9941.0;0.0
yf_MKC_d10;16700;INTARIAN_PEPPER_ROOT;12658;19;12654;21;;;12678;17;12680;14;;;12668.0;0.0
yf_MKC_d10;16800;ASH_COATED_OSMIUM;9938;16;9934;17;;;9944;14;9946;21;;;9941.0;0.0
yf_MKC_d10;16800;INTARIAN_PEPPER_ROOT;12665;13;12661;21;;;12671;10;12675;17;;;12668.0;0.0
yf_MKC_d10;16900;ASH_COATED_OSMIUM;9932;20;9930;21;;;9948;9;9950;18;;;9940.0;0.0
yf_MKC_d10;16900;INTARIAN_PEPPER_ROOT;12663;16;12659;21;;;12669;13;12671;25;;;12666.0;0.0
yf_MKC_d10;17000;ASH_COATED_OSMIUM;9938;16;9934;19;;;9944;18;9948;28;;;9941.0;0.0
yf_MKC_d10;17000;INTARIAN_PEPPER_ROOT;12664;13;12661;16;;;12670;14;12674;22;;;12667.0;0.0
yf_MKC_d10;17100;ASH_COATED_OSMIUM;9938;13;9934;23;;;9944;22;9946;16;;;9941.0;0.0
yf_MKC_d10;17100;INTARIAN_PEPPER_ROOT;12666;15;12664;25;;;12672;14;12676;20;;;12669.0;0.0
yf_MKC_d10;17200;ASH_COATED_OSMIUM;9937;17;9935;20;;;9943;14;9946;14;;;9940.0;0.0
yf_MKC_d10;17200;INTARIAN_PEPPER_ROOT;12668;11;12665;16;;;12674;9;12676;24;;;12671.0;0.0
yf_MKC_d10;17300;ASH_COATED_OSMIUM;9937;10;9933;17;;;9943;17;9945;16;;;9940.0;0.0
yf_MKC_d10;17300;INTARIAN_PEPPER_ROOT;12667;10;12664;16;;;12680;13;12682;23;;;12673.5;0.0
yf_MKC_d10;17400;ASH_COATED_OSMIUM;9935;11;9931;24;;;9945;14;9949;16;;;9940.0;0.0
yf_MKC_d10;17400;INTARIAN_PEPPER_ROOT;12671;18;12668;14;;;12680;18;12683;25;;;12675.5;0.0
yf_MKC_d10;17500;ASH_COATED_OSMIUM;9937;15;9935;21;;;9943;11;9946;20;;;9940.0;0.0
yf_MKC_d10;17500;INTARIAN_PEPPER_ROOT;12671;12;12669;21;;;12683;13;12687;25;;;12677.0;0.0
yf_MKC_d10;17600;ASH_COATED_OSMIUM;9937;14;9933;21;;;9943;14;9946;8;;;9940.0;0.0
yf_MKC_d10;17600;INTARIAN_PEPPER_ROOT;12676;17;12674;19;;;12682;13;12686;16;;;12679.0;0.0
yf_MKC_d10;17700;ASH_COATED_OSMIUM;9934;22;9931;8;;;9946;6;9949;19;;;9940.0;0.0
yf_MKC_d10;17700;INTARIAN_PEPPER_ROOT;12678;10;12675;14;;;12684;15;12686;17;;;12681.0;0.0
yf_MKC_d10;17800;ASH_COATED_OSMIUM;9919;17;9915;23;;;9960;12;9964;13;;;9939.5;0.0
yf_MKC_d10;17800;INTARIAN_PEPPER_ROOT;12679;14;12676;14;;;12686;21;12689;23;;;12682.5;0.0
yf_MKC_d10;17900;ASH_COATED_OSMIUM;9927;12;9924;17;;;9953;10;9956;25;;;9940.0;0.0
yf_MKC_d10;17900;INTARIAN_PEPPER_ROOT;12682;11;12678;20;;;12688;13;12692;18;;;12685.0;0.0
yf_MKC_d10;18000;ASH_COATED_OSMIUM;9937;16;9933;12;;;9943;12;9945;20;;;9940.0;0.0
yf_MKC_d10;18000;INTARIAN_PEPPER_ROOT;12684;14;12681;22;;;12690;5;12693;29;;;12687.0;0.0
yf_MKC_d10;18100;ASH_COATED_OSMIUM;9937;19;9934;16;;;9943;16;9945;22;;;9940.0;0.0
yf_MKC_d10;18100;INTARIAN_PEPPER_ROOT;12686;10;12683;17;;;12692;15;12695;13;;;12689.0;0.0
yf_MKC_d10;18200;ASH_COATED_OSMIUM;9936;13;9934;17;;;9942;12;9946;16;;;9939.0;0.0
yf_MKC_d10;18200;INTARIAN_PEPPER_ROOT;12685;16;12681;15;;;12698;21;12700;21;;;12691.5;0.0
yf_MKC_d10;18300;ASH_COATED_OSMIUM;9936;12;9934;9;;;9942;22;9945;22;;;9939.0;0.0
yf_MKC_d10;18300;INTARIAN_PEPPER_ROOT;12690;8;12688;13;;;12696;12;12700;20;;;12693.0;0.0
yf_MKC_d10;18400;ASH_COATED_OSMIUM;9934;11;9932;16;;;9944;15;9946;21;;;9939.0;0.0
yf_MKC_d10;18400;INTARIAN_PEPPER_ROOT;12688;17;12686;14;;;12702;7;12704;30;;;12695.0;0.0
yf_MKC_d10;18500;ASH_COATED_OSMIUM;9934;21;9930;20;;;9943;15;9945;22;;;9938.5;0.0
yf_MKC_d10;18500;INTARIAN_PEPPER_ROOT;12693;16;12691;23;;;12699;14;12702;20;;;12696.0;0.0
yf_MKC_d10;18600;ASH_COATED_OSMIUM;9933;11;9930;25;;;9944;21;9948;11;;;9938.5;0.0
yf_MKC_d10;18600;INTARIAN_PEPPER_ROOT;12694;18;12691;24;;;12703;17;12707;30;;;12698.5;0.0
yf_MKC_d10;18700;ASH_COATED_OSMIUM;9936;18;9932;22;;;9942;5;9945;33;;;9939.0;0.0
yf_MKC_d10;18700;INTARIAN_PEPPER_ROOT;12697;8;12693;14;;;12704;19;12707;14;;;12700.5;0.0
yf_MKC_d10;18800;ASH_COATED_OSMIUM;9935;19;9933;25;;;9943;11;9946;20;;;9939.0;0.0
yf_MKC_d10;18800;INTARIAN_PEPPER_ROOT;12700;15;12698;22;;;12706;17;12708;18;;;12703.0;0.0
yf_MKC_d10;18900;ASH_COATED_OSMIUM;9936;11;9932;22;;;9942;20;9944;25;;;9939.0;0.0
yf_MKC_d10;18900;INTARIAN_PEPPER_ROOT;12702;15;12699;12;;;12708;25;12710;14;;;12705.0;0.0
yf_MKC_d10;19000;ASH_COATED_OSMIUM;9935;15;9932;16;;;9941;8;9944;8;;;9938.0;0.0
yf_MKC_d10;19000;INTARIAN_PEPPER_ROOT;12704;11;12701;21;;;12710;11;12712;10;;;12707.0;0.0
yf_MKC_d10;19100;ASH_COATED_OSMIUM;9934;5;9932;21;;;9944;15;9946;23;;;9939.0;0.0
yf_MKC_d10;19100;INTARIAN_PEPPER_ROOT;12705;13;12701;25;;;12711;8;12715;19;;;12708.0;0.0
yf_MKC_d10;19200;ASH_COATED_OSMIUM;9935;13;9931;8;;;9941;13;9943;23;;;9938.0;0.0
yf_MKC_d10;19200;INTARIAN_PEPPER_ROOT;12708;8;12704;22;;;12714;19;12716;16;;;12711.0;0.0
yf_MKC_d10;19300;ASH_COATED_OSMIUM;9935;5;9933;20;;;9941;18;9944;23;;;9938.0;0.0
yf_MKC_d10;19300;INTARIAN_PEPPER_ROOT;12709;12;12705;22;;;12715;13;12719;17;;;12712.0;0.0
yf_MKC_d10;19400;ASH_COATED_OSMIUM;9930;12;9928;22;;;9947;25;9951;17;;;9938.5;0.0
yf_MKC_d10;19400;INTARIAN_PEPPER_ROOT;12711;14;12709;19;;;12717;18;12720;26;;;12714.0;0.0
yf_MKC_d10;19500;ASH_COATED_OSMIUM;9935;17;9933;13;;;9941;13;9943;23;;;9938.0;0.0
yf_MKC_d10;19500;INTARIAN_PEPPER_ROOT;12712;21;12710;17;;;12720;14;12724;24;;;12716.0;0.0
yf_MKC_d10;19600;ASH_COATED_OSMIUM;9935;13;9932;27;;;9941;15;9943;17;;;9938.0;0.0
yf_MKC_d10;19600;INTARIAN_PEPPER_ROOT;12713;21;12709;18;;;12724;17;12727;21;;;12718.5;0.0
yf_MKC_d10;19700;ASH_COATED_OSMIUM;9935;19;9933;21;;;9941;13;9945;16;;;9938.0;0.0
yf_MKC_d10;19700;INTARIAN_PEPPER_ROOT;12717;8;12713;20;;;12723;19;12725;26;;;12720.0;0.0
yf_MKC_d10;19800;ASH_COATED_OSMIUM;9925;18;9923;16;;;9950;8;9952;23;;;9937.5;0.0
yf_MKC_d10;19800;INTARIAN_PEPPER_ROOT;12706;15;12703;12;;;12737;18;12740;18;;;12721.5;0.0
yf_MKC_d10;19900;ASH_COATED_OSMIUM;9934;21;9930;24;;;9940;17;9943;20;;;9937.0;0.0
yf_MKC_d10;19900;INTARIAN_PEPPER_ROOT;12717;23;12713;21;;;12731;7;12733;18;;;12724.0;0.0
yf_MKC_d10;20000;ASH_COATED_OSMIUM;9935;5;9932;18;;;9941;17;9943;8;;;9938.0;0.0
yf_MKC_d10;20000;INTARIAN_PEPPER_ROOT;12720;16;12717;20;;;12732;18;12736;25;;;12726.0;0.0
yf_MKC_d10;20100;ASH_COATED_OSMIUM;9930;14;9928;16;;;9944;5;9948;22;;;9937.0;0.0
yf_MKC_d10;20100;INTARIAN_PEPPER_ROOT;12719;20;12715;20;;;12739;19;12743;27;;;12729.0;0.0
yf_MKC_d10;20200;ASH_COATED_OSMIUM;9934;17;9932;17;;;9940;21;9944;25;;;9937.0;0.0
yf_MKC_d10;20200;INTARIAN_PEPPER_ROOT;12724;18;12720;12;;;12736;14;12740;20;;;12730.0;0.0
yf_MKC_d10;20300;ASH_COATED_OSMIUM;9933;17;9931;14;;;9940;12;9942;20;;;9936.5;0.0
yf_MKC_d10;20300;INTARIAN_PEPPER_ROOT;12728;17;12726;29;;;12737;5;12740;11;;;12732.5;0.0
yf_MKC_d10;20400;ASH_COATED_OSMIUM;9934;7;9931;14;;;9940;10;9943;16;;;9937.0;0.0
yf_MKC_d10;20400;INTARIAN_PEPPER_ROOT;12732;13;12730;14;;;12738;18;12741;21;;;12735.0;0.0
yf_MKC_d10;20500;ASH_COATED_OSMIUM;9933;14;9929;19;;;9939;12;9941;19;;;9936.0;0.0
yf_MKC_d10;20500;INTARIAN_PEPPER_ROOT;12733;11;12730;19;;;12739;18;12741;13;;;12736.0;0.0
yf_MKC_d10;20600;ASH_COATED_OSMIUM;9934;20;9931;15;;;9940;5;9944;16;;;9937.0;0.0
yf_MKC_d10;20600;INTARIAN_PEPPER_ROOT;12731;5;12729;28;;;12746;5;12749;23;;;12738.5;0.0
yf_MKC_d10;20700;ASH_COATED_OSMIUM;9929;9;9926;21;;;9945;20;9949;20;;;9937.0;0.0
yf_MKC_d10;20700;INTARIAN_PEPPER_ROOT;12736;11;12734;20;;;12742;19;12744;22;;;12739.0;0.0
yf_MKC_d10;20800;ASH_COATED_OSMIUM;9934;16;9932;20;;;9940;14;9942;15;;;9937.0;0.0
yf_MKC_d10;20800;INTARIAN_PEPPER_ROOT;12739;17;12737;14;;;12745;16;12747;17;;;12742.0;0.0
yf_MKC_d10;20900;ASH_COATED_OSMIUM;9933;13;9929;24;;;9939;5;9942;16;;;9936.0;0.0
yf_MKC_d10;20900;INTARIAN_PEPPER_ROOT;12739;13;12736;12;;;12747;10;12750;14;;;12743.0;0.0
yf_MKC_d10;21000;ASH_COATED_OSMIUM;9933;18;9929;16;;;9939;8;9941;17;;;9936.0;0.0
yf_MKC_d10;21000;INTARIAN_PEPPER_ROOT;12743;11;12741;21;;;12749;17;12753;27;;;12746.0;0.0
yf_MKC_d10;21100;ASH_COATED_OSMIUM;9925;15;9922;18;;;9947;11;9949;19;;;9936.0;0.0
yf_MKC_d10;21100;INTARIAN_PEPPER_ROOT;12745;6;12742;28;;;12751;25;12753;18;;;12748.0;0.0
yf_MKC_d10;21200;ASH_COATED_OSMIUM;9933;9;9930;14;;;9939;5;9941;19;;;9936.0;0.0
yf_MKC_d10;21200;INTARIAN_PEPPER_ROOT;12745;12;12742;24;;;12756;8;12760;14;;;12750.5;0.0
yf_MKC_d10;21300;ASH_COATED_OSMIUM;9931;12;9928;25;;;9941;10;9944;23;;;9936.0;0.0
yf_MKC_d10;21300;INTARIAN_PEPPER_ROOT;12749;16;12747;13;;;12755;5;12758;20;;;12752.0;0.0
yf_MKC_d10;21400;ASH_COATED_OSMIUM;9933;14;9929;22;;;9939;5;9942;18;;;9936.0;0.0
yf_MKC_d10;21400;INTARIAN_PEPPER_ROOT;12751;16;12747;24;;;12757;22;12759;19;;;12754.0;0.0
yf_MKC_d10;21500;ASH_COATED_OSMIUM;9933;11;9930;17;;;9939;12;9943;16;;;9936.0;0.0
yf_MKC_d10;21500;INTARIAN_PEPPER_ROOT;12744;19;12741;12;;;12768;16;12772;23;;;12756.0;0.0
yf_MKC_d10;21600;ASH_COATED_OSMIUM;9933;18;9931;13;;;9939;12;9942;18;;;9936.0;0.0
yf_MKC_d10;21600;INTARIAN_PEPPER_ROOT;12753;11;12751;22;;;12762;27;12765;22;;;12757.5;0.0
yf_MKC_d10;21700;ASH_COATED_OSMIUM;9933;12;9929;21;;;9939;11;9942;14;;;9936.0;0.0
yf_MKC_d10;21700;INTARIAN_PEPPER_ROOT;12755;15;12753;23;;;12764;16;12766;17;;;12759.5;0.0
yf_MKC_d10;21800;ASH_COATED_OSMIUM;9933;19;9930;14;;;9939;26;9943;23;;;9936.0;0.0
yf_MKC_d10;21800;INTARIAN_PEPPER_ROOT;12759;19;12757;21;;;12765;14;12768;28;;;12762.0;0.0
yf_MKC_d10;21900;ASH_COATED_OSMIUM;9930;12;9928;20;;;9941;15;9943;15;;;9935.5;0.0
yf_MKC_d10;21900;INTARIAN_PEPPER_ROOT;12760;15;12757;19;;;12767;15;12771;19;;;12763.5;0.0
yf_MKC_d10;22000;ASH_COATED_OSMIUM;9932;19;9929;16;;;9938;7;9942;22;;;9935.0;0.0
yf_MKC_d10;22000;INTARIAN_PEPPER_ROOT;12758;13;12755;24;;;12775;9;12778;20;;;12766.5;0.0
yf_MKC_d10;22100;ASH_COATED_OSMIUM;9931;9;9927;28;;;9937;13;9940;24;;;9934.0;0.0
yf_MKC_d10;22100;INTARIAN_PEPPER_ROOT;12765;14;12762;18;;;12771;11;12775;19;;;12768.0;0.0
yf_MKC_d10;22200;ASH_COATED_OSMIUM;9931;28;9928;22;;;9938;13;9942;17;;;9934.5;0.0
yf_MKC_d10;22200;INTARIAN_PEPPER_ROOT;12766;22;12764;12;;;12772;14;12774;20;;;12769.0;0.0
yf_MKC_d10;22300;ASH_COATED_OSMIUM;9932;12;9928;21;;;9938;7;9942;23;;;9935.0;0.0
yf_MKC_d10;22300;INTARIAN_PEPPER_ROOT;12767;13;12764;23;;;12776;15;12778;17;;;12771.5;0.0
yf_MKC_d10;22400;ASH_COATED_OSMIUM;9931;21;9927;28;;;9939;16;9942;23;;;9935.0;0.0
yf_MKC_d10;22400;INTARIAN_PEPPER_ROOT;12769;12;12766;26;;;12778;19;12781;23;;;12773.5;0.0
yf_MKC_d10;22500;ASH_COATED_OSMIUM;9931;13;9929;14;;;9937;21;9941;18;;;9934.0;0.0
yf_MKC_d10;22500;INTARIAN_PEPPER_ROOT;12772;25;12770;26;;;12778;15;12780;19;;;12775.0;0.0
yf_MKC_d10;22600;ASH_COATED_OSMIUM;9931;16;9927;17;;;9937;15;9941;19;;;9934.0;0.0
yf_MKC_d10;22600;INTARIAN_PEPPER_ROOT;12774;20;12770;16;;;12781;25;12785;16;;;12777.5;0.0
yf_MKC_d10;22700;ASH_COATED_OSMIUM;9932;15;9929;19;;;9938;24;9942;15;;;9935.0;0.0
yf_MKC_d10;22700;INTARIAN_PEPPER_ROOT;12776;8;12773;23;;;12783;21;12787;14;;;12779.5;0.0
yf_MKC_d10;22800;ASH_COATED_OSMIUM;9931;14;9927;11;;;9937;14;9941;18;;;9934.0;0.0
yf_MKC_d10;22800;INTARIAN_PEPPER_ROOT;12778;13;12774;19;;;12784;16;12787;24;;;12781.0;0.0
yf_MKC_d10;22900;ASH_COATED_OSMIUM;9931;5;9927;21;;;9937;8;9939;12;;;9934.0;0.0
yf_MKC_d10;22900;INTARIAN_PEPPER_ROOT;12780;19;12778;10;;;12786;7;12788;20;;;12783.0;0.0
yf_MKC_d10;23000;ASH_COATED_OSMIUM;9920;21;9917;16;;;9947;12;9950;26;;;9933.5;0.0
yf_MKC_d10;23000;INTARIAN_PEPPER_ROOT;12782;13;12778;17;;;12788;16;12790;17;;;12785.0;0.0
yf_MKC_d10;23100;ASH_COATED_OSMIUM;9931;8;9928;23;;;9937;13;9940;21;;;9934.0;0.0
yf_MKC_d10;23100;INTARIAN_PEPPER_ROOT;12784;19;12780;17;;;12790;17;12794;11;;;12787.0;0.0
yf_MKC_d10;23200;ASH_COATED_OSMIUM;9931;15;9929;19;;;9937;20;9939;26;;;9934.0;0.0
yf_MKC_d10;23200;INTARIAN_PEPPER_ROOT;12787;5;12784;11;;;12793;20;12796;20;;;12790.0;0.0
yf_MKC_d10;23300;ASH_COATED_OSMIUM;9922;20;9918;23;;;9946;20;9949;22;;;9934.0;0.0
yf_MKC_d10;23300;INTARIAN_PEPPER_ROOT;12781;11;12778;19;;;12801;17;12805;29;;;12791.0;0.0
yf_MKC_d10;23400;ASH_COATED_OSMIUM;9931;15;9927;22;;;9937;11;9941;19;;;9934.0;0.0
yf_MKC_d10;23400;INTARIAN_PEPPER_ROOT;12790;11;12786;24;;;12796;10;12798;16;;;12793.0;0.0
yf_MKC_d10;23500;ASH_COATED_OSMIUM;9930;11;9928;24;;;9936;12;9938;22;;;9933.0;0.0
yf_MKC_d10;23500;INTARIAN_PEPPER_ROOT;12785;24;12781;31;;;12804;13;12806;14;;;12794.5;0.0
yf_MKC_d10;23600;ASH_COATED_OSMIUM;9930;17;9926;24;;;9936;15;9938;24;;;9933.0;0.0
yf_MKC_d10;23600;INTARIAN_PEPPER_ROOT;12794;11;12790;22;;;12800;14;12804;23;;;12797.0;0.0
yf_MKC_d10;23700;ASH_COATED_OSMIUM;9929;21;9927;11;;;9936;11;9938;15;;;9932.5;0.0
yf_MKC_d10;23700;INTARIAN_PEPPER_ROOT;12797;10;12794;19;;;12803;7;12806;28;;;12800.0;0.0
yf_MKC_d10;23800;ASH_COATED_OSMIUM;9926;13;9922;30;;;9939;23;9942;26;;;9932.5;0.0
yf_MKC_d10;23800;INTARIAN_PEPPER_ROOT;12798;16;12795;27;;;12804;10;12807;31;;;12801.0;0.0
yf_MKC_d10;23900;ASH_COATED_OSMIUM;9930;10;9927;15;;;9937;16;9939;20;;;9933.5;0.0
yf_MKC_d10;23900;INTARIAN_PEPPER_ROOT;12786;18;12784;12;;;12819;15;12821;17;;;12802.5;0.0
yf_MKC_d10;24000;ASH_COATED_OSMIUM;9928;18;9926;18;;;9936;13;9940;13;;;9932.0;0.0
yf_MKC_d10;24000;INTARIAN_PEPPER_ROOT;12797;8;12794;17;;;12811;5;12815;15;;;12804.0;0.0
yf_MKC_d10;24100;ASH_COATED_OSMIUM;9930;8;9927;21;;;9936;21;9938;19;;;9933.0;0.0
yf_MKC_d10;24100;INTARIAN_PEPPER_ROOT;12802;15;12800;16;;;12811;5;12815;26;;;12806.5;0.0
yf_MKC_d10;24200;ASH_COATED_OSMIUM;9929;13;9927;24;;;9935;10;9938;29;;;9932.0;0.0
yf_MKC_d10;24200;INTARIAN_PEPPER_ROOT;12805;18;12802;17;;;12811;19;12814;21;;;12808.0;0.0
yf_MKC_d10;24300;ASH_COATED_OSMIUM;9930;7;9927;19;;;9936;17;9940;20;;;9933.0;0.0
yf_MKC_d10;24300;INTARIAN_PEPPER_ROOT;12808;18;12804;22;;;12814;5;12816;22;;;12811.0;0.0
yf_MKC_d10;24400;ASH_COATED_OSMIUM;9929;11;9926;12;;;9935;19;9938;23;;;9932.0;0.0
yf_MKC_d10;24400;INTARIAN_PEPPER_ROOT;12807;12;12804;22;;;12818;15;12822;23;;;12812.5;0.0
yf_MKC_d10;24500;ASH_COATED_OSMIUM;9924;17;9920;28;;;9940;10;9943;15;;;9932.0;0.0
yf_MKC_d10;24500;INTARIAN_PEPPER_ROOT;12812;20;12810;19;;;12818;11;12820;12;;;12815.0;0.0
yf_MKC_d10;24600;ASH_COATED_OSMIUM;9929;12;9925;18;;;9935;18;9939;11;;;9932.0;0.0
yf_MKC_d10;24600;INTARIAN_PEPPER_ROOT;12802;9;12799;17;;;12831;10;12834;26;;;12816.5;0.0
yf_MKC_d10;24700;ASH_COATED_OSMIUM;9927;14;9923;22;;;9937;16;9939;20;;;9932.0;0.0
yf_MKC_d10;24700;INTARIAN_PEPPER_ROOT;12816;13;12812;28;;;12822;19;12825;17;;;12819.0;0.0
yf_MKC_d10;24800;ASH_COATED_OSMIUM;9929;22;9927;17;;;9935;25;9938;17;;;9932.0;0.0
yf_MKC_d10;24800;INTARIAN_PEPPER_ROOT;12817;7;12815;20;;;12823;17;12826;17;;;12820.0;0.0
yf_MKC_d10;24900;ASH_COATED_OSMIUM;9928;7;9926;22;;;9934;5;9936;23;;;9931.0;0.0
yf_MKC_d10;24900;INTARIAN_PEPPER_ROOT;12820;22;12818;16;;;12826;12;12830;14;;;12823.0;0.0
yf_MKC_d10;25000;ASH_COATED_OSMIUM;9913;13;9909;28;;;9951;11;9955;23;;;9932.0;0.0
yf_MKC_d10;25000;INTARIAN_PEPPER_ROOT;12820;8;12818;24;;;12828;24;12831;24;;;12824.0;0.0
yf_MKC_d10;25100;ASH_COATED_OSMIUM;9923;14;9921;23;;;9940;21;9942;24;;;9931.5;0.0
yf_MKC_d10;25100;INTARIAN_PEPPER_ROOT;12819;22;12815;15;;;12833;20;12835;29;;;12826.0;0.0
yf_MKC_d10;25200;ASH_COATED_OSMIUM;9929;7;9927;15;;;9935;11;9939;19;;;9932.0;0.0
yf_MKC_d10;25200;INTARIAN_PEPPER_ROOT;12826;18;12822;18;;;12832;21;12834;21;;;12829.0;0.0
yf_MKC_d10;25300;ASH_COATED_OSMIUM;9924;10;9921;26;;;9939;11;9942;23;;;9931.5;0.0
yf_MKC_d10;25300;INTARIAN_PEPPER_ROOT;12826;13;12824;18;;;12836;17;12840;20;;;12831.0;0.0
yf_MKC_d10;25400;ASH_COATED_OSMIUM;9929;10;9927;26;;;9935;19;9937;20;;;9932.0;0.0
yf_MKC_d10;25400;INTARIAN_PEPPER_ROOT;12827;14;12823;24;;;12839;24;12841;24;;;12833.0;0.0
yf_MKC_d10;25500;ASH_COATED_OSMIUM;9928;12;9925;23;;;9934;20;9938;28;;;9931.0;0.0
yf_MKC_d10;25500;INTARIAN_PEPPER_ROOT;12831;5;12828;22;;;12838;19;12842;23;;;12834.5;0.0
yf_MKC_d10;25600;ASH_COATED_OSMIUM;9928;11;9925;20;;;9934;14;9937;14;;;9931.0;0.0
yf_MKC_d10;25600;INTARIAN_PEPPER_ROOT;12834;24;12831;16;;;12840;14;12844;24;;;12837.0;0.0
yf_MKC_d10;25700;ASH_COATED_OSMIUM;9924;8;9921;18;;;9938;13;9940;16;;;9931.0;0.0
yf_MKC_d10;25700;INTARIAN_PEPPER_ROOT;12835;12;12833;22;;;12841;21;12845;21;;;12838.0;0.0
yf_MKC_d10;25800;ASH_COATED_OSMIUM;9928;14;9924;27;;;9934;18;9938;25;;;9931.0;0.0
yf_MKC_d10;25800;INTARIAN_PEPPER_ROOT;12836;10;12833;11;;;12844;18;12848;26;;;12840.0;0.0
yf_MKC_d10;25900;ASH_COATED_OSMIUM;9928;19;9926;21;;;9934;6;9938;19;;;9931.0;0.0
yf_MKC_d10;25900;INTARIAN_PEPPER_ROOT;12834;14;12832;11;;;12851;15;12854;18;;;12842.5;0.0
yf_MKC_d10;26000;ASH_COATED_OSMIUM;9928;14;9924;19;;;9934;17;9937;20;;;9931.0;0.0
yf_MKC_d10;26000;INTARIAN_PEPPER_ROOT;12842;10;12838;14;;;12848;10;12852;20;;;12845.0;0.0
yf_MKC_d10;26100;ASH_COATED_OSMIUM;9928;15;9926;31;;;9934;16;9938;16;;;9931.0;0.0
yf_MKC_d10;26100;INTARIAN_PEPPER_ROOT;12844;26;12841;26;;;12850;20;12852;26;;;12847.0;0.0
yf_MKC_d10;26200;ASH_COATED_OSMIUM;9927;5;9923;24;;;9934;18;9936;13;;;9930.5;0.0
yf_MKC_d10;26200;INTARIAN_PEPPER_ROOT;12840;24;12837;22;;;12855;14;12857;24;;;12847.5;0.0
yf_MKC_d10;26300;ASH_COATED_OSMIUM;9926;23;9923;18;;;9935;9;9939;20;;;9930.5;0.0
yf_MKC_d10;26300;INTARIAN_PEPPER_ROOT;12847;13;12844;24;;;12853;24;12856;22;;;12850.0;0.0
yf_MKC_d10;26400;ASH_COATED_OSMIUM;9927;16;9923;12;;;9933;9;9936;20;;;9930.0;0.0
yf_MKC_d10;26400;INTARIAN_PEPPER_ROOT;12849;16;12846;25;;;12855;11;12857;27;;;12852.0;0.0
yf_MKC_d10;26500;ASH_COATED_OSMIUM;9922;18;9920;10;;;9939;7;9942;15;;;9930.5;0.0
yf_MKC_d10;26500;INTARIAN_PEPPER_ROOT;12847;11;12844;21;;;12861;16;12865;21;;;12854.0;0.0
yf_MKC_d10;26600;ASH_COATED_OSMIUM;9927;19;9925;16;;;9933;21;9935;23;;;9930.0;0.0
yf_MKC_d10;26600;INTARIAN_PEPPER_ROOT;12852;20;12849;31;;;12859;17;12863;22;;;12855.5;0.0
yf_MKC_d10;26700;ASH_COATED_OSMIUM;9927;10;9925;25;;;9933;18;9935;13;;;9930.0;0.0
yf_MKC_d10;26700;INTARIAN_PEPPER_ROOT;12855;10;12853;16;;;12861;15;12864;23;;;12858.0;0.0
yf_MKC_d10;26800;ASH_COATED_OSMIUM;9926;20;9924;24;;;9932;28;9935;17;;;9929.0;0.0
yf_MKC_d10;26800;INTARIAN_PEPPER_ROOT;12849;10;12845;15;;;12872;11;12875;17;;;12860.5;0.0
yf_MKC_d10;26900;ASH_COATED_OSMIUM;9926;18;9922;26;;;9932;14;9935;16;;;9929.0;0.0
yf_MKC_d10;26900;INTARIAN_PEPPER_ROOT;12859;5;12855;22;;;12865;9;12869;15;;;12862.0;0.0
yf_MKC_d10;27000;ASH_COATED_OSMIUM;9926;5;9923;23;;;9932;11;9935;19;;;9929.0;0.0
yf_MKC_d10;27000;INTARIAN_PEPPER_ROOT;12860;18;12858;22;;;12868;13;12872;20;;;12864.0;0.0
yf_MKC_d10;27100;ASH_COATED_OSMIUM;9927;9;9924;19;;;9933;15;9936;22;;;9930.0;0.0
yf_MKC_d10;27100;INTARIAN_PEPPER_ROOT;12863;8;12859;18;;;12869;16;12873;30;;;12866.0;0.0
yf_MKC_d10;27200;ASH_COATED_OSMIUM;9926;16;9922;25;;;9932;14;9936;22;;;9929.0;0.0
yf_MKC_d10;27200;INTARIAN_PEPPER_ROOT;12856;12;12853;22;;;12879;15;12882;15;;;12867.5;0.0
yf_MKC_d10;27300;ASH_COATED_OSMIUM;9926;13;9924;19;;;9932;8;9936;18;;;9929.0;0.0
yf_MKC_d10;27300;INTARIAN_PEPPER_ROOT;12865;22;12863;18;;;12875;13;12877;16;;;12870.0;0.0
yf_MKC_d10;27400;ASH_COATED_OSMIUM;9926;17;9923;19;;;9932;24;9935;25;;;9929.0;0.0
yf_MKC_d10;27400;INTARIAN_PEPPER_ROOT;12865;9;12863;18;;;12879;21;12881;16;;;12872.0;0.0
yf_MKC_d10;27500;ASH_COATED_OSMIUM;9924;20;9921;16;;;9933;10;9935;25;;;9928.5;0.0
yf_MKC_d10;27500;INTARIAN_PEPPER_ROOT;12862;8;12860;13;;;12887;18;12891;21;;;12874.5;0.0
yf_MKC_d10;27600;ASH_COATED_OSMIUM;9923;21;9920;20;;;9934;15;9938;21;;;9928.5;0.0
yf_MKC_d10;27600;INTARIAN_PEPPER_ROOT;12873;8;12870;19;;;12879;15;12882;19;;;12876.0;0.0
yf_MKC_d10;27700;ASH_COATED_OSMIUM;9925;16;9923;29;;;9931;18;9934;19;;;9928.0;0.0
yf_MKC_d10;27700;INTARIAN_PEPPER_ROOT;12874;18;12872;21;;;12880;19;12883;17;;;12877.0;0.0
yf_MKC_d10;27800;ASH_COATED_OSMIUM;9914;12;9910;16;;;9942;9;9946;14;;;9928.0;0.0
yf_MKC_d10;27800;INTARIAN_PEPPER_ROOT;12874;12;12871;24;;;12885;15;12888;14;;;12879.5;0.0
yf_MKC_d10;27900;ASH_COATED_OSMIUM;9926;9;9924;11;;;9932;22;9935;31;;;9929.0;0.0
yf_MKC_d10;27900;INTARIAN_PEPPER_ROOT;12878;15;12875;17;;;12884;15;12888;24;;;12881.0;0.0
yf_MKC_d10;28000;ASH_COATED_OSMIUM;9925;19;9923;15;;;9931;17;9934;11;;;9928.0;0.0
yf_MKC_d10;28000;INTARIAN_PEPPER_ROOT;12881;10;12879;23;;;12887;9;12890;19;;;12884.0;0.0
yf_MKC_d10;28100;ASH_COATED_OSMIUM;9926;15;9922;12;;;9932;23;9934;17;;;9929.0;0.0
yf_MKC_d10;28100;INTARIAN_PEPPER_ROOT;12873;16;12870;19;;;12898;12;12900;18;;;12885.5;0.0
yf_MKC_d10;28200;ASH_COATED_OSMIUM;9915;16;9912;24;;;9942;15;9946;14;;;9928.5;0.0
yf_MKC_d10;28200;INTARIAN_PEPPER_ROOT;12883;17;12881;11;;;12893;25;12896;23;;;12888.0;0.0
yf_MKC_d10;28300;ASH_COATED_OSMIUM;9925;13;9922;21;;;9931;29;9934;21;;;9928.0;0.0
yf_MKC_d10;28300;INTARIAN_PEPPER_ROOT;12887;15;12883;29;;;12893;7;12895;18;;;12890.0;0.0
yf_MKC_d10;28400;ASH_COATED_OSMIUM;9925;8;9921;17;;;9931;14;9935;22;;;9928.0;0.0
yf_MKC_d10;28400;INTARIAN_PEPPER_ROOT;12888;20;12884;17;;;12894;20;12896;28;;;12891.0;0.0
yf_MKC_d10;28500;ASH_COATED_OSMIUM;9925;8;9923;19;;;9931;17;9933;24;;;9928.0;0.0
yf_MKC_d10;28500;INTARIAN_PEPPER_ROOT;12890;22;12887;18;;;12896;8;12900;21;;;12893.0;0.0
yf_MKC_d10;28600;ASH_COATED_OSMIUM;9925;16;9921;24;;;9931;22;9933;12;;;9928.0;0.0
yf_MKC_d10;28600;INTARIAN_PEPPER_ROOT;12893;14;12891;17;;;12899;21;12902;19;;;12896.0;0.0
yf_MKC_d10;28700;ASH_COATED_OSMIUM;9923;19;9919;21;;;9931;13;9934;21;;;9927.0;0.0
yf_MKC_d10;28700;INTARIAN_PEPPER_ROOT;12895;7;12891;29;;;12901;16;12903;17;;;12898.0;0.0
yf_MKC_d10;28800;ASH_COATED_OSMIUM;9924;14;9921;17;;;9930;17;9933;27;;;9927.0;0.0
yf_MKC_d10;28800;INTARIAN_PEPPER_ROOT;12897;12;12895;22;;;12903;22;12905;12;;;12900.0;0.0
yf_MKC_d10;28900;ASH_COATED_OSMIUM;9925;18;9921;16;;;9931;20;9935;26;;;9928.0;0.0
yf_MKC_d10;28900;INTARIAN_PEPPER_ROOT;12898;15;12894;21;;;12904;13;12906;22;;;12901.0;0.0
yf_MKC_d10;29000;ASH_COATED_OSMIUM;9924;13;9920;25;;;9930;18;9932;19;;;9927.0;0.0
yf_MKC_d10;29000;INTARIAN_PEPPER_ROOT;12900;6;12897;10;;;12906;19;12910;19;;;12903.0;0.0
yf_MKC_d10;29100;ASH_COATED_OSMIUM;9923;20;9921;24;;;9930;9;9932;22;;;9926.5;0.0
yf_MKC_d10;29100;INTARIAN_PEPPER_ROOT;12903;11;12899;16;;;12909;27;12913;22;;;12906.0;0.0
yf_MKC_d10;29200;ASH_COATED_OSMIUM;9921;11;9917;21;;;9934;15;9936;15;;;9927.5;0.0
yf_MKC_d10;29200;INTARIAN_PEPPER_ROOT;12904;16;12900;24;;;12910;13;12914;15;;;12907.0;0.0
yf_MKC_d10;29300;ASH_COATED_OSMIUM;9911;24;9908;26;;;9943;10;9945;19;;;9927.0;0.0
yf_MKC_d10;29300;INTARIAN_PEPPER_ROOT;12903;14;12900;17;;;12915;12;12918;15;;;12909.0;0.0
yf_MKC_d10;29400;ASH_COATED_OSMIUM;9920;19;9918;24;;;9934;16;9938;24;;;9927.0;0.0
yf_MKC_d10;29400;INTARIAN_PEPPER_ROOT;12887;10;12884;12;;;12936;18;12939;22;;;12911.5;0.0
yf_MKC_d10;29500;ASH_COATED_OSMIUM;9914;11;9912;21;;;9940;17;9944;22;;;9927.0;0.0
yf_MKC_d10;29500;INTARIAN_PEPPER_ROOT;12908;9;12905;14;;;12919;9;12922;19;;;12913.5;0.0
yf_MKC_d10;29600;ASH_COATED_OSMIUM;9921;14;9919;15;;;9930;19;9933;10;;;9925.5;0.0
yf_MKC_d10;29600;INTARIAN_PEPPER_ROOT;12912;18;12909;20;;;12918;16;12922;28;;;12915.0;0.0
yf_MKC_d10;29700;ASH_COATED_OSMIUM;9922;13;9919;20;;;9930;17;9934;19;;;9926.0;0.0
yf_MKC_d10;29700;INTARIAN_PEPPER_ROOT;12914;18;12910;18;;;12920;9;12922;11;;;12917.0;0.0
yf_MKC_d10;29800;ASH_COATED_OSMIUM;9920;20;9918;21;;;9933;21;9936;25;;;9926.5;0.0
yf_MKC_d10;29800;INTARIAN_PEPPER_ROOT;12916;10;12913;18;;;12922;13;12924;17;;;12919.0;0.0
yf_MKC_d10;29900;ASH_COATED_OSMIUM;9923;9;9921;14;;;9929;6;9932;19;;;9926.0;0.0
yf_MKC_d10;29900;INTARIAN_PEPPER_ROOT;12915;11;12911;23;;;12927;19;12929;26;;;12921.0;0.0
yf_MKC_d10;30000;ASH_COATED_OSMIUM;9922;14;9918;23;;;9932;28;9934;8;;;9927.0;0.0
yf_MKC_d10;30000;INTARIAN_PEPPER_ROOT;12920;13;12916;25;;;12926;15;12930;30;;;12923.0;0.0
yf_MKC_d10;30100;ASH_COATED_OSMIUM;9923;18;9919;13;;;9929;15;9933;14;;;9926.0;0.0
yf_MKC_d10;30100;INTARIAN_PEPPER_ROOT;12922;14;12919;9;;;12928;18;12930;18;;;12925.0;0.0
yf_MKC_d10;30200;ASH_COATED_OSMIUM;9923;12;9920;22;;;9929;22;9931;20;;;9926.0;0.0
yf_MKC_d10;30200;INTARIAN_PEPPER_ROOT;12921;16;12918;15;;;12933;17;12936;16;;;12927.0;0.0
yf_MKC_d10;30300;ASH_COATED_OSMIUM;9923;20;9919;18;;;9929;12;9933;18;;;9926.0;0.0
yf_MKC_d10;30300;INTARIAN_PEPPER_ROOT;12914;7;12910;18;;;12944;10;12947;18;;;12929.0;0.0
yf_MKC_d10;30400;ASH_COATED_OSMIUM;9923;18;9919;23;;;9929;8;9933;15;;;9926.0;0.0
yf_MKC_d10;30400;INTARIAN_PEPPER_ROOT;12928;14;12926;28;;;12934;20;12937;25;;;12931.0;0.0
yf_MKC_d10;30500;ASH_COATED_OSMIUM;9921;20;9918;15;;;9931;18;9933;25;;;9926.0;0.0
yf_MKC_d10;30500;INTARIAN_PEPPER_ROOT;12929;10;12927;25;;;12935;16;12938;27;;;12932.0;0.0
yf_MKC_d10;30600;ASH_COATED_OSMIUM;9920;5;9918;21;;;9932;11;9935;15;;;9926.0;0.0
yf_MKC_d10;30600;INTARIAN_PEPPER_ROOT;12929;15;12926;18;;;12941;17;12943;22;;;12935.0;0.0
yf_MKC_d10;30700;ASH_COATED_OSMIUM;9923;16;9919;17;;;9929;5;9931;13;;;9926.0;0.0
yf_MKC_d10;30700;INTARIAN_PEPPER_ROOT;12931;6;12929;16;;;12942;5;12946;27;;;12936.5;0.0
yf_MKC_d10;30800;ASH_COATED_OSMIUM;9922;26;9918;25;;;9928;18;9930;21;;;9925.0;0.0
yf_MKC_d10;30800;INTARIAN_PEPPER_ROOT;12935;19;12931;15;;;12942;15;12944;27;;;12938.5;0.0
yf_MKC_d10;30900;ASH_COATED_OSMIUM;9920;22;9917;27;;;9931;19;9933;18;;;9925.5;0.0
yf_MKC_d10;30900;INTARIAN_PEPPER_ROOT;12938;9;12936;24;;;12944;18;12948;19;;;12941.0;0.0
yf_MKC_d10;31000;ASH_COATED_OSMIUM;9922;20;9918;13;;;9928;12;9931;19;;;9925.0;0.0
yf_MKC_d10;31000;INTARIAN_PEPPER_ROOT;12939;17;12935;19;;;12946;29;12949;23;;;12942.5;0.0
yf_MKC_d10;31100;ASH_COATED_OSMIUM;9916;5;9913;20;;;9934;11;9938;25;;;9925.0;0.0
yf_MKC_d10;31100;INTARIAN_PEPPER_ROOT;12942;5;12938;28;;;12948;11;12952;24;;;12945.0;0.0
yf_MKC_d10;31200;ASH_COATED_OSMIUM;9921;17;9918;21;;;9930;5;9934;16;;;9925.5;0.0
yf_MKC_d10;31200;INTARIAN_PEPPER_ROOT;12943;5;12939;17;;;12949;18;12953;21;;;12946.0;0.0
yf_MKC_d10;31300;ASH_COATED_OSMIUM;9922;22;9919;13;;;9928;19;9932;16;;;9925.0;0.0
yf_MKC_d10;31300;INTARIAN_PEPPER_ROOT;12945;24;12941;21;;;12951;8;12954;28;;;12948.0;0.0
yf_MKC_d10;31400;ASH_COATED_OSMIUM;9920;10;9918;23;;;9929;11;9931;17;;;9924.5;0.0
yf_MKC_d10;31400;INTARIAN_PEPPER_ROOT;12947;23;12945;15;;;12953;18;12955;19;;;12950.0;0.0
yf_MKC_d10;31500;ASH_COATED_OSMIUM;9922;5;9919;23;;;9928;13;9932;22;;;9925.0;0.0
yf_MKC_d10;31500;INTARIAN_PEPPER_ROOT;12949;14;12947;26;;;12955;19;12957;14;;;12952.0;0.0
yf_MKC_d10;31600;ASH_COATED_OSMIUM;9918;20;9915;20;;;9931;17;9933;14;;;9924.5;0.0
yf_MKC_d10;31600;INTARIAN_PEPPER_ROOT;12951;18;12947;12;;;12959;7;12963;21;;;12955.0;0.0
yf_MKC_d10;31700;ASH_COATED_OSMIUM;9919;14;9915;18;;;9929;17;9931;20;;;9924.0;0.0
yf_MKC_d10;31700;INTARIAN_PEPPER_ROOT;12945;14;12941;18;;;12968;18;12971;20;;;12956.5;0.0
yf_MKC_d10;31800;ASH_COATED_OSMIUM;9921;14;9918;21;;;9927;13;9930;26;;;9924.0;0.0
yf_MKC_d10;31800;INTARIAN_PEPPER_ROOT;12937;11;12934;26;;;12978;18;12981;21;;;12957.5;0.0
yf_MKC_d10;31900;ASH_COATED_OSMIUM;9913;15;9911;18;;;9936;15;9940;21;;;9924.5;0.0
yf_MKC_d10;31900;INTARIAN_PEPPER_ROOT;12957;11;12953;15;;;12963;20;12965;22;;;12960.0;0.0
yf_MKC_d10;32000;ASH_COATED_OSMIUM;9921;17;9919;18;;;9927;26;9929;12;;;9924.0;0.0
yf_MKC_d10;32000;INTARIAN_PEPPER_ROOT;12957;19;12953;20;;;12967;10;12971;29;;;12962.0;0.0
yf_MKC_d10;32100;ASH_COATED_OSMIUM;9921;21;9917;24;;;9927;12;9929;10;;;9924.0;0.0
yf_MKC_d10;32100;INTARIAN_PEPPER_ROOT;12961;15;12958;23;;;12967;17;12970;19;;;12964.0;0.0
yf_MKC_d10;32200;ASH_COATED_OSMIUM;9921;11;9918;25;;;9927;12;9929;18;;;9924.0;0.0
yf_MKC_d10;32200;INTARIAN_PEPPER_ROOT;12963;22;12960;21;;;12970;18;12974;26;;;12966.5;0.0
yf_MKC_d10;32300;ASH_COATED_OSMIUM;9921;10;9917;24;;;9927;12;9931;19;;;9924.0;0.0
yf_MKC_d10;32300;INTARIAN_PEPPER_ROOT;12963;22;12959;17;;;12974;22;12978;16;;;12968.5;0.0
yf_MKC_d10;32400;ASH_COATED_OSMIUM;9920;8;9917;16;;;9926;18;9930;16;;;9923.0;0.0
yf_MKC_d10;32400;INTARIAN_PEPPER_ROOT;12967;15;12964;18;;;12973;17;12976;27;;;12970.0;0.0
yf_MKC_d10;32500;ASH_COATED_OSMIUM;9920;20;9916;20;;;9926;7;9928;22;;;9923.0;0.0
yf_MKC_d10;32500;INTARIAN_PEPPER_ROOT;12963;16;12961;18;;;12982;15;12984;18;;;12972.5;0.0
yf_MKC_d10;32600;ASH_COATED_OSMIUM;9918;22;9916;19;;;9929;19;9932;22;;;9923.5;0.0
yf_MKC_d10;32600;INTARIAN_PEPPER_ROOT;12971;16;12969;22;;;12977;16;12980;17;;;12974.0;0.0
yf_MKC_d10;32700;ASH_COATED_OSMIUM;9914;12;9912;23;;;9933;25;9937;18;;;9923.5;0.0
yf_MKC_d10;32700;INTARIAN_PEPPER_ROOT;12969;18;12965;16;;;12983;13;12987;18;;;12976.0;0.0
yf_MKC_d10;32800;ASH_COATED_OSMIUM;9918;14;9915;23;;;9928;17;9930;15;;;9923.0;0.0
yf_MKC_d10;32800;INTARIAN_PEPPER_ROOT;12973;9;12970;14;;;12983;13;12985;21;;;12978.0;0.0
yf_MKC_d10;32900;ASH_COATED_OSMIUM;9920;16;9916;27;;;9926;11;9930;29;;;9923.0;0.0
yf_MKC_d10;32900;INTARIAN_PEPPER_ROOT;12978;20;12974;19;;;12984;10;12988;26;;;12981.0;0.0
yf_MKC_d10;33000;ASH_COATED_OSMIUM;9920;13;9917;16;;;9926;14;9929;23;;;9923.0;0.0
yf_MKC_d10;33000;INTARIAN_PEPPER_ROOT;12979;5;12977;11;;;12985;19;12989;24;;;12982.0;0.0
yf_MKC_d10;33100;ASH_COATED_OSMIUM;9919;13;9917;26;;;9925;18;9928;16;;;9922.0;0.0
yf_MKC_d10;33100;INTARIAN_PEPPER_ROOT;12973;20;12970;15;;;12996;14;12999;20;;;12984.5;0.0
yf_MKC_d10;33200;ASH_COATED_OSMIUM;9916;13;9912;20;;;9930;20;9932;31;;;9923.0;0.0
yf_MKC_d10;33200;INTARIAN_PEPPER_ROOT;12983;5;12979;11;;;12989;11;12993;25;;;12986.0;0.0
yf_MKC_d10;33300;ASH_COATED_OSMIUM;9918;11;9914;14;;;9927;10;9930;14;;;9922.5;0.0
yf_MKC_d10;33300;INTARIAN_PEPPER_ROOT;12984;16;12982;16;;;12993;24;12997;17;;;12988.5;0.0
yf_MKC_d10;33400;ASH_COATED_OSMIUM;9920;23;9916;21;;;9926;7;9928;22;;;9923.0;0.0
yf_MKC_d10;33400;INTARIAN_PEPPER_ROOT;12987;21;12983;24;;;12993;16;12996;28;;;12990.0;0.0
yf_MKC_d10;33500;ASH_COATED_OSMIUM;9920;16;9917;18;;;9927;10;9929;20;;;9923.5;0.0
yf_MKC_d10;33500;INTARIAN_PEPPER_ROOT;12989;10;12987;18;;;12995;12;12997;21;;;12992.0;0.0
yf_MKC_d10;33600;ASH_COATED_OSMIUM;9913;15;9909;13;;;9930;13;9932;24;;;9921.5;0.0
yf_MKC_d10;33600;INTARIAN_PEPPER_ROOT;12991;16;12989;14;;;12997;14;13001;20;;;12994.0;0.0
yf_MKC_d10;33700;ASH_COATED_OSMIUM;9919;16;9916;16;;;9925;17;9927;13;;;9922.0;0.0
yf_MKC_d10;33700;INTARIAN_PEPPER_ROOT;12992;17;12990;20;;;12998;20;13000;21;;;12995.0;0.0
yf_MKC_d10;33800;ASH_COATED_OSMIUM;9917;11;9915;25;;;9927;20;9931;26;;;9922.0;0.0
yf_MKC_d10;33800;INTARIAN_PEPPER_ROOT;12994;17;12991;23;;;13001;15;13004;12;;;12997.5;0.0
yf_MKC_d10;33900;ASH_COATED_OSMIUM;9902;16;9899;28;;;9941;20;9943;18;;;9921.5;0.0
yf_MKC_d10;33900;INTARIAN_PEPPER_ROOT;12997;9;12995;25;;;13003;16;13006;12;;;13000.0;0.0
yf_MKC_d10;34000;ASH_COATED_OSMIUM;9916;18;9914;8;;;9928;9;9930;25;;;9922.0;0.0
yf_MKC_d10;34000;INTARIAN_PEPPER_ROOT;12996;11;12993;16;;;13002;8;13006;13;;;12999.0;0.0
yf_MKC_d10;34100;ASH_COATED_OSMIUM;9919;21;9915;29;;;9925;9;9929;23;;;9922.0;0.0
yf_MKC_d10;34100;INTARIAN_PEPPER_ROOT;12994;16;12990;27;;;13001;17;13005;20;;;12997.5;0.0
yf_MKC_d10;34200;ASH_COATED_OSMIUM;9919;22;9916;16;;;9925;16;9929;8;;;9922.0;0.0
yf_MKC_d10;34200;INTARIAN_PEPPER_ROOT;12994;22;12990;27;;;13000;10;13003;22;;;12997.0;0.0
yf_MKC_d10;34300;ASH_COATED_OSMIUM;9916;5;9913;24;;;9930;18;9933;13;;;9923.0;0.0
yf_MKC_d10;34300;INTARIAN_PEPPER_ROOT;12993;14;12989;23;;;12999;22;13002;20;;;12996.0;0.0
yf_MKC_d10;34400;ASH_COATED_OSMIUM;9920;14;9917;21;;;9926;15;9929;18;;;9923.0;0.0
yf_MKC_d10;34400;INTARIAN_PEPPER_ROOT;12992;11;12989;22;;;12998;17;13000;12;;;12995.0;0.0
yf_MKC_d10;34500;ASH_COATED_OSMIUM;9910;15;9906;14;;;9935;17;9937;23;;;9922.5;0.0
yf_MKC_d10;34500;INTARIAN_PEPPER_ROOT;12991;24;12988;18;;;12997;8;12999;17;;;12994.0;0.0
yf_MKC_d10;34600;ASH_COATED_OSMIUM;9918;22;9914;29;;;9928;10;9931;25;;;9923.0;0.0
yf_MKC_d10;34600;INTARIAN_PEPPER_ROOT;12987;20;12985;12;;;13000;15;13002;25;;;12993.5;0.0
yf_MKC_d10;34700;ASH_COATED_OSMIUM;9920;9;9916;19;;;9926;9;9928;19;;;9923.0;0.0
yf_MKC_d10;34700;INTARIAN_PEPPER_ROOT;12987;18;12985;20;;;12999;8;13003;21;;;12993.0;0.0
yf_MKC_d10;34800;ASH_COATED_OSMIUM;9920;7;9918;19;;;9926;12;9930;25;;;9923.0;0.0
yf_MKC_d10;34800;INTARIAN_PEPPER_ROOT;12989;17;12987;30;;;12995;22;12998;18;;;12992.0;0.0
yf_MKC_d10;34900;ASH_COATED_OSMIUM;9917;18;9913;28;;;9930;14;9934;13;;;9923.5;0.0
yf_MKC_d10;34900;INTARIAN_PEPPER_ROOT;12987;13;12985;21;;;12993;14;12997;18;;;12990.0;0.0
yf_MKC_d10;35000;ASH_COATED_OSMIUM;9920;19;9917;28;;;9926;11;9929;22;;;9923.0;0.0
yf_MKC_d10;35000;INTARIAN_PEPPER_ROOT;12987;13;12985;17;;;12993;20;12996;21;;;12990.0;0.0
yf_MKC_d10;35100;ASH_COATED_OSMIUM;9920;18;9916;22;;;9926;12;9928;18;;;9923.0;0.0
yf_MKC_d10;35100;INTARIAN_PEPPER_ROOT;12984;16;12982;18;;;12995;5;12998;20;;;12989.5;0.0
yf_MKC_d10;35200;ASH_COATED_OSMIUM;9921;16;9917;21;;;9928;11;9932;19;;;9924.5;0.0
yf_MKC_d10;35200;INTARIAN_PEPPER_ROOT;12985;15;12981;18;;;12991;18;12995;19;;;12988.0;0.0
yf_MKC_d10;35300;ASH_COATED_OSMIUM;9916;19;9913;17;;;9932;9;9936;14;;;9924.0;0.0
yf_MKC_d10;35300;INTARIAN_PEPPER_ROOT;12980;16;12976;20;;;12995;15;12998;25;;;12987.5;0.0
yf_MKC_d10;35400;ASH_COATED_OSMIUM;9921;8;9917;14;;;9927;20;9929;17;;;9924.0;0.0
yf_MKC_d10;35400;INTARIAN_PEPPER_ROOT;12983;19;12981;23;;;12989;17;12991;18;;;12986.0;0.0
yf_MKC_d10;35500;ASH_COATED_OSMIUM;9909;16;9905;20;;;9939;18;9942;20;;;9924.0;0.0
yf_MKC_d10;35500;INTARIAN_PEPPER_ROOT;12970;18;12967;23;;;13000;19;13003;23;;;12985.0;0.0
yf_MKC_d10;35600;ASH_COATED_OSMIUM;9921;11;9918;10;;;9927;19;9930;24;;;9924.0;0.0
yf_MKC_d10;35600;INTARIAN_PEPPER_ROOT;12981;5;12979;26;;;12987;8;12991;14;;;12984.0;0.0
yf_MKC_d10;35700;ASH_COATED_OSMIUM;9921;15;9919;15;;;9927;18;9930;23;;;9924.0;0.0
yf_MKC_d10;35700;INTARIAN_PEPPER_ROOT;12980;17;12978;18;;;12987;17;12990;28;;;12983.5;0.0
yf_MKC_d10;35800;ASH_COATED_OSMIUM;9922;12;9918;25;;;9928;19;9932;24;;;9925.0;0.0
yf_MKC_d10;35800;INTARIAN_PEPPER_ROOT;12979;14;12977;10;;;12985;10;12988;27;;;12982.0;0.0
yf_MKC_d10;35900;ASH_COATED_OSMIUM;9917;19;9913;26;;;9931;20;9933;12;;;9924.0;0.0
yf_MKC_d10;35900;INTARIAN_PEPPER_ROOT;12979;15;12977;12;;;12985;22;12987;21;;;12982.0;0.0
yf_MKC_d10;36000;ASH_COATED_OSMIUM;9921;9;9918;18;;;9927;12;9929;15;;;9924.0;0.0
yf_MKC_d10;36000;INTARIAN_PEPPER_ROOT;12978;16;12974;19;;;12984;20;12987;29;;;12981.0;0.0
yf_MKC_d10;36100;ASH_COATED_OSMIUM;9918;6;9916;15;;;9933;15;9936;10;;;9925.5;0.0
yf_MKC_d10;36100;INTARIAN_PEPPER_ROOT;12977;21;12973;17;;;12983;16;12987;25;;;12980.0;0.0
yf_MKC_d10;36200;ASH_COATED_OSMIUM;9921;19;9918;22;;;9929;13;9933;18;;;9925.0;0.0
yf_MKC_d10;36200;INTARIAN_PEPPER_ROOT;12976;16;12972;14;;;12983;15;12986;12;;;12979.5;0.0
yf_MKC_d10;36300;ASH_COATED_OSMIUM;9914;11;9911;13;;;9935;11;9939;18;;;9924.5;0.0
yf_MKC_d10;36300;INTARIAN_PEPPER_ROOT;12975;10;12971;29;;;12981;22;12983;25;;;12978.0;0.0
yf_MKC_d10;36400;ASH_COATED_OSMIUM;9922;11;9919;29;;;9928;15;9931;15;;;9925.0;0.0
yf_MKC_d10;36400;INTARIAN_PEPPER_ROOT;12967;19;12964;17;;;12988;19;12990;23;;;12977.5;0.0
yf_MKC_d10;36500;ASH_COATED_OSMIUM;9922;12;9919;19;;;9928;15;9930;19;;;9925.0;0.0
yf_MKC_d10;36500;INTARIAN_PEPPER_ROOT;12974;16;12970;22;;;12980;10;12984;15;;;12977.0;0.0
yf_MKC_d10;36600;ASH_COATED_OSMIUM;9921;10;9918;16;;;9930;7;9932;27;;;9925.5;0.0
yf_MKC_d10;36600;INTARIAN_PEPPER_ROOT;12969;18;12967;17;;;12982;18;12985;15;;;12975.5;0.0
yf_MKC_d10;36700;ASH_COATED_OSMIUM;9910;10;9906;26;;;9941;12;9945;25;;;9925.5;0.0
yf_MKC_d10;36700;INTARIAN_PEPPER_ROOT;12970;19;12966;17;;;12978;5;12980;27;;;12974.0;0.0
yf_MKC_d10;36800;ASH_COATED_OSMIUM;9921;22;9917;24;;;9930;10;9932;21;;;9925.5;0.0
yf_MKC_d10;36800;INTARIAN_PEPPER_ROOT;12971;16;12969;21;;;12977;16;12980;13;;;12974.0;0.0
yf_MKC_d10;36900;ASH_COATED_OSMIUM;9923;8;9920;13;;;9929;13;9931;18;;;9926.0;0.0
yf_MKC_d10;36900;INTARIAN_PEPPER_ROOT;12970;12;12968;19;;;12976;15;12980;22;;;12973.0;0.0
yf_MKC_d10;37000;ASH_COATED_OSMIUM;9922;23;9918;21;;;9930;16;9932;17;;;9926.0;0.0
yf_MKC_d10;37000;INTARIAN_PEPPER_ROOT;12969;14;12966;16;;;12976;14;12980;20;;;12972.5;0.0
yf_MKC_d10;37100;ASH_COATED_OSMIUM;9919;10;9917;17;;;9932;13;9934;18;;;9925.5;0.0
yf_MKC_d10;37100;INTARIAN_PEPPER_ROOT;12969;5;12965;19;;;12975;12;12977;23;;;12972.0;0.0
yf_MKC_d10;37200;ASH_COATED_OSMIUM;9923;12;9920;19;;;9929;12;9932;22;;;9926.0;0.0
yf_MKC_d10;37200;INTARIAN_PEPPER_ROOT;12967;26;12965;23;;;12973;12;12977;18;;;12970.0;0.0
yf_MKC_d10;37300;ASH_COATED_OSMIUM;9923;11;9919;15;;;9929;17;9933;12;;;9926.0;0.0
yf_MKC_d10;37300;INTARIAN_PEPPER_ROOT;12965;14;12961;19;;;12974;19;12978;22;;;12969.5;0.0
yf_MKC_d10;37400;ASH_COATED_OSMIUM;9920;15;9917;15;;;9932;13;9935;25;;;9926.0;0.0
yf_MKC_d10;37400;INTARIAN_PEPPER_ROOT;12963;10;12961;18;;;12974;5;12977;27;;;12968.5;0.0
yf_MKC_d10;37500;ASH_COATED_OSMIUM;9921;13;9919;13;;;9932;7;9936;20;;;9926.5;0.0
yf_MKC_d10;37500;INTARIAN_PEPPER_ROOT;12963;8;12960;13;;;12972;9;12974;17;;;12967.5;0.0
yf_MKC_d10;37600;ASH_COATED_OSMIUM;9924;21;9921;21;;;9930;17;9934;25;;;9927.0;0.0
yf_MKC_d10;37600;INTARIAN_PEPPER_ROOT;12964;7;12960;11;;;12970;11;12974;18;;;12967.0;0.0
yf_MKC_d10;37700;ASH_COATED_OSMIUM;9922;20;9918;20;;;9933;16;9937;15;;;9927.5;0.0
yf_MKC_d10;37700;INTARIAN_PEPPER_ROOT;12963;13;12960;17;;;12969;24;12972;20;;;12966.0;0.0
yf_MKC_d10;37800;ASH_COATED_OSMIUM;9923;14;9919;20;;;9931;21;9935;22;;;9927.0;0.0
yf_MKC_d10;37800;INTARIAN_PEPPER_ROOT;12962;11;12959;23;;;12968;12;12970;17;;;12965.0;0.0
yf_MKC_d10;37900;ASH_COATED_OSMIUM;9914;15;9912;13;;;9939;15;9941;18;;;9926.5;0.0
yf_MKC_d10;37900;INTARIAN_PEPPER_ROOT;12961;24;12958;24;;;12967;14;12971;17;;;12964.0;0.0
yf_MKC_d10;38000;ASH_COATED_OSMIUM;9917;16;9915;17;;;9937;15;9941;13;;;9927.0;0.0
yf_MKC_d10;38000;INTARIAN_PEPPER_ROOT;12960;16;12956;25;;;12966;17;12970;20;;;12963.0;0.0
yf_MKC_d10;38100;ASH_COATED_OSMIUM;9922;23;9920;20;;;9933;16;9935;16;;;9927.5;0.0
yf_MKC_d10;38100;INTARIAN_PEPPER_ROOT;12959;24;12957;20;;;12965;15;12968;17;;;12962.0;0.0
yf_MKC_d10;38200;ASH_COATED_OSMIUM;9925;27;9921;19;;;9931;15;9935;15;;;9928.0;0.0
yf_MKC_d10;38200;INTARIAN_PEPPER_ROOT;12958;17;12956;18;;;12964;18;12966;25;;;12961.0;0.0
yf_MKC_d10;38300;ASH_COATED_OSMIUM;9921;15;9917;15;;;9935;18;9938;22;;;9928.0;0.0
yf_MKC_d10;38300;INTARIAN_PEPPER_ROOT;12957;10;12954;18;;;12963;25;12965;19;;;12960.0;0.0
yf_MKC_d10;38400;ASH_COATED_OSMIUM;9925;20;9921;16;;;9931;10;9934;20;;;9928.0;0.0
yf_MKC_d10;38400;INTARIAN_PEPPER_ROOT;12956;18;12954;19;;;12962;16;12964;20;;;12959.0;0.0
yf_MKC_d10;38500;ASH_COATED_OSMIUM;9924;9;9921;17;;;9930;12;9933;28;;;9927.0;0.0
yf_MKC_d10;38500;INTARIAN_PEPPER_ROOT;12956;9;12952;24;;;12962;15;12964;19;;;12959.0;0.0
yf_MKC_d10;38600;ASH_COATED_OSMIUM;9921;21;9919;11;;;9934;18;9937;16;;;9927.5;0.0
yf_MKC_d10;38600;INTARIAN_PEPPER_ROOT;12954;6;12951;17;;;12963;19;12967;16;;;12958.5;0.0
yf_MKC_d10;38700;ASH_COATED_OSMIUM;9925;5;9921;15;;;9931;7;9934;17;;;9928.0;0.0
yf_MKC_d10;38700;INTARIAN_PEPPER_ROOT;12954;15;12951;25;;;12960;17;12964;25;;;12957.0;0.0
yf_MKC_d10;38800;ASH_COATED_OSMIUM;9925;20;9921;18;;;9931;16;9935;24;;;9928.0;0.0
yf_MKC_d10;38800;INTARIAN_PEPPER_ROOT;12953;19;12949;14;;;12959;19;12961;20;;;12956.0;0.0
yf_MKC_d10;38900;ASH_COATED_OSMIUM;9918;14;9915;27;;;9939;12;9941;16;;;9928.5;0.0
yf_MKC_d10;38900;INTARIAN_PEPPER_ROOT;12952;15;12948;11;;;12958;17;12962;17;;;12955.0;0.0
yf_MKC_d10;39000;ASH_COATED_OSMIUM;9926;12;9923;28;;;9932;20;9935;20;;;9929.0;0.0
yf_MKC_d10;39000;INTARIAN_PEPPER_ROOT;12951;17;12949;21;;;12958;15;12962;24;;;12954.5;0.0
yf_MKC_d10;39100;ASH_COATED_OSMIUM;9925;9;9922;21;;;9931;18;9934;29;;;9928.0;0.0
yf_MKC_d10;39100;INTARIAN_PEPPER_ROOT;12950;6;12948;20;;;12956;19;12960;20;;;12953.0;0.0
yf_MKC_d10;39200;ASH_COATED_OSMIUM;9926;16;9923;19;;;9932;20;9936;25;;;9929.0;0.0
yf_MKC_d10;39200;INTARIAN_PEPPER_ROOT;12947;6;12943;22;;;12958;14;12960;18;;;12952.5;0.0
yf_MKC_d10;39300;ASH_COATED_OSMIUM;9917;16;9913;17;;;9942;11;9945;20;;;9929.5;0.0
yf_MKC_d10;39300;INTARIAN_PEPPER_ROOT;12946;15;12944;19;;;12956;13;12960;17;;;12951.0;0.0
yf_MKC_d10;39400;ASH_COATED_OSMIUM;9926;15;9923;17;;;9932;14;9935;27;;;9929.0;0.0
yf_MKC_d10;39400;INTARIAN_PEPPER_ROOT;12947;15;12945;21;;;12953;17;12955;20;;;12950.0;0.0
yf_MKC_d10;39500;ASH_COATED_OSMIUM;9926;17;9923;24;;;9932;16;9935;22;;;9929.0;0.0
yf_MKC_d10;39500;INTARIAN_PEPPER_ROOT;12947;19;12944;10;;;12953;15;12955;12;;;12950.0;0.0
yf_MKC_d10;39600;ASH_COATED_OSMIUM;9922;17;9918;25;;;9936;18;9938;11;;;9929.0;0.0
yf_MKC_d10;39600;INTARIAN_PEPPER_ROOT;12945;9;12941;17;;;12951;10;12954;18;;;12948.0;0.0
yf_MKC_d10;39700;ASH_COATED_OSMIUM;9926;20;9923;18;;;9932;9;9935;14;;;9929.0;0.0
yf_MKC_d10;39700;INTARIAN_PEPPER_ROOT;12945;18;12941;26;;;12951;16;12955;22;;;12948.0;0.0
yf_MKC_d10;39800;ASH_COATED_OSMIUM;9927;13;9923;18;;;9933;10;9936;17;;;9930.0;0.0
yf_MKC_d10;39800;INTARIAN_PEPPER_ROOT;12944;16;12942;23;;;12950;16;12953;14;;;12947.0;0.0
yf_MKC_d10;39900;ASH_COATED_OSMIUM;9926;17;9922;17;;;9935;12;9938;27;;;9930.5;0.0
yf_MKC_d10;39900;INTARIAN_PEPPER_ROOT;12942;20;12939;17;;;12948;16;12951;27;;;12945.0;0.0
yf_MKC_d10;40000;ASH_COATED_OSMIUM;9927;13;9924;23;;;9933;8;9937;27;;;9930.0;0.0
yf_MKC_d10;40000;INTARIAN_PEPPER_ROOT;12943;10;12941;26;;;12949;5;12953;17;;;12946.0;0.0
yf_MKC_d10;40100;ASH_COATED_OSMIUM;9927;22;9924;15;;;9933;22;9935;20;;;9930.0;0.0
yf_MKC_d10;40100;INTARIAN_PEPPER_ROOT;12936;14;12933;12;;;12953;16;12956;15;;;12944.5;0.0
yf_MKC_d10;40200;ASH_COATED_OSMIUM;9927;20;9924;15;;;9933;18;9937;21;;;9930.0;0.0
yf_MKC_d10;40200;INTARIAN_PEPPER_ROOT;12940;10;12936;8;;;12946;5;12950;23;;;12943.0;0.0
yf_MKC_d10;40300;ASH_COATED_OSMIUM;9927;12;9924;23;;;9933;16;9937;19;;;9930.0;0.0
yf_MKC_d10;40300;INTARIAN_PEPPER_ROOT;12940;16;12937;17;;;12946;18;12949;13;;;12943.0;0.0
yf_MKC_d10;40400;ASH_COATED_OSMIUM;9926;13;9922;18;;;9935;9;9939;21;;;9930.5;0.0
yf_MKC_d10;40400;INTARIAN_PEPPER_ROOT;12938;15;12936;15;;;12944;15;12948;22;;;12941.0;0.0
yf_MKC_d10;40500;ASH_COATED_OSMIUM;9926;10;9922;24;;;9935;19;9938;10;;;9930.5;0.0
yf_MKC_d10;40500;INTARIAN_PEPPER_ROOT;12938;15;12936;16;;;12944;13;12947;21;;;12941.0;0.0
yf_MKC_d10;40600;ASH_COATED_OSMIUM;9924;10;9920;18;;;9937;18;9940;20;;;9930.5;0.0
yf_MKC_d10;40600;INTARIAN_PEPPER_ROOT;12937;15;12933;9;;;12943;26;12945;24;;;12940.0;0.0
yf_MKC_d10;40700;ASH_COATED_OSMIUM;9926;19;9923;19;;;9935;14;9939;14;;;9930.5;0.0
yf_MKC_d10;40700;INTARIAN_PEPPER_ROOT;12936;7;12932;15;;;12942;16;12946;16;;;12939.0;0.0
yf_MKC_d10;40800;ASH_COATED_OSMIUM;9928;7;9926;24;;;9934;12;9938;16;;;9931.0;0.0
yf_MKC_d10;40800;INTARIAN_PEPPER_ROOT;12935;9;12931;23;;;12941;10;12945;20;;;12938.0;0.0
yf_MKC_d10;40900;ASH_COATED_OSMIUM;9928;26;9926;14;;;9934;14;9937;10;;;9931.0;0.0
yf_MKC_d10;40900;INTARIAN_PEPPER_ROOT;12934;10;12932;21;;;12940;21;12943;13;;;12937.0;0.0
yf_MKC_d10;41000;ASH_COATED_OSMIUM;9928;14;9926;21;;;9934;17;9937;19;;;9931.0;0.0
yf_MKC_d10;41000;INTARIAN_PEPPER_ROOT;12928;10;12925;19;;;12945;13;12948;24;;;12936.5;0.0
yf_MKC_d10;41100;ASH_COATED_OSMIUM;9929;15;9926;15;;;9935;15;9939;17;;;9932.0;0.0
yf_MKC_d10;41100;INTARIAN_PEPPER_ROOT;12928;8;12926;18;;;12942;16;12946;20;;;12935.0;0.0
yf_MKC_d10;41200;ASH_COATED_OSMIUM;9929;9;9925;20;;;9935;8;9938;19;;;9932.0;0.0
yf_MKC_d10;41200;INTARIAN_PEPPER_ROOT;12932;13;12930;20;;;12938;18;12940;15;;;12935.0;0.0
yf_MKC_d10;41300;ASH_COATED_OSMIUM;9915;20;9913;20;;;9949;14;9953;24;;;9932.0;0.0
yf_MKC_d10;41300;INTARIAN_PEPPER_ROOT;12930;13;12926;20;;;12937;20;12939;18;;;12933.5;0.0
yf_MKC_d10;41400;ASH_COATED_OSMIUM;9926;22;9923;17;;;9936;16;9939;18;;;9931.0;0.0
yf_MKC_d10;41400;INTARIAN_PEPPER_ROOT;12899;13;12895;22;;;12966;18;12968;18;;;12932.5;0.0
yf_MKC_d10;41500;ASH_COATED_OSMIUM;9928;20;9924;20;;;9935;26;9937;19;;;9931.5;0.0
yf_MKC_d10;41500;INTARIAN_PEPPER_ROOT;12925;15;12921;9;;;12939;15;12941;15;;;12932.0;0.0
yf_MKC_d10;41600;ASH_COATED_OSMIUM;9929;14;9925;20;;;9935;18;9939;14;;;9932.0;0.0
yf_MKC_d10;41600;INTARIAN_PEPPER_ROOT;12928;12;12925;18;;;12934;20;12938;20;;;12931.0;0.0
yf_MKC_d10;41700;ASH_COATED_OSMIUM;9929;9;9926;17;;;9935;19;9939;20;;;9932.0;0.0
yf_MKC_d10;41700;INTARIAN_PEPPER_ROOT;12924;14;12920;16;;;12935;22;12937;18;;;12929.5;0.0
yf_MKC_d10;41800;ASH_COATED_OSMIUM;9927;11;9923;25;;;9937;15;9939;9;;;9932.0;0.0
yf_MKC_d10;41800;INTARIAN_PEPPER_ROOT;12926;16;12924;16;;;12932;12;12934;19;;;12929.0;0.0
yf_MKC_d10;41900;ASH_COATED_OSMIUM;9929;17;9926;18;;;9935;12;9938;18;;;9932.0;0.0
yf_MKC_d10;41900;INTARIAN_PEPPER_ROOT;12925;11;12921;31;;;12931;13;12933;18;;;12928.0;0.0
yf_MKC_d10;42000;ASH_COATED_OSMIUM;9929;18;9926;15;;;9935;14;9937;11;;;9932.0;0.0
yf_MKC_d10;42000;INTARIAN_PEPPER_ROOT;12925;19;12922;12;;;12931;15;12933;19;;;12928.0;0.0
yf_MKC_d10;42100;ASH_COATED_OSMIUM;9930;9;9927;16;;;9936;15;9938;26;;;9933.0;0.0
yf_MKC_d10;42100;INTARIAN_PEPPER_ROOT;12924;14;12922;25;;;12930;13;12934;23;;;12927.0;0.0
yf_MKC_d10;42200;ASH_COATED_OSMIUM;9930;17;9926;20;;;9936;15;9939;18;;;9933.0;0.0
yf_MKC_d10;42200;INTARIAN_PEPPER_ROOT;12923;17;12920;16;;;12929;10;12933;17;;;12926.0;0.0
yf_MKC_d10;42300;ASH_COATED_OSMIUM;9930;18;9926;18;;;9936;13;9940;17;;;9933.0;0.0
yf_MKC_d10;42300;INTARIAN_PEPPER_ROOT;12922;16;12920;23;;;12928;8;12931;14;;;12925.0;0.0
yf_MKC_d10;42400;ASH_COATED_OSMIUM;9930;11;9928;21;;;9936;5;9938;18;;;9933.0;0.0
yf_MKC_d10;42400;INTARIAN_PEPPER_ROOT;12917;25;12915;23;;;12932;12;12934;17;;;12924.5;0.0
yf_MKC_d10;42500;ASH_COATED_OSMIUM;9930;12;9927;13;;;9936;21;9938;20;;;9933.0;0.0
yf_MKC_d10;42500;INTARIAN_PEPPER_ROOT;12919;10;12915;26;;;12927;27;12931;26;;;12923.0;0.0
yf_MKC_d10;42600;ASH_COATED_OSMIUM;9926;8;9924;22;;;9940;21;9944;24;;;9933.0;0.0
yf_MKC_d10;42600;INTARIAN_PEPPER_ROOT;12919;17;12917;20;;;12925;16;12927;14;;;12922.0;0.0
yf_MKC_d10;42700;ASH_COATED_OSMIUM;9931;11;9928;22;;;9937;18;9941;32;;;9934.0;0.0
yf_MKC_d10;42700;INTARIAN_PEPPER_ROOT;12918;12;12916;20;;;12924;22;12927;24;;;12921.0;0.0
yf_MKC_d10;42800;ASH_COATED_OSMIUM;9930;10;9926;20;;;9938;5;9942;17;;;9934.0;0.0
yf_MKC_d10;42800;INTARIAN_PEPPER_ROOT;12917;9;12913;23;;;12923;17;12927;15;;;12920.0;0.0
yf_MKC_d10;42900;ASH_COATED_OSMIUM;9926;12;9922;23;;;9940;7;9944;19;;;9933.0;0.0
yf_MKC_d10;42900;INTARIAN_PEPPER_ROOT;12916;16;12914;16;;;12922;6;12925;15;;;12919.0;0.0
yf_MKC_d10;43000;ASH_COATED_OSMIUM;9924;16;9920;16;;;9944;20;9948;23;;;9934.0;0.0
yf_MKC_d10;43000;INTARIAN_PEPPER_ROOT;12913;17;12910;19;;;12923;15;12927;25;;;12918.0;0.0
yf_MKC_d10;43100;ASH_COATED_OSMIUM;9931;17;9929;24;;;9937;20;9940;19;;;9934.0;0.0
yf_MKC_d10;43100;INTARIAN_PEPPER_ROOT;12884;17;12881;23;;;12951;11;12955;20;;;12917.5;0.0
yf_MKC_d10;43200;ASH_COATED_OSMIUM;9931;15;9929;16;;;9937;16;9941;20;;;9934.0;0.0
yf_MKC_d10;43200;INTARIAN_PEPPER_ROOT;12914;14;12912;18;;;12920;14;12922;23;;;12917.0;0.0
yf_MKC_d10;43300;ASH_COATED_OSMIUM;9927;17;9924;10;;;9941;16;9944;18;;;9934.0;0.0
yf_MKC_d10;43300;INTARIAN_PEPPER_ROOT;12910;9;12907;16;;;12921;6;12925;16;;;12915.5;0.0
yf_MKC_d10;43400;ASH_COATED_OSMIUM;9931;7;9927;22;;;9938;17;9942;22;;;9934.5;0.0
yf_MKC_d10;43400;INTARIAN_PEPPER_ROOT;12910;14;12907;28;;;12921;16;12925;21;;;12915.5;0.0
yf_MKC_d10;43500;ASH_COATED_OSMIUM;9931;15;9929;17;;;9937;18;9940;17;;;9934.0;0.0
yf_MKC_d10;43500;INTARIAN_PEPPER_ROOT;12906;14;12902;20;;;12922;5;12925;20;;;12914.0;0.0
yf_MKC_d10;43600;ASH_COATED_OSMIUM;9928;21;9926;21;;;9941;13;9944;20;;;9934.5;0.0
yf_MKC_d10;43600;INTARIAN_PEPPER_ROOT;12908;11;12906;20;;;12917;10;12919;17;;;12912.5;0.0
yf_MKC_d10;43700;ASH_COATED_OSMIUM;9922;15;9918;22;;;9948;24;9950;11;;;9935.0;0.0
yf_MKC_d10;43700;INTARIAN_PEPPER_ROOT;12909;19;12907;22;;;12915;19;12919;17;;;12912.0;0.0
yf_MKC_d10;43800;ASH_COATED_OSMIUM;9918;16;9915;23;;;9952;18;9954;14;;;9935.0;0.0
yf_MKC_d10;43800;INTARIAN_PEPPER_ROOT;12902;9;12900;20;;;12919;11;12921;17;;;12910.5;0.0
yf_MKC_d10;43900;ASH_COATED_OSMIUM;9932;12;9928;21;;;9938;15;9940;30;;;9935.0;0.0
yf_MKC_d10;43900;INTARIAN_PEPPER_ROOT;12908;8;12904;24;;;12914;13;12916;23;;;12911.0;0.0
yf_MKC_d10;44000;ASH_COATED_OSMIUM;9932;14;9929;24;;;9938;9;9940;15;;;9935.0;0.0
yf_MKC_d10;44000;INTARIAN_PEPPER_ROOT;12902;8;12900;16;;;12918;19;12921;18;;;12910.0;0.0
yf_MKC_d10;44100;ASH_COATED_OSMIUM;9926;13;9922;14;;;9943;25;9945;15;;;9934.5;0.0
yf_MKC_d10;44100;INTARIAN_PEPPER_ROOT;12897;13;12895;22;;;12920;8;12922;26;;;12908.5;0.0
yf_MKC_d10;44200;ASH_COATED_OSMIUM;9932;19;9928;17;;;9938;12;9941;24;;;9935.0;0.0
yf_MKC_d10;44200;INTARIAN_PEPPER_ROOT;12900;10;12896;18;;;12915;21;12917;22;;;12907.5;0.0
yf_MKC_d10;44300;ASH_COATED_OSMIUM;9933;9;9929;18;;;9939;13;9941;16;;;9936.0;0.0
yf_MKC_d10;44300;INTARIAN_PEPPER_ROOT;12904;19;12902;22;;;12910;10;12913;26;;;12907.0;0.0
yf_MKC_d10;44400;ASH_COATED_OSMIUM;9933;15;9931;13;;;9939;15;9943;24;;;9936.0;0.0
yf_MKC_d10;44400;INTARIAN_PEPPER_ROOT;12894;18;12890;23;;;12918;15;12921;24;;;12906.0;0.0
yf_MKC_d10;44500;ASH_COATED_OSMIUM;9927;25;9923;30;;;9945;9;9949;21;;;9936.0;0.0
yf_MKC_d10;44500;INTARIAN_PEPPER_ROOT;12902;11;12899;14;;;12908;14;12910;19;;;12905.0;0.0
yf_MKC_d10;44600;ASH_COATED_OSMIUM;9933;25;9931;16;;;9939;21;9941;28;;;9936.0;0.0
yf_MKC_d10;44600;INTARIAN_PEPPER_ROOT;12901;19;12898;15;;;12907;12;12910;15;;;12904.0;0.0
yf_MKC_d10;44700;ASH_COATED_OSMIUM;9933;18;9930;14;;;9939;16;9941;16;;;9936.0;0.0
yf_MKC_d10;44700;INTARIAN_PEPPER_ROOT;12900;12;12897;21;;;12906;10;12908;21;;;12903.0;0.0
yf_MKC_d10;44800;ASH_COATED_OSMIUM;9932;13;9930;15;;;9938;16;9940;21;;;9935.0;0.0
yf_MKC_d10;44800;INTARIAN_PEPPER_ROOT;12900;11;12897;27;;;12906;13;12908;13;;;12903.0;0.0
yf_MKC_d10;44900;ASH_COATED_OSMIUM;9932;14;9929;15;;;9941;15;9945;26;;;9936.5;0.0
yf_MKC_d10;44900;INTARIAN_PEPPER_ROOT;12893;11;12890;20;;;12909;9;12913;32;;;12901.0;0.0
yf_MKC_d10;45000;ASH_COATED_OSMIUM;9933;5;9929;16;;;9939;13;9943;20;;;9936.0;0.0
yf_MKC_d10;45000;INTARIAN_PEPPER_ROOT;12897;17;12893;22;;;12903;13;12907;15;;;12900.0;0.0
yf_MKC_d10;45100;ASH_COATED_OSMIUM;9934;18;9930;29;;;9940;7;9942;14;;;9937.0;0.0
yf_MKC_d10;45100;INTARIAN_PEPPER_ROOT;12895;14;12893;13;;;12903;13;12905;14;;;12899.0;0.0
yf_MKC_d10;45200;ASH_COATED_OSMIUM;9927;12;9923;13;;;9946;24;9950;22;;;9936.5;0.0
yf_MKC_d10;45200;INTARIAN_PEPPER_ROOT;12896;14;12894;24;;;12902;12;12905;14;;;12899.0;0.0
yf_MKC_d10;45300;ASH_COATED_OSMIUM;9933;11;9931;13;;;9941;17;9945;22;;;9937.0;0.0
yf_MKC_d10;45300;INTARIAN_PEPPER_ROOT;12891;15;12887;18;;;12907;15;12909;23;;;12899.0;0.0
yf_MKC_d10;45400;ASH_COATED_OSMIUM;9931;10;9928;17;;;9944;16;9946;17;;;9937.5;0.0
yf_MKC_d10;45400;INTARIAN_PEPPER_ROOT;12894;6;12891;24;;;12900;19;12904;8;;;12897.0;0.0
yf_MKC_d10;45500;ASH_COATED_OSMIUM;9934;12;9932;20;;;9940;18;9942;8;;;9937.0;0.0
yf_MKC_d10;45500;INTARIAN_PEPPER_ROOT;12893;9;12891;25;;;12899;15;12901;19;;;12896.0;0.0
yf_MKC_d10;45600;ASH_COATED_OSMIUM;9932;7;9930;25;;;9941;14;9945;16;;;9936.5;0.0
yf_MKC_d10;45600;INTARIAN_PEPPER_ROOT;12888;15;12886;20;;;12904;17;12906;20;;;12896.0;0.0
yf_MKC_d10;45700;ASH_COATED_OSMIUM;9934;14;9930;17;;;9942;13;9945;19;;;9938.0;0.0
yf_MKC_d10;45700;INTARIAN_PEPPER_ROOT;12885;19;12883;19;;;12904;11;12906;24;;;12894.5;0.0
yf_MKC_d10;45800;ASH_COATED_OSMIUM;9935;16;9931;19;;;9941;22;9945;18;;;9938.0;0.0
yf_MKC_d10;45800;INTARIAN_PEPPER_ROOT;12891;16;12888;23;;;12897;10;12900;26;;;12894.0;0.0
yf_MKC_d10;45900;ASH_COATED_OSMIUM;9935;19;9932;22;;;9941;13;9943;19;;;9938.0;0.0
yf_MKC_d10;45900;INTARIAN_PEPPER_ROOT;12887;15;12885;12;;;12898;17;12901;20;;;12892.5;0.0
yf_MKC_d10;46000;ASH_COATED_OSMIUM;9934;20;9930;25;;;9941;14;9945;17;;;9937.5;0.0
yf_MKC_d10;46000;INTARIAN_PEPPER_ROOT;12885;14;12883;24;;;12899;15;12901;21;;;12892.0;0.0
yf_MKC_d10;46100;ASH_COATED_OSMIUM;9935;11;9933;14;;;9942;25;9946;15;;;9938.5;0.0
yf_MKC_d10;46100;INTARIAN_PEPPER_ROOT;12888;10;12886;22;;;12894;20;12896;27;;;12891.0;0.0
yf_MKC_d10;46200;ASH_COATED_OSMIUM;9934;15;9930;16;;;9942;9;9946;18;;;9938.0;0.0
yf_MKC_d10;46200;INTARIAN_PEPPER_ROOT;12883;13;12880;27;;;12897;11;12900;17;;;12890.0;0.0
yf_MKC_d10;46300;ASH_COATED_OSMIUM;9935;11;9931;23;;;9941;10;9943;26;;;9938.0;0.0
yf_MKC_d10;46300;INTARIAN_PEPPER_ROOT;12873;17;12870;13;;;12906;12;12908;25;;;12889.5;0.0
yf_MKC_d10;46400;ASH_COATED_OSMIUM;9934;16;9931;20;;;9941;17;9945;11;;;9937.5;0.0
yf_MKC_d10;46400;INTARIAN_PEPPER_ROOT;12883;10;12881;23;;;12893;19;12897;22;;;12888.0;0.0
yf_MKC_d10;46500;ASH_COATED_OSMIUM;9935;18;9932;17;;;9941;21;9943;24;;;9938.0;0.0
yf_MKC_d10;46500;INTARIAN_PEPPER_ROOT;12884;19;12882;24;;;12890;13;12894;15;;;12887.0;0.0
yf_MKC_d10;46600;ASH_COATED_OSMIUM;9925;18;9923;14;;;9952;17;9954;20;;;9938.5;0.0
yf_MKC_d10;46600;INTARIAN_PEPPER_ROOT;12884;10;12881;13;;;12890;13;12892;11;;;12887.0;0.0
yf_MKC_d10;46700;ASH_COATED_OSMIUM;9936;13;9933;21;;;9942;16;9946;23;;;9939.0;0.0
yf_MKC_d10;46700;INTARIAN_PEPPER_ROOT;12872;17;12870;16;;;12900;18;12902;19;;;12886.0;0.0
yf_MKC_d10;46800;ASH_COATED_OSMIUM;9935;12;9933;14;;;9943;16;9947;20;;;9939.0;0.0
yf_MKC_d10;46800;INTARIAN_PEPPER_ROOT;12882;13;12879;19;;;12888;7;12890;8;;;12885.0;0.0
yf_MKC_d10;46900;ASH_COATED_OSMIUM;9936;13;9933;12;;;9942;15;9944;22;;;9939.0;0.0
yf_MKC_d10;46900;INTARIAN_PEPPER_ROOT;12874;10;12871;29;;;12894;17;12897;26;;;12884.0;0.0
yf_MKC_d10;47000;ASH_COATED_OSMIUM;9936;18;9932;17;;;9942;19;9945;19;;;9939.0;0.0
yf_MKC_d10;47000;INTARIAN_PEPPER_ROOT;12880;16;12878;28;;;12886;16;12888;18;;;12883.0;0.0
yf_MKC_d10;47100;ASH_COATED_OSMIUM;9936;18;9934;22;;;9942;18;9944;19;;;9939.0;0.0
yf_MKC_d10;47100;INTARIAN_PEPPER_ROOT;12879;19;12876;17;;;12885;5;12888;15;;;12882.0;0.0
yf_MKC_d10;47200;ASH_COATED_OSMIUM;9936;16;9932;18;;;9943;14;9945;20;;;9939.5;0.0
yf_MKC_d10;47200;INTARIAN_PEPPER_ROOT;12879;11;12875;31;;;12885;13;12887;27;;;12882.0;0.0
yf_MKC_d10;47300;ASH_COATED_OSMIUM;9937;17;9934;21;;;9943;21;9947;20;;;9940.0;0.0
yf_MKC_d10;47300;INTARIAN_PEPPER_ROOT;12877;17;12873;26;;;12883;13;12885;16;;;12880.0;0.0
yf_MKC_d10;47400;ASH_COATED_OSMIUM;9937;5;9935;10;;;9943;15;9945;12;;;9940.0;0.0
yf_MKC_d10;47400;INTARIAN_PEPPER_ROOT;12876;7;12872;14;;;12882;5;12885;26;;;12879.0;0.0
yf_MKC_d10;47500;ASH_COATED_OSMIUM;9935;11;9932;20;;;9944;9;9946;15;;;9939.5;0.0
yf_MKC_d10;47500;INTARIAN_PEPPER_ROOT;12873;22;12869;16;;;12884;8;12888;14;;;12878.5;0.0
yf_MKC_d10;47600;ASH_COATED_OSMIUM;9935;23;9932;21;;;9945;13;9949;15;;;9940.0;0.0
yf_MKC_d10;47600;INTARIAN_PEPPER_ROOT;12875;15;12873;10;;;12881;19;12883;23;;;12878.0;0.0
yf_MKC_d10;47700;ASH_COATED_OSMIUM;9937;11;9935;24;;;9944;9;9946;18;;;9940.5;0.0
yf_MKC_d10;47700;INTARIAN_PEPPER_ROOT;12874;9;12870;29;;;12880;18;12884;19;;;12877.0;0.0
yf_MKC_d10;47800;ASH_COATED_OSMIUM;9937;20;9933;21;;;9943;14;9945;27;;;9940.0;0.0
yf_MKC_d10;47800;INTARIAN_PEPPER_ROOT;12873;13;12871;27;;;12879;20;12882;16;;;12876.0;0.0
yf_MKC_d10;47900;ASH_COATED_OSMIUM;9937;15;9934;22;;;9943;21;9945;23;;;9940.0;0.0
yf_MKC_d10;47900;INTARIAN_PEPPER_ROOT;12872;18;12868;23;;;12878;13;12882;23;;;12875.0;0.0
yf_MKC_d10;48000;ASH_COATED_OSMIUM;9937;12;9935;20;;;9943;14;9947;12;;;9940.0;0.0
yf_MKC_d10;48000;INTARIAN_PEPPER_ROOT;12860;12;12858;23;;;12889;13;12893;20;;;12874.5;0.0
yf_MKC_d10;48100;ASH_COATED_OSMIUM;9938;19;9935;17;;;9944;11;9948;21;;;9941.0;0.0
yf_MKC_d10;48100;INTARIAN_PEPPER_ROOT;12871;18;12868;20;;;12877;11;12880;12;;;12874.0;0.0
yf_MKC_d10;48200;ASH_COATED_OSMIUM;9938;12;9936;25;;;9944;15;9948;21;;;9941.0;0.0
yf_MKC_d10;48200;INTARIAN_PEPPER_ROOT;12862;9;12858;19;;;12882;12;12884;17;;;12872.0;0.0
yf_MKC_d10;48300;ASH_COATED_OSMIUM;9938;17;9934;16;;;9944;13;9947;8;;;9941.0;0.0
yf_MKC_d10;48300;INTARIAN_PEPPER_ROOT;12868;10;12864;20;;;12874;14;12878;21;;;12871.0;0.0
yf_MKC_d10;48400;ASH_COATED_OSMIUM;9935;27;9931;16;;;9946;20;9949;26;;;9940.5;0.0
yf_MKC_d10;48400;INTARIAN_PEPPER_ROOT;12868;19;12865;23;;;12874;21;12878;17;;;12871.0;0.0
yf_MKC_d10;48500;ASH_COATED_OSMIUM;9938;10;9935;21;;;9944;10;9947;22;;;9941.0;0.0
yf_MKC_d10;48500;INTARIAN_PEPPER_ROOT;12867;14;12864;19;;;12873;11;12876;17;;;12870.0;0.0
yf_MKC_d10;48600;ASH_COATED_OSMIUM;9938;18;9934;23;;;9944;11;9946;16;;;9941.0;0.0
yf_MKC_d10;48600;INTARIAN_PEPPER_ROOT;12866;13;12863;22;;;12872;5;12874;12;;;12869.0;0.0
yf_MKC_d10;48700;ASH_COATED_OSMIUM;9939;18;9937;21;;;9945;14;9948;21;;;9942.0;0.0
yf_MKC_d10;48700;INTARIAN_PEPPER_ROOT;12865;19;12863;9;;;12871;21;12875;19;;;12868.0;0.0
yf_MKC_d10;48800;ASH_COATED_OSMIUM;9939;14;9935;15;;;9945;19;9949;22;;;9942.0;0.0
yf_MKC_d10;48800;INTARIAN_PEPPER_ROOT;12864;16;12860;32;;;12870;19;12874;18;;;12867.0;0.0
yf_MKC_d10;48900;ASH_COATED_OSMIUM;9933;25;9929;10;;;9951;24;9954;25;;;9942.0;0.0
yf_MKC_d10;48900;INTARIAN_PEPPER_ROOT;12863;7;12859;15;;;12869;23;12871;20;;;12866.0;0.0
yf_MKC_d10;49000;ASH_COATED_OSMIUM;9939;15;9937;30;;;9945;11;9947;27;;;9942.0;0.0
yf_MKC_d10;49000;INTARIAN_PEPPER_ROOT;12861;16;12858;27;;;12868;17;12871;30;;;12864.5;0.0
yf_MKC_d10;49100;ASH_COATED_OSMIUM;9936;16;9934;24;;;9949;5;9951;20;;;9942.5;0.0
yf_MKC_d10;49100;INTARIAN_PEPPER_ROOT;12861;11;12857;30;;;12867;12;12869;25;;;12864.0;0.0
yf_MKC_d10;49200;ASH_COATED_OSMIUM;9937;18;9934;22;;;9947;13;9950;16;;;9942.0;0.0
yf_MKC_d10;49200;INTARIAN_PEPPER_ROOT;12861;22;12858;19;;;12867;22;12870;17;;;12864.0;0.0
yf_MKC_d10;49300;ASH_COATED_OSMIUM;9939;5;9935;17;;;9945;15;9947;14;;;9942.0;0.0
yf_MKC_d10;49300;INTARIAN_PEPPER_ROOT;12860;12;12857;15;;;12866;17;12868;17;;;12863.0;0.0
yf_MKC_d10;49400;ASH_COATED_OSMIUM;9937;6;9934;20;;;9948;16;9951;21;;;9942.5;0.0
yf_MKC_d10;49400;INTARIAN_PEPPER_ROOT;12859;27;12855;27;;;12865;10;12867;32;;;12862.0;0.0
yf_MKC_d10;49500;ASH_COATED_OSMIUM;9939;15;9936;13;;;9945;28;9947;21;;;9942.0;0.0
yf_MKC_d10;49500;INTARIAN_PEPPER_ROOT;12858;25;12855;23;;;12864;16;12868;15;;;12861.0;0.0
yf_MKC_d10;49600;ASH_COATED_OSMIUM;9940;8;9938;22;;;9946;10;9949;25;;;9943.0;0.0
yf_MKC_d10;49600;INTARIAN_PEPPER_ROOT;12857;18;12855;19;;;12863;24;12866;17;;;12860.0;0.0
yf_MKC_d10;49700;ASH_COATED_OSMIUM;9940;17;9937;28;;;9946;11;9948;20;;;9943.0;0.0
yf_MKC_d10;49700;INTARIAN_PEPPER_ROOT;12856;20;12854;9;;;12862;13;12865;8;;;12859.0;0.0
yf_MKC_d10;49800;ASH_COATED_OSMIUM;9940;26;9938;25;;;9946;8;9950;15;;;9943.0;0.0
yf_MKC_d10;49800;INTARIAN_PEPPER_ROOT;12851;9;12849;16;;;12866;14;12869;23;;;12858.5;0.0
yf_MKC_d10;49900;ASH_COATED_OSMIUM;9939;14;9936;23;;;9947;24;9951;27;;;9943.0;0.0
yf_MKC_d10;49900;INTARIAN_PEPPER_ROOT;12855;12;12852;23;;;12862;11;12865;14;;;12858.5;0.0
yf_MKC_d10;50000;ASH_COATED_OSMIUM;9937;29;9934;24;;;9949;15;9951;19;;;9943.0;0.0
yf_MKC_d10;50000;INTARIAN_PEPPER_ROOT;12844;20;12842;17;;;12869;12;12873;18;;;12856.5;0.0
yf_MKC_d10;50100;ASH_COATED_OSMIUM;9936;17;9933;22;;;9949;25;9951;14;;;9942.5;0.0
yf_MKC_d10;50100;INTARIAN_PEPPER_ROOT;12846;9;12843;19;;;12864;9;12868;21;;;12855.0;0.0
yf_MKC_d10;50200;ASH_COATED_OSMIUM;9936;9;9933;16;;;9951;22;9953;25;;;9943.5;0.0
yf_MKC_d10;50200;INTARIAN_PEPPER_ROOT;12852;10;12848;14;;;12858;19;12861;11;;;12855.0;0.0
yf_MKC_d10;50300;ASH_COATED_OSMIUM;9940;11;9938;24;;;9946;12;9950;23;;;9943.0;0.0
yf_MKC_d10;50300;INTARIAN_PEPPER_ROOT;12850;10;12846;21;;;12856;12;12858;26;;;12853.0;0.0
yf_MKC_d10;50400;ASH_COATED_OSMIUM;9940;15;9936;25;;;9947;16;9950;25;;;9943.5;0.0
yf_MKC_d10;50400;INTARIAN_PEPPER_ROOT;12850;21;12847;16;;;12857;19;12860;24;;;12853.5;0.0
yf_MKC_d10;50500;ASH_COATED_OSMIUM;9941;15;9937;17;;;9947;15;9949;17;;;9944.0;0.0
yf_MKC_d10;50500;INTARIAN_PEPPER_ROOT;12849;17;12846;17;;;12855;18;12857;27;;;12852.0;0.0
yf_MKC_d10;50600;ASH_COATED_OSMIUM;9934;14;9932;31;;;9954;20;9956;25;;;9944.0;0.0
yf_MKC_d10;50600;INTARIAN_PEPPER_ROOT;12848;18;12844;26;;;12854;16;12857;18;;;12851.0;0.0
yf_MKC_d10;50700;ASH_COATED_OSMIUM;9938;12;9934;22;;;9951;12;9954;24;;;9944.5;0.0
yf_MKC_d10;50700;INTARIAN_PEPPER_ROOT;12844;15;12841;26;;;12857;8;12859;28;;;12850.5;0.0
yf_MKC_d10;50800;ASH_COATED_OSMIUM;9936;8;9933;29;;;9952;10;9955;24;;;9944.0;0.0
yf_MKC_d10;50800;INTARIAN_PEPPER_ROOT;12846;22;12842;27;;;12852;17;12856;31;;;12849.0;0.0
yf_MKC_d10;50900;ASH_COATED_OSMIUM;9941;14;9939;18;;;9947;16;9950;20;;;9944.0;0.0
yf_MKC_d10;50900;INTARIAN_PEPPER_ROOT;12845;16;12843;25;;;12851;15;12853;21;;;12848.0;0.0
yf_MKC_d10;51000;ASH_COATED_OSMIUM;9941;14;9937;28;;;9947;7;9951;22;;;9944.0;0.0
yf_MKC_d10;51000;INTARIAN_PEPPER_ROOT;12843;16;12839;9;;;12849;21;12853;23;;;12846.0;0.0
yf_MKC_d10;51100;ASH_COATED_OSMIUM;9940;18;9937;23;;;9948;24;9952;18;;;9944.0;0.0
yf_MKC_d10;51100;INTARIAN_PEPPER_ROOT;12840;7;12836;8;;;12846;20;12849;11;;;12843.0;0.0
yf_MKC_d10;51200;ASH_COATED_OSMIUM;9941;18;9939;16;;;9947;18;9951;18;;;9944.0;0.0
yf_MKC_d10;51200;INTARIAN_PEPPER_ROOT;12838;5;12834;19;;;12844;24;12846;27;;;12841.0;0.0
yf_MKC_d10;51300;ASH_COATED_OSMIUM;9941;11;9938;22;;;9947;13;9949;20;;;9944.0;0.0
yf_MKC_d10;51300;INTARIAN_PEPPER_ROOT;12834;27;12832;11;;;12843;9;12847;25;;;12838.5;0.0
yf_MKC_d10;51400;ASH_COATED_OSMIUM;9935;24;9933;18;;;9952;11;9956;16;;;9943.5;0.0
yf_MKC_d10;51400;INTARIAN_PEPPER_ROOT;12834;18;12830;20;;;12840;18;12843;23;;;12837.0;0.0
yf_MKC_d10;51500;ASH_COATED_OSMIUM;9941;13;9938;21;;;9947;5;9951;10;;;9944.0;0.0
yf_MKC_d10;51500;INTARIAN_PEPPER_ROOT;12828;17;12825;19;;;12843;5;12846;22;;;12835.5;0.0
yf_MKC_d10;51600;ASH_COATED_OSMIUM;9941;23;9938;20;;;9947;13;9951;10;;;9944.0;0.0
yf_MKC_d10;51600;INTARIAN_PEPPER_ROOT;12830;25;12826;19;;;12836;22;12840;25;;;12833.0;0.0
yf_MKC_d10;51700;ASH_COATED_OSMIUM;9941;16;9938;19;;;9947;15;9950;26;;;9944.0;0.0
yf_MKC_d10;51700;INTARIAN_PEPPER_ROOT;12829;8;12826;8;;;12835;15;12838;21;;;12832.0;0.0
yf_MKC_d10;51800;ASH_COATED_OSMIUM;9940;18;9937;16;;;9946;11;9950;27;;;9943.0;0.0
yf_MKC_d10;51800;INTARIAN_PEPPER_ROOT;12826;21;12822;10;;;12832;5;12834;19;;;12829.0;0.0
yf_MKC_d10;51900;ASH_COATED_OSMIUM;9940;18;9936;18;;;9946;16;9949;24;;;9943.0;0.0
yf_MKC_d10;51900;INTARIAN_PEPPER_ROOT;12824;7;12821;20;;;12830;16;12834;21;;;12827.0;0.0
yf_MKC_d10;52000;ASH_COATED_OSMIUM;9939;15;9936;13;;;9948;18;9950;12;;;9943.5;0.0
yf_MKC_d10;52000;INTARIAN_PEPPER_ROOT;12822;16;12819;22;;;12828;16;12830;16;;;12825.0;0.0
yf_MKC_d10;52100;ASH_COATED_OSMIUM;9939;29;9935;25;;;9945;12;9949;23;;;9942.0;0.0
yf_MKC_d10;52100;INTARIAN_PEPPER_ROOT;12820;17;12817;13;;;12826;23;12829;18;;;12823.0;0.0
yf_MKC_d10;52200;ASH_COATED_OSMIUM;9940;7;9937;14;;;9947;18;9950;24;;;9943.5;0.0
yf_MKC_d10;52200;INTARIAN_PEPPER_ROOT;12818;14;12816;23;;;12824;14;12828;18;;;12821.0;0.0
yf_MKC_d10;52300;ASH_COATED_OSMIUM;9934;16;9932;21;;;9952;22;9956;16;;;9943.0;0.0
yf_MKC_d10;52300;INTARIAN_PEPPER_ROOT;12815;24;12813;15;;;12823;14;12826;11;;;12819.0;0.0
yf_MKC_d10;52400;ASH_COATED_OSMIUM;9933;15;9929;24;;;9952;12;9955;15;;;9942.5;0.0
yf_MKC_d10;52400;INTARIAN_PEPPER_ROOT;12814;15;12812;13;;;12820;20;12822;20;;;12817.0;0.0
yf_MKC_d10;52500;ASH_COATED_OSMIUM;9932;7;9928;24;;;9953;15;9956;22;;;9942.5;0.0
yf_MKC_d10;52500;INTARIAN_PEPPER_ROOT;12811;20;12809;20;;;12818;13;12821;13;;;12814.5;0.0
yf_MKC_d10;52600;ASH_COATED_OSMIUM;9939;16;9936;16;;;9945;14;9948;19;;;9942.0;0.0
yf_MKC_d10;52600;INTARIAN_PEPPER_ROOT;12805;14;12801;20;;;12822;10;12826;25;;;12813.5;0.0
yf_MKC_d10;52700;ASH_COATED_OSMIUM;9938;7;9935;19;;;9946;12;9948;25;;;9942.0;0.0
yf_MKC_d10;52700;INTARIAN_PEPPER_ROOT;12808;20;12804;17;;;12814;17;12818;12;;;12811.0;0.0
yf_MKC_d10;52800;ASH_COATED_OSMIUM;9932;10;9930;13;;;9952;19;9956;20;;;9942.0;0.0
yf_MKC_d10;52800;INTARIAN_PEPPER_ROOT;12806;16;12802;18;;;12812;8;12816;21;;;12809.0;0.0
yf_MKC_d10;52900;ASH_COATED_OSMIUM;9938;8;9934;17;;;9945;13;9947;33;;;9941.5;0.0
yf_MKC_d10;52900;INTARIAN_PEPPER_ROOT;12800;18;12796;23;;;12814;6;12816;13;;;12807.0;0.0
yf_MKC_d10;53000;ASH_COATED_OSMIUM;9938;9;9935;21;;;9944;9;9946;18;;;9941.0;0.0
yf_MKC_d10;53000;INTARIAN_PEPPER_ROOT;12802;19;12799;15;;;12808;14;12812;14;;;12805.0;0.0
yf_MKC_d10;53100;ASH_COATED_OSMIUM;9938;23;9935;23;;;9945;17;9948;20;;;9941.5;0.0
yf_MKC_d10;53100;INTARIAN_PEPPER_ROOT;12800;20;12797;18;;;12806;16;12809;19;;;12803.0;0.0
yf_MKC_d10;53200;ASH_COATED_OSMIUM;9939;8;9937;21;;;9945;13;9948;24;;;9942.0;0.0
yf_MKC_d10;53200;INTARIAN_PEPPER_ROOT;12797;10;12795;21;;;12803;17;12807;21;;;12800.0;0.0
yf_MKC_d10;53300;ASH_COATED_OSMIUM;9938;21;9935;21;;;9944;10;9947;17;;;9941.0;0.0
yf_MKC_d10;53300;INTARIAN_PEPPER_ROOT;12796;5;12793;15;;;12802;21;12805;21;;;12799.0;0.0
yf_MKC_d10;53400;ASH_COATED_OSMIUM;9918;10;9914;19;;;9964;16;9966;15;;;9941.0;0.0
yf_MKC_d10;53400;INTARIAN_PEPPER_ROOT;12793;10;12791;13;;;12799;13;12803;20;;;12796.0;0.0
yf_MKC_d10;53500;ASH_COATED_OSMIUM;9939;7;9937;19;;;9945;8;9949;15;;;9942.0;0.0
yf_MKC_d10;53500;INTARIAN_PEPPER_ROOT;12791;9;12787;19;;;12797;13;12801;11;;;12794.0;0.0
yf_MKC_d10;53600;ASH_COATED_OSMIUM;9937;15;9934;22;;;9945;15;9948;25;;;9941.0;0.0
yf_MKC_d10;53600;INTARIAN_PEPPER_ROOT;12789;21;12785;30;;;12795;21;12799;24;;;12792.0;0.0
yf_MKC_d10;53700;ASH_COATED_OSMIUM;9938;27;9936;17;;;9944;12;9947;19;;;9941.0;0.0
yf_MKC_d10;53700;INTARIAN_PEPPER_ROOT;12788;5;12786;23;;;12794;19;12798;15;;;12791.0;0.0
yf_MKC_d10;53800;ASH_COATED_OSMIUM;9938;14;9936;21;;;9944;7;9946;18;;;9941.0;0.0
yf_MKC_d10;53800;INTARIAN_PEPPER_ROOT;12771;17;12769;30;;;12806;9;12809;13;;;12788.5;0.0
yf_MKC_d10;53900;ASH_COATED_OSMIUM;9937;19;9934;26;;;9943;11;9945;18;;;9940.0;0.0
yf_MKC_d10;53900;INTARIAN_PEPPER_ROOT;12769;19;12765;14;;;12802;5;12804;24;;;12785.5;0.0
yf_MKC_d10;54000;ASH_COATED_OSMIUM;9925;7;9922;24;;;9956;28;9959;16;;;9940.5;0.0
yf_MKC_d10;54000;INTARIAN_PEPPER_ROOT;12777;13;12775;20;;;12792;12;12794;23;;;12784.5;0.0
yf_MKC_d10;54100;ASH_COATED_OSMIUM;9937;18;9933;17;;;9945;15;9948;18;;;9941.0;0.0
yf_MKC_d10;54100;INTARIAN_PEPPER_ROOT;12779;19;12775;19;;;12785;10;12787;19;;;12782.0;0.0
yf_MKC_d10;54200;ASH_COATED_OSMIUM;9935;8;9932;14;;;9946;7;9949;24;;;9940.5;0.0
yf_MKC_d10;54200;INTARIAN_PEPPER_ROOT;12778;20;12775;14;;;12784;14;12786;19;;;12781.0;0.0
yf_MKC_d10;54300;ASH_COATED_OSMIUM;9937;19;9934;22;;;9944;15;9948;24;;;9940.5;0.0
yf_MKC_d10;54300;INTARIAN_PEPPER_ROOT;12775;16;12773;18;;;12781;12;12785;23;;;12778.0;0.0
yf_MKC_d10;54400;ASH_COATED_OSMIUM;9938;18;9935;16;;;9944;17;9948;24;;;9941.0;0.0
yf_MKC_d10;54400;INTARIAN_PEPPER_ROOT;12767;15;12763;16;;;12783;14;12787;13;;;12775.0;0.0
yf_MKC_d10;54500;ASH_COATED_OSMIUM;9936;15;9934;24;;;9944;17;9946;30;;;9940.0;0.0
yf_MKC_d10;54500;INTARIAN_PEPPER_ROOT;12771;9;12768;22;;;12777;13;12780;25;;;12774.0;0.0
yf_MKC_d10;54600;ASH_COATED_OSMIUM;9936;18;9932;21;;;9944;15;9947;19;;;9940.0;0.0
yf_MKC_d10;54600;INTARIAN_PEPPER_ROOT;12765;21;12762;19;;;12778;13;12782;21;;;12771.5;0.0
yf_MKC_d10;54700;ASH_COATED_OSMIUM;9926;11;9923;22;;;9954;15;9956;21;;;9940.0;0.0
yf_MKC_d10;54700;INTARIAN_PEPPER_ROOT;12763;14;12761;20;;;12776;8;12780;22;;;12769.5;0.0
yf_MKC_d10;54800;ASH_COATED_OSMIUM;9935;10;9932;13;;;9943;23;9946;32;;;9939.0;0.0
yf_MKC_d10;54800;INTARIAN_PEPPER_ROOT;12764;17;12762;19;;;12770;5;12772;24;;;12767.0;0.0
yf_MKC_d10;54900;ASH_COATED_OSMIUM;9937;22;9934;20;;;9943;16;9947;18;;;9940.0;0.0
yf_MKC_d10;54900;INTARIAN_PEPPER_ROOT;12763;16;12759;24;;;12769;26;12772;23;;;12766.0;0.0
yf_MKC_d10;55000;ASH_COATED_OSMIUM;9936;13;9934;19;;;9942;17;9946;23;;;9939.0;0.0
yf_MKC_d10;55000;INTARIAN_PEPPER_ROOT;12760;16;12758;26;;;12766;6;12768;27;;;12763.0;0.0
yf_MKC_d10;55100;ASH_COATED_OSMIUM;9936;13;9932;27;;;9943;14;9946;28;;;9939.5;0.0
yf_MKC_d10;55100;INTARIAN_PEPPER_ROOT;12758;10;12754;25;;;12764;12;12768;22;;;12761.0;0.0
yf_MKC_d10;55200;ASH_COATED_OSMIUM;9936;8;9934;21;;;9942;15;9945;21;;;9939.0;0.0
yf_MKC_d10;55200;INTARIAN_PEPPER_ROOT;12756;8;12754;21;;;12764;6;12768;24;;;12760.0;0.0
yf_MKC_d10;55300;ASH_COATED_OSMIUM;9935;12;9931;23;;;9943;12;9946;12;;;9939.0;0.0
yf_MKC_d10;55300;INTARIAN_PEPPER_ROOT;12754;23;12752;22;;;12760;13;12762;13;;;12757.0;0.0
yf_MKC_d10;55400;ASH_COATED_OSMIUM;9934;14;9931;24;;;9944;12;9947;25;;;9939.0;0.0
yf_MKC_d10;55400;INTARIAN_PEPPER_ROOT;12742;7;12740;24;;;12769;15;12771;19;;;12755.5;0.0
yf_MKC_d10;55500;ASH_COATED_OSMIUM;9936;9;9934;21;;;9942;9;9945;22;;;9939.0;0.0
yf_MKC_d10;55500;INTARIAN_PEPPER_ROOT;12743;14;12740;17;;;12764;21;12768;26;;;12753.5;0.0
yf_MKC_d10;55600;ASH_COATED_OSMIUM;9936;14;9933;16;;;9942;18;9944;11;;;9939.0;0.0
yf_MKC_d10;55600;INTARIAN_PEPPER_ROOT;12748;16;12746;28;;;12754;26;12757;21;;;12751.0;0.0
yf_MKC_d10;55700;ASH_COATED_OSMIUM;9935;11;9932;19;;;9941;11;9945;20;;;9938.0;0.0
yf_MKC_d10;55700;INTARIAN_PEPPER_ROOT;12747;12;12745;20;;;12753;12;12755;21;;;12750.0;0.0
yf_MKC_d10;55800;ASH_COATED_OSMIUM;9936;14;9934;8;;;9942;13;9946;20;;;9939.0;0.0
yf_MKC_d10;55800;INTARIAN_PEPPER_ROOT;12744;5;12740;21;;;12750;17;12752;12;;;12747.0;0.0
yf_MKC_d10;55900;ASH_COATED_OSMIUM;9935;18;9931;18;;;9941;17;9944;15;;;9938.0;0.0
yf_MKC_d10;55900;INTARIAN_PEPPER_ROOT;12736;7;12732;22;;;12754;19;12758;23;;;12745.0;0.0
yf_MKC_d10;56000;ASH_COATED_OSMIUM;9932;16;9930;26;;;9942;19;9945;31;;;9937.0;0.0
yf_MKC_d10;56000;INTARIAN_PEPPER_ROOT;12736;16;12732;22;;;12750;21;12752;18;;;12743.0;0.0
yf_MKC_d10;56100;ASH_COATED_OSMIUM;9935;15;9932;23;;;9941;7;9944;23;;;9938.0;0.0
yf_MKC_d10;56100;INTARIAN_PEPPER_ROOT;12735;12;12733;21;;;12747;27;12751;16;;;12741.0;0.0
yf_MKC_d10;56200;ASH_COATED_OSMIUM;9935;13;9931;27;;;9941;13;9944;17;;;9938.0;0.0
yf_MKC_d10;56200;INTARIAN_PEPPER_ROOT;12736;18;12733;11;;;12742;11;12746;24;;;12739.0;0.0
yf_MKC_d10;56300;ASH_COATED_OSMIUM;9928;16;9926;21;;;9948;17;9950;21;;;9938.0;0.0
yf_MKC_d10;56300;INTARIAN_PEPPER_ROOT;12733;14;12729;8;;;12739;9;12742;18;;;12736.0;0.0
yf_MKC_d10;56400;ASH_COATED_OSMIUM;9935;11;9933;24;;;9941;15;9944;23;;;9938.0;0.0
yf_MKC_d10;56400;INTARIAN_PEPPER_ROOT;12720;14;12716;22;;;12750;10;12754;22;;;12735.0;0.0
yf_MKC_d10;56500;ASH_COATED_OSMIUM;9934;18;9931;19;;;9943;8;9946;25;;;9938.5;0.0
yf_MKC_d10;56500;INTARIAN_PEPPER_ROOT;12729;16;12727;22;;;12735;14;12738;17;;;12732.0;0.0
yf_MKC_d10;56600;ASH_COATED_OSMIUM;9934;18;9930;20;;;9940;10;9942;18;;;9937.0;0.0
yf_MKC_d10;56600;INTARIAN_PEPPER_ROOT;12728;11;12726;23;;;12734;15;12738;24;;;12731.0;0.0
yf_MKC_d10;56700;ASH_COATED_OSMIUM;9934;11;9931;14;;;9940;17;9943;14;;;9937.0;0.0
yf_MKC_d10;56700;INTARIAN_PEPPER_ROOT;12725;15;12723;18;;;12731;19;12733;14;;;12728.0;0.0
yf_MKC_d10;56800;ASH_COATED_OSMIUM;9934;14;9930;13;;;9940;8;9943;17;;;9937.0;0.0
yf_MKC_d10;56800;INTARIAN_PEPPER_ROOT;12724;18;12721;15;;;12730;18;12734;16;;;12727.0;0.0
yf_MKC_d10;56900;ASH_COATED_OSMIUM;9934;20;9931;20;;;9940;16;9944;20;;;9937.0;0.0
yf_MKC_d10;56900;INTARIAN_PEPPER_ROOT;12722;10;12718;21;;;12728;11;12731;15;;;12725.0;0.0
yf_MKC_d10;57000;ASH_COATED_OSMIUM;9932;15;9928;21;;;9941;15;9944;14;;;9936.5;0.0
yf_MKC_d10;57000;INTARIAN_PEPPER_ROOT;12719;15;12716;18;;;12725;11;12727;13;;;12722.0;0.0
yf_MKC_d10;57100;ASH_COATED_OSMIUM;9934;15;9932;17;;;9940;23;9944;19;;;9937.0;0.0
yf_MKC_d10;57100;INTARIAN_PEPPER_ROOT;12717;15;12715;25;;;12723;15;12725;19;;;12720.0;0.0
yf_MKC_d10;57200;ASH_COATED_OSMIUM;9934;16;9930;20;;;9940;9;9944;21;;;9937.0;0.0
yf_MKC_d10;57200;INTARIAN_PEPPER_ROOT;12702;12;12699;28;;;12734;14;12738;16;;;12718.0;0.0
yf_MKC_d10;57300;ASH_COATED_OSMIUM;9934;15;9930;16;;;9940;23;9942;20;;;9937.0;0.0
yf_MKC_d10;57300;INTARIAN_PEPPER_ROOT;12713;24;12711;21;;;12719;13;12722;21;;;12716.0;0.0
yf_MKC_d10;57400;ASH_COATED_OSMIUM;9928;14;9926;18;;;9944;12;9947;15;;;9936.0;0.0
yf_MKC_d10;57400;INTARIAN_PEPPER_ROOT;12707;21;12705;23;;;12721;17;12723;17;;;12714.0;0.0
yf_MKC_d10;57500;ASH_COATED_OSMIUM;9926;13;9923;14;;;9947;24;9950;16;;;9936.5;0.0
yf_MKC_d10;57500;INTARIAN_PEPPER_ROOT;12709;17;12706;21;;;12715;12;12717;20;;;12712.0;0.0
yf_MKC_d10;57600;ASH_COATED_OSMIUM;9933;18;9931;23;;;9939;14;9942;15;;;9936.0;0.0
yf_MKC_d10;57600;INTARIAN_PEPPER_ROOT;12701;21;12697;23;;;12720;13;12724;12;;;12710.5;0.0
yf_MKC_d10;57700;ASH_COATED_OSMIUM;9930;15;9926;25;;;9942;9;9944;23;;;9936.0;0.0
yf_MKC_d10;57700;INTARIAN_PEPPER_ROOT;12704;14;12701;13;;;12713;14;12717;16;;;12708.5;0.0
yf_MKC_d10;57800;ASH_COATED_OSMIUM;9932;23;9930;18;;;9941;16;9945;19;;;9936.5;0.0
yf_MKC_d10;57800;INTARIAN_PEPPER_ROOT;12703;9;12700;23;;;12709;20;12712;16;;;12706.0;0.0
yf_MKC_d10;57900;ASH_COATED_OSMIUM;9933;12;9929;25;;;9939;9;9943;20;;;9936.0;0.0
yf_MKC_d10;57900;INTARIAN_PEPPER_ROOT;12701;18;12699;24;;;12707;15;12710;17;;;12704.0;0.0
yf_MKC_d10;58000;ASH_COATED_OSMIUM;9933;10;9930;24;;;9939;10;9941;25;;;9936.0;0.0
yf_MKC_d10;58000;INTARIAN_PEPPER_ROOT;12698;16;12694;21;;;12706;21;12710;23;;;12702.0;0.0
yf_MKC_d10;58100;ASH_COATED_OSMIUM;9926;9;9924;10;;;9945;15;9948;16;;;9935.5;0.0
yf_MKC_d10;58100;INTARIAN_PEPPER_ROOT;12694;15;12690;24;;;12706;22;12709;13;;;12700.0;0.0
yf_MKC_d10;58200;ASH_COATED_OSMIUM;9930;13;9928;25;;;9941;22;9945;26;;;9935.5;0.0
yf_MKC_d10;58200;INTARIAN_PEPPER_ROOT;12695;9;12691;21;;;12701;15;12704;16;;;12698.0;0.0
yf_MKC_d10;58300;ASH_COATED_OSMIUM;9921;21;9919;17;;;9948;22;9952;19;;;9934.5;0.0
