day;timestamp;product;bid_price_1;bid_volume_1;bid_price_2;bid_volume_2;bid_price_3;bid_volume_3;ask_price_1;ask_volume_1;ask_price_2;ask_volume_2;ask_price_3;ask_volume_3;mid_price;profit_and_loss
yf_ZW=F_d7;0;ASH_COATED_OSMIUM;9912;16;9908;10;;;9918;17;9921;24;;;9915.0;0.0
yf_ZW=F_d7;0;INTARIAN_PEPPER_ROOT;12862;8;12860;16;;;12868;14;12870;20;;;12865.0;0.0
yf_ZW=F_d7;100;ASH_COATED_OSMIUM;9913;14;9910;19;;;9919;20;9923;23;;;9916.0;0.0
yf_ZW=F_d7;100;INTARIAN_PEPPER_ROOT;12863;28;12861;22;;;12869;8;12871;18;;;12866.0;0.0
yf_ZW=F_d7;200;ASH_COATED_OSMIUM;9913;18;9911;24;;;9919;11;9923;9;;;9916.0;0.0
yf_ZW=F_d7;200;INTARIAN_PEPPER_ROOT;12863;14;12860;21;;;12872;9;12875;16;;;12867.5;0.0
yf_ZW=F_d7;300;ASH_COATED_OSMIUM;9913;21;9910;19;;;9919;9;9922;20;;;9916.0;0.0
yf_ZW=F_d7;300;INTARIAN_PEPPER_ROOT;12865;12;12862;21;;;12871;14;12874;19;;;12868.0;0.0
yf_ZW=F_d7;400;ASH_COATED_OSMIUM;9913;23;9911;23;;;9919;6;9923;26;;;9916.0;0.0
yf_ZW=F_d7;400;INTARIAN_PEPPER_ROOT;12865;19;12862;20;;;12871;9;12875;25;;;12868.0;0.0
yf_ZW=F_d7;500;ASH_COATED_OSMIUM;9913;18;9910;16;;;9919;22;9922;23;;;9916.0;0.0
yf_ZW=F_d7;500;INTARIAN_PEPPER_ROOT;12863;12;12861;16;;;12875;16;12877;21;;;12869.0;0.0
yf_ZW=F_d7;600;ASH_COATED_OSMIUM;9914;20;9911;18;;;9920;18;9924;10;;;9917.0;0.0
yf_ZW=F_d7;600;INTARIAN_PEPPER_ROOT;12865;16;12862;22;;;12874;14;12877;18;;;12869.5;0.0
yf_ZW=F_d7;700;ASH_COATED_OSMIUM;9913;9;9909;20;;;9919;15;9922;25;;;9916.0;0.0
yf_ZW=F_d7;700;INTARIAN_PEPPER_ROOT;12864;23;12861;29;;;12877;19;12880;25;;;12870.5;0.0
yf_ZW=F_d7;800;ASH_COATED_OSMIUM;9913;18;9909;16;;;9919;22;9921;20;;;9916.0;0.0
yf_ZW=F_d7;800;INTARIAN_PEPPER_ROOT;12868;10;12866;13;;;12875;13;12878;21;;;12871.5;0.0
yf_ZW=F_d7;900;ASH_COATED_OSMIUM;9909;18;9906;18;;;9926;16;9930;23;;;9917.5;0.0
yf_ZW=F_d7;900;INTARIAN_PEPPER_ROOT;12869;17;12867;9;;;12875;15;12877;19;;;12872.0;0.0
yf_ZW=F_d7;1000;ASH_COATED_OSMIUM;9913;15;9909;17;;;9920;13;9922;17;;;9916.5;0.0
yf_ZW=F_d7;1000;INTARIAN_PEPPER_ROOT;12870;19;12866;19;;;12876;22;12878;17;;;12873.0;0.0
yf_ZW=F_d7;1100;ASH_COATED_OSMIUM;9910;14;9908;17;;;9923;17;9927;25;;;9916.5;0.0
yf_ZW=F_d7;1100;INTARIAN_PEPPER_ROOT;12871;12;12867;20;;;12877;16;12880;21;;;12874.0;0.0
yf_ZW=F_d7;1200;ASH_COATED_OSMIUM;9912;15;9908;19;;;9921;17;9924;17;;;9916.5;0.0
yf_ZW=F_d7;1200;INTARIAN_PEPPER_ROOT;12871;19;12869;19;;;12877;9;12880;13;;;12874.0;0.0
yf_ZW=F_d7;1300;ASH_COATED_OSMIUM;9911;15;9908;21;;;9923;10;9925;17;;;9917.0;0.0
yf_ZW=F_d7;1300;INTARIAN_PEPPER_ROOT;12872;18;12868;17;;;12879;8;12881;14;;;12875.5;0.0
yf_ZW=F_d7;1400;ASH_COATED_OSMIUM;9914;13;9912;9;;;9920;12;9922;16;;;9917.0;0.0
yf_ZW=F_d7;1400;INTARIAN_PEPPER_ROOT;12874;16;12870;17;;;12880;9;12882;21;;;12877.0;0.0
yf_ZW=F_d7;1500;ASH_COATED_OSMIUM;9914;8;9910;21;;;9920;10;9922;23;;;9917.0;0.0
yf_ZW=F_d7;1500;INTARIAN_PEPPER_ROOT;12874;17;12872;13;;;12880;16;12884;14;;;12877.0;0.0
yf_ZW=F_d7;1600;ASH_COATED_OSMIUM;9914;9;9912;14;;;9920;13;9924;19;;;9917.0;0.0
yf_ZW=F_d7;1600;INTARIAN_PEPPER_ROOT;12864;14;12860;16;;;12890;11;12892;27;;;12877.0;0.0
yf_ZW=F_d7;1700;ASH_COATED_OSMIUM;9914;10;9910;27;;;9920;25;9923;24;;;9917.0;0.0
yf_ZW=F_d7;1700;INTARIAN_PEPPER_ROOT;12876;13;12874;27;;;12882;18;12885;17;;;12879.0;0.0
yf_ZW=F_d7;1800;ASH_COATED_OSMIUM;9915;17;9913;18;;;9921;20;9924;26;;;9918.0;0.0
yf_ZW=F_d7;1800;INTARIAN_PEPPER_ROOT;12869;18;12866;22;;;12891;17;12895;19;;;12880.0;0.0
yf_ZW=F_d7;1900;ASH_COATED_OSMIUM;9915;16;9913;21;;;9921;7;9925;16;;;9918.0;0.0
yf_ZW=F_d7;1900;INTARIAN_PEPPER_ROOT;12873;19;12871;16;;;12887;14;12891;17;;;12880.0;0.0
yf_ZW=F_d7;2000;ASH_COATED_OSMIUM;9915;12;9911;24;;;9921;17;9924;26;;;9918.0;0.0
yf_ZW=F_d7;2000;INTARIAN_PEPPER_ROOT;12878;7;12875;20;;;12884;5;12888;18;;;12881.0;0.0
yf_ZW=F_d7;2100;ASH_COATED_OSMIUM;9915;16;9912;17;;;9921;22;9923;14;;;9918.0;0.0
yf_ZW=F_d7;2100;INTARIAN_PEPPER_ROOT;12879;11;12877;17;;;12885;7;12889;24;;;12882.0;0.0
yf_ZW=F_d7;2200;ASH_COATED_OSMIUM;9914;5;9911;16;;;9921;15;9923;18;;;9917.5;0.0
yf_ZW=F_d7;2200;INTARIAN_PEPPER_ROOT;12877;16;12874;25;;;12888;24;12891;10;;;12882.5;0.0
yf_ZW=F_d7;2300;ASH_COATED_OSMIUM;9911;21;9908;17;;;9924;10;9927;30;;;9917.5;0.0
yf_ZW=F_d7;2300;INTARIAN_PEPPER_ROOT;12877;18;12873;11;;;12889;9;12892;20;;;12883.0;0.0
yf_ZW=F_d7;2400;ASH_COATED_OSMIUM;9909;23;9906;22;;;9926;21;9929;18;;;9917.5;0.0
yf_ZW=F_d7;2400;INTARIAN_PEPPER_ROOT;12881;11;12877;12;;;12887;23;12891;26;;;12884.0;0.0
yf_ZW=F_d7;2500;ASH_COATED_OSMIUM;9915;17;9912;21;;;9921;16;9925;19;;;9918.0;0.0
yf_ZW=F_d7;2500;INTARIAN_PEPPER_ROOT;12882;16;12879;22;;;12889;12;12893;26;;;12885.5;0.0
yf_ZW=F_d7;2600;ASH_COATED_OSMIUM;9911;13;9909;23;;;9926;14;9930;24;;;9918.5;0.0
yf_ZW=F_d7;2600;INTARIAN_PEPPER_ROOT;12883;18;12879;18;;;12889;12;12892;16;;;12886.0;0.0
yf_ZW=F_d7;2700;ASH_COATED_OSMIUM;9908;12;9906;21;;;9929;14;9931;24;;;9918.5;0.0
yf_ZW=F_d7;2700;INTARIAN_PEPPER_ROOT;12883;16;12880;23;;;12889;5;12893;20;;;12886.0;0.0
yf_ZW=F_d7;2800;ASH_COATED_OSMIUM;9912;15;9908;17;;;9925;13;9928;22;;;9918.5;0.0
yf_ZW=F_d7;2800;INTARIAN_PEPPER_ROOT;12883;17;12879;17;;;12892;11;12895;24;;;12887.5;0.0
yf_ZW=F_d7;2900;ASH_COATED_OSMIUM;9914;18;9910;25;;;9924;14;9927;13;;;9919.0;0.0
yf_ZW=F_d7;2900;INTARIAN_PEPPER_ROOT;12885;20;12881;15;;;12891;15;12895;20;;;12888.0;0.0
yf_ZW=F_d7;3000;ASH_COATED_OSMIUM;9916;22;9912;12;;;9922;13;9924;17;;;9919.0;0.0
yf_ZW=F_d7;3000;INTARIAN_PEPPER_ROOT;12886;9;12884;21;;;12892;10;12894;11;;;12889.0;0.0
yf_ZW=F_d7;3100;ASH_COATED_OSMIUM;9915;15;9912;28;;;9922;13;9926;23;;;9918.5;0.0
yf_ZW=F_d7;3100;INTARIAN_PEPPER_ROOT;12882;15;12879;19;;;12896;14;12900;28;;;12889.0;0.0
yf_ZW=F_d7;3200;ASH_COATED_OSMIUM;9916;19;9913;25;;;9922;13;9926;23;;;9919.0;0.0
yf_ZW=F_d7;3200;INTARIAN_PEPPER_ROOT;12888;10;12886;24;;;12894;5;12898;28;;;12891.0;0.0
yf_ZW=F_d7;3300;ASH_COATED_OSMIUM;9907;16;9904;20;;;9931;12;9935;23;;;9919.0;0.0
yf_ZW=F_d7;3300;INTARIAN_PEPPER_ROOT;12880;8;12878;25;;;12902;12;12905;20;;;12891.0;0.0
yf_ZW=F_d7;3400;ASH_COATED_OSMIUM;9916;15;9912;12;;;9922;13;9925;18;;;9919.0;0.0
yf_ZW=F_d7;3400;INTARIAN_PEPPER_ROOT;12879;12;12875;9;;;12905;14;12909;19;;;12892.0;0.0
yf_ZW=F_d7;3500;ASH_COATED_OSMIUM;9916;24;9912;14;;;9922;13;9925;22;;;9919.0;0.0
yf_ZW=F_d7;3500;INTARIAN_PEPPER_ROOT;12890;19;12886;16;;;12896;9;12898;15;;;12893.0;0.0
yf_ZW=F_d7;3600;ASH_COATED_OSMIUM;9907;19;9903;23;;;9932;22;9934;21;;;9919.5;0.0
yf_ZW=F_d7;3600;INTARIAN_PEPPER_ROOT;12887;27;12885;12;;;12900;7;12903;22;;;12893.5;0.0
yf_ZW=F_d7;3700;ASH_COATED_OSMIUM;9916;20;9913;15;;;9922;9;9926;23;;;9919.0;0.0
yf_ZW=F_d7;3700;INTARIAN_PEPPER_ROOT;12891;21;12887;21;;;12897;5;12899;19;;;12894.0;0.0
yf_ZW=F_d7;3800;ASH_COATED_OSMIUM;9916;5;9914;25;;;9922;15;9926;18;;;9919.0;0.0
yf_ZW=F_d7;3800;INTARIAN_PEPPER_ROOT;12892;23;12888;17;;;12898;14;12900;16;;;12895.0;0.0
yf_ZW=F_d7;3900;ASH_COATED_OSMIUM;9911;11;9908;24;;;9929;14;9933;22;;;9920.0;0.0
yf_ZW=F_d7;3900;INTARIAN_PEPPER_ROOT;12894;19;12892;19;;;12900;20;12902;21;;;12897.0;0.0
yf_ZW=F_d7;4000;ASH_COATED_OSMIUM;9917;10;9913;17;;;9923;10;9926;18;;;9920.0;0.0
yf_ZW=F_d7;4000;INTARIAN_PEPPER_ROOT;12893;21;12891;25;;;12902;29;12905;23;;;12897.5;0.0
yf_ZW=F_d7;4100;ASH_COATED_OSMIUM;9917;11;9915;22;;;9923;15;9927;24;;;9920.0;0.0
yf_ZW=F_d7;4100;INTARIAN_PEPPER_ROOT;12895;10;12891;17;;;12901;13;12904;20;;;12898.0;0.0
yf_ZW=F_d7;4200;ASH_COATED_OSMIUM;9917;19;9914;18;;;9923;13;9925;22;;;9920.0;0.0
yf_ZW=F_d7;4200;INTARIAN_PEPPER_ROOT;12891;16;12889;22;;;12905;10;12909;25;;;12898.0;0.0
yf_ZW=F_d7;4300;ASH_COATED_OSMIUM;9917;13;9915;25;;;9923;12;9925;18;;;9920.0;0.0
yf_ZW=F_d7;4300;INTARIAN_PEPPER_ROOT;12896;5;12892;19;;;12902;17;12904;23;;;12899.0;0.0
yf_ZW=F_d7;4400;ASH_COATED_OSMIUM;9915;14;9911;22;;;9925;9;9929;14;;;9920.0;0.0
yf_ZW=F_d7;4400;INTARIAN_PEPPER_ROOT;12895;16;12892;21;;;12905;12;12909;17;;;12900.0;0.0
yf_ZW=F_d7;4500;ASH_COATED_OSMIUM;9917;15;9914;24;;;9923;18;9925;22;;;9920.0;0.0
yf_ZW=F_d7;4500;INTARIAN_PEPPER_ROOT;12898;16;12894;22;;;12904;15;12906;15;;;12901.0;0.0
yf_ZW=F_d7;4600;ASH_COATED_OSMIUM;9901;13;9899;23;;;9941;7;9945;19;;;9921.0;0.0
yf_ZW=F_d7;4600;INTARIAN_PEPPER_ROOT;12899;21;12896;22;;;12905;13;12909;21;;;12902.0;0.0
yf_ZW=F_d7;4700;ASH_COATED_OSMIUM;9916;10;9913;10;;;9923;9;9926;21;;;9919.5;0.0
yf_ZW=F_d7;4700;INTARIAN_PEPPER_ROOT;12899;10;12896;24;;;12906;23;12909;26;;;12902.5;0.0
yf_ZW=F_d7;4800;ASH_COATED_OSMIUM;9917;22;9913;15;;;9923;15;9926;10;;;9920.0;0.0
yf_ZW=F_d7;4800;INTARIAN_PEPPER_ROOT;12899;15;12897;18;;;12908;19;12910;18;;;12903.5;0.0
yf_ZW=F_d7;4900;ASH_COATED_OSMIUM;9917;13;9915;21;;;9923;12;9925;15;;;9920.0;0.0
yf_ZW=F_d7;4900;INTARIAN_PEPPER_ROOT;12901;17;12897;23;;;12907;19;12909;18;;;12904.0;0.0
yf_ZW=F_d7;5000;ASH_COATED_OSMIUM;9917;26;9915;22;;;9925;19;9927;13;;;9921.0;0.0
yf_ZW=F_d7;5000;INTARIAN_PEPPER_ROOT;12900;11;12896;17;;;12910;18;12913;20;;;12905.0;0.0
yf_ZW=F_d7;5100;ASH_COATED_OSMIUM;9913;9;9910;26;;;9928;17;9932;26;;;9920.5;0.0
yf_ZW=F_d7;5100;INTARIAN_PEPPER_ROOT;12903;19;12901;21;;;12909;19;12912;19;;;12906.0;0.0
yf_ZW=F_d7;5200;ASH_COATED_OSMIUM;9918;13;9914;17;;;9924;8;9928;16;;;9921.0;0.0
yf_ZW=F_d7;5200;INTARIAN_PEPPER_ROOT;12904;6;12900;28;;;12910;15;12913;17;;;12907.0;0.0
yf_ZW=F_d7;5300;ASH_COATED_OSMIUM;9918;26;9915;18;;;9924;18;9927;20;;;9921.0;0.0
yf_ZW=F_d7;5300;INTARIAN_PEPPER_ROOT;12900;8;12898;26;;;12914;15;12918;16;;;12907.0;0.0
yf_ZW=F_d7;5400;ASH_COATED_OSMIUM;9917;13;9914;24;;;9925;10;9929;19;;;9921.0;0.0
yf_ZW=F_d7;5400;INTARIAN_PEPPER_ROOT;12905;5;12903;15;;;12911;13;12914;15;;;12908.0;0.0
yf_ZW=F_d7;5500;ASH_COATED_OSMIUM;9891;12;9888;15;;;9952;16;9955;18;;;9921.5;0.0
yf_ZW=F_d7;5500;INTARIAN_PEPPER_ROOT;12905;14;12903;17;;;12915;20;12918;18;;;12910.0;0.0
yf_ZW=F_d7;5600;ASH_COATED_OSMIUM;9918;15;9915;20;;;9924;5;9927;23;;;9921.0;0.0
yf_ZW=F_d7;5600;INTARIAN_PEPPER_ROOT;12896;11;12893;20;;;12923;19;12927;11;;;12909.5;0.0
yf_ZW=F_d7;5700;ASH_COATED_OSMIUM;9918;22;9916;22;;;9924;13;9928;16;;;9921.0;0.0
yf_ZW=F_d7;5700;INTARIAN_PEPPER_ROOT;12907;23;12905;19;;;12913;14;12915;12;;;12910.0;0.0
yf_ZW=F_d7;5800;ASH_COATED_OSMIUM;9918;22;9916;20;;;9924;10;9928;13;;;9921.0;0.0
yf_ZW=F_d7;5800;INTARIAN_PEPPER_ROOT;12908;13;12904;18;;;12914;13;12918;17;;;12911.0;0.0
yf_ZW=F_d7;5900;ASH_COATED_OSMIUM;9918;9;9915;33;;;9925;16;9929;15;;;9921.5;0.0
yf_ZW=F_d7;5900;INTARIAN_PEPPER_ROOT;12908;13;12905;20;;;12915;10;12919;12;;;12911.5;0.0
yf_ZW=F_d7;6000;ASH_COATED_OSMIUM;9916;6;9914;10;;;9927;13;9929;17;;;9921.5;0.0
yf_ZW=F_d7;6000;INTARIAN_PEPPER_ROOT;12910;11;12907;24;;;12916;7;12919;14;;;12913.0;0.0
yf_ZW=F_d7;6100;ASH_COATED_OSMIUM;9918;12;9915;21;;;9924;7;9927;20;;;9921.0;0.0
yf_ZW=F_d7;6100;INTARIAN_PEPPER_ROOT;12911;7;12909;23;;;12917;7;12920;13;;;12914.0;0.0
yf_ZW=F_d7;6200;ASH_COATED_OSMIUM;9911;15;9907;10;;;9933;23;9937;10;;;9922.0;0.0
yf_ZW=F_d7;6200;INTARIAN_PEPPER_ROOT;12912;5;12909;20;;;12918;23;12920;20;;;12915.0;0.0
yf_ZW=F_d7;6300;ASH_COATED_OSMIUM;9920;18;9917;18;;;9926;12;9930;27;;;9923.0;0.0
yf_ZW=F_d7;6300;INTARIAN_PEPPER_ROOT;12912;23;12909;24;;;12918;5;12922;15;;;12915.0;0.0
yf_ZW=F_d7;6400;ASH_COATED_OSMIUM;9919;12;9916;26;;;9925;15;9928;23;;;9922.0;0.0
yf_ZW=F_d7;6400;INTARIAN_PEPPER_ROOT;12910;10;12907;14;;;12923;13;12925;13;;;12916.5;0.0
yf_ZW=F_d7;6500;ASH_COATED_OSMIUM;9919;15;9916;11;;;9925;8;9927;20;;;9922.0;0.0
yf_ZW=F_d7;6500;INTARIAN_PEPPER_ROOT;12913;20;12910;22;;;12921;21;12924;14;;;12917.0;0.0
yf_ZW=F_d7;6600;ASH_COATED_OSMIUM;9916;13;9914;23;;;9929;8;9933;13;;;9922.5;0.0
yf_ZW=F_d7;6600;INTARIAN_PEPPER_ROOT;12915;18;12913;23;;;12921;17;12924;21;;;12918.0;0.0
yf_ZW=F_d7;6700;ASH_COATED_OSMIUM;9918;14;9915;24;;;9926;15;9930;13;;;9922.0;0.0
yf_ZW=F_d7;6700;INTARIAN_PEPPER_ROOT;12916;21;12913;16;;;12922;10;12925;23;;;12919.0;0.0
yf_ZW=F_d7;6800;ASH_COATED_OSMIUM;9920;18;9916;20;;;9926;10;9929;23;;;9923.0;0.0
yf_ZW=F_d7;6800;INTARIAN_PEPPER_ROOT;12910;10;12907;23;;;12930;22;12933;9;;;12920.0;0.0
yf_ZW=F_d7;6900;ASH_COATED_OSMIUM;9918;15;9915;13;;;9928;15;9930;25;;;9923.0;0.0
yf_ZW=F_d7;6900;INTARIAN_PEPPER_ROOT;12910;15;12906;16;;;12929;24;12931;16;;;12919.5;0.0
yf_ZW=F_d7;7000;ASH_COATED_OSMIUM;9916;14;9914;17;;;9929;17;9933;14;;;9922.5;0.0
yf_ZW=F_d7;7000;INTARIAN_PEPPER_ROOT;12912;14;12909;13;;;12931;21;12935;21;;;12921.5;0.0
yf_ZW=F_d7;7100;ASH_COATED_OSMIUM;9916;11;9912;13;;;9931;14;9933;18;;;9923.5;0.0
yf_ZW=F_d7;7100;INTARIAN_PEPPER_ROOT;12915;8;12913;12;;;12929;9;12931;23;;;12922.0;0.0
yf_ZW=F_d7;7200;ASH_COATED_OSMIUM;9920;18;9916;17;;;9926;14;9928;26;;;9923.0;0.0
yf_ZW=F_d7;7200;INTARIAN_PEPPER_ROOT;12920;5;12917;19;;;12926;11;12928;22;;;12923.0;0.0
yf_ZW=F_d7;7300;ASH_COATED_OSMIUM;9920;12;9916;13;;;9926;9;9930;10;;;9923.0;0.0
yf_ZW=F_d7;7300;INTARIAN_PEPPER_ROOT;12920;10;12916;13;;;12926;12;12929;15;;;12923.0;0.0
yf_ZW=F_d7;7400;ASH_COATED_OSMIUM;9920;17;9918;24;;;9926;13;9928;20;;;9923.0;0.0
yf_ZW=F_d7;7400;INTARIAN_PEPPER_ROOT;12921;16;12918;24;;;12927;11;12930;12;;;12924.0;0.0
yf_ZW=F_d7;7500;ASH_COATED_OSMIUM;9920;13;9916;17;;;9926;14;9928;24;;;9923.0;0.0
yf_ZW=F_d7;7500;INTARIAN_PEPPER_ROOT;12920;14;12917;21;;;12930;24;12933;16;;;12925.0;0.0
yf_ZW=F_d7;7600;ASH_COATED_OSMIUM;9920;15;9916;17;;;9926;19;9930;21;;;9923.0;0.0
yf_ZW=F_d7;7600;INTARIAN_PEPPER_ROOT;12922;16;12918;25;;;12929;17;12933;21;;;12925.5;0.0
yf_ZW=F_d7;7700;ASH_COATED_OSMIUM;9920;14;9918;20;;;9926;9;9928;20;;;9923.0;0.0
yf_ZW=F_d7;7700;INTARIAN_PEPPER_ROOT;12921;13;12917;10;;;12930;8;12932;32;;;12925.5;0.0
yf_ZW=F_d7;7800;ASH_COATED_OSMIUM;9917;8;9913;21;;;9930;16;9934;20;;;9923.5;0.0
yf_ZW=F_d7;7800;INTARIAN_PEPPER_ROOT;12924;18;12922;16;;;12930;11;12934;15;;;12927.0;0.0
yf_ZW=F_d7;7900;ASH_COATED_OSMIUM;9921;6;9917;25;;;9927;10;9929;24;;;9924.0;0.0
yf_ZW=F_d7;7900;INTARIAN_PEPPER_ROOT;12925;22;12921;22;;;12931;14;12933;22;;;12928.0;0.0
yf_ZW=F_d7;8000;ASH_COATED_OSMIUM;9921;16;9917;16;;;9927;9;9930;17;;;9924.0;0.0
yf_ZW=F_d7;8000;INTARIAN_PEPPER_ROOT;12926;15;12923;22;;;12932;11;12936;21;;;12929.0;0.0
yf_ZW=F_d7;8100;ASH_COATED_OSMIUM;9920;12;9918;24;;;9926;12;9929;17;;;9923.0;0.0
yf_ZW=F_d7;8100;INTARIAN_PEPPER_ROOT;12926;7;12923;20;;;12933;17;12936;23;;;12929.5;0.0
yf_ZW=F_d7;8200;ASH_COATED_OSMIUM;9921;21;9917;17;;;9927;18;9930;30;;;9924.0;0.0
yf_ZW=F_d7;8200;INTARIAN_PEPPER_ROOT;12925;17;12921;18;;;12935;10;12939;22;;;12930.0;0.0
yf_ZW=F_d7;8300;ASH_COATED_OSMIUM;9921;16;9917;18;;;9927;18;9931;19;;;9924.0;0.0
yf_ZW=F_d7;8300;INTARIAN_PEPPER_ROOT;12927;16;12923;20;;;12933;6;12937;21;;;12930.0;0.0
yf_ZW=F_d7;8400;ASH_COATED_OSMIUM;9921;17;9918;24;;;9927;16;9929;22;;;9924.0;0.0
yf_ZW=F_d7;8400;INTARIAN_PEPPER_ROOT;12929;17;12927;28;;;12935;13;12939;13;;;12932.0;0.0
yf_ZW=F_d7;8500;ASH_COATED_OSMIUM;9921;17;9919;20;;;9927;16;9930;25;;;9924.0;0.0
yf_ZW=F_d7;8500;INTARIAN_PEPPER_ROOT;12929;17;12925;10;;;12935;23;12939;22;;;12932.0;0.0
yf_ZW=F_d7;8600;ASH_COATED_OSMIUM;9921;17;9917;14;;;9927;14;9931;13;;;9924.0;0.0
yf_ZW=F_d7;8600;INTARIAN_PEPPER_ROOT;12928;15;12926;19;;;12939;20;12941;20;;;12933.5;0.0
yf_ZW=F_d7;8700;ASH_COATED_OSMIUM;9921;19;9918;23;;;9927;8;9931;18;;;9924.0;0.0
yf_ZW=F_d7;8700;INTARIAN_PEPPER_ROOT;12931;22;12929;25;;;12938;15;12941;21;;;12934.5;0.0
yf_ZW=F_d7;8800;ASH_COATED_OSMIUM;9921;15;9919;17;;;9927;21;9930;25;;;9924.0;0.0
yf_ZW=F_d7;8800;INTARIAN_PEPPER_ROOT;12932;15;12930;22;;;12938;17;12940;20;;;12935.0;0.0
yf_ZW=F_d7;8900;ASH_COATED_OSMIUM;9921;9;9917;22;;;9928;11;9932;21;;;9924.5;0.0
yf_ZW=F_d7;8900;INTARIAN_PEPPER_ROOT;12933;24;12930;23;;;12939;19;12942;22;;;12936.0;0.0
yf_ZW=F_d7;9000;ASH_COATED_OSMIUM;9922;5;9920;14;;;9928;9;9930;22;;;9925.0;0.0
yf_ZW=F_d7;9000;INTARIAN_PEPPER_ROOT;12934;16;12930;27;;;12940;11;12943;18;;;12937.0;0.0
yf_ZW=F_d7;9100;ASH_COATED_OSMIUM;9922;17;9918;12;;;9928;15;9931;23;;;9925.0;0.0
yf_ZW=F_d7;9100;INTARIAN_PEPPER_ROOT;12934;18;12930;17;;;12942;12;12945;17;;;12938.0;0.0
yf_ZW=F_d7;9200;ASH_COATED_OSMIUM;9920;12;9916;20;;;9929;15;9932;21;;;9924.5;0.0
yf_ZW=F_d7;9200;INTARIAN_PEPPER_ROOT;12935;16;12933;8;;;12941;22;12943;10;;;12938.0;0.0
yf_ZW=F_d7;9300;ASH_COATED_OSMIUM;9922;14;9918;23;;;9928;21;9932;22;;;9925.0;0.0
yf_ZW=F_d7;9300;INTARIAN_PEPPER_ROOT;12935;13;12933;20;;;12943;16;12945;24;;;12939.0;0.0
yf_ZW=F_d7;9400;ASH_COATED_OSMIUM;9922;14;9919;20;;;9928;23;9930;13;;;9925.0;0.0
yf_ZW=F_d7;9400;INTARIAN_PEPPER_ROOT;12937;12;12934;13;;;12943;14;12945;16;;;12940.0;0.0
yf_ZW=F_d7;9500;ASH_COATED_OSMIUM;9922;10;9918;12;;;9928;17;9932;18;;;9925.0;0.0
yf_ZW=F_d7;9500;INTARIAN_PEPPER_ROOT;12934;12;12930;18;;;12946;10;12950;21;;;12940.0;0.0
yf_ZW=F_d7;9600;ASH_COATED_OSMIUM;9922;19;9919;18;;;9928;10;9932;27;;;9925.0;0.0
yf_ZW=F_d7;9600;INTARIAN_PEPPER_ROOT;12937;20;12934;25;;;12947;18;12949;20;;;12942.0;0.0
yf_ZW=F_d7;9700;ASH_COATED_OSMIUM;9922;6;9918;19;;;9929;17;9933;14;;;9925.5;0.0
yf_ZW=F_d7;9700;INTARIAN_PEPPER_ROOT;12939;17;12937;30;;;12947;7;12949;15;;;12943.0;0.0
yf_ZW=F_d7;9800;ASH_COATED_OSMIUM;9921;15;9917;15;;;9929;5;9932;21;;;9925.0;0.0
yf_ZW=F_d7;9800;INTARIAN_PEPPER_ROOT;12940;13;12936;20;;;12946;12;12948;23;;;12943.0;0.0
yf_ZW=F_d7;9900;ASH_COATED_OSMIUM;9923;14;9919;13;;;9929;9;9933;18;;;9926.0;0.0
yf_ZW=F_d7;9900;INTARIAN_PEPPER_ROOT;12939;11;12936;22;;;12947;18;12949;21;;;12943.0;0.0
yf_ZW=F_d7;10000;ASH_COATED_OSMIUM;9917;13;9913;19;;;9934;11;9937;16;;;9925.5;0.0
yf_ZW=F_d7;10000;INTARIAN_PEPPER_ROOT;12942;6;12939;23;;;12948;17;12950;14;;;12945.0;0.0
yf_ZW=F_d7;10100;ASH_COATED_OSMIUM;9923;17;9921;24;;;9930;19;9934;24;;;9926.5;0.0
yf_ZW=F_d7;10100;INTARIAN_PEPPER_ROOT;12942;26;12939;11;;;12948;22;12950;13;;;12945.0;0.0
yf_ZW=F_d7;10200;ASH_COATED_OSMIUM;9923;16;9921;25;;;9929;17;9932;18;;;9926.0;0.0
yf_ZW=F_d7;10200;INTARIAN_PEPPER_ROOT;12933;20;12929;16;;;12959;25;12962;8;;;12946.0;0.0
yf_ZW=F_d7;10300;ASH_COATED_OSMIUM;9908;17;9904;18;;;9944;18;9947;15;;;9926.0;0.0
yf_ZW=F_d7;10300;INTARIAN_PEPPER_ROOT;12943;15;12941;16;;;12951;15;12954;23;;;12947.0;0.0
yf_ZW=F_d7;10400;ASH_COATED_OSMIUM;9923;13;9919;17;;;9929;12;9933;21;;;9926.0;0.0
yf_ZW=F_d7;10400;INTARIAN_PEPPER_ROOT;12942;18;12940;17;;;12954;15;12957;20;;;12948.0;0.0
yf_ZW=F_d7;10500;ASH_COATED_OSMIUM;9923;12;9920;25;;;9929;7;9933;23;;;9926.0;0.0
yf_ZW=F_d7;10500;INTARIAN_PEPPER_ROOT;12946;14;12943;23;;;12952;23;12956;15;;;12949.0;0.0
yf_ZW=F_d7;10600;ASH_COATED_OSMIUM;9921;9;9918;14;;;9931;18;9934;12;;;9926.0;0.0
yf_ZW=F_d7;10600;INTARIAN_PEPPER_ROOT;12946;10;12943;14;;;12952;17;12955;22;;;12949.0;0.0
yf_ZW=F_d7;10700;ASH_COATED_OSMIUM;9923;9;9920;17;;;9929;12;9932;28;;;9926.0;0.0
yf_ZW=F_d7;10700;INTARIAN_PEPPER_ROOT;12940;13;12936;18;;;12960;21;12962;25;;;12950.0;0.0
yf_ZW=F_d7;10800;ASH_COATED_OSMIUM;9915;14;9912;13;;;9937;16;9939;16;;;9926.0;0.0
yf_ZW=F_d7;10800;INTARIAN_PEPPER_ROOT;12948;8;12945;32;;;12954;21;12957;19;;;12951.0;0.0
yf_ZW=F_d7;10900;ASH_COATED_OSMIUM;9923;22;9919;21;;;9929;11;9931;22;;;9926.0;0.0
yf_ZW=F_d7;10900;INTARIAN_PEPPER_ROOT;12948;18;12944;20;;;12955;22;12959;25;;;12951.5;0.0
yf_ZW=F_d7;11000;ASH_COATED_OSMIUM;9921;14;9918;22;;;9932;17;9936;13;;;9926.5;0.0
yf_ZW=F_d7;11000;INTARIAN_PEPPER_ROOT;12949;17;12945;24;;;12955;20;12959;10;;;12952.0;0.0
yf_ZW=F_d7;11100;ASH_COATED_OSMIUM;9924;7;9921;25;;;9930;18;9933;27;;;9927.0;0.0
yf_ZW=F_d7;11100;INTARIAN_PEPPER_ROOT;12950;22;12948;20;;;12956;10;12958;12;;;12953.0;0.0
yf_ZW=F_d7;11200;ASH_COATED_OSMIUM;9924;13;9922;13;;;9930;18;9933;28;;;9927.0;0.0
yf_ZW=F_d7;11200;INTARIAN_PEPPER_ROOT;12948;8;12944;18;;;12961;26;12965;28;;;12954.5;0.0
yf_ZW=F_d7;11300;ASH_COATED_OSMIUM;9919;16;9915;21;;;9935;19;9939;17;;;9927.0;0.0
yf_ZW=F_d7;11300;INTARIAN_PEPPER_ROOT;12952;21;12950;19;;;12958;17;12962;19;;;12955.0;0.0
yf_ZW=F_d7;11400;ASH_COATED_OSMIUM;9924;13;9922;20;;;9930;16;9934;23;;;9927.0;0.0
yf_ZW=F_d7;11400;INTARIAN_PEPPER_ROOT;12947;19;12944;25;;;12966;28;12968;29;;;12956.5;0.0
yf_ZW=F_d7;11500;ASH_COATED_OSMIUM;9925;17;9921;22;;;9931;9;9933;20;;;9928.0;0.0
yf_ZW=F_d7;11500;INTARIAN_PEPPER_ROOT;12950;29;12948;25;;;12963;12;12965;13;;;12956.5;0.0
yf_ZW=F_d7;11600;ASH_COATED_OSMIUM;9911;10;9907;17;;;9944;16;9947;14;;;9927.5;0.0
yf_ZW=F_d7;11600;INTARIAN_PEPPER_ROOT;12954;22;12950;15;;;12960;18;12964;18;;;12957.0;0.0
yf_ZW=F_d7;11700;ASH_COATED_OSMIUM;9923;9;9919;13;;;9932;13;9934;16;;;9927.5;0.0
yf_ZW=F_d7;11700;INTARIAN_PEPPER_ROOT;12955;12;12953;14;;;12961;14;12965;25;;;12958.0;0.0
yf_ZW=F_d7;11800;ASH_COATED_OSMIUM;9924;15;9921;20;;;9930;5;9932;17;;;9927.0;0.0
yf_ZW=F_d7;11800;INTARIAN_PEPPER_ROOT;12956;10;12953;23;;;12962;10;12965;17;;;12959.0;0.0
yf_ZW=F_d7;11900;ASH_COATED_OSMIUM;9925;15;9921;12;;;9931;19;9935;26;;;9928.0;0.0
yf_ZW=F_d7;11900;INTARIAN_PEPPER_ROOT;12957;12;12955;19;;;12963;8;12966;25;;;12960.0;0.0
yf_ZW=F_d7;12000;ASH_COATED_OSMIUM;9924;18;9921;22;;;9930;8;9933;11;;;9927.0;0.0
yf_ZW=F_d7;12000;INTARIAN_PEPPER_ROOT;12957;14;12954;18;;;12964;20;12966;22;;;12960.5;0.0
yf_ZW=F_d7;12100;ASH_COATED_OSMIUM;9924;18;9921;22;;;9932;16;9936;20;;;9928.0;0.0
yf_ZW=F_d7;12100;INTARIAN_PEPPER_ROOT;12958;6;12955;14;;;12964;13;12968;25;;;12961.0;0.0
yf_ZW=F_d7;12200;ASH_COATED_OSMIUM;9922;14;9920;29;;;9933;20;9935;16;;;9927.5;0.0
yf_ZW=F_d7;12200;INTARIAN_PEPPER_ROOT;12959;6;12955;18;;;12965;16;12968;21;;;12962.0;0.0
yf_ZW=F_d7;12300;ASH_COATED_OSMIUM;9921;9;9918;23;;;9935;17;9938;16;;;9928.0;0.0
yf_ZW=F_d7;12300;INTARIAN_PEPPER_ROOT;12960;11;12957;14;;;12966;25;12969;17;;;12963.0;0.0
yf_ZW=F_d7;12400;ASH_COATED_OSMIUM;9925;17;9923;15;;;9931;9;9935;21;;;9928.0;0.0
yf_ZW=F_d7;12400;INTARIAN_PEPPER_ROOT;12951;23;12949;22;;;12977;10;12980;10;;;12964.0;0.0
yf_ZW=F_d7;12500;ASH_COATED_OSMIUM;9925;6;9921;27;;;9931;15;9934;15;;;9928.0;0.0
yf_ZW=F_d7;12500;INTARIAN_PEPPER_ROOT;12957;16;12955;24;;;12972;11;12974;16;;;12964.5;0.0
yf_ZW=F_d7;12600;ASH_COATED_OSMIUM;9925;9;9921;18;;;9931;11;9934;21;;;9928.0;0.0
yf_ZW=F_d7;12600;INTARIAN_PEPPER_ROOT;12963;16;12961;20;;;12969;13;12973;23;;;12966.0;0.0
yf_ZW=F_d7;12700;ASH_COATED_OSMIUM;9925;14;9921;24;;;9931;15;9934;19;;;9928.0;0.0
yf_ZW=F_d7;12700;INTARIAN_PEPPER_ROOT;12963;14;12961;16;;;12969;14;12972;16;;;12966.0;0.0
yf_ZW=F_d7;12800;ASH_COATED_OSMIUM;9924;17;9920;19;;;9933;15;9936;16;;;9928.5;0.0
yf_ZW=F_d7;12800;INTARIAN_PEPPER_ROOT;12963;14;12960;19;;;12971;23;12975;8;;;12967.0;0.0
yf_ZW=F_d7;12900;ASH_COATED_OSMIUM;9925;21;9922;18;;;9931;6;9934;17;;;9928.0;0.0
yf_ZW=F_d7;12900;INTARIAN_PEPPER_ROOT;12964;15;12960;15;;;12971;22;12975;19;;;12967.5;0.0
yf_ZW=F_d7;13000;ASH_COATED_OSMIUM;9925;14;9922;24;;;9931;10;9934;17;;;9928.0;0.0
yf_ZW=F_d7;13000;INTARIAN_PEPPER_ROOT;12965;15;12963;27;;;12971;11;12973;24;;;12968.0;0.0
yf_ZW=F_d7;13100;ASH_COATED_OSMIUM;9921;18;9919;19;;;9937;8;9940;20;;;9929.0;0.0
yf_ZW=F_d7;13100;INTARIAN_PEPPER_ROOT;12965;18;12961;14;;;12975;16;12977;21;;;12970.0;0.0
yf_ZW=F_d7;13200;ASH_COATED_OSMIUM;9916;9;9912;23;;;9941;12;9944;21;;;9928.5;0.0
yf_ZW=F_d7;13200;INTARIAN_PEPPER_ROOT;12967;15;12964;23;;;12973;22;12977;20;;;12970.0;0.0
yf_ZW=F_d7;13300;ASH_COATED_OSMIUM;9926;14;9924;16;;;9932;17;9936;18;;;9929.0;0.0
yf_ZW=F_d7;13300;INTARIAN_PEPPER_ROOT;12965;20;12963;24;;;12976;19;12978;25;;;12970.5;0.0
yf_ZW=F_d7;13400;ASH_COATED_OSMIUM;9926;17;9923;8;;;9932;14;9936;18;;;9929.0;0.0
yf_ZW=F_d7;13400;INTARIAN_PEPPER_ROOT;12969;21;12966;16;;;12975;16;12979;21;;;12972.0;0.0
yf_ZW=F_d7;13500;ASH_COATED_OSMIUM;9915;13;9912;21;;;9943;6;9945;20;;;9929.0;0.0
yf_ZW=F_d7;13500;INTARIAN_PEPPER_ROOT;12969;11;12967;31;;;12975;21;12977;21;;;12972.0;0.0
yf_ZW=F_d7;13600;ASH_COATED_OSMIUM;9920;19;9917;14;;;9937;12;9940;17;;;9928.5;0.0
yf_ZW=F_d7;13600;INTARIAN_PEPPER_ROOT;12970;19;12968;15;;;12976;9;12979;26;;;12973.0;0.0
yf_ZW=F_d7;13700;ASH_COATED_OSMIUM;9926;18;9922;15;;;9933;14;9935;30;;;9929.5;0.0
yf_ZW=F_d7;13700;INTARIAN_PEPPER_ROOT;12966;16;12964;22;;;12981;12;12984;15;;;12973.5;0.0
yf_ZW=F_d7;13800;ASH_COATED_OSMIUM;9927;17;9923;16;;;9933;20;9937;12;;;9930.0;0.0
yf_ZW=F_d7;13800;INTARIAN_PEPPER_ROOT;12972;15;12969;23;;;12978;6;12980;25;;;12975.0;0.0
yf_ZW=F_d7;13900;ASH_COATED_OSMIUM;9925;17;9923;26;;;9933;11;9937;16;;;9929.0;0.0
yf_ZW=F_d7;13900;INTARIAN_PEPPER_ROOT;12971;12;12968;23;;;12979;17;12983;17;;;12975.0;0.0
yf_ZW=F_d7;14000;ASH_COATED_OSMIUM;9926;27;9924;22;;;9932;26;9934;24;;;9929.0;0.0
yf_ZW=F_d7;14000;INTARIAN_PEPPER_ROOT;12973;19;12971;12;;;12979;12;12981;17;;;12976.0;0.0
yf_ZW=F_d7;14100;ASH_COATED_OSMIUM;9924;16;9922;28;;;9934;7;9936;19;;;9929.0;0.0
yf_ZW=F_d7;14100;INTARIAN_PEPPER_ROOT;12971;20;12969;18;;;12983;20;12985;27;;;12977.0;0.0
yf_ZW=F_d7;14200;ASH_COATED_OSMIUM;9927;13;9925;8;;;9933;7;9935;23;;;9930.0;0.0
yf_ZW=F_d7;14200;INTARIAN_PEPPER_ROOT;12975;5;12971;23;;;12981;15;12983;19;;;12978.0;0.0
yf_ZW=F_d7;14300;ASH_COATED_OSMIUM;9923;9;9921;17;;;9937;8;9941;26;;;9930.0;0.0
yf_ZW=F_d7;14300;INTARIAN_PEPPER_ROOT;12974;12;12971;18;;;12984;12;12987;13;;;12979.0;0.0
yf_ZW=F_d7;14400;ASH_COATED_OSMIUM;9927;12;9925;27;;;9933;21;9937;23;;;9930.0;0.0
yf_ZW=F_d7;14400;INTARIAN_PEPPER_ROOT;12977;14;12973;13;;;12983;15;12985;9;;;12980.0;0.0
yf_ZW=F_d7;14500;ASH_COATED_OSMIUM;9920;13;9917;14;;;9940;12;9942;20;;;9930.0;0.0
yf_ZW=F_d7;14500;INTARIAN_PEPPER_ROOT;12978;15;12976;17;;;12984;21;12987;18;;;12981.0;0.0
yf_ZW=F_d7;14600;ASH_COATED_OSMIUM;9927;20;9924;23;;;9933;7;9937;25;;;9930.0;0.0
yf_ZW=F_d7;14600;INTARIAN_PEPPER_ROOT;12978;13;12975;21;;;12984;19;12987;21;;;12981.0;0.0
yf_ZW=F_d7;14700;ASH_COATED_OSMIUM;9927;9;9924;15;;;9934;14;9938;29;;;9930.5;0.0
yf_ZW=F_d7;14700;INTARIAN_PEPPER_ROOT;12979;8;12975;8;;;12985;17;12987;18;;;12982.0;0.0
yf_ZW=F_d7;14800;ASH_COATED_OSMIUM;9928;17;9926;17;;;9934;6;9937;23;;;9931.0;0.0
yf_ZW=F_d7;14800;INTARIAN_PEPPER_ROOT;12980;18;12978;13;;;12986;28;12990;16;;;12983.0;0.0
yf_ZW=F_d7;14900;ASH_COATED_OSMIUM;9927;17;9924;16;;;9933;21;9935;12;;;9930.0;0.0
yf_ZW=F_d7;14900;INTARIAN_PEPPER_ROOT;12981;19;12978;24;;;12987;9;12990;14;;;12984.0;0.0
yf_ZW=F_d7;15000;ASH_COATED_OSMIUM;9927;5;9925;16;;;9935;16;9937;21;;;9931.0;0.0
yf_ZW=F_d7;15000;INTARIAN_PEPPER_ROOT;12982;17;12979;23;;;12988;11;12990;10;;;12985.0;0.0
yf_ZW=F_d7;15100;ASH_COATED_OSMIUM;9927;12;9925;15;;;9933;7;9936;8;;;9930.0;0.0
yf_ZW=F_d7;15100;INTARIAN_PEPPER_ROOT;12982;24;12979;24;;;12988;13;12990;26;;;12985.0;0.0
yf_ZW=F_d7;15200;ASH_COATED_OSMIUM;9921;16;9917;19;;;9939;14;9943;15;;;9930.0;0.0
yf_ZW=F_d7;15200;INTARIAN_PEPPER_ROOT;12980;5;12978;17;;;12992;8;12995;20;;;12986.0;0.0
yf_ZW=F_d7;15300;ASH_COATED_OSMIUM;9924;10;9920;21;;;9937;11;9939;24;;;9930.5;0.0
yf_ZW=F_d7;15300;INTARIAN_PEPPER_ROOT;12981;7;12977;22;;;12992;16;12995;11;;;12986.5;0.0
yf_ZW=F_d7;15400;ASH_COATED_OSMIUM;9928;14;9926;18;;;9934;12;9936;23;;;9931.0;0.0
yf_ZW=F_d7;15400;INTARIAN_PEPPER_ROOT;12979;12;12975;17;;;12996;10;12998;22;;;12987.5;0.0
yf_ZW=F_d7;15500;ASH_COATED_OSMIUM;9928;15;9926;23;;;9934;13;9936;19;;;9931.0;0.0
yf_ZW=F_d7;15500;INTARIAN_PEPPER_ROOT;12980;7;12978;26;;;12995;20;12997;16;;;12987.5;0.0
yf_ZW=F_d7;15600;ASH_COATED_OSMIUM;9928;15;9925;16;;;9934;14;9936;17;;;9931.0;0.0
yf_ZW=F_d7;15600;INTARIAN_PEPPER_ROOT;12977;18;12973;26;;;13002;14;13006;12;;;12989.5;0.0
yf_ZW=F_d7;15700;ASH_COATED_OSMIUM;9928;25;9925;22;;;9934;21;9937;17;;;9931.0;0.0
yf_ZW=F_d7;15700;INTARIAN_PEPPER_ROOT;12987;13;12985;31;;;12993;13;12997;23;;;12990.0;0.0
yf_ZW=F_d7;15800;ASH_COATED_OSMIUM;9929;13;9926;23;;;9935;15;9938;13;;;9932.0;0.0
yf_ZW=F_d7;15800;INTARIAN_PEPPER_ROOT;12988;13;12986;8;;;12994;20;12997;20;;;12991.0;0.0
yf_ZW=F_d7;15900;ASH_COATED_OSMIUM;9926;8;9923;13;;;9936;13;9940;21;;;9931.0;0.0
yf_ZW=F_d7;15900;INTARIAN_PEPPER_ROOT;12989;9;12985;21;;;12995;23;12997;35;;;12992.0;0.0
yf_ZW=F_d7;16000;ASH_COATED_OSMIUM;9929;10;9927;19;;;9935;6;9938;17;;;9932.0;0.0
yf_ZW=F_d7;16000;INTARIAN_PEPPER_ROOT;12982;17;12980;10;;;13003;16;13007;26;;;12992.5;0.0
yf_ZW=F_d7;16100;ASH_COATED_OSMIUM;9929;13;9927;16;;;9935;16;9939;18;;;9932.0;0.0
yf_ZW=F_d7;16100;INTARIAN_PEPPER_ROOT;12990;14;12988;30;;;12996;6;12999;14;;;12993.0;0.0
yf_ZW=F_d7;16200;ASH_COATED_OSMIUM;9929;14;9925;25;;;9935;16;9937;18;;;9932.0;0.0
yf_ZW=F_d7;16200;INTARIAN_PEPPER_ROOT;12991;12;12987;21;;;12997;7;12999;25;;;12994.0;0.0
yf_ZW=F_d7;16300;ASH_COATED_OSMIUM;9929;15;9926;16;;;9935;14;9937;21;;;9932.0;0.0
yf_ZW=F_d7;16300;INTARIAN_PEPPER_ROOT;12992;17;12988;20;;;12998;9;13002;26;;;12995.0;0.0
yf_ZW=F_d7;16400;ASH_COATED_OSMIUM;9914;15;9912;15;;;9950;14;9953;29;;;9932.0;0.0
yf_ZW=F_d7;16400;INTARIAN_PEPPER_ROOT;12992;11;12990;13;;;12998;12;13002;14;;;12995.0;0.0
yf_ZW=F_d7;16500;ASH_COATED_OSMIUM;9929;21;9927;23;;;9935;12;9938;14;;;9932.0;0.0
yf_ZW=F_d7;16500;INTARIAN_PEPPER_ROOT;12994;10;12991;16;;;13000;19;13003;8;;;12997.0;0.0
yf_ZW=F_d7;16600;ASH_COATED_OSMIUM;9929;14;9926;23;;;9935;13;9937;17;;;9932.0;0.0
yf_ZW=F_d7;16600;INTARIAN_PEPPER_ROOT;12993;9;12989;17;;;13002;7;13004;17;;;12997.5;0.0
yf_ZW=F_d7;16700;ASH_COATED_OSMIUM;9929;12;9926;14;;;9935;17;9939;22;;;9932.0;0.0
yf_ZW=F_d7;16700;INTARIAN_PEPPER_ROOT;12995;19;12993;11;;;13001;20;13003;22;;;12998.0;0.0
yf_ZW=F_d7;16800;ASH_COATED_OSMIUM;9929;11;9927;11;;;9935;12;9938;16;;;9932.0;0.0
yf_ZW=F_d7;16800;INTARIAN_PEPPER_ROOT;12993;17;12990;22;;;13006;11;13010;11;;;12999.5;0.0
yf_ZW=F_d7;16900;ASH_COATED_OSMIUM;9930;17;9926;18;;;9936;20;9939;21;;;9933.0;0.0
yf_ZW=F_d7;16900;INTARIAN_PEPPER_ROOT;12996;19;12994;14;;;13004;16;13007;22;;;13000.0;0.0
yf_ZW=F_d7;17000;ASH_COATED_OSMIUM;9929;9;9926;24;;;9935;11;9937;24;;;9932.0;0.0
yf_ZW=F_d7;17000;INTARIAN_PEPPER_ROOT;12968;11;12964;17;;;13031;18;13034;20;;;12999.5;0.0
yf_ZW=F_d7;17100;ASH_COATED_OSMIUM;9930;21;9928;24;;;9936;20;9940;25;;;9933.0;0.0
yf_ZW=F_d7;17100;INTARIAN_PEPPER_ROOT;12986;14;12984;19;;;13007;19;13011;17;;;12996.5;0.0
yf_ZW=F_d7;17200;ASH_COATED_OSMIUM;9929;12;9927;20;;;9935;11;9937;25;;;9932.0;0.0
yf_ZW=F_d7;17200;INTARIAN_PEPPER_ROOT;12991;20;12987;27;;;12997;8;13001;25;;;12994.0;0.0
yf_ZW=F_d7;17300;ASH_COATED_OSMIUM;9929;8;9925;29;;;9935;7;9937;13;;;9932.0;0.0
yf_ZW=F_d7;17300;INTARIAN_PEPPER_ROOT;12988;17;12985;20;;;12996;14;13000;14;;;12992.0;0.0
yf_ZW=F_d7;17400;ASH_COATED_OSMIUM;9925;24;9923;20;;;9939;18;9943;22;;;9932.0;0.0
yf_ZW=F_d7;17400;INTARIAN_PEPPER_ROOT;12984;20;12982;22;;;12996;15;12998;19;;;12990.0;0.0
yf_ZW=F_d7;17500;ASH_COATED_OSMIUM;9929;16;9926;13;;;9935;7;9939;17;;;9932.0;0.0
yf_ZW=F_d7;17500;INTARIAN_PEPPER_ROOT;12985;9;12983;20;;;12991;19;12994;19;;;12988.0;0.0
yf_ZW=F_d7;17600;ASH_COATED_OSMIUM;9929;16;9927;12;;;9935;18;9938;10;;;9932.0;0.0
yf_ZW=F_d7;17600;INTARIAN_PEPPER_ROOT;12984;8;12982;19;;;12990;17;12994;24;;;12987.0;0.0
yf_ZW=F_d7;17700;ASH_COATED_OSMIUM;9930;18;9927;23;;;9936;8;9938;27;;;9933.0;0.0
yf_ZW=F_d7;17700;INTARIAN_PEPPER_ROOT;12980;10;12976;19;;;12988;20;12992;28;;;12984.0;0.0
yf_ZW=F_d7;17800;ASH_COATED_OSMIUM;9929;22;9927;13;;;9935;15;9938;18;;;9932.0;0.0
yf_ZW=F_d7;17800;INTARIAN_PEPPER_ROOT;12978;12;12976;17;;;12984;7;12986;27;;;12981.0;0.0
yf_ZW=F_d7;17900;ASH_COATED_OSMIUM;9927;12;9924;15;;;9937;20;9940;18;;;9932.0;0.0
yf_ZW=F_d7;17900;INTARIAN_PEPPER_ROOT;12972;14;12968;19;;;12988;12;12991;25;;;12980.0;0.0
yf_ZW=F_d7;18000;ASH_COATED_OSMIUM;9929;20;9927;15;;;9935;21;9938;26;;;9932.0;0.0
yf_ZW=F_d7;18000;INTARIAN_PEPPER_ROOT;12974;16;12970;20;;;12980;16;12982;13;;;12977.0;0.0
yf_ZW=F_d7;18100;ASH_COATED_OSMIUM;9916;16;9913;16;;;9948;7;9952;18;;;9932.0;0.0
yf_ZW=F_d7;18100;INTARIAN_PEPPER_ROOT;12971;18;12967;10;;;12979;18;12982;13;;;12975.0;0.0
yf_ZW=F_d7;18200;ASH_COATED_OSMIUM;9924;16;9922;23;;;9941;12;9944;26;;;9932.5;0.0
yf_ZW=F_d7;18200;INTARIAN_PEPPER_ROOT;12971;12;12967;34;;;12977;15;12979;20;;;12974.0;0.0
yf_ZW=F_d7;18300;ASH_COATED_OSMIUM;9928;11;9925;19;;;9934;19;9938;15;;;9931.0;0.0
yf_ZW=F_d7;18300;INTARIAN_PEPPER_ROOT;12968;5;12966;27;;;12974;13;12978;27;;;12971.0;0.0
yf_ZW=F_d7;18400;ASH_COATED_OSMIUM;9926;10;9922;14;;;9937;10;9939;21;;;9931.5;0.0
yf_ZW=F_d7;18400;INTARIAN_PEPPER_ROOT;12965;14;12963;13;;;12971;16;12974;11;;;12968.0;0.0
yf_ZW=F_d7;18500;ASH_COATED_OSMIUM;9929;18;9926;18;;;9935;22;9939;14;;;9932.0;0.0
yf_ZW=F_d7;18500;INTARIAN_PEPPER_ROOT;12964;13;12960;22;;;12970;15;12972;17;;;12967.0;0.0
yf_ZW=F_d7;18600;ASH_COATED_OSMIUM;9929;25;9927;22;;;9935;23;9939;20;;;9932.0;0.0
yf_ZW=F_d7;18600;INTARIAN_PEPPER_ROOT;12961;11;12958;15;;;12967;9;12970;27;;;12964.0;0.0
yf_ZW=F_d7;18700;ASH_COATED_OSMIUM;9925;11;9921;19;;;9939;12;9943;19;;;9932.0;0.0
yf_ZW=F_d7;18700;INTARIAN_PEPPER_ROOT;12959;21;12957;18;;;12965;18;12967;18;;;12962.0;0.0
yf_ZW=F_d7;18800;ASH_COATED_OSMIUM;9923;10;9921;23;;;9941;5;9944;19;;;9932.0;0.0
yf_ZW=F_d7;18800;INTARIAN_PEPPER_ROOT;12957;6;12955;18;;;12963;21;12967;26;;;12960.0;0.0
yf_ZW=F_d7;18900;ASH_COATED_OSMIUM;9929;18;9926;21;;;9935;21;9939;21;;;9932.0;0.0
yf_ZW=F_d7;18900;INTARIAN_PEPPER_ROOT;12955;12;12953;8;;;12961;11;12965;23;;;12958.0;0.0
yf_ZW=F_d7;19000;ASH_COATED_OSMIUM;9929;12;9927;18;;;9935;18;9939;19;;;9932.0;0.0
yf_ZW=F_d7;19000;INTARIAN_PEPPER_ROOT;12954;18;12950;16;;;12960;23;12963;18;;;12957.0;0.0
yf_ZW=F_d7;19100;ASH_COATED_OSMIUM;9924;14;9920;26;;;9940;11;9944;23;;;9932.0;0.0
yf_ZW=F_d7;19100;INTARIAN_PEPPER_ROOT;12951;11;12949;14;;;12957;18;12960;21;;;12954.0;0.0
yf_ZW=F_d7;19200;ASH_COATED_OSMIUM;9929;12;9927;22;;;9936;12;9938;12;;;9932.5;0.0
yf_ZW=F_d7;19200;INTARIAN_PEPPER_ROOT;12949;16;12947;23;;;12955;13;12957;18;;;12952.0;0.0
yf_ZW=F_d7;19300;ASH_COATED_OSMIUM;9929;12;9926;23;;;9935;16;9937;14;;;9932.0;0.0
yf_ZW=F_d7;19300;INTARIAN_PEPPER_ROOT;12946;10;12944;21;;;12952;23;12956;10;;;12949.0;0.0
yf_ZW=F_d7;19400;ASH_COATED_OSMIUM;9928;5;9925;22;;;9934;20;9936;24;;;9931.0;0.0
yf_ZW=F_d7;19400;INTARIAN_PEPPER_ROOT;12945;5;12942;18;;;12951;11;12953;15;;;12948.0;0.0
yf_ZW=F_d7;19500;ASH_COATED_OSMIUM;9920;5;9918;20;;;9943;7;9947;8;;;9931.5;0.0
yf_ZW=F_d7;19500;INTARIAN_PEPPER_ROOT;12941;19;12938;19;;;12949;13;12951;19;;;12945.0;0.0
yf_ZW=F_d7;19600;ASH_COATED_OSMIUM;9929;17;9927;20;;;9935;11;9937;8;;;9932.0;0.0
yf_ZW=F_d7;19600;INTARIAN_PEPPER_ROOT;12940;19;12938;24;;;12946;24;12950;12;;;12943.0;0.0
yf_ZW=F_d7;19700;ASH_COATED_OSMIUM;9929;8;9926;28;;;9935;13;9938;14;;;9932.0;0.0
yf_ZW=F_d7;19700;INTARIAN_PEPPER_ROOT;12938;7;12936;17;;;12944;15;12947;21;;;12941.0;0.0
yf_ZW=F_d7;19800;ASH_COATED_OSMIUM;9929;16;9926;13;;;9935;15;9938;14;;;9932.0;0.0
yf_ZW=F_d7;19800;INTARIAN_PEPPER_ROOT;12936;18;12932;17;;;12942;16;12945;15;;;12939.0;0.0
yf_ZW=F_d7;19900;ASH_COATED_OSMIUM;9929;10;9925;9;;;9935;25;9937;14;;;9932.0;0.0
yf_ZW=F_d7;19900;INTARIAN_PEPPER_ROOT;12929;19;12926;19;;;12945;17;12949;14;;;12937.0;0.0
yf_ZW=F_d7;20000;ASH_COATED_OSMIUM;9921;11;9917;16;;;9942;18;9944;13;;;9931.5;0.0
yf_ZW=F_d7;20000;INTARIAN_PEPPER_ROOT;12932;11;12929;12;;;12938;12;12941;27;;;12935.0;0.0
yf_ZW=F_d7;20100;ASH_COATED_OSMIUM;9928;11;9924;22;;;9935;17;9937;20;;;9931.5;0.0
yf_ZW=F_d7;20100;INTARIAN_PEPPER_ROOT;12930;11;12928;19;;;12936;13;12939;17;;;12933.0;0.0
yf_ZW=F_d7;20200;ASH_COATED_OSMIUM;9929;9;9925;20;;;9935;20;9937;18;;;9932.0;0.0
yf_ZW=F_d7;20200;INTARIAN_PEPPER_ROOT;12927;12;12925;10;;;12933;19;12936;17;;;12930.0;0.0
yf_ZW=F_d7;20300;ASH_COATED_OSMIUM;9923;14;9919;26;;;9940;20;9943;20;;;9931.5;0.0
yf_ZW=F_d7;20300;INTARIAN_PEPPER_ROOT;12925;8;12922;18;;;12931;9;12933;17;;;12928.0;0.0
yf_ZW=F_d7;20400;ASH_COATED_OSMIUM;9925;9;9923;28;;;9939;14;9943;17;;;9932.0;0.0
yf_ZW=F_d7;20400;INTARIAN_PEPPER_ROOT;12923;17;12919;18;;;12930;6;12932;16;;;12926.5;0.0
yf_ZW=F_d7;20500;ASH_COATED_OSMIUM;9929;18;9926;13;;;9935;15;9937;20;;;9932.0;0.0
yf_ZW=F_d7;20500;INTARIAN_PEPPER_ROOT;12921;16;12917;17;;;12927;9;12930;28;;;12924.0;0.0
yf_ZW=F_d7;20600;ASH_COATED_OSMIUM;9929;11;9925;22;;;9935;17;9939;25;;;9932.0;0.0
yf_ZW=F_d7;20600;INTARIAN_PEPPER_ROOT;12909;15;12906;18;;;12935;10;12937;19;;;12922.0;0.0
yf_ZW=F_d7;20700;ASH_COATED_OSMIUM;9926;23;9924;12;;;9936;14;9939;19;;;9931.0;0.0
yf_ZW=F_d7;20700;INTARIAN_PEPPER_ROOT;12917;11;12913;23;;;12923;19;12927;26;;;12920.0;0.0
yf_ZW=F_d7;20800;ASH_COATED_OSMIUM;9922;17;9918;18;;;9940;8;9943;23;;;9931.0;0.0
yf_ZW=F_d7;20800;INTARIAN_PEPPER_ROOT;12915;5;12912;27;;;12921;14;12923;22;;;12918.0;0.0
yf_ZW=F_d7;20900;ASH_COATED_OSMIUM;9928;17;9925;21;;;9934;20;9938;20;;;9931.0;0.0
yf_ZW=F_d7;20900;INTARIAN_PEPPER_ROOT;12912;19;12908;22;;;12919;14;12923;15;;;12915.5;0.0
yf_ZW=F_d7;21000;ASH_COATED_OSMIUM;9929;12;9927;23;;;9935;23;9939;16;;;9932.0;0.0
yf_ZW=F_d7;21000;INTARIAN_PEPPER_ROOT;12903;20;12899;31;;;12922;10;12924;31;;;12912.5;0.0
yf_ZW=F_d7;21100;ASH_COATED_OSMIUM;9929;17;9925;18;;;9935;16;9938;20;;;9932.0;0.0
yf_ZW=F_d7;21100;INTARIAN_PEPPER_ROOT;12908;23;12905;15;;;12914;15;12917;21;;;12911.0;0.0
yf_ZW=F_d7;21200;ASH_COATED_OSMIUM;9928;15;9924;20;;;9934;15;9936;33;;;9931.0;0.0
yf_ZW=F_d7;21200;INTARIAN_PEPPER_ROOT;12906;17;12902;12;;;12912;8;12915;20;;;12909.0;0.0
yf_ZW=F_d7;21300;ASH_COATED_OSMIUM;9928;21;9925;19;;;9934;8;9936;24;;;9931.0;0.0
yf_ZW=F_d7;21300;INTARIAN_PEPPER_ROOT;12903;16;12899;18;;;12911;21;12913;28;;;12907.0;0.0
yf_ZW=F_d7;21400;ASH_COATED_OSMIUM;9928;7;9924;19;;;9934;17;9937;28;;;9931.0;0.0
yf_ZW=F_d7;21400;INTARIAN_PEPPER_ROOT;12902;14;12899;17;;;12908;15;12910;27;;;12905.0;0.0
yf_ZW=F_d7;21500;ASH_COATED_OSMIUM;9928;8;9925;17;;;9935;13;9939;17;;;9931.5;0.0
yf_ZW=F_d7;21500;INTARIAN_PEPPER_ROOT;12900;22;12896;23;;;12906;19;12908;22;;;12903.0;0.0
yf_ZW=F_d7;21600;ASH_COATED_OSMIUM;9928;21;9926;23;;;9934;16;9936;18;;;9931.0;0.0
yf_ZW=F_d7;21600;INTARIAN_PEPPER_ROOT;12895;20;12892;18;;;12908;9;12912;22;;;12901.5;0.0
yf_ZW=F_d7;21700;ASH_COATED_OSMIUM;9928;5;9925;15;;;9934;10;9936;25;;;9931.0;0.0
yf_ZW=F_d7;21700;INTARIAN_PEPPER_ROOT;12896;5;12893;20;;;12902;22;12904;20;;;12899.0;0.0
yf_ZW=F_d7;21800;ASH_COATED_OSMIUM;9927;24;9923;11;;;9936;11;9940;17;;;9931.5;0.0
yf_ZW=F_d7;21800;INTARIAN_PEPPER_ROOT;12894;28;12890;25;;;12900;8;12904;16;;;12897.0;0.0
yf_ZW=F_d7;21900;ASH_COATED_OSMIUM;9917;23;9915;21;;;9945;18;9948;24;;;9931.0;0.0
yf_ZW=F_d7;21900;INTARIAN_PEPPER_ROOT;12887;12;12885;13;;;12901;20;12903;19;;;12894.0;0.0
yf_ZW=F_d7;22000;ASH_COATED_OSMIUM;9925;17;9923;18;;;9938;8;9940;20;;;9931.5;0.0
yf_ZW=F_d7;22000;INTARIAN_PEPPER_ROOT;12889;17;12886;20;;;12895;14;12898;27;;;12892.0;0.0
yf_ZW=F_d7;22100;ASH_COATED_OSMIUM;9928;7;9926;22;;;9935;18;9937;12;;;9931.5;0.0
yf_ZW=F_d7;22100;INTARIAN_PEPPER_ROOT;12886;19;12883;22;;;12892;15;12896;23;;;12889.0;0.0
yf_ZW=F_d7;22200;ASH_COATED_OSMIUM;9928;16;9926;17;;;9934;11;9938;9;;;9931.0;0.0
yf_ZW=F_d7;22200;INTARIAN_PEPPER_ROOT;12880;11;12876;21;;;12896;13;12898;24;;;12888.0;0.0
yf_ZW=F_d7;22300;ASH_COATED_OSMIUM;9928;14;9926;9;;;9934;21;9937;23;;;9931.0;0.0
yf_ZW=F_d7;22300;INTARIAN_PEPPER_ROOT;12881;15;12878;26;;;12891;14;12894;17;;;12886.0;0.0
yf_ZW=F_d7;22400;ASH_COATED_OSMIUM;9928;6;9926;22;;;9934;16;9937;11;;;9931.0;0.0
yf_ZW=F_d7;22400;INTARIAN_PEPPER_ROOT;12881;17;12879;24;;;12887;7;12889;16;;;12884.0;0.0
yf_ZW=F_d7;22500;ASH_COATED_OSMIUM;9926;7;9922;18;;;9936;20;9939;18;;;9931.0;0.0
yf_ZW=F_d7;22500;INTARIAN_PEPPER_ROOT;12878;15;12876;18;;;12884;12;12886;16;;;12881.0;0.0
yf_ZW=F_d7;22600;ASH_COATED_OSMIUM;9928;5;9926;17;;;9934;18;9936;15;;;9931.0;0.0
yf_ZW=F_d7;22600;INTARIAN_PEPPER_ROOT;12875;21;12872;13;;;12883;13;12887;12;;;12879.0;0.0
yf_ZW=F_d7;22700;ASH_COATED_OSMIUM;9928;7;9924;13;;;9935;18;9937;25;;;9931.5;0.0
yf_ZW=F_d7;22700;INTARIAN_PEPPER_ROOT;12874;19;12870;19;;;12880;15;12884;13;;;12877.0;0.0
yf_ZW=F_d7;22800;ASH_COATED_OSMIUM;9928;5;9924;20;;;9934;12;9937;21;;;9931.0;0.0
yf_ZW=F_d7;22800;INTARIAN_PEPPER_ROOT;12856;14;12852;25;;;12896;16;12898;18;;;12876.0;0.0
yf_ZW=F_d7;22900;ASH_COATED_OSMIUM;9928;18;9925;21;;;9934;14;9937;13;;;9931.0;0.0
yf_ZW=F_d7;22900;INTARIAN_PEPPER_ROOT;12870;12;12868;21;;;12876;8;12878;11;;;12873.0;0.0
yf_ZW=F_d7;23000;ASH_COATED_OSMIUM;9926;23;9924;21;;;9937;20;9941;17;;;9931.5;0.0
yf_ZW=F_d7;23000;INTARIAN_PEPPER_ROOT;12868;15;12866;16;;;12874;10;12878;25;;;12871.0;0.0
yf_ZW=F_d7;23100;ASH_COATED_OSMIUM;9928;15;9926;18;;;9934;23;9938;17;;;9931.0;0.0
yf_ZW=F_d7;23100;INTARIAN_PEPPER_ROOT;12865;10;12862;21;;;12871;16;12874;12;;;12868.0;0.0
yf_ZW=F_d7;23200;ASH_COATED_OSMIUM;9926;17;9924;19;;;9935;10;9939;25;;;9930.5;0.0
yf_ZW=F_d7;23200;INTARIAN_PEPPER_ROOT;12862;13;12858;12;;;12871;11;12875;19;;;12866.5;0.0
yf_ZW=F_d7;23300;ASH_COATED_OSMIUM;9925;15;9923;15;;;9937;18;9941;31;;;9931.0;0.0
yf_ZW=F_d7;23300;INTARIAN_PEPPER_ROOT;12861;15;12859;29;;;12867;20;12870;23;;;12864.0;0.0
yf_ZW=F_d7;23400;ASH_COATED_OSMIUM;9928;21;9924;18;;;9934;8;9938;17;;;9931.0;0.0
yf_ZW=F_d7;23400;INTARIAN_PEPPER_ROOT;12859;20;12857;27;;;12866;5;12869;23;;;12862.5;0.0
yf_ZW=F_d7;23500;ASH_COATED_OSMIUM;9927;13;9924;16;;;9933;11;9937;24;;;9930.0;0.0
yf_ZW=F_d7;23500;INTARIAN_PEPPER_ROOT;12853;11;12851;20;;;12867;23;12869;23;;;12860.0;0.0
yf_ZW=F_d7;23600;ASH_COATED_OSMIUM;9928;15;9924;21;;;9934;13;9938;26;;;9931.0;0.0
yf_ZW=F_d7;23600;INTARIAN_PEPPER_ROOT;12850;13;12848;14;;;12866;14;12868;19;;;12858.0;0.0
yf_ZW=F_d7;23700;ASH_COATED_OSMIUM;9928;13;9926;29;;;9934;15;9936;20;;;9931.0;0.0
yf_ZW=F_d7;23700;INTARIAN_PEPPER_ROOT;12853;22;12851;25;;;12859;19;12862;19;;;12856.0;0.0
yf_ZW=F_d7;23800;ASH_COATED_OSMIUM;9928;18;9924;17;;;9934;14;9938;10;;;9931.0;0.0
yf_ZW=F_d7;23800;INTARIAN_PEPPER_ROOT;12851;15;12849;30;;;12857;13;12861;19;;;12854.0;0.0
yf_ZW=F_d7;23900;ASH_COATED_OSMIUM;9916;16;9913;17;;;9947;19;9951;14;;;9931.5;0.0
yf_ZW=F_d7;23900;INTARIAN_PEPPER_ROOT;12843;25;12840;14;;;12860;21;12864;23;;;12851.5;0.0
yf_ZW=F_d7;24000;ASH_COATED_OSMIUM;9927;13;9923;21;;;9935;11;9937;10;;;9931.0;0.0
yf_ZW=F_d7;24000;INTARIAN_PEPPER_ROOT;12846;17;12843;14;;;12853;15;12856;25;;;12849.5;0.0
yf_ZW=F_d7;24100;ASH_COATED_OSMIUM;9928;21;9925;21;;;9934;14;9937;27;;;9931.0;0.0
yf_ZW=F_d7;24100;INTARIAN_PEPPER_ROOT;12843;16;12840;24;;;12852;17;12854;30;;;12847.5;0.0
yf_ZW=F_d7;24200;ASH_COATED_OSMIUM;9927;17;9925;21;;;9935;19;9939;24;;;9931.0;0.0
yf_ZW=F_d7;24200;INTARIAN_PEPPER_ROOT;12843;11;12841;22;;;12849;16;12851;16;;;12846.0;0.0
yf_ZW=F_d7;24300;ASH_COATED_OSMIUM;9928;6;9924;19;;;9934;18;9937;23;;;9931.0;0.0
yf_ZW=F_d7;24300;INTARIAN_PEPPER_ROOT;12840;22;12838;22;;;12846;18;12848;28;;;12843.0;0.0
yf_ZW=F_d7;24400;ASH_COATED_OSMIUM;9928;15;9926;16;;;9934;17;9937;27;;;9931.0;0.0
yf_ZW=F_d7;24400;INTARIAN_PEPPER_ROOT;12837;18;12834;24;;;12843;17;12847;15;;;12840.0;0.0
yf_ZW=F_d7;24500;ASH_COATED_OSMIUM;9928;14;9926;15;;;9934;16;9937;17;;;9931.0;0.0
yf_ZW=F_d7;24500;INTARIAN_PEPPER_ROOT;12831;15;12829;24;;;12846;15;12848;23;;;12838.5;0.0
yf_ZW=F_d7;24600;ASH_COATED_OSMIUM;9926;10;9923;17;;;9936;18;9938;16;;;9931.0;0.0
yf_ZW=F_d7;24600;INTARIAN_PEPPER_ROOT;12833;6;12829;22;;;12839;9;12841;24;;;12836.0;0.0
yf_ZW=F_d7;24700;ASH_COATED_OSMIUM;9928;13;9924;24;;;9934;20;9937;18;;;9931.0;0.0
yf_ZW=F_d7;24700;INTARIAN_PEPPER_ROOT;12829;14;12827;12;;;12840;14;12842;22;;;12834.5;0.0
yf_ZW=F_d7;24800;ASH_COATED_OSMIUM;9926;7;9922;18;;;9935;15;9939;18;;;9930.5;0.0
yf_ZW=F_d7;24800;INTARIAN_PEPPER_ROOT;12829;17;12825;31;;;12835;14;12839;23;;;12832.0;0.0
yf_ZW=F_d7;24900;ASH_COATED_OSMIUM;9927;10;9925;23;;;9935;23;9937;23;;;9931.0;0.0
yf_ZW=F_d7;24900;INTARIAN_PEPPER_ROOT;12827;19;12824;23;;;12833;17;12836;24;;;12830.0;0.0
yf_ZW=F_d7;25000;ASH_COATED_OSMIUM;9928;7;9926;14;;;9934;17;9936;17;;;9931.0;0.0
yf_ZW=F_d7;25000;INTARIAN_PEPPER_ROOT;12819;14;12817;11;;;12836;8;12839;20;;;12827.5;0.0
yf_ZW=F_d7;25100;ASH_COATED_OSMIUM;9927;20;9924;13;;;9933;7;9937;16;;;9930.0;0.0
yf_ZW=F_d7;25100;INTARIAN_PEPPER_ROOT;12823;15;12821;15;;;12829;11;12833;27;;;12826.0;0.0
yf_ZW=F_d7;25200;ASH_COATED_OSMIUM;9927;7;9924;21;;;9933;18;9937;23;;;9930.0;0.0
yf_ZW=F_d7;25200;INTARIAN_PEPPER_ROOT;12820;14;12818;14;;;12828;23;12831;24;;;12824.0;0.0
yf_ZW=F_d7;25300;ASH_COATED_OSMIUM;9921;16;9917;18;;;9940;10;9942;22;;;9930.5;0.0
yf_ZW=F_d7;25300;INTARIAN_PEPPER_ROOT;12817;16;12813;11;;;12825;5;12829;20;;;12821.0;0.0
yf_ZW=F_d7;25400;ASH_COATED_OSMIUM;9927;16;9923;17;;;9933;20;9935;22;;;9930.0;0.0
yf_ZW=F_d7;25400;INTARIAN_PEPPER_ROOT;12816;18;12814;17;;;12824;16;12828;19;;;12820.0;0.0
yf_ZW=F_d7;25500;ASH_COATED_OSMIUM;9917;16;9915;28;;;9943;15;9946;17;;;9930.0;0.0
yf_ZW=F_d7;25500;INTARIAN_PEPPER_ROOT;12814;15;12811;18;;;12820;14;12824;17;;;12817.0;0.0
yf_ZW=F_d7;25600;ASH_COATED_OSMIUM;9927;16;9925;23;;;9933;17;9937;18;;;9930.0;0.0
yf_ZW=F_d7;25600;INTARIAN_PEPPER_ROOT;12802;14;12800;26;;;12827;19;12831;27;;;12814.5;0.0
yf_ZW=F_d7;25700;ASH_COATED_OSMIUM;9928;6;9926;14;;;9934;7;9937;24;;;9931.0;0.0
yf_ZW=F_d7;25700;INTARIAN_PEPPER_ROOT;12810;16;12808;20;;;12816;19;12819;14;;;12813.0;0.0
yf_ZW=F_d7;25800;ASH_COATED_OSMIUM;9928;15;9925;14;;;9934;21;9936;21;;;9931.0;0.0
yf_ZW=F_d7;25800;INTARIAN_PEPPER_ROOT;12807;16;12805;26;;;12813;20;12815;16;;;12810.0;0.0
yf_ZW=F_d7;25900;ASH_COATED_OSMIUM;9926;19;9924;19;;;9934;13;9936;24;;;9930.0;0.0
yf_ZW=F_d7;25900;INTARIAN_PEPPER_ROOT;12801;12;12798;21;;;12816;16;12820;24;;;12808.5;0.0
yf_ZW=F_d7;26000;ASH_COATED_OSMIUM;9923;17;9919;18;;;9938;8;9942;18;;;9930.5;0.0
yf_ZW=F_d7;26000;INTARIAN_PEPPER_ROOT;12804;13;12800;22;;;12810;16;12814;22;;;12807.0;0.0
yf_ZW=F_d7;26100;ASH_COATED_OSMIUM;9927;12;9924;15;;;9933;12;9937;18;;;9930.0;0.0
yf_ZW=F_d7;26100;INTARIAN_PEPPER_ROOT;12802;8;12798;23;;;12808;20;12811;24;;;12805.0;0.0
yf_ZW=F_d7;26200;ASH_COATED_OSMIUM;9923;14;9921;24;;;9938;12;9942;27;;;9930.5;0.0
yf_ZW=F_d7;26200;INTARIAN_PEPPER_ROOT;12791;8;12789;22;;;12812;17;12816;25;;;12801.5;0.0
yf_ZW=F_d7;26300;ASH_COATED_OSMIUM;9922;18;9919;23;;;9939;26;9942;20;;;9930.5;0.0
yf_ZW=F_d7;26300;INTARIAN_PEPPER_ROOT;12798;17;12794;19;;;12804;19;12807;22;;;12801.0;0.0
yf_ZW=F_d7;26400;ASH_COATED_OSMIUM;9927;15;9925;20;;;9935;13;9939;23;;;9931.0;0.0
yf_ZW=F_d7;26400;INTARIAN_PEPPER_ROOT;12794;14;12791;18;;;12802;9;12806;18;;;12798.0;0.0
yf_ZW=F_d7;26500;ASH_COATED_OSMIUM;9927;20;9923;16;;;9933;20;9937;20;;;9930.0;0.0
yf_ZW=F_d7;26500;INTARIAN_PEPPER_ROOT;12793;13;12790;24;;;12799;21;12802;26;;;12796.0;0.0
yf_ZW=F_d7;26600;ASH_COATED_OSMIUM;9916;18;9914;27;;;9944;18;9947;20;;;9930.0;0.0
yf_ZW=F_d7;26600;INTARIAN_PEPPER_ROOT;12791;18;12787;32;;;12797;19;12800;8;;;12794.0;0.0
yf_ZW=F_d7;26700;ASH_COATED_OSMIUM;9926;16;9922;20;;;9932;9;9935;23;;;9929.0;0.0
yf_ZW=F_d7;26700;INTARIAN_PEPPER_ROOT;12786;10;12784;26;;;12798;5;12802;21;;;12792.0;0.0
yf_ZW=F_d7;26800;ASH_COATED_OSMIUM;9927;20;9924;24;;;9933;12;9935;23;;;9930.0;0.0
yf_ZW=F_d7;26800;INTARIAN_PEPPER_ROOT;12786;9;12783;25;;;12792;23;12795;8;;;12789.0;0.0
yf_ZW=F_d7;26900;ASH_COATED_OSMIUM;9926;19;9923;22;;;9932;17;9935;23;;;9929.0;0.0
yf_ZW=F_d7;26900;INTARIAN_PEPPER_ROOT;12785;10;12783;21;;;12791;13;12795;18;;;12788.0;0.0
yf_ZW=F_d7;27000;ASH_COATED_OSMIUM;9926;19;9924;14;;;9934;10;9938;13;;;9930.0;0.0
yf_ZW=F_d7;27000;INTARIAN_PEPPER_ROOT;12783;23;12779;8;;;12789;9;12792;13;;;12786.0;0.0
yf_ZW=F_d7;27100;ASH_COATED_OSMIUM;9924;23;9922;9;;;9935;15;9939;14;;;9929.5;0.0
yf_ZW=F_d7;27100;INTARIAN_PEPPER_ROOT;12780;10;12776;27;;;12786;13;12789;26;;;12783.0;0.0
yf_ZW=F_d7;27200;ASH_COATED_OSMIUM;9925;21;9923;22;;;9934;21;9936;23;;;9929.5;0.0
yf_ZW=F_d7;27200;INTARIAN_PEPPER_ROOT;12772;11;12769;18;;;12791;8;12794;8;;;12781.5;0.0
yf_ZW=F_d7;27300;ASH_COATED_OSMIUM;9917;19;9915;18;;;9942;19;9945;12;;;9929.5;0.0
yf_ZW=F_d7;27300;INTARIAN_PEPPER_ROOT;12776;13;12772;21;;;12782;11;12785;22;;;12779.0;0.0
yf_ZW=F_d7;27400;ASH_COATED_OSMIUM;9925;5;9923;22;;;9934;6;9937;24;;;9929.5;0.0
yf_ZW=F_d7;27400;INTARIAN_PEPPER_ROOT;12774;12;12770;20;;;12780;18;12783;22;;;12777.0;0.0
yf_ZW=F_d7;27500;ASH_COATED_OSMIUM;9927;17;9924;16;;;9933;11;9935;17;;;9930.0;0.0
yf_ZW=F_d7;27500;INTARIAN_PEPPER_ROOT;12768;15;12766;18;;;12782;15;12784;21;;;12775.0;0.0
yf_ZW=F_d7;27600;ASH_COATED_OSMIUM;9926;12;9924;23;;;9935;14;9937;19;;;9930.5;0.0
yf_ZW=F_d7;27600;INTARIAN_PEPPER_ROOT;12769;19;12766;18;;;12775;17;12778;14;;;12772.0;0.0
yf_ZW=F_d7;27700;ASH_COATED_OSMIUM;9925;11;9921;26;;;9934;11;9938;20;;;9929.5;0.0
yf_ZW=F_d7;27700;INTARIAN_PEPPER_ROOT;12768;20;12764;23;;;12774;17;12777;22;;;12771.0;0.0
yf_ZW=F_d7;27800;ASH_COATED_OSMIUM;9927;19;9924;22;;;9933;16;9936;14;;;9930.0;0.0
yf_ZW=F_d7;27800;INTARIAN_PEPPER_ROOT;12765;24;12762;18;;;12771;16;12773;14;;;12768.0;0.0
yf_ZW=F_d7;27900;ASH_COATED_OSMIUM;9926;22;9922;22;;;9932;15;9934;30;;;9929.0;0.0
yf_ZW=F_d7;27900;INTARIAN_PEPPER_ROOT;12763;20;12760;16;;;12769;8;12771;16;;;12766.0;0.0
yf_ZW=F_d7;28000;ASH_COATED_OSMIUM;9920;9;9918;27;;;9939;14;9941;15;;;9929.5;0.0
yf_ZW=F_d7;28000;INTARIAN_PEPPER_ROOT;12761;17;12759;10;;;12767;10;12771;12;;;12764.0;0.0
yf_ZW=F_d7;28100;ASH_COATED_OSMIUM;9923;15;9920;11;;;9935;16;9939;24;;;9929.0;0.0
yf_ZW=F_d7;28100;INTARIAN_PEPPER_ROOT;12758;5;12754;20;;;12767;11;12771;20;;;12762.5;0.0
yf_ZW=F_d7;28200;ASH_COATED_OSMIUM;9917;13;9913;20;;;9943;19;9947;35;;;9930.0;0.0
yf_ZW=F_d7;28200;INTARIAN_PEPPER_ROOT;12748;12;12745;13;;;12772;11;12774;22;;;12760.0;0.0
yf_ZW=F_d7;28300;ASH_COATED_OSMIUM;9926;9;9923;13;;;9934;20;9938;19;;;9930.0;0.0
yf_ZW=F_d7;28300;INTARIAN_PEPPER_ROOT;12754;16;12752;20;;;12760;16;12762;17;;;12757.0;0.0
yf_ZW=F_d7;28400;ASH_COATED_OSMIUM;9927;5;9924;12;;;9933;16;9935;19;;;9930.0;0.0
yf_ZW=F_d7;28400;INTARIAN_PEPPER_ROOT;12753;15;12751;18;;;12759;11;12762;18;;;12756.0;0.0
yf_ZW=F_d7;28500;ASH_COATED_OSMIUM;9927;13;9923;30;;;9933;17;9936;16;;;9930.0;0.0
yf_ZW=F_d7;28500;INTARIAN_PEPPER_ROOT;12750;13;12746;23;;;12756;22;12760;23;;;12753.0;0.0
yf_ZW=F_d7;28600;ASH_COATED_OSMIUM;9923;13;9919;18;;;9936;12;9939;23;;;9929.5;0.0
yf_ZW=F_d7;28600;INTARIAN_PEPPER_ROOT;12736;21;12733;28;;;12767;15;12770;14;;;12751.5;0.0
yf_ZW=F_d7;28700;ASH_COATED_OSMIUM;9927;13;9925;17;;;9933;5;9937;23;;;9930.0;0.0
yf_ZW=F_d7;28700;INTARIAN_PEPPER_ROOT;12746;17;12743;15;;;12752;15;12755;14;;;12749.0;0.0
yf_ZW=F_d7;28800;ASH_COATED_OSMIUM;9927;6;9924;15;;;9933;20;9935;19;;;9930.0;0.0
yf_ZW=F_d7;28800;INTARIAN_PEPPER_ROOT;12744;11;12740;18;;;12750;11;12753;20;;;12747.0;0.0
yf_ZW=F_d7;28900;ASH_COATED_OSMIUM;9926;9;9924;8;;;9933;18;9937;27;;;9929.5;0.0
yf_ZW=F_d7;28900;INTARIAN_PEPPER_ROOT;12738;8;12734;28;;;12751;8;12754;29;;;12744.5;0.0
yf_ZW=F_d7;29000;ASH_COATED_OSMIUM;9920;7;9918;21;;;9939;16;9941;16;;;9929.5;0.0
yf_ZW=F_d7;29000;INTARIAN_PEPPER_ROOT;12739;10;12737;19;;;12745;18;12747;8;;;12742.0;0.0
yf_ZW=F_d7;29100;ASH_COATED_OSMIUM;9926;18;9924;14;;;9932;7;9935;22;;;9929.0;0.0
yf_ZW=F_d7;29100;INTARIAN_PEPPER_ROOT;12738;12;12736;8;;;12744;21;12748;18;;;12741.0;0.0
yf_ZW=F_d7;29200;ASH_COATED_OSMIUM;9926;11;9923;21;;;9932;12;9935;20;;;9929.0;0.0
yf_ZW=F_d7;29200;INTARIAN_PEPPER_ROOT;12736;18;12733;19;;;12742;14;12746;15;;;12739.0;0.0
yf_ZW=F_d7;29300;ASH_COATED_OSMIUM;9926;21;9922;21;;;9932;14;9934;21;;;9929.0;0.0
yf_ZW=F_d7;29300;INTARIAN_PEPPER_ROOT;12733;16;12731;21;;;12741;13;12744;13;;;12737.0;0.0
yf_ZW=F_d7;29400;ASH_COATED_OSMIUM;9919;11;9917;13;;;9939;14;9941;21;;;9929.0;0.0
yf_ZW=F_d7;29400;INTARIAN_PEPPER_ROOT;12731;16;12727;12;;;12737;12;12740;19;;;12734.0;0.0
yf_ZW=F_d7;29500;ASH_COATED_OSMIUM;9925;20;9922;24;;;9934;6;9936;13;;;9929.5;0.0
yf_ZW=F_d7;29500;INTARIAN_PEPPER_ROOT;12728;11;12725;16;;;12735;13;12739;19;;;12731.5;0.0
yf_ZW=F_d7;29600;ASH_COATED_OSMIUM;9925;21;9922;17;;;9934;18;9937;25;;;9929.5;0.0
yf_ZW=F_d7;29600;INTARIAN_PEPPER_ROOT;12726;15;12722;11;;;12733;17;12735;19;;;12729.5;0.0
yf_ZW=F_d7;29700;ASH_COATED_OSMIUM;9926;8;9923;14;;;9932;17;9934;19;;;9929.0;0.0
yf_ZW=F_d7;29700;INTARIAN_PEPPER_ROOT;12725;12;12721;20;;;12731;16;12735;16;;;12728.0;0.0
yf_ZW=F_d7;29800;ASH_COATED_OSMIUM;9923;15;9919;20;;;9937;16;9941;26;;;9930.0;0.0
yf_ZW=F_d7;29800;INTARIAN_PEPPER_ROOT;12722;18;12718;18;;;12728;15;12730;22;;;12725.0;0.0
yf_ZW=F_d7;29900;ASH_COATED_OSMIUM;9924;10;9922;15;;;9934;10;9938;8;;;9929.0;0.0
yf_ZW=F_d7;29900;INTARIAN_PEPPER_ROOT;12720;18;12717;12;;;12726;22;12730;15;;;12723.0;0.0
yf_ZW=F_d7;30000;ASH_COATED_OSMIUM;9926;16;9924;26;;;9932;11;9936;21;;;9929.0;0.0
yf_ZW=F_d7;30000;INTARIAN_PEPPER_ROOT;12718;17;12715;18;;;12726;17;12728;35;;;12722.0;0.0
yf_ZW=F_d7;30100;ASH_COATED_OSMIUM;9924;24;9922;23;;;9935;19;9939;22;;;9929.5;0.0
yf_ZW=F_d7;30100;INTARIAN_PEPPER_ROOT;12714;24;12712;12;;;12725;18;12727;20;;;12719.5;0.0
yf_ZW=F_d7;30200;ASH_COATED_OSMIUM;9925;5;9922;30;;;9934;17;9936;16;;;9929.5;0.0
yf_ZW=F_d7;30200;INTARIAN_PEPPER_ROOT;12714;13;12710;12;;;12720;18;12724;26;;;12717.0;0.0
yf_ZW=F_d7;30300;ASH_COATED_OSMIUM;9923;13;9919;14;;;9935;8;9939;19;;;9929.0;0.0
yf_ZW=F_d7;30300;INTARIAN_PEPPER_ROOT;12712;8;12708;21;;;12718;16;12720;15;;;12715.0;0.0
yf_ZW=F_d7;30400;ASH_COATED_OSMIUM;9926;12;9923;18;;;9932;17;9936;20;;;9929.0;0.0
yf_ZW=F_d7;30400;INTARIAN_PEPPER_ROOT;12704;18;12700;14;;;12720;11;12723;24;;;12712.0;0.0
yf_ZW=F_d7;30500;ASH_COATED_OSMIUM;9922;22;9919;16;;;9938;13;9942;33;;;9930.0;0.0
yf_ZW=F_d7;30500;INTARIAN_PEPPER_ROOT;12708;8;12706;11;;;12714;5;12718;25;;;12711.0;0.0
yf_ZW=F_d7;30600;ASH_COATED_OSMIUM;9926;13;9923;17;;;9932;11;9934;17;;;9929.0;0.0
yf_ZW=F_d7;30600;INTARIAN_PEPPER_ROOT;12705;16;12701;14;;;12713;14;12715;18;;;12709.0;0.0
yf_ZW=F_d7;30700;ASH_COATED_OSMIUM;9926;13;9922;16;;;9933;18;9937;19;;;9929.5;0.0
yf_ZW=F_d7;30700;INTARIAN_PEPPER_ROOT;12703;15;12699;15;;;12709;13;12712;19;;;12706.0;0.0
yf_ZW=F_d7;30800;ASH_COATED_OSMIUM;9926;19;9923;12;;;9932;13;9936;23;;;9929.0;0.0
yf_ZW=F_d7;30800;INTARIAN_PEPPER_ROOT;12701;9;12697;15;;;12707;10;12711;23;;;12704.0;0.0
yf_ZW=F_d7;30900;ASH_COATED_OSMIUM;9923;16;9921;18;;;9936;10;9938;33;;;9929.5;0.0
yf_ZW=F_d7;30900;INTARIAN_PEPPER_ROOT;12699;18;12697;21;;;12705;11;12707;28;;;12702.0;0.0
yf_ZW=F_d7;31000;ASH_COATED_OSMIUM;9923;14;9919;15;;;9934;20;9937;17;;;9928.5;0.0
yf_ZW=F_d7;31000;INTARIAN_PEPPER_ROOT;12697;16;12695;24;;;12703;14;12705;23;;;12700.0;0.0
yf_ZW=F_d7;31100;ASH_COATED_OSMIUM;9926;17;9922;10;;;9932;14;9936;20;;;9929.0;0.0
yf_ZW=F_d7;31100;INTARIAN_PEPPER_ROOT;12695;15;12692;29;;;12701;15;12704;19;;;12698.0;0.0
yf_ZW=F_d7;31200;ASH_COATED_OSMIUM;9926;25;9924;35;;;9932;17;9935;16;;;9929.0;0.0
yf_ZW=F_d7;31200;INTARIAN_PEPPER_ROOT;12692;9;12688;25;;;12698;16;12701;18;;;12695.0;0.0
yf_ZW=F_d7;31300;ASH_COATED_OSMIUM;9926;15;9923;13;;;9932;21;9934;27;;;9929.0;0.0
yf_ZW=F_d7;31300;INTARIAN_PEPPER_ROOT;12691;11;12687;30;;;12697;24;12699;24;;;12694.0;0.0
yf_ZW=F_d7;31400;ASH_COATED_OSMIUM;9920;23;9916;28;;;9936;9;9938;21;;;9928.0;0.0
yf_ZW=F_d7;31400;INTARIAN_PEPPER_ROOT;12689;23;12685;10;;;12695;16;12698;22;;;12692.0;0.0
yf_ZW=F_d7;31500;ASH_COATED_OSMIUM;9926;24;9923;14;;;9932;19;9934;23;;;9929.0;0.0
yf_ZW=F_d7;31500;INTARIAN_PEPPER_ROOT;12685;9;12683;16;;;12693;11;12696;15;;;12689.0;0.0
yf_ZW=F_d7;31600;ASH_COATED_OSMIUM;9919;22;9917;19;;;9939;14;9942;13;;;9929.0;0.0
yf_ZW=F_d7;31600;INTARIAN_PEPPER_ROOT;12684;21;12680;17;;;12690;22;12693;12;;;12687.0;0.0
yf_ZW=F_d7;31700;ASH_COATED_OSMIUM;9917;21;9915;21;;;9940;21;9943;10;;;9928.5;0.0
yf_ZW=F_d7;31700;INTARIAN_PEPPER_ROOT;12682;5;12678;19;;;12688;10;12690;33;;;12685.0;0.0
yf_ZW=F_d7;31800;ASH_COATED_OSMIUM;9926;12;9923;19;;;9932;9;9935;25;;;9929.0;0.0
yf_ZW=F_d7;31800;INTARIAN_PEPPER_ROOT;12680;14;12678;17;;;12686;15;12690;18;;;12683.0;0.0
yf_ZW=F_d7;31900;ASH_COATED_OSMIUM;9924;5;9920;16;;;9934;14;9936;24;;;9929.0;0.0
yf_ZW=F_d7;31900;INTARIAN_PEPPER_ROOT;12678;18;12676;17;;;12684;16;12688;26;;;12681.0;0.0
yf_ZW=F_d7;32000;ASH_COATED_OSMIUM;9925;22;9923;17;;;9931;6;9935;21;;;9928.0;0.0
yf_ZW=F_d7;32000;INTARIAN_PEPPER_ROOT;12676;11;12673;20;;;12682;10;12684;24;;;12679.0;0.0
yf_ZW=F_d7;32100;ASH_COATED_OSMIUM;9925;12;9921;14;;;9931;5;9933;24;;;9928.0;0.0
yf_ZW=F_d7;32100;INTARIAN_PEPPER_ROOT;12663;20;12660;26;;;12690;11;12692;17;;;12676.5;0.0
yf_ZW=F_d7;32200;ASH_COATED_OSMIUM;9924;15;9921;20;;;9933;12;9936;16;;;9928.5;0.0
yf_ZW=F_d7;32200;INTARIAN_PEPPER_ROOT;12671;5;12668;21;;;12677;19;12679;19;;;12674.0;0.0
yf_ZW=F_d7;32300;ASH_COATED_OSMIUM;9926;17;9923;24;;;9932;12;9934;21;;;9929.0;0.0
yf_ZW=F_d7;32300;INTARIAN_PEPPER_ROOT;12669;12;12667;23;;;12675;14;12679;19;;;12672.0;0.0
yf_ZW=F_d7;32400;ASH_COATED_OSMIUM;9925;10;9922;12;;;9931;25;9933;28;;;9928.0;0.0
yf_ZW=F_d7;32400;INTARIAN_PEPPER_ROOT;12667;17;12665;20;;;12673;21;12675;20;;;12670.0;0.0
yf_ZW=F_d7;32500;ASH_COATED_OSMIUM;9925;21;9921;18;;;9931;18;9935;17;;;9928.0;0.0
yf_ZW=F_d7;32500;INTARIAN_PEPPER_ROOT;12665;16;12663;22;;;12671;19;12675;15;;;12668.0;0.0
yf_ZW=F_d7;32600;ASH_COATED_OSMIUM;9922;17;9919;18;;;9936;11;9938;11;;;9929.0;0.0
yf_ZW=F_d7;32600;INTARIAN_PEPPER_ROOT;12663;12;12661;26;;;12669;10;12671;20;;;12666.0;0.0
yf_ZW=F_d7;32700;ASH_COATED_OSMIUM;9926;23;9923;11;;;9932;11;9936;17;;;9929.0;0.0
yf_ZW=F_d7;32700;INTARIAN_PEPPER_ROOT;12659;21;12655;24;;;12668;9;12670;14;;;12663.5;0.0
yf_ZW=F_d7;32800;ASH_COATED_OSMIUM;9926;14;9924;24;;;9932;11;9936;22;;;9929.0;0.0
yf_ZW=F_d7;32800;INTARIAN_PEPPER_ROOT;12656;16;12652;18;;;12668;11;12670;11;;;12662.0;0.0
yf_ZW=F_d7;32900;ASH_COATED_OSMIUM;9925;8;9922;25;;;9931;16;9935;13;;;9928.0;0.0
yf_ZW=F_d7;32900;INTARIAN_PEPPER_ROOT;12656;19;12652;30;;;12662;14;12666;9;;;12659.0;0.0
yf_ZW=F_d7;33000;ASH_COATED_OSMIUM;9926;5;9924;18;;;9932;17;9934;18;;;9929.0;0.0
yf_ZW=F_d7;33000;INTARIAN_PEPPER_ROOT;12639;23;12637;11;;;12677;14;12681;13;;;12658.0;0.0
yf_ZW=F_d7;33100;ASH_COATED_OSMIUM;9924;18;9920;15;;;9932;20;9935;27;;;9928.0;0.0
yf_ZW=F_d7;33100;INTARIAN_PEPPER_ROOT;12652;15;12650;30;;;12658;5;12660;17;;;12655.0;0.0
yf_ZW=F_d7;33200;ASH_COATED_OSMIUM;9923;11;9919;22;;;9934;15;9937;10;;;9928.5;0.0
yf_ZW=F_d7;33200;INTARIAN_PEPPER_ROOT;12650;15;12646;17;;;12656;14;12658;22;;;12653.0;0.0
yf_ZW=F_d7;33300;ASH_COATED_OSMIUM;9926;15;9922;24;;;9932;23;9935;22;;;9929.0;0.0
yf_ZW=F_d7;33300;INTARIAN_PEPPER_ROOT;12646;15;12643;20;;;12657;17;12659;26;;;12651.5;0.0
yf_ZW=F_d7;33400;ASH_COATED_OSMIUM;9921;13;9919;21;;;9936;13;9938;18;;;9928.5;0.0
yf_ZW=F_d7;33400;INTARIAN_PEPPER_ROOT;12643;10;12641;13;;;12655;19;12657;17;;;12649.0;0.0
yf_ZW=F_d7;33500;ASH_COATED_OSMIUM;9925;16;9922;17;;;9931;23;9935;25;;;9928.0;0.0
yf_ZW=F_d7;33500;INTARIAN_PEPPER_ROOT;12641;11;12639;20;;;12652;14;12656;25;;;12646.5;0.0
yf_ZW=F_d7;33600;ASH_COATED_OSMIUM;9921;11;9919;21;;;9935;13;9939;19;;;9928.0;0.0
yf_ZW=F_d7;33600;INTARIAN_PEPPER_ROOT;12641;15;12638;21;;;12647;25;12649;23;;;12644.0;0.0
yf_ZW=F_d7;33700;ASH_COATED_OSMIUM;9925;11;9922;14;;;9932;15;9935;20;;;9928.5;0.0
yf_ZW=F_d7;33700;INTARIAN_PEPPER_ROOT;12627;17;12625;14;;;12656;15;12659;22;;;12641.5;0.0
yf_ZW=F_d7;33800;ASH_COATED_OSMIUM;9925;11;9922;25;;;9931;6;9934;27;;;9928.0;0.0
yf_ZW=F_d7;33800;INTARIAN_PEPPER_ROOT;12634;13;12632;14;;;12645;20;12647;23;;;12639.5;0.0
yf_ZW=F_d7;33900;ASH_COATED_OSMIUM;9925;7;9922;17;;;9931;13;9934;19;;;9928.0;0.0
yf_ZW=F_d7;33900;INTARIAN_PEPPER_ROOT;12635;18;12631;10;;;12641;23;12644;13;;;12638.0;0.0
yf_ZW=F_d7;34000;ASH_COATED_OSMIUM;9924;20;9921;23;;;9932;14;9934;8;;;9928.0;0.0
yf_ZW=F_d7;34000;INTARIAN_PEPPER_ROOT;12634;24;12630;19;;;12640;9;12643;19;;;12637.0;0.0
yf_ZW=F_d7;34100;ASH_COATED_OSMIUM;9925;15;9923;18;;;9931;9;9933;15;;;9928.0;0.0
yf_ZW=F_d7;34100;INTARIAN_PEPPER_ROOT;12631;16;12627;18;;;12641;9;12645;14;;;12636.0;0.0
yf_ZW=F_d7;34200;ASH_COATED_OSMIUM;9921;19;9918;27;;;9936;16;9940;14;;;9928.5;0.0
yf_ZW=F_d7;34200;INTARIAN_PEPPER_ROOT;12625;9;12622;25;;;12644;18;12647;18;;;12634.5;0.0
yf_ZW=F_d7;34300;ASH_COATED_OSMIUM;9925;14;9923;10;;;9931;10;9933;20;;;9928.0;0.0
yf_ZW=F_d7;34300;INTARIAN_PEPPER_ROOT;12632;20;12630;20;;;12638;9;12641;19;;;12635.0;0.0
yf_ZW=F_d7;34400;ASH_COATED_OSMIUM;9923;13;9919;13;;;9933;16;9937;16;;;9928.0;0.0
yf_ZW=F_d7;34400;INTARIAN_PEPPER_ROOT;12625;20;12622;25;;;12641;7;12643;11;;;12633.0;0.0
yf_ZW=F_d7;34500;ASH_COATED_OSMIUM;9925;9;9921;21;;;9932;15;9935;20;;;9928.5;0.0
yf_ZW=F_d7;34500;INTARIAN_PEPPER_ROOT;12626;14;12622;24;;;12637;16;12641;28;;;12631.5;0.0
yf_ZW=F_d7;34600;ASH_COATED_OSMIUM;9908;22;9905;16;;;9949;8;9953;14;;;9928.5;0.0
yf_ZW=F_d7;34600;INTARIAN_PEPPER_ROOT;12628;5;12625;9;;;12634;16;12637;21;;;12631.0;0.0
yf_ZW=F_d7;34700;ASH_COATED_OSMIUM;9923;15;9919;12;;;9935;8;9938;20;;;9929.0;0.0
yf_ZW=F_d7;34700;INTARIAN_PEPPER_ROOT;12626;16;12623;15;;;12632;17;12635;26;;;12629.0;0.0
yf_ZW=F_d7;34800;ASH_COATED_OSMIUM;9921;9;9919;21;;;9936;14;9939;18;;;9928.5;0.0
yf_ZW=F_d7;34800;INTARIAN_PEPPER_ROOT;12626;9;12624;27;;;12632;16;12634;19;;;12629.0;0.0
yf_ZW=F_d7;34900;ASH_COATED_OSMIUM;9926;7;9924;18;;;9932;6;9936;14;;;9929.0;0.0
yf_ZW=F_d7;34900;INTARIAN_PEPPER_ROOT;12624;19;12622;20;;;12630;19;12633;20;;;12627.0;0.0
yf_ZW=F_d7;35000;ASH_COATED_OSMIUM;9926;14;9923;19;;;9932;15;9934;15;;;9929.0;0.0
yf_ZW=F_d7;35000;INTARIAN_PEPPER_ROOT;12623;14;12620;20;;;12629;18;12633;25;;;12626.0;0.0
yf_ZW=F_d7;35100;ASH_COATED_OSMIUM;9925;7;9921;28;;;9932;12;9936;13;;;9928.5;0.0
yf_ZW=F_d7;35100;INTARIAN_PEPPER_ROOT;12622;26;12620;23;;;12628;17;12630;22;;;12625.0;0.0
yf_ZW=F_d7;35200;ASH_COATED_OSMIUM;9920;18;9917;24;;;9937;18;9941;19;;;9928.5;0.0
yf_ZW=F_d7;35200;INTARIAN_PEPPER_ROOT;12620;26;12618;19;;;12626;9;12628;19;;;12623.0;0.0
yf_ZW=F_d7;35300;ASH_COATED_OSMIUM;9926;19;9923;15;;;9932;16;9936;19;;;9929.0;0.0
yf_ZW=F_d7;35300;INTARIAN_PEPPER_ROOT;12620;16;12618;14;;;12626;9;12630;8;;;12623.0;0.0
yf_ZW=F_d7;35400;ASH_COATED_OSMIUM;9921;5;9918;22;;;9937;9;9939;27;;;9929.0;0.0
yf_ZW=F_d7;35400;INTARIAN_PEPPER_ROOT;12619;7;12615;9;;;12625;10;12628;16;;;12622.0;0.0
yf_ZW=F_d7;35500;ASH_COATED_OSMIUM;9926;22;9922;16;;;9932;15;9934;23;;;9929.0;0.0
yf_ZW=F_d7;35500;INTARIAN_PEPPER_ROOT;12617;20;12613;32;;;12623;6;12626;26;;;12620.0;0.0
yf_ZW=F_d7;35600;ASH_COATED_OSMIUM;9919;15;9917;13;;;9940;14;9944;26;;;9929.5;0.0
yf_ZW=F_d7;35600;INTARIAN_PEPPER_ROOT;12617;16;12614;15;;;12623;13;12627;15;;;12620.0;0.0
yf_ZW=F_d7;35700;ASH_COATED_OSMIUM;9924;16;9922;29;;;9935;12;9938;32;;;9929.5;0.0
yf_ZW=F_d7;35700;INTARIAN_PEPPER_ROOT;12616;8;12612;27;;;12622;15;12624;10;;;12619.0;0.0
yf_ZW=F_d7;35800;ASH_COATED_OSMIUM;9924;14;9921;25;;;9933;16;9937;23;;;9928.5;0.0
yf_ZW=F_d7;35800;INTARIAN_PEPPER_ROOT;12613;11;12609;24;;;12620;15;12624;15;;;12616.5;0.0
yf_ZW=F_d7;35900;ASH_COATED_OSMIUM;9926;10;9922;24;;;9932;12;9934;21;;;9929.0;0.0
yf_ZW=F_d7;35900;INTARIAN_PEPPER_ROOT;12613;24;12611;19;;;12619;20;12623;15;;;12616.0;0.0
yf_ZW=F_d7;36000;ASH_COATED_OSMIUM;9927;5;9924;26;;;9933;9;9935;17;;;9930.0;0.0
yf_ZW=F_d7;36000;INTARIAN_PEPPER_ROOT;12608;13;12604;23;;;12624;9;12627;12;;;12616.0;0.0
yf_ZW=F_d7;36100;ASH_COATED_OSMIUM;9916;20;9914;17;;;9942;11;9946;23;;;9929.0;0.0
yf_ZW=F_d7;36100;INTARIAN_PEPPER_ROOT;12610;14;12608;19;;;12618;13;12622;19;;;12614.0;0.0
yf_ZW=F_d7;36200;ASH_COATED_OSMIUM;9919;12;9915;13;;;9939;12;9941;14;;;9929.0;0.0
yf_ZW=F_d7;36200;INTARIAN_PEPPER_ROOT;12610;22;12606;23;;;12616;11;12618;9;;;12613.0;0.0
yf_ZW=F_d7;36300;ASH_COATED_OSMIUM;9927;15;9924;21;;;9933;15;9937;26;;;9930.0;0.0
yf_ZW=F_d7;36300;INTARIAN_PEPPER_ROOT;12608;16;12606;23;;;12614;8;12618;18;;;12611.0;0.0
yf_ZW=F_d7;36400;ASH_COATED_OSMIUM;9920;14;9918;18;;;9938;17;9941;31;;;9929.0;0.0
yf_ZW=F_d7;36400;INTARIAN_PEPPER_ROOT;12608;9;12604;20;;;12614;17;12618;20;;;12611.0;0.0
yf_ZW=F_d7;36500;ASH_COATED_OSMIUM;9926;14;9922;18;;;9932;10;9935;21;;;9929.0;0.0
yf_ZW=F_d7;36500;INTARIAN_PEPPER_ROOT;12605;20;12603;30;;;12615;11;12619;22;;;12610.0;0.0
yf_ZW=F_d7;36600;ASH_COATED_OSMIUM;9924;16;9921;20;;;9934;15;9938;21;;;9929.0;0.0
yf_ZW=F_d7;36600;INTARIAN_PEPPER_ROOT;12605;14;12603;17;;;12611;22;12613;23;;;12608.0;0.0
yf_ZW=F_d7;36700;ASH_COATED_OSMIUM;9927;16;9925;23;;;9933;27;9936;19;;;9930.0;0.0
yf_ZW=F_d7;36700;INTARIAN_PEPPER_ROOT;12603;11;12600;16;;;12611;19;12615;26;;;12607.0;0.0
yf_ZW=F_d7;36800;ASH_COATED_OSMIUM;9927;8;9923;13;;;9933;12;9935;22;;;9930.0;0.0
yf_ZW=F_d7;36800;INTARIAN_PEPPER_ROOT;12603;17;12599;17;;;12609;14;12612;18;;;12606.0;0.0
yf_ZW=F_d7;36900;ASH_COATED_OSMIUM;9901;7;9897;15;;;9958;17;9962;23;;;9929.5;0.0
yf_ZW=F_d7;36900;INTARIAN_PEPPER_ROOT;12602;10;12600;14;;;12608;24;12612;22;;;12605.0;0.0
yf_ZW=F_d7;37000;ASH_COATED_OSMIUM;9920;21;9918;22;;;9939;12;9941;17;;;9929.5;0.0
yf_ZW=F_d7;37000;INTARIAN_PEPPER_ROOT;12594;10;12590;19;;;12615;24;12618;16;;;12604.5;0.0
yf_ZW=F_d7;37100;ASH_COATED_OSMIUM;9927;10;9924;28;;;9933;19;9935;20;;;9930.0;0.0
yf_ZW=F_d7;37100;INTARIAN_PEPPER_ROOT;12600;11;12598;12;;;12606;15;12610;13;;;12603.0;0.0
yf_ZW=F_d7;37200;ASH_COATED_OSMIUM;9925;22;9923;32;;;9933;24;9937;16;;;9929.0;0.0
yf_ZW=F_d7;37200;INTARIAN_PEPPER_ROOT;12599;9;12597;16;;;12605;16;12608;26;;;12602.0;0.0
yf_ZW=F_d7;37300;ASH_COATED_OSMIUM;9925;7;9923;21;;;9934;20;9937;23;;;9929.5;0.0
yf_ZW=F_d7;37300;INTARIAN_PEPPER_ROOT;12592;17;12590;8;;;12610;18;12614;12;;;12601.0;0.0
yf_ZW=F_d7;37400;ASH_COATED_OSMIUM;9920;17;9916;17;;;9939;22;9943;20;;;9929.5;0.0
yf_ZW=F_d7;37400;INTARIAN_PEPPER_ROOT;12596;14;12593;29;;;12603;16;12605;22;;;12599.5;0.0
yf_ZW=F_d7;37500;ASH_COATED_OSMIUM;9926;18;9924;10;;;9933;10;9935;18;;;9929.5;0.0
yf_ZW=F_d7;37500;INTARIAN_PEPPER_ROOT;12590;5;12588;17;;;12608;5;12611;16;;;12599.0;0.0
yf_ZW=F_d7;37600;ASH_COATED_OSMIUM;9927;14;9923;17;;;9933;11;9937;21;;;9930.0;0.0
yf_ZW=F_d7;37600;INTARIAN_PEPPER_ROOT;12594;21;12590;20;;;12600;12;12604;11;;;12597.0;0.0
yf_ZW=F_d7;37700;ASH_COATED_OSMIUM;9909;21;9907;16;;;9951;11;9953;26;;;9930.0;0.0
yf_ZW=F_d7;37700;INTARIAN_PEPPER_ROOT;12594;16;12591;21;;;12600;19;12604;17;;;12597.0;0.0
yf_ZW=F_d7;37800;ASH_COATED_OSMIUM;9927;8;9924;21;;;9933;19;9936;23;;;9930.0;0.0
yf_ZW=F_d7;37800;INTARIAN_PEPPER_ROOT;12591;11;12589;9;;;12600;16;12604;15;;;12595.5;0.0
yf_ZW=F_d7;37900;ASH_COATED_OSMIUM;9927;15;9923;28;;;9933;19;9936;20;;;9930.0;0.0
yf_ZW=F_d7;37900;INTARIAN_PEPPER_ROOT;12592;5;12588;25;;;12598;15;12602;16;;;12595.0;0.0
yf_ZW=F_d7;38000;ASH_COATED_OSMIUM;9927;11;9923;20;;;9933;12;9936;32;;;9930.0;0.0
yf_ZW=F_d7;38000;INTARIAN_PEPPER_ROOT;12591;13;12589;14;;;12597;11;12599;15;;;12594.0;0.0
yf_ZW=F_d7;38100;ASH_COATED_OSMIUM;9918;9;9914;19;;;9942;24;9946;20;;;9930.0;0.0
yf_ZW=F_d7;38100;INTARIAN_PEPPER_ROOT;12589;23;12585;22;;;12595;12;12598;24;;;12592.0;0.0
yf_ZW=F_d7;38200;ASH_COATED_OSMIUM;9927;20;9925;13;;;9933;7;9935;22;;;9930.0;0.0
yf_ZW=F_d7;38200;INTARIAN_PEPPER_ROOT;12588;16;12586;15;;;12594;12;12596;15;;;12591.0;0.0
yf_ZW=F_d7;38300;ASH_COATED_OSMIUM;9923;15;9921;28;;;9938;24;9940;20;;;9930.5;0.0
yf_ZW=F_d7;38300;INTARIAN_PEPPER_ROOT;12587;18;12585;17;;;12593;14;12596;17;;;12590.0;0.0
yf_ZW=F_d7;38400;ASH_COATED_OSMIUM;9927;18;9923;15;;;9933;15;9935;19;;;9930.0;0.0
yf_ZW=F_d7;38400;INTARIAN_PEPPER_ROOT;12586;17;12583;16;;;12592;27;12594;19;;;12589.0;0.0
yf_ZW=F_d7;38500;ASH_COATED_OSMIUM;9927;22;9925;18;;;9933;9;9936;26;;;9930.0;0.0
yf_ZW=F_d7;38500;INTARIAN_PEPPER_ROOT;12578;14;12574;15;;;12598;19;12602;27;;;12588.0;0.0
yf_ZW=F_d7;38600;ASH_COATED_OSMIUM;9928;14;9924;21;;;9934;18;9936;16;;;9931.0;0.0
yf_ZW=F_d7;38600;INTARIAN_PEPPER_ROOT;12575;15;12573;22;;;12599;14;12602;20;;;12587.0;0.0
yf_ZW=F_d7;38700;ASH_COATED_OSMIUM;9927;11;9925;20;;;9933;18;9937;13;;;9930.0;0.0
yf_ZW=F_d7;38700;INTARIAN_PEPPER_ROOT;12583;14;12580;15;;;12589;5;12592;15;;;12586.0;0.0
yf_ZW=F_d7;38800;ASH_COATED_OSMIUM;9927;8;9925;21;;;9933;18;9936;11;;;9930.0;0.0
yf_ZW=F_d7;38800;INTARIAN_PEPPER_ROOT;12582;15;12580;23;;;12588;5;12592;19;;;12585.0;0.0
yf_ZW=F_d7;38900;ASH_COATED_OSMIUM;9927;10;9925;19;;;9933;16;9936;13;;;9930.0;0.0
yf_ZW=F_d7;38900;INTARIAN_PEPPER_ROOT;12580;26;12577;15;;;12588;9;12590;19;;;12584.0;0.0
yf_ZW=F_d7;39000;ASH_COATED_OSMIUM;9923;12;9920;21;;;9938;16;9941;30;;;9930.5;0.0
yf_ZW=F_d7;39000;INTARIAN_PEPPER_ROOT;12572;9;12568;24;;;12594;15;12598;26;;;12583.0;0.0
yf_ZW=F_d7;39100;ASH_COATED_OSMIUM;9928;18;9925;16;;;9934;12;9936;23;;;9931.0;0.0
yf_ZW=F_d7;39100;INTARIAN_PEPPER_ROOT;12578;14;12576;14;;;12584;18;12588;27;;;12581.0;0.0
yf_ZW=F_d7;39200;ASH_COATED_OSMIUM;9923;22;9919;16;;;9937;19;9941;26;;;9930.0;0.0
yf_ZW=F_d7;39200;INTARIAN_PEPPER_ROOT;12577;8;12575;22;;;12583;14;12586;8;;;12580.0;0.0
yf_ZW=F_d7;39300;ASH_COATED_OSMIUM;9926;14;9923;8;;;9936;14;9938;21;;;9931.0;0.0
yf_ZW=F_d7;39300;INTARIAN_PEPPER_ROOT;12576;15;12573;16;;;12582;13;12584;16;;;12579.0;0.0
yf_ZW=F_d7;39400;ASH_COATED_OSMIUM;9913;20;9910;16;;;9947;23;9950;15;;;9930.0;0.0
yf_ZW=F_d7;39400;INTARIAN_PEPPER_ROOT;12567;14;12564;22;;;12591;10;12594;20;;;12579.0;0.0
yf_ZW=F_d7;39500;ASH_COATED_OSMIUM;9927;19;9925;14;;;9933;20;9936;20;;;9930.0;0.0
yf_ZW=F_d7;39500;INTARIAN_PEPPER_ROOT;12574;19;12571;23;;;12580;7;12584;17;;;12577.0;0.0
yf_ZW=F_d7;39600;ASH_COATED_OSMIUM;9928;21;9925;21;;;9934;17;9936;22;;;9931.0;0.0
yf_ZW=F_d7;39600;INTARIAN_PEPPER_ROOT;12573;16;12569;28;;;12579;20;12581;17;;;12576.0;0.0
yf_ZW=F_d7;39700;ASH_COATED_OSMIUM;9928;10;9925;14;;;9934;11;9937;13;;;9931.0;0.0
yf_ZW=F_d7;39700;INTARIAN_PEPPER_ROOT;12571;22;12569;19;;;12579;21;12583;25;;;12575.0;0.0
yf_ZW=F_d7;39800;ASH_COATED_OSMIUM;9928;8;9924;8;;;9934;5;9938;16;;;9931.0;0.0
yf_ZW=F_d7;39800;INTARIAN_PEPPER_ROOT;12571;15;12568;12;;;12577;13;12579;17;;;12574.0;0.0
yf_ZW=F_d7;39900;ASH_COATED_OSMIUM;9928;19;9926;26;;;9934;12;9938;18;;;9931.0;0.0
yf_ZW=F_d7;39900;INTARIAN_PEPPER_ROOT;12570;15;12568;21;;;12576;15;12580;15;;;12573.0;0.0
yf_ZW=F_d7;40000;ASH_COATED_OSMIUM;9922;12;9918;17;;;9939;16;9941;19;;;9930.5;0.0
yf_ZW=F_d7;40000;INTARIAN_PEPPER_ROOT;12565;17;12563;19;;;12578;24;12582;21;;;12571.5;0.0
yf_ZW=F_d7;40100;ASH_COATED_OSMIUM;9928;12;9926;13;;;9934;15;9938;9;;;9931.0;0.0
yf_ZW=F_d7;40100;INTARIAN_PEPPER_ROOT;12561;16;12557;18;;;12581;8;12583;14;;;12571.0;0.0
yf_ZW=F_d7;40200;ASH_COATED_OSMIUM;9928;10;9925;19;;;9934;17;9936;8;;;9931.0;0.0
yf_ZW=F_d7;40200;INTARIAN_PEPPER_ROOT;12565;15;12563;21;;;12573;16;12576;13;;;12569.0;0.0
yf_ZW=F_d7;40300;ASH_COATED_OSMIUM;9925;19;9923;24;;;9938;8;9941;18;;;9931.5;0.0
yf_ZW=F_d7;40300;INTARIAN_PEPPER_ROOT;12565;12;12561;23;;;12571;17;12574;25;;;12568.0;0.0
yf_ZW=F_d7;40400;ASH_COATED_OSMIUM;9922;20;9918;32;;;9940;21;9942;17;;;9931.0;0.0
yf_ZW=F_d7;40400;INTARIAN_PEPPER_ROOT;12562;17;12558;14;;;12571;19;12575;22;;;12566.5;0.0
yf_ZW=F_d7;40500;ASH_COATED_OSMIUM;9928;16;9926;30;;;9934;16;9937;17;;;9931.0;0.0
yf_ZW=F_d7;40500;INTARIAN_PEPPER_ROOT;12563;18;12561;15;;;12569;16;12573;20;;;12566.0;0.0
yf_ZW=F_d7;40600;ASH_COATED_OSMIUM;9927;13;9925;22;;;9935;15;9939;23;;;9931.0;0.0
yf_ZW=F_d7;40600;INTARIAN_PEPPER_ROOT;12562;22;12558;23;;;12568;15;12570;19;;;12565.0;0.0
yf_ZW=F_d7;40700;ASH_COATED_OSMIUM;9928;20;9924;20;;;9934;17;9937;15;;;9931.0;0.0
yf_ZW=F_d7;40700;INTARIAN_PEPPER_ROOT;12557;11;12554;24;;;12572;8;12574;28;;;12564.5;0.0
yf_ZW=F_d7;40800;ASH_COATED_OSMIUM;9926;30;9924;22;;;9936;14;9940;30;;;9931.0;0.0
yf_ZW=F_d7;40800;INTARIAN_PEPPER_ROOT;12560;18;12557;16;;;12566;13;12570;14;;;12563.0;0.0
yf_ZW=F_d7;40900;ASH_COATED_OSMIUM;9928;5;9925;21;;;9934;19;9936;24;;;9931.0;0.0
yf_ZW=F_d7;40900;INTARIAN_PEPPER_ROOT;12559;9;12557;20;;;12565;20;12568;20;;;12562.0;0.0
yf_ZW=F_d7;41000;ASH_COATED_OSMIUM;9926;18;9923;19;;;9935;17;9939;27;;;9930.5;0.0
yf_ZW=F_d7;41000;INTARIAN_PEPPER_ROOT;12552;10;12548;17;;;12569;5;12573;19;;;12560.5;0.0
yf_ZW=F_d7;41100;ASH_COATED_OSMIUM;9927;21;9924;22;;;9936;12;9939;23;;;9931.5;0.0
yf_ZW=F_d7;41100;INTARIAN_PEPPER_ROOT;12557;14;12553;19;;;12563;15;12565;24;;;12560.0;0.0
yf_ZW=F_d7;41200;ASH_COATED_OSMIUM;9928;20;9925;25;;;9934;17;9938;16;;;9931.0;0.0
yf_ZW=F_d7;41200;INTARIAN_PEPPER_ROOT;12555;14;12552;14;;;12562;25;12566;13;;;12558.5;0.0
yf_ZW=F_d7;41300;ASH_COATED_OSMIUM;9928;12;9924;21;;;9934;8;9938;18;;;9931.0;0.0
yf_ZW=F_d7;41300;INTARIAN_PEPPER_ROOT;12555;9;12553;23;;;12561;12;12564;21;;;12558.0;0.0
yf_ZW=F_d7;41400;ASH_COATED_OSMIUM;9927;13;9923;27;;;9935;15;9939;19;;;9931.0;0.0
yf_ZW=F_d7;41400;INTARIAN_PEPPER_ROOT;12546;23;12543;21;;;12567;9;12570;25;;;12556.5;0.0
yf_ZW=F_d7;41500;ASH_COATED_OSMIUM;9924;13;9922;25;;;9938;17;9942;14;;;9931.0;0.0
yf_ZW=F_d7;41500;INTARIAN_PEPPER_ROOT;12551;10;12548;25;;;12559;14;12562;16;;;12555.0;0.0
yf_ZW=F_d7;41600;ASH_COATED_OSMIUM;9925;16;9923;16;;;9937;23;9939;25;;;9931.0;0.0
yf_ZW=F_d7;41600;INTARIAN_PEPPER_ROOT;12551;16;12549;23;;;12557;13;12560;20;;;12554.0;0.0
yf_ZW=F_d7;41700;ASH_COATED_OSMIUM;9918;23;9915;20;;;9944;16;9946;32;;;9931.0;0.0
yf_ZW=F_d7;41700;INTARIAN_PEPPER_ROOT;12551;5;12549;10;;;12557;16;12560;23;;;12554.0;0.0
yf_ZW=F_d7;41800;ASH_COATED_OSMIUM;9928;14;9926;18;;;9934;11;9938;23;;;9931.0;0.0
yf_ZW=F_d7;41800;INTARIAN_PEPPER_ROOT;12538;20;12534;21;;;12565;23;12568;30;;;12551.5;0.0
yf_ZW=F_d7;41900;ASH_COATED_OSMIUM;9929;20;9927;22;;;9935;22;9939;15;;;9932.0;0.0
yf_ZW=F_d7;41900;INTARIAN_PEPPER_ROOT;12548;9;12545;18;;;12554;17;12557;16;;;12551.0;0.0
yf_ZW=F_d7;42000;ASH_COATED_OSMIUM;9927;21;9925;17;;;9936;19;9938;18;;;9931.5;0.0
yf_ZW=F_d7;42000;INTARIAN_PEPPER_ROOT;12546;15;12543;18;;;12552;17;12555;14;;;12549.0;0.0
yf_ZW=F_d7;42100;ASH_COATED_OSMIUM;9929;13;9927;19;;;9935;21;9939;22;;;9932.0;0.0
yf_ZW=F_d7;42100;INTARIAN_PEPPER_ROOT;12538;11;12536;26;;;12559;5;12562;11;;;12548.5;0.0
yf_ZW=F_d7;42200;ASH_COATED_OSMIUM;9927;17;9925;12;;;9936;13;9940;26;;;9931.5;0.0
yf_ZW=F_d7;42200;INTARIAN_PEPPER_ROOT;12545;11;12543;16;;;12551;14;12553;21;;;12548.0;0.0
yf_ZW=F_d7;42300;ASH_COATED_OSMIUM;9929;14;9927;27;;;9935;13;9938;18;;;9932.0;0.0
yf_ZW=F_d7;42300;INTARIAN_PEPPER_ROOT;12544;9;12541;12;;;12550;9;12553;24;;;12547.0;0.0
yf_ZW=F_d7;42400;ASH_COATED_OSMIUM;9929;13;9925;17;;;9935;14;9939;20;;;9932.0;0.0
yf_ZW=F_d7;42400;INTARIAN_PEPPER_ROOT;12542;23;12538;18;;;12549;16;12553;16;;;12545.5;0.0
yf_ZW=F_d7;42500;ASH_COATED_OSMIUM;9925;15;9921;23;;;9939;9;9941;20;;;9932.0;0.0
yf_ZW=F_d7;42500;INTARIAN_PEPPER_ROOT;12542;12;12540;26;;;12548;11;12551;21;;;12545.0;0.0
yf_ZW=F_d7;42600;ASH_COATED_OSMIUM;9928;9;9926;15;;;9934;10;9938;14;;;9931.0;0.0
yf_ZW=F_d7;42600;INTARIAN_PEPPER_ROOT;12540;20;12537;10;;;12546;20;12549;16;;;12543.0;0.0
yf_ZW=F_d7;42700;ASH_COATED_OSMIUM;9928;17;9925;12;;;9936;11;9939;15;;;9932.0;0.0
yf_ZW=F_d7;42700;INTARIAN_PEPPER_ROOT;12539;11;12536;18;;;12545;17;12549;24;;;12542.0;0.0
yf_ZW=F_d7;42800;ASH_COATED_OSMIUM;9929;11;9925;22;;;9935;18;9937;17;;;9932.0;0.0
yf_ZW=F_d7;42800;INTARIAN_PEPPER_ROOT;12538;5;12536;17;;;12546;5;12548;15;;;12542.0;0.0
yf_ZW=F_d7;42900;ASH_COATED_OSMIUM;9929;8;9927;18;;;9935;16;9939;26;;;9932.0;0.0
yf_ZW=F_d7;42900;INTARIAN_PEPPER_ROOT;12529;21;12526;16;;;12551;13;12553;17;;;12540.0;0.0
yf_ZW=F_d7;43000;ASH_COATED_OSMIUM;9930;5;9928;21;;;9936;19;9939;14;;;9933.0;0.0
yf_ZW=F_d7;43000;INTARIAN_PEPPER_ROOT;12537;16;12534;21;;;12543;10;12545;24;;;12540.0;0.0
yf_ZW=F_d7;43100;ASH_COATED_OSMIUM;9925;13;9922;23;;;9939;15;9942;20;;;9932.0;0.0
yf_ZW=F_d7;43100;INTARIAN_PEPPER_ROOT;12517;17;12513;24;;;12559;16;12562;30;;;12538.0;0.0
yf_ZW=F_d7;43200;ASH_COATED_OSMIUM;9929;20;9925;20;;;9935;15;9939;14;;;9932.0;0.0
yf_ZW=F_d7;43200;INTARIAN_PEPPER_ROOT;12533;9;12531;19;;;12541;21;12545;17;;;12537.0;0.0
yf_ZW=F_d7;43300;ASH_COATED_OSMIUM;9929;10;9925;19;;;9935;18;9938;19;;;9932.0;0.0
yf_ZW=F_d7;43300;INTARIAN_PEPPER_ROOT;12533;7;12529;23;;;12539;12;12543;24;;;12536.0;0.0
yf_ZW=F_d7;43400;ASH_COATED_OSMIUM;9929;11;9925;22;;;9935;14;9937;17;;;9932.0;0.0
yf_ZW=F_d7;43400;INTARIAN_PEPPER_ROOT;12522;17;12518;11;;;12547;11;12549;19;;;12534.5;0.0
yf_ZW=F_d7;43500;ASH_COATED_OSMIUM;9928;25;9924;25;;;9937;10;9940;23;;;9932.5;0.0
yf_ZW=F_d7;43500;INTARIAN_PEPPER_ROOT;12530;16;12526;18;;;12536;25;12539;18;;;12533.0;0.0
yf_ZW=F_d7;43600;ASH_COATED_OSMIUM;9929;19;9926;18;;;9935;5;9937;22;;;9932.0;0.0
yf_ZW=F_d7;43600;INTARIAN_PEPPER_ROOT;12520;16;12517;31;;;12543;19;12546;24;;;12531.5;0.0
yf_ZW=F_d7;43700;ASH_COATED_OSMIUM;9930;17;9928;19;;;9936;13;9938;20;;;9933.0;0.0
yf_ZW=F_d7;43700;INTARIAN_PEPPER_ROOT;12526;14;12523;30;;;12537;12;12540;13;;;12531.5;0.0
yf_ZW=F_d7;43800;ASH_COATED_OSMIUM;9929;15;9925;12;;;9935;18;9938;22;;;9932.0;0.0
yf_ZW=F_d7;43800;INTARIAN_PEPPER_ROOT;12528;19;12526;19;;;12534;19;12536;10;;;12531.0;0.0
yf_ZW=F_d7;43900;ASH_COATED_OSMIUM;9922;11;9919;21;;;9943;14;9945;17;;;9932.5;0.0
yf_ZW=F_d7;43900;INTARIAN_PEPPER_ROOT;12525;8;12522;23;;;12534;20;12536;8;;;12529.5;0.0
yf_ZW=F_d7;44000;ASH_COATED_OSMIUM;9928;18;9925;25;;;9938;15;9942;15;;;9933.0;0.0
yf_ZW=F_d7;44000;INTARIAN_PEPPER_ROOT;12525;7;12522;24;;;12531;15;12533;30;;;12528.0;0.0
yf_ZW=F_d7;44100;ASH_COATED_OSMIUM;9929;8;9925;31;;;9936;8;9940;26;;;9932.5;0.0
yf_ZW=F_d7;44100;INTARIAN_PEPPER_ROOT;12524;15;12521;15;;;12530;13;12533;26;;;12527.0;0.0
yf_ZW=F_d7;44200;ASH_COATED_OSMIUM;9930;9;9928;20;;;9936;16;9939;19;;;9933.0;0.0
yf_ZW=F_d7;44200;INTARIAN_PEPPER_ROOT;12524;8;12521;13;;;12530;20;12534;13;;;12527.0;0.0
yf_ZW=F_d7;44300;ASH_COATED_OSMIUM;9929;20;9925;14;;;9935;6;9939;14;;;9932.0;0.0
yf_ZW=F_d7;44300;INTARIAN_PEPPER_ROOT;12518;15;12515;13;;;12530;11;12533;14;;;12524.0;0.0
yf_ZW=F_d7;44400;ASH_COATED_OSMIUM;9929;15;9925;20;;;9935;16;9938;11;;;9932.0;0.0
yf_ZW=F_d7;44400;INTARIAN_PEPPER_ROOT;12521;13;12518;23;;;12527;21;12530;33;;;12524.0;0.0
yf_ZW=F_d7;44500;ASH_COATED_OSMIUM;9930;25;9927;18;;;9936;13;9940;22;;;9933.0;0.0
yf_ZW=F_d7;44500;INTARIAN_PEPPER_ROOT;12519;23;12516;10;;;12527;16;12530;21;;;12523.0;0.0
yf_ZW=F_d7;44600;ASH_COATED_OSMIUM;9930;5;9928;12;;;9936;11;9940;16;;;9933.0;0.0
yf_ZW=F_d7;44600;INTARIAN_PEPPER_ROOT;12518;16;12514;21;;;12524;14;12527;20;;;12521.0;0.0
yf_ZW=F_d7;44700;ASH_COATED_OSMIUM;9915;22;9911;8;;;9950;15;9952;17;;;9932.5;0.0
yf_ZW=F_d7;44700;INTARIAN_PEPPER_ROOT;12517;12;12513;18;;;12523;13;12525;18;;;12520.0;0.0
yf_ZW=F_d7;44800;ASH_COATED_OSMIUM;9927;5;9923;24;;;9938;12;9942;23;;;9932.5;0.0
yf_ZW=F_d7;44800;INTARIAN_PEPPER_ROOT;12517;23;12515;26;;;12523;17;12527;19;;;12520.0;0.0
yf_ZW=F_d7;44900;ASH_COATED_OSMIUM;9930;8;9928;12;;;9936;8;9940;19;;;9933.0;0.0
yf_ZW=F_d7;44900;INTARIAN_PEPPER_ROOT;12515;15;12511;14;;;12521;9;12523;14;;;12518.0;0.0
yf_ZW=F_d7;45000;ASH_COATED_OSMIUM;9930;14;9926;25;;;9936;11;9938;15;;;9933.0;0.0
yf_ZW=F_d7;45000;INTARIAN_PEPPER_ROOT;12514;9;12512;26;;;12520;19;12524;22;;;12517.0;0.0
yf_ZW=F_d7;45100;ASH_COATED_OSMIUM;9929;5;9927;25;;;9935;20;9937;15;;;9932.0;0.0
yf_ZW=F_d7;45100;INTARIAN_PEPPER_ROOT;12508;12;12505;20;;;12524;26;12528;18;;;12516.0;0.0
yf_ZW=F_d7;45200;ASH_COATED_OSMIUM;9928;17;9924;17;;;9937;16;9939;13;;;9932.5;0.0
yf_ZW=F_d7;45200;INTARIAN_PEPPER_ROOT;12512;10;12509;18;;;12518;20;12521;19;;;12515.0;0.0
yf_ZW=F_d7;45300;ASH_COATED_OSMIUM;9928;11;9924;11;;;9939;17;9943;22;;;9933.5;0.0
yf_ZW=F_d7;45300;INTARIAN_PEPPER_ROOT;12501;16;12498;19;;;12525;16;12527;26;;;12513.0;0.0
yf_ZW=F_d7;45400;ASH_COATED_OSMIUM;9931;17;9929;19;;;9937;11;9939;23;;;9934.0;0.0
yf_ZW=F_d7;45400;INTARIAN_PEPPER_ROOT;12506;14;12503;25;;;12519;18;12522;19;;;12512.5;0.0
yf_ZW=F_d7;45500;ASH_COATED_OSMIUM;9926;27;9922;14;;;9941;19;9945;17;;;9933.5;0.0
yf_ZW=F_d7;45500;INTARIAN_PEPPER_ROOT;12506;18;12504;24;;;12517;9;12519;16;;;12511.5;0.0
yf_ZW=F_d7;45600;ASH_COATED_OSMIUM;9929;20;9927;23;;;9938;16;9940;19;;;9933.5;0.0
yf_ZW=F_d7;45600;INTARIAN_PEPPER_ROOT;12508;16;12504;15;;;12514;19;12516;14;;;12511.0;0.0
yf_ZW=F_d7;45700;ASH_COATED_OSMIUM;9926;16;9922;18;;;9941;10;9943;24;;;9933.5;0.0
yf_ZW=F_d7;45700;INTARIAN_PEPPER_ROOT;12504;19;12502;10;;;12515;13;12517;13;;;12509.5;0.0
yf_ZW=F_d7;45800;ASH_COATED_OSMIUM;9921;15;9917;12;;;9946;17;9948;21;;;9933.5;0.0
yf_ZW=F_d7;45800;INTARIAN_PEPPER_ROOT;12502;11;12498;18;;;12515;10;12517;19;;;12508.5;0.0
yf_ZW=F_d7;45900;ASH_COATED_OSMIUM;9922;9;9919;13;;;9945;12;9948;26;;;9933.5;0.0
yf_ZW=F_d7;45900;INTARIAN_PEPPER_ROOT;12501;16;12498;23;;;12514;7;12516;24;;;12507.5;0.0
yf_ZW=F_d7;46000;ASH_COATED_OSMIUM;9931;14;9929;22;;;9937;20;9941;23;;;9934.0;0.0
yf_ZW=F_d7;46000;INTARIAN_PEPPER_ROOT;12503;13;12499;23;;;12509;21;12511;17;;;12506.0;0.0
yf_ZW=F_d7;46100;ASH_COATED_OSMIUM;9931;12;9929;12;;;9937;12;9939;24;;;9934.0;0.0
yf_ZW=F_d7;46100;INTARIAN_PEPPER_ROOT;12502;7;12499;18;;;12508;23;12511;19;;;12505.0;0.0
yf_ZW=F_d7;46200;ASH_COATED_OSMIUM;9930;12;9928;23;;;9937;9;9941;24;;;9933.5;0.0
yf_ZW=F_d7;46200;INTARIAN_PEPPER_ROOT;12501;8;12498;15;;;12508;8;12511;22;;;12504.5;0.0
yf_ZW=F_d7;46300;ASH_COATED_OSMIUM;9930;11;9928;19;;;9936;13;9938;13;;;9933.0;0.0
yf_ZW=F_d7;46300;INTARIAN_PEPPER_ROOT;12491;10;12488;20;;;12514;18;12516;27;;;12502.5;0.0
yf_ZW=F_d7;46400;ASH_COATED_OSMIUM;9928;5;9925;29;;;9939;8;9941;21;;;9933.5;0.0
yf_ZW=F_d7;46400;INTARIAN_PEPPER_ROOT;12498;10;12495;14;;;12507;8;12511;19;;;12502.5;0.0
yf_ZW=F_d7;46500;ASH_COATED_OSMIUM;9931;11;9929;17;;;9937;15;9940;14;;;9934.0;0.0
yf_ZW=F_d7;46500;INTARIAN_PEPPER_ROOT;12498;20;12494;25;;;12504;19;12508;20;;;12501.0;0.0
yf_ZW=F_d7;46600;ASH_COATED_OSMIUM;9928;21;9924;24;;;9940;13;9943;21;;;9934.0;0.0
yf_ZW=F_d7;46600;INTARIAN_PEPPER_ROOT;12497;17;12495;20;;;12503;18;12507;16;;;12500.0;0.0
yf_ZW=F_d7;46700;ASH_COATED_OSMIUM;9931;18;9928;17;;;9937;24;9939;26;;;9934.0;0.0
yf_ZW=F_d7;46700;INTARIAN_PEPPER_ROOT;12495;24;12492;14;;;12501;14;12504;20;;;12498.0;0.0
yf_ZW=F_d7;46800;ASH_COATED_OSMIUM;9931;17;9929;20;;;9937;11;9940;27;;;9934.0;0.0
yf_ZW=F_d7;46800;INTARIAN_PEPPER_ROOT;12495;15;12491;12;;;12501;18;12503;21;;;12498.0;0.0
yf_ZW=F_d7;46900;ASH_COATED_OSMIUM;9930;18;9927;26;;;9938;5;9941;20;;;9934.0;0.0
yf_ZW=F_d7;46900;INTARIAN_PEPPER_ROOT;12494;7;12491;17;;;12500;15;12502;25;;;12497.0;0.0
yf_ZW=F_d7;47000;ASH_COATED_OSMIUM;9927;15;9924;24;;;9940;19;9944;13;;;9933.5;0.0
yf_ZW=F_d7;47000;INTARIAN_PEPPER_ROOT;12493;12;12489;28;;;12499;24;12501;19;;;12496.0;0.0
yf_ZW=F_d7;47100;ASH_COATED_OSMIUM;9931;11;9927;21;;;9937;14;9941;19;;;9934.0;0.0
yf_ZW=F_d7;47100;INTARIAN_PEPPER_ROOT;12489;23;12486;27;;;12501;25;12505;25;;;12495.0;0.0
yf_ZW=F_d7;47200;ASH_COATED_OSMIUM;9930;17;9926;20;;;9936;15;9939;35;;;9933.0;0.0
yf_ZW=F_d7;47200;INTARIAN_PEPPER_ROOT;12491;19;12489;19;;;12497;10;12500;25;;;12494.0;0.0
yf_ZW=F_d7;47300;ASH_COATED_OSMIUM;9930;13;9926;23;;;9937;12;9939;22;;;9933.5;0.0
yf_ZW=F_d7;47300;INTARIAN_PEPPER_ROOT;12489;18;12486;19;;;12495;18;12499;15;;;12492.0;0.0
yf_ZW=F_d7;47400;ASH_COATED_OSMIUM;9931;25;9929;23;;;9937;20;9940;15;;;9934.0;0.0
yf_ZW=F_d7;47400;INTARIAN_PEPPER_ROOT;12481;10;12479;17;;;12502;16;12506;16;;;12491.5;0.0
yf_ZW=F_d7;47500;ASH_COATED_OSMIUM;9931;16;9929;19;;;9937;16;9939;32;;;9934.0;0.0
yf_ZW=F_d7;47500;INTARIAN_PEPPER_ROOT;12487;24;12484;25;;;12493;10;12496;16;;;12490.0;0.0
yf_ZW=F_d7;47600;ASH_COATED_OSMIUM;9931;11;9927;24;;;9937;9;9939;25;;;9934.0;0.0
yf_ZW=F_d7;47600;INTARIAN_PEPPER_ROOT;12486;5;12483;27;;;12492;10;12494;17;;;12489.0;0.0
yf_ZW=F_d7;47700;ASH_COATED_OSMIUM;9931;24;9929;18;;;9937;22;9941;14;;;9934.0;0.0
yf_ZW=F_d7;47700;INTARIAN_PEPPER_ROOT;12482;16;12478;16;;;12493;12;12495;26;;;12487.5;0.0
yf_ZW=F_d7;47800;ASH_COATED_OSMIUM;9928;11;9924;15;;;9940;11;9944;18;;;9934.0;0.0
yf_ZW=F_d7;47800;INTARIAN_PEPPER_ROOT;12484;5;12480;10;;;12490;18;12492;18;;;12487.0;0.0
yf_ZW=F_d7;47900;ASH_COATED_OSMIUM;9931;14;9929;28;;;9937;17;9939;12;;;9934.0;0.0
yf_ZW=F_d7;47900;INTARIAN_PEPPER_ROOT;12479;17;12477;17;;;12492;17;12494;20;;;12485.5;0.0
yf_ZW=F_d7;48000;ASH_COATED_OSMIUM;9928;8;9926;16;;;9940;16;9942;18;;;9934.0;0.0
yf_ZW=F_d7;48000;INTARIAN_PEPPER_ROOT;12481;11;12478;23;;;12487;9;12489;18;;;12484.0;0.0
yf_ZW=F_d7;48100;ASH_COATED_OSMIUM;9932;17;9929;29;;;9938;7;9940;18;;;9935.0;0.0
yf_ZW=F_d7;48100;INTARIAN_PEPPER_ROOT;12480;7;12478;24;;;12486;16;12489;17;;;12483.0;0.0
yf_ZW=F_d7;48200;ASH_COATED_OSMIUM;9932;17;9929;19;;;9938;8;9942;27;;;9935.0;0.0
yf_ZW=F_d7;48200;INTARIAN_PEPPER_ROOT;12479;16;12476;22;;;12487;15;12489;25;;;12483.0;0.0
yf_ZW=F_d7;48300;ASH_COATED_OSMIUM;9931;24;9929;17;;;9937;11;9940;32;;;9934.0;0.0
yf_ZW=F_d7;48300;INTARIAN_PEPPER_ROOT;12477;14;12474;17;;;12485;6;12488;27;;;12481.0;0.0
yf_ZW=F_d7;48400;ASH_COATED_OSMIUM;9927;12;9925;21;;;9942;10;9945;16;;;9934.5;0.0
yf_ZW=F_d7;48400;INTARIAN_PEPPER_ROOT;12477;19;12474;11;;;12483;22;12486;26;;;12480.0;0.0
yf_ZW=F_d7;48500;ASH_COATED_OSMIUM;9932;12;9930;24;;;9938;23;9941;26;;;9935.0;0.0
yf_ZW=F_d7;48500;INTARIAN_PEPPER_ROOT;12475;16;12472;19;;;12484;22;12486;12;;;12479.5;0.0
yf_ZW=F_d7;48600;ASH_COATED_OSMIUM;9929;17;9927;24;;;9939;19;9942;21;;;9934.0;0.0
yf_ZW=F_d7;48600;INTARIAN_PEPPER_ROOT;12475;22;12471;19;;;12481;14;12485;23;;;12478.0;0.0
yf_ZW=F_d7;48700;ASH_COATED_OSMIUM;9921;15;9917;22;;;9950;11;9953;13;;;9935.5;0.0
yf_ZW=F_d7;48700;INTARIAN_PEPPER_ROOT;12474;16;12471;19;;;12480;23;12484;21;;;12477.0;0.0
yf_ZW=F_d7;48800;ASH_COATED_OSMIUM;9931;12;9927;13;;;9937;5;9941;20;;;9934.0;0.0
yf_ZW=F_d7;48800;INTARIAN_PEPPER_ROOT;12473;11;12469;21;;;12479;22;12481;23;;;12476.0;0.0
yf_ZW=F_d7;48900;ASH_COATED_OSMIUM;9931;24;9929;25;;;9937;19;9941;29;;;9934.0;0.0
yf_ZW=F_d7;48900;INTARIAN_PEPPER_ROOT;12463;13;12461;21;;;12487;19;12491;16;;;12475.0;0.0
yf_ZW=F_d7;49000;ASH_COATED_OSMIUM;9928;5;9926;24;;;9942;12;9945;23;;;9935.0;0.0
yf_ZW=F_d7;49000;INTARIAN_PEPPER_ROOT;12471;14;12468;18;;;12477;16;12479;13;;;12474.0;0.0
yf_ZW=F_d7;49100;ASH_COATED_OSMIUM;9932;15;9929;28;;;9938;17;9942;19;;;9935.0;0.0
yf_ZW=F_d7;49100;INTARIAN_PEPPER_ROOT;12470;16;12467;21;;;12477;12;12479;12;;;12473.5;0.0
yf_ZW=F_d7;49200;ASH_COATED_OSMIUM;9927;17;9923;30;;;9943;25;9947;28;;;9935.0;0.0
yf_ZW=F_d7;49200;INTARIAN_PEPPER_ROOT;12469;24;12465;24;;;12475;19;12477;17;;;12472.0;0.0
yf_ZW=F_d7;49300;ASH_COATED_OSMIUM;9932;16;9929;24;;;9938;17;9940;22;;;9935.0;0.0
yf_ZW=F_d7;49300;INTARIAN_PEPPER_ROOT;12465;10;12463;24;;;12475;16;12477;17;;;12470.0;0.0
yf_ZW=F_d7;49400;ASH_COATED_OSMIUM;9932;17;9930;20;;;9938;17;9941;15;;;9935.0;0.0
yf_ZW=F_d7;49400;INTARIAN_PEPPER_ROOT;12463;19;12460;19;;;12477;5;12481;18;;;12470.0;0.0
yf_ZW=F_d7;49500;ASH_COATED_OSMIUM;9924;16;9921;22;;;9946;11;9949;22;;;9935.0;0.0
yf_ZW=F_d7;49500;INTARIAN_PEPPER_ROOT;12458;12;12454;20;;;12480;10;12484;17;;;12469.0;0.0
yf_ZW=F_d7;49600;ASH_COATED_OSMIUM;9928;10;9924;28;;;9942;13;9946;14;;;9935.0;0.0
yf_ZW=F_d7;49600;INTARIAN_PEPPER_ROOT;12464;16;12460;22;;;12470;16;12474;23;;;12467.0;0.0
yf_ZW=F_d7;49700;ASH_COATED_OSMIUM;9932;9;9930;22;;;9938;20;9941;22;;;9935.0;0.0
yf_ZW=F_d7;49700;INTARIAN_PEPPER_ROOT;12463;11;12459;25;;;12469;16;12473;25;;;12466.0;0.0
yf_ZW=F_d7;49800;ASH_COATED_OSMIUM;9932;12;9928;20;;;9938;6;9940;12;;;9935.0;0.0
yf_ZW=F_d7;49800;INTARIAN_PEPPER_ROOT;12452;10;12448;17;;;12477;10;12480;16;;;12464.5;0.0
yf_ZW=F_d7;49900;ASH_COATED_OSMIUM;9927;15;9923;19;;;9944;14;9947;8;;;9935.5;0.0
yf_ZW=F_d7;49900;INTARIAN_PEPPER_ROOT;12461;19;12459;13;;;12467;20;12469;18;;;12464.0;0.0
yf_ZW=F_d7;50000;ASH_COATED_OSMIUM;9925;11;9921;25;;;9947;12;9950;22;;;9936.0;0.0
yf_ZW=F_d7;50000;INTARIAN_PEPPER_ROOT;12460;15;12458;18;;;12466;8;12468;17;;;12463.0;0.0
yf_ZW=F_d7;50100;ASH_COATED_OSMIUM;9932;16;9928;27;;;9938;22;9941;25;;;9935.0;0.0
yf_ZW=F_d7;50100;INTARIAN_PEPPER_ROOT;12459;18;12456;12;;;12465;5;12468;17;;;12462.0;0.0
yf_ZW=F_d7;50200;ASH_COATED_OSMIUM;9926;18;9923;25;;;9944;13;9946;32;;;9935.0;0.0
yf_ZW=F_d7;50200;INTARIAN_PEPPER_ROOT;12458;17;12455;24;;;12464;15;12467;26;;;12461.0;0.0
yf_ZW=F_d7;50300;ASH_COATED_OSMIUM;9929;18;9926;20;;;9940;15;9944;19;;;9934.5;0.0
yf_ZW=F_d7;50300;INTARIAN_PEPPER_ROOT;12456;5;12452;18;;;12463;17;12467;20;;;12459.5;0.0
yf_ZW=F_d7;50400;ASH_COATED_OSMIUM;9932;26;9929;16;;;9938;18;9940;26;;;9935.0;0.0
yf_ZW=F_d7;50400;INTARIAN_PEPPER_ROOT;12456;17;12452;17;;;12462;22;12466;14;;;12459.0;0.0
yf_ZW=F_d7;50500;ASH_COATED_OSMIUM;9932;20;9929;18;;;9938;10;9942;22;;;9935.0;0.0
yf_ZW=F_d7;50500;INTARIAN_PEPPER_ROOT;12453;16;12450;15;;;12462;14;12466;24;;;12457.5;0.0
yf_ZW=F_d7;50600;ASH_COATED_OSMIUM;9927;19;9923;20;;;9943;7;9946;17;;;9935.0;0.0
yf_ZW=F_d7;50600;INTARIAN_PEPPER_ROOT;12454;12;12450;14;;;12460;11;12463;12;;;12457.0;0.0
yf_ZW=F_d7;50700;ASH_COATED_OSMIUM;9932;6;9930;19;;;9938;13;9940;22;;;9935.0;0.0
yf_ZW=F_d7;50700;INTARIAN_PEPPER_ROOT;12452;10;12449;21;;;12458;18;12461;22;;;12455.0;0.0
yf_ZW=F_d7;50800;ASH_COATED_OSMIUM;9932;21;9929;26;;;9938;10;9942;18;;;9935.0;0.0
yf_ZW=F_d7;50800;INTARIAN_PEPPER_ROOT;12449;13;12445;18;;;12459;18;12463;21;;;12454.0;0.0
yf_ZW=F_d7;50900;ASH_COATED_OSMIUM;9933;18;9930;16;;;9939;5;9943;22;;;9936.0;0.0
yf_ZW=F_d7;50900;INTARIAN_PEPPER_ROOT;12451;21;12449;23;;;12458;11;12461;19;;;12454.5;0.0
yf_ZW=F_d7;51000;ASH_COATED_OSMIUM;9932;15;9930;22;;;9938;16;9940;35;;;9935.0;0.0
yf_ZW=F_d7;51000;INTARIAN_PEPPER_ROOT;12452;21;12448;14;;;12458;13;12460;18;;;12455.0;0.0
yf_ZW=F_d7;51100;ASH_COATED_OSMIUM;9932;15;9930;23;;;9938;6;9941;17;;;9935.0;0.0
yf_ZW=F_d7;51100;INTARIAN_PEPPER_ROOT;12453;15;12449;15;;;12459;15;12463;30;;;12456.0;0.0
yf_ZW=F_d7;51200;ASH_COATED_OSMIUM;9932;21;9930;30;;;9938;9;9942;22;;;9935.0;0.0
yf_ZW=F_d7;51200;INTARIAN_PEPPER_ROOT;12454;14;12452;17;;;12460;18;12463;19;;;12457.0;0.0
yf_ZW=F_d7;51300;ASH_COATED_OSMIUM;9932;10;9928;16;;;9938;14;9942;24;;;9935.0;0.0
yf_ZW=F_d7;51300;INTARIAN_PEPPER_ROOT;12453;19;12449;18;;;12461;14;12464;24;;;12457.0;0.0
yf_ZW=F_d7;51400;ASH_COATED_OSMIUM;9931;7;9927;26;;;9939;14;9941;25;;;9935.0;0.0
yf_ZW=F_d7;51400;INTARIAN_PEPPER_ROOT;12450;20;12448;20;;;12465;19;12468;11;;;12457.5;0.0
yf_ZW=F_d7;51500;ASH_COATED_OSMIUM;9928;13;9925;18;;;9943;21;9947;21;;;9935.5;0.0
yf_ZW=F_d7;51500;INTARIAN_PEPPER_ROOT;12455;16;12452;19;;;12461;12;12465;16;;;12458.0;0.0
yf_ZW=F_d7;51600;ASH_COATED_OSMIUM;9931;13;9929;26;;;9938;15;9942;22;;;9934.5;0.0
yf_ZW=F_d7;51600;INTARIAN_PEPPER_ROOT;12456;12;12452;30;;;12462;9;12466;26;;;12459.0;0.0
yf_ZW=F_d7;51700;ASH_COATED_OSMIUM;9931;5;9927;22;;;9939;18;9943;10;;;9935.0;0.0
yf_ZW=F_d7;51700;INTARIAN_PEPPER_ROOT;12457;20;12454;21;;;12463;17;12467;17;;;12460.0;0.0
yf_ZW=F_d7;51800;ASH_COATED_OSMIUM;9932;15;9929;16;;;9938;9;9941;15;;;9935.0;0.0
yf_ZW=F_d7;51800;INTARIAN_PEPPER_ROOT;12458;12;12455;10;;;12464;14;12466;15;;;12461.0;0.0
yf_ZW=F_d7;51900;ASH_COATED_OSMIUM;9931;7;9927;22;;;9939;10;9943;22;;;9935.0;0.0
yf_ZW=F_d7;51900;INTARIAN_PEPPER_ROOT;12459;11;12455;17;;;12465;14;12468;16;;;12462.0;0.0
yf_ZW=F_d7;52000;ASH_COATED_OSMIUM;9932;24;9929;27;;;9938;5;9941;21;;;9935.0;0.0
yf_ZW=F_d7;52000;INTARIAN_PEPPER_ROOT;12457;21;12454;18;;;12467;15;12471;22;;;12462.0;0.0
yf_ZW=F_d7;52100;ASH_COATED_OSMIUM;9932;10;9929;19;;;9938;11;9942;21;;;9935.0;0.0
yf_ZW=F_d7;52100;INTARIAN_PEPPER_ROOT;12456;14;12452;11;;;12470;10;12472;18;;;12463.0;0.0
yf_ZW=F_d7;52200;ASH_COATED_OSMIUM;9932;12;9930;13;;;9938;9;9942;18;;;9935.0;0.0
yf_ZW=F_d7;52200;INTARIAN_PEPPER_ROOT;12459;5;12456;16;;;12469;24;12471;15;;;12464.0;0.0
yf_ZW=F_d7;52300;ASH_COATED_OSMIUM;9930;17;9927;19;;;9941;18;9944;21;;;9935.5;0.0
yf_ZW=F_d7;52300;INTARIAN_PEPPER_ROOT;12461;17;12457;25;;;12468;7;12471;16;;;12464.5;0.0
yf_ZW=F_d7;52400;ASH_COATED_OSMIUM;9932;22;9929;24;;;9938;18;9940;19;;;9935.0;0.0
yf_ZW=F_d7;52400;INTARIAN_PEPPER_ROOT;12457;15;12453;16;;;12475;16;12477;26;;;12466.0;0.0
yf_ZW=F_d7;52500;ASH_COATED_OSMIUM;9932;24;9928;24;;;9938;8;9940;22;;;9935.0;0.0
yf_ZW=F_d7;52500;INTARIAN_PEPPER_ROOT;12463;20;12459;19;;;12469;12;12471;16;;;12466.0;0.0
yf_ZW=F_d7;52600;ASH_COATED_OSMIUM;9932;20;9930;16;;;9938;12;9940;21;;;9935.0;0.0
yf_ZW=F_d7;52600;INTARIAN_PEPPER_ROOT;12464;12;12461;19;;;12470;13;12472;23;;;12467.0;0.0
yf_ZW=F_d7;52700;ASH_COATED_OSMIUM;9932;15;9929;13;;;9939;21;9941;17;;;9935.5;0.0
yf_ZW=F_d7;52700;INTARIAN_PEPPER_ROOT;12464;19;12462;23;;;12470;16;12473;21;;;12467.0;0.0
yf_ZW=F_d7;52800;ASH_COATED_OSMIUM;9932;23;9930;17;;;9938;22;9942;21;;;9935.0;0.0
yf_ZW=F_d7;52800;INTARIAN_PEPPER_ROOT;12465;13;12462;26;;;12471;21;12474;22;;;12468.0;0.0
yf_ZW=F_d7;52900;ASH_COATED_OSMIUM;9932;17;9928;26;;;9938;15;9942;17;;;9935.0;0.0
yf_ZW=F_d7;52900;INTARIAN_PEPPER_ROOT;12467;17;12463;20;;;12473;12;12476;18;;;12470.0;0.0
yf_ZW=F_d7;53000;ASH_COATED_OSMIUM;9932;21;9928;31;;;9938;16;9941;27;;;9935.0;0.0
yf_ZW=F_d7;53000;INTARIAN_PEPPER_ROOT;12465;13;12462;20;;;12475;10;12478;22;;;12470.0;0.0
yf_ZW=F_d7;53100;ASH_COATED_OSMIUM;9927;16;9923;12;;;9944;17;9947;14;;;9935.5;0.0
yf_ZW=F_d7;53100;INTARIAN_PEPPER_ROOT;12467;10;12465;23;;;12473;8;12477;25;;;12470.0;0.0
yf_ZW=F_d7;53200;ASH_COATED_OSMIUM;9933;16;9930;21;;;9939;14;9942;15;;;9936.0;0.0
yf_ZW=F_d7;53200;INTARIAN_PEPPER_ROOT;12469;23;12467;20;;;12475;17;12479;15;;;12472.0;0.0
yf_ZW=F_d7;53300;ASH_COATED_OSMIUM;9932;12;9929;19;;;9938;16;9940;14;;;9935.0;0.0
yf_ZW=F_d7;53300;INTARIAN_PEPPER_ROOT;12469;23;12467;19;;;12475;12;12478;9;;;12472.0;0.0
yf_ZW=F_d7;53400;ASH_COATED_OSMIUM;9933;16;9930;14;;;9939;16;9941;20;;;9936.0;0.0
yf_ZW=F_d7;53400;INTARIAN_PEPPER_ROOT;12470;24;12466;22;;;12476;19;12479;21;;;12473.0;0.0
yf_ZW=F_d7;53500;ASH_COATED_OSMIUM;9933;12;9929;13;;;9939;18;9941;17;;;9936.0;0.0
yf_ZW=F_d7;53500;INTARIAN_PEPPER_ROOT;12469;9;12465;18;;;12478;17;12482;28;;;12473.5;0.0
yf_ZW=F_d7;53600;ASH_COATED_OSMIUM;9930;17;9927;24;;;9942;15;9946;19;;;9936.0;0.0
yf_ZW=F_d7;53600;INTARIAN_PEPPER_ROOT;12471;13;12467;20;;;12477;11;12481;22;;;12474.0;0.0
yf_ZW=F_d7;53700;ASH_COATED_OSMIUM;9930;18;9928;27;;;9940;17;9943;22;;;9935.0;0.0
yf_ZW=F_d7;53700;INTARIAN_PEPPER_ROOT;12471;5;12467;13;;;12480;22;12484;26;;;12475.5;0.0
yf_ZW=F_d7;53800;ASH_COATED_OSMIUM;9932;13;9928;23;;;9938;16;9942;21;;;9935.0;0.0
yf_ZW=F_d7;53800;INTARIAN_PEPPER_ROOT;12465;17;12461;23;;;12487;7;12490;25;;;12476.0;0.0
yf_ZW=F_d7;53900;ASH_COATED_OSMIUM;9932;19;9929;19;;;9939;9;9943;17;;;9935.5;0.0
yf_ZW=F_d7;53900;INTARIAN_PEPPER_ROOT;12470;22;12466;16;;;12483;22;12487;12;;;12476.5;0.0
yf_ZW=F_d7;54000;ASH_COATED_OSMIUM;9932;7;9929;8;;;9938;15;9942;18;;;9935.0;0.0
yf_ZW=F_d7;54000;INTARIAN_PEPPER_ROOT;12475;19;12473;14;;;12481;17;12485;18;;;12478.0;0.0
yf_ZW=F_d7;54100;ASH_COATED_OSMIUM;9930;12;9928;21;;;9939;9;9942;26;;;9934.5;0.0
yf_ZW=F_d7;54100;INTARIAN_PEPPER_ROOT;12475;17;12473;22;;;12481;12;12483;25;;;12478.0;0.0
yf_ZW=F_d7;54200;ASH_COATED_OSMIUM;9932;22;9928;28;;;9938;20;9940;13;;;9935.0;0.0
yf_ZW=F_d7;54200;INTARIAN_PEPPER_ROOT;12476;12;12472;18;;;12482;7;12484;15;;;12479.0;0.0
yf_ZW=F_d7;54300;ASH_COATED_OSMIUM;9932;12;9930;21;;;9938;25;9942;16;;;9935.0;0.0
yf_ZW=F_d7;54300;INTARIAN_PEPPER_ROOT;12476;15;12473;17;;;12483;16;12486;27;;;12479.5;0.0
yf_ZW=F_d7;54400;ASH_COATED_OSMIUM;9929;26;9927;20;;;9940;7;9942;20;;;9934.5;0.0
yf_ZW=F_d7;54400;INTARIAN_PEPPER_ROOT;12477;14;12473;21;;;12483;29;12485;18;;;12480.0;0.0
yf_ZW=F_d7;54500;ASH_COATED_OSMIUM;9932;10;9928;22;;;9938;18;9940;20;;;9935.0;0.0
yf_ZW=F_d7;54500;INTARIAN_PEPPER_ROOT;12478;15;12476;16;;;12484;16;12488;22;;;12481.0;0.0
yf_ZW=F_d7;54600;ASH_COATED_OSMIUM;9930;20;9926;23;;;9940;16;9944;21;;;9935.0;0.0
yf_ZW=F_d7;54600;INTARIAN_PEPPER_ROOT;12479;15;12477;22;;;12485;15;12487;17;;;12482.0;0.0
yf_ZW=F_d7;54700;ASH_COATED_OSMIUM;9933;25;9929;26;;;9939;15;9942;22;;;9936.0;0.0
yf_ZW=F_d7;54700;INTARIAN_PEPPER_ROOT;12479;21;12475;19;;;12485;11;12487;21;;;12482.0;0.0
yf_ZW=F_d7;54800;ASH_COATED_OSMIUM;9932;20;9930;19;;;9938;18;9942;20;;;9935.0;0.0
yf_ZW=F_d7;54800;INTARIAN_PEPPER_ROOT;12480;18;12476;28;;;12486;18;12489;25;;;12483.0;0.0
yf_ZW=F_d7;54900;ASH_COATED_OSMIUM;9932;12;9928;26;;;9938;21;9942;24;;;9935.0;0.0
yf_ZW=F_d7;54900;INTARIAN_PEPPER_ROOT;12481;19;12479;25;;;12487;13;12490;19;;;12484.0;0.0
yf_ZW=F_d7;55000;ASH_COATED_OSMIUM;9920;15;9916;11;;;9951;18;9955;21;;;9935.5;0.0
yf_ZW=F_d7;55000;INTARIAN_PEPPER_ROOT;12481;10;12478;18;;;12489;14;12492;19;;;12485.0;0.0
yf_ZW=F_d7;55100;ASH_COATED_OSMIUM;9932;15;9928;26;;;9938;19;9942;15;;;9935.0;0.0
yf_ZW=F_d7;55100;INTARIAN_PEPPER_ROOT;12480;19;12476;16;;;12491;13;12494;17;;;12485.5;0.0
yf_ZW=F_d7;55200;ASH_COATED_OSMIUM;9933;15;9930;18;;;9939;6;9943;18;;;9936.0;0.0
yf_ZW=F_d7;55200;INTARIAN_PEPPER_ROOT;12482;11;12478;17;;;12493;12;12496;32;;;12487.5;0.0
yf_ZW=F_d7;55300;ASH_COATED_OSMIUM;9932;5;9928;25;;;9938;14;9940;16;;;9935.0;0.0
yf_ZW=F_d7;55300;INTARIAN_PEPPER_ROOT;12479;20;12475;27;;;12495;5;12497;23;;;12487.0;0.0
yf_ZW=F_d7;55400;ASH_COATED_OSMIUM;9932;11;9929;20;;;9938;20;9940;17;;;9935.0;0.0
yf_ZW=F_d7;55400;INTARIAN_PEPPER_ROOT;12484;12;12480;13;;;12493;16;12497;17;;;12488.5;0.0
yf_ZW=F_d7;55500;ASH_COATED_OSMIUM;9928;23;9925;27;;;9943;22;9947;14;;;9935.5;0.0
yf_ZW=F_d7;55500;INTARIAN_PEPPER_ROOT;12483;5;12480;19;;;12494;26;12496;17;;;12488.5;0.0
yf_ZW=F_d7;55600;ASH_COATED_OSMIUM;9930;6;9926;19;;;9940;13;9943;23;;;9935.0;0.0
yf_ZW=F_d7;55600;INTARIAN_PEPPER_ROOT;12484;18;12482;21;;;12495;21;12497;13;;;12489.5;0.0
yf_ZW=F_d7;55700;ASH_COATED_OSMIUM;9931;16;9927;29;;;9938;11;9942;18;;;9934.5;0.0
yf_ZW=F_d7;55700;INTARIAN_PEPPER_ROOT;12488;17;12485;15;;;12494;14;12497;14;;;12491.0;0.0
yf_ZW=F_d7;55800;ASH_COATED_OSMIUM;9932;13;9929;9;;;9938;21;9940;17;;;9935.0;0.0
yf_ZW=F_d7;55800;INTARIAN_PEPPER_ROOT;12484;11;12481;24;;;12498;16;12500;28;;;12491.0;0.0
yf_ZW=F_d7;55900;ASH_COATED_OSMIUM;9933;16;9929;19;;;9939;14;9942;19;;;9936.0;0.0
yf_ZW=F_d7;55900;INTARIAN_PEPPER_ROOT;12487;17;12485;30;;;12497;19;12499;9;;;12492.0;0.0
yf_ZW=F_d7;56000;ASH_COATED_OSMIUM;9931;9;9928;16;;;9940;27;9943;24;;;9935.5;0.0
yf_ZW=F_d7;56000;INTARIAN_PEPPER_ROOT;12489;9;12485;15;;;12495;17;12499;21;;;12492.0;0.0
yf_ZW=F_d7;56100;ASH_COATED_OSMIUM;9932;12;9928;21;;;9938;26;9942;14;;;9935.0;0.0
yf_ZW=F_d7;56100;INTARIAN_PEPPER_ROOT;12491;26;12488;31;;;12497;17;12499;21;;;12494.0;0.0
yf_ZW=F_d7;56200;ASH_COATED_OSMIUM;9932;8;9930;23;;;9938;12;9942;15;;;9935.0;0.0
yf_ZW=F_d7;56200;INTARIAN_PEPPER_ROOT;12487;17;12485;23;;;12502;9;12504;22;;;12494.5;0.0
yf_ZW=F_d7;56300;ASH_COATED_OSMIUM;9919;18;9917;12;;;9951;5;9953;14;;;9935.0;0.0
yf_ZW=F_d7;56300;INTARIAN_PEPPER_ROOT;12491;5;12489;11;;;12499;8;12502;20;;;12495.0;0.0
yf_ZW=F_d7;56400;ASH_COATED_OSMIUM;9932;18;9930;21;;;9938;12;9941;23;;;9935.0;0.0
yf_ZW=F_d7;56400;INTARIAN_PEPPER_ROOT;12493;7;12489;18;;;12499;6;12503;17;;;12496.0;0.0
yf_ZW=F_d7;56500;ASH_COATED_OSMIUM;9932;14;9929;25;;;9938;20;9942;25;;;9935.0;0.0
yf_ZW=F_d7;56500;INTARIAN_PEPPER_ROOT;12493;19;12491;27;;;12499;19;12501;14;;;12496.0;0.0
yf_ZW=F_d7;56600;ASH_COATED_OSMIUM;9929;14;9927;18;;;9941;20;9944;17;;;9935.0;0.0
yf_ZW=F_d7;56600;INTARIAN_PEPPER_ROOT;12495;14;12493;27;;;12501;25;12504;23;;;12498.0;0.0
yf_ZW=F_d7;56700;ASH_COATED_OSMIUM;9932;17;9928;22;;;9938;26;9942;25;;;9935.0;0.0
yf_ZW=F_d7;56700;INTARIAN_PEPPER_ROOT;12493;13;12489;22;;;12502;17;12505;24;;;12497.5;0.0
yf_ZW=F_d7;56800;ASH_COATED_OSMIUM;9931;17;9929;25;;;9940;13;9944;21;;;9935.5;0.0
yf_ZW=F_d7;56800;INTARIAN_PEPPER_ROOT;12493;15;12489;20;;;12505;19;12509;22;;;12499.0;0.0
yf_ZW=F_d7;56900;ASH_COATED_OSMIUM;9932;21;9928;27;;;9938;15;9940;19;;;9935.0;0.0
yf_ZW=F_d7;56900;INTARIAN_PEPPER_ROOT;12496;9;12492;15;;;12502;16;12504;19;;;12499.0;0.0
yf_ZW=F_d7;57000;ASH_COATED_OSMIUM;9932;25;9930;23;;;9938;20;9941;28;;;9935.0;0.0
yf_ZW=F_d7;57000;INTARIAN_PEPPER_ROOT;12492;15;12489;22;;;12507;7;12511;17;;;12499.5;0.0
yf_ZW=F_d7;57100;ASH_COATED_OSMIUM;9932;13;9928;12;;;9938;15;9942;25;;;9935.0;0.0
yf_ZW=F_d7;57100;INTARIAN_PEPPER_ROOT;12497;20;12493;18;;;12503;16;12505;19;;;12500.0;0.0
yf_ZW=F_d7;57200;ASH_COATED_OSMIUM;9932;15;9928;18;;;9938;10;9940;16;;;9935.0;0.0
yf_ZW=F_d7;57200;INTARIAN_PEPPER_ROOT;12498;19;12494;20;;;12506;18;12509;19;;;12502.0;0.0
yf_ZW=F_d7;57300;ASH_COATED_OSMIUM;9928;17;9925;17;;;9943;12;9945;19;;;9935.5;0.0
yf_ZW=F_d7;57300;INTARIAN_PEPPER_ROOT;12499;25;12496;11;;;12505;27;12508;17;;;12502.0;0.0
yf_ZW=F_d7;57400;ASH_COATED_OSMIUM;9931;8;9928;24;;;9939;13;9941;22;;;9935.0;0.0
yf_ZW=F_d7;57400;INTARIAN_PEPPER_ROOT;12500;20;12496;24;;;12506;16;12509;20;;;12503.0;0.0
yf_ZW=F_d7;57500;ASH_COATED_OSMIUM;9926;11;9922;11;;;9945;22;9947;26;;;9935.5;0.0
yf_ZW=F_d7;57500;INTARIAN_PEPPER_ROOT;12501;26;12497;18;;;12507;26;12511;18;;;12504.0;0.0
yf_ZW=F_d7;57600;ASH_COATED_OSMIUM;9923;13;9920;19;;;9947;11;9951;17;;;9935.0;0.0
yf_ZW=F_d7;57600;INTARIAN_PEPPER_ROOT;12501;9;12497;14;;;12508;16;12511;20;;;12504.5;0.0
yf_ZW=F_d7;57700;ASH_COATED_OSMIUM;9930;7;9928;18;;;9940;18;9944;28;;;9935.0;0.0
yf_ZW=F_d7;57700;INTARIAN_PEPPER_ROOT;12502;5;12500;18;;;12508;12;12510;15;;;12505.0;0.0
yf_ZW=F_d7;57800;ASH_COATED_OSMIUM;9932;8;9928;27;;;9939;14;9941;28;;;9935.5;0.0
yf_ZW=F_d7;57800;INTARIAN_PEPPER_ROOT;12501;13;12499;20;;;12511;15;12515;18;;;12506.0;0.0
yf_ZW=F_d7;57900;ASH_COATED_OSMIUM;9929;10;9927;9;;;9941;25;9943;19;;;9935.0;0.0
yf_ZW=F_d7;57900;INTARIAN_PEPPER_ROOT;12504;17;12501;18;;;12510;16;12514;14;;;12507.0;0.0
yf_ZW=F_d7;58000;ASH_COATED_OSMIUM;9932;15;9929;22;;;9938;13;9940;19;;;9935.0;0.0
yf_ZW=F_d7;58000;INTARIAN_PEPPER_ROOT;12502;15;12498;8;;;12513;6;12517;15;;;12507.5;0.0
yf_ZW=F_d7;58100;ASH_COATED_OSMIUM;9932;26;9929;21;;;9938;5;9941;22;;;9935.0;0.0
yf_ZW=F_d7;58100;INTARIAN_PEPPER_ROOT;12502;11;12500;22;;;12515;18;12517;29;;;12508.5;0.0
yf_ZW=F_d7;58200;ASH_COATED_OSMIUM;9928;18;9924;18;;;9941;10;9945;19;;;9934.5;0.0
yf_ZW=F_d7;58200;INTARIAN_PEPPER_ROOT;12500;17;12498;23;;;12519;8;12521;25;;;12509.5;0.0
yf_ZW=F_d7;58300;ASH_COATED_OSMIUM;9931;14;9929;14;;;9937;16;9940;15;;;9934.0;0.0
yf_ZW=F_d7;58300;INTARIAN_PEPPER_ROOT;12507;16;12503;28;;;12513;8;12515;19;;;12510.0;0.0
