day;timestamp;product;bid_price_1;bid_volume_1;bid_price_2;bid_volume_2;bid_price_3;bid_volume_3;ask_price_1;ask_volume_1;ask_price_2;ask_volume_2;ask_price_3;ask_volume_3;mid_price;profit_and_loss
yf_ZC=F_d12;0;ASH_COATED_OSMIUM;9893;12;9891;24;;;9906;11;9910;20;;;9899.5;0.0
yf_ZC=F_d12;0;INTARIAN_PEPPER_ROOT;11066;17;11062;24;;;11078;18;11082;15;;;11072.0;0.0
yf_ZC=F_d12;100;ASH_COATED_OSMIUM;9896;21;9894;16;;;9902;14;9905;20;;;9899.0;0.0
yf_ZC=F_d12;100;INTARIAN_PEPPER_ROOT;11073;10;11069;22;;;11079;13;11083;14;;;11076.0;0.0
yf_ZC=F_d12;200;ASH_COATED_OSMIUM;9897;18;9894;29;;;9903;6;9906;23;;;9900.0;0.0
yf_ZC=F_d12;200;INTARIAN_PEPPER_ROOT;11075;18;11072;12;;;11081;7;11084;24;;;11078.0;0.0
yf_ZC=F_d12;300;ASH_COATED_OSMIUM;9896;17;9894;18;;;9903;11;9907;26;;;9899.5;0.0
yf_ZC=F_d12;300;INTARIAN_PEPPER_ROOT;11063;17;11060;25;;;11098;11;11102;12;;;11080.5;0.0
yf_ZC=F_d12;400;ASH_COATED_OSMIUM;9896;15;9893;23;;;9904;17;9908;21;;;9900.0;0.0
yf_ZC=F_d12;400;INTARIAN_PEPPER_ROOT;11080;10;11077;16;;;11086;22;11088;14;;;11083.0;0.0
yf_ZC=F_d12;500;ASH_COATED_OSMIUM;9871;14;9869;15;;;9930;20;9934;19;;;9900.5;0.0
yf_ZC=F_d12;500;INTARIAN_PEPPER_ROOT;11082;5;11079;19;;;11090;20;11093;13;;;11086.0;0.0
yf_ZC=F_d12;600;ASH_COATED_OSMIUM;9889;10;9886;20;;;9911;20;9913;17;;;9900.0;0.0
yf_ZC=F_d12;600;INTARIAN_PEPPER_ROOT;11085;23;11081;25;;;11091;16;11094;16;;;11088.0;0.0
yf_ZC=F_d12;700;ASH_COATED_OSMIUM;9897;16;9893;25;;;9903;13;9907;25;;;9900.0;0.0
yf_ZC=F_d12;700;INTARIAN_PEPPER_ROOT;11087;5;11084;13;;;11093;16;11097;18;;;11090.0;0.0
yf_ZC=F_d12;800;ASH_COATED_OSMIUM;9897;27;9894;22;;;9903;18;9906;19;;;9900.0;0.0
yf_ZC=F_d12;800;INTARIAN_PEPPER_ROOT;11079;9;11076;21;;;11108;16;11110;8;;;11093.5;0.0
yf_ZC=F_d12;900;ASH_COATED_OSMIUM;9885;19;9883;24;;;9916;16;9919;20;;;9900.5;0.0
yf_ZC=F_d12;900;INTARIAN_PEPPER_ROOT;11093;22;11091;25;;;11099;11;11103;26;;;11096.0;0.0
yf_ZC=F_d12;1000;ASH_COATED_OSMIUM;9894;10;9891;19;;;9908;12;9910;18;;;9901.0;0.0
yf_ZC=F_d12;1000;INTARIAN_PEPPER_ROOT;11095;11;11092;19;;;11101;10;11103;12;;;11098.0;0.0
yf_ZC=F_d12;1100;ASH_COATED_OSMIUM;9898;20;9896;15;;;9904;14;9907;16;;;9901.0;0.0
yf_ZC=F_d12;1100;INTARIAN_PEPPER_ROOT;11095;18;11091;24;;;11108;15;11111;18;;;11101.5;0.0
yf_ZC=F_d12;1200;ASH_COATED_OSMIUM;9898;22;9894;13;;;9904;18;9907;19;;;9901.0;0.0
yf_ZC=F_d12;1200;INTARIAN_PEPPER_ROOT;11099;5;11097;22;;;11110;17;11113;10;;;11104.5;0.0
yf_ZC=F_d12;1300;ASH_COATED_OSMIUM;9898;14;9895;22;;;9905;14;9907;17;;;9901.5;0.0
yf_ZC=F_d12;1300;INTARIAN_PEPPER_ROOT;11101;10;11097;17;;;11111;12;11115;15;;;11106.0;0.0
yf_ZC=F_d12;1400;ASH_COATED_OSMIUM;9898;5;9896;19;;;9904;14;9907;17;;;9901.0;0.0
yf_ZC=F_d12;1400;INTARIAN_PEPPER_ROOT;11096;13;11093;17;;;11122;16;11124;20;;;11109.0;0.0
yf_ZC=F_d12;1500;ASH_COATED_OSMIUM;9894;11;9890;24;;;9908;7;9910;20;;;9901.0;0.0
yf_ZC=F_d12;1500;INTARIAN_PEPPER_ROOT;11108;15;11106;17;;;11115;16;11117;19;;;11111.5;0.0
yf_ZC=F_d12;1600;ASH_COATED_OSMIUM;9895;15;9892;27;;;9909;14;9912;22;;;9902.0;0.0
yf_ZC=F_d12;1600;INTARIAN_PEPPER_ROOT;11111;19;11109;17;;;11117;19;11119;24;;;11114.0;0.0
yf_ZC=F_d12;1700;ASH_COATED_OSMIUM;9899;18;9897;16;;;9905;21;9908;22;;;9902.0;0.0
yf_ZC=F_d12;1700;INTARIAN_PEPPER_ROOT;11113;17;11109;19;;;11120;5;11122;16;;;11116.5;0.0
yf_ZC=F_d12;1800;ASH_COATED_OSMIUM;9899;14;9897;27;;;9905;20;9907;20;;;9902.0;0.0
yf_ZC=F_d12;1800;INTARIAN_PEPPER_ROOT;11116;11;11112;17;;;11122;5;11125;21;;;11119.0;0.0
yf_ZC=F_d12;1900;ASH_COATED_OSMIUM;9896;11;9893;15;;;9907;13;9909;9;;;9901.5;0.0
yf_ZC=F_d12;1900;INTARIAN_PEPPER_ROOT;11118;19;11116;19;;;11124;22;11127;18;;;11121.0;0.0
yf_ZC=F_d12;2000;ASH_COATED_OSMIUM;9896;16;9894;21;;;9908;24;9911;25;;;9902.0;0.0
yf_ZC=F_d12;2000;INTARIAN_PEPPER_ROOT;11121;5;11119;19;;;11127;27;11131;14;;;11124.0;0.0
yf_ZC=F_d12;2100;ASH_COATED_OSMIUM;9896;8;9894;16;;;9907;17;9909;26;;;9901.5;0.0
yf_ZC=F_d12;2100;INTARIAN_PEPPER_ROOT;11119;17;11117;21;;;11136;19;11138;18;;;11127.5;0.0
yf_ZC=F_d12;2200;ASH_COATED_OSMIUM;9899;17;9897;16;;;9905;19;9909;16;;;9902.0;0.0
yf_ZC=F_d12;2200;INTARIAN_PEPPER_ROOT;11121;12;11118;19;;;11138;20;11141;21;;;11129.5;0.0
yf_ZC=F_d12;2300;ASH_COATED_OSMIUM;9900;9;9896;19;;;9906;20;9910;14;;;9903.0;0.0
yf_ZC=F_d12;2300;INTARIAN_PEPPER_ROOT;11122;23;11118;30;;;11142;5;11144;11;;;11132.0;0.0
yf_ZC=F_d12;2400;ASH_COATED_OSMIUM;9900;17;9897;27;;;9906;13;9909;17;;;9903.0;0.0
yf_ZC=F_d12;2400;INTARIAN_PEPPER_ROOT;11132;16;11128;17;;;11138;28;11141;18;;;11135.0;0.0
yf_ZC=F_d12;2500;ASH_COATED_OSMIUM;9889;12;9885;19;;;9917;11;9920;17;;;9903.0;0.0
yf_ZC=F_d12;2500;INTARIAN_PEPPER_ROOT;11123;8;11120;17;;;11152;5;11154;21;;;11137.5;0.0
yf_ZC=F_d12;2600;ASH_COATED_OSMIUM;9899;6;9897;14;;;9907;11;9909;22;;;9903.0;0.0
yf_ZC=F_d12;2600;INTARIAN_PEPPER_ROOT;11134;18;11132;14;;;11146;11;11148;24;;;11140.0;0.0
yf_ZC=F_d12;2700;ASH_COATED_OSMIUM;9899;20;9895;12;;;9905;23;9908;26;;;9902.0;0.0
yf_ZC=F_d12;2700;INTARIAN_PEPPER_ROOT;11140;20;11137;25;;;11146;25;11148;22;;;11143.0;0.0
yf_ZC=F_d12;2800;ASH_COATED_OSMIUM;9899;19;9895;17;;;9907;15;9910;19;;;9903.0;0.0
yf_ZC=F_d12;2800;INTARIAN_PEPPER_ROOT;11142;12;11139;27;;;11148;17;11150;19;;;11145.0;0.0
yf_ZC=F_d12;2900;ASH_COATED_OSMIUM;9901;19;9897;19;;;9907;13;9910;29;;;9904.0;0.0
yf_ZC=F_d12;2900;INTARIAN_PEPPER_ROOT;11145;9;11143;23;;;11151;14;11154;28;;;11148.0;0.0
yf_ZC=F_d12;3000;ASH_COATED_OSMIUM;9898;16;9896;24;;;9909;14;9913;25;;;9903.5;0.0
yf_ZC=F_d12;3000;INTARIAN_PEPPER_ROOT;11147;10;11145;17;;;11153;17;11157;15;;;11150.0;0.0
yf_ZC=F_d12;3100;ASH_COATED_OSMIUM;9901;7;9897;24;;;9907;11;9911;13;;;9904.0;0.0
yf_ZC=F_d12;3100;INTARIAN_PEPPER_ROOT;11150;12;11148;9;;;11156;7;11160;17;;;11153.0;0.0
yf_ZC=F_d12;3200;ASH_COATED_OSMIUM;9900;5;9897;16;;;9906;12;9908;17;;;9903.0;0.0
yf_ZC=F_d12;3200;INTARIAN_PEPPER_ROOT;11152;22;11148;13;;;11158;14;11160;25;;;11155.0;0.0
yf_ZC=F_d12;3300;ASH_COATED_OSMIUM;9899;21;9896;18;;;9910;20;9914;26;;;9904.5;0.0
yf_ZC=F_d12;3300;INTARIAN_PEPPER_ROOT;11155;21;11151;30;;;11161;14;11165;21;;;11158.0;0.0
yf_ZC=F_d12;3400;ASH_COATED_OSMIUM;9901;19;9897;21;;;9907;20;9911;16;;;9904.0;0.0
yf_ZC=F_d12;3400;INTARIAN_PEPPER_ROOT;11158;11;11154;25;;;11164;17;11166;20;;;11161.0;0.0
yf_ZC=F_d12;3500;ASH_COATED_OSMIUM;9899;19;9896;27;;;9907;5;9909;29;;;9903.0;0.0
yf_ZC=F_d12;3500;INTARIAN_PEPPER_ROOT;11161;11;11157;20;;;11167;14;11169;25;;;11164.0;0.0
yf_ZC=F_d12;3600;ASH_COATED_OSMIUM;9896;14;9894;17;;;9912;17;9914;17;;;9904.0;0.0
yf_ZC=F_d12;3600;INTARIAN_PEPPER_ROOT;11163;10;11160;23;;;11169;17;11171;19;;;11166.0;0.0
yf_ZC=F_d12;3700;ASH_COATED_OSMIUM;9901;15;9898;12;;;9907;19;9910;13;;;9904.0;0.0
yf_ZC=F_d12;3700;INTARIAN_PEPPER_ROOT;11165;9;11163;17;;;11171;10;11173;9;;;11168.0;0.0
yf_ZC=F_d12;3800;ASH_COATED_OSMIUM;9901;9;9899;11;;;9907;18;9909;19;;;9904.0;0.0
yf_ZC=F_d12;3800;INTARIAN_PEPPER_ROOT;11168;9;11165;22;;;11174;12;11176;16;;;11171.0;0.0
yf_ZC=F_d12;3900;ASH_COATED_OSMIUM;9897;10;9895;30;;;9913;9;9917;21;;;9905.0;0.0
yf_ZC=F_d12;3900;INTARIAN_PEPPER_ROOT;11170;18;11168;16;;;11176;21;11178;18;;;11173.0;0.0
yf_ZC=F_d12;4000;ASH_COATED_OSMIUM;9902;18;9899;21;;;9908;19;9912;20;;;9905.0;0.0
yf_ZC=F_d12;4000;INTARIAN_PEPPER_ROOT;11173;13;11170;21;;;11179;21;11181;15;;;11176.0;0.0
yf_ZC=F_d12;4100;ASH_COATED_OSMIUM;9902;7;9900;17;;;9908;9;9912;19;;;9905.0;0.0
yf_ZC=F_d12;4100;INTARIAN_PEPPER_ROOT;11175;14;11173;10;;;11184;20;11186;25;;;11179.5;0.0
yf_ZC=F_d12;4200;ASH_COATED_OSMIUM;9901;15;9897;25;;;9907;14;9910;19;;;9904.0;0.0
yf_ZC=F_d12;4200;INTARIAN_PEPPER_ROOT;11178;19;11175;28;;;11184;18;11187;20;;;11181.0;0.0
yf_ZC=F_d12;4300;ASH_COATED_OSMIUM;9902;17;9898;25;;;9908;15;9912;24;;;9905.0;0.0
yf_ZC=F_d12;4300;INTARIAN_PEPPER_ROOT;11175;12;11171;21;;;11191;15;11193;15;;;11183.0;0.0
yf_ZC=F_d12;4400;ASH_COATED_OSMIUM;9895;6;9893;20;;;9915;17;9919;31;;;9905.0;0.0
yf_ZC=F_d12;4400;INTARIAN_PEPPER_ROOT;11184;12;11180;20;;;11190;17;11194;15;;;11187.0;0.0
yf_ZC=F_d12;4500;ASH_COATED_OSMIUM;9903;16;9899;17;;;9909;18;9911;17;;;9906.0;0.0
yf_ZC=F_d12;4500;INTARIAN_PEPPER_ROOT;11186;7;11184;23;;;11193;19;11196;14;;;11189.5;0.0
yf_ZC=F_d12;4600;ASH_COATED_OSMIUM;9901;18;9899;23;;;9909;17;9912;22;;;9905.0;0.0
yf_ZC=F_d12;4600;INTARIAN_PEPPER_ROOT;11189;18;11186;18;;;11195;18;11199;23;;;11192.0;0.0
yf_ZC=F_d12;4700;ASH_COATED_OSMIUM;9896;12;9892;12;;;9914;5;9918;22;;;9905.0;0.0
yf_ZC=F_d12;4700;INTARIAN_PEPPER_ROOT;11190;10;11186;20;;;11199;11;11201;19;;;11194.5;0.0
yf_ZC=F_d12;4800;ASH_COATED_OSMIUM;9902;21;9900;16;;;9909;11;9911;19;;;9905.5;0.0
yf_ZC=F_d12;4800;INTARIAN_PEPPER_ROOT;11194;14;11190;25;;;11200;17;11203;12;;;11197.0;0.0
yf_ZC=F_d12;4900;ASH_COATED_OSMIUM;9903;18;9899;19;;;9909;5;9913;24;;;9906.0;0.0
yf_ZC=F_d12;4900;INTARIAN_PEPPER_ROOT;11196;14;11192;12;;;11202;10;11204;15;;;11199.0;0.0
yf_ZC=F_d12;5000;ASH_COATED_OSMIUM;9903;11;9901;21;;;9909;20;9913;21;;;9906.0;0.0
yf_ZC=F_d12;5000;INTARIAN_PEPPER_ROOT;11200;10;11196;24;;;11206;16;11209;21;;;11203.0;0.0
yf_ZC=F_d12;5100;ASH_COATED_OSMIUM;9900;12;9897;23;;;9913;9;9916;10;;;9906.5;0.0
yf_ZC=F_d12;5100;INTARIAN_PEPPER_ROOT;11202;30;11199;19;;;11208;9;11210;8;;;11205.0;0.0
yf_ZC=F_d12;5200;ASH_COATED_OSMIUM;9903;19;9900;15;;;9909;16;9911;28;;;9906.0;0.0
yf_ZC=F_d12;5200;INTARIAN_PEPPER_ROOT;11204;12;11201;22;;;11210;19;11212;18;;;11207.0;0.0
yf_ZC=F_d12;5300;ASH_COATED_OSMIUM;9903;19;9901;20;;;9909;21;9911;20;;;9906.0;0.0
yf_ZC=F_d12;5300;INTARIAN_PEPPER_ROOT;11207;16;11205;19;;;11213;11;11217;17;;;11210.0;0.0
yf_ZC=F_d12;5400;ASH_COATED_OSMIUM;9903;7;9899;14;;;9909;12;9911;21;;;9906.0;0.0
yf_ZC=F_d12;5400;INTARIAN_PEPPER_ROOT;11209;16;11207;10;;;11215;8;11217;19;;;11212.0;0.0
yf_ZC=F_d12;5500;ASH_COATED_OSMIUM;9902;10;9899;16;;;9910;11;9912;27;;;9906.0;0.0
yf_ZC=F_d12;5500;INTARIAN_PEPPER_ROOT;11212;10;11208;18;;;11218;14;11220;20;;;11215.0;0.0
yf_ZC=F_d12;5600;ASH_COATED_OSMIUM;9903;19;9899;17;;;9909;13;9911;19;;;9906.0;0.0
yf_ZC=F_d12;5600;INTARIAN_PEPPER_ROOT;11215;10;11213;15;;;11221;14;11225;31;;;11218.0;0.0
yf_ZC=F_d12;5700;ASH_COATED_OSMIUM;9904;11;9900;12;;;9910;5;9912;13;;;9907.0;0.0
yf_ZC=F_d12;5700;INTARIAN_PEPPER_ROOT;11215;10;11211;24;;;11227;13;11230;23;;;11221.0;0.0
yf_ZC=F_d12;5800;ASH_COATED_OSMIUM;9902;5;9898;15;;;9913;10;9917;22;;;9907.5;0.0
yf_ZC=F_d12;5800;INTARIAN_PEPPER_ROOT;11212;17;11209;22;;;11234;22;11237;24;;;11223.0;0.0
yf_ZC=F_d12;5900;ASH_COATED_OSMIUM;9903;19;9899;18;;;9909;15;9911;21;;;9906.0;0.0
yf_ZC=F_d12;5900;INTARIAN_PEPPER_ROOT;11222;12;11220;18;;;11228;14;11232;19;;;11225.0;0.0
yf_ZC=F_d12;6000;ASH_COATED_OSMIUM;9890;15;9887;15;;;9925;16;9927;20;;;9907.5;0.0
yf_ZC=F_d12;6000;INTARIAN_PEPPER_ROOT;11225;23;11223;21;;;11231;14;11235;19;;;11228.0;0.0
yf_ZC=F_d12;6100;ASH_COATED_OSMIUM;9902;10;9898;17;;;9912;18;9915;13;;;9907.0;0.0
yf_ZC=F_d12;6100;INTARIAN_PEPPER_ROOT;11228;9;11226;22;;;11234;18;11237;19;;;11231.0;0.0
yf_ZC=F_d12;6200;ASH_COATED_OSMIUM;9904;11;9901;19;;;9910;13;9914;16;;;9907.0;0.0
yf_ZC=F_d12;6200;INTARIAN_PEPPER_ROOT;11230;13;11226;23;;;11236;16;11239;23;;;11233.0;0.0
yf_ZC=F_d12;6300;ASH_COATED_OSMIUM;9904;15;9900;9;;;9910;13;9914;25;;;9907.0;0.0
yf_ZC=F_d12;6300;INTARIAN_PEPPER_ROOT;11232;22;11230;24;;;11240;10;11242;15;;;11236.0;0.0
yf_ZC=F_d12;6400;ASH_COATED_OSMIUM;9904;14;9902;21;;;9910;5;9914;18;;;9907.0;0.0
yf_ZC=F_d12;6400;INTARIAN_PEPPER_ROOT;11236;19;11233;16;;;11242;13;11246;23;;;11239.0;0.0
yf_ZC=F_d12;6500;ASH_COATED_OSMIUM;9904;17;9902;11;;;9910;14;9914;18;;;9907.0;0.0
yf_ZC=F_d12;6500;INTARIAN_PEPPER_ROOT;11236;20;11234;22;;;11246;15;11249;26;;;11241.0;0.0
yf_ZC=F_d12;6600;ASH_COATED_OSMIUM;9899;10;9896;23;;;9917;13;9921;25;;;9908.0;0.0
yf_ZC=F_d12;6600;INTARIAN_PEPPER_ROOT;11240;12;11238;28;;;11246;22;11248;18;;;11243.0;0.0
yf_ZC=F_d12;6700;ASH_COATED_OSMIUM;9905;16;9903;35;;;9911;15;9913;16;;;9908.0;0.0
yf_ZC=F_d12;6700;INTARIAN_PEPPER_ROOT;11243;25;11239;20;;;11249;15;11252;27;;;11246.0;0.0
yf_ZC=F_d12;6800;ASH_COATED_OSMIUM;9901;24;9898;21;;;9914;12;9917;15;;;9907.5;0.0
yf_ZC=F_d12;6800;INTARIAN_PEPPER_ROOT;11246;26;11243;23;;;11252;11;11254;23;;;11249.0;0.0
yf_ZC=F_d12;6900;ASH_COATED_OSMIUM;9896;27;9894;26;;;9919;6;9921;25;;;9907.5;0.0
yf_ZC=F_d12;6900;INTARIAN_PEPPER_ROOT;11248;15;11246;19;;;11254;20;11257;29;;;11251.0;0.0
yf_ZC=F_d12;7000;ASH_COATED_OSMIUM;9905;14;9902;27;;;9911;7;9915;21;;;9908.0;0.0
yf_ZC=F_d12;7000;INTARIAN_PEPPER_ROOT;11250;25;11248;19;;;11256;14;11258;17;;;11253.0;0.0
yf_ZC=F_d12;7100;ASH_COATED_OSMIUM;9905;20;9902;24;;;9911;18;9915;22;;;9908.0;0.0
yf_ZC=F_d12;7100;INTARIAN_PEPPER_ROOT;11244;23;11240;16;;;11269;5;11273;22;;;11256.5;0.0
yf_ZC=F_d12;7200;ASH_COATED_OSMIUM;9903;13;9899;25;;;9913;16;9917;12;;;9908.0;0.0
yf_ZC=F_d12;7200;INTARIAN_PEPPER_ROOT;11256;10;11253;21;;;11262;10;11264;15;;;11259.0;0.0
yf_ZC=F_d12;7300;ASH_COATED_OSMIUM;9890;5;9887;15;;;9928;14;9932;20;;;9909.0;0.0
yf_ZC=F_d12;7300;INTARIAN_PEPPER_ROOT;11259;10;11255;26;;;11265;17;11269;18;;;11262.0;0.0
yf_ZC=F_d12;7400;ASH_COATED_OSMIUM;9906;12;9904;21;;;9912;12;9916;19;;;9909.0;0.0
yf_ZC=F_d12;7400;INTARIAN_PEPPER_ROOT;11261;19;11258;17;;;11267;5;11270;14;;;11264.0;0.0
yf_ZC=F_d12;7500;ASH_COATED_OSMIUM;9906;17;9903;15;;;9912;15;9915;14;;;9909.0;0.0
yf_ZC=F_d12;7500;INTARIAN_PEPPER_ROOT;11261;16;11258;19;;;11273;21;11276;16;;;11267.0;0.0
yf_ZC=F_d12;7600;ASH_COATED_OSMIUM;9906;17;9904;20;;;9912;12;9915;27;;;9909.0;0.0
yf_ZC=F_d12;7600;INTARIAN_PEPPER_ROOT;11267;7;11264;20;;;11273;18;11275;15;;;11270.0;0.0
yf_ZC=F_d12;7700;ASH_COATED_OSMIUM;9906;15;9904;28;;;9912;15;9915;15;;;9909.0;0.0
yf_ZC=F_d12;7700;INTARIAN_PEPPER_ROOT;11269;22;11266;16;;;11275;14;11277;17;;;11272.0;0.0
yf_ZC=F_d12;7800;ASH_COATED_OSMIUM;9906;7;9903;23;;;9912;20;9916;20;;;9909.0;0.0
yf_ZC=F_d12;7800;INTARIAN_PEPPER_ROOT;11261;21;11257;21;;;11289;18;11292;18;;;11275.0;0.0
yf_ZC=F_d12;7900;ASH_COATED_OSMIUM;9906;21;9904;23;;;9912;21;9915;18;;;9909.0;0.0
yf_ZC=F_d12;7900;INTARIAN_PEPPER_ROOT;11272;12;11270;23;;;11282;15;11285;17;;;11277.0;0.0
yf_ZC=F_d12;8000;ASH_COATED_OSMIUM;9902;23;9899;17;;;9917;19;9920;20;;;9909.5;0.0
yf_ZC=F_d12;8000;INTARIAN_PEPPER_ROOT;11276;17;11274;29;;;11282;16;11286;21;;;11279.0;0.0
yf_ZC=F_d12;8100;ASH_COATED_OSMIUM;9904;12;9901;22;;;9914;10;9916;18;;;9909.0;0.0
yf_ZC=F_d12;8100;INTARIAN_PEPPER_ROOT;11279;21;11275;22;;;11285;8;11289;28;;;11282.0;0.0
yf_ZC=F_d12;8200;ASH_COATED_OSMIUM;9907;5;9905;17;;;9913;19;9917;22;;;9910.0;0.0
yf_ZC=F_d12;8200;INTARIAN_PEPPER_ROOT;11266;28;11263;15;;;11304;24;11306;27;;;11285.0;0.0
yf_ZC=F_d12;8300;ASH_COATED_OSMIUM;9907;14;9903;13;;;9913;26;9916;17;;;9910.0;0.0
yf_ZC=F_d12;8300;INTARIAN_PEPPER_ROOT;11285;24;11282;20;;;11291;13;11294;18;;;11288.0;0.0
yf_ZC=F_d12;8400;ASH_COATED_OSMIUM;9907;16;9903;9;;;9913;13;9916;21;;;9910.0;0.0
yf_ZC=F_d12;8400;INTARIAN_PEPPER_ROOT;11284;10;11280;14;;;11295;14;11297;15;;;11289.5;0.0
yf_ZC=F_d12;8500;ASH_COATED_OSMIUM;9907;22;9905;10;;;9913;15;9916;30;;;9910.0;0.0
yf_ZC=F_d12;8500;INTARIAN_PEPPER_ROOT;11290;13;11286;16;;;11296;15;11299;22;;;11293.0;0.0
yf_ZC=F_d12;8600;ASH_COATED_OSMIUM;9907;13;9904;12;;;9913;22;9915;18;;;9910.0;0.0
yf_ZC=F_d12;8600;INTARIAN_PEPPER_ROOT;11292;25;11288;14;;;11298;17;11300;14;;;11295.0;0.0
yf_ZC=F_d12;8700;ASH_COATED_OSMIUM;9907;10;9903;17;;;9913;16;9916;27;;;9910.0;0.0
yf_ZC=F_d12;8700;INTARIAN_PEPPER_ROOT;11295;18;11292;22;;;11301;14;11304;20;;;11298.0;0.0
yf_ZC=F_d12;8800;ASH_COATED_OSMIUM;9902;6;9900;17;;;9919;16;9921;18;;;9910.5;0.0
yf_ZC=F_d12;8800;INTARIAN_PEPPER_ROOT;11297;8;11293;22;;;11306;18;11308;18;;;11301.5;0.0
yf_ZC=F_d12;8900;ASH_COATED_OSMIUM;9908;17;9904;15;;;9914;12;9918;13;;;9911.0;0.0
yf_ZC=F_d12;8900;INTARIAN_PEPPER_ROOT;11296;13;11294;25;;;11310;21;11313;19;;;11303.0;0.0
yf_ZC=F_d12;9000;ASH_COATED_OSMIUM;9906;17;9902;14;;;9916;5;9919;20;;;9911.0;0.0
yf_ZC=F_d12;9000;INTARIAN_PEPPER_ROOT;11303;11;11301;19;;;11309;15;11313;22;;;11306.0;0.0
yf_ZC=F_d12;9100;ASH_COATED_OSMIUM;9908;10;9906;18;;;9914;7;9917;19;;;9911.0;0.0
yf_ZC=F_d12;9100;INTARIAN_PEPPER_ROOT;11302;15;11298;25;;;11316;9;11320;17;;;11309.0;0.0
yf_ZC=F_d12;9200;ASH_COATED_OSMIUM;9908;12;9904;18;;;9914;19;9918;22;;;9911.0;0.0
yf_ZC=F_d12;9200;INTARIAN_PEPPER_ROOT;11308;15;11306;22;;;11314;15;11316;17;;;11311.0;0.0
yf_ZC=F_d12;9300;ASH_COATED_OSMIUM;9905;15;9901;18;;;9916;21;9920;22;;;9910.5;0.0
yf_ZC=F_d12;9300;INTARIAN_PEPPER_ROOT;11311;11;11307;19;;;11317;13;11321;21;;;11314.0;0.0
yf_ZC=F_d12;9400;ASH_COATED_OSMIUM;9908;14;9905;25;;;9914;16;9916;25;;;9911.0;0.0
yf_ZC=F_d12;9400;INTARIAN_PEPPER_ROOT;11313;15;11311;27;;;11319;17;11321;15;;;11316.0;0.0
yf_ZC=F_d12;9500;ASH_COATED_OSMIUM;9908;10;9906;22;;;9914;5;9917;25;;;9911.0;0.0
yf_ZC=F_d12;9500;INTARIAN_PEPPER_ROOT;11314;20;11312;19;;;11323;18;11327;17;;;11318.5;0.0
yf_ZC=F_d12;9600;ASH_COATED_OSMIUM;9908;21;9906;22;;;9914;27;9917;21;;;9911.0;0.0
yf_ZC=F_d12;9600;INTARIAN_PEPPER_ROOT;11318;22;11315;29;;;11324;11;11328;27;;;11321.0;0.0
yf_ZC=F_d12;9700;ASH_COATED_OSMIUM;9909;14;9906;22;;;9915;14;9919;28;;;9912.0;0.0
yf_ZC=F_d12;9700;INTARIAN_PEPPER_ROOT;11321;21;11319;13;;;11327;13;11330;25;;;11324.0;0.0
yf_ZC=F_d12;9800;ASH_COATED_OSMIUM;9905;13;9902;19;;;9918;19;9922;21;;;9911.5;0.0
yf_ZC=F_d12;9800;INTARIAN_PEPPER_ROOT;11324;22;11321;27;;;11330;15;11333;23;;;11327.0;0.0
yf_ZC=F_d12;9900;ASH_COATED_OSMIUM;9888;8;9886;21;;;9935;20;9937;17;;;9911.5;0.0
yf_ZC=F_d12;9900;INTARIAN_PEPPER_ROOT;11325;14;11321;23;;;11333;18;11336;27;;;11329.0;0.0
yf_ZC=F_d12;10000;ASH_COATED_OSMIUM;9909;20;9905;21;;;9915;17;9917;13;;;9912.0;0.0
yf_ZC=F_d12;10000;INTARIAN_PEPPER_ROOT;11329;9;11325;26;;;11335;17;11338;15;;;11332.0;0.0
yf_ZC=F_d12;10100;ASH_COATED_OSMIUM;9909;17;9905;29;;;9915;11;9918;18;;;9912.0;0.0
yf_ZC=F_d12;10100;INTARIAN_PEPPER_ROOT;11329;13;11327;25;;;11340;25;11342;15;;;11334.5;0.0
yf_ZC=F_d12;10200;ASH_COATED_OSMIUM;9905;14;9903;20;;;9918;17;9922;15;;;9911.5;0.0
yf_ZC=F_d12;10200;INTARIAN_PEPPER_ROOT;11331;18;11328;25;;;11342;18;11346;17;;;11336.5;0.0
yf_ZC=F_d12;10300;ASH_COATED_OSMIUM;9909;14;9905;16;;;9915;18;9917;27;;;9912.0;0.0
yf_ZC=F_d12;10300;INTARIAN_PEPPER_ROOT;11336;9;11332;15;;;11342;19;11345;26;;;11339.0;0.0
yf_ZC=F_d12;10400;ASH_COATED_OSMIUM;9910;7;9908;29;;;9916;12;9918;12;;;9913.0;0.0
yf_ZC=F_d12;10400;INTARIAN_PEPPER_ROOT;11339;9;11335;22;;;11345;17;11347;17;;;11342.0;0.0
yf_ZC=F_d12;10500;ASH_COATED_OSMIUM;9894;26;9890;22;;;9931;13;9934;13;;;9912.5;0.0
yf_ZC=F_d12;10500;INTARIAN_PEPPER_ROOT;11341;15;11337;21;;;11347;9;11349;17;;;11344.0;0.0
yf_ZC=F_d12;10600;ASH_COATED_OSMIUM;9910;17;9907;14;;;9916;5;9919;26;;;9913.0;0.0
yf_ZC=F_d12;10600;INTARIAN_PEPPER_ROOT;11344;6;11341;14;;;11350;23;11352;20;;;11347.0;0.0
yf_ZC=F_d12;10700;ASH_COATED_OSMIUM;9899;15;9895;15;;;9925;7;9927;20;;;9912.0;0.0
yf_ZC=F_d12;10700;INTARIAN_PEPPER_ROOT;11346;21;11342;27;;;11353;10;11355;19;;;11349.5;0.0
yf_ZC=F_d12;10800;ASH_COATED_OSMIUM;9910;12;9906;22;;;9916;18;9919;22;;;9913.0;0.0
yf_ZC=F_d12;10800;INTARIAN_PEPPER_ROOT;11349;24;11345;16;;;11355;20;11359;19;;;11352.0;0.0
yf_ZC=F_d12;10900;ASH_COATED_OSMIUM;9909;12;9906;17;;;9915;18;9917;20;;;9912.0;0.0
yf_ZC=F_d12;10900;INTARIAN_PEPPER_ROOT;11352;14;11349;19;;;11358;18;11362;15;;;11355.0;0.0
yf_ZC=F_d12;11000;ASH_COATED_OSMIUM;9910;21;9906;18;;;9916;12;9919;20;;;9913.0;0.0
yf_ZC=F_d12;11000;INTARIAN_PEPPER_ROOT;11351;15;11347;20;;;11364;20;11367;25;;;11357.5;0.0
yf_ZC=F_d12;11100;ASH_COATED_OSMIUM;9911;9;9907;18;;;9917;7;9921;25;;;9914.0;0.0
yf_ZC=F_d12;11100;INTARIAN_PEPPER_ROOT;11354;12;11351;21;;;11366;11;11370;22;;;11360.0;0.0
yf_ZC=F_d12;11200;ASH_COATED_OSMIUM;9898;16;9894;23;;;9929;15;9933;27;;;9913.5;0.0
yf_ZC=F_d12;11200;INTARIAN_PEPPER_ROOT;11360;5;11357;16;;;11366;7;11370;18;;;11363.0;0.0
yf_ZC=F_d12;11300;ASH_COATED_OSMIUM;9910;24;9908;14;;;9916;19;9920;23;;;9913.0;0.0
yf_ZC=F_d12;11300;INTARIAN_PEPPER_ROOT;11362;24;11358;17;;;11369;10;11373;26;;;11365.5;0.0
yf_ZC=F_d12;11400;ASH_COATED_OSMIUM;9910;21;9907;19;;;9916;19;9918;19;;;9913.0;0.0
yf_ZC=F_d12;11400;INTARIAN_PEPPER_ROOT;11360;21;11357;23;;;11377;16;11380;25;;;11368.5;0.0
yf_ZC=F_d12;11500;ASH_COATED_OSMIUM;9910;17;9908;24;;;9916;14;9919;20;;;9913.0;0.0
yf_ZC=F_d12;11500;INTARIAN_PEPPER_ROOT;11363;16;11360;12;;;11379;8;11381;26;;;11371.0;0.0
yf_ZC=F_d12;11600;ASH_COATED_OSMIUM;9911;17;9908;28;;;9917;15;9920;13;;;9914.0;0.0
yf_ZC=F_d12;11600;INTARIAN_PEPPER_ROOT;11368;24;11366;24;;;11377;22;11381;21;;;11372.5;0.0
yf_ZC=F_d12;11700;ASH_COATED_OSMIUM;9910;20;9908;25;;;9917;25;9920;13;;;9913.5;0.0
yf_ZC=F_d12;11700;INTARIAN_PEPPER_ROOT;11370;6;11367;16;;;11383;17;11385;20;;;11376.5;0.0
yf_ZC=F_d12;11800;ASH_COATED_OSMIUM;9911;20;9908;21;;;9917;11;9919;21;;;9914.0;0.0
yf_ZC=F_d12;11800;INTARIAN_PEPPER_ROOT;11375;9;11371;14;;;11381;9;11383;14;;;11378.0;0.0
yf_ZC=F_d12;11900;ASH_COATED_OSMIUM;9911;10;9908;18;;;9917;12;9921;14;;;9914.0;0.0
yf_ZC=F_d12;11900;INTARIAN_PEPPER_ROOT;11370;16;11367;20;;;11392;17;11395;21;;;11381.0;0.0
yf_ZC=F_d12;12000;ASH_COATED_OSMIUM;9911;13;9909;27;;;9917;20;9919;11;;;9914.0;0.0
yf_ZC=F_d12;12000;INTARIAN_PEPPER_ROOT;11380;14;11376;16;;;11388;11;11390;18;;;11384.0;0.0
yf_ZC=F_d12;12100;ASH_COATED_OSMIUM;9911;16;9907;18;;;9917;9;9919;14;;;9914.0;0.0
yf_ZC=F_d12;12100;INTARIAN_PEPPER_ROOT;11383;11;11380;22;;;11389;14;11392;21;;;11386.0;0.0
yf_ZC=F_d12;12200;ASH_COATED_OSMIUM;9908;19;9906;28;;;9923;17;9925;21;;;9915.5;0.0
yf_ZC=F_d12;12200;INTARIAN_PEPPER_ROOT;11386;9;11382;25;;;11392;7;11395;15;;;11389.0;0.0
yf_ZC=F_d12;12300;ASH_COATED_OSMIUM;9910;20;9908;25;;;9918;17;9921;18;;;9914.0;0.0
yf_ZC=F_d12;12300;INTARIAN_PEPPER_ROOT;11388;13;11384;15;;;11394;19;11397;18;;;11391.0;0.0
yf_ZC=F_d12;12400;ASH_COATED_OSMIUM;9912;21;9908;19;;;9918;14;9922;14;;;9915.0;0.0
yf_ZC=F_d12;12400;INTARIAN_PEPPER_ROOT;11391;9;11388;20;;;11397;6;11400;22;;;11394.0;0.0
yf_ZC=F_d12;12500;ASH_COATED_OSMIUM;9911;19;9908;11;;;9917;18;9919;18;;;9914.0;0.0
yf_ZC=F_d12;12500;INTARIAN_PEPPER_ROOT;11394;17;11392;19;;;11400;15;11404;23;;;11397.0;0.0
yf_ZC=F_d12;12600;ASH_COATED_OSMIUM;9909;12;9905;23;;;9921;7;9925;12;;;9915.0;0.0
yf_ZC=F_d12;12600;INTARIAN_PEPPER_ROOT;11396;18;11392;26;;;11403;27;11407;11;;;11399.5;0.0
yf_ZC=F_d12;12700;ASH_COATED_OSMIUM;9912;12;9910;20;;;9918;19;9921;19;;;9915.0;0.0
yf_ZC=F_d12;12700;INTARIAN_PEPPER_ROOT;11397;16;11395;26;;;11406;14;11408;28;;;11401.5;0.0
yf_ZC=F_d12;12800;ASH_COATED_OSMIUM;9907;9;9905;26;;;9924;14;9926;12;;;9915.5;0.0
yf_ZC=F_d12;12800;INTARIAN_PEPPER_ROOT;11401;15;11397;19;;;11409;21;11411;14;;;11405.0;0.0
yf_ZC=F_d12;12900;ASH_COATED_OSMIUM;9913;9;9911;25;;;9919;12;9922;15;;;9916.0;0.0
yf_ZC=F_d12;12900;INTARIAN_PEPPER_ROOT;11404;8;11401;35;;;11410;19;11414;26;;;11407.0;0.0
yf_ZC=F_d12;13000;ASH_COATED_OSMIUM;9913;14;9910;15;;;9919;15;9921;20;;;9916.0;0.0
yf_ZC=F_d12;13000;INTARIAN_PEPPER_ROOT;11407;11;11403;15;;;11413;22;11415;19;;;11410.0;0.0
yf_ZC=F_d12;13100;ASH_COATED_OSMIUM;9912;15;9909;14;;;9918;20;9920;13;;;9915.0;0.0
yf_ZC=F_d12;13100;INTARIAN_PEPPER_ROOT;11409;22;11406;16;;;11415;18;11419;18;;;11412.0;0.0
yf_ZC=F_d12;13200;ASH_COATED_OSMIUM;9913;13;9909;23;;;9919;11;9921;21;;;9916.0;0.0
yf_ZC=F_d12;13200;INTARIAN_PEPPER_ROOT;11412;15;11408;14;;;11418;12;11421;14;;;11415.0;0.0
yf_ZC=F_d12;13300;ASH_COATED_OSMIUM;9913;17;9910;15;;;9919;22;9921;20;;;9916.0;0.0
yf_ZC=F_d12;13300;INTARIAN_PEPPER_ROOT;11414;16;11411;19;;;11420;15;11422;35;;;11417.0;0.0
yf_ZC=F_d12;13400;ASH_COATED_OSMIUM;9909;8;9907;18;;;9922;20;9925;26;;;9915.5;0.0
yf_ZC=F_d12;13400;INTARIAN_PEPPER_ROOT;11414;18;11411;15;;;11426;12;11430;33;;;11420.0;0.0
yf_ZC=F_d12;13500;ASH_COATED_OSMIUM;9911;16;9907;21;;;9920;15;9924;18;;;9915.5;0.0
yf_ZC=F_d12;13500;INTARIAN_PEPPER_ROOT;11419;12;11417;23;;;11425;10;11427;28;;;11422.0;0.0
yf_ZC=F_d12;13600;ASH_COATED_OSMIUM;9913;14;9909;19;;;9919;16;9921;15;;;9916.0;0.0
yf_ZC=F_d12;13600;INTARIAN_PEPPER_ROOT;11418;21;11415;20;;;11432;7;11436;22;;;11425.0;0.0
yf_ZC=F_d12;13700;ASH_COATED_OSMIUM;9913;18;9910;17;;;9919;11;9921;24;;;9916.0;0.0
yf_ZC=F_d12;13700;INTARIAN_PEPPER_ROOT;11417;28;11415;19;;;11439;16;11443;22;;;11428.0;0.0
yf_ZC=F_d12;13800;ASH_COATED_OSMIUM;9913;16;9911;8;;;9919;11;9921;20;;;9916.0;0.0
yf_ZC=F_d12;13800;INTARIAN_PEPPER_ROOT;11425;10;11422;17;;;11436;10;11439;19;;;11430.5;0.0
yf_ZC=F_d12;13900;ASH_COATED_OSMIUM;9903;15;9899;26;;;9930;10;9934;20;;;9916.5;0.0
yf_ZC=F_d12;13900;INTARIAN_PEPPER_ROOT;11430;19;11426;22;;;11436;13;11438;23;;;11433.0;0.0
yf_ZC=F_d12;14000;ASH_COATED_OSMIUM;9911;16;9909;19;;;9922;11;9926;20;;;9916.5;0.0
yf_ZC=F_d12;14000;INTARIAN_PEPPER_ROOT;11431;16;11428;13;;;11440;7;11443;21;;;11435.5;0.0
yf_ZC=F_d12;14100;ASH_COATED_OSMIUM;9914;15;9911;17;;;9920;8;9923;19;;;9917.0;0.0
yf_ZC=F_d12;14100;INTARIAN_PEPPER_ROOT;11435;13;11433;17;;;11441;5;11443;15;;;11438.0;0.0
yf_ZC=F_d12;14200;ASH_COATED_OSMIUM;9914;10;9912;15;;;9920;13;9923;22;;;9917.0;0.0
yf_ZC=F_d12;14200;INTARIAN_PEPPER_ROOT;11438;20;11436;30;;;11444;20;11447;27;;;11441.0;0.0
yf_ZC=F_d12;14300;ASH_COATED_OSMIUM;9914;19;9912;11;;;9920;14;9922;22;;;9917.0;0.0
yf_ZC=F_d12;14300;INTARIAN_PEPPER_ROOT;11440;19;11436;18;;;11446;7;11449;18;;;11443.0;0.0
yf_ZC=F_d12;14400;ASH_COATED_OSMIUM;9914;15;9910;25;;;9920;15;9924;15;;;9917.0;0.0
yf_ZC=F_d12;14400;INTARIAN_PEPPER_ROOT;11443;11;11441;24;;;11449;16;11452;19;;;11446.0;0.0
yf_ZC=F_d12;14500;ASH_COATED_OSMIUM;9914;11;9911;11;;;9920;13;9922;22;;;9917.0;0.0
yf_ZC=F_d12;14500;INTARIAN_PEPPER_ROOT;11445;16;11441;19;;;11451;20;11455;24;;;11448.0;0.0
yf_ZC=F_d12;14600;ASH_COATED_OSMIUM;9915;10;9912;23;;;9921;19;9923;30;;;9918.0;0.0
yf_ZC=F_d12;14600;INTARIAN_PEPPER_ROOT;11448;7;11445;28;;;11454;10;11456;21;;;11451.0;0.0
yf_ZC=F_d12;14700;ASH_COATED_OSMIUM;9915;25;9912;23;;;9921;16;9924;27;;;9918.0;0.0
yf_ZC=F_d12;14700;INTARIAN_PEPPER_ROOT;11447;8;11444;26;;;11459;16;11461;17;;;11453.0;0.0
yf_ZC=F_d12;14800;ASH_COATED_OSMIUM;9915;9;9912;25;;;9921;12;9925;20;;;9918.0;0.0
yf_ZC=F_d12;14800;INTARIAN_PEPPER_ROOT;11451;10;11448;24;;;11461;9;11463;14;;;11456.0;0.0
yf_ZC=F_d12;14900;ASH_COATED_OSMIUM;9915;5;9913;15;;;9921;15;9924;22;;;9918.0;0.0
yf_ZC=F_d12;14900;INTARIAN_PEPPER_ROOT;11451;10;11448;17;;;11465;13;11469;33;;;11458.0;0.0
yf_ZC=F_d12;15000;ASH_COATED_OSMIUM;9915;13;9912;17;;;9921;14;9925;23;;;9918.0;0.0
yf_ZC=F_d12;15000;INTARIAN_PEPPER_ROOT;11458;15;11456;23;;;11464;18;11466;29;;;11461.0;0.0
yf_ZC=F_d12;15100;ASH_COATED_OSMIUM;9915;14;9913;27;;;9921;11;9924;22;;;9918.0;0.0
yf_ZC=F_d12;15100;INTARIAN_PEPPER_ROOT;11459;13;11455;16;;;11469;18;11473;16;;;11464.0;0.0
yf_ZC=F_d12;15200;ASH_COATED_OSMIUM;9915;15;9913;19;;;9921;12;9925;19;;;9918.0;0.0
yf_ZC=F_d12;15200;INTARIAN_PEPPER_ROOT;11464;5;11461;16;;;11470;14;11472;12;;;11467.0;0.0
yf_ZC=F_d12;15300;ASH_COATED_OSMIUM;9916;20;9913;18;;;9922;14;9925;30;;;9919.0;0.0
yf_ZC=F_d12;15300;INTARIAN_PEPPER_ROOT;11466;16;11464;28;;;11472;15;11476;30;;;11469.0;0.0
yf_ZC=F_d12;15400;ASH_COATED_OSMIUM;9916;14;9913;27;;;9922;16;9925;19;;;9919.0;0.0
yf_ZC=F_d12;15400;INTARIAN_PEPPER_ROOT;11467;17;11463;21;;;11476;7;11479;12;;;11471.5;0.0
yf_ZC=F_d12;15500;ASH_COATED_OSMIUM;9904;12;9900;10;;;9934;22;9938;15;;;9919.0;0.0
yf_ZC=F_d12;15500;INTARIAN_PEPPER_ROOT;11471;5;11469;8;;;11477;15;11481;21;;;11474.0;0.0
yf_ZC=F_d12;15600;ASH_COATED_OSMIUM;9914;12;9910;19;;;9924;22;9928;21;;;9919.0;0.0
yf_ZC=F_d12;15600;INTARIAN_PEPPER_ROOT;11464;14;11460;25;;;11491;22;11495;15;;;11477.5;0.0
yf_ZC=F_d12;15700;ASH_COATED_OSMIUM;9915;19;9912;30;;;9921;5;9924;20;;;9918.0;0.0
yf_ZC=F_d12;15700;INTARIAN_PEPPER_ROOT;11477;15;11474;25;;;11483;16;11487;16;;;11480.0;0.0
yf_ZC=F_d12;15800;ASH_COATED_OSMIUM;9910;15;9908;18;;;9929;13;9933;20;;;9919.5;0.0
yf_ZC=F_d12;15800;INTARIAN_PEPPER_ROOT;11479;19;11475;18;;;11486;18;11490;21;;;11482.5;0.0
yf_ZC=F_d12;15900;ASH_COATED_OSMIUM;9916;7;9914;18;;;9922;15;9924;20;;;9919.0;0.0
yf_ZC=F_d12;15900;INTARIAN_PEPPER_ROOT;11481;17;11477;20;;;11487;13;11490;19;;;11484.0;0.0
yf_ZC=F_d12;16000;ASH_COATED_OSMIUM;9910;25;9907;23;;;9930;16;9933;10;;;9920.0;0.0
yf_ZC=F_d12;16000;INTARIAN_PEPPER_ROOT;11484;12;11480;24;;;11490;18;11493;23;;;11487.0;0.0
yf_ZC=F_d12;16100;ASH_COATED_OSMIUM;9916;16;9912;18;;;9922;11;9925;14;;;9919.0;0.0
yf_ZC=F_d12;16100;INTARIAN_PEPPER_ROOT;11484;12;11482;28;;;11497;13;11501;28;;;11490.5;0.0
yf_ZC=F_d12;16200;ASH_COATED_OSMIUM;9912;14;9909;17;;;9927;14;9931;22;;;9919.5;0.0
yf_ZC=F_d12;16200;INTARIAN_PEPPER_ROOT;11486;19;11483;19;;;11498;17;11501;20;;;11492.0;0.0
yf_ZC=F_d12;16300;ASH_COATED_OSMIUM;9916;19;9914;17;;;9922;16;9926;18;;;9919.0;0.0
yf_ZC=F_d12;16300;INTARIAN_PEPPER_ROOT;11492;19;11489;16;;;11498;22;11501;24;;;11495.0;0.0
yf_ZC=F_d12;16400;ASH_COATED_OSMIUM;9917;13;9914;21;;;9923;21;9925;14;;;9920.0;0.0
yf_ZC=F_d12;16400;INTARIAN_PEPPER_ROOT;11492;11;11490;15;;;11504;18;11507;9;;;11498.0;0.0
yf_ZC=F_d12;16500;ASH_COATED_OSMIUM;9913;17;9909;14;;;9926;12;9928;24;;;9919.5;0.0
yf_ZC=F_d12;16500;INTARIAN_PEPPER_ROOT;11497;14;11493;16;;;11503;16;11505;17;;;11500.0;0.0
yf_ZC=F_d12;16600;ASH_COATED_OSMIUM;9916;16;9912;25;;;9923;18;9926;11;;;9919.5;0.0
yf_ZC=F_d12;16600;INTARIAN_PEPPER_ROOT;11486;14;11484;15;;;11519;21;11523;21;;;11502.5;0.0
yf_ZC=F_d12;16700;ASH_COATED_OSMIUM;9914;5;9911;14;;;9925;5;9927;19;;;9919.5;0.0
yf_ZC=F_d12;16700;INTARIAN_PEPPER_ROOT;11503;13;11499;26;;;11509;9;11511;26;;;11506.0;0.0
yf_ZC=F_d12;16800;ASH_COATED_OSMIUM;9917;14;9915;11;;;9923;11;9927;18;;;9920.0;0.0
yf_ZC=F_d12;16800;INTARIAN_PEPPER_ROOT;11504;15;11500;24;;;11512;20;11515;27;;;11508.0;0.0
yf_ZC=F_d12;16900;ASH_COATED_OSMIUM;9915;11;9913;19;;;9926;12;9928;17;;;9920.5;0.0
yf_ZC=F_d12;16900;INTARIAN_PEPPER_ROOT;11506;22;11503;20;;;11516;8;11519;17;;;11511.0;0.0
yf_ZC=F_d12;17000;ASH_COATED_OSMIUM;9917;25;9913;11;;;9923;14;9925;9;;;9920.0;0.0
yf_ZC=F_d12;17000;INTARIAN_PEPPER_ROOT;11508;18;11505;25;;;11514;9;11517;15;;;11511.0;0.0
yf_ZC=F_d12;17100;ASH_COATED_OSMIUM;9917;18;9913;12;;;9923;20;9925;13;;;9920.0;0.0
yf_ZC=F_d12;17100;INTARIAN_PEPPER_ROOT;11507;12;11503;22;;;11513;25;11515;24;;;11510.0;0.0
yf_ZC=F_d12;17200;ASH_COATED_OSMIUM;9918;19;9916;15;;;9924;22;9927;15;;;9921.0;0.0
yf_ZC=F_d12;17200;INTARIAN_PEPPER_ROOT;11502;17;11500;23;;;11514;14;11516;21;;;11508.0;0.0
yf_ZC=F_d12;17300;ASH_COATED_OSMIUM;9918;5;9916;17;;;9924;5;9928;18;;;9921.0;0.0
yf_ZC=F_d12;17300;INTARIAN_PEPPER_ROOT;11486;11;11483;21;;;11528;16;11531;22;;;11507.0;0.0
yf_ZC=F_d12;17400;ASH_COATED_OSMIUM;9918;15;9916;18;;;9924;16;9928;22;;;9921.0;0.0
yf_ZC=F_d12;17400;INTARIAN_PEPPER_ROOT;11499;10;11496;16;;;11514;8;11516;22;;;11506.5;0.0
yf_ZC=F_d12;17500;ASH_COATED_OSMIUM;9918;12;9915;22;;;9924;11;9926;20;;;9921.0;0.0
yf_ZC=F_d12;17500;INTARIAN_PEPPER_ROOT;11502;16;11499;18;;;11508;16;11510;18;;;11505.0;0.0
yf_ZC=F_d12;17600;ASH_COATED_OSMIUM;9918;11;9916;15;;;9924;12;9927;18;;;9921.0;0.0
yf_ZC=F_d12;17600;INTARIAN_PEPPER_ROOT;11501;17;11498;27;;;11507;8;11511;21;;;11504.0;0.0
yf_ZC=F_d12;17700;ASH_COATED_OSMIUM;9915;10;9912;19;;;9926;16;9930;20;;;9920.5;0.0
yf_ZC=F_d12;17700;INTARIAN_PEPPER_ROOT;11499;11;11497;16;;;11508;24;11510;23;;;11503.5;0.0
yf_ZC=F_d12;17800;ASH_COATED_OSMIUM;9910;19;9907;16;;;9931;15;9933;23;;;9920.5;0.0
yf_ZC=F_d12;17800;INTARIAN_PEPPER_ROOT;11497;14;11495;23;;;11506;7;11508;8;;;11501.5;0.0
yf_ZC=F_d12;17900;ASH_COATED_OSMIUM;9914;17;9910;16;;;9928;11;9931;22;;;9921.0;0.0
yf_ZC=F_d12;17900;INTARIAN_PEPPER_ROOT;11496;8;11494;18;;;11505;11;11507;11;;;11500.5;0.0
yf_ZC=F_d12;18000;ASH_COATED_OSMIUM;9918;23;9915;15;;;9924;17;9927;14;;;9921.0;0.0
yf_ZC=F_d12;18000;INTARIAN_PEPPER_ROOT;11497;5;11494;13;;;11503;10;11507;17;;;11500.0;0.0
yf_ZC=F_d12;18100;ASH_COATED_OSMIUM;9918;13;9914;21;;;9924;11;9927;20;;;9921.0;0.0
yf_ZC=F_d12;18100;INTARIAN_PEPPER_ROOT;11493;14;11491;21;;;11505;10;11508;17;;;11499.0;0.0
yf_ZC=F_d12;18200;ASH_COATED_OSMIUM;9918;9;9915;21;;;9924;19;9927;28;;;9921.0;0.0
yf_ZC=F_d12;18200;INTARIAN_PEPPER_ROOT;11489;14;11485;18;;;11504;6;11508;24;;;11496.5;0.0
yf_ZC=F_d12;18300;ASH_COATED_OSMIUM;9918;12;9915;13;;;9924;21;9927;18;;;9921.0;0.0
yf_ZC=F_d12;18300;INTARIAN_PEPPER_ROOT;11491;15;11487;14;;;11501;12;11504;20;;;11496.0;0.0
yf_ZC=F_d12;18400;ASH_COATED_OSMIUM;9919;20;9915;20;;;9925;7;9927;31;;;9922.0;0.0
yf_ZC=F_d12;18400;INTARIAN_PEPPER_ROOT;11491;20;11487;15;;;11499;20;11501;13;;;11495.0;0.0
yf_ZC=F_d12;18500;ASH_COATED_OSMIUM;9914;18;9912;17;;;9929;20;9933;17;;;9921.5;0.0
yf_ZC=F_d12;18500;INTARIAN_PEPPER_ROOT;11490;11;11486;21;;;11496;27;11500;15;;;11493.0;0.0
yf_ZC=F_d12;18600;ASH_COATED_OSMIUM;9918;15;9916;14;;;9924;15;9928;23;;;9921.0;0.0
yf_ZC=F_d12;18600;INTARIAN_PEPPER_ROOT;11490;16;11487;21;;;11496;21;11500;19;;;11493.0;0.0
yf_ZC=F_d12;18700;ASH_COATED_OSMIUM;9915;23;9912;13;;;9928;9;9930;13;;;9921.5;0.0
yf_ZC=F_d12;18700;INTARIAN_PEPPER_ROOT;11489;18;11486;21;;;11495;9;11498;21;;;11492.0;0.0
yf_ZC=F_d12;18800;ASH_COATED_OSMIUM;9919;10;9916;17;;;9925;6;9929;22;;;9922.0;0.0
yf_ZC=F_d12;18800;INTARIAN_PEPPER_ROOT;11486;20;11484;29;;;11496;10;11498;17;;;11491.0;0.0
yf_ZC=F_d12;18900;ASH_COATED_OSMIUM;9919;11;9917;19;;;9925;18;9929;28;;;9922.0;0.0
yf_ZC=F_d12;18900;INTARIAN_PEPPER_ROOT;11487;20;11484;11;;;11493;16;11496;10;;;11490.0;0.0
yf_ZC=F_d12;19000;ASH_COATED_OSMIUM;9918;15;9914;15;;;9924;9;9926;19;;;9921.0;0.0
yf_ZC=F_d12;19000;INTARIAN_PEPPER_ROOT;11482;18;11480;21;;;11494;13;11496;19;;;11488.0;0.0
yf_ZC=F_d12;19100;ASH_COATED_OSMIUM;9918;17;9915;22;;;9927;5;9931;24;;;9922.5;0.0
yf_ZC=F_d12;19100;INTARIAN_PEPPER_ROOT;11473;9;11471;13;;;11501;23;11503;28;;;11487.0;0.0
yf_ZC=F_d12;19200;ASH_COATED_OSMIUM;9919;15;9917;29;;;9925;17;9927;15;;;9922.0;0.0
yf_ZC=F_d12;19200;INTARIAN_PEPPER_ROOT;11482;18;11478;23;;;11488;15;11492;15;;;11485.0;0.0
yf_ZC=F_d12;19300;ASH_COATED_OSMIUM;9919;20;9915;24;;;9925;11;9928;20;;;9922.0;0.0
yf_ZC=F_d12;19300;INTARIAN_PEPPER_ROOT;11482;8;11480;17;;;11488;11;11490;13;;;11485.0;0.0
yf_ZC=F_d12;19400;ASH_COATED_OSMIUM;9908;17;9905;20;;;9936;11;9940;19;;;9922.0;0.0
yf_ZC=F_d12;19400;INTARIAN_PEPPER_ROOT;11480;20;11477;13;;;11486;16;11488;18;;;11483.0;0.0
yf_ZC=F_d12;19500;ASH_COATED_OSMIUM;9919;20;9916;21;;;9925;12;9928;11;;;9922.0;0.0
yf_ZC=F_d12;19500;INTARIAN_PEPPER_ROOT;11479;14;11477;20;;;11485;9;11487;18;;;11482.0;0.0
yf_ZC=F_d12;19600;ASH_COATED_OSMIUM;9919;17;9915;25;;;9925;12;9928;20;;;9922.0;0.0
yf_ZC=F_d12;19600;INTARIAN_PEPPER_ROOT;11476;18;11474;22;;;11486;12;11489;17;;;11481.0;0.0
yf_ZC=F_d12;19700;ASH_COATED_OSMIUM;9915;11;9912;29;;;9929;14;9932;16;;;9922.0;0.0
yf_ZC=F_d12;19700;INTARIAN_PEPPER_ROOT;11477;16;11473;20;;;11483;5;11486;20;;;11480.0;0.0
yf_ZC=F_d12;19800;ASH_COATED_OSMIUM;9915;9;9911;22;;;9929;21;9932;14;;;9922.0;0.0
yf_ZC=F_d12;19800;INTARIAN_PEPPER_ROOT;11476;16;11472;25;;;11482;11;11484;22;;;11479.0;0.0
yf_ZC=F_d12;19900;ASH_COATED_OSMIUM;9918;15;9914;21;;;9927;16;9929;27;;;9922.5;0.0
yf_ZC=F_d12;19900;INTARIAN_PEPPER_ROOT;11475;27;11473;17;;;11481;10;11483;30;;;11478.0;0.0
yf_ZC=F_d12;20000;ASH_COATED_OSMIUM;9920;5;9917;21;;;9926;11;9928;24;;;9923.0;0.0
yf_ZC=F_d12;20000;INTARIAN_PEPPER_ROOT;11474;16;11471;21;;;11480;9;11482;21;;;11477.0;0.0
yf_ZC=F_d12;20100;ASH_COATED_OSMIUM;9918;18;9915;16;;;9926;10;9929;22;;;9922.0;0.0
yf_ZC=F_d12;20100;INTARIAN_PEPPER_ROOT;11471;8;11467;24;;;11480;13;11484;27;;;11475.5;0.0
yf_ZC=F_d12;20200;ASH_COATED_OSMIUM;9915;12;9911;23;;;9931;14;9934;12;;;9923.0;0.0
yf_ZC=F_d12;20200;INTARIAN_PEPPER_ROOT;11471;20;11467;15;;;11479;9;11482;17;;;11475.0;0.0
yf_ZC=F_d12;20300;ASH_COATED_OSMIUM;9920;16;9918;11;;;9926;14;9929;25;;;9923.0;0.0
yf_ZC=F_d12;20300;INTARIAN_PEPPER_ROOT;11470;17;11466;16;;;11476;5;11480;23;;;11473.0;0.0
yf_ZC=F_d12;20400;ASH_COATED_OSMIUM;9920;18;9918;24;;;9926;17;9928;14;;;9923.0;0.0
yf_ZC=F_d12;20400;INTARIAN_PEPPER_ROOT;11469;15;11466;26;;;11475;13;11478;21;;;11472.0;0.0
yf_ZC=F_d12;20500;ASH_COATED_OSMIUM;9920;7;9918;25;;;9926;17;9929;23;;;9923.0;0.0
yf_ZC=F_d12;20500;INTARIAN_PEPPER_ROOT;11464;8;11461;18;;;11478;11;11480;26;;;11471.0;0.0
yf_ZC=F_d12;20600;ASH_COATED_OSMIUM;9920;6;9917;28;;;9926;23;9928;26;;;9923.0;0.0
yf_ZC=F_d12;20600;INTARIAN_PEPPER_ROOT;11467;13;11465;19;;;11473;7;11477;21;;;11470.0;0.0
yf_ZC=F_d12;20700;ASH_COATED_OSMIUM;9920;15;9918;14;;;9926;14;9928;18;;;9923.0;0.0
yf_ZC=F_d12;20700;INTARIAN_PEPPER_ROOT;11458;8;11454;19;;;11478;5;11482;19;;;11468.0;0.0
yf_ZC=F_d12;20800;ASH_COATED_OSMIUM;9920;12;9918;10;;;9926;19;9928;15;;;9923.0;0.0
yf_ZC=F_d12;20800;INTARIAN_PEPPER_ROOT;11452;21;11450;19;;;11484;11;11487;24;;;11468.0;0.0
yf_ZC=F_d12;20900;ASH_COATED_OSMIUM;9903;11;9901;24;;;9944;12;9947;16;;;9923.5;0.0
yf_ZC=F_d12;20900;INTARIAN_PEPPER_ROOT;11463;12;11459;16;;;11469;18;11471;23;;;11466.0;0.0
yf_ZC=F_d12;21000;ASH_COATED_OSMIUM;9920;14;9917;13;;;9926;14;9930;19;;;9923.0;0.0
yf_ZC=F_d12;21000;INTARIAN_PEPPER_ROOT;11462;18;11458;18;;;11468;11;11470;15;;;11465.0;0.0
yf_ZC=F_d12;21100;ASH_COATED_OSMIUM;9917;8;9914;25;;;9930;14;9933;16;;;9923.5;0.0
yf_ZC=F_d12;21100;INTARIAN_PEPPER_ROOT;11461;15;11458;16;;;11467;10;11469;18;;;11464.0;0.0
yf_ZC=F_d12;21200;ASH_COATED_OSMIUM;9920;25;9917;20;;;9926;17;9928;20;;;9923.0;0.0
yf_ZC=F_d12;21200;INTARIAN_PEPPER_ROOT;11448;13;11446;13;;;11478;18;11481;26;;;11463.0;0.0
yf_ZC=F_d12;21300;ASH_COATED_OSMIUM;9914;21;9912;26;;;9932;17;9934;28;;;9923.0;0.0
yf_ZC=F_d12;21300;INTARIAN_PEPPER_ROOT;11458;20;11455;29;;;11464;19;11466;21;;;11461.0;0.0
yf_ZC=F_d12;21400;ASH_COATED_OSMIUM;9918;17;9915;18;;;9931;19;9934;16;;;9924.5;0.0
yf_ZC=F_d12;21400;INTARIAN_PEPPER_ROOT;11455;15;11451;14;;;11467;13;11471;13;;;11461.0;0.0
yf_ZC=F_d12;21500;ASH_COATED_OSMIUM;9913;14;9909;16;;;9934;21;9938;16;;;9923.5;0.0
yf_ZC=F_d12;21500;INTARIAN_PEPPER_ROOT;11456;16;11452;15;;;11462;16;11465;15;;;11459.0;0.0
yf_ZC=F_d12;21600;ASH_COATED_OSMIUM;9915;20;9911;22;;;9934;13;9938;19;;;9924.5;0.0
yf_ZC=F_d12;21600;INTARIAN_PEPPER_ROOT;11455;9;11451;13;;;11461;20;11464;17;;;11458.0;0.0
yf_ZC=F_d12;21700;ASH_COATED_OSMIUM;9921;17;9918;17;;;9927;8;9931;14;;;9924.0;0.0
yf_ZC=F_d12;21700;INTARIAN_PEPPER_ROOT;11454;5;11452;22;;;11460;18;11462;20;;;11457.0;0.0
yf_ZC=F_d12;21800;ASH_COATED_OSMIUM;9920;12;9917;28;;;9926;11;9928;24;;;9923.0;0.0
yf_ZC=F_d12;21800;INTARIAN_PEPPER_ROOT;11450;18;11447;31;;;11461;9;11465;14;;;11455.5;0.0
yf_ZC=F_d12;21900;ASH_COATED_OSMIUM;9921;11;9918;24;;;9927;18;9931;27;;;9924.0;0.0
yf_ZC=F_d12;21900;INTARIAN_PEPPER_ROOT;11451;5;11449;18;;;11457;12;11459;20;;;11454.0;0.0
yf_ZC=F_d12;22000;ASH_COATED_OSMIUM;9921;14;9918;23;;;9927;14;9929;14;;;9924.0;0.0
yf_ZC=F_d12;22000;INTARIAN_PEPPER_ROOT;11450;21;11447;27;;;11456;17;11460;16;;;11453.0;0.0
yf_ZC=F_d12;22100;ASH_COATED_OSMIUM;9921;25;9917;14;;;9927;16;9930;15;;;9924.0;0.0
yf_ZC=F_d12;22100;INTARIAN_PEPPER_ROOT;11449;16;11446;22;;;11455;18;11458;15;;;11452.0;0.0
yf_ZC=F_d12;22200;ASH_COATED_OSMIUM;9921;19;9918;15;;;9928;11;9930;25;;;9924.5;0.0
yf_ZC=F_d12;22200;INTARIAN_PEPPER_ROOT;11448;19;11444;27;;;11454;21;11457;21;;;11451.0;0.0
yf_ZC=F_d12;22300;ASH_COATED_OSMIUM;9921;18;9918;25;;;9927;11;9929;25;;;9924.0;0.0
yf_ZC=F_d12;22300;INTARIAN_PEPPER_ROOT;11447;17;11445;15;;;11453;18;11455;19;;;11450.0;0.0
yf_ZC=F_d12;22400;ASH_COATED_OSMIUM;9921;20;9918;27;;;9927;16;9929;18;;;9924.0;0.0
yf_ZC=F_d12;22400;INTARIAN_PEPPER_ROOT;11444;15;11440;16;;;11454;20;11457;23;;;11449.0;0.0
yf_ZC=F_d12;22500;ASH_COATED_OSMIUM;9921;18;9919;17;;;9929;25;9933;27;;;9925.0;0.0
yf_ZC=F_d12;22500;INTARIAN_PEPPER_ROOT;11445;10;11442;20;;;11451;18;11453;14;;;11448.0;0.0
yf_ZC=F_d12;22600;ASH_COATED_OSMIUM;9921;11;9917;24;;;9927;6;9929;26;;;9924.0;0.0
yf_ZC=F_d12;22600;INTARIAN_PEPPER_ROOT;11444;12;11440;25;;;11450;10;11452;28;;;11447.0;0.0
yf_ZC=F_d12;22700;ASH_COATED_OSMIUM;9921;9;9917;17;;;9927;9;9931;22;;;9924.0;0.0
yf_ZC=F_d12;22700;INTARIAN_PEPPER_ROOT;11437;18;11434;21;;;11453;11;11455;20;;;11445.0;0.0
yf_ZC=F_d12;22800;ASH_COATED_OSMIUM;9921;14;9919;20;;;9927;5;9929;18;;;9924.0;0.0
yf_ZC=F_d12;22800;INTARIAN_PEPPER_ROOT;11441;14;11438;23;;;11448;12;11451;25;;;11444.5;0.0
yf_ZC=F_d12;22900;ASH_COATED_OSMIUM;9917;18;9913;18;;;9933;17;9937;18;;;9925.0;0.0
yf_ZC=F_d12;22900;INTARIAN_PEPPER_ROOT;11440;10;11438;16;;;11446;22;11450;19;;;11443.0;0.0
yf_ZC=F_d12;23000;ASH_COATED_OSMIUM;9922;21;9919;20;;;9928;16;9932;24;;;9925.0;0.0
yf_ZC=F_d12;23000;INTARIAN_PEPPER_ROOT;11438;20;11436;27;;;11446;17;11450;11;;;11442.0;0.0
yf_ZC=F_d12;23100;ASH_COATED_OSMIUM;9921;12;9918;22;;;9928;16;9932;21;;;9924.5;0.0
yf_ZC=F_d12;23100;INTARIAN_PEPPER_ROOT;11435;15;11431;20;;;11447;14;11450;28;;;11441.0;0.0
yf_ZC=F_d12;23200;ASH_COATED_OSMIUM;9922;9;9919;27;;;9928;5;9932;23;;;9925.0;0.0
yf_ZC=F_d12;23200;INTARIAN_PEPPER_ROOT;11436;17;11432;19;;;11442;17;11444;24;;;11439.0;0.0
yf_ZC=F_d12;23300;ASH_COATED_OSMIUM;9922;25;9918;18;;;9928;24;9931;24;;;9925.0;0.0
yf_ZC=F_d12;23300;INTARIAN_PEPPER_ROOT;11429;5;11427;19;;;11449;17;11452;27;;;11439.0;0.0
yf_ZC=F_d12;23400;ASH_COATED_OSMIUM;9918;7;9916;21;;;9932;6;9934;26;;;9925.0;0.0
yf_ZC=F_d12;23400;INTARIAN_PEPPER_ROOT;11434;12;11431;22;;;11440;9;11444;21;;;11437.0;0.0
yf_ZC=F_d12;23500;ASH_COATED_OSMIUM;9921;11;9918;13;;;9928;17;9932;18;;;9924.5;0.0
yf_ZC=F_d12;23500;INTARIAN_PEPPER_ROOT;11434;14;11430;24;;;11440;12;11442;21;;;11437.0;0.0
yf_ZC=F_d12;23600;ASH_COATED_OSMIUM;9913;18;9911;28;;;9937;11;9939;19;;;9925.0;0.0
yf_ZC=F_d12;23600;INTARIAN_PEPPER_ROOT;11432;20;11430;9;;;11438;17;11441;16;;;11435.0;0.0
yf_ZC=F_d12;23700;ASH_COATED_OSMIUM;9922;16;9920;20;;;9928;5;9930;25;;;9925.0;0.0
yf_ZC=F_d12;23700;INTARIAN_PEPPER_ROOT;11431;24;11428;16;;;11437;13;11439;20;;;11434.0;0.0
yf_ZC=F_d12;23800;ASH_COATED_OSMIUM;9922;14;9919;17;;;9928;15;9932;14;;;9925.0;0.0
yf_ZC=F_d12;23800;INTARIAN_PEPPER_ROOT;11430;8;11427;22;;;11436;20;11438;14;;;11433.0;0.0
yf_ZC=F_d12;23900;ASH_COATED_OSMIUM;9922;17;9920;21;;;9928;6;9930;27;;;9925.0;0.0
yf_ZC=F_d12;23900;INTARIAN_PEPPER_ROOT;11419;11;11416;19;;;11442;9;11444;12;;;11430.5;0.0
yf_ZC=F_d12;24000;ASH_COATED_OSMIUM;9916;13;9914;26;;;9934;12;9936;15;;;9925.0;0.0
yf_ZC=F_d12;24000;INTARIAN_PEPPER_ROOT;11423;18;11420;17;;;11438;22;11442;21;;;11430.5;0.0
yf_ZC=F_d12;24100;ASH_COATED_OSMIUM;9923;18;9921;29;;;9929;9;9933;16;;;9926.0;0.0
yf_ZC=F_d12;24100;INTARIAN_PEPPER_ROOT;11427;23;11425;17;;;11433;18;11437;18;;;11430.0;0.0
yf_ZC=F_d12;24200;ASH_COATED_OSMIUM;9922;11;9919;27;;;9928;16;9931;20;;;9925.0;0.0
yf_ZC=F_d12;24200;INTARIAN_PEPPER_ROOT;11417;13;11414;19;;;11440;18;11442;17;;;11428.5;0.0
yf_ZC=F_d12;24300;ASH_COATED_OSMIUM;9914;9;9910;18;;;9936;27;9939;18;;;9925.0;0.0
yf_ZC=F_d12;24300;INTARIAN_PEPPER_ROOT;11422;16;11419;14;;;11432;21;11435;21;;;11427.0;0.0
yf_ZC=F_d12;24400;ASH_COATED_OSMIUM;9923;16;9921;12;;;9929;16;9933;20;;;9926.0;0.0
yf_ZC=F_d12;24400;INTARIAN_PEPPER_ROOT;11423;10;11420;19;;;11429;13;11432;17;;;11426.0;0.0
yf_ZC=F_d12;24500;ASH_COATED_OSMIUM;9922;12;9919;23;;;9928;16;9931;24;;;9925.0;0.0
yf_ZC=F_d12;24500;INTARIAN_PEPPER_ROOT;11422;25;11419;16;;;11428;14;11432;19;;;11425.0;0.0
yf_ZC=F_d12;24600;ASH_COATED_OSMIUM;9923;18;9921;19;;;9929;7;9933;16;;;9926.0;0.0
yf_ZC=F_d12;24600;INTARIAN_PEPPER_ROOT;11411;16;11408;21;;;11437;10;11440;22;;;11424.0;0.0
yf_ZC=F_d12;24700;ASH_COATED_OSMIUM;9917;16;9913;15;;;9935;12;9939;21;;;9926.0;0.0
yf_ZC=F_d12;24700;INTARIAN_PEPPER_ROOT;11419;17;11415;18;;;11425;9;11428;27;;;11422.0;0.0
yf_ZC=F_d12;24800;ASH_COATED_OSMIUM;9923;24;9920;24;;;9929;10;9931;21;;;9926.0;0.0
yf_ZC=F_d12;24800;INTARIAN_PEPPER_ROOT;11411;20;11407;11;;;11432;23;11436;23;;;11421.5;0.0
yf_ZC=F_d12;24900;ASH_COATED_OSMIUM;9923;15;9919;15;;;9929;12;9933;14;;;9926.0;0.0
yf_ZC=F_d12;24900;INTARIAN_PEPPER_ROOT;11417;26;11414;25;;;11423;20;11425;30;;;11420.0;0.0
yf_ZC=F_d12;25000;ASH_COATED_OSMIUM;9923;5;9919;24;;;9929;15;9932;21;;;9926.0;0.0
yf_ZC=F_d12;25000;INTARIAN_PEPPER_ROOT;11416;13;11414;14;;;11422;12;11424;28;;;11419.0;0.0
yf_ZC=F_d12;25100;ASH_COATED_OSMIUM;9922;12;9920;20;;;9929;12;9933;15;;;9925.5;0.0
yf_ZC=F_d12;25100;INTARIAN_PEPPER_ROOT;11415;16;11412;27;;;11421;16;11423;17;;;11418.0;0.0
yf_ZC=F_d12;25200;ASH_COATED_OSMIUM;9923;13;9919;18;;;9929;6;9931;23;;;9926.0;0.0
yf_ZC=F_d12;25200;INTARIAN_PEPPER_ROOT;11413;19;11411;10;;;11419;14;11423;15;;;11416.0;0.0
yf_ZC=F_d12;25300;ASH_COATED_OSMIUM;9923;12;9921;25;;;9929;15;9931;20;;;9926.0;0.0
yf_ZC=F_d12;25300;INTARIAN_PEPPER_ROOT;11413;17;11410;17;;;11419;18;11423;22;;;11416.0;0.0
yf_ZC=F_d12;25400;ASH_COATED_OSMIUM;9924;18;9920;19;;;9930;13;9932;15;;;9927.0;0.0
yf_ZC=F_d12;25400;INTARIAN_PEPPER_ROOT;11411;10;11408;16;;;11417;14;11419;35;;;11414.0;0.0
yf_ZC=F_d12;25500;ASH_COATED_OSMIUM;9923;19;9920;18;;;9929;5;9933;17;;;9926.0;0.0
yf_ZC=F_d12;25500;INTARIAN_PEPPER_ROOT;11410;13;11406;16;;;11416;18;11418;15;;;11413.0;0.0
yf_ZC=F_d12;25600;ASH_COATED_OSMIUM;9924;15;9920;23;;;9930;14;9933;21;;;9927.0;0.0
yf_ZC=F_d12;25600;INTARIAN_PEPPER_ROOT;11405;14;11401;13;;;11418;15;11421;26;;;11411.5;0.0
yf_ZC=F_d12;25700;ASH_COATED_OSMIUM;9924;21;9921;17;;;9930;9;9932;21;;;9927.0;0.0
yf_ZC=F_d12;25700;INTARIAN_PEPPER_ROOT;11405;13;11402;15;;;11416;6;11420;22;;;11410.5;0.0
yf_ZC=F_d12;25800;ASH_COATED_OSMIUM;9921;14;9917;18;;;9932;8;9934;13;;;9926.5;0.0
yf_ZC=F_d12;25800;INTARIAN_PEPPER_ROOT;11407;6;11404;22;;;11413;14;11417;13;;;11410.0;0.0
yf_ZC=F_d12;25900;ASH_COATED_OSMIUM;9920;9;9917;19;;;9932;13;9934;26;;;9926.0;0.0
yf_ZC=F_d12;25900;INTARIAN_PEPPER_ROOT;11406;13;11402;22;;;11413;15;11415;23;;;11409.5;0.0
yf_ZC=F_d12;26000;ASH_COATED_OSMIUM;9924;18;9922;17;;;9931;9;9933;28;;;9927.5;0.0
yf_ZC=F_d12;26000;INTARIAN_PEPPER_ROOT;11404;11;11402;27;;;11410;14;11413;12;;;11407.0;0.0
yf_ZC=F_d12;26100;ASH_COATED_OSMIUM;9924;12;9922;25;;;9930;15;9933;23;;;9927.0;0.0
yf_ZC=F_d12;26100;INTARIAN_PEPPER_ROOT;11404;12;11400;16;;;11410;5;11413;16;;;11407.0;0.0
yf_ZC=F_d12;26200;ASH_COATED_OSMIUM;9921;19;9919;15;;;9932;14;9935;22;;;9926.5;0.0
yf_ZC=F_d12;26200;INTARIAN_PEPPER_ROOT;11402;8;11398;18;;;11408;11;11411;10;;;11405.0;0.0
yf_ZC=F_d12;26300;ASH_COATED_OSMIUM;9924;19;9920;10;;;9930;6;9932;14;;;9927.0;0.0
yf_ZC=F_d12;26300;INTARIAN_PEPPER_ROOT;11398;11;11396;17;;;11410;25;11414;23;;;11404.0;0.0
yf_ZC=F_d12;26400;ASH_COATED_OSMIUM;9924;13;9920;18;;;9930;12;9934;18;;;9927.0;0.0
yf_ZC=F_d12;26400;INTARIAN_PEPPER_ROOT;11397;22;11394;23;;;11408;12;11410;8;;;11402.5;0.0
yf_ZC=F_d12;26500;ASH_COATED_OSMIUM;9922;12;9918;23;;;9931;15;9935;21;;;9926.5;0.0
yf_ZC=F_d12;26500;INTARIAN_PEPPER_ROOT;11394;17;11392;16;;;11410;22;11412;21;;;11402.0;0.0
yf_ZC=F_d12;26600;ASH_COATED_OSMIUM;9925;15;9922;9;;;9931;15;9935;13;;;9928.0;0.0
yf_ZC=F_d12;26600;INTARIAN_PEPPER_ROOT;11398;17;11396;16;;;11404;14;11407;14;;;11401.0;0.0
yf_ZC=F_d12;26700;ASH_COATED_OSMIUM;9917;13;9913;22;;;9937;15;9940;24;;;9927.0;0.0
yf_ZC=F_d12;26700;INTARIAN_PEPPER_ROOT;11394;10;11392;21;;;11405;7;11408;18;;;11399.5;0.0
yf_ZC=F_d12;26800;ASH_COATED_OSMIUM;9924;11;9922;13;;;9931;17;9933;18;;;9927.5;0.0
yf_ZC=F_d12;26800;INTARIAN_PEPPER_ROOT;11395;30;11393;8;;;11401;14;11403;26;;;11398.0;0.0
yf_ZC=F_d12;26900;ASH_COATED_OSMIUM;9921;25;9917;20;;;9934;8;9938;8;;;9927.5;0.0
yf_ZC=F_d12;26900;INTARIAN_PEPPER_ROOT;11394;9;11391;24;;;11400;17;11403;19;;;11397.0;0.0
yf_ZC=F_d12;27000;ASH_COATED_OSMIUM;9924;11;9920;23;;;9930;20;9933;23;;;9927.0;0.0
yf_ZC=F_d12;27000;INTARIAN_PEPPER_ROOT;11393;17;11389;10;;;11399;21;11403;15;;;11396.0;0.0
yf_ZC=F_d12;27100;ASH_COATED_OSMIUM;9925;15;9921;21;;;9931;15;9935;15;;;9928.0;0.0
yf_ZC=F_d12;27100;INTARIAN_PEPPER_ROOT;11391;19;11387;16;;;11397;21;11400;23;;;11394.0;0.0
yf_ZC=F_d12;27200;ASH_COATED_OSMIUM;9924;28;9922;23;;;9931;10;9934;11;;;9927.5;0.0
yf_ZC=F_d12;27200;INTARIAN_PEPPER_ROOT;11389;12;11387;24;;;11399;15;11401;18;;;11394.0;0.0
yf_ZC=F_d12;27300;ASH_COATED_OSMIUM;9913;9;9910;16;;;9943;18;9945;18;;;9928.0;0.0
yf_ZC=F_d12;27300;INTARIAN_PEPPER_ROOT;11389;5;11385;22;;;11395;8;11399;13;;;11392.0;0.0
yf_ZC=F_d12;27400;ASH_COATED_OSMIUM;9924;12;9922;16;;;9932;20;9936;23;;;9928.0;0.0
yf_ZC=F_d12;27400;INTARIAN_PEPPER_ROOT;11375;17;11371;21;;;11407;20;11409;18;;;11391.0;0.0
yf_ZC=F_d12;27500;ASH_COATED_OSMIUM;9925;14;9923;29;;;9931;19;9933;27;;;9928.0;0.0
yf_ZC=F_d12;27500;INTARIAN_PEPPER_ROOT;11387;11;11383;26;;;11393;16;11397;18;;;11390.0;0.0
yf_ZC=F_d12;27600;ASH_COATED_OSMIUM;9923;12;9920;13;;;9934;17;9937;23;;;9928.5;0.0
yf_ZC=F_d12;27600;INTARIAN_PEPPER_ROOT;11386;21;11382;23;;;11392;18;11394;22;;;11389.0;0.0
yf_ZC=F_d12;27700;ASH_COATED_OSMIUM;9926;21;9922;22;;;9932;17;9935;16;;;9929.0;0.0
yf_ZC=F_d12;27700;INTARIAN_PEPPER_ROOT;11385;21;11382;23;;;11391;13;11395;18;;;11388.0;0.0
yf_ZC=F_d12;27800;ASH_COATED_OSMIUM;9925;20;9922;14;;;9931;23;9934;24;;;9928.0;0.0
yf_ZC=F_d12;27800;INTARIAN_PEPPER_ROOT;11383;8;11379;12;;;11389;16;11392;18;;;11386.0;0.0
yf_ZC=F_d12;27900;ASH_COATED_OSMIUM;9920;21;9917;17;;;9935;13;9938;24;;;9927.5;0.0
yf_ZC=F_d12;27900;INTARIAN_PEPPER_ROOT;11383;12;11381;22;;;11389;11;11392;19;;;11386.0;0.0
yf_ZC=F_d12;28000;ASH_COATED_OSMIUM;9920;18;9916;20;;;9935;12;9939;20;;;9927.5;0.0
yf_ZC=F_d12;28000;INTARIAN_PEPPER_ROOT;11358;16;11355;12;;;11410;14;11412;20;;;11384.0;0.0
yf_ZC=F_d12;28100;ASH_COATED_OSMIUM;9915;15;9913;20;;;9942;11;9945;19;;;9928.5;0.0
yf_ZC=F_d12;28100;INTARIAN_PEPPER_ROOT;11380;21;11376;13;;;11386;19;11388;16;;;11383.0;0.0
yf_ZC=F_d12;28200;ASH_COATED_OSMIUM;9924;17;9920;25;;;9934;14;9936;26;;;9929.0;0.0
yf_ZC=F_d12;28200;INTARIAN_PEPPER_ROOT;11379;5;11377;19;;;11385;15;11387;18;;;11382.0;0.0
yf_ZC=F_d12;28300;ASH_COATED_OSMIUM;9926;12;9923;20;;;9932;12;9934;8;;;9929.0;0.0
yf_ZC=F_d12;28300;INTARIAN_PEPPER_ROOT;11371;11;11368;14;;;11391;13;11394;16;;;11381.0;0.0
yf_ZC=F_d12;28400;ASH_COATED_OSMIUM;9925;7;9923;17;;;9931;18;9934;13;;;9928.0;0.0
yf_ZC=F_d12;28400;INTARIAN_PEPPER_ROOT;11375;11;11373;16;;;11384;15;11386;24;;;11379.5;0.0
yf_ZC=F_d12;28500;ASH_COATED_OSMIUM;9918;10;9915;20;;;9939;19;9941;23;;;9928.5;0.0
yf_ZC=F_d12;28500;INTARIAN_PEPPER_ROOT;11376;15;11374;26;;;11382;15;11386;20;;;11379.0;0.0
yf_ZC=F_d12;28600;ASH_COATED_OSMIUM;9922;15;9920;23;;;9936;18;9939;11;;;9929.0;0.0
yf_ZC=F_d12;28600;INTARIAN_PEPPER_ROOT;11371;15;11369;13;;;11385;17;11389;22;;;11378.0;0.0
yf_ZC=F_d12;28700;ASH_COATED_OSMIUM;9926;11;9922;14;;;9932;23;9935;26;;;9929.0;0.0
yf_ZC=F_d12;28700;INTARIAN_PEPPER_ROOT;11373;12;11371;21;;;11379;16;11381;19;;;11376.0;0.0
yf_ZC=F_d12;28800;ASH_COATED_OSMIUM;9926;9;9924;22;;;9932;19;9934;21;;;9929.0;0.0
yf_ZC=F_d12;28800;INTARIAN_PEPPER_ROOT;11367;21;11363;14;;;11382;12;11386;21;;;11374.5;0.0
yf_ZC=F_d12;28900;ASH_COATED_OSMIUM;9921;13;9917;23;;;9936;6;9940;17;;;9928.5;0.0
yf_ZC=F_d12;28900;INTARIAN_PEPPER_ROOT;11371;5;11369;16;;;11377;8;11380;17;;;11374.0;0.0
yf_ZC=F_d12;29000;ASH_COATED_OSMIUM;9926;8;9924;17;;;9932;9;9934;20;;;9929.0;0.0
yf_ZC=F_d12;29000;INTARIAN_PEPPER_ROOT;11370;17;11366;18;;;11376;24;11378;23;;;11373.0;0.0
yf_ZC=F_d12;29100;ASH_COATED_OSMIUM;9926;18;9924;16;;;9932;15;9934;21;;;9929.0;0.0
yf_ZC=F_d12;29100;INTARIAN_PEPPER_ROOT;11359;23;11356;20;;;11385;12;11389;22;;;11372.0;0.0
yf_ZC=F_d12;29200;ASH_COATED_OSMIUM;9925;15;9923;14;;;9933;14;9936;20;;;9929.0;0.0
yf_ZC=F_d12;29200;INTARIAN_PEPPER_ROOT;11366;5;11364;19;;;11374;16;11378;24;;;11370.0;0.0
yf_ZC=F_d12;29300;ASH_COATED_OSMIUM;9926;16;9922;8;;;9932;15;9935;21;;;9929.0;0.0
yf_ZC=F_d12;29300;INTARIAN_PEPPER_ROOT;11366;18;11364;18;;;11372;17;11374;15;;;11369.0;0.0
yf_ZC=F_d12;29400;ASH_COATED_OSMIUM;9923;9;9921;21;;;9935;14;9939;18;;;9929.0;0.0
yf_ZC=F_d12;29400;INTARIAN_PEPPER_ROOT;11366;19;11363;17;;;11372;14;11374;13;;;11369.0;0.0
yf_ZC=F_d12;29500;ASH_COATED_OSMIUM;9926;17;9924;22;;;9932;24;9934;12;;;9929.0;0.0
yf_ZC=F_d12;29500;INTARIAN_PEPPER_ROOT;11357;8;11353;27;;;11377;16;11379;24;;;11367.0;0.0
yf_ZC=F_d12;29600;ASH_COATED_OSMIUM;9923;13;9919;20;;;9934;10;9938;13;;;9928.5;0.0
yf_ZC=F_d12;29600;INTARIAN_PEPPER_ROOT;11364;10;11361;29;;;11370;21;11374;23;;;11367.0;0.0
yf_ZC=F_d12;29700;ASH_COATED_OSMIUM;9923;6;9921;11;;;9936;23;9940;24;;;9929.5;0.0
yf_ZC=F_d12;29700;INTARIAN_PEPPER_ROOT;11361;11;11357;20;;;11370;18;11374;20;;;11365.5;0.0
yf_ZC=F_d12;29800;ASH_COATED_OSMIUM;9926;8;9924;22;;;9932;14;9936;16;;;9929.0;0.0
yf_ZC=F_d12;29800;INTARIAN_PEPPER_ROOT;11350;10;11347;19;;;11377;15;11380;13;;;11363.5;0.0
yf_ZC=F_d12;29900;ASH_COATED_OSMIUM;9921;5;9918;21;;;9938;14;9941;19;;;9929.5;0.0
yf_ZC=F_d12;29900;INTARIAN_PEPPER_ROOT;11359;12;11356;22;;;11365;18;11369;15;;;11362.0;0.0
yf_ZC=F_d12;30000;ASH_COATED_OSMIUM;9922;17;9919;13;;;9937;5;9941;28;;;9929.5;0.0
yf_ZC=F_d12;30000;INTARIAN_PEPPER_ROOT;11359;18;11356;17;;;11365;15;11369;22;;;11362.0;0.0
yf_ZC=F_d12;30100;ASH_COATED_OSMIUM;9926;23;9923;30;;;9933;24;9935;18;;;9929.5;0.0
yf_ZC=F_d12;30100;INTARIAN_PEPPER_ROOT;11358;11;11354;25;;;11364;22;11366;17;;;11361.0;0.0
yf_ZC=F_d12;30200;ASH_COATED_OSMIUM;9924;13;9920;26;;;9936;15;9939;22;;;9930.0;0.0
yf_ZC=F_d12;30200;INTARIAN_PEPPER_ROOT;11348;13;11345;16;;;11369;12;11372;22;;;11358.5;0.0
yf_ZC=F_d12;30300;ASH_COATED_OSMIUM;9927;9;9923;17;;;9933;11;9937;19;;;9930.0;0.0
yf_ZC=F_d12;30300;INTARIAN_PEPPER_ROOT;11353;16;11351;22;;;11362;8;11366;23;;;11357.5;0.0
yf_ZC=F_d12;30400;ASH_COATED_OSMIUM;9924;18;9921;11;;;9935;12;9938;14;;;9929.5;0.0
yf_ZC=F_d12;30400;INTARIAN_PEPPER_ROOT;11353;16;11349;18;;;11359;11;11362;25;;;11356.0;0.0
yf_ZC=F_d12;30500;ASH_COATED_OSMIUM;9927;17;9923;18;;;9933;11;9937;27;;;9930.0;0.0
yf_ZC=F_d12;30500;INTARIAN_PEPPER_ROOT;11351;7;11347;19;;;11360;20;11362;17;;;11355.5;0.0
yf_ZC=F_d12;30600;ASH_COATED_OSMIUM;9920;26;9917;21;;;9939;11;9943;23;;;9929.5;0.0
yf_ZC=F_d12;30600;INTARIAN_PEPPER_ROOT;11341;17;11338;17;;;11369;12;11372;26;;;11355.0;0.0
yf_ZC=F_d12;30700;ASH_COATED_OSMIUM;9927;14;9923;14;;;9933;11;9936;12;;;9930.0;0.0
yf_ZC=F_d12;30700;INTARIAN_PEPPER_ROOT;11351;20;11348;20;;;11357;13;11360;11;;;11354.0;0.0
yf_ZC=F_d12;30800;ASH_COATED_OSMIUM;9928;17;9924;22;;;9934;6;9936;21;;;9931.0;0.0
yf_ZC=F_d12;30800;INTARIAN_PEPPER_ROOT;11349;8;11345;24;;;11355;12;11357;18;;;11352.0;0.0
yf_ZC=F_d12;30900;ASH_COATED_OSMIUM;9928;21;9925;17;;;9934;19;9937;29;;;9931.0;0.0
yf_ZC=F_d12;30900;INTARIAN_PEPPER_ROOT;11348;10;11346;14;;;11354;22;11358;20;;;11351.0;0.0
yf_ZC=F_d12;31000;ASH_COATED_OSMIUM;9902;11;9899;21;;;9957;20;9960;28;;;9929.5;0.0
yf_ZC=F_d12;31000;INTARIAN_PEPPER_ROOT;11347;23;11344;23;;;11353;6;11357;17;;;11350.0;0.0
yf_ZC=F_d12;31100;ASH_COATED_OSMIUM;9917;12;9913;18;;;9943;21;9945;14;;;9930.0;0.0
yf_ZC=F_d12;31100;INTARIAN_PEPPER_ROOT;11346;12;11343;18;;;11352;7;11354;25;;;11349.0;0.0
yf_ZC=F_d12;31200;ASH_COATED_OSMIUM;9925;9;9921;32;;;9936;25;9939;18;;;9930.5;0.0
yf_ZC=F_d12;31200;INTARIAN_PEPPER_ROOT;11345;17;11343;14;;;11351;15;11355;23;;;11348.0;0.0
yf_ZC=F_d12;31300;ASH_COATED_OSMIUM;9928;17;9924;17;;;9934;24;9937;19;;;9931.0;0.0
yf_ZC=F_d12;31300;INTARIAN_PEPPER_ROOT;11343;16;11340;22;;;11349;18;11351;22;;;11346.0;0.0
yf_ZC=F_d12;31400;ASH_COATED_OSMIUM;9927;19;9925;14;;;9933;20;9936;18;;;9930.0;0.0
yf_ZC=F_d12;31400;INTARIAN_PEPPER_ROOT;11342;7;11340;19;;;11348;15;11352;21;;;11345.0;0.0
yf_ZC=F_d12;31500;ASH_COATED_OSMIUM;9928;15;9925;24;;;9934;16;9936;19;;;9931.0;0.0
yf_ZC=F_d12;31500;INTARIAN_PEPPER_ROOT;11334;16;11332;24;;;11354;16;11356;18;;;11344.0;0.0
yf_ZC=F_d12;31600;ASH_COATED_OSMIUM;9928;13;9925;15;;;9934;14;9937;18;;;9931.0;0.0
yf_ZC=F_d12;31600;INTARIAN_PEPPER_ROOT;11340;12;11337;17;;;11346;9;11349;17;;;11343.0;0.0
yf_ZC=F_d12;31700;ASH_COATED_OSMIUM;9922;11;9919;23;;;9940;14;9944;19;;;9931.0;0.0
yf_ZC=F_d12;31700;INTARIAN_PEPPER_ROOT;11338;12;11335;11;;;11344;17;11348;30;;;11341.0;0.0
yf_ZC=F_d12;31800;ASH_COATED_OSMIUM;9928;11;9926;19;;;9934;17;9937;13;;;9931.0;0.0
yf_ZC=F_d12;31800;INTARIAN_PEPPER_ROOT;11337;20;11334;22;;;11343;13;11345;16;;;11340.0;0.0
yf_ZC=F_d12;31900;ASH_COATED_OSMIUM;9928;27;9926;15;;;9934;19;9938;11;;;9931.0;0.0
yf_ZC=F_d12;31900;INTARIAN_PEPPER_ROOT;11336;18;11333;17;;;11342;18;11344;22;;;11339.0;0.0
yf_ZC=F_d12;32000;ASH_COATED_OSMIUM;9926;18;9923;18;;;9936;15;9938;24;;;9931.0;0.0
yf_ZC=F_d12;32000;INTARIAN_PEPPER_ROOT;11335;19;11333;27;;;11341;27;11343;16;;;11338.0;0.0
yf_ZC=F_d12;32100;ASH_COATED_OSMIUM;9928;5;9926;12;;;9934;14;9937;17;;;9931.0;0.0
yf_ZC=F_d12;32100;INTARIAN_PEPPER_ROOT;11334;16;11330;24;;;11340;17;11343;24;;;11337.0;0.0
yf_ZC=F_d12;32200;ASH_COATED_OSMIUM;9929;15;9926;23;;;9935;14;9938;12;;;9932.0;0.0
yf_ZC=F_d12;32200;INTARIAN_PEPPER_ROOT;11329;14;11327;26;;;11344;7;11348;29;;;11336.5;0.0
yf_ZC=F_d12;32300;ASH_COATED_OSMIUM;9928;15;9925;16;;;9934;15;9938;15;;;9931.0;0.0
yf_ZC=F_d12;32300;INTARIAN_PEPPER_ROOT;11332;18;11329;18;;;11338;17;11342;16;;;11335.0;0.0
yf_ZC=F_d12;32400;ASH_COATED_OSMIUM;9921;14;9919;17;;;9943;6;9945;15;;;9932.0;0.0
yf_ZC=F_d12;32400;INTARIAN_PEPPER_ROOT;11330;16;11326;21;;;11338;5;11342;20;;;11334.0;0.0
yf_ZC=F_d12;32500;ASH_COATED_OSMIUM;9928;17;9926;21;;;9934;14;9936;18;;;9931.0;0.0
yf_ZC=F_d12;32500;INTARIAN_PEPPER_ROOT;11328;12;11326;27;;;11337;20;11341;15;;;11332.5;0.0
yf_ZC=F_d12;32600;ASH_COATED_OSMIUM;9929;5;9925;30;;;9935;15;9939;16;;;9932.0;0.0
yf_ZC=F_d12;32600;INTARIAN_PEPPER_ROOT;11329;15;11327;28;;;11335;16;11339;19;;;11332.0;0.0
yf_ZC=F_d12;32700;ASH_COATED_OSMIUM;9929;12;9925;20;;;9935;13;9939;30;;;9932.0;0.0
yf_ZC=F_d12;32700;INTARIAN_PEPPER_ROOT;11327;18;11325;24;;;11333;17;11337;24;;;11330.0;0.0
yf_ZC=F_d12;32800;ASH_COATED_OSMIUM;9929;17;9926;25;;;9935;15;9939;16;;;9932.0;0.0
yf_ZC=F_d12;32800;INTARIAN_PEPPER_ROOT;11327;15;11324;20;;;11333;14;11337;10;;;11330.0;0.0
yf_ZC=F_d12;32900;ASH_COATED_OSMIUM;9919;18;9916;22;;;9944;18;9947;21;;;9931.5;0.0
yf_ZC=F_d12;32900;INTARIAN_PEPPER_ROOT;11325;25;11322;25;;;11331;19;11335;26;;;11328.0;0.0
yf_ZC=F_d12;33000;ASH_COATED_OSMIUM;9928;19;9926;28;;;9934;13;9936;15;;;9931.0;0.0
yf_ZC=F_d12;33000;INTARIAN_PEPPER_ROOT;11324;5;11322;17;;;11330;19;11333;18;;;11327.0;0.0
yf_ZC=F_d12;33100;ASH_COATED_OSMIUM;9925;26;9923;26;;;9939;5;9942;18;;;9932.0;0.0
yf_ZC=F_d12;33100;INTARIAN_PEPPER_ROOT;11307;15;11303;15;;;11343;23;11345;21;;;11325.0;0.0
yf_ZC=F_d12;33200;ASH_COATED_OSMIUM;9929;25;9925;23;;;9935;16;9938;23;;;9932.0;0.0
yf_ZC=F_d12;33200;INTARIAN_PEPPER_ROOT;11321;20;11318;19;;;11327;9;11329;24;;;11324.0;0.0
yf_ZC=F_d12;33300;ASH_COATED_OSMIUM;9925;7;9923;18;;;9937;23;9941;18;;;9931.0;0.0
yf_ZC=F_d12;33300;INTARIAN_PEPPER_ROOT;11313;14;11309;14;;;11334;20;11338;20;;;11323.5;0.0
yf_ZC=F_d12;33400;ASH_COATED_OSMIUM;9923;18;9920;28;;;9939;25;9941;20;;;9931.0;0.0
yf_ZC=F_d12;33400;INTARIAN_PEPPER_ROOT;11319;18;11316;20;;;11325;13;11327;17;;;11322.0;0.0
yf_ZC=F_d12;33500;ASH_COATED_OSMIUM;9929;19;9925;12;;;9935;12;9939;13;;;9932.0;0.0
yf_ZC=F_d12;33500;INTARIAN_PEPPER_ROOT;11315;8;11311;24;;;11327;15;11330;17;;;11321.0;0.0
yf_ZC=F_d12;33600;ASH_COATED_OSMIUM;9929;20;9925;21;;;9935;14;9937;21;;;9932.0;0.0
yf_ZC=F_d12;33600;INTARIAN_PEPPER_ROOT;11312;12;11308;23;;;11328;22;11332;17;;;11320.0;0.0
yf_ZC=F_d12;33700;ASH_COATED_OSMIUM;9922;20;9919;23;;;9941;14;9943;22;;;9931.5;0.0
yf_ZC=F_d12;33700;INTARIAN_PEPPER_ROOT;11305;17;11302;14;;;11332;12;11336;16;;;11318.5;0.0
yf_ZC=F_d12;33800;ASH_COATED_OSMIUM;9930;14;9927;26;;;9936;15;9938;23;;;9933.0;0.0
yf_ZC=F_d12;33800;INTARIAN_PEPPER_ROOT;11314;23;11312;15;;;11320;11;11324;22;;;11317.0;0.0
yf_ZC=F_d12;33900;ASH_COATED_OSMIUM;9912;20;9909;17;;;9952;16;9956;27;;;9932.0;0.0
yf_ZC=F_d12;33900;INTARIAN_PEPPER_ROOT;11313;15;11310;14;;;11319;20;11321;11;;;11316.0;0.0
yf_ZC=F_d12;34000;ASH_COATED_OSMIUM;9928;16;9925;12;;;9936;13;9939;18;;;9932.0;0.0
yf_ZC=F_d12;34000;INTARIAN_PEPPER_ROOT;11315;15;11311;21;;;11321;10;11323;25;;;11318.0;0.0
yf_ZC=F_d12;34100;ASH_COATED_OSMIUM;9929;21;9927;13;;;9935;13;9938;22;;;9932.0;0.0
yf_ZC=F_d12;34100;INTARIAN_PEPPER_ROOT;11315;17;11311;22;;;11321;17;11324;18;;;11318.0;0.0
yf_ZC=F_d12;34200;ASH_COATED_OSMIUM;9927;20;9924;16;;;9936;13;9939;20;;;9931.5;0.0
yf_ZC=F_d12;34200;INTARIAN_PEPPER_ROOT;11316;13;11314;19;;;11322;10;11325;15;;;11319.0;0.0
yf_ZC=F_d12;34300;ASH_COATED_OSMIUM;9928;12;9926;15;;;9937;7;9940;14;;;9932.5;0.0
yf_ZC=F_d12;34300;INTARIAN_PEPPER_ROOT;11317;16;11313;17;;;11323;5;11327;13;;;11320.0;0.0
yf_ZC=F_d12;34400;ASH_COATED_OSMIUM;9929;13;9927;22;;;9935;7;9937;18;;;9932.0;0.0
yf_ZC=F_d12;34400;INTARIAN_PEPPER_ROOT;11318;18;11315;23;;;11324;21;11327;16;;;11321.0;0.0
yf_ZC=F_d12;34500;ASH_COATED_OSMIUM;9923;14;9919;21;;;9940;15;9944;14;;;9931.5;0.0
yf_ZC=F_d12;34500;INTARIAN_PEPPER_ROOT;11319;21;11317;13;;;11325;19;11327;17;;;11322.0;0.0
yf_ZC=F_d12;34600;ASH_COATED_OSMIUM;9928;8;9926;22;;;9934;18;9936;18;;;9931.0;0.0
yf_ZC=F_d12;34600;INTARIAN_PEPPER_ROOT;11320;16;11317;26;;;11326;12;11329;14;;;11323.0;0.0
yf_ZC=F_d12;34700;ASH_COATED_OSMIUM;9929;15;9927;20;;;9935;5;9937;18;;;9932.0;0.0
yf_ZC=F_d12;34700;INTARIAN_PEPPER_ROOT;11314;21;11310;16;;;11333;23;11336;19;;;11323.5;0.0
yf_ZC=F_d12;34800;ASH_COATED_OSMIUM;9926;19;9924;19;;;9935;15;9937;24;;;9930.5;0.0
yf_ZC=F_d12;34800;INTARIAN_PEPPER_ROOT;11321;9;11318;17;;;11327;12;11331;21;;;11324.0;0.0
yf_ZC=F_d12;34900;ASH_COATED_OSMIUM;9929;18;9925;24;;;9935;14;9938;22;;;9932.0;0.0
yf_ZC=F_d12;34900;INTARIAN_PEPPER_ROOT;11322;13;11319;13;;;11328;11;11332;35;;;11325.0;0.0
yf_ZC=F_d12;35000;ASH_COATED_OSMIUM;9919;28;9915;27;;;9943;19;9946;19;;;9931.0;0.0
yf_ZC=F_d12;35000;INTARIAN_PEPPER_ROOT;11307;19;11303;18;;;11346;15;11349;24;;;11326.5;0.0
yf_ZC=F_d12;35100;ASH_COATED_OSMIUM;9928;12;9926;14;;;9934;21;9938;19;;;9931.0;0.0
yf_ZC=F_d12;35100;INTARIAN_PEPPER_ROOT;11324;24;11320;8;;;11330;25;11332;18;;;11327.0;0.0
yf_ZC=F_d12;35200;ASH_COATED_OSMIUM;9928;22;9924;27;;;9934;11;9937;22;;;9931.0;0.0
yf_ZC=F_d12;35200;INTARIAN_PEPPER_ROOT;11324;14;11322;17;;;11330;25;11334;22;;;11327.0;0.0
yf_ZC=F_d12;35300;ASH_COATED_OSMIUM;9926;10;9923;21;;;9937;16;9939;15;;;9931.5;0.0
yf_ZC=F_d12;35300;INTARIAN_PEPPER_ROOT;11326;7;11323;18;;;11332;27;11336;27;;;11329.0;0.0
yf_ZC=F_d12;35400;ASH_COATED_OSMIUM;9928;13;9925;21;;;9934;18;9937;24;;;9931.0;0.0
yf_ZC=F_d12;35400;INTARIAN_PEPPER_ROOT;11327;13;11324;22;;;11333;16;11337;22;;;11330.0;0.0
yf_ZC=F_d12;35500;ASH_COATED_OSMIUM;9921;10;9918;22;;;9941;21;9943;30;;;9931.0;0.0
yf_ZC=F_d12;35500;INTARIAN_PEPPER_ROOT;11327;17;11325;19;;;11333;9;11335;15;;;11330.0;0.0
yf_ZC=F_d12;35600;ASH_COATED_OSMIUM;9928;23;9926;28;;;9934;15;9937;20;;;9931.0;0.0
yf_ZC=F_d12;35600;INTARIAN_PEPPER_ROOT;11328;16;11325;15;;;11334;20;11337;24;;;11331.0;0.0
yf_ZC=F_d12;35700;ASH_COATED_OSMIUM;9925;17;9922;14;;;9936;5;9939;10;;;9930.5;0.0
yf_ZC=F_d12;35700;INTARIAN_PEPPER_ROOT;11315;18;11312;16;;;11349;24;11352;25;;;11332.0;0.0
yf_ZC=F_d12;35800;ASH_COATED_OSMIUM;9927;13;9925;24;;;9934;9;9938;20;;;9930.5;0.0
yf_ZC=F_d12;35800;INTARIAN_PEPPER_ROOT;11327;16;11324;23;;;11339;15;11343;34;;;11333.0;0.0
yf_ZC=F_d12;35900;ASH_COATED_OSMIUM;9927;12;9925;16;;;9933;16;9936;19;;;9930.0;0.0
yf_ZC=F_d12;35900;INTARIAN_PEPPER_ROOT;11331;12;11329;31;;;11337;22;11341;15;;;11334.0;0.0
yf_ZC=F_d12;36000;ASH_COATED_OSMIUM;9927;16;9923;25;;;9935;16;9937;20;;;9931.0;0.0
yf_ZC=F_d12;36000;INTARIAN_PEPPER_ROOT;11326;14;11322;23;;;11342;16;11346;24;;;11334.0;0.0
yf_ZC=F_d12;36100;ASH_COATED_OSMIUM;9926;14;9922;11;;;9935;5;9938;19;;;9930.5;0.0
yf_ZC=F_d12;36100;INTARIAN_PEPPER_ROOT;11333;16;11331;30;;;11339;19;11342;15;;;11336.0;0.0
yf_ZC=F_d12;36200;ASH_COATED_OSMIUM;9927;17;9924;23;;;9934;15;9938;24;;;9930.5;0.0
yf_ZC=F_d12;36200;INTARIAN_PEPPER_ROOT;11333;20;11329;22;;;11339;22;11343;24;;;11336.0;0.0
yf_ZC=F_d12;36300;ASH_COATED_OSMIUM;9928;15;9925;23;;;9934;8;9938;15;;;9931.0;0.0
yf_ZC=F_d12;36300;INTARIAN_PEPPER_ROOT;11334;18;11330;22;;;11341;12;11344;17;;;11337.5;0.0
yf_ZC=F_d12;36400;ASH_COATED_OSMIUM;9927;16;9925;10;;;9933;20;9935;25;;;9930.0;0.0
yf_ZC=F_d12;36400;INTARIAN_PEPPER_ROOT;11335;6;11333;10;;;11341;17;11344;23;;;11338.0;0.0
yf_ZC=F_d12;36500;ASH_COATED_OSMIUM;9927;11;9925;26;;;9933;14;9937;18;;;9930.0;0.0
yf_ZC=F_d12;36500;INTARIAN_PEPPER_ROOT;11335;18;11331;22;;;11343;18;11345;18;;;11339.0;0.0
yf_ZC=F_d12;36600;ASH_COATED_OSMIUM;9927;19;9924;21;;;9933;18;9936;15;;;9930.0;0.0
yf_ZC=F_d12;36600;INTARIAN_PEPPER_ROOT;11337;23;11334;13;;;11343;6;11345;26;;;11340.0;0.0
yf_ZC=F_d12;36700;ASH_COATED_OSMIUM;9927;18;9924;20;;;9933;11;9936;19;;;9930.0;0.0
yf_ZC=F_d12;36700;INTARIAN_PEPPER_ROOT;11338;7;11334;19;;;11344;22;11347;20;;;11341.0;0.0
yf_ZC=F_d12;36800;ASH_COATED_OSMIUM;9924;13;9921;22;;;9936;17;9938;20;;;9930.0;0.0
yf_ZC=F_d12;36800;INTARIAN_PEPPER_ROOT;11339;14;11335;22;;;11345;15;11347;23;;;11342.0;0.0
yf_ZC=F_d12;36900;ASH_COATED_OSMIUM;9924;13;9920;19;;;9935;12;9939;18;;;9929.5;0.0
yf_ZC=F_d12;36900;INTARIAN_PEPPER_ROOT;11340;17;11338;18;;;11346;9;11350;25;;;11343.0;0.0
yf_ZC=F_d12;37000;ASH_COATED_OSMIUM;9920;10;9916;18;;;9940;18;9943;23;;;9930.0;0.0
yf_ZC=F_d12;37000;INTARIAN_PEPPER_ROOT;11333;23;11331;15;;;11354;13;11356;15;;;11343.5;0.0
yf_ZC=F_d12;37100;ASH_COATED_OSMIUM;9927;17;9925;20;;;9933;9;9935;20;;;9930.0;0.0
yf_ZC=F_d12;37100;INTARIAN_PEPPER_ROOT;11339;17;11336;16;;;11349;12;11351;21;;;11344.0;0.0
yf_ZC=F_d12;37200;ASH_COATED_OSMIUM;9926;17;9924;16;;;9932;11;9934;23;;;9929.0;0.0
yf_ZC=F_d12;37200;INTARIAN_PEPPER_ROOT;11338;10;11334;22;;;11353;14;11355;24;;;11345.5;0.0
yf_ZC=F_d12;37300;ASH_COATED_OSMIUM;9926;9;9924;16;;;9932;12;9935;24;;;9929.0;0.0
yf_ZC=F_d12;37300;INTARIAN_PEPPER_ROOT;11343;15;11341;21;;;11349;17;11353;23;;;11346.0;0.0
yf_ZC=F_d12;37400;ASH_COATED_OSMIUM;9925;25;9922;16;;;9931;19;9934;20;;;9928.0;0.0
yf_ZC=F_d12;37400;INTARIAN_PEPPER_ROOT;11341;10;11337;26;;;11353;5;11357;14;;;11347.0;0.0
yf_ZC=F_d12;37500;ASH_COATED_OSMIUM;9923;9;9920;22;;;9935;21;9938;22;;;9929.0;0.0
yf_ZC=F_d12;37500;INTARIAN_PEPPER_ROOT;11345;17;11342;24;;;11351;11;11355;20;;;11348.0;0.0
yf_ZC=F_d12;37600;ASH_COATED_OSMIUM;9926;10;9924;23;;;9932;18;9936;31;;;9929.0;0.0
yf_ZC=F_d12;37600;INTARIAN_PEPPER_ROOT;11338;5;11335;20;;;11359;12;11361;16;;;11348.5;0.0
yf_ZC=F_d12;37700;ASH_COATED_OSMIUM;9926;17;9924;23;;;9932;17;9935;18;;;9929.0;0.0
yf_ZC=F_d12;37700;INTARIAN_PEPPER_ROOT;11346;24;11343;20;;;11352;19;11356;15;;;11349.0;0.0
yf_ZC=F_d12;37800;ASH_COATED_OSMIUM;9926;12;9922;18;;;9932;26;9936;30;;;9929.0;0.0
yf_ZC=F_d12;37800;INTARIAN_PEPPER_ROOT;11332;12;11329;11;;;11368;23;11372;27;;;11350.0;0.0
yf_ZC=F_d12;37900;ASH_COATED_OSMIUM;9926;18;9922;19;;;9932;13;9934;25;;;9929.0;0.0
yf_ZC=F_d12;37900;INTARIAN_PEPPER_ROOT;11338;21;11334;22;;;11364;5;11366;17;;;11351.0;0.0
yf_ZC=F_d12;38000;ASH_COATED_OSMIUM;9926;5;9923;19;;;9932;11;9935;8;;;9929.0;0.0
yf_ZC=F_d12;38000;INTARIAN_PEPPER_ROOT;11349;17;11347;17;;;11355;20;11357;16;;;11352.0;0.0
yf_ZC=F_d12;38100;ASH_COATED_OSMIUM;9923;13;9920;22;;;9933;19;9937;15;;;9928.0;0.0
yf_ZC=F_d12;38100;INTARIAN_PEPPER_ROOT;11350;15;11346;20;;;11356;13;11360;14;;;11353.0;0.0
yf_ZC=F_d12;38200;ASH_COATED_OSMIUM;9925;17;9921;27;;;9931;12;9934;17;;;9928.0;0.0
yf_ZC=F_d12;38200;INTARIAN_PEPPER_ROOT;11351;10;11347;8;;;11357;14;11359;13;;;11354.0;0.0
yf_ZC=F_d12;38300;ASH_COATED_OSMIUM;9924;11;9920;23;;;9933;11;9937;15;;;9928.5;0.0
yf_ZC=F_d12;38300;INTARIAN_PEPPER_ROOT;11352;17;11348;19;;;11358;25;11360;17;;;11355.0;0.0
yf_ZC=F_d12;38400;ASH_COATED_OSMIUM;9922;11;9920;28;;;9934;13;9936;18;;;9928.0;0.0
yf_ZC=F_d12;38400;INTARIAN_PEPPER_ROOT;11353;16;11351;17;;;11359;18;11362;18;;;11356.0;0.0
yf_ZC=F_d12;38500;ASH_COATED_OSMIUM;9922;20;9919;22;;;9934;9;9936;26;;;9928.0;0.0
yf_ZC=F_d12;38500;INTARIAN_PEPPER_ROOT;11353;11;11349;24;;;11359;24;11361;13;;;11356.0;0.0
yf_ZC=F_d12;38600;ASH_COATED_OSMIUM;9925;20;9923;11;;;9931;13;9933;23;;;9928.0;0.0
yf_ZC=F_d12;38600;INTARIAN_PEPPER_ROOT;11350;17;11348;9;;;11365;12;11367;24;;;11357.5;0.0
yf_ZC=F_d12;38700;ASH_COATED_OSMIUM;9920;6;9917;27;;;9936;5;9940;20;;;9928.0;0.0
yf_ZC=F_d12;38700;INTARIAN_PEPPER_ROOT;11350;9;11348;8;;;11365;11;11369;16;;;11357.5;0.0
yf_ZC=F_d12;38800;ASH_COATED_OSMIUM;9925;14;9921;10;;;9931;12;9933;20;;;9928.0;0.0
yf_ZC=F_d12;38800;INTARIAN_PEPPER_ROOT;11347;14;11344;19;;;11371;6;11374;16;;;11359.0;0.0
yf_ZC=F_d12;38900;ASH_COATED_OSMIUM;9925;22;9921;16;;;9931;11;9934;15;;;9928.0;0.0
yf_ZC=F_d12;38900;INTARIAN_PEPPER_ROOT;11357;5;11354;18;;;11363;12;11367;23;;;11360.0;0.0
yf_ZC=F_d12;39000;ASH_COATED_OSMIUM;9925;6;9921;15;;;9931;23;9935;18;;;9928.0;0.0
yf_ZC=F_d12;39000;INTARIAN_PEPPER_ROOT;11358;22;11355;18;;;11364;11;11368;21;;;11361.0;0.0
yf_ZC=F_d12;39100;ASH_COATED_OSMIUM;9920;19;9917;16;;;9936;12;9939;13;;;9928.0;0.0
yf_ZC=F_d12;39100;INTARIAN_PEPPER_ROOT;11358;15;11356;13;;;11364;19;11368;30;;;11361.0;0.0
yf_ZC=F_d12;39200;ASH_COATED_OSMIUM;9920;20;9917;20;;;9934;10;9938;21;;;9927.0;0.0
yf_ZC=F_d12;39200;INTARIAN_PEPPER_ROOT;11359;20;11356;20;;;11365;14;11367;14;;;11362.0;0.0
yf_ZC=F_d12;39300;ASH_COATED_OSMIUM;9925;12;9922;27;;;9931;16;9935;19;;;9928.0;0.0
yf_ZC=F_d12;39300;INTARIAN_PEPPER_ROOT;11355;13;11352;28;;;11371;7;11374;23;;;11363.0;0.0
yf_ZC=F_d12;39400;ASH_COATED_OSMIUM;9925;18;9921;20;;;9931;10;9933;20;;;9928.0;0.0
yf_ZC=F_d12;39400;INTARIAN_PEPPER_ROOT;11361;10;11358;14;;;11367;15;11370;8;;;11364.0;0.0
yf_ZC=F_d12;39500;ASH_COATED_OSMIUM;9925;10;9922;20;;;9931;13;9935;28;;;9928.0;0.0
yf_ZC=F_d12;39500;INTARIAN_PEPPER_ROOT;11362;19;11360;22;;;11368;17;11370;21;;;11365.0;0.0
yf_ZC=F_d12;39600;ASH_COATED_OSMIUM;9923;16;9920;16;;;9932;8;9934;28;;;9927.5;0.0
yf_ZC=F_d12;39600;INTARIAN_PEPPER_ROOT;11362;15;11360;31;;;11368;12;11371;24;;;11365.0;0.0
yf_ZC=F_d12;39700;ASH_COATED_OSMIUM;9924;20;9920;22;;;9930;16;9933;16;;;9927.0;0.0
yf_ZC=F_d12;39700;INTARIAN_PEPPER_ROOT;11364;14;11362;23;;;11370;14;11373;14;;;11367.0;0.0
yf_ZC=F_d12;39800;ASH_COATED_OSMIUM;9924;15;9922;29;;;9930;10;9932;31;;;9927.0;0.0
yf_ZC=F_d12;39800;INTARIAN_PEPPER_ROOT;11361;14;11358;25;;;11373;5;11376;12;;;11367.0;0.0
yf_ZC=F_d12;39900;ASH_COATED_OSMIUM;9924;17;9922;19;;;9930;18;9932;14;;;9927.0;0.0
yf_ZC=F_d12;39900;INTARIAN_PEPPER_ROOT;11366;17;11363;25;;;11372;19;11375;23;;;11369.0;0.0
yf_ZC=F_d12;40000;ASH_COATED_OSMIUM;9923;12;9920;19;;;9930;23;9932;20;;;9926.5;0.0
yf_ZC=F_d12;40000;INTARIAN_PEPPER_ROOT;11366;19;11362;25;;;11372;17;11376;13;;;11369.0;0.0
yf_ZC=F_d12;40100;ASH_COATED_OSMIUM;9924;15;9921;27;;;9930;5;9933;30;;;9927.0;0.0
yf_ZC=F_d12;40100;INTARIAN_PEPPER_ROOT;11363;14;11359;19;;;11377;26;11379;16;;;11370.0;0.0
yf_ZC=F_d12;40200;ASH_COATED_OSMIUM;9924;14;9920;15;;;9930;11;9934;23;;;9927.0;0.0
yf_ZC=F_d12;40200;INTARIAN_PEPPER_ROOT;11367;20;11364;22;;;11375;21;11379;22;;;11371.0;0.0
yf_ZC=F_d12;40300;ASH_COATED_OSMIUM;9924;18;9920;15;;;9930;17;9933;24;;;9927.0;0.0
yf_ZC=F_d12;40300;INTARIAN_PEPPER_ROOT;11363;14;11361;18;;;11382;11;11386;12;;;11372.5;0.0
yf_ZC=F_d12;40400;ASH_COATED_OSMIUM;9924;10;9921;22;;;9930;19;9932;19;;;9927.0;0.0
yf_ZC=F_d12;40400;INTARIAN_PEPPER_ROOT;11370;14;11366;18;;;11376;18;11378;22;;;11373.0;0.0
yf_ZC=F_d12;40500;ASH_COATED_OSMIUM;9923;10;9921;30;;;9929;14;9931;23;;;9926.0;0.0
yf_ZC=F_d12;40500;INTARIAN_PEPPER_ROOT;11371;12;11367;29;;;11377;17;11379;26;;;11374.0;0.0
yf_ZC=F_d12;40600;ASH_COATED_OSMIUM;9920;7;9916;22;;;9933;18;9936;29;;;9926.5;0.0
yf_ZC=F_d12;40600;INTARIAN_PEPPER_ROOT;11372;17;11369;19;;;11378;17;11382;23;;;11375.0;0.0
yf_ZC=F_d12;40700;ASH_COATED_OSMIUM;9923;8;9921;11;;;9929;7;9933;18;;;9926.0;0.0
yf_ZC=F_d12;40700;INTARIAN_PEPPER_ROOT;11372;9;11370;17;;;11378;18;11380;20;;;11375.0;0.0
yf_ZC=F_d12;40800;ASH_COATED_OSMIUM;9923;8;9919;21;;;9929;15;9933;22;;;9926.0;0.0
yf_ZC=F_d12;40800;INTARIAN_PEPPER_ROOT;11369;8;11365;17;;;11382;10;11386;21;;;11375.5;0.0
yf_ZC=F_d12;40900;ASH_COATED_OSMIUM;9922;22;9919;22;;;9931;15;9934;23;;;9926.5;0.0
yf_ZC=F_d12;40900;INTARIAN_PEPPER_ROOT;11374;16;11370;20;;;11380;16;11384;12;;;11377.0;0.0
yf_ZC=F_d12;41000;ASH_COATED_OSMIUM;9921;11;9919;15;;;9931;5;9935;19;;;9926.0;0.0
yf_ZC=F_d12;41000;INTARIAN_PEPPER_ROOT;11375;13;11372;16;;;11381;13;11385;17;;;11378.0;0.0
yf_ZC=F_d12;41100;ASH_COATED_OSMIUM;9923;23;9921;15;;;9929;8;9932;24;;;9926.0;0.0
yf_ZC=F_d12;41100;INTARIAN_PEPPER_ROOT;11373;20;11371;21;;;11384;18;11386;24;;;11378.5;0.0
yf_ZC=F_d12;41200;ASH_COATED_OSMIUM;9918;17;9915;14;;;9933;8;9935;22;;;9925.5;0.0
yf_ZC=F_d12;41200;INTARIAN_PEPPER_ROOT;11377;8;11373;14;;;11383;7;11387;25;;;11380.0;0.0
yf_ZC=F_d12;41300;ASH_COATED_OSMIUM;9923;5;9921;16;;;9929;21;9931;23;;;9926.0;0.0
yf_ZC=F_d12;41300;INTARIAN_PEPPER_ROOT;11378;15;11376;16;;;11384;11;11387;21;;;11381.0;0.0
yf_ZC=F_d12;41400;ASH_COATED_OSMIUM;9914;11;9911;23;;;9939;20;9942;20;;;9926.5;0.0
yf_ZC=F_d12;41400;INTARIAN_PEPPER_ROOT;11378;19;11374;9;;;11384;15;11386;11;;;11381.0;0.0
yf_ZC=F_d12;41500;ASH_COATED_OSMIUM;9921;15;9918;17;;;9930;15;9933;29;;;9925.5;0.0
yf_ZC=F_d12;41500;INTARIAN_PEPPER_ROOT;11379;16;11377;18;;;11385;18;11389;29;;;11382.0;0.0
yf_ZC=F_d12;41600;ASH_COATED_OSMIUM;9922;16;9920;24;;;9931;24;9934;32;;;9926.5;0.0
yf_ZC=F_d12;41600;INTARIAN_PEPPER_ROOT;11371;15;11367;12;;;11395;12;11399;8;;;11383.0;0.0
yf_ZC=F_d12;41700;ASH_COATED_OSMIUM;9923;16;9921;23;;;9929;20;9931;18;;;9926.0;0.0
yf_ZC=F_d12;41700;INTARIAN_PEPPER_ROOT;11379;10;11375;17;;;11388;19;11392;26;;;11383.5;0.0
yf_ZC=F_d12;41800;ASH_COATED_OSMIUM;9914;11;9910;18;;;9937;20;9940;25;;;9925.5;0.0
yf_ZC=F_d12;41800;INTARIAN_PEPPER_ROOT;11381;12;11377;24;;;11387;16;11390;18;;;11384.0;0.0
yf_ZC=F_d12;41900;ASH_COATED_OSMIUM;9923;14;9920;14;;;9929;8;9931;24;;;9926.0;0.0
yf_ZC=F_d12;41900;INTARIAN_PEPPER_ROOT;11359;14;11355;14;;;11412;14;11416;20;;;11385.5;0.0
yf_ZC=F_d12;42000;ASH_COATED_OSMIUM;9920;16;9916;14;;;9930;12;9934;20;;;9925.0;0.0
yf_ZC=F_d12;42000;INTARIAN_PEPPER_ROOT;11381;5;11379;27;;;11393;14;11396;17;;;11387.0;0.0
yf_ZC=F_d12;42100;ASH_COATED_OSMIUM;9923;13;9920;24;;;9929;12;9932;19;;;9926.0;0.0
yf_ZC=F_d12;42100;INTARIAN_PEPPER_ROOT;11384;13;11382;20;;;11390;17;11393;20;;;11387.0;0.0
yf_ZC=F_d12;42200;ASH_COATED_OSMIUM;9922;14;9919;20;;;9928;15;9932;16;;;9925.0;0.0
yf_ZC=F_d12;42200;INTARIAN_PEPPER_ROOT;11385;21;11382;15;;;11391;9;11394;20;;;11388.0;0.0
yf_ZC=F_d12;42300;ASH_COATED_OSMIUM;9921;10;9918;15;;;9928;15;9932;19;;;9924.5;0.0
yf_ZC=F_d12;42300;INTARIAN_PEPPER_ROOT;11385;22;11382;22;;;11392;9;11395;16;;;11388.5;0.0
yf_ZC=F_d12;42400;ASH_COATED_OSMIUM;9922;15;9919;19;;;9928;12;9932;24;;;9925.0;0.0
yf_ZC=F_d12;42400;INTARIAN_PEPPER_ROOT;11387;7;11385;16;;;11393;9;11396;16;;;11390.0;0.0
yf_ZC=F_d12;42500;ASH_COATED_OSMIUM;9923;10;9921;20;;;9929;12;9932;9;;;9926.0;0.0
yf_ZC=F_d12;42500;INTARIAN_PEPPER_ROOT;11388;14;11386;12;;;11394;14;11397;22;;;11391.0;0.0
yf_ZC=F_d12;42600;ASH_COATED_OSMIUM;9922;10;9918;13;;;9928;20;9932;16;;;9925.0;0.0
yf_ZC=F_d12;42600;INTARIAN_PEPPER_ROOT;11388;13;11384;17;;;11394;12;11397;24;;;11391.0;0.0
yf_ZC=F_d12;42700;ASH_COATED_OSMIUM;9911;18;9908;25;;;9939;23;9942;16;;;9925.0;0.0
yf_ZC=F_d12;42700;INTARIAN_PEPPER_ROOT;11380;5;11377;27;;;11404;17;11407;19;;;11392.0;0.0
yf_ZC=F_d12;42800;ASH_COATED_OSMIUM;9922;18;9919;19;;;9928;19;9930;20;;;9925.0;0.0
yf_ZC=F_d12;42800;INTARIAN_PEPPER_ROOT;11387;14;11383;23;;;11401;16;11404;21;;;11394.0;0.0
yf_ZC=F_d12;42900;ASH_COATED_OSMIUM;9919;18;9917;21;;;9927;11;9930;19;;;9923.0;0.0
yf_ZC=F_d12;42900;INTARIAN_PEPPER_ROOT;11391;25;11389;20;;;11397;14;11400;16;;;11394.0;0.0
yf_ZC=F_d12;43000;ASH_COATED_OSMIUM;9917;23;9915;21;;;9931;11;9935;19;;;9924.0;0.0
yf_ZC=F_d12;43000;INTARIAN_PEPPER_ROOT;11390;14;11388;26;;;11401;14;11403;17;;;11395.5;0.0
yf_ZC=F_d12;43100;ASH_COATED_OSMIUM;9922;12;9918;17;;;9928;17;9930;16;;;9925.0;0.0
yf_ZC=F_d12;43100;INTARIAN_PEPPER_ROOT;11393;15;11390;16;;;11399;12;11403;16;;;11396.0;0.0
yf_ZC=F_d12;43200;ASH_COATED_OSMIUM;9918;16;9916;19;;;9932;10;9936;14;;;9925.0;0.0
yf_ZC=F_d12;43200;INTARIAN_PEPPER_ROOT;11394;17;11390;12;;;11400;14;11402;25;;;11397.0;0.0
yf_ZC=F_d12;43300;ASH_COATED_OSMIUM;9915;13;9911;18;;;9934;18;9936;25;;;9924.5;0.0
yf_ZC=F_d12;43300;INTARIAN_PEPPER_ROOT;11395;11;11393;21;;;11401;10;11405;21;;;11398.0;0.0
yf_ZC=F_d12;43400;ASH_COATED_OSMIUM;9921;20;9917;23;;;9927;8;9929;15;;;9924.0;0.0
yf_ZC=F_d12;43400;INTARIAN_PEPPER_ROOT;11396;23;11393;28;;;11402;28;11406;21;;;11399.0;0.0
yf_ZC=F_d12;43500;ASH_COATED_OSMIUM;9921;15;9918;24;;;9927;12;9929;9;;;9924.0;0.0
yf_ZC=F_d12;43500;INTARIAN_PEPPER_ROOT;11396;18;11393;17;;;11402;10;11405;18;;;11399.0;0.0
yf_ZC=F_d12;43600;ASH_COATED_OSMIUM;9920;18;9918;16;;;9928;22;9932;15;;;9924.0;0.0
yf_ZC=F_d12;43600;INTARIAN_PEPPER_ROOT;11397;15;11393;19;;;11403;7;11407;21;;;11400.0;0.0
yf_ZC=F_d12;43700;ASH_COATED_OSMIUM;9897;11;9895;14;;;9950;23;9954;20;;;9923.5;0.0
yf_ZC=F_d12;43700;INTARIAN_PEPPER_ROOT;11398;14;11394;16;;;11404;24;11406;19;;;11401.0;0.0
yf_ZC=F_d12;43800;ASH_COATED_OSMIUM;9920;14;9917;16;;;9926;15;9928;24;;;9923.0;0.0
yf_ZC=F_d12;43800;INTARIAN_PEPPER_ROOT;11399;14;11397;23;;;11405;19;11409;16;;;11402.0;0.0
yf_ZC=F_d12;43900;ASH_COATED_OSMIUM;9921;21;9919;16;;;9927;13;9930;18;;;9924.0;0.0
yf_ZC=F_d12;43900;INTARIAN_PEPPER_ROOT;11400;23;11398;14;;;11406;6;11410;24;;;11403.0;0.0
yf_ZC=F_d12;44000;ASH_COATED_OSMIUM;9921;13;9919;21;;;9927;9;9931;15;;;9924.0;0.0
yf_ZC=F_d12;44000;INTARIAN_PEPPER_ROOT;11401;16;11399;23;;;11407;16;11410;17;;;11404.0;0.0
yf_ZC=F_d12;44100;ASH_COATED_OSMIUM;9920;10;9917;17;;;9929;11;9933;15;;;9924.5;0.0
yf_ZC=F_d12;44100;INTARIAN_PEPPER_ROOT;11402;20;11399;21;;;11408;20;11410;10;;;11405.0;0.0
yf_ZC=F_d12;44200;ASH_COATED_OSMIUM;9920;12;9918;17;;;9927;14;9930;17;;;9923.5;0.0
yf_ZC=F_d12;44200;INTARIAN_PEPPER_ROOT;11403;12;11400;22;;;11409;20;11412;26;;;11406.0;0.0
yf_ZC=F_d12;44300;ASH_COATED_OSMIUM;9917;18;9914;21;;;9929;17;9932;15;;;9923.0;0.0
yf_ZC=F_d12;44300;INTARIAN_PEPPER_ROOT;11403;16;11399;18;;;11409;21;11411;29;;;11406.0;0.0
yf_ZC=F_d12;44400;ASH_COATED_OSMIUM;9920;17;9918;26;;;9926;11;9928;11;;;9923.0;0.0
yf_ZC=F_d12;44400;INTARIAN_PEPPER_ROOT;11404;12;11401;19;;;11411;18;11414;15;;;11407.5;0.0
yf_ZC=F_d12;44500;ASH_COATED_OSMIUM;9921;15;9917;24;;;9927;6;9931;16;;;9924.0;0.0
yf_ZC=F_d12;44500;INTARIAN_PEPPER_ROOT;11383;20;11380;31;;;11432;19;11436;19;;;11407.5;0.0
yf_ZC=F_d12;44600;ASH_COATED_OSMIUM;9909;15;9907;16;;;9938;18;9941;12;;;9923.5;0.0
yf_ZC=F_d12;44600;INTARIAN_PEPPER_ROOT;11406;13;11404;17;;;11412;16;11415;19;;;11409.0;0.0
yf_ZC=F_d12;44700;ASH_COATED_OSMIUM;9920;14;9916;21;;;9926;17;9930;13;;;9923.0;0.0
yf_ZC=F_d12;44700;INTARIAN_PEPPER_ROOT;11407;19;11404;22;;;11413;5;11417;17;;;11410.0;0.0
yf_ZC=F_d12;44800;ASH_COATED_OSMIUM;9919;15;9917;18;;;9927;11;9931;14;;;9923.0;0.0
yf_ZC=F_d12;44800;INTARIAN_PEPPER_ROOT;11408;15;11404;22;;;11414;15;11417;29;;;11411.0;0.0
yf_ZC=F_d12;44900;ASH_COATED_OSMIUM;9920;17;9918;20;;;9926;14;9929;12;;;9923.0;0.0
yf_ZC=F_d12;44900;INTARIAN_PEPPER_ROOT;11408;15;11406;16;;;11414;13;11416;17;;;11411.0;0.0
yf_ZC=F_d12;45000;ASH_COATED_OSMIUM;9920;7;9917;11;;;9926;18;9928;27;;;9923.0;0.0
yf_ZC=F_d12;45000;INTARIAN_PEPPER_ROOT;11409;17;11405;24;;;11415;10;11418;20;;;11412.0;0.0
yf_ZC=F_d12;45100;ASH_COATED_OSMIUM;9920;8;9917;22;;;9926;7;9930;26;;;9923.0;0.0
yf_ZC=F_d12;45100;INTARIAN_PEPPER_ROOT;11407;16;11405;17;;;11420;18;11422;18;;;11413.5;0.0
yf_ZC=F_d12;45200;ASH_COATED_OSMIUM;9916;21;9912;23;;;9930;22;9932;14;;;9923.0;0.0
yf_ZC=F_d12;45200;INTARIAN_PEPPER_ROOT;11411;13;11408;13;;;11417;11;11421;17;;;11414.0;0.0
yf_ZC=F_d12;45300;ASH_COATED_OSMIUM;9920;9;9918;28;;;9926;9;9930;8;;;9923.0;0.0
yf_ZC=F_d12;45300;INTARIAN_PEPPER_ROOT;11413;18;11409;8;;;11419;16;11421;20;;;11416.0;0.0
yf_ZC=F_d12;45400;ASH_COATED_OSMIUM;9919;17;9916;18;;;9925;22;9927;20;;;9922.0;0.0
yf_ZC=F_d12;45400;INTARIAN_PEPPER_ROOT;11407;18;11405;16;;;11426;15;11428;23;;;11416.5;0.0
yf_ZC=F_d12;45500;ASH_COATED_OSMIUM;9919;14;9915;35;;;9925;15;9927;8;;;9922.0;0.0
yf_ZC=F_d12;45500;INTARIAN_PEPPER_ROOT;11414;11;11412;20;;;11420;15;11424;29;;;11417.0;0.0
yf_ZC=F_d12;45600;ASH_COATED_OSMIUM;9918;14;9916;8;;;9926;18;9929;16;;;9922.0;0.0
yf_ZC=F_d12;45600;INTARIAN_PEPPER_ROOT;11415;23;11413;24;;;11421;8;11425;23;;;11418.0;0.0
yf_ZC=F_d12;45700;ASH_COATED_OSMIUM;9920;21;9918;24;;;9926;21;9929;28;;;9923.0;0.0
yf_ZC=F_d12;45700;INTARIAN_PEPPER_ROOT;11415;20;11412;13;;;11421;6;11424;24;;;11418.0;0.0
yf_ZC=F_d12;45800;ASH_COATED_OSMIUM;9918;8;9916;20;;;9925;20;9929;19;;;9921.5;0.0
yf_ZC=F_d12;45800;INTARIAN_PEPPER_ROOT;11417;5;11414;19;;;11423;11;11427;20;;;11420.0;0.0
yf_ZC=F_d12;45900;ASH_COATED_OSMIUM;9918;14;9914;16;;;9924;15;9928;19;;;9921.0;0.0
yf_ZC=F_d12;45900;INTARIAN_PEPPER_ROOT;11415;10;11412;19;;;11426;11;11430;22;;;11420.5;0.0
yf_ZC=F_d12;46000;ASH_COATED_OSMIUM;9919;15;9916;26;;;9925;10;9928;33;;;9922.0;0.0
yf_ZC=F_d12;46000;INTARIAN_PEPPER_ROOT;11415;14;11411;15;;;11427;15;11431;29;;;11421.0;0.0
yf_ZC=F_d12;46100;ASH_COATED_OSMIUM;9917;14;9913;15;;;9927;23;9930;16;;;9922.0;0.0
yf_ZC=F_d12;46100;INTARIAN_PEPPER_ROOT;11419;10;11417;20;;;11425;18;11429;23;;;11422.0;0.0
yf_ZC=F_d12;46200;ASH_COATED_OSMIUM;9919;14;9915;18;;;9925;11;9928;13;;;9922.0;0.0
yf_ZC=F_d12;46200;INTARIAN_PEPPER_ROOT;11416;12;11413;14;;;11429;5;11433;26;;;11422.5;0.0
yf_ZC=F_d12;46300;ASH_COATED_OSMIUM;9918;13;9915;27;;;9924;14;9927;15;;;9921.0;0.0
yf_ZC=F_d12;46300;INTARIAN_PEPPER_ROOT;11421;15;11418;12;;;11427;18;11429;28;;;11424.0;0.0
yf_ZC=F_d12;46400;ASH_COATED_OSMIUM;9919;16;9915;15;;;9925;11;9927;23;;;9922.0;0.0
yf_ZC=F_d12;46400;INTARIAN_PEPPER_ROOT;11422;13;11420;28;;;11428;10;11430;8;;;11425.0;0.0
yf_ZC=F_d12;46500;ASH_COATED_OSMIUM;9914;19;9912;15;;;9928;14;9930;26;;;9921.0;0.0
yf_ZC=F_d12;46500;INTARIAN_PEPPER_ROOT;11416;5;11414;17;;;11435;24;11437;24;;;11425.5;0.0
yf_ZC=F_d12;46600;ASH_COATED_OSMIUM;9918;13;9916;10;;;9924;13;9926;16;;;9921.0;0.0
yf_ZC=F_d12;46600;INTARIAN_PEPPER_ROOT;11423;12;11419;14;;;11429;6;11432;23;;;11426.0;0.0
yf_ZC=F_d12;46700;ASH_COATED_OSMIUM;9918;10;9915;13;;;9924;15;9928;17;;;9921.0;0.0
yf_ZC=F_d12;46700;INTARIAN_PEPPER_ROOT;11421;21;11417;20;;;11434;9;11437;30;;;11427.5;0.0
yf_ZC=F_d12;46800;ASH_COATED_OSMIUM;9918;20;9916;26;;;9924;6;9927;18;;;9921.0;0.0
yf_ZC=F_d12;46800;INTARIAN_PEPPER_ROOT;11423;6;11419;12;;;11434;14;11438;17;;;11428.5;0.0
yf_ZC=F_d12;46900;ASH_COATED_OSMIUM;9916;11;9914;29;;;9927;14;9929;16;;;9921.5;0.0
yf_ZC=F_d12;46900;INTARIAN_PEPPER_ROOT;11426;13;11424;20;;;11432;16;11435;21;;;11429.0;0.0
yf_ZC=F_d12;47000;ASH_COATED_OSMIUM;9918;11;9915;10;;;9924;7;9926;23;;;9921.0;0.0
yf_ZC=F_d12;47000;INTARIAN_PEPPER_ROOT;11409;9;11406;13;;;11451;12;11454;22;;;11430.0;0.0
yf_ZC=F_d12;47100;ASH_COATED_OSMIUM;9918;24;9914;11;;;9924;11;9927;20;;;9921.0;0.0
yf_ZC=F_d12;47100;INTARIAN_PEPPER_ROOT;11422;8;11419;20;;;11440;8;11443;12;;;11431.0;0.0
yf_ZC=F_d12;47200;ASH_COATED_OSMIUM;9917;7;9913;17;;;9924;18;9928;18;;;9920.5;0.0
yf_ZC=F_d12;47200;INTARIAN_PEPPER_ROOT;11429;15;11427;24;;;11435;12;11439;24;;;11432.0;0.0
yf_ZC=F_d12;47300;ASH_COATED_OSMIUM;9910;18;9906;20;;;9932;21;9936;17;;;9921.0;0.0
yf_ZC=F_d12;47300;INTARIAN_PEPPER_ROOT;11429;7;11427;15;;;11435;15;11439;20;;;11432.0;0.0
yf_ZC=F_d12;47400;ASH_COATED_OSMIUM;9911;15;9908;25;;;9929;10;9932;18;;;9920.0;0.0
yf_ZC=F_d12;47400;INTARIAN_PEPPER_ROOT;11428;9;11424;24;;;11439;23;11441;10;;;11433.5;0.0
yf_ZC=F_d12;47500;ASH_COATED_OSMIUM;9907;19;9904;13;;;9932;15;9935;22;;;9919.5;0.0
yf_ZC=F_d12;47500;INTARIAN_PEPPER_ROOT;11423;17;11419;21;;;11444;15;11447;18;;;11433.5;0.0
yf_ZC=F_d12;47600;ASH_COATED_OSMIUM;9916;23;9912;20;;;9926;21;9930;19;;;9921.0;0.0
yf_ZC=F_d12;47600;INTARIAN_PEPPER_ROOT;11429;14;11427;22;;;11442;17;11445;16;;;11435.5;0.0
yf_ZC=F_d12;47700;ASH_COATED_OSMIUM;9918;15;9916;12;;;9924;17;9927;11;;;9921.0;0.0
yf_ZC=F_d12;47700;INTARIAN_PEPPER_ROOT;11419;5;11416;23;;;11453;15;11455;14;;;11436.0;0.0
yf_ZC=F_d12;47800;ASH_COATED_OSMIUM;9917;21;9915;35;;;9923;24;9925;18;;;9920.0;0.0
yf_ZC=F_d12;47800;INTARIAN_PEPPER_ROOT;11433;5;11430;18;;;11439;19;11441;13;;;11436.0;0.0
yf_ZC=F_d12;47900;ASH_COATED_OSMIUM;9916;13;9914;27;;;9925;9;9928;10;;;9920.5;0.0
yf_ZC=F_d12;47900;INTARIAN_PEPPER_ROOT;11434;16;11431;26;;;11440;18;11443;23;;;11437.0;0.0
yf_ZC=F_d12;48000;ASH_COATED_OSMIUM;9907;22;9905;12;;;9934;18;9938;21;;;9920.5;0.0
yf_ZC=F_d12;48000;INTARIAN_PEPPER_ROOT;11436;14;11433;23;;;11442;10;11445;19;;;11439.0;0.0
yf_ZC=F_d12;48100;ASH_COATED_OSMIUM;9915;14;9913;18;;;9926;21;9929;23;;;9920.5;0.0
yf_ZC=F_d12;48100;INTARIAN_PEPPER_ROOT;11436;17;11433;21;;;11442;10;11444;22;;;11439.0;0.0
yf_ZC=F_d12;48200;ASH_COATED_OSMIUM;9917;18;9915;11;;;9923;18;9926;17;;;9920.0;0.0
yf_ZC=F_d12;48200;INTARIAN_PEPPER_ROOT;11429;20;11426;16;;;11451;22;11454;13;;;11440.0;0.0
yf_ZC=F_d12;48300;ASH_COATED_OSMIUM;9917;16;9915;19;;;9923;16;9926;14;;;9920.0;0.0
yf_ZC=F_d12;48300;INTARIAN_PEPPER_ROOT;11438;30;11436;21;;;11444;9;11446;22;;;11441.0;0.0
yf_ZC=F_d12;48400;ASH_COATED_OSMIUM;9909;5;9906;24;;;9932;16;9936;23;;;9920.5;0.0
yf_ZC=F_d12;48400;INTARIAN_PEPPER_ROOT;11438;19;11436;16;;;11446;22;11449;22;;;11442.0;0.0
yf_ZC=F_d12;48500;ASH_COATED_OSMIUM;9916;23;9913;20;;;9922;10;9926;20;;;9919.0;0.0
yf_ZC=F_d12;48500;INTARIAN_PEPPER_ROOT;11437;20;11434;23;;;11448;19;11451;24;;;11442.5;0.0
yf_ZC=F_d12;48600;ASH_COATED_OSMIUM;9917;17;9913;15;;;9923;19;9926;24;;;9920.0;0.0
yf_ZC=F_d12;48600;INTARIAN_PEPPER_ROOT;11441;11;11438;19;;;11447;12;11450;15;;;11444.0;0.0
yf_ZC=F_d12;48700;ASH_COATED_OSMIUM;9911;14;9908;15;;;9928;9;9930;20;;;9919.5;0.0
yf_ZC=F_d12;48700;INTARIAN_PEPPER_ROOT;11441;20;11439;23;;;11447;27;11451;23;;;11444.0;0.0
yf_ZC=F_d12;48800;ASH_COATED_OSMIUM;9916;5;9912;15;;;9922;14;9925;12;;;9919.0;0.0
yf_ZC=F_d12;48800;INTARIAN_PEPPER_ROOT;11443;14;11439;17;;;11449;10;11452;25;;;11446.0;0.0
yf_ZC=F_d12;48900;ASH_COATED_OSMIUM;9906;16;9904;22;;;9932;21;9935;15;;;9919.0;0.0
yf_ZC=F_d12;48900;INTARIAN_PEPPER_ROOT;11443;10;11439;15;;;11449;19;11453;14;;;11446.0;0.0
yf_ZC=F_d12;49000;ASH_COATED_OSMIUM;9909;17;9907;22;;;9931;5;9934;16;;;9920.0;0.0
yf_ZC=F_d12;49000;INTARIAN_PEPPER_ROOT;11443;18;11441;18;;;11449;24;11452;20;;;11446.0;0.0
yf_ZC=F_d12;49100;ASH_COATED_OSMIUM;9915;14;9911;21;;;9923;14;9927;12;;;9919.0;0.0
yf_ZC=F_d12;49100;INTARIAN_PEPPER_ROOT;11445;13;11443;15;;;11451;14;11455;11;;;11448.0;0.0
yf_ZC=F_d12;49200;ASH_COATED_OSMIUM;9916;15;9913;19;;;9922;18;9926;20;;;9919.0;0.0
yf_ZC=F_d12;49200;INTARIAN_PEPPER_ROOT;11445;11;11442;16;;;11451;14;11454;17;;;11448.0;0.0
yf_ZC=F_d12;49300;ASH_COATED_OSMIUM;9916;14;9914;17;;;9922;13;9924;26;;;9919.0;0.0
yf_ZC=F_d12;49300;INTARIAN_PEPPER_ROOT;11441;17;11439;21;;;11457;23;11461;10;;;11449.0;0.0
yf_ZC=F_d12;49400;ASH_COATED_OSMIUM;9907;7;9903;11;;;9931;21;9934;22;;;9919.0;0.0
yf_ZC=F_d12;49400;INTARIAN_PEPPER_ROOT;11447;11;11445;20;;;11453;12;11457;21;;;11450.0;0.0
yf_ZC=F_d12;49500;ASH_COATED_OSMIUM;9916;10;9913;17;;;9922;8;9924;18;;;9919.0;0.0
yf_ZC=F_d12;49500;INTARIAN_PEPPER_ROOT;11443;13;11440;19;;;11459;19;11463;24;;;11451.0;0.0
yf_ZC=F_d12;49600;ASH_COATED_OSMIUM;9915;21;9912;22;;;9921;13;9925;20;;;9918.0;0.0
yf_ZC=F_d12;49600;INTARIAN_PEPPER_ROOT;11449;14;11446;23;;;11455;14;11457;18;;;11452.0;0.0
yf_ZC=F_d12;49700;ASH_COATED_OSMIUM;9916;11;9912;16;;;9922;23;9926;18;;;9919.0;0.0
yf_ZC=F_d12;49700;INTARIAN_PEPPER_ROOT;11450;18;11446;26;;;11456;14;11458;18;;;11453.0;0.0
yf_ZC=F_d12;49800;ASH_COATED_OSMIUM;9916;28;9912;23;;;9922;14;9926;28;;;9919.0;0.0
yf_ZC=F_d12;49800;INTARIAN_PEPPER_ROOT;11451;16;11449;25;;;11457;13;11459;23;;;11454.0;0.0
yf_ZC=F_d12;49900;ASH_COATED_OSMIUM;9915;10;9911;24;;;9921;17;9925;28;;;9918.0;0.0
yf_ZC=F_d12;49900;INTARIAN_PEPPER_ROOT;11450;13;11446;22;;;11458;18;11461;18;;;11454.0;0.0
yf_ZC=F_d12;50000;ASH_COATED_OSMIUM;9915;9;9912;22;;;9921;5;9925;16;;;9918.0;0.0
yf_ZC=F_d12;50000;INTARIAN_PEPPER_ROOT;11451;19;11449;22;;;11460;11;11462;26;;;11455.5;0.0
yf_ZC=F_d12;50100;ASH_COATED_OSMIUM;9914;10;9910;10;;;9923;11;9927;30;;;9918.5;0.0
yf_ZC=F_d12;50100;INTARIAN_PEPPER_ROOT;11453;13;11451;23;;;11459;24;11462;20;;;11456.0;0.0
yf_ZC=F_d12;50200;ASH_COATED_OSMIUM;9915;15;9911;11;;;9921;14;9925;23;;;9918.0;0.0
yf_ZC=F_d12;50200;INTARIAN_PEPPER_ROOT;11453;10;11450;13;;;11461;11;11465;23;;;11457.0;0.0
yf_ZC=F_d12;50300;ASH_COATED_OSMIUM;9905;10;9903;17;;;9931;6;9934;24;;;9918.0;0.0
yf_ZC=F_d12;50300;INTARIAN_PEPPER_ROOT;11455;13;11451;18;;;11461;13;11464;26;;;11458.0;0.0
yf_ZC=F_d12;50400;ASH_COATED_OSMIUM;9914;13;9910;27;;;9921;15;9925;22;;;9917.5;0.0
yf_ZC=F_d12;50400;INTARIAN_PEPPER_ROOT;11452;15;11449;23;;;11467;12;11471;15;;;11459.5;0.0
yf_ZC=F_d12;50500;ASH_COATED_OSMIUM;9914;13;9911;18;;;9921;14;9925;15;;;9917.5;0.0
yf_ZC=F_d12;50500;INTARIAN_PEPPER_ROOT;11453;17;11450;22;;;11466;9;11468;20;;;11459.5;0.0
yf_ZC=F_d12;50600;ASH_COATED_OSMIUM;9915;15;9912;22;;;9921;10;9925;20;;;9918.0;0.0
yf_ZC=F_d12;50600;INTARIAN_PEPPER_ROOT;11454;17;11452;20;;;11467;11;11470;23;;;11460.5;0.0
yf_ZC=F_d12;50700;ASH_COATED_OSMIUM;9915;6;9912;20;;;9921;9;9923;19;;;9918.0;0.0
yf_ZC=F_d12;50700;INTARIAN_PEPPER_ROOT;11459;19;11455;27;;;11465;11;11469;8;;;11462.0;0.0
yf_ZC=F_d12;50800;ASH_COATED_OSMIUM;9911;16;9907;11;;;9926;14;9928;20;;;9918.5;0.0
yf_ZC=F_d12;50800;INTARIAN_PEPPER_ROOT;11459;16;11455;24;;;11467;12;11471;12;;;11463.0;0.0
yf_ZC=F_d12;50900;ASH_COATED_OSMIUM;9915;23;9913;12;;;9921;19;9923;23;;;9918.0;0.0
yf_ZC=F_d12;50900;INTARIAN_PEPPER_ROOT;11459;13;11457;27;;;11465;19;11467;22;;;11462.0;0.0
yf_ZC=F_d12;51000;ASH_COATED_OSMIUM;9915;18;9911;26;;;9921;13;9923;14;;;9918.0;0.0
yf_ZC=F_d12;51000;INTARIAN_PEPPER_ROOT;11456;19;11452;15;;;11462;14;11464;18;;;11459.0;0.0
yf_ZC=F_d12;51100;ASH_COATED_OSMIUM;9915;10;9913;13;;;9921;19;9925;26;;;9918.0;0.0
yf_ZC=F_d12;51100;INTARIAN_PEPPER_ROOT;11449;8;11445;20;;;11466;17;11468;11;;;11457.5;0.0
yf_ZC=F_d12;51200;ASH_COATED_OSMIUM;9915;20;9913;26;;;9921;17;9923;30;;;9918.0;0.0
yf_ZC=F_d12;51200;INTARIAN_PEPPER_ROOT;11452;14;11450;22;;;11458;15;11460;16;;;11455.0;0.0
yf_ZC=F_d12;51300;ASH_COATED_OSMIUM;9915;5;9912;24;;;9921;11;9924;20;;;9918.0;0.0
yf_ZC=F_d12;51300;INTARIAN_PEPPER_ROOT;11449;13;11446;30;;;11455;15;11457;17;;;11452.0;0.0
yf_ZC=F_d12;51400;ASH_COATED_OSMIUM;9915;12;9912;27;;;9921;21;9925;28;;;9918.0;0.0
yf_ZC=F_d12;51400;INTARIAN_PEPPER_ROOT;11446;25;11444;19;;;11456;17;11460;29;;;11451.0;0.0
yf_ZC=F_d12;51500;ASH_COATED_OSMIUM;9912;20;9910;16;;;9925;25;9927;17;;;9918.5;0.0
yf_ZC=F_d12;51500;INTARIAN_PEPPER_ROOT;11445;5;11443;25;;;11453;14;11455;20;;;11449.0;0.0
yf_ZC=F_d12;51600;ASH_COATED_OSMIUM;9915;15;9911;23;;;9921;14;9924;21;;;9918.0;0.0
yf_ZC=F_d12;51600;INTARIAN_PEPPER_ROOT;11444;5;11440;20;;;11450;24;11453;16;;;11447.0;0.0
yf_ZC=F_d12;51700;ASH_COATED_OSMIUM;9913;13;9911;15;;;9922;11;9924;17;;;9917.5;0.0
yf_ZC=F_d12;51700;INTARIAN_PEPPER_ROOT;11441;18;11437;16;;;11447;23;11450;31;;;11444.0;0.0
yf_ZC=F_d12;51800;ASH_COATED_OSMIUM;9914;16;9910;15;;;9920;10;9923;24;;;9917.0;0.0
yf_ZC=F_d12;51800;INTARIAN_PEPPER_ROOT;11439;16;11435;26;;;11445;20;11447;17;;;11442.0;0.0
yf_ZC=F_d12;51900;ASH_COATED_OSMIUM;9909;17;9907;18;;;9927;12;9930;23;;;9918.0;0.0
yf_ZC=F_d12;51900;INTARIAN_PEPPER_ROOT;11437;13;11434;24;;;11443;23;11447;21;;;11440.0;0.0
yf_ZC=F_d12;52000;ASH_COATED_OSMIUM;9915;11;9911;22;;;9921;17;9924;17;;;9918.0;0.0
yf_ZC=F_d12;52000;INTARIAN_PEPPER_ROOT;11434;6;11431;22;;;11441;13;11445;19;;;11437.5;0.0
yf_ZC=F_d12;52100;ASH_COATED_OSMIUM;9915;17;9911;13;;;9921;16;9924;24;;;9918.0;0.0
yf_ZC=F_d12;52100;INTARIAN_PEPPER_ROOT;11429;10;11427;15;;;11441;25;11443;16;;;11435.0;0.0
yf_ZC=F_d12;52200;ASH_COATED_OSMIUM;9913;15;9911;17;;;9924;12;9927;20;;;9918.5;0.0
yf_ZC=F_d12;52200;INTARIAN_PEPPER_ROOT;11431;19;11427;18;;;11437;16;11441;19;;;11434.0;0.0
yf_ZC=F_d12;52300;ASH_COATED_OSMIUM;9915;20;9913;19;;;9921;12;9923;19;;;9918.0;0.0
yf_ZC=F_d12;52300;INTARIAN_PEPPER_ROOT;11419;12;11415;22;;;11443;15;11445;23;;;11431.0;0.0
yf_ZC=F_d12;52400;ASH_COATED_OSMIUM;9914;11;9912;15;;;9920;12;9924;16;;;9917.0;0.0
yf_ZC=F_d12;52400;INTARIAN_PEPPER_ROOT;11426;19;11424;16;;;11432;19;11436;16;;;11429.0;0.0
yf_ZC=F_d12;52500;ASH_COATED_OSMIUM;9915;17;9911;12;;;9921;7;9923;21;;;9918.0;0.0
yf_ZC=F_d12;52500;INTARIAN_PEPPER_ROOT;11421;7;11419;29;;;11435;10;11437;21;;;11428.0;0.0
yf_ZC=F_d12;52600;ASH_COATED_OSMIUM;9915;16;9912;18;;;9921;14;9925;14;;;9918.0;0.0
yf_ZC=F_d12;52600;INTARIAN_PEPPER_ROOT;11422;7;11420;20;;;11428;16;11431;22;;;11425.0;0.0
yf_ZC=F_d12;52700;ASH_COATED_OSMIUM;9915;19;9911;24;;;9922;22;9924;22;;;9918.5;0.0
yf_ZC=F_d12;52700;INTARIAN_PEPPER_ROOT;11420;11;11416;22;;;11426;19;11429;17;;;11423.0;0.0
yf_ZC=F_d12;52800;ASH_COATED_OSMIUM;9910;8;9906;23;;;9927;13;9931;14;;;9918.5;0.0
yf_ZC=F_d12;52800;INTARIAN_PEPPER_ROOT;11417;18;11414;19;;;11423;18;11427;21;;;11420.0;0.0
yf_ZC=F_d12;52900;ASH_COATED_OSMIUM;9915;24;9913;14;;;9921;9;9925;23;;;9918.0;0.0
yf_ZC=F_d12;52900;INTARIAN_PEPPER_ROOT;11415;12;11412;18;;;11422;16;11424;16;;;11418.5;0.0
yf_ZC=F_d12;53000;ASH_COATED_OSMIUM;9909;18;9907;24;;;9926;16;9929;22;;;9917.5;0.0
yf_ZC=F_d12;53000;INTARIAN_PEPPER_ROOT;11410;14;11407;21;;;11423;22;11427;18;;;11416.5;0.0
yf_ZC=F_d12;53100;ASH_COATED_OSMIUM;9914;14;9911;25;;;9923;11;9927;24;;;9918.5;0.0
yf_ZC=F_d12;53100;INTARIAN_PEPPER_ROOT;11411;15;11407;15;;;11418;16;11421;14;;;11414.5;0.0
yf_ZC=F_d12;53200;ASH_COATED_OSMIUM;9912;19;9910;19;;;9923;9;9927;15;;;9917.5;0.0
yf_ZC=F_d12;53200;INTARIAN_PEPPER_ROOT;11409;12;11407;14;;;11416;16;11418;16;;;11412.5;0.0
yf_ZC=F_d12;53300;ASH_COATED_OSMIUM;9915;23;9913;18;;;9921;9;9924;27;;;9918.0;0.0
yf_ZC=F_d12;53300;INTARIAN_PEPPER_ROOT;11405;13;11401;23;;;11415;5;11419;17;;;11410.0;0.0
yf_ZC=F_d12;53400;ASH_COATED_OSMIUM;9915;7;9911;16;;;9921;7;9924;14;;;9918.0;0.0
yf_ZC=F_d12;53400;INTARIAN_PEPPER_ROOT;11405;10;11402;26;;;11411;20;11415;15;;;11408.0;0.0
yf_ZC=F_d12;53500;ASH_COATED_OSMIUM;9915;13;9912;11;;;9921;13;9924;27;;;9918.0;0.0
yf_ZC=F_d12;53500;INTARIAN_PEPPER_ROOT;11399;20;11396;17;;;11413;12;11417;23;;;11406.0;0.0
yf_ZC=F_d12;53600;ASH_COATED_OSMIUM;9908;7;9905;14;;;9928;20;9931;8;;;9918.0;0.0
yf_ZC=F_d12;53600;INTARIAN_PEPPER_ROOT;11401;12;11397;25;;;11407;10;11410;22;;;11404.0;0.0
yf_ZC=F_d12;53700;ASH_COATED_OSMIUM;9915;9;9911;24;;;9921;15;9923;13;;;9918.0;0.0
yf_ZC=F_d12;53700;INTARIAN_PEPPER_ROOT;11398;13;11396;27;;;11404;6;11408;22;;;11401.0;0.0
yf_ZC=F_d12;53800;ASH_COATED_OSMIUM;9915;13;9912;22;;;9921;10;9925;20;;;9918.0;0.0
yf_ZC=F_d12;53800;INTARIAN_PEPPER_ROOT;11396;13;11393;22;;;11403;12;11406;17;;;11399.5;0.0
yf_ZC=F_d12;53900;ASH_COATED_OSMIUM;9915;22;9913;26;;;9921;12;9924;17;;;9918.0;0.0
yf_ZC=F_d12;53900;INTARIAN_PEPPER_ROOT;11393;5;11390;15;;;11401;18;11405;23;;;11397.0;0.0
yf_ZC=F_d12;54000;ASH_COATED_OSMIUM;9914;11;9911;12;;;9920;17;9922;23;;;9917.0;0.0
yf_ZC=F_d12;54000;INTARIAN_PEPPER_ROOT;11392;16;11388;15;;;11398;13;11400;24;;;11395.0;0.0
yf_ZC=F_d12;54100;ASH_COATED_OSMIUM;9915;8;9911;24;;;9921;11;9924;17;;;9918.0;0.0
yf_ZC=F_d12;54100;INTARIAN_PEPPER_ROOT;11388;22;11384;8;;;11396;22;11399;24;;;11392.0;0.0
yf_ZC=F_d12;54200;ASH_COATED_OSMIUM;9915;19;9913;27;;;9921;17;9924;20;;;9918.0;0.0
yf_ZC=F_d12;54200;INTARIAN_PEPPER_ROOT;11374;10;11372;27;;;11408;6;11410;21;;;11391.0;0.0
yf_ZC=F_d12;54300;ASH_COATED_OSMIUM;9915;12;9913;21;;;9921;18;9923;19;;;9918.0;0.0
yf_ZC=F_d12;54300;INTARIAN_PEPPER_ROOT;11386;20;11384;16;;;11392;19;11395;28;;;11389.0;0.0
yf_ZC=F_d12;54400;ASH_COATED_OSMIUM;9915;12;9913;24;;;9921;16;9924;24;;;9918.0;0.0
yf_ZC=F_d12;54400;INTARIAN_PEPPER_ROOT;11383;13;11379;20;;;11389;19;11391;12;;;11386.0;0.0
yf_ZC=F_d12;54500;ASH_COATED_OSMIUM;9915;30;9913;25;;;9922;17;9925;21;;;9918.5;0.0
yf_ZC=F_d12;54500;INTARIAN_PEPPER_ROOT;11364;7;11361;16;;;11403;16;11406;20;;;11383.5;0.0
yf_ZC=F_d12;54600;ASH_COATED_OSMIUM;9914;12;9911;14;;;9923;17;9927;20;;;9918.5;0.0
yf_ZC=F_d12;54600;INTARIAN_PEPPER_ROOT;11379;16;11375;17;;;11385;14;11388;27;;;11382.0;0.0
yf_ZC=F_d12;54700;ASH_COATED_OSMIUM;9910;10;9908;18;;;9925;10;9928;25;;;9917.5;0.0
yf_ZC=F_d12;54700;INTARIAN_PEPPER_ROOT;11360;20;11358;28;;;11399;14;11403;25;;;11379.5;0.0
yf_ZC=F_d12;54800;ASH_COATED_OSMIUM;9914;18;9911;21;;;9921;13;9923;24;;;9917.5;0.0
yf_ZC=F_d12;54800;INTARIAN_PEPPER_ROOT;11374;12;11372;14;;;11380;19;11382;18;;;11377.0;0.0
yf_ZC=F_d12;54900;ASH_COATED_OSMIUM;9915;11;9912;22;;;9921;5;9923;27;;;9918.0;0.0
yf_ZC=F_d12;54900;INTARIAN_PEPPER_ROOT;11367;5;11365;17;;;11384;21;11387;15;;;11375.5;0.0
yf_ZC=F_d12;55000;ASH_COATED_OSMIUM;9914;12;9912;24;;;9923;10;9926;16;;;9918.5;0.0
yf_ZC=F_d12;55000;INTARIAN_PEPPER_ROOT;11370;11;11367;13;;;11376;12;11378;21;;;11373.0;0.0
yf_ZC=F_d12;55100;ASH_COATED_OSMIUM;9915;15;9913;20;;;9921;15;9925;19;;;9918.0;0.0
yf_ZC=F_d12;55100;INTARIAN_PEPPER_ROOT;11368;12;11366;14;;;11374;17;11378;16;;;11371.0;0.0
yf_ZC=F_d12;55200;ASH_COATED_OSMIUM;9916;13;9914;15;;;9922;16;9926;26;;;9919.0;0.0
yf_ZC=F_d12;55200;INTARIAN_PEPPER_ROOT;11360;7;11358;17;;;11379;7;11381;17;;;11369.5;0.0
yf_ZC=F_d12;55300;ASH_COATED_OSMIUM;9915;10;9912;21;;;9921;14;9923;19;;;9918.0;0.0
yf_ZC=F_d12;55300;INTARIAN_PEPPER_ROOT;11363;11;11359;24;;;11369;20;11373;18;;;11366.0;0.0
yf_ZC=F_d12;55400;ASH_COATED_OSMIUM;9911;23;9909;27;;;9924;19;9927;18;;;9917.5;0.0
yf_ZC=F_d12;55400;INTARIAN_PEPPER_ROOT;11356;19;11354;20;;;11373;19;11377;25;;;11364.5;0.0
yf_ZC=F_d12;55500;ASH_COATED_OSMIUM;9894;14;9892;19;;;9942;11;9945;26;;;9918.0;0.0
yf_ZC=F_d12;55500;INTARIAN_PEPPER_ROOT;11351;14;11348;12;;;11372;19;11376;16;;;11361.5;0.0
yf_ZC=F_d12;55600;ASH_COATED_OSMIUM;9915;13;9913;21;;;9921;18;9923;21;;;9918.0;0.0
yf_ZC=F_d12;55600;INTARIAN_PEPPER_ROOT;11357;5;11355;24;;;11363;12;11365;18;;;11360.0;0.0
yf_ZC=F_d12;55700;ASH_COATED_OSMIUM;9916;15;9912;8;;;9922;11;9924;20;;;9919.0;0.0
yf_ZC=F_d12;55700;INTARIAN_PEPPER_ROOT;11355;24;11351;16;;;11361;26;11365;15;;;11358.0;0.0
yf_ZC=F_d12;55800;ASH_COATED_OSMIUM;9914;12;9912;21;;;9923;18;9927;9;;;9918.5;0.0
yf_ZC=F_d12;55800;INTARIAN_PEPPER_ROOT;11353;15;11351;19;;;11359;13;11361;25;;;11356.0;0.0
yf_ZC=F_d12;55900;ASH_COATED_OSMIUM;9915;12;9913;18;;;9921;15;9924;19;;;9918.0;0.0
yf_ZC=F_d12;55900;INTARIAN_PEPPER_ROOT;11351;14;11347;19;;;11357;19;11359;24;;;11354.0;0.0
yf_ZC=F_d12;56000;ASH_COATED_OSMIUM;9907;18;9903;10;;;9929;15;9932;19;;;9918.0;0.0
yf_ZC=F_d12;56000;INTARIAN_PEPPER_ROOT;11349;19;11345;17;;;11355;20;11359;23;;;11352.0;0.0
yf_ZC=F_d12;56100;ASH_COATED_OSMIUM;9913;21;9911;18;;;9923;13;9927;25;;;9918.0;0.0
yf_ZC=F_d12;56100;INTARIAN_PEPPER_ROOT;11346;15;11344;13;;;11352;16;11354;12;;;11349.0;0.0
yf_ZC=F_d12;56200;ASH_COATED_OSMIUM;9915;19;9912;21;;;9921;14;9925;27;;;9918.0;0.0
yf_ZC=F_d12;56200;INTARIAN_PEPPER_ROOT;11341;14;11339;16;;;11353;16;11357;15;;;11347.0;0.0
yf_ZC=F_d12;56300;ASH_COATED_OSMIUM;9914;17;9911;20;;;9922;7;9926;25;;;9918.0;0.0
yf_ZC=F_d12;56300;INTARIAN_PEPPER_ROOT;11342;19;11339;26;;;11348;5;11351;19;;;11345.0;0.0
yf_ZC=F_d12;56400;ASH_COATED_OSMIUM;9909;14;9905;14;;;9926;25;9929;16;;;9917.5;0.0
yf_ZC=F_d12;56400;INTARIAN_PEPPER_ROOT;11340;18;11336;17;;;11346;13;11350;23;;;11343.0;0.0
yf_ZC=F_d12;56500;ASH_COATED_OSMIUM;9916;15;9912;22;;;9922;25;9925;15;;;9919.0;0.0
yf_ZC=F_d12;56500;INTARIAN_PEPPER_ROOT;11330;14;11327;22;;;11351;22;11353;24;;;11340.5;0.0
yf_ZC=F_d12;56600;ASH_COATED_OSMIUM;9905;17;9901;25;;;9931;10;9933;22;;;9918.0;0.0
yf_ZC=F_d12;56600;INTARIAN_PEPPER_ROOT;11335;14;11331;24;;;11341;15;11344;29;;;11338.0;0.0
yf_ZC=F_d12;56700;ASH_COATED_OSMIUM;9916;20;9912;15;;;9922;16;9925;26;;;9919.0;0.0
yf_ZC=F_d12;56700;INTARIAN_PEPPER_ROOT;11333;20;11330;26;;;11339;25;11341;13;;;11336.0;0.0
yf_ZC=F_d12;56800;ASH_COATED_OSMIUM;9915;13;9912;22;;;9921;23;9923;13;;;9918.0;0.0
yf_ZC=F_d12;56800;INTARIAN_PEPPER_ROOT;11331;17;11327;27;;;11337;10;11341;15;;;11334.0;0.0
yf_ZC=F_d12;56900;ASH_COATED_OSMIUM;9914;16;9910;23;;;9922;18;9924;22;;;9918.0;0.0
yf_ZC=F_d12;56900;INTARIAN_PEPPER_ROOT;11328;22;11325;23;;;11334;18;11338;17;;;11331.0;0.0
yf_ZC=F_d12;57000;ASH_COATED_OSMIUM;9909;20;9905;24;;;9927;8;9931;11;;;9918.0;0.0
yf_ZC=F_d12;57000;INTARIAN_PEPPER_ROOT;11323;19;11320;31;;;11338;14;11342;14;;;11330.5;0.0
yf_ZC=F_d12;57100;ASH_COATED_OSMIUM;9915;5;9913;17;;;9921;18;9925;15;;;9918.0;0.0
yf_ZC=F_d12;57100;INTARIAN_PEPPER_ROOT;11324;18;11321;16;;;11331;9;11334;23;;;11327.5;0.0
yf_ZC=F_d12;57200;ASH_COATED_OSMIUM;9914;19;9912;26;;;9922;17;9924;21;;;9918.0;0.0
yf_ZC=F_d12;57200;INTARIAN_PEPPER_ROOT;11323;7;11321;18;;;11329;17;11333;9;;;11326.0;0.0
yf_ZC=F_d12;57300;ASH_COATED_OSMIUM;9914;13;9911;14;;;9924;8;9927;25;;;9919.0;0.0
yf_ZC=F_d12;57300;INTARIAN_PEPPER_ROOT;11304;14;11302;19;;;11343;16;11347;15;;;11323.5;0.0
yf_ZC=F_d12;57400;ASH_COATED_OSMIUM;9913;25;9910;25;;;9923;11;9926;15;;;9918.0;0.0
yf_ZC=F_d12;57400;INTARIAN_PEPPER_ROOT;11318;9;11314;21;;;11324;19;11326;35;;;11321.0;0.0
yf_ZC=F_d12;57500;ASH_COATED_OSMIUM;9913;12;9910;16;;;9925;17;9929;20;;;9919.0;0.0
yf_ZC=F_d12;57500;INTARIAN_PEPPER_ROOT;11314;13;11310;24;;;11323;9;11325;20;;;11318.5;0.0
yf_ZC=F_d12;57600;ASH_COATED_OSMIUM;9915;11;9912;16;;;9921;9;9923;14;;;9918.0;0.0
yf_ZC=F_d12;57600;INTARIAN_PEPPER_ROOT;11314;16;11312;22;;;11320;7;11322;13;;;11317.0;0.0
