day;timestamp;product;bid_price_1;bid_volume_1;bid_price_2;bid_volume_2;bid_price_3;bid_volume_3;ask_price_1;ask_volume_1;ask_price_2;ask_volume_2;ask_price_3;ask_volume_3;mid_price;profit_and_loss
yf_ZS=F_d13;0;ASH_COATED_OSMIUM;9897;13;9894;11;;;9903;20;9905;22;;;9900.0;0.0
yf_ZS=F_d13;0;INTARIAN_PEPPER_ROOT;12156;10;12152;21;;;12163;24;12166;24;;;12159.5;0.0
yf_ZS=F_d13;100;ASH_COATED_OSMIUM;9892;11;9890;24;;;9908;13;9911;25;;;9900.0;0.0
yf_ZS=F_d13;100;INTARIAN_PEPPER_ROOT;12155;8;12152;18;;;12161;16;12165;20;;;12158.0;0.0
yf_ZS=F_d13;200;ASH_COATED_OSMIUM;9897;21;9895;24;;;9903;16;9906;19;;;9900.0;0.0
yf_ZS=F_d13;200;INTARIAN_PEPPER_ROOT;12151;8;12147;27;;;12162;18;12165;29;;;12156.5;0.0
yf_ZS=F_d13;300;ASH_COATED_OSMIUM;9892;13;9890;12;;;9907;6;9909;21;;;9899.5;0.0
yf_ZS=F_d13;300;INTARIAN_PEPPER_ROOT;12152;8;12148;19;;;12158;16;12162;23;;;12155.0;0.0
yf_ZS=F_d13;400;ASH_COATED_OSMIUM;9897;13;9894;20;;;9903;7;9907;19;;;9900.0;0.0
yf_ZS=F_d13;400;INTARIAN_PEPPER_ROOT;12152;12;12149;18;;;12158;17;12162;16;;;12155.0;0.0
yf_ZS=F_d13;500;ASH_COATED_OSMIUM;9896;17;9894;18;;;9902;20;9904;24;;;9899.0;0.0
yf_ZS=F_d13;500;INTARIAN_PEPPER_ROOT;12149;14;12146;15;;;12155;26;12157;25;;;12152.0;0.0
yf_ZS=F_d13;600;ASH_COATED_OSMIUM;9889;26;9887;22;;;9911;16;9915;14;;;9900.0;0.0
yf_ZS=F_d13;600;INTARIAN_PEPPER_ROOT;12148;9;12145;8;;;12154;15;12156;21;;;12151.0;0.0
yf_ZS=F_d13;700;ASH_COATED_OSMIUM;9887;7;9884;25;;;9912;15;9915;22;;;9899.5;0.0
yf_ZS=F_d13;700;INTARIAN_PEPPER_ROOT;12146;21;12144;27;;;12152;17;12154;27;;;12149.0;0.0
yf_ZS=F_d13;800;ASH_COATED_OSMIUM;9894;22;9891;18;;;9906;7;9909;9;;;9900.0;0.0
yf_ZS=F_d13;800;INTARIAN_PEPPER_ROOT;12145;14;12142;22;;;12151;6;12153;26;;;12148.0;0.0
yf_ZS=F_d13;900;ASH_COATED_OSMIUM;9896;9;9894;21;;;9902;10;9905;24;;;9899.0;0.0
yf_ZS=F_d13;900;INTARIAN_PEPPER_ROOT;12144;5;12141;29;;;12150;6;12153;17;;;12147.0;0.0
yf_ZS=F_d13;1000;ASH_COATED_OSMIUM;9897;22;9895;21;;;9903;14;9905;23;;;9900.0;0.0
yf_ZS=F_d13;1000;INTARIAN_PEPPER_ROOT;12140;15;12137;15;;;12150;16;12154;19;;;12145.0;0.0
yf_ZS=F_d13;1100;ASH_COATED_OSMIUM;9893;19;9890;15;;;9908;8;9912;22;;;9900.5;0.0
yf_ZS=F_d13;1100;INTARIAN_PEPPER_ROOT;12140;13;12138;22;;;12146;22;12150;14;;;12143.0;0.0
yf_ZS=F_d13;1200;ASH_COATED_OSMIUM;9897;19;9894;22;;;9903;8;9907;23;;;9900.0;0.0
yf_ZS=F_d13;1200;INTARIAN_PEPPER_ROOT;12129;7;12125;27;;;12155;10;12157;16;;;12142.0;0.0
yf_ZS=F_d13;1300;ASH_COATED_OSMIUM;9891;10;9889;24;;;9909;15;9913;22;;;9900.0;0.0
yf_ZS=F_d13;1300;INTARIAN_PEPPER_ROOT;12133;14;12131;15;;;12148;13;12150;15;;;12140.5;0.0
yf_ZS=F_d13;1400;ASH_COATED_OSMIUM;9897;13;9894;13;;;9903;16;9906;21;;;9900.0;0.0
yf_ZS=F_d13;1400;INTARIAN_PEPPER_ROOT;12128;20;12124;21;;;12149;12;12153;28;;;12138.5;0.0
yf_ZS=F_d13;1500;ASH_COATED_OSMIUM;9897;6;9895;18;;;9903;8;9905;28;;;9900.0;0.0
yf_ZS=F_d13;1500;INTARIAN_PEPPER_ROOT;12134;13;12131;25;;;12140;18;12143;23;;;12137.0;0.0
yf_ZS=F_d13;1600;ASH_COATED_OSMIUM;9897;23;9895;23;;;9903;10;9906;15;;;9900.0;0.0
yf_ZS=F_d13;1600;INTARIAN_PEPPER_ROOT;12130;11;12127;19;;;12142;7;12145;20;;;12136.0;0.0
yf_ZS=F_d13;1700;ASH_COATED_OSMIUM;9897;18;9893;23;;;9903;18;9906;18;;;9900.0;0.0
yf_ZS=F_d13;1700;INTARIAN_PEPPER_ROOT;12132;9;12128;20;;;12138;19;12142;19;;;12135.0;0.0
yf_ZS=F_d13;1800;ASH_COATED_OSMIUM;9897;12;9893;28;;;9903;14;9907;21;;;9900.0;0.0
yf_ZS=F_d13;1800;INTARIAN_PEPPER_ROOT;12130;9;12127;19;;;12136;18;12140;19;;;12133.0;0.0
yf_ZS=F_d13;1900;ASH_COATED_OSMIUM;9897;14;9894;22;;;9903;12;9905;24;;;9900.0;0.0
yf_ZS=F_d13;1900;INTARIAN_PEPPER_ROOT;12117;13;12115;19;;;12147;19;12149;29;;;12132.0;0.0
yf_ZS=F_d13;2000;ASH_COATED_OSMIUM;9895;14;9893;19;;;9906;17;9909;17;;;9900.5;0.0
yf_ZS=F_d13;2000;INTARIAN_PEPPER_ROOT;12126;22;12122;15;;;12135;15;12138;8;;;12130.5;0.0
yf_ZS=F_d13;2100;ASH_COATED_OSMIUM;9895;20;9893;21;;;9906;24;9908;23;;;9900.5;0.0
yf_ZS=F_d13;2100;INTARIAN_PEPPER_ROOT;12125;10;12123;17;;;12131;9;12135;30;;;12128.0;0.0
yf_ZS=F_d13;2200;ASH_COATED_OSMIUM;9897;8;9893;17;;;9903;16;9905;21;;;9900.0;0.0
yf_ZS=F_d13;2200;INTARIAN_PEPPER_ROOT;12123;10;12119;25;;;12129;20;12131;21;;;12126.0;0.0
yf_ZS=F_d13;2300;ASH_COATED_OSMIUM;9891;18;9887;28;;;9910;13;9914;19;;;9900.5;0.0
yf_ZS=F_d13;2300;INTARIAN_PEPPER_ROOT;12118;11;12115;22;;;12131;14;12134;18;;;12124.5;0.0
yf_ZS=F_d13;2400;ASH_COATED_OSMIUM;9898;13;9896;19;;;9904;14;9906;19;;;9901.0;0.0
yf_ZS=F_d13;2400;INTARIAN_PEPPER_ROOT;12120;13;12118;26;;;12126;12;12128;22;;;12123.0;0.0
yf_ZS=F_d13;2500;ASH_COATED_OSMIUM;9896;16;9893;20;;;9904;14;9906;23;;;9900.0;0.0
yf_ZS=F_d13;2500;INTARIAN_PEPPER_ROOT;12119;15;12117;17;;;12125;20;12127;26;;;12122.0;0.0
yf_ZS=F_d13;2600;ASH_COATED_OSMIUM;9898;16;9895;16;;;9904;17;9908;14;;;9901.0;0.0
yf_ZS=F_d13;2600;INTARIAN_PEPPER_ROOT;12118;10;12115;28;;;12124;21;12128;24;;;12121.0;0.0
yf_ZS=F_d13;2700;ASH_COATED_OSMIUM;9896;14;9894;21;;;9905;22;9909;14;;;9900.5;0.0
yf_ZS=F_d13;2700;INTARIAN_PEPPER_ROOT;12114;14;12112;18;;;12123;14;12125;12;;;12118.5;0.0
yf_ZS=F_d13;2800;ASH_COATED_OSMIUM;9898;11;9896;20;;;9904;18;9907;24;;;9901.0;0.0
yf_ZS=F_d13;2800;INTARIAN_PEPPER_ROOT;12110;9;12108;14;;;12124;12;12128;19;;;12117.0;0.0
yf_ZS=F_d13;2900;ASH_COATED_OSMIUM;9889;16;9886;19;;;9911;6;9913;8;;;9900.0;0.0
yf_ZS=F_d13;2900;INTARIAN_PEPPER_ROOT;12110;19;12106;29;;;12122;15;12124;18;;;12116.0;0.0
yf_ZS=F_d13;3000;ASH_COATED_OSMIUM;9897;22;9895;8;;;9903;17;9905;9;;;9900.0;0.0
yf_ZS=F_d13;3000;INTARIAN_PEPPER_ROOT;12108;19;12106;12;;;12121;8;12123;15;;;12114.5;0.0
yf_ZS=F_d13;3100;ASH_COATED_OSMIUM;9898;7;9894;17;;;9904;24;9907;24;;;9901.0;0.0
yf_ZS=F_d13;3100;INTARIAN_PEPPER_ROOT;12109;11;12107;22;;;12115;14;12118;22;;;12112.0;0.0
yf_ZS=F_d13;3200;ASH_COATED_OSMIUM;9898;10;9896;14;;;9904;5;9906;19;;;9901.0;0.0
yf_ZS=F_d13;3200;INTARIAN_PEPPER_ROOT;12109;11;12107;15;;;12115;10;12118;19;;;12112.0;0.0
yf_ZS=F_d13;3300;ASH_COATED_OSMIUM;9896;13;9892;10;;;9905;11;9909;27;;;9900.5;0.0
yf_ZS=F_d13;3300;INTARIAN_PEPPER_ROOT;12107;18;12105;23;;;12113;7;12117;23;;;12110.0;0.0
yf_ZS=F_d13;3400;ASH_COATED_OSMIUM;9894;24;9890;33;;;9909;18;9912;19;;;9901.5;0.0
yf_ZS=F_d13;3400;INTARIAN_PEPPER_ROOT;12105;5;12103;14;;;12111;15;12115;17;;;12108.0;0.0
yf_ZS=F_d13;3500;ASH_COATED_OSMIUM;9898;16;9894;35;;;9904;11;9907;19;;;9901.0;0.0
yf_ZS=F_d13;3500;INTARIAN_PEPPER_ROOT;12100;8;12097;23;;;12114;15;12116;21;;;12107.0;0.0
yf_ZS=F_d13;3600;ASH_COATED_OSMIUM;9897;11;9895;17;;;9904;22;9906;28;;;9900.5;0.0
yf_ZS=F_d13;3600;INTARIAN_PEPPER_ROOT;12102;16;12098;10;;;12108;12;12112;18;;;12105.0;0.0
yf_ZS=F_d13;3700;ASH_COATED_OSMIUM;9898;12;9896;11;;;9904;14;9907;24;;;9901.0;0.0
yf_ZS=F_d13;3700;INTARIAN_PEPPER_ROOT;12101;10;12097;23;;;12107;14;12111;17;;;12104.0;0.0
yf_ZS=F_d13;3800;ASH_COATED_OSMIUM;9895;16;9892;24;;;9907;22;9911;19;;;9901.0;0.0
yf_ZS=F_d13;3800;INTARIAN_PEPPER_ROOT;12093;14;12089;30;;;12112;25;12114;28;;;12102.5;0.0
yf_ZS=F_d13;3900;ASH_COATED_OSMIUM;9898;7;9895;25;;;9904;8;9907;15;;;9901.0;0.0
yf_ZS=F_d13;3900;INTARIAN_PEPPER_ROOT;12098;9;12096;21;;;12104;20;12107;13;;;12101.0;0.0
yf_ZS=F_d13;4000;ASH_COATED_OSMIUM;9892;15;9890;21;;;9911;14;9915;19;;;9901.5;0.0
yf_ZS=F_d13;4000;INTARIAN_PEPPER_ROOT;12096;18;12092;16;;;12102;19;12106;9;;;12099.0;0.0
yf_ZS=F_d13;4100;ASH_COATED_OSMIUM;9895;10;9893;16;;;9906;18;9908;18;;;9900.5;0.0
yf_ZS=F_d13;4100;INTARIAN_PEPPER_ROOT;12095;12;12093;14;;;12101;15;12104;19;;;12098.0;0.0
yf_ZS=F_d13;4200;ASH_COATED_OSMIUM;9898;19;9894;13;;;9904;14;9907;16;;;9901.0;0.0
yf_ZS=F_d13;4200;INTARIAN_PEPPER_ROOT;12093;14;12089;21;;;12099;16;12103;19;;;12096.0;0.0
yf_ZS=F_d13;4300;ASH_COATED_OSMIUM;9898;10;9896;16;;;9904;11;9907;22;;;9901.0;0.0
yf_ZS=F_d13;4300;INTARIAN_PEPPER_ROOT;12092;16;12089;19;;;12098;16;12102;22;;;12095.0;0.0
yf_ZS=F_d13;4400;ASH_COATED_OSMIUM;9896;23;9893;10;;;9906;17;9910;19;;;9901.0;0.0
yf_ZS=F_d13;4400;INTARIAN_PEPPER_ROOT;12089;13;12087;21;;;12097;23;12101;31;;;12093.0;0.0
yf_ZS=F_d13;4500;ASH_COATED_OSMIUM;9898;7;9895;19;;;9904;16;9907;21;;;9901.0;0.0
yf_ZS=F_d13;4500;INTARIAN_PEPPER_ROOT;12088;12;12085;26;;;12096;16;12100;22;;;12092.0;0.0
yf_ZS=F_d13;4600;ASH_COATED_OSMIUM;9897;16;9895;8;;;9905;11;9909;18;;;9901.0;0.0
yf_ZS=F_d13;4600;INTARIAN_PEPPER_ROOT;12080;17;12078;35;;;12099;14;12102;22;;;12089.5;0.0
yf_ZS=F_d13;4700;ASH_COATED_OSMIUM;9898;13;9896;30;;;9904;12;9907;30;;;9901.0;0.0
yf_ZS=F_d13;4700;INTARIAN_PEPPER_ROOT;12086;9;12084;23;;;12092;18;12095;26;;;12089.0;0.0
yf_ZS=F_d13;4800;ASH_COATED_OSMIUM;9896;18;9894;17;;;9907;11;9911;20;;;9901.5;0.0
yf_ZS=F_d13;4800;INTARIAN_PEPPER_ROOT;12085;8;12083;19;;;12091;14;12095;18;;;12088.0;0.0
yf_ZS=F_d13;4900;ASH_COATED_OSMIUM;9898;13;9894;18;;;9905;11;9908;19;;;9901.5;0.0
yf_ZS=F_d13;4900;INTARIAN_PEPPER_ROOT;12082;10;12079;10;;;12088;9;12090;16;;;12085.0;0.0
yf_ZS=F_d13;5000;ASH_COATED_OSMIUM;9892;16;9889;21;;;9911;12;9913;24;;;9901.5;0.0
yf_ZS=F_d13;5000;INTARIAN_PEPPER_ROOT;12081;8;12078;25;;;12088;7;12092;15;;;12084.5;0.0
yf_ZS=F_d13;5100;ASH_COATED_OSMIUM;9898;17;9894;26;;;9904;17;9906;34;;;9901.0;0.0
yf_ZS=F_d13;5100;INTARIAN_PEPPER_ROOT;12079;11;12076;27;;;12085;9;12088;20;;;12082.0;0.0
yf_ZS=F_d13;5200;ASH_COATED_OSMIUM;9899;10;9897;17;;;9905;12;9908;17;;;9902.0;0.0
yf_ZS=F_d13;5200;INTARIAN_PEPPER_ROOT;12078;18;12076;27;;;12084;15;12086;17;;;12081.0;0.0
yf_ZS=F_d13;5300;ASH_COATED_OSMIUM;9898;14;9894;21;;;9904;13;9907;13;;;9901.0;0.0
yf_ZS=F_d13;5300;INTARIAN_PEPPER_ROOT;12075;20;12072;14;;;12084;18;12086;22;;;12079.5;0.0
yf_ZS=F_d13;5400;ASH_COATED_OSMIUM;9899;14;9897;24;;;9905;14;9909;16;;;9902.0;0.0
yf_ZS=F_d13;5400;INTARIAN_PEPPER_ROOT;12075;16;12072;15;;;12081;24;12084;27;;;12078.0;0.0
yf_ZS=F_d13;5500;ASH_COATED_OSMIUM;9899;9;9896;18;;;9905;10;9908;11;;;9902.0;0.0
yf_ZS=F_d13;5500;INTARIAN_PEPPER_ROOT;12074;18;12070;28;;;12080;10;12083;19;;;12077.0;0.0
yf_ZS=F_d13;5600;ASH_COATED_OSMIUM;9899;6;9896;29;;;9905;13;9909;21;;;9902.0;0.0
yf_ZS=F_d13;5600;INTARIAN_PEPPER_ROOT;12071;9;12067;20;;;12079;26;12082;8;;;12075.0;0.0
yf_ZS=F_d13;5700;ASH_COATED_OSMIUM;9899;15;9896;26;;;9905;13;9908;12;;;9902.0;0.0
yf_ZS=F_d13;5700;INTARIAN_PEPPER_ROOT;12070;13;12066;17;;;12076;19;12079;14;;;12073.0;0.0
yf_ZS=F_d13;5800;ASH_COATED_OSMIUM;9898;21;9895;19;;;9904;18;9906;16;;;9901.0;0.0
yf_ZS=F_d13;5800;INTARIAN_PEPPER_ROOT;12062;18;12060;21;;;12081;10;12085;18;;;12071.5;0.0
yf_ZS=F_d13;5900;ASH_COATED_OSMIUM;9897;11;9894;20;;;9906;14;9910;19;;;9901.5;0.0
yf_ZS=F_d13;5900;INTARIAN_PEPPER_ROOT;12058;14;12056;16;;;12083;15;12086;22;;;12070.5;0.0
yf_ZS=F_d13;6000;ASH_COATED_OSMIUM;9894;10;9891;24;;;9909;12;9913;27;;;9901.5;0.0
yf_ZS=F_d13;6000;INTARIAN_PEPPER_ROOT;12064;15;12060;26;;;12074;15;12076;22;;;12069.0;0.0
yf_ZS=F_d13;6100;ASH_COATED_OSMIUM;9899;14;9897;13;;;9905;13;9908;24;;;9902.0;0.0
yf_ZS=F_d13;6100;INTARIAN_PEPPER_ROOT;12065;14;12061;15;;;12071;14;12074;16;;;12068.0;0.0
yf_ZS=F_d13;6200;ASH_COATED_OSMIUM;9899;17;9897;16;;;9905;13;9909;18;;;9902.0;0.0
yf_ZS=F_d13;6200;INTARIAN_PEPPER_ROOT;12063;17;12061;12;;;12069;6;12073;10;;;12066.0;0.0
yf_ZS=F_d13;6300;ASH_COATED_OSMIUM;9896;12;9894;14;;;9909;9;9912;19;;;9902.5;0.0
yf_ZS=F_d13;6300;INTARIAN_PEPPER_ROOT;12061;5;12058;24;;;12067;16;12069;14;;;12064.0;0.0
yf_ZS=F_d13;6400;ASH_COATED_OSMIUM;9899;14;9895;13;;;9905;21;9907;26;;;9902.0;0.0
yf_ZS=F_d13;6400;INTARIAN_PEPPER_ROOT;12060;12;12058;13;;;12066;23;12069;16;;;12063.0;0.0
yf_ZS=F_d13;6500;ASH_COATED_OSMIUM;9899;24;9896;27;;;9906;24;9908;18;;;9902.5;0.0
yf_ZS=F_d13;6500;INTARIAN_PEPPER_ROOT;12058;19;12056;11;;;12064;15;12068;18;;;12061.0;0.0
yf_ZS=F_d13;6600;ASH_COATED_OSMIUM;9899;20;9896;28;;;9905;5;9909;24;;;9902.0;0.0
yf_ZS=F_d13;6600;INTARIAN_PEPPER_ROOT;12041;9;12038;27;;;12079;16;12083;21;;;12060.0;0.0
yf_ZS=F_d13;6700;ASH_COATED_OSMIUM;9899;21;9896;19;;;9905;20;9909;19;;;9902.0;0.0
yf_ZS=F_d13;6700;INTARIAN_PEPPER_ROOT;12055;13;12053;21;;;12061;8;12063;22;;;12058.0;0.0
yf_ZS=F_d13;6800;ASH_COATED_OSMIUM;9899;5;9897;13;;;9905;8;9908;17;;;9902.0;0.0
yf_ZS=F_d13;6800;INTARIAN_PEPPER_ROOT;12052;12;12050;27;;;12062;16;12065;16;;;12057.0;0.0
yf_ZS=F_d13;6900;ASH_COATED_OSMIUM;9898;23;9895;17;;;9907;13;9910;24;;;9902.5;0.0
yf_ZS=F_d13;6900;INTARIAN_PEPPER_ROOT;12053;8;12051;17;;;12059;14;12061;17;;;12056.0;0.0
yf_ZS=F_d13;7000;ASH_COATED_OSMIUM;9899;21;9895;16;;;9905;19;9908;23;;;9902.0;0.0
yf_ZS=F_d13;7000;INTARIAN_PEPPER_ROOT;12051;19;12048;19;;;12057;17;12059;19;;;12054.0;0.0
yf_ZS=F_d13;7100;ASH_COATED_OSMIUM;9899;19;9895;15;;;9905;14;9909;24;;;9902.0;0.0
yf_ZS=F_d13;7100;INTARIAN_PEPPER_ROOT;12050;18;12047;21;;;12056;12;12059;29;;;12053.0;0.0
yf_ZS=F_d13;7200;ASH_COATED_OSMIUM;9895;22;9892;30;;;9908;11;9911;28;;;9901.5;0.0
yf_ZS=F_d13;7200;INTARIAN_PEPPER_ROOT;12045;13;12042;19;;;12056;8;12058;18;;;12050.5;0.0
yf_ZS=F_d13;7300;ASH_COATED_OSMIUM;9899;19;9897;17;;;9905;13;9907;28;;;9902.0;0.0
yf_ZS=F_d13;7300;INTARIAN_PEPPER_ROOT;12046;15;12043;14;;;12052;11;12056;18;;;12049.0;0.0
yf_ZS=F_d13;7400;ASH_COATED_OSMIUM;9899;9;9895;24;;;9905;12;9907;23;;;9902.0;0.0
yf_ZS=F_d13;7400;INTARIAN_PEPPER_ROOT;12038;14;12036;28;;;12056;9;12060;31;;;12047.0;0.0
yf_ZS=F_d13;7500;ASH_COATED_OSMIUM;9900;14;9896;25;;;9906;7;9910;19;;;9903.0;0.0
yf_ZS=F_d13;7500;INTARIAN_PEPPER_ROOT;12043;12;12040;17;;;12049;13;12052;17;;;12046.0;0.0
yf_ZS=F_d13;7600;ASH_COATED_OSMIUM;9899;18;9897;24;;;9905;5;9907;25;;;9902.0;0.0
yf_ZS=F_d13;7600;INTARIAN_PEPPER_ROOT;12041;12;12038;19;;;12047;14;12050;24;;;12044.0;0.0
yf_ZS=F_d13;7700;ASH_COATED_OSMIUM;9899;24;9897;23;;;9905;5;9908;23;;;9902.0;0.0
yf_ZS=F_d13;7700;INTARIAN_PEPPER_ROOT;12040;22;12038;23;;;12046;19;12049;20;;;12043.0;0.0
yf_ZS=F_d13;7800;ASH_COATED_OSMIUM;9899;15;9895;27;;;9905;14;9909;19;;;9902.0;0.0
yf_ZS=F_d13;7800;INTARIAN_PEPPER_ROOT;12038;13;12036;13;;;12044;5;12047;12;;;12041.0;0.0
yf_ZS=F_d13;7900;ASH_COATED_OSMIUM;9900;24;9898;18;;;9906;14;9908;22;;;9903.0;0.0
yf_ZS=F_d13;7900;INTARIAN_PEPPER_ROOT;12035;12;12032;26;;;12046;11;12049;23;;;12040.5;0.0
yf_ZS=F_d13;8000;ASH_COATED_OSMIUM;9893;11;9891;17;;;9912;8;9914;18;;;9902.5;0.0
yf_ZS=F_d13;8000;INTARIAN_PEPPER_ROOT;12035;12;12031;17;;;12041;14;12044;18;;;12038.0;0.0
yf_ZS=F_d13;8100;ASH_COATED_OSMIUM;9899;17;9895;26;;;9906;19;9908;17;;;9902.5;0.0
yf_ZS=F_d13;8100;INTARIAN_PEPPER_ROOT;12033;10;12029;30;;;12041;15;12043;16;;;12037.0;0.0
yf_ZS=F_d13;8200;ASH_COATED_OSMIUM;9898;15;9896;17;;;9908;16;9910;18;;;9903.0;0.0
yf_ZS=F_d13;8200;INTARIAN_PEPPER_ROOT;12032;8;12029;22;;;12038;8;12040;20;;;12035.0;0.0
yf_ZS=F_d13;8300;ASH_COATED_OSMIUM;9887;15;9885;16;;;9919;7;9922;20;;;9903.0;0.0
yf_ZS=F_d13;8300;INTARIAN_PEPPER_ROOT;12031;15;12028;19;;;12037;15;12041;19;;;12034.0;0.0
yf_ZS=F_d13;8400;ASH_COATED_OSMIUM;9899;17;9895;21;;;9906;25;9908;20;;;9902.5;0.0
yf_ZS=F_d13;8400;INTARIAN_PEPPER_ROOT;12025;7;12023;24;;;12040;5;12044;25;;;12032.5;0.0
yf_ZS=F_d13;8500;ASH_COATED_OSMIUM;9900;17;9896;17;;;9906;5;9908;15;;;9903.0;0.0
yf_ZS=F_d13;8500;INTARIAN_PEPPER_ROOT;12017;19;12014;16;;;12045;12;12048;18;;;12031.0;0.0
yf_ZS=F_d13;8600;ASH_COATED_OSMIUM;9900;19;9896;27;;;9906;22;9908;16;;;9903.0;0.0
yf_ZS=F_d13;8600;INTARIAN_PEPPER_ROOT;12025;24;12023;22;;;12034;22;12036;22;;;12029.5;0.0
yf_ZS=F_d13;8700;ASH_COATED_OSMIUM;9896;20;9894;14;;;9908;14;9911;18;;;9902.0;0.0
yf_ZS=F_d13;8700;INTARIAN_PEPPER_ROOT;12025;18;12021;27;;;12031;16;12035;17;;;12028.0;0.0
yf_ZS=F_d13;8800;ASH_COATED_OSMIUM;9894;23;9890;19;;;9912;15;9916;17;;;9903.0;0.0
yf_ZS=F_d13;8800;INTARIAN_PEPPER_ROOT;12023;18;12019;19;;;12029;13;12033;28;;;12026.0;0.0
yf_ZS=F_d13;8900;ASH_COATED_OSMIUM;9900;21;9898;11;;;9906;27;9909;15;;;9903.0;0.0
yf_ZS=F_d13;8900;INTARIAN_PEPPER_ROOT;12022;17;12020;26;;;12028;19;12032;21;;;12025.0;0.0
yf_ZS=F_d13;9000;ASH_COATED_OSMIUM;9900;13;9897;30;;;9906;10;9909;13;;;9903.0;0.0
yf_ZS=F_d13;9000;INTARIAN_PEPPER_ROOT;12017;12;12015;18;;;12029;15;12032;13;;;12023.0;0.0
yf_ZS=F_d13;9100;ASH_COATED_OSMIUM;9899;6;9897;12;;;9905;12;9908;17;;;9902.0;0.0
yf_ZS=F_d13;9100;INTARIAN_PEPPER_ROOT;12019;5;12015;21;;;12025;8;12028;25;;;12022.0;0.0
yf_ZS=F_d13;9200;ASH_COATED_OSMIUM;9899;16;9895;23;;;9907;17;9909;18;;;9903.0;0.0
yf_ZS=F_d13;9200;INTARIAN_PEPPER_ROOT;12017;13;12015;18;;;12023;16;12026;18;;;12020.0;0.0
yf_ZS=F_d13;9300;ASH_COATED_OSMIUM;9898;9;9894;22;;;9908;17;9910;15;;;9903.0;0.0
yf_ZS=F_d13;9300;INTARIAN_PEPPER_ROOT;12016;20;12013;15;;;12022;18;12025;12;;;12019.0;0.0
yf_ZS=F_d13;9400;ASH_COATED_OSMIUM;9896;11;9892;15;;;9910;21;9913;19;;;9903.0;0.0
yf_ZS=F_d13;9400;INTARIAN_PEPPER_ROOT;12008;5;12005;17;;;12026;9;12029;25;;;12017.0;0.0
yf_ZS=F_d13;9500;ASH_COATED_OSMIUM;9895;22;9892;15;;;9911;10;9915;17;;;9903.0;0.0
yf_ZS=F_d13;9500;INTARIAN_PEPPER_ROOT;12012;13;12009;19;;;12018;21;12020;15;;;12015.0;0.0
yf_ZS=F_d13;9600;ASH_COATED_OSMIUM;9898;9;9896;21;;;9908;20;9911;16;;;9903.0;0.0
yf_ZS=F_d13;9600;INTARIAN_PEPPER_ROOT;12006;15;12004;16;;;12021;10;12025;21;;;12013.5;0.0
yf_ZS=F_d13;9700;ASH_COATED_OSMIUM;9900;10;9896;8;;;9906;8;9910;21;;;9903.0;0.0
yf_ZS=F_d13;9700;INTARIAN_PEPPER_ROOT;12009;13;12006;16;;;12017;26;12020;23;;;12013.0;0.0
yf_ZS=F_d13;9800;ASH_COATED_OSMIUM;9901;19;9898;21;;;9907;10;9910;26;;;9904.0;0.0
yf_ZS=F_d13;9800;INTARIAN_PEPPER_ROOT;12005;14;12003;11;;;12018;9;12022;15;;;12011.5;0.0
yf_ZS=F_d13;9900;ASH_COATED_OSMIUM;9899;21;9896;14;;;9907;11;9909;18;;;9903.0;0.0
yf_ZS=F_d13;9900;INTARIAN_PEPPER_ROOT;12007;14;12003;23;;;12013;19;12016;25;;;12010.0;0.0
yf_ZS=F_d13;10000;ASH_COATED_OSMIUM;9900;13;9896;17;;;9906;5;9909;33;;;9903.0;0.0
yf_ZS=F_d13;10000;INTARIAN_PEPPER_ROOT;11989;12;11987;19;;;12028;8;12032;25;;;12008.5;0.0
yf_ZS=F_d13;10100;ASH_COATED_OSMIUM;9900;6;9896;25;;;9906;18;9908;14;;;9903.0;0.0
yf_ZS=F_d13;10100;INTARIAN_PEPPER_ROOT;12003;17;12000;22;;;12009;24;12013;9;;;12006.0;0.0
yf_ZS=F_d13;10200;ASH_COATED_OSMIUM;9899;16;9895;14;;;9907;20;9911;14;;;9903.0;0.0
yf_ZS=F_d13;10200;INTARIAN_PEPPER_ROOT;12001;14;11999;12;;;12008;15;12011;15;;;12004.5;0.0
yf_ZS=F_d13;10300;ASH_COATED_OSMIUM;9901;8;9899;20;;;9907;12;9909;17;;;9904.0;0.0
yf_ZS=F_d13;10300;INTARIAN_PEPPER_ROOT;11997;8;11995;19;;;12010;14;12012;18;;;12003.5;0.0
yf_ZS=F_d13;10400;ASH_COATED_OSMIUM;9901;8;9897;21;;;9907;9;9910;23;;;9904.0;0.0
yf_ZS=F_d13;10400;INTARIAN_PEPPER_ROOT;11996;8;11993;27;;;12009;14;12012;20;;;12002.5;0.0
yf_ZS=F_d13;10500;ASH_COATED_OSMIUM;9898;19;9894;13;;;9908;19;9910;25;;;9903.0;0.0
yf_ZS=F_d13;10500;INTARIAN_PEPPER_ROOT;11997;8;11994;20;;;12003;17;12005;26;;;12000.0;0.0
yf_ZS=F_d13;10600;ASH_COATED_OSMIUM;9899;8;9895;17;;;9908;10;9911;19;;;9903.5;0.0
yf_ZS=F_d13;10600;INTARIAN_PEPPER_ROOT;11996;15;11993;9;;;12002;16;12006;19;;;11999.0;0.0
yf_ZS=F_d13;10700;ASH_COATED_OSMIUM;9899;10;9896;14;;;9908;19;9911;15;;;9903.5;0.0
yf_ZS=F_d13;10700;INTARIAN_PEPPER_ROOT;11989;12;11985;28;;;12005;13;12009;13;;;11997.0;0.0
yf_ZS=F_d13;10800;ASH_COATED_OSMIUM;9897;15;9895;22;;;9910;9;9912;14;;;9903.5;0.0
yf_ZS=F_d13;10800;INTARIAN_PEPPER_ROOT;11992;18;11990;16;;;12000;16;12004;22;;;11996.0;0.0
yf_ZS=F_d13;10900;ASH_COATED_OSMIUM;9900;21;9898;25;;;9907;19;9909;15;;;9903.5;0.0
yf_ZS=F_d13;10900;INTARIAN_PEPPER_ROOT;11991;8;11988;11;;;11997;14;12001;17;;;11994.0;0.0
yf_ZS=F_d13;11000;ASH_COATED_OSMIUM;9890;11;9887;22;;;9917;12;9920;14;;;9903.5;0.0
yf_ZS=F_d13;11000;INTARIAN_PEPPER_ROOT;11990;16;11986;13;;;11996;13;12000;15;;;11993.0;0.0
yf_ZS=F_d13;11100;ASH_COATED_OSMIUM;9901;20;9897;21;;;9907;19;9911;24;;;9904.0;0.0
yf_ZS=F_d13;11100;INTARIAN_PEPPER_ROOT;11988;14;11986;20;;;11995;15;11999;17;;;11991.5;0.0
yf_ZS=F_d13;11200;ASH_COATED_OSMIUM;9901;11;9899;27;;;9907;14;9910;20;;;9904.0;0.0
yf_ZS=F_d13;11200;INTARIAN_PEPPER_ROOT;11982;8;11978;18;;;11997;17;12001;26;;;11989.5;0.0
yf_ZS=F_d13;11300;ASH_COATED_OSMIUM;9901;13;9899;21;;;9907;18;9911;12;;;9904.0;0.0
yf_ZS=F_d13;11300;INTARIAN_PEPPER_ROOT;11980;14;11978;22;;;11996;14;11998;14;;;11988.0;0.0
yf_ZS=F_d13;11400;ASH_COATED_OSMIUM;9901;14;9897;14;;;9907;26;9911;16;;;9904.0;0.0
yf_ZS=F_d13;11400;INTARIAN_PEPPER_ROOT;11984;14;11981;19;;;11990;11;11993;14;;;11987.0;0.0
yf_ZS=F_d13;11500;ASH_COATED_OSMIUM;9901;6;9899;20;;;9908;12;9911;20;;;9904.5;0.0
yf_ZS=F_d13;11500;INTARIAN_PEPPER_ROOT;11977;13;11974;13;;;11993;19;11995;27;;;11985.0;0.0
yf_ZS=F_d13;11600;ASH_COATED_OSMIUM;9885;6;9882;24;;;9922;10;9925;25;;;9903.5;0.0
yf_ZS=F_d13;11600;INTARIAN_PEPPER_ROOT;11981;9;11977;11;;;11987;13;11989;26;;;11984.0;0.0
yf_ZS=F_d13;11700;ASH_COATED_OSMIUM;9901;22;9897;10;;;9907;24;9911;16;;;9904.0;0.0
yf_ZS=F_d13;11700;INTARIAN_PEPPER_ROOT;11980;17;11976;21;;;11986;11;11988;26;;;11983.0;0.0
yf_ZS=F_d13;11800;ASH_COATED_OSMIUM;9901;10;9899;25;;;9907;13;9911;15;;;9904.0;0.0
yf_ZS=F_d13;11800;INTARIAN_PEPPER_ROOT;11978;14;11974;16;;;11984;15;11988;14;;;11981.0;0.0
yf_ZS=F_d13;11900;ASH_COATED_OSMIUM;9901;18;9898;26;;;9907;16;9911;16;;;9904.0;0.0
yf_ZS=F_d13;11900;INTARIAN_PEPPER_ROOT;11976;19;11974;16;;;11982;16;11985;16;;;11979.0;0.0
yf_ZS=F_d13;12000;ASH_COATED_OSMIUM;9901;19;9897;13;;;9907;11;9911;14;;;9904.0;0.0
yf_ZS=F_d13;12000;INTARIAN_PEPPER_ROOT;11966;13;11962;25;;;11989;20;11991;19;;;11977.5;0.0
yf_ZS=F_d13;12100;ASH_COATED_OSMIUM;9901;5;9899;8;;;9907;8;9910;12;;;9904.0;0.0
yf_ZS=F_d13;12100;INTARIAN_PEPPER_ROOT;11971;20;11967;28;;;11981;9;11985;12;;;11976.0;0.0
yf_ZS=F_d13;12200;ASH_COATED_OSMIUM;9899;20;9895;10;;;9908;20;9910;20;;;9903.5;0.0
yf_ZS=F_d13;12200;INTARIAN_PEPPER_ROOT;11966;9;11962;15;;;11983;15;11987;22;;;11974.5;0.0
yf_ZS=F_d13;12300;ASH_COATED_OSMIUM;9898;18;9894;25;;;9911;23;9913;21;;;9904.5;0.0
yf_ZS=F_d13;12300;INTARIAN_PEPPER_ROOT;11970;14;11966;28;;;11976;9;11980;18;;;11973.0;0.0
yf_ZS=F_d13;12400;ASH_COATED_OSMIUM;9898;19;9896;27;;;9910;15;9913;23;;;9904.0;0.0
yf_ZS=F_d13;12400;INTARIAN_PEPPER_ROOT;11969;17;11967;13;;;11975;14;11978;19;;;11972.0;0.0
yf_ZS=F_d13;12500;ASH_COATED_OSMIUM;9900;12;9898;8;;;9909;21;9912;25;;;9904.5;0.0
yf_ZS=F_d13;12500;INTARIAN_PEPPER_ROOT;11967;13;11964;18;;;11973;21;11976;14;;;11970.0;0.0
yf_ZS=F_d13;12600;ASH_COATED_OSMIUM;9893;13;9890;19;;;9915;23;9917;11;;;9904.0;0.0
yf_ZS=F_d13;12600;INTARIAN_PEPPER_ROOT;11966;16;11963;16;;;11972;24;11975;9;;;11969.0;0.0
yf_ZS=F_d13;12700;ASH_COATED_OSMIUM;9901;22;9897;16;;;9907;15;9909;21;;;9904.0;0.0
yf_ZS=F_d13;12700;INTARIAN_PEPPER_ROOT;11964;14;11961;19;;;11970;25;11973;21;;;11967.0;0.0
yf_ZS=F_d13;12800;ASH_COATED_OSMIUM;9901;11;9898;18;;;9907;21;9911;22;;;9904.0;0.0
yf_ZS=F_d13;12800;INTARIAN_PEPPER_ROOT;11963;9;11960;11;;;11969;18;11972;27;;;11966.0;0.0
yf_ZS=F_d13;12900;ASH_COATED_OSMIUM;9902;21;9898;19;;;9908;11;9912;17;;;9905.0;0.0
yf_ZS=F_d13;12900;INTARIAN_PEPPER_ROOT;11955;16;11952;18;;;11973;23;11975;19;;;11964.0;0.0
yf_ZS=F_d13;13000;ASH_COATED_OSMIUM;9901;13;9897;18;;;9907;12;9909;19;;;9904.0;0.0
yf_ZS=F_d13;13000;INTARIAN_PEPPER_ROOT;11960;23;11956;19;;;11966;20;11970;21;;;11963.0;0.0
yf_ZS=F_d13;13100;ASH_COATED_OSMIUM;9901;7;9898;18;;;9907;23;9911;15;;;9904.0;0.0
yf_ZS=F_d13;13100;INTARIAN_PEPPER_ROOT;11954;15;11950;17;;;11970;20;11972;18;;;11962.0;0.0
yf_ZS=F_d13;13200;ASH_COATED_OSMIUM;9894;9;9892;24;;;9914;12;9917;22;;;9904.0;0.0
yf_ZS=F_d13;13200;INTARIAN_PEPPER_ROOT;11956;20;11954;12;;;11962;17;11965;25;;;11959.0;0.0
yf_ZS=F_d13;13300;ASH_COATED_OSMIUM;9892;18;9889;16;;;9918;17;9922;21;;;9905.0;0.0
yf_ZS=F_d13;13300;INTARIAN_PEPPER_ROOT;11952;17;11949;12;;;11963;11;11966;10;;;11957.5;0.0
yf_ZS=F_d13;13400;ASH_COATED_OSMIUM;9892;12;9890;14;;;9918;11;9920;21;;;9905.0;0.0
yf_ZS=F_d13;13400;INTARIAN_PEPPER_ROOT;11954;12;11952;17;;;11960;21;11962;19;;;11957.0;0.0
yf_ZS=F_d13;13500;ASH_COATED_OSMIUM;9888;7;9886;23;;;9921;18;9925;12;;;9904.5;0.0
yf_ZS=F_d13;13500;INTARIAN_PEPPER_ROOT;11951;20;11948;23;;;11959;22;11962;21;;;11955.0;0.0
yf_ZS=F_d13;13600;ASH_COATED_OSMIUM;9902;11;9899;17;;;9908;21;9910;27;;;9905.0;0.0
yf_ZS=F_d13;13600;INTARIAN_PEPPER_ROOT;11950;12;11948;14;;;11958;10;11960;16;;;11954.0;0.0
yf_ZS=F_d13;13700;ASH_COATED_OSMIUM;9897;17;9893;17;;;9912;14;9914;21;;;9904.5;0.0
yf_ZS=F_d13;13700;INTARIAN_PEPPER_ROOT;11941;12;11938;15;;;11962;13;11965;14;;;11951.5;0.0
yf_ZS=F_d13;13800;ASH_COATED_OSMIUM;9899;19;9896;16;;;9910;16;9913;23;;;9904.5;0.0
yf_ZS=F_d13;13800;INTARIAN_PEPPER_ROOT;11943;12;11939;12;;;11958;22;11961;15;;;11950.5;0.0
yf_ZS=F_d13;13900;ASH_COATED_OSMIUM;9901;12;9899;28;;;9908;9;9912;22;;;9904.5;0.0
yf_ZS=F_d13;13900;INTARIAN_PEPPER_ROOT;11946;30;11944;19;;;11952;24;11956;16;;;11949.0;0.0
yf_ZS=F_d13;14000;ASH_COATED_OSMIUM;9901;15;9899;22;;;9907;18;9911;24;;;9904.0;0.0
yf_ZS=F_d13;14000;INTARIAN_PEPPER_ROOT;11944;18;11942;20;;;11950;15;11954;16;;;11947.0;0.0
yf_ZS=F_d13;14100;ASH_COATED_OSMIUM;9895;11;9892;24;;;9914;17;9916;24;;;9904.5;0.0
yf_ZS=F_d13;14100;INTARIAN_PEPPER_ROOT;11933;20;11931;15;;;11958;18;11960;24;;;11945.5;0.0
yf_ZS=F_d13;14200;ASH_COATED_OSMIUM;9902;14;9899;17;;;9908;14;9910;13;;;9905.0;0.0
yf_ZS=F_d13;14200;INTARIAN_PEPPER_ROOT;11936;17;11934;21;;;11952;7;11954;19;;;11944.0;0.0
yf_ZS=F_d13;14300;ASH_COATED_OSMIUM;9901;15;9897;25;;;9907;10;9909;14;;;9904.0;0.0
yf_ZS=F_d13;14300;INTARIAN_PEPPER_ROOT;11934;18;11930;25;;;11951;14;11954;23;;;11942.5;0.0
yf_ZS=F_d13;14400;ASH_COATED_OSMIUM;9901;21;9897;23;;;9908;19;9911;18;;;9904.5;0.0
yf_ZS=F_d13;14400;INTARIAN_PEPPER_ROOT;11938;10;11934;15;;;11944;14;11948;24;;;11941.0;0.0
yf_ZS=F_d13;14500;ASH_COATED_OSMIUM;9896;6;9894;26;;;9912;8;9915;26;;;9904.0;0.0
yf_ZS=F_d13;14500;INTARIAN_PEPPER_ROOT;11935;23;11931;12;;;11945;14;11948;14;;;11940.0;0.0
yf_ZS=F_d13;14600;ASH_COATED_OSMIUM;9902;13;9898;11;;;9908;17;9910;18;;;9905.0;0.0
yf_ZS=F_d13;14600;INTARIAN_PEPPER_ROOT;11935;9;11931;30;;;11941;16;11945;19;;;11938.0;0.0
yf_ZS=F_d13;14700;ASH_COATED_OSMIUM;9902;18;9898;16;;;9908;10;9912;23;;;9905.0;0.0
yf_ZS=F_d13;14700;INTARIAN_PEPPER_ROOT;11934;18;11931;15;;;11940;6;11942;18;;;11937.0;0.0
yf_ZS=F_d13;14800;ASH_COATED_OSMIUM;9902;10;9899;19;;;9908;16;9912;19;;;9905.0;0.0
yf_ZS=F_d13;14800;INTARIAN_PEPPER_ROOT;11933;18;11931;28;;;11939;19;11941;22;;;11936.0;0.0
yf_ZS=F_d13;14900;ASH_COATED_OSMIUM;9898;13;9896;24;;;9912;18;9914;20;;;9905.0;0.0
yf_ZS=F_d13;14900;INTARIAN_PEPPER_ROOT;11924;16;11920;22;;;11944;20;11947;18;;;11934.0;0.0
yf_ZS=F_d13;15000;ASH_COATED_OSMIUM;9902;8;9900;18;;;9908;10;9911;16;;;9905.0;0.0
yf_ZS=F_d13;15000;INTARIAN_PEPPER_ROOT;11928;13;11924;21;;;11935;12;11939;32;;;11931.5;0.0
yf_ZS=F_d13;15100;ASH_COATED_OSMIUM;9891;18;9888;23;;;9919;16;9922;24;;;9905.0;0.0
yf_ZS=F_d13;15100;INTARIAN_PEPPER_ROOT;11927;17;11924;24;;;11933;19;11937;14;;;11930.0;0.0
yf_ZS=F_d13;15200;ASH_COATED_OSMIUM;9902;11;9900;19;;;9909;15;9913;26;;;9905.5;0.0
yf_ZS=F_d13;15200;INTARIAN_PEPPER_ROOT;11923;16;11919;21;;;11935;12;11937;18;;;11929.0;0.0
yf_ZS=F_d13;15300;ASH_COATED_OSMIUM;9903;11;9901;14;;;9909;15;9911;22;;;9906.0;0.0
yf_ZS=F_d13;15300;INTARIAN_PEPPER_ROOT;11925;6;11921;15;;;11931;13;11935;16;;;11928.0;0.0
yf_ZS=F_d13;15400;ASH_COATED_OSMIUM;9894;5;9890;21;;;9917;19;9919;17;;;9905.5;0.0
yf_ZS=F_d13;15400;INTARIAN_PEPPER_ROOT;11920;14;11916;14;;;11933;20;11935;18;;;11926.5;0.0
yf_ZS=F_d13;15500;ASH_COATED_OSMIUM;9902;9;9898;12;;;9908;21;9912;21;;;9905.0;0.0
yf_ZS=F_d13;15500;INTARIAN_PEPPER_ROOT;11921;15;11917;27;;;11927;12;11931;19;;;11924.0;0.0
yf_ZS=F_d13;15600;ASH_COATED_OSMIUM;9902;17;9898;20;;;9908;12;9910;11;;;9905.0;0.0
yf_ZS=F_d13;15600;INTARIAN_PEPPER_ROOT;11920;18;11918;22;;;11926;9;11930;25;;;11923.0;0.0
yf_ZS=F_d13;15700;ASH_COATED_OSMIUM;9897;11;9894;20;;;9915;16;9918;18;;;9906.0;0.0
yf_ZS=F_d13;15700;INTARIAN_PEPPER_ROOT;11916;8;11912;17;;;11928;8;11932;19;;;11922.0;0.0
yf_ZS=F_d13;15800;ASH_COATED_OSMIUM;9902;8;9898;16;;;9909;9;9912;24;;;9905.5;0.0
yf_ZS=F_d13;15800;INTARIAN_PEPPER_ROOT;11917;11;11914;20;;;11923;18;11927;16;;;11920.0;0.0
yf_ZS=F_d13;15900;ASH_COATED_OSMIUM;9901;6;9897;25;;;9909;15;9912;12;;;9905.0;0.0
yf_ZS=F_d13;15900;INTARIAN_PEPPER_ROOT;11912;14;11909;22;;;11924;20;11928;25;;;11918.0;0.0
yf_ZS=F_d13;16000;ASH_COATED_OSMIUM;9894;11;9892;28;;;9917;17;9921;19;;;9905.5;0.0
yf_ZS=F_d13;16000;INTARIAN_PEPPER_ROOT;11911;5;11908;26;;;11924;22;11928;16;;;11917.5;0.0
yf_ZS=F_d13;16100;ASH_COATED_OSMIUM;9900;14;9897;23;;;9910;16;9913;25;;;9905.0;0.0
yf_ZS=F_d13;16100;INTARIAN_PEPPER_ROOT;11912;21;11910;12;;;11918;8;11921;17;;;11915.0;0.0
yf_ZS=F_d13;16200;ASH_COATED_OSMIUM;9900;17;9896;16;;;9911;10;9913;13;;;9905.5;0.0
yf_ZS=F_d13;16200;INTARIAN_PEPPER_ROOT;11910;11;11907;27;;;11916;14;11918;23;;;11913.0;0.0
yf_ZS=F_d13;16300;ASH_COATED_OSMIUM;9898;9;9896;21;;;9913;10;9915;15;;;9905.5;0.0
yf_ZS=F_d13;16300;INTARIAN_PEPPER_ROOT;11909;14;11906;17;;;11915;16;11918;17;;;11912.0;0.0
yf_ZS=F_d13;16400;ASH_COATED_OSMIUM;9903;16;9900;16;;;9909;11;9912;27;;;9906.0;0.0
yf_ZS=F_d13;16400;INTARIAN_PEPPER_ROOT;11908;19;11905;16;;;11914;20;11917;21;;;11911.0;0.0
yf_ZS=F_d13;16500;ASH_COATED_OSMIUM;9899;15;9897;14;;;9912;16;9915;14;;;9905.5;0.0
yf_ZS=F_d13;16500;INTARIAN_PEPPER_ROOT;11907;16;11903;16;;;11913;16;11916;17;;;11910.0;0.0
yf_ZS=F_d13;16600;ASH_COATED_OSMIUM;9894;15;9890;16;;;9918;15;9922;8;;;9906.0;0.0
yf_ZS=F_d13;16600;INTARIAN_PEPPER_ROOT;11900;10;11896;18;;;11916;6;11920;21;;;11908.0;0.0
yf_ZS=F_d13;16700;ASH_COATED_OSMIUM;9902;12;9898;20;;;9910;13;9912;18;;;9906.0;0.0
yf_ZS=F_d13;16700;INTARIAN_PEPPER_ROOT;11901;12;11898;17;;;11911;17;11914;21;;;11906.0;0.0
yf_ZS=F_d13;16800;ASH_COATED_OSMIUM;9902;10;9898;13;;;9908;11;9910;16;;;9905.0;0.0
yf_ZS=F_d13;16800;INTARIAN_PEPPER_ROOT;11902;11;11899;30;;;11908;17;11910;19;;;11905.0;0.0
yf_ZS=F_d13;16900;ASH_COATED_OSMIUM;9901;15;9898;21;;;9910;18;9912;27;;;9905.5;0.0
yf_ZS=F_d13;16900;INTARIAN_PEPPER_ROOT;11894;17;11892;16;;;11913;16;11915;16;;;11903.5;0.0
yf_ZS=F_d13;17000;ASH_COATED_OSMIUM;9895;11;9893;19;;;9918;15;9921;18;;;9906.5;0.0
yf_ZS=F_d13;17000;INTARIAN_PEPPER_ROOT;11899;10;11896;8;;;11908;15;11911;19;;;11903.5;0.0
yf_ZS=F_d13;17100;ASH_COATED_OSMIUM;9902;14;9900;14;;;9910;17;9912;26;;;9906.0;0.0
yf_ZS=F_d13;17100;INTARIAN_PEPPER_ROOT;11902;6;11900;15;;;11908;10;11912;23;;;11905.0;0.0
yf_ZS=F_d13;17200;ASH_COATED_OSMIUM;9903;11;9900;22;;;9909;5;9911;19;;;9906.0;0.0
yf_ZS=F_d13;17200;INTARIAN_PEPPER_ROOT;11903;16;11900;21;;;11909;12;11912;25;;;11906.0;0.0
yf_ZS=F_d13;17300;ASH_COATED_OSMIUM;9901;18;9897;15;;;9912;10;9914;16;;;9906.5;0.0
yf_ZS=F_d13;17300;INTARIAN_PEPPER_ROOT;11905;16;11903;17;;;11911;11;11913;28;;;11908.0;0.0
yf_ZS=F_d13;17400;ASH_COATED_OSMIUM;9902;23;9900;14;;;9908;13;9911;32;;;9905.0;0.0
yf_ZS=F_d13;17400;INTARIAN_PEPPER_ROOT;11906;9;11903;20;;;11913;23;11917;19;;;11909.5;0.0
yf_ZS=F_d13;17500;ASH_COATED_OSMIUM;9897;18;9895;24;;;9915;12;9919;24;;;9906.0;0.0
yf_ZS=F_d13;17500;INTARIAN_PEPPER_ROOT;11906;13;11903;19;;;11915;24;11919;14;;;11910.5;0.0
yf_ZS=F_d13;17600;ASH_COATED_OSMIUM;9895;19;9893;23;;;9917;8;9921;11;;;9906.0;0.0
yf_ZS=F_d13;17600;INTARIAN_PEPPER_ROOT;11909;17;11907;18;;;11915;13;11917;15;;;11912.0;0.0
yf_ZS=F_d13;17700;ASH_COATED_OSMIUM;9899;14;9895;21;;;9914;13;9918;26;;;9906.5;0.0
yf_ZS=F_d13;17700;INTARIAN_PEPPER_ROOT;11905;16;11901;22;;;11924;11;11927;18;;;11914.5;0.0
yf_ZS=F_d13;17800;ASH_COATED_OSMIUM;9902;14;9899;8;;;9909;12;9913;21;;;9905.5;0.0
yf_ZS=F_d13;17800;INTARIAN_PEPPER_ROOT;11912;11;11910;18;;;11918;17;11920;17;;;11915.0;0.0
yf_ZS=F_d13;17900;ASH_COATED_OSMIUM;9898;13;9896;13;;;9912;15;9914;23;;;9905.0;0.0
yf_ZS=F_d13;17900;INTARIAN_PEPPER_ROOT;11913;18;11911;8;;;11919;16;11923;17;;;11916.0;0.0
yf_ZS=F_d13;18000;ASH_COATED_OSMIUM;9900;18;9897;13;;;9912;15;9914;11;;;9906.0;0.0
yf_ZS=F_d13;18000;INTARIAN_PEPPER_ROOT;11913;17;11909;26;;;11925;18;11927;23;;;11919.0;0.0
yf_ZS=F_d13;18100;ASH_COATED_OSMIUM;9897;9;9894;26;;;9915;19;9918;30;;;9906.0;0.0
yf_ZS=F_d13;18100;INTARIAN_PEPPER_ROOT;11914;18;11912;18;;;11926;6;11929;13;;;11920.0;0.0
yf_ZS=F_d13;18200;ASH_COATED_OSMIUM;9903;25;9901;24;;;9909;9;9912;23;;;9906.0;0.0
yf_ZS=F_d13;18200;INTARIAN_PEPPER_ROOT;11914;24;11910;22;;;11929;16;11933;21;;;11921.5;0.0
yf_ZS=F_d13;18300;ASH_COATED_OSMIUM;9902;18;9899;24;;;9908;9;9912;8;;;9905.0;0.0
yf_ZS=F_d13;18300;INTARIAN_PEPPER_ROOT;11920;18;11916;23;;;11926;18;11930;18;;;11923.0;0.0
yf_ZS=F_d13;18400;ASH_COATED_OSMIUM;9902;6;9898;17;;;9910;23;9914;19;;;9906.0;0.0
yf_ZS=F_d13;18400;INTARIAN_PEPPER_ROOT;11917;13;11914;15;;;11932;8;11934;21;;;11924.5;0.0
yf_ZS=F_d13;18500;ASH_COATED_OSMIUM;9903;27;9899;23;;;9909;16;9911;26;;;9906.0;0.0
yf_ZS=F_d13;18500;INTARIAN_PEPPER_ROOT;11918;17;11915;19;;;11933;8;11935;23;;;11925.5;0.0
yf_ZS=F_d13;18600;ASH_COATED_OSMIUM;9903;19;9901;26;;;9909;17;9911;15;;;9906.0;0.0
yf_ZS=F_d13;18600;INTARIAN_PEPPER_ROOT;11925;11;11923;11;;;11931;5;11935;14;;;11928.0;0.0
yf_ZS=F_d13;18700;ASH_COATED_OSMIUM;9890;13;9886;23;;;9920;11;9924;19;;;9905.0;0.0
yf_ZS=F_d13;18700;INTARIAN_PEPPER_ROOT;11926;15;11924;22;;;11932;14;11934;11;;;11929.0;0.0
yf_ZS=F_d13;18800;ASH_COATED_OSMIUM;9895;12;9892;19;;;9916;12;9918;16;;;9905.5;0.0
yf_ZS=F_d13;18800;INTARIAN_PEPPER_ROOT;11928;14;11924;23;;;11934;21;11936;19;;;11931.0;0.0
yf_ZS=F_d13;18900;ASH_COATED_OSMIUM;9901;9;9897;11;;;9911;24;9915;11;;;9906.0;0.0
yf_ZS=F_d13;18900;INTARIAN_PEPPER_ROOT;11929;22;11926;18;;;11935;14;11938;14;;;11932.0;0.0
yf_ZS=F_d13;19000;ASH_COATED_OSMIUM;9899;14;9897;17;;;9912;15;9915;14;;;9905.5;0.0
yf_ZS=F_d13;19000;INTARIAN_PEPPER_ROOT;11924;15;11920;25;;;11943;10;11946;15;;;11933.5;0.0
yf_ZS=F_d13;19100;ASH_COATED_OSMIUM;9900;23;9897;15;;;9911;16;9914;23;;;9905.5;0.0
yf_ZS=F_d13;19100;INTARIAN_PEPPER_ROOT;11932;19;11929;22;;;11938;8;11940;18;;;11935.0;0.0
yf_ZS=F_d13;19200;ASH_COATED_OSMIUM;9902;20;9899;23;;;9908;14;9911;23;;;9905.0;0.0
yf_ZS=F_d13;19200;INTARIAN_PEPPER_ROOT;11934;5;11931;24;;;11940;15;11942;13;;;11937.0;0.0
yf_ZS=F_d13;19300;ASH_COATED_OSMIUM;9901;12;9897;17;;;9911;13;9915;18;;;9906.0;0.0
yf_ZS=F_d13;19300;INTARIAN_PEPPER_ROOT;11936;13;11934;11;;;11942;15;11944;18;;;11939.0;0.0
yf_ZS=F_d13;19400;ASH_COATED_OSMIUM;9903;13;9900;15;;;9909;20;9912;21;;;9906.0;0.0
yf_ZS=F_d13;19400;INTARIAN_PEPPER_ROOT;11921;11;11918;14;;;11958;18;11962;19;;;11939.5;0.0
yf_ZS=F_d13;19500;ASH_COATED_OSMIUM;9903;8;9901;30;;;9909;14;9912;26;;;9906.0;0.0
yf_ZS=F_d13;19500;INTARIAN_PEPPER_ROOT;11939;12;11935;15;;;11945;10;11949;13;;;11942.0;0.0
yf_ZS=F_d13;19600;ASH_COATED_OSMIUM;9903;13;9899;26;;;9909;19;9911;20;;;9906.0;0.0
yf_ZS=F_d13;19600;INTARIAN_PEPPER_ROOT;11932;15;11930;13;;;11954;17;11957;22;;;11943.0;0.0
yf_ZS=F_d13;19700;ASH_COATED_OSMIUM;9901;23;9899;22;;;9911;17;9914;21;;;9906.0;0.0
yf_ZS=F_d13;19700;INTARIAN_PEPPER_ROOT;11940;14;11936;26;;;11950;5;11954;18;;;11945.0;0.0
yf_ZS=F_d13;19800;ASH_COATED_OSMIUM;9903;14;9900;17;;;9909;18;9911;15;;;9906.0;0.0
yf_ZS=F_d13;19800;INTARIAN_PEPPER_ROOT;11943;30;11939;13;;;11949;8;11952;11;;;11946.0;0.0
yf_ZS=F_d13;19900;ASH_COATED_OSMIUM;9903;16;9899;11;;;9909;13;9913;17;;;9906.0;0.0
yf_ZS=F_d13;19900;INTARIAN_PEPPER_ROOT;11939;9;11937;20;;;11956;21;11958;9;;;11947.5;0.0
yf_ZS=F_d13;20000;ASH_COATED_OSMIUM;9898;15;9894;16;;;9913;12;9915;16;;;9905.5;0.0
yf_ZS=F_d13;20000;INTARIAN_PEPPER_ROOT;11946;13;11942;27;;;11952;17;11956;16;;;11949.0;0.0
yf_ZS=F_d13;20100;ASH_COATED_OSMIUM;9903;12;9900;18;;;9909;15;9911;24;;;9906.0;0.0
yf_ZS=F_d13;20100;INTARIAN_PEPPER_ROOT;11947;8;11945;28;;;11953;14;11957;16;;;11950.0;0.0
yf_ZS=F_d13;20200;ASH_COATED_OSMIUM;9899;14;9897;15;;;9911;17;9915;17;;;9905.0;0.0
yf_ZS=F_d13;20200;INTARIAN_PEPPER_ROOT;11949;20;11947;17;;;11955;21;11958;19;;;11952.0;0.0
yf_ZS=F_d13;20300;ASH_COATED_OSMIUM;9903;16;9899;13;;;9909;7;9912;18;;;9906.0;0.0
yf_ZS=F_d13;20300;INTARIAN_PEPPER_ROOT;11945;16;11941;30;;;11961;14;11964;23;;;11953.0;0.0
yf_ZS=F_d13;20400;ASH_COATED_OSMIUM;9903;19;9899;16;;;9909;16;9912;16;;;9906.0;0.0
yf_ZS=F_d13;20400;INTARIAN_PEPPER_ROOT;11952;10;11948;27;;;11958;20;11962;21;;;11955.0;0.0
yf_ZS=F_d13;20500;ASH_COATED_OSMIUM;9903;15;9900;28;;;9909;18;9913;19;;;9906.0;0.0
yf_ZS=F_d13;20500;INTARIAN_PEPPER_ROOT;11954;23;11952;11;;;11960;11;11962;27;;;11957.0;0.0
yf_ZS=F_d13;20600;ASH_COATED_OSMIUM;9902;16;9900;25;;;9908;9;9912;21;;;9905.0;0.0
yf_ZS=F_d13;20600;INTARIAN_PEPPER_ROOT;11955;17;11952;18;;;11961;11;11965;18;;;11958.0;0.0
yf_ZS=F_d13;20700;ASH_COATED_OSMIUM;9902;10;9900;12;;;9908;9;9911;28;;;9905.0;0.0
yf_ZS=F_d13;20700;INTARIAN_PEPPER_ROOT;11954;13;11952;20;;;11965;12;11967;21;;;11959.5;0.0
yf_ZS=F_d13;20800;ASH_COATED_OSMIUM;9903;14;9900;18;;;9909;6;9911;19;;;9906.0;0.0
yf_ZS=F_d13;20800;INTARIAN_PEPPER_ROOT;11957;16;11955;18;;;11965;17;11969;24;;;11961.0;0.0
yf_ZS=F_d13;20900;ASH_COATED_OSMIUM;9903;18;9899;19;;;9909;8;9912;20;;;9906.0;0.0
yf_ZS=F_d13;20900;INTARIAN_PEPPER_ROOT;11956;18;11953;21;;;11971;10;11974;20;;;11963.5;0.0
yf_ZS=F_d13;21000;ASH_COATED_OSMIUM;9903;13;9901;16;;;9909;9;9911;12;;;9906.0;0.0
yf_ZS=F_d13;21000;INTARIAN_PEPPER_ROOT;11960;18;11958;20;;;11966;13;11970;17;;;11963.0;0.0
yf_ZS=F_d13;21100;ASH_COATED_OSMIUM;9894;17;9891;16;;;9916;12;9919;19;;;9905.0;0.0
yf_ZS=F_d13;21100;INTARIAN_PEPPER_ROOT;11962;11;11959;16;;;11969;15;11972;28;;;11965.5;0.0
yf_ZS=F_d13;21200;ASH_COATED_OSMIUM;9899;16;9897;17;;;9913;24;9917;25;;;9906.0;0.0
yf_ZS=F_d13;21200;INTARIAN_PEPPER_ROOT;11964;11;11962;9;;;11970;10;11972;24;;;11967.0;0.0
yf_ZS=F_d13;21300;ASH_COATED_OSMIUM;9903;19;9899;12;;;9909;11;9912;22;;;9906.0;0.0
yf_ZS=F_d13;21300;INTARIAN_PEPPER_ROOT;11957;5;11955;20;;;11981;9;11985;22;;;11969.0;0.0
yf_ZS=F_d13;21400;ASH_COATED_OSMIUM;9901;18;9899;13;;;9911;8;9914;15;;;9906.0;0.0
yf_ZS=F_d13;21400;INTARIAN_PEPPER_ROOT;11957;18;11954;20;;;11982;5;11984;25;;;11969.5;0.0
yf_ZS=F_d13;21500;ASH_COATED_OSMIUM;9903;7;9900;17;;;9909;17;9911;21;;;9906.0;0.0
yf_ZS=F_d13;21500;INTARIAN_PEPPER_ROOT;11969;5;11965;19;;;11975;17;11977;20;;;11972.0;0.0
yf_ZS=F_d13;21600;ASH_COATED_OSMIUM;9903;17;9901;17;;;9909;19;9912;28;;;9906.0;0.0
yf_ZS=F_d13;21600;INTARIAN_PEPPER_ROOT;11970;17;11967;10;;;11976;14;11980;15;;;11973.0;0.0
yf_ZS=F_d13;21700;ASH_COATED_OSMIUM;9892;15;9890;27;;;9920;20;9923;16;;;9906.0;0.0
yf_ZS=F_d13;21700;INTARIAN_PEPPER_ROOT;11968;12;11965;19;;;11982;10;11986;23;;;11975.0;0.0
yf_ZS=F_d13;21800;ASH_COATED_OSMIUM;9903;19;9900;22;;;9909;10;9911;18;;;9906.0;0.0
yf_ZS=F_d13;21800;INTARIAN_PEPPER_ROOT;11957;14;11953;19;;;11997;16;11999;28;;;11977.0;0.0
yf_ZS=F_d13;21900;ASH_COATED_OSMIUM;9898;18;9895;25;;;9912;15;9914;16;;;9905.0;0.0
yf_ZS=F_d13;21900;INTARIAN_PEPPER_ROOT;11974;20;11972;21;;;11982;12;11985;22;;;11978.0;0.0
yf_ZS=F_d13;22000;ASH_COATED_OSMIUM;9897;16;9895;20;;;9915;6;9919;18;;;9906.0;0.0
yf_ZS=F_d13;22000;INTARIAN_PEPPER_ROOT;11977;11;11975;25;;;11983;19;11986;20;;;11980.0;0.0
yf_ZS=F_d13;22100;ASH_COATED_OSMIUM;9902;21;9899;20;;;9908;13;9912;13;;;9905.0;0.0
yf_ZS=F_d13;22100;INTARIAN_PEPPER_ROOT;11978;15;11975;10;;;11984;10;11986;17;;;11981.0;0.0
yf_ZS=F_d13;22200;ASH_COATED_OSMIUM;9902;12;9899;13;;;9908;17;9910;22;;;9905.0;0.0
yf_ZS=F_d13;22200;INTARIAN_PEPPER_ROOT;11979;13;11977;10;;;11985;21;11987;20;;;11982.0;0.0
yf_ZS=F_d13;22300;ASH_COATED_OSMIUM;9903;13;9900;19;;;9909;20;9911;14;;;9906.0;0.0
yf_ZS=F_d13;22300;INTARIAN_PEPPER_ROOT;11981;14;11978;19;;;11987;11;11991;23;;;11984.0;0.0
yf_ZS=F_d13;22400;ASH_COATED_OSMIUM;9902;17;9900;26;;;9908;21;9910;13;;;9905.0;0.0
yf_ZS=F_d13;22400;INTARIAN_PEPPER_ROOT;11982;7;11980;26;;;11988;5;11992;22;;;11985.0;0.0
yf_ZS=F_d13;22500;ASH_COATED_OSMIUM;9902;14;9898;23;;;9908;9;9910;21;;;9905.0;0.0
yf_ZS=F_d13;22500;INTARIAN_PEPPER_ROOT;11984;10;11982;8;;;11990;13;11992;14;;;11987.0;0.0
yf_ZS=F_d13;22600;ASH_COATED_OSMIUM;9902;20;9899;27;;;9908;8;9910;17;;;9905.0;0.0
yf_ZS=F_d13;22600;INTARIAN_PEPPER_ROOT;11985;9;11983;25;;;11991;18;11995;21;;;11988.0;0.0
yf_ZS=F_d13;22700;ASH_COATED_OSMIUM;9902;17;9899;22;;;9908;10;9912;17;;;9905.0;0.0
yf_ZS=F_d13;22700;INTARIAN_PEPPER_ROOT;11987;12;11983;10;;;11993;22;11996;11;;;11990.0;0.0
yf_ZS=F_d13;22800;ASH_COATED_OSMIUM;9903;16;9900;26;;;9909;11;9911;26;;;9906.0;0.0
yf_ZS=F_d13;22800;INTARIAN_PEPPER_ROOT;11989;5;11987;12;;;11995;18;11998;20;;;11992.0;0.0
yf_ZS=F_d13;22900;ASH_COATED_OSMIUM;9890;11;9887;17;;;9921;5;9925;18;;;9905.5;0.0
yf_ZS=F_d13;22900;INTARIAN_PEPPER_ROOT;11990;13;11987;18;;;11996;12;11999;25;;;11993.0;0.0
yf_ZS=F_d13;23000;ASH_COATED_OSMIUM;9903;21;9900;18;;;9909;14;9911;19;;;9906.0;0.0
yf_ZS=F_d13;23000;INTARIAN_PEPPER_ROOT;11991;15;11987;8;;;11997;12;12000;16;;;11994.0;0.0
yf_ZS=F_d13;23100;ASH_COATED_OSMIUM;9902;12;9899;14;;;9908;17;9912;17;;;9905.0;0.0
yf_ZS=F_d13;23100;INTARIAN_PEPPER_ROOT;11993;12;11989;27;;;11999;22;12002;20;;;11996.0;0.0
yf_ZS=F_d13;23200;ASH_COATED_OSMIUM;9894;10;9892;18;;;9918;11;9921;26;;;9906.0;0.0
yf_ZS=F_d13;23200;INTARIAN_PEPPER_ROOT;11994;18;11991;20;;;12000;12;12004;28;;;11997.0;0.0
yf_ZS=F_d13;23300;ASH_COATED_OSMIUM;9898;13;9895;24;;;9912;16;9914;21;;;9905.0;0.0
yf_ZS=F_d13;23300;INTARIAN_PEPPER_ROOT;11996;14;11992;12;;;12002;10;12006;21;;;11999.0;0.0
yf_ZS=F_d13;23400;ASH_COATED_OSMIUM;9902;10;9898;21;;;9908;11;9911;9;;;9905.0;0.0
yf_ZS=F_d13;23400;INTARIAN_PEPPER_ROOT;11997;14;11994;28;;;12003;24;12007;21;;;12000.0;0.0
yf_ZS=F_d13;23500;ASH_COATED_OSMIUM;9902;21;9900;18;;;9909;5;9913;24;;;9905.5;0.0
yf_ZS=F_d13;23500;INTARIAN_PEPPER_ROOT;11999;11;11997;25;;;12005;13;12009;22;;;12002.0;0.0
yf_ZS=F_d13;23600;ASH_COATED_OSMIUM;9903;14;9901;23;;;9909;18;9911;31;;;9906.0;0.0
yf_ZS=F_d13;23600;INTARIAN_PEPPER_ROOT;12000;22;11998;16;;;12006;16;12010;30;;;12003.0;0.0
yf_ZS=F_d13;23700;ASH_COATED_OSMIUM;9898;13;9895;17;;;9912;19;9915;11;;;9905.0;0.0
yf_ZS=F_d13;23700;INTARIAN_PEPPER_ROOT;12002;12;11999;16;;;12008;15;12010;18;;;12005.0;0.0
yf_ZS=F_d13;23800;ASH_COATED_OSMIUM;9901;18;9898;19;;;9909;14;9912;18;;;9905.0;0.0
yf_ZS=F_d13;23800;INTARIAN_PEPPER_ROOT;12004;17;12000;25;;;12010;15;12012;24;;;12007.0;0.0
yf_ZS=F_d13;23900;ASH_COATED_OSMIUM;9902;15;9898;19;;;9908;9;9911;16;;;9905.0;0.0
yf_ZS=F_d13;23900;INTARIAN_PEPPER_ROOT;12005;12;12001;25;;;12011;14;12013;22;;;12008.0;0.0
yf_ZS=F_d13;24000;ASH_COATED_OSMIUM;9902;15;9898;22;;;9908;15;9910;17;;;9905.0;0.0
yf_ZS=F_d13;24000;INTARIAN_PEPPER_ROOT;12007;19;12003;25;;;12013;16;12016;25;;;12010.0;0.0
yf_ZS=F_d13;24100;ASH_COATED_OSMIUM;9902;16;9898;23;;;9908;11;9911;20;;;9905.0;0.0
yf_ZS=F_d13;24100;INTARIAN_PEPPER_ROOT;12008;13;12005;15;;;12014;11;12018;17;;;12011.0;0.0
yf_ZS=F_d13;24200;ASH_COATED_OSMIUM;9898;15;9896;17;;;9913;12;9916;29;;;9905.5;0.0
yf_ZS=F_d13;24200;INTARIAN_PEPPER_ROOT;12007;20;12004;15;;;12018;19;12021;26;;;12012.5;0.0
yf_ZS=F_d13;24300;ASH_COATED_OSMIUM;9902;16;9900;8;;;9908;17;9911;17;;;9905.0;0.0
yf_ZS=F_d13;24300;INTARIAN_PEPPER_ROOT;12011;9;12009;23;;;12017;21;12019;20;;;12014.0;0.0
yf_ZS=F_d13;24400;ASH_COATED_OSMIUM;9902;16;9899;26;;;9908;11;9911;20;;;9905.0;0.0
yf_ZS=F_d13;24400;INTARIAN_PEPPER_ROOT;12013;11;12011;20;;;12019;20;12022;17;;;12016.0;0.0
yf_ZS=F_d13;24500;ASH_COATED_OSMIUM;9902;17;9899;26;;;9908;15;9911;8;;;9905.0;0.0
yf_ZS=F_d13;24500;INTARIAN_PEPPER_ROOT;12014;19;12011;27;;;12020;20;12023;13;;;12017.0;0.0
yf_ZS=F_d13;24600;ASH_COATED_OSMIUM;9903;16;9900;29;;;9909;20;9911;17;;;9906.0;0.0
yf_ZS=F_d13;24600;INTARIAN_PEPPER_ROOT;12015;25;12011;22;;;12021;16;12025;15;;;12018.0;0.0
yf_ZS=F_d13;24700;ASH_COATED_OSMIUM;9902;12;9899;13;;;9908;10;9912;20;;;9905.0;0.0
yf_ZS=F_d13;24700;INTARIAN_PEPPER_ROOT;12017;21;12013;16;;;12023;17;12025;21;;;12020.0;0.0
yf_ZS=F_d13;24800;ASH_COATED_OSMIUM;9902;6;9898;15;;;9909;11;9912;18;;;9905.5;0.0
yf_ZS=F_d13;24800;INTARIAN_PEPPER_ROOT;12019;19;12017;16;;;12025;17;12027;19;;;12022.0;0.0
yf_ZS=F_d13;24900;ASH_COATED_OSMIUM;9903;14;9900;26;;;9909;14;9912;14;;;9906.0;0.0
yf_ZS=F_d13;24900;INTARIAN_PEPPER_ROOT;12020;21;12018;20;;;12026;9;12028;19;;;12023.0;0.0
yf_ZS=F_d13;25000;ASH_COATED_OSMIUM;9903;19;9901;9;;;9909;10;9913;24;;;9906.0;0.0
yf_ZS=F_d13;25000;INTARIAN_PEPPER_ROOT;12021;5;12019;19;;;12027;21;12031;25;;;12024.0;0.0
yf_ZS=F_d13;25100;ASH_COATED_OSMIUM;9902;17;9898;12;;;9908;18;9910;18;;;9905.0;0.0
yf_ZS=F_d13;25100;INTARIAN_PEPPER_ROOT;12023;15;12021;25;;;12029;21;12033;11;;;12026.0;0.0
yf_ZS=F_d13;25200;ASH_COATED_OSMIUM;9900;17;9896;19;;;9909;11;9912;21;;;9904.5;0.0
yf_ZS=F_d13;25200;INTARIAN_PEPPER_ROOT;12025;16;12021;19;;;12031;22;12035;21;;;12028.0;0.0
yf_ZS=F_d13;25300;ASH_COATED_OSMIUM;9899;7;9895;22;;;9911;16;9913;21;;;9905.0;0.0
yf_ZS=F_d13;25300;INTARIAN_PEPPER_ROOT;12026;19;12022;24;;;12032;10;12035;21;;;12029.0;0.0
yf_ZS=F_d13;25400;ASH_COATED_OSMIUM;9903;14;9901;25;;;9909;5;9912;17;;;9906.0;0.0
yf_ZS=F_d13;25400;INTARIAN_PEPPER_ROOT;12025;20;12022;19;;;12036;9;12040;21;;;12030.5;0.0
yf_ZS=F_d13;25500;ASH_COATED_OSMIUM;9899;18;9897;17;;;9911;12;9915;20;;;9905.0;0.0
yf_ZS=F_d13;25500;INTARIAN_PEPPER_ROOT;12029;5;12026;25;;;12035;13;12038;25;;;12032.0;0.0
yf_ZS=F_d13;25600;ASH_COATED_OSMIUM;9903;10;9901;20;;;9909;8;9911;22;;;9906.0;0.0
yf_ZS=F_d13;25600;INTARIAN_PEPPER_ROOT;12024;12;12021;15;;;12044;10;12047;22;;;12034.0;0.0
yf_ZS=F_d13;25700;ASH_COATED_OSMIUM;9902;8;9898;25;;;9909;16;9912;23;;;9905.5;0.0
yf_ZS=F_d13;25700;INTARIAN_PEPPER_ROOT;12032;10;12029;18;;;12038;19;12040;11;;;12035.0;0.0
yf_ZS=F_d13;25800;ASH_COATED_OSMIUM;9897;16;9893;21;;;9914;10;9918;17;;;9905.5;0.0
yf_ZS=F_d13;25800;INTARIAN_PEPPER_ROOT;12031;20;12028;28;;;12043;11;12047;21;;;12037.0;0.0
yf_ZS=F_d13;25900;ASH_COATED_OSMIUM;9903;15;9900;32;;;9909;16;9912;26;;;9906.0;0.0
yf_ZS=F_d13;25900;INTARIAN_PEPPER_ROOT;12034;14;12031;25;;;12043;19;12046;25;;;12038.5;0.0
yf_ZS=F_d13;26000;ASH_COATED_OSMIUM;9903;15;9901;19;;;9909;19;9913;33;;;9906.0;0.0
yf_ZS=F_d13;26000;INTARIAN_PEPPER_ROOT;12035;22;12033;16;;;12045;9;12049;21;;;12040.0;0.0
yf_ZS=F_d13;26100;ASH_COATED_OSMIUM;9903;12;9901;20;;;9909;18;9913;25;;;9906.0;0.0
yf_ZS=F_d13;26100;INTARIAN_PEPPER_ROOT;12037;5;12033;19;;;12046;21;12049;19;;;12041.5;0.0
yf_ZS=F_d13;26200;ASH_COATED_OSMIUM;9900;5;9898;18;;;9911;19;9914;17;;;9905.5;0.0
yf_ZS=F_d13;26200;INTARIAN_PEPPER_ROOT;12020;17;12018;17;;;12066;24;12068;16;;;12043.0;0.0
yf_ZS=F_d13;26300;ASH_COATED_OSMIUM;9902;22;9900;19;;;9908;14;9910;20;;;9905.0;0.0
yf_ZS=F_d13;26300;INTARIAN_PEPPER_ROOT;12042;20;12039;22;;;12048;18;12052;19;;;12045.0;0.0
yf_ZS=F_d13;26400;ASH_COATED_OSMIUM;9902;22;9898;18;;;9908;12;9911;17;;;9905.0;0.0
yf_ZS=F_d13;26400;INTARIAN_PEPPER_ROOT;12043;13;12041;29;;;12049;14;12052;25;;;12046.0;0.0
yf_ZS=F_d13;26500;ASH_COATED_OSMIUM;9897;25;9894;17;;;9914;17;9917;20;;;9905.5;0.0
yf_ZS=F_d13;26500;INTARIAN_PEPPER_ROOT;12044;18;12040;14;;;12050;8;12054;22;;;12047.0;0.0
yf_ZS=F_d13;26600;ASH_COATED_OSMIUM;9898;14;9895;22;;;9912;21;9914;20;;;9905.0;0.0
yf_ZS=F_d13;26600;INTARIAN_PEPPER_ROOT;12046;8;12042;21;;;12052;22;12056;18;;;12049.0;0.0
yf_ZS=F_d13;26700;ASH_COATED_OSMIUM;9902;22;9898;16;;;9908;13;9910;27;;;9905.0;0.0
yf_ZS=F_d13;26700;INTARIAN_PEPPER_ROOT;12048;5;12046;26;;;12054;14;12056;15;;;12051.0;0.0
yf_ZS=F_d13;26800;ASH_COATED_OSMIUM;9899;11;9895;32;;;9912;7;9914;18;;;9905.5;0.0
yf_ZS=F_d13;26800;INTARIAN_PEPPER_ROOT;12048;12;12046;22;;;12057;24;12061;17;;;12052.5;0.0
yf_ZS=F_d13;26900;ASH_COATED_OSMIUM;9901;12;9899;16;;;9909;15;9912;14;;;9905.0;0.0
yf_ZS=F_d13;26900;INTARIAN_PEPPER_ROOT;12051;11;12049;17;;;12057;20;12061;17;;;12054.0;0.0
yf_ZS=F_d13;27000;ASH_COATED_OSMIUM;9901;12;9898;16;;;9910;7;9912;19;;;9905.5;0.0
yf_ZS=F_d13;27000;INTARIAN_PEPPER_ROOT;12053;6;12049;18;;;12059;18;12062;19;;;12056.0;0.0
yf_ZS=F_d13;27100;ASH_COATED_OSMIUM;9903;25;9901;19;;;9909;7;9912;22;;;9906.0;0.0
yf_ZS=F_d13;27100;INTARIAN_PEPPER_ROOT;12052;19;12048;17;;;12063;16;12066;21;;;12057.5;0.0
yf_ZS=F_d13;27200;ASH_COATED_OSMIUM;9893;16;9890;19;;;9917;10;9920;23;;;9905.0;0.0
yf_ZS=F_d13;27200;INTARIAN_PEPPER_ROOT;12055;22;12051;17;;;12061;12;12065;18;;;12058.0;0.0
yf_ZS=F_d13;27300;ASH_COATED_OSMIUM;9902;9;9900;16;;;9908;13;9912;15;;;9905.0;0.0
yf_ZS=F_d13;27300;INTARIAN_PEPPER_ROOT;12056;14;12052;21;;;12062;18;12065;29;;;12059.0;0.0
yf_ZS=F_d13;27400;ASH_COATED_OSMIUM;9902;18;9898;23;;;9908;11;9910;17;;;9905.0;0.0
yf_ZS=F_d13;27400;INTARIAN_PEPPER_ROOT;12058;17;12056;26;;;12064;7;12068;8;;;12061.0;0.0
yf_ZS=F_d13;27500;ASH_COATED_OSMIUM;9902;13;9900;13;;;9910;24;9912;21;;;9906.0;0.0
yf_ZS=F_d13;27500;INTARIAN_PEPPER_ROOT;12060;13;12058;16;;;12066;28;12069;23;;;12063.0;0.0
yf_ZS=F_d13;27600;ASH_COATED_OSMIUM;9895;23;9892;12;;;9916;5;9920;21;;;9905.5;0.0
yf_ZS=F_d13;27600;INTARIAN_PEPPER_ROOT;12053;15;12049;20;;;12076;8;12078;27;;;12064.5;0.0
yf_ZS=F_d13;27700;ASH_COATED_OSMIUM;9903;20;9901;21;;;9909;20;9912;23;;;9906.0;0.0
yf_ZS=F_d13;27700;INTARIAN_PEPPER_ROOT;12060;14;12058;17;;;12071;15;12074;25;;;12065.5;0.0
yf_ZS=F_d13;27800;ASH_COATED_OSMIUM;9902;16;9900;21;;;9908;17;9912;16;;;9905.0;0.0
yf_ZS=F_d13;27800;INTARIAN_PEPPER_ROOT;12062;12;12059;20;;;12072;15;12075;20;;;12067.0;0.0
yf_ZS=F_d13;27900;ASH_COATED_OSMIUM;9895;18;9891;12;;;9915;18;9919;17;;;9905.0;0.0
yf_ZS=F_d13;27900;INTARIAN_PEPPER_ROOT;12057;10;12054;18;;;12080;20;12084;17;;;12068.5;0.0
yf_ZS=F_d13;28000;ASH_COATED_OSMIUM;9901;24;9898;26;;;9911;13;9913;11;;;9906.0;0.0
yf_ZS=F_d13;28000;INTARIAN_PEPPER_ROOT;12067;16;12065;18;;;12074;10;12077;14;;;12070.5;0.0
yf_ZS=F_d13;28100;ASH_COATED_OSMIUM;9902;16;9900;12;;;9908;13;9912;22;;;9905.0;0.0
yf_ZS=F_d13;28100;INTARIAN_PEPPER_ROOT;12068;11;12066;22;;;12075;5;12078;17;;;12071.5;0.0
yf_ZS=F_d13;28200;ASH_COATED_OSMIUM;9902;20;9900;17;;;9908;12;9912;19;;;9905.0;0.0
yf_ZS=F_d13;28200;INTARIAN_PEPPER_ROOT;12071;8;12067;12;;;12077;8;12081;13;;;12074.0;0.0
yf_ZS=F_d13;28300;ASH_COATED_OSMIUM;9902;13;9898;24;;;9908;16;9912;14;;;9905.0;0.0
yf_ZS=F_d13;28300;INTARIAN_PEPPER_ROOT;12070;15;12067;18;;;12082;11;12086;19;;;12076.0;0.0
yf_ZS=F_d13;28400;ASH_COATED_OSMIUM;9902;15;9899;27;;;9908;22;9911;19;;;9905.0;0.0
yf_ZS=F_d13;28400;INTARIAN_PEPPER_ROOT;12074;25;12070;22;;;12080;13;12084;27;;;12077.0;0.0
yf_ZS=F_d13;28500;ASH_COATED_OSMIUM;9902;7;9899;19;;;9908;21;9912;16;;;9905.0;0.0
yf_ZS=F_d13;28500;INTARIAN_PEPPER_ROOT;12073;12;12070;14;;;12083;25;12086;23;;;12078.0;0.0
yf_ZS=F_d13;28600;ASH_COATED_OSMIUM;9902;17;9900;10;;;9909;14;9912;23;;;9905.5;0.0
yf_ZS=F_d13;28600;INTARIAN_PEPPER_ROOT;12077;19;12074;26;;;12083;12;12087;14;;;12080.0;0.0
yf_ZS=F_d13;28700;ASH_COATED_OSMIUM;9902;8;9898;24;;;9908;12;9910;30;;;9905.0;0.0
yf_ZS=F_d13;28700;INTARIAN_PEPPER_ROOT;12078;15;12076;21;;;12084;10;12086;13;;;12081.0;0.0
yf_ZS=F_d13;28800;ASH_COATED_OSMIUM;9902;19;9899;13;;;9908;20;9911;16;;;9905.0;0.0
yf_ZS=F_d13;28800;INTARIAN_PEPPER_ROOT;12079;12;12077;19;;;12086;16;12088;22;;;12082.5;0.0
yf_ZS=F_d13;28900;ASH_COATED_OSMIUM;9902;15;9898;23;;;9908;19;9912;14;;;9905.0;0.0
yf_ZS=F_d13;28900;INTARIAN_PEPPER_ROOT;12081;17;12077;10;;;12087;19;12090;24;;;12084.0;0.0
yf_ZS=F_d13;29000;ASH_COATED_OSMIUM;9900;15;9898;15;;;9912;24;9915;9;;;9906.0;0.0
yf_ZS=F_d13;29000;INTARIAN_PEPPER_ROOT;12076;14;12073;17;;;12094;20;12096;17;;;12085.0;0.0
yf_ZS=F_d13;29100;ASH_COATED_OSMIUM;9902;7;9899;23;;;9908;18;9911;10;;;9905.0;0.0
yf_ZS=F_d13;29100;INTARIAN_PEPPER_ROOT;12082;16;12080;27;;;12093;13;12096;17;;;12087.5;0.0
yf_ZS=F_d13;29200;ASH_COATED_OSMIUM;9902;8;9900;24;;;9908;16;9910;8;;;9905.0;0.0
yf_ZS=F_d13;29200;INTARIAN_PEPPER_ROOT;12086;13;12084;13;;;12092;10;12096;20;;;12089.0;0.0
yf_ZS=F_d13;29300;ASH_COATED_OSMIUM;9902;23;9898;22;;;9908;18;9911;16;;;9905.0;0.0
yf_ZS=F_d13;29300;INTARIAN_PEPPER_ROOT;12075;15;12073;8;;;12104;14;12108;15;;;12089.5;0.0
yf_ZS=F_d13;29400;ASH_COATED_OSMIUM;9894;24;9891;19;;;9916;22;9918;20;;;9905.0;0.0
yf_ZS=F_d13;29400;INTARIAN_PEPPER_ROOT;12088;16;12086;28;;;12094;9;12097;11;;;12091.0;0.0
yf_ZS=F_d13;29500;ASH_COATED_OSMIUM;9902;18;9900;25;;;9908;19;9911;15;;;9905.0;0.0
yf_ZS=F_d13;29500;INTARIAN_PEPPER_ROOT;12090;16;12086;21;;;12096;11;12099;20;;;12093.0;0.0
yf_ZS=F_d13;29600;ASH_COATED_OSMIUM;9903;15;9901;20;;;9909;12;9912;10;;;9906.0;0.0
yf_ZS=F_d13;29600;INTARIAN_PEPPER_ROOT;12092;18;12088;15;;;12098;23;12101;32;;;12095.0;0.0
yf_ZS=F_d13;29700;ASH_COATED_OSMIUM;9902;16;9899;19;;;9908;19;9910;16;;;9905.0;0.0
yf_ZS=F_d13;29700;INTARIAN_PEPPER_ROOT;12093;18;12089;19;;;12099;5;12103;18;;;12096.0;0.0
yf_ZS=F_d13;29800;ASH_COATED_OSMIUM;9898;19;9895;21;;;9914;13;9917;21;;;9906.0;0.0
yf_ZS=F_d13;29800;INTARIAN_PEPPER_ROOT;12093;23;12090;25;;;12102;14;12105;16;;;12097.5;0.0
yf_ZS=F_d13;29900;ASH_COATED_OSMIUM;9902;12;9900;13;;;9908;20;9912;28;;;9905.0;0.0
yf_ZS=F_d13;29900;INTARIAN_PEPPER_ROOT;12096;17;12093;17;;;12102;16;12106;14;;;12099.0;0.0
yf_ZS=F_d13;30000;ASH_COATED_OSMIUM;9902;11;9898;21;;;9908;12;9912;22;;;9905.0;0.0
yf_ZS=F_d13;30000;INTARIAN_PEPPER_ROOT;12086;21;12084;22;;;12117;6;12120;23;;;12101.5;0.0
yf_ZS=F_d13;30100;ASH_COATED_OSMIUM;9902;15;9900;26;;;9908;13;9910;18;;;9905.0;0.0
yf_ZS=F_d13;30100;INTARIAN_PEPPER_ROOT;12099;18;12096;16;;;12105;18;12108;14;;;12102.0;0.0
yf_ZS=F_d13;30200;ASH_COATED_OSMIUM;9902;17;9900;13;;;9908;16;9912;24;;;9905.0;0.0
yf_ZS=F_d13;30200;INTARIAN_PEPPER_ROOT;12098;15;12096;23;;;12111;9;12113;18;;;12104.5;0.0
yf_ZS=F_d13;30300;ASH_COATED_OSMIUM;9902;10;9898;25;;;9908;10;9911;23;;;9905.0;0.0
yf_ZS=F_d13;30300;INTARIAN_PEPPER_ROOT;12102;18;12100;22;;;12108;13;12110;26;;;12105.0;0.0
yf_ZS=F_d13;30400;ASH_COATED_OSMIUM;9903;18;9899;17;;;9909;15;9913;29;;;9906.0;0.0
yf_ZS=F_d13;30400;INTARIAN_PEPPER_ROOT;12104;19;12100;20;;;12110;22;12114;23;;;12107.0;0.0
yf_ZS=F_d13;30500;ASH_COATED_OSMIUM;9903;16;9899;26;;;9909;11;9911;18;;;9906.0;0.0
yf_ZS=F_d13;30500;INTARIAN_PEPPER_ROOT;12105;17;12103;10;;;12112;11;12116;22;;;12108.5;0.0
yf_ZS=F_d13;30600;ASH_COATED_OSMIUM;9895;17;9891;22;;;9916;12;9920;16;;;9905.5;0.0
yf_ZS=F_d13;30600;INTARIAN_PEPPER_ROOT;12107;23;12103;19;;;12113;15;12117;28;;;12110.0;0.0
yf_ZS=F_d13;30700;ASH_COATED_OSMIUM;9902;19;9898;21;;;9908;16;9912;18;;;9905.0;0.0
yf_ZS=F_d13;30700;INTARIAN_PEPPER_ROOT;12104;5;12100;17;;;12118;17;12121;16;;;12111.0;0.0
yf_ZS=F_d13;30800;ASH_COATED_OSMIUM;9894;9;9892;20;;;9917;15;9919;12;;;9905.5;0.0
yf_ZS=F_d13;30800;INTARIAN_PEPPER_ROOT;12109;15;12106;20;;;12117;9;12121;26;;;12113.0;0.0
yf_ZS=F_d13;30900;ASH_COATED_OSMIUM;9903;12;9899;26;;;9909;17;9913;19;;;9906.0;0.0
yf_ZS=F_d13;30900;INTARIAN_PEPPER_ROOT;12109;10;12105;23;;;12120;20;12124;17;;;12114.5;0.0
yf_ZS=F_d13;31000;ASH_COATED_OSMIUM;9902;19;9900;21;;;9908;16;9910;22;;;9905.0;0.0
yf_ZS=F_d13;31000;INTARIAN_PEPPER_ROOT;12112;16;12110;23;;;12118;13;12120;22;;;12115.0;0.0
yf_ZS=F_d13;31100;ASH_COATED_OSMIUM;9899;16;9897;22;;;9912;24;9916;23;;;9905.5;0.0
yf_ZS=F_d13;31100;INTARIAN_PEPPER_ROOT;12114;17;12111;18;;;12120;18;12122;15;;;12117.0;0.0
yf_ZS=F_d13;31200;ASH_COATED_OSMIUM;9902;11;9899;24;;;9908;27;9912;29;;;9905.0;0.0
yf_ZS=F_d13;31200;INTARIAN_PEPPER_ROOT;12115;16;12111;13;;;12123;8;12125;17;;;12119.0;0.0
yf_ZS=F_d13;31300;ASH_COATED_OSMIUM;9902;16;9900;20;;;9908;15;9910;20;;;9905.0;0.0
yf_ZS=F_d13;31300;INTARIAN_PEPPER_ROOT;12118;19;12115;25;;;12124;13;12128;22;;;12121.0;0.0
yf_ZS=F_d13;31400;ASH_COATED_OSMIUM;9902;9;9900;19;;;9908;9;9912;14;;;9905.0;0.0
yf_ZS=F_d13;31400;INTARIAN_PEPPER_ROOT;12119;17;12116;25;;;12125;10;12127;18;;;12122.0;0.0
yf_ZS=F_d13;31500;ASH_COATED_OSMIUM;9893;17;9891;16;;;9918;17;9921;27;;;9905.5;0.0
yf_ZS=F_d13;31500;INTARIAN_PEPPER_ROOT;12116;22;12113;23;;;12131;22;12133;21;;;12123.5;0.0
yf_ZS=F_d13;31600;ASH_COATED_OSMIUM;9902;22;9898;8;;;9908;22;9912;24;;;9905.0;0.0
yf_ZS=F_d13;31600;INTARIAN_PEPPER_ROOT;12122;21;12120;18;;;12128;21;12132;23;;;12125.0;0.0
yf_ZS=F_d13;31700;ASH_COATED_OSMIUM;9902;14;9900;16;;;9908;8;9910;24;;;9905.0;0.0
yf_ZS=F_d13;31700;INTARIAN_PEPPER_ROOT;12124;17;12122;15;;;12130;18;12134;17;;;12127.0;0.0
yf_ZS=F_d13;31800;ASH_COATED_OSMIUM;9902;17;9898;25;;;9908;17;9912;18;;;9905.0;0.0
yf_ZS=F_d13;31800;INTARIAN_PEPPER_ROOT;12125;18;12121;25;;;12131;16;12134;19;;;12128.0;0.0
yf_ZS=F_d13;31900;ASH_COATED_OSMIUM;9902;13;9898;9;;;9909;17;9913;27;;;9905.5;0.0
yf_ZS=F_d13;31900;INTARIAN_PEPPER_ROOT;12126;17;12123;25;;;12132;12;12135;22;;;12129.0;0.0
yf_ZS=F_d13;32000;ASH_COATED_OSMIUM;9892;20;9889;11;;;9918;24;9922;19;;;9905.0;0.0
yf_ZS=F_d13;32000;INTARIAN_PEPPER_ROOT;12128;16;12124;20;;;12134;18;12136;25;;;12131.0;0.0
yf_ZS=F_d13;32100;ASH_COATED_OSMIUM;9902;18;9900;26;;;9908;12;9911;28;;;9905.0;0.0
yf_ZS=F_d13;32100;INTARIAN_PEPPER_ROOT;12129;17;12125;17;;;12135;10;12137;24;;;12132.0;0.0
yf_ZS=F_d13;32200;ASH_COATED_OSMIUM;9902;11;9898;15;;;9908;14;9910;27;;;9905.0;0.0
yf_ZS=F_d13;32200;INTARIAN_PEPPER_ROOT;12131;21;12129;20;;;12137;7;12140;19;;;12134.0;0.0
yf_ZS=F_d13;32300;ASH_COATED_OSMIUM;9900;20;9898;18;;;9911;15;9913;10;;;9905.5;0.0
yf_ZS=F_d13;32300;INTARIAN_PEPPER_ROOT;12133;16;12130;21;;;12139;19;12143;16;;;12136.0;0.0
yf_ZS=F_d13;32400;ASH_COATED_OSMIUM;9903;8;9899;13;;;9909;10;9912;25;;;9906.0;0.0
yf_ZS=F_d13;32400;INTARIAN_PEPPER_ROOT;12134;14;12132;20;;;12140;10;12143;21;;;12137.0;0.0
yf_ZS=F_d13;32500;ASH_COATED_OSMIUM;9900;26;9898;20;;;9910;13;9912;26;;;9905.0;0.0
yf_ZS=F_d13;32500;INTARIAN_PEPPER_ROOT;12135;5;12132;23;;;12141;14;12143;14;;;12138.0;0.0
yf_ZS=F_d13;32600;ASH_COATED_OSMIUM;9902;21;9899;17;;;9908;18;9910;24;;;9905.0;0.0
yf_ZS=F_d13;32600;INTARIAN_PEPPER_ROOT;12137;20;12133;18;;;12144;17;12146;13;;;12140.5;0.0
yf_ZS=F_d13;32700;ASH_COATED_OSMIUM;9901;14;9897;19;;;9908;11;9911;26;;;9904.5;0.0
yf_ZS=F_d13;32700;INTARIAN_PEPPER_ROOT;12139;9;12135;21;;;12145;15;12148;17;;;12142.0;0.0
yf_ZS=F_d13;32800;ASH_COATED_OSMIUM;9901;9;9899;16;;;9909;23;9911;21;;;9905.0;0.0
yf_ZS=F_d13;32800;INTARIAN_PEPPER_ROOT;12124;12;12120;18;;;12163;17;12166;22;;;12143.5;0.0
yf_ZS=F_d13;32900;ASH_COATED_OSMIUM;9897;15;9894;29;;;9913;14;9916;19;;;9905.0;0.0
yf_ZS=F_d13;32900;INTARIAN_PEPPER_ROOT;12142;5;12138;21;;;12148;15;12151;13;;;12145.0;0.0
yf_ZS=F_d13;33000;ASH_COATED_OSMIUM;9897;18;9895;14;;;9913;22;9915;8;;;9905.0;0.0
yf_ZS=F_d13;33000;INTARIAN_PEPPER_ROOT;12143;21;12141;17;;;12149;5;12151;25;;;12146.0;0.0
yf_ZS=F_d13;33100;ASH_COATED_OSMIUM;9902;25;9898;21;;;9908;19;9910;21;;;9905.0;0.0
yf_ZS=F_d13;33100;INTARIAN_PEPPER_ROOT;12142;9;12140;14;;;12153;14;12155;17;;;12147.5;0.0
yf_ZS=F_d13;33200;ASH_COATED_OSMIUM;9902;6;9898;24;;;9908;10;9912;20;;;9905.0;0.0
yf_ZS=F_d13;33200;INTARIAN_PEPPER_ROOT;12141;13;12137;23;;;12158;12;12161;23;;;12149.5;0.0
yf_ZS=F_d13;33300;ASH_COATED_OSMIUM;9900;15;9896;21;;;9911;18;9915;20;;;9905.5;0.0
yf_ZS=F_d13;33300;INTARIAN_PEPPER_ROOT;12147;7;12144;24;;;12155;11;12159;22;;;12151.0;0.0
yf_ZS=F_d13;33400;ASH_COATED_OSMIUM;9895;13;9891;19;;;9915;12;9917;17;;;9905.0;0.0
yf_ZS=F_d13;33400;INTARIAN_PEPPER_ROOT;12150;18;12148;10;;;12156;12;12158;26;;;12153.0;0.0
yf_ZS=F_d13;33500;ASH_COATED_OSMIUM;9902;10;9900;19;;;9908;12;9911;16;;;9905.0;0.0
yf_ZS=F_d13;33500;INTARIAN_PEPPER_ROOT;12145;13;12143;11;;;12162;13;12166;26;;;12153.5;0.0
yf_ZS=F_d13;33600;ASH_COATED_OSMIUM;9900;14;9898;17;;;9910;15;9912;19;;;9905.0;0.0
yf_ZS=F_d13;33600;INTARIAN_PEPPER_ROOT;12138;18;12135;20;;;12173;18;12177;16;;;12155.5;0.0
yf_ZS=F_d13;33700;ASH_COATED_OSMIUM;9903;11;9899;19;;;9909;19;9911;19;;;9906.0;0.0
yf_ZS=F_d13;33700;INTARIAN_PEPPER_ROOT;12154;18;12151;18;;;12160;5;12163;23;;;12157.0;0.0
yf_ZS=F_d13;33800;ASH_COATED_OSMIUM;9902;19;9898;22;;;9908;14;9910;28;;;9905.0;0.0
yf_ZS=F_d13;33800;INTARIAN_PEPPER_ROOT;12156;18;12154;20;;;12162;20;12165;18;;;12159.0;0.0
yf_ZS=F_d13;33900;ASH_COATED_OSMIUM;9895;13;9891;15;;;9914;16;9916;21;;;9904.5;0.0
yf_ZS=F_d13;33900;INTARIAN_PEPPER_ROOT;12156;13;12153;20;;;12162;13;12165;23;;;12159.0;0.0
yf_ZS=F_d13;34000;ASH_COATED_OSMIUM;9901;17;9898;21;;;9910;15;9914;28;;;9905.5;0.0
yf_ZS=F_d13;34000;INTARIAN_PEPPER_ROOT;12153;19;12150;22;;;12159;19;12162;16;;;12156.0;0.0
yf_ZS=F_d13;34100;ASH_COATED_OSMIUM;9899;22;9896;18;;;9911;16;9913;18;;;9905.0;0.0
yf_ZS=F_d13;34100;INTARIAN_PEPPER_ROOT;12149;26;12147;15;;;12155;21;12158;11;;;12152.0;0.0
yf_ZS=F_d13;34200;ASH_COATED_OSMIUM;9902;16;9899;24;;;9908;16;9910;25;;;9905.0;0.0
yf_ZS=F_d13;34200;INTARIAN_PEPPER_ROOT;12146;5;12142;19;;;12152;19;12155;34;;;12149.0;0.0
yf_ZS=F_d13;34300;ASH_COATED_OSMIUM;9902;12;9899;15;;;9908;13;9912;15;;;9905.0;0.0
yf_ZS=F_d13;34300;INTARIAN_PEPPER_ROOT;12139;19;12135;19;;;12151;14;12153;13;;;12145.0;0.0
yf_ZS=F_d13;34400;ASH_COATED_OSMIUM;9902;11;9899;23;;;9908;9;9912;18;;;9905.0;0.0
yf_ZS=F_d13;34400;INTARIAN_PEPPER_ROOT;12134;23;12130;15;;;12149;9;12152;24;;;12141.5;0.0
yf_ZS=F_d13;34500;ASH_COATED_OSMIUM;9902;18;9899;18;;;9908;17;9911;21;;;9905.0;0.0
yf_ZS=F_d13;34500;INTARIAN_PEPPER_ROOT;12133;5;12129;15;;;12141;20;12144;19;;;12137.0;0.0
yf_ZS=F_d13;34600;ASH_COATED_OSMIUM;9902;16;9899;10;;;9908;17;9911;16;;;9905.0;0.0
yf_ZS=F_d13;34600;INTARIAN_PEPPER_ROOT;12131;17;12129;15;;;12137;21;12141;25;;;12134.0;0.0
yf_ZS=F_d13;34700;ASH_COATED_OSMIUM;9902;13;9900;25;;;9908;11;9912;15;;;9905.0;0.0
yf_ZS=F_d13;34700;INTARIAN_PEPPER_ROOT;12127;17;12123;18;;;12133;14;12136;24;;;12130.0;0.0
yf_ZS=F_d13;34800;ASH_COATED_OSMIUM;9903;19;9901;18;;;9909;12;9911;27;;;9906.0;0.0
yf_ZS=F_d13;34800;INTARIAN_PEPPER_ROOT;12124;9;12120;18;;;12130;12;12133;23;;;12127.0;0.0
yf_ZS=F_d13;34900;ASH_COATED_OSMIUM;9903;14;9899;20;;;9909;5;9912;22;;;9906.0;0.0
yf_ZS=F_d13;34900;INTARIAN_PEPPER_ROOT;12120;12;12117;22;;;12126;18;12128;16;;;12123.0;0.0
yf_ZS=F_d13;35000;ASH_COATED_OSMIUM;9902;13;9900;15;;;9908;18;9910;12;;;9905.0;0.0
yf_ZS=F_d13;35000;INTARIAN_PEPPER_ROOT;12116;22;12112;23;;;12122;10;12124;23;;;12119.0;0.0
yf_ZS=F_d13;35100;ASH_COATED_OSMIUM;9888;5;9884;20;;;9922;15;9925;14;;;9905.0;0.0
yf_ZS=F_d13;35100;INTARIAN_PEPPER_ROOT;12113;15;12110;15;;;12119;9;12121;13;;;12116.0;0.0
yf_ZS=F_d13;35200;ASH_COATED_OSMIUM;9894;10;9892;26;;;9916;20;9919;24;;;9905.0;0.0
yf_ZS=F_d13;35200;INTARIAN_PEPPER_ROOT;12109;23;12106;27;;;12115;7;12119;33;;;12112.0;0.0
yf_ZS=F_d13;35300;ASH_COATED_OSMIUM;9896;14;9892;15;;;9914;15;9916;27;;;9905.0;0.0
yf_ZS=F_d13;35300;INTARIAN_PEPPER_ROOT;12106;22;12103;15;;;12112;19;12114;25;;;12109.0;0.0
yf_ZS=F_d13;35400;ASH_COATED_OSMIUM;9898;16;9896;20;;;9911;15;9915;27;;;9904.5;0.0
yf_ZS=F_d13;35400;INTARIAN_PEPPER_ROOT;12095;15;12091;18;;;12115;10;12119;23;;;12105.0;0.0
yf_ZS=F_d13;35500;ASH_COATED_OSMIUM;9902;21;9900;16;;;9908;14;9912;8;;;9905.0;0.0
yf_ZS=F_d13;35500;INTARIAN_PEPPER_ROOT;12098;8;12094;21;;;12104;14;12108;13;;;12101.0;0.0
yf_ZS=F_d13;35600;ASH_COATED_OSMIUM;9902;16;9899;12;;;9908;17;9910;18;;;9905.0;0.0
yf_ZS=F_d13;35600;INTARIAN_PEPPER_ROOT;12091;22;12087;24;;;12104;13;12106;24;;;12097.5;0.0
yf_ZS=F_d13;35700;ASH_COATED_OSMIUM;9901;9;9899;12;;;9910;17;9914;19;;;9905.5;0.0
yf_ZS=F_d13;35700;INTARIAN_PEPPER_ROOT;12090;9;12087;11;;;12096;20;12100;21;;;12093.0;0.0
yf_ZS=F_d13;35800;ASH_COATED_OSMIUM;9902;22;9899;20;;;9908;23;9911;26;;;9905.0;0.0
yf_ZS=F_d13;35800;INTARIAN_PEPPER_ROOT;12087;14;12085;17;;;12093;11;12097;24;;;12090.0;0.0
yf_ZS=F_d13;35900;ASH_COATED_OSMIUM;9902;11;9900;21;;;9908;9;9912;27;;;9905.0;0.0
yf_ZS=F_d13;35900;INTARIAN_PEPPER_ROOT;12082;11;12079;23;;;12088;22;12092;22;;;12085.0;0.0
yf_ZS=F_d13;36000;ASH_COATED_OSMIUM;9902;5;9900;22;;;9908;16;9910;18;;;9905.0;0.0
yf_ZS=F_d13;36000;INTARIAN_PEPPER_ROOT;12079;18;12076;17;;;12085;16;12089;19;;;12082.0;0.0
yf_ZS=F_d13;36100;ASH_COATED_OSMIUM;9903;19;9899;16;;;9909;14;9913;22;;;9906.0;0.0
yf_ZS=F_d13;36100;INTARIAN_PEPPER_ROOT;12075;13;12072;9;;;12081;6;12084;18;;;12078.0;0.0
yf_ZS=F_d13;36200;ASH_COATED_OSMIUM;9902;21;9900;16;;;9908;5;9911;23;;;9905.0;0.0
yf_ZS=F_d13;36200;INTARIAN_PEPPER_ROOT;12072;12;12070;26;;;12078;16;12080;15;;;12075.0;0.0
yf_ZS=F_d13;36300;ASH_COATED_OSMIUM;9900;19;9897;9;;;9911;14;9913;14;;;9905.5;0.0
yf_ZS=F_d13;36300;INTARIAN_PEPPER_ROOT;12067;18;12065;24;;;12075;9;12078;27;;;12071.0;0.0
yf_ZS=F_d13;36400;ASH_COATED_OSMIUM;9898;10;9894;25;;;9912;17;9915;23;;;9905.0;0.0
yf_ZS=F_d13;36400;INTARIAN_PEPPER_ROOT;12048;12;12046;17;;;12087;13;12091;18;;;12067.5;0.0
yf_ZS=F_d13;36500;ASH_COATED_OSMIUM;9902;18;9899;14;;;9908;5;9911;18;;;9905.0;0.0
yf_ZS=F_d13;36500;INTARIAN_PEPPER_ROOT;12061;12;12059;15;;;12067;20;12070;16;;;12064.0;0.0
yf_ZS=F_d13;36600;ASH_COATED_OSMIUM;9901;23;9898;19;;;9910;8;9912;26;;;9905.5;0.0
yf_ZS=F_d13;36600;INTARIAN_PEPPER_ROOT;12057;10;12053;30;;;12063;14;12067;20;;;12060.0;0.0
yf_ZS=F_d13;36700;ASH_COATED_OSMIUM;9902;10;9899;27;;;9910;17;9914;29;;;9906.0;0.0
yf_ZS=F_d13;36700;INTARIAN_PEPPER_ROOT;12053;21;12049;20;;;12059;14;12062;22;;;12056.0;0.0
yf_ZS=F_d13;36800;ASH_COATED_OSMIUM;9903;23;9901;24;;;9909;15;9911;22;;;9906.0;0.0
yf_ZS=F_d13;36800;INTARIAN_PEPPER_ROOT;12048;17;12046;22;;;12058;9;12060;25;;;12053.0;0.0
yf_ZS=F_d13;36900;ASH_COATED_OSMIUM;9903;15;9899;25;;;9909;5;9911;11;;;9906.0;0.0
yf_ZS=F_d13;36900;INTARIAN_PEPPER_ROOT;12046;16;12044;24;;;12052;16;12056;30;;;12049.0;0.0
yf_ZS=F_d13;37000;ASH_COATED_OSMIUM;9903;11;9899;19;;;9909;9;9912;17;;;9906.0;0.0
yf_ZS=F_d13;37000;INTARIAN_PEPPER_ROOT;12036;16;12033;14;;;12055;18;12059;20;;;12045.5;0.0
yf_ZS=F_d13;37100;ASH_COATED_OSMIUM;9900;15;9896;14;;;9910;20;9913;20;;;9905.0;0.0
yf_ZS=F_d13;37100;INTARIAN_PEPPER_ROOT;12038;20;12034;14;;;12044;22;12048;23;;;12041.0;0.0
yf_ZS=F_d13;37200;ASH_COATED_OSMIUM;9893;17;9889;25;;;9918;8;9921;19;;;9905.5;0.0
yf_ZS=F_d13;37200;INTARIAN_PEPPER_ROOT;12034;18;12030;14;;;12041;15;12044;25;;;12037.5;0.0
yf_ZS=F_d13;37300;ASH_COATED_OSMIUM;9903;14;9900;24;;;9909;14;9912;28;;;9906.0;0.0
yf_ZS=F_d13;37300;INTARIAN_PEPPER_ROOT;12031;13;12029;20;;;12037;21;12040;24;;;12034.0;0.0
yf_ZS=F_d13;37400;ASH_COATED_OSMIUM;9903;13;9900;26;;;9909;12;9913;24;;;9906.0;0.0
yf_ZS=F_d13;37400;INTARIAN_PEPPER_ROOT;12027;14;12023;15;;;12033;6;12035;13;;;12030.0;0.0
yf_ZS=F_d13;37500;ASH_COATED_OSMIUM;9897;13;9894;18;;;9914;11;9918;15;;;9905.5;0.0
yf_ZS=F_d13;37500;INTARIAN_PEPPER_ROOT;12015;9;12013;27;;;12038;15;12040;21;;;12026.5;0.0
yf_ZS=F_d13;37600;ASH_COATED_OSMIUM;9903;17;9901;8;;;9909;19;9913;17;;;9906.0;0.0
yf_ZS=F_d13;37600;INTARIAN_PEPPER_ROOT;12020;15;12017;10;;;12026;20;12029;29;;;12023.0;0.0
yf_ZS=F_d13;37700;ASH_COATED_OSMIUM;9903;17;9901;18;;;9909;21;9911;27;;;9906.0;0.0
yf_ZS=F_d13;37700;INTARIAN_PEPPER_ROOT;12016;16;12012;11;;;12022;20;12026;13;;;12019.0;0.0
yf_ZS=F_d13;37800;ASH_COATED_OSMIUM;9901;18;9899;21;;;9910;7;9914;17;;;9905.5;0.0
yf_ZS=F_d13;37800;INTARIAN_PEPPER_ROOT;12012;15;12009;14;;;12018;13;12021;26;;;12015.0;0.0
yf_ZS=F_d13;37900;ASH_COATED_OSMIUM;9903;13;9900;15;;;9909;17;9911;20;;;9906.0;0.0
yf_ZS=F_d13;37900;INTARIAN_PEPPER_ROOT;12005;13;12003;13;;;12018;17;12022;21;;;12011.5;0.0
yf_ZS=F_d13;38000;ASH_COATED_OSMIUM;9903;11;9900;25;;;9909;17;9913;32;;;9906.0;0.0
yf_ZS=F_d13;38000;INTARIAN_PEPPER_ROOT;12006;18;12004;25;;;12012;20;12015;17;;;12009.0;0.0
yf_ZS=F_d13;38100;ASH_COATED_OSMIUM;9903;15;9900;29;;;9909;21;9911;15;;;9906.0;0.0
yf_ZS=F_d13;38100;INTARIAN_PEPPER_ROOT;12002;19;12000;15;;;12008;18;12010;19;;;12005.0;0.0
yf_ZS=F_d13;38200;ASH_COATED_OSMIUM;9903;12;9899;14;;;9909;15;9913;17;;;9906.0;0.0
yf_ZS=F_d13;38200;INTARIAN_PEPPER_ROOT;11998;14;11996;18;;;12004;21;12007;15;;;12001.0;0.0
yf_ZS=F_d13;38300;ASH_COATED_OSMIUM;9904;15;9900;22;;;9910;16;9913;18;;;9907.0;0.0
yf_ZS=F_d13;38300;INTARIAN_PEPPER_ROOT;11994;16;11991;10;;;12000;13;12002;22;;;11997.0;0.0
yf_ZS=F_d13;38400;ASH_COATED_OSMIUM;9901;19;9897;21;;;9912;15;9916;17;;;9906.5;0.0
yf_ZS=F_d13;38400;INTARIAN_PEPPER_ROOT;11986;21;11982;14;;;12001;17;12003;14;;;11993.5;0.0
yf_ZS=F_d13;38500;ASH_COATED_OSMIUM;9903;14;9899;23;;;9909;16;9912;17;;;9906.0;0.0
yf_ZS=F_d13;38500;INTARIAN_PEPPER_ROOT;11986;11;11982;9;;;11992;13;11996;21;;;11989.0;0.0
yf_ZS=F_d13;38600;ASH_COATED_OSMIUM;9895;18;9892;18;;;9917;12;9919;23;;;9906.0;0.0
yf_ZS=F_d13;38600;INTARIAN_PEPPER_ROOT;11977;21;11974;20;;;11995;21;11999;27;;;11986.0;0.0
yf_ZS=F_d13;38700;ASH_COATED_OSMIUM;9898;18;9896;10;;;9915;17;9917;21;;;9906.5;0.0
yf_ZS=F_d13;38700;INTARIAN_PEPPER_ROOT;11976;11;11973;12;;;11988;14;11990;24;;;11982.0;0.0
yf_ZS=F_d13;38800;ASH_COATED_OSMIUM;9903;27;9901;22;;;9909;14;9913;18;;;9906.0;0.0
yf_ZS=F_d13;38800;INTARIAN_PEPPER_ROOT;11976;14;11972;18;;;11982;14;11986;25;;;11979.0;0.0
yf_ZS=F_d13;38900;ASH_COATED_OSMIUM;9893;5;9889;21;;;9920;5;9924;15;;;9906.5;0.0
yf_ZS=F_d13;38900;INTARIAN_PEPPER_ROOT;11971;11;11967;24;;;11979;24;11983;21;;;11975.0;0.0
yf_ZS=F_d13;39000;ASH_COATED_OSMIUM;9900;24;9896;15;;;9913;14;9917;19;;;9906.5;0.0
yf_ZS=F_d13;39000;INTARIAN_PEPPER_ROOT;11968;19;11964;23;;;11974;19;11977;18;;;11971.0;0.0
yf_ZS=F_d13;39100;ASH_COATED_OSMIUM;9903;19;9899;15;;;9909;7;9913;17;;;9906.0;0.0
yf_ZS=F_d13;39100;INTARIAN_PEPPER_ROOT;11964;16;11960;16;;;11970;5;11973;22;;;11967.0;0.0
yf_ZS=F_d13;39200;ASH_COATED_OSMIUM;9903;21;9901;35;;;9909;13;9913;25;;;9906.0;0.0
yf_ZS=F_d13;39200;INTARIAN_PEPPER_ROOT;11960;10;11956;25;;;11966;14;11969;24;;;11963.0;0.0
yf_ZS=F_d13;39300;ASH_COATED_OSMIUM;9903;18;9899;18;;;9909;13;9911;22;;;9906.0;0.0
yf_ZS=F_d13;39300;INTARIAN_PEPPER_ROOT;11955;19;11951;15;;;11965;25;11969;28;;;11960.0;0.0
yf_ZS=F_d13;39400;ASH_COATED_OSMIUM;9903;12;9899;21;;;9909;16;9911;13;;;9906.0;0.0
yf_ZS=F_d13;39400;INTARIAN_PEPPER_ROOT;11945;8;11943;17;;;11967;11;11969;22;;;11956.0;0.0
yf_ZS=F_d13;39500;ASH_COATED_OSMIUM;9903;20;9900;16;;;9910;10;9914;28;;;9906.5;0.0
yf_ZS=F_d13;39500;INTARIAN_PEPPER_ROOT;11950;14;11947;16;;;11956;16;11958;21;;;11953.0;0.0
yf_ZS=F_d13;39600;ASH_COATED_OSMIUM;9899;9;9895;21;;;9913;6;9915;23;;;9906.0;0.0
yf_ZS=F_d13;39600;INTARIAN_PEPPER_ROOT;11946;18;11944;20;;;11952;14;11955;19;;;11949.0;0.0
yf_ZS=F_d13;39700;ASH_COATED_OSMIUM;9903;15;9899;26;;;9909;15;9913;26;;;9906.0;0.0
yf_ZS=F_d13;39700;INTARIAN_PEPPER_ROOT;11941;20;11937;28;;;11949;11;11951;17;;;11945.0;0.0
yf_ZS=F_d13;39800;ASH_COATED_OSMIUM;9903;16;9901;20;;;9909;17;9912;14;;;9906.0;0.0
yf_ZS=F_d13;39800;INTARIAN_PEPPER_ROOT;11939;21;11937;24;;;11945;19;11948;15;;;11942.0;0.0
yf_ZS=F_d13;39900;ASH_COATED_OSMIUM;9903;24;9899;12;;;9909;12;9912;22;;;9906.0;0.0
yf_ZS=F_d13;39900;INTARIAN_PEPPER_ROOT;11934;23;11932;22;;;11941;24;11943;20;;;11937.5;0.0
yf_ZS=F_d13;40000;ASH_COATED_OSMIUM;9900;23;9896;19;;;9913;6;9915;27;;;9906.5;0.0
yf_ZS=F_d13;40000;INTARIAN_PEPPER_ROOT;11932;26;11929;25;;;11938;12;11942;22;;;11935.0;0.0
yf_ZS=F_d13;40100;ASH_COATED_OSMIUM;9903;12;9900;16;;;9909;14;9911;13;;;9906.0;0.0
yf_ZS=F_d13;40100;INTARIAN_PEPPER_ROOT;11923;16;11921;19;;;11938;11;11940;18;;;11930.5;0.0
yf_ZS=F_d13;40200;ASH_COATED_OSMIUM;9903;7;9901;10;;;9909;9;9911;30;;;9906.0;0.0
yf_ZS=F_d13;40200;INTARIAN_PEPPER_ROOT;11924;21;11921;17;;;11930;16;11934;12;;;11927.0;0.0
yf_ZS=F_d13;40300;ASH_COATED_OSMIUM;9903;8;9901;16;;;9909;14;9913;15;;;9906.0;0.0
yf_ZS=F_d13;40300;INTARIAN_PEPPER_ROOT;11920;16;11917;12;;;11926;11;11929;13;;;11923.0;0.0
yf_ZS=F_d13;40400;ASH_COATED_OSMIUM;9899;7;9897;19;;;9914;16;9917;22;;;9906.5;0.0
yf_ZS=F_d13;40400;INTARIAN_PEPPER_ROOT;11916;15;11914;20;;;11922;7;11925;25;;;11919.0;0.0
yf_ZS=F_d13;40500;ASH_COATED_OSMIUM;9903;13;9901;19;;;9909;5;9912;22;;;9906.0;0.0
yf_ZS=F_d13;40500;INTARIAN_PEPPER_ROOT;11913;17;11910;25;;;11919;16;11923;13;;;11916.0;0.0
yf_ZS=F_d13;40600;ASH_COATED_OSMIUM;9904;15;9902;18;;;9910;16;9914;15;;;9907.0;0.0
yf_ZS=F_d13;40600;INTARIAN_PEPPER_ROOT;11909;17;11907;20;;;11915;14;11917;27;;;11912.0;0.0
yf_ZS=F_d13;40700;ASH_COATED_OSMIUM;9904;13;9902;18;;;9910;12;9913;20;;;9907.0;0.0
yf_ZS=F_d13;40700;INTARIAN_PEPPER_ROOT;11905;5;11902;10;;;11911;19;11913;24;;;11908.0;0.0
yf_ZS=F_d13;40800;ASH_COATED_OSMIUM;9903;13;9901;26;;;9909;5;9913;11;;;9906.0;0.0
yf_ZS=F_d13;40800;INTARIAN_PEPPER_ROOT;11902;17;11900;19;;;11908;24;11912;21;;;11905.0;0.0
yf_ZS=F_d13;40900;ASH_COATED_OSMIUM;9903;13;9900;24;;;9909;5;9911;25;;;9906.0;0.0
yf_ZS=F_d13;40900;INTARIAN_PEPPER_ROOT;11897;9;11893;18;;;11905;13;11908;21;;;11901.0;0.0
yf_ZS=F_d13;41000;ASH_COATED_OSMIUM;9904;5;9900;20;;;9910;14;9914;16;;;9907.0;0.0
yf_ZS=F_d13;41000;INTARIAN_PEPPER_ROOT;11893;12;11891;17;;;11903;8;11907;17;;;11898.0;0.0
yf_ZS=F_d13;41100;ASH_COATED_OSMIUM;9899;19;9895;22;;;9915;15;9918;21;;;9907.0;0.0
yf_ZS=F_d13;41100;INTARIAN_PEPPER_ROOT;11890;13;11888;26;;;11896;14;11900;19;;;11893.0;0.0
yf_ZS=F_d13;41200;ASH_COATED_OSMIUM;9904;15;9900;21;;;9910;14;9912;21;;;9907.0;0.0
yf_ZS=F_d13;41200;INTARIAN_PEPPER_ROOT;11879;12;11877;25;;;11901;17;11905;27;;;11890.0;0.0
yf_ZS=F_d13;41300;ASH_COATED_OSMIUM;9900;11;9897;23;;;9913;21;9917;20;;;9906.5;0.0
yf_ZS=F_d13;41300;INTARIAN_PEPPER_ROOT;11878;23;11874;25;;;11894;11;11898;17;;;11886.0;0.0
yf_ZS=F_d13;41400;ASH_COATED_OSMIUM;9904;17;9900;23;;;9910;19;9912;18;;;9907.0;0.0
yf_ZS=F_d13;41400;INTARIAN_PEPPER_ROOT;11879;16;11877;19;;;11885;14;11887;24;;;11882.0;0.0
yf_ZS=F_d13;41500;ASH_COATED_OSMIUM;9895;14;9892;11;;;9918;19;9920;22;;;9906.5;0.0
yf_ZS=F_d13;41500;INTARIAN_PEPPER_ROOT;11864;9;11862;8;;;11894;16;11896;21;;;11879.0;0.0
yf_ZS=F_d13;41600;ASH_COATED_OSMIUM;9898;23;9894;16;;;9915;14;9918;22;;;9906.5;0.0
yf_ZS=F_d13;41600;INTARIAN_PEPPER_ROOT;11868;12;11865;16;;;11882;8;11886;17;;;11875.0;0.0
yf_ZS=F_d13;41700;ASH_COATED_OSMIUM;9896;10;9892;21;;;9918;20;9922;20;;;9907.0;0.0
yf_ZS=F_d13;41700;INTARIAN_PEPPER_ROOT;11868;12;11865;22;;;11874;17;11878;19;;;11871.0;0.0
yf_ZS=F_d13;41800;ASH_COATED_OSMIUM;9903;20;9899;17;;;9909;12;9911;29;;;9906.0;0.0
yf_ZS=F_d13;41800;INTARIAN_PEPPER_ROOT;11863;20;11861;18;;;11871;13;11875;16;;;11867.0;0.0
yf_ZS=F_d13;41900;ASH_COATED_OSMIUM;9900;9;9898;15;;;9915;6;9919;17;;;9907.5;0.0
yf_ZS=F_d13;41900;INTARIAN_PEPPER_ROOT;11859;16;11857;24;;;11868;21;11872;17;;;11863.5;0.0
yf_ZS=F_d13;42000;ASH_COATED_OSMIUM;9904;19;9901;23;;;9910;15;9912;15;;;9907.0;0.0
yf_ZS=F_d13;42000;INTARIAN_PEPPER_ROOT;11854;26;11850;19;;;11866;8;11869;21;;;11860.0;0.0
yf_ZS=F_d13;42100;ASH_COATED_OSMIUM;9904;14;9901;31;;;9910;16;9914;18;;;9907.0;0.0
yf_ZS=F_d13;42100;INTARIAN_PEPPER_ROOT;11853;21;11851;14;;;11859;18;11862;24;;;11856.0;0.0
yf_ZS=F_d13;42200;ASH_COATED_OSMIUM;9904;11;9900;18;;;9910;18;9913;19;;;9907.0;0.0
yf_ZS=F_d13;42200;INTARIAN_PEPPER_ROOT;11850;16;11847;20;;;11856;10;11860;27;;;11853.0;0.0
yf_ZS=F_d13;42300;ASH_COATED_OSMIUM;9904;18;9902;16;;;9910;14;9912;14;;;9907.0;0.0
yf_ZS=F_d13;42300;INTARIAN_PEPPER_ROOT;11846;6;11844;22;;;11852;14;11855;17;;;11849.0;0.0
yf_ZS=F_d13;42400;ASH_COATED_OSMIUM;9904;22;9900;20;;;9910;11;9914;26;;;9907.0;0.0
yf_ZS=F_d13;42400;INTARIAN_PEPPER_ROOT;11840;11;11836;21;;;11851;15;11855;10;;;11845.5;0.0
yf_ZS=F_d13;42500;ASH_COATED_OSMIUM;9904;17;9901;20;;;9910;12;9913;19;;;9907.0;0.0
yf_ZS=F_d13;42500;INTARIAN_PEPPER_ROOT;11839;14;11836;24;;;11845;12;11847;21;;;11842.0;0.0
yf_ZS=F_d13;42600;ASH_COATED_OSMIUM;9903;12;9900;18;;;9909;14;9912;25;;;9906.0;0.0
yf_ZS=F_d13;42600;INTARIAN_PEPPER_ROOT;11835;10;11833;29;;;11841;9;11845;16;;;11838.0;0.0
yf_ZS=F_d13;42700;ASH_COATED_OSMIUM;9899;24;9895;17;;;9914;18;9917;27;;;9906.5;0.0
yf_ZS=F_d13;42700;INTARIAN_PEPPER_ROOT;11832;24;11830;13;;;11838;11;11841;17;;;11835.0;0.0
yf_ZS=F_d13;42800;ASH_COATED_OSMIUM;9904;18;9901;14;;;9910;18;9913;20;;;9907.0;0.0
yf_ZS=F_d13;42800;INTARIAN_PEPPER_ROOT;11823;14;11820;25;;;11838;16;11841;13;;;11830.5;0.0
yf_ZS=F_d13;42900;ASH_COATED_OSMIUM;9895;22;9892;24;;;9920;12;9922;12;;;9907.5;0.0
yf_ZS=F_d13;42900;INTARIAN_PEPPER_ROOT;11824;11;11822;22;;;11830;12;11832;23;;;11827.0;0.0
yf_ZS=F_d13;43000;ASH_COATED_OSMIUM;9902;12;9899;11;;;9913;19;9917;18;;;9907.5;0.0
yf_ZS=F_d13;43000;INTARIAN_PEPPER_ROOT;11807;6;11805;14;;;11839;5;11842;19;;;11823.0;0.0
yf_ZS=F_d13;43100;ASH_COATED_OSMIUM;9905;20;9902;10;;;9911;21;9914;23;;;9908.0;0.0
yf_ZS=F_d13;43100;INTARIAN_PEPPER_ROOT;11816;11;11814;23;;;11822;15;11824;20;;;11819.0;0.0
yf_ZS=F_d13;43200;ASH_COATED_OSMIUM;9904;14;9902;24;;;9910;14;9912;18;;;9907.0;0.0
yf_ZS=F_d13;43200;INTARIAN_PEPPER_ROOT;11800;11;11797;19;;;11832;18;11836;26;;;11816.0;0.0
yf_ZS=F_d13;43300;ASH_COATED_OSMIUM;9896;23;9894;17;;;9917;20;9921;20;;;9906.5;0.0
yf_ZS=F_d13;43300;INTARIAN_PEPPER_ROOT;11808;18;11806;17;;;11815;15;11819;26;;;11811.5;0.0
yf_ZS=F_d13;43400;ASH_COATED_OSMIUM;9904;11;9902;17;;;9910;12;9913;31;;;9907.0;0.0
yf_ZS=F_d13;43400;INTARIAN_PEPPER_ROOT;11806;5;11804;9;;;11812;18;11815;17;;;11809.0;0.0
yf_ZS=F_d13;43500;ASH_COATED_OSMIUM;9904;18;9900;17;;;9910;8;9914;19;;;9907.0;0.0
yf_ZS=F_d13;43500;INTARIAN_PEPPER_ROOT;11802;12;11800;16;;;11808;16;11810;14;;;11805.0;0.0
yf_ZS=F_d13;43600;ASH_COATED_OSMIUM;9904;21;9901;19;;;9910;22;9912;24;;;9907.0;0.0
yf_ZS=F_d13;43600;INTARIAN_PEPPER_ROOT;11798;18;11796;29;;;11804;13;11807;15;;;11801.0;0.0
yf_ZS=F_d13;43700;ASH_COATED_OSMIUM;9902;20;9898;16;;;9913;15;9917;23;;;9907.5;0.0
yf_ZS=F_d13;43700;INTARIAN_PEPPER_ROOT;11794;19;11790;21;;;11802;9;11804;20;;;11798.0;0.0
yf_ZS=F_d13;43800;ASH_COATED_OSMIUM;9904;17;9900;14;;;9910;9;9913;18;;;9907.0;0.0
yf_ZS=F_d13;43800;INTARIAN_PEPPER_ROOT;11790;20;11787;29;;;11797;18;11800;23;;;11793.5;0.0
yf_ZS=F_d13;43900;ASH_COATED_OSMIUM;9904;13;9900;11;;;9910;15;9913;23;;;9907.0;0.0
yf_ZS=F_d13;43900;INTARIAN_PEPPER_ROOT;11787;15;11784;14;;;11793;17;11796;20;;;11790.0;0.0
yf_ZS=F_d13;44000;ASH_COATED_OSMIUM;9905;17;9901;24;;;9911;21;9915;31;;;9908.0;0.0
yf_ZS=F_d13;44000;INTARIAN_PEPPER_ROOT;11777;17;11774;11;;;11796;12;11799;18;;;11786.5;0.0
yf_ZS=F_d13;44100;ASH_COATED_OSMIUM;9904;6;9901;22;;;9910;16;9914;8;;;9907.0;0.0
yf_ZS=F_d13;44100;INTARIAN_PEPPER_ROOT;11774;7;11772;10;;;11791;15;11795;14;;;11782.5;0.0
yf_ZS=F_d13;44200;ASH_COATED_OSMIUM;9903;18;9900;8;;;9910;14;9912;18;;;9906.5;0.0
yf_ZS=F_d13;44200;INTARIAN_PEPPER_ROOT;11777;12;11775;23;;;11783;16;11787;16;;;11780.0;0.0
yf_ZS=F_d13;44300;ASH_COATED_OSMIUM;9900;15;9896;30;;;9914;13;9916;22;;;9907.0;0.0
yf_ZS=F_d13;44300;INTARIAN_PEPPER_ROOT;11772;9;11768;21;;;11778;13;11780;21;;;11775.0;0.0
yf_ZS=F_d13;44400;ASH_COATED_OSMIUM;9901;20;9899;17;;;9913;11;9917;18;;;9907.0;0.0
yf_ZS=F_d13;44400;INTARIAN_PEPPER_ROOT;11768;17;11765;13;;;11774;21;11776;26;;;11771.0;0.0
yf_ZS=F_d13;44500;ASH_COATED_OSMIUM;9903;14;9900;14;;;9909;12;9913;22;;;9906.0;0.0
yf_ZS=F_d13;44500;INTARIAN_PEPPER_ROOT;11765;8;11762;17;;;11771;15;11774;13;;;11768.0;0.0
yf_ZS=F_d13;44600;ASH_COATED_OSMIUM;9904;6;9900;22;;;9910;11;9913;21;;;9907.0;0.0
yf_ZS=F_d13;44600;INTARIAN_PEPPER_ROOT;11761;19;11757;23;;;11767;20;11771;21;;;11764.0;0.0
yf_ZS=F_d13;44700;ASH_COATED_OSMIUM;9903;18;9900;23;;;9910;5;9913;18;;;9906.5;0.0
yf_ZS=F_d13;44700;INTARIAN_PEPPER_ROOT;11757;20;11754;19;;;11763;14;11766;22;;;11760.0;0.0
yf_ZS=F_d13;44800;ASH_COATED_OSMIUM;9904;13;9902;21;;;9910;17;9912;28;;;9907.0;0.0
yf_ZS=F_d13;44800;INTARIAN_PEPPER_ROOT;11749;17;11746;17;;;11764;10;11766;18;;;11756.5;0.0
yf_ZS=F_d13;44900;ASH_COATED_OSMIUM;9905;16;9903;25;;;9911;9;9914;22;;;9908.0;0.0
yf_ZS=F_d13;44900;INTARIAN_PEPPER_ROOT;11749;10;11746;19;;;11758;15;11760;22;;;11753.5;0.0
yf_ZS=F_d13;45000;ASH_COATED_OSMIUM;9904;11;9901;24;;;9910;15;9913;19;;;9907.0;0.0
yf_ZS=F_d13;45000;INTARIAN_PEPPER_ROOT;11746;18;11743;18;;;11752;19;11755;28;;;11749.0;0.0
yf_ZS=F_d13;45100;ASH_COATED_OSMIUM;9904;30;9900;18;;;9910;15;9913;14;;;9907.0;0.0
yf_ZS=F_d13;45100;INTARIAN_PEPPER_ROOT;11742;13;11738;25;;;11751;16;11753;15;;;11746.5;0.0
yf_ZS=F_d13;45200;ASH_COATED_OSMIUM;9901;12;9897;23;;;9913;18;9917;10;;;9907.0;0.0
yf_ZS=F_d13;45200;INTARIAN_PEPPER_ROOT;11739;11;11735;17;;;11745;5;11747;28;;;11742.0;0.0
yf_ZS=F_d13;45300;ASH_COATED_OSMIUM;9904;7;9901;32;;;9911;7;9915;16;;;9907.5;0.0
yf_ZS=F_d13;45300;INTARIAN_PEPPER_ROOT;11735;12;11731;21;;;11741;14;11745;24;;;11738.0;0.0
yf_ZS=F_d13;45400;ASH_COATED_OSMIUM;9893;13;9889;25;;;9921;18;9925;18;;;9907.0;0.0
yf_ZS=F_d13;45400;INTARIAN_PEPPER_ROOT;11729;16;11727;20;;;11739;11;11743;20;;;11734.0;0.0
yf_ZS=F_d13;45500;ASH_COATED_OSMIUM;9904;16;9901;20;;;9910;15;9913;20;;;9907.0;0.0
yf_ZS=F_d13;45500;INTARIAN_PEPPER_ROOT;11727;24;11723;24;;;11734;22;11738;19;;;11730.5;0.0
yf_ZS=F_d13;45600;ASH_COATED_OSMIUM;9905;13;9902;19;;;9911;14;9914;27;;;9908.0;0.0
yf_ZS=F_d13;45600;INTARIAN_PEPPER_ROOT;11720;7;11716;22;;;11734;18;11738;25;;;11727.0;0.0
yf_ZS=F_d13;45700;ASH_COATED_OSMIUM;9905;21;9903;20;;;9911;14;9913;19;;;9908.0;0.0
yf_ZS=F_d13;45700;INTARIAN_PEPPER_ROOT;11720;16;11716;15;;;11726;20;11730;14;;;11723.0;0.0
yf_ZS=F_d13;45800;ASH_COATED_OSMIUM;9904;11;9901;16;;;9910;13;9913;20;;;9907.0;0.0
yf_ZS=F_d13;45800;INTARIAN_PEPPER_ROOT;11717;13;11714;20;;;11723;17;11727;20;;;11720.0;0.0
yf_ZS=F_d13;45900;ASH_COATED_OSMIUM;9893;10;9890;20;;;9923;16;9925;21;;;9908.0;0.0
yf_ZS=F_d13;45900;INTARIAN_PEPPER_ROOT;11713;22;11711;23;;;11719;11;11722;14;;;11716.0;0.0
yf_ZS=F_d13;46000;ASH_COATED_OSMIUM;9901;6;9897;16;;;9913;11;9915;25;;;9907.0;0.0
yf_ZS=F_d13;46000;INTARIAN_PEPPER_ROOT;11709;11;11707;23;;;11715;22;11719;25;;;11712.0;0.0
yf_ZS=F_d13;46100;ASH_COATED_OSMIUM;9903;11;9899;18;;;9912;10;9914;19;;;9907.5;0.0
yf_ZS=F_d13;46100;INTARIAN_PEPPER_ROOT;11705;15;11701;14;;;11711;26;11713;23;;;11708.0;0.0
yf_ZS=F_d13;46200;ASH_COATED_OSMIUM;9902;20;9899;17;;;9913;20;9915;16;;;9907.5;0.0
yf_ZS=F_d13;46200;INTARIAN_PEPPER_ROOT;11702;5;11699;16;;;11708;13;11711;30;;;11705.0;0.0
yf_ZS=F_d13;46300;ASH_COATED_OSMIUM;9904;5;9900;16;;;9910;9;9913;29;;;9907.0;0.0
yf_ZS=F_d13;46300;INTARIAN_PEPPER_ROOT;11696;16;11692;24;;;11706;16;11709;16;;;11701.0;0.0
yf_ZS=F_d13;46400;ASH_COATED_OSMIUM;9905;10;9903;22;;;9911;15;9913;25;;;9908.0;0.0
yf_ZS=F_d13;46400;INTARIAN_PEPPER_ROOT;11684;18;11681;21;;;11712;13;11716;19;;;11698.0;0.0
yf_ZS=F_d13;46500;ASH_COATED_OSMIUM;9904;25;9902;15;;;9911;8;9913;33;;;9907.5;0.0
yf_ZS=F_d13;46500;INTARIAN_PEPPER_ROOT;11691;15;11689;14;;;11697;16;11700;15;;;11694.0;0.0
yf_ZS=F_d13;46600;ASH_COATED_OSMIUM;9904;13;9902;20;;;9910;15;9912;22;;;9907.0;0.0
yf_ZS=F_d13;46600;INTARIAN_PEPPER_ROOT;11687;6;11685;25;;;11693;13;11697;16;;;11690.0;0.0
yf_ZS=F_d13;46700;ASH_COATED_OSMIUM;9900;22;9896;16;;;9915;19;9917;25;;;9907.5;0.0
yf_ZS=F_d13;46700;INTARIAN_PEPPER_ROOT;11681;16;11677;26;;;11692;11;11696;15;;;11686.5;0.0
yf_ZS=F_d13;46800;ASH_COATED_OSMIUM;9903;7;9900;20;;;9913;13;9916;17;;;9908.0;0.0
yf_ZS=F_d13;46800;INTARIAN_PEPPER_ROOT;11679;21;11675;10;;;11685;20;11687;21;;;11682.0;0.0
yf_ZS=F_d13;46900;ASH_COATED_OSMIUM;9905;10;9901;23;;;9911;26;9915;16;;;9908.0;0.0
yf_ZS=F_d13;46900;INTARIAN_PEPPER_ROOT;11669;9;11666;22;;;11689;17;11691;19;;;11679.0;0.0
yf_ZS=F_d13;47000;ASH_COATED_OSMIUM;9904;14;9902;18;;;9910;16;9913;20;;;9907.0;0.0
yf_ZS=F_d13;47000;INTARIAN_PEPPER_ROOT;11672;14;11670;18;;;11678;14;11682;26;;;11675.0;0.0
yf_ZS=F_d13;47100;ASH_COATED_OSMIUM;9905;12;9903;17;;;9911;8;9913;10;;;9908.0;0.0
yf_ZS=F_d13;47100;INTARIAN_PEPPER_ROOT;11657;12;11655;17;;;11685;12;11689;17;;;11671.0;0.0
yf_ZS=F_d13;47200;ASH_COATED_OSMIUM;9902;20;9898;21;;;9914;16;9917;34;;;9908.0;0.0
yf_ZS=F_d13;47200;INTARIAN_PEPPER_ROOT;11665;20;11662;23;;;11671;18;11675;14;;;11668.0;0.0
yf_ZS=F_d13;47300;ASH_COATED_OSMIUM;9904;15;9902;25;;;9910;14;9912;26;;;9907.0;0.0
yf_ZS=F_d13;47300;INTARIAN_PEPPER_ROOT;11659;30;11655;17;;;11669;10;11673;31;;;11664.0;0.0
yf_ZS=F_d13;47400;ASH_COATED_OSMIUM;9895;9;9893;21;;;9922;5;9925;16;;;9908.5;0.0
yf_ZS=F_d13;47400;INTARIAN_PEPPER_ROOT;11654;8;11652;17;;;11666;22;11669;15;;;11660.0;0.0
yf_ZS=F_d13;47500;ASH_COATED_OSMIUM;9905;14;9901;19;;;9911;21;9915;17;;;9908.0;0.0
yf_ZS=F_d13;47500;INTARIAN_PEPPER_ROOT;11654;17;11652;27;;;11660;18;11664;16;;;11657.0;0.0
yf_ZS=F_d13;47600;ASH_COATED_OSMIUM;9903;14;9900;16;;;9914;5;9916;12;;;9908.5;0.0
yf_ZS=F_d13;47600;INTARIAN_PEPPER_ROOT;11649;11;11647;13;;;11658;13;11660;19;;;11653.5;0.0
yf_ZS=F_d13;47700;ASH_COATED_OSMIUM;9905;11;9901;22;;;9911;7;9913;13;;;9908.0;0.0
yf_ZS=F_d13;47700;INTARIAN_PEPPER_ROOT;11646;16;11643;19;;;11652;16;11656;20;;;11649.0;0.0
yf_ZS=F_d13;47800;ASH_COATED_OSMIUM;9905;18;9902;22;;;9911;19;9915;21;;;9908.0;0.0
yf_ZS=F_d13;47800;INTARIAN_PEPPER_ROOT;11642;19;11638;20;;;11649;12;11652;19;;;11645.5;0.0
yf_ZS=F_d13;47900;ASH_COATED_OSMIUM;9897;19;9895;16;;;9918;18;9921;23;;;9907.5;0.0
yf_ZS=F_d13;47900;INTARIAN_PEPPER_ROOT;11637;5;11635;8;;;11647;18;11649;14;;;11642.0;0.0
yf_ZS=F_d13;48000;ASH_COATED_OSMIUM;9904;20;9902;20;;;9912;16;9916;22;;;9908.0;0.0
yf_ZS=F_d13;48000;INTARIAN_PEPPER_ROOT;11635;8;11632;23;;;11641;15;11644;18;;;11638.0;0.0
yf_ZS=F_d13;48100;ASH_COATED_OSMIUM;9905;15;9901;26;;;9911;20;9913;17;;;9908.0;0.0
yf_ZS=F_d13;48100;INTARIAN_PEPPER_ROOT;11629;21;11626;16;;;11640;19;11644;22;;;11634.5;0.0
yf_ZS=F_d13;48200;ASH_COATED_OSMIUM;9901;5;9897;15;;;9914;16;9918;20;;;9907.5;0.0
yf_ZS=F_d13;48200;INTARIAN_PEPPER_ROOT;11617;11;11615;21;;;11644;19;11648;18;;;11630.5;0.0
yf_ZS=F_d13;48300;ASH_COATED_OSMIUM;9905;16;9902;19;;;9911;18;9915;27;;;9908.0;0.0
yf_ZS=F_d13;48300;INTARIAN_PEPPER_ROOT;11620;6;11616;12;;;11635;22;11638;22;;;11627.5;0.0
yf_ZS=F_d13;48400;ASH_COATED_OSMIUM;9903;11;9900;29;;;9913;18;9917;22;;;9908.0;0.0
yf_ZS=F_d13;48400;INTARIAN_PEPPER_ROOT;11619;14;11615;15;;;11627;19;11631;21;;;11623.0;0.0
yf_ZS=F_d13;48500;ASH_COATED_OSMIUM;9900;12;9896;27;;;9916;15;9919;15;;;9908.0;0.0
yf_ZS=F_d13;48500;INTARIAN_PEPPER_ROOT;11609;23;11605;11;;;11630;15;11632;17;;;11619.5;0.0
yf_ZS=F_d13;48600;ASH_COATED_OSMIUM;9905;20;9901;18;;;9911;19;9914;22;;;9908.0;0.0
yf_ZS=F_d13;48600;INTARIAN_PEPPER_ROOT;11613;26;11611;25;;;11619;21;11623;23;;;11616.0;0.0
yf_ZS=F_d13;48700;ASH_COATED_OSMIUM;9901;16;9898;25;;;9914;12;9916;23;;;9907.5;0.0
yf_ZS=F_d13;48700;INTARIAN_PEPPER_ROOT;11608;20;11605;21;;;11615;16;11618;21;;;11611.5;0.0
yf_ZS=F_d13;48800;ASH_COATED_OSMIUM;9905;14;9901;17;;;9911;15;9915;13;;;9908.0;0.0
yf_ZS=F_d13;48800;INTARIAN_PEPPER_ROOT;11606;16;11603;18;;;11612;20;11614;14;;;11609.0;0.0
yf_ZS=F_d13;48900;ASH_COATED_OSMIUM;9905;21;9902;21;;;9911;9;9915;19;;;9908.0;0.0
yf_ZS=F_d13;48900;INTARIAN_PEPPER_ROOT;11596;16;11594;15;;;11614;18;11616;18;;;11605.0;0.0
yf_ZS=F_d13;49000;ASH_COATED_OSMIUM;9905;17;9903;20;;;9911;11;9915;25;;;9908.0;0.0
yf_ZS=F_d13;49000;INTARIAN_PEPPER_ROOT;11595;17;11592;25;;;11608;12;11610;21;;;11601.5;0.0
yf_ZS=F_d13;49100;ASH_COATED_OSMIUM;9905;16;9903;16;;;9911;14;9914;16;;;9908.0;0.0
yf_ZS=F_d13;49100;INTARIAN_PEPPER_ROOT;11592;14;11589;20;;;11603;13;11605;11;;;11597.5;0.0
yf_ZS=F_d13;49200;ASH_COATED_OSMIUM;9905;20;9901;19;;;9911;14;9915;17;;;9908.0;0.0
yf_ZS=F_d13;49200;INTARIAN_PEPPER_ROOT;11590;11;11586;17;;;11598;11;11600;22;;;11594.0;0.0
yf_ZS=F_d13;49300;ASH_COATED_OSMIUM;9905;13;9903;16;;;9911;5;9915;19;;;9908.0;0.0
yf_ZS=F_d13;49300;INTARIAN_PEPPER_ROOT;11587;16;11584;31;;;11593;19;11596;18;;;11590.0;0.0
yf_ZS=F_d13;49400;ASH_COATED_OSMIUM;9899;13;9897;8;;;9918;19;9920;8;;;9908.5;0.0
yf_ZS=F_d13;49400;INTARIAN_PEPPER_ROOT;11583;12;11580;11;;;11589;20;11591;19;;;11586.0;0.0
yf_ZS=F_d13;49500;ASH_COATED_OSMIUM;9905;17;9903;11;;;9911;17;9914;16;;;9908.0;0.0
yf_ZS=F_d13;49500;INTARIAN_PEPPER_ROOT;11580;16;11576;13;;;11586;10;11589;25;;;11583.0;0.0
yf_ZS=F_d13;49600;ASH_COATED_OSMIUM;9906;16;9902;20;;;9912;13;9916;8;;;9909.0;0.0
yf_ZS=F_d13;49600;INTARIAN_PEPPER_ROOT;11576;12;11572;13;;;11583;11;11587;16;;;11579.5;0.0
yf_ZS=F_d13;49700;ASH_COATED_OSMIUM;9906;16;9903;15;;;9912;16;9915;17;;;9909.0;0.0
yf_ZS=F_d13;49700;INTARIAN_PEPPER_ROOT;11570;19;11567;20;;;11580;15;11584;22;;;11575.0;0.0
yf_ZS=F_d13;49800;ASH_COATED_OSMIUM;9906;16;9902;11;;;9912;10;9914;20;;;9909.0;0.0
yf_ZS=F_d13;49800;INTARIAN_PEPPER_ROOT;11568;5;11564;22;;;11576;20;11579;10;;;11572.0;0.0
yf_ZS=F_d13;49900;ASH_COATED_OSMIUM;9888;16;9886;21;;;9927;23;9929;17;;;9907.5;0.0
yf_ZS=F_d13;49900;INTARIAN_PEPPER_ROOT;11563;10;11561;19;;;11572;12;11576;17;;;11567.5;0.0
yf_ZS=F_d13;50000;ASH_COATED_OSMIUM;9906;17;9903;20;;;9912;20;9915;31;;;9909.0;0.0
yf_ZS=F_d13;50000;INTARIAN_PEPPER_ROOT;11561;15;11559;20;;;11567;12;11569;21;;;11564.0;0.0
yf_ZS=F_d13;50100;ASH_COATED_OSMIUM;9905;7;9901;18;;;9911;21;9914;14;;;9908.0;0.0
yf_ZS=F_d13;50100;INTARIAN_PEPPER_ROOT;11557;12;11555;27;;;11563;15;11565;23;;;11560.0;0.0
yf_ZS=F_d13;50200;ASH_COATED_OSMIUM;9901;12;9897;19;;;9916;15;9920;22;;;9908.5;0.0
yf_ZS=F_d13;50200;INTARIAN_PEPPER_ROOT;11554;16;11551;24;;;11560;14;11562;19;;;11557.0;0.0
yf_ZS=F_d13;50300;ASH_COATED_OSMIUM;9901;15;9897;22;;;9913;15;9917;12;;;9907.0;0.0
yf_ZS=F_d13;50300;INTARIAN_PEPPER_ROOT;11549;20;11547;22;;;11558;20;11560;14;;;11553.5;0.0
yf_ZS=F_d13;50400;ASH_COATED_OSMIUM;9902;7;9898;16;;;9914;10;9918;15;;;9908.0;0.0
yf_ZS=F_d13;50400;INTARIAN_PEPPER_ROOT;11546;11;11543;23;;;11552;25;11554;16;;;11549.0;0.0
yf_ZS=F_d13;50500;ASH_COATED_OSMIUM;9900;9;9898;19;;;9917;6;9920;20;;;9908.5;0.0
yf_ZS=F_d13;50500;INTARIAN_PEPPER_ROOT;11543;12;11540;17;;;11549;17;11551;18;;;11546.0;0.0
yf_ZS=F_d13;50600;ASH_COATED_OSMIUM;9905;14;9902;12;;;9911;23;9914;19;;;9908.0;0.0
yf_ZS=F_d13;50600;INTARIAN_PEPPER_ROOT;11539;12;11535;20;;;11545;16;11549;18;;;11542.0;0.0
yf_ZS=F_d13;50700;ASH_COATED_OSMIUM;9905;5;9901;19;;;9911;21;9915;24;;;9908.0;0.0
yf_ZS=F_d13;50700;INTARIAN_PEPPER_ROOT;11535;13;11532;24;;;11541;13;11544;22;;;11538.0;0.0
yf_ZS=F_d13;50800;ASH_COATED_OSMIUM;9904;8;9902;26;;;9912;13;9916;28;;;9908.0;0.0
yf_ZS=F_d13;50800;INTARIAN_PEPPER_ROOT;11532;14;11528;16;;;11538;16;11540;25;;;11535.0;0.0
yf_ZS=F_d13;50900;ASH_COATED_OSMIUM;9905;12;9901;22;;;9911;15;9914;15;;;9908.0;0.0
yf_ZS=F_d13;50900;INTARIAN_PEPPER_ROOT;11524;19;11521;29;;;11543;20;11546;20;;;11533.5;0.0
yf_ZS=F_d13;51000;ASH_COATED_OSMIUM;9896;19;9894;22;;;9922;19;9925;19;;;9909.0;0.0
yf_ZS=F_d13;51000;INTARIAN_PEPPER_ROOT;11532;19;11528;18;;;11538;14;11542;17;;;11535.0;0.0
yf_ZS=F_d13;51100;ASH_COATED_OSMIUM;9904;9;9902;13;;;9913;16;9917;22;;;9908.5;0.0
yf_ZS=F_d13;51100;INTARIAN_PEPPER_ROOT;11533;17;11529;18;;;11541;14;11545;22;;;11537.0;0.0
yf_ZS=F_d13;51200;ASH_COATED_OSMIUM;9906;10;9902;29;;;9912;10;9916;18;;;9909.0;0.0
yf_ZS=F_d13;51200;INTARIAN_PEPPER_ROOT;11531;17;11528;8;;;11545;20;11547;11;;;11538.0;0.0
yf_ZS=F_d13;51300;ASH_COATED_OSMIUM;9906;21;9902;21;;;9912;18;9914;19;;;9909.0;0.0
yf_ZS=F_d13;51300;INTARIAN_PEPPER_ROOT;11521;20;11519;24;;;11557;14;11559;13;;;11539.0;0.0
yf_ZS=F_d13;51400;ASH_COATED_OSMIUM;9905;23;9903;22;;;9911;5;9914;15;;;9908.0;0.0
yf_ZS=F_d13;51400;INTARIAN_PEPPER_ROOT;11537;22;11533;16;;;11543;15;11546;18;;;11540.0;0.0
yf_ZS=F_d13;51500;ASH_COATED_OSMIUM;9905;11;9901;16;;;9912;19;9915;16;;;9908.5;0.0
yf_ZS=F_d13;51500;INTARIAN_PEPPER_ROOT;11539;16;11536;22;;;11545;18;11547;13;;;11542.0;0.0
yf_ZS=F_d13;51600;ASH_COATED_OSMIUM;9906;14;9903;22;;;9912;8;9915;19;;;9909.0;0.0
yf_ZS=F_d13;51600;INTARIAN_PEPPER_ROOT;11540;13;11537;17;;;11546;9;11549;32;;;11543.0;0.0
yf_ZS=F_d13;51700;ASH_COATED_OSMIUM;9905;14;9903;15;;;9912;14;9914;24;;;9908.5;0.0
yf_ZS=F_d13;51700;INTARIAN_PEPPER_ROOT;11541;15;11539;15;;;11547;18;11549;20;;;11544.0;0.0
yf_ZS=F_d13;51800;ASH_COATED_OSMIUM;9906;25;9903;21;;;9912;12;9914;20;;;9909.0;0.0
yf_ZS=F_d13;51800;INTARIAN_PEPPER_ROOT;11541;9;11537;29;;;11551;23;11555;23;;;11546.0;0.0
yf_ZS=F_d13;51900;ASH_COATED_OSMIUM;9896;16;9892;14;;;9923;5;9925;20;;;9909.5;0.0
yf_ZS=F_d13;51900;INTARIAN_PEPPER_ROOT;11538;14;11535;14;;;11557;13;11560;26;;;11547.5;0.0
yf_ZS=F_d13;52000;ASH_COATED_OSMIUM;9901;14;9897;13;;;9919;19;9921;25;;;9910.0;0.0
yf_ZS=F_d13;52000;INTARIAN_PEPPER_ROOT;11546;17;11542;24;;;11552;10;11555;22;;;11549.0;0.0
yf_ZS=F_d13;52100;ASH_COATED_OSMIUM;9901;9;9898;19;;;9918;9;9920;19;;;9909.5;0.0
yf_ZS=F_d13;52100;INTARIAN_PEPPER_ROOT;11547;22;11543;25;;;11553;9;11556;12;;;11550.0;0.0
yf_ZS=F_d13;52200;ASH_COATED_OSMIUM;9907;15;9904;21;;;9913;15;9916;23;;;9910.0;0.0
yf_ZS=F_d13;52200;INTARIAN_PEPPER_ROOT;11548;5;11544;29;;;11554;19;11557;20;;;11551.0;0.0
yf_ZS=F_d13;52300;ASH_COATED_OSMIUM;9906;6;9904;10;;;9913;16;9915;29;;;9909.5;0.0
yf_ZS=F_d13;52300;INTARIAN_PEPPER_ROOT;11549;9;11545;17;;;11556;16;11558;15;;;11552.5;0.0
yf_ZS=F_d13;52400;ASH_COATED_OSMIUM;9907;15;9904;19;;;9913;17;9916;18;;;9910.0;0.0
yf_ZS=F_d13;52400;INTARIAN_PEPPER_ROOT;11551;21;11547;14;;;11557;22;11559;21;;;11554.0;0.0
yf_ZS=F_d13;52500;ASH_COATED_OSMIUM;9907;13;9904;19;;;9913;9;9916;21;;;9910.0;0.0
yf_ZS=F_d13;52500;INTARIAN_PEPPER_ROOT;11549;14;11546;20;;;11560;22;11562;22;;;11554.5;0.0
yf_ZS=F_d13;52600;ASH_COATED_OSMIUM;9907;7;9904;20;;;9913;11;9916;15;;;9910.0;0.0
yf_ZS=F_d13;52600;INTARIAN_PEPPER_ROOT;11553;10;11550;14;;;11560;15;11563;22;;;11556.5;0.0
yf_ZS=F_d13;52700;ASH_COATED_OSMIUM;9907;16;9904;20;;;9913;5;9915;22;;;9910.0;0.0
yf_ZS=F_d13;52700;INTARIAN_PEPPER_ROOT;11554;15;11552;26;;;11561;16;11565;20;;;11557.5;0.0
yf_ZS=F_d13;52800;ASH_COATED_OSMIUM;9900;10;9897;19;;;9919;15;9922;11;;;9909.5;0.0
yf_ZS=F_d13;52800;INTARIAN_PEPPER_ROOT;11555;11;11553;21;;;11563;10;11565;10;;;11559.0;0.0
yf_ZS=F_d13;52900;ASH_COATED_OSMIUM;9907;10;9903;22;;;9913;11;9915;25;;;9910.0;0.0
yf_ZS=F_d13;52900;INTARIAN_PEPPER_ROOT;11557;14;11555;26;;;11563;15;11565;22;;;11560.0;0.0
yf_ZS=F_d13;53000;ASH_COATED_OSMIUM;9900;12;9896;17;;;9921;18;9923;31;;;9910.5;0.0
yf_ZS=F_d13;53000;INTARIAN_PEPPER_ROOT;11559;23;11557;24;;;11565;15;11568;21;;;11562.0;0.0
yf_ZS=F_d13;53100;ASH_COATED_OSMIUM;9899;19;9895;22;;;9923;10;9926;19;;;9911.0;0.0
yf_ZS=F_d13;53100;INTARIAN_PEPPER_ROOT;11560;9;11556;25;;;11566;9;11569;22;;;11563.0;0.0
yf_ZS=F_d13;53200;ASH_COATED_OSMIUM;9908;5;9906;15;;;9914;10;9918;19;;;9911.0;0.0
yf_ZS=F_d13;53200;INTARIAN_PEPPER_ROOT;11561;13;11557;19;;;11567;9;11571;21;;;11564.0;0.0
yf_ZS=F_d13;53300;ASH_COATED_OSMIUM;9907;19;9904;23;;;9914;16;9916;20;;;9910.5;0.0
yf_ZS=F_d13;53300;INTARIAN_PEPPER_ROOT;11562;19;11559;21;;;11568;5;11570;24;;;11565.0;0.0
yf_ZS=F_d13;53400;ASH_COATED_OSMIUM;9908;14;9904;18;;;9914;12;9916;16;;;9911.0;0.0
yf_ZS=F_d13;53400;INTARIAN_PEPPER_ROOT;11561;20;11557;21;;;11572;13;11574;18;;;11566.5;0.0
yf_ZS=F_d13;53500;ASH_COATED_OSMIUM;9908;23;9906;26;;;9914;15;9918;26;;;9911.0;0.0
yf_ZS=F_d13;53500;INTARIAN_PEPPER_ROOT;11564;12;11562;19;;;11574;11;11576;25;;;11569.0;0.0
yf_ZS=F_d13;53600;ASH_COATED_OSMIUM;9905;13;9901;26;;;9916;16;9920;18;;;9910.5;0.0
yf_ZS=F_d13;53600;INTARIAN_PEPPER_ROOT;11567;12;11564;26;;;11573;15;11577;25;;;11570.0;0.0
yf_ZS=F_d13;53700;ASH_COATED_OSMIUM;9908;11;9906;22;;;9914;5;9918;18;;;9911.0;0.0
yf_ZS=F_d13;53700;INTARIAN_PEPPER_ROOT;11565;8;11563;13;;;11578;21;11582;14;;;11571.5;0.0
yf_ZS=F_d13;53800;ASH_COATED_OSMIUM;9908;17;9904;14;;;9914;12;9918;14;;;9911.0;0.0
yf_ZS=F_d13;53800;INTARIAN_PEPPER_ROOT;11569;16;11566;14;;;11575;19;11578;19;;;11572.0;0.0
yf_ZS=F_d13;53900;ASH_COATED_OSMIUM;9903;18;9900;17;;;9920;17;9923;16;;;9911.5;0.0
yf_ZS=F_d13;53900;INTARIAN_PEPPER_ROOT;11571;17;11568;15;;;11577;11;11580;22;;;11574.0;0.0
yf_ZS=F_d13;54000;ASH_COATED_OSMIUM;9897;14;9895;20;;;9926;7;9929;23;;;9911.5;0.0
yf_ZS=F_d13;54000;INTARIAN_PEPPER_ROOT;11571;5;11567;13;;;11577;11;11580;24;;;11574.0;0.0
yf_ZS=F_d13;54100;ASH_COATED_OSMIUM;9907;16;9904;9;;;9915;10;9917;24;;;9911.0;0.0
yf_ZS=F_d13;54100;INTARIAN_PEPPER_ROOT;11573;13;11571;21;;;11579;13;11582;22;;;11576.0;0.0
yf_ZS=F_d13;54200;ASH_COATED_OSMIUM;9909;20;9905;21;;;9915;20;9919;12;;;9912.0;0.0
yf_ZS=F_d13;54200;INTARIAN_PEPPER_ROOT;11568;16;11565;15;;;11586;15;11589;17;;;11577.0;0.0
yf_ZS=F_d13;54300;ASH_COATED_OSMIUM;9908;5;9904;27;;;9914;7;9918;12;;;9911.0;0.0
yf_ZS=F_d13;54300;INTARIAN_PEPPER_ROOT;11575;15;11573;25;;;11581;22;11585;19;;;11578.0;0.0
yf_ZS=F_d13;54400;ASH_COATED_OSMIUM;9904;8;9900;21;;;9919;11;9923;31;;;9911.5;0.0
yf_ZS=F_d13;54400;INTARIAN_PEPPER_ROOT;11577;17;11573;15;;;11583;19;11585;21;;;11580.0;0.0
yf_ZS=F_d13;54500;ASH_COATED_OSMIUM;9909;20;9905;27;;;9915;10;9919;23;;;9912.0;0.0
yf_ZS=F_d13;54500;INTARIAN_PEPPER_ROOT;11578;16;11576;20;;;11584;14;11587;17;;;11581.0;0.0
yf_ZS=F_d13;54600;ASH_COATED_OSMIUM;9906;22;9903;25;;;9918;19;9921;19;;;9912.0;0.0
yf_ZS=F_d13;54600;INTARIAN_PEPPER_ROOT;11580;15;11577;25;;;11586;28;11589;22;;;11583.0;0.0
yf_ZS=F_d13;54700;ASH_COATED_OSMIUM;9906;11;9902;14;;;9917;16;9919;13;;;9911.5;0.0
yf_ZS=F_d13;54700;INTARIAN_PEPPER_ROOT;11577;18;11573;19;;;11590;16;11594;20;;;11583.5;0.0
yf_ZS=F_d13;54800;ASH_COATED_OSMIUM;9908;16;9906;20;;;9916;14;9918;21;;;9912.0;0.0
yf_ZS=F_d13;54800;INTARIAN_PEPPER_ROOT;11582;17;11579;22;;;11588;6;11592;14;;;11585.0;0.0
yf_ZS=F_d13;54900;ASH_COATED_OSMIUM;9907;17;9903;20;;;9917;21;9919;13;;;9912.0;0.0
yf_ZS=F_d13;54900;INTARIAN_PEPPER_ROOT;11578;25;11575;21;;;11595;19;11598;15;;;11586.5;0.0
yf_ZS=F_d13;55000;ASH_COATED_OSMIUM;9910;22;9907;17;;;9916;12;9918;20;;;9913.0;0.0
yf_ZS=F_d13;55000;INTARIAN_PEPPER_ROOT;11585;9;11583;27;;;11591;6;11595;17;;;11588.0;0.0
yf_ZS=F_d13;55100;ASH_COATED_OSMIUM;9909;19;9907;17;;;9915;10;9918;11;;;9912.0;0.0
yf_ZS=F_d13;55100;INTARIAN_PEPPER_ROOT;11584;13;11580;24;;;11594;24;11596;27;;;11589.0;0.0
yf_ZS=F_d13;55200;ASH_COATED_OSMIUM;9909;13;9907;17;;;9915;19;9917;23;;;9912.0;0.0
yf_ZS=F_d13;55200;INTARIAN_PEPPER_ROOT;11588;20;11586;12;;;11594;14;11596;26;;;11591.0;0.0
yf_ZS=F_d13;55300;ASH_COATED_OSMIUM;9909;13;9905;16;;;9916;15;9919;27;;;9912.5;0.0
yf_ZS=F_d13;55300;INTARIAN_PEPPER_ROOT;11589;17;11587;24;;;11595;20;11598;20;;;11592.0;0.0
yf_ZS=F_d13;55400;ASH_COATED_OSMIUM;9900;18;9897;23;;;9924;12;9927;22;;;9912.0;0.0
yf_ZS=F_d13;55400;INTARIAN_PEPPER_ROOT;11585;15;11582;30;;;11602;8;11606;27;;;11593.5;0.0
yf_ZS=F_d13;55500;ASH_COATED_OSMIUM;9905;17;9901;23;;;9921;13;9923;21;;;9913.0;0.0
yf_ZS=F_d13;55500;INTARIAN_PEPPER_ROOT;11592;15;11590;23;;;11598;15;11601;13;;;11595.0;0.0
yf_ZS=F_d13;55600;ASH_COATED_OSMIUM;9902;13;9899;19;;;9924;20;9927;8;;;9913.0;0.0
yf_ZS=F_d13;55600;INTARIAN_PEPPER_ROOT;11592;10;11588;12;;;11601;23;11603;18;;;11596.5;0.0
yf_ZS=F_d13;55700;ASH_COATED_OSMIUM;9906;17;9903;20;;;9919;19;9923;24;;;9912.5;0.0
yf_ZS=F_d13;55700;INTARIAN_PEPPER_ROOT;11586;17;11582;18;;;11609;21;11611;17;;;11597.5;0.0
yf_ZS=F_d13;55800;ASH_COATED_OSMIUM;9909;19;9906;23;;;9915;13;9917;22;;;9912.0;0.0
yf_ZS=F_d13;55800;INTARIAN_PEPPER_ROOT;11595;6;11593;21;;;11601;10;11605;20;;;11598.0;0.0
yf_ZS=F_d13;55900;ASH_COATED_OSMIUM;9910;9;9908;18;;;9916;14;9920;18;;;9913.0;0.0
yf_ZS=F_d13;55900;INTARIAN_PEPPER_ROOT;11596;19;11594;12;;;11602;26;11604;24;;;11599.0;0.0
yf_ZS=F_d13;56000;ASH_COATED_OSMIUM;9910;13;9907;13;;;9916;11;9919;23;;;9913.0;0.0
yf_ZS=F_d13;56000;INTARIAN_PEPPER_ROOT;11598;8;11596;23;;;11604;15;11607;17;;;11601.0;0.0
yf_ZS=F_d13;56100;ASH_COATED_OSMIUM;9909;6;9907;19;;;9917;10;9921;22;;;9913.0;0.0
yf_ZS=F_d13;56100;INTARIAN_PEPPER_ROOT;11598;15;11596;23;;;11607;19;11609;20;;;11602.5;0.0
yf_ZS=F_d13;56200;ASH_COATED_OSMIUM;9910;23;9907;17;;;9916;23;9920;16;;;9913.0;0.0
yf_ZS=F_d13;56200;INTARIAN_PEPPER_ROOT;11601;20;11597;16;;;11607;18;11611;20;;;11604.0;0.0
yf_ZS=F_d13;56300;ASH_COATED_OSMIUM;9908;10;9904;26;;;9917;17;9921;11;;;9912.5;0.0
yf_ZS=F_d13;56300;INTARIAN_PEPPER_ROOT;11598;8;11594;20;;;11613;19;11615;19;;;11605.5;0.0
yf_ZS=F_d13;56400;ASH_COATED_OSMIUM;9911;8;9907;25;;;9917;17;9920;26;;;9914.0;0.0
yf_ZS=F_d13;56400;INTARIAN_PEPPER_ROOT;11603;6;11599;24;;;11609;27;11612;21;;;11606.0;0.0
yf_ZS=F_d13;56500;ASH_COATED_OSMIUM;9906;18;9904;27;;;9920;12;9923;17;;;9913.0;0.0
yf_ZS=F_d13;56500;INTARIAN_PEPPER_ROOT;11604;15;11600;16;;;11612;21;11614;13;;;11608.0;0.0
yf_ZS=F_d13;56600;ASH_COATED_OSMIUM;9910;13;9907;25;;;9916;5;9920;18;;;9913.0;0.0
yf_ZS=F_d13;56600;INTARIAN_PEPPER_ROOT;11597;20;11593;10;;;11620;18;11624;23;;;11608.5;0.0
yf_ZS=F_d13;56700;ASH_COATED_OSMIUM;9911;19;9909;16;;;9917;12;9921;19;;;9914.0;0.0
yf_ZS=F_d13;56700;INTARIAN_PEPPER_ROOT;11608;13;11606;15;;;11614;19;11618;15;;;11611.0;0.0
yf_ZS=F_d13;56800;ASH_COATED_OSMIUM;9911;18;9907;26;;;9917;16;9919;29;;;9914.0;0.0
yf_ZS=F_d13;56800;INTARIAN_PEPPER_ROOT;11609;8;11606;20;;;11615;13;11619;20;;;11612.0;0.0
yf_ZS=F_d13;56900;ASH_COATED_OSMIUM;9896;14;9893;23;;;9931;16;9935;19;;;9913.5;0.0
yf_ZS=F_d13;56900;INTARIAN_PEPPER_ROOT;11610;16;11606;12;;;11617;16;11621;20;;;11613.5;0.0
yf_ZS=F_d13;57000;ASH_COATED_OSMIUM;9910;22;9907;20;;;9917;14;9919;18;;;9913.5;0.0
yf_ZS=F_d13;57000;INTARIAN_PEPPER_ROOT;11612;7;11609;21;;;11618;18;11622;21;;;11615.0;0.0
yf_ZS=F_d13;57100;ASH_COATED_OSMIUM;9911;13;9908;23;;;9918;18;9922;14;;;9914.5;0.0
yf_ZS=F_d13;57100;INTARIAN_PEPPER_ROOT;11613;20;11610;23;;;11619;13;11622;21;;;11616.0;0.0
yf_ZS=F_d13;57200;ASH_COATED_OSMIUM;9911;14;9908;18;;;9917;9;9921;23;;;9914.0;0.0
yf_ZS=F_d13;57200;INTARIAN_PEPPER_ROOT;11612;10;11610;19;;;11623;15;11627;17;;;11617.5;0.0
yf_ZS=F_d13;57300;ASH_COATED_OSMIUM;9911;16;9907;26;;;9917;20;9920;23;;;9914.0;0.0
yf_ZS=F_d13;57300;INTARIAN_PEPPER_ROOT;11615;12;11611;20;;;11621;19;11623;28;;;11618.0;0.0
yf_ZS=F_d13;57400;ASH_COATED_OSMIUM;9901;16;9898;31;;;9927;14;9931;24;;;9914.0;0.0
yf_ZS=F_d13;57400;INTARIAN_PEPPER_ROOT;11612;21;11610;14;;;11628;17;11630;28;;;11620.0;0.0
yf_ZS=F_d13;57500;ASH_COATED_OSMIUM;9911;20;9908;12;;;9917;17;9921;16;;;9914.0;0.0
yf_ZS=F_d13;57500;INTARIAN_PEPPER_ROOT;11619;15;11616;15;;;11625;20;11629;23;;;11622.0;0.0
yf_ZS=F_d13;57600;ASH_COATED_OSMIUM;9911;20;9907;9;;;9917;13;9921;20;;;9914.0;0.0
yf_ZS=F_d13;57600;INTARIAN_PEPPER_ROOT;11619;16;11615;18;;;11625;18;11627;14;;;11622.0;0.0
