day;timestamp;product;bid_price_1;bid_volume_1;bid_price_2;bid_volume_2;bid_price_3;bid_volume_3;ask_price_1;ask_volume_1;ask_price_2;ask_volume_2;ask_price_3;ask_volume_3;mid_price;profit_and_loss
yf_ZC=F_d0;0;ASH_COATED_OSMIUM;10036;15;10033;27;;;10042;19;10044;18;;;10039.0;0.0
yf_ZC=F_d0;0;INTARIAN_PEPPER_ROOT;11529;12;11525;13;;;11535;9;11539;24;;;11532.0;0.0
yf_ZC=F_d0;100;ASH_COATED_OSMIUM;10036;17;10033;22;;;10042;23;10046;19;;;10039.0;0.0
yf_ZC=F_d0;100;INTARIAN_PEPPER_ROOT;11529;10;11527;25;;;11535;10;11539;18;;;11532.0;0.0
yf_ZC=F_d0;200;ASH_COATED_OSMIUM;10018;12;10016;12;;;10059;20;10061;13;;;10038.5;0.0
yf_ZC=F_d0;200;INTARIAN_PEPPER_ROOT;11529;11;11526;26;;;11535;18;11539;19;;;11532.0;0.0
yf_ZC=F_d0;300;ASH_COATED_OSMIUM;10036;11;10032;31;;;10042;19;10044;9;;;10039.0;0.0
yf_ZC=F_d0;300;INTARIAN_PEPPER_ROOT;11528;17;11526;17;;;11534;17;11538;8;;;11531.0;0.0
yf_ZC=F_d0;400;ASH_COATED_OSMIUM;10035;5;10033;19;;;10041;15;10044;11;;;10038.0;0.0
yf_ZC=F_d0;400;INTARIAN_PEPPER_ROOT;11528;15;11524;11;;;11534;17;11537;16;;;11531.0;0.0
yf_ZC=F_d0;500;ASH_COATED_OSMIUM;10035;15;10031;13;;;10042;20;10045;14;;;10038.5;0.0
yf_ZC=F_d0;500;INTARIAN_PEPPER_ROOT;11523;5;11520;17;;;11539;22;11542;11;;;11531.0;0.0
yf_ZC=F_d0;600;ASH_COATED_OSMIUM;10032;21;10028;21;;;10044;22;10047;16;;;10038.0;0.0
yf_ZC=F_d0;600;INTARIAN_PEPPER_ROOT;11524;23;11522;11;;;11538;15;11542;13;;;11531.0;0.0
yf_ZC=F_d0;700;ASH_COATED_OSMIUM;10035;16;10033;11;;;10041;19;10043;22;;;10038.0;0.0
yf_ZC=F_d0;700;INTARIAN_PEPPER_ROOT;11528;12;11524;25;;;11534;18;11536;18;;;11531.0;0.0
yf_ZC=F_d0;800;ASH_COATED_OSMIUM;10022;5;10019;21;;;10053;15;10057;15;;;10037.5;0.0
yf_ZC=F_d0;800;INTARIAN_PEPPER_ROOT;11527;9;11525;25;;;11533;7;11537;24;;;11530.0;0.0
yf_ZC=F_d0;900;ASH_COATED_OSMIUM;10035;10;10033;17;;;10041;18;10043;15;;;10038.0;0.0
yf_ZC=F_d0;900;INTARIAN_PEPPER_ROOT;11527;11;11524;14;;;11535;16;11539;25;;;11531.0;0.0
yf_ZC=F_d0;1000;ASH_COATED_OSMIUM;10035;13;10031;11;;;10041;16;10043;27;;;10038.0;0.0
yf_ZC=F_d0;1000;INTARIAN_PEPPER_ROOT;11527;22;11525;24;;;11533;20;11535;22;;;11530.0;0.0
yf_ZC=F_d0;1100;ASH_COATED_OSMIUM;10034;6;10032;11;;;10040;10;10044;14;;;10037.0;0.0
yf_ZC=F_d0;1100;INTARIAN_PEPPER_ROOT;11527;10;11525;19;;;11533;22;11537;20;;;11530.0;0.0
yf_ZC=F_d0;1200;ASH_COATED_OSMIUM;10034;5;10032;23;;;10040;15;10044;19;;;10037.0;0.0
yf_ZC=F_d0;1200;INTARIAN_PEPPER_ROOT;11522;9;11518;12;;;11536;22;11538;15;;;11529.0;0.0
yf_ZC=F_d0;1300;ASH_COATED_OSMIUM;10034;10;10032;11;;;10040;10;10043;18;;;10037.0;0.0
yf_ZC=F_d0;1300;INTARIAN_PEPPER_ROOT;11526;9;11522;18;;;11532;18;11535;20;;;11529.0;0.0
yf_ZC=F_d0;1400;ASH_COATED_OSMIUM;10034;22;10031;9;;;10040;16;10042;23;;;10037.0;0.0
yf_ZC=F_d0;1400;INTARIAN_PEPPER_ROOT;11526;19;11523;27;;;11532;13;11536;24;;;11529.0;0.0
yf_ZC=F_d0;1500;ASH_COATED_OSMIUM;10033;14;10029;24;;;10039;12;10041;29;;;10036.0;0.0
yf_ZC=F_d0;1500;INTARIAN_PEPPER_ROOT;11526;11;11523;24;;;11532;20;11535;17;;;11529.0;0.0
yf_ZC=F_d0;1600;ASH_COATED_OSMIUM;10033;13;10031;32;;;10039;14;10042;18;;;10036.0;0.0
yf_ZC=F_d0;1600;INTARIAN_PEPPER_ROOT;11522;14;11518;27;;;11535;13;11539;19;;;11528.5;0.0
yf_ZC=F_d0;1700;ASH_COATED_OSMIUM;10033;8;10029;27;;;10039;12;10041;18;;;10036.0;0.0
yf_ZC=F_d0;1700;INTARIAN_PEPPER_ROOT;11520;5;11517;20;;;11537;23;11539;10;;;11528.5;0.0
yf_ZC=F_d0;1800;ASH_COATED_OSMIUM;10032;20;10030;25;;;10040;15;10043;18;;;10036.0;0.0
yf_ZC=F_d0;1800;INTARIAN_PEPPER_ROOT;11505;7;11502;23;;;11551;9;11553;16;;;11528.0;0.0
yf_ZC=F_d0;1900;ASH_COATED_OSMIUM;10033;15;10030;14;;;10039;10;10041;18;;;10036.0;0.0
yf_ZC=F_d0;1900;INTARIAN_PEPPER_ROOT;11525;23;11522;24;;;11531;15;11535;24;;;11528.0;0.0
yf_ZC=F_d0;2000;ASH_COATED_OSMIUM;10031;19;10029;15;;;10040;18;10043;30;;;10035.5;0.0
yf_ZC=F_d0;2000;INTARIAN_PEPPER_ROOT;11525;20;11521;26;;;11531;14;11535;16;;;11528.0;0.0
yf_ZC=F_d0;2100;ASH_COATED_OSMIUM;10033;8;10030;16;;;10039;16;10042;20;;;10036.0;0.0
yf_ZC=F_d0;2100;INTARIAN_PEPPER_ROOT;11524;8;11522;23;;;11531;16;11533;16;;;11527.5;0.0
yf_ZC=F_d0;2200;ASH_COATED_OSMIUM;10033;18;10029;23;;;10039;13;10043;19;;;10036.0;0.0
yf_ZC=F_d0;2200;INTARIAN_PEPPER_ROOT;11524;17;11520;11;;;11530;19;11534;24;;;11527.0;0.0
yf_ZC=F_d0;2300;ASH_COATED_OSMIUM;10031;22;10027;20;;;10040;19;10044;20;;;10035.5;0.0
yf_ZC=F_d0;2300;INTARIAN_PEPPER_ROOT;11523;10;11519;16;;;11532;19;11534;17;;;11527.5;0.0
yf_ZC=F_d0;2400;ASH_COATED_OSMIUM;10029;20;10026;17;;;10042;18;10045;26;;;10035.5;0.0
yf_ZC=F_d0;2400;INTARIAN_PEPPER_ROOT;11524;18;11522;32;;;11530;12;11532;27;;;11527.0;0.0
yf_ZC=F_d0;2500;ASH_COATED_OSMIUM;10032;20;10028;24;;;10038;18;10041;31;;;10035.0;0.0
yf_ZC=F_d0;2500;INTARIAN_PEPPER_ROOT;11524;12;11522;19;;;11530;14;11534;26;;;11527.0;0.0
yf_ZC=F_d0;2600;ASH_COATED_OSMIUM;10032;10;10030;30;;;10038;18;10040;16;;;10035.0;0.0
yf_ZC=F_d0;2600;INTARIAN_PEPPER_ROOT;11523;16;11520;19;;;11531;24;11533;13;;;11527.0;0.0
yf_ZC=F_d0;2700;ASH_COATED_OSMIUM;10032;13;10028;20;;;10038;21;10041;20;;;10035.0;0.0
yf_ZC=F_d0;2700;INTARIAN_PEPPER_ROOT;11522;5;11520;22;;;11532;17;11535;29;;;11527.0;0.0
yf_ZC=F_d0;2800;ASH_COATED_OSMIUM;10031;23;10027;16;;;10037;16;10040;21;;;10034.0;0.0
yf_ZC=F_d0;2800;INTARIAN_PEPPER_ROOT;11523;16;11521;26;;;11529;6;11533;24;;;11526.0;0.0
yf_ZC=F_d0;2900;ASH_COATED_OSMIUM;10021;13;10018;14;;;10048;19;10052;29;;;10034.5;0.0
yf_ZC=F_d0;2900;INTARIAN_PEPPER_ROOT;11524;17;11520;27;;;11530;14;11532;24;;;11527.0;0.0
yf_ZC=F_d0;3000;ASH_COATED_OSMIUM;10030;13;10026;31;;;10039;19;10043;20;;;10034.5;0.0
yf_ZC=F_d0;3000;INTARIAN_PEPPER_ROOT;11519;18;11515;23;;;11533;11;11536;19;;;11526.0;0.0
yf_ZC=F_d0;3100;ASH_COATED_OSMIUM;10027;14;10025;17;;;10041;14;10045;18;;;10034.0;0.0
yf_ZC=F_d0;3100;INTARIAN_PEPPER_ROOT;11523;15;11520;19;;;11529;18;11531;17;;;11526.0;0.0
yf_ZC=F_d0;3200;ASH_COATED_OSMIUM;10009;18;10005;24;;;10059;18;10061;14;;;10034.0;0.0
yf_ZC=F_d0;3200;INTARIAN_PEPPER_ROOT;11518;14;11516;27;;;11534;20;11537;18;;;11526.0;0.0
yf_ZC=F_d0;3300;ASH_COATED_OSMIUM;10028;12;10026;10;;;10038;16;10041;20;;;10033.0;0.0
yf_ZC=F_d0;3300;INTARIAN_PEPPER_ROOT;11518;9;11515;16;;;11533;11;11536;20;;;11525.5;0.0
yf_ZC=F_d0;3400;ASH_COATED_OSMIUM;10027;13;10023;9;;;10039;15;10041;21;;;10033.0;0.0
yf_ZC=F_d0;3400;INTARIAN_PEPPER_ROOT;11523;14;11519;20;;;11529;13;11531;20;;;11526.0;0.0
yf_ZC=F_d0;3500;ASH_COATED_OSMIUM;10026;14;10023;12;;;10041;19;10044;17;;;10033.5;0.0
yf_ZC=F_d0;3500;INTARIAN_PEPPER_ROOT;11522;16;11520;28;;;11529;24;11531;19;;;11525.5;0.0
yf_ZC=F_d0;3600;ASH_COATED_OSMIUM;10030;14;10027;18;;;10036;14;10038;26;;;10033.0;0.0
yf_ZC=F_d0;3600;INTARIAN_PEPPER_ROOT;11522;16;11520;18;;;11528;20;11530;25;;;11525.0;0.0
yf_ZC=F_d0;3700;ASH_COATED_OSMIUM;10030;18;10026;17;;;10036;13;10040;11;;;10033.0;0.0
yf_ZC=F_d0;3700;INTARIAN_PEPPER_ROOT;11522;18;11519;16;;;11528;10;11530;25;;;11525.0;0.0
yf_ZC=F_d0;3800;ASH_COATED_OSMIUM;10029;6;10027;14;;;10035;9;10039;15;;;10032.0;0.0
yf_ZC=F_d0;3800;INTARIAN_PEPPER_ROOT;11521;5;11518;12;;;11527;15;11530;10;;;11524.0;0.0
yf_ZC=F_d0;3900;ASH_COATED_OSMIUM;10030;20;10028;20;;;10036;15;10040;15;;;10033.0;0.0
yf_ZC=F_d0;3900;INTARIAN_PEPPER_ROOT;11521;19;11517;22;;;11527;12;11529;19;;;11524.0;0.0
yf_ZC=F_d0;4000;ASH_COATED_OSMIUM;10030;17;10027;18;;;10036;20;10040;23;;;10033.0;0.0
yf_ZC=F_d0;4000;INTARIAN_PEPPER_ROOT;11521;15;11517;17;;;11527;20;11529;17;;;11524.0;0.0
yf_ZC=F_d0;4100;ASH_COATED_OSMIUM;10028;5;10026;19;;;10037;11;10040;14;;;10032.5;0.0
yf_ZC=F_d0;4100;INTARIAN_PEPPER_ROOT;11520;16;11518;18;;;11529;17;11531;19;;;11524.5;0.0
yf_ZC=F_d0;4200;ASH_COATED_OSMIUM;10030;18;10027;21;;;10036;21;10039;21;;;10033.0;0.0
yf_ZC=F_d0;4200;INTARIAN_PEPPER_ROOT;11520;11;11518;21;;;11528;12;11532;23;;;11524.0;0.0
yf_ZC=F_d0;4300;ASH_COATED_OSMIUM;10024;14;10021;25;;;10040;14;10043;21;;;10032.0;0.0
yf_ZC=F_d0;4300;INTARIAN_PEPPER_ROOT;11520;18;11516;14;;;11526;13;11529;24;;;11523.0;0.0
yf_ZC=F_d0;4400;ASH_COATED_OSMIUM;10029;14;10027;14;;;10035;15;10038;22;;;10032.0;0.0
yf_ZC=F_d0;4400;INTARIAN_PEPPER_ROOT;11515;23;11513;19;;;11532;6;11535;22;;;11523.5;0.0
yf_ZC=F_d0;4500;ASH_COATED_OSMIUM;10010;11;10006;21;;;10054;11;10057;26;;;10032.0;0.0
yf_ZC=F_d0;4500;INTARIAN_PEPPER_ROOT;11520;21;11516;26;;;11526;22;11529;17;;;11523.0;0.0
yf_ZC=F_d0;4600;ASH_COATED_OSMIUM;10029;10;10027;23;;;10035;17;10038;8;;;10032.0;0.0
yf_ZC=F_d0;4600;INTARIAN_PEPPER_ROOT;11517;24;11513;12;;;11528;10;11532;19;;;11522.5;0.0
yf_ZC=F_d0;4700;ASH_COATED_OSMIUM;10029;17;10026;16;;;10035;18;10037;16;;;10032.0;0.0
yf_ZC=F_d0;4700;INTARIAN_PEPPER_ROOT;11520;17;11516;16;;;11526;21;11529;24;;;11523.0;0.0
yf_ZC=F_d0;4800;ASH_COATED_OSMIUM;10023;9;10021;18;;;10040;12;10044;30;;;10031.5;0.0
yf_ZC=F_d0;4800;INTARIAN_PEPPER_ROOT;11519;22;11517;8;;;11525;13;11527;32;;;11522.0;0.0
yf_ZC=F_d0;4900;ASH_COATED_OSMIUM;10019;13;10015;22;;;10043;14;10045;14;;;10031.0;0.0
yf_ZC=F_d0;4900;INTARIAN_PEPPER_ROOT;11519;10;11517;15;;;11525;27;11528;18;;;11522.0;0.0
yf_ZC=F_d0;5000;ASH_COATED_OSMIUM;10029;15;10027;20;;;10035;5;10039;20;;;10032.0;0.0
yf_ZC=F_d0;5000;INTARIAN_PEPPER_ROOT;11518;21;11514;18;;;11528;12;11532;21;;;11523.0;0.0
yf_ZC=F_d0;5100;ASH_COATED_OSMIUM;10028;7;10026;15;;;10034;21;10037;21;;;10031.0;0.0
yf_ZC=F_d0;5100;INTARIAN_PEPPER_ROOT;11510;14;11506;15;;;11533;14;11537;15;;;11521.5;0.0
yf_ZC=F_d0;5200;ASH_COATED_OSMIUM;10028;9;10025;25;;;10034;14;10037;23;;;10031.0;0.0
yf_ZC=F_d0;5200;INTARIAN_PEPPER_ROOT;11519;9;11516;21;;;11525;24;11528;22;;;11522.0;0.0
yf_ZC=F_d0;5300;ASH_COATED_OSMIUM;10025;12;10021;23;;;10037;11;10039;11;;;10031.0;0.0
yf_ZC=F_d0;5300;INTARIAN_PEPPER_ROOT;11519;19;11517;20;;;11525;23;11528;17;;;11522.0;0.0
yf_ZC=F_d0;5400;ASH_COATED_OSMIUM;10028;24;10026;27;;;10034;18;10037;17;;;10031.0;0.0
yf_ZC=F_d0;5400;INTARIAN_PEPPER_ROOT;11518;11;11516;19;;;11524;15;11526;21;;;11521.0;0.0
yf_ZC=F_d0;5500;ASH_COATED_OSMIUM;10027;14;10024;22;;;10033;10;10037;11;;;10030.0;0.0
yf_ZC=F_d0;5500;INTARIAN_PEPPER_ROOT;11510;6;11506;21;;;11533;18;11535;10;;;11521.5;0.0
yf_ZC=F_d0;5600;ASH_COATED_OSMIUM;10025;14;10021;13;;;10036;23;10039;10;;;10030.5;0.0
yf_ZC=F_d0;5600;INTARIAN_PEPPER_ROOT;11518;12;11516;28;;;11524;16;11528;18;;;11521.0;0.0
yf_ZC=F_d0;5700;ASH_COATED_OSMIUM;10027;18;10024;27;;;10033;17;10037;17;;;10030.0;0.0
yf_ZC=F_d0;5700;INTARIAN_PEPPER_ROOT;11512;21;11509;21;;;11531;10;11535;14;;;11521.5;0.0
yf_ZC=F_d0;5800;ASH_COATED_OSMIUM;10027;22;10025;11;;;10033;13;10036;27;;;10030.0;0.0
yf_ZC=F_d0;5800;INTARIAN_PEPPER_ROOT;11514;13;11512;21;;;11529;5;11531;20;;;11521.5;0.0
yf_ZC=F_d0;5900;ASH_COATED_OSMIUM;10027;10;10023;23;;;10033;20;10035;9;;;10030.0;0.0
yf_ZC=F_d0;5900;INTARIAN_PEPPER_ROOT;11516;21;11514;19;;;11524;20;11527;22;;;11520.0;0.0
yf_ZC=F_d0;6000;ASH_COATED_OSMIUM;10025;12;10021;27;;;10033;25;10036;15;;;10029.0;0.0
yf_ZC=F_d0;6000;INTARIAN_PEPPER_ROOT;11518;17;11516;24;;;11524;8;11526;19;;;11521.0;0.0
yf_ZC=F_d0;6100;ASH_COATED_OSMIUM;10027;14;10024;16;;;10033;21;10036;8;;;10030.0;0.0
yf_ZC=F_d0;6100;INTARIAN_PEPPER_ROOT;11516;10;11514;17;;;11526;15;11529;15;;;11521.0;0.0
yf_ZC=F_d0;6200;ASH_COATED_OSMIUM;10015;23;10012;17;;;10045;11;10049;10;;;10030.0;0.0
yf_ZC=F_d0;6200;INTARIAN_PEPPER_ROOT;11517;5;11514;14;;;11524;13;11526;11;;;11520.5;0.0
yf_ZC=F_d0;6300;ASH_COATED_OSMIUM;10022;14;10020;24;;;10035;14;10037;20;;;10028.5;0.0
yf_ZC=F_d0;6300;INTARIAN_PEPPER_ROOT;11517;18;11513;23;;;11523;14;11525;16;;;11520.0;0.0
yf_ZC=F_d0;6400;ASH_COATED_OSMIUM;10017;16;10013;17;;;10042;14;10045;29;;;10029.5;0.0
yf_ZC=F_d0;6400;INTARIAN_PEPPER_ROOT;11509;14;11506;24;;;11530;11;11533;12;;;11519.5;0.0
yf_ZC=F_d0;6500;ASH_COATED_OSMIUM;10018;15;10014;11;;;10038;14;10041;22;;;10028.0;0.0
yf_ZC=F_d0;6500;INTARIAN_PEPPER_ROOT;11517;14;11514;26;;;11523;12;11527;19;;;11520.0;0.0
yf_ZC=F_d0;6600;ASH_COATED_OSMIUM;10025;20;10022;20;;;10031;5;10035;15;;;10028.0;0.0
yf_ZC=F_d0;6600;INTARIAN_PEPPER_ROOT;11516;14;11512;14;;;11522;12;11524;19;;;11519.0;0.0
yf_ZC=F_d0;6700;ASH_COATED_OSMIUM;10025;23;10023;16;;;10031;16;10034;21;;;10028.0;0.0
yf_ZC=F_d0;6700;INTARIAN_PEPPER_ROOT;11516;7;11512;25;;;11522;16;11524;28;;;11519.0;0.0
yf_ZC=F_d0;6800;ASH_COATED_OSMIUM;10022;18;10020;12;;;10034;12;10038;30;;;10028.0;0.0
yf_ZC=F_d0;6800;INTARIAN_PEPPER_ROOT;11513;20;11511;12;;;11524;14;11527;19;;;11518.5;0.0
yf_ZC=F_d0;6900;ASH_COATED_OSMIUM;10025;12;10023;15;;;10031;22;10034;20;;;10028.0;0.0
yf_ZC=F_d0;6900;INTARIAN_PEPPER_ROOT;11516;19;11514;20;;;11522;15;11524;24;;;11519.0;0.0
yf_ZC=F_d0;7000;ASH_COATED_OSMIUM;10025;18;10022;24;;;10031;14;10033;12;;;10028.0;0.0
yf_ZC=F_d0;7000;INTARIAN_PEPPER_ROOT;11516;16;11513;20;;;11522;14;11526;23;;;11519.0;0.0
yf_ZC=F_d0;7100;ASH_COATED_OSMIUM;10025;16;10021;15;;;10031;21;10033;16;;;10028.0;0.0
yf_ZC=F_d0;7100;INTARIAN_PEPPER_ROOT;11516;13;11514;21;;;11522;13;11524;23;;;11519.0;0.0
yf_ZC=F_d0;7200;ASH_COATED_OSMIUM;10024;14;10022;24;;;10031;5;10033;21;;;10027.5;0.0
yf_ZC=F_d0;7200;INTARIAN_PEPPER_ROOT;11511;17;11508;12;;;11525;27;11528;19;;;11518.0;0.0
yf_ZC=F_d0;7300;ASH_COATED_OSMIUM;10025;19;10021;14;;;10031;18;10035;18;;;10028.0;0.0
yf_ZC=F_d0;7300;INTARIAN_PEPPER_ROOT;11515;17;11513;18;;;11521;17;11525;21;;;11518.0;0.0
yf_ZC=F_d0;7400;ASH_COATED_OSMIUM;10024;11;10021;13;;;10030;7;10034;25;;;10027.0;0.0
yf_ZC=F_d0;7400;INTARIAN_PEPPER_ROOT;11515;17;11513;20;;;11521;18;11523;13;;;11518.0;0.0
yf_ZC=F_d0;7500;ASH_COATED_OSMIUM;10024;17;10021;24;;;10030;8;10032;11;;;10027.0;0.0
yf_ZC=F_d0;7500;INTARIAN_PEPPER_ROOT;11514;16;11511;14;;;11520;19;11523;24;;;11517.0;0.0
yf_ZC=F_d0;7600;ASH_COATED_OSMIUM;10024;13;10022;25;;;10030;12;10033;10;;;10027.0;0.0
yf_ZC=F_d0;7600;INTARIAN_PEPPER_ROOT;11514;14;11510;24;;;11520;13;11522;20;;;11517.0;0.0
yf_ZC=F_d0;7700;ASH_COATED_OSMIUM;10023;12;10020;20;;;10030;21;10033;21;;;10026.5;0.0
yf_ZC=F_d0;7700;INTARIAN_PEPPER_ROOT;11514;13;11510;13;;;11520;5;11524;21;;;11517.0;0.0
yf_ZC=F_d0;7800;ASH_COATED_OSMIUM;10023;13;10019;25;;;10029;19;10033;28;;;10026.0;0.0
yf_ZC=F_d0;7800;INTARIAN_PEPPER_ROOT;11514;5;11510;28;;;11520;12;11524;19;;;11517.0;0.0
yf_ZC=F_d0;7900;ASH_COATED_OSMIUM;10024;13;10020;24;;;10030;15;10034;18;;;10027.0;0.0
yf_ZC=F_d0;7900;INTARIAN_PEPPER_ROOT;11513;14;11509;24;;;11519;13;11521;13;;;11516.0;0.0
yf_ZC=F_d0;8000;ASH_COATED_OSMIUM;10023;18;10019;16;;;10029;14;10033;19;;;10026.0;0.0
yf_ZC=F_d0;8000;INTARIAN_PEPPER_ROOT;11514;11;11510;22;;;11521;9;11524;22;;;11517.5;0.0
yf_ZC=F_d0;8100;ASH_COATED_OSMIUM;10019;14;10016;14;;;10034;16;10036;20;;;10026.5;0.0
yf_ZC=F_d0;8100;INTARIAN_PEPPER_ROOT;11502;5;11500;13;;;11531;13;11535;19;;;11516.5;0.0
yf_ZC=F_d0;8200;ASH_COATED_OSMIUM;10020;9;10017;15;;;10033;14;10037;22;;;10026.5;0.0
yf_ZC=F_d0;8200;INTARIAN_PEPPER_ROOT;11513;9;11510;27;;;11519;7;11521;24;;;11516.0;0.0
yf_ZC=F_d0;8300;ASH_COATED_OSMIUM;10023;16;10021;20;;;10029;21;10031;16;;;10026.0;0.0
yf_ZC=F_d0;8300;INTARIAN_PEPPER_ROOT;11510;15;11506;22;;;11522;14;11526;18;;;11516.0;0.0
yf_ZC=F_d0;8400;ASH_COATED_OSMIUM;10022;12;10018;21;;;10028;20;10031;24;;;10025.0;0.0
yf_ZC=F_d0;8400;INTARIAN_PEPPER_ROOT;11513;10;11509;31;;;11519;9;11521;19;;;11516.0;0.0
yf_ZC=F_d0;8500;ASH_COATED_OSMIUM;10023;13;10021;13;;;10029;12;10032;16;;;10026.0;0.0
yf_ZC=F_d0;8500;INTARIAN_PEPPER_ROOT;11507;11;11503;28;;;11525;5;11527;20;;;11516.0;0.0
yf_ZC=F_d0;8600;ASH_COATED_OSMIUM;10019;8;10016;20;;;10032;16;10035;19;;;10025.5;0.0
yf_ZC=F_d0;8600;INTARIAN_PEPPER_ROOT;11513;12;11509;9;;;11519;11;11523;14;;;11516.0;0.0
yf_ZC=F_d0;8700;ASH_COATED_OSMIUM;10022;6;10020;13;;;10028;12;10030;20;;;10025.0;0.0
yf_ZC=F_d0;8700;INTARIAN_PEPPER_ROOT;11512;7;11510;18;;;11518;20;11520;18;;;11515.0;0.0
yf_ZC=F_d0;8800;ASH_COATED_OSMIUM;10022;13;10019;25;;;10028;14;10031;16;;;10025.0;0.0
yf_ZC=F_d0;8800;INTARIAN_PEPPER_ROOT;11512;16;11509;20;;;11518;16;11520;21;;;11515.0;0.0
yf_ZC=F_d0;8900;ASH_COATED_OSMIUM;10022;16;10020;16;;;10028;13;10030;19;;;10025.0;0.0
yf_ZC=F_d0;8900;INTARIAN_PEPPER_ROOT;11512;9;11509;24;;;11519;23;11523;22;;;11515.5;0.0
yf_ZC=F_d0;9000;ASH_COATED_OSMIUM;10022;12;10020;18;;;10028;29;10030;17;;;10025.0;0.0
yf_ZC=F_d0;9000;INTARIAN_PEPPER_ROOT;11512;16;11508;13;;;11518;17;11521;16;;;11515.0;0.0
yf_ZC=F_d0;9100;ASH_COATED_OSMIUM;10020;11;10017;19;;;10028;5;10032;24;;;10024.0;0.0
yf_ZC=F_d0;9100;INTARIAN_PEPPER_ROOT;11504;14;11502;16;;;11524;13;11527;30;;;11514.0;0.0
yf_ZC=F_d0;9200;ASH_COATED_OSMIUM;10020;5;10018;25;;;10029;18;10031;19;;;10024.5;0.0
yf_ZC=F_d0;9200;INTARIAN_PEPPER_ROOT;11512;19;11508;17;;;11518;15;11521;19;;;11515.0;0.0
yf_ZC=F_d0;9300;ASH_COATED_OSMIUM;10021;20;10017;18;;;10027;17;10031;22;;;10024.0;0.0
yf_ZC=F_d0;9300;INTARIAN_PEPPER_ROOT;11511;25;11507;14;;;11517;10;11519;24;;;11514.0;0.0
yf_ZC=F_d0;9400;ASH_COATED_OSMIUM;10020;5;10018;12;;;10029;12;10032;18;;;10024.5;0.0
yf_ZC=F_d0;9400;INTARIAN_PEPPER_ROOT;11510;19;11507;24;;;11516;21;11518;21;;;11513.0;0.0
yf_ZC=F_d0;9500;ASH_COATED_OSMIUM;10021;18;10018;22;;;10027;17;10030;13;;;10024.0;0.0
yf_ZC=F_d0;9500;INTARIAN_PEPPER_ROOT;11510;15;11506;21;;;11516;23;11518;22;;;11513.0;0.0
yf_ZC=F_d0;9600;ASH_COATED_OSMIUM;10021;18;10018;10;;;10027;12;10030;26;;;10024.0;0.0
yf_ZC=F_d0;9600;INTARIAN_PEPPER_ROOT;11510;16;11507;19;;;11516;17;11520;21;;;11513.0;0.0
yf_ZC=F_d0;9700;ASH_COATED_OSMIUM;10021;9;10017;19;;;10027;14;10031;18;;;10024.0;0.0
yf_ZC=F_d0;9700;INTARIAN_PEPPER_ROOT;11510;14;11507;17;;;11516;13;11518;15;;;11513.0;0.0
yf_ZC=F_d0;9800;ASH_COATED_OSMIUM;10021;17;10017;26;;;10027;14;10031;9;;;10024.0;0.0
yf_ZC=F_d0;9800;INTARIAN_PEPPER_ROOT;11510;9;11506;19;;;11516;17;11519;27;;;11513.0;0.0
yf_ZC=F_d0;9900;ASH_COATED_OSMIUM;10021;16;10018;17;;;10027;19;10031;20;;;10024.0;0.0
yf_ZC=F_d0;9900;INTARIAN_PEPPER_ROOT;11510;15;11507;15;;;11516;21;11518;17;;;11513.0;0.0
yf_ZC=F_d0;10000;ASH_COATED_OSMIUM;10011;11;10008;14;;;10035;20;10037;14;;;10023.0;0.0
yf_ZC=F_d0;10000;INTARIAN_PEPPER_ROOT;11509;13;11506;12;;;11515;21;11517;10;;;11512.0;0.0
yf_ZC=F_d0;10100;ASH_COATED_OSMIUM;10020;11;10017;18;;;10026;8;10030;29;;;10023.0;0.0
yf_ZC=F_d0;10100;INTARIAN_PEPPER_ROOT;11510;17;11507;15;;;11516;18;11518;20;;;11513.0;0.0
yf_ZC=F_d0;10200;ASH_COATED_OSMIUM;10020;14;10017;20;;;10026;16;10030;18;;;10023.0;0.0
yf_ZC=F_d0;10200;INTARIAN_PEPPER_ROOT;11506;12;11502;18;;;11518;14;11522;22;;;11512.0;0.0
yf_ZC=F_d0;10300;ASH_COATED_OSMIUM;10020;16;10017;11;;;10026;18;10030;21;;;10023.0;0.0
yf_ZC=F_d0;10300;INTARIAN_PEPPER_ROOT;11508;14;11504;30;;;11517;15;11521;19;;;11512.5;0.0
yf_ZC=F_d0;10400;ASH_COATED_OSMIUM;10019;22;10017;24;;;10025;14;10027;16;;;10022.0;0.0
yf_ZC=F_d0;10400;INTARIAN_PEPPER_ROOT;11503;23;11499;17;;;11522;16;11524;24;;;11512.5;0.0
yf_ZC=F_d0;10500;ASH_COATED_OSMIUM;10020;17;10018;35;;;10026;13;10028;28;;;10023.0;0.0
yf_ZC=F_d0;10500;INTARIAN_PEPPER_ROOT;11509;16;11505;21;;;11515;17;11518;28;;;11512.0;0.0
yf_ZC=F_d0;10600;ASH_COATED_OSMIUM;10017;21;10013;19;;;10027;19;10029;21;;;10022.0;0.0
yf_ZC=F_d0;10600;INTARIAN_PEPPER_ROOT;11509;20;11506;27;;;11515;9;11517;17;;;11512.0;0.0
yf_ZC=F_d0;10700;ASH_COATED_OSMIUM;10019;9;10015;12;;;10025;16;10027;23;;;10022.0;0.0
yf_ZC=F_d0;10700;INTARIAN_PEPPER_ROOT;11501;22;11497;28;;;11522;7;11524;19;;;11511.5;0.0
yf_ZC=F_d0;10800;ASH_COATED_OSMIUM;10019;12;10017;18;;;10025;10;10028;14;;;10022.0;0.0
yf_ZC=F_d0;10800;INTARIAN_PEPPER_ROOT;11496;13;11494;18;;;11527;19;11530;24;;;11511.5;0.0
yf_ZC=F_d0;10900;ASH_COATED_OSMIUM;10019;22;10017;19;;;10025;14;10029;18;;;10022.0;0.0
yf_ZC=F_d0;10900;INTARIAN_PEPPER_ROOT;11505;12;11503;20;;;11517;12;11519;17;;;11511.0;0.0
yf_ZC=F_d0;11000;ASH_COATED_OSMIUM;10018;11;10014;22;;;10024;21;10026;14;;;10021.0;0.0
yf_ZC=F_d0;11000;INTARIAN_PEPPER_ROOT;11506;18;11502;16;;;11515;20;11519;24;;;11510.5;0.0
yf_ZC=F_d0;11100;ASH_COATED_OSMIUM;10017;18;10014;26;;;10025;17;10027;14;;;10021.0;0.0
yf_ZC=F_d0;11100;INTARIAN_PEPPER_ROOT;11505;7;11503;10;;;11517;18;11519;22;;;11511.0;0.0
yf_ZC=F_d0;11200;ASH_COATED_OSMIUM;10014;5;10011;20;;;10029;15;10031;17;;;10021.5;0.0
yf_ZC=F_d0;11200;INTARIAN_PEPPER_ROOT;11507;16;11504;16;;;11513;11;11516;19;;;11510.0;0.0
yf_ZC=F_d0;11300;ASH_COATED_OSMIUM;10016;14;10014;26;;;10029;17;10031;25;;;10022.5;0.0
yf_ZC=F_d0;11300;INTARIAN_PEPPER_ROOT;11507;20;11505;22;;;11513;15;11517;15;;;11510.0;0.0
yf_ZC=F_d0;11400;ASH_COATED_OSMIUM;10018;20;10015;20;;;10024;18;10027;24;;;10021.0;0.0
yf_ZC=F_d0;11400;INTARIAN_PEPPER_ROOT;11506;15;11504;29;;;11512;11;11516;25;;;11509.0;0.0
yf_ZC=F_d0;11500;ASH_COATED_OSMIUM;10018;13;10015;13;;;10024;15;10028;10;;;10021.0;0.0
yf_ZC=F_d0;11500;INTARIAN_PEPPER_ROOT;11506;19;11502;22;;;11512;5;11514;25;;;11509.0;0.0
yf_ZC=F_d0;11600;ASH_COATED_OSMIUM;10018;15;10016;22;;;10024;14;10026;16;;;10021.0;0.0
yf_ZC=F_d0;11600;INTARIAN_PEPPER_ROOT;11503;8;11500;22;;;11516;12;11520;12;;;11509.5;0.0
yf_ZC=F_d0;11700;ASH_COATED_OSMIUM;10017;18;10014;21;;;10023;11;10027;29;;;10020.0;0.0
yf_ZC=F_d0;11700;INTARIAN_PEPPER_ROOT;11504;7;11502;20;;;11515;21;11519;16;;;11509.5;0.0
yf_ZC=F_d0;11800;ASH_COATED_OSMIUM;10008;13;10004;19;;;10032;15;10034;27;;;10020.0;0.0
yf_ZC=F_d0;11800;INTARIAN_PEPPER_ROOT;11507;8;11503;19;;;11513;16;11515;22;;;11510.0;0.0
yf_ZC=F_d0;11900;ASH_COATED_OSMIUM;10009;13;10006;15;;;10033;25;10035;27;;;10021.0;0.0
yf_ZC=F_d0;11900;INTARIAN_PEPPER_ROOT;11506;9;11503;23;;;11512;11;11516;20;;;11509.0;0.0
yf_ZC=F_d0;12000;ASH_COATED_OSMIUM;10014;25;10010;21;;;10026;11;10028;13;;;10020.0;0.0
yf_ZC=F_d0;12000;INTARIAN_PEPPER_ROOT;11506;12;11503;9;;;11512;5;11514;15;;;11509.0;0.0
yf_ZC=F_d0;12100;ASH_COATED_OSMIUM;10017;12;10015;25;;;10023;7;10026;21;;;10020.0;0.0
yf_ZC=F_d0;12100;INTARIAN_PEPPER_ROOT;11502;19;11500;20;;;11515;14;11519;23;;;11508.5;0.0
yf_ZC=F_d0;12200;ASH_COATED_OSMIUM;10017;17;10015;23;;;10023;15;10027;12;;;10020.0;0.0
yf_ZC=F_d0;12200;INTARIAN_PEPPER_ROOT;11505;21;11503;23;;;11512;21;11514;16;;;11508.5;0.0
yf_ZC=F_d0;12300;ASH_COATED_OSMIUM;10009;11;10007;16;;;10030;15;10034;22;;;10019.5;0.0
yf_ZC=F_d0;12300;INTARIAN_PEPPER_ROOT;11502;15;11499;23;;;11514;8;11516;18;;;11508.0;0.0
yf_ZC=F_d0;12400;ASH_COATED_OSMIUM;10017;11;10013;12;;;10023;21;10027;19;;;10020.0;0.0
yf_ZC=F_d0;12400;INTARIAN_PEPPER_ROOT;11505;15;11502;17;;;11511;16;11513;26;;;11508.0;0.0
yf_ZC=F_d0;12500;ASH_COATED_OSMIUM;10016;19;10012;21;;;10022;14;10026;21;;;10019.0;0.0
yf_ZC=F_d0;12500;INTARIAN_PEPPER_ROOT;11505;13;11503;27;;;11511;21;11513;12;;;11508.0;0.0
yf_ZC=F_d0;12600;ASH_COATED_OSMIUM;10016;20;10013;14;;;10022;22;10024;16;;;10019.0;0.0
yf_ZC=F_d0;12600;INTARIAN_PEPPER_ROOT;11505;19;11502;20;;;11511;6;11513;22;;;11508.0;0.0
yf_ZC=F_d0;12700;ASH_COATED_OSMIUM;10012;19;10009;14;;;10024;16;10028;18;;;10018.0;0.0
yf_ZC=F_d0;12700;INTARIAN_PEPPER_ROOT;11504;8;11502;18;;;11510;14;11514;18;;;11507.0;0.0
yf_ZC=F_d0;12800;ASH_COATED_OSMIUM;10015;11;10013;22;;;10021;19;10023;25;;;10018.0;0.0
yf_ZC=F_d0;12800;INTARIAN_PEPPER_ROOT;11504;18;11502;16;;;11510;17;11512;15;;;11507.0;0.0
yf_ZC=F_d0;12900;ASH_COATED_OSMIUM;10014;13;10010;16;;;10024;17;10026;14;;;10019.0;0.0
yf_ZC=F_d0;12900;INTARIAN_PEPPER_ROOT;11504;14;11500;27;;;11511;11;11513;27;;;11507.5;0.0
yf_ZC=F_d0;13000;ASH_COATED_OSMIUM;10015;19;10013;25;;;10021;26;10023;23;;;10018.0;0.0
yf_ZC=F_d0;13000;INTARIAN_PEPPER_ROOT;11504;17;11500;19;;;11510;14;11512;21;;;11507.0;0.0
yf_ZC=F_d0;13100;ASH_COATED_OSMIUM;10012;6;10009;19;;;10024;16;10028;17;;;10018.0;0.0
yf_ZC=F_d0;13100;INTARIAN_PEPPER_ROOT;11503;15;11500;16;;;11509;9;11512;18;;;11506.0;0.0
yf_ZC=F_d0;13200;ASH_COATED_OSMIUM;10011;9;10007;23;;;10025;15;10027;18;;;10018.0;0.0
yf_ZC=F_d0;13200;INTARIAN_PEPPER_ROOT;11504;17;11500;26;;;11510;6;11513;14;;;11507.0;0.0
yf_ZC=F_d0;13300;ASH_COATED_OSMIUM;10015;12;10013;20;;;10021;10;10023;13;;;10018.0;0.0
yf_ZC=F_d0;13300;INTARIAN_PEPPER_ROOT;11503;10;11501;15;;;11509;7;11512;23;;;11506.0;0.0
yf_ZC=F_d0;13400;ASH_COATED_OSMIUM;10012;23;10009;19;;;10024;14;10026;22;;;10018.0;0.0
yf_ZC=F_d0;13400;INTARIAN_PEPPER_ROOT;11503;18;11499;18;;;11509;6;11512;17;;;11506.0;0.0
yf_ZC=F_d0;13500;ASH_COATED_OSMIUM;9996;14;9993;24;;;10039;7;10043;21;;;10017.5;0.0
yf_ZC=F_d0;13500;INTARIAN_PEPPER_ROOT;11498;23;11495;21;;;11513;16;11517;18;;;11505.5;0.0
yf_ZC=F_d0;13600;ASH_COATED_OSMIUM;10015;8;10013;22;;;10021;7;10025;17;;;10018.0;0.0
yf_ZC=F_d0;13600;INTARIAN_PEPPER_ROOT;11502;14;11498;18;;;11508;17;11510;14;;;11505.0;0.0
yf_ZC=F_d0;13700;ASH_COATED_OSMIUM;10015;13;10013;24;;;10021;6;10024;11;;;10018.0;0.0
yf_ZC=F_d0;13700;INTARIAN_PEPPER_ROOT;11489;12;11486;20;;;11522;15;11526;20;;;11505.5;0.0
yf_ZC=F_d0;13800;ASH_COATED_OSMIUM;10012;20;10010;16;;;10022;16;10026;21;;;10017.0;0.0
yf_ZC=F_d0;13800;INTARIAN_PEPPER_ROOT;11503;13;11499;27;;;11509;15;11511;18;;;11506.0;0.0
yf_ZC=F_d0;13900;ASH_COATED_OSMIUM;10014;23;10011;16;;;10020;19;10022;10;;;10017.0;0.0
yf_ZC=F_d0;13900;INTARIAN_PEPPER_ROOT;11502;14;11499;19;;;11508;12;11512;21;;;11505.0;0.0
yf_ZC=F_d0;14000;ASH_COATED_OSMIUM;10006;22;10002;24;;;10028;17;10030;29;;;10017.0;0.0
yf_ZC=F_d0;14000;INTARIAN_PEPPER_ROOT;11499;28;11496;22;;;11512;13;11515;22;;;11505.5;0.0
yf_ZC=F_d0;14100;ASH_COATED_OSMIUM;10014;19;10010;12;;;10020;12;10023;14;;;10017.0;0.0
yf_ZC=F_d0;14100;INTARIAN_PEPPER_ROOT;11501;13;11497;12;;;11507;23;11509;20;;;11504.0;0.0
yf_ZC=F_d0;14200;ASH_COATED_OSMIUM;10014;15;10010;21;;;10020;16;10022;19;;;10017.0;0.0
yf_ZC=F_d0;14200;INTARIAN_PEPPER_ROOT;11502;8;11500;25;;;11508;9;11512;22;;;11505.0;0.0
yf_ZC=F_d0;14300;ASH_COATED_OSMIUM;10013;11;10011;20;;;10019;16;10023;23;;;10016.0;0.0
yf_ZC=F_d0;14300;INTARIAN_PEPPER_ROOT;11496;15;11492;17;;;11513;16;11515;25;;;11504.5;0.0
yf_ZC=F_d0;14400;ASH_COATED_OSMIUM;10013;15;10010;16;;;10022;9;10026;17;;;10017.5;0.0
yf_ZC=F_d0;14400;INTARIAN_PEPPER_ROOT;11501;14;11498;19;;;11507;10;11510;19;;;11504.0;0.0
yf_ZC=F_d0;14500;ASH_COATED_OSMIUM;10013;20;10011;15;;;10019;11;10023;24;;;10016.0;0.0
yf_ZC=F_d0;14500;INTARIAN_PEPPER_ROOT;11501;10;11499;17;;;11507;14;11510;19;;;11504.0;0.0
yf_ZC=F_d0;14600;ASH_COATED_OSMIUM;10012;15;10009;12;;;10021;15;10024;17;;;10016.5;0.0
yf_ZC=F_d0;14600;INTARIAN_PEPPER_ROOT;11501;14;11497;23;;;11507;18;11509;23;;;11504.0;0.0
yf_ZC=F_d0;14700;ASH_COATED_OSMIUM;10013;15;10011;15;;;10019;9;10021;16;;;10016.0;0.0
yf_ZC=F_d0;14700;INTARIAN_PEPPER_ROOT;11493;11;11491;22;;;11515;18;11517;18;;;11504.0;0.0
yf_ZC=F_d0;14800;ASH_COATED_OSMIUM;10013;13;10009;15;;;10019;14;10021;22;;;10016.0;0.0
yf_ZC=F_d0;14800;INTARIAN_PEPPER_ROOT;11501;10;11499;21;;;11507;12;11509;29;;;11504.0;0.0
yf_ZC=F_d0;14900;ASH_COATED_OSMIUM;10012;5;10009;22;;;10018;11;10021;22;;;10015.0;0.0
yf_ZC=F_d0;14900;INTARIAN_PEPPER_ROOT;11500;10;11497;14;;;11508;11;11511;19;;;11504.0;0.0
yf_ZC=F_d0;15000;ASH_COATED_OSMIUM;10000;19;9998;12;;;10032;14;10036;25;;;10016.0;0.0
yf_ZC=F_d0;15000;INTARIAN_PEPPER_ROOT;11499;24;11496;19;;;11508;15;11512;14;;;11503.5;0.0
yf_ZC=F_d0;15100;ASH_COATED_OSMIUM;10011;14;10009;8;;;10020;22;10022;17;;;10015.5;0.0
yf_ZC=F_d0;15100;INTARIAN_PEPPER_ROOT;11500;19;11496;20;;;11506;18;11510;22;;;11503.0;0.0
yf_ZC=F_d0;15200;ASH_COATED_OSMIUM;10012;14;10009;17;;;10018;7;10022;19;;;10015.0;0.0
yf_ZC=F_d0;15200;INTARIAN_PEPPER_ROOT;11499;15;11495;21;;;11505;15;11508;25;;;11502.0;0.0
yf_ZC=F_d0;15300;ASH_COATED_OSMIUM;10011;16;10008;21;;;10017;15;10019;18;;;10014.0;0.0
yf_ZC=F_d0;15300;INTARIAN_PEPPER_ROOT;11498;16;11495;19;;;11506;12;11508;25;;;11502.0;0.0
yf_ZC=F_d0;15400;ASH_COATED_OSMIUM;10012;13;10010;17;;;10018;17;10021;28;;;10015.0;0.0
yf_ZC=F_d0;15400;INTARIAN_PEPPER_ROOT;11498;19;11494;20;;;11506;16;11509;19;;;11502.0;0.0
yf_ZC=F_d0;15500;ASH_COATED_OSMIUM;10008;14;10004;18;;;10020;14;10024;15;;;10014.0;0.0
yf_ZC=F_d0;15500;INTARIAN_PEPPER_ROOT;11496;7;11493;25;;;11508;20;11511;19;;;11502.0;0.0
yf_ZC=F_d0;15600;ASH_COATED_OSMIUM;10011;8;10007;16;;;10017;13;10020;27;;;10014.0;0.0
yf_ZC=F_d0;15600;INTARIAN_PEPPER_ROOT;11499;15;11496;22;;;11505;5;11508;16;;;11502.0;0.0
yf_ZC=F_d0;15700;ASH_COATED_OSMIUM;10011;10;10009;18;;;10018;13;10020;21;;;10014.5;0.0
yf_ZC=F_d0;15700;INTARIAN_PEPPER_ROOT;11497;7;11495;17;;;11506;15;11508;19;;;11501.5;0.0
yf_ZC=F_d0;15800;ASH_COATED_OSMIUM;10004;18;10001;26;;;10024;15;10027;20;;;10014.0;0.0
yf_ZC=F_d0;15800;INTARIAN_PEPPER_ROOT;11498;6;11495;12;;;11504;12;11508;20;;;11501.0;0.0
yf_ZC=F_d0;15900;ASH_COATED_OSMIUM;10006;20;10003;13;;;10023;7;10026;34;;;10014.5;0.0
yf_ZC=F_d0;15900;INTARIAN_PEPPER_ROOT;11497;11;11493;20;;;11506;19;11510;10;;;11501.5;0.0
yf_ZC=F_d0;16000;ASH_COATED_OSMIUM;10011;16;10009;14;;;10017;7;10020;12;;;10014.0;0.0
yf_ZC=F_d0;16000;INTARIAN_PEPPER_ROOT;11498;17;11494;24;;;11504;19;11508;25;;;11501.0;0.0
yf_ZC=F_d0;16100;ASH_COATED_OSMIUM;10010;11;10006;25;;;10016;9;10018;18;;;10013.0;0.0
yf_ZC=F_d0;16100;INTARIAN_PEPPER_ROOT;11498;9;11496;15;;;11504;16;11506;19;;;11501.0;0.0
yf_ZC=F_d0;16200;ASH_COATED_OSMIUM;10011;11;10008;28;;;10017;8;10021;29;;;10014.0;0.0
yf_ZC=F_d0;16200;INTARIAN_PEPPER_ROOT;11497;14;11493;26;;;11503;22;11507;20;;;11500.0;0.0
yf_ZC=F_d0;16300;ASH_COATED_OSMIUM;10010;18;10007;13;;;10016;10;10020;20;;;10013.0;0.0
yf_ZC=F_d0;16300;INTARIAN_PEPPER_ROOT;11498;13;11494;22;;;11504;8;11508;25;;;11501.0;0.0
yf_ZC=F_d0;16400;ASH_COATED_OSMIUM;10003;12;9999;16;;;10023;8;10026;18;;;10013.0;0.0
yf_ZC=F_d0;16400;INTARIAN_PEPPER_ROOT;11492;18;11490;15;;;11508;13;11510;18;;;11500.0;0.0
yf_ZC=F_d0;16500;ASH_COATED_OSMIUM;10010;17;10007;23;;;10016;11;10020;20;;;10013.0;0.0
yf_ZC=F_d0;16500;INTARIAN_PEPPER_ROOT;11498;16;11494;15;;;11504;21;11507;10;;;11501.0;0.0
yf_ZC=F_d0;16600;ASH_COATED_OSMIUM;10000;11;9998;24;;;10026;17;10030;20;;;10013.0;0.0
yf_ZC=F_d0;16600;INTARIAN_PEPPER_ROOT;11497;17;11495;28;;;11503;5;11505;27;;;11500.0;0.0
yf_ZC=F_d0;16700;ASH_COATED_OSMIUM;10007;5;10005;11;;;10018;10;10021;25;;;10012.5;0.0
yf_ZC=F_d0;16700;INTARIAN_PEPPER_ROOT;11494;18;11491;25;;;11506;10;11510;8;;;11500.0;0.0
yf_ZC=F_d0;16800;ASH_COATED_OSMIUM;10009;16;10007;26;;;10015;20;10019;25;;;10012.0;0.0
yf_ZC=F_d0;16800;INTARIAN_PEPPER_ROOT;11497;16;11494;19;;;11503;23;11507;14;;;11500.0;0.0
yf_ZC=F_d0;16900;ASH_COATED_OSMIUM;10008;12;10004;27;;;10016;9;10019;23;;;10012.0;0.0
yf_ZC=F_d0;16900;INTARIAN_PEPPER_ROOT;11497;18;11495;25;;;11503;12;11507;22;;;11500.0;0.0
yf_ZC=F_d0;17000;ASH_COATED_OSMIUM;9993;18;9989;20;;;10031;21;10034;16;;;10012.0;0.0
yf_ZC=F_d0;17000;INTARIAN_PEPPER_ROOT;11488;17;11485;23;;;11510;11;11512;19;;;11499.0;0.0
yf_ZC=F_d0;17100;ASH_COATED_OSMIUM;10009;10;10006;29;;;10015;15;10018;15;;;10012.0;0.0
yf_ZC=F_d0;17100;INTARIAN_PEPPER_ROOT;11495;16;11493;16;;;11501;10;11505;14;;;11498.0;0.0
yf_ZC=F_d0;17200;ASH_COATED_OSMIUM;10001;13;9998;18;;;10024;18;10028;12;;;10012.5;0.0
yf_ZC=F_d0;17200;INTARIAN_PEPPER_ROOT;11495;16;11493;21;;;11501;5;11503;11;;;11498.0;0.0
yf_ZC=F_d0;17300;ASH_COATED_OSMIUM;10009;28;10007;26;;;10017;19;10021;13;;;10013.0;0.0
yf_ZC=F_d0;17300;INTARIAN_PEPPER_ROOT;11493;19;11490;10;;;11499;9;11502;14;;;11496.0;0.0
yf_ZC=F_d0;17400;ASH_COATED_OSMIUM;10006;20;10003;17;;;10018;17;10022;19;;;10012.0;0.0
yf_ZC=F_d0;17400;INTARIAN_PEPPER_ROOT;11491;20;11488;29;;;11499;13;11503;21;;;11495.0;0.0
yf_ZC=F_d0;17500;ASH_COATED_OSMIUM;10010;16;10006;19;;;10016;9;10020;20;;;10013.0;0.0
yf_ZC=F_d0;17500;INTARIAN_PEPPER_ROOT;11492;15;11488;10;;;11498;13;11502;12;;;11495.0;0.0
yf_ZC=F_d0;17600;ASH_COATED_OSMIUM;10010;12;10007;12;;;10016;17;10020;17;;;10013.0;0.0
yf_ZC=F_d0;17600;INTARIAN_PEPPER_ROOT;11490;13;11488;17;;;11497;18;11501;19;;;11493.5;0.0
yf_ZC=F_d0;17700;ASH_COATED_OSMIUM;10006;15;10004;24;;;10019;5;10022;28;;;10012.5;0.0
yf_ZC=F_d0;17700;INTARIAN_PEPPER_ROOT;11490;25;11488;20;;;11496;24;11500;29;;;11493.0;0.0
yf_ZC=F_d0;17800;ASH_COATED_OSMIUM;10007;24;10005;17;;;10018;13;10022;24;;;10012.5;0.0
yf_ZC=F_d0;17800;INTARIAN_PEPPER_ROOT;11485;10;11481;20;;;11497;17;11501;22;;;11491.0;0.0
yf_ZC=F_d0;17900;ASH_COATED_OSMIUM;10010;7;10007;14;;;10016;6;10019;23;;;10013.0;0.0
yf_ZC=F_d0;17900;INTARIAN_PEPPER_ROOT;11488;12;11486;26;;;11494;16;11497;20;;;11491.0;0.0
yf_ZC=F_d0;18000;ASH_COATED_OSMIUM;10010;22;10007;18;;;10016;20;10018;20;;;10013.0;0.0
yf_ZC=F_d0;18000;INTARIAN_PEPPER_ROOT;11478;11;11474;24;;;11502;14;11504;22;;;11490.0;0.0
yf_ZC=F_d0;18100;ASH_COATED_OSMIUM;10010;17;10008;23;;;10016;15;10018;21;;;10013.0;0.0
yf_ZC=F_d0;18100;INTARIAN_PEPPER_ROOT;11486;15;11484;21;;;11492;10;11495;17;;;11489.0;0.0
yf_ZC=F_d0;18200;ASH_COATED_OSMIUM;10004;11;10002;25;;;10022;19;10026;12;;;10013.0;0.0
yf_ZC=F_d0;18200;INTARIAN_PEPPER_ROOT;11485;19;11483;20;;;11491;11;11495;23;;;11488.0;0.0
yf_ZC=F_d0;18300;ASH_COATED_OSMIUM;10010;15;10007;16;;;10016;15;10019;15;;;10013.0;0.0
yf_ZC=F_d0;18300;INTARIAN_PEPPER_ROOT;11484;13;11480;17;;;11490;26;11493;19;;;11487.0;0.0
yf_ZC=F_d0;18400;ASH_COATED_OSMIUM;10011;12;10008;19;;;10017;18;10020;24;;;10014.0;0.0
yf_ZC=F_d0;18400;INTARIAN_PEPPER_ROOT;11483;8;11481;15;;;11489;26;11492;20;;;11486.0;0.0
yf_ZC=F_d0;18500;ASH_COATED_OSMIUM;10003;16;10000;20;;;10024;8;10027;25;;;10013.5;0.0
yf_ZC=F_d0;18500;INTARIAN_PEPPER_ROOT;11483;17;11479;22;;;11489;5;11492;18;;;11486.0;0.0
yf_ZC=F_d0;18600;ASH_COATED_OSMIUM;10011;22;10008;27;;;10017;15;10019;16;;;10014.0;0.0
yf_ZC=F_d0;18600;INTARIAN_PEPPER_ROOT;11478;19;11474;20;;;11492;13;11494;16;;;11485.0;0.0
yf_ZC=F_d0;18700;ASH_COATED_OSMIUM;10006;5;10003;17;;;10020;19;10023;19;;;10013.0;0.0
yf_ZC=F_d0;18700;INTARIAN_PEPPER_ROOT;11474;17;11470;23;;;11493;16;11495;21;;;11483.5;0.0
yf_ZC=F_d0;18800;ASH_COATED_OSMIUM;10009;14;10005;27;;;10019;10;10022;20;;;10014.0;0.0
yf_ZC=F_d0;18800;INTARIAN_PEPPER_ROOT;11480;18;11477;17;;;11486;5;11490;23;;;11483.0;0.0
yf_ZC=F_d0;18900;ASH_COATED_OSMIUM;10009;8;10007;19;;;10019;16;10023;22;;;10014.0;0.0
yf_ZC=F_d0;18900;INTARIAN_PEPPER_ROOT;11479;17;11476;26;;;11485;10;11489;20;;;11482.0;0.0
yf_ZC=F_d0;19000;ASH_COATED_OSMIUM;10011;7;10007;17;;;10017;16;10021;19;;;10014.0;0.0
yf_ZC=F_d0;19000;INTARIAN_PEPPER_ROOT;11475;11;11472;27;;;11486;8;11488;20;;;11480.5;0.0
yf_ZC=F_d0;19100;ASH_COATED_OSMIUM;9998;22;9994;21;;;10029;6;10033;18;;;10013.5;0.0
yf_ZC=F_d0;19100;INTARIAN_PEPPER_ROOT;11476;9;11474;20;;;11484;14;11487;17;;;11480.0;0.0
yf_ZC=F_d0;19200;ASH_COATED_OSMIUM;10006;14;10003;31;;;10024;17;10026;24;;;10015.0;0.0
yf_ZC=F_d0;19200;INTARIAN_PEPPER_ROOT;11476;13;11473;25;;;11482;14;11486;22;;;11479.0;0.0
yf_ZC=F_d0;19300;ASH_COATED_OSMIUM;10011;16;10009;24;;;10017;5;10021;8;;;10014.0;0.0
yf_ZC=F_d0;19300;INTARIAN_PEPPER_ROOT;11472;10;11469;9;;;11484;18;11488;20;;;11478.0;0.0
yf_ZC=F_d0;19400;ASH_COATED_OSMIUM;10012;11;10008;18;;;10018;20;10020;22;;;10015.0;0.0
yf_ZC=F_d0;19400;INTARIAN_PEPPER_ROOT;11464;17;11460;24;;;11490;19;11493;24;;;11477.0;0.0
yf_ZC=F_d0;19500;ASH_COATED_OSMIUM;10006;10;10004;21;;;10024;16;10028;21;;;10015.0;0.0
yf_ZC=F_d0;19500;INTARIAN_PEPPER_ROOT;11470;17;11467;18;;;11482;16;11485;12;;;11476.0;0.0
yf_ZC=F_d0;19600;ASH_COATED_OSMIUM;10012;18;10008;20;;;10018;21;10021;24;;;10015.0;0.0
yf_ZC=F_d0;19600;INTARIAN_PEPPER_ROOT;11472;17;11468;25;;;11478;17;11480;14;;;11475.0;0.0
yf_ZC=F_d0;19700;ASH_COATED_OSMIUM;10010;9;10007;16;;;10019;17;10022;12;;;10014.5;0.0
yf_ZC=F_d0;19700;INTARIAN_PEPPER_ROOT;11472;12;11469;15;;;11478;22;11480;17;;;11475.0;0.0
yf_ZC=F_d0;19800;ASH_COATED_OSMIUM;10011;11;10007;30;;;10017;19;10019;9;;;10014.0;0.0
yf_ZC=F_d0;19800;INTARIAN_PEPPER_ROOT;11471;18;11468;12;;;11477;18;11479;16;;;11474.0;0.0
yf_ZC=F_d0;19900;ASH_COATED_OSMIUM;10011;6;10008;21;;;10018;24;10020;19;;;10014.5;0.0
yf_ZC=F_d0;19900;INTARIAN_PEPPER_ROOT;11466;19;11464;20;;;11480;20;11482;30;;;11473.0;0.0
yf_ZC=F_d0;20000;ASH_COATED_OSMIUM;10012;5;10009;30;;;10018;14;10020;23;;;10015.0;0.0
yf_ZC=F_d0;20000;INTARIAN_PEPPER_ROOT;11468;11;11466;18;;;11474;12;11476;14;;;11471.0;0.0
yf_ZC=F_d0;20100;ASH_COATED_OSMIUM;10012;11;10010;20;;;10018;16;10022;9;;;10015.0;0.0
yf_ZC=F_d0;20100;INTARIAN_PEPPER_ROOT;11468;15;11464;15;;;11474;16;11476;17;;;11471.0;0.0
yf_ZC=F_d0;20200;ASH_COATED_OSMIUM;10007;19;10003;16;;;10022;12;10024;27;;;10014.5;0.0
yf_ZC=F_d0;20200;INTARIAN_PEPPER_ROOT;11461;7;11458;12;;;11480;17;11482;21;;;11470.5;0.0
yf_ZC=F_d0;20300;ASH_COATED_OSMIUM;10012;17;10008;20;;;10018;14;10020;16;;;10015.0;0.0
yf_ZC=F_d0;20300;INTARIAN_PEPPER_ROOT;11466;16;11463;18;;;11472;14;11475;24;;;11469.0;0.0
yf_ZC=F_d0;20400;ASH_COATED_OSMIUM;10010;11;10008;25;;;10021;24;10023;21;;;10015.5;0.0
yf_ZC=F_d0;20400;INTARIAN_PEPPER_ROOT;11465;14;11463;19;;;11471;16;11473;16;;;11468.0;0.0
yf_ZC=F_d0;20500;ASH_COATED_OSMIUM;10010;14;10008;20;;;10021;18;10024;20;;;10015.5;0.0
yf_ZC=F_d0;20500;INTARIAN_PEPPER_ROOT;11465;18;11463;26;;;11471;22;11473;10;;;11468.0;0.0
yf_ZC=F_d0;20600;ASH_COATED_OSMIUM;10013;12;10009;16;;;10019;13;10021;13;;;10016.0;0.0
yf_ZC=F_d0;20600;INTARIAN_PEPPER_ROOT;11464;14;11461;28;;;11470;15;11474;14;;;11467.0;0.0
yf_ZC=F_d0;20700;ASH_COATED_OSMIUM;10011;17;10008;28;;;10020;13;10023;17;;;10015.5;0.0
yf_ZC=F_d0;20700;INTARIAN_PEPPER_ROOT;11463;19;11460;11;;;11469;16;11472;25;;;11466.0;0.0
yf_ZC=F_d0;20800;ASH_COATED_OSMIUM;10011;17;10008;20;;;10020;16;10024;12;;;10015.5;0.0
yf_ZC=F_d0;20800;INTARIAN_PEPPER_ROOT;11461;11;11458;25;;;11467;14;11471;20;;;11464.0;0.0
yf_ZC=F_d0;20900;ASH_COATED_OSMIUM;10010;18;10008;23;;;10022;13;10025;23;;;10016.0;0.0
yf_ZC=F_d0;20900;INTARIAN_PEPPER_ROOT;11461;13;11457;26;;;11467;13;11471;31;;;11464.0;0.0
yf_ZC=F_d0;21000;ASH_COATED_OSMIUM;10013;12;10010;29;;;10019;10;10023;34;;;10016.0;0.0
yf_ZC=F_d0;21000;INTARIAN_PEPPER_ROOT;11459;17;11457;29;;;11466;16;11469;16;;;11462.5;0.0
yf_ZC=F_d0;21100;ASH_COATED_OSMIUM;10013;18;10009;20;;;10019;14;10022;32;;;10016.0;0.0
yf_ZC=F_d0;21100;INTARIAN_PEPPER_ROOT;11459;13;11457;10;;;11465;12;11468;19;;;11462.0;0.0
yf_ZC=F_d0;21200;ASH_COATED_OSMIUM;10007;12;10004;29;;;10026;11;10028;11;;;10016.5;0.0
yf_ZC=F_d0;21200;INTARIAN_PEPPER_ROOT;11458;17;11454;24;;;11464;17;11467;20;;;11461.0;0.0
yf_ZC=F_d0;21300;ASH_COATED_OSMIUM;10010;20;10008;22;;;10022;10;10024;14;;;10016.0;0.0
yf_ZC=F_d0;21300;INTARIAN_PEPPER_ROOT;11457;11;11455;26;;;11464;13;11466;19;;;11460.5;0.0
yf_ZC=F_d0;21400;ASH_COATED_OSMIUM;10012;20;10008;22;;;10021;5;10025;13;;;10016.5;0.0
yf_ZC=F_d0;21400;INTARIAN_PEPPER_ROOT;11449;12;11446;19;;;11469;7;11473;22;;;11459.0;0.0
yf_ZC=F_d0;21500;ASH_COATED_OSMIUM;10013;15;10011;23;;;10019;6;10023;24;;;10016.0;0.0
yf_ZC=F_d0;21500;INTARIAN_PEPPER_ROOT;11436;22;11432;11;;;11480;9;11484;22;;;11458.0;0.0
yf_ZC=F_d0;21600;ASH_COATED_OSMIUM;10014;10;10011;21;;;10020;15;10023;26;;;10017.0;0.0
yf_ZC=F_d0;21600;INTARIAN_PEPPER_ROOT;11454;5;11451;26;;;11460;13;11463;16;;;11457.0;0.0
yf_ZC=F_d0;21700;ASH_COATED_OSMIUM;10013;11;10011;20;;;10019;12;10021;25;;;10016.0;0.0
yf_ZC=F_d0;21700;INTARIAN_PEPPER_ROOT;11451;18;11448;15;;;11462;13;11465;18;;;11456.5;0.0
yf_ZC=F_d0;21800;ASH_COATED_OSMIUM;10005;17;10003;8;;;10028;10;10032;21;;;10016.5;0.0
yf_ZC=F_d0;21800;INTARIAN_PEPPER_ROOT;11453;13;11450;20;;;11459;14;11461;16;;;11456.0;0.0
yf_ZC=F_d0;21900;ASH_COATED_OSMIUM;10013;22;10011;23;;;10019;30;10021;15;;;10016.0;0.0
yf_ZC=F_d0;21900;INTARIAN_PEPPER_ROOT;11450;25;11448;18;;;11460;18;11463;18;;;11455.0;0.0
yf_ZC=F_d0;22000;ASH_COATED_OSMIUM;10014;10;10011;23;;;10020;8;10023;20;;;10017.0;0.0
yf_ZC=F_d0;22000;INTARIAN_PEPPER_ROOT;11450;16;11448;22;;;11456;11;11458;23;;;11453.0;0.0
yf_ZC=F_d0;22100;ASH_COATED_OSMIUM;10014;12;10010;18;;;10020;11;10023;13;;;10017.0;0.0
yf_ZC=F_d0;22100;INTARIAN_PEPPER_ROOT;11450;13;11448;17;;;11457;16;11460;20;;;11453.5;0.0
yf_ZC=F_d0;22200;ASH_COATED_OSMIUM;10014;16;10012;20;;;10020;22;10024;18;;;10017.0;0.0
yf_ZC=F_d0;22200;INTARIAN_PEPPER_ROOT;11448;17;11446;21;;;11455;25;11458;22;;;11451.5;0.0
yf_ZC=F_d0;22300;ASH_COATED_OSMIUM;10014;22;10011;23;;;10020;6;10022;21;;;10017.0;0.0
yf_ZC=F_d0;22300;INTARIAN_PEPPER_ROOT;11440;25;11437;23;;;11463;14;11467;18;;;11451.5;0.0
yf_ZC=F_d0;22400;ASH_COATED_OSMIUM;10011;15;10007;24;;;10024;13;10027;23;;;10017.5;0.0
yf_ZC=F_d0;22400;INTARIAN_PEPPER_ROOT;11429;15;11427;11;;;11473;18;11476;21;;;11451.0;0.0
yf_ZC=F_d0;22500;ASH_COATED_OSMIUM;10014;15;10010;19;;;10020;14;10022;18;;;10017.0;0.0
yf_ZC=F_d0;22500;INTARIAN_PEPPER_ROOT;11444;15;11440;26;;;11454;8;11457;17;;;11449.0;0.0
yf_ZC=F_d0;22600;ASH_COATED_OSMIUM;10011;17;10008;23;;;10022;11;10024;8;;;10016.5;0.0
yf_ZC=F_d0;22600;INTARIAN_PEPPER_ROOT;11436;20;11433;13;;;11460;17;11464;16;;;11448.0;0.0
yf_ZC=F_d0;22700;ASH_COATED_OSMIUM;10012;11;10009;16;;;10022;12;10024;19;;;10017.0;0.0
yf_ZC=F_d0;22700;INTARIAN_PEPPER_ROOT;11443;8;11441;25;;;11452;5;11454;17;;;11447.5;0.0
yf_ZC=F_d0;22800;ASH_COATED_OSMIUM;10011;14;10009;17;;;10024;8;10028;21;;;10017.5;0.0
yf_ZC=F_d0;22800;INTARIAN_PEPPER_ROOT;11443;12;11439;13;;;11449;14;11452;16;;;11446.0;0.0
yf_ZC=F_d0;22900;ASH_COATED_OSMIUM;10014;21;10012;27;;;10020;12;10022;26;;;10017.0;0.0
yf_ZC=F_d0;22900;INTARIAN_PEPPER_ROOT;11440;13;11436;19;;;11451;21;11453;23;;;11445.5;0.0
yf_ZC=F_d0;23000;ASH_COATED_OSMIUM;10015;20;10012;22;;;10021;11;10024;16;;;10018.0;0.0
yf_ZC=F_d0;23000;INTARIAN_PEPPER_ROOT;11439;17;11437;21;;;11450;10;11454;21;;;11444.5;0.0
yf_ZC=F_d0;23100;ASH_COATED_OSMIUM;10015;16;10012;15;;;10021;15;10025;14;;;10018.0;0.0
yf_ZC=F_d0;23100;INTARIAN_PEPPER_ROOT;11441;8;11438;19;;;11447;16;11450;11;;;11444.0;0.0
yf_ZC=F_d0;23200;ASH_COATED_OSMIUM;10014;18;10011;25;;;10020;7;10022;19;;;10017.0;0.0
yf_ZC=F_d0;23200;INTARIAN_PEPPER_ROOT;11428;12;11425;22;;;11457;9;11459;21;;;11442.5;0.0
yf_ZC=F_d0;23300;ASH_COATED_OSMIUM;10014;10;10012;13;;;10021;13;10023;22;;;10017.5;0.0
yf_ZC=F_d0;23300;INTARIAN_PEPPER_ROOT;11439;15;11435;28;;;11445;8;11449;18;;;11442.0;0.0
yf_ZC=F_d0;23400;ASH_COATED_OSMIUM;10012;19;10010;13;;;10024;20;10028;13;;;10018.0;0.0
yf_ZC=F_d0;23400;INTARIAN_PEPPER_ROOT;11438;10;11434;13;;;11444;16;11447;15;;;11441.0;0.0
yf_ZC=F_d0;23500;ASH_COATED_OSMIUM;10015;18;10011;23;;;10021;14;10024;28;;;10018.0;0.0
yf_ZC=F_d0;23500;INTARIAN_PEPPER_ROOT;11437;23;11435;25;;;11443;10;11446;27;;;11440.0;0.0
yf_ZC=F_d0;23600;ASH_COATED_OSMIUM;10015;14;10013;19;;;10021;14;10024;12;;;10018.0;0.0
yf_ZC=F_d0;23600;INTARIAN_PEPPER_ROOT;11437;15;11434;32;;;11443;15;11446;16;;;11440.0;0.0
yf_ZC=F_d0;23700;ASH_COATED_OSMIUM;10009;10;10006;14;;;10027;14;10031;20;;;10018.0;0.0
yf_ZC=F_d0;23700;INTARIAN_PEPPER_ROOT;11436;11;11432;22;;;11442;12;11444;22;;;11439.0;0.0
yf_ZC=F_d0;23800;ASH_COATED_OSMIUM;10008;17;10005;16;;;10028;15;10030;16;;;10018.0;0.0
yf_ZC=F_d0;23800;INTARIAN_PEPPER_ROOT;11434;27;11432;13;;;11442;13;11445;18;;;11438.0;0.0
yf_ZC=F_d0;23900;ASH_COATED_OSMIUM;10015;19;10013;14;;;10021;20;10025;14;;;10018.0;0.0
yf_ZC=F_d0;23900;INTARIAN_PEPPER_ROOT;11434;13;11431;17;;;11440;10;11443;24;;;11437.0;0.0
yf_ZC=F_d0;24000;ASH_COATED_OSMIUM;10015;14;10012;8;;;10021;10;10025;19;;;10018.0;0.0
yf_ZC=F_d0;24000;INTARIAN_PEPPER_ROOT;11433;21;11431;8;;;11439;19;11443;23;;;11436.0;0.0
yf_ZC=F_d0;24100;ASH_COATED_OSMIUM;10016;5;10012;23;;;10022;9;10024;25;;;10019.0;0.0
yf_ZC=F_d0;24100;INTARIAN_PEPPER_ROOT;11431;15;11427;24;;;11438;9;11442;35;;;11434.5;0.0
yf_ZC=F_d0;24200;ASH_COATED_OSMIUM;10015;19;10012;22;;;10023;19;10026;21;;;10019.0;0.0
yf_ZC=F_d0;24200;INTARIAN_PEPPER_ROOT;11431;5;11427;23;;;11437;15;11440;18;;;11434.0;0.0
yf_ZC=F_d0;24300;ASH_COATED_OSMIUM;10016;13;10014;15;;;10022;9;10026;15;;;10019.0;0.0
yf_ZC=F_d0;24300;INTARIAN_PEPPER_ROOT;11429;11;11426;9;;;11439;10;11443;27;;;11434.0;0.0
yf_ZC=F_d0;24400;ASH_COATED_OSMIUM;10016;20;10013;17;;;10022;30;10026;24;;;10019.0;0.0
yf_ZC=F_d0;24400;INTARIAN_PEPPER_ROOT;11429;14;11427;14;;;11436;11;11440;20;;;11432.5;0.0
yf_ZC=F_d0;24500;ASH_COATED_OSMIUM;10015;8;10012;26;;;10023;8;10025;12;;;10019.0;0.0
yf_ZC=F_d0;24500;INTARIAN_PEPPER_ROOT;11429;14;11426;12;;;11435;10;11438;29;;;11432.0;0.0
yf_ZC=F_d0;24600;ASH_COATED_OSMIUM;10009;17;10005;32;;;10029;20;10032;16;;;10019.0;0.0
yf_ZC=F_d0;24600;INTARIAN_PEPPER_ROOT;11428;22;11426;17;;;11434;20;11438;19;;;11431.0;0.0
yf_ZC=F_d0;24700;ASH_COATED_OSMIUM;10007;14;10003;14;;;10031;9;10034;21;;;10019.0;0.0
yf_ZC=F_d0;24700;INTARIAN_PEPPER_ROOT;11426;9;11422;18;;;11432;10;11435;23;;;11429.0;0.0
yf_ZC=F_d0;24800;ASH_COATED_OSMIUM;10016;14;10012;17;;;10022;10;10024;20;;;10019.0;0.0
yf_ZC=F_d0;24800;INTARIAN_PEPPER_ROOT;11424;15;11421;18;;;11433;15;11435;15;;;11428.5;0.0
yf_ZC=F_d0;24900;ASH_COATED_OSMIUM;10011;12;10009;15;;;10028;19;10032;15;;;10019.5;0.0
yf_ZC=F_d0;24900;INTARIAN_PEPPER_ROOT;11425;10;11421;17;;;11431;14;11434;25;;;11428.0;0.0
yf_ZC=F_d0;25000;ASH_COATED_OSMIUM;10016;8;10013;14;;;10022;10;10025;19;;;10019.0;0.0
yf_ZC=F_d0;25000;INTARIAN_PEPPER_ROOT;11424;20;11422;21;;;11430;15;11433;15;;;11427.0;0.0
yf_ZC=F_d0;25100;ASH_COATED_OSMIUM;10017;23;10015;24;;;10023;12;10025;21;;;10020.0;0.0
yf_ZC=F_d0;25100;INTARIAN_PEPPER_ROOT;11415;11;11413;18;;;11436;12;11440;11;;;11425.5;0.0
yf_ZC=F_d0;25200;ASH_COATED_OSMIUM;10016;17;10014;12;;;10022;11;10026;22;;;10019.0;0.0
yf_ZC=F_d0;25200;INTARIAN_PEPPER_ROOT;11422;13;11420;24;;;11428;18;11432;22;;;11425.0;0.0
yf_ZC=F_d0;25300;ASH_COATED_OSMIUM;10013;11;10010;10;;;10026;10;10028;15;;;10019.5;0.0
yf_ZC=F_d0;25300;INTARIAN_PEPPER_ROOT;11408;17;11406;21;;;11441;24;11443;17;;;11424.5;0.0
yf_ZC=F_d0;25400;ASH_COATED_OSMIUM;10006;15;10003;18;;;10033;10;10036;17;;;10019.5;0.0
yf_ZC=F_d0;25400;INTARIAN_PEPPER_ROOT;11420;7;11417;20;;;11426;15;11430;19;;;11423.0;0.0
yf_ZC=F_d0;25500;ASH_COATED_OSMIUM;10007;13;10004;22;;;10032;17;10035;15;;;10019.5;0.0
yf_ZC=F_d0;25500;INTARIAN_PEPPER_ROOT;11420;6;11417;18;;;11426;15;11430;16;;;11423.0;0.0
yf_ZC=F_d0;25600;ASH_COATED_OSMIUM;10013;7;10010;15;;;10025;25;10028;18;;;10019.0;0.0
yf_ZC=F_d0;25600;INTARIAN_PEPPER_ROOT;11419;23;11415;13;;;11425;14;11428;18;;;11422.0;0.0
yf_ZC=F_d0;25700;ASH_COATED_OSMIUM;10017;18;10015;19;;;10023;23;10025;12;;;10020.0;0.0
yf_ZC=F_d0;25700;INTARIAN_PEPPER_ROOT;11411;20;11407;21;;;11430;14;11434;15;;;11420.5;0.0
yf_ZC=F_d0;25800;ASH_COATED_OSMIUM;10017;9;10013;26;;;10023;15;10026;28;;;10020.0;0.0
yf_ZC=F_d0;25800;INTARIAN_PEPPER_ROOT;11417;13;11414;15;;;11423;25;11427;16;;;11420.0;0.0
yf_ZC=F_d0;25900;ASH_COATED_OSMIUM;10017;14;10015;22;;;10023;13;10026;24;;;10020.0;0.0
yf_ZC=F_d0;25900;INTARIAN_PEPPER_ROOT;11416;15;11413;25;;;11422;12;11425;11;;;11419.0;0.0
yf_ZC=F_d0;26000;ASH_COATED_OSMIUM;10017;9;10014;15;;;10023;17;10027;14;;;10020.0;0.0
yf_ZC=F_d0;26000;INTARIAN_PEPPER_ROOT;11415;15;11411;19;;;11421;14;11423;17;;;11418.0;0.0
yf_ZC=F_d0;26100;ASH_COATED_OSMIUM;10017;13;10015;25;;;10023;22;10027;24;;;10020.0;0.0
yf_ZC=F_d0;26100;INTARIAN_PEPPER_ROOT;11414;8;11412;23;;;11420;18;11424;24;;;11417.0;0.0
yf_ZC=F_d0;26200;ASH_COATED_OSMIUM;10017;21;10013;16;;;10023;13;10027;21;;;10020.0;0.0
yf_ZC=F_d0;26200;INTARIAN_PEPPER_ROOT;11413;23;11409;23;;;11419;9;11422;17;;;11416.0;0.0
yf_ZC=F_d0;26300;ASH_COATED_OSMIUM;10017;8;10013;18;;;10023;10;10026;21;;;10020.0;0.0
yf_ZC=F_d0;26300;INTARIAN_PEPPER_ROOT;11413;22;11411;22;;;11419;12;11422;9;;;11416.0;0.0
yf_ZC=F_d0;26400;ASH_COATED_OSMIUM;10017;17;10015;25;;;10023;9;10026;12;;;10020.0;0.0
yf_ZC=F_d0;26400;INTARIAN_PEPPER_ROOT;11403;18;11401;14;;;11425;14;11428;21;;;11414.0;0.0
yf_ZC=F_d0;26500;ASH_COATED_OSMIUM;10014;13;10012;13;;;10027;20;10029;18;;;10020.5;0.0
yf_ZC=F_d0;26500;INTARIAN_PEPPER_ROOT;11411;19;11407;13;;;11417;22;11419;27;;;11414.0;0.0
yf_ZC=F_d0;26600;ASH_COATED_OSMIUM;10010;16;10008;21;;;10032;17;10034;16;;;10021.0;0.0
yf_ZC=F_d0;26600;INTARIAN_PEPPER_ROOT;11404;16;11401;16;;;11420;15;11423;24;;;11412.0;0.0
yf_ZC=F_d0;26700;ASH_COATED_OSMIUM;10018;5;10015;22;;;10024;15;10026;19;;;10021.0;0.0
yf_ZC=F_d0;26700;INTARIAN_PEPPER_ROOT;11409;10;11406;22;;;11415;8;11417;19;;;11412.0;0.0
yf_ZC=F_d0;26800;ASH_COATED_OSMIUM;10018;12;10016;30;;;10024;10;10028;12;;;10021.0;0.0
yf_ZC=F_d0;26800;INTARIAN_PEPPER_ROOT;11407;19;11405;14;;;11413;17;11415;13;;;11410.0;0.0
yf_ZC=F_d0;26900;ASH_COATED_OSMIUM;10016;13;10013;11;;;10026;15;10029;27;;;10021.0;0.0
yf_ZC=F_d0;26900;INTARIAN_PEPPER_ROOT;11405;14;11401;27;;;11415;11;11419;19;;;11410.0;0.0
yf_ZC=F_d0;27000;ASH_COATED_OSMIUM;10016;12;10014;24;;;10027;11;10030;26;;;10021.5;0.0
yf_ZC=F_d0;27000;INTARIAN_PEPPER_ROOT;11406;15;11404;33;;;11412;15;11414;16;;;11409.0;0.0
yf_ZC=F_d0;27100;ASH_COATED_OSMIUM;10018;7;10016;28;;;10025;13;10028;23;;;10021.5;0.0
yf_ZC=F_d0;27100;INTARIAN_PEPPER_ROOT;11405;18;11401;21;;;11411;11;11414;14;;;11408.0;0.0
yf_ZC=F_d0;27200;ASH_COATED_OSMIUM;10019;7;10015;22;;;10025;8;10027;18;;;10022.0;0.0
yf_ZC=F_d0;27200;INTARIAN_PEPPER_ROOT;11404;17;11400;19;;;11411;16;11413;17;;;11407.5;0.0
yf_ZC=F_d0;27300;ASH_COATED_OSMIUM;10015;5;10011;19;;;10028;23;10031;18;;;10021.5;0.0
yf_ZC=F_d0;27300;INTARIAN_PEPPER_ROOT;11403;14;11400;17;;;11409;16;11412;18;;;11406.0;0.0
yf_ZC=F_d0;27400;ASH_COATED_OSMIUM;10018;20;10016;17;;;10024;19;10027;21;;;10021.0;0.0
yf_ZC=F_d0;27400;INTARIAN_PEPPER_ROOT;11403;22;11399;14;;;11409;14;11412;19;;;11406.0;0.0
yf_ZC=F_d0;27500;ASH_COATED_OSMIUM;10019;19;10017;26;;;10025;17;10027;13;;;10022.0;0.0
yf_ZC=F_d0;27500;INTARIAN_PEPPER_ROOT;11402;16;11400;12;;;11408;23;11411;16;;;11405.0;0.0
yf_ZC=F_d0;27600;ASH_COATED_OSMIUM;10013;9;10011;12;;;10031;8;10034;16;;;10022.0;0.0
yf_ZC=F_d0;27600;INTARIAN_PEPPER_ROOT;11401;21;11399;16;;;11407;7;11410;29;;;11404.0;0.0
yf_ZC=F_d0;27700;ASH_COATED_OSMIUM;10019;14;10017;10;;;10025;13;10029;13;;;10022.0;0.0
yf_ZC=F_d0;27700;INTARIAN_PEPPER_ROOT;11398;17;11394;25;;;11407;15;11411;18;;;11402.5;0.0
yf_ZC=F_d0;27800;ASH_COATED_OSMIUM;10019;14;10015;24;;;10025;21;10027;30;;;10022.0;0.0
yf_ZC=F_d0;27800;INTARIAN_PEPPER_ROOT;11396;14;11394;13;;;11408;19;11411;16;;;11402.0;0.0
yf_ZC=F_d0;27900;ASH_COATED_OSMIUM;10019;18;10015;19;;;10025;23;10029;16;;;10022.0;0.0
yf_ZC=F_d0;27900;INTARIAN_PEPPER_ROOT;11397;14;11394;16;;;11405;7;11408;24;;;11401.0;0.0
yf_ZC=F_d0;28000;ASH_COATED_OSMIUM;10019;19;10015;24;;;10025;10;10028;24;;;10022.0;0.0
yf_ZC=F_d0;28000;INTARIAN_PEPPER_ROOT;11396;13;11392;8;;;11404;21;11407;24;;;11400.0;0.0
yf_ZC=F_d0;28100;ASH_COATED_OSMIUM;10017;10;10015;8;;;10028;5;10031;17;;;10022.5;0.0
yf_ZC=F_d0;28100;INTARIAN_PEPPER_ROOT;11396;10;11394;18;;;11402;23;11404;26;;;11399.0;0.0
yf_ZC=F_d0;28200;ASH_COATED_OSMIUM;10019;15;10017;19;;;10026;12;10030;11;;;10022.5;0.0
yf_ZC=F_d0;28200;INTARIAN_PEPPER_ROOT;11395;21;11391;16;;;11401;20;11403;22;;;11398.0;0.0
yf_ZC=F_d0;28300;ASH_COATED_OSMIUM;10019;14;10015;19;;;10025;16;10029;20;;;10022.0;0.0
yf_ZC=F_d0;28300;INTARIAN_PEPPER_ROOT;11393;18;11390;14;;;11402;17;11406;15;;;11397.5;0.0
yf_ZC=F_d0;28400;ASH_COATED_OSMIUM;10019;17;10016;18;;;10025;20;10027;11;;;10022.0;0.0
yf_ZC=F_d0;28400;INTARIAN_PEPPER_ROOT;11393;20;11390;12;;;11399;9;11403;22;;;11396.0;0.0
yf_ZC=F_d0;28500;ASH_COATED_OSMIUM;10019;30;10015;21;;;10025;23;10028;15;;;10022.0;0.0
yf_ZC=F_d0;28500;INTARIAN_PEPPER_ROOT;11392;22;11389;17;;;11400;9;11402;23;;;11396.0;0.0
yf_ZC=F_d0;28600;ASH_COATED_OSMIUM;10019;16;10015;25;;;10025;22;10028;29;;;10022.0;0.0
yf_ZC=F_d0;28600;INTARIAN_PEPPER_ROOT;11392;9;11390;25;;;11398;10;11402;19;;;11395.0;0.0
yf_ZC=F_d0;28700;ASH_COATED_OSMIUM;10020;13;10017;17;;;10026;19;10028;22;;;10023.0;0.0
yf_ZC=F_d0;28700;INTARIAN_PEPPER_ROOT;11387;15;11385;35;;;11401;18;11403;17;;;11394.0;0.0
yf_ZC=F_d0;28800;ASH_COATED_OSMIUM;10019;20;10017;24;;;10025;20;10028;20;;;10022.0;0.0
yf_ZC=F_d0;28800;INTARIAN_PEPPER_ROOT;11390;5;11388;23;;;11396;19;11399;22;;;11393.0;0.0
yf_ZC=F_d0;28900;ASH_COATED_OSMIUM;10014;13;10010;25;;;10031;19;10033;17;;;10022.5;0.0
yf_ZC=F_d0;28900;INTARIAN_PEPPER_ROOT;11389;25;11385;25;;;11395;5;11399;15;;;11392.0;0.0
yf_ZC=F_d0;29000;ASH_COATED_OSMIUM;10020;11;10017;20;;;10026;14;10030;13;;;10023.0;0.0
yf_ZC=F_d0;29000;INTARIAN_PEPPER_ROOT;11388;14;11384;18;;;11394;8;11396;25;;;11391.0;0.0
yf_ZC=F_d0;29100;ASH_COATED_OSMIUM;10020;17;10018;23;;;10026;11;10030;14;;;10023.0;0.0
yf_ZC=F_d0;29100;INTARIAN_PEPPER_ROOT;11387;22;11383;13;;;11393;17;11397;16;;;11390.0;0.0
yf_ZC=F_d0;29200;ASH_COATED_OSMIUM;10020;9;10016;21;;;10026;6;10030;22;;;10023.0;0.0
yf_ZC=F_d0;29200;INTARIAN_PEPPER_ROOT;11385;11;11381;19;;;11392;11;11396;9;;;11388.5;0.0
yf_ZC=F_d0;29300;ASH_COATED_OSMIUM;10007;14;10004;18;;;10040;14;10042;20;;;10023.5;0.0
yf_ZC=F_d0;29300;INTARIAN_PEPPER_ROOT;11377;13;11374;27;;;11399;12;11402;13;;;11388.0;0.0
yf_ZC=F_d0;29400;ASH_COATED_OSMIUM;10020;8;10018;20;;;10026;8;10028;26;;;10023.0;0.0
yf_ZC=F_d0;29400;INTARIAN_PEPPER_ROOT;11380;13;11378;20;;;11395;13;11399;20;;;11387.5;0.0
yf_ZC=F_d0;29500;ASH_COATED_OSMIUM;10016;22;10013;29;;;10031;18;10035;20;;;10023.5;0.0
yf_ZC=F_d0;29500;INTARIAN_PEPPER_ROOT;11372;16;11370;20;;;11400;11;11402;24;;;11386.0;0.0
yf_ZC=F_d0;29600;ASH_COATED_OSMIUM;10020;8;10017;23;;;10028;13;10032;21;;;10024.0;0.0
yf_ZC=F_d0;29600;INTARIAN_PEPPER_ROOT;11383;22;11381;23;;;11389;14;11392;19;;;11386.0;0.0
yf_ZC=F_d0;29700;ASH_COATED_OSMIUM;10020;11;10016;29;;;10026;12;10028;17;;;10023.0;0.0
yf_ZC=F_d0;29700;INTARIAN_PEPPER_ROOT;11382;23;11380;17;;;11388;15;11391;22;;;11385.0;0.0
yf_ZC=F_d0;29800;ASH_COATED_OSMIUM;10021;15;10018;28;;;10027;12;10031;17;;;10024.0;0.0
yf_ZC=F_d0;29800;INTARIAN_PEPPER_ROOT;11381;16;11378;21;;;11387;19;11389;31;;;11384.0;0.0
yf_ZC=F_d0;29900;ASH_COATED_OSMIUM;10022;13;10019;12;;;10028;18;10032;21;;;10025.0;0.0
yf_ZC=F_d0;29900;INTARIAN_PEPPER_ROOT;11376;5;11374;16;;;11390;12;11394;21;;;11383.0;0.0
yf_ZC=F_d0;30000;ASH_COATED_OSMIUM;10020;24;10017;20;;;10026;15;10029;19;;;10023.0;0.0
yf_ZC=F_d0;30000;INTARIAN_PEPPER_ROOT;11379;14;11376;14;;;11385;21;11388;16;;;11382.0;0.0
yf_ZC=F_d0;30100;ASH_COATED_OSMIUM;10020;12;10017;17;;;10029;17;10032;19;;;10024.5;0.0
yf_ZC=F_d0;30100;INTARIAN_PEPPER_ROOT;11378;18;11374;20;;;11384;14;11386;21;;;11381.0;0.0
yf_ZC=F_d0;30200;ASH_COATED_OSMIUM;10021;19;10017;24;;;10027;12;10029;32;;;10024.0;0.0
yf_ZC=F_d0;30200;INTARIAN_PEPPER_ROOT;11377;15;11374;14;;;11383;23;11387;14;;;11380.0;0.0
yf_ZC=F_d0;30300;ASH_COATED_OSMIUM;10018;16;10016;21;;;10030;19;10032;13;;;10024.0;0.0
yf_ZC=F_d0;30300;INTARIAN_PEPPER_ROOT;11377;24;11374;24;;;11383;5;11386;21;;;11380.0;0.0
yf_ZC=F_d0;30400;ASH_COATED_OSMIUM;10019;15;10016;18;;;10028;13;10031;21;;;10023.5;0.0
yf_ZC=F_d0;30400;INTARIAN_PEPPER_ROOT;11376;23;11373;27;;;11382;17;11384;21;;;11379.0;0.0
yf_ZC=F_d0;30500;ASH_COATED_OSMIUM;10018;10;10016;11;;;10029;22;10031;25;;;10023.5;0.0
yf_ZC=F_d0;30500;INTARIAN_PEPPER_ROOT;11374;24;11370;23;;;11380;12;11383;23;;;11377.0;0.0
yf_ZC=F_d0;30600;ASH_COATED_OSMIUM;10021;16;10018;14;;;10027;17;10031;23;;;10024.0;0.0
yf_ZC=F_d0;30600;INTARIAN_PEPPER_ROOT;11373;17;11370;14;;;11379;11;11381;12;;;11376.0;0.0
yf_ZC=F_d0;30700;ASH_COATED_OSMIUM;10018;16;10014;15;;;10031;21;10033;27;;;10024.5;0.0
yf_ZC=F_d0;30700;INTARIAN_PEPPER_ROOT;11373;24;11371;20;;;11379;16;11383;12;;;11376.0;0.0
yf_ZC=F_d0;30800;ASH_COATED_OSMIUM;10021;14;10019;24;;;10027;5;10031;22;;;10024.0;0.0
yf_ZC=F_d0;30800;INTARIAN_PEPPER_ROOT;11372;26;11370;19;;;11378;19;11381;30;;;11375.0;0.0
yf_ZC=F_d0;30900;ASH_COATED_OSMIUM;10011;13;10007;13;;;10037;5;10041;19;;;10024.0;0.0
yf_ZC=F_d0;30900;INTARIAN_PEPPER_ROOT;11371;17;11367;30;;;11378;10;11382;19;;;11374.5;0.0
yf_ZC=F_d0;31000;ASH_COATED_OSMIUM;10021;13;10019;18;;;10028;6;10030;20;;;10024.5;0.0
yf_ZC=F_d0;31000;INTARIAN_PEPPER_ROOT;11370;21;11367;13;;;11376;14;11378;18;;;11373.0;0.0
yf_ZC=F_d0;31100;ASH_COATED_OSMIUM;10022;13;10019;18;;;10028;14;10030;14;;;10025.0;0.0
yf_ZC=F_d0;31100;INTARIAN_PEPPER_ROOT;11368;16;11365;21;;;11377;15;11380;23;;;11372.5;0.0
yf_ZC=F_d0;31200;ASH_COATED_OSMIUM;10018;7;10016;16;;;10031;19;10033;26;;;10024.5;0.0
yf_ZC=F_d0;31200;INTARIAN_PEPPER_ROOT;11368;12;11366;14;;;11374;17;11376;24;;;11371.0;0.0
yf_ZC=F_d0;31300;ASH_COATED_OSMIUM;10022;14;10020;11;;;10028;12;10031;18;;;10025.0;0.0
yf_ZC=F_d0;31300;INTARIAN_PEPPER_ROOT;11368;20;11365;12;;;11374;23;11377;16;;;11371.0;0.0
yf_ZC=F_d0;31400;ASH_COATED_OSMIUM;10022;17;10020;17;;;10029;13;10032;32;;;10025.5;0.0
yf_ZC=F_d0;31400;INTARIAN_PEPPER_ROOT;11365;7;11361;18;;;11373;7;11377;13;;;11369.0;0.0
yf_ZC=F_d0;31500;ASH_COATED_OSMIUM;10017;18;10014;13;;;10033;15;10036;25;;;10025.0;0.0
yf_ZC=F_d0;31500;INTARIAN_PEPPER_ROOT;11363;16;11361;23;;;11373;10;11377;18;;;11368.0;0.0
yf_ZC=F_d0;31600;ASH_COATED_OSMIUM;10022;8;10019;14;;;10028;6;10032;17;;;10025.0;0.0
yf_ZC=F_d0;31600;INTARIAN_PEPPER_ROOT;11364;17;11361;20;;;11372;11;11374;19;;;11368.0;0.0
yf_ZC=F_d0;31700;ASH_COATED_OSMIUM;10021;9;10018;24;;;10031;17;10033;23;;;10026.0;0.0
yf_ZC=F_d0;31700;INTARIAN_PEPPER_ROOT;11364;18;11360;12;;;11370;12;11373;16;;;11367.0;0.0
yf_ZC=F_d0;31800;ASH_COATED_OSMIUM;10022;8;10019;18;;;10028;10;10030;19;;;10025.0;0.0
yf_ZC=F_d0;31800;INTARIAN_PEPPER_ROOT;11357;9;11355;20;;;11375;10;11378;22;;;11366.0;0.0
yf_ZC=F_d0;31900;ASH_COATED_OSMIUM;10012;10;10008;17;;;10039;18;10041;24;;;10025.5;0.0
yf_ZC=F_d0;31900;INTARIAN_PEPPER_ROOT;11361;14;11359;21;;;11369;16;11371;11;;;11365.0;0.0
yf_ZC=F_d0;32000;ASH_COATED_OSMIUM;10022;14;10018;21;;;10028;18;10030;28;;;10025.0;0.0
yf_ZC=F_d0;32000;INTARIAN_PEPPER_ROOT;11361;16;11358;20;;;11367;11;11370;16;;;11364.0;0.0
yf_ZC=F_d0;32100;ASH_COATED_OSMIUM;10022;10;10018;22;;;10028;16;10030;16;;;10025.0;0.0
yf_ZC=F_d0;32100;INTARIAN_PEPPER_ROOT;11359;10;11356;24;;;11367;12;11369;21;;;11363.0;0.0
yf_ZC=F_d0;32200;ASH_COATED_OSMIUM;10015;12;10013;27;;;10036;20;10038;27;;;10025.5;0.0
yf_ZC=F_d0;32200;INTARIAN_PEPPER_ROOT;11343;20;11340;22;;;11381;13;11384;24;;;11362.0;0.0
yf_ZC=F_d0;32300;ASH_COATED_OSMIUM;10023;20;10020;17;;;10029;19;10031;26;;;10026.0;0.0
yf_ZC=F_d0;32300;INTARIAN_PEPPER_ROOT;11359;18;11357;15;;;11365;17;11367;19;;;11362.0;0.0
yf_ZC=F_d0;32400;ASH_COATED_OSMIUM;10022;15;10018;13;;;10031;14;10033;18;;;10026.5;0.0
yf_ZC=F_d0;32400;INTARIAN_PEPPER_ROOT;11358;19;11355;25;;;11364;14;11366;18;;;11361.0;0.0
yf_ZC=F_d0;32500;ASH_COATED_OSMIUM;10023;15;10021;18;;;10030;12;10032;13;;;10026.5;0.0
yf_ZC=F_d0;32500;INTARIAN_PEPPER_ROOT;11353;5;11349;20;;;11366;16;11368;14;;;11359.5;0.0
yf_ZC=F_d0;32600;ASH_COATED_OSMIUM;10022;18;10020;23;;;10030;21;10033;27;;;10026.0;0.0
yf_ZC=F_d0;32600;INTARIAN_PEPPER_ROOT;11355;9;11351;16;;;11361;29;11365;24;;;11358.0;0.0
yf_ZC=F_d0;32700;ASH_COATED_OSMIUM;10022;15;10020;17;;;10031;15;10035;18;;;10026.5;0.0
yf_ZC=F_d0;32700;INTARIAN_PEPPER_ROOT;11355;12;11351;28;;;11361;13;11363;21;;;11358.0;0.0
yf_ZC=F_d0;32800;ASH_COATED_OSMIUM;10023;9;10021;16;;;10029;12;10033;9;;;10026.0;0.0
yf_ZC=F_d0;32800;INTARIAN_PEPPER_ROOT;11350;22;11347;26;;;11364;21;11368;18;;;11357.0;0.0
yf_ZC=F_d0;32900;ASH_COATED_OSMIUM;10023;12;10021;23;;;10029;14;10033;23;;;10026.0;0.0
yf_ZC=F_d0;32900;INTARIAN_PEPPER_ROOT;11353;12;11349;25;;;11359;15;11362;21;;;11356.0;0.0
yf_ZC=F_d0;33000;ASH_COATED_OSMIUM;10021;7;10018;19;;;10032;6;10035;19;;;10026.5;0.0
yf_ZC=F_d0;33000;INTARIAN_PEPPER_ROOT;11352;19;11349;17;;;11358;28;11362;16;;;11355.0;0.0
yf_ZC=F_d0;33100;ASH_COATED_OSMIUM;10023;10;10021;15;;;10029;16;10031;25;;;10026.0;0.0
yf_ZC=F_d0;33100;INTARIAN_PEPPER_ROOT;11350;13;11346;11;;;11358;15;11361;28;;;11354.0;0.0
yf_ZC=F_d0;33200;ASH_COATED_OSMIUM;10022;10;10018;22;;;10031;15;10033;24;;;10026.5;0.0
yf_ZC=F_d0;33200;INTARIAN_PEPPER_ROOT;11350;9;11346;28;;;11356;7;11359;20;;;11353.0;0.0
yf_ZC=F_d0;33300;ASH_COATED_OSMIUM;10023;9;10019;24;;;10029;10;10031;8;;;10026.0;0.0
yf_ZC=F_d0;33300;INTARIAN_PEPPER_ROOT;11350;19;11348;23;;;11356;18;11359;15;;;11353.0;0.0
yf_ZC=F_d0;33400;ASH_COATED_OSMIUM;10024;17;10020;18;;;10030;16;10033;26;;;10027.0;0.0
yf_ZC=F_d0;33400;INTARIAN_PEPPER_ROOT;11346;15;11344;21;;;11356;21;11359;18;;;11351.0;0.0
yf_ZC=F_d0;33500;ASH_COATED_OSMIUM;10009;9;10005;16;;;10044;7;10048;21;;;10026.5;0.0
yf_ZC=F_d0;33500;INTARIAN_PEPPER_ROOT;11348;13;11345;18;;;11354;14;11356;27;;;11351.0;0.0
yf_ZC=F_d0;33600;ASH_COATED_OSMIUM;10025;15;10022;27;;;10031;14;10033;13;;;10028.0;0.0
yf_ZC=F_d0;33600;INTARIAN_PEPPER_ROOT;11338;16;11336;23;;;11361;19;11364;21;;;11349.5;0.0
yf_ZC=F_d0;33700;ASH_COATED_OSMIUM;10024;21;10020;28;;;10030;19;10032;11;;;10027.0;0.0
yf_ZC=F_d0;33700;INTARIAN_PEPPER_ROOT;11343;15;11341;26;;;11353;11;11357;18;;;11348.0;0.0
yf_ZC=F_d0;33800;ASH_COATED_OSMIUM;10024;8;10020;26;;;10030;21;10033;16;;;10027.0;0.0
yf_ZC=F_d0;33800;INTARIAN_PEPPER_ROOT;11346;15;11344;19;;;11352;19;11356;28;;;11349.0;0.0
yf_ZC=F_d0;33900;ASH_COATED_OSMIUM;10021;14;10018;15;;;10032;14;10034;18;;;10026.5;0.0
yf_ZC=F_d0;33900;INTARIAN_PEPPER_ROOT;11344;19;11340;25;;;11350;13;11353;17;;;11347.0;0.0
yf_ZC=F_d0;34000;ASH_COATED_OSMIUM;10017;9;10014;17;;;10039;22;10043;18;;;10028.0;0.0
yf_ZC=F_d0;34000;INTARIAN_PEPPER_ROOT;11345;22;11341;26;;;11352;19;11356;11;;;11348.5;0.0
yf_ZC=F_d0;34100;ASH_COATED_OSMIUM;10024;13;10021;20;;;10030;17;10034;25;;;10027.0;0.0
yf_ZC=F_d0;34100;INTARIAN_PEPPER_ROOT;11346;19;11343;21;;;11355;13;11357;12;;;11350.5;0.0
yf_ZC=F_d0;34200;ASH_COATED_OSMIUM;10024;7;10022;12;;;10030;11;10034;27;;;10027.0;0.0
yf_ZC=F_d0;34200;INTARIAN_PEPPER_ROOT;11348;12;11346;28;;;11357;16;11361;23;;;11352.5;0.0
yf_ZC=F_d0;34300;ASH_COATED_OSMIUM;10025;15;10022;31;;;10031;10;10034;35;;;10028.0;0.0
yf_ZC=F_d0;34300;INTARIAN_PEPPER_ROOT;11351;14;11349;35;;;11357;15;11359;10;;;11354.0;0.0
yf_ZC=F_d0;34400;ASH_COATED_OSMIUM;10025;17;10021;8;;;10031;12;10034;21;;;10028.0;0.0
yf_ZC=F_d0;34400;INTARIAN_PEPPER_ROOT;11353;7;11351;19;;;11359;17;11363;15;;;11356.0;0.0
yf_ZC=F_d0;34500;ASH_COATED_OSMIUM;10025;18;10021;14;;;10031;14;10034;13;;;10028.0;0.0
yf_ZC=F_d0;34500;INTARIAN_PEPPER_ROOT;11355;13;11352;17;;;11361;14;11365;10;;;11358.0;0.0
yf_ZC=F_d0;34600;ASH_COATED_OSMIUM;10014;17;10012;26;;;10043;9;10047;20;;;10028.5;0.0
yf_ZC=F_d0;34600;INTARIAN_PEPPER_ROOT;11356;12;11354;15;;;11362;5;11365;26;;;11359.0;0.0
yf_ZC=F_d0;34700;ASH_COATED_OSMIUM;10019;11;10016;14;;;10038;18;10041;22;;;10028.5;0.0
yf_ZC=F_d0;34700;INTARIAN_PEPPER_ROOT;11358;14;11355;14;;;11364;8;11368;16;;;11361.0;0.0
yf_ZC=F_d0;34800;ASH_COATED_OSMIUM;10024;10;10021;21;;;10032;13;10035;19;;;10028.0;0.0
yf_ZC=F_d0;34800;INTARIAN_PEPPER_ROOT;11360;14;11358;20;;;11366;9;11370;22;;;11363.0;0.0
yf_ZC=F_d0;34900;ASH_COATED_OSMIUM;10024;14;10021;14;;;10034;6;10037;15;;;10029.0;0.0
yf_ZC=F_d0;34900;INTARIAN_PEPPER_ROOT;11360;12;11356;20;;;11369;20;11372;15;;;11364.5;0.0
yf_ZC=F_d0;35000;ASH_COATED_OSMIUM;10023;17;10019;18;;;10035;6;10039;23;;;10029.0;0.0
yf_ZC=F_d0;35000;INTARIAN_PEPPER_ROOT;11360;13;11356;18;;;11373;9;11376;21;;;11366.5;0.0
yf_ZC=F_d0;35100;ASH_COATED_OSMIUM;10026;13;10022;11;;;10032;10;10034;21;;;10029.0;0.0
yf_ZC=F_d0;35100;INTARIAN_PEPPER_ROOT;11365;13;11363;18;;;11371;12;11373;27;;;11368.0;0.0
yf_ZC=F_d0;35200;ASH_COATED_OSMIUM;10025;9;10023;16;;;10032;9;10034;18;;;10028.5;0.0
yf_ZC=F_d0;35200;INTARIAN_PEPPER_ROOT;11366;10;11363;16;;;11372;20;11376;17;;;11369.0;0.0
yf_ZC=F_d0;35300;ASH_COATED_OSMIUM;10026;10;10022;18;;;10032;27;10034;30;;;10029.0;0.0
yf_ZC=F_d0;35300;INTARIAN_PEPPER_ROOT;11369;12;11365;19;;;11375;9;11379;21;;;11372.0;0.0
yf_ZC=F_d0;35400;ASH_COATED_OSMIUM;10025;19;10021;13;;;10032;15;10034;10;;;10028.5;0.0
yf_ZC=F_d0;35400;INTARIAN_PEPPER_ROOT;11371;19;11368;33;;;11377;14;11379;23;;;11374.0;0.0
yf_ZC=F_d0;35500;ASH_COATED_OSMIUM;10026;12;10023;23;;;10033;13;10035;20;;;10029.5;0.0
yf_ZC=F_d0;35500;INTARIAN_PEPPER_ROOT;11373;17;11370;21;;;11379;14;11382;12;;;11376.0;0.0
yf_ZC=F_d0;35600;ASH_COATED_OSMIUM;10026;9;10022;19;;;10032;12;10036;18;;;10029.0;0.0
yf_ZC=F_d0;35600;INTARIAN_PEPPER_ROOT;11368;10;11365;13;;;11385;27;11389;20;;;11376.5;0.0
yf_ZC=F_d0;35700;ASH_COATED_OSMIUM;10026;15;10023;14;;;10032;15;10036;14;;;10029.0;0.0
yf_ZC=F_d0;35700;INTARIAN_PEPPER_ROOT;11375;21;11373;18;;;11381;12;11383;15;;;11378.0;0.0
yf_ZC=F_d0;35800;ASH_COATED_OSMIUM;10027;13;10024;27;;;10033;16;10037;29;;;10030.0;0.0
yf_ZC=F_d0;35800;INTARIAN_PEPPER_ROOT;11376;17;11373;24;;;11385;23;11387;18;;;11380.5;0.0
yf_ZC=F_d0;35900;ASH_COATED_OSMIUM;10014;19;10010;23;;;10047;13;10049;17;;;10030.5;0.0
yf_ZC=F_d0;35900;INTARIAN_PEPPER_ROOT;11379;8;11377;19;;;11385;16;11387;13;;;11382.0;0.0
yf_ZC=F_d0;36000;ASH_COATED_OSMIUM;10026;15;10022;20;;;10035;20;10037;17;;;10030.5;0.0
yf_ZC=F_d0;36000;INTARIAN_PEPPER_ROOT;11380;21;11377;16;;;11386;17;11390;12;;;11383.0;0.0
yf_ZC=F_d0;36100;ASH_COATED_OSMIUM;10027;18;10023;20;;;10033;10;10035;16;;;10030.0;0.0
yf_ZC=F_d0;36100;INTARIAN_PEPPER_ROOT;11382;21;11380;21;;;11388;21;11392;17;;;11385.0;0.0
yf_ZC=F_d0;36200;ASH_COATED_OSMIUM;10027;18;10024;18;;;10033;15;10036;19;;;10030.0;0.0
yf_ZC=F_d0;36200;INTARIAN_PEPPER_ROOT;11382;24;11380;21;;;11393;26;11396;26;;;11387.5;0.0
yf_ZC=F_d0;36300;ASH_COATED_OSMIUM;10024;19;10022;9;;;10036;14;10038;13;;;10030.0;0.0
yf_ZC=F_d0;36300;INTARIAN_PEPPER_ROOT;11379;15;11375;25;;;11398;20;11402;29;;;11388.5;0.0
yf_ZC=F_d0;36400;ASH_COATED_OSMIUM;10026;23;10022;22;;;10035;25;10038;26;;;10030.5;0.0
yf_ZC=F_d0;36400;INTARIAN_PEPPER_ROOT;11382;14;11379;20;;;11400;23;11404;23;;;11391.0;0.0
yf_ZC=F_d0;36500;ASH_COATED_OSMIUM;10028;22;10026;23;;;10034;19;10036;10;;;10031.0;0.0
yf_ZC=F_d0;36500;INTARIAN_PEPPER_ROOT;11389;20;11387;20;;;11395;7;11399;35;;;11392.0;0.0
yf_ZC=F_d0;36600;ASH_COATED_OSMIUM;10028;15;10026;22;;;10034;16;10036;26;;;10031.0;0.0
yf_ZC=F_d0;36600;INTARIAN_PEPPER_ROOT;11391;17;11387;16;;;11397;16;11399;12;;;11394.0;0.0
yf_ZC=F_d0;36700;ASH_COATED_OSMIUM;10028;18;10024;24;;;10034;11;10037;28;;;10031.0;0.0
yf_ZC=F_d0;36700;INTARIAN_PEPPER_ROOT;11391;10;11389;19;;;11400;14;11402;23;;;11395.5;0.0
yf_ZC=F_d0;36800;ASH_COATED_OSMIUM;10028;13;10026;29;;;10034;11;10038;25;;;10031.0;0.0
yf_ZC=F_d0;36800;INTARIAN_PEPPER_ROOT;11394;9;11391;23;;;11402;18;11404;20;;;11398.0;0.0
yf_ZC=F_d0;36900;ASH_COATED_OSMIUM;10026;18;10022;8;;;10037;14;10041;26;;;10031.5;0.0
yf_ZC=F_d0;36900;INTARIAN_PEPPER_ROOT;11388;17;11385;28;;;11409;10;11413;8;;;11398.5;0.0
yf_ZC=F_d0;37000;ASH_COATED_OSMIUM;10026;14;10023;14;;;10038;20;10042;23;;;10032.0;0.0
yf_ZC=F_d0;37000;INTARIAN_PEPPER_ROOT;11398;12;11396;14;;;11404;6;11407;24;;;11401.0;0.0
yf_ZC=F_d0;37100;ASH_COATED_OSMIUM;10028;12;10025;8;;;10034;17;10037;16;;;10031.0;0.0
yf_ZC=F_d0;37100;INTARIAN_PEPPER_ROOT;11400;21;11397;24;;;11406;23;11410;26;;;11403.0;0.0
yf_ZC=F_d0;37200;ASH_COATED_OSMIUM;10029;13;10025;23;;;10035;24;10037;17;;;10032.0;0.0
yf_ZC=F_d0;37200;INTARIAN_PEPPER_ROOT;11394;8;11390;18;;;11415;8;11418;26;;;11404.5;0.0
yf_ZC=F_d0;37300;ASH_COATED_OSMIUM;10028;14;10025;13;;;10034;12;10038;19;;;10031.0;0.0
yf_ZC=F_d0;37300;INTARIAN_PEPPER_ROOT;11403;12;11400;21;;;11409;23;11413;18;;;11406.0;0.0
yf_ZC=F_d0;37400;ASH_COATED_OSMIUM;10029;18;10027;14;;;10035;19;10038;24;;;10032.0;0.0
yf_ZC=F_d0;37400;INTARIAN_PEPPER_ROOT;11405;23;11401;24;;;11411;16;11415;23;;;11408.0;0.0
yf_ZC=F_d0;37500;ASH_COATED_OSMIUM;10026;5;10024;21;;;10038;5;10040;26;;;10032.0;0.0
yf_ZC=F_d0;37500;INTARIAN_PEPPER_ROOT;11406;11;11403;17;;;11412;16;11414;22;;;11409.0;0.0
yf_ZC=F_d0;37600;ASH_COATED_OSMIUM;10030;13;10026;24;;;10036;14;10040;23;;;10033.0;0.0
yf_ZC=F_d0;37600;INTARIAN_PEPPER_ROOT;11404;5;11400;14;;;11419;14;11422;25;;;11411.5;0.0
yf_ZC=F_d0;37700;ASH_COATED_OSMIUM;10028;7;10025;16;;;10037;14;10040;19;;;10032.5;0.0
yf_ZC=F_d0;37700;INTARIAN_PEPPER_ROOT;11410;21;11406;22;;;11416;14;11418;13;;;11413.0;0.0
yf_ZC=F_d0;37800;ASH_COATED_OSMIUM;10026;15;10024;20;;;10040;21;10044;17;;;10033.0;0.0
yf_ZC=F_d0;37800;INTARIAN_PEPPER_ROOT;11411;11;11408;24;;;11417;11;11420;23;;;11414.0;0.0
yf_ZC=F_d0;37900;ASH_COATED_OSMIUM;10030;18;10028;22;;;10036;22;10040;17;;;10033.0;0.0
yf_ZC=F_d0;37900;INTARIAN_PEPPER_ROOT;11413;19;11410;15;;;11419;21;11422;22;;;11416.0;0.0
yf_ZC=F_d0;38000;ASH_COATED_OSMIUM;10030;13;10028;15;;;10036;10;10040;17;;;10033.0;0.0
yf_ZC=F_d0;38000;INTARIAN_PEPPER_ROOT;11409;14;11405;21;;;11427;20;11430;18;;;11418.0;0.0
yf_ZC=F_d0;38100;ASH_COATED_OSMIUM;10030;16;10026;19;;;10036;14;10038;25;;;10033.0;0.0
yf_ZC=F_d0;38100;INTARIAN_PEPPER_ROOT;11417;8;11413;17;;;11423;16;11427;19;;;11420.0;0.0
yf_ZC=F_d0;38200;ASH_COATED_OSMIUM;10025;16;10021;22;;;10040;9;10042;29;;;10032.5;0.0
yf_ZC=F_d0;38200;INTARIAN_PEPPER_ROOT;11417;17;11414;26;;;11427;19;11431;26;;;11422.0;0.0
yf_ZC=F_d0;38300;ASH_COATED_OSMIUM;10030;12;10028;20;;;10036;17;10039;17;;;10033.0;0.0
yf_ZC=F_d0;38300;INTARIAN_PEPPER_ROOT;11419;8;11417;16;;;11428;16;11430;22;;;11423.5;0.0
yf_ZC=F_d0;38400;ASH_COATED_OSMIUM;10030;16;10027;21;;;10036;14;10039;20;;;10033.0;0.0
yf_ZC=F_d0;38400;INTARIAN_PEPPER_ROOT;11422;22;11419;17;;;11428;9;11430;22;;;11425.0;0.0
yf_ZC=F_d0;38500;ASH_COATED_OSMIUM;10031;15;10029;18;;;10037;20;10041;17;;;10034.0;0.0
yf_ZC=F_d0;38500;INTARIAN_PEPPER_ROOT;11424;11;11422;12;;;11430;8;11432;29;;;11427.0;0.0
yf_ZC=F_d0;38600;ASH_COATED_OSMIUM;10029;12;10026;23;;;10037;21;10040;17;;;10033.0;0.0
yf_ZC=F_d0;38600;INTARIAN_PEPPER_ROOT;11426;15;11422;21;;;11432;23;11436;16;;;11429.0;0.0
yf_ZC=F_d0;38700;ASH_COATED_OSMIUM;10030;22;10027;26;;;10036;18;10038;23;;;10033.0;0.0
yf_ZC=F_d0;38700;INTARIAN_PEPPER_ROOT;11427;19;11424;26;;;11433;13;11437;13;;;11430.0;0.0
yf_ZC=F_d0;38800;ASH_COATED_OSMIUM;10030;11;10026;32;;;10036;13;10040;16;;;10033.0;0.0
yf_ZC=F_d0;38800;INTARIAN_PEPPER_ROOT;11427;8;11423;31;;;11437;6;11441;18;;;11432.0;0.0
yf_ZC=F_d0;38900;ASH_COATED_OSMIUM;10031;24;10027;19;;;10037;13;10041;20;;;10034.0;0.0
yf_ZC=F_d0;38900;INTARIAN_PEPPER_ROOT;11423;12;11420;24;;;11443;14;11445;18;;;11433.0;0.0
yf_ZC=F_d0;39000;ASH_COATED_OSMIUM;10030;13;10028;26;;;10037;14;10039;22;;;10033.5;0.0
yf_ZC=F_d0;39000;INTARIAN_PEPPER_ROOT;11432;15;11428;19;;;11438;7;11442;21;;;11435.0;0.0
yf_ZC=F_d0;39100;ASH_COATED_OSMIUM;10031;20;10028;15;;;10037;16;10041;19;;;10034.0;0.0
yf_ZC=F_d0;39100;INTARIAN_PEPPER_ROOT;11432;18;11428;15;;;11443;7;11447;12;;;11437.5;0.0
yf_ZC=F_d0;39200;ASH_COATED_OSMIUM;10031;15;10029;15;;;10037;17;10039;24;;;10034.0;0.0
yf_ZC=F_d0;39200;INTARIAN_PEPPER_ROOT;11436;16;11432;18;;;11442;16;11445;18;;;11439.0;0.0
yf_ZC=F_d0;39300;ASH_COATED_OSMIUM;10030;19;10028;18;;;10039;17;10041;23;;;10034.5;0.0
yf_ZC=F_d0;39300;INTARIAN_PEPPER_ROOT;11438;17;11434;16;;;11444;20;11446;17;;;11441.0;0.0
yf_ZC=F_d0;39400;ASH_COATED_OSMIUM;10029;15;10026;18;;;10040;19;10042;22;;;10034.5;0.0
yf_ZC=F_d0;39400;INTARIAN_PEPPER_ROOT;11439;8;11435;17;;;11445;13;11449;26;;;11442.0;0.0
yf_ZC=F_d0;39500;ASH_COATED_OSMIUM;10029;21;10025;20;;;10039;11;10043;18;;;10034.0;0.0
yf_ZC=F_d0;39500;INTARIAN_PEPPER_ROOT;11440;16;11437;16;;;11449;8;11451;12;;;11444.5;0.0
yf_ZC=F_d0;39600;ASH_COATED_OSMIUM;10032;23;10030;22;;;10038;14;10040;25;;;10035.0;0.0
yf_ZC=F_d0;39600;INTARIAN_PEPPER_ROOT;11438;15;11436;11;;;11453;14;11455;9;;;11445.5;0.0
yf_ZC=F_d0;39700;ASH_COATED_OSMIUM;10032;5;10029;18;;;10038;20;10041;20;;;10035.0;0.0
yf_ZC=F_d0;39700;INTARIAN_PEPPER_ROOT;11445;9;11442;20;;;11451;20;11454;21;;;11448.0;0.0
yf_ZC=F_d0;39800;ASH_COATED_OSMIUM;10028;14;10026;23;;;10043;17;10047;18;;;10035.5;0.0
yf_ZC=F_d0;39800;INTARIAN_PEPPER_ROOT;11444;21;11440;20;;;11454;15;11457;19;;;11449.0;0.0
yf_ZC=F_d0;39900;ASH_COATED_OSMIUM;10032;20;10030;12;;;10038;14;10041;12;;;10035.0;0.0
yf_ZC=F_d0;39900;INTARIAN_PEPPER_ROOT;11448;6;11445;19;;;11454;12;11456;19;;;11451.0;0.0
yf_ZC=F_d0;40000;ASH_COATED_OSMIUM;10032;18;10030;14;;;10039;5;10042;22;;;10035.5;0.0
yf_ZC=F_d0;40000;INTARIAN_PEPPER_ROOT;11444;5;11441;22;;;11462;14;11464;17;;;11453.0;0.0
yf_ZC=F_d0;40100;ASH_COATED_OSMIUM;10028;15;10026;15;;;10042;11;10045;21;;;10035.0;0.0
yf_ZC=F_d0;40100;INTARIAN_PEPPER_ROOT;11451;21;11448;28;;;11457;10;11461;12;;;11454.0;0.0
yf_ZC=F_d0;40200;ASH_COATED_OSMIUM;10021;19;10017;21;;;10049;13;10053;20;;;10035.0;0.0
yf_ZC=F_d0;40200;INTARIAN_PEPPER_ROOT;11453;17;11451;18;;;11459;18;11461;15;;;11456.0;0.0
yf_ZC=F_d0;40300;ASH_COATED_OSMIUM;10029;18;10026;17;;;10042;14;10046;24;;;10035.5;0.0
yf_ZC=F_d0;40300;INTARIAN_PEPPER_ROOT;11455;12;11451;15;;;11461;11;11464;24;;;11458.0;0.0
yf_ZC=F_d0;40400;ASH_COATED_OSMIUM;10032;17;10030;27;;;10038;9;10041;22;;;10035.0;0.0
yf_ZC=F_d0;40400;INTARIAN_PEPPER_ROOT;11457;20;11454;15;;;11463;11;11466;25;;;11460.0;0.0
yf_ZC=F_d0;40500;ASH_COATED_OSMIUM;10033;16;10030;16;;;10039;25;10043;13;;;10036.0;0.0
yf_ZC=F_d0;40500;INTARIAN_PEPPER_ROOT;11459;17;11457;12;;;11465;15;11468;12;;;11462.0;0.0
yf_ZC=F_d0;40600;ASH_COATED_OSMIUM;10033;24;10029;23;;;10039;24;10042;30;;;10036.0;0.0
yf_ZC=F_d0;40600;INTARIAN_PEPPER_ROOT;11461;10;11459;22;;;11467;15;11469;19;;;11464.0;0.0
yf_ZC=F_d0;40700;ASH_COATED_OSMIUM;10033;9;10029;23;;;10040;20;10042;20;;;10036.5;0.0
yf_ZC=F_d0;40700;INTARIAN_PEPPER_ROOT;11462;16;11460;25;;;11468;20;11472;18;;;11465.0;0.0
yf_ZC=F_d0;40800;ASH_COATED_OSMIUM;10026;13;10024;20;;;10046;11;10050;19;;;10036.0;0.0
yf_ZC=F_d0;40800;INTARIAN_PEPPER_ROOT;11462;22;11460;27;;;11471;9;11473;14;;;11466.5;0.0
yf_ZC=F_d0;40900;ASH_COATED_OSMIUM;10034;13;10031;20;;;10040;16;10043;19;;;10037.0;0.0
yf_ZC=F_d0;40900;INTARIAN_PEPPER_ROOT;11460;11;11456;15;;;11477;25;11480;17;;;11468.5;0.0
yf_ZC=F_d0;41000;ASH_COATED_OSMIUM;10032;19;10030;22;;;10041;10;10045;22;;;10036.5;0.0
yf_ZC=F_d0;41000;INTARIAN_PEPPER_ROOT;11467;10;11465;25;;;11473;11;11475;17;;;11470.0;0.0
yf_ZC=F_d0;41100;ASH_COATED_OSMIUM;10026;8;10023;29;;;10046;16;10050;16;;;10036.0;0.0
yf_ZC=F_d0;41100;INTARIAN_PEPPER_ROOT;11469;14;11465;26;;;11475;9;11477;28;;;11472.0;0.0
yf_ZC=F_d0;41200;ASH_COATED_OSMIUM;10028;15;10026;12;;;10045;10;10049;23;;;10036.5;0.0
yf_ZC=F_d0;41200;INTARIAN_PEPPER_ROOT;11471;12;11467;12;;;11477;22;11480;22;;;11474.0;0.0
yf_ZC=F_d0;41300;ASH_COATED_OSMIUM;10010;12;10008;10;;;10064;21;10068;14;;;10037.0;0.0
yf_ZC=F_d0;41300;INTARIAN_PEPPER_ROOT;11473;24;11470;15;;;11479;16;11483;8;;;11476.0;0.0
yf_ZC=F_d0;41400;ASH_COATED_OSMIUM;10034;18;10032;15;;;10040;11;10043;20;;;10037.0;0.0
yf_ZC=F_d0;41400;INTARIAN_PEPPER_ROOT;11472;13;11470;16;;;11482;19;11486;25;;;11477.0;0.0
yf_ZC=F_d0;41500;ASH_COATED_OSMIUM;10035;5;10033;22;;;10041;14;10044;29;;;10038.0;0.0
yf_ZC=F_d0;41500;INTARIAN_PEPPER_ROOT;11476;14;11474;16;;;11482;13;11486;24;;;11479.0;0.0
yf_ZC=F_d0;41600;ASH_COATED_OSMIUM;10034;9;10031;15;;;10040;17;10043;30;;;10037.0;0.0
yf_ZC=F_d0;41600;INTARIAN_PEPPER_ROOT;11475;19;11472;21;;;11487;5;11490;24;;;11481.0;0.0
yf_ZC=F_d0;41700;ASH_COATED_OSMIUM;10034;11;10032;17;;;10040;15;10044;21;;;10037.0;0.0
yf_ZC=F_d0;41700;INTARIAN_PEPPER_ROOT;11474;11;11472;18;;;11491;9;11493;26;;;11482.5;0.0
yf_ZC=F_d0;41800;ASH_COATED_OSMIUM;10034;17;10031;16;;;10041;9;10044;19;;;10037.5;0.0
yf_ZC=F_d0;41800;INTARIAN_PEPPER_ROOT;11481;22;11479;17;;;11487;15;11489;20;;;11484.0;0.0
yf_ZC=F_d0;41900;ASH_COATED_OSMIUM;10035;13;10032;17;;;10041;13;10043;18;;;10038.0;0.0
yf_ZC=F_d0;41900;INTARIAN_PEPPER_ROOT;11482;15;11478;18;;;11489;15;11492;20;;;11485.5;0.0
yf_ZC=F_d0;42000;ASH_COATED_OSMIUM;10035;9;10031;20;;;10041;11;10045;21;;;10038.0;0.0
yf_ZC=F_d0;42000;INTARIAN_PEPPER_ROOT;11484;17;11481;25;;;11490;15;11492;23;;;11487.0;0.0
yf_ZC=F_d0;42100;ASH_COATED_OSMIUM;10035;13;10031;17;;;10041;13;10044;27;;;10038.0;0.0
yf_ZC=F_d0;42100;INTARIAN_PEPPER_ROOT;11486;21;11484;15;;;11492;13;11496;24;;;11489.0;0.0
yf_ZC=F_d0;42200;ASH_COATED_OSMIUM;10034;5;10031;20;;;10042;8;10044;17;;;10038.0;0.0
yf_ZC=F_d0;42200;INTARIAN_PEPPER_ROOT;11488;15;11485;14;;;11494;6;11498;21;;;11491.0;0.0
yf_ZC=F_d0;42300;ASH_COATED_OSMIUM;10035;15;10031;21;;;10041;20;10044;10;;;10038.0;0.0
yf_ZC=F_d0;42300;INTARIAN_PEPPER_ROOT;11490;16;11487;29;;;11496;11;11498;27;;;11493.0;0.0
yf_ZC=F_d0;42400;ASH_COATED_OSMIUM;10035;13;10031;28;;;10041;24;10043;26;;;10038.0;0.0
yf_ZC=F_d0;42400;INTARIAN_PEPPER_ROOT;11491;20;11487;10;;;11497;11;11499;16;;;11494.0;0.0
yf_ZC=F_d0;42500;ASH_COATED_OSMIUM;10036;13;10033;25;;;10042;18;10046;22;;;10039.0;0.0
yf_ZC=F_d0;42500;INTARIAN_PEPPER_ROOT;11493;21;11491;30;;;11499;16;11503;18;;;11496.0;0.0
yf_ZC=F_d0;42600;ASH_COATED_OSMIUM;10031;19;10029;20;;;10045;24;10047;29;;;10038.0;0.0
yf_ZC=F_d0;42600;INTARIAN_PEPPER_ROOT;11495;17;11493;21;;;11501;11;11505;14;;;11498.0;0.0
yf_ZC=F_d0;42700;ASH_COATED_OSMIUM;10036;19;10033;22;;;10042;18;10044;19;;;10039.0;0.0
yf_ZC=F_d0;42700;INTARIAN_PEPPER_ROOT;11490;13;11488;13;;;11509;15;11511;12;;;11499.5;0.0
yf_ZC=F_d0;42800;ASH_COATED_OSMIUM;10035;10;10031;20;;;10041;20;10044;25;;;10038.0;0.0
yf_ZC=F_d0;42800;INTARIAN_PEPPER_ROOT;11498;13;11496;21;;;11504;18;11507;24;;;11501.0;0.0
yf_ZC=F_d0;42900;ASH_COATED_OSMIUM;10036;12;10032;17;;;10042;19;10044;12;;;10039.0;0.0
yf_ZC=F_d0;42900;INTARIAN_PEPPER_ROOT;11500;8;11498;11;;;11506;20;11510;22;;;11503.0;0.0
yf_ZC=F_d0;43000;ASH_COATED_OSMIUM;10036;12;10034;8;;;10042;6;10045;20;;;10039.0;0.0
yf_ZC=F_d0;43000;INTARIAN_PEPPER_ROOT;11502;14;11500;28;;;11509;13;11511;24;;;11505.5;0.0
yf_ZC=F_d0;43100;ASH_COATED_OSMIUM;10019;10;10016;22;;;10060;13;10062;19;;;10039.5;0.0
yf_ZC=F_d0;43100;INTARIAN_PEPPER_ROOT;11502;17;11498;24;;;11511;17;11514;23;;;11506.5;0.0
yf_ZC=F_d0;43200;ASH_COATED_OSMIUM;10035;8;10032;13;;;10045;18;10047;30;;;10040.0;0.0
yf_ZC=F_d0;43200;INTARIAN_PEPPER_ROOT;11503;5;11500;17;;;11513;7;11516;11;;;11508.0;0.0
yf_ZC=F_d0;43300;ASH_COATED_OSMIUM;10030;13;10026;25;;;10050;18;10053;19;;;10040.0;0.0
yf_ZC=F_d0;43300;INTARIAN_PEPPER_ROOT;11502;10;11500;25;;;11517;15;11519;20;;;11509.5;0.0
yf_ZC=F_d0;43400;ASH_COATED_OSMIUM;10037;11;10035;23;;;10043;22;10046;22;;;10040.0;0.0
yf_ZC=F_d0;43400;INTARIAN_PEPPER_ROOT;11509;18;11505;25;;;11515;14;11519;21;;;11512.0;0.0
yf_ZC=F_d0;43500;ASH_COATED_OSMIUM;10036;5;10033;15;;;10044;7;10047;27;;;10040.0;0.0
yf_ZC=F_d0;43500;INTARIAN_PEPPER_ROOT;11509;21;11507;20;;;11518;19;11522;17;;;11513.5;0.0
yf_ZC=F_d0;43600;ASH_COATED_OSMIUM;10037;15;10034;25;;;10043;7;10046;15;;;10040.0;0.0
yf_ZC=F_d0;43600;INTARIAN_PEPPER_ROOT;11490;11;11488;26;;;11540;7;11544;27;;;11515.0;0.0
yf_ZC=F_d0;43700;ASH_COATED_OSMIUM;10037;12;10034;22;;;10043;16;10047;21;;;10040.0;0.0
yf_ZC=F_d0;43700;INTARIAN_PEPPER_ROOT;11514;16;11511;21;;;11520;21;11522;20;;;11517.0;0.0
yf_ZC=F_d0;43800;ASH_COATED_OSMIUM;10037;24;10034;21;;;10043;25;10045;22;;;10040.0;0.0
yf_ZC=F_d0;43800;INTARIAN_PEPPER_ROOT;11515;24;11513;24;;;11521;18;11525;28;;;11518.0;0.0
yf_ZC=F_d0;43900;ASH_COATED_OSMIUM;10037;8;10034;14;;;10043;13;10046;17;;;10040.0;0.0
yf_ZC=F_d0;43900;INTARIAN_PEPPER_ROOT;11517;17;11515;21;;;11523;13;11525;23;;;11520.0;0.0
yf_ZC=F_d0;44000;ASH_COATED_OSMIUM;10036;12;10034;26;;;10044;15;10046;17;;;10040.0;0.0
yf_ZC=F_d0;44000;INTARIAN_PEPPER_ROOT;11519;12;11515;19;;;11525;17;11529;25;;;11522.0;0.0
yf_ZC=F_d0;44100;ASH_COATED_OSMIUM;10034;21;10031;22;;;10048;11;10050;11;;;10041.0;0.0
yf_ZC=F_d0;44100;INTARIAN_PEPPER_ROOT;11518;12;11514;18;;;11530;20;11532;25;;;11524.0;0.0
yf_ZC=F_d0;44200;ASH_COATED_OSMIUM;10038;21;10035;15;;;10044;7;10048;19;;;10041.0;0.0
yf_ZC=F_d0;44200;INTARIAN_PEPPER_ROOT;11517;18;11513;27;;;11533;15;11537;28;;;11525.0;0.0
yf_ZC=F_d0;44300;ASH_COATED_OSMIUM;10037;13;10035;18;;;10046;15;10048;15;;;10041.5;0.0
yf_ZC=F_d0;44300;INTARIAN_PEPPER_ROOT;11524;15;11522;22;;;11530;11;11532;23;;;11527.0;0.0
yf_ZC=F_d0;44400;ASH_COATED_OSMIUM;10035;5;10032;23;;;10048;15;10050;21;;;10041.5;0.0
yf_ZC=F_d0;44400;INTARIAN_PEPPER_ROOT;11526;5;11524;16;;;11532;11;11535;21;;;11529.0;0.0
yf_ZC=F_d0;44500;ASH_COATED_OSMIUM;10039;13;10036;33;;;10045;16;10048;16;;;10042.0;0.0
yf_ZC=F_d0;44500;INTARIAN_PEPPER_ROOT;11528;10;11524;27;;;11534;13;11536;14;;;11531.0;0.0
yf_ZC=F_d0;44600;ASH_COATED_OSMIUM;10038;22;10036;22;;;10044;22;10046;20;;;10041.0;0.0
yf_ZC=F_d0;44600;INTARIAN_PEPPER_ROOT;11529;19;11526;28;;;11535;17;11537;14;;;11532.0;0.0
yf_ZC=F_d0;44700;ASH_COATED_OSMIUM;10038;15;10036;16;;;10044;5;10047;10;;;10041.0;0.0
yf_ZC=F_d0;44700;INTARIAN_PEPPER_ROOT;11531;18;11529;15;;;11537;13;11540;11;;;11534.0;0.0
yf_ZC=F_d0;44800;ASH_COATED_OSMIUM;10039;13;10037;15;;;10045;17;10049;21;;;10042.0;0.0
yf_ZC=F_d0;44800;INTARIAN_PEPPER_ROOT;11531;19;11527;22;;;11541;14;11543;24;;;11536.0;0.0
yf_ZC=F_d0;44900;ASH_COATED_OSMIUM;10025;8;10021;17;;;10057;20;10059;18;;;10041.0;0.0
yf_ZC=F_d0;44900;INTARIAN_PEPPER_ROOT;11531;10;11529;25;;;11544;14;11547;14;;;11537.5;0.0
yf_ZC=F_d0;45000;ASH_COATED_OSMIUM;10028;15;10026;20;;;10055;14;10058;25;;;10041.5;0.0
yf_ZC=F_d0;45000;INTARIAN_PEPPER_ROOT;11536;13;11532;27;;;11542;5;11546;18;;;11539.0;0.0
yf_ZC=F_d0;45100;ASH_COATED_OSMIUM;10023;15;10020;16;;;10063;24;10067;23;;;10043.0;0.0
yf_ZC=F_d0;45100;INTARIAN_PEPPER_ROOT;11538;8;11535;18;;;11544;14;11547;28;;;11541.0;0.0
yf_ZC=F_d0;45200;ASH_COATED_OSMIUM;10037;11;10035;17;;;10048;15;10051;18;;;10042.5;0.0
yf_ZC=F_d0;45200;INTARIAN_PEPPER_ROOT;11539;15;11537;17;;;11545;19;11549;21;;;11542.0;0.0
yf_ZC=F_d0;45300;ASH_COATED_OSMIUM;10040;25;10037;8;;;10046;13;10048;14;;;10043.0;0.0
yf_ZC=F_d0;45300;INTARIAN_PEPPER_ROOT;11525;5;11523;27;;;11565;18;11569;26;;;11545.0;0.0
yf_ZC=F_d0;45400;ASH_COATED_OSMIUM;10040;8;10038;18;;;10046;11;10050;20;;;10043.0;0.0
yf_ZC=F_d0;45400;INTARIAN_PEPPER_ROOT;11542;12;11539;11;;;11550;20;11553;13;;;11546.0;0.0
yf_ZC=F_d0;45500;ASH_COATED_OSMIUM;10040;27;10036;16;;;10046;15;10050;17;;;10043.0;0.0
yf_ZC=F_d0;45500;INTARIAN_PEPPER_ROOT;11541;20;11538;8;;;11556;15;11559;16;;;11548.5;0.0
yf_ZC=F_d0;45600;ASH_COATED_OSMIUM;10038;15;10035;24;;;10048;15;10050;23;;;10043.0;0.0
yf_ZC=F_d0;45600;INTARIAN_PEPPER_ROOT;11545;20;11541;18;;;11556;18;11560;22;;;11550.5;0.0
yf_ZC=F_d0;45700;ASH_COATED_OSMIUM;10032;17;10030;18;;;10054;10;10058;28;;;10043.0;0.0
yf_ZC=F_d0;45700;INTARIAN_PEPPER_ROOT;11549;12;11547;15;;;11555;22;11558;22;;;11552.0;0.0
yf_ZC=F_d0;45800;ASH_COATED_OSMIUM;10040;15;10037;12;;;10046;17;10049;26;;;10043.0;0.0
yf_ZC=F_d0;45800;INTARIAN_PEPPER_ROOT;11550;18;11547;20;;;11556;7;11560;15;;;11553.0;0.0
yf_ZC=F_d0;45900;ASH_COATED_OSMIUM;10037;17;10033;22;;;10049;20;10053;22;;;10043.0;0.0
yf_ZC=F_d0;45900;INTARIAN_PEPPER_ROOT;11551;13;11548;17;;;11559;13;11562;18;;;11555.0;0.0
yf_ZC=F_d0;46000;ASH_COATED_OSMIUM;10041;5;10039;19;;;10047;22;10051;24;;;10044.0;0.0
yf_ZC=F_d0;46000;INTARIAN_PEPPER_ROOT;11554;18;11550;15;;;11560;19;11563;17;;;11557.0;0.0
yf_ZC=F_d0;46100;ASH_COATED_OSMIUM;10035;13;10032;23;;;10050;9;10053;23;;;10042.5;0.0
yf_ZC=F_d0;46100;INTARIAN_PEPPER_ROOT;11546;26;11542;16;;;11570;16;11573;17;;;11558.0;0.0
yf_ZC=F_d0;46200;ASH_COATED_OSMIUM;10040;14;10038;18;;;10046;15;10049;13;;;10043.0;0.0
yf_ZC=F_d0;46200;INTARIAN_PEPPER_ROOT;11546;20;11544;18;;;11574;16;11578;22;;;11560.0;0.0
yf_ZC=F_d0;46300;ASH_COATED_OSMIUM;10039;19;10035;15;;;10048;18;10050;31;;;10043.5;0.0
yf_ZC=F_d0;46300;INTARIAN_PEPPER_ROOT;11558;12;11555;22;;;11566;10;11570;24;;;11562.0;0.0
yf_ZC=F_d0;46400;ASH_COATED_OSMIUM;10039;12;10036;26;;;10049;13;10053;15;;;10044.0;0.0
yf_ZC=F_d0;46400;INTARIAN_PEPPER_ROOT;11558;24;11554;12;;;11568;17;11572;24;;;11563.0;0.0
yf_ZC=F_d0;46500;ASH_COATED_OSMIUM;10040;26;10036;21;;;10046;18;10049;15;;;10043.0;0.0
yf_ZC=F_d0;46500;INTARIAN_PEPPER_ROOT;11562;10;11558;29;;;11568;16;11572;21;;;11565.0;0.0
yf_ZC=F_d0;46600;ASH_COATED_OSMIUM;10029;9;10026;15;;;10058;15;10060;17;;;10043.5;0.0
yf_ZC=F_d0;46600;INTARIAN_PEPPER_ROOT;11564;12;11560;21;;;11570;21;11572;22;;;11567.0;0.0
yf_ZC=F_d0;46700;ASH_COATED_OSMIUM;10041;15;10037;20;;;10047;15;10051;19;;;10044.0;0.0
yf_ZC=F_d0;46700;INTARIAN_PEPPER_ROOT;11566;11;11563;24;;;11572;18;11576;12;;;11569.0;0.0
yf_ZC=F_d0;46800;ASH_COATED_OSMIUM;10035;7;10033;20;;;10054;16;10057;13;;;10044.5;0.0
yf_ZC=F_d0;46800;INTARIAN_PEPPER_ROOT;11568;16;11565;15;;;11574;21;11577;14;;;11571.0;0.0
yf_ZC=F_d0;46900;ASH_COATED_OSMIUM;10039;12;10035;18;;;10051;18;10054;26;;;10045.0;0.0
yf_ZC=F_d0;46900;INTARIAN_PEPPER_ROOT;11561;18;11558;16;;;11583;11;11587;14;;;11572.0;0.0
yf_ZC=F_d0;47000;ASH_COATED_OSMIUM;10037;10;10033;23;;;10051;17;10055;22;;;10044.0;0.0
yf_ZC=F_d0;47000;INTARIAN_PEPPER_ROOT;11566;19;11562;20;;;11582;15;11584;18;;;11574.0;0.0
yf_ZC=F_d0;47100;ASH_COATED_OSMIUM;10040;19;10038;16;;;10049;15;10053;26;;;10044.5;0.0
yf_ZC=F_d0;47100;INTARIAN_PEPPER_ROOT;11571;20;11568;16;;;11581;11;11583;16;;;11576.0;0.0
yf_ZC=F_d0;47200;ASH_COATED_OSMIUM;10023;14;10020;22;;;10067;8;10070;14;;;10045.0;0.0
yf_ZC=F_d0;47200;INTARIAN_PEPPER_ROOT;11574;24;11571;25;;;11580;18;11582;29;;;11577.0;0.0
yf_ZC=F_d0;47300;ASH_COATED_OSMIUM;10029;11;10026;16;;;10060;20;10063;23;;;10044.5;0.0
yf_ZC=F_d0;47300;INTARIAN_PEPPER_ROOT;11576;11;11574;13;;;11582;9;11586;18;;;11579.0;0.0
yf_ZC=F_d0;47400;ASH_COATED_OSMIUM;10042;5;10040;19;;;10049;19;10051;20;;;10045.5;0.0
yf_ZC=F_d0;47400;INTARIAN_PEPPER_ROOT;11578;13;11576;8;;;11584;9;11588;23;;;11581.0;0.0
yf_ZC=F_d0;47500;ASH_COATED_OSMIUM;10042;15;10039;22;;;10048;20;10051;25;;;10045.0;0.0
yf_ZC=F_d0;47500;INTARIAN_PEPPER_ROOT;11579;13;11575;21;;;11586;15;11588;16;;;11582.5;0.0
yf_ZC=F_d0;47600;ASH_COATED_OSMIUM;10043;15;10041;22;;;10049;13;10053;18;;;10046.0;0.0
yf_ZC=F_d0;47600;INTARIAN_PEPPER_ROOT;11574;23;11571;23;;;11593;16;11596;20;;;11583.5;0.0
yf_ZC=F_d0;47700;ASH_COATED_OSMIUM;10042;24;10038;14;;;10048;16;10050;24;;;10045.0;0.0
yf_ZC=F_d0;47700;INTARIAN_PEPPER_ROOT;11575;18;11571;19;;;11597;11;11600;25;;;11586.0;0.0
yf_ZC=F_d0;47800;ASH_COATED_OSMIUM;10041;16;10038;28;;;10050;19;10054;23;;;10045.5;0.0
yf_ZC=F_d0;47800;INTARIAN_PEPPER_ROOT;11585;18;11581;8;;;11591;18;11595;22;;;11588.0;0.0
yf_ZC=F_d0;47900;ASH_COATED_OSMIUM;10043;16;10040;12;;;10049;10;10051;21;;;10046.0;0.0
yf_ZC=F_d0;47900;INTARIAN_PEPPER_ROOT;11583;15;11581;24;;;11596;11;11600;22;;;11589.5;0.0
yf_ZC=F_d0;48000;ASH_COATED_OSMIUM;10043;15;10039;19;;;10049;15;10053;18;;;10046.0;0.0
yf_ZC=F_d0;48000;INTARIAN_PEPPER_ROOT;11588;26;11586;25;;;11594;20;11597;18;;;11591.0;0.0
yf_ZC=F_d0;48100;ASH_COATED_OSMIUM;10043;23;10040;13;;;10049;5;10052;21;;;10046.0;0.0
yf_ZC=F_d0;48100;INTARIAN_PEPPER_ROOT;11588;15;11584;18;;;11599;14;11603;26;;;11593.5;0.0
yf_ZC=F_d0;48200;ASH_COATED_OSMIUM;10043;14;10041;14;;;10050;10;10053;19;;;10046.5;0.0
yf_ZC=F_d0;48200;INTARIAN_PEPPER_ROOT;11592;7;11588;30;;;11598;25;11600;11;;;11595.0;0.0
yf_ZC=F_d0;48300;ASH_COATED_OSMIUM;10043;16;10040;22;;;10049;16;10052;21;;;10046.0;0.0
yf_ZC=F_d0;48300;INTARIAN_PEPPER_ROOT;11590;12;11588;21;;;11604;11;11608;10;;;11597.0;0.0
yf_ZC=F_d0;48400;ASH_COATED_OSMIUM;10044;10;10040;17;;;10050;19;10052;23;;;10047.0;0.0
yf_ZC=F_d0;48400;INTARIAN_PEPPER_ROOT;11595;19;11591;15;;;11601;15;11604;23;;;11598.0;0.0
yf_ZC=F_d0;48500;ASH_COATED_OSMIUM;10041;17;10039;14;;;10052;16;10056;21;;;10046.5;0.0
yf_ZC=F_d0;48500;INTARIAN_PEPPER_ROOT;11590;15;11588;22;;;11609;11;11611;15;;;11599.5;0.0
yf_ZC=F_d0;48600;ASH_COATED_OSMIUM;10043;11;10039;20;;;10049;11;10052;17;;;10046.0;0.0
yf_ZC=F_d0;48600;INTARIAN_PEPPER_ROOT;11599;20;11596;23;;;11605;11;11608;15;;;11602.0;0.0
yf_ZC=F_d0;48700;ASH_COATED_OSMIUM;10044;21;10040;16;;;10050;13;10053;18;;;10047.0;0.0
yf_ZC=F_d0;48700;INTARIAN_PEPPER_ROOT;11600;15;11596;17;;;11606;10;11609;14;;;11603.0;0.0
yf_ZC=F_d0;48800;ASH_COATED_OSMIUM;10041;22;10039;30;;;10053;13;10056;31;;;10047.0;0.0
yf_ZC=F_d0;48800;INTARIAN_PEPPER_ROOT;11602;12;11598;17;;;11608;17;11612;19;;;11605.0;0.0
yf_ZC=F_d0;48900;ASH_COATED_OSMIUM;10044;19;10041;20;;;10050;12;10052;22;;;10047.0;0.0
yf_ZC=F_d0;48900;INTARIAN_PEPPER_ROOT;11604;13;11602;19;;;11610;18;11613;21;;;11607.0;0.0
yf_ZC=F_d0;49000;ASH_COATED_OSMIUM;10044;15;10042;14;;;10050;21;10054;26;;;10047.0;0.0
yf_ZC=F_d0;49000;INTARIAN_PEPPER_ROOT;11606;18;11603;19;;;11612;9;11614;10;;;11609.0;0.0
yf_ZC=F_d0;49100;ASH_COATED_OSMIUM;10044;9;10041;18;;;10050;19;10053;28;;;10047.0;0.0
yf_ZC=F_d0;49100;INTARIAN_PEPPER_ROOT;11597;18;11593;19;;;11623;15;11627;15;;;11610.0;0.0
yf_ZC=F_d0;49200;ASH_COATED_OSMIUM;10044;20;10040;15;;;10051;14;10053;25;;;10047.5;0.0
yf_ZC=F_d0;49200;INTARIAN_PEPPER_ROOT;11609;14;11607;12;;;11615;13;11619;30;;;11612.0;0.0
yf_ZC=F_d0;49300;ASH_COATED_OSMIUM;10044;5;10042;25;;;10050;8;10054;20;;;10047.0;0.0
yf_ZC=F_d0;49300;INTARIAN_PEPPER_ROOT;11611;24;11608;21;;;11617;13;11619;13;;;11614.0;0.0
yf_ZC=F_d0;49400;ASH_COATED_OSMIUM;10038;20;10036;14;;;10058;18;10062;19;;;10048.0;0.0
yf_ZC=F_d0;49400;INTARIAN_PEPPER_ROOT;11613;21;11610;19;;;11619;13;11621;14;;;11616.0;0.0
yf_ZC=F_d0;49500;ASH_COATED_OSMIUM;10045;24;10043;21;;;10051;10;10055;11;;;10048.0;0.0
yf_ZC=F_d0;49500;INTARIAN_PEPPER_ROOT;11614;10;11611;15;;;11620;24;11624;21;;;11617.0;0.0
yf_ZC=F_d0;49600;ASH_COATED_OSMIUM;10045;24;10043;19;;;10051;11;10055;20;;;10048.0;0.0
yf_ZC=F_d0;49600;INTARIAN_PEPPER_ROOT;11615;12;11613;18;;;11623;14;11625;18;;;11619.0;0.0
yf_ZC=F_d0;49700;ASH_COATED_OSMIUM;10045;11;10043;19;;;10051;19;10055;18;;;10048.0;0.0
yf_ZC=F_d0;49700;INTARIAN_PEPPER_ROOT;11606;11;11602;17;;;11636;18;11640;23;;;11621.0;0.0
yf_ZC=F_d0;49800;ASH_COATED_OSMIUM;10045;16;10041;20;;;10051;5;10055;26;;;10048.0;0.0
yf_ZC=F_d0;49800;INTARIAN_PEPPER_ROOT;11618;12;11616;20;;;11626;16;11628;20;;;11622.0;0.0
yf_ZC=F_d0;49900;ASH_COATED_OSMIUM;10042;11;10040;26;;;10055;17;10059;22;;;10048.5;0.0
yf_ZC=F_d0;49900;INTARIAN_PEPPER_ROOT;11622;20;11619;9;;;11628;16;11630;25;;;11625.0;0.0
yf_ZC=F_d0;50000;ASH_COATED_OSMIUM;10045;10;10042;12;;;10051;9;10055;17;;;10048.0;0.0
yf_ZC=F_d0;50000;INTARIAN_PEPPER_ROOT;11620;16;11617;17;;;11631;16;11634;21;;;11625.5;0.0
yf_ZC=F_d0;50100;ASH_COATED_OSMIUM;10046;20;10043;12;;;10052;14;10056;19;;;10049.0;0.0
yf_ZC=F_d0;50100;INTARIAN_PEPPER_ROOT;11625;25;11622;23;;;11631;18;11635;13;;;11628.0;0.0
yf_ZC=F_d0;50200;ASH_COATED_OSMIUM;10046;7;10042;16;;;10052;8;10054;24;;;10049.0;0.0
yf_ZC=F_d0;50200;INTARIAN_PEPPER_ROOT;11624;19;11620;24;;;11634;20;11636;14;;;11629.0;0.0
yf_ZC=F_d0;50300;ASH_COATED_OSMIUM;10044;19;10041;19;;;10053;14;10055;22;;;10048.5;0.0
yf_ZC=F_d0;50300;INTARIAN_PEPPER_ROOT;11628;10;11625;19;;;11635;5;11639;28;;;11631.5;0.0
yf_ZC=F_d0;50400;ASH_COATED_OSMIUM;10046;10;10044;23;;;10052;19;10056;21;;;10049.0;0.0
yf_ZC=F_d0;50400;INTARIAN_PEPPER_ROOT;11630;19;11628;17;;;11636;16;11640;21;;;11633.0;0.0
yf_ZC=F_d0;50500;ASH_COATED_OSMIUM;10046;15;10044;22;;;10054;11;10057;17;;;10050.0;0.0
yf_ZC=F_d0;50500;INTARIAN_PEPPER_ROOT;11631;19;11627;20;;;11637;15;11640;15;;;11634.0;0.0
yf_ZC=F_d0;50600;ASH_COATED_OSMIUM;10046;19;10042;18;;;10052;9;10054;21;;;10049.0;0.0
yf_ZC=F_d0;50600;INTARIAN_PEPPER_ROOT;11633;15;11629;16;;;11639;17;11643;13;;;11636.0;0.0
yf_ZC=F_d0;50700;ASH_COATED_OSMIUM;10044;5;10040;25;;;10055;18;10058;12;;;10049.5;0.0
yf_ZC=F_d0;50700;INTARIAN_PEPPER_ROOT;11630;13;11626;18;;;11646;14;11648;22;;;11638.0;0.0
yf_ZC=F_d0;50800;ASH_COATED_OSMIUM;10047;14;10043;21;;;10053;7;10056;17;;;10050.0;0.0
yf_ZC=F_d0;50800;INTARIAN_PEPPER_ROOT;11637;8;11633;29;;;11643;14;11647;15;;;11640.0;0.0
yf_ZC=F_d0;50900;ASH_COATED_OSMIUM;10047;8;10045;18;;;10053;13;10055;17;;;10050.0;0.0
yf_ZC=F_d0;50900;INTARIAN_PEPPER_ROOT;11639;20;11636;19;;;11645;13;11649;23;;;11642.0;0.0
yf_ZC=F_d0;51000;ASH_COATED_OSMIUM;10042;7;10038;14;;;10056;14;10060;12;;;10049.0;0.0
yf_ZC=F_d0;51000;INTARIAN_PEPPER_ROOT;11637;11;11634;20;;;11649;12;11652;12;;;11643.0;0.0
yf_ZC=F_d0;51100;ASH_COATED_OSMIUM;10045;5;10043;19;;;10051;10;10054;17;;;10048.0;0.0
yf_ZC=F_d0;51100;INTARIAN_PEPPER_ROOT;11640;17;11636;17;;;11651;14;11655;19;;;11645.5;0.0
yf_ZC=F_d0;51200;ASH_COATED_OSMIUM;10036;13;10034;25;;;10059;13;10062;20;;;10047.5;0.0
yf_ZC=F_d0;51200;INTARIAN_PEPPER_ROOT;11643;13;11641;13;;;11649;15;11652;23;;;11646.0;0.0
yf_ZC=F_d0;51300;ASH_COATED_OSMIUM;10044;12;10042;16;;;10051;9;10055;20;;;10047.5;0.0
yf_ZC=F_d0;51300;INTARIAN_PEPPER_ROOT;11644;23;11640;14;;;11651;17;11653;24;;;11647.5;0.0
yf_ZC=F_d0;51400;ASH_COATED_OSMIUM;10042;18;10039;14;;;10052;17;10056;20;;;10047.0;0.0
yf_ZC=F_d0;51400;INTARIAN_PEPPER_ROOT;11647;19;11643;21;;;11653;13;11657;25;;;11650.0;0.0
yf_ZC=F_d0;51500;ASH_COATED_OSMIUM;10027;20;10024;17;;;10064;17;10067;21;;;10045.5;0.0
yf_ZC=F_d0;51500;INTARIAN_PEPPER_ROOT;11649;19;11646;23;;;11655;14;11659;23;;;11652.0;0.0
yf_ZC=F_d0;51600;ASH_COATED_OSMIUM;10034;9;10030;19;;;10056;18;10059;11;;;10045.0;0.0
yf_ZC=F_d0;51600;INTARIAN_PEPPER_ROOT;11645;15;11642;30;;;11661;15;11665;17;;;11653.0;0.0
yf_ZC=F_d0;51700;ASH_COATED_OSMIUM;10041;20;10038;16;;;10047;15;10050;22;;;10044.0;0.0
yf_ZC=F_d0;51700;INTARIAN_PEPPER_ROOT;11651;6;11647;14;;;11657;19;11661;22;;;11654.0;0.0
yf_ZC=F_d0;51800;ASH_COATED_OSMIUM;10041;20;10037;16;;;10047;21;10050;16;;;10044.0;0.0
yf_ZC=F_d0;51800;INTARIAN_PEPPER_ROOT;11653;18;11650;14;;;11659;26;11662;18;;;11656.0;0.0
yf_ZC=F_d0;51900;ASH_COATED_OSMIUM;10041;9;10039;9;;;10047;12;10050;21;;;10044.0;0.0
yf_ZC=F_d0;51900;INTARIAN_PEPPER_ROOT;11654;9;11651;11;;;11660;19;11664;12;;;11657.0;0.0
yf_ZC=F_d0;52000;ASH_COATED_OSMIUM;10041;11;10038;17;;;10047;19;10050;22;;;10044.0;0.0
yf_ZC=F_d0;52000;INTARIAN_PEPPER_ROOT;11656;10;11653;22;;;11662;14;11664;20;;;11659.0;0.0
yf_ZC=F_d0;52100;ASH_COATED_OSMIUM;10040;25;10036;18;;;10046;9;10048;23;;;10043.0;0.0
yf_ZC=F_d0;52100;INTARIAN_PEPPER_ROOT;11658;17;11656;27;;;11664;10;11667;23;;;11661.0;0.0
yf_ZC=F_d0;52200;ASH_COATED_OSMIUM;10039;14;10037;8;;;10045;14;10047;20;;;10042.0;0.0
yf_ZC=F_d0;52200;INTARIAN_PEPPER_ROOT;11659;11;11657;24;;;11665;16;11668;25;;;11662.0;0.0
yf_ZC=F_d0;52300;ASH_COATED_OSMIUM;10039;11;10035;9;;;10045;13;10048;23;;;10042.0;0.0
yf_ZC=F_d0;52300;INTARIAN_PEPPER_ROOT;11660;15;11657;22;;;11669;18;11672;16;;;11664.5;0.0
yf_ZC=F_d0;52400;ASH_COATED_OSMIUM;10036;10;10034;8;;;10047;10;10051;16;;;10041.5;0.0
yf_ZC=F_d0;52400;INTARIAN_PEPPER_ROOT;11660;13;11656;17;;;11672;19;11675;22;;;11666.0;0.0
yf_ZC=F_d0;52500;ASH_COATED_OSMIUM;10037;17;10033;29;;;10043;23;10045;17;;;10040.0;0.0
yf_ZC=F_d0;52500;INTARIAN_PEPPER_ROOT;11664;11;11660;15;;;11670;17;11674;29;;;11667.0;0.0
yf_ZC=F_d0;52600;ASH_COATED_OSMIUM;10037;10;10034;19;;;10043;19;10045;18;;;10040.0;0.0
yf_ZC=F_d0;52600;INTARIAN_PEPPER_ROOT;11665;13;11662;20;;;11671;16;11673;18;;;11668.0;0.0
yf_ZC=F_d0;52700;ASH_COATED_OSMIUM;10037;9;10033;24;;;10043;11;10046;18;;;10040.0;0.0
yf_ZC=F_d0;52700;INTARIAN_PEPPER_ROOT;11665;18;11663;19;;;11674;30;11678;17;;;11669.5;0.0
yf_ZC=F_d0;52800;ASH_COATED_OSMIUM;10036;11;10032;20;;;10042;19;10044;24;;;10039.0;0.0
yf_ZC=F_d0;52800;INTARIAN_PEPPER_ROOT;11666;14;11663;18;;;11678;17;11680;23;;;11672.0;0.0
yf_ZC=F_d0;52900;ASH_COATED_OSMIUM;10035;15;10032;14;;;10041;18;10044;14;;;10038.0;0.0
yf_ZC=F_d0;52900;INTARIAN_PEPPER_ROOT;11671;6;11669;20;;;11677;17;11680;20;;;11674.0;0.0
yf_ZC=F_d0;53000;ASH_COATED_OSMIUM;10030;12;10026;20;;;10047;18;10050;21;;;10038.5;0.0
yf_ZC=F_d0;53000;INTARIAN_PEPPER_ROOT;11656;6;11652;20;;;11695;9;11698;23;;;11675.5;0.0
yf_ZC=F_d0;53100;ASH_COATED_OSMIUM;10032;10;10028;19;;;10043;8;10045;22;;;10037.5;0.0
yf_ZC=F_d0;53100;INTARIAN_PEPPER_ROOT;11665;15;11661;33;;;11688;12;11691;27;;;11676.5;0.0
yf_ZC=F_d0;53200;ASH_COATED_OSMIUM;10030;13;10027;16;;;10044;13;10048;17;;;10037.0;0.0
yf_ZC=F_d0;53200;INTARIAN_PEPPER_ROOT;11652;18;11648;34;;;11705;16;11707;21;;;11678.5;0.0
yf_ZC=F_d0;53300;ASH_COATED_OSMIUM;10033;7;10029;15;;;10039;12;10043;22;;;10036.0;0.0
yf_ZC=F_d0;53300;INTARIAN_PEPPER_ROOT;11677;19;11674;16;;;11683;22;11686;16;;;11680.0;0.0
yf_ZC=F_d0;53400;ASH_COATED_OSMIUM;10032;22;10028;29;;;10040;13;10042;22;;;10036.0;0.0
yf_ZC=F_d0;53400;INTARIAN_PEPPER_ROOT;11678;7;11674;20;;;11684;17;11687;31;;;11681.0;0.0
yf_ZC=F_d0;53500;ASH_COATED_OSMIUM;10028;14;10024;17;;;10042;15;10045;9;;;10035.0;0.0
yf_ZC=F_d0;53500;INTARIAN_PEPPER_ROOT;11680;23;11678;24;;;11686;17;11690;15;;;11683.0;0.0
yf_ZC=F_d0;53600;ASH_COATED_OSMIUM;10032;13;10030;14;;;10038;18;10042;23;;;10035.0;0.0
yf_ZC=F_d0;53600;INTARIAN_PEPPER_ROOT;11680;20;11676;23;;;11690;10;11693;27;;;11685.0;0.0
yf_ZC=F_d0;53700;ASH_COATED_OSMIUM;10031;15;10027;14;;;10037;15;10039;18;;;10034.0;0.0
yf_ZC=F_d0;53700;INTARIAN_PEPPER_ROOT;11684;13;11682;18;;;11690;12;11693;22;;;11687.0;0.0
yf_ZC=F_d0;53800;ASH_COATED_OSMIUM;10030;19;10027;28;;;10036;12;10040;23;;;10033.0;0.0
yf_ZC=F_d0;53800;INTARIAN_PEPPER_ROOT;11685;14;11682;15;;;11691;18;11694;21;;;11688.0;0.0
yf_ZC=F_d0;53900;ASH_COATED_OSMIUM;10029;13;10026;21;;;10035;24;10037;11;;;10032.0;0.0
yf_ZC=F_d0;53900;INTARIAN_PEPPER_ROOT;11687;25;11684;32;;;11693;13;11696;22;;;11690.0;0.0
yf_ZC=F_d0;54000;ASH_COATED_OSMIUM;10030;13;10028;17;;;10036;11;10038;27;;;10033.0;0.0
yf_ZC=F_d0;54000;INTARIAN_PEPPER_ROOT;11681;12;11677;18;;;11703;14;11707;12;;;11692.0;0.0
yf_ZC=F_d0;54100;ASH_COATED_OSMIUM;10025;13;10023;26;;;10039;19;10042;28;;;10032.0;0.0
yf_ZC=F_d0;54100;INTARIAN_PEPPER_ROOT;11688;10;11686;34;;;11698;8;11700;18;;;11693.0;0.0
yf_ZC=F_d0;54200;ASH_COATED_OSMIUM;10028;17;10024;24;;;10036;9;10039;15;;;10032.0;0.0
yf_ZC=F_d0;54200;INTARIAN_PEPPER_ROOT;11692;10;11689;11;;;11698;13;11702;19;;;11695.0;0.0
yf_ZC=F_d0;54300;ASH_COATED_OSMIUM;10023;10;10021;22;;;10039;25;10042;17;;;10031.0;0.0
yf_ZC=F_d0;54300;INTARIAN_PEPPER_ROOT;11688;9;11686;22;;;11704;16;11706;17;;;11696.0;0.0
yf_ZC=F_d0;54400;ASH_COATED_OSMIUM;10025;16;10023;20;;;10035;10;10037;25;;;10030.0;0.0
yf_ZC=F_d0;54400;INTARIAN_PEPPER_ROOT;11695;15;11691;22;;;11701;10;11704;23;;;11698.0;0.0
yf_ZC=F_d0;54500;ASH_COATED_OSMIUM;10024;14;10021;22;;;10034;14;10036;24;;;10029.0;0.0
yf_ZC=F_d0;54500;INTARIAN_PEPPER_ROOT;11695;7;11693;25;;;11703;17;11707;15;;;11699.0;0.0
yf_ZC=F_d0;54600;ASH_COATED_OSMIUM;10026;7;10024;16;;;10033;20;10035;24;;;10029.5;0.0
yf_ZC=F_d0;54600;INTARIAN_PEPPER_ROOT;11698;10;11694;21;;;11704;15;11707;12;;;11701.0;0.0
yf_ZC=F_d0;54700;ASH_COATED_OSMIUM;10010;19;10008;11;;;10048;13;10051;19;;;10029.0;0.0
yf_ZC=F_d0;54700;INTARIAN_PEPPER_ROOT;11700;8;11696;15;;;11706;20;11710;26;;;11703.0;0.0
yf_ZC=F_d0;54800;ASH_COATED_OSMIUM;10025;7;10023;16;;;10032;21;10036;12;;;10028.5;0.0
yf_ZC=F_d0;54800;INTARIAN_PEPPER_ROOT;11701;5;11699;31;;;11707;13;11711;16;;;11704.0;0.0
yf_ZC=F_d0;54900;ASH_COATED_OSMIUM;10024;11;10022;15;;;10030;12;10032;22;;;10027.0;0.0
yf_ZC=F_d0;54900;INTARIAN_PEPPER_ROOT;11703;15;11701;24;;;11709;6;11712;15;;;11706.0;0.0
yf_ZC=F_d0;55000;ASH_COATED_OSMIUM;10015;5;10011;16;;;10040;15;10042;11;;;10027.5;0.0
yf_ZC=F_d0;55000;INTARIAN_PEPPER_ROOT;11694;21;11690;26;;;11722;15;11724;13;;;11708.0;0.0
yf_ZC=F_d0;55100;ASH_COATED_OSMIUM;10023;13;10019;23;;;10031;11;10033;21;;;10027.0;0.0
yf_ZC=F_d0;55100;INTARIAN_PEPPER_ROOT;11706;16;11702;27;;;11712;10;11714;23;;;11709.0;0.0
yf_ZC=F_d0;55200;ASH_COATED_OSMIUM;10021;11;10018;22;;;10031;14;10035;21;;;10026.0;0.0
yf_ZC=F_d0;55200;INTARIAN_PEPPER_ROOT;11707;12;11705;23;;;11713;11;11716;20;;;11710.0;0.0
yf_ZC=F_d0;55300;ASH_COATED_OSMIUM;10022;7;10020;20;;;10029;13;10033;21;;;10025.5;0.0
yf_ZC=F_d0;55300;INTARIAN_PEPPER_ROOT;11709;7;11707;17;;;11716;17;11718;20;;;11712.5;0.0
yf_ZC=F_d0;55400;ASH_COATED_OSMIUM;10021;24;10017;8;;;10027;17;10030;10;;;10024.0;0.0
yf_ZC=F_d0;55400;INTARIAN_PEPPER_ROOT;11707;6;11705;20;;;11721;14;11723;21;;;11714.0;0.0
yf_ZC=F_d0;55500;ASH_COATED_OSMIUM;10021;16;10018;20;;;10027;26;10030;27;;;10024.0;0.0
yf_ZC=F_d0;55500;INTARIAN_PEPPER_ROOT;11710;19;11707;30;;;11721;23;11724;18;;;11715.5;0.0
yf_ZC=F_d0;55600;ASH_COATED_OSMIUM;10021;22;10019;9;;;10027;5;10030;27;;;10024.0;0.0
yf_ZC=F_d0;55600;INTARIAN_PEPPER_ROOT;11714;16;11710;16;;;11720;9;11723;13;;;11717.0;0.0
yf_ZC=F_d0;55700;ASH_COATED_OSMIUM;10020;10;10018;20;;;10026;13;10029;21;;;10023.0;0.0
yf_ZC=F_d0;55700;INTARIAN_PEPPER_ROOT;11715;12;11711;21;;;11721;23;11723;13;;;11718.0;0.0
yf_ZC=F_d0;55800;ASH_COATED_OSMIUM;10020;12;10016;16;;;10026;15;10029;23;;;10023.0;0.0
yf_ZC=F_d0;55800;INTARIAN_PEPPER_ROOT;11717;15;11714;20;;;11723;14;11725;22;;;11720.0;0.0
yf_ZC=F_d0;55900;ASH_COATED_OSMIUM;10019;19;10017;15;;;10025;17;10029;8;;;10022.0;0.0
yf_ZC=F_d0;55900;INTARIAN_PEPPER_ROOT;11696;21;11693;17;;;11747;8;11749;21;;;11721.5;0.0
yf_ZC=F_d0;56000;ASH_COATED_OSMIUM;10019;17;10016;19;;;10025;13;10029;21;;;10022.0;0.0
yf_ZC=F_d0;56000;INTARIAN_PEPPER_ROOT;11720;13;11717;15;;;11726;16;11728;25;;;11723.0;0.0
yf_ZC=F_d0;56100;ASH_COATED_OSMIUM;10017;9;10013;24;;;10025;17;10027;18;;;10021.0;0.0
yf_ZC=F_d0;56100;INTARIAN_PEPPER_ROOT;11721;13;11719;24;;;11729;7;11733;22;;;11725.0;0.0
yf_ZC=F_d0;56200;ASH_COATED_OSMIUM;10017;14;10015;29;;;10023;17;10027;23;;;10020.0;0.0
yf_ZC=F_d0;56200;INTARIAN_PEPPER_ROOT;11720;14;11718;16;;;11734;17;11738;17;;;11727.0;0.0
yf_ZC=F_d0;56300;ASH_COATED_OSMIUM;10004;24;10002;15;;;10035;16;10038;24;;;10019.5;0.0
yf_ZC=F_d0;56300;INTARIAN_PEPPER_ROOT;11723;13;11721;19;;;11734;15;11738;16;;;11728.5;0.0
yf_ZC=F_d0;56400;ASH_COATED_OSMIUM;10011;17;10008;17;;;10027;14;10029;29;;;10019.0;0.0
yf_ZC=F_d0;56400;INTARIAN_PEPPER_ROOT;11723;11;11721;26;;;11737;9;11740;18;;;11730.0;0.0
yf_ZC=F_d0;56500;ASH_COATED_OSMIUM;10015;10;10013;20;;;10023;16;10025;19;;;10019.0;0.0
yf_ZC=F_d0;56500;INTARIAN_PEPPER_ROOT;11722;15;11719;30;;;11741;21;11744;25;;;11731.5;0.0
yf_ZC=F_d0;56600;ASH_COATED_OSMIUM;10015;22;10012;25;;;10021;15;10025;8;;;10018.0;0.0
yf_ZC=F_d0;56600;INTARIAN_PEPPER_ROOT;11730;17;11726;10;;;11736;12;11738;20;;;11733.0;0.0
