day;timestamp;product;bid_price_1;bid_volume_1;bid_price_2;bid_volume_2;bid_price_3;bid_volume_3;ask_price_1;ask_volume_1;ask_price_2;ask_volume_2;ask_price_3;ask_volume_3;mid_price;profit_and_loss
yf_MKC_d7;0;ASH_COATED_OSMIUM;9912;16;9908;10;;;9918;17;9921;24;;;9915.0;0.0
yf_MKC_d7;0;INTARIAN_PEPPER_ROOT;10810;14;10806;15;;;10816;15;10820;13;;;10813.0;0.0
yf_MKC_d7;100;ASH_COATED_OSMIUM;9913;14;9910;19;;;9919;20;9923;23;;;9916.0;0.0
yf_MKC_d7;100;INTARIAN_PEPPER_ROOT;10814;8;10811;21;;;10820;13;10823;18;;;10817.0;0.0
yf_MKC_d7;200;ASH_COATED_OSMIUM;9913;18;9911;24;;;9919;11;9923;9;;;9916.0;0.0
yf_MKC_d7;200;INTARIAN_PEPPER_ROOT;10816;21;10814;29;;;10826;20;10828;15;;;10821.0;0.0
yf_MKC_d7;300;ASH_COATED_OSMIUM;9913;21;9910;19;;;9919;9;9922;20;;;9916.0;0.0
yf_MKC_d7;300;INTARIAN_PEPPER_ROOT;10821;12;10817;22;;;10828;12;10832;9;;;10824.5;0.0
yf_MKC_d7;400;ASH_COATED_OSMIUM;9913;23;9911;23;;;9919;6;9923;26;;;9916.0;0.0
yf_MKC_d7;400;INTARIAN_PEPPER_ROOT;10826;16;10824;19;;;10832;19;10836;10;;;10829.0;0.0
yf_MKC_d7;500;ASH_COATED_OSMIUM;9913;18;9910;16;;;9919;22;9922;23;;;9916.0;0.0
yf_MKC_d7;500;INTARIAN_PEPPER_ROOT;10829;11;10827;22;;;10838;16;10840;19;;;10833.5;0.0
yf_MKC_d7;600;ASH_COATED_OSMIUM;9914;20;9911;18;;;9920;18;9924;10;;;9917.0;0.0
yf_MKC_d7;600;INTARIAN_PEPPER_ROOT;10834;8;10830;8;;;10841;20;10845;20;;;10837.5;0.0
yf_MKC_d7;700;ASH_COATED_OSMIUM;9913;9;9909;20;;;9919;15;9922;25;;;9916.0;0.0
yf_MKC_d7;700;INTARIAN_PEPPER_ROOT;10824;14;10820;25;;;10858;15;10860;17;;;10841.0;0.0
yf_MKC_d7;800;ASH_COATED_OSMIUM;9913;18;9909;16;;;9919;22;9921;20;;;9916.0;0.0
yf_MKC_d7;800;INTARIAN_PEPPER_ROOT;10839;8;10837;22;;;10851;11;10853;17;;;10845.0;0.0
yf_MKC_d7;900;ASH_COATED_OSMIUM;9909;18;9906;18;;;9926;16;9930;23;;;9917.5;0.0
yf_MKC_d7;900;INTARIAN_PEPPER_ROOT;10846;12;10842;18;;;10852;5;10855;12;;;10849.0;0.0
yf_MKC_d7;1000;ASH_COATED_OSMIUM;9913;15;9909;17;;;9920;13;9922;17;;;9916.5;0.0
yf_MKC_d7;1000;INTARIAN_PEPPER_ROOT;10850;11;10846;26;;;10856;18;10859;21;;;10853.0;0.0
yf_MKC_d7;1100;ASH_COATED_OSMIUM;9910;14;9908;17;;;9923;17;9927;25;;;9916.5;0.0
yf_MKC_d7;1100;INTARIAN_PEPPER_ROOT;10846;11;10843;14;;;10867;20;10869;33;;;10856.5;0.0
yf_MKC_d7;1200;ASH_COATED_OSMIUM;9912;15;9908;19;;;9921;17;9924;17;;;9916.5;0.0
yf_MKC_d7;1200;INTARIAN_PEPPER_ROOT;10855;24;10853;26;;;10867;20;10870;17;;;10861.0;0.0
yf_MKC_d7;1300;ASH_COATED_OSMIUM;9911;15;9908;21;;;9923;10;9925;17;;;9917.0;0.0
yf_MKC_d7;1300;INTARIAN_PEPPER_ROOT;10862;16;10858;21;;;10868;17;10870;15;;;10865.0;0.0
yf_MKC_d7;1400;ASH_COATED_OSMIUM;9914;13;9912;9;;;9920;12;9922;16;;;9917.0;0.0
yf_MKC_d7;1400;INTARIAN_PEPPER_ROOT;10864;18;10862;17;;;10875;9;10879;20;;;10869.5;0.0
yf_MKC_d7;1500;ASH_COATED_OSMIUM;9914;8;9910;21;;;9920;10;9922;23;;;9917.0;0.0
yf_MKC_d7;1500;INTARIAN_PEPPER_ROOT;10870;18;10866;23;;;10876;8;10878;17;;;10873.0;0.0
yf_MKC_d7;1600;ASH_COATED_OSMIUM;9914;9;9912;14;;;9920;13;9924;19;;;9917.0;0.0
yf_MKC_d7;1600;INTARIAN_PEPPER_ROOT;10870;13;10868;17;;;10884;15;10886;19;;;10877.0;0.0
yf_MKC_d7;1700;ASH_COATED_OSMIUM;9914;10;9910;27;;;9920;25;9923;24;;;9917.0;0.0
yf_MKC_d7;1700;INTARIAN_PEPPER_ROOT;10878;9;10874;15;;;10884;12;10888;20;;;10881.0;0.0
yf_MKC_d7;1800;ASH_COATED_OSMIUM;9915;17;9913;18;;;9921;20;9924;26;;;9918.0;0.0
yf_MKC_d7;1800;INTARIAN_PEPPER_ROOT;10883;14;10879;21;;;10889;10;10892;27;;;10886.0;0.0
yf_MKC_d7;1900;ASH_COATED_OSMIUM;9915;16;9913;21;;;9921;7;9925;16;;;9918.0;0.0
yf_MKC_d7;1900;INTARIAN_PEPPER_ROOT;10887;10;10883;21;;;10893;14;10895;20;;;10890.0;0.0
yf_MKC_d7;2000;ASH_COATED_OSMIUM;9915;12;9911;24;;;9921;17;9924;26;;;9918.0;0.0
yf_MKC_d7;2000;INTARIAN_PEPPER_ROOT;10890;22;10886;15;;;10896;13;10899;19;;;10893.0;0.0
yf_MKC_d7;2100;ASH_COATED_OSMIUM;9915;16;9912;17;;;9921;22;9923;14;;;9918.0;0.0
yf_MKC_d7;2100;INTARIAN_PEPPER_ROOT;10895;20;10891;22;;;10901;13;10905;15;;;10898.0;0.0
yf_MKC_d7;2200;ASH_COATED_OSMIUM;9914;5;9911;16;;;9921;15;9923;18;;;9917.5;0.0
yf_MKC_d7;2200;INTARIAN_PEPPER_ROOT;10899;17;10897;15;;;10905;16;10907;17;;;10902.0;0.0
yf_MKC_d7;2300;ASH_COATED_OSMIUM;9911;21;9908;17;;;9924;10;9927;30;;;9917.5;0.0
yf_MKC_d7;2300;INTARIAN_PEPPER_ROOT;10897;16;10893;17;;;10914;23;10916;24;;;10905.5;0.0
yf_MKC_d7;2400;ASH_COATED_OSMIUM;9909;23;9906;22;;;9926;21;9929;18;;;9917.5;0.0
yf_MKC_d7;2400;INTARIAN_PEPPER_ROOT;10907;11;10905;20;;;10913;16;10917;17;;;10910.0;0.0
yf_MKC_d7;2500;ASH_COATED_OSMIUM;9915;17;9912;21;;;9921;16;9925;19;;;9918.0;0.0
yf_MKC_d7;2500;INTARIAN_PEPPER_ROOT;10910;13;10906;17;;;10916;10;10918;18;;;10913.0;0.0
yf_MKC_d7;2600;ASH_COATED_OSMIUM;9911;13;9909;23;;;9926;14;9930;24;;;9918.5;0.0
yf_MKC_d7;2600;INTARIAN_PEPPER_ROOT;10914;9;10910;10;;;10920;19;10923;12;;;10917.0;0.0
yf_MKC_d7;2700;ASH_COATED_OSMIUM;9908;12;9906;21;;;9929;14;9931;24;;;9918.5;0.0
yf_MKC_d7;2700;INTARIAN_PEPPER_ROOT;10917;12;10915;22;;;10924;21;10928;22;;;10920.5;0.0
yf_MKC_d7;2800;ASH_COATED_OSMIUM;9912;15;9908;17;;;9925;13;9928;22;;;9918.5;0.0
yf_MKC_d7;2800;INTARIAN_PEPPER_ROOT;10922;18;10920;21;;;10928;14;10932;22;;;10925.0;0.0
yf_MKC_d7;2900;ASH_COATED_OSMIUM;9914;18;9910;25;;;9924;14;9927;13;;;9919.0;0.0
yf_MKC_d7;2900;INTARIAN_PEPPER_ROOT;10916;12;10913;17;;;10942;19;10946;16;;;10929.0;0.0
yf_MKC_d7;3000;ASH_COATED_OSMIUM;9916;22;9912;12;;;9922;13;9924;17;;;9919.0;0.0
yf_MKC_d7;3000;INTARIAN_PEPPER_ROOT;10927;12;10923;16;;;10940;17;10943;23;;;10933.5;0.0
yf_MKC_d7;3100;ASH_COATED_OSMIUM;9915;15;9912;28;;;9922;13;9926;23;;;9918.5;0.0
yf_MKC_d7;3100;INTARIAN_PEPPER_ROOT;10930;15;10928;22;;;10944;12;10947;16;;;10937.0;0.0
yf_MKC_d7;3200;ASH_COATED_OSMIUM;9916;19;9913;25;;;9922;13;9926;23;;;9919.0;0.0
yf_MKC_d7;3200;INTARIAN_PEPPER_ROOT;10938;12;10934;23;;;10944;22;10946;24;;;10941.0;0.0
yf_MKC_d7;3300;ASH_COATED_OSMIUM;9907;16;9904;20;;;9931;12;9935;23;;;9919.0;0.0
yf_MKC_d7;3300;INTARIAN_PEPPER_ROOT;10940;11;10936;21;;;10950;6;10952;27;;;10945.0;0.0
yf_MKC_d7;3400;ASH_COATED_OSMIUM;9916;15;9912;12;;;9922;13;9925;18;;;9919.0;0.0
yf_MKC_d7;3400;INTARIAN_PEPPER_ROOT;10946;13;10943;26;;;10952;14;10956;21;;;10949.0;0.0
yf_MKC_d7;3500;ASH_COATED_OSMIUM;9916;24;9912;14;;;9922;13;9925;22;;;9919.0;0.0
yf_MKC_d7;3500;INTARIAN_PEPPER_ROOT;10940;11;10936;21;;;10968;22;10971;20;;;10954.0;0.0
yf_MKC_d7;3600;ASH_COATED_OSMIUM;9907;19;9903;23;;;9932;22;9934;21;;;9919.5;0.0
yf_MKC_d7;3600;INTARIAN_PEPPER_ROOT;10945;20;10941;19;;;10968;12;10972;25;;;10956.5;0.0
yf_MKC_d7;3700;ASH_COATED_OSMIUM;9916;20;9913;15;;;9922;9;9926;23;;;9919.0;0.0
yf_MKC_d7;3700;INTARIAN_PEPPER_ROOT;10950;14;10946;26;;;10973;22;10977;23;;;10961.5;0.0
yf_MKC_d7;3800;ASH_COATED_OSMIUM;9916;5;9914;25;;;9922;15;9926;18;;;9919.0;0.0
yf_MKC_d7;3800;INTARIAN_PEPPER_ROOT;10958;15;10956;17;;;10973;17;10975;20;;;10965.5;0.0
yf_MKC_d7;3900;ASH_COATED_OSMIUM;9911;11;9908;24;;;9929;14;9933;22;;;9920.0;0.0
yf_MKC_d7;3900;INTARIAN_PEPPER_ROOT;10956;10;10953;18;;;10982;10;10986;22;;;10969.0;0.0
yf_MKC_d7;4000;ASH_COATED_OSMIUM;9917;10;9913;17;;;9923;10;9926;18;;;9920.0;0.0
yf_MKC_d7;4000;INTARIAN_PEPPER_ROOT;10970;22;10966;17;;;10976;11;10980;33;;;10973.0;0.0
yf_MKC_d7;4100;ASH_COATED_OSMIUM;9917;11;9915;22;;;9923;15;9927;24;;;9920.0;0.0
yf_MKC_d7;4100;INTARIAN_PEPPER_ROOT;10974;14;10971;22;;;10980;13;10984;10;;;10977.0;0.0
yf_MKC_d7;4200;ASH_COATED_OSMIUM;9917;19;9914;18;;;9923;13;9925;22;;;9920.0;0.0
yf_MKC_d7;4200;INTARIAN_PEPPER_ROOT;10979;17;10976;24;;;10985;16;10988;22;;;10982.0;0.0
yf_MKC_d7;4300;ASH_COATED_OSMIUM;9917;13;9915;25;;;9923;12;9925;18;;;9920.0;0.0
yf_MKC_d7;4300;INTARIAN_PEPPER_ROOT;10979;11;10977;23;;;10992;8;10995;24;;;10985.5;0.0
yf_MKC_d7;4400;ASH_COATED_OSMIUM;9915;14;9911;22;;;9925;9;9929;14;;;9920.0;0.0
yf_MKC_d7;4400;INTARIAN_PEPPER_ROOT;10987;14;10985;31;;;10993;14;10997;31;;;10990.0;0.0
yf_MKC_d7;4500;ASH_COATED_OSMIUM;9917;15;9914;24;;;9923;18;9925;22;;;9920.0;0.0
yf_MKC_d7;4500;INTARIAN_PEPPER_ROOT;10991;12;10988;20;;;10997;20;11001;21;;;10994.0;0.0
yf_MKC_d7;4600;ASH_COATED_OSMIUM;9901;13;9899;23;;;9941;7;9945;19;;;9921.0;0.0
yf_MKC_d7;4600;INTARIAN_PEPPER_ROOT;10991;16;10988;14;;;11005;17;11008;27;;;10998.0;0.0
yf_MKC_d7;4700;ASH_COATED_OSMIUM;9916;10;9913;10;;;9923;9;9926;21;;;9919.5;0.0
yf_MKC_d7;4700;INTARIAN_PEPPER_ROOT;10997;17;10995;21;;;11005;14;11009;32;;;11001.0;0.0
yf_MKC_d7;4800;ASH_COATED_OSMIUM;9917;22;9913;15;;;9923;15;9926;10;;;9920.0;0.0
yf_MKC_d7;4800;INTARIAN_PEPPER_ROOT;11002;9;11000;16;;;11008;10;11011;18;;;11005.0;0.0
yf_MKC_d7;4900;ASH_COATED_OSMIUM;9917;13;9915;21;;;9923;12;9925;15;;;9920.0;0.0
yf_MKC_d7;4900;INTARIAN_PEPPER_ROOT;11006;17;11004;23;;;11014;11;11016;13;;;11010.0;0.0
yf_MKC_d7;5000;ASH_COATED_OSMIUM;9917;26;9915;22;;;9925;19;9927;13;;;9921.0;0.0
yf_MKC_d7;5000;INTARIAN_PEPPER_ROOT;11011;18;11008;29;;;11017;11;11021;18;;;11014.0;0.0
yf_MKC_d7;5100;ASH_COATED_OSMIUM;9913;9;9910;26;;;9928;17;9932;26;;;9920.5;0.0
yf_MKC_d7;5100;INTARIAN_PEPPER_ROOT;11014;12;11011;15;;;11020;11;11022;23;;;11017.0;0.0
yf_MKC_d7;5200;ASH_COATED_OSMIUM;9918;13;9914;17;;;9924;8;9928;16;;;9921.0;0.0
yf_MKC_d7;5200;INTARIAN_PEPPER_ROOT;11009;23;11007;22;;;11036;19;11038;27;;;11022.5;0.0
yf_MKC_d7;5300;ASH_COATED_OSMIUM;9918;26;9915;18;;;9924;18;9927;20;;;9921.0;0.0
yf_MKC_d7;5300;INTARIAN_PEPPER_ROOT;11017;13;11014;19;;;11034;13;11038;17;;;11025.5;0.0
yf_MKC_d7;5400;ASH_COATED_OSMIUM;9917;13;9914;24;;;9925;10;9929;19;;;9921.0;0.0
yf_MKC_d7;5400;INTARIAN_PEPPER_ROOT;11024;23;11020;24;;;11036;16;11038;24;;;11030.0;0.0
yf_MKC_d7;5500;ASH_COATED_OSMIUM;9891;12;9888;15;;;9952;16;9955;18;;;9921.5;0.0
yf_MKC_d7;5500;INTARIAN_PEPPER_ROOT;11030;9;11027;20;;;11036;9;11040;18;;;11033.0;0.0
yf_MKC_d7;5600;ASH_COATED_OSMIUM;9918;15;9915;20;;;9924;5;9927;23;;;9921.0;0.0
yf_MKC_d7;5600;INTARIAN_PEPPER_ROOT;11035;11;11031;17;;;11041;23;11043;26;;;11038.0;0.0
yf_MKC_d7;5700;ASH_COATED_OSMIUM;9918;22;9916;22;;;9924;13;9928;16;;;9921.0;0.0
yf_MKC_d7;5700;INTARIAN_PEPPER_ROOT;11039;17;11037;17;;;11045;11;11047;15;;;11042.0;0.0
yf_MKC_d7;5800;ASH_COATED_OSMIUM;9918;22;9916;20;;;9924;10;9928;13;;;9921.0;0.0
yf_MKC_d7;5800;INTARIAN_PEPPER_ROOT;11038;16;11036;9;;;11053;9;11055;23;;;11045.5;0.0
yf_MKC_d7;5900;ASH_COATED_OSMIUM;9918;9;9915;33;;;9925;16;9929;15;;;9921.5;0.0
yf_MKC_d7;5900;INTARIAN_PEPPER_ROOT;11039;14;11036;24;;;11060;9;11064;23;;;11049.5;0.0
yf_MKC_d7;6000;ASH_COATED_OSMIUM;9916;6;9914;10;;;9927;13;9929;17;;;9921.5;0.0
yf_MKC_d7;6000;INTARIAN_PEPPER_ROOT;11042;16;11040;20;;;11066;10;11069;21;;;11054.0;0.0
yf_MKC_d7;6100;ASH_COATED_OSMIUM;9918;12;9915;21;;;9924;7;9927;20;;;9921.0;0.0
yf_MKC_d7;6100;INTARIAN_PEPPER_ROOT;11054;21;11050;26;;;11062;8;11066;28;;;11058.0;0.0
yf_MKC_d7;6200;ASH_COATED_OSMIUM;9911;15;9907;10;;;9933;23;9937;10;;;9922.0;0.0
yf_MKC_d7;6200;INTARIAN_PEPPER_ROOT;11059;12;11056;10;;;11065;12;11067;8;;;11062.0;0.0
yf_MKC_d7;6300;ASH_COATED_OSMIUM;9920;18;9917;18;;;9926;12;9930;27;;;9923.0;0.0
yf_MKC_d7;6300;INTARIAN_PEPPER_ROOT;11063;8;11059;27;;;11069;18;11073;23;;;11066.0;0.0
yf_MKC_d7;6400;ASH_COATED_OSMIUM;9919;12;9916;26;;;9925;15;9928;23;;;9922.0;0.0
yf_MKC_d7;6400;INTARIAN_PEPPER_ROOT;11067;17;11063;15;;;11073;20;11077;18;;;11070.0;0.0
yf_MKC_d7;6500;ASH_COATED_OSMIUM;9919;15;9916;11;;;9925;8;9927;20;;;9922.0;0.0
yf_MKC_d7;6500;INTARIAN_PEPPER_ROOT;11071;11;11068;15;;;11077;20;11080;21;;;11074.0;0.0
yf_MKC_d7;6600;ASH_COATED_OSMIUM;9916;13;9914;23;;;9929;8;9933;13;;;9922.5;0.0
yf_MKC_d7;6600;INTARIAN_PEPPER_ROOT;11075;17;11073;20;;;11081;11;11083;21;;;11078.0;0.0
yf_MKC_d7;6700;ASH_COATED_OSMIUM;9918;14;9915;24;;;9926;15;9930;13;;;9922.0;0.0
yf_MKC_d7;6700;INTARIAN_PEPPER_ROOT;11079;7;11075;17;;;11085;9;11089;19;;;11082.0;0.0
yf_MKC_d7;6800;ASH_COATED_OSMIUM;9920;18;9916;20;;;9926;10;9929;23;;;9923.0;0.0
yf_MKC_d7;6800;INTARIAN_PEPPER_ROOT;11083;16;11080;21;;;11089;12;11091;25;;;11086.0;0.0
yf_MKC_d7;6900;ASH_COATED_OSMIUM;9918;15;9915;13;;;9928;15;9930;25;;;9923.0;0.0
yf_MKC_d7;6900;INTARIAN_PEPPER_ROOT;11087;23;11084;15;;;11093;10;11095;18;;;11090.0;0.0
yf_MKC_d7;7000;ASH_COATED_OSMIUM;9916;14;9914;17;;;9929;17;9933;14;;;9922.5;0.0
yf_MKC_d7;7000;INTARIAN_PEPPER_ROOT;11091;12;11087;23;;;11097;5;11101;18;;;11094.0;0.0
yf_MKC_d7;7100;ASH_COATED_OSMIUM;9916;11;9912;13;;;9931;14;9933;18;;;9923.5;0.0
yf_MKC_d7;7100;INTARIAN_PEPPER_ROOT;11092;25;11090;26;;;11103;6;11106;20;;;11097.5;0.0
yf_MKC_d7;7200;ASH_COATED_OSMIUM;9920;18;9916;17;;;9926;14;9928;26;;;9923.0;0.0
yf_MKC_d7;7200;INTARIAN_PEPPER_ROOT;11099;10;11097;25;;;11105;14;11108;15;;;11102.0;0.0
yf_MKC_d7;7300;ASH_COATED_OSMIUM;9920;12;9916;13;;;9926;9;9930;10;;;9923.0;0.0
yf_MKC_d7;7300;INTARIAN_PEPPER_ROOT;11103;10;11101;22;;;11109;17;11113;22;;;11106.0;0.0
yf_MKC_d7;7400;ASH_COATED_OSMIUM;9920;17;9918;24;;;9926;13;9928;20;;;9923.0;0.0
yf_MKC_d7;7400;INTARIAN_PEPPER_ROOT;11107;25;11105;27;;;11113;6;11116;29;;;11110.0;0.0
yf_MKC_d7;7500;ASH_COATED_OSMIUM;9920;13;9916;17;;;9926;14;9928;24;;;9923.0;0.0
yf_MKC_d7;7500;INTARIAN_PEPPER_ROOT;11111;5;11107;25;;;11117;14;11121;18;;;11114.0;0.0
yf_MKC_d7;7600;ASH_COATED_OSMIUM;9920;15;9916;17;;;9926;19;9930;21;;;9923.0;0.0
yf_MKC_d7;7600;INTARIAN_PEPPER_ROOT;11115;7;11113;29;;;11121;5;11124;16;;;11118.0;0.0
yf_MKC_d7;7700;ASH_COATED_OSMIUM;9920;14;9918;20;;;9926;9;9928;20;;;9923.0;0.0
yf_MKC_d7;7700;INTARIAN_PEPPER_ROOT;11118;8;11114;16;;;11127;21;11129;14;;;11122.5;0.0
yf_MKC_d7;7800;ASH_COATED_OSMIUM;9917;8;9913;21;;;9930;16;9934;20;;;9923.5;0.0
yf_MKC_d7;7800;INTARIAN_PEPPER_ROOT;11122;18;11119;20;;;11130;11;11132;26;;;11126.0;0.0
yf_MKC_d7;7900;ASH_COATED_OSMIUM;9921;6;9917;25;;;9927;10;9929;24;;;9924.0;0.0
yf_MKC_d7;7900;INTARIAN_PEPPER_ROOT;11127;13;11125;16;;;11133;23;11137;17;;;11130.0;0.0
yf_MKC_d7;8000;ASH_COATED_OSMIUM;9921;16;9917;16;;;9927;9;9930;17;;;9924.0;0.0
yf_MKC_d7;8000;INTARIAN_PEPPER_ROOT;11132;11;11129;18;;;11138;20;11142;21;;;11135.0;0.0
yf_MKC_d7;8100;ASH_COATED_OSMIUM;9920;12;9918;24;;;9926;12;9929;17;;;9923.0;0.0
yf_MKC_d7;8100;INTARIAN_PEPPER_ROOT;11135;15;11133;16;;;11141;14;11145;23;;;11138.0;0.0
yf_MKC_d7;8200;ASH_COATED_OSMIUM;9921;21;9917;17;;;9927;18;9930;30;;;9924.0;0.0
yf_MKC_d7;8200;INTARIAN_PEPPER_ROOT;11139;5;11136;18;;;11145;5;11149;16;;;11142.0;0.0
yf_MKC_d7;8300;ASH_COATED_OSMIUM;9921;16;9917;18;;;9927;18;9931;19;;;9924.0;0.0
yf_MKC_d7;8300;INTARIAN_PEPPER_ROOT;11144;5;11142;34;;;11150;19;11152;10;;;11147.0;0.0
yf_MKC_d7;8400;ASH_COATED_OSMIUM;9921;17;9918;24;;;9927;16;9929;22;;;9924.0;0.0
yf_MKC_d7;8400;INTARIAN_PEPPER_ROOT;11147;15;11144;19;;;11153;13;11157;17;;;11150.0;0.0
yf_MKC_d7;8500;ASH_COATED_OSMIUM;9921;17;9919;20;;;9927;16;9930;25;;;9924.0;0.0
yf_MKC_d7;8500;INTARIAN_PEPPER_ROOT;11139;9;11135;14;;;11170;14;11174;20;;;11154.5;0.0
yf_MKC_d7;8600;ASH_COATED_OSMIUM;9921;17;9917;14;;;9927;14;9931;13;;;9924.0;0.0
yf_MKC_d7;8600;INTARIAN_PEPPER_ROOT;11155;17;11153;23;;;11161;14;11163;25;;;11158.0;0.0
yf_MKC_d7;8700;ASH_COATED_OSMIUM;9921;19;9918;23;;;9927;8;9931;18;;;9924.0;0.0
yf_MKC_d7;8700;INTARIAN_PEPPER_ROOT;11158;11;11156;19;;;11165;20;11167;19;;;11161.5;0.0
yf_MKC_d7;8800;ASH_COATED_OSMIUM;9921;15;9919;17;;;9927;21;9930;25;;;9924.0;0.0
yf_MKC_d7;8800;INTARIAN_PEPPER_ROOT;11163;22;11161;17;;;11169;10;11171;15;;;11166.0;0.0
yf_MKC_d7;8900;ASH_COATED_OSMIUM;9921;9;9917;22;;;9928;11;9932;21;;;9924.5;0.0
yf_MKC_d7;8900;INTARIAN_PEPPER_ROOT;11168;6;11165;17;;;11174;9;11177;32;;;11171.0;0.0
yf_MKC_d7;9000;ASH_COATED_OSMIUM;9922;5;9920;14;;;9928;9;9930;22;;;9925.0;0.0
yf_MKC_d7;9000;INTARIAN_PEPPER_ROOT;11171;17;11168;26;;;11177;14;11181;28;;;11174.0;0.0
yf_MKC_d7;9100;ASH_COATED_OSMIUM;9922;17;9918;12;;;9928;15;9931;23;;;9925.0;0.0
yf_MKC_d7;9100;INTARIAN_PEPPER_ROOT;11176;16;11173;21;;;11182;5;11185;17;;;11179.0;0.0
yf_MKC_d7;9200;ASH_COATED_OSMIUM;9920;12;9916;20;;;9929;15;9932;21;;;9924.5;0.0
yf_MKC_d7;9200;INTARIAN_PEPPER_ROOT;11178;20;11174;27;;;11188;14;11190;21;;;11183.0;0.0
yf_MKC_d7;9300;ASH_COATED_OSMIUM;9922;14;9918;23;;;9928;21;9932;22;;;9925.0;0.0
yf_MKC_d7;9300;INTARIAN_PEPPER_ROOT;11184;13;11182;18;;;11190;8;11193;20;;;11187.0;0.0
yf_MKC_d7;9400;ASH_COATED_OSMIUM;9922;14;9919;20;;;9928;23;9930;13;;;9925.0;0.0
yf_MKC_d7;9400;INTARIAN_PEPPER_ROOT;11187;19;11185;16;;;11194;19;11198;16;;;11190.5;0.0
yf_MKC_d7;9500;ASH_COATED_OSMIUM;9922;10;9918;12;;;9928;17;9932;18;;;9925.0;0.0
yf_MKC_d7;9500;INTARIAN_PEPPER_ROOT;11191;6;11189;15;;;11197;7;11199;23;;;11194.0;0.0
yf_MKC_d7;9600;ASH_COATED_OSMIUM;9922;19;9919;18;;;9928;10;9932;27;;;9925.0;0.0
yf_MKC_d7;9600;INTARIAN_PEPPER_ROOT;11195;16;11193;15;;;11201;28;11205;18;;;11198.0;0.0
yf_MKC_d7;9700;ASH_COATED_OSMIUM;9922;6;9918;19;;;9929;17;9933;14;;;9925.5;0.0
yf_MKC_d7;9700;INTARIAN_PEPPER_ROOT;11199;5;11195;20;;;11205;16;11209;29;;;11202.0;0.0
yf_MKC_d7;9800;ASH_COATED_OSMIUM;9921;15;9917;15;;;9929;5;9932;21;;;9925.0;0.0
yf_MKC_d7;9800;INTARIAN_PEPPER_ROOT;11204;8;11201;23;;;11210;17;11212;17;;;11207.0;0.0
yf_MKC_d7;9900;ASH_COATED_OSMIUM;9923;14;9919;13;;;9929;9;9933;18;;;9926.0;0.0
yf_MKC_d7;9900;INTARIAN_PEPPER_ROOT;11208;14;11204;33;;;11214;10;11218;9;;;11211.0;0.0
yf_MKC_d7;10000;ASH_COATED_OSMIUM;9917;13;9913;19;;;9934;11;9937;16;;;9925.5;0.0
yf_MKC_d7;10000;INTARIAN_PEPPER_ROOT;11211;15;11207;18;;;11217;22;11220;19;;;11214.0;0.0
yf_MKC_d7;10100;ASH_COATED_OSMIUM;9923;17;9921;24;;;9930;19;9934;24;;;9926.5;0.0
yf_MKC_d7;10100;INTARIAN_PEPPER_ROOT;11215;12;11212;24;;;11221;11;11224;18;;;11218.0;0.0
yf_MKC_d7;10200;ASH_COATED_OSMIUM;9923;16;9921;25;;;9929;17;9932;18;;;9926.0;0.0
yf_MKC_d7;10200;INTARIAN_PEPPER_ROOT;11207;14;11203;11;;;11237;11;11239;20;;;11222.0;0.0
yf_MKC_d7;10300;ASH_COATED_OSMIUM;9908;17;9904;18;;;9944;18;9947;15;;;9926.0;0.0
yf_MKC_d7;10300;INTARIAN_PEPPER_ROOT;11220;13;11216;24;;;11232;9;11235;32;;;11226.0;0.0
yf_MKC_d7;10400;ASH_COATED_OSMIUM;9923;13;9919;17;;;9929;12;9933;21;;;9926.0;0.0
yf_MKC_d7;10400;INTARIAN_PEPPER_ROOT;11228;22;11226;20;;;11234;11;11237;17;;;11231.0;0.0
yf_MKC_d7;10500;ASH_COATED_OSMIUM;9923;12;9920;25;;;9929;7;9933;23;;;9926.0;0.0
yf_MKC_d7;10500;INTARIAN_PEPPER_ROOT;11232;13;11229;19;;;11238;19;11242;15;;;11235.0;0.0
yf_MKC_d7;10600;ASH_COATED_OSMIUM;9921;9;9918;14;;;9931;18;9934;12;;;9926.0;0.0
yf_MKC_d7;10600;INTARIAN_PEPPER_ROOT;11227;17;11225;25;;;11250;21;11253;25;;;11238.5;0.0
yf_MKC_d7;10700;ASH_COATED_OSMIUM;9923;9;9920;17;;;9929;12;9932;28;;;9926.0;0.0
yf_MKC_d7;10700;INTARIAN_PEPPER_ROOT;11239;11;11237;10;;;11246;15;11249;22;;;11242.5;0.0
yf_MKC_d7;10800;ASH_COATED_OSMIUM;9915;14;9912;13;;;9937;16;9939;16;;;9926.0;0.0
yf_MKC_d7;10800;INTARIAN_PEPPER_ROOT;11236;16;11233;24;;;11256;15;11259;24;;;11246.0;0.0
yf_MKC_d7;10900;ASH_COATED_OSMIUM;9923;22;9919;21;;;9929;11;9931;22;;;9926.0;0.0
yf_MKC_d7;10900;INTARIAN_PEPPER_ROOT;11246;12;11244;19;;;11256;20;11260;28;;;11251.0;0.0
yf_MKC_d7;11000;ASH_COATED_OSMIUM;9921;14;9918;22;;;9932;17;9936;13;;;9926.5;0.0
yf_MKC_d7;11000;INTARIAN_PEPPER_ROOT;11251;7;11247;21;;;11257;18;11260;13;;;11254.0;0.0
yf_MKC_d7;11100;ASH_COATED_OSMIUM;9924;7;9921;25;;;9930;18;9933;27;;;9927.0;0.0
yf_MKC_d7;11100;INTARIAN_PEPPER_ROOT;11255;21;11253;23;;;11261;11;11263;25;;;11258.0;0.0
yf_MKC_d7;11200;ASH_COATED_OSMIUM;9924;13;9922;13;;;9930;18;9933;28;;;9927.0;0.0
yf_MKC_d7;11200;INTARIAN_PEPPER_ROOT;11260;14;11258;22;;;11266;9;11269;19;;;11263.0;0.0
yf_MKC_d7;11300;ASH_COATED_OSMIUM;9919;16;9915;21;;;9935;19;9939;17;;;9927.0;0.0
yf_MKC_d7;11300;INTARIAN_PEPPER_ROOT;11264;10;11262;16;;;11270;25;11274;8;;;11267.0;0.0
yf_MKC_d7;11400;ASH_COATED_OSMIUM;9924;13;9922;20;;;9930;16;9934;23;;;9927.0;0.0
yf_MKC_d7;11400;INTARIAN_PEPPER_ROOT;11268;18;11264;13;;;11274;13;11276;19;;;11271.0;0.0
yf_MKC_d7;11500;ASH_COATED_OSMIUM;9925;17;9921;22;;;9931;9;9933;20;;;9928.0;0.0
yf_MKC_d7;11500;INTARIAN_PEPPER_ROOT;11272;19;11269;29;;;11278;13;11282;21;;;11275.0;0.0
yf_MKC_d7;11600;ASH_COATED_OSMIUM;9911;10;9907;17;;;9944;16;9947;14;;;9927.5;0.0
yf_MKC_d7;11600;INTARIAN_PEPPER_ROOT;11261;14;11258;32;;;11296;17;11300;15;;;11278.5;0.0
yf_MKC_d7;11700;ASH_COATED_OSMIUM;9923;9;9919;13;;;9932;13;9934;16;;;9927.5;0.0
yf_MKC_d7;11700;INTARIAN_PEPPER_ROOT;11280;17;11276;10;;;11286;5;11290;16;;;11283.0;0.0
yf_MKC_d7;11800;ASH_COATED_OSMIUM;9924;15;9921;20;;;9930;5;9932;17;;;9927.0;0.0
yf_MKC_d7;11800;INTARIAN_PEPPER_ROOT;11283;18;11280;24;;;11292;21;11296;9;;;11287.5;0.0
yf_MKC_d7;11900;ASH_COATED_OSMIUM;9925;15;9921;12;;;9931;19;9935;26;;;9928.0;0.0
yf_MKC_d7;11900;INTARIAN_PEPPER_ROOT;11288;12;11285;21;;;11294;18;11298;16;;;11291.0;0.0
yf_MKC_d7;12000;ASH_COATED_OSMIUM;9924;18;9921;22;;;9930;8;9933;11;;;9927.0;0.0
yf_MKC_d7;12000;INTARIAN_PEPPER_ROOT;11284;28;11281;22;;;11306;24;11308;18;;;11295.0;0.0
yf_MKC_d7;12100;ASH_COATED_OSMIUM;9924;18;9921;22;;;9932;16;9936;20;;;9928.0;0.0
yf_MKC_d7;12100;INTARIAN_PEPPER_ROOT;11293;17;11289;17;;;11304;10;11307;27;;;11298.5;0.0
yf_MKC_d7;12200;ASH_COATED_OSMIUM;9922;14;9920;29;;;9933;20;9935;16;;;9927.5;0.0
yf_MKC_d7;12200;INTARIAN_PEPPER_ROOT;11296;20;11293;13;;;11309;8;11311;19;;;11302.5;0.0
yf_MKC_d7;12300;ASH_COATED_OSMIUM;9921;9;9918;23;;;9935;17;9938;16;;;9928.0;0.0
yf_MKC_d7;12300;INTARIAN_PEPPER_ROOT;11304;10;11302;18;;;11310;18;11312;19;;;11307.0;0.0
yf_MKC_d7;12400;ASH_COATED_OSMIUM;9925;17;9923;15;;;9931;9;9935;21;;;9928.0;0.0
yf_MKC_d7;12400;INTARIAN_PEPPER_ROOT;11303;17;11300;22;;;11318;9;11321;16;;;11310.5;0.0
yf_MKC_d7;12500;ASH_COATED_OSMIUM;9925;6;9921;27;;;9931;15;9934;15;;;9928.0;0.0
yf_MKC_d7;12500;INTARIAN_PEPPER_ROOT;11305;6;11301;8;;;11324;11;11328;14;;;11314.5;0.0
yf_MKC_d7;12600;ASH_COATED_OSMIUM;9925;9;9921;18;;;9931;11;9934;21;;;9928.0;0.0
yf_MKC_d7;12600;INTARIAN_PEPPER_ROOT;11316;20;11313;21;;;11322;9;11325;29;;;11319.0;0.0
yf_MKC_d7;12700;ASH_COATED_OSMIUM;9925;14;9921;24;;;9931;15;9934;19;;;9928.0;0.0
yf_MKC_d7;12700;INTARIAN_PEPPER_ROOT;11320;17;11318;22;;;11326;14;11330;24;;;11323.0;0.0
yf_MKC_d7;12800;ASH_COATED_OSMIUM;9924;17;9920;19;;;9933;15;9936;16;;;9928.5;0.0
yf_MKC_d7;12800;INTARIAN_PEPPER_ROOT;11324;14;11322;19;;;11330;16;11333;17;;;11327.0;0.0
yf_MKC_d7;12900;ASH_COATED_OSMIUM;9925;21;9922;18;;;9931;6;9934;17;;;9928.0;0.0
yf_MKC_d7;12900;INTARIAN_PEPPER_ROOT;11328;13;11326;27;;;11334;18;11337;15;;;11331.0;0.0
yf_MKC_d7;13000;ASH_COATED_OSMIUM;9925;14;9922;24;;;9931;10;9934;17;;;9928.0;0.0
yf_MKC_d7;13000;INTARIAN_PEPPER_ROOT;11329;17;11326;15;;;11341;21;11344;20;;;11335.0;0.0
yf_MKC_d7;13100;ASH_COATED_OSMIUM;9921;18;9919;19;;;9937;8;9940;20;;;9929.0;0.0
yf_MKC_d7;13100;INTARIAN_PEPPER_ROOT;11335;22;11332;23;;;11343;11;11346;29;;;11339.0;0.0
yf_MKC_d7;13200;ASH_COATED_OSMIUM;9916;9;9912;23;;;9941;12;9944;21;;;9928.5;0.0
yf_MKC_d7;13200;INTARIAN_PEPPER_ROOT;11339;16;11337;19;;;11345;14;11347;23;;;11342.0;0.0
yf_MKC_d7;13300;ASH_COATED_OSMIUM;9926;14;9924;16;;;9932;17;9936;18;;;9929.0;0.0
yf_MKC_d7;13300;INTARIAN_PEPPER_ROOT;11343;10;11339;21;;;11352;5;11356;17;;;11347.5;0.0
yf_MKC_d7;13400;ASH_COATED_OSMIUM;9926;17;9923;8;;;9932;14;9936;18;;;9929.0;0.0
yf_MKC_d7;13400;INTARIAN_PEPPER_ROOT;11348;17;11345;18;;;11354;8;11356;26;;;11351.0;0.0
yf_MKC_d7;13500;ASH_COATED_OSMIUM;9915;13;9912;21;;;9943;6;9945;20;;;9929.0;0.0
yf_MKC_d7;13500;INTARIAN_PEPPER_ROOT;11349;18;11346;24;;;11360;5;11363;19;;;11354.5;0.0
yf_MKC_d7;13600;ASH_COATED_OSMIUM;9920;19;9917;14;;;9937;12;9940;17;;;9928.5;0.0
yf_MKC_d7;13600;INTARIAN_PEPPER_ROOT;11354;21;11352;14;;;11364;14;11367;26;;;11359.0;0.0
yf_MKC_d7;13700;ASH_COATED_OSMIUM;9926;18;9922;15;;;9933;14;9935;30;;;9929.5;0.0
yf_MKC_d7;13700;INTARIAN_PEPPER_ROOT;11360;17;11358;17;;;11366;16;11368;14;;;11363.0;0.0
yf_MKC_d7;13800;ASH_COATED_OSMIUM;9927;17;9923;16;;;9933;20;9937;12;;;9930.0;0.0
yf_MKC_d7;13800;INTARIAN_PEPPER_ROOT;11364;15;11360;23;;;11370;15;11372;19;;;11367.0;0.0
yf_MKC_d7;13900;ASH_COATED_OSMIUM;9925;17;9923;26;;;9933;11;9937;16;;;9929.0;0.0
yf_MKC_d7;13900;INTARIAN_PEPPER_ROOT;11367;14;11364;19;;;11374;19;11376;16;;;11370.5;0.0
yf_MKC_d7;14000;ASH_COATED_OSMIUM;9926;27;9924;22;;;9932;26;9934;24;;;9929.0;0.0
yf_MKC_d7;14000;INTARIAN_PEPPER_ROOT;11371;14;11369;14;;;11377;16;11380;15;;;11374.0;0.0
yf_MKC_d7;14100;ASH_COATED_OSMIUM;9924;16;9922;28;;;9934;7;9936;19;;;9929.0;0.0
yf_MKC_d7;14100;INTARIAN_PEPPER_ROOT;11376;18;11374;28;;;11382;17;11384;20;;;11379.0;0.0
yf_MKC_d7;14200;ASH_COATED_OSMIUM;9927;13;9925;8;;;9933;7;9935;23;;;9930.0;0.0
yf_MKC_d7;14200;INTARIAN_PEPPER_ROOT;11380;8;11377;16;;;11386;12;11388;23;;;11383.0;0.0
yf_MKC_d7;14300;ASH_COATED_OSMIUM;9923;9;9921;17;;;9937;8;9941;26;;;9930.0;0.0
yf_MKC_d7;14300;INTARIAN_PEPPER_ROOT;11378;15;11376;13;;;11395;10;11397;21;;;11386.5;0.0
yf_MKC_d7;14400;ASH_COATED_OSMIUM;9927;12;9925;27;;;9933;21;9937;23;;;9930.0;0.0
yf_MKC_d7;14400;INTARIAN_PEPPER_ROOT;11378;11;11374;10;;;11404;18;11408;24;;;11391.0;0.0
yf_MKC_d7;14500;ASH_COATED_OSMIUM;9920;13;9917;14;;;9940;12;9942;20;;;9930.0;0.0
yf_MKC_d7;14500;INTARIAN_PEPPER_ROOT;11391;14;11389;12;;;11399;9;11403;18;;;11395.0;0.0
yf_MKC_d7;14600;ASH_COATED_OSMIUM;9927;20;9924;23;;;9933;7;9937;25;;;9930.0;0.0
yf_MKC_d7;14600;INTARIAN_PEPPER_ROOT;11396;23;11392;23;;;11402;18;11404;15;;;11399.0;0.0
yf_MKC_d7;14700;ASH_COATED_OSMIUM;9927;9;9924;15;;;9934;14;9938;29;;;9930.5;0.0
yf_MKC_d7;14700;INTARIAN_PEPPER_ROOT;11400;19;11396;24;;;11406;6;11410;29;;;11403.0;0.0
yf_MKC_d7;14800;ASH_COATED_OSMIUM;9928;17;9926;17;;;9934;6;9937;23;;;9931.0;0.0
yf_MKC_d7;14800;INTARIAN_PEPPER_ROOT;11403;20;11401;27;;;11411;24;11413;8;;;11407.0;0.0
yf_MKC_d7;14900;ASH_COATED_OSMIUM;9927;17;9924;16;;;9933;21;9935;12;;;9930.0;0.0
yf_MKC_d7;14900;INTARIAN_PEPPER_ROOT;11408;14;11404;27;;;11414;10;11417;17;;;11411.0;0.0
yf_MKC_d7;15000;ASH_COATED_OSMIUM;9927;5;9925;16;;;9935;16;9937;21;;;9931.0;0.0
yf_MKC_d7;15000;INTARIAN_PEPPER_ROOT;11410;16;11407;15;;;11420;5;11423;25;;;11415.0;0.0
yf_MKC_d7;15100;ASH_COATED_OSMIUM;9927;12;9925;15;;;9933;7;9936;8;;;9930.0;0.0
yf_MKC_d7;15100;INTARIAN_PEPPER_ROOT;11402;18;11398;30;;;11436;10;11440;25;;;11419.0;0.0
yf_MKC_d7;15200;ASH_COATED_OSMIUM;9921;16;9917;19;;;9939;14;9943;15;;;9930.0;0.0
yf_MKC_d7;15200;INTARIAN_PEPPER_ROOT;11419;8;11416;31;;;11425;12;11427;21;;;11422.0;0.0
yf_MKC_d7;15300;ASH_COATED_OSMIUM;9924;10;9920;21;;;9937;11;9939;24;;;9930.5;0.0
yf_MKC_d7;15300;INTARIAN_PEPPER_ROOT;11409;13;11405;12;;;11446;18;11449;8;;;11427.5;0.0
yf_MKC_d7;15400;ASH_COATED_OSMIUM;9928;14;9926;18;;;9934;12;9936;23;;;9931.0;0.0
yf_MKC_d7;15400;INTARIAN_PEPPER_ROOT;11428;16;11426;19;;;11434;15;11438;19;;;11431.0;0.0
yf_MKC_d7;15500;ASH_COATED_OSMIUM;9928;15;9926;23;;;9934;13;9936;19;;;9931.0;0.0
yf_MKC_d7;15500;INTARIAN_PEPPER_ROOT;11432;10;11430;24;;;11438;14;11440;22;;;11435.0;0.0
yf_MKC_d7;15600;ASH_COATED_OSMIUM;9928;15;9925;16;;;9934;14;9936;17;;;9931.0;0.0
yf_MKC_d7;15600;INTARIAN_PEPPER_ROOT;11436;16;11432;14;;;11442;13;11444;16;;;11439.0;0.0
yf_MKC_d7;15700;ASH_COATED_OSMIUM;9928;25;9925;22;;;9934;21;9937;17;;;9931.0;0.0
yf_MKC_d7;15700;INTARIAN_PEPPER_ROOT;11440;15;11438;23;;;11446;10;11448;21;;;11443.0;0.0
yf_MKC_d7;15800;ASH_COATED_OSMIUM;9929;13;9926;23;;;9935;15;9938;13;;;9932.0;0.0
yf_MKC_d7;15800;INTARIAN_PEPPER_ROOT;11444;12;11442;24;;;11451;13;11455;16;;;11447.5;0.0
yf_MKC_d7;15900;ASH_COATED_OSMIUM;9926;8;9923;13;;;9936;13;9940;21;;;9931.0;0.0
yf_MKC_d7;15900;INTARIAN_PEPPER_ROOT;11446;17;11444;14;;;11457;15;11460;21;;;11451.5;0.0
yf_MKC_d7;16000;ASH_COATED_OSMIUM;9929;10;9927;19;;;9935;6;9938;17;;;9932.0;0.0
yf_MKC_d7;16000;INTARIAN_PEPPER_ROOT;11452;12;11450;19;;;11458;9;11462;25;;;11455.0;0.0
yf_MKC_d7;16100;ASH_COATED_OSMIUM;9929;13;9927;16;;;9935;16;9939;18;;;9932.0;0.0
yf_MKC_d7;16100;INTARIAN_PEPPER_ROOT;11456;17;11453;26;;;11462;13;11466;32;;;11459.0;0.0
yf_MKC_d7;16200;ASH_COATED_OSMIUM;9929;14;9925;25;;;9935;16;9937;18;;;9932.0;0.0
yf_MKC_d7;16200;INTARIAN_PEPPER_ROOT;11445;25;11441;19;;;11482;10;11485;14;;;11463.5;0.0
yf_MKC_d7;16300;ASH_COATED_OSMIUM;9929;15;9926;16;;;9935;14;9937;21;;;9932.0;0.0
yf_MKC_d7;16300;INTARIAN_PEPPER_ROOT;11463;6;11461;27;;;11472;12;11476;25;;;11467.5;0.0
yf_MKC_d7;16400;ASH_COATED_OSMIUM;9914;15;9912;15;;;9950;14;9953;29;;;9932.0;0.0
yf_MKC_d7;16400;INTARIAN_PEPPER_ROOT;11468;14;11464;13;;;11476;10;11480;25;;;11472.0;0.0
yf_MKC_d7;16500;ASH_COATED_OSMIUM;9929;21;9927;23;;;9935;12;9938;14;;;9932.0;0.0
yf_MKC_d7;16500;INTARIAN_PEPPER_ROOT;11472;7;11470;21;;;11478;10;11480;23;;;11475.0;0.0
yf_MKC_d7;16600;ASH_COATED_OSMIUM;9929;14;9926;23;;;9935;13;9937;17;;;9932.0;0.0
yf_MKC_d7;16600;INTARIAN_PEPPER_ROOT;11476;7;11473;13;;;11482;7;11486;28;;;11479.0;0.0
yf_MKC_d7;16700;ASH_COATED_OSMIUM;9929;12;9926;14;;;9935;17;9939;22;;;9932.0;0.0
yf_MKC_d7;16700;INTARIAN_PEPPER_ROOT;11480;12;11478;23;;;11486;23;11490;15;;;11483.0;0.0
yf_MKC_d7;16800;ASH_COATED_OSMIUM;9929;11;9927;11;;;9935;12;9938;16;;;9932.0;0.0
yf_MKC_d7;16800;INTARIAN_PEPPER_ROOT;11480;12;11477;28;;;11494;16;11497;22;;;11487.0;0.0
yf_MKC_d7;16900;ASH_COATED_OSMIUM;9930;17;9926;18;;;9936;20;9939;21;;;9933.0;0.0
yf_MKC_d7;16900;INTARIAN_PEPPER_ROOT;11488;15;11485;13;;;11494;12;11496;23;;;11491.0;0.0
yf_MKC_d7;17000;ASH_COATED_OSMIUM;9929;9;9926;24;;;9935;11;9937;24;;;9932.0;0.0
yf_MKC_d7;17000;INTARIAN_PEPPER_ROOT;11490;12;11488;22;;;11498;14;11502;15;;;11494.0;0.0
yf_MKC_d7;17100;ASH_COATED_OSMIUM;9930;21;9928;24;;;9936;20;9940;25;;;9933.0;0.0
yf_MKC_d7;17100;INTARIAN_PEPPER_ROOT;11490;19;11486;19;;;11499;7;11501;20;;;11494.5;0.0
yf_MKC_d7;17200;ASH_COATED_OSMIUM;9929;12;9927;20;;;9935;11;9937;25;;;9932.0;0.0
yf_MKC_d7;17200;INTARIAN_PEPPER_ROOT;11490;15;11486;18;;;11501;12;11504;16;;;11495.5;0.0
yf_MKC_d7;17300;ASH_COATED_OSMIUM;9929;8;9925;29;;;9935;7;9937;13;;;9932.0;0.0
yf_MKC_d7;17300;INTARIAN_PEPPER_ROOT;11491;23;11489;18;;;11502;9;11504;20;;;11496.5;0.0
yf_MKC_d7;17400;ASH_COATED_OSMIUM;9925;24;9923;20;;;9939;18;9943;22;;;9932.0;0.0
yf_MKC_d7;17400;INTARIAN_PEPPER_ROOT;11494;10;11492;24;;;11500;29;11504;17;;;11497.0;0.0
yf_MKC_d7;17500;ASH_COATED_OSMIUM;9929;16;9926;13;;;9935;7;9939;17;;;9932.0;0.0
yf_MKC_d7;17500;INTARIAN_PEPPER_ROOT;11494;14;11490;14;;;11500;18;11504;13;;;11497.0;0.0
yf_MKC_d7;17600;ASH_COATED_OSMIUM;9929;16;9927;12;;;9935;18;9938;10;;;9932.0;0.0
yf_MKC_d7;17600;INTARIAN_PEPPER_ROOT;11490;13;11486;13;;;11507;12;11509;22;;;11498.5;0.0
yf_MKC_d7;17700;ASH_COATED_OSMIUM;9930;18;9927;23;;;9936;8;9938;27;;;9933.0;0.0
yf_MKC_d7;17700;INTARIAN_PEPPER_ROOT;11496;17;11492;21;;;11502;13;11505;13;;;11499.0;0.0
yf_MKC_d7;17800;ASH_COATED_OSMIUM;9929;22;9927;13;;;9935;15;9938;18;;;9932.0;0.0
yf_MKC_d7;17800;INTARIAN_PEPPER_ROOT;11488;12;11484;19;;;11514;20;11517;23;;;11501.0;0.0
yf_MKC_d7;17900;ASH_COATED_OSMIUM;9927;12;9924;15;;;9937;20;9940;18;;;9932.0;0.0
yf_MKC_d7;17900;INTARIAN_PEPPER_ROOT;11497;17;11495;15;;;11505;15;11508;32;;;11501.0;0.0
yf_MKC_d7;18000;ASH_COATED_OSMIUM;9929;20;9927;15;;;9935;21;9938;26;;;9932.0;0.0
yf_MKC_d7;18000;INTARIAN_PEPPER_ROOT;11484;18;11482;8;;;11520;14;11523;19;;;11502.0;0.0
yf_MKC_d7;18100;ASH_COATED_OSMIUM;9916;16;9913;16;;;9948;7;9952;18;;;9932.0;0.0
yf_MKC_d7;18100;INTARIAN_PEPPER_ROOT;11496;19;11492;23;;;11510;15;11514;19;;;11503.0;0.0
yf_MKC_d7;18200;ASH_COATED_OSMIUM;9924;16;9922;23;;;9941;12;9944;26;;;9932.5;0.0
yf_MKC_d7;18200;INTARIAN_PEPPER_ROOT;11497;16;11493;19;;;11509;21;11511;14;;;11503.0;0.0
yf_MKC_d7;18300;ASH_COATED_OSMIUM;9928;11;9925;19;;;9934;19;9938;15;;;9931.0;0.0
yf_MKC_d7;18300;INTARIAN_PEPPER_ROOT;11501;18;11497;25;;;11507;11;11510;13;;;11504.0;0.0
yf_MKC_d7;18400;ASH_COATED_OSMIUM;9926;10;9922;14;;;9937;10;9939;21;;;9931.5;0.0
yf_MKC_d7;18400;INTARIAN_PEPPER_ROOT;11502;11;11500;21;;;11508;12;11512;16;;;11505.0;0.0
yf_MKC_d7;18500;ASH_COATED_OSMIUM;9929;18;9926;18;;;9935;22;9939;14;;;9932.0;0.0
yf_MKC_d7;18500;INTARIAN_PEPPER_ROOT;11503;14;11501;21;;;11509;17;11511;17;;;11506.0;0.0
yf_MKC_d7;18600;ASH_COATED_OSMIUM;9929;25;9927;22;;;9935;23;9939;20;;;9932.0;0.0
yf_MKC_d7;18600;INTARIAN_PEPPER_ROOT;11502;12;11498;12;;;11512;15;11514;14;;;11507.0;0.0
yf_MKC_d7;18700;ASH_COATED_OSMIUM;9925;11;9921;19;;;9939;12;9943;19;;;9932.0;0.0
yf_MKC_d7;18700;INTARIAN_PEPPER_ROOT;11505;23;11502;20;;;11511;22;11515;17;;;11508.0;0.0
yf_MKC_d7;18800;ASH_COATED_OSMIUM;9923;10;9921;23;;;9941;5;9944;19;;;9932.0;0.0
yf_MKC_d7;18800;INTARIAN_PEPPER_ROOT;11505;11;11502;15;;;11511;13;11514;19;;;11508.0;0.0
yf_MKC_d7;18900;ASH_COATED_OSMIUM;9929;18;9926;21;;;9935;21;9939;21;;;9932.0;0.0
yf_MKC_d7;18900;INTARIAN_PEPPER_ROOT;11506;19;11503;28;;;11512;8;11516;20;;;11509.0;0.0
yf_MKC_d7;19000;ASH_COATED_OSMIUM;9929;12;9927;18;;;9935;18;9939;19;;;9932.0;0.0
yf_MKC_d7;19000;INTARIAN_PEPPER_ROOT;11507;15;11505;21;;;11513;17;11517;26;;;11510.0;0.0
yf_MKC_d7;19100;ASH_COATED_OSMIUM;9924;14;9920;26;;;9940;11;9944;23;;;9932.0;0.0
yf_MKC_d7;19100;INTARIAN_PEPPER_ROOT;11499;15;11495;18;;;11521;15;11524;21;;;11510.0;0.0
yf_MKC_d7;19200;ASH_COATED_OSMIUM;9929;12;9927;22;;;9936;12;9938;12;;;9932.5;0.0
yf_MKC_d7;19200;INTARIAN_PEPPER_ROOT;11508;15;11504;8;;;11514;18;11516;23;;;11511.0;0.0
yf_MKC_d7;19300;ASH_COATED_OSMIUM;9929;12;9926;23;;;9935;16;9937;14;;;9932.0;0.0
yf_MKC_d7;19300;INTARIAN_PEPPER_ROOT;11509;14;11505;15;;;11515;15;11517;14;;;11512.0;0.0
yf_MKC_d7;19400;ASH_COATED_OSMIUM;9928;5;9925;22;;;9934;20;9936;24;;;9931.0;0.0
yf_MKC_d7;19400;INTARIAN_PEPPER_ROOT;11510;18;11507;19;;;11516;19;11519;18;;;11513.0;0.0
yf_MKC_d7;19500;ASH_COATED_OSMIUM;9920;5;9918;20;;;9943;7;9947;8;;;9931.5;0.0
yf_MKC_d7;19500;INTARIAN_PEPPER_ROOT;11505;10;11503;19;;;11522;10;11524;16;;;11513.5;0.0
yf_MKC_d7;19600;ASH_COATED_OSMIUM;9929;17;9927;20;;;9935;11;9937;8;;;9932.0;0.0
yf_MKC_d7;19600;INTARIAN_PEPPER_ROOT;11512;22;11509;23;;;11518;12;11522;18;;;11515.0;0.0
yf_MKC_d7;19700;ASH_COATED_OSMIUM;9929;8;9926;28;;;9935;13;9938;14;;;9932.0;0.0
yf_MKC_d7;19700;INTARIAN_PEPPER_ROOT;11510;14;11508;23;;;11521;14;11525;21;;;11515.5;0.0
yf_MKC_d7;19800;ASH_COATED_OSMIUM;9929;16;9926;13;;;9935;15;9938;14;;;9932.0;0.0
yf_MKC_d7;19800;INTARIAN_PEPPER_ROOT;11513;12;11509;23;;;11519;16;11522;29;;;11516.0;0.0
yf_MKC_d7;19900;ASH_COATED_OSMIUM;9929;10;9925;9;;;9935;25;9937;14;;;9932.0;0.0
yf_MKC_d7;19900;INTARIAN_PEPPER_ROOT;11514;15;11512;23;;;11520;10;11523;24;;;11517.0;0.0
yf_MKC_d7;20000;ASH_COATED_OSMIUM;9921;11;9917;16;;;9942;18;9944;13;;;9931.5;0.0
yf_MKC_d7;20000;INTARIAN_PEPPER_ROOT;11515;10;11511;18;;;11521;7;11523;15;;;11518.0;0.0
yf_MKC_d7;20100;ASH_COATED_OSMIUM;9928;11;9924;22;;;9935;17;9937;20;;;9931.5;0.0
yf_MKC_d7;20100;INTARIAN_PEPPER_ROOT;11515;10;11511;26;;;11522;13;11525;13;;;11518.5;0.0
yf_MKC_d7;20200;ASH_COATED_OSMIUM;9929;9;9925;20;;;9935;20;9937;18;;;9932.0;0.0
yf_MKC_d7;20200;INTARIAN_PEPPER_ROOT;11515;24;11512;17;;;11524;14;11526;16;;;11519.5;0.0
yf_MKC_d7;20300;ASH_COATED_OSMIUM;9923;14;9919;26;;;9940;20;9943;20;;;9931.5;0.0
yf_MKC_d7;20300;INTARIAN_PEPPER_ROOT;11517;16;11514;28;;;11523;15;11525;28;;;11520.0;0.0
yf_MKC_d7;20400;ASH_COATED_OSMIUM;9925;9;9923;28;;;9939;14;9943;17;;;9932.0;0.0
yf_MKC_d7;20400;INTARIAN_PEPPER_ROOT;11519;9;11515;33;;;11525;17;11527;25;;;11522.0;0.0
yf_MKC_d7;20500;ASH_COATED_OSMIUM;9929;18;9926;13;;;9935;15;9937;20;;;9932.0;0.0
yf_MKC_d7;20500;INTARIAN_PEPPER_ROOT;11514;17;11512;33;;;11531;14;11533;18;;;11522.5;0.0
yf_MKC_d7;20600;ASH_COATED_OSMIUM;9929;11;9925;22;;;9935;17;9939;25;;;9932.0;0.0
yf_MKC_d7;20600;INTARIAN_PEPPER_ROOT;11520;16;11518;26;;;11526;23;11528;9;;;11523.0;0.0
yf_MKC_d7;20700;ASH_COATED_OSMIUM;9926;23;9924;12;;;9936;14;9939;19;;;9931.0;0.0
yf_MKC_d7;20700;INTARIAN_PEPPER_ROOT;11520;12;11516;22;;;11526;18;11528;17;;;11523.0;0.0
yf_MKC_d7;20800;ASH_COATED_OSMIUM;9922;17;9918;18;;;9940;8;9943;23;;;9931.0;0.0
yf_MKC_d7;20800;INTARIAN_PEPPER_ROOT;11522;19;11519;12;;;11528;12;11531;27;;;11525.0;0.0
yf_MKC_d7;20900;ASH_COATED_OSMIUM;9928;17;9925;21;;;9934;20;9938;20;;;9931.0;0.0
yf_MKC_d7;20900;INTARIAN_PEPPER_ROOT;11522;25;11519;25;;;11528;18;11532;16;;;11525.0;0.0
yf_MKC_d7;21000;ASH_COATED_OSMIUM;9929;12;9927;23;;;9935;23;9939;16;;;9932.0;0.0
yf_MKC_d7;21000;INTARIAN_PEPPER_ROOT;11524;12;11521;21;;;11530;12;11533;23;;;11527.0;0.0
yf_MKC_d7;21100;ASH_COATED_OSMIUM;9929;17;9925;18;;;9935;16;9938;20;;;9932.0;0.0
yf_MKC_d7;21100;INTARIAN_PEPPER_ROOT;11524;24;11520;21;;;11530;27;11533;27;;;11527.0;0.0
yf_MKC_d7;21200;ASH_COATED_OSMIUM;9928;15;9924;20;;;9934;15;9936;33;;;9931.0;0.0
yf_MKC_d7;21200;INTARIAN_PEPPER_ROOT;11517;7;11514;21;;;11538;18;11542;17;;;11527.5;0.0
yf_MKC_d7;21300;ASH_COATED_OSMIUM;9928;21;9925;19;;;9934;8;9936;24;;;9931.0;0.0
yf_MKC_d7;21300;INTARIAN_PEPPER_ROOT;11526;11;11523;20;;;11532;19;11535;28;;;11529.0;0.0
yf_MKC_d7;21400;ASH_COATED_OSMIUM;9928;7;9924;19;;;9934;17;9937;28;;;9931.0;0.0
yf_MKC_d7;21400;INTARIAN_PEPPER_ROOT;11526;18;11524;19;;;11532;16;11534;17;;;11529.0;0.0
yf_MKC_d7;21500;ASH_COATED_OSMIUM;9928;8;9925;17;;;9935;13;9939;17;;;9931.5;0.0
yf_MKC_d7;21500;INTARIAN_PEPPER_ROOT;11527;5;11524;19;;;11533;21;11537;11;;;11530.0;0.0
yf_MKC_d7;21600;ASH_COATED_OSMIUM;9928;21;9926;23;;;9934;16;9936;18;;;9931.0;0.0
yf_MKC_d7;21600;INTARIAN_PEPPER_ROOT;11528;16;11526;17;;;11534;13;11536;27;;;11531.0;0.0
yf_MKC_d7;21700;ASH_COATED_OSMIUM;9928;5;9925;15;;;9934;10;9936;25;;;9931.0;0.0
yf_MKC_d7;21700;INTARIAN_PEPPER_ROOT;11528;14;11525;22;;;11535;21;11539;20;;;11531.5;0.0
yf_MKC_d7;21800;ASH_COATED_OSMIUM;9927;24;9923;11;;;9936;11;9940;17;;;9931.5;0.0
yf_MKC_d7;21800;INTARIAN_PEPPER_ROOT;11523;12;11520;21;;;11540;19;11542;21;;;11531.5;0.0
yf_MKC_d7;21900;ASH_COATED_OSMIUM;9917;23;9915;21;;;9945;18;9948;24;;;9931.0;0.0
yf_MKC_d7;21900;INTARIAN_PEPPER_ROOT;11530;18;11528;20;;;11536;17;11538;21;;;11533.0;0.0
yf_MKC_d7;22000;ASH_COATED_OSMIUM;9925;17;9923;18;;;9938;8;9940;20;;;9931.5;0.0
yf_MKC_d7;22000;INTARIAN_PEPPER_ROOT;11531;21;11529;19;;;11537;11;11541;13;;;11534.0;0.0
yf_MKC_d7;22100;ASH_COATED_OSMIUM;9928;7;9926;22;;;9935;18;9937;12;;;9931.5;0.0
yf_MKC_d7;22100;INTARIAN_PEPPER_ROOT;11525;15;11523;18;;;11544;11;11548;17;;;11534.5;0.0
yf_MKC_d7;22200;ASH_COATED_OSMIUM;9928;16;9926;17;;;9934;11;9938;9;;;9931.0;0.0
yf_MKC_d7;22200;INTARIAN_PEPPER_ROOT;11533;18;11529;8;;;11539;16;11543;16;;;11536.0;0.0
yf_MKC_d7;22300;ASH_COATED_OSMIUM;9928;14;9926;9;;;9934;21;9937;23;;;9931.0;0.0
yf_MKC_d7;22300;INTARIAN_PEPPER_ROOT;11533;14;11530;14;;;11539;20;11543;22;;;11536.0;0.0
yf_MKC_d7;22400;ASH_COATED_OSMIUM;9928;6;9926;22;;;9934;16;9937;11;;;9931.0;0.0
yf_MKC_d7;22400;INTARIAN_PEPPER_ROOT;11534;20;11532;22;;;11541;9;11545;17;;;11537.5;0.0
yf_MKC_d7;22500;ASH_COATED_OSMIUM;9926;7;9922;18;;;9936;20;9939;18;;;9931.0;0.0
yf_MKC_d7;22500;INTARIAN_PEPPER_ROOT;11535;17;11533;22;;;11541;18;11543;25;;;11538.0;0.0
yf_MKC_d7;22600;ASH_COATED_OSMIUM;9928;5;9926;17;;;9934;18;9936;15;;;9931.0;0.0
yf_MKC_d7;22600;INTARIAN_PEPPER_ROOT;11534;17;11532;17;;;11544;22;11548;16;;;11539.0;0.0
yf_MKC_d7;22700;ASH_COATED_OSMIUM;9928;7;9924;13;;;9935;18;9937;25;;;9931.5;0.0
yf_MKC_d7;22700;INTARIAN_PEPPER_ROOT;11537;16;11533;27;;;11543;20;11547;25;;;11540.0;0.0
yf_MKC_d7;22800;ASH_COATED_OSMIUM;9928;5;9924;20;;;9934;12;9937;21;;;9931.0;0.0
yf_MKC_d7;22800;INTARIAN_PEPPER_ROOT;11532;17;11529;12;;;11549;9;11552;11;;;11540.5;0.0
yf_MKC_d7;22900;ASH_COATED_OSMIUM;9928;18;9925;21;;;9934;14;9937;13;;;9931.0;0.0
yf_MKC_d7;22900;INTARIAN_PEPPER_ROOT;11534;12;11530;25;;;11549;15;11551;15;;;11541.5;0.0
yf_MKC_d7;23000;ASH_COATED_OSMIUM;9926;23;9924;21;;;9937;20;9941;17;;;9931.5;0.0
yf_MKC_d7;23000;INTARIAN_PEPPER_ROOT;11538;7;11536;20;;;11548;14;11551;23;;;11543.0;0.0
yf_MKC_d7;23100;ASH_COATED_OSMIUM;9928;15;9926;18;;;9934;23;9938;17;;;9931.0;0.0
yf_MKC_d7;23100;INTARIAN_PEPPER_ROOT;11538;17;11536;26;;;11547;18;11549;16;;;11542.5;0.0
yf_MKC_d7;23200;ASH_COATED_OSMIUM;9926;17;9924;19;;;9935;10;9939;25;;;9930.5;0.0
yf_MKC_d7;23200;INTARIAN_PEPPER_ROOT;11541;17;11538;20;;;11547;22;11551;12;;;11544.0;0.0
yf_MKC_d7;23300;ASH_COATED_OSMIUM;9925;15;9923;15;;;9937;18;9941;31;;;9931.0;0.0
yf_MKC_d7;23300;INTARIAN_PEPPER_ROOT;11540;18;11537;16;;;11550;16;11554;15;;;11545.0;0.0
yf_MKC_d7;23400;ASH_COATED_OSMIUM;9928;21;9924;18;;;9934;8;9938;17;;;9931.0;0.0
yf_MKC_d7;23400;INTARIAN_PEPPER_ROOT;11539;12;11537;15;;;11551;22;11553;21;;;11545.0;0.0
yf_MKC_d7;23500;ASH_COATED_OSMIUM;9927;13;9924;16;;;9933;11;9937;24;;;9930.0;0.0
yf_MKC_d7;23500;INTARIAN_PEPPER_ROOT;11543;8;11541;16;;;11549;20;11552;10;;;11546.0;0.0
yf_MKC_d7;23600;ASH_COATED_OSMIUM;9928;15;9924;21;;;9934;13;9938;26;;;9931.0;0.0
yf_MKC_d7;23600;INTARIAN_PEPPER_ROOT;11544;8;11541;21;;;11550;14;11552;17;;;11547.0;0.0
yf_MKC_d7;23700;ASH_COATED_OSMIUM;9928;13;9926;29;;;9934;15;9936;20;;;9931.0;0.0
yf_MKC_d7;23700;INTARIAN_PEPPER_ROOT;11545;11;11541;28;;;11551;19;11555;23;;;11548.0;0.0
yf_MKC_d7;23800;ASH_COATED_OSMIUM;9928;18;9924;17;;;9934;14;9938;10;;;9931.0;0.0
yf_MKC_d7;23800;INTARIAN_PEPPER_ROOT;11545;26;11543;20;;;11551;16;11553;16;;;11548.0;0.0
yf_MKC_d7;23900;ASH_COATED_OSMIUM;9916;16;9913;17;;;9947;19;9951;14;;;9931.5;0.0
yf_MKC_d7;23900;INTARIAN_PEPPER_ROOT;11546;13;11542;21;;;11552;18;11554;20;;;11549.0;0.0
yf_MKC_d7;24000;ASH_COATED_OSMIUM;9927;13;9923;21;;;9935;11;9937;10;;;9931.0;0.0
yf_MKC_d7;24000;INTARIAN_PEPPER_ROOT;11543;9;11540;22;;;11557;18;11561;26;;;11550.0;0.0
yf_MKC_d7;24100;ASH_COATED_OSMIUM;9928;21;9925;21;;;9934;14;9937;27;;;9931.0;0.0
yf_MKC_d7;24100;INTARIAN_PEPPER_ROOT;11545;19;11542;14;;;11557;12;11561;17;;;11551.0;0.0
yf_MKC_d7;24200;ASH_COATED_OSMIUM;9927;17;9925;21;;;9935;19;9939;24;;;9931.0;0.0
yf_MKC_d7;24200;INTARIAN_PEPPER_ROOT;11549;13;11546;23;;;11555;18;11559;15;;;11552.0;0.0
yf_MKC_d7;24300;ASH_COATED_OSMIUM;9928;6;9924;19;;;9934;18;9937;23;;;9931.0;0.0
yf_MKC_d7;24300;INTARIAN_PEPPER_ROOT;11549;11;11547;19;;;11555;21;11557;26;;;11552.0;0.0
yf_MKC_d7;24400;ASH_COATED_OSMIUM;9928;15;9926;16;;;9934;17;9937;27;;;9931.0;0.0
yf_MKC_d7;24400;INTARIAN_PEPPER_ROOT;11545;12;11541;19;;;11562;12;11566;25;;;11553.5;0.0
yf_MKC_d7;24500;ASH_COATED_OSMIUM;9928;14;9926;15;;;9934;16;9937;17;;;9931.0;0.0
yf_MKC_d7;24500;INTARIAN_PEPPER_ROOT;11551;14;11548;23;;;11557;8;11561;19;;;11554.0;0.0
yf_MKC_d7;24600;ASH_COATED_OSMIUM;9926;10;9923;17;;;9936;18;9938;16;;;9931.0;0.0
yf_MKC_d7;24600;INTARIAN_PEPPER_ROOT;11548;8;11544;12;;;11562;17;11566;24;;;11555.0;0.0
yf_MKC_d7;24700;ASH_COATED_OSMIUM;9928;13;9924;24;;;9934;20;9937;18;;;9931.0;0.0
yf_MKC_d7;24700;INTARIAN_PEPPER_ROOT;11552;13;11550;17;;;11558;16;11561;20;;;11555.0;0.0
yf_MKC_d7;24800;ASH_COATED_OSMIUM;9926;7;9922;18;;;9935;15;9939;18;;;9930.5;0.0
yf_MKC_d7;24800;INTARIAN_PEPPER_ROOT;11553;11;11549;19;;;11560;5;11564;23;;;11556.5;0.0
yf_MKC_d7;24900;ASH_COATED_OSMIUM;9927;10;9925;23;;;9935;23;9937;23;;;9931.0;0.0
yf_MKC_d7;24900;INTARIAN_PEPPER_ROOT;11554;11;11550;19;;;11560;16;11562;26;;;11557.0;0.0
yf_MKC_d7;25000;ASH_COATED_OSMIUM;9928;7;9926;14;;;9934;17;9936;17;;;9931.0;0.0
yf_MKC_d7;25000;INTARIAN_PEPPER_ROOT;11555;15;11551;22;;;11561;14;11564;18;;;11558.0;0.0
yf_MKC_d7;25100;ASH_COATED_OSMIUM;9927;20;9924;13;;;9933;7;9937;16;;;9930.0;0.0
yf_MKC_d7;25100;INTARIAN_PEPPER_ROOT;11556;20;11553;24;;;11562;22;11565;16;;;11559.0;0.0
yf_MKC_d7;25200;ASH_COATED_OSMIUM;9927;7;9924;21;;;9933;18;9937;23;;;9930.0;0.0
yf_MKC_d7;25200;INTARIAN_PEPPER_ROOT;11557;17;11555;17;;;11563;19;11567;25;;;11560.0;0.0
yf_MKC_d7;25300;ASH_COATED_OSMIUM;9921;16;9917;18;;;9940;10;9942;22;;;9930.5;0.0
yf_MKC_d7;25300;INTARIAN_PEPPER_ROOT;11558;21;11555;26;;;11564;10;11567;16;;;11561.0;0.0
yf_MKC_d7;25400;ASH_COATED_OSMIUM;9927;16;9923;17;;;9933;20;9935;22;;;9930.0;0.0
yf_MKC_d7;25400;INTARIAN_PEPPER_ROOT;11557;14;11554;25;;;11565;21;11569;10;;;11561.0;0.0
yf_MKC_d7;25500;ASH_COATED_OSMIUM;9917;16;9915;28;;;9943;15;9946;17;;;9930.0;0.0
yf_MKC_d7;25500;INTARIAN_PEPPER_ROOT;11560;17;11557;18;;;11566;10;11570;27;;;11563.0;0.0
yf_MKC_d7;25600;ASH_COATED_OSMIUM;9927;16;9925;23;;;9933;17;9937;18;;;9930.0;0.0
yf_MKC_d7;25600;INTARIAN_PEPPER_ROOT;11560;9;11558;21;;;11566;17;11568;22;;;11563.0;0.0
yf_MKC_d7;25700;ASH_COATED_OSMIUM;9928;6;9926;14;;;9934;7;9937;24;;;9931.0;0.0
yf_MKC_d7;25700;INTARIAN_PEPPER_ROOT;11556;16;11553;21;;;11571;15;11573;22;;;11563.5;0.0
yf_MKC_d7;25800;ASH_COATED_OSMIUM;9928;15;9925;14;;;9934;21;9936;21;;;9931.0;0.0
yf_MKC_d7;25800;INTARIAN_PEPPER_ROOT;11560;12;11557;20;;;11570;13;11574;21;;;11565.0;0.0
yf_MKC_d7;25900;ASH_COATED_OSMIUM;9926;19;9924;19;;;9934;13;9936;24;;;9930.0;0.0
yf_MKC_d7;25900;INTARIAN_PEPPER_ROOT;11562;13;11558;25;;;11568;11;11570;20;;;11565.0;0.0
yf_MKC_d7;26000;ASH_COATED_OSMIUM;9923;17;9919;18;;;9938;8;9942;18;;;9930.5;0.0
yf_MKC_d7;26000;INTARIAN_PEPPER_ROOT;11560;9;11557;16;;;11573;19;11576;15;;;11566.5;0.0
yf_MKC_d7;26100;ASH_COATED_OSMIUM;9927;12;9924;15;;;9933;12;9937;18;;;9930.0;0.0
yf_MKC_d7;26100;INTARIAN_PEPPER_ROOT;11562;15;11558;18;;;11572;14;11576;17;;;11567.0;0.0
yf_MKC_d7;26200;ASH_COATED_OSMIUM;9923;14;9921;24;;;9938;12;9942;27;;;9930.5;0.0
yf_MKC_d7;26200;INTARIAN_PEPPER_ROOT;11564;6;11560;20;;;11570;10;11572;21;;;11567.0;0.0
yf_MKC_d7;26300;ASH_COATED_OSMIUM;9922;18;9919;23;;;9939;26;9942;20;;;9930.5;0.0
yf_MKC_d7;26300;INTARIAN_PEPPER_ROOT;11552;18;11550;21;;;11585;22;11588;27;;;11568.5;0.0
yf_MKC_d7;26400;ASH_COATED_OSMIUM;9927;15;9925;20;;;9935;13;9939;23;;;9931.0;0.0
yf_MKC_d7;26400;INTARIAN_PEPPER_ROOT;11566;18;11563;28;;;11572;14;11576;15;;;11569.0;0.0
yf_MKC_d7;26500;ASH_COATED_OSMIUM;9927;20;9923;16;;;9933;20;9937;20;;;9930.0;0.0
yf_MKC_d7;26500;INTARIAN_PEPPER_ROOT;11552;14;11548;13;;;11588;7;11591;26;;;11570.0;0.0
yf_MKC_d7;26600;ASH_COATED_OSMIUM;9916;18;9914;27;;;9944;18;9947;20;;;9930.0;0.0
yf_MKC_d7;26600;INTARIAN_PEPPER_ROOT;11568;9;11564;23;;;11574;10;11576;27;;;11571.0;0.0
yf_MKC_d7;26700;ASH_COATED_OSMIUM;9926;16;9922;20;;;9932;9;9935;23;;;9929.0;0.0
yf_MKC_d7;26700;INTARIAN_PEPPER_ROOT;11569;21;11567;23;;;11575;13;11579;20;;;11572.0;0.0
yf_MKC_d7;26800;ASH_COATED_OSMIUM;9927;20;9924;24;;;9933;12;9935;23;;;9930.0;0.0
yf_MKC_d7;26800;INTARIAN_PEPPER_ROOT;11570;19;11566;25;;;11576;22;11579;9;;;11573.0;0.0
yf_MKC_d7;26900;ASH_COATED_OSMIUM;9926;19;9923;22;;;9932;17;9935;23;;;9929.0;0.0
yf_MKC_d7;26900;INTARIAN_PEPPER_ROOT;11569;22;11566;22;;;11579;19;11583;21;;;11574.0;0.0
yf_MKC_d7;27000;ASH_COATED_OSMIUM;9926;19;9924;14;;;9934;10;9938;13;;;9930.0;0.0
yf_MKC_d7;27000;INTARIAN_PEPPER_ROOT;11571;25;11567;14;;;11577;15;11579;23;;;11574.0;0.0
yf_MKC_d7;27100;ASH_COATED_OSMIUM;9924;23;9922;9;;;9935;15;9939;14;;;9929.5;0.0
yf_MKC_d7;27100;INTARIAN_PEPPER_ROOT;11572;10;11570;13;;;11578;20;11581;14;;;11575.0;0.0
yf_MKC_d7;27200;ASH_COATED_OSMIUM;9925;21;9923;22;;;9934;21;9936;23;;;9929.5;0.0
yf_MKC_d7;27200;INTARIAN_PEPPER_ROOT;11573;14;11570;28;;;11579;20;11583;21;;;11576.0;0.0
yf_MKC_d7;27300;ASH_COATED_OSMIUM;9917;19;9915;18;;;9942;19;9945;12;;;9929.5;0.0
yf_MKC_d7;27300;INTARIAN_PEPPER_ROOT;11574;13;11570;19;;;11580;10;11583;17;;;11577.0;0.0
yf_MKC_d7;27400;ASH_COATED_OSMIUM;9925;5;9923;22;;;9934;6;9937;24;;;9929.5;0.0
yf_MKC_d7;27400;INTARIAN_PEPPER_ROOT;11574;17;11570;24;;;11580;18;11583;24;;;11577.0;0.0
yf_MKC_d7;27500;ASH_COATED_OSMIUM;9927;17;9924;16;;;9933;11;9935;17;;;9930.0;0.0
yf_MKC_d7;27500;INTARIAN_PEPPER_ROOT;11576;11;11574;25;;;11582;15;11584;27;;;11579.0;0.0
yf_MKC_d7;27600;ASH_COATED_OSMIUM;9926;12;9924;23;;;9935;14;9937;19;;;9930.5;0.0
yf_MKC_d7;27600;INTARIAN_PEPPER_ROOT;11572;8;11569;19;;;11584;17;11588;14;;;11578.0;0.0
yf_MKC_d7;27700;ASH_COATED_OSMIUM;9925;11;9921;26;;;9934;11;9938;20;;;9929.5;0.0
yf_MKC_d7;27700;INTARIAN_PEPPER_ROOT;11577;17;11574;21;;;11583;13;11587;19;;;11580.0;0.0
yf_MKC_d7;27800;ASH_COATED_OSMIUM;9927;19;9924;22;;;9933;16;9936;14;;;9930.0;0.0
yf_MKC_d7;27800;INTARIAN_PEPPER_ROOT;11576;15;11573;21;;;11586;12;11589;10;;;11581.0;0.0
yf_MKC_d7;27900;ASH_COATED_OSMIUM;9926;22;9922;22;;;9932;15;9934;30;;;9929.0;0.0
yf_MKC_d7;27900;INTARIAN_PEPPER_ROOT;11578;15;11575;26;;;11584;10;11588;12;;;11581.0;0.0
yf_MKC_d7;28000;ASH_COATED_OSMIUM;9920;9;9918;27;;;9939;14;9941;15;;;9929.5;0.0
yf_MKC_d7;28000;INTARIAN_PEPPER_ROOT;11573;11;11569;17;;;11591;12;11593;16;;;11582.0;0.0
yf_MKC_d7;28100;ASH_COATED_OSMIUM;9923;15;9920;11;;;9935;16;9939;24;;;9929.0;0.0
yf_MKC_d7;28100;INTARIAN_PEPPER_ROOT;11580;20;11577;22;;;11586;20;11588;12;;;11583.0;0.0
yf_MKC_d7;28200;ASH_COATED_OSMIUM;9917;13;9913;20;;;9943;19;9947;35;;;9930.0;0.0
yf_MKC_d7;28200;INTARIAN_PEPPER_ROOT;11576;22;11574;27;;;11592;5;11596;15;;;11584.0;0.0
yf_MKC_d7;28300;ASH_COATED_OSMIUM;9926;9;9923;13;;;9934;20;9938;19;;;9930.0;0.0
yf_MKC_d7;28300;INTARIAN_PEPPER_ROOT;11582;23;11580;18;;;11589;13;11593;18;;;11585.5;0.0
yf_MKC_d7;28400;ASH_COATED_OSMIUM;9927;5;9924;12;;;9933;16;9935;19;;;9930.0;0.0
yf_MKC_d7;28400;INTARIAN_PEPPER_ROOT;11582;18;11579;19;;;11589;18;11592;20;;;11585.5;0.0
yf_MKC_d7;28500;ASH_COATED_OSMIUM;9927;13;9923;30;;;9933;17;9936;16;;;9930.0;0.0
yf_MKC_d7;28500;INTARIAN_PEPPER_ROOT;11576;17;11573;17;;;11597;11;11601;15;;;11586.5;0.0
yf_MKC_d7;28600;ASH_COATED_OSMIUM;9923;13;9919;18;;;9936;12;9939;23;;;9929.5;0.0
yf_MKC_d7;28600;INTARIAN_PEPPER_ROOT;11583;5;11580;22;;;11589;18;11592;18;;;11586.0;0.0
yf_MKC_d7;28700;ASH_COATED_OSMIUM;9927;13;9925;17;;;9933;5;9937;23;;;9930.0;0.0
yf_MKC_d7;28700;INTARIAN_PEPPER_ROOT;11585;17;11582;17;;;11591;14;11593;17;;;11588.0;0.0
yf_MKC_d7;28800;ASH_COATED_OSMIUM;9927;6;9924;15;;;9933;20;9935;19;;;9930.0;0.0
yf_MKC_d7;28800;INTARIAN_PEPPER_ROOT;11586;12;11583;11;;;11592;12;11596;28;;;11589.0;0.0
yf_MKC_d7;28900;ASH_COATED_OSMIUM;9926;9;9924;8;;;9933;18;9937;27;;;9929.5;0.0
yf_MKC_d7;28900;INTARIAN_PEPPER_ROOT;11581;17;11578;19;;;11600;15;11604;16;;;11590.5;0.0
yf_MKC_d7;29000;ASH_COATED_OSMIUM;9920;7;9918;21;;;9939;16;9941;16;;;9929.5;0.0
yf_MKC_d7;29000;INTARIAN_PEPPER_ROOT;11588;14;11586;16;;;11594;13;11597;21;;;11591.0;0.0
yf_MKC_d7;29100;ASH_COATED_OSMIUM;9926;18;9924;14;;;9932;7;9935;22;;;9929.0;0.0
yf_MKC_d7;29100;INTARIAN_PEPPER_ROOT;11589;11;11587;25;;;11595;21;11598;15;;;11592.0;0.0
yf_MKC_d7;29200;ASH_COATED_OSMIUM;9926;11;9923;21;;;9932;12;9935;20;;;9929.0;0.0
yf_MKC_d7;29200;INTARIAN_PEPPER_ROOT;11589;17;11585;14;;;11595;12;11599;18;;;11592.0;0.0
yf_MKC_d7;29300;ASH_COATED_OSMIUM;9926;21;9922;21;;;9932;14;9934;21;;;9929.0;0.0
yf_MKC_d7;29300;INTARIAN_PEPPER_ROOT;11589;15;11587;17;;;11598;11;11601;22;;;11593.5;0.0
yf_MKC_d7;29400;ASH_COATED_OSMIUM;9919;11;9917;13;;;9939;14;9941;21;;;9929.0;0.0
yf_MKC_d7;29400;INTARIAN_PEPPER_ROOT;11591;13;11589;23;;;11597;15;11600;21;;;11594.0;0.0
yf_MKC_d7;29500;ASH_COATED_OSMIUM;9925;20;9922;24;;;9934;6;9936;13;;;9929.5;0.0
yf_MKC_d7;29500;INTARIAN_PEPPER_ROOT;11592;16;11588;17;;;11598;13;11601;23;;;11595.0;0.0
yf_MKC_d7;29600;ASH_COATED_OSMIUM;9925;21;9922;17;;;9934;18;9937;25;;;9929.5;0.0
yf_MKC_d7;29600;INTARIAN_PEPPER_ROOT;11592;12;11588;18;;;11598;14;11601;15;;;11595.0;0.0
yf_MKC_d7;29700;ASH_COATED_OSMIUM;9926;8;9923;14;;;9932;17;9934;19;;;9929.0;0.0
yf_MKC_d7;29700;INTARIAN_PEPPER_ROOT;11593;5;11590;17;;;11600;10;11604;25;;;11596.5;0.0
yf_MKC_d7;29800;ASH_COATED_OSMIUM;9923;15;9919;20;;;9937;16;9941;26;;;9930.0;0.0
yf_MKC_d7;29800;INTARIAN_PEPPER_ROOT;11594;17;11591;16;;;11600;13;11604;19;;;11597.0;0.0
yf_MKC_d7;29900;ASH_COATED_OSMIUM;9924;10;9922;15;;;9934;10;9938;8;;;9929.0;0.0
yf_MKC_d7;29900;INTARIAN_PEPPER_ROOT;11594;15;11591;27;;;11600;13;11602;20;;;11597.0;0.0
yf_MKC_d7;30000;ASH_COATED_OSMIUM;9926;16;9924;26;;;9932;11;9936;21;;;9929.0;0.0
yf_MKC_d7;30000;INTARIAN_PEPPER_ROOT;11595;10;11591;19;;;11601;15;11603;21;;;11598.0;0.0
yf_MKC_d7;30100;ASH_COATED_OSMIUM;9924;24;9922;23;;;9935;19;9939;22;;;9929.5;0.0
yf_MKC_d7;30100;INTARIAN_PEPPER_ROOT;11596;14;11594;8;;;11603;17;11607;14;;;11599.5;0.0
yf_MKC_d7;30200;ASH_COATED_OSMIUM;9925;5;9922;30;;;9934;17;9936;16;;;9929.5;0.0
yf_MKC_d7;30200;INTARIAN_PEPPER_ROOT;11595;22;11591;21;;;11605;21;11607;25;;;11600.0;0.0
yf_MKC_d7;30300;ASH_COATED_OSMIUM;9923;13;9919;14;;;9935;8;9939;19;;;9929.0;0.0
yf_MKC_d7;30300;INTARIAN_PEPPER_ROOT;11597;20;11595;16;;;11603;22;11606;9;;;11600.0;0.0
yf_MKC_d7;30400;ASH_COATED_OSMIUM;9926;12;9923;18;;;9932;17;9936;20;;;9929.0;0.0
yf_MKC_d7;30400;INTARIAN_PEPPER_ROOT;11599;11;11597;16;;;11605;13;11608;21;;;11602.0;0.0
yf_MKC_d7;30500;ASH_COATED_OSMIUM;9922;22;9919;16;;;9938;13;9942;33;;;9930.0;0.0
yf_MKC_d7;30500;INTARIAN_PEPPER_ROOT;11600;15;11598;9;;;11606;23;11608;21;;;11603.0;0.0
yf_MKC_d7;30600;ASH_COATED_OSMIUM;9926;13;9923;17;;;9932;11;9934;17;;;9929.0;0.0
yf_MKC_d7;30600;INTARIAN_PEPPER_ROOT;11600;10;11597;17;;;11606;19;11609;25;;;11603.0;0.0
yf_MKC_d7;30700;ASH_COATED_OSMIUM;9926;13;9922;16;;;9933;18;9937;19;;;9929.5;0.0
yf_MKC_d7;30700;INTARIAN_PEPPER_ROOT;11601;5;11597;14;;;11607;9;11609;19;;;11604.0;0.0
yf_MKC_d7;30800;ASH_COATED_OSMIUM;9926;19;9923;12;;;9932;13;9936;23;;;9929.0;0.0
yf_MKC_d7;30800;INTARIAN_PEPPER_ROOT;11601;9;11599;21;;;11607;16;11610;28;;;11604.0;0.0
yf_MKC_d7;30900;ASH_COATED_OSMIUM;9923;16;9921;18;;;9936;10;9938;33;;;9929.5;0.0
yf_MKC_d7;30900;INTARIAN_PEPPER_ROOT;11603;16;11600;10;;;11609;20;11611;17;;;11606.0;0.0
yf_MKC_d7;31000;ASH_COATED_OSMIUM;9923;14;9919;15;;;9934;20;9937;17;;;9928.5;0.0
yf_MKC_d7;31000;INTARIAN_PEPPER_ROOT;11604;13;11602;21;;;11610;13;11613;23;;;11607.0;0.0
yf_MKC_d7;31100;ASH_COATED_OSMIUM;9926;17;9922;10;;;9932;14;9936;20;;;9929.0;0.0
yf_MKC_d7;31100;INTARIAN_PEPPER_ROOT;11604;12;11600;23;;;11610;13;11614;12;;;11607.0;0.0
yf_MKC_d7;31200;ASH_COATED_OSMIUM;9926;25;9924;35;;;9932;17;9935;16;;;9929.0;0.0
yf_MKC_d7;31200;INTARIAN_PEPPER_ROOT;11605;17;11602;21;;;11611;12;11615;17;;;11608.0;0.0
yf_MKC_d7;31300;ASH_COATED_OSMIUM;9926;15;9923;13;;;9932;21;9934;27;;;9929.0;0.0
yf_MKC_d7;31300;INTARIAN_PEPPER_ROOT;11603;15;11600;9;;;11613;12;11617;13;;;11608.0;0.0
yf_MKC_d7;31400;ASH_COATED_OSMIUM;9920;23;9916;28;;;9936;9;9938;21;;;9928.0;0.0
yf_MKC_d7;31400;INTARIAN_PEPPER_ROOT;11607;12;11605;26;;;11613;14;11615;21;;;11610.0;0.0
yf_MKC_d7;31500;ASH_COATED_OSMIUM;9926;24;9923;14;;;9932;19;9934;23;;;9929.0;0.0
yf_MKC_d7;31500;INTARIAN_PEPPER_ROOT;11603;25;11601;17;;;11618;23;11621;16;;;11610.5;0.0
yf_MKC_d7;31600;ASH_COATED_OSMIUM;9919;22;9917;19;;;9939;14;9942;13;;;9929.0;0.0
yf_MKC_d7;31600;INTARIAN_PEPPER_ROOT;11608;15;11606;17;;;11614;9;11616;26;;;11611.0;0.0
yf_MKC_d7;31700;ASH_COATED_OSMIUM;9917;21;9915;21;;;9940;21;9943;10;;;9928.5;0.0
yf_MKC_d7;31700;INTARIAN_PEPPER_ROOT;11609;7;11607;19;;;11615;15;11618;15;;;11612.0;0.0
yf_MKC_d7;31800;ASH_COATED_OSMIUM;9926;12;9923;19;;;9932;9;9935;25;;;9929.0;0.0
yf_MKC_d7;31800;INTARIAN_PEPPER_ROOT;11607;5;11604;23;;;11619;18;11622;18;;;11613.0;0.0
yf_MKC_d7;31900;ASH_COATED_OSMIUM;9924;5;9920;16;;;9934;14;9936;24;;;9929.0;0.0
yf_MKC_d7;31900;INTARIAN_PEPPER_ROOT;11609;26;11605;16;;;11619;18;11622;15;;;11614.0;0.0
yf_MKC_d7;32000;ASH_COATED_OSMIUM;9925;22;9923;17;;;9931;6;9935;21;;;9928.0;0.0
yf_MKC_d7;32000;INTARIAN_PEPPER_ROOT;11611;29;11608;25;;;11618;19;11622;17;;;11614.5;0.0
yf_MKC_d7;32100;ASH_COATED_OSMIUM;9925;12;9921;14;;;9931;5;9933;24;;;9928.0;0.0
yf_MKC_d7;32100;INTARIAN_PEPPER_ROOT;11602;21;11598;27;;;11627;11;11629;23;;;11614.5;0.0
yf_MKC_d7;32200;ASH_COATED_OSMIUM;9924;15;9921;20;;;9933;12;9936;16;;;9928.5;0.0
yf_MKC_d7;32200;INTARIAN_PEPPER_ROOT;11606;16;11603;17;;;11626;20;11630;22;;;11616.0;0.0
yf_MKC_d7;32300;ASH_COATED_OSMIUM;9926;17;9923;24;;;9932;12;9934;21;;;9929.0;0.0
yf_MKC_d7;32300;INTARIAN_PEPPER_ROOT;11615;13;11613;20;;;11621;18;11623;24;;;11618.0;0.0
yf_MKC_d7;32400;ASH_COATED_OSMIUM;9925;10;9922;12;;;9931;25;9933;28;;;9928.0;0.0
yf_MKC_d7;32400;INTARIAN_PEPPER_ROOT;11615;12;11611;17;;;11621;21;11623;17;;;11618.0;0.0
yf_MKC_d7;32500;ASH_COATED_OSMIUM;9925;21;9921;18;;;9931;18;9935;17;;;9928.0;0.0
yf_MKC_d7;32500;INTARIAN_PEPPER_ROOT;11607;13;11604;13;;;11629;18;11633;20;;;11618.0;0.0
yf_MKC_d7;32600;ASH_COATED_OSMIUM;9922;17;9919;18;;;9936;11;9938;11;;;9929.0;0.0
yf_MKC_d7;32600;INTARIAN_PEPPER_ROOT;11614;17;11611;20;;;11624;10;11626;16;;;11619.0;0.0
yf_MKC_d7;32700;ASH_COATED_OSMIUM;9926;23;9923;11;;;9932;11;9936;17;;;9929.0;0.0
yf_MKC_d7;32700;INTARIAN_PEPPER_ROOT;11612;17;11608;15;;;11629;12;11632;19;;;11620.5;0.0
yf_MKC_d7;32800;ASH_COATED_OSMIUM;9926;14;9924;24;;;9932;11;9936;22;;;9929.0;0.0
yf_MKC_d7;32800;INTARIAN_PEPPER_ROOT;11618;20;11616;13;;;11624;5;11626;15;;;11621.0;0.0
yf_MKC_d7;32900;ASH_COATED_OSMIUM;9925;8;9922;25;;;9931;16;9935;13;;;9928.0;0.0
yf_MKC_d7;32900;INTARIAN_PEPPER_ROOT;11619;11;11617;21;;;11625;15;11627;18;;;11622.0;0.0
yf_MKC_d7;33000;ASH_COATED_OSMIUM;9926;5;9924;18;;;9932;17;9934;18;;;9929.0;0.0
yf_MKC_d7;33000;INTARIAN_PEPPER_ROOT;11618;7;11614;16;;;11626;14;11629;21;;;11622.0;0.0
yf_MKC_d7;33100;ASH_COATED_OSMIUM;9924;18;9920;15;;;9932;20;9935;27;;;9928.0;0.0
yf_MKC_d7;33100;INTARIAN_PEPPER_ROOT;11619;14;11616;24;;;11630;8;11633;16;;;11624.5;0.0
yf_MKC_d7;33200;ASH_COATED_OSMIUM;9923;11;9919;22;;;9934;15;9937;10;;;9928.5;0.0
yf_MKC_d7;33200;INTARIAN_PEPPER_ROOT;11615;14;11613;22;;;11634;10;11638;21;;;11624.5;0.0
yf_MKC_d7;33300;ASH_COATED_OSMIUM;9926;15;9922;24;;;9932;23;9935;22;;;9929.0;0.0
yf_MKC_d7;33300;INTARIAN_PEPPER_ROOT;11622;6;11619;18;;;11628;20;11632;12;;;11625.0;0.0
yf_MKC_d7;33400;ASH_COATED_OSMIUM;9921;13;9919;21;;;9936;13;9938;18;;;9928.5;0.0
yf_MKC_d7;33400;INTARIAN_PEPPER_ROOT;11623;7;11621;23;;;11629;10;11631;12;;;11626.0;0.0
yf_MKC_d7;33500;ASH_COATED_OSMIUM;9925;16;9922;17;;;9931;23;9935;25;;;9928.0;0.0
yf_MKC_d7;33500;INTARIAN_PEPPER_ROOT;11618;10;11614;29;;;11635;11;11639;18;;;11626.5;0.0
yf_MKC_d7;33600;ASH_COATED_OSMIUM;9921;11;9919;21;;;9935;13;9939;19;;;9928.0;0.0
yf_MKC_d7;33600;INTARIAN_PEPPER_ROOT;11597;19;11593;13;;;11657;17;11659;20;;;11627.0;0.0
yf_MKC_d7;33700;ASH_COATED_OSMIUM;9925;11;9922;14;;;9932;15;9935;20;;;9928.5;0.0
yf_MKC_d7;33700;INTARIAN_PEPPER_ROOT;11625;27;11621;24;;;11631;15;11635;22;;;11628.0;0.0
yf_MKC_d7;33800;ASH_COATED_OSMIUM;9925;11;9922;25;;;9931;6;9934;27;;;9928.0;0.0
yf_MKC_d7;33800;INTARIAN_PEPPER_ROOT;11623;11;11621;25;;;11635;12;11637;30;;;11629.0;0.0
yf_MKC_d7;33900;ASH_COATED_OSMIUM;9925;7;9922;17;;;9931;13;9934;19;;;9928.0;0.0
yf_MKC_d7;33900;INTARIAN_PEPPER_ROOT;11616;13;11612;12;;;11644;9;11647;25;;;11630.0;0.0
yf_MKC_d7;34000;ASH_COATED_OSMIUM;9924;20;9921;23;;;9932;14;9934;8;;;9928.0;0.0
yf_MKC_d7;34000;INTARIAN_PEPPER_ROOT;11628;16;11624;20;;;11634;18;11637;23;;;11631.0;0.0
yf_MKC_d7;34100;ASH_COATED_OSMIUM;9925;15;9923;18;;;9931;9;9933;15;;;9928.0;0.0
yf_MKC_d7;34100;INTARIAN_PEPPER_ROOT;11629;22;11625;24;;;11635;23;11637;8;;;11632.0;0.0
yf_MKC_d7;34200;ASH_COATED_OSMIUM;9921;19;9918;27;;;9936;16;9940;14;;;9928.5;0.0
yf_MKC_d7;34200;INTARIAN_PEPPER_ROOT;11631;15;11628;18;;;11637;15;11640;17;;;11634.0;0.0
yf_MKC_d7;34300;ASH_COATED_OSMIUM;9925;14;9923;10;;;9931;10;9933;20;;;9928.0;0.0
yf_MKC_d7;34300;INTARIAN_PEPPER_ROOT;11624;9;11620;25;;;11646;5;11650;23;;;11635.0;0.0
yf_MKC_d7;34400;ASH_COATED_OSMIUM;9923;13;9919;13;;;9933;16;9937;16;;;9928.0;0.0
yf_MKC_d7;34400;INTARIAN_PEPPER_ROOT;11634;13;11632;26;;;11640;24;11642;13;;;11637.0;0.0
yf_MKC_d7;34500;ASH_COATED_OSMIUM;9925;9;9921;21;;;9932;15;9935;20;;;9928.5;0.0
yf_MKC_d7;34500;INTARIAN_PEPPER_ROOT;11627;22;11624;17;;;11649;16;11653;17;;;11638.0;0.0
yf_MKC_d7;34600;ASH_COATED_OSMIUM;9908;22;9905;16;;;9949;8;9953;14;;;9928.5;0.0
yf_MKC_d7;34600;INTARIAN_PEPPER_ROOT;11637;13;11635;25;;;11643;15;11645;30;;;11640.0;0.0
yf_MKC_d7;34700;ASH_COATED_OSMIUM;9923;15;9919;12;;;9935;8;9938;20;;;9929.0;0.0
yf_MKC_d7;34700;INTARIAN_PEPPER_ROOT;11637;9;11635;12;;;11644;12;11648;27;;;11640.5;0.0
yf_MKC_d7;34800;ASH_COATED_OSMIUM;9921;9;9919;21;;;9936;14;9939;18;;;9928.5;0.0
yf_MKC_d7;34800;INTARIAN_PEPPER_ROOT;11639;16;11636;21;;;11645;19;11649;11;;;11642.0;0.0
yf_MKC_d7;34900;ASH_COATED_OSMIUM;9926;7;9924;18;;;9932;6;9936;14;;;9929.0;0.0
yf_MKC_d7;34900;INTARIAN_PEPPER_ROOT;11641;6;11638;20;;;11647;19;11649;14;;;11644.0;0.0
yf_MKC_d7;35000;ASH_COATED_OSMIUM;9926;14;9923;19;;;9932;15;9934;15;;;9929.0;0.0
yf_MKC_d7;35000;INTARIAN_PEPPER_ROOT;11642;9;11639;21;;;11648;14;11652;20;;;11645.0;0.0
yf_MKC_d7;35100;ASH_COATED_OSMIUM;9925;7;9921;28;;;9932;12;9936;13;;;9928.5;0.0
yf_MKC_d7;35100;INTARIAN_PEPPER_ROOT;11642;9;11639;23;;;11649;19;11653;25;;;11645.5;0.0
yf_MKC_d7;35200;ASH_COATED_OSMIUM;9920;18;9917;24;;;9937;18;9941;19;;;9928.5;0.0
yf_MKC_d7;35200;INTARIAN_PEPPER_ROOT;11644;6;11642;22;;;11650;13;11652;25;;;11647.0;0.0
yf_MKC_d7;35300;ASH_COATED_OSMIUM;9926;19;9923;15;;;9932;16;9936;19;;;9929.0;0.0
yf_MKC_d7;35300;INTARIAN_PEPPER_ROOT;11641;15;11638;33;;;11656;16;11660;23;;;11648.5;0.0
yf_MKC_d7;35400;ASH_COATED_OSMIUM;9921;5;9918;22;;;9937;9;9939;27;;;9929.0;0.0
yf_MKC_d7;35400;INTARIAN_PEPPER_ROOT;11647;16;11643;22;;;11653;9;11656;25;;;11650.0;0.0
yf_MKC_d7;35500;ASH_COATED_OSMIUM;9926;22;9922;16;;;9932;15;9934;23;;;9929.0;0.0
yf_MKC_d7;35500;INTARIAN_PEPPER_ROOT;11637;14;11635;21;;;11665;5;11669;21;;;11651.0;0.0
yf_MKC_d7;35600;ASH_COATED_OSMIUM;9919;15;9917;13;;;9940;14;9944;26;;;9929.5;0.0
yf_MKC_d7;35600;INTARIAN_PEPPER_ROOT;11648;17;11646;19;;;11658;13;11661;22;;;11653.0;0.0
yf_MKC_d7;35700;ASH_COATED_OSMIUM;9924;16;9922;29;;;9935;12;9938;32;;;9929.5;0.0
yf_MKC_d7;35700;INTARIAN_PEPPER_ROOT;11652;17;11648;21;;;11658;15;11662;31;;;11655.0;0.0
yf_MKC_d7;35800;ASH_COATED_OSMIUM;9924;14;9921;25;;;9933;16;9937;23;;;9928.5;0.0
yf_MKC_d7;35800;INTARIAN_PEPPER_ROOT;11652;15;11648;14;;;11659;8;11661;19;;;11655.5;0.0
yf_MKC_d7;35900;ASH_COATED_OSMIUM;9926;10;9922;24;;;9932;12;9934;21;;;9929.0;0.0
yf_MKC_d7;35900;INTARIAN_PEPPER_ROOT;11649;14;11646;15;;;11665;12;11669;24;;;11657.0;0.0
yf_MKC_d7;36000;ASH_COATED_OSMIUM;9927;5;9924;26;;;9933;9;9935;17;;;9930.0;0.0
yf_MKC_d7;36000;INTARIAN_PEPPER_ROOT;11655;23;11652;22;;;11661;21;11663;20;;;11658.0;0.0
yf_MKC_d7;36100;ASH_COATED_OSMIUM;9916;20;9914;17;;;9942;11;9946;23;;;9929.0;0.0
yf_MKC_d7;36100;INTARIAN_PEPPER_ROOT;11657;14;11654;15;;;11663;15;11666;21;;;11660.0;0.0
yf_MKC_d7;36200;ASH_COATED_OSMIUM;9919;12;9915;13;;;9939;12;9941;14;;;9929.0;0.0
yf_MKC_d7;36200;INTARIAN_PEPPER_ROOT;11658;10;11654;18;;;11665;5;11668;18;;;11661.5;0.0
yf_MKC_d7;36300;ASH_COATED_OSMIUM;9927;15;9924;21;;;9933;15;9937;26;;;9930.0;0.0
yf_MKC_d7;36300;INTARIAN_PEPPER_ROOT;11660;8;11657;8;;;11666;11;11669;22;;;11663.0;0.0
yf_MKC_d7;36400;ASH_COATED_OSMIUM;9920;14;9918;18;;;9938;17;9941;31;;;9929.0;0.0
yf_MKC_d7;36400;INTARIAN_PEPPER_ROOT;11661;19;11659;17;;;11667;16;11669;19;;;11664.0;0.0
yf_MKC_d7;36500;ASH_COATED_OSMIUM;9926;14;9922;18;;;9932;10;9935;21;;;9929.0;0.0
yf_MKC_d7;36500;INTARIAN_PEPPER_ROOT;11656;14;11652;15;;;11674;10;11678;13;;;11665.0;0.0
yf_MKC_d7;36600;ASH_COATED_OSMIUM;9924;16;9921;20;;;9934;15;9938;21;;;9929.0;0.0
yf_MKC_d7;36600;INTARIAN_PEPPER_ROOT;11663;15;11661;18;;;11670;14;11672;23;;;11666.5;0.0
yf_MKC_d7;36700;ASH_COATED_OSMIUM;9927;16;9925;23;;;9933;27;9936;19;;;9930.0;0.0
yf_MKC_d7;36700;INTARIAN_PEPPER_ROOT;11661;15;11659;21;;;11674;13;11678;22;;;11667.5;0.0
yf_MKC_d7;36800;ASH_COATED_OSMIUM;9927;8;9923;13;;;9933;12;9935;22;;;9930.0;0.0
yf_MKC_d7;36800;INTARIAN_PEPPER_ROOT;11666;13;11663;28;;;11672;12;11674;17;;;11669.0;0.0
yf_MKC_d7;36900;ASH_COATED_OSMIUM;9901;7;9897;15;;;9958;17;9962;23;;;9929.5;0.0
yf_MKC_d7;36900;INTARIAN_PEPPER_ROOT;11668;5;11664;23;;;11674;7;11678;11;;;11671.0;0.0
yf_MKC_d7;37000;ASH_COATED_OSMIUM;9920;21;9918;22;;;9939;12;9941;17;;;9929.5;0.0
yf_MKC_d7;37000;INTARIAN_PEPPER_ROOT;11669;14;11665;21;;;11675;16;11677;9;;;11672.0;0.0
yf_MKC_d7;37100;ASH_COATED_OSMIUM;9927;10;9924;28;;;9933;19;9935;20;;;9930.0;0.0
yf_MKC_d7;37100;INTARIAN_PEPPER_ROOT;11671;24;11668;26;;;11677;14;11680;22;;;11674.0;0.0
yf_MKC_d7;37200;ASH_COATED_OSMIUM;9925;22;9923;32;;;9933;24;9937;16;;;9929.0;0.0
yf_MKC_d7;37200;INTARIAN_PEPPER_ROOT;11672;13;11669;13;;;11678;5;11680;20;;;11675.0;0.0
yf_MKC_d7;37300;ASH_COATED_OSMIUM;9925;7;9923;21;;;9934;20;9937;23;;;9929.5;0.0
yf_MKC_d7;37300;INTARIAN_PEPPER_ROOT;11673;19;11670;17;;;11679;11;11681;20;;;11676.0;0.0
yf_MKC_d7;37400;ASH_COATED_OSMIUM;9920;17;9916;17;;;9939;22;9943;20;;;9929.5;0.0
yf_MKC_d7;37400;INTARIAN_PEPPER_ROOT;11675;18;11673;20;;;11681;25;11685;26;;;11678.0;0.0
yf_MKC_d7;37500;ASH_COATED_OSMIUM;9926;18;9924;10;;;9933;10;9935;18;;;9929.5;0.0
yf_MKC_d7;37500;INTARIAN_PEPPER_ROOT;11676;19;11673;9;;;11682;17;11684;23;;;11679.0;0.0
yf_MKC_d7;37600;ASH_COATED_OSMIUM;9927;14;9923;17;;;9933;11;9937;21;;;9930.0;0.0
yf_MKC_d7;37600;INTARIAN_PEPPER_ROOT;11677;8;11673;24;;;11684;14;11687;22;;;11680.5;0.0
yf_MKC_d7;37700;ASH_COATED_OSMIUM;9909;21;9907;16;;;9951;11;9953;26;;;9930.0;0.0
yf_MKC_d7;37700;INTARIAN_PEPPER_ROOT;11678;12;11676;13;;;11686;14;11689;21;;;11682.0;0.0
yf_MKC_d7;37800;ASH_COATED_OSMIUM;9927;8;9924;21;;;9933;19;9936;23;;;9930.0;0.0
yf_MKC_d7;37800;INTARIAN_PEPPER_ROOT;11680;21;11676;20;;;11686;10;11690;20;;;11683.0;0.0
yf_MKC_d7;37900;ASH_COATED_OSMIUM;9927;15;9923;28;;;9933;19;9936;20;;;9930.0;0.0
yf_MKC_d7;37900;INTARIAN_PEPPER_ROOT;11682;14;11679;23;;;11688;20;11690;23;;;11685.0;0.0
yf_MKC_d7;38000;ASH_COATED_OSMIUM;9927;11;9923;20;;;9933;12;9936;32;;;9930.0;0.0
yf_MKC_d7;38000;INTARIAN_PEPPER_ROOT;11671;18;11667;21;;;11700;15;11702;30;;;11685.5;0.0
yf_MKC_d7;38100;ASH_COATED_OSMIUM;9918;9;9914;19;;;9942;24;9946;20;;;9930.0;0.0
yf_MKC_d7;38100;INTARIAN_PEPPER_ROOT;11685;9;11681;20;;;11691;15;11695;28;;;11688.0;0.0
yf_MKC_d7;38200;ASH_COATED_OSMIUM;9927;20;9925;13;;;9933;7;9935;22;;;9930.0;0.0
yf_MKC_d7;38200;INTARIAN_PEPPER_ROOT;11681;12;11679;23;;;11695;19;11697;10;;;11688.0;0.0
yf_MKC_d7;38300;ASH_COATED_OSMIUM;9923;15;9921;28;;;9938;24;9940;20;;;9930.5;0.0
yf_MKC_d7;38300;INTARIAN_PEPPER_ROOT;11687;5;11685;30;;;11693;19;11695;11;;;11690.0;0.0
yf_MKC_d7;38400;ASH_COATED_OSMIUM;9927;18;9923;15;;;9933;15;9935;19;;;9930.0;0.0
yf_MKC_d7;38400;INTARIAN_PEPPER_ROOT;11685;12;11682;26;;;11698;10;11702;19;;;11691.5;0.0
yf_MKC_d7;38500;ASH_COATED_OSMIUM;9927;22;9925;18;;;9933;9;9936;26;;;9930.0;0.0
yf_MKC_d7;38500;INTARIAN_PEPPER_ROOT;11690;19;11688;16;;;11696;17;11698;22;;;11693.0;0.0
yf_MKC_d7;38600;ASH_COATED_OSMIUM;9928;14;9924;21;;;9934;18;9936;16;;;9931.0;0.0
yf_MKC_d7;38600;INTARIAN_PEPPER_ROOT;11681;8;11678;20;;;11705;19;11709;33;;;11693.0;0.0
yf_MKC_d7;38700;ASH_COATED_OSMIUM;9927;11;9925;20;;;9933;18;9937;13;;;9930.0;0.0
yf_MKC_d7;38700;INTARIAN_PEPPER_ROOT;11692;20;11688;16;;;11698;8;11700;18;;;11695.0;0.0
yf_MKC_d7;38800;ASH_COATED_OSMIUM;9927;8;9925;21;;;9933;18;9936;11;;;9930.0;0.0
yf_MKC_d7;38800;INTARIAN_PEPPER_ROOT;11694;17;11691;25;;;11700;17;11704;22;;;11697.0;0.0
yf_MKC_d7;38900;ASH_COATED_OSMIUM;9927;10;9925;19;;;9933;16;9936;13;;;9930.0;0.0
yf_MKC_d7;38900;INTARIAN_PEPPER_ROOT;11694;11;11690;20;;;11701;11;11704;15;;;11697.5;0.0
yf_MKC_d7;39000;ASH_COATED_OSMIUM;9923;12;9920;21;;;9938;16;9941;30;;;9930.5;0.0
yf_MKC_d7;39000;INTARIAN_PEPPER_ROOT;11691;14;11689;12;;;11709;12;11712;28;;;11700.0;0.0
yf_MKC_d7;39100;ASH_COATED_OSMIUM;9928;18;9925;16;;;9934;12;9936;23;;;9931.0;0.0
yf_MKC_d7;39100;INTARIAN_PEPPER_ROOT;11698;18;11695;17;;;11704;19;11708;20;;;11701.0;0.0
yf_MKC_d7;39200;ASH_COATED_OSMIUM;9923;22;9919;16;;;9937;19;9941;26;;;9930.0;0.0
yf_MKC_d7;39200;INTARIAN_PEPPER_ROOT;11700;12;11697;30;;;11706;7;11708;22;;;11703.0;0.0
yf_MKC_d7;39300;ASH_COATED_OSMIUM;9926;14;9923;8;;;9936;14;9938;21;;;9931.0;0.0
yf_MKC_d7;39300;INTARIAN_PEPPER_ROOT;11700;16;11696;13;;;11706;22;11709;21;;;11703.0;0.0
yf_MKC_d7;39400;ASH_COATED_OSMIUM;9913;20;9910;16;;;9947;23;9950;15;;;9930.0;0.0
yf_MKC_d7;39400;INTARIAN_PEPPER_ROOT;11700;13;11697;22;;;11709;20;11712;18;;;11704.5;0.0
yf_MKC_d7;39500;ASH_COATED_OSMIUM;9927;19;9925;14;;;9933;20;9936;20;;;9930.0;0.0
yf_MKC_d7;39500;INTARIAN_PEPPER_ROOT;11700;15;11696;30;;;11711;15;11714;17;;;11705.5;0.0
yf_MKC_d7;39600;ASH_COATED_OSMIUM;9928;21;9925;21;;;9934;17;9936;22;;;9931.0;0.0
yf_MKC_d7;39600;INTARIAN_PEPPER_ROOT;11704;10;11700;18;;;11710;8;11714;19;;;11707.0;0.0
yf_MKC_d7;39700;ASH_COATED_OSMIUM;9928;10;9925;14;;;9934;11;9937;13;;;9931.0;0.0
yf_MKC_d7;39700;INTARIAN_PEPPER_ROOT;11700;15;11697;20;;;11717;15;11720;24;;;11708.5;0.0
yf_MKC_d7;39800;ASH_COATED_OSMIUM;9928;8;9924;8;;;9934;5;9938;16;;;9931.0;0.0
yf_MKC_d7;39800;INTARIAN_PEPPER_ROOT;11702;6;11698;25;;;11718;15;11721;16;;;11710.0;0.0
yf_MKC_d7;39900;ASH_COATED_OSMIUM;9928;19;9926;26;;;9934;12;9938;18;;;9931.0;0.0
yf_MKC_d7;39900;INTARIAN_PEPPER_ROOT;11709;21;11705;19;;;11715;7;11717;14;;;11712.0;0.0
yf_MKC_d7;40000;ASH_COATED_OSMIUM;9922;12;9918;17;;;9939;16;9941;19;;;9930.5;0.0
yf_MKC_d7;40000;INTARIAN_PEPPER_ROOT;11710;15;11706;23;;;11716;17;11718;31;;;11713.0;0.0
yf_MKC_d7;40100;ASH_COATED_OSMIUM;9928;12;9926;13;;;9934;15;9938;9;;;9931.0;0.0
yf_MKC_d7;40100;INTARIAN_PEPPER_ROOT;11712;15;11708;25;;;11718;20;11722;22;;;11715.0;0.0
yf_MKC_d7;40200;ASH_COATED_OSMIUM;9928;10;9925;19;;;9934;17;9936;8;;;9931.0;0.0
yf_MKC_d7;40200;INTARIAN_PEPPER_ROOT;11713;16;11711;20;;;11719;13;11723;21;;;11716.0;0.0
yf_MKC_d7;40300;ASH_COATED_OSMIUM;9925;19;9923;24;;;9938;8;9941;18;;;9931.5;0.0
yf_MKC_d7;40300;INTARIAN_PEPPER_ROOT;11712;19;11709;20;;;11723;6;11727;24;;;11717.5;0.0
yf_MKC_d7;40400;ASH_COATED_OSMIUM;9922;20;9918;32;;;9940;21;9942;17;;;9931.0;0.0
yf_MKC_d7;40400;INTARIAN_PEPPER_ROOT;11713;13;11711;8;;;11724;9;11726;15;;;11718.5;0.0
yf_MKC_d7;40500;ASH_COATED_OSMIUM;9928;16;9926;30;;;9934;16;9937;17;;;9931.0;0.0
yf_MKC_d7;40500;INTARIAN_PEPPER_ROOT;11716;21;11712;15;;;11722;14;11726;27;;;11719.0;0.0
yf_MKC_d7;40600;ASH_COATED_OSMIUM;9927;13;9925;22;;;9935;15;9939;23;;;9931.0;0.0
yf_MKC_d7;40600;INTARIAN_PEPPER_ROOT;11719;13;11717;21;;;11725;18;11728;22;;;11722.0;0.0
yf_MKC_d7;40700;ASH_COATED_OSMIUM;9928;20;9924;20;;;9934;17;9937;15;;;9931.0;0.0
yf_MKC_d7;40700;INTARIAN_PEPPER_ROOT;11710;8;11706;16;;;11735;11;11738;27;;;11722.5;0.0
yf_MKC_d7;40800;ASH_COATED_OSMIUM;9926;30;9924;22;;;9936;14;9940;30;;;9931.0;0.0
yf_MKC_d7;40800;INTARIAN_PEPPER_ROOT;11710;13;11708;18;;;11738;9;11741;22;;;11724.0;0.0
yf_MKC_d7;40900;ASH_COATED_OSMIUM;9928;5;9925;21;;;9934;19;9936;24;;;9931.0;0.0
yf_MKC_d7;40900;INTARIAN_PEPPER_ROOT;11722;10;11719;20;;;11728;18;11732;23;;;11725.0;0.0
yf_MKC_d7;41000;ASH_COATED_OSMIUM;9926;18;9923;19;;;9935;17;9939;27;;;9930.5;0.0
yf_MKC_d7;41000;INTARIAN_PEPPER_ROOT;11724;9;11720;21;;;11730;11;11732;17;;;11727.0;0.0
yf_MKC_d7;41100;ASH_COATED_OSMIUM;9927;21;9924;22;;;9936;12;9939;23;;;9931.5;0.0
yf_MKC_d7;41100;INTARIAN_PEPPER_ROOT;11723;27;11719;16;;;11733;17;11735;20;;;11728.0;0.0
yf_MKC_d7;41200;ASH_COATED_OSMIUM;9928;20;9925;25;;;9934;17;9938;16;;;9931.0;0.0
yf_MKC_d7;41200;INTARIAN_PEPPER_ROOT;11724;14;11721;17;;;11735;11;11738;18;;;11729.5;0.0
yf_MKC_d7;41300;ASH_COATED_OSMIUM;9928;12;9924;21;;;9934;8;9938;18;;;9931.0;0.0
yf_MKC_d7;41300;INTARIAN_PEPPER_ROOT;11728;18;11724;17;;;11734;17;11738;22;;;11731.0;0.0
yf_MKC_d7;41400;ASH_COATED_OSMIUM;9927;13;9923;27;;;9935;15;9939;19;;;9931.0;0.0
yf_MKC_d7;41400;INTARIAN_PEPPER_ROOT;11727;20;11725;25;;;11737;19;11741;21;;;11732.0;0.0
yf_MKC_d7;41500;ASH_COATED_OSMIUM;9924;13;9922;25;;;9938;17;9942;14;;;9931.0;0.0
yf_MKC_d7;41500;INTARIAN_PEPPER_ROOT;11730;12;11728;24;;;11736;11;11738;12;;;11733.0;0.0
yf_MKC_d7;41600;ASH_COATED_OSMIUM;9925;16;9923;16;;;9937;23;9939;25;;;9931.0;0.0
yf_MKC_d7;41600;INTARIAN_PEPPER_ROOT;11730;17;11727;26;;;11740;15;11742;23;;;11735.0;0.0
yf_MKC_d7;41700;ASH_COATED_OSMIUM;9918;23;9915;20;;;9944;16;9946;32;;;9931.0;0.0
yf_MKC_d7;41700;INTARIAN_PEPPER_ROOT;11729;12;11727;18;;;11743;18;11746;18;;;11736.0;0.0
yf_MKC_d7;41800;ASH_COATED_OSMIUM;9928;14;9926;18;;;9934;11;9938;23;;;9931.0;0.0
yf_MKC_d7;41800;INTARIAN_PEPPER_ROOT;11730;17;11728;19;;;11744;11;11748;19;;;11737.0;0.0
yf_MKC_d7;41900;ASH_COATED_OSMIUM;9929;20;9927;22;;;9935;22;9939;15;;;9932.0;0.0
yf_MKC_d7;41900;INTARIAN_PEPPER_ROOT;11736;5;11733;16;;;11742;7;11744;20;;;11739.0;0.0
yf_MKC_d7;42000;ASH_COATED_OSMIUM;9927;21;9925;17;;;9936;19;9938;18;;;9931.5;0.0
yf_MKC_d7;42000;INTARIAN_PEPPER_ROOT;11737;8;11735;24;;;11744;9;11748;12;;;11740.5;0.0
yf_MKC_d7;42100;ASH_COATED_OSMIUM;9929;13;9927;19;;;9935;21;9939;22;;;9932.0;0.0
yf_MKC_d7;42100;INTARIAN_PEPPER_ROOT;11739;10;11736;24;;;11745;14;11749;15;;;11742.0;0.0
yf_MKC_d7;42200;ASH_COATED_OSMIUM;9927;17;9925;12;;;9936;13;9940;26;;;9931.5;0.0
yf_MKC_d7;42200;INTARIAN_PEPPER_ROOT;11740;19;11736;27;;;11746;19;11749;26;;;11743.0;0.0
yf_MKC_d7;42300;ASH_COATED_OSMIUM;9929;14;9927;27;;;9935;13;9938;18;;;9932.0;0.0
yf_MKC_d7;42300;INTARIAN_PEPPER_ROOT;11741;21;11739;17;;;11747;11;11749;19;;;11744.0;0.0
yf_MKC_d7;42400;ASH_COATED_OSMIUM;9929;13;9925;17;;;9935;14;9939;20;;;9932.0;0.0
yf_MKC_d7;42400;INTARIAN_PEPPER_ROOT;11743;22;11741;20;;;11749;17;11751;21;;;11746.0;0.0
yf_MKC_d7;42500;ASH_COATED_OSMIUM;9925;15;9921;23;;;9939;9;9941;20;;;9932.0;0.0
yf_MKC_d7;42500;INTARIAN_PEPPER_ROOT;11743;10;11740;29;;;11753;19;11757;23;;;11748.0;0.0
yf_MKC_d7;42600;ASH_COATED_OSMIUM;9928;9;9926;15;;;9934;10;9938;14;;;9931.0;0.0
yf_MKC_d7;42600;INTARIAN_PEPPER_ROOT;11745;17;11742;21;;;11751;20;11755;14;;;11748.0;0.0
yf_MKC_d7;42700;ASH_COATED_OSMIUM;9928;17;9925;12;;;9936;11;9939;15;;;9932.0;0.0
yf_MKC_d7;42700;INTARIAN_PEPPER_ROOT;11739;16;11735;12;;;11761;9;11765;14;;;11750.0;0.0
yf_MKC_d7;42800;ASH_COATED_OSMIUM;9929;11;9925;22;;;9935;18;9937;17;;;9932.0;0.0
yf_MKC_d7;42800;INTARIAN_PEPPER_ROOT;11745;22;11741;20;;;11757;14;11761;27;;;11751.0;0.0
yf_MKC_d7;42900;ASH_COATED_OSMIUM;9929;8;9927;18;;;9935;16;9939;26;;;9932.0;0.0
yf_MKC_d7;42900;INTARIAN_PEPPER_ROOT;11749;8;11747;27;;;11755;20;11757;13;;;11752.0;0.0
yf_MKC_d7;43000;ASH_COATED_OSMIUM;9930;5;9928;21;;;9936;19;9939;14;;;9933.0;0.0
yf_MKC_d7;43000;INTARIAN_PEPPER_ROOT;11750;14;11748;12;;;11758;8;11762;19;;;11754.0;0.0
yf_MKC_d7;43100;ASH_COATED_OSMIUM;9925;13;9922;23;;;9939;15;9942;20;;;9932.0;0.0
yf_MKC_d7;43100;INTARIAN_PEPPER_ROOT;11752;13;11748;12;;;11758;19;11762;25;;;11755.0;0.0
yf_MKC_d7;43200;ASH_COATED_OSMIUM;9929;20;9925;20;;;9935;15;9939;14;;;9932.0;0.0
yf_MKC_d7;43200;INTARIAN_PEPPER_ROOT;11745;14;11741;24;;;11769;23;11771;15;;;11757.0;0.0
yf_MKC_d7;43300;ASH_COATED_OSMIUM;9929;10;9925;19;;;9935;18;9938;19;;;9932.0;0.0
yf_MKC_d7;43300;INTARIAN_PEPPER_ROOT;11755;8;11752;21;;;11761;19;11765;22;;;11758.0;0.0
yf_MKC_d7;43400;ASH_COATED_OSMIUM;9929;11;9925;22;;;9935;14;9937;17;;;9932.0;0.0
yf_MKC_d7;43400;INTARIAN_PEPPER_ROOT;11756;14;11752;13;;;11763;11;11765;16;;;11759.5;0.0
yf_MKC_d7;43500;ASH_COATED_OSMIUM;9928;25;9924;25;;;9937;10;9940;23;;;9932.5;0.0
yf_MKC_d7;43500;INTARIAN_PEPPER_ROOT;11757;14;11754;30;;;11765;17;11767;18;;;11761.0;0.0
yf_MKC_d7;43600;ASH_COATED_OSMIUM;9929;19;9926;18;;;9935;5;9937;22;;;9932.0;0.0
yf_MKC_d7;43600;INTARIAN_PEPPER_ROOT;11759;16;11756;27;;;11765;13;11767;18;;;11762.0;0.0
yf_MKC_d7;43700;ASH_COATED_OSMIUM;9930;17;9928;19;;;9936;13;9938;20;;;9933.0;0.0
yf_MKC_d7;43700;INTARIAN_PEPPER_ROOT;11760;8;11757;23;;;11766;13;11770;19;;;11763.0;0.0
yf_MKC_d7;43800;ASH_COATED_OSMIUM;9929;15;9925;12;;;9935;18;9938;22;;;9932.0;0.0
yf_MKC_d7;43800;INTARIAN_PEPPER_ROOT;11761;15;11758;16;;;11770;21;11773;25;;;11765.5;0.0
yf_MKC_d7;43900;ASH_COATED_OSMIUM;9922;11;9919;21;;;9943;14;9945;17;;;9932.5;0.0
yf_MKC_d7;43900;INTARIAN_PEPPER_ROOT;11762;10;11760;16;;;11771;21;11774;14;;;11766.5;0.0
yf_MKC_d7;44000;ASH_COATED_OSMIUM;9928;18;9925;25;;;9938;15;9942;15;;;9933.0;0.0
yf_MKC_d7;44000;INTARIAN_PEPPER_ROOT;11764;15;11760;22;;;11770;13;11774;15;;;11767.0;0.0
yf_MKC_d7;44100;ASH_COATED_OSMIUM;9929;8;9925;31;;;9936;8;9940;26;;;9932.5;0.0
yf_MKC_d7;44100;INTARIAN_PEPPER_ROOT;11766;13;11763;17;;;11772;16;11776;22;;;11769.0;0.0
yf_MKC_d7;44200;ASH_COATED_OSMIUM;9930;9;9928;20;;;9936;16;9939;19;;;9933.0;0.0
yf_MKC_d7;44200;INTARIAN_PEPPER_ROOT;11765;10;11761;11;;;11775;8;11778;13;;;11770.0;0.0
yf_MKC_d7;44300;ASH_COATED_OSMIUM;9929;20;9925;14;;;9935;6;9939;14;;;9932.0;0.0
yf_MKC_d7;44300;INTARIAN_PEPPER_ROOT;11767;18;11764;18;;;11776;11;11778;13;;;11771.5;0.0
yf_MKC_d7;44400;ASH_COATED_OSMIUM;9929;15;9925;20;;;9935;16;9938;11;;;9932.0;0.0
yf_MKC_d7;44400;INTARIAN_PEPPER_ROOT;11770;21;11766;26;;;11776;18;11779;22;;;11773.0;0.0
yf_MKC_d7;44500;ASH_COATED_OSMIUM;9930;25;9927;18;;;9936;13;9940;22;;;9933.0;0.0
yf_MKC_d7;44500;INTARIAN_PEPPER_ROOT;11763;15;11759;17;;;11787;10;11791;27;;;11775.0;0.0
yf_MKC_d7;44600;ASH_COATED_OSMIUM;9930;5;9928;12;;;9936;11;9940;16;;;9933.0;0.0
yf_MKC_d7;44600;INTARIAN_PEPPER_ROOT;11772;20;11768;22;;;11780;15;11782;19;;;11776.0;0.0
yf_MKC_d7;44700;ASH_COATED_OSMIUM;9915;22;9911;8;;;9950;15;9952;17;;;9932.5;0.0
yf_MKC_d7;44700;INTARIAN_PEPPER_ROOT;11772;16;11768;21;;;11782;24;11786;17;;;11777.0;0.0
yf_MKC_d7;44800;ASH_COATED_OSMIUM;9927;5;9923;24;;;9938;12;9942;23;;;9932.5;0.0
yf_MKC_d7;44800;INTARIAN_PEPPER_ROOT;11775;17;11772;18;;;11781;23;11783;23;;;11778.0;0.0
yf_MKC_d7;44900;ASH_COATED_OSMIUM;9930;8;9928;12;;;9936;8;9940;19;;;9933.0;0.0
yf_MKC_d7;44900;INTARIAN_PEPPER_ROOT;11777;21;11773;23;;;11783;20;11785;23;;;11780.0;0.0
yf_MKC_d7;45000;ASH_COATED_OSMIUM;9930;14;9926;25;;;9936;11;9938;15;;;9933.0;0.0
yf_MKC_d7;45000;INTARIAN_PEPPER_ROOT;11778;23;11776;16;;;11784;20;11786;24;;;11781.0;0.0
yf_MKC_d7;45100;ASH_COATED_OSMIUM;9929;5;9927;25;;;9935;20;9937;15;;;9932.0;0.0
yf_MKC_d7;45100;INTARIAN_PEPPER_ROOT;11776;10;11773;21;;;11789;9;11791;12;;;11782.5;0.0
yf_MKC_d7;45200;ASH_COATED_OSMIUM;9928;17;9924;17;;;9937;16;9939;13;;;9932.5;0.0
yf_MKC_d7;45200;INTARIAN_PEPPER_ROOT;11773;16;11769;20;;;11795;13;11798;27;;;11784.0;0.0
yf_MKC_d7;45300;ASH_COATED_OSMIUM;9928;11;9924;11;;;9939;17;9943;22;;;9933.5;0.0
yf_MKC_d7;45300;INTARIAN_PEPPER_ROOT;11779;23;11777;26;;;11792;18;11796;18;;;11785.5;0.0
yf_MKC_d7;45400;ASH_COATED_OSMIUM;9931;17;9929;19;;;9937;11;9939;23;;;9934.0;0.0
yf_MKC_d7;45400;INTARIAN_PEPPER_ROOT;11784;5;11781;9;;;11790;19;11793;19;;;11787.0;0.0
yf_MKC_d7;45500;ASH_COATED_OSMIUM;9926;27;9922;14;;;9941;19;9945;17;;;9933.5;0.0
yf_MKC_d7;45500;INTARIAN_PEPPER_ROOT;11785;13;11781;22;;;11791;18;11794;18;;;11788.0;0.0
yf_MKC_d7;45600;ASH_COATED_OSMIUM;9929;20;9927;23;;;9938;16;9940;19;;;9933.5;0.0
yf_MKC_d7;45600;INTARIAN_PEPPER_ROOT;11781;7;11777;21;;;11797;17;11799;11;;;11789.0;0.0
yf_MKC_d7;45700;ASH_COATED_OSMIUM;9926;16;9922;18;;;9941;10;9943;24;;;9933.5;0.0
yf_MKC_d7;45700;INTARIAN_PEPPER_ROOT;11788;16;11785;15;;;11794;12;11797;14;;;11791.0;0.0
yf_MKC_d7;45800;ASH_COATED_OSMIUM;9921;15;9917;12;;;9946;17;9948;21;;;9933.5;0.0
yf_MKC_d7;45800;INTARIAN_PEPPER_ROOT;11789;17;11785;25;;;11795;5;11798;22;;;11792.0;0.0
yf_MKC_d7;45900;ASH_COATED_OSMIUM;9922;9;9919;13;;;9945;12;9948;26;;;9933.5;0.0
yf_MKC_d7;45900;INTARIAN_PEPPER_ROOT;11790;15;11788;22;;;11796;8;11798;23;;;11793.0;0.0
yf_MKC_d7;46000;ASH_COATED_OSMIUM;9931;14;9929;22;;;9937;20;9941;23;;;9934.0;0.0
yf_MKC_d7;46000;INTARIAN_PEPPER_ROOT;11792;18;11788;22;;;11798;23;11802;22;;;11795.0;0.0
yf_MKC_d7;46100;ASH_COATED_OSMIUM;9931;12;9929;12;;;9937;12;9939;24;;;9934.0;0.0
yf_MKC_d7;46100;INTARIAN_PEPPER_ROOT;11793;13;11790;18;;;11799;16;11802;16;;;11796.0;0.0
yf_MKC_d7;46200;ASH_COATED_OSMIUM;9930;12;9928;23;;;9937;9;9941;24;;;9933.5;0.0
yf_MKC_d7;46200;INTARIAN_PEPPER_ROOT;11795;14;11793;15;;;11801;18;11805;28;;;11798.0;0.0
yf_MKC_d7;46300;ASH_COATED_OSMIUM;9930;11;9928;19;;;9936;13;9938;13;;;9933.0;0.0
yf_MKC_d7;46300;INTARIAN_PEPPER_ROOT;11794;15;11791;16;;;11803;16;11805;14;;;11798.5;0.0
yf_MKC_d7;46400;ASH_COATED_OSMIUM;9928;5;9925;29;;;9939;8;9941;21;;;9933.5;0.0
yf_MKC_d7;46400;INTARIAN_PEPPER_ROOT;11797;9;11795;14;;;11803;5;11805;18;;;11800.0;0.0
yf_MKC_d7;46500;ASH_COATED_OSMIUM;9931;11;9929;17;;;9937;15;9940;14;;;9934.0;0.0
yf_MKC_d7;46500;INTARIAN_PEPPER_ROOT;11799;6;11797;17;;;11805;14;11807;24;;;11802.0;0.0
yf_MKC_d7;46600;ASH_COATED_OSMIUM;9928;21;9924;24;;;9940;13;9943;21;;;9934.0;0.0
yf_MKC_d7;46600;INTARIAN_PEPPER_ROOT;11798;11;11795;18;;;11808;15;11811;22;;;11803.0;0.0
yf_MKC_d7;46700;ASH_COATED_OSMIUM;9931;18;9928;17;;;9937;24;9939;26;;;9934.0;0.0
yf_MKC_d7;46700;INTARIAN_PEPPER_ROOT;11797;18;11794;20;;;11812;5;11816;16;;;11804.5;0.0
yf_MKC_d7;46800;ASH_COATED_OSMIUM;9931;17;9929;20;;;9937;11;9940;27;;;9934.0;0.0
yf_MKC_d7;46800;INTARIAN_PEPPER_ROOT;11803;15;11801;13;;;11809;12;11812;30;;;11806.0;0.0
yf_MKC_d7;46900;ASH_COATED_OSMIUM;9930;18;9927;26;;;9938;5;9941;20;;;9934.0;0.0
yf_MKC_d7;46900;INTARIAN_PEPPER_ROOT;11803;24;11799;19;;;11810;13;11813;24;;;11806.5;0.0
yf_MKC_d7;47000;ASH_COATED_OSMIUM;9927;15;9924;24;;;9940;19;9944;13;;;9933.5;0.0
yf_MKC_d7;47000;INTARIAN_PEPPER_ROOT;11805;12;11803;20;;;11811;8;11813;17;;;11808.0;0.0
yf_MKC_d7;47100;ASH_COATED_OSMIUM;9931;11;9927;21;;;9937;14;9941;19;;;9934.0;0.0
yf_MKC_d7;47100;INTARIAN_PEPPER_ROOT;11807;13;11805;28;;;11813;11;11816;24;;;11810.0;0.0
yf_MKC_d7;47200;ASH_COATED_OSMIUM;9930;17;9926;20;;;9936;15;9939;35;;;9933.0;0.0
yf_MKC_d7;47200;INTARIAN_PEPPER_ROOT;11800;14;11797;18;;;11823;16;11825;23;;;11811.5;0.0
yf_MKC_d7;47300;ASH_COATED_OSMIUM;9930;13;9926;23;;;9937;12;9939;22;;;9933.5;0.0
yf_MKC_d7;47300;INTARIAN_PEPPER_ROOT;11807;13;11804;18;;;11817;6;11820;17;;;11812.0;0.0
yf_MKC_d7;47400;ASH_COATED_OSMIUM;9931;25;9929;23;;;9937;20;9940;15;;;9934.0;0.0
yf_MKC_d7;47400;INTARIAN_PEPPER_ROOT;11804;9;11801;24;;;11825;14;11829;32;;;11814.5;0.0
yf_MKC_d7;47500;ASH_COATED_OSMIUM;9931;16;9929;19;;;9937;16;9939;32;;;9934.0;0.0
yf_MKC_d7;47500;INTARIAN_PEPPER_ROOT;11813;9;11811;21;;;11819;6;11821;10;;;11816.0;0.0
yf_MKC_d7;47600;ASH_COATED_OSMIUM;9931;11;9927;24;;;9937;9;9939;25;;;9934.0;0.0
yf_MKC_d7;47600;INTARIAN_PEPPER_ROOT;11813;17;11810;20;;;11819;20;11823;19;;;11816.0;0.0
yf_MKC_d7;47700;ASH_COATED_OSMIUM;9931;24;9929;18;;;9937;22;9941;14;;;9934.0;0.0
yf_MKC_d7;47700;INTARIAN_PEPPER_ROOT;11807;6;11805;9;;;11828;13;11830;13;;;11817.5;0.0
yf_MKC_d7;47800;ASH_COATED_OSMIUM;9928;11;9924;15;;;9940;11;9944;18;;;9934.0;0.0
yf_MKC_d7;47800;INTARIAN_PEPPER_ROOT;11816;13;11814;22;;;11822;22;11825;17;;;11819.0;0.0
yf_MKC_d7;47900;ASH_COATED_OSMIUM;9931;14;9929;28;;;9937;17;9939;12;;;9934.0;0.0
yf_MKC_d7;47900;INTARIAN_PEPPER_ROOT;11817;14;11813;14;;;11824;20;11826;24;;;11820.5;0.0
yf_MKC_d7;48000;ASH_COATED_OSMIUM;9928;8;9926;16;;;9940;16;9942;18;;;9934.0;0.0
yf_MKC_d7;48000;INTARIAN_PEPPER_ROOT;11819;24;11815;14;;;11825;12;11828;19;;;11822.0;0.0
yf_MKC_d7;48100;ASH_COATED_OSMIUM;9932;17;9929;29;;;9938;7;9940;18;;;9935.0;0.0
yf_MKC_d7;48100;INTARIAN_PEPPER_ROOT;11820;10;11818;12;;;11826;17;11830;17;;;11823.0;0.0
yf_MKC_d7;48200;ASH_COATED_OSMIUM;9932;17;9929;19;;;9938;8;9942;27;;;9935.0;0.0
yf_MKC_d7;48200;INTARIAN_PEPPER_ROOT;11818;10;11815;16;;;11832;24;11836;22;;;11825.0;0.0
yf_MKC_d7;48300;ASH_COATED_OSMIUM;9931;24;9929;17;;;9937;11;9940;32;;;9934.0;0.0
yf_MKC_d7;48300;INTARIAN_PEPPER_ROOT;11823;13;11819;32;;;11829;8;11831;19;;;11826.0;0.0
yf_MKC_d7;48400;ASH_COATED_OSMIUM;9927;12;9925;21;;;9942;10;9945;16;;;9934.5;0.0
yf_MKC_d7;48400;INTARIAN_PEPPER_ROOT;11825;10;11823;20;;;11831;18;11835;19;;;11828.0;0.0
yf_MKC_d7;48500;ASH_COATED_OSMIUM;9932;12;9930;24;;;9938;23;9941;26;;;9935.0;0.0
yf_MKC_d7;48500;INTARIAN_PEPPER_ROOT;11824;20;11821;29;;;11833;5;11836;30;;;11828.5;0.0
yf_MKC_d7;48600;ASH_COATED_OSMIUM;9929;17;9927;24;;;9939;19;9942;21;;;9934.0;0.0
yf_MKC_d7;48600;INTARIAN_PEPPER_ROOT;11827;17;11824;16;;;11833;11;11836;14;;;11830.0;0.0
yf_MKC_d7;48700;ASH_COATED_OSMIUM;9921;15;9917;22;;;9950;11;9953;13;;;9935.5;0.0
yf_MKC_d7;48700;INTARIAN_PEPPER_ROOT;11829;10;11827;22;;;11835;12;11839;25;;;11832.0;0.0
yf_MKC_d7;48800;ASH_COATED_OSMIUM;9931;12;9927;13;;;9937;5;9941;20;;;9934.0;0.0
yf_MKC_d7;48800;INTARIAN_PEPPER_ROOT;11830;18;11828;22;;;11836;11;11839;22;;;11833.0;0.0
yf_MKC_d7;48900;ASH_COATED_OSMIUM;9931;24;9929;25;;;9937;19;9941;29;;;9934.0;0.0
yf_MKC_d7;48900;INTARIAN_PEPPER_ROOT;11831;6;11828;22;;;11837;17;11840;16;;;11834.0;0.0
yf_MKC_d7;49000;ASH_COATED_OSMIUM;9928;5;9926;24;;;9942;12;9945;23;;;9935.0;0.0
yf_MKC_d7;49000;INTARIAN_PEPPER_ROOT;11832;8;11830;24;;;11838;18;11840;18;;;11835.0;0.0
yf_MKC_d7;49100;ASH_COATED_OSMIUM;9932;15;9929;28;;;9938;17;9942;19;;;9935.0;0.0
yf_MKC_d7;49100;INTARIAN_PEPPER_ROOT;11832;13;11828;16;;;11842;12;11846;18;;;11837.0;0.0
yf_MKC_d7;49200;ASH_COATED_OSMIUM;9927;17;9923;30;;;9943;25;9947;28;;;9935.0;0.0
yf_MKC_d7;49200;INTARIAN_PEPPER_ROOT;11835;18;11833;24;;;11841;16;11845;19;;;11838.0;0.0
yf_MKC_d7;49300;ASH_COATED_OSMIUM;9932;16;9929;24;;;9938;17;9940;22;;;9935.0;0.0
yf_MKC_d7;49300;INTARIAN_PEPPER_ROOT;11823;18;11820;15;;;11856;18;11859;24;;;11839.5;0.0
yf_MKC_d7;49400;ASH_COATED_OSMIUM;9932;17;9930;20;;;9938;17;9941;15;;;9935.0;0.0
yf_MKC_d7;49400;INTARIAN_PEPPER_ROOT;11833;13;11831;23;;;11848;13;11852;18;;;11840.5;0.0
yf_MKC_d7;49500;ASH_COATED_OSMIUM;9924;16;9921;22;;;9946;11;9949;22;;;9935.0;0.0
yf_MKC_d7;49500;INTARIAN_PEPPER_ROOT;11836;6;11834;23;;;11849;16;11852;15;;;11842.5;0.0
yf_MKC_d7;49600;ASH_COATED_OSMIUM;9928;10;9924;28;;;9942;13;9946;14;;;9935.0;0.0
yf_MKC_d7;49600;INTARIAN_PEPPER_ROOT;11841;26;11837;25;;;11847;18;11850;13;;;11844.0;0.0
yf_MKC_d7;49700;ASH_COATED_OSMIUM;9932;9;9930;22;;;9938;20;9941;22;;;9935.0;0.0
yf_MKC_d7;49700;INTARIAN_PEPPER_ROOT;11838;11;11834;25;;;11853;11;11855;18;;;11845.5;0.0
yf_MKC_d7;49800;ASH_COATED_OSMIUM;9932;12;9928;20;;;9938;6;9940;12;;;9935.0;0.0
yf_MKC_d7;49800;INTARIAN_PEPPER_ROOT;11832;15;11828;29;;;11862;18;11865;20;;;11847.0;0.0
yf_MKC_d7;49900;ASH_COATED_OSMIUM;9927;15;9923;19;;;9944;14;9947;8;;;9935.5;0.0
yf_MKC_d7;49900;INTARIAN_PEPPER_ROOT;11845;10;11842;17;;;11851;15;11855;18;;;11848.0;0.0
yf_MKC_d7;50000;ASH_COATED_OSMIUM;9925;11;9921;25;;;9947;12;9950;22;;;9936.0;0.0
yf_MKC_d7;50000;INTARIAN_PEPPER_ROOT;11842;15;11840;21;;;11857;14;11861;18;;;11849.5;0.0
yf_MKC_d7;50100;ASH_COATED_OSMIUM;9932;16;9928;27;;;9938;22;9941;25;;;9935.0;0.0
yf_MKC_d7;50100;INTARIAN_PEPPER_ROOT;11847;11;11843;10;;;11853;14;11857;19;;;11850.0;0.0
yf_MKC_d7;50200;ASH_COATED_OSMIUM;9926;18;9923;25;;;9944;13;9946;32;;;9935.0;0.0
yf_MKC_d7;50200;INTARIAN_PEPPER_ROOT;11847;10;11845;19;;;11857;12;11861;21;;;11852.0;0.0
yf_MKC_d7;50300;ASH_COATED_OSMIUM;9929;18;9926;20;;;9940;15;9944;19;;;9934.5;0.0
yf_MKC_d7;50300;INTARIAN_PEPPER_ROOT;11841;24;11838;19;;;11866;21;11869;17;;;11853.5;0.0
yf_MKC_d7;50400;ASH_COATED_OSMIUM;9932;26;9929;16;;;9938;18;9940;26;;;9935.0;0.0
yf_MKC_d7;50400;INTARIAN_PEPPER_ROOT;11844;17;11840;13;;;11865;11;11867;21;;;11854.5;0.0
yf_MKC_d7;50500;ASH_COATED_OSMIUM;9932;20;9929;18;;;9938;10;9942;22;;;9935.0;0.0
yf_MKC_d7;50500;INTARIAN_PEPPER_ROOT;11847;11;11844;27;;;11865;14;11868;13;;;11856.0;0.0
yf_MKC_d7;50600;ASH_COATED_OSMIUM;9927;19;9923;20;;;9943;7;9946;17;;;9935.0;0.0
yf_MKC_d7;50600;INTARIAN_PEPPER_ROOT;11854;20;11851;22;;;11860;14;11862;16;;;11857.0;0.0
yf_MKC_d7;50700;ASH_COATED_OSMIUM;9932;6;9930;19;;;9938;13;9940;22;;;9935.0;0.0
yf_MKC_d7;50700;INTARIAN_PEPPER_ROOT;11856;19;11853;16;;;11862;18;11866;18;;;11859.0;0.0
yf_MKC_d7;50800;ASH_COATED_OSMIUM;9932;21;9929;26;;;9938;10;9942;18;;;9935.0;0.0
yf_MKC_d7;50800;INTARIAN_PEPPER_ROOT;11857;17;11854;21;;;11863;13;11867;20;;;11860.0;0.0
yf_MKC_d7;50900;ASH_COATED_OSMIUM;9933;18;9930;16;;;9939;5;9943;22;;;9936.0;0.0
yf_MKC_d7;50900;INTARIAN_PEPPER_ROOT;11858;9;11856;20;;;11864;17;11867;27;;;11861.0;0.0
yf_MKC_d7;51000;ASH_COATED_OSMIUM;9932;15;9930;22;;;9938;16;9940;35;;;9935.0;0.0
yf_MKC_d7;51000;INTARIAN_PEPPER_ROOT;11860;15;11856;20;;;11866;14;11869;15;;;11863.0;0.0
yf_MKC_d7;51100;ASH_COATED_OSMIUM;9932;15;9930;23;;;9938;6;9941;17;;;9935.0;0.0
yf_MKC_d7;51100;INTARIAN_PEPPER_ROOT;11862;9;11859;18;;;11868;15;11871;19;;;11865.0;0.0
yf_MKC_d7;51200;ASH_COATED_OSMIUM;9932;21;9930;30;;;9938;9;9942;22;;;9935.0;0.0
yf_MKC_d7;51200;INTARIAN_PEPPER_ROOT;11863;5;11859;16;;;11869;25;11872;20;;;11866.0;0.0
yf_MKC_d7;51300;ASH_COATED_OSMIUM;9932;10;9928;16;;;9938;14;9942;24;;;9935.0;0.0
yf_MKC_d7;51300;INTARIAN_PEPPER_ROOT;11865;18;11863;9;;;11871;12;11874;20;;;11868.0;0.0
yf_MKC_d7;51400;ASH_COATED_OSMIUM;9931;7;9927;26;;;9939;14;9941;25;;;9935.0;0.0
yf_MKC_d7;51400;INTARIAN_PEPPER_ROOT;11866;19;11864;17;;;11872;9;11874;23;;;11869.0;0.0
yf_MKC_d7;51500;ASH_COATED_OSMIUM;9928;13;9925;18;;;9943;21;9947;21;;;9935.5;0.0
yf_MKC_d7;51500;INTARIAN_PEPPER_ROOT;11868;19;11866;29;;;11874;20;11877;21;;;11871.0;0.0
yf_MKC_d7;51600;ASH_COATED_OSMIUM;9931;13;9929;26;;;9938;15;9942;22;;;9934.5;0.0
yf_MKC_d7;51600;INTARIAN_PEPPER_ROOT;11870;13;11868;19;;;11876;15;11880;14;;;11873.0;0.0
yf_MKC_d7;51700;ASH_COATED_OSMIUM;9931;5;9927;22;;;9939;18;9943;10;;;9935.0;0.0
yf_MKC_d7;51700;INTARIAN_PEPPER_ROOT;11870;20;11868;26;;;11877;8;11879;22;;;11873.5;0.0
yf_MKC_d7;51800;ASH_COATED_OSMIUM;9932;15;9929;16;;;9938;9;9941;15;;;9935.0;0.0
yf_MKC_d7;51800;INTARIAN_PEPPER_ROOT;11872;14;11869;27;;;11878;15;11881;22;;;11875.0;0.0
yf_MKC_d7;51900;ASH_COATED_OSMIUM;9931;7;9927;22;;;9939;10;9943;22;;;9935.0;0.0
yf_MKC_d7;51900;INTARIAN_PEPPER_ROOT;11868;19;11865;13;;;11887;8;11890;21;;;11877.5;0.0
yf_MKC_d7;52000;ASH_COATED_OSMIUM;9932;24;9929;27;;;9938;5;9941;21;;;9935.0;0.0
yf_MKC_d7;52000;INTARIAN_PEPPER_ROOT;11862;17;11859;24;;;11896;13;11900;30;;;11879.0;0.0
yf_MKC_d7;52100;ASH_COATED_OSMIUM;9932;10;9929;19;;;9938;11;9942;21;;;9935.0;0.0
yf_MKC_d7;52100;INTARIAN_PEPPER_ROOT;11873;17;11869;16;;;11889;18;11893;14;;;11881.0;0.0
yf_MKC_d7;52200;ASH_COATED_OSMIUM;9932;12;9930;13;;;9938;9;9942;18;;;9935.0;0.0
yf_MKC_d7;52200;INTARIAN_PEPPER_ROOT;11879;16;11877;17;;;11885;14;11888;17;;;11882.0;0.0
yf_MKC_d7;52300;ASH_COATED_OSMIUM;9930;17;9927;19;;;9941;18;9944;21;;;9935.5;0.0
yf_MKC_d7;52300;INTARIAN_PEPPER_ROOT;11876;16;11872;25;;;11892;13;11894;22;;;11884.0;0.0
yf_MKC_d7;52400;ASH_COATED_OSMIUM;9932;22;9929;24;;;9938;18;9940;19;;;9935.0;0.0
yf_MKC_d7;52400;INTARIAN_PEPPER_ROOT;11882;26;11879;23;;;11888;23;11890;16;;;11885.0;0.0
yf_MKC_d7;52500;ASH_COATED_OSMIUM;9932;24;9928;24;;;9938;8;9940;22;;;9935.0;0.0
yf_MKC_d7;52500;INTARIAN_PEPPER_ROOT;11884;11;11881;23;;;11890;20;11894;23;;;11887.0;0.0
yf_MKC_d7;52600;ASH_COATED_OSMIUM;9932;20;9930;16;;;9938;12;9940;21;;;9935.0;0.0
yf_MKC_d7;52600;INTARIAN_PEPPER_ROOT;11885;14;11883;21;;;11891;12;11894;17;;;11888.0;0.0
yf_MKC_d7;52700;ASH_COATED_OSMIUM;9932;15;9929;13;;;9939;21;9941;17;;;9935.5;0.0
yf_MKC_d7;52700;INTARIAN_PEPPER_ROOT;11887;11;11883;14;;;11893;12;11895;16;;;11890.0;0.0
yf_MKC_d7;52800;ASH_COATED_OSMIUM;9932;23;9930;17;;;9938;22;9942;21;;;9935.0;0.0
yf_MKC_d7;52800;INTARIAN_PEPPER_ROOT;11889;16;11887;19;;;11895;17;11897;27;;;11892.0;0.0
yf_MKC_d7;52900;ASH_COATED_OSMIUM;9932;17;9928;26;;;9938;15;9942;17;;;9935.0;0.0
yf_MKC_d7;52900;INTARIAN_PEPPER_ROOT;11882;23;11878;18;;;11904;18;11908;22;;;11893.0;0.0
yf_MKC_d7;53000;ASH_COATED_OSMIUM;9932;21;9928;31;;;9938;16;9941;27;;;9935.0;0.0
yf_MKC_d7;53000;INTARIAN_PEPPER_ROOT;11886;17;11883;13;;;11904;22;11906;16;;;11895.0;0.0
yf_MKC_d7;53100;ASH_COATED_OSMIUM;9927;16;9923;12;;;9944;17;9947;14;;;9935.5;0.0
yf_MKC_d7;53100;INTARIAN_PEPPER_ROOT;11893;7;11891;17;;;11899;5;11903;20;;;11896.0;0.0
yf_MKC_d7;53200;ASH_COATED_OSMIUM;9933;16;9930;21;;;9939;14;9942;15;;;9936.0;0.0
yf_MKC_d7;53200;INTARIAN_PEPPER_ROOT;11895;10;11893;24;;;11901;11;11905;25;;;11898.0;0.0
yf_MKC_d7;53300;ASH_COATED_OSMIUM;9932;12;9929;19;;;9938;16;9940;14;;;9935.0;0.0
yf_MKC_d7;53300;INTARIAN_PEPPER_ROOT;11896;12;11894;23;;;11902;17;11906;20;;;11899.0;0.0
yf_MKC_d7;53400;ASH_COATED_OSMIUM;9933;16;9930;14;;;9939;16;9941;20;;;9936.0;0.0
yf_MKC_d7;53400;INTARIAN_PEPPER_ROOT;11898;11;11895;19;;;11906;5;11908;28;;;11902.0;0.0
yf_MKC_d7;53500;ASH_COATED_OSMIUM;9933;12;9929;13;;;9939;18;9941;17;;;9936.0;0.0
yf_MKC_d7;53500;INTARIAN_PEPPER_ROOT;11900;11;11898;15;;;11906;12;11910;21;;;11903.0;0.0
yf_MKC_d7;53600;ASH_COATED_OSMIUM;9930;17;9927;24;;;9942;15;9946;19;;;9936.0;0.0
yf_MKC_d7;53600;INTARIAN_PEPPER_ROOT;11901;16;11897;18;;;11908;20;11910;15;;;11904.5;0.0
yf_MKC_d7;53700;ASH_COATED_OSMIUM;9930;18;9928;27;;;9940;17;9943;22;;;9935.0;0.0
yf_MKC_d7;53700;INTARIAN_PEPPER_ROOT;11900;19;11896;13;;;11912;12;11914;25;;;11906.0;0.0
yf_MKC_d7;53800;ASH_COATED_OSMIUM;9932;13;9928;23;;;9938;16;9942;21;;;9935.0;0.0
yf_MKC_d7;53800;INTARIAN_PEPPER_ROOT;11903;10;11901;18;;;11913;21;11915;19;;;11908.0;0.0
yf_MKC_d7;53900;ASH_COATED_OSMIUM;9932;19;9929;19;;;9939;9;9943;17;;;9935.5;0.0
yf_MKC_d7;53900;INTARIAN_PEPPER_ROOT;11905;7;11902;13;;;11912;7;11915;12;;;11908.5;0.0
yf_MKC_d7;54000;ASH_COATED_OSMIUM;9932;7;9929;8;;;9938;15;9942;18;;;9935.0;0.0
yf_MKC_d7;54000;INTARIAN_PEPPER_ROOT;11906;8;11904;17;;;11915;9;11918;24;;;11910.5;0.0
yf_MKC_d7;54100;ASH_COATED_OSMIUM;9930;12;9928;21;;;9939;9;9942;26;;;9934.5;0.0
yf_MKC_d7;54100;INTARIAN_PEPPER_ROOT;11909;13;11907;19;;;11915;23;11917;15;;;11912.0;0.0
yf_MKC_d7;54200;ASH_COATED_OSMIUM;9932;22;9928;28;;;9938;20;9940;13;;;9935.0;0.0
yf_MKC_d7;54200;INTARIAN_PEPPER_ROOT;11911;12;11907;15;;;11917;25;11920;17;;;11914.0;0.0
yf_MKC_d7;54300;ASH_COATED_OSMIUM;9932;12;9930;21;;;9938;25;9942;16;;;9935.0;0.0
yf_MKC_d7;54300;INTARIAN_PEPPER_ROOT;11911;9;11907;10;;;11921;25;11925;30;;;11916.0;0.0
yf_MKC_d7;54400;ASH_COATED_OSMIUM;9929;26;9927;20;;;9940;7;9942;20;;;9934.5;0.0
yf_MKC_d7;54400;INTARIAN_PEPPER_ROOT;11914;13;11910;12;;;11920;22;11924;19;;;11917.0;0.0
yf_MKC_d7;54500;ASH_COATED_OSMIUM;9932;10;9928;22;;;9938;18;9940;20;;;9935.0;0.0
yf_MKC_d7;54500;INTARIAN_PEPPER_ROOT;11916;11;11914;26;;;11922;17;11924;21;;;11919.0;0.0
yf_MKC_d7;54600;ASH_COATED_OSMIUM;9930;20;9926;23;;;9940;16;9944;21;;;9935.0;0.0
yf_MKC_d7;54600;INTARIAN_PEPPER_ROOT;11917;10;11913;21;;;11923;14;11927;14;;;11920.0;0.0
yf_MKC_d7;54700;ASH_COATED_OSMIUM;9933;25;9929;26;;;9939;15;9942;22;;;9936.0;0.0
yf_MKC_d7;54700;INTARIAN_PEPPER_ROOT;11918;12;11914;15;;;11925;18;11929;25;;;11921.5;0.0
yf_MKC_d7;54800;ASH_COATED_OSMIUM;9932;20;9930;19;;;9938;18;9942;20;;;9935.0;0.0
yf_MKC_d7;54800;INTARIAN_PEPPER_ROOT;11919;8;11916;21;;;11927;12;11930;25;;;11923.0;0.0
yf_MKC_d7;54900;ASH_COATED_OSMIUM;9932;12;9928;26;;;9938;21;9942;24;;;9935.0;0.0
yf_MKC_d7;54900;INTARIAN_PEPPER_ROOT;11921;15;11919;26;;;11930;12;11932;34;;;11925.5;0.0
yf_MKC_d7;55000;ASH_COATED_OSMIUM;9920;15;9916;11;;;9951;18;9955;21;;;9935.5;0.0
yf_MKC_d7;55000;INTARIAN_PEPPER_ROOT;11915;17;11913;22;;;11936;5;11939;19;;;11925.5;0.0
yf_MKC_d7;55100;ASH_COATED_OSMIUM;9932;15;9928;26;;;9938;19;9942;15;;;9935.0;0.0
yf_MKC_d7;55100;INTARIAN_PEPPER_ROOT;11925;23;11922;12;;;11931;16;11934;24;;;11928.0;0.0
yf_MKC_d7;55200;ASH_COATED_OSMIUM;9933;15;9930;18;;;9939;6;9943;18;;;9936.0;0.0
yf_MKC_d7;55200;INTARIAN_PEPPER_ROOT;11927;15;11925;25;;;11933;18;11936;19;;;11930.0;0.0
yf_MKC_d7;55300;ASH_COATED_OSMIUM;9932;5;9928;25;;;9938;14;9940;16;;;9935.0;0.0
yf_MKC_d7;55300;INTARIAN_PEPPER_ROOT;11928;28;11925;21;;;11934;14;11937;18;;;11931.0;0.0
yf_MKC_d7;55400;ASH_COATED_OSMIUM;9932;11;9929;20;;;9938;20;9940;17;;;9935.0;0.0
yf_MKC_d7;55400;INTARIAN_PEPPER_ROOT;11925;14;11921;26;;;11941;12;11943;18;;;11933.0;0.0
yf_MKC_d7;55500;ASH_COATED_OSMIUM;9928;23;9925;27;;;9943;22;9947;14;;;9935.5;0.0
yf_MKC_d7;55500;INTARIAN_PEPPER_ROOT;11931;16;11928;15;;;11937;18;11940;15;;;11934.0;0.0
yf_MKC_d7;55600;ASH_COATED_OSMIUM;9930;6;9926;19;;;9940;13;9943;23;;;9935.0;0.0
yf_MKC_d7;55600;INTARIAN_PEPPER_ROOT;11933;8;11931;21;;;11939;17;11942;22;;;11936.0;0.0
yf_MKC_d7;55700;ASH_COATED_OSMIUM;9931;16;9927;29;;;9938;11;9942;18;;;9934.5;0.0
yf_MKC_d7;55700;INTARIAN_PEPPER_ROOT;11935;15;11933;25;;;11941;16;11944;15;;;11938.0;0.0
yf_MKC_d7;55800;ASH_COATED_OSMIUM;9932;13;9929;9;;;9938;21;9940;17;;;9935.0;0.0
yf_MKC_d7;55800;INTARIAN_PEPPER_ROOT;11931;9;11929;22;;;11948;13;11950;16;;;11939.5;0.0
yf_MKC_d7;55900;ASH_COATED_OSMIUM;9933;16;9929;19;;;9939;14;9942;19;;;9936.0;0.0
yf_MKC_d7;55900;INTARIAN_PEPPER_ROOT;11936;13;11934;21;;;11946;14;11950;10;;;11941.0;0.0
yf_MKC_d7;56000;ASH_COATED_OSMIUM;9931;9;9928;16;;;9940;27;9943;24;;;9935.5;0.0
yf_MKC_d7;56000;INTARIAN_PEPPER_ROOT;11939;17;11937;17;;;11945;19;11948;16;;;11942.0;0.0
yf_MKC_d7;56100;ASH_COATED_OSMIUM;9932;12;9928;21;;;9938;26;9942;14;;;9935.0;0.0
yf_MKC_d7;56100;INTARIAN_PEPPER_ROOT;11940;10;11936;13;;;11946;20;11949;12;;;11943.0;0.0
yf_MKC_d7;56200;ASH_COATED_OSMIUM;9932;8;9930;23;;;9938;12;9942;15;;;9935.0;0.0
yf_MKC_d7;56200;INTARIAN_PEPPER_ROOT;11942;18;11939;32;;;11948;15;11952;23;;;11945.0;0.0
yf_MKC_d7;56300;ASH_COATED_OSMIUM;9919;18;9917;12;;;9951;5;9953;14;;;9935.0;0.0
yf_MKC_d7;56300;INTARIAN_PEPPER_ROOT;11933;15;11930;23;;;11961;12;11965;12;;;11947.0;0.0
yf_MKC_d7;56400;ASH_COATED_OSMIUM;9932;18;9930;21;;;9938;12;9941;23;;;9935.0;0.0
yf_MKC_d7;56400;INTARIAN_PEPPER_ROOT;11943;21;11941;17;;;11955;18;11958;8;;;11949.0;0.0
yf_MKC_d7;56500;ASH_COATED_OSMIUM;9932;14;9929;25;;;9938;20;9942;25;;;9935.0;0.0
yf_MKC_d7;56500;INTARIAN_PEPPER_ROOT;11947;15;11945;18;;;11953;11;11957;16;;;11950.0;0.0
yf_MKC_d7;56600;ASH_COATED_OSMIUM;9929;14;9927;18;;;9941;20;9944;17;;;9935.0;0.0
yf_MKC_d7;56600;INTARIAN_PEPPER_ROOT;11941;9;11937;23;;;11962;7;11966;15;;;11951.5;0.0
yf_MKC_d7;56700;ASH_COATED_OSMIUM;9932;17;9928;22;;;9938;26;9942;25;;;9935.0;0.0
yf_MKC_d7;56700;INTARIAN_PEPPER_ROOT;11938;20;11935;21;;;11968;12;11970;14;;;11953.0;0.0
yf_MKC_d7;56800;ASH_COATED_OSMIUM;9931;17;9929;25;;;9940;13;9944;21;;;9935.5;0.0
yf_MKC_d7;56800;INTARIAN_PEPPER_ROOT;11952;16;11948;25;;;11958;25;11961;29;;;11955.0;0.0
yf_MKC_d7;56900;ASH_COATED_OSMIUM;9932;21;9928;27;;;9938;15;9940;19;;;9935.0;0.0
yf_MKC_d7;56900;INTARIAN_PEPPER_ROOT;11948;19;11945;20;;;11963;16;11966;27;;;11955.5;0.0
yf_MKC_d7;57000;ASH_COATED_OSMIUM;9932;25;9930;23;;;9938;20;9941;28;;;9935.0;0.0
yf_MKC_d7;57000;INTARIAN_PEPPER_ROOT;11949;14;11945;18;;;11967;20;11970;24;;;11958.0;0.0
yf_MKC_d7;57100;ASH_COATED_OSMIUM;9932;13;9928;12;;;9938;15;9942;25;;;9935.0;0.0
yf_MKC_d7;57100;INTARIAN_PEPPER_ROOT;11956;22;11952;19;;;11964;18;11967;14;;;11960.0;0.0
yf_MKC_d7;57200;ASH_COATED_OSMIUM;9932;15;9928;18;;;9938;10;9940;16;;;9935.0;0.0
yf_MKC_d7;57200;INTARIAN_PEPPER_ROOT;11958;13;11956;29;;;11964;12;11966;19;;;11961.0;0.0
yf_MKC_d7;57300;ASH_COATED_OSMIUM;9928;17;9925;17;;;9943;12;9945;19;;;9935.5;0.0
yf_MKC_d7;57300;INTARIAN_PEPPER_ROOT;11956;9;11953;19;;;11970;10;11974;23;;;11963.0;0.0
yf_MKC_d7;57400;ASH_COATED_OSMIUM;9931;8;9928;24;;;9939;13;9941;22;;;9935.0;0.0
yf_MKC_d7;57400;INTARIAN_PEPPER_ROOT;11955;15;11951;27;;;11974;17;11977;23;;;11964.5;0.0
yf_MKC_d7;57500;ASH_COATED_OSMIUM;9926;11;9922;11;;;9945;22;9947;26;;;9935.5;0.0
yf_MKC_d7;57500;INTARIAN_PEPPER_ROOT;11957;11;11954;20;;;11974;9;11977;16;;;11965.5;0.0
yf_MKC_d7;57600;ASH_COATED_OSMIUM;9923;13;9920;19;;;9947;11;9951;17;;;9935.0;0.0
yf_MKC_d7;57600;INTARIAN_PEPPER_ROOT;11963;11;11960;11;;;11972;12;11974;24;;;11967.5;0.0
yf_MKC_d7;57700;ASH_COATED_OSMIUM;9930;7;9928;18;;;9940;18;9944;28;;;9935.0;0.0
yf_MKC_d7;57700;INTARIAN_PEPPER_ROOT;11967;15;11964;16;;;11973;18;11976;20;;;11970.0;0.0
yf_MKC_d7;57800;ASH_COATED_OSMIUM;9932;8;9928;27;;;9939;14;9941;28;;;9935.5;0.0
yf_MKC_d7;57800;INTARIAN_PEPPER_ROOT;11963;12;11959;16;;;11979;19;11982;20;;;11971.0;0.0
yf_MKC_d7;57900;ASH_COATED_OSMIUM;9929;10;9927;9;;;9941;25;9943;19;;;9935.0;0.0
yf_MKC_d7;57900;INTARIAN_PEPPER_ROOT;11967;12;11965;9;;;11977;21;11979;21;;;11972.0;0.0
yf_MKC_d7;58000;ASH_COATED_OSMIUM;9932;15;9929;22;;;9938;13;9940;19;;;9935.0;0.0
yf_MKC_d7;58000;INTARIAN_PEPPER_ROOT;11970;18;11967;24;;;11976;17;11979;22;;;11973.0;0.0
yf_MKC_d7;58100;ASH_COATED_OSMIUM;9932;26;9929;21;;;9938;5;9941;22;;;9935.0;0.0
yf_MKC_d7;58100;INTARIAN_PEPPER_ROOT;11971;16;11969;9;;;11979;12;11981;17;;;11975.0;0.0
yf_MKC_d7;58200;ASH_COATED_OSMIUM;9928;18;9924;18;;;9941;10;9945;19;;;9934.5;0.0
yf_MKC_d7;58200;INTARIAN_PEPPER_ROOT;11975;18;11971;13;;;11981;9;11985;26;;;11978.0;0.0
yf_MKC_d7;58300;ASH_COATED_OSMIUM;9931;14;9929;14;;;9937;16;9940;15;;;9934.0;0.0
yf_MKC_d7;58300;INTARIAN_PEPPER_ROOT;11976;17;11972;19;;;11982;12;11985;20;;;11979.0;0.0
yf_MKC_d7;58400;ASH_COATED_OSMIUM;9923;16;9919;27;;;9947;18;9951;12;;;9935.0;0.0
yf_MKC_d7;58400;INTARIAN_PEPPER_ROOT;11977;13;11974;19;;;11983;17;11987;24;;;11980.0;0.0
yf_MKC_d7;58500;ASH_COATED_OSMIUM;9932;17;9928;27;;;9938;14;9942;27;;;9935.0;0.0
yf_MKC_d7;58500;INTARIAN_PEPPER_ROOT;11979;16;11976;11;;;11986;11;11988;15;;;11982.5;0.0
yf_MKC_d7;58600;ASH_COATED_OSMIUM;9932;14;9928;20;;;9938;20;9940;16;;;9935.0;0.0
yf_MKC_d7;58600;INTARIAN_PEPPER_ROOT;11978;12;11975;14;;;11989;20;11992;23;;;11983.5;0.0
yf_MKC_d7;58700;ASH_COATED_OSMIUM;9930;10;9928;23;;;9940;23;9942;22;;;9935.0;0.0
yf_MKC_d7;58700;INTARIAN_PEPPER_ROOT;11980;18;11977;23;;;11990;10;11994;23;;;11985.0;0.0
yf_MKC_d7;58800;ASH_COATED_OSMIUM;9932;12;9929;22;;;9938;10;9941;20;;;9935.0;0.0
yf_MKC_d7;58800;INTARIAN_PEPPER_ROOT;11984;17;11982;17;;;11990;19;11992;13;;;11987.0;0.0
yf_MKC_d7;58900;ASH_COATED_OSMIUM;9932;17;9928;33;;;9938;11;9942;28;;;9935.0;0.0
yf_MKC_d7;58900;INTARIAN_PEPPER_ROOT;11982;11;11980;14;;;11993;7;11996;22;;;11987.5;0.0
yf_MKC_d7;59000;ASH_COATED_OSMIUM;9932;16;9930;25;;;9938;6;9940;25;;;9935.0;0.0
