day;timestamp;product;bid_price_1;bid_volume_1;bid_price_2;bid_volume_2;bid_price_3;bid_volume_3;ask_price_1;ask_volume_1;ask_price_2;ask_volume_2;ask_price_3;ask_volume_3;mid_price;profit_and_loss
av_WHEAT_d1;0;ASH_COATED_OSMIUM;9895;14;9892;14;;;9904;8;9906;10;;;9899.5;0.0
av_WHEAT_d1;0;INTARIAN_PEPPER_ROOT;10800;18;10797;26;;;10806;6;10809;12;;;10803.0;0.0
av_WHEAT_d1;100;ASH_COATED_OSMIUM;9897;16;9895;14;;;9903;10;9906;9;;;9900.0;0.0
av_WHEAT_d1;100;INTARIAN_PEPPER_ROOT;10801;15;10799;12;;;10807;9;10810;19;;;10804.0;0.0
av_WHEAT_d1;200;ASH_COATED_OSMIUM;9897;23;9893;21;;;9904;18;9907;15;;;9900.5;0.0
av_WHEAT_d1;200;INTARIAN_PEPPER_ROOT;10800;10;10797;17;;;10810;16;10812;27;;;10805.0;0.0
av_WHEAT_d1;300;ASH_COATED_OSMIUM;9897;17;9893;25;;;9903;18;9907;15;;;9900.0;0.0
av_WHEAT_d1;300;INTARIAN_PEPPER_ROOT;10803;10;10801;19;;;10809;13;10811;17;;;10806.0;0.0
av_WHEAT_d1;400;ASH_COATED_OSMIUM;9898;6;9896;21;;;9904;14;9908;23;;;9901.0;0.0
av_WHEAT_d1;400;INTARIAN_PEPPER_ROOT;10805;18;10801;17;;;10811;13;10815;22;;;10808.0;0.0
av_WHEAT_d1;500;ASH_COATED_OSMIUM;9896;20;9892;17;;;9905;10;9908;20;;;9900.5;0.0
av_WHEAT_d1;500;INTARIAN_PEPPER_ROOT;10805;5;10803;19;;;10811;15;10814;29;;;10808.0;0.0
av_WHEAT_d1;600;ASH_COATED_OSMIUM;9898;11;9895;17;;;9904;11;9906;32;;;9901.0;0.0
av_WHEAT_d1;600;INTARIAN_PEPPER_ROOT;10806;20;10802;13;;;10812;18;10814;25;;;10809.0;0.0
av_WHEAT_d1;700;ASH_COATED_OSMIUM;9894;8;9891;29;;;9909;15;9911;28;;;9901.5;0.0
av_WHEAT_d1;700;INTARIAN_PEPPER_ROOT;10808;19;10804;19;;;10814;20;10816;17;;;10811.0;0.0
av_WHEAT_d1;800;ASH_COATED_OSMIUM;9899;7;9895;24;;;9905;14;9907;27;;;9902.0;0.0
av_WHEAT_d1;800;INTARIAN_PEPPER_ROOT;10808;26;10804;22;;;10814;17;10818;21;;;10811.0;0.0
av_WHEAT_d1;900;ASH_COATED_OSMIUM;9878;16;9875;23;;;9928;12;9931;17;;;9903.0;0.0
av_WHEAT_d1;900;INTARIAN_PEPPER_ROOT;10809;20;10806;20;;;10815;15;10819;21;;;10812.0;0.0
av_WHEAT_d1;1000;ASH_COATED_OSMIUM;9900;17;9896;15;;;9906;16;9908;18;;;9903.0;0.0
av_WHEAT_d1;1000;INTARIAN_PEPPER_ROOT;10797;6;10793;16;;;10829;17;10833;16;;;10813.0;0.0
av_WHEAT_d1;1100;ASH_COATED_OSMIUM;9897;16;9893;19;;;9910;10;9913;30;;;9903.5;0.0
av_WHEAT_d1;1100;INTARIAN_PEPPER_ROOT;10811;18;10808;28;;;10817;19;10820;18;;;10814.0;0.0
av_WHEAT_d1;1200;ASH_COATED_OSMIUM;9899;13;9895;21;;;9908;14;9911;20;;;9903.5;0.0
av_WHEAT_d1;1200;INTARIAN_PEPPER_ROOT;10811;8;10808;20;;;10817;12;10821;22;;;10814.0;0.0
av_WHEAT_d1;1300;ASH_COATED_OSMIUM;9898;23;9896;29;;;9908;10;9910;30;;;9903.0;0.0
av_WHEAT_d1;1300;INTARIAN_PEPPER_ROOT;10813;10;10810;23;;;10819;18;10821;19;;;10816.0;0.0
av_WHEAT_d1;1400;ASH_COATED_OSMIUM;9901;12;9899;24;;;9907;11;9911;15;;;9904.0;0.0
av_WHEAT_d1;1400;INTARIAN_PEPPER_ROOT;10813;9;10810;17;;;10821;15;10825;23;;;10817.0;0.0
av_WHEAT_d1;1500;ASH_COATED_OSMIUM;9891;20;9889;15;;;9916;16;9920;26;;;9903.5;0.0
av_WHEAT_d1;1500;INTARIAN_PEPPER_ROOT;10815;11;10811;20;;;10821;14;10825;13;;;10818.0;0.0
av_WHEAT_d1;1600;ASH_COATED_OSMIUM;9901;8;9898;20;;;9907;10;9910;14;;;9904.0;0.0
av_WHEAT_d1;1600;INTARIAN_PEPPER_ROOT;10800;11;10798;20;;;10838;10;10842;15;;;10819.0;0.0
av_WHEAT_d1;1700;ASH_COATED_OSMIUM;9897;11;9893;17;;;9912;16;9915;21;;;9904.5;0.0
av_WHEAT_d1;1700;INTARIAN_PEPPER_ROOT;10817;17;10815;18;;;10823;14;10826;16;;;10820.0;0.0
av_WHEAT_d1;1800;ASH_COATED_OSMIUM;9901;13;9898;16;;;9910;19;9914;16;;;9905.5;0.0
av_WHEAT_d1;1800;INTARIAN_PEPPER_ROOT;10818;18;10816;19;;;10824;14;10828;23;;;10821.0;0.0
av_WHEAT_d1;1900;ASH_COATED_OSMIUM;9902;11;9899;8;;;9908;11;9911;17;;;9905.0;0.0
av_WHEAT_d1;1900;INTARIAN_PEPPER_ROOT;10819;5;10815;28;;;10825;7;10829;15;;;10822.0;0.0
av_WHEAT_d1;2000;ASH_COATED_OSMIUM;9903;16;9900;14;;;9909;19;9911;26;;;9906.0;0.0
av_WHEAT_d1;2000;INTARIAN_PEPPER_ROOT;10819;8;10817;16;;;10825;9;10827;14;;;10822.0;0.0
av_WHEAT_d1;2100;ASH_COATED_OSMIUM;9903;13;9900;23;;;9909;12;9913;20;;;9906.0;0.0
av_WHEAT_d1;2100;INTARIAN_PEPPER_ROOT;10801;16;10798;18;;;10846;19;10849;26;;;10823.5;0.0
av_WHEAT_d1;2200;ASH_COATED_OSMIUM;9903;14;9899;14;;;9909;16;9912;21;;;9906.0;0.0
av_WHEAT_d1;2200;INTARIAN_PEPPER_ROOT;10820;14;10817;21;;;10829;10;10832;16;;;10824.5;0.0
av_WHEAT_d1;2300;ASH_COATED_OSMIUM;9903;13;9900;8;;;9909;21;9912;21;;;9906.0;0.0
av_WHEAT_d1;2300;INTARIAN_PEPPER_ROOT;10820;16;10816;12;;;10833;11;10835;22;;;10826.5;0.0
av_WHEAT_d1;2400;ASH_COATED_OSMIUM;9898;14;9894;17;;;9915;19;9917;15;;;9906.5;0.0
av_WHEAT_d1;2400;INTARIAN_PEPPER_ROOT;10819;20;10815;15;;;10833;24;10837;19;;;10826.0;0.0
av_WHEAT_d1;2500;ASH_COATED_OSMIUM;9904;13;9902;22;;;9910;12;9914;22;;;9907.0;0.0
av_WHEAT_d1;2500;INTARIAN_PEPPER_ROOT;10825;7;10823;20;;;10831;17;10835;26;;;10828.0;0.0
av_WHEAT_d1;2600;ASH_COATED_OSMIUM;9904;10;9901;19;;;9910;9;9912;29;;;9907.0;0.0
av_WHEAT_d1;2600;INTARIAN_PEPPER_ROOT;10825;11;10823;17;;;10831;19;10833;13;;;10828.0;0.0
av_WHEAT_d1;2700;ASH_COATED_OSMIUM;9904;21;9900;26;;;9910;22;9914;15;;;9907.0;0.0
av_WHEAT_d1;2700;INTARIAN_PEPPER_ROOT;10821;14;10819;20;;;10837;20;10840;21;;;10829.0;0.0
av_WHEAT_d1;2800;ASH_COATED_OSMIUM;9904;14;9900;19;;;9912;18;9916;25;;;9908.0;0.0
av_WHEAT_d1;2800;INTARIAN_PEPPER_ROOT;10827;16;10824;27;;;10833;29;10835;14;;;10830.0;0.0
av_WHEAT_d1;2900;ASH_COATED_OSMIUM;9905;12;9901;20;;;9911;15;9915;22;;;9908.0;0.0
av_WHEAT_d1;2900;INTARIAN_PEPPER_ROOT;10827;15;10825;19;;;10836;5;10840;18;;;10831.5;0.0
av_WHEAT_d1;3000;ASH_COATED_OSMIUM;9889;9;9886;26;;;9928;20;9931;10;;;9908.5;0.0
av_WHEAT_d1;3000;INTARIAN_PEPPER_ROOT;10830;27;10827;27;;;10836;21;10840;22;;;10833.0;0.0
av_WHEAT_d1;3100;ASH_COATED_OSMIUM;9905;20;9902;12;;;9913;24;9915;20;;;9909.0;0.0
av_WHEAT_d1;3100;INTARIAN_PEPPER_ROOT;10831;8;10828;15;;;10838;13;10841;20;;;10834.5;0.0
av_WHEAT_d1;3200;ASH_COATED_OSMIUM;9906;8;9902;23;;;9912;15;9915;24;;;9909.0;0.0
av_WHEAT_d1;3200;INTARIAN_PEPPER_ROOT;10832;16;10828;24;;;10838;13;10842;11;;;10835.0;0.0
av_WHEAT_d1;3300;ASH_COATED_OSMIUM;9902;20;9899;25;;;9917;10;9920;27;;;9909.5;0.0
av_WHEAT_d1;3300;INTARIAN_PEPPER_ROOT;10832;20;10829;22;;;10838;14;10840;14;;;10835.0;0.0
av_WHEAT_d1;3400;ASH_COATED_OSMIUM;9907;23;9903;13;;;9913;14;9915;23;;;9910.0;0.0
av_WHEAT_d1;3400;INTARIAN_PEPPER_ROOT;10832;15;10829;13;;;10841;5;10845;17;;;10836.5;0.0
av_WHEAT_d1;3500;ASH_COATED_OSMIUM;9907;7;9903;23;;;9913;10;9916;21;;;9910.0;0.0
av_WHEAT_d1;3500;INTARIAN_PEPPER_ROOT;10831;14;10827;23;;;10844;12;10846;21;;;10837.5;0.0
av_WHEAT_d1;3600;ASH_COATED_OSMIUM;9907;20;9905;28;;;9913;23;9917;12;;;9910.0;0.0
av_WHEAT_d1;3600;INTARIAN_PEPPER_ROOT;10834;15;10832;15;;;10842;17;10845;19;;;10838.0;0.0
av_WHEAT_d1;3700;ASH_COATED_OSMIUM;9908;25;9904;24;;;9914;22;9918;24;;;9911.0;0.0
av_WHEAT_d1;3700;INTARIAN_PEPPER_ROOT;10837;13;10833;18;;;10843;14;10846;17;;;10840.0;0.0
av_WHEAT_d1;3800;ASH_COATED_OSMIUM;9903;13;9901;17;;;9919;19;9922;16;;;9911.0;0.0
av_WHEAT_d1;3800;INTARIAN_PEPPER_ROOT;10837;10;10834;17;;;10843;16;10846;23;;;10840.0;0.0
av_WHEAT_d1;3900;ASH_COATED_OSMIUM;9909;12;9906;9;;;9915;23;9918;23;;;9912.0;0.0
av_WHEAT_d1;3900;INTARIAN_PEPPER_ROOT;10838;12;10834;15;;;10844;17;10846;13;;;10841.0;0.0
av_WHEAT_d1;4000;ASH_COATED_OSMIUM;9901;17;9899;25;;;9922;21;9926;12;;;9911.5;0.0
av_WHEAT_d1;4000;INTARIAN_PEPPER_ROOT;10839;17;10835;25;;;10845;19;10847;17;;;10842.0;0.0
av_WHEAT_d1;4100;ASH_COATED_OSMIUM;9909;20;9906;20;;;9915;16;9918;32;;;9912.0;0.0
av_WHEAT_d1;4100;INTARIAN_PEPPER_ROOT;10838;21;10834;15;;;10848;11;10852;21;;;10843.0;0.0
av_WHEAT_d1;4200;ASH_COATED_OSMIUM;9909;15;9907;16;;;9915;20;9919;16;;;9912.0;0.0
av_WHEAT_d1;4200;INTARIAN_PEPPER_ROOT;10840;17;10838;17;;;10850;14;10854;17;;;10845.0;0.0
av_WHEAT_d1;4300;ASH_COATED_OSMIUM;9902;21;9900;19;;;9923;16;9925;20;;;9912.5;0.0
av_WHEAT_d1;4300;INTARIAN_PEPPER_ROOT;10842;12;10840;27;;;10848;11;10851;22;;;10845.0;0.0
av_WHEAT_d1;4400;ASH_COATED_OSMIUM;9910;18;9908;19;;;9916;7;9918;19;;;9913.0;0.0
av_WHEAT_d1;4400;INTARIAN_PEPPER_ROOT;10843;15;10841;18;;;10849;8;10853;8;;;10846.0;0.0
av_WHEAT_d1;4500;ASH_COATED_OSMIUM;9910;9;9907;19;;;9916;21;9920;21;;;9913.0;0.0
av_WHEAT_d1;4500;INTARIAN_PEPPER_ROOT;10841;12;10838;30;;;10852;17;10856;15;;;10846.5;0.0
av_WHEAT_d1;4600;ASH_COATED_OSMIUM;9911;5;9909;22;;;9917;11;9920;18;;;9914.0;0.0
av_WHEAT_d1;4600;INTARIAN_PEPPER_ROOT;10845;15;10842;20;;;10851;7;10853;24;;;10848.0;0.0
av_WHEAT_d1;4700;ASH_COATED_OSMIUM;9907;20;9904;26;;;9920;19;9922;11;;;9913.5;0.0
av_WHEAT_d1;4700;INTARIAN_PEPPER_ROOT;10846;28;10844;17;;;10852;16;10856;18;;;10849.0;0.0
av_WHEAT_d1;4800;ASH_COATED_OSMIUM;9908;14;9904;11;;;9920;11;9923;23;;;9914.0;0.0
av_WHEAT_d1;4800;INTARIAN_PEPPER_ROOT;10848;17;10846;16;;;10854;11;10856;22;;;10851.0;0.0
av_WHEAT_d1;4900;ASH_COATED_OSMIUM;9911;13;9907;18;;;9917;17;9919;21;;;9914.0;0.0
av_WHEAT_d1;4900;INTARIAN_PEPPER_ROOT;10848;21;10845;21;;;10854;20;10856;22;;;10851.0;0.0
av_WHEAT_d1;5000;ASH_COATED_OSMIUM;9911;13;9909;8;;;9917;9;9921;24;;;9914.0;0.0
av_WHEAT_d1;5000;INTARIAN_PEPPER_ROOT;10848;27;10846;23;;;10855;14;10859;21;;;10851.5;0.0
av_WHEAT_d1;5100;ASH_COATED_OSMIUM;9911;14;9909;22;;;9918;9;9922;14;;;9914.5;0.0
av_WHEAT_d1;5100;INTARIAN_PEPPER_ROOT;10849;19;10845;20;;;10858;24;10862;15;;;10853.5;0.0
av_WHEAT_d1;5200;ASH_COATED_OSMIUM;9913;18;9911;17;;;9919;7;9923;24;;;9916.0;0.0
av_WHEAT_d1;5200;INTARIAN_PEPPER_ROOT;10848;24;10844;19;;;10859;19;10862;25;;;10853.5;0.0
av_WHEAT_d1;5300;ASH_COATED_OSMIUM;9912;17;9909;18;;;9919;11;9922;22;;;9915.5;0.0
av_WHEAT_d1;5300;INTARIAN_PEPPER_ROOT;10852;14;10850;14;;;10858;16;10860;16;;;10855.0;0.0
av_WHEAT_d1;5400;ASH_COATED_OSMIUM;9908;18;9904;17;;;9924;17;9927;20;;;9916.0;0.0
av_WHEAT_d1;5400;INTARIAN_PEPPER_ROOT;10844;12;10841;16;;;10870;27;10874;19;;;10857.0;0.0
av_WHEAT_d1;5500;ASH_COATED_OSMIUM;9903;18;9899;26;;;9929;21;9933;22;;;9916.0;0.0
av_WHEAT_d1;5500;INTARIAN_PEPPER_ROOT;10854;16;10851;24;;;10860;18;10862;24;;;10857.0;0.0
av_WHEAT_d1;5600;ASH_COATED_OSMIUM;9914;13;9910;20;;;9920;9;9924;29;;;9917.0;0.0
av_WHEAT_d1;5600;INTARIAN_PEPPER_ROOT;10843;7;10841;13;;;10874;15;10876;23;;;10858.5;0.0
av_WHEAT_d1;5700;ASH_COATED_OSMIUM;9914;12;9911;8;;;9920;28;9924;18;;;9917.0;0.0
av_WHEAT_d1;5700;INTARIAN_PEPPER_ROOT;10849;11;10847;11;;;10869;15;10871;13;;;10859.0;0.0
av_WHEAT_d1;5800;ASH_COATED_OSMIUM;9911;13;9907;22;;;9923;10;9927;29;;;9917.0;0.0
av_WHEAT_d1;5800;INTARIAN_PEPPER_ROOT;10854;10;10851;17;;;10866;8;10868;22;;;10860.0;0.0
av_WHEAT_d1;5900;ASH_COATED_OSMIUM;9914;9;9911;24;;;9920;10;9924;13;;;9917.0;0.0
av_WHEAT_d1;5900;INTARIAN_PEPPER_ROOT;10858;15;10855;20;;;10864;14;10866;14;;;10861.0;0.0
av_WHEAT_d1;6000;ASH_COATED_OSMIUM;9915;10;9913;19;;;9921;7;9923;24;;;9918.0;0.0
av_WHEAT_d1;6000;INTARIAN_PEPPER_ROOT;10857;14;10853;24;;;10867;9;10871;21;;;10862.0;0.0
av_WHEAT_d1;6100;ASH_COATED_OSMIUM;9915;20;9912;25;;;9921;5;9925;20;;;9918.0;0.0
av_WHEAT_d1;6100;INTARIAN_PEPPER_ROOT;10851;15;10848;16;;;10876;9;10878;20;;;10863.5;0.0
av_WHEAT_d1;6200;ASH_COATED_OSMIUM;9912;9;9909;13;;;9924;12;9928;16;;;9918.0;0.0
av_WHEAT_d1;6200;INTARIAN_PEPPER_ROOT;10858;9;10854;22;;;10871;8;10875;16;;;10864.5;0.0
av_WHEAT_d1;6300;ASH_COATED_OSMIUM;9914;21;9910;19;;;9922;17;9924;22;;;9918.0;0.0
av_WHEAT_d1;6300;INTARIAN_PEPPER_ROOT;10862;12;10858;15;;;10868;14;10870;23;;;10865.0;0.0
av_WHEAT_d1;6400;ASH_COATED_OSMIUM;9910;26;9908;21;;;9928;10;9932;14;;;9919.0;0.0
av_WHEAT_d1;6400;INTARIAN_PEPPER_ROOT;10863;19;10859;13;;;10869;24;10872;16;;;10866.0;0.0
av_WHEAT_d1;6500;ASH_COATED_OSMIUM;9916;17;9912;28;;;9922;18;9924;24;;;9919.0;0.0
av_WHEAT_d1;6500;INTARIAN_PEPPER_ROOT;10864;24;10862;27;;;10870;6;10874;17;;;10867.0;0.0
av_WHEAT_d1;6600;ASH_COATED_OSMIUM;9916;11;9914;16;;;9922;19;9926;22;;;9919.0;0.0
av_WHEAT_d1;6600;INTARIAN_PEPPER_ROOT;10865;12;10861;16;;;10871;12;10873;22;;;10868.0;0.0
av_WHEAT_d1;6700;ASH_COATED_OSMIUM;9916;20;9912;15;;;9924;11;9926;22;;;9920.0;0.0
av_WHEAT_d1;6700;INTARIAN_PEPPER_ROOT;10866;17;10864;14;;;10872;30;10874;14;;;10869.0;0.0
av_WHEAT_d1;6800;ASH_COATED_OSMIUM;9914;13;9912;8;;;9927;23;9929;20;;;9920.5;0.0
av_WHEAT_d1;6800;INTARIAN_PEPPER_ROOT;10867;5;10864;22;;;10873;16;10877;18;;;10870.0;0.0
av_WHEAT_d1;6900;ASH_COATED_OSMIUM;9917;19;9915;18;;;9923;5;9927;27;;;9920.0;0.0
av_WHEAT_d1;6900;INTARIAN_PEPPER_ROOT;10867;5;10864;17;;;10876;14;10879;13;;;10871.5;0.0
av_WHEAT_d1;7000;ASH_COATED_OSMIUM;9918;14;9915;21;;;9924;15;9927;9;;;9921.0;0.0
av_WHEAT_d1;7000;INTARIAN_PEPPER_ROOT;10866;18;10864;12;;;10880;10;10883;16;;;10873.0;0.0
av_WHEAT_d1;7100;ASH_COATED_OSMIUM;9918;17;9916;20;;;9924;18;9927;22;;;9921.0;0.0
av_WHEAT_d1;7100;INTARIAN_PEPPER_ROOT;10869;17;10866;18;;;10875;16;10877;19;;;10872.0;0.0
av_WHEAT_d1;7200;ASH_COATED_OSMIUM;9918;9;9915;22;;;9924;10;9926;18;;;9921.0;0.0
av_WHEAT_d1;7200;INTARIAN_PEPPER_ROOT;10863;12;10859;19;;;10883;22;10886;17;;;10873.0;0.0
av_WHEAT_d1;7300;ASH_COATED_OSMIUM;9915;16;9912;26;;;9928;8;9931;20;;;9921.5;0.0
av_WHEAT_d1;7300;INTARIAN_PEPPER_ROOT;10870;17;10866;20;;;10878;15;10880;18;;;10874.0;0.0
av_WHEAT_d1;7400;ASH_COATED_OSMIUM;9919;8;9916;22;;;9925;12;9929;15;;;9922.0;0.0
av_WHEAT_d1;7400;INTARIAN_PEPPER_ROOT;10873;20;10870;26;;;10879;12;10882;19;;;10876.0;0.0
av_WHEAT_d1;7500;ASH_COATED_OSMIUM;9916;10;9912;25;;;9928;16;9932;22;;;9922.0;0.0
av_WHEAT_d1;7500;INTARIAN_PEPPER_ROOT;10874;9;10870;21;;;10880;13;10883;11;;;10877.0;0.0
av_WHEAT_d1;7600;ASH_COATED_OSMIUM;9918;7;9915;21;;;9926;19;9930;23;;;9922.0;0.0
av_WHEAT_d1;7600;INTARIAN_PEPPER_ROOT;10875;26;10872;21;;;10881;8;10883;25;;;10878.0;0.0
av_WHEAT_d1;7700;ASH_COATED_OSMIUM;9902;15;9898;22;;;9943;17;9946;27;;;9922.5;0.0
av_WHEAT_d1;7700;INTARIAN_PEPPER_ROOT;10876;16;10874;23;;;10882;20;10885;19;;;10879.0;0.0
av_WHEAT_d1;7800;ASH_COATED_OSMIUM;9919;19;9917;20;;;9927;14;9929;15;;;9923.0;0.0
av_WHEAT_d1;7800;INTARIAN_PEPPER_ROOT;10876;17;10873;17;;;10884;17;10887;21;;;10880.0;0.0
av_WHEAT_d1;7900;ASH_COATED_OSMIUM;9921;11;9917;22;;;9927;25;9930;20;;;9924.0;0.0
av_WHEAT_d1;7900;INTARIAN_PEPPER_ROOT;10878;15;10876;27;;;10884;10;10886;16;;;10881.0;0.0
av_WHEAT_d1;8000;ASH_COATED_OSMIUM;9921;20;9919;21;;;9927;15;9931;8;;;9924.0;0.0
av_WHEAT_d1;8000;INTARIAN_PEPPER_ROOT;10879;12;10877;22;;;10885;23;10887;13;;;10882.0;0.0
av_WHEAT_d1;8100;ASH_COATED_OSMIUM;9919;8;9917;18;;;9928;9;9930;24;;;9923.5;0.0
av_WHEAT_d1;8100;INTARIAN_PEPPER_ROOT;10875;26;10872;19;;;10891;9;10894;10;;;10883.0;0.0
av_WHEAT_d1;8200;ASH_COATED_OSMIUM;9922;22;9918;11;;;9928;21;9930;33;;;9925.0;0.0
av_WHEAT_d1;8200;INTARIAN_PEPPER_ROOT;10881;15;10877;14;;;10887;10;10889;14;;;10884.0;0.0
av_WHEAT_d1;8300;ASH_COATED_OSMIUM;9909;16;9906;22;;;9940;13;9943;27;;;9924.5;0.0
av_WHEAT_d1;8300;INTARIAN_PEPPER_ROOT;10882;23;10878;25;;;10888;25;10890;19;;;10885.0;0.0
av_WHEAT_d1;8400;ASH_COATED_OSMIUM;9923;15;9920;20;;;9929;24;9932;20;;;9926.0;0.0
av_WHEAT_d1;8400;INTARIAN_PEPPER_ROOT;10868;12;10865;19;;;10904;10;10906;15;;;10886.0;0.0
av_WHEAT_d1;8500;ASH_COATED_OSMIUM;9923;15;9919;15;;;9929;5;9931;21;;;9926.0;0.0
av_WHEAT_d1;8500;INTARIAN_PEPPER_ROOT;10883;7;10879;20;;;10890;13;10893;21;;;10886.5;0.0
av_WHEAT_d1;8600;ASH_COATED_OSMIUM;9923;13;9919;24;;;9929;20;9933;22;;;9926.0;0.0
av_WHEAT_d1;8600;INTARIAN_PEPPER_ROOT;10885;15;10881;18;;;10891;14;10893;19;;;10888.0;0.0
av_WHEAT_d1;8700;ASH_COATED_OSMIUM;9923;13;9920;17;;;9929;15;9931;23;;;9926.0;0.0
av_WHEAT_d1;8700;INTARIAN_PEPPER_ROOT;10884;16;10881;14;;;10894;14;10897;23;;;10889.0;0.0
av_WHEAT_d1;8800;ASH_COATED_OSMIUM;9924;15;9922;17;;;9930;11;9932;26;;;9927.0;0.0
av_WHEAT_d1;8800;INTARIAN_PEPPER_ROOT;10882;24;10879;16;;;10897;9;10899;22;;;10889.5;0.0
av_WHEAT_d1;8900;ASH_COATED_OSMIUM;9923;7;9919;23;;;9929;16;9931;17;;;9926.0;0.0
av_WHEAT_d1;8900;INTARIAN_PEPPER_ROOT;10884;29;10881;24;;;10897;17;10899;19;;;10890.5;0.0
av_WHEAT_d1;9000;ASH_COATED_OSMIUM;9924;26;9922;12;;;9930;10;9934;24;;;9927.0;0.0
av_WHEAT_d1;9000;INTARIAN_PEPPER_ROOT;10878;21;10874;17;;;10905;20;10909;15;;;10891.5;0.0
av_WHEAT_d1;9100;ASH_COATED_OSMIUM;9922;15;9919;15;;;9932;11;9934;25;;;9927.0;0.0
av_WHEAT_d1;9100;INTARIAN_PEPPER_ROOT;10890;22;10886;22;;;10896;6;10899;19;;;10893.0;0.0
av_WHEAT_d1;9200;ASH_COATED_OSMIUM;9925;26;9922;19;;;9931;12;9935;12;;;9928.0;0.0
av_WHEAT_d1;9200;INTARIAN_PEPPER_ROOT;10891;14;10887;18;;;10897;24;10899;12;;;10894.0;0.0
av_WHEAT_d1;9300;ASH_COATED_OSMIUM;9925;20;9923;20;;;9931;12;9933;20;;;9928.0;0.0
av_WHEAT_d1;9300;INTARIAN_PEPPER_ROOT;10890;21;10886;22;;;10899;17;10901;27;;;10894.5;0.0
av_WHEAT_d1;9400;ASH_COATED_OSMIUM;9921;17;9918;18;;;9936;25;9939;26;;;9928.5;0.0
av_WHEAT_d1;9400;INTARIAN_PEPPER_ROOT;10892;10;10888;16;;;10898;10;10900;11;;;10895.0;0.0
av_WHEAT_d1;9500;ASH_COATED_OSMIUM;9925;22;9923;13;;;9931;13;9933;16;;;9928.0;0.0
av_WHEAT_d1;9500;INTARIAN_PEPPER_ROOT;10892;10;10888;20;;;10901;16;10905;23;;;10896.5;0.0
av_WHEAT_d1;9600;ASH_COATED_OSMIUM;9923;13;9921;27;;;9935;20;9938;13;;;9929.0;0.0
av_WHEAT_d1;9600;INTARIAN_PEPPER_ROOT;10894;12;10890;19;;;10900;19;10903;14;;;10897.0;0.0
av_WHEAT_d1;9700;ASH_COATED_OSMIUM;9926;18;9922;19;;;9932;18;9935;18;;;9929.0;0.0
av_WHEAT_d1;9700;INTARIAN_PEPPER_ROOT;10893;17;10891;26;;;10904;12;10907;16;;;10898.5;0.0
av_WHEAT_d1;9800;ASH_COATED_OSMIUM;9926;9;9923;16;;;9932;9;9935;23;;;9929.0;0.0
av_WHEAT_d1;9800;INTARIAN_PEPPER_ROOT;10887;26;10885;26;;;10912;16;10915;13;;;10899.5;0.0
av_WHEAT_d1;9900;ASH_COATED_OSMIUM;9917;5;9915;19;;;9942;14;9944;19;;;9929.5;0.0
av_WHEAT_d1;9900;INTARIAN_PEPPER_ROOT;10890;14;10888;26;;;10910;15;10913;19;;;10900.0;0.0
av_WHEAT_d1;10000;ASH_COATED_OSMIUM;9927;13;9924;17;;;9933;14;9937;17;;;9930.0;0.0
av_WHEAT_d1;10000;INTARIAN_PEPPER_ROOT;10898;15;10895;27;;;10904;12;10907;20;;;10901.0;0.0
av_WHEAT_d1;10100;ASH_COATED_OSMIUM;9926;25;9924;15;;;9935;13;9937;12;;;9930.5;0.0
av_WHEAT_d1;10100;INTARIAN_PEPPER_ROOT;10899;24;10895;20;;;10906;14;10909;22;;;10902.5;0.0
av_WHEAT_d1;10200;ASH_COATED_OSMIUM;9928;17;9924;9;;;9934;5;9936;21;;;9931.0;0.0
av_WHEAT_d1;10200;INTARIAN_PEPPER_ROOT;10893;5;10890;16;;;10913;11;10915;29;;;10903.0;0.0
av_WHEAT_d1;10300;ASH_COATED_OSMIUM;9927;16;9924;21;;;9933;9;9936;21;;;9930.0;0.0
av_WHEAT_d1;10300;INTARIAN_PEPPER_ROOT;10901;15;10899;24;;;10907;13;10909;11;;;10904.0;0.0
av_WHEAT_d1;10400;ASH_COATED_OSMIUM;9926;20;9924;17;;;9936;12;9939;30;;;9931.0;0.0
av_WHEAT_d1;10400;INTARIAN_PEPPER_ROOT;10902;24;10898;17;;;10908;16;10912;11;;;10905.0;0.0
av_WHEAT_d1;10500;ASH_COATED_OSMIUM;9928;13;9925;27;;;9934;12;9937;18;;;9931.0;0.0
av_WHEAT_d1;10500;INTARIAN_PEPPER_ROOT;10887;12;10884;20;;;10925;17;10929;20;;;10906.0;0.0
av_WHEAT_d1;10600;ASH_COATED_OSMIUM;9929;20;9927;17;;;9935;14;9938;17;;;9932.0;0.0
av_WHEAT_d1;10600;INTARIAN_PEPPER_ROOT;10896;9;10893;23;;;10918;13;10921;14;;;10907.0;0.0
av_WHEAT_d1;10700;ASH_COATED_OSMIUM;9927;11;9923;13;;;9938;14;9942;18;;;9932.5;0.0
av_WHEAT_d1;10700;INTARIAN_PEPPER_ROOT;10906;11;10903;24;;;10912;17;10914;19;;;10909.0;0.0
av_WHEAT_d1;10800;ASH_COATED_OSMIUM;9926;13;9923;8;;;9939;17;9942;17;;;9932.5;0.0
av_WHEAT_d1;10800;INTARIAN_PEPPER_ROOT;10902;8;10900;24;;;10917;11;10921;24;;;10909.5;0.0
av_WHEAT_d1;10900;ASH_COATED_OSMIUM;9930;10;9928;28;;;9936;22;9940;17;;;9933.0;0.0
av_WHEAT_d1;10900;INTARIAN_PEPPER_ROOT;10897;16;10895;16;;;10922;17;10925;23;;;10909.5;0.0
av_WHEAT_d1;11000;ASH_COATED_OSMIUM;9930;17;9927;25;;;9936;8;9939;21;;;9933.0;0.0
av_WHEAT_d1;11000;INTARIAN_PEPPER_ROOT;10908;17;10904;23;;;10914;17;10916;19;;;10911.0;0.0
av_WHEAT_d1;11100;ASH_COATED_OSMIUM;9925;20;9922;15;;;9942;14;9946;8;;;9933.5;0.0
av_WHEAT_d1;11100;INTARIAN_PEPPER_ROOT;10909;9;10905;20;;;10915;14;10918;13;;;10912.0;0.0
av_WHEAT_d1;11200;ASH_COATED_OSMIUM;9931;10;9927;21;;;9937;9;9939;12;;;9934.0;0.0
av_WHEAT_d1;11200;INTARIAN_PEPPER_ROOT;10909;18;10905;22;;;10917;16;10920;26;;;10913.0;0.0
av_WHEAT_d1;11300;ASH_COATED_OSMIUM;9931;16;9929;18;;;9937;10;9941;17;;;9934.0;0.0
av_WHEAT_d1;11300;INTARIAN_PEPPER_ROOT;10911;17;10908;17;;;10917;13;10920;22;;;10914.0;0.0
av_WHEAT_d1;11400;ASH_COATED_OSMIUM;9931;11;9927;13;;;9937;19;9940;32;;;9934.0;0.0
av_WHEAT_d1;11400;INTARIAN_PEPPER_ROOT;10908;5;10904;19;;;10921;17;10923;19;;;10914.5;0.0
av_WHEAT_d1;11500;ASH_COATED_OSMIUM;9931;21;9928;24;;;9937;15;9939;15;;;9934.0;0.0
av_WHEAT_d1;11500;INTARIAN_PEPPER_ROOT;10911;14;10907;26;;;10920;10;10923;15;;;10915.5;0.0
av_WHEAT_d1;11600;ASH_COATED_OSMIUM;9932;14;9928;25;;;9938;9;9942;14;;;9935.0;0.0
av_WHEAT_d1;11600;INTARIAN_PEPPER_ROOT;10913;15;10909;13;;;10919;18;10923;31;;;10916.0;0.0
av_WHEAT_d1;11700;ASH_COATED_OSMIUM;9932;18;9928;24;;;9938;21;9940;23;;;9935.0;0.0
av_WHEAT_d1;11700;INTARIAN_PEPPER_ROOT;10915;21;10911;24;;;10921;21;10925;14;;;10918.0;0.0
av_WHEAT_d1;11800;ASH_COATED_OSMIUM;9932;13;9929;23;;;9938;5;9940;27;;;9935.0;0.0
av_WHEAT_d1;11800;INTARIAN_PEPPER_ROOT;10916;20;10914;19;;;10922;12;10926;17;;;10919.0;0.0
av_WHEAT_d1;11900;ASH_COATED_OSMIUM;9928;14;9924;14;;;9944;5;9947;13;;;9936.0;0.0
av_WHEAT_d1;11900;INTARIAN_PEPPER_ROOT;10917;15;10913;24;;;10923;14;10927;17;;;10920.0;0.0
av_WHEAT_d1;12000;ASH_COATED_OSMIUM;9933;9;9929;14;;;9939;16;9941;23;;;9936.0;0.0
av_WHEAT_d1;12000;INTARIAN_PEPPER_ROOT;10919;11;10915;19;;;10925;11;10929;8;;;10922.0;0.0
av_WHEAT_d1;12100;ASH_COATED_OSMIUM;9933;5;9931;25;;;9939;17;9942;16;;;9936.0;0.0
av_WHEAT_d1;12100;INTARIAN_PEPPER_ROOT;10919;10;10915;19;;;10925;15;10928;21;;;10922.0;0.0
av_WHEAT_d1;12200;ASH_COATED_OSMIUM;9933;8;9930;24;;;9939;18;9942;16;;;9936.0;0.0
av_WHEAT_d1;12200;INTARIAN_PEPPER_ROOT;10920;21;10918;11;;;10926;14;10929;11;;;10923.0;0.0
av_WHEAT_d1;12300;ASH_COATED_OSMIUM;9934;10;9932;14;;;9940;9;9942;15;;;9937.0;0.0
av_WHEAT_d1;12300;INTARIAN_PEPPER_ROOT;10921;19;10917;17;;;10927;10;10929;20;;;10924.0;0.0
av_WHEAT_d1;12400;ASH_COATED_OSMIUM;9935;26;9931;22;;;9941;16;9943;14;;;9938.0;0.0
av_WHEAT_d1;12400;INTARIAN_PEPPER_ROOT;10922;9;10918;15;;;10928;18;10931;13;;;10925.0;0.0
av_WHEAT_d1;12500;ASH_COATED_OSMIUM;9932;13;9929;14;;;9943;10;9947;21;;;9937.5;0.0
av_WHEAT_d1;12500;INTARIAN_PEPPER_ROOT;10920;19;10917;18;;;10932;19;10936;24;;;10926.0;0.0
av_WHEAT_d1;12600;ASH_COATED_OSMIUM;9935;13;9933;23;;;9941;7;9943;15;;;9938.0;0.0
av_WHEAT_d1;12600;INTARIAN_PEPPER_ROOT;10924;15;10922;11;;;10930;17;10933;26;;;10927.0;0.0
av_WHEAT_d1;12700;ASH_COATED_OSMIUM;9936;8;9934;29;;;9942;11;9945;8;;;9939.0;0.0
av_WHEAT_d1;12700;INTARIAN_PEPPER_ROOT;10921;14;10918;21;;;10936;14;10939;15;;;10928.5;0.0
av_WHEAT_d1;12800;ASH_COATED_OSMIUM;9936;12;9932;22;;;9942;17;9944;14;;;9939.0;0.0
av_WHEAT_d1;12800;INTARIAN_PEPPER_ROOT;10927;14;10923;23;;;10933;19;10936;19;;;10930.0;0.0
av_WHEAT_d1;12900;ASH_COATED_OSMIUM;9936;11;9933;14;;;9942;13;9946;31;;;9939.0;0.0
av_WHEAT_d1;12900;INTARIAN_PEPPER_ROOT;10927;12;10925;16;;;10933;12;10936;16;;;10930.0;0.0
av_WHEAT_d1;13000;ASH_COATED_OSMIUM;9936;5;9934;17;;;9942;8;9945;17;;;9939.0;0.0
av_WHEAT_d1;13000;INTARIAN_PEPPER_ROOT;10928;17;10926;14;;;10934;7;10937;30;;;10931.0;0.0
av_WHEAT_d1;13100;ASH_COATED_OSMIUM;9936;13;9932;17;;;9942;18;9946;14;;;9939.0;0.0
av_WHEAT_d1;13100;INTARIAN_PEPPER_ROOT;10929;19;10927;21;;;10935;15;10937;22;;;10932.0;0.0
av_WHEAT_d1;13200;ASH_COATED_OSMIUM;9936;9;9932;27;;;9943;11;9945;27;;;9939.5;0.0
av_WHEAT_d1;13200;INTARIAN_PEPPER_ROOT;10930;13;10928;19;;;10936;20;10940;20;;;10933.0;0.0
av_WHEAT_d1;13300;ASH_COATED_OSMIUM;9937;16;9933;23;;;9943;14;9946;17;;;9940.0;0.0
av_WHEAT_d1;13300;INTARIAN_PEPPER_ROOT;10927;16;10924;19;;;10940;13;10942;18;;;10933.5;0.0
av_WHEAT_d1;13400;ASH_COATED_OSMIUM;9937;23;9933;27;;;9943;13;9945;20;;;9940.0;0.0
av_WHEAT_d1;13400;INTARIAN_PEPPER_ROOT;10930;26;10926;11;;;10940;30;10943;24;;;10935.0;0.0
av_WHEAT_d1;13500;ASH_COATED_OSMIUM;9937;23;9934;13;;;9943;15;9946;10;;;9940.0;0.0
av_WHEAT_d1;13500;INTARIAN_PEPPER_ROOT;10929;18;10927;29;;;10943;22;10947;19;;;10936.0;0.0
av_WHEAT_d1;13600;ASH_COATED_OSMIUM;9938;16;9935;20;;;9944;20;9947;25;;;9941.0;0.0
av_WHEAT_d1;13600;INTARIAN_PEPPER_ROOT;10933;8;10929;23;;;10939;21;10943;20;;;10936.0;0.0
av_WHEAT_d1;13700;ASH_COATED_OSMIUM;9938;17;9935;26;;;9944;21;9946;19;;;9941.0;0.0
av_WHEAT_d1;13700;INTARIAN_PEPPER_ROOT;10935;8;10933;17;;;10941;12;10943;31;;;10938.0;0.0
av_WHEAT_d1;13800;ASH_COATED_OSMIUM;9938;16;9935;17;;;9944;14;9946;28;;;9941.0;0.0
av_WHEAT_d1;13800;INTARIAN_PEPPER_ROOT;10935;9;10931;18;;;10941;18;10944;14;;;10938.0;0.0
av_WHEAT_d1;13900;ASH_COATED_OSMIUM;9938;11;9936;16;;;9944;8;9947;19;;;9941.0;0.0
av_WHEAT_d1;13900;INTARIAN_PEPPER_ROOT;10933;16;10930;12;;;10947;25;10951;18;;;10940.0;0.0
av_WHEAT_d1;14000;ASH_COATED_OSMIUM;9939;10;9937;28;;;9945;9;9949;15;;;9942.0;0.0
av_WHEAT_d1;14000;INTARIAN_PEPPER_ROOT;10938;16;10934;16;;;10944;13;10947;15;;;10941.0;0.0
av_WHEAT_d1;14100;ASH_COATED_OSMIUM;9940;8;9938;16;;;9946;11;9950;14;;;9943.0;0.0
av_WHEAT_d1;14100;INTARIAN_PEPPER_ROOT;10939;14;10937;17;;;10945;21;10947;17;;;10942.0;0.0
av_WHEAT_d1;14200;ASH_COATED_OSMIUM;9939;7;9937;13;;;9945;14;9947;23;;;9942.0;0.0
av_WHEAT_d1;14200;INTARIAN_PEPPER_ROOT;10938;23;10935;10;;;10947;10;10951;20;;;10942.5;0.0
av_WHEAT_d1;14300;ASH_COATED_OSMIUM;9940;13;9937;22;;;9946;25;9948;15;;;9943.0;0.0
av_WHEAT_d1;14300;INTARIAN_PEPPER_ROOT;10941;18;10937;20;;;10947;16;10951;15;;;10944.0;0.0
av_WHEAT_d1;14400;ASH_COATED_OSMIUM;9940;13;9937;16;;;9946;10;9949;20;;;9943.0;0.0
av_WHEAT_d1;14400;INTARIAN_PEPPER_ROOT;10942;15;10940;20;;;10948;13;10952;22;;;10945.0;0.0
av_WHEAT_d1;14500;ASH_COATED_OSMIUM;9939;21;9937;19;;;9948;18;9950;15;;;9943.5;0.0
av_WHEAT_d1;14500;INTARIAN_PEPPER_ROOT;10941;21;10939;23;;;10951;11;10953;13;;;10946.0;0.0
av_WHEAT_d1;14600;ASH_COATED_OSMIUM;9941;14;9937;20;;;9947;22;9951;20;;;9944.0;0.0
av_WHEAT_d1;14600;INTARIAN_PEPPER_ROOT;10939;22;10936;27;;;10955;17;10959;16;;;10947.0;0.0
av_WHEAT_d1;14700;ASH_COATED_OSMIUM;9942;16;9938;16;;;9948;19;9950;20;;;9945.0;0.0
av_WHEAT_d1;14700;INTARIAN_PEPPER_ROOT;10944;14;10941;16;;;10951;11;10955;21;;;10947.5;0.0
av_WHEAT_d1;14800;ASH_COATED_OSMIUM;9936;13;9934;17;;;9952;18;9956;18;;;9944.0;0.0
av_WHEAT_d1;14800;INTARIAN_PEPPER_ROOT;10942;13;10939;11;;;10955;12;10958;18;;;10948.5;0.0
av_WHEAT_d1;14900;ASH_COATED_OSMIUM;9935;13;9933;12;;;9955;18;9959;26;;;9945.0;0.0
av_WHEAT_d1;14900;INTARIAN_PEPPER_ROOT;10946;21;10943;25;;;10953;12;10957;16;;;10949.5;0.0
av_WHEAT_d1;15000;ASH_COATED_OSMIUM;9940;15;9937;12;;;9951;7;9955;27;;;9945.5;0.0
av_WHEAT_d1;15000;INTARIAN_PEPPER_ROOT;10945;13;10941;24;;;10956;12;10959;23;;;10950.5;0.0
av_WHEAT_d1;15100;ASH_COATED_OSMIUM;9943;11;9940;29;;;9950;13;9952;21;;;9946.5;0.0
av_WHEAT_d1;15100;INTARIAN_PEPPER_ROOT;10948;20;10946;18;;;10954;20;10957;27;;;10951.0;0.0
av_WHEAT_d1;15200;ASH_COATED_OSMIUM;9943;11;9939;18;;;9949;6;9953;26;;;9946.0;0.0
av_WHEAT_d1;15200;INTARIAN_PEPPER_ROOT;10948;10;10946;16;;;10958;12;10962;19;;;10953.0;0.0
av_WHEAT_d1;15300;ASH_COATED_OSMIUM;9943;13;9940;26;;;9949;16;9953;16;;;9946.0;0.0
av_WHEAT_d1;15300;INTARIAN_PEPPER_ROOT;10948;12;10946;21;;;10959;19;10961;26;;;10953.5;0.0
av_WHEAT_d1;15400;ASH_COATED_OSMIUM;9943;9;9940;23;;;9949;17;9952;23;;;9946.0;0.0
av_WHEAT_d1;15400;INTARIAN_PEPPER_ROOT;10951;16;10947;18;;;10957;21;10960;17;;;10954.0;0.0
av_WHEAT_d1;15500;ASH_COATED_OSMIUM;9943;18;9941;19;;;9949;14;9953;27;;;9946.0;0.0
av_WHEAT_d1;15500;INTARIAN_PEPPER_ROOT;10949;13;10947;20;;;10963;15;10966;29;;;10956.0;0.0
av_WHEAT_d1;15600;ASH_COATED_OSMIUM;9944;15;9941;8;;;9951;16;9954;25;;;9947.5;0.0
av_WHEAT_d1;15600;INTARIAN_PEPPER_ROOT;10948;12;10946;15;;;10965;11;10969;21;;;10956.5;0.0
av_WHEAT_d1;15700;ASH_COATED_OSMIUM;9945;16;9941;23;;;9951;5;9953;22;;;9948.0;0.0
av_WHEAT_d1;15700;INTARIAN_PEPPER_ROOT;10954;24;10951;15;;;10960;20;10964;18;;;10957.0;0.0
av_WHEAT_d1;15800;ASH_COATED_OSMIUM;9944;23;9940;25;;;9950;24;9953;18;;;9947.0;0.0
av_WHEAT_d1;15800;INTARIAN_PEPPER_ROOT;10956;22;10952;26;;;10962;22;10964;16;;;10959.0;0.0
av_WHEAT_d1;15900;ASH_COATED_OSMIUM;9945;7;9941;29;;;9951;17;9954;28;;;9948.0;0.0
av_WHEAT_d1;15900;INTARIAN_PEPPER_ROOT;10956;17;10953;13;;;10962;14;10964;27;;;10959.0;0.0
av_WHEAT_d1;16000;ASH_COATED_OSMIUM;9945;9;9941;24;;;9952;20;9955;19;;;9948.5;0.0
av_WHEAT_d1;16000;INTARIAN_PEPPER_ROOT;10957;20;10953;32;;;10963;8;10966;19;;;10960.0;0.0
av_WHEAT_d1;16100;ASH_COATED_OSMIUM;9945;22;9942;19;;;9951;13;9954;20;;;9948.0;0.0
av_WHEAT_d1;16100;INTARIAN_PEPPER_ROOT;10959;10;10955;16;;;10965;21;10967;16;;;10962.0;0.0
av_WHEAT_d1;16200;ASH_COATED_OSMIUM;9946;16;9942;27;;;9952;14;9956;20;;;9949.0;0.0
av_WHEAT_d1;16200;INTARIAN_PEPPER_ROOT;10954;25;10950;21;;;10970;15;10972;14;;;10962.0;0.0
av_WHEAT_d1;16300;ASH_COATED_OSMIUM;9946;12;9943;26;;;9952;17;9954;15;;;9949.0;0.0
av_WHEAT_d1;16300;INTARIAN_PEPPER_ROOT;10960;11;10957;24;;;10966;10;10969;10;;;10963.0;0.0
av_WHEAT_d1;16400;ASH_COATED_OSMIUM;9945;10;9943;27;;;9953;18;9957;22;;;9949.0;0.0
av_WHEAT_d1;16400;INTARIAN_PEPPER_ROOT;10961;8;10958;16;;;10967;12;10971;17;;;10964.0;0.0
av_WHEAT_d1;16500;ASH_COATED_OSMIUM;9947;11;9945;17;;;9953;13;9957;22;;;9950.0;0.0
av_WHEAT_d1;16500;INTARIAN_PEPPER_ROOT;10963;10;10959;14;;;10969;15;10973;18;;;10966.0;0.0
av_WHEAT_d1;16600;ASH_COATED_OSMIUM;9946;10;9942;18;;;9954;20;9957;17;;;9950.0;0.0
av_WHEAT_d1;16600;INTARIAN_PEPPER_ROOT;10964;12;10961;10;;;10970;5;10972;19;;;10967.0;0.0
av_WHEAT_d1;16700;ASH_COATED_OSMIUM;9947;11;9943;21;;;9953;13;9956;25;;;9950.0;0.0
av_WHEAT_d1;16700;INTARIAN_PEPPER_ROOT;10959;12;10956;23;;;10975;10;10978;24;;;10967.0;0.0
av_WHEAT_d1;16800;ASH_COATED_OSMIUM;9948;12;9946;18;;;9954;20;9956;18;;;9951.0;0.0
av_WHEAT_d1;16800;INTARIAN_PEPPER_ROOT;10965;9;10963;21;;;10971;14;10975;22;;;10968.0;0.0
av_WHEAT_d1;16900;ASH_COATED_OSMIUM;9948;12;9944;11;;;9954;19;9956;14;;;9951.0;0.0
av_WHEAT_d1;16900;INTARIAN_PEPPER_ROOT;10966;22;10962;16;;;10972;7;10974;18;;;10969.0;0.0
av_WHEAT_d1;17000;ASH_COATED_OSMIUM;9948;5;9946;17;;;9954;15;9956;22;;;9951.0;0.0
av_WHEAT_d1;17000;INTARIAN_PEPPER_ROOT;10967;15;10964;24;;;10974;13;10976;14;;;10970.5;0.0
av_WHEAT_d1;17100;ASH_COATED_OSMIUM;9947;14;9943;27;;;9955;11;9959;18;;;9951.0;0.0
av_WHEAT_d1;17100;INTARIAN_PEPPER_ROOT;10967;14;10964;22;;;10977;22;10980;13;;;10972.0;0.0
av_WHEAT_d1;17200;ASH_COATED_OSMIUM;9948;7;9945;22;;;9954;10;9958;20;;;9951.0;0.0
av_WHEAT_d1;17200;INTARIAN_PEPPER_ROOT;10970;16;10968;25;;;10976;10;10978;21;;;10973.0;0.0
av_WHEAT_d1;17300;ASH_COATED_OSMIUM;9947;18;9943;24;;;9953;19;9956;26;;;9950.0;0.0
av_WHEAT_d1;17300;INTARIAN_PEPPER_ROOT;10972;18;10969;24;;;10978;15;10982;14;;;10975.0;0.0
av_WHEAT_d1;17400;ASH_COATED_OSMIUM;9947;17;9944;27;;;9955;7;9957;16;;;9951.0;0.0
av_WHEAT_d1;17400;INTARIAN_PEPPER_ROOT;10970;6;10968;25;;;10984;7;10988;22;;;10977.0;0.0
av_WHEAT_d1;17500;ASH_COATED_OSMIUM;9935;13;9933;16;;;9967;10;9969;26;;;9951.0;0.0
av_WHEAT_d1;17500;INTARIAN_PEPPER_ROOT;10975;11;10971;17;;;10981;20;10984;29;;;10978.0;0.0
av_WHEAT_d1;17600;ASH_COATED_OSMIUM;9947;15;9945;22;;;9953;16;9956;18;;;9950.0;0.0
av_WHEAT_d1;17600;INTARIAN_PEPPER_ROOT;10972;5;10968;11;;;10987;15;10991;23;;;10979.5;0.0
av_WHEAT_d1;17700;ASH_COATED_OSMIUM;9945;15;9942;15;;;9955;8;9958;19;;;9950.0;0.0
av_WHEAT_d1;17700;INTARIAN_PEPPER_ROOT;10977;13;10975;18;;;10983;19;10987;30;;;10980.0;0.0
av_WHEAT_d1;17800;ASH_COATED_OSMIUM;9944;24;9941;21;;;9956;13;9959;18;;;9950.0;0.0
av_WHEAT_d1;17800;INTARIAN_PEPPER_ROOT;10978;13;10975;22;;;10986;19;10989;22;;;10982.0;0.0
av_WHEAT_d1;17900;ASH_COATED_OSMIUM;9943;22;9940;19;;;9957;18;9959;13;;;9950.0;0.0
av_WHEAT_d1;17900;INTARIAN_PEPPER_ROOT;10981;16;10979;28;;;10987;14;10991;18;;;10984.0;0.0
av_WHEAT_d1;18000;ASH_COATED_OSMIUM;9946;18;9944;21;;;9954;16;9956;21;;;9950.0;0.0
av_WHEAT_d1;18000;INTARIAN_PEPPER_ROOT;10982;23;10979;11;;;10988;15;10991;13;;;10985.0;0.0
av_WHEAT_d1;18100;ASH_COATED_OSMIUM;9946;10;9943;30;;;9953;23;9956;20;;;9949.5;0.0
av_WHEAT_d1;18100;INTARIAN_PEPPER_ROOT;10982;18;10978;22;;;10991;14;10993;9;;;10986.5;0.0
av_WHEAT_d1;18200;ASH_COATED_OSMIUM;9945;21;9942;24;;;9956;20;9958;17;;;9950.5;0.0
av_WHEAT_d1;18200;INTARIAN_PEPPER_ROOT;10970;17;10966;29;;;11006;10;11009;25;;;10988.0;0.0
av_WHEAT_d1;18300;ASH_COATED_OSMIUM;9947;10;9943;26;;;9953;16;9956;10;;;9950.0;0.0
av_WHEAT_d1;18300;INTARIAN_PEPPER_ROOT;10987;5;10983;20;;;10993;16;10996;20;;;10990.0;0.0
av_WHEAT_d1;18400;ASH_COATED_OSMIUM;9946;22;9944;19;;;9953;5;9957;10;;;9949.5;0.0
av_WHEAT_d1;18400;INTARIAN_PEPPER_ROOT;10988;17;10986;30;;;10994;21;10996;20;;;10991.0;0.0
av_WHEAT_d1;18500;ASH_COATED_OSMIUM;9946;23;9943;25;;;9953;18;9955;15;;;9949.5;0.0
av_WHEAT_d1;18500;INTARIAN_PEPPER_ROOT;10987;21;10983;12;;;10998;17;11001;21;;;10992.5;0.0
av_WHEAT_d1;18600;ASH_COATED_OSMIUM;9947;15;9944;15;;;9953;5;9955;28;;;9950.0;0.0
av_WHEAT_d1;18600;INTARIAN_PEPPER_ROOT;10980;20;10976;17;;;11009;5;11013;15;;;10994.5;0.0
av_WHEAT_d1;18700;ASH_COATED_OSMIUM;9947;10;9945;20;;;9953;10;9956;14;;;9950.0;0.0
av_WHEAT_d1;18700;INTARIAN_PEPPER_ROOT;10981;11;10977;12;;;11011;17;11013;20;;;10996.0;0.0
av_WHEAT_d1;18800;ASH_COATED_OSMIUM;9946;16;9942;8;;;9952;15;9954;17;;;9949.0;0.0
av_WHEAT_d1;18800;INTARIAN_PEPPER_ROOT;10994;17;10992;17;;;11000;11;11004;23;;;10997.0;0.0
av_WHEAT_d1;18900;ASH_COATED_OSMIUM;9940;5;9938;17;;;9958;12;9960;21;;;9949.0;0.0
av_WHEAT_d1;18900;INTARIAN_PEPPER_ROOT;10996;13;10993;19;;;11002;21;11004;19;;;10999.0;0.0
av_WHEAT_d1;19000;ASH_COATED_OSMIUM;9945;16;9941;27;;;9953;12;9956;17;;;9949.0;0.0
av_WHEAT_d1;19000;INTARIAN_PEPPER_ROOT;10988;7;10984;25;;;11013;23;11015;11;;;11000.5;0.0
av_WHEAT_d1;19100;ASH_COATED_OSMIUM;9944;5;9941;17;;;9955;27;9959;22;;;9949.5;0.0
av_WHEAT_d1;19100;INTARIAN_PEPPER_ROOT;10989;12;10987;16;;;11014;13;11017;17;;;11001.5;0.0
av_WHEAT_d1;19200;ASH_COATED_OSMIUM;9946;9;9944;22;;;9952;16;9954;12;;;9949.0;0.0
av_WHEAT_d1;19200;INTARIAN_PEPPER_ROOT;11001;10;10997;13;;;11007;17;11010;21;;;11004.0;0.0
av_WHEAT_d1;19300;ASH_COATED_OSMIUM;9940;16;9937;20;;;9956;12;9959;21;;;9948.0;0.0
av_WHEAT_d1;19300;INTARIAN_PEPPER_ROOT;11002;14;11000;29;;;11008;17;11010;26;;;11005.0;0.0
av_WHEAT_d1;19400;ASH_COATED_OSMIUM;9943;19;9941;22;;;9954;24;9957;22;;;9948.5;0.0
av_WHEAT_d1;19400;INTARIAN_PEPPER_ROOT;11004;15;11000;21;;;11010;11;11012;23;;;11007.0;0.0
av_WHEAT_d1;19500;ASH_COATED_OSMIUM;9945;8;9943;12;;;9951;9;9953;15;;;9948.0;0.0
av_WHEAT_d1;19500;INTARIAN_PEPPER_ROOT;11002;14;10999;19;;;11013;16;11016;25;;;11007.5;0.0
av_WHEAT_d1;19600;ASH_COATED_OSMIUM;9945;12;9941;22;;;9951;13;9954;15;;;9948.0;0.0
av_WHEAT_d1;19600;INTARIAN_PEPPER_ROOT;11006;12;11002;23;;;11012;21;11015;24;;;11009.0;0.0
av_WHEAT_d1;19700;ASH_COATED_OSMIUM;9945;5;9941;28;;;9951;12;9953;25;;;9948.0;0.0
av_WHEAT_d1;19700;INTARIAN_PEPPER_ROOT;11008;18;11005;18;;;11014;17;11018;28;;;11011.0;0.0
av_WHEAT_d1;19800;ASH_COATED_OSMIUM;9942;14;9940;17;;;9953;24;9955;23;;;9947.5;0.0
av_WHEAT_d1;19800;INTARIAN_PEPPER_ROOT;11009;5;11005;17;;;11016;10;11019;16;;;11012.5;0.0
av_WHEAT_d1;19900;ASH_COATED_OSMIUM;9942;11;9940;10;;;9954;13;9958;14;;;9948.0;0.0
av_WHEAT_d1;19900;INTARIAN_PEPPER_ROOT;11005;20;11002;12;;;11021;12;11024;24;;;11013.0;0.0
av_WHEAT_d1;20000;ASH_COATED_OSMIUM;9944;21;9942;8;;;9950;14;9952;21;;;9947.0;0.0
av_WHEAT_d1;20000;INTARIAN_PEPPER_ROOT;11012;7;11010;22;;;11018;11;11022;21;;;11015.0;0.0
av_WHEAT_d1;20100;ASH_COATED_OSMIUM;9943;13;9939;20;;;9953;16;9957;27;;;9948.0;0.0
av_WHEAT_d1;20100;INTARIAN_PEPPER_ROOT;11014;10;11012;27;;;11020;13;11023;24;;;11017.0;0.0
av_WHEAT_d1;20200;ASH_COATED_OSMIUM;9945;12;9941;16;;;9951;13;9954;21;;;9948.0;0.0
av_WHEAT_d1;20200;INTARIAN_PEPPER_ROOT;11013;11;11011;27;;;11023;8;11025;23;;;11018.0;0.0
av_WHEAT_d1;20300;ASH_COATED_OSMIUM;9944;14;9942;25;;;9950;8;9952;16;;;9947.0;0.0
av_WHEAT_d1;20300;INTARIAN_PEPPER_ROOT;11017;9;11014;17;;;11023;17;11027;19;;;11020.0;0.0
av_WHEAT_d1;20400;ASH_COATED_OSMIUM;9945;24;9941;21;;;9951;11;9955;18;;;9948.0;0.0
av_WHEAT_d1;20400;INTARIAN_PEPPER_ROOT;11018;12;11016;17;;;11024;22;11028;11;;;11021.0;0.0
av_WHEAT_d1;20500;ASH_COATED_OSMIUM;9945;20;9941;26;;;9951;13;9954;11;;;9948.0;0.0
av_WHEAT_d1;20500;INTARIAN_PEPPER_ROOT;11019;19;11016;17;;;11026;5;11028;26;;;11022.5;0.0
av_WHEAT_d1;20600;ASH_COATED_OSMIUM;9940;11;9937;21;;;9953;20;9957;25;;;9946.5;0.0
av_WHEAT_d1;20600;INTARIAN_PEPPER_ROOT;11022;14;11018;19;;;11028;14;11030;23;;;11025.0;0.0
av_WHEAT_d1;20700;ASH_COATED_OSMIUM;9944;19;9940;30;;;9950;10;9953;18;;;9947.0;0.0
av_WHEAT_d1;20700;INTARIAN_PEPPER_ROOT;11023;10;11021;15;;;11029;10;11033;17;;;11026.0;0.0
av_WHEAT_d1;20800;ASH_COATED_OSMIUM;9944;16;9942;23;;;9950;22;9953;14;;;9947.0;0.0
av_WHEAT_d1;20800;INTARIAN_PEPPER_ROOT;11024;16;11020;16;;;11030;12;11032;19;;;11027.0;0.0
av_WHEAT_d1;20900;ASH_COATED_OSMIUM;9944;16;9940;21;;;9950;17;9953;11;;;9947.0;0.0
av_WHEAT_d1;20900;INTARIAN_PEPPER_ROOT;11022;15;11020;26;;;11036;17;11040;18;;;11029.0;0.0
av_WHEAT_d1;21000;ASH_COATED_OSMIUM;9943;18;9941;22;;;9949;18;9951;20;;;9946.0;0.0
av_WHEAT_d1;21000;INTARIAN_PEPPER_ROOT;11021;19;11018;24;;;11039;9;11042;15;;;11030.0;0.0
av_WHEAT_d1;21100;ASH_COATED_OSMIUM;9944;14;9940;23;;;9950;13;9954;8;;;9947.0;0.0
av_WHEAT_d1;21100;INTARIAN_PEPPER_ROOT;11024;21;11020;22;;;11039;7;11043;26;;;11031.5;0.0
av_WHEAT_d1;21200;ASH_COATED_OSMIUM;9926;5;9922;22;;;9967;16;9970;22;;;9946.5;0.0
av_WHEAT_d1;21200;INTARIAN_PEPPER_ROOT;11026;13;11023;17;;;11039;8;11041;26;;;11032.5;0.0
av_WHEAT_d1;21300;ASH_COATED_OSMIUM;9943;9;9941;28;;;9949;18;9952;20;;;9946.0;0.0
av_WHEAT_d1;21300;INTARIAN_PEPPER_ROOT;11032;14;11029;14;;;11038;18;11040;16;;;11035.0;0.0
av_WHEAT_d1;21400;ASH_COATED_OSMIUM;9943;9;9941;16;;;9949;17;9951;24;;;9946.0;0.0
av_WHEAT_d1;21400;INTARIAN_PEPPER_ROOT;11033;12;11031;22;;;11039;6;11041;21;;;11036.0;0.0
av_WHEAT_d1;21500;ASH_COATED_OSMIUM;9940;11;9938;14;;;9951;15;9955;16;;;9945.5;0.0
av_WHEAT_d1;21500;INTARIAN_PEPPER_ROOT;11034;18;11030;21;;;11042;9;11044;23;;;11038.0;0.0
av_WHEAT_d1;21600;ASH_COATED_OSMIUM;9937;21;9933;26;;;9956;16;9960;33;;;9946.5;0.0
av_WHEAT_d1;21600;INTARIAN_PEPPER_ROOT;11029;18;11026;24;;;11051;15;11053;20;;;11040.0;0.0
av_WHEAT_d1;21700;ASH_COATED_OSMIUM;9939;11;9935;20;;;9954;10;9958;18;;;9946.5;0.0
av_WHEAT_d1;21700;INTARIAN_PEPPER_ROOT;11037;17;11034;17;;;11043;22;11047;9;;;11040.0;0.0
av_WHEAT_d1;21800;ASH_COATED_OSMIUM;9942;14;9940;14;;;9949;10;9953;15;;;9945.5;0.0
av_WHEAT_d1;21800;INTARIAN_PEPPER_ROOT;11029;5;11026;24;;;11055;5;11057;19;;;11042.0;0.0
av_WHEAT_d1;21900;ASH_COATED_OSMIUM;9943;8;9940;13;;;9949;16;9953;24;;;9946.0;0.0
av_WHEAT_d1;21900;INTARIAN_PEPPER_ROOT;11041;11;11039;27;;;11047;13;11050;12;;;11044.0;0.0
av_WHEAT_d1;22000;ASH_COATED_OSMIUM;9943;20;9939;19;;;9949;16;9951;17;;;9946.0;0.0
av_WHEAT_d1;22000;INTARIAN_PEPPER_ROOT;11041;21;11039;28;;;11048;16;11050;19;;;11044.5;0.0
av_WHEAT_d1;22100;ASH_COATED_OSMIUM;9930;15;9926;15;;;9962;19;9965;17;;;9946.0;0.0
av_WHEAT_d1;22100;INTARIAN_PEPPER_ROOT;11043;12;11040;17;;;11049;11;11053;18;;;11046.0;0.0
av_WHEAT_d1;22200;ASH_COATED_OSMIUM;9942;17;9938;17;;;9948;23;9950;24;;;9945.0;0.0
av_WHEAT_d1;22200;INTARIAN_PEPPER_ROOT;11045;16;11041;27;;;11051;15;11055;20;;;11048.0;0.0
av_WHEAT_d1;22300;ASH_COATED_OSMIUM;9942;13;9939;21;;;9948;12;9950;26;;;9945.0;0.0
av_WHEAT_d1;22300;INTARIAN_PEPPER_ROOT;11047;10;11043;18;;;11053;21;11056;27;;;11050.0;0.0
av_WHEAT_d1;22400;ASH_COATED_OSMIUM;9940;13;9936;19;;;9953;17;9956;15;;;9946.5;0.0
av_WHEAT_d1;22400;INTARIAN_PEPPER_ROOT;11048;16;11045;16;;;11054;24;11057;17;;;11051.0;0.0
av_WHEAT_d1;22500;ASH_COATED_OSMIUM;9943;14;9941;18;;;9949;14;9951;11;;;9946.0;0.0
av_WHEAT_d1;22500;INTARIAN_PEPPER_ROOT;11050;17;11046;19;;;11056;18;11059;14;;;11053.0;0.0
av_WHEAT_d1;22600;ASH_COATED_OSMIUM;9942;20;9940;23;;;9948;9;9952;25;;;9945.0;0.0
av_WHEAT_d1;22600;INTARIAN_PEPPER_ROOT;11051;7;11048;19;;;11057;18;11059;12;;;11054.0;0.0
av_WHEAT_d1;22700;ASH_COATED_OSMIUM;9936;9;9932;8;;;9952;14;9956;15;;;9944.0;0.0
av_WHEAT_d1;22700;INTARIAN_PEPPER_ROOT;11052;14;11048;22;;;11058;19;11062;19;;;11055.0;0.0
av_WHEAT_d1;22800;ASH_COATED_OSMIUM;9942;11;9939;17;;;9948;16;9951;23;;;9945.0;0.0
av_WHEAT_d1;22800;INTARIAN_PEPPER_ROOT;11054;18;11050;19;;;11061;10;11063;13;;;11057.5;0.0
av_WHEAT_d1;22900;ASH_COATED_OSMIUM;9941;15;9938;12;;;9947;22;9949;26;;;9944.0;0.0
av_WHEAT_d1;22900;INTARIAN_PEPPER_ROOT;11055;17;11052;25;;;11061;11;11065;15;;;11058.0;0.0
av_WHEAT_d1;23000;ASH_COATED_OSMIUM;9938;17;9934;21;;;9952;19;9956;13;;;9945.0;0.0
av_WHEAT_d1;23000;INTARIAN_PEPPER_ROOT;11057;24;11055;17;;;11063;7;11066;19;;;11060.0;0.0
av_WHEAT_d1;23100;ASH_COATED_OSMIUM;9937;11;9933;17;;;9952;22;9954;17;;;9944.5;0.0
av_WHEAT_d1;23100;INTARIAN_PEPPER_ROOT;11052;20;11050;28;;;11071;10;11073;20;;;11061.5;0.0
av_WHEAT_d1;23200;ASH_COATED_OSMIUM;9942;19;9938;24;;;9948;16;9951;19;;;9945.0;0.0
av_WHEAT_d1;23200;INTARIAN_PEPPER_ROOT;11057;11;11054;12;;;11069;17;11071;17;;;11063.0;0.0
av_WHEAT_d1;23300;ASH_COATED_OSMIUM;9941;16;9939;22;;;9947;10;9951;18;;;9944.0;0.0
av_WHEAT_d1;23300;INTARIAN_PEPPER_ROOT;11059;17;11055;20;;;11070;16;11074;19;;;11064.5;0.0
av_WHEAT_d1;23400;ASH_COATED_OSMIUM;9940;12;9938;23;;;9948;25;9950;18;;;9944.0;0.0
av_WHEAT_d1;23400;INTARIAN_PEPPER_ROOT;11062;18;11060;13;;;11068;11;11071;20;;;11065.0;0.0
av_WHEAT_d1;23500;ASH_COATED_OSMIUM;9940;17;9938;21;;;9947;15;9949;17;;;9943.5;0.0
av_WHEAT_d1;23500;INTARIAN_PEPPER_ROOT;11065;12;11061;8;;;11071;23;11074;13;;;11068.0;0.0
av_WHEAT_d1;23600;ASH_COATED_OSMIUM;9941;9;9938;22;;;9947;12;9950;16;;;9944.0;0.0
av_WHEAT_d1;23600;INTARIAN_PEPPER_ROOT;11066;18;11063;20;;;11072;14;11075;27;;;11069.0;0.0
av_WHEAT_d1;23700;ASH_COATED_OSMIUM;9941;10;9938;25;;;9947;17;9949;15;;;9944.0;0.0
av_WHEAT_d1;23700;INTARIAN_PEPPER_ROOT;11067;5;11065;31;;;11073;10;11077;17;;;11070.0;0.0
av_WHEAT_d1;23800;ASH_COATED_OSMIUM;9941;12;9938;32;;;9947;17;9951;17;;;9944.0;0.0
av_WHEAT_d1;23800;INTARIAN_PEPPER_ROOT;11069;20;11065;20;;;11075;19;11078;15;;;11072.0;0.0
av_WHEAT_d1;23900;ASH_COATED_OSMIUM;9940;11;9938;16;;;9947;16;9950;19;;;9943.5;0.0
av_WHEAT_d1;23900;INTARIAN_PEPPER_ROOT;11068;18;11065;18;;;11078;17;11080;17;;;11073.0;0.0
av_WHEAT_d1;24000;ASH_COATED_OSMIUM;9933;17;9930;15;;;9953;10;9957;30;;;9943.0;0.0
av_WHEAT_d1;24000;INTARIAN_PEPPER_ROOT;11069;19;11066;24;;;11081;15;11083;16;;;11075.0;0.0
av_WHEAT_d1;24100;ASH_COATED_OSMIUM;9940;10;9938;24;;;9947;14;9950;14;;;9943.5;0.0
av_WHEAT_d1;24100;INTARIAN_PEPPER_ROOT;11073;17;11070;17;;;11079;14;11083;23;;;11076.0;0.0
av_WHEAT_d1;24200;ASH_COATED_OSMIUM;9939;13;9936;19;;;9948;17;9952;27;;;9943.5;0.0
av_WHEAT_d1;24200;INTARIAN_PEPPER_ROOT;11075;21;11071;20;;;11081;14;11084;19;;;11078.0;0.0
av_WHEAT_d1;24300;ASH_COATED_OSMIUM;9940;13;9937;19;;;9946;21;9948;17;;;9943.0;0.0
av_WHEAT_d1;24300;INTARIAN_PEPPER_ROOT;11076;13;11074;19;;;11082;18;11084;13;;;11079.0;0.0
av_WHEAT_d1;24400;ASH_COATED_OSMIUM;9940;18;9936;24;;;9946;7;9948;23;;;9943.0;0.0
av_WHEAT_d1;24400;INTARIAN_PEPPER_ROOT;11078;16;11074;22;;;11084;11;11088;11;;;11081.0;0.0
av_WHEAT_d1;24500;ASH_COATED_OSMIUM;9939;18;9936;20;;;9946;18;9950;27;;;9942.5;0.0
av_WHEAT_d1;24500;INTARIAN_PEPPER_ROOT;11078;10;11075;20;;;11086;9;11088;14;;;11082.0;0.0
av_WHEAT_d1;24600;ASH_COATED_OSMIUM;9940;13;9937;16;;;9946;12;9950;22;;;9943.0;0.0
av_WHEAT_d1;24600;INTARIAN_PEPPER_ROOT;11078;23;11075;29;;;11090;13;11092;19;;;11084.0;0.0
av_WHEAT_d1;24700;ASH_COATED_OSMIUM;9939;13;9936;13;;;9945;12;9947;25;;;9942.0;0.0
av_WHEAT_d1;24700;INTARIAN_PEPPER_ROOT;11082;21;11080;23;;;11088;17;11092;18;;;11085.0;0.0
av_WHEAT_d1;24800;ASH_COATED_OSMIUM;9939;6;9936;20;;;9945;9;9948;27;;;9942.0;0.0
av_WHEAT_d1;24800;INTARIAN_PEPPER_ROOT;11084;13;11082;23;;;11090;18;11094;20;;;11087.0;0.0
av_WHEAT_d1;24900;ASH_COATED_OSMIUM;9939;15;9937;21;;;9945;17;9949;18;;;9942.0;0.0
av_WHEAT_d1;24900;INTARIAN_PEPPER_ROOT;11080;10;11077;15;;;11097;10;11100;21;;;11088.5;0.0
av_WHEAT_d1;25000;ASH_COATED_OSMIUM;9939;16;9936;15;;;9945;19;9947;12;;;9942.0;0.0
av_WHEAT_d1;25000;INTARIAN_PEPPER_ROOT;11086;18;11082;11;;;11092;19;11095;12;;;11089.0;0.0
av_WHEAT_d1;25100;ASH_COATED_OSMIUM;9939;14;9935;25;;;9945;18;9949;30;;;9942.0;0.0
av_WHEAT_d1;25100;INTARIAN_PEPPER_ROOT;11087;21;11083;24;;;11094;5;11097;25;;;11090.5;0.0
av_WHEAT_d1;25200;ASH_COATED_OSMIUM;9939;20;9936;18;;;9945;12;9948;15;;;9942.0;0.0
av_WHEAT_d1;25200;INTARIAN_PEPPER_ROOT;11090;17;11088;24;;;11096;13;11099;12;;;11093.0;0.0
av_WHEAT_d1;25300;ASH_COATED_OSMIUM;9935;12;9932;15;;;9949;19;9952;19;;;9942.0;0.0
av_WHEAT_d1;25300;INTARIAN_PEPPER_ROOT;11091;13;11087;23;;;11097;18;11101;22;;;11094.0;0.0
av_WHEAT_d1;25400;ASH_COATED_OSMIUM;9939;15;9935;22;;;9945;19;9949;25;;;9942.0;0.0
av_WHEAT_d1;25400;INTARIAN_PEPPER_ROOT;11093;7;11089;8;;;11099;18;11103;12;;;11096.0;0.0
av_WHEAT_d1;25500;ASH_COATED_OSMIUM;9939;15;9937;14;;;9945;18;9948;20;;;9942.0;0.0
av_WHEAT_d1;25500;INTARIAN_PEPPER_ROOT;11094;17;11092;22;;;11100;14;11102;21;;;11097.0;0.0
av_WHEAT_d1;25600;ASH_COATED_OSMIUM;9937;14;9934;27;;;9946;18;9949;19;;;9941.5;0.0
av_WHEAT_d1;25600;INTARIAN_PEPPER_ROOT;11096;19;11094;21;;;11102;18;11106;17;;;11099.0;0.0
av_WHEAT_d1;25700;ASH_COATED_OSMIUM;9938;14;9934;8;;;9944;17;9947;14;;;9941.0;0.0
av_WHEAT_d1;25700;INTARIAN_PEPPER_ROOT;11097;12;11093;15;;;11103;23;11106;25;;;11100.0;0.0
av_WHEAT_d1;25800;ASH_COATED_OSMIUM;9939;19;9935;15;;;9945;20;9949;21;;;9942.0;0.0
av_WHEAT_d1;25800;INTARIAN_PEPPER_ROOT;11094;13;11092;15;;;11109;16;11113;11;;;11101.5;0.0
av_WHEAT_d1;25900;ASH_COATED_OSMIUM;9938;20;9934;20;;;9944;7;9948;18;;;9941.0;0.0
av_WHEAT_d1;25900;INTARIAN_PEPPER_ROOT;11101;12;11097;15;;;11107;23;11111;18;;;11104.0;0.0
av_WHEAT_d1;26000;ASH_COATED_OSMIUM;9935;14;9933;25;;;9948;13;9950;25;;;9941.5;0.0
av_WHEAT_d1;26000;INTARIAN_PEPPER_ROOT;11102;21;11099;22;;;11108;25;11112;22;;;11105.0;0.0
av_WHEAT_d1;26100;ASH_COATED_OSMIUM;9928;6;9926;14;;;9954;14;9958;19;;;9941.0;0.0
av_WHEAT_d1;26100;INTARIAN_PEPPER_ROOT;11102;13;11100;25;;;11109;9;11113;12;;;11105.5;0.0
av_WHEAT_d1;26200;ASH_COATED_OSMIUM;9938;22;9935;23;;;9944;8;9946;17;;;9941.0;0.0
av_WHEAT_d1;26200;INTARIAN_PEPPER_ROOT;11101;28;11099;25;;;11114;8;11117;17;;;11107.5;0.0
av_WHEAT_d1;26300;ASH_COATED_OSMIUM;9938;11;9935;14;;;9944;11;9947;13;;;9941.0;0.0
av_WHEAT_d1;26300;INTARIAN_PEPPER_ROOT;11104;14;11101;13;;;11114;15;11118;19;;;11109.0;0.0
av_WHEAT_d1;26400;ASH_COATED_OSMIUM;9937;16;9935;10;;;9943;20;9945;20;;;9940.0;0.0
av_WHEAT_d1;26400;INTARIAN_PEPPER_ROOT;11102;23;11099;22;;;11120;12;11123;32;;;11111.0;0.0
av_WHEAT_d1;26500;ASH_COATED_OSMIUM;9934;9;9932;20;;;9947;16;9951;19;;;9940.5;0.0
av_WHEAT_d1;26500;INTARIAN_PEPPER_ROOT;11107;16;11104;23;;;11117;23;11121;18;;;11112.0;0.0
av_WHEAT_d1;26600;ASH_COATED_OSMIUM;9934;22;9931;11;;;9947;12;9951;23;;;9940.5;0.0
av_WHEAT_d1;26600;INTARIAN_PEPPER_ROOT;11111;17;11109;28;;;11117;20;11119;13;;;11114.0;0.0
av_WHEAT_d1;26700;ASH_COATED_OSMIUM;9938;16;9935;20;;;9944;12;9946;19;;;9941.0;0.0
av_WHEAT_d1;26700;INTARIAN_PEPPER_ROOT;11112;17;11109;20;;;11118;10;11120;20;;;11115.0;0.0
av_WHEAT_d1;26800;ASH_COATED_OSMIUM;9938;22;9934;12;;;9944;16;9948;29;;;9941.0;0.0
av_WHEAT_d1;26800;INTARIAN_PEPPER_ROOT;11113;17;11110;25;;;11119;16;11122;11;;;11116.0;0.0
av_WHEAT_d1;26900;ASH_COATED_OSMIUM;9937;22;9933;27;;;9943;19;9946;20;;;9940.0;0.0
av_WHEAT_d1;26900;INTARIAN_PEPPER_ROOT;11115;11;11112;17;;;11121;15;11123;11;;;11118.0;0.0
av_WHEAT_d1;27000;ASH_COATED_OSMIUM;9937;17;9935;12;;;9943;16;9947;21;;;9940.0;0.0
av_WHEAT_d1;27000;INTARIAN_PEPPER_ROOT;11117;16;11113;19;;;11123;14;11125;29;;;11120.0;0.0
av_WHEAT_d1;27100;ASH_COATED_OSMIUM;9937;19;9935;25;;;9943;20;9946;22;;;9940.0;0.0
av_WHEAT_d1;27100;INTARIAN_PEPPER_ROOT;11117;15;11114;21;;;11125;14;11127;14;;;11121.0;0.0
av_WHEAT_d1;27200;ASH_COATED_OSMIUM;9937;16;9934;20;;;9943;16;9945;29;;;9940.0;0.0
av_WHEAT_d1;27200;INTARIAN_PEPPER_ROOT;11111;28;11107;16;;;11133;12;11135;19;;;11122.0;0.0
av_WHEAT_d1;27300;ASH_COATED_OSMIUM;9933;17;9929;20;;;9946;14;9949;21;;;9939.5;0.0
av_WHEAT_d1;27300;INTARIAN_PEPPER_ROOT;11119;16;11117;13;;;11130;14;11134;14;;;11124.5;0.0
av_WHEAT_d1;27400;ASH_COATED_OSMIUM;9937;11;9934;22;;;9943;19;9946;15;;;9940.0;0.0
av_WHEAT_d1;27400;INTARIAN_PEPPER_ROOT;11119;6;11116;16;;;11132;17;11134;20;;;11125.5;0.0
av_WHEAT_d1;27500;ASH_COATED_OSMIUM;9923;15;9919;15;;;9955;8;9957;16;;;9939.0;0.0
av_WHEAT_d1;27500;INTARIAN_PEPPER_ROOT;11125;15;11123;27;;;11131;10;11134;19;;;11128.0;0.0
av_WHEAT_d1;27600;ASH_COATED_OSMIUM;9935;17;9933;17;;;9945;11;9949;21;;;9940.0;0.0
av_WHEAT_d1;27600;INTARIAN_PEPPER_ROOT;11126;15;11122;25;;;11132;22;11134;19;;;11129.0;0.0
av_WHEAT_d1;27700;ASH_COATED_OSMIUM;9936;11;9934;10;;;9942;11;9946;23;;;9939.0;0.0
av_WHEAT_d1;27700;INTARIAN_PEPPER_ROOT;11126;16;11122;18;;;11134;12;11138;19;;;11130.0;0.0
av_WHEAT_d1;27800;ASH_COATED_OSMIUM;9936;10;9933;11;;;9944;21;9946;14;;;9940.0;0.0
av_WHEAT_d1;27800;INTARIAN_PEPPER_ROOT;11129;15;11125;17;;;11135;5;11137;28;;;11132.0;0.0
av_WHEAT_d1;27900;ASH_COATED_OSMIUM;9927;10;9924;27;;;9951;19;9953;21;;;9939.0;0.0
av_WHEAT_d1;27900;INTARIAN_PEPPER_ROOT;11130;18;11128;26;;;11136;15;11138;25;;;11133.0;0.0
av_WHEAT_d1;28000;ASH_COATED_OSMIUM;9922;11;9920;13;;;9956;20;9960;26;;;9939.0;0.0
av_WHEAT_d1;28000;INTARIAN_PEPPER_ROOT;11131;10;11128;16;;;11137;10;11141;20;;;11134.0;0.0
av_WHEAT_d1;28100;ASH_COATED_OSMIUM;9936;9;9934;35;;;9942;5;9944;10;;;9939.0;0.0
av_WHEAT_d1;28100;INTARIAN_PEPPER_ROOT;11130;15;11128;15;;;11143;8;11147;8;;;11136.5;0.0
av_WHEAT_d1;28200;ASH_COATED_OSMIUM;9936;16;9934;30;;;9942;27;9944;23;;;9939.0;0.0
av_WHEAT_d1;28200;INTARIAN_PEPPER_ROOT;11135;13;11132;19;;;11141;11;11144;23;;;11138.0;0.0
av_WHEAT_d1;28300;ASH_COATED_OSMIUM;9936;13;9934;17;;;9943;11;9946;23;;;9939.5;0.0
av_WHEAT_d1;28300;INTARIAN_PEPPER_ROOT;11129;19;11125;18;;;11149;19;11152;17;;;11139.0;0.0
av_WHEAT_d1;28400;ASH_COATED_OSMIUM;9936;5;9934;18;;;9942;15;9946;20;;;9939.0;0.0
av_WHEAT_d1;28400;INTARIAN_PEPPER_ROOT;11137;19;11135;19;;;11143;17;11146;21;;;11140.0;0.0
av_WHEAT_d1;28500;ASH_COATED_OSMIUM;9932;13;9930;14;;;9945;15;9947;18;;;9938.5;0.0
av_WHEAT_d1;28500;INTARIAN_PEPPER_ROOT;11139;11;11135;23;;;11145;20;11147;19;;;11142.0;0.0
av_WHEAT_d1;28600;ASH_COATED_OSMIUM;9931;9;9928;23;;;9946;5;9950;24;;;9938.5;0.0
av_WHEAT_d1;28600;INTARIAN_PEPPER_ROOT;11130;8;11127;23;;;11156;13;11160;17;;;11143.0;0.0
av_WHEAT_d1;28700;ASH_COATED_OSMIUM;9935;11;9932;11;;;9942;11;9945;17;;;9938.5;0.0
av_WHEAT_d1;28700;INTARIAN_PEPPER_ROOT;11141;20;11137;19;;;11147;10;11151;19;;;11144.0;0.0
av_WHEAT_d1;28800;ASH_COATED_OSMIUM;9935;18;9933;15;;;9941;15;9945;20;;;9938.0;0.0
av_WHEAT_d1;28800;INTARIAN_PEPPER_ROOT;11136;19;11133;20;;;11156;18;11160;10;;;11146.0;0.0
av_WHEAT_d1;28900;ASH_COATED_OSMIUM;9935;12;9933;20;;;9941;14;9943;32;;;9938.0;0.0
av_WHEAT_d1;28900;INTARIAN_PEPPER_ROOT;11145;19;11141;23;;;11151;22;11153;23;;;11148.0;0.0
av_WHEAT_d1;29000;ASH_COATED_OSMIUM;9935;12;9932;22;;;9941;10;9944;24;;;9938.0;0.0
av_WHEAT_d1;29000;INTARIAN_PEPPER_ROOT;11146;16;11144;19;;;11152;16;11154;20;;;11149.0;0.0
av_WHEAT_d1;29100;ASH_COATED_OSMIUM;9934;14;9931;24;;;9940;11;9942;22;;;9937.0;0.0
av_WHEAT_d1;29100;INTARIAN_PEPPER_ROOT;11148;13;11145;23;;;11154;17;11157;19;;;11151.0;0.0
av_WHEAT_d1;29200;ASH_COATED_OSMIUM;9934;20;9931;30;;;9941;17;9945;29;;;9937.5;0.0
av_WHEAT_d1;29200;INTARIAN_PEPPER_ROOT;11150;22;11146;22;;;11156;25;11158;15;;;11153.0;0.0
av_WHEAT_d1;29300;ASH_COATED_OSMIUM;9935;17;9932;18;;;9941;10;9943;19;;;9938.0;0.0
av_WHEAT_d1;29300;INTARIAN_PEPPER_ROOT;11151;10;11149;20;;;11157;11;11160;16;;;11154.0;0.0
av_WHEAT_d1;29400;ASH_COATED_OSMIUM;9934;13;9932;24;;;9940;13;9944;17;;;9937.0;0.0
av_WHEAT_d1;29400;INTARIAN_PEPPER_ROOT;11148;18;11144;22;;;11164;12;11166;13;;;11156.0;0.0
av_WHEAT_d1;29500;ASH_COATED_OSMIUM;9929;10;9925;20;;;9946;15;9948;16;;;9937.5;0.0
av_WHEAT_d1;29500;INTARIAN_PEPPER_ROOT;11154;23;11152;25;;;11160;18;11162;20;;;11157.0;0.0
av_WHEAT_d1;29600;ASH_COATED_OSMIUM;9934;5;9930;23;;;9940;11;9944;21;;;9937.0;0.0
av_WHEAT_d1;29600;INTARIAN_PEPPER_ROOT;11155;18;11153;16;;;11161;8;11163;22;;;11158.0;0.0
av_WHEAT_d1;29700;ASH_COATED_OSMIUM;9931;19;9927;19;;;9943;5;9947;23;;;9937.0;0.0
av_WHEAT_d1;29700;INTARIAN_PEPPER_ROOT;11157;8;11155;19;;;11163;11;11165;27;;;11160.0;0.0
av_WHEAT_d1;29800;ASH_COATED_OSMIUM;9932;18;9930;20;;;9942;19;9946;17;;;9937.0;0.0
av_WHEAT_d1;29800;INTARIAN_PEPPER_ROOT;11159;20;11157;14;;;11165;13;11168;18;;;11162.0;0.0
av_WHEAT_d1;29900;ASH_COATED_OSMIUM;9934;26;9931;20;;;9940;24;9942;18;;;9937.0;0.0
av_WHEAT_d1;29900;INTARIAN_PEPPER_ROOT;11160;14;11156;11;;;11166;28;11170;18;;;11163.0;0.0
av_WHEAT_d1;30000;ASH_COATED_OSMIUM;9933;12;9930;22;;;9939;24;9942;10;;;9936.0;0.0
av_WHEAT_d1;30000;INTARIAN_PEPPER_ROOT;11160;20;11157;17;;;11168;15;11171;31;;;11164.0;0.0
av_WHEAT_d1;30100;ASH_COATED_OSMIUM;9934;20;9931;19;;;9940;8;9944;17;;;9937.0;0.0
av_WHEAT_d1;30100;INTARIAN_PEPPER_ROOT;11163;9;11159;12;;;11169;8;11171;16;;;11166.0;0.0
av_WHEAT_d1;30200;ASH_COATED_OSMIUM;9934;27;9932;25;;;9940;17;9943;21;;;9937.0;0.0
av_WHEAT_d1;30200;INTARIAN_PEPPER_ROOT;11164;18;11161;15;;;11170;14;11172;20;;;11167.0;0.0
av_WHEAT_d1;30300;ASH_COATED_OSMIUM;9934;15;9932;24;;;9940;18;9944;18;;;9937.0;0.0
av_WHEAT_d1;30300;INTARIAN_PEPPER_ROOT;11166;13;11164;14;;;11172;12;11175;20;;;11169.0;0.0
av_WHEAT_d1;30400;ASH_COATED_OSMIUM;9934;15;9931;29;;;9940;18;9943;29;;;9937.0;0.0
av_WHEAT_d1;30400;INTARIAN_PEPPER_ROOT;11163;7;11160;18;;;11178;21;11182;19;;;11170.5;0.0
av_WHEAT_d1;30500;ASH_COATED_OSMIUM;9933;10;9930;22;;;9939;15;9943;24;;;9936.0;0.0
av_WHEAT_d1;30500;INTARIAN_PEPPER_ROOT;11169;18;11165;27;;;11175;8;11177;16;;;11172.0;0.0
av_WHEAT_d1;30600;ASH_COATED_OSMIUM;9933;15;9931;15;;;9939;14;9943;24;;;9936.0;0.0
av_WHEAT_d1;30600;INTARIAN_PEPPER_ROOT;11169;13;11166;18;;;11178;15;11180;19;;;11173.5;0.0
av_WHEAT_d1;30700;ASH_COATED_OSMIUM;9933;24;9929;24;;;9939;5;9942;9;;;9936.0;0.0
av_WHEAT_d1;30700;INTARIAN_PEPPER_ROOT;11171;21;11168;19;;;11178;11;11182;28;;;11174.5;0.0
av_WHEAT_d1;30800;ASH_COATED_OSMIUM;9927;22;9923;19;;;9946;23;9949;12;;;9936.5;0.0
av_WHEAT_d1;30800;INTARIAN_PEPPER_ROOT;11173;15;11171;31;;;11179;20;11182;21;;;11176.0;0.0
av_WHEAT_d1;30900;ASH_COATED_OSMIUM;9933;17;9930;25;;;9939;10;9941;14;;;9936.0;0.0
av_WHEAT_d1;30900;INTARIAN_PEPPER_ROOT;11175;14;11172;20;;;11181;22;11185;8;;;11178.0;0.0
av_WHEAT_d1;31000;ASH_COATED_OSMIUM;9930;15;9926;19;;;9942;9;9944;20;;;9936.0;0.0
av_WHEAT_d1;31000;INTARIAN_PEPPER_ROOT;11176;20;11173;15;;;11183;6;11187;16;;;11179.5;0.0
av_WHEAT_d1;31100;ASH_COATED_OSMIUM;9932;28;9928;16;;;9938;19;9941;20;;;9935.0;0.0
av_WHEAT_d1;31100;INTARIAN_PEPPER_ROOT;11166;24;11163;26;;;11195;7;11198;19;;;11180.5;0.0
av_WHEAT_d1;31200;ASH_COATED_OSMIUM;9933;21;9930;22;;;9939;18;9942;22;;;9936.0;0.0
av_WHEAT_d1;31200;INTARIAN_PEPPER_ROOT;11179;17;11177;16;;;11185;9;11187;20;;;11182.0;0.0
av_WHEAT_d1;31300;ASH_COATED_OSMIUM;9932;10;9929;19;;;9940;5;9943;20;;;9936.0;0.0
av_WHEAT_d1;31300;INTARIAN_PEPPER_ROOT;11173;19;11169;14;;;11193;12;11195;17;;;11183.0;0.0
av_WHEAT_d1;31400;ASH_COATED_OSMIUM;9932;15;9929;20;;;9938;12;9940;13;;;9935.0;0.0
av_WHEAT_d1;31400;INTARIAN_PEPPER_ROOT;11183;11;11179;19;;;11189;15;11193;22;;;11186.0;0.0
av_WHEAT_d1;31500;ASH_COATED_OSMIUM;9932;8;9928;16;;;9938;10;9940;12;;;9935.0;0.0
av_WHEAT_d1;31500;INTARIAN_PEPPER_ROOT;11183;14;11180;21;;;11189;21;11192;20;;;11186.0;0.0
av_WHEAT_d1;31600;ASH_COATED_OSMIUM;9932;19;9929;20;;;9938;13;9941;18;;;9935.0;0.0
av_WHEAT_d1;31600;INTARIAN_PEPPER_ROOT;11183;9;11181;23;;;11193;13;11197;18;;;11188.0;0.0
av_WHEAT_d1;31700;ASH_COATED_OSMIUM;9931;16;9927;17;;;9940;12;9944;26;;;9935.5;0.0
av_WHEAT_d1;31700;INTARIAN_PEPPER_ROOT;11187;13;11184;16;;;11193;15;11195;15;;;11190.0;0.0
av_WHEAT_d1;31800;ASH_COATED_OSMIUM;9930;17;9926;12;;;9941;10;9944;17;;;9935.5;0.0
av_WHEAT_d1;31800;INTARIAN_PEPPER_ROOT;11189;7;11185;9;;;11195;12;11198;24;;;11192.0;0.0
av_WHEAT_d1;31900;ASH_COATED_OSMIUM;9932;16;9928;14;;;9938;15;9942;18;;;9935.0;0.0
av_WHEAT_d1;31900;INTARIAN_PEPPER_ROOT;11180;11;11176;22;;;11206;16;11210;18;;;11193.0;0.0
av_WHEAT_d1;32000;ASH_COATED_OSMIUM;9928;17;9924;11;;;9942;11;9944;14;;;9935.0;0.0
av_WHEAT_d1;32000;INTARIAN_PEPPER_ROOT;11191;23;11189;20;;;11197;20;11199;21;;;11194.0;0.0
av_WHEAT_d1;32100;ASH_COATED_OSMIUM;9929;19;9926;22;;;9940;12;9944;30;;;9934.5;0.0
av_WHEAT_d1;32100;INTARIAN_PEPPER_ROOT;11193;17;11189;19;;;11199;10;11203;31;;;11196.0;0.0
av_WHEAT_d1;32200;ASH_COATED_OSMIUM;9930;9;9926;16;;;9939;17;9942;18;;;9934.5;0.0
av_WHEAT_d1;32200;INTARIAN_PEPPER_ROOT;11193;17;11189;16;;;11200;10;11202;24;;;11196.5;0.0
av_WHEAT_d1;32300;ASH_COATED_OSMIUM;9932;15;9929;22;;;9938;11;9942;20;;;9935.0;0.0
av_WHEAT_d1;32300;INTARIAN_PEPPER_ROOT;11195;17;11193;16;;;11201;14;11203;23;;;11198.0;0.0
av_WHEAT_d1;32400;ASH_COATED_OSMIUM;9932;17;9929;16;;;9938;13;9941;19;;;9935.0;0.0
av_WHEAT_d1;32400;INTARIAN_PEPPER_ROOT;11191;16;11188;19;;;11209;10;11213;13;;;11200.0;0.0
av_WHEAT_d1;32500;ASH_COATED_OSMIUM;9931;11;9929;20;;;9937;11;9941;17;;;9934.0;0.0
av_WHEAT_d1;32500;INTARIAN_PEPPER_ROOT;11199;11;11197;25;;;11205;12;11207;23;;;11202.0;0.0
av_WHEAT_d1;32600;ASH_COATED_OSMIUM;9931;17;9927;24;;;9937;16;9940;14;;;9934.0;0.0
av_WHEAT_d1;32600;INTARIAN_PEPPER_ROOT;11186;22;11182;25;;;11220;13;11224;18;;;11203.0;0.0
av_WHEAT_d1;32700;ASH_COATED_OSMIUM;9927;10;9923;20;;;9940;14;9944;23;;;9933.5;0.0
av_WHEAT_d1;32700;INTARIAN_PEPPER_ROOT;11201;16;11198;19;;;11207;16;11210;23;;;11204.0;0.0
av_WHEAT_d1;32800;ASH_COATED_OSMIUM;9931;16;9928;25;;;9937;16;9940;15;;;9934.0;0.0
av_WHEAT_d1;32800;INTARIAN_PEPPER_ROOT;11202;17;11198;28;;;11210;7;11214;16;;;11206.0;0.0
av_WHEAT_d1;32900;ASH_COATED_OSMIUM;9931;9;9928;23;;;9937;20;9941;17;;;9934.0;0.0
av_WHEAT_d1;32900;INTARIAN_PEPPER_ROOT;11194;15;11191;16;;;11222;10;11225;15;;;11208.0;0.0
av_WHEAT_d1;33000;ASH_COATED_OSMIUM;9930;19;9927;16;;;9937;19;9941;17;;;9933.5;0.0
av_WHEAT_d1;33000;INTARIAN_PEPPER_ROOT;11205;17;11203;26;;;11212;15;11214;11;;;11208.5;0.0
av_WHEAT_d1;33100;ASH_COATED_OSMIUM;9931;11;9929;12;;;9937;17;9940;14;;;9934.0;0.0
av_WHEAT_d1;33100;INTARIAN_PEPPER_ROOT;11206;18;11204;13;;;11214;20;11218;26;;;11210.0;0.0
av_WHEAT_d1;33200;ASH_COATED_OSMIUM;9931;17;9929;23;;;9937;15;9941;20;;;9934.0;0.0
av_WHEAT_d1;33200;INTARIAN_PEPPER_ROOT;11209;26;11206;17;;;11215;5;11217;31;;;11212.0;0.0
av_WHEAT_d1;33300;ASH_COATED_OSMIUM;9931;15;9927;20;;;9937;11;9939;17;;;9934.0;0.0
av_WHEAT_d1;33300;INTARIAN_PEPPER_ROOT;11205;14;11202;23;;;11223;14;11225;16;;;11214.0;0.0
av_WHEAT_d1;33400;ASH_COATED_OSMIUM;9930;14;9927;24;;;9936;18;9938;22;;;9933.0;0.0
av_WHEAT_d1;33400;INTARIAN_PEPPER_ROOT;11201;21;11198;30;;;11229;14;11232;23;;;11215.0;0.0
av_WHEAT_d1;33500;ASH_COATED_OSMIUM;9930;10;9926;22;;;9936;15;9939;25;;;9933.0;0.0
av_WHEAT_d1;33500;INTARIAN_PEPPER_ROOT;11213;16;11209;22;;;11219;13;11221;20;;;11216.0;0.0
av_WHEAT_d1;33600;ASH_COATED_OSMIUM;9930;9;9928;18;;;9936;16;9938;18;;;9933.0;0.0
av_WHEAT_d1;33600;INTARIAN_PEPPER_ROOT;11211;6;11207;15;;;11225;16;11227;17;;;11218.0;0.0
av_WHEAT_d1;33700;ASH_COATED_OSMIUM;9930;16;9926;24;;;9936;15;9939;10;;;9933.0;0.0
av_WHEAT_d1;33700;INTARIAN_PEPPER_ROOT;11216;10;11212;18;;;11222;13;11225;18;;;11219.0;0.0
av_WHEAT_d1;33800;ASH_COATED_OSMIUM;9926;21;9923;17;;;9938;12;9940;13;;;9932.0;0.0
av_WHEAT_d1;33800;INTARIAN_PEPPER_ROOT;11217;19;11215;19;;;11223;16;11227;26;;;11220.0;0.0
av_WHEAT_d1;33900;ASH_COATED_OSMIUM;9929;11;9926;16;;;9935;18;9939;24;;;9932.0;0.0
av_WHEAT_d1;33900;INTARIAN_PEPPER_ROOT;11219;18;11215;22;;;11226;11;11229;17;;;11222.5;0.0
av_WHEAT_d1;34000;ASH_COATED_OSMIUM;9928;19;9925;14;;;9938;19;9942;11;;;9933.0;0.0
av_WHEAT_d1;34000;INTARIAN_PEPPER_ROOT;11205;22;11203;13;;;11241;13;11243;21;;;11223.0;0.0
av_WHEAT_d1;34100;ASH_COATED_OSMIUM;9928;22;9926;19;;;9937;13;9941;19;;;9932.5;0.0
av_WHEAT_d1;34100;INTARIAN_PEPPER_ROOT;11221;18;11219;15;;;11227;19;11229;17;;;11224.0;0.0
av_WHEAT_d1;34200;ASH_COATED_OSMIUM;9925;12;9923;32;;;9942;13;9944;27;;;9933.5;0.0
av_WHEAT_d1;34200;INTARIAN_PEPPER_ROOT;11222;17;11218;9;;;11228;22;11230;18;;;11225.0;0.0
av_WHEAT_d1;34300;ASH_COATED_OSMIUM;9930;22;9927;22;;;9936;5;9938;26;;;9933.0;0.0
av_WHEAT_d1;34300;INTARIAN_PEPPER_ROOT;11215;21;11212;23;;;11237;12;11239;26;;;11226.0;0.0
av_WHEAT_d1;34400;ASH_COATED_OSMIUM;9930;9;9927;15;;;9936;17;9939;23;;;9933.0;0.0
av_WHEAT_d1;34400;INTARIAN_PEPPER_ROOT;11224;9;11221;22;;;11230;13;11232;20;;;11227.0;0.0
av_WHEAT_d1;34500;ASH_COATED_OSMIUM;9929;13;9925;21;;;9936;17;9939;13;;;9932.5;0.0
av_WHEAT_d1;34500;INTARIAN_PEPPER_ROOT;11224;11;11222;14;;;11231;11;11234;24;;;11227.5;0.0
av_WHEAT_d1;34600;ASH_COATED_OSMIUM;9923;5;9920;23;;;9944;11;9947;16;;;9933.5;0.0
av_WHEAT_d1;34600;INTARIAN_PEPPER_ROOT;11226;18;11222;14;;;11232;14;11234;13;;;11229.0;0.0
av_WHEAT_d1;34700;ASH_COATED_OSMIUM;9930;14;9927;10;;;9936;18;9940;20;;;9933.0;0.0
av_WHEAT_d1;34700;INTARIAN_PEPPER_ROOT;11227;14;11224;17;;;11234;9;11237;12;;;11230.5;0.0
av_WHEAT_d1;34800;ASH_COATED_OSMIUM;9926;17;9923;19;;;9942;7;9945;25;;;9934.0;0.0
av_WHEAT_d1;34800;INTARIAN_PEPPER_ROOT;11228;12;11226;30;;;11234;10;11236;17;;;11231.0;0.0
av_WHEAT_d1;34900;ASH_COATED_OSMIUM;9928;11;9926;21;;;9938;24;9940;25;;;9933.0;0.0
av_WHEAT_d1;34900;INTARIAN_PEPPER_ROOT;11220;26;11217;27;;;11244;7;11248;11;;;11232.0;0.0
av_WHEAT_d1;35000;ASH_COATED_OSMIUM;9928;17;9924;23;;;9938;11;9942;16;;;9933.0;0.0
av_WHEAT_d1;35000;INTARIAN_PEPPER_ROOT;11230;18;11227;23;;;11236;5;11238;22;;;11233.0;0.0
av_WHEAT_d1;35100;ASH_COATED_OSMIUM;9930;12;9926;23;;;9938;21;9942;18;;;9934.0;0.0
av_WHEAT_d1;35100;INTARIAN_PEPPER_ROOT;11231;16;11227;12;;;11237;13;11241;16;;;11234.0;0.0
av_WHEAT_d1;35200;ASH_COATED_OSMIUM;9928;5;9924;15;;;9940;10;9944;24;;;9934.0;0.0
av_WHEAT_d1;35200;INTARIAN_PEPPER_ROOT;11231;15;11229;18;;;11239;14;11243;16;;;11235.0;0.0
av_WHEAT_d1;35300;ASH_COATED_OSMIUM;9918;20;9915;11;;;9950;12;9954;15;;;9934.0;0.0
av_WHEAT_d1;35300;INTARIAN_PEPPER_ROOT;11233;9;11231;23;;;11239;15;11242;21;;;11236.0;0.0
av_WHEAT_d1;35400;ASH_COATED_OSMIUM;9930;14;9926;25;;;9936;15;9940;17;;;9933.0;0.0
av_WHEAT_d1;35400;INTARIAN_PEPPER_ROOT;11234;13;11230;29;;;11242;16;11245;13;;;11238.0;0.0
av_WHEAT_d1;35500;ASH_COATED_OSMIUM;9930;12;9927;24;;;9936;5;9939;26;;;9933.0;0.0
av_WHEAT_d1;35500;INTARIAN_PEPPER_ROOT;11235;22;11233;16;;;11241;22;11244;28;;;11238.0;0.0
av_WHEAT_d1;35600;ASH_COATED_OSMIUM;9931;21;9929;25;;;9937;9;9939;21;;;9934.0;0.0
av_WHEAT_d1;35600;INTARIAN_PEPPER_ROOT;11235;9;11232;9;;;11243;12;11246;27;;;11239.0;0.0
av_WHEAT_d1;35700;ASH_COATED_OSMIUM;9925;19;9921;17;;;9944;9;9947;15;;;9934.5;0.0
av_WHEAT_d1;35700;INTARIAN_PEPPER_ROOT;11237;16;11235;11;;;11243;15;11246;21;;;11240.0;0.0
av_WHEAT_d1;35800;ASH_COATED_OSMIUM;9928;14;9924;26;;;9939;8;9943;20;;;9933.5;0.0
av_WHEAT_d1;35800;INTARIAN_PEPPER_ROOT;11231;13;11227;19;;;11252;9;11254;19;;;11241.5;0.0
av_WHEAT_d1;35900;ASH_COATED_OSMIUM;9930;17;9926;18;;;9936;12;9939;24;;;9933.0;0.0
av_WHEAT_d1;35900;INTARIAN_PEPPER_ROOT;11239;20;11235;20;;;11245;7;11248;23;;;11242.0;0.0
av_WHEAT_d1;36000;ASH_COATED_OSMIUM;9931;21;9929;18;;;9937;6;9940;17;;;9934.0;0.0
av_WHEAT_d1;36000;INTARIAN_PEPPER_ROOT;11240;16;11237;23;;;11246;17;11248;21;;;11243.0;0.0
av_WHEAT_d1;36100;ASH_COATED_OSMIUM;9924;8;9920;17;;;9942;29;9945;17;;;9933.0;0.0
av_WHEAT_d1;36100;INTARIAN_PEPPER_ROOT;11242;16;11240;12;;;11248;13;11250;19;;;11245.0;0.0
av_WHEAT_d1;36200;ASH_COATED_OSMIUM;9928;13;9926;16;;;9939;16;9942;20;;;9933.5;0.0
av_WHEAT_d1;36200;INTARIAN_PEPPER_ROOT;11238;19;11235;16;;;11251;8;11254;19;;;11244.5;0.0
av_WHEAT_d1;36300;ASH_COATED_OSMIUM;9931;19;9929;18;;;9937;14;9940;13;;;9934.0;0.0
av_WHEAT_d1;36300;INTARIAN_PEPPER_ROOT;11243;15;11240;18;;;11249;16;11252;24;;;11246.0;0.0
av_WHEAT_d1;36400;ASH_COATED_OSMIUM;9931;9;9928;20;;;9937;19;9939;17;;;9934.0;0.0
av_WHEAT_d1;36400;INTARIAN_PEPPER_ROOT;11243;19;11241;16;;;11251;19;11253;31;;;11247.0;0.0
av_WHEAT_d1;36500;ASH_COATED_OSMIUM;9931;13;9928;16;;;9937;18;9939;16;;;9934.0;0.0
av_WHEAT_d1;36500;INTARIAN_PEPPER_ROOT;11245;11;11242;16;;;11251;21;11255;25;;;11248.0;0.0
av_WHEAT_d1;36600;ASH_COATED_OSMIUM;9925;13;9921;14;;;9942;20;9944;23;;;9933.5;0.0
av_WHEAT_d1;36600;INTARIAN_PEPPER_ROOT;11246;16;11242;20;;;11252;5;11254;18;;;11249.0;0.0
av_WHEAT_d1;36700;ASH_COATED_OSMIUM;9931;16;9927;18;;;9937;9;9939;12;;;9934.0;0.0
av_WHEAT_d1;36700;INTARIAN_PEPPER_ROOT;11244;16;11242;20;;;11256;10;11258;22;;;11250.0;0.0
av_WHEAT_d1;36800;ASH_COATED_OSMIUM;9931;11;9927;22;;;9937;8;9940;20;;;9934.0;0.0
av_WHEAT_d1;36800;INTARIAN_PEPPER_ROOT;11248;12;11246;13;;;11254;17;11258;24;;;11251.0;0.0
av_WHEAT_d1;36900;ASH_COATED_OSMIUM;9931;20;9927;17;;;9937;9;9940;11;;;9934.0;0.0
av_WHEAT_d1;36900;INTARIAN_PEPPER_ROOT;11249;13;11246;20;;;11255;12;11259;17;;;11252.0;0.0
av_WHEAT_d1;37000;ASH_COATED_OSMIUM;9931;18;9929;15;;;9937;9;9941;16;;;9934.0;0.0
av_WHEAT_d1;37000;INTARIAN_PEPPER_ROOT;11250;19;11246;18;;;11256;21;11259;21;;;11253.0;0.0
av_WHEAT_d1;37100;ASH_COATED_OSMIUM;9931;26;9928;25;;;9937;12;9939;21;;;9934.0;0.0
av_WHEAT_d1;37100;INTARIAN_PEPPER_ROOT;11250;10;11247;8;;;11258;11;11260;20;;;11254.0;0.0
av_WHEAT_d1;37200;ASH_COATED_OSMIUM;9931;16;9928;22;;;9937;20;9940;23;;;9934.0;0.0
av_WHEAT_d1;37200;INTARIAN_PEPPER_ROOT;11251;7;11249;19;;;11257;12;11261;15;;;11254.0;0.0
av_WHEAT_d1;37300;ASH_COATED_OSMIUM;9931;13;9929;13;;;9937;17;9941;21;;;9934.0;0.0
av_WHEAT_d1;37300;INTARIAN_PEPPER_ROOT;11251;13;11248;17;;;11259;13;11263;27;;;11255.0;0.0
av_WHEAT_d1;37400;ASH_COATED_OSMIUM;9931;15;9927;21;;;9937;14;9940;18;;;9934.0;0.0
av_WHEAT_d1;37400;INTARIAN_PEPPER_ROOT;11253;16;11250;17;;;11259;8;11263;26;;;11256.0;0.0
av_WHEAT_d1;37500;ASH_COATED_OSMIUM;9931;11;9927;17;;;9937;10;9939;16;;;9934.0;0.0
av_WHEAT_d1;37500;INTARIAN_PEPPER_ROOT;11255;17;11253;16;;;11261;20;11263;20;;;11258.0;0.0
av_WHEAT_d1;37600;ASH_COATED_OSMIUM;9926;11;9924;15;;;9943;17;9947;21;;;9934.5;0.0
av_WHEAT_d1;37600;INTARIAN_PEPPER_ROOT;11249;23;11247;18;;;11267;15;11270;13;;;11258.0;0.0
av_WHEAT_d1;37700;ASH_COATED_OSMIUM;9931;17;9927;18;;;9937;5;9940;23;;;9934.0;0.0
av_WHEAT_d1;37700;INTARIAN_PEPPER_ROOT;11257;14;11255;26;;;11263;8;11265;11;;;11260.0;0.0
av_WHEAT_d1;37800;ASH_COATED_OSMIUM;9929;14;9926;21;;;9941;18;9943;29;;;9935.0;0.0
av_WHEAT_d1;37800;INTARIAN_PEPPER_ROOT;11257;19;11255;17;;;11263;14;11266;11;;;11260.0;0.0
av_WHEAT_d1;37900;ASH_COATED_OSMIUM;9931;15;9929;22;;;9937;19;9939;18;;;9934.0;0.0
av_WHEAT_d1;37900;INTARIAN_PEPPER_ROOT;11258;6;11254;10;;;11264;12;11268;30;;;11261.0;0.0
av_WHEAT_d1;38000;ASH_COATED_OSMIUM;9932;17;9930;14;;;9938;18;9942;19;;;9935.0;0.0
av_WHEAT_d1;38000;INTARIAN_PEPPER_ROOT;11258;5;11254;12;;;11269;19;11272;13;;;11263.5;0.0
av_WHEAT_d1;38100;ASH_COATED_OSMIUM;9931;20;9929;19;;;9937;19;9941;12;;;9934.0;0.0
av_WHEAT_d1;38100;INTARIAN_PEPPER_ROOT;11256;5;11253;20;;;11271;7;11275;13;;;11263.5;0.0
av_WHEAT_d1;38200;ASH_COATED_OSMIUM;9932;11;9930;18;;;9938;18;9940;14;;;9935.0;0.0
av_WHEAT_d1;38200;INTARIAN_PEPPER_ROOT;11262;14;11258;19;;;11268;21;11271;18;;;11265.0;0.0
av_WHEAT_d1;38300;ASH_COATED_OSMIUM;9929;18;9927;21;;;9940;12;9944;14;;;9934.5;0.0
av_WHEAT_d1;38300;INTARIAN_PEPPER_ROOT;11263;5;11260;21;;;11269;6;11273;16;;;11266.0;0.0
av_WHEAT_d1;38400;ASH_COATED_OSMIUM;9932;17;9928;27;;;9938;5;9942;25;;;9935.0;0.0
av_WHEAT_d1;38400;INTARIAN_PEPPER_ROOT;11260;6;11258;19;;;11273;23;11277;18;;;11266.5;0.0
av_WHEAT_d1;38500;ASH_COATED_OSMIUM;9931;8;9927;28;;;9937;23;9939;20;;;9934.0;0.0
av_WHEAT_d1;38500;INTARIAN_PEPPER_ROOT;11264;20;11260;13;;;11270;6;11274;21;;;11267.0;0.0
av_WHEAT_d1;38600;ASH_COATED_OSMIUM;9932;11;9930;15;;;9938;19;9941;13;;;9935.0;0.0
av_WHEAT_d1;38600;INTARIAN_PEPPER_ROOT;11265;23;11261;25;;;11273;15;11276;18;;;11269.0;0.0
av_WHEAT_d1;38700;ASH_COATED_OSMIUM;9929;18;9926;20;;;9941;9;9944;21;;;9935.0;0.0
av_WHEAT_d1;38700;INTARIAN_PEPPER_ROOT;11266;11;11263;10;;;11272;6;11276;15;;;11269.0;0.0
av_WHEAT_d1;38800;ASH_COATED_OSMIUM;9930;18;9928;17;;;9941;18;9943;16;;;9935.5;0.0
av_WHEAT_d1;38800;INTARIAN_PEPPER_ROOT;11256;11;11253;9;;;11285;12;11288;27;;;11270.5;0.0
av_WHEAT_d1;38900;ASH_COATED_OSMIUM;9932;14;9930;17;;;9938;21;9940;17;;;9935.0;0.0
av_WHEAT_d1;38900;INTARIAN_PEPPER_ROOT;11268;11;11266;33;;;11274;22;11276;22;;;11271.0;0.0
av_WHEAT_d1;39000;ASH_COATED_OSMIUM;9932;5;9929;15;;;9938;14;9942;25;;;9935.0;0.0
av_WHEAT_d1;39000;INTARIAN_PEPPER_ROOT;11269;12;11265;19;;;11276;14;11278;24;;;11272.5;0.0
av_WHEAT_d1;39100;ASH_COATED_OSMIUM;9931;11;9929;16;;;9940;22;9944;11;;;9935.5;0.0
av_WHEAT_d1;39100;INTARIAN_PEPPER_ROOT;11271;17;11268;23;;;11277;17;11280;14;;;11274.0;0.0
av_WHEAT_d1;39200;ASH_COATED_OSMIUM;9928;25;9924;18;;;9941;13;9943;27;;;9934.5;0.0
av_WHEAT_d1;39200;INTARIAN_PEPPER_ROOT;11271;16;11267;15;;;11277;22;11281;26;;;11274.0;0.0
av_WHEAT_d1;39300;ASH_COATED_OSMIUM;9931;11;9929;13;;;9939;10;9941;11;;;9935.0;0.0
av_WHEAT_d1;39300;INTARIAN_PEPPER_ROOT;11271;11;11268;21;;;11280;14;11284;23;;;11275.5;0.0
av_WHEAT_d1;39400;ASH_COATED_OSMIUM;9923;5;9920;33;;;9947;18;9951;18;;;9935.0;0.0
av_WHEAT_d1;39400;INTARIAN_PEPPER_ROOT;11274;15;11270;20;;;11280;5;11282;20;;;11277.0;0.0
av_WHEAT_d1;39500;ASH_COATED_OSMIUM;9923;10;9920;22;;;9947;12;9950;15;;;9935.0;0.0
av_WHEAT_d1;39500;INTARIAN_PEPPER_ROOT;11274;15;11270;19;;;11280;12;11282;16;;;11277.0;0.0
av_WHEAT_d1;39600;ASH_COATED_OSMIUM;9933;9;9929;19;;;9939;9;9942;23;;;9936.0;0.0
av_WHEAT_d1;39600;INTARIAN_PEPPER_ROOT;11275;11;11272;19;;;11281;10;11283;20;;;11278.0;0.0
av_WHEAT_d1;39700;ASH_COATED_OSMIUM;9932;14;9929;19;;;9938;16;9942;19;;;9935.0;0.0
av_WHEAT_d1;39700;INTARIAN_PEPPER_ROOT;11270;15;11267;24;;;11289;17;11291;20;;;11279.5;0.0
av_WHEAT_d1;39800;ASH_COATED_OSMIUM;9929;22;9926;24;;;9942;22;9946;24;;;9935.5;0.0
av_WHEAT_d1;39800;INTARIAN_PEPPER_ROOT;11277;19;11273;16;;;11283;13;11287;19;;;11280.0;0.0
av_WHEAT_d1;39900;ASH_COATED_OSMIUM;9932;14;9928;19;;;9938;12;9940;15;;;9935.0;0.0
av_WHEAT_d1;39900;INTARIAN_PEPPER_ROOT;11277;9;11275;28;;;11285;15;11287;21;;;11281.0;0.0
av_WHEAT_d1;40000;ASH_COATED_OSMIUM;9929;18;9925;17;;;9942;16;9945;21;;;9935.5;0.0
av_WHEAT_d1;40000;INTARIAN_PEPPER_ROOT;11275;7;11272;19;;;11291;11;11293;20;;;11283.0;0.0
av_WHEAT_d1;40100;ASH_COATED_OSMIUM;9933;17;9929;11;;;9939;16;9941;19;;;9936.0;0.0
av_WHEAT_d1;40100;INTARIAN_PEPPER_ROOT;11281;9;11279;23;;;11287;17;11289;24;;;11284.0;0.0
av_WHEAT_d1;40200;ASH_COATED_OSMIUM;9933;9;9931;16;;;9939;25;9941;25;;;9936.0;0.0
av_WHEAT_d1;40200;INTARIAN_PEPPER_ROOT;11280;22;11277;23;;;11289;11;11292;32;;;11284.5;0.0
av_WHEAT_d1;40300;ASH_COATED_OSMIUM;9927;17;9925;12;;;9944;11;9946;20;;;9935.5;0.0
av_WHEAT_d1;40300;INTARIAN_PEPPER_ROOT;11282;15;11280;19;;;11288;19;11292;16;;;11285.0;0.0
av_WHEAT_d1;40400;ASH_COATED_OSMIUM;9928;20;9926;16;;;9944;25;9948;14;;;9936.0;0.0
av_WHEAT_d1;40400;INTARIAN_PEPPER_ROOT;11283;5;11280;16;;;11289;15;11293;24;;;11286.0;0.0
av_WHEAT_d1;40500;ASH_COATED_OSMIUM;9933;22;9930;15;;;9940;19;9943;27;;;9936.5;0.0
av_WHEAT_d1;40500;INTARIAN_PEPPER_ROOT;11285;12;11281;24;;;11291;22;11295;24;;;11288.0;0.0
av_WHEAT_d1;40600;ASH_COATED_OSMIUM;9933;10;9930;20;;;9939;14;9943;16;;;9936.0;0.0
av_WHEAT_d1;40600;INTARIAN_PEPPER_ROOT;11285;7;11283;21;;;11291;12;11294;20;;;11288.0;0.0
av_WHEAT_d1;40700;ASH_COATED_OSMIUM;9934;26;9932;13;;;9940;16;9942;12;;;9937.0;0.0
av_WHEAT_d1;40700;INTARIAN_PEPPER_ROOT;11284;10;11282;23;;;11293;14;11296;22;;;11288.5;0.0
av_WHEAT_d1;40800;ASH_COATED_OSMIUM;9933;14;9929;12;;;9939;9;9943;18;;;9936.0;0.0
av_WHEAT_d1;40800;INTARIAN_PEPPER_ROOT;11284;11;11281;20;;;11296;16;11300;19;;;11290.0;0.0
av_WHEAT_d1;40900;ASH_COATED_OSMIUM;9933;19;9931;28;;;9939;27;9941;23;;;9936.0;0.0
av_WHEAT_d1;40900;INTARIAN_PEPPER_ROOT;11273;5;11271;18;;;11310;13;11314;16;;;11291.5;0.0
av_WHEAT_d1;41000;ASH_COATED_OSMIUM;9930;11;9927;18;;;9943;11;9946;15;;;9936.5;0.0
av_WHEAT_d1;41000;INTARIAN_PEPPER_ROOT;11281;12;11277;21;;;11302;16;11306;21;;;11291.5;0.0
av_WHEAT_d1;41100;ASH_COATED_OSMIUM;9933;8;9930;16;;;9940;26;9943;12;;;9936.5;0.0
av_WHEAT_d1;41100;INTARIAN_PEPPER_ROOT;11290;15;11286;18;;;11296;13;11298;23;;;11293.0;0.0
av_WHEAT_d1;41200;ASH_COATED_OSMIUM;9929;19;9926;12;;;9941;12;9944;13;;;9935.0;0.0
av_WHEAT_d1;41200;INTARIAN_PEPPER_ROOT;11288;12;11284;24;;;11301;13;11305;31;;;11294.5;0.0
av_WHEAT_d1;41300;ASH_COATED_OSMIUM;9933;16;9930;17;;;9939;5;9942;24;;;9936.0;0.0
av_WHEAT_d1;41300;INTARIAN_PEPPER_ROOT;11272;15;11269;14;;;11318;13;11322;19;;;11295.0;0.0
av_WHEAT_d1;41400;ASH_COATED_OSMIUM;9933;14;9930;19;;;9939;14;9941;21;;;9936.0;0.0
av_WHEAT_d1;41400;INTARIAN_PEPPER_ROOT;11291;9;11289;14;;;11302;5;11304;16;;;11296.5;0.0
av_WHEAT_d1;41500;ASH_COATED_OSMIUM;9929;12;9926;18;;;9942;18;9944;21;;;9935.5;0.0
av_WHEAT_d1;41500;INTARIAN_PEPPER_ROOT;11292;8;11288;15;;;11303;13;11307;15;;;11297.5;0.0
av_WHEAT_d1;41600;ASH_COATED_OSMIUM;9930;18;9927;16;;;9942;12;9945;13;;;9936.0;0.0
av_WHEAT_d1;41600;INTARIAN_PEPPER_ROOT;11293;13;11291;16;;;11303;13;11305;15;;;11298.0;0.0
av_WHEAT_d1;41700;ASH_COATED_OSMIUM;9932;16;9928;14;;;9941;14;9943;28;;;9936.5;0.0
av_WHEAT_d1;41700;INTARIAN_PEPPER_ROOT;11295;12;11293;16;;;11303;23;11306;15;;;11299.0;0.0
av_WHEAT_d1;41800;ASH_COATED_OSMIUM;9933;8;9931;20;;;9940;14;9944;20;;;9936.5;0.0
av_WHEAT_d1;41800;INTARIAN_PEPPER_ROOT;11297;10;11295;30;;;11303;12;11306;9;;;11300.0;0.0
av_WHEAT_d1;41900;ASH_COATED_OSMIUM;9934;16;9932;17;;;9940;22;9942;10;;;9937.0;0.0
av_WHEAT_d1;41900;INTARIAN_PEPPER_ROOT;11298;6;11294;15;;;11304;10;11306;20;;;11301.0;0.0
av_WHEAT_d1;42000;ASH_COATED_OSMIUM;9930;9;9928;13;;;9942;16;9946;19;;;9936.0;0.0
av_WHEAT_d1;42000;INTARIAN_PEPPER_ROOT;11297;13;11295;16;;;11306;20;11309;20;;;11301.5;0.0
av_WHEAT_d1;42100;ASH_COATED_OSMIUM;9929;13;9927;26;;;9944;24;9948;14;;;9936.5;0.0
av_WHEAT_d1;42100;INTARIAN_PEPPER_ROOT;11299;7;11296;18;;;11306;28;11309;19;;;11302.5;0.0
av_WHEAT_d1;42200;ASH_COATED_OSMIUM;9931;23;9928;16;;;9943;17;9945;18;;;9937.0;0.0
av_WHEAT_d1;42200;INTARIAN_PEPPER_ROOT;11300;15;11298;27;;;11307;21;11309;28;;;11303.5;0.0
av_WHEAT_d1;42300;ASH_COATED_OSMIUM;9934;11;9930;12;;;9940;10;9944;21;;;9937.0;0.0
av_WHEAT_d1;42300;INTARIAN_PEPPER_ROOT;11295;16;11291;22;;;11314;23;11318;20;;;11304.5;0.0
av_WHEAT_d1;42400;ASH_COATED_OSMIUM;9934;13;9931;18;;;9940;9;9944;13;;;9937.0;0.0
av_WHEAT_d1;42400;INTARIAN_PEPPER_ROOT;11302;12;11300;17;;;11309;18;11313;25;;;11305.5;0.0
av_WHEAT_d1;42500;ASH_COATED_OSMIUM;9928;17;9924;18;;;9945;18;9949;16;;;9936.5;0.0
av_WHEAT_d1;42500;INTARIAN_PEPPER_ROOT;11304;17;11300;22;;;11310;21;11314;16;;;11307.0;0.0
av_WHEAT_d1;42600;ASH_COATED_OSMIUM;9933;7;9930;26;;;9940;5;9942;16;;;9936.5;0.0
av_WHEAT_d1;42600;INTARIAN_PEPPER_ROOT;11300;14;11298;13;;;11316;20;11318;10;;;11308.0;0.0
av_WHEAT_d1;42700;ASH_COATED_OSMIUM;9934;11;9931;25;;;9940;16;9943;21;;;9937.0;0.0
av_WHEAT_d1;42700;INTARIAN_PEPPER_ROOT;11306;6;11304;18;;;11312;7;11314;18;;;11309.0;0.0
av_WHEAT_d1;42800;ASH_COATED_OSMIUM;9924;9;9920;13;;;9949;7;9952;18;;;9936.5;0.0
av_WHEAT_d1;42800;INTARIAN_PEPPER_ROOT;11307;14;11304;20;;;11313;17;11317;14;;;11310.0;0.0
av_WHEAT_d1;42900;ASH_COATED_OSMIUM;9934;20;9931;15;;;9940;18;9944;20;;;9937.0;0.0
av_WHEAT_d1;42900;INTARIAN_PEPPER_ROOT;11307;13;11305;8;;;11315;19;11319;30;;;11311.0;0.0
av_WHEAT_d1;43000;ASH_COATED_OSMIUM;9929;18;9926;16;;;9944;18;9946;19;;;9936.5;0.0
av_WHEAT_d1;43000;INTARIAN_PEPPER_ROOT;11309;8;11306;20;;;11315;17;11317;20;;;11312.0;0.0
av_WHEAT_d1;43100;ASH_COATED_OSMIUM;9934;20;9930;24;;;9940;15;9942;14;;;9937.0;0.0
av_WHEAT_d1;43100;INTARIAN_PEPPER_ROOT;11310;8;11308;19;;;11316;8;11319;21;;;11313.0;0.0
av_WHEAT_d1;43200;ASH_COATED_OSMIUM;9934;13;9931;18;;;9940;5;9944;8;;;9937.0;0.0
av_WHEAT_d1;43200;INTARIAN_PEPPER_ROOT;11310;25;11307;20;;;11317;12;11319;18;;;11313.5;0.0
av_WHEAT_d1;43300;ASH_COATED_OSMIUM;9934;5;9930;21;;;9940;25;9942;21;;;9937.0;0.0
av_WHEAT_d1;43300;INTARIAN_PEPPER_ROOT;11312;19;11310;21;;;11318;17;11320;16;;;11315.0;0.0
av_WHEAT_d1;43400;ASH_COATED_OSMIUM;9934;18;9931;15;;;9940;14;9943;23;;;9937.0;0.0
av_WHEAT_d1;43400;INTARIAN_PEPPER_ROOT;11313;13;11310;25;;;11319;12;11321;24;;;11316.0;0.0
av_WHEAT_d1;43500;ASH_COATED_OSMIUM;9926;14;9922;18;;;9949;6;9952;9;;;9937.5;0.0
av_WHEAT_d1;43500;INTARIAN_PEPPER_ROOT;11312;17;11308;18;;;11322;13;11325;14;;;11317.0;0.0
av_WHEAT_d1;43600;ASH_COATED_OSMIUM;9929;16;9927;19;;;9945;18;9948;19;;;9937.0;0.0
av_WHEAT_d1;43600;INTARIAN_PEPPER_ROOT;11309;8;11305;22;;;11326;18;11328;18;;;11317.5;0.0
av_WHEAT_d1;43700;ASH_COATED_OSMIUM;9931;16;9929;28;;;9944;20;9948;23;;;9937.5;0.0
av_WHEAT_d1;43700;INTARIAN_PEPPER_ROOT;11315;11;11311;13;;;11322;13;11326;21;;;11318.5;0.0
av_WHEAT_d1;43800;ASH_COATED_OSMIUM;9921;5;9919;20;;;9953;13;9955;17;;;9937.0;0.0
av_WHEAT_d1;43800;INTARIAN_PEPPER_ROOT;11315;12;11312;25;;;11324;16;11327;25;;;11319.5;0.0
av_WHEAT_d1;43900;ASH_COATED_OSMIUM;9932;18;9928;16;;;9943;11;9947;25;;;9937.5;0.0
av_WHEAT_d1;43900;INTARIAN_PEPPER_ROOT;11318;8;11316;29;;;11324;15;11327;17;;;11321.0;0.0
av_WHEAT_d1;44000;ASH_COATED_OSMIUM;9934;26;9932;24;;;9941;17;9943;24;;;9937.5;0.0
av_WHEAT_d1;44000;INTARIAN_PEPPER_ROOT;11319;5;11315;29;;;11325;18;11328;13;;;11322.0;0.0
av_WHEAT_d1;44100;ASH_COATED_OSMIUM;9930;19;9928;22;;;9944;15;9947;17;;;9937.0;0.0
av_WHEAT_d1;44100;INTARIAN_PEPPER_ROOT;11317;15;11314;22;;;11328;16;11332;11;;;11322.5;0.0
av_WHEAT_d1;44200;ASH_COATED_OSMIUM;9935;14;9931;13;;;9941;16;9944;21;;;9938.0;0.0
av_WHEAT_d1;44200;INTARIAN_PEPPER_ROOT;11321;15;11319;19;;;11327;5;11331;22;;;11324.0;0.0
av_WHEAT_d1;44300;ASH_COATED_OSMIUM;9933;22;9930;18;;;9941;10;9943;15;;;9937.0;0.0
av_WHEAT_d1;44300;INTARIAN_PEPPER_ROOT;11319;19;11316;26;;;11331;17;11335;24;;;11325.0;0.0
av_WHEAT_d1;44400;ASH_COATED_OSMIUM;9932;23;9930;17;;;9943;14;9946;15;;;9937.5;0.0
av_WHEAT_d1;44400;INTARIAN_PEPPER_ROOT;11322;19;11318;11;;;11328;23;11330;18;;;11325.0;0.0
av_WHEAT_d1;44500;ASH_COATED_OSMIUM;9929;16;9925;11;;;9947;17;9950;22;;;9938.0;0.0
av_WHEAT_d1;44500;INTARIAN_PEPPER_ROOT;11323;18;11319;12;;;11329;7;11332;18;;;11326.0;0.0
av_WHEAT_d1;44600;ASH_COATED_OSMIUM;9935;21;9932;12;;;9941;8;9943;20;;;9938.0;0.0
av_WHEAT_d1;44600;INTARIAN_PEPPER_ROOT;11313;11;11311;18;;;11343;14;11346;32;;;11328.0;0.0
av_WHEAT_d1;44700;ASH_COATED_OSMIUM;9935;15;9931;24;;;9941;15;9943;15;;;9938.0;0.0
av_WHEAT_d1;44700;INTARIAN_PEPPER_ROOT;11324;14;11320;26;;;11331;25;11333;19;;;11327.5;0.0
av_WHEAT_d1;44800;ASH_COATED_OSMIUM;9935;9;9932;26;;;9941;15;9944;23;;;9938.0;0.0
av_WHEAT_d1;44800;INTARIAN_PEPPER_ROOT;11309;23;11306;10;;;11349;15;11351;12;;;11329.0;0.0
av_WHEAT_d1;44900;ASH_COATED_OSMIUM;9935;14;9931;29;;;9941;18;9944;21;;;9938.0;0.0
av_WHEAT_d1;44900;INTARIAN_PEPPER_ROOT;11309;17;11305;15;;;11352;9;11355;20;;;11330.5;0.0
av_WHEAT_d1;45000;ASH_COATED_OSMIUM;9935;13;9933;18;;;9941;18;9945;15;;;9938.0;0.0
av_WHEAT_d1;45000;INTARIAN_PEPPER_ROOT;11328;14;11325;25;;;11334;23;11336;18;;;11331.0;0.0
av_WHEAT_d1;45100;ASH_COATED_OSMIUM;9935;15;9932;27;;;9941;11;9945;21;;;9938.0;0.0
av_WHEAT_d1;45100;INTARIAN_PEPPER_ROOT;11327;22;11324;18;;;11338;19;11342;25;;;11332.5;0.0
av_WHEAT_d1;45200;ASH_COATED_OSMIUM;9932;7;9929;25;;;9945;12;9947;18;;;9938.5;0.0
av_WHEAT_d1;45200;INTARIAN_PEPPER_ROOT;11327;12;11325;15;;;11339;19;11341;27;;;11333.0;0.0
av_WHEAT_d1;45300;ASH_COATED_OSMIUM;9929;16;9926;20;;;9946;11;9950;30;;;9937.5;0.0
av_WHEAT_d1;45300;INTARIAN_PEPPER_ROOT;11331;9;11329;15;;;11337;20;11340;11;;;11334.0;0.0
av_WHEAT_d1;45400;ASH_COATED_OSMIUM;9935;20;9933;13;;;9942;11;9945;24;;;9938.5;0.0
av_WHEAT_d1;45400;INTARIAN_PEPPER_ROOT;11329;8;11325;16;;;11340;12;11342;25;;;11334.5;0.0
av_WHEAT_d1;45500;ASH_COATED_OSMIUM;9935;26;9933;10;;;9941;19;9945;23;;;9938.0;0.0
av_WHEAT_d1;45500;INTARIAN_PEPPER_ROOT;11333;9;11331;18;;;11339;13;11342;18;;;11336.0;0.0
av_WHEAT_d1;45600;ASH_COATED_OSMIUM;9935;11;9931;15;;;9941;20;9943;23;;;9938.0;0.0
av_WHEAT_d1;45600;INTARIAN_PEPPER_ROOT;11335;21;11333;17;;;11341;17;11345;24;;;11338.0;0.0
av_WHEAT_d1;45700;ASH_COATED_OSMIUM;9933;19;9929;17;;;9942;18;9945;34;;;9937.5;0.0
av_WHEAT_d1;45700;INTARIAN_PEPPER_ROOT;11335;11;11331;17;;;11341;14;11344;15;;;11338.0;0.0
av_WHEAT_d1;45800;ASH_COATED_OSMIUM;9934;15;9932;16;;;9942;18;9946;11;;;9938.0;0.0
av_WHEAT_d1;45800;INTARIAN_PEPPER_ROOT;11336;7;11334;30;;;11342;15;11345;23;;;11339.0;0.0
av_WHEAT_d1;45900;ASH_COATED_OSMIUM;9933;17;9929;15;;;9942;18;9946;21;;;9937.5;0.0
av_WHEAT_d1;45900;INTARIAN_PEPPER_ROOT;11337;12;11333;18;;;11343;14;11347;26;;;11340.0;0.0
av_WHEAT_d1;46000;ASH_COATED_OSMIUM;9935;15;9931;13;;;9941;21;9945;15;;;9938.0;0.0
av_WHEAT_d1;46000;INTARIAN_PEPPER_ROOT;11335;16;11331;18;;;11349;13;11352;21;;;11342.0;0.0
av_WHEAT_d1;46100;ASH_COATED_OSMIUM;9932;18;9928;23;;;9945;17;9948;23;;;9938.5;0.0
av_WHEAT_d1;46100;INTARIAN_PEPPER_ROOT;11339;13;11337;13;;;11345;13;11349;17;;;11342.0;0.0
av_WHEAT_d1;46200;ASH_COATED_OSMIUM;9936;9;9932;20;;;9942;10;9945;15;;;9939.0;0.0
av_WHEAT_d1;46200;INTARIAN_PEPPER_ROOT;11335;13;11333;19;;;11351;19;11354;17;;;11343.0;0.0
av_WHEAT_d1;46300;ASH_COATED_OSMIUM;9936;10;9933;24;;;9942;17;9944;25;;;9939.0;0.0
av_WHEAT_d1;46300;INTARIAN_PEPPER_ROOT;11341;17;11339;27;;;11347;13;11349;23;;;11344.0;0.0
av_WHEAT_d1;46400;ASH_COATED_OSMIUM;9936;18;9932;24;;;9942;24;9944;22;;;9939.0;0.0
av_WHEAT_d1;46400;INTARIAN_PEPPER_ROOT;11341;20;11337;27;;;11350;19;11354;19;;;11345.5;0.0
av_WHEAT_d1;46500;ASH_COATED_OSMIUM;9935;11;9933;23;;;9941;21;9945;23;;;9938.0;0.0
av_WHEAT_d1;46500;INTARIAN_PEPPER_ROOT;11343;23;11340;24;;;11349;11;11353;17;;;11346.0;0.0
av_WHEAT_d1;46600;ASH_COATED_OSMIUM;9936;17;9932;17;;;9942;16;9946;23;;;9939.0;0.0
av_WHEAT_d1;46600;INTARIAN_PEPPER_ROOT;11338;6;11336;22;;;11357;22;11360;17;;;11347.5;0.0
av_WHEAT_d1;46700;ASH_COATED_OSMIUM;9936;15;9934;19;;;9942;21;9944;30;;;9939.0;0.0
av_WHEAT_d1;46700;INTARIAN_PEPPER_ROOT;11345;12;11343;20;;;11351;14;11354;13;;;11348.0;0.0
av_WHEAT_d1;46800;ASH_COATED_OSMIUM;9925;9;9923;20;;;9953;26;9956;16;;;9939.0;0.0
av_WHEAT_d1;46800;INTARIAN_PEPPER_ROOT;11346;17;11342;18;;;11352;6;11355;26;;;11349.0;0.0
av_WHEAT_d1;46900;ASH_COATED_OSMIUM;9924;20;9921;19;;;9954;15;9956;13;;;9939.0;0.0
av_WHEAT_d1;46900;INTARIAN_PEPPER_ROOT;11337;12;11334;17;;;11363;18;11367;21;;;11350.0;0.0
av_WHEAT_d1;47000;ASH_COATED_OSMIUM;9935;9;9931;15;;;9941;10;9943;27;;;9938.0;0.0
av_WHEAT_d1;47000;INTARIAN_PEPPER_ROOT;11348;15;11346;29;;;11354;15;11357;22;;;11351.0;0.0
av_WHEAT_d1;47100;ASH_COATED_OSMIUM;9936;14;9934;15;;;9942;14;9944;18;;;9939.0;0.0
av_WHEAT_d1;47100;INTARIAN_PEPPER_ROOT;11349;14;11347;16;;;11355;14;11358;24;;;11352.0;0.0
av_WHEAT_d1;47200;ASH_COATED_OSMIUM;9936;24;9933;22;;;9942;17;9944;18;;;9939.0;0.0
av_WHEAT_d1;47200;INTARIAN_PEPPER_ROOT;11350;8;11348;27;;;11356;23;11360;20;;;11353.0;0.0
av_WHEAT_d1;47300;ASH_COATED_OSMIUM;9935;13;9931;14;;;9941;7;9945;22;;;9938.0;0.0
av_WHEAT_d1;47300;INTARIAN_PEPPER_ROOT;11349;16;11346;14;;;11358;16;11362;16;;;11353.5;0.0
av_WHEAT_d1;47400;ASH_COATED_OSMIUM;9936;16;9934;24;;;9943;14;9945;26;;;9939.5;0.0
av_WHEAT_d1;47400;INTARIAN_PEPPER_ROOT;11339;7;11337;33;;;11372;17;11376;14;;;11355.5;0.0
av_WHEAT_d1;47500;ASH_COATED_OSMIUM;9936;13;9933;24;;;9942;9;9944;14;;;9939.0;0.0
av_WHEAT_d1;47500;INTARIAN_PEPPER_ROOT;11353;17;11349;19;;;11359;15;11362;18;;;11356.0;0.0
av_WHEAT_d1;47600;ASH_COATED_OSMIUM;9936;23;9934;16;;;9942;15;9946;29;;;9939.0;0.0
av_WHEAT_d1;47600;INTARIAN_PEPPER_ROOT;11354;16;11352;16;;;11360;18;11363;10;;;11357.0;0.0
av_WHEAT_d1;47700;ASH_COATED_OSMIUM;9933;14;9930;23;;;9946;23;9950;16;;;9939.5;0.0
av_WHEAT_d1;47700;INTARIAN_PEPPER_ROOT;11355;20;11351;14;;;11361;11;11364;19;;;11358.0;0.0
av_WHEAT_d1;47800;ASH_COATED_OSMIUM;9936;21;9934;28;;;9942;12;9946;17;;;9939.0;0.0
av_WHEAT_d1;47800;INTARIAN_PEPPER_ROOT;11356;9;11352;14;;;11362;15;11364;21;;;11359.0;0.0
av_WHEAT_d1;47900;ASH_COATED_OSMIUM;9935;13;9931;24;;;9943;9;9947;20;;;9939.0;0.0
av_WHEAT_d1;47900;INTARIAN_PEPPER_ROOT;11357;8;11353;18;;;11363;20;11367;17;;;11360.0;0.0
av_WHEAT_d1;48000;ASH_COATED_OSMIUM;9936;12;9932;16;;;9942;21;9945;25;;;9939.0;0.0
av_WHEAT_d1;48000;INTARIAN_PEPPER_ROOT;11354;14;11351;21;;;11368;19;11370;16;;;11361.0;0.0
av_WHEAT_d1;48100;ASH_COATED_OSMIUM;9931;10;9927;16;;;9948;16;9950;21;;;9939.5;0.0
av_WHEAT_d1;48100;INTARIAN_PEPPER_ROOT;11359;8;11356;23;;;11365;18;11368;22;;;11362.0;0.0
av_WHEAT_d1;48200;ASH_COATED_OSMIUM;9937;15;9934;12;;;9943;14;9946;20;;;9940.0;0.0
av_WHEAT_d1;48200;INTARIAN_PEPPER_ROOT;11360;21;11356;25;;;11366;16;11368;20;;;11363.0;0.0
av_WHEAT_d1;48300;ASH_COATED_OSMIUM;9936;14;9933;22;;;9942;14;9946;21;;;9939.0;0.0
av_WHEAT_d1;48300;INTARIAN_PEPPER_ROOT;11361;16;11358;21;;;11367;16;11371;16;;;11364.0;0.0
av_WHEAT_d1;48400;ASH_COATED_OSMIUM;9936;15;9934;22;;;9942;16;9945;20;;;9939.0;0.0
av_WHEAT_d1;48400;INTARIAN_PEPPER_ROOT;11349;11;11346;10;;;11380;15;11382;20;;;11364.5;0.0
av_WHEAT_d1;48500;ASH_COATED_OSMIUM;9935;11;9932;32;;;9943;8;9946;25;;;9939.0;0.0
av_WHEAT_d1;48500;INTARIAN_PEPPER_ROOT;11363;15;11361;20;;;11369;10;11373;19;;;11366.0;0.0
av_WHEAT_d1;48600;ASH_COATED_OSMIUM;9936;18;9934;23;;;9942;18;9945;25;;;9939.0;0.0
av_WHEAT_d1;48600;INTARIAN_PEPPER_ROOT;11364;24;11360;26;;;11370;16;11372;17;;;11367.0;0.0
av_WHEAT_d1;48700;ASH_COATED_OSMIUM;9937;18;9935;10;;;9943;19;9947;16;;;9940.0;0.0
av_WHEAT_d1;48700;INTARIAN_PEPPER_ROOT;11350;18;11347;14;;;11386;13;11388;26;;;11368.0;0.0
av_WHEAT_d1;48800;ASH_COATED_OSMIUM;9937;20;9933;17;;;9943;17;9946;15;;;9940.0;0.0
av_WHEAT_d1;48800;INTARIAN_PEPPER_ROOT;11365;10;11363;20;;;11371;10;11375;16;;;11368.0;0.0
av_WHEAT_d1;48900;ASH_COATED_OSMIUM;9937;6;9934;18;;;9943;13;9945;14;;;9940.0;0.0
av_WHEAT_d1;48900;INTARIAN_PEPPER_ROOT;11359;14;11356;18;;;11378;12;11381;16;;;11368.5;0.0
av_WHEAT_d1;49000;ASH_COATED_OSMIUM;9936;22;9933;25;;;9942;17;9945;10;;;9939.0;0.0
av_WHEAT_d1;49000;INTARIAN_PEPPER_ROOT;11367;17;11365;15;;;11374;18;11376;21;;;11370.5;0.0
av_WHEAT_d1;49100;ASH_COATED_OSMIUM;9937;10;9935;23;;;9943;12;9945;18;;;9940.0;0.0
av_WHEAT_d1;49100;INTARIAN_PEPPER_ROOT;11368;15;11364;19;;;11374;13;11377;12;;;11371.0;0.0
av_WHEAT_d1;49200;ASH_COATED_OSMIUM;9935;17;9931;17;;;9945;11;9947;21;;;9940.0;0.0
av_WHEAT_d1;49200;INTARIAN_PEPPER_ROOT;11369;15;11365;22;;;11375;8;11379;25;;;11372.0;0.0
av_WHEAT_d1;49300;ASH_COATED_OSMIUM;9937;14;9934;21;;;9943;14;9945;16;;;9940.0;0.0
av_WHEAT_d1;49300;INTARIAN_PEPPER_ROOT;11369;20;11365;18;;;11378;5;11380;21;;;11373.5;0.0
av_WHEAT_d1;49400;ASH_COATED_OSMIUM;9926;16;9924;17;;;9953;18;9956;24;;;9939.5;0.0
av_WHEAT_d1;49400;INTARIAN_PEPPER_ROOT;11369;9;11366;18;;;11379;8;11381;16;;;11374.0;0.0
av_WHEAT_d1;49500;ASH_COATED_OSMIUM;9937;14;9934;19;;;9943;11;9945;21;;;9940.0;0.0
av_WHEAT_d1;49500;INTARIAN_PEPPER_ROOT;11369;15;11366;23;;;11382;16;11385;22;;;11375.5;0.0
av_WHEAT_d1;49600;ASH_COATED_OSMIUM;9937;18;9933;17;;;9943;21;9945;20;;;9940.0;0.0
av_WHEAT_d1;49600;INTARIAN_PEPPER_ROOT;11373;12;11370;16;;;11379;20;11382;22;;;11376.0;0.0
av_WHEAT_d1;49700;ASH_COATED_OSMIUM;9934;15;9930;27;;;9946;17;9949;16;;;9940.0;0.0
av_WHEAT_d1;49700;INTARIAN_PEPPER_ROOT;11372;11;11368;25;;;11383;12;11385;13;;;11377.5;0.0
av_WHEAT_d1;49800;ASH_COATED_OSMIUM;9933;9;9929;22;;;9947;5;9950;15;;;9940.0;0.0
av_WHEAT_d1;49800;INTARIAN_PEPPER_ROOT;11375;7;11372;20;;;11381;14;11383;8;;;11378.0;0.0
av_WHEAT_d1;49900;ASH_COATED_OSMIUM;9932;22;9930;11;;;9948;9;9951;27;;;9940.0;0.0
av_WHEAT_d1;49900;INTARIAN_PEPPER_ROOT;11375;14;11371;17;;;11383;16;11386;20;;;11379.0;0.0
av_WHEAT_d1;50000;ASH_COATED_OSMIUM;9934;14;9931;19;;;9947;9;9950;21;;;9940.5;0.0
av_WHEAT_d1;50000;INTARIAN_PEPPER_ROOT;11377;14;11373;19;;;11383;17;11387;23;;;11380.0;0.0
av_WHEAT_d1;50100;ASH_COATED_OSMIUM;9938;5;9936;8;;;9944;12;9947;19;;;9941.0;0.0
av_WHEAT_d1;50100;INTARIAN_PEPPER_ROOT;11378;20;11376;13;;;11384;11;11387;25;;;11381.0;0.0
av_WHEAT_d1;50200;ASH_COATED_OSMIUM;9938;24;9935;15;;;9944;10;9948;17;;;9941.0;0.0
av_WHEAT_d1;50200;INTARIAN_PEPPER_ROOT;11380;16;11378;29;;;11386;10;11388;14;;;11383.0;0.0
av_WHEAT_d1;50300;ASH_COATED_OSMIUM;9938;12;9936;28;;;9944;15;9948;20;;;9941.0;0.0
av_WHEAT_d1;50300;INTARIAN_PEPPER_ROOT;11380;24;11378;18;;;11386;16;11390;22;;;11383.0;0.0
av_WHEAT_d1;50400;ASH_COATED_OSMIUM;9938;24;9936;11;;;9944;18;9948;18;;;9941.0;0.0
av_WHEAT_d1;50400;INTARIAN_PEPPER_ROOT;11381;16;11379;24;;;11387;14;11389;21;;;11384.0;0.0
av_WHEAT_d1;50500;ASH_COATED_OSMIUM;9923;20;9921;16;;;9959;17;9963;24;;;9941.0;0.0
av_WHEAT_d1;50500;INTARIAN_PEPPER_ROOT;11383;23;11381;29;;;11389;16;11391;25;;;11386.0;0.0
av_WHEAT_d1;50600;ASH_COATED_OSMIUM;9934;16;9930;20;;;9947;17;9949;23;;;9940.5;0.0
av_WHEAT_d1;50600;INTARIAN_PEPPER_ROOT;11383;15;11380;22;;;11389;13;11393;12;;;11386.0;0.0
av_WHEAT_d1;50700;ASH_COATED_OSMIUM;9937;25;9934;15;;;9943;5;9945;20;;;9940.0;0.0
av_WHEAT_d1;50700;INTARIAN_PEPPER_ROOT;11384;19;11382;15;;;11390;20;11392;30;;;11387.0;0.0
av_WHEAT_d1;50800;ASH_COATED_OSMIUM;9934;5;9931;26;;;9947;13;9951;8;;;9940.5;0.0
av_WHEAT_d1;50800;INTARIAN_PEPPER_ROOT;11380;24;11377;20;;;11397;16;11401;23;;;11388.5;0.0
av_WHEAT_d1;50900;ASH_COATED_OSMIUM;9937;14;9933;26;;;9943;5;9945;21;;;9940.0;0.0
av_WHEAT_d1;50900;INTARIAN_PEPPER_ROOT;11385;8;11383;19;;;11391;12;11394;22;;;11388.0;0.0
av_WHEAT_d1;51000;ASH_COATED_OSMIUM;9938;16;9935;23;;;9944;25;9946;26;;;9941.0;0.0
av_WHEAT_d1;51000;INTARIAN_PEPPER_ROOT;11376;17;11373;23;;;11399;24;11402;19;;;11387.5;0.0
av_WHEAT_d1;51100;ASH_COATED_OSMIUM;9937;19;9934;20;;;9944;16;9947;17;;;9940.5;0.0
av_WHEAT_d1;51100;INTARIAN_PEPPER_ROOT;11385;22;11381;23;;;11391;7;11393;16;;;11388.0;0.0
av_WHEAT_d1;51200;ASH_COATED_OSMIUM;9938;20;9934;22;;;9944;13;9947;24;;;9941.0;0.0
av_WHEAT_d1;51200;INTARIAN_PEPPER_ROOT;11381;12;11378;28;;;11391;12;11394;32;;;11386.0;0.0
av_WHEAT_d1;51300;ASH_COATED_OSMIUM;9938;17;9934;18;;;9944;15;9946;26;;;9941.0;0.0
av_WHEAT_d1;51300;INTARIAN_PEPPER_ROOT;11383;13;11380;15;;;11390;11;11393;19;;;11386.5;0.0
av_WHEAT_d1;51400;ASH_COATED_OSMIUM;9938;11;9934;14;;;9944;19;9948;17;;;9941.0;0.0
av_WHEAT_d1;51400;INTARIAN_PEPPER_ROOT;11382;13;11379;17;;;11388;7;11392;27;;;11385.0;0.0
av_WHEAT_d1;51500;ASH_COATED_OSMIUM;9938;19;9936;31;;;9945;13;9947;28;;;9941.5;0.0
av_WHEAT_d1;51500;INTARIAN_PEPPER_ROOT;11382;10;11380;22;;;11388;16;11392;17;;;11385.0;0.0
av_WHEAT_d1;51600;ASH_COATED_OSMIUM;9938;16;9935;21;;;9944;13;9947;19;;;9941.0;0.0
av_WHEAT_d1;51600;INTARIAN_PEPPER_ROOT;11379;10;11377;16;;;11389;8;11393;19;;;11384.0;0.0
av_WHEAT_d1;51700;ASH_COATED_OSMIUM;9938;14;9934;16;;;9944;13;9946;15;;;9941.0;0.0
av_WHEAT_d1;51700;INTARIAN_PEPPER_ROOT;11380;23;11378;25;;;11386;13;11389;17;;;11383.0;0.0
av_WHEAT_d1;51800;ASH_COATED_OSMIUM;9939;11;9937;13;;;9945;18;9948;20;;;9942.0;0.0
av_WHEAT_d1;51800;INTARIAN_PEPPER_ROOT;11376;16;11374;16;;;11389;18;11392;26;;;11382.5;0.0
av_WHEAT_d1;51900;ASH_COATED_OSMIUM;9938;8;9934;17;;;9946;21;9948;20;;;9942.0;0.0
av_WHEAT_d1;51900;INTARIAN_PEPPER_ROOT;11368;25;11366;10;;;11397;17;11399;20;;;11382.5;0.0
av_WHEAT_d1;52000;ASH_COATED_OSMIUM;9932;10;9928;24;;;9953;15;9957;11;;;9942.5;0.0
av_WHEAT_d1;52000;INTARIAN_PEPPER_ROOT;11379;12;11377;23;;;11385;18;11387;20;;;11382.0;0.0
av_WHEAT_d1;52100;ASH_COATED_OSMIUM;9931;18;9928;15;;;9954;20;9957;15;;;9942.5;0.0
av_WHEAT_d1;52100;INTARIAN_PEPPER_ROOT;11374;18;11372;23;;;11389;15;11392;21;;;11381.5;0.0
av_WHEAT_d1;52200;ASH_COATED_OSMIUM;9939;17;9935;18;;;9945;12;9947;20;;;9942.0;0.0
av_WHEAT_d1;52200;INTARIAN_PEPPER_ROOT;11378;19;11374;20;;;11384;14;11386;8;;;11381.0;0.0
av_WHEAT_d1;52300;ASH_COATED_OSMIUM;9937;20;9935;22;;;9947;15;9949;16;;;9942.0;0.0
av_WHEAT_d1;52300;INTARIAN_PEPPER_ROOT;11378;16;11374;17;;;11384;10;11388;23;;;11381.0;0.0
av_WHEAT_d1;52400;ASH_COATED_OSMIUM;9939;11;9935;18;;;9945;17;9948;26;;;9942.0;0.0
av_WHEAT_d1;52400;INTARIAN_PEPPER_ROOT;11376;15;11372;13;;;11382;9;11385;33;;;11379.0;0.0
av_WHEAT_d1;52500;ASH_COATED_OSMIUM;9938;25;9935;20;;;9946;18;9949;20;;;9942.0;0.0
av_WHEAT_d1;52500;INTARIAN_PEPPER_ROOT;11370;7;11366;18;;;11386;16;11389;27;;;11378.0;0.0
av_WHEAT_d1;52600;ASH_COATED_OSMIUM;9937;8;9935;18;;;9946;16;9949;15;;;9941.5;0.0
av_WHEAT_d1;52600;INTARIAN_PEPPER_ROOT;11375;15;11373;24;;;11381;19;11383;19;;;11378.0;0.0
av_WHEAT_d1;52700;ASH_COATED_OSMIUM;9939;12;9935;21;;;9945;20;9948;22;;;9942.0;0.0
av_WHEAT_d1;52700;INTARIAN_PEPPER_ROOT;11374;26;11372;20;;;11380;23;11383;26;;;11377.0;0.0
av_WHEAT_d1;52800;ASH_COATED_OSMIUM;9940;15;9936;21;;;9946;18;9949;20;;;9943.0;0.0
av_WHEAT_d1;52800;INTARIAN_PEPPER_ROOT;11374;18;11372;21;;;11380;11;11382;25;;;11377.0;0.0
av_WHEAT_d1;52900;ASH_COATED_OSMIUM;9938;13;9934;17;;;9948;19;9951;14;;;9943.0;0.0
av_WHEAT_d1;52900;INTARIAN_PEPPER_ROOT;11374;12;11371;21;;;11380;16;11383;23;;;11377.0;0.0
av_WHEAT_d1;53000;ASH_COATED_OSMIUM;9939;6;9935;20;;;9945;17;9949;22;;;9942.0;0.0
av_WHEAT_d1;53000;INTARIAN_PEPPER_ROOT;11371;13;11369;20;;;11379;10;11383;21;;;11375.0;0.0
av_WHEAT_d1;53100;ASH_COATED_OSMIUM;9934;16;9931;26;;;9951;14;9953;15;;;9942.5;0.0
av_WHEAT_d1;53100;INTARIAN_PEPPER_ROOT;11371;12;11367;8;;;11378;11;11381;23;;;11374.5;0.0
av_WHEAT_d1;53200;ASH_COATED_OSMIUM;9940;12;9937;17;;;9946;12;9949;31;;;9943.0;0.0
av_WHEAT_d1;53200;INTARIAN_PEPPER_ROOT;11372;13;11368;18;;;11378;27;11382;30;;;11375.0;0.0
av_WHEAT_d1;53300;ASH_COATED_OSMIUM;9940;18;9937;14;;;9946;6;9948;15;;;9943.0;0.0
av_WHEAT_d1;53300;INTARIAN_PEPPER_ROOT;11371;19;11369;18;;;11377;5;11381;20;;;11374.0;0.0
av_WHEAT_d1;53400;ASH_COATED_OSMIUM;9937;15;9933;14;;;9949;13;9951;26;;;9943.0;0.0
av_WHEAT_d1;53400;INTARIAN_PEPPER_ROOT;11370;20;11366;24;;;11376;15;11378;13;;;11373.0;0.0
av_WHEAT_d1;53500;ASH_COATED_OSMIUM;9940;13;9936;23;;;9947;16;9951;14;;;9943.5;0.0
av_WHEAT_d1;53500;INTARIAN_PEPPER_ROOT;11370;16;11367;21;;;11376;14;11380;21;;;11373.0;0.0
av_WHEAT_d1;53600;ASH_COATED_OSMIUM;9940;11;9937;17;;;9946;7;9948;16;;;9943.0;0.0
av_WHEAT_d1;53600;INTARIAN_PEPPER_ROOT;11369;12;11366;26;;;11375;15;11379;20;;;11372.0;0.0
av_WHEAT_d1;53700;ASH_COATED_OSMIUM;9940;22;9937;16;;;9946;10;9948;13;;;9943.0;0.0
av_WHEAT_d1;53700;INTARIAN_PEPPER_ROOT;11369;12;11365;10;;;11375;5;11378;19;;;11372.0;0.0
av_WHEAT_d1;53800;ASH_COATED_OSMIUM;9941;17;9939;23;;;9947;16;9950;26;;;9944.0;0.0
av_WHEAT_d1;53800;INTARIAN_PEPPER_ROOT;11368;15;11365;15;;;11374;5;11378;21;;;11371.0;0.0
av_WHEAT_d1;53900;ASH_COATED_OSMIUM;9941;10;9937;30;;;9947;13;9951;19;;;9944.0;0.0
av_WHEAT_d1;53900;INTARIAN_PEPPER_ROOT;11367;16;11363;20;;;11373;18;11377;24;;;11370.0;0.0
av_WHEAT_d1;54000;ASH_COATED_OSMIUM;9941;14;9938;24;;;9947;12;9950;19;;;9944.0;0.0
av_WHEAT_d1;54000;INTARIAN_PEPPER_ROOT;11366;9;11363;14;;;11372;18;11376;18;;;11369.0;0.0
av_WHEAT_d1;54100;ASH_COATED_OSMIUM;9941;10;9939;26;;;9947;8;9949;22;;;9944.0;0.0
av_WHEAT_d1;54100;INTARIAN_PEPPER_ROOT;11366;6;11363;8;;;11372;25;11376;22;;;11369.0;0.0
av_WHEAT_d1;54200;ASH_COATED_OSMIUM;9940;12;9938;23;;;9949;12;9953;22;;;9944.5;0.0
av_WHEAT_d1;54200;INTARIAN_PEPPER_ROOT;11364;12;11360;22;;;11373;11;11377;14;;;11368.5;0.0
av_WHEAT_d1;54300;ASH_COATED_OSMIUM;9935;8;9932;17;;;9952;17;9955;18;;;9943.5;0.0
av_WHEAT_d1;54300;INTARIAN_PEPPER_ROOT;11365;11;11362;22;;;11371;18;11374;20;;;11368.0;0.0
av_WHEAT_d1;54400;ASH_COATED_OSMIUM;9941;16;9939;21;;;9947;11;9950;25;;;9944.0;0.0
av_WHEAT_d1;54400;INTARIAN_PEPPER_ROOT;11362;16;11359;26;;;11372;9;11374;21;;;11367.0;0.0
av_WHEAT_d1;54500;ASH_COATED_OSMIUM;9936;17;9932;27;;;9952;20;9954;23;;;9944.0;0.0
av_WHEAT_d1;54500;INTARIAN_PEPPER_ROOT;11356;19;11354;15;;;11378;15;11381;14;;;11367.0;0.0
av_WHEAT_d1;54600;ASH_COATED_OSMIUM;9942;12;9940;21;;;9948;14;9950;20;;;9945.0;0.0
av_WHEAT_d1;54600;INTARIAN_PEPPER_ROOT;11362;12;11359;19;;;11369;19;11372;14;;;11365.5;0.0
av_WHEAT_d1;54700;ASH_COATED_OSMIUM;9941;9;9938;13;;;9947;17;9951;19;;;9944.0;0.0
av_WHEAT_d1;54700;INTARIAN_PEPPER_ROOT;11354;17;11350;13;;;11377;21;11380;19;;;11365.5;0.0
av_WHEAT_d1;54800;ASH_COATED_OSMIUM;9941;17;9937;9;;;9947;8;9950;31;;;9944.0;0.0
av_WHEAT_d1;54800;INTARIAN_PEPPER_ROOT;11361;18;11358;20;;;11367;13;11369;22;;;11364.0;0.0
av_WHEAT_d1;54900;ASH_COATED_OSMIUM;9941;14;9937;18;;;9947;11;9950;24;;;9944.0;0.0
av_WHEAT_d1;54900;INTARIAN_PEPPER_ROOT;11355;10;11352;21;;;11372;14;11374;16;;;11363.5;0.0
av_WHEAT_d1;55000;ASH_COATED_OSMIUM;9942;15;9940;23;;;9948;19;9950;16;;;9945.0;0.0
av_WHEAT_d1;55000;INTARIAN_PEPPER_ROOT;11357;7;11354;17;;;11371;13;11374;14;;;11364.0;0.0
av_WHEAT_d1;55100;ASH_COATED_OSMIUM;9938;10;9936;24;;;9951;15;9953;25;;;9944.5;0.0
av_WHEAT_d1;55100;INTARIAN_PEPPER_ROOT;11357;16;11353;16;;;11367;10;11369;21;;;11362.0;0.0
av_WHEAT_d1;55200;ASH_COATED_OSMIUM;9942;19;9938;21;;;9948;5;9952;22;;;9945.0;0.0
av_WHEAT_d1;55200;INTARIAN_PEPPER_ROOT;11359;19;11355;14;;;11365;23;11368;15;;;11362.0;0.0
av_WHEAT_d1;55300;ASH_COATED_OSMIUM;9943;21;9940;18;;;9949;16;9952;22;;;9946.0;0.0
av_WHEAT_d1;55300;INTARIAN_PEPPER_ROOT;11358;16;11355;16;;;11364;12;11367;17;;;11361.0;0.0
av_WHEAT_d1;55400;ASH_COATED_OSMIUM;9942;10;9940;20;;;9948;16;9950;23;;;9945.0;0.0
av_WHEAT_d1;55400;INTARIAN_PEPPER_ROOT;11354;14;11350;24;;;11370;15;11372;18;;;11362.0;0.0
av_WHEAT_d1;55500;ASH_COATED_OSMIUM;9942;19;9939;18;;;9948;7;9950;22;;;9945.0;0.0
av_WHEAT_d1;55500;INTARIAN_PEPPER_ROOT;11339;10;11335;21;;;11383;6;11385;16;;;11361.0;0.0
av_WHEAT_d1;55600;ASH_COATED_OSMIUM;9942;6;9938;16;;;9948;15;9950;20;;;9945.0;0.0
av_WHEAT_d1;55600;INTARIAN_PEPPER_ROOT;11355;17;11353;23;;;11364;7;11368;15;;;11359.5;0.0
av_WHEAT_d1;55700;ASH_COATED_OSMIUM;9941;20;9937;15;;;9951;13;9953;31;;;9946.0;0.0
av_WHEAT_d1;55700;INTARIAN_PEPPER_ROOT;11356;13;11354;27;;;11362;11;11364;21;;;11359.0;0.0
av_WHEAT_d1;55800;ASH_COATED_OSMIUM;9942;5;9940;18;;;9948;18;9950;23;;;9945.0;0.0
av_WHEAT_d1;55800;INTARIAN_PEPPER_ROOT;11348;14;11346;18;;;11370;10;11372;17;;;11359.0;0.0
av_WHEAT_d1;55900;ASH_COATED_OSMIUM;9939;21;9935;15;;;9952;11;9954;18;;;9945.5;0.0
av_WHEAT_d1;55900;INTARIAN_PEPPER_ROOT;11353;16;11350;20;;;11363;10;11365;15;;;11358.0;0.0
av_WHEAT_d1;56000;ASH_COATED_OSMIUM;9942;16;9939;14;;;9948;13;9950;8;;;9945.0;0.0
av_WHEAT_d1;56000;INTARIAN_PEPPER_ROOT;11354;13;11351;18;;;11360;14;11363;21;;;11357.0;0.0
av_WHEAT_d1;56100;ASH_COATED_OSMIUM;9931;21;9927;11;;;9961;16;9965;25;;;9946.0;0.0
av_WHEAT_d1;56100;INTARIAN_PEPPER_ROOT;11352;14;11350;17;;;11361;14;11363;11;;;11356.5;0.0
av_WHEAT_d1;56200;ASH_COATED_OSMIUM;9943;17;9941;14;;;9949;17;9953;21;;;9946.0;0.0
av_WHEAT_d1;56200;INTARIAN_PEPPER_ROOT;11353;5;11351;20;;;11359;23;11361;24;;;11356.0;0.0
av_WHEAT_d1;56300;ASH_COATED_OSMIUM;9944;16;9941;18;;;9950;16;9954;26;;;9947.0;0.0
av_WHEAT_d1;56300;INTARIAN_PEPPER_ROOT;11352;19;11349;22;;;11358;11;11362;25;;;11355.0;0.0
av_WHEAT_d1;56400;ASH_COATED_OSMIUM;9943;17;9940;28;;;9949;15;9952;21;;;9946.0;0.0
av_WHEAT_d1;56400;INTARIAN_PEPPER_ROOT;11350;12;11347;17;;;11360;16;11364;15;;;11355.0;0.0
av_WHEAT_d1;56500;ASH_COATED_OSMIUM;9938;16;9935;16;;;9955;22;9959;14;;;9946.5;0.0
av_WHEAT_d1;56500;INTARIAN_PEPPER_ROOT;11351;19;11347;14;;;11357;17;11360;23;;;11354.0;0.0
av_WHEAT_d1;56600;ASH_COATED_OSMIUM;9943;13;9940;11;;;9950;21;9952;21;;;9946.5;0.0
av_WHEAT_d1;56600;INTARIAN_PEPPER_ROOT;11351;12;11348;27;;;11357;26;11360;20;;;11354.0;0.0
av_WHEAT_d1;56700;ASH_COATED_OSMIUM;9943;23;9939;15;;;9950;15;9952;17;;;9946.5;0.0
av_WHEAT_d1;56700;INTARIAN_PEPPER_ROOT;11350;8;11347;20;;;11356;9;11360;10;;;11353.0;0.0
av_WHEAT_d1;56800;ASH_COATED_OSMIUM;9942;21;9940;21;;;9952;25;9955;25;;;9947.0;0.0
av_WHEAT_d1;56800;INTARIAN_PEPPER_ROOT;11348;15;11345;27;;;11358;16;11362;21;;;11353.0;0.0
av_WHEAT_d1;56900;ASH_COATED_OSMIUM;9943;9;9941;24;;;9949;11;9952;15;;;9946.0;0.0
av_WHEAT_d1;56900;INTARIAN_PEPPER_ROOT;11348;11;11346;19;;;11356;12;11359;16;;;11352.0;0.0
av_WHEAT_d1;57000;ASH_COATED_OSMIUM;9944;19;9940;24;;;9950;23;9952;20;;;9947.0;0.0
av_WHEAT_d1;57000;INTARIAN_PEPPER_ROOT;11347;17;11345;23;;;11355;15;11359;23;;;11351.0;0.0
av_WHEAT_d1;57100;ASH_COATED_OSMIUM;9943;17;9941;23;;;9950;13;9954;20;;;9946.5;0.0
av_WHEAT_d1;57100;INTARIAN_PEPPER_ROOT;11347;16;11345;14;;;11354;9;11357;15;;;11350.5;0.0
av_WHEAT_d1;57200;ASH_COATED_OSMIUM;9944;12;9942;23;;;9950;15;9954;19;;;9947.0;0.0
av_WHEAT_d1;57200;INTARIAN_PEPPER_ROOT;11347;9;11344;28;;;11353;5;11357;22;;;11350.0;0.0
av_WHEAT_d1;57300;ASH_COATED_OSMIUM;9942;17;9938;22;;;9951;10;9953;16;;;9946.5;0.0
av_WHEAT_d1;57300;INTARIAN_PEPPER_ROOT;11346;19;11344;16;;;11352;15;11354;27;;;11349.0;0.0
av_WHEAT_d1;57400;ASH_COATED_OSMIUM;9944;13;9941;20;;;9950;24;9952;24;;;9947.0;0.0
av_WHEAT_d1;57400;INTARIAN_PEPPER_ROOT;11346;19;11344;17;;;11352;16;11356;20;;;11349.0;0.0
av_WHEAT_d1;57500;ASH_COATED_OSMIUM;9944;5;9942;17;;;9950;18;9954;11;;;9947.0;0.0
av_WHEAT_d1;57500;INTARIAN_PEPPER_ROOT;11345;14;11343;21;;;11351;10;11354;14;;;11348.0;0.0
av_WHEAT_d1;57600;ASH_COATED_OSMIUM;9941;5;9939;21;;;9953;11;9956;27;;;9947.0;0.0
av_WHEAT_d1;57600;INTARIAN_PEPPER_ROOT;11344;15;11340;17;;;11350;23;11353;14;;;11347.0;0.0
