day;timestamp;product;bid_price_1;bid_volume_1;bid_price_2;bid_volume_2;bid_price_3;bid_volume_3;ask_price_1;ask_volume_1;ask_price_2;ask_volume_2;ask_price_3;ask_volume_3;mid_price;profit_and_loss
yf_ADM_d1;0;ASH_COATED_OSMIUM;9925;17;9921;18;;;9931;18;9935;23;;;9928.0;0.0
yf_ADM_d1;0;INTARIAN_PEPPER_ROOT;10797;11;10794;21;;;10803;5;10805;12;;;10800.0;0.0
yf_ADM_d1;100;ASH_COATED_OSMIUM;9924;10;9920;30;;;9931;11;9933;17;;;9927.5;0.0
yf_ADM_d1;100;INTARIAN_PEPPER_ROOT;10797;22;10793;14;;;10803;5;10806;11;;;10800.0;0.0
yf_ADM_d1;200;ASH_COATED_OSMIUM;9925;22;9922;30;;;9931;14;9933;11;;;9928.0;0.0
yf_ADM_d1;200;INTARIAN_PEPPER_ROOT;10795;17;10793;22;;;10805;19;10808;19;;;10800.0;0.0
yf_ADM_d1;300;ASH_COATED_OSMIUM;9923;8;9921;19;;;9933;9;9936;20;;;9928.0;0.0
yf_ADM_d1;300;INTARIAN_PEPPER_ROOT;10797;13;10794;21;;;10803;14;10806;12;;;10800.0;0.0
yf_ADM_d1;400;ASH_COATED_OSMIUM;9923;20;9920;15;;;9933;16;9935;28;;;9928.0;0.0
yf_ADM_d1;400;INTARIAN_PEPPER_ROOT;10798;14;10795;21;;;10804;15;10806;16;;;10801.0;0.0
yf_ADM_d1;500;ASH_COATED_OSMIUM;9921;15;9919;18;;;9934;12;9937;11;;;9927.5;0.0
yf_ADM_d1;500;INTARIAN_PEPPER_ROOT;10798;10;10794;21;;;10804;18;10807;16;;;10801.0;0.0
yf_ADM_d1;600;ASH_COATED_OSMIUM;9925;15;9921;24;;;9931;5;9934;23;;;9928.0;0.0
yf_ADM_d1;600;INTARIAN_PEPPER_ROOT;10799;14;10796;14;;;10805;19;10807;16;;;10802.0;0.0
yf_ADM_d1;700;ASH_COATED_OSMIUM;9924;5;9920;11;;;9930;17;9934;12;;;9927.0;0.0
yf_ADM_d1;700;INTARIAN_PEPPER_ROOT;10784;11;10780;24;;;10820;23;10824;21;;;10802.0;0.0
yf_ADM_d1;800;ASH_COATED_OSMIUM;9921;19;9918;22;;;9936;17;9940;18;;;9928.5;0.0
yf_ADM_d1;800;INTARIAN_PEPPER_ROOT;10798;17;10796;21;;;10804;19;10807;8;;;10801.0;0.0
yf_ADM_d1;900;ASH_COATED_OSMIUM;9925;17;9923;21;;;9931;8;9934;21;;;9928.0;0.0
yf_ADM_d1;900;INTARIAN_PEPPER_ROOT;10799;19;10796;17;;;10805;16;10808;18;;;10802.0;0.0
yf_ADM_d1;1000;ASH_COATED_OSMIUM;9925;13;9921;24;;;9931;16;9934;26;;;9928.0;0.0
yf_ADM_d1;1000;INTARIAN_PEPPER_ROOT;10800;12;10796;18;;;10806;21;10809;23;;;10803.0;0.0
yf_ADM_d1;1100;ASH_COATED_OSMIUM;9925;10;9921;23;;;9931;5;9933;26;;;9928.0;0.0
yf_ADM_d1;1100;INTARIAN_PEPPER_ROOT;10800;16;10796;23;;;10806;9;10809;19;;;10803.0;0.0
yf_ADM_d1;1200;ASH_COATED_OSMIUM;9925;16;9921;15;;;9931;17;9935;12;;;9928.0;0.0
yf_ADM_d1;1200;INTARIAN_PEPPER_ROOT;10800;12;10798;17;;;10806;24;10810;17;;;10803.0;0.0
yf_ADM_d1;1300;ASH_COATED_OSMIUM;9925;17;9921;21;;;9931;10;9933;12;;;9928.0;0.0
yf_ADM_d1;1300;INTARIAN_PEPPER_ROOT;10800;19;10798;8;;;10806;14;10810;29;;;10803.0;0.0
yf_ADM_d1;1400;ASH_COATED_OSMIUM;9924;8;9921;21;;;9930;16;9934;9;;;9927.0;0.0
yf_ADM_d1;1400;INTARIAN_PEPPER_ROOT;10801;11;10799;27;;;10807;12;10810;20;;;10804.0;0.0
yf_ADM_d1;1500;ASH_COATED_OSMIUM;9918;19;9914;20;;;9937;21;9941;29;;;9927.5;0.0
yf_ADM_d1;1500;INTARIAN_PEPPER_ROOT;10801;17;10797;15;;;10807;13;10809;28;;;10804.0;0.0
yf_ADM_d1;1600;ASH_COATED_OSMIUM;9924;13;9920;16;;;9932;5;9934;19;;;9928.0;0.0
yf_ADM_d1;1600;INTARIAN_PEPPER_ROOT;10801;15;10798;26;;;10807;7;10810;23;;;10804.0;0.0
yf_ADM_d1;1700;ASH_COATED_OSMIUM;9923;12;9919;12;;;9932;18;9936;15;;;9927.5;0.0
yf_ADM_d1;1700;INTARIAN_PEPPER_ROOT;10801;15;10798;8;;;10807;18;10811;18;;;10804.0;0.0
yf_ADM_d1;1800;ASH_COATED_OSMIUM;9925;13;9921;17;;;9931;11;9935;23;;;9928.0;0.0
yf_ADM_d1;1800;INTARIAN_PEPPER_ROOT;10801;14;10797;22;;;10807;13;10810;19;;;10804.0;0.0
yf_ADM_d1;1900;ASH_COATED_OSMIUM;9920;11;9916;24;;;9936;22;9938;12;;;9928.0;0.0
yf_ADM_d1;1900;INTARIAN_PEPPER_ROOT;10801;22;10797;26;;;10807;13;10811;27;;;10804.0;0.0
yf_ADM_d1;2000;ASH_COATED_OSMIUM;9923;13;9919;27;;;9933;14;9935;21;;;9928.0;0.0
yf_ADM_d1;2000;INTARIAN_PEPPER_ROOT;10796;24;10794;25;;;10814;17;10818;32;;;10805.0;0.0
yf_ADM_d1;2100;ASH_COATED_OSMIUM;9925;18;9923;10;;;9931;13;9933;22;;;9928.0;0.0
yf_ADM_d1;2100;INTARIAN_PEPPER_ROOT;10800;10;10797;20;;;10810;16;10812;21;;;10805.0;0.0
yf_ADM_d1;2200;ASH_COATED_OSMIUM;9926;22;9924;23;;;9932;20;9934;19;;;9929.0;0.0
yf_ADM_d1;2200;INTARIAN_PEPPER_ROOT;10802;12;10799;19;;;10808;16;10810;18;;;10805.0;0.0
yf_ADM_d1;2300;ASH_COATED_OSMIUM;9925;17;9923;20;;;9931;15;9934;22;;;9928.0;0.0
yf_ADM_d1;2300;INTARIAN_PEPPER_ROOT;10803;27;10799;26;;;10809;20;10813;22;;;10806.0;0.0
yf_ADM_d1;2400;ASH_COATED_OSMIUM;9925;20;9923;17;;;9931;14;9935;24;;;9928.0;0.0
yf_ADM_d1;2400;INTARIAN_PEPPER_ROOT;10803;16;10801;28;;;10809;6;10813;16;;;10806.0;0.0
yf_ADM_d1;2500;ASH_COATED_OSMIUM;9917;9;9915;20;;;9938;8;9940;17;;;9927.5;0.0
yf_ADM_d1;2500;INTARIAN_PEPPER_ROOT;10803;18;10801;21;;;10809;13;10812;22;;;10806.0;0.0
yf_ADM_d1;2600;ASH_COATED_OSMIUM;9925;15;9923;20;;;9931;15;9933;17;;;9928.0;0.0
yf_ADM_d1;2600;INTARIAN_PEPPER_ROOT;10798;18;10795;21;;;10813;11;10817;14;;;10805.5;0.0
yf_ADM_d1;2700;ASH_COATED_OSMIUM;9925;10;9922;20;;;9931;9;9934;20;;;9928.0;0.0
yf_ADM_d1;2700;INTARIAN_PEPPER_ROOT;10802;10;10799;15;;;10811;20;10813;23;;;10806.5;0.0
yf_ADM_d1;2800;ASH_COATED_OSMIUM;9925;14;9921;26;;;9931;13;9935;24;;;9928.0;0.0
yf_ADM_d1;2800;INTARIAN_PEPPER_ROOT;10798;15;10794;15;;;10816;17;10818;17;;;10807.0;0.0
yf_ADM_d1;2900;ASH_COATED_OSMIUM;9919;19;9917;23;;;9938;18;9940;14;;;9928.5;0.0
yf_ADM_d1;2900;INTARIAN_PEPPER_ROOT;10804;18;10802;14;;;10811;9;10815;22;;;10807.5;0.0
yf_ADM_d1;3000;ASH_COATED_OSMIUM;9925;11;9922;22;;;9931;30;9934;22;;;9928.0;0.0
yf_ADM_d1;3000;INTARIAN_PEPPER_ROOT;10804;19;10800;19;;;10810;15;10813;21;;;10807.0;0.0
yf_ADM_d1;3100;ASH_COATED_OSMIUM;9926;18;9923;19;;;9932;18;9935;11;;;9929.0;0.0
yf_ADM_d1;3100;INTARIAN_PEPPER_ROOT;10804;11;10802;16;;;10810;17;10814;16;;;10807.0;0.0
yf_ADM_d1;3200;ASH_COATED_OSMIUM;9925;9;9923;22;;;9931;23;9933;17;;;9928.0;0.0
yf_ADM_d1;3200;INTARIAN_PEPPER_ROOT;10805;14;10801;22;;;10811;20;10813;23;;;10808.0;0.0
yf_ADM_d1;3300;ASH_COATED_OSMIUM;9909;15;9907;17;;;9948;20;9952;21;;;9928.5;0.0
yf_ADM_d1;3300;INTARIAN_PEPPER_ROOT;10804;18;10800;30;;;10811;12;10815;23;;;10807.5;0.0
yf_ADM_d1;3400;ASH_COATED_OSMIUM;9924;9;9922;18;;;9932;13;9935;31;;;9928.0;0.0
yf_ADM_d1;3400;INTARIAN_PEPPER_ROOT;10800;11;10797;16;;;10817;14;10819;23;;;10808.5;0.0
yf_ADM_d1;3500;ASH_COATED_OSMIUM;9920;5;9916;22;;;9936;15;9939;13;;;9928.0;0.0
yf_ADM_d1;3500;INTARIAN_PEPPER_ROOT;10806;19;10802;21;;;10812;22;10815;11;;;10809.0;0.0
yf_ADM_d1;3600;ASH_COATED_OSMIUM;9922;17;9920;19;;;9935;17;9938;17;;;9928.5;0.0
yf_ADM_d1;3600;INTARIAN_PEPPER_ROOT;10804;20;10801;27;;;10815;15;10818;19;;;10809.5;0.0
yf_ADM_d1;3700;ASH_COATED_OSMIUM;9925;9;9923;22;;;9931;5;9935;23;;;9928.0;0.0
yf_ADM_d1;3700;INTARIAN_PEPPER_ROOT;10806;11;10804;23;;;10813;10;10817;26;;;10809.5;0.0
yf_ADM_d1;3800;ASH_COATED_OSMIUM;9924;23;9922;20;;;9933;13;9936;12;;;9928.5;0.0
yf_ADM_d1;3800;INTARIAN_PEPPER_ROOT;10807;21;10803;11;;;10813;11;10816;23;;;10810.0;0.0
yf_ADM_d1;3900;ASH_COATED_OSMIUM;9925;10;9921;8;;;9931;19;9933;24;;;9928.0;0.0
yf_ADM_d1;3900;INTARIAN_PEPPER_ROOT;10806;8;10802;30;;;10812;17;10815;15;;;10809.0;0.0
yf_ADM_d1;4000;ASH_COATED_OSMIUM;9925;7;9922;24;;;9931;8;9933;16;;;9928.0;0.0
yf_ADM_d1;4000;INTARIAN_PEPPER_ROOT;10804;9;10800;24;;;10815;12;10819;13;;;10809.5;0.0
yf_ADM_d1;4100;ASH_COATED_OSMIUM;9925;14;9921;16;;;9931;11;9934;18;;;9928.0;0.0
yf_ADM_d1;4100;INTARIAN_PEPPER_ROOT;10807;17;10805;19;;;10813;18;10815;22;;;10810.0;0.0
yf_ADM_d1;4200;ASH_COATED_OSMIUM;9925;7;9923;18;;;9932;12;9935;15;;;9928.5;0.0
yf_ADM_d1;4200;INTARIAN_PEPPER_ROOT;10807;17;10805;18;;;10813;15;10815;17;;;10810.0;0.0
yf_ADM_d1;4300;ASH_COATED_OSMIUM;9925;18;9921;20;;;9931;10;9933;26;;;9928.0;0.0
yf_ADM_d1;4300;INTARIAN_PEPPER_ROOT;10808;17;10806;19;;;10814;17;10818;20;;;10811.0;0.0
yf_ADM_d1;4400;ASH_COATED_OSMIUM;9925;13;9923;8;;;9931;16;9934;22;;;9928.0;0.0
yf_ADM_d1;4400;INTARIAN_PEPPER_ROOT;10808;24;10804;24;;;10814;17;10817;24;;;10811.0;0.0
yf_ADM_d1;4500;ASH_COATED_OSMIUM;9925;13;9921;28;;;9931;15;9933;13;;;9928.0;0.0
yf_ADM_d1;4500;INTARIAN_PEPPER_ROOT;10808;13;10805;16;;;10814;12;10818;13;;;10811.0;0.0
yf_ADM_d1;4600;ASH_COATED_OSMIUM;9923;10;9921;17;;;9935;18;9938;15;;;9929.0;0.0
yf_ADM_d1;4600;INTARIAN_PEPPER_ROOT;10804;13;10801;23;;;10818;13;10822;18;;;10811.0;0.0
yf_ADM_d1;4700;ASH_COATED_OSMIUM;9925;7;9923;23;;;9931;14;9935;16;;;9928.0;0.0
yf_ADM_d1;4700;INTARIAN_PEPPER_ROOT;10805;23;10803;17;;;10817;17;10820;16;;;10811.0;0.0
yf_ADM_d1;4800;ASH_COATED_OSMIUM;9917;10;9915;12;;;9938;19;9942;19;;;9927.5;0.0
yf_ADM_d1;4800;INTARIAN_PEPPER_ROOT;10809;14;10807;25;;;10815;10;10818;18;;;10812.0;0.0
yf_ADM_d1;4900;ASH_COATED_OSMIUM;9924;16;9921;22;;;9933;18;9935;19;;;9928.5;0.0
yf_ADM_d1;4900;INTARIAN_PEPPER_ROOT;10808;24;10805;16;;;10817;14;10819;15;;;10812.5;0.0
yf_ADM_d1;5000;ASH_COATED_OSMIUM;9920;19;9918;15;;;9936;13;9939;18;;;9928.0;0.0
yf_ADM_d1;5000;INTARIAN_PEPPER_ROOT;10805;23;10802;15;;;10820;11;10822;20;;;10812.5;0.0
yf_ADM_d1;5100;ASH_COATED_OSMIUM;9924;17;9922;13;;;9933;13;9935;23;;;9928.5;0.0
yf_ADM_d1;5100;INTARIAN_PEPPER_ROOT;10805;15;10802;14;;;10821;13;10823;17;;;10813.0;0.0
yf_ADM_d1;5200;ASH_COATED_OSMIUM;9926;21;9924;14;;;9932;15;9936;20;;;9929.0;0.0
yf_ADM_d1;5200;INTARIAN_PEPPER_ROOT;10803;13;10801;29;;;10823;12;10825;24;;;10813.0;0.0
yf_ADM_d1;5300;ASH_COATED_OSMIUM;9925;7;9922;24;;;9931;16;9934;14;;;9928.0;0.0
yf_ADM_d1;5300;INTARIAN_PEPPER_ROOT;10791;16;10789;20;;;10834;7;10836;22;;;10812.5;0.0
yf_ADM_d1;5400;ASH_COATED_OSMIUM;9904;25;9900;16;;;9953;12;9957;28;;;9928.5;0.0
yf_ADM_d1;5400;INTARIAN_PEPPER_ROOT;10810;8;10806;23;;;10816;18;10819;17;;;10813.0;0.0
yf_ADM_d1;5500;ASH_COATED_OSMIUM;9925;12;9923;27;;;9932;14;9935;14;;;9928.5;0.0
yf_ADM_d1;5500;INTARIAN_PEPPER_ROOT;10811;12;10809;30;;;10817;19;10819;14;;;10814.0;0.0
yf_ADM_d1;5600;ASH_COATED_OSMIUM;9925;19;9922;9;;;9931;11;9933;16;;;9928.0;0.0
yf_ADM_d1;5600;INTARIAN_PEPPER_ROOT;10811;11;10809;26;;;10817;10;10820;19;;;10814.0;0.0
yf_ADM_d1;5700;ASH_COATED_OSMIUM;9919;6;9915;20;;;9938;15;9941;19;;;9928.5;0.0
yf_ADM_d1;5700;INTARIAN_PEPPER_ROOT;10811;8;10808;21;;;10817;22;10819;33;;;10814.0;0.0
yf_ADM_d1;5800;ASH_COATED_OSMIUM;9926;10;9924;15;;;9932;23;9935;19;;;9929.0;0.0
yf_ADM_d1;5800;INTARIAN_PEPPER_ROOT;10812;12;10810;25;;;10818;15;10821;21;;;10815.0;0.0
yf_ADM_d1;5900;ASH_COATED_OSMIUM;9921;14;9917;20;;;9934;15;9936;18;;;9927.5;0.0
yf_ADM_d1;5900;INTARIAN_PEPPER_ROOT;10807;15;10803;16;;;10823;20;10826;26;;;10815.0;0.0
yf_ADM_d1;6000;ASH_COATED_OSMIUM;9925;12;9923;22;;;9931;13;9935;17;;;9928.0;0.0
yf_ADM_d1;6000;INTARIAN_PEPPER_ROOT;10805;20;10803;8;;;10825;19;10828;22;;;10815.0;0.0
yf_ADM_d1;6100;ASH_COATED_OSMIUM;9921;12;9919;21;;;9935;22;9939;11;;;9928.0;0.0
yf_ADM_d1;6100;INTARIAN_PEPPER_ROOT;10802;24;10799;28;;;10828;15;10831;26;;;10815.0;0.0
yf_ADM_d1;6200;ASH_COATED_OSMIUM;9925;21;9923;11;;;9931;10;9935;18;;;9928.0;0.0
yf_ADM_d1;6200;INTARIAN_PEPPER_ROOT;10812;9;10810;17;;;10819;12;10821;10;;;10815.5;0.0
yf_ADM_d1;6300;ASH_COATED_OSMIUM;9925;19;9921;21;;;9931;5;9935;22;;;9928.0;0.0
yf_ADM_d1;6300;INTARIAN_PEPPER_ROOT;10813;17;10811;21;;;10819;14;10822;17;;;10816.0;0.0
yf_ADM_d1;6400;ASH_COATED_OSMIUM;9925;16;9922;24;;;9931;17;9934;16;;;9928.0;0.0
yf_ADM_d1;6400;INTARIAN_PEPPER_ROOT;10804;5;10800;11;;;10828;14;10832;19;;;10816.0;0.0
yf_ADM_d1;6500;ASH_COATED_OSMIUM;9925;7;9922;9;;;9931;12;9935;17;;;9928.0;0.0
yf_ADM_d1;6500;INTARIAN_PEPPER_ROOT;10808;8;10806;18;;;10823;22;10826;24;;;10815.5;0.0
yf_ADM_d1;6600;ASH_COATED_OSMIUM;9925;19;9922;19;;;9931;12;9933;29;;;9928.0;0.0
yf_ADM_d1;6600;INTARIAN_PEPPER_ROOT;10809;17;10805;25;;;10824;9;10826;19;;;10816.5;0.0
yf_ADM_d1;6700;ASH_COATED_OSMIUM;9922;12;9918;11;;;9933;7;9935;16;;;9927.5;0.0
yf_ADM_d1;6700;INTARIAN_PEPPER_ROOT;10814;15;10812;18;;;10820;14;10823;20;;;10817.0;0.0
yf_ADM_d1;6800;ASH_COATED_OSMIUM;9925;22;9922;9;;;9931;12;9935;20;;;9928.0;0.0
yf_ADM_d1;6800;INTARIAN_PEPPER_ROOT;10814;10;10812;14;;;10820;15;10823;14;;;10817.0;0.0
yf_ADM_d1;6900;ASH_COATED_OSMIUM;9925;19;9921;15;;;9931;13;9933;18;;;9928.0;0.0
yf_ADM_d1;6900;INTARIAN_PEPPER_ROOT;10815;12;10811;24;;;10821;19;10823;12;;;10818.0;0.0
yf_ADM_d1;7000;ASH_COATED_OSMIUM;9925;5;9921;22;;;9931;21;9933;14;;;9928.0;0.0
yf_ADM_d1;7000;INTARIAN_PEPPER_ROOT;10815;19;10811;11;;;10821;14;10825;28;;;10818.0;0.0
yf_ADM_d1;7100;ASH_COATED_OSMIUM;9925;15;9923;23;;;9931;14;9934;17;;;9928.0;0.0
yf_ADM_d1;7100;INTARIAN_PEPPER_ROOT;10815;10;10811;22;;;10821;11;10823;25;;;10818.0;0.0
yf_ADM_d1;7200;ASH_COATED_OSMIUM;9925;12;9921;23;;;9931;18;9934;15;;;9928.0;0.0
yf_ADM_d1;7200;INTARIAN_PEPPER_ROOT;10803;9;10800;26;;;10834;5;10838;17;;;10818.5;0.0
yf_ADM_d1;7300;ASH_COATED_OSMIUM;9925;6;9922;22;;;9931;16;9935;15;;;9928.0;0.0
yf_ADM_d1;7300;INTARIAN_PEPPER_ROOT;10812;12;10809;15;;;10824;18;10828;10;;;10818.0;0.0
yf_ADM_d1;7400;ASH_COATED_OSMIUM;9922;22;9919;23;;;9933;13;9937;24;;;9927.5;0.0
yf_ADM_d1;7400;INTARIAN_PEPPER_ROOT;10815;15;10811;29;;;10821;6;10825;15;;;10818.0;0.0
yf_ADM_d1;7500;ASH_COATED_OSMIUM;9915;16;9912;20;;;9941;17;9945;20;;;9928.0;0.0
yf_ADM_d1;7500;INTARIAN_PEPPER_ROOT;10816;8;10813;25;;;10822;12;10825;21;;;10819.0;0.0
yf_ADM_d1;7600;ASH_COATED_OSMIUM;9923;24;9920;24;;;9934;5;9936;19;;;9928.5;0.0
yf_ADM_d1;7600;INTARIAN_PEPPER_ROOT;10816;17;10813;28;;;10822;11;10825;14;;;10819.0;0.0
yf_ADM_d1;7700;ASH_COATED_OSMIUM;9924;15;9920;18;;;9932;12;9935;11;;;9928.0;0.0
yf_ADM_d1;7700;INTARIAN_PEPPER_ROOT;10816;12;10812;16;;;10822;9;10824;17;;;10819.0;0.0
yf_ADM_d1;7800;ASH_COATED_OSMIUM;9923;10;9921;28;;;9933;16;9937;15;;;9928.0;0.0
yf_ADM_d1;7800;INTARIAN_PEPPER_ROOT;10815;14;10813;23;;;10824;20;10827;28;;;10819.5;0.0
yf_ADM_d1;7900;ASH_COATED_OSMIUM;9924;11;9920;22;;;9930;14;9934;9;;;9927.0;0.0
yf_ADM_d1;7900;INTARIAN_PEPPER_ROOT;10816;7;10813;13;;;10823;8;10827;15;;;10819.5;0.0
yf_ADM_d1;8000;ASH_COATED_OSMIUM;9922;7;9919;19;;;9935;23;9939;22;;;9928.5;0.0
yf_ADM_d1;8000;INTARIAN_PEPPER_ROOT;10808;19;10804;17;;;10833;19;10836;12;;;10820.5;0.0
yf_ADM_d1;8100;ASH_COATED_OSMIUM;9925;13;9923;14;;;9932;13;9936;28;;;9928.5;0.0
yf_ADM_d1;8100;INTARIAN_PEPPER_ROOT;10818;10;10815;17;;;10824;8;10827;23;;;10821.0;0.0
yf_ADM_d1;8200;ASH_COATED_OSMIUM;9921;18;9919;21;;;9936;14;9938;20;;;9928.5;0.0
yf_ADM_d1;8200;INTARIAN_PEPPER_ROOT;10816;6;10812;18;;;10825;18;10828;15;;;10820.5;0.0
yf_ADM_d1;8300;ASH_COATED_OSMIUM;9925;13;9922;12;;;9931;9;9935;25;;;9928.0;0.0
yf_ADM_d1;8300;INTARIAN_PEPPER_ROOT;10817;18;10813;18;;;10824;16;10827;22;;;10820.5;0.0
yf_ADM_d1;8400;ASH_COATED_OSMIUM;9925;14;9922;15;;;9931;14;9934;20;;;9928.0;0.0
yf_ADM_d1;8400;INTARIAN_PEPPER_ROOT;10818;11;10816;22;;;10824;16;10826;20;;;10821.0;0.0
yf_ADM_d1;8500;ASH_COATED_OSMIUM;9917;13;9915;26;;;9940;9;9943;16;;;9928.5;0.0
yf_ADM_d1;8500;INTARIAN_PEPPER_ROOT;10818;12;10815;12;;;10824;14;10828;16;;;10821.0;0.0
yf_ADM_d1;8600;ASH_COATED_OSMIUM;9926;23;9923;21;;;9932;21;9934;23;;;9929.0;0.0
yf_ADM_d1;8600;INTARIAN_PEPPER_ROOT;10814;17;10811;20;;;10829;13;10832;19;;;10821.5;0.0
yf_ADM_d1;8700;ASH_COATED_OSMIUM;9925;15;9921;18;;;9931;19;9933;26;;;9928.0;0.0
yf_ADM_d1;8700;INTARIAN_PEPPER_ROOT;10818;18;10814;19;;;10824;16;10828;20;;;10821.0;0.0
yf_ADM_d1;8800;ASH_COATED_OSMIUM;9923;11;9920;32;;;9932;5;9934;20;;;9927.5;0.0
yf_ADM_d1;8800;INTARIAN_PEPPER_ROOT;10819;21;10815;16;;;10825;30;10827;17;;;10822.0;0.0
yf_ADM_d1;8900;ASH_COATED_OSMIUM;9921;14;9918;13;;;9936;13;9940;25;;;9928.5;0.0
yf_ADM_d1;8900;INTARIAN_PEPPER_ROOT;10819;12;10817;21;;;10825;12;10828;19;;;10822.0;0.0
yf_ADM_d1;9000;ASH_COATED_OSMIUM;9922;13;9920;21;;;9934;5;9938;15;;;9928.0;0.0
yf_ADM_d1;9000;INTARIAN_PEPPER_ROOT;10818;13;10814;15;;;10828;8;10832;24;;;10823.0;0.0
yf_ADM_d1;9100;ASH_COATED_OSMIUM;9925;22;9922;11;;;9931;11;9935;21;;;9928.0;0.0
yf_ADM_d1;9100;INTARIAN_PEPPER_ROOT;10818;18;10816;18;;;10828;16;10831;8;;;10823.0;0.0
yf_ADM_d1;9200;ASH_COATED_OSMIUM;9923;7;9920;16;;;9932;8;9936;23;;;9927.5;0.0
yf_ADM_d1;9200;INTARIAN_PEPPER_ROOT;10815;15;10811;19;;;10831;22;10834;17;;;10823.0;0.0
yf_ADM_d1;9300;ASH_COATED_OSMIUM;9922;14;9920;26;;;9934;11;9937;17;;;9928.0;0.0
yf_ADM_d1;9300;INTARIAN_PEPPER_ROOT;10812;14;10809;23;;;10834;13;10837;18;;;10823.0;0.0
yf_ADM_d1;9400;ASH_COATED_OSMIUM;9924;10;9920;23;;;9932;13;9934;22;;;9928.0;0.0
yf_ADM_d1;9400;INTARIAN_PEPPER_ROOT;10820;22;10816;17;;;10826;10;10828;13;;;10823.0;0.0
yf_ADM_d1;9500;ASH_COATED_OSMIUM;9925;20;9923;27;;;9932;8;9935;26;;;9928.5;0.0
yf_ADM_d1;9500;INTARIAN_PEPPER_ROOT;10817;15;10815;19;;;10831;10;10835;21;;;10824.0;0.0
yf_ADM_d1;9600;ASH_COATED_OSMIUM;9925;15;9921;23;;;9931;20;9934;17;;;9928.0;0.0
yf_ADM_d1;9600;INTARIAN_PEPPER_ROOT;10821;12;10818;23;;;10827;20;10830;8;;;10824.0;0.0
yf_ADM_d1;9700;ASH_COATED_OSMIUM;9925;12;9923;21;;;9931;14;9934;19;;;9928.0;0.0
yf_ADM_d1;9700;INTARIAN_PEPPER_ROOT;10813;17;10810;18;;;10835;12;10839;14;;;10824.0;0.0
yf_ADM_d1;9800;ASH_COATED_OSMIUM;9925;20;9921;27;;;9931;11;9935;25;;;9928.0;0.0
yf_ADM_d1;9800;INTARIAN_PEPPER_ROOT;10821;10;10819;23;;;10827;15;10830;22;;;10824.0;0.0
yf_ADM_d1;9900;ASH_COATED_OSMIUM;9922;17;9918;27;;;9935;14;9939;21;;;9928.5;0.0
yf_ADM_d1;9900;INTARIAN_PEPPER_ROOT;10820;10;10818;15;;;10830;18;10833;15;;;10825.0;0.0
yf_ADM_d1;10000;ASH_COATED_OSMIUM;9922;8;9918;24;;;9934;12;9938;20;;;9928.0;0.0
yf_ADM_d1;10000;INTARIAN_PEPPER_ROOT;10822;10;10818;16;;;10828;12;10831;18;;;10825.0;0.0
yf_ADM_d1;10100;ASH_COATED_OSMIUM;9926;14;9923;23;;;9932;12;9934;15;;;9929.0;0.0
yf_ADM_d1;10100;INTARIAN_PEPPER_ROOT;10821;14;10818;14;;;10829;8;10833;18;;;10825.0;0.0
yf_ADM_d1;10200;ASH_COATED_OSMIUM;9926;13;9924;28;;;9932;13;9935;17;;;9929.0;0.0
yf_ADM_d1;10200;INTARIAN_PEPPER_ROOT;10822;10;10819;21;;;10828;15;10832;23;;;10825.0;0.0
yf_ADM_d1;10300;ASH_COATED_OSMIUM;9915;11;9911;19;;;9940;21;9942;17;;;9927.5;0.0
yf_ADM_d1;10300;INTARIAN_PEPPER_ROOT;10814;15;10812;31;;;10838;14;10841;12;;;10826.0;0.0
yf_ADM_d1;10400;ASH_COATED_OSMIUM;9924;13;9921;23;;;9933;24;9936;13;;;9928.5;0.0
yf_ADM_d1;10400;INTARIAN_PEPPER_ROOT;10819;17;10815;22;;;10832;16;10834;18;;;10825.5;0.0
yf_ADM_d1;10500;ASH_COATED_OSMIUM;9922;13;9919;26;;;9935;20;9939;17;;;9928.5;0.0
yf_ADM_d1;10500;INTARIAN_PEPPER_ROOT;10823;16;10820;17;;;10829;19;10831;28;;;10826.0;0.0
yf_ADM_d1;10600;ASH_COATED_OSMIUM;9925;10;9921;23;;;9931;5;9934;15;;;9928.0;0.0
yf_ADM_d1;10600;INTARIAN_PEPPER_ROOT;10821;22;10818;14;;;10831;15;10835;23;;;10826.0;0.0
yf_ADM_d1;10700;ASH_COATED_OSMIUM;9926;19;9923;19;;;9932;18;9934;22;;;9929.0;0.0
yf_ADM_d1;10700;INTARIAN_PEPPER_ROOT;10824;15;10820;21;;;10830;13;10833;20;;;10827.0;0.0
yf_ADM_d1;10800;ASH_COATED_OSMIUM;9925;6;9922;19;;;9931;12;9934;19;;;9928.0;0.0
yf_ADM_d1;10800;INTARIAN_PEPPER_ROOT;10824;12;10822;15;;;10830;7;10834;15;;;10827.0;0.0
yf_ADM_d1;10900;ASH_COATED_OSMIUM;9925;11;9923;23;;;9931;16;9934;24;;;9928.0;0.0
yf_ADM_d1;10900;INTARIAN_PEPPER_ROOT;10821;16;10817;8;;;10834;16;10836;35;;;10827.5;0.0
yf_ADM_d1;11000;ASH_COATED_OSMIUM;9917;18;9913;14;;;9939;12;9943;18;;;9928.0;0.0
yf_ADM_d1;11000;INTARIAN_PEPPER_ROOT;10824;11;10820;27;;;10830;15;10834;22;;;10827.0;0.0
yf_ADM_d1;11100;ASH_COATED_OSMIUM;9926;15;9923;14;;;9932;18;9934;21;;;9929.0;0.0
yf_ADM_d1;11100;INTARIAN_PEPPER_ROOT;10825;12;10822;26;;;10831;19;10835;17;;;10828.0;0.0
yf_ADM_d1;11200;ASH_COATED_OSMIUM;9920;23;9916;22;;;9938;22;9941;32;;;9929.0;0.0
yf_ADM_d1;11200;INTARIAN_PEPPER_ROOT;10824;18;10822;19;;;10833;18;10837;16;;;10828.5;0.0
yf_ADM_d1;11300;ASH_COATED_OSMIUM;9925;17;9921;27;;;9931;18;9934;20;;;9928.0;0.0
yf_ADM_d1;11300;INTARIAN_PEPPER_ROOT;10825;7;10822;25;;;10831;14;10835;9;;;10828.0;0.0
yf_ADM_d1;11400;ASH_COATED_OSMIUM;9922;11;9919;10;;;9936;27;9938;18;;;9929.0;0.0
yf_ADM_d1;11400;INTARIAN_PEPPER_ROOT;10825;19;10821;27;;;10831;13;10833;24;;;10828.0;0.0
yf_ADM_d1;11500;ASH_COATED_OSMIUM;9924;5;9920;19;;;9932;5;9935;17;;;9928.0;0.0
yf_ADM_d1;11500;INTARIAN_PEPPER_ROOT;10826;11;10823;13;;;10832;15;10835;21;;;10829.0;0.0
yf_ADM_d1;11600;ASH_COATED_OSMIUM;9925;20;9922;12;;;9931;8;9935;20;;;9928.0;0.0
yf_ADM_d1;11600;INTARIAN_PEPPER_ROOT;10824;10;10820;16;;;10834;8;10837;23;;;10829.0;0.0
yf_ADM_d1;11700;ASH_COATED_OSMIUM;9925;15;9921;15;;;9931;8;9934;22;;;9928.0;0.0
yf_ADM_d1;11700;INTARIAN_PEPPER_ROOT;10827;13;10825;13;;;10833;12;10835;18;;;10830.0;0.0
yf_ADM_d1;11800;ASH_COATED_OSMIUM;9924;12;9920;20;;;9933;18;9937;26;;;9928.5;0.0
yf_ADM_d1;11800;INTARIAN_PEPPER_ROOT;10827;17;10824;18;;;10833;5;10835;20;;;10830.0;0.0
yf_ADM_d1;11900;ASH_COATED_OSMIUM;9926;21;9922;21;;;9932;17;9936;16;;;9929.0;0.0
yf_ADM_d1;11900;INTARIAN_PEPPER_ROOT;10826;17;10822;21;;;10832;10;10834;18;;;10829.0;0.0
yf_ADM_d1;12000;ASH_COATED_OSMIUM;9925;14;9923;25;;;9931;19;9934;20;;;9928.0;0.0
yf_ADM_d1;12000;INTARIAN_PEPPER_ROOT;10827;13;10824;18;;;10833;25;10835;26;;;10830.0;0.0
yf_ADM_d1;12100;ASH_COATED_OSMIUM;9925;8;9921;22;;;9931;13;9933;13;;;9928.0;0.0
yf_ADM_d1;12100;INTARIAN_PEPPER_ROOT;10818;17;10814;24;;;10842;27;10844;21;;;10830.0;0.0
yf_ADM_d1;12200;ASH_COATED_OSMIUM;9924;19;9921;13;;;9933;18;9937;23;;;9928.5;0.0
yf_ADM_d1;12200;INTARIAN_PEPPER_ROOT;10827;6;10824;21;;;10834;24;10836;21;;;10830.5;0.0
yf_ADM_d1;12300;ASH_COATED_OSMIUM;9925;10;9922;18;;;9931;8;9934;22;;;9928.0;0.0
yf_ADM_d1;12300;INTARIAN_PEPPER_ROOT;10827;13;10823;20;;;10833;17;10836;21;;;10830.0;0.0
yf_ADM_d1;12400;ASH_COATED_OSMIUM;9925;15;9923;17;;;9931;11;9933;18;;;9928.0;0.0
yf_ADM_d1;12400;INTARIAN_PEPPER_ROOT;10826;8;10822;20;;;10837;9;10839;10;;;10831.5;0.0
yf_ADM_d1;12500;ASH_COATED_OSMIUM;9926;10;9923;24;;;9932;15;9936;11;;;9929.0;0.0
yf_ADM_d1;12500;INTARIAN_PEPPER_ROOT;10829;13;10827;14;;;10835;19;10837;21;;;10832.0;0.0
yf_ADM_d1;12600;ASH_COATED_OSMIUM;9925;23;9921;17;;;9931;13;9935;21;;;9928.0;0.0
yf_ADM_d1;12600;INTARIAN_PEPPER_ROOT;10827;5;10824;16;;;10836;10;10839;30;;;10831.5;0.0
yf_ADM_d1;12700;ASH_COATED_OSMIUM;9925;17;9922;23;;;9931;17;9934;30;;;9928.0;0.0
yf_ADM_d1;12700;INTARIAN_PEPPER_ROOT;10828;18;10826;26;;;10834;14;10836;23;;;10831.0;0.0
yf_ADM_d1;12800;ASH_COATED_OSMIUM;9915;19;9911;21;;;9941;14;9945;19;;;9928.0;0.0
yf_ADM_d1;12800;INTARIAN_PEPPER_ROOT;10825;13;10822;16;;;10838;9;10842;18;;;10831.5;0.0
yf_ADM_d1;12900;ASH_COATED_OSMIUM;9925;8;9921;11;;;9931;16;9934;25;;;9928.0;0.0
yf_ADM_d1;12900;INTARIAN_PEPPER_ROOT;10829;9;10826;23;;;10835;15;10839;20;;;10832.0;0.0
yf_ADM_d1;13000;ASH_COATED_OSMIUM;9923;20;9921;21;;;9933;6;9936;15;;;9928.0;0.0
yf_ADM_d1;13000;INTARIAN_PEPPER_ROOT;10829;22;10827;18;;;10835;16;10837;17;;;10832.0;0.0
yf_ADM_d1;13100;ASH_COATED_OSMIUM;9925;14;9922;28;;;9931;19;9934;25;;;9928.0;0.0
yf_ADM_d1;13100;INTARIAN_PEPPER_ROOT;10830;11;10826;19;;;10836;8;10838;23;;;10833.0;0.0
yf_ADM_d1;13200;ASH_COATED_OSMIUM;9918;14;9914;19;;;9940;20;9944;19;;;9929.0;0.0
yf_ADM_d1;13200;INTARIAN_PEPPER_ROOT;10824;13;10821;26;;;10842;14;10845;13;;;10833.0;0.0
yf_ADM_d1;13300;ASH_COATED_OSMIUM;9925;10;9923;16;;;9931;12;9934;21;;;9928.0;0.0
yf_ADM_d1;13300;INTARIAN_PEPPER_ROOT;10830;14;10827;16;;;10836;20;10839;18;;;10833.0;0.0
yf_ADM_d1;13400;ASH_COATED_OSMIUM;9924;15;9920;12;;;9932;14;9935;19;;;9928.0;0.0
yf_ADM_d1;13400;INTARIAN_PEPPER_ROOT;10830;12;10828;16;;;10836;22;10840;25;;;10833.0;0.0
yf_ADM_d1;13500;ASH_COATED_OSMIUM;9926;6;9923;32;;;9932;12;9936;25;;;9929.0;0.0
yf_ADM_d1;13500;INTARIAN_PEPPER_ROOT;10830;5;10826;17;;;10836;19;10838;22;;;10833.0;0.0
yf_ADM_d1;13600;ASH_COATED_OSMIUM;9926;15;9924;32;;;9932;14;9935;14;;;9929.0;0.0
yf_ADM_d1;13600;INTARIAN_PEPPER_ROOT;10831;25;10829;17;;;10837;23;10841;9;;;10834.0;0.0
yf_ADM_d1;13700;ASH_COATED_OSMIUM;9925;14;9923;22;;;9932;13;9936;21;;;9928.5;0.0
yf_ADM_d1;13700;INTARIAN_PEPPER_ROOT;10831;16;10829;22;;;10837;20;10841;15;;;10834.0;0.0
yf_ADM_d1;13800;ASH_COATED_OSMIUM;9909;16;9905;21;;;9946;16;9950;13;;;9927.5;0.0
yf_ADM_d1;13800;INTARIAN_PEPPER_ROOT;10831;17;10829;28;;;10837;19;10841;27;;;10834.0;0.0
yf_ADM_d1;13900;ASH_COATED_OSMIUM;9926;8;9923;15;;;9932;13;9934;19;;;9929.0;0.0
yf_ADM_d1;13900;INTARIAN_PEPPER_ROOT;10832;14;10828;20;;;10838;8;10842;23;;;10835.0;0.0
yf_ADM_d1;14000;ASH_COATED_OSMIUM;9925;17;9923;15;;;9931;16;9935;24;;;9928.0;0.0
yf_ADM_d1;14000;INTARIAN_PEPPER_ROOT;10832;20;10830;15;;;10838;5;10842;19;;;10835.0;0.0
yf_ADM_d1;14100;ASH_COATED_OSMIUM;9921;16;9919;19;;;9936;21;9939;19;;;9928.5;0.0
yf_ADM_d1;14100;INTARIAN_PEPPER_ROOT;10833;18;10830;19;;;10839;7;10842;24;;;10836.0;0.0
yf_ADM_d1;14200;ASH_COATED_OSMIUM;9923;13;9920;20;;;9935;6;9939;18;;;9929.0;0.0
yf_ADM_d1;14200;INTARIAN_PEPPER_ROOT;10833;19;10831;31;;;10839;14;10842;23;;;10836.0;0.0
yf_ADM_d1;14300;ASH_COATED_OSMIUM;9925;17;9921;18;;;9931;12;9933;26;;;9928.0;0.0
yf_ADM_d1;14300;INTARIAN_PEPPER_ROOT;10833;23;10829;19;;;10839;11;10842;27;;;10836.0;0.0
yf_ADM_d1;14400;ASH_COATED_OSMIUM;9925;15;9923;13;;;9931;14;9935;19;;;9928.0;0.0
yf_ADM_d1;14400;INTARIAN_PEPPER_ROOT;10832;13;10828;19;;;10839;20;10843;17;;;10835.5;0.0
yf_ADM_d1;14500;ASH_COATED_OSMIUM;9925;28;9921;19;;;9931;15;9934;21;;;9928.0;0.0
yf_ADM_d1;14500;INTARIAN_PEPPER_ROOT;10829;17;10827;20;;;10845;14;10848;24;;;10837.0;0.0
yf_ADM_d1;14600;ASH_COATED_OSMIUM;9926;11;9923;11;;;9932;12;9936;16;;;9929.0;0.0
yf_ADM_d1;14600;INTARIAN_PEPPER_ROOT;10833;11;10831;27;;;10839;10;10841;31;;;10836.0;0.0
yf_ADM_d1;14700;ASH_COATED_OSMIUM;9925;12;9923;22;;;9931;14;9934;22;;;9928.0;0.0
yf_ADM_d1;14700;INTARIAN_PEPPER_ROOT;10823;11;10821;17;;;10851;5;10853;22;;;10837.0;0.0
yf_ADM_d1;14800;ASH_COATED_OSMIUM;9924;5;9920;17;;;9934;14;9937;20;;;9929.0;0.0
yf_ADM_d1;14800;INTARIAN_PEPPER_ROOT;10832;15;10829;23;;;10842;7;10844;26;;;10837.0;0.0
yf_ADM_d1;14900;ASH_COATED_OSMIUM;9926;12;9924;15;;;9932;5;9934;23;;;9929.0;0.0
yf_ADM_d1;14900;INTARIAN_PEPPER_ROOT;10835;11;10833;23;;;10841;13;10843;25;;;10838.0;0.0
yf_ADM_d1;15000;ASH_COATED_OSMIUM;9926;13;9923;18;;;9932;12;9936;10;;;9929.0;0.0
yf_ADM_d1;15000;INTARIAN_PEPPER_ROOT;10827;9;10823;20;;;10848;25;10851;23;;;10837.5;0.0
yf_ADM_d1;15100;ASH_COATED_OSMIUM;9925;7;9921;21;;;9931;10;9934;24;;;9928.0;0.0
yf_ADM_d1;15100;INTARIAN_PEPPER_ROOT;10830;15;10826;18;;;10845;21;10849;17;;;10837.5;0.0
yf_ADM_d1;15200;ASH_COATED_OSMIUM;9925;10;9921;16;;;9931;19;9935;24;;;9928.0;0.0
yf_ADM_d1;15200;INTARIAN_PEPPER_ROOT;10819;10;10815;14;;;10857;8;10860;19;;;10838.0;0.0
yf_ADM_d1;15300;ASH_COATED_OSMIUM;9920;18;9918;9;;;9938;8;9941;23;;;9929.0;0.0
yf_ADM_d1;15300;INTARIAN_PEPPER_ROOT;10835;16;10833;17;;;10841;5;10843;18;;;10838.0;0.0
yf_ADM_d1;15400;ASH_COATED_OSMIUM;9921;11;9918;21;;;9935;8;9939;23;;;9928.0;0.0
yf_ADM_d1;15400;INTARIAN_PEPPER_ROOT;10836;7;10832;14;;;10842;17;10844;14;;;10839.0;0.0
yf_ADM_d1;15500;ASH_COATED_OSMIUM;9925;15;9922;8;;;9931;16;9933;20;;;9928.0;0.0
yf_ADM_d1;15500;INTARIAN_PEPPER_ROOT;10836;11;10834;16;;;10843;5;10846;15;;;10839.5;0.0
yf_ADM_d1;15600;ASH_COATED_OSMIUM;9926;5;9923;25;;;9932;5;9934;22;;;9929.0;0.0
yf_ADM_d1;15600;INTARIAN_PEPPER_ROOT;10833;15;10831;18;;;10845;19;10848;16;;;10839.0;0.0
yf_ADM_d1;15700;ASH_COATED_OSMIUM;9925;15;9922;27;;;9931;16;9935;25;;;9928.0;0.0
yf_ADM_d1;15700;INTARIAN_PEPPER_ROOT;10835;13;10832;34;;;10844;19;10848;20;;;10839.5;0.0
yf_ADM_d1;15800;ASH_COATED_OSMIUM;9926;16;9924;11;;;9932;6;9935;15;;;9929.0;0.0
yf_ADM_d1;15800;INTARIAN_PEPPER_ROOT;10836;19;10832;8;;;10842;5;10846;16;;;10839.0;0.0
yf_ADM_d1;15900;ASH_COATED_OSMIUM;9921;11;9918;24;;;9936;16;9938;16;;;9928.5;0.0
yf_ADM_d1;15900;INTARIAN_PEPPER_ROOT;10833;13;10829;16;;;10847;15;10850;21;;;10840.0;0.0
yf_ADM_d1;16000;ASH_COATED_OSMIUM;9926;21;9924;19;;;9932;19;9934;18;;;9929.0;0.0
yf_ADM_d1;16000;INTARIAN_PEPPER_ROOT;10832;23;10828;8;;;10849;17;10851;13;;;10840.5;0.0
yf_ADM_d1;16100;ASH_COATED_OSMIUM;9926;14;9924;29;;;9932;24;9935;22;;;9929.0;0.0
yf_ADM_d1;16100;INTARIAN_PEPPER_ROOT;10837;11;10834;25;;;10844;10;10847;25;;;10840.5;0.0
yf_ADM_d1;16200;ASH_COATED_OSMIUM;9925;23;9923;23;;;9932;28;9936;19;;;9928.5;0.0
yf_ADM_d1;16200;INTARIAN_PEPPER_ROOT;10836;5;10834;14;;;10845;9;10848;8;;;10840.5;0.0
yf_ADM_d1;16300;ASH_COATED_OSMIUM;9926;13;9923;20;;;9932;19;9934;10;;;9929.0;0.0
yf_ADM_d1;16300;INTARIAN_PEPPER_ROOT;10838;12;10834;15;;;10844;17;10846;15;;;10841.0;0.0
yf_ADM_d1;16400;ASH_COATED_OSMIUM;9926;23;9924;14;;;9932;21;9936;33;;;9929.0;0.0
yf_ADM_d1;16400;INTARIAN_PEPPER_ROOT;10838;11;10834;9;;;10844;27;10847;27;;;10841.0;0.0
yf_ADM_d1;16500;ASH_COATED_OSMIUM;9925;18;9923;21;;;9932;6;9934;25;;;9928.5;0.0
yf_ADM_d1;16500;INTARIAN_PEPPER_ROOT;10834;12;10831;17;;;10847;16;10851;14;;;10840.5;0.0
yf_ADM_d1;16600;ASH_COATED_OSMIUM;9922;17;9919;19;;;9935;16;9937;28;;;9928.5;0.0
yf_ADM_d1;16600;INTARIAN_PEPPER_ROOT;10838;17;10834;22;;;10844;6;10846;20;;;10841.0;0.0
yf_ADM_d1;16700;ASH_COATED_OSMIUM;9926;12;9923;22;;;9932;13;9936;21;;;9929.0;0.0
yf_ADM_d1;16700;INTARIAN_PEPPER_ROOT;10835;14;10831;25;;;10850;14;10852;27;;;10842.5;0.0
yf_ADM_d1;16800;ASH_COATED_OSMIUM;9925;14;9922;12;;;9932;11;9934;28;;;9928.5;0.0
yf_ADM_d1;16800;INTARIAN_PEPPER_ROOT;10839;5;10837;20;;;10845;16;10847;19;;;10842.0;0.0
yf_ADM_d1;16900;ASH_COATED_OSMIUM;9926;13;9923;17;;;9932;15;9934;18;;;9929.0;0.0
yf_ADM_d1;16900;INTARIAN_PEPPER_ROOT;10837;9;10835;23;;;10847;13;10850;22;;;10842.0;0.0
yf_ADM_d1;17000;ASH_COATED_OSMIUM;9925;17;9923;27;;;9931;11;9934;13;;;9928.0;0.0
yf_ADM_d1;17000;INTARIAN_PEPPER_ROOT;10842;19;10838;26;;;10848;11;10851;18;;;10845.0;0.0
yf_ADM_d1;17100;ASH_COATED_OSMIUM;9925;6;9922;13;;;9931;17;9935;25;;;9928.0;0.0
yf_ADM_d1;17100;INTARIAN_PEPPER_ROOT;10843;5;10840;23;;;10858;7;10862;17;;;10850.5;0.0
yf_ADM_d1;17200;ASH_COATED_OSMIUM;9925;14;9922;20;;;9931;11;9934;27;;;9928.0;0.0
yf_ADM_d1;17200;INTARIAN_PEPPER_ROOT;10852;10;10849;22;;;10858;10;10860;12;;;10855.0;0.0
yf_ADM_d1;17300;ASH_COATED_OSMIUM;9925;12;9922;16;;;9931;17;9935;14;;;9928.0;0.0
yf_ADM_d1;17300;INTARIAN_PEPPER_ROOT;10858;17;10855;16;;;10864;11;10867;17;;;10861.0;0.0
yf_ADM_d1;17400;ASH_COATED_OSMIUM;9926;24;9922;18;;;9932;10;9936;17;;;9929.0;0.0
yf_ADM_d1;17400;INTARIAN_PEPPER_ROOT;10863;5;10860;17;;;10869;13;10872;21;;;10866.0;0.0
yf_ADM_d1;17500;ASH_COATED_OSMIUM;9920;18;9918;18;;;9936;16;9938;23;;;9928.0;0.0
yf_ADM_d1;17500;INTARIAN_PEPPER_ROOT;10869;12;10867;20;;;10875;19;10877;24;;;10872.0;0.0
yf_ADM_d1;17600;ASH_COATED_OSMIUM;9919;7;9916;22;;;9938;25;9941;26;;;9928.5;0.0
yf_ADM_d1;17600;INTARIAN_PEPPER_ROOT;10873;11;10869;12;;;10880;9;10884;20;;;10876.5;0.0
yf_ADM_d1;17700;ASH_COATED_OSMIUM;9925;5;9921;23;;;9931;14;9934;23;;;9928.0;0.0
yf_ADM_d1;17700;INTARIAN_PEPPER_ROOT;10876;27;10874;12;;;10888;5;10892;16;;;10882.0;0.0
yf_ADM_d1;17800;ASH_COATED_OSMIUM;9926;19;9923;21;;;9932;19;9934;15;;;9929.0;0.0
yf_ADM_d1;17800;INTARIAN_PEPPER_ROOT;10884;5;10882;23;;;10890;14;10892;13;;;10887.0;0.0
yf_ADM_d1;17900;ASH_COATED_OSMIUM;9926;16;9923;26;;;9932;16;9934;16;;;9929.0;0.0
yf_ADM_d1;17900;INTARIAN_PEPPER_ROOT;10888;19;10884;26;;;10897;18;10899;30;;;10892.5;0.0
yf_ADM_d1;18000;ASH_COATED_OSMIUM;9925;22;9922;19;;;9931;18;9934;15;;;9928.0;0.0
yf_ADM_d1;18000;INTARIAN_PEPPER_ROOT;10888;15;10885;15;;;10906;11;10908;19;;;10897.0;0.0
yf_ADM_d1;18100;ASH_COATED_OSMIUM;9920;23;9917;13;;;9938;12;9940;16;;;9929.0;0.0
yf_ADM_d1;18100;INTARIAN_PEPPER_ROOT;10900;13;10896;19;;;10906;8;10910;19;;;10903.0;0.0
yf_ADM_d1;18200;ASH_COATED_OSMIUM;9924;9;9920;12;;;9933;12;9935;15;;;9928.5;0.0
yf_ADM_d1;18200;INTARIAN_PEPPER_ROOT;10898;7;10895;18;;;10919;17;10921;31;;;10908.5;0.0
yf_ADM_d1;18300;ASH_COATED_OSMIUM;9925;5;9923;22;;;9932;22;9935;8;;;9928.5;0.0
yf_ADM_d1;18300;INTARIAN_PEPPER_ROOT;10911;9;10908;35;;;10917;16;10921;13;;;10914.0;0.0
yf_ADM_d1;18400;ASH_COATED_OSMIUM;9923;11;9919;18;;;9934;16;9938;22;;;9928.5;0.0
yf_ADM_d1;18400;INTARIAN_PEPPER_ROOT;10916;15;10913;17;;;10922;13;10926;22;;;10919.0;0.0
yf_ADM_d1;18500;ASH_COATED_OSMIUM;9923;23;9921;24;;;9934;24;9938;17;;;9928.5;0.0
yf_ADM_d1;18500;INTARIAN_PEPPER_ROOT;10920;10;10918;24;;;10926;11;10929;19;;;10923.0;0.0
yf_ADM_d1;18600;ASH_COATED_OSMIUM;9925;17;9923;23;;;9932;20;9934;29;;;9928.5;0.0
yf_ADM_d1;18600;INTARIAN_PEPPER_ROOT;10926;20;10922;21;;;10932;14;10935;20;;;10929.0;0.0
yf_ADM_d1;18700;ASH_COATED_OSMIUM;9924;14;9921;19;;;9932;14;9935;20;;;9928.0;0.0
yf_ADM_d1;18700;INTARIAN_PEPPER_ROOT;10932;16;10930;14;;;10938;20;10941;24;;;10935.0;0.0
yf_ADM_d1;18800;ASH_COATED_OSMIUM;9926;17;9922;18;;;9932;11;9936;21;;;9929.0;0.0
yf_ADM_d1;18800;INTARIAN_PEPPER_ROOT;10937;24;10934;17;;;10943;8;10946;21;;;10940.0;0.0
yf_ADM_d1;18900;ASH_COATED_OSMIUM;9925;5;9921;26;;;9931;13;9935;19;;;9928.0;0.0
yf_ADM_d1;18900;INTARIAN_PEPPER_ROOT;10941;15;10937;22;;;10947;20;10950;21;;;10944.0;0.0
yf_ADM_d1;19000;ASH_COATED_OSMIUM;9914;17;9910;17;;;9943;8;9946;13;;;9928.5;0.0
yf_ADM_d1;19000;INTARIAN_PEPPER_ROOT;10943;7;10940;17;;;10957;20;10960;20;;;10950.0;0.0
yf_ADM_d1;19100;ASH_COATED_OSMIUM;9919;18;9915;24;;;9937;13;9940;13;;;9928.0;0.0
yf_ADM_d1;19100;INTARIAN_PEPPER_ROOT;10952;18;10950;21;;;10958;24;10962;14;;;10955.0;0.0
yf_ADM_d1;19200;ASH_COATED_OSMIUM;9925;14;9921;16;;;9931;16;9935;10;;;9928.0;0.0
yf_ADM_d1;19200;INTARIAN_PEPPER_ROOT;10958;10;10956;17;;;10964;18;10967;15;;;10961.0;0.0
yf_ADM_d1;19300;ASH_COATED_OSMIUM;9925;20;9921;15;;;9931;19;9934;21;;;9928.0;0.0
yf_ADM_d1;19300;INTARIAN_PEPPER_ROOT;10962;12;10960;17;;;10968;15;10971;21;;;10965.0;0.0
yf_ADM_d1;19400;ASH_COATED_OSMIUM;9920;14;9916;20;;;9937;9;9939;17;;;9928.5;0.0
yf_ADM_d1;19400;INTARIAN_PEPPER_ROOT;10958;15;10955;20;;;10983;14;10987;29;;;10970.5;0.0
yf_ADM_d1;19500;ASH_COATED_OSMIUM;9923;17;9921;24;;;9935;23;9938;12;;;9929.0;0.0
yf_ADM_d1;19500;INTARIAN_PEPPER_ROOT;10972;8;10970;19;;;10982;13;10984;22;;;10977.0;0.0
yf_ADM_d1;19600;ASH_COATED_OSMIUM;9922;17;9920;21;;;9934;19;9937;22;;;9928.0;0.0
yf_ADM_d1;19600;INTARIAN_PEPPER_ROOT;10974;16;10970;15;;;10989;11;10991;14;;;10981.5;0.0
yf_ADM_d1;19700;ASH_COATED_OSMIUM;9926;19;9924;13;;;9932;8;9934;23;;;9929.0;0.0
yf_ADM_d1;19700;INTARIAN_PEPPER_ROOT;10984;7;10980;23;;;10990;25;10994;19;;;10987.0;0.0
yf_ADM_d1;19800;ASH_COATED_OSMIUM;9926;23;9922;23;;;9932;12;9935;18;;;9929.0;0.0
yf_ADM_d1;19800;INTARIAN_PEPPER_ROOT;10989;7;10986;24;;;10995;13;10997;18;;;10992.0;0.0
yf_ADM_d1;19900;ASH_COATED_OSMIUM;9923;12;9920;17;;;9933;17;9935;22;;;9928.0;0.0
yf_ADM_d1;19900;INTARIAN_PEPPER_ROOT;10994;12;10990;12;;;11001;13;11003;22;;;10997.5;0.0
yf_ADM_d1;20000;ASH_COATED_OSMIUM;9926;18;9922;20;;;9932;11;9936;26;;;9929.0;0.0
yf_ADM_d1;20000;INTARIAN_PEPPER_ROOT;10997;19;10994;25;;;11009;21;11013;20;;;11003.0;0.0
yf_ADM_d1;20100;ASH_COATED_OSMIUM;9926;18;9922;16;;;9932;13;9934;21;;;9929.0;0.0
yf_ADM_d1;20100;INTARIAN_PEPPER_ROOT;11002;18;10998;31;;;11013;12;11017;22;;;11007.5;0.0
yf_ADM_d1;20200;ASH_COATED_OSMIUM;9925;9;9922;22;;;9931;17;9933;25;;;9928.0;0.0
yf_ADM_d1;20200;INTARIAN_PEPPER_ROOT;11010;19;11007;18;;;11016;10;11020;21;;;11013.0;0.0
yf_ADM_d1;20300;ASH_COATED_OSMIUM;9920;10;9917;22;;;9938;10;9941;19;;;9929.0;0.0
yf_ADM_d1;20300;INTARIAN_PEPPER_ROOT;11015;14;11012;16;;;11021;15;11025;19;;;11018.0;0.0
yf_ADM_d1;20400;ASH_COATED_OSMIUM;9926;11;9923;8;;;9932;5;9934;16;;;9929.0;0.0
yf_ADM_d1;20400;INTARIAN_PEPPER_ROOT;11019;13;11016;23;;;11029;21;11033;17;;;11024.0;0.0
yf_ADM_d1;20500;ASH_COATED_OSMIUM;9923;16;9920;15;;;9934;19;9936;15;;;9928.5;0.0
yf_ADM_d1;20500;INTARIAN_PEPPER_ROOT;11026;19;11023;19;;;11032;16;11035;23;;;11029.0;0.0
yf_ADM_d1;20600;ASH_COATED_OSMIUM;9921;11;9919;8;;;9937;10;9939;23;;;9929.0;0.0
yf_ADM_d1;20600;INTARIAN_PEPPER_ROOT;11031;20;11028;18;;;11037;8;11040;15;;;11034.0;0.0
yf_ADM_d1;20700;ASH_COATED_OSMIUM;9926;17;9924;21;;;9932;18;9934;22;;;9929.0;0.0
yf_ADM_d1;20700;INTARIAN_PEPPER_ROOT;11035;16;11031;18;;;11044;8;11046;21;;;11039.5;0.0
yf_ADM_d1;20800;ASH_COATED_OSMIUM;9921;18;9918;10;;;9936;12;9940;11;;;9928.5;0.0
yf_ADM_d1;20800;INTARIAN_PEPPER_ROOT;11042;21;11040;17;;;11048;14;11052;16;;;11045.0;0.0
yf_ADM_d1;20900;ASH_COATED_OSMIUM;9921;12;9919;22;;;9935;6;9938;21;;;9928.0;0.0
yf_ADM_d1;20900;INTARIAN_PEPPER_ROOT;11044;18;11040;20;;;11056;13;11058;18;;;11050.0;0.0
yf_ADM_d1;21000;ASH_COATED_OSMIUM;9925;5;9923;24;;;9933;17;9936;19;;;9929.0;0.0
yf_ADM_d1;21000;INTARIAN_PEPPER_ROOT;11052;17;11050;20;;;11058;23;11062;13;;;11055.0;0.0
yf_ADM_d1;21100;ASH_COATED_OSMIUM;9925;18;9923;18;;;9931;12;9933;18;;;9928.0;0.0
yf_ADM_d1;21100;INTARIAN_PEPPER_ROOT;11055;22;11051;21;;;11065;6;11067;22;;;11060.0;0.0
yf_ADM_d1;21200;ASH_COATED_OSMIUM;9924;14;9920;25;;;9934;14;9936;21;;;9929.0;0.0
yf_ADM_d1;21200;INTARIAN_PEPPER_ROOT;11062;21;11058;23;;;11069;9;11072;12;;;11065.5;0.0
yf_ADM_d1;21300;ASH_COATED_OSMIUM;9926;14;9922;22;;;9932;11;9935;20;;;9929.0;0.0
yf_ADM_d1;21300;INTARIAN_PEPPER_ROOT;11069;16;11065;18;;;11075;20;11077;19;;;11072.0;0.0
yf_ADM_d1;21400;ASH_COATED_OSMIUM;9923;14;9921;26;;;9935;26;9938;26;;;9929.0;0.0
yf_ADM_d1;21400;INTARIAN_PEPPER_ROOT;11072;13;11069;17;;;11081;18;11085;17;;;11076.5;0.0
yf_ADM_d1;21500;ASH_COATED_OSMIUM;9926;19;9924;20;;;9932;17;9935;17;;;9929.0;0.0
yf_ADM_d1;21500;INTARIAN_PEPPER_ROOT;11078;15;11076;21;;;11085;13;11088;20;;;11081.5;0.0
yf_ADM_d1;21600;ASH_COATED_OSMIUM;9922;14;9919;16;;;9934;10;9937;19;;;9928.0;0.0
yf_ADM_d1;21600;INTARIAN_PEPPER_ROOT;11084;12;11080;26;;;11090;8;11094;11;;;11087.0;0.0
yf_ADM_d1;21700;ASH_COATED_OSMIUM;9926;19;9924;21;;;9933;7;9937;18;;;9929.5;0.0
yf_ADM_d1;21700;INTARIAN_PEPPER_ROOT;11086;5;11084;18;;;11098;14;11100;24;;;11092.0;0.0
yf_ADM_d1;21800;ASH_COATED_OSMIUM;9925;8;9923;16;;;9931;21;9935;24;;;9928.0;0.0
yf_ADM_d1;21800;INTARIAN_PEPPER_ROOT;11094;11;11092;24;;;11100;20;11102;16;;;11097.0;0.0
yf_ADM_d1;21900;ASH_COATED_OSMIUM;9926;9;9923;20;;;9932;24;9934;15;;;9929.0;0.0
yf_ADM_d1;21900;INTARIAN_PEPPER_ROOT;11099;15;11095;24;;;11105;18;11109;11;;;11102.0;0.0
yf_ADM_d1;22000;ASH_COATED_OSMIUM;9925;21;9922;26;;;9931;14;9935;24;;;9928.0;0.0
yf_ADM_d1;22000;INTARIAN_PEPPER_ROOT;11105;22;11101;27;;;11111;10;11113;25;;;11108.0;0.0
yf_ADM_d1;22100;ASH_COATED_OSMIUM;9926;5;9923;25;;;9932;19;9934;14;;;9929.0;0.0
yf_ADM_d1;22100;INTARIAN_PEPPER_ROOT;11104;15;11101;26;;;11122;18;11124;16;;;11113.0;0.0
yf_ADM_d1;22200;ASH_COATED_OSMIUM;9926;13;9922;23;;;9932;19;9936;20;;;9929.0;0.0
yf_ADM_d1;22200;INTARIAN_PEPPER_ROOT;11115;5;11112;21;;;11121;16;11125;10;;;11118.0;0.0
yf_ADM_d1;22300;ASH_COATED_OSMIUM;9923;10;9920;21;;;9935;14;9938;22;;;9929.0;0.0
yf_ADM_d1;22300;INTARIAN_PEPPER_ROOT;11120;21;11116;14;;;11126;13;11130;22;;;11123.0;0.0
yf_ADM_d1;22400;ASH_COATED_OSMIUM;9922;12;9919;20;;;9936;11;9938;13;;;9929.0;0.0
yf_ADM_d1;22400;INTARIAN_PEPPER_ROOT;11123;11;11121;20;;;11135;17;11139;27;;;11129.0;0.0
yf_ADM_d1;22500;ASH_COATED_OSMIUM;9926;12;9923;14;;;9932;17;9935;26;;;9929.0;0.0
yf_ADM_d1;22500;INTARIAN_PEPPER_ROOT;11130;13;11128;33;;;11136;8;11139;17;;;11133.0;0.0
yf_ADM_d1;22600;ASH_COATED_OSMIUM;9925;11;9923;20;;;9932;10;9936;17;;;9928.5;0.0
yf_ADM_d1;22600;INTARIAN_PEPPER_ROOT;11136;5;11133;20;;;11142;18;11146;18;;;11139.0;0.0
yf_ADM_d1;22700;ASH_COATED_OSMIUM;9926;29;9923;12;;;9932;15;9935;15;;;9929.0;0.0
yf_ADM_d1;22700;INTARIAN_PEPPER_ROOT;11141;10;11137;22;;;11147;9;11150;15;;;11144.0;0.0
yf_ADM_d1;22800;ASH_COATED_OSMIUM;9923;11;9921;13;;;9934;26;9937;21;;;9928.5;0.0
yf_ADM_d1;22800;INTARIAN_PEPPER_ROOT;11147;16;11144;21;;;11153;19;11155;26;;;11150.0;0.0
yf_ADM_d1;22900;ASH_COATED_OSMIUM;9925;12;9922;22;;;9932;11;9935;19;;;9928.5;0.0
yf_ADM_d1;22900;INTARIAN_PEPPER_ROOT;11151;19;11149;27;;;11157;11;11161;16;;;11154.0;0.0
yf_ADM_d1;23000;ASH_COATED_OSMIUM;9926;9;9922;27;;;9932;15;9935;20;;;9929.0;0.0
yf_ADM_d1;23000;INTARIAN_PEPPER_ROOT;11157;14;11155;20;;;11163;11;11165;20;;;11160.0;0.0
yf_ADM_d1;23100;ASH_COATED_OSMIUM;9925;11;9923;29;;;9931;13;9933;23;;;9928.0;0.0
yf_ADM_d1;23100;INTARIAN_PEPPER_ROOT;11160;14;11157;25;;;11170;13;11174;15;;;11165.0;0.0
yf_ADM_d1;23200;ASH_COATED_OSMIUM;9919;17;9915;16;;;9938;19;9941;19;;;9928.5;0.0
yf_ADM_d1;23200;INTARIAN_PEPPER_ROOT;11167;17;11164;24;;;11173;14;11177;15;;;11170.0;0.0
yf_ADM_d1;23300;ASH_COATED_OSMIUM;9926;7;9924;20;;;9932;11;9935;23;;;9929.0;0.0
yf_ADM_d1;23300;INTARIAN_PEPPER_ROOT;11173;16;11171;18;;;11179;24;11182;11;;;11176.0;0.0
yf_ADM_d1;23400;ASH_COATED_OSMIUM;9925;14;9923;23;;;9931;21;9934;15;;;9928.0;0.0
yf_ADM_d1;23400;INTARIAN_PEPPER_ROOT;11178;13;11174;25;;;11184;19;11186;28;;;11181.0;0.0
yf_ADM_d1;23500;ASH_COATED_OSMIUM;9921;13;9919;17;;;9936;18;9938;22;;;9928.5;0.0
yf_ADM_d1;23500;INTARIAN_PEPPER_ROOT;11183;21;11181;12;;;11189;16;11191;24;;;11186.0;0.0
yf_ADM_d1;23600;ASH_COATED_OSMIUM;9925;18;9921;18;;;9933;9;9936;27;;;9929.0;0.0
yf_ADM_d1;23600;INTARIAN_PEPPER_ROOT;11179;9;11175;20;;;11204;9;11206;23;;;11191.5;0.0
yf_ADM_d1;23700;ASH_COATED_OSMIUM;9925;14;9922;25;;;9931;16;9933;22;;;9928.0;0.0
yf_ADM_d1;23700;INTARIAN_PEPPER_ROOT;11194;18;11190;17;;;11200;19;11202;16;;;11197.0;0.0
yf_ADM_d1;23800;ASH_COATED_OSMIUM;9924;13;9921;19;;;9933;14;9937;19;;;9928.5;0.0
yf_ADM_d1;23800;INTARIAN_PEPPER_ROOT;11199;16;11196;20;;;11205;16;11208;23;;;11202.0;0.0
yf_ADM_d1;23900;ASH_COATED_OSMIUM;9924;23;9920;23;;;9934;18;9938;25;;;9929.0;0.0
yf_ADM_d1;23900;INTARIAN_PEPPER_ROOT;11195;15;11192;19;;;11219;20;11223;18;;;11207.0;0.0
yf_ADM_d1;24000;ASH_COATED_OSMIUM;9924;22;9920;16;;;9933;18;9937;20;;;9928.5;0.0
yf_ADM_d1;24000;INTARIAN_PEPPER_ROOT;11210;14;11206;31;;;11216;18;11218;24;;;11213.0;0.0
yf_ADM_d1;24100;ASH_COATED_OSMIUM;9926;14;9924;28;;;9932;8;9934;29;;;9929.0;0.0
yf_ADM_d1;24100;INTARIAN_PEPPER_ROOT;11215;12;11212;16;;;11221;16;11223;25;;;11218.0;0.0
yf_ADM_d1;24200;ASH_COATED_OSMIUM;9926;16;9922;21;;;9932;11;9935;19;;;9929.0;0.0
yf_ADM_d1;24200;INTARIAN_PEPPER_ROOT;11220;19;11217;18;;;11226;19;11228;17;;;11223.0;0.0
yf_ADM_d1;24300;ASH_COATED_OSMIUM;9926;11;9922;19;;;9932;9;9934;18;;;9929.0;0.0
yf_ADM_d1;24300;INTARIAN_PEPPER_ROOT;11225;20;11221;22;;;11231;12;11234;17;;;11228.0;0.0
yf_ADM_d1;24400;ASH_COATED_OSMIUM;9921;18;9919;24;;;9937;11;9939;13;;;9929.0;0.0
yf_ADM_d1;24400;INTARIAN_PEPPER_ROOT;11231;14;11227;19;;;11237;13;11240;27;;;11234.0;0.0
yf_ADM_d1;24500;ASH_COATED_OSMIUM;9925;9;9921;11;;;9932;16;9935;24;;;9928.5;0.0
yf_ADM_d1;24500;INTARIAN_PEPPER_ROOT;11232;15;11228;19;;;11246;11;11250;11;;;11239.0;0.0
yf_ADM_d1;24600;ASH_COATED_OSMIUM;9925;9;9921;22;;;9931;21;9934;23;;;9928.0;0.0
yf_ADM_d1;24600;INTARIAN_PEPPER_ROOT;11240;19;11238;25;;;11247;22;11250;22;;;11243.5;0.0
yf_ADM_d1;24700;ASH_COATED_OSMIUM;9926;11;9922;16;;;9932;9;9936;19;;;9929.0;0.0
yf_ADM_d1;24700;INTARIAN_PEPPER_ROOT;11245;24;11243;8;;;11255;22;11259;18;;;11250.0;0.0
yf_ADM_d1;24800;ASH_COATED_OSMIUM;9926;13;9924;22;;;9932;9;9934;23;;;9929.0;0.0
yf_ADM_d1;24800;INTARIAN_PEPPER_ROOT;11251;8;11248;23;;;11257;8;11260;19;;;11254.0;0.0
yf_ADM_d1;24900;ASH_COATED_OSMIUM;9926;20;9924;27;;;9932;21;9936;26;;;9929.0;0.0
yf_ADM_d1;24900;INTARIAN_PEPPER_ROOT;11257;7;11254;21;;;11263;12;11265;17;;;11260.0;0.0
yf_ADM_d1;25000;ASH_COATED_OSMIUM;9926;12;9924;34;;;9932;15;9934;15;;;9929.0;0.0
yf_ADM_d1;25000;INTARIAN_PEPPER_ROOT;11262;12;11259;24;;;11268;11;11270;23;;;11265.0;0.0
yf_ADM_d1;25100;ASH_COATED_OSMIUM;9926;13;9923;12;;;9932;5;9935;18;;;9929.0;0.0
yf_ADM_d1;25100;INTARIAN_PEPPER_ROOT;11267;8;11263;9;;;11273;18;11275;22;;;11270.0;0.0
yf_ADM_d1;25200;ASH_COATED_OSMIUM;9925;19;9921;8;;;9931;14;9934;16;;;9928.0;0.0
yf_ADM_d1;25200;INTARIAN_PEPPER_ROOT;11272;8;11269;21;;;11278;8;11280;19;;;11275.0;0.0
yf_ADM_d1;25300;ASH_COATED_OSMIUM;9926;14;9922;15;;;9932;7;9936;23;;;9929.0;0.0
yf_ADM_d1;25300;INTARIAN_PEPPER_ROOT;11275;6;11272;16;;;11286;12;11288;13;;;11280.5;0.0
yf_ADM_d1;25400;ASH_COATED_OSMIUM;9926;13;9923;20;;;9932;14;9936;12;;;9929.0;0.0
yf_ADM_d1;25400;INTARIAN_PEPPER_ROOT;11283;6;11279;16;;;11289;15;11293;16;;;11286.0;0.0
yf_ADM_d1;25500;ASH_COATED_OSMIUM;9925;10;9922;20;;;9931;14;9935;19;;;9928.0;0.0
yf_ADM_d1;25500;INTARIAN_PEPPER_ROOT;11288;16;11284;16;;;11294;19;11296;23;;;11291.0;0.0
yf_ADM_d1;25600;ASH_COATED_OSMIUM;9926;15;9923;16;;;9932;10;9934;16;;;9929.0;0.0
yf_ADM_d1;25600;INTARIAN_PEPPER_ROOT;11291;10;11287;15;;;11302;13;11304;28;;;11296.5;0.0
yf_ADM_d1;25700;ASH_COATED_OSMIUM;9925;13;9923;24;;;9933;11;9937;23;;;9929.0;0.0
yf_ADM_d1;25700;INTARIAN_PEPPER_ROOT;11299;13;11297;25;;;11305;9;11307;25;;;11302.0;0.0
yf_ADM_d1;25800;ASH_COATED_OSMIUM;9923;9;9919;25;;;9934;22;9937;18;;;9928.5;0.0
yf_ADM_d1;25800;INTARIAN_PEPPER_ROOT;11300;13;11298;22;;;11314;8;11318;30;;;11307.0;0.0
yf_ADM_d1;25900;ASH_COATED_OSMIUM;9925;17;9922;12;;;9931;14;9933;15;;;9928.0;0.0
yf_ADM_d1;25900;INTARIAN_PEPPER_ROOT;11306;19;11304;30;;;11318;18;11320;28;;;11312.0;0.0
yf_ADM_d1;26000;ASH_COATED_OSMIUM;9925;13;9921;24;;;9932;6;9936;13;;;9928.5;0.0
yf_ADM_d1;26000;INTARIAN_PEPPER_ROOT;11314;15;11312;24;;;11320;21;11324;17;;;11317.0;0.0
yf_ADM_d1;26100;ASH_COATED_OSMIUM;9926;16;9922;26;;;9932;15;9935;14;;;9929.0;0.0
yf_ADM_d1;26100;INTARIAN_PEPPER_ROOT;11319;14;11315;9;;;11325;21;11328;25;;;11322.0;0.0
yf_ADM_d1;26200;ASH_COATED_OSMIUM;9925;14;9921;26;;;9931;15;9935;23;;;9928.0;0.0
yf_ADM_d1;26200;INTARIAN_PEPPER_ROOT;11322;17;11318;26;;;11334;9;11336;13;;;11328.0;0.0
yf_ADM_d1;26300;ASH_COATED_OSMIUM;9926;10;9923;21;;;9932;5;9935;30;;;9929.0;0.0
yf_ADM_d1;26300;INTARIAN_PEPPER_ROOT;11327;14;11323;8;;;11340;22;11342;21;;;11333.5;0.0
yf_ADM_d1;26400;ASH_COATED_OSMIUM;9925;11;9923;24;;;9932;21;9936;31;;;9928.5;0.0
yf_ADM_d1;26400;INTARIAN_PEPPER_ROOT;11333;9;11330;21;;;11344;10;11347;26;;;11338.5;0.0
yf_ADM_d1;26500;ASH_COATED_OSMIUM;9926;16;9924;18;;;9932;19;9936;16;;;9929.0;0.0
yf_ADM_d1;26500;INTARIAN_PEPPER_ROOT;11341;17;11339;18;;;11347;16;11351;21;;;11344.0;0.0
yf_ADM_d1;26600;ASH_COATED_OSMIUM;9926;12;9924;22;;;9932;20;9934;23;;;9929.0;0.0
yf_ADM_d1;26600;INTARIAN_PEPPER_ROOT;11346;5;11343;15;;;11352;17;11356;25;;;11349.0;0.0
yf_ADM_d1;26700;ASH_COATED_OSMIUM;9926;14;9922;10;;;9932;12;9935;27;;;9929.0;0.0
yf_ADM_d1;26700;INTARIAN_PEPPER_ROOT;11351;19;11347;16;;;11357;12;11361;17;;;11354.0;0.0
yf_ADM_d1;26800;ASH_COATED_OSMIUM;9926;13;9922;26;;;9932;18;9936;22;;;9929.0;0.0
yf_ADM_d1;26800;INTARIAN_PEPPER_ROOT;11355;11;11353;17;;;11363;15;11367;26;;;11359.0;0.0
yf_ADM_d1;26900;ASH_COATED_OSMIUM;9925;15;9923;21;;;9931;16;9935;28;;;9928.0;0.0
yf_ADM_d1;26900;INTARIAN_PEPPER_ROOT;11361;12;11357;29;;;11367;17;11370;18;;;11364.0;0.0
yf_ADM_d1;27000;ASH_COATED_OSMIUM;9926;5;9922;21;;;9932;20;9936;23;;;9929.0;0.0
yf_ADM_d1;27000;INTARIAN_PEPPER_ROOT;11367;9;11363;23;;;11373;22;11377;15;;;11370.0;0.0
yf_ADM_d1;27100;ASH_COATED_OSMIUM;9922;23;9918;20;;;9936;5;9939;24;;;9929.0;0.0
yf_ADM_d1;27100;INTARIAN_PEPPER_ROOT;11372;17;11369;19;;;11378;20;11380;21;;;11375.0;0.0
yf_ADM_d1;27200;ASH_COATED_OSMIUM;9925;6;9921;22;;;9931;13;9934;14;;;9928.0;0.0
yf_ADM_d1;27200;INTARIAN_PEPPER_ROOT;11373;13;11371;13;;;11388;15;11390;21;;;11380.5;0.0
yf_ADM_d1;27300;ASH_COATED_OSMIUM;9926;17;9923;23;;;9932;15;9935;21;;;9929.0;0.0
yf_ADM_d1;27300;INTARIAN_PEPPER_ROOT;11382;12;11379;13;;;11388;9;11391;20;;;11385.0;0.0
yf_ADM_d1;27400;ASH_COATED_OSMIUM;9926;15;9922;22;;;9932;5;9936;22;;;9929.0;0.0
yf_ADM_d1;27400;INTARIAN_PEPPER_ROOT;11388;16;11384;19;;;11394;15;11397;16;;;11391.0;0.0
yf_ADM_d1;27500;ASH_COATED_OSMIUM;9921;20;9919;25;;;9937;15;9940;11;;;9929.0;0.0
yf_ADM_d1;27500;INTARIAN_PEPPER_ROOT;11392;11;11388;14;;;11401;14;11405;18;;;11396.5;0.0
yf_ADM_d1;27600;ASH_COATED_OSMIUM;9926;17;9924;14;;;9932;15;9935;19;;;9929.0;0.0
yf_ADM_d1;27600;INTARIAN_PEPPER_ROOT;11398;7;11394;19;;;11404;26;11407;8;;;11401.0;0.0
yf_ADM_d1;27700;ASH_COATED_OSMIUM;9925;9;9923;17;;;9931;16;9935;19;;;9928.0;0.0
yf_ADM_d1;27700;INTARIAN_PEPPER_ROOT;11404;16;11400;28;;;11410;9;11413;14;;;11407.0;0.0
yf_ADM_d1;27800;ASH_COATED_OSMIUM;9925;16;9922;12;;;9931;19;9934;13;;;9928.0;0.0
yf_ADM_d1;27800;INTARIAN_PEPPER_ROOT;11409;22;11407;25;;;11415;16;11419;21;;;11412.0;0.0
yf_ADM_d1;27900;ASH_COATED_OSMIUM;9926;14;9922;25;;;9932;20;9935;20;;;9929.0;0.0
yf_ADM_d1;27900;INTARIAN_PEPPER_ROOT;11414;22;11412;25;;;11420;20;11422;21;;;11417.0;0.0
yf_ADM_d1;28000;ASH_COATED_OSMIUM;9926;16;9924;16;;;9932;14;9934;21;;;9929.0;0.0
yf_ADM_d1;28000;INTARIAN_PEPPER_ROOT;11420;18;11418;12;;;11426;16;11430;23;;;11423.0;0.0
yf_ADM_d1;28100;ASH_COATED_OSMIUM;9923;12;9919;22;;;9935;9;9939;21;;;9929.0;0.0
yf_ADM_d1;28100;INTARIAN_PEPPER_ROOT;11425;11;11422;22;;;11431;14;11435;14;;;11428.0;0.0
yf_ADM_d1;28200;ASH_COATED_OSMIUM;9926;14;9923;25;;;9932;21;9936;15;;;9929.0;0.0
yf_ADM_d1;28200;INTARIAN_PEPPER_ROOT;11423;15;11421;20;;;11442;20;11446;20;;;11432.5;0.0
yf_ADM_d1;28300;ASH_COATED_OSMIUM;9926;22;9923;22;;;9932;17;9934;18;;;9929.0;0.0
yf_ADM_d1;28300;INTARIAN_PEPPER_ROOT;11435;27;11431;19;;;11441;16;11445;14;;;11438.0;0.0
yf_ADM_d1;28400;ASH_COATED_OSMIUM;9920;21;9918;16;;;9937;5;9941;20;;;9928.5;0.0
yf_ADM_d1;28400;INTARIAN_PEPPER_ROOT;11440;19;11437;17;;;11446;15;11450;23;;;11443.0;0.0
yf_ADM_d1;28500;ASH_COATED_OSMIUM;9925;16;9923;17;;;9934;21;9938;23;;;9929.5;0.0
yf_ADM_d1;28500;INTARIAN_PEPPER_ROOT;11446;5;11442;23;;;11452;19;11456;24;;;11449.0;0.0
yf_ADM_d1;28600;ASH_COATED_OSMIUM;9926;10;9924;14;;;9932;21;9934;15;;;9929.0;0.0
yf_ADM_d1;28600;INTARIAN_PEPPER_ROOT;11450;18;11447;24;;;11460;14;11464;19;;;11455.0;0.0
yf_ADM_d1;28700;ASH_COATED_OSMIUM;9926;19;9923;28;;;9932;14;9934;27;;;9929.0;0.0
yf_ADM_d1;28700;INTARIAN_PEPPER_ROOT;11449;20;11447;9;;;11471;8;11474;16;;;11460.0;0.0
yf_ADM_d1;28800;ASH_COATED_OSMIUM;9926;14;9922;16;;;9932;14;9935;21;;;9929.0;0.0
yf_ADM_d1;28800;INTARIAN_PEPPER_ROOT;11461;21;11459;28;;;11467;21;11471;14;;;11464.0;0.0
yf_ADM_d1;28900;ASH_COATED_OSMIUM;9924;18;9920;22;;;9934;18;9937;22;;;9929.0;0.0
yf_ADM_d1;28900;INTARIAN_PEPPER_ROOT;11467;19;11464;18;;;11473;10;11475;17;;;11470.0;0.0
yf_ADM_d1;29000;ASH_COATED_OSMIUM;9926;20;9924;15;;;9932;16;9936;21;;;9929.0;0.0
yf_ADM_d1;29000;INTARIAN_PEPPER_ROOT;11465;10;11462;22;;;11485;21;11487;23;;;11475.0;0.0
yf_ADM_d1;29100;ASH_COATED_OSMIUM;9926;14;9923;21;;;9932;17;9935;21;;;9929.0;0.0
yf_ADM_d1;29100;INTARIAN_PEPPER_ROOT;11471;16;11467;12;;;11490;14;11494;17;;;11480.5;0.0
yf_ADM_d1;29200;ASH_COATED_OSMIUM;9925;12;9922;21;;;9933;18;9936;16;;;9929.0;0.0
yf_ADM_d1;29200;INTARIAN_PEPPER_ROOT;11483;14;11479;20;;;11489;14;11492;23;;;11486.0;0.0
yf_ADM_d1;29300;ASH_COATED_OSMIUM;9926;18;9922;11;;;9932;17;9936;33;;;9929.0;0.0
yf_ADM_d1;29300;INTARIAN_PEPPER_ROOT;11488;16;11486;14;;;11494;15;11497;21;;;11491.0;0.0
yf_ADM_d1;29400;ASH_COATED_OSMIUM;9925;18;9923;22;;;9931;14;9934;23;;;9928.0;0.0
yf_ADM_d1;29400;INTARIAN_PEPPER_ROOT;11493;23;11490;30;;;11499;19;11501;22;;;11496.0;0.0
yf_ADM_d1;29500;ASH_COATED_OSMIUM;9926;17;9924;12;;;9932;22;9935;22;;;9929.0;0.0
yf_ADM_d1;29500;INTARIAN_PEPPER_ROOT;11495;13;11491;24;;;11506;6;11510;21;;;11500.5;0.0
yf_ADM_d1;29600;ASH_COATED_OSMIUM;9926;14;9924;13;;;9932;13;9934;26;;;9929.0;0.0
yf_ADM_d1;29600;INTARIAN_PEPPER_ROOT;11504;20;11502;13;;;11510;14;11514;23;;;11507.0;0.0
yf_ADM_d1;29700;ASH_COATED_OSMIUM;9926;14;9923;18;;;9932;19;9935;22;;;9929.0;0.0
yf_ADM_d1;29700;INTARIAN_PEPPER_ROOT;11509;16;11506;28;;;11515;14;11518;19;;;11512.0;0.0
yf_ADM_d1;29800;ASH_COATED_OSMIUM;9922;18;9918;30;;;9936;17;9938;13;;;9929.0;0.0
yf_ADM_d1;29800;INTARIAN_PEPPER_ROOT;11511;5;11509;22;;;11523;14;11527;15;;;11517.0;0.0
yf_ADM_d1;29900;ASH_COATED_OSMIUM;9926;10;9924;22;;;9932;9;9935;18;;;9929.0;0.0
yf_ADM_d1;29900;INTARIAN_PEPPER_ROOT;11519;8;11517;20;;;11525;14;11527;31;;;11522.0;0.0
yf_ADM_d1;30000;ASH_COATED_OSMIUM;9926;14;9924;22;;;9932;10;9935;26;;;9929.0;0.0
yf_ADM_d1;30000;INTARIAN_PEPPER_ROOT;11522;18;11518;23;;;11532;8;11534;19;;;11527.0;0.0
yf_ADM_d1;30100;ASH_COATED_OSMIUM;9923;14;9920;15;;;9935;13;9938;21;;;9929.0;0.0
yf_ADM_d1;30100;INTARIAN_PEPPER_ROOT;11529;14;11527;18;;;11535;17;11537;19;;;11532.0;0.0
yf_ADM_d1;30200;ASH_COATED_OSMIUM;9925;21;9923;15;;;9931;16;9933;26;;;9928.0;0.0
yf_ADM_d1;30200;INTARIAN_PEPPER_ROOT;11533;12;11530;26;;;11542;20;11544;19;;;11537.5;0.0
yf_ADM_d1;30300;ASH_COATED_OSMIUM;9925;23;9923;16;;;9931;13;9935;19;;;9928.0;0.0
yf_ADM_d1;30300;INTARIAN_PEPPER_ROOT;11540;10;11537;24;;;11546;17;11548;24;;;11543.0;0.0
yf_ADM_d1;30400;ASH_COATED_OSMIUM;9926;12;9922;22;;;9932;8;9936;21;;;9929.0;0.0
yf_ADM_d1;30400;INTARIAN_PEPPER_ROOT;11536;9;11533;18;;;11562;20;11564;22;;;11549.0;0.0
yf_ADM_d1;30500;ASH_COATED_OSMIUM;9926;12;9924;25;;;9932;14;9934;28;;;9929.0;0.0
yf_ADM_d1;30500;INTARIAN_PEPPER_ROOT;11545;11;11543;26;;;11562;16;11565;14;;;11553.5;0.0
yf_ADM_d1;30600;ASH_COATED_OSMIUM;9926;15;9923;15;;;9932;14;9934;20;;;9929.0;0.0
yf_ADM_d1;30600;INTARIAN_PEPPER_ROOT;11556;15;11553;21;;;11562;15;11565;14;;;11559.0;0.0
yf_ADM_d1;30700;ASH_COATED_OSMIUM;9926;13;9922;23;;;9932;11;9935;15;;;9929.0;0.0
yf_ADM_d1;30700;INTARIAN_PEPPER_ROOT;11561;11;11558;27;;;11567;7;11571;22;;;11564.0;0.0
yf_ADM_d1;30800;ASH_COATED_OSMIUM;9921;14;9918;13;;;9936;14;9940;15;;;9928.5;0.0
yf_ADM_d1;30800;INTARIAN_PEPPER_ROOT;11566;24;11564;20;;;11572;18;11576;15;;;11569.0;0.0
yf_ADM_d1;30900;ASH_COATED_OSMIUM;9926;11;9923;21;;;9932;18;9936;14;;;9929.0;0.0
yf_ADM_d1;30900;INTARIAN_PEPPER_ROOT;11569;12;11566;18;;;11581;15;11584;27;;;11575.0;0.0
yf_ADM_d1;31000;ASH_COATED_OSMIUM;9921;19;9917;23;;;9937;11;9941;22;;;9929.0;0.0
yf_ADM_d1;31000;INTARIAN_PEPPER_ROOT;11572;14;11570;27;;;11588;20;11591;10;;;11580.0;0.0
yf_ADM_d1;31100;ASH_COATED_OSMIUM;9925;8;9922;17;;;9931;19;9934;28;;;9928.0;0.0
yf_ADM_d1;31100;INTARIAN_PEPPER_ROOT;11582;5;11578;18;;;11588;10;11590;11;;;11585.0;0.0
yf_ADM_d1;31200;ASH_COATED_OSMIUM;9919;14;9916;16;;;9939;11;9941;18;;;9929.0;0.0
yf_ADM_d1;31200;INTARIAN_PEPPER_ROOT;11578;13;11574;16;;;11604;17;11608;20;;;11591.0;0.0
yf_ADM_d1;31300;ASH_COATED_OSMIUM;9926;16;9922;15;;;9932;11;9934;17;;;9929.0;0.0
yf_ADM_d1;31300;INTARIAN_PEPPER_ROOT;11589;10;11585;27;;;11601;12;11605;18;;;11595.0;0.0
yf_ADM_d1;31400;ASH_COATED_OSMIUM;9926;5;9923;18;;;9932;14;9934;26;;;9929.0;0.0
yf_ADM_d1;31400;INTARIAN_PEPPER_ROOT;11596;9;11592;18;;;11606;18;11608;18;;;11601.0;0.0
yf_ADM_d1;31500;ASH_COATED_OSMIUM;9923;19;9920;18;;;9934;15;9937;29;;;9928.5;0.0
yf_ADM_d1;31500;INTARIAN_PEPPER_ROOT;11601;18;11597;27;;;11609;16;11613;16;;;11605.0;0.0
yf_ADM_d1;31600;ASH_COATED_OSMIUM;9921;23;9919;25;;;9937;15;9941;13;;;9929.0;0.0
yf_ADM_d1;31600;INTARIAN_PEPPER_ROOT;11607;7;11603;10;;;11616;15;11620;13;;;11611.5;0.0
yf_ADM_d1;31700;ASH_COATED_OSMIUM;9926;13;9923;22;;;9932;14;9936;19;;;9929.0;0.0
yf_ADM_d1;31700;INTARIAN_PEPPER_ROOT;11606;10;11602;14;;;11626;10;11630;22;;;11616.0;0.0
yf_ADM_d1;31800;ASH_COATED_OSMIUM;9921;12;9919;17;;;9938;14;9942;22;;;9929.5;0.0
yf_ADM_d1;31800;INTARIAN_PEPPER_ROOT;11618;22;11614;20;;;11626;17;11630;25;;;11622.0;0.0
yf_ADM_d1;31900;ASH_COATED_OSMIUM;9926;12;9924;23;;;9932;15;9934;18;;;9929.0;0.0
yf_ADM_d1;31900;INTARIAN_PEPPER_ROOT;11623;14;11619;25;;;11631;14;11633;17;;;11627.0;0.0
yf_ADM_d1;32000;ASH_COATED_OSMIUM;9926;11;9922;24;;;9932;14;9935;16;;;9929.0;0.0
yf_ADM_d1;32000;INTARIAN_PEPPER_ROOT;11629;14;11625;26;;;11635;14;11637;18;;;11632.0;0.0
yf_ADM_d1;32100;ASH_COATED_OSMIUM;9926;22;9923;16;;;9932;16;9934;15;;;9929.0;0.0
yf_ADM_d1;32100;INTARIAN_PEPPER_ROOT;11634;18;11632;17;;;11642;12;11644;27;;;11638.0;0.0
yf_ADM_d1;32200;ASH_COATED_OSMIUM;9926;8;9924;13;;;9932;13;9934;22;;;9929.0;0.0
yf_ADM_d1;32200;INTARIAN_PEPPER_ROOT;11639;16;11637;23;;;11646;17;11649;26;;;11642.5;0.0
yf_ADM_d1;32300;ASH_COATED_OSMIUM;9926;13;9924;22;;;9932;16;9934;18;;;9929.0;0.0
yf_ADM_d1;32300;INTARIAN_PEPPER_ROOT;11645;5;11642;18;;;11651;10;11655;20;;;11648.0;0.0
yf_ADM_d1;32400;ASH_COATED_OSMIUM;9925;9;9921;22;;;9932;5;9935;25;;;9928.5;0.0
yf_ADM_d1;32400;INTARIAN_PEPPER_ROOT;11650;20;11648;18;;;11656;10;11660;24;;;11653.0;0.0
yf_ADM_d1;32500;ASH_COATED_OSMIUM;9925;24;9922;30;;;9932;5;9934;17;;;9928.5;0.0
yf_ADM_d1;32500;INTARIAN_PEPPER_ROOT;11655;19;11652;24;;;11661;9;11663;18;;;11658.0;0.0
yf_ADM_d1;32600;ASH_COATED_OSMIUM;9926;21;9924;25;;;9932;7;9935;18;;;9929.0;0.0
yf_ADM_d1;32600;INTARIAN_PEPPER_ROOT;11659;8;11657;19;;;11669;12;11673;17;;;11664.0;0.0
yf_ADM_d1;32700;ASH_COATED_OSMIUM;9921;14;9918;19;;;9936;18;9939;14;;;9928.5;0.0
yf_ADM_d1;32700;INTARIAN_PEPPER_ROOT;11658;12;11655;24;;;11680;17;11684;14;;;11669.0;0.0
yf_ADM_d1;32800;ASH_COATED_OSMIUM;9925;16;9923;18;;;9932;17;9936;17;;;9928.5;0.0
yf_ADM_d1;32800;INTARIAN_PEPPER_ROOT;11667;18;11664;24;;;11681;13;11683;22;;;11674.0;0.0
yf_ADM_d1;32900;ASH_COATED_OSMIUM;9919;15;9916;19;;;9940;13;9944;26;;;9929.5;0.0
yf_ADM_d1;32900;INTARIAN_PEPPER_ROOT;11675;12;11671;21;;;11684;21;11686;28;;;11679.5;0.0
yf_ADM_d1;33000;ASH_COATED_OSMIUM;9926;15;9924;25;;;9932;15;9934;22;;;9929.0;0.0
yf_ADM_d1;33000;INTARIAN_PEPPER_ROOT;11675;18;11671;22;;;11695;17;11699;19;;;11685.0;0.0
yf_ADM_d1;33100;ASH_COATED_OSMIUM;9926;22;9924;20;;;9932;21;9935;21;;;9929.0;0.0
yf_ADM_d1;33100;INTARIAN_PEPPER_ROOT;11686;8;11684;17;;;11692;10;11694;30;;;11689.0;0.0
yf_ADM_d1;33200;ASH_COATED_OSMIUM;9919;14;9917;16;;;9939;6;9942;25;;;9929.0;0.0
yf_ADM_d1;33200;INTARIAN_PEPPER_ROOT;11692;12;11689;12;;;11698;14;11700;19;;;11695.0;0.0
yf_ADM_d1;33300;ASH_COATED_OSMIUM;9925;16;9921;22;;;9934;14;9936;13;;;9929.5;0.0
yf_ADM_d1;33300;INTARIAN_PEPPER_ROOT;11684;15;11680;14;;;11718;17;11722;19;;;11701.0;0.0
yf_ADM_d1;33400;ASH_COATED_OSMIUM;9926;19;9922;14;;;9932;17;9935;26;;;9929.0;0.0
yf_ADM_d1;33400;INTARIAN_PEPPER_ROOT;11703;6;11699;26;;;11709;14;11712;27;;;11706.0;0.0
yf_ADM_d1;33500;ASH_COATED_OSMIUM;9926;23;9923;25;;;9932;17;9934;17;;;9929.0;0.0
yf_ADM_d1;33500;INTARIAN_PEPPER_ROOT;11702;11;11700;17;;;11720;13;11724;25;;;11711.0;0.0
yf_ADM_d1;33600;ASH_COATED_OSMIUM;9926;7;9924;15;;;9932;11;9934;16;;;9929.0;0.0
yf_ADM_d1;33600;INTARIAN_PEPPER_ROOT;11713;22;11710;25;;;11719;12;11721;17;;;11716.0;0.0
yf_ADM_d1;33700;ASH_COATED_OSMIUM;9926;6;9922;20;;;9932;5;9935;13;;;9929.0;0.0
yf_ADM_d1;33700;INTARIAN_PEPPER_ROOT;11719;19;11715;22;;;11725;13;11729;20;;;11722.0;0.0
yf_ADM_d1;33800;ASH_COATED_OSMIUM;9925;20;9922;23;;;9933;9;9936;19;;;9929.0;0.0
yf_ADM_d1;33800;INTARIAN_PEPPER_ROOT;11723;17;11720;25;;;11729;19;11732;25;;;11726.0;0.0
yf_ADM_d1;33900;ASH_COATED_OSMIUM;9924;13;9922;24;;;9933;28;9936;20;;;9928.5;0.0
yf_ADM_d1;33900;INTARIAN_PEPPER_ROOT;11729;10;11727;28;;;11735;21;11737;16;;;11732.0;0.0
yf_ADM_d1;34000;ASH_COATED_OSMIUM;9925;5;9923;21;;;9934;9;9938;21;;;9929.5;0.0
yf_ADM_d1;34000;INTARIAN_PEPPER_ROOT;11724;15;11721;19;;;11737;10;11739;18;;;11730.5;0.0
yf_ADM_d1;34100;ASH_COATED_OSMIUM;9926;15;9924;21;;;9932;8;9934;11;;;9929.0;0.0
yf_ADM_d1;34100;INTARIAN_PEPPER_ROOT;11727;17;11724;15;;;11733;16;11736;21;;;11730.0;0.0
yf_ADM_d1;34200;ASH_COATED_OSMIUM;9926;5;9924;25;;;9932;15;9935;17;;;9929.0;0.0
yf_ADM_d1;34200;INTARIAN_PEPPER_ROOT;11723;24;11721;18;;;11734;13;11736;18;;;11728.5;0.0
yf_ADM_d1;34300;ASH_COATED_OSMIUM;9920;7;9917;14;;;9939;24;9943;30;;;9929.5;0.0
yf_ADM_d1;34300;INTARIAN_PEPPER_ROOT;11724;18;11722;15;;;11732;27;11736;24;;;11728.0;0.0
yf_ADM_d1;34400;ASH_COATED_OSMIUM;9918;18;9916;19;;;9940;15;9943;16;;;9929.0;0.0
yf_ADM_d1;34400;INTARIAN_PEPPER_ROOT;11724;19;11721;30;;;11730;10;11733;24;;;11727.0;0.0
yf_ADM_d1;34500;ASH_COATED_OSMIUM;9918;7;9914;17;;;9940;17;9943;14;;;9929.0;0.0
yf_ADM_d1;34500;INTARIAN_PEPPER_ROOT;11714;8;11712;21;;;11737;21;11740;20;;;11725.5;0.0
yf_ADM_d1;34600;ASH_COATED_OSMIUM;9926;9;9924;28;;;9932;8;9935;19;;;9929.0;0.0
yf_ADM_d1;34600;INTARIAN_PEPPER_ROOT;11721;13;11719;18;;;11727;19;11729;13;;;11724.0;0.0
yf_ADM_d1;34700;ASH_COATED_OSMIUM;9915;17;9913;18;;;9944;15;9948;24;;;9929.5;0.0
yf_ADM_d1;34700;INTARIAN_PEPPER_ROOT;11721;7;11717;24;;;11727;11;11730;21;;;11724.0;0.0
yf_ADM_d1;34800;ASH_COATED_OSMIUM;9921;13;9918;22;;;9937;15;9941;29;;;9929.0;0.0
yf_ADM_d1;34800;INTARIAN_PEPPER_ROOT;11715;20;11713;20;;;11730;20;11734;23;;;11722.5;0.0
yf_ADM_d1;34900;ASH_COATED_OSMIUM;9926;19;9922;19;;;9932;14;9936;16;;;9929.0;0.0
yf_ADM_d1;34900;INTARIAN_PEPPER_ROOT;11711;17;11709;22;;;11732;18;11734;23;;;11721.5;0.0
yf_ADM_d1;35000;ASH_COATED_OSMIUM;9923;15;9920;19;;;9934;25;9937;19;;;9928.5;0.0
yf_ADM_d1;35000;INTARIAN_PEPPER_ROOT;11717;12;11713;19;;;11723;9;11727;18;;;11720.0;0.0
yf_ADM_d1;35100;ASH_COATED_OSMIUM;9925;16;9923;26;;;9931;9;9934;24;;;9928.0;0.0
yf_ADM_d1;35100;INTARIAN_PEPPER_ROOT;11716;11;11713;16;;;11722;11;11725;18;;;11719.0;0.0
yf_ADM_d1;35200;ASH_COATED_OSMIUM;9924;14;9921;13;;;9933;10;9936;24;;;9928.5;0.0
yf_ADM_d1;35200;INTARIAN_PEPPER_ROOT;11715;13;11711;33;;;11721;8;11724;16;;;11718.0;0.0
yf_ADM_d1;35300;ASH_COATED_OSMIUM;9926;18;9924;15;;;9932;11;9936;14;;;9929.0;0.0
yf_ADM_d1;35300;INTARIAN_PEPPER_ROOT;11706;13;11704;14;;;11729;16;11731;12;;;11717.5;0.0
yf_ADM_d1;35400;ASH_COATED_OSMIUM;9927;10;9923;12;;;9933;20;9937;22;;;9930.0;0.0
yf_ADM_d1;35400;INTARIAN_PEPPER_ROOT;11705;18;11701;15;;;11728;12;11732;23;;;11716.5;0.0
yf_ADM_d1;35500;ASH_COATED_OSMIUM;9926;20;9923;23;;;9932;15;9934;20;;;9929.0;0.0
yf_ADM_d1;35500;INTARIAN_PEPPER_ROOT;11711;12;11708;14;;;11720;12;11722;21;;;11715.5;0.0
yf_ADM_d1;35600;ASH_COATED_OSMIUM;9926;12;9924;24;;;9932;18;9935;17;;;9929.0;0.0
yf_ADM_d1;35600;INTARIAN_PEPPER_ROOT;11711;14;11709;17;;;11717;18;11720;24;;;11714.0;0.0
yf_ADM_d1;35700;ASH_COATED_OSMIUM;9926;13;9924;24;;;9932;13;9936;17;;;9929.0;0.0
yf_ADM_d1;35700;INTARIAN_PEPPER_ROOT;11710;14;11707;25;;;11716;13;11719;16;;;11713.0;0.0
yf_ADM_d1;35800;ASH_COATED_OSMIUM;9926;18;9924;15;;;9932;21;9936;25;;;9929.0;0.0
yf_ADM_d1;35800;INTARIAN_PEPPER_ROOT;11709;14;11707;26;;;11715;13;11717;9;;;11712.0;0.0
yf_ADM_d1;35900;ASH_COATED_OSMIUM;9926;11;9923;18;;;9932;22;9934;15;;;9929.0;0.0
yf_ADM_d1;35900;INTARIAN_PEPPER_ROOT;11708;20;11704;22;;;11714;10;11717;20;;;11711.0;0.0
yf_ADM_d1;36000;ASH_COATED_OSMIUM;9926;12;9923;17;;;9932;16;9936;20;;;9929.0;0.0
yf_ADM_d1;36000;INTARIAN_PEPPER_ROOT;11707;15;11703;17;;;11713;12;11715;26;;;11710.0;0.0
yf_ADM_d1;36100;ASH_COATED_OSMIUM;9925;9;9921;18;;;9933;12;9937;18;;;9929.0;0.0
yf_ADM_d1;36100;INTARIAN_PEPPER_ROOT;11706;5;11703;26;;;11712;10;11714;14;;;11709.0;0.0
yf_ADM_d1;36200;ASH_COATED_OSMIUM;9926;5;9922;14;;;9932;11;9934;22;;;9929.0;0.0
yf_ADM_d1;36200;INTARIAN_PEPPER_ROOT;11705;11;11702;14;;;11711;20;11715;10;;;11708.0;0.0
yf_ADM_d1;36300;ASH_COATED_OSMIUM;9926;8;9924;15;;;9932;16;9934;26;;;9929.0;0.0
yf_ADM_d1;36300;INTARIAN_PEPPER_ROOT;11704;25;11702;16;;;11710;10;11713;19;;;11707.0;0.0
yf_ADM_d1;36400;ASH_COATED_OSMIUM;9926;16;9923;21;;;9932;13;9936;18;;;9929.0;0.0
yf_ADM_d1;36400;INTARIAN_PEPPER_ROOT;11699;17;11697;11;;;11714;11;11718;10;;;11706.5;0.0
yf_ADM_d1;36500;ASH_COATED_OSMIUM;9926;17;9922;14;;;9932;22;9934;21;;;9929.0;0.0
yf_ADM_d1;36500;INTARIAN_PEPPER_ROOT;11701;17;11698;17;;;11709;11;11713;21;;;11705.0;0.0
yf_ADM_d1;36600;ASH_COATED_OSMIUM;9926;28;9924;26;;;9932;9;9936;29;;;9929.0;0.0
yf_ADM_d1;36600;INTARIAN_PEPPER_ROOT;11696;16;11693;22;;;11712;8;11714;26;;;11704.0;0.0
yf_ADM_d1;36700;ASH_COATED_OSMIUM;9923;21;9920;8;;;9935;7;9939;26;;;9929.0;0.0
yf_ADM_d1;36700;INTARIAN_PEPPER_ROOT;11700;10;11698;8;;;11706;17;11708;20;;;11703.0;0.0
yf_ADM_d1;36800;ASH_COATED_OSMIUM;9926;17;9922;27;;;9933;15;9936;18;;;9929.5;0.0
yf_ADM_d1;36800;INTARIAN_PEPPER_ROOT;11697;11;11694;14;;;11708;18;11711;18;;;11702.5;0.0
yf_ADM_d1;36900;ASH_COATED_OSMIUM;9926;9;9922;17;;;9932;22;9934;21;;;9929.0;0.0
yf_ADM_d1;36900;INTARIAN_PEPPER_ROOT;11698;17;11694;17;;;11704;15;11706;16;;;11701.0;0.0
yf_ADM_d1;37000;ASH_COATED_OSMIUM;9914;23;9911;19;;;9944;16;9946;24;;;9929.0;0.0
yf_ADM_d1;37000;INTARIAN_PEPPER_ROOT;11696;15;11693;20;;;11702;8;11706;19;;;11699.0;0.0
yf_ADM_d1;37100;ASH_COATED_OSMIUM;9922;18;9920;12;;;9936;5;9938;26;;;9929.0;0.0
yf_ADM_d1;37100;INTARIAN_PEPPER_ROOT;11692;26;11690;11;;;11704;20;11708;12;;;11698.0;0.0
yf_ADM_d1;37200;ASH_COATED_OSMIUM;9926;17;9924;14;;;9932;14;9935;18;;;9929.0;0.0
yf_ADM_d1;37200;INTARIAN_PEPPER_ROOT;11691;10;11688;27;;;11704;5;11708;21;;;11697.5;0.0
yf_ADM_d1;37300;ASH_COATED_OSMIUM;9926;22;9923;19;;;9932;21;9936;21;;;9929.0;0.0
yf_ADM_d1;37300;INTARIAN_PEPPER_ROOT;11694;18;11692;21;;;11700;13;11704;27;;;11697.0;0.0
yf_ADM_d1;37400;ASH_COATED_OSMIUM;9926;14;9924;10;;;9932;17;9934;20;;;9929.0;0.0
yf_ADM_d1;37400;INTARIAN_PEPPER_ROOT;11692;17;11689;28;;;11699;21;11703;12;;;11695.5;0.0
yf_ADM_d1;37500;ASH_COATED_OSMIUM;9925;11;9923;12;;;9931;23;9934;16;;;9928.0;0.0
yf_ADM_d1;37500;INTARIAN_PEPPER_ROOT;11692;13;11689;13;;;11698;10;11700;19;;;11695.0;0.0
yf_ADM_d1;37600;ASH_COATED_OSMIUM;9926;14;9922;26;;;9932;20;9935;19;;;9929.0;0.0
yf_ADM_d1;37600;INTARIAN_PEPPER_ROOT;11691;17;11689;13;;;11697;20;11699;19;;;11694.0;0.0
yf_ADM_d1;37700;ASH_COATED_OSMIUM;9926;21;9922;18;;;9932;18;9934;19;;;9929.0;0.0
yf_ADM_d1;37700;INTARIAN_PEPPER_ROOT;11689;16;11687;16;;;11695;19;11698;21;;;11692.0;0.0
yf_ADM_d1;37800;ASH_COATED_OSMIUM;9911;18;9907;20;;;9946;14;9948;25;;;9928.5;0.0
yf_ADM_d1;37800;INTARIAN_PEPPER_ROOT;11686;23;11684;31;;;11697;10;11699;15;;;11691.5;0.0
yf_ADM_d1;37900;ASH_COATED_OSMIUM;9906;18;9904;16;;;9952;11;9956;10;;;9929.0;0.0
yf_ADM_d1;37900;INTARIAN_PEPPER_ROOT;11687;15;11685;19;;;11694;15;11696;24;;;11690.5;0.0
yf_ADM_d1;38000;ASH_COATED_OSMIUM;9925;7;9923;22;;;9931;8;9935;18;;;9928.0;0.0
yf_ADM_d1;38000;INTARIAN_PEPPER_ROOT;11685;12;11683;17;;;11694;17;11698;8;;;11689.5;0.0
yf_ADM_d1;38100;ASH_COATED_OSMIUM;9924;14;9920;19;;;9935;15;9938;14;;;9929.5;0.0
yf_ADM_d1;38100;INTARIAN_PEPPER_ROOT;11685;14;11682;27;;;11691;21;11695;26;;;11688.0;0.0
yf_ADM_d1;38200;ASH_COATED_OSMIUM;9926;13;9923;28;;;9933;13;9935;16;;;9929.5;0.0
yf_ADM_d1;38200;INTARIAN_PEPPER_ROOT;11682;16;11678;21;;;11693;16;11696;23;;;11687.5;0.0
yf_ADM_d1;38300;ASH_COATED_OSMIUM;9921;18;9919;20;;;9936;11;9940;18;;;9928.5;0.0
yf_ADM_d1;38300;INTARIAN_PEPPER_ROOT;11670;11;11666;17;;;11702;12;11705;15;;;11686.0;0.0
yf_ADM_d1;38400;ASH_COATED_OSMIUM;9915;23;9912;24;;;9943;15;9945;18;;;9929.0;0.0
yf_ADM_d1;38400;INTARIAN_PEPPER_ROOT;11683;11;11681;17;;;11689;9;11691;25;;;11686.0;0.0
yf_ADM_d1;38500;ASH_COATED_OSMIUM;9915;14;9912;18;;;9943;13;9947;24;;;9929.0;0.0
yf_ADM_d1;38500;INTARIAN_PEPPER_ROOT;11673;14;11669;15;;;11697;18;11699;23;;;11685.0;0.0
yf_ADM_d1;38600;ASH_COATED_OSMIUM;9926;9;9922;26;;;9932;10;9934;16;;;9929.0;0.0
yf_ADM_d1;38600;INTARIAN_PEPPER_ROOT;11678;16;11676;16;;;11689;5;11691;19;;;11683.5;0.0
yf_ADM_d1;38700;ASH_COATED_OSMIUM;9926;17;9924;21;;;9932;9;9934;20;;;9929.0;0.0
yf_ADM_d1;38700;INTARIAN_PEPPER_ROOT;11679;16;11677;27;;;11685;25;11688;19;;;11682.0;0.0
yf_ADM_d1;38800;ASH_COATED_OSMIUM;9926;17;9924;24;;;9932;16;9934;17;;;9929.0;0.0
yf_ADM_d1;38800;INTARIAN_PEPPER_ROOT;11679;7;11675;22;;;11685;5;11689;18;;;11682.0;0.0
yf_ADM_d1;38900;ASH_COATED_OSMIUM;9926;20;9924;29;;;9932;19;9935;13;;;9929.0;0.0
yf_ADM_d1;38900;INTARIAN_PEPPER_ROOT;11675;23;11672;22;;;11686;17;11689;14;;;11680.5;0.0
yf_ADM_d1;39000;ASH_COATED_OSMIUM;9926;22;9922;20;;;9932;17;9934;19;;;9929.0;0.0
yf_ADM_d1;39000;INTARIAN_PEPPER_ROOT;11676;12;11673;14;;;11682;12;11686;17;;;11679.0;0.0
yf_ADM_d1;39100;ASH_COATED_OSMIUM;9926;9;9923;9;;;9932;24;9936;18;;;9929.0;0.0
yf_ADM_d1;39100;INTARIAN_PEPPER_ROOT;11676;21;11672;19;;;11682;13;11685;26;;;11679.0;0.0
yf_ADM_d1;39200;ASH_COATED_OSMIUM;9926;14;9923;25;;;9932;12;9936;15;;;9929.0;0.0
yf_ADM_d1;39200;INTARIAN_PEPPER_ROOT;11674;14;11671;24;;;11680;17;11683;23;;;11677.0;0.0
yf_ADM_d1;39300;ASH_COATED_OSMIUM;9917;13;9915;27;;;9940;5;9943;14;;;9928.5;0.0
yf_ADM_d1;39300;INTARIAN_PEPPER_ROOT;11673;16;11671;18;;;11679;6;11682;27;;;11676.0;0.0
yf_ADM_d1;39400;ASH_COATED_OSMIUM;9922;16;9920;22;;;9935;14;9938;22;;;9928.5;0.0
yf_ADM_d1;39400;INTARIAN_PEPPER_ROOT;11672;6;11668;16;;;11678;18;11680;17;;;11675.0;0.0
yf_ADM_d1;39500;ASH_COATED_OSMIUM;9922;17;9920;25;;;9935;5;9939;28;;;9928.5;0.0
yf_ADM_d1;39500;INTARIAN_PEPPER_ROOT;11666;11;11663;19;;;11684;18;11688;22;;;11675.0;0.0
yf_ADM_d1;39600;ASH_COATED_OSMIUM;9926;11;9922;19;;;9932;15;9936;23;;;9929.0;0.0
yf_ADM_d1;39600;INTARIAN_PEPPER_ROOT;11669;7;11665;23;;;11677;9;11679;17;;;11673.0;0.0
yf_ADM_d1;39700;ASH_COATED_OSMIUM;9921;7;9919;23;;;9936;11;9939;17;;;9928.5;0.0
yf_ADM_d1;39700;INTARIAN_PEPPER_ROOT;11669;12;11665;18;;;11675;18;11677;16;;;11672.0;0.0
yf_ADM_d1;39800;ASH_COATED_OSMIUM;9926;14;9924;18;;;9932;13;9936;17;;;9929.0;0.0
yf_ADM_d1;39800;INTARIAN_PEPPER_ROOT;11655;12;11651;25;;;11687;10;11690;22;;;11671.0;0.0
yf_ADM_d1;39900;ASH_COATED_OSMIUM;9926;5;9924;20;;;9932;23;9935;23;;;9929.0;0.0
yf_ADM_d1;39900;INTARIAN_PEPPER_ROOT;11667;17;11663;19;;;11673;8;11677;10;;;11670.0;0.0
yf_ADM_d1;40000;ASH_COATED_OSMIUM;9925;10;9923;15;;;9931;9;9933;19;;;9928.0;0.0
yf_ADM_d1;40000;INTARIAN_PEPPER_ROOT;11666;11;11664;11;;;11672;26;11674;18;;;11669.0;0.0
yf_ADM_d1;40100;ASH_COATED_OSMIUM;9925;11;9923;14;;;9931;15;9933;25;;;9928.0;0.0
yf_ADM_d1;40100;INTARIAN_PEPPER_ROOT;11665;21;11661;21;;;11671;12;11673;26;;;11668.0;0.0
yf_ADM_d1;40200;ASH_COATED_OSMIUM;9924;16;9922;20;;;9932;17;9935;25;;;9928.0;0.0
yf_ADM_d1;40200;INTARIAN_PEPPER_ROOT;11664;17;11662;15;;;11670;23;11672;25;;;11667.0;0.0
yf_ADM_d1;40300;ASH_COATED_OSMIUM;9925;15;9921;23;;;9931;10;9933;22;;;9928.0;0.0
yf_ADM_d1;40300;INTARIAN_PEPPER_ROOT;11663;9;11661;25;;;11669;15;11673;20;;;11666.0;0.0
yf_ADM_d1;40400;ASH_COATED_OSMIUM;9926;16;9923;10;;;9932;12;9935;20;;;9929.0;0.0
yf_ADM_d1;40400;INTARIAN_PEPPER_ROOT;11662;11;11659;20;;;11668;21;11670;15;;;11665.0;0.0
yf_ADM_d1;40500;ASH_COATED_OSMIUM;9919;18;9917;18;;;9939;13;9943;25;;;9929.0;0.0
yf_ADM_d1;40500;INTARIAN_PEPPER_ROOT;11658;13;11656;18;;;11670;14;11672;19;;;11664.0;0.0
yf_ADM_d1;40600;ASH_COATED_OSMIUM;9926;18;9923;18;;;9932;21;9934;23;;;9929.0;0.0
yf_ADM_d1;40600;INTARIAN_PEPPER_ROOT;11657;13;11654;19;;;11670;18;11673;15;;;11663.5;0.0
yf_ADM_d1;40700;ASH_COATED_OSMIUM;9926;14;9922;12;;;9932;8;9935;19;;;9929.0;0.0
yf_ADM_d1;40700;INTARIAN_PEPPER_ROOT;11659;18;11657;25;;;11665;20;11669;16;;;11662.0;0.0
yf_ADM_d1;40800;ASH_COATED_OSMIUM;9926;16;9924;16;;;9932;22;9935;28;;;9929.0;0.0
yf_ADM_d1;40800;INTARIAN_PEPPER_ROOT;11658;19;11654;14;;;11664;7;11666;17;;;11661.0;0.0
yf_ADM_d1;40900;ASH_COATED_OSMIUM;9921;9;9919;21;;;9935;12;9939;20;;;9928.0;0.0
yf_ADM_d1;40900;INTARIAN_PEPPER_ROOT;11657;10;11655;17;;;11663;22;11666;24;;;11660.0;0.0
yf_ADM_d1;41000;ASH_COATED_OSMIUM;9926;18;9924;18;;;9932;14;9935;21;;;9929.0;0.0
yf_ADM_d1;41000;INTARIAN_PEPPER_ROOT;11651;13;11649;16;;;11667;13;11670;24;;;11659.0;0.0
yf_ADM_d1;41100;ASH_COATED_OSMIUM;9924;5;9920;22;;;9934;14;9937;19;;;9929.0;0.0
yf_ADM_d1;41100;INTARIAN_PEPPER_ROOT;11653;12;11649;21;;;11662;18;11664;24;;;11657.5;0.0
yf_ADM_d1;41200;ASH_COATED_OSMIUM;9908;20;9906;11;;;9949;21;9951;19;;;9928.5;0.0
yf_ADM_d1;41200;INTARIAN_PEPPER_ROOT;11654;18;11651;24;;;11660;14;11662;20;;;11657.0;0.0
yf_ADM_d1;41300;ASH_COATED_OSMIUM;9926;16;9924;23;;;9932;11;9935;19;;;9929.0;0.0
yf_ADM_d1;41300;INTARIAN_PEPPER_ROOT;11652;19;11650;22;;;11658;11;11661;17;;;11655.0;0.0
yf_ADM_d1;41400;ASH_COATED_OSMIUM;9925;11;9923;10;;;9933;14;9936;16;;;9929.0;0.0
yf_ADM_d1;41400;INTARIAN_PEPPER_ROOT;11652;15;11648;17;;;11658;18;11662;16;;;11655.0;0.0
yf_ADM_d1;41500;ASH_COATED_OSMIUM;9922;14;9918;24;;;9935;10;9937;18;;;9928.5;0.0
yf_ADM_d1;41500;INTARIAN_PEPPER_ROOT;11651;16;11648;19;;;11657;13;11661;24;;;11654.0;0.0
yf_ADM_d1;41600;ASH_COATED_OSMIUM;9925;5;9922;21;;;9931;19;9934;12;;;9928.0;0.0
yf_ADM_d1;41600;INTARIAN_PEPPER_ROOT;11645;14;11641;20;;;11660;8;11662;9;;;11652.5;0.0
yf_ADM_d1;41700;ASH_COATED_OSMIUM;9926;12;9924;17;;;9932;11;9936;22;;;9929.0;0.0
yf_ADM_d1;41700;INTARIAN_PEPPER_ROOT;11649;20;11646;14;;;11655;13;11659;28;;;11652.0;0.0
yf_ADM_d1;41800;ASH_COATED_OSMIUM;9924;14;9920;19;;;9932;14;9934;17;;;9928.0;0.0
yf_ADM_d1;41800;INTARIAN_PEPPER_ROOT;11644;19;11640;14;;;11658;16;11660;17;;;11651.0;0.0
yf_ADM_d1;41900;ASH_COATED_OSMIUM;9921;14;9919;24;;;9936;9;9938;15;;;9928.5;0.0
yf_ADM_d1;41900;INTARIAN_PEPPER_ROOT;11646;18;11644;20;;;11652;17;11655;15;;;11649.0;0.0
yf_ADM_d1;42000;ASH_COATED_OSMIUM;9923;15;9920;13;;;9934;17;9938;13;;;9928.5;0.0
yf_ADM_d1;42000;INTARIAN_PEPPER_ROOT;11641;12;11639;8;;;11658;16;11662;13;;;11649.5;0.0
yf_ADM_d1;42100;ASH_COATED_OSMIUM;9925;22;9921;29;;;9931;15;9933;17;;;9928.0;0.0
yf_ADM_d1;42100;INTARIAN_PEPPER_ROOT;11644;8;11642;14;;;11650;13;11653;25;;;11647.0;0.0
yf_ADM_d1;42200;ASH_COATED_OSMIUM;9921;12;9917;22;;;9935;16;9937;21;;;9928.0;0.0
yf_ADM_d1;42200;INTARIAN_PEPPER_ROOT;11644;11;11642;19;;;11650;18;11652;18;;;11647.0;0.0
yf_ADM_d1;42300;ASH_COATED_OSMIUM;9924;23;9921;19;;;9934;22;9936;20;;;9929.0;0.0
yf_ADM_d1;42300;INTARIAN_PEPPER_ROOT;11637;14;11635;25;;;11655;13;11659;21;;;11646.0;0.0
yf_ADM_d1;42400;ASH_COATED_OSMIUM;9918;12;9914;26;;;9940;16;9944;20;;;9929.0;0.0
yf_ADM_d1;42400;INTARIAN_PEPPER_ROOT;11640;21;11638;18;;;11648;18;11650;13;;;11644.0;0.0
yf_ADM_d1;42500;ASH_COATED_OSMIUM;9925;22;9922;16;;;9931;18;9935;18;;;9928.0;0.0
yf_ADM_d1;42500;INTARIAN_PEPPER_ROOT;11635;21;11632;16;;;11651;21;11653;18;;;11643.0;0.0
yf_ADM_d1;42600;ASH_COATED_OSMIUM;9926;20;9923;26;;;9932;19;9936;24;;;9929.0;0.0
yf_ADM_d1;42600;INTARIAN_PEPPER_ROOT;11639;17;11637;22;;;11646;6;11650;29;;;11642.5;0.0
yf_ADM_d1;42700;ASH_COATED_OSMIUM;9926;8;9922;17;;;9932;15;9935;17;;;9929.0;0.0
yf_ADM_d1;42700;INTARIAN_PEPPER_ROOT;11622;13;11620;20;;;11662;11;11664;16;;;11642.0;0.0
yf_ADM_d1;42800;ASH_COATED_OSMIUM;9926;22;9924;15;;;9932;18;9934;17;;;9929.0;0.0
yf_ADM_d1;42800;INTARIAN_PEPPER_ROOT;11637;15;11633;17;;;11643;15;11645;17;;;11640.0;0.0
yf_ADM_d1;42900;ASH_COATED_OSMIUM;9925;14;9922;17;;;9931;16;9934;22;;;9928.0;0.0
yf_ADM_d1;42900;INTARIAN_PEPPER_ROOT;11637;14;11635;17;;;11643;6;11647;11;;;11640.0;0.0
yf_ADM_d1;43000;ASH_COATED_OSMIUM;9926;7;9924;25;;;9932;14;9935;19;;;9929.0;0.0
yf_ADM_d1;43000;INTARIAN_PEPPER_ROOT;11635;25;11632;18;;;11641;19;11643;14;;;11638.0;0.0
yf_ADM_d1;43100;ASH_COATED_OSMIUM;9923;16;9920;23;;;9934;11;9938;26;;;9928.5;0.0
yf_ADM_d1;43100;INTARIAN_PEPPER_ROOT;11634;17;11632;13;;;11640;22;11642;25;;;11637.0;0.0
yf_ADM_d1;43200;ASH_COATED_OSMIUM;9925;10;9922;11;;;9931;11;9933;11;;;9928.0;0.0
yf_ADM_d1;43200;INTARIAN_PEPPER_ROOT;11633;10;11630;8;;;11639;21;11643;16;;;11636.0;0.0
yf_ADM_d1;43300;ASH_COATED_OSMIUM;9925;11;9922;19;;;9931;17;9934;16;;;9928.0;0.0
yf_ADM_d1;43300;INTARIAN_PEPPER_ROOT;11632;22;11628;16;;;11638;9;11642;20;;;11635.0;0.0
yf_ADM_d1;43400;ASH_COATED_OSMIUM;9925;12;9921;17;;;9933;12;9936;22;;;9929.0;0.0
yf_ADM_d1;43400;INTARIAN_PEPPER_ROOT;11631;15;11627;9;;;11637;5;11641;15;;;11634.0;0.0
yf_ADM_d1;43500;ASH_COATED_OSMIUM;9920;21;9917;25;;;9936;12;9939;20;;;9928.0;0.0
yf_ADM_d1;43500;INTARIAN_PEPPER_ROOT;11630;5;11627;11;;;11636;14;11638;24;;;11633.0;0.0
yf_ADM_d1;43600;ASH_COATED_OSMIUM;9925;8;9922;21;;;9931;11;9934;16;;;9928.0;0.0
yf_ADM_d1;43600;INTARIAN_PEPPER_ROOT;11622;14;11618;8;;;11642;8;11645;16;;;11632.0;0.0
yf_ADM_d1;43700;ASH_COATED_OSMIUM;9925;13;9921;10;;;9931;24;9933;19;;;9928.0;0.0
yf_ADM_d1;43700;INTARIAN_PEPPER_ROOT;11618;15;11616;20;;;11646;22;11649;24;;;11632.0;0.0
yf_ADM_d1;43800;ASH_COATED_OSMIUM;9925;16;9923;21;;;9931;7;9934;23;;;9928.0;0.0
yf_ADM_d1;43800;INTARIAN_PEPPER_ROOT;11627;20;11623;12;;;11633;18;11636;14;;;11630.0;0.0
yf_ADM_d1;43900;ASH_COATED_OSMIUM;9924;16;9921;20;;;9932;16;9935;15;;;9928.0;0.0
yf_ADM_d1;43900;INTARIAN_PEPPER_ROOT;11625;10;11622;28;;;11634;11;11636;8;;;11629.5;0.0
yf_ADM_d1;44000;ASH_COATED_OSMIUM;9925;18;9922;16;;;9931;6;9935;15;;;9928.0;0.0
yf_ADM_d1;44000;INTARIAN_PEPPER_ROOT;11625;10;11622;27;;;11631;20;11635;19;;;11628.0;0.0
yf_ADM_d1;44100;ASH_COATED_OSMIUM;9924;11;9921;14;;;9933;21;9935;29;;;9928.5;0.0
yf_ADM_d1;44100;INTARIAN_PEPPER_ROOT;11621;11;11619;16;;;11633;20;11635;19;;;11627.0;0.0
yf_ADM_d1;44200;ASH_COATED_OSMIUM;9910;16;9907;14;;;9947;11;9950;16;;;9928.5;0.0
yf_ADM_d1;44200;INTARIAN_PEPPER_ROOT;11622;30;11618;25;;;11630;14;11632;20;;;11626.0;0.0
yf_ADM_d1;44300;ASH_COATED_OSMIUM;9926;9;9924;24;;;9932;13;9936;17;;;9929.0;0.0
yf_ADM_d1;44300;INTARIAN_PEPPER_ROOT;11622;12;11620;16;;;11629;7;11633;19;;;11625.5;0.0
yf_ADM_d1;44400;ASH_COATED_OSMIUM;9925;15;9922;17;;;9931;12;9933;24;;;9928.0;0.0
yf_ADM_d1;44400;INTARIAN_PEPPER_ROOT;11621;12;11619;20;;;11627;18;11630;10;;;11624.0;0.0
yf_ADM_d1;44500;ASH_COATED_OSMIUM;9921;22;9917;19;;;9936;11;9940;19;;;9928.5;0.0
yf_ADM_d1;44500;INTARIAN_PEPPER_ROOT;11618;18;11614;29;;;11628;11;11630;10;;;11623.0;0.0
yf_ADM_d1;44600;ASH_COATED_OSMIUM;9925;5;9921;23;;;9931;17;9933;15;;;9928.0;0.0
yf_ADM_d1;44600;INTARIAN_PEPPER_ROOT;11619;15;11616;16;;;11625;9;11628;17;;;11622.0;0.0
yf_ADM_d1;44700;ASH_COATED_OSMIUM;9925;9;9922;17;;;9931;12;9933;20;;;9928.0;0.0
yf_ADM_d1;44700;INTARIAN_PEPPER_ROOT;11614;18;11612;17;;;11628;17;11630;19;;;11621.0;0.0
yf_ADM_d1;44800;ASH_COATED_OSMIUM;9921;8;9919;21;;;9936;26;9939;18;;;9928.5;0.0
yf_ADM_d1;44800;INTARIAN_PEPPER_ROOT;11617;14;11615;22;;;11623;5;11627;18;;;11620.0;0.0
yf_ADM_d1;44900;ASH_COATED_OSMIUM;9920;11;9918;11;;;9936;15;9940;21;;;9928.0;0.0
yf_ADM_d1;44900;INTARIAN_PEPPER_ROOT;11616;12;11614;22;;;11622;18;11625;22;;;11619.0;0.0
yf_ADM_d1;45000;ASH_COATED_OSMIUM;9926;14;9922;16;;;9932;7;9936;26;;;9929.0;0.0
yf_ADM_d1;45000;INTARIAN_PEPPER_ROOT;11615;18;11612;20;;;11621;12;11625;16;;;11618.0;0.0
yf_ADM_d1;45100;ASH_COATED_OSMIUM;9925;21;9921;15;;;9931;14;9935;16;;;9928.0;0.0
yf_ADM_d1;45100;INTARIAN_PEPPER_ROOT;11605;17;11602;12;;;11628;28;11630;31;;;11616.5;0.0
yf_ADM_d1;45200;ASH_COATED_OSMIUM;9926;13;9924;23;;;9932;19;9936;15;;;9929.0;0.0
yf_ADM_d1;45200;INTARIAN_PEPPER_ROOT;11602;27;11598;21;;;11630;16;11632;23;;;11616.0;0.0
yf_ADM_d1;45300;ASH_COATED_OSMIUM;9925;10;9922;16;;;9931;20;9934;15;;;9928.0;0.0
yf_ADM_d1;45300;INTARIAN_PEPPER_ROOT;11612;18;11609;10;;;11618;14;11622;25;;;11615.0;0.0
yf_ADM_d1;45400;ASH_COATED_OSMIUM;9925;14;9921;24;;;9931;21;9933;21;;;9928.0;0.0
yf_ADM_d1;45400;INTARIAN_PEPPER_ROOT;11608;5;11604;18;;;11619;17;11622;15;;;11613.5;0.0
yf_ADM_d1;45500;ASH_COATED_OSMIUM;9925;21;9922;28;;;9932;11;9935;11;;;9928.5;0.0
yf_ADM_d1;45500;INTARIAN_PEPPER_ROOT;11610;18;11606;20;;;11616;18;11618;19;;;11613.0;0.0
yf_ADM_d1;45600;ASH_COATED_OSMIUM;9926;17;9924;17;;;9932;15;9936;23;;;9929.0;0.0
yf_ADM_d1;45600;INTARIAN_PEPPER_ROOT;11604;18;11602;24;;;11620;15;11624;15;;;11612.0;0.0
yf_ADM_d1;45700;ASH_COATED_OSMIUM;9925;19;9923;21;;;9931;13;9934;15;;;9928.0;0.0
yf_ADM_d1;45700;INTARIAN_PEPPER_ROOT;11607;8;11604;22;;;11613;9;11617;25;;;11610.0;0.0
yf_ADM_d1;45800;ASH_COATED_OSMIUM;9924;7;9920;19;;;9933;20;9935;20;;;9928.5;0.0
yf_ADM_d1;45800;INTARIAN_PEPPER_ROOT;11606;18;11603;17;;;11612;19;11614;24;;;11609.0;0.0
yf_ADM_d1;45900;ASH_COATED_OSMIUM;9923;21;9919;27;;;9932;17;9935;13;;;9927.5;0.0
yf_ADM_d1;45900;INTARIAN_PEPPER_ROOT;11605;12;11603;17;;;11611;9;11615;19;;;11608.0;0.0
yf_ADM_d1;46000;ASH_COATED_OSMIUM;9924;6;9920;11;;;9934;15;9936;16;;;9929.0;0.0
yf_ADM_d1;46000;INTARIAN_PEPPER_ROOT;11605;14;11603;24;;;11611;17;11614;22;;;11608.0;0.0
yf_ADM_d1;46100;ASH_COATED_OSMIUM;9922;22;9918;18;;;9934;6;9938;24;;;9928.0;0.0
yf_ADM_d1;46100;INTARIAN_PEPPER_ROOT;11604;8;11602;19;;;11610;18;11613;20;;;11607.0;0.0
yf_ADM_d1;46200;ASH_COATED_OSMIUM;9926;5;9922;25;;;9932;16;9935;17;;;9929.0;0.0
yf_ADM_d1;46200;INTARIAN_PEPPER_ROOT;11602;17;11599;22;;;11608;15;11610;17;;;11605.0;0.0
yf_ADM_d1;46300;ASH_COATED_OSMIUM;9922;23;9919;11;;;9935;19;9939;23;;;9928.5;0.0
yf_ADM_d1;46300;INTARIAN_PEPPER_ROOT;11601;14;11599;24;;;11608;21;11611;27;;;11604.5;0.0
yf_ADM_d1;46400;ASH_COATED_OSMIUM;9925;18;9921;23;;;9931;15;9934;22;;;9928.0;0.0
yf_ADM_d1;46400;INTARIAN_PEPPER_ROOT;11600;14;11596;8;;;11606;13;11609;19;;;11603.0;0.0
yf_ADM_d1;46500;ASH_COATED_OSMIUM;9922;16;9920;21;;;9934;20;9937;27;;;9928.0;0.0
yf_ADM_d1;46500;INTARIAN_PEPPER_ROOT;11600;15;11598;17;;;11606;25;11610;30;;;11603.0;0.0
yf_ADM_d1;46600;ASH_COATED_OSMIUM;9925;11;9923;22;;;9931;15;9934;18;;;9928.0;0.0
yf_ADM_d1;46600;INTARIAN_PEPPER_ROOT;11590;12;11586;19;;;11612;13;11614;17;;;11601.0;0.0
yf_ADM_d1;46700;ASH_COATED_OSMIUM;9926;13;9923;13;;;9932;8;9935;22;;;9929.0;0.0
yf_ADM_d1;46700;INTARIAN_PEPPER_ROOT;11591;16;11588;20;;;11610;15;11614;17;;;11600.5;0.0
yf_ADM_d1;46800;ASH_COATED_OSMIUM;9925;19;9923;18;;;9931;5;9933;24;;;9928.0;0.0
yf_ADM_d1;46800;INTARIAN_PEPPER_ROOT;11594;11;11590;27;;;11605;11;11608;18;;;11599.5;0.0
yf_ADM_d1;46900;ASH_COATED_OSMIUM;9925;10;9921;14;;;9931;17;9934;15;;;9928.0;0.0
yf_ADM_d1;46900;INTARIAN_PEPPER_ROOT;11592;9;11590;26;;;11603;13;11606;27;;;11597.5;0.0
yf_ADM_d1;47000;ASH_COATED_OSMIUM;9924;14;9921;18;;;9933;12;9936;14;;;9928.5;0.0
yf_ADM_d1;47000;INTARIAN_PEPPER_ROOT;11594;14;11590;21;;;11600;5;11604;22;;;11597.0;0.0
yf_ADM_d1;47100;ASH_COATED_OSMIUM;9925;6;9923;13;;;9932;18;9936;10;;;9928.5;0.0
yf_ADM_d1;47100;INTARIAN_PEPPER_ROOT;11590;13;11588;25;;;11602;17;11604;22;;;11596.0;0.0
yf_ADM_d1;47200;ASH_COATED_OSMIUM;9926;14;9924;17;;;9932;19;9934;18;;;9929.0;0.0
yf_ADM_d1;47200;INTARIAN_PEPPER_ROOT;11592;13;11588;17;;;11598;17;11602;25;;;11595.0;0.0
yf_ADM_d1;47300;ASH_COATED_OSMIUM;9925;10;9922;17;;;9931;11;9935;25;;;9928.0;0.0
yf_ADM_d1;47300;INTARIAN_PEPPER_ROOT;11591;12;11588;19;;;11597;20;11601;23;;;11594.0;0.0
yf_ADM_d1;47400;ASH_COATED_OSMIUM;9921;18;9918;19;;;9935;17;9937;25;;;9928.0;0.0
yf_ADM_d1;47400;INTARIAN_PEPPER_ROOT;11590;13;11588;15;;;11596;10;11600;19;;;11593.0;0.0
yf_ADM_d1;47500;ASH_COATED_OSMIUM;9923;6;9920;26;;;9934;14;9938;11;;;9928.5;0.0
yf_ADM_d1;47500;INTARIAN_PEPPER_ROOT;11589;13;11587;26;;;11595;16;11599;18;;;11592.0;0.0
yf_ADM_d1;47600;ASH_COATED_OSMIUM;9918;13;9916;28;;;9939;17;9941;25;;;9928.5;0.0
yf_ADM_d1;47600;INTARIAN_PEPPER_ROOT;11588;17;11585;12;;;11595;20;11599;11;;;11591.5;0.0
yf_ADM_d1;47700;ASH_COATED_OSMIUM;9925;23;9921;18;;;9931;10;9933;10;;;9928.0;0.0
yf_ADM_d1;47700;INTARIAN_PEPPER_ROOT;11587;10;11583;33;;;11593;22;11595;18;;;11590.0;0.0
yf_ADM_d1;47800;ASH_COATED_OSMIUM;9922;9;9920;25;;;9935;9;9938;13;;;9928.5;0.0
yf_ADM_d1;47800;INTARIAN_PEPPER_ROOT;11578;18;11576;23;;;11600;24;11603;20;;;11589.0;0.0
yf_ADM_d1;47900;ASH_COATED_OSMIUM;9922;20;9918;15;;;9935;11;9939;20;;;9928.5;0.0
yf_ADM_d1;47900;INTARIAN_PEPPER_ROOT;11581;8;11579;12;;;11594;16;11596;16;;;11587.5;0.0
yf_ADM_d1;48000;ASH_COATED_OSMIUM;9915;13;9911;20;;;9942;5;9946;22;;;9928.5;0.0
yf_ADM_d1;48000;INTARIAN_PEPPER_ROOT;11584;17;11582;15;;;11590;17;11594;22;;;11587.0;0.0
yf_ADM_d1;48100;ASH_COATED_OSMIUM;9925;5;9921;22;;;9931;9;9934;16;;;9928.0;0.0
yf_ADM_d1;48100;INTARIAN_PEPPER_ROOT;11580;6;11578;19;;;11592;27;11595;30;;;11586.0;0.0
yf_ADM_d1;48200;ASH_COATED_OSMIUM;9925;16;9921;19;;;9931;18;9934;24;;;9928.0;0.0
yf_ADM_d1;48200;INTARIAN_PEPPER_ROOT;11579;28;11575;21;;;11591;5;11595;14;;;11585.0;0.0
yf_ADM_d1;48300;ASH_COATED_OSMIUM;9923;16;9921;16;;;9933;16;9937;25;;;9928.0;0.0
yf_ADM_d1;48300;INTARIAN_PEPPER_ROOT;11581;14;11577;19;;;11587;10;11591;26;;;11584.0;0.0
yf_ADM_d1;48400;ASH_COATED_OSMIUM;9925;18;9923;15;;;9931;7;9935;19;;;9928.0;0.0
yf_ADM_d1;48400;INTARIAN_PEPPER_ROOT;11581;19;11577;20;;;11587;21;11590;21;;;11584.0;0.0
yf_ADM_d1;48500;ASH_COATED_OSMIUM;9920;18;9916;18;;;9936;18;9940;22;;;9928.0;0.0
yf_ADM_d1;48500;INTARIAN_PEPPER_ROOT;11576;8;11573;24;;;11588;14;11590;18;;;11582.0;0.0
yf_ADM_d1;48600;ASH_COATED_OSMIUM;9926;22;9923;19;;;9932;11;9934;16;;;9929.0;0.0
yf_ADM_d1;48600;INTARIAN_PEPPER_ROOT;11577;11;11575;15;;;11585;19;11589;14;;;11581.0;0.0
yf_ADM_d1;48700;ASH_COATED_OSMIUM;9915;14;9913;20;;;9942;12;9944;15;;;9928.5;0.0
yf_ADM_d1;48700;INTARIAN_PEPPER_ROOT;11577;16;11573;13;;;11583;9;11587;27;;;11580.0;0.0
yf_ADM_d1;48800;ASH_COATED_OSMIUM;9926;20;9922;14;;;9932;8;9936;27;;;9929.0;0.0
yf_ADM_d1;48800;INTARIAN_PEPPER_ROOT;11576;6;11574;18;;;11582;9;11585;19;;;11579.0;0.0
yf_ADM_d1;48900;ASH_COATED_OSMIUM;9926;20;9922;26;;;9932;16;9934;23;;;9929.0;0.0
yf_ADM_d1;48900;INTARIAN_PEPPER_ROOT;11575;12;11572;17;;;11581;7;11584;23;;;11578.0;0.0
yf_ADM_d1;49000;ASH_COATED_OSMIUM;9922;8;9918;14;;;9933;7;9937;18;;;9927.5;0.0
yf_ADM_d1;49000;INTARIAN_PEPPER_ROOT;11573;9;11570;20;;;11579;15;11581;18;;;11576.0;0.0
yf_ADM_d1;49100;ASH_COATED_OSMIUM;9926;5;9923;23;;;9932;5;9936;16;;;9929.0;0.0
yf_ADM_d1;49100;INTARIAN_PEPPER_ROOT;11573;15;11569;22;;;11579;22;11583;21;;;11576.0;0.0
yf_ADM_d1;49200;ASH_COATED_OSMIUM;9926;15;9922;19;;;9932;22;9934;24;;;9929.0;0.0
yf_ADM_d1;49200;INTARIAN_PEPPER_ROOT;11572;17;11568;18;;;11578;23;11582;33;;;11575.0;0.0
yf_ADM_d1;49300;ASH_COATED_OSMIUM;9925;24;9921;17;;;9931;14;9933;23;;;9928.0;0.0
yf_ADM_d1;49300;INTARIAN_PEPPER_ROOT;11562;14;11560;26;;;11586;7;11590;18;;;11574.0;0.0
yf_ADM_d1;49400;ASH_COATED_OSMIUM;9925;17;9923;24;;;9931;15;9934;23;;;9928.0;0.0
yf_ADM_d1;49400;INTARIAN_PEPPER_ROOT;11568;10;11565;8;;;11577;6;11579;24;;;11572.5;0.0
yf_ADM_d1;49500;ASH_COATED_OSMIUM;9925;12;9921;27;;;9931;14;9935;26;;;9928.0;0.0
yf_ADM_d1;49500;INTARIAN_PEPPER_ROOT;11563;10;11561;23;;;11579;24;11581;10;;;11571.0;0.0
yf_ADM_d1;49600;ASH_COATED_OSMIUM;9922;19;9918;20;;;9934;17;9937;17;;;9928.0;0.0
yf_ADM_d1;49600;INTARIAN_PEPPER_ROOT;11567;19;11563;29;;;11573;17;11577;26;;;11570.0;0.0
yf_ADM_d1;49700;ASH_COATED_OSMIUM;9925;9;9921;17;;;9931;12;9933;22;;;9928.0;0.0
yf_ADM_d1;49700;INTARIAN_PEPPER_ROOT;11560;18;11557;24;;;11580;17;11583;15;;;11570.0;0.0
yf_ADM_d1;49800;ASH_COATED_OSMIUM;9921;10;9918;15;;;9934;14;9938;15;;;9927.5;0.0
yf_ADM_d1;49800;INTARIAN_PEPPER_ROOT;11566;19;11564;11;;;11572;10;11576;30;;;11569.0;0.0
yf_ADM_d1;49900;ASH_COATED_OSMIUM;9915;5;9912;16;;;9941;20;9943;13;;;9928.0;0.0
yf_ADM_d1;49900;INTARIAN_PEPPER_ROOT;11565;14;11561;16;;;11571;20;11575;11;;;11568.0;0.0
yf_ADM_d1;50000;ASH_COATED_OSMIUM;9922;9;9918;27;;;9935;10;9939;14;;;9928.5;0.0
yf_ADM_d1;50000;INTARIAN_PEPPER_ROOT;11563;17;11560;16;;;11569;11;11573;31;;;11566.0;0.0
yf_ADM_d1;50100;ASH_COATED_OSMIUM;9925;16;9922;22;;;9931;8;9935;14;;;9928.0;0.0
yf_ADM_d1;50100;INTARIAN_PEPPER_ROOT;11562;16;11558;28;;;11570;12;11573;25;;;11566.0;0.0
yf_ADM_d1;50200;ASH_COATED_OSMIUM;9925;8;9923;22;;;9931;9;9934;12;;;9928.0;0.0
yf_ADM_d1;50200;INTARIAN_PEPPER_ROOT;11553;14;11549;26;;;11576;14;11578;22;;;11564.5;0.0
yf_ADM_d1;50300;ASH_COATED_OSMIUM;9925;16;9922;21;;;9932;8;9934;16;;;9928.5;0.0
yf_ADM_d1;50300;INTARIAN_PEPPER_ROOT;11561;26;11558;22;;;11567;20;11569;16;;;11564.0;0.0
yf_ADM_d1;50400;ASH_COATED_OSMIUM;9925;13;9921;17;;;9931;5;9934;20;;;9928.0;0.0
yf_ADM_d1;50400;INTARIAN_PEPPER_ROOT;11560;5;11557;11;;;11566;5;11570;12;;;11563.0;0.0
yf_ADM_d1;50500;ASH_COATED_OSMIUM;9916;14;9914;23;;;9940;21;9943;13;;;9928.0;0.0
yf_ADM_d1;50500;INTARIAN_PEPPER_ROOT;11558;8;11555;18;;;11564;15;11566;16;;;11561.0;0.0
yf_ADM_d1;50600;ASH_COATED_OSMIUM;9923;19;9919;17;;;9934;12;9936;13;;;9928.5;0.0
yf_ADM_d1;50600;INTARIAN_PEPPER_ROOT;11557;10;11553;15;;;11563;11;11566;12;;;11560.0;0.0
yf_ADM_d1;50700;ASH_COATED_OSMIUM;9925;11;9921;9;;;9931;24;9935;23;;;9928.0;0.0
yf_ADM_d1;50700;INTARIAN_PEPPER_ROOT;11545;19;11543;10;;;11573;12;11576;20;;;11559.0;0.0
yf_ADM_d1;50800;ASH_COATED_OSMIUM;9925;19;9922;24;;;9932;18;9936;26;;;9928.5;0.0
yf_ADM_d1;50800;INTARIAN_PEPPER_ROOT;11555;18;11553;11;;;11561;16;11565;19;;;11558.0;0.0
yf_ADM_d1;50900;ASH_COATED_OSMIUM;9925;9;9923;26;;;9931;16;9933;26;;;9928.0;0.0
yf_ADM_d1;50900;INTARIAN_PEPPER_ROOT;11554;21;11551;14;;;11560;18;11562;9;;;11557.0;0.0
yf_ADM_d1;51000;ASH_COATED_OSMIUM;9925;13;9923;17;;;9931;15;9935;19;;;9928.0;0.0
yf_ADM_d1;51000;INTARIAN_PEPPER_ROOT;11554;17;11551;23;;;11560;8;11562;10;;;11557.0;0.0
yf_ADM_d1;51100;ASH_COATED_OSMIUM;9925;18;9921;21;;;9931;8;9935;22;;;9928.0;0.0
yf_ADM_d1;51100;INTARIAN_PEPPER_ROOT;11552;24;11550;21;;;11561;5;11563;23;;;11556.5;0.0
yf_ADM_d1;51200;ASH_COATED_OSMIUM;9926;10;9924;18;;;9932;16;9936;26;;;9929.0;0.0
yf_ADM_d1;51200;INTARIAN_PEPPER_ROOT;11554;14;11551;27;;;11560;5;11564;27;;;11557.0;0.0
yf_ADM_d1;51300;ASH_COATED_OSMIUM;9925;21;9922;23;;;9931;22;9934;20;;;9928.0;0.0
yf_ADM_d1;51300;INTARIAN_PEPPER_ROOT;11553;13;11550;13;;;11559;14;11561;26;;;11556.0;0.0
yf_ADM_d1;51400;ASH_COATED_OSMIUM;9922;13;9918;20;;;9935;19;9939;19;;;9928.5;0.0
yf_ADM_d1;51400;INTARIAN_PEPPER_ROOT;11552;16;11549;17;;;11558;22;11561;22;;;11555.0;0.0
yf_ADM_d1;51500;ASH_COATED_OSMIUM;9921;13;9918;24;;;9936;20;9938;20;;;9928.5;0.0
yf_ADM_d1;51500;INTARIAN_PEPPER_ROOT;11548;23;11544;23;;;11561;18;11564;19;;;11554.5;0.0
yf_ADM_d1;51600;ASH_COATED_OSMIUM;9925;16;9921;28;;;9931;17;9935;15;;;9928.0;0.0
yf_ADM_d1;51600;INTARIAN_PEPPER_ROOT;11551;25;11547;13;;;11557;18;11561;15;;;11554.0;0.0
yf_ADM_d1;51700;ASH_COATED_OSMIUM;9925;10;9921;22;;;9931;24;9935;25;;;9928.0;0.0
yf_ADM_d1;51700;INTARIAN_PEPPER_ROOT;11552;15;11549;12;;;11558;15;11560;18;;;11555.0;0.0
yf_ADM_d1;51800;ASH_COATED_OSMIUM;9925;15;9921;14;;;9932;16;9934;17;;;9928.5;0.0
yf_ADM_d1;51800;INTARIAN_PEPPER_ROOT;11551;11;11547;20;;;11557;18;11561;19;;;11554.0;0.0
yf_ADM_d1;51900;ASH_COATED_OSMIUM;9925;10;9922;27;;;9931;7;9934;18;;;9928.0;0.0
yf_ADM_d1;51900;INTARIAN_PEPPER_ROOT;11549;16;11546;19;;;11558;11;11562;13;;;11553.5;0.0
yf_ADM_d1;52000;ASH_COATED_OSMIUM;9925;13;9921;19;;;9932;15;9934;29;;;9928.5;0.0
yf_ADM_d1;52000;INTARIAN_PEPPER_ROOT;11543;12;11541;15;;;11564;19;11568;14;;;11553.5;0.0
yf_ADM_d1;52100;ASH_COATED_OSMIUM;9921;15;9917;17;;;9935;10;9939;30;;;9928.0;0.0
yf_ADM_d1;52100;INTARIAN_PEPPER_ROOT;11550;11;11548;22;;;11556;17;11558;21;;;11553.0;0.0
yf_ADM_d1;52200;ASH_COATED_OSMIUM;9926;14;9922;16;;;9932;17;9935;20;;;9929.0;0.0
yf_ADM_d1;52200;INTARIAN_PEPPER_ROOT;11547;14;11544;16;;;11558;12;11560;11;;;11552.5;0.0
yf_ADM_d1;52300;ASH_COATED_OSMIUM;9918;17;9916;24;;;9938;5;9940;21;;;9928.0;0.0
yf_ADM_d1;52300;INTARIAN_PEPPER_ROOT;11549;11;11546;21;;;11555;20;11557;25;;;11552.0;0.0
yf_ADM_d1;52400;ASH_COATED_OSMIUM;9925;9;9921;14;;;9931;12;9934;20;;;9928.0;0.0
yf_ADM_d1;52400;INTARIAN_PEPPER_ROOT;11544;14;11541;20;;;11558;17;11560;22;;;11551.0;0.0
yf_ADM_d1;52500;ASH_COATED_OSMIUM;9925;15;9923;21;;;9931;16;9933;19;;;9928.0;0.0
yf_ADM_d1;52500;INTARIAN_PEPPER_ROOT;11548;18;11544;22;;;11554;18;11558;27;;;11551.0;0.0
yf_ADM_d1;52600;ASH_COATED_OSMIUM;9926;16;9924;27;;;9932;10;9934;22;;;9929.0;0.0
yf_ADM_d1;52600;INTARIAN_PEPPER_ROOT;11548;15;11546;11;;;11554;15;11557;22;;;11551.0;0.0
yf_ADM_d1;52700;ASH_COATED_OSMIUM;9926;12;9923;14;;;9932;17;9936;19;;;9929.0;0.0
yf_ADM_d1;52700;INTARIAN_PEPPER_ROOT;11548;5;11546;14;;;11554;24;11558;10;;;11551.0;0.0
yf_ADM_d1;52800;ASH_COATED_OSMIUM;9925;5;9921;17;;;9931;16;9935;14;;;9928.0;0.0
yf_ADM_d1;52800;INTARIAN_PEPPER_ROOT;11543;16;11539;15;;;11556;11;11559;13;;;11549.5;0.0
yf_ADM_d1;52900;ASH_COATED_OSMIUM;9926;10;9923;18;;;9932;14;9934;26;;;9929.0;0.0
yf_ADM_d1;52900;INTARIAN_PEPPER_ROOT;11547;16;11544;23;;;11553;5;11557;12;;;11550.0;0.0
yf_ADM_d1;53000;ASH_COATED_OSMIUM;9926;5;9924;10;;;9932;18;9934;13;;;9929.0;0.0
yf_ADM_d1;53000;INTARIAN_PEPPER_ROOT;11546;18;11544;10;;;11552;5;11554;18;;;11549.0;0.0
yf_ADM_d1;53100;ASH_COATED_OSMIUM;9926;10;9922;12;;;9932;10;9934;19;;;9929.0;0.0
yf_ADM_d1;53100;INTARIAN_PEPPER_ROOT;11547;17;11545;19;;;11553;7;11555;20;;;11550.0;0.0
yf_ADM_d1;53200;ASH_COATED_OSMIUM;9926;18;9923;16;;;9932;10;9934;24;;;9929.0;0.0
yf_ADM_d1;53200;INTARIAN_PEPPER_ROOT;11546;14;11544;21;;;11552;10;11554;22;;;11549.0;0.0
yf_ADM_d1;53300;ASH_COATED_OSMIUM;9926;17;9924;22;;;9932;18;9935;20;;;9929.0;0.0
yf_ADM_d1;53300;INTARIAN_PEPPER_ROOT;11545;15;11543;25;;;11551;13;11554;18;;;11548.0;0.0
yf_ADM_d1;53400;ASH_COATED_OSMIUM;9920;21;9918;21;;;9938;12;9941;16;;;9929.0;0.0
yf_ADM_d1;53400;INTARIAN_PEPPER_ROOT;11545;19;11543;27;;;11551;7;11555;29;;;11548.0;0.0
yf_ADM_d1;53500;ASH_COATED_OSMIUM;9923;11;9919;21;;;9935;19;9939;14;;;9929.0;0.0
yf_ADM_d1;53500;INTARIAN_PEPPER_ROOT;11544;17;11540;17;;;11550;11;11554;9;;;11547.0;0.0
yf_ADM_d1;53600;ASH_COATED_OSMIUM;9925;18;9922;18;;;9932;13;9935;17;;;9928.5;0.0
yf_ADM_d1;53600;INTARIAN_PEPPER_ROOT;11540;12;11537;18;;;11556;10;11558;12;;;11548.0;0.0
yf_ADM_d1;53700;ASH_COATED_OSMIUM;9926;10;9923;15;;;9932;5;9935;13;;;9929.0;0.0
yf_ADM_d1;53700;INTARIAN_PEPPER_ROOT;11544;19;11542;15;;;11550;11;11554;16;;;11547.0;0.0
yf_ADM_d1;53800;ASH_COATED_OSMIUM;9926;17;9923;17;;;9932;11;9936;24;;;9929.0;0.0
yf_ADM_d1;53800;INTARIAN_PEPPER_ROOT;11543;10;11541;17;;;11549;16;11551;14;;;11546.0;0.0
yf_ADM_d1;53900;ASH_COATED_OSMIUM;9923;13;9919;21;;;9934;23;9936;8;;;9928.5;0.0
yf_ADM_d1;53900;INTARIAN_PEPPER_ROOT;11538;11;11534;20;;;11554;13;11556;19;;;11546.0;0.0
yf_ADM_d1;54000;ASH_COATED_OSMIUM;9917;13;9913;17;;;9942;6;9944;33;;;9929.5;0.0
yf_ADM_d1;54000;INTARIAN_PEPPER_ROOT;11539;16;11536;16;;;11553;24;11555;21;;;11546.0;0.0
yf_ADM_d1;54100;ASH_COATED_OSMIUM;9926;24;9923;8;;;9932;16;9936;20;;;9929.0;0.0
yf_ADM_d1;54100;INTARIAN_PEPPER_ROOT;11540;10;11537;21;;;11550;12;11553;22;;;11545.0;0.0
yf_ADM_d1;54200;ASH_COATED_OSMIUM;9927;20;9924;25;;;9933;15;9937;23;;;9930.0;0.0
yf_ADM_d1;54200;INTARIAN_PEPPER_ROOT;11542;5;11539;17;;;11548;7;11552;13;;;11545.0;0.0
yf_ADM_d1;54300;ASH_COATED_OSMIUM;9926;13;9922;22;;;9932;20;9935;27;;;9929.0;0.0
yf_ADM_d1;54300;INTARIAN_PEPPER_ROOT;11541;11;11538;19;;;11548;17;11551;29;;;11544.5;0.0
yf_ADM_d1;54400;ASH_COATED_OSMIUM;9926;12;9922;8;;;9932;14;9936;27;;;9929.0;0.0
yf_ADM_d1;54400;INTARIAN_PEPPER_ROOT;11539;14;11536;18;;;11548;21;11550;24;;;11543.5;0.0
yf_ADM_d1;54500;ASH_COATED_OSMIUM;9923;14;9921;14;;;9934;19;9937;24;;;9928.5;0.0
yf_ADM_d1;54500;INTARIAN_PEPPER_ROOT;11533;6;11529;14;;;11555;7;11557;14;;;11544.0;0.0
yf_ADM_d1;54600;ASH_COATED_OSMIUM;9926;9;9924;27;;;9932;21;9934;25;;;9929.0;0.0
yf_ADM_d1;54600;INTARIAN_PEPPER_ROOT;11540;12;11537;24;;;11546;11;11550;18;;;11543.0;0.0
yf_ADM_d1;54700;ASH_COATED_OSMIUM;9926;22;9923;18;;;9932;15;9935;22;;;9929.0;0.0
yf_ADM_d1;54700;INTARIAN_PEPPER_ROOT;11537;16;11533;24;;;11548;14;11551;20;;;11542.5;0.0
yf_ADM_d1;54800;ASH_COATED_OSMIUM;9926;13;9924;29;;;9934;17;9936;13;;;9930.0;0.0
yf_ADM_d1;54800;INTARIAN_PEPPER_ROOT;11538;22;11535;18;;;11547;14;11550;20;;;11542.5;0.0
yf_ADM_d1;54900;ASH_COATED_OSMIUM;9926;9;9924;10;;;9932;6;9936;21;;;9929.0;0.0
yf_ADM_d1;54900;INTARIAN_PEPPER_ROOT;11539;9;11535;14;;;11545;18;11548;27;;;11542.0;0.0
yf_ADM_d1;55000;ASH_COATED_OSMIUM;9919;17;9916;29;;;9940;18;9942;22;;;9929.5;0.0
yf_ADM_d1;55000;INTARIAN_PEPPER_ROOT;11539;13;11537;18;;;11545;12;11547;15;;;11542.0;0.0
yf_ADM_d1;55100;ASH_COATED_OSMIUM;9924;6;9920;18;;;9935;10;9937;17;;;9929.5;0.0
yf_ADM_d1;55100;INTARIAN_PEPPER_ROOT;11538;14;11535;26;;;11544;13;11548;12;;;11541.0;0.0
yf_ADM_d1;55200;ASH_COATED_OSMIUM;9925;16;9922;17;;;9934;14;9937;18;;;9929.5;0.0
yf_ADM_d1;55200;INTARIAN_PEPPER_ROOT;11538;12;11534;20;;;11544;15;11548;12;;;11541.0;0.0
yf_ADM_d1;55300;ASH_COATED_OSMIUM;9927;10;9924;12;;;9933;11;9935;15;;;9930.0;0.0
yf_ADM_d1;55300;INTARIAN_PEPPER_ROOT;11538;16;11536;25;;;11544;9;11548;23;;;11541.0;0.0
yf_ADM_d1;55400;ASH_COATED_OSMIUM;9927;6;9923;25;;;9933;24;9935;17;;;9930.0;0.0
yf_ADM_d1;55400;INTARIAN_PEPPER_ROOT;11535;16;11531;18;;;11547;10;11551;26;;;11541.0;0.0
yf_ADM_d1;55500;ASH_COATED_OSMIUM;9927;15;9923;24;;;9933;15;9937;23;;;9930.0;0.0
yf_ADM_d1;55500;INTARIAN_PEPPER_ROOT;11537;19;11533;21;;;11543;14;11545;24;;;11540.0;0.0
yf_ADM_d1;55600;ASH_COATED_OSMIUM;9926;13;9923;20;;;9932;18;9934;15;;;9929.0;0.0
yf_ADM_d1;55600;INTARIAN_PEPPER_ROOT;11534;19;11530;21;;;11543;13;11545;22;;;11538.5;0.0
yf_ADM_d1;55700;ASH_COATED_OSMIUM;9924;20;9922;17;;;9937;12;9941;18;;;9930.5;0.0
yf_ADM_d1;55700;INTARIAN_PEPPER_ROOT;11536;10;11534;23;;;11542;18;11546;24;;;11539.0;0.0
yf_ADM_d1;55800;ASH_COATED_OSMIUM;9927;19;9925;15;;;9933;14;9936;18;;;9930.0;0.0
yf_ADM_d1;55800;INTARIAN_PEPPER_ROOT;11529;12;11526;23;;;11549;17;11553;19;;;11539.0;0.0
yf_ADM_d1;55900;ASH_COATED_OSMIUM;9927;16;9925;18;;;9933;18;9937;25;;;9930.0;0.0
yf_ADM_d1;55900;INTARIAN_PEPPER_ROOT;11535;12;11533;22;;;11541;12;11543;27;;;11538.0;0.0
yf_ADM_d1;56000;ASH_COATED_OSMIUM;9924;10;9922;10;;;9935;10;9937;23;;;9929.5;0.0
yf_ADM_d1;56000;INTARIAN_PEPPER_ROOT;11532;13;11528;15;;;11543;10;11546;25;;;11537.5;0.0
yf_ADM_d1;56100;ASH_COATED_OSMIUM;9924;17;9922;17;;;9936;8;9939;25;;;9930.0;0.0
yf_ADM_d1;56100;INTARIAN_PEPPER_ROOT;11529;14;11525;24;;;11547;15;11551;13;;;11538.0;0.0
yf_ADM_d1;56200;ASH_COATED_OSMIUM;9927;11;9925;23;;;9933;9;9936;23;;;9930.0;0.0
yf_ADM_d1;56200;INTARIAN_PEPPER_ROOT;11534;18;11532;10;;;11540;14;11542;22;;;11537.0;0.0
yf_ADM_d1;56300;ASH_COATED_OSMIUM;9927;11;9924;21;;;9933;11;9936;25;;;9930.0;0.0
yf_ADM_d1;56300;INTARIAN_PEPPER_ROOT;11534;22;11531;17;;;11540;17;11542;20;;;11537.0;0.0
yf_ADM_d1;56400;ASH_COATED_OSMIUM;9923;14;9921;21;;;9937;11;9940;22;;;9930.0;0.0
yf_ADM_d1;56400;INTARIAN_PEPPER_ROOT;11531;15;11529;25;;;11541;13;11543;22;;;11536.0;0.0
yf_ADM_d1;56500;ASH_COATED_OSMIUM;9926;12;9922;21;;;9933;12;9935;18;;;9929.5;0.0
yf_ADM_d1;56500;INTARIAN_PEPPER_ROOT;11533;20;11531;24;;;11539;14;11542;15;;;11536.0;0.0
yf_ADM_d1;56600;ASH_COATED_OSMIUM;9927;15;9923;16;;;9933;15;9935;25;;;9930.0;0.0
yf_ADM_d1;56600;INTARIAN_PEPPER_ROOT;11525;15;11522;20;;;11546;10;11549;25;;;11535.5;0.0
yf_ADM_d1;56700;ASH_COATED_OSMIUM;9926;12;9922;18;;;9932;7;9934;18;;;9929.0;0.0
yf_ADM_d1;56700;INTARIAN_PEPPER_ROOT;11519;17;11516;22;;;11550;20;11552;25;;;11534.5;0.0
yf_ADM_d1;56800;ASH_COATED_OSMIUM;9927;14;9925;24;;;9933;18;9935;16;;;9930.0;0.0
yf_ADM_d1;56800;INTARIAN_PEPPER_ROOT;11532;15;11528;20;;;11538;16;11541;15;;;11535.0;0.0
yf_ADM_d1;56900;ASH_COATED_OSMIUM;9921;13;9917;25;;;9939;11;9941;12;;;9930.0;0.0
yf_ADM_d1;56900;INTARIAN_PEPPER_ROOT;11527;21;11525;22;;;11541;17;11544;14;;;11534.0;0.0
yf_ADM_d1;57000;ASH_COATED_OSMIUM;9927;10;9925;22;;;9933;10;9936;12;;;9930.0;0.0
yf_ADM_d1;57000;INTARIAN_PEPPER_ROOT;11530;8;11527;15;;;11539;16;11542;21;;;11534.5;0.0
yf_ADM_d1;57100;ASH_COATED_OSMIUM;9925;17;9922;14;;;9935;12;9937;22;;;9930.0;0.0
yf_ADM_d1;57100;INTARIAN_PEPPER_ROOT;11531;19;11527;20;;;11537;17;11540;22;;;11534.0;0.0
yf_ADM_d1;57200;ASH_COATED_OSMIUM;9919;21;9916;22;;;9943;17;9946;20;;;9931.0;0.0
yf_ADM_d1;57200;INTARIAN_PEPPER_ROOT;11530;9;11527;20;;;11536;14;11539;21;;;11533.0;0.0
yf_ADM_d1;57300;ASH_COATED_OSMIUM;9923;13;9921;21;;;9937;22;9941;14;;;9930.0;0.0
yf_ADM_d1;57300;INTARIAN_PEPPER_ROOT;11528;16;11525;19;;;11537;5;11540;24;;;11532.5;0.0
yf_ADM_d1;57400;ASH_COATED_OSMIUM;9927;10;9925;29;;;9933;14;9935;20;;;9930.0;0.0
yf_ADM_d1;57400;INTARIAN_PEPPER_ROOT;11519;8;11516;22;;;11546;18;11548;18;;;11532.5;0.0
yf_ADM_d1;57500;ASH_COATED_OSMIUM;9925;18;9923;20;;;9936;23;9938;19;;;9930.5;0.0
yf_ADM_d1;57500;INTARIAN_PEPPER_ROOT;11524;14;11520;19;;;11541;14;11544;20;;;11532.5;0.0
yf_ADM_d1;57600;ASH_COATED_OSMIUM;9927;5;9924;21;;;9933;17;9936;18;;;9930.0;0.0
yf_ADM_d1;57600;INTARIAN_PEPPER_ROOT;11529;11;11525;25;;;11535;18;11537;24;;;11532.0;0.0
yf_ADM_d1;57700;ASH_COATED_OSMIUM;9927;9;9925;18;;;9933;12;9935;28;;;9930.0;0.0
yf_ADM_d1;57700;INTARIAN_PEPPER_ROOT;11528;18;11525;20;;;11534;5;11536;14;;;11531.0;0.0
yf_ADM_d1;57800;ASH_COATED_OSMIUM;9928;12;9925;22;;;9934;21;9936;23;;;9931.0;0.0
yf_ADM_d1;57800;INTARIAN_PEPPER_ROOT;11520;11;11516;21;;;11540;14;11543;27;;;11530.0;0.0
yf_ADM_d1;57900;ASH_COATED_OSMIUM;9922;13;9920;16;;;9939;5;9942;20;;;9930.5;0.0
yf_ADM_d1;57900;INTARIAN_PEPPER_ROOT;11525;24;11523;16;;;11535;18;11537;24;;;11530.0;0.0
yf_ADM_d1;58000;ASH_COATED_OSMIUM;9928;12;9926;21;;;9934;10;9936;20;;;9931.0;0.0
yf_ADM_d1;58000;INTARIAN_PEPPER_ROOT;11521;17;11519;13;;;11540;11;11543;14;;;11530.5;0.0
yf_ADM_d1;58100;ASH_COATED_OSMIUM;9927;13;9925;12;;;9933;7;9935;27;;;9930.0;0.0
yf_ADM_d1;58100;INTARIAN_PEPPER_ROOT;11526;19;11522;9;;;11532;22;11536;24;;;11529.0;0.0
yf_ADM_d1;58200;ASH_COATED_OSMIUM;9927;18;9923;16;;;9934;20;9936;23;;;9930.5;0.0
yf_ADM_d1;58200;INTARIAN_PEPPER_ROOT;11526;7;11524;22;;;11532;11;11535;30;;;11529.0;0.0
yf_ADM_d1;58300;ASH_COATED_OSMIUM;9927;22;9924;23;;;9933;18;9935;21;;;9930.0;0.0
yf_ADM_d1;58300;INTARIAN_PEPPER_ROOT;11519;15;11516;20;;;11538;8;11541;21;;;11528.5;0.0
yf_ADM_d1;58400;ASH_COATED_OSMIUM;9927;14;9925;25;;;9933;12;9937;28;;;9930.0;0.0
yf_ADM_d1;58400;INTARIAN_PEPPER_ROOT;11525;16;11521;19;;;11531;12;11534;14;;;11528.0;0.0
yf_ADM_d1;58500;ASH_COATED_OSMIUM;9919;5;9916;16;;;9942;19;9945;17;;;9930.5;0.0
yf_ADM_d1;58500;INTARIAN_PEPPER_ROOT;11525;16;11522;23;;;11531;8;11534;14;;;11528.0;0.0
yf_ADM_d1;58600;ASH_COATED_OSMIUM;9928;6;9924;20;;;9934;5;9936;23;;;9931.0;0.0
yf_ADM_d1;58600;INTARIAN_PEPPER_ROOT;11524;17;11522;21;;;11530;8;11533;21;;;11527.0;0.0
yf_ADM_d1;58700;ASH_COATED_OSMIUM;9928;19;9925;25;;;9934;9;9938;14;;;9931.0;0.0
yf_ADM_d1;58700;INTARIAN_PEPPER_ROOT;11518;20;11514;13;;;11536;10;11538;14;;;11527.0;0.0
yf_ADM_d1;58800;ASH_COATED_OSMIUM;9928;15;9925;13;;;9934;14;9937;18;;;9931.0;0.0
yf_ADM_d1;58800;INTARIAN_PEPPER_ROOT;11522;20;11520;29;;;11533;16;11537;14;;;11527.5;0.0
yf_ADM_d1;58900;ASH_COATED_OSMIUM;9919;24;9916;22;;;9942;19;9944;23;;;9930.5;0.0
yf_ADM_d1;58900;INTARIAN_PEPPER_ROOT;11521;6;11519;10;;;11533;10;11535;20;;;11527.0;0.0
yf_ADM_d1;59000;ASH_COATED_OSMIUM;9928;15;9925;25;;;9934;19;9936;22;;;9931.0;0.0
yf_ADM_d1;59000;INTARIAN_PEPPER_ROOT;11519;21;11516;17;;;11533;12;11536;15;;;11526.0;0.0
