day;timestamp;product;bid_price_1;bid_volume_1;bid_price_2;bid_volume_2;bid_price_3;bid_volume_3;ask_price_1;ask_volume_1;ask_price_2;ask_volume_2;ask_price_3;ask_volume_3;mid_price;profit_and_loss
av_SUGAR_d0;0;ASH_COATED_OSMIUM;9895;13;9893;24;;;9929;23;9931;10;;;9912.0;0.0
av_SUGAR_d0;0;INTARIAN_PEPPER_ROOT;10232;20;10230;10;;;10268;12;10272;19;;;10250.0;0.0
av_SUGAR_d0;100;ASH_COATED_OSMIUM;9904;5;9900;23;;;9920;18;9922;23;;;9912.0;0.0
av_SUGAR_d0;100;INTARIAN_PEPPER_ROOT;10245;12;10242;21;;;10251;15;10254;30;;;10248.0;0.0
av_SUGAR_d0;200;ASH_COATED_OSMIUM;9909;23;9905;23;;;9915;9;9918;17;;;9912.0;0.0
av_SUGAR_d0;200;INTARIAN_PEPPER_ROOT;10244;21;10240;14;;;10250;24;10253;18;;;10247.0;0.0
av_SUGAR_d0;300;ASH_COATED_OSMIUM;9906;13;9904;26;;;9918;11;9920;16;;;9912.0;0.0
av_SUGAR_d0;300;INTARIAN_PEPPER_ROOT;10238;17;10235;18;;;10253;16;10257;17;;;10245.5;0.0
av_SUGAR_d0;400;ASH_COATED_OSMIUM;9906;16;9903;21;;;9919;5;9921;18;;;9912.5;0.0
av_SUGAR_d0;400;INTARIAN_PEPPER_ROOT;10241;12;10237;21;;;10247;7;10249;29;;;10244.0;0.0
av_SUGAR_d0;500;ASH_COATED_OSMIUM;9910;16;9908;26;;;9916;12;9920;12;;;9913.0;0.0
av_SUGAR_d0;500;INTARIAN_PEPPER_ROOT;10236;24;10233;25;;;10248;7;10251;20;;;10242.0;0.0
av_SUGAR_d0;600;ASH_COATED_OSMIUM;9909;14;9907;15;;;9915;9;9917;18;;;9912.0;0.0
av_SUGAR_d0;600;INTARIAN_PEPPER_ROOT;10235;18;10232;23;;;10247;16;10251;19;;;10241.0;0.0
av_SUGAR_d0;700;ASH_COATED_OSMIUM;9909;23;9907;20;;;9915;13;9919;23;;;9912.0;0.0
av_SUGAR_d0;700;INTARIAN_PEPPER_ROOT;10237;6;10233;12;;;10243;13;10245;30;;;10240.0;0.0
av_SUGAR_d0;800;ASH_COATED_OSMIUM;9907;11;9905;16;;;9918;24;9922;19;;;9912.5;0.0
av_SUGAR_d0;800;INTARIAN_PEPPER_ROOT;10235;8;10232;8;;;10241;18;10244;22;;;10238.0;0.0
av_SUGAR_d0;900;ASH_COATED_OSMIUM;9910;21;9907;17;;;9916;18;9920;15;;;9913.0;0.0
av_SUGAR_d0;900;INTARIAN_PEPPER_ROOT;10232;10;10228;23;;;10242;14;10244;27;;;10237.0;0.0
av_SUGAR_d0;1000;ASH_COATED_OSMIUM;9907;16;9903;16;;;9919;5;9922;22;;;9913.0;0.0
av_SUGAR_d0;1000;INTARIAN_PEPPER_ROOT;10231;14;10227;26;;;10240;6;10244;29;;;10235.5;0.0
av_SUGAR_d0;1100;ASH_COATED_OSMIUM;9908;22;9906;24;;;9919;24;9923;22;;;9913.5;0.0
av_SUGAR_d0;1100;INTARIAN_PEPPER_ROOT;10230;19;10228;25;;;10236;15;10240;23;;;10233.0;0.0
av_SUGAR_d0;1200;ASH_COATED_OSMIUM;9909;18;9906;20;;;9916;15;9920;13;;;9912.5;0.0
av_SUGAR_d0;1200;INTARIAN_PEPPER_ROOT;10229;7;10227;15;;;10235;13;10237;15;;;10232.0;0.0
av_SUGAR_d0;1300;ASH_COATED_OSMIUM;9909;15;9905;20;;;9915;20;9919;18;;;9912.0;0.0
av_SUGAR_d0;1300;INTARIAN_PEPPER_ROOT;10227;17;10223;18;;;10233;13;10236;16;;;10230.0;0.0
av_SUGAR_d0;1400;ASH_COATED_OSMIUM;9904;16;9900;15;;;9921;5;9924;19;;;9912.5;0.0
av_SUGAR_d0;1400;INTARIAN_PEPPER_ROOT;10220;15;10218;15;;;10237;20;10240;18;;;10228.5;0.0
av_SUGAR_d0;1500;ASH_COATED_OSMIUM;9910;8;9908;19;;;9916;22;9918;14;;;9913.0;0.0
av_SUGAR_d0;1500;INTARIAN_PEPPER_ROOT;10224;15;10220;8;;;10230;5;10233;17;;;10227.0;0.0
av_SUGAR_d0;1600;ASH_COATED_OSMIUM;9905;9;9903;29;;;9919;19;9923;20;;;9912.0;0.0
av_SUGAR_d0;1600;INTARIAN_PEPPER_ROOT;10222;19;10218;21;;;10230;14;10233;11;;;10226.0;0.0
av_SUGAR_d0;1700;ASH_COATED_OSMIUM;9909;12;9905;15;;;9915;6;9919;13;;;9912.0;0.0
av_SUGAR_d0;1700;INTARIAN_PEPPER_ROOT;10221;22;10217;24;;;10227;16;10230;18;;;10224.0;0.0
av_SUGAR_d0;1800;ASH_COATED_OSMIUM;9886;20;9883;28;;;9940;14;9942;26;;;9913.0;0.0
av_SUGAR_d0;1800;INTARIAN_PEPPER_ROOT;10220;18;10216;21;;;10226;5;10229;16;;;10223.0;0.0
av_SUGAR_d0;1900;ASH_COATED_OSMIUM;9910;23;9908;13;;;9916;19;9920;17;;;9913.0;0.0
av_SUGAR_d0;1900;INTARIAN_PEPPER_ROOT;10219;15;10217;28;;;10225;18;10227;22;;;10222.0;0.0
av_SUGAR_d0;2000;ASH_COATED_OSMIUM;9910;13;9907;21;;;9916;6;9920;14;;;9913.0;0.0
av_SUGAR_d0;2000;INTARIAN_PEPPER_ROOT;10218;14;10215;16;;;10224;10;10227;19;;;10221.0;0.0
av_SUGAR_d0;2100;ASH_COATED_OSMIUM;9910;5;9907;11;;;9916;17;9920;16;;;9913.0;0.0
av_SUGAR_d0;2100;INTARIAN_PEPPER_ROOT;10214;14;10210;20;;;10224;19;10228;19;;;10219.0;0.0
av_SUGAR_d0;2200;ASH_COATED_OSMIUM;9900;19;9898;16;;;9926;17;9929;28;;;9913.0;0.0
av_SUGAR_d0;2200;INTARIAN_PEPPER_ROOT;10215;14;10213;16;;;10221;11;10223;15;;;10218.0;0.0
av_SUGAR_d0;2300;ASH_COATED_OSMIUM;9910;10;9906;13;;;9916;14;9919;22;;;9913.0;0.0
av_SUGAR_d0;2300;INTARIAN_PEPPER_ROOT;10212;19;10210;26;;;10218;18;10222;22;;;10215.0;0.0
av_SUGAR_d0;2400;ASH_COATED_OSMIUM;9910;14;9906;27;;;9916;18;9920;23;;;9913.0;0.0
av_SUGAR_d0;2400;INTARIAN_PEPPER_ROOT;10211;13;10207;26;;;10217;18;10221;22;;;10214.0;0.0
av_SUGAR_d0;2500;ASH_COATED_OSMIUM;9908;15;9904;24;;;9919;17;9921;26;;;9913.5;0.0
av_SUGAR_d0;2500;INTARIAN_PEPPER_ROOT;10210;17;10208;16;;;10216;20;10218;16;;;10213.0;0.0
av_SUGAR_d0;2600;ASH_COATED_OSMIUM;9907;11;9903;22;;;9919;18;9921;18;;;9913.0;0.0
av_SUGAR_d0;2600;INTARIAN_PEPPER_ROOT;10209;18;10207;22;;;10215;18;10217;24;;;10212.0;0.0
av_SUGAR_d0;2700;ASH_COATED_OSMIUM;9902;12;9899;24;;;9923;24;9927;26;;;9912.5;0.0
av_SUGAR_d0;2700;INTARIAN_PEPPER_ROOT;10207;27;10203;26;;;10213;14;10217;16;;;10210.0;0.0
av_SUGAR_d0;2800;ASH_COATED_OSMIUM;9908;11;9906;21;;;9919;21;9921;8;;;9913.5;0.0
av_SUGAR_d0;2800;INTARIAN_PEPPER_ROOT;10203;14;10199;18;;;10214;6;10216;27;;;10208.5;0.0
av_SUGAR_d0;2900;ASH_COATED_OSMIUM;9910;19;9907;17;;;9918;13;9922;13;;;9914.0;0.0
av_SUGAR_d0;2900;INTARIAN_PEPPER_ROOT;10204;16;10200;16;;;10210;21;10213;21;;;10207.0;0.0
av_SUGAR_d0;3000;ASH_COATED_OSMIUM;9910;13;9907;16;;;9916;19;9918;17;;;9913.0;0.0
av_SUGAR_d0;3000;INTARIAN_PEPPER_ROOT;10203;7;10199;17;;;10209;11;10213;11;;;10206.0;0.0
av_SUGAR_d0;3100;ASH_COATED_OSMIUM;9910;16;9908;17;;;9916;5;9919;16;;;9913.0;0.0
av_SUGAR_d0;3100;INTARIAN_PEPPER_ROOT;10200;8;10197;21;;;10207;14;10209;25;;;10203.5;0.0
av_SUGAR_d0;3200;ASH_COATED_OSMIUM;9910;15;9906;14;;;9916;9;9918;16;;;9913.0;0.0
av_SUGAR_d0;3200;INTARIAN_PEPPER_ROOT;10188;21;10184;17;;;10218;27;10222;17;;;10203.0;0.0
av_SUGAR_d0;3300;ASH_COATED_OSMIUM;9906;16;9902;13;;;9921;16;9925;17;;;9913.5;0.0
av_SUGAR_d0;3300;INTARIAN_PEPPER_ROOT;10197;13;10193;25;;;10204;15;10206;20;;;10200.5;0.0
av_SUGAR_d0;3400;ASH_COATED_OSMIUM;9905;7;9903;26;;;9922;18;9926;23;;;9913.5;0.0
av_SUGAR_d0;3400;INTARIAN_PEPPER_ROOT;10196;12;10193;10;;;10202;8;10204;19;;;10199.0;0.0
av_SUGAR_d0;3500;ASH_COATED_OSMIUM;9910;23;9906;23;;;9916;19;9919;8;;;9913.0;0.0
av_SUGAR_d0;3500;INTARIAN_PEPPER_ROOT;10195;5;10192;11;;;10201;18;10205;23;;;10198.0;0.0
av_SUGAR_d0;3600;ASH_COATED_OSMIUM;9909;10;9906;18;;;9918;19;9920;14;;;9913.5;0.0
av_SUGAR_d0;3600;INTARIAN_PEPPER_ROOT;10191;18;10188;17;;;10201;12;10204;14;;;10196.0;0.0
av_SUGAR_d0;3700;ASH_COATED_OSMIUM;9911;15;9909;12;;;9917;9;9920;21;;;9914.0;0.0
av_SUGAR_d0;3700;INTARIAN_PEPPER_ROOT;10192;13;10188;21;;;10198;10;10200;26;;;10195.0;0.0
av_SUGAR_d0;3800;ASH_COATED_OSMIUM;9908;15;9905;21;;;9920;14;9922;17;;;9914.0;0.0
av_SUGAR_d0;3800;INTARIAN_PEPPER_ROOT;10187;8;10183;23;;;10200;15;10203;19;;;10193.5;0.0
av_SUGAR_d0;3900;ASH_COATED_OSMIUM;9907;17;9905;25;;;9920;23;9924;24;;;9913.5;0.0
av_SUGAR_d0;3900;INTARIAN_PEPPER_ROOT;10189;12;10186;21;;;10195;11;10197;8;;;10192.0;0.0
av_SUGAR_d0;4000;ASH_COATED_OSMIUM;9907;14;9904;13;;;9920;19;9924;15;;;9913.5;0.0
av_SUGAR_d0;4000;INTARIAN_PEPPER_ROOT;10188;22;10186;21;;;10194;17;10197;14;;;10191.0;0.0
av_SUGAR_d0;4100;ASH_COATED_OSMIUM;9909;13;9905;24;;;9919;17;9923;25;;;9914.0;0.0
av_SUGAR_d0;4100;INTARIAN_PEPPER_ROOT;10185;11;10182;25;;;10193;17;10197;19;;;10189.0;0.0
av_SUGAR_d0;4200;ASH_COATED_OSMIUM;9911;13;9907;20;;;9917;9;9919;24;;;9914.0;0.0
av_SUGAR_d0;4200;INTARIAN_PEPPER_ROOT;10183;21;10181;12;;;10190;16;10194;25;;;10186.5;0.0
av_SUGAR_d0;4300;ASH_COATED_OSMIUM;9910;15;9908;14;;;9916;12;9919;15;;;9913.0;0.0
av_SUGAR_d0;4300;INTARIAN_PEPPER_ROOT;10183;8;10179;20;;;10189;12;10192;23;;;10186.0;0.0
av_SUGAR_d0;4400;ASH_COATED_OSMIUM;9908;12;9904;18;;;9920;17;9922;18;;;9914.0;0.0
av_SUGAR_d0;4400;INTARIAN_PEPPER_ROOT;10181;16;10179;23;;;10187;12;10190;18;;;10184.0;0.0
av_SUGAR_d0;4500;ASH_COATED_OSMIUM;9904;21;9900;12;;;9922;22;9926;26;;;9913.0;0.0
av_SUGAR_d0;4500;INTARIAN_PEPPER_ROOT;10180;9;10178;16;;;10186;9;10188;24;;;10183.0;0.0
av_SUGAR_d0;4600;ASH_COATED_OSMIUM;9909;8;9906;28;;;9919;20;9921;20;;;9914.0;0.0
av_SUGAR_d0;4600;INTARIAN_PEPPER_ROOT;10155;13;10152;19;;;10209;8;10212;21;;;10182.0;0.0
av_SUGAR_d0;4700;ASH_COATED_OSMIUM;9911;6;9907;20;;;9917;23;9919;20;;;9914.0;0.0
av_SUGAR_d0;4700;INTARIAN_PEPPER_ROOT;10172;19;10169;20;;;10188;5;10191;16;;;10180.0;0.0
av_SUGAR_d0;4800;ASH_COATED_OSMIUM;9910;9;9908;35;;;9916;22;9920;26;;;9913.0;0.0
av_SUGAR_d0;4800;INTARIAN_PEPPER_ROOT;10176;20;10173;24;;;10184;7;10187;23;;;10180.0;0.0
av_SUGAR_d0;4900;ASH_COATED_OSMIUM;9911;18;9907;8;;;9917;5;9919;31;;;9914.0;0.0
av_SUGAR_d0;4900;INTARIAN_PEPPER_ROOT;10175;12;10172;22;;;10181;18;10185;17;;;10178.0;0.0
av_SUGAR_d0;5000;ASH_COATED_OSMIUM;9911;16;9907;20;;;9918;7;9920;10;;;9914.5;0.0
av_SUGAR_d0;5000;INTARIAN_PEPPER_ROOT;10169;12;10165;24;;;10183;12;10185;21;;;10176.0;0.0
av_SUGAR_d0;5100;ASH_COATED_OSMIUM;9905;16;9903;21;;;9924;19;9926;10;;;9914.5;0.0
av_SUGAR_d0;5100;INTARIAN_PEPPER_ROOT;10171;18;10168;13;;;10177;22;10180;27;;;10174.0;0.0
av_SUGAR_d0;5200;ASH_COATED_OSMIUM;9911;7;9908;22;;;9917;15;9919;19;;;9914.0;0.0
av_SUGAR_d0;5200;INTARIAN_PEPPER_ROOT;10170;17;10168;12;;;10176;20;10178;13;;;10173.0;0.0
av_SUGAR_d0;5300;ASH_COATED_OSMIUM;9908;10;9905;20;;;9920;11;9922;28;;;9914.0;0.0
av_SUGAR_d0;5300;INTARIAN_PEPPER_ROOT;10168;17;10165;26;;;10174;22;10176;22;;;10171.0;0.0
av_SUGAR_d0;5400;ASH_COATED_OSMIUM;9907;12;9903;20;;;9921;11;9923;13;;;9914.0;0.0
av_SUGAR_d0;5400;INTARIAN_PEPPER_ROOT;10167;12;10164;22;;;10173;22;10175;25;;;10170.0;0.0
av_SUGAR_d0;5500;ASH_COATED_OSMIUM;9911;20;9907;21;;;9917;12;9920;20;;;9914.0;0.0
av_SUGAR_d0;5500;INTARIAN_PEPPER_ROOT;10159;13;10155;17;;;10177;9;10180;12;;;10168.0;0.0
av_SUGAR_d0;5600;ASH_COATED_OSMIUM;9910;7;9908;20;;;9917;17;9919;18;;;9913.5;0.0
av_SUGAR_d0;5600;INTARIAN_PEPPER_ROOT;10163;7;10161;16;;;10172;16;10176;33;;;10167.5;0.0
av_SUGAR_d0;5700;ASH_COATED_OSMIUM;9911;14;9907;19;;;9917;13;9921;29;;;9914.0;0.0
av_SUGAR_d0;5700;INTARIAN_PEPPER_ROOT;10162;15;10160;13;;;10169;15;10171;20;;;10165.5;0.0
av_SUGAR_d0;5800;ASH_COATED_OSMIUM;9911;17;9907;16;;;9917;9;9921;21;;;9914.0;0.0
av_SUGAR_d0;5800;INTARIAN_PEPPER_ROOT;10158;11;10154;17;;;10171;14;10173;19;;;10164.5;0.0
av_SUGAR_d0;5900;ASH_COATED_OSMIUM;9911;9;9907;17;;;9917;18;9921;21;;;9914.0;0.0
av_SUGAR_d0;5900;INTARIAN_PEPPER_ROOT;10159;9;10156;22;;;10165;18;10167;28;;;10162.0;0.0
av_SUGAR_d0;6000;ASH_COATED_OSMIUM;9908;9;9904;13;;;9919;9;9922;19;;;9913.5;0.0
av_SUGAR_d0;6000;INTARIAN_PEPPER_ROOT;10158;12;10155;20;;;10164;14;10168;28;;;10161.0;0.0
av_SUGAR_d0;6100;ASH_COATED_OSMIUM;9912;18;9909;11;;;9918;18;9922;27;;;9915.0;0.0
av_SUGAR_d0;6100;INTARIAN_PEPPER_ROOT;10155;12;10153;24;;;10164;16;10167;23;;;10159.5;0.0
av_SUGAR_d0;6200;ASH_COATED_OSMIUM;9911;16;9907;21;;;9917;14;9919;20;;;9914.0;0.0
av_SUGAR_d0;6200;INTARIAN_PEPPER_ROOT;10153;17;10149;23;;;10164;13;10166;21;;;10158.5;0.0
av_SUGAR_d0;6300;ASH_COATED_OSMIUM;9911;10;9909;14;;;9917;16;9920;19;;;9914.0;0.0
av_SUGAR_d0;6300;INTARIAN_PEPPER_ROOT;10146;17;10144;19;;;10167;23;10169;11;;;10156.5;0.0
av_SUGAR_d0;6400;ASH_COATED_OSMIUM;9911;19;9909;13;;;9917;19;9919;16;;;9914.0;0.0
av_SUGAR_d0;6400;INTARIAN_PEPPER_ROOT;10152;5;10149;23;;;10158;10;10161;20;;;10155.0;0.0
av_SUGAR_d0;6500;ASH_COATED_OSMIUM;9911;10;9909;18;;;9917;16;9921;20;;;9914.0;0.0
av_SUGAR_d0;6500;INTARIAN_PEPPER_ROOT;10150;15;10148;23;;;10156;19;10160;19;;;10153.0;0.0
av_SUGAR_d0;6600;ASH_COATED_OSMIUM;9901;10;9897;16;;;9927;19;9931;20;;;9914.0;0.0
av_SUGAR_d0;6600;INTARIAN_PEPPER_ROOT;10149;13;10145;16;;;10155;17;10158;17;;;10152.0;0.0
av_SUGAR_d0;6700;ASH_COATED_OSMIUM;9907;11;9905;22;;;9921;18;9923;21;;;9914.0;0.0
av_SUGAR_d0;6700;INTARIAN_PEPPER_ROOT;10147;10;10143;21;;;10153;9;10156;9;;;10150.0;0.0
av_SUGAR_d0;6800;ASH_COATED_OSMIUM;9912;6;9910;25;;;9918;18;9922;16;;;9915.0;0.0
av_SUGAR_d0;6800;INTARIAN_PEPPER_ROOT;10144;8;10140;19;;;10154;17;10156;17;;;10149.0;0.0
av_SUGAR_d0;6900;ASH_COATED_OSMIUM;9911;13;9909;26;;;9917;7;9920;13;;;9914.0;0.0
av_SUGAR_d0;6900;INTARIAN_PEPPER_ROOT;10141;19;10137;14;;;10156;7;10160;16;;;10148.5;0.0
av_SUGAR_d0;7000;ASH_COATED_OSMIUM;9912;8;9910;19;;;9918;11;9922;17;;;9915.0;0.0
av_SUGAR_d0;7000;INTARIAN_PEPPER_ROOT;10143;14;10140;17;;;10149;12;10153;18;;;10146.0;0.0
av_SUGAR_d0;7100;ASH_COATED_OSMIUM;9911;19;9908;14;;;9917;10;9919;22;;;9914.0;0.0
av_SUGAR_d0;7100;INTARIAN_PEPPER_ROOT;10142;19;10139;20;;;10148;23;10152;22;;;10145.0;0.0
av_SUGAR_d0;7200;ASH_COATED_OSMIUM;9912;19;9908;18;;;9918;13;9920;28;;;9915.0;0.0
av_SUGAR_d0;7200;INTARIAN_PEPPER_ROOT;10139;5;10135;27;;;10147;21;10149;17;;;10143.0;0.0
av_SUGAR_d0;7300;ASH_COATED_OSMIUM;9912;15;9909;16;;;9918;8;9922;21;;;9915.0;0.0
av_SUGAR_d0;7300;INTARIAN_PEPPER_ROOT;10134;15;10132;12;;;10150;21;10152;17;;;10142.0;0.0
av_SUGAR_d0;7400;ASH_COATED_OSMIUM;9911;16;9909;24;;;9918;5;9922;18;;;9914.5;0.0
av_SUGAR_d0;7400;INTARIAN_PEPPER_ROOT;10137;17;10133;21;;;10143;17;10145;25;;;10140.0;0.0
av_SUGAR_d0;7500;ASH_COATED_OSMIUM;9905;12;9903;21;;;9923;12;9926;21;;;9914.0;0.0
av_SUGAR_d0;7500;INTARIAN_PEPPER_ROOT;10135;13;10131;22;;;10142;16;10144;9;;;10138.5;0.0
av_SUGAR_d0;7600;ASH_COATED_OSMIUM;9912;13;9908;21;;;9918;13;9922;15;;;9915.0;0.0
av_SUGAR_d0;7600;INTARIAN_PEPPER_ROOT;10134;16;10130;20;;;10140;18;10142;12;;;10137.0;0.0
av_SUGAR_d0;7700;ASH_COATED_OSMIUM;9911;12;9909;29;;;9917;14;9920;18;;;9914.0;0.0
av_SUGAR_d0;7700;INTARIAN_PEPPER_ROOT;10131;9;10129;21;;;10142;11;10145;15;;;10136.5;0.0
av_SUGAR_d0;7800;ASH_COATED_OSMIUM;9912;12;9910;22;;;9918;17;9920;20;;;9915.0;0.0
av_SUGAR_d0;7800;INTARIAN_PEPPER_ROOT;10128;14;10125;20;;;10140;20;10144;17;;;10134.0;0.0
av_SUGAR_d0;7900;ASH_COATED_OSMIUM;9909;13;9905;28;;;9922;8;9925;10;;;9915.5;0.0
av_SUGAR_d0;7900;INTARIAN_PEPPER_ROOT;10129;10;10126;16;;;10137;19;10140;15;;;10133.0;0.0
av_SUGAR_d0;8000;ASH_COATED_OSMIUM;9911;20;9908;20;;;9917;16;9920;14;;;9914.0;0.0
av_SUGAR_d0;8000;INTARIAN_PEPPER_ROOT;10129;8;10125;19;;;10135;6;10139;21;;;10132.0;0.0
av_SUGAR_d0;8100;ASH_COATED_OSMIUM;9912;17;9909;16;;;9918;25;9921;18;;;9915.0;0.0
av_SUGAR_d0;8100;INTARIAN_PEPPER_ROOT;10127;5;10123;19;;;10133;5;10135;15;;;10130.0;0.0
av_SUGAR_d0;8200;ASH_COATED_OSMIUM;9907;17;9903;20;;;9922;21;9926;20;;;9914.5;0.0
av_SUGAR_d0;8200;INTARIAN_PEPPER_ROOT;10125;14;10122;19;;;10131;13;10133;16;;;10128.0;0.0
av_SUGAR_d0;8300;ASH_COATED_OSMIUM;9912;11;9909;15;;;9918;14;9920;20;;;9915.0;0.0
av_SUGAR_d0;8300;INTARIAN_PEPPER_ROOT;10122;15;10119;21;;;10132;13;10135;22;;;10127.0;0.0
av_SUGAR_d0;8400;ASH_COATED_OSMIUM;9912;12;9908;22;;;9918;14;9922;17;;;9915.0;0.0
av_SUGAR_d0;8400;INTARIAN_PEPPER_ROOT;10122;11;10119;15;;;10129;22;10133;19;;;10125.5;0.0
av_SUGAR_d0;8500;ASH_COATED_OSMIUM;9912;11;9909;8;;;9918;20;9922;20;;;9915.0;0.0
av_SUGAR_d0;8500;INTARIAN_PEPPER_ROOT;10121;13;10119;19;;;10127;19;10129;27;;;10124.0;0.0
av_SUGAR_d0;8600;ASH_COATED_OSMIUM;9912;27;9909;20;;;9919;11;9923;18;;;9915.5;0.0
av_SUGAR_d0;8600;INTARIAN_PEPPER_ROOT;10105;19;10102;32;;;10140;21;10142;16;;;10122.5;0.0
av_SUGAR_d0;8700;ASH_COATED_OSMIUM;9912;17;9909;21;;;9918;11;9920;17;;;9915.0;0.0
av_SUGAR_d0;8700;INTARIAN_PEPPER_ROOT;10118;11;10116;12;;;10124;21;10128;17;;;10121.0;0.0
av_SUGAR_d0;8800;ASH_COATED_OSMIUM;9912;5;9908;23;;;9918;8;9921;31;;;9915.0;0.0
av_SUGAR_d0;8800;INTARIAN_PEPPER_ROOT;10114;23;10110;8;;;10125;20;10128;23;;;10119.5;0.0
av_SUGAR_d0;8900;ASH_COATED_OSMIUM;9912;9;9909;25;;;9918;15;9920;26;;;9915.0;0.0
av_SUGAR_d0;8900;INTARIAN_PEPPER_ROOT;10115;16;10113;17;;;10121;8;10124;21;;;10118.0;0.0
av_SUGAR_d0;9000;ASH_COATED_OSMIUM;9906;20;9902;21;;;9924;14;9926;16;;;9915.0;0.0
av_SUGAR_d0;9000;INTARIAN_PEPPER_ROOT;10112;21;10110;25;;;10122;17;10126;8;;;10117.0;0.0
av_SUGAR_d0;9100;ASH_COATED_OSMIUM;9912;11;9908;25;;;9918;18;9920;16;;;9915.0;0.0
av_SUGAR_d0;9100;INTARIAN_PEPPER_ROOT;10106;21;10104;18;;;10125;16;10127;16;;;10115.5;0.0
av_SUGAR_d0;9200;ASH_COATED_OSMIUM;9907;5;9905;23;;;9924;19;9926;22;;;9915.5;0.0
av_SUGAR_d0;9200;INTARIAN_PEPPER_ROOT;10110;22;10106;23;;;10116;13;10119;13;;;10113.0;0.0
av_SUGAR_d0;9300;ASH_COATED_OSMIUM;9912;14;9908;22;;;9918;11;9922;20;;;9915.0;0.0
av_SUGAR_d0;9300;INTARIAN_PEPPER_ROOT;10107;16;10104;26;;;10118;19;10121;21;;;10112.5;0.0
av_SUGAR_d0;9400;ASH_COATED_OSMIUM;9907;15;9904;19;;;9923;12;9926;23;;;9915.0;0.0
av_SUGAR_d0;9400;INTARIAN_PEPPER_ROOT;10108;20;10104;27;;;10114;18;10116;29;;;10111.0;0.0
av_SUGAR_d0;9500;ASH_COATED_OSMIUM;9912;10;9908;26;;;9918;14;9920;28;;;9915.0;0.0
av_SUGAR_d0;9500;INTARIAN_PEPPER_ROOT;10106;17;10103;24;;;10112;18;10116;19;;;10109.0;0.0
av_SUGAR_d0;9600;ASH_COATED_OSMIUM;9900;16;9897;12;;;9930;17;9932;14;;;9915.0;0.0
av_SUGAR_d0;9600;INTARIAN_PEPPER_ROOT;10105;12;10102;13;;;10111;11;10115;16;;;10108.0;0.0
av_SUGAR_d0;9700;ASH_COATED_OSMIUM;9912;16;9910;21;;;9918;17;9922;23;;;9915.0;0.0
av_SUGAR_d0;9700;INTARIAN_PEPPER_ROOT;10103;9;10100;23;;;10109;23;10113;17;;;10106.0;0.0
av_SUGAR_d0;9800;ASH_COATED_OSMIUM;9911;17;9908;19;;;9919;17;9922;27;;;9915.0;0.0
av_SUGAR_d0;9800;INTARIAN_PEPPER_ROOT;10101;5;10099;17;;;10108;13;10112;21;;;10104.5;0.0
av_SUGAR_d0;9900;ASH_COATED_OSMIUM;9911;19;9907;34;;;9919;16;9922;14;;;9915.0;0.0
av_SUGAR_d0;9900;INTARIAN_PEPPER_ROOT;10099;15;10095;13;;;10107;18;10111;13;;;10103.0;0.0
av_SUGAR_d0;10000;ASH_COATED_OSMIUM;9911;11;9909;15;;;9920;9;9922;16;;;9915.5;0.0
av_SUGAR_d0;10000;INTARIAN_PEPPER_ROOT;10097;16;10095;11;;;10106;16;10110;20;;;10101.5;0.0
av_SUGAR_d0;10100;ASH_COATED_OSMIUM;9913;20;9910;26;;;9919;7;9921;15;;;9916.0;0.0
av_SUGAR_d0;10100;INTARIAN_PEPPER_ROOT;10097;22;10093;12;;;10103;6;10105;14;;;10100.0;0.0
av_SUGAR_d0;10200;ASH_COATED_OSMIUM;9912;6;9909;19;;;9920;12;9923;22;;;9916.0;0.0
av_SUGAR_d0;10200;INTARIAN_PEPPER_ROOT;10092;17;10089;21;;;10106;10;10110;20;;;10099.0;0.0
av_SUGAR_d0;10300;ASH_COATED_OSMIUM;9905;14;9902;18;;;9927;18;9929;13;;;9916.0;0.0
av_SUGAR_d0;10300;INTARIAN_PEPPER_ROOT;10094;6;10090;13;;;10101;16;10105;14;;;10097.5;0.0
av_SUGAR_d0;10400;ASH_COATED_OSMIUM;9905;18;9901;22;;;9925;20;9929;20;;;9915.0;0.0
av_SUGAR_d0;10400;INTARIAN_PEPPER_ROOT;10090;16;10088;18;;;10101;11;10103;11;;;10095.5;0.0
av_SUGAR_d0;10500;ASH_COATED_OSMIUM;9912;15;9909;20;;;9919;15;9922;17;;;9915.5;0.0
av_SUGAR_d0;10500;INTARIAN_PEPPER_ROOT;10082;14;10078;12;;;10107;15;10111;24;;;10094.5;0.0
av_SUGAR_d0;10600;ASH_COATED_OSMIUM;9905;26;9903;25;;;9927;21;9931;17;;;9916.0;0.0
av_SUGAR_d0;10600;INTARIAN_PEPPER_ROOT;10088;20;10084;24;;;10096;17;10098;27;;;10092.0;0.0
av_SUGAR_d0;10700;ASH_COATED_OSMIUM;9913;19;9910;24;;;9919;12;9923;19;;;9916.0;0.0
av_SUGAR_d0;10700;INTARIAN_PEPPER_ROOT;10088;11;10085;13;;;10094;19;10098;21;;;10091.0;0.0
av_SUGAR_d0;10800;ASH_COATED_OSMIUM;9908;12;9905;20;;;9923;26;9926;18;;;9915.5;0.0
av_SUGAR_d0;10800;INTARIAN_PEPPER_ROOT;10084;10;10081;22;;;10096;19;10099;17;;;10090.0;0.0
av_SUGAR_d0;10900;ASH_COATED_OSMIUM;9910;6;9908;18;;;9920;18;9923;19;;;9915.0;0.0
av_SUGAR_d0;10900;INTARIAN_PEPPER_ROOT;10086;9;10082;16;;;10092;24;10096;24;;;10089.0;0.0
av_SUGAR_d0;11000;ASH_COATED_OSMIUM;9913;10;9909;18;;;9919;16;9921;25;;;9916.0;0.0
av_SUGAR_d0;11000;INTARIAN_PEPPER_ROOT;10084;9;10082;19;;;10090;20;10092;23;;;10087.0;0.0
av_SUGAR_d0;11100;ASH_COATED_OSMIUM;9912;13;9910;22;;;9918;12;9921;26;;;9915.0;0.0
av_SUGAR_d0;11100;INTARIAN_PEPPER_ROOT;10082;16;10080;17;;;10088;5;10091;18;;;10085.0;0.0
av_SUGAR_d0;11200;ASH_COATED_OSMIUM;9913;13;9910;20;;;9919;13;9922;19;;;9916.0;0.0
av_SUGAR_d0;11200;INTARIAN_PEPPER_ROOT;10081;10;10079;13;;;10087;10;10089;12;;;10084.0;0.0
av_SUGAR_d0;11300;ASH_COATED_OSMIUM;9911;14;9908;16;;;9921;19;9924;31;;;9916.0;0.0
av_SUGAR_d0;11300;INTARIAN_PEPPER_ROOT;10074;7;10070;13;;;10093;17;10095;16;;;10083.5;0.0
av_SUGAR_d0;11400;ASH_COATED_OSMIUM;9913;12;9911;20;;;9919;15;9923;15;;;9916.0;0.0
av_SUGAR_d0;11400;INTARIAN_PEPPER_ROOT;10070;21;10068;15;;;10092;18;10094;20;;;10081.0;0.0
av_SUGAR_d0;11500;ASH_COATED_OSMIUM;9906;20;9903;26;;;9925;17;9927;29;;;9915.5;0.0
av_SUGAR_d0;11500;INTARIAN_PEPPER_ROOT;10076;13;10073;22;;;10082;21;10086;22;;;10079.0;0.0
av_SUGAR_d0;11600;ASH_COATED_OSMIUM;9908;19;9904;20;;;9925;12;9927;15;;;9916.5;0.0
av_SUGAR_d0;11600;INTARIAN_PEPPER_ROOT;10075;18;10072;22;;;10082;15;10084;20;;;10078.5;0.0
av_SUGAR_d0;11700;ASH_COATED_OSMIUM;9913;20;9909;24;;;9919;17;9922;14;;;9916.0;0.0
av_SUGAR_d0;11700;INTARIAN_PEPPER_ROOT;10067;8;10063;18;;;10085;9;10088;23;;;10076.0;0.0
av_SUGAR_d0;11800;ASH_COATED_OSMIUM;9913;12;9911;20;;;9919;17;9922;23;;;9916.0;0.0
av_SUGAR_d0;11800;INTARIAN_PEPPER_ROOT;10070;14;10068;20;;;10081;14;10084;12;;;10075.5;0.0
av_SUGAR_d0;11900;ASH_COATED_OSMIUM;9911;11;9908;19;;;9921;13;9923;13;;;9916.0;0.0
av_SUGAR_d0;11900;INTARIAN_PEPPER_ROOT;10070;10;10068;18;;;10076;10;10079;19;;;10073.0;0.0
av_SUGAR_d0;12000;ASH_COATED_OSMIUM;9913;16;9911;16;;;9919;11;9922;18;;;9916.0;0.0
av_SUGAR_d0;12000;INTARIAN_PEPPER_ROOT;10057;20;10053;17;;;10086;15;10090;29;;;10071.5;0.0
av_SUGAR_d0;12100;ASH_COATED_OSMIUM;9900;23;9896;20;;;9932;17;9935;20;;;9916.0;0.0
av_SUGAR_d0;12100;INTARIAN_PEPPER_ROOT;10068;15;10066;19;;;10074;20;10077;20;;;10071.0;0.0
av_SUGAR_d0;12200;ASH_COATED_OSMIUM;9914;12;9912;23;;;9920;13;9922;18;;;9917.0;0.0
av_SUGAR_d0;12200;INTARIAN_PEPPER_ROOT;10063;17;10061;19;;;10076;21;10078;12;;;10069.5;0.0
av_SUGAR_d0;12300;ASH_COATED_OSMIUM;9910;18;9906;21;;;9922;11;9924;19;;;9916.0;0.0
av_SUGAR_d0;12300;INTARIAN_PEPPER_ROOT;10061;19;10058;10;;;10074;21;10078;15;;;10067.5;0.0
av_SUGAR_d0;12400;ASH_COATED_OSMIUM;9910;18;9906;29;;;9922;12;9924;18;;;9916.0;0.0
av_SUGAR_d0;12400;INTARIAN_PEPPER_ROOT;10062;22;10060;19;;;10070;16;10072;24;;;10066.0;0.0
av_SUGAR_d0;12500;ASH_COATED_OSMIUM;9910;12;9907;23;;;9923;15;9925;13;;;9916.5;0.0
av_SUGAR_d0;12500;INTARIAN_PEPPER_ROOT;10061;26;10058;19;;;10069;16;10072;23;;;10065.0;0.0
av_SUGAR_d0;12600;ASH_COATED_OSMIUM;9912;22;9908;21;;;9920;23;9923;22;;;9916.0;0.0
av_SUGAR_d0;12600;INTARIAN_PEPPER_ROOT;10052;18;10050;20;;;10076;10;10078;28;;;10064.0;0.0
av_SUGAR_d0;12700;ASH_COATED_OSMIUM;9914;15;9912;19;;;9920;11;9922;25;;;9917.0;0.0
av_SUGAR_d0;12700;INTARIAN_PEPPER_ROOT;10059;20;10057;13;;;10065;21;10068;14;;;10062.0;0.0
av_SUGAR_d0;12800;ASH_COATED_OSMIUM;9913;16;9910;17;;;9919;8;9921;16;;;9916.0;0.0
av_SUGAR_d0;12800;INTARIAN_PEPPER_ROOT;10057;21;10054;21;;;10064;19;10067;23;;;10060.5;0.0
av_SUGAR_d0;12900;ASH_COATED_OSMIUM;9913;15;9909;22;;;9919;11;9921;22;;;9916.0;0.0
av_SUGAR_d0;12900;INTARIAN_PEPPER_ROOT;10046;20;10044;18;;;10072;12;10074;24;;;10059.0;0.0
av_SUGAR_d0;13000;ASH_COATED_OSMIUM;9914;14;9912;23;;;9920;13;9924;23;;;9917.0;0.0
av_SUGAR_d0;13000;INTARIAN_PEPPER_ROOT;10050;13;10048;30;;;10065;9;10068;21;;;10057.5;0.0
av_SUGAR_d0;13100;ASH_COATED_OSMIUM;9913;19;9909;10;;;9919;9;9921;23;;;9916.0;0.0
av_SUGAR_d0;13100;INTARIAN_PEPPER_ROOT;10047;14;10043;18;;;10066;22;10070;17;;;10056.5;0.0
av_SUGAR_d0;13200;ASH_COATED_OSMIUM;9912;16;9910;20;;;9921;10;9925;17;;;9916.5;0.0
av_SUGAR_d0;13200;INTARIAN_PEPPER_ROOT;10049;8;10047;13;;;10061;27;10065;26;;;10055.0;0.0
av_SUGAR_d0;13300;ASH_COATED_OSMIUM;9914;18;9910;8;;;9920;12;9924;22;;;9917.0;0.0
av_SUGAR_d0;13300;INTARIAN_PEPPER_ROOT;10050;10;10047;25;;;10056;11;10058;25;;;10053.0;0.0
av_SUGAR_d0;13400;ASH_COATED_OSMIUM;9914;5;9911;22;;;9920;16;9923;20;;;9917.0;0.0
av_SUGAR_d0;13400;INTARIAN_PEPPER_ROOT;10048;15;10045;26;;;10055;17;10059;21;;;10051.5;0.0
av_SUGAR_d0;13500;ASH_COATED_OSMIUM;9912;18;9908;34;;;9922;18;9924;18;;;9917.0;0.0
av_SUGAR_d0;13500;INTARIAN_PEPPER_ROOT;10047;13;10045;19;;;10053;14;10055;20;;;10050.0;0.0
av_SUGAR_d0;13600;ASH_COATED_OSMIUM;9914;15;9910;18;;;9920;18;9923;18;;;9917.0;0.0
av_SUGAR_d0;13600;INTARIAN_PEPPER_ROOT;10041;16;10038;24;;;10056;13;10058;17;;;10048.5;0.0
av_SUGAR_d0;13700;ASH_COATED_OSMIUM;9914;12;9912;24;;;9920;10;9923;28;;;9917.0;0.0
av_SUGAR_d0;13700;INTARIAN_PEPPER_ROOT;10044;13;10040;18;;;10050;20;10053;16;;;10047.0;0.0
av_SUGAR_d0;13800;ASH_COATED_OSMIUM;9914;11;9912;24;;;9920;19;9923;32;;;9917.0;0.0
av_SUGAR_d0;13800;INTARIAN_PEPPER_ROOT;10017;16;10015;18;;;10075;12;10078;17;;;10046.0;0.0
av_SUGAR_d0;13900;ASH_COATED_OSMIUM;9914;8;9910;15;;;9920;15;9924;15;;;9917.0;0.0
av_SUGAR_d0;13900;INTARIAN_PEPPER_ROOT;10034;16;10030;21;;;10054;15;10057;21;;;10044.0;0.0
av_SUGAR_d0;14000;ASH_COATED_OSMIUM;9913;14;9909;9;;;9920;23;9923;19;;;9916.5;0.0
av_SUGAR_d0;14000;INTARIAN_PEPPER_ROOT;10033;24;10029;27;;;10053;9;10057;22;;;10043.0;0.0
av_SUGAR_d0;14100;ASH_COATED_OSMIUM;9914;13;9910;17;;;9920;19;9923;21;;;9917.0;0.0
av_SUGAR_d0;14100;INTARIAN_PEPPER_ROOT;10038;15;10034;25;;;10044;24;10046;21;;;10041.0;0.0
av_SUGAR_d0;14200;ASH_COATED_OSMIUM;9912;11;9910;23;;;9922;13;9926;13;;;9917.0;0.0
av_SUGAR_d0;14200;INTARIAN_PEPPER_ROOT;10034;17;10032;17;;;10043;6;10045;18;;;10038.5;0.0
av_SUGAR_d0;14300;ASH_COATED_OSMIUM;9912;11;9908;13;;;9922;16;9926;8;;;9917.0;0.0
av_SUGAR_d0;14300;INTARIAN_PEPPER_ROOT;10035;8;10033;15;;;10041;15;10043;16;;;10038.0;0.0
av_SUGAR_d0;14400;ASH_COATED_OSMIUM;9912;12;9908;23;;;9921;18;9924;15;;;9916.5;0.0
av_SUGAR_d0;14400;INTARIAN_PEPPER_ROOT;10031;9;10027;17;;;10043;18;10045;27;;;10037.0;0.0
av_SUGAR_d0;14500;ASH_COATED_OSMIUM;9914;23;9910;11;;;9920;9;9922;23;;;9917.0;0.0
av_SUGAR_d0;14500;INTARIAN_PEPPER_ROOT;10032;9;10028;23;;;10038;10;10041;17;;;10035.0;0.0
av_SUGAR_d0;14600;ASH_COATED_OSMIUM;9914;17;9912;24;;;9920;13;9924;25;;;9917.0;0.0
av_SUGAR_d0;14600;INTARIAN_PEPPER_ROOT;10031;21;10028;22;;;10037;11;10039;16;;;10034.0;0.0
av_SUGAR_d0;14700;ASH_COATED_OSMIUM;9914;18;9910;22;;;9920;16;9922;20;;;9917.0;0.0
av_SUGAR_d0;14700;INTARIAN_PEPPER_ROOT;10029;12;10026;20;;;10035;11;10037;28;;;10032.0;0.0
av_SUGAR_d0;14800;ASH_COATED_OSMIUM;9914;22;9911;16;;;9920;15;9923;19;;;9917.0;0.0
av_SUGAR_d0;14800;INTARIAN_PEPPER_ROOT;10027;19;10025;13;;;10033;17;10036;22;;;10030.0;0.0
av_SUGAR_d0;14900;ASH_COATED_OSMIUM;9912;16;9910;22;;;9921;14;9923;17;;;9916.5;0.0
av_SUGAR_d0;14900;INTARIAN_PEPPER_ROOT;10026;6;10024;23;;;10032;30;10035;20;;;10029.0;0.0
av_SUGAR_d0;15000;ASH_COATED_OSMIUM;9914;17;9910;18;;;9920;12;9922;22;;;9917.0;0.0
av_SUGAR_d0;15000;INTARIAN_PEPPER_ROOT;10015;12;10013;18;;;10040;14;10044;17;;;10027.5;0.0
av_SUGAR_d0;15100;ASH_COATED_OSMIUM;9914;27;9912;11;;;9920;18;9924;15;;;9917.0;0.0
av_SUGAR_d0;15100;INTARIAN_PEPPER_ROOT;10023;15;10019;13;;;10029;17;10031;26;;;10026.0;0.0
av_SUGAR_d0;15200;ASH_COATED_OSMIUM;9911;16;9907;21;;;9924;17;9928;21;;;9917.5;0.0
av_SUGAR_d0;15200;INTARIAN_PEPPER_ROOT;10014;13;10010;15;;;10035;13;10037;15;;;10024.5;0.0
av_SUGAR_d0;15300;ASH_COATED_OSMIUM;9914;19;9910;15;;;9920;8;9923;18;;;9917.0;0.0
av_SUGAR_d0;15300;INTARIAN_PEPPER_ROOT;10020;19;10016;18;;;10026;17;10030;23;;;10023.0;0.0
av_SUGAR_d0;15400;ASH_COATED_OSMIUM;9914;5;9911;18;;;9920;18;9923;22;;;9917.0;0.0
av_SUGAR_d0;15400;INTARIAN_PEPPER_ROOT;10018;11;10015;16;;;10024;17;10028;20;;;10021.0;0.0
av_SUGAR_d0;15500;ASH_COATED_OSMIUM;9914;22;9910;18;;;9920;18;9924;16;;;9917.0;0.0
av_SUGAR_d0;15500;INTARIAN_PEPPER_ROOT;10017;10;10014;20;;;10023;10;10025;23;;;10020.0;0.0
av_SUGAR_d0;15600;ASH_COATED_OSMIUM;9905;11;9901;23;;;9929;13;9933;21;;;9917.0;0.0
av_SUGAR_d0;15600;INTARIAN_PEPPER_ROOT;10016;24;10013;23;;;10022;13;10024;26;;;10019.0;0.0
av_SUGAR_d0;15700;ASH_COATED_OSMIUM;9914;12;9912;20;;;9920;17;9923;18;;;9917.0;0.0
av_SUGAR_d0;15700;INTARIAN_PEPPER_ROOT;10015;12;10011;20;;;10021;22;10024;12;;;10018.0;0.0
av_SUGAR_d0;15800;ASH_COATED_OSMIUM;9911;12;9909;22;;;9924;15;9927;15;;;9917.5;0.0
av_SUGAR_d0;15800;INTARIAN_PEPPER_ROOT;10013;19;10009;13;;;10019;22;10021;21;;;10016.0;0.0
av_SUGAR_d0;15900;ASH_COATED_OSMIUM;9914;16;9911;26;;;9921;12;9923;19;;;9917.5;0.0
av_SUGAR_d0;15900;INTARIAN_PEPPER_ROOT;10011;12;10007;22;;;10019;20;10023;20;;;10015.0;0.0
av_SUGAR_d0;16000;ASH_COATED_OSMIUM;9914;13;9912;16;;;9920;7;9924;17;;;9917.0;0.0
av_SUGAR_d0;16000;INTARIAN_PEPPER_ROOT;10010;7;10006;11;;;10016;11;10019;22;;;10013.0;0.0
av_SUGAR_d0;16100;ASH_COATED_OSMIUM;9914;18;9912;20;;;9920;18;9922;22;;;9917.0;0.0
av_SUGAR_d0;16100;INTARIAN_PEPPER_ROOT;10005;17;10001;25;;;10018;10;10022;18;;;10011.5;0.0
av_SUGAR_d0;16200;ASH_COATED_OSMIUM;9911;17;9909;22;;;9924;11;9927;12;;;9917.5;0.0
av_SUGAR_d0;16200;INTARIAN_PEPPER_ROOT;10007;24;10003;17;;;10013;25;10016;27;;;10010.0;0.0
av_SUGAR_d0;16300;ASH_COATED_OSMIUM;9914;26;9911;14;;;9920;13;9924;21;;;9917.0;0.0
av_SUGAR_d0;16300;INTARIAN_PEPPER_ROOT;10005;18;10001;25;;;10011;13;10014;24;;;10008.0;0.0
av_SUGAR_d0;16400;ASH_COATED_OSMIUM;9909;23;9907;11;;;9926;13;9929;21;;;9917.5;0.0
av_SUGAR_d0;16400;INTARIAN_PEPPER_ROOT;10004;21;10000;24;;;10010;22;10013;23;;;10007.0;0.0
av_SUGAR_d0;16500;ASH_COATED_OSMIUM;9915;12;9911;13;;;9921;24;9924;19;;;9918.0;0.0
av_SUGAR_d0;16500;INTARIAN_PEPPER_ROOT;10002;17;10000;25;;;10008;13;10011;15;;;10005.0;0.0
av_SUGAR_d0;16600;ASH_COATED_OSMIUM;9914;12;9912;19;;;9920;10;9923;26;;;9917.0;0.0
av_SUGAR_d0;16600;INTARIAN_PEPPER_ROOT;10001;17;9999;22;;;10007;13;10010;13;;;10004.0;0.0
av_SUGAR_d0;16700;ASH_COATED_OSMIUM;9914;12;9911;16;;;9920;21;9923;21;;;9917.0;0.0
av_SUGAR_d0;16700;INTARIAN_PEPPER_ROOT;9995;10;9992;25;;;10011;15;10013;15;;;10003.0;0.0
av_SUGAR_d0;16800;ASH_COATED_OSMIUM;9914;8;9910;17;;;9920;6;9923;21;;;9917.0;0.0
av_SUGAR_d0;16800;INTARIAN_PEPPER_ROOT;9999;21;9996;19;;;10005;19;10008;24;;;10002.0;0.0
av_SUGAR_d0;16900;ASH_COATED_OSMIUM;9914;16;9911;24;;;9921;5;9923;9;;;9917.5;0.0
av_SUGAR_d0;16900;INTARIAN_PEPPER_ROOT;9997;17;9994;32;;;10003;10;10005;13;;;10000.0;0.0
av_SUGAR_d0;17000;ASH_COATED_OSMIUM;9916;17;9912;22;;;9922;12;9925;21;;;9919.0;0.0
av_SUGAR_d0;17000;INTARIAN_PEPPER_ROOT;9997;6;9995;18;;;10003;16;10005;17;;;10000.0;0.0
av_SUGAR_d0;17100;ASH_COATED_OSMIUM;9915;9;9913;23;;;9921;7;9925;18;;;9918.0;0.0
av_SUGAR_d0;17100;INTARIAN_PEPPER_ROOT;9995;15;9992;25;;;10005;14;10008;29;;;10000.0;0.0
av_SUGAR_d0;17200;ASH_COATED_OSMIUM;9914;13;9911;14;;;9921;6;9924;18;;;9917.5;0.0
av_SUGAR_d0;17200;INTARIAN_PEPPER_ROOT;9999;13;9996;15;;;10005;20;10009;20;;;10002.0;0.0
av_SUGAR_d0;17300;ASH_COATED_OSMIUM;9914;13;9912;22;;;9921;5;9924;25;;;9917.5;0.0
av_SUGAR_d0;17300;INTARIAN_PEPPER_ROOT;9996;14;9993;8;;;10010;8;10014;19;;;10003.0;0.0
av_SUGAR_d0;17400;ASH_COATED_OSMIUM;9914;20;9911;16;;;9921;5;9923;18;;;9917.5;0.0
av_SUGAR_d0;17400;INTARIAN_PEPPER_ROOT;10000;14;9997;14;;;10006;12;10009;24;;;10003.0;0.0
av_SUGAR_d0;17500;ASH_COATED_OSMIUM;9914;19;9911;26;;;9921;19;9923;20;;;9917.5;0.0
av_SUGAR_d0;17500;INTARIAN_PEPPER_ROOT;10002;11;10000;21;;;10008;12;10012;20;;;10005.0;0.0
av_SUGAR_d0;17600;ASH_COATED_OSMIUM;9915;15;9913;23;;;9921;17;9925;25;;;9918.0;0.0
av_SUGAR_d0;17600;INTARIAN_PEPPER_ROOT;10000;10;9996;16;;;10012;17;10016;19;;;10006.0;0.0
av_SUGAR_d0;17700;ASH_COATED_OSMIUM;9915;13;9913;24;;;9921;5;9923;23;;;9918.0;0.0
av_SUGAR_d0;17700;INTARIAN_PEPPER_ROOT;10003;11;10000;12;;;10009;17;10012;27;;;10006.0;0.0
av_SUGAR_d0;17800;ASH_COATED_OSMIUM;9914;12;9912;16;;;9920;7;9922;21;;;9917.0;0.0
av_SUGAR_d0;17800;INTARIAN_PEPPER_ROOT;10001;12;9998;19;;;10015;9;10017;23;;;10008.0;0.0
av_SUGAR_d0;17900;ASH_COATED_OSMIUM;9915;9;9912;23;;;9921;20;9923;12;;;9918.0;0.0
av_SUGAR_d0;17900;INTARIAN_PEPPER_ROOT;10006;16;10003;18;;;10012;15;10015;17;;;10009.0;0.0
av_SUGAR_d0;18000;ASH_COATED_OSMIUM;9915;16;9913;27;;;9921;5;9923;18;;;9918.0;0.0
av_SUGAR_d0;18000;INTARIAN_PEPPER_ROOT;10007;11;10003;29;;;10013;22;10015;21;;;10010.0;0.0
av_SUGAR_d0;18100;ASH_COATED_OSMIUM;9915;18;9913;25;;;9921;16;9924;19;;;9918.0;0.0
av_SUGAR_d0;18100;INTARIAN_PEPPER_ROOT;10008;11;10006;34;;;10014;12;10017;17;;;10011.0;0.0
av_SUGAR_d0;18200;ASH_COATED_OSMIUM;9915;25;9911;18;;;9922;16;9926;24;;;9918.5;0.0
av_SUGAR_d0;18200;INTARIAN_PEPPER_ROOT;10009;11;10005;18;;;10015;22;10018;16;;;10012.0;0.0
av_SUGAR_d0;18300;ASH_COATED_OSMIUM;9915;11;9912;24;;;9921;15;9924;17;;;9918.0;0.0
av_SUGAR_d0;18300;INTARIAN_PEPPER_ROOT;10003;24;10000;14;;;10022;14;10024;18;;;10012.5;0.0
av_SUGAR_d0;18400;ASH_COATED_OSMIUM;9900;14;9896;20;;;9936;13;9940;9;;;9918.0;0.0
av_SUGAR_d0;18400;INTARIAN_PEPPER_ROOT;10002;17;10000;17;;;10027;5;10029;13;;;10014.5;0.0
av_SUGAR_d0;18500;ASH_COATED_OSMIUM;9915;14;9911;24;;;9921;10;9924;24;;;9918.0;0.0
av_SUGAR_d0;18500;INTARIAN_PEPPER_ROOT;10012;7;10008;22;;;10018;14;10021;16;;;10015.0;0.0
av_SUGAR_d0;18600;ASH_COATED_OSMIUM;9901;24;9898;13;;;9935;5;9937;19;;;9918.0;0.0
av_SUGAR_d0;18600;INTARIAN_PEPPER_ROOT;10013;5;10009;17;;;10019;8;10023;16;;;10016.0;0.0
av_SUGAR_d0;18700;ASH_COATED_OSMIUM;9915;16;9911;19;;;9921;14;9924;23;;;9918.0;0.0
av_SUGAR_d0;18700;INTARIAN_PEPPER_ROOT;10013;10;10011;25;;;10019;21;10023;16;;;10016.0;0.0
av_SUGAR_d0;18800;ASH_COATED_OSMIUM;9915;13;9911;17;;;9921;21;9925;19;;;9918.0;0.0
av_SUGAR_d0;18800;INTARIAN_PEPPER_ROOT;10014;15;10010;14;;;10024;15;10027;16;;;10019.0;0.0
av_SUGAR_d0;18900;ASH_COATED_OSMIUM;9916;19;9913;26;;;9922;7;9924;20;;;9919.0;0.0
av_SUGAR_d0;18900;INTARIAN_PEPPER_ROOT;10016;20;10012;17;;;10024;17;10026;26;;;10020.0;0.0
av_SUGAR_d0;19000;ASH_COATED_OSMIUM;9915;11;9912;20;;;9921;12;9923;24;;;9918.0;0.0
av_SUGAR_d0;19000;INTARIAN_PEPPER_ROOT;10017;15;10013;16;;;10023;13;10025;23;;;10020.0;0.0
av_SUGAR_d0;19100;ASH_COATED_OSMIUM;9915;16;9911;21;;;9921;7;9923;21;;;9918.0;0.0
av_SUGAR_d0;19100;INTARIAN_PEPPER_ROOT;10019;16;10016;20;;;10025;19;10027;18;;;10022.0;0.0
av_SUGAR_d0;19200;ASH_COATED_OSMIUM;9915;17;9913;9;;;9921;20;9925;11;;;9918.0;0.0
av_SUGAR_d0;19200;INTARIAN_PEPPER_ROOT;10020;5;10017;21;;;10026;13;10030;17;;;10023.0;0.0
av_SUGAR_d0;19300;ASH_COATED_OSMIUM;9916;7;9913;20;;;9922;17;9925;19;;;9919.0;0.0
av_SUGAR_d0;19300;INTARIAN_PEPPER_ROOT;10016;17;10013;23;;;10030;20;10032;20;;;10023.0;0.0
av_SUGAR_d0;19400;ASH_COATED_OSMIUM;9915;19;9912;18;;;9921;17;9924;22;;;9918.0;0.0
av_SUGAR_d0;19400;INTARIAN_PEPPER_ROOT;10022;14;10019;14;;;10028;14;10032;16;;;10025.0;0.0
av_SUGAR_d0;19500;ASH_COATED_OSMIUM;9903;7;9901;16;;;9933;8;9935;29;;;9918.0;0.0
av_SUGAR_d0;19500;INTARIAN_PEPPER_ROOT;10022;14;10020;20;;;10028;18;10030;16;;;10025.0;0.0
av_SUGAR_d0;19600;ASH_COATED_OSMIUM;9914;25;9911;22;;;9923;17;9927;22;;;9918.5;0.0
av_SUGAR_d0;19600;INTARIAN_PEPPER_ROOT;10019;10;10016;17;;;10034;6;10037;20;;;10026.5;0.0
av_SUGAR_d0;19700;ASH_COATED_OSMIUM;9915;21;9913;19;;;9921;13;9924;15;;;9918.0;0.0
av_SUGAR_d0;19700;INTARIAN_PEPPER_ROOT;10013;11;10010;20;;;10042;14;10046;24;;;10027.5;0.0
av_SUGAR_d0;19800;ASH_COATED_OSMIUM;9915;14;9912;25;;;9921;9;9924;15;;;9918.0;0.0
av_SUGAR_d0;19800;INTARIAN_PEPPER_ROOT;10025;18;10023;26;;;10031;16;10035;15;;;10028.0;0.0
av_SUGAR_d0;19900;ASH_COATED_OSMIUM;9909;14;9907;23;;;9928;15;9930;28;;;9918.5;0.0
av_SUGAR_d0;19900;INTARIAN_PEPPER_ROOT;10027;17;10025;35;;;10033;17;10036;18;;;10030.0;0.0
av_SUGAR_d0;20000;ASH_COATED_OSMIUM;9907;20;9904;24;;;9930;22;9933;8;;;9918.5;0.0
av_SUGAR_d0;20000;INTARIAN_PEPPER_ROOT;10027;15;10025;18;;;10033;19;10036;14;;;10030.0;0.0
av_SUGAR_d0;20100;ASH_COATED_OSMIUM;9916;14;9913;29;;;9922;27;9926;21;;;9919.0;0.0
av_SUGAR_d0;20100;INTARIAN_PEPPER_ROOT;10025;9;10023;27;;;10038;16;10041;27;;;10031.5;0.0
av_SUGAR_d0;20200;ASH_COATED_OSMIUM;9909;13;9907;19;;;9929;12;9933;21;;;9919.0;0.0
av_SUGAR_d0;20200;INTARIAN_PEPPER_ROOT;10029;16;10027;32;;;10037;16;10039;23;;;10033.0;0.0
av_SUGAR_d0;20300;ASH_COATED_OSMIUM;9916;16;9913;15;;;9922;30;9924;23;;;9919.0;0.0
av_SUGAR_d0;20300;INTARIAN_PEPPER_ROOT;10031;11;10027;12;;;10037;13;10040;18;;;10034.0;0.0
av_SUGAR_d0;20400;ASH_COATED_OSMIUM;9910;20;9908;15;;;9928;17;9932;16;;;9919.0;0.0
av_SUGAR_d0;20400;INTARIAN_PEPPER_ROOT;10032;5;10030;15;;;10038;12;10040;14;;;10035.0;0.0
av_SUGAR_d0;20500;ASH_COATED_OSMIUM;9916;24;9913;25;;;9922;13;9925;20;;;9919.0;0.0
av_SUGAR_d0;20500;INTARIAN_PEPPER_ROOT;10031;14;10029;23;;;10040;14;10044;24;;;10035.5;0.0
av_SUGAR_d0;20600;ASH_COATED_OSMIUM;9916;18;9914;12;;;9922;18;9925;14;;;9919.0;0.0
av_SUGAR_d0;20600;INTARIAN_PEPPER_ROOT;10034;15;10032;24;;;10040;15;10043;24;;;10037.0;0.0
av_SUGAR_d0;20700;ASH_COATED_OSMIUM;9912;5;9910;18;;;9926;24;9929;22;;;9919.0;0.0
av_SUGAR_d0;20700;INTARIAN_PEPPER_ROOT;10033;16;10031;22;;;10043;25;10046;12;;;10038.0;0.0
av_SUGAR_d0;20800;ASH_COATED_OSMIUM;9916;19;9914;30;;;9922;9;9926;17;;;9919.0;0.0
av_SUGAR_d0;20800;INTARIAN_PEPPER_ROOT;10036;15;10033;21;;;10042;20;10044;18;;;10039.0;0.0
av_SUGAR_d0;20900;ASH_COATED_OSMIUM;9904;14;9901;24;;;9933;13;9936;20;;;9918.5;0.0
av_SUGAR_d0;20900;INTARIAN_PEPPER_ROOT;10037;15;10033;12;;;10043;11;10045;18;;;10040.0;0.0
av_SUGAR_d0;21000;ASH_COATED_OSMIUM;9916;12;9914;21;;;9922;14;9925;15;;;9919.0;0.0
av_SUGAR_d0;21000;INTARIAN_PEPPER_ROOT;10039;17;10035;23;;;10045;19;10047;24;;;10042.0;0.0
av_SUGAR_d0;21100;ASH_COATED_OSMIUM;9913;19;9911;12;;;9924;18;9927;16;;;9918.5;0.0
av_SUGAR_d0;21100;INTARIAN_PEPPER_ROOT;10039;9;10035;22;;;10045;20;10048;25;;;10042.0;0.0
av_SUGAR_d0;21200;ASH_COATED_OSMIUM;9900;14;9896;23;;;9937;14;9941;14;;;9918.5;0.0
av_SUGAR_d0;21200;INTARIAN_PEPPER_ROOT;10040;5;10038;26;;;10046;14;10048;24;;;10043.0;0.0
av_SUGAR_d0;21300;ASH_COATED_OSMIUM;9914;12;9912;22;;;9924;17;9926;10;;;9919.0;0.0
av_SUGAR_d0;21300;INTARIAN_PEPPER_ROOT;10040;19;10037;20;;;10047;17;10050;21;;;10043.5;0.0
av_SUGAR_d0;21400;ASH_COATED_OSMIUM;9916;18;9914;19;;;9922;19;9926;17;;;9919.0;0.0
av_SUGAR_d0;21400;INTARIAN_PEPPER_ROOT;10042;12;10040;13;;;10048;18;10051;19;;;10045.0;0.0
av_SUGAR_d0;21500;ASH_COATED_OSMIUM;9916;18;9914;19;;;9922;11;9926;19;;;9919.0;0.0
av_SUGAR_d0;21500;INTARIAN_PEPPER_ROOT;10043;13;10039;20;;;10049;11;10053;16;;;10046.0;0.0
av_SUGAR_d0;21600;ASH_COATED_OSMIUM;9916;18;9914;16;;;9922;15;9926;19;;;9919.0;0.0
av_SUGAR_d0;21600;INTARIAN_PEPPER_ROOT;10044;16;10042;27;;;10050;8;10053;27;;;10047.0;0.0
av_SUGAR_d0;21700;ASH_COATED_OSMIUM;9916;18;9912;20;;;9923;15;9926;26;;;9919.5;0.0
av_SUGAR_d0;21700;INTARIAN_PEPPER_ROOT;10045;9;10043;15;;;10051;22;10055;22;;;10048.0;0.0
av_SUGAR_d0;21800;ASH_COATED_OSMIUM;9916;22;9912;18;;;9922;10;9924;14;;;9919.0;0.0
av_SUGAR_d0;21800;INTARIAN_PEPPER_ROOT;10044;13;10040;20;;;10055;20;10059;19;;;10049.5;0.0
av_SUGAR_d0;21900;ASH_COATED_OSMIUM;9916;10;9914;20;;;9922;22;9926;26;;;9919.0;0.0
av_SUGAR_d0;21900;INTARIAN_PEPPER_ROOT;10041;19;10039;18;;;10061;5;10063;21;;;10051.0;0.0
av_SUGAR_d0;22000;ASH_COATED_OSMIUM;9916;17;9913;18;;;9922;10;9925;25;;;9919.0;0.0
av_SUGAR_d0;22000;INTARIAN_PEPPER_ROOT;10048;23;10044;24;;;10054;9;10056;23;;;10051.0;0.0
av_SUGAR_d0;22100;ASH_COATED_OSMIUM;9916;13;9913;14;;;9922;9;9924;16;;;9919.0;0.0
av_SUGAR_d0;22100;INTARIAN_PEPPER_ROOT;10049;13;10047;20;;;10056;12;10060;20;;;10052.5;0.0
av_SUGAR_d0;22200;ASH_COATED_OSMIUM;9914;18;9911;13;;;9923;22;9926;21;;;9918.5;0.0
av_SUGAR_d0;22200;INTARIAN_PEPPER_ROOT;10045;11;10041;19;;;10062;20;10064;26;;;10053.5;0.0
av_SUGAR_d0;22300;ASH_COATED_OSMIUM;9902;20;9898;8;;;9936;18;9939;12;;;9919.0;0.0
av_SUGAR_d0;22300;INTARIAN_PEPPER_ROOT;10051;14;10049;21;;;10057;12;10061;20;;;10054.0;0.0
av_SUGAR_d0;22400;ASH_COATED_OSMIUM;9916;12;9912;13;;;9922;13;9926;19;;;9919.0;0.0
av_SUGAR_d0;22400;INTARIAN_PEPPER_ROOT;10052;11;10050;22;;;10058;15;10060;21;;;10055.0;0.0
av_SUGAR_d0;22500;ASH_COATED_OSMIUM;9916;20;9914;17;;;9922;7;9925;19;;;9919.0;0.0
av_SUGAR_d0;22500;INTARIAN_PEPPER_ROOT;10050;15;10046;17;;;10064;11;10067;18;;;10057.0;0.0
av_SUGAR_d0;22600;ASH_COATED_OSMIUM;9916;16;9913;8;;;9922;15;9925;22;;;9919.0;0.0
av_SUGAR_d0;22600;INTARIAN_PEPPER_ROOT;10054;5;10051;20;;;10060;21;10063;16;;;10057.0;0.0
av_SUGAR_d0;22700;ASH_COATED_OSMIUM;9917;22;9913;21;;;9923;18;9925;14;;;9920.0;0.0
av_SUGAR_d0;22700;INTARIAN_PEPPER_ROOT;10055;5;10052;13;;;10062;16;10065;18;;;10058.5;0.0
av_SUGAR_d0;22800;ASH_COATED_OSMIUM;9916;12;9912;18;;;9922;13;9924;21;;;9919.0;0.0
av_SUGAR_d0;22800;INTARIAN_PEPPER_ROOT;10057;13;10054;22;;;10063;20;10066;20;;;10060.0;0.0
av_SUGAR_d0;22900;ASH_COATED_OSMIUM;9912;18;9908;25;;;9926;12;9930;13;;;9919.0;0.0
av_SUGAR_d0;22900;INTARIAN_PEPPER_ROOT;10057;17;10055;17;;;10064;16;10066;30;;;10060.5;0.0
av_SUGAR_d0;23000;ASH_COATED_OSMIUM;9911;17;9909;18;;;9928;16;9932;17;;;9919.5;0.0
av_SUGAR_d0;23000;INTARIAN_PEPPER_ROOT;10059;21;10055;25;;;10065;9;10068;21;;;10062.0;0.0
av_SUGAR_d0;23100;ASH_COATED_OSMIUM;9916;9;9914;29;;;9922;13;9925;26;;;9919.0;0.0
av_SUGAR_d0;23100;INTARIAN_PEPPER_ROOT;10057;17;10055;18;;;10070;17;10073;23;;;10063.5;0.0
av_SUGAR_d0;23200;ASH_COATED_OSMIUM;9916;14;9914;17;;;9922;15;9926;27;;;9919.0;0.0
av_SUGAR_d0;23200;INTARIAN_PEPPER_ROOT;10061;18;10057;17;;;10067;12;10071;21;;;10064.0;0.0
av_SUGAR_d0;23300;ASH_COATED_OSMIUM;9916;13;9914;18;;;9922;17;9925;25;;;9919.0;0.0
av_SUGAR_d0;23300;INTARIAN_PEPPER_ROOT;10062;23;10059;22;;;10068;13;10072;14;;;10065.0;0.0
av_SUGAR_d0;23400;ASH_COATED_OSMIUM;9917;17;9915;20;;;9923;18;9925;14;;;9920.0;0.0
av_SUGAR_d0;23400;INTARIAN_PEPPER_ROOT;10063;19;10059;19;;;10069;6;10072;16;;;10066.0;0.0
av_SUGAR_d0;23500;ASH_COATED_OSMIUM;9914;12;9912;28;;;9926;10;9928;8;;;9920.0;0.0
av_SUGAR_d0;23500;INTARIAN_PEPPER_ROOT;10064;14;10060;16;;;10070;10;10074;22;;;10067.0;0.0
av_SUGAR_d0;23600;ASH_COATED_OSMIUM;9915;5;9911;17;;;9922;18;9925;25;;;9918.5;0.0
av_SUGAR_d0;23600;INTARIAN_PEPPER_ROOT;10062;20;10060;15;;;10074;11;10076;17;;;10068.0;0.0
av_SUGAR_d0;23700;ASH_COATED_OSMIUM;9917;9;9914;15;;;9923;16;9926;20;;;9920.0;0.0
av_SUGAR_d0;23700;INTARIAN_PEPPER_ROOT;10066;15;10063;27;;;10072;22;10076;17;;;10069.0;0.0
av_SUGAR_d0;23800;ASH_COATED_OSMIUM;9916;14;9912;15;;;9922;18;9925;10;;;9919.0;0.0
av_SUGAR_d0;23800;INTARIAN_PEPPER_ROOT;10066;21;10064;21;;;10075;12;10078;14;;;10070.5;0.0
av_SUGAR_d0;23900;ASH_COATED_OSMIUM;9908;10;9905;23;;;9931;15;9934;24;;;9919.5;0.0
av_SUGAR_d0;23900;INTARIAN_PEPPER_ROOT;10068;15;10064;19;;;10074;5;10078;16;;;10071.0;0.0
av_SUGAR_d0;24000;ASH_COATED_OSMIUM;9912;11;9910;17;;;9927;9;9929;19;;;9919.5;0.0
av_SUGAR_d0;24000;INTARIAN_PEPPER_ROOT;10068;21;10065;18;;;10075;20;10079;22;;;10071.5;0.0
av_SUGAR_d0;24100;ASH_COATED_OSMIUM;9917;11;9914;25;;;9923;18;9925;20;;;9920.0;0.0
av_SUGAR_d0;24100;INTARIAN_PEPPER_ROOT;10069;11;10065;21;;;10077;17;10079;29;;;10073.0;0.0
av_SUGAR_d0;24200;ASH_COATED_OSMIUM;9916;5;9913;18;;;9922;9;9925;18;;;9919.0;0.0
av_SUGAR_d0;24200;INTARIAN_PEPPER_ROOT;10071;13;10068;21;;;10078;19;10081;20;;;10074.5;0.0
av_SUGAR_d0;24300;ASH_COATED_OSMIUM;9917;18;9915;19;;;9923;15;9926;16;;;9920.0;0.0
av_SUGAR_d0;24300;INTARIAN_PEPPER_ROOT;10072;15;10070;18;;;10080;12;10084;29;;;10076.0;0.0
av_SUGAR_d0;24400;ASH_COATED_OSMIUM;9916;5;9913;23;;;9922;13;9926;16;;;9919.0;0.0
av_SUGAR_d0;24400;INTARIAN_PEPPER_ROOT;10071;16;10068;24;;;10083;9;10087;30;;;10077.0;0.0
av_SUGAR_d0;24500;ASH_COATED_OSMIUM;9917;8;9915;19;;;9923;11;9926;24;;;9920.0;0.0
av_SUGAR_d0;24500;INTARIAN_PEPPER_ROOT;10070;9;10066;14;;;10083;16;10085;22;;;10076.5;0.0
av_SUGAR_d0;24600;ASH_COATED_OSMIUM;9917;18;9913;20;;;9923;10;9927;27;;;9920.0;0.0
av_SUGAR_d0;24600;INTARIAN_PEPPER_ROOT;10076;9;10072;20;;;10082;17;10084;17;;;10079.0;0.0
av_SUGAR_d0;24700;ASH_COATED_OSMIUM;9913;27;9910;24;;;9926;13;9928;13;;;9919.5;0.0
av_SUGAR_d0;24700;INTARIAN_PEPPER_ROOT;10076;9;10074;19;;;10082;10;10084;19;;;10079.0;0.0
av_SUGAR_d0;24800;ASH_COATED_OSMIUM;9916;10;9914;21;;;9922;10;9924;19;;;9919.0;0.0
av_SUGAR_d0;24800;INTARIAN_PEPPER_ROOT;10077;14;10075;23;;;10083;7;10085;31;;;10080.0;0.0
av_SUGAR_d0;24900;ASH_COATED_OSMIUM;9917;14;9913;22;;;9923;14;9926;21;;;9920.0;0.0
av_SUGAR_d0;24900;INTARIAN_PEPPER_ROOT;10079;24;10076;13;;;10085;20;10089;15;;;10082.0;0.0
av_SUGAR_d0;25000;ASH_COATED_OSMIUM;9913;22;9910;18;;;9927;14;9931;26;;;9920.0;0.0
av_SUGAR_d0;25000;INTARIAN_PEPPER_ROOT;10076;14;10073;17;;;10088;17;10090;23;;;10082.0;0.0
av_SUGAR_d0;25100;ASH_COATED_OSMIUM;9913;6;9911;11;;;9926;19;9929;21;;;9919.5;0.0
av_SUGAR_d0;25100;INTARIAN_PEPPER_ROOT;10080;12;10077;26;;;10086;18;10090;15;;;10083.0;0.0
av_SUGAR_d0;25200;ASH_COATED_OSMIUM;9917;20;9913;22;;;9923;14;9926;18;;;9920.0;0.0
av_SUGAR_d0;25200;INTARIAN_PEPPER_ROOT;10082;17;10079;17;;;10088;7;10091;11;;;10085.0;0.0
av_SUGAR_d0;25300;ASH_COATED_OSMIUM;9912;16;9908;14;;;9927;21;9930;18;;;9919.5;0.0
av_SUGAR_d0;25300;INTARIAN_PEPPER_ROOT;10082;21;10078;17;;;10088;15;10092;12;;;10085.0;0.0
av_SUGAR_d0;25400;ASH_COATED_OSMIUM;9917;5;9914;22;;;9923;20;9926;30;;;9920.0;0.0
av_SUGAR_d0;25400;INTARIAN_PEPPER_ROOT;10077;15;10073;23;;;10095;14;10099;17;;;10086.0;0.0
av_SUGAR_d0;25500;ASH_COATED_OSMIUM;9903;20;9899;19;;;9938;6;9940;14;;;9920.5;0.0
av_SUGAR_d0;25500;INTARIAN_PEPPER_ROOT;10076;20;10074;18;;;10100;20;10104;18;;;10088.0;0.0
av_SUGAR_d0;25600;ASH_COATED_OSMIUM;9918;15;9915;21;;;9924;22;9926;25;;;9921.0;0.0
av_SUGAR_d0;25600;INTARIAN_PEPPER_ROOT;10085;12;10083;11;;;10092;6;10096;24;;;10088.5;0.0
av_SUGAR_d0;25700;ASH_COATED_OSMIUM;9917;5;9914;21;;;9923;17;9926;22;;;9920.0;0.0
av_SUGAR_d0;25700;INTARIAN_PEPPER_ROOT;10087;18;10083;19;;;10093;19;10097;14;;;10090.0;0.0
av_SUGAR_d0;25800;ASH_COATED_OSMIUM;9916;18;9912;26;;;9924;22;9926;16;;;9920.0;0.0
av_SUGAR_d0;25800;INTARIAN_PEPPER_ROOT;10088;5;10085;17;;;10094;18;10096;18;;;10091.0;0.0
av_SUGAR_d0;25900;ASH_COATED_OSMIUM;9914;17;9910;19;;;9926;21;9928;21;;;9920.0;0.0
av_SUGAR_d0;25900;INTARIAN_PEPPER_ROOT;10083;6;10079;17;;;10101;20;10104;22;;;10092.0;0.0
av_SUGAR_d0;26000;ASH_COATED_OSMIUM;9917;20;9914;26;;;9923;11;9927;30;;;9920.0;0.0
av_SUGAR_d0;26000;INTARIAN_PEPPER_ROOT;10090;11;10087;20;;;10096;22;10099;19;;;10093.0;0.0
av_SUGAR_d0;26100;ASH_COATED_OSMIUM;9917;10;9914;15;;;9923;14;9926;21;;;9920.0;0.0
av_SUGAR_d0;26100;INTARIAN_PEPPER_ROOT;10091;11;10088;19;;;10097;11;10099;22;;;10094.0;0.0
av_SUGAR_d0;26200;ASH_COATED_OSMIUM;9917;14;9913;22;;;9923;11;9926;12;;;9920.0;0.0
av_SUGAR_d0;26200;INTARIAN_PEPPER_ROOT;10084;5;10080;24;;;10106;22;10108;26;;;10095.0;0.0
av_SUGAR_d0;26300;ASH_COATED_OSMIUM;9914;12;9910;26;;;9926;17;9929;18;;;9920.0;0.0
av_SUGAR_d0;26300;INTARIAN_PEPPER_ROOT;10093;12;10091;22;;;10099;14;10101;15;;;10096.0;0.0
av_SUGAR_d0;26400;ASH_COATED_OSMIUM;9917;20;9915;15;;;9923;18;9925;29;;;9920.0;0.0
av_SUGAR_d0;26400;INTARIAN_PEPPER_ROOT;10095;5;10093;17;;;10101;19;10103;11;;;10098.0;0.0
av_SUGAR_d0;26500;ASH_COATED_OSMIUM;9916;11;9912;22;;;9925;17;9927;21;;;9920.5;0.0
av_SUGAR_d0;26500;INTARIAN_PEPPER_ROOT;10095;21;10093;25;;;10101;11;10105;18;;;10098.0;0.0
av_SUGAR_d0;26600;ASH_COATED_OSMIUM;9917;13;9914;16;;;9923;20;9927;18;;;9920.0;0.0
av_SUGAR_d0;26600;INTARIAN_PEPPER_ROOT;10096;5;10093;16;;;10102;17;10105;20;;;10099.0;0.0
av_SUGAR_d0;26700;ASH_COATED_OSMIUM;9917;12;9914;19;;;9923;18;9925;16;;;9920.0;0.0
av_SUGAR_d0;26700;INTARIAN_PEPPER_ROOT;10095;15;10091;28;;;10105;8;10107;13;;;10100.0;0.0
av_SUGAR_d0;26800;ASH_COATED_OSMIUM;9912;8;9908;19;;;9929;12;9933;25;;;9920.5;0.0
av_SUGAR_d0;26800;INTARIAN_PEPPER_ROOT;10087;17;10084;15;;;10116;18;10119;22;;;10101.5;0.0
av_SUGAR_d0;26900;ASH_COATED_OSMIUM;9918;23;9915;18;;;9924;16;9926;19;;;9921.0;0.0
av_SUGAR_d0;26900;INTARIAN_PEPPER_ROOT;10099;17;10096;21;;;10105;14;10108;14;;;10102.0;0.0
av_SUGAR_d0;27000;ASH_COATED_OSMIUM;9916;16;9913;21;;;9925;26;9927;12;;;9920.5;0.0
av_SUGAR_d0;27000;INTARIAN_PEPPER_ROOT;10100;14;10098;21;;;10107;17;10109;18;;;10103.5;0.0
av_SUGAR_d0;27100;ASH_COATED_OSMIUM;9913;17;9909;21;;;9929;19;9932;20;;;9921.0;0.0
av_SUGAR_d0;27100;INTARIAN_PEPPER_ROOT;10101;5;10097;21;;;10107;5;10111;19;;;10104.0;0.0
av_SUGAR_d0;27200;ASH_COATED_OSMIUM;9917;13;9914;18;;;9924;13;9926;19;;;9920.5;0.0
av_SUGAR_d0;27200;INTARIAN_PEPPER_ROOT;10103;24;10101;21;;;10109;9;10113;25;;;10106.0;0.0
av_SUGAR_d0;27300;ASH_COATED_OSMIUM;9917;8;9913;17;;;9923;14;9927;16;;;9920.0;0.0
av_SUGAR_d0;27300;INTARIAN_PEPPER_ROOT;10103;19;10101;22;;;10109;26;10112;19;;;10106.0;0.0
av_SUGAR_d0;27400;ASH_COATED_OSMIUM;9916;17;9912;21;;;9926;17;9929;22;;;9921.0;0.0
av_SUGAR_d0;27400;INTARIAN_PEPPER_ROOT;10104;9;10101;10;;;10110;26;10113;25;;;10107.0;0.0
av_SUGAR_d0;27500;ASH_COATED_OSMIUM;9909;12;9907;16;;;9931;13;9934;26;;;9920.0;0.0
av_SUGAR_d0;27500;INTARIAN_PEPPER_ROOT;10104;11;10101;12;;;10112;16;10116;20;;;10108.0;0.0
av_SUGAR_d0;27600;ASH_COATED_OSMIUM;9917;8;9913;17;;;9923;10;9925;24;;;9920.0;0.0
av_SUGAR_d0;27600;INTARIAN_PEPPER_ROOT;10103;5;10100;21;;;10116;12;10119;13;;;10109.5;0.0
av_SUGAR_d0;27700;ASH_COATED_OSMIUM;9916;12;9912;19;;;9925;16;9927;19;;;9920.5;0.0
av_SUGAR_d0;27700;INTARIAN_PEPPER_ROOT;10106;16;10103;25;;;10115;19;10117;17;;;10110.5;0.0
av_SUGAR_d0;27800;ASH_COATED_OSMIUM;9917;17;9913;24;;;9925;22;9927;24;;;9921.0;0.0
av_SUGAR_d0;27800;INTARIAN_PEPPER_ROOT;10100;17;10096;25;;;10124;11;10126;24;;;10112.0;0.0
av_SUGAR_d0;27900;ASH_COATED_OSMIUM;9918;21;9915;29;;;9924;14;9928;8;;;9921.0;0.0
av_SUGAR_d0;27900;INTARIAN_PEPPER_ROOT;10109;13;10105;22;;;10115;15;10118;27;;;10112.0;0.0
av_SUGAR_d0;28000;ASH_COATED_OSMIUM;9917;16;9915;13;;;9924;8;9927;19;;;9920.5;0.0
av_SUGAR_d0;28000;INTARIAN_PEPPER_ROOT;10110;25;10108;27;;;10116;12;10120;23;;;10113.0;0.0
av_SUGAR_d0;28100;ASH_COATED_OSMIUM;9916;16;9912;16;;;9924;11;9928;21;;;9920.0;0.0
av_SUGAR_d0;28100;INTARIAN_PEPPER_ROOT;10112;5;10109;22;;;10118;19;10120;23;;;10115.0;0.0
av_SUGAR_d0;28200;ASH_COATED_OSMIUM;9918;16;9914;12;;;9924;5;9928;12;;;9921.0;0.0
av_SUGAR_d0;28200;INTARIAN_PEPPER_ROOT;10113;9;10111;19;;;10119;13;10121;10;;;10116.0;0.0
av_SUGAR_d0;28300;ASH_COATED_OSMIUM;9917;13;9915;19;;;9924;14;9927;19;;;9920.5;0.0
av_SUGAR_d0;28300;INTARIAN_PEPPER_ROOT;10111;15;10107;12;;;10121;11;10124;21;;;10116.0;0.0
av_SUGAR_d0;28400;ASH_COATED_OSMIUM;9917;9;9915;27;;;9923;25;9926;23;;;9920.0;0.0
av_SUGAR_d0;28400;INTARIAN_PEPPER_ROOT;10115;14;10113;18;;;10121;5;10123;17;;;10118.0;0.0
av_SUGAR_d0;28500;ASH_COATED_OSMIUM;9918;29;9916;17;;;9924;17;9928;13;;;9921.0;0.0
av_SUGAR_d0;28500;INTARIAN_PEPPER_ROOT;10116;16;10113;16;;;10122;5;10125;17;;;10119.0;0.0
av_SUGAR_d0;28600;ASH_COATED_OSMIUM;9917;5;9914;19;;;9923;19;9927;17;;;9920.0;0.0
av_SUGAR_d0;28600;INTARIAN_PEPPER_ROOT;10107;12;10103;17;;;10132;17;10135;25;;;10119.5;0.0
av_SUGAR_d0;28700;ASH_COATED_OSMIUM;9915;16;9912;16;;;9927;16;9929;21;;;9921.0;0.0
av_SUGAR_d0;28700;INTARIAN_PEPPER_ROOT;10118;16;10114;21;;;10124;21;10127;24;;;10121.0;0.0
av_SUGAR_d0;28800;ASH_COATED_OSMIUM;9918;13;9914;17;;;9924;5;9928;10;;;9921.0;0.0
av_SUGAR_d0;28800;INTARIAN_PEPPER_ROOT;10115;22;10112;13;;;10130;19;10133;24;;;10122.5;0.0
av_SUGAR_d0;28900;ASH_COATED_OSMIUM;9918;11;9916;21;;;9924;8;9926;16;;;9921.0;0.0
av_SUGAR_d0;28900;INTARIAN_PEPPER_ROOT;10120;19;10118;18;;;10126;8;10130;23;;;10123.0;0.0
av_SUGAR_d0;29000;ASH_COATED_OSMIUM;9918;14;9914;18;;;9924;14;9926;23;;;9921.0;0.0
av_SUGAR_d0;29000;INTARIAN_PEPPER_ROOT;10121;19;10117;16;;;10127;15;10129;27;;;10124.0;0.0
av_SUGAR_d0;29100;ASH_COATED_OSMIUM;9918;14;9916;20;;;9924;16;9927;12;;;9921.0;0.0
av_SUGAR_d0;29100;INTARIAN_PEPPER_ROOT;10122;13;10118;29;;;10128;19;10131;11;;;10125.0;0.0
av_SUGAR_d0;29200;ASH_COATED_OSMIUM;9918;12;9915;18;;;9924;13;9928;18;;;9921.0;0.0
av_SUGAR_d0;29200;INTARIAN_PEPPER_ROOT;10123;14;10121;14;;;10129;12;10133;18;;;10126.0;0.0
av_SUGAR_d0;29300;ASH_COATED_OSMIUM;9909;16;9907;8;;;9934;11;9938;19;;;9921.5;0.0
av_SUGAR_d0;29300;INTARIAN_PEPPER_ROOT;10123;10;10120;24;;;10132;12;10135;24;;;10127.5;0.0
av_SUGAR_d0;29400;ASH_COATED_OSMIUM;9918;12;9915;18;;;9924;11;9927;26;;;9921.0;0.0
av_SUGAR_d0;29400;INTARIAN_PEPPER_ROOT;10125;22;10123;26;;;10131;24;10135;24;;;10128.0;0.0
av_SUGAR_d0;29500;ASH_COATED_OSMIUM;9918;20;9915;13;;;9924;8;9926;20;;;9921.0;0.0
av_SUGAR_d0;29500;INTARIAN_PEPPER_ROOT;10126;23;10122;28;;;10132;15;10135;12;;;10129.0;0.0
av_SUGAR_d0;29600;ASH_COATED_OSMIUM;9918;17;9915;29;;;9924;16;9926;20;;;9921.0;0.0
av_SUGAR_d0;29600;INTARIAN_PEPPER_ROOT;10118;13;10115;20;;;10143;21;10147;15;;;10130.5;0.0
av_SUGAR_d0;29700;ASH_COATED_OSMIUM;9915;7;9912;25;;;9928;7;9932;23;;;9921.5;0.0
av_SUGAR_d0;29700;INTARIAN_PEPPER_ROOT;10124;20;10120;16;;;10138;12;10141;16;;;10131.0;0.0
av_SUGAR_d0;29800;ASH_COATED_OSMIUM;9918;16;9914;15;;;9924;14;9928;25;;;9921.0;0.0
av_SUGAR_d0;29800;INTARIAN_PEPPER_ROOT;10129;10;10126;22;;;10135;21;10137;18;;;10132.0;0.0
av_SUGAR_d0;29900;ASH_COATED_OSMIUM;9917;18;9915;22;;;9926;17;9929;23;;;9921.5;0.0
av_SUGAR_d0;29900;INTARIAN_PEPPER_ROOT;10130;17;10128;21;;;10136;11;10138;17;;;10133.0;0.0
av_SUGAR_d0;30000;ASH_COATED_OSMIUM;9918;20;9916;27;;;9924;12;9926;18;;;9921.0;0.0
av_SUGAR_d0;30000;INTARIAN_PEPPER_ROOT;10128;12;10124;19;;;10142;19;10146;20;;;10135.0;0.0
av_SUGAR_d0;30100;ASH_COATED_OSMIUM;9902;12;9899;25;;;9941;10;9945;27;;;9921.5;0.0
av_SUGAR_d0;30100;INTARIAN_PEPPER_ROOT;10132;8;10128;21;;;10138;9;10141;16;;;10135.0;0.0
av_SUGAR_d0;30200;ASH_COATED_OSMIUM;9917;20;9914;23;;;9925;17;9927;17;;;9921.0;0.0
av_SUGAR_d0;30200;INTARIAN_PEPPER_ROOT;10134;25;10132;26;;;10140;14;10144;25;;;10137.0;0.0
av_SUGAR_d0;30300;ASH_COATED_OSMIUM;9918;18;9915;19;;;9924;12;9926;18;;;9921.0;0.0
av_SUGAR_d0;30300;INTARIAN_PEPPER_ROOT;10135;15;10132;15;;;10141;22;10143;23;;;10138.0;0.0
av_SUGAR_d0;30400;ASH_COATED_OSMIUM;9917;19;9913;29;;;9925;20;9927;21;;;9921.0;0.0
av_SUGAR_d0;30400;INTARIAN_PEPPER_ROOT;10136;12;10134;15;;;10142;9;10144;20;;;10139.0;0.0
av_SUGAR_d0;30500;ASH_COATED_OSMIUM;9915;20;9911;10;;;9926;14;9929;22;;;9920.5;0.0
av_SUGAR_d0;30500;INTARIAN_PEPPER_ROOT;10137;16;10135;17;;;10143;13;10147;20;;;10140.0;0.0
av_SUGAR_d0;30600;ASH_COATED_OSMIUM;9913;16;9911;24;;;9930;15;9934;19;;;9921.5;0.0
av_SUGAR_d0;30600;INTARIAN_PEPPER_ROOT;10135;17;10131;12;;;10146;14;10148;16;;;10140.5;0.0
av_SUGAR_d0;30700;ASH_COATED_OSMIUM;9915;10;9913;14;;;9928;13;9930;19;;;9921.5;0.0
av_SUGAR_d0;30700;INTARIAN_PEPPER_ROOT;10137;13;10134;16;;;10146;10;10149;23;;;10141.5;0.0
av_SUGAR_d0;30800;ASH_COATED_OSMIUM;9917;12;9915;27;;;9927;17;9929;18;;;9922.0;0.0
av_SUGAR_d0;30800;INTARIAN_PEPPER_ROOT;10140;12;10138;21;;;10146;19;10149;16;;;10143.0;0.0
av_SUGAR_d0;30900;ASH_COATED_OSMIUM;9918;13;9915;30;;;9924;17;9926;17;;;9921.0;0.0
av_SUGAR_d0;30900;INTARIAN_PEPPER_ROOT;10141;21;10137;17;;;10147;15;10150;14;;;10144.0;0.0
av_SUGAR_d0;31000;ASH_COATED_OSMIUM;9911;10;9909;20;;;9931;10;9933;14;;;9921.0;0.0
av_SUGAR_d0;31000;INTARIAN_PEPPER_ROOT;10142;16;10139;19;;;10148;16;10152;26;;;10145.0;0.0
av_SUGAR_d0;31100;ASH_COATED_OSMIUM;9918;24;9914;30;;;9924;13;9926;20;;;9921.0;0.0
av_SUGAR_d0;31100;INTARIAN_PEPPER_ROOT;10143;8;10139;19;;;10149;22;10153;17;;;10146.0;0.0
av_SUGAR_d0;31200;ASH_COATED_OSMIUM;9918;18;9916;22;;;9924;10;9928;12;;;9921.0;0.0
av_SUGAR_d0;31200;INTARIAN_PEPPER_ROOT;10143;14;10140;23;;;10149;11;10151;19;;;10146.0;0.0
av_SUGAR_d0;31300;ASH_COATED_OSMIUM;9918;14;9915;9;;;9924;13;9927;18;;;9921.0;0.0
av_SUGAR_d0;31300;INTARIAN_PEPPER_ROOT;10143;12;10139;18;;;10153;15;10156;28;;;10148.0;0.0
av_SUGAR_d0;31400;ASH_COATED_OSMIUM;9918;16;9915;15;;;9924;14;9927;17;;;9921.0;0.0
av_SUGAR_d0;31400;INTARIAN_PEPPER_ROOT;10144;13;10142;23;;;10153;11;10156;23;;;10148.5;0.0
av_SUGAR_d0;31500;ASH_COATED_OSMIUM;9918;10;9916;17;;;9925;14;9928;15;;;9921.5;0.0
av_SUGAR_d0;31500;INTARIAN_PEPPER_ROOT;10144;10;10142;18;;;10155;12;10157;22;;;10149.5;0.0
av_SUGAR_d0;31600;ASH_COATED_OSMIUM;9918;11;9914;24;;;9924;7;9927;18;;;9921.0;0.0
av_SUGAR_d0;31600;INTARIAN_PEPPER_ROOT;10148;15;10146;22;;;10154;18;10158;22;;;10151.0;0.0
av_SUGAR_d0;31700;ASH_COATED_OSMIUM;9915;19;9913;18;;;9928;16;9931;13;;;9921.5;0.0
av_SUGAR_d0;31700;INTARIAN_PEPPER_ROOT;10149;21;10147;19;;;10155;20;10159;24;;;10152.0;0.0
av_SUGAR_d0;31800;ASH_COATED_OSMIUM;9919;12;9917;19;;;9925;16;9928;19;;;9922.0;0.0
av_SUGAR_d0;31800;INTARIAN_PEPPER_ROOT;10151;25;10149;16;;;10157;9;10161;25;;;10154.0;0.0
av_SUGAR_d0;31900;ASH_COATED_OSMIUM;9918;17;9914;16;;;9925;9;9929;19;;;9921.5;0.0
av_SUGAR_d0;31900;INTARIAN_PEPPER_ROOT;10148;8;10145;17;;;10159;17;10163;25;;;10153.5;0.0
av_SUGAR_d0;32000;ASH_COATED_OSMIUM;9918;12;9916;26;;;9924;15;9926;22;;;9921.0;0.0
av_SUGAR_d0;32000;INTARIAN_PEPPER_ROOT;10150;13;10148;8;;;10160;10;10163;21;;;10155.0;0.0
av_SUGAR_d0;32100;ASH_COATED_OSMIUM;9905;18;9903;18;;;9937;20;9939;20;;;9921.0;0.0
av_SUGAR_d0;32100;INTARIAN_PEPPER_ROOT;10150;15;10146;17;;;10162;12;10166;26;;;10156.0;0.0
av_SUGAR_d0;32200;ASH_COATED_OSMIUM;9919;21;9916;17;;;9925;17;9927;31;;;9922.0;0.0
av_SUGAR_d0;32200;INTARIAN_PEPPER_ROOT;10153;10;10149;17;;;10162;14;10164;18;;;10157.5;0.0
av_SUGAR_d0;32300;ASH_COATED_OSMIUM;9919;14;9915;11;;;9925;11;9928;28;;;9922.0;0.0
av_SUGAR_d0;32300;INTARIAN_PEPPER_ROOT;10155;8;10152;24;;;10161;13;10165;20;;;10158.0;0.0
av_SUGAR_d0;32400;ASH_COATED_OSMIUM;9919;22;9915;21;;;9925;19;9927;17;;;9922.0;0.0
av_SUGAR_d0;32400;INTARIAN_PEPPER_ROOT;10157;18;10154;21;;;10163;24;10165;11;;;10160.0;0.0
av_SUGAR_d0;32500;ASH_COATED_OSMIUM;9917;9;9914;25;;;9926;12;9929;20;;;9921.5;0.0
av_SUGAR_d0;32500;INTARIAN_PEPPER_ROOT;10154;18;10152;27;;;10168;8;10171;13;;;10161.0;0.0
av_SUGAR_d0;32600;ASH_COATED_OSMIUM;9912;9;9908;20;;;9931;16;9934;28;;;9921.5;0.0
av_SUGAR_d0;32600;INTARIAN_PEPPER_ROOT;10159;11;10155;20;;;10165;20;10169;9;;;10162.0;0.0
av_SUGAR_d0;32700;ASH_COATED_OSMIUM;9918;14;9914;17;;;9924;18;9926;13;;;9921.0;0.0
av_SUGAR_d0;32700;INTARIAN_PEPPER_ROOT;10159;9;10157;19;;;10166;16;10168;21;;;10162.5;0.0
av_SUGAR_d0;32800;ASH_COATED_OSMIUM;9919;17;9917;12;;;9925;10;9927;27;;;9922.0;0.0
av_SUGAR_d0;32800;INTARIAN_PEPPER_ROOT;10160;16;10158;8;;;10166;11;10168;17;;;10163.0;0.0
av_SUGAR_d0;32900;ASH_COATED_OSMIUM;9919;12;9915;15;;;9925;21;9929;21;;;9922.0;0.0
av_SUGAR_d0;32900;INTARIAN_PEPPER_ROOT;10161;15;10157;24;;;10167;10;10170;21;;;10164.0;0.0
av_SUGAR_d0;33000;ASH_COATED_OSMIUM;9916;9;9914;21;;;9928;14;9932;20;;;9922.0;0.0
av_SUGAR_d0;33000;INTARIAN_PEPPER_ROOT;10161;9;10159;15;;;10169;14;10173;19;;;10165.0;0.0
av_SUGAR_d0;33100;ASH_COATED_OSMIUM;9915;14;9912;22;;;9930;15;9934;10;;;9922.5;0.0
av_SUGAR_d0;33100;INTARIAN_PEPPER_ROOT;10164;19;10161;17;;;10170;9;10172;23;;;10167.0;0.0
av_SUGAR_d0;33200;ASH_COATED_OSMIUM;9920;10;9916;18;;;9926;14;9928;15;;;9923.0;0.0
av_SUGAR_d0;33200;INTARIAN_PEPPER_ROOT;10164;17;10160;10;;;10170;13;10174;12;;;10167.0;0.0
av_SUGAR_d0;33300;ASH_COATED_OSMIUM;9919;5;9917;19;;;9925;10;9927;19;;;9922.0;0.0
av_SUGAR_d0;33300;INTARIAN_PEPPER_ROOT;10166;13;10164;15;;;10172;10;10175;19;;;10169.0;0.0
av_SUGAR_d0;33400;ASH_COATED_OSMIUM;9919;21;9915;18;;;9925;16;9929;11;;;9922.0;0.0
av_SUGAR_d0;33400;INTARIAN_PEPPER_ROOT;10167;9;10163;22;;;10173;17;10176;28;;;10170.0;0.0
av_SUGAR_d0;33500;ASH_COATED_OSMIUM;9918;9;9916;19;;;9927;8;9930;17;;;9922.5;0.0
av_SUGAR_d0;33500;INTARIAN_PEPPER_ROOT;10168;25;10164;23;;;10174;19;10176;16;;;10171.0;0.0
av_SUGAR_d0;33600;ASH_COATED_OSMIUM;9919;16;9916;18;;;9925;17;9927;16;;;9922.0;0.0
av_SUGAR_d0;33600;INTARIAN_PEPPER_ROOT;10164;17;10162;22;;;10180;12;10183;25;;;10172.0;0.0
av_SUGAR_d0;33700;ASH_COATED_OSMIUM;9909;12;9906;12;;;9935;15;9939;18;;;9922.0;0.0
av_SUGAR_d0;33700;INTARIAN_PEPPER_ROOT;10168;16;10165;20;;;10178;13;10181;10;;;10173.0;0.0
av_SUGAR_d0;33800;ASH_COATED_OSMIUM;9919;17;9916;20;;;9925;9;9928;23;;;9922.0;0.0
av_SUGAR_d0;33800;INTARIAN_PEPPER_ROOT;10170;19;10167;19;;;10176;13;10178;20;;;10173.0;0.0
av_SUGAR_d0;33900;ASH_COATED_OSMIUM;9919;21;9916;27;;;9925;8;9928;28;;;9922.0;0.0
av_SUGAR_d0;33900;INTARIAN_PEPPER_ROOT;10172;14;10170;27;;;10178;14;10180;20;;;10175.0;0.0
av_SUGAR_d0;34000;ASH_COATED_OSMIUM;9919;17;9917;15;;;9925;14;9929;26;;;9922.0;0.0
av_SUGAR_d0;34000;INTARIAN_PEPPER_ROOT;10173;6;10169;15;;;10183;9;10187;15;;;10178.0;0.0
av_SUGAR_d0;34100;ASH_COATED_OSMIUM;9914;12;9910;19;;;9930;9;9934;14;;;9922.0;0.0
av_SUGAR_d0;34100;INTARIAN_PEPPER_ROOT;10178;13;10175;18;;;10184;11;10187;26;;;10181.0;0.0
av_SUGAR_d0;34200;ASH_COATED_OSMIUM;9919;8;9915;27;;;9925;15;9928;17;;;9922.0;0.0
av_SUGAR_d0;34200;INTARIAN_PEPPER_ROOT;10180;20;10177;19;;;10189;26;10193;22;;;10184.5;0.0
av_SUGAR_d0;34300;ASH_COATED_OSMIUM;9918;13;9914;17;;;9926;11;9928;15;;;9922.0;0.0
av_SUGAR_d0;34300;INTARIAN_PEPPER_ROOT;10185;16;10182;19;;;10191;17;10194;18;;;10188.0;0.0
av_SUGAR_d0;34400;ASH_COATED_OSMIUM;9917;12;9914;11;;;9925;20;9929;25;;;9921.0;0.0
av_SUGAR_d0;34400;INTARIAN_PEPPER_ROOT;10185;17;10182;24;;;10198;23;10201;28;;;10191.5;0.0
av_SUGAR_d0;34500;ASH_COATED_OSMIUM;9918;19;9915;19;;;9924;16;9927;21;;;9921.0;0.0
av_SUGAR_d0;34500;INTARIAN_PEPPER_ROOT;10191;19;10187;24;;;10197;15;10201;20;;;10194.0;0.0
av_SUGAR_d0;34600;ASH_COATED_OSMIUM;9910;15;9908;26;;;9933;14;9935;19;;;9921.5;0.0
av_SUGAR_d0;34600;INTARIAN_PEPPER_ROOT;10193;12;10190;16;;;10199;14;10203;24;;;10196.0;0.0
av_SUGAR_d0;34700;ASH_COATED_OSMIUM;9907;6;9903;21;;;9937;15;9941;19;;;9922.0;0.0
av_SUGAR_d0;34700;INTARIAN_PEPPER_ROOT;10197;14;10193;14;;;10203;15;10207;16;;;10200.0;0.0
av_SUGAR_d0;34800;ASH_COATED_OSMIUM;9917;19;9914;10;;;9927;12;9931;22;;;9922.0;0.0
av_SUGAR_d0;34800;INTARIAN_PEPPER_ROOT;10199;23;10196;24;;;10205;13;10208;13;;;10202.0;0.0
av_SUGAR_d0;34900;ASH_COATED_OSMIUM;9919;16;9915;20;;;9925;14;9927;20;;;9922.0;0.0
av_SUGAR_d0;34900;INTARIAN_PEPPER_ROOT;10203;7;10199;21;;;10209;5;10212;20;;;10206.0;0.0
av_SUGAR_d0;35000;ASH_COATED_OSMIUM;9918;11;9914;14;;;9924;11;9927;20;;;9921.0;0.0
av_SUGAR_d0;35000;INTARIAN_PEPPER_ROOT;10203;5;10200;29;;;10216;11;10218;18;;;10209.5;0.0
av_SUGAR_d0;35100;ASH_COATED_OSMIUM;9918;18;9915;16;;;9924;10;9926;13;;;9921.0;0.0
av_SUGAR_d0;35100;INTARIAN_PEPPER_ROOT;10209;18;10205;22;;;10215;13;10218;19;;;10212.0;0.0
av_SUGAR_d0;35200;ASH_COATED_OSMIUM;9918;11;9915;17;;;9924;12;9928;23;;;9921.0;0.0
av_SUGAR_d0;35200;INTARIAN_PEPPER_ROOT;10212;12;10209;27;;;10218;14;10220;17;;;10215.0;0.0
av_SUGAR_d0;35300;ASH_COATED_OSMIUM;9911;11;9908;29;;;9930;16;9932;15;;;9920.5;0.0
av_SUGAR_d0;35300;INTARIAN_PEPPER_ROOT;10207;14;10205;22;;;10230;21;10234;22;;;10218.5;0.0
av_SUGAR_d0;35400;ASH_COATED_OSMIUM;9916;22;9914;13;;;9927;5;9929;19;;;9921.5;0.0
av_SUGAR_d0;35400;INTARIAN_PEPPER_ROOT;10207;18;10203;26;;;10235;9;10237;22;;;10221.0;0.0
av_SUGAR_d0;35500;ASH_COATED_OSMIUM;9912;15;9908;25;;;9930;15;9934;23;;;9921.0;0.0
av_SUGAR_d0;35500;INTARIAN_PEPPER_ROOT;10221;18;10219;17;;;10227;13;10229;22;;;10224.0;0.0
av_SUGAR_d0;35600;ASH_COATED_OSMIUM;9918;8;9916;24;;;9924;15;9927;17;;;9921.0;0.0
av_SUGAR_d0;35600;INTARIAN_PEPPER_ROOT;10224;11;10222;13;;;10230;21;10233;15;;;10227.0;0.0
av_SUGAR_d0;35700;ASH_COATED_OSMIUM;9917;13;9915;26;;;9926;17;9930;22;;;9921.5;0.0
av_SUGAR_d0;35700;INTARIAN_PEPPER_ROOT;10227;15;10225;27;;;10233;22;10236;24;;;10230.0;0.0
av_SUGAR_d0;35800;ASH_COATED_OSMIUM;9918;17;9915;18;;;9924;9;9927;17;;;9921.0;0.0
av_SUGAR_d0;35800;INTARIAN_PEPPER_ROOT;10229;10;10225;15;;;10237;14;10241;16;;;10233.0;0.0
av_SUGAR_d0;35900;ASH_COATED_OSMIUM;9915;21;9912;8;;;9927;11;9931;15;;;9921.0;0.0
av_SUGAR_d0;35900;INTARIAN_PEPPER_ROOT;10231;7;10229;21;;;10241;23;10245;17;;;10236.0;0.0
av_SUGAR_d0;36000;ASH_COATED_OSMIUM;9917;8;9914;21;;;9924;16;9928;25;;;9920.5;0.0
av_SUGAR_d0;36000;INTARIAN_PEPPER_ROOT;10237;14;10234;21;;;10243;18;10246;20;;;10240.0;0.0
av_SUGAR_d0;36100;ASH_COATED_OSMIUM;9918;19;9914;21;;;9924;13;9928;17;;;9921.0;0.0
av_SUGAR_d0;36100;INTARIAN_PEPPER_ROOT;10238;7;10234;17;;;10246;19;10250;19;;;10242.0;0.0
av_SUGAR_d0;36200;ASH_COATED_OSMIUM;9914;14;9911;22;;;9927;5;9929;19;;;9920.5;0.0
av_SUGAR_d0;36200;INTARIAN_PEPPER_ROOT;10243;16;10241;23;;;10249;17;10252;16;;;10246.0;0.0
av_SUGAR_d0;36300;ASH_COATED_OSMIUM;9917;16;9913;17;;;9924;19;9928;11;;;9920.5;0.0
av_SUGAR_d0;36300;INTARIAN_PEPPER_ROOT;10246;15;10244;20;;;10252;15;10256;22;;;10249.0;0.0
av_SUGAR_d0;36400;ASH_COATED_OSMIUM;9917;18;9914;27;;;9923;12;9927;8;;;9920.0;0.0
av_SUGAR_d0;36400;INTARIAN_PEPPER_ROOT;10248;10;10244;17;;;10254;23;10257;29;;;10251.0;0.0
av_SUGAR_d0;36500;ASH_COATED_OSMIUM;9906;17;9902;22;;;9934;11;9937;21;;;9920.0;0.0
av_SUGAR_d0;36500;INTARIAN_PEPPER_ROOT;10252;14;10249;27;;;10258;7;10261;18;;;10255.0;0.0
av_SUGAR_d0;36600;ASH_COATED_OSMIUM;9915;10;9913;19;;;9926;17;9929;23;;;9920.5;0.0
av_SUGAR_d0;36600;INTARIAN_PEPPER_ROOT;10254;6;10250;20;;;10262;14;10265;22;;;10258.0;0.0
av_SUGAR_d0;36700;ASH_COATED_OSMIUM;9917;20;9913;23;;;9923;7;9926;11;;;9920.0;0.0
av_SUGAR_d0;36700;INTARIAN_PEPPER_ROOT;10252;8;10249;17;;;10270;12;10272;24;;;10261.0;0.0
av_SUGAR_d0;36800;ASH_COATED_OSMIUM;9917;17;9913;18;;;9923;14;9927;23;;;9920.0;0.0
av_SUGAR_d0;36800;INTARIAN_PEPPER_ROOT;10261;15;10259;25;;;10267;5;10271;18;;;10264.0;0.0
av_SUGAR_d0;36900;ASH_COATED_OSMIUM;9917;20;9914;32;;;9923;12;9925;15;;;9920.0;0.0
av_SUGAR_d0;36900;INTARIAN_PEPPER_ROOT;10262;12;10258;12;;;10271;12;10273;12;;;10266.5;0.0
av_SUGAR_d0;37000;ASH_COATED_OSMIUM;9917;14;9913;8;;;9923;14;9927;22;;;9920.0;0.0
av_SUGAR_d0;37000;INTARIAN_PEPPER_ROOT;10264;20;10261;26;;;10278;15;10281;14;;;10271.0;0.0
av_SUGAR_d0;37100;ASH_COATED_OSMIUM;9916;14;9913;16;;;9924;9;9926;15;;;9920.0;0.0
av_SUGAR_d0;37100;INTARIAN_PEPPER_ROOT;10271;12;10269;19;;;10277;21;10279;23;;;10274.0;0.0
av_SUGAR_d0;37200;ASH_COATED_OSMIUM;9917;14;9915;23;;;9923;23;9925;19;;;9920.0;0.0
av_SUGAR_d0;37200;INTARIAN_PEPPER_ROOT;10273;6;10269;25;;;10280;12;10283;25;;;10276.5;0.0
av_SUGAR_d0;37300;ASH_COATED_OSMIUM;9916;24;9912;14;;;9922;16;9926;21;;;9919.0;0.0
av_SUGAR_d0;37300;INTARIAN_PEPPER_ROOT;10276;12;10273;19;;;10282;14;10286;29;;;10279.0;0.0
av_SUGAR_d0;37400;ASH_COATED_OSMIUM;9906;22;9904;22;;;9934;5;9938;22;;;9920.0;0.0
av_SUGAR_d0;37400;INTARIAN_PEPPER_ROOT;10279;8;10275;13;;;10285;22;10287;23;;;10282.0;0.0
av_SUGAR_d0;37500;ASH_COATED_OSMIUM;9911;18;9909;24;;;9927;17;9929;25;;;9919.0;0.0
av_SUGAR_d0;37500;INTARIAN_PEPPER_ROOT;10283;12;10281;22;;;10289;12;10293;19;;;10286.0;0.0
av_SUGAR_d0;37600;ASH_COATED_OSMIUM;9917;25;9915;25;;;9923;17;9925;22;;;9920.0;0.0
av_SUGAR_d0;37600;INTARIAN_PEPPER_ROOT;10278;11;10276;19;;;10298;18;10301;19;;;10288.0;0.0
av_SUGAR_d0;37700;ASH_COATED_OSMIUM;9901;15;9898;21;;;9938;27;9941;20;;;9919.5;0.0
av_SUGAR_d0;37700;INTARIAN_PEPPER_ROOT;10288;21;10284;11;;;10295;21;10297;35;;;10291.5;0.0
av_SUGAR_d0;37800;ASH_COATED_OSMIUM;9917;12;9913;31;;;9923;17;9926;32;;;9920.0;0.0
av_SUGAR_d0;37800;INTARIAN_PEPPER_ROOT;10288;18;10284;16;;;10300;12;10303;23;;;10294.0;0.0
av_SUGAR_d0;37900;ASH_COATED_OSMIUM;9911;15;9907;20;;;9928;20;9932;16;;;9919.5;0.0
av_SUGAR_d0;37900;INTARIAN_PEPPER_ROOT;10294;25;10292;24;;;10300;10;10303;20;;;10297.0;0.0
av_SUGAR_d0;38000;ASH_COATED_OSMIUM;9912;23;9909;18;;;9927;15;9929;22;;;9919.5;0.0
av_SUGAR_d0;38000;INTARIAN_PEPPER_ROOT;10298;14;10295;19;;;10304;22;10306;11;;;10301.0;0.0
av_SUGAR_d0;38100;ASH_COATED_OSMIUM;9917;14;9914;16;;;9923;20;9927;20;;;9920.0;0.0
av_SUGAR_d0;38100;INTARIAN_PEPPER_ROOT;10301;17;10299;12;;;10307;5;10309;25;;;10304.0;0.0
av_SUGAR_d0;38200;ASH_COATED_OSMIUM;9916;12;9912;15;;;9922;15;9924;16;;;9919.0;0.0
av_SUGAR_d0;38200;INTARIAN_PEPPER_ROOT;10299;16;10295;18;;;10315;17;10317;26;;;10307.0;0.0
av_SUGAR_d0;38300;ASH_COATED_OSMIUM;9916;10;9914;32;;;9922;12;9926;20;;;9919.0;0.0
av_SUGAR_d0;38300;INTARIAN_PEPPER_ROOT;10308;6;10305;26;;;10314;18;10318;17;;;10311.0;0.0
av_SUGAR_d0;38400;ASH_COATED_OSMIUM;9916;17;9913;18;;;9922;5;9925;27;;;9919.0;0.0
av_SUGAR_d0;38400;INTARIAN_PEPPER_ROOT;10307;14;10303;21;;;10319;22;10321;21;;;10313.0;0.0
av_SUGAR_d0;38500;ASH_COATED_OSMIUM;9915;11;9913;18;;;9923;10;9926;20;;;9919.0;0.0
av_SUGAR_d0;38500;INTARIAN_PEPPER_ROOT;10313;11;10310;18;;;10319;15;10321;14;;;10316.0;0.0
av_SUGAR_d0;38600;ASH_COATED_OSMIUM;9916;18;9913;15;;;9922;5;9924;16;;;9919.0;0.0
av_SUGAR_d0;38600;INTARIAN_PEPPER_ROOT;10316;8;10314;17;;;10322;12;10326;21;;;10319.0;0.0
av_SUGAR_d0;38700;ASH_COATED_OSMIUM;9908;16;9904;23;;;9929;26;9931;23;;;9918.5;0.0
av_SUGAR_d0;38700;INTARIAN_PEPPER_ROOT;10315;12;10312;24;;;10330;22;10332;19;;;10322.5;0.0
av_SUGAR_d0;38800;ASH_COATED_OSMIUM;9916;15;9914;16;;;9922;15;9925;17;;;9919.0;0.0
av_SUGAR_d0;38800;INTARIAN_PEPPER_ROOT;10322;12;10320;27;;;10328;13;10331;25;;;10325.0;0.0
av_SUGAR_d0;38900;ASH_COATED_OSMIUM;9916;13;9913;21;;;9922;19;9924;17;;;9919.0;0.0
av_SUGAR_d0;38900;INTARIAN_PEPPER_ROOT;10323;17;10319;17;;;10334;14;10337;21;;;10328.5;0.0
av_SUGAR_d0;39000;ASH_COATED_OSMIUM;9915;11;9911;18;;;9922;17;9925;19;;;9918.5;0.0
av_SUGAR_d0;39000;INTARIAN_PEPPER_ROOT;10326;16;10324;25;;;10337;18;10340;23;;;10331.5;0.0
av_SUGAR_d0;39100;ASH_COATED_OSMIUM;9916;17;9914;13;;;9922;18;9926;22;;;9919.0;0.0
av_SUGAR_d0;39100;INTARIAN_PEPPER_ROOT;10332;6;10329;25;;;10338;12;10341;26;;;10335.0;0.0
av_SUGAR_d0;39200;ASH_COATED_OSMIUM;9915;20;9913;19;;;9921;13;9924;26;;;9918.0;0.0
av_SUGAR_d0;39200;INTARIAN_PEPPER_ROOT;10334;15;10332;19;;;10340;12;10342;17;;;10337.0;0.0
av_SUGAR_d0;39300;ASH_COATED_OSMIUM;9915;14;9913;15;;;9921;8;9923;29;;;9918.0;0.0
av_SUGAR_d0;39300;INTARIAN_PEPPER_ROOT;10337;14;10334;21;;;10343;14;10346;13;;;10340.0;0.0
av_SUGAR_d0;39400;ASH_COATED_OSMIUM;9915;14;9913;21;;;9921;12;9924;26;;;9918.0;0.0
av_SUGAR_d0;39400;INTARIAN_PEPPER_ROOT;10340;5;10338;12;;;10346;13;10348;20;;;10343.0;0.0
av_SUGAR_d0;39500;ASH_COATED_OSMIUM;9915;18;9912;23;;;9921;19;9924;25;;;9918.0;0.0
av_SUGAR_d0;39500;INTARIAN_PEPPER_ROOT;10344;14;10341;22;;;10350;9;10353;22;;;10347.0;0.0
av_SUGAR_d0;39600;ASH_COATED_OSMIUM;9914;11;9912;17;;;9920;25;9924;8;;;9917.0;0.0
av_SUGAR_d0;39600;INTARIAN_PEPPER_ROOT;10346;20;10342;13;;;10354;10;10357;16;;;10350.0;0.0
av_SUGAR_d0;39700;ASH_COATED_OSMIUM;9896;19;9894;12;;;9940;18;9944;23;;;9918.0;0.0
av_SUGAR_d0;39700;INTARIAN_PEPPER_ROOT;10350;16;10346;18;;;10356;11;10358;21;;;10353.0;0.0
av_SUGAR_d0;39800;ASH_COATED_OSMIUM;9915;13;9911;20;;;9921;16;9923;25;;;9918.0;0.0
av_SUGAR_d0;39800;INTARIAN_PEPPER_ROOT;10346;14;10342;18;;;10367;10;10369;14;;;10356.5;0.0
av_SUGAR_d0;39900;ASH_COATED_OSMIUM;9914;7;9912;22;;;9922;25;9925;22;;;9918.0;0.0
av_SUGAR_d0;39900;INTARIAN_PEPPER_ROOT;10351;12;10347;13;;;10367;15;10371;24;;;10359.0;0.0
av_SUGAR_d0;40000;ASH_COATED_OSMIUM;9915;18;9911;20;;;9921;10;9923;22;;;9918.0;0.0
av_SUGAR_d0;40000;INTARIAN_PEPPER_ROOT;10360;16;10356;22;;;10366;16;10369;23;;;10363.0;0.0
av_SUGAR_d0;40100;ASH_COATED_OSMIUM;9915;14;9912;18;;;9921;20;9925;12;;;9918.0;0.0
av_SUGAR_d0;40100;INTARIAN_PEPPER_ROOT;10362;13;10359;16;;;10368;5;10372;19;;;10365.0;0.0
av_SUGAR_d0;40200;ASH_COATED_OSMIUM;9915;12;9911;22;;;9921;12;9925;19;;;9918.0;0.0
av_SUGAR_d0;40200;INTARIAN_PEPPER_ROOT;10365;12;10363;22;;;10371;19;10373;24;;;10368.0;0.0
av_SUGAR_d0;40300;ASH_COATED_OSMIUM;9910;11;9906;14;;;9924;12;9926;22;;;9917.0;0.0
av_SUGAR_d0;40300;INTARIAN_PEPPER_ROOT;10368;18;10365;15;;;10376;7;10379;24;;;10372.0;0.0
av_SUGAR_d0;40400;ASH_COATED_OSMIUM;9913;14;9910;25;;;9923;18;9926;24;;;9918.0;0.0
av_SUGAR_d0;40400;INTARIAN_PEPPER_ROOT;10372;8;10368;26;;;10378;15;10380;18;;;10375.0;0.0
av_SUGAR_d0;40500;ASH_COATED_OSMIUM;9914;17;9911;16;;;9920;16;9924;22;;;9917.0;0.0
av_SUGAR_d0;40500;INTARIAN_PEPPER_ROOT;10375;21;10371;19;;;10381;16;10383;28;;;10378.0;0.0
av_SUGAR_d0;40600;ASH_COATED_OSMIUM;9914;17;9911;21;;;9921;15;9924;17;;;9917.5;0.0
av_SUGAR_d0;40600;INTARIAN_PEPPER_ROOT;10378;13;10376;21;;;10384;17;10387;17;;;10381.0;0.0
av_SUGAR_d0;40700;ASH_COATED_OSMIUM;9912;15;9908;12;;;9924;14;9926;22;;;9918.0;0.0
av_SUGAR_d0;40700;INTARIAN_PEPPER_ROOT;10381;18;10378;19;;;10387;17;10391;22;;;10384.0;0.0
av_SUGAR_d0;40800;ASH_COATED_OSMIUM;9914;14;9912;26;;;9920;11;9923;21;;;9917.0;0.0
av_SUGAR_d0;40800;INTARIAN_PEPPER_ROOT;10383;5;10379;21;;;10391;9;10395;17;;;10387.0;0.0
av_SUGAR_d0;40900;ASH_COATED_OSMIUM;9897;13;9893;25;;;9937;19;9941;19;;;9917.0;0.0
av_SUGAR_d0;40900;INTARIAN_PEPPER_ROOT;10387;6;10383;18;;;10393;16;10396;20;;;10390.0;0.0
av_SUGAR_d0;41000;ASH_COATED_OSMIUM;9915;14;9912;19;;;9921;10;9924;16;;;9918.0;0.0
av_SUGAR_d0;41000;INTARIAN_PEPPER_ROOT;10390;21;10387;14;;;10396;18;10399;12;;;10393.0;0.0
av_SUGAR_d0;41100;ASH_COATED_OSMIUM;9914;10;9912;23;;;9920;18;9924;12;;;9917.0;0.0
av_SUGAR_d0;41100;INTARIAN_PEPPER_ROOT;10392;13;10389;22;;;10399;12;10401;24;;;10395.5;0.0
av_SUGAR_d0;41200;ASH_COATED_OSMIUM;9912;13;9908;19;;;9921;19;9924;20;;;9916.5;0.0
av_SUGAR_d0;41200;INTARIAN_PEPPER_ROOT;10390;22;10387;17;;;10408;19;10412;19;;;10399.0;0.0
av_SUGAR_d0;41300;ASH_COATED_OSMIUM;9914;11;9911;16;;;9920;13;9922;20;;;9917.0;0.0
av_SUGAR_d0;41300;INTARIAN_PEPPER_ROOT;10399;16;10397;20;;;10405;11;10409;21;;;10402.0;0.0
av_SUGAR_d0;41400;ASH_COATED_OSMIUM;9911;11;9908;20;;;9922;11;9924;17;;;9916.5;0.0
av_SUGAR_d0;41400;INTARIAN_PEPPER_ROOT;10402;10;10398;8;;;10408;13;10411;15;;;10405.0;0.0
av_SUGAR_d0;41500;ASH_COATED_OSMIUM;9914;14;9910;20;;;9920;16;9924;27;;;9917.0;0.0
av_SUGAR_d0;41500;INTARIAN_PEPPER_ROOT;10398;21;10395;26;;;10419;6;10423;12;;;10408.5;0.0
av_SUGAR_d0;41600;ASH_COATED_OSMIUM;9914;21;9910;21;;;9920;12;9922;23;;;9917.0;0.0
av_SUGAR_d0;41600;INTARIAN_PEPPER_ROOT;10408;21;10404;11;;;10414;10;10417;19;;;10411.0;0.0
av_SUGAR_d0;41700;ASH_COATED_OSMIUM;9913;10;9911;22;;;9919;17;9922;14;;;9916.0;0.0
av_SUGAR_d0;41700;INTARIAN_PEPPER_ROOT;10411;20;10408;18;;;10417;25;10420;16;;;10414.0;0.0
av_SUGAR_d0;41800;ASH_COATED_OSMIUM;9913;6;9911;17;;;9921;12;9925;20;;;9917.0;0.0
av_SUGAR_d0;41800;INTARIAN_PEPPER_ROOT;10409;18;10407;11;;;10426;12;10430;18;;;10417.5;0.0
av_SUGAR_d0;41900;ASH_COATED_OSMIUM;9901;11;9897;21;;;9932;20;9935;23;;;9916.5;0.0
av_SUGAR_d0;41900;INTARIAN_PEPPER_ROOT;10418;14;10414;17;;;10424;11;10427;14;;;10421.0;0.0
av_SUGAR_d0;42000;ASH_COATED_OSMIUM;9913;10;9910;13;;;9919;21;9923;20;;;9916.0;0.0
av_SUGAR_d0;42000;INTARIAN_PEPPER_ROOT;10411;23;10408;17;;;10436;11;10438;28;;;10423.5;0.0
av_SUGAR_d0;42100;ASH_COATED_OSMIUM;9913;7;9911;23;;;9919;12;9921;27;;;9916.0;0.0
av_SUGAR_d0;42100;INTARIAN_PEPPER_ROOT;10424;11;10422;23;;;10430;15;10432;20;;;10427.0;0.0
av_SUGAR_d0;42200;ASH_COATED_OSMIUM;9903;7;9901;22;;;9929;17;9931;18;;;9916.0;0.0
av_SUGAR_d0;42200;INTARIAN_PEPPER_ROOT;10427;10;10423;20;;;10433;24;10437;22;;;10430.0;0.0
av_SUGAR_d0;42300;ASH_COATED_OSMIUM;9912;10;9908;16;;;9920;13;9922;18;;;9916.0;0.0
av_SUGAR_d0;42300;INTARIAN_PEPPER_ROOT;10430;17;10427;18;;;10436;16;10438;20;;;10433.0;0.0
av_SUGAR_d0;42400;ASH_COATED_OSMIUM;9908;22;9906;14;;;9924;19;9926;17;;;9916.0;0.0
av_SUGAR_d0;42400;INTARIAN_PEPPER_ROOT;10432;8;10429;13;;;10438;10;10442;21;;;10435.0;0.0
av_SUGAR_d0;42500;ASH_COATED_OSMIUM;9907;13;9903;22;;;9926;17;9929;13;;;9916.5;0.0
av_SUGAR_d0;42500;INTARIAN_PEPPER_ROOT;10436;15;10433;19;;;10442;16;10444;20;;;10439.0;0.0
av_SUGAR_d0;42600;ASH_COATED_OSMIUM;9912;14;9909;22;;;9922;10;9926;22;;;9917.0;0.0
av_SUGAR_d0;42600;INTARIAN_PEPPER_ROOT;10437;8;10434;21;;;10446;19;10450;15;;;10441.5;0.0
av_SUGAR_d0;42700;ASH_COATED_OSMIUM;9913;28;9909;11;;;9919;13;9921;17;;;9916.0;0.0
av_SUGAR_d0;42700;INTARIAN_PEPPER_ROOT;10442;24;10440;19;;;10448;10;10452;11;;;10445.0;0.0
av_SUGAR_d0;42800;ASH_COATED_OSMIUM;9913;18;9909;16;;;9920;24;9923;18;;;9916.5;0.0
av_SUGAR_d0;42800;INTARIAN_PEPPER_ROOT;10445;8;10442;22;;;10451;20;10453;13;;;10448.0;0.0
av_SUGAR_d0;42900;ASH_COATED_OSMIUM;9912;9;9908;17;;;9918;13;9922;18;;;9915.0;0.0
av_SUGAR_d0;42900;INTARIAN_PEPPER_ROOT;10440;20;10438;24;;;10461;20;10463;26;;;10450.5;0.0
av_SUGAR_d0;43000;ASH_COATED_OSMIUM;9908;11;9904;24;;;9924;14;9928;15;;;9916.0;0.0
av_SUGAR_d0;43000;INTARIAN_PEPPER_ROOT;10451;25;10449;17;;;10457;16;10461;19;;;10454.0;0.0
av_SUGAR_d0;43100;ASH_COATED_OSMIUM;9913;26;9910;17;;;9919;15;9922;16;;;9916.0;0.0
av_SUGAR_d0;43100;INTARIAN_PEPPER_ROOT;10445;15;10442;16;;;10469;14;10471;16;;;10457.0;0.0
av_SUGAR_d0;43200;ASH_COATED_OSMIUM;9912;16;9910;17;;;9918;18;9921;13;;;9915.0;0.0
av_SUGAR_d0;43200;INTARIAN_PEPPER_ROOT;10458;13;10456;9;;;10464;19;10466;13;;;10461.0;0.0
av_SUGAR_d0;43300;ASH_COATED_OSMIUM;9912;18;9908;28;;;9918;8;9921;24;;;9915.0;0.0
av_SUGAR_d0;43300;INTARIAN_PEPPER_ROOT;10461;15;10459;12;;;10467;21;10471;24;;;10464.0;0.0
av_SUGAR_d0;43400;ASH_COATED_OSMIUM;9912;17;9909;17;;;9918;9;9921;20;;;9915.0;0.0
av_SUGAR_d0;43400;INTARIAN_PEPPER_ROOT;10463;23;10459;22;;;10470;13;10472;20;;;10466.5;0.0
av_SUGAR_d0;43500;ASH_COATED_OSMIUM;9902;6;9899;10;;;9929;24;9931;15;;;9915.5;0.0
av_SUGAR_d0;43500;INTARIAN_PEPPER_ROOT;10466;12;10462;16;;;10473;20;10477;16;;;10469.5;0.0
av_SUGAR_d0;43600;ASH_COATED_OSMIUM;9912;7;9909;24;;;9918;16;9921;22;;;9915.0;0.0
av_SUGAR_d0;43600;INTARIAN_PEPPER_ROOT;10464;5;10462;20;;;10482;17;10485;22;;;10473.0;0.0
av_SUGAR_d0;43700;ASH_COATED_OSMIUM;9910;14;9907;19;;;9919;22;9922;19;;;9914.5;0.0
av_SUGAR_d0;43700;INTARIAN_PEPPER_ROOT;10464;11;10461;21;;;10487;14;10491;19;;;10475.5;0.0
av_SUGAR_d0;43800;ASH_COATED_OSMIUM;9913;23;9910;21;;;9919;9;9921;10;;;9916.0;0.0
av_SUGAR_d0;43800;INTARIAN_PEPPER_ROOT;10475;14;10473;17;;;10481;13;10485;12;;;10478.0;0.0
av_SUGAR_d0;43900;ASH_COATED_OSMIUM;9912;13;9909;14;;;9918;10;9921;12;;;9915.0;0.0
av_SUGAR_d0;43900;INTARIAN_PEPPER_ROOT;10475;10;10472;25;;;10488;17;10490;15;;;10481.5;0.0
av_SUGAR_d0;44000;ASH_COATED_OSMIUM;9912;7;9910;24;;;9918;12;9922;19;;;9915.0;0.0
av_SUGAR_d0;44000;INTARIAN_PEPPER_ROOT;10479;9;10476;18;;;10492;16;10496;18;;;10485.5;0.0
av_SUGAR_d0;44100;ASH_COATED_OSMIUM;9907;25;9904;24;;;9925;18;9927;13;;;9916.0;0.0
av_SUGAR_d0;44100;INTARIAN_PEPPER_ROOT;10485;11;10482;11;;;10491;14;10495;14;;;10488.0;0.0
av_SUGAR_d0;44200;ASH_COATED_OSMIUM;9912;19;9909;18;;;9918;12;9920;24;;;9915.0;0.0
av_SUGAR_d0;44200;INTARIAN_PEPPER_ROOT;10479;12;10476;20;;;10503;14;10507;15;;;10491.0;0.0
av_SUGAR_d0;44300;ASH_COATED_OSMIUM;9898;11;9894;30;;;9932;15;9935;26;;;9915.0;0.0
av_SUGAR_d0;44300;INTARIAN_PEPPER_ROOT;10489;10;10486;23;;;10500;15;10503;16;;;10494.5;0.0
av_SUGAR_d0;44400;ASH_COATED_OSMIUM;9912;10;9910;16;;;9918;24;9921;22;;;9915.0;0.0
av_SUGAR_d0;44400;INTARIAN_PEPPER_ROOT;10494;15;10490;25;;;10500;17;10503;19;;;10497.0;0.0
av_SUGAR_d0;44500;ASH_COATED_OSMIUM;9905;15;9902;22;;;9925;24;9928;30;;;9915.0;0.0
av_SUGAR_d0;44500;INTARIAN_PEPPER_ROOT;10497;18;10493;14;;;10503;16;10507;24;;;10500.0;0.0
av_SUGAR_d0;44600;ASH_COATED_OSMIUM;9901;10;9897;17;;;9928;18;9932;18;;;9914.5;0.0
av_SUGAR_d0;44600;INTARIAN_PEPPER_ROOT;10492;15;10489;15;;;10516;15;10520;20;;;10504.0;0.0
av_SUGAR_d0;44700;ASH_COATED_OSMIUM;9911;14;9909;18;;;9917;13;9919;23;;;9914.0;0.0
av_SUGAR_d0;44700;INTARIAN_PEPPER_ROOT;10500;14;10497;28;;;10513;5;10516;24;;;10506.5;0.0
av_SUGAR_d0;44800;ASH_COATED_OSMIUM;9912;13;9908;18;;;9918;10;9922;18;;;9915.0;0.0
av_SUGAR_d0;44800;INTARIAN_PEPPER_ROOT;10507;5;10505;22;;;10513;13;10517;15;;;10510.0;0.0
av_SUGAR_d0;44900;ASH_COATED_OSMIUM;9909;14;9906;19;;;9921;15;9923;17;;;9915.0;0.0
av_SUGAR_d0;44900;INTARIAN_PEPPER_ROOT;10500;12;10497;17;;;10524;19;10528;20;;;10512.0;0.0
av_SUGAR_d0;45000;ASH_COATED_OSMIUM;9911;16;9909;15;;;9917;16;9921;10;;;9914.0;0.0
av_SUGAR_d0;45000;INTARIAN_PEPPER_ROOT;10512;14;10508;18;;;10518;17;10522;18;;;10515.0;0.0
av_SUGAR_d0;45100;ASH_COATED_OSMIUM;9911;18;9909;26;;;9917;8;9921;16;;;9914.0;0.0
av_SUGAR_d0;45100;INTARIAN_PEPPER_ROOT;10516;12;10512;24;;;10523;18;10525;22;;;10519.5;0.0
av_SUGAR_d0;45200;ASH_COATED_OSMIUM;9911;27;9908;21;;;9917;18;9920;21;;;9914.0;0.0
av_SUGAR_d0;45200;INTARIAN_PEPPER_ROOT;10517;19;10515;28;;;10526;9;10528;23;;;10521.5;0.0
av_SUGAR_d0;45300;ASH_COATED_OSMIUM;9911;22;9907;16;;;9918;5;9922;20;;;9914.5;0.0
av_SUGAR_d0;45300;INTARIAN_PEPPER_ROOT;10509;22;10505;18;;;10540;17;10543;16;;;10524.5;0.0
av_SUGAR_d0;45400;ASH_COATED_OSMIUM;9911;17;9907;12;;;9917;22;9921;19;;;9914.0;0.0
av_SUGAR_d0;45400;INTARIAN_PEPPER_ROOT;10524;14;10520;23;;;10531;12;10535;23;;;10527.5;0.0
av_SUGAR_d0;45500;ASH_COATED_OSMIUM;9908;9;9906;21;;;9920;12;9923;21;;;9914.0;0.0
av_SUGAR_d0;45500;INTARIAN_PEPPER_ROOT;10527;15;10524;18;;;10535;13;10537;12;;;10531.0;0.0
av_SUGAR_d0;45600;ASH_COATED_OSMIUM;9910;6;9907;30;;;9918;17;9921;15;;;9914.0;0.0
av_SUGAR_d0;45600;INTARIAN_PEPPER_ROOT;10531;18;10529;23;;;10537;12;10541;17;;;10534.0;0.0
av_SUGAR_d0;45700;ASH_COATED_OSMIUM;9907;17;9903;15;;;9921;14;9923;24;;;9914.0;0.0
av_SUGAR_d0;45700;INTARIAN_PEPPER_ROOT;10535;13;10531;20;;;10541;10;10545;22;;;10538.0;0.0
av_SUGAR_d0;45800;ASH_COATED_OSMIUM;9911;5;9909;19;;;9917;23;9920;27;;;9914.0;0.0
av_SUGAR_d0;45800;INTARIAN_PEPPER_ROOT;10538;10;10534;23;;;10544;15;10546;15;;;10541.0;0.0
av_SUGAR_d0;45900;ASH_COATED_OSMIUM;9909;13;9906;21;;;9917;10;9919;15;;;9913.0;0.0
av_SUGAR_d0;45900;INTARIAN_PEPPER_ROOT;10540;16;10536;21;;;10546;22;10550;24;;;10543.0;0.0
av_SUGAR_d0;46000;ASH_COATED_OSMIUM;9911;15;9909;16;;;9917;16;9921;27;;;9914.0;0.0
av_SUGAR_d0;46000;INTARIAN_PEPPER_ROOT;10542;23;10538;25;;;10550;6;10554;19;;;10546.0;0.0
av_SUGAR_d0;46100;ASH_COATED_OSMIUM;9910;10;9908;20;;;9916;16;9919;26;;;9913.0;0.0
av_SUGAR_d0;46100;INTARIAN_PEPPER_ROOT;10547;22;10544;19;;;10553;7;10556;26;;;10550.0;0.0
av_SUGAR_d0;46200;ASH_COATED_OSMIUM;9910;26;9906;25;;;9916;23;9920;22;;;9913.0;0.0
av_SUGAR_d0;46200;INTARIAN_PEPPER_ROOT;10542;16;10538;24;;;10564;6;10567;21;;;10553.0;0.0
av_SUGAR_d0;46300;ASH_COATED_OSMIUM;9911;15;9908;12;;;9917;24;9920;20;;;9914.0;0.0
av_SUGAR_d0;46300;INTARIAN_PEPPER_ROOT;10553;11;10550;17;;;10559;15;10561;20;;;10556.0;0.0
av_SUGAR_d0;46400;ASH_COATED_OSMIUM;9910;19;9908;17;;;9916;15;9919;24;;;9913.0;0.0
av_SUGAR_d0;46400;INTARIAN_PEPPER_ROOT;10556;16;10554;15;;;10562;13;10566;28;;;10559.0;0.0
av_SUGAR_d0;46500;ASH_COATED_OSMIUM;9910;20;9907;15;;;9916;7;9920;22;;;9913.0;0.0
av_SUGAR_d0;46500;INTARIAN_PEPPER_ROOT;10551;7;10548;24;;;10572;8;10576;28;;;10561.5;0.0
av_SUGAR_d0;46600;ASH_COATED_OSMIUM;9910;22;9906;23;;;9916;21;9918;19;;;9913.0;0.0
av_SUGAR_d0;46600;INTARIAN_PEPPER_ROOT;10561;14;10558;21;;;10567;18;10571;16;;;10564.0;0.0
av_SUGAR_d0;46700;ASH_COATED_OSMIUM;9910;10;9906;20;;;9916;20;9920;22;;;9913.0;0.0
av_SUGAR_d0;46700;INTARIAN_PEPPER_ROOT;10565;17;10563;27;;;10571;18;10573;23;;;10568.0;0.0
av_SUGAR_d0;46800;ASH_COATED_OSMIUM;9905;20;9903;21;;;9920;14;9922;23;;;9912.5;0.0
av_SUGAR_d0;46800;INTARIAN_PEPPER_ROOT;10568;5;10566;22;;;10574;21;10578;19;;;10571.0;0.0
av_SUGAR_d0;46900;ASH_COATED_OSMIUM;9910;16;9906;19;;;9916;5;9918;14;;;9913.0;0.0
av_SUGAR_d0;46900;INTARIAN_PEPPER_ROOT;10571;20;10569;11;;;10577;25;10580;27;;;10574.0;0.0
av_SUGAR_d0;47000;ASH_COATED_OSMIUM;9902;18;9899;19;;;9924;19;9928;15;;;9913.0;0.0
av_SUGAR_d0;47000;INTARIAN_PEPPER_ROOT;10574;19;10571;18;;;10580;15;10582;25;;;10577.0;0.0
av_SUGAR_d0;47100;ASH_COATED_OSMIUM;9910;12;9906;17;;;9916;25;9918;24;;;9913.0;0.0
av_SUGAR_d0;47100;INTARIAN_PEPPER_ROOT;10573;13;10569;19;;;10587;13;10589;19;;;10580.0;0.0
av_SUGAR_d0;47200;ASH_COATED_OSMIUM;9908;16;9904;29;;;9918;14;9921;12;;;9913.0;0.0
av_SUGAR_d0;47200;INTARIAN_PEPPER_ROOT;10580;17;10576;12;;;10586;20;10589;18;;;10583.0;0.0
av_SUGAR_d0;47300;ASH_COATED_OSMIUM;9910;15;9907;29;;;9916;16;9919;19;;;9913.0;0.0
av_SUGAR_d0;47300;INTARIAN_PEPPER_ROOT;10583;8;10581;15;;;10589;13;10593;17;;;10586.0;0.0
av_SUGAR_d0;47400;ASH_COATED_OSMIUM;9909;17;9906;20;;;9916;10;9918;20;;;9912.5;0.0
av_SUGAR_d0;47400;INTARIAN_PEPPER_ROOT;10580;20;10576;22;;;10598;18;10602;14;;;10589.0;0.0
av_SUGAR_d0;47500;ASH_COATED_OSMIUM;9910;16;9906;8;;;9916;11;9918;22;;;9913.0;0.0
av_SUGAR_d0;47500;INTARIAN_PEPPER_ROOT;10589;16;10587;18;;;10595;13;10599;24;;;10592.0;0.0
av_SUGAR_d0;47600;ASH_COATED_OSMIUM;9910;20;9906;13;;;9916;18;9919;15;;;9913.0;0.0
av_SUGAR_d0;47600;INTARIAN_PEPPER_ROOT;10592;21;10589;17;;;10598;22;10600;20;;;10595.0;0.0
av_SUGAR_d0;47700;ASH_COATED_OSMIUM;9910;17;9906;21;;;9916;19;9919;12;;;9913.0;0.0
av_SUGAR_d0;47700;INTARIAN_PEPPER_ROOT;10596;13;10592;23;;;10602;23;10606;17;;;10599.0;0.0
av_SUGAR_d0;47800;ASH_COATED_OSMIUM;9908;18;9906;13;;;9917;20;9919;24;;;9912.5;0.0
av_SUGAR_d0;47800;INTARIAN_PEPPER_ROOT;10598;9;10596;20;;;10606;9;10610;26;;;10602.0;0.0
av_SUGAR_d0;47900;ASH_COATED_OSMIUM;9909;5;9906;16;;;9915;26;9917;13;;;9912.0;0.0
av_SUGAR_d0;47900;INTARIAN_PEPPER_ROOT;10601;7;10599;15;;;10607;25;10610;19;;;10604.0;0.0
av_SUGAR_d0;48000;ASH_COATED_OSMIUM;9909;16;9906;21;;;9915;12;9919;26;;;9912.0;0.0
av_SUGAR_d0;48000;INTARIAN_PEPPER_ROOT;10603;22;10601;12;;;10613;7;10617;14;;;10608.0;0.0
av_SUGAR_d0;48100;ASH_COATED_OSMIUM;9909;15;9905;11;;;9915;22;9918;24;;;9912.0;0.0
av_SUGAR_d0;48100;INTARIAN_PEPPER_ROOT;10608;16;10606;19;;;10614;12;10618;19;;;10611.0;0.0
av_SUGAR_d0;48200;ASH_COATED_OSMIUM;9910;18;9908;19;;;9916;16;9920;21;;;9913.0;0.0
av_SUGAR_d0;48200;INTARIAN_PEPPER_ROOT;10610;22;10607;21;;;10619;19;10623;31;;;10614.5;0.0
av_SUGAR_d0;48300;ASH_COATED_OSMIUM;9909;24;9906;22;;;9915;18;9917;21;;;9912.0;0.0
av_SUGAR_d0;48300;INTARIAN_PEPPER_ROOT;10613;15;10610;19;;;10621;15;10624;15;;;10617.0;0.0
av_SUGAR_d0;48400;ASH_COATED_OSMIUM;9909;12;9906;13;;;9915;15;9919;12;;;9912.0;0.0
av_SUGAR_d0;48400;INTARIAN_PEPPER_ROOT;10617;13;10615;25;;;10623;12;10625;16;;;10620.0;0.0
av_SUGAR_d0;48500;ASH_COATED_OSMIUM;9905;14;9901;19;;;9918;12;9920;18;;;9911.5;0.0
av_SUGAR_d0;48500;INTARIAN_PEPPER_ROOT;10617;14;10614;19;;;10630;20;10634;10;;;10623.5;0.0
av_SUGAR_d0;48600;ASH_COATED_OSMIUM;9909;11;9906;14;;;9915;12;9919;20;;;9912.0;0.0
av_SUGAR_d0;48600;INTARIAN_PEPPER_ROOT;10616;26;10613;20;;;10636;12;10639;17;;;10626.0;0.0
av_SUGAR_d0;48700;ASH_COATED_OSMIUM;9909;22;9905;16;;;9915;19;9917;24;;;9912.0;0.0
av_SUGAR_d0;48700;INTARIAN_PEPPER_ROOT;10627;24;10623;10;;;10633;14;10637;29;;;10630.0;0.0
av_SUGAR_d0;48800;ASH_COATED_OSMIUM;9908;6;9904;18;;;9914;15;9918;23;;;9911.0;0.0
av_SUGAR_d0;48800;INTARIAN_PEPPER_ROOT;10630;12;10626;15;;;10636;16;10639;16;;;10633.0;0.0
av_SUGAR_d0;48900;ASH_COATED_OSMIUM;9909;10;9906;18;;;9915;21;9917;22;;;9912.0;0.0
av_SUGAR_d0;48900;INTARIAN_PEPPER_ROOT;10626;8;10624;16;;;10645;17;10649;19;;;10635.5;0.0
av_SUGAR_d0;49000;ASH_COATED_OSMIUM;9908;12;9906;11;;;9915;13;9918;23;;;9911.5;0.0
av_SUGAR_d0;49000;INTARIAN_PEPPER_ROOT;10635;16;10632;30;;;10641;11;10645;18;;;10638.0;0.0
av_SUGAR_d0;49100;ASH_COATED_OSMIUM;9903;20;9901;15;;;9920;8;9924;23;;;9911.5;0.0
av_SUGAR_d0;49100;INTARIAN_PEPPER_ROOT;10639;13;10637;27;;;10645;17;10647;21;;;10642.0;0.0
av_SUGAR_d0;49200;ASH_COATED_OSMIUM;9908;22;9906;21;;;9914;17;9916;21;;;9911.0;0.0
av_SUGAR_d0;49200;INTARIAN_PEPPER_ROOT;10642;12;10640;16;;;10648;20;10652;11;;;10645.0;0.0
av_SUGAR_d0;49300;ASH_COATED_OSMIUM;9908;14;9905;25;;;9914;12;9918;22;;;9911.0;0.0
av_SUGAR_d0;49300;INTARIAN_PEPPER_ROOT;10645;10;10642;22;;;10651;10;10653;22;;;10648.0;0.0
av_SUGAR_d0;49400;ASH_COATED_OSMIUM;9908;12;9906;21;;;9914;17;9918;15;;;9911.0;0.0
av_SUGAR_d0;49400;INTARIAN_PEPPER_ROOT;10647;23;10644;18;;;10653;16;10655;8;;;10650.0;0.0
av_SUGAR_d0;49500;ASH_COATED_OSMIUM;9908;6;9906;20;;;9914;18;9918;10;;;9911.0;0.0
av_SUGAR_d0;49500;INTARIAN_PEPPER_ROOT;10646;10;10644;17;;;10663;12;10665;17;;;10654.5;0.0
av_SUGAR_d0;49600;ASH_COATED_OSMIUM;9908;14;9906;17;;;9914;18;9917;24;;;9911.0;0.0
av_SUGAR_d0;49600;INTARIAN_PEPPER_ROOT;10654;17;10652;23;;;10660;12;10664;31;;;10657.0;0.0
av_SUGAR_d0;49700;ASH_COATED_OSMIUM;9908;19;9905;14;;;9914;14;9917;18;;;9911.0;0.0
av_SUGAR_d0;49700;INTARIAN_PEPPER_ROOT;10657;18;10653;20;;;10663;10;10667;28;;;10660.0;0.0
av_SUGAR_d0;49800;ASH_COATED_OSMIUM;9897;13;9893;11;;;9925;13;9927;20;;;9911.0;0.0
av_SUGAR_d0;49800;INTARIAN_PEPPER_ROOT;10660;15;10657;13;;;10666;8;10669;21;;;10663.0;0.0
av_SUGAR_d0;49900;ASH_COATED_OSMIUM;9908;11;9906;18;;;9914;18;9916;25;;;9911.0;0.0
av_SUGAR_d0;49900;INTARIAN_PEPPER_ROOT;10663;23;10660;13;;;10669;5;10673;21;;;10666.0;0.0
av_SUGAR_d0;50000;ASH_COATED_OSMIUM;9908;18;9906;26;;;9915;12;9917;19;;;9911.5;0.0
av_SUGAR_d0;50000;INTARIAN_PEPPER_ROOT;10666;19;10664;16;;;10672;8;10675;18;;;10669.0;0.0
av_SUGAR_d0;50100;ASH_COATED_OSMIUM;9908;5;9905;17;;;9914;16;9917;14;;;9911.0;0.0
av_SUGAR_d0;50100;INTARIAN_PEPPER_ROOT;10666;10;10662;16;;;10678;14;10682;17;;;10672.0;0.0
av_SUGAR_d0;50200;ASH_COATED_OSMIUM;9907;17;9904;35;;;9913;18;9917;19;;;9910.0;0.0
av_SUGAR_d0;50200;INTARIAN_PEPPER_ROOT;10672;10;10668;23;;;10678;7;10680;27;;;10675.0;0.0
av_SUGAR_d0;50300;ASH_COATED_OSMIUM;9907;12;9905;11;;;9913;22;9916;13;;;9910.0;0.0
av_SUGAR_d0;50300;INTARIAN_PEPPER_ROOT;10666;16;10662;25;;;10691;5;10693;8;;;10678.5;0.0
av_SUGAR_d0;50400;ASH_COATED_OSMIUM;9908;14;9904;26;;;9914;15;9917;15;;;9911.0;0.0
av_SUGAR_d0;50400;INTARIAN_PEPPER_ROOT;10678;12;10676;20;;;10684;13;10687;33;;;10681.0;0.0
av_SUGAR_d0;50500;ASH_COATED_OSMIUM;9903;19;9900;20;;;9919;17;9922;23;;;9911.0;0.0
av_SUGAR_d0;50500;INTARIAN_PEPPER_ROOT;10681;10;10679;22;;;10687;7;10691;16;;;10684.0;0.0
av_SUGAR_d0;50600;ASH_COATED_OSMIUM;9907;11;9904;18;;;9915;17;9919;19;;;9911.0;0.0
av_SUGAR_d0;50600;INTARIAN_PEPPER_ROOT;10684;16;10682;22;;;10690;8;10692;16;;;10687.0;0.0
av_SUGAR_d0;50700;ASH_COATED_OSMIUM;9907;26;9904;19;;;9915;6;9918;13;;;9911.0;0.0
av_SUGAR_d0;50700;INTARIAN_PEPPER_ROOT;10688;17;10685;19;;;10694;18;10697;14;;;10691.0;0.0
av_SUGAR_d0;50800;ASH_COATED_OSMIUM;9907;15;9904;20;;;9913;20;9917;19;;;9910.0;0.0
av_SUGAR_d0;50800;INTARIAN_PEPPER_ROOT;10691;5;10688;15;;;10697;15;10701;30;;;10694.0;0.0
av_SUGAR_d0;50900;ASH_COATED_OSMIUM;9904;20;9901;18;;;9918;7;9921;17;;;9911.0;0.0
av_SUGAR_d0;50900;INTARIAN_PEPPER_ROOT;10683;11;10679;17;;;10708;18;10712;22;;;10695.5;0.0
av_SUGAR_d0;51000;ASH_COATED_OSMIUM;9907;20;9903;27;;;9914;9;9916;25;;;9910.5;0.0
av_SUGAR_d0;51000;INTARIAN_PEPPER_ROOT;10693;9;10691;12;;;10699;16;10703;19;;;10696.0;0.0
av_SUGAR_d0;51100;ASH_COATED_OSMIUM;9906;5;9903;18;;;9914;10;9916;15;;;9910.0;0.0
av_SUGAR_d0;51100;INTARIAN_PEPPER_ROOT;10693;13;10691;11;;;10699;11;10702;19;;;10696.0;0.0
av_SUGAR_d0;51200;ASH_COATED_OSMIUM;9904;15;9902;17;;;9918;10;9921;27;;;9911.0;0.0
av_SUGAR_d0;51200;INTARIAN_PEPPER_ROOT;10694;13;10690;15;;;10700;11;10704;8;;;10697.0;0.0
av_SUGAR_d0;51300;ASH_COATED_OSMIUM;9908;11;9905;25;;;9914;11;9916;20;;;9911.0;0.0
av_SUGAR_d0;51300;INTARIAN_PEPPER_ROOT;10694;12;10690;9;;;10700;12;10704;21;;;10697.0;0.0
av_SUGAR_d0;51400;ASH_COATED_OSMIUM;9907;7;9905;16;;;9913;19;9915;25;;;9910.0;0.0
av_SUGAR_d0;51400;INTARIAN_PEPPER_ROOT;10690;15;10686;21;;;10705;14;10709;16;;;10697.5;0.0
av_SUGAR_d0;51500;ASH_COATED_OSMIUM;9908;10;9906;20;;;9914;14;9917;23;;;9911.0;0.0
av_SUGAR_d0;51500;INTARIAN_PEPPER_ROOT;10695;18;10693;18;;;10701;24;10705;23;;;10698.0;0.0
av_SUGAR_d0;51600;ASH_COATED_OSMIUM;9907;27;9904;17;;;9913;20;9915;20;;;9910.0;0.0
av_SUGAR_d0;51600;INTARIAN_PEPPER_ROOT;10696;18;10693;19;;;10702;6;10706;29;;;10699.0;0.0
av_SUGAR_d0;51700;ASH_COATED_OSMIUM;9902;20;9898;29;;;9919;19;9922;20;;;9910.5;0.0
av_SUGAR_d0;51700;INTARIAN_PEPPER_ROOT;10696;18;10694;16;;;10702;22;10704;22;;;10699.0;0.0
av_SUGAR_d0;51800;ASH_COATED_OSMIUM;9908;22;9905;27;;;9914;20;9918;18;;;9911.0;0.0
av_SUGAR_d0;51800;INTARIAN_PEPPER_ROOT;10696;16;10692;26;;;10702;18;10705;17;;;10699.0;0.0
av_SUGAR_d0;51900;ASH_COATED_OSMIUM;9907;14;9904;16;;;9916;5;9918;23;;;9911.5;0.0
av_SUGAR_d0;51900;INTARIAN_PEPPER_ROOT;10696;18;10692;17;;;10702;16;10705;23;;;10699.0;0.0
av_SUGAR_d0;52000;ASH_COATED_OSMIUM;9908;13;9905;24;;;9914;17;9918;17;;;9911.0;0.0
av_SUGAR_d0;52000;INTARIAN_PEPPER_ROOT;10693;13;10689;26;;;10706;13;10709;27;;;10699.5;0.0
av_SUGAR_d0;52100;ASH_COATED_OSMIUM;9908;18;9904;12;;;9914;19;9918;21;;;9911.0;0.0
av_SUGAR_d0;52100;INTARIAN_PEPPER_ROOT;10689;20;10686;23;;;10710;18;10712;17;;;10699.5;0.0
av_SUGAR_d0;52200;ASH_COATED_OSMIUM;9908;8;9906;27;;;9914;9;9917;24;;;9911.0;0.0
av_SUGAR_d0;52200;INTARIAN_PEPPER_ROOT;10697;16;10693;20;;;10703;16;10706;19;;;10700.0;0.0
av_SUGAR_d0;52300;ASH_COATED_OSMIUM;9908;18;9906;15;;;9914;23;9917;24;;;9911.0;0.0
av_SUGAR_d0;52300;INTARIAN_PEPPER_ROOT;10697;8;10694;20;;;10705;12;10707;24;;;10701.0;0.0
av_SUGAR_d0;52400;ASH_COATED_OSMIUM;9908;6;9906;18;;;9914;26;9918;30;;;9911.0;0.0
av_SUGAR_d0;52400;INTARIAN_PEPPER_ROOT;10698;22;10696;16;;;10706;14;10709;24;;;10702.0;0.0
av_SUGAR_d0;52500;ASH_COATED_OSMIUM;9908;16;9906;19;;;9914;14;9917;13;;;9911.0;0.0
av_SUGAR_d0;52500;INTARIAN_PEPPER_ROOT;10698;17;10694;24;;;10704;8;10708;20;;;10701.0;0.0
av_SUGAR_d0;52600;ASH_COATED_OSMIUM;9908;19;9904;20;;;9914;12;9918;21;;;9911.0;0.0
av_SUGAR_d0;52600;INTARIAN_PEPPER_ROOT;10697;11;10695;29;;;10706;13;10709;23;;;10701.5;0.0
av_SUGAR_d0;52700;ASH_COATED_OSMIUM;9908;13;9904;31;;;9914;26;9918;13;;;9911.0;0.0
av_SUGAR_d0;52700;INTARIAN_PEPPER_ROOT;10699;18;10695;13;;;10705;14;10708;23;;;10702.0;0.0
av_SUGAR_d0;52800;ASH_COATED_OSMIUM;9909;15;9907;25;;;9915;11;9918;24;;;9912.0;0.0
av_SUGAR_d0;52800;INTARIAN_PEPPER_ROOT;10700;5;10696;21;;;10707;13;10711;24;;;10703.5;0.0
av_SUGAR_d0;52900;ASH_COATED_OSMIUM;9901;12;9899;18;;;9922;23;9924;14;;;9911.5;0.0
av_SUGAR_d0;52900;INTARIAN_PEPPER_ROOT;10697;15;10695;20;;;10711;13;10714;15;;;10704.0;0.0
av_SUGAR_d0;53000;ASH_COATED_OSMIUM;9909;12;9906;22;;;9915;13;9918;11;;;9912.0;0.0
av_SUGAR_d0;53000;INTARIAN_PEPPER_ROOT;10699;13;10696;18;;;10709;17;10713;20;;;10704.0;0.0
av_SUGAR_d0;53100;ASH_COATED_OSMIUM;9907;7;9903;20;;;9916;13;9918;22;;;9911.5;0.0
av_SUGAR_d0;53100;INTARIAN_PEPPER_ROOT;10701;5;10697;20;;;10708;22;10710;16;;;10704.5;0.0
av_SUGAR_d0;53200;ASH_COATED_OSMIUM;9904;15;9900;21;;;9919;16;9922;18;;;9911.5;0.0
av_SUGAR_d0;53200;INTARIAN_PEPPER_ROOT;10699;16;10696;17;;;10711;11;10714;16;;;10705.0;0.0
av_SUGAR_d0;53300;ASH_COATED_OSMIUM;9902;7;9898;18;;;9921;14;9925;15;;;9911.5;0.0
av_SUGAR_d0;53300;INTARIAN_PEPPER_ROOT;10700;6;10697;13;;;10710;16;10713;21;;;10705.0;0.0
av_SUGAR_d0;53400;ASH_COATED_OSMIUM;9906;13;9903;20;;;9916;16;9919;25;;;9911.0;0.0
av_SUGAR_d0;53400;INTARIAN_PEPPER_ROOT;10696;14;10694;11;;;10714;15;10717;20;;;10705.0;0.0
av_SUGAR_d0;53500;ASH_COATED_OSMIUM;9908;5;9905;22;;;9914;6;9917;26;;;9911.0;0.0
av_SUGAR_d0;53500;INTARIAN_PEPPER_ROOT;10703;29;10700;22;;;10709;17;10712;21;;;10706.0;0.0
av_SUGAR_d0;53600;ASH_COATED_OSMIUM;9901;24;9897;20;;;9921;10;9925;22;;;9911.0;0.0
av_SUGAR_d0;53600;INTARIAN_PEPPER_ROOT;10701;20;10698;19;;;10710;12;10712;16;;;10705.5;0.0
av_SUGAR_d0;53700;ASH_COATED_OSMIUM;9908;15;9906;18;;;9914;15;9916;22;;;9911.0;0.0
av_SUGAR_d0;53700;INTARIAN_PEPPER_ROOT;10704;13;10702;15;;;10710;13;10714;33;;;10707.0;0.0
av_SUGAR_d0;53800;ASH_COATED_OSMIUM;9900;9;9896;19;;;9923;24;9925;22;;;9911.5;0.0
av_SUGAR_d0;53800;INTARIAN_PEPPER_ROOT;10703;12;10701;26;;;10710;21;10712;13;;;10706.5;0.0
av_SUGAR_d0;53900;ASH_COATED_OSMIUM;9909;14;9906;12;;;9915;14;9919;16;;;9912.0;0.0
av_SUGAR_d0;53900;INTARIAN_PEPPER_ROOT;10704;19;10700;25;;;10712;21;10714;18;;;10708.0;0.0
av_SUGAR_d0;54000;ASH_COATED_OSMIUM;9909;19;9906;23;;;9915;14;9917;25;;;9912.0;0.0
av_SUGAR_d0;54000;INTARIAN_PEPPER_ROOT;10705;14;10703;17;;;10711;14;10715;14;;;10708.0;0.0
av_SUGAR_d0;54100;ASH_COATED_OSMIUM;9908;21;9904;14;;;9914;19;9917;25;;;9911.0;0.0
av_SUGAR_d0;54100;INTARIAN_PEPPER_ROOT;10703;8;10701;23;;;10713;7;10716;20;;;10708.0;0.0
av_SUGAR_d0;54200;ASH_COATED_OSMIUM;9909;23;9905;22;;;9915;13;9917;11;;;9912.0;0.0
av_SUGAR_d0;54200;INTARIAN_PEPPER_ROOT;10705;16;10701;26;;;10712;21;10714;22;;;10708.5;0.0
av_SUGAR_d0;54300;ASH_COATED_OSMIUM;9909;26;9905;23;;;9916;18;9919;23;;;9912.5;0.0
av_SUGAR_d0;54300;INTARIAN_PEPPER_ROOT;10699;11;10697;27;;;10719;15;10722;20;;;10709.0;0.0
av_SUGAR_d0;54400;ASH_COATED_OSMIUM;9909;18;9906;13;;;9915;21;9918;26;;;9912.0;0.0
av_SUGAR_d0;54400;INTARIAN_PEPPER_ROOT;10707;18;10704;23;;;10713;11;10715;21;;;10710.0;0.0
av_SUGAR_d0;54500;ASH_COATED_OSMIUM;9908;9;9904;17;;;9915;12;9917;11;;;9911.5;0.0
av_SUGAR_d0;54500;INTARIAN_PEPPER_ROOT;10698;18;10694;27;;;10720;5;10723;22;;;10709.0;0.0
av_SUGAR_d0;54600;ASH_COATED_OSMIUM;9908;20;9905;14;;;9915;10;9917;13;;;9911.5;0.0
av_SUGAR_d0;54600;INTARIAN_PEPPER_ROOT;10694;15;10690;17;;;10726;17;10728;20;;;10710.0;0.0
av_SUGAR_d0;54700;ASH_COATED_OSMIUM;9909;15;9905;20;;;9915;17;9919;18;;;9912.0;0.0
av_SUGAR_d0;54700;INTARIAN_PEPPER_ROOT;10707;15;10705;10;;;10713;13;10715;20;;;10710.0;0.0
av_SUGAR_d0;54800;ASH_COATED_OSMIUM;9909;11;9907;17;;;9915;24;9917;12;;;9912.0;0.0
av_SUGAR_d0;54800;INTARIAN_PEPPER_ROOT;10708;22;10704;21;;;10714;12;10716;14;;;10711.0;0.0
av_SUGAR_d0;54900;ASH_COATED_OSMIUM;9910;13;9908;19;;;9916;17;9919;15;;;9913.0;0.0
av_SUGAR_d0;54900;INTARIAN_PEPPER_ROOT;10708;20;10706;18;;;10714;12;10718;15;;;10711.0;0.0
av_SUGAR_d0;55000;ASH_COATED_OSMIUM;9907;25;9903;26;;;9917;18;9921;17;;;9912.0;0.0
av_SUGAR_d0;55000;INTARIAN_PEPPER_ROOT;10702;18;10699;28;;;10722;7;10724;13;;;10712.0;0.0
av_SUGAR_d0;55100;ASH_COATED_OSMIUM;9910;11;9908;17;;;9916;22;9919;19;;;9913.0;0.0
av_SUGAR_d0;55100;INTARIAN_PEPPER_ROOT;10709;5;10705;16;;;10715;13;10719;24;;;10712.0;0.0
av_SUGAR_d0;55200;ASH_COATED_OSMIUM;9910;9;9907;13;;;9916;18;9920;14;;;9913.0;0.0
av_SUGAR_d0;55200;INTARIAN_PEPPER_ROOT;10710;12;10708;13;;;10716;16;10720;11;;;10713.0;0.0
av_SUGAR_d0;55300;ASH_COATED_OSMIUM;9910;13;9906;21;;;9916;16;9920;15;;;9913.0;0.0
av_SUGAR_d0;55300;INTARIAN_PEPPER_ROOT;10702;12;10699;11;;;10723;11;10727;22;;;10712.5;0.0
av_SUGAR_d0;55400;ASH_COATED_OSMIUM;9910;13;9907;23;;;9916;10;9919;19;;;9913.0;0.0
av_SUGAR_d0;55400;INTARIAN_PEPPER_ROOT;10710;11;10707;17;;;10716;13;10720;21;;;10713.0;0.0
av_SUGAR_d0;55500;ASH_COATED_OSMIUM;9906;14;9902;19;;;9920;7;9924;27;;;9913.0;0.0
av_SUGAR_d0;55500;INTARIAN_PEPPER_ROOT;10710;10;10706;22;;;10716;13;10719;15;;;10713.0;0.0
av_SUGAR_d0;55600;ASH_COATED_OSMIUM;9910;22;9907;24;;;9916;10;9920;16;;;9913.0;0.0
av_SUGAR_d0;55600;INTARIAN_PEPPER_ROOT;10711;5;10707;16;;;10717;14;10720;20;;;10714.0;0.0
av_SUGAR_d0;55700;ASH_COATED_OSMIUM;9895;13;9891;16;;;9931;16;9935;21;;;9913.0;0.0
av_SUGAR_d0;55700;INTARIAN_PEPPER_ROOT;10711;13;10709;21;;;10719;16;10723;22;;;10715.0;0.0
av_SUGAR_d0;55800;ASH_COATED_OSMIUM;9910;12;9907;20;;;9916;16;9918;26;;;9913.0;0.0
av_SUGAR_d0;55800;INTARIAN_PEPPER_ROOT;10712;15;10709;15;;;10718;21;10721;13;;;10715.0;0.0
av_SUGAR_d0;55900;ASH_COATED_OSMIUM;9910;9;9906;22;;;9916;14;9919;25;;;9913.0;0.0
av_SUGAR_d0;55900;INTARIAN_PEPPER_ROOT;10712;26;10709;13;;;10718;10;10722;24;;;10715.0;0.0
av_SUGAR_d0;56000;ASH_COATED_OSMIUM;9909;14;9906;22;;;9917;14;9920;18;;;9913.0;0.0
av_SUGAR_d0;56000;INTARIAN_PEPPER_ROOT;10712;13;10710;23;;;10719;13;10721;17;;;10715.5;0.0
av_SUGAR_d0;56100;ASH_COATED_OSMIUM;9909;14;9907;23;;;9916;16;9918;22;;;9912.5;0.0
av_SUGAR_d0;56100;INTARIAN_PEPPER_ROOT;10713;19;10710;17;;;10719;15;10721;10;;;10716.0;0.0
av_SUGAR_d0;56200;ASH_COATED_OSMIUM;9905;19;9903;20;;;9920;23;9924;8;;;9912.5;0.0
av_SUGAR_d0;56200;INTARIAN_PEPPER_ROOT;10713;19;10709;22;;;10720;13;10723;18;;;10716.5;0.0
av_SUGAR_d0;56300;ASH_COATED_OSMIUM;9910;18;9907;23;;;9916;12;9920;23;;;9913.0;0.0
av_SUGAR_d0;56300;INTARIAN_PEPPER_ROOT;10711;12;10709;20;;;10722;13;10726;17;;;10716.5;0.0
av_SUGAR_d0;56400;ASH_COATED_OSMIUM;9903;14;9899;29;;;9922;18;9926;12;;;9912.5;0.0
av_SUGAR_d0;56400;INTARIAN_PEPPER_ROOT;10713;19;10710;16;;;10721;9;10724;25;;;10717.0;0.0
av_SUGAR_d0;56500;ASH_COATED_OSMIUM;9909;16;9905;18;;;9917;20;9921;18;;;9913.0;0.0
av_SUGAR_d0;56500;INTARIAN_PEPPER_ROOT;10715;20;10711;25;;;10721;15;10723;27;;;10718.0;0.0
av_SUGAR_d0;56600;ASH_COATED_OSMIUM;9907;5;9905;12;;;9920;15;9922;14;;;9913.5;0.0
av_SUGAR_d0;56600;INTARIAN_PEPPER_ROOT;10713;16;10709;14;;;10724;19;10726;17;;;10718.5;0.0
av_SUGAR_d0;56700;ASH_COATED_OSMIUM;9910;10;9906;18;;;9916;23;9918;8;;;9913.0;0.0
av_SUGAR_d0;56700;INTARIAN_PEPPER_ROOT;10712;27;10708;18;;;10724;21;10726;26;;;10718.0;0.0
av_SUGAR_d0;56800;ASH_COATED_OSMIUM;9909;21;9906;29;;;9917;12;9920;21;;;9913.0;0.0
av_SUGAR_d0;56800;INTARIAN_PEPPER_ROOT;10708;14;10706;23;;;10729;20;10731;17;;;10718.5;0.0
av_SUGAR_d0;56900;ASH_COATED_OSMIUM;9908;12;9905;15;;;9919;11;9921;23;;;9913.5;0.0
av_SUGAR_d0;56900;INTARIAN_PEPPER_ROOT;10716;5;10714;11;;;10722;14;10725;23;;;10719.0;0.0
av_SUGAR_d0;57000;ASH_COATED_OSMIUM;9911;15;9908;19;;;9917;11;9919;11;;;9914.0;0.0
av_SUGAR_d0;57000;INTARIAN_PEPPER_ROOT;10716;18;10713;18;;;10722;9;10724;20;;;10719.0;0.0
av_SUGAR_d0;57100;ASH_COATED_OSMIUM;9910;19;9907;13;;;9916;15;9918;15;;;9913.0;0.0
av_SUGAR_d0;57100;INTARIAN_PEPPER_ROOT;10717;22;10714;23;;;10723;19;10727;18;;;10720.0;0.0
av_SUGAR_d0;57200;ASH_COATED_OSMIUM;9910;21;9906;18;;;9917;12;9921;19;;;9913.5;0.0
av_SUGAR_d0;57200;INTARIAN_PEPPER_ROOT;10718;19;10716;22;;;10724;23;10728;10;;;10721.0;0.0
av_SUGAR_d0;57300;ASH_COATED_OSMIUM;9904;15;9902;16;;;9923;24;9925;13;;;9913.5;0.0
av_SUGAR_d0;57300;INTARIAN_PEPPER_ROOT;10706;15;10704;27;;;10734;5;10736;23;;;10720.0;0.0
av_SUGAR_d0;57400;ASH_COATED_OSMIUM;9907;11;9904;25;;;9920;15;9924;21;;;9913.5;0.0
av_SUGAR_d0;57400;INTARIAN_PEPPER_ROOT;10718;11;10716;13;;;10725;21;10728;21;;;10721.5;0.0
av_SUGAR_d0;57500;ASH_COATED_OSMIUM;9908;11;9906;16;;;9920;11;9922;19;;;9914.0;0.0
av_SUGAR_d0;57500;INTARIAN_PEPPER_ROOT;10718;17;10714;20;;;10724;13;10728;21;;;10721.0;0.0
av_SUGAR_d0;57600;ASH_COATED_OSMIUM;9911;19;9908;23;;;9917;27;9919;14;;;9914.0;0.0
av_SUGAR_d0;57600;INTARIAN_PEPPER_ROOT;10713;15;10711;16;;;10731;17;10734;19;;;10722.0;0.0
