day;timestamp;product;bid_price_1;bid_volume_1;bid_price_2;bid_volume_2;bid_price_3;bid_volume_3;ask_price_1;ask_volume_1;ask_price_2;ask_volume_2;ask_price_3;ask_volume_3;mid_price;profit_and_loss
yf_ZS=F_d5;0;ASH_COATED_OSMIUM;9896;15;9892;20;;;9904;14;9907;23;;;9900.0;0.0
yf_ZS=F_d5;0;INTARIAN_PEPPER_ROOT;11408;17;11405;14;;;11414;11;11416;28;;;11411.0;0.0
yf_ZS=F_d5;100;ASH_COATED_OSMIUM;9896;6;9892;15;;;9902;12;9904;15;;;9899.0;0.0
yf_ZS=F_d5;100;INTARIAN_PEPPER_ROOT;11406;12;11404;14;;;11414;13;11417;21;;;11410.0;0.0
yf_ZS=F_d5;200;ASH_COATED_OSMIUM;9896;16;9893;22;;;9902;15;9904;25;;;9899.0;0.0
yf_ZS=F_d5;200;INTARIAN_PEPPER_ROOT;11405;19;11401;21;;;11411;9;11414;25;;;11408.0;0.0
yf_ZS=F_d5;300;ASH_COATED_OSMIUM;9887;13;9883;25;;;9910;15;9912;20;;;9898.5;0.0
yf_ZS=F_d5;300;INTARIAN_PEPPER_ROOT;11404;5;11402;16;;;11410;14;11414;23;;;11407.0;0.0
yf_ZS=F_d5;400;ASH_COATED_OSMIUM;9896;17;9892;13;;;9902;14;9904;20;;;9899.0;0.0
yf_ZS=F_d5;400;INTARIAN_PEPPER_ROOT;11399;21;11395;8;;;11410;13;11413;20;;;11404.5;0.0
yf_ZS=F_d5;500;ASH_COATED_OSMIUM;9897;15;9895;12;;;9903;16;9906;18;;;9900.0;0.0
yf_ZS=F_d5;500;INTARIAN_PEPPER_ROOT;11396;14;11393;21;;;11413;14;11417;16;;;11404.5;0.0
yf_ZS=F_d5;600;ASH_COATED_OSMIUM;9892;23;9890;18;;;9908;17;9910;16;;;9900.0;0.0
yf_ZS=F_d5;600;INTARIAN_PEPPER_ROOT;11398;21;11394;25;;;11407;8;11411;8;;;11402.5;0.0
yf_ZS=F_d5;700;ASH_COATED_OSMIUM;9897;19;9894;21;;;9903;23;9907;15;;;9900.0;0.0
yf_ZS=F_d5;700;INTARIAN_PEPPER_ROOT;11397;16;11395;13;;;11403;24;11405;16;;;11400.0;0.0
yf_ZS=F_d5;800;ASH_COATED_OSMIUM;9894;14;9892;25;;;9905;23;9907;15;;;9899.5;0.0
yf_ZS=F_d5;800;INTARIAN_PEPPER_ROOT;11388;14;11385;16;;;11409;10;11411;16;;;11398.5;0.0
yf_ZS=F_d5;900;ASH_COATED_OSMIUM;9897;18;9894;20;;;9903;14;9906;27;;;9900.0;0.0
yf_ZS=F_d5;900;INTARIAN_PEPPER_ROOT;11394;15;11390;18;;;11400;9;11403;23;;;11397.0;0.0
yf_ZS=F_d5;1000;ASH_COATED_OSMIUM;9894;13;9890;17;;;9903;17;9907;21;;;9898.5;0.0
yf_ZS=F_d5;1000;INTARIAN_PEPPER_ROOT;11383;5;11381;19;;;11409;10;11413;25;;;11396.0;0.0
yf_ZS=F_d5;1100;ASH_COATED_OSMIUM;9896;11;9893;17;;;9902;18;9904;8;;;9899.0;0.0
yf_ZS=F_d5;1100;INTARIAN_PEPPER_ROOT;11386;17;11384;12;;;11402;14;11405;17;;;11394.0;0.0
yf_ZS=F_d5;1200;ASH_COATED_OSMIUM;9897;15;9894;21;;;9903;8;9907;23;;;9900.0;0.0
yf_ZS=F_d5;1200;INTARIAN_PEPPER_ROOT;11384;19;11382;32;;;11401;11;11403;29;;;11392.5;0.0
yf_ZS=F_d5;1300;ASH_COATED_OSMIUM;9893;7;9890;27;;;9906;19;9908;26;;;9899.5;0.0
yf_ZS=F_d5;1300;INTARIAN_PEPPER_ROOT;11387;18;11384;23;;;11393;12;11395;19;;;11390.0;0.0
yf_ZS=F_d5;1400;ASH_COATED_OSMIUM;9884;20;9881;22;;;9916;9;9919;22;;;9900.0;0.0
yf_ZS=F_d5;1400;INTARIAN_PEPPER_ROOT;11386;17;11382;16;;;11392;16;11396;14;;;11389.0;0.0
yf_ZS=F_d5;1500;ASH_COATED_OSMIUM;9894;10;9892;18;;;9904;16;9908;25;;;9899.0;0.0
yf_ZS=F_d5;1500;INTARIAN_PEPPER_ROOT;11381;20;11379;9;;;11393;15;11396;26;;;11387.0;0.0
yf_ZS=F_d5;1600;ASH_COATED_OSMIUM;9897;15;9894;23;;;9903;12;9905;21;;;9900.0;0.0
yf_ZS=F_d5;1600;INTARIAN_PEPPER_ROOT;11383;11;11381;15;;;11389;17;11393;14;;;11386.0;0.0
yf_ZS=F_d5;1700;ASH_COATED_OSMIUM;9894;16;9892;21;;;9905;7;9909;26;;;9899.5;0.0
yf_ZS=F_d5;1700;INTARIAN_PEPPER_ROOT;11382;8;11379;11;;;11388;11;11392;18;;;11385.0;0.0
yf_ZS=F_d5;1800;ASH_COATED_OSMIUM;9896;16;9894;25;;;9902;12;9904;20;;;9899.0;0.0
yf_ZS=F_d5;1800;INTARIAN_PEPPER_ROOT;11379;18;11376;10;;;11385;7;11389;23;;;11382.0;0.0
yf_ZS=F_d5;1900;ASH_COATED_OSMIUM;9897;16;9895;20;;;9903;11;9905;21;;;9900.0;0.0
yf_ZS=F_d5;1900;INTARIAN_PEPPER_ROOT;11377;16;11373;14;;;11384;18;11386;21;;;11380.5;0.0
yf_ZS=F_d5;2000;ASH_COATED_OSMIUM;9897;20;9895;20;;;9903;18;9907;23;;;9900.0;0.0
yf_ZS=F_d5;2000;INTARIAN_PEPPER_ROOT;11377;23;11373;16;;;11383;18;11385;22;;;11380.0;0.0
yf_ZS=F_d5;2100;ASH_COATED_OSMIUM;9896;20;9894;16;;;9902;9;9906;19;;;9899.0;0.0
yf_ZS=F_d5;2100;INTARIAN_PEPPER_ROOT;11375;16;11373;18;;;11382;16;11384;19;;;11378.5;0.0
yf_ZS=F_d5;2200;ASH_COATED_OSMIUM;9897;12;9894;20;;;9903;8;9907;15;;;9900.0;0.0
yf_ZS=F_d5;2200;INTARIAN_PEPPER_ROOT;11366;13;11364;14;;;11385;9;11389;28;;;11375.5;0.0
yf_ZS=F_d5;2300;ASH_COATED_OSMIUM;9897;20;9895;21;;;9903;27;9905;19;;;9900.0;0.0
yf_ZS=F_d5;2300;INTARIAN_PEPPER_ROOT;11371;19;11367;23;;;11377;12;11379;23;;;11374.0;0.0
yf_ZS=F_d5;2400;ASH_COATED_OSMIUM;9896;18;9892;15;;;9903;21;9906;18;;;9899.5;0.0
yf_ZS=F_d5;2400;INTARIAN_PEPPER_ROOT;11359;14;11355;22;;;11386;17;11390;13;;;11372.5;0.0
yf_ZS=F_d5;2500;ASH_COATED_OSMIUM;9896;10;9894;32;;;9903;19;9905;17;;;9899.5;0.0
yf_ZS=F_d5;2500;INTARIAN_PEPPER_ROOT;11365;14;11363;20;;;11377;12;11380;23;;;11371.0;0.0
yf_ZS=F_d5;2600;ASH_COATED_OSMIUM;9897;17;9894;22;;;9903;13;9905;12;;;9900.0;0.0
yf_ZS=F_d5;2600;INTARIAN_PEPPER_ROOT;11366;10;11363;19;;;11374;12;11377;19;;;11370.0;0.0
yf_ZS=F_d5;2700;ASH_COATED_OSMIUM;9895;23;9892;14;;;9904;20;9906;19;;;9899.5;0.0
yf_ZS=F_d5;2700;INTARIAN_PEPPER_ROOT;11365;18;11362;17;;;11371;17;11374;28;;;11368.0;0.0
yf_ZS=F_d5;2800;ASH_COATED_OSMIUM;9896;16;9892;16;;;9902;9;9904;28;;;9899.0;0.0
yf_ZS=F_d5;2800;INTARIAN_PEPPER_ROOT;11363;7;11359;21;;;11369;19;11373;17;;;11366.0;0.0
yf_ZS=F_d5;2900;ASH_COATED_OSMIUM;9897;17;9893;21;;;9903;15;9907;28;;;9900.0;0.0
yf_ZS=F_d5;2900;INTARIAN_PEPPER_ROOT;11356;15;11353;16;;;11374;22;11377;24;;;11365.0;0.0
yf_ZS=F_d5;3000;ASH_COATED_OSMIUM;9897;9;9895;19;;;9904;6;9908;25;;;9900.5;0.0
yf_ZS=F_d5;3000;INTARIAN_PEPPER_ROOT;11352;16;11350;23;;;11374;20;11376;21;;;11363.0;0.0
yf_ZS=F_d5;3100;ASH_COATED_OSMIUM;9896;5;9894;16;;;9902;18;9904;18;;;9899.0;0.0
yf_ZS=F_d5;3100;INTARIAN_PEPPER_ROOT;11358;16;11354;32;;;11364;17;11367;15;;;11361.0;0.0
yf_ZS=F_d5;3200;ASH_COATED_OSMIUM;9880;10;9876;20;;;9920;6;9922;27;;;9900.0;0.0
yf_ZS=F_d5;3200;INTARIAN_PEPPER_ROOT;11351;14;11349;27;;;11369;11;11371;24;;;11360.0;0.0
yf_ZS=F_d5;3300;ASH_COATED_OSMIUM;9891;9;9889;20;;;9909;18;9911;15;;;9900.0;0.0
yf_ZS=F_d5;3300;INTARIAN_PEPPER_ROOT;11354;14;11350;25;;;11363;14;11366;26;;;11358.5;0.0
yf_ZS=F_d5;3400;ASH_COATED_OSMIUM;9894;17;9891;16;;;9905;11;9908;17;;;9899.5;0.0
yf_ZS=F_d5;3400;INTARIAN_PEPPER_ROOT;11349;11;11347;20;;;11364;9;11367;14;;;11356.5;0.0
yf_ZS=F_d5;3500;ASH_COATED_OSMIUM;9893;11;9891;20;;;9906;19;9908;22;;;9899.5;0.0
yf_ZS=F_d5;3500;INTARIAN_PEPPER_ROOT;11352;14;11349;21;;;11358;17;11361;18;;;11355.0;0.0
yf_ZS=F_d5;3600;ASH_COATED_OSMIUM;9897;16;9895;19;;;9903;12;9907;22;;;9900.0;0.0
yf_ZS=F_d5;3600;INTARIAN_PEPPER_ROOT;11344;14;11342;17;;;11362;17;11365;17;;;11353.0;0.0
yf_ZS=F_d5;3700;ASH_COATED_OSMIUM;9896;15;9893;13;;;9902;6;9905;20;;;9899.0;0.0
yf_ZS=F_d5;3700;INTARIAN_PEPPER_ROOT;11345;14;11341;21;;;11357;22;11361;11;;;11351.0;0.0
yf_ZS=F_d5;3800;ASH_COATED_OSMIUM;9896;16;9894;24;;;9902;16;9904;18;;;9899.0;0.0
yf_ZS=F_d5;3800;INTARIAN_PEPPER_ROOT;11340;11;11336;23;;;11362;22;11365;16;;;11351.0;0.0
yf_ZS=F_d5;3900;ASH_COATED_OSMIUM;9897;17;9893;20;;;9903;12;9907;23;;;9900.0;0.0
yf_ZS=F_d5;3900;INTARIAN_PEPPER_ROOT;11346;19;11342;17;;;11352;10;11355;27;;;11349.0;0.0
yf_ZS=F_d5;4000;ASH_COATED_OSMIUM;9897;24;9894;27;;;9903;15;9907;24;;;9900.0;0.0
yf_ZS=F_d5;4000;INTARIAN_PEPPER_ROOT;11341;16;11339;16;;;11354;13;11358;20;;;11347.5;0.0
yf_ZS=F_d5;4100;ASH_COATED_OSMIUM;9893;19;9889;21;;;9906;14;9910;10;;;9899.5;0.0
yf_ZS=F_d5;4100;INTARIAN_PEPPER_ROOT;11342;18;11339;17;;;11348;18;11350;28;;;11345.0;0.0
yf_ZS=F_d5;4200;ASH_COATED_OSMIUM;9897;11;9894;13;;;9903;20;9907;21;;;9900.0;0.0
yf_ZS=F_d5;4200;INTARIAN_PEPPER_ROOT;11340;27;11338;19;;;11346;21;11348;19;;;11343.0;0.0
yf_ZS=F_d5;4300;ASH_COATED_OSMIUM;9897;21;9894;23;;;9903;14;9906;16;;;9900.0;0.0
yf_ZS=F_d5;4300;INTARIAN_PEPPER_ROOT;11335;22;11333;18;;;11349;20;11353;32;;;11342.0;0.0
yf_ZS=F_d5;4400;ASH_COATED_OSMIUM;9893;10;9891;11;;;9905;11;9909;14;;;9899.0;0.0
yf_ZS=F_d5;4400;INTARIAN_PEPPER_ROOT;11336;18;11333;26;;;11345;24;11348;15;;;11340.5;0.0
yf_ZS=F_d5;4500;ASH_COATED_OSMIUM;9897;8;9895;21;;;9903;14;9905;19;;;9900.0;0.0
yf_ZS=F_d5;4500;INTARIAN_PEPPER_ROOT;11332;15;11329;13;;;11345;24;11348;20;;;11338.5;0.0
yf_ZS=F_d5;4600;ASH_COATED_OSMIUM;9897;14;9895;22;;;9903;10;9906;23;;;9900.0;0.0
yf_ZS=F_d5;4600;INTARIAN_PEPPER_ROOT;11334;12;11330;14;;;11340;20;11344;26;;;11337.0;0.0
yf_ZS=F_d5;4700;ASH_COATED_OSMIUM;9896;15;9893;19;;;9902;18;9904;15;;;9899.0;0.0
yf_ZS=F_d5;4700;INTARIAN_PEPPER_ROOT;11333;19;11329;22;;;11339;26;11341;31;;;11336.0;0.0
yf_ZS=F_d5;4800;ASH_COATED_OSMIUM;9896;13;9892;20;;;9902;10;9904;28;;;9899.0;0.0
yf_ZS=F_d5;4800;INTARIAN_PEPPER_ROOT;11331;17;11329;19;;;11337;8;11341;16;;;11334.0;0.0
yf_ZS=F_d5;4900;ASH_COATED_OSMIUM;9897;21;9893;20;;;9903;9;9905;19;;;9900.0;0.0
yf_ZS=F_d5;4900;INTARIAN_PEPPER_ROOT;11329;14;11327;14;;;11335;15;11338;19;;;11332.0;0.0
yf_ZS=F_d5;5000;ASH_COATED_OSMIUM;9896;11;9894;22;;;9905;11;9908;24;;;9900.5;0.0
yf_ZS=F_d5;5000;INTARIAN_PEPPER_ROOT;11323;15;11320;27;;;11339;12;11341;15;;;11331.0;0.0
yf_ZS=F_d5;5100;ASH_COATED_OSMIUM;9897;9;9894;14;;;9903;15;9907;15;;;9900.0;0.0
yf_ZS=F_d5;5100;INTARIAN_PEPPER_ROOT;11326;14;11324;17;;;11332;15;11334;24;;;11329.0;0.0
yf_ZS=F_d5;5200;ASH_COATED_OSMIUM;9897;8;9895;21;;;9903;22;9905;22;;;9900.0;0.0
yf_ZS=F_d5;5200;INTARIAN_PEPPER_ROOT;11323;11;11320;8;;;11334;6;11338;13;;;11328.5;0.0
yf_ZS=F_d5;5300;ASH_COATED_OSMIUM;9897;10;9895;19;;;9903;13;9906;20;;;9900.0;0.0
yf_ZS=F_d5;5300;INTARIAN_PEPPER_ROOT;11322;10;11319;21;;;11328;22;11331;14;;;11325.0;0.0
yf_ZS=F_d5;5400;ASH_COATED_OSMIUM;9888;19;9886;16;;;9912;15;9915;28;;;9900.0;0.0
yf_ZS=F_d5;5400;INTARIAN_PEPPER_ROOT;11313;12;11310;24;;;11336;10;11338;15;;;11324.5;0.0
yf_ZS=F_d5;5500;ASH_COATED_OSMIUM;9897;17;9895;12;;;9903;15;9906;14;;;9900.0;0.0
yf_ZS=F_d5;5500;INTARIAN_PEPPER_ROOT;11319;10;11317;12;;;11325;13;11328;20;;;11322.0;0.0
yf_ZS=F_d5;5600;ASH_COATED_OSMIUM;9897;22;9894;31;;;9903;18;9905;22;;;9900.0;0.0
yf_ZS=F_d5;5600;INTARIAN_PEPPER_ROOT;11318;18;11316;18;;;11324;13;11327;18;;;11321.0;0.0
yf_ZS=F_d5;5700;ASH_COATED_OSMIUM;9893;11;9891;13;;;9906;21;9910;23;;;9899.5;0.0
yf_ZS=F_d5;5700;INTARIAN_PEPPER_ROOT;11316;11;11312;21;;;11322;10;11326;12;;;11319.0;0.0
yf_ZS=F_d5;5800;ASH_COATED_OSMIUM;9897;20;9893;14;;;9903;20;9905;16;;;9900.0;0.0
yf_ZS=F_d5;5800;INTARIAN_PEPPER_ROOT;11315;13;11311;11;;;11321;16;11325;13;;;11318.0;0.0
yf_ZS=F_d5;5900;ASH_COATED_OSMIUM;9895;11;9891;15;;;9905;9;9908;20;;;9900.0;0.0
yf_ZS=F_d5;5900;INTARIAN_PEPPER_ROOT;11307;14;11303;11;;;11324;21;11328;15;;;11315.5;0.0
yf_ZS=F_d5;6000;ASH_COATED_OSMIUM;9892;22;9890;13;;;9908;10;9910;25;;;9900.0;0.0
yf_ZS=F_d5;6000;INTARIAN_PEPPER_ROOT;11312;7;11308;28;;;11318;13;11321;18;;;11315.0;0.0
yf_ZS=F_d5;6100;ASH_COATED_OSMIUM;9897;12;9894;20;;;9903;18;9907;21;;;9900.0;0.0
yf_ZS=F_d5;6100;INTARIAN_PEPPER_ROOT;11310;13;11308;19;;;11316;17;11320;20;;;11313.0;0.0
yf_ZS=F_d5;6200;ASH_COATED_OSMIUM;9896;14;9892;17;;;9902;18;9904;14;;;9899.0;0.0
yf_ZS=F_d5;6200;INTARIAN_PEPPER_ROOT;11308;20;11304;21;;;11314;11;11318;17;;;11311.0;0.0
yf_ZS=F_d5;6300;ASH_COATED_OSMIUM;9893;17;9889;21;;;9907;10;9911;12;;;9900.0;0.0
yf_ZS=F_d5;6300;INTARIAN_PEPPER_ROOT;11305;5;11303;17;;;11316;12;11318;15;;;11310.5;0.0
yf_ZS=F_d5;6400;ASH_COATED_OSMIUM;9892;10;9888;20;;;9908;18;9910;26;;;9900.0;0.0
yf_ZS=F_d5;6400;INTARIAN_PEPPER_ROOT;11305;11;11303;18;;;11311;15;11313;24;;;11308.0;0.0
yf_ZS=F_d5;6500;ASH_COATED_OSMIUM;9897;11;9894;26;;;9903;16;9906;17;;;9900.0;0.0
yf_ZS=F_d5;6500;INTARIAN_PEPPER_ROOT;11304;14;11301;20;;;11310;15;11312;17;;;11307.0;0.0
yf_ZS=F_d5;6600;ASH_COATED_OSMIUM;9896;6;9894;25;;;9903;14;9905;20;;;9899.5;0.0
yf_ZS=F_d5;6600;INTARIAN_PEPPER_ROOT;11301;11;11298;18;;;11307;13;11311;23;;;11304.0;0.0
yf_ZS=F_d5;6700;ASH_COATED_OSMIUM;9893;18;9891;24;;;9907;10;9911;24;;;9900.0;0.0
yf_ZS=F_d5;6700;INTARIAN_PEPPER_ROOT;11300;20;11297;23;;;11308;12;11310;19;;;11304.0;0.0
yf_ZS=F_d5;6800;ASH_COATED_OSMIUM;9897;8;9894;21;;;9903;13;9906;17;;;9900.0;0.0
yf_ZS=F_d5;6800;INTARIAN_PEPPER_ROOT;11298;11;11296;18;;;11304;15;11306;17;;;11301.0;0.0
yf_ZS=F_d5;6900;ASH_COATED_OSMIUM;9893;8;9891;28;;;9906;6;9909;23;;;9899.5;0.0
yf_ZS=F_d5;6900;INTARIAN_PEPPER_ROOT;11298;11;11295;30;;;11304;25;11307;24;;;11301.0;0.0
yf_ZS=F_d5;7000;ASH_COATED_OSMIUM;9897;20;9895;16;;;9903;8;9905;17;;;9900.0;0.0
yf_ZS=F_d5;7000;INTARIAN_PEPPER_ROOT;11296;16;11293;18;;;11302;24;11306;23;;;11299.0;0.0
yf_ZS=F_d5;7100;ASH_COATED_OSMIUM;9883;17;9879;10;;;9918;22;9921;17;;;9900.5;0.0
yf_ZS=F_d5;7100;INTARIAN_PEPPER_ROOT;11294;15;11292;20;;;11300;12;11303;18;;;11297.0;0.0
yf_ZS=F_d5;7200;ASH_COATED_OSMIUM;9894;16;9892;19;;;9907;11;9910;13;;;9900.5;0.0
yf_ZS=F_d5;7200;INTARIAN_PEPPER_ROOT;11292;18;11289;17;;;11298;10;11301;14;;;11295.0;0.0
yf_ZS=F_d5;7300;ASH_COATED_OSMIUM;9897;8;9894;24;;;9903;12;9906;25;;;9900.0;0.0
yf_ZS=F_d5;7300;INTARIAN_PEPPER_ROOT;11278;21;11274;14;;;11309;19;11312;27;;;11293.5;0.0
yf_ZS=F_d5;7400;ASH_COATED_OSMIUM;9896;21;9894;18;;;9902;10;9906;24;;;9899.0;0.0
yf_ZS=F_d5;7400;INTARIAN_PEPPER_ROOT;11281;17;11278;21;;;11303;17;11305;16;;;11292.0;0.0
yf_ZS=F_d5;7500;ASH_COATED_OSMIUM;9897;21;9894;10;;;9903;25;9905;26;;;9900.0;0.0
yf_ZS=F_d5;7500;INTARIAN_PEPPER_ROOT;11287;15;11284;21;;;11293;9;11297;22;;;11290.0;0.0
yf_ZS=F_d5;7600;ASH_COATED_OSMIUM;9897;19;9894;24;;;9903;7;9906;27;;;9900.0;0.0
yf_ZS=F_d5;7600;INTARIAN_PEPPER_ROOT;11284;14;11280;22;;;11295;16;11297;20;;;11289.5;0.0
yf_ZS=F_d5;7700;ASH_COATED_OSMIUM;9895;14;9893;15;;;9905;8;9908;21;;;9900.0;0.0
yf_ZS=F_d5;7700;INTARIAN_PEPPER_ROOT;11284;19;11281;15;;;11290;21;11293;28;;;11287.0;0.0
yf_ZS=F_d5;7800;ASH_COATED_OSMIUM;9894;13;9891;17;;;9905;10;9907;20;;;9899.5;0.0
yf_ZS=F_d5;7800;INTARIAN_PEPPER_ROOT;11280;18;11278;23;;;11292;7;11295;22;;;11286.0;0.0
yf_ZS=F_d5;7900;ASH_COATED_OSMIUM;9897;17;9894;13;;;9903;20;9907;24;;;9900.0;0.0
yf_ZS=F_d5;7900;INTARIAN_PEPPER_ROOT;11281;11;11279;23;;;11287;12;11291;11;;;11284.0;0.0
yf_ZS=F_d5;8000;ASH_COATED_OSMIUM;9892;8;9888;15;;;9907;13;9911;21;;;9899.5;0.0
yf_ZS=F_d5;8000;INTARIAN_PEPPER_ROOT;11279;21;11277;16;;;11285;23;11288;12;;;11282.0;0.0
yf_ZS=F_d5;8100;ASH_COATED_OSMIUM;9896;14;9893;24;;;9902;5;9906;23;;;9899.0;0.0
yf_ZS=F_d5;8100;INTARIAN_PEPPER_ROOT;11276;8;11272;17;;;11286;13;11290;28;;;11281.0;0.0
yf_ZS=F_d5;8200;ASH_COATED_OSMIUM;9897;16;9895;24;;;9903;13;9906;16;;;9900.0;0.0
yf_ZS=F_d5;8200;INTARIAN_PEPPER_ROOT;11267;12;11263;19;;;11290;22;11294;23;;;11278.5;0.0
yf_ZS=F_d5;8300;ASH_COATED_OSMIUM;9897;10;9895;19;;;9903;17;9906;21;;;9900.0;0.0
yf_ZS=F_d5;8300;INTARIAN_PEPPER_ROOT;11275;14;11273;24;;;11281;30;11283;23;;;11278.0;0.0
yf_ZS=F_d5;8400;ASH_COATED_OSMIUM;9897;7;9895;20;;;9903;22;9907;18;;;9900.0;0.0
yf_ZS=F_d5;8400;INTARIAN_PEPPER_ROOT;11273;26;11271;14;;;11280;12;11282;21;;;11276.5;0.0
yf_ZS=F_d5;8500;ASH_COATED_OSMIUM;9897;17;9895;21;;;9903;15;9905;28;;;9900.0;0.0
yf_ZS=F_d5;8500;INTARIAN_PEPPER_ROOT;11271;6;11267;11;;;11277;25;11280;23;;;11274.0;0.0
yf_ZS=F_d5;8600;ASH_COATED_OSMIUM;9896;12;9893;18;;;9902;21;9904;19;;;9899.0;0.0
yf_ZS=F_d5;8600;INTARIAN_PEPPER_ROOT;11271;18;11267;29;;;11277;21;11280;15;;;11274.0;0.0
yf_ZS=F_d5;8700;ASH_COATED_OSMIUM;9897;16;9895;17;;;9903;23;9905;20;;;9900.0;0.0
yf_ZS=F_d5;8700;INTARIAN_PEPPER_ROOT;11267;16;11263;23;;;11275;18;11277;17;;;11271.0;0.0
yf_ZS=F_d5;8800;ASH_COATED_OSMIUM;9897;16;9895;27;;;9904;15;9906;17;;;9900.5;0.0
yf_ZS=F_d5;8800;INTARIAN_PEPPER_ROOT;11266;17;11264;19;;;11272;24;11275;9;;;11269.0;0.0
yf_ZS=F_d5;8900;ASH_COATED_OSMIUM;9897;11;9894;22;;;9903;22;9906;16;;;9900.0;0.0
yf_ZS=F_d5;8900;INTARIAN_PEPPER_ROOT;11254;26;11251;21;;;11281;18;11285;27;;;11267.5;0.0
yf_ZS=F_d5;9000;ASH_COATED_OSMIUM;9895;15;9893;20;;;9906;8;9908;14;;;9900.5;0.0
yf_ZS=F_d5;9000;INTARIAN_PEPPER_ROOT;11262;18;11260;15;;;11270;19;11273;19;;;11266.0;0.0
yf_ZS=F_d5;9100;ASH_COATED_OSMIUM;9897;20;9894;16;;;9903;17;9907;11;;;9900.0;0.0
yf_ZS=F_d5;9100;INTARIAN_PEPPER_ROOT;11257;16;11255;19;;;11272;16;11275;29;;;11264.5;0.0
yf_ZS=F_d5;9200;ASH_COATED_OSMIUM;9890;15;9887;27;;;9908;13;9911;19;;;9899.0;0.0
yf_ZS=F_d5;9200;INTARIAN_PEPPER_ROOT;11256;11;11254;12;;;11270;23;11272;22;;;11263.0;0.0
yf_ZS=F_d5;9300;ASH_COATED_OSMIUM;9897;23;9895;19;;;9903;14;9906;32;;;9900.0;0.0
yf_ZS=F_d5;9300;INTARIAN_PEPPER_ROOT;11258;18;11255;24;;;11264;12;11266;14;;;11261.0;0.0
yf_ZS=F_d5;9400;ASH_COATED_OSMIUM;9897;6;9894;16;;;9903;25;9906;19;;;9900.0;0.0
yf_ZS=F_d5;9400;INTARIAN_PEPPER_ROOT;11257;18;11255;14;;;11263;21;11267;25;;;11260.0;0.0
yf_ZS=F_d5;9500;ASH_COATED_OSMIUM;9896;14;9892;23;;;9903;5;9905;8;;;9899.5;0.0
yf_ZS=F_d5;9500;INTARIAN_PEPPER_ROOT;11255;14;11251;19;;;11261;17;11265;14;;;11258.0;0.0
yf_ZS=F_d5;9600;ASH_COATED_OSMIUM;9897;12;9894;19;;;9903;14;9906;20;;;9900.0;0.0
yf_ZS=F_d5;9600;INTARIAN_PEPPER_ROOT;11251;11;11248;25;;;11260;10;11262;18;;;11255.5;0.0
yf_ZS=F_d5;9700;ASH_COATED_OSMIUM;9895;15;9893;24;;;9906;5;9909;26;;;9900.5;0.0
yf_ZS=F_d5;9700;INTARIAN_PEPPER_ROOT;11252;12;11249;14;;;11258;23;11261;14;;;11255.0;0.0
yf_ZS=F_d5;9800;ASH_COATED_OSMIUM;9886;15;9884;20;;;9913;11;9915;18;;;9899.5;0.0
yf_ZS=F_d5;9800;INTARIAN_PEPPER_ROOT;11246;8;11243;17;;;11260;14;11263;17;;;11253.0;0.0
yf_ZS=F_d5;9900;ASH_COATED_OSMIUM;9897;15;9894;16;;;9903;15;9907;21;;;9900.0;0.0
yf_ZS=F_d5;9900;INTARIAN_PEPPER_ROOT;11248;17;11246;17;;;11255;19;11258;25;;;11251.5;0.0
yf_ZS=F_d5;10000;ASH_COATED_OSMIUM;9897;16;9893;17;;;9903;14;9906;17;;;9900.0;0.0
yf_ZS=F_d5;10000;INTARIAN_PEPPER_ROOT;11245;20;11243;26;;;11254;17;11256;19;;;11249.5;0.0
yf_ZS=F_d5;10100;ASH_COATED_OSMIUM;9898;20;9894;17;;;9904;8;9906;17;;;9901.0;0.0
yf_ZS=F_d5;10100;INTARIAN_PEPPER_ROOT;11236;21;11233;22;;;11262;10;11266;23;;;11249.0;0.0
yf_ZS=F_d5;10200;ASH_COATED_OSMIUM;9897;9;9893;22;;;9903;5;9906;22;;;9900.0;0.0
yf_ZS=F_d5;10200;INTARIAN_PEPPER_ROOT;11243;21;11240;19;;;11251;25;11255;19;;;11247.0;0.0
yf_ZS=F_d5;10300;ASH_COATED_OSMIUM;9897;17;9894;19;;;9903;12;9906;18;;;9900.0;0.0
yf_ZS=F_d5;10300;INTARIAN_PEPPER_ROOT;11242;13;11238;28;;;11248;15;11252;31;;;11245.0;0.0
yf_ZS=F_d5;10400;ASH_COATED_OSMIUM;9892;21;9889;14;;;9907;17;9911;25;;;9899.5;0.0
yf_ZS=F_d5;10400;INTARIAN_PEPPER_ROOT;11238;7;11236;20;;;11247;10;11250;19;;;11242.5;0.0
yf_ZS=F_d5;10500;ASH_COATED_OSMIUM;9897;16;9895;20;;;9903;13;9905;9;;;9900.0;0.0
yf_ZS=F_d5;10500;INTARIAN_PEPPER_ROOT;11239;9;11235;21;;;11245;5;11249;17;;;11242.0;0.0
yf_ZS=F_d5;10600;ASH_COATED_OSMIUM;9897;5;9894;18;;;9904;7;9908;27;;;9900.5;0.0
yf_ZS=F_d5;10600;INTARIAN_PEPPER_ROOT;11236;21;11233;9;;;11244;16;11247;8;;;11240.0;0.0
yf_ZS=F_d5;10700;ASH_COATED_OSMIUM;9897;12;9895;18;;;9903;19;9906;15;;;9900.0;0.0
yf_ZS=F_d5;10700;INTARIAN_PEPPER_ROOT;11236;17;11232;22;;;11242;19;11244;21;;;11239.0;0.0
yf_ZS=F_d5;10800;ASH_COATED_OSMIUM;9889;12;9887;14;;;9912;20;9914;29;;;9900.5;0.0
yf_ZS=F_d5;10800;INTARIAN_PEPPER_ROOT;11232;24;11229;14;;;11243;16;11246;11;;;11237.5;0.0
yf_ZS=F_d5;10900;ASH_COATED_OSMIUM;9897;13;9895;19;;;9903;11;9907;22;;;9900.0;0.0
yf_ZS=F_d5;10900;INTARIAN_PEPPER_ROOT;11227;7;11225;14;;;11243;5;11245;20;;;11235.0;0.0
yf_ZS=F_d5;11000;ASH_COATED_OSMIUM;9893;12;9890;16;;;9908;16;9911;35;;;9900.5;0.0
yf_ZS=F_d5;11000;INTARIAN_PEPPER_ROOT;11231;17;11227;25;;;11237;16;11239;17;;;11234.0;0.0
yf_ZS=F_d5;11100;ASH_COATED_OSMIUM;9897;11;9894;25;;;9903;13;9907;21;;;9900.0;0.0
yf_ZS=F_d5;11100;INTARIAN_PEPPER_ROOT;11224;13;11221;26;;;11241;11;11245;20;;;11232.5;0.0
yf_ZS=F_d5;11200;ASH_COATED_OSMIUM;9891;7;9887;20;;;9910;15;9912;17;;;9900.5;0.0
yf_ZS=F_d5;11200;INTARIAN_PEPPER_ROOT;11224;16;11221;20;;;11238;11;11241;19;;;11231.0;0.0
yf_ZS=F_d5;11300;ASH_COATED_OSMIUM;9897;25;9894;14;;;9903;9;9906;18;;;9900.0;0.0
yf_ZS=F_d5;11300;INTARIAN_PEPPER_ROOT;11224;17;11220;17;;;11233;10;11235;26;;;11228.5;0.0
yf_ZS=F_d5;11400;ASH_COATED_OSMIUM;9897;7;9893;31;;;9903;13;9907;16;;;9900.0;0.0
yf_ZS=F_d5;11400;INTARIAN_PEPPER_ROOT;11225;11;11221;15;;;11231;15;11234;15;;;11228.0;0.0
yf_ZS=F_d5;11500;ASH_COATED_OSMIUM;9898;15;9894;17;;;9904;11;9906;11;;;9901.0;0.0
yf_ZS=F_d5;11500;INTARIAN_PEPPER_ROOT;11222;12;11219;15;;;11229;19;11232;26;;;11225.5;0.0
yf_ZS=F_d5;11600;ASH_COATED_OSMIUM;9895;20;9892;26;;;9904;17;9908;17;;;9899.5;0.0
yf_ZS=F_d5;11600;INTARIAN_PEPPER_ROOT;11221;15;11218;13;;;11227;5;11229;13;;;11224.0;0.0
yf_ZS=F_d5;11700;ASH_COATED_OSMIUM;9897;19;9895;20;;;9903;7;9906;20;;;9900.0;0.0
yf_ZS=F_d5;11700;INTARIAN_PEPPER_ROOT;11204;5;11201;16;;;11241;19;11244;20;;;11222.5;0.0
yf_ZS=F_d5;11800;ASH_COATED_OSMIUM;9896;16;9894;19;;;9906;15;9910;24;;;9901.0;0.0
yf_ZS=F_d5;11800;INTARIAN_PEPPER_ROOT;11217;15;11215;17;;;11224;13;11227;30;;;11220.5;0.0
yf_ZS=F_d5;11900;ASH_COATED_OSMIUM;9896;19;9892;27;;;9906;8;9908;21;;;9901.0;0.0
yf_ZS=F_d5;11900;INTARIAN_PEPPER_ROOT;11214;17;11211;17;;;11223;22;11225;18;;;11218.5;0.0
yf_ZS=F_d5;12000;ASH_COATED_OSMIUM;9897;16;9893;25;;;9903;16;9905;27;;;9900.0;0.0
yf_ZS=F_d5;12000;INTARIAN_PEPPER_ROOT;11214;12;11211;17;;;11221;15;11225;13;;;11217.5;0.0
yf_ZS=F_d5;12100;ASH_COATED_OSMIUM;9897;15;9895;22;;;9903;17;9907;22;;;9900.0;0.0
yf_ZS=F_d5;12100;INTARIAN_PEPPER_ROOT;11210;14;11208;22;;;11222;11;11226;27;;;11216.0;0.0
yf_ZS=F_d5;12200;ASH_COATED_OSMIUM;9897;19;9894;22;;;9903;9;9907;18;;;9900.0;0.0
yf_ZS=F_d5;12200;INTARIAN_PEPPER_ROOT;11209;16;11206;12;;;11219;12;11223;23;;;11214.0;0.0
yf_ZS=F_d5;12300;ASH_COATED_OSMIUM;9888;15;9885;20;;;9913;20;9917;29;;;9900.5;0.0
yf_ZS=F_d5;12300;INTARIAN_PEPPER_ROOT;11210;15;11208;16;;;11216;7;11220;22;;;11213.0;0.0
yf_ZS=F_d5;12400;ASH_COATED_OSMIUM;9897;13;9893;25;;;9903;16;9906;20;;;9900.0;0.0
yf_ZS=F_d5;12400;INTARIAN_PEPPER_ROOT;11208;15;11206;26;;;11214;21;11217;10;;;11211.0;0.0
yf_ZS=F_d5;12500;ASH_COATED_OSMIUM;9897;5;9895;17;;;9903;19;9906;32;;;9900.0;0.0
yf_ZS=F_d5;12500;INTARIAN_PEPPER_ROOT;11199;14;11195;15;;;11220;10;11222;23;;;11209.5;0.0
yf_ZS=F_d5;12600;ASH_COATED_OSMIUM;9898;20;9894;19;;;9904;22;9906;19;;;9901.0;0.0
yf_ZS=F_d5;12600;INTARIAN_PEPPER_ROOT;11205;18;11203;25;;;11211;15;11215;14;;;11208.0;0.0
yf_ZS=F_d5;12700;ASH_COATED_OSMIUM;9897;7;9893;16;;;9903;12;9905;20;;;9900.0;0.0
yf_ZS=F_d5;12700;INTARIAN_PEPPER_ROOT;11204;23;11201;24;;;11210;14;11214;20;;;11207.0;0.0
yf_ZS=F_d5;12800;ASH_COATED_OSMIUM;9895;13;9893;21;;;9905;8;9909;17;;;9900.0;0.0
yf_ZS=F_d5;12800;INTARIAN_PEPPER_ROOT;11202;5;11199;8;;;11208;12;11210;19;;;11205.0;0.0
yf_ZS=F_d5;12900;ASH_COATED_OSMIUM;9890;16;9886;25;;;9911;16;9913;19;;;9900.5;0.0
yf_ZS=F_d5;12900;INTARIAN_PEPPER_ROOT;11200;12;11196;21;;;11206;15;11210;23;;;11203.0;0.0
yf_ZS=F_d5;13000;ASH_COATED_OSMIUM;9897;15;9893;21;;;9903;15;9907;27;;;9900.0;0.0
yf_ZS=F_d5;13000;INTARIAN_PEPPER_ROOT;11187;9;11185;20;;;11217;26;11221;28;;;11202.0;0.0
yf_ZS=F_d5;13100;ASH_COATED_OSMIUM;9898;7;9896;13;;;9904;20;9908;15;;;9901.0;0.0
yf_ZS=F_d5;13100;INTARIAN_PEPPER_ROOT;11196;8;11194;19;;;11202;11;11205;17;;;11199.0;0.0
yf_ZS=F_d5;13200;ASH_COATED_OSMIUM;9896;19;9893;22;;;9904;17;9907;16;;;9900.0;0.0
yf_ZS=F_d5;13200;INTARIAN_PEPPER_ROOT;11195;8;11192;20;;;11201;14;11204;23;;;11198.0;0.0
yf_ZS=F_d5;13300;ASH_COATED_OSMIUM;9897;15;9893;21;;;9903;11;9906;11;;;9900.0;0.0
yf_ZS=F_d5;13300;INTARIAN_PEPPER_ROOT;11193;17;11189;27;;;11201;5;11205;19;;;11197.0;0.0
yf_ZS=F_d5;13400;ASH_COATED_OSMIUM;9898;20;9895;30;;;9904;16;9908;32;;;9901.0;0.0
yf_ZS=F_d5;13400;INTARIAN_PEPPER_ROOT;11188;19;11185;19;;;11202;18;11204;27;;;11195.0;0.0
yf_ZS=F_d5;13500;ASH_COATED_OSMIUM;9893;21;9890;22;;;9908;19;9910;24;;;9900.5;0.0
yf_ZS=F_d5;13500;INTARIAN_PEPPER_ROOT;11191;16;11187;13;;;11197;7;11199;16;;;11194.0;0.0
yf_ZS=F_d5;13600;ASH_COATED_OSMIUM;9897;21;9893;17;;;9904;13;9906;15;;;9900.5;0.0
yf_ZS=F_d5;13600;INTARIAN_PEPPER_ROOT;11185;10;11182;17;;;11199;9;11201;14;;;11192.0;0.0
yf_ZS=F_d5;13700;ASH_COATED_OSMIUM;9895;19;9891;20;;;9906;11;9908;20;;;9900.5;0.0
yf_ZS=F_d5;13700;INTARIAN_PEPPER_ROOT;11183;21;11180;25;;;11199;17;11202;24;;;11191.0;0.0
yf_ZS=F_d5;13800;ASH_COATED_OSMIUM;9897;11;9894;22;;;9903;22;9906;17;;;9900.0;0.0
yf_ZS=F_d5;13800;INTARIAN_PEPPER_ROOT;11186;23;11182;23;;;11192;10;11195;12;;;11189.0;0.0
yf_ZS=F_d5;13900;ASH_COATED_OSMIUM;9897;17;9895;19;;;9903;8;9905;15;;;9900.0;0.0
yf_ZS=F_d5;13900;INTARIAN_PEPPER_ROOT;11173;13;11171;18;;;11202;8;11204;27;;;11187.5;0.0
yf_ZS=F_d5;14000;ASH_COATED_OSMIUM;9885;14;9881;21;;;9915;12;9919;17;;;9900.0;0.0
yf_ZS=F_d5;14000;INTARIAN_PEPPER_ROOT;11182;5;11178;17;;;11188;13;11192;18;;;11185.0;0.0
yf_ZS=F_d5;14100;ASH_COATED_OSMIUM;9896;19;9892;13;;;9905;15;9908;20;;;9900.5;0.0
yf_ZS=F_d5;14100;INTARIAN_PEPPER_ROOT;11181;24;11177;21;;;11187;13;11191;19;;;11184.0;0.0
yf_ZS=F_d5;14200;ASH_COATED_OSMIUM;9897;15;9893;24;;;9903;13;9906;16;;;9900.0;0.0
yf_ZS=F_d5;14200;INTARIAN_PEPPER_ROOT;11179;10;11176;13;;;11185;22;11188;22;;;11182.0;0.0
yf_ZS=F_d5;14300;ASH_COATED_OSMIUM;9892;15;9889;8;;;9908;14;9912;16;;;9900.0;0.0
yf_ZS=F_d5;14300;INTARIAN_PEPPER_ROOT;11177;19;11175;26;;;11184;10;11188;29;;;11180.5;0.0
yf_ZS=F_d5;14400;ASH_COATED_OSMIUM;9897;18;9893;14;;;9903;14;9906;14;;;9900.0;0.0
yf_ZS=F_d5;14400;INTARIAN_PEPPER_ROOT;11176;14;11172;22;;;11182;19;11186;17;;;11179.0;0.0
yf_ZS=F_d5;14500;ASH_COATED_OSMIUM;9894;17;9890;23;;;9907;15;9910;13;;;9900.5;0.0
yf_ZS=F_d5;14500;INTARIAN_PEPPER_ROOT;11174;25;11172;12;;;11180;18;11184;13;;;11177.0;0.0
yf_ZS=F_d5;14600;ASH_COATED_OSMIUM;9898;17;9895;22;;;9904;16;9906;23;;;9901.0;0.0
yf_ZS=F_d5;14600;INTARIAN_PEPPER_ROOT;11171;12;11168;23;;;11180;18;11183;14;;;11175.5;0.0
yf_ZS=F_d5;14700;ASH_COATED_OSMIUM;9898;9;9896;11;;;9904;19;9906;11;;;9901.0;0.0
yf_ZS=F_d5;14700;INTARIAN_PEPPER_ROOT;11171;20;11168;16;;;11177;16;11180;17;;;11174.0;0.0
yf_ZS=F_d5;14800;ASH_COATED_OSMIUM;9893;11;9890;20;;;9907;17;9911;23;;;9900.0;0.0
yf_ZS=F_d5;14800;INTARIAN_PEPPER_ROOT;11168;14;11165;19;;;11176;14;11178;18;;;11172.0;0.0
yf_ZS=F_d5;14900;ASH_COATED_OSMIUM;9897;26;9895;23;;;9903;21;9906;18;;;9900.0;0.0
yf_ZS=F_d5;14900;INTARIAN_PEPPER_ROOT;11168;17;11164;22;;;11174;16;11177;20;;;11171.0;0.0
yf_ZS=F_d5;15000;ASH_COATED_OSMIUM;9896;11;9894;22;;;9906;17;9909;21;;;9901.0;0.0
yf_ZS=F_d5;15000;INTARIAN_PEPPER_ROOT;11166;19;11162;22;;;11172;25;11175;20;;;11169.0;0.0
yf_ZS=F_d5;15100;ASH_COATED_OSMIUM;9892;9;9888;19;;;9909;23;9912;22;;;9900.5;0.0
yf_ZS=F_d5;15100;INTARIAN_PEPPER_ROOT;11165;24;11162;21;;;11171;13;11174;18;;;11168.0;0.0
yf_ZS=F_d5;15200;ASH_COATED_OSMIUM;9897;21;9893;22;;;9903;17;9906;35;;;9900.0;0.0
yf_ZS=F_d5;15200;INTARIAN_PEPPER_ROOT;11163;5;11160;21;;;11169;16;11173;17;;;11166.0;0.0
yf_ZS=F_d5;15300;ASH_COATED_OSMIUM;9897;22;9895;23;;;9903;15;9906;23;;;9900.0;0.0
yf_ZS=F_d5;15300;INTARIAN_PEPPER_ROOT;11162;14;11158;22;;;11168;10;11170;19;;;11165.0;0.0
yf_ZS=F_d5;15400;ASH_COATED_OSMIUM;9897;16;9894;23;;;9904;11;9907;22;;;9900.5;0.0
yf_ZS=F_d5;15400;INTARIAN_PEPPER_ROOT;11160;13;11156;16;;;11166;12;11169;12;;;11163.0;0.0
yf_ZS=F_d5;15500;ASH_COATED_OSMIUM;9897;26;9894;27;;;9903;18;9907;20;;;9900.0;0.0
yf_ZS=F_d5;15500;INTARIAN_PEPPER_ROOT;11158;20;11154;11;;;11164;6;11167;12;;;11161.0;0.0
yf_ZS=F_d5;15600;ASH_COATED_OSMIUM;9898;21;9894;11;;;9904;18;9908;14;;;9901.0;0.0
yf_ZS=F_d5;15600;INTARIAN_PEPPER_ROOT;11157;5;11155;23;;;11163;10;11167;18;;;11160.0;0.0
yf_ZS=F_d5;15700;ASH_COATED_OSMIUM;9898;12;9894;19;;;9904;13;9907;29;;;9901.0;0.0
yf_ZS=F_d5;15700;INTARIAN_PEPPER_ROOT;11154;15;11152;22;;;11161;14;11164;17;;;11157.5;0.0
yf_ZS=F_d5;15800;ASH_COATED_OSMIUM;9881;13;9877;26;;;9920;17;9924;11;;;9900.5;0.0
yf_ZS=F_d5;15800;INTARIAN_PEPPER_ROOT;11149;12;11147;17;;;11164;20;11166;28;;;11156.5;0.0
yf_ZS=F_d5;15900;ASH_COATED_OSMIUM;9893;12;9890;17;;;9907;18;9911;14;;;9900.0;0.0
yf_ZS=F_d5;15900;INTARIAN_PEPPER_ROOT;11152;26;11150;23;;;11158;20;11161;14;;;11155.0;0.0
yf_ZS=F_d5;16000;ASH_COATED_OSMIUM;9897;20;9895;25;;;9903;14;9906;13;;;9900.0;0.0
yf_ZS=F_d5;16000;INTARIAN_PEPPER_ROOT;11150;18;11146;22;;;11156;12;11159;12;;;11153.0;0.0
yf_ZS=F_d5;16100;ASH_COATED_OSMIUM;9897;9;9895;24;;;9903;5;9907;18;;;9900.0;0.0
yf_ZS=F_d5;16100;INTARIAN_PEPPER_ROOT;11144;9;11140;25;;;11158;14;11162;13;;;11151.0;0.0
yf_ZS=F_d5;16200;ASH_COATED_OSMIUM;9897;26;9894;23;;;9903;15;9907;20;;;9900.0;0.0
yf_ZS=F_d5;16200;INTARIAN_PEPPER_ROOT;11146;5;11142;23;;;11153;19;11157;23;;;11149.5;0.0
yf_ZS=F_d5;16300;ASH_COATED_OSMIUM;9889;5;9885;26;;;9911;9;9914;17;;;9900.0;0.0
yf_ZS=F_d5;16300;INTARIAN_PEPPER_ROOT;11145;18;11143;19;;;11151;18;11154;23;;;11148.0;0.0
yf_ZS=F_d5;16400;ASH_COATED_OSMIUM;9897;19;9894;18;;;9903;14;9906;18;;;9900.0;0.0
yf_ZS=F_d5;16400;INTARIAN_PEPPER_ROOT;11131;15;11127;17;;;11163;10;11165;25;;;11147.0;0.0
yf_ZS=F_d5;16500;ASH_COATED_OSMIUM;9893;13;9890;14;;;9908;13;9912;24;;;9900.5;0.0
yf_ZS=F_d5;16500;INTARIAN_PEPPER_ROOT;11134;12;11132;17;;;11155;17;11157;15;;;11144.5;0.0
yf_ZS=F_d5;16600;ASH_COATED_OSMIUM;9897;14;9894;21;;;9903;14;9905;26;;;9900.0;0.0
yf_ZS=F_d5;16600;INTARIAN_PEPPER_ROOT;11139;17;11135;22;;;11146;6;11150;16;;;11142.5;0.0
yf_ZS=F_d5;16700;ASH_COATED_OSMIUM;9897;21;9895;19;;;9903;15;9907;16;;;9900.0;0.0
yf_ZS=F_d5;16700;INTARIAN_PEPPER_ROOT;11139;20;11137;18;;;11145;11;11147;27;;;11142.0;0.0
yf_ZS=F_d5;16800;ASH_COATED_OSMIUM;9896;7;9893;23;;;9902;11;9904;18;;;9899.0;0.0
yf_ZS=F_d5;16800;INTARIAN_PEPPER_ROOT;11137;9;11135;15;;;11143;20;11145;21;;;11140.0;0.0
yf_ZS=F_d5;16900;ASH_COATED_OSMIUM;9896;16;9892;15;;;9902;19;9905;21;;;9899.0;0.0
yf_ZS=F_d5;16900;INTARIAN_PEPPER_ROOT;11130;15;11127;19;;;11146;13;11150;22;;;11138.0;0.0
yf_ZS=F_d5;17000;ASH_COATED_OSMIUM;9886;13;9884;21;;;9914;25;9916;12;;;9900.0;0.0
yf_ZS=F_d5;17000;INTARIAN_PEPPER_ROOT;11134;21;11131;21;;;11140;21;11144;16;;;11137.0;0.0
yf_ZS=F_d5;17100;ASH_COATED_OSMIUM;9897;7;9895;20;;;9903;16;9906;15;;;9900.0;0.0
yf_ZS=F_d5;17100;INTARIAN_PEPPER_ROOT;11132;16;11129;28;;;11138;18;11141;21;;;11135.0;0.0
yf_ZS=F_d5;17200;ASH_COATED_OSMIUM;9883;13;9880;14;;;9918;11;9920;16;;;9900.5;0.0
yf_ZS=F_d5;17200;INTARIAN_PEPPER_ROOT;11132;11;11128;20;;;11138;10;11142;20;;;11135.0;0.0
yf_ZS=F_d5;17300;ASH_COATED_OSMIUM;9894;17;9890;21;;;9908;7;9910;21;;;9901.0;0.0
yf_ZS=F_d5;17300;INTARIAN_PEPPER_ROOT;11131;6;11127;24;;;11137;14;11141;22;;;11134.0;0.0
yf_ZS=F_d5;17400;ASH_COATED_OSMIUM;9884;16;9882;22;;;9916;7;9918;16;;;9900.0;0.0
yf_ZS=F_d5;17400;INTARIAN_PEPPER_ROOT;11126;20;11124;15;;;11138;7;11141;20;;;11132.0;0.0
yf_ZS=F_d5;17500;ASH_COATED_OSMIUM;9898;21;9895;15;;;9904;10;9907;24;;;9901.0;0.0
yf_ZS=F_d5;17500;INTARIAN_PEPPER_ROOT;11128;12;11124;30;;;11134;15;11136;22;;;11131.0;0.0
yf_ZS=F_d5;17600;ASH_COATED_OSMIUM;9897;24;9894;18;;;9903;12;9905;19;;;9900.0;0.0
yf_ZS=F_d5;17600;INTARIAN_PEPPER_ROOT;11127;15;11124;21;;;11133;11;11137;21;;;11130.0;0.0
yf_ZS=F_d5;17700;ASH_COATED_OSMIUM;9896;18;9893;18;;;9905;9;9908;22;;;9900.5;0.0
yf_ZS=F_d5;17700;INTARIAN_PEPPER_ROOT;11126;24;11122;23;;;11132;6;11136;27;;;11129.0;0.0
yf_ZS=F_d5;17800;ASH_COATED_OSMIUM;9897;11;9893;14;;;9903;14;9905;32;;;9900.0;0.0
yf_ZS=F_d5;17800;INTARIAN_PEPPER_ROOT;11120;5;11118;16;;;11137;25;11141;10;;;11128.5;0.0
yf_ZS=F_d5;17900;ASH_COATED_OSMIUM;9898;22;9896;26;;;9904;19;9906;13;;;9901.0;0.0
yf_ZS=F_d5;17900;INTARIAN_PEPPER_ROOT;11124;23;11121;24;;;11130;17;11134;11;;;11127.0;0.0
yf_ZS=F_d5;18000;ASH_COATED_OSMIUM;9898;19;9896;17;;;9904;16;9907;21;;;9901.0;0.0
yf_ZS=F_d5;18000;INTARIAN_PEPPER_ROOT;11123;13;11121;12;;;11129;17;11132;28;;;11126.0;0.0
yf_ZS=F_d5;18100;ASH_COATED_OSMIUM;9894;11;9890;22;;;9906;7;9910;18;;;9900.0;0.0
yf_ZS=F_d5;18100;INTARIAN_PEPPER_ROOT;11122;7;11120;21;;;11128;13;11130;16;;;11125.0;0.0
yf_ZS=F_d5;18200;ASH_COATED_OSMIUM;9898;21;9896;21;;;9904;20;9907;15;;;9901.0;0.0
yf_ZS=F_d5;18200;INTARIAN_PEPPER_ROOT;11120;22;11116;26;;;11126;8;11128;18;;;11123.0;0.0
yf_ZS=F_d5;18300;ASH_COATED_OSMIUM;9898;9;9895;17;;;9904;21;9907;20;;;9901.0;0.0
yf_ZS=F_d5;18300;INTARIAN_PEPPER_ROOT;11119;18;11117;23;;;11125;15;11129;14;;;11122.0;0.0
yf_ZS=F_d5;18400;ASH_COATED_OSMIUM;9898;15;9896;21;;;9904;16;9906;15;;;9901.0;0.0
yf_ZS=F_d5;18400;INTARIAN_PEPPER_ROOT;11117;13;11113;29;;;11126;17;11130;12;;;11121.5;0.0
yf_ZS=F_d5;18500;ASH_COATED_OSMIUM;9897;16;9894;20;;;9903;24;9907;21;;;9900.0;0.0
yf_ZS=F_d5;18500;INTARIAN_PEPPER_ROOT;11116;16;11113;26;;;11124;15;11126;16;;;11120.0;0.0
yf_ZS=F_d5;18600;ASH_COATED_OSMIUM;9897;22;9895;10;;;9903;18;9907;21;;;9900.0;0.0
yf_ZS=F_d5;18600;INTARIAN_PEPPER_ROOT;11108;6;11104;17;;;11128;20;11131;22;;;11118.0;0.0
yf_ZS=F_d5;18700;ASH_COATED_OSMIUM;9897;14;9893;19;;;9903;18;9905;18;;;9900.0;0.0
yf_ZS=F_d5;18700;INTARIAN_PEPPER_ROOT;11115;9;11113;21;;;11121;13;11124;25;;;11118.0;0.0
yf_ZS=F_d5;18800;ASH_COATED_OSMIUM;9894;10;9892;23;;;9906;14;9909;21;;;9900.0;0.0
yf_ZS=F_d5;18800;INTARIAN_PEPPER_ROOT;11113;10;11111;17;;;11119;5;11121;17;;;11116.0;0.0
yf_ZS=F_d5;18900;ASH_COATED_OSMIUM;9897;17;9894;24;;;9905;9;9909;29;;;9901.0;0.0
yf_ZS=F_d5;18900;INTARIAN_PEPPER_ROOT;11112;13;11110;26;;;11118;11;11120;20;;;11115.0;0.0
yf_ZS=F_d5;19000;ASH_COATED_OSMIUM;9898;14;9894;18;;;9904;19;9908;16;;;9901.0;0.0
yf_ZS=F_d5;19000;INTARIAN_PEPPER_ROOT;11111;14;11107;15;;;11117;7;11121;20;;;11114.0;0.0
yf_ZS=F_d5;19100;ASH_COATED_OSMIUM;9891;18;9888;19;;;9911;15;9914;16;;;9901.0;0.0
yf_ZS=F_d5;19100;INTARIAN_PEPPER_ROOT;11111;13;11108;19;;;11117;17;11121;24;;;11114.0;0.0
yf_ZS=F_d5;19200;ASH_COATED_OSMIUM;9896;10;9894;26;;;9906;5;9909;29;;;9901.0;0.0
yf_ZS=F_d5;19200;INTARIAN_PEPPER_ROOT;11109;16;11105;22;;;11115;11;11117;15;;;11112.0;0.0
yf_ZS=F_d5;19300;ASH_COATED_OSMIUM;9897;16;9893;19;;;9904;19;9908;23;;;9900.5;0.0
yf_ZS=F_d5;19300;INTARIAN_PEPPER_ROOT;11108;18;11105;14;;;11114;13;11118;21;;;11111.0;0.0
yf_ZS=F_d5;19400;ASH_COATED_OSMIUM;9897;7;9893;14;;;9904;24;9908;18;;;9900.5;0.0
yf_ZS=F_d5;19400;INTARIAN_PEPPER_ROOT;11104;15;11101;18;;;11115;15;11117;19;;;11109.5;0.0
yf_ZS=F_d5;19500;ASH_COATED_OSMIUM;9897;18;9895;17;;;9904;19;9907;29;;;9900.5;0.0
yf_ZS=F_d5;19500;INTARIAN_PEPPER_ROOT;11106;20;11103;14;;;11112;12;11114;15;;;11109.0;0.0
yf_ZS=F_d5;19600;ASH_COATED_OSMIUM;9897;16;9894;23;;;9905;9;9908;15;;;9901.0;0.0
yf_ZS=F_d5;19600;INTARIAN_PEPPER_ROOT;11105;13;11103;19;;;11111;13;11113;14;;;11108.0;0.0
yf_ZS=F_d5;19700;ASH_COATED_OSMIUM;9898;12;9895;20;;;9904;16;9907;18;;;9901.0;0.0
yf_ZS=F_d5;19700;INTARIAN_PEPPER_ROOT;11102;10;11099;11;;;11110;12;11112;25;;;11106.0;0.0
yf_ZS=F_d5;19800;ASH_COATED_OSMIUM;9898;19;9896;31;;;9904;7;9906;23;;;9901.0;0.0
yf_ZS=F_d5;19800;INTARIAN_PEPPER_ROOT;11102;9;11100;14;;;11108;16;11112;27;;;11105.0;0.0
yf_ZS=F_d5;19900;ASH_COATED_OSMIUM;9894;12;9891;27;;;9907;20;9911;16;;;9900.5;0.0
yf_ZS=F_d5;19900;INTARIAN_PEPPER_ROOT;11101;24;11097;22;;;11107;10;11109;20;;;11104.0;0.0
yf_ZS=F_d5;20000;ASH_COATED_OSMIUM;9895;12;9891;16;;;9906;17;9908;16;;;9900.5;0.0
yf_ZS=F_d5;20000;INTARIAN_PEPPER_ROOT;11099;24;11096;20;;;11105;9;11107;17;;;11102.0;0.0
yf_ZS=F_d5;20100;ASH_COATED_OSMIUM;9898;12;9894;17;;;9904;25;9907;9;;;9901.0;0.0
yf_ZS=F_d5;20100;INTARIAN_PEPPER_ROOT;11098;6;11096;13;;;11104;11;11107;10;;;11101.0;0.0
yf_ZS=F_d5;20200;ASH_COATED_OSMIUM;9898;15;9894;15;;;9904;10;9906;19;;;9901.0;0.0
yf_ZS=F_d5;20200;INTARIAN_PEPPER_ROOT;11098;11;11095;14;;;11104;14;11106;14;;;11101.0;0.0
yf_ZS=F_d5;20300;ASH_COATED_OSMIUM;9895;13;9892;17;;;9907;13;9911;19;;;9901.0;0.0
yf_ZS=F_d5;20300;INTARIAN_PEPPER_ROOT;11085;15;11082;24;;;11112;13;11116;19;;;11098.5;0.0
yf_ZS=F_d5;20400;ASH_COATED_OSMIUM;9898;11;9895;11;;;9904;24;9908;25;;;9901.0;0.0
yf_ZS=F_d5;20400;INTARIAN_PEPPER_ROOT;11091;16;11088;18;;;11104;15;11107;19;;;11097.5;0.0
yf_ZS=F_d5;20500;ASH_COATED_OSMIUM;9898;7;9896;23;;;9904;8;9906;25;;;9901.0;0.0
yf_ZS=F_d5;20500;INTARIAN_PEPPER_ROOT;11094;15;11090;25;;;11100;13;11103;26;;;11097.0;0.0
yf_ZS=F_d5;20600;ASH_COATED_OSMIUM;9894;15;9892;12;;;9907;16;9909;22;;;9900.5;0.0
yf_ZS=F_d5;20600;INTARIAN_PEPPER_ROOT;11092;13;11088;20;;;11098;9;11100;13;;;11095.0;0.0
yf_ZS=F_d5;20700;ASH_COATED_OSMIUM;9898;15;9894;22;;;9904;7;9908;21;;;9901.0;0.0
yf_ZS=F_d5;20700;INTARIAN_PEPPER_ROOT;11081;12;11077;23;;;11109;14;11113;20;;;11095.0;0.0
yf_ZS=F_d5;20800;ASH_COATED_OSMIUM;9898;15;9896;17;;;9904;19;9908;22;;;9901.0;0.0
yf_ZS=F_d5;20800;INTARIAN_PEPPER_ROOT;11090;6;11086;17;;;11096;15;11099;14;;;11093.0;0.0
yf_ZS=F_d5;20900;ASH_COATED_OSMIUM;9898;5;9895;22;;;9904;19;9906;21;;;9901.0;0.0
yf_ZS=F_d5;20900;INTARIAN_PEPPER_ROOT;11089;20;11087;26;;;11095;8;11098;19;;;11092.0;0.0
yf_ZS=F_d5;21000;ASH_COATED_OSMIUM;9898;14;9896;11;;;9904;8;9908;18;;;9901.0;0.0
yf_ZS=F_d5;21000;INTARIAN_PEPPER_ROOT;11076;5;11072;15;;;11106;20;11110;15;;;11091.0;0.0
yf_ZS=F_d5;21100;ASH_COATED_OSMIUM;9890;6;9886;23;;;9912;18;9914;16;;;9901.0;0.0
yf_ZS=F_d5;21100;INTARIAN_PEPPER_ROOT;11087;11;11085;24;;;11093;26;11097;17;;;11090.0;0.0
yf_ZS=F_d5;21200;ASH_COATED_OSMIUM;9899;6;9896;18;;;9905;20;9909;30;;;9902.0;0.0
yf_ZS=F_d5;21200;INTARIAN_PEPPER_ROOT;11081;12;11077;14;;;11096;10;11099;22;;;11088.5;0.0
yf_ZS=F_d5;21300;ASH_COATED_OSMIUM;9896;8;9892;16;;;9905;15;9908;21;;;9900.5;0.0
yf_ZS=F_d5;21300;INTARIAN_PEPPER_ROOT;11081;16;11078;23;;;11094;20;11096;23;;;11087.5;0.0
yf_ZS=F_d5;21400;ASH_COATED_OSMIUM;9896;18;9894;20;;;9907;24;9910;25;;;9901.5;0.0
yf_ZS=F_d5;21400;INTARIAN_PEPPER_ROOT;11084;11;11081;26;;;11090;17;11093;25;;;11087.0;0.0
yf_ZS=F_d5;21500;ASH_COATED_OSMIUM;9899;13;9897;25;;;9905;12;9909;17;;;9902.0;0.0
yf_ZS=F_d5;21500;INTARIAN_PEPPER_ROOT;11082;5;11080;13;;;11088;15;11090;18;;;11085.0;0.0
yf_ZS=F_d5;21600;ASH_COATED_OSMIUM;9895;11;9893;25;;;9907;28;9910;26;;;9901.0;0.0
yf_ZS=F_d5;21600;INTARIAN_PEPPER_ROOT;11076;13;11074;16;;;11093;20;11096;26;;;11084.5;0.0
yf_ZS=F_d5;21700;ASH_COATED_OSMIUM;9898;15;9896;18;;;9904;14;9907;18;;;9901.0;0.0
yf_ZS=F_d5;21700;INTARIAN_PEPPER_ROOT;11080;17;11078;23;;;11086;14;11090;27;;;11083.0;0.0
yf_ZS=F_d5;21800;ASH_COATED_OSMIUM;9898;26;9894;14;;;9904;20;9908;15;;;9901.0;0.0
yf_ZS=F_d5;21800;INTARIAN_PEPPER_ROOT;11078;15;11074;20;;;11087;19;11089;28;;;11082.5;0.0
yf_ZS=F_d5;21900;ASH_COATED_OSMIUM;9898;21;9894;24;;;9904;5;9907;23;;;9901.0;0.0
yf_ZS=F_d5;21900;INTARIAN_PEPPER_ROOT;11070;14;11067;13;;;11092;22;11096;22;;;11081.0;0.0
yf_ZS=F_d5;22000;ASH_COATED_OSMIUM;9895;14;9893;25;;;9906;5;9908;19;;;9900.5;0.0
yf_ZS=F_d5;22000;INTARIAN_PEPPER_ROOT;11077;12;11075;33;;;11083;7;11085;16;;;11080.0;0.0
yf_ZS=F_d5;22100;ASH_COATED_OSMIUM;9898;14;9895;20;;;9904;16;9907;10;;;9901.0;0.0
yf_ZS=F_d5;22100;INTARIAN_PEPPER_ROOT;11075;18;11073;17;;;11081;19;11083;22;;;11078.0;0.0
yf_ZS=F_d5;22200;ASH_COATED_OSMIUM;9896;10;9894;19;;;9906;16;9910;11;;;9901.0;0.0
yf_ZS=F_d5;22200;INTARIAN_PEPPER_ROOT;11070;13;11068;14;;;11086;8;11090;28;;;11078.0;0.0
yf_ZS=F_d5;22300;ASH_COATED_OSMIUM;9898;19;9895;24;;;9904;12;9908;23;;;9901.0;0.0
yf_ZS=F_d5;22300;INTARIAN_PEPPER_ROOT;11074;17;11071;16;;;11080;19;11082;21;;;11077.0;0.0
yf_ZS=F_d5;22400;ASH_COATED_OSMIUM;9898;17;9896;21;;;9904;21;9908;19;;;9901.0;0.0
yf_ZS=F_d5;22400;INTARIAN_PEPPER_ROOT;11071;14;11067;15;;;11079;20;11082;23;;;11075.0;0.0
yf_ZS=F_d5;22500;ASH_COATED_OSMIUM;9899;22;9896;13;;;9905;16;9909;20;;;9902.0;0.0
yf_ZS=F_d5;22500;INTARIAN_PEPPER_ROOT;11067;15;11064;17;;;11080;13;11083;18;;;11073.5;0.0
yf_ZS=F_d5;22600;ASH_COATED_OSMIUM;9898;12;9896;21;;;9904;23;9906;14;;;9901.0;0.0
yf_ZS=F_d5;22600;INTARIAN_PEPPER_ROOT;11055;17;11053;15;;;11090;14;11092;26;;;11072.5;0.0
yf_ZS=F_d5;22700;ASH_COATED_OSMIUM;9895;15;9892;18;;;9907;11;9909;26;;;9901.0;0.0
yf_ZS=F_d5;22700;INTARIAN_PEPPER_ROOT;11069;8;11066;23;;;11075;5;11078;10;;;11072.0;0.0
yf_ZS=F_d5;22800;ASH_COATED_OSMIUM;9898;19;9894;31;;;9904;10;9906;23;;;9901.0;0.0
yf_ZS=F_d5;22800;INTARIAN_PEPPER_ROOT;11068;17;11066;30;;;11074;14;11077;17;;;11071.0;0.0
yf_ZS=F_d5;22900;ASH_COATED_OSMIUM;9898;12;9894;14;;;9904;6;9908;21;;;9901.0;0.0
yf_ZS=F_d5;22900;INTARIAN_PEPPER_ROOT;11066;5;11063;20;;;11074;18;11077;10;;;11070.0;0.0
yf_ZS=F_d5;23000;ASH_COATED_OSMIUM;9898;14;9895;14;;;9904;21;9906;21;;;9901.0;0.0
yf_ZS=F_d5;23000;INTARIAN_PEPPER_ROOT;11062;13;11060;28;;;11074;12;11077;19;;;11068.0;0.0
yf_ZS=F_d5;23100;ASH_COATED_OSMIUM;9898;15;9894;20;;;9904;11;9907;14;;;9901.0;0.0
yf_ZS=F_d5;23100;INTARIAN_PEPPER_ROOT;11064;12;11062;13;;;11070;20;11073;21;;;11067.0;0.0
yf_ZS=F_d5;23200;ASH_COATED_OSMIUM;9898;12;9896;18;;;9904;20;9908;19;;;9901.0;0.0
yf_ZS=F_d5;23200;INTARIAN_PEPPER_ROOT;11062;17;11058;25;;;11068;13;11072;8;;;11065.0;0.0
yf_ZS=F_d5;23300;ASH_COATED_OSMIUM;9898;14;9894;12;;;9904;10;9908;26;;;9901.0;0.0
yf_ZS=F_d5;23300;INTARIAN_PEPPER_ROOT;11053;15;11051;19;;;11079;18;11083;19;;;11066.0;0.0
yf_ZS=F_d5;23400;ASH_COATED_OSMIUM;9898;14;9895;23;;;9904;16;9908;17;;;9901.0;0.0
yf_ZS=F_d5;23400;INTARIAN_PEPPER_ROOT;11054;25;11051;14;;;11073;11;11076;29;;;11063.5;0.0
yf_ZS=F_d5;23500;ASH_COATED_OSMIUM;9894;13;9890;22;;;9908;11;9911;12;;;9901.0;0.0
yf_ZS=F_d5;23500;INTARIAN_PEPPER_ROOT;11059;14;11055;22;;;11065;21;11069;19;;;11062.0;0.0
yf_ZS=F_d5;23600;ASH_COATED_OSMIUM;9896;10;9894;16;;;9906;17;9910;21;;;9901.0;0.0
yf_ZS=F_d5;23600;INTARIAN_PEPPER_ROOT;11058;13;11054;18;;;11064;12;11066;18;;;11061.0;0.0
yf_ZS=F_d5;23700;ASH_COATED_OSMIUM;9899;18;9897;22;;;9905;14;9909;10;;;9902.0;0.0
yf_ZS=F_d5;23700;INTARIAN_PEPPER_ROOT;11057;17;11055;13;;;11063;16;11067;20;;;11060.0;0.0
yf_ZS=F_d5;23800;ASH_COATED_OSMIUM;9898;11;9896;29;;;9904;14;9906;13;;;9901.0;0.0
yf_ZS=F_d5;23800;INTARIAN_PEPPER_ROOT;11052;11;11048;11;;;11065;15;11069;30;;;11058.5;0.0
yf_ZS=F_d5;23900;ASH_COATED_OSMIUM;9898;15;9894;18;;;9904;13;9908;18;;;9901.0;0.0
yf_ZS=F_d5;23900;INTARIAN_PEPPER_ROOT;11047;7;11043;20;;;11067;13;11070;19;;;11057.0;0.0
yf_ZS=F_d5;24000;ASH_COATED_OSMIUM;9898;20;9895;18;;;9904;16;9908;19;;;9901.0;0.0
yf_ZS=F_d5;24000;INTARIAN_PEPPER_ROOT;11051;7;11049;17;;;11063;26;11065;23;;;11057.0;0.0
yf_ZS=F_d5;24100;ASH_COATED_OSMIUM;9899;11;9896;25;;;9905;14;9908;22;;;9902.0;0.0
yf_ZS=F_d5;24100;INTARIAN_PEPPER_ROOT;11052;26;11048;11;;;11058;15;11061;22;;;11055.0;0.0
yf_ZS=F_d5;24200;ASH_COATED_OSMIUM;9898;15;9895;13;;;9904;14;9908;18;;;9901.0;0.0
yf_ZS=F_d5;24200;INTARIAN_PEPPER_ROOT;11047;17;11043;17;;;11062;21;11065;23;;;11054.5;0.0
yf_ZS=F_d5;24300;ASH_COATED_OSMIUM;9896;18;9892;17;;;9907;16;9909;9;;;9901.5;0.0
yf_ZS=F_d5;24300;INTARIAN_PEPPER_ROOT;11050;14;11048;16;;;11057;16;11059;22;;;11053.5;0.0
yf_ZS=F_d5;24400;ASH_COATED_OSMIUM;9898;21;9896;15;;;9904;12;9907;20;;;9901.0;0.0
yf_ZS=F_d5;24400;INTARIAN_PEPPER_ROOT;11049;13;11045;22;;;11055;20;11057;22;;;11052.0;0.0
yf_ZS=F_d5;24500;ASH_COATED_OSMIUM;9898;16;9895;18;;;9904;11;9907;17;;;9901.0;0.0
yf_ZS=F_d5;24500;INTARIAN_PEPPER_ROOT;11048;18;11046;14;;;11054;16;11056;18;;;11051.0;0.0
yf_ZS=F_d5;24600;ASH_COATED_OSMIUM;9898;6;9894;18;;;9904;12;9908;22;;;9901.0;0.0
yf_ZS=F_d5;24600;INTARIAN_PEPPER_ROOT;11047;9;11045;22;;;11053;13;11056;22;;;11050.0;0.0
yf_ZS=F_d5;24700;ASH_COATED_OSMIUM;9891;7;9889;22;;;9912;5;9916;18;;;9901.5;0.0
yf_ZS=F_d5;24700;INTARIAN_PEPPER_ROOT;11046;17;11044;17;;;11052;5;11056;21;;;11049.0;0.0
yf_ZS=F_d5;24800;ASH_COATED_OSMIUM;9892;10;9889;23;;;9911;11;9915;21;;;9901.5;0.0
yf_ZS=F_d5;24800;INTARIAN_PEPPER_ROOT;11040;8;11037;19;;;11054;17;11056;16;;;11047.0;0.0
yf_ZS=F_d5;24900;ASH_COATED_OSMIUM;9898;16;9896;19;;;9906;13;9910;22;;;9902.0;0.0
yf_ZS=F_d5;24900;INTARIAN_PEPPER_ROOT;11037;6;11033;20;;;11054;18;11056;14;;;11045.5;0.0
yf_ZS=F_d5;25000;ASH_COATED_OSMIUM;9899;17;9897;10;;;9905;13;9908;18;;;9902.0;0.0
yf_ZS=F_d5;25000;INTARIAN_PEPPER_ROOT;11036;11;11034;28;;;11055;15;11057;15;;;11045.5;0.0
yf_ZS=F_d5;25100;ASH_COATED_OSMIUM;9898;11;9896;22;;;9905;15;9909;19;;;9901.5;0.0
yf_ZS=F_d5;25100;INTARIAN_PEPPER_ROOT;11038;14;11035;8;;;11052;23;11054;11;;;11045.0;0.0
yf_ZS=F_d5;25200;ASH_COATED_OSMIUM;9899;14;9896;23;;;9905;7;9907;13;;;9902.0;0.0
yf_ZS=F_d5;25200;INTARIAN_PEPPER_ROOT;11040;8;11036;19;;;11046;21;11049;19;;;11043.0;0.0
yf_ZS=F_d5;25300;ASH_COATED_OSMIUM;9898;10;9895;8;;;9904;14;9908;18;;;9901.0;0.0
yf_ZS=F_d5;25300;INTARIAN_PEPPER_ROOT;11038;6;11034;16;;;11044;12;11048;16;;;11041.0;0.0
yf_ZS=F_d5;25400;ASH_COATED_OSMIUM;9898;10;9896;26;;;9904;12;9907;22;;;9901.0;0.0
yf_ZS=F_d5;25400;INTARIAN_PEPPER_ROOT;11038;15;11036;18;;;11044;16;11047;17;;;11041.0;0.0
yf_ZS=F_d5;25500;ASH_COATED_OSMIUM;9898;18;9896;24;;;9905;5;9909;19;;;9901.5;0.0
yf_ZS=F_d5;25500;INTARIAN_PEPPER_ROOT;11036;6;11032;28;;;11042;13;11046;13;;;11039.0;0.0
yf_ZS=F_d5;25600;ASH_COATED_OSMIUM;9899;9;9896;21;;;9905;10;9907;19;;;9902.0;0.0
yf_ZS=F_d5;25600;INTARIAN_PEPPER_ROOT;11033;20;11029;23;;;11042;16;11045;24;;;11037.5;0.0
yf_ZS=F_d5;25700;ASH_COATED_OSMIUM;9899;11;9896;9;;;9905;6;9908;18;;;9902.0;0.0
yf_ZS=F_d5;25700;INTARIAN_PEPPER_ROOT;11034;20;11031;20;;;11041;13;11044;13;;;11037.5;0.0
yf_ZS=F_d5;25800;ASH_COATED_OSMIUM;9897;19;9895;24;;;9906;20;9908;20;;;9901.5;0.0
yf_ZS=F_d5;25800;INTARIAN_PEPPER_ROOT;11033;10;11029;12;;;11039;10;11041;16;;;11036.0;0.0
yf_ZS=F_d5;25900;ASH_COATED_OSMIUM;9898;8;9896;18;;;9904;20;9907;23;;;9901.0;0.0
yf_ZS=F_d5;25900;INTARIAN_PEPPER_ROOT;11032;13;11028;20;;;11038;7;11042;20;;;11035.0;0.0
yf_ZS=F_d5;26000;ASH_COATED_OSMIUM;9897;15;9894;13;;;9906;20;9910;21;;;9901.5;0.0
yf_ZS=F_d5;26000;INTARIAN_PEPPER_ROOT;11030;15;11028;22;;;11037;25;11041;15;;;11033.5;0.0
yf_ZS=F_d5;26100;ASH_COATED_OSMIUM;9892;19;9888;12;;;9912;19;9915;17;;;9902.0;0.0
yf_ZS=F_d5;26100;INTARIAN_PEPPER_ROOT;11030;9;11028;21;;;11036;17;11039;15;;;11033.0;0.0
yf_ZS=F_d5;26200;ASH_COATED_OSMIUM;9897;14;9894;23;;;9905;20;9908;21;;;9901.0;0.0
yf_ZS=F_d5;26200;INTARIAN_PEPPER_ROOT;11029;9;11026;24;;;11035;7;11038;23;;;11032.0;0.0
yf_ZS=F_d5;26300;ASH_COATED_OSMIUM;9899;12;9896;19;;;9905;7;9907;9;;;9902.0;0.0
yf_ZS=F_d5;26300;INTARIAN_PEPPER_ROOT;11027;12;11023;17;;;11033;16;11036;17;;;11030.0;0.0
yf_ZS=F_d5;26400;ASH_COATED_OSMIUM;9894;23;9892;19;;;9910;8;9912;14;;;9902.0;0.0
yf_ZS=F_d5;26400;INTARIAN_PEPPER_ROOT;11026;15;11023;24;;;11032;7;11036;20;;;11029.0;0.0
yf_ZS=F_d5;26500;ASH_COATED_OSMIUM;9898;11;9895;18;;;9904;5;9907;20;;;9901.0;0.0
yf_ZS=F_d5;26500;INTARIAN_PEPPER_ROOT;11025;19;11023;19;;;11031;5;11035;19;;;11028.0;0.0
yf_ZS=F_d5;26600;ASH_COATED_OSMIUM;9899;19;9897;26;;;9905;8;9909;19;;;9902.0;0.0
yf_ZS=F_d5;26600;INTARIAN_PEPPER_ROOT;11023;11;11020;23;;;11031;11;11034;25;;;11027.0;0.0
yf_ZS=F_d5;26700;ASH_COATED_OSMIUM;9889;13;9886;17;;;9914;16;9916;24;;;9901.5;0.0
yf_ZS=F_d5;26700;INTARIAN_PEPPER_ROOT;11023;23;11020;30;;;11029;8;11031;19;;;11026.0;0.0
yf_ZS=F_d5;26800;ASH_COATED_OSMIUM;9898;15;9896;22;;;9904;7;9906;12;;;9901.0;0.0
yf_ZS=F_d5;26800;INTARIAN_PEPPER_ROOT;11021;16;11018;21;;;11027;23;11029;12;;;11024.0;0.0
yf_ZS=F_d5;26900;ASH_COATED_OSMIUM;9896;17;9894;10;;;9907;20;9910;23;;;9901.5;0.0
yf_ZS=F_d5;26900;INTARIAN_PEPPER_ROOT;11019;15;11016;16;;;11026;6;11028;24;;;11022.5;0.0
yf_ZS=F_d5;27000;ASH_COATED_OSMIUM;9897;13;9894;15;;;9905;12;9909;25;;;9901.0;0.0
yf_ZS=F_d5;27000;INTARIAN_PEPPER_ROOT;11015;17;11012;14;;;11029;7;11031;27;;;11022.0;0.0
yf_ZS=F_d5;27100;ASH_COATED_OSMIUM;9899;19;9896;17;;;9905;8;9908;16;;;9902.0;0.0
yf_ZS=F_d5;27100;INTARIAN_PEPPER_ROOT;11018;8;11016;19;;;11024;16;11026;18;;;11021.0;0.0
yf_ZS=F_d5;27200;ASH_COATED_OSMIUM;9897;10;9895;8;;;9906;11;9910;9;;;9901.5;0.0
yf_ZS=F_d5;27200;INTARIAN_PEPPER_ROOT;11017;11;11014;17;;;11023;21;11025;22;;;11020.0;0.0
yf_ZS=F_d5;27300;ASH_COATED_OSMIUM;9897;11;9893;15;;;9906;6;9908;24;;;9901.5;0.0
yf_ZS=F_d5;27300;INTARIAN_PEPPER_ROOT;11015;20;11012;14;;;11024;17;11027;15;;;11019.5;0.0
yf_ZS=F_d5;27400;ASH_COATED_OSMIUM;9898;15;9896;24;;;9906;16;9909;20;;;9902.0;0.0
yf_ZS=F_d5;27400;INTARIAN_PEPPER_ROOT;11014;15;11012;12;;;11020;17;11024;22;;;11017.0;0.0
yf_ZS=F_d5;27500;ASH_COATED_OSMIUM;9899;14;9895;16;;;9905;16;9909;31;;;9902.0;0.0
yf_ZS=F_d5;27500;INTARIAN_PEPPER_ROOT;11006;13;11003;21;;;11027;8;11029;19;;;11016.5;0.0
yf_ZS=F_d5;27600;ASH_COATED_OSMIUM;9897;14;9893;27;;;9907;9;9910;19;;;9902.0;0.0
yf_ZS=F_d5;27600;INTARIAN_PEPPER_ROOT;11012;22;11008;19;;;11018;15;11020;18;;;11015.0;0.0
yf_ZS=F_d5;27700;ASH_COATED_OSMIUM;9899;24;9897;22;;;9905;8;9909;16;;;9902.0;0.0
yf_ZS=F_d5;27700;INTARIAN_PEPPER_ROOT;11011;19;11007;29;;;11017;27;11019;23;;;11014.0;0.0
yf_ZS=F_d5;27800;ASH_COATED_OSMIUM;9899;13;9895;20;;;9905;9;9907;21;;;9902.0;0.0
yf_ZS=F_d5;27800;INTARIAN_PEPPER_ROOT;11010;16;11008;19;;;11016;16;11020;24;;;11013.0;0.0
yf_ZS=F_d5;27900;ASH_COATED_OSMIUM;9899;6;9897;27;;;9905;14;9909;13;;;9902.0;0.0
yf_ZS=F_d5;27900;INTARIAN_PEPPER_ROOT;11009;17;11007;18;;;11015;10;11019;20;;;11012.0;0.0
yf_ZS=F_d5;28000;ASH_COATED_OSMIUM;9897;15;9894;25;;;9906;9;9909;12;;;9901.5;0.0
yf_ZS=F_d5;28000;INTARIAN_PEPPER_ROOT;11003;17;11000;15;;;11018;20;11020;13;;;11010.5;0.0
yf_ZS=F_d5;28100;ASH_COATED_OSMIUM;9899;7;9897;15;;;9905;7;9908;23;;;9902.0;0.0
yf_ZS=F_d5;28100;INTARIAN_PEPPER_ROOT;11004;14;11002;14;;;11015;17;11017;24;;;11009.5;0.0
yf_ZS=F_d5;28200;ASH_COATED_OSMIUM;9899;14;9896;21;;;9905;11;9909;19;;;9902.0;0.0
yf_ZS=F_d5;28200;INTARIAN_PEPPER_ROOT;11005;5;11002;20;;;11012;13;11015;28;;;11008.5;0.0
yf_ZS=F_d5;28300;ASH_COATED_OSMIUM;9899;13;9896;25;;;9905;11;9909;16;;;9902.0;0.0
yf_ZS=F_d5;28300;INTARIAN_PEPPER_ROOT;11003;20;11001;17;;;11012;16;11014;17;;;11007.5;0.0
yf_ZS=F_d5;28400;ASH_COATED_OSMIUM;9899;9;9896;19;;;9905;14;9909;9;;;9902.0;0.0
yf_ZS=F_d5;28400;INTARIAN_PEPPER_ROOT;11003;25;10999;19;;;11009;13;11012;22;;;11006.0;0.0
yf_ZS=F_d5;28500;ASH_COATED_OSMIUM;9897;17;9895;18;;;9907;9;9910;11;;;9902.0;0.0
yf_ZS=F_d5;28500;INTARIAN_PEPPER_ROOT;11002;14;10999;12;;;11008;15;11010;16;;;11005.0;0.0
yf_ZS=F_d5;28600;ASH_COATED_OSMIUM;9899;14;9897;19;;;9905;10;9909;22;;;9902.0;0.0
yf_ZS=F_d5;28600;INTARIAN_PEPPER_ROOT;11001;8;10999;31;;;11007;15;11011;8;;;11004.0;0.0
yf_ZS=F_d5;28700;ASH_COATED_OSMIUM;9899;12;9896;8;;;9905;14;9907;20;;;9902.0;0.0
yf_ZS=F_d5;28700;INTARIAN_PEPPER_ROOT;11000;12;10996;22;;;11006;12;11010;17;;;11003.0;0.0
yf_ZS=F_d5;28800;ASH_COATED_OSMIUM;9899;20;9896;21;;;9905;22;9909;18;;;9902.0;0.0
yf_ZS=F_d5;28800;INTARIAN_PEPPER_ROOT;10999;15;10995;13;;;11005;10;11007;22;;;11002.0;0.0
yf_ZS=F_d5;28900;ASH_COATED_OSMIUM;9899;18;9895;23;;;9905;11;9908;19;;;9902.0;0.0
yf_ZS=F_d5;28900;INTARIAN_PEPPER_ROOT;10997;12;10993;15;;;11003;14;11007;18;;;11000.0;0.0
yf_ZS=F_d5;29000;ASH_COATED_OSMIUM;9897;19;9894;26;;;9908;24;9911;18;;;9902.5;0.0
yf_ZS=F_d5;29000;INTARIAN_PEPPER_ROOT;10996;10;10994;25;;;11002;8;11006;29;;;10999.0;0.0
yf_ZS=F_d5;29100;ASH_COATED_OSMIUM;9896;9;9892;18;;;9907;23;9909;15;;;9901.5;0.0
yf_ZS=F_d5;29100;INTARIAN_PEPPER_ROOT;10990;13;10986;26;;;11005;9;11007;11;;;10997.5;0.0
yf_ZS=F_d5;29200;ASH_COATED_OSMIUM;9894;15;9891;20;;;9910;17;9912;25;;;9902.0;0.0
yf_ZS=F_d5;29200;INTARIAN_PEPPER_ROOT;10991;12;10988;13;;;11001;8;11003;12;;;10996.0;0.0
yf_ZS=F_d5;29300;ASH_COATED_OSMIUM;9899;16;9895;21;;;9905;14;9907;14;;;9902.0;0.0
yf_ZS=F_d5;29300;INTARIAN_PEPPER_ROOT;10993;21;10989;23;;;10999;24;11001;22;;;10996.0;0.0
yf_ZS=F_d5;29400;ASH_COATED_OSMIUM;9897;15;9894;8;;;9906;21;9910;18;;;9901.5;0.0
yf_ZS=F_d5;29400;INTARIAN_PEPPER_ROOT;10990;6;10988;18;;;10999;11;11003;17;;;10994.5;0.0
yf_ZS=F_d5;29500;ASH_COATED_OSMIUM;9899;17;9896;20;;;9905;15;9909;28;;;9902.0;0.0
yf_ZS=F_d5;29500;INTARIAN_PEPPER_ROOT;10991;15;10989;21;;;10997;26;11001;19;;;10994.0;0.0
yf_ZS=F_d5;29600;ASH_COATED_OSMIUM;9899;14;9897;11;;;9905;13;9908;20;;;9902.0;0.0
yf_ZS=F_d5;29600;INTARIAN_PEPPER_ROOT;10987;14;10984;16;;;10998;10;11000;21;;;10992.5;0.0
yf_ZS=F_d5;29700;ASH_COATED_OSMIUM;9897;12;9893;12;;;9907;10;9910;18;;;9902.0;0.0
yf_ZS=F_d5;29700;INTARIAN_PEPPER_ROOT;10982;7;10980;11;;;11000;17;11002;23;;;10991.0;0.0
yf_ZS=F_d5;29800;ASH_COATED_OSMIUM;9895;16;9892;23;;;9910;10;9912;28;;;9902.5;0.0
yf_ZS=F_d5;29800;INTARIAN_PEPPER_ROOT;10987;11;10985;22;;;10993;17;10996;17;;;10990.0;0.0
yf_ZS=F_d5;29900;ASH_COATED_OSMIUM;9899;18;9895;14;;;9905;12;9908;21;;;9902.0;0.0
yf_ZS=F_d5;29900;INTARIAN_PEPPER_ROOT;10986;15;10984;26;;;10992;15;10995;14;;;10989.0;0.0
yf_ZS=F_d5;30000;ASH_COATED_OSMIUM;9894;13;9892;12;;;9908;12;9910;24;;;9901.0;0.0
yf_ZS=F_d5;30000;INTARIAN_PEPPER_ROOT;10984;16;10982;16;;;10990;19;10992;18;;;10987.0;0.0
yf_ZS=F_d5;30100;ASH_COATED_OSMIUM;9897;13;9894;14;;;9908;9;9912;16;;;9902.5;0.0
yf_ZS=F_d5;30100;INTARIAN_PEPPER_ROOT;10983;20;10979;19;;;10989;21;10992;27;;;10986.0;0.0
yf_ZS=F_d5;30200;ASH_COATED_OSMIUM;9896;11;9893;20;;;9909;16;9913;10;;;9902.5;0.0
yf_ZS=F_d5;30200;INTARIAN_PEPPER_ROOT;10983;10;10981;14;;;10989;11;10991;16;;;10986.0;0.0
yf_ZS=F_d5;30300;ASH_COATED_OSMIUM;9900;16;9897;16;;;9906;22;9908;14;;;9903.0;0.0
yf_ZS=F_d5;30300;INTARIAN_PEPPER_ROOT;10975;12;10973;19;;;10993;24;10995;14;;;10984.0;0.0
yf_ZS=F_d5;30400;ASH_COATED_OSMIUM;9891;19;9888;20;;;9912;9;9914;20;;;9901.5;0.0
yf_ZS=F_d5;30400;INTARIAN_PEPPER_ROOT;10976;15;10973;23;;;10990;16;10993;16;;;10983.0;0.0
yf_ZS=F_d5;30500;ASH_COATED_OSMIUM;9899;18;9896;13;;;9906;21;9908;16;;;9902.5;0.0
yf_ZS=F_d5;30500;INTARIAN_PEPPER_ROOT;10979;18;10977;31;;;10985;20;10988;24;;;10982.0;0.0
yf_ZS=F_d5;30600;ASH_COATED_OSMIUM;9899;25;9895;25;;;9906;8;9910;24;;;9902.5;0.0
yf_ZS=F_d5;30600;INTARIAN_PEPPER_ROOT;10978;6;10976;16;;;10984;15;10986;15;;;10981.0;0.0
yf_ZS=F_d5;30700;ASH_COATED_OSMIUM;9899;14;9897;24;;;9905;23;9908;23;;;9902.0;0.0
yf_ZS=F_d5;30700;INTARIAN_PEPPER_ROOT;10977;13;10975;24;;;10983;7;10985;15;;;10980.0;0.0
yf_ZS=F_d5;30800;ASH_COATED_OSMIUM;9899;12;9897;14;;;9905;12;9907;18;;;9902.0;0.0
yf_ZS=F_d5;30800;INTARIAN_PEPPER_ROOT;10966;17;10964;20;;;10990;21;10992;19;;;10978.0;0.0
yf_ZS=F_d5;30900;ASH_COATED_OSMIUM;9899;19;9895;26;;;9905;15;9907;25;;;9902.0;0.0
yf_ZS=F_d5;30900;INTARIAN_PEPPER_ROOT;10974;26;10972;26;;;10980;15;10984;15;;;10977.0;0.0
yf_ZS=F_d5;31000;ASH_COATED_OSMIUM;9894;16;9892;23;;;9910;5;9912;13;;;9902.0;0.0
yf_ZS=F_d5;31000;INTARIAN_PEPPER_ROOT;10973;19;10971;24;;;10979;10;10982;29;;;10976.0;0.0
yf_ZS=F_d5;31100;ASH_COATED_OSMIUM;9898;11;9894;18;;;9907;10;9910;23;;;9902.5;0.0
yf_ZS=F_d5;31100;INTARIAN_PEPPER_ROOT;10969;14;10965;17;;;10982;14;10985;15;;;10975.5;0.0
yf_ZS=F_d5;31200;ASH_COATED_OSMIUM;9899;8;9896;20;;;9907;15;9909;20;;;9903.0;0.0
yf_ZS=F_d5;31200;INTARIAN_PEPPER_ROOT;10971;12;10969;20;;;10977;17;10979;21;;;10974.0;0.0
yf_ZS=F_d5;31300;ASH_COATED_OSMIUM;9899;8;9897;11;;;9905;10;9909;16;;;9902.0;0.0
yf_ZS=F_d5;31300;INTARIAN_PEPPER_ROOT;10968;18;10964;25;;;10976;14;10980;20;;;10972.0;0.0
yf_ZS=F_d5;31400;ASH_COATED_OSMIUM;9893;14;9890;15;;;9911;12;9915;20;;;9902.0;0.0
yf_ZS=F_d5;31400;INTARIAN_PEPPER_ROOT;10968;19;10964;22;;;10974;10;10977;18;;;10971.0;0.0
yf_ZS=F_d5;31500;ASH_COATED_OSMIUM;9899;19;9896;18;;;9905;6;9908;22;;;9902.0;0.0
yf_ZS=F_d5;31500;INTARIAN_PEPPER_ROOT;10967;6;10965;15;;;10973;17;10975;14;;;10970.0;0.0
yf_ZS=F_d5;31600;ASH_COATED_OSMIUM;9899;13;9897;19;;;9905;14;9908;18;;;9902.0;0.0
yf_ZS=F_d5;31600;INTARIAN_PEPPER_ROOT;10963;7;10960;13;;;10976;14;10978;24;;;10969.5;0.0
yf_ZS=F_d5;31700;ASH_COATED_OSMIUM;9894;18;9892;15;;;9911;17;9915;26;;;9902.5;0.0
yf_ZS=F_d5;31700;INTARIAN_PEPPER_ROOT;10965;10;10963;17;;;10971;11;10974;18;;;10968.0;0.0
yf_ZS=F_d5;31800;ASH_COATED_OSMIUM;9899;11;9897;17;;;9905;5;9908;22;;;9902.0;0.0
yf_ZS=F_d5;31800;INTARIAN_PEPPER_ROOT;10961;20;10957;20;;;10974;13;10976;16;;;10967.5;0.0
yf_ZS=F_d5;31900;ASH_COATED_OSMIUM;9899;11;9897;21;;;9905;14;9909;21;;;9902.0;0.0
yf_ZS=F_d5;31900;INTARIAN_PEPPER_ROOT;10963;23;10961;24;;;10969;16;10972;21;;;10966.0;0.0
yf_ZS=F_d5;32000;ASH_COATED_OSMIUM;9899;12;9895;19;;;9905;7;9909;12;;;9902.0;0.0
yf_ZS=F_d5;32000;INTARIAN_PEPPER_ROOT;10962;13;10958;22;;;10968;14;10971;23;;;10965.0;0.0
yf_ZS=F_d5;32100;ASH_COATED_OSMIUM;9895;17;9892;24;;;9910;15;9912;23;;;9902.5;0.0
yf_ZS=F_d5;32100;INTARIAN_PEPPER_ROOT;10961;29;10959;20;;;10967;17;10970;25;;;10964.0;0.0
yf_ZS=F_d5;32200;ASH_COATED_OSMIUM;9899;15;9897;26;;;9905;17;9909;29;;;9902.0;0.0
yf_ZS=F_d5;32200;INTARIAN_PEPPER_ROOT;10960;20;10958;26;;;10966;17;10968;24;;;10963.0;0.0
yf_ZS=F_d5;32300;ASH_COATED_OSMIUM;9899;10;9895;13;;;9905;14;9909;22;;;9902.0;0.0
yf_ZS=F_d5;32300;INTARIAN_PEPPER_ROOT;10958;17;10956;10;;;10964;16;10966;18;;;10961.0;0.0
yf_ZS=F_d5;32400;ASH_COATED_OSMIUM;9900;19;9898;16;;;9906;18;9910;19;;;9903.0;0.0
yf_ZS=F_d5;32400;INTARIAN_PEPPER_ROOT;10957;16;10955;17;;;10963;10;10965;13;;;10960.0;0.0
yf_ZS=F_d5;32500;ASH_COATED_OSMIUM;9899;16;9896;24;;;9905;14;9909;17;;;9902.0;0.0
yf_ZS=F_d5;32500;INTARIAN_PEPPER_ROOT;10956;11;10952;20;;;10962;21;10966;20;;;10959.0;0.0
yf_ZS=F_d5;32600;ASH_COATED_OSMIUM;9899;17;9895;16;;;9905;22;9908;21;;;9902.0;0.0
yf_ZS=F_d5;32600;INTARIAN_PEPPER_ROOT;10955;14;10951;20;;;10961;11;10965;23;;;10958.0;0.0
yf_ZS=F_d5;32700;ASH_COATED_OSMIUM;9898;18;9896;9;;;9905;13;9907;27;;;9901.5;0.0
yf_ZS=F_d5;32700;INTARIAN_PEPPER_ROOT;10936;8;10934;26;;;10978;20;10981;16;;;10957.0;0.0
yf_ZS=F_d5;32800;ASH_COATED_OSMIUM;9900;18;9898;33;;;9906;12;9910;19;;;9903.0;0.0
yf_ZS=F_d5;32800;INTARIAN_PEPPER_ROOT;10953;12;10950;19;;;10959;13;10961;16;;;10956.0;0.0
yf_ZS=F_d5;32900;ASH_COATED_OSMIUM;9900;12;9898;32;;;9906;12;9909;20;;;9903.0;0.0
yf_ZS=F_d5;32900;INTARIAN_PEPPER_ROOT;10952;5;10950;16;;;10958;9;10961;20;;;10955.0;0.0
yf_ZS=F_d5;33000;ASH_COATED_OSMIUM;9899;14;9895;19;;;9905;11;9909;20;;;9902.0;0.0
yf_ZS=F_d5;33000;INTARIAN_PEPPER_ROOT;10943;15;10939;25;;;10963;17;10966;22;;;10953.0;0.0
yf_ZS=F_d5;33100;ASH_COATED_OSMIUM;9895;17;9891;25;;;9908;17;9912;24;;;9901.5;0.0
yf_ZS=F_d5;33100;INTARIAN_PEPPER_ROOT;10945;12;10942;14;;;10959;14;10961;22;;;10952.0;0.0
yf_ZS=F_d5;33200;ASH_COATED_OSMIUM;9899;15;9897;19;;;9905;11;9908;27;;;9902.0;0.0
yf_ZS=F_d5;33200;INTARIAN_PEPPER_ROOT;10947;8;10944;18;;;10955;18;10957;14;;;10951.0;0.0
yf_ZS=F_d5;33300;ASH_COATED_OSMIUM;9899;16;9897;21;;;9905;5;9909;21;;;9902.0;0.0
yf_ZS=F_d5;33300;INTARIAN_PEPPER_ROOT;10943;12;10940;26;;;10956;7;10959;19;;;10949.5;0.0
yf_ZS=F_d5;33400;ASH_COATED_OSMIUM;9899;18;9895;21;;;9905;17;9907;15;;;9902.0;0.0
yf_ZS=F_d5;33400;INTARIAN_PEPPER_ROOT;10946;12;10942;14;;;10952;5;10954;18;;;10949.0;0.0
yf_ZS=F_d5;33500;ASH_COATED_OSMIUM;9899;14;9895;9;;;9905;20;9908;19;;;9902.0;0.0
yf_ZS=F_d5;33500;INTARIAN_PEPPER_ROOT;10945;10;10943;19;;;10951;12;10954;20;;;10948.0;0.0
yf_ZS=F_d5;33600;ASH_COATED_OSMIUM;9899;10;9896;24;;;9905;14;9908;19;;;9902.0;0.0
yf_ZS=F_d5;33600;INTARIAN_PEPPER_ROOT;10943;15;10941;25;;;10949;21;10952;19;;;10946.0;0.0
yf_ZS=F_d5;33700;ASH_COATED_OSMIUM;9900;14;9896;16;;;9906;5;9910;15;;;9903.0;0.0
yf_ZS=F_d5;33700;INTARIAN_PEPPER_ROOT;10941;20;10939;22;;;10949;14;10952;16;;;10945.0;0.0
yf_ZS=F_d5;33800;ASH_COATED_OSMIUM;9899;12;9895;23;;;9905;19;9909;26;;;9902.0;0.0
yf_ZS=F_d5;33800;INTARIAN_PEPPER_ROOT;10941;13;10939;21;;;10947;11;10951;27;;;10944.0;0.0
yf_ZS=F_d5;33900;ASH_COATED_OSMIUM;9899;11;9895;27;;;9905;12;9909;13;;;9902.0;0.0
yf_ZS=F_d5;33900;INTARIAN_PEPPER_ROOT;10940;16;10937;9;;;10946;23;10949;18;;;10943.0;0.0
yf_ZS=F_d5;34000;ASH_COATED_OSMIUM;9899;20;9897;11;;;9905;21;9907;19;;;9902.0;0.0
yf_ZS=F_d5;34000;INTARIAN_PEPPER_ROOT;10935;12;10932;16;;;10946;10;10948;10;;;10940.5;0.0
yf_ZS=F_d5;34100;ASH_COATED_OSMIUM;9887;11;9885;28;;;9918;14;9921;21;;;9902.5;0.0
yf_ZS=F_d5;34100;INTARIAN_PEPPER_ROOT;10936;15;10932;12;;;10942;7;10946;15;;;10939.0;0.0
yf_ZS=F_d5;34200;ASH_COATED_OSMIUM;9896;20;9894;16;;;9909;16;9911;23;;;9902.5;0.0
yf_ZS=F_d5;34200;INTARIAN_PEPPER_ROOT;10931;10;10927;21;;;10943;17;10946;18;;;10937.0;0.0
yf_ZS=F_d5;34300;ASH_COATED_OSMIUM;9900;9;9897;16;;;9906;5;9909;23;;;9903.0;0.0
yf_ZS=F_d5;34300;INTARIAN_PEPPER_ROOT;10933;7;10931;15;;;10939;15;10941;25;;;10936.0;0.0
yf_ZS=F_d5;34400;ASH_COATED_OSMIUM;9898;17;9895;18;;;9907;17;9910;22;;;9902.5;0.0
yf_ZS=F_d5;34400;INTARIAN_PEPPER_ROOT;10928;12;10924;22;;;10939;5;10941;14;;;10933.5;0.0
yf_ZS=F_d5;34500;ASH_COATED_OSMIUM;9900;8;9898;25;;;9906;13;9908;19;;;9903.0;0.0
yf_ZS=F_d5;34500;INTARIAN_PEPPER_ROOT;10929;18;10926;24;;;10935;16;10939;16;;;10932.0;0.0
yf_ZS=F_d5;34600;ASH_COATED_OSMIUM;9899;17;9895;18;;;9905;5;9908;23;;;9902.0;0.0
yf_ZS=F_d5;34600;INTARIAN_PEPPER_ROOT;10927;14;10923;20;;;10934;11;10938;16;;;10930.5;0.0
yf_ZS=F_d5;34700;ASH_COATED_OSMIUM;9900;14;9896;18;;;9906;13;9910;22;;;9903.0;0.0
yf_ZS=F_d5;34700;INTARIAN_PEPPER_ROOT;10925;22;10921;14;;;10932;12;10935;24;;;10928.5;0.0
yf_ZS=F_d5;34800;ASH_COATED_OSMIUM;9899;10;9895;23;;;9905;22;9909;11;;;9902.0;0.0
yf_ZS=F_d5;34800;INTARIAN_PEPPER_ROOT;10923;6;10920;24;;;10929;10;10933;21;;;10926.0;0.0
yf_ZS=F_d5;34900;ASH_COATED_OSMIUM;9900;14;9898;16;;;9906;23;9908;22;;;9903.0;0.0
yf_ZS=F_d5;34900;INTARIAN_PEPPER_ROOT;10916;10;10913;23;;;10934;14;10938;13;;;10925.0;0.0
yf_ZS=F_d5;35000;ASH_COATED_OSMIUM;9898;13;9894;24;;;9907;13;9910;16;;;9902.5;0.0
yf_ZS=F_d5;35000;INTARIAN_PEPPER_ROOT;10919;16;10915;18;;;10926;19;10930;18;;;10922.5;0.0
yf_ZS=F_d5;35100;ASH_COATED_OSMIUM;9900;20;9896;13;;;9906;21;9910;27;;;9903.0;0.0
yf_ZS=F_d5;35100;INTARIAN_PEPPER_ROOT;10918;27;10914;8;;;10925;13;10928;23;;;10921.5;0.0
yf_ZS=F_d5;35200;ASH_COATED_OSMIUM;9900;18;9898;19;;;9906;13;9909;27;;;9903.0;0.0
yf_ZS=F_d5;35200;INTARIAN_PEPPER_ROOT;10912;12;10908;10;;;10927;11;10930;18;;;10919.5;0.0
yf_ZS=F_d5;35300;ASH_COATED_OSMIUM;9897;11;9893;15;;;9908;23;9910;21;;;9902.5;0.0
yf_ZS=F_d5;35300;INTARIAN_PEPPER_ROOT;10912;13;10908;15;;;10922;7;10924;20;;;10917.0;0.0
yf_ZS=F_d5;35400;ASH_COATED_OSMIUM;9899;15;9896;26;;;9906;15;9908;21;;;9902.5;0.0
yf_ZS=F_d5;35400;INTARIAN_PEPPER_ROOT;10912;14;10910;22;;;10918;15;10921;15;;;10915.0;0.0
yf_ZS=F_d5;35500;ASH_COATED_OSMIUM;9900;10;9898;14;;;9906;24;9910;21;;;9903.0;0.0
yf_ZS=F_d5;35500;INTARIAN_PEPPER_ROOT;10910;23;10907;22;;;10918;15;10921;14;;;10914.0;0.0
yf_ZS=F_d5;35600;ASH_COATED_OSMIUM;9896;5;9892;28;;;9909;5;9911;22;;;9902.5;0.0
yf_ZS=F_d5;35600;INTARIAN_PEPPER_ROOT;10909;24;10905;14;;;10915;12;10919;20;;;10912.0;0.0
yf_ZS=F_d5;35700;ASH_COATED_OSMIUM;9900;23;9898;18;;;9906;19;9908;16;;;9903.0;0.0
yf_ZS=F_d5;35700;INTARIAN_PEPPER_ROOT;10907;15;10905;24;;;10913;12;10916;16;;;10910.0;0.0
yf_ZS=F_d5;35800;ASH_COATED_OSMIUM;9893;5;9889;22;;;9913;5;9916;26;;;9903.0;0.0
yf_ZS=F_d5;35800;INTARIAN_PEPPER_ROOT;10905;19;10901;30;;;10912;15;10916;33;;;10908.5;0.0
yf_ZS=F_d5;35900;ASH_COATED_OSMIUM;9898;11;9896;24;;;9908;18;9911;26;;;9903.0;0.0
yf_ZS=F_d5;35900;INTARIAN_PEPPER_ROOT;10904;19;10900;22;;;10910;10;10914;24;;;10907.0;0.0
yf_ZS=F_d5;36000;ASH_COATED_OSMIUM;9900;17;9897;19;;;9906;11;9908;22;;;9903.0;0.0
yf_ZS=F_d5;36000;INTARIAN_PEPPER_ROOT;10888;17;10886;19;;;10920;10;10924;11;;;10904.0;0.0
yf_ZS=F_d5;36100;ASH_COATED_OSMIUM;9882;13;9878;23;;;9924;12;9928;18;;;9903.0;0.0
yf_ZS=F_d5;36100;INTARIAN_PEPPER_ROOT;10895;15;10892;17;;;10911;10;10914;18;;;10903.0;0.0
yf_ZS=F_d5;36200;ASH_COATED_OSMIUM;9891;16;9889;23;;;9915;16;9919;30;;;9903.0;0.0
yf_ZS=F_d5;36200;INTARIAN_PEPPER_ROOT;10881;15;10878;21;;;10921;11;10925;12;;;10901.0;0.0
yf_ZS=F_d5;36300;ASH_COATED_OSMIUM;9900;15;9898;31;;;9906;7;9908;29;;;9903.0;0.0
yf_ZS=F_d5;36300;INTARIAN_PEPPER_ROOT;10896;9;10892;21;;;10902;18;10904;12;;;10899.0;0.0
yf_ZS=F_d5;36400;ASH_COATED_OSMIUM;9900;16;9896;24;;;9906;20;9909;24;;;9903.0;0.0
yf_ZS=F_d5;36400;INTARIAN_PEPPER_ROOT;10891;21;10889;17;;;10903;15;10906;16;;;10897.0;0.0
yf_ZS=F_d5;36500;ASH_COATED_OSMIUM;9899;12;9895;19;;;9908;8;9911;19;;;9903.5;0.0
yf_ZS=F_d5;36500;INTARIAN_PEPPER_ROOT;10892;18;10889;9;;;10898;11;10901;24;;;10895.0;0.0
yf_ZS=F_d5;36600;ASH_COATED_OSMIUM;9900;16;9898;11;;;9906;11;9909;19;;;9903.0;0.0
yf_ZS=F_d5;36600;INTARIAN_PEPPER_ROOT;10885;14;10882;22;;;10903;18;10905;19;;;10894.0;0.0
yf_ZS=F_d5;36700;ASH_COATED_OSMIUM;9900;13;9896;24;;;9906;18;9908;15;;;9903.0;0.0
yf_ZS=F_d5;36700;INTARIAN_PEPPER_ROOT;10888;16;10886;25;;;10894;5;10897;17;;;10891.0;0.0
yf_ZS=F_d5;36800;ASH_COATED_OSMIUM;9900;28;9896;15;;;9906;7;9908;24;;;9903.0;0.0
yf_ZS=F_d5;36800;INTARIAN_PEPPER_ROOT;10882;13;10878;28;;;10897;10;10901;16;;;10889.5;0.0
yf_ZS=F_d5;36900;ASH_COATED_OSMIUM;9900;13;9897;24;;;9906;17;9908;19;;;9903.0;0.0
yf_ZS=F_d5;36900;INTARIAN_PEPPER_ROOT;10885;16;10881;18;;;10891;6;10893;14;;;10888.0;0.0
yf_ZS=F_d5;37000;ASH_COATED_OSMIUM;9900;10;9897;21;;;9907;13;9911;21;;;9903.5;0.0
yf_ZS=F_d5;37000;INTARIAN_PEPPER_ROOT;10880;14;10877;25;;;10891;28;10895;15;;;10885.5;0.0
yf_ZS=F_d5;37100;ASH_COATED_OSMIUM;9899;12;9896;23;;;9905;22;9908;15;;;9902.0;0.0
yf_ZS=F_d5;37100;INTARIAN_PEPPER_ROOT;10876;7;10872;24;;;10891;9;10895;20;;;10883.5;0.0
yf_ZS=F_d5;37200;ASH_COATED_OSMIUM;9900;17;9896;20;;;9906;22;9909;21;;;9903.0;0.0
yf_ZS=F_d5;37200;INTARIAN_PEPPER_ROOT;10873;11;10871;24;;;10891;9;10893;14;;;10882.0;0.0
yf_ZS=F_d5;37300;ASH_COATED_OSMIUM;9901;23;9899;20;;;9907;16;9911;12;;;9904.0;0.0
yf_ZS=F_d5;37300;INTARIAN_PEPPER_ROOT;10869;12;10866;23;;;10892;5;10895;26;;;10880.5;0.0
yf_ZS=F_d5;37400;ASH_COATED_OSMIUM;9901;9;9898;20;;;9907;13;9909;20;;;9904.0;0.0
yf_ZS=F_d5;37400;INTARIAN_PEPPER_ROOT;10876;16;10872;20;;;10882;15;10884;26;;;10879.0;0.0
yf_ZS=F_d5;37500;ASH_COATED_OSMIUM;9900;13;9898;24;;;9906;15;9909;17;;;9903.0;0.0
yf_ZS=F_d5;37500;INTARIAN_PEPPER_ROOT;10874;20;10871;18;;;10880;15;10882;13;;;10877.0;0.0
yf_ZS=F_d5;37600;ASH_COATED_OSMIUM;9900;16;9896;15;;;9906;16;9910;18;;;9903.0;0.0
yf_ZS=F_d5;37600;INTARIAN_PEPPER_ROOT;10867;13;10864;9;;;10884;20;10887;26;;;10875.5;0.0
yf_ZS=F_d5;37700;ASH_COATED_OSMIUM;9900;14;9897;16;;;9906;14;9910;16;;;9903.0;0.0
yf_ZS=F_d5;37700;INTARIAN_PEPPER_ROOT;10870;14;10868;20;;;10876;18;10879;25;;;10873.0;0.0
yf_ZS=F_d5;37800;ASH_COATED_OSMIUM;9900;16;9896;10;;;9908;13;9911;29;;;9904.0;0.0
yf_ZS=F_d5;37800;INTARIAN_PEPPER_ROOT;10868;15;10864;23;;;10875;17;10879;13;;;10871.5;0.0
yf_ZS=F_d5;37900;ASH_COATED_OSMIUM;9867;5;9865;17;;;9939;11;9941;17;;;9903.0;0.0
yf_ZS=F_d5;37900;INTARIAN_PEPPER_ROOT;10854;16;10852;21;;;10885;7;10889;17;;;10869.5;0.0
yf_ZS=F_d5;38000;ASH_COATED_OSMIUM;9900;16;9896;22;;;9906;14;9908;14;;;9903.0;0.0
yf_ZS=F_d5;38000;INTARIAN_PEPPER_ROOT;10855;9;10851;22;;;10880;16;10884;21;;;10867.5;0.0
yf_ZS=F_d5;38100;ASH_COATED_OSMIUM;9898;14;9896;10;;;9908;11;9912;23;;;9903.0;0.0
yf_ZS=F_d5;38100;INTARIAN_PEPPER_ROOT;10858;7;10856;11;;;10873;5;10876;18;;;10865.5;0.0
yf_ZS=F_d5;38200;ASH_COATED_OSMIUM;9898;13;9894;15;;;9908;8;9912;32;;;9903.0;0.0
yf_ZS=F_d5;38200;INTARIAN_PEPPER_ROOT;10861;13;10857;21;;;10867;15;10870;12;;;10864.0;0.0
yf_ZS=F_d5;38300;ASH_COATED_OSMIUM;9898;7;9896;18;;;9909;19;9913;18;;;9903.5;0.0
yf_ZS=F_d5;38300;INTARIAN_PEPPER_ROOT;10859;12;10855;16;;;10865;14;10867;25;;;10862.0;0.0
yf_ZS=F_d5;38400;ASH_COATED_OSMIUM;9901;12;9898;25;;;9907;17;9910;22;;;9904.0;0.0
yf_ZS=F_d5;38400;INTARIAN_PEPPER_ROOT;10853;24;10849;19;;;10868;10;10872;8;;;10860.5;0.0
yf_ZS=F_d5;38500;ASH_COATED_OSMIUM;9900;18;9897;30;;;9906;14;9910;20;;;9903.0;0.0
yf_ZS=F_d5;38500;INTARIAN_PEPPER_ROOT;10853;14;10849;23;;;10864;14;10866;32;;;10858.5;0.0
yf_ZS=F_d5;38600;ASH_COATED_OSMIUM;9900;19;9896;22;;;9906;7;9910;15;;;9903.0;0.0
yf_ZS=F_d5;38600;INTARIAN_PEPPER_ROOT;10854;14;10851;18;;;10860;7;10864;19;;;10857.0;0.0
yf_ZS=F_d5;38700;ASH_COATED_OSMIUM;9901;12;9898;15;;;9907;15;9909;20;;;9904.0;0.0
yf_ZS=F_d5;38700;INTARIAN_PEPPER_ROOT;10847;16;10845;22;;;10863;11;10866;25;;;10855.0;0.0
yf_ZS=F_d5;38800;ASH_COATED_OSMIUM;9896;15;9893;15;;;9911;5;9913;18;;;9903.5;0.0
yf_ZS=F_d5;38800;INTARIAN_PEPPER_ROOT;10844;16;10841;14;;;10862;5;10865;9;;;10853.0;0.0
yf_ZS=F_d5;38900;ASH_COATED_OSMIUM;9901;15;9897;27;;;9907;8;9911;26;;;9904.0;0.0
yf_ZS=F_d5;38900;INTARIAN_PEPPER_ROOT;10838;14;10834;28;;;10863;12;10867;23;;;10850.5;0.0
yf_ZS=F_d5;39000;ASH_COATED_OSMIUM;9901;5;9898;17;;;9907;16;9911;24;;;9904.0;0.0
yf_ZS=F_d5;39000;INTARIAN_PEPPER_ROOT;10843;20;10840;12;;;10856;8;10859;25;;;10849.5;0.0
yf_ZS=F_d5;39100;ASH_COATED_OSMIUM;9901;12;9897;18;;;9907;20;9910;18;;;9904.0;0.0
yf_ZS=F_d5;39100;INTARIAN_PEPPER_ROOT;10841;14;10837;13;;;10855;13;10858;15;;;10848.0;0.0
yf_ZS=F_d5;39200;ASH_COATED_OSMIUM;9900;18;9896;24;;;9907;8;9911;18;;;9903.5;0.0
yf_ZS=F_d5;39200;INTARIAN_PEPPER_ROOT;10842;28;10838;21;;;10850;27;10852;24;;;10846.0;0.0
yf_ZS=F_d5;39300;ASH_COATED_OSMIUM;9898;12;9896;16;;;9908;18;9910;19;;;9903.0;0.0
yf_ZS=F_d5;39300;INTARIAN_PEPPER_ROOT;10840;11;10838;32;;;10848;18;10851;16;;;10844.0;0.0
yf_ZS=F_d5;39400;ASH_COATED_OSMIUM;9900;10;9896;26;;;9908;15;9910;20;;;9904.0;0.0
yf_ZS=F_d5;39400;INTARIAN_PEPPER_ROOT;10839;5;10836;12;;;10845;14;10848;17;;;10842.0;0.0
yf_ZS=F_d5;39500;ASH_COATED_OSMIUM;9901;10;9897;12;;;9907;10;9911;21;;;9904.0;0.0
yf_ZS=F_d5;39500;INTARIAN_PEPPER_ROOT;10837;12;10834;24;;;10843;17;10847;10;;;10840.0;0.0
yf_ZS=F_d5;39600;ASH_COATED_OSMIUM;9898;9;9895;24;;;9909;12;9911;25;;;9903.5;0.0
yf_ZS=F_d5;39600;INTARIAN_PEPPER_ROOT;10836;8;10834;28;;;10842;12;10844;16;;;10839.0;0.0
yf_ZS=F_d5;39700;ASH_COATED_OSMIUM;9901;7;9898;30;;;9907;14;9909;11;;;9904.0;0.0
yf_ZS=F_d5;39700;INTARIAN_PEPPER_ROOT;10834;16;10832;16;;;10840;12;10844;15;;;10837.0;0.0
yf_ZS=F_d5;39800;ASH_COATED_OSMIUM;9901;12;9899;21;;;9907;16;9911;24;;;9904.0;0.0
yf_ZS=F_d5;39800;INTARIAN_PEPPER_ROOT;10832;18;10830;19;;;10838;5;10841;19;;;10835.0;0.0
yf_ZS=F_d5;39900;ASH_COATED_OSMIUM;9901;7;9897;18;;;9907;10;9910;21;;;9904.0;0.0
yf_ZS=F_d5;39900;INTARIAN_PEPPER_ROOT;10830;25;10827;18;;;10836;10;10839;21;;;10833.0;0.0
yf_ZS=F_d5;40000;ASH_COATED_OSMIUM;9901;8;9897;16;;;9907;16;9910;12;;;9904.0;0.0
yf_ZS=F_d5;40000;INTARIAN_PEPPER_ROOT;10823;14;10819;24;;;10841;22;10845;30;;;10832.0;0.0
yf_ZS=F_d5;40100;ASH_COATED_OSMIUM;9901;23;9899;22;;;9907;22;9910;22;;;9904.0;0.0
yf_ZS=F_d5;40100;INTARIAN_PEPPER_ROOT;10821;11;10817;18;;;10839;13;10843;28;;;10830.0;0.0
yf_ZS=F_d5;40200;ASH_COATED_OSMIUM;9900;13;9897;27;;;9906;11;9910;22;;;9903.0;0.0
yf_ZS=F_d5;40200;INTARIAN_PEPPER_ROOT;10824;10;10821;25;;;10830;19;10833;13;;;10827.0;0.0
yf_ZS=F_d5;40300;ASH_COATED_OSMIUM;9900;14;9898;14;;;9906;14;9909;18;;;9903.0;0.0
yf_ZS=F_d5;40300;INTARIAN_PEPPER_ROOT;10821;12;10818;28;;;10830;8;10832;18;;;10825.5;0.0
yf_ZS=F_d5;40400;ASH_COATED_OSMIUM;9901;15;9898;12;;;9907;20;9910;16;;;9904.0;0.0
yf_ZS=F_d5;40400;INTARIAN_PEPPER_ROOT;10819;15;10817;18;;;10829;20;10833;25;;;10824.0;0.0
yf_ZS=F_d5;40500;ASH_COATED_OSMIUM;9901;8;9898;22;;;9907;15;9909;20;;;9904.0;0.0
yf_ZS=F_d5;40500;INTARIAN_PEPPER_ROOT;10814;19;10810;19;;;10830;21;10834;28;;;10822.0;0.0
yf_ZS=F_d5;40600;ASH_COATED_OSMIUM;9897;11;9894;20;;;9911;12;9914;19;;;9904.0;0.0
yf_ZS=F_d5;40600;INTARIAN_PEPPER_ROOT;10817;6;10813;18;;;10823;12;10827;26;;;10820.0;0.0
yf_ZS=F_d5;40700;ASH_COATED_OSMIUM;9900;20;9898;23;;;9907;13;9909;18;;;9903.5;0.0
yf_ZS=F_d5;40700;INTARIAN_PEPPER_ROOT;10816;27;10813;22;;;10822;19;10826;31;;;10819.0;0.0
yf_ZS=F_d5;40800;ASH_COATED_OSMIUM;9901;15;9898;26;;;9907;17;9911;18;;;9904.0;0.0
yf_ZS=F_d5;40800;INTARIAN_PEPPER_ROOT;10811;17;10807;15;;;10822;19;10826;23;;;10816.5;0.0
yf_ZS=F_d5;40900;ASH_COATED_OSMIUM;9901;22;9897;27;;;9907;10;9910;20;;;9904.0;0.0
yf_ZS=F_d5;40900;INTARIAN_PEPPER_ROOT;10812;12;10809;23;;;10818;13;10820;16;;;10815.0;0.0
yf_ZS=F_d5;41000;ASH_COATED_OSMIUM;9902;11;9898;17;;;9908;11;9910;9;;;9905.0;0.0
yf_ZS=F_d5;41000;INTARIAN_PEPPER_ROOT;10807;16;10803;23;;;10818;12;10821;15;;;10812.5;0.0
yf_ZS=F_d5;41100;ASH_COATED_OSMIUM;9900;16;9897;15;;;9908;15;9912;24;;;9904.0;0.0
yf_ZS=F_d5;41100;INTARIAN_PEPPER_ROOT;10808;23;10804;16;;;10814;7;10816;15;;;10811.0;0.0
yf_ZS=F_d5;41200;ASH_COATED_OSMIUM;9900;17;9898;11;;;9906;25;9908;15;;;9903.0;0.0
yf_ZS=F_d5;41200;INTARIAN_PEPPER_ROOT;10795;17;10792;20;;;10823;5;10826;29;;;10809.0;0.0
yf_ZS=F_d5;41300;ASH_COATED_OSMIUM;9901;19;9899;9;;;9907;18;9909;10;;;9904.0;0.0
yf_ZS=F_d5;41300;INTARIAN_PEPPER_ROOT;10805;22;10801;13;;;10811;22;10813;23;;;10808.0;0.0
yf_ZS=F_d5;41400;ASH_COATED_OSMIUM;9898;10;9895;17;;;9910;15;9914;18;;;9904.0;0.0
yf_ZS=F_d5;41400;INTARIAN_PEPPER_ROOT;10794;14;10790;29;;;10816;9;10819;14;;;10805.0;0.0
yf_ZS=F_d5;41500;ASH_COATED_OSMIUM;9901;11;9899;28;;;9907;10;9909;17;;;9904.0;0.0
yf_ZS=F_d5;41500;INTARIAN_PEPPER_ROOT;10800;17;10797;13;;;10806;12;10808;24;;;10803.0;0.0
yf_ZS=F_d5;41600;ASH_COATED_OSMIUM;9901;7;9899;26;;;9908;15;9910;15;;;9904.5;0.0
yf_ZS=F_d5;41600;INTARIAN_PEPPER_ROOT;10797;10;10794;24;;;10806;10;10810;16;;;10801.5;0.0
yf_ZS=F_d5;41700;ASH_COATED_OSMIUM;9901;11;9899;25;;;9907;10;9910;22;;;9904.0;0.0
yf_ZS=F_d5;41700;INTARIAN_PEPPER_ROOT;10795;16;10791;19;;;10804;24;10807;19;;;10799.5;0.0
yf_ZS=F_d5;41800;ASH_COATED_OSMIUM;9899;23;9895;16;;;9908;17;9910;22;;;9903.5;0.0
yf_ZS=F_d5;41800;INTARIAN_PEPPER_ROOT;10794;12;10791;16;;;10802;7;10805;15;;;10798.0;0.0
yf_ZS=F_d5;41900;ASH_COATED_OSMIUM;9901;14;9899;18;;;9907;14;9911;21;;;9904.0;0.0
yf_ZS=F_d5;41900;INTARIAN_PEPPER_ROOT;10791;14;10788;18;;;10801;19;10803;30;;;10796.0;0.0
yf_ZS=F_d5;42000;ASH_COATED_OSMIUM;9902;13;9899;17;;;9908;19;9911;13;;;9905.0;0.0
yf_ZS=F_d5;42000;INTARIAN_PEPPER_ROOT;10791;12;10789;19;;;10799;9;10802;21;;;10795.0;0.0
yf_ZS=F_d5;42100;ASH_COATED_OSMIUM;9901;10;9899;24;;;9907;5;9909;20;;;9904.0;0.0
yf_ZS=F_d5;42100;INTARIAN_PEPPER_ROOT;10789;24;10785;21;;;10797;16;10801;19;;;10793.0;0.0
yf_ZS=F_d5;42200;ASH_COATED_OSMIUM;9901;11;9897;17;;;9907;15;9910;22;;;9904.0;0.0
yf_ZS=F_d5;42200;INTARIAN_PEPPER_ROOT;10788;14;10786;23;;;10794;9;10798;12;;;10791.0;0.0
yf_ZS=F_d5;42300;ASH_COATED_OSMIUM;9901;21;9899;10;;;9907;12;9910;21;;;9904.0;0.0
yf_ZS=F_d5;42300;INTARIAN_PEPPER_ROOT;10786;17;10782;26;;;10792;23;10795;24;;;10789.0;0.0
yf_ZS=F_d5;42400;ASH_COATED_OSMIUM;9901;6;9899;29;;;9907;16;9910;18;;;9904.0;0.0
yf_ZS=F_d5;42400;INTARIAN_PEPPER_ROOT;10780;17;10777;21;;;10795;15;10799;21;;;10787.5;0.0
yf_ZS=F_d5;42500;ASH_COATED_OSMIUM;9898;19;9895;9;;;9910;16;9912;13;;;9904.0;0.0
yf_ZS=F_d5;42500;INTARIAN_PEPPER_ROOT;10770;19;10766;22;;;10800;17;10802;21;;;10785.0;0.0
yf_ZS=F_d5;42600;ASH_COATED_OSMIUM;9897;13;9893;28;;;9911;8;9915;23;;;9904.0;0.0
yf_ZS=F_d5;42600;INTARIAN_PEPPER_ROOT;10779;15;10775;26;;;10788;5;10791;12;;;10783.5;0.0
yf_ZS=F_d5;42700;ASH_COATED_OSMIUM;9889;11;9885;25;;;9919;14;9921;29;;;9904.0;0.0
yf_ZS=F_d5;42700;INTARIAN_PEPPER_ROOT;10779;19;10777;12;;;10785;11;10788;17;;;10782.0;0.0
yf_ZS=F_d5;42800;ASH_COATED_OSMIUM;9901;13;9899;23;;;9907;22;9910;24;;;9904.0;0.0
yf_ZS=F_d5;42800;INTARIAN_PEPPER_ROOT;10777;17;10773;16;;;10783;13;10785;18;;;10780.0;0.0
yf_ZS=F_d5;42900;ASH_COATED_OSMIUM;9900;16;9897;15;;;9909;21;9913;25;;;9904.5;0.0
yf_ZS=F_d5;42900;INTARIAN_PEPPER_ROOT;10772;15;10768;17;;;10784;15;10786;10;;;10778.0;0.0
yf_ZS=F_d5;43000;ASH_COATED_OSMIUM;9902;14;9900;13;;;9908;21;9912;17;;;9905.0;0.0
yf_ZS=F_d5;43000;INTARIAN_PEPPER_ROOT;10741;20;10737;31;;;10811;22;10815;22;;;10776.0;0.0
yf_ZS=F_d5;43100;ASH_COATED_OSMIUM;9895;20;9893;21;;;9914;7;9918;15;;;9904.5;0.0
yf_ZS=F_d5;43100;INTARIAN_PEPPER_ROOT;10770;15;10766;27;;;10779;14;10783;19;;;10774.5;0.0
yf_ZS=F_d5;43200;ASH_COATED_OSMIUM;9895;18;9893;25;;;9914;15;9916;21;;;9904.5;0.0
yf_ZS=F_d5;43200;INTARIAN_PEPPER_ROOT;10770;19;10767;25;;;10776;14;10780;12;;;10773.0;0.0
yf_ZS=F_d5;43300;ASH_COATED_OSMIUM;9900;16;9897;11;;;9908;5;9910;21;;;9904.0;0.0
yf_ZS=F_d5;43300;INTARIAN_PEPPER_ROOT;10768;17;10766;21;;;10774;17;10777;16;;;10771.0;0.0
yf_ZS=F_d5;43400;ASH_COATED_OSMIUM;9898;20;9896;13;;;9911;13;9913;24;;;9904.5;0.0
yf_ZS=F_d5;43400;INTARIAN_PEPPER_ROOT;10767;19;10763;21;;;10773;15;10776;25;;;10770.0;0.0
yf_ZS=F_d5;43500;ASH_COATED_OSMIUM;9902;21;9900;24;;;9908;11;9912;18;;;9905.0;0.0
yf_ZS=F_d5;43500;INTARIAN_PEPPER_ROOT;10764;16;10762;16;;;10770;11;10773;15;;;10767.0;0.0
yf_ZS=F_d5;43600;ASH_COATED_OSMIUM;9901;17;9897;26;;;9908;19;9911;21;;;9904.5;0.0
yf_ZS=F_d5;43600;INTARIAN_PEPPER_ROOT;10762;28;10758;16;;;10768;21;10772;20;;;10765.0;0.0
yf_ZS=F_d5;43700;ASH_COATED_OSMIUM;9901;13;9898;26;;;9907;15;9910;18;;;9904.0;0.0
yf_ZS=F_d5;43700;INTARIAN_PEPPER_ROOT;10759;26;10756;9;;;10768;13;10770;30;;;10763.5;0.0
yf_ZS=F_d5;43800;ASH_COATED_OSMIUM;9901;15;9899;14;;;9907;9;9910;29;;;9904.0;0.0
yf_ZS=F_d5;43800;INTARIAN_PEPPER_ROOT;10759;20;10756;25;;;10765;15;10767;15;;;10762.0;0.0
yf_ZS=F_d5;43900;ASH_COATED_OSMIUM;9901;13;9899;15;;;9907;17;9911;29;;;9904.0;0.0
yf_ZS=F_d5;43900;INTARIAN_PEPPER_ROOT;10757;15;10753;17;;;10763;12;10766;18;;;10760.0;0.0
yf_ZS=F_d5;44000;ASH_COATED_OSMIUM;9901;8;9898;25;;;9907;11;9911;21;;;9904.0;0.0
yf_ZS=F_d5;44000;INTARIAN_PEPPER_ROOT;10747;8;10744;21;;;10767;10;10771;16;;;10757.0;0.0
yf_ZS=F_d5;44100;ASH_COATED_OSMIUM;9902;13;9898;25;;;9908;20;9910;25;;;9905.0;0.0
yf_ZS=F_d5;44100;INTARIAN_PEPPER_ROOT;10753;19;10750;20;;;10760;18;10763;14;;;10756.5;0.0
yf_ZS=F_d5;44200;ASH_COATED_OSMIUM;9901;16;9897;20;;;9907;12;9910;28;;;9904.0;0.0
yf_ZS=F_d5;44200;INTARIAN_PEPPER_ROOT;10745;10;10741;30;;;10762;12;10765;23;;;10753.5;0.0
yf_ZS=F_d5;44300;ASH_COATED_OSMIUM;9897;18;9894;12;;;9912;19;9914;18;;;9904.5;0.0
yf_ZS=F_d5;44300;INTARIAN_PEPPER_ROOT;10736;7;10734;14;;;10769;26;10773;16;;;10752.5;0.0
yf_ZS=F_d5;44400;ASH_COATED_OSMIUM;9901;9;9898;16;;;9909;10;9913;18;;;9905.0;0.0
yf_ZS=F_d5;44400;INTARIAN_PEPPER_ROOT;10743;25;10739;19;;;10758;11;10762;12;;;10750.5;0.0
yf_ZS=F_d5;44500;ASH_COATED_OSMIUM;9899;22;9896;10;;;9911;20;9914;29;;;9905.0;0.0
yf_ZS=F_d5;44500;INTARIAN_PEPPER_ROOT;10745;8;10743;8;;;10753;13;10756;18;;;10749.0;0.0
yf_ZS=F_d5;44600;ASH_COATED_OSMIUM;9901;12;9899;27;;;9907;12;9911;18;;;9904.0;0.0
yf_ZS=F_d5;44600;INTARIAN_PEPPER_ROOT;10743;22;10739;16;;;10750;19;10754;21;;;10746.5;0.0
yf_ZS=F_d5;44700;ASH_COATED_OSMIUM;9901;18;9899;21;;;9908;18;9910;11;;;9904.5;0.0
yf_ZS=F_d5;44700;INTARIAN_PEPPER_ROOT;10737;13;10734;19;;;10754;12;10758;20;;;10745.5;0.0
yf_ZS=F_d5;44800;ASH_COATED_OSMIUM;9901;10;9899;29;;;9907;5;9909;21;;;9904.0;0.0
yf_ZS=F_d5;44800;INTARIAN_PEPPER_ROOT;10741;16;10739;24;;;10747;15;10750;19;;;10744.0;0.0
yf_ZS=F_d5;44900;ASH_COATED_OSMIUM;9899;5;9897;16;;;9910;14;9914;19;;;9904.5;0.0
yf_ZS=F_d5;44900;INTARIAN_PEPPER_ROOT;10738;18;10735;15;;;10746;17;10750;11;;;10742.0;0.0
yf_ZS=F_d5;45000;ASH_COATED_OSMIUM;9901;17;9898;19;;;9907;22;9911;24;;;9904.0;0.0
yf_ZS=F_d5;45000;INTARIAN_PEPPER_ROOT;10729;11;10727;17;;;10750;12;10753;22;;;10739.5;0.0
yf_ZS=F_d5;45100;ASH_COATED_OSMIUM;9902;20;9898;24;;;9908;14;9910;15;;;9905.0;0.0
yf_ZS=F_d5;45100;INTARIAN_PEPPER_ROOT;10730;10;10727;18;;;10744;9;10746;25;;;10737.0;0.0
yf_ZS=F_d5;45200;ASH_COATED_OSMIUM;9894;15;9891;18;;;9915;14;9919;16;;;9904.5;0.0
yf_ZS=F_d5;45200;INTARIAN_PEPPER_ROOT;10707;7;10705;15;;;10766;11;10768;15;;;10736.5;0.0
yf_ZS=F_d5;45300;ASH_COATED_OSMIUM;9902;20;9898;28;;;9908;12;9912;17;;;9905.0;0.0
yf_ZS=F_d5;45300;INTARIAN_PEPPER_ROOT;10731;16;10728;22;;;10737;16;10741;22;;;10734.0;0.0
yf_ZS=F_d5;45400;ASH_COATED_OSMIUM;9901;8;9899;17;;;9909;11;9913;23;;;9905.0;0.0
yf_ZS=F_d5;45400;INTARIAN_PEPPER_ROOT;10727;19;10724;18;;;10738;7;10742;17;;;10732.5;0.0
yf_ZS=F_d5;45500;ASH_COATED_OSMIUM;9901;14;9898;20;;;9907;15;9911;19;;;9904.0;0.0
yf_ZS=F_d5;45500;INTARIAN_PEPPER_ROOT;10727;13;10724;19;;;10733;18;10735;10;;;10730.0;0.0
yf_ZS=F_d5;45600;ASH_COATED_OSMIUM;9901;13;9899;26;;;9910;14;9912;21;;;9905.5;0.0
yf_ZS=F_d5;45600;INTARIAN_PEPPER_ROOT;10720;18;10717;16;;;10736;19;10739;20;;;10728.0;0.0
yf_ZS=F_d5;45700;ASH_COATED_OSMIUM;9896;18;9894;16;;;9914;21;9916;14;;;9905.0;0.0
yf_ZS=F_d5;45700;INTARIAN_PEPPER_ROOT;10720;12;10716;23;;;10735;20;10739;14;;;10727.5;0.0
yf_ZS=F_d5;45800;ASH_COATED_OSMIUM;9892;21;9890;28;;;9917;15;9921;27;;;9904.5;0.0
yf_ZS=F_d5;45800;INTARIAN_PEPPER_ROOT;10720;16;10716;20;;;10729;15;10733;15;;;10724.5;0.0
yf_ZS=F_d5;45900;ASH_COATED_OSMIUM;9902;17;9900;24;;;9908;6;9910;16;;;9905.0;0.0
yf_ZS=F_d5;45900;INTARIAN_PEPPER_ROOT;10720;16;10718;13;;;10726;12;10730;21;;;10723.0;0.0
yf_ZS=F_d5;46000;ASH_COATED_OSMIUM;9896;15;9893;27;;;9914;17;9917;30;;;9905.0;0.0
yf_ZS=F_d5;46000;INTARIAN_PEPPER_ROOT;10719;19;10716;17;;;10725;13;10729;9;;;10722.0;0.0
yf_ZS=F_d5;46100;ASH_COATED_OSMIUM;9899;13;9896;12;;;9911;12;9913;20;;;9905.0;0.0
yf_ZS=F_d5;46100;INTARIAN_PEPPER_ROOT;10714;8;10711;20;;;10724;7;10727;21;;;10719.0;0.0
yf_ZS=F_d5;46200;ASH_COATED_OSMIUM;9900;14;9897;29;;;9910;15;9912;17;;;9905.0;0.0
yf_ZS=F_d5;46200;INTARIAN_PEPPER_ROOT;10715;9;10711;11;;;10721;17;10724;23;;;10718.0;0.0
yf_ZS=F_d5;46300;ASH_COATED_OSMIUM;9896;5;9892;24;;;9915;17;9917;23;;;9905.5;0.0
yf_ZS=F_d5;46300;INTARIAN_PEPPER_ROOT;10713;22;10709;19;;;10719;11;10723;24;;;10716.0;0.0
yf_ZS=F_d5;46400;ASH_COATED_OSMIUM;9892;16;9888;17;;;9919;12;9922;20;;;9905.5;0.0
yf_ZS=F_d5;46400;INTARIAN_PEPPER_ROOT;10711;12;10707;23;;;10717;11;10719;18;;;10714.0;0.0
yf_ZS=F_d5;46500;ASH_COATED_OSMIUM;9898;11;9896;15;;;9911;15;9914;22;;;9904.5;0.0
yf_ZS=F_d5;46500;INTARIAN_PEPPER_ROOT;10703;15;10701;21;;;10721;22;10725;13;;;10712.0;0.0
yf_ZS=F_d5;46600;ASH_COATED_OSMIUM;9903;10;9901;12;;;9909;19;9913;17;;;9906.0;0.0
yf_ZS=F_d5;46600;INTARIAN_PEPPER_ROOT;10706;18;10703;22;;;10713;11;10716;16;;;10709.5;0.0
yf_ZS=F_d5;46700;ASH_COATED_OSMIUM;9897;13;9894;17;;;9913;18;9917;18;;;9905.0;0.0
yf_ZS=F_d5;46700;INTARIAN_PEPPER_ROOT;10705;17;10702;18;;;10711;9;10715;27;;;10708.0;0.0
yf_ZS=F_d5;46800;ASH_COATED_OSMIUM;9903;11;9899;16;;;9909;12;9911;17;;;9906.0;0.0
yf_ZS=F_d5;46800;INTARIAN_PEPPER_ROOT;10703;13;10700;18;;;10709;8;10713;22;;;10706.0;0.0
yf_ZS=F_d5;46900;ASH_COATED_OSMIUM;9900;16;9897;18;;;9910;9;9912;19;;;9905.0;0.0
yf_ZS=F_d5;46900;INTARIAN_PEPPER_ROOT;10694;16;10690;17;;;10715;18;10719;29;;;10704.5;0.0
yf_ZS=F_d5;47000;ASH_COATED_OSMIUM;9902;11;9900;21;;;9908;11;9911;18;;;9905.0;0.0
yf_ZS=F_d5;47000;INTARIAN_PEPPER_ROOT;10699;14;10697;22;;;10705;13;10709;23;;;10702.0;0.0
yf_ZS=F_d5;47100;ASH_COATED_OSMIUM;9902;14;9898;21;;;9908;20;9910;19;;;9905.0;0.0
yf_ZS=F_d5;47100;INTARIAN_PEPPER_ROOT;10697;19;10694;8;;;10707;5;10709;23;;;10702.0;0.0
yf_ZS=F_d5;47200;ASH_COATED_OSMIUM;9903;16;9901;18;;;9909;19;9912;21;;;9906.0;0.0
yf_ZS=F_d5;47200;INTARIAN_PEPPER_ROOT;10696;9;10693;18;;;10702;16;10704;24;;;10699.0;0.0
yf_ZS=F_d5;47300;ASH_COATED_OSMIUM;9903;7;9901;16;;;9909;15;9911;22;;;9906.0;0.0
yf_ZS=F_d5;47300;INTARIAN_PEPPER_ROOT;10694;24;10692;8;;;10700;5;10704;17;;;10697.0;0.0
yf_ZS=F_d5;47400;ASH_COATED_OSMIUM;9902;14;9898;25;;;9908;24;9910;17;;;9905.0;0.0
yf_ZS=F_d5;47400;INTARIAN_PEPPER_ROOT;10692;18;10690;27;;;10698;15;10701;22;;;10695.0;0.0
yf_ZS=F_d5;47500;ASH_COATED_OSMIUM;9901;23;9897;9;;;9909;10;9912;28;;;9905.0;0.0
yf_ZS=F_d5;47500;INTARIAN_PEPPER_ROOT;10691;29;10687;22;;;10697;19;10699;11;;;10694.0;0.0
yf_ZS=F_d5;47600;ASH_COATED_OSMIUM;9898;17;9896;26;;;9911;18;9915;24;;;9904.5;0.0
yf_ZS=F_d5;47600;INTARIAN_PEPPER_ROOT;10682;22;10680;19;;;10702;14;10705;13;;;10692.0;0.0
yf_ZS=F_d5;47700;ASH_COATED_OSMIUM;9903;10;9899;23;;;9909;14;9912;24;;;9906.0;0.0
yf_ZS=F_d5;47700;INTARIAN_PEPPER_ROOT;10687;9;10683;25;;;10693;17;10695;23;;;10690.0;0.0
yf_ZS=F_d5;47800;ASH_COATED_OSMIUM;9902;20;9898;19;;;9908;16;9912;20;;;9905.0;0.0
yf_ZS=F_d5;47800;INTARIAN_PEPPER_ROOT;10679;16;10675;19;;;10697;12;10700;28;;;10688.0;0.0
yf_ZS=F_d5;47900;ASH_COATED_OSMIUM;9903;14;9900;19;;;9909;17;9911;16;;;9906.0;0.0
yf_ZS=F_d5;47900;INTARIAN_PEPPER_ROOT;10684;12;10681;25;;;10690;23;10694;13;;;10687.0;0.0
yf_ZS=F_d5;48000;ASH_COATED_OSMIUM;9896;12;9894;18;;;9914;6;9916;22;;;9905.0;0.0
yf_ZS=F_d5;48000;INTARIAN_PEPPER_ROOT;10681;20;10677;16;;;10688;5;10692;23;;;10684.5;0.0
yf_ZS=F_d5;48100;ASH_COATED_OSMIUM;9898;5;9894;10;;;9914;18;9916;25;;;9906.0;0.0
yf_ZS=F_d5;48100;INTARIAN_PEPPER_ROOT;10678;18;10674;21;;;10687;14;10691;22;;;10682.5;0.0
yf_ZS=F_d5;48200;ASH_COATED_OSMIUM;9898;20;9895;21;;;9914;12;9917;32;;;9906.0;0.0
yf_ZS=F_d5;48200;INTARIAN_PEPPER_ROOT;10677;17;10675;21;;;10683;23;10685;23;;;10680.0;0.0
yf_ZS=F_d5;48300;ASH_COATED_OSMIUM;9902;16;9900;18;;;9909;14;9913;13;;;9905.5;0.0
yf_ZS=F_d5;48300;INTARIAN_PEPPER_ROOT;10676;10;10672;17;;;10682;14;10685;21;;;10679.0;0.0
yf_ZS=F_d5;48400;ASH_COATED_OSMIUM;9901;16;9898;15;;;9910;13;9912;28;;;9905.5;0.0
yf_ZS=F_d5;48400;INTARIAN_PEPPER_ROOT;10670;18;10666;20;;;10684;19;10688;29;;;10677.0;0.0
yf_ZS=F_d5;48500;ASH_COATED_OSMIUM;9903;16;9900;20;;;9909;5;9912;13;;;9906.0;0.0
yf_ZS=F_d5;48500;INTARIAN_PEPPER_ROOT;10665;21;10661;15;;;10687;7;10691;15;;;10676.0;0.0
yf_ZS=F_d5;48600;ASH_COATED_OSMIUM;9902;14;9900;26;;;9908;18;9911;28;;;9905.0;0.0
yf_ZS=F_d5;48600;INTARIAN_PEPPER_ROOT;10669;11;10666;24;;;10679;20;10682;19;;;10674.0;0.0
yf_ZS=F_d5;48700;ASH_COATED_OSMIUM;9889;17;9886;18;;;9922;20;9925;13;;;9905.5;0.0
yf_ZS=F_d5;48700;INTARIAN_PEPPER_ROOT;10669;17;10666;23;;;10676;15;10680;19;;;10672.5;0.0
yf_ZS=F_d5;48800;ASH_COATED_OSMIUM;9903;16;9900;11;;;9909;20;9913;23;;;9906.0;0.0
yf_ZS=F_d5;48800;INTARIAN_PEPPER_ROOT;10667;10;10663;18;;;10673;8;10677;15;;;10670.0;0.0
yf_ZS=F_d5;48900;ASH_COATED_OSMIUM;9903;10;9899;12;;;9909;22;9913;17;;;9906.0;0.0
yf_ZS=F_d5;48900;INTARIAN_PEPPER_ROOT;10665;15;10661;21;;;10671;12;10675;21;;;10668.0;0.0
yf_ZS=F_d5;49000;ASH_COATED_OSMIUM;9903;7;9900;17;;;9909;22;9912;29;;;9906.0;0.0
yf_ZS=F_d5;49000;INTARIAN_PEPPER_ROOT;10664;19;10660;25;;;10670;10;10673;14;;;10667.0;0.0
yf_ZS=F_d5;49100;ASH_COATED_OSMIUM;9901;14;9898;16;;;9909;11;9911;22;;;9905.0;0.0
yf_ZS=F_d5;49100;INTARIAN_PEPPER_ROOT;10661;23;10659;27;;;10667;20;10671;20;;;10664.0;0.0
yf_ZS=F_d5;49200;ASH_COATED_OSMIUM;9887;19;9883;29;;;9925;16;9929;22;;;9906.0;0.0
yf_ZS=F_d5;49200;INTARIAN_PEPPER_ROOT;10656;10;10654;29;;;10670;5;10674;19;;;10663.0;0.0
yf_ZS=F_d5;49300;ASH_COATED_OSMIUM;9900;18;9898;13;;;9911;11;9914;23;;;9905.5;0.0
yf_ZS=F_d5;49300;INTARIAN_PEPPER_ROOT;10658;13;10656;18;;;10664;23;10666;16;;;10661.0;0.0
yf_ZS=F_d5;49400;ASH_COATED_OSMIUM;9903;13;9900;23;;;9909;15;9911;15;;;9906.0;0.0
yf_ZS=F_d5;49400;INTARIAN_PEPPER_ROOT;10656;13;10654;21;;;10662;15;10664;28;;;10659.0;0.0
yf_ZS=F_d5;49500;ASH_COATED_OSMIUM;9903;13;9901;18;;;9909;9;9913;20;;;9906.0;0.0
yf_ZS=F_d5;49500;INTARIAN_PEPPER_ROOT;10653;7;10649;26;;;10661;5;10664;25;;;10657.0;0.0
yf_ZS=F_d5;49600;ASH_COATED_OSMIUM;9903;21;9900;19;;;9909;6;9911;16;;;9906.0;0.0
yf_ZS=F_d5;49600;INTARIAN_PEPPER_ROOT;10652;6;10649;17;;;10658;14;10660;11;;;10655.0;0.0
yf_ZS=F_d5;49700;ASH_COATED_OSMIUM;9903;18;9899;19;;;9909;10;9911;18;;;9906.0;0.0
yf_ZS=F_d5;49700;INTARIAN_PEPPER_ROOT;10645;18;10641;20;;;10662;24;10666;21;;;10653.5;0.0
yf_ZS=F_d5;49800;ASH_COATED_OSMIUM;9902;29;9898;16;;;9908;20;9911;13;;;9905.0;0.0
yf_ZS=F_d5;49800;INTARIAN_PEPPER_ROOT;10647;14;10643;17;;;10656;15;10660;21;;;10651.5;0.0
yf_ZS=F_d5;49900;ASH_COATED_OSMIUM;9902;10;9898;26;;;9908;8;9911;24;;;9905.0;0.0
yf_ZS=F_d5;49900;INTARIAN_PEPPER_ROOT;10647;19;10644;9;;;10653;9;10657;25;;;10650.0;0.0
yf_ZS=F_d5;50000;ASH_COATED_OSMIUM;9903;11;9901;22;;;9910;17;9914;20;;;9906.5;0.0
yf_ZS=F_d5;50000;INTARIAN_PEPPER_ROOT;10645;15;10641;18;;;10651;19;10653;23;;;10648.0;0.0
yf_ZS=F_d5;50100;ASH_COATED_OSMIUM;9902;14;9898;15;;;9910;17;9912;23;;;9906.0;0.0
yf_ZS=F_d5;50100;INTARIAN_PEPPER_ROOT;10643;22;10641;21;;;10649;12;10653;24;;;10646.0;0.0
yf_ZS=F_d5;50200;ASH_COATED_OSMIUM;9903;12;9901;10;;;9909;14;9913;16;;;9906.0;0.0
yf_ZS=F_d5;50200;INTARIAN_PEPPER_ROOT;10641;17;10637;24;;;10647;6;10650;28;;;10644.0;0.0
yf_ZS=F_d5;50300;ASH_COATED_OSMIUM;9900;19;9896;19;;;9912;10;9914;19;;;9906.0;0.0
yf_ZS=F_d5;50300;INTARIAN_PEPPER_ROOT;10640;16;10636;23;;;10646;13;10650;15;;;10643.0;0.0
yf_ZS=F_d5;50400;ASH_COATED_OSMIUM;9903;18;9901;19;;;9909;16;9913;26;;;9906.0;0.0
yf_ZS=F_d5;50400;INTARIAN_PEPPER_ROOT;10637;12;10635;19;;;10645;24;10648;34;;;10641.0;0.0
yf_ZS=F_d5;50500;ASH_COATED_OSMIUM;9904;15;9902;18;;;9910;13;9912;19;;;9907.0;0.0
yf_ZS=F_d5;50500;INTARIAN_PEPPER_ROOT;10635;19;10631;19;;;10643;19;10646;21;;;10639.0;0.0
yf_ZS=F_d5;50600;ASH_COATED_OSMIUM;9899;20;9897;12;;;9914;13;9917;19;;;9906.5;0.0
yf_ZS=F_d5;50600;INTARIAN_PEPPER_ROOT;10634;19;10632;20;;;10641;16;10645;21;;;10637.5;0.0
yf_ZS=F_d5;50700;ASH_COATED_OSMIUM;9901;7;9897;13;;;9912;16;9915;15;;;9906.5;0.0
yf_ZS=F_d5;50700;INTARIAN_PEPPER_ROOT;10632;19;10628;17;;;10638;15;10642;30;;;10635.0;0.0
yf_ZS=F_d5;50800;ASH_COATED_OSMIUM;9903;16;9900;26;;;9909;16;9913;19;;;9906.0;0.0
yf_ZS=F_d5;50800;INTARIAN_PEPPER_ROOT;10630;10;10628;26;;;10636;10;10638;20;;;10633.0;0.0
yf_ZS=F_d5;50900;ASH_COATED_OSMIUM;9903;15;9900;21;;;9909;22;9911;17;;;9906.0;0.0
yf_ZS=F_d5;50900;INTARIAN_PEPPER_ROOT;10630;8;10626;18;;;10636;11;10639;24;;;10633.0;0.0
yf_ZS=F_d5;51000;ASH_COATED_OSMIUM;9903;13;9901;25;;;9909;15;9911;13;;;9906.0;0.0
yf_ZS=F_d5;51000;INTARIAN_PEPPER_ROOT;10631;13;10627;33;;;10637;14;10641;19;;;10634.0;0.0
yf_ZS=F_d5;51100;ASH_COATED_OSMIUM;9894;13;9892;9;;;9919;11;9923;16;;;9906.5;0.0
yf_ZS=F_d5;51100;INTARIAN_PEPPER_ROOT;10631;22;10627;20;;;10637;16;10639;15;;;10634.0;0.0
yf_ZS=F_d5;51200;ASH_COATED_OSMIUM;9903;16;9899;16;;;9909;25;9913;19;;;9906.0;0.0
yf_ZS=F_d5;51200;INTARIAN_PEPPER_ROOT;10632;19;10628;8;;;10638;12;10641;11;;;10635.0;0.0
yf_ZS=F_d5;51300;ASH_COATED_OSMIUM;9902;18;9899;17;;;9910;13;9914;16;;;9906.0;0.0
yf_ZS=F_d5;51300;INTARIAN_PEPPER_ROOT;10634;5;10632;25;;;10640;15;10644;20;;;10637.0;0.0
yf_ZS=F_d5;51400;ASH_COATED_OSMIUM;9886;17;9884;27;;;9927;12;9931;18;;;9906.5;0.0
yf_ZS=F_d5;51400;INTARIAN_PEPPER_ROOT;10631;21;10627;20;;;10644;16;10647;31;;;10637.5;0.0
yf_ZS=F_d5;51500;ASH_COATED_OSMIUM;9903;18;9899;27;;;9909;11;9913;19;;;9906.0;0.0
yf_ZS=F_d5;51500;INTARIAN_PEPPER_ROOT;10621;14;10619;11;;;10653;18;10657;23;;;10637.0;0.0
yf_ZS=F_d5;51600;ASH_COATED_OSMIUM;9903;21;9899;25;;;9909;17;9913;16;;;9906.0;0.0
yf_ZS=F_d5;51600;INTARIAN_PEPPER_ROOT;10636;12;10632;15;;;10642;8;10646;16;;;10639.0;0.0
yf_ZS=F_d5;51700;ASH_COATED_OSMIUM;9903;17;9901;23;;;9909;12;9911;14;;;9906.0;0.0
yf_ZS=F_d5;51700;INTARIAN_PEPPER_ROOT;10633;7;10630;17;;;10647;13;10649;19;;;10640.0;0.0
yf_ZS=F_d5;51800;ASH_COATED_OSMIUM;9903;15;9900;14;;;9909;17;9911;23;;;9906.0;0.0
yf_ZS=F_d5;51800;INTARIAN_PEPPER_ROOT;10637;12;10634;23;;;10643;10;10647;17;;;10640.0;0.0
yf_ZS=F_d5;51900;ASH_COATED_OSMIUM;9900;14;9897;13;;;9911;12;9915;20;;;9905.5;0.0
yf_ZS=F_d5;51900;INTARIAN_PEPPER_ROOT;10638;5;10635;21;;;10644;30;10646;19;;;10641.0;0.0
yf_ZS=F_d5;52000;ASH_COATED_OSMIUM;9903;13;9901;24;;;9909;17;9911;20;;;9906.0;0.0
yf_ZS=F_d5;52000;INTARIAN_PEPPER_ROOT;10639;12;10637;24;;;10645;13;10648;21;;;10642.0;0.0
yf_ZS=F_d5;52100;ASH_COATED_OSMIUM;9902;15;9898;21;;;9912;16;9914;19;;;9907.0;0.0
yf_ZS=F_d5;52100;INTARIAN_PEPPER_ROOT;10635;16;10633;19;;;10651;10;10653;18;;;10643.0;0.0
yf_ZS=F_d5;52200;ASH_COATED_OSMIUM;9903;15;9901;16;;;9909;12;9911;20;;;9906.0;0.0
yf_ZS=F_d5;52200;INTARIAN_PEPPER_ROOT;10639;17;10635;18;;;10649;5;10653;18;;;10644.0;0.0
yf_ZS=F_d5;52300;ASH_COATED_OSMIUM;9904;18;9902;28;;;9910;11;9912;18;;;9907.0;0.0
yf_ZS=F_d5;52300;INTARIAN_PEPPER_ROOT;10639;13;10636;22;;;10651;8;10654;16;;;10645.0;0.0
yf_ZS=F_d5;52400;ASH_COATED_OSMIUM;9904;7;9902;15;;;9910;16;9913;18;;;9907.0;0.0
yf_ZS=F_d5;52400;INTARIAN_PEPPER_ROOT;10641;26;10639;21;;;10650;12;10653;26;;;10645.5;0.0
yf_ZS=F_d5;52500;ASH_COATED_OSMIUM;9901;16;9897;21;;;9911;15;9915;18;;;9906.0;0.0
yf_ZS=F_d5;52500;INTARIAN_PEPPER_ROOT;10643;18;10641;17;;;10649;16;10652;19;;;10646.0;0.0
yf_ZS=F_d5;52600;ASH_COATED_OSMIUM;9904;16;9900;25;;;9910;11;9913;16;;;9907.0;0.0
yf_ZS=F_d5;52600;INTARIAN_PEPPER_ROOT;10644;30;10642;22;;;10650;12;10654;11;;;10647.0;0.0
yf_ZS=F_d5;52700;ASH_COATED_OSMIUM;9901;13;9897;24;;;9912;6;9914;13;;;9906.5;0.0
yf_ZS=F_d5;52700;INTARIAN_PEPPER_ROOT;10645;18;10643;20;;;10651;12;10655;15;;;10648.0;0.0
yf_ZS=F_d5;52800;ASH_COATED_OSMIUM;9904;15;9902;20;;;9910;14;9914;11;;;9907.0;0.0
yf_ZS=F_d5;52800;INTARIAN_PEPPER_ROOT;10646;10;10642;22;;;10652;17;10654;27;;;10649.0;0.0
yf_ZS=F_d5;52900;ASH_COATED_OSMIUM;9904;10;9902;30;;;9910;9;9914;16;;;9907.0;0.0
yf_ZS=F_d5;52900;INTARIAN_PEPPER_ROOT;10647;14;10645;22;;;10653;8;10656;18;;;10650.0;0.0
yf_ZS=F_d5;53000;ASH_COATED_OSMIUM;9897;18;9895;28;;;9915;25;9917;24;;;9906.0;0.0
yf_ZS=F_d5;53000;INTARIAN_PEPPER_ROOT;10642;10;10640;16;;;10660;19;10662;13;;;10651.0;0.0
yf_ZS=F_d5;53100;ASH_COATED_OSMIUM;9891;26;9888;15;;;9922;14;9924;19;;;9906.5;0.0
yf_ZS=F_d5;53100;INTARIAN_PEPPER_ROOT;10649;8;10646;11;;;10655;21;10658;24;;;10652.0;0.0
yf_ZS=F_d5;53200;ASH_COATED_OSMIUM;9904;16;9900;11;;;9910;19;9914;21;;;9907.0;0.0
yf_ZS=F_d5;53200;INTARIAN_PEPPER_ROOT;10649;20;10647;20;;;10655;19;10658;20;;;10652.0;0.0
yf_ZS=F_d5;53300;ASH_COATED_OSMIUM;9903;16;9900;20;;;9909;13;9911;20;;;9906.0;0.0
yf_ZS=F_d5;53300;INTARIAN_PEPPER_ROOT;10636;19;10634;21;;;10671;9;10673;16;;;10653.5;0.0
yf_ZS=F_d5;53400;ASH_COATED_OSMIUM;9903;18;9899;18;;;9911;21;9913;18;;;9907.0;0.0
yf_ZS=F_d5;53400;INTARIAN_PEPPER_ROOT;10648;15;10646;13;;;10659;12;10662;15;;;10653.5;0.0
yf_ZS=F_d5;53500;ASH_COATED_OSMIUM;9900;19;9897;29;;;9915;14;9918;12;;;9907.5;0.0
yf_ZS=F_d5;53500;INTARIAN_PEPPER_ROOT;10644;7;10641;26;;;10663;12;10665;24;;;10653.5;0.0
yf_ZS=F_d5;53600;ASH_COATED_OSMIUM;9897;19;9895;15;;;9916;15;9919;19;;;9906.5;0.0
yf_ZS=F_d5;53600;INTARIAN_PEPPER_ROOT;10652;14;10648;20;;;10658;17;10661;21;;;10655.0;0.0
yf_ZS=F_d5;53700;ASH_COATED_OSMIUM;9904;7;9901;18;;;9910;19;9912;21;;;9907.0;0.0
yf_ZS=F_d5;53700;INTARIAN_PEPPER_ROOT;10649;10;10647;17;;;10662;10;10665;17;;;10655.5;0.0
yf_ZS=F_d5;53800;ASH_COATED_OSMIUM;9904;5;9902;22;;;9910;17;9912;26;;;9907.0;0.0
yf_ZS=F_d5;53800;INTARIAN_PEPPER_ROOT;10654;5;10651;20;;;10660;16;10664;22;;;10657.0;0.0
yf_ZS=F_d5;53900;ASH_COATED_OSMIUM;9897;17;9893;21;;;9917;16;9921;17;;;9907.0;0.0
yf_ZS=F_d5;53900;INTARIAN_PEPPER_ROOT;10655;24;10651;19;;;10661;17;10663;16;;;10658.0;0.0
yf_ZS=F_d5;54000;ASH_COATED_OSMIUM;9902;15;9900;20;;;9911;15;9914;28;;;9906.5;0.0
yf_ZS=F_d5;54000;INTARIAN_PEPPER_ROOT;10655;23;10651;27;;;10662;13;10664;20;;;10658.5;0.0
yf_ZS=F_d5;54100;ASH_COATED_OSMIUM;9904;6;9900;24;;;9910;23;9912;17;;;9907.0;0.0
yf_ZS=F_d5;54100;INTARIAN_PEPPER_ROOT;10652;12;10648;24;;;10667;9;10669;24;;;10659.5;0.0
yf_ZS=F_d5;54200;ASH_COATED_OSMIUM;9904;8;9901;24;;;9910;10;9914;19;;;9907.0;0.0
yf_ZS=F_d5;54200;INTARIAN_PEPPER_ROOT;10657;28;10654;27;;;10663;17;10666;23;;;10660.0;0.0
yf_ZS=F_d5;54300;ASH_COATED_OSMIUM;9904;18;9902;15;;;9910;16;9913;23;;;9907.0;0.0
yf_ZS=F_d5;54300;INTARIAN_PEPPER_ROOT;10658;7;10656;21;;;10664;15;10667;18;;;10661.0;0.0
yf_ZS=F_d5;54400;ASH_COATED_OSMIUM;9900;10;9897;24;;;9914;16;9916;28;;;9907.0;0.0
yf_ZS=F_d5;54400;INTARIAN_PEPPER_ROOT;10657;14;10655;20;;;10667;5;10670;8;;;10662.0;0.0
yf_ZS=F_d5;54500;ASH_COATED_OSMIUM;9902;13;9898;16;;;9912;18;9914;21;;;9907.0;0.0
yf_ZS=F_d5;54500;INTARIAN_PEPPER_ROOT;10659;9;10657;17;;;10665;12;10669;15;;;10662.0;0.0
yf_ZS=F_d5;54600;ASH_COATED_OSMIUM;9904;19;9901;16;;;9910;19;9914;26;;;9907.0;0.0
yf_ZS=F_d5;54600;INTARIAN_PEPPER_ROOT;10661;9;10657;12;;;10667;12;10671;27;;;10664.0;0.0
yf_ZS=F_d5;54700;ASH_COATED_OSMIUM;9903;19;9900;17;;;9912;19;9914;23;;;9907.5;0.0
yf_ZS=F_d5;54700;INTARIAN_PEPPER_ROOT;10661;10;10659;19;;;10669;14;10671;15;;;10665.0;0.0
yf_ZS=F_d5;54800;ASH_COATED_OSMIUM;9902;18;9899;23;;;9913;16;9916;21;;;9907.5;0.0
yf_ZS=F_d5;54800;INTARIAN_PEPPER_ROOT;10662;16;10660;14;;;10668;17;10670;21;;;10665.0;0.0
yf_ZS=F_d5;54900;ASH_COATED_OSMIUM;9904;12;9902;19;;;9910;10;9914;14;;;9907.0;0.0
yf_ZS=F_d5;54900;INTARIAN_PEPPER_ROOT;10663;14;10660;23;;;10669;13;10671;18;;;10666.0;0.0
yf_ZS=F_d5;55000;ASH_COATED_OSMIUM;9899;19;9895;18;;;9916;15;9918;8;;;9907.5;0.0
yf_ZS=F_d5;55000;INTARIAN_PEPPER_ROOT;10664;9;10660;18;;;10670;19;10672;17;;;10667.0;0.0
yf_ZS=F_d5;55100;ASH_COATED_OSMIUM;9900;15;9897;12;;;9914;20;9916;21;;;9907.0;0.0
yf_ZS=F_d5;55100;INTARIAN_PEPPER_ROOT;10664;25;10661;18;;;10670;10;10672;23;;;10667.0;0.0
yf_ZS=F_d5;55200;ASH_COATED_OSMIUM;9904;19;9902;18;;;9910;12;9914;17;;;9907.0;0.0
yf_ZS=F_d5;55200;INTARIAN_PEPPER_ROOT;10665;20;10661;19;;;10673;6;10677;22;;;10669.0;0.0
yf_ZS=F_d5;55300;ASH_COATED_OSMIUM;9904;16;9901;11;;;9910;11;9912;33;;;9907.0;0.0
yf_ZS=F_d5;55300;INTARIAN_PEPPER_ROOT;10666;11;10663;24;;;10672;12;10676;29;;;10669.0;0.0
yf_ZS=F_d5;55400;ASH_COATED_OSMIUM;9904;10;9901;23;;;9910;19;9914;16;;;9907.0;0.0
yf_ZS=F_d5;55400;INTARIAN_PEPPER_ROOT;10667;9;10664;14;;;10673;10;10675;8;;;10670.0;0.0
yf_ZS=F_d5;55500;ASH_COATED_OSMIUM;9902;19;9898;12;;;9911;11;9915;19;;;9906.5;0.0
yf_ZS=F_d5;55500;INTARIAN_PEPPER_ROOT;10660;19;10658;17;;;10681;17;10683;15;;;10670.5;0.0
yf_ZS=F_d5;55600;ASH_COATED_OSMIUM;9903;13;9901;29;;;9909;21;9912;21;;;9906.0;0.0
yf_ZS=F_d5;55600;INTARIAN_PEPPER_ROOT;10664;10;10662;29;;;10679;16;10682;23;;;10671.5;0.0
yf_ZS=F_d5;55700;ASH_COATED_OSMIUM;9904;15;9902;13;;;9910;10;9913;23;;;9907.0;0.0
yf_ZS=F_d5;55700;INTARIAN_PEPPER_ROOT;10670;23;10666;28;;;10676;5;10678;12;;;10673.0;0.0
yf_ZS=F_d5;55800;ASH_COATED_OSMIUM;9904;12;9900;12;;;9910;8;9912;21;;;9907.0;0.0
yf_ZS=F_d5;55800;INTARIAN_PEPPER_ROOT;10660;20;10658;19;;;10687;12;10689;23;;;10673.5;0.0
yf_ZS=F_d5;55900;ASH_COATED_OSMIUM;9904;21;9902;13;;;9910;21;9913;17;;;9907.0;0.0
yf_ZS=F_d5;55900;INTARIAN_PEPPER_ROOT;10668;9;10665;28;;;10681;14;10684;17;;;10674.5;0.0
yf_ZS=F_d5;56000;ASH_COATED_OSMIUM;9904;25;9901;17;;;9910;15;9912;12;;;9907.0;0.0
yf_ZS=F_d5;56000;INTARIAN_PEPPER_ROOT;10672;12;10670;27;;;10678;12;10680;18;;;10675.0;0.0
yf_ZS=F_d5;56100;ASH_COATED_OSMIUM;9890;15;9888;18;;;9925;16;9927;13;;;9907.5;0.0
yf_ZS=F_d5;56100;INTARIAN_PEPPER_ROOT;10673;13;10669;22;;;10679;10;10681;23;;;10676.0;0.0
yf_ZS=F_d5;56200;ASH_COATED_OSMIUM;9905;13;9901;20;;;9911;13;9913;15;;;9908.0;0.0
yf_ZS=F_d5;56200;INTARIAN_PEPPER_ROOT;10673;21;10670;23;;;10679;12;10681;13;;;10676.0;0.0
yf_ZS=F_d5;56300;ASH_COATED_OSMIUM;9904;7;9902;19;;;9910;10;9914;31;;;9907.0;0.0
yf_ZS=F_d5;56300;INTARIAN_PEPPER_ROOT;10675;10;10673;19;;;10681;19;10684;17;;;10678.0;0.0
yf_ZS=F_d5;56400;ASH_COATED_OSMIUM;9905;16;9901;21;;;9911;13;9915;18;;;9908.0;0.0
yf_ZS=F_d5;56400;INTARIAN_PEPPER_ROOT;10675;12;10672;24;;;10681;16;10683;18;;;10678.0;0.0
yf_ZS=F_d5;56500;ASH_COATED_OSMIUM;9901;20;9898;12;;;9914;15;9916;15;;;9907.5;0.0
yf_ZS=F_d5;56500;INTARIAN_PEPPER_ROOT;10676;9;10673;20;;;10682;9;10684;23;;;10679.0;0.0
yf_ZS=F_d5;56600;ASH_COATED_OSMIUM;9904;17;9901;14;;;9910;21;9914;24;;;9907.0;0.0
yf_ZS=F_d5;56600;INTARIAN_PEPPER_ROOT;10676;9;10672;13;;;10683;22;10687;21;;;10679.5;0.0
yf_ZS=F_d5;56700;ASH_COATED_OSMIUM;9903;16;9900;14;;;9912;10;9915;15;;;9907.5;0.0
yf_ZS=F_d5;56700;INTARIAN_PEPPER_ROOT;10677;20;10673;23;;;10683;20;10687;24;;;10680.0;0.0
yf_ZS=F_d5;56800;ASH_COATED_OSMIUM;9904;9;9901;19;;;9910;11;9913;25;;;9907.0;0.0
yf_ZS=F_d5;56800;INTARIAN_PEPPER_ROOT;10676;10;10672;15;;;10687;17;10690;27;;;10681.5;0.0
yf_ZS=F_d5;56900;ASH_COATED_OSMIUM;9904;22;9901;18;;;9910;14;9912;25;;;9907.0;0.0
yf_ZS=F_d5;56900;INTARIAN_PEPPER_ROOT;10674;8;10672;24;;;10691;15;10695;19;;;10682.5;0.0
yf_ZS=F_d5;57000;ASH_COATED_OSMIUM;9882;16;9879;19;;;9933;5;9937;24;;;9907.5;0.0
yf_ZS=F_d5;57000;INTARIAN_PEPPER_ROOT;10670;14;10668;21;;;10698;22;10700;29;;;10684.0;0.0
yf_ZS=F_d5;57100;ASH_COATED_OSMIUM;9904;15;9901;15;;;9910;11;9913;11;;;9907.0;0.0
yf_ZS=F_d5;57100;INTARIAN_PEPPER_ROOT;10681;19;10677;22;;;10687;12;10689;14;;;10684.0;0.0
yf_ZS=F_d5;57200;ASH_COATED_OSMIUM;9905;11;9903;17;;;9911;16;9914;19;;;9908.0;0.0
yf_ZS=F_d5;57200;INTARIAN_PEPPER_ROOT;10682;17;10679;19;;;10688;25;10692;18;;;10685.0;0.0
yf_ZS=F_d5;57300;ASH_COATED_OSMIUM;9905;14;9901;17;;;9911;16;9914;19;;;9908.0;0.0
yf_ZS=F_d5;57300;INTARIAN_PEPPER_ROOT;10683;14;10679;21;;;10689;25;10693;32;;;10686.0;0.0
yf_ZS=F_d5;57400;ASH_COATED_OSMIUM;9900;21;9896;19;;;9916;21;9920;23;;;9908.0;0.0
yf_ZS=F_d5;57400;INTARIAN_PEPPER_ROOT;10675;19;10673;22;;;10699;20;10703;21;;;10687.0;0.0
yf_ZS=F_d5;57500;ASH_COATED_OSMIUM;9904;21;9900;16;;;9910;14;9912;20;;;9907.0;0.0
yf_ZS=F_d5;57500;INTARIAN_PEPPER_ROOT;10684;21;10682;18;;;10691;5;10694;16;;;10687.5;0.0
yf_ZS=F_d5;57600;ASH_COATED_OSMIUM;9899;13;9896;30;;;9917;10;9920;23;;;9908.0;0.0
yf_ZS=F_d5;57600;INTARIAN_PEPPER_ROOT;10686;5;10684;29;;;10692;9;10696;17;;;10689.0;0.0
yf_ZS=F_d5;57700;ASH_COATED_OSMIUM;9903;23;9901;14;;;9912;16;9915;19;;;9907.5;0.0
yf_ZS=F_d5;57700;INTARIAN_PEPPER_ROOT;10686;10;10682;17;;;10692;19;10694;17;;;10689.0;0.0
yf_ZS=F_d5;57800;ASH_COATED_OSMIUM;9904;21;9902;23;;;9910;7;9914;17;;;9907.0;0.0
yf_ZS=F_d5;57800;INTARIAN_PEPPER_ROOT;10687;16;10683;13;;;10693;12;10697;25;;;10690.0;0.0
yf_ZS=F_d5;57900;ASH_COATED_OSMIUM;9905;14;9903;12;;;9911;15;9913;18;;;9908.0;0.0
yf_ZS=F_d5;57900;INTARIAN_PEPPER_ROOT;10687;17;10685;17;;;10693;10;10697;24;;;10690.0;0.0
yf_ZS=F_d5;58000;ASH_COATED_OSMIUM;9905;13;9901;32;;;9911;8;9915;23;;;9908.0;0.0
yf_ZS=F_d5;58000;INTARIAN_PEPPER_ROOT;10689;18;10685;18;;;10695;15;10699;20;;;10692.0;0.0
yf_ZS=F_d5;58100;ASH_COATED_OSMIUM;9905;6;9902;19;;;9911;20;9914;25;;;9908.0;0.0
yf_ZS=F_d5;58100;INTARIAN_PEPPER_ROOT;10688;18;10686;24;;;10696;17;10700;18;;;10692.0;0.0
yf_ZS=F_d5;58200;ASH_COATED_OSMIUM;9904;6;9901;14;;;9910;18;9913;11;;;9907.0;0.0
yf_ZS=F_d5;58200;INTARIAN_PEPPER_ROOT;10691;15;10687;17;;;10697;21;10701;19;;;10694.0;0.0
yf_ZS=F_d5;58300;ASH_COATED_OSMIUM;9905;13;9902;24;;;9911;12;9915;20;;;9908.0;0.0
