day;timestamp;product;bid_price_1;bid_volume_1;bid_price_2;bid_volume_2;bid_price_3;bid_volume_3;ask_price_1;ask_volume_1;ask_price_2;ask_volume_2;ask_price_3;ask_volume_3;mid_price;profit_and_loss
yf_BGS_d8;0;ASH_COATED_OSMIUM;9958;13;9955;14;;;9972;12;9975;33;;;9965.0;0.0
yf_BGS_d8;0;INTARIAN_PEPPER_ROOT;12888;27;12885;22;;;12894;14;12896;22;;;12891.0;0.0
yf_BGS_d8;100;ASH_COATED_OSMIUM;9961;5;9958;19;;;9969;7;9971;18;;;9965.0;0.0
yf_BGS_d8;100;INTARIAN_PEPPER_ROOT;12887;17;12884;27;;;12893;19;12897;15;;;12890.0;0.0
yf_BGS_d8;200;ASH_COATED_OSMIUM;9962;16;9959;22;;;9968;16;9972;27;;;9965.0;0.0
yf_BGS_d8;200;INTARIAN_PEPPER_ROOT;12884;15;12882;15;;;12893;5;12896;22;;;12888.5;0.0
yf_BGS_d8;300;ASH_COATED_OSMIUM;9960;9;9957;17;;;9971;12;9973;13;;;9965.5;0.0
yf_BGS_d8;300;INTARIAN_PEPPER_ROOT;12884;12;12881;17;;;12890;19;12893;19;;;12887.0;0.0
yf_BGS_d8;400;ASH_COATED_OSMIUM;9962;14;9958;26;;;9968;18;9970;15;;;9965.0;0.0
yf_BGS_d8;400;INTARIAN_PEPPER_ROOT;12876;22;12873;15;;;12896;5;12898;19;;;12886.0;0.0
yf_BGS_d8;500;ASH_COATED_OSMIUM;9961;12;9958;24;;;9967;13;9971;16;;;9964.0;0.0
yf_BGS_d8;500;INTARIAN_PEPPER_ROOT;12881;19;12877;20;;;12889;15;12892;24;;;12885.0;0.0
yf_BGS_d8;600;ASH_COATED_OSMIUM;9962;15;9959;21;;;9968;19;9972;23;;;9965.0;0.0
yf_BGS_d8;600;INTARIAN_PEPPER_ROOT;12878;13;12874;12;;;12889;14;12891;25;;;12883.5;0.0
yf_BGS_d8;700;ASH_COATED_OSMIUM;9962;5;9959;19;;;9968;19;9971;20;;;9965.0;0.0
yf_BGS_d8;700;INTARIAN_PEPPER_ROOT;12879;24;12877;27;;;12885;21;12887;17;;;12882.0;0.0
yf_BGS_d8;800;ASH_COATED_OSMIUM;9962;17;9960;19;;;9968;16;9972;25;;;9965.0;0.0
yf_BGS_d8;800;INTARIAN_PEPPER_ROOT;12877;10;12875;24;;;12884;27;12888;34;;;12880.5;0.0
yf_BGS_d8;900;ASH_COATED_OSMIUM;9962;15;9959;20;;;9968;14;9970;24;;;9965.0;0.0
yf_BGS_d8;900;INTARIAN_PEPPER_ROOT;12869;13;12866;14;;;12890;11;12892;19;;;12879.5;0.0
yf_BGS_d8;1000;ASH_COATED_OSMIUM;9958;13;9954;24;;;9971;18;9975;16;;;9964.5;0.0
yf_BGS_d8;1000;INTARIAN_PEPPER_ROOT;12869;15;12865;17;;;12889;18;12892;21;;;12879.0;0.0
yf_BGS_d8;1100;ASH_COATED_OSMIUM;9940;20;9938;27;;;9989;20;9993;23;;;9964.5;0.0
yf_BGS_d8;1100;INTARIAN_PEPPER_ROOT;12869;12;12866;25;;;12884;13;12886;15;;;12876.5;0.0
yf_BGS_d8;1200;ASH_COATED_OSMIUM;9957;18;9953;27;;;9972;14;9975;31;;;9964.5;0.0
yf_BGS_d8;1200;INTARIAN_PEPPER_ROOT;12868;10;12866;20;;;12881;12;12884;18;;;12874.5;0.0
yf_BGS_d8;1300;ASH_COATED_OSMIUM;9961;22;9957;17;;;9967;16;9971;17;;;9964.0;0.0
yf_BGS_d8;1300;INTARIAN_PEPPER_ROOT;12870;16;12868;27;;;12878;19;12882;12;;;12874.0;0.0
yf_BGS_d8;1400;ASH_COATED_OSMIUM;9955;18;9953;23;;;9975;18;9978;10;;;9965.0;0.0
yf_BGS_d8;1400;INTARIAN_PEPPER_ROOT;12870;13;12868;24;;;12876;15;12878;19;;;12873.0;0.0
yf_BGS_d8;1500;ASH_COATED_OSMIUM;9962;6;9960;21;;;9968;17;9972;20;;;9965.0;0.0
yf_BGS_d8;1500;INTARIAN_PEPPER_ROOT;12868;15;12864;24;;;12874;20;12876;20;;;12871.0;0.0
yf_BGS_d8;1600;ASH_COATED_OSMIUM;9958;13;9955;18;;;9970;22;9972;20;;;9964.0;0.0
yf_BGS_d8;1600;INTARIAN_PEPPER_ROOT;12865;16;12862;20;;;12876;6;12879;21;;;12870.5;0.0
yf_BGS_d8;1700;ASH_COATED_OSMIUM;9962;15;9959;17;;;9968;11;9972;16;;;9965.0;0.0
yf_BGS_d8;1700;INTARIAN_PEPPER_ROOT;12864;5;12860;11;;;12875;14;12879;24;;;12869.5;0.0
yf_BGS_d8;1800;ASH_COATED_OSMIUM;9962;18;9958;12;;;9968;16;9970;22;;;9965.0;0.0
yf_BGS_d8;1800;INTARIAN_PEPPER_ROOT;12856;18;12853;13;;;12879;11;12882;27;;;12867.5;0.0
yf_BGS_d8;1900;ASH_COATED_OSMIUM;9962;5;9959;13;;;9968;17;9971;16;;;9965.0;0.0
yf_BGS_d8;1900;INTARIAN_PEPPER_ROOT;12863;9;12861;22;;;12869;12;12873;21;;;12866.0;0.0
yf_BGS_d8;2000;ASH_COATED_OSMIUM;9962;15;9958;18;;;9969;9;9973;22;;;9965.5;0.0
yf_BGS_d8;2000;INTARIAN_PEPPER_ROOT;12861;23;12858;21;;;12867;14;12870;21;;;12864.0;0.0
yf_BGS_d8;2100;ASH_COATED_OSMIUM;9951;15;9947;14;;;9980;14;9984;16;;;9965.5;0.0
yf_BGS_d8;2100;INTARIAN_PEPPER_ROOT;12860;14;12856;12;;;12866;10;12870;21;;;12863.0;0.0
yf_BGS_d8;2200;ASH_COATED_OSMIUM;9956;18;9954;19;;;9974;17;9976;21;;;9965.0;0.0
yf_BGS_d8;2200;INTARIAN_PEPPER_ROOT;12860;14;12856;18;;;12866;24;12868;23;;;12863.0;0.0
yf_BGS_d8;2300;ASH_COATED_OSMIUM;9960;8;9958;18;;;9971;11;9974;16;;;9965.5;0.0
yf_BGS_d8;2300;INTARIAN_PEPPER_ROOT;12858;5;12856;26;;;12864;8;12866;29;;;12861.0;0.0
yf_BGS_d8;2400;ASH_COATED_OSMIUM;9958;15;9954;20;;;9973;16;9975;15;;;9965.5;0.0
yf_BGS_d8;2400;INTARIAN_PEPPER_ROOT;12856;9;12853;30;;;12862;14;12865;25;;;12859.0;0.0
yf_BGS_d8;2500;ASH_COATED_OSMIUM;9962;21;9960;18;;;9968;11;9972;28;;;9965.0;0.0
yf_BGS_d8;2500;INTARIAN_PEPPER_ROOT;12855;13;12853;14;;;12862;14;12865;14;;;12858.5;0.0
yf_BGS_d8;2600;ASH_COATED_OSMIUM;9960;17;9958;22;;;9970;12;9973;16;;;9965.0;0.0
yf_BGS_d8;2600;INTARIAN_PEPPER_ROOT;12845;19;12842;8;;;12868;15;12872;20;;;12856.5;0.0
yf_BGS_d8;2700;ASH_COATED_OSMIUM;9957;19;9954;20;;;9973;19;9975;19;;;9965.0;0.0
yf_BGS_d8;2700;INTARIAN_PEPPER_ROOT;12853;8;12850;19;;;12859;15;12861;18;;;12856.0;0.0
yf_BGS_d8;2800;ASH_COATED_OSMIUM;9962;17;9958;25;;;9968;16;9970;23;;;9965.0;0.0
yf_BGS_d8;2800;INTARIAN_PEPPER_ROOT;12850;19;12848;9;;;12857;15;12860;29;;;12853.5;0.0
yf_BGS_d8;2900;ASH_COATED_OSMIUM;9956;18;9952;15;;;9974;5;9978;17;;;9965.0;0.0
yf_BGS_d8;2900;INTARIAN_PEPPER_ROOT;12850;18;12847;17;;;12856;18;12860;19;;;12853.0;0.0
yf_BGS_d8;3000;ASH_COATED_OSMIUM;9962;16;9958;25;;;9968;18;9970;13;;;9965.0;0.0
yf_BGS_d8;3000;INTARIAN_PEPPER_ROOT;12849;12;12846;16;;;12855;8;12858;17;;;12852.0;0.0
yf_BGS_d8;3100;ASH_COATED_OSMIUM;9961;16;9957;19;;;9967;10;9971;8;;;9964.0;0.0
yf_BGS_d8;3100;INTARIAN_PEPPER_ROOT;12846;12;12842;24;;;12854;13;12856;27;;;12850.0;0.0
yf_BGS_d8;3200;ASH_COATED_OSMIUM;9962;16;9959;13;;;9968;14;9970;18;;;9965.0;0.0
yf_BGS_d8;3200;INTARIAN_PEPPER_ROOT;12846;16;12843;23;;;12852;10;12855;20;;;12849.0;0.0
yf_BGS_d8;3300;ASH_COATED_OSMIUM;9952;22;9948;8;;;9979;30;9981;29;;;9965.5;0.0
yf_BGS_d8;3300;INTARIAN_PEPPER_ROOT;12838;18;12836;22;;;12857;16;12861;18;;;12847.5;0.0
yf_BGS_d8;3400;ASH_COATED_OSMIUM;9959;10;9955;14;;;9971;15;9975;16;;;9965.0;0.0
yf_BGS_d8;3400;INTARIAN_PEPPER_ROOT;12839;16;12836;25;;;12852;17;12856;25;;;12845.5;0.0
yf_BGS_d8;3500;ASH_COATED_OSMIUM;9953;14;9950;13;;;9978;9;9980;18;;;9965.5;0.0
yf_BGS_d8;3500;INTARIAN_PEPPER_ROOT;12842;9;12839;19;;;12848;14;12851;25;;;12845.0;0.0
yf_BGS_d8;3600;ASH_COATED_OSMIUM;9962;8;9960;27;;;9968;15;9972;24;;;9965.0;0.0
yf_BGS_d8;3600;INTARIAN_PEPPER_ROOT;12840;15;12837;26;;;12846;16;12850;20;;;12843.0;0.0
yf_BGS_d8;3700;ASH_COATED_OSMIUM;9954;17;9950;22;;;9976;19;9980;17;;;9965.0;0.0
yf_BGS_d8;3700;INTARIAN_PEPPER_ROOT;12837;18;12833;30;;;12848;17;12852;20;;;12842.5;0.0
yf_BGS_d8;3800;ASH_COATED_OSMIUM;9962;15;9960;21;;;9968;12;9971;24;;;9965.0;0.0
yf_BGS_d8;3800;INTARIAN_PEPPER_ROOT;12831;24;12827;22;;;12851;17;12853;22;;;12841.0;0.0
yf_BGS_d8;3900;ASH_COATED_OSMIUM;9962;15;9959;19;;;9969;14;9971;34;;;9965.5;0.0
yf_BGS_d8;3900;INTARIAN_PEPPER_ROOT;12833;23;12830;13;;;12846;19;12850;17;;;12839.5;0.0
yf_BGS_d8;4000;ASH_COATED_OSMIUM;9962;6;9958;24;;;9968;14;9972;22;;;9965.0;0.0
yf_BGS_d8;4000;INTARIAN_PEPPER_ROOT;12826;14;12823;21;;;12850;15;12852;28;;;12838.0;0.0
yf_BGS_d8;4100;ASH_COATED_OSMIUM;9962;23;9959;17;;;9968;14;9971;25;;;9965.0;0.0
yf_BGS_d8;4100;INTARIAN_PEPPER_ROOT;12833;23;12830;19;;;12839;14;12842;14;;;12836.0;0.0
yf_BGS_d8;4200;ASH_COATED_OSMIUM;9960;5;9958;17;;;9971;14;9975;15;;;9965.5;0.0
yf_BGS_d8;4200;INTARIAN_PEPPER_ROOT;12832;15;12830;22;;;12838;20;12841;22;;;12835.0;0.0
yf_BGS_d8;4300;ASH_COATED_OSMIUM;9963;22;9959;23;;;9969;15;9973;21;;;9966.0;0.0
yf_BGS_d8;4300;INTARIAN_PEPPER_ROOT;12831;18;12828;17;;;12837;17;12839;24;;;12834.0;0.0
yf_BGS_d8;4400;ASH_COATED_OSMIUM;9961;5;9957;22;;;9969;14;9972;16;;;9965.0;0.0
yf_BGS_d8;4400;INTARIAN_PEPPER_ROOT;12830;16;12826;30;;;12836;20;12840;23;;;12833.0;0.0
yf_BGS_d8;4500;ASH_COATED_OSMIUM;9963;19;9961;11;;;9969;12;9973;18;;;9966.0;0.0
yf_BGS_d8;4500;INTARIAN_PEPPER_ROOT;12828;17;12825;27;;;12834;6;12836;25;;;12831.0;0.0
yf_BGS_d8;4600;ASH_COATED_OSMIUM;9961;13;9957;23;;;9970;11;9974;20;;;9965.5;0.0
yf_BGS_d8;4600;INTARIAN_PEPPER_ROOT;12821;17;12819;21;;;12838;17;12840;17;;;12829.5;0.0
yf_BGS_d8;4700;ASH_COATED_OSMIUM;9962;23;9958;10;;;9969;16;9973;8;;;9965.5;0.0
yf_BGS_d8;4700;INTARIAN_PEPPER_ROOT;12825;12;12821;19;;;12831;13;12835;15;;;12828.0;0.0
yf_BGS_d8;4800;ASH_COATED_OSMIUM;9959;11;9957;26;;;9970;17;9973;20;;;9964.5;0.0
yf_BGS_d8;4800;INTARIAN_PEPPER_ROOT;12822;15;12820;19;;;12831;14;12835;26;;;12826.5;0.0
yf_BGS_d8;4900;ASH_COATED_OSMIUM;9963;18;9961;21;;;9969;10;9972;16;;;9966.0;0.0
yf_BGS_d8;4900;INTARIAN_PEPPER_ROOT;12817;13;12813;21;;;12835;6;12838;16;;;12826.0;0.0
yf_BGS_d8;5000;ASH_COATED_OSMIUM;9962;24;9960;21;;;9968;11;9972;18;;;9965.0;0.0
yf_BGS_d8;5000;INTARIAN_PEPPER_ROOT;12821;16;12818;17;;;12827;7;12831;19;;;12824.0;0.0
yf_BGS_d8;5100;ASH_COATED_OSMIUM;9962;12;9960;15;;;9968;8;9971;17;;;9965.0;0.0
yf_BGS_d8;5100;INTARIAN_PEPPER_ROOT;12819;18;12816;18;;;12828;13;12830;27;;;12823.5;0.0
yf_BGS_d8;5200;ASH_COATED_OSMIUM;9962;12;9960;11;;;9969;20;9973;12;;;9965.5;0.0
yf_BGS_d8;5200;INTARIAN_PEPPER_ROOT;12803;11;12800;16;;;12840;10;12843;21;;;12821.5;0.0
yf_BGS_d8;5300;ASH_COATED_OSMIUM;9962;18;9958;17;;;9968;15;9970;24;;;9965.0;0.0
yf_BGS_d8;5300;INTARIAN_PEPPER_ROOT;12797;5;12793;20;;;12845;13;12848;10;;;12821.0;0.0
yf_BGS_d8;5400;ASH_COATED_OSMIUM;9963;9;9960;21;;;9969;11;9973;27;;;9966.0;0.0
yf_BGS_d8;5400;INTARIAN_PEPPER_ROOT;12810;15;12808;18;;;12828;11;12831;17;;;12819.0;0.0
yf_BGS_d8;5500;ASH_COATED_OSMIUM;9960;10;9956;15;;;9972;16;9974;23;;;9966.0;0.0
yf_BGS_d8;5500;INTARIAN_PEPPER_ROOT;12815;13;12813;18;;;12821;18;12823;28;;;12818.0;0.0
yf_BGS_d8;5600;ASH_COATED_OSMIUM;9955;20;9953;20;;;9974;9;9978;19;;;9964.5;0.0
yf_BGS_d8;5600;INTARIAN_PEPPER_ROOT;12814;8;12812;22;;;12820;14;12824;15;;;12817.0;0.0
yf_BGS_d8;5700;ASH_COATED_OSMIUM;9963;19;9959;12;;;9969;15;9971;18;;;9966.0;0.0
yf_BGS_d8;5700;INTARIAN_PEPPER_ROOT;12813;14;12810;25;;;12819;26;12821;14;;;12816.0;0.0
yf_BGS_d8;5800;ASH_COATED_OSMIUM;9963;14;9960;26;;;9969;24;9972;24;;;9966.0;0.0
yf_BGS_d8;5800;INTARIAN_PEPPER_ROOT;12799;19;12795;19;;;12828;22;12831;24;;;12813.5;0.0
yf_BGS_d8;5900;ASH_COATED_OSMIUM;9963;18;9959;19;;;9969;11;9971;21;;;9966.0;0.0
yf_BGS_d8;5900;INTARIAN_PEPPER_ROOT;12809;13;12806;14;;;12815;7;12817;21;;;12812.0;0.0
yf_BGS_d8;6000;ASH_COATED_OSMIUM;9963;16;9961;13;;;9969;21;9971;18;;;9966.0;0.0
yf_BGS_d8;6000;INTARIAN_PEPPER_ROOT;12808;5;12804;12;;;12814;11;12818;17;;;12811.0;0.0
yf_BGS_d8;6100;ASH_COATED_OSMIUM;9963;13;9959;16;;;9969;14;9971;14;;;9966.0;0.0
yf_BGS_d8;6100;INTARIAN_PEPPER_ROOT;12806;14;12802;14;;;12814;13;12817;24;;;12810.0;0.0
yf_BGS_d8;6200;ASH_COATED_OSMIUM;9961;17;9957;24;;;9972;11;9974;17;;;9966.5;0.0
yf_BGS_d8;6200;INTARIAN_PEPPER_ROOT;12806;8;12802;20;;;12812;9;12815;11;;;12809.0;0.0
yf_BGS_d8;6300;ASH_COATED_OSMIUM;9963;20;9961;19;;;9969;7;9971;21;;;9966.0;0.0
yf_BGS_d8;6300;INTARIAN_PEPPER_ROOT;12803;13;12799;18;;;12811;19;12813;27;;;12807.0;0.0
yf_BGS_d8;6400;ASH_COATED_OSMIUM;9962;12;9959;16;;;9968;15;9972;19;;;9965.0;0.0
yf_BGS_d8;6400;INTARIAN_PEPPER_ROOT;12803;20;12799;19;;;12810;11;12814;22;;;12806.5;0.0
yf_BGS_d8;6500;ASH_COATED_OSMIUM;9963;17;9960;8;;;9969;13;9973;21;;;9966.0;0.0
yf_BGS_d8;6500;INTARIAN_PEPPER_ROOT;12802;18;12798;18;;;12808;14;12810;15;;;12805.0;0.0
yf_BGS_d8;6600;ASH_COATED_OSMIUM;9959;17;9956;22;;;9972;5;9974;13;;;9965.5;0.0
yf_BGS_d8;6600;INTARIAN_PEPPER_ROOT;12800;16;12798;31;;;12806;17;12810;12;;;12803.0;0.0
yf_BGS_d8;6700;ASH_COATED_OSMIUM;9961;13;9958;18;;;9971;16;9973;12;;;9966.0;0.0
yf_BGS_d8;6700;INTARIAN_PEPPER_ROOT;12795;21;12791;17;;;12810;13;12814;14;;;12802.5;0.0
yf_BGS_d8;6800;ASH_COATED_OSMIUM;9961;21;9957;19;;;9971;9;9974;19;;;9966.0;0.0
yf_BGS_d8;6800;INTARIAN_PEPPER_ROOT;12795;13;12793;15;;;12807;9;12810;12;;;12801.0;0.0
yf_BGS_d8;6900;ASH_COATED_OSMIUM;9963;8;9959;20;;;9969;21;9973;14;;;9966.0;0.0
yf_BGS_d8;6900;INTARIAN_PEPPER_ROOT;12794;14;12792;19;;;12804;14;12806;19;;;12799.0;0.0
yf_BGS_d8;7000;ASH_COATED_OSMIUM;9961;20;9957;24;;;9970;7;9972;16;;;9965.5;0.0
yf_BGS_d8;7000;INTARIAN_PEPPER_ROOT;12795;17;12792;25;;;12801;7;12803;22;;;12798.0;0.0
yf_BGS_d8;7100;ASH_COATED_OSMIUM;9959;11;9955;19;;;9972;16;9976;21;;;9965.5;0.0
yf_BGS_d8;7100;INTARIAN_PEPPER_ROOT;12794;25;12791;22;;;12800;22;12804;15;;;12797.0;0.0
yf_BGS_d8;7200;ASH_COATED_OSMIUM;9963;14;9961;28;;;9969;7;9971;28;;;9966.0;0.0
yf_BGS_d8;7200;INTARIAN_PEPPER_ROOT;12792;8;12790;22;;;12798;16;12801;13;;;12795.0;0.0
yf_BGS_d8;7300;ASH_COATED_OSMIUM;9963;6;9959;18;;;9969;19;9972;20;;;9966.0;0.0
yf_BGS_d8;7300;INTARIAN_PEPPER_ROOT;12791;12;12788;13;;;12797;8;12800;22;;;12794.0;0.0
yf_BGS_d8;7400;ASH_COATED_OSMIUM;9963;20;9960;24;;;9969;17;9972;15;;;9966.0;0.0
yf_BGS_d8;7400;INTARIAN_PEPPER_ROOT;12775;20;12772;14;;;12810;17;12812;24;;;12792.5;0.0
yf_BGS_d8;7500;ASH_COATED_OSMIUM;9963;10;9959;27;;;9969;9;9973;18;;;9966.0;0.0
yf_BGS_d8;7500;INTARIAN_PEPPER_ROOT;12789;18;12787;13;;;12795;23;12798;22;;;12792.0;0.0
yf_BGS_d8;7600;ASH_COATED_OSMIUM;9963;18;9959;15;;;9969;24;9973;22;;;9966.0;0.0
yf_BGS_d8;7600;INTARIAN_PEPPER_ROOT;12787;5;12783;13;;;12793;21;12796;11;;;12790.0;0.0
yf_BGS_d8;7700;ASH_COATED_OSMIUM;9954;20;9952;11;;;9977;12;9980;30;;;9965.5;0.0
yf_BGS_d8;7700;INTARIAN_PEPPER_ROOT;12786;24;12783;20;;;12792;20;12794;17;;;12789.0;0.0
yf_BGS_d8;7800;ASH_COATED_OSMIUM;9962;15;9959;13;;;9969;11;9971;20;;;9965.5;0.0
yf_BGS_d8;7800;INTARIAN_PEPPER_ROOT;12777;21;12773;14;;;12798;27;12802;17;;;12787.5;0.0
yf_BGS_d8;7900;ASH_COATED_OSMIUM;9958;13;9955;12;;;9975;5;9979;25;;;9966.5;0.0
yf_BGS_d8;7900;INTARIAN_PEPPER_ROOT;12782;20;12780;18;;;12788;20;12792;15;;;12785.0;0.0
yf_BGS_d8;8000;ASH_COATED_OSMIUM;9962;10;9958;15;;;9969;15;9972;15;;;9965.5;0.0
yf_BGS_d8;8000;INTARIAN_PEPPER_ROOT;12778;9;12775;16;;;12791;18;12793;8;;;12784.5;0.0
yf_BGS_d8;8100;ASH_COATED_OSMIUM;9963;15;9959;17;;;9969;19;9971;28;;;9966.0;0.0
yf_BGS_d8;8100;INTARIAN_PEPPER_ROOT;12780;20;12777;15;;;12786;11;12788;18;;;12783.0;0.0
yf_BGS_d8;8200;ASH_COATED_OSMIUM;9963;19;9961;11;;;9969;10;9971;16;;;9966.0;0.0
yf_BGS_d8;8200;INTARIAN_PEPPER_ROOT;12779;10;12775;21;;;12785;14;12788;22;;;12782.0;0.0
yf_BGS_d8;8300;ASH_COATED_OSMIUM;9962;20;9960;12;;;9969;18;9972;16;;;9965.5;0.0
yf_BGS_d8;8300;INTARIAN_PEPPER_ROOT;12777;8;12773;12;;;12783;20;12785;22;;;12780.0;0.0
yf_BGS_d8;8400;ASH_COATED_OSMIUM;9963;7;9960;20;;;9969;17;9971;19;;;9966.0;0.0
yf_BGS_d8;8400;INTARIAN_PEPPER_ROOT;12757;14;12755;18;;;12803;11;12805;24;;;12780.0;0.0
yf_BGS_d8;8500;ASH_COATED_OSMIUM;9963;18;9959;18;;;9969;22;9972;25;;;9966.0;0.0
yf_BGS_d8;8500;INTARIAN_PEPPER_ROOT;12773;18;12771;19;;;12784;10;12786;9;;;12778.5;0.0
yf_BGS_d8;8600;ASH_COATED_OSMIUM;9963;12;9961;16;;;9969;16;9971;13;;;9966.0;0.0
yf_BGS_d8;8600;INTARIAN_PEPPER_ROOT;12771;17;12767;26;;;12783;11;12785;22;;;12777.0;0.0
yf_BGS_d8;8700;ASH_COATED_OSMIUM;9963;12;9959;16;;;9970;10;9974;23;;;9966.5;0.0
yf_BGS_d8;8700;INTARIAN_PEPPER_ROOT;12772;15;12770;18;;;12778;15;12780;17;;;12775.0;0.0
yf_BGS_d8;8800;ASH_COATED_OSMIUM;9963;20;9959;23;;;9969;18;9971;22;;;9966.0;0.0
yf_BGS_d8;8800;INTARIAN_PEPPER_ROOT;12760;11;12758;23;;;12787;16;12791;8;;;12773.5;0.0
yf_BGS_d8;8900;ASH_COATED_OSMIUM;9962;18;9958;22;;;9972;8;9974;22;;;9967.0;0.0
yf_BGS_d8;8900;INTARIAN_PEPPER_ROOT;12769;19;12765;19;;;12777;21;12780;18;;;12773.0;0.0
yf_BGS_d8;9000;ASH_COATED_OSMIUM;9958;16;9954;13;;;9975;22;9979;17;;;9966.5;0.0
yf_BGS_d8;9000;INTARIAN_PEPPER_ROOT;12768;12;12765;26;;;12774;22;12778;19;;;12771.0;0.0
yf_BGS_d8;9100;ASH_COATED_OSMIUM;9963;20;9961;28;;;9969;11;9972;15;;;9966.0;0.0
yf_BGS_d8;9100;INTARIAN_PEPPER_ROOT;12765;13;12763;13;;;12775;10;12777;25;;;12770.0;0.0
yf_BGS_d8;9200;ASH_COATED_OSMIUM;9959;10;9955;22;;;9973;9;9975;19;;;9966.0;0.0
yf_BGS_d8;9200;INTARIAN_PEPPER_ROOT;12765;13;12762;21;;;12772;12;12776;15;;;12768.5;0.0
yf_BGS_d8;9300;ASH_COATED_OSMIUM;9963;8;9960;17;;;9969;14;9971;20;;;9966.0;0.0
yf_BGS_d8;9300;INTARIAN_PEPPER_ROOT;12760;7;12756;19;;;12775;12;12779;14;;;12767.5;0.0
yf_BGS_d8;9400;ASH_COATED_OSMIUM;9959;14;9956;16;;;9974;18;9976;28;;;9966.5;0.0
yf_BGS_d8;9400;INTARIAN_PEPPER_ROOT;12763;18;12759;11;;;12769;21;12773;26;;;12766.0;0.0
yf_BGS_d8;9500;ASH_COATED_OSMIUM;9955;11;9952;14;;;9978;21;9982;19;;;9966.5;0.0
yf_BGS_d8;9500;INTARIAN_PEPPER_ROOT;12762;17;12759;17;;;12768;12;12770;16;;;12765.0;0.0
yf_BGS_d8;9600;ASH_COATED_OSMIUM;9962;11;9959;20;;;9970;20;9972;23;;;9966.0;0.0
yf_BGS_d8;9600;INTARIAN_PEPPER_ROOT;12760;11;12757;18;;;12766;9;12769;21;;;12763.0;0.0
yf_BGS_d8;9700;ASH_COATED_OSMIUM;9963;17;9959;18;;;9969;16;9973;13;;;9966.0;0.0
yf_BGS_d8;9700;INTARIAN_PEPPER_ROOT;12751;17;12747;19;;;12774;22;12776;30;;;12762.5;0.0
yf_BGS_d8;9800;ASH_COATED_OSMIUM;9963;15;9961;19;;;9969;19;9972;17;;;9966.0;0.0
yf_BGS_d8;9800;INTARIAN_PEPPER_ROOT;12754;14;12752;23;;;12767;18;12771;25;;;12760.5;0.0
yf_BGS_d8;9900;ASH_COATED_OSMIUM;9963;16;9959;24;;;9969;13;9973;17;;;9966.0;0.0
yf_BGS_d8;9900;INTARIAN_PEPPER_ROOT;12756;14;12754;19;;;12762;13;12765;20;;;12759.0;0.0
yf_BGS_d8;10000;ASH_COATED_OSMIUM;9963;18;9960;17;;;9969;21;9971;20;;;9966.0;0.0
yf_BGS_d8;10000;INTARIAN_PEPPER_ROOT;12754;14;12752;15;;;12760;9;12764;29;;;12757.0;0.0
yf_BGS_d8;10100;ASH_COATED_OSMIUM;9957;16;9953;15;;;9976;11;9980;18;;;9966.5;0.0
yf_BGS_d8;10100;INTARIAN_PEPPER_ROOT;12752;11;12748;19;;;12762;5;12765;35;;;12757.0;0.0
yf_BGS_d8;10200;ASH_COATED_OSMIUM;9963;24;9961;23;;;9969;17;9971;23;;;9966.0;0.0
yf_BGS_d8;10200;INTARIAN_PEPPER_ROOT;12752;16;12748;15;;;12758;12;12761;16;;;12755.0;0.0
yf_BGS_d8;10300;ASH_COATED_OSMIUM;9955;13;9951;11;;;9977;12;9980;21;;;9966.0;0.0
yf_BGS_d8;10300;INTARIAN_PEPPER_ROOT;12750;13;12747;19;;;12756;16;12758;21;;;12753.0;0.0
yf_BGS_d8;10400;ASH_COATED_OSMIUM;9963;13;9961;26;;;9969;15;9973;20;;;9966.0;0.0
yf_BGS_d8;10400;INTARIAN_PEPPER_ROOT;12750;16;12748;22;;;12756;24;12760;19;;;12753.0;0.0
yf_BGS_d8;10500;ASH_COATED_OSMIUM;9963;13;9961;22;;;9969;12;9973;27;;;9966.0;0.0
yf_BGS_d8;10500;INTARIAN_PEPPER_ROOT;12748;13;12744;17;;;12754;21;12756;15;;;12751.0;0.0
yf_BGS_d8;10600;ASH_COATED_OSMIUM;9957;12;9954;17;;;9976;21;9979;25;;;9966.5;0.0
yf_BGS_d8;10600;INTARIAN_PEPPER_ROOT;12746;12;12742;33;;;12752;7;12755;23;;;12749.0;0.0
yf_BGS_d8;10700;ASH_COATED_OSMIUM;9964;13;9962;17;;;9970;21;9973;27;;;9967.0;0.0
yf_BGS_d8;10700;INTARIAN_PEPPER_ROOT;12742;19;12738;26;;;12755;22;12759;21;;;12748.5;0.0
yf_BGS_d8;10800;ASH_COATED_OSMIUM;9963;15;9961;30;;;9969;18;9972;17;;;9966.0;0.0
yf_BGS_d8;10800;INTARIAN_PEPPER_ROOT;12741;14;12739;26;;;12755;14;12758;28;;;12748.0;0.0
yf_BGS_d8;10900;ASH_COATED_OSMIUM;9963;14;9960;31;;;9969;15;9972;13;;;9966.0;0.0
yf_BGS_d8;10900;INTARIAN_PEPPER_ROOT;12743;16;12740;18;;;12749;18;12751;26;;;12746.0;0.0
yf_BGS_d8;11000;ASH_COATED_OSMIUM;9964;13;9961;24;;;9970;15;9974;14;;;9967.0;0.0
yf_BGS_d8;11000;INTARIAN_PEPPER_ROOT;12741;13;12739;9;;;12747;22;12751;26;;;12744.0;0.0
yf_BGS_d8;11100;ASH_COATED_OSMIUM;9959;17;9957;20;;;9973;18;9977;20;;;9966.0;0.0
yf_BGS_d8;11100;INTARIAN_PEPPER_ROOT;12740;11;12736;22;;;12746;17;12749;17;;;12743.0;0.0
yf_BGS_d8;11200;ASH_COATED_OSMIUM;9963;12;9961;24;;;9969;16;9972;19;;;9966.0;0.0
yf_BGS_d8;11200;INTARIAN_PEPPER_ROOT;12739;16;12735;12;;;12745;19;12748;12;;;12742.0;0.0
yf_BGS_d8;11300;ASH_COATED_OSMIUM;9963;16;9959;18;;;9969;15;9972;10;;;9966.0;0.0
yf_BGS_d8;11300;INTARIAN_PEPPER_ROOT;12738;19;12734;15;;;12744;13;12746;21;;;12741.0;0.0
yf_BGS_d8;11400;ASH_COATED_OSMIUM;9960;9;9957;15;;;9973;12;9977;18;;;9966.5;0.0
yf_BGS_d8;11400;INTARIAN_PEPPER_ROOT;12736;16;12732;25;;;12742;17;12744;24;;;12739.0;0.0
yf_BGS_d8;11500;ASH_COATED_OSMIUM;9961;12;9959;26;;;9973;22;9976;14;;;9967.0;0.0
yf_BGS_d8;11500;INTARIAN_PEPPER_ROOT;12735;14;12731;23;;;12741;5;12745;14;;;12738.0;0.0
yf_BGS_d8;11600;ASH_COATED_OSMIUM;9947;12;9944;18;;;9985;5;9987;21;;;9966.0;0.0
yf_BGS_d8;11600;INTARIAN_PEPPER_ROOT;12733;15;12731;19;;;12739;19;12743;18;;;12736.0;0.0
yf_BGS_d8;11700;ASH_COATED_OSMIUM;9957;17;9953;20;;;9975;19;9977;12;;;9966.0;0.0
yf_BGS_d8;11700;INTARIAN_PEPPER_ROOT;12732;17;12728;27;;;12738;6;12741;25;;;12735.0;0.0
yf_BGS_d8;11800;ASH_COATED_OSMIUM;9962;21;9960;24;;;9972;20;9974;11;;;9967.0;0.0
yf_BGS_d8;11800;INTARIAN_PEPPER_ROOT;12731;12;12729;26;;;12737;13;12741;17;;;12734.0;0.0
yf_BGS_d8;11900;ASH_COATED_OSMIUM;9964;19;9960;16;;;9970;15;9973;21;;;9967.0;0.0
yf_BGS_d8;11900;INTARIAN_PEPPER_ROOT;12725;23;12722;22;;;12740;12;12744;20;;;12732.5;0.0
yf_BGS_d8;12000;ASH_COATED_OSMIUM;9963;8;9959;21;;;9969;15;9973;21;;;9966.0;0.0
yf_BGS_d8;12000;INTARIAN_PEPPER_ROOT;12728;13;12724;21;;;12735;8;12737;21;;;12731.5;0.0
yf_BGS_d8;12100;ASH_COATED_OSMIUM;9963;10;9960;16;;;9971;16;9975;18;;;9967.0;0.0
yf_BGS_d8;12100;INTARIAN_PEPPER_ROOT;12722;13;12720;22;;;12738;19;12740;27;;;12730.0;0.0
yf_BGS_d8;12200;ASH_COATED_OSMIUM;9953;28;9951;12;;;9980;9;9982;16;;;9966.5;0.0
yf_BGS_d8;12200;INTARIAN_PEPPER_ROOT;12726;5;12723;17;;;12732;12;12736;22;;;12729.0;0.0
yf_BGS_d8;12300;ASH_COATED_OSMIUM;9963;16;9959;21;;;9969;19;9972;21;;;9966.0;0.0
yf_BGS_d8;12300;INTARIAN_PEPPER_ROOT;12724;6;12722;26;;;12730;14;12733;21;;;12727.0;0.0
yf_BGS_d8;12400;ASH_COATED_OSMIUM;9960;16;9956;17;;;9974;15;9978;22;;;9967.0;0.0
yf_BGS_d8;12400;INTARIAN_PEPPER_ROOT;12723;14;12720;15;;;12729;19;12732;22;;;12726.0;0.0
yf_BGS_d8;12500;ASH_COATED_OSMIUM;9963;20;9960;18;;;9969;9;9973;25;;;9966.0;0.0
yf_BGS_d8;12500;INTARIAN_PEPPER_ROOT;12722;18;12719;28;;;12728;15;12730;18;;;12725.0;0.0
yf_BGS_d8;12600;ASH_COATED_OSMIUM;9962;5;9959;12;;;9971;12;9975;15;;;9966.5;0.0
yf_BGS_d8;12600;INTARIAN_PEPPER_ROOT;12713;10;12710;22;;;12732;7;12734;17;;;12722.5;0.0
yf_BGS_d8;12700;ASH_COATED_OSMIUM;9963;7;9959;20;;;9970;17;9974;14;;;9966.5;0.0
yf_BGS_d8;12700;INTARIAN_PEPPER_ROOT;12714;11;12711;21;;;12730;14;12733;19;;;12722.0;0.0
yf_BGS_d8;12800;ASH_COATED_OSMIUM;9961;11;9958;19;;;9973;25;9975;24;;;9967.0;0.0
yf_BGS_d8;12800;INTARIAN_PEPPER_ROOT;12708;10;12704;18;;;12731;8;12733;23;;;12719.5;0.0
yf_BGS_d8;12900;ASH_COATED_OSMIUM;9964;19;9961;17;;;9970;21;9972;22;;;9967.0;0.0
yf_BGS_d8;12900;INTARIAN_PEPPER_ROOT;12716;12;12712;20;;;12722;13;12724;18;;;12719.0;0.0
yf_BGS_d8;13000;ASH_COATED_OSMIUM;9964;18;9962;20;;;9970;21;9972;24;;;9967.0;0.0
yf_BGS_d8;13000;INTARIAN_PEPPER_ROOT;12715;10;12711;24;;;12721;14;12723;10;;;12718.0;0.0
yf_BGS_d8;13100;ASH_COATED_OSMIUM;9963;16;9959;8;;;9969;20;9972;30;;;9966.0;0.0
yf_BGS_d8;13100;INTARIAN_PEPPER_ROOT;12711;11;12708;26;;;12722;14;12724;17;;;12716.5;0.0
yf_BGS_d8;13200;ASH_COATED_OSMIUM;9963;18;9960;17;;;9969;7;9973;18;;;9966.0;0.0
yf_BGS_d8;13200;INTARIAN_PEPPER_ROOT;12712;12;12710;19;;;12718;18;12721;8;;;12715.0;0.0
yf_BGS_d8;13300;ASH_COATED_OSMIUM;9958;9;9956;22;;;9976;10;9978;24;;;9967.0;0.0
yf_BGS_d8;13300;INTARIAN_PEPPER_ROOT;12692;8;12688;19;;;12734;15;12737;24;;;12713.0;0.0
yf_BGS_d8;13400;ASH_COATED_OSMIUM;9953;14;9950;17;;;9979;11;9982;17;;;9966.0;0.0
yf_BGS_d8;13400;INTARIAN_PEPPER_ROOT;12707;24;12703;25;;;12717;8;12721;15;;;12712.0;0.0
yf_BGS_d8;13500;ASH_COATED_OSMIUM;9960;9;9957;16;;;9974;22;9977;30;;;9967.0;0.0
yf_BGS_d8;13500;INTARIAN_PEPPER_ROOT;12708;17;12704;19;;;12714;7;12717;19;;;12711.0;0.0
yf_BGS_d8;13600;ASH_COATED_OSMIUM;9964;14;9962;20;;;9970;17;9972;17;;;9967.0;0.0
yf_BGS_d8;13600;INTARIAN_PEPPER_ROOT;12707;7;12705;15;;;12713;6;12716;19;;;12710.0;0.0
yf_BGS_d8;13700;ASH_COATED_OSMIUM;9964;22;9960;24;;;9970;19;9974;26;;;9967.0;0.0
yf_BGS_d8;13700;INTARIAN_PEPPER_ROOT;12706;9;12702;30;;;12712;11;12715;24;;;12709.0;0.0
yf_BGS_d8;13800;ASH_COATED_OSMIUM;9949;7;9947;10;;;9985;15;9989;21;;;9967.0;0.0
yf_BGS_d8;13800;INTARIAN_PEPPER_ROOT;12704;15;12701;29;;;12710;14;12712;29;;;12707.0;0.0
yf_BGS_d8;13900;ASH_COATED_OSMIUM;9961;19;9958;16;;;9973;10;9976;19;;;9967.0;0.0
yf_BGS_d8;13900;INTARIAN_PEPPER_ROOT;12703;13;12700;19;;;12709;20;12713;24;;;12706.0;0.0
yf_BGS_d8;14000;ASH_COATED_OSMIUM;9964;7;9962;20;;;9970;16;9972;19;;;9967.0;0.0
yf_BGS_d8;14000;INTARIAN_PEPPER_ROOT;12701;17;12697;20;;;12707;5;12710;20;;;12704.0;0.0
yf_BGS_d8;14100;ASH_COATED_OSMIUM;9964;18;9961;16;;;9970;16;9973;22;;;9967.0;0.0
yf_BGS_d8;14100;INTARIAN_PEPPER_ROOT;12701;11;12699;13;;;12707;11;12709;18;;;12704.0;0.0
yf_BGS_d8;14200;ASH_COATED_OSMIUM;9955;13;9951;18;;;9978;15;9981;15;;;9966.5;0.0
yf_BGS_d8;14200;INTARIAN_PEPPER_ROOT;12699;17;12695;19;;;12705;15;12708;18;;;12702.0;0.0
yf_BGS_d8;14300;ASH_COATED_OSMIUM;9964;7;9961;16;;;9970;13;9972;12;;;9967.0;0.0
yf_BGS_d8;14300;INTARIAN_PEPPER_ROOT;12697;15;12695;19;;;12703;15;12707;20;;;12700.0;0.0
yf_BGS_d8;14400;ASH_COATED_OSMIUM;9964;24;9962;19;;;9970;9;9972;28;;;9967.0;0.0
yf_BGS_d8;14400;INTARIAN_PEPPER_ROOT;12696;12;12692;29;;;12702;15;12706;23;;;12699.0;0.0
yf_BGS_d8;14500;ASH_COATED_OSMIUM;9964;14;9961;12;;;9970;23;9974;26;;;9967.0;0.0
yf_BGS_d8;14500;INTARIAN_PEPPER_ROOT;12692;17;12688;15;;;12703;22;12707;11;;;12697.5;0.0
yf_BGS_d8;14600;ASH_COATED_OSMIUM;9955;5;9953;24;;;9979;11;9983;8;;;9967.0;0.0
yf_BGS_d8;14600;INTARIAN_PEPPER_ROOT;12691;15;12688;21;;;12703;14;12707;13;;;12697.0;0.0
yf_BGS_d8;14700;ASH_COATED_OSMIUM;9964;10;9960;23;;;9970;7;9974;21;;;9967.0;0.0
yf_BGS_d8;14700;INTARIAN_PEPPER_ROOT;12691;19;12687;17;;;12699;17;12703;22;;;12695.0;0.0
yf_BGS_d8;14800;ASH_COATED_OSMIUM;9962;23;9959;17;;;9972;10;9976;25;;;9967.0;0.0
yf_BGS_d8;14800;INTARIAN_PEPPER_ROOT;12691;7;12688;28;;;12697;10;12701;11;;;12694.0;0.0
yf_BGS_d8;14900;ASH_COATED_OSMIUM;9964;23;9962;21;;;9970;18;9973;21;;;9967.0;0.0
yf_BGS_d8;14900;INTARIAN_PEPPER_ROOT;12690;10;12687;17;;;12696;18;12700;19;;;12693.0;0.0
yf_BGS_d8;15000;ASH_COATED_OSMIUM;9961;6;9959;10;;;9973;11;9977;21;;;9967.0;0.0
yf_BGS_d8;15000;INTARIAN_PEPPER_ROOT;12688;21;12685;20;;;12694;13;12696;16;;;12691.0;0.0
yf_BGS_d8;15100;ASH_COATED_OSMIUM;9964;23;9961;21;;;9970;11;9973;17;;;9967.0;0.0
yf_BGS_d8;15100;INTARIAN_PEPPER_ROOT;12680;16;12678;20;;;12700;14;12704;16;;;12690.0;0.0
yf_BGS_d8;15200;ASH_COATED_OSMIUM;9961;13;9958;27;;;9974;19;9976;26;;;9967.5;0.0
yf_BGS_d8;15200;INTARIAN_PEPPER_ROOT;12685;13;12681;21;;;12691;14;12694;15;;;12688.0;0.0
yf_BGS_d8;15300;ASH_COATED_OSMIUM;9964;20;9961;28;;;9970;9;9973;32;;;9967.0;0.0
yf_BGS_d8;15300;INTARIAN_PEPPER_ROOT;12682;13;12680;18;;;12692;20;12696;19;;;12687.0;0.0
yf_BGS_d8;15400;ASH_COATED_OSMIUM;9947;18;9943;17;;;9985;11;9988;15;;;9966.0;0.0
yf_BGS_d8;15400;INTARIAN_PEPPER_ROOT;12683;15;12681;18;;;12689;18;12692;17;;;12686.0;0.0
yf_BGS_d8;15500;ASH_COATED_OSMIUM;9965;18;9961;18;;;9971;7;9975;16;;;9968.0;0.0
yf_BGS_d8;15500;INTARIAN_PEPPER_ROOT;12681;17;12678;22;;;12687;12;12691;22;;;12684.0;0.0
yf_BGS_d8;15600;ASH_COATED_OSMIUM;9960;13;9957;24;;;9976;29;9978;17;;;9968.0;0.0
yf_BGS_d8;15600;INTARIAN_PEPPER_ROOT;12675;20;12673;20;;;12690;6;12692;19;;;12682.5;0.0
yf_BGS_d8;15700;ASH_COATED_OSMIUM;9958;23;9956;24;;;9978;19;9982;25;;;9968.0;0.0
yf_BGS_d8;15700;INTARIAN_PEPPER_ROOT;12673;17;12669;21;;;12691;18;12694;25;;;12682.0;0.0
yf_BGS_d8;15800;ASH_COATED_OSMIUM;9955;11;9951;24;;;9979;11;9982;17;;;9967.0;0.0
yf_BGS_d8;15800;INTARIAN_PEPPER_ROOT;12676;23;12672;29;;;12684;19;12687;22;;;12680.0;0.0
yf_BGS_d8;15900;ASH_COATED_OSMIUM;9959;6;9956;19;;;9976;9;9978;15;;;9967.5;0.0
yf_BGS_d8;15900;INTARIAN_PEPPER_ROOT;12676;30;12672;21;;;12682;15;12684;17;;;12679.0;0.0
yf_BGS_d8;16000;ASH_COATED_OSMIUM;9964;17;9960;22;;;9970;19;9973;19;;;9967.0;0.0
yf_BGS_d8;16000;INTARIAN_PEPPER_ROOT;12674;15;12670;22;;;12681;14;12684;25;;;12677.5;0.0
yf_BGS_d8;16100;ASH_COATED_OSMIUM;9964;15;9961;16;;;9970;26;9973;21;;;9967.0;0.0
yf_BGS_d8;16100;INTARIAN_PEPPER_ROOT;12673;7;12669;16;;;12679;13;12683;20;;;12676.0;0.0
yf_BGS_d8;16200;ASH_COATED_OSMIUM;9964;16;9960;18;;;9970;12;9974;25;;;9967.0;0.0
yf_BGS_d8;16200;INTARIAN_PEPPER_ROOT;12672;20;12670;21;;;12678;13;12682;10;;;12675.0;0.0
yf_BGS_d8;16300;ASH_COATED_OSMIUM;9963;17;9959;24;;;9971;16;9975;21;;;9967.0;0.0
yf_BGS_d8;16300;INTARIAN_PEPPER_ROOT;12671;14;12668;19;;;12677;17;12680;19;;;12674.0;0.0
yf_BGS_d8;16400;ASH_COATED_OSMIUM;9964;10;9961;8;;;9970;11;9972;17;;;9967.0;0.0
yf_BGS_d8;16400;INTARIAN_PEPPER_ROOT;12668;11;12666;16;;;12677;19;12681;17;;;12672.5;0.0
yf_BGS_d8;16500;ASH_COATED_OSMIUM;9965;15;9962;22;;;9971;13;9975;11;;;9968.0;0.0
yf_BGS_d8;16500;INTARIAN_PEPPER_ROOT;12668;13;12664;9;;;12674;15;12678;11;;;12671.0;0.0
yf_BGS_d8;16600;ASH_COATED_OSMIUM;9964;8;9961;22;;;9970;15;9974;22;;;9967.0;0.0
yf_BGS_d8;16600;INTARIAN_PEPPER_ROOT;12666;17;12663;22;;;12674;22;12676;17;;;12670.0;0.0
yf_BGS_d8;16700;ASH_COATED_OSMIUM;9958;15;9955;13;;;9976;16;9980;23;;;9967.0;0.0
yf_BGS_d8;16700;INTARIAN_PEPPER_ROOT;12660;29;12657;28;;;12677;8;12681;17;;;12668.5;0.0
yf_BGS_d8;16800;ASH_COATED_OSMIUM;9963;7;9961;21;;;9971;13;9973;16;;;9967.0;0.0
yf_BGS_d8;16800;INTARIAN_PEPPER_ROOT;12664;14;12660;21;;;12670;21;12673;22;;;12667.0;0.0
yf_BGS_d8;16900;ASH_COATED_OSMIUM;9963;11;9961;16;;;9970;11;9974;16;;;9966.5;0.0
yf_BGS_d8;16900;INTARIAN_PEPPER_ROOT;12663;13;12660;12;;;12669;11;12671;16;;;12666.0;0.0
yf_BGS_d8;17000;ASH_COATED_OSMIUM;9963;18;9959;14;;;9973;15;9975;18;;;9968.0;0.0
yf_BGS_d8;17000;INTARIAN_PEPPER_ROOT;12659;11;12657;21;;;12670;13;12673;13;;;12664.5;0.0
yf_BGS_d8;17100;ASH_COATED_OSMIUM;9963;22;9959;29;;;9969;9;9973;19;;;9966.0;0.0
yf_BGS_d8;17100;INTARIAN_PEPPER_ROOT;12661;15;12659;24;;;12667;8;12671;23;;;12664.0;0.0
yf_BGS_d8;17200;ASH_COATED_OSMIUM;9964;11;9962;21;;;9971;14;9974;13;;;9967.5;0.0
yf_BGS_d8;17200;INTARIAN_PEPPER_ROOT;12647;12;12643;10;;;12679;17;12683;17;;;12663.0;0.0
yf_BGS_d8;17300;ASH_COATED_OSMIUM;9954;7;9952;17;;;9980;16;9984;18;;;9967.0;0.0
yf_BGS_d8;17300;INTARIAN_PEPPER_ROOT;12658;15;12654;23;;;12667;18;12670;14;;;12662.5;0.0
yf_BGS_d8;17400;ASH_COATED_OSMIUM;9955;23;9951;18;;;9979;20;9981;18;;;9967.0;0.0
yf_BGS_d8;17400;INTARIAN_PEPPER_ROOT;12656;17;12652;17;;;12668;23;12671;21;;;12662.0;0.0
yf_BGS_d8;17500;ASH_COATED_OSMIUM;9964;11;9960;34;;;9970;8;9972;24;;;9967.0;0.0
yf_BGS_d8;17500;INTARIAN_PEPPER_ROOT;12647;19;12643;18;;;12673;12;12676;30;;;12660.0;0.0
yf_BGS_d8;17600;ASH_COATED_OSMIUM;9957;9;9955;25;;;9979;10;9982;16;;;9968.0;0.0
yf_BGS_d8;17600;INTARIAN_PEPPER_ROOT;12656;15;12653;16;;;12662;19;12666;28;;;12659.0;0.0
yf_BGS_d8;17700;ASH_COATED_OSMIUM;9964;25;9960;29;;;9970;8;9973;17;;;9967.0;0.0
yf_BGS_d8;17700;INTARIAN_PEPPER_ROOT;12652;15;12650;19;;;12666;17;12670;24;;;12659.0;0.0
yf_BGS_d8;17800;ASH_COATED_OSMIUM;9963;11;9960;17;;;9971;9;9973;26;;;9967.0;0.0
yf_BGS_d8;17800;INTARIAN_PEPPER_ROOT;12655;16;12653;25;;;12661;15;12665;19;;;12658.0;0.0
yf_BGS_d8;17900;ASH_COATED_OSMIUM;9964;15;9962;22;;;9970;13;9972;18;;;9967.0;0.0
yf_BGS_d8;17900;INTARIAN_PEPPER_ROOT;12655;21;12651;28;;;12661;13;12665;17;;;12658.0;0.0
yf_BGS_d8;18000;ASH_COATED_OSMIUM;9964;14;9960;10;;;9970;11;9972;12;;;9967.0;0.0
yf_BGS_d8;18000;INTARIAN_PEPPER_ROOT;12654;22;12650;24;;;12660;23;12663;23;;;12657.0;0.0
yf_BGS_d8;18100;ASH_COATED_OSMIUM;9964;17;9960;20;;;9970;14;9974;24;;;9967.0;0.0
yf_BGS_d8;18100;INTARIAN_PEPPER_ROOT;12653;26;12651;11;;;12659;16;12661;24;;;12656.0;0.0
yf_BGS_d8;18200;ASH_COATED_OSMIUM;9963;8;9960;25;;;9971;18;9975;25;;;9967.0;0.0
yf_BGS_d8;18200;INTARIAN_PEPPER_ROOT;12645;9;12642;16;;;12665;18;12667;21;;;12655.0;0.0
yf_BGS_d8;18300;ASH_COATED_OSMIUM;9963;6;9960;19;;;9970;21;9974;21;;;9966.5;0.0
yf_BGS_d8;18300;INTARIAN_PEPPER_ROOT;12651;18;12647;24;;;12657;8;12660;22;;;12654.0;0.0
yf_BGS_d8;18400;ASH_COATED_OSMIUM;9952;11;9948;20;;;9982;11;9986;16;;;9967.0;0.0
yf_BGS_d8;18400;INTARIAN_PEPPER_ROOT;12638;11;12634;27;;;12670;9;12674;16;;;12654.0;0.0
yf_BGS_d8;18500;ASH_COATED_OSMIUM;9964;19;9962;10;;;9970;13;9972;23;;;9967.0;0.0
yf_BGS_d8;18500;INTARIAN_PEPPER_ROOT;12649;15;12646;21;;;12655;11;12659;26;;;12652.0;0.0
yf_BGS_d8;18600;ASH_COATED_OSMIUM;9962;9;9959;15;;;9971;19;9974;23;;;9966.5;0.0
yf_BGS_d8;18600;INTARIAN_PEPPER_ROOT;12645;5;12641;26;;;12658;9;12660;20;;;12651.5;0.0
yf_BGS_d8;18700;ASH_COATED_OSMIUM;9957;12;9953;18;;;9975;21;9977;16;;;9966.0;0.0
yf_BGS_d8;18700;INTARIAN_PEPPER_ROOT;12645;19;12642;27;;;12658;14;12660;19;;;12651.5;0.0
yf_BGS_d8;18800;ASH_COATED_OSMIUM;9964;19;9962;22;;;9970;24;9974;21;;;9967.0;0.0
yf_BGS_d8;18800;INTARIAN_PEPPER_ROOT;12647;17;12644;27;;;12653;16;12656;15;;;12650.0;0.0
yf_BGS_d8;18900;ASH_COATED_OSMIUM;9964;8;9960;22;;;9970;16;9972;22;;;9967.0;0.0
yf_BGS_d8;18900;INTARIAN_PEPPER_ROOT;12637;16;12633;17;;;12660;13;12662;28;;;12648.5;0.0
yf_BGS_d8;19000;ASH_COATED_OSMIUM;9955;12;9953;15;;;9977;13;9981;11;;;9966.0;0.0
yf_BGS_d8;19000;INTARIAN_PEPPER_ROOT;12645;5;12643;21;;;12651;14;12655;20;;;12648.0;0.0
yf_BGS_d8;19100;ASH_COATED_OSMIUM;9963;17;9961;18;;;9969;12;9972;26;;;9966.0;0.0
yf_BGS_d8;19100;INTARIAN_PEPPER_ROOT;12645;8;12641;15;;;12651;23;12653;19;;;12648.0;0.0
yf_BGS_d8;19200;ASH_COATED_OSMIUM;9962;24;9958;19;;;9972;17;9974;26;;;9967.0;0.0
yf_BGS_d8;19200;INTARIAN_PEPPER_ROOT;12643;28;12641;20;;;12649;18;12651;18;;;12646.0;0.0
yf_BGS_d8;19300;ASH_COATED_OSMIUM;9963;13;9960;19;;;9969;10;9972;17;;;9966.0;0.0
yf_BGS_d8;19300;INTARIAN_PEPPER_ROOT;12644;15;12642;16;;;12650;11;12652;16;;;12647.0;0.0
yf_BGS_d8;19400;ASH_COATED_OSMIUM;9963;13;9961;9;;;9969;16;9972;17;;;9966.0;0.0
yf_BGS_d8;19400;INTARIAN_PEPPER_ROOT;12643;21;12640;27;;;12649;14;12651;15;;;12646.0;0.0
yf_BGS_d8;19500;ASH_COATED_OSMIUM;9952;13;9948;18;;;9980;10;9983;18;;;9966.0;0.0
yf_BGS_d8;19500;INTARIAN_PEPPER_ROOT;12641;11;12639;14;;;12648;14;12651;21;;;12644.5;0.0
yf_BGS_d8;19600;ASH_COATED_OSMIUM;9960;19;9958;20;;;9974;21;9976;11;;;9967.0;0.0
yf_BGS_d8;19600;INTARIAN_PEPPER_ROOT;12640;23;12637;28;;;12647;11;12651;22;;;12643.5;0.0
yf_BGS_d8;19700;ASH_COATED_OSMIUM;9963;14;9960;22;;;9969;15;9973;13;;;9966.0;0.0
yf_BGS_d8;19700;INTARIAN_PEPPER_ROOT;12640;11;12637;26;;;12646;10;12650;21;;;12643.0;0.0
yf_BGS_d8;19800;ASH_COATED_OSMIUM;9963;13;9961;21;;;9969;15;9972;21;;;9966.0;0.0
yf_BGS_d8;19800;INTARIAN_PEPPER_ROOT;12639;7;12636;23;;;12645;13;12649;15;;;12642.0;0.0
yf_BGS_d8;19900;ASH_COATED_OSMIUM;9956;13;9954;20;;;9975;22;9979;21;;;9965.5;0.0
yf_BGS_d8;19900;INTARIAN_PEPPER_ROOT;12638;15;12634;19;;;12644;17;12648;19;;;12641.0;0.0
yf_BGS_d8;20000;ASH_COATED_OSMIUM;9963;12;9961;31;;;9969;19;9973;26;;;9966.0;0.0
yf_BGS_d8;20000;INTARIAN_PEPPER_ROOT;12637;11;12634;18;;;12643;14;12647;14;;;12640.0;0.0
yf_BGS_d8;20100;ASH_COATED_OSMIUM;9948;24;9944;17;;;9984;19;9986;17;;;9966.0;0.0
yf_BGS_d8;20100;INTARIAN_PEPPER_ROOT;12613;10;12609;16;;;12666;11;12670;26;;;12639.5;0.0
yf_BGS_d8;20200;ASH_COATED_OSMIUM;9946;12;9943;22;;;9986;8;9988;17;;;9966.0;0.0
yf_BGS_d8;20200;INTARIAN_PEPPER_ROOT;12635;22;12632;33;;;12641;9;12645;22;;;12638.0;0.0
yf_BGS_d8;20300;ASH_COATED_OSMIUM;9963;6;9960;24;;;9969;10;9972;19;;;9966.0;0.0
yf_BGS_d8;20300;INTARIAN_PEPPER_ROOT;12635;5;12632;16;;;12641;15;12643;17;;;12638.0;0.0
yf_BGS_d8;20400;ASH_COATED_OSMIUM;9960;17;9957;20;;;9970;16;9974;12;;;9965.0;0.0
yf_BGS_d8;20400;INTARIAN_PEPPER_ROOT;12634;14;12631;17;;;12640;18;12644;28;;;12637.0;0.0
yf_BGS_d8;20500;ASH_COATED_OSMIUM;9960;12;9957;17;;;9970;12;9972;17;;;9965.0;0.0
yf_BGS_d8;20500;INTARIAN_PEPPER_ROOT;12633;10;12631;16;;;12639;16;12642;17;;;12636.0;0.0
yf_BGS_d8;20600;ASH_COATED_OSMIUM;9958;16;9956;25;;;9974;15;9977;20;;;9966.0;0.0
yf_BGS_d8;20600;INTARIAN_PEPPER_ROOT;12633;16;12631;15;;;12639;22;12642;28;;;12636.0;0.0
yf_BGS_d8;20700;ASH_COATED_OSMIUM;9945;13;9941;21;;;9986;12;9990;26;;;9965.5;0.0
yf_BGS_d8;20700;INTARIAN_PEPPER_ROOT;12632;13;12628;16;;;12638;6;12642;21;;;12635.0;0.0
yf_BGS_d8;20800;ASH_COATED_OSMIUM;9961;8;9959;22;;;9971;21;9973;24;;;9966.0;0.0
yf_BGS_d8;20800;INTARIAN_PEPPER_ROOT;12628;21;12624;19;;;12640;12;12644;9;;;12634.0;0.0
yf_BGS_d8;20900;ASH_COATED_OSMIUM;9962;9;9959;26;;;9968;19;9972;27;;;9965.0;0.0
yf_BGS_d8;20900;INTARIAN_PEPPER_ROOT;12624;12;12621;26;;;12642;11;12646;16;;;12633.0;0.0
yf_BGS_d8;21000;ASH_COATED_OSMIUM;9961;18;9959;16;;;9969;10;9972;22;;;9965.0;0.0
yf_BGS_d8;21000;INTARIAN_PEPPER_ROOT;12629;12;12627;21;;;12636;19;12638;13;;;12632.5;0.0
yf_BGS_d8;21100;ASH_COATED_OSMIUM;9962;5;9959;21;;;9970;10;9972;20;;;9966.0;0.0
yf_BGS_d8;21100;INTARIAN_PEPPER_ROOT;12629;19;12627;13;;;12636;11;12639;20;;;12632.5;0.0
yf_BGS_d8;21200;ASH_COATED_OSMIUM;9963;22;9960;14;;;9969;22;9973;14;;;9966.0;0.0
yf_BGS_d8;21200;INTARIAN_PEPPER_ROOT;12627;13;12625;20;;;12634;16;12636;23;;;12630.5;0.0
yf_BGS_d8;21300;ASH_COATED_OSMIUM;9959;10;9957;16;;;9971;13;9975;21;;;9965.0;0.0
yf_BGS_d8;21300;INTARIAN_PEPPER_ROOT;12626;8;12623;32;;;12633;14;12637;22;;;12629.5;0.0
yf_BGS_d8;21400;ASH_COATED_OSMIUM;9962;15;9958;22;;;9968;16;9971;22;;;9965.0;0.0
yf_BGS_d8;21400;INTARIAN_PEPPER_ROOT;12626;12;12622;13;;;12632;21;12636;19;;;12629.0;0.0
yf_BGS_d8;21500;ASH_COATED_OSMIUM;9962;11;9960;13;;;9968;10;9970;10;;;9965.0;0.0
yf_BGS_d8;21500;INTARIAN_PEPPER_ROOT;12625;18;12623;21;;;12631;20;12634;11;;;12628.0;0.0
yf_BGS_d8;21600;ASH_COATED_OSMIUM;9962;7;9958;23;;;9968;12;9970;26;;;9965.0;0.0
yf_BGS_d8;21600;INTARIAN_PEPPER_ROOT;12622;8;12619;10;;;12632;10;12634;18;;;12627.0;0.0
yf_BGS_d8;21700;ASH_COATED_OSMIUM;9960;17;9958;13;;;9969;5;9973;24;;;9964.5;0.0
yf_BGS_d8;21700;INTARIAN_PEPPER_ROOT;12616;10;12612;17;;;12637;18;12640;17;;;12626.5;0.0
yf_BGS_d8;21800;ASH_COATED_OSMIUM;9962;16;9958;18;;;9968;13;9972;22;;;9965.0;0.0
yf_BGS_d8;21800;INTARIAN_PEPPER_ROOT;12621;20;12618;16;;;12631;11;12635;18;;;12626.0;0.0
yf_BGS_d8;21900;ASH_COATED_OSMIUM;9962;20;9958;27;;;9968;12;9971;23;;;9965.0;0.0
yf_BGS_d8;21900;INTARIAN_PEPPER_ROOT;12616;7;12613;19;;;12632;7;12634;17;;;12624.0;0.0
yf_BGS_d8;22000;ASH_COATED_OSMIUM;9960;15;9956;24;;;9969;8;9973;21;;;9964.5;0.0
yf_BGS_d8;22000;INTARIAN_PEPPER_ROOT;12621;19;12618;14;;;12627;14;12629;25;;;12624.0;0.0
yf_BGS_d8;22100;ASH_COATED_OSMIUM;9962;6;9959;23;;;9968;15;9972;15;;;9965.0;0.0
yf_BGS_d8;22100;INTARIAN_PEPPER_ROOT;12620;17;12618;19;;;12627;13;12629;14;;;12623.5;0.0
yf_BGS_d8;22200;ASH_COATED_OSMIUM;9962;15;9958;12;;;9968;17;9970;16;;;9965.0;0.0
yf_BGS_d8;22200;INTARIAN_PEPPER_ROOT;12619;19;12615;26;;;12627;13;12631;18;;;12623.0;0.0
yf_BGS_d8;22300;ASH_COATED_OSMIUM;9961;14;9957;18;;;9967;17;9969;15;;;9964.0;0.0
yf_BGS_d8;22300;INTARIAN_PEPPER_ROOT;12617;13;12615;17;;;12626;18;12628;21;;;12621.5;0.0
yf_BGS_d8;22400;ASH_COATED_OSMIUM;9962;11;9958;24;;;9968;5;9971;20;;;9965.0;0.0
yf_BGS_d8;22400;INTARIAN_PEPPER_ROOT;12616;11;12614;19;;;12625;26;12627;14;;;12620.5;0.0
yf_BGS_d8;22500;ASH_COATED_OSMIUM;9962;20;9958;17;;;9968;9;9972;18;;;9965.0;0.0
yf_BGS_d8;22500;INTARIAN_PEPPER_ROOT;12617;6;12614;18;;;12623;16;12627;20;;;12620.0;0.0
yf_BGS_d8;22600;ASH_COATED_OSMIUM;9962;16;9959;21;;;9968;13;9972;16;;;9965.0;0.0
yf_BGS_d8;22600;INTARIAN_PEPPER_ROOT;12616;11;12614;22;;;12622;21;12626;26;;;12619.0;0.0
yf_BGS_d8;22700;ASH_COATED_OSMIUM;9959;14;9956;17;;;9971;20;9975;21;;;9965.0;0.0
yf_BGS_d8;22700;INTARIAN_PEPPER_ROOT;12615;16;12611;25;;;12621;13;12623;20;;;12618.0;0.0
yf_BGS_d8;22800;ASH_COATED_OSMIUM;9950;5;9948;18;;;9978;13;9982;15;;;9964.0;0.0
yf_BGS_d8;22800;INTARIAN_PEPPER_ROOT;12613;12;12611;26;;;12622;5;12625;21;;;12617.5;0.0
yf_BGS_d8;22900;ASH_COATED_OSMIUM;9962;17;9959;21;;;9968;20;9972;13;;;9965.0;0.0
yf_BGS_d8;22900;INTARIAN_PEPPER_ROOT;12614;17;12612;14;;;12620;18;12623;23;;;12617.0;0.0
yf_BGS_d8;23000;ASH_COATED_OSMIUM;9958;20;9955;24;;;9972;14;9976;11;;;9965.0;0.0
yf_BGS_d8;23000;INTARIAN_PEPPER_ROOT;12613;13;12610;25;;;12619;19;12621;18;;;12616.0;0.0
yf_BGS_d8;23100;ASH_COATED_OSMIUM;9961;8;9957;24;;;9967;12;9969;23;;;9964.0;0.0
yf_BGS_d8;23100;INTARIAN_PEPPER_ROOT;12593;13;12590;22;;;12636;15;12640;16;;;12614.5;0.0
yf_BGS_d8;23200;ASH_COATED_OSMIUM;9956;14;9952;16;;;9973;12;9975;27;;;9964.5;0.0
yf_BGS_d8;23200;INTARIAN_PEPPER_ROOT;12612;8;12608;21;;;12618;5;12621;21;;;12615.0;0.0
yf_BGS_d8;23300;ASH_COATED_OSMIUM;9958;24;9955;15;;;9971;12;9973;26;;;9964.5;0.0
yf_BGS_d8;23300;INTARIAN_PEPPER_ROOT;12610;22;12607;28;;;12616;12;12620;20;;;12613.0;0.0
yf_BGS_d8;23400;ASH_COATED_OSMIUM;9962;21;9958;23;;;9968;22;9972;16;;;9965.0;0.0
yf_BGS_d8;23400;INTARIAN_PEPPER_ROOT;12609;24;12607;22;;;12615;17;12619;16;;;12612.0;0.0
yf_BGS_d8;23500;ASH_COATED_OSMIUM;9961;25;9959;28;;;9967;14;9971;25;;;9964.0;0.0
yf_BGS_d8;23500;INTARIAN_PEPPER_ROOT;12609;24;12605;24;;;12615;18;12618;24;;;12612.0;0.0
yf_BGS_d8;23600;ASH_COATED_OSMIUM;9961;15;9957;25;;;9968;16;9970;15;;;9964.5;0.0
yf_BGS_d8;23600;INTARIAN_PEPPER_ROOT;12603;16;12601;12;;;12619;11;12622;23;;;12611.0;0.0
yf_BGS_d8;23700;ASH_COATED_OSMIUM;9961;12;9959;20;;;9968;14;9972;17;;;9964.5;0.0
yf_BGS_d8;23700;INTARIAN_PEPPER_ROOT;12605;20;12601;21;;;12615;20;12617;20;;;12610.0;0.0
yf_BGS_d8;23800;ASH_COATED_OSMIUM;9961;9;9958;21;;;9967;12;9969;28;;;9964.0;0.0
yf_BGS_d8;23800;INTARIAN_PEPPER_ROOT;12605;22;12603;23;;;12615;9;12617;21;;;12610.0;0.0
yf_BGS_d8;23900;ASH_COATED_OSMIUM;9961;22;9959;19;;;9967;18;9969;26;;;9964.0;0.0
yf_BGS_d8;23900;INTARIAN_PEPPER_ROOT;12606;13;12603;16;;;12612;19;12614;21;;;12609.0;0.0
yf_BGS_d8;24000;ASH_COATED_OSMIUM;9958;14;9955;21;;;9971;5;9973;15;;;9964.5;0.0
yf_BGS_d8;24000;INTARIAN_PEPPER_ROOT;12601;16;12597;24;;;12615;14;12619;13;;;12608.0;0.0
yf_BGS_d8;24100;ASH_COATED_OSMIUM;9961;13;9958;28;;;9967;13;9969;32;;;9964.0;0.0
yf_BGS_d8;24100;INTARIAN_PEPPER_ROOT;12596;14;12592;25;;;12618;7;12621;18;;;12607.0;0.0
yf_BGS_d8;24200;ASH_COATED_OSMIUM;9961;7;9957;21;;;9967;22;9970;26;;;9964.0;0.0
yf_BGS_d8;24200;INTARIAN_PEPPER_ROOT;12604;16;12601;26;;;12610;12;12612;25;;;12607.0;0.0
yf_BGS_d8;24300;ASH_COATED_OSMIUM;9961;15;9958;15;;;9967;21;9970;20;;;9964.0;0.0
yf_BGS_d8;24300;INTARIAN_PEPPER_ROOT;12602;19;12598;20;;;12608;9;12610;18;;;12605.0;0.0
yf_BGS_d8;24400;ASH_COATED_OSMIUM;9961;11;9959;20;;;9967;18;9969;11;;;9964.0;0.0
yf_BGS_d8;24400;INTARIAN_PEPPER_ROOT;12601;17;12598;17;;;12609;9;12613;26;;;12605.0;0.0
yf_BGS_d8;24500;ASH_COATED_OSMIUM;9961;13;9959;24;;;9967;17;9971;21;;;9964.0;0.0
yf_BGS_d8;24500;INTARIAN_PEPPER_ROOT;12598;17;12596;21;;;12610;7;12613;16;;;12604.0;0.0
yf_BGS_d8;24600;ASH_COATED_OSMIUM;9959;8;9957;17;;;9969;18;9973;20;;;9964.0;0.0
yf_BGS_d8;24600;INTARIAN_PEPPER_ROOT;12597;16;12593;15;;;12608;18;12612;30;;;12602.5;0.0
yf_BGS_d8;24700;ASH_COATED_OSMIUM;9961;20;9957;23;;;9967;8;9969;20;;;9964.0;0.0
yf_BGS_d8;24700;INTARIAN_PEPPER_ROOT;12598;11;12594;15;;;12608;13;12610;16;;;12603.0;0.0
yf_BGS_d8;24800;ASH_COATED_OSMIUM;9960;18;9958;10;;;9966;5;9969;24;;;9963.0;0.0
yf_BGS_d8;24800;INTARIAN_PEPPER_ROOT;12575;19;12571;16;;;12628;13;12630;21;;;12601.5;0.0
yf_BGS_d8;24900;ASH_COATED_OSMIUM;9955;8;9953;20;;;9972;15;9975;14;;;9963.5;0.0
yf_BGS_d8;24900;INTARIAN_PEPPER_ROOT;12598;18;12596;8;;;12604;22;12606;20;;;12601.0;0.0
yf_BGS_d8;25000;ASH_COATED_OSMIUM;9961;18;9959;23;;;9967;7;9969;12;;;9964.0;0.0
yf_BGS_d8;25000;INTARIAN_PEPPER_ROOT;12597;10;12593;14;;;12603;11;12607;18;;;12600.0;0.0
yf_BGS_d8;25100;ASH_COATED_OSMIUM;9958;8;9954;18;;;9967;20;9969;18;;;9962.5;0.0
yf_BGS_d8;25100;INTARIAN_PEPPER_ROOT;12593;15;12590;20;;;12606;18;12609;24;;;12599.5;0.0
yf_BGS_d8;25200;ASH_COATED_OSMIUM;9955;9;9952;19;;;9972;20;9975;16;;;9963.5;0.0
yf_BGS_d8;25200;INTARIAN_PEPPER_ROOT;12594;13;12590;24;;;12601;26;12605;29;;;12597.5;0.0
yf_BGS_d8;25300;ASH_COATED_OSMIUM;9960;10;9956;15;;;9966;13;9969;24;;;9963.0;0.0
yf_BGS_d8;25300;INTARIAN_PEPPER_ROOT;12593;25;12589;19;;;12602;6;12605;16;;;12597.5;0.0
yf_BGS_d8;25400;ASH_COATED_OSMIUM;9960;23;9958;18;;;9966;10;9968;27;;;9963.0;0.0
yf_BGS_d8;25400;INTARIAN_PEPPER_ROOT;12594;21;12592;27;;;12600;17;12602;22;;;12597.0;0.0
yf_BGS_d8;25500;ASH_COATED_OSMIUM;9951;17;9947;17;;;9976;16;9980;14;;;9963.5;0.0
yf_BGS_d8;25500;INTARIAN_PEPPER_ROOT;12593;16;12590;16;;;12599;10;12603;22;;;12596.0;0.0
yf_BGS_d8;25600;ASH_COATED_OSMIUM;9960;19;9958;19;;;9966;7;9969;12;;;9963.0;0.0
yf_BGS_d8;25600;INTARIAN_PEPPER_ROOT;12591;17;12587;24;;;12597;13;12600;14;;;12594.0;0.0
yf_BGS_d8;25700;ASH_COATED_OSMIUM;9960;17;9958;24;;;9966;16;9970;19;;;9963.0;0.0
yf_BGS_d8;25700;INTARIAN_PEPPER_ROOT;12591;12;12588;15;;;12597;9;12600;16;;;12594.0;0.0
yf_BGS_d8;25800;ASH_COATED_OSMIUM;9960;15;9957;15;;;9966;22;9968;19;;;9963.0;0.0
yf_BGS_d8;25800;INTARIAN_PEPPER_ROOT;12588;16;12585;21;;;12597;15;12601;11;;;12592.5;0.0
yf_BGS_d8;25900;ASH_COATED_OSMIUM;9959;11;9955;18;;;9968;11;9972;13;;;9963.5;0.0
yf_BGS_d8;25900;INTARIAN_PEPPER_ROOT;12583;14;12581;22;;;12601;11;12604;20;;;12592.0;0.0
yf_BGS_d8;26000;ASH_COATED_OSMIUM;9960;16;9956;26;;;9966;6;9969;30;;;9963.0;0.0
yf_BGS_d8;26000;INTARIAN_PEPPER_ROOT;12589;10;12586;21;;;12595;16;12598;25;;;12592.0;0.0
yf_BGS_d8;26100;ASH_COATED_OSMIUM;9960;15;9956;35;;;9966;22;9970;25;;;9963.0;0.0
yf_BGS_d8;26100;INTARIAN_PEPPER_ROOT;12586;19;12584;20;;;12595;14;12599;23;;;12590.5;0.0
yf_BGS_d8;26200;ASH_COATED_OSMIUM;9960;8;9957;17;;;9966;18;9968;28;;;9963.0;0.0
yf_BGS_d8;26200;INTARIAN_PEPPER_ROOT;12587;5;12584;18;;;12593;15;12595;17;;;12590.0;0.0
yf_BGS_d8;26300;ASH_COATED_OSMIUM;9955;20;9951;24;;;9971;10;9973;18;;;9963.0;0.0
yf_BGS_d8;26300;INTARIAN_PEPPER_ROOT;12586;11;12584;21;;;12592;12;12596;18;;;12589.0;0.0
yf_BGS_d8;26400;ASH_COATED_OSMIUM;9960;15;9957;14;;;9966;8;9970;20;;;9963.0;0.0
yf_BGS_d8;26400;INTARIAN_PEPPER_ROOT;12585;14;12581;28;;;12591;20;12594;14;;;12588.0;0.0
yf_BGS_d8;26500;ASH_COATED_OSMIUM;9960;16;9956;13;;;9966;11;9968;25;;;9963.0;0.0
yf_BGS_d8;26500;INTARIAN_PEPPER_ROOT;12580;14;12577;23;;;12594;12;12597;15;;;12587.0;0.0
yf_BGS_d8;26600;ASH_COATED_OSMIUM;9960;21;9956;18;;;9966;16;9969;22;;;9963.0;0.0
yf_BGS_d8;26600;INTARIAN_PEPPER_ROOT;12584;14;12581;24;;;12590;18;12592;17;;;12587.0;0.0
yf_BGS_d8;26700;ASH_COATED_OSMIUM;9960;17;9956;22;;;9966;19;9968;19;;;9963.0;0.0
yf_BGS_d8;26700;INTARIAN_PEPPER_ROOT;12583;9;12580;19;;;12589;14;12593;21;;;12586.0;0.0
yf_BGS_d8;26800;ASH_COATED_OSMIUM;9960;12;9956;20;;;9966;23;9968;20;;;9963.0;0.0
yf_BGS_d8;26800;INTARIAN_PEPPER_ROOT;12582;6;12578;24;;;12588;16;12592;23;;;12585.0;0.0
yf_BGS_d8;26900;ASH_COATED_OSMIUM;9952;16;9948;27;;;9972;8;9974;32;;;9962.0;0.0
yf_BGS_d8;26900;INTARIAN_PEPPER_ROOT;12576;15;12573;21;;;12593;14;12595;15;;;12584.5;0.0
yf_BGS_d8;27000;ASH_COATED_OSMIUM;9951;13;9947;19;;;9974;12;9977;23;;;9962.5;0.0
yf_BGS_d8;27000;INTARIAN_PEPPER_ROOT;12580;5;12578;16;;;12586;14;12590;15;;;12583.0;0.0
yf_BGS_d8;27100;ASH_COATED_OSMIUM;9959;15;9956;15;;;9965;19;9967;22;;;9962.0;0.0
yf_BGS_d8;27100;INTARIAN_PEPPER_ROOT;12580;8;12577;18;;;12586;12;12588;23;;;12583.0;0.0
yf_BGS_d8;27200;ASH_COATED_OSMIUM;9957;15;9954;14;;;9966;15;9969;14;;;9961.5;0.0
yf_BGS_d8;27200;INTARIAN_PEPPER_ROOT;12579;14;12577;20;;;12585;13;12588;18;;;12582.0;0.0
yf_BGS_d8;27300;ASH_COATED_OSMIUM;9951;20;9949;23;;;9974;20;9978;20;;;9962.5;0.0
yf_BGS_d8;27300;INTARIAN_PEPPER_ROOT;12578;13;12575;22;;;12584;18;12587;11;;;12581.0;0.0
yf_BGS_d8;27400;ASH_COATED_OSMIUM;9959;14;9956;15;;;9965;10;9968;28;;;9962.0;0.0
yf_BGS_d8;27400;INTARIAN_PEPPER_ROOT;12577;5;12574;27;;;12583;13;12585;25;;;12580.0;0.0
yf_BGS_d8;27500;ASH_COATED_OSMIUM;9960;19;9958;14;;;9966;9;9968;17;;;9963.0;0.0
yf_BGS_d8;27500;INTARIAN_PEPPER_ROOT;12573;12;12569;32;;;12587;17;12590;24;;;12580.0;0.0
yf_BGS_d8;27600;ASH_COATED_OSMIUM;9960;17;9958;17;;;9966;21;9969;18;;;9963.0;0.0
yf_BGS_d8;27600;INTARIAN_PEPPER_ROOT;12569;13;12567;27;;;12588;16;12592;12;;;12578.5;0.0
yf_BGS_d8;27700;ASH_COATED_OSMIUM;9959;17;9956;27;;;9965;8;9968;19;;;9962.0;0.0
yf_BGS_d8;27700;INTARIAN_PEPPER_ROOT;12574;15;12570;29;;;12581;12;12585;29;;;12577.5;0.0
yf_BGS_d8;27800;ASH_COATED_OSMIUM;9958;15;9956;28;;;9966;14;9968;12;;;9962.0;0.0
yf_BGS_d8;27800;INTARIAN_PEPPER_ROOT;12571;9;12569;16;;;12583;15;12586;15;;;12577.0;0.0
yf_BGS_d8;27900;ASH_COATED_OSMIUM;9959;12;9957;12;;;9965;16;9968;20;;;9962.0;0.0
yf_BGS_d8;27900;INTARIAN_PEPPER_ROOT;12569;26;12565;18;;;12583;21;12587;19;;;12576.0;0.0
yf_BGS_d8;28000;ASH_COATED_OSMIUM;9959;17;9955;18;;;9965;21;9967;12;;;9962.0;0.0
yf_BGS_d8;28000;INTARIAN_PEPPER_ROOT;12563;7;12559;25;;;12587;8;12589;20;;;12575.0;0.0
yf_BGS_d8;28100;ASH_COATED_OSMIUM;9959;5;9957;22;;;9965;22;9968;10;;;9962.0;0.0
yf_BGS_d8;28100;INTARIAN_PEPPER_ROOT;12572;16;12569;16;;;12578;17;12582;12;;;12575.0;0.0
yf_BGS_d8;28200;ASH_COATED_OSMIUM;9959;13;9955;22;;;9965;12;9969;19;;;9962.0;0.0
yf_BGS_d8;28200;INTARIAN_PEPPER_ROOT;12571;19;12569;11;;;12577;12;12579;20;;;12574.0;0.0
yf_BGS_d8;28300;ASH_COATED_OSMIUM;9956;13;9953;25;;;9967;20;9971;19;;;9961.5;0.0
yf_BGS_d8;28300;INTARIAN_PEPPER_ROOT;12570;5;12567;22;;;12576;12;12579;19;;;12573.0;0.0
yf_BGS_d8;28400;ASH_COATED_OSMIUM;9959;13;9956;29;;;9965;13;9968;11;;;9962.0;0.0
yf_BGS_d8;28400;INTARIAN_PEPPER_ROOT;12568;19;12564;19;;;12577;13;12580;20;;;12572.5;0.0
yf_BGS_d8;28500;ASH_COATED_OSMIUM;9959;17;9956;15;;;9965;23;9968;30;;;9962.0;0.0
yf_BGS_d8;28500;INTARIAN_PEPPER_ROOT;12569;16;12567;22;;;12575;22;12578;14;;;12572.0;0.0
yf_BGS_d8;28600;ASH_COATED_OSMIUM;9959;23;9955;17;;;9965;16;9968;17;;;9962.0;0.0
yf_BGS_d8;28600;INTARIAN_PEPPER_ROOT;12567;17;12565;18;;;12573;13;12576;20;;;12570.0;0.0
yf_BGS_d8;28700;ASH_COATED_OSMIUM;9959;18;9955;21;;;9965;9;9967;18;;;9962.0;0.0
yf_BGS_d8;28700;INTARIAN_PEPPER_ROOT;12566;14;12562;16;;;12572;8;12576;16;;;12569.0;0.0
yf_BGS_d8;28800;ASH_COATED_OSMIUM;9956;5;9952;20;;;9968;22;9971;32;;;9962.0;0.0
yf_BGS_d8;28800;INTARIAN_PEPPER_ROOT;12566;11;12562;13;;;12572;14;12576;26;;;12569.0;0.0
yf_BGS_d8;28900;ASH_COATED_OSMIUM;9958;18;9956;24;;;9964;18;9966;16;;;9961.0;0.0
yf_BGS_d8;28900;INTARIAN_PEPPER_ROOT;12565;15;12563;15;;;12571;14;12575;17;;;12568.0;0.0
yf_BGS_d8;29000;ASH_COATED_OSMIUM;9958;17;9955;16;;;9964;15;9968;8;;;9961.0;0.0
yf_BGS_d8;29000;INTARIAN_PEPPER_ROOT;12565;16;12562;22;;;12571;24;12573;19;;;12568.0;0.0
yf_BGS_d8;29100;ASH_COATED_OSMIUM;9958;11;9955;12;;;9965;20;9967;18;;;9961.5;0.0
yf_BGS_d8;29100;INTARIAN_PEPPER_ROOT;12560;9;12558;20;;;12573;22;12575;30;;;12566.5;0.0
yf_BGS_d8;29200;ASH_COATED_OSMIUM;9958;12;9956;15;;;9964;22;9968;23;;;9961.0;0.0
yf_BGS_d8;29200;INTARIAN_PEPPER_ROOT;12561;7;12559;13;;;12570;18;12572;20;;;12565.5;0.0
yf_BGS_d8;29300;ASH_COATED_OSMIUM;9959;19;9956;20;;;9965;17;9967;25;;;9962.0;0.0
yf_BGS_d8;29300;INTARIAN_PEPPER_ROOT;12552;13;12549;19;;;12577;10;12581;23;;;12564.5;0.0
yf_BGS_d8;29400;ASH_COATED_OSMIUM;9958;14;9954;24;;;9964;19;9967;21;;;9961.0;0.0
yf_BGS_d8;29400;INTARIAN_PEPPER_ROOT;12561;14;12558;21;;;12567;8;12570;11;;;12564.0;0.0
yf_BGS_d8;29500;ASH_COATED_OSMIUM;9958;20;9955;18;;;9965;8;9969;10;;;9961.5;0.0
yf_BGS_d8;29500;INTARIAN_PEPPER_ROOT;12551;15;12547;15;;;12575;11;12577;9;;;12563.0;0.0
yf_BGS_d8;29600;ASH_COATED_OSMIUM;9956;14;9953;22;;;9967;15;9969;19;;;9961.5;0.0
yf_BGS_d8;29600;INTARIAN_PEPPER_ROOT;12551;11;12548;22;;;12573;8;12577;19;;;12562.0;0.0
yf_BGS_d8;29700;ASH_COATED_OSMIUM;9958;13;9956;15;;;9964;22;9968;21;;;9961.0;0.0
yf_BGS_d8;29700;INTARIAN_PEPPER_ROOT;12559;15;12556;23;;;12565;14;12568;14;;;12562.0;0.0
yf_BGS_d8;29800;ASH_COATED_OSMIUM;9953;10;9949;24;;;9969;16;9973;21;;;9961.0;0.0
yf_BGS_d8;29800;INTARIAN_PEPPER_ROOT;12554;11;12550;21;;;12568;11;12570;25;;;12561.0;0.0
yf_BGS_d8;29900;ASH_COATED_OSMIUM;9957;13;9955;20;;;9964;15;9968;22;;;9960.5;0.0
yf_BGS_d8;29900;INTARIAN_PEPPER_ROOT;12557;19;12555;20;;;12563;8;12567;33;;;12560.0;0.0
yf_BGS_d8;30000;ASH_COATED_OSMIUM;9950;11;9948;20;;;9972;13;9974;17;;;9961.0;0.0
yf_BGS_d8;30000;INTARIAN_PEPPER_ROOT;12549;15;12545;17;;;12570;22;12574;29;;;12559.5;0.0
yf_BGS_d8;30100;ASH_COATED_OSMIUM;9951;14;9948;19;;;9970;18;9974;13;;;9960.5;0.0
yf_BGS_d8;30100;INTARIAN_PEPPER_ROOT;12551;24;12549;15;;;12565;16;12569;19;;;12558.0;0.0
yf_BGS_d8;30200;ASH_COATED_OSMIUM;9958;19;9956;18;;;9964;12;9967;22;;;9961.0;0.0
yf_BGS_d8;30200;INTARIAN_PEPPER_ROOT;12555;14;12551;19;;;12561;13;12563;24;;;12558.0;0.0
yf_BGS_d8;30300;ASH_COATED_OSMIUM;9959;13;9956;12;;;9965;14;9969;17;;;9962.0;0.0
yf_BGS_d8;30300;INTARIAN_PEPPER_ROOT;12554;26;12552;30;;;12560;13;12563;13;;;12557.0;0.0
yf_BGS_d8;30400;ASH_COATED_OSMIUM;9958;17;9954;20;;;9965;9;9967;14;;;9961.5;0.0
yf_BGS_d8;30400;INTARIAN_PEPPER_ROOT;12552;19;12550;16;;;12561;8;12563;19;;;12556.5;0.0
yf_BGS_d8;30500;ASH_COATED_OSMIUM;9956;15;9953;28;;;9965;15;9968;24;;;9960.5;0.0
yf_BGS_d8;30500;INTARIAN_PEPPER_ROOT;12552;21;12550;24;;;12558;5;12562;23;;;12555.0;0.0
yf_BGS_d8;30600;ASH_COATED_OSMIUM;9957;11;9953;12;;;9963;5;9966;16;;;9960.0;0.0
yf_BGS_d8;30600;INTARIAN_PEPPER_ROOT;12552;17;12550;21;;;12558;17;12561;8;;;12555.0;0.0
yf_BGS_d8;30700;ASH_COATED_OSMIUM;9954;14;9950;18;;;9967;17;9971;20;;;9960.5;0.0
yf_BGS_d8;30700;INTARIAN_PEPPER_ROOT;12550;14;12546;12;;;12556;19;12558;20;;;12553.0;0.0
yf_BGS_d8;30800;ASH_COATED_OSMIUM;9949;14;9945;14;;;9972;18;9976;17;;;9960.5;0.0
yf_BGS_d8;30800;INTARIAN_PEPPER_ROOT;12549;14;12545;25;;;12555;18;12559;26;;;12552.0;0.0
yf_BGS_d8;30900;ASH_COATED_OSMIUM;9957;16;9954;12;;;9963;11;9966;21;;;9960.0;0.0
yf_BGS_d8;30900;INTARIAN_PEPPER_ROOT;12549;17;12547;21;;;12555;10;12558;20;;;12552.0;0.0
yf_BGS_d8;31000;ASH_COATED_OSMIUM;9957;12;9955;14;;;9963;8;9967;16;;;9960.0;0.0
yf_BGS_d8;31000;INTARIAN_PEPPER_ROOT;12540;11;12536;23;;;12561;16;12563;17;;;12550.5;0.0
yf_BGS_d8;31100;ASH_COATED_OSMIUM;9957;25;9953;19;;;9963;8;9966;17;;;9960.0;0.0
yf_BGS_d8;31100;INTARIAN_PEPPER_ROOT;12547;10;12543;21;;;12553;14;12556;14;;;12550.0;0.0
yf_BGS_d8;31200;ASH_COATED_OSMIUM;9957;15;9953;18;;;9963;21;9967;13;;;9960.0;0.0
yf_BGS_d8;31200;INTARIAN_PEPPER_ROOT;12547;22;12544;19;;;12553;15;12556;18;;;12550.0;0.0
yf_BGS_d8;31300;ASH_COATED_OSMIUM;9955;12;9953;18;;;9966;12;9969;30;;;9960.5;0.0
yf_BGS_d8;31300;INTARIAN_PEPPER_ROOT;12546;5;12544;27;;;12552;17;12554;23;;;12549.0;0.0
yf_BGS_d8;31400;ASH_COATED_OSMIUM;9957;23;9953;18;;;9963;16;9966;26;;;9960.0;0.0
yf_BGS_d8;31400;INTARIAN_PEPPER_ROOT;12545;9;12541;22;;;12551;8;12554;27;;;12548.0;0.0
yf_BGS_d8;31500;ASH_COATED_OSMIUM;9957;10;9955;17;;;9963;9;9966;16;;;9960.0;0.0
yf_BGS_d8;31500;INTARIAN_PEPPER_ROOT;12545;14;12541;12;;;12551;7;12553;21;;;12548.0;0.0
yf_BGS_d8;31600;ASH_COATED_OSMIUM;9957;12;9953;23;;;9963;11;9965;25;;;9960.0;0.0
yf_BGS_d8;31600;INTARIAN_PEPPER_ROOT;12539;27;12535;13;;;12555;6;12559;16;;;12547.0;0.0
yf_BGS_d8;31700;ASH_COATED_OSMIUM;9956;12;9952;15;;;9965;19;9969;14;;;9960.5;0.0
yf_BGS_d8;31700;INTARIAN_PEPPER_ROOT;12543;8;12539;12;;;12549;21;12553;22;;;12546.0;0.0
yf_BGS_d8;31800;ASH_COATED_OSMIUM;9956;14;9954;21;;;9963;5;9966;21;;;9959.5;0.0
yf_BGS_d8;31800;INTARIAN_PEPPER_ROOT;12541;15;12537;20;;;12547;11;12549;24;;;12544.0;0.0
yf_BGS_d8;31900;ASH_COATED_OSMIUM;9947;21;9944;18;;;9973;10;9976;19;;;9960.0;0.0
yf_BGS_d8;31900;INTARIAN_PEPPER_ROOT;12539;15;12536;24;;;12548;20;12550;12;;;12543.5;0.0
yf_BGS_d8;32000;ASH_COATED_OSMIUM;9956;13;9953;22;;;9962;9;9965;17;;;9959.0;0.0
yf_BGS_d8;32000;INTARIAN_PEPPER_ROOT;12527;20;12525;26;;;12560;11;12563;17;;;12543.5;0.0
yf_BGS_d8;32100;ASH_COATED_OSMIUM;9951;14;9948;24;;;9970;18;9972;19;;;9960.5;0.0
yf_BGS_d8;32100;INTARIAN_PEPPER_ROOT;12536;17;12532;14;;;12548;21;12551;18;;;12542.0;0.0
yf_BGS_d8;32200;ASH_COATED_OSMIUM;9957;11;9955;25;;;9963;17;9966;15;;;9960.0;0.0
yf_BGS_d8;32200;INTARIAN_PEPPER_ROOT;12538;11;12535;14;;;12544;17;12547;32;;;12541.0;0.0
yf_BGS_d8;32300;ASH_COATED_OSMIUM;9957;19;9954;16;;;9963;8;9967;17;;;9960.0;0.0
yf_BGS_d8;32300;INTARIAN_PEPPER_ROOT;12537;8;12534;17;;;12543;14;12546;14;;;12540.0;0.0
yf_BGS_d8;32400;ASH_COATED_OSMIUM;9957;19;9955;8;;;9963;19;9967;20;;;9960.0;0.0
yf_BGS_d8;32400;INTARIAN_PEPPER_ROOT;12531;15;12527;23;;;12549;12;12551;26;;;12540.0;0.0
yf_BGS_d8;32500;ASH_COATED_OSMIUM;9957;13;9955;10;;;9963;19;9967;16;;;9960.0;0.0
yf_BGS_d8;32500;INTARIAN_PEPPER_ROOT;12535;8;12533;29;;;12541;10;12544;22;;;12538.0;0.0
yf_BGS_d8;32600;ASH_COATED_OSMIUM;9955;10;9953;15;;;9965;23;9969;23;;;9960.0;0.0
yf_BGS_d8;32600;INTARIAN_PEPPER_ROOT;12535;12;12533;28;;;12541;17;12543;17;;;12538.0;0.0
yf_BGS_d8;32700;ASH_COATED_OSMIUM;9957;9;9953;24;;;9963;19;9965;19;;;9960.0;0.0
yf_BGS_d8;32700;INTARIAN_PEPPER_ROOT;12532;10;12528;20;;;12543;16;12546;23;;;12537.5;0.0
yf_BGS_d8;32800;ASH_COATED_OSMIUM;9953;18;9950;24;;;9968;12;9971;27;;;9960.5;0.0
yf_BGS_d8;32800;INTARIAN_PEPPER_ROOT;12533;9;12530;17;;;12539;13;12541;13;;;12536.0;0.0
yf_BGS_d8;32900;ASH_COATED_OSMIUM;9953;14;9949;19;;;9968;16;9971;21;;;9960.5;0.0
yf_BGS_d8;32900;INTARIAN_PEPPER_ROOT;12533;10;12531;12;;;12539;10;12541;13;;;12536.0;0.0
yf_BGS_d8;33000;ASH_COATED_OSMIUM;9957;16;9953;22;;;9963;17;9966;18;;;9960.0;0.0
yf_BGS_d8;33000;INTARIAN_PEPPER_ROOT;12528;17;12525;23;;;12542;17;12546;17;;;12535.0;0.0
yf_BGS_d8;33100;ASH_COATED_OSMIUM;9957;5;9953;19;;;9963;18;9965;20;;;9960.0;0.0
yf_BGS_d8;33100;INTARIAN_PEPPER_ROOT;12530;15;12527;24;;;12538;27;12540;17;;;12534.0;0.0
yf_BGS_d8;33200;ASH_COATED_OSMIUM;9957;18;9953;14;;;9963;13;9966;25;;;9960.0;0.0
yf_BGS_d8;33200;INTARIAN_PEPPER_ROOT;12530;16;12527;26;;;12536;15;12538;23;;;12533.0;0.0
yf_BGS_d8;33300;ASH_COATED_OSMIUM;9957;12;9954;25;;;9963;12;9965;25;;;9960.0;0.0
yf_BGS_d8;33300;INTARIAN_PEPPER_ROOT;12524;15;12521;8;;;12540;17;12544;19;;;12532.0;0.0
yf_BGS_d8;33400;ASH_COATED_OSMIUM;9956;17;9952;25;;;9962;20;9965;20;;;9959.0;0.0
yf_BGS_d8;33400;INTARIAN_PEPPER_ROOT;12529;13;12525;16;;;12535;9;12539;13;;;12532.0;0.0
yf_BGS_d8;33500;ASH_COATED_OSMIUM;9957;12;9954;18;;;9963;18;9966;20;;;9960.0;0.0
yf_BGS_d8;33500;INTARIAN_PEPPER_ROOT;12528;9;12526;11;;;12534;5;12537;16;;;12531.0;0.0
yf_BGS_d8;33600;ASH_COATED_OSMIUM;9957;19;9955;22;;;9963;12;9967;22;;;9960.0;0.0
yf_BGS_d8;33600;INTARIAN_PEPPER_ROOT;12524;12;12521;21;;;12535;20;12539;27;;;12529.5;0.0
yf_BGS_d8;33700;ASH_COATED_OSMIUM;9956;5;9952;12;;;9962;11;9964;18;;;9959.0;0.0
yf_BGS_d8;33700;INTARIAN_PEPPER_ROOT;12524;5;12521;27;;;12533;15;12536;24;;;12528.5;0.0
yf_BGS_d8;33800;ASH_COATED_OSMIUM;9956;8;9953;18;;;9962;14;9965;14;;;9959.0;0.0
yf_BGS_d8;33800;INTARIAN_PEPPER_ROOT;12525;15;12521;30;;;12531;22;12533;13;;;12528.0;0.0
yf_BGS_d8;33900;ASH_COATED_OSMIUM;9956;16;9952;16;;;9962;15;9966;21;;;9959.0;0.0
yf_BGS_d8;33900;INTARIAN_PEPPER_ROOT;12524;14;12522;23;;;12531;14;12534;26;;;12527.5;0.0
yf_BGS_d8;34000;ASH_COATED_OSMIUM;9952;10;9948;24;;;9966;14;9968;17;;;9959.0;0.0
yf_BGS_d8;34000;INTARIAN_PEPPER_ROOT;12524;17;12520;20;;;12530;20;12532;19;;;12527.0;0.0
yf_BGS_d8;34100;ASH_COATED_OSMIUM;9955;8;9951;23;;;9961;24;9965;31;;;9958.0;0.0
yf_BGS_d8;34100;INTARIAN_PEPPER_ROOT;12524;16;12522;26;;;12530;16;12533;12;;;12527.0;0.0
yf_BGS_d8;34200;ASH_COATED_OSMIUM;9956;14;9954;22;;;9963;6;9965;14;;;9959.5;0.0
yf_BGS_d8;34200;INTARIAN_PEPPER_ROOT;12521;12;12518;16;;;12533;13;12536;19;;;12527.0;0.0
yf_BGS_d8;34300;ASH_COATED_OSMIUM;9956;19;9952;19;;;9962;19;9965;24;;;9959.0;0.0
yf_BGS_d8;34300;INTARIAN_PEPPER_ROOT;12524;16;12520;22;;;12530;9;12533;15;;;12527.0;0.0
yf_BGS_d8;34400;ASH_COATED_OSMIUM;9953;10;9950;16;;;9963;11;9966;26;;;9958.0;0.0
yf_BGS_d8;34400;INTARIAN_PEPPER_ROOT;12522;20;12520;10;;;12532;18;12536;24;;;12527.0;0.0
yf_BGS_d8;34500;ASH_COATED_OSMIUM;9951;16;9947;15;;;9968;13;9970;25;;;9959.5;0.0
yf_BGS_d8;34500;INTARIAN_PEPPER_ROOT;12522;16;12520;15;;;12533;8;12536;27;;;12527.5;0.0
yf_BGS_d8;34600;ASH_COATED_OSMIUM;9954;19;9952;15;;;9964;10;9968;16;;;9959.0;0.0
yf_BGS_d8;34600;INTARIAN_PEPPER_ROOT;12522;13;12519;18;;;12532;19;12535;16;;;12527.0;0.0
yf_BGS_d8;34700;ASH_COATED_OSMIUM;9955;16;9953;21;;;9961;20;9963;19;;;9958.0;0.0
yf_BGS_d8;34700;INTARIAN_PEPPER_ROOT;12523;11;12520;31;;;12530;15;12534;22;;;12526.5;0.0
yf_BGS_d8;34800;ASH_COATED_OSMIUM;9954;9;9951;22;;;9960;11;9963;23;;;9957.0;0.0
yf_BGS_d8;34800;INTARIAN_PEPPER_ROOT;12524;13;12522;19;;;12530;25;12534;19;;;12527.0;0.0
yf_BGS_d8;34900;ASH_COATED_OSMIUM;9953;17;9949;17;;;9962;14;9965;29;;;9957.5;0.0
yf_BGS_d8;34900;INTARIAN_PEPPER_ROOT;12522;8;12519;23;;;12533;9;12537;18;;;12527.5;0.0
yf_BGS_d8;35000;ASH_COATED_OSMIUM;9948;16;9944;21;;;9966;9;9969;23;;;9957.0;0.0
yf_BGS_d8;35000;INTARIAN_PEPPER_ROOT;12524;20;12522;20;;;12530;18;12534;28;;;12527.0;0.0
yf_BGS_d8;35100;ASH_COATED_OSMIUM;9954;12;9952;26;;;9960;18;9964;15;;;9957.0;0.0
yf_BGS_d8;35100;INTARIAN_PEPPER_ROOT;12511;22;12508;24;;;12543;8;12546;21;;;12527.0;0.0
yf_BGS_d8;35200;ASH_COATED_OSMIUM;9954;16;9950;10;;;9960;9;9964;17;;;9957.0;0.0
yf_BGS_d8;35200;INTARIAN_PEPPER_ROOT;12524;21;12522;15;;;12530;12;12534;24;;;12527.0;0.0
yf_BGS_d8;35300;ASH_COATED_OSMIUM;9950;9;9947;17;;;9963;10;9965;20;;;9956.5;0.0
yf_BGS_d8;35300;INTARIAN_PEPPER_ROOT;12510;25;12506;26;;;12543;12;12545;22;;;12526.5;0.0
yf_BGS_d8;35400;ASH_COATED_OSMIUM;9954;13;9950;26;;;9960;14;9964;20;;;9957.0;0.0
yf_BGS_d8;35400;INTARIAN_PEPPER_ROOT;12515;18;12511;22;;;12539;7;12542;14;;;12527.0;0.0
yf_BGS_d8;35500;ASH_COATED_OSMIUM;9953;15;9949;8;;;9959;14;9962;30;;;9956.0;0.0
yf_BGS_d8;35500;INTARIAN_PEPPER_ROOT;12523;9;12521;22;;;12531;15;12534;24;;;12527.0;0.0
yf_BGS_d8;35600;ASH_COATED_OSMIUM;9953;22;9951;25;;;9959;13;9963;15;;;9956.0;0.0
yf_BGS_d8;35600;INTARIAN_PEPPER_ROOT;12523;9;12521;22;;;12529;12;12532;26;;;12526.0;0.0
yf_BGS_d8;35700;ASH_COATED_OSMIUM;9953;9;9950;18;;;9959;15;9963;21;;;9956.0;0.0
yf_BGS_d8;35700;INTARIAN_PEPPER_ROOT;12523;14;12521;21;;;12530;16;12533;19;;;12526.5;0.0
yf_BGS_d8;35800;ASH_COATED_OSMIUM;9953;25;9951;18;;;9959;17;9961;14;;;9956.0;0.0
yf_BGS_d8;35800;INTARIAN_PEPPER_ROOT;12523;12;12519;21;;;12530;5;12533;26;;;12526.5;0.0
yf_BGS_d8;35900;ASH_COATED_OSMIUM;9950;14;9948;17;;;9962;16;9964;19;;;9956.0;0.0
yf_BGS_d8;35900;INTARIAN_PEPPER_ROOT;12524;15;12521;21;;;12530;8;12532;26;;;12527.0;0.0
yf_BGS_d8;36000;ASH_COATED_OSMIUM;9946;15;9944;22;;;9964;19;9968;18;;;9955.0;0.0
yf_BGS_d8;36000;INTARIAN_PEPPER_ROOT;12523;22;12520;20;;;12529;19;12533;23;;;12526.0;0.0
yf_BGS_d8;36100;ASH_COATED_OSMIUM;9947;21;9943;19;;;9963;6;9967;21;;;9955.0;0.0
yf_BGS_d8;36100;INTARIAN_PEPPER_ROOT;12521;14;12518;26;;;12531;9;12533;20;;;12526.0;0.0
yf_BGS_d8;36200;ASH_COATED_OSMIUM;9950;14;9947;23;;;9960;9;9962;23;;;9955.0;0.0
yf_BGS_d8;36200;INTARIAN_PEPPER_ROOT;12522;8;12518;26;;;12531;15;12535;16;;;12526.5;0.0
yf_BGS_d8;36300;ASH_COATED_OSMIUM;9947;13;9944;16;;;9963;12;9965;20;;;9955.0;0.0
yf_BGS_d8;36300;INTARIAN_PEPPER_ROOT;12523;12;12521;23;;;12529;15;12531;13;;;12526.0;0.0
yf_BGS_d8;36400;ASH_COATED_OSMIUM;9950;22;9948;19;;;9960;9;9962;20;;;9955.0;0.0
yf_BGS_d8;36400;INTARIAN_PEPPER_ROOT;12523;16;12519;13;;;12529;13;12533;15;;;12526.0;0.0
yf_BGS_d8;36500;ASH_COATED_OSMIUM;9952;13;9950;23;;;9958;23;9962;18;;;9955.0;0.0
yf_BGS_d8;36500;INTARIAN_PEPPER_ROOT;12520;10;12516;14;;;12532;13;12536;19;;;12526.0;0.0
yf_BGS_d8;36600;ASH_COATED_OSMIUM;9951;10;9947;13;;;9957;12;9959;18;;;9954.0;0.0
yf_BGS_d8;36600;INTARIAN_PEPPER_ROOT;12523;14;12520;21;;;12529;20;12533;19;;;12526.0;0.0
yf_BGS_d8;36700;ASH_COATED_OSMIUM;9951;13;9947;15;;;9957;20;9959;21;;;9954.0;0.0
yf_BGS_d8;36700;INTARIAN_PEPPER_ROOT;12522;15;12518;14;;;12530;14;12534;20;;;12526.0;0.0
yf_BGS_d8;36800;ASH_COATED_OSMIUM;9950;22;9947;20;;;9956;12;9959;21;;;9953.0;0.0
yf_BGS_d8;36800;INTARIAN_PEPPER_ROOT;12523;10;12520;21;;;12529;19;12532;18;;;12526.0;0.0
yf_BGS_d8;36900;ASH_COATED_OSMIUM;9951;16;9948;19;;;9957;6;9959;12;;;9954.0;0.0
yf_BGS_d8;36900;INTARIAN_PEPPER_ROOT;12523;13;12519;13;;;12529;5;12531;22;;;12526.0;0.0
yf_BGS_d8;37000;ASH_COATED_OSMIUM;9951;10;9948;25;;;9957;9;9959;22;;;9954.0;0.0
yf_BGS_d8;37000;INTARIAN_PEPPER_ROOT;12523;18;12520;26;;;12529;14;12531;22;;;12526.0;0.0
yf_BGS_d8;37100;ASH_COATED_OSMIUM;9949;10;9945;22;;;9958;21;9961;21;;;9953.5;0.0
yf_BGS_d8;37100;INTARIAN_PEPPER_ROOT;12519;14;12516;32;;;12532;19;12535;25;;;12525.5;0.0
yf_BGS_d8;37200;ASH_COATED_OSMIUM;9950;10;9947;17;;;9956;13;9960;12;;;9953.0;0.0
yf_BGS_d8;37200;INTARIAN_PEPPER_ROOT;12522;8;12520;23;;;12528;21;12532;16;;;12525.0;0.0
yf_BGS_d8;37300;ASH_COATED_OSMIUM;9950;25;9946;19;;;9956;12;9960;15;;;9953.0;0.0
yf_BGS_d8;37300;INTARIAN_PEPPER_ROOT;12523;10;12519;16;;;12529;14;12531;15;;;12526.0;0.0
yf_BGS_d8;37400;ASH_COATED_OSMIUM;9950;19;9948;13;;;9956;18;9959;15;;;9953.0;0.0
yf_BGS_d8;37400;INTARIAN_PEPPER_ROOT;12522;18;12520;12;;;12528;15;12530;23;;;12525.0;0.0
yf_BGS_d8;37500;ASH_COATED_OSMIUM;9947;11;9944;23;;;9959;17;9961;16;;;9953.0;0.0
yf_BGS_d8;37500;INTARIAN_PEPPER_ROOT;12522;8;12518;17;;;12528;9;12532;25;;;12525.0;0.0
yf_BGS_d8;37600;ASH_COATED_OSMIUM;9949;8;9945;25;;;9955;9;9959;8;;;9952.0;0.0
yf_BGS_d8;37600;INTARIAN_PEPPER_ROOT;12522;13;12520;19;;;12528;15;12530;12;;;12525.0;0.0
yf_BGS_d8;37700;ASH_COATED_OSMIUM;9949;19;9945;22;;;9955;13;9959;21;;;9952.0;0.0
yf_BGS_d8;37700;INTARIAN_PEPPER_ROOT;12522;16;12518;19;;;12528;5;12532;20;;;12525.0;0.0
yf_BGS_d8;37800;ASH_COATED_OSMIUM;9949;17;9947;24;;;9955;20;9959;22;;;9952.0;0.0
yf_BGS_d8;37800;INTARIAN_PEPPER_ROOT;12522;14;12519;20;;;12528;16;12530;22;;;12525.0;0.0
yf_BGS_d8;37900;ASH_COATED_OSMIUM;9949;13;9946;29;;;9955;15;9957;17;;;9952.0;0.0
yf_BGS_d8;37900;INTARIAN_PEPPER_ROOT;12522;14;12520;19;;;12528;9;12532;19;;;12525.0;0.0
yf_BGS_d8;38000;ASH_COATED_OSMIUM;9949;11;9947;11;;;9955;19;9957;19;;;9952.0;0.0
yf_BGS_d8;38000;INTARIAN_PEPPER_ROOT;12523;19;12520;25;;;12529;12;12532;10;;;12526.0;0.0
yf_BGS_d8;38100;ASH_COATED_OSMIUM;9948;17;9946;19;;;9954;12;9957;18;;;9951.0;0.0
yf_BGS_d8;38100;INTARIAN_PEPPER_ROOT;12522;11;12519;15;;;12528;22;12531;26;;;12525.0;0.0
yf_BGS_d8;38200;ASH_COATED_OSMIUM;9948;13;9944;22;;;9954;14;9957;25;;;9951.0;0.0
yf_BGS_d8;38200;INTARIAN_PEPPER_ROOT;12521;13;12519;13;;;12529;16;12531;25;;;12525.0;0.0
yf_BGS_d8;38300;ASH_COATED_OSMIUM;9948;26;9945;16;;;9954;15;9957;24;;;9951.0;0.0
yf_BGS_d8;38300;INTARIAN_PEPPER_ROOT;12522;10;12520;12;;;12528;13;12532;15;;;12525.0;0.0
yf_BGS_d8;38400;ASH_COATED_OSMIUM;9948;14;9944;22;;;9954;15;9956;26;;;9951.0;0.0
yf_BGS_d8;38400;INTARIAN_PEPPER_ROOT;12518;14;12514;22;;;12531;19;12535;15;;;12524.5;0.0
yf_BGS_d8;38500;ASH_COATED_OSMIUM;9948;17;9944;27;;;9954;15;9957;14;;;9951.0;0.0
yf_BGS_d8;38500;INTARIAN_PEPPER_ROOT;12522;15;12520;12;;;12528;10;12530;21;;;12525.0;0.0
yf_BGS_d8;38600;ASH_COATED_OSMIUM;9947;19;9945;22;;;9953;17;9956;17;;;9950.0;0.0
yf_BGS_d8;38600;INTARIAN_PEPPER_ROOT;12522;13;12520;15;;;12528;7;12531;22;;;12525.0;0.0
yf_BGS_d8;38700;ASH_COATED_OSMIUM;9947;18;9944;21;;;9953;14;9956;24;;;9950.0;0.0
yf_BGS_d8;38700;INTARIAN_PEPPER_ROOT;12517;16;12514;16;;;12533;17;12536;15;;;12525.0;0.0
yf_BGS_d8;38800;ASH_COATED_OSMIUM;9947;14;9943;27;;;9955;19;9957;21;;;9951.0;0.0
yf_BGS_d8;38800;INTARIAN_PEPPER_ROOT;12521;13;12518;25;;;12528;14;12531;18;;;12524.5;0.0
yf_BGS_d8;38900;ASH_COATED_OSMIUM;9945;13;9941;16;;;9954;19;9956;29;;;9949.5;0.0
yf_BGS_d8;38900;INTARIAN_PEPPER_ROOT;12515;15;12511;25;;;12533;11;12536;30;;;12524.0;0.0
yf_BGS_d8;39000;ASH_COATED_OSMIUM;9947;15;9944;23;;;9953;8;9956;30;;;9950.0;0.0
yf_BGS_d8;39000;INTARIAN_PEPPER_ROOT;12521;17;12519;24;;;12527;16;12531;19;;;12524.0;0.0
yf_BGS_d8;39100;ASH_COATED_OSMIUM;9947;5;9944;28;;;9953;16;9956;24;;;9950.0;0.0
yf_BGS_d8;39100;INTARIAN_PEPPER_ROOT;12519;5;12517;25;;;12529;20;12533;29;;;12524.0;0.0
yf_BGS_d8;39200;ASH_COATED_OSMIUM;9947;17;9945;28;;;9953;8;9956;20;;;9950.0;0.0
yf_BGS_d8;39200;INTARIAN_PEPPER_ROOT;12521;9;12519;17;;;12527;16;12531;17;;;12524.0;0.0
yf_BGS_d8;39300;ASH_COATED_OSMIUM;9945;10;9943;16;;;9951;11;9954;12;;;9948.0;0.0
yf_BGS_d8;39300;INTARIAN_PEPPER_ROOT;12521;11;12519;14;;;12527;17;12529;22;;;12524.0;0.0
yf_BGS_d8;39400;ASH_COATED_OSMIUM;9938;18;9934;14;;;9959;13;9963;24;;;9948.5;0.0
yf_BGS_d8;39400;INTARIAN_PEPPER_ROOT;12520;11;12517;20;;;12528;13;12530;19;;;12524.0;0.0
yf_BGS_d8;39500;ASH_COATED_OSMIUM;9945;16;9941;13;;;9954;19;9958;20;;;9949.5;0.0
yf_BGS_d8;39500;INTARIAN_PEPPER_ROOT;12521;14;12517;21;;;12527;29;12531;23;;;12524.0;0.0
yf_BGS_d8;39600;ASH_COATED_OSMIUM;9944;7;9941;29;;;9953;22;9957;16;;;9948.5;0.0
yf_BGS_d8;39600;INTARIAN_PEPPER_ROOT;12521;16;12517;17;;;12527;8;12531;10;;;12524.0;0.0
yf_BGS_d8;39700;ASH_COATED_OSMIUM;9946;17;9942;14;;;9952;13;9954;23;;;9949.0;0.0
yf_BGS_d8;39700;INTARIAN_PEPPER_ROOT;12521;25;12517;15;;;12527;22;12530;17;;;12524.0;0.0
yf_BGS_d8;39800;ASH_COATED_OSMIUM;9945;12;9943;23;;;9952;12;9955;20;;;9948.5;0.0
yf_BGS_d8;39800;INTARIAN_PEPPER_ROOT;12521;13;12517;17;;;12527;17;12530;21;;;12524.0;0.0
yf_BGS_d8;39900;ASH_COATED_OSMIUM;9942;11;9940;21;;;9955;10;9957;30;;;9948.5;0.0
yf_BGS_d8;39900;INTARIAN_PEPPER_ROOT;12512;16;12508;23;;;12536;6;12540;21;;;12524.0;0.0
yf_BGS_d8;40000;ASH_COATED_OSMIUM;9945;8;9941;19;;;9951;17;9955;20;;;9948.0;0.0
yf_BGS_d8;40000;INTARIAN_PEPPER_ROOT;12520;19;12516;20;;;12526;14;12530;19;;;12523.0;0.0
yf_BGS_d8;40100;ASH_COATED_OSMIUM;9945;16;9943;25;;;9951;16;9955;8;;;9948.0;0.0
yf_BGS_d8;40100;INTARIAN_PEPPER_ROOT;12521;18;12517;21;;;12527;17;12530;22;;;12524.0;0.0
yf_BGS_d8;40200;ASH_COATED_OSMIUM;9944;22;9940;19;;;9950;9;9953;22;;;9947.0;0.0
yf_BGS_d8;40200;INTARIAN_PEPPER_ROOT;12518;24;12516;21;;;12529;20;12532;8;;;12523.5;0.0
yf_BGS_d8;40300;ASH_COATED_OSMIUM;9945;15;9942;24;;;9951;26;9954;33;;;9948.0;0.0
yf_BGS_d8;40300;INTARIAN_PEPPER_ROOT;12521;16;12518;23;;;12527;9;12530;16;;;12524.0;0.0
yf_BGS_d8;40400;ASH_COATED_OSMIUM;9944;12;9941;15;;;9950;13;9952;20;;;9947.0;0.0
yf_BGS_d8;40400;INTARIAN_PEPPER_ROOT;12520;9;12518;26;;;12526;7;12528;20;;;12523.0;0.0
yf_BGS_d8;40500;ASH_COATED_OSMIUM;9944;13;9941;14;;;9950;8;9954;21;;;9947.0;0.0
yf_BGS_d8;40500;INTARIAN_PEPPER_ROOT;12520;18;12516;23;;;12526;14;12529;17;;;12523.0;0.0
yf_BGS_d8;40600;ASH_COATED_OSMIUM;9944;14;9940;11;;;9950;12;9953;14;;;9947.0;0.0
yf_BGS_d8;40600;INTARIAN_PEPPER_ROOT;12521;10;12517;18;;;12527;16;12530;13;;;12524.0;0.0
yf_BGS_d8;40700;ASH_COATED_OSMIUM;9935;9;9932;18;;;9959;17;9962;9;;;9947.0;0.0
yf_BGS_d8;40700;INTARIAN_PEPPER_ROOT;12518;16;12514;14;;;12528;16;12532;17;;;12523.0;0.0
yf_BGS_d8;40800;ASH_COATED_OSMIUM;9944;13;9940;9;;;9951;13;9954;17;;;9947.5;0.0
yf_BGS_d8;40800;INTARIAN_PEPPER_ROOT;12521;18;12517;22;;;12527;12;12530;23;;;12524.0;0.0
yf_BGS_d8;40900;ASH_COATED_OSMIUM;9941;17;9938;25;;;9950;16;9953;29;;;9945.5;0.0
yf_BGS_d8;40900;INTARIAN_PEPPER_ROOT;12517;15;12515;16;;;12530;13;12534;25;;;12523.5;0.0
yf_BGS_d8;41000;ASH_COATED_OSMIUM;9943;10;9941;20;;;9950;17;9952;18;;;9946.5;0.0
yf_BGS_d8;41000;INTARIAN_PEPPER_ROOT;12520;10;12516;25;;;12526;17;12530;16;;;12523.0;0.0
yf_BGS_d8;41100;ASH_COATED_OSMIUM;9939;11;9937;29;;;9952;22;9956;12;;;9945.5;0.0
yf_BGS_d8;41100;INTARIAN_PEPPER_ROOT;12510;11;12507;21;;;12537;17;12539;23;;;12523.5;0.0
yf_BGS_d8;41200;ASH_COATED_OSMIUM;9942;12;9939;19;;;9948;10;9951;30;;;9945.0;0.0
yf_BGS_d8;41200;INTARIAN_PEPPER_ROOT;12521;14;12519;23;;;12527;9;12529;28;;;12524.0;0.0
yf_BGS_d8;41300;ASH_COATED_OSMIUM;9942;22;9940;17;;;9948;10;9951;22;;;9945.0;0.0
yf_BGS_d8;41300;INTARIAN_PEPPER_ROOT;12517;24;12514;26;;;12528;12;12531;22;;;12522.5;0.0
yf_BGS_d8;41400;ASH_COATED_OSMIUM;9942;8;9939;18;;;9948;14;9952;19;;;9945.0;0.0
yf_BGS_d8;41400;INTARIAN_PEPPER_ROOT;12520;19;12516;20;;;12526;16;12528;23;;;12523.0;0.0
yf_BGS_d8;41500;ASH_COATED_OSMIUM;9938;17;9935;35;;;9953;6;9955;27;;;9945.5;0.0
yf_BGS_d8;41500;INTARIAN_PEPPER_ROOT;12521;17;12518;24;;;12527;13;12530;21;;;12524.0;0.0
yf_BGS_d8;41600;ASH_COATED_OSMIUM;9942;22;9938;24;;;9948;13;9951;20;;;9945.0;0.0
yf_BGS_d8;41600;INTARIAN_PEPPER_ROOT;12520;7;12516;20;;;12526;9;12530;26;;;12523.0;0.0
yf_BGS_d8;41700;ASH_COATED_OSMIUM;9942;20;9938;16;;;9948;16;9951;22;;;9945.0;0.0
yf_BGS_d8;41700;INTARIAN_PEPPER_ROOT;12515;26;12513;20;;;12530;8;12533;25;;;12522.5;0.0
yf_BGS_d8;41800;ASH_COATED_OSMIUM;9942;10;9940;22;;;9948;6;9952;25;;;9945.0;0.0
yf_BGS_d8;41800;INTARIAN_PEPPER_ROOT;12519;16;12517;14;;;12525;17;12527;13;;;12522.0;0.0
yf_BGS_d8;41900;ASH_COATED_OSMIUM;9940;9;9936;15;;;9948;25;9950;18;;;9944.0;0.0
yf_BGS_d8;41900;INTARIAN_PEPPER_ROOT;12503;15;12500;11;;;12543;18;12545;26;;;12523.0;0.0
yf_BGS_d8;42000;ASH_COATED_OSMIUM;9941;6;9937;21;;;9947;17;9951;20;;;9944.0;0.0
yf_BGS_d8;42000;INTARIAN_PEPPER_ROOT;12520;11;12517;20;;;12526;18;12528;22;;;12523.0;0.0
yf_BGS_d8;42100;ASH_COATED_OSMIUM;9941;15;9937;22;;;9948;14;9952;9;;;9944.5;0.0
yf_BGS_d8;42100;INTARIAN_PEPPER_ROOT;12520;16;12517;26;;;12526;20;12530;11;;;12523.0;0.0
yf_BGS_d8;42200;ASH_COATED_OSMIUM;9940;9;9938;17;;;9946;14;9950;26;;;9943.0;0.0
yf_BGS_d8;42200;INTARIAN_PEPPER_ROOT;12515;8;12511;28;;;12529;13;12532;14;;;12522.0;0.0
yf_BGS_d8;42300;ASH_COATED_OSMIUM;9935;10;9932;25;;;9951;15;9953;9;;;9943.0;0.0
yf_BGS_d8;42300;INTARIAN_PEPPER_ROOT;12517;15;12515;19;;;12529;6;12532;18;;;12523.0;0.0
yf_BGS_d8;42400;ASH_COATED_OSMIUM;9941;8;9939;12;;;9947;6;9950;30;;;9944.0;0.0
yf_BGS_d8;42400;INTARIAN_PEPPER_ROOT;12520;19;12516;12;;;12526;8;12528;21;;;12523.0;0.0
yf_BGS_d8;42500;ASH_COATED_OSMIUM;9941;14;9937;12;;;9947;10;9951;30;;;9944.0;0.0
yf_BGS_d8;42500;INTARIAN_PEPPER_ROOT;12518;16;12516;23;;;12527;20;12531;20;;;12522.5;0.0
yf_BGS_d8;42600;ASH_COATED_OSMIUM;9940;19;9936;18;;;9946;12;9948;20;;;9943.0;0.0
yf_BGS_d8;42600;INTARIAN_PEPPER_ROOT;12520;7;12516;21;;;12526;16;12528;19;;;12523.0;0.0
yf_BGS_d8;42700;ASH_COATED_OSMIUM;9939;22;9935;18;;;9945;17;9947;22;;;9942.0;0.0
yf_BGS_d8;42700;INTARIAN_PEPPER_ROOT;12519;18;12516;19;;;12526;16;12528;23;;;12522.5;0.0
yf_BGS_d8;42800;ASH_COATED_OSMIUM;9940;7;9936;13;;;9946;20;9950;25;;;9943.0;0.0
yf_BGS_d8;42800;INTARIAN_PEPPER_ROOT;12519;5;12517;20;;;12525;14;12529;13;;;12522.0;0.0
yf_BGS_d8;42900;ASH_COATED_OSMIUM;9939;15;9935;20;;;9945;14;9947;23;;;9942.0;0.0
yf_BGS_d8;42900;INTARIAN_PEPPER_ROOT;12519;18;12515;26;;;12525;24;12528;9;;;12522.0;0.0
yf_BGS_d8;43000;ASH_COATED_OSMIUM;9932;14;9929;12;;;9950;13;9953;35;;;9941.0;0.0
yf_BGS_d8;43000;INTARIAN_PEPPER_ROOT;12520;14;12518;12;;;12526;26;12530;9;;;12523.0;0.0
yf_BGS_d8;43100;ASH_COATED_OSMIUM;9939;14;9936;20;;;9945;30;9948;26;;;9942.0;0.0
yf_BGS_d8;43100;INTARIAN_PEPPER_ROOT;12519;16;12516;24;;;12525;14;12527;17;;;12522.0;0.0
yf_BGS_d8;43200;ASH_COATED_OSMIUM;9937;5;9935;18;;;9946;16;9950;17;;;9941.5;0.0
yf_BGS_d8;43200;INTARIAN_PEPPER_ROOT;12519;19;12516;19;;;12525;16;12527;19;;;12522.0;0.0
yf_BGS_d8;43300;ASH_COATED_OSMIUM;9939;16;9936;23;;;9945;9;9948;19;;;9942.0;0.0
yf_BGS_d8;43300;INTARIAN_PEPPER_ROOT;12518;11;12514;24;;;12525;13;12529;18;;;12521.5;0.0
yf_BGS_d8;43400;ASH_COATED_OSMIUM;9939;12;9937;33;;;9945;16;9949;22;;;9942.0;0.0
yf_BGS_d8;43400;INTARIAN_PEPPER_ROOT;12519;19;12517;25;;;12525;15;12528;30;;;12522.0;0.0
yf_BGS_d8;43500;ASH_COATED_OSMIUM;9939;10;9935;21;;;9945;17;9947;16;;;9942.0;0.0
yf_BGS_d8;43500;INTARIAN_PEPPER_ROOT;12519;14;12517;20;;;12525;18;12528;17;;;12522.0;0.0
yf_BGS_d8;43600;ASH_COATED_OSMIUM;9933;11;9930;10;;;9950;20;9954;8;;;9941.5;0.0
yf_BGS_d8;43600;INTARIAN_PEPPER_ROOT;12514;18;12512;20;;;12528;16;12531;17;;;12521.0;0.0
yf_BGS_d8;43700;ASH_COATED_OSMIUM;9933;15;9931;20;;;9949;17;9953;20;;;9941.0;0.0
yf_BGS_d8;43700;INTARIAN_PEPPER_ROOT;12519;15;12517;14;;;12525;10;12529;17;;;12522.0;0.0
yf_BGS_d8;43800;ASH_COATED_OSMIUM;9937;9;9933;23;;;9943;22;9947;16;;;9940.0;0.0
yf_BGS_d8;43800;INTARIAN_PEPPER_ROOT;12517;17;12514;23;;;12526;12;12530;22;;;12521.5;0.0
yf_BGS_d8;43900;ASH_COATED_OSMIUM;9938;5;9936;18;;;9944;21;9946;15;;;9941.0;0.0
yf_BGS_d8;43900;INTARIAN_PEPPER_ROOT;12518;21;12516;16;;;12526;16;12528;19;;;12522.0;0.0
yf_BGS_d8;44000;ASH_COATED_OSMIUM;9937;5;9933;20;;;9943;10;9945;13;;;9940.0;0.0
yf_BGS_d8;44000;INTARIAN_PEPPER_ROOT;12513;11;12509;19;;;12529;8;12533;25;;;12521.0;0.0
yf_BGS_d8;44100;ASH_COATED_OSMIUM;9929;19;9925;19;;;9953;21;9955;17;;;9941.0;0.0
yf_BGS_d8;44100;INTARIAN_PEPPER_ROOT;12518;17;12516;32;;;12524;16;12526;31;;;12521.0;0.0
yf_BGS_d8;44200;ASH_COATED_OSMIUM;9937;8;9935;24;;;9943;20;9945;29;;;9940.0;0.0
yf_BGS_d8;44200;INTARIAN_PEPPER_ROOT;12519;11;12517;13;;;12525;8;12528;24;;;12522.0;0.0
yf_BGS_d8;44300;ASH_COATED_OSMIUM;9936;8;9932;16;;;9943;12;9947;27;;;9939.5;0.0
yf_BGS_d8;44300;INTARIAN_PEPPER_ROOT;12519;13;12516;20;;;12525;8;12529;27;;;12522.0;0.0
yf_BGS_d8;44400;ASH_COATED_OSMIUM;9924;12;9922;17;;;9954;20;9956;22;;;9939.0;0.0
yf_BGS_d8;44400;INTARIAN_PEPPER_ROOT;12518;10;12515;8;;;12524;16;12526;20;;;12521.0;0.0
yf_BGS_d8;44500;ASH_COATED_OSMIUM;9936;16;9934;26;;;9942;11;9944;19;;;9939.0;0.0
yf_BGS_d8;44500;INTARIAN_PEPPER_ROOT;12518;19;12516;22;;;12525;20;12529;23;;;12521.5;0.0
yf_BGS_d8;44600;ASH_COATED_OSMIUM;9937;23;9934;22;;;9943;16;9947;18;;;9940.0;0.0
yf_BGS_d8;44600;INTARIAN_PEPPER_ROOT;12515;14;12513;13;;;12527;14;12531;17;;;12521.0;0.0
yf_BGS_d8;44700;ASH_COATED_OSMIUM;9937;20;9935;14;;;9943;15;9947;17;;;9940.0;0.0
yf_BGS_d8;44700;INTARIAN_PEPPER_ROOT;12518;21;12514;25;;;12525;8;12528;24;;;12521.5;0.0
yf_BGS_d8;44800;ASH_COATED_OSMIUM;9936;10;9933;21;;;9943;17;9947;18;;;9939.5;0.0
yf_BGS_d8;44800;INTARIAN_PEPPER_ROOT;12517;6;12514;12;;;12526;14;12530;11;;;12521.5;0.0
yf_BGS_d8;44900;ASH_COATED_OSMIUM;9932;20;9930;22;;;9947;13;9950;21;;;9939.5;0.0
yf_BGS_d8;44900;INTARIAN_PEPPER_ROOT;12518;11;12514;24;;;12524;8;12528;23;;;12521.0;0.0
yf_BGS_d8;45000;ASH_COATED_OSMIUM;9935;28;9933;28;;;9941;17;9944;15;;;9938.0;0.0
yf_BGS_d8;45000;INTARIAN_PEPPER_ROOT;12518;21;12514;20;;;12524;17;12526;14;;;12521.0;0.0
yf_BGS_d8;45100;ASH_COATED_OSMIUM;9935;18;9931;17;;;9941;11;9944;16;;;9938.0;0.0
yf_BGS_d8;45100;INTARIAN_PEPPER_ROOT;12518;12;12515;20;;;12524;18;12527;25;;;12521.0;0.0
yf_BGS_d8;45200;ASH_COATED_OSMIUM;9935;15;9933;12;;;9941;11;9945;19;;;9938.0;0.0
yf_BGS_d8;45200;INTARIAN_PEPPER_ROOT;12518;19;12515;27;;;12524;12;12526;23;;;12521.0;0.0
yf_BGS_d8;45300;ASH_COATED_OSMIUM;9935;6;9931;22;;;9941;12;9943;22;;;9938.0;0.0
yf_BGS_d8;45300;INTARIAN_PEPPER_ROOT;12518;16;12516;21;;;12524;19;12526;28;;;12521.0;0.0
yf_BGS_d8;45400;ASH_COATED_OSMIUM;9935;8;9932;29;;;9941;20;9944;26;;;9938.0;0.0
yf_BGS_d8;45400;INTARIAN_PEPPER_ROOT;12512;14;12510;19;;;12529;15;12533;29;;;12520.5;0.0
yf_BGS_d8;45500;ASH_COATED_OSMIUM;9935;18;9931;21;;;9941;13;9944;17;;;9938.0;0.0
yf_BGS_d8;45500;INTARIAN_PEPPER_ROOT;12515;10;12511;14;;;12527;25;12529;15;;;12521.0;0.0
yf_BGS_d8;45600;ASH_COATED_OSMIUM;9934;14;9932;12;;;9940;19;9943;23;;;9937.0;0.0
yf_BGS_d8;45600;INTARIAN_PEPPER_ROOT;12517;11;12515;24;;;12523;16;12527;15;;;12520.0;0.0
yf_BGS_d8;45700;ASH_COATED_OSMIUM;9930;13;9928;17;;;9945;11;9947;23;;;9937.5;0.0
yf_BGS_d8;45700;INTARIAN_PEPPER_ROOT;12515;19;12511;14;;;12526;8;12529;16;;;12520.5;0.0
yf_BGS_d8;45800;ASH_COATED_OSMIUM;9934;5;9932;21;;;9940;19;9942;26;;;9937.0;0.0
yf_BGS_d8;45800;INTARIAN_PEPPER_ROOT;12517;14;12513;23;;;12523;9;12527;14;;;12520.0;0.0
yf_BGS_d8;45900;ASH_COATED_OSMIUM;9934;20;9932;16;;;9940;7;9944;15;;;9937.0;0.0
yf_BGS_d8;45900;INTARIAN_PEPPER_ROOT;12517;10;12513;28;;;12523;15;12525;18;;;12520.0;0.0
yf_BGS_d8;46000;ASH_COATED_OSMIUM;9933;18;9929;14;;;9939;20;9941;20;;;9936.0;0.0
yf_BGS_d8;46000;INTARIAN_PEPPER_ROOT;12517;21;12514;20;;;12523;13;12526;21;;;12520.0;0.0
yf_BGS_d8;46100;ASH_COATED_OSMIUM;9933;27;9931;12;;;9940;20;9942;16;;;9936.5;0.0
yf_BGS_d8;46100;INTARIAN_PEPPER_ROOT;12517;16;12515;13;;;12523;5;12526;19;;;12520.0;0.0
yf_BGS_d8;46200;ASH_COATED_OSMIUM;9931;17;9929;21;;;9942;7;9945;19;;;9936.5;0.0
yf_BGS_d8;46200;INTARIAN_PEPPER_ROOT;12516;5;12512;18;;;12524;12;12528;21;;;12520.0;0.0
yf_BGS_d8;46300;ASH_COATED_OSMIUM;9933;13;9931;18;;;9939;11;9941;18;;;9936.0;0.0
yf_BGS_d8;46300;INTARIAN_PEPPER_ROOT;12517;17;12514;20;;;12523;14;12527;19;;;12520.0;0.0
yf_BGS_d8;46400;ASH_COATED_OSMIUM;9933;21;9929;23;;;9939;6;9942;15;;;9936.0;0.0
yf_BGS_d8;46400;INTARIAN_PEPPER_ROOT;12516;10;12513;24;;;12525;8;12529;18;;;12520.5;0.0
yf_BGS_d8;46500;ASH_COATED_OSMIUM;9931;7;9928;11;;;9941;6;9945;31;;;9936.0;0.0
yf_BGS_d8;46500;INTARIAN_PEPPER_ROOT;12517;15;12515;15;;;12523;18;12526;15;;;12520.0;0.0
yf_BGS_d8;46600;ASH_COATED_OSMIUM;9932;17;9930;26;;;9938;13;9941;19;;;9935.0;0.0
yf_BGS_d8;46600;INTARIAN_PEPPER_ROOT;12513;10;12509;25;;;12528;27;12530;25;;;12520.5;0.0
yf_BGS_d8;46700;ASH_COATED_OSMIUM;9933;13;9931;17;;;9939;7;9942;19;;;9936.0;0.0
yf_BGS_d8;46700;INTARIAN_PEPPER_ROOT;12517;26;12514;13;;;12524;18;12528;22;;;12520.5;0.0
yf_BGS_d8;46800;ASH_COATED_OSMIUM;9922;10;9918;16;;;9948;13;9950;22;;;9935.0;0.0
yf_BGS_d8;46800;INTARIAN_PEPPER_ROOT;12517;18;12515;20;;;12523;27;12527;26;;;12520.0;0.0
yf_BGS_d8;46900;ASH_COATED_OSMIUM;9932;10;9929;25;;;9938;16;9942;23;;;9935.0;0.0
yf_BGS_d8;46900;INTARIAN_PEPPER_ROOT;12517;13;12515;10;;;12523;25;12525;15;;;12520.0;0.0
yf_BGS_d8;47000;ASH_COATED_OSMIUM;9932;23;9930;21;;;9938;8;9940;14;;;9935.0;0.0
yf_BGS_d8;47000;INTARIAN_PEPPER_ROOT;12517;8;12513;9;;;12523;14;12526;21;;;12520.0;0.0
yf_BGS_d8;47100;ASH_COATED_OSMIUM;9926;16;9923;21;;;9943;19;9947;24;;;9934.5;0.0
yf_BGS_d8;47100;INTARIAN_PEPPER_ROOT;12517;13;12515;19;;;12523;16;12525;26;;;12520.0;0.0
yf_BGS_d8;47200;ASH_COATED_OSMIUM;9931;17;9927;26;;;9937;15;9940;19;;;9934.0;0.0
yf_BGS_d8;47200;INTARIAN_PEPPER_ROOT;12509;13;12506;17;;;12530;11;12533;20;;;12519.5;0.0
yf_BGS_d8;47300;ASH_COATED_OSMIUM;9927;15;9923;25;;;9940;7;9943;10;;;9933.5;0.0
yf_BGS_d8;47300;INTARIAN_PEPPER_ROOT;12517;7;12514;23;;;12523;19;12525;25;;;12520.0;0.0
yf_BGS_d8;47400;ASH_COATED_OSMIUM;9927;14;9923;23;;;9941;15;9944;22;;;9934.0;0.0
yf_BGS_d8;47400;INTARIAN_PEPPER_ROOT;12510;11;12508;15;;;12531;13;12534;28;;;12520.5;0.0
yf_BGS_d8;47500;ASH_COATED_OSMIUM;9931;6;9927;20;;;9937;19;9941;10;;;9934.0;0.0
yf_BGS_d8;47500;INTARIAN_PEPPER_ROOT;12515;13;12512;21;;;12524;16;12528;17;;;12519.5;0.0
yf_BGS_d8;47600;ASH_COATED_OSMIUM;9927;14;9923;18;;;9940;7;9944;20;;;9933.5;0.0
yf_BGS_d8;47600;INTARIAN_PEPPER_ROOT;12511;18;12508;12;;;12527;7;12529;15;;;12519.0;0.0
yf_BGS_d8;47700;ASH_COATED_OSMIUM;9931;22;9928;29;;;9937;8;9941;16;;;9934.0;0.0
yf_BGS_d8;47700;INTARIAN_PEPPER_ROOT;12517;15;12515;23;;;12523;17;12526;26;;;12520.0;0.0
yf_BGS_d8;47800;ASH_COATED_OSMIUM;9931;14;9928;25;;;9937;13;9941;15;;;9934.0;0.0
yf_BGS_d8;47800;INTARIAN_PEPPER_ROOT;12517;17;12513;25;;;12523;17;12525;29;;;12520.0;0.0
yf_BGS_d8;47900;ASH_COATED_OSMIUM;9930;15;9926;8;;;9936;12;9940;21;;;9933.0;0.0
yf_BGS_d8;47900;INTARIAN_PEPPER_ROOT;12516;14;12513;19;;;12522;17;12524;25;;;12519.0;0.0
yf_BGS_d8;48000;ASH_COATED_OSMIUM;9930;12;9927;18;;;9936;16;9940;12;;;9933.0;0.0
yf_BGS_d8;48000;INTARIAN_PEPPER_ROOT;12516;13;12514;21;;;12522;13;12525;23;;;12519.0;0.0
yf_BGS_d8;48100;ASH_COATED_OSMIUM;9928;24;9924;8;;;9938;14;9941;20;;;9933.0;0.0
yf_BGS_d8;48100;INTARIAN_PEPPER_ROOT;12513;24;12511;17;;;12525;14;12527;21;;;12519.0;0.0
yf_BGS_d8;48200;ASH_COATED_OSMIUM;9927;11;9923;26;;;9939;5;9943;20;;;9933.0;0.0
yf_BGS_d8;48200;INTARIAN_PEPPER_ROOT;12514;16;12510;14;;;12525;17;12527;20;;;12519.5;0.0
yf_BGS_d8;48300;ASH_COATED_OSMIUM;9929;20;9927;17;;;9935;13;9938;16;;;9932.0;0.0
yf_BGS_d8;48300;INTARIAN_PEPPER_ROOT;12516;11;12513;17;;;12522;5;12526;25;;;12519.0;0.0
yf_BGS_d8;48400;ASH_COATED_OSMIUM;9925;24;9923;12;;;9938;10;9941;23;;;9931.5;0.0
yf_BGS_d8;48400;INTARIAN_PEPPER_ROOT;12516;19;12513;11;;;12522;14;12524;23;;;12519.0;0.0
yf_BGS_d8;48500;ASH_COATED_OSMIUM;9929;14;9925;20;;;9935;11;9937;20;;;9932.0;0.0
yf_BGS_d8;48500;INTARIAN_PEPPER_ROOT;12511;14;12509;18;;;12528;5;12530;13;;;12519.5;0.0
yf_BGS_d8;48600;ASH_COATED_OSMIUM;9929;14;9927;15;;;9935;20;9937;25;;;9932.0;0.0
yf_BGS_d8;48600;INTARIAN_PEPPER_ROOT;12516;14;12512;26;;;12522;17;12525;29;;;12519.0;0.0
yf_BGS_d8;48700;ASH_COATED_OSMIUM;9929;11;9926;20;;;9935;17;9937;18;;;9932.0;0.0
yf_BGS_d8;48700;INTARIAN_PEPPER_ROOT;12511;19;12507;18;;;12527;16;12531;21;;;12519.0;0.0
yf_BGS_d8;48800;ASH_COATED_OSMIUM;9929;10;9926;20;;;9935;18;9938;15;;;9932.0;0.0
yf_BGS_d8;48800;INTARIAN_PEPPER_ROOT;12516;16;12513;12;;;12522;12;12525;14;;;12519.0;0.0
yf_BGS_d8;48900;ASH_COATED_OSMIUM;9928;5;9925;21;;;9934;20;9936;15;;;9931.0;0.0
yf_BGS_d8;48900;INTARIAN_PEPPER_ROOT;12516;15;12514;21;;;12522;19;12524;21;;;12519.0;0.0
yf_BGS_d8;49000;ASH_COATED_OSMIUM;9928;12;9925;18;;;9934;16;9936;23;;;9931.0;0.0
yf_BGS_d8;49000;INTARIAN_PEPPER_ROOT;12516;12;12513;19;;;12522;21;12524;14;;;12519.0;0.0
yf_BGS_d8;49100;ASH_COATED_OSMIUM;9928;8;9924;25;;;9934;19;9937;8;;;9931.0;0.0
yf_BGS_d8;49100;INTARIAN_PEPPER_ROOT;12515;5;12513;23;;;12522;13;12526;18;;;12518.5;0.0
yf_BGS_d8;49200;ASH_COATED_OSMIUM;9928;17;9924;19;;;9934;11;9938;19;;;9931.0;0.0
yf_BGS_d8;49200;INTARIAN_PEPPER_ROOT;12516;5;12513;30;;;12522;17;12524;22;;;12519.0;0.0
yf_BGS_d8;49300;ASH_COATED_OSMIUM;9927;8;9923;12;;;9933;12;9937;19;;;9930.0;0.0
yf_BGS_d8;49300;INTARIAN_PEPPER_ROOT;12515;14;12511;20;;;12521;23;12523;23;;;12518.0;0.0
yf_BGS_d8;49400;ASH_COATED_OSMIUM;9927;10;9924;23;;;9934;10;9936;17;;;9930.5;0.0
yf_BGS_d8;49400;INTARIAN_PEPPER_ROOT;12516;20;12513;23;;;12522;19;12524;25;;;12519.0;0.0
yf_BGS_d8;49500;ASH_COATED_OSMIUM;9918;18;9916;21;;;9943;14;9945;13;;;9930.5;0.0
yf_BGS_d8;49500;INTARIAN_PEPPER_ROOT;12515;17;12513;18;;;12521;5;12523;30;;;12518.0;0.0
yf_BGS_d8;49600;ASH_COATED_OSMIUM;9928;15;9924;16;;;9934;5;9938;16;;;9931.0;0.0
yf_BGS_d8;49600;INTARIAN_PEPPER_ROOT;12515;20;12513;18;;;12521;15;12524;19;;;12518.0;0.0
yf_BGS_d8;49700;ASH_COATED_OSMIUM;9927;19;9925;18;;;9933;15;9935;22;;;9930.0;0.0
yf_BGS_d8;49700;INTARIAN_PEPPER_ROOT;12512;11;12509;21;;;12523;8;12525;17;;;12517.5;0.0
yf_BGS_d8;49800;ASH_COATED_OSMIUM;9924;16;9921;21;;;9935;11;9938;12;;;9929.5;0.0
yf_BGS_d8;49800;INTARIAN_PEPPER_ROOT;12516;13;12514;25;;;12522;11;12524;25;;;12519.0;0.0
yf_BGS_d8;49900;ASH_COATED_OSMIUM;9920;5;9917;17;;;9939;21;9943;17;;;9929.5;0.0
yf_BGS_d8;49900;INTARIAN_PEPPER_ROOT;12515;18;12513;21;;;12521;8;12524;22;;;12518.0;0.0
yf_BGS_d8;50000;ASH_COATED_OSMIUM;9913;11;9910;22;;;9945;14;9948;23;;;9929.0;0.0
yf_BGS_d8;50000;INTARIAN_PEPPER_ROOT;12515;11;12513;27;;;12521;5;12524;29;;;12518.0;0.0
yf_BGS_d8;50100;ASH_COATED_OSMIUM;9924;12;9921;18;;;9933;14;9936;24;;;9928.5;0.0
yf_BGS_d8;50100;INTARIAN_PEPPER_ROOT;12514;12;12510;18;;;12524;16;12526;20;;;12519.0;0.0
yf_BGS_d8;50200;ASH_COATED_OSMIUM;9926;15;9923;20;;;9932;16;9934;16;;;9929.0;0.0
yf_BGS_d8;50200;INTARIAN_PEPPER_ROOT;12515;21;12512;8;;;12521;18;12525;20;;;12518.0;0.0
yf_BGS_d8;50300;ASH_COATED_OSMIUM;9925;15;9922;22;;;9931;11;9935;31;;;9928.0;0.0
yf_BGS_d8;50300;INTARIAN_PEPPER_ROOT;12514;10;12512;25;;;12523;17;12527;26;;;12518.5;0.0
yf_BGS_d8;50400;ASH_COATED_OSMIUM;9926;14;9922;17;;;9932;6;9936;22;;;9929.0;0.0
yf_BGS_d8;50400;INTARIAN_PEPPER_ROOT;12515;5;12512;14;;;12521;13;12524;12;;;12518.0;0.0
yf_BGS_d8;50500;ASH_COATED_OSMIUM;9923;6;9921;14;;;9935;16;9938;21;;;9929.0;0.0
yf_BGS_d8;50500;INTARIAN_PEPPER_ROOT;12514;9;12511;25;;;12520;10;12522;26;;;12517.0;0.0
yf_BGS_d8;50600;ASH_COATED_OSMIUM;9925;15;9921;18;;;9931;18;9935;11;;;9928.0;0.0
yf_BGS_d8;50600;INTARIAN_PEPPER_ROOT;12507;13;12503;19;;;12530;20;12534;20;;;12518.5;0.0
yf_BGS_d8;50700;ASH_COATED_OSMIUM;9925;21;9923;28;;;9931;6;9934;22;;;9928.0;0.0
yf_BGS_d8;50700;INTARIAN_PEPPER_ROOT;12505;12;12502;22;;;12529;16;12533;21;;;12517.0;0.0
yf_BGS_d8;50800;ASH_COATED_OSMIUM;9923;16;9920;19;;;9932;14;9936;14;;;9927.5;0.0
yf_BGS_d8;50800;INTARIAN_PEPPER_ROOT;12515;5;12512;20;;;12521;21;12524;19;;;12518.0;0.0
yf_BGS_d8;50900;ASH_COATED_OSMIUM;9924;17;9922;17;;;9931;16;9935;22;;;9927.5;0.0
yf_BGS_d8;50900;INTARIAN_PEPPER_ROOT;12514;24;12510;28;;;12520;11;12524;19;;;12517.0;0.0
yf_BGS_d8;51000;ASH_COATED_OSMIUM;9924;16;9920;23;;;9930;19;9933;19;;;9927.0;0.0
yf_BGS_d8;51000;INTARIAN_PEPPER_ROOT;12513;15;12509;21;;;12519;17;12521;16;;;12516.0;0.0
yf_BGS_d8;51100;ASH_COATED_OSMIUM;9924;14;9922;25;;;9930;19;9932;18;;;9927.0;0.0
yf_BGS_d8;51100;INTARIAN_PEPPER_ROOT;12512;15;12508;21;;;12518;16;12522;18;;;12515.0;0.0
yf_BGS_d8;51200;ASH_COATED_OSMIUM;9924;14;9921;17;;;9930;14;9932;25;;;9927.0;0.0
yf_BGS_d8;51200;INTARIAN_PEPPER_ROOT;12511;10;12507;17;;;12517;15;12521;29;;;12514.0;0.0
yf_BGS_d8;51300;ASH_COATED_OSMIUM;9924;14;9922;9;;;9930;21;9932;15;;;9927.0;0.0
yf_BGS_d8;51300;INTARIAN_PEPPER_ROOT;12510;11;12508;24;;;12516;18;12519;25;;;12513.0;0.0
yf_BGS_d8;51400;ASH_COATED_OSMIUM;9924;14;9922;18;;;9930;10;9932;10;;;9927.0;0.0
yf_BGS_d8;51400;INTARIAN_PEPPER_ROOT;12508;19;12505;22;;;12514;13;12517;26;;;12511.0;0.0
yf_BGS_d8;51500;ASH_COATED_OSMIUM;9918;17;9916;20;;;9935;15;9939;26;;;9926.5;0.0
yf_BGS_d8;51500;INTARIAN_PEPPER_ROOT;12507;24;12503;17;;;12513;19;12517;28;;;12510.0;0.0
yf_BGS_d8;51600;ASH_COATED_OSMIUM;9924;12;9921;9;;;9930;10;9932;27;;;9927.0;0.0
yf_BGS_d8;51600;INTARIAN_PEPPER_ROOT;12506;12;12502;23;;;12512;8;12514;26;;;12509.0;0.0
yf_BGS_d8;51700;ASH_COATED_OSMIUM;9923;13;9921;23;;;9929;21;9931;24;;;9926.0;0.0
yf_BGS_d8;51700;INTARIAN_PEPPER_ROOT;12502;8;12498;23;;;12514;22;12516;16;;;12508.0;0.0
yf_BGS_d8;51800;ASH_COATED_OSMIUM;9923;14;9919;22;;;9929;12;9932;29;;;9926.0;0.0
yf_BGS_d8;51800;INTARIAN_PEPPER_ROOT;12504;19;12502;15;;;12510;14;12514;15;;;12507.0;0.0
yf_BGS_d8;51900;ASH_COATED_OSMIUM;9919;17;9917;20;;;9933;20;9937;17;;;9926.0;0.0
yf_BGS_d8;51900;INTARIAN_PEPPER_ROOT;12495;9;12493;20;;;12516;15;12520;15;;;12505.5;0.0
yf_BGS_d8;52000;ASH_COATED_OSMIUM;9913;9;9909;20;;;9939;23;9943;23;;;9926.0;0.0
yf_BGS_d8;52000;INTARIAN_PEPPER_ROOT;12500;11;12497;8;;;12509;8;12512;17;;;12504.5;0.0
yf_BGS_d8;52100;ASH_COATED_OSMIUM;9922;5;9920;28;;;9928;17;9932;8;;;9925.0;0.0
yf_BGS_d8;52100;INTARIAN_PEPPER_ROOT;12501;7;12499;18;;;12507;12;12509;30;;;12504.0;0.0
yf_BGS_d8;52200;ASH_COATED_OSMIUM;9923;10;9920;19;;;9929;19;9931;24;;;9926.0;0.0
yf_BGS_d8;52200;INTARIAN_PEPPER_ROOT;12499;12;12495;28;;;12505;5;12508;13;;;12502.0;0.0
yf_BGS_d8;52300;ASH_COATED_OSMIUM;9909;17;9906;11;;;9941;19;9943;18;;;9925.0;0.0
yf_BGS_d8;52300;INTARIAN_PEPPER_ROOT;12499;11;12497;25;;;12505;15;12508;8;;;12502.0;0.0
yf_BGS_d8;52400;ASH_COATED_OSMIUM;9922;14;9918;19;;;9928;13;9930;24;;;9925.0;0.0
yf_BGS_d8;52400;INTARIAN_PEPPER_ROOT;12494;12;12490;19;;;12506;16;12508;27;;;12500.0;0.0
yf_BGS_d8;52500;ASH_COATED_OSMIUM;9920;5;9917;13;;;9929;17;9933;16;;;9924.5;0.0
yf_BGS_d8;52500;INTARIAN_PEPPER_ROOT;12495;28;12491;17;;;12504;9;12508;14;;;12499.5;0.0
yf_BGS_d8;52600;ASH_COATED_OSMIUM;9922;7;9919;11;;;9928;22;9931;17;;;9925.0;0.0
yf_BGS_d8;52600;INTARIAN_PEPPER_ROOT;12488;7;12484;17;;;12508;17;12511;23;;;12498.0;0.0
yf_BGS_d8;52700;ASH_COATED_OSMIUM;9919;14;9915;18;;;9930;13;9932;16;;;9924.5;0.0
yf_BGS_d8;52700;INTARIAN_PEPPER_ROOT;12494;12;12492;15;;;12500;12;12503;20;;;12497.0;0.0
yf_BGS_d8;52800;ASH_COATED_OSMIUM;9920;9;9918;14;;;9930;21;9932;21;;;9925.0;0.0
yf_BGS_d8;52800;INTARIAN_PEPPER_ROOT;12487;18;12485;16;;;12506;16;12510;18;;;12496.5;0.0
yf_BGS_d8;52900;ASH_COATED_OSMIUM;9921;7;9917;12;;;9927;21;9930;14;;;9924.0;0.0
yf_BGS_d8;52900;INTARIAN_PEPPER_ROOT;12492;13;12490;21;;;12498;12;12501;28;;;12495.0;0.0
yf_BGS_d8;53000;ASH_COATED_OSMIUM;9920;16;9917;18;;;9929;12;9931;11;;;9924.5;0.0
yf_BGS_d8;53000;INTARIAN_PEPPER_ROOT;12490;14;12488;31;;;12496;20;12499;13;;;12493.0;0.0
yf_BGS_d8;53100;ASH_COATED_OSMIUM;9921;13;9919;24;;;9927;14;9929;21;;;9924.0;0.0
yf_BGS_d8;53100;INTARIAN_PEPPER_ROOT;12488;11;12484;15;;;12497;19;12499;18;;;12492.5;0.0
yf_BGS_d8;53200;ASH_COATED_OSMIUM;9921;10;9918;19;;;9927;8;9930;18;;;9924.0;0.0
yf_BGS_d8;53200;INTARIAN_PEPPER_ROOT;12486;17;12482;24;;;12497;16;12499;15;;;12491.5;0.0
yf_BGS_d8;53300;ASH_COATED_OSMIUM;9920;13;9918;19;;;9929;21;9931;19;;;9924.5;0.0
yf_BGS_d8;53300;INTARIAN_PEPPER_ROOT;12487;16;12485;25;;;12494;13;12496;17;;;12490.5;0.0
yf_BGS_d8;53400;ASH_COATED_OSMIUM;9920;10;9918;17;;;9926;14;9929;23;;;9923.0;0.0
yf_BGS_d8;53400;INTARIAN_PEPPER_ROOT;12486;21;12483;12;;;12492;9;12495;23;;;12489.0;0.0
yf_BGS_d8;53500;ASH_COATED_OSMIUM;9921;17;9918;21;;;9927;15;9931;12;;;9924.0;0.0
yf_BGS_d8;53500;INTARIAN_PEPPER_ROOT;12481;19;12479;19;;;12497;9;12500;24;;;12489.0;0.0
yf_BGS_d8;53600;ASH_COATED_OSMIUM;9920;22;9916;21;;;9926;14;9929;22;;;9923.0;0.0
yf_BGS_d8;53600;INTARIAN_PEPPER_ROOT;12484;20;12481;20;;;12490;10;12492;19;;;12487.0;0.0
yf_BGS_d8;53700;ASH_COATED_OSMIUM;9906;22;9903;21;;;9938;14;9940;19;;;9922.0;0.0
yf_BGS_d8;53700;INTARIAN_PEPPER_ROOT;12483;17;12479;13;;;12489;10;12492;20;;;12486.0;0.0
yf_BGS_d8;53800;ASH_COATED_OSMIUM;9918;19;9914;14;;;9927;11;9931;17;;;9922.5;0.0
yf_BGS_d8;53800;INTARIAN_PEPPER_ROOT;12470;7;12466;20;;;12499;13;12501;16;;;12484.5;0.0
yf_BGS_d8;53900;ASH_COATED_OSMIUM;9919;10;9915;21;;;9926;13;9928;20;;;9922.5;0.0
yf_BGS_d8;53900;INTARIAN_PEPPER_ROOT;12475;8;12471;25;;;12492;14;12496;22;;;12483.5;0.0
yf_BGS_d8;54000;ASH_COATED_OSMIUM;9919;11;9917;10;;;9927;12;9929;21;;;9923.0;0.0
yf_BGS_d8;54000;INTARIAN_PEPPER_ROOT;12478;12;12476;18;;;12487;14;12489;12;;;12482.5;0.0
yf_BGS_d8;54100;ASH_COATED_OSMIUM;9919;18;9917;16;;;9925;17;9928;25;;;9922.0;0.0
yf_BGS_d8;54100;INTARIAN_PEPPER_ROOT;12479;15;12477;18;;;12485;16;12487;27;;;12482.0;0.0
yf_BGS_d8;54200;ASH_COATED_OSMIUM;9908;18;9904;14;;;9935;14;9937;13;;;9921.5;0.0
yf_BGS_d8;54200;INTARIAN_PEPPER_ROOT;12478;16;12476;13;;;12484;19;12488;25;;;12481.0;0.0
yf_BGS_d8;54300;ASH_COATED_OSMIUM;9917;21;9914;23;;;9926;16;9929;16;;;9921.5;0.0
yf_BGS_d8;54300;INTARIAN_PEPPER_ROOT;12477;9;12474;24;;;12483;29;12487;17;;;12480.0;0.0
yf_BGS_d8;54400;ASH_COATED_OSMIUM;9919;13;9915;18;;;9925;8;9927;26;;;9922.0;0.0
yf_BGS_d8;54400;INTARIAN_PEPPER_ROOT;12474;11;12470;23;;;12483;9;12486;17;;;12478.5;0.0
yf_BGS_d8;54500;ASH_COATED_OSMIUM;9919;8;9917;21;;;9925;12;9928;23;;;9922.0;0.0
yf_BGS_d8;54500;INTARIAN_PEPPER_ROOT;12474;18;12471;8;;;12480;16;12482;24;;;12477.0;0.0
yf_BGS_d8;54600;ASH_COATED_OSMIUM;9910;11;9906;20;;;9934;17;9936;13;;;9922.0;0.0
yf_BGS_d8;54600;INTARIAN_PEPPER_ROOT;12473;15;12470;20;;;12480;17;12484;21;;;12476.5;0.0
yf_BGS_d8;54700;ASH_COATED_OSMIUM;9918;22;9916;21;;;9924;25;9926;14;;;9921.0;0.0
yf_BGS_d8;54700;INTARIAN_PEPPER_ROOT;12472;10;12468;20;;;12478;23;12481;24;;;12475.0;0.0
yf_BGS_d8;54800;ASH_COATED_OSMIUM;9914;6;9912;27;;;9928;6;9932;21;;;9921.0;0.0
yf_BGS_d8;54800;INTARIAN_PEPPER_ROOT;12466;14;12462;19;;;12481;13;12484;23;;;12473.5;0.0
yf_BGS_d8;54900;ASH_COATED_OSMIUM;9907;15;9905;16;;;9935;16;9938;23;;;9921.0;0.0
yf_BGS_d8;54900;INTARIAN_PEPPER_ROOT;12467;21;12464;21;;;12478;9;12481;23;;;12472.5;0.0
yf_BGS_d8;55000;ASH_COATED_OSMIUM;9918;15;9914;21;;;9924;18;9926;22;;;9921.0;0.0
yf_BGS_d8;55000;INTARIAN_PEPPER_ROOT;12466;8;12462;18;;;12477;13;12481;33;;;12471.5;0.0
yf_BGS_d8;55100;ASH_COATED_OSMIUM;9911;16;9909;19;;;9930;19;9933;16;;;9920.5;0.0
yf_BGS_d8;55100;INTARIAN_PEPPER_ROOT;12466;12;12462;20;;;12478;14;12482;24;;;12472.0;0.0
yf_BGS_d8;55200;ASH_COATED_OSMIUM;9914;17;9910;22;;;9927;16;9929;31;;;9920.5;0.0
yf_BGS_d8;55200;INTARIAN_PEPPER_ROOT;12466;10;12462;24;;;12472;14;12476;15;;;12469.0;0.0
yf_BGS_d8;55300;ASH_COATED_OSMIUM;9912;16;9908;21;;;9929;16;9932;14;;;9920.5;0.0
yf_BGS_d8;55300;INTARIAN_PEPPER_ROOT;12466;13;12462;16;;;12472;12;12475;23;;;12469.0;0.0
yf_BGS_d8;55400;ASH_COATED_OSMIUM;9917;16;9913;20;;;9923;16;9927;16;;;9920.0;0.0
yf_BGS_d8;55400;INTARIAN_PEPPER_ROOT;12465;14;12463;25;;;12471;19;12473;15;;;12468.0;0.0
yf_BGS_d8;55500;ASH_COATED_OSMIUM;9917;20;9915;25;;;9923;21;9926;19;;;9920.0;0.0
yf_BGS_d8;55500;INTARIAN_PEPPER_ROOT;12461;5;12457;11;;;12473;14;12476;19;;;12467.0;0.0
yf_BGS_d8;55600;ASH_COATED_OSMIUM;9913;8;9911;30;;;9927;10;9929;25;;;9920.0;0.0
yf_BGS_d8;55600;INTARIAN_PEPPER_ROOT;12462;18;12458;21;;;12468;5;12470;13;;;12465.0;0.0
yf_BGS_d8;55700;ASH_COATED_OSMIUM;9916;18;9912;19;;;9922;21;9924;20;;;9919.0;0.0
yf_BGS_d8;55700;INTARIAN_PEPPER_ROOT;12461;11;12459;18;;;12467;23;12469;14;;;12464.0;0.0
yf_BGS_d8;55800;ASH_COATED_OSMIUM;9916;13;9914;10;;;9922;13;9924;15;;;9919.0;0.0
yf_BGS_d8;55800;INTARIAN_PEPPER_ROOT;12460;16;12458;18;;;12467;10;12471;21;;;12463.5;0.0
yf_BGS_d8;55900;ASH_COATED_OSMIUM;9916;9;9913;17;;;9922;17;9926;20;;;9919.0;0.0
yf_BGS_d8;55900;INTARIAN_PEPPER_ROOT;12459;23;12455;21;;;12465;14;12469;21;;;12462.0;0.0
yf_BGS_d8;56000;ASH_COATED_OSMIUM;9913;9;9911;29;;;9927;17;9929;19;;;9920.0;0.0
yf_BGS_d8;56000;INTARIAN_PEPPER_ROOT;12458;26;12455;18;;;12464;11;12468;22;;;12461.0;0.0
yf_BGS_d8;56100;ASH_COATED_OSMIUM;9916;23;9913;16;;;9922;5;9925;19;;;9919.0;0.0
yf_BGS_d8;56100;INTARIAN_PEPPER_ROOT;12457;18;12454;26;;;12463;12;12465;15;;;12460.0;0.0
yf_BGS_d8;56200;ASH_COATED_OSMIUM;9916;12;9912;13;;;9922;10;9924;15;;;9919.0;0.0
yf_BGS_d8;56200;INTARIAN_PEPPER_ROOT;12456;20;12452;26;;;12462;20;12464;17;;;12459.0;0.0
yf_BGS_d8;56300;ASH_COATED_OSMIUM;9916;8;9914;27;;;9922;20;9925;18;;;9919.0;0.0
yf_BGS_d8;56300;INTARIAN_PEPPER_ROOT;12422;15;12420;17;;;12492;16;12494;24;;;12457.0;0.0
yf_BGS_d8;56400;ASH_COATED_OSMIUM;9916;16;9913;27;;;9922;25;9925;27;;;9919.0;0.0
yf_BGS_d8;56400;INTARIAN_PEPPER_ROOT;12443;16;12439;20;;;12470;8;12472;14;;;12456.5;0.0
yf_BGS_d8;56500;ASH_COATED_OSMIUM;9916;20;9914;26;;;9922;14;9924;12;;;9919.0;0.0
yf_BGS_d8;56500;INTARIAN_PEPPER_ROOT;12452;17;12449;9;;;12458;18;12462;26;;;12455.0;0.0
yf_BGS_d8;56600;ASH_COATED_OSMIUM;9910;11;9906;24;;;9926;15;9930;20;;;9918.0;0.0
yf_BGS_d8;56600;INTARIAN_PEPPER_ROOT;12451;29;12449;23;;;12457;8;12459;19;;;12454.0;0.0
yf_BGS_d8;56700;ASH_COATED_OSMIUM;9910;11;9908;19;;;9926;13;9928;28;;;9918.0;0.0
yf_BGS_d8;56700;INTARIAN_PEPPER_ROOT;12450;9;12447;25;;;12456;22;12460;14;;;12453.0;0.0
yf_BGS_d8;56800;ASH_COATED_OSMIUM;9915;7;9912;15;;;9921;11;9925;24;;;9918.0;0.0
yf_BGS_d8;56800;INTARIAN_PEPPER_ROOT;12445;12;12443;30;;;12458;20;12460;21;;;12451.5;0.0
yf_BGS_d8;56900;ASH_COATED_OSMIUM;9913;5;9911;19;;;9921;15;9923;23;;;9917.0;0.0
yf_BGS_d8;56900;INTARIAN_PEPPER_ROOT;12448;10;12445;16;;;12454;9;12458;8;;;12451.0;0.0
yf_BGS_d8;57000;ASH_COATED_OSMIUM;9914;15;9911;16;;;9920;16;9924;21;;;9917.0;0.0
yf_BGS_d8;57000;INTARIAN_PEPPER_ROOT;12446;15;12443;30;;;12454;17;12457;23;;;12450.0;0.0
yf_BGS_d8;57100;ASH_COATED_OSMIUM;9911;16;9908;17;;;9923;14;9926;21;;;9917.0;0.0
yf_BGS_d8;57100;INTARIAN_PEPPER_ROOT;12446;13;12442;21;;;12452;9;12454;26;;;12449.0;0.0
yf_BGS_d8;57200;ASH_COATED_OSMIUM;9895;12;9892;19;;;9940;15;9943;14;;;9917.5;0.0
yf_BGS_d8;57200;INTARIAN_PEPPER_ROOT;12441;7;12437;24;;;12455;14;12458;18;;;12448.0;0.0
yf_BGS_d8;57300;ASH_COATED_OSMIUM;9915;12;9913;25;;;9921;14;9925;26;;;9918.0;0.0
yf_BGS_d8;57300;INTARIAN_PEPPER_ROOT;12443;16;12441;8;;;12449;15;12452;17;;;12446.0;0.0
yf_BGS_d8;57400;ASH_COATED_OSMIUM;9912;20;9908;20;;;9922;12;9924;14;;;9917.0;0.0
yf_BGS_d8;57400;INTARIAN_PEPPER_ROOT;12433;11;12431;20;;;12459;6;12462;27;;;12446.0;0.0
yf_BGS_d8;57500;ASH_COATED_OSMIUM;9911;15;9909;13;;;9922;13;9926;21;;;9916.5;0.0
yf_BGS_d8;57500;INTARIAN_PEPPER_ROOT;12441;11;12438;18;;;12447;15;12451;23;;;12444.0;0.0
yf_BGS_d8;57600;ASH_COATED_OSMIUM;9907;11;9903;15;;;9927;11;9929;18;;;9917.0;0.0
yf_BGS_d8;57600;INTARIAN_PEPPER_ROOT;12440;7;12437;22;;;12446;16;12449;23;;;12443.0;0.0
yf_BGS_d8;57700;ASH_COATED_OSMIUM;9913;25;9909;28;;;9919;5;9922;19;;;9916.0;0.0
yf_BGS_d8;57700;INTARIAN_PEPPER_ROOT;12436;11;12434;25;;;12447;11;12451;22;;;12441.5;0.0
yf_BGS_d8;57800;ASH_COATED_OSMIUM;9913;16;9910;20;;;9919;8;9922;18;;;9916.0;0.0
yf_BGS_d8;57800;INTARIAN_PEPPER_ROOT;12436;16;12433;24;;;12445;30;12447;18;;;12440.5;0.0
yf_BGS_d8;57900;ASH_COATED_OSMIUM;9909;18;9905;15;;;9923;6;9926;25;;;9916.0;0.0
yf_BGS_d8;57900;INTARIAN_PEPPER_ROOT;12437;10;12435;25;;;12443;15;12446;23;;;12440.0;0.0
yf_BGS_d8;58000;ASH_COATED_OSMIUM;9914;15;9910;20;;;9920;14;9924;21;;;9917.0;0.0
yf_BGS_d8;58000;INTARIAN_PEPPER_ROOT;12435;14;12431;23;;;12441;12;12445;15;;;12438.0;0.0
yf_BGS_d8;58100;ASH_COATED_OSMIUM;9913;19;9910;19;;;9919;18;9922;16;;;9916.0;0.0
yf_BGS_d8;58100;INTARIAN_PEPPER_ROOT;12435;11;12431;17;;;12441;9;12443;16;;;12438.0;0.0
yf_BGS_d8;58200;ASH_COATED_OSMIUM;9910;15;9907;15;;;9921;8;9923;11;;;9915.5;0.0
yf_BGS_d8;58200;INTARIAN_PEPPER_ROOT;12434;8;12431;12;;;12440;10;12442;21;;;12437.0;0.0
yf_BGS_d8;58300;ASH_COATED_OSMIUM;9912;16;9908;12;;;9918;21;9921;20;;;9915.0;0.0
yf_BGS_d8;58300;INTARIAN_PEPPER_ROOT;12426;14;12423;23;;;12444;10;12447;13;;;12435.0;0.0
yf_BGS_d8;58400;ASH_COATED_OSMIUM;9912;18;9910;12;;;9918;20;9922;25;;;9915.0;0.0
yf_BGS_d8;58400;INTARIAN_PEPPER_ROOT;12431;9;12427;22;;;12437;13;12439;20;;;12434.0;0.0
yf_BGS_d8;58500;ASH_COATED_OSMIUM;9909;13;9906;13;;;9920;16;9923;16;;;9914.5;0.0
yf_BGS_d8;58500;INTARIAN_PEPPER_ROOT;12429;12;12427;23;;;12435;23;12438;26;;;12432.0;0.0
yf_BGS_d8;58600;ASH_COATED_OSMIUM;9912;19;9910;15;;;9918;17;9921;21;;;9915.0;0.0
yf_BGS_d8;58600;INTARIAN_PEPPER_ROOT;12424;9;12422;18;;;12439;14;12442;20;;;12431.5;0.0
yf_BGS_d8;58700;ASH_COATED_OSMIUM;9911;11;9908;22;;;9918;12;9921;31;;;9914.5;0.0
yf_BGS_d8;58700;INTARIAN_PEPPER_ROOT;12423;22;12420;21;;;12438;9;12442;17;;;12430.5;0.0
yf_BGS_d8;58800;ASH_COATED_OSMIUM;9912;10;9909;17;;;9918;14;9921;21;;;9915.0;0.0
yf_BGS_d8;58800;INTARIAN_PEPPER_ROOT;12426;24;12424;17;;;12435;9;12439;27;;;12430.5;0.0
yf_BGS_d8;58900;ASH_COATED_OSMIUM;9910;20;9907;20;;;9918;7;9920;26;;;9914.0;0.0
yf_BGS_d8;58900;INTARIAN_PEPPER_ROOT;12425;13;12421;18;;;12431;20;12434;28;;;12428.0;0.0
yf_BGS_d8;59000;ASH_COATED_OSMIUM;9911;14;9907;15;;;9918;11;9920;20;;;9914.5;0.0
