day;timestamp;product;bid_price_1;bid_volume_1;bid_price_2;bid_volume_2;bid_price_3;bid_volume_3;ask_price_1;ask_volume_1;ask_price_2;ask_volume_2;ask_price_3;ask_volume_3;mid_price;profit_and_loss
yf_BGS_d1;0;ASH_COATED_OSMIUM;9940;20;9938;21;;;9946;16;9950;25;;;9943.0;0.0
yf_BGS_d1;0;INTARIAN_PEPPER_ROOT;12284;14;12280;13;;;12292;10;12294;19;;;12288.0;0.0
yf_BGS_d1;100;ASH_COATED_OSMIUM;9939;11;9935;20;;;9948;11;9950;19;;;9943.5;0.0
yf_BGS_d1;100;INTARIAN_PEPPER_ROOT;12285;18;12282;28;;;12291;18;12295;27;;;12288.0;0.0
yf_BGS_d1;200;ASH_COATED_OSMIUM;9940;14;9938;26;;;9947;10;9950;18;;;9943.5;0.0
yf_BGS_d1;200;INTARIAN_PEPPER_ROOT;12286;20;12283;18;;;12292;5;12294;25;;;12289.0;0.0
yf_BGS_d1;300;ASH_COATED_OSMIUM;9939;10;9937;18;;;9948;13;9952;18;;;9943.5;0.0
yf_BGS_d1;300;INTARIAN_PEPPER_ROOT;12285;13;12282;21;;;12291;21;12293;24;;;12288.0;0.0
yf_BGS_d1;400;ASH_COATED_OSMIUM;9940;17;9936;8;;;9946;10;9950;13;;;9943.0;0.0
yf_BGS_d1;400;INTARIAN_PEPPER_ROOT;12282;26;12278;29;;;12297;22;12301;16;;;12289.5;0.0
yf_BGS_d1;500;ASH_COATED_OSMIUM;9940;17;9938;13;;;9946;18;9949;24;;;9943.0;0.0
yf_BGS_d1;500;INTARIAN_PEPPER_ROOT;12281;14;12279;18;;;12296;13;12299;24;;;12288.5;0.0
yf_BGS_d1;600;ASH_COATED_OSMIUM;9940;8;9937;21;;;9946;16;9949;30;;;9943.0;0.0
yf_BGS_d1;600;INTARIAN_PEPPER_ROOT;12286;11;12282;23;;;12292;14;12296;14;;;12289.0;0.0
yf_BGS_d1;700;ASH_COATED_OSMIUM;9939;17;9935;24;;;9947;13;9951;15;;;9943.0;0.0
yf_BGS_d1;700;INTARIAN_PEPPER_ROOT;12286;16;12282;23;;;12292;22;12294;23;;;12289.0;0.0
yf_BGS_d1;800;ASH_COATED_OSMIUM;9940;14;9938;14;;;9946;10;9949;19;;;9943.0;0.0
yf_BGS_d1;800;INTARIAN_PEPPER_ROOT;12286;7;12284;22;;;12292;16;12296;20;;;12289.0;0.0
yf_BGS_d1;900;ASH_COATED_OSMIUM;9940;18;9936;17;;;9946;15;9950;15;;;9943.0;0.0
yf_BGS_d1;900;INTARIAN_PEPPER_ROOT;12284;18;12282;21;;;12295;19;12298;21;;;12289.5;0.0
yf_BGS_d1;1000;ASH_COATED_OSMIUM;9941;19;9938;15;;;9947;7;9949;9;;;9944.0;0.0
yf_BGS_d1;1000;INTARIAN_PEPPER_ROOT;12285;14;12283;20;;;12294;9;12297;11;;;12289.5;0.0
yf_BGS_d1;1100;ASH_COATED_OSMIUM;9939;14;9936;16;;;9948;11;9951;22;;;9943.5;0.0
yf_BGS_d1;1100;INTARIAN_PEPPER_ROOT;12268;25;12265;22;;;12313;19;12316;25;;;12290.5;0.0
yf_BGS_d1;1200;ASH_COATED_OSMIUM;9940;15;9936;20;;;9946;10;9949;15;;;9943.0;0.0
yf_BGS_d1;1200;INTARIAN_PEPPER_ROOT;12287;13;12285;20;;;12293;14;12296;18;;;12290.0;0.0
yf_BGS_d1;1300;ASH_COATED_OSMIUM;9940;13;9938;27;;;9946;8;9949;26;;;9943.0;0.0
yf_BGS_d1;1300;INTARIAN_PEPPER_ROOT;12287;10;12284;16;;;12294;14;12296;15;;;12290.5;0.0
yf_BGS_d1;1400;ASH_COATED_OSMIUM;9940;17;9937;12;;;9947;12;9950;25;;;9943.5;0.0
yf_BGS_d1;1400;INTARIAN_PEPPER_ROOT;12288;14;12285;25;;;12295;7;12298;23;;;12291.5;0.0
yf_BGS_d1;1500;ASH_COATED_OSMIUM;9941;17;9937;21;;;9947;15;9950;21;;;9944.0;0.0
yf_BGS_d1;1500;INTARIAN_PEPPER_ROOT;12288;15;12284;15;;;12294;13;12298;18;;;12291.0;0.0
yf_BGS_d1;1600;ASH_COATED_OSMIUM;9941;27;9937;26;;;9947;13;9949;17;;;9944.0;0.0
yf_BGS_d1;1600;INTARIAN_PEPPER_ROOT;12285;11;12283;21;;;12296;13;12299;20;;;12290.5;0.0
yf_BGS_d1;1700;ASH_COATED_OSMIUM;9941;13;9938;16;;;9947;30;9951;20;;;9944.0;0.0
yf_BGS_d1;1700;INTARIAN_PEPPER_ROOT;12281;11;12277;19;;;12302;13;12306;15;;;12291.5;0.0
yf_BGS_d1;1800;ASH_COATED_OSMIUM;9940;13;9936;19;;;9948;13;9950;22;;;9944.0;0.0
yf_BGS_d1;1800;INTARIAN_PEPPER_ROOT;12287;16;12283;20;;;12297;19;12299;22;;;12292.0;0.0
yf_BGS_d1;1900;ASH_COATED_OSMIUM;9924;23;9922;23;;;9962;23;9964;26;;;9943.0;0.0
yf_BGS_d1;1900;INTARIAN_PEPPER_ROOT;12289;23;12287;17;;;12295;16;12299;23;;;12292.0;0.0
yf_BGS_d1;2000;ASH_COATED_OSMIUM;9940;13;9938;25;;;9946;10;9950;12;;;9943.0;0.0
yf_BGS_d1;2000;INTARIAN_PEPPER_ROOT;12283;12;12281;8;;;12300;13;12303;18;;;12291.5;0.0
yf_BGS_d1;2100;ASH_COATED_OSMIUM;9941;19;9939;18;;;9947;14;9949;14;;;9944.0;0.0
yf_BGS_d1;2100;INTARIAN_PEPPER_ROOT;12290;14;12287;25;;;12296;14;12299;21;;;12293.0;0.0
yf_BGS_d1;2200;ASH_COATED_OSMIUM;9941;15;9939;21;;;9947;17;9951;14;;;9944.0;0.0
yf_BGS_d1;2200;INTARIAN_PEPPER_ROOT;12287;7;12284;27;;;12296;5;12300;18;;;12291.5;0.0
yf_BGS_d1;2300;ASH_COATED_OSMIUM;9934;12;9932;19;;;9954;14;9957;19;;;9944.0;0.0
yf_BGS_d1;2300;INTARIAN_PEPPER_ROOT;12290;19;12286;28;;;12296;10;12300;24;;;12293.0;0.0
yf_BGS_d1;2400;ASH_COATED_OSMIUM;9941;14;9939;16;;;9947;11;9950;15;;;9944.0;0.0
yf_BGS_d1;2400;INTARIAN_PEPPER_ROOT;12285;10;12281;18;;;12301;19;12305;17;;;12293.0;0.0
yf_BGS_d1;2500;ASH_COATED_OSMIUM;9940;19;9938;19;;;9946;26;9950;15;;;9943.0;0.0
yf_BGS_d1;2500;INTARIAN_PEPPER_ROOT;12290;14;12286;14;;;12296;18;12299;23;;;12293.0;0.0
yf_BGS_d1;2600;ASH_COATED_OSMIUM;9933;10;9929;27;;;9956;14;9960;18;;;9944.5;0.0
yf_BGS_d1;2600;INTARIAN_PEPPER_ROOT;12289;6;12287;24;;;12298;24;12302;27;;;12293.5;0.0
yf_BGS_d1;2700;ASH_COATED_OSMIUM;9941;11;9938;16;;;9947;14;9951;14;;;9944.0;0.0
yf_BGS_d1;2700;INTARIAN_PEPPER_ROOT;12290;14;12288;24;;;12296;11;12298;8;;;12293.0;0.0
yf_BGS_d1;2800;ASH_COATED_OSMIUM;9941;12;9937;15;;;9947;26;9949;10;;;9944.0;0.0
yf_BGS_d1;2800;INTARIAN_PEPPER_ROOT;12291;17;12289;13;;;12297;21;12300;22;;;12294.0;0.0
yf_BGS_d1;2900;ASH_COATED_OSMIUM;9941;17;9939;8;;;9947;13;9951;27;;;9944.0;0.0
yf_BGS_d1;2900;INTARIAN_PEPPER_ROOT;12285;19;12281;20;;;12303;12;12307;14;;;12294.0;0.0
yf_BGS_d1;3000;ASH_COATED_OSMIUM;9936;11;9932;24;;;9952;5;9956;22;;;9944.0;0.0
yf_BGS_d1;3000;INTARIAN_PEPPER_ROOT;12287;13;12284;17;;;12301;22;12304;18;;;12294.0;0.0
yf_BGS_d1;3100;ASH_COATED_OSMIUM;9939;16;9935;30;;;9948;15;9952;24;;;9943.5;0.0
yf_BGS_d1;3100;INTARIAN_PEPPER_ROOT;12290;15;12287;20;;;12298;18;12302;25;;;12294.0;0.0
yf_BGS_d1;3200;ASH_COATED_OSMIUM;9939;19;9936;27;;;9949;15;9952;24;;;9944.0;0.0
yf_BGS_d1;3200;INTARIAN_PEPPER_ROOT;12285;15;12283;22;;;12304;14;12308;24;;;12294.5;0.0
yf_BGS_d1;3300;ASH_COATED_OSMIUM;9941;11;9937;28;;;9947;11;9950;23;;;9944.0;0.0
yf_BGS_d1;3300;INTARIAN_PEPPER_ROOT;12292;19;12289;19;;;12298;22;12300;23;;;12295.0;0.0
yf_BGS_d1;3400;ASH_COATED_OSMIUM;9941;16;9938;12;;;9947;18;9949;15;;;9944.0;0.0
yf_BGS_d1;3400;INTARIAN_PEPPER_ROOT;12292;18;12290;23;;;12298;15;12300;13;;;12295.0;0.0
yf_BGS_d1;3500;ASH_COATED_OSMIUM;9941;11;9939;25;;;9948;5;9951;17;;;9944.5;0.0
yf_BGS_d1;3500;INTARIAN_PEPPER_ROOT;12288;11;12285;24;;;12300;15;12303;13;;;12294.0;0.0
yf_BGS_d1;3600;ASH_COATED_OSMIUM;9935;5;9932;19;;;9952;12;9954;14;;;9943.5;0.0
yf_BGS_d1;3600;INTARIAN_PEPPER_ROOT;12290;20;12286;18;;;12301;18;12303;14;;;12295.5;0.0
yf_BGS_d1;3700;ASH_COATED_OSMIUM;9941;19;9938;28;;;9947;27;9951;17;;;9944.0;0.0
yf_BGS_d1;3700;INTARIAN_PEPPER_ROOT;12291;12;12288;15;;;12300;16;12303;16;;;12295.5;0.0
yf_BGS_d1;3800;ASH_COATED_OSMIUM;9941;11;9938;27;;;9947;19;9949;22;;;9944.0;0.0
yf_BGS_d1;3800;INTARIAN_PEPPER_ROOT;12286;16;12283;14;;;12305;15;12308;11;;;12295.5;0.0
yf_BGS_d1;3900;ASH_COATED_OSMIUM;9939;8;9937;21;;;9949;13;9953;18;;;9944.0;0.0
yf_BGS_d1;3900;INTARIAN_PEPPER_ROOT;12293;14;12291;19;;;12299;14;12301;10;;;12296.0;0.0
yf_BGS_d1;4000;ASH_COATED_OSMIUM;9941;16;9939;21;;;9947;24;9951;22;;;9944.0;0.0
yf_BGS_d1;4000;INTARIAN_PEPPER_ROOT;12285;16;12281;16;;;12305;12;12309;17;;;12295.0;0.0
yf_BGS_d1;4100;ASH_COATED_OSMIUM;9941;9;9938;20;;;9948;16;9951;24;;;9944.5;0.0
yf_BGS_d1;4100;INTARIAN_PEPPER_ROOT;12286;16;12282;24;;;12306;17;12309;19;;;12296.0;0.0
yf_BGS_d1;4200;ASH_COATED_OSMIUM;9941;14;9938;18;;;9947;15;9951;24;;;9944.0;0.0
yf_BGS_d1;4200;INTARIAN_PEPPER_ROOT;12281;12;12278;26;;;12312;17;12314;16;;;12296.5;0.0
yf_BGS_d1;4300;ASH_COATED_OSMIUM;9933;17;9929;10;;;9955;9;9958;10;;;9944.0;0.0
yf_BGS_d1;4300;INTARIAN_PEPPER_ROOT;12293;12;12291;18;;;12299;14;12303;21;;;12296.0;0.0
yf_BGS_d1;4400;ASH_COATED_OSMIUM;9941;22;9939;20;;;9947;14;9950;25;;;9944.0;0.0
yf_BGS_d1;4400;INTARIAN_PEPPER_ROOT;12294;20;12292;22;;;12300;15;12304;11;;;12297.0;0.0
yf_BGS_d1;4500;ASH_COATED_OSMIUM;9941;10;9938;25;;;9947;23;9950;24;;;9944.0;0.0
yf_BGS_d1;4500;INTARIAN_PEPPER_ROOT;12293;16;12289;19;;;12300;9;12302;18;;;12296.5;0.0
yf_BGS_d1;4600;ASH_COATED_OSMIUM;9940;20;9936;15;;;9948;11;9951;13;;;9944.0;0.0
yf_BGS_d1;4600;INTARIAN_PEPPER_ROOT;12291;18;12289;25;;;12303;13;12305;17;;;12297.0;0.0
yf_BGS_d1;4700;ASH_COATED_OSMIUM;9941;21;9938;19;;;9947;13;9950;14;;;9944.0;0.0
yf_BGS_d1;4700;INTARIAN_PEPPER_ROOT;12294;5;12290;25;;;12300;19;12304;19;;;12297.0;0.0
yf_BGS_d1;4800;ASH_COATED_OSMIUM;9942;5;9939;23;;;9948;10;9952;27;;;9945.0;0.0
yf_BGS_d1;4800;INTARIAN_PEPPER_ROOT;12294;14;12292;11;;;12300;22;12304;23;;;12297.0;0.0
yf_BGS_d1;4900;ASH_COATED_OSMIUM;9941;20;9938;20;;;9947;21;9951;32;;;9944.0;0.0
yf_BGS_d1;4900;INTARIAN_PEPPER_ROOT;12274;13;12270;16;;;12322;11;12325;22;;;12298.0;0.0
yf_BGS_d1;5000;ASH_COATED_OSMIUM;9941;18;9938;23;;;9947;8;9950;16;;;9944.0;0.0
yf_BGS_d1;5000;INTARIAN_PEPPER_ROOT;12292;10;12288;12;;;12303;18;12306;26;;;12297.5;0.0
yf_BGS_d1;5100;ASH_COATED_OSMIUM;9935;14;9931;23;;;9954;19;9957;17;;;9944.5;0.0
yf_BGS_d1;5100;INTARIAN_PEPPER_ROOT;12295;11;12292;9;;;12301;12;12303;16;;;12298.0;0.0
yf_BGS_d1;5200;ASH_COATED_OSMIUM;9941;9;9938;11;;;9947;7;9951;24;;;9944.0;0.0
yf_BGS_d1;5200;INTARIAN_PEPPER_ROOT;12296;12;12293;20;;;12302;13;12305;17;;;12299.0;0.0
yf_BGS_d1;5300;ASH_COATED_OSMIUM;9941;17;9939;23;;;9947;5;9951;10;;;9944.0;0.0
yf_BGS_d1;5300;INTARIAN_PEPPER_ROOT;12296;24;12293;21;;;12302;12;12304;33;;;12299.0;0.0
yf_BGS_d1;5400;ASH_COATED_OSMIUM;9940;7;9938;20;;;9950;14;9954;17;;;9945.0;0.0
yf_BGS_d1;5400;INTARIAN_PEPPER_ROOT;12290;12;12288;27;;;12308;10;12311;15;;;12299.0;0.0
yf_BGS_d1;5500;ASH_COATED_OSMIUM;9941;12;9938;16;;;9947;11;9951;21;;;9944.0;0.0
yf_BGS_d1;5500;INTARIAN_PEPPER_ROOT;12296;17;12294;21;;;12302;8;12305;20;;;12299.0;0.0
yf_BGS_d1;5600;ASH_COATED_OSMIUM;9942;10;9940;14;;;9948;18;9950;16;;;9945.0;0.0
yf_BGS_d1;5600;INTARIAN_PEPPER_ROOT;12292;17;12290;17;;;12308;5;12312;24;;;12300.0;0.0
yf_BGS_d1;5700;ASH_COATED_OSMIUM;9941;15;9938;15;;;9947;15;9949;17;;;9944.0;0.0
yf_BGS_d1;5700;INTARIAN_PEPPER_ROOT;12297;16;12294;24;;;12303;5;12307;23;;;12300.0;0.0
yf_BGS_d1;5800;ASH_COATED_OSMIUM;9941;15;9939;21;;;9947;18;9950;15;;;9944.0;0.0
yf_BGS_d1;5800;INTARIAN_PEPPER_ROOT;12295;10;12291;26;;;12305;9;12309;23;;;12300.0;0.0
yf_BGS_d1;5900;ASH_COATED_OSMIUM;9938;21;9936;18;;;9951;10;9953;16;;;9944.5;0.0
yf_BGS_d1;5900;INTARIAN_PEPPER_ROOT;12295;21;12292;28;;;12305;25;12307;14;;;12300.0;0.0
yf_BGS_d1;6000;ASH_COATED_OSMIUM;9941;10;9939;26;;;9947;5;9950;13;;;9944.0;0.0
yf_BGS_d1;6000;INTARIAN_PEPPER_ROOT;12297;17;12295;22;;;12303;17;12305;19;;;12300.0;0.0
yf_BGS_d1;6100;ASH_COATED_OSMIUM;9936;23;9933;15;;;9953;16;9957;25;;;9944.5;0.0
yf_BGS_d1;6100;INTARIAN_PEPPER_ROOT;12290;16;12287;16;;;12309;21;12313;11;;;12299.5;0.0
yf_BGS_d1;6200;ASH_COATED_OSMIUM;9937;5;9934;18;;;9952;25;9954;23;;;9944.5;0.0
yf_BGS_d1;6200;INTARIAN_PEPPER_ROOT;12297;16;12294;17;;;12303;19;12307;21;;;12300.0;0.0
yf_BGS_d1;6300;ASH_COATED_OSMIUM;9928;10;9926;29;;;9961;16;9965;13;;;9944.5;0.0
yf_BGS_d1;6300;INTARIAN_PEPPER_ROOT;12296;15;12292;27;;;12307;6;12310;12;;;12301.5;0.0
yf_BGS_d1;6400;ASH_COATED_OSMIUM;9941;8;9939;18;;;9948;14;9951;14;;;9944.5;0.0
yf_BGS_d1;6400;INTARIAN_PEPPER_ROOT;12292;7;12290;18;;;12311;12;12314;23;;;12301.5;0.0
yf_BGS_d1;6500;ASH_COATED_OSMIUM;9941;18;9937;16;;;9947;14;9949;21;;;9944.0;0.0
yf_BGS_d1;6500;INTARIAN_PEPPER_ROOT;12294;10;12292;25;;;12310;16;12313;30;;;12302.0;0.0
yf_BGS_d1;6600;ASH_COATED_OSMIUM;9940;21;9938;18;;;9949;7;9953;14;;;9944.5;0.0
yf_BGS_d1;6600;INTARIAN_PEPPER_ROOT;12298;16;12295;16;;;12304;8;12307;20;;;12301.0;0.0
yf_BGS_d1;6700;ASH_COATED_OSMIUM;9942;18;9939;24;;;9948;16;9951;22;;;9945.0;0.0
yf_BGS_d1;6700;INTARIAN_PEPPER_ROOT;12294;18;12292;11;;;12309;10;12312;14;;;12301.5;0.0
yf_BGS_d1;6800;ASH_COATED_OSMIUM;9942;13;9939;18;;;9948;22;9952;22;;;9945.0;0.0
yf_BGS_d1;6800;INTARIAN_PEPPER_ROOT;12299;14;12297;11;;;12305;5;12307;24;;;12302.0;0.0
yf_BGS_d1;6900;ASH_COATED_OSMIUM;9940;7;9938;25;;;9949;9;9953;19;;;9944.5;0.0
yf_BGS_d1;6900;INTARIAN_PEPPER_ROOT;12299;8;12296;26;;;12305;7;12307;19;;;12302.0;0.0
yf_BGS_d1;7000;ASH_COATED_OSMIUM;9941;16;9939;25;;;9950;19;9952;26;;;9945.5;0.0
yf_BGS_d1;7000;INTARIAN_PEPPER_ROOT;12299;5;12295;22;;;12305;13;12307;25;;;12302.0;0.0
yf_BGS_d1;7100;ASH_COATED_OSMIUM;9940;15;9938;17;;;9949;26;9951;17;;;9944.5;0.0
yf_BGS_d1;7100;INTARIAN_PEPPER_ROOT;12297;22;12293;24;;;12308;12;12311;19;;;12302.5;0.0
yf_BGS_d1;7200;ASH_COATED_OSMIUM;9937;8;9934;25;;;9953;16;9956;26;;;9945.0;0.0
yf_BGS_d1;7200;INTARIAN_PEPPER_ROOT;12296;14;12294;26;;;12308;18;12312;24;;;12302.0;0.0
yf_BGS_d1;7300;ASH_COATED_OSMIUM;9941;9;9939;8;;;9948;13;9950;18;;;9944.5;0.0
yf_BGS_d1;7300;INTARIAN_PEPPER_ROOT;12296;17;12293;23;;;12309;18;12313;26;;;12302.5;0.0
yf_BGS_d1;7400;ASH_COATED_OSMIUM;9935;10;9931;27;;;9954;13;9957;21;;;9944.5;0.0
yf_BGS_d1;7400;INTARIAN_PEPPER_ROOT;12300;11;12296;24;;;12306;13;12308;12;;;12303.0;0.0
yf_BGS_d1;7500;ASH_COATED_OSMIUM;9942;19;9940;17;;;9948;8;9952;28;;;9945.0;0.0
yf_BGS_d1;7500;INTARIAN_PEPPER_ROOT;12299;23;12295;10;;;12308;7;12310;28;;;12303.5;0.0
yf_BGS_d1;7600;ASH_COATED_OSMIUM;9934;12;9932;14;;;9956;20;9958;23;;;9945.0;0.0
yf_BGS_d1;7600;INTARIAN_PEPPER_ROOT;12288;23;12285;18;;;12318;11;12320;19;;;12303.0;0.0
yf_BGS_d1;7700;ASH_COATED_OSMIUM;9943;23;9939;16;;;9949;17;9952;17;;;9946.0;0.0
yf_BGS_d1;7700;INTARIAN_PEPPER_ROOT;12288;15;12286;23;;;12319;20;12323;18;;;12303.5;0.0
yf_BGS_d1;7800;ASH_COATED_OSMIUM;9942;12;9938;22;;;9948;11;9951;18;;;9945.0;0.0
yf_BGS_d1;7800;INTARIAN_PEPPER_ROOT;12298;9;12295;21;;;12309;18;12312;16;;;12303.5;0.0
yf_BGS_d1;7900;ASH_COATED_OSMIUM;9940;26;9936;11;;;9951;13;9953;19;;;9945.5;0.0
yf_BGS_d1;7900;INTARIAN_PEPPER_ROOT;12300;23;12296;24;;;12307;11;12309;13;;;12303.5;0.0
yf_BGS_d1;8000;ASH_COATED_OSMIUM;9941;10;9937;25;;;9949;25;9951;18;;;9945.0;0.0
yf_BGS_d1;8000;INTARIAN_PEPPER_ROOT;12300;8;12297;20;;;12309;16;12312;14;;;12304.5;0.0
yf_BGS_d1;8100;ASH_COATED_OSMIUM;9939;12;9935;17;;;9952;13;9954;17;;;9945.5;0.0
yf_BGS_d1;8100;INTARIAN_PEPPER_ROOT;12301;26;12298;24;;;12308;10;12311;10;;;12304.5;0.0
yf_BGS_d1;8200;ASH_COATED_OSMIUM;9942;12;9940;16;;;9948;15;9951;23;;;9945.0;0.0
yf_BGS_d1;8200;INTARIAN_PEPPER_ROOT;12302;17;12300;24;;;12308;20;12312;11;;;12305.0;0.0
yf_BGS_d1;8300;ASH_COATED_OSMIUM;9940;15;9937;20;;;9950;11;9954;19;;;9945.0;0.0
yf_BGS_d1;8300;INTARIAN_PEPPER_ROOT;12302;16;12298;28;;;12308;10;12312;24;;;12305.0;0.0
yf_BGS_d1;8400;ASH_COATED_OSMIUM;9935;11;9931;25;;;9954;15;9957;20;;;9944.5;0.0
yf_BGS_d1;8400;INTARIAN_PEPPER_ROOT;12298;12;12295;14;;;12311;17;12314;14;;;12304.5;0.0
yf_BGS_d1;8500;ASH_COATED_OSMIUM;9940;15;9936;19;;;9950;21;9954;20;;;9945.0;0.0
yf_BGS_d1;8500;INTARIAN_PEPPER_ROOT;12299;15;12295;22;;;12311;24;12313;20;;;12305.0;0.0
yf_BGS_d1;8600;ASH_COATED_OSMIUM;9940;15;9936;18;;;9951;17;9953;12;;;9945.5;0.0
yf_BGS_d1;8600;INTARIAN_PEPPER_ROOT;12302;13;12298;15;;;12308;15;12311;18;;;12305.0;0.0
yf_BGS_d1;8700;ASH_COATED_OSMIUM;9942;16;9940;21;;;9948;14;9951;23;;;9945.0;0.0
yf_BGS_d1;8700;INTARIAN_PEPPER_ROOT;12303;11;12299;18;;;12309;16;12313;15;;;12306.0;0.0
yf_BGS_d1;8800;ASH_COATED_OSMIUM;9941;14;9938;15;;;9949;7;9953;17;;;9945.0;0.0
yf_BGS_d1;8800;INTARIAN_PEPPER_ROOT;12303;9;12299;25;;;12309;14;12312;20;;;12306.0;0.0
yf_BGS_d1;8900;ASH_COATED_OSMIUM;9936;11;9934;18;;;9955;14;9959;22;;;9945.5;0.0
yf_BGS_d1;8900;INTARIAN_PEPPER_ROOT;12303;14;12301;25;;;12309;17;12311;23;;;12306.0;0.0
yf_BGS_d1;9000;ASH_COATED_OSMIUM;9941;21;9939;26;;;9950;6;9952;19;;;9945.5;0.0
yf_BGS_d1;9000;INTARIAN_PEPPER_ROOT;12303;16;12301;25;;;12309;17;12312;25;;;12306.0;0.0
yf_BGS_d1;9100;ASH_COATED_OSMIUM;9942;16;9938;21;;;9948;5;9950;19;;;9945.0;0.0
yf_BGS_d1;9100;INTARIAN_PEPPER_ROOT;12303;17;12299;28;;;12309;12;12311;27;;;12306.0;0.0
yf_BGS_d1;9200;ASH_COATED_OSMIUM;9942;12;9939;13;;;9948;5;9952;15;;;9945.0;0.0
yf_BGS_d1;9200;INTARIAN_PEPPER_ROOT;12301;16;12297;25;;;12313;23;12315;26;;;12307.0;0.0
yf_BGS_d1;9300;ASH_COATED_OSMIUM;9943;14;9940;18;;;9949;16;9953;13;;;9946.0;0.0
yf_BGS_d1;9300;INTARIAN_PEPPER_ROOT;12303;17;12300;23;;;12309;9;12313;27;;;12306.0;0.0
yf_BGS_d1;9400;ASH_COATED_OSMIUM;9943;16;9941;21;;;9949;14;9951;22;;;9946.0;0.0
yf_BGS_d1;9400;INTARIAN_PEPPER_ROOT;12296;10;12294;19;;;12317;11;12320;24;;;12306.5;0.0
yf_BGS_d1;9500;ASH_COATED_OSMIUM;9942;15;9940;10;;;9948;13;9951;11;;;9945.0;0.0
yf_BGS_d1;9500;INTARIAN_PEPPER_ROOT;12304;10;12300;17;;;12310;19;12313;17;;;12307.0;0.0
yf_BGS_d1;9600;ASH_COATED_OSMIUM;9940;21;9936;16;;;9950;6;9952;22;;;9945.0;0.0
yf_BGS_d1;9600;INTARIAN_PEPPER_ROOT;12304;19;12301;26;;;12310;17;12314;11;;;12307.0;0.0
yf_BGS_d1;9700;ASH_COATED_OSMIUM;9936;16;9934;18;;;9953;17;9956;21;;;9944.5;0.0
yf_BGS_d1;9700;INTARIAN_PEPPER_ROOT;12302;11;12300;23;;;12313;13;12316;20;;;12307.5;0.0
yf_BGS_d1;9800;ASH_COATED_OSMIUM;9934;15;9931;18;;;9956;17;9958;19;;;9945.0;0.0
yf_BGS_d1;9800;INTARIAN_PEPPER_ROOT;12304;11;12302;23;;;12312;6;12316;14;;;12308.0;0.0
yf_BGS_d1;9900;ASH_COATED_OSMIUM;9942;11;9940;24;;;9948;20;9952;22;;;9945.0;0.0
yf_BGS_d1;9900;INTARIAN_PEPPER_ROOT;12305;10;12301;21;;;12311;20;12314;16;;;12308.0;0.0
yf_BGS_d1;10000;ASH_COATED_OSMIUM;9943;23;9939;16;;;9949;12;9951;17;;;9946.0;0.0
yf_BGS_d1;10000;INTARIAN_PEPPER_ROOT;12301;11;12299;25;;;12316;13;12319;16;;;12308.5;0.0
yf_BGS_d1;10100;ASH_COATED_OSMIUM;9943;15;9939;26;;;9949;21;9953;18;;;9946.0;0.0
yf_BGS_d1;10100;INTARIAN_PEPPER_ROOT;12305;19;12302;17;;;12311;14;12315;9;;;12308.0;0.0
yf_BGS_d1;10200;ASH_COATED_OSMIUM;9941;15;9939;26;;;9950;17;9954;23;;;9945.5;0.0
yf_BGS_d1;10200;INTARIAN_PEPPER_ROOT;12306;19;12304;24;;;12312;13;12314;11;;;12309.0;0.0
yf_BGS_d1;10300;ASH_COATED_OSMIUM;9940;12;9937;18;;;9952;14;9955;14;;;9946.0;0.0
yf_BGS_d1;10300;INTARIAN_PEPPER_ROOT;12306;11;12304;18;;;12312;20;12315;22;;;12309.0;0.0
yf_BGS_d1;10400;ASH_COATED_OSMIUM;9943;20;9940;15;;;9949;22;9952;11;;;9946.0;0.0
yf_BGS_d1;10400;INTARIAN_PEPPER_ROOT;12305;14;12301;19;;;12312;17;12315;19;;;12308.5;0.0
yf_BGS_d1;10500;ASH_COATED_OSMIUM;9943;17;9940;21;;;9949;17;9952;17;;;9946.0;0.0
yf_BGS_d1;10500;INTARIAN_PEPPER_ROOT;12306;10;12302;22;;;12312;20;12316;19;;;12309.0;0.0
yf_BGS_d1;10600;ASH_COATED_OSMIUM;9943;9;9941;9;;;9949;10;9951;26;;;9946.0;0.0
yf_BGS_d1;10600;INTARIAN_PEPPER_ROOT;12307;19;12304;11;;;12313;14;12316;12;;;12310.0;0.0
yf_BGS_d1;10700;ASH_COATED_OSMIUM;9942;17;9938;13;;;9948;9;9951;23;;;9945.0;0.0
yf_BGS_d1;10700;INTARIAN_PEPPER_ROOT;12307;19;12303;11;;;12313;17;12315;23;;;12310.0;0.0
yf_BGS_d1;10800;ASH_COATED_OSMIUM;9943;10;9940;21;;;9949;13;9953;12;;;9946.0;0.0
yf_BGS_d1;10800;INTARIAN_PEPPER_ROOT;12299;19;12297;10;;;12321;17;12325;21;;;12310.0;0.0
yf_BGS_d1;10900;ASH_COATED_OSMIUM;9942;15;9940;18;;;9949;16;9952;15;;;9945.5;0.0
yf_BGS_d1;10900;INTARIAN_PEPPER_ROOT;12307;13;12304;24;;;12313;13;12316;19;;;12310.0;0.0
yf_BGS_d1;11000;ASH_COATED_OSMIUM;9943;11;9940;22;;;9949;8;9951;18;;;9946.0;0.0
yf_BGS_d1;11000;INTARIAN_PEPPER_ROOT;12304;13;12302;19;;;12316;18;12319;13;;;12310.0;0.0
yf_BGS_d1;11100;ASH_COATED_OSMIUM;9943;15;9940;23;;;9949;12;9951;20;;;9946.0;0.0
yf_BGS_d1;11100;INTARIAN_PEPPER_ROOT;12308;12;12305;20;;;12314;14;12317;24;;;12311.0;0.0
yf_BGS_d1;11200;ASH_COATED_OSMIUM;9939;18;9935;14;;;9952;12;9956;14;;;9945.5;0.0
yf_BGS_d1;11200;INTARIAN_PEPPER_ROOT;12308;13;12304;9;;;12314;10;12318;19;;;12311.0;0.0
yf_BGS_d1;11300;ASH_COATED_OSMIUM;9942;12;9940;26;;;9948;10;9950;15;;;9945.0;0.0
yf_BGS_d1;11300;INTARIAN_PEPPER_ROOT;12309;11;12307;22;;;12315;20;12317;17;;;12312.0;0.0
yf_BGS_d1;11400;ASH_COATED_OSMIUM;9942;10;9938;19;;;9950;19;9952;27;;;9946.0;0.0
yf_BGS_d1;11400;INTARIAN_PEPPER_ROOT;12307;19;12304;20;;;12314;8;12317;25;;;12310.5;0.0
yf_BGS_d1;11500;ASH_COATED_OSMIUM;9943;14;9941;15;;;9949;18;9953;19;;;9946.0;0.0
yf_BGS_d1;11500;INTARIAN_PEPPER_ROOT;12308;21;12305;27;;;12314;23;12317;24;;;12311.0;0.0
yf_BGS_d1;11600;ASH_COATED_OSMIUM;9943;15;9939;29;;;9949;14;9953;18;;;9946.0;0.0
yf_BGS_d1;11600;INTARIAN_PEPPER_ROOT;12306;15;12302;17;;;12317;21;12319;13;;;12311.5;0.0
yf_BGS_d1;11700;ASH_COATED_OSMIUM;9930;17;9926;15;;;9961;16;9963;21;;;9945.5;0.0
yf_BGS_d1;11700;INTARIAN_PEPPER_ROOT;12308;12;12305;27;;;12314;5;12318;12;;;12311.0;0.0
yf_BGS_d1;11800;ASH_COATED_OSMIUM;9939;16;9937;22;;;9953;14;9956;23;;;9946.0;0.0
yf_BGS_d1;11800;INTARIAN_PEPPER_ROOT;12305;8;12301;8;;;12319;19;12321;19;;;12312.0;0.0
yf_BGS_d1;11900;ASH_COATED_OSMIUM;9943;12;9940;9;;;9949;15;9952;26;;;9946.0;0.0
yf_BGS_d1;11900;INTARIAN_PEPPER_ROOT;12309;12;12307;21;;;12315;6;12318;20;;;12312.0;0.0
yf_BGS_d1;12000;ASH_COATED_OSMIUM;9939;9;9935;14;;;9953;11;9956;10;;;9946.0;0.0
yf_BGS_d1;12000;INTARIAN_PEPPER_ROOT;12307;18;12304;15;;;12318;5;12321;20;;;12312.5;0.0
yf_BGS_d1;12100;ASH_COATED_OSMIUM;9943;18;9939;23;;;9949;10;9951;14;;;9946.0;0.0
yf_BGS_d1;12100;INTARIAN_PEPPER_ROOT;12308;10;12304;22;;;12316;23;12320;8;;;12312.0;0.0
yf_BGS_d1;12200;ASH_COATED_OSMIUM;9941;19;9939;21;;;9950;16;9953;15;;;9945.5;0.0
yf_BGS_d1;12200;INTARIAN_PEPPER_ROOT;12310;21;12307;16;;;12316;20;12320;24;;;12313.0;0.0
yf_BGS_d1;12300;ASH_COATED_OSMIUM;9943;14;9941;11;;;9949;17;9951;23;;;9946.0;0.0
yf_BGS_d1;12300;INTARIAN_PEPPER_ROOT;12308;11;12305;28;;;12317;6;12321;11;;;12312.5;0.0
yf_BGS_d1;12400;ASH_COATED_OSMIUM;9938;16;9934;21;;;9955;12;9957;20;;;9946.5;0.0
yf_BGS_d1;12400;INTARIAN_PEPPER_ROOT;12310;13;12308;24;;;12316;13;12320;23;;;12313.0;0.0
yf_BGS_d1;12500;ASH_COATED_OSMIUM;9942;10;9939;20;;;9949;19;9953;22;;;9945.5;0.0
yf_BGS_d1;12500;INTARIAN_PEPPER_ROOT;12307;18;12305;21;;;12318;10;12322;11;;;12312.5;0.0
yf_BGS_d1;12600;ASH_COATED_OSMIUM;9943;16;9940;12;;;9949;16;9952;19;;;9946.0;0.0
yf_BGS_d1;12600;INTARIAN_PEPPER_ROOT;12308;18;12304;10;;;12319;16;12322;13;;;12313.5;0.0
yf_BGS_d1;12700;ASH_COATED_OSMIUM;9943;9;9941;15;;;9949;13;9953;16;;;9946.0;0.0
yf_BGS_d1;12700;INTARIAN_PEPPER_ROOT;12311;20;12308;20;;;12317;23;12320;21;;;12314.0;0.0
yf_BGS_d1;12800;ASH_COATED_OSMIUM;9944;25;9940;11;;;9950;22;9954;19;;;9947.0;0.0
yf_BGS_d1;12800;INTARIAN_PEPPER_ROOT;12308;18;12305;14;;;12321;15;12324;15;;;12314.5;0.0
yf_BGS_d1;12900;ASH_COATED_OSMIUM;9943;14;9940;14;;;9949;13;9951;23;;;9946.0;0.0
yf_BGS_d1;12900;INTARIAN_PEPPER_ROOT;12311;19;12309;18;;;12317;11;12321;17;;;12314.0;0.0
yf_BGS_d1;13000;ASH_COATED_OSMIUM;9943;9;9941;15;;;9949;19;9951;18;;;9946.0;0.0
yf_BGS_d1;13000;INTARIAN_PEPPER_ROOT;12311;22;12309;28;;;12317;18;12320;16;;;12314.0;0.0
yf_BGS_d1;13100;ASH_COATED_OSMIUM;9943;16;9940;16;;;9949;9;9951;18;;;9946.0;0.0
yf_BGS_d1;13100;INTARIAN_PEPPER_ROOT;12310;9;12307;8;;;12319;15;12321;12;;;12314.5;0.0
yf_BGS_d1;13200;ASH_COATED_OSMIUM;9938;13;9936;30;;;9956;13;9959;14;;;9947.0;0.0
yf_BGS_d1;13200;INTARIAN_PEPPER_ROOT;12311;17;12308;23;;;12317;18;12320;26;;;12314.0;0.0
yf_BGS_d1;13300;ASH_COATED_OSMIUM;9939;19;9937;21;;;9954;19;9957;21;;;9946.5;0.0
yf_BGS_d1;13300;INTARIAN_PEPPER_ROOT;12312;22;12308;18;;;12319;11;12322;10;;;12315.5;0.0
yf_BGS_d1;13400;ASH_COATED_OSMIUM;9944;17;9942;13;;;9950;13;9954;11;;;9947.0;0.0
yf_BGS_d1;13400;INTARIAN_PEPPER_ROOT;12312;18;12310;23;;;12318;15;12322;20;;;12315.0;0.0
yf_BGS_d1;13500;ASH_COATED_OSMIUM;9943;15;9940;8;;;9949;7;9953;24;;;9946.0;0.0
yf_BGS_d1;13500;INTARIAN_PEPPER_ROOT;12312;13;12309;29;;;12318;12;12321;8;;;12315.0;0.0
yf_BGS_d1;13600;ASH_COATED_OSMIUM;9941;22;9939;15;;;9952;18;9956;20;;;9946.5;0.0
yf_BGS_d1;13600;INTARIAN_PEPPER_ROOT;12312;21;12310;19;;;12318;20;12320;29;;;12315.0;0.0
yf_BGS_d1;13700;ASH_COATED_OSMIUM;9943;12;9940;17;;;9949;18;9952;21;;;9946.0;0.0
yf_BGS_d1;13700;INTARIAN_PEPPER_ROOT;12308;5;12306;17;;;12323;17;12326;26;;;12315.5;0.0
yf_BGS_d1;13800;ASH_COATED_OSMIUM;9943;18;9939;19;;;9949;11;9953;13;;;9946.0;0.0
yf_BGS_d1;13800;INTARIAN_PEPPER_ROOT;12313;13;12309;24;;;12319;22;12323;16;;;12316.0;0.0
yf_BGS_d1;13900;ASH_COATED_OSMIUM;9943;11;9939;32;;;9949;20;9951;19;;;9946.0;0.0
yf_BGS_d1;13900;INTARIAN_PEPPER_ROOT;12313;16;12309;24;;;12319;23;12323;8;;;12316.0;0.0
yf_BGS_d1;14000;ASH_COATED_OSMIUM;9944;19;9942;21;;;9950;9;9953;20;;;9947.0;0.0
yf_BGS_d1;14000;INTARIAN_PEPPER_ROOT;12313;14;12311;17;;;12319;18;12322;30;;;12316.0;0.0
yf_BGS_d1;14100;ASH_COATED_OSMIUM;9943;7;9940;22;;;9949;11;9953;11;;;9946.0;0.0
yf_BGS_d1;14100;INTARIAN_PEPPER_ROOT;12313;13;12311;14;;;12319;24;12322;23;;;12316.0;0.0
yf_BGS_d1;14200;ASH_COATED_OSMIUM;9944;17;9940;18;;;9950;14;9953;23;;;9947.0;0.0
yf_BGS_d1;14200;INTARIAN_PEPPER_ROOT;12309;13;12305;14;;;12322;12;12326;28;;;12315.5;0.0
yf_BGS_d1;14300;ASH_COATED_OSMIUM;9943;10;9940;11;;;9949;14;9953;22;;;9946.0;0.0
yf_BGS_d1;14300;INTARIAN_PEPPER_ROOT;12310;5;12308;17;;;12323;11;12326;22;;;12316.5;0.0
yf_BGS_d1;14400;ASH_COATED_OSMIUM;9943;9;9939;19;;;9949;13;9952;23;;;9946.0;0.0
yf_BGS_d1;14400;INTARIAN_PEPPER_ROOT;12314;15;12310;14;;;12322;21;12324;24;;;12318.0;0.0
yf_BGS_d1;14500;ASH_COATED_OSMIUM;9944;21;9942;26;;;9950;10;9953;27;;;9947.0;0.0
yf_BGS_d1;14500;INTARIAN_PEPPER_ROOT;12311;18;12309;19;;;12324;11;12327;24;;;12317.5;0.0
yf_BGS_d1;14600;ASH_COATED_OSMIUM;9943;16;9941;17;;;9949;12;9953;20;;;9946.0;0.0
yf_BGS_d1;14600;INTARIAN_PEPPER_ROOT;12314;16;12311;17;;;12320;18;12323;24;;;12317.0;0.0
yf_BGS_d1;14700;ASH_COATED_OSMIUM;9943;13;9940;20;;;9949;6;9953;19;;;9946.0;0.0
yf_BGS_d1;14700;INTARIAN_PEPPER_ROOT;12315;13;12311;19;;;12322;13;12325;30;;;12318.5;0.0
yf_BGS_d1;14800;ASH_COATED_OSMIUM;9942;13;9939;28;;;9950;10;9953;22;;;9946.0;0.0
yf_BGS_d1;14800;INTARIAN_PEPPER_ROOT;12315;11;12312;17;;;12321;9;12323;19;;;12318.0;0.0
yf_BGS_d1;14900;ASH_COATED_OSMIUM;9938;19;9935;13;;;9955;6;9957;24;;;9946.5;0.0
yf_BGS_d1;14900;INTARIAN_PEPPER_ROOT;12315;13;12312;17;;;12321;10;12325;24;;;12318.0;0.0
yf_BGS_d1;15000;ASH_COATED_OSMIUM;9942;7;9940;25;;;9951;17;9954;17;;;9946.5;0.0
yf_BGS_d1;15000;INTARIAN_PEPPER_ROOT;12313;12;12311;15;;;12323;16;12325;23;;;12318.0;0.0
yf_BGS_d1;15100;ASH_COATED_OSMIUM;9944;14;9942;29;;;9950;16;9953;15;;;9947.0;0.0
yf_BGS_d1;15100;INTARIAN_PEPPER_ROOT;12316;17;12313;21;;;12322;10;12324;24;;;12319.0;0.0
yf_BGS_d1;15200;ASH_COATED_OSMIUM;9936;17;9934;30;;;9956;13;9960;20;;;9946.0;0.0
yf_BGS_d1;15200;INTARIAN_PEPPER_ROOT;12316;8;12314;20;;;12322;6;12325;20;;;12319.0;0.0
yf_BGS_d1;15300;ASH_COATED_OSMIUM;9944;23;9942;20;;;9950;18;9952;19;;;9947.0;0.0
yf_BGS_d1;15300;INTARIAN_PEPPER_ROOT;12316;15;12312;16;;;12322;8;12324;23;;;12319.0;0.0
yf_BGS_d1;15400;ASH_COATED_OSMIUM;9941;18;9938;24;;;9952;8;9955;16;;;9946.5;0.0
yf_BGS_d1;15400;INTARIAN_PEPPER_ROOT;12316;19;12312;17;;;12322;14;12325;25;;;12319.0;0.0
yf_BGS_d1;15500;ASH_COATED_OSMIUM;9944;10;9940;26;;;9950;17;9952;15;;;9947.0;0.0
yf_BGS_d1;15500;INTARIAN_PEPPER_ROOT;12316;15;12313;17;;;12322;21;12324;14;;;12319.0;0.0
yf_BGS_d1;15600;ASH_COATED_OSMIUM;9944;17;9941;20;;;9950;12;9953;19;;;9947.0;0.0
yf_BGS_d1;15600;INTARIAN_PEPPER_ROOT;12317;16;12314;23;;;12323;18;12326;29;;;12320.0;0.0
yf_BGS_d1;15700;ASH_COATED_OSMIUM;9935;18;9931;23;;;9958;19;9961;25;;;9946.5;0.0
yf_BGS_d1;15700;INTARIAN_PEPPER_ROOT;12317;18;12314;21;;;12323;21;12325;12;;;12320.0;0.0
yf_BGS_d1;15800;ASH_COATED_OSMIUM;9942;19;9939;34;;;9952;12;9954;13;;;9947.0;0.0
yf_BGS_d1;15800;INTARIAN_PEPPER_ROOT;12311;11;12308;21;;;12329;15;12332;29;;;12320.0;0.0
yf_BGS_d1;15900;ASH_COATED_OSMIUM;9941;7;9937;22;;;9954;17;9956;20;;;9947.5;0.0
yf_BGS_d1;15900;INTARIAN_PEPPER_ROOT;12316;12;12312;23;;;12324;19;12328;21;;;12320.0;0.0
yf_BGS_d1;16000;ASH_COATED_OSMIUM;9944;20;9942;21;;;9950;23;9954;22;;;9947.0;0.0
yf_BGS_d1;16000;INTARIAN_PEPPER_ROOT;12316;7;12314;21;;;12325;21;12327;22;;;12320.5;0.0
yf_BGS_d1;16100;ASH_COATED_OSMIUM;9944;11;9942;17;;;9950;14;9954;28;;;9947.0;0.0
yf_BGS_d1;16100;INTARIAN_PEPPER_ROOT;12318;6;12315;19;;;12324;15;12327;17;;;12321.0;0.0
yf_BGS_d1;16200;ASH_COATED_OSMIUM;9938;15;9936;19;;;9956;15;9958;19;;;9947.0;0.0
yf_BGS_d1;16200;INTARIAN_PEPPER_ROOT;12317;22;12315;28;;;12325;17;12327;21;;;12321.0;0.0
yf_BGS_d1;16300;ASH_COATED_OSMIUM;9944;11;9940;29;;;9950;21;9953;19;;;9947.0;0.0
yf_BGS_d1;16300;INTARIAN_PEPPER_ROOT;12314;5;12310;13;;;12327;10;12331;17;;;12320.5;0.0
yf_BGS_d1;16400;ASH_COATED_OSMIUM;9942;11;9939;18;;;9951;17;9955;15;;;9946.5;0.0
yf_BGS_d1;16400;INTARIAN_PEPPER_ROOT;12319;9;12315;16;;;12325;12;12327;20;;;12322.0;0.0
yf_BGS_d1;16500;ASH_COATED_OSMIUM;9941;12;9938;20;;;9953;21;9957;22;;;9947.0;0.0
yf_BGS_d1;16500;INTARIAN_PEPPER_ROOT;12318;14;12315;22;;;12324;15;12327;13;;;12321.0;0.0
yf_BGS_d1;16600;ASH_COATED_OSMIUM;9944;20;9940;16;;;9950;21;9954;20;;;9947.0;0.0
yf_BGS_d1;16600;INTARIAN_PEPPER_ROOT;12318;15;12316;14;;;12325;25;12329;24;;;12321.5;0.0
yf_BGS_d1;16700;ASH_COATED_OSMIUM;9944;16;9940;26;;;9950;12;9952;23;;;9947.0;0.0
yf_BGS_d1;16700;INTARIAN_PEPPER_ROOT;12312;12;12308;23;;;12332;10;12335;20;;;12322.0;0.0
yf_BGS_d1;16800;ASH_COATED_OSMIUM;9944;9;9941;21;;;9950;14;9952;19;;;9947.0;0.0
yf_BGS_d1;16800;INTARIAN_PEPPER_ROOT;12319;13;12317;15;;;12325;23;12328;29;;;12322.0;0.0
yf_BGS_d1;16900;ASH_COATED_OSMIUM;9944;5;9941;14;;;9950;15;9954;28;;;9947.0;0.0
yf_BGS_d1;16900;INTARIAN_PEPPER_ROOT;12311;17;12307;21;;;12335;15;12337;20;;;12323.0;0.0
yf_BGS_d1;17000;ASH_COATED_OSMIUM;9944;16;9940;18;;;9951;26;9953;17;;;9947.5;0.0
yf_BGS_d1;17000;INTARIAN_PEPPER_ROOT;12321;5;12318;20;;;12327;8;12331;17;;;12324.0;0.0
yf_BGS_d1;17100;ASH_COATED_OSMIUM;9940;19;9936;19;;;9955;18;9957;24;;;9947.5;0.0
yf_BGS_d1;17100;INTARIAN_PEPPER_ROOT;12325;25;12322;19;;;12331;25;12335;17;;;12328.0;0.0
yf_BGS_d1;17200;ASH_COATED_OSMIUM;9944;12;9940;8;;;9950;19;9953;20;;;9947.0;0.0
yf_BGS_d1;17200;INTARIAN_PEPPER_ROOT;12328;17;12326;25;;;12334;13;12336;17;;;12331.0;0.0
yf_BGS_d1;17300;ASH_COATED_OSMIUM;9944;11;9940;26;;;9950;11;9954;19;;;9947.0;0.0
yf_BGS_d1;17300;INTARIAN_PEPPER_ROOT;12332;12;12329;13;;;12338;10;12342;14;;;12335.0;0.0
yf_BGS_d1;17400;ASH_COATED_OSMIUM;9939;17;9937;22;;;9955;14;9959;9;;;9947.0;0.0
yf_BGS_d1;17400;INTARIAN_PEPPER_ROOT;12335;7;12333;16;;;12341;16;12344;25;;;12338.0;0.0
yf_BGS_d1;17500;ASH_COATED_OSMIUM;9944;18;9942;12;;;9950;18;9953;20;;;9947.0;0.0
yf_BGS_d1;17500;INTARIAN_PEPPER_ROOT;12330;18;12327;18;;;12354;18;12357;19;;;12342.0;0.0
yf_BGS_d1;17600;ASH_COATED_OSMIUM;9944;9;9942;26;;;9950;17;9954;21;;;9947.0;0.0
yf_BGS_d1;17600;INTARIAN_PEPPER_ROOT;12342;17;12338;25;;;12348;7;12351;11;;;12345.0;0.0
yf_BGS_d1;17700;ASH_COATED_OSMIUM;9943;16;9939;15;;;9949;13;9953;20;;;9946.0;0.0
yf_BGS_d1;17700;INTARIAN_PEPPER_ROOT;12336;20;12334;14;;;12361;7;12364;17;;;12348.5;0.0
yf_BGS_d1;17800;ASH_COATED_OSMIUM;9944;20;9941;25;;;9950;17;9954;22;;;9947.0;0.0
yf_BGS_d1;17800;INTARIAN_PEPPER_ROOT;12349;26;12347;23;;;12355;14;12357;8;;;12352.0;0.0
yf_BGS_d1;17900;ASH_COATED_OSMIUM;9943;17;9939;19;;;9950;18;9952;28;;;9946.5;0.0
yf_BGS_d1;17900;INTARIAN_PEPPER_ROOT;12348;17;12345;21;;;12363;15;12365;25;;;12355.5;0.0
yf_BGS_d1;18000;ASH_COATED_OSMIUM;9940;13;9936;23;;;9952;14;9955;25;;;9946.0;0.0
yf_BGS_d1;18000;INTARIAN_PEPPER_ROOT;12356;24;12352;8;;;12362;20;12364;29;;;12359.0;0.0
yf_BGS_d1;18100;ASH_COATED_OSMIUM;9942;25;9940;13;;;9952;11;9956;13;;;9947.0;0.0
yf_BGS_d1;18100;INTARIAN_PEPPER_ROOT;12359;17;12356;20;;;12365;13;12368;19;;;12362.0;0.0
yf_BGS_d1;18200;ASH_COATED_OSMIUM;9943;7;9939;26;;;9949;13;9952;14;;;9946.0;0.0
yf_BGS_d1;18200;INTARIAN_PEPPER_ROOT;12363;16;12361;15;;;12369;17;12372;31;;;12366.0;0.0
yf_BGS_d1;18300;ASH_COATED_OSMIUM;9940;13;9938;22;;;9951;17;9955;21;;;9945.5;0.0
yf_BGS_d1;18300;INTARIAN_PEPPER_ROOT;12366;11;12362;8;;;12372;13;12375;25;;;12369.0;0.0
yf_BGS_d1;18400;ASH_COATED_OSMIUM;9943;19;9941;18;;;9949;14;9951;14;;;9946.0;0.0
yf_BGS_d1;18400;INTARIAN_PEPPER_ROOT;12370;26;12367;20;;;12376;13;12378;18;;;12373.0;0.0
yf_BGS_d1;18500;ASH_COATED_OSMIUM;9943;25;9940;20;;;9949;10;9951;24;;;9946.0;0.0
yf_BGS_d1;18500;INTARIAN_PEPPER_ROOT;12373;15;12370;29;;;12379;24;12382;20;;;12376.0;0.0
yf_BGS_d1;18600;ASH_COATED_OSMIUM;9943;20;9939;24;;;9949;20;9953;25;;;9946.0;0.0
yf_BGS_d1;18600;INTARIAN_PEPPER_ROOT;12376;22;12373;20;;;12382;6;12385;24;;;12379.0;0.0
yf_BGS_d1;18700;ASH_COATED_OSMIUM;9933;17;9930;22;;;9958;16;9962;16;;;9945.5;0.0
yf_BGS_d1;18700;INTARIAN_PEPPER_ROOT;12379;13;12375;9;;;12387;12;12391;14;;;12383.0;0.0
yf_BGS_d1;18800;ASH_COATED_OSMIUM;9943;15;9939;15;;;9949;10;9952;15;;;9946.0;0.0
yf_BGS_d1;18800;INTARIAN_PEPPER_ROOT;12384;17;12381;19;;;12390;20;12392;19;;;12387.0;0.0
yf_BGS_d1;18900;ASH_COATED_OSMIUM;9943;15;9940;18;;;9949;22;9953;22;;;9946.0;0.0
yf_BGS_d1;18900;INTARIAN_PEPPER_ROOT;12380;14;12378;12;;;12400;10;12402;10;;;12390.0;0.0
yf_BGS_d1;19000;ASH_COATED_OSMIUM;9942;17;9940;21;;;9948;12;9951;23;;;9945.0;0.0
yf_BGS_d1;19000;INTARIAN_PEPPER_ROOT;12391;9;12387;8;;;12397;18;12399;25;;;12394.0;0.0
yf_BGS_d1;19100;ASH_COATED_OSMIUM;9933;20;9930;26;;;9958;15;9961;29;;;9945.5;0.0
yf_BGS_d1;19100;INTARIAN_PEPPER_ROOT;12391;5;12387;24;;;12402;20;12405;13;;;12396.5;0.0
yf_BGS_d1;19200;ASH_COATED_OSMIUM;9943;9;9940;21;;;9949;13;9951;18;;;9946.0;0.0
yf_BGS_d1;19200;INTARIAN_PEPPER_ROOT;12398;21;12396;18;;;12404;8;12406;9;;;12401.0;0.0
yf_BGS_d1;19300;ASH_COATED_OSMIUM;9942;12;9938;15;;;9948;10;9950;22;;;9945.0;0.0
yf_BGS_d1;19300;INTARIAN_PEPPER_ROOT;12401;14;12397;20;;;12409;17;12413;16;;;12405.0;0.0
yf_BGS_d1;19400;ASH_COATED_OSMIUM;9942;13;9939;26;;;9948;17;9950;30;;;9945.0;0.0
yf_BGS_d1;19400;INTARIAN_PEPPER_ROOT;12399;14;12397;24;;;12416;16;12420;15;;;12407.5;0.0
yf_BGS_d1;19500;ASH_COATED_OSMIUM;9942;20;9939;21;;;9948;14;9951;13;;;9945.0;0.0
yf_BGS_d1;19500;INTARIAN_PEPPER_ROOT;12408;11;12406;19;;;12414;19;12418;26;;;12411.0;0.0
yf_BGS_d1;19600;ASH_COATED_OSMIUM;9939;20;9936;22;;;9951;24;9955;11;;;9945.0;0.0
yf_BGS_d1;19600;INTARIAN_PEPPER_ROOT;12412;10;12408;10;;;12418;17;12420;22;;;12415.0;0.0
yf_BGS_d1;19700;ASH_COATED_OSMIUM;9942;6;9939;26;;;9948;19;9951;17;;;9945.0;0.0
yf_BGS_d1;19700;INTARIAN_PEPPER_ROOT;12415;10;12413;25;;;12421;10;12425;26;;;12418.0;0.0
yf_BGS_d1;19800;ASH_COATED_OSMIUM;9942;10;9940;25;;;9948;18;9951;18;;;9945.0;0.0
yf_BGS_d1;19800;INTARIAN_PEPPER_ROOT;12419;15;12416;18;;;12425;13;12428;8;;;12422.0;0.0
yf_BGS_d1;19900;ASH_COATED_OSMIUM;9942;18;9939;20;;;9948;15;9950;27;;;9945.0;0.0
yf_BGS_d1;19900;INTARIAN_PEPPER_ROOT;12417;11;12415;23;;;12432;18;12436;19;;;12424.5;0.0
yf_BGS_d1;20000;ASH_COATED_OSMIUM;9941;14;9939;11;;;9948;9;9950;13;;;9944.5;0.0
yf_BGS_d1;20000;INTARIAN_PEPPER_ROOT;12422;21;12418;20;;;12436;14;12440;25;;;12429.0;0.0
yf_BGS_d1;20100;ASH_COATED_OSMIUM;9942;22;9939;26;;;9948;11;9952;18;;;9945.0;0.0
yf_BGS_d1;20100;INTARIAN_PEPPER_ROOT;12429;14;12426;23;;;12436;12;12439;16;;;12432.5;0.0
yf_BGS_d1;20200;ASH_COATED_OSMIUM;9942;14;9938;17;;;9948;16;9950;31;;;9945.0;0.0
yf_BGS_d1;20200;INTARIAN_PEPPER_ROOT;12433;19;12431;20;;;12439;5;12442;24;;;12436.0;0.0
yf_BGS_d1;20300;ASH_COATED_OSMIUM;9941;19;9938;21;;;9947;14;9951;21;;;9944.0;0.0
yf_BGS_d1;20300;INTARIAN_PEPPER_ROOT;12437;16;12434;15;;;12443;22;12445;17;;;12440.0;0.0
yf_BGS_d1;20400;ASH_COATED_OSMIUM;9940;22;9936;25;;;9950;15;9953;13;;;9945.0;0.0
yf_BGS_d1;20400;INTARIAN_PEPPER_ROOT;12439;12;12437;23;;;12447;15;12450;15;;;12443.0;0.0
yf_BGS_d1;20500;ASH_COATED_OSMIUM;9942;19;9940;11;;;9948;16;9952;19;;;9945.0;0.0
yf_BGS_d1;20500;INTARIAN_PEPPER_ROOT;12442;19;12438;19;;;12450;14;12454;23;;;12446.0;0.0
yf_BGS_d1;20600;ASH_COATED_OSMIUM;9942;14;9940;12;;;9948;14;9950;17;;;9945.0;0.0
yf_BGS_d1;20600;INTARIAN_PEPPER_ROOT;12447;16;12443;18;;;12453;11;12456;11;;;12450.0;0.0
yf_BGS_d1;20700;ASH_COATED_OSMIUM;9942;20;9940;10;;;9948;14;9950;21;;;9945.0;0.0
yf_BGS_d1;20700;INTARIAN_PEPPER_ROOT;12450;19;12446;21;;;12456;15;12458;18;;;12453.0;0.0
yf_BGS_d1;20800;ASH_COATED_OSMIUM;9941;11;9939;25;;;9947;5;9949;8;;;9944.0;0.0
yf_BGS_d1;20800;INTARIAN_PEPPER_ROOT;12454;20;12450;10;;;12460;14;12463;12;;;12457.0;0.0
yf_BGS_d1;20900;ASH_COATED_OSMIUM;9941;20;9937;22;;;9947;30;9951;24;;;9944.0;0.0
yf_BGS_d1;20900;INTARIAN_PEPPER_ROOT;12457;16;12453;18;;;12463;18;12466;11;;;12460.0;0.0
yf_BGS_d1;21000;ASH_COATED_OSMIUM;9941;12;9938;20;;;9947;13;9949;27;;;9944.0;0.0
yf_BGS_d1;21000;INTARIAN_PEPPER_ROOT;12461;18;12459;10;;;12467;10;12471;27;;;12464.0;0.0
yf_BGS_d1;21100;ASH_COATED_OSMIUM;9941;23;9939;26;;;9947;21;9949;23;;;9944.0;0.0
yf_BGS_d1;21100;INTARIAN_PEPPER_ROOT;12464;16;12460;18;;;12471;18;12475;23;;;12467.5;0.0
yf_BGS_d1;21200;ASH_COATED_OSMIUM;9942;13;9938;16;;;9948;16;9950;13;;;9945.0;0.0
yf_BGS_d1;21200;INTARIAN_PEPPER_ROOT;12468;19;12465;22;;;12474;15;12478;20;;;12471.0;0.0
yf_BGS_d1;21300;ASH_COATED_OSMIUM;9939;17;9937;19;;;9951;28;9953;17;;;9945.0;0.0
yf_BGS_d1;21300;INTARIAN_PEPPER_ROOT;12462;17;12458;13;;;12487;12;12491;18;;;12474.5;0.0
yf_BGS_d1;21400;ASH_COATED_OSMIUM;9941;17;9937;17;;;9947;20;9951;19;;;9944.0;0.0
yf_BGS_d1;21400;INTARIAN_PEPPER_ROOT;12471;20;12469;22;;;12484;10;12487;10;;;12477.5;0.0
yf_BGS_d1;21500;ASH_COATED_OSMIUM;9941;16;9937;24;;;9947;9;9951;24;;;9944.0;0.0
yf_BGS_d1;21500;INTARIAN_PEPPER_ROOT;12476;15;12472;24;;;12485;16;12489;28;;;12480.5;0.0
yf_BGS_d1;21600;ASH_COATED_OSMIUM;9940;22;9938;25;;;9947;21;9950;16;;;9943.5;0.0
yf_BGS_d1;21600;INTARIAN_PEPPER_ROOT;12482;12;12479;13;;;12488;18;12492;22;;;12485.0;0.0
yf_BGS_d1;21700;ASH_COATED_OSMIUM;9940;18;9936;21;;;9948;15;9950;20;;;9944.0;0.0
yf_BGS_d1;21700;INTARIAN_PEPPER_ROOT;12485;15;12483;21;;;12491;10;12494;14;;;12488.0;0.0
yf_BGS_d1;21800;ASH_COATED_OSMIUM;9932;12;9929;28;;;9955;15;9958;14;;;9943.5;0.0
yf_BGS_d1;21800;INTARIAN_PEPPER_ROOT;12488;21;12484;24;;;12494;14;12497;22;;;12491.0;0.0
yf_BGS_d1;21900;ASH_COATED_OSMIUM;9938;11;9935;10;;;9950;15;9953;18;;;9944.0;0.0
yf_BGS_d1;21900;INTARIAN_PEPPER_ROOT;12490;13;12488;18;;;12499;12;12503;16;;;12494.5;0.0
yf_BGS_d1;22000;ASH_COATED_OSMIUM;9940;14;9938;28;;;9947;23;9951;29;;;9943.5;0.0
yf_BGS_d1;22000;INTARIAN_PEPPER_ROOT;12493;11;12489;19;;;12504;15;12506;25;;;12498.5;0.0
yf_BGS_d1;22100;ASH_COATED_OSMIUM;9934;5;9930;17;;;9952;17;9955;24;;;9943.0;0.0
yf_BGS_d1;22100;INTARIAN_PEPPER_ROOT;12499;15;12495;20;;;12505;13;12508;23;;;12502.0;0.0
yf_BGS_d1;22200;ASH_COATED_OSMIUM;9932;13;9928;29;;;9954;20;9956;18;;;9943.0;0.0
yf_BGS_d1;22200;INTARIAN_PEPPER_ROOT;12502;10;12499;22;;;12508;11;12512;25;;;12505.0;0.0
yf_BGS_d1;22300;ASH_COATED_OSMIUM;9940;13;9938;21;;;9946;9;9948;21;;;9943.0;0.0
yf_BGS_d1;22300;INTARIAN_PEPPER_ROOT;12506;23;12504;17;;;12512;7;12514;8;;;12509.0;0.0
yf_BGS_d1;22400;ASH_COATED_OSMIUM;9940;21;9936;28;;;9946;18;9950;17;;;9943.0;0.0
yf_BGS_d1;22400;INTARIAN_PEPPER_ROOT;12507;19;12505;19;;;12518;20;12521;21;;;12512.5;0.0
yf_BGS_d1;22500;ASH_COATED_OSMIUM;9940;13;9937;16;;;9946;13;9949;23;;;9943.0;0.0
yf_BGS_d1;22500;INTARIAN_PEPPER_ROOT;12511;19;12508;15;;;12521;18;12523;28;;;12516.0;0.0
yf_BGS_d1;22600;ASH_COATED_OSMIUM;9940;16;9937;25;;;9946;13;9948;19;;;9943.0;0.0
yf_BGS_d1;22600;INTARIAN_PEPPER_ROOT;12511;16;12509;22;;;12528;13;12531;21;;;12519.5;0.0
yf_BGS_d1;22700;ASH_COATED_OSMIUM;9940;14;9937;24;;;9946;15;9948;22;;;9943.0;0.0
yf_BGS_d1;22700;INTARIAN_PEPPER_ROOT;12520;9;12516;22;;;12526;12;12528;21;;;12523.0;0.0
yf_BGS_d1;22800;ASH_COATED_OSMIUM;9938;23;9934;19;;;9949;18;9953;29;;;9943.5;0.0
yf_BGS_d1;22800;INTARIAN_PEPPER_ROOT;12523;17;12519;23;;;12529;10;12531;23;;;12526.0;0.0
yf_BGS_d1;22900;ASH_COATED_OSMIUM;9940;7;9936;12;;;9946;11;9948;18;;;9943.0;0.0
yf_BGS_d1;22900;INTARIAN_PEPPER_ROOT;12521;7;12519;20;;;12536;17;12539;17;;;12528.5;0.0
yf_BGS_d1;23000;ASH_COATED_OSMIUM;9933;11;9929;19;;;9951;13;9955;13;;;9942.0;0.0
yf_BGS_d1;23000;INTARIAN_PEPPER_ROOT;12528;19;12526;19;;;12538;18;12540;16;;;12533.0;0.0
yf_BGS_d1;23100;ASH_COATED_OSMIUM;9939;16;9935;16;;;9945;9;9948;20;;;9942.0;0.0
yf_BGS_d1;23100;INTARIAN_PEPPER_ROOT;12523;19;12519;15;;;12551;18;12555;22;;;12537.0;0.0
yf_BGS_d1;23200;ASH_COATED_OSMIUM;9937;13;9933;22;;;9948;5;9950;14;;;9942.5;0.0
yf_BGS_d1;23200;INTARIAN_PEPPER_ROOT;12537;14;12535;16;;;12543;14;12545;19;;;12540.0;0.0
yf_BGS_d1;23300;ASH_COATED_OSMIUM;9935;15;9931;23;;;9949;12;9952;13;;;9942.0;0.0
yf_BGS_d1;23300;INTARIAN_PEPPER_ROOT;12540;18;12537;25;;;12547;14;12550;26;;;12543.5;0.0
yf_BGS_d1;23400;ASH_COATED_OSMIUM;9939;15;9937;25;;;9945;11;9948;17;;;9942.0;0.0
yf_BGS_d1;23400;INTARIAN_PEPPER_ROOT;12543;21;12539;20;;;12551;12;12555;19;;;12547.0;0.0
yf_BGS_d1;23500;ASH_COATED_OSMIUM;9940;21;9937;21;;;9946;10;9950;20;;;9943.0;0.0
yf_BGS_d1;23500;INTARIAN_PEPPER_ROOT;12547;15;12545;20;;;12553;17;12557;18;;;12550.0;0.0
yf_BGS_d1;23600;ASH_COATED_OSMIUM;9937;12;9934;18;;;9948;8;9951;20;;;9942.5;0.0
yf_BGS_d1;23600;INTARIAN_PEPPER_ROOT;12548;10;12544;32;;;12561;9;12563;17;;;12554.5;0.0
yf_BGS_d1;23700;ASH_COATED_OSMIUM;9939;20;9937;16;;;9945;11;9949;13;;;9942.0;0.0
yf_BGS_d1;23700;INTARIAN_PEPPER_ROOT;12555;8;12552;17;;;12561;13;12564;21;;;12558.0;0.0
yf_BGS_d1;23800;ASH_COATED_OSMIUM;9939;14;9937;18;;;9945;12;9949;18;;;9942.0;0.0
yf_BGS_d1;23800;INTARIAN_PEPPER_ROOT;12558;12;12554;14;;;12564;17;12568;16;;;12561.0;0.0
yf_BGS_d1;23900;ASH_COATED_OSMIUM;9939;23;9937;23;;;9945;13;9949;25;;;9942.0;0.0
yf_BGS_d1;23900;INTARIAN_PEPPER_ROOT;12561;16;12558;17;;;12567;20;12570;22;;;12564.0;0.0
yf_BGS_d1;24000;ASH_COATED_OSMIUM;9939;14;9936;20;;;9945;19;9949;22;;;9942.0;0.0
yf_BGS_d1;24000;INTARIAN_PEPPER_ROOT;12551;9;12547;19;;;12585;11;12588;17;;;12568.0;0.0
yf_BGS_d1;24100;ASH_COATED_OSMIUM;9936;21;9932;21;;;9949;20;9951;20;;;9942.5;0.0
yf_BGS_d1;24100;INTARIAN_PEPPER_ROOT;12569;19;12565;17;;;12575;23;12579;26;;;12572.0;0.0
yf_BGS_d1;24200;ASH_COATED_OSMIUM;9939;22;9937;22;;;9945;6;9947;12;;;9942.0;0.0
yf_BGS_d1;24200;INTARIAN_PEPPER_ROOT;12572;12;12568;22;;;12578;12;12581;25;;;12575.0;0.0
yf_BGS_d1;24300;ASH_COATED_OSMIUM;9939;10;9935;20;;;9945;15;9948;21;;;9942.0;0.0
yf_BGS_d1;24300;INTARIAN_PEPPER_ROOT;12576;11;12574;25;;;12582;16;12586;17;;;12579.0;0.0
yf_BGS_d1;24400;ASH_COATED_OSMIUM;9929;9;9927;19;;;9955;23;9957;21;;;9942.0;0.0
yf_BGS_d1;24400;INTARIAN_PEPPER_ROOT;12572;13;12569;11;;;12592;13;12596;17;;;12582.0;0.0
yf_BGS_d1;24500;ASH_COATED_OSMIUM;9939;17;9935;28;;;9945;5;9947;32;;;9942.0;0.0
yf_BGS_d1;24500;INTARIAN_PEPPER_ROOT;12583;15;12581;21;;;12589;7;12591;26;;;12586.0;0.0
yf_BGS_d1;24600;ASH_COATED_OSMIUM;9938;12;9935;19;;;9944;19;9948;26;;;9941.0;0.0
yf_BGS_d1;24600;INTARIAN_PEPPER_ROOT;12585;20;12582;15;;;12592;21;12595;18;;;12588.5;0.0
yf_BGS_d1;24700;ASH_COATED_OSMIUM;9939;15;9936;20;;;9945;11;9947;22;;;9942.0;0.0
yf_BGS_d1;24700;INTARIAN_PEPPER_ROOT;12590;14;12588;14;;;12596;14;12599;20;;;12593.0;0.0
yf_BGS_d1;24800;ASH_COATED_OSMIUM;9938;15;9934;15;;;9944;18;9948;26;;;9941.0;0.0
yf_BGS_d1;24800;INTARIAN_PEPPER_ROOT;12593;21;12590;21;;;12599;11;12602;20;;;12596.0;0.0
yf_BGS_d1;24900;ASH_COATED_OSMIUM;9938;18;9936;28;;;9944;10;9946;31;;;9941.0;0.0
yf_BGS_d1;24900;INTARIAN_PEPPER_ROOT;12597;17;12594;13;;;12603;5;12607;24;;;12600.0;0.0
yf_BGS_d1;25000;ASH_COATED_OSMIUM;9938;19;9934;22;;;9944;20;9947;23;;;9941.0;0.0
yf_BGS_d1;25000;INTARIAN_PEPPER_ROOT;12598;19;12596;32;;;12609;7;12611;17;;;12603.5;0.0
yf_BGS_d1;25100;ASH_COATED_OSMIUM;9937;23;9935;10;;;9944;13;9946;19;;;9940.5;0.0
yf_BGS_d1;25100;INTARIAN_PEPPER_ROOT;12604;16;12602;19;;;12610;11;12614;26;;;12607.0;0.0
yf_BGS_d1;25200;ASH_COATED_OSMIUM;9938;15;9935;8;;;9944;21;9946;26;;;9941.0;0.0
yf_BGS_d1;25200;INTARIAN_PEPPER_ROOT;12598;12;12595;18;;;12622;12;12625;16;;;12610.0;0.0
yf_BGS_d1;25300;ASH_COATED_OSMIUM;9938;24;9936;22;;;9944;19;9948;29;;;9941.0;0.0
yf_BGS_d1;25300;INTARIAN_PEPPER_ROOT;12609;17;12605;19;;;12619;21;12623;35;;;12614.0;0.0
yf_BGS_d1;25400;ASH_COATED_OSMIUM;9935;20;9933;13;;;9947;21;9949;14;;;9941.0;0.0
yf_BGS_d1;25400;INTARIAN_PEPPER_ROOT;12613;11;12609;28;;;12619;23;12623;13;;;12616.0;0.0
yf_BGS_d1;25500;ASH_COATED_OSMIUM;9938;12;9934;24;;;9945;15;9948;9;;;9941.5;0.0
yf_BGS_d1;25500;INTARIAN_PEPPER_ROOT;12617;14;12615;16;;;12624;9;12626;17;;;12620.5;0.0
yf_BGS_d1;25600;ASH_COATED_OSMIUM;9938;18;9935;21;;;9944;11;9947;15;;;9941.0;0.0
yf_BGS_d1;25600;INTARIAN_PEPPER_ROOT;12619;10;12615;12;;;12627;22;12629;21;;;12623.0;0.0
yf_BGS_d1;25700;ASH_COATED_OSMIUM;9927;20;9924;17;;;9955;12;9959;13;;;9941.0;0.0
yf_BGS_d1;25700;INTARIAN_PEPPER_ROOT;12625;16;12622;31;;;12631;10;12634;28;;;12628.0;0.0
yf_BGS_d1;25800;ASH_COATED_OSMIUM;9924;13;9921;13;;;9957;9;9960;19;;;9940.5;0.0
yf_BGS_d1;25800;INTARIAN_PEPPER_ROOT;12628;17;12625;28;;;12634;17;12636;30;;;12631.0;0.0
yf_BGS_d1;25900;ASH_COATED_OSMIUM;9927;16;9924;18;;;9954;13;9956;17;;;9940.5;0.0
yf_BGS_d1;25900;INTARIAN_PEPPER_ROOT;12632;7;12628;16;;;12638;28;12640;16;;;12635.0;0.0
yf_BGS_d1;26000;ASH_COATED_OSMIUM;9938;13;9935;32;;;9944;19;9947;20;;;9941.0;0.0
yf_BGS_d1;26000;INTARIAN_PEPPER_ROOT;12629;24;12625;12;;;12647;15;12649;15;;;12638.0;0.0
yf_BGS_d1;26100;ASH_COATED_OSMIUM;9936;13;9934;25;;;9944;5;9948;20;;;9940.0;0.0
yf_BGS_d1;26100;INTARIAN_PEPPER_ROOT;12635;9;12631;10;;;12647;16;12649;20;;;12641.0;0.0
yf_BGS_d1;26200;ASH_COATED_OSMIUM;9933;22;9930;12;;;9947;18;9951;10;;;9940.0;0.0
yf_BGS_d1;26200;INTARIAN_PEPPER_ROOT;12642;18;12638;9;;;12648;23;12651;23;;;12645.0;0.0
yf_BGS_d1;26300;ASH_COATED_OSMIUM;9935;10;9933;16;;;9946;8;9949;17;;;9940.5;0.0
yf_BGS_d1;26300;INTARIAN_PEPPER_ROOT;12642;14;12640;20;;;12654;17;12656;29;;;12648.0;0.0
yf_BGS_d1;26400;ASH_COATED_OSMIUM;9937;17;9934;12;;;9943;20;9945;14;;;9940.0;0.0
yf_BGS_d1;26400;INTARIAN_PEPPER_ROOT;12648;17;12644;20;;;12655;15;12658;24;;;12651.5;0.0
yf_BGS_d1;26500;ASH_COATED_OSMIUM;9921;15;9919;23;;;9959;5;9962;23;;;9940.0;0.0
yf_BGS_d1;26500;INTARIAN_PEPPER_ROOT;12652;11;12650;19;;;12658;17;12661;17;;;12655.0;0.0
yf_BGS_d1;26600;ASH_COATED_OSMIUM;9937;14;9933;13;;;9943;10;9947;13;;;9940.0;0.0
yf_BGS_d1;26600;INTARIAN_PEPPER_ROOT;12656;16;12654;21;;;12662;14;12666;19;;;12659.0;0.0
yf_BGS_d1;26700;ASH_COATED_OSMIUM;9930;8;9927;12;;;9951;16;9953;27;;;9940.5;0.0
yf_BGS_d1;26700;INTARIAN_PEPPER_ROOT;12657;22;12654;19;;;12668;21;12670;24;;;12662.5;0.0
yf_BGS_d1;26800;ASH_COATED_OSMIUM;9937;6;9933;26;;;9943;25;9946;14;;;9940.0;0.0
yf_BGS_d1;26800;INTARIAN_PEPPER_ROOT;12662;15;12658;19;;;12668;22;12671;16;;;12665.0;0.0
yf_BGS_d1;26900;ASH_COATED_OSMIUM;9932;14;9928;14;;;9948;14;9950;18;;;9940.0;0.0
yf_BGS_d1;26900;INTARIAN_PEPPER_ROOT;12666;18;12663;23;;;12672;11;12676;16;;;12669.0;0.0
yf_BGS_d1;27000;ASH_COATED_OSMIUM;9936;20;9933;22;;;9942;13;9945;14;;;9939.0;0.0
yf_BGS_d1;27000;INTARIAN_PEPPER_ROOT;12669;20;12665;27;;;12675;11;12679;17;;;12672.0;0.0
yf_BGS_d1;27100;ASH_COATED_OSMIUM;9936;14;9933;21;;;9942;11;9945;13;;;9939.0;0.0
yf_BGS_d1;27100;INTARIAN_PEPPER_ROOT;12673;15;12670;23;;;12679;20;12681;17;;;12676.0;0.0
yf_BGS_d1;27200;ASH_COATED_OSMIUM;9928;24;9924;27;;;9951;18;9954;17;;;9939.5;0.0
yf_BGS_d1;27200;INTARIAN_PEPPER_ROOT;12676;12;12673;27;;;12682;7;12684;20;;;12679.0;0.0
yf_BGS_d1;27300;ASH_COATED_OSMIUM;9925;11;9923;17;;;9956;21;9959;19;;;9940.5;0.0
yf_BGS_d1;27300;INTARIAN_PEPPER_ROOT;12673;17;12671;16;;;12694;13;12697;18;;;12683.5;0.0
yf_BGS_d1;27400;ASH_COATED_OSMIUM;9937;15;9933;23;;;9943;11;9947;30;;;9940.0;0.0
yf_BGS_d1;27400;INTARIAN_PEPPER_ROOT;12682;13;12680;19;;;12692;5;12694;17;;;12687.0;0.0
yf_BGS_d1;27500;ASH_COATED_OSMIUM;9930;7;9927;19;;;9948;11;9950;24;;;9939.0;0.0
yf_BGS_d1;27500;INTARIAN_PEPPER_ROOT;12687;14;12683;27;;;12693;15;12696;18;;;12690.0;0.0
yf_BGS_d1;27600;ASH_COATED_OSMIUM;9936;24;9932;18;;;9942;22;9946;24;;;9939.0;0.0
yf_BGS_d1;27600;INTARIAN_PEPPER_ROOT;12679;17;12677;20;;;12709;18;12712;15;;;12694.0;0.0
yf_BGS_d1;27700;ASH_COATED_OSMIUM;9937;16;9935;22;;;9943;18;9947;11;;;9940.0;0.0
yf_BGS_d1;27700;INTARIAN_PEPPER_ROOT;12694;12;12692;19;;;12700;19;12702;28;;;12697.0;0.0
yf_BGS_d1;27800;ASH_COATED_OSMIUM;9936;8;9933;18;;;9942;8;9944;15;;;9939.0;0.0
yf_BGS_d1;27800;INTARIAN_PEPPER_ROOT;12697;18;12695;21;;;12703;5;12706;22;;;12700.0;0.0
yf_BGS_d1;27900;ASH_COATED_OSMIUM;9936;21;9934;23;;;9942;13;9945;22;;;9939.0;0.0
yf_BGS_d1;27900;INTARIAN_PEPPER_ROOT;12701;22;12699;23;;;12707;11;12709;30;;;12704.0;0.0
yf_BGS_d1;28000;ASH_COATED_OSMIUM;9933;25;9929;20;;;9944;18;9948;25;;;9938.5;0.0
yf_BGS_d1;28000;INTARIAN_PEPPER_ROOT;12704;16;12702;25;;;12710;14;12713;16;;;12707.0;0.0
yf_BGS_d1;28100;ASH_COATED_OSMIUM;9928;15;9924;22;;;9949;21;9953;15;;;9938.5;0.0
yf_BGS_d1;28100;INTARIAN_PEPPER_ROOT;12708;20;12705;26;;;12714;15;12717;19;;;12711.0;0.0
yf_BGS_d1;28200;ASH_COATED_OSMIUM;9934;13;9930;13;;;9944;14;9948;17;;;9939.0;0.0
yf_BGS_d1;28200;INTARIAN_PEPPER_ROOT;12706;8;12702;15;;;12721;13;12725;23;;;12713.5;0.0
yf_BGS_d1;28300;ASH_COATED_OSMIUM;9936;22;9933;26;;;9942;22;9946;24;;;9939.0;0.0
yf_BGS_d1;28300;INTARIAN_PEPPER_ROOT;12712;19;12710;16;;;12725;13;12729;19;;;12718.5;0.0
yf_BGS_d1;28400;ASH_COATED_OSMIUM;9931;28;9929;12;;;9946;11;9948;12;;;9938.5;0.0
yf_BGS_d1;28400;INTARIAN_PEPPER_ROOT;12719;10;12716;17;;;12725;17;12727;8;;;12722.0;0.0
yf_BGS_d1;28500;ASH_COATED_OSMIUM;9936;12;9933;25;;;9942;18;9944;20;;;9939.0;0.0
yf_BGS_d1;28500;INTARIAN_PEPPER_ROOT;12706;12;12703;20;;;12744;14;12746;21;;;12725.0;0.0
yf_BGS_d1;28600;ASH_COATED_OSMIUM;9936;20;9934;27;;;9942;11;9946;20;;;9939.0;0.0
yf_BGS_d1;28600;INTARIAN_PEPPER_ROOT;12725;11;12722;34;;;12731;14;12734;23;;;12728.0;0.0
yf_BGS_d1;28700;ASH_COATED_OSMIUM;9935;8;9933;17;;;9942;10;9946;24;;;9938.5;0.0
yf_BGS_d1;28700;INTARIAN_PEPPER_ROOT;12729;9;12726;19;;;12735;8;12738;11;;;12732.0;0.0
yf_BGS_d1;28800;ASH_COATED_OSMIUM;9931;13;9927;23;;;9945;10;9948;26;;;9938.0;0.0
yf_BGS_d1;28800;INTARIAN_PEPPER_ROOT;12732;9;12728;22;;;12739;14;12743;20;;;12735.5;0.0
yf_BGS_d1;28900;ASH_COATED_OSMIUM;9936;9;9932;21;;;9942;20;9946;16;;;9939.0;0.0
yf_BGS_d1;28900;INTARIAN_PEPPER_ROOT;12725;17;12723;22;;;12753;16;12755;30;;;12739.0;0.0
yf_BGS_d1;29000;ASH_COATED_OSMIUM;9935;13;9932;27;;;9941;22;9944;19;;;9938.0;0.0
yf_BGS_d1;29000;INTARIAN_PEPPER_ROOT;12739;11;12737;21;;;12745;11;12749;21;;;12742.0;0.0
yf_BGS_d1;29100;ASH_COATED_OSMIUM;9935;11;9931;21;;;9941;18;9943;17;;;9938.0;0.0
yf_BGS_d1;29100;INTARIAN_PEPPER_ROOT;12743;18;12740;12;;;12749;11;12753;22;;;12746.0;0.0
yf_BGS_d1;29200;ASH_COATED_OSMIUM;9935;18;9931;16;;;9941;15;9944;16;;;9938.0;0.0
yf_BGS_d1;29200;INTARIAN_PEPPER_ROOT;12743;18;12740;14;;;12755;16;12757;18;;;12749.0;0.0
yf_BGS_d1;29300;ASH_COATED_OSMIUM;9934;18;9931;20;;;9943;22;9947;20;;;9938.5;0.0
yf_BGS_d1;29300;INTARIAN_PEPPER_ROOT;12750;13;12746;15;;;12756;9;12759;25;;;12753.0;0.0
yf_BGS_d1;29400;ASH_COATED_OSMIUM;9935;7;9932;17;;;9941;10;9943;16;;;9938.0;0.0
yf_BGS_d1;29400;INTARIAN_PEPPER_ROOT;12751;12;12749;23;;;12762;20;12766;15;;;12756.5;0.0
yf_BGS_d1;29500;ASH_COATED_OSMIUM;9935;15;9933;20;;;9941;16;9945;24;;;9938.0;0.0
yf_BGS_d1;29500;INTARIAN_PEPPER_ROOT;12748;16;12745;27;;;12770;14;12773;19;;;12759.0;0.0
yf_BGS_d1;29600;ASH_COATED_OSMIUM;9924;12;9922;22;;;9951;26;9954;13;;;9937.5;0.0
yf_BGS_d1;29600;INTARIAN_PEPPER_ROOT;12758;12;12754;11;;;12767;9;12769;15;;;12762.5;0.0
yf_BGS_d1;29700;ASH_COATED_OSMIUM;9932;11;9928;16;;;9944;6;9947;14;;;9938.0;0.0
yf_BGS_d1;29700;INTARIAN_PEPPER_ROOT;12762;17;12760;16;;;12773;13;12777;17;;;12767.5;0.0
yf_BGS_d1;29800;ASH_COATED_OSMIUM;9935;8;9931;21;;;9941;5;9943;22;;;9938.0;0.0
yf_BGS_d1;29800;INTARIAN_PEPPER_ROOT;12766;10;12762;24;;;12774;14;12778;17;;;12770.0;0.0
yf_BGS_d1;29900;ASH_COATED_OSMIUM;9925;11;9921;17;;;9951;16;9955;15;;;9938.0;0.0
yf_BGS_d1;29900;INTARIAN_PEPPER_ROOT;12771;19;12768;26;;;12777;13;12781;29;;;12774.0;0.0
yf_BGS_d1;30000;ASH_COATED_OSMIUM;9934;22;9930;16;;;9941;16;9945;18;;;9937.5;0.0
yf_BGS_d1;30000;INTARIAN_PEPPER_ROOT;12774;18;12772;20;;;12780;9;12783;23;;;12777.0;0.0
yf_BGS_d1;30100;ASH_COATED_OSMIUM;9935;11;9932;21;;;9941;5;9945;25;;;9938.0;0.0
yf_BGS_d1;30100;INTARIAN_PEPPER_ROOT;12778;18;12775;22;;;12784;21;12787;24;;;12781.0;0.0
yf_BGS_d1;30200;ASH_COATED_OSMIUM;9935;21;9933;12;;;9941;16;9944;25;;;9938.0;0.0
yf_BGS_d1;30200;INTARIAN_PEPPER_ROOT;12782;18;12778;24;;;12788;11;12792;21;;;12785.0;0.0
yf_BGS_d1;30300;ASH_COATED_OSMIUM;9935;15;9931;18;;;9941;11;9944;26;;;9938.0;0.0
yf_BGS_d1;30300;INTARIAN_PEPPER_ROOT;12772;14;12770;23;;;12803;17;12806;18;;;12787.5;0.0
yf_BGS_d1;30400;ASH_COATED_OSMIUM;9934;10;9930;23;;;9940;21;9944;23;;;9937.0;0.0
yf_BGS_d1;30400;INTARIAN_PEPPER_ROOT;12782;19;12780;24;;;12800;22;12803;26;;;12791.0;0.0
yf_BGS_d1;30500;ASH_COATED_OSMIUM;9934;14;9930;14;;;9940;13;9943;17;;;9937.0;0.0
yf_BGS_d1;30500;INTARIAN_PEPPER_ROOT;12791;15;12789;23;;;12797;18;12801;15;;;12794.0;0.0
yf_BGS_d1;30600;ASH_COATED_OSMIUM;9934;16;9932;20;;;9940;24;9944;14;;;9937.0;0.0
yf_BGS_d1;30600;INTARIAN_PEPPER_ROOT;12795;11;12792;26;;;12801;11;12805;17;;;12798.0;0.0
yf_BGS_d1;30700;ASH_COATED_OSMIUM;9933;20;9931;16;;;9941;14;9943;12;;;9937.0;0.0
yf_BGS_d1;30700;INTARIAN_PEPPER_ROOT;12798;15;12796;28;;;12804;15;12808;17;;;12801.0;0.0
yf_BGS_d1;30800;ASH_COATED_OSMIUM;9934;21;9931;23;;;9941;13;9943;9;;;9937.5;0.0
yf_BGS_d1;30800;INTARIAN_PEPPER_ROOT;12796;28;12794;25;;;12813;16;12817;23;;;12804.5;0.0
yf_BGS_d1;30900;ASH_COATED_OSMIUM;9931;14;9928;21;;;9944;14;9946;17;;;9937.5;0.0
yf_BGS_d1;30900;INTARIAN_PEPPER_ROOT;12805;17;12801;22;;;12812;13;12816;14;;;12808.5;0.0
yf_BGS_d1;31000;ASH_COATED_OSMIUM;9932;12;9930;17;;;9942;6;9946;17;;;9937.0;0.0
yf_BGS_d1;31000;INTARIAN_PEPPER_ROOT;12809;5;12806;19;;;12815;12;12817;8;;;12812.0;0.0
yf_BGS_d1;31100;ASH_COATED_OSMIUM;9934;19;9932;21;;;9940;16;9943;21;;;9937.0;0.0
yf_BGS_d1;31100;INTARIAN_PEPPER_ROOT;12811;12;12807;20;;;12820;12;12824;25;;;12815.5;0.0
yf_BGS_d1;31200;ASH_COATED_OSMIUM;9934;5;9931;25;;;9940;22;9942;21;;;9937.0;0.0
yf_BGS_d1;31200;INTARIAN_PEPPER_ROOT;12805;11;12801;20;;;12832;12;12834;15;;;12818.5;0.0
yf_BGS_d1;31300;ASH_COATED_OSMIUM;9934;25;9930;19;;;9940;14;9944;13;;;9937.0;0.0
yf_BGS_d1;31300;INTARIAN_PEPPER_ROOT;12819;13;12817;22;;;12825;16;12828;14;;;12822.0;0.0
yf_BGS_d1;31400;ASH_COATED_OSMIUM;9932;16;9928;18;;;9941;12;9944;23;;;9936.5;0.0
yf_BGS_d1;31400;INTARIAN_PEPPER_ROOT;12823;9;12819;17;;;12829;5;12833;29;;;12826.0;0.0
yf_BGS_d1;31500;ASH_COATED_OSMIUM;9932;5;9929;21;;;9940;10;9944;25;;;9936.0;0.0
yf_BGS_d1;31500;INTARIAN_PEPPER_ROOT;12826;15;12823;22;;;12832;10;12836;11;;;12829.0;0.0
yf_BGS_d1;31600;ASH_COATED_OSMIUM;9923;18;9919;11;;;9950;12;9954;23;;;9936.5;0.0
yf_BGS_d1;31600;INTARIAN_PEPPER_ROOT;12827;12;12825;26;;;12838;13;12840;12;;;12832.5;0.0
yf_BGS_d1;31700;ASH_COATED_OSMIUM;9924;13;9922;17;;;9948;10;9950;20;;;9936.0;0.0
yf_BGS_d1;31700;INTARIAN_PEPPER_ROOT;12822;6;12820;23;;;12852;8;12854;22;;;12837.0;0.0
yf_BGS_d1;31800;ASH_COATED_OSMIUM;9934;21;9931;26;;;9940;19;9942;22;;;9937.0;0.0
yf_BGS_d1;31800;INTARIAN_PEPPER_ROOT;12836;22;12834;23;;;12842;14;12846;31;;;12839.0;0.0
yf_BGS_d1;31900;ASH_COATED_OSMIUM;9933;21;9931;21;;;9939;15;9941;18;;;9936.0;0.0
yf_BGS_d1;31900;INTARIAN_PEPPER_ROOT;12839;19;12835;22;;;12848;9;12851;12;;;12843.5;0.0
yf_BGS_d1;32000;ASH_COATED_OSMIUM;9933;11;9930;12;;;9939;18;9942;27;;;9936.0;0.0
yf_BGS_d1;32000;INTARIAN_PEPPER_ROOT;12843;17;12841;15;;;12849;12;12852;17;;;12846.0;0.0
yf_BGS_d1;32100;ASH_COATED_OSMIUM;9933;15;9931;16;;;9939;14;9941;15;;;9936.0;0.0
yf_BGS_d1;32100;INTARIAN_PEPPER_ROOT;12842;5;12839;21;;;12859;19;12861;20;;;12850.5;0.0
yf_BGS_d1;32200;ASH_COATED_OSMIUM;9933;5;9930;18;;;9939;16;9942;25;;;9936.0;0.0
yf_BGS_d1;32200;INTARIAN_PEPPER_ROOT;12843;17;12839;19;;;12865;12;12869;22;;;12854.0;0.0
yf_BGS_d1;32300;ASH_COATED_OSMIUM;9932;23;9929;26;;;9939;16;9942;18;;;9935.5;0.0
yf_BGS_d1;32300;INTARIAN_PEPPER_ROOT;12854;16;12852;21;;;12860;12;12864;21;;;12857.0;0.0
yf_BGS_d1;32400;ASH_COATED_OSMIUM;9933;5;9930;22;;;9939;13;9942;22;;;9936.0;0.0
yf_BGS_d1;32400;INTARIAN_PEPPER_ROOT;12857;11;12853;26;;;12865;9;12867;27;;;12861.0;0.0
yf_BGS_d1;32500;ASH_COATED_OSMIUM;9923;22;9921;17;;;9948;7;9951;19;;;9935.5;0.0
yf_BGS_d1;32500;INTARIAN_PEPPER_ROOT;12857;13;12855;25;;;12872;19;12875;9;;;12864.5;0.0
yf_BGS_d1;32600;ASH_COATED_OSMIUM;9933;13;9930;23;;;9939;25;9943;21;;;9936.0;0.0
yf_BGS_d1;32600;INTARIAN_PEPPER_ROOT;12860;15;12858;25;;;12876;11;12879;31;;;12868.0;0.0
yf_BGS_d1;32700;ASH_COATED_OSMIUM;9933;17;9931;12;;;9939;14;9941;23;;;9936.0;0.0
yf_BGS_d1;32700;INTARIAN_PEPPER_ROOT;12861;17;12857;24;;;12882;16;12884;22;;;12871.5;0.0
yf_BGS_d1;32800;ASH_COATED_OSMIUM;9933;13;9931;26;;;9939;16;9943;19;;;9936.0;0.0
yf_BGS_d1;32800;INTARIAN_PEPPER_ROOT;12868;12;12865;30;;;12882;21;12886;11;;;12875.0;0.0
yf_BGS_d1;32900;ASH_COATED_OSMIUM;9924;14;9920;17;;;9946;15;9948;17;;;9935.0;0.0
yf_BGS_d1;32900;INTARIAN_PEPPER_ROOT;12875;14;12871;17;;;12881;22;12884;21;;;12878.0;0.0
yf_BGS_d1;33000;ASH_COATED_OSMIUM;9931;12;9928;16;;;9941;18;9944;16;;;9936.0;0.0
yf_BGS_d1;33000;INTARIAN_PEPPER_ROOT;12879;17;12876;19;;;12885;20;12887;18;;;12882.0;0.0
yf_BGS_d1;33100;ASH_COATED_OSMIUM;9930;14;9927;12;;;9942;11;9944;20;;;9936.0;0.0
yf_BGS_d1;33100;INTARIAN_PEPPER_ROOT;12883;9;12879;19;;;12889;14;12891;27;;;12886.0;0.0
yf_BGS_d1;33200;ASH_COATED_OSMIUM;9933;27;9931;22;;;9939;23;9943;22;;;9936.0;0.0
yf_BGS_d1;33200;INTARIAN_PEPPER_ROOT;12885;10;12882;23;;;12891;12;12895;8;;;12888.0;0.0
yf_BGS_d1;33300;ASH_COATED_OSMIUM;9933;16;9931;27;;;9939;5;9941;21;;;9936.0;0.0
yf_BGS_d1;33300;INTARIAN_PEPPER_ROOT;12888;13;12885;20;;;12895;15;12899;25;;;12891.5;0.0
yf_BGS_d1;33400;ASH_COATED_OSMIUM;9921;14;9919;16;;;9949;17;9953;15;;;9935.0;0.0
yf_BGS_d1;33400;INTARIAN_PEPPER_ROOT;12893;11;12890;23;;;12899;14;12903;20;;;12896.0;0.0
yf_BGS_d1;33500;ASH_COATED_OSMIUM;9932;14;9929;21;;;9938;9;9941;21;;;9935.0;0.0
yf_BGS_d1;33500;INTARIAN_PEPPER_ROOT;12892;17;12888;24;;;12905;8;12908;12;;;12898.5;0.0
yf_BGS_d1;33600;ASH_COATED_OSMIUM;9932;18;9928;17;;;9938;14;9942;15;;;9935.0;0.0
yf_BGS_d1;33600;INTARIAN_PEPPER_ROOT;12893;16;12891;10;;;12913;13;12915;29;;;12903.0;0.0
yf_BGS_d1;33700;ASH_COATED_OSMIUM;9932;13;9929;18;;;9938;24;9940;13;;;9935.0;0.0
yf_BGS_d1;33700;INTARIAN_PEPPER_ROOT;12903;22;12901;31;;;12909;11;12911;17;;;12906.0;0.0
yf_BGS_d1;33800;ASH_COATED_OSMIUM;9932;17;9928;22;;;9938;13;9940;21;;;9935.0;0.0
yf_BGS_d1;33800;INTARIAN_PEPPER_ROOT;12907;22;12905;25;;;12913;9;12916;21;;;12910.0;0.0
yf_BGS_d1;33900;ASH_COATED_OSMIUM;9932;22;9928;16;;;9938;17;9940;26;;;9935.0;0.0
yf_BGS_d1;33900;INTARIAN_PEPPER_ROOT;12909;29;12906;24;;;12916;15;12919;19;;;12912.5;0.0
yf_BGS_d1;34000;ASH_COATED_OSMIUM;9929;11;9925;24;;;9943;14;9947;24;;;9936.0;0.0
yf_BGS_d1;34000;INTARIAN_PEPPER_ROOT;12910;8;12907;21;;;12916;20;12918;15;;;12913.0;0.0
yf_BGS_d1;34100;ASH_COATED_OSMIUM;9928;11;9926;25;;;9943;20;9947;16;;;9935.5;0.0
yf_BGS_d1;34100;INTARIAN_PEPPER_ROOT;12909;20;12905;12;;;12919;15;12921;16;;;12914.0;0.0
yf_BGS_d1;34200;ASH_COATED_OSMIUM;9932;12;9930;16;;;9938;8;9940;20;;;9935.0;0.0
yf_BGS_d1;34200;INTARIAN_PEPPER_ROOT;12890;19;12887;18;;;12939;9;12941;10;;;12914.5;0.0
yf_BGS_d1;34300;ASH_COATED_OSMIUM;9931;21;9929;15;;;9939;15;9943;18;;;9935.0;0.0
yf_BGS_d1;34300;INTARIAN_PEPPER_ROOT;12912;11;12909;25;;;12918;16;12920;17;;;12915.0;0.0
yf_BGS_d1;34400;ASH_COATED_OSMIUM;9932;17;9929;19;;;9939;16;9942;14;;;9935.5;0.0
yf_BGS_d1;34400;INTARIAN_PEPPER_ROOT;12912;22;12910;19;;;12919;12;12922;24;;;12915.5;0.0
yf_BGS_d1;34500;ASH_COATED_OSMIUM;9930;7;9927;23;;;9940;9;9942;20;;;9935.0;0.0
yf_BGS_d1;34500;INTARIAN_PEPPER_ROOT;12906;8;12903;22;;;12926;17;12928;24;;;12916.0;0.0
yf_BGS_d1;34600;ASH_COATED_OSMIUM;9932;15;9930;24;;;9938;20;9940;20;;;9935.0;0.0
yf_BGS_d1;34600;INTARIAN_PEPPER_ROOT;12910;18;12908;24;;;12924;18;12928;22;;;12917.0;0.0
yf_BGS_d1;34700;ASH_COATED_OSMIUM;9930;21;9926;23;;;9941;15;9945;20;;;9935.5;0.0
yf_BGS_d1;34700;INTARIAN_PEPPER_ROOT;12898;12;12895;24;;;12935;14;12939;15;;;12916.5;0.0
yf_BGS_d1;34800;ASH_COATED_OSMIUM;9930;16;9928;21;;;9942;18;9946;18;;;9936.0;0.0
yf_BGS_d1;34800;INTARIAN_PEPPER_ROOT;12911;12;12908;23;;;12924;6;12926;15;;;12917.5;0.0
yf_BGS_d1;34900;ASH_COATED_OSMIUM;9933;12;9929;25;;;9939;18;9941;17;;;9936.0;0.0
yf_BGS_d1;34900;INTARIAN_PEPPER_ROOT;12914;21;12912;18;;;12920;18;12923;24;;;12917.0;0.0
yf_BGS_d1;35000;ASH_COATED_OSMIUM;9933;10;9930;16;;;9939;11;9943;22;;;9936.0;0.0
yf_BGS_d1;35000;INTARIAN_PEPPER_ROOT;12916;14;12913;26;;;12922;22;12924;18;;;12919.0;0.0
yf_BGS_d1;35100;ASH_COATED_OSMIUM;9933;9;9930;25;;;9939;11;9942;16;;;9936.0;0.0
yf_BGS_d1;35100;INTARIAN_PEPPER_ROOT;12914;9;12910;14;;;12923;16;12927;26;;;12918.5;0.0
yf_BGS_d1;35200;ASH_COATED_OSMIUM;9924;21;9921;25;;;9948;18;9950;24;;;9936.0;0.0
yf_BGS_d1;35200;INTARIAN_PEPPER_ROOT;12916;13;12912;16;;;12922;20;12926;21;;;12919.0;0.0
yf_BGS_d1;35300;ASH_COATED_OSMIUM;9933;16;9929;16;;;9939;16;9943;16;;;9936.0;0.0
yf_BGS_d1;35300;INTARIAN_PEPPER_ROOT;12917;17;12913;21;;;12923;6;12926;25;;;12920.0;0.0
yf_BGS_d1;35400;ASH_COATED_OSMIUM;9934;12;9931;20;;;9940;10;9944;34;;;9937.0;0.0
yf_BGS_d1;35400;INTARIAN_PEPPER_ROOT;12918;17;12916;13;;;12924;20;12926;21;;;12921.0;0.0
yf_BGS_d1;35500;ASH_COATED_OSMIUM;9927;25;9925;13;;;9946;12;9949;20;;;9936.5;0.0
yf_BGS_d1;35500;INTARIAN_PEPPER_ROOT;12918;13;12915;11;;;12924;14;12927;18;;;12921.0;0.0
yf_BGS_d1;35600;ASH_COATED_OSMIUM;9934;21;9930;21;;;9940;24;9944;24;;;9937.0;0.0
yf_BGS_d1;35600;INTARIAN_PEPPER_ROOT;12916;10;12912;20;;;12926;17;12929;17;;;12921.0;0.0
yf_BGS_d1;35700;ASH_COATED_OSMIUM;9934;20;9931;17;;;9940;17;9942;13;;;9937.0;0.0
yf_BGS_d1;35700;INTARIAN_PEPPER_ROOT;12919;20;12915;24;;;12925;21;12927;22;;;12922.0;0.0
yf_BGS_d1;35800;ASH_COATED_OSMIUM;9928;17;9926;25;;;9945;15;9947;28;;;9936.5;0.0
yf_BGS_d1;35800;INTARIAN_PEPPER_ROOT;12916;14;12912;28;;;12930;14;12934;20;;;12923.0;0.0
yf_BGS_d1;35900;ASH_COATED_OSMIUM;9934;16;9930;28;;;9940;19;9944;16;;;9937.0;0.0
yf_BGS_d1;35900;INTARIAN_PEPPER_ROOT;12920;12;12918;19;;;12926;16;12930;27;;;12923.0;0.0
yf_BGS_d1;36000;ASH_COATED_OSMIUM;9934;9;9930;22;;;9940;22;9943;16;;;9937.0;0.0
yf_BGS_d1;36000;INTARIAN_PEPPER_ROOT;12915;13;12912;22;;;12932;15;12935;14;;;12923.5;0.0
yf_BGS_d1;36100;ASH_COATED_OSMIUM;9934;18;9931;25;;;9941;9;9945;18;;;9937.5;0.0
yf_BGS_d1;36100;INTARIAN_PEPPER_ROOT;12921;12;12918;18;;;12927;7;12930;11;;;12924.0;0.0
yf_BGS_d1;36200;ASH_COATED_OSMIUM;9935;19;9931;12;;;9941;16;9945;26;;;9938.0;0.0
yf_BGS_d1;36200;INTARIAN_PEPPER_ROOT;12922;5;12919;13;;;12928;28;12932;26;;;12925.0;0.0
yf_BGS_d1;36300;ASH_COATED_OSMIUM;9935;8;9931;14;;;9941;6;9943;17;;;9938.0;0.0
yf_BGS_d1;36300;INTARIAN_PEPPER_ROOT;12918;18;12915;23;;;12933;13;12937;17;;;12925.5;0.0
yf_BGS_d1;36400;ASH_COATED_OSMIUM;9934;6;9932;16;;;9940;13;9942;19;;;9937.0;0.0
yf_BGS_d1;36400;INTARIAN_PEPPER_ROOT;12923;17;12921;22;;;12929;18;12931;23;;;12926.0;0.0
yf_BGS_d1;36500;ASH_COATED_OSMIUM;9934;23;9932;25;;;9940;19;9942;21;;;9937.0;0.0
yf_BGS_d1;36500;INTARIAN_PEPPER_ROOT;12923;9;12921;13;;;12929;24;12932;18;;;12926.0;0.0
yf_BGS_d1;36600;ASH_COATED_OSMIUM;9930;17;9927;18;;;9945;19;9948;27;;;9937.5;0.0
yf_BGS_d1;36600;INTARIAN_PEPPER_ROOT;12924;12;12922;24;;;12930;8;12933;24;;;12927.0;0.0
yf_BGS_d1;36700;ASH_COATED_OSMIUM;9936;16;9932;22;;;9942;22;9946;20;;;9939.0;0.0
yf_BGS_d1;36700;INTARIAN_PEPPER_ROOT;12924;20;12922;23;;;12930;15;12932;16;;;12927.0;0.0
yf_BGS_d1;36800;ASH_COATED_OSMIUM;9932;12;9928;21;;;9944;13;9946;16;;;9938.0;0.0
yf_BGS_d1;36800;INTARIAN_PEPPER_ROOT;12925;14;12923;20;;;12931;6;12934;15;;;12928.0;0.0
yf_BGS_d1;36900;ASH_COATED_OSMIUM;9935;11;9932;27;;;9941;13;9945;18;;;9938.0;0.0
yf_BGS_d1;36900;INTARIAN_PEPPER_ROOT;12925;10;12922;13;;;12931;15;12935;21;;;12928.0;0.0
yf_BGS_d1;37000;ASH_COATED_OSMIUM;9935;12;9932;23;;;9941;19;9945;21;;;9938.0;0.0
yf_BGS_d1;37000;INTARIAN_PEPPER_ROOT;12926;10;12924;22;;;12932;14;12936;17;;;12929.0;0.0
yf_BGS_d1;37100;ASH_COATED_OSMIUM;9936;14;9932;23;;;9942;12;9944;31;;;9939.0;0.0
yf_BGS_d1;37100;INTARIAN_PEPPER_ROOT;12905;13;12903;13;;;12954;10;12956;15;;;12929.5;0.0
yf_BGS_d1;37200;ASH_COATED_OSMIUM;9918;13;9916;13;;;9960;14;9963;23;;;9939.0;0.0
yf_BGS_d1;37200;INTARIAN_PEPPER_ROOT;12927;12;12925;19;;;12933;14;12935;10;;;12930.0;0.0
yf_BGS_d1;37300;ASH_COATED_OSMIUM;9936;15;9933;18;;;9942;16;9944;21;;;9939.0;0.0
yf_BGS_d1;37300;INTARIAN_PEPPER_ROOT;12924;11;12922;20;;;12935;21;12938;16;;;12929.5;0.0
yf_BGS_d1;37400;ASH_COATED_OSMIUM;9936;19;9933;21;;;9942;9;9946;24;;;9939.0;0.0
yf_BGS_d1;37400;INTARIAN_PEPPER_ROOT;12927;8;12925;26;;;12933;20;12935;20;;;12930.0;0.0
yf_BGS_d1;37500;ASH_COATED_OSMIUM;9936;24;9934;21;;;9942;12;9945;17;;;9939.0;0.0
yf_BGS_d1;37500;INTARIAN_PEPPER_ROOT;12928;7;12926;13;;;12935;13;12938;32;;;12931.5;0.0
yf_BGS_d1;37600;ASH_COATED_OSMIUM;9927;13;9925;27;;;9952;12;9954;12;;;9939.5;0.0
yf_BGS_d1;37600;INTARIAN_PEPPER_ROOT;12929;14;12925;21;;;12935;9;12938;9;;;12932.0;0.0
yf_BGS_d1;37700;ASH_COATED_OSMIUM;9936;6;9933;22;;;9942;10;9946;16;;;9939.0;0.0
yf_BGS_d1;37700;INTARIAN_PEPPER_ROOT;12930;9;12926;14;;;12936;16;12939;26;;;12933.0;0.0
yf_BGS_d1;37800;ASH_COATED_OSMIUM;9934;25;9932;16;;;9944;21;9946;33;;;9939.0;0.0
yf_BGS_d1;37800;INTARIAN_PEPPER_ROOT;12930;14;12928;17;;;12936;11;12940;17;;;12933.0;0.0
yf_BGS_d1;37900;ASH_COATED_OSMIUM;9934;5;9931;15;;;9945;11;9947;18;;;9939.5;0.0
yf_BGS_d1;37900;INTARIAN_PEPPER_ROOT;12929;16;12927;20;;;12935;9;12939;23;;;12932.0;0.0
yf_BGS_d1;38000;ASH_COATED_OSMIUM;9936;15;9934;17;;;9942;16;9945;24;;;9939.0;0.0
yf_BGS_d1;38000;INTARIAN_PEPPER_ROOT;12931;18;12929;13;;;12938;23;12940;19;;;12934.5;0.0
yf_BGS_d1;38100;ASH_COATED_OSMIUM;9936;12;9934;21;;;9942;7;9945;20;;;9939.0;0.0
yf_BGS_d1;38100;INTARIAN_PEPPER_ROOT;12931;16;12927;18;;;12937;13;12939;19;;;12934.0;0.0
yf_BGS_d1;38200;ASH_COATED_OSMIUM;9932;10;9928;20;;;9947;18;9949;27;;;9939.5;0.0
yf_BGS_d1;38200;INTARIAN_PEPPER_ROOT;12931;10;12929;17;;;12940;11;12942;19;;;12935.5;0.0
yf_BGS_d1;38300;ASH_COATED_OSMIUM;9932;17;9930;16;;;9947;13;9950;20;;;9939.5;0.0
yf_BGS_d1;38300;INTARIAN_PEPPER_ROOT;12932;13;12930;25;;;12938;6;12942;14;;;12935.0;0.0
yf_BGS_d1;38400;ASH_COATED_OSMIUM;9936;11;9934;18;;;9942;16;9944;24;;;9939.0;0.0
yf_BGS_d1;38400;INTARIAN_PEPPER_ROOT;12930;15;12927;21;;;12943;14;12947;16;;;12936.5;0.0
yf_BGS_d1;38500;ASH_COATED_OSMIUM;9937;8;9934;8;;;9943;22;9945;24;;;9940.0;0.0
yf_BGS_d1;38500;INTARIAN_PEPPER_ROOT;12934;9;12930;31;;;12940;5;12944;17;;;12937.0;0.0
yf_BGS_d1;38600;ASH_COATED_OSMIUM;9937;14;9933;17;;;9943;11;9946;25;;;9940.0;0.0
yf_BGS_d1;38600;INTARIAN_PEPPER_ROOT;12933;22;12929;21;;;12939;10;12943;28;;;12936.0;0.0
yf_BGS_d1;38700;ASH_COATED_OSMIUM;9936;10;9933;19;;;9946;9;9949;24;;;9941.0;0.0
yf_BGS_d1;38700;INTARIAN_PEPPER_ROOT;12934;15;12932;17;;;12940;18;12943;10;;;12937.0;0.0
yf_BGS_d1;38800;ASH_COATED_OSMIUM;9938;13;9934;8;;;9944;15;9947;18;;;9941.0;0.0
yf_BGS_d1;38800;INTARIAN_PEPPER_ROOT;12935;17;12932;28;;;12941;15;12944;24;;;12938.0;0.0
yf_BGS_d1;38900;ASH_COATED_OSMIUM;9938;21;9934;18;;;9944;10;9946;18;;;9941.0;0.0
yf_BGS_d1;38900;INTARIAN_PEPPER_ROOT;12934;14;12931;17;;;12944;18;12946;24;;;12939.0;0.0
yf_BGS_d1;39000;ASH_COATED_OSMIUM;9935;23;9933;13;;;9945;15;9949;19;;;9940.0;0.0
yf_BGS_d1;39000;INTARIAN_PEPPER_ROOT;12936;19;12934;24;;;12942;14;12944;23;;;12939.0;0.0
yf_BGS_d1;39100;ASH_COATED_OSMIUM;9934;7;9932;21;;;9947;5;9951;17;;;9940.5;0.0
yf_BGS_d1;39100;INTARIAN_PEPPER_ROOT;12936;22;12933;16;;;12943;16;12945;21;;;12939.5;0.0
yf_BGS_d1;39200;ASH_COATED_OSMIUM;9938;10;9936;18;;;9944;8;9947;21;;;9941.0;0.0
yf_BGS_d1;39200;INTARIAN_PEPPER_ROOT;12935;9;12931;23;;;12945;25;12948;34;;;12940.0;0.0
yf_BGS_d1;39300;ASH_COATED_OSMIUM;9931;24;9927;15;;;9951;17;9954;15;;;9941.0;0.0
yf_BGS_d1;39300;INTARIAN_PEPPER_ROOT;12938;14;12935;22;;;12944;13;12947;23;;;12941.0;0.0
yf_BGS_d1;39400;ASH_COATED_OSMIUM;9937;22;9933;16;;;9945;12;9948;21;;;9941.0;0.0
yf_BGS_d1;39400;INTARIAN_PEPPER_ROOT;12937;13;12933;22;;;12946;13;12950;25;;;12941.5;0.0
yf_BGS_d1;39500;ASH_COATED_OSMIUM;9938;13;9934;16;;;9945;11;9947;15;;;9941.5;0.0
yf_BGS_d1;39500;INTARIAN_PEPPER_ROOT;12938;18;12935;20;;;12944;19;12946;24;;;12941.0;0.0
yf_BGS_d1;39600;ASH_COATED_OSMIUM;9933;30;9930;14;;;9948;14;9951;20;;;9940.5;0.0
yf_BGS_d1;39600;INTARIAN_PEPPER_ROOT;12938;14;12936;25;;;12944;15;12947;31;;;12941.0;0.0
yf_BGS_d1;39700;ASH_COATED_OSMIUM;9938;16;9934;17;;;9944;5;9947;23;;;9941.0;0.0
yf_BGS_d1;39700;INTARIAN_PEPPER_ROOT;12929;5;12927;16;;;12957;17;12959;15;;;12943.0;0.0
yf_BGS_d1;39800;ASH_COATED_OSMIUM;9939;12;9935;18;;;9945;19;9947;17;;;9942.0;0.0
yf_BGS_d1;39800;INTARIAN_PEPPER_ROOT;12937;10;12934;18;;;12949;20;12951;10;;;12943.0;0.0
yf_BGS_d1;39900;ASH_COATED_OSMIUM;9939;15;9936;16;;;9945;7;9948;25;;;9942.0;0.0
yf_BGS_d1;39900;INTARIAN_PEPPER_ROOT;12941;15;12939;14;;;12947;10;12951;21;;;12944.0;0.0
yf_BGS_d1;40000;ASH_COATED_OSMIUM;9935;12;9931;22;;;9948;7;9951;15;;;9941.5;0.0
yf_BGS_d1;40000;INTARIAN_PEPPER_ROOT;12941;13;12938;15;;;12947;9;12950;22;;;12944.0;0.0
yf_BGS_d1;40100;ASH_COATED_OSMIUM;9937;9;9933;26;;;9945;10;9949;19;;;9941.0;0.0
yf_BGS_d1;40100;INTARIAN_PEPPER_ROOT;12941;14;12939;15;;;12947;22;12950;23;;;12944.0;0.0
yf_BGS_d1;40200;ASH_COATED_OSMIUM;9937;19;9935;29;;;9947;14;9950;24;;;9942.0;0.0
yf_BGS_d1;40200;INTARIAN_PEPPER_ROOT;12942;12;12938;18;;;12948;6;12950;20;;;12945.0;0.0
yf_BGS_d1;40300;ASH_COATED_OSMIUM;9939;15;9935;19;;;9945;25;9948;25;;;9942.0;0.0
yf_BGS_d1;40300;INTARIAN_PEPPER_ROOT;12943;23;12940;11;;;12949;19;12951;9;;;12946.0;0.0
yf_BGS_d1;40400;ASH_COATED_OSMIUM;9939;25;9937;25;;;9945;6;9947;21;;;9942.0;0.0
yf_BGS_d1;40400;INTARIAN_PEPPER_ROOT;12943;23;12940;26;;;12949;17;12953;16;;;12946.0;0.0
yf_BGS_d1;40500;ASH_COATED_OSMIUM;9939;13;9936;19;;;9945;6;9949;31;;;9942.0;0.0
yf_BGS_d1;40500;INTARIAN_PEPPER_ROOT;12932;22;12930;17;;;12961;18;12964;24;;;12946.5;0.0
yf_BGS_d1;40600;ASH_COATED_OSMIUM;9939;17;9936;26;;;9945;25;9949;27;;;9942.0;0.0
yf_BGS_d1;40600;INTARIAN_PEPPER_ROOT;12944;23;12942;8;;;12950;16;12954;13;;;12947.0;0.0
yf_BGS_d1;40700;ASH_COATED_OSMIUM;9940;13;9937;18;;;9946;24;9948;19;;;9943.0;0.0
yf_BGS_d1;40700;INTARIAN_PEPPER_ROOT;12938;14;12936;17;;;12958;11;12961;14;;;12948.0;0.0
yf_BGS_d1;40800;ASH_COATED_OSMIUM;9933;16;9929;11;;;9953;22;9957;27;;;9943.0;0.0
yf_BGS_d1;40800;INTARIAN_PEPPER_ROOT;12945;13;12942;21;;;12951;13;12955;13;;;12948.0;0.0
yf_BGS_d1;40900;ASH_COATED_OSMIUM;9939;15;9937;17;;;9945;21;9948;13;;;9942.0;0.0
yf_BGS_d1;40900;INTARIAN_PEPPER_ROOT;12944;17;12940;22;;;12953;6;12957;19;;;12948.5;0.0
yf_BGS_d1;41000;ASH_COATED_OSMIUM;9932;18;9929;18;;;9953;14;9957;21;;;9942.5;0.0
yf_BGS_d1;41000;INTARIAN_PEPPER_ROOT;12947;6;12943;27;;;12953;18;12957;29;;;12950.0;0.0
yf_BGS_d1;41100;ASH_COATED_OSMIUM;9940;16;9936;19;;;9946;17;9948;19;;;9943.0;0.0
yf_BGS_d1;41100;INTARIAN_PEPPER_ROOT;12947;12;12943;16;;;12953;6;12956;25;;;12950.0;0.0
yf_BGS_d1;41200;ASH_COATED_OSMIUM;9940;5;9938;24;;;9946;9;9950;23;;;9943.0;0.0
yf_BGS_d1;41200;INTARIAN_PEPPER_ROOT;12946;15;12942;17;;;12955;21;12959;22;;;12950.5;0.0
yf_BGS_d1;41300;ASH_COATED_OSMIUM;9941;19;9938;21;;;9947;16;9951;18;;;9944.0;0.0
yf_BGS_d1;41300;INTARIAN_PEPPER_ROOT;12948;17;12945;18;;;12954;11;12958;22;;;12951.0;0.0
yf_BGS_d1;41400;ASH_COATED_OSMIUM;9940;11;9937;25;;;9946;16;9950;26;;;9943.0;0.0
yf_BGS_d1;41400;INTARIAN_PEPPER_ROOT;12948;13;12946;14;;;12955;14;12958;18;;;12951.5;0.0
yf_BGS_d1;41500;ASH_COATED_OSMIUM;9940;23;9937;18;;;9946;13;9950;13;;;9943.0;0.0
yf_BGS_d1;41500;INTARIAN_PEPPER_ROOT;12949;13;12946;26;;;12955;15;12958;15;;;12952.0;0.0
yf_BGS_d1;41600;ASH_COATED_OSMIUM;9939;12;9935;27;;;9948;21;9950;10;;;9943.5;0.0
yf_BGS_d1;41600;INTARIAN_PEPPER_ROOT;12947;9;12944;21;;;12957;15;12959;25;;;12952.0;0.0
yf_BGS_d1;41700;ASH_COATED_OSMIUM;9941;17;9939;19;;;9947;8;9951;18;;;9944.0;0.0
yf_BGS_d1;41700;INTARIAN_PEPPER_ROOT;12942;7;12940;32;;;12963;19;12967;23;;;12952.5;0.0
yf_BGS_d1;41800;ASH_COATED_OSMIUM;9938;11;9935;18;;;9950;8;9953;19;;;9944.0;0.0
yf_BGS_d1;41800;INTARIAN_PEPPER_ROOT;12950;17;12946;15;;;12956;7;12959;20;;;12953.0;0.0
yf_BGS_d1;41900;ASH_COATED_OSMIUM;9940;9;9938;13;;;9946;14;9948;11;;;9943.0;0.0
yf_BGS_d1;41900;INTARIAN_PEPPER_ROOT;12951;7;12949;22;;;12957;18;12961;23;;;12954.0;0.0
yf_BGS_d1;42000;ASH_COATED_OSMIUM;9935;11;9932;18;;;9953;13;9956;15;;;9944.0;0.0
yf_BGS_d1;42000;INTARIAN_PEPPER_ROOT;12941;10;12939;20;;;12966;28;12970;21;;;12953.5;0.0
yf_BGS_d1;42100;ASH_COATED_OSMIUM;9940;7;9936;20;;;9947;19;9951;18;;;9943.5;0.0
yf_BGS_d1;42100;INTARIAN_PEPPER_ROOT;12951;8;12947;13;;;12957;17;12960;29;;;12954.0;0.0
yf_BGS_d1;42200;ASH_COATED_OSMIUM;9931;12;9927;19;;;9957;22;9959;19;;;9944.0;0.0
yf_BGS_d1;42200;INTARIAN_PEPPER_ROOT;12953;17;12950;13;;;12959;12;12962;19;;;12956.0;0.0
yf_BGS_d1;42300;ASH_COATED_OSMIUM;9937;18;9933;14;;;9951;15;9953;20;;;9944.0;0.0
yf_BGS_d1;42300;INTARIAN_PEPPER_ROOT;12953;21;12949;12;;;12959;7;12961;14;;;12956.0;0.0
yf_BGS_d1;42400;ASH_COATED_OSMIUM;9941;11;9938;25;;;9947;19;9950;18;;;9944.0;0.0
yf_BGS_d1;42400;INTARIAN_PEPPER_ROOT;12953;15;12949;20;;;12959;24;12963;20;;;12956.0;0.0
yf_BGS_d1;42500;ASH_COATED_OSMIUM;9940;17;9936;24;;;9949;11;9951;21;;;9944.5;0.0
yf_BGS_d1;42500;INTARIAN_PEPPER_ROOT;12950;9;12948;28;;;12963;17;12965;22;;;12956.5;0.0
yf_BGS_d1;42600;ASH_COATED_OSMIUM;9941;22;9937;23;;;9947;9;9950;18;;;9944.0;0.0
yf_BGS_d1;42600;INTARIAN_PEPPER_ROOT;12955;13;12953;27;;;12961;15;12964;17;;;12958.0;0.0
yf_BGS_d1;42700;ASH_COATED_OSMIUM;9928;13;9926;16;;;9961;5;9963;14;;;9944.5;0.0
yf_BGS_d1;42700;INTARIAN_PEPPER_ROOT;12955;7;12952;30;;;12962;12;12965;13;;;12958.5;0.0
yf_BGS_d1;42800;ASH_COATED_OSMIUM;9941;7;9938;20;;;9947;11;9949;19;;;9944.0;0.0
yf_BGS_d1;42800;INTARIAN_PEPPER_ROOT;12954;10;12951;27;;;12962;15;12966;16;;;12958.0;0.0
yf_BGS_d1;42900;ASH_COATED_OSMIUM;9942;13;9939;13;;;9948;15;9952;11;;;9945.0;0.0
yf_BGS_d1;42900;INTARIAN_PEPPER_ROOT;12951;12;12947;22;;;12967;12;12971;35;;;12959.0;0.0
yf_BGS_d1;43000;ASH_COATED_OSMIUM;9941;20;9937;22;;;9949;9;9951;18;;;9945.0;0.0
yf_BGS_d1;43000;INTARIAN_PEPPER_ROOT;12951;24;12948;25;;;12968;16;12972;17;;;12959.5;0.0
yf_BGS_d1;43100;ASH_COATED_OSMIUM;9941;15;9937;27;;;9949;24;9951;32;;;9945.0;0.0
yf_BGS_d1;43100;INTARIAN_PEPPER_ROOT;12957;16;12955;18;;;12963;14;12966;17;;;12960.0;0.0
yf_BGS_d1;43200;ASH_COATED_OSMIUM;9938;17;9934;17;;;9951;17;9955;22;;;9944.5;0.0
yf_BGS_d1;43200;INTARIAN_PEPPER_ROOT;12958;20;12954;23;;;12964;8;12966;22;;;12961.0;0.0
yf_BGS_d1;43300;ASH_COATED_OSMIUM;9942;15;9940;23;;;9948;17;9951;25;;;9945.0;0.0
yf_BGS_d1;43300;INTARIAN_PEPPER_ROOT;12958;8;12954;22;;;12964;14;12967;13;;;12961.0;0.0
yf_BGS_d1;43400;ASH_COATED_OSMIUM;9941;15;9939;26;;;9950;12;9953;26;;;9945.5;0.0
yf_BGS_d1;43400;INTARIAN_PEPPER_ROOT;12955;19;12951;23;;;12968;15;12972;23;;;12961.5;0.0
yf_BGS_d1;43500;ASH_COATED_OSMIUM;9941;17;9937;33;;;9949;16;9951;26;;;9945.0;0.0
yf_BGS_d1;43500;INTARIAN_PEPPER_ROOT;12960;19;12958;15;;;12966;17;12970;14;;;12963.0;0.0
yf_BGS_d1;43600;ASH_COATED_OSMIUM;9943;6;9939;18;;;9949;13;9951;17;;;9946.0;0.0
yf_BGS_d1;43600;INTARIAN_PEPPER_ROOT;12952;13;12949;12;;;12971;17;12973;24;;;12961.5;0.0
yf_BGS_d1;43700;ASH_COATED_OSMIUM;9942;6;9939;24;;;9948;20;9950;24;;;9945.0;0.0
yf_BGS_d1;43700;INTARIAN_PEPPER_ROOT;12956;6;12953;18;;;12972;10;12975;23;;;12964.0;0.0
yf_BGS_d1;43800;ASH_COATED_OSMIUM;9943;16;9941;15;;;9949;12;9951;27;;;9946.0;0.0
yf_BGS_d1;43800;INTARIAN_PEPPER_ROOT;12954;15;12952;20;;;12973;13;12977;9;;;12963.5;0.0
yf_BGS_d1;43900;ASH_COATED_OSMIUM;9943;18;9941;8;;;9949;18;9951;17;;;9946.0;0.0
yf_BGS_d1;43900;INTARIAN_PEPPER_ROOT;12954;14;12952;10;;;12973;22;12977;21;;;12963.5;0.0
yf_BGS_d1;44000;ASH_COATED_OSMIUM;9939;17;9936;13;;;9952;21;9956;24;;;9945.5;0.0
yf_BGS_d1;44000;INTARIAN_PEPPER_ROOT;12961;13;12958;22;;;12967;12;12969;23;;;12964.0;0.0
yf_BGS_d1;44100;ASH_COATED_OSMIUM;9943;11;9940;27;;;9949;11;9951;17;;;9946.0;0.0
yf_BGS_d1;44100;INTARIAN_PEPPER_ROOT;12962;13;12960;24;;;12968;5;12971;21;;;12965.0;0.0
yf_BGS_d1;44200;ASH_COATED_OSMIUM;9943;11;9939;13;;;9949;10;9953;15;;;9946.0;0.0
yf_BGS_d1;44200;INTARIAN_PEPPER_ROOT;12963;12;12960;13;;;12969;12;12971;19;;;12966.0;0.0
yf_BGS_d1;44300;ASH_COATED_OSMIUM;9941;17;9939;17;;;9951;18;9955;22;;;9946.0;0.0
yf_BGS_d1;44300;INTARIAN_PEPPER_ROOT;12963;17;12959;8;;;12969;24;12972;14;;;12966.0;0.0
yf_BGS_d1;44400;ASH_COATED_OSMIUM;9944;17;9942;24;;;9950;16;9954;13;;;9947.0;0.0
yf_BGS_d1;44400;INTARIAN_PEPPER_ROOT;12963;5;12960;25;;;12969;22;12972;14;;;12966.0;0.0
yf_BGS_d1;44500;ASH_COATED_OSMIUM;9942;16;9939;31;;;9948;10;9951;21;;;9945.0;0.0
yf_BGS_d1;44500;INTARIAN_PEPPER_ROOT;12964;21;12961;14;;;12970;8;12973;26;;;12967.0;0.0
yf_BGS_d1;44600;ASH_COATED_OSMIUM;9940;12;9937;19;;;9952;18;9955;18;;;9946.0;0.0
yf_BGS_d1;44600;INTARIAN_PEPPER_ROOT;12958;15;12956;18;;;12977;13;12980;21;;;12967.5;0.0
yf_BGS_d1;44700;ASH_COATED_OSMIUM;9944;26;9941;19;;;9950;10;9954;19;;;9947.0;0.0
yf_BGS_d1;44700;INTARIAN_PEPPER_ROOT;12959;13;12957;13;;;12977;16;12979;22;;;12968.0;0.0
yf_BGS_d1;44800;ASH_COATED_OSMIUM;9941;11;9937;19;;;9953;25;9956;19;;;9947.0;0.0
yf_BGS_d1;44800;INTARIAN_PEPPER_ROOT;12964;5;12961;26;;;12973;14;12977;15;;;12968.5;0.0
yf_BGS_d1;44900;ASH_COATED_OSMIUM;9944;9;9940;20;;;9950;6;9953;17;;;9947.0;0.0
yf_BGS_d1;44900;INTARIAN_PEPPER_ROOT;12966;13;12963;23;;;12973;13;12976;21;;;12969.5;0.0
yf_BGS_d1;45000;ASH_COATED_OSMIUM;9945;18;9942;11;;;9951;16;9954;16;;;9948.0;0.0
yf_BGS_d1;45000;INTARIAN_PEPPER_ROOT;12967;19;12965;23;;;12973;9;12975;25;;;12970.0;0.0
yf_BGS_d1;45100;ASH_COATED_OSMIUM;9944;13;9941;20;;;9950;17;9953;28;;;9947.0;0.0
yf_BGS_d1;45100;INTARIAN_PEPPER_ROOT;12967;20;12964;18;;;12973;11;12977;14;;;12970.0;0.0
yf_BGS_d1;45200;ASH_COATED_OSMIUM;9927;14;9924;22;;;9968;20;9970;20;;;9947.5;0.0
yf_BGS_d1;45200;INTARIAN_PEPPER_ROOT;12968;5;12965;20;;;12974;15;12978;21;;;12971.0;0.0
yf_BGS_d1;45300;ASH_COATED_OSMIUM;9943;8;9941;16;;;9949;15;9952;17;;;9946.0;0.0
yf_BGS_d1;45300;INTARIAN_PEPPER_ROOT;12968;15;12965;16;;;12974;18;12976;8;;;12971.0;0.0
yf_BGS_d1;45400;ASH_COATED_OSMIUM;9944;15;9941;19;;;9950;17;9953;24;;;9947.0;0.0
yf_BGS_d1;45400;INTARIAN_PEPPER_ROOT;12955;21;12953;22;;;12988;18;12992;26;;;12971.5;0.0
yf_BGS_d1;45500;ASH_COATED_OSMIUM;9944;13;9942;21;;;9950;18;9954;24;;;9947.0;0.0
yf_BGS_d1;45500;INTARIAN_PEPPER_ROOT;12965;27;12961;19;;;12979;10;12981;26;;;12972.0;0.0
yf_BGS_d1;45600;ASH_COATED_OSMIUM;9945;9;9941;23;;;9951;12;9954;16;;;9948.0;0.0
yf_BGS_d1;45600;INTARIAN_PEPPER_ROOT;12970;11;12967;21;;;12976;15;12980;16;;;12973.0;0.0
yf_BGS_d1;45700;ASH_COATED_OSMIUM;9943;14;9940;21;;;9953;12;9955;20;;;9948.0;0.0
yf_BGS_d1;45700;INTARIAN_PEPPER_ROOT;12968;23;12964;19;;;12979;25;12981;12;;;12973.5;0.0
yf_BGS_d1;45800;ASH_COATED_OSMIUM;9945;20;9942;11;;;9951;24;9954;8;;;9948.0;0.0
yf_BGS_d1;45800;INTARIAN_PEPPER_ROOT;12966;10;12963;19;;;12981;13;12985;25;;;12973.5;0.0
yf_BGS_d1;45900;ASH_COATED_OSMIUM;9945;13;9943;19;;;9951;16;9955;24;;;9948.0;0.0
yf_BGS_d1;45900;INTARIAN_PEPPER_ROOT;12970;22;12968;18;;;12980;8;12982;21;;;12975.0;0.0
yf_BGS_d1;46000;ASH_COATED_OSMIUM;9945;13;9941;21;;;9951;16;9954;8;;;9948.0;0.0
yf_BGS_d1;46000;INTARIAN_PEPPER_ROOT;12972;16;12969;9;;;12978;5;12981;16;;;12975.0;0.0
yf_BGS_d1;46100;ASH_COATED_OSMIUM;9945;11;9941;25;;;9951;14;9955;17;;;9948.0;0.0
yf_BGS_d1;46100;INTARIAN_PEPPER_ROOT;12972;18;12969;18;;;12978;23;12980;21;;;12975.0;0.0
yf_BGS_d1;46200;ASH_COATED_OSMIUM;9946;12;9944;22;;;9952;15;9956;21;;;9949.0;0.0
yf_BGS_d1;46200;INTARIAN_PEPPER_ROOT;12972;19;12970;21;;;12980;14;12984;24;;;12976.0;0.0
yf_BGS_d1;46300;ASH_COATED_OSMIUM;9945;17;9943;21;;;9951;27;9955;17;;;9948.0;0.0
yf_BGS_d1;46300;INTARIAN_PEPPER_ROOT;12973;6;12970;23;;;12979;7;12981;21;;;12976.0;0.0
yf_BGS_d1;46400;ASH_COATED_OSMIUM;9946;17;9942;24;;;9952;23;9956;17;;;9949.0;0.0
yf_BGS_d1;46400;INTARIAN_PEPPER_ROOT;12974;5;12972;26;;;12980;15;12982;21;;;12977.0;0.0
yf_BGS_d1;46500;ASH_COATED_OSMIUM;9938;21;9936;12;;;9958;19;9960;14;;;9948.0;0.0
yf_BGS_d1;46500;INTARIAN_PEPPER_ROOT;12974;11;12972;27;;;12980;12;12984;17;;;12977.0;0.0
yf_BGS_d1;46600;ASH_COATED_OSMIUM;9942;19;9938;18;;;9956;21;9960;27;;;9949.0;0.0
yf_BGS_d1;46600;INTARIAN_PEPPER_ROOT;12974;12;12972;15;;;12980;17;12982;20;;;12977.0;0.0
yf_BGS_d1;46700;ASH_COATED_OSMIUM;9939;5;9935;21;;;9957;12;9959;27;;;9948.0;0.0
yf_BGS_d1;46700;INTARIAN_PEPPER_ROOT;12975;11;12973;22;;;12981;10;12984;8;;;12978.0;0.0
yf_BGS_d1;46800;ASH_COATED_OSMIUM;9945;14;9941;13;;;9953;21;9955;26;;;9949.0;0.0
yf_BGS_d1;46800;INTARIAN_PEPPER_ROOT;12976;14;12972;24;;;12982;22;12986;12;;;12979.0;0.0
yf_BGS_d1;46900;ASH_COATED_OSMIUM;9946;7;9942;14;;;9954;10;9958;17;;;9950.0;0.0
yf_BGS_d1;46900;INTARIAN_PEPPER_ROOT;12977;15;12975;16;;;12983;20;12986;18;;;12980.0;0.0
yf_BGS_d1;47000;ASH_COATED_OSMIUM;9945;10;9941;14;;;9955;15;9957;20;;;9950.0;0.0
yf_BGS_d1;47000;INTARIAN_PEPPER_ROOT;12977;9;12973;22;;;12983;16;12985;26;;;12980.0;0.0
yf_BGS_d1;47100;ASH_COATED_OSMIUM;9946;12;9944;20;;;9952;14;9956;22;;;9949.0;0.0
yf_BGS_d1;47100;INTARIAN_PEPPER_ROOT;12976;17;12972;21;;;12984;18;12987;22;;;12980.0;0.0
yf_BGS_d1;47200;ASH_COATED_OSMIUM;9946;28;9942;12;;;9952;13;9956;15;;;9949.0;0.0
yf_BGS_d1;47200;INTARIAN_PEPPER_ROOT;12978;14;12975;17;;;12986;17;12990;21;;;12982.0;0.0
yf_BGS_d1;47300;ASH_COATED_OSMIUM;9946;16;9944;21;;;9952;5;9955;11;;;9949.0;0.0
yf_BGS_d1;47300;INTARIAN_PEPPER_ROOT;12974;11;12972;28;;;12989;17;12993;30;;;12981.5;0.0
yf_BGS_d1;47400;ASH_COATED_OSMIUM;9946;13;9944;16;;;9952;18;9955;17;;;9949.0;0.0
yf_BGS_d1;47400;INTARIAN_PEPPER_ROOT;12979;11;12977;34;;;12985;15;12987;19;;;12982.0;0.0
yf_BGS_d1;47500;ASH_COATED_OSMIUM;9945;5;9941;23;;;9955;18;9957;15;;;9950.0;0.0
yf_BGS_d1;47500;INTARIAN_PEPPER_ROOT;12979;19;12975;21;;;12985;10;12988;19;;;12982.0;0.0
yf_BGS_d1;47600;ASH_COATED_OSMIUM;9948;25;9945;12;;;9954;24;9958;20;;;9951.0;0.0
yf_BGS_d1;47600;INTARIAN_PEPPER_ROOT;12980;28;12978;25;;;12986;13;12989;15;;;12983.0;0.0
yf_BGS_d1;47700;ASH_COATED_OSMIUM;9947;10;9945;24;;;9953;13;9957;14;;;9950.0;0.0
yf_BGS_d1;47700;INTARIAN_PEPPER_ROOT;12978;6;12976;17;;;12989;17;12991;11;;;12983.5;0.0
yf_BGS_d1;47800;ASH_COATED_OSMIUM;9947;14;9944;15;;;9953;13;9956;18;;;9950.0;0.0
yf_BGS_d1;47800;INTARIAN_PEPPER_ROOT;12981;18;12978;20;;;12987;13;12990;17;;;12984.0;0.0
yf_BGS_d1;47900;ASH_COATED_OSMIUM;9947;16;9944;15;;;9953;8;9957;11;;;9950.0;0.0
yf_BGS_d1;47900;INTARIAN_PEPPER_ROOT;12982;10;12980;19;;;12988;15;12991;19;;;12985.0;0.0
yf_BGS_d1;48000;ASH_COATED_OSMIUM;9943;15;9939;27;;;9958;14;9960;18;;;9950.5;0.0
yf_BGS_d1;48000;INTARIAN_PEPPER_ROOT;12983;12;12980;17;;;12989;20;12992;21;;;12986.0;0.0
yf_BGS_d1;48100;ASH_COATED_OSMIUM;9948;15;9945;8;;;9954;14;9957;17;;;9951.0;0.0
yf_BGS_d1;48100;INTARIAN_PEPPER_ROOT;12982;16;12980;19;;;12990;14;12992;20;;;12986.0;0.0
yf_BGS_d1;48200;ASH_COATED_OSMIUM;9947;14;9943;19;;;9953;6;9957;21;;;9950.0;0.0
yf_BGS_d1;48200;INTARIAN_PEPPER_ROOT;12981;10;12979;19;;;12991;9;12993;18;;;12986.0;0.0
yf_BGS_d1;48300;ASH_COATED_OSMIUM;9945;7;9942;25;;;9955;19;9958;23;;;9950.0;0.0
yf_BGS_d1;48300;INTARIAN_PEPPER_ROOT;12974;22;12972;24;;;12998;14;13002;16;;;12986.0;0.0
yf_BGS_d1;48400;ASH_COATED_OSMIUM;9947;19;9944;19;;;9954;10;9958;14;;;9950.5;0.0
yf_BGS_d1;48400;INTARIAN_PEPPER_ROOT;12984;6;12982;20;;;12990;5;12993;27;;;12987.0;0.0
yf_BGS_d1;48500;ASH_COATED_OSMIUM;9949;17;9947;16;;;9955;15;9957;24;;;9952.0;0.0
yf_BGS_d1;48500;INTARIAN_PEPPER_ROOT;12980;6;12978;23;;;12996;16;13000;21;;;12988.0;0.0
yf_BGS_d1;48600;ASH_COATED_OSMIUM;9948;11;9946;16;;;9954;12;9957;20;;;9951.0;0.0
yf_BGS_d1;48600;INTARIAN_PEPPER_ROOT;12985;26;12983;18;;;12991;15;12993;18;;;12988.0;0.0
yf_BGS_d1;48700;ASH_COATED_OSMIUM;9948;16;9945;8;;;9954;13;9958;24;;;9951.0;0.0
yf_BGS_d1;48700;INTARIAN_PEPPER_ROOT;12986;10;12982;23;;;12992;18;12996;21;;;12989.0;0.0
yf_BGS_d1;48800;ASH_COATED_OSMIUM;9945;8;9943;12;;;9958;27;9961;13;;;9951.5;0.0
yf_BGS_d1;48800;INTARIAN_PEPPER_ROOT;12986;11;12983;24;;;12992;18;12994;12;;;12989.0;0.0
yf_BGS_d1;48900;ASH_COATED_OSMIUM;9948;11;9946;12;;;9954;13;9958;28;;;9951.0;0.0
yf_BGS_d1;48900;INTARIAN_PEPPER_ROOT;12980;11;12978;18;;;13000;9;13004;14;;;12990.0;0.0
yf_BGS_d1;49000;ASH_COATED_OSMIUM;9948;14;9946;21;;;9954;11;9956;16;;;9951.0;0.0
yf_BGS_d1;49000;INTARIAN_PEPPER_ROOT;12987;11;12985;19;;;12993;23;12995;34;;;12990.0;0.0
yf_BGS_d1;49100;ASH_COATED_OSMIUM;9940;23;9936;26;;;9963;11;9967;19;;;9951.5;0.0
yf_BGS_d1;49100;INTARIAN_PEPPER_ROOT;12986;13;12982;31;;;12995;16;12998;25;;;12990.5;0.0
yf_BGS_d1;49200;ASH_COATED_OSMIUM;9949;10;9946;24;;;9955;10;9957;28;;;9952.0;0.0
yf_BGS_d1;49200;INTARIAN_PEPPER_ROOT;12982;18;12980;21;;;13001;15;13005;21;;;12991.5;0.0
yf_BGS_d1;49300;ASH_COATED_OSMIUM;9944;20;9941;12;;;9959;6;9962;22;;;9951.5;0.0
yf_BGS_d1;49300;INTARIAN_PEPPER_ROOT;12988;14;12984;22;;;12994;10;12998;20;;;12991.0;0.0
yf_BGS_d1;49400;ASH_COATED_OSMIUM;9947;12;9943;20;;;9955;14;9957;10;;;9951.0;0.0
yf_BGS_d1;49400;INTARIAN_PEPPER_ROOT;12989;8;12985;16;;;12995;15;12998;20;;;12992.0;0.0
yf_BGS_d1;49500;ASH_COATED_OSMIUM;9949;19;9946;23;;;9955;13;9957;12;;;9952.0;0.0
yf_BGS_d1;49500;INTARIAN_PEPPER_ROOT;12981;25;12979;21;;;13006;16;13008;28;;;12993.5;0.0
yf_BGS_d1;49600;ASH_COATED_OSMIUM;9949;6;9946;21;;;9955;18;9957;20;;;9952.0;0.0
yf_BGS_d1;49600;INTARIAN_PEPPER_ROOT;12990;11;12988;14;;;12997;17;13001;21;;;12993.5;0.0
yf_BGS_d1;49700;ASH_COATED_OSMIUM;9949;18;9945;16;;;9955;6;9959;23;;;9952.0;0.0
yf_BGS_d1;49700;INTARIAN_PEPPER_ROOT;12985;11;12982;12;;;13004;6;13007;22;;;12994.5;0.0
yf_BGS_d1;49800;ASH_COATED_OSMIUM;9944;23;9942;15;;;9961;14;9963;20;;;9952.5;0.0
yf_BGS_d1;49800;INTARIAN_PEPPER_ROOT;12987;16;12984;24;;;13001;20;13004;26;;;12994.0;0.0
yf_BGS_d1;49900;ASH_COATED_OSMIUM;9949;17;9945;27;;;9955;14;9959;16;;;9952.0;0.0
yf_BGS_d1;49900;INTARIAN_PEPPER_ROOT;12988;15;12984;18;;;13001;19;13003;21;;;12994.5;0.0
yf_BGS_d1;50000;ASH_COATED_OSMIUM;9949;17;9946;21;;;9955;20;9958;16;;;9952.0;0.0
yf_BGS_d1;50000;INTARIAN_PEPPER_ROOT;12992;13;12988;20;;;12998;13;13001;20;;;12995.0;0.0
yf_BGS_d1;50100;ASH_COATED_OSMIUM;9949;12;9947;19;;;9955;20;9959;23;;;9952.0;0.0
yf_BGS_d1;50100;INTARIAN_PEPPER_ROOT;12993;15;12989;18;;;12999;11;13003;19;;;12996.0;0.0
yf_BGS_d1;50200;ASH_COATED_OSMIUM;9950;21;9947;26;;;9956;10;9958;20;;;9953.0;0.0
yf_BGS_d1;50200;INTARIAN_PEPPER_ROOT;12992;13;12990;30;;;13001;21;13005;19;;;12996.5;0.0
yf_BGS_d1;50300;ASH_COATED_OSMIUM;9950;8;9946;19;;;9956;11;9958;27;;;9953.0;0.0
yf_BGS_d1;50300;INTARIAN_PEPPER_ROOT;12993;5;12989;25;;;13001;15;13003;22;;;12997.0;0.0
yf_BGS_d1;50400;ASH_COATED_OSMIUM;9950;30;9947;27;;;9956;24;9960;15;;;9953.0;0.0
yf_BGS_d1;50400;INTARIAN_PEPPER_ROOT;12994;22;12992;12;;;13000;20;13003;20;;;12997.0;0.0
yf_BGS_d1;50500;ASH_COATED_OSMIUM;9950;12;9947;15;;;9956;18;9958;23;;;9953.0;0.0
yf_BGS_d1;50500;INTARIAN_PEPPER_ROOT;12993;14;12990;18;;;13004;9;13006;23;;;12998.5;0.0
yf_BGS_d1;50600;ASH_COATED_OSMIUM;9950;16;9946;19;;;9956;11;9960;24;;;9953.0;0.0
yf_BGS_d1;50600;INTARIAN_PEPPER_ROOT;12994;12;12990;21;;;13002;16;13005;20;;;12998.0;0.0
yf_BGS_d1;50700;ASH_COATED_OSMIUM;9950;5;9946;19;;;9956;14;9958;27;;;9953.0;0.0
yf_BGS_d1;50700;INTARIAN_PEPPER_ROOT;12996;20;12992;10;;;13002;16;13004;21;;;12999.0;0.0
yf_BGS_d1;50800;ASH_COATED_OSMIUM;9949;16;9945;20;;;9958;13;9961;19;;;9953.5;0.0
yf_BGS_d1;50800;INTARIAN_PEPPER_ROOT;12993;18;12991;16;;;13007;18;13011;20;;;13000.0;0.0
yf_BGS_d1;50900;ASH_COATED_OSMIUM;9950;18;9948;11;;;9956;12;9959;23;;;9953.0;0.0
yf_BGS_d1;50900;INTARIAN_PEPPER_ROOT;12997;20;12994;15;;;13003;15;13005;19;;;13000.0;0.0
yf_BGS_d1;51000;ASH_COATED_OSMIUM;9950;14;9946;15;;;9956;20;9958;16;;;9953.0;0.0
yf_BGS_d1;51000;INTARIAN_PEPPER_ROOT;12997;23;12994;20;;;13003;17;13007;19;;;13000.0;0.0
yf_BGS_d1;51100;ASH_COATED_OSMIUM;9950;13;9946;21;;;9956;24;9959;15;;;9953.0;0.0
yf_BGS_d1;51100;INTARIAN_PEPPER_ROOT;12996;5;12994;23;;;13002;19;13006;20;;;12999.0;0.0
yf_BGS_d1;51200;ASH_COATED_OSMIUM;9950;15;9946;12;;;9956;8;9958;18;;;9953.0;0.0
yf_BGS_d1;51200;INTARIAN_PEPPER_ROOT;12994;19;12990;22;;;13004;14;13007;21;;;12999.0;0.0
yf_BGS_d1;51300;ASH_COATED_OSMIUM;9950;16;9948;19;;;9956;10;9959;24;;;9953.0;0.0
yf_BGS_d1;51300;INTARIAN_PEPPER_ROOT;12995;16;12991;22;;;13001;12;13004;18;;;12998.0;0.0
yf_BGS_d1;51400;ASH_COATED_OSMIUM;9948;5;9945;24;;;9957;24;9960;15;;;9952.5;0.0
yf_BGS_d1;51400;INTARIAN_PEPPER_ROOT;12988;10;12984;8;;;13008;13;13010;10;;;12998.0;0.0
yf_BGS_d1;51500;ASH_COATED_OSMIUM;9950;16;9946;8;;;9956;17;9958;18;;;9953.0;0.0
yf_BGS_d1;51500;INTARIAN_PEPPER_ROOT;12994;9;12991;17;;;13002;5;13004;23;;;12998.0;0.0
yf_BGS_d1;51600;ASH_COATED_OSMIUM;9949;11;9946;14;;;9955;16;9957;16;;;9952.0;0.0
yf_BGS_d1;51600;INTARIAN_PEPPER_ROOT;12995;12;12992;20;;;13001;8;13005;23;;;12998.0;0.0
yf_BGS_d1;51700;ASH_COATED_OSMIUM;9950;11;9947;14;;;9956;14;9959;21;;;9953.0;0.0
yf_BGS_d1;51700;INTARIAN_PEPPER_ROOT;12995;18;12991;16;;;13002;12;13004;20;;;12998.5;0.0
yf_BGS_d1;51800;ASH_COATED_OSMIUM;9949;20;9946;23;;;9955;16;9958;22;;;9952.0;0.0
yf_BGS_d1;51800;INTARIAN_PEPPER_ROOT;12992;9;12990;27;;;13003;14;13006;11;;;12997.5;0.0
yf_BGS_d1;51900;ASH_COATED_OSMIUM;9948;8;9945;16;;;9954;20;9957;22;;;9951.0;0.0
yf_BGS_d1;51900;INTARIAN_PEPPER_ROOT;12995;14;12991;13;;;13001;20;13005;25;;;12998.0;0.0
yf_BGS_d1;52000;ASH_COATED_OSMIUM;9946;29;9944;29;;;9958;13;9960;23;;;9952.0;0.0
yf_BGS_d1;52000;INTARIAN_PEPPER_ROOT;12989;19;12987;21;;;13005;6;13009;22;;;12997.0;0.0
yf_BGS_d1;52100;ASH_COATED_OSMIUM;9949;14;9945;21;;;9955;16;9958;16;;;9952.0;0.0
yf_BGS_d1;52100;INTARIAN_PEPPER_ROOT;12994;13;12991;22;;;13000;19;13003;22;;;12997.0;0.0
yf_BGS_d1;52200;ASH_COATED_OSMIUM;9942;5;9938;24;;;9961;14;9965;14;;;9951.5;0.0
yf_BGS_d1;52200;INTARIAN_PEPPER_ROOT;12993;10;12989;19;;;13001;5;13003;28;;;12997.0;0.0
yf_BGS_d1;52300;ASH_COATED_OSMIUM;9949;18;9945;23;;;9955;10;9958;10;;;9952.0;0.0
yf_BGS_d1;52300;INTARIAN_PEPPER_ROOT;12980;14;12977;17;;;13014;22;13016;17;;;12997.0;0.0
yf_BGS_d1;52400;ASH_COATED_OSMIUM;9949;6;9947;20;;;9956;9;9959;24;;;9952.5;0.0
yf_BGS_d1;52400;INTARIAN_PEPPER_ROOT;12988;16;12984;9;;;13006;8;13008;19;;;12997.0;0.0
yf_BGS_d1;52500;ASH_COATED_OSMIUM;9948;14;9944;22;;;9954;9;9957;16;;;9951.0;0.0
yf_BGS_d1;52500;INTARIAN_PEPPER_ROOT;12994;7;12990;25;;;13000;24;13004;17;;;12997.0;0.0
yf_BGS_d1;52600;ASH_COATED_OSMIUM;9948;23;9944;21;;;9954;18;9958;25;;;9951.0;0.0
yf_BGS_d1;52600;INTARIAN_PEPPER_ROOT;12989;7;12987;18;;;13004;5;13008;24;;;12996.5;0.0
yf_BGS_d1;52700;ASH_COATED_OSMIUM;9944;17;9940;20;;;9960;17;9962;19;;;9952.0;0.0
yf_BGS_d1;52700;INTARIAN_PEPPER_ROOT;12993;12;12990;16;;;12999;17;13001;25;;;12996.0;0.0
yf_BGS_d1;52800;ASH_COATED_OSMIUM;9940;14;9937;25;;;9961;13;9965;15;;;9950.5;0.0
yf_BGS_d1;52800;INTARIAN_PEPPER_ROOT;12991;17;12989;15;;;13001;7;13004;16;;;12996.0;0.0
yf_BGS_d1;52900;ASH_COATED_OSMIUM;9948;19;9944;15;;;9954;21;9958;18;;;9951.0;0.0
yf_BGS_d1;52900;INTARIAN_PEPPER_ROOT;12992;15;12988;22;;;12998;12;13001;20;;;12995.0;0.0
yf_BGS_d1;53000;ASH_COATED_OSMIUM;9943;16;9939;15;;;9960;18;9964;13;;;9951.5;0.0
yf_BGS_d1;53000;INTARIAN_PEPPER_ROOT;12993;17;12991;18;;;12999;13;13003;18;;;12996.0;0.0
yf_BGS_d1;53100;ASH_COATED_OSMIUM;9948;17;9946;14;;;9954;16;9956;25;;;9951.0;0.0
yf_BGS_d1;53100;INTARIAN_PEPPER_ROOT;12992;20;12988;22;;;12998;14;13000;21;;;12995.0;0.0
yf_BGS_d1;53200;ASH_COATED_OSMIUM;9940;14;9936;19;;;9961;10;9964;18;;;9950.5;0.0
yf_BGS_d1;53200;INTARIAN_PEPPER_ROOT;12992;21;12989;31;;;12999;9;13003;17;;;12995.5;0.0
yf_BGS_d1;53300;ASH_COATED_OSMIUM;9948;14;9944;25;;;9954;17;9956;25;;;9951.0;0.0
yf_BGS_d1;53300;INTARIAN_PEPPER_ROOT;12988;16;12986;21;;;13001;20;13003;29;;;12994.5;0.0
yf_BGS_d1;53400;ASH_COATED_OSMIUM;9944;17;9940;22;;;9957;13;9961;23;;;9950.5;0.0
yf_BGS_d1;53400;INTARIAN_PEPPER_ROOT;12990;16;12986;23;;;13000;18;13003;17;;;12995.0;0.0
yf_BGS_d1;53500;ASH_COATED_OSMIUM;9946;15;9942;18;;;9955;12;9959;14;;;9950.5;0.0
yf_BGS_d1;53500;INTARIAN_PEPPER_ROOT;12991;5;12988;19;;;12997;10;13001;22;;;12994.0;0.0
yf_BGS_d1;53600;ASH_COATED_OSMIUM;9947;10;9943;25;;;9953;19;9955;13;;;9950.0;0.0
yf_BGS_d1;53600;INTARIAN_PEPPER_ROOT;12991;13;12987;22;;;12997;16;13001;15;;;12994.0;0.0
yf_BGS_d1;53700;ASH_COATED_OSMIUM;9947;15;9943;25;;;9953;13;9956;19;;;9950.0;0.0
yf_BGS_d1;53700;INTARIAN_PEPPER_ROOT;12991;15;12988;11;;;12997;27;12999;19;;;12994.0;0.0
yf_BGS_d1;53800;ASH_COATED_OSMIUM;9947;22;9945;19;;;9953;15;9955;21;;;9950.0;0.0
yf_BGS_d1;53800;INTARIAN_PEPPER_ROOT;12990;18;12987;21;;;12996;15;12998;14;;;12993.0;0.0
yf_BGS_d1;53900;ASH_COATED_OSMIUM;9947;14;9944;21;;;9953;11;9956;23;;;9950.0;0.0
yf_BGS_d1;53900;INTARIAN_PEPPER_ROOT;12990;5;12987;19;;;12996;12;12998;23;;;12993.0;0.0
yf_BGS_d1;54000;ASH_COATED_OSMIUM;9946;5;9944;18;;;9952;11;9954;23;;;9949.0;0.0
yf_BGS_d1;54000;INTARIAN_PEPPER_ROOT;12991;8;12987;16;;;12997;8;13000;18;;;12994.0;0.0
yf_BGS_d1;54100;ASH_COATED_OSMIUM;9946;13;9943;17;;;9954;21;9956;21;;;9950.0;0.0
yf_BGS_d1;54100;INTARIAN_PEPPER_ROOT;12990;14;12987;16;;;12996;14;12998;18;;;12993.0;0.0
yf_BGS_d1;54200;ASH_COATED_OSMIUM;9936;20;9932;18;;;9964;20;9968;19;;;9950.0;0.0
yf_BGS_d1;54200;INTARIAN_PEPPER_ROOT;12988;16;12984;16;;;12998;7;13001;24;;;12993.0;0.0
yf_BGS_d1;54300;ASH_COATED_OSMIUM;9946;18;9943;21;;;9952;10;9955;30;;;9949.0;0.0
yf_BGS_d1;54300;INTARIAN_PEPPER_ROOT;12989;12;12987;19;;;12995;13;12999;27;;;12992.0;0.0
yf_BGS_d1;54400;ASH_COATED_OSMIUM;9946;26;9943;14;;;9952;17;9955;28;;;9949.0;0.0
yf_BGS_d1;54400;INTARIAN_PEPPER_ROOT;12981;22;12979;25;;;13004;12;13007;13;;;12992.5;0.0
yf_BGS_d1;54500;ASH_COATED_OSMIUM;9944;19;9942;22;;;9955;19;9959;25;;;9949.5;0.0
yf_BGS_d1;54500;INTARIAN_PEPPER_ROOT;12989;9;12986;27;;;12996;16;13000;10;;;12992.5;0.0
yf_BGS_d1;54600;ASH_COATED_OSMIUM;9946;18;9943;19;;;9952;9;9954;28;;;9949.0;0.0
yf_BGS_d1;54600;INTARIAN_PEPPER_ROOT;12990;14;12987;21;;;12996;8;12998;25;;;12993.0;0.0
yf_BGS_d1;54700;ASH_COATED_OSMIUM;9945;6;9942;17;;;9951;14;9955;19;;;9948.0;0.0
yf_BGS_d1;54700;INTARIAN_PEPPER_ROOT;12984;10;12981;24;;;12998;7;13001;20;;;12991.0;0.0
yf_BGS_d1;54800;ASH_COATED_OSMIUM;9942;16;9939;13;;;9956;21;9958;14;;;9949.0;0.0
yf_BGS_d1;54800;INTARIAN_PEPPER_ROOT;12988;12;12984;21;;;12994;18;12996;19;;;12991.0;0.0
yf_BGS_d1;54900;ASH_COATED_OSMIUM;9946;7;9942;8;;;9952;18;9955;18;;;9949.0;0.0
yf_BGS_d1;54900;INTARIAN_PEPPER_ROOT;12988;15;12984;31;;;12994;23;12996;19;;;12991.0;0.0
yf_BGS_d1;55000;ASH_COATED_OSMIUM;9943;10;9939;18;;;9955;21;9958;17;;;9949.0;0.0
yf_BGS_d1;55000;INTARIAN_PEPPER_ROOT;12988;14;12985;23;;;12994;10;12996;12;;;12991.0;0.0
yf_BGS_d1;55100;ASH_COATED_OSMIUM;9944;8;9941;16;;;9954;14;9958;20;;;9949.0;0.0
yf_BGS_d1;55100;INTARIAN_PEPPER_ROOT;12988;24;12985;17;;;12994;19;12996;18;;;12991.0;0.0
yf_BGS_d1;55200;ASH_COATED_OSMIUM;9943;8;9939;16;;;9955;12;9958;17;;;9949.0;0.0
yf_BGS_d1;55200;INTARIAN_PEPPER_ROOT;12983;12;12980;17;;;12997;13;12999;23;;;12990.0;0.0
yf_BGS_d1;55300;ASH_COATED_OSMIUM;9945;19;9943;20;;;9951;17;9954;21;;;9948.0;0.0
yf_BGS_d1;55300;INTARIAN_PEPPER_ROOT;12982;19;12979;24;;;12999;16;13002;23;;;12990.5;0.0
yf_BGS_d1;55400;ASH_COATED_OSMIUM;9946;15;9944;10;;;9952;19;9954;16;;;9949.0;0.0
yf_BGS_d1;55400;INTARIAN_PEPPER_ROOT;12987;5;12983;26;;;12993;14;12995;14;;;12990.0;0.0
yf_BGS_d1;55500;ASH_COATED_OSMIUM;9945;10;9941;25;;;9951;11;9953;21;;;9948.0;0.0
yf_BGS_d1;55500;INTARIAN_PEPPER_ROOT;12987;15;12985;22;;;12993;19;12995;8;;;12990.0;0.0
yf_BGS_d1;55600;ASH_COATED_OSMIUM;9945;15;9943;15;;;9951;15;9955;26;;;9948.0;0.0
yf_BGS_d1;55600;INTARIAN_PEPPER_ROOT;12987;16;12985;21;;;12993;18;12995;12;;;12990.0;0.0
yf_BGS_d1;55700;ASH_COATED_OSMIUM;9945;5;9943;20;;;9951;12;9953;8;;;9948.0;0.0
yf_BGS_d1;55700;INTARIAN_PEPPER_ROOT;12987;12;12984;25;;;12993;15;12996;21;;;12990.0;0.0
yf_BGS_d1;55800;ASH_COATED_OSMIUM;9943;15;9939;16;;;9954;17;9956;20;;;9948.5;0.0
yf_BGS_d1;55800;INTARIAN_PEPPER_ROOT;12982;12;12978;13;;;12998;12;13001;19;;;12990.0;0.0
yf_BGS_d1;55900;ASH_COATED_OSMIUM;9945;25;9941;20;;;9951;8;9954;13;;;9948.0;0.0
yf_BGS_d1;55900;INTARIAN_PEPPER_ROOT;12986;12;12983;11;;;12992;21;12996;18;;;12989.0;0.0
yf_BGS_d1;56000;ASH_COATED_OSMIUM;9945;20;9942;23;;;9952;10;9956;24;;;9948.5;0.0
yf_BGS_d1;56000;INTARIAN_PEPPER_ROOT;12986;6;12984;22;;;12993;16;12995;20;;;12989.5;0.0
yf_BGS_d1;56100;ASH_COATED_OSMIUM;9932;8;9929;20;;;9961;16;9963;20;;;9946.5;0.0
yf_BGS_d1;56100;INTARIAN_PEPPER_ROOT;12986;23;12983;35;;;12992;21;12996;22;;;12989.0;0.0
yf_BGS_d1;56200;ASH_COATED_OSMIUM;9943;13;9939;19;;;9951;14;9955;20;;;9947.0;0.0
yf_BGS_d1;56200;INTARIAN_PEPPER_ROOT;12983;16;12981;19;;;12994;14;12997;11;;;12988.5;0.0
yf_BGS_d1;56300;ASH_COATED_OSMIUM;9944;14;9941;16;;;9950;7;9953;23;;;9947.0;0.0
yf_BGS_d1;56300;INTARIAN_PEPPER_ROOT;12985;13;12982;14;;;12992;19;12996;21;;;12988.5;0.0
yf_BGS_d1;56400;ASH_COATED_OSMIUM;9944;13;9940;21;;;9950;12;9954;20;;;9947.0;0.0
yf_BGS_d1;56400;INTARIAN_PEPPER_ROOT;12984;17;12982;23;;;12992;18;12994;23;;;12988.0;0.0
yf_BGS_d1;56500;ASH_COATED_OSMIUM;9944;10;9941;14;;;9950;18;9953;15;;;9947.0;0.0
yf_BGS_d1;56500;INTARIAN_PEPPER_ROOT;12985;18;12983;15;;;12991;10;12994;22;;;12988.0;0.0
yf_BGS_d1;56600;ASH_COATED_OSMIUM;9944;9;9940;16;;;9951;17;9954;22;;;9947.5;0.0
yf_BGS_d1;56600;INTARIAN_PEPPER_ROOT;12984;11;12980;15;;;12990;9;12993;19;;;12987.0;0.0
yf_BGS_d1;56700;ASH_COATED_OSMIUM;9944;5;9942;16;;;9950;14;9954;23;;;9947.0;0.0
yf_BGS_d1;56700;INTARIAN_PEPPER_ROOT;12985;10;12982;21;;;12991;21;12995;14;;;12988.0;0.0
yf_BGS_d1;56800;ASH_COATED_OSMIUM;9929;8;9925;21;;;9966;20;9970;14;;;9947.5;0.0
yf_BGS_d1;56800;INTARIAN_PEPPER_ROOT;12985;14;12982;20;;;12991;8;12995;24;;;12988.0;0.0
yf_BGS_d1;56900;ASH_COATED_OSMIUM;9940;7;9936;18;;;9952;12;9955;18;;;9946.0;0.0
yf_BGS_d1;56900;INTARIAN_PEPPER_ROOT;12977;7;12974;23;;;12996;15;12998;14;;;12986.5;0.0
yf_BGS_d1;57000;ASH_COATED_OSMIUM;9944;15;9942;23;;;9950;22;9953;26;;;9947.0;0.0
yf_BGS_d1;57000;INTARIAN_PEPPER_ROOT;12984;15;12982;18;;;12990;6;12994;19;;;12987.0;0.0
yf_BGS_d1;57100;ASH_COATED_OSMIUM;9938;18;9934;35;;;9955;14;9959;18;;;9946.5;0.0
yf_BGS_d1;57100;INTARIAN_PEPPER_ROOT;12981;14;12978;20;;;12993;7;12996;22;;;12987.0;0.0
yf_BGS_d1;57200;ASH_COATED_OSMIUM;9944;20;9940;9;;;9950;13;9953;19;;;9947.0;0.0
yf_BGS_d1;57200;INTARIAN_PEPPER_ROOT;12983;16;12981;13;;;12989;11;12991;18;;;12986.0;0.0
yf_BGS_d1;57300;ASH_COATED_OSMIUM;9944;17;9942;31;;;9950;15;9954;19;;;9947.0;0.0
yf_BGS_d1;57300;INTARIAN_PEPPER_ROOT;12983;19;12981;19;;;12989;8;12992;20;;;12986.0;0.0
yf_BGS_d1;57400;ASH_COATED_OSMIUM;9943;12;9939;8;;;9949;15;9952;11;;;9946.0;0.0
yf_BGS_d1;57400;INTARIAN_PEPPER_ROOT;12982;10;12978;18;;;12990;8;12994;31;;;12986.0;0.0
yf_BGS_d1;57500;ASH_COATED_OSMIUM;9933;12;9931;12;;;9958;17;9961;16;;;9945.5;0.0
yf_BGS_d1;57500;INTARIAN_PEPPER_ROOT;12983;5;12979;14;;;12989;17;12991;17;;;12986.0;0.0
yf_BGS_d1;57600;ASH_COATED_OSMIUM;9943;14;9941;17;;;9949;16;9951;10;;;9946.0;0.0
yf_BGS_d1;57600;INTARIAN_PEPPER_ROOT;12982;18;12979;23;;;12989;5;12991;16;;;12985.5;0.0
yf_BGS_d1;57700;ASH_COATED_OSMIUM;9942;16;9938;23;;;9948;11;9951;14;;;9945.0;0.0
yf_BGS_d1;57700;INTARIAN_PEPPER_ROOT;12983;5;12981;16;;;12989;29;12991;23;;;12986.0;0.0
yf_BGS_d1;57800;ASH_COATED_OSMIUM;9943;15;9941;23;;;9949;21;9952;24;;;9946.0;0.0
yf_BGS_d1;57800;INTARIAN_PEPPER_ROOT;12982;14;12978;11;;;12989;17;12991;18;;;12985.5;0.0
yf_BGS_d1;57900;ASH_COATED_OSMIUM;9941;13;9937;12;;;9951;14;9955;20;;;9946.0;0.0
yf_BGS_d1;57900;INTARIAN_PEPPER_ROOT;12980;20;12978;23;;;12989;13;12993;14;;;12984.5;0.0
yf_BGS_d1;58000;ASH_COATED_OSMIUM;9943;14;9941;23;;;9949;23;9951;25;;;9946.0;0.0
yf_BGS_d1;58000;INTARIAN_PEPPER_ROOT;12977;5;12974;16;;;12993;17;12995;19;;;12985.0;0.0
yf_BGS_d1;58100;ASH_COATED_OSMIUM;9943;12;9940;25;;;9949;15;9952;11;;;9946.0;0.0
yf_BGS_d1;58100;INTARIAN_PEPPER_ROOT;12981;14;12979;21;;;12987;10;12991;25;;;12984.0;0.0
yf_BGS_d1;58200;ASH_COATED_OSMIUM;9936;7;9934;23;;;9953;14;9955;21;;;9944.5;0.0
yf_BGS_d1;58200;INTARIAN_PEPPER_ROOT;12982;24;12980;22;;;12988;9;12992;22;;;12985.0;0.0
yf_BGS_d1;58300;ASH_COATED_OSMIUM;9941;12;9938;17;;;9950;10;9953;21;;;9945.5;0.0
yf_BGS_d1;58300;INTARIAN_PEPPER_ROOT;12982;10;12978;16;;;12988;13;12990;13;;;12985.0;0.0
yf_BGS_d1;58400;ASH_COATED_OSMIUM;9941;21;9938;21;;;9947;7;9950;20;;;9944.0;0.0
yf_BGS_d1;58400;INTARIAN_PEPPER_ROOT;12981;15;12978;20;;;12987;20;12989;26;;;12984.0;0.0
yf_BGS_d1;58500;ASH_COATED_OSMIUM;9942;14;9939;10;;;9948;10;9951;26;;;9945.0;0.0
yf_BGS_d1;58500;INTARIAN_PEPPER_ROOT;12972;17;12970;24;;;12995;15;12998;13;;;12983.5;0.0
yf_BGS_d1;58600;ASH_COATED_OSMIUM;9942;24;9940;20;;;9948;14;9952;17;;;9945.0;0.0
yf_BGS_d1;58600;INTARIAN_PEPPER_ROOT;12981;18;12979;22;;;12987;12;12990;26;;;12984.0;0.0
yf_BGS_d1;58700;ASH_COATED_OSMIUM;9941;21;9939;19;;;9947;15;9950;25;;;9944.0;0.0
yf_BGS_d1;58700;INTARIAN_PEPPER_ROOT;12977;10;12975;20;;;12990;10;12992;21;;;12983.5;0.0
yf_BGS_d1;58800;ASH_COATED_OSMIUM;9939;9;9936;26;;;9950;20;9954;14;;;9944.5;0.0
yf_BGS_d1;58800;INTARIAN_PEPPER_ROOT;12980;17;12976;13;;;12986;16;12988;22;;;12983.0;0.0
yf_BGS_d1;58900;ASH_COATED_OSMIUM;9941;6;9937;18;;;9947;25;9951;12;;;9944.0;0.0
yf_BGS_d1;58900;INTARIAN_PEPPER_ROOT;12975;12;12972;23;;;12991;12;12993;34;;;12983.0;0.0
yf_BGS_d1;59000;ASH_COATED_OSMIUM;9941;10;9938;23;;;9948;18;9950;18;;;9944.5;0.0
