day;timestamp;product;bid_price_1;bid_volume_1;bid_price_2;bid_volume_2;bid_price_3;bid_volume_3;ask_price_1;ask_volume_1;ask_price_2;ask_volume_2;ask_price_3;ask_volume_3;mid_price;profit_and_loss
yf_ZC=F_d2;0;ASH_COATED_OSMIUM;9936;18;9933;14;;;9942;19;9945;29;;;9939.0;0.0
yf_ZC=F_d2;0;INTARIAN_PEPPER_ROOT;11613;17;11610;12;;;11619;23;11623;18;;;11616.0;0.0
yf_ZC=F_d2;100;ASH_COATED_OSMIUM;9936;14;9933;26;;;9942;16;9944;19;;;9939.0;0.0
yf_ZC=F_d2;100;INTARIAN_PEPPER_ROOT;11611;13;11607;14;;;11617;12;11619;29;;;11614.0;0.0
yf_ZC=F_d2;200;ASH_COATED_OSMIUM;9935;13;9931;12;;;9941;11;9945;21;;;9938.0;0.0
yf_ZC=F_d2;200;INTARIAN_PEPPER_ROOT;11608;14;11606;18;;;11614;10;11617;15;;;11611.0;0.0
yf_ZC=F_d2;300;ASH_COATED_OSMIUM;9923;6;9919;26;;;9955;8;9957;20;;;9939.0;0.0
yf_ZC=F_d2;300;INTARIAN_PEPPER_ROOT;11606;15;11602;21;;;11612;14;11614;11;;;11609.0;0.0
yf_ZC=F_d2;400;ASH_COATED_OSMIUM;9936;15;9934;27;;;9942;15;9944;17;;;9939.0;0.0
yf_ZC=F_d2;400;INTARIAN_PEPPER_ROOT;11604;12;11601;11;;;11610;14;11614;25;;;11607.0;0.0
yf_ZC=F_d2;500;ASH_COATED_OSMIUM;9934;16;9932;21;;;9944;9;9948;16;;;9939.0;0.0
yf_ZC=F_d2;500;INTARIAN_PEPPER_ROOT;11602;21;11598;18;;;11608;17;11610;18;;;11605.0;0.0
yf_ZC=F_d2;600;ASH_COATED_OSMIUM;9936;17;9934;15;;;9942;17;9945;13;;;9939.0;0.0
yf_ZC=F_d2;600;INTARIAN_PEPPER_ROOT;11596;14;11592;25;;;11608;17;11612;21;;;11602.0;0.0
yf_ZC=F_d2;700;ASH_COATED_OSMIUM;9936;8;9932;26;;;9942;14;9944;10;;;9939.0;0.0
yf_ZC=F_d2;700;INTARIAN_PEPPER_ROOT;11597;10;11594;18;;;11603;17;11606;18;;;11600.0;0.0
yf_ZC=F_d2;800;ASH_COATED_OSMIUM;9935;9;9932;14;;;9941;18;9943;17;;;9938.0;0.0
yf_ZC=F_d2;800;INTARIAN_PEPPER_ROOT;11594;17;11592;21;;;11600;8;11602;28;;;11597.0;0.0
yf_ZC=F_d2;900;ASH_COATED_OSMIUM;9936;18;9932;13;;;9942;19;9944;25;;;9939.0;0.0
yf_ZC=F_d2;900;INTARIAN_PEPPER_ROOT;11592;16;11589;21;;;11598;18;11602;22;;;11595.0;0.0
yf_ZC=F_d2;1000;ASH_COATED_OSMIUM;9936;5;9933;13;;;9942;14;9944;19;;;9939.0;0.0
yf_ZC=F_d2;1000;INTARIAN_PEPPER_ROOT;11589;12;11585;19;;;11595;15;11599;24;;;11592.0;0.0
yf_ZC=F_d2;1100;ASH_COATED_OSMIUM;9934;17;9932;17;;;9943;15;9946;12;;;9938.5;0.0
yf_ZC=F_d2;1100;INTARIAN_PEPPER_ROOT;11579;11;11577;21;;;11602;17;11606;22;;;11590.5;0.0
yf_ZC=F_d2;1200;ASH_COATED_OSMIUM;9931;21;9928;20;;;9947;22;9949;24;;;9939.0;0.0
yf_ZC=F_d2;1200;INTARIAN_PEPPER_ROOT;11585;17;11583;24;;;11591;14;11593;25;;;11588.0;0.0
yf_ZC=F_d2;1300;ASH_COATED_OSMIUM;9931;9;9928;18;;;9947;20;9951;13;;;9939.0;0.0
yf_ZC=F_d2;1300;INTARIAN_PEPPER_ROOT;11579;9;11577;31;;;11591;18;11593;25;;;11585.0;0.0
yf_ZC=F_d2;1400;ASH_COATED_OSMIUM;9934;11;9931;14;;;9944;20;9947;19;;;9939.0;0.0
yf_ZC=F_d2;1400;INTARIAN_PEPPER_ROOT;11580;6;11577;19;;;11586;9;11589;27;;;11583.0;0.0
yf_ZC=F_d2;1500;ASH_COATED_OSMIUM;9935;9;9931;25;;;9941;18;9943;10;;;9938.0;0.0
yf_ZC=F_d2;1500;INTARIAN_PEPPER_ROOT;11573;16;11571;12;;;11587;15;11591;16;;;11580.0;0.0
yf_ZC=F_d2;1600;ASH_COATED_OSMIUM;9936;12;9934;19;;;9942;19;9946;33;;;9939.0;0.0
yf_ZC=F_d2;1600;INTARIAN_PEPPER_ROOT;11570;18;11568;22;;;11586;15;11590;20;;;11578.0;0.0
yf_ZC=F_d2;1700;ASH_COATED_OSMIUM;9922;6;9920;25;;;9956;11;9958;14;;;9939.0;0.0
yf_ZC=F_d2;1700;INTARIAN_PEPPER_ROOT;11573;14;11569;22;;;11579;5;11583;17;;;11576.0;0.0
yf_ZC=F_d2;1800;ASH_COATED_OSMIUM;9929;21;9927;20;;;9949;22;9953;24;;;9939.0;0.0
yf_ZC=F_d2;1800;INTARIAN_PEPPER_ROOT;11570;16;11568;28;;;11576;14;11578;29;;;11573.0;0.0
yf_ZC=F_d2;1900;ASH_COATED_OSMIUM;9936;19;9934;18;;;9942;13;9946;19;;;9939.0;0.0
yf_ZC=F_d2;1900;INTARIAN_PEPPER_ROOT;11568;7;11564;23;;;11574;15;11577;22;;;11571.0;0.0
yf_ZC=F_d2;2000;ASH_COATED_OSMIUM;9936;22;9932;20;;;9942;25;9946;15;;;9939.0;0.0
yf_ZC=F_d2;2000;INTARIAN_PEPPER_ROOT;11563;15;11560;9;;;11574;14;11576;22;;;11568.5;0.0
yf_ZC=F_d2;2100;ASH_COATED_OSMIUM;9936;24;9934;27;;;9942;12;9945;8;;;9939.0;0.0
yf_ZC=F_d2;2100;INTARIAN_PEPPER_ROOT;11563;9;11560;21;;;11569;7;11571;19;;;11566.0;0.0
yf_ZC=F_d2;2200;ASH_COATED_OSMIUM;9936;18;9933;26;;;9942;8;9944;22;;;9939.0;0.0
yf_ZC=F_d2;2200;INTARIAN_PEPPER_ROOT;11559;15;11557;22;;;11569;12;11571;17;;;11564.0;0.0
yf_ZC=F_d2;2300;ASH_COATED_OSMIUM;9935;10;9932;14;;;9944;13;9946;21;;;9939.5;0.0
yf_ZC=F_d2;2300;INTARIAN_PEPPER_ROOT;11552;20;11550;22;;;11570;14;11574;29;;;11561.0;0.0
yf_ZC=F_d2;2400;ASH_COATED_OSMIUM;9936;5;9932;12;;;9943;13;9946;16;;;9939.5;0.0
yf_ZC=F_d2;2400;INTARIAN_PEPPER_ROOT;11556;11;11554;34;;;11562;18;11565;29;;;11559.0;0.0
yf_ZC=F_d2;2500;ASH_COATED_OSMIUM;9929;12;9926;18;;;9949;18;9952;13;;;9939.0;0.0
yf_ZC=F_d2;2500;INTARIAN_PEPPER_ROOT;11554;18;11551;24;;;11560;15;11564;21;;;11557.0;0.0
yf_ZC=F_d2;2600;ASH_COATED_OSMIUM;9934;13;9932;18;;;9946;18;9950;22;;;9940.0;0.0
yf_ZC=F_d2;2600;INTARIAN_PEPPER_ROOT;11551;6;11549;10;;;11557;20;11560;21;;;11554.0;0.0
yf_ZC=F_d2;2700;ASH_COATED_OSMIUM;9922;17;9920;20;;;9956;8;9960;30;;;9939.0;0.0
yf_ZC=F_d2;2700;INTARIAN_PEPPER_ROOT;11549;16;11545;16;;;11555;22;11557;25;;;11552.0;0.0
yf_ZC=F_d2;2800;ASH_COATED_OSMIUM;9928;26;9924;26;;;9950;19;9953;16;;;9939.0;0.0
yf_ZC=F_d2;2800;INTARIAN_PEPPER_ROOT;11547;17;11545;16;;;11553;15;11556;26;;;11550.0;0.0
yf_ZC=F_d2;2900;ASH_COATED_OSMIUM;9936;24;9934;20;;;9942;12;9945;17;;;9939.0;0.0
yf_ZC=F_d2;2900;INTARIAN_PEPPER_ROOT;11536;11;11533;18;;;11557;16;11560;22;;;11546.5;0.0
yf_ZC=F_d2;3000;ASH_COATED_OSMIUM;9930;18;9928;14;;;9949;17;9951;17;;;9939.5;0.0
yf_ZC=F_d2;3000;INTARIAN_PEPPER_ROOT;11541;20;11538;19;;;11547;10;11549;25;;;11544.0;0.0
yf_ZC=F_d2;3100;ASH_COATED_OSMIUM;9930;11;9928;27;;;9948;20;9951;18;;;9939.0;0.0
yf_ZC=F_d2;3100;INTARIAN_PEPPER_ROOT;11540;15;11538;17;;;11546;19;11549;17;;;11543.0;0.0
yf_ZC=F_d2;3200;ASH_COATED_OSMIUM;9934;19;9931;25;;;9944;16;9947;16;;;9939.0;0.0
yf_ZC=F_d2;3200;INTARIAN_PEPPER_ROOT;11537;16;11533;23;;;11543;8;11546;12;;;11540.0;0.0
yf_ZC=F_d2;3300;ASH_COATED_OSMIUM;9937;9;9933;16;;;9943;15;9945;17;;;9940.0;0.0
yf_ZC=F_d2;3300;INTARIAN_PEPPER_ROOT;11535;11;11533;16;;;11541;11;11544;21;;;11538.0;0.0
yf_ZC=F_d2;3400;ASH_COATED_OSMIUM;9937;19;9935;12;;;9943;18;9947;16;;;9940.0;0.0
yf_ZC=F_d2;3400;INTARIAN_PEPPER_ROOT;11532;11;11528;16;;;11538;23;11540;13;;;11535.0;0.0
yf_ZC=F_d2;3500;ASH_COATED_OSMIUM;9937;14;9933;28;;;9943;19;9947;30;;;9940.0;0.0
yf_ZC=F_d2;3500;INTARIAN_PEPPER_ROOT;11530;10;11528;19;;;11536;11;11540;18;;;11533.0;0.0
yf_ZC=F_d2;3600;ASH_COATED_OSMIUM;9936;22;9934;17;;;9942;16;9945;13;;;9939.0;0.0
yf_ZC=F_d2;3600;INTARIAN_PEPPER_ROOT;11525;14;11523;25;;;11537;7;11541;13;;;11531.0;0.0
yf_ZC=F_d2;3700;ASH_COATED_OSMIUM;9937;7;9935;13;;;9943;12;9945;25;;;9940.0;0.0
yf_ZC=F_d2;3700;INTARIAN_PEPPER_ROOT;11525;12;11522;11;;;11531;17;11535;25;;;11528.0;0.0
yf_ZC=F_d2;3800;ASH_COATED_OSMIUM;9936;16;9932;19;;;9943;19;9945;20;;;9939.5;0.0
yf_ZC=F_d2;3800;INTARIAN_PEPPER_ROOT;11523;14;11520;18;;;11529;22;11532;24;;;11526.0;0.0
yf_ZC=F_d2;3900;ASH_COATED_OSMIUM;9936;18;9932;21;;;9944;15;9946;14;;;9940.0;0.0
yf_ZC=F_d2;3900;INTARIAN_PEPPER_ROOT;11520;14;11517;20;;;11526;19;11529;17;;;11523.0;0.0
yf_ZC=F_d2;4000;ASH_COATED_OSMIUM;9937;24;9934;13;;;9943;18;9947;26;;;9940.0;0.0
yf_ZC=F_d2;4000;INTARIAN_PEPPER_ROOT;11517;17;11514;21;;;11526;16;11529;19;;;11521.5;0.0
yf_ZC=F_d2;4100;ASH_COATED_OSMIUM;9936;10;9934;25;;;9944;12;9947;21;;;9940.0;0.0
yf_ZC=F_d2;4100;INTARIAN_PEPPER_ROOT;11515;13;11512;22;;;11521;19;11525;14;;;11518.0;0.0
yf_ZC=F_d2;4200;ASH_COATED_OSMIUM;9937;14;9935;9;;;9943;8;9946;21;;;9940.0;0.0
yf_ZC=F_d2;4200;INTARIAN_PEPPER_ROOT;11508;19;11504;23;;;11525;11;11528;19;;;11516.5;0.0
yf_ZC=F_d2;4300;ASH_COATED_OSMIUM;9936;21;9934;15;;;9943;18;9946;19;;;9939.5;0.0
yf_ZC=F_d2;4300;INTARIAN_PEPPER_ROOT;11511;18;11508;24;;;11517;13;11521;8;;;11514.0;0.0
yf_ZC=F_d2;4400;ASH_COATED_OSMIUM;9931;23;9929;17;;;9948;20;9951;23;;;9939.5;0.0
yf_ZC=F_d2;4400;INTARIAN_PEPPER_ROOT;11509;10;11505;18;;;11515;9;11519;15;;;11512.0;0.0
yf_ZC=F_d2;4500;ASH_COATED_OSMIUM;9937;13;9935;18;;;9943;16;9947;26;;;9940.0;0.0
yf_ZC=F_d2;4500;INTARIAN_PEPPER_ROOT;11505;18;11501;13;;;11514;20;11517;17;;;11509.5;0.0
yf_ZC=F_d2;4600;ASH_COATED_OSMIUM;9938;18;9934;20;;;9944;11;9948;17;;;9941.0;0.0
yf_ZC=F_d2;4600;INTARIAN_PEPPER_ROOT;11504;13;11500;21;;;11510;20;11513;23;;;11507.0;0.0
yf_ZC=F_d2;4700;ASH_COATED_OSMIUM;9936;11;9933;21;;;9943;15;9945;22;;;9939.5;0.0
yf_ZC=F_d2;4700;INTARIAN_PEPPER_ROOT;11502;15;11500;18;;;11508;10;11511;19;;;11505.0;0.0
yf_ZC=F_d2;4800;ASH_COATED_OSMIUM;9937;16;9933;15;;;9943;7;9947;23;;;9940.0;0.0
yf_ZC=F_d2;4800;INTARIAN_PEPPER_ROOT;11497;14;11494;22;;;11506;14;11508;15;;;11501.5;0.0
yf_ZC=F_d2;4900;ASH_COATED_OSMIUM;9937;20;9934;19;;;9943;16;9946;15;;;9940.0;0.0
yf_ZC=F_d2;4900;INTARIAN_PEPPER_ROOT;11496;14;11493;10;;;11503;19;11507;28;;;11499.5;0.0
yf_ZC=F_d2;5000;ASH_COATED_OSMIUM;9934;12;9931;20;;;9946;9;9948;16;;;9940.0;0.0
yf_ZC=F_d2;5000;INTARIAN_PEPPER_ROOT;11494;15;11490;18;;;11500;18;11504;21;;;11497.0;0.0
yf_ZC=F_d2;5100;ASH_COATED_OSMIUM;9937;13;9935;19;;;9943;17;9945;22;;;9940.0;0.0
yf_ZC=F_d2;5100;INTARIAN_PEPPER_ROOT;11468;13;11465;17;;;11521;10;11524;12;;;11494.5;0.0
yf_ZC=F_d2;5200;ASH_COATED_OSMIUM;9935;23;9932;23;;;9946;8;9948;18;;;9940.5;0.0
yf_ZC=F_d2;5200;INTARIAN_PEPPER_ROOT;11489;13;11486;17;;;11495;15;11498;17;;;11492.0;0.0
yf_ZC=F_d2;5300;ASH_COATED_OSMIUM;9933;20;9930;15;;;9949;17;9952;18;;;9941.0;0.0
yf_ZC=F_d2;5300;INTARIAN_PEPPER_ROOT;11487;27;11485;20;;;11493;14;11497;8;;;11490.0;0.0
yf_ZC=F_d2;5400;ASH_COATED_OSMIUM;9937;16;9933;12;;;9943;15;9947;26;;;9940.0;0.0
yf_ZC=F_d2;5400;INTARIAN_PEPPER_ROOT;11480;12;11477;17;;;11496;25;11500;15;;;11488.0;0.0
yf_ZC=F_d2;5500;ASH_COATED_OSMIUM;9937;8;9934;15;;;9943;14;9945;22;;;9940.0;0.0
yf_ZC=F_d2;5500;INTARIAN_PEPPER_ROOT;11482;19;11478;15;;;11488;13;11490;21;;;11485.0;0.0
yf_ZC=F_d2;5600;ASH_COATED_OSMIUM;9935;24;9932;29;;;9947;8;9950;19;;;9941.0;0.0
yf_ZC=F_d2;5600;INTARIAN_PEPPER_ROOT;11480;20;11477;23;;;11486;13;11489;23;;;11483.0;0.0
yf_ZC=F_d2;5700;ASH_COATED_OSMIUM;9935;14;9933;24;;;9945;18;9949;20;;;9940.0;0.0
yf_ZC=F_d2;5700;INTARIAN_PEPPER_ROOT;11477;16;11473;10;;;11483;10;11487;15;;;11480.0;0.0
yf_ZC=F_d2;5800;ASH_COATED_OSMIUM;9937;13;9935;22;;;9943;12;9946;16;;;9940.0;0.0
yf_ZC=F_d2;5800;INTARIAN_PEPPER_ROOT;11450;10;11447;21;;;11505;8;11508;22;;;11477.5;0.0
yf_ZC=F_d2;5900;ASH_COATED_OSMIUM;9933;16;9931;10;;;9948;6;9951;21;;;9940.5;0.0
yf_ZC=F_d2;5900;INTARIAN_PEPPER_ROOT;11473;21;11470;15;;;11479;17;11483;23;;;11476.0;0.0
yf_ZC=F_d2;6000;ASH_COATED_OSMIUM;9929;14;9927;25;;;9951;13;9954;25;;;9940.0;0.0
yf_ZC=F_d2;6000;INTARIAN_PEPPER_ROOT;11471;19;11467;13;;;11477;19;11479;23;;;11474.0;0.0
yf_ZC=F_d2;6100;ASH_COATED_OSMIUM;9929;11;9927;21;;;9952;7;9956;23;;;9940.5;0.0
yf_ZC=F_d2;6100;INTARIAN_PEPPER_ROOT;11468;17;11465;22;;;11474;14;11478;21;;;11471.0;0.0
yf_ZC=F_d2;6200;ASH_COATED_OSMIUM;9938;9;9936;25;;;9944;8;9946;21;;;9941.0;0.0
yf_ZC=F_d2;6200;INTARIAN_PEPPER_ROOT;11465;15;11461;20;;;11471;12;11475;18;;;11468.0;0.0
yf_ZC=F_d2;6300;ASH_COATED_OSMIUM;9938;13;9935;14;;;9944;6;9948;24;;;9941.0;0.0
yf_ZC=F_d2;6300;INTARIAN_PEPPER_ROOT;11463;13;11460;26;;;11469;12;11473;23;;;11466.0;0.0
yf_ZC=F_d2;6400;ASH_COATED_OSMIUM;9937;20;9935;29;;;9943;17;9945;27;;;9940.0;0.0
yf_ZC=F_d2;6400;INTARIAN_PEPPER_ROOT;11460;16;11458;21;;;11466;18;11469;23;;;11463.0;0.0
yf_ZC=F_d2;6500;ASH_COATED_OSMIUM;9937;7;9935;9;;;9943;5;9946;20;;;9940.0;0.0
yf_ZC=F_d2;6500;INTARIAN_PEPPER_ROOT;11458;18;11454;14;;;11464;14;11466;8;;;11461.0;0.0
yf_ZC=F_d2;6600;ASH_COATED_OSMIUM;9935;23;9931;21;;;9946;18;9949;21;;;9940.5;0.0
yf_ZC=F_d2;6600;INTARIAN_PEPPER_ROOT;11456;18;11453;26;;;11462;16;11466;26;;;11459.0;0.0
yf_ZC=F_d2;6700;ASH_COATED_OSMIUM;9933;18;9931;28;;;9948;13;9950;8;;;9940.5;0.0
yf_ZC=F_d2;6700;INTARIAN_PEPPER_ROOT;11450;15;11447;25;;;11463;6;11467;22;;;11456.5;0.0
yf_ZC=F_d2;6800;ASH_COATED_OSMIUM;9937;22;9933;25;;;9943;5;9946;19;;;9940.0;0.0
yf_ZC=F_d2;6800;INTARIAN_PEPPER_ROOT;11451;11;11447;12;;;11457;11;11459;23;;;11454.0;0.0
yf_ZC=F_d2;6900;ASH_COATED_OSMIUM;9937;10;9935;19;;;9944;16;9946;12;;;9940.5;0.0
yf_ZC=F_d2;6900;INTARIAN_PEPPER_ROOT;11449;16;11446;19;;;11455;15;11458;22;;;11452.0;0.0
yf_ZC=F_d2;7000;ASH_COATED_OSMIUM;9938;13;9936;24;;;9944;23;9947;22;;;9941.0;0.0
yf_ZC=F_d2;7000;INTARIAN_PEPPER_ROOT;11446;18;11443;18;;;11452;19;11455;22;;;11449.0;0.0
yf_ZC=F_d2;7100;ASH_COATED_OSMIUM;9938;20;9936;14;;;9944;12;9948;24;;;9941.0;0.0
yf_ZC=F_d2;7100;INTARIAN_PEPPER_ROOT;11444;10;11442;29;;;11450;14;11452;14;;;11447.0;0.0
yf_ZC=F_d2;7200;ASH_COATED_OSMIUM;9938;19;9934;17;;;9944;5;9948;16;;;9941.0;0.0
yf_ZC=F_d2;7200;INTARIAN_PEPPER_ROOT;11441;17;11438;31;;;11447;12;11450;27;;;11444.0;0.0
yf_ZC=F_d2;7300;ASH_COATED_OSMIUM;9938;14;9935;17;;;9945;10;9949;22;;;9941.5;0.0
yf_ZC=F_d2;7300;INTARIAN_PEPPER_ROOT;11439;11;11435;16;;;11445;17;11448;17;;;11442.0;0.0
yf_ZC=F_d2;7400;ASH_COATED_OSMIUM;9938;11;9934;17;;;9944;20;9948;25;;;9941.0;0.0
yf_ZC=F_d2;7400;INTARIAN_PEPPER_ROOT;11435;13;11431;13;;;11445;15;11447;17;;;11440.0;0.0
yf_ZC=F_d2;7500;ASH_COATED_OSMIUM;9934;18;9930;26;;;9947;15;9951;25;;;9940.5;0.0
yf_ZC=F_d2;7500;INTARIAN_PEPPER_ROOT;11435;23;11431;19;;;11441;14;11443;23;;;11438.0;0.0
yf_ZC=F_d2;7600;ASH_COATED_OSMIUM;9938;15;9936;25;;;9945;16;9947;20;;;9941.5;0.0
yf_ZC=F_d2;7600;INTARIAN_PEPPER_ROOT;11432;13;11429;30;;;11438;5;11440;29;;;11435.0;0.0
yf_ZC=F_d2;7700;ASH_COATED_OSMIUM;9935;16;9933;12;;;9946;8;9949;21;;;9940.5;0.0
yf_ZC=F_d2;7700;INTARIAN_PEPPER_ROOT;11423;18;11419;17;;;11443;10;11445;26;;;11433.0;0.0
yf_ZC=F_d2;7800;ASH_COATED_OSMIUM;9938;13;9934;17;;;9945;17;9947;14;;;9941.5;0.0
yf_ZC=F_d2;7800;INTARIAN_PEPPER_ROOT;11427;23;11424;23;;;11434;12;11438;17;;;11430.5;0.0
yf_ZC=F_d2;7900;ASH_COATED_OSMIUM;9938;17;9934;17;;;9944;14;9947;16;;;9941.0;0.0
yf_ZC=F_d2;7900;INTARIAN_PEPPER_ROOT;11424;8;11420;25;;;11432;13;11434;29;;;11428.0;0.0
yf_ZC=F_d2;8000;ASH_COATED_OSMIUM;9938;17;9936;25;;;9944;15;9948;19;;;9941.0;0.0
yf_ZC=F_d2;8000;INTARIAN_PEPPER_ROOT;11421;16;11417;15;;;11431;13;11433;26;;;11426.0;0.0
yf_ZC=F_d2;8100;ASH_COATED_OSMIUM;9938;21;9935;21;;;9944;14;9947;17;;;9941.0;0.0
yf_ZC=F_d2;8100;INTARIAN_PEPPER_ROOT;11416;15;11413;19;;;11432;15;11436;13;;;11424.0;0.0
yf_ZC=F_d2;8200;ASH_COATED_OSMIUM;9939;21;9937;19;;;9945;11;9949;16;;;9942.0;0.0
yf_ZC=F_d2;8200;INTARIAN_PEPPER_ROOT;11417;7;11415;24;;;11425;15;11427;20;;;11421.0;0.0
yf_ZC=F_d2;8300;ASH_COATED_OSMIUM;9934;16;9931;28;;;9948;16;9950;18;;;9941.0;0.0
yf_ZC=F_d2;8300;INTARIAN_PEPPER_ROOT;11415;26;11413;26;;;11423;22;11427;21;;;11419.0;0.0
yf_ZC=F_d2;8400;ASH_COATED_OSMIUM;9938;14;9936;18;;;9944;16;9947;13;;;9941.0;0.0
yf_ZC=F_d2;8400;INTARIAN_PEPPER_ROOT;11402;17;11399;20;;;11430;20;11433;25;;;11416.0;0.0
yf_ZC=F_d2;8500;ASH_COATED_OSMIUM;9938;10;9935;22;;;9944;14;9946;17;;;9941.0;0.0
yf_ZC=F_d2;8500;INTARIAN_PEPPER_ROOT;11410;11;11406;24;;;11417;9;11420;27;;;11413.5;0.0
yf_ZC=F_d2;8600;ASH_COATED_OSMIUM;9938;16;9935;24;;;9944;12;9948;12;;;9941.0;0.0
yf_ZC=F_d2;8600;INTARIAN_PEPPER_ROOT;11407;8;11405;24;;;11414;22;11418;22;;;11410.5;0.0
yf_ZC=F_d2;8700;ASH_COATED_OSMIUM;9938;13;9934;18;;;9944;5;9946;20;;;9941.0;0.0
yf_ZC=F_d2;8700;INTARIAN_PEPPER_ROOT;11406;21;11402;23;;;11412;16;11415;17;;;11409.0;0.0
yf_ZC=F_d2;8800;ASH_COATED_OSMIUM;9931;18;9929;23;;;9953;15;9956;17;;;9942.0;0.0
yf_ZC=F_d2;8800;INTARIAN_PEPPER_ROOT;11403;20;11400;25;;;11409;11;11411;24;;;11406.0;0.0
yf_ZC=F_d2;8900;ASH_COATED_OSMIUM;9937;15;9935;13;;;9946;14;9949;22;;;9941.5;0.0
yf_ZC=F_d2;8900;INTARIAN_PEPPER_ROOT;11397;10;11394;17;;;11410;18;11414;23;;;11403.5;0.0
yf_ZC=F_d2;9000;ASH_COATED_OSMIUM;9936;15;9934;29;;;9948;15;9950;24;;;9942.0;0.0
yf_ZC=F_d2;9000;INTARIAN_PEPPER_ROOT;11399;9;11397;11;;;11405;13;11409;17;;;11402.0;0.0
yf_ZC=F_d2;9100;ASH_COATED_OSMIUM;9935;15;9933;16;;;9948;16;9951;22;;;9941.5;0.0
yf_ZC=F_d2;9100;INTARIAN_PEPPER_ROOT;11397;16;11393;10;;;11403;16;11406;16;;;11400.0;0.0
yf_ZC=F_d2;9200;ASH_COATED_OSMIUM;9939;15;9935;27;;;9945;17;9947;16;;;9942.0;0.0
yf_ZC=F_d2;9200;INTARIAN_PEPPER_ROOT;11394;22;11391;20;;;11400;13;11403;16;;;11397.0;0.0
yf_ZC=F_d2;9300;ASH_COATED_OSMIUM;9932;13;9928;15;;;9951;7;9954;22;;;9941.5;0.0
yf_ZC=F_d2;9300;INTARIAN_PEPPER_ROOT;11385;16;11383;32;;;11404;20;11408;17;;;11394.5;0.0
yf_ZC=F_d2;9400;ASH_COATED_OSMIUM;9937;12;9934;18;;;9947;9;9949;24;;;9942.0;0.0
yf_ZC=F_d2;9400;INTARIAN_PEPPER_ROOT;11389;8;11387;17;;;11395;15;11397;23;;;11392.0;0.0
yf_ZC=F_d2;9500;ASH_COATED_OSMIUM;9939;21;9936;29;;;9945;14;9948;11;;;9942.0;0.0
yf_ZC=F_d2;9500;INTARIAN_PEPPER_ROOT;11376;14;11374;14;;;11403;14;11406;19;;;11389.5;0.0
yf_ZC=F_d2;9600;ASH_COATED_OSMIUM;9939;11;9937;18;;;9945;20;9949;27;;;9942.0;0.0
yf_ZC=F_d2;9600;INTARIAN_PEPPER_ROOT;11381;15;11379;26;;;11394;22;11398;13;;;11387.5;0.0
yf_ZC=F_d2;9700;ASH_COATED_OSMIUM;9938;5;9934;22;;;9944;11;9948;29;;;9941.0;0.0
yf_ZC=F_d2;9700;INTARIAN_PEPPER_ROOT;11382;17;11378;24;;;11388;16;11392;22;;;11385.0;0.0
yf_ZC=F_d2;9800;ASH_COATED_OSMIUM;9938;13;9936;29;;;9944;8;9948;21;;;9941.0;0.0
yf_ZC=F_d2;9800;INTARIAN_PEPPER_ROOT;11373;15;11370;14;;;11391;11;11393;29;;;11382.0;0.0
yf_ZC=F_d2;9900;ASH_COATED_OSMIUM;9937;12;9935;18;;;9946;10;9950;15;;;9941.5;0.0
yf_ZC=F_d2;9900;INTARIAN_PEPPER_ROOT;11375;15;11373;13;;;11385;16;11387;26;;;11380.0;0.0
yf_ZC=F_d2;10000;ASH_COATED_OSMIUM;9931;12;9929;18;;;9953;18;9955;23;;;9942.0;0.0
yf_ZC=F_d2;10000;INTARIAN_PEPPER_ROOT;11374;18;11371;19;;;11380;8;11384;16;;;11377.0;0.0
yf_ZC=F_d2;10100;ASH_COATED_OSMIUM;9938;20;9934;25;;;9947;20;9950;25;;;9942.5;0.0
yf_ZC=F_d2;10100;INTARIAN_PEPPER_ROOT;11372;6;11370;19;;;11378;10;11382;22;;;11375.0;0.0
yf_ZC=F_d2;10200;ASH_COATED_OSMIUM;9939;13;9937;10;;;9945;10;9949;14;;;9942.0;0.0
yf_ZC=F_d2;10200;INTARIAN_PEPPER_ROOT;11370;11;11366;14;;;11376;23;11380;14;;;11373.0;0.0
yf_ZC=F_d2;10300;ASH_COATED_OSMIUM;9939;18;9936;27;;;9945;5;9947;22;;;9942.0;0.0
yf_ZC=F_d2;10300;INTARIAN_PEPPER_ROOT;11362;20;11360;18;;;11379;15;11382;28;;;11370.5;0.0
yf_ZC=F_d2;10400;ASH_COATED_OSMIUM;9939;23;9936;21;;;9945;6;9947;23;;;9942.0;0.0
yf_ZC=F_d2;10400;INTARIAN_PEPPER_ROOT;11365;15;11363;27;;;11371;20;11375;26;;;11368.0;0.0
yf_ZC=F_d2;10500;ASH_COATED_OSMIUM;9937;18;9933;17;;;9947;15;9950;16;;;9942.0;0.0
yf_ZC=F_d2;10500;INTARIAN_PEPPER_ROOT;11363;8;11359;13;;;11369;17;11371;17;;;11366.0;0.0
yf_ZC=F_d2;10600;ASH_COATED_OSMIUM;9939;13;9936;14;;;9945;17;9947;20;;;9942.0;0.0
yf_ZC=F_d2;10600;INTARIAN_PEPPER_ROOT;11361;11;11358;22;;;11367;17;11370;19;;;11364.0;0.0
yf_ZC=F_d2;10700;ASH_COATED_OSMIUM;9939;8;9935;13;;;9945;14;9949;13;;;9942.0;0.0
yf_ZC=F_d2;10700;INTARIAN_PEPPER_ROOT;11358;22;11355;19;;;11364;14;11366;27;;;11361.0;0.0
yf_ZC=F_d2;10800;ASH_COATED_OSMIUM;9939;17;9937;19;;;9945;9;9949;18;;;9942.0;0.0
yf_ZC=F_d2;10800;INTARIAN_PEPPER_ROOT;11356;12;11352;22;;;11362;17;11366;23;;;11359.0;0.0
yf_ZC=F_d2;10900;ASH_COATED_OSMIUM;9939;13;9936;15;;;9945;7;9948;22;;;9942.0;0.0
yf_ZC=F_d2;10900;INTARIAN_PEPPER_ROOT;11353;9;11351;30;;;11359;18;11361;20;;;11356.0;0.0
yf_ZC=F_d2;11000;ASH_COATED_OSMIUM;9932;11;9929;22;;;9952;17;9954;25;;;9942.0;0.0
yf_ZC=F_d2;11000;INTARIAN_PEPPER_ROOT;11351;8;11349;25;;;11357;26;11359;28;;;11354.0;0.0
yf_ZC=F_d2;11100;ASH_COATED_OSMIUM;9938;20;9936;18;;;9948;21;9951;21;;;9943.0;0.0
yf_ZC=F_d2;11100;INTARIAN_PEPPER_ROOT;11339;16;11336;26;;;11364;16;11368;20;;;11351.5;0.0
yf_ZC=F_d2;11200;ASH_COATED_OSMIUM;9933;8;9930;20;;;9952;12;9956;26;;;9942.5;0.0
yf_ZC=F_d2;11200;INTARIAN_PEPPER_ROOT;11346;18;11342;19;;;11353;8;11357;12;;;11349.5;0.0
yf_ZC=F_d2;11300;ASH_COATED_OSMIUM;9940;27;9937;22;;;9946;18;9948;20;;;9943.0;0.0
yf_ZC=F_d2;11300;INTARIAN_PEPPER_ROOT;11343;12;11341;27;;;11350;20;11352;13;;;11346.5;0.0
yf_ZC=F_d2;11400;ASH_COATED_OSMIUM;9938;11;9936;24;;;9945;13;9947;22;;;9941.5;0.0
yf_ZC=F_d2;11400;INTARIAN_PEPPER_ROOT;11341;15;11338;14;;;11347;16;11351;25;;;11344.0;0.0
yf_ZC=F_d2;11500;ASH_COATED_OSMIUM;9939;16;9936;19;;;9945;15;9947;19;;;9942.0;0.0
yf_ZC=F_d2;11500;INTARIAN_PEPPER_ROOT;11339;14;11337;23;;;11345;11;11347;11;;;11342.0;0.0
yf_ZC=F_d2;11600;ASH_COATED_OSMIUM;9939;16;9935;22;;;9945;13;9948;11;;;9942.0;0.0
yf_ZC=F_d2;11600;INTARIAN_PEPPER_ROOT;11337;5;11333;18;;;11343;9;11346;17;;;11340.0;0.0
yf_ZC=F_d2;11700;ASH_COATED_OSMIUM;9940;12;9937;23;;;9946;15;9950;32;;;9943.0;0.0
yf_ZC=F_d2;11700;INTARIAN_PEPPER_ROOT;11333;11;11331;23;;;11342;25;11346;22;;;11337.5;0.0
yf_ZC=F_d2;11800;ASH_COATED_OSMIUM;9940;21;9937;21;;;9946;19;9950;25;;;9943.0;0.0
yf_ZC=F_d2;11800;INTARIAN_PEPPER_ROOT;11332;14;11328;27;;;11338;13;11341;26;;;11335.0;0.0
yf_ZC=F_d2;11900;ASH_COATED_OSMIUM;9935;5;9931;23;;;9950;18;9952;19;;;9942.5;0.0
yf_ZC=F_d2;11900;INTARIAN_PEPPER_ROOT;11328;13;11324;21;;;11336;21;11339;23;;;11332.0;0.0
yf_ZC=F_d2;12000;ASH_COATED_OSMIUM;9939;10;9935;29;;;9945;21;9948;19;;;9942.0;0.0
yf_ZC=F_d2;12000;INTARIAN_PEPPER_ROOT;11326;15;11324;18;;;11334;16;11336;21;;;11330.0;0.0
yf_ZC=F_d2;12100;ASH_COATED_OSMIUM;9940;12;9937;24;;;9946;14;9948;21;;;9943.0;0.0
yf_ZC=F_d2;12100;INTARIAN_PEPPER_ROOT;11324;5;11322;26;;;11330;11;11334;14;;;11327.0;0.0
yf_ZC=F_d2;12200;ASH_COATED_OSMIUM;9938;14;9935;21;;;9948;16;9952;31;;;9943.0;0.0
yf_ZC=F_d2;12200;INTARIAN_PEPPER_ROOT;11322;9;11320;17;;;11328;15;11331;12;;;11325.0;0.0
yf_ZC=F_d2;12300;ASH_COATED_OSMIUM;9939;17;9936;13;;;9946;21;9948;20;;;9942.5;0.0
yf_ZC=F_d2;12300;INTARIAN_PEPPER_ROOT;11320;17;11317;21;;;11326;18;11328;17;;;11323.0;0.0
yf_ZC=F_d2;12400;ASH_COATED_OSMIUM;9940;13;9936;17;;;9946;13;9948;24;;;9943.0;0.0
yf_ZC=F_d2;12400;INTARIAN_PEPPER_ROOT;11318;9;11316;17;;;11324;7;11327;13;;;11321.0;0.0
yf_ZC=F_d2;12500;ASH_COATED_OSMIUM;9937;11;9933;21;;;9947;7;9949;19;;;9942.0;0.0
yf_ZC=F_d2;12500;INTARIAN_PEPPER_ROOT;11314;11;11312;11;;;11322;10;11324;20;;;11318.0;0.0
yf_ZC=F_d2;12600;ASH_COATED_OSMIUM;9940;15;9937;12;;;9946;12;9948;18;;;9943.0;0.0
yf_ZC=F_d2;12600;INTARIAN_PEPPER_ROOT;11310;14;11308;17;;;11322;7;11324;20;;;11316.0;0.0
yf_ZC=F_d2;12700;ASH_COATED_OSMIUM;9939;14;9935;18;;;9945;16;9947;16;;;9942.0;0.0
yf_ZC=F_d2;12700;INTARIAN_PEPPER_ROOT;11308;5;11305;26;;;11318;17;11321;18;;;11313.0;0.0
yf_ZC=F_d2;12800;ASH_COATED_OSMIUM;9939;8;9935;14;;;9947;13;9949;19;;;9943.0;0.0
yf_ZC=F_d2;12800;INTARIAN_PEPPER_ROOT;11307;8;11304;24;;;11315;5;11319;20;;;11311.0;0.0
yf_ZC=F_d2;12900;ASH_COATED_OSMIUM;9939;16;9936;20;;;9948;8;9951;20;;;9943.5;0.0
yf_ZC=F_d2;12900;INTARIAN_PEPPER_ROOT;11304;14;11301;10;;;11314;9;11316;17;;;11309.0;0.0
yf_ZC=F_d2;13000;ASH_COATED_OSMIUM;9940;16;9936;8;;;9947;13;9951;17;;;9943.5;0.0
yf_ZC=F_d2;13000;INTARIAN_PEPPER_ROOT;11292;7;11288;25;;;11321;10;11323;19;;;11306.5;0.0
yf_ZC=F_d2;13100;ASH_COATED_OSMIUM;9940;14;9937;25;;;9946;15;9950;20;;;9943.0;0.0
yf_ZC=F_d2;13100;INTARIAN_PEPPER_ROOT;11296;19;11292;28;;;11313;12;11317;20;;;11304.5;0.0
yf_ZC=F_d2;13200;ASH_COATED_OSMIUM;9938;15;9936;26;;;9948;13;9950;26;;;9943.0;0.0
yf_ZC=F_d2;13200;INTARIAN_PEPPER_ROOT;11298;19;11294;21;;;11304;20;11307;15;;;11301.0;0.0
yf_ZC=F_d2;13300;ASH_COATED_OSMIUM;9940;5;9938;16;;;9946;15;9949;23;;;9943.0;0.0
yf_ZC=F_d2;13300;INTARIAN_PEPPER_ROOT;11290;12;11286;20;;;11307;21;11311;28;;;11298.5;0.0
yf_ZC=F_d2;13400;ASH_COATED_OSMIUM;9941;13;9939;25;;;9947;16;9951;20;;;9944.0;0.0
yf_ZC=F_d2;13400;INTARIAN_PEPPER_ROOT;11293;14;11291;16;;;11299;19;11303;15;;;11296.0;0.0
yf_ZC=F_d2;13500;ASH_COATED_OSMIUM;9940;16;9936;18;;;9946;13;9950;18;;;9943.0;0.0
yf_ZC=F_d2;13500;INTARIAN_PEPPER_ROOT;11292;18;11289;25;;;11298;22;11301;18;;;11295.0;0.0
yf_ZC=F_d2;13600;ASH_COATED_OSMIUM;9935;14;9933;23;;;9952;13;9954;28;;;9943.5;0.0
yf_ZC=F_d2;13600;INTARIAN_PEPPER_ROOT;11289;5;11287;24;;;11295;19;11298;19;;;11292.0;0.0
yf_ZC=F_d2;13700;ASH_COATED_OSMIUM;9940;10;9938;13;;;9946;17;9948;17;;;9943.0;0.0
yf_ZC=F_d2;13700;INTARIAN_PEPPER_ROOT;11287;11;11285;20;;;11293;21;11296;17;;;11290.0;0.0
yf_ZC=F_d2;13800;ASH_COATED_OSMIUM;9940;11;9937;12;;;9946;15;9948;17;;;9943.0;0.0
yf_ZC=F_d2;13800;INTARIAN_PEPPER_ROOT;11284;22;11282;23;;;11290;10;11294;26;;;11287.0;0.0
yf_ZC=F_d2;13900;ASH_COATED_OSMIUM;9939;10;9937;19;;;9947;23;9951;22;;;9943.0;0.0
yf_ZC=F_d2;13900;INTARIAN_PEPPER_ROOT;11282;15;11279;13;;;11288;15;11291;23;;;11285.0;0.0
yf_ZC=F_d2;14000;ASH_COATED_OSMIUM;9940;10;9936;19;;;9946;18;9949;23;;;9943.0;0.0
yf_ZC=F_d2;14000;INTARIAN_PEPPER_ROOT;11279;26;11277;24;;;11285;18;11288;19;;;11282.0;0.0
yf_ZC=F_d2;14100;ASH_COATED_OSMIUM;9939;5;9935;13;;;9948;9;9952;13;;;9943.5;0.0
yf_ZC=F_d2;14100;INTARIAN_PEPPER_ROOT;11277;15;11275;24;;;11283;10;11287;13;;;11280.0;0.0
yf_ZC=F_d2;14200;ASH_COATED_OSMIUM;9940;12;9937;28;;;9946;22;9950;28;;;9943.0;0.0
yf_ZC=F_d2;14200;INTARIAN_PEPPER_ROOT;11275;10;11272;13;;;11281;8;11284;22;;;11278.0;0.0
yf_ZC=F_d2;14300;ASH_COATED_OSMIUM;9940;12;9937;15;;;9946;15;9949;19;;;9943.0;0.0
yf_ZC=F_d2;14300;INTARIAN_PEPPER_ROOT;11271;17;11267;24;;;11280;14;11283;17;;;11275.5;0.0
yf_ZC=F_d2;14400;ASH_COATED_OSMIUM;9939;10;9935;21;;;9947;20;9950;19;;;9943.0;0.0
yf_ZC=F_d2;14400;INTARIAN_PEPPER_ROOT;11270;11;11266;15;;;11276;22;11280;23;;;11273.0;0.0
yf_ZC=F_d2;14500;ASH_COATED_OSMIUM;9941;13;9937;20;;;9947;13;9951;30;;;9944.0;0.0
yf_ZC=F_d2;14500;INTARIAN_PEPPER_ROOT;11242;6;11240;19;;;11300;13;11304;15;;;11271.0;0.0
yf_ZC=F_d2;14600;ASH_COATED_OSMIUM;9940;12;9936;21;;;9946;14;9949;17;;;9943.0;0.0
yf_ZC=F_d2;14600;INTARIAN_PEPPER_ROOT;11264;14;11261;22;;;11272;14;11274;19;;;11268.0;0.0
yf_ZC=F_d2;14700;ASH_COATED_OSMIUM;9939;11;9937;13;;;9947;7;9950;22;;;9943.0;0.0
yf_ZC=F_d2;14700;INTARIAN_PEPPER_ROOT;11262;22;11260;24;;;11268;15;11270;19;;;11265.0;0.0
yf_ZC=F_d2;14800;ASH_COATED_OSMIUM;9940;8;9936;16;;;9946;11;9949;22;;;9943.0;0.0
yf_ZC=F_d2;14800;INTARIAN_PEPPER_ROOT;11258;16;11255;17;;;11269;14;11273;30;;;11263.5;0.0
yf_ZC=F_d2;14900;ASH_COATED_OSMIUM;9941;19;9938;19;;;9947;12;9951;16;;;9944.0;0.0
yf_ZC=F_d2;14900;INTARIAN_PEPPER_ROOT;11258;25;11254;12;;;11264;13;11267;17;;;11261.0;0.0
yf_ZC=F_d2;15000;ASH_COATED_OSMIUM;9940;16;9936;20;;;9948;6;9951;19;;;9944.0;0.0
yf_ZC=F_d2;15000;INTARIAN_PEPPER_ROOT;11255;19;11252;22;;;11262;12;11266;13;;;11258.5;0.0
yf_ZC=F_d2;15100;ASH_COATED_OSMIUM;9940;17;9936;22;;;9946;17;9949;11;;;9943.0;0.0
yf_ZC=F_d2;15100;INTARIAN_PEPPER_ROOT;11254;13;11250;12;;;11260;14;11263;19;;;11257.0;0.0
yf_ZC=F_d2;15200;ASH_COATED_OSMIUM;9940;8;9937;22;;;9946;5;9949;14;;;9943.0;0.0
yf_ZC=F_d2;15200;INTARIAN_PEPPER_ROOT;11250;6;11248;21;;;11256;16;11259;11;;;11253.0;0.0
yf_ZC=F_d2;15300;ASH_COATED_OSMIUM;9941;15;9937;15;;;9947;16;9951;15;;;9944.0;0.0
yf_ZC=F_d2;15300;INTARIAN_PEPPER_ROOT;11249;14;11245;17;;;11255;19;11257;16;;;11252.0;0.0
yf_ZC=F_d2;15400;ASH_COATED_OSMIUM;9941;13;9937;21;;;9947;19;9951;24;;;9944.0;0.0
yf_ZC=F_d2;15400;INTARIAN_PEPPER_ROOT;11246;15;11244;30;;;11252;7;11254;9;;;11249.0;0.0
yf_ZC=F_d2;15500;ASH_COATED_OSMIUM;9932;17;9928;20;;;9955;17;9958;28;;;9943.5;0.0
yf_ZC=F_d2;15500;INTARIAN_PEPPER_ROOT;11243;7;11240;24;;;11249;15;11251;18;;;11246.0;0.0
yf_ZC=F_d2;15600;ASH_COATED_OSMIUM;9940;8;9938;11;;;9946;11;9950;27;;;9943.0;0.0
yf_ZC=F_d2;15600;INTARIAN_PEPPER_ROOT;11237;22;11234;23;;;11250;18;11253;28;;;11243.5;0.0
yf_ZC=F_d2;15700;ASH_COATED_OSMIUM;9941;23;9938;8;;;9947;18;9949;8;;;9944.0;0.0
yf_ZC=F_d2;15700;INTARIAN_PEPPER_ROOT;11238;24;11235;33;;;11244;12;11248;19;;;11241.0;0.0
yf_ZC=F_d2;15800;ASH_COATED_OSMIUM;9941;18;9939;18;;;9947;16;9950;24;;;9944.0;0.0
yf_ZC=F_d2;15800;INTARIAN_PEPPER_ROOT;11236;10;11234;12;;;11242;27;11246;12;;;11239.0;0.0
yf_ZC=F_d2;15900;ASH_COATED_OSMIUM;9937;9;9933;25;;;9950;24;9952;22;;;9943.5;0.0
yf_ZC=F_d2;15900;INTARIAN_PEPPER_ROOT;11234;15;11230;14;;;11240;14;11244;22;;;11237.0;0.0
yf_ZC=F_d2;16000;ASH_COATED_OSMIUM;9940;15;9936;22;;;9946;12;9950;20;;;9943.0;0.0
yf_ZC=F_d2;16000;INTARIAN_PEPPER_ROOT;11232;20;11230;17;;;11238;17;11240;25;;;11235.0;0.0
yf_ZC=F_d2;16100;ASH_COATED_OSMIUM;9941;18;9938;18;;;9947;17;9951;13;;;9944.0;0.0
yf_ZC=F_d2;16100;INTARIAN_PEPPER_ROOT;11229;16;11226;23;;;11235;17;11238;23;;;11232.0;0.0
yf_ZC=F_d2;16200;ASH_COATED_OSMIUM;9941;14;9939;25;;;9947;17;9950;22;;;9944.0;0.0
yf_ZC=F_d2;16200;INTARIAN_PEPPER_ROOT;11226;14;11223;21;;;11232;23;11236;17;;;11229.0;0.0
yf_ZC=F_d2;16300;ASH_COATED_OSMIUM;9940;15;9936;23;;;9947;14;9949;21;;;9943.5;0.0
yf_ZC=F_d2;16300;INTARIAN_PEPPER_ROOT;11224;12;11222;23;;;11230;23;11233;35;;;11227.0;0.0
yf_ZC=F_d2;16400;ASH_COATED_OSMIUM;9939;5;9935;9;;;9948;15;9952;13;;;9943.5;0.0
yf_ZC=F_d2;16400;INTARIAN_PEPPER_ROOT;11222;12;11219;20;;;11228;15;11230;14;;;11225.0;0.0
yf_ZC=F_d2;16500;ASH_COATED_OSMIUM;9940;6;9937;19;;;9947;10;9950;22;;;9943.5;0.0
yf_ZC=F_d2;16500;INTARIAN_PEPPER_ROOT;11218;18;11214;17;;;11227;12;11230;12;;;11222.5;0.0
yf_ZC=F_d2;16600;ASH_COATED_OSMIUM;9939;7;9935;23;;;9948;28;9951;15;;;9943.5;0.0
yf_ZC=F_d2;16600;INTARIAN_PEPPER_ROOT;11216;20;11213;28;;;11224;12;11228;21;;;11220.0;0.0
yf_ZC=F_d2;16700;ASH_COATED_OSMIUM;9941;5;9938;25;;;9947;17;9949;14;;;9944.0;0.0
yf_ZC=F_d2;16700;INTARIAN_PEPPER_ROOT;11214;19;11211;21;;;11220;10;11223;19;;;11217.0;0.0
yf_ZC=F_d2;16800;ASH_COATED_OSMIUM;9939;19;9935;18;;;9950;21;9954;18;;;9944.5;0.0
yf_ZC=F_d2;16800;INTARIAN_PEPPER_ROOT;11213;16;11210;21;;;11219;12;11222;17;;;11216.0;0.0
yf_ZC=F_d2;16900;ASH_COATED_OSMIUM;9941;18;9939;22;;;9947;8;9950;8;;;9944.0;0.0
yf_ZC=F_d2;16900;INTARIAN_PEPPER_ROOT;11205;11;11202;18;;;11221;7;11223;13;;;11213.0;0.0
yf_ZC=F_d2;17000;ASH_COATED_OSMIUM;9941;16;9938;21;;;9947;9;9951;17;;;9944.0;0.0
yf_ZC=F_d2;17000;INTARIAN_PEPPER_ROOT;11209;14;11207;16;;;11215;23;11217;26;;;11212.0;0.0
yf_ZC=F_d2;17100;ASH_COATED_OSMIUM;9925;20;9923;23;;;9963;10;9967;25;;;9944.0;0.0
yf_ZC=F_d2;17100;INTARIAN_PEPPER_ROOT;11211;20;11209;15;;;11217;10;11221;22;;;11214.0;0.0
yf_ZC=F_d2;17200;ASH_COATED_OSMIUM;9942;8;9939;20;;;9948;16;9952;15;;;9945.0;0.0
yf_ZC=F_d2;17200;INTARIAN_PEPPER_ROOT;11211;8;11208;18;;;11218;9;11222;18;;;11214.5;0.0
yf_ZC=F_d2;17300;ASH_COATED_OSMIUM;9940;16;9938;28;;;9949;8;9951;29;;;9944.5;0.0
yf_ZC=F_d2;17300;INTARIAN_PEPPER_ROOT;11206;13;11203;29;;;11228;6;11230;26;;;11217.0;0.0
yf_ZC=F_d2;17400;ASH_COATED_OSMIUM;9929;18;9925;13;;;9961;14;9963;17;;;9945.0;0.0
yf_ZC=F_d2;17400;INTARIAN_PEPPER_ROOT;11208;14;11205;19;;;11228;27;11232;19;;;11218.0;0.0
yf_ZC=F_d2;17500;ASH_COATED_OSMIUM;9942;11;9939;15;;;9948;14;9950;28;;;9945.0;0.0
yf_ZC=F_d2;17500;INTARIAN_PEPPER_ROOT;11217;16;11213;13;;;11223;15;11225;11;;;11220.0;0.0
yf_ZC=F_d2;17600;ASH_COATED_OSMIUM;9940;20;9936;20;;;9950;9;9952;15;;;9945.0;0.0
yf_ZC=F_d2;17600;INTARIAN_PEPPER_ROOT;11215;23;11211;25;;;11226;17;11230;24;;;11220.5;0.0
yf_ZC=F_d2;17700;ASH_COATED_OSMIUM;9939;8;9936;15;;;9952;15;9955;20;;;9945.5;0.0
yf_ZC=F_d2;17700;INTARIAN_PEPPER_ROOT;11219;20;11217;22;;;11225;7;11227;16;;;11222.0;0.0
yf_ZC=F_d2;17800;ASH_COATED_OSMIUM;9942;6;9940;22;;;9948;15;9952;9;;;9945.0;0.0
yf_ZC=F_d2;17800;INTARIAN_PEPPER_ROOT;11221;17;11219;17;;;11227;9;11229;25;;;11224.0;0.0
yf_ZC=F_d2;17900;ASH_COATED_OSMIUM;9943;25;9940;19;;;9949;17;9952;20;;;9946.0;0.0
yf_ZC=F_d2;17900;INTARIAN_PEPPER_ROOT;11221;14;11218;19;;;11228;20;11231;24;;;11224.5;0.0
yf_ZC=F_d2;18000;ASH_COATED_OSMIUM;9943;16;9940;21;;;9949;11;9952;22;;;9946.0;0.0
yf_ZC=F_d2;18000;INTARIAN_PEPPER_ROOT;11223;20;11219;20;;;11229;21;11231;18;;;11226.0;0.0
yf_ZC=F_d2;18100;ASH_COATED_OSMIUM;9940;5;9936;26;;;9953;8;9956;20;;;9946.5;0.0
yf_ZC=F_d2;18100;INTARIAN_PEPPER_ROOT;11224;11;11220;8;;;11230;23;11233;24;;;11227.0;0.0
yf_ZC=F_d2;18200;ASH_COATED_OSMIUM;9943;13;9939;12;;;9949;17;9953;13;;;9946.0;0.0
yf_ZC=F_d2;18200;INTARIAN_PEPPER_ROOT;11225;12;11221;16;;;11231;12;11234;23;;;11228.0;0.0
yf_ZC=F_d2;18300;ASH_COATED_OSMIUM;9937;11;9934;22;;;9954;11;9956;12;;;9945.5;0.0
yf_ZC=F_d2;18300;INTARIAN_PEPPER_ROOT;11227;15;11225;20;;;11233;18;11236;23;;;11230.0;0.0
yf_ZC=F_d2;18400;ASH_COATED_OSMIUM;9944;10;9941;19;;;9950;18;9952;24;;;9947.0;0.0
yf_ZC=F_d2;18400;INTARIAN_PEPPER_ROOT;11228;18;11224;21;;;11234;16;11238;23;;;11231.0;0.0
yf_ZC=F_d2;18500;ASH_COATED_OSMIUM;9941;6;9938;19;;;9952;18;9956;14;;;9946.5;0.0
yf_ZC=F_d2;18500;INTARIAN_PEPPER_ROOT;11230;14;11228;21;;;11236;8;11239;24;;;11233.0;0.0
yf_ZC=F_d2;18600;ASH_COATED_OSMIUM;9938;9;9936;19;;;9955;17;9957;28;;;9946.5;0.0
yf_ZC=F_d2;18600;INTARIAN_PEPPER_ROOT;11230;18;11226;15;;;11236;12;11238;14;;;11233.0;0.0
yf_ZC=F_d2;18700;ASH_COATED_OSMIUM;9944;10;9941;17;;;9950;18;9952;8;;;9947.0;0.0
yf_ZC=F_d2;18700;INTARIAN_PEPPER_ROOT;11232;12;11229;20;;;11238;20;11240;23;;;11235.0;0.0
yf_ZC=F_d2;18800;ASH_COATED_OSMIUM;9943;14;9939;13;;;9950;16;9952;22;;;9946.5;0.0
yf_ZC=F_d2;18800;INTARIAN_PEPPER_ROOT;11232;13;11229;17;;;11240;10;11242;19;;;11236.0;0.0
yf_ZC=F_d2;18900;ASH_COATED_OSMIUM;9936;14;9933;13;;;9957;7;9960;21;;;9946.5;0.0
yf_ZC=F_d2;18900;INTARIAN_PEPPER_ROOT;11234;14;11231;20;;;11242;13;11246;20;;;11238.0;0.0
yf_ZC=F_d2;19000;ASH_COATED_OSMIUM;9942;10;9939;20;;;9952;12;9956;15;;;9947.0;0.0
yf_ZC=F_d2;19000;INTARIAN_PEPPER_ROOT;11236;23;11234;18;;;11242;15;11244;17;;;11239.0;0.0
yf_ZC=F_d2;19100;ASH_COATED_OSMIUM;9944;5;9941;16;;;9950;12;9952;25;;;9947.0;0.0
yf_ZC=F_d2;19100;INTARIAN_PEPPER_ROOT;11232;18;11230;20;;;11249;12;11251;10;;;11240.5;0.0
yf_ZC=F_d2;19200;ASH_COATED_OSMIUM;9944;14;9942;20;;;9950;19;9953;27;;;9947.0;0.0
yf_ZC=F_d2;19200;INTARIAN_PEPPER_ROOT;11238;17;11235;20;;;11244;13;11247;12;;;11241.0;0.0
yf_ZC=F_d2;19300;ASH_COATED_OSMIUM;9939;20;9936;22;;;9956;14;9960;12;;;9947.5;0.0
yf_ZC=F_d2;19300;INTARIAN_PEPPER_ROOT;11240;14;11238;15;;;11246;23;11249;13;;;11243.0;0.0
yf_ZC=F_d2;19400;ASH_COATED_OSMIUM;9945;22;9942;22;;;9951;17;9955;33;;;9948.0;0.0
yf_ZC=F_d2;19400;INTARIAN_PEPPER_ROOT;11241;20;11239;23;;;11247;18;11251;11;;;11244.0;0.0
yf_ZC=F_d2;19500;ASH_COATED_OSMIUM;9945;19;9941;16;;;9951;19;9953;23;;;9948.0;0.0
yf_ZC=F_d2;19500;INTARIAN_PEPPER_ROOT;11242;18;11238;17;;;11248;13;11250;20;;;11245.0;0.0
yf_ZC=F_d2;19600;ASH_COATED_OSMIUM;9943;8;9941;25;;;9952;9;9954;8;;;9947.5;0.0
yf_ZC=F_d2;19600;INTARIAN_PEPPER_ROOT;11244;5;11242;18;;;11250;29;11253;24;;;11247.0;0.0
yf_ZC=F_d2;19700;ASH_COATED_OSMIUM;9944;18;9940;15;;;9952;5;9954;19;;;9948.0;0.0
yf_ZC=F_d2;19700;INTARIAN_PEPPER_ROOT;11245;25;11242;14;;;11251;15;11253;30;;;11248.0;0.0
yf_ZC=F_d2;19800;ASH_COATED_OSMIUM;9943;18;9939;9;;;9954;11;9958;8;;;9948.5;0.0
yf_ZC=F_d2;19800;INTARIAN_PEPPER_ROOT;11247;17;11244;28;;;11253;16;11257;26;;;11250.0;0.0
yf_ZC=F_d2;19900;ASH_COATED_OSMIUM;9945;21;9941;21;;;9951;18;9954;16;;;9948.0;0.0
yf_ZC=F_d2;19900;INTARIAN_PEPPER_ROOT;11247;17;11243;18;;;11253;20;11255;19;;;11250.0;0.0
yf_ZC=F_d2;20000;ASH_COATED_OSMIUM;9945;7;9942;26;;;9951;9;9955;20;;;9948.0;0.0
yf_ZC=F_d2;20000;INTARIAN_PEPPER_ROOT;11241;15;11239;22;;;11264;20;11266;24;;;11252.5;0.0
yf_ZC=F_d2;20100;ASH_COATED_OSMIUM;9946;9;9944;20;;;9952;13;9954;12;;;9949.0;0.0
yf_ZC=F_d2;20100;INTARIAN_PEPPER_ROOT;11250;17;11248;27;;;11256;11;11258;18;;;11253.0;0.0
yf_ZC=F_d2;20200;ASH_COATED_OSMIUM;9937;14;9935;19;;;9960;12;9964;25;;;9948.5;0.0
yf_ZC=F_d2;20200;INTARIAN_PEPPER_ROOT;11252;13;11248;19;;;11258;7;11261;24;;;11255.0;0.0
yf_ZC=F_d2;20300;ASH_COATED_OSMIUM;9938;14;9936;26;;;9961;19;9964;23;;;9949.5;0.0
yf_ZC=F_d2;20300;INTARIAN_PEPPER_ROOT;11253;13;11250;21;;;11259;15;11262;23;;;11256.0;0.0
yf_ZC=F_d2;20400;ASH_COATED_OSMIUM;9944;14;9940;22;;;9955;23;9957;28;;;9949.5;0.0
yf_ZC=F_d2;20400;INTARIAN_PEPPER_ROOT;11255;12;11253;20;;;11261;19;11263;18;;;11258.0;0.0
yf_ZC=F_d2;20500;ASH_COATED_OSMIUM;9947;9;9945;23;;;9953;13;9956;16;;;9950.0;0.0
yf_ZC=F_d2;20500;INTARIAN_PEPPER_ROOT;11256;15;11253;14;;;11262;22;11265;12;;;11259.0;0.0
yf_ZC=F_d2;20600;ASH_COATED_OSMIUM;9946;22;9942;12;;;9952;18;9956;20;;;9949.0;0.0
yf_ZC=F_d2;20600;INTARIAN_PEPPER_ROOT;11256;18;11252;15;;;11263;15;11267;18;;;11259.5;0.0
yf_ZC=F_d2;20700;ASH_COATED_OSMIUM;9937;15;9934;18;;;9962;19;9965;18;;;9949.5;0.0
yf_ZC=F_d2;20700;INTARIAN_PEPPER_ROOT;11254;13;11251;21;;;11269;16;11273;24;;;11261.5;0.0
yf_ZC=F_d2;20800;ASH_COATED_OSMIUM;9942;21;9940;16;;;9958;13;9962;21;;;9950.0;0.0
yf_ZC=F_d2;20800;INTARIAN_PEPPER_ROOT;11260;17;11256;20;;;11266;15;11268;19;;;11263.0;0.0
yf_ZC=F_d2;20900;ASH_COATED_OSMIUM;9942;15;9938;15;;;9957;6;9959;22;;;9949.5;0.0
yf_ZC=F_d2;20900;INTARIAN_PEPPER_ROOT;11261;16;11259;13;;;11267;16;11271;29;;;11264.0;0.0
yf_ZC=F_d2;21000;ASH_COATED_OSMIUM;9947;6;9945;12;;;9954;13;9956;24;;;9950.5;0.0
yf_ZC=F_d2;21000;INTARIAN_PEPPER_ROOT;11262;21;11259;16;;;11268;18;11272;22;;;11265.0;0.0
yf_ZC=F_d2;21100;ASH_COATED_OSMIUM;9942;11;9939;22;;;9957;21;9960;21;;;9949.5;0.0
yf_ZC=F_d2;21100;INTARIAN_PEPPER_ROOT;11264;15;11262;12;;;11270;14;11272;17;;;11267.0;0.0
yf_ZC=F_d2;21200;ASH_COATED_OSMIUM;9937;16;9934;24;;;9964;13;9967;14;;;9950.5;0.0
yf_ZC=F_d2;21200;INTARIAN_PEPPER_ROOT;11265;16;11263;10;;;11271;27;11274;25;;;11268.0;0.0
yf_ZC=F_d2;21300;ASH_COATED_OSMIUM;9948;18;9945;21;;;9954;16;9956;27;;;9951.0;0.0
yf_ZC=F_d2;21300;INTARIAN_PEPPER_ROOT;11267;14;11264;8;;;11273;9;11275;16;;;11270.0;0.0
yf_ZC=F_d2;21400;ASH_COATED_OSMIUM;9944;19;9940;18;;;9957;16;9960;19;;;9950.5;0.0
yf_ZC=F_d2;21400;INTARIAN_PEPPER_ROOT;11264;21;11262;19;;;11278;20;11281;12;;;11271.0;0.0
yf_ZC=F_d2;21500;ASH_COATED_OSMIUM;9947;16;9945;21;;;9953;15;9955;20;;;9950.0;0.0
yf_ZC=F_d2;21500;INTARIAN_PEPPER_ROOT;11268;18;11265;20;;;11276;7;11279;27;;;11272.0;0.0
yf_ZC=F_d2;21600;ASH_COATED_OSMIUM;9948;8;9944;15;;;9954;11;9957;28;;;9951.0;0.0
yf_ZC=F_d2;21600;INTARIAN_PEPPER_ROOT;11264;20;11260;20;;;11284;10;11286;15;;;11274.0;0.0
yf_ZC=F_d2;21700;ASH_COATED_OSMIUM;9948;14;9945;18;;;9954;21;9957;10;;;9951.0;0.0
yf_ZC=F_d2;21700;INTARIAN_PEPPER_ROOT;11271;5;11268;8;;;11278;10;11280;21;;;11274.5;0.0
yf_ZC=F_d2;21800;ASH_COATED_OSMIUM;9947;9;9945;19;;;9955;16;9959;23;;;9951.0;0.0
yf_ZC=F_d2;21800;INTARIAN_PEPPER_ROOT;11273;18;11271;27;;;11279;11;11283;12;;;11276.0;0.0
yf_ZC=F_d2;21900;ASH_COATED_OSMIUM;9946;15;9942;20;;;9956;14;9958;21;;;9951.0;0.0
yf_ZC=F_d2;21900;INTARIAN_PEPPER_ROOT;11274;21;11272;12;;;11280;15;11283;25;;;11277.0;0.0
yf_ZC=F_d2;22000;ASH_COATED_OSMIUM;9948;11;9946;27;;;9954;23;9956;17;;;9951.0;0.0
yf_ZC=F_d2;22000;INTARIAN_PEPPER_ROOT;11276;7;11272;21;;;11282;12;11284;27;;;11279.0;0.0
yf_ZC=F_d2;22100;ASH_COATED_OSMIUM;9948;7;9944;20;;;9955;17;9958;26;;;9951.5;0.0
yf_ZC=F_d2;22100;INTARIAN_PEPPER_ROOT;11273;18;11269;14;;;11287;20;11291;27;;;11280.0;0.0
yf_ZC=F_d2;22200;ASH_COATED_OSMIUM;9949;12;9947;18;;;9955;6;9957;24;;;9952.0;0.0
yf_ZC=F_d2;22200;INTARIAN_PEPPER_ROOT;11274;5;11271;14;;;11288;12;11292;13;;;11281.0;0.0
yf_ZC=F_d2;22300;ASH_COATED_OSMIUM;9949;21;9945;20;;;9955;5;9958;21;;;9952.0;0.0
yf_ZC=F_d2;22300;INTARIAN_PEPPER_ROOT;11280;19;11277;22;;;11286;16;11289;15;;;11283.0;0.0
yf_ZC=F_d2;22400;ASH_COATED_OSMIUM;9949;7;9946;18;;;9955;14;9958;9;;;9952.0;0.0
yf_ZC=F_d2;22400;INTARIAN_PEPPER_ROOT;11281;14;11278;24;;;11287;18;11290;19;;;11284.0;0.0
yf_ZC=F_d2;22500;ASH_COATED_OSMIUM;9949;18;9947;19;;;9955;8;9957;24;;;9952.0;0.0
yf_ZC=F_d2;22500;INTARIAN_PEPPER_ROOT;11280;13;11278;23;;;11291;5;11293;21;;;11285.5;0.0
yf_ZC=F_d2;22600;ASH_COATED_OSMIUM;9950;18;9948;17;;;9956;18;9960;10;;;9953.0;0.0
yf_ZC=F_d2;22600;INTARIAN_PEPPER_ROOT;11283;10;11279;21;;;11289;14;11291;26;;;11286.0;0.0
yf_ZC=F_d2;22700;ASH_COATED_OSMIUM;9950;18;9946;24;;;9956;16;9960;28;;;9953.0;0.0
yf_ZC=F_d2;22700;INTARIAN_PEPPER_ROOT;11282;18;11280;15;;;11295;10;11298;22;;;11288.5;0.0
yf_ZC=F_d2;22800;ASH_COATED_OSMIUM;9950;17;9948;21;;;9956;21;9958;17;;;9953.0;0.0
yf_ZC=F_d2;22800;INTARIAN_PEPPER_ROOT;11287;7;11285;21;;;11293;18;11297;13;;;11290.0;0.0
yf_ZC=F_d2;22900;ASH_COATED_OSMIUM;9949;8;9945;20;;;9956;5;9960;23;;;9952.5;0.0
yf_ZC=F_d2;22900;INTARIAN_PEPPER_ROOT;11288;10;11286;17;;;11294;17;11298;20;;;11291.0;0.0
yf_ZC=F_d2;23000;ASH_COATED_OSMIUM;9950;24;9948;17;;;9956;18;9959;18;;;9953.0;0.0
yf_ZC=F_d2;23000;INTARIAN_PEPPER_ROOT;11289;17;11285;18;;;11295;17;11298;15;;;11292.0;0.0
yf_ZC=F_d2;23100;ASH_COATED_OSMIUM;9948;16;9944;24;;;9959;20;9963;13;;;9953.5;0.0
yf_ZC=F_d2;23100;INTARIAN_PEPPER_ROOT;11287;9;11285;27;;;11298;9;11301;18;;;11292.5;0.0
yf_ZC=F_d2;23200;ASH_COATED_OSMIUM;9948;18;9945;27;;;9959;23;9963;23;;;9953.5;0.0
yf_ZC=F_d2;23200;INTARIAN_PEPPER_ROOT;11291;19;11287;18;;;11297;12;11301;19;;;11294.0;0.0
yf_ZC=F_d2;23300;ASH_COATED_OSMIUM;9951;17;9949;21;;;9957;11;9959;16;;;9954.0;0.0
yf_ZC=F_d2;23300;INTARIAN_PEPPER_ROOT;11293;19;11289;22;;;11299;20;11302;24;;;11296.0;0.0
yf_ZC=F_d2;23400;ASH_COATED_OSMIUM;9950;12;9947;14;;;9956;18;9958;19;;;9953.0;0.0
yf_ZC=F_d2;23400;INTARIAN_PEPPER_ROOT;11294;20;11290;13;;;11300;19;11303;14;;;11297.0;0.0
yf_ZC=F_d2;23500;ASH_COATED_OSMIUM;9951;17;9948;14;;;9958;14;9962;19;;;9954.5;0.0
yf_ZC=F_d2;23500;INTARIAN_PEPPER_ROOT;11296;10;11292;22;;;11302;9;11306;25;;;11299.0;0.0
yf_ZC=F_d2;23600;ASH_COATED_OSMIUM;9950;11;9947;15;;;9956;11;9958;16;;;9953.0;0.0
yf_ZC=F_d2;23600;INTARIAN_PEPPER_ROOT;11296;15;11293;21;;;11302;15;11306;17;;;11299.0;0.0
yf_ZC=F_d2;23700;ASH_COATED_OSMIUM;9951;22;9949;32;;;9957;12;9959;25;;;9954.0;0.0
yf_ZC=F_d2;23700;INTARIAN_PEPPER_ROOT;11296;26;11294;17;;;11306;10;11308;20;;;11301.0;0.0
yf_ZC=F_d2;23800;ASH_COATED_OSMIUM;9951;16;9947;14;;;9957;10;9959;13;;;9954.0;0.0
yf_ZC=F_d2;23800;INTARIAN_PEPPER_ROOT;11300;8;11297;12;;;11306;12;11310;21;;;11303.0;0.0
yf_ZC=F_d2;23900;ASH_COATED_OSMIUM;9951;14;9948;20;;;9958;11;9960;23;;;9954.5;0.0
yf_ZC=F_d2;23900;INTARIAN_PEPPER_ROOT;11299;16;11297;22;;;11309;14;11312;25;;;11304.0;0.0
yf_ZC=F_d2;24000;ASH_COATED_OSMIUM;9950;9;9946;22;;;9959;15;9962;18;;;9954.5;0.0
yf_ZC=F_d2;24000;INTARIAN_PEPPER_ROOT;11302;11;11299;20;;;11308;12;11311;25;;;11305.0;0.0
yf_ZC=F_d2;24100;ASH_COATED_OSMIUM;9944;18;9940;18;;;9965;11;9967;20;;;9954.5;0.0
yf_ZC=F_d2;24100;INTARIAN_PEPPER_ROOT;11304;12;11300;9;;;11310;15;11312;23;;;11307.0;0.0
yf_ZC=F_d2;24200;ASH_COATED_OSMIUM;9949;20;9946;16;;;9960;10;9962;20;;;9954.5;0.0
yf_ZC=F_d2;24200;INTARIAN_PEPPER_ROOT;11305;19;11303;28;;;11311;13;11313;15;;;11308.0;0.0
yf_ZC=F_d2;24300;ASH_COATED_OSMIUM;9952;9;9950;18;;;9958;23;9962;21;;;9955.0;0.0
yf_ZC=F_d2;24300;INTARIAN_PEPPER_ROOT;11298;9;11296;11;;;11318;20;11322;28;;;11308.0;0.0
yf_ZC=F_d2;24400;ASH_COATED_OSMIUM;9952;5;9950;22;;;9958;15;9961;14;;;9955.0;0.0
yf_ZC=F_d2;24400;INTARIAN_PEPPER_ROOT;11307;18;11305;15;;;11313;19;11316;14;;;11310.0;0.0
yf_ZC=F_d2;24500;ASH_COATED_OSMIUM;9952;8;9948;30;;;9958;20;9962;19;;;9955.0;0.0
yf_ZC=F_d2;24500;INTARIAN_PEPPER_ROOT;11308;23;11305;17;;;11314;18;11316;31;;;11311.0;0.0
yf_ZC=F_d2;24600;ASH_COATED_OSMIUM;9952;18;9949;20;;;9959;14;9962;23;;;9955.5;0.0
yf_ZC=F_d2;24600;INTARIAN_PEPPER_ROOT;11304;11;11302;24;;;11322;7;11325;16;;;11313.0;0.0
yf_ZC=F_d2;24700;ASH_COATED_OSMIUM;9950;13;9947;21;;;9960;14;9962;21;;;9955.0;0.0
yf_ZC=F_d2;24700;INTARIAN_PEPPER_ROOT;11311;17;11307;18;;;11318;10;11321;27;;;11314.5;0.0
yf_ZC=F_d2;24800;ASH_COATED_OSMIUM;9953;19;9950;11;;;9959;13;9962;21;;;9956.0;0.0
yf_ZC=F_d2;24800;INTARIAN_PEPPER_ROOT;11313;5;11310;9;;;11319;9;11322;16;;;11316.0;0.0
yf_ZC=F_d2;24900;ASH_COATED_OSMIUM;9953;15;9950;20;;;9959;21;9962;13;;;9956.0;0.0
yf_ZC=F_d2;24900;INTARIAN_PEPPER_ROOT;11314;13;11311;25;;;11320;19;11324;17;;;11317.0;0.0
yf_ZC=F_d2;25000;ASH_COATED_OSMIUM;9953;12;9949;22;;;9959;18;9963;20;;;9956.0;0.0
yf_ZC=F_d2;25000;INTARIAN_PEPPER_ROOT;11315;15;11312;16;;;11321;16;11323;27;;;11318.0;0.0
yf_ZC=F_d2;25100;ASH_COATED_OSMIUM;9931;18;9928;17;;;9981;13;9983;21;;;9956.0;0.0
yf_ZC=F_d2;25100;INTARIAN_PEPPER_ROOT;11312;7;11310;16;;;11326;6;11330;14;;;11319.0;0.0
yf_ZC=F_d2;25200;ASH_COATED_OSMIUM;9954;15;9950;29;;;9960;17;9963;20;;;9957.0;0.0
yf_ZC=F_d2;25200;INTARIAN_PEPPER_ROOT;11318;28;11314;27;;;11324;13;11327;23;;;11321.0;0.0
yf_ZC=F_d2;25300;ASH_COATED_OSMIUM;9953;16;9950;20;;;9959;14;9963;11;;;9956.0;0.0
yf_ZC=F_d2;25300;INTARIAN_PEPPER_ROOT;11314;10;11311;12;;;11330;19;11333;27;;;11322.0;0.0
yf_ZC=F_d2;25400;ASH_COATED_OSMIUM;9953;14;9950;22;;;9959;12;9961;20;;;9956.0;0.0
yf_ZC=F_d2;25400;INTARIAN_PEPPER_ROOT;11319;18;11317;9;;;11329;18;11332;20;;;11324.0;0.0
yf_ZC=F_d2;25500;ASH_COATED_OSMIUM;9948;14;9946;15;;;9964;19;9967;22;;;9956.0;0.0
yf_ZC=F_d2;25500;INTARIAN_PEPPER_ROOT;11322;16;11319;19;;;11328;18;11330;15;;;11325.0;0.0
yf_ZC=F_d2;25600;ASH_COATED_OSMIUM;9951;15;9947;20;;;9962;20;9965;15;;;9956.5;0.0
yf_ZC=F_d2;25600;INTARIAN_PEPPER_ROOT;11323;27;11320;29;;;11329;16;11333;23;;;11326.0;0.0
yf_ZC=F_d2;25700;ASH_COATED_OSMIUM;9954;9;9950;26;;;9960;18;9962;22;;;9957.0;0.0
yf_ZC=F_d2;25700;INTARIAN_PEPPER_ROOT;11324;13;11320;25;;;11330;19;11333;24;;;11327.0;0.0
yf_ZC=F_d2;25800;ASH_COATED_OSMIUM;9954;16;9950;18;;;9960;13;9962;16;;;9957.0;0.0
yf_ZC=F_d2;25800;INTARIAN_PEPPER_ROOT;11324;11;11321;26;;;11335;23;11338;12;;;11329.5;0.0
yf_ZC=F_d2;25900;ASH_COATED_OSMIUM;9954;16;9951;19;;;9960;18;9962;21;;;9957.0;0.0
yf_ZC=F_d2;25900;INTARIAN_PEPPER_ROOT;11325;16;11322;15;;;11336;18;11338;26;;;11330.5;0.0
yf_ZC=F_d2;26000;ASH_COATED_OSMIUM;9942;9;9940;21;;;9972;18;9976;22;;;9957.0;0.0
yf_ZC=F_d2;26000;INTARIAN_PEPPER_ROOT;11324;19;11321;19;;;11337;22;11341;16;;;11330.5;0.0
yf_ZC=F_d2;26100;ASH_COATED_OSMIUM;9954;15;9952;23;;;9961;19;9964;19;;;9957.5;0.0
yf_ZC=F_d2;26100;INTARIAN_PEPPER_ROOT;11330;16;11328;26;;;11336;15;11340;13;;;11333.0;0.0
yf_ZC=F_d2;26200;ASH_COATED_OSMIUM;9952;19;9948;16;;;9964;6;9966;14;;;9958.0;0.0
yf_ZC=F_d2;26200;INTARIAN_PEPPER_ROOT;11325;16;11323;22;;;11343;21;11345;16;;;11334.0;0.0
yf_ZC=F_d2;26300;ASH_COATED_OSMIUM;9955;12;9951;16;;;9961;15;9965;24;;;9958.0;0.0
yf_ZC=F_d2;26300;INTARIAN_PEPPER_ROOT;11333;13;11330;20;;;11339;5;11343;17;;;11336.0;0.0
yf_ZC=F_d2;26400;ASH_COATED_OSMIUM;9947;5;9945;14;;;9968;14;9972;23;;;9957.5;0.0
yf_ZC=F_d2;26400;INTARIAN_PEPPER_ROOT;11334;12;11332;22;;;11340;11;11342;21;;;11337.0;0.0
yf_ZC=F_d2;26500;ASH_COATED_OSMIUM;9955;17;9951;16;;;9961;11;9965;20;;;9958.0;0.0
yf_ZC=F_d2;26500;INTARIAN_PEPPER_ROOT;11335;19;11331;20;;;11341;13;11343;20;;;11338.0;0.0
yf_ZC=F_d2;26600;ASH_COATED_OSMIUM;9955;18;9953;18;;;9961;16;9964;16;;;9958.0;0.0
yf_ZC=F_d2;26600;INTARIAN_PEPPER_ROOT;11337;16;11333;14;;;11343;16;11347;16;;;11340.0;0.0
yf_ZC=F_d2;26700;ASH_COATED_OSMIUM;9955;27;9953;17;;;9961;9;9963;25;;;9958.0;0.0
yf_ZC=F_d2;26700;INTARIAN_PEPPER_ROOT;11336;12;11332;17;;;11344;19;11348;23;;;11340.0;0.0
yf_ZC=F_d2;26800;ASH_COATED_OSMIUM;9955;10;9953;23;;;9961;7;9963;16;;;9958.0;0.0
yf_ZC=F_d2;26800;INTARIAN_PEPPER_ROOT;11339;15;11335;31;;;11345;15;11349;13;;;11342.0;0.0
yf_ZC=F_d2;26900;ASH_COATED_OSMIUM;9955;17;9951;10;;;9961;10;9963;19;;;9958.0;0.0
yf_ZC=F_d2;26900;INTARIAN_PEPPER_ROOT;11340;12;11336;18;;;11346;5;11349;22;;;11343.0;0.0
yf_ZC=F_d2;27000;ASH_COATED_OSMIUM;9955;16;9953;24;;;9963;18;9967;23;;;9959.0;0.0
yf_ZC=F_d2;27000;INTARIAN_PEPPER_ROOT;11341;15;11339;23;;;11348;20;11351;25;;;11344.5;0.0
yf_ZC=F_d2;27100;ASH_COATED_OSMIUM;9951;13;9949;21;;;9968;10;9970;24;;;9959.5;0.0
yf_ZC=F_d2;27100;INTARIAN_PEPPER_ROOT;11343;14;11340;15;;;11349;20;11353;31;;;11346.0;0.0
yf_ZC=F_d2;27200;ASH_COATED_OSMIUM;9957;16;9955;17;;;9963;18;9965;16;;;9960.0;0.0
yf_ZC=F_d2;27200;INTARIAN_PEPPER_ROOT;11344;23;11342;18;;;11350;15;11354;14;;;11347.0;0.0
yf_ZC=F_d2;27300;ASH_COATED_OSMIUM;9956;13;9954;24;;;9962;19;9964;14;;;9959.0;0.0
yf_ZC=F_d2;27300;INTARIAN_PEPPER_ROOT;11346;18;11342;19;;;11352;18;11355;25;;;11349.0;0.0
yf_ZC=F_d2;27400;ASH_COATED_OSMIUM;9957;16;9955;16;;;9963;18;9965;17;;;9960.0;0.0
yf_ZC=F_d2;27400;INTARIAN_PEPPER_ROOT;11347;8;11344;22;;;11353;15;11356;25;;;11350.0;0.0
yf_ZC=F_d2;27500;ASH_COATED_OSMIUM;9957;23;9953;34;;;9963;22;9965;15;;;9960.0;0.0
yf_ZC=F_d2;27500;INTARIAN_PEPPER_ROOT;11348;11;11346;15;;;11354;14;11358;26;;;11351.0;0.0
yf_ZC=F_d2;27600;ASH_COATED_OSMIUM;9942;16;9940;18;;;9976;9;9979;18;;;9959.0;0.0
yf_ZC=F_d2;27600;INTARIAN_PEPPER_ROOT;11349;21;11346;23;;;11355;24;11358;13;;;11352.0;0.0
yf_ZC=F_d2;27700;ASH_COATED_OSMIUM;9954;14;9951;22;;;9965;14;9969;12;;;9959.5;0.0
yf_ZC=F_d2;27700;INTARIAN_PEPPER_ROOT;11350;30;11348;20;;;11357;20;11360;15;;;11353.5;0.0
yf_ZC=F_d2;27800;ASH_COATED_OSMIUM;9953;18;9949;16;;;9967;19;9971;18;;;9960.0;0.0
yf_ZC=F_d2;27800;INTARIAN_PEPPER_ROOT;11353;21;11351;26;;;11359;14;11362;19;;;11356.0;0.0
yf_ZC=F_d2;27900;ASH_COATED_OSMIUM;9955;16;9951;25;;;9966;13;9969;25;;;9960.5;0.0
yf_ZC=F_d2;27900;INTARIAN_PEPPER_ROOT;11353;12;11350;23;;;11359;17;11361;19;;;11356.0;0.0
yf_ZC=F_d2;28000;ASH_COATED_OSMIUM;9957;8;9953;12;;;9963;13;9965;24;;;9960.0;0.0
yf_ZC=F_d2;28000;INTARIAN_PEPPER_ROOT;11355;16;11352;16;;;11361;14;11363;30;;;11358.0;0.0
yf_ZC=F_d2;28100;ASH_COATED_OSMIUM;9958;13;9955;17;;;9964;17;9968;28;;;9961.0;0.0
yf_ZC=F_d2;28100;INTARIAN_PEPPER_ROOT;11349;12;11345;17;;;11369;30;11372;20;;;11359.0;0.0
yf_ZC=F_d2;28200;ASH_COATED_OSMIUM;9956;8;9952;22;;;9966;5;9968;21;;;9961.0;0.0
yf_ZC=F_d2;28200;INTARIAN_PEPPER_ROOT;11357;22;11353;19;;;11363;14;11367;12;;;11360.0;0.0
yf_ZC=F_d2;28300;ASH_COATED_OSMIUM;9954;17;9951;16;;;9967;20;9971;18;;;9960.5;0.0
yf_ZC=F_d2;28300;INTARIAN_PEPPER_ROOT;11358;19;11355;13;;;11365;11;11367;24;;;11361.5;0.0
yf_ZC=F_d2;28400;ASH_COATED_OSMIUM;9949;20;9947;18;;;9973;12;9976;18;;;9961.0;0.0
yf_ZC=F_d2;28400;INTARIAN_PEPPER_ROOT;11360;14;11356;28;;;11366;20;11370;20;;;11363.0;0.0
yf_ZC=F_d2;28500;ASH_COATED_OSMIUM;9956;13;9953;17;;;9967;20;9971;19;;;9961.5;0.0
yf_ZC=F_d2;28500;INTARIAN_PEPPER_ROOT;11362;21;11359;14;;;11368;6;11370;17;;;11365.0;0.0
yf_ZC=F_d2;28600;ASH_COATED_OSMIUM;9946;11;9942;24;;;9977;14;9980;18;;;9961.5;0.0
yf_ZC=F_d2;28600;INTARIAN_PEPPER_ROOT;11361;11;11359;19;;;11370;15;11372;19;;;11365.5;0.0
yf_ZC=F_d2;28700;ASH_COATED_OSMIUM;9959;18;9957;15;;;9965;22;9967;26;;;9962.0;0.0
yf_ZC=F_d2;28700;INTARIAN_PEPPER_ROOT;11360;23;11356;18;;;11373;13;11377;14;;;11366.5;0.0
yf_ZC=F_d2;28800;ASH_COATED_OSMIUM;9955;9;9952;21;;;9968;16;9970;18;;;9961.5;0.0
yf_ZC=F_d2;28800;INTARIAN_PEPPER_ROOT;11365;5;11362;26;;;11372;14;11376;17;;;11368.5;0.0
yf_ZC=F_d2;28900;ASH_COATED_OSMIUM;9958;27;9954;14;;;9964;17;9967;13;;;9961.0;0.0
yf_ZC=F_d2;28900;INTARIAN_PEPPER_ROOT;11367;21;11364;14;;;11373;9;11377;15;;;11370.0;0.0
yf_ZC=F_d2;29000;ASH_COATED_OSMIUM;9959;18;9955;31;;;9965;11;9968;27;;;9962.0;0.0
yf_ZC=F_d2;29000;INTARIAN_PEPPER_ROOT;11368;14;11364;19;;;11374;19;11376;16;;;11371.0;0.0
yf_ZC=F_d2;29100;ASH_COATED_OSMIUM;9959;15;9956;23;;;9965;14;9969;19;;;9962.0;0.0
yf_ZC=F_d2;29100;INTARIAN_PEPPER_ROOT;11366;15;11363;20;;;11378;11;11380;16;;;11372.0;0.0
yf_ZC=F_d2;29200;ASH_COATED_OSMIUM;9959;11;9955;16;;;9965;5;9967;24;;;9962.0;0.0
yf_ZC=F_d2;29200;INTARIAN_PEPPER_ROOT;11369;25;11365;24;;;11379;20;11382;31;;;11374.0;0.0
yf_ZC=F_d2;29300;ASH_COATED_OSMIUM;9958;12;9956;19;;;9968;17;9971;16;;;9963.0;0.0
yf_ZC=F_d2;29300;INTARIAN_PEPPER_ROOT;11366;23;11363;27;;;11385;7;11387;26;;;11375.5;0.0
yf_ZC=F_d2;29400;ASH_COATED_OSMIUM;9959;12;9955;19;;;9967;18;9969;17;;;9963.0;0.0
yf_ZC=F_d2;29400;INTARIAN_PEPPER_ROOT;11371;23;11367;14;;;11382;22;11384;24;;;11376.5;0.0
yf_ZC=F_d2;29500;ASH_COATED_OSMIUM;9958;16;9956;19;;;9968;9;9970;16;;;9963.0;0.0
yf_ZC=F_d2;29500;INTARIAN_PEPPER_ROOT;11375;5;11371;22;;;11381;11;11383;19;;;11378.0;0.0
yf_ZC=F_d2;29600;ASH_COATED_OSMIUM;9960;9;9956;24;;;9966;19;9969;21;;;9963.0;0.0
yf_ZC=F_d2;29600;INTARIAN_PEPPER_ROOT;11376;13;11372;15;;;11382;25;11385;20;;;11379.0;0.0
yf_ZC=F_d2;29700;ASH_COATED_OSMIUM;9960;10;9956;15;;;9966;19;9970;18;;;9963.0;0.0
yf_ZC=F_d2;29700;INTARIAN_PEPPER_ROOT;11377;17;11374;21;;;11383;9;11386;18;;;11380.0;0.0
yf_ZC=F_d2;29800;ASH_COATED_OSMIUM;9960;6;9958;24;;;9966;7;9970;21;;;9963.0;0.0
yf_ZC=F_d2;29800;INTARIAN_PEPPER_ROOT;11379;11;11376;23;;;11385;17;11387;8;;;11382.0;0.0
yf_ZC=F_d2;29900;ASH_COATED_OSMIUM;9960;24;9957;26;;;9966;12;9969;20;;;9963.0;0.0
yf_ZC=F_d2;29900;INTARIAN_PEPPER_ROOT;11379;16;11375;19;;;11387;9;11391;21;;;11383.0;0.0
yf_ZC=F_d2;30000;ASH_COATED_OSMIUM;9960;17;9957;23;;;9966;19;9970;23;;;9963.0;0.0
yf_ZC=F_d2;30000;INTARIAN_PEPPER_ROOT;11381;19;11379;13;;;11387;15;11390;19;;;11384.0;0.0
yf_ZC=F_d2;30100;ASH_COATED_OSMIUM;9958;9;9955;16;;;9968;15;9971;15;;;9963.0;0.0
yf_ZC=F_d2;30100;INTARIAN_PEPPER_ROOT;11382;11;11379;15;;;11388;18;11392;20;;;11385.0;0.0
yf_ZC=F_d2;30200;ASH_COATED_OSMIUM;9961;5;9959;18;;;9967;13;9970;21;;;9964.0;0.0
yf_ZC=F_d2;30200;INTARIAN_PEPPER_ROOT;11382;17;11379;17;;;11392;11;11395;12;;;11387.0;0.0
yf_ZC=F_d2;30300;ASH_COATED_OSMIUM;9961;9;9958;21;;;9967;11;9969;20;;;9964.0;0.0
yf_ZC=F_d2;30300;INTARIAN_PEPPER_ROOT;11385;14;11381;13;;;11391;18;11395;25;;;11388.0;0.0
yf_ZC=F_d2;30400;ASH_COATED_OSMIUM;9960;10;9958;29;;;9967;5;9971;24;;;9963.5;0.0
yf_ZC=F_d2;30400;INTARIAN_PEPPER_ROOT;11386;15;11384;12;;;11394;8;11396;21;;;11390.0;0.0
yf_ZC=F_d2;30500;ASH_COATED_OSMIUM;9959;12;9957;18;;;9970;19;9973;12;;;9964.5;0.0
yf_ZC=F_d2;30500;INTARIAN_PEPPER_ROOT;11380;13;11378;21;;;11401;13;11404;21;;;11390.5;0.0
yf_ZC=F_d2;30600;ASH_COATED_OSMIUM;9961;8;9958;16;;;9968;16;9972;12;;;9964.5;0.0
yf_ZC=F_d2;30600;INTARIAN_PEPPER_ROOT;11389;15;11385;22;;;11395;16;11398;14;;;11392.0;0.0
yf_ZC=F_d2;30700;ASH_COATED_OSMIUM;9952;14;9949;25;;;9977;15;9979;20;;;9964.5;0.0
yf_ZC=F_d2;30700;INTARIAN_PEPPER_ROOT;11390;30;11386;22;;;11396;14;11399;25;;;11393.0;0.0
yf_ZC=F_d2;30800;ASH_COATED_OSMIUM;9954;14;9952;18;;;9974;7;9976;22;;;9964.0;0.0
yf_ZC=F_d2;30800;INTARIAN_PEPPER_ROOT;11391;12;11389;25;;;11399;14;11401;15;;;11395.0;0.0
yf_ZC=F_d2;30900;ASH_COATED_OSMIUM;9959;18;9957;19;;;9970;15;9974;35;;;9964.5;0.0
yf_ZC=F_d2;30900;INTARIAN_PEPPER_ROOT;11387;14;11383;18;;;11405;28;11407;15;;;11396.0;0.0
yf_ZC=F_d2;31000;ASH_COATED_OSMIUM;9952;13;9948;21;;;9978;17;9980;18;;;9965.0;0.0
yf_ZC=F_d2;31000;INTARIAN_PEPPER_ROOT;11395;14;11393;18;;;11401;12;11403;21;;;11398.0;0.0
yf_ZC=F_d2;31100;ASH_COATED_OSMIUM;9962;13;9959;18;;;9968;25;9970;24;;;9965.0;0.0
yf_ZC=F_d2;31100;INTARIAN_PEPPER_ROOT;11395;17;11391;25;;;11402;14;11404;22;;;11398.5;0.0
yf_ZC=F_d2;31200;ASH_COATED_OSMIUM;9962;16;9958;14;;;9968;17;9971;21;;;9965.0;0.0
yf_ZC=F_d2;31200;INTARIAN_PEPPER_ROOT;11389;20;11386;25;;;11410;7;11413;18;;;11399.5;0.0
yf_ZC=F_d2;31300;ASH_COATED_OSMIUM;9963;20;9960;17;;;9969;19;9972;8;;;9966.0;0.0
yf_ZC=F_d2;31300;INTARIAN_PEPPER_ROOT;11399;12;11395;17;;;11405;24;11409;22;;;11402.0;0.0
yf_ZC=F_d2;31400;ASH_COATED_OSMIUM;9962;15;9958;23;;;9968;17;9970;13;;;9965.0;0.0
yf_ZC=F_d2;31400;INTARIAN_PEPPER_ROOT;11399;15;11396;19;;;11405;10;11407;26;;;11402.0;0.0
yf_ZC=F_d2;31500;ASH_COATED_OSMIUM;9954;11;9951;22;;;9977;18;9980;11;;;9965.5;0.0
yf_ZC=F_d2;31500;INTARIAN_PEPPER_ROOT;11401;7;11398;26;;;11407;21;11411;17;;;11404.0;0.0
yf_ZC=F_d2;31600;ASH_COATED_OSMIUM;9961;13;9957;27;;;9970;9;9972;19;;;9965.5;0.0
yf_ZC=F_d2;31600;INTARIAN_PEPPER_ROOT;11400;18;11397;18;;;11410;5;11412;13;;;11405.0;0.0
yf_ZC=F_d2;31700;ASH_COATED_OSMIUM;9963;13;9960;26;;;9969;17;9971;24;;;9966.0;0.0
yf_ZC=F_d2;31700;INTARIAN_PEPPER_ROOT;11403;7;11399;14;;;11409;12;11412;20;;;11406.0;0.0
yf_ZC=F_d2;31800;ASH_COATED_OSMIUM;9963;8;9959;26;;;9969;22;9971;18;;;9966.0;0.0
yf_ZC=F_d2;31800;INTARIAN_PEPPER_ROOT;11397;14;11393;14;;;11418;14;11420;23;;;11407.5;0.0
yf_ZC=F_d2;31900;ASH_COATED_OSMIUM;9952;9;9949;14;;;9980;6;9984;25;;;9966.0;0.0
yf_ZC=F_d2;31900;INTARIAN_PEPPER_ROOT;11406;16;11402;19;;;11412;13;11416;25;;;11409.0;0.0
yf_ZC=F_d2;32000;ASH_COATED_OSMIUM;9964;21;9961;20;;;9970;9;9974;25;;;9967.0;0.0
yf_ZC=F_d2;32000;INTARIAN_PEPPER_ROOT;11407;11;11405;21;;;11413;16;11417;14;;;11410.0;0.0
yf_ZC=F_d2;32100;ASH_COATED_OSMIUM;9963;19;9960;25;;;9969;19;9972;22;;;9966.0;0.0
yf_ZC=F_d2;32100;INTARIAN_PEPPER_ROOT;11409;15;11405;21;;;11415;18;11419;22;;;11412.0;0.0
yf_ZC=F_d2;32200;ASH_COATED_OSMIUM;9964;5;9961;17;;;9970;13;9972;17;;;9967.0;0.0
yf_ZC=F_d2;32200;INTARIAN_PEPPER_ROOT;11408;5;11404;24;;;11419;11;11421;16;;;11413.5;0.0
yf_ZC=F_d2;32300;ASH_COATED_OSMIUM;9961;23;9957;26;;;9971;13;9975;21;;;9966.0;0.0
yf_ZC=F_d2;32300;INTARIAN_PEPPER_ROOT;11412;23;11409;28;;;11418;17;11422;25;;;11415.0;0.0
yf_ZC=F_d2;32400;ASH_COATED_OSMIUM;9964;10;9961;24;;;9970;19;9973;20;;;9967.0;0.0
yf_ZC=F_d2;32400;INTARIAN_PEPPER_ROOT;11413;19;11411;10;;;11419;19;11423;18;;;11416.0;0.0
yf_ZC=F_d2;32500;ASH_COATED_OSMIUM;9963;12;9959;21;;;9970;18;9973;15;;;9966.5;0.0
yf_ZC=F_d2;32500;INTARIAN_PEPPER_ROOT;11413;16;11409;14;;;11421;16;11424;24;;;11417.0;0.0
yf_ZC=F_d2;32600;ASH_COATED_OSMIUM;9964;19;9961;13;;;9970;10;9973;12;;;9967.0;0.0
yf_ZC=F_d2;32600;INTARIAN_PEPPER_ROOT;11415;5;11411;18;;;11421;19;11425;14;;;11418.0;0.0
yf_ZC=F_d2;32700;ASH_COATED_OSMIUM;9964;16;9960;22;;;9970;12;9974;15;;;9967.0;0.0
yf_ZC=F_d2;32700;INTARIAN_PEPPER_ROOT;11416;9;11413;27;;;11424;14;11428;23;;;11420.0;0.0
yf_ZC=F_d2;32800;ASH_COATED_OSMIUM;9963;17;9961;21;;;9972;18;9975;23;;;9967.5;0.0
yf_ZC=F_d2;32800;INTARIAN_PEPPER_ROOT;11418;14;11416;17;;;11424;15;11426;10;;;11421.0;0.0
yf_ZC=F_d2;32900;ASH_COATED_OSMIUM;9964;17;9962;16;;;9970;27;9972;26;;;9967.0;0.0
yf_ZC=F_d2;32900;INTARIAN_PEPPER_ROOT;11412;18;11410;20;;;11432;11;11434;18;;;11422.0;0.0
yf_ZC=F_d2;33000;ASH_COATED_OSMIUM;9965;19;9961;15;;;9971;15;9975;17;;;9968.0;0.0
yf_ZC=F_d2;33000;INTARIAN_PEPPER_ROOT;11417;13;11414;24;;;11431;25;11434;18;;;11424.0;0.0
yf_ZC=F_d2;33100;ASH_COATED_OSMIUM;9965;14;9963;21;;;9971;10;9973;18;;;9968.0;0.0
yf_ZC=F_d2;33100;INTARIAN_PEPPER_ROOT;11422;14;11420;19;;;11428;14;11430;12;;;11425.0;0.0
yf_ZC=F_d2;33200;ASH_COATED_OSMIUM;9965;21;9962;18;;;9971;9;9973;19;;;9968.0;0.0
yf_ZC=F_d2;33200;INTARIAN_PEPPER_ROOT;11423;21;11419;13;;;11429;13;11432;21;;;11426.0;0.0
yf_ZC=F_d2;33300;ASH_COATED_OSMIUM;9965;18;9963;9;;;9971;15;9975;15;;;9968.0;0.0
yf_ZC=F_d2;33300;INTARIAN_PEPPER_ROOT;11424;13;11421;20;;;11431;17;11434;22;;;11427.5;0.0
yf_ZC=F_d2;33400;ASH_COATED_OSMIUM;9965;17;9963;17;;;9971;15;9973;16;;;9968.0;0.0
yf_ZC=F_d2;33400;INTARIAN_PEPPER_ROOT;11426;10;11423;26;;;11432;17;11435;8;;;11429.0;0.0
yf_ZC=F_d2;33500;ASH_COATED_OSMIUM;9964;12;9960;20;;;9974;7;9976;21;;;9969.0;0.0
yf_ZC=F_d2;33500;INTARIAN_PEPPER_ROOT;11428;14;11426;14;;;11434;23;11438;8;;;11431.0;0.0
yf_ZC=F_d2;33600;ASH_COATED_OSMIUM;9966;7;9963;15;;;9972;5;9976;24;;;9969.0;0.0
yf_ZC=F_d2;33600;INTARIAN_PEPPER_ROOT;11427;18;11425;16;;;11435;14;11438;21;;;11431.0;0.0
yf_ZC=F_d2;33700;ASH_COATED_OSMIUM;9964;14;9962;17;;;9972;18;9976;20;;;9968.0;0.0
yf_ZC=F_d2;33700;INTARIAN_PEPPER_ROOT;11430;7;11426;16;;;11436;5;11440;18;;;11433.0;0.0
yf_ZC=F_d2;33800;ASH_COATED_OSMIUM;9960;25;9956;16;;;9976;16;9980;20;;;9968.0;0.0
yf_ZC=F_d2;33800;INTARIAN_PEPPER_ROOT;11432;11;11430;22;;;11438;16;11440;15;;;11435.0;0.0
yf_ZC=F_d2;33900;ASH_COATED_OSMIUM;9965;19;9962;17;;;9974;14;9978;20;;;9969.5;0.0
yf_ZC=F_d2;33900;INTARIAN_PEPPER_ROOT;11433;12;11430;9;;;11439;13;11442;9;;;11436.0;0.0
yf_ZC=F_d2;34000;ASH_COATED_OSMIUM;9965;20;9963;16;;;9971;14;9974;25;;;9968.0;0.0
yf_ZC=F_d2;34000;INTARIAN_PEPPER_ROOT;11431;15;11427;13;;;11442;18;11445;23;;;11436.5;0.0
yf_ZC=F_d2;34100;ASH_COATED_OSMIUM;9965;14;9963;21;;;9971;11;9973;18;;;9968.0;0.0
yf_ZC=F_d2;34100;INTARIAN_PEPPER_ROOT;11433;15;11429;23;;;11439;17;11441;28;;;11436.0;0.0
yf_ZC=F_d2;34200;ASH_COATED_OSMIUM;9966;13;9962;21;;;9972;9;9976;27;;;9969.0;0.0
yf_ZC=F_d2;34200;INTARIAN_PEPPER_ROOT;11434;18;11430;22;;;11440;26;11442;15;;;11437.0;0.0
yf_ZC=F_d2;34300;ASH_COATED_OSMIUM;9965;11;9963;17;;;9973;12;9977;18;;;9969.0;0.0
yf_ZC=F_d2;34300;INTARIAN_PEPPER_ROOT;11433;7;11431;23;;;11443;8;11447;14;;;11438.0;0.0
yf_ZC=F_d2;34400;ASH_COATED_OSMIUM;9965;25;9961;10;;;9973;17;9977;27;;;9969.0;0.0
yf_ZC=F_d2;34400;INTARIAN_PEPPER_ROOT;11435;12;11433;17;;;11441;16;11444;17;;;11438.0;0.0
yf_ZC=F_d2;34500;ASH_COATED_OSMIUM;9966;19;9962;14;;;9972;18;9974;12;;;9969.0;0.0
yf_ZC=F_d2;34500;INTARIAN_PEPPER_ROOT;11434;10;11430;28;;;11443;9;11445;16;;;11438.5;0.0
yf_ZC=F_d2;34600;ASH_COATED_OSMIUM;9966;19;9964;15;;;9972;5;9976;24;;;9969.0;0.0
yf_ZC=F_d2;34600;INTARIAN_PEPPER_ROOT;11433;5;11430;18;;;11447;17;11451;24;;;11440.0;0.0
yf_ZC=F_d2;34700;ASH_COATED_OSMIUM;9963;22;9960;9;;;9973;11;9975;20;;;9968.0;0.0
yf_ZC=F_d2;34700;INTARIAN_PEPPER_ROOT;11437;21;11435;17;;;11444;8;11448;18;;;11440.5;0.0
yf_ZC=F_d2;34800;ASH_COATED_OSMIUM;9966;8;9962;19;;;9972;10;9976;21;;;9969.0;0.0
yf_ZC=F_d2;34800;INTARIAN_PEPPER_ROOT;11438;11;11435;25;;;11444;13;11448;25;;;11441.0;0.0
yf_ZC=F_d2;34900;ASH_COATED_OSMIUM;9966;5;9962;20;;;9972;26;9974;20;;;9969.0;0.0
yf_ZC=F_d2;34900;INTARIAN_PEPPER_ROOT;11438;12;11436;14;;;11444;12;11448;24;;;11441.0;0.0
yf_ZC=F_d2;35000;ASH_COATED_OSMIUM;9966;12;9962;18;;;9972;19;9974;17;;;9969.0;0.0
yf_ZC=F_d2;35000;INTARIAN_PEPPER_ROOT;11435;20;11433;22;;;11447;12;11449;15;;;11441.0;0.0
yf_ZC=F_d2;35100;ASH_COATED_OSMIUM;9966;18;9964;13;;;9972;11;9974;12;;;9969.0;0.0
yf_ZC=F_d2;35100;INTARIAN_PEPPER_ROOT;11433;13;11430;28;;;11452;10;11454;13;;;11442.5;0.0
yf_ZC=F_d2;35200;ASH_COATED_OSMIUM;9962;16;9958;25;;;9974;11;9976;15;;;9968.0;0.0
yf_ZC=F_d2;35200;INTARIAN_PEPPER_ROOT;11440;5;11436;22;;;11446;26;11449;17;;;11443.0;0.0
yf_ZC=F_d2;35300;ASH_COATED_OSMIUM;9966;13;9963;13;;;9972;13;9976;18;;;9969.0;0.0
yf_ZC=F_d2;35300;INTARIAN_PEPPER_ROOT;11441;18;11438;26;;;11447;15;11450;26;;;11444.0;0.0
yf_ZC=F_d2;35400;ASH_COATED_OSMIUM;9965;14;9963;25;;;9971;13;9975;18;;;9968.0;0.0
yf_ZC=F_d2;35400;INTARIAN_PEPPER_ROOT;11441;13;11439;17;;;11447;22;11450;22;;;11444.0;0.0
yf_ZC=F_d2;35500;ASH_COATED_OSMIUM;9966;19;9963;26;;;9972;7;9976;20;;;9969.0;0.0
yf_ZC=F_d2;35500;INTARIAN_PEPPER_ROOT;11442;7;11438;17;;;11448;11;11452;16;;;11445.0;0.0
yf_ZC=F_d2;35600;ASH_COATED_OSMIUM;9965;13;9962;18;;;9971;12;9975;20;;;9968.0;0.0
yf_ZC=F_d2;35600;INTARIAN_PEPPER_ROOT;11442;9;11439;28;;;11448;10;11451;23;;;11445.0;0.0
yf_ZC=F_d2;35700;ASH_COATED_OSMIUM;9965;6;9961;13;;;9972;12;9975;16;;;9968.5;0.0
yf_ZC=F_d2;35700;INTARIAN_PEPPER_ROOT;11440;11;11437;16;;;11450;13;11452;23;;;11445.0;0.0
yf_ZC=F_d2;35800;ASH_COATED_OSMIUM;9965;14;9962;23;;;9971;10;9973;22;;;9968.0;0.0
yf_ZC=F_d2;35800;INTARIAN_PEPPER_ROOT;11443;10;11439;21;;;11449;19;11452;10;;;11446.0;0.0
yf_ZC=F_d2;35900;ASH_COATED_OSMIUM;9962;14;9958;27;;;9975;20;9979;23;;;9968.5;0.0
yf_ZC=F_d2;35900;INTARIAN_PEPPER_ROOT;11435;16;11431;19;;;11458;10;11462;20;;;11446.5;0.0
yf_ZC=F_d2;36000;ASH_COATED_OSMIUM;9966;10;9962;12;;;9972;25;9976;19;;;9969.0;0.0
yf_ZC=F_d2;36000;INTARIAN_PEPPER_ROOT;11441;22;11439;8;;;11454;23;11457;26;;;11447.5;0.0
yf_ZC=F_d2;36100;ASH_COATED_OSMIUM;9965;15;9962;22;;;9971;6;9974;22;;;9968.0;0.0
yf_ZC=F_d2;36100;INTARIAN_PEPPER_ROOT;11445;15;11442;19;;;11451;6;11455;15;;;11448.0;0.0
yf_ZC=F_d2;36200;ASH_COATED_OSMIUM;9956;9;9952;30;;;9980;5;9984;22;;;9968.0;0.0
yf_ZC=F_d2;36200;INTARIAN_PEPPER_ROOT;11446;10;11444;17;;;11452;19;11455;17;;;11449.0;0.0
yf_ZC=F_d2;36300;ASH_COATED_OSMIUM;9965;14;9961;14;;;9971;14;9974;20;;;9968.0;0.0
yf_ZC=F_d2;36300;INTARIAN_PEPPER_ROOT;11438;15;11435;23;;;11460;15;11462;15;;;11449.0;0.0
yf_ZC=F_d2;36400;ASH_COATED_OSMIUM;9965;13;9962;23;;;9971;5;9973;15;;;9968.0;0.0
yf_ZC=F_d2;36400;INTARIAN_PEPPER_ROOT;11435;18;11432;19;;;11465;9;11468;22;;;11450.0;0.0
yf_ZC=F_d2;36500;ASH_COATED_OSMIUM;9963;20;9961;16;;;9974;18;9976;15;;;9968.5;0.0
yf_ZC=F_d2;36500;INTARIAN_PEPPER_ROOT;11434;14;11430;15;;;11468;13;11470;20;;;11451.0;0.0
yf_ZC=F_d2;36600;ASH_COATED_OSMIUM;9965;11;9961;22;;;9971;7;9975;11;;;9968.0;0.0
yf_ZC=F_d2;36600;INTARIAN_PEPPER_ROOT;11444;18;11442;17;;;11456;12;11459;26;;;11450.0;0.0
yf_ZC=F_d2;36700;ASH_COATED_OSMIUM;9952;7;9950;18;;;9985;12;9988;16;;;9968.5;0.0
yf_ZC=F_d2;36700;INTARIAN_PEPPER_ROOT;11442;17;11439;21;;;11461;20;11464;22;;;11451.5;0.0
yf_ZC=F_d2;36800;ASH_COATED_OSMIUM;9964;8;9961;24;;;9974;18;9978;26;;;9969.0;0.0
yf_ZC=F_d2;36800;INTARIAN_PEPPER_ROOT;11447;21;11445;24;;;11457;12;11460;22;;;11452.0;0.0
yf_ZC=F_d2;36900;ASH_COATED_OSMIUM;9966;11;9962;15;;;9972;18;9974;23;;;9969.0;0.0
yf_ZC=F_d2;36900;INTARIAN_PEPPER_ROOT;11440;14;11436;27;;;11465;21;11467;22;;;11452.5;0.0
yf_ZC=F_d2;37000;ASH_COATED_OSMIUM;9965;18;9962;22;;;9971;16;9975;21;;;9968.0;0.0
yf_ZC=F_d2;37000;INTARIAN_PEPPER_ROOT;11450;15;11447;21;;;11456;22;11459;18;;;11453.0;0.0
yf_ZC=F_d2;37100;ASH_COATED_OSMIUM;9965;8;9963;19;;;9971;18;9974;11;;;9968.0;0.0
yf_ZC=F_d2;37100;INTARIAN_PEPPER_ROOT;11451;18;11448;8;;;11457;22;11461;23;;;11454.0;0.0
yf_ZC=F_d2;37200;ASH_COATED_OSMIUM;9965;16;9963;17;;;9971;7;9975;12;;;9968.0;0.0
yf_ZC=F_d2;37200;INTARIAN_PEPPER_ROOT;11451;18;11448;24;;;11457;12;11459;20;;;11454.0;0.0
yf_ZC=F_d2;37300;ASH_COATED_OSMIUM;9962;17;9960;18;;;9974;15;9976;21;;;9968.0;0.0
yf_ZC=F_d2;37300;INTARIAN_PEPPER_ROOT;11447;10;11443;16;;;11461;20;11463;18;;;11454.0;0.0
yf_ZC=F_d2;37400;ASH_COATED_OSMIUM;9955;12;9953;15;;;9981;20;9984;18;;;9968.0;0.0
yf_ZC=F_d2;37400;INTARIAN_PEPPER_ROOT;11446;14;11443;14;;;11464;8;11467;28;;;11455.0;0.0
yf_ZC=F_d2;37500;ASH_COATED_OSMIUM;9965;15;9962;24;;;9971;6;9975;22;;;9968.0;0.0
yf_ZC=F_d2;37500;INTARIAN_PEPPER_ROOT;11453;14;11449;12;;;11459;8;11462;8;;;11456.0;0.0
yf_ZC=F_d2;37600;ASH_COATED_OSMIUM;9955;15;9953;20;;;9981;19;9984;33;;;9968.0;0.0
yf_ZC=F_d2;37600;INTARIAN_PEPPER_ROOT;11454;15;11452;18;;;11460;20;11464;9;;;11457.0;0.0
yf_ZC=F_d2;37700;ASH_COATED_OSMIUM;9965;12;9963;20;;;9971;20;9975;19;;;9968.0;0.0
yf_ZC=F_d2;37700;INTARIAN_PEPPER_ROOT;11454;7;11451;19;;;11460;13;11464;31;;;11457.0;0.0
yf_ZC=F_d2;37800;ASH_COATED_OSMIUM;9966;6;9962;26;;;9972;13;9976;16;;;9969.0;0.0
yf_ZC=F_d2;37800;INTARIAN_PEPPER_ROOT;11452;10;11450;23;;;11462;13;11466;20;;;11457.0;0.0
yf_ZC=F_d2;37900;ASH_COATED_OSMIUM;9965;15;9963;22;;;9971;9;9974;17;;;9968.0;0.0
yf_ZC=F_d2;37900;INTARIAN_PEPPER_ROOT;11455;17;11453;14;;;11461;10;11464;13;;;11458.0;0.0
yf_ZC=F_d2;38000;ASH_COATED_OSMIUM;9965;16;9963;19;;;9971;5;9973;29;;;9968.0;0.0
yf_ZC=F_d2;38000;INTARIAN_PEPPER_ROOT;11456;18;11452;22;;;11462;13;11464;16;;;11459.0;0.0
yf_ZC=F_d2;38100;ASH_COATED_OSMIUM;9965;15;9963;24;;;9971;13;9975;22;;;9968.0;0.0
yf_ZC=F_d2;38100;INTARIAN_PEPPER_ROOT;11456;10;11452;23;;;11462;12;11466;18;;;11459.0;0.0
yf_ZC=F_d2;38200;ASH_COATED_OSMIUM;9964;18;9960;26;;;9971;17;9973;21;;;9967.5;0.0
yf_ZC=F_d2;38200;INTARIAN_PEPPER_ROOT;11456;14;11452;28;;;11463;12;11467;20;;;11459.5;0.0
yf_ZC=F_d2;38300;ASH_COATED_OSMIUM;9965;12;9963;23;;;9971;19;9975;25;;;9968.0;0.0
yf_ZC=F_d2;38300;INTARIAN_PEPPER_ROOT;11448;9;11446;21;;;11472;14;11475;23;;;11460.0;0.0
yf_ZC=F_d2;38400;ASH_COATED_OSMIUM;9965;5;9962;21;;;9971;13;9974;18;;;9968.0;0.0
yf_ZC=F_d2;38400;INTARIAN_PEPPER_ROOT;11458;15;11454;14;;;11464;7;11468;23;;;11461.0;0.0
yf_ZC=F_d2;38500;ASH_COATED_OSMIUM;9964;23;9962;23;;;9973;15;9976;20;;;9968.5;0.0
yf_ZC=F_d2;38500;INTARIAN_PEPPER_ROOT;11459;20;11455;14;;;11465;19;11467;20;;;11462.0;0.0
yf_ZC=F_d2;38600;ASH_COATED_OSMIUM;9964;19;9960;31;;;9970;17;9972;21;;;9967.0;0.0
yf_ZC=F_d2;38600;INTARIAN_PEPPER_ROOT;11457;15;11455;16;;;11466;21;11468;16;;;11461.5;0.0
yf_ZC=F_d2;38700;ASH_COATED_OSMIUM;9960;6;9957;21;;;9976;10;9980;19;;;9968.0;0.0
yf_ZC=F_d2;38700;INTARIAN_PEPPER_ROOT;11460;9;11457;19;;;11466;5;11470;15;;;11463.0;0.0
yf_ZC=F_d2;38800;ASH_COATED_OSMIUM;9964;20;9962;17;;;9970;13;9972;31;;;9967.0;0.0
yf_ZC=F_d2;38800;INTARIAN_PEPPER_ROOT;11461;20;11459;29;;;11467;17;11469;17;;;11464.0;0.0
yf_ZC=F_d2;38900;ASH_COATED_OSMIUM;9965;20;9961;27;;;9971;9;9975;19;;;9968.0;0.0
yf_ZC=F_d2;38900;INTARIAN_PEPPER_ROOT;11461;21;11458;25;;;11467;25;11471;16;;;11464.0;0.0
yf_ZC=F_d2;39000;ASH_COATED_OSMIUM;9960;18;9956;29;;;9974;16;9978;25;;;9967.0;0.0
yf_ZC=F_d2;39000;INTARIAN_PEPPER_ROOT;11461;18;11457;17;;;11467;21;11469;18;;;11464.0;0.0
yf_ZC=F_d2;39100;ASH_COATED_OSMIUM;9965;18;9963;14;;;9971;17;9973;17;;;9968.0;0.0
yf_ZC=F_d2;39100;INTARIAN_PEPPER_ROOT;11455;11;11453;11;;;11474;21;11476;21;;;11464.5;0.0
yf_ZC=F_d2;39200;ASH_COATED_OSMIUM;9964;17;9961;24;;;9971;11;9974;18;;;9967.5;0.0
yf_ZC=F_d2;39200;INTARIAN_PEPPER_ROOT;11463;14;11461;17;;;11469;13;11471;24;;;11466.0;0.0
yf_ZC=F_d2;39300;ASH_COATED_OSMIUM;9962;11;9959;9;;;9973;21;9977;17;;;9967.5;0.0
yf_ZC=F_d2;39300;INTARIAN_PEPPER_ROOT;11461;19;11457;8;;;11471;16;11473;22;;;11466.0;0.0
yf_ZC=F_d2;39400;ASH_COATED_OSMIUM;9960;18;9957;19;;;9974;12;9976;9;;;9967.0;0.0
yf_ZC=F_d2;39400;INTARIAN_PEPPER_ROOT;11464;13;11460;22;;;11470;17;11474;27;;;11467.0;0.0
yf_ZC=F_d2;39500;ASH_COATED_OSMIUM;9964;17;9962;21;;;9972;9;9974;21;;;9968.0;0.0
yf_ZC=F_d2;39500;INTARIAN_PEPPER_ROOT;11464;16;11461;14;;;11470;26;11474;17;;;11467.0;0.0
yf_ZC=F_d2;39600;ASH_COATED_OSMIUM;9963;25;9959;18;;;9972;13;9976;19;;;9967.5;0.0
yf_ZC=F_d2;39600;INTARIAN_PEPPER_ROOT;11463;8;11461;28;;;11472;9;11474;25;;;11467.5;0.0
yf_ZC=F_d2;39700;ASH_COATED_OSMIUM;9964;15;9960;20;;;9970;15;9973;23;;;9967.0;0.0
yf_ZC=F_d2;39700;INTARIAN_PEPPER_ROOT;11465;9;11462;17;;;11472;15;11475;22;;;11468.5;0.0
yf_ZC=F_d2;39800;ASH_COATED_OSMIUM;9964;12;9961;23;;;9970;13;9973;28;;;9967.0;0.0
yf_ZC=F_d2;39800;INTARIAN_PEPPER_ROOT;11466;16;11463;16;;;11472;18;11474;16;;;11469.0;0.0
yf_ZC=F_d2;39900;ASH_COATED_OSMIUM;9964;11;9960;25;;;9970;19;9973;19;;;9967.0;0.0
yf_ZC=F_d2;39900;INTARIAN_PEPPER_ROOT;11465;23;11463;17;;;11474;9;11477;11;;;11469.5;0.0
yf_ZC=F_d2;40000;ASH_COATED_OSMIUM;9964;8;9960;18;;;9970;15;9972;19;;;9967.0;0.0
yf_ZC=F_d2;40000;INTARIAN_PEPPER_ROOT;11467;6;11465;22;;;11473;19;11475;18;;;11470.0;0.0
yf_ZC=F_d2;40100;ASH_COATED_OSMIUM;9956;14;9952;20;;;9978;15;9982;18;;;9967.0;0.0
yf_ZC=F_d2;40100;INTARIAN_PEPPER_ROOT;11468;15;11465;23;;;11474;22;11477;24;;;11471.0;0.0
yf_ZC=F_d2;40200;ASH_COATED_OSMIUM;9964;17;9960;17;;;9970;16;9973;14;;;9967.0;0.0
yf_ZC=F_d2;40200;INTARIAN_PEPPER_ROOT;11453;14;11451;18;;;11489;9;11493;11;;;11471.0;0.0
yf_ZC=F_d2;40300;ASH_COATED_OSMIUM;9960;23;9957;30;;;9973;13;9977;16;;;9966.5;0.0
yf_ZC=F_d2;40300;INTARIAN_PEPPER_ROOT;11461;7;11459;8;;;11482;14;11485;21;;;11471.5;0.0
yf_ZC=F_d2;40400;ASH_COATED_OSMIUM;9964;22;9961;23;;;9970;8;9973;22;;;9967.0;0.0
yf_ZC=F_d2;40400;INTARIAN_PEPPER_ROOT;11469;12;11467;22;;;11475;16;11477;27;;;11472.0;0.0
yf_ZC=F_d2;40500;ASH_COATED_OSMIUM;9964;22;9960;16;;;9970;19;9972;19;;;9967.0;0.0
yf_ZC=F_d2;40500;INTARIAN_PEPPER_ROOT;11470;14;11466;25;;;11476;24;11478;19;;;11473.0;0.0
yf_ZC=F_d2;40600;ASH_COATED_OSMIUM;9964;14;9961;12;;;9970;22;9972;21;;;9967.0;0.0
yf_ZC=F_d2;40600;INTARIAN_PEPPER_ROOT;11466;18;11464;13;;;11480;17;11484;19;;;11473.0;0.0
yf_ZC=F_d2;40700;ASH_COATED_OSMIUM;9964;15;9962;21;;;9970;23;9972;23;;;9967.0;0.0
yf_ZC=F_d2;40700;INTARIAN_PEPPER_ROOT;11471;11;11467;18;;;11477;9;11481;15;;;11474.0;0.0
yf_ZC=F_d2;40800;ASH_COATED_OSMIUM;9940;15;9938;14;;;9994;17;9997;15;;;9967.0;0.0
yf_ZC=F_d2;40800;INTARIAN_PEPPER_ROOT;11471;13;11468;26;;;11477;10;11481;23;;;11474.0;0.0
yf_ZC=F_d2;40900;ASH_COATED_OSMIUM;9954;15;9952;20;;;9979;10;9982;16;;;9966.5;0.0
yf_ZC=F_d2;40900;INTARIAN_PEPPER_ROOT;11472;17;11468;12;;;11478;15;11481;18;;;11475.0;0.0
yf_ZC=F_d2;41000;ASH_COATED_OSMIUM;9964;12;9962;17;;;9970;14;9974;9;;;9967.0;0.0
yf_ZC=F_d2;41000;INTARIAN_PEPPER_ROOT;11473;21;11470;12;;;11479;11;11481;16;;;11476.0;0.0
yf_ZC=F_d2;41100;ASH_COATED_OSMIUM;9964;18;9962;17;;;9970;17;9974;21;;;9967.0;0.0
yf_ZC=F_d2;41100;INTARIAN_PEPPER_ROOT;11473;9;11469;22;;;11479;11;11483;23;;;11476.0;0.0
yf_ZC=F_d2;41200;ASH_COATED_OSMIUM;9963;24;9959;12;;;9969;16;9971;21;;;9966.0;0.0
yf_ZC=F_d2;41200;INTARIAN_PEPPER_ROOT;11474;7;11472;9;;;11480;15;11482;16;;;11477.0;0.0
yf_ZC=F_d2;41300;ASH_COATED_OSMIUM;9964;17;9961;18;;;9970;17;9972;19;;;9967.0;0.0
yf_ZC=F_d2;41300;INTARIAN_PEPPER_ROOT;11473;12;11469;19;;;11481;22;11484;25;;;11477.0;0.0
yf_ZC=F_d2;41400;ASH_COATED_OSMIUM;9955;8;9951;27;;;9979;11;9983;14;;;9967.0;0.0
yf_ZC=F_d2;41400;INTARIAN_PEPPER_ROOT;11475;16;11471;17;;;11481;9;11485;8;;;11478.0;0.0
yf_ZC=F_d2;41500;ASH_COATED_OSMIUM;9961;14;9957;19;;;9972;14;9975;12;;;9966.5;0.0
yf_ZC=F_d2;41500;INTARIAN_PEPPER_ROOT;11476;13;11472;8;;;11482;17;11486;26;;;11479.0;0.0
yf_ZC=F_d2;41600;ASH_COATED_OSMIUM;9964;5;9962;33;;;9970;10;9973;8;;;9967.0;0.0
yf_ZC=F_d2;41600;INTARIAN_PEPPER_ROOT;11472;19;11470;9;;;11485;12;11487;19;;;11478.5;0.0
yf_ZC=F_d2;41700;ASH_COATED_OSMIUM;9964;18;9961;19;;;9970;18;9972;21;;;9967.0;0.0
yf_ZC=F_d2;41700;INTARIAN_PEPPER_ROOT;11476;17;11472;19;;;11482;15;11485;23;;;11479.0;0.0
yf_ZC=F_d2;41800;ASH_COATED_OSMIUM;9965;11;9963;21;;;9971;18;9975;23;;;9968.0;0.0
yf_ZC=F_d2;41800;INTARIAN_PEPPER_ROOT;11477;5;11475;24;;;11483;16;11485;24;;;11480.0;0.0
yf_ZC=F_d2;41900;ASH_COATED_OSMIUM;9963;16;9959;14;;;9969;17;9973;19;;;9966.0;0.0
yf_ZC=F_d2;41900;INTARIAN_PEPPER_ROOT;11478;18;11474;21;;;11484;9;11486;15;;;11481.0;0.0
yf_ZC=F_d2;42000;ASH_COATED_OSMIUM;9964;19;9960;17;;;9970;11;9972;26;;;9967.0;0.0
yf_ZC=F_d2;42000;INTARIAN_PEPPER_ROOT;11479;16;11476;22;;;11485;12;11488;27;;;11482.0;0.0
yf_ZC=F_d2;42100;ASH_COATED_OSMIUM;9964;20;9960;18;;;9970;20;9973;18;;;9967.0;0.0
yf_ZC=F_d2;42100;INTARIAN_PEPPER_ROOT;11479;13;11477;16;;;11485;20;11487;20;;;11482.0;0.0
yf_ZC=F_d2;42200;ASH_COATED_OSMIUM;9964;24;9962;23;;;9970;15;9974;19;;;9967.0;0.0
yf_ZC=F_d2;42200;INTARIAN_PEPPER_ROOT;11478;12;11474;22;;;11487;11;11491;14;;;11482.5;0.0
yf_ZC=F_d2;42300;ASH_COATED_OSMIUM;9963;20;9961;22;;;9969;19;9972;27;;;9966.0;0.0
yf_ZC=F_d2;42300;INTARIAN_PEPPER_ROOT;11480;16;11477;16;;;11486;14;11490;19;;;11483.0;0.0
yf_ZC=F_d2;42400;ASH_COATED_OSMIUM;9963;17;9960;19;;;9969;20;9971;22;;;9966.0;0.0
yf_ZC=F_d2;42400;INTARIAN_PEPPER_ROOT;11481;20;11479;24;;;11487;18;11491;14;;;11484.0;0.0
yf_ZC=F_d2;42500;ASH_COATED_OSMIUM;9964;14;9961;16;;;9970;19;9972;31;;;9967.0;0.0
yf_ZC=F_d2;42500;INTARIAN_PEPPER_ROOT;11477;19;11474;26;;;11490;10;11492;25;;;11483.5;0.0
yf_ZC=F_d2;42600;ASH_COATED_OSMIUM;9962;18;9959;15;;;9972;14;9975;16;;;9967.0;0.0
yf_ZC=F_d2;42600;INTARIAN_PEPPER_ROOT;11479;16;11475;14;;;11492;9;11495;24;;;11485.5;0.0
yf_ZC=F_d2;42700;ASH_COATED_OSMIUM;9964;13;9962;9;;;9970;8;9973;22;;;9967.0;0.0
yf_ZC=F_d2;42700;INTARIAN_PEPPER_ROOT;11482;15;11478;20;;;11491;19;11493;16;;;11486.5;0.0
yf_ZC=F_d2;42800;ASH_COATED_OSMIUM;9959;21;9956;24;;;9974;21;9978;16;;;9966.5;0.0
yf_ZC=F_d2;42800;INTARIAN_PEPPER_ROOT;11483;11;11479;25;;;11489;13;11491;26;;;11486.0;0.0
yf_ZC=F_d2;42900;ASH_COATED_OSMIUM;9963;11;9959;26;;;9969;17;9971;14;;;9966.0;0.0
yf_ZC=F_d2;42900;INTARIAN_PEPPER_ROOT;11484;21;11480;14;;;11490;11;11492;15;;;11487.0;0.0
yf_ZC=F_d2;43000;ASH_COATED_OSMIUM;9961;16;9957;18;;;9973;17;9977;25;;;9967.0;0.0
yf_ZC=F_d2;43000;INTARIAN_PEPPER_ROOT;11484;5;11480;24;;;11490;10;11494;22;;;11487.0;0.0
yf_ZC=F_d2;43100;ASH_COATED_OSMIUM;9963;19;9959;18;;;9969;19;9971;17;;;9966.0;0.0
yf_ZC=F_d2;43100;INTARIAN_PEPPER_ROOT;11485;26;11481;23;;;11491;10;11494;20;;;11488.0;0.0
yf_ZC=F_d2;43200;ASH_COATED_OSMIUM;9962;22;9959;14;;;9971;25;9974;21;;;9966.5;0.0
yf_ZC=F_d2;43200;INTARIAN_PEPPER_ROOT;11485;9;11481;17;;;11491;16;11493;13;;;11488.0;0.0
yf_ZC=F_d2;43300;ASH_COATED_OSMIUM;9963;20;9960;32;;;9969;16;9973;20;;;9966.0;0.0
yf_ZC=F_d2;43300;INTARIAN_PEPPER_ROOT;11486;16;11483;18;;;11492;9;11494;20;;;11489.0;0.0
yf_ZC=F_d2;43400;ASH_COATED_OSMIUM;9955;12;9953;10;;;9977;13;9980;20;;;9966.0;0.0
yf_ZC=F_d2;43400;INTARIAN_PEPPER_ROOT;11486;23;11484;20;;;11492;11;11494;19;;;11489.0;0.0
yf_ZC=F_d2;43500;ASH_COATED_OSMIUM;9963;20;9960;17;;;9969;10;9971;17;;;9966.0;0.0
yf_ZC=F_d2;43500;INTARIAN_PEPPER_ROOT;11487;16;11483;25;;;11493;20;11495;21;;;11490.0;0.0
yf_ZC=F_d2;43600;ASH_COATED_OSMIUM;9960;19;9957;12;;;9971;10;9973;19;;;9965.5;0.0
yf_ZC=F_d2;43600;INTARIAN_PEPPER_ROOT;11487;9;11485;15;;;11493;7;11497;23;;;11490.0;0.0
yf_ZC=F_d2;43700;ASH_COATED_OSMIUM;9963;20;9960;22;;;9969;17;9971;18;;;9966.0;0.0
yf_ZC=F_d2;43700;INTARIAN_PEPPER_ROOT;11488;17;11486;17;;;11494;24;11497;27;;;11491.0;0.0
yf_ZC=F_d2;43800;ASH_COATED_OSMIUM;9960;21;9956;22;;;9973;15;9977;14;;;9966.5;0.0
yf_ZC=F_d2;43800;INTARIAN_PEPPER_ROOT;11489;8;11487;26;;;11495;12;11497;23;;;11492.0;0.0
yf_ZC=F_d2;43900;ASH_COATED_OSMIUM;9963;21;9960;13;;;9969;20;9973;19;;;9966.0;0.0
yf_ZC=F_d2;43900;INTARIAN_PEPPER_ROOT;11489;19;11487;21;;;11495;22;11497;17;;;11492.0;0.0
yf_ZC=F_d2;44000;ASH_COATED_OSMIUM;9961;19;9957;17;;;9972;9;9974;12;;;9966.5;0.0
yf_ZC=F_d2;44000;INTARIAN_PEPPER_ROOT;11490;11;11486;13;;;11496;24;11499;20;;;11493.0;0.0
yf_ZC=F_d2;44100;ASH_COATED_OSMIUM;9963;20;9960;23;;;9969;5;9971;24;;;9966.0;0.0
yf_ZC=F_d2;44100;INTARIAN_PEPPER_ROOT;11490;13;11486;17;;;11496;8;11500;20;;;11493.0;0.0
yf_ZC=F_d2;44200;ASH_COATED_OSMIUM;9955;13;9951;17;;;9976;9;9980;15;;;9965.5;0.0
yf_ZC=F_d2;44200;INTARIAN_PEPPER_ROOT;11488;5;11486;21;;;11500;21;11502;23;;;11494.0;0.0
yf_ZC=F_d2;44300;ASH_COATED_OSMIUM;9962;9;9960;22;;;9971;18;9974;21;;;9966.5;0.0
yf_ZC=F_d2;44300;INTARIAN_PEPPER_ROOT;11489;6;11487;15;;;11500;20;11502;21;;;11494.5;0.0
yf_ZC=F_d2;44400;ASH_COATED_OSMIUM;9963;14;9961;18;;;9969;20;9973;26;;;9966.0;0.0
yf_ZC=F_d2;44400;INTARIAN_PEPPER_ROOT;11492;17;11490;18;;;11498;18;11501;19;;;11495.0;0.0
yf_ZC=F_d2;44500;ASH_COATED_OSMIUM;9963;15;9961;25;;;9970;12;9974;31;;;9966.5;0.0
yf_ZC=F_d2;44500;INTARIAN_PEPPER_ROOT;11493;11;11490;16;;;11499;12;11501;18;;;11496.0;0.0
yf_ZC=F_d2;44600;ASH_COATED_OSMIUM;9952;15;9948;21;;;9980;11;9983;14;;;9966.0;0.0
yf_ZC=F_d2;44600;INTARIAN_PEPPER_ROOT;11493;9;11490;17;;;11499;12;11503;24;;;11496.0;0.0
yf_ZC=F_d2;44700;ASH_COATED_OSMIUM;9963;13;9959;26;;;9969;20;9971;24;;;9966.0;0.0
yf_ZC=F_d2;44700;INTARIAN_PEPPER_ROOT;11493;5;11490;19;;;11499;17;11503;18;;;11496.0;0.0
yf_ZC=F_d2;44800;ASH_COATED_OSMIUM;9963;21;9961;12;;;9969;17;9973;26;;;9966.0;0.0
yf_ZC=F_d2;44800;INTARIAN_PEPPER_ROOT;11494;11;11491;12;;;11500;14;11502;22;;;11497.0;0.0
yf_ZC=F_d2;44900;ASH_COATED_OSMIUM;9962;24;9958;27;;;9968;11;9970;17;;;9965.0;0.0
yf_ZC=F_d2;44900;INTARIAN_PEPPER_ROOT;11494;16;11491;14;;;11500;16;11502;15;;;11497.0;0.0
yf_ZC=F_d2;45000;ASH_COATED_OSMIUM;9962;17;9960;21;;;9968;7;9971;21;;;9965.0;0.0
yf_ZC=F_d2;45000;INTARIAN_PEPPER_ROOT;11491;14;11487;18;;;11505;5;11509;24;;;11498.0;0.0
yf_ZC=F_d2;45100;ASH_COATED_OSMIUM;9961;24;9957;21;;;9970;16;9974;28;;;9965.5;0.0
yf_ZC=F_d2;45100;INTARIAN_PEPPER_ROOT;11496;19;11494;20;;;11502;13;11506;23;;;11499.0;0.0
yf_ZC=F_d2;45200;ASH_COATED_OSMIUM;9961;12;9957;15;;;9971;16;9973;24;;;9966.0;0.0
yf_ZC=F_d2;45200;INTARIAN_PEPPER_ROOT;11496;14;11493;10;;;11502;6;11506;20;;;11499.0;0.0
yf_ZC=F_d2;45300;ASH_COATED_OSMIUM;9962;17;9960;17;;;9968;11;9972;24;;;9965.0;0.0
yf_ZC=F_d2;45300;INTARIAN_PEPPER_ROOT;11494;14;11491;21;;;11505;17;11507;18;;;11499.5;0.0
yf_ZC=F_d2;45400;ASH_COATED_OSMIUM;9961;18;9957;25;;;9972;9;9975;17;;;9966.5;0.0
yf_ZC=F_d2;45400;INTARIAN_PEPPER_ROOT;11498;14;11494;26;;;11504;15;11507;18;;;11501.0;0.0
yf_ZC=F_d2;45500;ASH_COATED_OSMIUM;9962;17;9960;21;;;9968;19;9971;26;;;9965.0;0.0
yf_ZC=F_d2;45500;INTARIAN_PEPPER_ROOT;11496;12;11493;19;;;11506;13;11508;27;;;11501.0;0.0
yf_ZC=F_d2;45600;ASH_COATED_OSMIUM;9962;17;9959;14;;;9968;17;9970;21;;;9965.0;0.0
yf_ZC=F_d2;45600;INTARIAN_PEPPER_ROOT;11498;23;11496;18;;;11507;16;11509;16;;;11502.5;0.0
yf_ZC=F_d2;45700;ASH_COATED_OSMIUM;9963;11;9960;23;;;9969;16;9971;23;;;9966.0;0.0
yf_ZC=F_d2;45700;INTARIAN_PEPPER_ROOT;11492;20;11488;18;;;11512;16;11516;25;;;11502.0;0.0
yf_ZC=F_d2;45800;ASH_COATED_OSMIUM;9962;21;9960;14;;;9968;13;9971;27;;;9965.0;0.0
yf_ZC=F_d2;45800;INTARIAN_PEPPER_ROOT;11500;20;11498;10;;;11506;10;11510;20;;;11503.0;0.0
yf_ZC=F_d2;45900;ASH_COATED_OSMIUM;9955;13;9951;18;;;9977;19;9979;16;;;9966.0;0.0
yf_ZC=F_d2;45900;INTARIAN_PEPPER_ROOT;11501;12;11498;24;;;11507;24;11509;13;;;11504.0;0.0
yf_ZC=F_d2;46000;ASH_COATED_OSMIUM;9960;16;9958;28;;;9970;18;9972;19;;;9965.0;0.0
yf_ZC=F_d2;46000;INTARIAN_PEPPER_ROOT;11501;10;11499;17;;;11507;7;11511;8;;;11504.0;0.0
yf_ZC=F_d2;46100;ASH_COATED_OSMIUM;9952;9;9950;19;;;9980;14;9984;25;;;9966.0;0.0
yf_ZC=F_d2;46100;INTARIAN_PEPPER_ROOT;11502;19;11498;21;;;11508;25;11510;24;;;11505.0;0.0
yf_ZC=F_d2;46200;ASH_COATED_OSMIUM;9963;9;9961;20;;;9969;11;9973;20;;;9966.0;0.0
yf_ZC=F_d2;46200;INTARIAN_PEPPER_ROOT;11500;11;11498;19;;;11510;18;11514;20;;;11505.0;0.0
yf_ZC=F_d2;46300;ASH_COATED_OSMIUM;9962;18;9959;14;;;9968;13;9972;34;;;9965.0;0.0
yf_ZC=F_d2;46300;INTARIAN_PEPPER_ROOT;11503;6;11500;16;;;11509;21;11511;20;;;11506.0;0.0
yf_ZC=F_d2;46400;ASH_COATED_OSMIUM;9957;18;9953;19;;;9974;11;9977;12;;;9965.5;0.0
yf_ZC=F_d2;46400;INTARIAN_PEPPER_ROOT;11496;19;11493;17;;;11517;18;11520;17;;;11506.5;0.0
yf_ZC=F_d2;46500;ASH_COATED_OSMIUM;9958;12;9954;11;;;9972;21;9976;12;;;9965.0;0.0
yf_ZC=F_d2;46500;INTARIAN_PEPPER_ROOT;11503;9;11501;16;;;11509;16;11512;18;;;11506.0;0.0
yf_ZC=F_d2;46600;ASH_COATED_OSMIUM;9959;12;9956;19;;;9972;19;9976;19;;;9965.5;0.0
yf_ZC=F_d2;46600;INTARIAN_PEPPER_ROOT;11502;12;11500;15;;;11513;11;11516;16;;;11507.5;0.0
yf_ZC=F_d2;46700;ASH_COATED_OSMIUM;9961;13;9959;14;;;9970;20;9973;24;;;9965.5;0.0
yf_ZC=F_d2;46700;INTARIAN_PEPPER_ROOT;11504;17;11500;17;;;11510;11;11512;22;;;11507.0;0.0
yf_ZC=F_d2;46800;ASH_COATED_OSMIUM;9962;21;9959;26;;;9968;18;9971;14;;;9965.0;0.0
yf_ZC=F_d2;46800;INTARIAN_PEPPER_ROOT;11502;11;11499;24;;;11515;9;11518;21;;;11508.5;0.0
yf_ZC=F_d2;46900;ASH_COATED_OSMIUM;9960;15;9957;17;;;9971;24;9973;21;;;9965.5;0.0
yf_ZC=F_d2;46900;INTARIAN_PEPPER_ROOT;11503;12;11499;22;;;11516;15;11518;16;;;11509.5;0.0
yf_ZC=F_d2;47000;ASH_COATED_OSMIUM;9955;17;9952;23;;;9976;11;9979;26;;;9965.5;0.0
yf_ZC=F_d2;47000;INTARIAN_PEPPER_ROOT;11501;14;11497;35;;;11519;10;11521;22;;;11510.0;0.0
yf_ZC=F_d2;47100;ASH_COATED_OSMIUM;9958;15;9956;12;;;9973;12;9977;18;;;9965.5;0.0
yf_ZC=F_d2;47100;INTARIAN_PEPPER_ROOT;11507;16;11505;24;;;11513;15;11517;16;;;11510.0;0.0
yf_ZC=F_d2;47200;ASH_COATED_OSMIUM;9962;7;9960;22;;;9968;20;9972;28;;;9965.0;0.0
yf_ZC=F_d2;47200;INTARIAN_PEPPER_ROOT;11508;18;11506;20;;;11514;15;11517;19;;;11511.0;0.0
yf_ZC=F_d2;47300;ASH_COATED_OSMIUM;9962;13;9959;22;;;9968;10;9970;26;;;9965.0;0.0
yf_ZC=F_d2;47300;INTARIAN_PEPPER_ROOT;11508;16;11505;17;;;11514;12;11516;14;;;11511.0;0.0
yf_ZC=F_d2;47400;ASH_COATED_OSMIUM;9962;13;9958;23;;;9968;18;9970;24;;;9965.0;0.0
yf_ZC=F_d2;47400;INTARIAN_PEPPER_ROOT;11509;11;11505;24;;;11515;14;11519;19;;;11512.0;0.0
yf_ZC=F_d2;47500;ASH_COATED_OSMIUM;9962;22;9960;21;;;9968;11;9970;22;;;9965.0;0.0
yf_ZC=F_d2;47500;INTARIAN_PEPPER_ROOT;11508;19;11506;15;;;11517;16;11521;24;;;11512.5;0.0
yf_ZC=F_d2;47600;ASH_COATED_OSMIUM;9959;10;9957;24;;;9970;18;9972;16;;;9964.5;0.0
yf_ZC=F_d2;47600;INTARIAN_PEPPER_ROOT;11510;18;11508;13;;;11516;10;11519;16;;;11513.0;0.0
yf_ZC=F_d2;47700;ASH_COATED_OSMIUM;9962;15;9958;30;;;9968;13;9971;19;;;9965.0;0.0
yf_ZC=F_d2;47700;INTARIAN_PEPPER_ROOT;11511;19;11507;19;;;11517;15;11519;33;;;11514.0;0.0
yf_ZC=F_d2;47800;ASH_COATED_OSMIUM;9960;9;9958;24;;;9972;9;9976;22;;;9966.0;0.0
yf_ZC=F_d2;47800;INTARIAN_PEPPER_ROOT;11502;6;11498;31;;;11526;9;11530;24;;;11514.0;0.0
yf_ZC=F_d2;47900;ASH_COATED_OSMIUM;9959;15;9956;23;;;9970;11;9973;16;;;9964.5;0.0
yf_ZC=F_d2;47900;INTARIAN_PEPPER_ROOT;11510;15;11507;18;;;11519;19;11522;8;;;11514.5;0.0
yf_ZC=F_d2;48000;ASH_COATED_OSMIUM;9962;8;9960;15;;;9968;20;9971;23;;;9965.0;0.0
yf_ZC=F_d2;48000;INTARIAN_PEPPER_ROOT;11512;18;11509;14;;;11518;11;11520;25;;;11515.0;0.0
yf_ZC=F_d2;48100;ASH_COATED_OSMIUM;9962;15;9959;20;;;9968;17;9972;21;;;9965.0;0.0
yf_ZC=F_d2;48100;INTARIAN_PEPPER_ROOT;11513;15;11509;23;;;11519;15;11521;11;;;11516.0;0.0
yf_ZC=F_d2;48200;ASH_COATED_OSMIUM;9960;14;9956;28;;;9970;24;9974;11;;;9965.0;0.0
yf_ZC=F_d2;48200;INTARIAN_PEPPER_ROOT;11513;13;11511;16;;;11519;14;11522;22;;;11516.0;0.0
yf_ZC=F_d2;48300;ASH_COATED_OSMIUM;9962;13;9959;23;;;9968;17;9971;18;;;9965.0;0.0
yf_ZC=F_d2;48300;INTARIAN_PEPPER_ROOT;11514;18;11512;22;;;11520;12;11523;20;;;11517.0;0.0
yf_ZC=F_d2;48400;ASH_COATED_OSMIUM;9962;11;9960;23;;;9968;13;9971;27;;;9965.0;0.0
yf_ZC=F_d2;48400;INTARIAN_PEPPER_ROOT;11514;24;11511;26;;;11520;14;11522;21;;;11517.0;0.0
yf_ZC=F_d2;48500;ASH_COATED_OSMIUM;9960;15;9957;15;;;9970;20;9974;28;;;9965.0;0.0
yf_ZC=F_d2;48500;INTARIAN_PEPPER_ROOT;11515;13;11513;25;;;11521;12;11524;9;;;11518.0;0.0
yf_ZC=F_d2;48600;ASH_COATED_OSMIUM;9962;7;9958;23;;;9968;14;9972;15;;;9965.0;0.0
yf_ZC=F_d2;48600;INTARIAN_PEPPER_ROOT;11515;24;11512;10;;;11521;5;11524;28;;;11518.0;0.0
yf_ZC=F_d2;48700;ASH_COATED_OSMIUM;9958;12;9955;18;;;9972;11;9976;10;;;9965.0;0.0
yf_ZC=F_d2;48700;INTARIAN_PEPPER_ROOT;11516;8;11514;28;;;11522;5;11525;13;;;11519.0;0.0
yf_ZC=F_d2;48800;ASH_COATED_OSMIUM;9957;12;9954;23;;;9972;11;9975;19;;;9964.5;0.0
yf_ZC=F_d2;48800;INTARIAN_PEPPER_ROOT;11517;11;11515;8;;;11523;10;11526;29;;;11520.0;0.0
yf_ZC=F_d2;48900;ASH_COATED_OSMIUM;9957;5;9955;24;;;9972;9;9975;24;;;9964.5;0.0
yf_ZC=F_d2;48900;INTARIAN_PEPPER_ROOT;11501;20;11498;21;;;11539;9;11542;20;;;11520.0;0.0
yf_ZC=F_d2;49000;ASH_COATED_OSMIUM;9959;8;9955;8;;;9971;17;9973;16;;;9965.0;0.0
yf_ZC=F_d2;49000;INTARIAN_PEPPER_ROOT;11518;28;11516;13;;;11524;15;11527;20;;;11521.0;0.0
yf_ZC=F_d2;49100;ASH_COATED_OSMIUM;9958;25;9956;18;;;9972;22;9975;9;;;9965.0;0.0
yf_ZC=F_d2;49100;INTARIAN_PEPPER_ROOT;11519;10;11517;14;;;11525;22;11529;11;;;11522.0;0.0
yf_ZC=F_d2;49200;ASH_COATED_OSMIUM;9962;12;9960;17;;;9968;14;9970;28;;;9965.0;0.0
yf_ZC=F_d2;49200;INTARIAN_PEPPER_ROOT;11519;15;11515;23;;;11525;10;11528;17;;;11522.0;0.0
yf_ZC=F_d2;49300;ASH_COATED_OSMIUM;9962;12;9959;16;;;9968;10;9970;10;;;9965.0;0.0
yf_ZC=F_d2;49300;INTARIAN_PEPPER_ROOT;11519;20;11516;17;;;11525;10;11529;17;;;11522.0;0.0
yf_ZC=F_d2;49400;ASH_COATED_OSMIUM;9962;17;9960;26;;;9968;16;9971;23;;;9965.0;0.0
yf_ZC=F_d2;49400;INTARIAN_PEPPER_ROOT;11520;16;11518;27;;;11528;12;11530;31;;;11524.0;0.0
yf_ZC=F_d2;49500;ASH_COATED_OSMIUM;9960;6;9957;27;;;9970;17;9974;15;;;9965.0;0.0
yf_ZC=F_d2;49500;INTARIAN_PEPPER_ROOT;11521;15;11517;22;;;11527;14;11530;17;;;11524.0;0.0
yf_ZC=F_d2;49600;ASH_COATED_OSMIUM;9959;13;9957;22;;;9970;13;9973;19;;;9964.5;0.0
yf_ZC=F_d2;49600;INTARIAN_PEPPER_ROOT;11521;20;11518;19;;;11527;14;11529;23;;;11524.0;0.0
yf_ZC=F_d2;49700;ASH_COATED_OSMIUM;9961;13;9958;8;;;9967;10;9971;18;;;9964.0;0.0
yf_ZC=F_d2;49700;INTARIAN_PEPPER_ROOT;11521;11;11517;20;;;11529;12;11531;17;;;11525.0;0.0
yf_ZC=F_d2;49800;ASH_COATED_OSMIUM;9962;14;9958;16;;;9968;11;9972;25;;;9965.0;0.0
yf_ZC=F_d2;49800;INTARIAN_PEPPER_ROOT;11520;13;11518;19;;;11531;12;11534;26;;;11525.5;0.0
yf_ZC=F_d2;49900;ASH_COATED_OSMIUM;9953;16;9951;9;;;9975;20;9978;12;;;9964.0;0.0
yf_ZC=F_d2;49900;INTARIAN_PEPPER_ROOT;11521;19;11517;27;;;11530;6;11534;22;;;11525.5;0.0
yf_ZC=F_d2;50000;ASH_COATED_OSMIUM;9961;17;9957;21;;;9967;10;9971;24;;;9964.0;0.0
yf_ZC=F_d2;50000;INTARIAN_PEPPER_ROOT;11523;11;11521;22;;;11529;17;11533;16;;;11526.0;0.0
yf_ZC=F_d2;50100;ASH_COATED_OSMIUM;9962;19;9960;23;;;9968;9;9970;14;;;9965.0;0.0
yf_ZC=F_d2;50100;INTARIAN_PEPPER_ROOT;11524;7;11521;14;;;11530;20;11534;25;;;11527.0;0.0
yf_ZC=F_d2;50200;ASH_COATED_OSMIUM;9953;17;9951;20;;;9975;14;9979;18;;;9964.0;0.0
yf_ZC=F_d2;50200;INTARIAN_PEPPER_ROOT;11522;14;11518;18;;;11534;20;11537;20;;;11528.0;0.0
yf_ZC=F_d2;50300;ASH_COATED_OSMIUM;9958;10;9955;23;;;9970;18;9974;17;;;9964.0;0.0
yf_ZC=F_d2;50300;INTARIAN_PEPPER_ROOT;11526;19;11523;13;;;11532;19;11535;15;;;11529.0;0.0
yf_ZC=F_d2;50400;ASH_COATED_OSMIUM;9951;19;9947;13;;;9979;6;9981;26;;;9965.0;0.0
yf_ZC=F_d2;50400;INTARIAN_PEPPER_ROOT;11517;18;11513;8;;;11540;15;11542;17;;;11528.5;0.0
yf_ZC=F_d2;50500;ASH_COATED_OSMIUM;9961;17;9959;15;;;9967;21;9970;26;;;9964.0;0.0
yf_ZC=F_d2;50500;INTARIAN_PEPPER_ROOT;11522;15;11519;21;;;11536;20;11539;24;;;11529.0;0.0
yf_ZC=F_d2;50600;ASH_COATED_OSMIUM;9959;14;9956;13;;;9968;7;9972;16;;;9963.5;0.0
yf_ZC=F_d2;50600;INTARIAN_PEPPER_ROOT;11527;21;11524;32;;;11533;8;11536;12;;;11530.0;0.0
yf_ZC=F_d2;50700;ASH_COATED_OSMIUM;9962;22;9960;20;;;9968;13;9972;19;;;9965.0;0.0
yf_ZC=F_d2;50700;INTARIAN_PEPPER_ROOT;11527;19;11524;12;;;11533;8;11535;29;;;11530.0;0.0
yf_ZC=F_d2;50800;ASH_COATED_OSMIUM;9962;9;9960;23;;;9968;14;9972;20;;;9965.0;0.0
yf_ZC=F_d2;50800;INTARIAN_PEPPER_ROOT;11525;9;11523;9;;;11536;7;11539;21;;;11530.5;0.0
yf_ZC=F_d2;50900;ASH_COATED_OSMIUM;9957;6;9955;17;;;9972;5;9976;13;;;9964.5;0.0
yf_ZC=F_d2;50900;INTARIAN_PEPPER_ROOT;11527;16;11525;18;;;11533;18;11537;12;;;11530.0;0.0
yf_ZC=F_d2;51000;ASH_COATED_OSMIUM;9952;19;9948;17;;;9978;20;9980;19;;;9965.0;0.0
yf_ZC=F_d2;51000;INTARIAN_PEPPER_ROOT;11524;12;11521;18;;;11533;11;11536;20;;;11528.5;0.0
yf_ZC=F_d2;51100;ASH_COATED_OSMIUM;9961;6;9959;26;;;9968;8;9970;19;;;9964.5;0.0
yf_ZC=F_d2;51100;INTARIAN_PEPPER_ROOT;11522;5;11519;14;;;11531;6;11533;22;;;11526.5;0.0
yf_ZC=F_d2;51200;ASH_COATED_OSMIUM;9959;24;9956;23;;;9970;17;9974;14;;;9964.5;0.0
yf_ZC=F_d2;51200;INTARIAN_PEPPER_ROOT;11522;23;11518;27;;;11528;10;11532;12;;;11525.0;0.0
yf_ZC=F_d2;51300;ASH_COATED_OSMIUM;9953;15;9951;19;;;9973;7;9977;22;;;9963.0;0.0
yf_ZC=F_d2;51300;INTARIAN_PEPPER_ROOT;11521;18;11517;18;;;11527;15;11529;28;;;11524.0;0.0
yf_ZC=F_d2;51400;ASH_COATED_OSMIUM;9961;15;9959;23;;;9967;8;9969;21;;;9964.0;0.0
yf_ZC=F_d2;51400;INTARIAN_PEPPER_ROOT;11519;12;11516;23;;;11525;10;11528;12;;;11522.0;0.0
yf_ZC=F_d2;51500;ASH_COATED_OSMIUM;9947;11;9945;21;;;9982;25;9984;24;;;9964.5;0.0
yf_ZC=F_d2;51500;INTARIAN_PEPPER_ROOT;11516;13;11512;19;;;11523;16;11526;19;;;11519.5;0.0
yf_ZC=F_d2;51600;ASH_COATED_OSMIUM;9958;10;9956;20;;;9970;13;9972;18;;;9964.0;0.0
yf_ZC=F_d2;51600;INTARIAN_PEPPER_ROOT;11516;13;11514;13;;;11522;19;11524;20;;;11519.0;0.0
yf_ZC=F_d2;51700;ASH_COATED_OSMIUM;9959;18;9955;19;;;9969;6;9972;23;;;9964.0;0.0
yf_ZC=F_d2;51700;INTARIAN_PEPPER_ROOT;11514;19;11512;19;;;11520;12;11522;16;;;11517.0;0.0
yf_ZC=F_d2;51800;ASH_COATED_OSMIUM;9960;8;9956;24;;;9966;9;9970;31;;;9963.0;0.0
yf_ZC=F_d2;51800;INTARIAN_PEPPER_ROOT;11512;11;11510;21;;;11518;8;11521;15;;;11515.0;0.0
yf_ZC=F_d2;51900;ASH_COATED_OSMIUM;9961;15;9957;27;;;9967;23;9971;20;;;9964.0;0.0
yf_ZC=F_d2;51900;INTARIAN_PEPPER_ROOT;11505;15;11502;10;;;11522;15;11524;13;;;11513.5;0.0
yf_ZC=F_d2;52000;ASH_COATED_OSMIUM;9961;16;9959;13;;;9967;19;9969;11;;;9964.0;0.0
yf_ZC=F_d2;52000;INTARIAN_PEPPER_ROOT;11508;12;11504;27;;;11514;12;11517;18;;;11511.0;0.0
yf_ZC=F_d2;52100;ASH_COATED_OSMIUM;9957;17;9953;23;;;9972;14;9976;22;;;9964.5;0.0
yf_ZC=F_d2;52100;INTARIAN_PEPPER_ROOT;11507;12;11503;17;;;11513;20;11517;17;;;11510.0;0.0
yf_ZC=F_d2;52200;ASH_COATED_OSMIUM;9961;9;9959;19;;;9968;5;9971;16;;;9964.5;0.0
yf_ZC=F_d2;52200;INTARIAN_PEPPER_ROOT;11497;14;11493;27;;;11520;10;11523;27;;;11508.5;0.0
yf_ZC=F_d2;52300;ASH_COATED_OSMIUM;9959;19;9957;15;;;9970;13;9972;15;;;9964.5;0.0
yf_ZC=F_d2;52300;INTARIAN_PEPPER_ROOT;11488;12;11485;25;;;11525;16;11529;24;;;11506.5;0.0
yf_ZC=F_d2;52400;ASH_COATED_OSMIUM;9962;17;9958;11;;;9968;18;9971;22;;;9965.0;0.0
yf_ZC=F_d2;52400;INTARIAN_PEPPER_ROOT;11501;15;11498;27;;;11508;21;11510;21;;;11504.5;0.0
yf_ZC=F_d2;52500;ASH_COATED_OSMIUM;9961;10;9958;30;;;9967;16;9970;15;;;9964.0;0.0
yf_ZC=F_d2;52500;INTARIAN_PEPPER_ROOT;11500;20;11497;21;;;11506;15;11509;25;;;11503.0;0.0
yf_ZC=F_d2;52600;ASH_COATED_OSMIUM;9961;15;9959;20;;;9967;15;9970;15;;;9964.0;0.0
yf_ZC=F_d2;52600;INTARIAN_PEPPER_ROOT;11495;11;11491;8;;;11507;24;11511;19;;;11501.0;0.0
yf_ZC=F_d2;52700;ASH_COATED_OSMIUM;9961;13;9957;25;;;9967;19;9970;15;;;9964.0;0.0
yf_ZC=F_d2;52700;INTARIAN_PEPPER_ROOT;11497;17;11494;22;;;11503;14;11505;18;;;11500.0;0.0
yf_ZC=F_d2;52800;ASH_COATED_OSMIUM;9960;6;9957;23;;;9968;15;9970;16;;;9964.0;0.0
yf_ZC=F_d2;52800;INTARIAN_PEPPER_ROOT;11495;13;11491;18;;;11501;9;11505;16;;;11498.0;0.0
yf_ZC=F_d2;52900;ASH_COATED_OSMIUM;9961;22;9957;22;;;9967;20;9969;18;;;9964.0;0.0
yf_ZC=F_d2;52900;INTARIAN_PEPPER_ROOT;11493;19;11490;16;;;11499;14;11503;12;;;11496.0;0.0
yf_ZC=F_d2;53000;ASH_COATED_OSMIUM;9960;6;9957;14;;;9968;17;9971;31;;;9964.0;0.0
yf_ZC=F_d2;53000;INTARIAN_PEPPER_ROOT;11491;17;11489;15;;;11498;10;11502;29;;;11494.5;0.0
yf_ZC=F_d2;53100;ASH_COATED_OSMIUM;9961;23;9958;21;;;9967;14;9971;24;;;9964.0;0.0
yf_ZC=F_d2;53100;INTARIAN_PEPPER_ROOT;11490;13;11487;28;;;11496;11;11498;19;;;11493.0;0.0
yf_ZC=F_d2;53200;ASH_COATED_OSMIUM;9945;11;9943;14;;;9983;18;9986;16;;;9964.0;0.0
yf_ZC=F_d2;53200;INTARIAN_PEPPER_ROOT;11488;11;11486;18;;;11495;24;11498;20;;;11491.5;0.0
yf_ZC=F_d2;53300;ASH_COATED_OSMIUM;9958;14;9954;19;;;9969;19;9972;18;;;9963.5;0.0
yf_ZC=F_d2;53300;INTARIAN_PEPPER_ROOT;11485;7;11481;19;;;11493;8;11496;19;;;11489.0;0.0
yf_ZC=F_d2;53400;ASH_COATED_OSMIUM;9960;13;9956;23;;;9967;15;9970;21;;;9963.5;0.0
yf_ZC=F_d2;53400;INTARIAN_PEPPER_ROOT;11485;10;11481;24;;;11491;11;11493;24;;;11488.0;0.0
yf_ZC=F_d2;53500;ASH_COATED_OSMIUM;9961;14;9959;23;;;9967;5;9971;26;;;9964.0;0.0
yf_ZC=F_d2;53500;INTARIAN_PEPPER_ROOT;11480;11;11477;21;;;11492;18;11495;23;;;11486.0;0.0
yf_ZC=F_d2;53600;ASH_COATED_OSMIUM;9955;17;9952;9;;;9973;16;9977;12;;;9964.0;0.0
yf_ZC=F_d2;53600;INTARIAN_PEPPER_ROOT;11482;15;11479;16;;;11488;14;11490;11;;;11485.0;0.0
yf_ZC=F_d2;53700;ASH_COATED_OSMIUM;9961;9;9957;14;;;9967;17;9970;15;;;9964.0;0.0
yf_ZC=F_d2;53700;INTARIAN_PEPPER_ROOT;11480;5;11478;26;;;11486;5;11488;13;;;11483.0;0.0
yf_ZC=F_d2;53800;ASH_COATED_OSMIUM;9961;5;9958;22;;;9967;20;9970;22;;;9964.0;0.0
yf_ZC=F_d2;53800;INTARIAN_PEPPER_ROOT;11473;17;11469;19;;;11489;21;11491;26;;;11481.0;0.0
yf_ZC=F_d2;53900;ASH_COATED_OSMIUM;9955;24;9953;22;;;9973;14;9975;15;;;9964.0;0.0
yf_ZC=F_d2;53900;INTARIAN_PEPPER_ROOT;11476;17;11472;26;;;11483;17;11486;9;;;11479.5;0.0
yf_ZC=F_d2;54000;ASH_COATED_OSMIUM;9960;10;9956;22;;;9967;14;9969;21;;;9963.5;0.0
yf_ZC=F_d2;54000;INTARIAN_PEPPER_ROOT;11456;9;11453;22;;;11499;23;11503;13;;;11477.5;0.0
yf_ZC=F_d2;54100;ASH_COATED_OSMIUM;9957;16;9953;21;;;9970;20;9973;15;;;9963.5;0.0
yf_ZC=F_d2;54100;INTARIAN_PEPPER_ROOT;11472;10;11470;18;;;11479;6;11481;15;;;11475.5;0.0
yf_ZC=F_d2;54200;ASH_COATED_OSMIUM;9961;17;9957;23;;;9967;15;9969;25;;;9964.0;0.0
yf_ZC=F_d2;54200;INTARIAN_PEPPER_ROOT;11466;14;11463;22;;;11483;13;11485;18;;;11474.5;0.0
yf_ZC=F_d2;54300;ASH_COATED_OSMIUM;9955;12;9951;23;;;9973;20;9977;15;;;9964.0;0.0
yf_ZC=F_d2;54300;INTARIAN_PEPPER_ROOT;11464;14;11461;17;;;11481;17;11484;22;;;11472.5;0.0
yf_ZC=F_d2;54400;ASH_COATED_OSMIUM;9960;18;9957;14;;;9966;15;9970;26;;;9963.0;0.0
yf_ZC=F_d2;54400;INTARIAN_PEPPER_ROOT;11460;14;11456;21;;;11483;10;11487;20;;;11471.5;0.0
yf_ZC=F_d2;54500;ASH_COATED_OSMIUM;9961;18;9957;21;;;9967;25;9971;17;;;9964.0;0.0
yf_ZC=F_d2;54500;INTARIAN_PEPPER_ROOT;11464;18;11461;10;;;11474;7;11477;18;;;11469.0;0.0
yf_ZC=F_d2;54600;ASH_COATED_OSMIUM;9961;12;9957;18;;;9967;20;9969;21;;;9964.0;0.0
yf_ZC=F_d2;54600;INTARIAN_PEPPER_ROOT;11459;17;11456;19;;;11477;20;11481;24;;;11468.0;0.0
yf_ZC=F_d2;54700;ASH_COATED_OSMIUM;9961;11;9959;15;;;9967;16;9969;19;;;9964.0;0.0
yf_ZC=F_d2;54700;INTARIAN_PEPPER_ROOT;11463;15;11459;8;;;11469;14;11472;12;;;11466.0;0.0
yf_ZC=F_d2;54800;ASH_COATED_OSMIUM;9961;10;9958;28;;;9967;18;9971;16;;;9964.0;0.0
yf_ZC=F_d2;54800;INTARIAN_PEPPER_ROOT;11454;12;11452;22;;;11474;24;11477;23;;;11464.0;0.0
yf_ZC=F_d2;54900;ASH_COATED_OSMIUM;9961;18;9957;22;;;9967;23;9970;16;;;9964.0;0.0
yf_ZC=F_d2;54900;INTARIAN_PEPPER_ROOT;11449;30;11445;21;;;11476;21;11480;19;;;11462.5;0.0
yf_ZC=F_d2;55000;ASH_COATED_OSMIUM;9955;13;9951;20;;;9972;20;9974;20;;;9963.5;0.0
yf_ZC=F_d2;55000;INTARIAN_PEPPER_ROOT;11458;7;11454;19;;;11464;13;11467;13;;;11461.0;0.0
yf_ZC=F_d2;55100;ASH_COATED_OSMIUM;9961;21;9957;9;;;9967;21;9970;23;;;9964.0;0.0
yf_ZC=F_d2;55100;INTARIAN_PEPPER_ROOT;11455;21;11451;22;;;11461;16;11465;14;;;11458.0;0.0
yf_ZC=F_d2;55200;ASH_COATED_OSMIUM;9961;16;9957;25;;;9967;19;9970;20;;;9964.0;0.0
yf_ZC=F_d2;55200;INTARIAN_PEPPER_ROOT;11455;15;11453;14;;;11461;10;11463;23;;;11458.0;0.0
yf_ZC=F_d2;55300;ASH_COATED_OSMIUM;9960;19;9958;25;;;9966;17;9969;17;;;9963.0;0.0
yf_ZC=F_d2;55300;INTARIAN_PEPPER_ROOT;11447;15;11444;24;;;11463;20;11467;16;;;11455.0;0.0
yf_ZC=F_d2;55400;ASH_COATED_OSMIUM;9961;10;9957;20;;;9967;23;9970;15;;;9964.0;0.0
yf_ZC=F_d2;55400;INTARIAN_PEPPER_ROOT;11451;19;11447;22;;;11457;11;11459;20;;;11454.0;0.0
yf_ZC=F_d2;55500;ASH_COATED_OSMIUM;9952;11;9950;21;;;9976;16;9980;16;;;9964.0;0.0
yf_ZC=F_d2;55500;INTARIAN_PEPPER_ROOT;11449;11;11445;21;;;11455;10;11459;24;;;11452.0;0.0
yf_ZC=F_d2;55600;ASH_COATED_OSMIUM;9956;14;9952;15;;;9973;18;9977;14;;;9964.5;0.0
yf_ZC=F_d2;55600;INTARIAN_PEPPER_ROOT;11448;15;11444;16;;;11454;9;11457;19;;;11451.0;0.0
yf_ZC=F_d2;55700;ASH_COATED_OSMIUM;9960;17;9958;26;;;9967;10;9971;20;;;9963.5;0.0
yf_ZC=F_d2;55700;INTARIAN_PEPPER_ROOT;11446;21;11443;17;;;11452;22;11455;17;;;11449.0;0.0
yf_ZC=F_d2;55800;ASH_COATED_OSMIUM;9961;8;9957;22;;;9967;18;9971;27;;;9964.0;0.0
yf_ZC=F_d2;55800;INTARIAN_PEPPER_ROOT;11444;17;11440;20;;;11450;14;11452;20;;;11447.0;0.0
yf_ZC=F_d2;55900;ASH_COATED_OSMIUM;9945;14;9941;12;;;9981;19;9983;24;;;9963.0;0.0
yf_ZC=F_d2;55900;INTARIAN_PEPPER_ROOT;11434;13;11430;17;;;11457;18;11461;27;;;11445.5;0.0
yf_ZC=F_d2;56000;ASH_COATED_OSMIUM;9961;16;9957;11;;;9967;8;9969;22;;;9964.0;0.0
yf_ZC=F_d2;56000;INTARIAN_PEPPER_ROOT;11441;12;11437;20;;;11447;19;11449;23;;;11444.0;0.0
yf_ZC=F_d2;56100;ASH_COATED_OSMIUM;9960;9;9957;19;;;9966;12;9968;18;;;9963.0;0.0
yf_ZC=F_d2;56100;INTARIAN_PEPPER_ROOT;11439;14;11436;23;;;11445;13;11448;11;;;11442.0;0.0
yf_ZC=F_d2;56200;ASH_COATED_OSMIUM;9961;21;9958;8;;;9967;24;9971;19;;;9964.0;0.0
yf_ZC=F_d2;56200;INTARIAN_PEPPER_ROOT;11437;18;11433;15;;;11443;16;11447;17;;;11440.0;0.0
yf_ZC=F_d2;56300;ASH_COATED_OSMIUM;9960;11;9958;22;;;9966;18;9969;22;;;9963.0;0.0
yf_ZC=F_d2;56300;INTARIAN_PEPPER_ROOT;11431;22;11429;18;;;11445;11;11449;18;;;11438.0;0.0
yf_ZC=F_d2;56400;ASH_COATED_OSMIUM;9960;17;9957;24;;;9966;16;9968;24;;;9963.0;0.0
yf_ZC=F_d2;56400;INTARIAN_PEPPER_ROOT;11434;13;11431;14;;;11440;15;11443;16;;;11437.0;0.0
yf_ZC=F_d2;56500;ASH_COATED_OSMIUM;9961;12;9958;18;;;9967;14;9969;15;;;9964.0;0.0
yf_ZC=F_d2;56500;INTARIAN_PEPPER_ROOT;11429;21;11426;14;;;11441;6;11443;28;;;11435.0;0.0
yf_ZC=F_d2;56600;ASH_COATED_OSMIUM;9956;20;9953;10;;;9973;18;9975;27;;;9964.5;0.0
yf_ZC=F_d2;56600;INTARIAN_PEPPER_ROOT;11394;25;11392;27;;;11473;5;11476;18;;;11433.5;0.0
yf_ZC=F_d2;56700;ASH_COATED_OSMIUM;9956;16;9954;16;;;9971;6;9974;32;;;9963.5;0.0
yf_ZC=F_d2;56700;INTARIAN_PEPPER_ROOT;11427;20;11423;14;;;11437;14;11440;22;;;11432.0;0.0
yf_ZC=F_d2;56800;ASH_COATED_OSMIUM;9960;13;9958;11;;;9966;11;9968;11;;;9963.0;0.0
yf_ZC=F_d2;56800;INTARIAN_PEPPER_ROOT;11423;17;11419;19;;;11438;13;11441;25;;;11430.5;0.0
yf_ZC=F_d2;56900;ASH_COATED_OSMIUM;9961;16;9957;23;;;9967;16;9969;24;;;9964.0;0.0
yf_ZC=F_d2;56900;INTARIAN_PEPPER_ROOT;11426;18;11424;18;;;11432;14;11436;28;;;11429.0;0.0
yf_ZC=F_d2;57000;ASH_COATED_OSMIUM;9956;7;9954;21;;;9969;7;9973;15;;;9962.5;0.0
yf_ZC=F_d2;57000;INTARIAN_PEPPER_ROOT;11424;12;11422;13;;;11430;17;11434;25;;;11427.0;0.0
yf_ZC=F_d2;57100;ASH_COATED_OSMIUM;9960;5;9957;20;;;9966;18;9968;15;;;9963.0;0.0
yf_ZC=F_d2;57100;INTARIAN_PEPPER_ROOT;11420;13;11418;10;;;11430;17;11432;17;;;11425.0;0.0
yf_ZC=F_d2;57200;ASH_COATED_OSMIUM;9941;17;9937;18;;;9985;20;9989;25;;;9963.0;0.0
yf_ZC=F_d2;57200;INTARIAN_PEPPER_ROOT;11415;18;11411;21;;;11434;8;11438;19;;;11424.5;0.0
yf_ZC=F_d2;57300;ASH_COATED_OSMIUM;9960;14;9958;20;;;9966;22;9969;25;;;9963.0;0.0
yf_ZC=F_d2;57300;INTARIAN_PEPPER_ROOT;11405;14;11402;11;;;11438;17;11441;10;;;11421.5;0.0
yf_ZC=F_d2;57400;ASH_COATED_OSMIUM;9956;16;9954;20;;;9969;15;9972;19;;;9962.5;0.0
yf_ZC=F_d2;57400;INTARIAN_PEPPER_ROOT;11417;10;11415;14;;;11423;21;11426;25;;;11420.0;0.0
yf_ZC=F_d2;57500;ASH_COATED_OSMIUM;9960;16;9956;20;;;9966;8;9968;23;;;9963.0;0.0
yf_ZC=F_d2;57500;INTARIAN_PEPPER_ROOT;11414;17;11410;16;;;11421;15;11424;23;;;11417.5;0.0
yf_ZC=F_d2;57600;ASH_COATED_OSMIUM;9961;14;9958;21;;;9967;6;9969;27;;;9964.0;0.0
yf_ZC=F_d2;57600;INTARIAN_PEPPER_ROOT;11413;14;11409;11;;;11421;15;11423;24;;;11417.0;0.0
yf_ZC=F_d2;57700;ASH_COATED_OSMIUM;9947;14;9945;20;;;9980;23;9984;19;;;9963.5;0.0
yf_ZC=F_d2;57700;INTARIAN_PEPPER_ROOT;11412;19;11409;25;;;11418;13;11422;12;;;11415.0;0.0
yf_ZC=F_d2;57800;ASH_COATED_OSMIUM;9946;17;9944;12;;;9981;5;9983;22;;;9963.5;0.0
yf_ZC=F_d2;57800;INTARIAN_PEPPER_ROOT;11410;21;11406;19;;;11416;13;11420;17;;;11413.0;0.0
yf_ZC=F_d2;57900;ASH_COATED_OSMIUM;9959;18;9955;17;;;9967;20;9970;18;;;9963.0;0.0
yf_ZC=F_d2;57900;INTARIAN_PEPPER_ROOT;11397;15;11393;22;;;11426;15;11428;15;;;11411.5;0.0
yf_ZC=F_d2;58000;ASH_COATED_OSMIUM;9961;15;9958;32;;;9967;17;9970;19;;;9964.0;0.0
yf_ZC=F_d2;58000;INTARIAN_PEPPER_ROOT;11407;9;11404;19;;;11413;17;11416;21;;;11410.0;0.0
yf_ZC=F_d2;58100;ASH_COATED_OSMIUM;9956;15;9952;30;;;9970;10;9973;26;;;9963.0;0.0
yf_ZC=F_d2;58100;INTARIAN_PEPPER_ROOT;11401;14;11399;22;;;11415;15;11417;23;;;11408.0;0.0
yf_ZC=F_d2;58200;ASH_COATED_OSMIUM;9957;17;9955;22;;;9969;15;9972;23;;;9963.0;0.0
yf_ZC=F_d2;58200;INTARIAN_PEPPER_ROOT;11403;13;11399;14;;;11409;18;11413;26;;;11406.0;0.0
yf_ZC=F_d2;58300;ASH_COATED_OSMIUM;9961;13;9959;15;;;9967;8;9971;18;;;9964.0;0.0
yf_ZC=F_d2;58300;INTARIAN_PEPPER_ROOT;11397;13;11395;21;;;11411;15;11414;18;;;11404.0;0.0
