day;timestamp;product;bid_price_1;bid_volume_1;bid_price_2;bid_volume_2;bid_price_3;bid_volume_3;ask_price_1;ask_volume_1;ask_price_2;ask_volume_2;ask_price_3;ask_volume_3;mid_price;profit_and_loss
yf_MKC_d2;0;ASH_COATED_OSMIUM;9932;17;9928;27;;;9945;19;9948;19;;;9938.5;0.0
yf_MKC_d2;0;INTARIAN_PEPPER_ROOT;9997;11;9993;21;;;10003;14;10007;19;;;10000.0;0.0
yf_MKC_d2;100;ASH_COATED_OSMIUM;9932;11;9930;22;;;9946;23;9950;20;;;9939.0;0.0
yf_MKC_d2;100;INTARIAN_PEPPER_ROOT;9991;5;9988;12;;;10011;10;10014;15;;;10001.0;0.0
yf_MKC_d2;200;ASH_COATED_OSMIUM;9936;5;9934;17;;;9942;13;9944;15;;;9939.0;0.0
yf_MKC_d2;200;INTARIAN_PEPPER_ROOT;10000;10;9998;12;;;10006;17;10009;23;;;10003.0;0.0
yf_MKC_d2;300;ASH_COATED_OSMIUM;9935;17;9931;20;;;9943;13;9945;16;;;9939.0;0.0
yf_MKC_d2;300;INTARIAN_PEPPER_ROOT;10001;13;9998;20;;;10010;22;10014;16;;;10005.5;0.0
yf_MKC_d2;400;ASH_COATED_OSMIUM;9931;17;9927;12;;;9946;20;9949;21;;;9938.5;0.0
yf_MKC_d2;400;INTARIAN_PEPPER_ROOT;10003;19;10001;15;;;10009;5;10011;19;;;10006.0;0.0
yf_MKC_d2;500;ASH_COATED_OSMIUM;9936;14;9932;14;;;9942;12;9945;16;;;9939.0;0.0
yf_MKC_d2;500;INTARIAN_PEPPER_ROOT;10005;17;10001;20;;;10011;18;10015;21;;;10008.0;0.0
yf_MKC_d2;600;ASH_COATED_OSMIUM;9936;24;9932;13;;;9942;12;9944;11;;;9939.0;0.0
yf_MKC_d2;600;INTARIAN_PEPPER_ROOT;10007;20;10004;19;;;10013;24;10017;19;;;10010.0;0.0
yf_MKC_d2;700;ASH_COATED_OSMIUM;9936;5;9934;17;;;9942;10;9946;14;;;9939.0;0.0
yf_MKC_d2;700;INTARIAN_PEPPER_ROOT;10009;19;10005;23;;;10015;16;10017;17;;;10012.0;0.0
yf_MKC_d2;800;ASH_COATED_OSMIUM;9932;17;9928;26;;;9945;12;9949;12;;;9938.5;0.0
yf_MKC_d2;800;INTARIAN_PEPPER_ROOT;10009;16;10005;21;;;10017;12;10021;16;;;10013.0;0.0
yf_MKC_d2;900;ASH_COATED_OSMIUM;9932;7;9928;15;;;9945;16;9947;18;;;9938.5;0.0
yf_MKC_d2;900;INTARIAN_PEPPER_ROOT;10012;13;10010;10;;;10018;11;10020;32;;;10015.0;0.0
yf_MKC_d2;1000;ASH_COATED_OSMIUM;9936;20;9933;19;;;9943;20;9945;22;;;9939.5;0.0
yf_MKC_d2;1000;INTARIAN_PEPPER_ROOT;10014;17;10011;28;;;10020;8;10023;24;;;10017.0;0.0
yf_MKC_d2;1100;ASH_COATED_OSMIUM;9932;14;9930;17;;;9946;21;9950;14;;;9939.0;0.0
yf_MKC_d2;1100;INTARIAN_PEPPER_ROOT;10015;15;10013;16;;;10021;16;10024;17;;;10018.0;0.0
yf_MKC_d2;1200;ASH_COATED_OSMIUM;9936;20;9933;15;;;9942;12;9946;27;;;9939.0;0.0
yf_MKC_d2;1200;INTARIAN_PEPPER_ROOT;10011;19;10008;13;;;10029;13;10032;23;;;10020.0;0.0
yf_MKC_d2;1300;ASH_COATED_OSMIUM;9930;16;9928;24;;;9947;16;9949;18;;;9938.5;0.0
yf_MKC_d2;1300;INTARIAN_PEPPER_ROOT;10019;10;10017;25;;;10025;24;10028;20;;;10022.0;0.0
yf_MKC_d2;1400;ASH_COATED_OSMIUM;9936;5;9932;8;;;9942;16;9946;23;;;9939.0;0.0
yf_MKC_d2;1400;INTARIAN_PEPPER_ROOT;10020;12;10018;23;;;10027;16;10031;14;;;10023.5;0.0
yf_MKC_d2;1500;ASH_COATED_OSMIUM;9932;14;9930;24;;;9946;12;9949;23;;;9939.0;0.0
yf_MKC_d2;1500;INTARIAN_PEPPER_ROOT;10022;6;10019;20;;;10029;19;10033;11;;;10025.5;0.0
yf_MKC_d2;1600;ASH_COATED_OSMIUM;9936;16;9933;17;;;9942;13;9946;13;;;9939.0;0.0
yf_MKC_d2;1600;INTARIAN_PEPPER_ROOT;10015;20;10012;22;;;10039;13;10042;17;;;10027.0;0.0
yf_MKC_d2;1700;ASH_COATED_OSMIUM;9936;20;9932;20;;;9942;12;9944;16;;;9939.0;0.0
yf_MKC_d2;1700;INTARIAN_PEPPER_ROOT;10022;11;10018;23;;;10037;17;10040;16;;;10029.5;0.0
yf_MKC_d2;1800;ASH_COATED_OSMIUM;9937;15;9934;22;;;9943;23;9946;27;;;9940.0;0.0
yf_MKC_d2;1800;INTARIAN_PEPPER_ROOT;10028;8;10026;22;;;10034;17;10037;29;;;10031.0;0.0
yf_MKC_d2;1900;ASH_COATED_OSMIUM;9932;15;9930;15;;;9945;14;9948;18;;;9938.5;0.0
yf_MKC_d2;1900;INTARIAN_PEPPER_ROOT;10029;13;10026;24;;;10035;7;10038;17;;;10032.0;0.0
yf_MKC_d2;2000;ASH_COATED_OSMIUM;9935;6;9932;17;;;9944;19;9948;19;;;9939.5;0.0
yf_MKC_d2;2000;INTARIAN_PEPPER_ROOT;10022;8;10020;16;;;10046;8;10050;16;;;10034.0;0.0
yf_MKC_d2;2100;ASH_COATED_OSMIUM;9936;14;9932;21;;;9942;20;9946;14;;;9939.0;0.0
yf_MKC_d2;2100;INTARIAN_PEPPER_ROOT;10033;11;10029;16;;;10039;21;10041;20;;;10036.0;0.0
yf_MKC_d2;2200;ASH_COATED_OSMIUM;9926;12;9924;10;;;9954;11;9957;18;;;9940.0;0.0
yf_MKC_d2;2200;INTARIAN_PEPPER_ROOT;10031;18;10027;25;;;10045;15;10049;20;;;10038.0;0.0
yf_MKC_d2;2300;ASH_COATED_OSMIUM;9936;8;9934;22;;;9942;18;9946;21;;;9939.0;0.0
yf_MKC_d2;2300;INTARIAN_PEPPER_ROOT;10036;17;10034;10;;;10042;12;10044;19;;;10039.0;0.0
yf_MKC_d2;2400;ASH_COATED_OSMIUM;9936;19;9933;26;;;9942;25;9946;14;;;9939.0;0.0
yf_MKC_d2;2400;INTARIAN_PEPPER_ROOT;10037;16;10033;26;;;10045;16;10048;18;;;10041.0;0.0
yf_MKC_d2;2500;ASH_COATED_OSMIUM;9931;19;9928;22;;;9949;17;9951;21;;;9940.0;0.0
yf_MKC_d2;2500;INTARIAN_PEPPER_ROOT;10033;21;10030;25;;;10052;17;10055;17;;;10042.5;0.0
yf_MKC_d2;2600;ASH_COATED_OSMIUM;9932;10;9928;14;;;9946;20;9948;23;;;9939.0;0.0
yf_MKC_d2;2600;INTARIAN_PEPPER_ROOT;10041;15;10039;21;;;10047;8;10049;16;;;10044.0;0.0
yf_MKC_d2;2700;ASH_COATED_OSMIUM;9936;18;9934;14;;;9942;15;9945;22;;;9939.0;0.0
yf_MKC_d2;2700;INTARIAN_PEPPER_ROOT;10043;21;10040;25;;;10049;14;10051;21;;;10046.0;0.0
yf_MKC_d2;2800;ASH_COATED_OSMIUM;9935;13;9932;26;;;9945;10;9948;21;;;9940.0;0.0
yf_MKC_d2;2800;INTARIAN_PEPPER_ROOT;10045;12;10043;12;;;10051;16;10053;22;;;10048.0;0.0
yf_MKC_d2;2900;ASH_COATED_OSMIUM;9936;29;9932;14;;;9942;18;9944;22;;;9939.0;0.0
yf_MKC_d2;2900;INTARIAN_PEPPER_ROOT;10047;11;10045;15;;;10053;11;10057;14;;;10050.0;0.0
yf_MKC_d2;3000;ASH_COATED_OSMIUM;9936;10;9932;31;;;9943;9;9947;27;;;9939.5;0.0
yf_MKC_d2;3000;INTARIAN_PEPPER_ROOT;10046;13;10043;13;;;10057;13;10061;21;;;10051.5;0.0
yf_MKC_d2;3100;ASH_COATED_OSMIUM;9936;24;9934;30;;;9942;9;9945;16;;;9939.0;0.0
yf_MKC_d2;3100;INTARIAN_PEPPER_ROOT;10049;12;10046;21;;;10055;10;10057;22;;;10052.0;0.0
yf_MKC_d2;3200;ASH_COATED_OSMIUM;9936;10;9933;23;;;9943;13;9946;14;;;9939.5;0.0
yf_MKC_d2;3200;INTARIAN_PEPPER_ROOT;10052;11;10050;18;;;10058;16;10060;29;;;10055.0;0.0
yf_MKC_d2;3300;ASH_COATED_OSMIUM;9932;23;9928;26;;;9947;15;9951;22;;;9939.5;0.0
yf_MKC_d2;3300;INTARIAN_PEPPER_ROOT;10053;15;10050;22;;;10059;9;10061;15;;;10056.0;0.0
yf_MKC_d2;3400;ASH_COATED_OSMIUM;9937;17;9935;20;;;9943;17;9946;22;;;9940.0;0.0
yf_MKC_d2;3400;INTARIAN_PEPPER_ROOT;10054;15;10051;24;;;10063;11;10066;28;;;10058.5;0.0
yf_MKC_d2;3500;ASH_COATED_OSMIUM;9936;26;9933;21;;;9943;20;9945;28;;;9939.5;0.0
yf_MKC_d2;3500;INTARIAN_PEPPER_ROOT;10050;14;10046;14;;;10069;13;10072;25;;;10059.5;0.0
yf_MKC_d2;3600;ASH_COATED_OSMIUM;9937;22;9934;20;;;9943;20;9946;29;;;9940.0;0.0
yf_MKC_d2;3600;INTARIAN_PEPPER_ROOT;10059;14;10057;20;;;10065;17;10069;12;;;10062.0;0.0
yf_MKC_d2;3700;ASH_COATED_OSMIUM;9937;16;9935;22;;;9943;15;9946;21;;;9940.0;0.0
yf_MKC_d2;3700;INTARIAN_PEPPER_ROOT;10060;22;10058;26;;;10066;8;10070;24;;;10063.0;0.0
yf_MKC_d2;3800;ASH_COATED_OSMIUM;9933;17;9931;30;;;9946;13;9950;15;;;9939.5;0.0
yf_MKC_d2;3800;INTARIAN_PEPPER_ROOT;10060;6;10056;19;;;10071;17;10074;24;;;10065.5;0.0
yf_MKC_d2;3900;ASH_COATED_OSMIUM;9936;17;9934;23;;;9944;12;9948;21;;;9940.0;0.0
yf_MKC_d2;3900;INTARIAN_PEPPER_ROOT;10064;12;10062;14;;;10070;13;10073;21;;;10067.0;0.0
yf_MKC_d2;4000;ASH_COATED_OSMIUM;9935;17;9932;17;;;9945;24;9947;29;;;9940.0;0.0
yf_MKC_d2;4000;INTARIAN_PEPPER_ROOT;10066;10;10064;23;;;10072;9;10076;22;;;10069.0;0.0
yf_MKC_d2;4100;ASH_COATED_OSMIUM;9936;25;9933;19;;;9942;15;9944;16;;;9939.0;0.0
yf_MKC_d2;4100;INTARIAN_PEPPER_ROOT;10067;11;10065;26;;;10073;15;10076;21;;;10070.0;0.0
yf_MKC_d2;4200;ASH_COATED_OSMIUM;9937;13;9934;30;;;9943;10;9945;25;;;9940.0;0.0
yf_MKC_d2;4200;INTARIAN_PEPPER_ROOT;10069;21;10065;24;;;10075;9;10077;31;;;10072.0;0.0
yf_MKC_d2;4300;ASH_COATED_OSMIUM;9937;24;9934;14;;;9943;16;9946;16;;;9940.0;0.0
yf_MKC_d2;4300;INTARIAN_PEPPER_ROOT;10071;9;10068;11;;;10077;15;10079;21;;;10074.0;0.0
yf_MKC_d2;4400;ASH_COATED_OSMIUM;9930;12;9926;33;;;9949;13;9952;20;;;9939.5;0.0
yf_MKC_d2;4400;INTARIAN_PEPPER_ROOT;10070;9;10066;23;;;10081;14;10083;22;;;10075.5;0.0
yf_MKC_d2;4500;ASH_COATED_OSMIUM;9937;11;9935;25;;;9943;17;9945;16;;;9940.0;0.0
yf_MKC_d2;4500;INTARIAN_PEPPER_ROOT;10062;14;10058;23;;;10091;17;10093;16;;;10076.5;0.0
yf_MKC_d2;4600;ASH_COATED_OSMIUM;9937;22;9935;24;;;9943;17;9947;17;;;9940.0;0.0
yf_MKC_d2;4600;INTARIAN_PEPPER_ROOT;10075;20;10073;24;;;10082;12;10084;20;;;10078.5;0.0
yf_MKC_d2;4700;ASH_COATED_OSMIUM;9937;6;9934;28;;;9943;22;9945;26;;;9940.0;0.0
yf_MKC_d2;4700;INTARIAN_PEPPER_ROOT;10070;14;10068;14;;;10092;20;10094;30;;;10081.0;0.0
yf_MKC_d2;4800;ASH_COATED_OSMIUM;9938;5;9936;16;;;9944;14;9947;13;;;9941.0;0.0
yf_MKC_d2;4800;INTARIAN_PEPPER_ROOT;10080;18;10076;19;;;10086;9;10088;18;;;10083.0;0.0
yf_MKC_d2;4900;ASH_COATED_OSMIUM;9935;16;9933;24;;;9946;13;9948;26;;;9940.5;0.0
yf_MKC_d2;4900;INTARIAN_PEPPER_ROOT;10076;12;10072;17;;;10092;18;10095;23;;;10084.0;0.0
yf_MKC_d2;5000;ASH_COATED_OSMIUM;9937;14;9934;19;;;9943;6;9947;31;;;9940.0;0.0
yf_MKC_d2;5000;INTARIAN_PEPPER_ROOT;10083;15;10079;16;;;10090;21;10092;19;;;10086.5;0.0
yf_MKC_d2;5100;ASH_COATED_OSMIUM;9928;12;9924;21;;;9952;11;9955;18;;;9940.0;0.0
yf_MKC_d2;5100;INTARIAN_PEPPER_ROOT;10070;20;10066;15;;;10105;17;10108;24;;;10087.5;0.0
yf_MKC_d2;5200;ASH_COATED_OSMIUM;9924;17;9921;19;;;9957;13;9959;8;;;9940.5;0.0
yf_MKC_d2;5200;INTARIAN_PEPPER_ROOT;10086;17;10082;25;;;10092;21;10096;26;;;10089.0;0.0
yf_MKC_d2;5300;ASH_COATED_OSMIUM;9937;18;9934;20;;;9943;18;9945;23;;;9940.0;0.0
yf_MKC_d2;5300;INTARIAN_PEPPER_ROOT;10089;13;10085;29;;;10095;22;10097;19;;;10092.0;0.0
yf_MKC_d2;5400;ASH_COATED_OSMIUM;9937;18;9935;19;;;9943;20;9945;28;;;9940.0;0.0
yf_MKC_d2;5400;INTARIAN_PEPPER_ROOT;10090;14;10086;17;;;10096;12;10098;9;;;10093.0;0.0
yf_MKC_d2;5500;ASH_COATED_OSMIUM;9937;14;9935;19;;;9943;9;9946;21;;;9940.0;0.0
yf_MKC_d2;5500;INTARIAN_PEPPER_ROOT;10084;22;10080;17;;;10105;12;10107;21;;;10094.5;0.0
yf_MKC_d2;5600;ASH_COATED_OSMIUM;9937;8;9935;20;;;9943;11;9945;10;;;9940.0;0.0
yf_MKC_d2;5600;INTARIAN_PEPPER_ROOT;10093;23;10091;19;;;10099;21;10101;22;;;10096.0;0.0
yf_MKC_d2;5700;ASH_COATED_OSMIUM;9932;11;9929;14;;;9948;15;9952;21;;;9940.0;0.0
yf_MKC_d2;5700;INTARIAN_PEPPER_ROOT;10095;10;10092;25;;;10101;8;10104;20;;;10098.0;0.0
yf_MKC_d2;5800;ASH_COATED_OSMIUM;9937;9;9935;23;;;9943;19;9947;26;;;9940.0;0.0
yf_MKC_d2;5800;INTARIAN_PEPPER_ROOT;10084;9;10082;22;;;10117;10;10120;22;;;10100.5;0.0
yf_MKC_d2;5900;ASH_COATED_OSMIUM;9937;20;9934;17;;;9943;13;9947;12;;;9940.0;0.0
yf_MKC_d2;5900;INTARIAN_PEPPER_ROOT;10098;25;10095;8;;;10104;23;10106;19;;;10101.0;0.0
yf_MKC_d2;6000;ASH_COATED_OSMIUM;9937;14;9935;17;;;9946;11;9948;35;;;9941.5;0.0
yf_MKC_d2;6000;INTARIAN_PEPPER_ROOT;10100;19;10098;22;;;10106;20;10109;21;;;10103.0;0.0
yf_MKC_d2;6100;ASH_COATED_OSMIUM;9935;14;9933;22;;;9945;11;9947;19;;;9940.0;0.0
yf_MKC_d2;6100;INTARIAN_PEPPER_ROOT;10100;14;10096;26;;;10110;18;10113;23;;;10105.0;0.0
yf_MKC_d2;6200;ASH_COATED_OSMIUM;9936;18;9933;15;;;9943;14;9945;15;;;9939.5;0.0
yf_MKC_d2;6200;INTARIAN_PEPPER_ROOT;10104;17;10102;19;;;10110;13;10112;20;;;10107.0;0.0
yf_MKC_d2;6300;ASH_COATED_OSMIUM;9938;17;9935;18;;;9944;16;9946;24;;;9941.0;0.0
yf_MKC_d2;6300;INTARIAN_PEPPER_ROOT;10106;10;10104;27;;;10112;9;10115;15;;;10109.0;0.0
yf_MKC_d2;6400;ASH_COATED_OSMIUM;9936;14;9934;23;;;9945;20;9949;17;;;9940.5;0.0
yf_MKC_d2;6400;INTARIAN_PEPPER_ROOT;10107;21;10104;15;;;10113;10;10117;21;;;10110.0;0.0
yf_MKC_d2;6500;ASH_COATED_OSMIUM;9937;15;9933;23;;;9943;13;9945;15;;;9940.0;0.0
yf_MKC_d2;6500;INTARIAN_PEPPER_ROOT;10105;16;10102;19;;;10119;5;10122;15;;;10112.0;0.0
yf_MKC_d2;6600;ASH_COATED_OSMIUM;9937;10;9935;24;;;9943;13;9946;13;;;9940.0;0.0
yf_MKC_d2;6600;INTARIAN_PEPPER_ROOT;10110;15;10108;20;;;10118;13;10120;18;;;10114.0;0.0
yf_MKC_d2;6700;ASH_COATED_OSMIUM;9938;10;9936;17;;;9944;17;9947;18;;;9941.0;0.0
yf_MKC_d2;6700;INTARIAN_PEPPER_ROOT;10112;16;10109;19;;;10118;10;10121;22;;;10115.0;0.0
yf_MKC_d2;6800;ASH_COATED_OSMIUM;9934;13;9932;19;;;9946;22;9948;11;;;9940.0;0.0
yf_MKC_d2;6800;INTARIAN_PEPPER_ROOT;10115;18;10113;19;;;10121;17;10123;18;;;10118.0;0.0
yf_MKC_d2;6900;ASH_COATED_OSMIUM;9938;17;9935;28;;;9944;19;9948;12;;;9941.0;0.0
yf_MKC_d2;6900;INTARIAN_PEPPER_ROOT;10115;6;10112;21;;;10121;14;10123;25;;;10118.0;0.0
yf_MKC_d2;7000;ASH_COATED_OSMIUM;9938;11;9936;19;;;9944;10;9948;8;;;9941.0;0.0
yf_MKC_d2;7000;INTARIAN_PEPPER_ROOT;10117;20;10113;15;;;10124;6;10128;22;;;10120.5;0.0
yf_MKC_d2;7100;ASH_COATED_OSMIUM;9937;11;9933;27;;;9944;18;9946;25;;;9940.5;0.0
yf_MKC_d2;7100;INTARIAN_PEPPER_ROOT;10119;5;10115;19;;;10125;20;10129;18;;;10122.0;0.0
yf_MKC_d2;7200;ASH_COATED_OSMIUM;9938;16;9935;13;;;9944;18;9948;14;;;9941.0;0.0
yf_MKC_d2;7200;INTARIAN_PEPPER_ROOT;10120;12;10116;22;;;10126;17;10128;32;;;10123.0;0.0
yf_MKC_d2;7300;ASH_COATED_OSMIUM;9938;21;9935;22;;;9944;20;9948;22;;;9941.0;0.0
yf_MKC_d2;7300;INTARIAN_PEPPER_ROOT;10123;13;10119;20;;;10129;12;10133;11;;;10126.0;0.0
yf_MKC_d2;7400;ASH_COATED_OSMIUM;9938;19;9936;23;;;9944;15;9947;26;;;9941.0;0.0
yf_MKC_d2;7400;INTARIAN_PEPPER_ROOT;10124;23;10120;20;;;10131;12;10134;20;;;10127.5;0.0
yf_MKC_d2;7500;ASH_COATED_OSMIUM;9933;19;9930;19;;;9950;24;9952;19;;;9941.5;0.0
yf_MKC_d2;7500;INTARIAN_PEPPER_ROOT;10122;18;10118;26;;;10136;7;10138;22;;;10129.0;0.0
yf_MKC_d2;7600;ASH_COATED_OSMIUM;9938;17;9934;19;;;9944;26;9946;18;;;9941.0;0.0
yf_MKC_d2;7600;INTARIAN_PEPPER_ROOT;10128;15;10126;20;;;10134;20;10137;18;;;10131.0;0.0
yf_MKC_d2;7700;ASH_COATED_OSMIUM;9935;23;9932;18;;;9947;20;9951;18;;;9941.0;0.0
yf_MKC_d2;7700;INTARIAN_PEPPER_ROOT;10130;16;10126;25;;;10136;11;10139;9;;;10133.0;0.0
yf_MKC_d2;7800;ASH_COATED_OSMIUM;9938;11;9935;17;;;9944;15;9946;26;;;9941.0;0.0
yf_MKC_d2;7800;INTARIAN_PEPPER_ROOT;10131;17;10129;20;;;10137;7;10139;24;;;10134.0;0.0
yf_MKC_d2;7900;ASH_COATED_OSMIUM;9939;12;9937;20;;;9945;16;9948;16;;;9942.0;0.0
yf_MKC_d2;7900;INTARIAN_PEPPER_ROOT;10130;17;10126;19;;;10144;16;10147;21;;;10137.0;0.0
yf_MKC_d2;8000;ASH_COATED_OSMIUM;9936;9;9934;25;;;9947;18;9950;26;;;9941.5;0.0
yf_MKC_d2;8000;INTARIAN_PEPPER_ROOT;10135;21;10131;30;;;10141;14;10145;28;;;10138.0;0.0
yf_MKC_d2;8100;ASH_COATED_OSMIUM;9938;15;9934;19;;;9944;12;9946;19;;;9941.0;0.0
yf_MKC_d2;8100;INTARIAN_PEPPER_ROOT;10133;19;10129;20;;;10145;21;10147;13;;;10139.0;0.0
yf_MKC_d2;8200;ASH_COATED_OSMIUM;9938;22;9934;24;;;9944;24;9948;17;;;9941.0;0.0
yf_MKC_d2;8200;INTARIAN_PEPPER_ROOT;10138;20;10136;17;;;10144;8;10148;16;;;10141.0;0.0
yf_MKC_d2;8300;ASH_COATED_OSMIUM;9934;16;9930;13;;;9948;15;9951;22;;;9941.0;0.0
yf_MKC_d2;8300;INTARIAN_PEPPER_ROOT;10139;10;10136;19;;;10146;20;10149;13;;;10142.5;0.0
yf_MKC_d2;8400;ASH_COATED_OSMIUM;9939;15;9935;25;;;9945;20;9949;17;;;9942.0;0.0
yf_MKC_d2;8400;INTARIAN_PEPPER_ROOT;10118;17;10116;19;;;10171;14;10174;14;;;10144.5;0.0
yf_MKC_d2;8500;ASH_COATED_OSMIUM;9939;19;9936;15;;;9945;16;9947;23;;;9942.0;0.0
yf_MKC_d2;8500;INTARIAN_PEPPER_ROOT;10140;15;10138;21;;;10152;13;10154;17;;;10146.0;0.0
yf_MKC_d2;8600;ASH_COATED_OSMIUM;9938;12;9935;22;;;9944;10;9948;19;;;9941.0;0.0
yf_MKC_d2;8600;INTARIAN_PEPPER_ROOT;10145;19;10141;24;;;10151;20;10153;19;;;10148.0;0.0
yf_MKC_d2;8700;ASH_COATED_OSMIUM;9938;14;9935;23;;;9944;18;9946;18;;;9941.0;0.0
yf_MKC_d2;8700;INTARIAN_PEPPER_ROOT;10147;12;10144;25;;;10153;8;10155;17;;;10150.0;0.0
yf_MKC_d2;8800;ASH_COATED_OSMIUM;9920;23;9916;15;;;9964;15;9966;20;;;9942.0;0.0
yf_MKC_d2;8800;INTARIAN_PEPPER_ROOT;10146;19;10142;20;;;10158;11;10162;27;;;10152.0;0.0
yf_MKC_d2;8900;ASH_COATED_OSMIUM;9931;15;9928;22;;;9952;10;9956;16;;;9941.5;0.0
yf_MKC_d2;8900;INTARIAN_PEPPER_ROOT;10150;15;10148;18;;;10156;17;10160;21;;;10153.0;0.0
yf_MKC_d2;9000;ASH_COATED_OSMIUM;9933;13;9930;20;;;9949;12;9952;12;;;9941.0;0.0
yf_MKC_d2;9000;INTARIAN_PEPPER_ROOT;10152;13;10150;22;;;10158;16;10161;22;;;10155.0;0.0
yf_MKC_d2;9100;ASH_COATED_OSMIUM;9939;20;9935;16;;;9945;21;9949;18;;;9942.0;0.0
yf_MKC_d2;9100;INTARIAN_PEPPER_ROOT;10154;14;10150;16;;;10160;17;10163;23;;;10157.0;0.0
yf_MKC_d2;9200;ASH_COATED_OSMIUM;9939;11;9936;8;;;9945;22;9948;16;;;9942.0;0.0
yf_MKC_d2;9200;INTARIAN_PEPPER_ROOT;10151;15;10148;22;;;10167;11;10171;15;;;10159.0;0.0
yf_MKC_d2;9300;ASH_COATED_OSMIUM;9938;21;9934;16;;;9944;14;9947;17;;;9941.0;0.0
yf_MKC_d2;9300;INTARIAN_PEPPER_ROOT;10157;14;10154;13;;;10165;18;10169;12;;;10161.0;0.0
yf_MKC_d2;9400;ASH_COATED_OSMIUM;9939;20;9935;17;;;9945;14;9949;16;;;9942.0;0.0
yf_MKC_d2;9400;INTARIAN_PEPPER_ROOT;10155;10;10151;19;;;10169;9;10173;32;;;10162.0;0.0
yf_MKC_d2;9500;ASH_COATED_OSMIUM;9936;16;9933;24;;;9948;11;9950;19;;;9942.0;0.0
yf_MKC_d2;9500;INTARIAN_PEPPER_ROOT;10160;8;10157;8;;;10168;12;10172;26;;;10164.0;0.0
yf_MKC_d2;9600;ASH_COATED_OSMIUM;9939;12;9936;25;;;9945;10;9949;22;;;9942.0;0.0
yf_MKC_d2;9600;INTARIAN_PEPPER_ROOT;10160;21;10157;16;;;10171;15;10175;18;;;10165.5;0.0
yf_MKC_d2;9700;ASH_COATED_OSMIUM;9939;21;9937;13;;;9945;15;9947;15;;;9942.0;0.0
yf_MKC_d2;9700;INTARIAN_PEPPER_ROOT;10165;5;10161;19;;;10171;19;10175;12;;;10168.0;0.0
yf_MKC_d2;9800;ASH_COATED_OSMIUM;9928;9;9926;20;;;9956;8;9960;16;;;9942.0;0.0
yf_MKC_d2;9800;INTARIAN_PEPPER_ROOT;10165;23;10162;28;;;10172;7;10176;20;;;10168.5;0.0
yf_MKC_d2;9900;ASH_COATED_OSMIUM;9939;16;9936;17;;;9945;16;9948;18;;;9942.0;0.0
yf_MKC_d2;9900;INTARIAN_PEPPER_ROOT;10158;16;10155;20;;;10184;14;10186;14;;;10171.0;0.0
yf_MKC_d2;10000;ASH_COATED_OSMIUM;9929;7;9925;29;;;9953;6;9956;21;;;9941.0;0.0
yf_MKC_d2;10000;INTARIAN_PEPPER_ROOT;10167;8;10164;26;;;10179;13;10181;24;;;10173.0;0.0
yf_MKC_d2;10100;ASH_COATED_OSMIUM;9938;11;9935;14;;;9944;20;9946;23;;;9941.0;0.0
yf_MKC_d2;10100;INTARIAN_PEPPER_ROOT;10171;13;10167;16;;;10177;15;10179;18;;;10174.0;0.0
yf_MKC_d2;10200;ASH_COATED_OSMIUM;9939;13;9936;18;;;9945;16;9949;11;;;9942.0;0.0
yf_MKC_d2;10200;INTARIAN_PEPPER_ROOT;10170;10;10166;25;;;10182;19;10184;15;;;10176.0;0.0
yf_MKC_d2;10300;ASH_COATED_OSMIUM;9939;5;9936;21;;;9945;11;9949;13;;;9942.0;0.0
yf_MKC_d2;10300;INTARIAN_PEPPER_ROOT;10175;17;10172;16;;;10181;6;10184;13;;;10178.0;0.0
yf_MKC_d2;10400;ASH_COATED_OSMIUM;9936;12;9933;17;;;9947;17;9951;22;;;9941.5;0.0
yf_MKC_d2;10400;INTARIAN_PEPPER_ROOT;10172;13;10170;14;;;10186;11;10190;21;;;10179.0;0.0
yf_MKC_d2;10500;ASH_COATED_OSMIUM;9939;7;9935;19;;;9945;19;9949;21;;;9942.0;0.0
yf_MKC_d2;10500;INTARIAN_PEPPER_ROOT;10164;19;10161;14;;;10197;25;10199;18;;;10180.5;0.0
yf_MKC_d2;10600;ASH_COATED_OSMIUM;9940;12;9936;23;;;9946;20;9949;14;;;9943.0;0.0
yf_MKC_d2;10600;INTARIAN_PEPPER_ROOT;10180;16;10176;16;;;10186;9;10189;18;;;10183.0;0.0
yf_MKC_d2;10700;ASH_COATED_OSMIUM;9939;9;9936;20;;;9946;18;9948;22;;;9942.5;0.0
yf_MKC_d2;10700;INTARIAN_PEPPER_ROOT;10178;15;10175;13;;;10190;5;10194;22;;;10184.0;0.0
yf_MKC_d2;10800;ASH_COATED_OSMIUM;9939;16;9937;16;;;9945;15;9949;16;;;9942.0;0.0
yf_MKC_d2;10800;INTARIAN_PEPPER_ROOT;10182;17;10180;11;;;10190;15;10194;22;;;10186.0;0.0
yf_MKC_d2;10900;ASH_COATED_OSMIUM;9939;14;9936;22;;;9945;11;9947;25;;;9942.0;0.0
yf_MKC_d2;10900;INTARIAN_PEPPER_ROOT;10185;5;10181;20;;;10191;11;10194;23;;;10188.0;0.0
yf_MKC_d2;11000;ASH_COATED_OSMIUM;9940;11;9938;15;;;9946;14;9948;22;;;9943.0;0.0
yf_MKC_d2;11000;INTARIAN_PEPPER_ROOT;10186;16;10184;21;;;10192;11;10194;19;;;10189.0;0.0
yf_MKC_d2;11100;ASH_COATED_OSMIUM;9938;17;9934;19;;;9947;9;9951;10;;;9942.5;0.0
yf_MKC_d2;11100;INTARIAN_PEPPER_ROOT;10188;12;10186;22;;;10194;15;10198;19;;;10191.0;0.0
yf_MKC_d2;11200;ASH_COATED_OSMIUM;9930;7;9928;20;;;9954;14;9958;22;;;9942.0;0.0
yf_MKC_d2;11200;INTARIAN_PEPPER_ROOT;10186;19;10183;21;;;10200;14;10202;21;;;10193.0;0.0
yf_MKC_d2;11300;ASH_COATED_OSMIUM;9927;5;9925;21;;;9957;6;9960;8;;;9942.0;0.0
yf_MKC_d2;11300;INTARIAN_PEPPER_ROOT;10192;23;10189;19;;;10198;15;10202;35;;;10195.0;0.0
yf_MKC_d2;11400;ASH_COATED_OSMIUM;9939;18;9935;25;;;9945;23;9948;14;;;9942.0;0.0
yf_MKC_d2;11400;INTARIAN_PEPPER_ROOT;10193;18;10190;19;;;10199;5;10202;16;;;10196.0;0.0
yf_MKC_d2;11500;ASH_COATED_OSMIUM;9939;21;9936;18;;;9945;15;9947;21;;;9942.0;0.0
yf_MKC_d2;11500;INTARIAN_PEPPER_ROOT;10193;15;10191;20;;;10205;5;10208;19;;;10199.0;0.0
yf_MKC_d2;11600;ASH_COATED_OSMIUM;9939;24;9937;19;;;9946;11;9948;19;;;9942.5;0.0
yf_MKC_d2;11600;INTARIAN_PEPPER_ROOT;10197;17;10193;21;;;10203;13;10205;24;;;10200.0;0.0
yf_MKC_d2;11700;ASH_COATED_OSMIUM;9939;12;9935;27;;;9945;13;9949;12;;;9942.0;0.0
yf_MKC_d2;11700;INTARIAN_PEPPER_ROOT;10193;10;10190;23;;;10210;18;10213;30;;;10201.5;0.0
yf_MKC_d2;11800;ASH_COATED_OSMIUM;9940;15;9938;13;;;9946;20;9948;18;;;9943.0;0.0
yf_MKC_d2;11800;INTARIAN_PEPPER_ROOT;10201;14;10197;18;;;10207;15;10209;18;;;10204.0;0.0
yf_MKC_d2;11900;ASH_COATED_OSMIUM;9919;16;9916;17;;;9966;20;9969;15;;;9942.5;0.0
yf_MKC_d2;11900;INTARIAN_PEPPER_ROOT;10201;15;10198;21;;;10209;11;10213;26;;;10205.0;0.0
yf_MKC_d2;12000;ASH_COATED_OSMIUM;9936;15;9932;17;;;9949;12;9952;11;;;9942.5;0.0
yf_MKC_d2;12000;INTARIAN_PEPPER_ROOT;10204;24;10200;23;;;10210;22;10214;22;;;10207.0;0.0
yf_MKC_d2;12100;ASH_COATED_OSMIUM;9937;21;9933;17;;;9949;12;9952;23;;;9943.0;0.0
yf_MKC_d2;12100;INTARIAN_PEPPER_ROOT;10204;19;10202;17;;;10214;13;10218;22;;;10209.0;0.0
yf_MKC_d2;12200;ASH_COATED_OSMIUM;9938;10;9935;24;;;9947;19;9950;15;;;9942.5;0.0
yf_MKC_d2;12200;INTARIAN_PEPPER_ROOT;10207;21;10205;21;;;10213;9;10216;26;;;10210.0;0.0
yf_MKC_d2;12300;ASH_COATED_OSMIUM;9939;20;9935;25;;;9945;18;9947;25;;;9942.0;0.0
yf_MKC_d2;12300;INTARIAN_PEPPER_ROOT;10210;17;10208;25;;;10216;23;10219;23;;;10213.0;0.0
yf_MKC_d2;12400;ASH_COATED_OSMIUM;9938;13;9936;29;;;9948;11;9951;17;;;9943.0;0.0
yf_MKC_d2;12400;INTARIAN_PEPPER_ROOT;10206;5;10202;13;;;10223;16;10226;12;;;10214.5;0.0
yf_MKC_d2;12500;ASH_COATED_OSMIUM;9938;11;9936;22;;;9948;22;9950;20;;;9943.0;0.0
yf_MKC_d2;12500;INTARIAN_PEPPER_ROOT;10213;12;10209;29;;;10219;13;10223;21;;;10216.0;0.0
yf_MKC_d2;12600;ASH_COATED_OSMIUM;9939;12;9937;16;;;9945;19;9949;20;;;9942.0;0.0
yf_MKC_d2;12600;INTARIAN_PEPPER_ROOT;10215;11;10212;14;;;10221;15;10224;24;;;10218.0;0.0
yf_MKC_d2;12700;ASH_COATED_OSMIUM;9940;17;9936;15;;;9946;11;9948;28;;;9943.0;0.0
yf_MKC_d2;12700;INTARIAN_PEPPER_ROOT;10213;19;10210;16;;;10226;5;10229;17;;;10219.5;0.0
yf_MKC_d2;12800;ASH_COATED_OSMIUM;9936;10;9932;14;;;9951;13;9953;23;;;9943.5;0.0
yf_MKC_d2;12800;INTARIAN_PEPPER_ROOT;10218;10;10216;19;;;10224;17;10226;24;;;10221.0;0.0
yf_MKC_d2;12900;ASH_COATED_OSMIUM;9936;9;9933;19;;;9949;18;9951;15;;;9942.5;0.0
yf_MKC_d2;12900;INTARIAN_PEPPER_ROOT;10219;16;10215;20;;;10225;11;10227;17;;;10222.0;0.0
yf_MKC_d2;13000;ASH_COATED_OSMIUM;9940;22;9936;17;;;9946;14;9949;21;;;9943.0;0.0
yf_MKC_d2;13000;INTARIAN_PEPPER_ROOT;10217;7;10215;27;;;10231;12;10235;22;;;10224.0;0.0
yf_MKC_d2;13100;ASH_COATED_OSMIUM;9930;7;9927;25;;;9956;5;9958;19;;;9943.0;0.0
yf_MKC_d2;13100;INTARIAN_PEPPER_ROOT;10221;11;10217;16;;;10230;19;10232;19;;;10225.5;0.0
yf_MKC_d2;13200;ASH_COATED_OSMIUM;9940;14;9938;19;;;9946;21;9948;20;;;9943.0;0.0
yf_MKC_d2;13200;INTARIAN_PEPPER_ROOT;10225;12;10223;20;;;10231;22;10233;20;;;10228.0;0.0
yf_MKC_d2;13300;ASH_COATED_OSMIUM;9935;7;9932;17;;;9950;26;9953;18;;;9942.5;0.0
yf_MKC_d2;13300;INTARIAN_PEPPER_ROOT;10224;11;10220;19;;;10235;27;10237;28;;;10229.5;0.0
yf_MKC_d2;13400;ASH_COATED_OSMIUM;9938;23;9934;22;;;9946;15;9950;15;;;9942.0;0.0
yf_MKC_d2;13400;INTARIAN_PEPPER_ROOT;10228;15;10224;22;;;10234;30;10238;18;;;10231.0;0.0
yf_MKC_d2;13500;ASH_COATED_OSMIUM;9940;19;9938;22;;;9947;7;9949;24;;;9943.5;0.0
yf_MKC_d2;13500;INTARIAN_PEPPER_ROOT;10230;7;10227;19;;;10236;6;10238;13;;;10233.0;0.0
yf_MKC_d2;13600;ASH_COATED_OSMIUM;9940;12;9936;17;;;9946;14;9949;26;;;9943.0;0.0
yf_MKC_d2;13600;INTARIAN_PEPPER_ROOT;10231;14;10228;33;;;10237;17;10240;19;;;10234.0;0.0
yf_MKC_d2;13700;ASH_COATED_OSMIUM;9937;17;9934;15;;;9950;12;9954;13;;;9943.5;0.0
yf_MKC_d2;13700;INTARIAN_PEPPER_ROOT;10233;11;10231;24;;;10239;5;10241;17;;;10236.0;0.0
yf_MKC_d2;13800;ASH_COATED_OSMIUM;9940;9;9936;21;;;9947;9;9949;12;;;9943.5;0.0
yf_MKC_d2;13800;INTARIAN_PEPPER_ROOT;10234;11;10230;22;;;10243;11;10245;19;;;10238.5;0.0
yf_MKC_d2;13900;ASH_COATED_OSMIUM;9940;14;9936;21;;;9946;5;9949;17;;;9943.0;0.0
yf_MKC_d2;13900;INTARIAN_PEPPER_ROOT;10230;13;10226;26;;;10249;17;10251;24;;;10239.5;0.0
yf_MKC_d2;14000;ASH_COATED_OSMIUM;9928;14;9926;23;;;9958;18;9960;18;;;9943.0;0.0
yf_MKC_d2;14000;INTARIAN_PEPPER_ROOT;10239;8;10237;16;;;10245;15;10248;14;;;10242.0;0.0
yf_MKC_d2;14100;ASH_COATED_OSMIUM;9940;12;9937;14;;;9946;17;9949;9;;;9943.0;0.0
yf_MKC_d2;14100;INTARIAN_PEPPER_ROOT;10234;20;10231;16;;;10254;14;10256;18;;;10244.0;0.0
yf_MKC_d2;14200;ASH_COATED_OSMIUM;9938;12;9934;24;;;9949;14;9953;25;;;9943.5;0.0
yf_MKC_d2;14200;INTARIAN_PEPPER_ROOT;10242;17;10239;20;;;10248;15;10252;19;;;10245.0;0.0
yf_MKC_d2;14300;ASH_COATED_OSMIUM;9940;13;9937;14;;;9947;8;9951;24;;;9943.5;0.0
yf_MKC_d2;14300;INTARIAN_PEPPER_ROOT;10243;7;10239;19;;;10251;16;10254;12;;;10247.0;0.0
yf_MKC_d2;14400;ASH_COATED_OSMIUM;9935;12;9933;30;;;9952;21;9956;18;;;9943.5;0.0
yf_MKC_d2;14400;INTARIAN_PEPPER_ROOT;10246;15;10242;18;;;10252;16;10255;20;;;10249.0;0.0
yf_MKC_d2;14500;ASH_COATED_OSMIUM;9940;11;9937;9;;;9946;16;9950;16;;;9943.0;0.0
yf_MKC_d2;14500;INTARIAN_PEPPER_ROOT;10247;9;10245;15;;;10253;12;10257;29;;;10250.0;0.0
yf_MKC_d2;14600;ASH_COATED_OSMIUM;9935;5;9932;27;;;9951;13;9953;22;;;9943.0;0.0
yf_MKC_d2;14600;INTARIAN_PEPPER_ROOT;10241;14;10238;15;;;10262;11;10265;16;;;10251.5;0.0
yf_MKC_d2;14700;ASH_COATED_OSMIUM;9936;17;9932;23;;;9950;11;9954;16;;;9943.0;0.0
yf_MKC_d2;14700;INTARIAN_PEPPER_ROOT;10251;7;10247;8;;;10257;12;10260;24;;;10254.0;0.0
yf_MKC_d2;14800;ASH_COATED_OSMIUM;9941;17;9937;17;;;9947;18;9949;26;;;9944.0;0.0
yf_MKC_d2;14800;INTARIAN_PEPPER_ROOT;10251;12;10249;27;;;10259;19;10261;20;;;10255.0;0.0
yf_MKC_d2;14900;ASH_COATED_OSMIUM;9941;19;9938;31;;;9947;13;9950;21;;;9944.0;0.0
yf_MKC_d2;14900;INTARIAN_PEPPER_ROOT;10246;11;10243;27;;;10268;19;10272;27;;;10257.0;0.0
yf_MKC_d2;15000;ASH_COATED_OSMIUM;9940;9;9938;23;;;9947;23;9949;17;;;9943.5;0.0
yf_MKC_d2;15000;INTARIAN_PEPPER_ROOT;10256;15;10253;22;;;10262;12;10266;16;;;10259.0;0.0
yf_MKC_d2;15100;ASH_COATED_OSMIUM;9936;14;9933;22;;;9951;13;9953;32;;;9943.5;0.0
yf_MKC_d2;15100;INTARIAN_PEPPER_ROOT;10258;14;10254;19;;;10264;7;10266;23;;;10261.0;0.0
yf_MKC_d2;15200;ASH_COATED_OSMIUM;9939;19;9937;15;;;9948;12;9950;15;;;9943.5;0.0
yf_MKC_d2;15200;INTARIAN_PEPPER_ROOT;10259;13;10255;17;;;10265;13;10267;18;;;10262.0;0.0
yf_MKC_d2;15300;ASH_COATED_OSMIUM;9941;9;9937;15;;;9947;6;9949;24;;;9944.0;0.0
yf_MKC_d2;15300;INTARIAN_PEPPER_ROOT;10260;19;10256;35;;;10266;18;10268;27;;;10263.0;0.0
yf_MKC_d2;15400;ASH_COATED_OSMIUM;9941;17;9937;19;;;9947;14;9951;23;;;9944.0;0.0
yf_MKC_d2;15400;INTARIAN_PEPPER_ROOT;10262;23;10258;18;;;10268;13;10271;22;;;10265.0;0.0
yf_MKC_d2;15500;ASH_COATED_OSMIUM;9941;24;9938;17;;;9947;18;9951;19;;;9944.0;0.0
yf_MKC_d2;15500;INTARIAN_PEPPER_ROOT;10264;22;10260;14;;;10270;28;10272;21;;;10267.0;0.0
yf_MKC_d2;15600;ASH_COATED_OSMIUM;9941;15;9937;24;;;9947;13;9951;13;;;9944.0;0.0
yf_MKC_d2;15600;INTARIAN_PEPPER_ROOT;10264;9;10260;17;;;10274;19;10278;11;;;10269.0;0.0
yf_MKC_d2;15700;ASH_COATED_OSMIUM;9941;13;9939;18;;;9947;19;9950;18;;;9944.0;0.0
yf_MKC_d2;15700;INTARIAN_PEPPER_ROOT;10267;13;10264;22;;;10276;16;10279;12;;;10271.5;0.0
yf_MKC_d2;15800;ASH_COATED_OSMIUM;9940;20;9938;18;;;9948;10;9950;18;;;9944.0;0.0
yf_MKC_d2;15800;INTARIAN_PEPPER_ROOT;10270;24;10267;8;;;10276;15;10280;14;;;10273.0;0.0
yf_MKC_d2;15900;ASH_COATED_OSMIUM;9939;7;9935;20;;;9950;5;9952;16;;;9944.5;0.0
yf_MKC_d2;15900;INTARIAN_PEPPER_ROOT;10272;18;10270;22;;;10278;13;10282;15;;;10275.0;0.0
yf_MKC_d2;16000;ASH_COATED_OSMIUM;9941;8;9939;17;;;9947;14;9950;24;;;9944.0;0.0
yf_MKC_d2;16000;INTARIAN_PEPPER_ROOT;10273;7;10271;14;;;10279;11;10283;15;;;10276.0;0.0
yf_MKC_d2;16100;ASH_COATED_OSMIUM;9941;23;9939;20;;;9947;12;9949;8;;;9944.0;0.0
yf_MKC_d2;16100;INTARIAN_PEPPER_ROOT;10263;17;10260;25;;;10292;11;10294;18;;;10277.5;0.0
yf_MKC_d2;16200;ASH_COATED_OSMIUM;9938;5;9935;10;;;9949;17;9951;18;;;9943.5;0.0
yf_MKC_d2;16200;INTARIAN_PEPPER_ROOT;10277;18;10274;25;;;10283;19;10285;28;;;10280.0;0.0
yf_MKC_d2;16300;ASH_COATED_OSMIUM;9941;18;9938;19;;;9947;16;9951;22;;;9944.0;0.0
yf_MKC_d2;16300;INTARIAN_PEPPER_ROOT;10276;12;10274;17;;;10286;21;10289;24;;;10281.0;0.0
yf_MKC_d2;16400;ASH_COATED_OSMIUM;9941;15;9939;16;;;9948;21;9952;18;;;9944.5;0.0
yf_MKC_d2;16400;INTARIAN_PEPPER_ROOT;10280;14;10276;18;;;10286;14;10290;22;;;10283.0;0.0
yf_MKC_d2;16500;ASH_COATED_OSMIUM;9941;24;9939;18;;;9947;14;9951;8;;;9944.0;0.0
yf_MKC_d2;16500;INTARIAN_PEPPER_ROOT;10279;15;10275;24;;;10290;20;10292;26;;;10284.5;0.0
yf_MKC_d2;16600;ASH_COATED_OSMIUM;9941;18;9938;23;;;9947;10;9951;14;;;9944.0;0.0
yf_MKC_d2;16600;INTARIAN_PEPPER_ROOT;10282;20;10280;13;;;10292;17;10295;16;;;10287.0;0.0
yf_MKC_d2;16700;ASH_COATED_OSMIUM;9941;16;9937;19;;;9947;19;9949;21;;;9944.0;0.0
yf_MKC_d2;16700;INTARIAN_PEPPER_ROOT;10285;21;10282;28;;;10291;16;10295;22;;;10288.0;0.0
yf_MKC_d2;16800;ASH_COATED_OSMIUM;9938;13;9936;16;;;9949;15;9951;20;;;9943.5;0.0
yf_MKC_d2;16800;INTARIAN_PEPPER_ROOT;10287;8;10284;20;;;10293;14;10295;18;;;10290.0;0.0
yf_MKC_d2;16900;ASH_COATED_OSMIUM;9942;17;9939;15;;;9948;5;9950;24;;;9945.0;0.0
yf_MKC_d2;16900;INTARIAN_PEPPER_ROOT;10287;6;10284;14;;;10297;14;10300;19;;;10292.0;0.0
yf_MKC_d2;17000;ASH_COATED_OSMIUM;9941;16;9939;26;;;9947;16;9951;19;;;9944.0;0.0
yf_MKC_d2;17000;INTARIAN_PEPPER_ROOT;10290;8;10286;15;;;10296;11;10300;10;;;10293.0;0.0
yf_MKC_d2;17100;ASH_COATED_OSMIUM;9941;16;9939;13;;;9947;12;9950;23;;;9944.0;0.0
yf_MKC_d2;17100;INTARIAN_PEPPER_ROOT;10291;10;10288;25;;;10297;22;10301;22;;;10294.0;0.0
yf_MKC_d2;17200;ASH_COATED_OSMIUM;9942;10;9940;21;;;9948;16;9952;26;;;9945.0;0.0
yf_MKC_d2;17200;INTARIAN_PEPPER_ROOT;10291;18;10288;19;;;10297;19;10300;26;;;10294.0;0.0
yf_MKC_d2;17300;ASH_COATED_OSMIUM;9941;15;9938;17;;;9947;15;9949;18;;;9944.0;0.0
yf_MKC_d2;17300;INTARIAN_PEPPER_ROOT;10292;22;10290;11;;;10298;18;10301;10;;;10295.0;0.0
yf_MKC_d2;17400;ASH_COATED_OSMIUM;9938;16;9934;23;;;9951;10;9955;19;;;9944.5;0.0
yf_MKC_d2;17400;INTARIAN_PEPPER_ROOT;10293;15;10291;15;;;10299;12;10301;11;;;10296.0;0.0
yf_MKC_d2;17500;ASH_COATED_OSMIUM;9942;6;9939;23;;;9948;13;9951;19;;;9945.0;0.0
yf_MKC_d2;17500;INTARIAN_PEPPER_ROOT;10293;14;10289;16;;;10299;19;10302;21;;;10296.0;0.0
yf_MKC_d2;17600;ASH_COATED_OSMIUM;9942;9;9939;20;;;9948;12;9950;27;;;9945.0;0.0
yf_MKC_d2;17600;INTARIAN_PEPPER_ROOT;10294;15;10292;23;;;10300;11;10302;23;;;10297.0;0.0
yf_MKC_d2;17700;ASH_COATED_OSMIUM;9943;5;9941;17;;;9949;12;9953;16;;;9946.0;0.0
yf_MKC_d2;17700;INTARIAN_PEPPER_ROOT;10296;25;10293;28;;;10302;13;10305;21;;;10299.0;0.0
yf_MKC_d2;17800;ASH_COATED_OSMIUM;9943;16;9939;12;;;9949;24;9952;22;;;9946.0;0.0
yf_MKC_d2;17800;INTARIAN_PEPPER_ROOT;10296;22;10293;21;;;10302;18;10304;15;;;10299.0;0.0
yf_MKC_d2;17900;ASH_COATED_OSMIUM;9942;11;9940;27;;;9948;14;9950;16;;;9945.0;0.0
yf_MKC_d2;17900;INTARIAN_PEPPER_ROOT;10297;9;10295;17;;;10303;8;10306;31;;;10300.0;0.0
yf_MKC_d2;18000;ASH_COATED_OSMIUM;9943;23;9940;34;;;9949;9;9952;20;;;9946.0;0.0
yf_MKC_d2;18000;INTARIAN_PEPPER_ROOT;10297;11;10295;26;;;10305;9;10307;20;;;10301.0;0.0
yf_MKC_d2;18100;ASH_COATED_OSMIUM;9943;17;9941;20;;;9949;11;9951;20;;;9946.0;0.0
yf_MKC_d2;18100;INTARIAN_PEPPER_ROOT;10298;15;10294;17;;;10305;11;10307;19;;;10301.5;0.0
yf_MKC_d2;18200;ASH_COATED_OSMIUM;9943;9;9939;17;;;9949;22;9951;16;;;9946.0;0.0
yf_MKC_d2;18200;INTARIAN_PEPPER_ROOT;10299;7;10297;20;;;10305;13;10309;19;;;10302.0;0.0
yf_MKC_d2;18300;ASH_COATED_OSMIUM;9943;6;9940;18;;;9949;22;9952;21;;;9946.0;0.0
yf_MKC_d2;18300;INTARIAN_PEPPER_ROOT;10300;8;10298;30;;;10306;5;10308;26;;;10303.0;0.0
yf_MKC_d2;18400;ASH_COATED_OSMIUM;9943;14;9940;13;;;9949;15;9952;25;;;9946.0;0.0
yf_MKC_d2;18400;INTARIAN_PEPPER_ROOT;10301;22;10299;20;;;10307;10;10309;18;;;10304.0;0.0
yf_MKC_d2;18500;ASH_COATED_OSMIUM;9943;7;9939;23;;;9949;13;9951;19;;;9946.0;0.0
yf_MKC_d2;18500;INTARIAN_PEPPER_ROOT;10301;14;10297;10;;;10307;13;10309;23;;;10304.0;0.0
yf_MKC_d2;18600;ASH_COATED_OSMIUM;9943;10;9940;24;;;9949;17;9953;27;;;9946.0;0.0
yf_MKC_d2;18600;INTARIAN_PEPPER_ROOT;10301;16;10297;15;;;10308;12;10310;13;;;10304.5;0.0
yf_MKC_d2;18700;ASH_COATED_OSMIUM;9940;14;9936;24;;;9952;13;9955;13;;;9946.0;0.0
yf_MKC_d2;18700;INTARIAN_PEPPER_ROOT;10303;21;10299;22;;;10309;6;10312;22;;;10306.0;0.0
yf_MKC_d2;18800;ASH_COATED_OSMIUM;9944;19;9941;23;;;9950;9;9952;26;;;9947.0;0.0
yf_MKC_d2;18800;INTARIAN_PEPPER_ROOT;10300;10;10297;26;;;10314;18;10316;12;;;10307.0;0.0
yf_MKC_d2;18900;ASH_COATED_OSMIUM;9943;15;9941;18;;;9950;20;9952;16;;;9946.5;0.0
yf_MKC_d2;18900;INTARIAN_PEPPER_ROOT;10300;16;10297;26;;;10315;13;10317;24;;;10307.5;0.0
yf_MKC_d2;19000;ASH_COATED_OSMIUM;9944;8;9942;20;;;9950;20;9954;13;;;9947.0;0.0
yf_MKC_d2;19000;INTARIAN_PEPPER_ROOT;10305;10;10303;27;;;10311;17;10315;10;;;10308.0;0.0
yf_MKC_d2;19100;ASH_COATED_OSMIUM;9934;11;9932;26;;;9961;11;9965;8;;;9947.5;0.0
yf_MKC_d2;19100;INTARIAN_PEPPER_ROOT;10304;15;10300;24;;;10313;22;10316;25;;;10308.5;0.0
yf_MKC_d2;19200;ASH_COATED_OSMIUM;9944;18;9942;21;;;9950;15;9953;25;;;9947.0;0.0
yf_MKC_d2;19200;INTARIAN_PEPPER_ROOT;10307;13;10303;15;;;10313;12;10316;16;;;10310.0;0.0
yf_MKC_d2;19300;ASH_COATED_OSMIUM;9944;21;9942;17;;;9950;19;9953;20;;;9947.0;0.0
yf_MKC_d2;19300;INTARIAN_PEPPER_ROOT;10308;23;10305;27;;;10314;9;10318;21;;;10311.0;0.0
yf_MKC_d2;19400;ASH_COATED_OSMIUM;9943;27;9941;14;;;9952;13;9956;20;;;9947.5;0.0
yf_MKC_d2;19400;INTARIAN_PEPPER_ROOT;10308;5;10306;23;;;10314;8;10317;22;;;10311.0;0.0
yf_MKC_d2;19500;ASH_COATED_OSMIUM;9945;23;9942;20;;;9951;24;9955;11;;;9948.0;0.0
yf_MKC_d2;19500;INTARIAN_PEPPER_ROOT;10309;14;10305;18;;;10315;6;10319;17;;;10312.0;0.0
yf_MKC_d2;19600;ASH_COATED_OSMIUM;9945;21;9941;25;;;9951;12;9955;20;;;9948.0;0.0
yf_MKC_d2;19600;INTARIAN_PEPPER_ROOT;10306;16;10302;19;;;10320;7;10323;18;;;10313.0;0.0
yf_MKC_d2;19700;ASH_COATED_OSMIUM;9931;18;9929;28;;;9965;19;9968;14;;;9948.0;0.0
yf_MKC_d2;19700;INTARIAN_PEPPER_ROOT;10310;13;10307;23;;;10316;10;10320;13;;;10313.0;0.0
yf_MKC_d2;19800;ASH_COATED_OSMIUM;9943;25;9941;17;;;9955;12;9958;17;;;9949.0;0.0
yf_MKC_d2;19800;INTARIAN_PEPPER_ROOT;10310;13;10306;16;;;10316;16;10319;23;;;10313.0;0.0
yf_MKC_d2;19900;ASH_COATED_OSMIUM;9945;15;9941;23;;;9951;13;9953;17;;;9948.0;0.0
yf_MKC_d2;19900;INTARIAN_PEPPER_ROOT;10305;12;10303;23;;;10324;16;10327;21;;;10314.5;0.0
yf_MKC_d2;20000;ASH_COATED_OSMIUM;9920;18;9917;21;;;9976;17;9980;23;;;9948.0;0.0
yf_MKC_d2;20000;INTARIAN_PEPPER_ROOT;10312;19;10308;16;;;10318;20;10320;14;;;10315.0;0.0
yf_MKC_d2;20100;ASH_COATED_OSMIUM;9946;22;9943;21;;;9953;6;9956;19;;;9949.5;0.0
yf_MKC_d2;20100;INTARIAN_PEPPER_ROOT;10314;12;10311;16;;;10320;20;10324;30;;;10317.0;0.0
yf_MKC_d2;20200;ASH_COATED_OSMIUM;9946;9;9944;26;;;9952;11;9956;25;;;9949.0;0.0
yf_MKC_d2;20200;INTARIAN_PEPPER_ROOT;10315;15;10311;25;;;10321;20;10323;13;;;10318.0;0.0
yf_MKC_d2;20300;ASH_COATED_OSMIUM;9946;6;9944;22;;;9952;14;9954;23;;;9949.0;0.0
yf_MKC_d2;20300;INTARIAN_PEPPER_ROOT;10315;15;10313;17;;;10321;13;10324;27;;;10318.0;0.0
yf_MKC_d2;20400;ASH_COATED_OSMIUM;9938;12;9935;19;;;9961;14;9963;26;;;9949.5;0.0
yf_MKC_d2;20400;INTARIAN_PEPPER_ROOT;10310;16;10307;27;;;10328;13;10330;19;;;10319.0;0.0
yf_MKC_d2;20500;ASH_COATED_OSMIUM;9946;19;9944;17;;;9953;17;9956;15;;;9949.5;0.0
yf_MKC_d2;20500;INTARIAN_PEPPER_ROOT;10316;20;10312;24;;;10322;17;10326;19;;;10319.0;0.0
yf_MKC_d2;20600;ASH_COATED_OSMIUM;9947;16;9945;30;;;9953;21;9955;23;;;9950.0;0.0
yf_MKC_d2;20600;INTARIAN_PEPPER_ROOT;10301;11;10299;18;;;10338;20;10340;28;;;10319.5;0.0
yf_MKC_d2;20700;ASH_COATED_OSMIUM;9946;5;9943;20;;;9953;15;9957;16;;;9949.5;0.0
yf_MKC_d2;20700;INTARIAN_PEPPER_ROOT;10299;15;10297;19;;;10343;9;10346;16;;;10321.0;0.0
yf_MKC_d2;20800;ASH_COATED_OSMIUM;9947;11;9944;23;;;9953;21;9955;19;;;9950.0;0.0
yf_MKC_d2;20800;INTARIAN_PEPPER_ROOT;10306;18;10304;10;;;10337;16;10340;14;;;10321.5;0.0
yf_MKC_d2;20900;ASH_COATED_OSMIUM;9947;18;9945;21;;;9953;13;9956;20;;;9950.0;0.0
yf_MKC_d2;20900;INTARIAN_PEPPER_ROOT;10320;13;10316;13;;;10326;13;10328;26;;;10323.0;0.0
yf_MKC_d2;21000;ASH_COATED_OSMIUM;9946;22;9942;12;;;9952;17;9956;22;;;9949.0;0.0
yf_MKC_d2;21000;INTARIAN_PEPPER_ROOT;10320;18;10318;13;;;10326;9;10330;16;;;10323.0;0.0
yf_MKC_d2;21100;ASH_COATED_OSMIUM;9944;14;9942;22;;;9956;23;9960;8;;;9950.0;0.0
yf_MKC_d2;21100;INTARIAN_PEPPER_ROOT;10321;6;10317;25;;;10327;22;10330;17;;;10324.0;0.0
yf_MKC_d2;21200;ASH_COATED_OSMIUM;9947;13;9943;17;;;9953;16;9957;19;;;9950.0;0.0
yf_MKC_d2;21200;INTARIAN_PEPPER_ROOT;10322;10;10320;24;;;10328;11;10331;23;;;10325.0;0.0
yf_MKC_d2;21300;ASH_COATED_OSMIUM;9946;16;9944;15;;;9954;14;9956;20;;;9950.0;0.0
yf_MKC_d2;21300;INTARIAN_PEPPER_ROOT;10320;20;10318;28;;;10330;19;10332;20;;;10325.0;0.0
yf_MKC_d2;21400;ASH_COATED_OSMIUM;9948;11;9945;32;;;9954;18;9957;31;;;9951.0;0.0
yf_MKC_d2;21400;INTARIAN_PEPPER_ROOT;10323;9;10321;26;;;10330;7;10332;21;;;10326.5;0.0
yf_MKC_d2;21500;ASH_COATED_OSMIUM;9948;20;9945;25;;;9954;10;9957;25;;;9951.0;0.0
yf_MKC_d2;21500;INTARIAN_PEPPER_ROOT;10321;14;10319;21;;;10333;10;10337;22;;;10327.0;0.0
yf_MKC_d2;21600;ASH_COATED_OSMIUM;9948;18;9944;14;;;9954;19;9957;18;;;9951.0;0.0
yf_MKC_d2;21600;INTARIAN_PEPPER_ROOT;10320;19;10317;13;;;10335;26;10337;20;;;10327.5;0.0
yf_MKC_d2;21700;ASH_COATED_OSMIUM;9948;15;9945;11;;;9954;13;9956;22;;;9951.0;0.0
yf_MKC_d2;21700;INTARIAN_PEPPER_ROOT;10324;16;10320;14;;;10334;22;10337;11;;;10329.0;0.0
yf_MKC_d2;21800;ASH_COATED_OSMIUM;9948;17;9946;20;;;9954;17;9957;15;;;9951.0;0.0
yf_MKC_d2;21800;INTARIAN_PEPPER_ROOT;10326;5;10323;22;;;10332;19;10335;24;;;10329.0;0.0
yf_MKC_d2;21900;ASH_COATED_OSMIUM;9940;18;9936;14;;;9962;7;9966;18;;;9951.0;0.0
yf_MKC_d2;21900;INTARIAN_PEPPER_ROOT;10315;15;10311;11;;;10345;11;10349;18;;;10330.0;0.0
yf_MKC_d2;22000;ASH_COATED_OSMIUM;9948;22;9945;10;;;9954;15;9957;24;;;9951.0;0.0
yf_MKC_d2;22000;INTARIAN_PEPPER_ROOT;10328;13;10326;17;;;10334;13;10336;24;;;10331.0;0.0
yf_MKC_d2;22100;ASH_COATED_OSMIUM;9949;13;9945;13;;;9955;11;9958;19;;;9952.0;0.0
yf_MKC_d2;22100;INTARIAN_PEPPER_ROOT;10329;8;10326;20;;;10335;15;10339;14;;;10332.0;0.0
yf_MKC_d2;22200;ASH_COATED_OSMIUM;9946;16;9944;17;;;9959;16;9961;25;;;9952.5;0.0
yf_MKC_d2;22200;INTARIAN_PEPPER_ROOT;10325;12;10321;16;;;10340;15;10342;24;;;10332.5;0.0
yf_MKC_d2;22300;ASH_COATED_OSMIUM;9949;20;9946;19;;;9955;11;9958;17;;;9952.0;0.0
yf_MKC_d2;22300;INTARIAN_PEPPER_ROOT;10331;20;10328;19;;;10337;17;10340;15;;;10334.0;0.0
yf_MKC_d2;22400;ASH_COATED_OSMIUM;9949;20;9945;19;;;9955;19;9957;17;;;9952.0;0.0
yf_MKC_d2;22400;INTARIAN_PEPPER_ROOT;10328;11;10326;16;;;10341;13;10345;23;;;10334.5;0.0
yf_MKC_d2;22500;ASH_COATED_OSMIUM;9949;20;9945;23;;;9957;11;9961;23;;;9953.0;0.0
yf_MKC_d2;22500;INTARIAN_PEPPER_ROOT;10332;10;10330;17;;;10338;12;10342;24;;;10335.0;0.0
yf_MKC_d2;22600;ASH_COATED_OSMIUM;9936;11;9933;16;;;9968;5;9971;16;;;9952.0;0.0
yf_MKC_d2;22600;INTARIAN_PEPPER_ROOT;10332;20;10330;17;;;10338;15;10342;18;;;10335.0;0.0
yf_MKC_d2;22700;ASH_COATED_OSMIUM;9943;11;9941;21;;;9963;15;9965;18;;;9953.0;0.0
yf_MKC_d2;22700;INTARIAN_PEPPER_ROOT;10333;17;10330;12;;;10339;19;10341;22;;;10336.0;0.0
yf_MKC_d2;22800;ASH_COATED_OSMIUM;9949;6;9946;15;;;9955;9;9957;25;;;9952.0;0.0
yf_MKC_d2;22800;INTARIAN_PEPPER_ROOT;10330;11;10327;24;;;10343;10;10345;26;;;10336.5;0.0
yf_MKC_d2;22900;ASH_COATED_OSMIUM;9950;18;9948;22;;;9956;12;9959;20;;;9953.0;0.0
yf_MKC_d2;22900;INTARIAN_PEPPER_ROOT;10335;14;10333;23;;;10341;17;10344;20;;;10338.0;0.0
yf_MKC_d2;23000;ASH_COATED_OSMIUM;9947;16;9943;9;;;9959;14;9962;19;;;9953.0;0.0
yf_MKC_d2;23000;INTARIAN_PEPPER_ROOT;10335;10;10332;20;;;10341;7;10343;27;;;10338.0;0.0
yf_MKC_d2;23100;ASH_COATED_OSMIUM;9950;23;9947;12;;;9957;17;9959;17;;;9953.5;0.0
yf_MKC_d2;23100;INTARIAN_PEPPER_ROOT;10336;26;10333;24;;;10342;19;10346;10;;;10339.0;0.0
yf_MKC_d2;23200;ASH_COATED_OSMIUM;9950;7;9946;22;;;9956;16;9959;12;;;9953.0;0.0
yf_MKC_d2;23200;INTARIAN_PEPPER_ROOT;10337;12;10334;15;;;10343;13;10347;22;;;10340.0;0.0
yf_MKC_d2;23300;ASH_COATED_OSMIUM;9946;17;9944;12;;;9959;18;9961;23;;;9952.5;0.0
yf_MKC_d2;23300;INTARIAN_PEPPER_ROOT;10338;15;10336;19;;;10344;10;10346;23;;;10341.0;0.0
yf_MKC_d2;23400;ASH_COATED_OSMIUM;9951;15;9949;18;;;9957;18;9960;17;;;9954.0;0.0
yf_MKC_d2;23400;INTARIAN_PEPPER_ROOT;10336;13;10334;14;;;10346;12;10349;34;;;10341.0;0.0
yf_MKC_d2;23500;ASH_COATED_OSMIUM;9950;14;9948;19;;;9956;24;9958;16;;;9953.0;0.0
yf_MKC_d2;23500;INTARIAN_PEPPER_ROOT;10339;15;10337;20;;;10345;20;10349;13;;;10342.0;0.0
yf_MKC_d2;23600;ASH_COATED_OSMIUM;9951;18;9948;18;;;9957;5;9961;24;;;9954.0;0.0
yf_MKC_d2;23600;INTARIAN_PEPPER_ROOT;10340;17;10337;15;;;10346;21;10348;19;;;10343.0;0.0
yf_MKC_d2;23700;ASH_COATED_OSMIUM;9951;17;9948;30;;;9957;14;9960;13;;;9954.0;0.0
yf_MKC_d2;23700;INTARIAN_PEPPER_ROOT;10341;9;10339;28;;;10347;14;10351;19;;;10344.0;0.0
yf_MKC_d2;23800;ASH_COATED_OSMIUM;9948;18;9945;14;;;9960;20;9962;13;;;9954.0;0.0
yf_MKC_d2;23800;INTARIAN_PEPPER_ROOT;10339;5;10336;16;;;10349;13;10351;11;;;10344.0;0.0
yf_MKC_d2;23900;ASH_COATED_OSMIUM;9949;12;9946;17;;;9959;28;9962;24;;;9954.0;0.0
yf_MKC_d2;23900;INTARIAN_PEPPER_ROOT;10340;22;10338;24;;;10351;17;10354;21;;;10345.5;0.0
yf_MKC_d2;24000;ASH_COATED_OSMIUM;9952;16;9950;24;;;9958;20;9960;17;;;9955.0;0.0
yf_MKC_d2;24000;INTARIAN_PEPPER_ROOT;10338;10;10336;19;;;10353;22;10355;19;;;10345.5;0.0
yf_MKC_d2;24100;ASH_COATED_OSMIUM;9952;10;9949;20;;;9958;5;9962;13;;;9955.0;0.0
yf_MKC_d2;24100;INTARIAN_PEPPER_ROOT;10344;12;10342;19;;;10350;20;10354;13;;;10347.0;0.0
yf_MKC_d2;24200;ASH_COATED_OSMIUM;9946;9;9944;21;;;9964;17;9967;15;;;9955.0;0.0
yf_MKC_d2;24200;INTARIAN_PEPPER_ROOT;10345;12;10343;14;;;10351;17;10354;23;;;10348.0;0.0
yf_MKC_d2;24300;ASH_COATED_OSMIUM;9952;14;9948;31;;;9958;18;9962;10;;;9955.0;0.0
yf_MKC_d2;24300;INTARIAN_PEPPER_ROOT;10345;11;10341;17;;;10351;22;10355;23;;;10348.0;0.0
yf_MKC_d2;24400;ASH_COATED_OSMIUM;9952;14;9948;21;;;9958;11;9961;20;;;9955.0;0.0
yf_MKC_d2;24400;INTARIAN_PEPPER_ROOT;10346;16;10344;24;;;10352;17;10354;14;;;10349.0;0.0
yf_MKC_d2;24500;ASH_COATED_OSMIUM;9941;7;9938;11;;;9970;9;9972;17;;;9955.5;0.0
yf_MKC_d2;24500;INTARIAN_PEPPER_ROOT;10347;11;10343;21;;;10353;11;10355;17;;;10350.0;0.0
yf_MKC_d2;24600;ASH_COATED_OSMIUM;9952;15;9950;23;;;9959;17;9961;13;;;9955.5;0.0
yf_MKC_d2;24600;INTARIAN_PEPPER_ROOT;10340;15;10336;15;;;10362;18;10364;15;;;10351.0;0.0
yf_MKC_d2;24700;ASH_COATED_OSMIUM;9953;23;9950;22;;;9959;22;9962;24;;;9956.0;0.0
yf_MKC_d2;24700;INTARIAN_PEPPER_ROOT;10346;16;10342;19;;;10356;13;10360;28;;;10351.0;0.0
yf_MKC_d2;24800;ASH_COATED_OSMIUM;9953;15;9949;15;;;9959;5;9961;15;;;9956.0;0.0
yf_MKC_d2;24800;INTARIAN_PEPPER_ROOT;10349;13;10347;24;;;10355;11;10359;20;;;10352.0;0.0
yf_MKC_d2;24900;ASH_COATED_OSMIUM;9953;19;9949;24;;;9959;19;9963;30;;;9956.0;0.0
yf_MKC_d2;24900;INTARIAN_PEPPER_ROOT;10349;17;10347;15;;;10355;15;10358;24;;;10352.0;0.0
yf_MKC_d2;25000;ASH_COATED_OSMIUM;9953;18;9951;21;;;9959;12;9961;17;;;9956.0;0.0
yf_MKC_d2;25000;INTARIAN_PEPPER_ROOT;10346;9;10342;16;;;10361;8;10363;18;;;10353.5;0.0
yf_MKC_d2;25100;ASH_COATED_OSMIUM;9950;20;9947;15;;;9962;11;9966;25;;;9956.0;0.0
yf_MKC_d2;25100;INTARIAN_PEPPER_ROOT;10346;13;10342;14;;;10363;18;10366;26;;;10354.5;0.0
yf_MKC_d2;25200;ASH_COATED_OSMIUM;9953;18;9949;11;;;9959;14;9961;24;;;9956.0;0.0
yf_MKC_d2;25200;INTARIAN_PEPPER_ROOT;10352;11;10348;24;;;10358;8;10360;22;;;10355.0;0.0
yf_MKC_d2;25300;ASH_COATED_OSMIUM;9953;25;9950;21;;;9959;19;9962;24;;;9956.0;0.0
yf_MKC_d2;25300;INTARIAN_PEPPER_ROOT;10353;16;10351;19;;;10359;7;10361;9;;;10356.0;0.0
yf_MKC_d2;25400;ASH_COATED_OSMIUM;9950;22;9948;13;;;9962;25;9966;17;;;9956.0;0.0
yf_MKC_d2;25400;INTARIAN_PEPPER_ROOT;10354;10;10351;19;;;10360;15;10363;14;;;10357.0;0.0
yf_MKC_d2;25500;ASH_COATED_OSMIUM;9953;12;9949;19;;;9960;10;9962;21;;;9956.5;0.0
yf_MKC_d2;25500;INTARIAN_PEPPER_ROOT;10341;13;10338;17;;;10374;13;10377;21;;;10357.5;0.0
yf_MKC_d2;25600;ASH_COATED_OSMIUM;9954;10;9951;18;;;9960;14;9964;15;;;9957.0;0.0
yf_MKC_d2;25600;INTARIAN_PEPPER_ROOT;10354;7;10351;20;;;10362;18;10364;21;;;10358.0;0.0
yf_MKC_d2;25700;ASH_COATED_OSMIUM;9954;8;9950;12;;;9960;25;9962;28;;;9957.0;0.0
yf_MKC_d2;25700;INTARIAN_PEPPER_ROOT;10355;8;10352;23;;;10363;7;10367;19;;;10359.0;0.0
yf_MKC_d2;25800;ASH_COATED_OSMIUM;9954;7;9951;10;;;9960;8;9964;18;;;9957.0;0.0
yf_MKC_d2;25800;INTARIAN_PEPPER_ROOT;10357;15;10355;30;;;10363;11;10366;8;;;10360.0;0.0
yf_MKC_d2;25900;ASH_COATED_OSMIUM;9950;14;9946;14;;;9963;8;9966;17;;;9956.5;0.0
yf_MKC_d2;25900;INTARIAN_PEPPER_ROOT;10358;16;10354;19;;;10364;19;10367;16;;;10361.0;0.0
yf_MKC_d2;26000;ASH_COATED_OSMIUM;9942;14;9938;29;;;9972;19;9974;17;;;9957.0;0.0
yf_MKC_d2;26000;INTARIAN_PEPPER_ROOT;10358;21;10356;11;;;10364;16;10366;27;;;10361.0;0.0
yf_MKC_d2;26100;ASH_COATED_OSMIUM;9955;13;9951;30;;;9961;5;9965;24;;;9958.0;0.0
yf_MKC_d2;26100;INTARIAN_PEPPER_ROOT;10351;20;10349;31;;;10372;11;10376;13;;;10361.5;0.0
yf_MKC_d2;26200;ASH_COATED_OSMIUM;9953;17;9950;22;;;9963;8;9966;17;;;9958.0;0.0
yf_MKC_d2;26200;INTARIAN_PEPPER_ROOT;10359;18;10356;14;;;10365;13;10368;15;;;10362.0;0.0
yf_MKC_d2;26300;ASH_COATED_OSMIUM;9955;14;9952;28;;;9961;13;9965;19;;;9958.0;0.0
yf_MKC_d2;26300;INTARIAN_PEPPER_ROOT;10360;13;10356;18;;;10366;11;10370;18;;;10363.0;0.0
yf_MKC_d2;26400;ASH_COATED_OSMIUM;9955;11;9952;29;;;9961;18;9964;17;;;9958.0;0.0
yf_MKC_d2;26400;INTARIAN_PEPPER_ROOT;10361;13;10358;19;;;10367;9;10369;24;;;10364.0;0.0
yf_MKC_d2;26500;ASH_COATED_OSMIUM;9955;19;9953;28;;;9961;15;9964;23;;;9958.0;0.0
yf_MKC_d2;26500;INTARIAN_PEPPER_ROOT;10362;19;10358;15;;;10368;13;10372;28;;;10365.0;0.0
yf_MKC_d2;26600;ASH_COATED_OSMIUM;9953;8;9949;24;;;9963;18;9965;18;;;9958.0;0.0
yf_MKC_d2;26600;INTARIAN_PEPPER_ROOT;10363;16;10361;23;;;10369;10;10371;12;;;10366.0;0.0
yf_MKC_d2;26700;ASH_COATED_OSMIUM;9950;16;9946;19;;;9968;27;9972;10;;;9959.0;0.0
yf_MKC_d2;26700;INTARIAN_PEPPER_ROOT;10364;13;10362;17;;;10370;14;10372;19;;;10367.0;0.0
yf_MKC_d2;26800;ASH_COATED_OSMIUM;9956;19;9953;8;;;9962;24;9965;22;;;9959.0;0.0
yf_MKC_d2;26800;INTARIAN_PEPPER_ROOT;10365;15;10362;16;;;10371;11;10374;21;;;10368.0;0.0
yf_MKC_d2;26900;ASH_COATED_OSMIUM;9955;30;9952;14;;;9961;11;9965;11;;;9958.0;0.0
yf_MKC_d2;26900;INTARIAN_PEPPER_ROOT;10362;7;10359;14;;;10374;23;10376;21;;;10368.0;0.0
yf_MKC_d2;27000;ASH_COATED_OSMIUM;9954;14;9951;22;;;9963;22;9966;18;;;9958.5;0.0
yf_MKC_d2;27000;INTARIAN_PEPPER_ROOT;10366;19;10363;19;;;10372;17;10374;16;;;10369.0;0.0
yf_MKC_d2;27100;ASH_COATED_OSMIUM;9956;11;9952;20;;;9962;14;9965;19;;;9959.0;0.0
yf_MKC_d2;27100;INTARIAN_PEPPER_ROOT;10365;8;10362;12;;;10374;11;10378;26;;;10369.5;0.0
yf_MKC_d2;27200;ASH_COATED_OSMIUM;9950;14;9948;18;;;9968;24;9970;19;;;9959.0;0.0
yf_MKC_d2;27200;INTARIAN_PEPPER_ROOT;10367;15;10365;24;;;10373;11;10376;21;;;10370.0;0.0
yf_MKC_d2;27300;ASH_COATED_OSMIUM;9957;17;9955;18;;;9963;14;9967;14;;;9960.0;0.0
yf_MKC_d2;27300;INTARIAN_PEPPER_ROOT;10360;13;10357;24;;;10382;18;10386;21;;;10371.0;0.0
yf_MKC_d2;27400;ASH_COATED_OSMIUM;9957;16;9955;21;;;9963;11;9966;19;;;9960.0;0.0
yf_MKC_d2;27400;INTARIAN_PEPPER_ROOT;10363;19;10360;21;;;10380;16;10384;28;;;10371.5;0.0
yf_MKC_d2;27500;ASH_COATED_OSMIUM;9952;7;9948;22;;;9967;15;9970;16;;;9959.5;0.0
yf_MKC_d2;27500;INTARIAN_PEPPER_ROOT;10362;17;10360;27;;;10383;5;10386;15;;;10372.5;0.0
yf_MKC_d2;27600;ASH_COATED_OSMIUM;9956;21;9953;23;;;9962;17;9965;23;;;9959.0;0.0
yf_MKC_d2;27600;INTARIAN_PEPPER_ROOT;10370;19;10366;19;;;10376;14;10380;14;;;10373.0;0.0
yf_MKC_d2;27700;ASH_COATED_OSMIUM;9955;19;9951;18;;;9965;14;9969;16;;;9960.0;0.0
yf_MKC_d2;27700;INTARIAN_PEPPER_ROOT;10371;14;10368;16;;;10377;12;10380;17;;;10374.0;0.0
yf_MKC_d2;27800;ASH_COATED_OSMIUM;9957;6;9953;21;;;9963;21;9965;20;;;9960.0;0.0
yf_MKC_d2;27800;INTARIAN_PEPPER_ROOT;10370;22;10368;26;;;10381;7;10383;23;;;10375.5;0.0
yf_MKC_d2;27900;ASH_COATED_OSMIUM;9950;17;9947;21;;;9970;22;9973;20;;;9960.0;0.0
yf_MKC_d2;27900;INTARIAN_PEPPER_ROOT;10372;16;10369;10;;;10380;15;10384;16;;;10376.0;0.0
yf_MKC_d2;28000;ASH_COATED_OSMIUM;9957;13;9954;20;;;9963;15;9967;31;;;9960.0;0.0
yf_MKC_d2;28000;INTARIAN_PEPPER_ROOT;10374;9;10372;26;;;10380;26;10384;14;;;10377.0;0.0
yf_MKC_d2;28100;ASH_COATED_OSMIUM;9957;23;9953;24;;;9964;17;9968;21;;;9960.5;0.0
yf_MKC_d2;28100;INTARIAN_PEPPER_ROOT;10374;21;10371;27;;;10380;11;10384;15;;;10377.0;0.0
yf_MKC_d2;28200;ASH_COATED_OSMIUM;9956;22;9954;23;;;9966;23;9969;14;;;9961.0;0.0
yf_MKC_d2;28200;INTARIAN_PEPPER_ROOT;10375;6;10371;20;;;10381;20;10385;25;;;10378.0;0.0
yf_MKC_d2;28300;ASH_COATED_OSMIUM;9958;17;9954;15;;;9964;17;9966;25;;;9961.0;0.0
yf_MKC_d2;28300;INTARIAN_PEPPER_ROOT;10376;17;10374;18;;;10382;17;10386;15;;;10379.0;0.0
yf_MKC_d2;28400;ASH_COATED_OSMIUM;9958;8;9954;18;;;9964;19;9966;8;;;9961.0;0.0
yf_MKC_d2;28400;INTARIAN_PEPPER_ROOT;10376;11;10374;29;;;10382;10;10385;18;;;10379.0;0.0
yf_MKC_d2;28500;ASH_COATED_OSMIUM;9958;26;9955;20;;;9964;12;9968;17;;;9961.0;0.0
yf_MKC_d2;28500;INTARIAN_PEPPER_ROOT;10377;17;10374;27;;;10383;16;10386;15;;;10380.0;0.0
yf_MKC_d2;28600;ASH_COATED_OSMIUM;9959;25;9956;16;;;9965;5;9967;25;;;9962.0;0.0
yf_MKC_d2;28600;INTARIAN_PEPPER_ROOT;10372;21;10369;35;;;10391;21;10394;20;;;10381.5;0.0
yf_MKC_d2;28700;ASH_COATED_OSMIUM;9958;13;9955;17;;;9965;14;9967;16;;;9961.5;0.0
yf_MKC_d2;28700;INTARIAN_PEPPER_ROOT;10379;13;10376;26;;;10385;19;10388;22;;;10382.0;0.0
yf_MKC_d2;28800;ASH_COATED_OSMIUM;9955;24;9951;22;;;9969;15;9973;22;;;9962.0;0.0
yf_MKC_d2;28800;INTARIAN_PEPPER_ROOT;10379;17;10376;13;;;10385;16;10389;19;;;10382.0;0.0
yf_MKC_d2;28900;ASH_COATED_OSMIUM;9958;7;9954;15;;;9965;16;9969;18;;;9961.5;0.0
yf_MKC_d2;28900;INTARIAN_PEPPER_ROOT;10380;5;10376;19;;;10386;5;10390;27;;;10383.0;0.0
yf_MKC_d2;29000;ASH_COATED_OSMIUM;9959;12;9957;13;;;9965;16;9969;17;;;9962.0;0.0
yf_MKC_d2;29000;INTARIAN_PEPPER_ROOT;10381;13;10377;17;;;10387;5;10390;20;;;10384.0;0.0
yf_MKC_d2;29100;ASH_COATED_OSMIUM;9959;16;9957;19;;;9965;6;9967;17;;;9962.0;0.0
yf_MKC_d2;29100;INTARIAN_PEPPER_ROOT;10379;17;10377;10;;;10390;22;10394;21;;;10384.5;0.0
yf_MKC_d2;29200;ASH_COATED_OSMIUM;9957;12;9955;12;;;9967;16;9971;9;;;9962.0;0.0
yf_MKC_d2;29200;INTARIAN_PEPPER_ROOT;10383;14;10380;17;;;10389;7;10391;14;;;10386.0;0.0
yf_MKC_d2;29300;ASH_COATED_OSMIUM;9959;7;9957;12;;;9965;17;9968;24;;;9962.0;0.0
yf_MKC_d2;29300;INTARIAN_PEPPER_ROOT;10383;14;10379;20;;;10389;13;10392;22;;;10386.0;0.0
yf_MKC_d2;29400;ASH_COATED_OSMIUM;9959;6;9956;19;;;9965;14;9967;29;;;9962.0;0.0
yf_MKC_d2;29400;INTARIAN_PEPPER_ROOT;10384;20;10381;20;;;10390;13;10392;17;;;10387.0;0.0
yf_MKC_d2;29500;ASH_COATED_OSMIUM;9959;9;9955;21;;;9965;10;9968;22;;;9962.0;0.0
yf_MKC_d2;29500;INTARIAN_PEPPER_ROOT;10384;14;10381;23;;;10391;14;10394;12;;;10387.5;0.0
yf_MKC_d2;29600;ASH_COATED_OSMIUM;9960;13;9957;35;;;9966;14;9969;27;;;9963.0;0.0
yf_MKC_d2;29600;INTARIAN_PEPPER_ROOT;10386;18;10384;21;;;10392;23;10394;15;;;10389.0;0.0
yf_MKC_d2;29700;ASH_COATED_OSMIUM;9957;6;9955;21;;;9968;10;9971;26;;;9962.5;0.0
yf_MKC_d2;29700;INTARIAN_PEPPER_ROOT;10386;10;10384;24;;;10392;22;10396;16;;;10389.0;0.0
yf_MKC_d2;29800;ASH_COATED_OSMIUM;9960;14;9957;32;;;9966;16;9970;21;;;9963.0;0.0
yf_MKC_d2;29800;INTARIAN_PEPPER_ROOT;10387;13;10384;13;;;10393;17;10395;29;;;10390.0;0.0
yf_MKC_d2;29900;ASH_COATED_OSMIUM;9952;5;9950;13;;;9973;20;9977;21;;;9962.5;0.0
yf_MKC_d2;29900;INTARIAN_PEPPER_ROOT;10388;13;10386;18;;;10394;22;10398;21;;;10391.0;0.0
yf_MKC_d2;30000;ASH_COATED_OSMIUM;9959;18;9957;24;;;9967;18;9970;18;;;9963.0;0.0
yf_MKC_d2;30000;INTARIAN_PEPPER_ROOT;10389;18;10385;22;;;10395;7;10399;16;;;10392.0;0.0
yf_MKC_d2;30100;ASH_COATED_OSMIUM;9960;20;9956;15;;;9966;19;9970;21;;;9963.0;0.0
yf_MKC_d2;30100;INTARIAN_PEPPER_ROOT;10390;9;10387;20;;;10396;18;10399;26;;;10393.0;0.0
yf_MKC_d2;30200;ASH_COATED_OSMIUM;9961;14;9957;23;;;9967;7;9970;8;;;9964.0;0.0
yf_MKC_d2;30200;INTARIAN_PEPPER_ROOT;10390;19;10387;27;;;10396;12;10399;19;;;10393.0;0.0
yf_MKC_d2;30300;ASH_COATED_OSMIUM;9961;17;9959;24;;;9967;17;9970;14;;;9964.0;0.0
yf_MKC_d2;30300;INTARIAN_PEPPER_ROOT;10391;19;10389;23;;;10397;20;10401;14;;;10394.0;0.0
yf_MKC_d2;30400;ASH_COATED_OSMIUM;9956;10;9954;19;;;9972;5;9974;13;;;9964.0;0.0
yf_MKC_d2;30400;INTARIAN_PEPPER_ROOT;10385;15;10382;15;;;10403;5;10405;14;;;10394.0;0.0
yf_MKC_d2;30500;ASH_COATED_OSMIUM;9961;17;9958;23;;;9967;15;9971;25;;;9964.0;0.0
yf_MKC_d2;30500;INTARIAN_PEPPER_ROOT;10391;11;10388;10;;;10400;10;10403;19;;;10395.5;0.0
yf_MKC_d2;30600;ASH_COATED_OSMIUM;9961;17;9958;18;;;9967;11;9970;21;;;9964.0;0.0
yf_MKC_d2;30600;INTARIAN_PEPPER_ROOT;10392;8;10388;24;;;10401;8;10403;16;;;10396.5;0.0
yf_MKC_d2;30700;ASH_COATED_OSMIUM;9961;12;9958;11;;;9967;5;9971;24;;;9964.0;0.0
yf_MKC_d2;30700;INTARIAN_PEPPER_ROOT;10393;12;10391;11;;;10399;16;10402;16;;;10396.0;0.0
yf_MKC_d2;30800;ASH_COATED_OSMIUM;9961;16;9959;30;;;9967;20;9971;14;;;9964.0;0.0
yf_MKC_d2;30800;INTARIAN_PEPPER_ROOT;10395;17;10393;21;;;10401;10;10405;14;;;10398.0;0.0
yf_MKC_d2;30900;ASH_COATED_OSMIUM;9959;16;9955;15;;;9971;19;9974;24;;;9965.0;0.0
yf_MKC_d2;30900;INTARIAN_PEPPER_ROOT;10393;7;10390;18;;;10404;15;10408;14;;;10398.5;0.0
yf_MKC_d2;31000;ASH_COATED_OSMIUM;9930;21;9928;21;;;9999;17;10002;31;;;9964.5;0.0
yf_MKC_d2;31000;INTARIAN_PEPPER_ROOT;10389;13;10387;22;;;10409;11;10413;19;;;10399.0;0.0
yf_MKC_d2;31100;ASH_COATED_OSMIUM;9962;15;9959;33;;;9968;28;9971;23;;;9965.0;0.0
yf_MKC_d2;31100;INTARIAN_PEPPER_ROOT;10385;18;10383;14;;;10416;17;10418;14;;;10400.5;0.0
yf_MKC_d2;31200;ASH_COATED_OSMIUM;9962;18;9959;20;;;9969;6;9971;24;;;9965.5;0.0
yf_MKC_d2;31200;INTARIAN_PEPPER_ROOT;10392;12;10390;32;;;10409;16;10412;24;;;10400.5;0.0
yf_MKC_d2;31300;ASH_COATED_OSMIUM;9963;13;9960;25;;;9969;19;9971;18;;;9966.0;0.0
yf_MKC_d2;31300;INTARIAN_PEPPER_ROOT;10396;19;10392;23;;;10407;10;10409;28;;;10401.5;0.0
yf_MKC_d2;31400;ASH_COATED_OSMIUM;9962;17;9960;16;;;9968;16;9972;18;;;9965.0;0.0
yf_MKC_d2;31400;INTARIAN_PEPPER_ROOT;10399;13;10395;13;;;10405;17;10407;28;;;10402.0;0.0
yf_MKC_d2;31500;ASH_COATED_OSMIUM;9960;5;9958;15;;;9971;13;9975;15;;;9965.5;0.0
yf_MKC_d2;31500;INTARIAN_PEPPER_ROOT;10400;16;10396;16;;;10406;14;10410;15;;;10403.0;0.0
yf_MKC_d2;31600;ASH_COATED_OSMIUM;9959;14;9956;9;;;9973;10;9975;29;;;9966.0;0.0
yf_MKC_d2;31600;INTARIAN_PEPPER_ROOT;10400;10;10398;22;;;10407;8;10410;25;;;10403.5;0.0
yf_MKC_d2;31700;ASH_COATED_OSMIUM;9963;16;9960;18;;;9969;12;9972;16;;;9966.0;0.0
yf_MKC_d2;31700;INTARIAN_PEPPER_ROOT;10401;11;10397;15;;;10407;12;10409;17;;;10404.0;0.0
yf_MKC_d2;31800;ASH_COATED_OSMIUM;9963;14;9959;26;;;9969;7;9972;21;;;9966.0;0.0
yf_MKC_d2;31800;INTARIAN_PEPPER_ROOT;10402;17;10399;20;;;10408;13;10410;15;;;10405.0;0.0
yf_MKC_d2;31900;ASH_COATED_OSMIUM;9963;5;9959;15;;;9969;19;9973;17;;;9966.0;0.0
yf_MKC_d2;31900;INTARIAN_PEPPER_ROOT;10403;14;10400;16;;;10409;18;10412;24;;;10406.0;0.0
yf_MKC_d2;32000;ASH_COATED_OSMIUM;9963;17;9961;19;;;9969;21;9973;24;;;9966.0;0.0
yf_MKC_d2;32000;INTARIAN_PEPPER_ROOT;10404;9;10400;13;;;10410;5;10412;19;;;10407.0;0.0
yf_MKC_d2;32100;ASH_COATED_OSMIUM;9963;7;9959;14;;;9969;13;9971;18;;;9966.0;0.0
yf_MKC_d2;32100;INTARIAN_PEPPER_ROOT;10404;22;10402;20;;;10410;12;10414;20;;;10407.0;0.0
yf_MKC_d2;32200;ASH_COATED_OSMIUM;9963;10;9961;21;;;9969;8;9971;23;;;9966.0;0.0
yf_MKC_d2;32200;INTARIAN_PEPPER_ROOT;10402;7;10398;19;;;10414;12;10417;14;;;10408.0;0.0
yf_MKC_d2;32300;ASH_COATED_OSMIUM;9964;14;9960;19;;;9970;14;9972;27;;;9967.0;0.0
yf_MKC_d2;32300;INTARIAN_PEPPER_ROOT;10406;15;10403;20;;;10412;13;10414;25;;;10409.0;0.0
yf_MKC_d2;32400;ASH_COATED_OSMIUM;9963;15;9961;23;;;9969;20;9973;22;;;9966.0;0.0
yf_MKC_d2;32400;INTARIAN_PEPPER_ROOT;10407;11;10405;17;;;10413;15;10416;20;;;10410.0;0.0
yf_MKC_d2;32500;ASH_COATED_OSMIUM;9960;19;9956;19;;;9974;20;9978;11;;;9967.0;0.0
yf_MKC_d2;32500;INTARIAN_PEPPER_ROOT;10398;8;10394;29;;;10423;11;10425;12;;;10410.5;0.0
yf_MKC_d2;32600;ASH_COATED_OSMIUM;9964;11;9960;18;;;9970;15;9972;20;;;9967.0;0.0
yf_MKC_d2;32600;INTARIAN_PEPPER_ROOT;10401;22;10399;22;;;10422;10;10426;11;;;10411.5;0.0
yf_MKC_d2;32700;ASH_COATED_OSMIUM;9961;12;9958;21;;;9974;11;9978;28;;;9967.5;0.0
yf_MKC_d2;32700;INTARIAN_PEPPER_ROOT;10406;13;10402;25;;;10417;19;10420;20;;;10411.5;0.0
yf_MKC_d2;32800;ASH_COATED_OSMIUM;9965;5;9961;21;;;9971;16;9973;20;;;9968.0;0.0
yf_MKC_d2;32800;INTARIAN_PEPPER_ROOT;10410;16;10407;15;;;10416;20;10418;26;;;10413.0;0.0
yf_MKC_d2;32900;ASH_COATED_OSMIUM;9962;28;9959;17;;;9973;21;9977;17;;;9967.5;0.0
yf_MKC_d2;32900;INTARIAN_PEPPER_ROOT;10411;15;10407;18;;;10417;17;10421;16;;;10414.0;0.0
yf_MKC_d2;33000;ASH_COATED_OSMIUM;9965;5;9961;27;;;9971;21;9974;29;;;9968.0;0.0
yf_MKC_d2;33000;INTARIAN_PEPPER_ROOT;10407;16;10404;19;;;10421;15;10423;15;;;10414.0;0.0
yf_MKC_d2;33100;ASH_COATED_OSMIUM;9960;17;9957;23;;;9976;17;9978;19;;;9968.0;0.0
yf_MKC_d2;33100;INTARIAN_PEPPER_ROOT;10411;7;10408;23;;;10417;16;10419;19;;;10414.0;0.0
yf_MKC_d2;33200;ASH_COATED_OSMIUM;9965;10;9962;14;;;9971;13;9974;20;;;9968.0;0.0
yf_MKC_d2;33200;INTARIAN_PEPPER_ROOT;10404;20;10400;17;;;10428;15;10432;22;;;10416.0;0.0
yf_MKC_d2;33300;ASH_COATED_OSMIUM;9965;17;9963;14;;;9971;12;9975;27;;;9968.0;0.0
yf_MKC_d2;33300;INTARIAN_PEPPER_ROOT;10414;5;10411;13;;;10420;12;10423;20;;;10417.0;0.0
yf_MKC_d2;33400;ASH_COATED_OSMIUM;9965;19;9962;28;;;9971;11;9973;26;;;9968.0;0.0
yf_MKC_d2;33400;INTARIAN_PEPPER_ROOT;10413;20;10409;17;;;10423;20;10426;11;;;10418.0;0.0
yf_MKC_d2;33500;ASH_COATED_OSMIUM;9955;10;9951;12;;;9982;19;9985;16;;;9968.5;0.0
yf_MKC_d2;33500;INTARIAN_PEPPER_ROOT;10414;13;10412;23;;;10420;11;10423;16;;;10417.0;0.0
yf_MKC_d2;33600;ASH_COATED_OSMIUM;9965;19;9963;26;;;9971;19;9973;20;;;9968.0;0.0
yf_MKC_d2;33600;INTARIAN_PEPPER_ROOT;10416;11;10414;23;;;10422;14;10425;17;;;10419.0;0.0
yf_MKC_d2;33700;ASH_COATED_OSMIUM;9966;12;9962;23;;;9972;18;9974;14;;;9969.0;0.0
yf_MKC_d2;33700;INTARIAN_PEPPER_ROOT;10415;19;10413;8;;;10424;10;10426;20;;;10419.5;0.0
yf_MKC_d2;33800;ASH_COATED_OSMIUM;9966;15;9963;17;;;9972;12;9976;11;;;9969.0;0.0
yf_MKC_d2;33800;INTARIAN_PEPPER_ROOT;10418;13;10416;25;;;10424;10;10427;19;;;10421.0;0.0
yf_MKC_d2;33900;ASH_COATED_OSMIUM;9966;14;9963;10;;;9972;21;9974;27;;;9969.0;0.0
yf_MKC_d2;33900;INTARIAN_PEPPER_ROOT;10418;24;10416;16;;;10424;21;10428;18;;;10421.0;0.0
yf_MKC_d2;34000;ASH_COATED_OSMIUM;9965;16;9961;16;;;9974;23;9977;14;;;9969.5;0.0
yf_MKC_d2;34000;INTARIAN_PEPPER_ROOT;10420;9;10416;26;;;10426;10;10428;13;;;10423.0;0.0
yf_MKC_d2;34100;ASH_COATED_OSMIUM;9962;14;9959;20;;;9976;12;9978;23;;;9969.0;0.0
yf_MKC_d2;34100;INTARIAN_PEPPER_ROOT;10421;23;10418;18;;;10427;9;10431;24;;;10424.0;0.0
yf_MKC_d2;34200;ASH_COATED_OSMIUM;9966;16;9963;19;;;9972;11;9975;14;;;9969.0;0.0
yf_MKC_d2;34200;INTARIAN_PEPPER_ROOT;10423;20;10419;23;;;10429;9;10432;23;;;10426.0;0.0
yf_MKC_d2;34300;ASH_COATED_OSMIUM;9966;20;9964;21;;;9972;20;9976;16;;;9969.0;0.0
yf_MKC_d2;34300;INTARIAN_PEPPER_ROOT;10424;23;10421;25;;;10430;11;10434;20;;;10427.0;0.0
yf_MKC_d2;34400;ASH_COATED_OSMIUM;9966;12;9964;13;;;9973;11;9977;27;;;9969.5;0.0
yf_MKC_d2;34400;INTARIAN_PEPPER_ROOT;10426;16;10422;24;;;10432;17;10434;15;;;10429.0;0.0
yf_MKC_d2;34500;ASH_COATED_OSMIUM;9964;16;9961;14;;;9974;20;9976;21;;;9969.0;0.0
yf_MKC_d2;34500;INTARIAN_PEPPER_ROOT;10427;12;10424;24;;;10433;21;10435;18;;;10430.0;0.0
yf_MKC_d2;34600;ASH_COATED_OSMIUM;9966;6;9964;25;;;9972;7;9976;14;;;9969.0;0.0
yf_MKC_d2;34600;INTARIAN_PEPPER_ROOT;10428;15;10426;25;;;10437;13;10439;22;;;10432.5;0.0
yf_MKC_d2;34700;ASH_COATED_OSMIUM;9965;14;9963;21;;;9971;19;9975;17;;;9968.0;0.0
yf_MKC_d2;34700;INTARIAN_PEPPER_ROOT;10430;5;10426;25;;;10436;13;10438;22;;;10433.0;0.0
yf_MKC_d2;34800;ASH_COATED_OSMIUM;9966;16;9964;21;;;9972;9;9975;14;;;9969.0;0.0
yf_MKC_d2;34800;INTARIAN_PEPPER_ROOT;10428;15;10425;18;;;10440;13;10444;23;;;10434.0;0.0
yf_MKC_d2;34900;ASH_COATED_OSMIUM;9966;22;9962;16;;;9972;19;9976;19;;;9969.0;0.0
yf_MKC_d2;34900;INTARIAN_PEPPER_ROOT;10433;5;10430;20;;;10440;11;10443;20;;;10436.5;0.0
yf_MKC_d2;35000;ASH_COATED_OSMIUM;9964;16;9961;17;;;9973;20;9976;21;;;9968.5;0.0
yf_MKC_d2;35000;INTARIAN_PEPPER_ROOT;10435;13;10431;19;;;10441;13;10443;28;;;10438.0;0.0
yf_MKC_d2;35100;ASH_COATED_OSMIUM;9966;15;9964;16;;;9972;15;9975;14;;;9969.0;0.0
yf_MKC_d2;35100;INTARIAN_PEPPER_ROOT;10437;6;10433;19;;;10443;26;10447;12;;;10440.0;0.0
yf_MKC_d2;35200;ASH_COATED_OSMIUM;9966;16;9963;14;;;9972;12;9975;23;;;9969.0;0.0
yf_MKC_d2;35200;INTARIAN_PEPPER_ROOT;10435;5;10433;18;;;10446;17;10448;20;;;10440.5;0.0
yf_MKC_d2;35300;ASH_COATED_OSMIUM;9959;20;9957;28;;;9979;17;9983;22;;;9969.0;0.0
yf_MKC_d2;35300;INTARIAN_PEPPER_ROOT;10434;15;10432;17;;;10451;20;10453;11;;;10442.5;0.0
yf_MKC_d2;35400;ASH_COATED_OSMIUM;9966;14;9963;17;;;9972;17;9976;18;;;9969.0;0.0
yf_MKC_d2;35400;INTARIAN_PEPPER_ROOT;10438;16;10436;17;;;10450;13;10452;20;;;10444.0;0.0
yf_MKC_d2;35500;ASH_COATED_OSMIUM;9965;5;9963;22;;;9971;16;9974;17;;;9968.0;0.0
yf_MKC_d2;35500;INTARIAN_PEPPER_ROOT;10433;16;10429;19;;;10458;6;10461;18;;;10445.5;0.0
yf_MKC_d2;35600;ASH_COATED_OSMIUM;9964;8;9960;26;;;9973;18;9976;18;;;9968.5;0.0
yf_MKC_d2;35600;INTARIAN_PEPPER_ROOT;10444;16;10442;17;;;10450;10;10453;26;;;10447.0;0.0
yf_MKC_d2;35700;ASH_COATED_OSMIUM;9957;22;9954;14;;;9981;14;9985;12;;;9969.0;0.0
yf_MKC_d2;35700;INTARIAN_PEPPER_ROOT;10441;14;10438;11;;;10455;13;10457;18;;;10448.0;0.0
yf_MKC_d2;35800;ASH_COATED_OSMIUM;9963;12;9959;14;;;9975;13;9977;13;;;9969.0;0.0
yf_MKC_d2;35800;INTARIAN_PEPPER_ROOT;10446;23;10443;16;;;10452;11;10456;12;;;10449.0;0.0
yf_MKC_d2;35900;ASH_COATED_OSMIUM;9966;16;9962;20;;;9972;21;9974;30;;;9969.0;0.0
yf_MKC_d2;35900;INTARIAN_PEPPER_ROOT;10448;9;10445;21;;;10454;14;10457;24;;;10451.0;0.0
yf_MKC_d2;36000;ASH_COATED_OSMIUM;9965;17;9961;15;;;9971;16;9973;21;;;9968.0;0.0
yf_MKC_d2;36000;INTARIAN_PEPPER_ROOT;10450;9;10447;21;;;10456;10;10459;10;;;10453.0;0.0
yf_MKC_d2;36100;ASH_COATED_OSMIUM;9964;16;9960;19;;;9974;6;9977;11;;;9969.0;0.0
yf_MKC_d2;36100;INTARIAN_PEPPER_ROOT;10452;13;10450;19;;;10458;6;10462;16;;;10455.0;0.0
yf_MKC_d2;36200;ASH_COATED_OSMIUM;9963;18;9961;21;;;9974;18;9976;25;;;9968.5;0.0
yf_MKC_d2;36200;INTARIAN_PEPPER_ROOT;10453;7;10450;18;;;10459;20;10461;21;;;10456.0;0.0
yf_MKC_d2;36300;ASH_COATED_OSMIUM;9965;16;9962;19;;;9971;23;9974;22;;;9968.0;0.0
yf_MKC_d2;36300;INTARIAN_PEPPER_ROOT;10454;18;10451;20;;;10460;11;10462;17;;;10457.0;0.0
yf_MKC_d2;36400;ASH_COATED_OSMIUM;9962;14;9959;16;;;9974;15;9977;23;;;9968.0;0.0
yf_MKC_d2;36400;INTARIAN_PEPPER_ROOT;10456;14;10452;21;;;10462;16;10466;21;;;10459.0;0.0
yf_MKC_d2;36500;ASH_COATED_OSMIUM;9965;20;9961;15;;;9971;13;9973;21;;;9968.0;0.0
yf_MKC_d2;36500;INTARIAN_PEPPER_ROOT;10456;21;10454;17;;;10464;14;10468;20;;;10460.0;0.0
yf_MKC_d2;36600;ASH_COATED_OSMIUM;9965;17;9961;11;;;9971;11;9975;20;;;9968.0;0.0
yf_MKC_d2;36600;INTARIAN_PEPPER_ROOT;10459;10;10455;19;;;10465;14;10467;14;;;10462.0;0.0
yf_MKC_d2;36700;ASH_COATED_OSMIUM;9965;16;9963;16;;;9971;9;9973;21;;;9968.0;0.0
yf_MKC_d2;36700;INTARIAN_PEPPER_ROOT;10456;9;10454;22;;;10471;12;10473;14;;;10463.5;0.0
yf_MKC_d2;36800;ASH_COATED_OSMIUM;9964;10;9962;24;;;9973;17;9975;16;;;9968.5;0.0
yf_MKC_d2;36800;INTARIAN_PEPPER_ROOT;10457;18;10454;17;;;10472;19;10475;18;;;10464.5;0.0
yf_MKC_d2;36900;ASH_COATED_OSMIUM;9962;19;9959;18;;;9974;10;9976;25;;;9968.0;0.0
yf_MKC_d2;36900;INTARIAN_PEPPER_ROOT;10463;22;10459;26;;;10469;18;10472;18;;;10466.0;0.0
yf_MKC_d2;37000;ASH_COATED_OSMIUM;9965;11;9963;22;;;9971;20;9975;12;;;9968.0;0.0
yf_MKC_d2;37000;INTARIAN_PEPPER_ROOT;10457;18;10455;17;;;10479;15;10481;19;;;10468.0;0.0
yf_MKC_d2;37100;ASH_COATED_OSMIUM;9949;18;9946;16;;;9987;15;9990;24;;;9968.0;0.0
yf_MKC_d2;37100;INTARIAN_PEPPER_ROOT;10466;20;10464;25;;;10472;10;10475;19;;;10469.0;0.0
yf_MKC_d2;37200;ASH_COATED_OSMIUM;9963;11;9959;20;;;9974;11;9978;22;;;9968.5;0.0
yf_MKC_d2;37200;INTARIAN_PEPPER_ROOT;10468;13;10464;22;;;10474;13;10478;17;;;10471.0;0.0
yf_MKC_d2;37300;ASH_COATED_OSMIUM;9953;9;9951;24;;;9983;9;9985;25;;;9968.0;0.0
yf_MKC_d2;37300;INTARIAN_PEPPER_ROOT;10454;16;10452;14;;;10490;17;10494;22;;;10472.0;0.0
yf_MKC_d2;37400;ASH_COATED_OSMIUM;9965;12;9963;20;;;9971;24;9973;24;;;9968.0;0.0
yf_MKC_d2;37400;INTARIAN_PEPPER_ROOT;10468;11;10465;15;;;10478;27;10481;23;;;10473.0;0.0
yf_MKC_d2;37500;ASH_COATED_OSMIUM;9965;16;9963;12;;;9971;15;9975;20;;;9968.0;0.0
yf_MKC_d2;37500;INTARIAN_PEPPER_ROOT;10462;14;10459;13;;;10489;11;10492;15;;;10475.5;0.0
yf_MKC_d2;37600;ASH_COATED_OSMIUM;9965;17;9962;18;;;9971;10;9973;19;;;9968.0;0.0
yf_MKC_d2;37600;INTARIAN_PEPPER_ROOT;10471;25;10467;22;;;10482;5;10486;19;;;10476.5;0.0
yf_MKC_d2;37700;ASH_COATED_OSMIUM;9965;15;9963;21;;;9971;6;9975;15;;;9968.0;0.0
yf_MKC_d2;37700;INTARIAN_PEPPER_ROOT;10475;11;10473;25;;;10481;7;10484;20;;;10478.0;0.0
yf_MKC_d2;37800;ASH_COATED_OSMIUM;9961;13;9957;17;;;9973;17;9975;22;;;9967.0;0.0
yf_MKC_d2;37800;INTARIAN_PEPPER_ROOT;10477;21;10473;21;;;10483;17;10485;24;;;10480.0;0.0
yf_MKC_d2;37900;ASH_COATED_OSMIUM;9958;19;9955;17;;;9978;9;9980;17;;;9968.0;0.0
yf_MKC_d2;37900;INTARIAN_PEPPER_ROOT;10478;19;10474;24;;;10484;13;10488;22;;;10481.0;0.0
yf_MKC_d2;38000;ASH_COATED_OSMIUM;9965;19;9963;26;;;9971;6;9973;26;;;9968.0;0.0
yf_MKC_d2;38000;INTARIAN_PEPPER_ROOT;10479;26;10477;18;;;10485;21;10487;19;;;10482.0;0.0
yf_MKC_d2;38100;ASH_COATED_OSMIUM;9963;12;9961;22;;;9971;7;9975;15;;;9967.0;0.0
yf_MKC_d2;38100;INTARIAN_PEPPER_ROOT;10478;11;10475;26;;;10491;5;10493;17;;;10484.5;0.0
yf_MKC_d2;38200;ASH_COATED_OSMIUM;9964;12;9960;23;;;9970;19;9972;17;;;9967.0;0.0
yf_MKC_d2;38200;INTARIAN_PEPPER_ROOT;10483;15;10480;32;;;10489;21;10491;18;;;10486.0;0.0
yf_MKC_d2;38300;ASH_COATED_OSMIUM;9965;11;9961;20;;;9971;19;9973;22;;;9968.0;0.0
yf_MKC_d2;38300;INTARIAN_PEPPER_ROOT;10484;8;10480;13;;;10490;13;10492;23;;;10487.0;0.0
yf_MKC_d2;38400;ASH_COATED_OSMIUM;9965;14;9961;23;;;9971;19;9974;20;;;9968.0;0.0
yf_MKC_d2;38400;INTARIAN_PEPPER_ROOT;10486;9;10483;20;;;10492;16;10496;21;;;10489.0;0.0
yf_MKC_d2;38500;ASH_COATED_OSMIUM;9958;10;9956;22;;;9978;16;9980;23;;;9968.0;0.0
yf_MKC_d2;38500;INTARIAN_PEPPER_ROOT;10487;14;10483;30;;;10493;15;10497;25;;;10490.0;0.0
yf_MKC_d2;38600;ASH_COATED_OSMIUM;9965;11;9962;18;;;9971;5;9974;31;;;9968.0;0.0
yf_MKC_d2;38600;INTARIAN_PEPPER_ROOT;10488;29;10485;21;;;10494;9;10498;14;;;10491.0;0.0
yf_MKC_d2;38700;ASH_COATED_OSMIUM;9962;10;9959;12;;;9973;14;9975;20;;;9967.5;0.0
yf_MKC_d2;38700;INTARIAN_PEPPER_ROOT;10474;10;10471;20;;;10510;12;10514;8;;;10492.0;0.0
yf_MKC_d2;38800;ASH_COATED_OSMIUM;9958;12;9954;28;;;9976;17;9979;16;;;9967.0;0.0
yf_MKC_d2;38800;INTARIAN_PEPPER_ROOT;10492;15;10489;16;;;10498;13;10500;21;;;10495.0;0.0
yf_MKC_d2;38900;ASH_COATED_OSMIUM;9964;20;9962;19;;;9971;20;9975;20;;;9967.5;0.0
yf_MKC_d2;38900;INTARIAN_PEPPER_ROOT;10493;13;10490;9;;;10500;22;10504;20;;;10496.5;0.0
yf_MKC_d2;39000;ASH_COATED_OSMIUM;9962;14;9960;26;;;9974;13;9978;25;;;9968.0;0.0
yf_MKC_d2;39000;INTARIAN_PEPPER_ROOT;10494;9;10492;16;;;10500;14;10504;24;;;10497.0;0.0
yf_MKC_d2;39100;ASH_COATED_OSMIUM;9958;20;9956;22;;;9977;17;9979;23;;;9967.5;0.0
yf_MKC_d2;39100;INTARIAN_PEPPER_ROOT;10496;11;10494;28;;;10502;18;10504;19;;;10499.0;0.0
yf_MKC_d2;39200;ASH_COATED_OSMIUM;9963;9;9959;20;;;9972;19;9975;15;;;9967.5;0.0
yf_MKC_d2;39200;INTARIAN_PEPPER_ROOT;10498;18;10494;17;;;10504;8;10506;23;;;10501.0;0.0
yf_MKC_d2;39300;ASH_COATED_OSMIUM;9954;15;9950;21;;;9980;10;9982;18;;;9967.0;0.0
yf_MKC_d2;39300;INTARIAN_PEPPER_ROOT;10499;7;10496;20;;;10505;14;10507;22;;;10502.0;0.0
yf_MKC_d2;39400;ASH_COATED_OSMIUM;9965;16;9963;19;;;9971;17;9973;20;;;9968.0;0.0
yf_MKC_d2;39400;INTARIAN_PEPPER_ROOT;10496;13;10493;15;;;10512;19;10516;32;;;10504.0;0.0
yf_MKC_d2;39500;ASH_COATED_OSMIUM;9965;5;9962;21;;;9971;10;9974;14;;;9968.0;0.0
yf_MKC_d2;39500;INTARIAN_PEPPER_ROOT;10502;24;10500;23;;;10508;13;10512;22;;;10505.0;0.0
yf_MKC_d2;39600;ASH_COATED_OSMIUM;9958;15;9955;23;;;9976;11;9978;19;;;9967.0;0.0
yf_MKC_d2;39600;INTARIAN_PEPPER_ROOT;10498;17;10494;28;;;10515;13;10519;26;;;10506.5;0.0
yf_MKC_d2;39700;ASH_COATED_OSMIUM;9962;8;9960;14;;;9971;16;9973;25;;;9966.5;0.0
yf_MKC_d2;39700;INTARIAN_PEPPER_ROOT;10505;20;10502;8;;;10511;9;10515;16;;;10508.0;0.0
yf_MKC_d2;39800;ASH_COATED_OSMIUM;9963;15;9961;19;;;9970;10;9972;32;;;9966.5;0.0
yf_MKC_d2;39800;INTARIAN_PEPPER_ROOT;10507;17;10505;30;;;10513;14;10515;18;;;10510.0;0.0
yf_MKC_d2;39900;ASH_COATED_OSMIUM;9964;18;9962;31;;;9970;9;9973;13;;;9967.0;0.0
yf_MKC_d2;39900;INTARIAN_PEPPER_ROOT;10507;16;10504;10;;;10516;23;10518;27;;;10511.5;0.0
yf_MKC_d2;40000;ASH_COATED_OSMIUM;9962;11;9959;24;;;9972;13;9974;20;;;9967.0;0.0
yf_MKC_d2;40000;INTARIAN_PEPPER_ROOT;10510;19;10508;16;;;10516;23;10519;29;;;10513.0;0.0
yf_MKC_d2;40100;ASH_COATED_OSMIUM;9964;20;9961;18;;;9970;12;9973;17;;;9967.0;0.0
yf_MKC_d2;40100;INTARIAN_PEPPER_ROOT;10504;5;10500;16;;;10526;6;10529;33;;;10515.0;0.0
yf_MKC_d2;40200;ASH_COATED_OSMIUM;9964;19;9960;16;;;9970;19;9972;27;;;9967.0;0.0
yf_MKC_d2;40200;INTARIAN_PEPPER_ROOT;10513;7;10509;24;;;10519;6;10523;27;;;10516.0;0.0
yf_MKC_d2;40300;ASH_COATED_OSMIUM;9964;19;9962;20;;;9970;13;9974;21;;;9967.0;0.0
yf_MKC_d2;40300;INTARIAN_PEPPER_ROOT;10510;11;10507;22;;;10524;10;10526;26;;;10517.0;0.0
yf_MKC_d2;40400;ASH_COATED_OSMIUM;9964;17;9962;16;;;9970;6;9973;20;;;9967.0;0.0
yf_MKC_d2;40400;INTARIAN_PEPPER_ROOT;10516;10;10513;24;;;10522;9;10525;25;;;10519.0;0.0
yf_MKC_d2;40500;ASH_COATED_OSMIUM;9955;18;9951;20;;;9979;18;9983;16;;;9967.0;0.0
yf_MKC_d2;40500;INTARIAN_PEPPER_ROOT;10510;7;10507;24;;;10531;10;10533;20;;;10520.5;0.0
yf_MKC_d2;40600;ASH_COATED_OSMIUM;9956;10;9952;19;;;9979;10;9981;16;;;9967.5;0.0
yf_MKC_d2;40600;INTARIAN_PEPPER_ROOT;10519;6;10517;22;;;10525;22;10528;20;;;10522.0;0.0
yf_MKC_d2;40700;ASH_COATED_OSMIUM;9964;12;9961;21;;;9970;18;9974;23;;;9967.0;0.0
yf_MKC_d2;40700;INTARIAN_PEPPER_ROOT;10520;10;10517;16;;;10526;18;10528;26;;;10523.0;0.0
yf_MKC_d2;40800;ASH_COATED_OSMIUM;9964;20;9960;27;;;9970;10;9973;32;;;9967.0;0.0
yf_MKC_d2;40800;INTARIAN_PEPPER_ROOT;10521;11;10519;19;;;10529;13;10533;17;;;10525.0;0.0
yf_MKC_d2;40900;ASH_COATED_OSMIUM;9963;10;9961;20;;;9969;11;9972;26;;;9966.0;0.0
yf_MKC_d2;40900;INTARIAN_PEPPER_ROOT;10520;10;10516;23;;;10533;17;10536;13;;;10526.5;0.0
yf_MKC_d2;41000;ASH_COATED_OSMIUM;9964;18;9962;24;;;9970;5;9972;11;;;9967.0;0.0
yf_MKC_d2;41000;INTARIAN_PEPPER_ROOT;10521;19;10518;25;;;10535;18;10537;14;;;10528.0;0.0
yf_MKC_d2;41100;ASH_COATED_OSMIUM;9960;18;9957;28;;;9974;13;9976;16;;;9967.0;0.0
yf_MKC_d2;41100;INTARIAN_PEPPER_ROOT;10523;11;10520;18;;;10535;11;10538;18;;;10529.0;0.0
yf_MKC_d2;41200;ASH_COATED_OSMIUM;9957;22;9953;19;;;9976;22;9979;25;;;9966.5;0.0
yf_MKC_d2;41200;INTARIAN_PEPPER_ROOT;10525;14;10523;21;;;10536;17;10540;24;;;10530.5;0.0
yf_MKC_d2;41300;ASH_COATED_OSMIUM;9961;14;9958;16;;;9973;9;9976;18;;;9967.0;0.0
yf_MKC_d2;41300;INTARIAN_PEPPER_ROOT;10524;13;10521;23;;;10539;13;10541;12;;;10531.5;0.0
yf_MKC_d2;41400;ASH_COATED_OSMIUM;9964;21;9961;15;;;9970;20;9974;20;;;9967.0;0.0
yf_MKC_d2;41400;INTARIAN_PEPPER_ROOT;10528;25;10526;11;;;10540;17;10542;19;;;10534.0;0.0
yf_MKC_d2;41500;ASH_COATED_OSMIUM;9964;22;9961;19;;;9970;10;9973;25;;;9967.0;0.0
yf_MKC_d2;41500;INTARIAN_PEPPER_ROOT;10532;17;10528;16;;;10538;17;10542;14;;;10535.0;0.0
yf_MKC_d2;41600;ASH_COATED_OSMIUM;9961;14;9957;18;;;9972;10;9974;18;;;9966.5;0.0
yf_MKC_d2;41600;INTARIAN_PEPPER_ROOT;10530;14;10528;25;;;10543;15;10545;27;;;10536.5;0.0
yf_MKC_d2;41700;ASH_COATED_OSMIUM;9964;16;9961;16;;;9970;10;9972;23;;;9967.0;0.0
yf_MKC_d2;41700;INTARIAN_PEPPER_ROOT;10534;12;10530;26;;;10542;15;10545;23;;;10538.0;0.0
yf_MKC_d2;41800;ASH_COATED_OSMIUM;9958;17;9956;18;;;9975;11;9978;13;;;9966.5;0.0
yf_MKC_d2;41800;INTARIAN_PEPPER_ROOT;10537;20;10534;14;;;10543;15;10545;22;;;10540.0;0.0
yf_MKC_d2;41900;ASH_COATED_OSMIUM;9964;12;9960;16;;;9970;8;9974;32;;;9967.0;0.0
yf_MKC_d2;41900;INTARIAN_PEPPER_ROOT;10538;10;10536;15;;;10544;11;10546;22;;;10541.0;0.0
yf_MKC_d2;42000;ASH_COATED_OSMIUM;9964;16;9960;28;;;9970;11;9972;27;;;9967.0;0.0
yf_MKC_d2;42000;INTARIAN_PEPPER_ROOT;10539;14;10536;21;;;10545;11;10549;10;;;10542.0;0.0
yf_MKC_d2;42100;ASH_COATED_OSMIUM;9964;19;9960;26;;;9970;15;9973;24;;;9967.0;0.0
yf_MKC_d2;42100;INTARIAN_PEPPER_ROOT;10541;13;10539;18;;;10547;6;10549;24;;;10544.0;0.0
yf_MKC_d2;42200;ASH_COATED_OSMIUM;9964;10;9962;21;;;9970;18;9972;15;;;9967.0;0.0
yf_MKC_d2;42200;INTARIAN_PEPPER_ROOT;10542;12;10540;22;;;10548;10;10552;19;;;10545.0;0.0
yf_MKC_d2;42300;ASH_COATED_OSMIUM;9964;14;9962;24;;;9970;10;9974;12;;;9967.0;0.0
yf_MKC_d2;42300;INTARIAN_PEPPER_ROOT;10543;15;10539;19;;;10553;19;10557;14;;;10548.0;0.0
yf_MKC_d2;42400;ASH_COATED_OSMIUM;9964;17;9960;13;;;9970;11;9973;17;;;9967.0;0.0
yf_MKC_d2;42400;INTARIAN_PEPPER_ROOT;10546;5;10544;20;;;10552;17;10555;20;;;10549.0;0.0
yf_MKC_d2;42500;ASH_COATED_OSMIUM;9963;21;9961;12;;;9969;16;9971;22;;;9966.0;0.0
yf_MKC_d2;42500;INTARIAN_PEPPER_ROOT;10548;18;10546;19;;;10554;18;10556;15;;;10551.0;0.0
yf_MKC_d2;42600;ASH_COATED_OSMIUM;9946;19;9943;13;;;9986;12;9990;24;;;9966.0;0.0
yf_MKC_d2;42600;INTARIAN_PEPPER_ROOT;10546;17;10543;28;;;10558;16;10562;28;;;10552.0;0.0
yf_MKC_d2;42700;ASH_COATED_OSMIUM;9963;20;9959;14;;;9970;16;9974;15;;;9966.5;0.0
yf_MKC_d2;42700;INTARIAN_PEPPER_ROOT;10550;10;10546;22;;;10556;15;10560;26;;;10553.0;0.0
yf_MKC_d2;42800;ASH_COATED_OSMIUM;9963;5;9961;24;;;9970;20;9973;15;;;9966.5;0.0
yf_MKC_d2;42800;INTARIAN_PEPPER_ROOT;10552;19;10550;20;;;10558;11;10562;27;;;10555.0;0.0
yf_MKC_d2;42900;ASH_COATED_OSMIUM;9964;24;9960;22;;;9970;15;9974;22;;;9967.0;0.0
yf_MKC_d2;42900;INTARIAN_PEPPER_ROOT;10536;14;10533;24;;;10577;21;10579;8;;;10556.5;0.0
yf_MKC_d2;43000;ASH_COATED_OSMIUM;9964;15;9961;16;;;9970;19;9974;24;;;9967.0;0.0
yf_MKC_d2;43000;INTARIAN_PEPPER_ROOT;10555;13;10551;19;;;10561;22;10563;21;;;10558.0;0.0
yf_MKC_d2;43100;ASH_COATED_OSMIUM;9956;15;9953;20;;;9977;11;9980;25;;;9966.5;0.0
yf_MKC_d2;43100;INTARIAN_PEPPER_ROOT;10552;12;10549;31;;;10567;11;10570;26;;;10559.5;0.0
yf_MKC_d2;43200;ASH_COATED_OSMIUM;9963;5;9959;23;;;9970;15;9972;24;;;9966.5;0.0
yf_MKC_d2;43200;INTARIAN_PEPPER_ROOT;10555;11;10551;17;;;10566;13;10569;18;;;10560.5;0.0
yf_MKC_d2;43300;ASH_COATED_OSMIUM;9964;10;9961;21;;;9970;16;9973;14;;;9967.0;0.0
yf_MKC_d2;43300;INTARIAN_PEPPER_ROOT;10558;12;10554;22;;;10566;9;10568;28;;;10562.0;0.0
yf_MKC_d2;43400;ASH_COATED_OSMIUM;9962;24;9958;18;;;9971;14;9973;16;;;9966.5;0.0
yf_MKC_d2;43400;INTARIAN_PEPPER_ROOT;10561;16;10559;18;;;10567;13;10570;23;;;10564.0;0.0
yf_MKC_d2;43500;ASH_COATED_OSMIUM;9963;15;9959;24;;;9969;12;9972;15;;;9966.0;0.0
yf_MKC_d2;43500;INTARIAN_PEPPER_ROOT;10551;13;10549;27;;;10579;14;10583;21;;;10565.0;0.0
yf_MKC_d2;43600;ASH_COATED_OSMIUM;9963;7;9959;13;;;9969;13;9972;20;;;9966.0;0.0
yf_MKC_d2;43600;INTARIAN_PEPPER_ROOT;10564;11;10561;26;;;10570;10;10572;30;;;10567.0;0.0
yf_MKC_d2;43700;ASH_COATED_OSMIUM;9963;15;9961;9;;;9969;18;9973;13;;;9966.0;0.0
yf_MKC_d2;43700;INTARIAN_PEPPER_ROOT;10566;14;10563;24;;;10572;16;10575;28;;;10569.0;0.0
yf_MKC_d2;43800;ASH_COATED_OSMIUM;9956;19;9954;32;;;9976;15;9979;19;;;9966.0;0.0
yf_MKC_d2;43800;INTARIAN_PEPPER_ROOT;10567;19;10565;17;;;10573;9;10576;11;;;10570.0;0.0
yf_MKC_d2;43900;ASH_COATED_OSMIUM;9963;16;9959;16;;;9969;5;9971;16;;;9966.0;0.0
yf_MKC_d2;43900;INTARIAN_PEPPER_ROOT;10561;15;10558;23;;;10581;12;10585;24;;;10571.0;0.0
yf_MKC_d2;44000;ASH_COATED_OSMIUM;9963;26;9961;27;;;9969;17;9971;18;;;9966.0;0.0
yf_MKC_d2;44000;INTARIAN_PEPPER_ROOT;10566;16;10562;23;;;10579;10;10581;15;;;10572.5;0.0
yf_MKC_d2;44100;ASH_COATED_OSMIUM;9963;15;9959;26;;;9969;12;9971;11;;;9966.0;0.0
yf_MKC_d2;44100;INTARIAN_PEPPER_ROOT;10571;17;10568;15;;;10577;21;10579;17;;;10574.0;0.0
yf_MKC_d2;44200;ASH_COATED_OSMIUM;9963;9;9960;19;;;9969;13;9972;26;;;9966.0;0.0
yf_MKC_d2;44200;INTARIAN_PEPPER_ROOT;10573;18;10570;24;;;10579;14;10581;22;;;10576.0;0.0
yf_MKC_d2;44300;ASH_COATED_OSMIUM;9963;14;9960;26;;;9969;14;9972;19;;;9966.0;0.0
yf_MKC_d2;44300;INTARIAN_PEPPER_ROOT;10568;12;10565;17;;;10587;19;10590;12;;;10577.5;0.0
yf_MKC_d2;44400;ASH_COATED_OSMIUM;9963;16;9959;8;;;9969;13;9971;22;;;9966.0;0.0
yf_MKC_d2;44400;INTARIAN_PEPPER_ROOT;10573;14;10571;19;;;10585;21;10588;20;;;10579.0;0.0
yf_MKC_d2;44500;ASH_COATED_OSMIUM;9963;21;9960;21;;;9969;16;9972;17;;;9966.0;0.0
yf_MKC_d2;44500;INTARIAN_PEPPER_ROOT;10577;6;10575;17;;;10583;15;10587;18;;;10580.0;0.0
yf_MKC_d2;44600;ASH_COATED_OSMIUM;9962;14;9960;18;;;9970;16;9972;31;;;9966.0;0.0
yf_MKC_d2;44600;INTARIAN_PEPPER_ROOT;10575;14;10571;27;;;10590;25;10593;22;;;10582.5;0.0
yf_MKC_d2;44700;ASH_COATED_OSMIUM;9960;16;9958;21;;;9971;16;9974;8;;;9965.5;0.0
yf_MKC_d2;44700;INTARIAN_PEPPER_ROOT;10581;20;10578;21;;;10587;10;10590;16;;;10584.0;0.0
yf_MKC_d2;44800;ASH_COATED_OSMIUM;9959;15;9955;11;;;9972;12;9974;23;;;9965.5;0.0
yf_MKC_d2;44800;INTARIAN_PEPPER_ROOT;10580;15;10578;21;;;10591;14;10593;24;;;10585.5;0.0
yf_MKC_d2;44900;ASH_COATED_OSMIUM;9962;9;9960;16;;;9968;25;9971;18;;;9965.0;0.0
yf_MKC_d2;44900;INTARIAN_PEPPER_ROOT;10583;16;10580;30;;;10589;17;10591;21;;;10586.0;0.0
yf_MKC_d2;45000;ASH_COATED_OSMIUM;9962;21;9958;26;;;9968;17;9970;20;;;9965.0;0.0
yf_MKC_d2;45000;INTARIAN_PEPPER_ROOT;10585;23;10583;20;;;10591;12;10593;20;;;10588.0;0.0
yf_MKC_d2;45100;ASH_COATED_OSMIUM;9963;19;9959;16;;;9969;11;9972;25;;;9966.0;0.0
yf_MKC_d2;45100;INTARIAN_PEPPER_ROOT;10585;6;10581;15;;;10594;18;10598;20;;;10589.5;0.0
yf_MKC_d2;45200;ASH_COATED_OSMIUM;9963;5;9961;12;;;9969;10;9972;22;;;9966.0;0.0
yf_MKC_d2;45200;INTARIAN_PEPPER_ROOT;10588;8;10585;22;;;10594;12;10596;18;;;10591.0;0.0
yf_MKC_d2;45300;ASH_COATED_OSMIUM;9955;19;9953;21;;;9977;17;9979;24;;;9966.0;0.0
yf_MKC_d2;45300;INTARIAN_PEPPER_ROOT;10589;23;10586;25;;;10595;10;10597;16;;;10592.0;0.0
yf_MKC_d2;45400;ASH_COATED_OSMIUM;9963;15;9961;26;;;9969;20;9973;24;;;9966.0;0.0
yf_MKC_d2;45400;INTARIAN_PEPPER_ROOT;10587;11;10584;15;;;10599;16;10601;8;;;10593.0;0.0
yf_MKC_d2;45500;ASH_COATED_OSMIUM;9962;18;9958;23;;;9968;24;9972;27;;;9965.0;0.0
yf_MKC_d2;45500;INTARIAN_PEPPER_ROOT;10589;13;10587;13;;;10602;17;10604;23;;;10595.5;0.0
yf_MKC_d2;45600;ASH_COATED_OSMIUM;9956;13;9952;20;;;9974;8;9978;15;;;9965.0;0.0
yf_MKC_d2;45600;INTARIAN_PEPPER_ROOT;10585;6;10581;14;;;10608;11;10611;14;;;10596.5;0.0
yf_MKC_d2;45700;ASH_COATED_OSMIUM;9962;16;9960;19;;;9968;22;9970;15;;;9965.0;0.0
yf_MKC_d2;45700;INTARIAN_PEPPER_ROOT;10595;10;10593;20;;;10603;10;10606;19;;;10599.0;0.0
yf_MKC_d2;45800;ASH_COATED_OSMIUM;9961;17;9957;15;;;9970;17;9972;17;;;9965.5;0.0
yf_MKC_d2;45800;INTARIAN_PEPPER_ROOT;10597;19;10593;14;;;10603;13;10607;16;;;10600.0;0.0
yf_MKC_d2;45900;ASH_COATED_OSMIUM;9959;6;9956;13;;;9971;15;9974;23;;;9965.0;0.0
yf_MKC_d2;45900;INTARIAN_PEPPER_ROOT;10598;14;10596;17;;;10604;15;10607;22;;;10601.0;0.0
yf_MKC_d2;46000;ASH_COATED_OSMIUM;9962;9;9959;16;;;9969;16;9972;20;;;9965.5;0.0
yf_MKC_d2;46000;INTARIAN_PEPPER_ROOT;10592;17;10590;23;;;10613;14;10615;16;;;10602.5;0.0
yf_MKC_d2;46100;ASH_COATED_OSMIUM;9953;18;9949;29;;;9979;12;9981;20;;;9966.0;0.0
yf_MKC_d2;46100;INTARIAN_PEPPER_ROOT;10590;18;10588;21;;;10617;6;10621;16;;;10603.5;0.0
yf_MKC_d2;46200;ASH_COATED_OSMIUM;9962;21;9958;21;;;9968;20;9970;25;;;9965.0;0.0
yf_MKC_d2;46200;INTARIAN_PEPPER_ROOT;10600;18;10597;25;;;10612;16;10616;23;;;10606.0;0.0
yf_MKC_d2;46300;ASH_COATED_OSMIUM;9956;15;9952;27;;;9975;24;9978;21;;;9965.5;0.0
yf_MKC_d2;46300;INTARIAN_PEPPER_ROOT;10605;14;10602;21;;;10611;21;10615;24;;;10608.0;0.0
yf_MKC_d2;46400;ASH_COATED_OSMIUM;9960;8;9958;16;;;9971;11;9974;22;;;9965.5;0.0
yf_MKC_d2;46400;INTARIAN_PEPPER_ROOT;10603;15;10599;16;;;10615;17;10618;14;;;10609.0;0.0
yf_MKC_d2;46500;ASH_COATED_OSMIUM;9962;16;9959;24;;;9968;19;9972;13;;;9965.0;0.0
yf_MKC_d2;46500;INTARIAN_PEPPER_ROOT;10606;13;10603;14;;;10615;12;10617;17;;;10610.5;0.0
yf_MKC_d2;46600;ASH_COATED_OSMIUM;9962;16;9959;22;;;9968;15;9971;22;;;9965.0;0.0
yf_MKC_d2;46600;INTARIAN_PEPPER_ROOT;10609;18;10605;27;;;10615;13;10618;20;;;10612.0;0.0
yf_MKC_d2;46700;ASH_COATED_OSMIUM;9962;9;9960;21;;;9968;14;9972;25;;;9965.0;0.0
yf_MKC_d2;46700;INTARIAN_PEPPER_ROOT;10611;12;10608;24;;;10617;8;10621;22;;;10614.0;0.0
yf_MKC_d2;46800;ASH_COATED_OSMIUM;9963;16;9959;21;;;9969;19;9971;19;;;9966.0;0.0
yf_MKC_d2;46800;INTARIAN_PEPPER_ROOT;10610;8;10607;28;;;10620;20;10623;19;;;10615.0;0.0
yf_MKC_d2;46900;ASH_COATED_OSMIUM;9956;5;9952;10;;;9975;15;9978;12;;;9965.5;0.0
yf_MKC_d2;46900;INTARIAN_PEPPER_ROOT;10599;11;10597;27;;;10635;23;10639;23;;;10617.0;0.0
yf_MKC_d2;47000;ASH_COATED_OSMIUM;9962;14;9960;15;;;9968;13;9970;18;;;9965.0;0.0
yf_MKC_d2;47000;INTARIAN_PEPPER_ROOT;10615;22;10611;14;;;10621;16;10625;18;;;10618.0;0.0
yf_MKC_d2;47100;ASH_COATED_OSMIUM;9958;19;9954;23;;;9973;15;9975;17;;;9965.5;0.0
yf_MKC_d2;47100;INTARIAN_PEPPER_ROOT;10611;20;10609;22;;;10630;17;10634;20;;;10620.5;0.0
yf_MKC_d2;47200;ASH_COATED_OSMIUM;9959;17;9955;21;;;9973;17;9975;31;;;9966.0;0.0
yf_MKC_d2;47200;INTARIAN_PEPPER_ROOT;10609;15;10605;21;;;10633;7;10636;18;;;10621.0;0.0
yf_MKC_d2;47300;ASH_COATED_OSMIUM;9961;14;9957;23;;;9968;16;9971;14;;;9964.5;0.0
yf_MKC_d2;47300;INTARIAN_PEPPER_ROOT;10619;13;10616;24;;;10625;13;10627;31;;;10622.0;0.0
yf_MKC_d2;47400;ASH_COATED_OSMIUM;9962;6;9958;16;;;9968;12;9971;17;;;9965.0;0.0
yf_MKC_d2;47400;INTARIAN_PEPPER_ROOT;10618;16;10615;14;;;10630;19;10632;26;;;10624.0;0.0
yf_MKC_d2;47500;ASH_COATED_OSMIUM;9944;10;9940;20;;;9987;21;9991;26;;;9965.5;0.0
yf_MKC_d2;47500;INTARIAN_PEPPER_ROOT;10619;15;10615;24;;;10631;11;10635;19;;;10625.0;0.0
yf_MKC_d2;47600;ASH_COATED_OSMIUM;9960;19;9956;11;;;9969;14;9971;12;;;9964.5;0.0
yf_MKC_d2;47600;INTARIAN_PEPPER_ROOT;10624;23;10620;17;;;10630;10;10634;27;;;10627.0;0.0
yf_MKC_d2;47700;ASH_COATED_OSMIUM;9962;13;9958;26;;;9968;18;9971;15;;;9965.0;0.0
yf_MKC_d2;47700;INTARIAN_PEPPER_ROOT;10626;17;10622;16;;;10632;19;10636;22;;;10629.0;0.0
yf_MKC_d2;47800;ASH_COATED_OSMIUM;9962;14;9960;16;;;9968;14;9971;25;;;9965.0;0.0
yf_MKC_d2;47800;INTARIAN_PEPPER_ROOT;10627;12;10625;24;;;10633;15;10637;12;;;10630.0;0.0
yf_MKC_d2;47900;ASH_COATED_OSMIUM;9952;5;9948;24;;;9978;10;9982;20;;;9965.0;0.0
yf_MKC_d2;47900;INTARIAN_PEPPER_ROOT;10629;22;10626;21;;;10635;22;10637;25;;;10632.0;0.0
yf_MKC_d2;48000;ASH_COATED_OSMIUM;9958;8;9956;16;;;9972;8;9975;19;;;9965.0;0.0
yf_MKC_d2;48000;INTARIAN_PEPPER_ROOT;10620;15;10617;18;;;10645;20;10647;26;;;10632.5;0.0
yf_MKC_d2;48100;ASH_COATED_OSMIUM;9958;18;9954;26;;;9970;22;9974;20;;;9964.0;0.0
yf_MKC_d2;48100;INTARIAN_PEPPER_ROOT;10631;12;10628;24;;;10637;18;10639;8;;;10634.0;0.0
yf_MKC_d2;48200;ASH_COATED_OSMIUM;9962;19;9959;17;;;9968;23;9971;20;;;9965.0;0.0
yf_MKC_d2;48200;INTARIAN_PEPPER_ROOT;10631;12;10627;25;;;10642;17;10644;18;;;10636.5;0.0
yf_MKC_d2;48300;ASH_COATED_OSMIUM;9962;13;9958;22;;;9968;14;9971;16;;;9965.0;0.0
yf_MKC_d2;48300;INTARIAN_PEPPER_ROOT;10632;14;10630;22;;;10643;19;10646;19;;;10637.5;0.0
yf_MKC_d2;48400;ASH_COATED_OSMIUM;9962;18;9958;28;;;9968;15;9971;21;;;9965.0;0.0
yf_MKC_d2;48400;INTARIAN_PEPPER_ROOT;10635;10;10632;24;;;10641;9;10643;15;;;10638.0;0.0
yf_MKC_d2;48500;ASH_COATED_OSMIUM;9961;12;9957;17;;;9968;18;9972;12;;;9964.5;0.0
yf_MKC_d2;48500;INTARIAN_PEPPER_ROOT;10637;14;10634;18;;;10643;10;10647;15;;;10640.0;0.0
yf_MKC_d2;48600;ASH_COATED_OSMIUM;9961;15;9959;22;;;9970;14;9974;18;;;9965.5;0.0
yf_MKC_d2;48600;INTARIAN_PEPPER_ROOT;10639;14;10635;22;;;10645;13;10647;24;;;10642.0;0.0
yf_MKC_d2;48700;ASH_COATED_OSMIUM;9962;14;9958;11;;;9968;15;9972;23;;;9965.0;0.0
yf_MKC_d2;48700;INTARIAN_PEPPER_ROOT;10639;21;10635;18;;;10649;13;10652;26;;;10644.0;0.0
yf_MKC_d2;48800;ASH_COATED_OSMIUM;9962;10;9960;19;;;9968;27;9972;18;;;9965.0;0.0
yf_MKC_d2;48800;INTARIAN_PEPPER_ROOT;10642;12;10640;21;;;10648;20;10652;25;;;10645.0;0.0
yf_MKC_d2;48900;ASH_COATED_OSMIUM;9962;14;9960;15;;;9968;21;9970;17;;;9965.0;0.0
yf_MKC_d2;48900;INTARIAN_PEPPER_ROOT;10641;12;10638;20;;;10652;12;10656;18;;;10646.5;0.0
yf_MKC_d2;49000;ASH_COATED_OSMIUM;9961;15;9957;17;;;9969;15;9973;15;;;9965.0;0.0
yf_MKC_d2;49000;INTARIAN_PEPPER_ROOT;10645;17;10641;11;;;10651;10;10655;13;;;10648.0;0.0
yf_MKC_d2;49100;ASH_COATED_OSMIUM;9960;20;9957;24;;;9970;5;9972;24;;;9965.0;0.0
yf_MKC_d2;49100;INTARIAN_PEPPER_ROOT;10646;14;10643;25;;;10653;19;10655;20;;;10649.5;0.0
yf_MKC_d2;49200;ASH_COATED_OSMIUM;9960;15;9957;24;;;9969;14;9973;15;;;9964.5;0.0
yf_MKC_d2;49200;INTARIAN_PEPPER_ROOT;10639;18;10637;16;;;10664;23;10666;22;;;10651.5;0.0
yf_MKC_d2;49300;ASH_COATED_OSMIUM;9951;14;9948;26;;;9978;19;9980;19;;;9964.5;0.0
yf_MKC_d2;49300;INTARIAN_PEPPER_ROOT;10650;20;10646;21;;;10656;21;10660;21;;;10653.0;0.0
yf_MKC_d2;49400;ASH_COATED_OSMIUM;9961;22;9957;11;;;9967;15;9971;20;;;9964.0;0.0
yf_MKC_d2;49400;INTARIAN_PEPPER_ROOT;10651;14;10647;22;;;10657;16;10660;23;;;10654.0;0.0
yf_MKC_d2;49500;ASH_COATED_OSMIUM;9960;10;9957;29;;;9970;15;9974;24;;;9965.0;0.0
yf_MKC_d2;49500;INTARIAN_PEPPER_ROOT;10652;13;10648;16;;;10658;19;10662;24;;;10655.0;0.0
yf_MKC_d2;49600;ASH_COATED_OSMIUM;9962;24;9958;27;;;9968;29;9972;21;;;9965.0;0.0
yf_MKC_d2;49600;INTARIAN_PEPPER_ROOT;10655;12;10653;19;;;10661;11;10664;20;;;10658.0;0.0
yf_MKC_d2;49700;ASH_COATED_OSMIUM;9961;12;9959;19;;;9967;23;9970;20;;;9964.0;0.0
yf_MKC_d2;49700;INTARIAN_PEPPER_ROOT;10655;17;10652;30;;;10661;9;10664;28;;;10658.0;0.0
yf_MKC_d2;49800;ASH_COATED_OSMIUM;9962;5;9959;28;;;9968;18;9970;29;;;9965.0;0.0
yf_MKC_d2;49800;INTARIAN_PEPPER_ROOT;10657;12;10654;18;;;10663;16;10667;19;;;10660.0;0.0
yf_MKC_d2;49900;ASH_COATED_OSMIUM;9959;15;9955;16;;;9970;12;9974;21;;;9964.5;0.0
yf_MKC_d2;49900;INTARIAN_PEPPER_ROOT;10659;15;10657;20;;;10665;12;10667;20;;;10662.0;0.0
yf_MKC_d2;50000;ASH_COATED_OSMIUM;9962;16;9958;25;;;9968;22;9972;21;;;9965.0;0.0
yf_MKC_d2;50000;INTARIAN_PEPPER_ROOT;10651;27;10647;26;;;10675;13;10679;21;;;10663.0;0.0
yf_MKC_d2;50100;ASH_COATED_OSMIUM;9962;7;9958;21;;;9968;8;9972;23;;;9965.0;0.0
yf_MKC_d2;50100;INTARIAN_PEPPER_ROOT;10662;11;10659;21;;;10668;11;10670;23;;;10665.0;0.0
yf_MKC_d2;50200;ASH_COATED_OSMIUM;9952;18;9948;31;;;9976;13;9978;24;;;9964.0;0.0
yf_MKC_d2;50200;INTARIAN_PEPPER_ROOT;10664;15;10661;21;;;10670;24;10674;21;;;10667.0;0.0
yf_MKC_d2;50300;ASH_COATED_OSMIUM;9962;21;9958;30;;;9968;12;9971;15;;;9965.0;0.0
yf_MKC_d2;50300;INTARIAN_PEPPER_ROOT;10665;17;10663;16;;;10671;16;10675;10;;;10668.0;0.0
yf_MKC_d2;50400;ASH_COATED_OSMIUM;9962;12;9958;13;;;9968;14;9972;18;;;9965.0;0.0
yf_MKC_d2;50400;INTARIAN_PEPPER_ROOT;10663;14;10659;21;;;10674;13;10678;26;;;10668.5;0.0
yf_MKC_d2;50500;ASH_COATED_OSMIUM;9962;14;9958;14;;;9968;24;9971;16;;;9965.0;0.0
yf_MKC_d2;50500;INTARIAN_PEPPER_ROOT;10666;9;10664;29;;;10675;16;10678;21;;;10670.5;0.0
yf_MKC_d2;50600;ASH_COATED_OSMIUM;9961;15;9957;11;;;9967;18;9970;18;;;9964.0;0.0
yf_MKC_d2;50600;INTARIAN_PEPPER_ROOT;10669;22;10665;16;;;10675;10;10677;20;;;10672.0;0.0
yf_MKC_d2;50700;ASH_COATED_OSMIUM;9961;19;9959;16;;;9967;5;9970;23;;;9964.0;0.0
yf_MKC_d2;50700;INTARIAN_PEPPER_ROOT;10664;12;10662;21;;;10683;21;10686;24;;;10673.5;0.0
yf_MKC_d2;50800;ASH_COATED_OSMIUM;9961;19;9958;16;;;9967;11;9969;15;;;9964.0;0.0
yf_MKC_d2;50800;INTARIAN_PEPPER_ROOT;10672;14;10669;16;;;10678;17;10682;17;;;10675.0;0.0
yf_MKC_d2;50900;ASH_COATED_OSMIUM;9961;16;9959;16;;;9967;17;9969;21;;;9964.0;0.0
yf_MKC_d2;50900;INTARIAN_PEPPER_ROOT;10665;21;10663;15;;;10685;12;10689;26;;;10675.0;0.0
yf_MKC_d2;51000;ASH_COATED_OSMIUM;9957;21;9955;17;;;9971;16;9973;17;;;9964.0;0.0
yf_MKC_d2;51000;INTARIAN_PEPPER_ROOT;10672;10;10668;19;;;10678;14;10682;17;;;10675.0;0.0
yf_MKC_d2;51100;ASH_COATED_OSMIUM;9958;19;9956;12;;;9971;17;9975;24;;;9964.5;0.0
yf_MKC_d2;51100;INTARIAN_PEPPER_ROOT;10672;13;10670;21;;;10678;13;10680;21;;;10675.0;0.0
yf_MKC_d2;51200;ASH_COATED_OSMIUM;9961;12;9958;13;;;9967;13;9970;19;;;9964.0;0.0
yf_MKC_d2;51200;INTARIAN_PEPPER_ROOT;10672;9;10670;24;;;10678;15;10680;21;;;10675.0;0.0
yf_MKC_d2;51300;ASH_COATED_OSMIUM;9958;14;9956;24;;;9971;14;9975;17;;;9964.5;0.0
yf_MKC_d2;51300;INTARIAN_PEPPER_ROOT;10672;14;10668;14;;;10678;19;10682;25;;;10675.0;0.0
yf_MKC_d2;51400;ASH_COATED_OSMIUM;9961;14;9959;15;;;9967;7;9971;23;;;9964.0;0.0
yf_MKC_d2;51400;INTARIAN_PEPPER_ROOT;10671;10;10667;21;;;10677;8;10679;21;;;10674.0;0.0
yf_MKC_d2;51500;ASH_COATED_OSMIUM;9961;12;9957;23;;;9967;24;9971;28;;;9964.0;0.0
yf_MKC_d2;51500;INTARIAN_PEPPER_ROOT;10668;21;10665;19;;;10680;13;10684;18;;;10674.0;0.0
yf_MKC_d2;51600;ASH_COATED_OSMIUM;9961;20;9959;22;;;9967;8;9969;15;;;9964.0;0.0
yf_MKC_d2;51600;INTARIAN_PEPPER_ROOT;10669;14;10667;26;;;10677;14;10679;17;;;10673.0;0.0
yf_MKC_d2;51700;ASH_COATED_OSMIUM;9961;24;9958;22;;;9967;17;9971;22;;;9964.0;0.0
yf_MKC_d2;51700;INTARIAN_PEPPER_ROOT;10669;14;10666;15;;;10677;16;10680;13;;;10673.0;0.0
yf_MKC_d2;51800;ASH_COATED_OSMIUM;9961;12;9957;13;;;9968;10;9970;16;;;9964.5;0.0
yf_MKC_d2;51800;INTARIAN_PEPPER_ROOT;10669;15;10666;18;;;10676;13;10678;15;;;10672.5;0.0
yf_MKC_d2;51900;ASH_COATED_OSMIUM;9961;7;9958;8;;;9967;24;9969;26;;;9964.0;0.0
yf_MKC_d2;51900;INTARIAN_PEPPER_ROOT;10669;21;10666;25;;;10675;30;10677;18;;;10672.0;0.0
yf_MKC_d2;52000;ASH_COATED_OSMIUM;9959;17;9957;32;;;9969;18;9973;20;;;9964.0;0.0
yf_MKC_d2;52000;INTARIAN_PEPPER_ROOT;10669;17;10667;24;;;10675;26;10677;15;;;10672.0;0.0
yf_MKC_d2;52100;ASH_COATED_OSMIUM;9961;8;9958;20;;;9967;21;9971;23;;;9964.0;0.0
yf_MKC_d2;52100;INTARIAN_PEPPER_ROOT;10669;18;10665;29;;;10675;12;10679;24;;;10672.0;0.0
yf_MKC_d2;52200;ASH_COATED_OSMIUM;9957;23;9954;14;;;9970;13;9972;25;;;9963.5;0.0
yf_MKC_d2;52200;INTARIAN_PEPPER_ROOT;10669;22;10667;11;;;10675;8;10678;19;;;10672.0;0.0
yf_MKC_d2;52300;ASH_COATED_OSMIUM;9961;9;9957;17;;;9967;18;9971;24;;;9964.0;0.0
yf_MKC_d2;52300;INTARIAN_PEPPER_ROOT;10668;15;10665;23;;;10676;19;10678;13;;;10672.0;0.0
yf_MKC_d2;52400;ASH_COATED_OSMIUM;9952;10;9948;16;;;9976;20;9978;21;;;9964.0;0.0
yf_MKC_d2;52400;INTARIAN_PEPPER_ROOT;10668;15;10664;16;;;10674;16;10677;21;;;10671.0;0.0
yf_MKC_d2;52500;ASH_COATED_OSMIUM;9961;17;9957;16;;;9967;12;9970;20;;;9964.0;0.0
yf_MKC_d2;52500;INTARIAN_PEPPER_ROOT;10667;8;10663;26;;;10676;9;10680;25;;;10671.5;0.0
yf_MKC_d2;52600;ASH_COATED_OSMIUM;9961;19;9958;20;;;9967;12;9969;22;;;9964.0;0.0
yf_MKC_d2;52600;INTARIAN_PEPPER_ROOT;10665;19;10663;13;;;10675;16;10679;23;;;10670.0;0.0
yf_MKC_d2;52700;ASH_COATED_OSMIUM;9961;13;9959;18;;;9967;23;9970;20;;;9964.0;0.0
yf_MKC_d2;52700;INTARIAN_PEPPER_ROOT;10667;14;10663;16;;;10673;11;10675;22;;;10670.0;0.0
yf_MKC_d2;52800;ASH_COATED_OSMIUM;9960;21;9956;13;;;9967;16;9971;19;;;9963.5;0.0
yf_MKC_d2;52800;INTARIAN_PEPPER_ROOT;10661;18;10658;24;;;10679;15;10683;17;;;10670.0;0.0
yf_MKC_d2;52900;ASH_COATED_OSMIUM;9962;24;9960;16;;;9968;10;9971;24;;;9965.0;0.0
yf_MKC_d2;52900;INTARIAN_PEPPER_ROOT;10662;13;10658;25;;;10678;15;10681;16;;;10670.0;0.0
yf_MKC_d2;53000;ASH_COATED_OSMIUM;9960;21;9957;25;;;9966;15;9970;25;;;9963.0;0.0
yf_MKC_d2;53000;INTARIAN_PEPPER_ROOT;10665;21;10663;11;;;10671;12;10674;14;;;10668.0;0.0
yf_MKC_d2;53100;ASH_COATED_OSMIUM;9961;14;9957;21;;;9967;19;9970;18;;;9964.0;0.0
yf_MKC_d2;53100;INTARIAN_PEPPER_ROOT;10666;15;10662;23;;;10672;16;10676;19;;;10669.0;0.0
yf_MKC_d2;53200;ASH_COATED_OSMIUM;9955;18;9951;17;;;9972;13;9975;28;;;9963.5;0.0
yf_MKC_d2;53200;INTARIAN_PEPPER_ROOT;10661;9;10659;18;;;10676;12;10680;16;;;10668.5;0.0
yf_MKC_d2;53300;ASH_COATED_OSMIUM;9961;16;9957;19;;;9967;15;9971;18;;;9964.0;0.0
yf_MKC_d2;53300;INTARIAN_PEPPER_ROOT;10657;15;10653;21;;;10680;15;10683;22;;;10668.5;0.0
yf_MKC_d2;53400;ASH_COATED_OSMIUM;9961;15;9958;22;;;9967;25;9970;31;;;9964.0;0.0
yf_MKC_d2;53400;INTARIAN_PEPPER_ROOT;10665;25;10662;20;;;10671;13;10675;22;;;10668.0;0.0
yf_MKC_d2;53500;ASH_COATED_OSMIUM;9960;23;9956;23;;;9966;17;9968;13;;;9963.0;0.0
yf_MKC_d2;53500;INTARIAN_PEPPER_ROOT;10659;14;10657;8;;;10677;18;10680;22;;;10668.0;0.0
yf_MKC_d2;53600;ASH_COATED_OSMIUM;9960;15;9956;24;;;9966;21;9968;19;;;9963.0;0.0
yf_MKC_d2;53600;INTARIAN_PEPPER_ROOT;10662;13;10658;24;;;10673;11;10676;26;;;10667.5;0.0
yf_MKC_d2;53700;ASH_COATED_OSMIUM;9961;16;9958;25;;;9967;13;9970;19;;;9964.0;0.0
yf_MKC_d2;53700;INTARIAN_PEPPER_ROOT;10662;9;10658;23;;;10671;20;10675;15;;;10666.5;0.0
yf_MKC_d2;53800;ASH_COATED_OSMIUM;9955;17;9953;20;;;9972;21;9975;16;;;9963.5;0.0
yf_MKC_d2;53800;INTARIAN_PEPPER_ROOT;10663;5;10660;16;;;10671;10;10675;18;;;10667.0;0.0
yf_MKC_d2;53900;ASH_COATED_OSMIUM;9961;9;9957;16;;;9967;17;9969;20;;;9964.0;0.0
yf_MKC_d2;53900;INTARIAN_PEPPER_ROOT;10664;18;10661;13;;;10670;22;10672;21;;;10667.0;0.0
yf_MKC_d2;54000;ASH_COATED_OSMIUM;9961;11;9957;16;;;9967;19;9970;24;;;9964.0;0.0
yf_MKC_d2;54000;INTARIAN_PEPPER_ROOT;10664;20;10661;15;;;10670;11;10673;13;;;10667.0;0.0
yf_MKC_d2;54100;ASH_COATED_OSMIUM;9961;22;9957;19;;;9967;15;9969;20;;;9964.0;0.0
yf_MKC_d2;54100;INTARIAN_PEPPER_ROOT;10663;16;10660;28;;;10669;15;10672;10;;;10666.0;0.0
yf_MKC_d2;54200;ASH_COATED_OSMIUM;9957;18;9953;17;;;9971;15;9974;19;;;9964.0;0.0
yf_MKC_d2;54200;INTARIAN_PEPPER_ROOT;10652;18;10650;27;;;10680;11;10684;18;;;10666.0;0.0
yf_MKC_d2;54300;ASH_COATED_OSMIUM;9961;12;9959;18;;;9967;17;9971;17;;;9964.0;0.0
yf_MKC_d2;54300;INTARIAN_PEPPER_ROOT;10662;12;10660;16;;;10668;20;10672;18;;;10665.0;0.0
yf_MKC_d2;54400;ASH_COATED_OSMIUM;9961;12;9959;18;;;9967;19;9971;10;;;9964.0;0.0
yf_MKC_d2;54400;INTARIAN_PEPPER_ROOT;10655;11;10653;27;;;10675;16;10678;22;;;10665.0;0.0
yf_MKC_d2;54500;ASH_COATED_OSMIUM;9961;5;9957;15;;;9967;14;9970;22;;;9964.0;0.0
yf_MKC_d2;54500;INTARIAN_PEPPER_ROOT;10662;12;10659;19;;;10669;14;10672;22;;;10665.5;0.0
yf_MKC_d2;54600;ASH_COATED_OSMIUM;9962;13;9958;14;;;9968;21;9970;20;;;9965.0;0.0
yf_MKC_d2;54600;INTARIAN_PEPPER_ROOT;10660;8;10657;25;;;10669;12;10672;24;;;10664.5;0.0
yf_MKC_d2;54700;ASH_COATED_OSMIUM;9959;19;9955;17;;;9967;17;9971;25;;;9963.0;0.0
yf_MKC_d2;54700;INTARIAN_PEPPER_ROOT;10658;12;10656;19;;;10670;7;10672;17;;;10664.0;0.0
yf_MKC_d2;54800;ASH_COATED_OSMIUM;9961;10;9959;12;;;9967;13;9971;33;;;9964.0;0.0
yf_MKC_d2;54800;INTARIAN_PEPPER_ROOT;10658;11;10655;17;;;10671;14;10675;23;;;10664.5;0.0
yf_MKC_d2;54900;ASH_COATED_OSMIUM;9961;22;9957;18;;;9967;20;9969;28;;;9964.0;0.0
yf_MKC_d2;54900;INTARIAN_PEPPER_ROOT;10661;8;10658;28;;;10667;15;10670;18;;;10664.0;0.0
yf_MKC_d2;55000;ASH_COATED_OSMIUM;9956;14;9952;19;;;9972;23;9975;14;;;9964.0;0.0
yf_MKC_d2;55000;INTARIAN_PEPPER_ROOT;10661;17;10659;18;;;10667;16;10670;9;;;10664.0;0.0
yf_MKC_d2;55100;ASH_COATED_OSMIUM;9958;5;9956;11;;;9970;6;9973;19;;;9964.0;0.0
yf_MKC_d2;55100;INTARIAN_PEPPER_ROOT;10660;12;10656;11;;;10666;10;10668;21;;;10663.0;0.0
yf_MKC_d2;55200;ASH_COATED_OSMIUM;9958;10;9956;28;;;9970;15;9974;21;;;9964.0;0.0
yf_MKC_d2;55200;INTARIAN_PEPPER_ROOT;10660;25;10658;14;;;10666;12;10669;21;;;10663.0;0.0
yf_MKC_d2;55300;ASH_COATED_OSMIUM;9961;6;9958;17;;;9967;9;9970;15;;;9964.0;0.0
yf_MKC_d2;55300;INTARIAN_PEPPER_ROOT;10659;16;10655;14;;;10665;21;10668;26;;;10662.0;0.0
yf_MKC_d2;55400;ASH_COATED_OSMIUM;9955;14;9952;15;;;9971;19;9975;19;;;9963.0;0.0
yf_MKC_d2;55400;INTARIAN_PEPPER_ROOT;10656;16;10654;33;;;10667;14;10670;24;;;10661.5;0.0
yf_MKC_d2;55500;ASH_COATED_OSMIUM;9960;11;9958;29;;;9968;19;9971;21;;;9964.0;0.0
yf_MKC_d2;55500;INTARIAN_PEPPER_ROOT;10657;12;10654;22;;;10666;14;10668;22;;;10661.5;0.0
yf_MKC_d2;55600;ASH_COATED_OSMIUM;9960;9;9957;22;;;9966;23;9969;22;;;9963.0;0.0
yf_MKC_d2;55600;INTARIAN_PEPPER_ROOT;10652;5;10649;17;;;10673;8;10677;14;;;10662.5;0.0
yf_MKC_d2;55700;ASH_COATED_OSMIUM;9961;15;9959;22;;;9967;12;9971;26;;;9964.0;0.0
yf_MKC_d2;55700;INTARIAN_PEPPER_ROOT;10659;14;10657;18;;;10665;20;10667;19;;;10662.0;0.0
yf_MKC_d2;55800;ASH_COATED_OSMIUM;9959;20;9955;18;;;9969;17;9973;24;;;9964.0;0.0
yf_MKC_d2;55800;INTARIAN_PEPPER_ROOT;10658;13;10655;17;;;10664;17;10668;18;;;10661.0;0.0
yf_MKC_d2;55900;ASH_COATED_OSMIUM;9956;14;9954;15;;;9970;14;9972;12;;;9963.0;0.0
yf_MKC_d2;55900;INTARIAN_PEPPER_ROOT;10658;9;10656;15;;;10664;22;10668;23;;;10661.0;0.0
yf_MKC_d2;56000;ASH_COATED_OSMIUM;9961;13;9959;20;;;9967;18;9971;28;;;9964.0;0.0
yf_MKC_d2;56000;INTARIAN_PEPPER_ROOT;10658;19;10654;20;;;10664;7;10667;17;;;10661.0;0.0
yf_MKC_d2;56100;ASH_COATED_OSMIUM;9960;16;9958;18;;;9966;13;9970;9;;;9963.0;0.0
yf_MKC_d2;56100;INTARIAN_PEPPER_ROOT;10657;18;10653;19;;;10663;8;10666;21;;;10660.0;0.0
yf_MKC_d2;56200;ASH_COATED_OSMIUM;9954;14;9950;27;;;9973;11;9976;15;;;9963.5;0.0
yf_MKC_d2;56200;INTARIAN_PEPPER_ROOT;10655;17;10651;19;;;10665;28;10669;16;;;10660.0;0.0
yf_MKC_d2;56300;ASH_COATED_OSMIUM;9960;17;9957;24;;;9966;13;9970;10;;;9963.0;0.0
yf_MKC_d2;56300;INTARIAN_PEPPER_ROOT;10657;9;10655;24;;;10664;5;10667;19;;;10660.5;0.0
yf_MKC_d2;56400;ASH_COATED_OSMIUM;9960;14;9958;14;;;9966;5;9968;16;;;9963.0;0.0
yf_MKC_d2;56400;INTARIAN_PEPPER_ROOT;10651;11;10647;23;;;10667;10;10669;24;;;10659.0;0.0
yf_MKC_d2;56500;ASH_COATED_OSMIUM;9961;17;9957;15;;;9967;12;9969;15;;;9964.0;0.0
yf_MKC_d2;56500;INTARIAN_PEPPER_ROOT;10656;16;10652;17;;;10663;8;10665;16;;;10659.5;0.0
yf_MKC_d2;56600;ASH_COATED_OSMIUM;9961;13;9959;12;;;9967;5;9970;22;;;9964.0;0.0
yf_MKC_d2;56600;INTARIAN_PEPPER_ROOT;10642;20;10639;14;;;10677;9;10680;24;;;10659.5;0.0
yf_MKC_d2;56700;ASH_COATED_OSMIUM;9960;11;9958;17;;;9966;18;9970;17;;;9963.0;0.0
yf_MKC_d2;56700;INTARIAN_PEPPER_ROOT;10646;13;10644;20;;;10670;13;10674;10;;;10658.0;0.0
yf_MKC_d2;56800;ASH_COATED_OSMIUM;9961;14;9957;24;;;9967;23;9970;18;;;9964.0;0.0
yf_MKC_d2;56800;INTARIAN_PEPPER_ROOT;10650;19;10646;22;;;10666;5;10668;27;;;10658.0;0.0
yf_MKC_d2;56900;ASH_COATED_OSMIUM;9960;21;9956;10;;;9966;10;9968;16;;;9963.0;0.0
yf_MKC_d2;56900;INTARIAN_PEPPER_ROOT;10648;9;10646;8;;;10668;16;10670;18;;;10658.0;0.0
yf_MKC_d2;57000;ASH_COATED_OSMIUM;9961;16;9959;24;;;9967;16;9971;25;;;9964.0;0.0
yf_MKC_d2;57000;INTARIAN_PEPPER_ROOT;10655;11;10653;23;;;10661;11;10664;19;;;10658.0;0.0
yf_MKC_d2;57100;ASH_COATED_OSMIUM;9961;14;9959;32;;;9967;21;9969;17;;;9964.0;0.0
yf_MKC_d2;57100;INTARIAN_PEPPER_ROOT;10654;10;10651;27;;;10660;10;10663;30;;;10657.0;0.0
yf_MKC_d2;57200;ASH_COATED_OSMIUM;9956;14;9953;15;;;9972;8;9974;19;;;9964.0;0.0
yf_MKC_d2;57200;INTARIAN_PEPPER_ROOT;10654;18;10650;13;;;10661;23;10665;11;;;10657.5;0.0
yf_MKC_d2;57300;ASH_COATED_OSMIUM;9960;14;9956;20;;;9966;11;9970;19;;;9963.0;0.0
yf_MKC_d2;57300;INTARIAN_PEPPER_ROOT;10651;15;10647;24;;;10663;11;10667;28;;;10657.0;0.0
yf_MKC_d2;57400;ASH_COATED_OSMIUM;9958;14;9956;17;;;9969;12;9973;25;;;9963.5;0.0
yf_MKC_d2;57400;INTARIAN_PEPPER_ROOT;10654;19;10651;27;;;10660;15;10662;13;;;10657.0;0.0
yf_MKC_d2;57500;ASH_COATED_OSMIUM;9961;16;9959;16;;;9967;17;9970;12;;;9964.0;0.0
yf_MKC_d2;57500;INTARIAN_PEPPER_ROOT;10651;17;10647;27;;;10662;13;10664;17;;;10656.5;0.0
yf_MKC_d2;57600;ASH_COATED_OSMIUM;9961;13;9959;19;;;9967;10;9969;14;;;9964.0;0.0
yf_MKC_d2;57600;INTARIAN_PEPPER_ROOT;10653;8;10651;18;;;10659;5;10663;20;;;10656.0;0.0
yf_MKC_d2;57700;ASH_COATED_OSMIUM;9961;9;9959;16;;;9967;6;9969;30;;;9964.0;0.0
yf_MKC_d2;57700;INTARIAN_PEPPER_ROOT;10653;22;10650;19;;;10659;17;10662;27;;;10656.0;0.0
yf_MKC_d2;57800;ASH_COATED_OSMIUM;9961;19;9959;22;;;9967;6;9971;10;;;9964.0;0.0
yf_MKC_d2;57800;INTARIAN_PEPPER_ROOT;10650;17;10647;9;;;10660;16;10663;20;;;10655.0;0.0
yf_MKC_d2;57900;ASH_COATED_OSMIUM;9959;23;9955;14;;;9967;8;9971;9;;;9963.0;0.0
yf_MKC_d2;57900;INTARIAN_PEPPER_ROOT;10650;17;10647;18;;;10661;10;10664;10;;;10655.5;0.0
yf_MKC_d2;58000;ASH_COATED_OSMIUM;9950;16;9946;19;;;9977;14;9979;23;;;9963.5;0.0
yf_MKC_d2;58000;INTARIAN_PEPPER_ROOT;10651;18;10647;8;;;10660;19;10662;24;;;10655.5;0.0
yf_MKC_d2;58100;ASH_COATED_OSMIUM;9954;14;9952;19;;;9973;15;9975;17;;;9963.5;0.0
yf_MKC_d2;58100;INTARIAN_PEPPER_ROOT;10650;16;10646;12;;;10659;17;10661;25;;;10654.5;0.0
yf_MKC_d2;58200;ASH_COATED_OSMIUM;9960;21;9956;16;;;9966;11;9968;13;;;9963.0;0.0
yf_MKC_d2;58200;INTARIAN_PEPPER_ROOT;10651;21;10648;22;;;10657;21;10659;20;;;10654.0;0.0
yf_MKC_d2;58300;ASH_COATED_OSMIUM;9960;5;9958;19;;;9966;14;9969;22;;;9963.0;0.0
yf_MKC_d2;58300;INTARIAN_PEPPER_ROOT;10650;11;10648;26;;;10659;16;10663;21;;;10654.5;0.0
yf_MKC_d2;58400;ASH_COATED_OSMIUM;9958;15;9955;24;;;9968;25;9972;14;;;9963.0;0.0
yf_MKC_d2;58400;INTARIAN_PEPPER_ROOT;10650;15;10647;16;;;10656;17;10658;18;;;10653.0;0.0
yf_MKC_d2;58500;ASH_COATED_OSMIUM;9960;17;9957;19;;;9966;14;9969;19;;;9963.0;0.0
yf_MKC_d2;58500;INTARIAN_PEPPER_ROOT;10650;30;10646;24;;;10656;14;10658;14;;;10653.0;0.0
yf_MKC_d2;58600;ASH_COATED_OSMIUM;9957;18;9953;19;;;9968;15;9970;27;;;9962.5;0.0
yf_MKC_d2;58600;INTARIAN_PEPPER_ROOT;10650;10;10646;23;;;10656;15;10660;14;;;10653.0;0.0
yf_MKC_d2;58700;ASH_COATED_OSMIUM;9960;18;9957;15;;;9966;12;9970;22;;;9963.0;0.0
yf_MKC_d2;58700;INTARIAN_PEPPER_ROOT;10650;9;10646;14;;;10656;18;10660;10;;;10653.0;0.0
yf_MKC_d2;58800;ASH_COATED_OSMIUM;9955;18;9953;25;;;9973;5;9976;17;;;9964.0;0.0
yf_MKC_d2;58800;INTARIAN_PEPPER_ROOT;10646;12;10644;26;;;10658;16;10661;16;;;10652.0;0.0
yf_MKC_d2;58900;ASH_COATED_OSMIUM;9960;14;9958;17;;;9968;12;9970;13;;;9964.0;0.0
yf_MKC_d2;58900;INTARIAN_PEPPER_ROOT;10639;18;10637;26;;;10666;16;10668;18;;;10652.5;0.0
yf_MKC_d2;59000;ASH_COATED_OSMIUM;9954;22;9951;24;;;9972;20;9975;10;;;9963.0;0.0
