day;timestamp;product;bid_price_1;bid_volume_1;bid_price_2;bid_volume_2;bid_price_3;bid_volume_3;ask_price_1;ask_volume_1;ask_price_2;ask_volume_2;ask_price_3;ask_volume_3;mid_price;profit_and_loss
yf_ZS=F_d2;0;ASH_COATED_OSMIUM;9930;17;9926;19;;;9936;17;9940;24;;;9933.0;0.0
yf_ZS=F_d2;0;INTARIAN_PEPPER_ROOT;12994;17;12992;28;;;13005;13;13007;22;;;12999.5;0.0
yf_ZS=F_d2;100;ASH_COATED_OSMIUM;9930;5;9928;23;;;9936;15;9940;13;;;9933.0;0.0
yf_ZS=F_d2;100;INTARIAN_PEPPER_ROOT;12992;7;12988;22;;;12998;21;13002;18;;;12995.0;0.0
yf_ZS=F_d2;200;ASH_COATED_OSMIUM;9927;25;9923;19;;;9939;17;9941;22;;;9933.0;0.0
yf_ZS=F_d2;200;INTARIAN_PEPPER_ROOT;12987;5;12983;22;;;12993;10;12997;27;;;12990.0;0.0
yf_ZS=F_d2;300;ASH_COATED_OSMIUM;9913;12;9909;19;;;9953;6;9955;20;;;9933.0;0.0
yf_ZS=F_d2;300;INTARIAN_PEPPER_ROOT;12981;9;12978;19;;;12987;16;12991;14;;;12984.0;0.0
yf_ZS=F_d2;400;ASH_COATED_OSMIUM;9928;20;9925;19;;;9937;14;9940;16;;;9932.5;0.0
yf_ZS=F_d2;400;INTARIAN_PEPPER_ROOT;12977;11;12974;23;;;12983;21;12987;20;;;12980.0;0.0
yf_ZS=F_d2;500;ASH_COATED_OSMIUM;9930;17;9926;18;;;9936;21;9938;22;;;9933.0;0.0
yf_ZS=F_d2;500;INTARIAN_PEPPER_ROOT;12971;15;12967;21;;;12977;14;12979;24;;;12974.0;0.0
yf_ZS=F_d2;600;ASH_COATED_OSMIUM;9903;15;9900;14;;;9964;19;9968;27;;;9933.5;0.0
yf_ZS=F_d2;600;INTARIAN_PEPPER_ROOT;12960;8;12957;12;;;12978;12;12982;10;;;12969.0;0.0
yf_ZS=F_d2;700;ASH_COATED_OSMIUM;9930;16;9927;11;;;9936;9;9939;30;;;9933.0;0.0
yf_ZS=F_d2;700;INTARIAN_PEPPER_ROOT;12961;5;12959;20;;;12967;15;12969;20;;;12964.0;0.0
yf_ZS=F_d2;800;ASH_COATED_OSMIUM;9929;21;9925;24;;;9935;5;9939;16;;;9932.0;0.0
yf_ZS=F_d2;800;INTARIAN_PEPPER_ROOT;12956;19;12953;25;;;12962;21;12965;19;;;12959.0;0.0
yf_ZS=F_d2;900;ASH_COATED_OSMIUM;9930;18;9926;30;;;9936;11;9939;19;;;9933.0;0.0
yf_ZS=F_d2;900;INTARIAN_PEPPER_ROOT;12951;16;12948;19;;;12957;13;12959;24;;;12954.0;0.0
yf_ZS=F_d2;1000;ASH_COATED_OSMIUM;9930;17;9928;26;;;9936;19;9938;17;;;9933.0;0.0
yf_ZS=F_d2;1000;INTARIAN_PEPPER_ROOT;12945;22;12943;9;;;12951;11;12954;20;;;12948.0;0.0
yf_ZS=F_d2;1100;ASH_COATED_OSMIUM;9923;15;9919;20;;;9943;13;9946;18;;;9933.0;0.0
yf_ZS=F_d2;1100;INTARIAN_PEPPER_ROOT;12937;29;12933;22;;;12948;18;12952;28;;;12942.5;0.0
yf_ZS=F_d2;1200;ASH_COATED_OSMIUM;9930;15;9928;15;;;9936;18;9938;18;;;9933.0;0.0
yf_ZS=F_d2;1200;INTARIAN_PEPPER_ROOT;12933;14;12930;13;;;12944;14;12948;24;;;12938.5;0.0
yf_ZS=F_d2;1300;ASH_COATED_OSMIUM;9929;11;9927;17;;;9937;13;9940;22;;;9933.0;0.0
yf_ZS=F_d2;1300;INTARIAN_PEPPER_ROOT;12930;20;12926;16;;;12936;18;12938;10;;;12933.0;0.0
yf_ZS=F_d2;1400;ASH_COATED_OSMIUM;9930;20;9926;9;;;9936;20;9940;22;;;9933.0;0.0
yf_ZS=F_d2;1400;INTARIAN_PEPPER_ROOT;12914;9;12910;17;;;12942;22;12945;32;;;12928.0;0.0
yf_ZS=F_d2;1500;ASH_COATED_OSMIUM;9929;12;9927;9;;;9937;24;9939;22;;;9933.0;0.0
yf_ZS=F_d2;1500;INTARIAN_PEPPER_ROOT;12920;17;12916;11;;;12926;14;12928;15;;;12923.0;0.0
yf_ZS=F_d2;1600;ASH_COATED_OSMIUM;9930;11;9928;21;;;9936;16;9938;28;;;9933.0;0.0
yf_ZS=F_d2;1600;INTARIAN_PEPPER_ROOT;12915;12;12913;13;;;12922;5;12926;17;;;12918.5;0.0
yf_ZS=F_d2;1700;ASH_COATED_OSMIUM;9931;8;9928;21;;;9937;12;9940;15;;;9934.0;0.0
yf_ZS=F_d2;1700;INTARIAN_PEPPER_ROOT;12910;17;12906;19;;;12916;8;12919;22;;;12913.0;0.0
yf_ZS=F_d2;1800;ASH_COATED_OSMIUM;9929;8;9927;26;;;9939;12;9942;13;;;9934.0;0.0
yf_ZS=F_d2;1800;INTARIAN_PEPPER_ROOT;12904;6;12901;25;;;12910;9;12912;21;;;12907.0;0.0
yf_ZS=F_d2;1900;ASH_COATED_OSMIUM;9930;14;9926;24;;;9936;13;9938;16;;;9933.0;0.0
yf_ZS=F_d2;1900;INTARIAN_PEPPER_ROOT;12899;14;12896;18;;;12905;14;12907;27;;;12902.0;0.0
yf_ZS=F_d2;2000;ASH_COATED_OSMIUM;9931;27;9929;18;;;9937;5;9939;22;;;9934.0;0.0
yf_ZS=F_d2;2000;INTARIAN_PEPPER_ROOT;12894;15;12892;20;;;12900;5;12904;21;;;12897.0;0.0
yf_ZS=F_d2;2100;ASH_COATED_OSMIUM;9926;7;9922;19;;;9941;18;9943;8;;;9933.5;0.0
yf_ZS=F_d2;2100;INTARIAN_PEPPER_ROOT;12890;8;12886;21;;;12896;12;12898;28;;;12893.0;0.0
yf_ZS=F_d2;2200;ASH_COATED_OSMIUM;9931;17;9929;21;;;9937;11;9941;20;;;9934.0;0.0
yf_ZS=F_d2;2200;INTARIAN_PEPPER_ROOT;12882;17;12879;12;;;12892;5;12896;20;;;12887.0;0.0
yf_ZS=F_d2;2300;ASH_COATED_OSMIUM;9930;12;9928;27;;;9936;20;9938;20;;;9933.0;0.0
yf_ZS=F_d2;2300;INTARIAN_PEPPER_ROOT;12880;16;12878;11;;;12886;12;12890;12;;;12883.0;0.0
yf_ZS=F_d2;2400;ASH_COATED_OSMIUM;9924;22;9920;15;;;9942;19;9946;28;;;9933.0;0.0
yf_ZS=F_d2;2400;INTARIAN_PEPPER_ROOT;12873;17;12871;13;;;12879;25;12883;25;;;12876.0;0.0
yf_ZS=F_d2;2500;ASH_COATED_OSMIUM;9931;8;9928;23;;;9937;19;9939;20;;;9934.0;0.0
yf_ZS=F_d2;2500;INTARIAN_PEPPER_ROOT;12867;9;12863;21;;;12876;13;12880;23;;;12871.5;0.0
yf_ZS=F_d2;2600;ASH_COATED_OSMIUM;9915;13;9911;21;;;9952;16;9954;20;;;9933.5;0.0
yf_ZS=F_d2;2600;INTARIAN_PEPPER_ROOT;12864;11;12862;16;;;12870;15;12874;15;;;12867.0;0.0
yf_ZS=F_d2;2700;ASH_COATED_OSMIUM;9928;19;9926;26;;;9939;8;9943;18;;;9933.5;0.0
yf_ZS=F_d2;2700;INTARIAN_PEPPER_ROOT;12859;9;12855;20;;;12865;5;12869;17;;;12862.0;0.0
yf_ZS=F_d2;2800;ASH_COATED_OSMIUM;9919;11;9915;23;;;9948;17;9952;29;;;9933.5;0.0
yf_ZS=F_d2;2800;INTARIAN_PEPPER_ROOT;12854;19;12852;19;;;12860;8;12864;19;;;12857.0;0.0
yf_ZS=F_d2;2900;ASH_COATED_OSMIUM;9931;16;9928;32;;;9937;8;9939;16;;;9934.0;0.0
yf_ZS=F_d2;2900;INTARIAN_PEPPER_ROOT;12848;13;12845;13;;;12854;21;12856;28;;;12851.0;0.0
yf_ZS=F_d2;3000;ASH_COATED_OSMIUM;9917;10;9915;24;;;9952;15;9956;25;;;9934.5;0.0
yf_ZS=F_d2;3000;INTARIAN_PEPPER_ROOT;12843;13;12841;28;;;12850;8;12854;10;;;12846.5;0.0
yf_ZS=F_d2;3100;ASH_COATED_OSMIUM;9922;16;9919;31;;;9947;17;9949;21;;;9934.5;0.0
yf_ZS=F_d2;3100;INTARIAN_PEPPER_ROOT;12828;14;12825;16;;;12854;19;12856;17;;;12841.0;0.0
yf_ZS=F_d2;3200;ASH_COATED_OSMIUM;9926;6;9924;19;;;9941;18;9945;20;;;9933.5;0.0
yf_ZS=F_d2;3200;INTARIAN_PEPPER_ROOT;12832;14;12829;22;;;12839;11;12843;22;;;12835.5;0.0
yf_ZS=F_d2;3300;ASH_COATED_OSMIUM;9926;13;9924;26;;;9942;9;9944;18;;;9934.0;0.0
yf_ZS=F_d2;3300;INTARIAN_PEPPER_ROOT;12828;21;12826;27;;;12834;5;12837;17;;;12831.0;0.0
yf_ZS=F_d2;3400;ASH_COATED_OSMIUM;9928;12;9926;19;;;9940;12;9944;15;;;9934.0;0.0
yf_ZS=F_d2;3400;INTARIAN_PEPPER_ROOT;12821;19;12817;13;;;12831;17;12835;18;;;12826.0;0.0
yf_ZS=F_d2;3500;ASH_COATED_OSMIUM;9926;8;9923;28;;;9942;15;9946;22;;;9934.0;0.0
yf_ZS=F_d2;3500;INTARIAN_PEPPER_ROOT;12818;10;12816;17;;;12824;10;12828;8;;;12821.0;0.0
yf_ZS=F_d2;3600;ASH_COATED_OSMIUM;9931;15;9927;13;;;9937;18;9939;16;;;9934.0;0.0
yf_ZS=F_d2;3600;INTARIAN_PEPPER_ROOT;12807;12;12805;26;;;12825;27;12827;15;;;12816.0;0.0
yf_ZS=F_d2;3700;ASH_COATED_OSMIUM;9930;13;9927;13;;;9939;5;9942;12;;;9934.5;0.0
yf_ZS=F_d2;3700;INTARIAN_PEPPER_ROOT;12808;13;12805;27;;;12814;12;12816;12;;;12811.0;0.0
yf_ZS=F_d2;3800;ASH_COATED_OSMIUM;9931;17;9929;20;;;9938;7;9942;18;;;9934.5;0.0
yf_ZS=F_d2;3800;INTARIAN_PEPPER_ROOT;12802;8;12799;18;;;12808;7;12811;8;;;12805.0;0.0
yf_ZS=F_d2;3900;ASH_COATED_OSMIUM;9931;5;9927;17;;;9939;11;9942;17;;;9935.0;0.0
yf_ZS=F_d2;3900;INTARIAN_PEPPER_ROOT;12788;10;12785;20;;;12812;22;12815;24;;;12800.0;0.0
yf_ZS=F_d2;4000;ASH_COATED_OSMIUM;9931;20;9927;19;;;9937;19;9940;15;;;9934.0;0.0
yf_ZS=F_d2;4000;INTARIAN_PEPPER_ROOT;12792;9;12790;20;;;12798;13;12802;11;;;12795.0;0.0
yf_ZS=F_d2;4100;ASH_COATED_OSMIUM;9931;19;9929;27;;;9937;19;9941;22;;;9934.0;0.0
yf_ZS=F_d2;4100;INTARIAN_PEPPER_ROOT;12782;20;12779;11;;;12799;10;12801;20;;;12790.5;0.0
yf_ZS=F_d2;4200;ASH_COATED_OSMIUM;9931;11;9927;21;;;9937;17;9940;22;;;9934.0;0.0
yf_ZS=F_d2;4200;INTARIAN_PEPPER_ROOT;12782;14;12779;8;;;12788;18;12791;22;;;12785.0;0.0
yf_ZS=F_d2;4300;ASH_COATED_OSMIUM;9931;14;9929;21;;;9937;14;9941;17;;;9934.0;0.0
yf_ZS=F_d2;4300;INTARIAN_PEPPER_ROOT;12769;18;12766;11;;;12791;11;12795;16;;;12780.0;0.0
yf_ZS=F_d2;4400;ASH_COATED_OSMIUM;9931;16;9929;26;;;9938;5;9942;21;;;9934.5;0.0
yf_ZS=F_d2;4400;INTARIAN_PEPPER_ROOT;12770;12;12767;20;;;12779;11;12782;20;;;12774.5;0.0
yf_ZS=F_d2;4500;ASH_COATED_OSMIUM;9931;13;9927;22;;;9937;17;9939;16;;;9934.0;0.0
yf_ZS=F_d2;4500;INTARIAN_PEPPER_ROOT;12767;18;12764;16;;;12773;21;12775;22;;;12770.0;0.0
yf_ZS=F_d2;4600;ASH_COATED_OSMIUM;9931;11;9929;27;;;9937;15;9940;20;;;9934.0;0.0
yf_ZS=F_d2;4600;INTARIAN_PEPPER_ROOT;12762;14;12760;9;;;12768;5;12772;22;;;12765.0;0.0
yf_ZS=F_d2;4700;ASH_COATED_OSMIUM;9931;15;9928;18;;;9937;19;9941;11;;;9934.0;0.0
yf_ZS=F_d2;4700;INTARIAN_PEPPER_ROOT;12754;10;12750;18;;;12765;14;12769;24;;;12759.5;0.0
yf_ZS=F_d2;4800;ASH_COATED_OSMIUM;9932;12;9928;31;;;9938;11;9942;18;;;9935.0;0.0
yf_ZS=F_d2;4800;INTARIAN_PEPPER_ROOT;12749;14;12747;20;;;12761;9;12765;21;;;12755.0;0.0
yf_ZS=F_d2;4900;ASH_COATED_OSMIUM;9931;5;9929;19;;;9937;15;9939;22;;;9934.0;0.0
yf_ZS=F_d2;4900;INTARIAN_PEPPER_ROOT;12746;23;12743;19;;;12752;15;12756;19;;;12749.0;0.0
yf_ZS=F_d2;5000;ASH_COATED_OSMIUM;9929;14;9925;10;;;9941;18;9945;25;;;9935.0;0.0
yf_ZS=F_d2;5000;INTARIAN_PEPPER_ROOT;12739;10;12737;23;;;12748;17;12751;20;;;12743.5;0.0
yf_ZS=F_d2;5100;ASH_COATED_OSMIUM;9931;12;9927;23;;;9937;11;9941;20;;;9934.0;0.0
yf_ZS=F_d2;5100;INTARIAN_PEPPER_ROOT;12732;17;12729;23;;;12746;8;12748;19;;;12739.0;0.0
yf_ZS=F_d2;5200;ASH_COATED_OSMIUM;9931;23;9928;26;;;9937;14;9940;17;;;9934.0;0.0
yf_ZS=F_d2;5200;INTARIAN_PEPPER_ROOT;12731;15;12728;16;;;12737;11;12739;22;;;12734.0;0.0
yf_ZS=F_d2;5300;ASH_COATED_OSMIUM;9932;12;9930;23;;;9938;16;9941;17;;;9935.0;0.0
yf_ZS=F_d2;5300;INTARIAN_PEPPER_ROOT;12726;11;12724;15;;;12732;9;12734;24;;;12729.0;0.0
yf_ZS=F_d2;5400;ASH_COATED_OSMIUM;9931;8;9927;17;;;9937;10;9939;27;;;9934.0;0.0
yf_ZS=F_d2;5400;INTARIAN_PEPPER_ROOT;12720;12;12716;13;;;12726;10;12728;23;;;12723.0;0.0
yf_ZS=F_d2;5500;ASH_COATED_OSMIUM;9929;20;9927;21;;;9941;15;9943;19;;;9935.0;0.0
yf_ZS=F_d2;5500;INTARIAN_PEPPER_ROOT;12711;13;12707;20;;;12725;20;12727;23;;;12718.0;0.0
yf_ZS=F_d2;5600;ASH_COATED_OSMIUM;9932;15;9930;19;;;9938;18;9942;16;;;9935.0;0.0
yf_ZS=F_d2;5600;INTARIAN_PEPPER_ROOT;12708;17;12706;18;;;12718;16;12720;16;;;12713.0;0.0
yf_ZS=F_d2;5700;ASH_COATED_OSMIUM;9932;19;9929;12;;;9938;13;9942;16;;;9935.0;0.0
yf_ZS=F_d2;5700;INTARIAN_PEPPER_ROOT;12705;11;12701;13;;;12711;25;12713;19;;;12708.0;0.0
yf_ZS=F_d2;5800;ASH_COATED_OSMIUM;9928;13;9926;21;;;9941;14;9943;15;;;9934.5;0.0
yf_ZS=F_d2;5800;INTARIAN_PEPPER_ROOT;12696;12;12692;21;;;12710;17;12713;23;;;12703.0;0.0
yf_ZS=F_d2;5900;ASH_COATED_OSMIUM;9932;16;9930;21;;;9938;5;9940;19;;;9935.0;0.0
yf_ZS=F_d2;5900;INTARIAN_PEPPER_ROOT;12695;16;12693;20;;;12701;20;12703;17;;;12698.0;0.0
yf_ZS=F_d2;6000;ASH_COATED_OSMIUM;9928;15;9925;23;;;9942;15;9946;20;;;9935.0;0.0
yf_ZS=F_d2;6000;INTARIAN_PEPPER_ROOT;12690;16;12686;18;;;12696;19;12698;15;;;12693.0;0.0
yf_ZS=F_d2;6100;ASH_COATED_OSMIUM;9925;11;9923;21;;;9945;19;9949;10;;;9935.0;0.0
yf_ZS=F_d2;6100;INTARIAN_PEPPER_ROOT;12679;17;12675;16;;;12695;26;12699;29;;;12687.0;0.0
yf_ZS=F_d2;6200;ASH_COATED_OSMIUM;9932;12;9928;14;;;9938;11;9940;22;;;9935.0;0.0
yf_ZS=F_d2;6200;INTARIAN_PEPPER_ROOT;12679;18;12677;21;;;12685;18;12689;26;;;12682.0;0.0
yf_ZS=F_d2;6300;ASH_COATED_OSMIUM;9931;17;9929;22;;;9937;16;9941;17;;;9934.0;0.0
yf_ZS=F_d2;6300;INTARIAN_PEPPER_ROOT;12673;7;12671;18;;;12681;17;12684;19;;;12677.0;0.0
yf_ZS=F_d2;6400;ASH_COATED_OSMIUM;9922;17;9919;22;;;9946;5;9949;19;;;9934.0;0.0
yf_ZS=F_d2;6400;INTARIAN_PEPPER_ROOT;12669;17;12666;20;;;12675;6;12677;11;;;12672.0;0.0
yf_ZS=F_d2;6500;ASH_COATED_OSMIUM;9927;9;9923;24;;;9942;5;9945;17;;;9934.5;0.0
yf_ZS=F_d2;6500;INTARIAN_PEPPER_ROOT;12662;8;12660;18;;;12674;10;12677;13;;;12668.0;0.0
yf_ZS=F_d2;6600;ASH_COATED_OSMIUM;9931;14;9929;23;;;9937;15;9939;21;;;9934.0;0.0
yf_ZS=F_d2;6600;INTARIAN_PEPPER_ROOT;12659;21;12657;20;;;12665;14;12668;15;;;12662.0;0.0
yf_ZS=F_d2;6700;ASH_COATED_OSMIUM;9922;19;9919;14;;;9948;12;9952;22;;;9935.0;0.0
yf_ZS=F_d2;6700;INTARIAN_PEPPER_ROOT;12655;11;12653;17;;;12661;12;12665;17;;;12658.0;0.0
yf_ZS=F_d2;6800;ASH_COATED_OSMIUM;9930;19;9927;20;;;9939;10;9943;18;;;9934.5;0.0
yf_ZS=F_d2;6800;INTARIAN_PEPPER_ROOT;12649;14;12647;12;;;12655;7;12658;17;;;12652.0;0.0
yf_ZS=F_d2;6900;ASH_COATED_OSMIUM;9920;12;9918;22;;;9950;5;9954;17;;;9935.0;0.0
yf_ZS=F_d2;6900;INTARIAN_PEPPER_ROOT;12639;12;12636;18;;;12656;18;12660;21;;;12647.5;0.0
yf_ZS=F_d2;7000;ASH_COATED_OSMIUM;9929;20;9927;15;;;9940;9;9943;18;;;9934.5;0.0
yf_ZS=F_d2;7000;INTARIAN_PEPPER_ROOT;12634;8;12632;19;;;12649;14;12652;19;;;12641.5;0.0
yf_ZS=F_d2;7100;ASH_COATED_OSMIUM;9932;11;9930;19;;;9938;13;9942;14;;;9935.0;0.0
yf_ZS=F_d2;7100;INTARIAN_PEPPER_ROOT;12633;17;12631;16;;;12639;13;12643;26;;;12636.0;0.0
yf_ZS=F_d2;7200;ASH_COATED_OSMIUM;9930;12;9927;25;;;9939;22;9941;17;;;9934.5;0.0
yf_ZS=F_d2;7200;INTARIAN_PEPPER_ROOT;12629;15;12627;14;;;12635;13;12637;23;;;12632.0;0.0
yf_ZS=F_d2;7300;ASH_COATED_OSMIUM;9932;17;9930;14;;;9938;9;9941;23;;;9935.0;0.0
yf_ZS=F_d2;7300;INTARIAN_PEPPER_ROOT;12616;18;12612;19;;;12636;11;12640;16;;;12626.0;0.0
yf_ZS=F_d2;7400;ASH_COATED_OSMIUM;9932;18;9928;23;;;9938;19;9941;28;;;9935.0;0.0
yf_ZS=F_d2;7400;INTARIAN_PEPPER_ROOT;12618;5;12615;28;;;12624;7;12628;25;;;12621.0;0.0
yf_ZS=F_d2;7500;ASH_COATED_OSMIUM;9932;14;9929;22;;;9938;14;9940;19;;;9935.0;0.0
yf_ZS=F_d2;7500;INTARIAN_PEPPER_ROOT;12613;14;12610;14;;;12619;11;12622;21;;;12616.0;0.0
yf_ZS=F_d2;7600;ASH_COATED_OSMIUM;9932;15;9929;20;;;9938;10;9942;11;;;9935.0;0.0
yf_ZS=F_d2;7600;INTARIAN_PEPPER_ROOT;12605;11;12603;21;;;12618;14;12622;29;;;12611.5;0.0
yf_ZS=F_d2;7700;ASH_COATED_OSMIUM;9930;5;9927;12;;;9940;11;9944;14;;;9935.0;0.0
yf_ZS=F_d2;7700;INTARIAN_PEPPER_ROOT;12603;18;12599;16;;;12609;12;12613;15;;;12606.0;0.0
yf_ZS=F_d2;7800;ASH_COATED_OSMIUM;9931;8;9927;9;;;9939;18;9942;19;;;9935.0;0.0
yf_ZS=F_d2;7800;INTARIAN_PEPPER_ROOT;12596;7;12593;15;;;12606;14;12610;24;;;12601.0;0.0
yf_ZS=F_d2;7900;ASH_COATED_OSMIUM;9928;19;9924;16;;;9942;13;9944;22;;;9935.0;0.0
yf_ZS=F_d2;7900;INTARIAN_PEPPER_ROOT;12575;5;12573;20;;;12616;13;12619;14;;;12595.5;0.0
yf_ZS=F_d2;8000;ASH_COATED_OSMIUM;9925;13;9921;20;;;9945;20;9947;15;;;9935.0;0.0
yf_ZS=F_d2;8000;INTARIAN_PEPPER_ROOT;12583;16;12581;17;;;12599;14;12601;14;;;12591.0;0.0
yf_ZS=F_d2;8100;ASH_COATED_OSMIUM;9932;14;9929;22;;;9938;14;9940;30;;;9935.0;0.0
yf_ZS=F_d2;8100;INTARIAN_PEPPER_ROOT;12582;24;12578;8;;;12589;10;12591;18;;;12585.5;0.0
yf_ZS=F_d2;8200;ASH_COATED_OSMIUM;9932;8;9928;19;;;9938;20;9941;15;;;9935.0;0.0
yf_ZS=F_d2;8200;INTARIAN_PEPPER_ROOT;12577;10;12573;19;;;12584;24;12587;26;;;12580.5;0.0
yf_ZS=F_d2;8300;ASH_COATED_OSMIUM;9930;9;9928;8;;;9940;20;9944;14;;;9935.0;0.0
yf_ZS=F_d2;8300;INTARIAN_PEPPER_ROOT;12572;16;12570;20;;;12578;14;12580;19;;;12575.0;0.0
yf_ZS=F_d2;8400;ASH_COATED_OSMIUM;9932;22;9928;21;;;9938;10;9942;12;;;9935.0;0.0
yf_ZS=F_d2;8400;INTARIAN_PEPPER_ROOT;12567;13;12564;25;;;12574;17;12577;20;;;12570.5;0.0
yf_ZS=F_d2;8500;ASH_COATED_OSMIUM;9933;8;9929;14;;;9939;23;9942;23;;;9936.0;0.0
yf_ZS=F_d2;8500;INTARIAN_PEPPER_ROOT;12562;11;12560;16;;;12568;18;12571;16;;;12565.0;0.0
yf_ZS=F_d2;8600;ASH_COATED_OSMIUM;9932;18;9928;23;;;9938;17;9941;19;;;9935.0;0.0
yf_ZS=F_d2;8600;INTARIAN_PEPPER_ROOT;12557;16;12555;23;;;12563;13;12565;17;;;12560.0;0.0
yf_ZS=F_d2;8700;ASH_COATED_OSMIUM;9930;25;9928;19;;;9941;14;9944;14;;;9935.5;0.0
yf_ZS=F_d2;8700;INTARIAN_PEPPER_ROOT;12541;21;12538;22;;;12567;17;12570;11;;;12554.0;0.0
yf_ZS=F_d2;8800;ASH_COATED_OSMIUM;9933;18;9930;16;;;9939;16;9942;25;;;9936.0;0.0
yf_ZS=F_d2;8800;INTARIAN_PEPPER_ROOT;12545;16;12542;16;;;12556;18;12560;22;;;12550.5;0.0
yf_ZS=F_d2;8900;ASH_COATED_OSMIUM;9932;5;9929;8;;;9938;11;9940;27;;;9935.0;0.0
yf_ZS=F_d2;8900;INTARIAN_PEPPER_ROOT;12540;16;12537;18;;;12550;16;12554;20;;;12545.0;0.0
yf_ZS=F_d2;9000;ASH_COATED_OSMIUM;9931;23;9929;16;;;9940;15;9944;21;;;9935.5;0.0
yf_ZS=F_d2;9000;INTARIAN_PEPPER_ROOT;12528;21;12525;12;;;12551;12;12553;13;;;12539.5;0.0
yf_ZS=F_d2;9100;ASH_COATED_OSMIUM;9929;11;9926;22;;;9942;9;9944;24;;;9935.5;0.0
yf_ZS=F_d2;9100;INTARIAN_PEPPER_ROOT;12531;15;12528;18;;;12537;21;12540;13;;;12534.0;0.0
yf_ZS=F_d2;9200;ASH_COATED_OSMIUM;9933;23;9931;27;;;9939;5;9942;27;;;9936.0;0.0
yf_ZS=F_d2;9200;INTARIAN_PEPPER_ROOT;12519;13;12517;23;;;12540;5;12544;27;;;12529.5;0.0
yf_ZS=F_d2;9300;ASH_COATED_OSMIUM;9933;12;9929;13;;;9939;9;9941;8;;;9936.0;0.0
yf_ZS=F_d2;9300;INTARIAN_PEPPER_ROOT;12521;12;12517;28;;;12527;13;12531;19;;;12524.0;0.0
yf_ZS=F_d2;9400;ASH_COATED_OSMIUM;9932;9;9928;24;;;9938;13;9940;19;;;9935.0;0.0
yf_ZS=F_d2;9400;INTARIAN_PEPPER_ROOT;12516;25;12514;29;;;12522;22;12524;22;;;12519.0;0.0
yf_ZS=F_d2;9500;ASH_COATED_OSMIUM;9932;17;9928;27;;;9938;6;9941;30;;;9935.0;0.0
yf_ZS=F_d2;9500;INTARIAN_PEPPER_ROOT;12510;23;12506;16;;;12517;11;12520;11;;;12513.5;0.0
yf_ZS=F_d2;9600;ASH_COATED_OSMIUM;9932;13;9928;23;;;9938;12;9941;23;;;9935.0;0.0
yf_ZS=F_d2;9600;INTARIAN_PEPPER_ROOT;12506;13;12502;21;;;12512;5;12514;11;;;12509.0;0.0
yf_ZS=F_d2;9700;ASH_COATED_OSMIUM;9931;8;9927;25;;;9940;19;9942;14;;;9935.5;0.0
yf_ZS=F_d2;9700;INTARIAN_PEPPER_ROOT;12501;19;12498;12;;;12507;15;12511;17;;;12504.0;0.0
yf_ZS=F_d2;9800;ASH_COATED_OSMIUM;9931;21;9929;14;;;9939;19;9941;18;;;9935.0;0.0
yf_ZS=F_d2;9800;INTARIAN_PEPPER_ROOT;12495;13;12493;25;;;12502;11;12504;18;;;12498.5;0.0
yf_ZS=F_d2;9900;ASH_COATED_OSMIUM;9932;12;9930;25;;;9938;9;9941;21;;;9935.0;0.0
yf_ZS=F_d2;9900;INTARIAN_PEPPER_ROOT;12487;21;12484;24;;;12500;11;12502;22;;;12493.5;0.0
yf_ZS=F_d2;10000;ASH_COATED_OSMIUM;9933;18;9931;12;;;9939;17;9942;26;;;9936.0;0.0
yf_ZS=F_d2;10000;INTARIAN_PEPPER_ROOT;12486;9;12483;16;;;12492;19;12494;22;;;12489.0;0.0
yf_ZS=F_d2;10100;ASH_COATED_OSMIUM;9925;5;9922;19;;;9947;11;9951;27;;;9936.0;0.0
yf_ZS=F_d2;10100;INTARIAN_PEPPER_ROOT;12480;16;12476;28;;;12486;20;12490;18;;;12483.0;0.0
yf_ZS=F_d2;10200;ASH_COATED_OSMIUM;9933;13;9929;26;;;9939;12;9943;14;;;9936.0;0.0
yf_ZS=F_d2;10200;INTARIAN_PEPPER_ROOT;12476;19;12474;22;;;12482;7;12486;16;;;12479.0;0.0
yf_ZS=F_d2;10300;ASH_COATED_OSMIUM;9933;9;9931;14;;;9939;15;9942;24;;;9936.0;0.0
yf_ZS=F_d2;10300;INTARIAN_PEPPER_ROOT;12470;10;12467;21;;;12477;14;12480;21;;;12473.5;0.0
yf_ZS=F_d2;10400;ASH_COATED_OSMIUM;9933;16;9931;16;;;9939;16;9941;26;;;9936.0;0.0
yf_ZS=F_d2;10400;INTARIAN_PEPPER_ROOT;12465;9;12462;23;;;12471;21;12474;25;;;12468.0;0.0
yf_ZS=F_d2;10500;ASH_COATED_OSMIUM;9930;15;9928;25;;;9942;13;9945;21;;;9936.0;0.0
yf_ZS=F_d2;10500;INTARIAN_PEPPER_ROOT;12460;14;12458;18;;;12466;17;12470;16;;;12463.0;0.0
yf_ZS=F_d2;10600;ASH_COATED_OSMIUM;9933;21;9929;16;;;9939;7;9942;18;;;9936.0;0.0
yf_ZS=F_d2;10600;INTARIAN_PEPPER_ROOT;12455;24;12451;21;;;12461;22;12464;22;;;12458.0;0.0
yf_ZS=F_d2;10700;ASH_COATED_OSMIUM;9921;14;9917;28;;;9951;5;9953;27;;;9936.0;0.0
yf_ZS=F_d2;10700;INTARIAN_PEPPER_ROOT;12442;18;12438;19;;;12463;16;12467;13;;;12452.5;0.0
yf_ZS=F_d2;10800;ASH_COATED_OSMIUM;9933;12;9931;21;;;9939;13;9941;10;;;9936.0;0.0
yf_ZS=F_d2;10800;INTARIAN_PEPPER_ROOT;12445;14;12443;16;;;12451;15;12454;13;;;12448.0;0.0
yf_ZS=F_d2;10900;ASH_COATED_OSMIUM;9933;15;9930;26;;;9939;8;9943;17;;;9936.0;0.0
yf_ZS=F_d2;10900;INTARIAN_PEPPER_ROOT;12438;7;12436;19;;;12447;8;12449;28;;;12442.5;0.0
yf_ZS=F_d2;11000;ASH_COATED_OSMIUM;9932;17;9930;19;;;9939;12;9942;14;;;9935.5;0.0
yf_ZS=F_d2;11000;INTARIAN_PEPPER_ROOT;12435;23;12433;12;;;12441;15;12444;20;;;12438.0;0.0
yf_ZS=F_d2;11100;ASH_COATED_OSMIUM;9933;15;9931;29;;;9939;13;9943;18;;;9936.0;0.0
yf_ZS=F_d2;11100;INTARIAN_PEPPER_ROOT;12429;13;12426;17;;;12435;9;12439;12;;;12432.0;0.0
yf_ZS=F_d2;11200;ASH_COATED_OSMIUM;9933;6;9929;23;;;9939;7;9942;25;;;9936.0;0.0
yf_ZS=F_d2;11200;INTARIAN_PEPPER_ROOT;12425;13;12422;30;;;12431;25;12434;23;;;12428.0;0.0
yf_ZS=F_d2;11300;ASH_COATED_OSMIUM;9931;13;9927;20;;;9940;16;9944;21;;;9935.5;0.0
yf_ZS=F_d2;11300;INTARIAN_PEPPER_ROOT;12419;5;12415;20;;;12425;17;12427;35;;;12422.0;0.0
yf_ZS=F_d2;11400;ASH_COATED_OSMIUM;9933;12;9931;12;;;9939;10;9943;26;;;9936.0;0.0
yf_ZS=F_d2;11400;INTARIAN_PEPPER_ROOT;12414;17;12410;27;;;12420;13;12424;19;;;12417.0;0.0
yf_ZS=F_d2;11500;ASH_COATED_OSMIUM;9933;21;9931;16;;;9939;20;9942;26;;;9936.0;0.0
yf_ZS=F_d2;11500;INTARIAN_PEPPER_ROOT;12407;21;12404;20;;;12417;8;12420;20;;;12412.0;0.0
yf_ZS=F_d2;11600;ASH_COATED_OSMIUM;9933;18;9930;19;;;9939;12;9941;17;;;9936.0;0.0
yf_ZS=F_d2;11600;INTARIAN_PEPPER_ROOT;12404;17;12400;14;;;12410;16;12413;13;;;12407.0;0.0
yf_ZS=F_d2;11700;ASH_COATED_OSMIUM;9933;15;9931;8;;;9939;14;9943;26;;;9936.0;0.0
yf_ZS=F_d2;11700;INTARIAN_PEPPER_ROOT;12392;26;12389;18;;;12412;20;12415;22;;;12402.0;0.0
yf_ZS=F_d2;11800;ASH_COATED_OSMIUM;9933;18;9931;23;;;9939;15;9942;21;;;9936.0;0.0
yf_ZS=F_d2;11800;INTARIAN_PEPPER_ROOT;12393;22;12389;27;;;12400;13;12404;21;;;12396.5;0.0
yf_ZS=F_d2;11900;ASH_COATED_OSMIUM;9925;22;9921;25;;;9949;13;9951;23;;;9937.0;0.0
yf_ZS=F_d2;11900;INTARIAN_PEPPER_ROOT;12388;18;12386;26;;;12394;13;12398;26;;;12391.0;0.0
yf_ZS=F_d2;12000;ASH_COATED_OSMIUM;9933;13;9930;18;;;9939;9;9943;16;;;9936.0;0.0
yf_ZS=F_d2;12000;INTARIAN_PEPPER_ROOT;12382;6;12379;21;;;12390;14;12393;21;;;12386.0;0.0
yf_ZS=F_d2;12100;ASH_COATED_OSMIUM;9932;21;9929;33;;;9942;5;9946;17;;;9937.0;0.0
yf_ZS=F_d2;12100;INTARIAN_PEPPER_ROOT;12378;21;12374;13;;;12384;12;12386;26;;;12381.0;0.0
yf_ZS=F_d2;12200;ASH_COATED_OSMIUM;9925;16;9921;21;;;9949;5;9953;13;;;9937.0;0.0
yf_ZS=F_d2;12200;INTARIAN_PEPPER_ROOT;12373;11;12370;28;;;12379;12;12383;17;;;12376.0;0.0
yf_ZS=F_d2;12300;ASH_COATED_OSMIUM;9933;20;9930;16;;;9941;23;9945;16;;;9937.0;0.0
yf_ZS=F_d2;12300;INTARIAN_PEPPER_ROOT;12363;10;12359;16;;;12379;15;12382;27;;;12371.0;0.0
yf_ZS=F_d2;12400;ASH_COATED_OSMIUM;9933;11;9930;23;;;9939;16;9943;17;;;9936.0;0.0
yf_ZS=F_d2;12400;INTARIAN_PEPPER_ROOT;12361;13;12358;19;;;12371;9;12373;26;;;12366.0;0.0
yf_ZS=F_d2;12500;ASH_COATED_OSMIUM;9929;12;9925;18;;;9945;5;9947;23;;;9937.0;0.0
yf_ZS=F_d2;12500;INTARIAN_PEPPER_ROOT;12358;15;12354;19;;;12365;16;12367;19;;;12361.5;0.0
yf_ZS=F_d2;12600;ASH_COATED_OSMIUM;9934;11;9932;11;;;9940;17;9942;14;;;9937.0;0.0
yf_ZS=F_d2;12600;INTARIAN_PEPPER_ROOT;12351;17;12349;18;;;12361;15;12363;18;;;12356.0;0.0
yf_ZS=F_d2;12700;ASH_COATED_OSMIUM;9933;11;9929;28;;;9939;16;9943;8;;;9936.0;0.0
yf_ZS=F_d2;12700;INTARIAN_PEPPER_ROOT;12338;12;12335;19;;;12363;24;12367;24;;;12350.5;0.0
yf_ZS=F_d2;12800;ASH_COATED_OSMIUM;9933;11;9931;19;;;9940;13;9942;16;;;9936.5;0.0
yf_ZS=F_d2;12800;INTARIAN_PEPPER_ROOT;12339;19;12336;18;;;12353;16;12355;17;;;12346.0;0.0
yf_ZS=F_d2;12900;ASH_COATED_OSMIUM;9931;12;9928;26;;;9943;7;9947;21;;;9937.0;0.0
yf_ZS=F_d2;12900;INTARIAN_PEPPER_ROOT;12331;13;12329;8;;;12349;12;12353;27;;;12340.0;0.0
yf_ZS=F_d2;13000;ASH_COATED_OSMIUM;9933;7;9931;9;;;9939;14;9942;26;;;9936.0;0.0
yf_ZS=F_d2;13000;INTARIAN_PEPPER_ROOT;12328;13;12325;12;;;12342;19;12345;24;;;12335.0;0.0
yf_ZS=F_d2;13100;ASH_COATED_OSMIUM;9934;19;9932;10;;;9940;16;9944;8;;;9937.0;0.0
yf_ZS=F_d2;13100;INTARIAN_PEPPER_ROOT;12325;12;12323;25;;;12335;12;12337;15;;;12330.0;0.0
yf_ZS=F_d2;13200;ASH_COATED_OSMIUM;9934;16;9932;21;;;9940;9;9943;15;;;9937.0;0.0
yf_ZS=F_d2;13200;INTARIAN_PEPPER_ROOT;12321;16;12317;24;;;12327;18;12331;22;;;12324.0;0.0
yf_ZS=F_d2;13300;ASH_COATED_OSMIUM;9931;13;9929;19;;;9941;15;9943;16;;;9936.0;0.0
yf_ZS=F_d2;13300;INTARIAN_PEPPER_ROOT;12317;19;12315;12;;;12324;17;12327;29;;;12320.5;0.0
yf_ZS=F_d2;13400;ASH_COATED_OSMIUM;9934;20;9931;20;;;9940;13;9944;16;;;9937.0;0.0
yf_ZS=F_d2;13400;INTARIAN_PEPPER_ROOT;12312;20;12309;12;;;12318;16;12322;13;;;12315.0;0.0
yf_ZS=F_d2;13500;ASH_COATED_OSMIUM;9934;25;9931;25;;;9940;13;9943;25;;;9937.0;0.0
yf_ZS=F_d2;13500;INTARIAN_PEPPER_ROOT;12302;17;12300;17;;;12318;23;12321;21;;;12310.0;0.0
yf_ZS=F_d2;13600;ASH_COATED_OSMIUM;9930;14;9927;29;;;9943;15;9946;15;;;9936.5;0.0
yf_ZS=F_d2;13600;INTARIAN_PEPPER_ROOT;12301;16;12297;18;;;12307;17;12311;11;;;12304.0;0.0
yf_ZS=F_d2;13700;ASH_COATED_OSMIUM;9934;19;9931;23;;;9941;12;9945;15;;;9937.5;0.0
yf_ZS=F_d2;13700;INTARIAN_PEPPER_ROOT;12297;25;12294;15;;;12303;10;12306;18;;;12300.0;0.0
yf_ZS=F_d2;13800;ASH_COATED_OSMIUM;9933;22;9930;10;;;9939;5;9942;19;;;9936.0;0.0
yf_ZS=F_d2;13800;INTARIAN_PEPPER_ROOT;12287;12;12285;22;;;12301;19;12304;15;;;12294.0;0.0
yf_ZS=F_d2;13900;ASH_COATED_OSMIUM;9934;11;9931;23;;;9940;12;9942;18;;;9937.0;0.0
yf_ZS=F_d2;13900;INTARIAN_PEPPER_ROOT;12286;19;12282;17;;;12292;18;12296;16;;;12289.0;0.0
yf_ZS=F_d2;14000;ASH_COATED_OSMIUM;9931;11;9927;15;;;9944;24;9948;19;;;9937.5;0.0
yf_ZS=F_d2;14000;INTARIAN_PEPPER_ROOT;12282;18;12280;23;;;12288;21;12291;19;;;12285.0;0.0
yf_ZS=F_d2;14100;ASH_COATED_OSMIUM;9934;16;9930;23;;;9940;19;9942;23;;;9937.0;0.0
yf_ZS=F_d2;14100;INTARIAN_PEPPER_ROOT;12276;18;12273;21;;;12282;15;12286;15;;;12279.0;0.0
yf_ZS=F_d2;14200;ASH_COATED_OSMIUM;9934;28;9930;9;;;9940;7;9943;17;;;9937.0;0.0
yf_ZS=F_d2;14200;INTARIAN_PEPPER_ROOT;12268;17;12264;17;;;12279;23;12283;21;;;12273.5;0.0
yf_ZS=F_d2;14300;ASH_COATED_OSMIUM;9927;16;9924;10;;;9948;8;9952;18;;;9937.5;0.0
yf_ZS=F_d2;14300;INTARIAN_PEPPER_ROOT;12266;19;12263;21;;;12272;17;12275;15;;;12269.0;0.0
yf_ZS=F_d2;14400;ASH_COATED_OSMIUM;9934;16;9931;24;;;9940;17;9943;20;;;9937.0;0.0
yf_ZS=F_d2;14400;INTARIAN_PEPPER_ROOT;12261;8;12259;8;;;12267;20;12271;22;;;12264.0;0.0
yf_ZS=F_d2;14500;ASH_COATED_OSMIUM;9934;15;9930;15;;;9940;10;9944;12;;;9937.0;0.0
yf_ZS=F_d2;14500;INTARIAN_PEPPER_ROOT;12255;8;12251;23;;;12261;14;12263;18;;;12258.0;0.0
yf_ZS=F_d2;14600;ASH_COATED_OSMIUM;9930;16;9928;20;;;9944;21;9948;18;;;9937.0;0.0
yf_ZS=F_d2;14600;INTARIAN_PEPPER_ROOT;12250;15;12248;23;;;12256;11;12259;23;;;12253.0;0.0
yf_ZS=F_d2;14700;ASH_COATED_OSMIUM;9934;11;9932;16;;;9940;9;9944;9;;;9937.0;0.0
yf_ZS=F_d2;14700;INTARIAN_PEPPER_ROOT;12240;21;12237;15;;;12258;18;12261;22;;;12249.0;0.0
yf_ZS=F_d2;14800;ASH_COATED_OSMIUM;9928;10;9925;15;;;9946;17;9949;11;;;9937.0;0.0
yf_ZS=F_d2;14800;INTARIAN_PEPPER_ROOT;12240;10;12236;24;;;12246;12;12250;29;;;12243.0;0.0
yf_ZS=F_d2;14900;ASH_COATED_OSMIUM;9933;10;9929;21;;;9942;15;9946;17;;;9937.5;0.0
yf_ZS=F_d2;14900;INTARIAN_PEPPER_ROOT;12235;8;12231;23;;;12241;24;12245;14;;;12238.0;0.0
yf_ZS=F_d2;15000;ASH_COATED_OSMIUM;9934;16;9932;15;;;9940;17;9942;21;;;9937.0;0.0
yf_ZS=F_d2;15000;INTARIAN_PEPPER_ROOT;12227;14;12223;21;;;12239;12;12242;22;;;12233.0;0.0
yf_ZS=F_d2;15100;ASH_COATED_OSMIUM;9934;5;9931;25;;;9940;21;9944;16;;;9937.0;0.0
yf_ZS=F_d2;15100;INTARIAN_PEPPER_ROOT;12210;15;12206;14;;;12246;12;12249;21;;;12228.0;0.0
yf_ZS=F_d2;15200;ASH_COATED_OSMIUM;9933;16;9931;8;;;9941;14;9945;20;;;9937.0;0.0
yf_ZS=F_d2;15200;INTARIAN_PEPPER_ROOT;12219;17;12215;27;;;12227;8;12229;19;;;12223.0;0.0
yf_ZS=F_d2;15300;ASH_COATED_OSMIUM;9934;10;9931;26;;;9940;21;9942;20;;;9937.0;0.0
yf_ZS=F_d2;15300;INTARIAN_PEPPER_ROOT;12215;16;12211;20;;;12221;16;12225;15;;;12218.0;0.0
yf_ZS=F_d2;15400;ASH_COATED_OSMIUM;9934;14;9931;20;;;9941;20;9943;17;;;9937.5;0.0
yf_ZS=F_d2;15400;INTARIAN_PEPPER_ROOT;12210;17;12207;21;;;12216;7;12220;17;;;12213.0;0.0
yf_ZS=F_d2;15500;ASH_COATED_OSMIUM;9934;20;9931;21;;;9940;16;9942;23;;;9937.0;0.0
yf_ZS=F_d2;15500;INTARIAN_PEPPER_ROOT;12205;10;12202;20;;;12211;9;12213;16;;;12208.0;0.0
yf_ZS=F_d2;15600;ASH_COATED_OSMIUM;9934;16;9932;13;;;9940;15;9942;10;;;9937.0;0.0
yf_ZS=F_d2;15600;INTARIAN_PEPPER_ROOT;12199;18;12195;14;;;12205;13;12209;28;;;12202.0;0.0
yf_ZS=F_d2;15700;ASH_COATED_OSMIUM;9933;15;9930;21;;;9943;9;9945;22;;;9938.0;0.0
yf_ZS=F_d2;15700;INTARIAN_PEPPER_ROOT;12194;17;12191;18;;;12200;13;12202;28;;;12197.0;0.0
yf_ZS=F_d2;15800;ASH_COATED_OSMIUM;9931;10;9928;23;;;9944;14;9947;10;;;9937.5;0.0
yf_ZS=F_d2;15800;INTARIAN_PEPPER_ROOT;12189;8;12185;16;;;12195;6;12198;26;;;12192.0;0.0
yf_ZS=F_d2;15900;ASH_COATED_OSMIUM;9934;23;9931;21;;;9940;6;9943;21;;;9937.0;0.0
yf_ZS=F_d2;15900;INTARIAN_PEPPER_ROOT;12184;20;12180;27;;;12190;17;12194;19;;;12187.0;0.0
yf_ZS=F_d2;16000;ASH_COATED_OSMIUM;9933;19;9930;13;;;9941;11;9943;20;;;9937.0;0.0
yf_ZS=F_d2;16000;INTARIAN_PEPPER_ROOT;12179;9;12176;12;;;12185;16;12189;17;;;12182.0;0.0
yf_ZS=F_d2;16100;ASH_COATED_OSMIUM;9935;9;9932;14;;;9941;8;9945;24;;;9938.0;0.0
yf_ZS=F_d2;16100;INTARIAN_PEPPER_ROOT;12174;13;12172;24;;;12180;16;12184;19;;;12177.0;0.0
yf_ZS=F_d2;16200;ASH_COATED_OSMIUM;9935;15;9931;23;;;9941;7;9944;16;;;9938.0;0.0
yf_ZS=F_d2;16200;INTARIAN_PEPPER_ROOT;12166;14;12164;22;;;12177;17;12179;15;;;12171.5;0.0
yf_ZS=F_d2;16300;ASH_COATED_OSMIUM;9935;9;9932;22;;;9941;12;9944;8;;;9938.0;0.0
yf_ZS=F_d2;16300;INTARIAN_PEPPER_ROOT;12163;20;12159;18;;;12169;12;12173;22;;;12166.0;0.0
yf_ZS=F_d2;16400;ASH_COATED_OSMIUM;9930;16;9927;16;;;9945;12;9948;18;;;9937.5;0.0
yf_ZS=F_d2;16400;INTARIAN_PEPPER_ROOT;12158;21;12154;11;;;12164;6;12166;23;;;12161.0;0.0
yf_ZS=F_d2;16500;ASH_COATED_OSMIUM;9935;15;9932;16;;;9941;11;9945;12;;;9938.0;0.0
yf_ZS=F_d2;16500;INTARIAN_PEPPER_ROOT;12151;19;12148;22;;;12162;13;12165;20;;;12156.5;0.0
yf_ZS=F_d2;16600;ASH_COATED_OSMIUM;9932;17;9928;26;;;9943;7;9946;13;;;9937.5;0.0
yf_ZS=F_d2;16600;INTARIAN_PEPPER_ROOT;12147;22;12145;13;;;12154;12;12158;18;;;12150.5;0.0
yf_ZS=F_d2;16700;ASH_COATED_OSMIUM;9935;17;9932;18;;;9941;7;9943;24;;;9938.0;0.0
yf_ZS=F_d2;16700;INTARIAN_PEPPER_ROOT;12142;19;12138;17;;;12152;15;12154;17;;;12147.0;0.0
yf_ZS=F_d2;16800;ASH_COATED_OSMIUM;9935;22;9932;24;;;9941;11;9944;28;;;9938.0;0.0
yf_ZS=F_d2;16800;INTARIAN_PEPPER_ROOT;12138;14;12136;21;;;12144;8;12147;16;;;12141.0;0.0
yf_ZS=F_d2;16900;ASH_COATED_OSMIUM;9934;23;9931;14;;;9940;8;9944;15;;;9937.0;0.0
yf_ZS=F_d2;16900;INTARIAN_PEPPER_ROOT;12132;22;12130;22;;;12140;14;12142;21;;;12136.0;0.0
yf_ZS=F_d2;17000;ASH_COATED_OSMIUM;9935;11;9933;16;;;9941;17;9943;20;;;9938.0;0.0
yf_ZS=F_d2;17000;INTARIAN_PEPPER_ROOT;12132;6;12128;27;;;12138;16;12141;27;;;12135.0;0.0
yf_ZS=F_d2;17100;ASH_COATED_OSMIUM;9935;20;9931;22;;;9941;18;9943;20;;;9938.0;0.0
yf_ZS=F_d2;17100;INTARIAN_PEPPER_ROOT;12124;18;12120;16;;;12146;21;12150;25;;;12135.0;0.0
yf_ZS=F_d2;17200;ASH_COATED_OSMIUM;9935;15;9931;18;;;9941;18;9945;24;;;9938.0;0.0
yf_ZS=F_d2;17200;INTARIAN_PEPPER_ROOT;12127;17;12124;22;;;12145;8;12149;22;;;12136.0;0.0
yf_ZS=F_d2;17300;ASH_COATED_OSMIUM;9933;22;9930;27;;;9944;15;9948;11;;;9938.5;0.0
yf_ZS=F_d2;17300;INTARIAN_PEPPER_ROOT;12135;9;12131;12;;;12141;15;12144;14;;;12138.0;0.0
yf_ZS=F_d2;17400;ASH_COATED_OSMIUM;9936;5;9932;15;;;9942;11;9946;30;;;9939.0;0.0
yf_ZS=F_d2;17400;INTARIAN_PEPPER_ROOT;12136;10;12133;20;;;12142;14;12146;25;;;12139.0;0.0
yf_ZS=F_d2;17500;ASH_COATED_OSMIUM;9933;20;9930;14;;;9944;24;9946;17;;;9938.5;0.0
yf_ZS=F_d2;17500;INTARIAN_PEPPER_ROOT;12133;25;12130;24;;;12146;11;12148;17;;;12139.5;0.0
yf_ZS=F_d2;17600;ASH_COATED_OSMIUM;9936;13;9932;15;;;9942;11;9945;20;;;9939.0;0.0
yf_ZS=F_d2;17600;INTARIAN_PEPPER_ROOT;12138;13;12135;21;;;12144;12;12147;27;;;12141.0;0.0
yf_ZS=F_d2;17700;ASH_COATED_OSMIUM;9928;14;9924;20;;;9951;11;9955;17;;;9939.5;0.0
yf_ZS=F_d2;17700;INTARIAN_PEPPER_ROOT;12139;14;12135;17;;;12145;11;12147;11;;;12142.0;0.0
yf_ZS=F_d2;17800;ASH_COATED_OSMIUM;9933;18;9931;25;;;9947;12;9951;19;;;9940.0;0.0
yf_ZS=F_d2;17800;INTARIAN_PEPPER_ROOT;12137;21;12135;15;;;12148;14;12150;20;;;12142.5;0.0
yf_ZS=F_d2;17900;ASH_COATED_OSMIUM;9934;10;9932;18;;;9945;23;9948;12;;;9939.5;0.0
yf_ZS=F_d2;17900;INTARIAN_PEPPER_ROOT;12141;15;12139;14;;;12149;15;12152;29;;;12145.0;0.0
yf_ZS=F_d2;18000;ASH_COATED_OSMIUM;9936;20;9932;23;;;9942;18;9946;28;;;9939.0;0.0
yf_ZS=F_d2;18000;INTARIAN_PEPPER_ROOT;12142;13;12140;22;;;12148;13;12152;15;;;12145.0;0.0
yf_ZS=F_d2;18100;ASH_COATED_OSMIUM;9937;26;9934;20;;;9943;9;9946;23;;;9940.0;0.0
yf_ZS=F_d2;18100;INTARIAN_PEPPER_ROOT;12143;19;12139;14;;;12150;9;12152;15;;;12146.5;0.0
yf_ZS=F_d2;18200;ASH_COATED_OSMIUM;9919;14;9916;21;;;9960;16;9962;23;;;9939.5;0.0
yf_ZS=F_d2;18200;INTARIAN_PEPPER_ROOT;12141;15;12138;20;;;12154;14;12157;23;;;12147.5;0.0
yf_ZS=F_d2;18300;ASH_COATED_OSMIUM;9937;15;9935;14;;;9943;13;9945;20;;;9940.0;0.0
yf_ZS=F_d2;18300;INTARIAN_PEPPER_ROOT;12146;19;12142;22;;;12152;16;12154;19;;;12149.0;0.0
yf_ZS=F_d2;18400;ASH_COATED_OSMIUM;9937;13;9934;22;;;9944;10;9947;21;;;9940.5;0.0
yf_ZS=F_d2;18400;INTARIAN_PEPPER_ROOT;12147;22;12145;17;;;12153;21;12157;19;;;12150.0;0.0
yf_ZS=F_d2;18500;ASH_COATED_OSMIUM;9937;19;9935;22;;;9945;10;9947;24;;;9941.0;0.0
yf_ZS=F_d2;18500;INTARIAN_PEPPER_ROOT;12148;10;12144;20;;;12154;14;12158;16;;;12151.0;0.0
yf_ZS=F_d2;18600;ASH_COATED_OSMIUM;9934;12;9931;20;;;9948;12;9952;18;;;9941.0;0.0
yf_ZS=F_d2;18600;INTARIAN_PEPPER_ROOT;12139;8;12137;16;;;12167;19;12171;23;;;12153.0;0.0
yf_ZS=F_d2;18700;ASH_COATED_OSMIUM;9938;12;9934;18;;;9944;20;9946;14;;;9941.0;0.0
yf_ZS=F_d2;18700;INTARIAN_PEPPER_ROOT;12150;27;12147;21;;;12156;17;12160;17;;;12153.0;0.0
yf_ZS=F_d2;18800;ASH_COATED_OSMIUM;9939;5;9936;21;;;9945;14;9949;21;;;9942.0;0.0
yf_ZS=F_d2;18800;INTARIAN_PEPPER_ROOT;12152;13;12149;21;;;12158;18;12160;13;;;12155.0;0.0
yf_ZS=F_d2;18900;ASH_COATED_OSMIUM;9936;26;9932;26;;;9946;10;9948;12;;;9941.0;0.0
yf_ZS=F_d2;18900;INTARIAN_PEPPER_ROOT;12153;13;12149;18;;;12159;20;12163;19;;;12156.0;0.0
yf_ZS=F_d2;19000;ASH_COATED_OSMIUM;9939;15;9937;21;;;9945;11;9947;22;;;9942.0;0.0
yf_ZS=F_d2;19000;INTARIAN_PEPPER_ROOT;12154;14;12150;17;;;12160;7;12164;17;;;12157.0;0.0
yf_ZS=F_d2;19100;ASH_COATED_OSMIUM;9939;19;9936;20;;;9945;18;9947;25;;;9942.0;0.0
yf_ZS=F_d2;19100;INTARIAN_PEPPER_ROOT;12155;12;12153;20;;;12161;13;12163;16;;;12158.0;0.0
yf_ZS=F_d2;19200;ASH_COATED_OSMIUM;9939;11;9936;19;;;9945;11;9949;21;;;9942.0;0.0
yf_ZS=F_d2;19200;INTARIAN_PEPPER_ROOT;12156;9;12153;17;;;12162;14;12165;23;;;12159.0;0.0
yf_ZS=F_d2;19300;ASH_COATED_OSMIUM;9938;21;9934;24;;;9946;21;9949;21;;;9942.0;0.0
yf_ZS=F_d2;19300;INTARIAN_PEPPER_ROOT;12157;13;12154;22;;;12163;13;12166;23;;;12160.0;0.0
yf_ZS=F_d2;19400;ASH_COATED_OSMIUM;9940;15;9936;14;;;9946;18;9948;21;;;9943.0;0.0
yf_ZS=F_d2;19400;INTARIAN_PEPPER_ROOT;12158;28;12154;17;;;12164;11;12168;11;;;12161.0;0.0
yf_ZS=F_d2;19500;ASH_COATED_OSMIUM;9939;14;9936;9;;;9945;10;9949;13;;;9942.0;0.0
yf_ZS=F_d2;19500;INTARIAN_PEPPER_ROOT;12159;19;12156;9;;;12165;11;12167;26;;;12162.0;0.0
yf_ZS=F_d2;19600;ASH_COATED_OSMIUM;9939;13;9937;15;;;9945;8;9947;19;;;9942.0;0.0
yf_ZS=F_d2;19600;INTARIAN_PEPPER_ROOT;12161;9;12157;25;;;12167;15;12169;16;;;12164.0;0.0
yf_ZS=F_d2;19700;ASH_COATED_OSMIUM;9932;22;9929;22;;;9953;13;9957;22;;;9942.5;0.0
yf_ZS=F_d2;19700;INTARIAN_PEPPER_ROOT;12162;18;12159;16;;;12168;14;12170;16;;;12165.0;0.0
yf_ZS=F_d2;19800;ASH_COATED_OSMIUM;9940;19;9937;20;;;9946;11;9950;18;;;9943.0;0.0
yf_ZS=F_d2;19800;INTARIAN_PEPPER_ROOT;12163;15;12160;11;;;12169;17;12171;13;;;12166.0;0.0
yf_ZS=F_d2;19900;ASH_COATED_OSMIUM;9940;17;9938;15;;;9946;18;9949;23;;;9943.0;0.0
yf_ZS=F_d2;19900;INTARIAN_PEPPER_ROOT;12164;15;12162;21;;;12170;6;12172;16;;;12167.0;0.0
yf_ZS=F_d2;20000;ASH_COATED_OSMIUM;9941;13;9939;22;;;9947;23;9949;23;;;9944.0;0.0
yf_ZS=F_d2;20000;INTARIAN_PEPPER_ROOT;12165;21;12161;12;;;12171;10;12174;11;;;12168.0;0.0
yf_ZS=F_d2;20100;ASH_COATED_OSMIUM;9941;14;9939;25;;;9947;12;9951;21;;;9944.0;0.0
yf_ZS=F_d2;20100;INTARIAN_PEPPER_ROOT;12157;14;12153;17;;;12181;9;12183;18;;;12169.0;0.0
yf_ZS=F_d2;20200;ASH_COATED_OSMIUM;9941;20;9939;25;;;9947;11;9950;27;;;9944.0;0.0
yf_ZS=F_d2;20200;INTARIAN_PEPPER_ROOT;12167;13;12165;30;;;12173;11;12177;16;;;12170.0;0.0
yf_ZS=F_d2;20300;ASH_COATED_OSMIUM;9937;21;9933;12;;;9951;19;9955;22;;;9944.0;0.0
yf_ZS=F_d2;20300;INTARIAN_PEPPER_ROOT;12168;11;12164;11;;;12174;9;12177;17;;;12171.0;0.0
yf_ZS=F_d2;20400;ASH_COATED_OSMIUM;9941;18;9937;14;;;9947;5;9949;18;;;9944.0;0.0
yf_ZS=F_d2;20400;INTARIAN_PEPPER_ROOT;12170;15;12167;15;;;12176;11;12179;24;;;12173.0;0.0
yf_ZS=F_d2;20500;ASH_COATED_OSMIUM;9934;17;9931;20;;;9955;20;9957;21;;;9944.5;0.0
yf_ZS=F_d2;20500;INTARIAN_PEPPER_ROOT;12168;15;12166;16;;;12179;9;12181;16;;;12173.5;0.0
yf_ZS=F_d2;20600;ASH_COATED_OSMIUM;9941;15;9939;23;;;9948;18;9952;11;;;9944.5;0.0
yf_ZS=F_d2;20600;INTARIAN_PEPPER_ROOT;12171;5;12168;16;;;12177;18;12180;21;;;12174.0;0.0
yf_ZS=F_d2;20700;ASH_COATED_OSMIUM;9939;11;9935;16;;;9951;11;9954;15;;;9945.0;0.0
yf_ZS=F_d2;20700;INTARIAN_PEPPER_ROOT;12172;15;12170;25;;;12179;15;12182;18;;;12175.5;0.0
yf_ZS=F_d2;20800;ASH_COATED_OSMIUM;9942;21;9940;20;;;9948;18;9950;22;;;9945.0;0.0
yf_ZS=F_d2;20800;INTARIAN_PEPPER_ROOT;12175;20;12172;11;;;12181;16;12184;21;;;12178.0;0.0
yf_ZS=F_d2;20900;ASH_COATED_OSMIUM;9942;15;9939;20;;;9948;17;9950;18;;;9945.0;0.0
yf_ZS=F_d2;20900;INTARIAN_PEPPER_ROOT;12172;9;12169;21;;;12185;15;12187;26;;;12178.5;0.0
yf_ZS=F_d2;21000;ASH_COATED_OSMIUM;9921;21;9918;17;;;9968;6;9971;27;;;9944.5;0.0
yf_ZS=F_d2;21000;INTARIAN_PEPPER_ROOT;12171;15;12167;15;;;12187;24;12189;14;;;12179.0;0.0
yf_ZS=F_d2;21100;ASH_COATED_OSMIUM;9933;18;9930;27;;;9959;13;9962;22;;;9946.0;0.0
yf_ZS=F_d2;21100;INTARIAN_PEPPER_ROOT;12173;15;12171;27;;;12188;5;12192;24;;;12180.5;0.0
yf_ZS=F_d2;21200;ASH_COATED_OSMIUM;9943;14;9941;19;;;9949;9;9952;25;;;9946.0;0.0
yf_ZS=F_d2;21200;INTARIAN_PEPPER_ROOT;12179;8;12177;22;;;12185;26;12189;17;;;12182.0;0.0
yf_ZS=F_d2;21300;ASH_COATED_OSMIUM;9940;13;9938;16;;;9953;21;9956;28;;;9946.5;0.0
yf_ZS=F_d2;21300;INTARIAN_PEPPER_ROOT;12180;17;12176;17;;;12186;15;12190;15;;;12183.0;0.0
yf_ZS=F_d2;21400;ASH_COATED_OSMIUM;9943;12;9941;11;;;9949;17;9952;24;;;9946.0;0.0
yf_ZS=F_d2;21400;INTARIAN_PEPPER_ROOT;12180;12;12177;16;;;12188;10;12190;20;;;12184.0;0.0
yf_ZS=F_d2;21500;ASH_COATED_OSMIUM;9943;16;9940;15;;;9949;8;9952;22;;;9946.0;0.0
yf_ZS=F_d2;21500;INTARIAN_PEPPER_ROOT;12183;13;12179;20;;;12189;18;12191;18;;;12186.0;0.0
yf_ZS=F_d2;21600;ASH_COATED_OSMIUM;9943;17;9939;35;;;9949;12;9952;23;;;9946.0;0.0
yf_ZS=F_d2;21600;INTARIAN_PEPPER_ROOT;12183;19;12180;22;;;12190;9;12193;16;;;12186.5;0.0
yf_ZS=F_d2;21700;ASH_COATED_OSMIUM;9943;22;9941;16;;;9949;20;9953;25;;;9946.0;0.0
yf_ZS=F_d2;21700;INTARIAN_PEPPER_ROOT;12184;11;12180;27;;;12190;5;12192;23;;;12187.0;0.0
yf_ZS=F_d2;21800;ASH_COATED_OSMIUM;9943;22;9939;20;;;9951;9;9953;18;;;9947.0;0.0
yf_ZS=F_d2;21800;INTARIAN_PEPPER_ROOT;12186;11;12183;17;;;12192;14;12194;22;;;12189.0;0.0
yf_ZS=F_d2;21900;ASH_COATED_OSMIUM;9944;16;9940;22;;;9950;6;9954;27;;;9947.0;0.0
yf_ZS=F_d2;21900;INTARIAN_PEPPER_ROOT;12187;10;12185;16;;;12193;19;12197;13;;;12190.0;0.0
yf_ZS=F_d2;22000;ASH_COATED_OSMIUM;9944;10;9941;19;;;9950;15;9952;22;;;9947.0;0.0
yf_ZS=F_d2;22000;INTARIAN_PEPPER_ROOT;12178;6;12176;17;;;12203;21;12206;22;;;12190.5;0.0
yf_ZS=F_d2;22100;ASH_COATED_OSMIUM;9944;13;9940;27;;;9950;15;9952;20;;;9947.0;0.0
yf_ZS=F_d2;22100;INTARIAN_PEPPER_ROOT;12189;13;12186;21;;;12195;14;12198;16;;;12192.0;0.0
yf_ZS=F_d2;22200;ASH_COATED_OSMIUM;9945;6;9943;21;;;9951;19;9954;20;;;9948.0;0.0
yf_ZS=F_d2;22200;INTARIAN_PEPPER_ROOT;12189;11;12187;20;;;12196;8;12198;12;;;12192.5;0.0
yf_ZS=F_d2;22300;ASH_COATED_OSMIUM;9940;16;9938;23;;;9955;17;9958;19;;;9947.5;0.0
yf_ZS=F_d2;22300;INTARIAN_PEPPER_ROOT;12191;16;12187;10;;;12197;17;12199;15;;;12194.0;0.0
yf_ZS=F_d2;22400;ASH_COATED_OSMIUM;9934;8;9931;18;;;9963;15;9966;25;;;9948.5;0.0
yf_ZS=F_d2;22400;INTARIAN_PEPPER_ROOT;12191;17;12188;11;;;12199;13;12201;22;;;12195.0;0.0
yf_ZS=F_d2;22500;ASH_COATED_OSMIUM;9945;7;9943;25;;;9951;17;9955;25;;;9948.0;0.0
yf_ZS=F_d2;22500;INTARIAN_PEPPER_ROOT;12191;13;12189;13;;;12202;18;12206;17;;;12196.5;0.0
yf_ZS=F_d2;22600;ASH_COATED_OSMIUM;9945;16;9942;12;;;9951;13;9953;14;;;9948.0;0.0
yf_ZS=F_d2;22600;INTARIAN_PEPPER_ROOT;12193;17;12190;27;;;12202;15;12205;21;;;12197.5;0.0
yf_ZS=F_d2;22700;ASH_COATED_OSMIUM;9943;14;9941;16;;;9953;13;9955;21;;;9948.0;0.0
yf_ZS=F_d2;22700;INTARIAN_PEPPER_ROOT;12196;8;12194;21;;;12202;12;12205;21;;;12199.0;0.0
yf_ZS=F_d2;22800;ASH_COATED_OSMIUM;9937;13;9935;26;;;9959;12;9963;18;;;9948.0;0.0
yf_ZS=F_d2;22800;INTARIAN_PEPPER_ROOT;12196;13;12192;27;;;12202;15;12205;18;;;12199.0;0.0
yf_ZS=F_d2;22900;ASH_COATED_OSMIUM;9946;14;9943;13;;;9952;21;9954;24;;;9949.0;0.0
yf_ZS=F_d2;22900;INTARIAN_PEPPER_ROOT;12197;5;12193;23;;;12203;14;12205;15;;;12200.0;0.0
yf_ZS=F_d2;23000;ASH_COATED_OSMIUM;9941;14;9937;23;;;9957;25;9961;25;;;9949.0;0.0
yf_ZS=F_d2;23000;INTARIAN_PEPPER_ROOT;12199;13;12195;17;;;12205;14;12208;9;;;12202.0;0.0
yf_ZS=F_d2;23100;ASH_COATED_OSMIUM;9945;11;9942;19;;;9953;19;9955;27;;;9949.0;0.0
yf_ZS=F_d2;23100;INTARIAN_PEPPER_ROOT;12200;25;12198;27;;;12206;21;12209;27;;;12203.0;0.0
yf_ZS=F_d2;23200;ASH_COATED_OSMIUM;9943;22;9939;24;;;9955;15;9957;8;;;9949.0;0.0
yf_ZS=F_d2;23200;INTARIAN_PEPPER_ROOT;12189;18;12186;27;;;12219;6;12223;22;;;12204.0;0.0
yf_ZS=F_d2;23300;ASH_COATED_OSMIUM;9938;14;9936;26;;;9961;14;9964;30;;;9949.5;0.0
yf_ZS=F_d2;23300;INTARIAN_PEPPER_ROOT;12196;9;12193;14;;;12215;6;12218;28;;;12205.5;0.0
yf_ZS=F_d2;23400;ASH_COATED_OSMIUM;9942;17;9939;25;;;9958;19;9961;15;;;9950.0;0.0
yf_ZS=F_d2;23400;INTARIAN_PEPPER_ROOT;12204;13;12201;25;;;12210;19;12213;17;;;12207.0;0.0
yf_ZS=F_d2;23500;ASH_COATED_OSMIUM;9948;19;9946;22;;;9954;12;9956;23;;;9951.0;0.0
yf_ZS=F_d2;23500;INTARIAN_PEPPER_ROOT;12205;13;12201;18;;;12211;16;12214;19;;;12208.0;0.0
yf_ZS=F_d2;23600;ASH_COATED_OSMIUM;9947;8;9944;14;;;9953;20;9957;24;;;9950.0;0.0
yf_ZS=F_d2;23600;INTARIAN_PEPPER_ROOT;12206;17;12202;15;;;12212;12;12214;20;;;12209.0;0.0
yf_ZS=F_d2;23700;ASH_COATED_OSMIUM;9947;11;9944;18;;;9953;18;9956;19;;;9950.0;0.0
yf_ZS=F_d2;23700;INTARIAN_PEPPER_ROOT;12206;8;12204;17;;;12215;6;12218;19;;;12210.5;0.0
yf_ZS=F_d2;23800;ASH_COATED_OSMIUM;9947;13;9944;21;;;9953;19;9955;17;;;9950.0;0.0
yf_ZS=F_d2;23800;INTARIAN_PEPPER_ROOT;12208;15;12206;22;;;12214;18;12216;23;;;12211.0;0.0
yf_ZS=F_d2;23900;ASH_COATED_OSMIUM;9948;8;9944;24;;;9954;11;9958;21;;;9951.0;0.0
yf_ZS=F_d2;23900;INTARIAN_PEPPER_ROOT;12209;15;12205;13;;;12215;18;12219;25;;;12212.0;0.0
yf_ZS=F_d2;24000;ASH_COATED_OSMIUM;9945;7;9942;22;;;9956;7;9960;28;;;9950.5;0.0
yf_ZS=F_d2;24000;INTARIAN_PEPPER_ROOT;12207;17;12204;20;;;12219;16;12221;24;;;12213.0;0.0
yf_ZS=F_d2;24100;ASH_COATED_OSMIUM;9948;9;9944;24;;;9954;10;9957;24;;;9951.0;0.0
yf_ZS=F_d2;24100;INTARIAN_PEPPER_ROOT;12212;17;12210;21;;;12218;13;12221;19;;;12215.0;0.0
yf_ZS=F_d2;24200;ASH_COATED_OSMIUM;9947;9;9943;21;;;9955;13;9959;10;;;9951.0;0.0
yf_ZS=F_d2;24200;INTARIAN_PEPPER_ROOT;12213;11;12209;14;;;12219;9;12222;14;;;12216.0;0.0
yf_ZS=F_d2;24300;ASH_COATED_OSMIUM;9948;17;9945;18;;;9954;22;9956;12;;;9951.0;0.0
yf_ZS=F_d2;24300;INTARIAN_PEPPER_ROOT;12209;7;12206;30;;;12223;11;12226;23;;;12216.0;0.0
yf_ZS=F_d2;24400;ASH_COATED_OSMIUM;9948;18;9946;14;;;9954;12;9956;19;;;9951.0;0.0
yf_ZS=F_d2;24400;INTARIAN_PEPPER_ROOT;12214;10;12212;13;;;12221;11;12224;23;;;12217.5;0.0
yf_ZS=F_d2;24500;ASH_COATED_OSMIUM;9944;10;9942;22;;;9959;10;9963;10;;;9951.5;0.0
yf_ZS=F_d2;24500;INTARIAN_PEPPER_ROOT;12215;15;12212;15;;;12223;24;12225;15;;;12219.0;0.0
yf_ZS=F_d2;24600;ASH_COATED_OSMIUM;9949;16;9947;18;;;9955;12;9959;18;;;9952.0;0.0
yf_ZS=F_d2;24600;INTARIAN_PEPPER_ROOT;12217;18;12215;21;;;12223;11;12225;15;;;12220.0;0.0
yf_ZS=F_d2;24700;ASH_COATED_OSMIUM;9944;18;9942;13;;;9962;20;9965;16;;;9953.0;0.0
yf_ZS=F_d2;24700;INTARIAN_PEPPER_ROOT;12216;14;12212;26;;;12226;15;12228;16;;;12221.0;0.0
yf_ZS=F_d2;24800;ASH_COATED_OSMIUM;9948;7;9945;21;;;9956;16;9959;30;;;9952.0;0.0
yf_ZS=F_d2;24800;INTARIAN_PEPPER_ROOT;12218;7;12215;18;;;12227;16;12231;16;;;12222.5;0.0
yf_ZS=F_d2;24900;ASH_COATED_OSMIUM;9947;5;9944;20;;;9959;9;9961;20;;;9953.0;0.0
yf_ZS=F_d2;24900;INTARIAN_PEPPER_ROOT;12218;17;12215;25;;;12229;17;12231;15;;;12223.5;0.0
yf_ZS=F_d2;25000;ASH_COATED_OSMIUM;9928;14;9926;26;;;9977;13;9979;20;;;9952.5;0.0
yf_ZS=F_d2;25000;INTARIAN_PEPPER_ROOT;12222;30;12220;20;;;12228;14;12231;16;;;12225.0;0.0
yf_ZS=F_d2;25100;ASH_COATED_OSMIUM;9949;19;9947;11;;;9955;22;9957;15;;;9952.0;0.0
yf_ZS=F_d2;25100;INTARIAN_PEPPER_ROOT;12217;13;12213;21;;;12234;22;12237;13;;;12225.5;0.0
yf_ZS=F_d2;25200;ASH_COATED_OSMIUM;9948;14;9944;19;;;9958;7;9960;22;;;9953.0;0.0
yf_ZS=F_d2;25200;INTARIAN_PEPPER_ROOT;12223;14;12221;18;;;12229;11;12232;8;;;12226.0;0.0
yf_ZS=F_d2;25300;ASH_COATED_OSMIUM;9950;14;9948;21;;;9956;18;9959;18;;;9953.0;0.0
yf_ZS=F_d2;25300;INTARIAN_PEPPER_ROOT;12221;13;12217;21;;;12235;7;12238;28;;;12228.0;0.0
yf_ZS=F_d2;25400;ASH_COATED_OSMIUM;9950;15;9948;11;;;9956;8;9960;13;;;9953.0;0.0
yf_ZS=F_d2;25400;INTARIAN_PEPPER_ROOT;12225;12;12221;12;;;12232;5;12236;17;;;12228.5;0.0
yf_ZS=F_d2;25500;ASH_COATED_OSMIUM;9950;13;9948;17;;;9956;7;9960;27;;;9953.0;0.0
yf_ZS=F_d2;25500;INTARIAN_PEPPER_ROOT;12227;22;12224;8;;;12233;9;12236;17;;;12230.0;0.0
yf_ZS=F_d2;25600;ASH_COATED_OSMIUM;9950;17;9946;19;;;9959;11;9963;24;;;9954.5;0.0
yf_ZS=F_d2;25600;INTARIAN_PEPPER_ROOT;12228;9;12226;26;;;12234;17;12237;17;;;12231.0;0.0
yf_ZS=F_d2;25700;ASH_COATED_OSMIUM;9951;22;9947;22;;;9957;10;9959;23;;;9954.0;0.0
yf_ZS=F_d2;25700;INTARIAN_PEPPER_ROOT;12230;20;12227;30;;;12236;12;12238;19;;;12233.0;0.0
yf_ZS=F_d2;25800;ASH_COATED_OSMIUM;9952;16;9948;21;;;9958;21;9960;9;;;9955.0;0.0
yf_ZS=F_d2;25800;INTARIAN_PEPPER_ROOT;12231;13;12228;19;;;12237;16;12240;15;;;12234.0;0.0
yf_ZS=F_d2;25900;ASH_COATED_OSMIUM;9951;20;9948;14;;;9958;15;9961;13;;;9954.5;0.0
yf_ZS=F_d2;25900;INTARIAN_PEPPER_ROOT;12230;13;12227;23;;;12240;14;12243;21;;;12235.0;0.0
yf_ZS=F_d2;26000;ASH_COATED_OSMIUM;9952;24;9950;21;;;9958;13;9962;18;;;9955.0;0.0
yf_ZS=F_d2;26000;INTARIAN_PEPPER_ROOT;12233;19;12231;13;;;12239;24;12243;19;;;12236.0;0.0
yf_ZS=F_d2;26100;ASH_COATED_OSMIUM;9948;16;9946;22;;;9961;10;9965;18;;;9954.5;0.0
yf_ZS=F_d2;26100;INTARIAN_PEPPER_ROOT;12233;26;12231;18;;;12241;13;12244;22;;;12237.0;0.0
yf_ZS=F_d2;26200;ASH_COATED_OSMIUM;9945;12;9942;26;;;9966;16;9970;27;;;9955.5;0.0
yf_ZS=F_d2;26200;INTARIAN_PEPPER_ROOT;12235;11;12231;19;;;12241;17;12245;18;;;12238.0;0.0
yf_ZS=F_d2;26300;ASH_COATED_OSMIUM;9950;9;9947;28;;;9961;14;9963;16;;;9955.5;0.0
yf_ZS=F_d2;26300;INTARIAN_PEPPER_ROOT;12237;5;12234;27;;;12243;16;12245;21;;;12240.0;0.0
yf_ZS=F_d2;26400;ASH_COATED_OSMIUM;9950;18;9948;19;;;9959;17;9963;20;;;9954.5;0.0
yf_ZS=F_d2;26400;INTARIAN_PEPPER_ROOT;12237;12;12233;12;;;12243;13;12246;12;;;12240.0;0.0
yf_ZS=F_d2;26500;ASH_COATED_OSMIUM;9947;14;9944;14;;;9964;23;9968;26;;;9955.5;0.0
yf_ZS=F_d2;26500;INTARIAN_PEPPER_ROOT;12236;16;12234;24;;;12247;20;12249;17;;;12241.5;0.0
yf_ZS=F_d2;26600;ASH_COATED_OSMIUM;9951;10;9947;22;;;9960;14;9962;20;;;9955.5;0.0
yf_ZS=F_d2;26600;INTARIAN_PEPPER_ROOT;12240;12;12236;15;;;12246;15;12248;20;;;12243.0;0.0
yf_ZS=F_d2;26700;ASH_COATED_OSMIUM;9952;15;9949;20;;;9958;17;9960;10;;;9955.0;0.0
yf_ZS=F_d2;26700;INTARIAN_PEPPER_ROOT;12240;8;12237;32;;;12246;15;12248;13;;;12243.0;0.0
yf_ZS=F_d2;26800;ASH_COATED_OSMIUM;9953;10;9949;18;;;9959;14;9961;11;;;9956.0;0.0
yf_ZS=F_d2;26800;INTARIAN_PEPPER_ROOT;12242;15;12238;13;;;12248;13;12251;9;;;12245.0;0.0
yf_ZS=F_d2;26900;ASH_COATED_OSMIUM;9954;11;9952;23;;;9960;5;9964;20;;;9957.0;0.0
yf_ZS=F_d2;26900;INTARIAN_PEPPER_ROOT;12240;17;12238;18;;;12252;13;12255;28;;;12246.0;0.0
yf_ZS=F_d2;27000;ASH_COATED_OSMIUM;9944;22;9942;21;;;9969;10;9971;21;;;9956.5;0.0
yf_ZS=F_d2;27000;INTARIAN_PEPPER_ROOT;12244;10;12241;21;;;12250;14;12253;19;;;12247.0;0.0
yf_ZS=F_d2;27100;ASH_COATED_OSMIUM;9954;16;9950;26;;;9960;12;9963;20;;;9957.0;0.0
yf_ZS=F_d2;27100;INTARIAN_PEPPER_ROOT;12246;12;12242;27;;;12252;21;12255;17;;;12249.0;0.0
yf_ZS=F_d2;27200;ASH_COATED_OSMIUM;9954;15;9951;26;;;9960;8;9963;13;;;9957.0;0.0
yf_ZS=F_d2;27200;INTARIAN_PEPPER_ROOT;12247;17;12244;22;;;12253;20;12257;26;;;12250.0;0.0
yf_ZS=F_d2;27300;ASH_COATED_OSMIUM;9949;7;9947;19;;;9965;17;9967;25;;;9957.0;0.0
yf_ZS=F_d2;27300;INTARIAN_PEPPER_ROOT;12235;14;12233;18;;;12266;14;12269;17;;;12250.5;0.0
yf_ZS=F_d2;27400;ASH_COATED_OSMIUM;9954;16;9951;12;;;9960;14;9964;12;;;9957.0;0.0
yf_ZS=F_d2;27400;INTARIAN_PEPPER_ROOT;12248;18;12246;26;;;12254;21;12258;21;;;12251.0;0.0
yf_ZS=F_d2;27500;ASH_COATED_OSMIUM;9951;11;9948;23;;;9963;24;9966;15;;;9957.0;0.0
yf_ZS=F_d2;27500;INTARIAN_PEPPER_ROOT;12250;11;12246;19;;;12256;17;12260;23;;;12253.0;0.0
yf_ZS=F_d2;27600;ASH_COATED_OSMIUM;9953;16;9950;20;;;9962;11;9966;26;;;9957.5;0.0
yf_ZS=F_d2;27600;INTARIAN_PEPPER_ROOT;12251;14;12249;20;;;12257;13;12261;18;;;12254.0;0.0
yf_ZS=F_d2;27700;ASH_COATED_OSMIUM;9954;19;9952;23;;;9960;17;9964;20;;;9957.0;0.0
yf_ZS=F_d2;27700;INTARIAN_PEPPER_ROOT;12249;15;12247;16;;;12263;9;12267;14;;;12256.0;0.0
yf_ZS=F_d2;27800;ASH_COATED_OSMIUM;9955;18;9953;12;;;9961;13;9963;10;;;9958.0;0.0
yf_ZS=F_d2;27800;INTARIAN_PEPPER_ROOT;12250;12;12246;19;;;12261;9;12263;17;;;12255.5;0.0
yf_ZS=F_d2;27900;ASH_COATED_OSMIUM;9955;15;9953;18;;;9961;12;9964;15;;;9958.0;0.0
yf_ZS=F_d2;27900;INTARIAN_PEPPER_ROOT;12254;12;12250;16;;;12260;18;12263;29;;;12257.0;0.0
yf_ZS=F_d2;28000;ASH_COATED_OSMIUM;9955;14;9951;15;;;9961;7;9965;26;;;9958.0;0.0
yf_ZS=F_d2;28000;INTARIAN_PEPPER_ROOT;12256;16;12254;20;;;12262;27;12265;13;;;12259.0;0.0
yf_ZS=F_d2;28100;ASH_COATED_OSMIUM;9954;21;9950;31;;;9963;12;9965;16;;;9958.5;0.0
yf_ZS=F_d2;28100;INTARIAN_PEPPER_ROOT;12249;19;12247;18;;;12271;9;12274;19;;;12260.0;0.0
yf_ZS=F_d2;28200;ASH_COATED_OSMIUM;9955;15;9953;18;;;9961;18;9965;22;;;9958.0;0.0
yf_ZS=F_d2;28200;INTARIAN_PEPPER_ROOT;12259;26;12255;24;;;12265;20;12267;11;;;12262.0;0.0
yf_ZS=F_d2;28300;ASH_COATED_OSMIUM;9956;14;9952;20;;;9962;10;9964;24;;;9959.0;0.0
yf_ZS=F_d2;28300;INTARIAN_PEPPER_ROOT;12259;24;12257;25;;;12265;17;12269;17;;;12262.0;0.0
yf_ZS=F_d2;28400;ASH_COATED_OSMIUM;9956;17;9953;16;;;9962;11;9964;14;;;9959.0;0.0
yf_ZS=F_d2;28400;INTARIAN_PEPPER_ROOT;12260;9;12256;29;;;12266;17;12268;20;;;12263.0;0.0
yf_ZS=F_d2;28500;ASH_COATED_OSMIUM;9956;13;9954;16;;;9962;13;9964;19;;;9959.0;0.0
yf_ZS=F_d2;28500;INTARIAN_PEPPER_ROOT;12260;25;12257;21;;;12266;7;12270;21;;;12263.0;0.0
yf_ZS=F_d2;28600;ASH_COATED_OSMIUM;9956;13;9953;16;;;9962;16;9965;24;;;9959.0;0.0
yf_ZS=F_d2;28600;INTARIAN_PEPPER_ROOT;12262;6;12258;18;;;12268;16;12271;13;;;12265.0;0.0
yf_ZS=F_d2;28700;ASH_COATED_OSMIUM;9955;7;9953;23;;;9964;11;9967;32;;;9959.5;0.0
yf_ZS=F_d2;28700;INTARIAN_PEPPER_ROOT;12264;12;12262;17;;;12270;8;12272;25;;;12267.0;0.0
yf_ZS=F_d2;28800;ASH_COATED_OSMIUM;9956;9;9953;24;;;9962;17;9965;24;;;9959.0;0.0
yf_ZS=F_d2;28800;INTARIAN_PEPPER_ROOT;12264;23;12262;25;;;12270;15;12272;24;;;12267.0;0.0
yf_ZS=F_d2;28900;ASH_COATED_OSMIUM;9954;9;9952;25;;;9967;15;9970;16;;;9960.5;0.0
yf_ZS=F_d2;28900;INTARIAN_PEPPER_ROOT;12263;17;12260;27;;;12274;13;12277;20;;;12268.5;0.0
yf_ZS=F_d2;29000;ASH_COATED_OSMIUM;9953;18;9949;20;;;9967;21;9971;21;;;9960.0;0.0
yf_ZS=F_d2;29000;INTARIAN_PEPPER_ROOT;12267;21;12264;17;;;12273;13;12276;20;;;12270.0;0.0
yf_ZS=F_d2;29100;ASH_COATED_OSMIUM;9958;18;9954;31;;;9964;20;9967;18;;;9961.0;0.0
yf_ZS=F_d2;29100;INTARIAN_PEPPER_ROOT;12238;9;12236;21;;;12303;11;12305;30;;;12270.5;0.0
yf_ZS=F_d2;29200;ASH_COATED_OSMIUM;9958;12;9954;18;;;9964;11;9968;17;;;9961.0;0.0
yf_ZS=F_d2;29200;INTARIAN_PEPPER_ROOT;12267;22;12265;14;;;12276;11;12278;21;;;12271.5;0.0
yf_ZS=F_d2;29300;ASH_COATED_OSMIUM;9957;8;9955;23;;;9963;15;9965;23;;;9960.0;0.0
yf_ZS=F_d2;29300;INTARIAN_PEPPER_ROOT;12267;7;12264;20;;;12279;12;12281;17;;;12273.0;0.0
yf_ZS=F_d2;29400;ASH_COATED_OSMIUM;9958;20;9955;16;;;9964;14;9966;9;;;9961.0;0.0
yf_ZS=F_d2;29400;INTARIAN_PEPPER_ROOT;12270;18;12266;18;;;12279;13;12283;19;;;12274.5;0.0
yf_ZS=F_d2;29500;ASH_COATED_OSMIUM;9958;15;9954;23;;;9964;16;9966;20;;;9961.0;0.0
yf_ZS=F_d2;29500;INTARIAN_PEPPER_ROOT;12270;14;12268;16;;;12281;20;12284;18;;;12275.5;0.0
yf_ZS=F_d2;29600;ASH_COATED_OSMIUM;9953;23;9951;20;;;9969;11;9971;23;;;9961.0;0.0
yf_ZS=F_d2;29600;INTARIAN_PEPPER_ROOT;12274;17;12272;21;;;12280;14;12284;18;;;12277.0;0.0
yf_ZS=F_d2;29700;ASH_COATED_OSMIUM;9959;19;9956;10;;;9965;10;9967;22;;;9962.0;0.0
yf_ZS=F_d2;29700;INTARIAN_PEPPER_ROOT;12275;12;12272;13;;;12281;19;12284;17;;;12278.0;0.0
yf_ZS=F_d2;29800;ASH_COATED_OSMIUM;9958;14;9955;17;;;9964;23;9967;23;;;9961.0;0.0
yf_ZS=F_d2;29800;INTARIAN_PEPPER_ROOT;12276;22;12273;15;;;12282;17;12286;22;;;12279.0;0.0
yf_ZS=F_d2;29900;ASH_COATED_OSMIUM;9955;9;9953;8;;;9968;17;9971;27;;;9961.5;0.0
yf_ZS=F_d2;29900;INTARIAN_PEPPER_ROOT;12275;11;12272;26;;;12285;16;12287;21;;;12280.0;0.0
yf_ZS=F_d2;30000;ASH_COATED_OSMIUM;9954;12;9952;22;;;9971;29;9975;21;;;9962.5;0.0
yf_ZS=F_d2;30000;INTARIAN_PEPPER_ROOT;12278;16;12274;11;;;12284;17;12288;21;;;12281.0;0.0
yf_ZS=F_d2;30100;ASH_COATED_OSMIUM;9959;20;9957;15;;;9965;23;9969;18;;;9962.0;0.0
yf_ZS=F_d2;30100;INTARIAN_PEPPER_ROOT;12279;18;12277;12;;;12285;24;12287;15;;;12282.0;0.0
yf_ZS=F_d2;30200;ASH_COATED_OSMIUM;9957;12;9953;22;;;9968;15;9970;20;;;9962.5;0.0
yf_ZS=F_d2;30200;INTARIAN_PEPPER_ROOT;12280;17;12277;20;;;12286;15;12290;23;;;12283.0;0.0
yf_ZS=F_d2;30300;ASH_COATED_OSMIUM;9954;10;9950;16;;;9970;15;9974;16;;;9962.0;0.0
yf_ZS=F_d2;30300;INTARIAN_PEPPER_ROOT;12281;18;12278;20;;;12287;6;12290;15;;;12284.0;0.0
yf_ZS=F_d2;30400;ASH_COATED_OSMIUM;9959;7;9957;20;;;9968;18;9971;27;;;9963.5;0.0
yf_ZS=F_d2;30400;INTARIAN_PEPPER_ROOT;12282;28;12279;22;;;12288;13;12290;26;;;12285.0;0.0
yf_ZS=F_d2;30500;ASH_COATED_OSMIUM;9959;20;9956;23;;;9966;13;9970;18;;;9962.5;0.0
yf_ZS=F_d2;30500;INTARIAN_PEPPER_ROOT;12281;8;12277;13;;;12292;18;12296;20;;;12286.5;0.0
yf_ZS=F_d2;30600;ASH_COATED_OSMIUM;9960;14;9958;21;;;9966;7;9968;24;;;9963.0;0.0
yf_ZS=F_d2;30600;INTARIAN_PEPPER_ROOT;12283;15;12279;12;;;12293;12;12297;19;;;12288.0;0.0
yf_ZS=F_d2;30700;ASH_COATED_OSMIUM;9958;16;9955;18;;;9968;13;9970;30;;;9963.0;0.0
yf_ZS=F_d2;30700;INTARIAN_PEPPER_ROOT;12286;19;12283;13;;;12292;10;12294;17;;;12289.0;0.0
yf_ZS=F_d2;30800;ASH_COATED_OSMIUM;9960;20;9957;19;;;9966;5;9970;16;;;9963.0;0.0
yf_ZS=F_d2;30800;INTARIAN_PEPPER_ROOT;12287;15;12284;13;;;12293;8;12296;21;;;12290.0;0.0
yf_ZS=F_d2;30900;ASH_COATED_OSMIUM;9960;12;9956;22;;;9966;15;9970;23;;;9963.0;0.0
yf_ZS=F_d2;30900;INTARIAN_PEPPER_ROOT;12289;16;12285;14;;;12295;12;12299;26;;;12292.0;0.0
yf_ZS=F_d2;31000;ASH_COATED_OSMIUM;9960;10;9956;17;;;9966;13;9970;14;;;9963.0;0.0
yf_ZS=F_d2;31000;INTARIAN_PEPPER_ROOT;12284;15;12282;20;;;12302;14;12306;15;;;12293.0;0.0
yf_ZS=F_d2;31100;ASH_COATED_OSMIUM;9961;16;9958;19;;;9967;11;9971;27;;;9964.0;0.0
yf_ZS=F_d2;31100;INTARIAN_PEPPER_ROOT;12286;8;12282;13;;;12301;20;12303;24;;;12293.5;0.0
yf_ZS=F_d2;31200;ASH_COATED_OSMIUM;9959;19;9955;34;;;9969;12;9971;23;;;9964.0;0.0
yf_ZS=F_d2;31200;INTARIAN_PEPPER_ROOT;12292;11;12290;13;;;12298;14;12301;13;;;12295.0;0.0
yf_ZS=F_d2;31300;ASH_COATED_OSMIUM;9954;20;9951;23;;;9974;6;9977;23;;;9964.0;0.0
yf_ZS=F_d2;31300;INTARIAN_PEPPER_ROOT;12291;11;12287;17;;;12301;7;12305;25;;;12296.0;0.0
yf_ZS=F_d2;31400;ASH_COATED_OSMIUM;9960;14;9956;19;;;9968;12;9972;20;;;9964.0;0.0
yf_ZS=F_d2;31400;INTARIAN_PEPPER_ROOT;12294;13;12292;20;;;12300;9;12302;18;;;12297.0;0.0
yf_ZS=F_d2;31500;ASH_COATED_OSMIUM;9961;18;9959;14;;;9967;22;9971;21;;;9964.0;0.0
yf_ZS=F_d2;31500;INTARIAN_PEPPER_ROOT;12295;12;12293;22;;;12301;10;12304;16;;;12298.0;0.0
yf_ZS=F_d2;31600;ASH_COATED_OSMIUM;9962;12;9958;22;;;9968;18;9971;19;;;9965.0;0.0
yf_ZS=F_d2;31600;INTARIAN_PEPPER_ROOT;12291;19;12287;24;;;12307;19;12309;17;;;12299.0;0.0
yf_ZS=F_d2;31700;ASH_COATED_OSMIUM;9962;17;9960;27;;;9968;17;9971;23;;;9965.0;0.0
yf_ZS=F_d2;31700;INTARIAN_PEPPER_ROOT;12295;10;12293;19;;;12305;16;12309;12;;;12300.0;0.0
yf_ZS=F_d2;31800;ASH_COATED_OSMIUM;9963;13;9960;26;;;9969;5;9972;19;;;9966.0;0.0
yf_ZS=F_d2;31800;INTARIAN_PEPPER_ROOT;12298;9;12294;17;;;12304;11;12306;18;;;12301.0;0.0
yf_ZS=F_d2;31900;ASH_COATED_OSMIUM;9962;11;9960;17;;;9968;17;9970;20;;;9965.0;0.0
yf_ZS=F_d2;31900;INTARIAN_PEPPER_ROOT;12296;17;12292;23;;;12310;14;12314;19;;;12303.0;0.0
yf_ZS=F_d2;32000;ASH_COATED_OSMIUM;9962;10;9960;24;;;9968;17;9972;19;;;9965.0;0.0
yf_ZS=F_d2;32000;INTARIAN_PEPPER_ROOT;12301;17;12298;13;;;12307;13;12311;19;;;12304.0;0.0
yf_ZS=F_d2;32100;ASH_COATED_OSMIUM;9959;19;9957;24;;;9973;11;9976;17;;;9966.0;0.0
yf_ZS=F_d2;32100;INTARIAN_PEPPER_ROOT;12302;13;12299;18;;;12308;13;12311;24;;;12305.0;0.0
yf_ZS=F_d2;32200;ASH_COATED_OSMIUM;9963;8;9959;15;;;9969;17;9972;20;;;9966.0;0.0
yf_ZS=F_d2;32200;INTARIAN_PEPPER_ROOT;12303;11;12301;27;;;12309;14;12313;26;;;12306.0;0.0
yf_ZS=F_d2;32300;ASH_COATED_OSMIUM;9959;11;9955;14;;;9974;19;9976;19;;;9966.5;0.0
yf_ZS=F_d2;32300;INTARIAN_PEPPER_ROOT;12304;5;12302;25;;;12312;17;12314;11;;;12308.0;0.0
yf_ZS=F_d2;32400;ASH_COATED_OSMIUM;9960;15;9957;24;;;9972;13;9975;19;;;9966.0;0.0
yf_ZS=F_d2;32400;INTARIAN_PEPPER_ROOT;12305;7;12303;14;;;12311;15;12313;16;;;12308.0;0.0
yf_ZS=F_d2;32500;ASH_COATED_OSMIUM;9950;15;9948;24;;;9983;9;9986;18;;;9966.5;0.0
yf_ZS=F_d2;32500;INTARIAN_PEPPER_ROOT;12306;19;12304;12;;;12312;21;12315;14;;;12309.0;0.0
yf_ZS=F_d2;32600;ASH_COATED_OSMIUM;9964;12;9961;20;;;9970;16;9973;21;;;9967.0;0.0
yf_ZS=F_d2;32600;INTARIAN_PEPPER_ROOT;12306;18;12304;21;;;12315;23;12318;24;;;12310.5;0.0
yf_ZS=F_d2;32700;ASH_COATED_OSMIUM;9964;16;9960;26;;;9970;5;9974;21;;;9967.0;0.0
yf_ZS=F_d2;32700;INTARIAN_PEPPER_ROOT;12304;18;12302;21;;;12320;10;12324;27;;;12312.0;0.0
yf_ZS=F_d2;32800;ASH_COATED_OSMIUM;9956;14;9953;22;;;9977;17;9979;21;;;9966.5;0.0
yf_ZS=F_d2;32800;INTARIAN_PEPPER_ROOT;12305;5;12302;26;;;12322;13;12325;22;;;12313.5;0.0
yf_ZS=F_d2;32900;ASH_COATED_OSMIUM;9956;17;9952;18;;;9977;19;9981;18;;;9966.5;0.0
yf_ZS=F_d2;32900;INTARIAN_PEPPER_ROOT;12311;5;12308;8;;;12317;24;12319;21;;;12314.0;0.0
yf_ZS=F_d2;33000;ASH_COATED_OSMIUM;9964;15;9962;10;;;9970;7;9974;21;;;9967.0;0.0
yf_ZS=F_d2;33000;INTARIAN_PEPPER_ROOT;12312;15;12309;12;;;12318;8;12320;10;;;12315.0;0.0
yf_ZS=F_d2;33100;ASH_COATED_OSMIUM;9965;8;9961;20;;;9971;11;9973;16;;;9968.0;0.0
yf_ZS=F_d2;33100;INTARIAN_PEPPER_ROOT;12307;15;12303;9;;;12325;25;12328;16;;;12316.0;0.0
yf_ZS=F_d2;33200;ASH_COATED_OSMIUM;9960;15;9956;16;;;9975;21;9977;15;;;9967.5;0.0
yf_ZS=F_d2;33200;INTARIAN_PEPPER_ROOT;12315;17;12311;16;;;12321;13;12324;25;;;12318.0;0.0
yf_ZS=F_d2;33300;ASH_COATED_OSMIUM;9965;16;9961;22;;;9971;8;9974;22;;;9968.0;0.0
yf_ZS=F_d2;33300;INTARIAN_PEPPER_ROOT;12315;22;12312;24;;;12321;18;12323;21;;;12318.0;0.0
yf_ZS=F_d2;33400;ASH_COATED_OSMIUM;9965;15;9961;19;;;9971;17;9975;17;;;9968.0;0.0
yf_ZS=F_d2;33400;INTARIAN_PEPPER_ROOT;12312;15;12309;20;;;12326;12;12329;20;;;12319.0;0.0
yf_ZS=F_d2;33500;ASH_COATED_OSMIUM;9965;17;9961;28;;;9971;10;9975;21;;;9968.0;0.0
yf_ZS=F_d2;33500;INTARIAN_PEPPER_ROOT;12318;16;12315;10;;;12324;14;12326;21;;;12321.0;0.0
yf_ZS=F_d2;33600;ASH_COATED_OSMIUM;9966;5;9963;9;;;9972;14;9974;13;;;9969.0;0.0
yf_ZS=F_d2;33600;INTARIAN_PEPPER_ROOT;12311;18;12307;29;;;12332;18;12334;22;;;12321.5;0.0
yf_ZS=F_d2;33700;ASH_COATED_OSMIUM;9967;11;9964;12;;;9973;16;9976;19;;;9970.0;0.0
yf_ZS=F_d2;33700;INTARIAN_PEPPER_ROOT;12315;10;12311;18;;;12331;19;12335;16;;;12323.0;0.0
yf_ZS=F_d2;33800;ASH_COATED_OSMIUM;9966;7;9962;17;;;9972;12;9976;21;;;9969.0;0.0
yf_ZS=F_d2;33800;INTARIAN_PEPPER_ROOT;12321;5;12317;20;;;12327;17;12331;15;;;12324.0;0.0
yf_ZS=F_d2;33900;ASH_COATED_OSMIUM;9958;5;9956;24;;;9981;13;9984;19;;;9969.5;0.0
yf_ZS=F_d2;33900;INTARIAN_PEPPER_ROOT;12322;11;12319;22;;;12328;16;12331;20;;;12325.0;0.0
yf_ZS=F_d2;34000;ASH_COATED_OSMIUM;9965;14;9961;22;;;9973;11;9976;22;;;9969.0;0.0
yf_ZS=F_d2;34000;INTARIAN_PEPPER_ROOT;12323;16;12320;17;;;12329;9;12331;23;;;12326.0;0.0
yf_ZS=F_d2;34100;ASH_COATED_OSMIUM;9965;23;9962;19;;;9973;14;9977;8;;;9969.0;0.0
yf_ZS=F_d2;34100;INTARIAN_PEPPER_ROOT;12324;19;12320;13;;;12330;17;12333;23;;;12327.0;0.0
yf_ZS=F_d2;34200;ASH_COATED_OSMIUM;9958;11;9954;27;;;9978;11;9980;13;;;9968.0;0.0
yf_ZS=F_d2;34200;INTARIAN_PEPPER_ROOT;12321;18;12317;16;;;12333;14;12336;16;;;12327.0;0.0
yf_ZS=F_d2;34300;ASH_COATED_OSMIUM;9966;8;9962;13;;;9972;5;9975;17;;;9969.0;0.0
yf_ZS=F_d2;34300;INTARIAN_PEPPER_ROOT;12325;16;12323;14;;;12331;17;12333;15;;;12328.0;0.0
yf_ZS=F_d2;34400;ASH_COATED_OSMIUM;9961;18;9958;19;;;9977;8;9979;18;;;9969.0;0.0
yf_ZS=F_d2;34400;INTARIAN_PEPPER_ROOT;12322;24;12319;24;;;12333;19;12336;18;;;12327.5;0.0
yf_ZS=F_d2;34500;ASH_COATED_OSMIUM;9966;12;9964;30;;;9972;19;9975;21;;;9969.0;0.0
yf_ZS=F_d2;34500;INTARIAN_PEPPER_ROOT;12322;12;12318;28;;;12334;5;12338;18;;;12328.0;0.0
yf_ZS=F_d2;34600;ASH_COATED_OSMIUM;9966;14;9963;16;;;9972;19;9976;18;;;9969.0;0.0
yf_ZS=F_d2;34600;INTARIAN_PEPPER_ROOT;12321;9;12318;22;;;12338;7;12342;18;;;12329.5;0.0
yf_ZS=F_d2;34700;ASH_COATED_OSMIUM;9965;17;9963;17;;;9972;13;9975;19;;;9968.5;0.0
yf_ZS=F_d2;34700;INTARIAN_PEPPER_ROOT;12328;16;12324;10;;;12334;17;12338;24;;;12331.0;0.0
yf_ZS=F_d2;34800;ASH_COATED_OSMIUM;9966;14;9964;19;;;9972;14;9976;22;;;9969.0;0.0
yf_ZS=F_d2;34800;INTARIAN_PEPPER_ROOT;12328;15;12326;16;;;12334;20;12337;24;;;12331.0;0.0
yf_ZS=F_d2;34900;ASH_COATED_OSMIUM;9965;15;9963;21;;;9971;13;9973;8;;;9968.0;0.0
yf_ZS=F_d2;34900;INTARIAN_PEPPER_ROOT;12329;20;12326;22;;;12335;18;12339;20;;;12332.0;0.0
yf_ZS=F_d2;35000;ASH_COATED_OSMIUM;9966;10;9963;17;;;9972;13;9976;23;;;9969.0;0.0
yf_ZS=F_d2;35000;INTARIAN_PEPPER_ROOT;12327;15;12324;13;;;12336;19;12340;19;;;12331.5;0.0
yf_ZS=F_d2;35100;ASH_COATED_OSMIUM;9965;18;9962;17;;;9971;18;9975;16;;;9968.0;0.0
yf_ZS=F_d2;35100;INTARIAN_PEPPER_ROOT;12329;23;12327;15;;;12335;26;12338;16;;;12332.0;0.0
yf_ZS=F_d2;35200;ASH_COATED_OSMIUM;9966;21;9963;21;;;9972;24;9974;31;;;9969.0;0.0
yf_ZS=F_d2;35200;INTARIAN_PEPPER_ROOT;12330;15;12326;18;;;12336;12;12340;23;;;12333.0;0.0
yf_ZS=F_d2;35300;ASH_COATED_OSMIUM;9966;15;9963;15;;;9972;10;9975;15;;;9969.0;0.0
yf_ZS=F_d2;35300;INTARIAN_PEPPER_ROOT;12327;15;12325;23;;;12342;6;12344;12;;;12334.5;0.0
yf_ZS=F_d2;35400;ASH_COATED_OSMIUM;9965;19;9963;15;;;9971;18;9974;16;;;9968.0;0.0
yf_ZS=F_d2;35400;INTARIAN_PEPPER_ROOT;12331;17;12329;12;;;12337;17;12340;17;;;12334.0;0.0
yf_ZS=F_d2;35500;ASH_COATED_OSMIUM;9962;21;9958;19;;;9973;21;9977;16;;;9967.5;0.0
yf_ZS=F_d2;35500;INTARIAN_PEPPER_ROOT;12332;20;12329;10;;;12338;8;12340;19;;;12335.0;0.0
yf_ZS=F_d2;35600;ASH_COATED_OSMIUM;9964;13;9962;16;;;9972;17;9975;18;;;9968.0;0.0
yf_ZS=F_d2;35600;INTARIAN_PEPPER_ROOT;12332;21;12328;24;;;12338;23;12342;17;;;12335.0;0.0
yf_ZS=F_d2;35700;ASH_COATED_OSMIUM;9963;6;9961;17;;;9975;22;9979;20;;;9969.0;0.0
yf_ZS=F_d2;35700;INTARIAN_PEPPER_ROOT;12332;21;12330;18;;;12339;9;12343;23;;;12335.5;0.0
yf_ZS=F_d2;35800;ASH_COATED_OSMIUM;9965;20;9961;16;;;9971;14;9975;20;;;9968.0;0.0
yf_ZS=F_d2;35800;INTARIAN_PEPPER_ROOT;12333;12;12329;19;;;12339;8;12342;26;;;12336.0;0.0
yf_ZS=F_d2;35900;ASH_COATED_OSMIUM;9965;15;9961;23;;;9971;22;9975;18;;;9968.0;0.0
yf_ZS=F_d2;35900;INTARIAN_PEPPER_ROOT;12334;18;12332;22;;;12340;22;12343;27;;;12337.0;0.0
yf_ZS=F_d2;36000;ASH_COATED_OSMIUM;9962;14;9959;12;;;9975;23;9978;19;;;9968.5;0.0
yf_ZS=F_d2;36000;INTARIAN_PEPPER_ROOT;12335;22;12331;21;;;12341;13;12344;14;;;12338.0;0.0
yf_ZS=F_d2;36100;ASH_COATED_OSMIUM;9965;19;9962;18;;;9971;16;9974;27;;;9968.0;0.0
yf_ZS=F_d2;36100;INTARIAN_PEPPER_ROOT;12336;22;12334;15;;;12342;14;12344;23;;;12339.0;0.0
yf_ZS=F_d2;36200;ASH_COATED_OSMIUM;9962;16;9959;15;;;9974;14;9976;20;;;9968.0;0.0
yf_ZS=F_d2;36200;INTARIAN_PEPPER_ROOT;12336;10;12332;16;;;12342;15;12346;15;;;12339.0;0.0
yf_ZS=F_d2;36300;ASH_COATED_OSMIUM;9965;10;9961;21;;;9971;14;9974;21;;;9968.0;0.0
yf_ZS=F_d2;36300;INTARIAN_PEPPER_ROOT;12332;11;12330;13;;;12347;13;12349;25;;;12339.5;0.0
yf_ZS=F_d2;36400;ASH_COATED_OSMIUM;9965;13;9963;15;;;9971;12;9974;22;;;9968.0;0.0
yf_ZS=F_d2;36400;INTARIAN_PEPPER_ROOT;12338;14;12334;18;;;12344;18;12347;17;;;12341.0;0.0
yf_ZS=F_d2;36500;ASH_COATED_OSMIUM;9965;13;9962;22;;;9971;20;9974;20;;;9968.0;0.0
yf_ZS=F_d2;36500;INTARIAN_PEPPER_ROOT;12332;5;12328;23;;;12351;12;12354;23;;;12341.5;0.0
yf_ZS=F_d2;36600;ASH_COATED_OSMIUM;9965;8;9962;23;;;9971;19;9974;28;;;9968.0;0.0
yf_ZS=F_d2;36600;INTARIAN_PEPPER_ROOT;12339;18;12336;27;;;12345;20;12347;19;;;12342.0;0.0
yf_ZS=F_d2;36700;ASH_COATED_OSMIUM;9964;12;9962;15;;;9970;5;9972;17;;;9967.0;0.0
yf_ZS=F_d2;36700;INTARIAN_PEPPER_ROOT;12339;5;12337;22;;;12345;12;12349;16;;;12342.0;0.0
yf_ZS=F_d2;36800;ASH_COATED_OSMIUM;9963;7;9959;21;;;9974;13;9978;21;;;9968.5;0.0
yf_ZS=F_d2;36800;INTARIAN_PEPPER_ROOT;12338;13;12334;22;;;12347;9;12351;16;;;12342.5;0.0
yf_ZS=F_d2;36900;ASH_COATED_OSMIUM;9962;8;9959;17;;;9975;19;9977;13;;;9968.5;0.0
yf_ZS=F_d2;36900;INTARIAN_PEPPER_ROOT;12337;11;12335;13;;;12350;11;12353;18;;;12343.5;0.0
yf_ZS=F_d2;37000;ASH_COATED_OSMIUM;9965;25;9961;18;;;9971;7;9973;10;;;9968.0;0.0
yf_ZS=F_d2;37000;INTARIAN_PEPPER_ROOT;12341;14;12337;20;;;12347;9;12350;28;;;12344.0;0.0
yf_ZS=F_d2;37100;ASH_COATED_OSMIUM;9964;20;9961;15;;;9971;16;9974;15;;;9967.5;0.0
yf_ZS=F_d2;37100;INTARIAN_PEPPER_ROOT;12341;14;12337;23;;;12347;16;12350;21;;;12344.0;0.0
yf_ZS=F_d2;37200;ASH_COATED_OSMIUM;9946;14;9944;19;;;9989;10;9991;17;;;9967.5;0.0
yf_ZS=F_d2;37200;INTARIAN_PEPPER_ROOT;12343;16;12341;18;;;12349;19;12352;20;;;12346.0;0.0
yf_ZS=F_d2;37300;ASH_COATED_OSMIUM;9965;20;9961;18;;;9971;10;9975;15;;;9968.0;0.0
yf_ZS=F_d2;37300;INTARIAN_PEPPER_ROOT;12343;8;12339;25;;;12349;15;12353;10;;;12346.0;0.0
yf_ZS=F_d2;37400;ASH_COATED_OSMIUM;9964;18;9962;16;;;9970;25;9973;24;;;9967.0;0.0
yf_ZS=F_d2;37400;INTARIAN_PEPPER_ROOT;12338;22;12335;11;;;12354;29;12357;14;;;12346.0;0.0
yf_ZS=F_d2;37500;ASH_COATED_OSMIUM;9964;19;9960;24;;;9970;20;9972;21;;;9967.0;0.0
yf_ZS=F_d2;37500;INTARIAN_PEPPER_ROOT;12338;7;12335;22;;;12356;10;12359;23;;;12347.0;0.0
yf_ZS=F_d2;37600;ASH_COATED_OSMIUM;9964;5;9960;20;;;9970;12;9974;22;;;9967.0;0.0
yf_ZS=F_d2;37600;INTARIAN_PEPPER_ROOT;12345;19;12343;14;;;12351;18;12355;22;;;12348.0;0.0
yf_ZS=F_d2;37700;ASH_COATED_OSMIUM;9965;14;9962;14;;;9971;15;9974;19;;;9968.0;0.0
yf_ZS=F_d2;37700;INTARIAN_PEPPER_ROOT;12342;20;12339;22;;;12354;13;12357;35;;;12348.0;0.0
yf_ZS=F_d2;37800;ASH_COATED_OSMIUM;9962;15;9959;16;;;9971;15;9974;10;;;9966.5;0.0
yf_ZS=F_d2;37800;INTARIAN_PEPPER_ROOT;12347;19;12344;23;;;12353;13;12356;24;;;12350.0;0.0
yf_ZS=F_d2;37900;ASH_COATED_OSMIUM;9963;21;9961;25;;;9971;24;9974;20;;;9967.0;0.0
yf_ZS=F_d2;37900;INTARIAN_PEPPER_ROOT;12347;9;12344;15;;;12353;7;12355;19;;;12350.0;0.0
yf_ZS=F_d2;38000;ASH_COATED_OSMIUM;9964;18;9962;23;;;9970;17;9973;27;;;9967.0;0.0
yf_ZS=F_d2;38000;INTARIAN_PEPPER_ROOT;12347;18;12345;14;;;12353;15;12356;13;;;12350.0;0.0
yf_ZS=F_d2;38100;ASH_COATED_OSMIUM;9964;8;9960;14;;;9971;21;9974;23;;;9967.5;0.0
yf_ZS=F_d2;38100;INTARIAN_PEPPER_ROOT;12345;5;12341;14;;;12357;17;12360;20;;;12351.0;0.0
yf_ZS=F_d2;38200;ASH_COATED_OSMIUM;9961;20;9957;24;;;9973;8;9975;14;;;9967.0;0.0
yf_ZS=F_d2;38200;INTARIAN_PEPPER_ROOT;12349;12;12347;17;;;12355;20;12359;19;;;12352.0;0.0
yf_ZS=F_d2;38300;ASH_COATED_OSMIUM;9961;21;9958;19;;;9972;15;9974;20;;;9966.5;0.0
yf_ZS=F_d2;38300;INTARIAN_PEPPER_ROOT;12349;9;12345;18;;;12355;20;12359;17;;;12352.0;0.0
yf_ZS=F_d2;38400;ASH_COATED_OSMIUM;9964;25;9960;21;;;9970;12;9974;26;;;9967.0;0.0
yf_ZS=F_d2;38400;INTARIAN_PEPPER_ROOT;12350;19;12347;17;;;12356;19;12358;31;;;12353.0;0.0
yf_ZS=F_d2;38500;ASH_COATED_OSMIUM;9960;12;9956;20;;;9973;13;9977;15;;;9966.5;0.0
yf_ZS=F_d2;38500;INTARIAN_PEPPER_ROOT;12350;16;12347;17;;;12356;21;12358;16;;;12353.0;0.0
yf_ZS=F_d2;38600;ASH_COATED_OSMIUM;9964;17;9961;22;;;9970;7;9972;22;;;9967.0;0.0
yf_ZS=F_d2;38600;INTARIAN_PEPPER_ROOT;12351;9;12349;23;;;12357;15;12360;17;;;12354.0;0.0
yf_ZS=F_d2;38700;ASH_COATED_OSMIUM;9964;17;9961;16;;;9970;13;9973;25;;;9967.0;0.0
yf_ZS=F_d2;38700;INTARIAN_PEPPER_ROOT;12341;8;12337;17;;;12369;19;12371;26;;;12355.0;0.0
yf_ZS=F_d2;38800;ASH_COATED_OSMIUM;9964;22;9960;18;;;9971;14;9975;21;;;9967.5;0.0
yf_ZS=F_d2;38800;INTARIAN_PEPPER_ROOT;12352;19;12350;17;;;12358;10;12362;19;;;12355.0;0.0
yf_ZS=F_d2;38900;ASH_COATED_OSMIUM;9964;11;9961;22;;;9970;29;9974;26;;;9967.0;0.0
yf_ZS=F_d2;38900;INTARIAN_PEPPER_ROOT;12353;6;12351;20;;;12359;11;12361;21;;;12356.0;0.0
yf_ZS=F_d2;39000;ASH_COATED_OSMIUM;9962;11;9959;21;;;9971;24;9975;22;;;9966.5;0.0
yf_ZS=F_d2;39000;INTARIAN_PEPPER_ROOT;12353;5;12351;23;;;12359;25;12361;20;;;12356.0;0.0
yf_ZS=F_d2;39100;ASH_COATED_OSMIUM;9958;14;9955;18;;;9975;19;9978;15;;;9966.5;0.0
yf_ZS=F_d2;39100;INTARIAN_PEPPER_ROOT;12353;8;12349;21;;;12359;19;12363;14;;;12356.0;0.0
yf_ZS=F_d2;39200;ASH_COATED_OSMIUM;9964;17;9962;25;;;9970;16;9972;30;;;9967.0;0.0
yf_ZS=F_d2;39200;INTARIAN_PEPPER_ROOT;12353;12;12351;16;;;12362;13;12364;12;;;12357.5;0.0
yf_ZS=F_d2;39300;ASH_COATED_OSMIUM;9964;15;9961;17;;;9970;24;9973;17;;;9967.0;0.0
yf_ZS=F_d2;39300;INTARIAN_PEPPER_ROOT;12355;22;12353;32;;;12361;16;12365;19;;;12358.0;0.0
yf_ZS=F_d2;39400;ASH_COATED_OSMIUM;9954;17;9950;15;;;9978;18;9982;21;;;9966.0;0.0
yf_ZS=F_d2;39400;INTARIAN_PEPPER_ROOT;12352;11;12348;20;;;12365;18;12368;27;;;12358.5;0.0
yf_ZS=F_d2;39500;ASH_COATED_OSMIUM;9964;14;9962;24;;;9970;20;9972;8;;;9967.0;0.0
yf_ZS=F_d2;39500;INTARIAN_PEPPER_ROOT;12350;16;12348;13;;;12368;12;12371;22;;;12359.0;0.0
yf_ZS=F_d2;39600;ASH_COATED_OSMIUM;9964;5;9962;26;;;9970;17;9973;17;;;9967.0;0.0
yf_ZS=F_d2;39600;INTARIAN_PEPPER_ROOT;12357;14;12354;25;;;12363;12;12365;18;;;12360.0;0.0
yf_ZS=F_d2;39700;ASH_COATED_OSMIUM;9964;11;9960;20;;;9970;8;9973;22;;;9967.0;0.0
yf_ZS=F_d2;39700;INTARIAN_PEPPER_ROOT;12357;25;12355;25;;;12363;13;12365;20;;;12360.0;0.0
yf_ZS=F_d2;39800;ASH_COATED_OSMIUM;9950;11;9946;18;;;9982;14;9984;20;;;9966.0;0.0
yf_ZS=F_d2;39800;INTARIAN_PEPPER_ROOT;12358;6;12356;18;;;12364;5;12367;20;;;12361.0;0.0
yf_ZS=F_d2;39900;ASH_COATED_OSMIUM;9964;12;9961;21;;;9970;24;9973;11;;;9967.0;0.0
yf_ZS=F_d2;39900;INTARIAN_PEPPER_ROOT;12359;13;12355;11;;;12365;17;12367;18;;;12362.0;0.0
yf_ZS=F_d2;40000;ASH_COATED_OSMIUM;9947;9;9945;12;;;9986;17;9988;14;;;9966.5;0.0
yf_ZS=F_d2;40000;INTARIAN_PEPPER_ROOT;12359;16;12357;22;;;12365;15;12369;23;;;12362.0;0.0
yf_ZS=F_d2;40100;ASH_COATED_OSMIUM;9963;7;9960;10;;;9969;13;9973;25;;;9966.0;0.0
yf_ZS=F_d2;40100;INTARIAN_PEPPER_ROOT;12352;10;12348;21;;;12374;9;12377;17;;;12363.0;0.0
yf_ZS=F_d2;40200;ASH_COATED_OSMIUM;9963;19;9959;11;;;9970;6;9973;25;;;9966.5;0.0
yf_ZS=F_d2;40200;INTARIAN_PEPPER_ROOT;12360;5;12356;14;;;12366;13;12369;27;;;12363.0;0.0
yf_ZS=F_d2;40300;ASH_COATED_OSMIUM;9963;14;9959;13;;;9969;13;9971;18;;;9966.0;0.0
yf_ZS=F_d2;40300;INTARIAN_PEPPER_ROOT;12359;15;12356;11;;;12369;23;12373;11;;;12364.0;0.0
yf_ZS=F_d2;40400;ASH_COATED_OSMIUM;9963;17;9960;19;;;9970;11;9973;19;;;9966.5;0.0
yf_ZS=F_d2;40400;INTARIAN_PEPPER_ROOT;12362;15;12360;25;;;12368;20;12370;17;;;12365.0;0.0
yf_ZS=F_d2;40500;ASH_COATED_OSMIUM;9963;26;9961;16;;;9969;9;9973;17;;;9966.0;0.0
yf_ZS=F_d2;40500;INTARIAN_PEPPER_ROOT;12362;14;12359;17;;;12368;20;12370;16;;;12365.0;0.0
yf_ZS=F_d2;40600;ASH_COATED_OSMIUM;9963;14;9961;15;;;9969;18;9972;25;;;9966.0;0.0
yf_ZS=F_d2;40600;INTARIAN_PEPPER_ROOT;12363;17;12361;22;;;12369;12;12372;22;;;12366.0;0.0
yf_ZS=F_d2;40700;ASH_COATED_OSMIUM;9960;21;9958;21;;;9973;7;9977;15;;;9966.5;0.0
yf_ZS=F_d2;40700;INTARIAN_PEPPER_ROOT;12359;7;12357;19;;;12374;16;12378;12;;;12366.5;0.0
yf_ZS=F_d2;40800;ASH_COATED_OSMIUM;9962;9;9960;22;;;9968;10;9971;30;;;9965.0;0.0
yf_ZS=F_d2;40800;INTARIAN_PEPPER_ROOT;12365;19;12361;24;;;12371;16;12374;23;;;12368.0;0.0
yf_ZS=F_d2;40900;ASH_COATED_OSMIUM;9960;9;9956;24;;;9972;11;9974;17;;;9966.0;0.0
yf_ZS=F_d2;40900;INTARIAN_PEPPER_ROOT;12365;23;12363;19;;;12371;18;12375;22;;;12368.0;0.0
yf_ZS=F_d2;41000;ASH_COATED_OSMIUM;9963;17;9961;21;;;9969;16;9972;23;;;9966.0;0.0
yf_ZS=F_d2;41000;INTARIAN_PEPPER_ROOT;12365;21;12362;19;;;12371;5;12373;15;;;12368.0;0.0
yf_ZS=F_d2;41100;ASH_COATED_OSMIUM;9958;7;9956;29;;;9974;12;9978;16;;;9966.0;0.0
yf_ZS=F_d2;41100;INTARIAN_PEPPER_ROOT;12367;13;12365;23;;;12373;21;12375;22;;;12370.0;0.0
yf_ZS=F_d2;41200;ASH_COATED_OSMIUM;9961;13;9957;22;;;9970;16;9973;17;;;9965.5;0.0
yf_ZS=F_d2;41200;INTARIAN_PEPPER_ROOT;12367;5;12363;13;;;12373;12;12377;20;;;12370.0;0.0
yf_ZS=F_d2;41300;ASH_COATED_OSMIUM;9963;15;9960;12;;;9969;23;9971;10;;;9966.0;0.0
yf_ZS=F_d2;41300;INTARIAN_PEPPER_ROOT;12367;14;12365;18;;;12373;14;12375;14;;;12370.0;0.0
yf_ZS=F_d2;41400;ASH_COATED_OSMIUM;9962;23;9958;19;;;9970;15;9973;20;;;9966.0;0.0
yf_ZS=F_d2;41400;INTARIAN_PEPPER_ROOT;12364;14;12362;24;;;12378;9;12382;25;;;12371.0;0.0
yf_ZS=F_d2;41500;ASH_COATED_OSMIUM;9952;10;9950;22;;;9979;17;9983;19;;;9965.5;0.0
yf_ZS=F_d2;41500;INTARIAN_PEPPER_ROOT;12368;17;12364;22;;;12374;5;12376;23;;;12371.0;0.0
yf_ZS=F_d2;41600;ASH_COATED_OSMIUM;9963;8;9960;23;;;9970;14;9974;23;;;9966.5;0.0
yf_ZS=F_d2;41600;INTARIAN_PEPPER_ROOT;12356;16;12353;10;;;12389;22;12392;20;;;12372.5;0.0
yf_ZS=F_d2;41700;ASH_COATED_OSMIUM;9963;8;9961;19;;;9969;16;9972;14;;;9966.0;0.0
yf_ZS=F_d2;41700;INTARIAN_PEPPER_ROOT;12370;14;12368;28;;;12376;12;12378;8;;;12373.0;0.0
yf_ZS=F_d2;41800;ASH_COATED_OSMIUM;9962;5;9958;16;;;9968;12;9971;19;;;9965.0;0.0
yf_ZS=F_d2;41800;INTARIAN_PEPPER_ROOT;12370;15;12367;22;;;12376;17;12379;25;;;12373.0;0.0
yf_ZS=F_d2;41900;ASH_COATED_OSMIUM;9963;12;9961;18;;;9969;14;9972;23;;;9966.0;0.0
yf_ZS=F_d2;41900;INTARIAN_PEPPER_ROOT;12371;21;12368;21;;;12377;14;12381;17;;;12374.0;0.0
yf_ZS=F_d2;42000;ASH_COATED_OSMIUM;9963;15;9960;23;;;9969;19;9972;23;;;9966.0;0.0
yf_ZS=F_d2;42000;INTARIAN_PEPPER_ROOT;12371;27;12368;18;;;12379;19;12382;26;;;12375.0;0.0
yf_ZS=F_d2;42100;ASH_COATED_OSMIUM;9962;10;9958;30;;;9968;15;9972;12;;;9965.0;0.0
yf_ZS=F_d2;42100;INTARIAN_PEPPER_ROOT;12369;16;12366;16;;;12381;9;12384;11;;;12375.0;0.0
yf_ZS=F_d2;42200;ASH_COATED_OSMIUM;9962;16;9958;18;;;9969;7;9971;12;;;9965.5;0.0
yf_ZS=F_d2;42200;INTARIAN_PEPPER_ROOT;12372;22;12368;22;;;12378;27;12381;22;;;12375.0;0.0
yf_ZS=F_d2;42300;ASH_COATED_OSMIUM;9963;5;9959;25;;;9969;17;9971;14;;;9966.0;0.0
yf_ZS=F_d2;42300;INTARIAN_PEPPER_ROOT;12373;12;12370;14;;;12379;14;12383;21;;;12376.0;0.0
yf_ZS=F_d2;42400;ASH_COATED_OSMIUM;9961;21;9959;17;;;9970;18;9973;20;;;9965.5;0.0
yf_ZS=F_d2;42400;INTARIAN_PEPPER_ROOT;12373;25;12371;16;;;12379;20;12382;15;;;12376.0;0.0
yf_ZS=F_d2;42500;ASH_COATED_OSMIUM;9961;14;9959;23;;;9969;21;9972;21;;;9965.0;0.0
yf_ZS=F_d2;42500;INTARIAN_PEPPER_ROOT;12365;13;12361;14;;;12390;10;12394;19;;;12377.5;0.0
yf_ZS=F_d2;42600;ASH_COATED_OSMIUM;9961;11;9958;8;;;9969;24;9972;10;;;9965.0;0.0
yf_ZS=F_d2;42600;INTARIAN_PEPPER_ROOT;12375;19;12371;18;;;12381;14;12385;22;;;12378.0;0.0
yf_ZS=F_d2;42700;ASH_COATED_OSMIUM;9960;24;9957;17;;;9971;12;9974;22;;;9965.5;0.0
yf_ZS=F_d2;42700;INTARIAN_PEPPER_ROOT;12368;20;12365;16;;;12388;17;12390;23;;;12378.0;0.0
yf_ZS=F_d2;42800;ASH_COATED_OSMIUM;9962;13;9959;23;;;9968;17;9970;20;;;9965.0;0.0
yf_ZS=F_d2;42800;INTARIAN_PEPPER_ROOT;12373;11;12370;21;;;12386;10;12389;25;;;12379.5;0.0
yf_ZS=F_d2;42900;ASH_COATED_OSMIUM;9953;10;9950;23;;;9977;19;9979;15;;;9965.0;0.0
yf_ZS=F_d2;42900;INTARIAN_PEPPER_ROOT;12377;16;12373;26;;;12383;19;12385;19;;;12380.0;0.0
yf_ZS=F_d2;43000;ASH_COATED_OSMIUM;9962;17;9960;17;;;9968;20;9970;18;;;9965.0;0.0
yf_ZS=F_d2;43000;INTARIAN_PEPPER_ROOT;12378;21;12374;18;;;12384;15;12388;25;;;12381.0;0.0
yf_ZS=F_d2;43100;ASH_COATED_OSMIUM;9962;23;9958;26;;;9968;16;9970;24;;;9965.0;0.0
yf_ZS=F_d2;43100;INTARIAN_PEPPER_ROOT;12370;18;12368;21;;;12392;21;12394;24;;;12381.0;0.0
yf_ZS=F_d2;43200;ASH_COATED_OSMIUM;9962;6;9958;18;;;9968;10;9972;13;;;9965.0;0.0
yf_ZS=F_d2;43200;INTARIAN_PEPPER_ROOT;12379;9;12375;28;;;12385;12;12388;21;;;12382.0;0.0
yf_ZS=F_d2;43300;ASH_COATED_OSMIUM;9962;12;9958;9;;;9968;17;9971;17;;;9965.0;0.0
yf_ZS=F_d2;43300;INTARIAN_PEPPER_ROOT;12366;19;12364;14;;;12400;26;12404;20;;;12383.0;0.0
yf_ZS=F_d2;43400;ASH_COATED_OSMIUM;9960;13;9957;22;;;9970;28;9973;15;;;9965.0;0.0
yf_ZS=F_d2;43400;INTARIAN_PEPPER_ROOT;12380;9;12377;11;;;12386;10;12389;10;;;12383.0;0.0
yf_ZS=F_d2;43500;ASH_COATED_OSMIUM;9962;20;9958;13;;;9968;17;9970;16;;;9965.0;0.0
yf_ZS=F_d2;43500;INTARIAN_PEPPER_ROOT;12381;18;12378;17;;;12387;15;12389;26;;;12384.0;0.0
yf_ZS=F_d2;43600;ASH_COATED_OSMIUM;9960;11;9958;21;;;9969;18;9973;19;;;9964.5;0.0
yf_ZS=F_d2;43600;INTARIAN_PEPPER_ROOT;12382;12;12379;24;;;12388;13;12392;24;;;12385.0;0.0
yf_ZS=F_d2;43700;ASH_COATED_OSMIUM;9962;9;9959;26;;;9968;8;9971;15;;;9965.0;0.0
yf_ZS=F_d2;43700;INTARIAN_PEPPER_ROOT;12378;14;12374;22;;;12391;14;12393;24;;;12384.5;0.0
yf_ZS=F_d2;43800;ASH_COATED_OSMIUM;9962;20;9960;21;;;9968;13;9970;20;;;9965.0;0.0
yf_ZS=F_d2;43800;INTARIAN_PEPPER_ROOT;12382;26;12379;15;;;12389;10;12391;22;;;12385.5;0.0
yf_ZS=F_d2;43900;ASH_COATED_OSMIUM;9961;20;9957;17;;;9967;15;9969;17;;;9964.0;0.0
yf_ZS=F_d2;43900;INTARIAN_PEPPER_ROOT;12383;11;12381;19;;;12389;10;12392;24;;;12386.0;0.0
yf_ZS=F_d2;44000;ASH_COATED_OSMIUM;9962;12;9958;19;;;9968;23;9971;19;;;9965.0;0.0
yf_ZS=F_d2;44000;INTARIAN_PEPPER_ROOT;12384;12;12382;19;;;12390;17;12392;23;;;12387.0;0.0
yf_ZS=F_d2;44100;ASH_COATED_OSMIUM;9961;8;9958;21;;;9967;14;9970;15;;;9964.0;0.0
yf_ZS=F_d2;44100;INTARIAN_PEPPER_ROOT;12383;11;12381;14;;;12392;8;12396;27;;;12387.5;0.0
yf_ZS=F_d2;44200;ASH_COATED_OSMIUM;9961;20;9958;17;;;9967;12;9971;23;;;9964.0;0.0
yf_ZS=F_d2;44200;INTARIAN_PEPPER_ROOT;12381;18;12379;12;;;12395;9;12397;11;;;12388.0;0.0
yf_ZS=F_d2;44300;ASH_COATED_OSMIUM;9962;14;9960;26;;;9968;20;9972;18;;;9965.0;0.0
yf_ZS=F_d2;44300;INTARIAN_PEPPER_ROOT;12386;7;12384;18;;;12392;12;12396;15;;;12389.0;0.0
yf_ZS=F_d2;44400;ASH_COATED_OSMIUM;9957;13;9953;21;;;9972;13;9975;24;;;9964.5;0.0
yf_ZS=F_d2;44400;INTARIAN_PEPPER_ROOT;12383;20;12380;20;;;12395;16;12397;23;;;12389.0;0.0
yf_ZS=F_d2;44500;ASH_COATED_OSMIUM;9962;5;9959;28;;;9968;14;9970;22;;;9965.0;0.0
yf_ZS=F_d2;44500;INTARIAN_PEPPER_ROOT;12385;13;12382;22;;;12394;11;12398;14;;;12389.5;0.0
yf_ZS=F_d2;44600;ASH_COATED_OSMIUM;9958;8;9954;11;;;9972;9;9976;20;;;9965.0;0.0
yf_ZS=F_d2;44600;INTARIAN_PEPPER_ROOT;12386;11;12384;23;;;12395;19;12397;28;;;12390.5;0.0
yf_ZS=F_d2;44700;ASH_COATED_OSMIUM;9961;8;9957;15;;;9967;6;9969;16;;;9964.0;0.0
yf_ZS=F_d2;44700;INTARIAN_PEPPER_ROOT;12385;9;12383;24;;;12398;12;12402;17;;;12391.5;0.0
yf_ZS=F_d2;44800;ASH_COATED_OSMIUM;9952;14;9950;15;;;9976;12;9980;24;;;9964.0;0.0
yf_ZS=F_d2;44800;INTARIAN_PEPPER_ROOT;12385;19;12381;22;;;12399;18;12401;21;;;12392.0;0.0
yf_ZS=F_d2;44900;ASH_COATED_OSMIUM;9961;23;9958;18;;;9967;6;9971;12;;;9964.0;0.0
yf_ZS=F_d2;44900;INTARIAN_PEPPER_ROOT;12388;15;12386;22;;;12397;16;12401;24;;;12392.5;0.0
yf_ZS=F_d2;45000;ASH_COATED_OSMIUM;9961;16;9959;12;;;9967;10;9969;17;;;9964.0;0.0
yf_ZS=F_d2;45000;INTARIAN_PEPPER_ROOT;12385;5;12381;18;;;12402;19;12405;16;;;12393.5;0.0
yf_ZS=F_d2;45100;ASH_COATED_OSMIUM;9961;5;9957;23;;;9967;6;9969;22;;;9964.0;0.0
yf_ZS=F_d2;45100;INTARIAN_PEPPER_ROOT;12385;13;12381;18;;;12403;15;12407;11;;;12394.0;0.0
yf_ZS=F_d2;45200;ASH_COATED_OSMIUM;9961;16;9957;9;;;9967;12;9969;22;;;9964.0;0.0
yf_ZS=F_d2;45200;INTARIAN_PEPPER_ROOT;12391;20;12387;13;;;12397;13;12400;24;;;12394.0;0.0
yf_ZS=F_d2;45300;ASH_COATED_OSMIUM;9961;26;9957;20;;;9967;16;9971;14;;;9964.0;0.0
yf_ZS=F_d2;45300;INTARIAN_PEPPER_ROOT;12380;17;12378;24;;;12410;7;12412;21;;;12395.0;0.0
yf_ZS=F_d2;45400;ASH_COATED_OSMIUM;9961;9;9959;11;;;9967;11;9969;13;;;9964.0;0.0
yf_ZS=F_d2;45400;INTARIAN_PEPPER_ROOT;12392;14;12390;19;;;12398;12;12400;15;;;12395.0;0.0
yf_ZS=F_d2;45500;ASH_COATED_OSMIUM;9960;17;9956;18;;;9966;13;9970;13;;;9963.0;0.0
yf_ZS=F_d2;45500;INTARIAN_PEPPER_ROOT;12393;8;12390;14;;;12399;27;12403;19;;;12396.0;0.0
yf_ZS=F_d2;45600;ASH_COATED_OSMIUM;9957;11;9955;8;;;9971;14;9974;18;;;9964.0;0.0
yf_ZS=F_d2;45600;INTARIAN_PEPPER_ROOT;12389;15;12385;14;;;12404;15;12407;28;;;12396.5;0.0
yf_ZS=F_d2;45700;ASH_COATED_OSMIUM;9961;12;9957;17;;;9967;17;9971;25;;;9964.0;0.0
yf_ZS=F_d2;45700;INTARIAN_PEPPER_ROOT;12388;17;12385;24;;;12406;12;12409;14;;;12397.0;0.0
yf_ZS=F_d2;45800;ASH_COATED_OSMIUM;9961;16;9958;15;;;9967;5;9971;19;;;9964.0;0.0
yf_ZS=F_d2;45800;INTARIAN_PEPPER_ROOT;12394;13;12390;20;;;12401;14;12405;11;;;12397.5;0.0
yf_ZS=F_d2;45900;ASH_COATED_OSMIUM;9951;19;9948;13;;;9977;10;9981;16;;;9964.0;0.0
yf_ZS=F_d2;45900;INTARIAN_PEPPER_ROOT;12396;21;12394;11;;;12402;10;12406;27;;;12399.0;0.0
yf_ZS=F_d2;46000;ASH_COATED_OSMIUM;9961;18;9958;18;;;9967;12;9969;16;;;9964.0;0.0
yf_ZS=F_d2;46000;INTARIAN_PEPPER_ROOT;12393;12;12389;11;;;12406;14;12408;24;;;12399.5;0.0
yf_ZS=F_d2;46100;ASH_COATED_OSMIUM;9951;14;9947;13;;;9976;14;9980;26;;;9963.5;0.0
yf_ZS=F_d2;46100;INTARIAN_PEPPER_ROOT;12394;13;12391;8;;;12406;11;12410;20;;;12400.0;0.0
yf_ZS=F_d2;46200;ASH_COATED_OSMIUM;9960;22;9958;11;;;9966;10;9968;9;;;9963.0;0.0
yf_ZS=F_d2;46200;INTARIAN_PEPPER_ROOT;12397;22;12394;22;;;12403;20;12406;22;;;12400.0;0.0
yf_ZS=F_d2;46300;ASH_COATED_OSMIUM;9961;14;9959;12;;;9967;9;9970;21;;;9964.0;0.0
yf_ZS=F_d2;46300;INTARIAN_PEPPER_ROOT;12398;16;12394;22;;;12404;12;12406;20;;;12401.0;0.0
yf_ZS=F_d2;46400;ASH_COATED_OSMIUM;9958;8;9956;13;;;9968;9;9972;15;;;9963.0;0.0
yf_ZS=F_d2;46400;INTARIAN_PEPPER_ROOT;12398;12;12395;18;;;12404;14;12406;20;;;12401.0;0.0
yf_ZS=F_d2;46500;ASH_COATED_OSMIUM;9954;12;9951;14;;;9972;19;9975;20;;;9963.0;0.0
yf_ZS=F_d2;46500;INTARIAN_PEPPER_ROOT;12399;16;12395;21;;;12405;10;12409;28;;;12402.0;0.0
yf_ZS=F_d2;46600;ASH_COATED_OSMIUM;9961;14;9958;20;;;9967;5;9970;19;;;9964.0;0.0
yf_ZS=F_d2;46600;INTARIAN_PEPPER_ROOT;12397;14;12393;26;;;12408;10;12410;17;;;12402.5;0.0
yf_ZS=F_d2;46700;ASH_COATED_OSMIUM;9951;13;9948;27;;;9977;16;9980;11;;;9964.0;0.0
yf_ZS=F_d2;46700;INTARIAN_PEPPER_ROOT;12394;20;12392;21;;;12412;9;12414;19;;;12403.0;0.0
yf_ZS=F_d2;46800;ASH_COATED_OSMIUM;9960;20;9957;23;;;9966;6;9970;15;;;9963.0;0.0
yf_ZS=F_d2;46800;INTARIAN_PEPPER_ROOT;12401;21;12397;15;;;12407;16;12409;14;;;12404.0;0.0
yf_ZS=F_d2;46900;ASH_COATED_OSMIUM;9961;15;9957;28;;;9967;19;9970;16;;;9964.0;0.0
yf_ZS=F_d2;46900;INTARIAN_PEPPER_ROOT;12400;22;12397;11;;;12408;7;12411;11;;;12404.0;0.0
yf_ZS=F_d2;47000;ASH_COATED_OSMIUM;9946;12;9944;24;;;9980;16;9984;16;;;9963.0;0.0
yf_ZS=F_d2;47000;INTARIAN_PEPPER_ROOT;12403;12;12401;23;;;12409;10;12412;16;;;12406.0;0.0
yf_ZS=F_d2;47100;ASH_COATED_OSMIUM;9955;14;9953;23;;;9972;8;9975;27;;;9963.5;0.0
yf_ZS=F_d2;47100;INTARIAN_PEPPER_ROOT;12402;23;12399;16;;;12408;19;12412;14;;;12405.0;0.0
yf_ZS=F_d2;47200;ASH_COATED_OSMIUM;9959;15;9956;28;;;9968;14;9972;19;;;9963.5;0.0
yf_ZS=F_d2;47200;INTARIAN_PEPPER_ROOT;12403;16;12400;19;;;12410;12;12412;24;;;12406.5;0.0
yf_ZS=F_d2;47300;ASH_COATED_OSMIUM;9959;5;9955;17;;;9967;11;9971;14;;;9963.0;0.0
yf_ZS=F_d2;47300;INTARIAN_PEPPER_ROOT;12404;16;12400;18;;;12410;15;12412;17;;;12407.0;0.0
yf_ZS=F_d2;47400;ASH_COATED_OSMIUM;9960;14;9958;21;;;9966;18;9968;17;;;9963.0;0.0
yf_ZS=F_d2;47400;INTARIAN_PEPPER_ROOT;12396;15;12392;13;;;12419;12;12422;28;;;12407.5;0.0
yf_ZS=F_d2;47500;ASH_COATED_OSMIUM;9960;11;9958;25;;;9966;9;9968;13;;;9963.0;0.0
yf_ZS=F_d2;47500;INTARIAN_PEPPER_ROOT;12398;15;12396;26;;;12419;17;12421;17;;;12408.5;0.0
yf_ZS=F_d2;47600;ASH_COATED_OSMIUM;9960;19;9957;18;;;9966;12;9970;24;;;9963.0;0.0
yf_ZS=F_d2;47600;INTARIAN_PEPPER_ROOT;12403;12;12400;15;;;12415;10;12419;22;;;12409.0;0.0
yf_ZS=F_d2;47700;ASH_COATED_OSMIUM;9960;5;9956;10;;;9966;11;9969;21;;;9963.0;0.0
yf_ZS=F_d2;47700;INTARIAN_PEPPER_ROOT;12406;17;12403;14;;;12413;16;12417;21;;;12409.5;0.0
yf_ZS=F_d2;47800;ASH_COATED_OSMIUM;9960;19;9957;23;;;9966;8;9969;18;;;9963.0;0.0
yf_ZS=F_d2;47800;INTARIAN_PEPPER_ROOT;12406;23;12402;21;;;12413;16;12417;17;;;12409.5;0.0
yf_ZS=F_d2;47900;ASH_COATED_OSMIUM;9953;25;9950;15;;;9973;23;9976;25;;;9963.0;0.0
yf_ZS=F_d2;47900;INTARIAN_PEPPER_ROOT;12408;13;12405;15;;;12414;14;12418;35;;;12411.0;0.0
yf_ZS=F_d2;48000;ASH_COATED_OSMIUM;9960;20;9956;14;;;9966;18;9970;18;;;9963.0;0.0
yf_ZS=F_d2;48000;INTARIAN_PEPPER_ROOT;12405;16;12401;18;;;12419;23;12421;20;;;12412.0;0.0
yf_ZS=F_d2;48100;ASH_COATED_OSMIUM;9960;21;9956;18;;;9966;15;9968;16;;;9963.0;0.0
yf_ZS=F_d2;48100;INTARIAN_PEPPER_ROOT;12409;19;12407;19;;;12415;15;12418;21;;;12412.0;0.0
yf_ZS=F_d2;48200;ASH_COATED_OSMIUM;9960;16;9958;25;;;9966;23;9969;20;;;9963.0;0.0
yf_ZS=F_d2;48200;INTARIAN_PEPPER_ROOT;12409;7;12405;11;;;12415;18;12418;12;;;12412.0;0.0
yf_ZS=F_d2;48300;ASH_COATED_OSMIUM;9959;16;9957;24;;;9965;16;9968;21;;;9962.0;0.0
yf_ZS=F_d2;48300;INTARIAN_PEPPER_ROOT;12401;12;12398;21;;;12425;16;12427;20;;;12413.0;0.0
yf_ZS=F_d2;48400;ASH_COATED_OSMIUM;9959;15;9955;11;;;9965;20;9967;17;;;9962.0;0.0
yf_ZS=F_d2;48400;INTARIAN_PEPPER_ROOT;12411;28;12407;16;;;12417;15;12420;24;;;12414.0;0.0
yf_ZS=F_d2;48500;ASH_COATED_OSMIUM;9960;16;9957;23;;;9966;15;9970;14;;;9963.0;0.0
yf_ZS=F_d2;48500;INTARIAN_PEPPER_ROOT;12411;24;12408;14;;;12417;17;12421;19;;;12414.0;0.0
yf_ZS=F_d2;48600;ASH_COATED_OSMIUM;9956;13;9953;17;;;9970;14;9974;20;;;9963.0;0.0
yf_ZS=F_d2;48600;INTARIAN_PEPPER_ROOT;12410;15;12407;22;;;12418;13;12422;15;;;12414.0;0.0
yf_ZS=F_d2;48700;ASH_COATED_OSMIUM;9960;13;9957;18;;;9966;14;9969;16;;;9963.0;0.0
yf_ZS=F_d2;48700;INTARIAN_PEPPER_ROOT;12413;11;12410;12;;;12419;20;12422;23;;;12416.0;0.0
yf_ZS=F_d2;48800;ASH_COATED_OSMIUM;9959;24;9957;21;;;9965;13;9969;20;;;9962.0;0.0
yf_ZS=F_d2;48800;INTARIAN_PEPPER_ROOT;12413;13;12410;20;;;12419;21;12423;25;;;12416.0;0.0
yf_ZS=F_d2;48900;ASH_COATED_OSMIUM;9959;20;9956;9;;;9967;9;9970;17;;;9963.0;0.0
yf_ZS=F_d2;48900;INTARIAN_PEPPER_ROOT;12414;11;12410;19;;;12420;5;12422;26;;;12417.0;0.0
yf_ZS=F_d2;49000;ASH_COATED_OSMIUM;9957;13;9955;24;;;9968;17;9972;15;;;9962.5;0.0
yf_ZS=F_d2;49000;INTARIAN_PEPPER_ROOT;12415;18;12413;15;;;12421;13;12424;20;;;12418.0;0.0
yf_ZS=F_d2;49100;ASH_COATED_OSMIUM;9958;17;9954;10;;;9966;18;9969;13;;;9962.0;0.0
yf_ZS=F_d2;49100;INTARIAN_PEPPER_ROOT;12415;13;12411;9;;;12421;12;12425;19;;;12418.0;0.0
yf_ZS=F_d2;49200;ASH_COATED_OSMIUM;9959;15;9956;18;;;9965;12;9968;22;;;9962.0;0.0
yf_ZS=F_d2;49200;INTARIAN_PEPPER_ROOT;12414;5;12411;20;;;12423;13;12425;26;;;12418.5;0.0
yf_ZS=F_d2;49300;ASH_COATED_OSMIUM;9949;12;9947;12;;;9975;10;9979;24;;;9962.0;0.0
yf_ZS=F_d2;49300;INTARIAN_PEPPER_ROOT;12416;20;12412;19;;;12422;6;12425;12;;;12419.0;0.0
yf_ZS=F_d2;49400;ASH_COATED_OSMIUM;9960;10;9957;16;;;9966;10;9969;14;;;9963.0;0.0
yf_ZS=F_d2;49400;INTARIAN_PEPPER_ROOT;12415;24;12411;15;;;12424;10;12426;23;;;12419.5;0.0
yf_ZS=F_d2;49500;ASH_COATED_OSMIUM;9959;12;9957;24;;;9965;17;9968;21;;;9962.0;0.0
yf_ZS=F_d2;49500;INTARIAN_PEPPER_ROOT;12417;18;12413;18;;;12423;13;12425;26;;;12420.0;0.0
yf_ZS=F_d2;49600;ASH_COATED_OSMIUM;9953;21;9950;21;;;9971;8;9973;23;;;9962.0;0.0
yf_ZS=F_d2;49600;INTARIAN_PEPPER_ROOT;12418;18;12415;24;;;12424;11;12428;17;;;12421.0;0.0
yf_ZS=F_d2;49700;ASH_COATED_OSMIUM;9960;9;9958;19;;;9966;22;9968;21;;;9963.0;0.0
yf_ZS=F_d2;49700;INTARIAN_PEPPER_ROOT;12418;9;12415;19;;;12424;14;12428;12;;;12421.0;0.0
yf_ZS=F_d2;49800;ASH_COATED_OSMIUM;9957;13;9953;16;;;9968;17;9970;16;;;9962.5;0.0
yf_ZS=F_d2;49800;INTARIAN_PEPPER_ROOT;12420;14;12416;19;;;12426;16;12428;12;;;12423.0;0.0
yf_ZS=F_d2;49900;ASH_COATED_OSMIUM;9958;15;9954;21;;;9966;12;9968;13;;;9962.0;0.0
yf_ZS=F_d2;49900;INTARIAN_PEPPER_ROOT;12420;19;12416;17;;;12426;16;12430;15;;;12423.0;0.0
yf_ZS=F_d2;50000;ASH_COATED_OSMIUM;9958;10;9955;19;;;9966;13;9969;19;;;9962.0;0.0
yf_ZS=F_d2;50000;INTARIAN_PEPPER_ROOT;12421;17;12418;21;;;12427;24;12429;23;;;12424.0;0.0
yf_ZS=F_d2;50100;ASH_COATED_OSMIUM;9959;5;9957;16;;;9965;17;9968;31;;;9962.0;0.0
yf_ZS=F_d2;50100;INTARIAN_PEPPER_ROOT;12421;11;12419;19;;;12427;16;12431;27;;;12424.0;0.0
yf_ZS=F_d2;50200;ASH_COATED_OSMIUM;9958;10;9955;18;;;9966;21;9970;21;;;9962.0;0.0
yf_ZS=F_d2;50200;INTARIAN_PEPPER_ROOT;12422;19;12420;21;;;12428;19;12432;10;;;12425.0;0.0
yf_ZS=F_d2;50300;ASH_COATED_OSMIUM;9959;21;9955;16;;;9965;14;9967;24;;;9962.0;0.0
yf_ZS=F_d2;50300;INTARIAN_PEPPER_ROOT;12422;20;12418;12;;;12428;7;12430;23;;;12425.0;0.0
yf_ZS=F_d2;50400;ASH_COATED_OSMIUM;9951;19;9947;18;;;9973;21;9975;24;;;9962.0;0.0
yf_ZS=F_d2;50400;INTARIAN_PEPPER_ROOT;12423;19;12421;14;;;12429;22;12432;9;;;12426.0;0.0
yf_ZS=F_d2;50500;ASH_COATED_OSMIUM;9959;19;9955;18;;;9965;17;9968;19;;;9962.0;0.0
yf_ZS=F_d2;50500;INTARIAN_PEPPER_ROOT;12423;16;12420;17;;;12429;7;12431;17;;;12426.0;0.0
yf_ZS=F_d2;50600;ASH_COATED_OSMIUM;9959;7;9957;12;;;9965;18;9968;25;;;9962.0;0.0
yf_ZS=F_d2;50600;INTARIAN_PEPPER_ROOT;12425;20;12421;20;;;12431;16;12434;21;;;12428.0;0.0
yf_ZS=F_d2;50700;ASH_COATED_OSMIUM;9949;14;9946;18;;;9974;18;9978;15;;;9961.5;0.0
yf_ZS=F_d2;50700;INTARIAN_PEPPER_ROOT;12422;13;12419;30;;;12433;14;12436;8;;;12427.5;0.0
yf_ZS=F_d2;50800;ASH_COATED_OSMIUM;9958;10;9954;21;;;9964;15;9968;18;;;9961.0;0.0
yf_ZS=F_d2;50800;INTARIAN_PEPPER_ROOT;12424;15;12421;23;;;12432;14;12434;22;;;12428.0;0.0
yf_ZS=F_d2;50900;ASH_COATED_OSMIUM;9952;15;9948;13;;;9971;22;9973;22;;;9961.5;0.0
yf_ZS=F_d2;50900;INTARIAN_PEPPER_ROOT;12426;16;12423;12;;;12432;20;12434;17;;;12429.0;0.0
yf_ZS=F_d2;51000;ASH_COATED_OSMIUM;9956;18;9952;26;;;9966;16;9970;8;;;9961.0;0.0
yf_ZS=F_d2;51000;INTARIAN_PEPPER_ROOT;12426;18;12424;24;;;12432;8;12434;17;;;12429.0;0.0
yf_ZS=F_d2;51100;ASH_COATED_OSMIUM;9957;19;9953;11;;;9964;15;9966;24;;;9960.5;0.0
yf_ZS=F_d2;51100;INTARIAN_PEPPER_ROOT;12424;21;12421;22;;;12432;17;12434;16;;;12428.0;0.0
yf_ZS=F_d2;51200;ASH_COATED_OSMIUM;9946;12;9942;22;;;9978;11;9982;27;;;9962.0;0.0
yf_ZS=F_d2;51200;INTARIAN_PEPPER_ROOT;12419;11;12416;15;;;12439;14;12443;29;;;12429.0;0.0
yf_ZS=F_d2;51300;ASH_COATED_OSMIUM;9958;16;9954;22;;;9965;17;9968;20;;;9961.5;0.0
yf_ZS=F_d2;51300;INTARIAN_PEPPER_ROOT;12426;20;12424;17;;;12432;15;12436;19;;;12429.0;0.0
yf_ZS=F_d2;51400;ASH_COATED_OSMIUM;9958;13;9956;16;;;9964;7;9968;17;;;9961.0;0.0
yf_ZS=F_d2;51400;INTARIAN_PEPPER_ROOT;12424;15;12421;18;;;12435;17;12439;26;;;12429.5;0.0
yf_ZS=F_d2;51500;ASH_COATED_OSMIUM;9957;20;9954;17;;;9966;24;9970;20;;;9961.5;0.0
yf_ZS=F_d2;51500;INTARIAN_PEPPER_ROOT;12427;8;12424;18;;;12433;15;12436;16;;;12430.0;0.0
yf_ZS=F_d2;51600;ASH_COATED_OSMIUM;9958;14;9956;15;;;9964;14;9968;25;;;9961.0;0.0
yf_ZS=F_d2;51600;INTARIAN_PEPPER_ROOT;12422;11;12418;12;;;12435;14;12438;24;;;12428.5;0.0
yf_ZS=F_d2;51700;ASH_COATED_OSMIUM;9958;9;9956;15;;;9964;11;9967;19;;;9961.0;0.0
yf_ZS=F_d2;51700;INTARIAN_PEPPER_ROOT;12421;8;12418;16;;;12438;14;12440;21;;;12429.5;0.0
yf_ZS=F_d2;51800;ASH_COATED_OSMIUM;9958;12;9956;22;;;9964;7;9968;19;;;9961.0;0.0
yf_ZS=F_d2;51800;INTARIAN_PEPPER_ROOT;12427;8;12424;11;;;12433;19;12435;14;;;12430.0;0.0
yf_ZS=F_d2;51900;ASH_COATED_OSMIUM;9958;17;9955;23;;;9964;8;9967;19;;;9961.0;0.0
yf_ZS=F_d2;51900;INTARIAN_PEPPER_ROOT;12425;16;12423;28;;;12435;15;12439;21;;;12430.0;0.0
yf_ZS=F_d2;52000;ASH_COATED_OSMIUM;9958;20;9956;24;;;9965;20;9968;28;;;9961.5;0.0
yf_ZS=F_d2;52000;INTARIAN_PEPPER_ROOT;12423;9;12419;13;;;12436;14;12438;13;;;12429.5;0.0
yf_ZS=F_d2;52100;ASH_COATED_OSMIUM;9958;8;9956;22;;;9964;11;9968;17;;;9961.0;0.0
yf_ZS=F_d2;52100;INTARIAN_PEPPER_ROOT;12427;8;12423;19;;;12433;15;12435;26;;;12430.0;0.0
yf_ZS=F_d2;52200;ASH_COATED_OSMIUM;9946;15;9943;21;;;9975;10;9978;14;;;9960.5;0.0
yf_ZS=F_d2;52200;INTARIAN_PEPPER_ROOT;12427;6;12425;18;;;12433;16;12436;16;;;12430.0;0.0
yf_ZS=F_d2;52300;ASH_COATED_OSMIUM;9958;12;9956;20;;;9964;17;9968;23;;;9961.0;0.0
yf_ZS=F_d2;52300;INTARIAN_PEPPER_ROOT;12420;10;12416;20;;;12440;10;12443;24;;;12430.0;0.0
yf_ZS=F_d2;52400;ASH_COATED_OSMIUM;9951;9;9949;20;;;9970;13;9972;24;;;9960.5;0.0
yf_ZS=F_d2;52400;INTARIAN_PEPPER_ROOT;12423;17;12421;15;;;12438;18;12440;14;;;12430.5;0.0
yf_ZS=F_d2;52500;ASH_COATED_OSMIUM;9957;8;9955;25;;;9964;13;9967;17;;;9960.5;0.0
yf_ZS=F_d2;52500;INTARIAN_PEPPER_ROOT;12427;12;12425;23;;;12433;18;12436;27;;;12430.0;0.0
yf_ZS=F_d2;52600;ASH_COATED_OSMIUM;9958;19;9955;14;;;9964;21;9967;15;;;9961.0;0.0
yf_ZS=F_d2;52600;INTARIAN_PEPPER_ROOT;12415;10;12412;11;;;12447;12;12449;23;;;12431.0;0.0
yf_ZS=F_d2;52700;ASH_COATED_OSMIUM;9957;21;9954;25;;;9965;9;9969;28;;;9961.0;0.0
yf_ZS=F_d2;52700;INTARIAN_PEPPER_ROOT;12428;12;12424;16;;;12434;5;12436;18;;;12431.0;0.0
yf_ZS=F_d2;52800;ASH_COATED_OSMIUM;9958;15;9954;24;;;9964;12;9966;17;;;9961.0;0.0
yf_ZS=F_d2;52800;INTARIAN_PEPPER_ROOT;12428;20;12425;16;;;12434;8;12436;30;;;12431.0;0.0
yf_ZS=F_d2;52900;ASH_COATED_OSMIUM;9957;12;9954;18;;;9963;12;9965;14;;;9960.0;0.0
yf_ZS=F_d2;52900;INTARIAN_PEPPER_ROOT;12419;17;12416;20;;;12444;12;12447;24;;;12431.5;0.0
yf_ZS=F_d2;53000;ASH_COATED_OSMIUM;9955;20;9952;19;;;9966;17;9969;20;;;9960.5;0.0
yf_ZS=F_d2;53000;INTARIAN_PEPPER_ROOT;12428;5;12425;20;;;12434;16;12438;18;;;12431.0;0.0
yf_ZS=F_d2;53100;ASH_COATED_OSMIUM;9957;18;9953;22;;;9963;16;9965;30;;;9960.0;0.0
yf_ZS=F_d2;53100;INTARIAN_PEPPER_ROOT;12428;12;12426;30;;;12434;12;12438;20;;;12431.0;0.0
yf_ZS=F_d2;53200;ASH_COATED_OSMIUM;9941;18;9939;16;;;9978;14;9980;12;;;9959.5;0.0
yf_ZS=F_d2;53200;INTARIAN_PEPPER_ROOT;12428;20;12426;20;;;12434;10;12437;20;;;12431.0;0.0
yf_ZS=F_d2;53300;ASH_COATED_OSMIUM;9957;22;9954;15;;;9964;20;9966;18;;;9960.5;0.0
yf_ZS=F_d2;53300;INTARIAN_PEPPER_ROOT;12422;6;12420;13;;;12440;13;12442;26;;;12431.0;0.0
yf_ZS=F_d2;53400;ASH_COATED_OSMIUM;9957;12;9955;27;;;9963;14;9966;17;;;9960.0;0.0
yf_ZS=F_d2;53400;INTARIAN_PEPPER_ROOT;12421;12;12418;28;;;12441;21;12443;21;;;12431.0;0.0
yf_ZS=F_d2;53500;ASH_COATED_OSMIUM;9956;17;9954;21;;;9965;14;9968;23;;;9960.5;0.0
yf_ZS=F_d2;53500;INTARIAN_PEPPER_ROOT;12429;15;12425;15;;;12435;18;12437;26;;;12432.0;0.0
yf_ZS=F_d2;53600;ASH_COATED_OSMIUM;9956;8;9952;13;;;9963;10;9965;16;;;9959.5;0.0
yf_ZS=F_d2;53600;INTARIAN_PEPPER_ROOT;12429;12;12425;16;;;12435;6;12439;18;;;12432.0;0.0
yf_ZS=F_d2;53700;ASH_COATED_OSMIUM;9957;15;9955;22;;;9963;21;9966;19;;;9960.0;0.0
yf_ZS=F_d2;53700;INTARIAN_PEPPER_ROOT;12429;13;12427;16;;;12435;14;12438;22;;;12432.0;0.0
yf_ZS=F_d2;53800;ASH_COATED_OSMIUM;9957;9;9954;10;;;9963;10;9966;13;;;9960.0;0.0
yf_ZS=F_d2;53800;INTARIAN_PEPPER_ROOT;12426;9;12424;24;;;12438;19;12442;13;;;12432.0;0.0
yf_ZS=F_d2;53900;ASH_COATED_OSMIUM;9957;19;9954;16;;;9963;14;9967;17;;;9960.0;0.0
yf_ZS=F_d2;53900;INTARIAN_PEPPER_ROOT;12429;10;12426;13;;;12435;14;12439;25;;;12432.0;0.0
yf_ZS=F_d2;54000;ASH_COATED_OSMIUM;9957;8;9953;29;;;9963;18;9967;26;;;9960.0;0.0
yf_ZS=F_d2;54000;INTARIAN_PEPPER_ROOT;12424;17;12422;15;;;12441;22;12443;14;;;12432.5;0.0
yf_ZS=F_d2;54100;ASH_COATED_OSMIUM;9951;12;9947;22;;;9967;9;9971;28;;;9959.0;0.0
yf_ZS=F_d2;54100;INTARIAN_PEPPER_ROOT;12428;10;12424;10;;;12436;12;12439;20;;;12432.0;0.0
yf_ZS=F_d2;54200;ASH_COATED_OSMIUM;9956;18;9953;20;;;9963;13;9965;20;;;9959.5;0.0
yf_ZS=F_d2;54200;INTARIAN_PEPPER_ROOT;12429;15;12427;16;;;12436;16;12440;17;;;12432.5;0.0
yf_ZS=F_d2;54300;ASH_COATED_OSMIUM;9956;7;9952;15;;;9962;16;9965;22;;;9959.0;0.0
yf_ZS=F_d2;54300;INTARIAN_PEPPER_ROOT;12429;18;12425;13;;;12436;15;12440;29;;;12432.5;0.0
yf_ZS=F_d2;54400;ASH_COATED_OSMIUM;9957;9;9955;13;;;9963;16;9966;21;;;9960.0;0.0
yf_ZS=F_d2;54400;INTARIAN_PEPPER_ROOT;12429;13;12425;27;;;12435;21;12438;19;;;12432.0;0.0
yf_ZS=F_d2;54500;ASH_COATED_OSMIUM;9956;11;9954;17;;;9962;15;9966;25;;;9959.0;0.0
yf_ZS=F_d2;54500;INTARIAN_PEPPER_ROOT;12429;18;12427;16;;;12435;15;12437;25;;;12432.0;0.0
yf_ZS=F_d2;54600;ASH_COATED_OSMIUM;9956;12;9953;16;;;9962;8;9964;17;;;9959.0;0.0
yf_ZS=F_d2;54600;INTARIAN_PEPPER_ROOT;12430;21;12428;14;;;12436;22;12439;16;;;12433.0;0.0
yf_ZS=F_d2;54700;ASH_COATED_OSMIUM;9956;14;9952;13;;;9962;14;9965;19;;;9959.0;0.0
yf_ZS=F_d2;54700;INTARIAN_PEPPER_ROOT;12430;12;12426;18;;;12436;11;12440;27;;;12433.0;0.0
yf_ZS=F_d2;54800;ASH_COATED_OSMIUM;9955;15;9952;12;;;9964;20;9967;21;;;9959.5;0.0
yf_ZS=F_d2;54800;INTARIAN_PEPPER_ROOT;12430;13;12427;22;;;12436;12;12439;22;;;12433.0;0.0
yf_ZS=F_d2;54900;ASH_COATED_OSMIUM;9956;12;9953;18;;;9962;20;9966;20;;;9959.0;0.0
yf_ZS=F_d2;54900;INTARIAN_PEPPER_ROOT;12430;15;12428;13;;;12436;15;12439;22;;;12433.0;0.0
yf_ZS=F_d2;55000;ASH_COATED_OSMIUM;9956;12;9952;19;;;9962;19;9964;19;;;9959.0;0.0
yf_ZS=F_d2;55000;INTARIAN_PEPPER_ROOT;12431;9;12427;17;;;12437;17;12441;26;;;12434.0;0.0
yf_ZS=F_d2;55100;ASH_COATED_OSMIUM;9948;12;9946;27;;;9972;9;9975;27;;;9960.0;0.0
yf_ZS=F_d2;55100;INTARIAN_PEPPER_ROOT;12430;15;12427;10;;;12436;9;12440;22;;;12433.0;0.0
yf_ZS=F_d2;55200;ASH_COATED_OSMIUM;9956;23;9952;21;;;9962;18;9966;22;;;9959.0;0.0
yf_ZS=F_d2;55200;INTARIAN_PEPPER_ROOT;12428;8;12425;22;;;12439;15;12442;21;;;12433.5;0.0
yf_ZS=F_d2;55300;ASH_COATED_OSMIUM;9948;5;9945;21;;;9970;20;9972;17;;;9959.0;0.0
yf_ZS=F_d2;55300;INTARIAN_PEPPER_ROOT;12430;18;12428;18;;;12437;21;12439;18;;;12433.5;0.0
yf_ZS=F_d2;55400;ASH_COATED_OSMIUM;9955;22;9951;17;;;9964;15;9967;15;;;9959.5;0.0
yf_ZS=F_d2;55400;INTARIAN_PEPPER_ROOT;12430;17;12426;20;;;12436;15;12438;27;;;12433.0;0.0
yf_ZS=F_d2;55500;ASH_COATED_OSMIUM;9954;18;9951;19;;;9965;19;9968;17;;;9959.5;0.0
yf_ZS=F_d2;55500;INTARIAN_PEPPER_ROOT;12430;19;12427;14;;;12438;9;12442;16;;;12434.0;0.0
yf_ZS=F_d2;55600;ASH_COATED_OSMIUM;9956;17;9952;18;;;9962;14;9966;20;;;9959.0;0.0
yf_ZS=F_d2;55600;INTARIAN_PEPPER_ROOT;12431;12;12427;16;;;12438;17;12441;30;;;12434.5;0.0
yf_ZS=F_d2;55700;ASH_COATED_OSMIUM;9956;5;9952;10;;;9962;13;9965;13;;;9959.0;0.0
yf_ZS=F_d2;55700;INTARIAN_PEPPER_ROOT;12431;8;12429;9;;;12438;5;12442;19;;;12434.5;0.0
yf_ZS=F_d2;55800;ASH_COATED_OSMIUM;9951;21;9948;23;;;9967;9;9970;13;;;9959.0;0.0
yf_ZS=F_d2;55800;INTARIAN_PEPPER_ROOT;12426;20;12423;24;;;12442;20;12445;18;;;12434.0;0.0
yf_ZS=F_d2;55900;ASH_COATED_OSMIUM;9955;5;9953;14;;;9961;14;9964;14;;;9958.0;0.0
yf_ZS=F_d2;55900;INTARIAN_PEPPER_ROOT;12432;16;12429;18;;;12438;14;12440;22;;;12435.0;0.0
yf_ZS=F_d2;56000;ASH_COATED_OSMIUM;9956;8;9953;19;;;9962;17;9966;28;;;9959.0;0.0
yf_ZS=F_d2;56000;INTARIAN_PEPPER_ROOT;12432;13;12429;18;;;12438;14;12440;28;;;12435.0;0.0
yf_ZS=F_d2;56100;ASH_COATED_OSMIUM;9955;17;9953;18;;;9961;15;9965;13;;;9958.0;0.0
yf_ZS=F_d2;56100;INTARIAN_PEPPER_ROOT;12431;12;12428;11;;;12437;25;12441;11;;;12434.0;0.0
yf_ZS=F_d2;56200;ASH_COATED_OSMIUM;9956;10;9953;27;;;9962;14;9965;24;;;9959.0;0.0
yf_ZS=F_d2;56200;INTARIAN_PEPPER_ROOT;12432;10;12428;23;;;12438;16;12440;23;;;12435.0;0.0
yf_ZS=F_d2;56300;ASH_COATED_OSMIUM;9954;22;9950;15;;;9962;15;9966;31;;;9958.0;0.0
yf_ZS=F_d2;56300;INTARIAN_PEPPER_ROOT;12431;18;12427;24;;;12437;16;12441;16;;;12434.0;0.0
yf_ZS=F_d2;56400;ASH_COATED_OSMIUM;9955;8;9951;26;;;9961;21;9965;25;;;9958.0;0.0
yf_ZS=F_d2;56400;INTARIAN_PEPPER_ROOT;12432;13;12430;15;;;12438;19;12441;19;;;12435.0;0.0
yf_ZS=F_d2;56500;ASH_COATED_OSMIUM;9955;8;9953;26;;;9962;15;9965;23;;;9958.5;0.0
yf_ZS=F_d2;56500;INTARIAN_PEPPER_ROOT;12432;15;12429;23;;;12438;18;12442;18;;;12435.0;0.0
yf_ZS=F_d2;56600;ASH_COATED_OSMIUM;9956;18;9954;19;;;9962;14;9964;13;;;9959.0;0.0
yf_ZS=F_d2;56600;INTARIAN_PEPPER_ROOT;12422;12;12418;14;;;12449;11;12451;21;;;12435.5;0.0
yf_ZS=F_d2;56700;ASH_COATED_OSMIUM;9943;6;9940;25;;;9973;21;9976;12;;;9958.0;0.0
yf_ZS=F_d2;56700;INTARIAN_PEPPER_ROOT;12427;15;12425;11;;;12443;20;12445;17;;;12435.0;0.0
yf_ZS=F_d2;56800;ASH_COATED_OSMIUM;9955;19;9953;20;;;9961;11;9965;18;;;9958.0;0.0
yf_ZS=F_d2;56800;INTARIAN_PEPPER_ROOT;12429;12;12426;19;;;12441;15;12445;17;;;12435.0;0.0
yf_ZS=F_d2;56900;ASH_COATED_OSMIUM;9948;17;9944;15;;;9968;17;9970;23;;;9958.0;0.0
yf_ZS=F_d2;56900;INTARIAN_PEPPER_ROOT;12423;13;12420;31;;;12447;16;12450;19;;;12435.0;0.0
yf_ZS=F_d2;57000;ASH_COATED_OSMIUM;9950;15;9948;15;;;9965;12;9968;17;;;9957.5;0.0
yf_ZS=F_d2;57000;INTARIAN_PEPPER_ROOT;12433;10;12430;11;;;12439;5;12441;14;;;12436.0;0.0
yf_ZS=F_d2;57100;ASH_COATED_OSMIUM;9954;6;9951;15;;;9962;13;9966;21;;;9958.0;0.0
yf_ZS=F_d2;57100;INTARIAN_PEPPER_ROOT;12427;17;12425;23;;;12445;13;12448;22;;;12436.0;0.0
yf_ZS=F_d2;57200;ASH_COATED_OSMIUM;9955;9;9951;25;;;9961;27;9965;18;;;9958.0;0.0
yf_ZS=F_d2;57200;INTARIAN_PEPPER_ROOT;12430;12;12426;17;;;12441;13;12443;24;;;12435.5;0.0
yf_ZS=F_d2;57300;ASH_COATED_OSMIUM;9955;14;9952;21;;;9961;14;9963;22;;;9958.0;0.0
yf_ZS=F_d2;57300;INTARIAN_PEPPER_ROOT;12422;12;12418;12;;;12450;6;12454;24;;;12436.0;0.0
yf_ZS=F_d2;57400;ASH_COATED_OSMIUM;9954;18;9950;31;;;9960;8;9962;21;;;9957.0;0.0
yf_ZS=F_d2;57400;INTARIAN_PEPPER_ROOT;12432;17;12429;20;;;12440;11;12444;24;;;12436.0;0.0
yf_ZS=F_d2;57500;ASH_COATED_OSMIUM;9949;18;9946;22;;;9965;15;9968;25;;;9957.0;0.0
yf_ZS=F_d2;57500;INTARIAN_PEPPER_ROOT;12430;16;12427;29;;;12442;15;12445;19;;;12436.0;0.0
yf_ZS=F_d2;57600;ASH_COATED_OSMIUM;9953;19;9950;18;;;9962;16;9965;16;;;9957.5;0.0
yf_ZS=F_d2;57600;INTARIAN_PEPPER_ROOT;12430;15;12427;24;;;12443;13;12446;13;;;12436.5;0.0
yf_ZS=F_d2;57700;ASH_COATED_OSMIUM;9952;22;9948;25;;;9964;5;9967;18;;;9958.0;0.0
yf_ZS=F_d2;57700;INTARIAN_PEPPER_ROOT;12434;13;12430;19;;;12440;16;12442;25;;;12437.0;0.0
yf_ZS=F_d2;57800;ASH_COATED_OSMIUM;9952;18;9948;22;;;9964;18;9968;19;;;9958.0;0.0
yf_ZS=F_d2;57800;INTARIAN_PEPPER_ROOT;12433;12;12430;19;;;12439;17;12443;15;;;12436.0;0.0
yf_ZS=F_d2;57900;ASH_COATED_OSMIUM;9954;15;9952;12;;;9960;12;9962;20;;;9957.0;0.0
yf_ZS=F_d2;57900;INTARIAN_PEPPER_ROOT;12434;12;12430;10;;;12440;24;12443;11;;;12437.0;0.0
yf_ZS=F_d2;58000;ASH_COATED_OSMIUM;9951;11;9947;18;;;9963;13;9965;20;;;9957.0;0.0
yf_ZS=F_d2;58000;INTARIAN_PEPPER_ROOT;12430;12;12428;25;;;12443;11;12447;26;;;12436.5;0.0
yf_ZS=F_d2;58100;ASH_COATED_OSMIUM;9949;9;9946;13;;;9966;11;9969;27;;;9957.5;0.0
yf_ZS=F_d2;58100;INTARIAN_PEPPER_ROOT;12434;14;12430;20;;;12440;15;12444;16;;;12437.0;0.0
yf_ZS=F_d2;58200;ASH_COATED_OSMIUM;9952;15;9950;11;;;9962;9;9966;21;;;9957.0;0.0
yf_ZS=F_d2;58200;INTARIAN_PEPPER_ROOT;12431;20;12428;13;;;12443;13;12446;29;;;12437.0;0.0
yf_ZS=F_d2;58300;ASH_COATED_OSMIUM;9954;16;9952;24;;;9960;10;9962;32;;;9957.0;0.0
yf_ZS=F_d2;58300;INTARIAN_PEPPER_ROOT;12432;14;12429;16;;;12443;5;12447;18;;;12437.5;0.0
