day;timestamp;product;bid_price_1;bid_volume_1;bid_price_2;bid_volume_2;bid_price_3;bid_volume_3;ask_price_1;ask_volume_1;ask_price_2;ask_volume_2;ask_price_3;ask_volume_3;mid_price;profit_and_loss
av_SUGAR_d4;0;ASH_COATED_OSMIUM;9925;17;9921;18;;;9931;18;9935;23;;;9928.0;0.0
av_SUGAR_d4;0;INTARIAN_PEPPER_ROOT;10483;21;10479;26;;;10511;18;10513;20;;;10497.0;0.0
av_SUGAR_d4;100;ASH_COATED_OSMIUM;9924;10;9920;30;;;9931;11;9933;17;;;9927.5;0.0
av_SUGAR_d4;100;INTARIAN_PEPPER_ROOT;10488;16;10486;21;;;10499;8;10503;23;;;10493.5;0.0
av_SUGAR_d4;200;ASH_COATED_OSMIUM;9925;22;9922;30;;;9931;14;9933;11;;;9928.0;0.0
av_SUGAR_d4;200;INTARIAN_PEPPER_ROOT;10490;21;10488;21;;;10496;18;10500;15;;;10493.0;0.0
av_SUGAR_d4;300;ASH_COATED_OSMIUM;9923;8;9921;19;;;9933;9;9936;20;;;9928.0;0.0
av_SUGAR_d4;300;INTARIAN_PEPPER_ROOT;10483;19;10480;22;;;10498;5;10502;30;;;10490.5;0.0
av_SUGAR_d4;400;ASH_COATED_OSMIUM;9923;20;9920;15;;;9933;16;9935;28;;;9928.0;0.0
av_SUGAR_d4;400;INTARIAN_PEPPER_ROOT;10486;19;10483;19;;;10492;15;10496;11;;;10489.0;0.0
av_SUGAR_d4;500;ASH_COATED_OSMIUM;9921;15;9919;18;;;9934;12;9937;11;;;9927.5;0.0
av_SUGAR_d4;500;INTARIAN_PEPPER_ROOT;10483;14;10479;13;;;10489;13;10492;14;;;10486.0;0.0
av_SUGAR_d4;600;ASH_COATED_OSMIUM;9925;15;9921;24;;;9931;5;9934;23;;;9928.0;0.0
av_SUGAR_d4;600;INTARIAN_PEPPER_ROOT;10481;13;10478;16;;;10487;24;10490;18;;;10484.0;0.0
av_SUGAR_d4;700;ASH_COATED_OSMIUM;9924;5;9920;11;;;9930;17;9934;12;;;9927.0;0.0
av_SUGAR_d4;700;INTARIAN_PEPPER_ROOT;10478;12;10474;15;;;10484;5;10487;25;;;10481.0;0.0
av_SUGAR_d4;800;ASH_COATED_OSMIUM;9921;19;9918;22;;;9936;17;9940;18;;;9928.5;0.0
av_SUGAR_d4;800;INTARIAN_PEPPER_ROOT;10476;19;10472;18;;;10482;14;10486;21;;;10479.0;0.0
av_SUGAR_d4;900;ASH_COATED_OSMIUM;9925;17;9923;21;;;9931;8;9934;21;;;9928.0;0.0
av_SUGAR_d4;900;INTARIAN_PEPPER_ROOT;10474;9;10472;24;;;10480;18;10484;19;;;10477.0;0.0
av_SUGAR_d4;1000;ASH_COATED_OSMIUM;9925;13;9921;24;;;9931;16;9934;26;;;9928.0;0.0
av_SUGAR_d4;1000;INTARIAN_PEPPER_ROOT;10471;15;10469;9;;;10477;19;10480;20;;;10474.0;0.0
av_SUGAR_d4;1100;ASH_COATED_OSMIUM;9925;10;9921;23;;;9931;5;9933;26;;;9928.0;0.0
av_SUGAR_d4;1100;INTARIAN_PEPPER_ROOT;10468;6;10466;28;;;10476;21;10479;20;;;10472.0;0.0
av_SUGAR_d4;1200;ASH_COATED_OSMIUM;9925;16;9921;15;;;9931;17;9935;12;;;9928.0;0.0
av_SUGAR_d4;1200;INTARIAN_PEPPER_ROOT;10465;14;10462;15;;;10476;6;10479;27;;;10470.5;0.0
av_SUGAR_d4;1300;ASH_COATED_OSMIUM;9925;17;9921;21;;;9931;10;9933;12;;;9928.0;0.0
av_SUGAR_d4;1300;INTARIAN_PEPPER_ROOT;10460;17;10457;12;;;10476;10;10478;21;;;10468.0;0.0
av_SUGAR_d4;1400;ASH_COATED_OSMIUM;9924;8;9921;21;;;9930;16;9934;9;;;9927.0;0.0
av_SUGAR_d4;1400;INTARIAN_PEPPER_ROOT;10458;7;10454;22;;;10474;8;10477;18;;;10466.0;0.0
av_SUGAR_d4;1500;ASH_COATED_OSMIUM;9918;19;9914;20;;;9937;21;9941;29;;;9927.5;0.0
av_SUGAR_d4;1500;INTARIAN_PEPPER_ROOT;10460;20;10456;13;;;10466;12;10469;15;;;10463.0;0.0
av_SUGAR_d4;1600;ASH_COATED_OSMIUM;9924;13;9920;16;;;9932;5;9934;19;;;9928.0;0.0
av_SUGAR_d4;1600;INTARIAN_PEPPER_ROOT;10458;11;10456;25;;;10464;10;10468;8;;;10461.0;0.0
av_SUGAR_d4;1700;ASH_COATED_OSMIUM;9923;12;9919;12;;;9932;18;9936;15;;;9927.5;0.0
av_SUGAR_d4;1700;INTARIAN_PEPPER_ROOT;10455;14;10453;15;;;10461;11;10465;20;;;10458.0;0.0
av_SUGAR_d4;1800;ASH_COATED_OSMIUM;9925;13;9921;17;;;9931;11;9935;23;;;9928.0;0.0
av_SUGAR_d4;1800;INTARIAN_PEPPER_ROOT;10452;5;10450;16;;;10461;24;10465;25;;;10456.5;0.0
av_SUGAR_d4;1900;ASH_COATED_OSMIUM;9920;11;9916;24;;;9936;22;9938;12;;;9928.0;0.0
av_SUGAR_d4;1900;INTARIAN_PEPPER_ROOT;10447;12;10444;18;;;10462;13;10464;21;;;10454.5;0.0
av_SUGAR_d4;2000;ASH_COATED_OSMIUM;9923;13;9919;27;;;9933;14;9935;21;;;9928.0;0.0
av_SUGAR_d4;2000;INTARIAN_PEPPER_ROOT;10449;11;10446;26;;;10455;12;10459;15;;;10452.0;0.0
av_SUGAR_d4;2100;ASH_COATED_OSMIUM;9925;18;9923;10;;;9931;13;9933;22;;;9928.0;0.0
av_SUGAR_d4;2100;INTARIAN_PEPPER_ROOT;10445;5;10442;26;;;10455;17;10459;23;;;10450.0;0.0
av_SUGAR_d4;2200;ASH_COATED_OSMIUM;9926;22;9924;23;;;9932;20;9934;19;;;9929.0;0.0
av_SUGAR_d4;2200;INTARIAN_PEPPER_ROOT;10444;19;10440;19;;;10452;11;10454;26;;;10448.0;0.0
av_SUGAR_d4;2300;ASH_COATED_OSMIUM;9925;17;9923;20;;;9931;15;9934;22;;;9928.0;0.0
av_SUGAR_d4;2300;INTARIAN_PEPPER_ROOT;10440;15;10436;18;;;10450;11;10452;18;;;10445.0;0.0
av_SUGAR_d4;2400;ASH_COATED_OSMIUM;9925;20;9923;17;;;9931;14;9935;24;;;9928.0;0.0
av_SUGAR_d4;2400;INTARIAN_PEPPER_ROOT;10440;12;10436;15;;;10446;18;10450;21;;;10443.0;0.0
av_SUGAR_d4;2500;ASH_COATED_OSMIUM;9917;9;9915;20;;;9938;8;9940;17;;;9927.5;0.0
av_SUGAR_d4;2500;INTARIAN_PEPPER_ROOT;10438;14;10436;23;;;10444;5;10446;21;;;10441.0;0.0
av_SUGAR_d4;2600;ASH_COATED_OSMIUM;9925;15;9923;20;;;9931;15;9933;17;;;9928.0;0.0
av_SUGAR_d4;2600;INTARIAN_PEPPER_ROOT;10433;22;10430;24;;;10445;11;10449;15;;;10439.0;0.0
av_SUGAR_d4;2700;ASH_COATED_OSMIUM;9925;10;9922;20;;;9931;9;9934;20;;;9928.0;0.0
av_SUGAR_d4;2700;INTARIAN_PEPPER_ROOT;10433;14;10429;14;;;10439;14;10441;23;;;10436.0;0.0
av_SUGAR_d4;2800;ASH_COATED_OSMIUM;9925;14;9921;26;;;9931;13;9935;24;;;9928.0;0.0
av_SUGAR_d4;2800;INTARIAN_PEPPER_ROOT;10430;16;10427;19;;;10438;19;10440;20;;;10434.0;0.0
av_SUGAR_d4;2900;ASH_COATED_OSMIUM;9919;19;9917;23;;;9938;18;9940;14;;;9928.5;0.0
av_SUGAR_d4;2900;INTARIAN_PEPPER_ROOT;10424;12;10420;25;;;10440;5;10444;22;;;10432.0;0.0
av_SUGAR_d4;3000;ASH_COATED_OSMIUM;9925;11;9922;22;;;9931;30;9934;22;;;9928.0;0.0
av_SUGAR_d4;3000;INTARIAN_PEPPER_ROOT;10427;5;10425;18;;;10433;5;10435;16;;;10430.0;0.0
av_SUGAR_d4;3100;ASH_COATED_OSMIUM;9926;18;9923;19;;;9932;18;9935;11;;;9929.0;0.0
av_SUGAR_d4;3100;INTARIAN_PEPPER_ROOT;10424;15;10422;20;;;10430;13;10432;20;;;10427.0;0.0
av_SUGAR_d4;3200;ASH_COATED_OSMIUM;9925;9;9923;22;;;9931;23;9933;17;;;9928.0;0.0
av_SUGAR_d4;3200;INTARIAN_PEPPER_ROOT;10422;13;10419;20;;;10428;19;10431;13;;;10425.0;0.0
av_SUGAR_d4;3300;ASH_COATED_OSMIUM;9909;15;9907;17;;;9948;20;9952;21;;;9928.5;0.0
av_SUGAR_d4;3300;INTARIAN_PEPPER_ROOT;10417;12;10415;14;;;10429;15;10431;16;;;10423.0;0.0
av_SUGAR_d4;3400;ASH_COATED_OSMIUM;9924;9;9922;18;;;9932;13;9935;31;;;9928.0;0.0
av_SUGAR_d4;3400;INTARIAN_PEPPER_ROOT;10414;12;10411;18;;;10429;8;10433;15;;;10421.5;0.0
av_SUGAR_d4;3500;ASH_COATED_OSMIUM;9920;5;9916;22;;;9936;15;9939;13;;;9928.0;0.0
av_SUGAR_d4;3500;INTARIAN_PEPPER_ROOT;10416;8;10414;20;;;10422;24;10425;17;;;10419.0;0.0
av_SUGAR_d4;3600;ASH_COATED_OSMIUM;9922;17;9920;19;;;9935;17;9938;17;;;9928.5;0.0
av_SUGAR_d4;3600;INTARIAN_PEPPER_ROOT;10413;14;10410;17;;;10419;7;10423;20;;;10416.0;0.0
av_SUGAR_d4;3700;ASH_COATED_OSMIUM;9925;9;9923;22;;;9931;5;9935;23;;;9928.0;0.0
av_SUGAR_d4;3700;INTARIAN_PEPPER_ROOT;10411;14;10409;12;;;10417;10;10419;17;;;10414.0;0.0
av_SUGAR_d4;3800;ASH_COATED_OSMIUM;9924;23;9922;20;;;9933;13;9936;12;;;9928.5;0.0
av_SUGAR_d4;3800;INTARIAN_PEPPER_ROOT;10408;13;10405;19;;;10414;14;10417;16;;;10411.0;0.0
av_SUGAR_d4;3900;ASH_COATED_OSMIUM;9925;10;9921;8;;;9931;19;9933;24;;;9928.0;0.0
av_SUGAR_d4;3900;INTARIAN_PEPPER_ROOT;10407;11;10404;18;;;10413;11;10417;13;;;10410.0;0.0
av_SUGAR_d4;4000;ASH_COATED_OSMIUM;9925;7;9922;24;;;9931;8;9933;16;;;9928.0;0.0
av_SUGAR_d4;4000;INTARIAN_PEPPER_ROOT;10405;14;10403;17;;;10411;23;10414;13;;;10408.0;0.0
av_SUGAR_d4;4100;ASH_COATED_OSMIUM;9925;14;9921;16;;;9931;11;9934;18;;;9928.0;0.0
av_SUGAR_d4;4100;INTARIAN_PEPPER_ROOT;10401;17;10398;30;;;10408;15;10411;16;;;10404.5;0.0
av_SUGAR_d4;4200;ASH_COATED_OSMIUM;9925;7;9923;18;;;9932;12;9935;15;;;9928.5;0.0
av_SUGAR_d4;4200;INTARIAN_PEPPER_ROOT;10390;18;10388;25;;;10416;11;10419;20;;;10403.0;0.0
av_SUGAR_d4;4300;ASH_COATED_OSMIUM;9925;18;9921;20;;;9931;10;9933;26;;;9928.0;0.0
av_SUGAR_d4;4300;INTARIAN_PEPPER_ROOT;10397;12;10393;21;;;10403;10;10405;18;;;10400.0;0.0
av_SUGAR_d4;4400;ASH_COATED_OSMIUM;9925;13;9923;8;;;9931;16;9934;22;;;9928.0;0.0
av_SUGAR_d4;4400;INTARIAN_PEPPER_ROOT;10395;9;10391;18;;;10401;10;10405;17;;;10398.0;0.0
av_SUGAR_d4;4500;ASH_COATED_OSMIUM;9925;13;9921;28;;;9931;15;9933;13;;;9928.0;0.0
av_SUGAR_d4;4500;INTARIAN_PEPPER_ROOT;10394;16;10392;22;;;10400;18;10404;21;;;10397.0;0.0
av_SUGAR_d4;4600;ASH_COATED_OSMIUM;9923;10;9921;17;;;9935;18;9938;15;;;9929.0;0.0
av_SUGAR_d4;4600;INTARIAN_PEPPER_ROOT;10391;10;10388;13;;;10397;18;10401;24;;;10394.0;0.0
av_SUGAR_d4;4700;ASH_COATED_OSMIUM;9925;7;9923;23;;;9931;14;9935;16;;;9928.0;0.0
av_SUGAR_d4;4700;INTARIAN_PEPPER_ROOT;10388;14;10386;13;;;10394;14;10397;22;;;10391.0;0.0
av_SUGAR_d4;4800;ASH_COATED_OSMIUM;9917;10;9915;12;;;9938;19;9942;19;;;9927.5;0.0
av_SUGAR_d4;4800;INTARIAN_PEPPER_ROOT;10386;15;10383;11;;;10392;8;10395;22;;;10389.0;0.0
av_SUGAR_d4;4900;ASH_COATED_OSMIUM;9924;16;9921;22;;;9933;18;9935;19;;;9928.5;0.0
av_SUGAR_d4;4900;INTARIAN_PEPPER_ROOT;10381;18;10378;15;;;10393;14;10395;30;;;10387.0;0.0
av_SUGAR_d4;5000;ASH_COATED_OSMIUM;9920;19;9918;15;;;9936;13;9939;18;;;9928.0;0.0
av_SUGAR_d4;5000;INTARIAN_PEPPER_ROOT;10382;13;10378;13;;;10388;23;10392;16;;;10385.0;0.0
av_SUGAR_d4;5100;ASH_COATED_OSMIUM;9924;17;9922;13;;;9933;13;9935;23;;;9928.5;0.0
av_SUGAR_d4;5100;INTARIAN_PEPPER_ROOT;10380;10;10376;20;;;10386;13;10390;20;;;10383.0;0.0
av_SUGAR_d4;5200;ASH_COATED_OSMIUM;9926;21;9924;14;;;9932;15;9936;20;;;9929.0;0.0
av_SUGAR_d4;5200;INTARIAN_PEPPER_ROOT;10377;14;10375;30;;;10383;18;10387;25;;;10380.0;0.0
av_SUGAR_d4;5300;ASH_COATED_OSMIUM;9925;7;9922;24;;;9931;16;9934;14;;;9928.0;0.0
av_SUGAR_d4;5300;INTARIAN_PEPPER_ROOT;10375;15;10372;31;;;10381;16;10385;18;;;10378.0;0.0
av_SUGAR_d4;5400;ASH_COATED_OSMIUM;9904;25;9900;16;;;9953;12;9957;28;;;9928.5;0.0
av_SUGAR_d4;5400;INTARIAN_PEPPER_ROOT;10373;17;10369;13;;;10379;20;10381;23;;;10376.0;0.0
av_SUGAR_d4;5500;ASH_COATED_OSMIUM;9925;12;9923;27;;;9932;14;9935;14;;;9928.5;0.0
av_SUGAR_d4;5500;INTARIAN_PEPPER_ROOT;10371;8;10368;21;;;10377;21;10379;19;;;10374.0;0.0
av_SUGAR_d4;5600;ASH_COATED_OSMIUM;9925;19;9922;9;;;9931;11;9933;16;;;9928.0;0.0
av_SUGAR_d4;5600;INTARIAN_PEPPER_ROOT;10368;12;10365;23;;;10374;20;10377;18;;;10371.0;0.0
av_SUGAR_d4;5700;ASH_COATED_OSMIUM;9919;6;9915;20;;;9938;15;9941;19;;;9928.5;0.0
av_SUGAR_d4;5700;INTARIAN_PEPPER_ROOT;10366;6;10364;17;;;10372;12;10376;26;;;10369.0;0.0
av_SUGAR_d4;5800;ASH_COATED_OSMIUM;9926;10;9924;15;;;9932;23;9935;19;;;9929.0;0.0
av_SUGAR_d4;5800;INTARIAN_PEPPER_ROOT;10364;19;10360;21;;;10370;13;10372;20;;;10367.0;0.0
av_SUGAR_d4;5900;ASH_COATED_OSMIUM;9921;14;9917;20;;;9934;15;9936;18;;;9927.5;0.0
av_SUGAR_d4;5900;INTARIAN_PEPPER_ROOT;10362;14;10360;29;;;10368;12;10371;13;;;10365.0;0.0
av_SUGAR_d4;6000;ASH_COATED_OSMIUM;9925;12;9923;22;;;9931;13;9935;17;;;9928.0;0.0
av_SUGAR_d4;6000;INTARIAN_PEPPER_ROOT;10355;26;10353;28;;;10370;14;10372;17;;;10362.5;0.0
av_SUGAR_d4;6100;ASH_COATED_OSMIUM;9921;12;9919;21;;;9935;22;9939;11;;;9928.0;0.0
av_SUGAR_d4;6100;INTARIAN_PEPPER_ROOT;10358;15;10356;19;;;10364;7;10368;15;;;10361.0;0.0
av_SUGAR_d4;6200;ASH_COATED_OSMIUM;9925;21;9923;11;;;9931;10;9935;18;;;9928.0;0.0
av_SUGAR_d4;6200;INTARIAN_PEPPER_ROOT;10351;12;10348;15;;;10365;14;10367;19;;;10358.0;0.0
av_SUGAR_d4;6300;ASH_COATED_OSMIUM;9925;19;9921;21;;;9931;5;9935;22;;;9928.0;0.0
av_SUGAR_d4;6300;INTARIAN_PEPPER_ROOT;10352;21;10349;20;;;10358;12;10361;22;;;10355.0;0.0
av_SUGAR_d4;6400;ASH_COATED_OSMIUM;9925;16;9922;24;;;9931;17;9934;16;;;9928.0;0.0
av_SUGAR_d4;6400;INTARIAN_PEPPER_ROOT;10351;16;10348;17;;;10357;10;10361;16;;;10354.0;0.0
av_SUGAR_d4;6500;ASH_COATED_OSMIUM;9925;7;9922;9;;;9931;12;9935;17;;;9928.0;0.0
av_SUGAR_d4;6500;INTARIAN_PEPPER_ROOT;10345;10;10341;16;;;10356;14;10359;15;;;10350.5;0.0
av_SUGAR_d4;6600;ASH_COATED_OSMIUM;9925;19;9922;19;;;9931;12;9933;29;;;9928.0;0.0
av_SUGAR_d4;6600;INTARIAN_PEPPER_ROOT;10346;19;10344;25;;;10352;15;10354;21;;;10349.0;0.0
av_SUGAR_d4;6700;ASH_COATED_OSMIUM;9922;12;9918;11;;;9933;7;9935;16;;;9927.5;0.0
av_SUGAR_d4;6700;INTARIAN_PEPPER_ROOT;10341;11;10337;16;;;10352;18;10354;16;;;10346.5;0.0
av_SUGAR_d4;6800;ASH_COATED_OSMIUM;9925;22;9922;9;;;9931;12;9935;20;;;9928.0;0.0
av_SUGAR_d4;6800;INTARIAN_PEPPER_ROOT;10342;9;10338;32;;;10349;16;10352;14;;;10345.5;0.0
av_SUGAR_d4;6900;ASH_COATED_OSMIUM;9925;19;9921;15;;;9931;13;9933;18;;;9928.0;0.0
av_SUGAR_d4;6900;INTARIAN_PEPPER_ROOT;10320;13;10316;16;;;10366;10;10369;16;;;10343.0;0.0
av_SUGAR_d4;7000;ASH_COATED_OSMIUM;9925;5;9921;22;;;9931;21;9933;14;;;9928.0;0.0
av_SUGAR_d4;7000;INTARIAN_PEPPER_ROOT;10337;23;10334;19;;;10343;16;10347;32;;;10340.0;0.0
av_SUGAR_d4;7100;ASH_COATED_OSMIUM;9925;15;9923;23;;;9931;14;9934;17;;;9928.0;0.0
av_SUGAR_d4;7100;INTARIAN_PEPPER_ROOT;10335;14;10331;21;;;10341;22;10344;22;;;10338.0;0.0
av_SUGAR_d4;7200;ASH_COATED_OSMIUM;9925;12;9921;23;;;9931;18;9934;15;;;9928.0;0.0
av_SUGAR_d4;7200;INTARIAN_PEPPER_ROOT;10332;19;10329;16;;;10338;18;10341;26;;;10335.0;0.0
av_SUGAR_d4;7300;ASH_COATED_OSMIUM;9925;6;9922;22;;;9931;16;9935;15;;;9928.0;0.0
av_SUGAR_d4;7300;INTARIAN_PEPPER_ROOT;10330;5;10328;24;;;10336;17;10340;25;;;10333.0;0.0
av_SUGAR_d4;7400;ASH_COATED_OSMIUM;9922;22;9919;23;;;9933;13;9937;24;;;9927.5;0.0
av_SUGAR_d4;7400;INTARIAN_PEPPER_ROOT;10328;12;10325;21;;;10334;15;10337;15;;;10331.0;0.0
av_SUGAR_d4;7500;ASH_COATED_OSMIUM;9915;16;9912;20;;;9941;17;9945;20;;;9928.0;0.0
av_SUGAR_d4;7500;INTARIAN_PEPPER_ROOT;10321;23;10317;14;;;10335;16;10339;15;;;10328.0;0.0
av_SUGAR_d4;7600;ASH_COATED_OSMIUM;9923;24;9920;24;;;9934;5;9936;19;;;9928.5;0.0
av_SUGAR_d4;7600;INTARIAN_PEPPER_ROOT;10323;8;10319;23;;;10329;18;10333;19;;;10326.0;0.0
av_SUGAR_d4;7700;ASH_COATED_OSMIUM;9924;15;9920;18;;;9932;12;9935;11;;;9928.0;0.0
av_SUGAR_d4;7700;INTARIAN_PEPPER_ROOT;10306;12;10302;12;;;10342;13;10345;21;;;10324.0;0.0
av_SUGAR_d4;7800;ASH_COATED_OSMIUM;9923;10;9921;28;;;9933;16;9937;15;;;9928.0;0.0
av_SUGAR_d4;7800;INTARIAN_PEPPER_ROOT;10320;20;10316;18;;;10326;15;10328;22;;;10323.0;0.0
av_SUGAR_d4;7900;ASH_COATED_OSMIUM;9924;11;9920;22;;;9930;14;9934;9;;;9927.0;0.0
av_SUGAR_d4;7900;INTARIAN_PEPPER_ROOT;10304;19;10302;20;;;10334;14;10337;27;;;10319.0;0.0
av_SUGAR_d4;8000;ASH_COATED_OSMIUM;9922;7;9919;19;;;9935;23;9939;22;;;9928.5;0.0
av_SUGAR_d4;8000;INTARIAN_PEPPER_ROOT;10314;10;10312;19;;;10320;20;10322;18;;;10317.0;0.0
av_SUGAR_d4;8100;ASH_COATED_OSMIUM;9925;13;9923;14;;;9932;13;9936;28;;;9928.5;0.0
av_SUGAR_d4;8100;INTARIAN_PEPPER_ROOT;10312;12;10309;20;;;10318;12;10320;22;;;10315.0;0.0
av_SUGAR_d4;8200;ASH_COATED_OSMIUM;9921;18;9919;21;;;9936;14;9938;20;;;9928.5;0.0
av_SUGAR_d4;8200;INTARIAN_PEPPER_ROOT;10309;17;10305;19;;;10316;15;10319;21;;;10312.5;0.0
av_SUGAR_d4;8300;ASH_COATED_OSMIUM;9925;13;9922;12;;;9931;9;9935;25;;;9928.0;0.0
av_SUGAR_d4;8300;INTARIAN_PEPPER_ROOT;10306;10;10304;19;;;10315;13;10318;14;;;10310.5;0.0
av_SUGAR_d4;8400;ASH_COATED_OSMIUM;9925;14;9922;15;;;9931;14;9934;20;;;9928.0;0.0
av_SUGAR_d4;8400;INTARIAN_PEPPER_ROOT;10306;19;10302;28;;;10312;17;10314;13;;;10309.0;0.0
av_SUGAR_d4;8500;ASH_COATED_OSMIUM;9917;13;9915;26;;;9940;9;9943;16;;;9928.5;0.0
av_SUGAR_d4;8500;INTARIAN_PEPPER_ROOT;10297;15;10293;11;;;10316;18;10318;17;;;10306.5;0.0
av_SUGAR_d4;8600;ASH_COATED_OSMIUM;9926;23;9923;21;;;9932;21;9934;23;;;9929.0;0.0
av_SUGAR_d4;8600;INTARIAN_PEPPER_ROOT;10301;15;10298;21;;;10307;11;10311;18;;;10304.0;0.0
av_SUGAR_d4;8700;ASH_COATED_OSMIUM;9925;15;9921;18;;;9931;19;9933;26;;;9928.0;0.0
av_SUGAR_d4;8700;INTARIAN_PEPPER_ROOT;10298;27;10294;19;;;10304;13;10307;24;;;10301.0;0.0
av_SUGAR_d4;8800;ASH_COATED_OSMIUM;9923;11;9920;32;;;9932;5;9934;20;;;9927.5;0.0
av_SUGAR_d4;8800;INTARIAN_PEPPER_ROOT;10295;16;10293;23;;;10304;20;10306;23;;;10299.5;0.0
av_SUGAR_d4;8900;ASH_COATED_OSMIUM;9921;14;9918;13;;;9936;13;9940;25;;;9928.5;0.0
av_SUGAR_d4;8900;INTARIAN_PEPPER_ROOT;10294;15;10291;18;;;10300;19;10303;20;;;10297.0;0.0
av_SUGAR_d4;9000;ASH_COATED_OSMIUM;9922;13;9920;21;;;9934;5;9938;15;;;9928.0;0.0
av_SUGAR_d4;9000;INTARIAN_PEPPER_ROOT;10292;14;10290;23;;;10298;13;10301;25;;;10295.0;0.0
av_SUGAR_d4;9100;ASH_COATED_OSMIUM;9925;22;9922;11;;;9931;11;9935;21;;;9928.0;0.0
av_SUGAR_d4;9100;INTARIAN_PEPPER_ROOT;10289;17;10287;17;;;10295;5;10297;19;;;10292.0;0.0
av_SUGAR_d4;9200;ASH_COATED_OSMIUM;9923;7;9920;16;;;9932;8;9936;23;;;9927.5;0.0
av_SUGAR_d4;9200;INTARIAN_PEPPER_ROOT;10288;20;10284;15;;;10294;25;10297;28;;;10291.0;0.0
av_SUGAR_d4;9300;ASH_COATED_OSMIUM;9922;14;9920;26;;;9934;11;9937;17;;;9928.0;0.0
av_SUGAR_d4;9300;INTARIAN_PEPPER_ROOT;10285;16;10282;18;;;10291;17;10294;24;;;10288.0;0.0
av_SUGAR_d4;9400;ASH_COATED_OSMIUM;9924;10;9920;23;;;9932;13;9934;22;;;9928.0;0.0
av_SUGAR_d4;9400;INTARIAN_PEPPER_ROOT;10279;20;10277;20;;;10293;12;10297;17;;;10286.0;0.0
av_SUGAR_d4;9500;ASH_COATED_OSMIUM;9925;20;9923;27;;;9932;8;9935;26;;;9928.5;0.0
av_SUGAR_d4;9500;INTARIAN_PEPPER_ROOT;10280;12;10276;28;;;10288;14;10290;23;;;10284.0;0.0
av_SUGAR_d4;9600;ASH_COATED_OSMIUM;9925;15;9921;23;;;9931;20;9934;17;;;9928.0;0.0
av_SUGAR_d4;9600;INTARIAN_PEPPER_ROOT;10279;17;10275;20;;;10285;11;10288;14;;;10282.0;0.0
av_SUGAR_d4;9700;ASH_COATED_OSMIUM;9925;12;9923;21;;;9931;14;9934;19;;;9928.0;0.0
av_SUGAR_d4;9700;INTARIAN_PEPPER_ROOT;10276;11;10274;26;;;10282;19;10284;27;;;10279.0;0.0
av_SUGAR_d4;9800;ASH_COATED_OSMIUM;9925;20;9921;27;;;9931;11;9935;25;;;9928.0;0.0
av_SUGAR_d4;9800;INTARIAN_PEPPER_ROOT;10274;12;10270;18;;;10280;8;10284;24;;;10277.0;0.0
av_SUGAR_d4;9900;ASH_COATED_OSMIUM;9922;17;9918;27;;;9935;14;9939;21;;;9928.5;0.0
av_SUGAR_d4;9900;INTARIAN_PEPPER_ROOT;10271;17;10268;20;;;10280;10;10283;19;;;10275.5;0.0
av_SUGAR_d4;10000;ASH_COATED_OSMIUM;9922;8;9918;24;;;9934;12;9938;20;;;9928.0;0.0
av_SUGAR_d4;10000;INTARIAN_PEPPER_ROOT;10270;19;10266;24;;;10276;15;10279;35;;;10273.0;0.0
av_SUGAR_d4;10100;ASH_COATED_OSMIUM;9926;14;9923;23;;;9932;12;9934;15;;;9929.0;0.0
av_SUGAR_d4;10100;INTARIAN_PEPPER_ROOT;10267;21;10265;17;;;10273;11;10275;26;;;10270.0;0.0
av_SUGAR_d4;10200;ASH_COATED_OSMIUM;9926;13;9924;28;;;9932;13;9935;17;;;9929.0;0.0
av_SUGAR_d4;10200;INTARIAN_PEPPER_ROOT;10262;12;10260;26;;;10275;22;10278;18;;;10268.5;0.0
av_SUGAR_d4;10300;ASH_COATED_OSMIUM;9915;11;9911;19;;;9940;21;9942;17;;;9927.5;0.0
av_SUGAR_d4;10300;INTARIAN_PEPPER_ROOT;10258;6;10254;8;;;10273;15;10277;21;;;10265.5;0.0
av_SUGAR_d4;10400;ASH_COATED_OSMIUM;9924;13;9921;23;;;9933;24;9936;13;;;9928.5;0.0
av_SUGAR_d4;10400;INTARIAN_PEPPER_ROOT;10261;23;10257;14;;;10267;20;10271;15;;;10264.0;0.0
av_SUGAR_d4;10500;ASH_COATED_OSMIUM;9922;13;9919;26;;;9935;20;9939;17;;;9928.5;0.0
av_SUGAR_d4;10500;INTARIAN_PEPPER_ROOT;10258;15;10255;21;;;10264;21;10267;13;;;10261.0;0.0
av_SUGAR_d4;10600;ASH_COATED_OSMIUM;9925;10;9921;23;;;9931;5;9934;15;;;9928.0;0.0
av_SUGAR_d4;10600;INTARIAN_PEPPER_ROOT;10256;9;10254;16;;;10262;18;10264;22;;;10259.0;0.0
av_SUGAR_d4;10700;ASH_COATED_OSMIUM;9926;19;9923;19;;;9932;18;9934;22;;;9929.0;0.0
av_SUGAR_d4;10700;INTARIAN_PEPPER_ROOT;10254;19;10252;18;;;10260;16;10263;14;;;10257.0;0.0
av_SUGAR_d4;10800;ASH_COATED_OSMIUM;9925;6;9922;19;;;9931;12;9934;19;;;9928.0;0.0
av_SUGAR_d4;10800;INTARIAN_PEPPER_ROOT;10252;8;10250;19;;;10258;17;10260;17;;;10255.0;0.0
av_SUGAR_d4;10900;ASH_COATED_OSMIUM;9925;11;9923;23;;;9931;16;9934;24;;;9928.0;0.0
av_SUGAR_d4;10900;INTARIAN_PEPPER_ROOT;10249;10;10246;25;;;10256;20;10258;11;;;10252.5;0.0
av_SUGAR_d4;11000;ASH_COATED_OSMIUM;9917;18;9913;14;;;9939;12;9943;18;;;9928.0;0.0
av_SUGAR_d4;11000;INTARIAN_PEPPER_ROOT;10244;11;10242;17;;;10256;10;10259;20;;;10250.0;0.0
av_SUGAR_d4;11100;ASH_COATED_OSMIUM;9926;15;9923;14;;;9932;18;9934;21;;;9929.0;0.0
av_SUGAR_d4;11100;INTARIAN_PEPPER_ROOT;10245;16;10242;11;;;10251;20;10254;21;;;10248.0;0.0
av_SUGAR_d4;11200;ASH_COATED_OSMIUM;9920;23;9916;22;;;9938;22;9941;32;;;9929.0;0.0
av_SUGAR_d4;11200;INTARIAN_PEPPER_ROOT;10243;13;10239;24;;;10249;15;10251;9;;;10246.0;0.0
av_SUGAR_d4;11300;ASH_COATED_OSMIUM;9925;17;9921;27;;;9931;18;9934;20;;;9928.0;0.0
av_SUGAR_d4;11300;INTARIAN_PEPPER_ROOT;10241;10;10237;34;;;10247;11;10249;17;;;10244.0;0.0
av_SUGAR_d4;11400;ASH_COATED_OSMIUM;9922;11;9919;10;;;9936;27;9938;18;;;9929.0;0.0
av_SUGAR_d4;11400;INTARIAN_PEPPER_ROOT;10234;15;10232;17;;;10250;17;10252;20;;;10242.0;0.0
av_SUGAR_d4;11500;ASH_COATED_OSMIUM;9924;5;9920;19;;;9932;5;9935;17;;;9928.0;0.0
av_SUGAR_d4;11500;INTARIAN_PEPPER_ROOT;10236;7;10232;19;;;10242;25;10246;23;;;10239.0;0.0
av_SUGAR_d4;11600;ASH_COATED_OSMIUM;9925;20;9922;12;;;9931;8;9935;20;;;9928.0;0.0
av_SUGAR_d4;11600;INTARIAN_PEPPER_ROOT;10233;14;10230;15;;;10241;13;10243;21;;;10237.0;0.0
av_SUGAR_d4;11700;ASH_COATED_OSMIUM;9925;15;9921;15;;;9931;8;9934;22;;;9928.0;0.0
av_SUGAR_d4;11700;INTARIAN_PEPPER_ROOT;10231;25;10227;25;;;10237;14;10240;17;;;10234.0;0.0
av_SUGAR_d4;11800;ASH_COATED_OSMIUM;9924;12;9920;20;;;9933;18;9937;26;;;9928.5;0.0
av_SUGAR_d4;11800;INTARIAN_PEPPER_ROOT;10224;14;10220;21;;;10240;15;10244;20;;;10232.0;0.0
av_SUGAR_d4;11900;ASH_COATED_OSMIUM;9926;21;9922;21;;;9932;17;9936;16;;;9929.0;0.0
av_SUGAR_d4;11900;INTARIAN_PEPPER_ROOT;10227;13;10225;8;;;10233;20;10237;31;;;10230.0;0.0
av_SUGAR_d4;12000;ASH_COATED_OSMIUM;9925;14;9923;25;;;9931;19;9934;20;;;9928.0;0.0
av_SUGAR_d4;12000;INTARIAN_PEPPER_ROOT;10225;14;10223;25;;;10231;14;10233;24;;;10228.0;0.0
av_SUGAR_d4;12100;ASH_COATED_OSMIUM;9925;8;9921;22;;;9931;13;9933;13;;;9928.0;0.0
av_SUGAR_d4;12100;INTARIAN_PEPPER_ROOT;10221;11;10218;12;;;10230;13;10233;21;;;10225.5;0.0
av_SUGAR_d4;12200;ASH_COATED_OSMIUM;9924;19;9921;13;;;9933;18;9937;23;;;9928.5;0.0
av_SUGAR_d4;12200;INTARIAN_PEPPER_ROOT;10216;16;10214;14;;;10230;17;10233;28;;;10223.0;0.0
av_SUGAR_d4;12300;ASH_COATED_OSMIUM;9925;10;9922;18;;;9931;8;9934;22;;;9928.0;0.0
av_SUGAR_d4;12300;INTARIAN_PEPPER_ROOT;10218;18;10215;12;;;10224;16;10228;13;;;10221.0;0.0
av_SUGAR_d4;12400;ASH_COATED_OSMIUM;9925;15;9923;17;;;9931;11;9933;18;;;9928.0;0.0
av_SUGAR_d4;12400;INTARIAN_PEPPER_ROOT;10208;6;10206;22;;;10229;6;10233;11;;;10218.5;0.0
av_SUGAR_d4;12500;ASH_COATED_OSMIUM;9926;10;9923;24;;;9932;15;9936;11;;;9929.0;0.0
av_SUGAR_d4;12500;INTARIAN_PEPPER_ROOT;10214;9;10212;26;;;10220;11;10222;13;;;10217.0;0.0
av_SUGAR_d4;12600;ASH_COATED_OSMIUM;9925;23;9921;17;;;9931;13;9935;21;;;9928.0;0.0
av_SUGAR_d4;12600;INTARIAN_PEPPER_ROOT;10211;18;10209;16;;;10217;22;10220;16;;;10214.0;0.0
av_SUGAR_d4;12700;ASH_COATED_OSMIUM;9925;17;9922;23;;;9931;17;9934;30;;;9928.0;0.0
av_SUGAR_d4;12700;INTARIAN_PEPPER_ROOT;10209;16;10207;23;;;10215;12;10218;26;;;10212.0;0.0
av_SUGAR_d4;12800;ASH_COATED_OSMIUM;9915;19;9911;21;;;9941;14;9945;19;;;9928.0;0.0
av_SUGAR_d4;12800;INTARIAN_PEPPER_ROOT;10203;11;10200;25;;;10217;14;10220;25;;;10210.0;0.0
av_SUGAR_d4;12900;ASH_COATED_OSMIUM;9925;8;9921;11;;;9931;16;9934;25;;;9928.0;0.0
av_SUGAR_d4;12900;INTARIAN_PEPPER_ROOT;10205;9;10203;20;;;10211;24;10213;30;;;10208.0;0.0
av_SUGAR_d4;13000;ASH_COATED_OSMIUM;9923;20;9921;21;;;9933;6;9936;15;;;9928.0;0.0
av_SUGAR_d4;13000;INTARIAN_PEPPER_ROOT;10202;17;10198;15;;;10208;20;10210;20;;;10205.0;0.0
av_SUGAR_d4;13100;ASH_COATED_OSMIUM;9925;14;9922;28;;;9931;19;9934;25;;;9928.0;0.0
av_SUGAR_d4;13100;INTARIAN_PEPPER_ROOT;10194;23;10190;17;;;10213;18;10216;17;;;10203.5;0.0
av_SUGAR_d4;13200;ASH_COATED_OSMIUM;9918;14;9914;19;;;9940;20;9944;19;;;9929.0;0.0
av_SUGAR_d4;13200;INTARIAN_PEPPER_ROOT;10198;7;10195;19;;;10204;9;10207;17;;;10201.0;0.0
av_SUGAR_d4;13300;ASH_COATED_OSMIUM;9925;10;9923;16;;;9931;12;9934;21;;;9928.0;0.0
av_SUGAR_d4;13300;INTARIAN_PEPPER_ROOT;10196;15;10194;18;;;10202;16;10205;24;;;10199.0;0.0
av_SUGAR_d4;13400;ASH_COATED_OSMIUM;9924;15;9920;12;;;9932;14;9935;19;;;9928.0;0.0
av_SUGAR_d4;13400;INTARIAN_PEPPER_ROOT;10193;9;10190;17;;;10199;27;10202;22;;;10196.0;0.0
av_SUGAR_d4;13500;ASH_COATED_OSMIUM;9926;6;9923;32;;;9932;12;9936;25;;;9929.0;0.0
av_SUGAR_d4;13500;INTARIAN_PEPPER_ROOT;10191;8;10188;13;;;10197;15;10199;24;;;10194.0;0.0
av_SUGAR_d4;13600;ASH_COATED_OSMIUM;9926;15;9924;32;;;9932;14;9935;14;;;9929.0;0.0
av_SUGAR_d4;13600;INTARIAN_PEPPER_ROOT;10186;8;10182;23;;;10198;8;10202;12;;;10192.0;0.0
av_SUGAR_d4;13700;ASH_COATED_OSMIUM;9925;14;9923;22;;;9932;13;9936;21;;;9928.5;0.0
av_SUGAR_d4;13700;INTARIAN_PEPPER_ROOT;10187;14;10185;17;;;10193;12;10196;25;;;10190.0;0.0
av_SUGAR_d4;13800;ASH_COATED_OSMIUM;9909;16;9905;21;;;9946;16;9950;13;;;9927.5;0.0
av_SUGAR_d4;13800;INTARIAN_PEPPER_ROOT;10185;9;10181;25;;;10191;14;10195;18;;;10188.0;0.0
av_SUGAR_d4;13900;ASH_COATED_OSMIUM;9926;8;9923;15;;;9932;13;9934;19;;;9929.0;0.0
av_SUGAR_d4;13900;INTARIAN_PEPPER_ROOT;10182;15;10179;17;;;10189;19;10191;23;;;10185.5;0.0
av_SUGAR_d4;14000;ASH_COATED_OSMIUM;9925;17;9923;15;;;9931;16;9935;24;;;9928.0;0.0
av_SUGAR_d4;14000;INTARIAN_PEPPER_ROOT;10180;15;10176;10;;;10186;17;10190;23;;;10183.0;0.0
av_SUGAR_d4;14100;ASH_COATED_OSMIUM;9921;16;9919;19;;;9936;21;9939;19;;;9928.5;0.0
av_SUGAR_d4;14100;INTARIAN_PEPPER_ROOT;10178;13;10174;17;;;10184;17;10187;12;;;10181.0;0.0
av_SUGAR_d4;14200;ASH_COATED_OSMIUM;9923;13;9920;20;;;9935;6;9939;18;;;9929.0;0.0
av_SUGAR_d4;14200;INTARIAN_PEPPER_ROOT;10175;9;10172;18;;;10181;10;10183;20;;;10178.0;0.0
av_SUGAR_d4;14300;ASH_COATED_OSMIUM;9925;17;9921;18;;;9931;12;9933;26;;;9928.0;0.0
av_SUGAR_d4;14300;INTARIAN_PEPPER_ROOT;10173;20;10170;19;;;10179;18;10182;14;;;10176.0;0.0
av_SUGAR_d4;14400;ASH_COATED_OSMIUM;9925;15;9923;13;;;9931;14;9935;19;;;9928.0;0.0
av_SUGAR_d4;14400;INTARIAN_PEPPER_ROOT;10171;8;10168;25;;;10177;13;10179;21;;;10174.0;0.0
av_SUGAR_d4;14500;ASH_COATED_OSMIUM;9925;28;9921;19;;;9931;15;9934;21;;;9928.0;0.0
av_SUGAR_d4;14500;INTARIAN_PEPPER_ROOT;10162;21;10159;24;;;10181;13;10183;13;;;10171.5;0.0
av_SUGAR_d4;14600;ASH_COATED_OSMIUM;9926;11;9923;11;;;9932;12;9936;16;;;9929.0;0.0
av_SUGAR_d4;14600;INTARIAN_PEPPER_ROOT;10165;13;10161;16;;;10174;21;10177;8;;;10169.5;0.0
av_SUGAR_d4;14700;ASH_COATED_OSMIUM;9925;12;9923;22;;;9931;14;9934;22;;;9928.0;0.0
av_SUGAR_d4;14700;INTARIAN_PEPPER_ROOT;10165;14;10163;19;;;10171;14;10174;24;;;10168.0;0.0
av_SUGAR_d4;14800;ASH_COATED_OSMIUM;9924;5;9920;17;;;9934;14;9937;20;;;9929.0;0.0
av_SUGAR_d4;14800;INTARIAN_PEPPER_ROOT;10162;25;10160;17;;;10168;17;10170;15;;;10165.0;0.0
av_SUGAR_d4;14900;ASH_COATED_OSMIUM;9926;12;9924;15;;;9932;5;9934;23;;;9929.0;0.0
av_SUGAR_d4;14900;INTARIAN_PEPPER_ROOT;10158;5;10154;27;;;10167;13;10170;19;;;10162.5;0.0
av_SUGAR_d4;15000;ASH_COATED_OSMIUM;9926;13;9923;18;;;9932;12;9936;10;;;9929.0;0.0
av_SUGAR_d4;15000;INTARIAN_PEPPER_ROOT;10157;12;10155;14;;;10163;20;10165;14;;;10160.0;0.0
av_SUGAR_d4;15100;ASH_COATED_OSMIUM;9925;7;9921;21;;;9931;10;9934;24;;;9928.0;0.0
av_SUGAR_d4;15100;INTARIAN_PEPPER_ROOT;10156;17;10154;20;;;10162;18;10164;19;;;10159.0;0.0
av_SUGAR_d4;15200;ASH_COATED_OSMIUM;9925;10;9921;16;;;9931;19;9935;24;;;9928.0;0.0
av_SUGAR_d4;15200;INTARIAN_PEPPER_ROOT;10149;5;10146;27;;;10163;14;10167;22;;;10156.0;0.0
av_SUGAR_d4;15300;ASH_COATED_OSMIUM;9920;18;9918;9;;;9938;8;9941;23;;;9929.0;0.0
av_SUGAR_d4;15300;INTARIAN_PEPPER_ROOT;10140;16;10137;14;;;10167;13;10171;21;;;10153.5;0.0
av_SUGAR_d4;15400;ASH_COATED_OSMIUM;9921;11;9918;21;;;9935;8;9939;23;;;9928.0;0.0
av_SUGAR_d4;15400;INTARIAN_PEPPER_ROOT;10133;14;10130;16;;;10170;12;10173;15;;;10151.5;0.0
av_SUGAR_d4;15500;ASH_COATED_OSMIUM;9925;15;9922;8;;;9931;16;9933;20;;;9928.0;0.0
av_SUGAR_d4;15500;INTARIAN_PEPPER_ROOT;10146;12;10143;25;;;10152;13;10154;23;;;10149.0;0.0
av_SUGAR_d4;15600;ASH_COATED_OSMIUM;9926;5;9923;25;;;9932;5;9934;22;;;9929.0;0.0
av_SUGAR_d4;15600;INTARIAN_PEPPER_ROOT;10144;14;10140;23;;;10150;17;10153;24;;;10147.0;0.0
av_SUGAR_d4;15700;ASH_COATED_OSMIUM;9925;15;9922;27;;;9931;16;9935;25;;;9928.0;0.0
av_SUGAR_d4;15700;INTARIAN_PEPPER_ROOT;10128;14;10125;17;;;10162;16;10165;24;;;10145.0;0.0
av_SUGAR_d4;15800;ASH_COATED_OSMIUM;9926;16;9924;11;;;9932;6;9935;15;;;9929.0;0.0
av_SUGAR_d4;15800;INTARIAN_PEPPER_ROOT;10140;21;10137;20;;;10146;10;10148;14;;;10143.0;0.0
av_SUGAR_d4;15900;ASH_COATED_OSMIUM;9921;11;9918;24;;;9936;16;9938;16;;;9928.5;0.0
av_SUGAR_d4;15900;INTARIAN_PEPPER_ROOT;10136;18;10134;18;;;10144;20;10147;20;;;10140.0;0.0
av_SUGAR_d4;16000;ASH_COATED_OSMIUM;9926;21;9924;19;;;9932;19;9934;18;;;9929.0;0.0
av_SUGAR_d4;16000;INTARIAN_PEPPER_ROOT;10131;20;10128;20;;;10145;17;10149;25;;;10138.0;0.0
av_SUGAR_d4;16100;ASH_COATED_OSMIUM;9926;14;9924;29;;;9932;24;9935;22;;;9929.0;0.0
av_SUGAR_d4;16100;INTARIAN_PEPPER_ROOT;10133;13;10129;19;;;10139;16;10143;23;;;10136.0;0.0
av_SUGAR_d4;16200;ASH_COATED_OSMIUM;9925;23;9923;23;;;9932;28;9936;19;;;9928.5;0.0
av_SUGAR_d4;16200;INTARIAN_PEPPER_ROOT;10130;13;10126;16;;;10136;23;10139;25;;;10133.0;0.0
av_SUGAR_d4;16300;ASH_COATED_OSMIUM;9926;13;9923;20;;;9932;19;9934;10;;;9929.0;0.0
av_SUGAR_d4;16300;INTARIAN_PEPPER_ROOT;10126;21;10124;30;;;10138;14;10141;23;;;10132.0;0.0
av_SUGAR_d4;16400;ASH_COATED_OSMIUM;9926;23;9924;14;;;9932;21;9936;33;;;9929.0;0.0
av_SUGAR_d4;16400;INTARIAN_PEPPER_ROOT;10124;15;10121;18;;;10134;11;10137;20;;;10129.0;0.0
av_SUGAR_d4;16500;ASH_COATED_OSMIUM;9925;18;9923;21;;;9932;6;9934;25;;;9928.5;0.0
av_SUGAR_d4;16500;INTARIAN_PEPPER_ROOT;10124;11;10121;19;;;10130;17;10133;17;;;10127.0;0.0
av_SUGAR_d4;16600;ASH_COATED_OSMIUM;9922;17;9919;19;;;9935;16;9937;28;;;9928.5;0.0
av_SUGAR_d4;16600;INTARIAN_PEPPER_ROOT;10115;13;10111;22;;;10134;11;10138;30;;;10124.5;0.0
av_SUGAR_d4;16700;ASH_COATED_OSMIUM;9926;12;9923;22;;;9932;13;9936;21;;;9929.0;0.0
av_SUGAR_d4;16700;INTARIAN_PEPPER_ROOT;10120;15;10116;8;;;10126;11;10130;19;;;10123.0;0.0
av_SUGAR_d4;16800;ASH_COATED_OSMIUM;9925;14;9922;12;;;9932;11;9934;28;;;9928.5;0.0
av_SUGAR_d4;16800;INTARIAN_PEPPER_ROOT;10115;16;10112;20;;;10125;11;10128;23;;;10120.0;0.0
av_SUGAR_d4;16900;ASH_COATED_OSMIUM;9926;13;9923;17;;;9932;15;9934;18;;;9929.0;0.0
av_SUGAR_d4;16900;INTARIAN_PEPPER_ROOT;10115;18;10111;18;;;10121;12;10124;25;;;10118.0;0.0
av_SUGAR_d4;17000;ASH_COATED_OSMIUM;9925;17;9923;27;;;9931;11;9934;13;;;9928.0;0.0
av_SUGAR_d4;17000;INTARIAN_PEPPER_ROOT;10114;11;10112;16;;;10120;6;10122;20;;;10117.0;0.0
av_SUGAR_d4;17100;ASH_COATED_OSMIUM;9925;6;9922;13;;;9931;17;9935;25;;;9928.0;0.0
av_SUGAR_d4;17100;INTARIAN_PEPPER_ROOT;10114;14;10112;19;;;10120;15;10124;12;;;10117.0;0.0
av_SUGAR_d4;17200;ASH_COATED_OSMIUM;9925;14;9922;20;;;9931;11;9934;27;;;9928.0;0.0
av_SUGAR_d4;17200;INTARIAN_PEPPER_ROOT;10115;12;10111;13;;;10121;20;10123;18;;;10118.0;0.0
av_SUGAR_d4;17300;ASH_COATED_OSMIUM;9925;12;9922;16;;;9931;17;9935;14;;;9928.0;0.0
av_SUGAR_d4;17300;INTARIAN_PEPPER_ROOT;10115;9;10113;18;;;10121;11;10124;24;;;10118.0;0.0
av_SUGAR_d4;17400;ASH_COATED_OSMIUM;9926;24;9922;18;;;9932;10;9936;17;;;9929.0;0.0
av_SUGAR_d4;17400;INTARIAN_PEPPER_ROOT;10111;13;10107;16;;;10126;9;10128;23;;;10118.5;0.0
av_SUGAR_d4;17500;ASH_COATED_OSMIUM;9920;18;9918;18;;;9936;16;9938;23;;;9928.0;0.0
av_SUGAR_d4;17500;INTARIAN_PEPPER_ROOT;10115;22;10112;15;;;10121;17;10124;28;;;10118.0;0.0
av_SUGAR_d4;17600;ASH_COATED_OSMIUM;9919;7;9916;22;;;9938;25;9941;26;;;9928.5;0.0
av_SUGAR_d4;17600;INTARIAN_PEPPER_ROOT;10116;20;10112;15;;;10122;21;10124;9;;;10119.0;0.0
av_SUGAR_d4;17700;ASH_COATED_OSMIUM;9925;5;9921;23;;;9931;14;9934;23;;;9928.0;0.0
av_SUGAR_d4;17700;INTARIAN_PEPPER_ROOT;10116;19;10112;20;;;10124;16;10127;26;;;10120.0;0.0
av_SUGAR_d4;17800;ASH_COATED_OSMIUM;9926;19;9923;21;;;9932;19;9934;15;;;9929.0;0.0
av_SUGAR_d4;17800;INTARIAN_PEPPER_ROOT;10112;18;10108;21;;;10126;19;10130;16;;;10119.0;0.0
av_SUGAR_d4;17900;ASH_COATED_OSMIUM;9926;16;9923;26;;;9932;16;9934;16;;;9929.0;0.0
av_SUGAR_d4;17900;INTARIAN_PEPPER_ROOT;10117;10;10114;24;;;10123;12;10126;21;;;10120.0;0.0
av_SUGAR_d4;18000;ASH_COATED_OSMIUM;9925;22;9922;19;;;9931;18;9934;15;;;9928.0;0.0
av_SUGAR_d4;18000;INTARIAN_PEPPER_ROOT;10114;12;10112;12;;;10127;11;10129;17;;;10120.5;0.0
av_SUGAR_d4;18100;ASH_COATED_OSMIUM;9920;23;9917;13;;;9938;12;9940;16;;;9929.0;0.0
av_SUGAR_d4;18100;INTARIAN_PEPPER_ROOT;10106;16;10102;23;;;10135;19;10138;22;;;10120.5;0.0
av_SUGAR_d4;18200;ASH_COATED_OSMIUM;9924;9;9920;12;;;9933;12;9935;15;;;9928.5;0.0
av_SUGAR_d4;18200;INTARIAN_PEPPER_ROOT;10118;10;10115;14;;;10124;5;10126;24;;;10121.0;0.0
av_SUGAR_d4;18300;ASH_COATED_OSMIUM;9925;5;9923;22;;;9932;22;9935;8;;;9928.5;0.0
av_SUGAR_d4;18300;INTARIAN_PEPPER_ROOT;10116;21;10113;22;;;10127;12;10129;29;;;10121.5;0.0
av_SUGAR_d4;18400;ASH_COATED_OSMIUM;9923;11;9919;18;;;9934;16;9938;22;;;9928.5;0.0
av_SUGAR_d4;18400;INTARIAN_PEPPER_ROOT;10117;5;10115;27;;;10126;18;10130;15;;;10121.5;0.0
av_SUGAR_d4;18500;ASH_COATED_OSMIUM;9923;23;9921;24;;;9934;24;9938;17;;;9928.5;0.0
av_SUGAR_d4;18500;INTARIAN_PEPPER_ROOT;10119;17;10117;27;;;10125;12;10129;20;;;10122.0;0.0
av_SUGAR_d4;18600;ASH_COATED_OSMIUM;9925;17;9923;23;;;9932;20;9934;29;;;9928.5;0.0
av_SUGAR_d4;18600;INTARIAN_PEPPER_ROOT;10118;18;10114;24;;;10125;13;10129;15;;;10121.5;0.0
av_SUGAR_d4;18700;ASH_COATED_OSMIUM;9924;14;9921;19;;;9932;14;9935;20;;;9928.0;0.0
av_SUGAR_d4;18700;INTARIAN_PEPPER_ROOT;10118;12;10114;18;;;10127;15;10129;22;;;10122.5;0.0
av_SUGAR_d4;18800;ASH_COATED_OSMIUM;9926;17;9922;18;;;9932;11;9936;21;;;9929.0;0.0
av_SUGAR_d4;18800;INTARIAN_PEPPER_ROOT;10119;14;10115;22;;;10127;12;10129;22;;;10123.0;0.0
av_SUGAR_d4;18900;ASH_COATED_OSMIUM;9925;5;9921;26;;;9931;13;9935;19;;;9928.0;0.0
av_SUGAR_d4;18900;INTARIAN_PEPPER_ROOT;10121;12;10118;23;;;10127;15;10130;9;;;10124.0;0.0
av_SUGAR_d4;19000;ASH_COATED_OSMIUM;9914;17;9910;17;;;9943;8;9946;13;;;9928.5;0.0
av_SUGAR_d4;19000;INTARIAN_PEPPER_ROOT;10121;14;10117;8;;;10127;15;10129;32;;;10124.0;0.0
av_SUGAR_d4;19100;ASH_COATED_OSMIUM;9919;18;9915;24;;;9937;13;9940;13;;;9928.0;0.0
av_SUGAR_d4;19100;INTARIAN_PEPPER_ROOT;10121;9;10119;12;;;10127;22;10131;20;;;10124.0;0.0
av_SUGAR_d4;19200;ASH_COATED_OSMIUM;9925;14;9921;16;;;9931;16;9935;10;;;9928.0;0.0
av_SUGAR_d4;19200;INTARIAN_PEPPER_ROOT;10120;25;10117;18;;;10129;15;10131;21;;;10124.5;0.0
av_SUGAR_d4;19300;ASH_COATED_OSMIUM;9925;20;9921;15;;;9931;19;9934;21;;;9928.0;0.0
av_SUGAR_d4;19300;INTARIAN_PEPPER_ROOT;10121;17;10117;15;;;10129;24;10131;10;;;10125.0;0.0
av_SUGAR_d4;19400;ASH_COATED_OSMIUM;9920;14;9916;20;;;9937;9;9939;17;;;9928.5;0.0
av_SUGAR_d4;19400;INTARIAN_PEPPER_ROOT;10120;21;10117;19;;;10131;19;10135;19;;;10125.5;0.0
av_SUGAR_d4;19500;ASH_COATED_OSMIUM;9923;17;9921;24;;;9935;23;9938;12;;;9929.0;0.0
av_SUGAR_d4;19500;INTARIAN_PEPPER_ROOT;10121;14;10118;31;;;10129;12;10132;14;;;10125.0;0.0
av_SUGAR_d4;19600;ASH_COATED_OSMIUM;9922;17;9920;21;;;9934;19;9937;22;;;9928.0;0.0
av_SUGAR_d4;19600;INTARIAN_PEPPER_ROOT;10120;18;10117;19;;;10132;14;10135;13;;;10126.0;0.0
av_SUGAR_d4;19700;ASH_COATED_OSMIUM;9926;19;9924;13;;;9932;8;9934;23;;;9929.0;0.0
av_SUGAR_d4;19700;INTARIAN_PEPPER_ROOT;10121;13;10119;24;;;10130;14;10134;23;;;10125.5;0.0
av_SUGAR_d4;19800;ASH_COATED_OSMIUM;9926;23;9922;23;;;9932;12;9935;18;;;9929.0;0.0
av_SUGAR_d4;19800;INTARIAN_PEPPER_ROOT;10124;22;10120;20;;;10130;10;10134;20;;;10127.0;0.0
av_SUGAR_d4;19900;ASH_COATED_OSMIUM;9923;12;9920;17;;;9933;17;9935;22;;;9928.0;0.0
av_SUGAR_d4;19900;INTARIAN_PEPPER_ROOT;10119;12;10117;18;;;10136;7;10139;8;;;10127.5;0.0
av_SUGAR_d4;20000;ASH_COATED_OSMIUM;9926;18;9922;20;;;9932;11;9936;26;;;9929.0;0.0
av_SUGAR_d4;20000;INTARIAN_PEPPER_ROOT;10124;17;10120;14;;;10130;12;10134;22;;;10127.0;0.0
av_SUGAR_d4;20100;ASH_COATED_OSMIUM;9926;18;9922;16;;;9932;13;9934;21;;;9929.0;0.0
av_SUGAR_d4;20100;INTARIAN_PEPPER_ROOT;10125;12;10123;19;;;10131;15;10133;22;;;10128.0;0.0
av_SUGAR_d4;20200;ASH_COATED_OSMIUM;9925;9;9922;22;;;9931;17;9933;25;;;9928.0;0.0
av_SUGAR_d4;20200;INTARIAN_PEPPER_ROOT;10114;19;10112;14;;;10142;11;10146;19;;;10128.0;0.0
av_SUGAR_d4;20300;ASH_COATED_OSMIUM;9920;10;9917;22;;;9938;10;9941;19;;;9929.0;0.0
av_SUGAR_d4;20300;INTARIAN_PEPPER_ROOT;10125;19;10121;16;;;10131;17;10135;20;;;10128.0;0.0
av_SUGAR_d4;20400;ASH_COATED_OSMIUM;9926;11;9923;8;;;9932;5;9934;16;;;9929.0;0.0
av_SUGAR_d4;20400;INTARIAN_PEPPER_ROOT;10120;20;10117;23;;;10135;13;10139;17;;;10127.5;0.0
av_SUGAR_d4;20500;ASH_COATED_OSMIUM;9923;16;9920;15;;;9934;19;9936;15;;;9928.5;0.0
av_SUGAR_d4;20500;INTARIAN_PEPPER_ROOT;10126;14;10122;20;;;10132;23;10135;26;;;10129.0;0.0
av_SUGAR_d4;20600;ASH_COATED_OSMIUM;9921;11;9919;8;;;9937;10;9939;23;;;9929.0;0.0
av_SUGAR_d4;20600;INTARIAN_PEPPER_ROOT;10126;15;10122;18;;;10132;13;10135;19;;;10129.0;0.0
av_SUGAR_d4;20700;ASH_COATED_OSMIUM;9926;17;9924;21;;;9932;18;9934;22;;;9929.0;0.0
av_SUGAR_d4;20700;INTARIAN_PEPPER_ROOT;10119;10;10117;23;;;10139;18;10142;20;;;10129.0;0.0
av_SUGAR_d4;20800;ASH_COATED_OSMIUM;9921;18;9918;10;;;9936;12;9940;11;;;9928.5;0.0
av_SUGAR_d4;20800;INTARIAN_PEPPER_ROOT;10127;15;10123;28;;;10133;16;10137;14;;;10130.0;0.0
av_SUGAR_d4;20900;ASH_COATED_OSMIUM;9921;12;9919;22;;;9935;6;9938;21;;;9928.0;0.0
av_SUGAR_d4;20900;INTARIAN_PEPPER_ROOT;10122;19;10120;18;;;10138;15;10141;17;;;10130.0;0.0
av_SUGAR_d4;21000;ASH_COATED_OSMIUM;9925;5;9923;24;;;9933;17;9936;19;;;9929.0;0.0
av_SUGAR_d4;21000;INTARIAN_PEPPER_ROOT;10127;13;10123;20;;;10133;17;10137;26;;;10130.0;0.0
av_SUGAR_d4;21100;ASH_COATED_OSMIUM;9925;18;9923;18;;;9931;12;9933;18;;;9928.0;0.0
av_SUGAR_d4;21100;INTARIAN_PEPPER_ROOT;10122;15;10118;23;;;10137;22;10140;26;;;10129.5;0.0
av_SUGAR_d4;21200;ASH_COATED_OSMIUM;9924;14;9920;25;;;9934;14;9936;21;;;9929.0;0.0
av_SUGAR_d4;21200;INTARIAN_PEPPER_ROOT;10123;18;10120;21;;;10139;14;10143;10;;;10131.0;0.0
av_SUGAR_d4;21300;ASH_COATED_OSMIUM;9926;14;9922;22;;;9932;11;9935;20;;;9929.0;0.0
av_SUGAR_d4;21300;INTARIAN_PEPPER_ROOT;10128;19;10126;23;;;10134;21;10137;17;;;10131.0;0.0
av_SUGAR_d4;21400;ASH_COATED_OSMIUM;9923;14;9921;26;;;9935;26;9938;26;;;9929.0;0.0
av_SUGAR_d4;21400;INTARIAN_PEPPER_ROOT;10129;9;10127;15;;;10135;5;10139;15;;;10132.0;0.0
av_SUGAR_d4;21500;ASH_COATED_OSMIUM;9926;19;9924;20;;;9932;17;9935;17;;;9929.0;0.0
av_SUGAR_d4;21500;INTARIAN_PEPPER_ROOT;10129;25;10127;26;;;10135;15;10139;14;;;10132.0;0.0
av_SUGAR_d4;21600;ASH_COATED_OSMIUM;9922;14;9919;16;;;9934;10;9937;19;;;9928.0;0.0
av_SUGAR_d4;21600;INTARIAN_PEPPER_ROOT;10129;19;10127;19;;;10135;10;10139;23;;;10132.0;0.0
av_SUGAR_d4;21700;ASH_COATED_OSMIUM;9926;19;9924;21;;;9933;7;9937;18;;;9929.5;0.0
av_SUGAR_d4;21700;INTARIAN_PEPPER_ROOT;10128;24;10124;19;;;10137;17;10139;18;;;10132.5;0.0
av_SUGAR_d4;21800;ASH_COATED_OSMIUM;9925;8;9923;16;;;9931;21;9935;24;;;9928.0;0.0
av_SUGAR_d4;21800;INTARIAN_PEPPER_ROOT;10115;14;10113;12;;;10151;10;10153;9;;;10133.0;0.0
av_SUGAR_d4;21900;ASH_COATED_OSMIUM;9926;9;9923;20;;;9932;24;9934;15;;;9929.0;0.0
av_SUGAR_d4;21900;INTARIAN_PEPPER_ROOT;10130;20;10128;19;;;10138;14;10140;23;;;10134.0;0.0
av_SUGAR_d4;22000;ASH_COATED_OSMIUM;9925;21;9922;26;;;9931;14;9935;24;;;9928.0;0.0
av_SUGAR_d4;22000;INTARIAN_PEPPER_ROOT;10130;19;10127;16;;;10138;17;10142;20;;;10134.0;0.0
av_SUGAR_d4;22100;ASH_COATED_OSMIUM;9926;5;9923;25;;;9932;19;9934;14;;;9929.0;0.0
av_SUGAR_d4;22100;INTARIAN_PEPPER_ROOT;10128;5;10124;23;;;10140;22;10143;21;;;10134.0;0.0
av_SUGAR_d4;22200;ASH_COATED_OSMIUM;9926;13;9922;23;;;9932;19;9936;20;;;9929.0;0.0
av_SUGAR_d4;22200;INTARIAN_PEPPER_ROOT;10131;24;10129;20;;;10137;10;10139;22;;;10134.0;0.0
av_SUGAR_d4;22300;ASH_COATED_OSMIUM;9923;10;9920;21;;;9935;14;9938;22;;;9929.0;0.0
av_SUGAR_d4;22300;INTARIAN_PEPPER_ROOT;10130;11;10128;21;;;10139;14;10142;28;;;10134.5;0.0
av_SUGAR_d4;22400;ASH_COATED_OSMIUM;9922;12;9919;20;;;9936;11;9938;13;;;9929.0;0.0
av_SUGAR_d4;22400;INTARIAN_PEPPER_ROOT;10132;26;10130;22;;;10138;15;10140;15;;;10135.0;0.0
av_SUGAR_d4;22500;ASH_COATED_OSMIUM;9926;12;9923;14;;;9932;17;9935;26;;;9929.0;0.0
av_SUGAR_d4;22500;INTARIAN_PEPPER_ROOT;10127;8;10124;27;;;10143;5;10145;10;;;10135.0;0.0
av_SUGAR_d4;22600;ASH_COATED_OSMIUM;9925;11;9923;20;;;9932;10;9936;17;;;9928.5;0.0
av_SUGAR_d4;22600;INTARIAN_PEPPER_ROOT;10129;18;10126;17;;;10143;13;10145;26;;;10136.0;0.0
av_SUGAR_d4;22700;ASH_COATED_OSMIUM;9926;29;9923;12;;;9932;15;9935;15;;;9929.0;0.0
av_SUGAR_d4;22700;INTARIAN_PEPPER_ROOT;10133;10;10130;15;;;10139;18;10141;19;;;10136.0;0.0
av_SUGAR_d4;22800;ASH_COATED_OSMIUM;9923;11;9921;13;;;9934;26;9937;21;;;9928.5;0.0
av_SUGAR_d4;22800;INTARIAN_PEPPER_ROOT;10132;20;10129;25;;;10140;14;10142;17;;;10136.0;0.0
av_SUGAR_d4;22900;ASH_COATED_OSMIUM;9925;12;9922;22;;;9932;11;9935;19;;;9928.5;0.0
av_SUGAR_d4;22900;INTARIAN_PEPPER_ROOT;10129;17;10127;17;;;10145;20;10148;8;;;10137.0;0.0
av_SUGAR_d4;23000;ASH_COATED_OSMIUM;9926;9;9922;27;;;9932;15;9935;20;;;9929.0;0.0
av_SUGAR_d4;23000;INTARIAN_PEPPER_ROOT;10134;8;10132;26;;;10140;22;10142;18;;;10137.0;0.0
av_SUGAR_d4;23100;ASH_COATED_OSMIUM;9925;11;9923;29;;;9931;13;9933;23;;;9928.0;0.0
av_SUGAR_d4;23100;INTARIAN_PEPPER_ROOT;10124;9;10121;13;;;10152;17;10154;18;;;10138.0;0.0
av_SUGAR_d4;23200;ASH_COATED_OSMIUM;9919;17;9915;16;;;9938;19;9941;19;;;9928.5;0.0
av_SUGAR_d4;23200;INTARIAN_PEPPER_ROOT;10128;13;10125;23;;;10148;15;10152;13;;;10138.0;0.0
av_SUGAR_d4;23300;ASH_COATED_OSMIUM;9926;7;9924;20;;;9932;11;9935;23;;;9929.0;0.0
av_SUGAR_d4;23300;INTARIAN_PEPPER_ROOT;10134;15;10131;19;;;10140;19;10143;26;;;10137.0;0.0
av_SUGAR_d4;23400;ASH_COATED_OSMIUM;9925;14;9923;23;;;9931;21;9934;15;;;9928.0;0.0
av_SUGAR_d4;23400;INTARIAN_PEPPER_ROOT;10134;15;10130;10;;;10142;16;10144;16;;;10138.0;0.0
av_SUGAR_d4;23500;ASH_COATED_OSMIUM;9921;13;9919;17;;;9936;18;9938;22;;;9928.5;0.0
av_SUGAR_d4;23500;INTARIAN_PEPPER_ROOT;10136;16;10132;20;;;10142;14;10144;23;;;10139.0;0.0
av_SUGAR_d4;23600;ASH_COATED_OSMIUM;9925;18;9921;18;;;9933;9;9936;27;;;9929.0;0.0
av_SUGAR_d4;23600;INTARIAN_PEPPER_ROOT;10136;22;10132;21;;;10142;13;10144;16;;;10139.0;0.0
av_SUGAR_d4;23700;ASH_COATED_OSMIUM;9925;14;9922;25;;;9931;16;9933;22;;;9928.0;0.0
av_SUGAR_d4;23700;INTARIAN_PEPPER_ROOT;10136;16;10133;29;;;10142;17;10145;22;;;10139.0;0.0
av_SUGAR_d4;23800;ASH_COATED_OSMIUM;9924;13;9921;19;;;9933;14;9937;19;;;9928.5;0.0
av_SUGAR_d4;23800;INTARIAN_PEPPER_ROOT;10137;15;10135;18;;;10143;11;10146;20;;;10140.0;0.0
av_SUGAR_d4;23900;ASH_COATED_OSMIUM;9924;23;9920;23;;;9934;18;9938;25;;;9929.0;0.0
av_SUGAR_d4;23900;INTARIAN_PEPPER_ROOT;10137;5;10134;19;;;10143;9;10147;31;;;10140.0;0.0
av_SUGAR_d4;24000;ASH_COATED_OSMIUM;9924;22;9920;16;;;9933;18;9937;20;;;9928.5;0.0
av_SUGAR_d4;24000;INTARIAN_PEPPER_ROOT;10138;19;10136;19;;;10144;17;10148;20;;;10141.0;0.0
av_SUGAR_d4;24100;ASH_COATED_OSMIUM;9926;14;9924;28;;;9932;8;9934;29;;;9929.0;0.0
av_SUGAR_d4;24100;INTARIAN_PEPPER_ROOT;10132;14;10130;16;;;10149;19;10151;20;;;10140.5;0.0
av_SUGAR_d4;24200;ASH_COATED_OSMIUM;9926;16;9922;21;;;9932;11;9935;19;;;9929.0;0.0
av_SUGAR_d4;24200;INTARIAN_PEPPER_ROOT;10138;12;10135;20;;;10144;22;10146;12;;;10141.0;0.0
av_SUGAR_d4;24300;ASH_COATED_OSMIUM;9926;11;9922;19;;;9932;9;9934;18;;;9929.0;0.0
av_SUGAR_d4;24300;INTARIAN_PEPPER_ROOT;10139;18;10136;24;;;10145;10;10147;14;;;10142.0;0.0
av_SUGAR_d4;24400;ASH_COATED_OSMIUM;9921;18;9919;24;;;9937;11;9939;13;;;9929.0;0.0
av_SUGAR_d4;24400;INTARIAN_PEPPER_ROOT;10136;10;10133;27;;;10148;8;10151;19;;;10142.0;0.0
av_SUGAR_d4;24500;ASH_COATED_OSMIUM;9925;9;9921;11;;;9932;16;9935;24;;;9928.5;0.0
av_SUGAR_d4;24500;INTARIAN_PEPPER_ROOT;10139;13;10137;22;;;10145;18;10148;19;;;10142.0;0.0
av_SUGAR_d4;24600;ASH_COATED_OSMIUM;9925;9;9921;22;;;9931;21;9934;23;;;9928.0;0.0
av_SUGAR_d4;24600;INTARIAN_PEPPER_ROOT;10139;5;10137;15;;;10145;11;10149;16;;;10142.0;0.0
av_SUGAR_d4;24700;ASH_COATED_OSMIUM;9926;11;9922;16;;;9932;9;9936;19;;;9929.0;0.0
av_SUGAR_d4;24700;INTARIAN_PEPPER_ROOT;10139;16;10137;24;;;10145;13;10148;19;;;10142.0;0.0
av_SUGAR_d4;24800;ASH_COATED_OSMIUM;9926;13;9924;22;;;9932;9;9934;23;;;9929.0;0.0
av_SUGAR_d4;24800;INTARIAN_PEPPER_ROOT;10140;17;10138;18;;;10146;16;10149;17;;;10143.0;0.0
av_SUGAR_d4;24900;ASH_COATED_OSMIUM;9926;20;9924;27;;;9932;21;9936;26;;;9929.0;0.0
av_SUGAR_d4;24900;INTARIAN_PEPPER_ROOT;10138;17;10136;19;;;10148;16;10152;22;;;10143.0;0.0
av_SUGAR_d4;25000;ASH_COATED_OSMIUM;9926;12;9924;34;;;9932;15;9934;15;;;9929.0;0.0
av_SUGAR_d4;25000;INTARIAN_PEPPER_ROOT;10141;13;10137;28;;;10147;9;10151;20;;;10144.0;0.0
av_SUGAR_d4;25100;ASH_COATED_OSMIUM;9926;13;9923;12;;;9932;5;9935;18;;;9929.0;0.0
av_SUGAR_d4;25100;INTARIAN_PEPPER_ROOT;10141;29;10138;17;;;10147;14;10151;8;;;10144.0;0.0
av_SUGAR_d4;25200;ASH_COATED_OSMIUM;9925;19;9921;8;;;9931;14;9934;16;;;9928.0;0.0
av_SUGAR_d4;25200;INTARIAN_PEPPER_ROOT;10142;7;10140;27;;;10148;11;10151;25;;;10145.0;0.0
av_SUGAR_d4;25300;ASH_COATED_OSMIUM;9926;14;9922;15;;;9932;7;9936;23;;;9929.0;0.0
av_SUGAR_d4;25300;INTARIAN_PEPPER_ROOT;10142;11;10140;20;;;10148;17;10152;18;;;10145.0;0.0
av_SUGAR_d4;25400;ASH_COATED_OSMIUM;9926;13;9923;20;;;9932;14;9936;12;;;9929.0;0.0
av_SUGAR_d4;25400;INTARIAN_PEPPER_ROOT;10142;16;10138;19;;;10148;12;10152;23;;;10145.0;0.0
av_SUGAR_d4;25500;ASH_COATED_OSMIUM;9925;10;9922;20;;;9931;14;9935;19;;;9928.0;0.0
av_SUGAR_d4;25500;INTARIAN_PEPPER_ROOT;10142;18;10139;14;;;10148;17;10152;21;;;10145.0;0.0
av_SUGAR_d4;25600;ASH_COATED_OSMIUM;9926;15;9923;16;;;9932;10;9934;16;;;9929.0;0.0
av_SUGAR_d4;25600;INTARIAN_PEPPER_ROOT;10142;14;10139;20;;;10150;10;10152;19;;;10146.0;0.0
av_SUGAR_d4;25700;ASH_COATED_OSMIUM;9925;13;9923;24;;;9933;11;9937;23;;;9929.0;0.0
av_SUGAR_d4;25700;INTARIAN_PEPPER_ROOT;10143;16;10139;21;;;10149;19;10153;23;;;10146.0;0.0
av_SUGAR_d4;25800;ASH_COATED_OSMIUM;9923;9;9919;25;;;9934;22;9937;18;;;9928.5;0.0
av_SUGAR_d4;25800;INTARIAN_PEPPER_ROOT;10143;18;10139;16;;;10149;24;10151;13;;;10146.0;0.0
av_SUGAR_d4;25900;ASH_COATED_OSMIUM;9925;17;9922;12;;;9931;14;9933;15;;;9928.0;0.0
av_SUGAR_d4;25900;INTARIAN_PEPPER_ROOT;10139;9;10135;13;;;10154;15;10156;32;;;10146.5;0.0
av_SUGAR_d4;26000;ASH_COATED_OSMIUM;9925;13;9921;24;;;9932;6;9936;13;;;9928.5;0.0
av_SUGAR_d4;26000;INTARIAN_PEPPER_ROOT;10144;8;10141;21;;;10150;13;10153;19;;;10147.0;0.0
av_SUGAR_d4;26100;ASH_COATED_OSMIUM;9926;16;9922;26;;;9932;15;9935;14;;;9929.0;0.0
av_SUGAR_d4;26100;INTARIAN_PEPPER_ROOT;10144;11;10141;19;;;10150;20;10152;16;;;10147.0;0.0
av_SUGAR_d4;26200;ASH_COATED_OSMIUM;9925;14;9921;26;;;9931;15;9935;23;;;9928.0;0.0
av_SUGAR_d4;26200;INTARIAN_PEPPER_ROOT;10145;16;10142;14;;;10151;12;10154;26;;;10148.0;0.0
av_SUGAR_d4;26300;ASH_COATED_OSMIUM;9926;10;9923;21;;;9932;5;9935;30;;;9929.0;0.0
av_SUGAR_d4;26300;INTARIAN_PEPPER_ROOT;10144;15;10140;28;;;10151;17;10155;22;;;10147.5;0.0
av_SUGAR_d4;26400;ASH_COATED_OSMIUM;9925;11;9923;24;;;9932;21;9936;31;;;9928.5;0.0
av_SUGAR_d4;26400;INTARIAN_PEPPER_ROOT;10135;13;10132;16;;;10161;11;10165;17;;;10148.0;0.0
av_SUGAR_d4;26500;ASH_COATED_OSMIUM;9926;16;9924;18;;;9932;19;9936;16;;;9929.0;0.0
av_SUGAR_d4;26500;INTARIAN_PEPPER_ROOT;10146;20;10143;17;;;10152;25;10156;32;;;10149.0;0.0
av_SUGAR_d4;26600;ASH_COATED_OSMIUM;9926;12;9924;22;;;9932;20;9934;23;;;9929.0;0.0
av_SUGAR_d4;26600;INTARIAN_PEPPER_ROOT;10135;19;10133;22;;;10162;21;10165;22;;;10148.5;0.0
av_SUGAR_d4;26700;ASH_COATED_OSMIUM;9926;14;9922;10;;;9932;12;9935;27;;;9929.0;0.0
av_SUGAR_d4;26700;INTARIAN_PEPPER_ROOT;10146;15;10144;23;;;10152;7;10154;27;;;10149.0;0.0
av_SUGAR_d4;26800;ASH_COATED_OSMIUM;9926;13;9922;26;;;9932;18;9936;22;;;9929.0;0.0
av_SUGAR_d4;26800;INTARIAN_PEPPER_ROOT;10147;7;10145;24;;;10153;19;10155;23;;;10150.0;0.0
av_SUGAR_d4;26900;ASH_COATED_OSMIUM;9925;15;9923;21;;;9931;16;9935;28;;;9928.0;0.0
av_SUGAR_d4;26900;INTARIAN_PEPPER_ROOT;10144;14;10141;26;;;10155;16;10159;20;;;10149.5;0.0
av_SUGAR_d4;27000;ASH_COATED_OSMIUM;9926;5;9922;21;;;9932;20;9936;23;;;9929.0;0.0
av_SUGAR_d4;27000;INTARIAN_PEPPER_ROOT;10148;11;10144;21;;;10154;14;10157;24;;;10151.0;0.0
av_SUGAR_d4;27100;ASH_COATED_OSMIUM;9922;23;9918;20;;;9936;5;9939;24;;;9929.0;0.0
av_SUGAR_d4;27100;INTARIAN_PEPPER_ROOT;10145;14;10142;29;;;10157;22;10161;19;;;10151.0;0.0
av_SUGAR_d4;27200;ASH_COATED_OSMIUM;9925;6;9921;22;;;9931;13;9934;14;;;9928.0;0.0
av_SUGAR_d4;27200;INTARIAN_PEPPER_ROOT;10148;18;10146;19;;;10154;25;10157;19;;;10151.0;0.0
av_SUGAR_d4;27300;ASH_COATED_OSMIUM;9926;17;9923;23;;;9932;15;9935;21;;;9929.0;0.0
av_SUGAR_d4;27300;INTARIAN_PEPPER_ROOT;10148;14;10145;24;;;10154;10;10157;14;;;10151.0;0.0
av_SUGAR_d4;27400;ASH_COATED_OSMIUM;9926;15;9922;22;;;9932;5;9936;22;;;9929.0;0.0
av_SUGAR_d4;27400;INTARIAN_PEPPER_ROOT;10149;13;10145;34;;;10155;19;10158;24;;;10152.0;0.0
av_SUGAR_d4;27500;ASH_COATED_OSMIUM;9921;20;9919;25;;;9937;15;9940;11;;;9929.0;0.0
av_SUGAR_d4;27500;INTARIAN_PEPPER_ROOT;10149;16;10145;15;;;10155;21;10158;21;;;10152.0;0.0
av_SUGAR_d4;27600;ASH_COATED_OSMIUM;9926;17;9924;14;;;9932;15;9935;19;;;9929.0;0.0
av_SUGAR_d4;27600;INTARIAN_PEPPER_ROOT;10148;20;10145;19;;;10156;9;10158;17;;;10152.0;0.0
av_SUGAR_d4;27700;ASH_COATED_OSMIUM;9925;9;9923;17;;;9931;16;9935;19;;;9928.0;0.0
av_SUGAR_d4;27700;INTARIAN_PEPPER_ROOT;10150;16;10146;15;;;10156;15;10160;10;;;10153.0;0.0
av_SUGAR_d4;27800;ASH_COATED_OSMIUM;9925;16;9922;12;;;9931;19;9934;13;;;9928.0;0.0
av_SUGAR_d4;27800;INTARIAN_PEPPER_ROOT;10150;11;10147;22;;;10156;15;10160;14;;;10153.0;0.0
av_SUGAR_d4;27900;ASH_COATED_OSMIUM;9926;14;9922;25;;;9932;20;9935;20;;;9929.0;0.0
av_SUGAR_d4;27900;INTARIAN_PEPPER_ROOT;10150;13;10147;21;;;10156;11;10158;18;;;10153.0;0.0
av_SUGAR_d4;28000;ASH_COATED_OSMIUM;9926;16;9924;16;;;9932;14;9934;21;;;9929.0;0.0
av_SUGAR_d4;28000;INTARIAN_PEPPER_ROOT;10150;20;10146;29;;;10158;7;10162;19;;;10154.0;0.0
av_SUGAR_d4;28100;ASH_COATED_OSMIUM;9923;12;9919;22;;;9935;9;9939;21;;;9929.0;0.0
av_SUGAR_d4;28100;INTARIAN_PEPPER_ROOT;10151;13;10149;19;;;10157;14;10161;10;;;10154.0;0.0
av_SUGAR_d4;28200;ASH_COATED_OSMIUM;9926;14;9923;25;;;9932;21;9936;15;;;9929.0;0.0
av_SUGAR_d4;28200;INTARIAN_PEPPER_ROOT;10149;8;10145;21;;;10160;14;10164;20;;;10154.5;0.0
av_SUGAR_d4;28300;ASH_COATED_OSMIUM;9926;22;9923;22;;;9932;17;9934;18;;;9929.0;0.0
av_SUGAR_d4;28300;INTARIAN_PEPPER_ROOT;10152;15;10148;21;;;10158;14;10161;16;;;10155.0;0.0
av_SUGAR_d4;28400;ASH_COATED_OSMIUM;9920;21;9918;16;;;9937;5;9941;20;;;9928.5;0.0
av_SUGAR_d4;28400;INTARIAN_PEPPER_ROOT;10149;14;10146;23;;;10161;16;10164;24;;;10155.0;0.0
av_SUGAR_d4;28500;ASH_COATED_OSMIUM;9925;16;9923;17;;;9934;21;9938;23;;;9929.5;0.0
av_SUGAR_d4;28500;INTARIAN_PEPPER_ROOT;10152;21;10148;27;;;10158;16;10160;23;;;10155.0;0.0
av_SUGAR_d4;28600;ASH_COATED_OSMIUM;9926;10;9924;14;;;9932;21;9934;15;;;9929.0;0.0
av_SUGAR_d4;28600;INTARIAN_PEPPER_ROOT;10142;15;10139;15;;;10169;12;10172;10;;;10155.5;0.0
av_SUGAR_d4;28700;ASH_COATED_OSMIUM;9926;19;9923;28;;;9932;14;9934;27;;;9929.0;0.0
av_SUGAR_d4;28700;INTARIAN_PEPPER_ROOT;10147;16;10143;19;;;10164;13;10168;24;;;10155.5;0.0
av_SUGAR_d4;28800;ASH_COATED_OSMIUM;9926;14;9922;16;;;9932;14;9935;21;;;9929.0;0.0
av_SUGAR_d4;28800;INTARIAN_PEPPER_ROOT;10153;15;10151;20;;;10159;21;10162;18;;;10156.0;0.0
av_SUGAR_d4;28900;ASH_COATED_OSMIUM;9924;18;9920;22;;;9934;18;9937;22;;;9929.0;0.0
av_SUGAR_d4;28900;INTARIAN_PEPPER_ROOT;10151;17;10147;27;;;10161;18;10163;25;;;10156.0;0.0
av_SUGAR_d4;29000;ASH_COATED_OSMIUM;9926;20;9924;15;;;9932;16;9936;21;;;9929.0;0.0
av_SUGAR_d4;29000;INTARIAN_PEPPER_ROOT;10154;15;10150;28;;;10160;16;10164;20;;;10157.0;0.0
av_SUGAR_d4;29100;ASH_COATED_OSMIUM;9926;14;9923;21;;;9932;17;9935;21;;;9929.0;0.0
av_SUGAR_d4;29100;INTARIAN_PEPPER_ROOT;10154;17;10151;27;;;10160;13;10163;25;;;10157.0;0.0
av_SUGAR_d4;29200;ASH_COATED_OSMIUM;9925;12;9922;21;;;9933;18;9936;16;;;9929.0;0.0
av_SUGAR_d4;29200;INTARIAN_PEPPER_ROOT;10145;20;10142;17;;;10169;18;10173;11;;;10157.0;0.0
av_SUGAR_d4;29300;ASH_COATED_OSMIUM;9926;18;9922;11;;;9932;17;9936;33;;;9929.0;0.0
av_SUGAR_d4;29300;INTARIAN_PEPPER_ROOT;10153;15;10151;9;;;10163;7;10165;21;;;10158.0;0.0
av_SUGAR_d4;29400;ASH_COATED_OSMIUM;9925;18;9923;22;;;9931;14;9934;23;;;9928.0;0.0
av_SUGAR_d4;29400;INTARIAN_PEPPER_ROOT;10147;8;10145;12;;;10169;15;10173;27;;;10158.0;0.0
av_SUGAR_d4;29500;ASH_COATED_OSMIUM;9926;17;9924;12;;;9932;22;9935;22;;;9929.0;0.0
av_SUGAR_d4;29500;INTARIAN_PEPPER_ROOT;10151;17;10147;22;;;10165;11;10168;28;;;10158.0;0.0
av_SUGAR_d4;29600;ASH_COATED_OSMIUM;9926;14;9924;13;;;9932;13;9934;26;;;9929.0;0.0
av_SUGAR_d4;29600;INTARIAN_PEPPER_ROOT;10155;19;10153;12;;;10164;17;10168;13;;;10159.5;0.0
av_SUGAR_d4;29700;ASH_COATED_OSMIUM;9926;14;9923;18;;;9932;19;9935;22;;;9929.0;0.0
av_SUGAR_d4;29700;INTARIAN_PEPPER_ROOT;10145;12;10143;13;;;10173;9;10176;17;;;10159.0;0.0
av_SUGAR_d4;29800;ASH_COATED_OSMIUM;9922;18;9918;30;;;9936;17;9938;13;;;9929.0;0.0
av_SUGAR_d4;29800;INTARIAN_PEPPER_ROOT;10157;12;10153;24;;;10163;15;10165;18;;;10160.0;0.0
av_SUGAR_d4;29900;ASH_COATED_OSMIUM;9926;10;9924;22;;;9932;9;9935;18;;;9929.0;0.0
av_SUGAR_d4;29900;INTARIAN_PEPPER_ROOT;10154;15;10152;12;;;10165;15;10167;20;;;10159.5;0.0
av_SUGAR_d4;30000;ASH_COATED_OSMIUM;9926;14;9924;22;;;9932;10;9935;26;;;9929.0;0.0
av_SUGAR_d4;30000;INTARIAN_PEPPER_ROOT;10146;14;10143;24;;;10174;16;10176;18;;;10160.0;0.0
av_SUGAR_d4;30100;ASH_COATED_OSMIUM;9923;14;9920;15;;;9935;13;9938;21;;;9929.0;0.0
av_SUGAR_d4;30100;INTARIAN_PEPPER_ROOT;10155;13;10153;23;;;10166;20;10169;22;;;10160.5;0.0
av_SUGAR_d4;30200;ASH_COATED_OSMIUM;9925;21;9923;15;;;9931;16;9933;26;;;9928.0;0.0
av_SUGAR_d4;30200;INTARIAN_PEPPER_ROOT;10157;12;10154;9;;;10163;16;10165;18;;;10160.0;0.0
av_SUGAR_d4;30300;ASH_COATED_OSMIUM;9925;23;9923;16;;;9931;13;9935;19;;;9928.0;0.0
av_SUGAR_d4;30300;INTARIAN_PEPPER_ROOT;10158;21;10155;14;;;10165;21;10168;14;;;10161.5;0.0
av_SUGAR_d4;30400;ASH_COATED_OSMIUM;9926;12;9922;22;;;9932;8;9936;21;;;9929.0;0.0
av_SUGAR_d4;30400;INTARIAN_PEPPER_ROOT;10159;17;10157;16;;;10165;17;10167;26;;;10162.0;0.0
av_SUGAR_d4;30500;ASH_COATED_OSMIUM;9926;12;9924;25;;;9932;14;9934;28;;;9929.0;0.0
av_SUGAR_d4;30500;INTARIAN_PEPPER_ROOT;10159;16;10157;22;;;10165;15;10169;16;;;10162.0;0.0
av_SUGAR_d4;30600;ASH_COATED_OSMIUM;9926;15;9923;15;;;9932;14;9934;20;;;9929.0;0.0
av_SUGAR_d4;30600;INTARIAN_PEPPER_ROOT;10160;17;10158;19;;;10166;26;10169;28;;;10163.0;0.0
av_SUGAR_d4;30700;ASH_COATED_OSMIUM;9926;13;9922;23;;;9932;11;9935;15;;;9929.0;0.0
av_SUGAR_d4;30700;INTARIAN_PEPPER_ROOT;10160;10;10156;21;;;10166;8;10169;29;;;10163.0;0.0
av_SUGAR_d4;30800;ASH_COATED_OSMIUM;9921;14;9918;13;;;9936;14;9940;15;;;9928.5;0.0
av_SUGAR_d4;30800;INTARIAN_PEPPER_ROOT;10160;7;10156;16;;;10166;18;10168;26;;;10163.0;0.0
av_SUGAR_d4;30900;ASH_COATED_OSMIUM;9926;11;9923;21;;;9932;18;9936;14;;;9929.0;0.0
av_SUGAR_d4;30900;INTARIAN_PEPPER_ROOT;10158;10;10155;24;;;10167;21;10171;19;;;10162.5;0.0
av_SUGAR_d4;31000;ASH_COATED_OSMIUM;9921;19;9917;23;;;9937;11;9941;22;;;9929.0;0.0
av_SUGAR_d4;31000;INTARIAN_PEPPER_ROOT;10160;14;10156;21;;;10166;16;10168;17;;;10163.0;0.0
av_SUGAR_d4;31100;ASH_COATED_OSMIUM;9925;8;9922;17;;;9931;19;9934;28;;;9928.0;0.0
av_SUGAR_d4;31100;INTARIAN_PEPPER_ROOT;10161;12;10159;23;;;10167;12;10171;17;;;10164.0;0.0
av_SUGAR_d4;31200;ASH_COATED_OSMIUM;9919;14;9916;16;;;9939;11;9941;18;;;9929.0;0.0
av_SUGAR_d4;31200;INTARIAN_PEPPER_ROOT;10161;5;10159;15;;;10168;15;10172;25;;;10164.5;0.0
av_SUGAR_d4;31300;ASH_COATED_OSMIUM;9926;16;9922;15;;;9932;11;9934;17;;;9929.0;0.0
av_SUGAR_d4;31300;INTARIAN_PEPPER_ROOT;10156;13;10154;19;;;10172;17;10175;29;;;10164.0;0.0
av_SUGAR_d4;31400;ASH_COATED_OSMIUM;9926;5;9923;18;;;9932;14;9934;26;;;9929.0;0.0
av_SUGAR_d4;31400;INTARIAN_PEPPER_ROOT;10162;12;10159;22;;;10168;13;10171;19;;;10165.0;0.0
av_SUGAR_d4;31500;ASH_COATED_OSMIUM;9923;19;9920;18;;;9934;15;9937;29;;;9928.5;0.0
av_SUGAR_d4;31500;INTARIAN_PEPPER_ROOT;10162;16;10159;12;;;10168;8;10172;12;;;10165.0;0.0
av_SUGAR_d4;31600;ASH_COATED_OSMIUM;9921;23;9919;25;;;9937;15;9941;13;;;9929.0;0.0
av_SUGAR_d4;31600;INTARIAN_PEPPER_ROOT;10162;12;10158;18;;;10168;15;10172;13;;;10165.0;0.0
av_SUGAR_d4;31700;ASH_COATED_OSMIUM;9926;13;9923;22;;;9932;14;9936;19;;;9929.0;0.0
av_SUGAR_d4;31700;INTARIAN_PEPPER_ROOT;10155;9;10153;23;;;10176;12;10180;9;;;10165.5;0.0
av_SUGAR_d4;31800;ASH_COATED_OSMIUM;9921;12;9919;17;;;9938;14;9942;22;;;9929.5;0.0
av_SUGAR_d4;31800;INTARIAN_PEPPER_ROOT;10158;17;10155;25;;;10173;20;10176;18;;;10165.5;0.0
av_SUGAR_d4;31900;ASH_COATED_OSMIUM;9926;12;9924;23;;;9932;15;9934;18;;;9929.0;0.0
av_SUGAR_d4;31900;INTARIAN_PEPPER_ROOT;10163;17;10160;17;;;10169;25;10171;17;;;10166.0;0.0
av_SUGAR_d4;32000;ASH_COATED_OSMIUM;9926;11;9922;24;;;9932;14;9935;16;;;9929.0;0.0
av_SUGAR_d4;32000;INTARIAN_PEPPER_ROOT;10163;15;10161;21;;;10171;18;10173;17;;;10167.0;0.0
av_SUGAR_d4;32100;ASH_COATED_OSMIUM;9926;22;9923;16;;;9932;16;9934;15;;;9929.0;0.0
av_SUGAR_d4;32100;INTARIAN_PEPPER_ROOT;10164;18;10160;20;;;10170;13;10172;21;;;10167.0;0.0
av_SUGAR_d4;32200;ASH_COATED_OSMIUM;9926;8;9924;13;;;9932;13;9934;22;;;9929.0;0.0
av_SUGAR_d4;32200;INTARIAN_PEPPER_ROOT;10160;18;10158;25;;;10174;11;10176;20;;;10167.0;0.0
av_SUGAR_d4;32300;ASH_COATED_OSMIUM;9926;13;9924;22;;;9932;16;9934;18;;;9929.0;0.0
av_SUGAR_d4;32300;INTARIAN_PEPPER_ROOT;10161;14;10159;22;;;10176;16;10178;23;;;10168.5;0.0
av_SUGAR_d4;32400;ASH_COATED_OSMIUM;9925;9;9921;22;;;9932;5;9935;25;;;9928.5;0.0
av_SUGAR_d4;32400;INTARIAN_PEPPER_ROOT;10165;17;10161;24;;;10171;11;10173;18;;;10168.0;0.0
av_SUGAR_d4;32500;ASH_COATED_OSMIUM;9925;24;9922;30;;;9932;5;9934;17;;;9928.5;0.0
av_SUGAR_d4;32500;INTARIAN_PEPPER_ROOT;10165;19;10163;22;;;10171;18;10175;22;;;10168.0;0.0
av_SUGAR_d4;32600;ASH_COATED_OSMIUM;9926;21;9924;25;;;9932;7;9935;18;;;9929.0;0.0
av_SUGAR_d4;32600;INTARIAN_PEPPER_ROOT;10165;14;10162;16;;;10172;17;10175;21;;;10168.5;0.0
av_SUGAR_d4;32700;ASH_COATED_OSMIUM;9921;14;9918;19;;;9936;18;9939;14;;;9928.5;0.0
av_SUGAR_d4;32700;INTARIAN_PEPPER_ROOT;10160;17;10158;23;;;10180;12;10184;16;;;10170.0;0.0
av_SUGAR_d4;32800;ASH_COATED_OSMIUM;9925;16;9923;18;;;9932;17;9936;17;;;9928.5;0.0
av_SUGAR_d4;32800;INTARIAN_PEPPER_ROOT;10159;8;10155;15;;;10180;22;10182;17;;;10169.5;0.0
av_SUGAR_d4;32900;ASH_COATED_OSMIUM;9919;15;9916;19;;;9940;13;9944;26;;;9929.5;0.0
av_SUGAR_d4;32900;INTARIAN_PEPPER_ROOT;10157;23;10153;27;;;10184;8;10186;20;;;10170.5;0.0
av_SUGAR_d4;33000;ASH_COATED_OSMIUM;9926;15;9924;25;;;9932;15;9934;22;;;9929.0;0.0
av_SUGAR_d4;33000;INTARIAN_PEPPER_ROOT;10167;18;10163;21;;;10173;24;10176;22;;;10170.0;0.0
av_SUGAR_d4;33100;ASH_COATED_OSMIUM;9926;22;9924;20;;;9932;21;9935;21;;;9929.0;0.0
av_SUGAR_d4;33100;INTARIAN_PEPPER_ROOT;10167;11;10164;19;;;10174;20;10177;24;;;10170.5;0.0
av_SUGAR_d4;33200;ASH_COATED_OSMIUM;9919;14;9917;16;;;9939;6;9942;25;;;9929.0;0.0
av_SUGAR_d4;33200;INTARIAN_PEPPER_ROOT;10167;12;10163;23;;;10174;6;10178;25;;;10170.5;0.0
av_SUGAR_d4;33300;ASH_COATED_OSMIUM;9925;16;9921;22;;;9934;14;9936;13;;;9929.5;0.0
av_SUGAR_d4;33300;INTARIAN_PEPPER_ROOT;10163;18;10160;21;;;10180;14;10182;20;;;10171.5;0.0
av_SUGAR_d4;33400;ASH_COATED_OSMIUM;9926;19;9922;14;;;9932;17;9935;26;;;9929.0;0.0
av_SUGAR_d4;33400;INTARIAN_PEPPER_ROOT;10168;15;10164;15;;;10174;19;10177;19;;;10171.0;0.0
av_SUGAR_d4;33500;ASH_COATED_OSMIUM;9926;23;9923;25;;;9932;17;9934;17;;;9929.0;0.0
av_SUGAR_d4;33500;INTARIAN_PEPPER_ROOT;10167;7;10165;26;;;10177;20;10181;12;;;10172.0;0.0
av_SUGAR_d4;33600;ASH_COATED_OSMIUM;9926;7;9924;15;;;9932;11;9934;16;;;9929.0;0.0
av_SUGAR_d4;33600;INTARIAN_PEPPER_ROOT;10168;14;10166;14;;;10175;9;10178;8;;;10171.5;0.0
av_SUGAR_d4;33700;ASH_COATED_OSMIUM;9926;6;9922;20;;;9932;5;9935;13;;;9929.0;0.0
av_SUGAR_d4;33700;INTARIAN_PEPPER_ROOT;10169;12;10167;14;;;10175;5;10178;16;;;10172.0;0.0
av_SUGAR_d4;33800;ASH_COATED_OSMIUM;9925;20;9922;23;;;9933;9;9936;19;;;9929.0;0.0
av_SUGAR_d4;33800;INTARIAN_PEPPER_ROOT;10164;17;10160;19;;;10179;22;10183;17;;;10171.5;0.0
av_SUGAR_d4;33900;ASH_COATED_OSMIUM;9924;13;9922;24;;;9933;28;9936;20;;;9928.5;0.0
av_SUGAR_d4;33900;INTARIAN_PEPPER_ROOT;10170;16;10166;20;;;10176;17;10180;18;;;10173.0;0.0
av_SUGAR_d4;34000;ASH_COATED_OSMIUM;9925;5;9923;21;;;9934;9;9938;21;;;9929.5;0.0
av_SUGAR_d4;34000;INTARIAN_PEPPER_ROOT;10169;10;10166;17;;;10175;15;10178;15;;;10172.0;0.0
av_SUGAR_d4;34100;ASH_COATED_OSMIUM;9926;15;9924;21;;;9932;8;9934;11;;;9929.0;0.0
av_SUGAR_d4;34100;INTARIAN_PEPPER_ROOT;10166;24;10163;25;;;10177;12;10180;24;;;10171.5;0.0
av_SUGAR_d4;34200;ASH_COATED_OSMIUM;9926;5;9924;25;;;9932;15;9935;17;;;9929.0;0.0
av_SUGAR_d4;34200;INTARIAN_PEPPER_ROOT;10166;23;10163;19;;;10173;12;10175;23;;;10169.5;0.0
av_SUGAR_d4;34300;ASH_COATED_OSMIUM;9920;7;9917;14;;;9939;24;9943;30;;;9929.5;0.0
av_SUGAR_d4;34300;INTARIAN_PEPPER_ROOT;10163;11;10160;11;;;10174;14;10177;16;;;10168.5;0.0
av_SUGAR_d4;34400;ASH_COATED_OSMIUM;9918;18;9916;19;;;9940;15;9943;16;;;9929.0;0.0
av_SUGAR_d4;34400;INTARIAN_PEPPER_ROOT;10160;27;10158;23;;;10177;15;10181;19;;;10168.5;0.0
av_SUGAR_d4;34500;ASH_COATED_OSMIUM;9918;7;9914;17;;;9940;17;9943;14;;;9929.0;0.0
av_SUGAR_d4;34500;INTARIAN_PEPPER_ROOT;10158;10;10155;12;;;10176;8;10180;16;;;10167.0;0.0
av_SUGAR_d4;34600;ASH_COATED_OSMIUM;9926;9;9924;28;;;9932;8;9935;19;;;9929.0;0.0
av_SUGAR_d4;34600;INTARIAN_PEPPER_ROOT;10164;16;10162;21;;;10170;18;10172;12;;;10167.0;0.0
av_SUGAR_d4;34700;ASH_COATED_OSMIUM;9915;17;9913;18;;;9944;15;9948;24;;;9929.5;0.0
av_SUGAR_d4;34700;INTARIAN_PEPPER_ROOT;10160;23;10158;18;;;10171;16;10173;26;;;10165.5;0.0
av_SUGAR_d4;34800;ASH_COATED_OSMIUM;9921;13;9918;22;;;9937;15;9941;29;;;9929.0;0.0
av_SUGAR_d4;34800;INTARIAN_PEPPER_ROOT;10156;18;10152;15;;;10172;15;10176;17;;;10164.0;0.0
av_SUGAR_d4;34900;ASH_COATED_OSMIUM;9926;19;9922;19;;;9932;14;9936;16;;;9929.0;0.0
av_SUGAR_d4;34900;INTARIAN_PEPPER_ROOT;10158;13;10156;22;;;10167;12;10171;21;;;10162.5;0.0
av_SUGAR_d4;35000;ASH_COATED_OSMIUM;9923;15;9920;19;;;9934;25;9937;19;;;9928.5;0.0
av_SUGAR_d4;35000;INTARIAN_PEPPER_ROOT;10158;15;10154;25;;;10164;8;10167;17;;;10161.0;0.0
av_SUGAR_d4;35100;ASH_COATED_OSMIUM;9925;16;9923;26;;;9931;9;9934;24;;;9928.0;0.0
av_SUGAR_d4;35100;INTARIAN_PEPPER_ROOT;10156;19;10152;16;;;10166;12;10169;10;;;10161.0;0.0
av_SUGAR_d4;35200;ASH_COATED_OSMIUM;9924;14;9921;13;;;9933;10;9936;24;;;9928.5;0.0
av_SUGAR_d4;35200;INTARIAN_PEPPER_ROOT;10157;14;10155;17;;;10163;13;10167;13;;;10160.0;0.0
av_SUGAR_d4;35300;ASH_COATED_OSMIUM;9926;18;9924;15;;;9932;11;9936;14;;;9929.0;0.0
av_SUGAR_d4;35300;INTARIAN_PEPPER_ROOT;10155;14;10153;10;;;10161;28;10164;22;;;10158.0;0.0
av_SUGAR_d4;35400;ASH_COATED_OSMIUM;9927;10;9923;12;;;9933;20;9937;22;;;9930.0;0.0
av_SUGAR_d4;35400;INTARIAN_PEPPER_ROOT;10147;10;10145;17;;;10168;16;10171;19;;;10157.5;0.0
av_SUGAR_d4;35500;ASH_COATED_OSMIUM;9926;20;9923;23;;;9932;15;9934;20;;;9929.0;0.0
av_SUGAR_d4;35500;INTARIAN_PEPPER_ROOT;10154;19;10151;23;;;10160;28;10164;19;;;10157.0;0.0
av_SUGAR_d4;35600;ASH_COATED_OSMIUM;9926;12;9924;24;;;9932;18;9935;17;;;9929.0;0.0
av_SUGAR_d4;35600;INTARIAN_PEPPER_ROOT;10152;17;10149;22;;;10159;15;10161;27;;;10155.5;0.0
av_SUGAR_d4;35700;ASH_COATED_OSMIUM;9926;13;9924;24;;;9932;13;9936;17;;;9929.0;0.0
av_SUGAR_d4;35700;INTARIAN_PEPPER_ROOT;10152;10;10150;18;;;10158;14;10161;13;;;10155.0;0.0
av_SUGAR_d4;35800;ASH_COATED_OSMIUM;9926;18;9924;15;;;9932;21;9936;25;;;9929.0;0.0
av_SUGAR_d4;35800;INTARIAN_PEPPER_ROOT;10151;16;10149;21;;;10157;16;10160;21;;;10154.0;0.0
av_SUGAR_d4;35900;ASH_COATED_OSMIUM;9926;11;9923;18;;;9932;22;9934;15;;;9929.0;0.0
av_SUGAR_d4;35900;INTARIAN_PEPPER_ROOT;10149;11;10146;12;;;10155;12;10159;29;;;10152.0;0.0
av_SUGAR_d4;36000;ASH_COATED_OSMIUM;9926;12;9923;17;;;9932;16;9936;20;;;9929.0;0.0
av_SUGAR_d4;36000;INTARIAN_PEPPER_ROOT;10149;11;10147;21;;;10155;13;10157;13;;;10152.0;0.0
av_SUGAR_d4;36100;ASH_COATED_OSMIUM;9925;9;9921;18;;;9933;12;9937;18;;;9929.0;0.0
av_SUGAR_d4;36100;INTARIAN_PEPPER_ROOT;10147;15;10144;18;;;10155;7;10157;23;;;10151.0;0.0
av_SUGAR_d4;36200;ASH_COATED_OSMIUM;9926;5;9922;14;;;9932;11;9934;22;;;9929.0;0.0
av_SUGAR_d4;36200;INTARIAN_PEPPER_ROOT;10146;17;10144;23;;;10152;15;10156;15;;;10149.0;0.0
av_SUGAR_d4;36300;ASH_COATED_OSMIUM;9926;8;9924;15;;;9932;16;9934;26;;;9929.0;0.0
av_SUGAR_d4;36300;INTARIAN_PEPPER_ROOT;10145;13;10143;22;;;10151;7;10154;15;;;10148.0;0.0
av_SUGAR_d4;36400;ASH_COATED_OSMIUM;9926;16;9923;21;;;9932;13;9936;18;;;9929.0;0.0
av_SUGAR_d4;36400;INTARIAN_PEPPER_ROOT;10143;11;10141;20;;;10151;15;10155;16;;;10147.0;0.0
av_SUGAR_d4;36500;ASH_COATED_OSMIUM;9926;17;9922;14;;;9932;22;9934;21;;;9929.0;0.0
av_SUGAR_d4;36500;INTARIAN_PEPPER_ROOT;10144;5;10140;20;;;10150;13;10154;15;;;10147.0;0.0
av_SUGAR_d4;36600;ASH_COATED_OSMIUM;9926;28;9924;26;;;9932;9;9936;29;;;9929.0;0.0
av_SUGAR_d4;36600;INTARIAN_PEPPER_ROOT;10142;18;10139;21;;;10148;22;10150;24;;;10145.0;0.0
av_SUGAR_d4;36700;ASH_COATED_OSMIUM;9923;21;9920;8;;;9935;7;9939;26;;;9929.0;0.0
av_SUGAR_d4;36700;INTARIAN_PEPPER_ROOT;10140;18;10137;21;;;10149;13;10152;23;;;10144.5;0.0
av_SUGAR_d4;36800;ASH_COATED_OSMIUM;9926;17;9922;27;;;9933;15;9936;18;;;9929.5;0.0
av_SUGAR_d4;36800;INTARIAN_PEPPER_ROOT;10132;20;10129;16;;;10155;12;10157;16;;;10143.5;0.0
av_SUGAR_d4;36900;ASH_COATED_OSMIUM;9926;9;9922;17;;;9932;22;9934;21;;;9929.0;0.0
av_SUGAR_d4;36900;INTARIAN_PEPPER_ROOT;10137;10;10133;18;;;10147;9;10149;16;;;10142.0;0.0
av_SUGAR_d4;37000;ASH_COATED_OSMIUM;9914;23;9911;19;;;9944;16;9946;24;;;9929.0;0.0
av_SUGAR_d4;37000;INTARIAN_PEPPER_ROOT;10138;14;10134;23;;;10144;18;10146;17;;;10141.0;0.0
av_SUGAR_d4;37100;ASH_COATED_OSMIUM;9922;18;9920;12;;;9936;5;9938;26;;;9929.0;0.0
av_SUGAR_d4;37100;INTARIAN_PEPPER_ROOT;10137;16;10134;8;;;10143;20;10147;19;;;10140.0;0.0
av_SUGAR_d4;37200;ASH_COATED_OSMIUM;9926;17;9924;14;;;9932;14;9935;18;;;9929.0;0.0
av_SUGAR_d4;37200;INTARIAN_PEPPER_ROOT;10136;17;10133;19;;;10142;17;10144;21;;;10139.0;0.0
av_SUGAR_d4;37300;ASH_COATED_OSMIUM;9926;22;9923;19;;;9932;21;9936;21;;;9929.0;0.0
av_SUGAR_d4;37300;INTARIAN_PEPPER_ROOT;10135;5;10131;21;;;10141;12;10143;19;;;10138.0;0.0
av_SUGAR_d4;37400;ASH_COATED_OSMIUM;9926;14;9924;10;;;9932;17;9934;20;;;9929.0;0.0
av_SUGAR_d4;37400;INTARIAN_PEPPER_ROOT;10134;14;10132;23;;;10140;21;10142;17;;;10137.0;0.0
av_SUGAR_d4;37500;ASH_COATED_OSMIUM;9925;11;9923;12;;;9931;23;9934;16;;;9928.0;0.0
av_SUGAR_d4;37500;INTARIAN_PEPPER_ROOT;10133;30;10129;25;;;10139;26;10141;16;;;10136.0;0.0
av_SUGAR_d4;37600;ASH_COATED_OSMIUM;9926;14;9922;26;;;9932;20;9935;19;;;9929.0;0.0
av_SUGAR_d4;37600;INTARIAN_PEPPER_ROOT;10128;16;10126;14;;;10141;8;10145;19;;;10134.5;0.0
av_SUGAR_d4;37700;ASH_COATED_OSMIUM;9926;21;9922;18;;;9932;18;9934;19;;;9929.0;0.0
av_SUGAR_d4;37700;INTARIAN_PEPPER_ROOT;10130;5;10128;29;;;10137;18;10140;23;;;10133.5;0.0
av_SUGAR_d4;37800;ASH_COATED_OSMIUM;9911;18;9907;20;;;9946;14;9948;25;;;9928.5;0.0
av_SUGAR_d4;37800;INTARIAN_PEPPER_ROOT;10130;13;10127;18;;;10136;14;10138;15;;;10133.0;0.0
av_SUGAR_d4;37900;ASH_COATED_OSMIUM;9906;18;9904;16;;;9952;11;9956;10;;;9929.0;0.0
av_SUGAR_d4;37900;INTARIAN_PEPPER_ROOT;10129;6;10125;21;;;10135;15;10137;19;;;10132.0;0.0
av_SUGAR_d4;38000;ASH_COATED_OSMIUM;9925;7;9923;22;;;9931;8;9935;18;;;9928.0;0.0
av_SUGAR_d4;38000;INTARIAN_PEPPER_ROOT;10128;19;10124;20;;;10134;15;10137;22;;;10131.0;0.0
av_SUGAR_d4;38100;ASH_COATED_OSMIUM;9924;14;9920;19;;;9935;15;9938;14;;;9929.5;0.0
av_SUGAR_d4;38100;INTARIAN_PEPPER_ROOT;10124;17;10122;23;;;10137;14;10141;20;;;10130.5;0.0
av_SUGAR_d4;38200;ASH_COATED_OSMIUM;9926;13;9923;28;;;9933;13;9935;16;;;9929.5;0.0
av_SUGAR_d4;38200;INTARIAN_PEPPER_ROOT;10126;11;10124;11;;;10132;19;10134;24;;;10129.0;0.0
av_SUGAR_d4;38300;ASH_COATED_OSMIUM;9921;18;9919;20;;;9936;11;9940;18;;;9928.5;0.0
av_SUGAR_d4;38300;INTARIAN_PEPPER_ROOT;10122;9;10120;19;;;10132;17;10134;20;;;10127.0;0.0
av_SUGAR_d4;38400;ASH_COATED_OSMIUM;9915;23;9912;24;;;9943;15;9945;18;;;9929.0;0.0
av_SUGAR_d4;38400;INTARIAN_PEPPER_ROOT;10124;22;10121;16;;;10132;9;10134;12;;;10128.0;0.0
av_SUGAR_d4;38500;ASH_COATED_OSMIUM;9915;14;9912;18;;;9943;13;9947;24;;;9929.0;0.0
av_SUGAR_d4;38500;INTARIAN_PEPPER_ROOT;10116;5;10114;9;;;10135;16;10138;23;;;10125.5;0.0
av_SUGAR_d4;38600;ASH_COATED_OSMIUM;9926;9;9922;26;;;9932;10;9934;16;;;9929.0;0.0
av_SUGAR_d4;38600;INTARIAN_PEPPER_ROOT;10121;10;10118;29;;;10128;15;10131;25;;;10124.5;0.0
av_SUGAR_d4;38700;ASH_COATED_OSMIUM;9926;17;9924;21;;;9932;9;9934;20;;;9929.0;0.0
av_SUGAR_d4;38700;INTARIAN_PEPPER_ROOT;10121;16;10117;23;;;10127;16;10130;26;;;10124.0;0.0
av_SUGAR_d4;38800;ASH_COATED_OSMIUM;9926;17;9924;24;;;9932;16;9934;17;;;9929.0;0.0
av_SUGAR_d4;38800;INTARIAN_PEPPER_ROOT;10120;16;10116;24;;;10126;14;10128;25;;;10123.0;0.0
av_SUGAR_d4;38900;ASH_COATED_OSMIUM;9926;20;9924;29;;;9932;19;9935;13;;;9929.0;0.0
av_SUGAR_d4;38900;INTARIAN_PEPPER_ROOT;10119;12;10117;8;;;10125;13;10129;22;;;10122.0;0.0
av_SUGAR_d4;39000;ASH_COATED_OSMIUM;9926;22;9922;20;;;9932;17;9934;19;;;9929.0;0.0
av_SUGAR_d4;39000;INTARIAN_PEPPER_ROOT;10118;12;10115;14;;;10124;18;10128;20;;;10121.0;0.0
av_SUGAR_d4;39100;ASH_COATED_OSMIUM;9926;9;9923;9;;;9932;24;9936;18;;;9929.0;0.0
av_SUGAR_d4;39100;INTARIAN_PEPPER_ROOT;10116;13;10113;26;;;10122;26;10126;25;;;10119.0;0.0
av_SUGAR_d4;39200;ASH_COATED_OSMIUM;9926;14;9923;25;;;9932;12;9936;15;;;9929.0;0.0
av_SUGAR_d4;39200;INTARIAN_PEPPER_ROOT;10116;23;10113;23;;;10122;23;10124;21;;;10119.0;0.0
av_SUGAR_d4;39300;ASH_COATED_OSMIUM;9917;13;9915;27;;;9940;5;9943;14;;;9928.5;0.0
av_SUGAR_d4;39300;INTARIAN_PEPPER_ROOT;10110;19;10108;17;;;10125;9;10129;23;;;10117.5;0.0
av_SUGAR_d4;39400;ASH_COATED_OSMIUM;9922;16;9920;22;;;9935;14;9938;22;;;9928.5;0.0
av_SUGAR_d4;39400;INTARIAN_PEPPER_ROOT;10112;11;10108;30;;;10120;20;10124;13;;;10116.0;0.0
av_SUGAR_d4;39500;ASH_COATED_OSMIUM;9922;17;9920;25;;;9935;5;9939;28;;;9928.5;0.0
av_SUGAR_d4;39500;INTARIAN_PEPPER_ROOT;10111;16;10109;28;;;10120;16;10122;16;;;10115.5;0.0
av_SUGAR_d4;39600;ASH_COATED_OSMIUM;9926;11;9922;19;;;9932;15;9936;23;;;9929.0;0.0
av_SUGAR_d4;39600;INTARIAN_PEPPER_ROOT;10111;21;10109;22;;;10117;14;10121;19;;;10114.0;0.0
av_SUGAR_d4;39700;ASH_COATED_OSMIUM;9921;7;9919;23;;;9936;11;9939;17;;;9928.5;0.0
av_SUGAR_d4;39700;INTARIAN_PEPPER_ROOT;10104;14;10101;27;;;10122;9;10126;20;;;10113.0;0.0
av_SUGAR_d4;39800;ASH_COATED_OSMIUM;9926;14;9924;18;;;9932;13;9936;17;;;9929.0;0.0
av_SUGAR_d4;39800;INTARIAN_PEPPER_ROOT;10110;13;10106;18;;;10116;11;10119;25;;;10113.0;0.0
av_SUGAR_d4;39900;ASH_COATED_OSMIUM;9926;5;9924;20;;;9932;23;9935;23;;;9929.0;0.0
av_SUGAR_d4;39900;INTARIAN_PEPPER_ROOT;10108;16;10106;25;;;10114;16;10117;20;;;10111.0;0.0
av_SUGAR_d4;40000;ASH_COATED_OSMIUM;9925;10;9923;15;;;9931;9;9933;19;;;9928.0;0.0
av_SUGAR_d4;40000;INTARIAN_PEPPER_ROOT;10107;6;10103;19;;;10113;17;10117;17;;;10110.0;0.0
av_SUGAR_d4;40100;ASH_COATED_OSMIUM;9925;11;9923;14;;;9931;15;9933;25;;;9928.0;0.0
av_SUGAR_d4;40100;INTARIAN_PEPPER_ROOT;10104;14;10100;24;;;10116;15;10119;25;;;10110.0;0.0
av_SUGAR_d4;40200;ASH_COATED_OSMIUM;9924;16;9922;20;;;9932;17;9935;25;;;9928.0;0.0
av_SUGAR_d4;40200;INTARIAN_PEPPER_ROOT;10103;8;10100;19;;;10113;18;10117;26;;;10108.0;0.0
av_SUGAR_d4;40300;ASH_COATED_OSMIUM;9925;15;9921;23;;;9931;10;9933;22;;;9928.0;0.0
av_SUGAR_d4;40300;INTARIAN_PEPPER_ROOT;10104;12;10101;11;;;10110;9;10114;24;;;10107.0;0.0
av_SUGAR_d4;40400;ASH_COATED_OSMIUM;9926;16;9923;10;;;9932;12;9935;20;;;9929.0;0.0
av_SUGAR_d4;40400;INTARIAN_PEPPER_ROOT;10103;15;10101;30;;;10109;19;10111;10;;;10106.0;0.0
av_SUGAR_d4;40500;ASH_COATED_OSMIUM;9919;18;9917;18;;;9939;13;9943;25;;;9929.0;0.0
av_SUGAR_d4;40500;INTARIAN_PEPPER_ROOT;10101;17;10097;21;;;10109;19;10111;22;;;10105.0;0.0
av_SUGAR_d4;40600;ASH_COATED_OSMIUM;9926;18;9923;18;;;9932;21;9934;23;;;9929.0;0.0
av_SUGAR_d4;40600;INTARIAN_PEPPER_ROOT;10102;8;10099;19;;;10108;14;10110;21;;;10105.0;0.0
av_SUGAR_d4;40700;ASH_COATED_OSMIUM;9926;14;9922;12;;;9932;8;9935;19;;;9929.0;0.0
av_SUGAR_d4;40700;INTARIAN_PEPPER_ROOT;10100;9;10096;20;;;10106;10;10108;20;;;10103.0;0.0
av_SUGAR_d4;40800;ASH_COATED_OSMIUM;9926;16;9924;16;;;9932;22;9935;28;;;9929.0;0.0
av_SUGAR_d4;40800;INTARIAN_PEPPER_ROOT;10099;8;10096;24;;;10105;22;10109;17;;;10102.0;0.0
av_SUGAR_d4;40900;ASH_COATED_OSMIUM;9921;9;9919;21;;;9935;12;9939;20;;;9928.0;0.0
av_SUGAR_d4;40900;INTARIAN_PEPPER_ROOT;10098;26;10096;14;;;10104;16;10107;19;;;10101.0;0.0
av_SUGAR_d4;41000;ASH_COATED_OSMIUM;9926;18;9924;18;;;9932;14;9935;21;;;9929.0;0.0
av_SUGAR_d4;41000;INTARIAN_PEPPER_ROOT;10093;13;10091;25;;;10109;12;10111;31;;;10101.0;0.0
av_SUGAR_d4;41100;ASH_COATED_OSMIUM;9924;5;9920;22;;;9934;14;9937;19;;;9929.0;0.0
av_SUGAR_d4;41100;INTARIAN_PEPPER_ROOT;10096;6;10093;17;;;10102;12;10105;10;;;10099.0;0.0
av_SUGAR_d4;41200;ASH_COATED_OSMIUM;9908;20;9906;11;;;9949;21;9951;19;;;9928.5;0.0
av_SUGAR_d4;41200;INTARIAN_PEPPER_ROOT;10095;11;10092;18;;;10101;20;10104;24;;;10098.0;0.0
av_SUGAR_d4;41300;ASH_COATED_OSMIUM;9926;16;9924;23;;;9932;11;9935;19;;;9929.0;0.0
av_SUGAR_d4;41300;INTARIAN_PEPPER_ROOT;10094;16;10090;28;;;10100;11;10104;19;;;10097.0;0.0
av_SUGAR_d4;41400;ASH_COATED_OSMIUM;9925;11;9923;10;;;9933;14;9936;16;;;9929.0;0.0
av_SUGAR_d4;41400;INTARIAN_PEPPER_ROOT;10093;17;10089;29;;;10099;10;10103;21;;;10096.0;0.0
av_SUGAR_d4;41500;ASH_COATED_OSMIUM;9922;14;9918;24;;;9935;10;9937;18;;;9928.5;0.0
av_SUGAR_d4;41500;INTARIAN_PEPPER_ROOT;10092;17;10090;20;;;10098;12;10101;10;;;10095.0;0.0
av_SUGAR_d4;41600;ASH_COATED_OSMIUM;9925;5;9922;21;;;9931;19;9934;12;;;9928.0;0.0
av_SUGAR_d4;41600;INTARIAN_PEPPER_ROOT;10090;16;10086;15;;;10098;8;10100;17;;;10094.0;0.0
av_SUGAR_d4;41700;ASH_COATED_OSMIUM;9926;12;9924;17;;;9932;11;9936;22;;;9929.0;0.0
av_SUGAR_d4;41700;INTARIAN_PEPPER_ROOT;10090;9;10087;13;;;10097;9;10100;18;;;10093.5;0.0
av_SUGAR_d4;41800;ASH_COATED_OSMIUM;9924;14;9920;19;;;9932;14;9934;17;;;9928.0;0.0
av_SUGAR_d4;41800;INTARIAN_PEPPER_ROOT;10089;14;10085;15;;;10095;5;10099;21;;;10092.0;0.0
av_SUGAR_d4;41900;ASH_COATED_OSMIUM;9921;14;9919;24;;;9936;9;9938;15;;;9928.5;0.0
av_SUGAR_d4;41900;INTARIAN_PEPPER_ROOT;10084;10;10080;13;;;10097;16;10099;13;;;10090.5;0.0
av_SUGAR_d4;42000;ASH_COATED_OSMIUM;9923;15;9920;13;;;9934;17;9938;13;;;9928.5;0.0
av_SUGAR_d4;42000;INTARIAN_PEPPER_ROOT;10087;18;10084;24;;;10094;7;10096;11;;;10090.5;0.0
av_SUGAR_d4;42100;ASH_COATED_OSMIUM;9925;22;9921;29;;;9931;15;9933;17;;;9928.0;0.0
av_SUGAR_d4;42100;INTARIAN_PEPPER_ROOT;10086;9;10084;16;;;10092;20;10096;17;;;10089.0;0.0
av_SUGAR_d4;42200;ASH_COATED_OSMIUM;9921;12;9917;22;;;9935;16;9937;21;;;9928.0;0.0
av_SUGAR_d4;42200;INTARIAN_PEPPER_ROOT;10085;10;10081;23;;;10091;14;10095;13;;;10088.0;0.0
av_SUGAR_d4;42300;ASH_COATED_OSMIUM;9924;23;9921;19;;;9934;22;9936;20;;;9929.0;0.0
av_SUGAR_d4;42300;INTARIAN_PEPPER_ROOT;10084;16;10080;23;;;10090;13;10093;23;;;10087.0;0.0
av_SUGAR_d4;42400;ASH_COATED_OSMIUM;9918;12;9914;26;;;9940;16;9944;20;;;9929.0;0.0
av_SUGAR_d4;42400;INTARIAN_PEPPER_ROOT;10083;7;10081;19;;;10090;24;10093;17;;;10086.5;0.0
av_SUGAR_d4;42500;ASH_COATED_OSMIUM;9925;22;9922;16;;;9931;18;9935;18;;;9928.0;0.0
av_SUGAR_d4;42500;INTARIAN_PEPPER_ROOT;10082;12;10080;19;;;10088;17;10092;21;;;10085.0;0.0
av_SUGAR_d4;42600;ASH_COATED_OSMIUM;9926;20;9923;26;;;9932;19;9936;24;;;9929.0;0.0
av_SUGAR_d4;42600;INTARIAN_PEPPER_ROOT;10081;16;10077;24;;;10087;5;10091;25;;;10084.0;0.0
av_SUGAR_d4;42700;ASH_COATED_OSMIUM;9926;8;9922;17;;;9932;15;9935;17;;;9929.0;0.0
av_SUGAR_d4;42700;INTARIAN_PEPPER_ROOT;10077;16;10074;19;;;10088;9;10090;13;;;10082.5;0.0
av_SUGAR_d4;42800;ASH_COATED_OSMIUM;9926;22;9924;15;;;9932;18;9934;17;;;9929.0;0.0
av_SUGAR_d4;42800;INTARIAN_PEPPER_ROOT;10078;10;10076;19;;;10085;15;10087;19;;;10081.5;0.0
av_SUGAR_d4;42900;ASH_COATED_OSMIUM;9925;14;9922;17;;;9931;16;9934;22;;;9928.0;0.0
av_SUGAR_d4;42900;INTARIAN_PEPPER_ROOT;10077;5;10075;18;;;10085;12;10088;24;;;10081.0;0.0
av_SUGAR_d4;43000;ASH_COATED_OSMIUM;9926;7;9924;25;;;9932;14;9935;19;;;9929.0;0.0
av_SUGAR_d4;43000;INTARIAN_PEPPER_ROOT;10075;9;10073;18;;;10084;11;10088;17;;;10079.5;0.0
av_SUGAR_d4;43100;ASH_COATED_OSMIUM;9923;16;9920;23;;;9934;11;9938;26;;;9928.5;0.0
av_SUGAR_d4;43100;INTARIAN_PEPPER_ROOT;10072;10;10070;13;;;10084;28;10087;24;;;10078.0;0.0
av_SUGAR_d4;43200;ASH_COATED_OSMIUM;9925;10;9922;11;;;9931;11;9933;11;;;9928.0;0.0
av_SUGAR_d4;43200;INTARIAN_PEPPER_ROOT;10075;18;10073;19;;;10081;20;10083;18;;;10078.0;0.0
av_SUGAR_d4;43300;ASH_COATED_OSMIUM;9925;11;9922;19;;;9931;17;9934;16;;;9928.0;0.0
av_SUGAR_d4;43300;INTARIAN_PEPPER_ROOT;10073;18;10070;16;;;10079;8;10083;19;;;10076.0;0.0
av_SUGAR_d4;43400;ASH_COATED_OSMIUM;9925;12;9921;17;;;9933;12;9936;22;;;9929.0;0.0
av_SUGAR_d4;43400;INTARIAN_PEPPER_ROOT;10068;9;10064;33;;;10084;20;10088;15;;;10076.0;0.0
av_SUGAR_d4;43500;ASH_COATED_OSMIUM;9920;21;9917;25;;;9936;12;9939;20;;;9928.0;0.0
av_SUGAR_d4;43500;INTARIAN_PEPPER_ROOT;10071;20;10067;19;;;10078;20;10081;22;;;10074.5;0.0
av_SUGAR_d4;43600;ASH_COATED_OSMIUM;9925;8;9922;21;;;9931;11;9934;16;;;9928.0;0.0
av_SUGAR_d4;43600;INTARIAN_PEPPER_ROOT;10071;17;10069;18;;;10077;8;10080;15;;;10074.0;0.0
av_SUGAR_d4;43700;ASH_COATED_OSMIUM;9925;13;9921;10;;;9931;24;9933;19;;;9928.0;0.0
av_SUGAR_d4;43700;INTARIAN_PEPPER_ROOT;10069;21;10066;16;;;10075;22;10079;22;;;10072.0;0.0
av_SUGAR_d4;43800;ASH_COATED_OSMIUM;9925;16;9923;21;;;9931;7;9934;23;;;9928.0;0.0
av_SUGAR_d4;43800;INTARIAN_PEPPER_ROOT;10068;16;10065;30;;;10074;18;10078;10;;;10071.0;0.0
av_SUGAR_d4;43900;ASH_COATED_OSMIUM;9924;16;9921;20;;;9932;16;9935;15;;;9928.0;0.0
av_SUGAR_d4;43900;INTARIAN_PEPPER_ROOT;10065;6;10063;21;;;10077;7;10080;21;;;10071.0;0.0
av_SUGAR_d4;44000;ASH_COATED_OSMIUM;9925;18;9922;16;;;9931;6;9935;15;;;9928.0;0.0
av_SUGAR_d4;44000;INTARIAN_PEPPER_ROOT;10063;12;10059;9;;;10076;18;10080;18;;;10069.5;0.0
av_SUGAR_d4;44100;ASH_COATED_OSMIUM;9924;11;9921;14;;;9933;21;9935;29;;;9928.5;0.0
av_SUGAR_d4;44100;INTARIAN_PEPPER_ROOT;10066;13;10064;22;;;10072;14;10076;24;;;10069.0;0.0
av_SUGAR_d4;44200;ASH_COATED_OSMIUM;9910;16;9907;14;;;9947;11;9950;16;;;9928.5;0.0
av_SUGAR_d4;44200;INTARIAN_PEPPER_ROOT;10064;14;10061;16;;;10070;11;10072;20;;;10067.0;0.0
av_SUGAR_d4;44300;ASH_COATED_OSMIUM;9926;9;9924;24;;;9932;13;9936;17;;;9929.0;0.0
av_SUGAR_d4;44300;INTARIAN_PEPPER_ROOT;10063;11;10061;14;;;10069;18;10072;27;;;10066.0;0.0
av_SUGAR_d4;44400;ASH_COATED_OSMIUM;9925;15;9922;17;;;9931;12;9933;24;;;9928.0;0.0
av_SUGAR_d4;44400;INTARIAN_PEPPER_ROOT;10063;19;10061;21;;;10069;19;10072;22;;;10066.0;0.0
av_SUGAR_d4;44500;ASH_COATED_OSMIUM;9921;22;9917;19;;;9936;11;9940;19;;;9928.5;0.0
av_SUGAR_d4;44500;INTARIAN_PEPPER_ROOT;10058;20;10056;17;;;10071;6;10074;21;;;10064.5;0.0
av_SUGAR_d4;44600;ASH_COATED_OSMIUM;9925;5;9921;23;;;9931;17;9933;15;;;9928.0;0.0
av_SUGAR_d4;44600;INTARIAN_PEPPER_ROOT;10060;12;10058;14;;;10066;15;10070;23;;;10063.0;0.0
av_SUGAR_d4;44700;ASH_COATED_OSMIUM;9925;9;9922;17;;;9931;12;9933;20;;;9928.0;0.0
av_SUGAR_d4;44700;INTARIAN_PEPPER_ROOT;10058;10;10054;20;;;10067;22;10069;19;;;10062.5;0.0
av_SUGAR_d4;44800;ASH_COATED_OSMIUM;9921;8;9919;21;;;9936;26;9939;18;;;9928.5;0.0
av_SUGAR_d4;44800;INTARIAN_PEPPER_ROOT;10058;15;10054;33;;;10065;15;10069;25;;;10061.5;0.0
av_SUGAR_d4;44900;ASH_COATED_OSMIUM;9920;11;9918;11;;;9936;15;9940;21;;;9928.0;0.0
av_SUGAR_d4;44900;INTARIAN_PEPPER_ROOT;10055;11;10052;17;;;10064;18;10066;26;;;10059.5;0.0
av_SUGAR_d4;45000;ASH_COATED_OSMIUM;9926;14;9922;16;;;9932;7;9936;26;;;9929.0;0.0
av_SUGAR_d4;45000;INTARIAN_PEPPER_ROOT;10053;18;10049;11;;;10064;8;10066;21;;;10058.5;0.0
av_SUGAR_d4;45100;ASH_COATED_OSMIUM;9925;21;9921;15;;;9931;14;9935;16;;;9928.0;0.0
av_SUGAR_d4;45100;INTARIAN_PEPPER_ROOT;10055;17;10051;14;;;10061;20;10063;24;;;10058.0;0.0
av_SUGAR_d4;45200;ASH_COATED_OSMIUM;9926;13;9924;23;;;9932;19;9936;15;;;9929.0;0.0
av_SUGAR_d4;45200;INTARIAN_PEPPER_ROOT;10050;17;10048;23;;;10064;13;10068;22;;;10057.0;0.0
av_SUGAR_d4;45300;ASH_COATED_OSMIUM;9925;10;9922;16;;;9931;20;9934;15;;;9928.0;0.0
av_SUGAR_d4;45300;INTARIAN_PEPPER_ROOT;10051;14;10049;20;;;10060;13;10062;19;;;10055.5;0.0
av_SUGAR_d4;45400;ASH_COATED_OSMIUM;9925;14;9921;24;;;9931;21;9933;21;;;9928.0;0.0
av_SUGAR_d4;45400;INTARIAN_PEPPER_ROOT;10044;11;10040;23;;;10066;19;10068;18;;;10055.0;0.0
av_SUGAR_d4;45500;ASH_COATED_OSMIUM;9925;21;9922;28;;;9932;11;9935;11;;;9928.5;0.0
av_SUGAR_d4;45500;INTARIAN_PEPPER_ROOT;10048;5;10046;21;;;10061;12;10064;17;;;10054.5;0.0
av_SUGAR_d4;45600;ASH_COATED_OSMIUM;9926;17;9924;17;;;9932;15;9936;23;;;9929.0;0.0
av_SUGAR_d4;45600;INTARIAN_PEPPER_ROOT;10050;13;10047;22;;;10056;19;10058;12;;;10053.0;0.0
av_SUGAR_d4;45700;ASH_COATED_OSMIUM;9925;19;9923;21;;;9931;13;9934;15;;;9928.0;0.0
av_SUGAR_d4;45700;INTARIAN_PEPPER_ROOT;10049;16;10046;24;;;10055;11;10057;9;;;10052.0;0.0
av_SUGAR_d4;45800;ASH_COATED_OSMIUM;9924;7;9920;19;;;9933;20;9935;20;;;9928.5;0.0
av_SUGAR_d4;45800;INTARIAN_PEPPER_ROOT;10046;17;10044;20;;;10057;14;10060;27;;;10051.5;0.0
av_SUGAR_d4;45900;ASH_COATED_OSMIUM;9923;21;9919;27;;;9932;17;9935;13;;;9927.5;0.0
av_SUGAR_d4;45900;INTARIAN_PEPPER_ROOT;10047;11;10044;28;;;10053;10;10056;12;;;10050.0;0.0
av_SUGAR_d4;46000;ASH_COATED_OSMIUM;9924;6;9920;11;;;9934;15;9936;16;;;9929.0;0.0
av_SUGAR_d4;46000;INTARIAN_PEPPER_ROOT;10042;20;10039;19;;;10057;18;10059;20;;;10049.5;0.0
av_SUGAR_d4;46100;ASH_COATED_OSMIUM;9922;22;9918;18;;;9934;6;9938;24;;;9928.0;0.0
av_SUGAR_d4;46100;INTARIAN_PEPPER_ROOT;10041;15;10039;14;;;10054;12;10056;11;;;10047.5;0.0
av_SUGAR_d4;46200;ASH_COATED_OSMIUM;9926;5;9922;25;;;9932;16;9935;17;;;9929.0;0.0
av_SUGAR_d4;46200;INTARIAN_PEPPER_ROOT;10044;12;10042;27;;;10050;17;10053;21;;;10047.0;0.0
av_SUGAR_d4;46300;ASH_COATED_OSMIUM;9922;23;9919;11;;;9935;19;9939;23;;;9928.5;0.0
av_SUGAR_d4;46300;INTARIAN_PEPPER_ROOT;10043;18;10040;18;;;10049;24;10053;26;;;10046.0;0.0
av_SUGAR_d4;46400;ASH_COATED_OSMIUM;9925;18;9921;23;;;9931;15;9934;22;;;9928.0;0.0
av_SUGAR_d4;46400;INTARIAN_PEPPER_ROOT;10041;21;10037;20;;;10047;21;10049;21;;;10044.0;0.0
av_SUGAR_d4;46500;ASH_COATED_OSMIUM;9922;16;9920;21;;;9934;20;9937;27;;;9928.0;0.0
av_SUGAR_d4;46500;INTARIAN_PEPPER_ROOT;10041;14;10037;20;;;10047;12;10049;21;;;10044.0;0.0
av_SUGAR_d4;46600;ASH_COATED_OSMIUM;9925;11;9923;22;;;9931;15;9934;18;;;9928.0;0.0
av_SUGAR_d4;46600;INTARIAN_PEPPER_ROOT;10040;8;10036;21;;;10046;12;10048;10;;;10043.0;0.0
av_SUGAR_d4;46700;ASH_COATED_OSMIUM;9926;13;9923;13;;;9932;8;9935;22;;;9929.0;0.0
av_SUGAR_d4;46700;INTARIAN_PEPPER_ROOT;10037;20;10035;15;;;10047;25;10051;16;;;10042.0;0.0
av_SUGAR_d4;46800;ASH_COATED_OSMIUM;9925;19;9923;18;;;9931;5;9933;24;;;9928.0;0.0
av_SUGAR_d4;46800;INTARIAN_PEPPER_ROOT;10038;17;10036;11;;;10044;10;10048;16;;;10041.0;0.0
av_SUGAR_d4;46900;ASH_COATED_OSMIUM;9925;10;9921;14;;;9931;17;9934;15;;;9928.0;0.0
av_SUGAR_d4;46900;INTARIAN_PEPPER_ROOT;10037;18;10033;19;;;10043;9;10047;9;;;10040.0;0.0
av_SUGAR_d4;47000;ASH_COATED_OSMIUM;9924;14;9921;18;;;9933;12;9936;14;;;9928.5;0.0
av_SUGAR_d4;47000;INTARIAN_PEPPER_ROOT;10027;23;10025;16;;;10049;18;10052;18;;;10038.0;0.0
av_SUGAR_d4;47100;ASH_COATED_OSMIUM;9925;6;9923;13;;;9932;18;9936;10;;;9928.5;0.0
av_SUGAR_d4;47100;INTARIAN_PEPPER_ROOT;10032;12;10028;23;;;10042;14;10046;22;;;10037.0;0.0
av_SUGAR_d4;47200;ASH_COATED_OSMIUM;9926;14;9924;17;;;9932;19;9934;18;;;9929.0;0.0
av_SUGAR_d4;47200;INTARIAN_PEPPER_ROOT;10034;20;10030;25;;;10040;11;10043;15;;;10037.0;0.0
av_SUGAR_d4;47300;ASH_COATED_OSMIUM;9925;10;9922;17;;;9931;11;9935;25;;;9928.0;0.0
av_SUGAR_d4;47300;INTARIAN_PEPPER_ROOT;10019;15;10017;20;;;10054;20;10056;18;;;10036.5;0.0
av_SUGAR_d4;47400;ASH_COATED_OSMIUM;9921;18;9918;19;;;9935;17;9937;25;;;9928.0;0.0
av_SUGAR_d4;47400;INTARIAN_PEPPER_ROOT;10030;17;10027;22;;;10038;17;10041;18;;;10034.0;0.0
av_SUGAR_d4;47500;ASH_COATED_OSMIUM;9923;6;9920;26;;;9934;14;9938;11;;;9928.5;0.0
av_SUGAR_d4;47500;INTARIAN_PEPPER_ROOT;10022;22;10018;17;;;10045;19;10047;16;;;10033.5;0.0
av_SUGAR_d4;47600;ASH_COATED_OSMIUM;9918;13;9916;28;;;9939;17;9941;25;;;9928.5;0.0
av_SUGAR_d4;47600;INTARIAN_PEPPER_ROOT;10029;13;10025;19;;;10035;7;10039;14;;;10032.0;0.0
av_SUGAR_d4;47700;ASH_COATED_OSMIUM;9925;23;9921;18;;;9931;10;9933;10;;;9928.0;0.0
av_SUGAR_d4;47700;INTARIAN_PEPPER_ROOT;10025;11;10021;22;;;10037;13;10041;25;;;10031.0;0.0
av_SUGAR_d4;47800;ASH_COATED_OSMIUM;9922;9;9920;25;;;9935;9;9938;13;;;9928.5;0.0
av_SUGAR_d4;47800;INTARIAN_PEPPER_ROOT;10028;19;10025;21;;;10034;9;10036;27;;;10031.0;0.0
av_SUGAR_d4;47900;ASH_COATED_OSMIUM;9922;20;9918;15;;;9935;11;9939;20;;;9928.5;0.0
av_SUGAR_d4;47900;INTARIAN_PEPPER_ROOT;10021;14;10017;27;;;10038;20;10042;19;;;10029.5;0.0
av_SUGAR_d4;48000;ASH_COATED_OSMIUM;9915;13;9911;20;;;9942;5;9946;22;;;9928.5;0.0
av_SUGAR_d4;48000;INTARIAN_PEPPER_ROOT;10025;16;10023;26;;;10031;17;10033;17;;;10028.0;0.0
av_SUGAR_d4;48100;ASH_COATED_OSMIUM;9925;5;9921;22;;;9931;9;9934;16;;;9928.0;0.0
av_SUGAR_d4;48100;INTARIAN_PEPPER_ROOT;10024;23;10020;18;;;10030;16;10033;17;;;10027.0;0.0
av_SUGAR_d4;48200;ASH_COATED_OSMIUM;9925;16;9921;19;;;9931;18;9934;24;;;9928.0;0.0
av_SUGAR_d4;48200;INTARIAN_PEPPER_ROOT;10023;8;10021;14;;;10031;25;10035;15;;;10027.0;0.0
av_SUGAR_d4;48300;ASH_COATED_OSMIUM;9923;16;9921;16;;;9933;16;9937;25;;;9928.0;0.0
av_SUGAR_d4;48300;INTARIAN_PEPPER_ROOT;10022;17;10018;11;;;10028;25;10032;23;;;10025.0;0.0
av_SUGAR_d4;48400;ASH_COATED_OSMIUM;9925;18;9923;15;;;9931;7;9935;19;;;9928.0;0.0
av_SUGAR_d4;48400;INTARIAN_PEPPER_ROOT;10021;10;10019;14;;;10027;13;10030;22;;;10024.0;0.0
av_SUGAR_d4;48500;ASH_COATED_OSMIUM;9920;18;9916;18;;;9936;18;9940;22;;;9928.0;0.0
av_SUGAR_d4;48500;INTARIAN_PEPPER_ROOT;10021;22;10018;27;;;10027;16;10031;14;;;10024.0;0.0
av_SUGAR_d4;48600;ASH_COATED_OSMIUM;9926;22;9923;19;;;9932;11;9934;16;;;9929.0;0.0
av_SUGAR_d4;48600;INTARIAN_PEPPER_ROOT;10019;15;10017;24;;;10025;5;10027;20;;;10022.0;0.0
av_SUGAR_d4;48700;ASH_COATED_OSMIUM;9915;14;9913;20;;;9942;12;9944;15;;;9928.5;0.0
av_SUGAR_d4;48700;INTARIAN_PEPPER_ROOT;10018;11;10016;17;;;10024;11;10026;18;;;10021.0;0.0
av_SUGAR_d4;48800;ASH_COATED_OSMIUM;9926;20;9922;14;;;9932;8;9936;27;;;9929.0;0.0
av_SUGAR_d4;48800;INTARIAN_PEPPER_ROOT;10017;14;10014;17;;;10023;16;10026;20;;;10020.0;0.0
av_SUGAR_d4;48900;ASH_COATED_OSMIUM;9926;20;9922;26;;;9932;16;9934;23;;;9929.0;0.0
av_SUGAR_d4;48900;INTARIAN_PEPPER_ROOT;10015;11;10012;16;;;10024;15;10028;16;;;10019.5;0.0
av_SUGAR_d4;49000;ASH_COATED_OSMIUM;9922;8;9918;14;;;9933;7;9937;18;;;9927.5;0.0
av_SUGAR_d4;49000;INTARIAN_PEPPER_ROOT;10011;20;10007;17;;;10023;20;10025;20;;;10017.0;0.0
av_SUGAR_d4;49100;ASH_COATED_OSMIUM;9926;5;9923;23;;;9932;5;9936;16;;;9929.0;0.0
av_SUGAR_d4;49100;INTARIAN_PEPPER_ROOT;10007;6;10005;16;;;10026;10;10029;31;;;10016.5;0.0
av_SUGAR_d4;49200;ASH_COATED_OSMIUM;9926;15;9922;19;;;9932;22;9934;24;;;9929.0;0.0
av_SUGAR_d4;49200;INTARIAN_PEPPER_ROOT;10008;17;10006;8;;;10023;18;10026;17;;;10015.5;0.0
av_SUGAR_d4;49300;ASH_COATED_OSMIUM;9925;24;9921;17;;;9931;14;9933;23;;;9928.0;0.0
av_SUGAR_d4;49300;INTARIAN_PEPPER_ROOT;10012;18;10010;31;;;10018;16;10021;22;;;10015.0;0.0
av_SUGAR_d4;49400;ASH_COATED_OSMIUM;9925;17;9923;24;;;9931;15;9934;23;;;9928.0;0.0
av_SUGAR_d4;49400;INTARIAN_PEPPER_ROOT;10011;10;10008;19;;;10017;14;10019;19;;;10014.0;0.0
av_SUGAR_d4;49500;ASH_COATED_OSMIUM;9925;12;9921;27;;;9931;14;9935;26;;;9928.0;0.0
av_SUGAR_d4;49500;INTARIAN_PEPPER_ROOT;10010;16;10007;17;;;10016;5;10018;16;;;10013.0;0.0
av_SUGAR_d4;49600;ASH_COATED_OSMIUM;9922;19;9918;20;;;9934;17;9937;17;;;9928.0;0.0
av_SUGAR_d4;49600;INTARIAN_PEPPER_ROOT;10006;16;10004;25;;;10017;14;10020;21;;;10011.5;0.0
av_SUGAR_d4;49700;ASH_COATED_OSMIUM;9925;9;9921;17;;;9931;12;9933;22;;;9928.0;0.0
av_SUGAR_d4;49700;INTARIAN_PEPPER_ROOT;10008;14;10005;13;;;10014;17;10016;23;;;10011.0;0.0
av_SUGAR_d4;49800;ASH_COATED_OSMIUM;9921;10;9918;15;;;9934;14;9938;15;;;9927.5;0.0
av_SUGAR_d4;49800;INTARIAN_PEPPER_ROOT;10007;9;10005;20;;;10013;12;10017;20;;;10010.0;0.0
av_SUGAR_d4;49900;ASH_COATED_OSMIUM;9915;5;9912;16;;;9941;20;9943;13;;;9928.0;0.0
av_SUGAR_d4;49900;INTARIAN_PEPPER_ROOT;10005;10;10002;23;;;10011;23;10015;13;;;10008.0;0.0
av_SUGAR_d4;50000;ASH_COATED_OSMIUM;9922;9;9918;27;;;9935;10;9939;14;;;9928.5;0.0
av_SUGAR_d4;50000;INTARIAN_PEPPER_ROOT;10005;8;10002;23;;;10011;22;10013;24;;;10008.0;0.0
av_SUGAR_d4;50100;ASH_COATED_OSMIUM;9925;16;9922;22;;;9931;8;9935;14;;;9928.0;0.0
av_SUGAR_d4;50100;INTARIAN_PEPPER_ROOT;10004;17;10000;18;;;10010;16;10012;27;;;10007.0;0.0
av_SUGAR_d4;50200;ASH_COATED_OSMIUM;9925;8;9923;22;;;9931;9;9934;12;;;9928.0;0.0
av_SUGAR_d4;50200;INTARIAN_PEPPER_ROOT;10003;5;9999;9;;;10009;19;10011;20;;;10006.0;0.0
av_SUGAR_d4;50300;ASH_COATED_OSMIUM;9925;16;9922;21;;;9932;8;9934;16;;;9928.5;0.0
av_SUGAR_d4;50300;INTARIAN_PEPPER_ROOT;10001;21;9999;21;;;10007;14;10011;21;;;10004.0;0.0
av_SUGAR_d4;50400;ASH_COATED_OSMIUM;9925;13;9921;17;;;9931;5;9934;20;;;9928.0;0.0
av_SUGAR_d4;50400;INTARIAN_PEPPER_ROOT;9997;25;9993;12;;;10010;17;10012;20;;;10003.5;0.0
av_SUGAR_d4;50500;ASH_COATED_OSMIUM;9916;14;9914;23;;;9940;21;9943;13;;;9928.0;0.0
av_SUGAR_d4;50500;INTARIAN_PEPPER_ROOT;9999;16;9996;23;;;10005;20;10008;24;;;10002.0;0.0
av_SUGAR_d4;50600;ASH_COATED_OSMIUM;9923;19;9919;17;;;9934;12;9936;13;;;9928.5;0.0
av_SUGAR_d4;50600;INTARIAN_PEPPER_ROOT;9999;19;9997;17;;;10005;14;10007;19;;;10002.0;0.0
av_SUGAR_d4;50700;ASH_COATED_OSMIUM;9925;11;9921;9;;;9931;24;9935;23;;;9928.0;0.0
av_SUGAR_d4;50700;INTARIAN_PEPPER_ROOT;9998;13;9994;18;;;10004;10;10006;21;;;10001.0;0.0
av_SUGAR_d4;50800;ASH_COATED_OSMIUM;9925;19;9922;24;;;9932;18;9936;26;;;9928.5;0.0
av_SUGAR_d4;50800;INTARIAN_PEPPER_ROOT;9996;11;9992;22;;;10002;15;10006;10;;;9999.0;0.0
av_SUGAR_d4;50900;ASH_COATED_OSMIUM;9925;9;9923;26;;;9931;16;9933;26;;;9928.0;0.0
av_SUGAR_d4;50900;INTARIAN_PEPPER_ROOT;9996;8;9994;21;;;10002;15;10005;21;;;9999.0;0.0
av_SUGAR_d4;51000;ASH_COATED_OSMIUM;9925;13;9923;17;;;9931;15;9935;19;;;9928.0;0.0
av_SUGAR_d4;51000;INTARIAN_PEPPER_ROOT;9997;15;9995;30;;;10003;20;10006;28;;;10000.0;0.0
av_SUGAR_d4;51100;ASH_COATED_OSMIUM;9925;18;9921;21;;;9931;8;9935;22;;;9928.0;0.0
av_SUGAR_d4;51100;INTARIAN_PEPPER_ROOT;9998;9;9994;22;;;10004;6;10006;18;;;10001.0;0.0
av_SUGAR_d4;51200;ASH_COATED_OSMIUM;9926;10;9924;18;;;9932;16;9936;26;;;9929.0;0.0
av_SUGAR_d4;51200;INTARIAN_PEPPER_ROOT;9998;16;9994;20;;;10004;11;10007;25;;;10001.0;0.0
av_SUGAR_d4;51300;ASH_COATED_OSMIUM;9925;21;9922;23;;;9931;22;9934;20;;;9928.0;0.0
av_SUGAR_d4;51300;INTARIAN_PEPPER_ROOT;9999;23;9997;10;;;10005;11;10007;33;;;10002.0;0.0
av_SUGAR_d4;51400;ASH_COATED_OSMIUM;9922;13;9918;20;;;9935;19;9939;19;;;9928.5;0.0
av_SUGAR_d4;51400;INTARIAN_PEPPER_ROOT;10000;14;9998;19;;;10006;17;10010;18;;;10003.0;0.0
av_SUGAR_d4;51500;ASH_COATED_OSMIUM;9921;13;9918;24;;;9936;20;9938;20;;;9928.5;0.0
av_SUGAR_d4;51500;INTARIAN_PEPPER_ROOT;10000;10;9997;21;;;10006;23;10010;16;;;10003.0;0.0
av_SUGAR_d4;51600;ASH_COATED_OSMIUM;9925;16;9921;28;;;9931;17;9935;15;;;9928.0;0.0
av_SUGAR_d4;51600;INTARIAN_PEPPER_ROOT;10001;10;9998;15;;;10007;12;10011;23;;;10004.0;0.0
av_SUGAR_d4;51700;ASH_COATED_OSMIUM;9925;10;9921;22;;;9931;24;9935;25;;;9928.0;0.0
av_SUGAR_d4;51700;INTARIAN_PEPPER_ROOT;9999;17;9996;21;;;10008;13;10012;21;;;10003.5;0.0
av_SUGAR_d4;51800;ASH_COATED_OSMIUM;9925;15;9921;14;;;9932;16;9934;17;;;9928.5;0.0
av_SUGAR_d4;51800;INTARIAN_PEPPER_ROOT;10000;20;9998;17;;;10010;7;10014;22;;;10005.0;0.0
av_SUGAR_d4;51900;ASH_COATED_OSMIUM;9925;10;9922;27;;;9931;7;9934;18;;;9928.0;0.0
av_SUGAR_d4;51900;INTARIAN_PEPPER_ROOT;10003;13;10001;19;;;10009;26;10013;29;;;10006.0;0.0
av_SUGAR_d4;52000;ASH_COATED_OSMIUM;9925;13;9921;19;;;9932;15;9934;29;;;9928.5;0.0
av_SUGAR_d4;52000;INTARIAN_PEPPER_ROOT;10003;21;10000;23;;;10009;15;10013;20;;;10006.0;0.0
av_SUGAR_d4;52100;ASH_COATED_OSMIUM;9921;15;9917;17;;;9935;10;9939;30;;;9928.0;0.0
av_SUGAR_d4;52100;INTARIAN_PEPPER_ROOT;10004;7;10002;23;;;10010;17;10012;14;;;10007.0;0.0
av_SUGAR_d4;52200;ASH_COATED_OSMIUM;9926;14;9922;16;;;9932;17;9935;20;;;9929.0;0.0
av_SUGAR_d4;52200;INTARIAN_PEPPER_ROOT;9995;15;9993;8;;;10019;18;10023;21;;;10007.0;0.0
av_SUGAR_d4;52300;ASH_COATED_OSMIUM;9918;17;9916;24;;;9938;5;9940;21;;;9928.0;0.0
av_SUGAR_d4;52300;INTARIAN_PEPPER_ROOT;10005;13;10001;11;;;10011;8;10015;27;;;10008.0;0.0
av_SUGAR_d4;52400;ASH_COATED_OSMIUM;9925;9;9921;14;;;9931;12;9934;20;;;9928.0;0.0
av_SUGAR_d4;52400;INTARIAN_PEPPER_ROOT;10005;16;10001;15;;;10011;11;10015;22;;;10008.0;0.0
av_SUGAR_d4;52500;ASH_COATED_OSMIUM;9925;15;9923;21;;;9931;16;9933;19;;;9928.0;0.0
av_SUGAR_d4;52500;INTARIAN_PEPPER_ROOT;10003;14;9999;16;;;10015;7;10017;13;;;10009.0;0.0
av_SUGAR_d4;52600;ASH_COATED_OSMIUM;9926;16;9924;27;;;9932;10;9934;22;;;9929.0;0.0
av_SUGAR_d4;52600;INTARIAN_PEPPER_ROOT;10007;15;10004;22;;;10013;15;10015;18;;;10010.0;0.0
av_SUGAR_d4;52700;ASH_COATED_OSMIUM;9926;12;9923;14;;;9932;17;9936;19;;;9929.0;0.0
av_SUGAR_d4;52700;INTARIAN_PEPPER_ROOT;10007;16;10003;18;;;10013;14;10015;21;;;10010.0;0.0
av_SUGAR_d4;52800;ASH_COATED_OSMIUM;9925;5;9921;17;;;9931;16;9935;14;;;9928.0;0.0
av_SUGAR_d4;52800;INTARIAN_PEPPER_ROOT;10008;13;10006;24;;;10014;12;10018;15;;;10011.0;0.0
av_SUGAR_d4;52900;ASH_COATED_OSMIUM;9926;10;9923;18;;;9932;14;9934;26;;;9929.0;0.0
av_SUGAR_d4;52900;INTARIAN_PEPPER_ROOT;10009;11;10006;19;;;10015;23;10019;25;;;10012.0;0.0
av_SUGAR_d4;53000;ASH_COATED_OSMIUM;9926;5;9924;10;;;9932;18;9934;13;;;9929.0;0.0
av_SUGAR_d4;53000;INTARIAN_PEPPER_ROOT;10007;21;10003;21;;;10017;11;10021;12;;;10012.0;0.0
av_SUGAR_d4;53100;ASH_COATED_OSMIUM;9926;10;9922;12;;;9932;10;9934;19;;;9929.0;0.0
av_SUGAR_d4;53100;INTARIAN_PEPPER_ROOT;10008;7;10006;30;;;10017;6;10020;26;;;10012.5;0.0
av_SUGAR_d4;53200;ASH_COATED_OSMIUM;9926;18;9923;16;;;9932;10;9934;24;;;9929.0;0.0
av_SUGAR_d4;53200;INTARIAN_PEPPER_ROOT;10008;9;10004;21;;;10018;5;10020;24;;;10013.0;0.0
av_SUGAR_d4;53300;ASH_COATED_OSMIUM;9926;17;9924;22;;;9932;18;9935;20;;;9929.0;0.0
av_SUGAR_d4;53300;INTARIAN_PEPPER_ROOT;10011;10;10007;32;;;10017;19;10021;19;;;10014.0;0.0
av_SUGAR_d4;53400;ASH_COATED_OSMIUM;9920;21;9918;21;;;9938;12;9941;16;;;9929.0;0.0
av_SUGAR_d4;53400;INTARIAN_PEPPER_ROOT;10009;5;10006;22;;;10019;18;10021;17;;;10014.0;0.0
av_SUGAR_d4;53500;ASH_COATED_OSMIUM;9923;11;9919;21;;;9935;19;9939;14;;;9929.0;0.0
av_SUGAR_d4;53500;INTARIAN_PEPPER_ROOT;10008;14;10006;31;;;10021;5;10025;19;;;10014.5;0.0
av_SUGAR_d4;53600;ASH_COATED_OSMIUM;9925;18;9922;18;;;9932;13;9935;17;;;9928.5;0.0
av_SUGAR_d4;53600;INTARIAN_PEPPER_ROOT;10013;16;10010;10;;;10019;12;10022;23;;;10016.0;0.0
av_SUGAR_d4;53700;ASH_COATED_OSMIUM;9926;10;9923;15;;;9932;5;9935;13;;;9929.0;0.0
av_SUGAR_d4;53700;INTARIAN_PEPPER_ROOT;10013;13;10011;21;;;10019;6;10022;25;;;10016.0;0.0
av_SUGAR_d4;53800;ASH_COATED_OSMIUM;9926;17;9923;17;;;9932;11;9936;24;;;9929.0;0.0
av_SUGAR_d4;53800;INTARIAN_PEPPER_ROOT;10014;18;10012;25;;;10020;18;10022;10;;;10017.0;0.0
av_SUGAR_d4;53900;ASH_COATED_OSMIUM;9923;13;9919;21;;;9934;23;9936;8;;;9928.5;0.0
av_SUGAR_d4;53900;INTARIAN_PEPPER_ROOT;10014;14;10010;16;;;10020;8;10023;22;;;10017.0;0.0
av_SUGAR_d4;54000;ASH_COATED_OSMIUM;9917;13;9913;17;;;9942;6;9944;33;;;9929.5;0.0
av_SUGAR_d4;54000;INTARIAN_PEPPER_ROOT;10012;10;10008;17;;;10025;19;10028;29;;;10018.5;0.0
av_SUGAR_d4;54100;ASH_COATED_OSMIUM;9926;24;9923;8;;;9932;16;9936;20;;;9929.0;0.0
av_SUGAR_d4;54100;INTARIAN_PEPPER_ROOT;10016;18;10013;19;;;10022;11;10024;17;;;10019.0;0.0
av_SUGAR_d4;54200;ASH_COATED_OSMIUM;9927;20;9924;25;;;9933;15;9937;23;;;9930.0;0.0
av_SUGAR_d4;54200;INTARIAN_PEPPER_ROOT;10016;15;10014;20;;;10022;15;10026;17;;;10019.0;0.0
av_SUGAR_d4;54300;ASH_COATED_OSMIUM;9926;13;9922;22;;;9932;20;9935;27;;;9929.0;0.0
av_SUGAR_d4;54300;INTARIAN_PEPPER_ROOT;10017;16;10015;18;;;10023;18;10026;23;;;10020.0;0.0
av_SUGAR_d4;54400;ASH_COATED_OSMIUM;9926;12;9922;8;;;9932;14;9936;27;;;9929.0;0.0
av_SUGAR_d4;54400;INTARIAN_PEPPER_ROOT;10018;19;10014;21;;;10024;12;10026;13;;;10021.0;0.0
av_SUGAR_d4;54500;ASH_COATED_OSMIUM;9923;14;9921;14;;;9934;19;9937;24;;;9928.5;0.0
av_SUGAR_d4;54500;INTARIAN_PEPPER_ROOT;10013;12;10011;15;;;10030;20;10033;23;;;10021.5;0.0
av_SUGAR_d4;54600;ASH_COATED_OSMIUM;9926;9;9924;27;;;9932;21;9934;25;;;9929.0;0.0
av_SUGAR_d4;54600;INTARIAN_PEPPER_ROOT;10017;20;10013;17;;;10025;11;10029;19;;;10021.0;0.0
av_SUGAR_d4;54700;ASH_COATED_OSMIUM;9926;22;9923;18;;;9932;15;9935;22;;;9929.0;0.0
av_SUGAR_d4;54700;INTARIAN_PEPPER_ROOT;10009;23;10007;20;;;10034;13;10038;22;;;10021.5;0.0
av_SUGAR_d4;54800;ASH_COATED_OSMIUM;9926;13;9924;29;;;9934;17;9936;13;;;9930.0;0.0
av_SUGAR_d4;54800;INTARIAN_PEPPER_ROOT;10020;14;10018;29;;;10026;16;10029;21;;;10023.0;0.0
av_SUGAR_d4;54900;ASH_COATED_OSMIUM;9926;9;9924;10;;;9932;6;9936;21;;;9929.0;0.0
av_SUGAR_d4;54900;INTARIAN_PEPPER_ROOT;10020;6;10017;22;;;10026;21;10028;20;;;10023.0;0.0
av_SUGAR_d4;55000;ASH_COATED_OSMIUM;9919;17;9916;29;;;9940;18;9942;22;;;9929.5;0.0
av_SUGAR_d4;55000;INTARIAN_PEPPER_ROOT;10016;16;10012;14;;;10032;14;10035;21;;;10024.0;0.0
av_SUGAR_d4;55100;ASH_COATED_OSMIUM;9924;6;9920;18;;;9935;10;9937;17;;;9929.5;0.0
av_SUGAR_d4;55100;INTARIAN_PEPPER_ROOT;10022;11;10018;24;;;10028;14;10030;13;;;10025.0;0.0
av_SUGAR_d4;55200;ASH_COATED_OSMIUM;9925;16;9922;17;;;9934;14;9937;18;;;9929.5;0.0
av_SUGAR_d4;55200;INTARIAN_PEPPER_ROOT;10015;14;10011;9;;;10035;13;10037;23;;;10025.0;0.0
av_SUGAR_d4;55300;ASH_COATED_OSMIUM;9927;10;9924;12;;;9933;11;9935;15;;;9930.0;0.0
av_SUGAR_d4;55300;INTARIAN_PEPPER_ROOT;10005;20;10003;22;;;10048;15;10051;22;;;10026.5;0.0
av_SUGAR_d4;55400;ASH_COATED_OSMIUM;9927;6;9923;25;;;9933;24;9935;17;;;9930.0;0.0
av_SUGAR_d4;55400;INTARIAN_PEPPER_ROOT;10023;10;10020;18;;;10031;18;10035;18;;;10027.0;0.0
av_SUGAR_d4;55500;ASH_COATED_OSMIUM;9927;15;9923;24;;;9933;15;9937;23;;;9930.0;0.0
av_SUGAR_d4;55500;INTARIAN_PEPPER_ROOT;10024;16;10020;28;;;10030;18;10034;25;;;10027.0;0.0
av_SUGAR_d4;55600;ASH_COATED_OSMIUM;9926;13;9923;20;;;9932;18;9934;15;;;9929.0;0.0
av_SUGAR_d4;55600;INTARIAN_PEPPER_ROOT;10021;23;10018;21;;;10034;16;10038;19;;;10027.5;0.0
av_SUGAR_d4;55700;ASH_COATED_OSMIUM;9924;20;9922;17;;;9937;12;9941;18;;;9930.5;0.0
av_SUGAR_d4;55700;INTARIAN_PEPPER_ROOT;10025;13;10023;16;;;10031;8;10033;16;;;10028.0;0.0
av_SUGAR_d4;55800;ASH_COATED_OSMIUM;9927;19;9925;15;;;9933;14;9936;18;;;9930.0;0.0
av_SUGAR_d4;55800;INTARIAN_PEPPER_ROOT;10026;16;10024;19;;;10032;13;10034;15;;;10029.0;0.0
av_SUGAR_d4;55900;ASH_COATED_OSMIUM;9927;16;9925;18;;;9933;18;9937;25;;;9930.0;0.0
av_SUGAR_d4;55900;INTARIAN_PEPPER_ROOT;10019;22;10015;15;;;10040;23;10043;23;;;10029.5;0.0
av_SUGAR_d4;56000;ASH_COATED_OSMIUM;9924;10;9922;10;;;9935;10;9937;23;;;9929.5;0.0
av_SUGAR_d4;56000;INTARIAN_PEPPER_ROOT;10027;20;10025;20;;;10033;11;10037;23;;;10030.0;0.0
av_SUGAR_d4;56100;ASH_COATED_OSMIUM;9924;17;9922;17;;;9936;8;9939;25;;;9930.0;0.0
av_SUGAR_d4;56100;INTARIAN_PEPPER_ROOT;10028;16;10024;16;;;10034;13;10037;17;;;10031.0;0.0
av_SUGAR_d4;56200;ASH_COATED_OSMIUM;9927;11;9925;23;;;9933;9;9936;23;;;9930.0;0.0
av_SUGAR_d4;56200;INTARIAN_PEPPER_ROOT;10028;21;10025;16;;;10034;8;10038;14;;;10031.0;0.0
av_SUGAR_d4;56300;ASH_COATED_OSMIUM;9927;11;9924;21;;;9933;11;9936;25;;;9930.0;0.0
av_SUGAR_d4;56300;INTARIAN_PEPPER_ROOT;10029;24;10025;22;;;10035;14;10038;15;;;10032.0;0.0
av_SUGAR_d4;56400;ASH_COATED_OSMIUM;9923;14;9921;21;;;9937;11;9940;22;;;9930.0;0.0
av_SUGAR_d4;56400;INTARIAN_PEPPER_ROOT;10029;21;10026;19;;;10035;18;10038;12;;;10032.0;0.0
av_SUGAR_d4;56500;ASH_COATED_OSMIUM;9926;12;9922;21;;;9933;12;9935;18;;;9929.5;0.0
av_SUGAR_d4;56500;INTARIAN_PEPPER_ROOT;10031;19;10029;28;;;10037;13;10040;18;;;10034.0;0.0
av_SUGAR_d4;56600;ASH_COATED_OSMIUM;9927;15;9923;16;;;9933;15;9935;25;;;9930.0;0.0
av_SUGAR_d4;56600;INTARIAN_PEPPER_ROOT;10030;8;10026;15;;;10036;18;10040;26;;;10033.0;0.0
av_SUGAR_d4;56700;ASH_COATED_OSMIUM;9926;12;9922;18;;;9932;7;9934;18;;;9929.0;0.0
av_SUGAR_d4;56700;INTARIAN_PEPPER_ROOT;10013;10;10010;27;;;10056;20;10060;22;;;10034.5;0.0
av_SUGAR_d4;56800;ASH_COATED_OSMIUM;9927;14;9925;24;;;9933;18;9935;16;;;9930.0;0.0
av_SUGAR_d4;56800;INTARIAN_PEPPER_ROOT;10029;5;10027;19;;;10040;7;10043;21;;;10034.5;0.0
av_SUGAR_d4;56900;ASH_COATED_OSMIUM;9921;13;9917;25;;;9939;11;9941;12;;;9930.0;0.0
av_SUGAR_d4;56900;INTARIAN_PEPPER_ROOT;10032;19;10028;26;;;10038;14;10040;25;;;10035.0;0.0
av_SUGAR_d4;57000;ASH_COATED_OSMIUM;9927;10;9925;22;;;9933;10;9936;12;;;9930.0;0.0
av_SUGAR_d4;57000;INTARIAN_PEPPER_ROOT;10033;19;10029;17;;;10039;12;10043;23;;;10036.0;0.0
av_SUGAR_d4;57100;ASH_COATED_OSMIUM;9925;17;9922;14;;;9935;12;9937;22;;;9930.0;0.0
av_SUGAR_d4;57100;INTARIAN_PEPPER_ROOT;10034;17;10030;18;;;10040;9;10043;12;;;10037.0;0.0
av_SUGAR_d4;57200;ASH_COATED_OSMIUM;9919;21;9916;22;;;9943;17;9946;20;;;9931.0;0.0
av_SUGAR_d4;57200;INTARIAN_PEPPER_ROOT;10025;10;10023;14;;;10048;8;10052;8;;;10036.5;0.0
av_SUGAR_d4;57300;ASH_COATED_OSMIUM;9923;13;9921;21;;;9937;22;9941;14;;;9930.0;0.0
av_SUGAR_d4;57300;INTARIAN_PEPPER_ROOT;10028;11;10025;24;;;10048;17;10052;26;;;10038.0;0.0
av_SUGAR_d4;57400;ASH_COATED_OSMIUM;9927;10;9925;29;;;9933;14;9935;20;;;9930.0;0.0
av_SUGAR_d4;57400;INTARIAN_PEPPER_ROOT;10025;25;10023;17;;;10050;12;10052;22;;;10037.5;0.0
av_SUGAR_d4;57500;ASH_COATED_OSMIUM;9925;18;9923;20;;;9936;23;9938;19;;;9930.5;0.0
av_SUGAR_d4;57500;INTARIAN_PEPPER_ROOT;10036;17;10032;25;;;10042;13;10046;25;;;10039.0;0.0
av_SUGAR_d4;57600;ASH_COATED_OSMIUM;9927;5;9924;21;;;9933;17;9936;18;;;9930.0;0.0
av_SUGAR_d4;57600;INTARIAN_PEPPER_ROOT;10037;11;10035;25;;;10043;14;10046;20;;;10040.0;0.0
