day;timestamp;product;bid_price_1;bid_volume_1;bid_price_2;bid_volume_2;bid_price_3;bid_volume_3;ask_price_1;ask_volume_1;ask_price_2;ask_volume_2;ask_price_3;ask_volume_3;mid_price;profit_and_loss
av_COTTON_d6;0;ASH_COATED_OSMIUM;9967;15;9964;17;;;9984;22;9987;20;;;9975.5;0.0
av_COTTON_d6;0;INTARIAN_PEPPER_ROOT;10117;26;10113;13;;;10137;9;10139;22;;;10127.0;0.0
av_COTTON_d6;100;ASH_COATED_OSMIUM;9973;16;9969;20;;;9979;6;9982;19;;;9976.0;0.0
av_COTTON_d6;100;INTARIAN_PEPPER_ROOT;10123;13;10119;28;;;10129;17;10133;24;;;10126.0;0.0
av_COTTON_d6;200;ASH_COATED_OSMIUM;9973;21;9970;9;;;9979;7;9983;16;;;9976.0;0.0
av_COTTON_d6;200;INTARIAN_PEPPER_ROOT;10123;12;10120;30;;;10129;6;10131;13;;;10126.0;0.0
av_COTTON_d6;300;ASH_COATED_OSMIUM;9973;22;9970;23;;;9979;17;9983;21;;;9976.0;0.0
av_COTTON_d6;300;INTARIAN_PEPPER_ROOT;10123;18;10119;19;;;10129;13;10132;20;;;10126.0;0.0
av_COTTON_d6;400;ASH_COATED_OSMIUM;9973;11;9969;14;;;9979;19;9982;15;;;9976.0;0.0
av_COTTON_d6;400;INTARIAN_PEPPER_ROOT;10122;10;10120;15;;;10130;25;10134;19;;;10126.0;0.0
av_COTTON_d6;500;ASH_COATED_OSMIUM;9972;16;9968;20;;;9978;10;9981;18;;;9975.0;0.0
av_COTTON_d6;500;INTARIAN_PEPPER_ROOT;10118;17;10115;25;;;10135;10;10138;21;;;10126.5;0.0
av_COTTON_d6;600;ASH_COATED_OSMIUM;9959;9;9955;15;;;9992;8;9994;19;;;9975.5;0.0
av_COTTON_d6;600;INTARIAN_PEPPER_ROOT;10124;15;10120;25;;;10130;9;10133;16;;;10127.0;0.0
av_COTTON_d6;700;ASH_COATED_OSMIUM;9972;13;9970;17;;;9978;17;9980;13;;;9975.0;0.0
av_COTTON_d6;700;INTARIAN_PEPPER_ROOT;10122;20;10119;9;;;10130;14;10132;17;;;10126.0;0.0
av_COTTON_d6;800;ASH_COATED_OSMIUM;9972;17;9969;18;;;9980;18;9982;23;;;9976.0;0.0
av_COTTON_d6;800;INTARIAN_PEPPER_ROOT;10121;18;10118;26;;;10131;14;10134;14;;;10126.0;0.0
av_COTTON_d6;900;ASH_COATED_OSMIUM;9972;13;9969;10;;;9979;5;9982;17;;;9975.5;0.0
av_COTTON_d6;900;INTARIAN_PEPPER_ROOT;10123;10;10120;21;;;10129;17;10131;13;;;10126.0;0.0
av_COTTON_d6;1000;ASH_COATED_OSMIUM;9973;18;9971;18;;;9979;21;9983;15;;;9976.0;0.0
av_COTTON_d6;1000;INTARIAN_PEPPER_ROOT;10123;11;10121;29;;;10129;16;10131;19;;;10126.0;0.0
av_COTTON_d6;1100;ASH_COATED_OSMIUM;9973;19;9970;14;;;9979;12;9982;22;;;9976.0;0.0
av_COTTON_d6;1100;INTARIAN_PEPPER_ROOT;10115;12;10111;17;;;10135;21;10139;21;;;10125.0;0.0
av_COTTON_d6;1200;ASH_COATED_OSMIUM;9971;22;9967;10;;;9981;6;9984;19;;;9976.0;0.0
av_COTTON_d6;1200;INTARIAN_PEPPER_ROOT;10122;5;10118;25;;;10128;11;10132;16;;;10125.0;0.0
av_COTTON_d6;1300;ASH_COATED_OSMIUM;9973;5;9970;23;;;9979;5;9983;22;;;9976.0;0.0
av_COTTON_d6;1300;INTARIAN_PEPPER_ROOT;10111;19;10109;17;;;10137;21;10140;21;;;10124.0;0.0
av_COTTON_d6;1400;ASH_COATED_OSMIUM;9973;22;9969;21;;;9979;19;9981;26;;;9976.0;0.0
av_COTTON_d6;1400;INTARIAN_PEPPER_ROOT;10121;7;10118;26;;;10129;11;10131;22;;;10125.0;0.0
av_COTTON_d6;1500;ASH_COATED_OSMIUM;9973;22;9970;20;;;9979;24;9983;22;;;9976.0;0.0
av_COTTON_d6;1500;INTARIAN_PEPPER_ROOT;10118;15;10116;30;;;10132;15;10134;20;;;10125.0;0.0
av_COTTON_d6;1600;ASH_COATED_OSMIUM;9973;17;9971;19;;;9979;21;9982;21;;;9976.0;0.0
av_COTTON_d6;1600;INTARIAN_PEPPER_ROOT;10121;19;10119;17;;;10127;18;10129;29;;;10124.0;0.0
av_COTTON_d6;1700;ASH_COATED_OSMIUM;9973;11;9970;22;;;9979;9;9981;21;;;9976.0;0.0
av_COTTON_d6;1700;INTARIAN_PEPPER_ROOT;10122;13;10119;19;;;10128;12;10131;20;;;10125.0;0.0
av_COTTON_d6;1800;ASH_COATED_OSMIUM;9973;12;9971;22;;;9981;19;9983;21;;;9977.0;0.0
av_COTTON_d6;1800;INTARIAN_PEPPER_ROOT;10121;16;10119;17;;;10127;11;10129;19;;;10124.0;0.0
av_COTTON_d6;1900;ASH_COATED_OSMIUM;9974;25;9971;21;;;9980;17;9983;31;;;9977.0;0.0
av_COTTON_d6;1900;INTARIAN_PEPPER_ROOT;10121;13;10118;18;;;10127;6;10129;27;;;10124.0;0.0
av_COTTON_d6;2000;ASH_COATED_OSMIUM;9969;12;9966;22;;;9983;20;9985;20;;;9976.0;0.0
av_COTTON_d6;2000;INTARIAN_PEPPER_ROOT;10121;8;10117;16;;;10127;17;10129;15;;;10124.0;0.0
av_COTTON_d6;2100;ASH_COATED_OSMIUM;9968;19;9965;10;;;9983;12;9986;14;;;9975.5;0.0
av_COTTON_d6;2100;INTARIAN_PEPPER_ROOT;10116;18;10113;17;;;10131;20;10134;22;;;10123.5;0.0
av_COTTON_d6;2200;ASH_COATED_OSMIUM;9973;15;9971;23;;;9979;15;9981;20;;;9976.0;0.0
av_COTTON_d6;2200;INTARIAN_PEPPER_ROOT;10115;11;10111;21;;;10133;16;10136;21;;;10124.0;0.0
av_COTTON_d6;2300;ASH_COATED_OSMIUM;9954;8;9951;22;;;9996;9;10000;26;;;9975.0;0.0
av_COTTON_d6;2300;INTARIAN_PEPPER_ROOT;10111;14;10109;23;;;10138;13;10142;18;;;10124.5;0.0
av_COTTON_d6;2400;ASH_COATED_OSMIUM;9973;14;9971;26;;;9980;13;9983;23;;;9976.5;0.0
av_COTTON_d6;2400;INTARIAN_PEPPER_ROOT;10099;19;10096;19;;;10151;13;10155;19;;;10125.0;0.0
av_COTTON_d6;2500;ASH_COATED_OSMIUM;9966;11;9963;23;;;9986;14;9989;18;;;9976.0;0.0
av_COTTON_d6;2500;INTARIAN_PEPPER_ROOT;10120;18;10116;18;;;10126;24;10128;23;;;10123.0;0.0
av_COTTON_d6;2600;ASH_COATED_OSMIUM;9971;7;9967;18;;;9981;5;9984;21;;;9976.0;0.0
av_COTTON_d6;2600;INTARIAN_PEPPER_ROOT;10119;13;10115;25;;;10127;8;10131;21;;;10123.0;0.0
av_COTTON_d6;2700;ASH_COATED_OSMIUM;9973;12;9969;21;;;9979;17;9981;19;;;9976.0;0.0
av_COTTON_d6;2700;INTARIAN_PEPPER_ROOT;10120;12;10116;26;;;10126;12;10128;19;;;10123.0;0.0
av_COTTON_d6;2800;ASH_COATED_OSMIUM;9973;18;9969;14;;;9979;9;9983;25;;;9976.0;0.0
av_COTTON_d6;2800;INTARIAN_PEPPER_ROOT;10120;14;10116;20;;;10126;10;10130;19;;;10123.0;0.0
av_COTTON_d6;2900;ASH_COATED_OSMIUM;9970;17;9966;19;;;9982;19;9985;11;;;9976.0;0.0
av_COTTON_d6;2900;INTARIAN_PEPPER_ROOT;10118;16;10116;20;;;10129;5;10133;24;;;10123.5;0.0
av_COTTON_d6;3000;ASH_COATED_OSMIUM;9973;9;9970;26;;;9979;8;9982;18;;;9976.0;0.0
av_COTTON_d6;3000;INTARIAN_PEPPER_ROOT;10120;14;10116;11;;;10126;18;10129;22;;;10123.0;0.0
av_COTTON_d6;3100;ASH_COATED_OSMIUM;9973;11;9970;18;;;9980;16;9983;23;;;9976.5;0.0
av_COTTON_d6;3100;INTARIAN_PEPPER_ROOT;10120;16;10117;10;;;10126;7;10129;13;;;10123.0;0.0
av_COTTON_d6;3200;ASH_COATED_OSMIUM;9967;14;9965;15;;;9985;13;9987;20;;;9976.0;0.0
av_COTTON_d6;3200;INTARIAN_PEPPER_ROOT;10119;14;10115;24;;;10127;11;10131;26;;;10123.0;0.0
av_COTTON_d6;3300;ASH_COATED_OSMIUM;9973;18;9971;11;;;9979;17;9983;23;;;9976.0;0.0
av_COTTON_d6;3300;INTARIAN_PEPPER_ROOT;10120;16;10118;23;;;10126;13;10130;27;;;10123.0;0.0
av_COTTON_d6;3400;ASH_COATED_OSMIUM;9973;21;9970;25;;;9979;22;9982;23;;;9976.0;0.0
av_COTTON_d6;3400;INTARIAN_PEPPER_ROOT;10119;12;10117;22;;;10125;6;10127;25;;;10122.0;0.0
av_COTTON_d6;3500;ASH_COATED_OSMIUM;9973;15;9969;22;;;9979;12;9983;11;;;9976.0;0.0
av_COTTON_d6;3500;INTARIAN_PEPPER_ROOT;10120;16;10117;18;;;10126;12;10128;25;;;10123.0;0.0
av_COTTON_d6;3600;ASH_COATED_OSMIUM;9965;20;9963;23;;;9988;9;9992;19;;;9976.5;0.0
av_COTTON_d6;3600;INTARIAN_PEPPER_ROOT;10118;8;10114;13;;;10127;21;10129;17;;;10122.5;0.0
av_COTTON_d6;3700;ASH_COATED_OSMIUM;9973;17;9971;15;;;9979;21;9983;21;;;9976.0;0.0
av_COTTON_d6;3700;INTARIAN_PEPPER_ROOT;10116;30;10113;16;;;10128;16;10131;19;;;10122.0;0.0
av_COTTON_d6;3800;ASH_COATED_OSMIUM;9973;20;9971;18;;;9979;19;9983;11;;;9976.0;0.0
av_COTTON_d6;3800;INTARIAN_PEPPER_ROOT;10120;10;10117;19;;;10126;13;10129;11;;;10123.0;0.0
av_COTTON_d6;3900;ASH_COATED_OSMIUM;9973;12;9971;24;;;9979;8;9983;14;;;9976.0;0.0
av_COTTON_d6;3900;INTARIAN_PEPPER_ROOT;10118;21;10116;16;;;10125;15;10127;30;;;10121.5;0.0
av_COTTON_d6;4000;ASH_COATED_OSMIUM;9973;9;9971;17;;;9979;21;9982;20;;;9976.0;0.0
av_COTTON_d6;4000;INTARIAN_PEPPER_ROOT;10118;10;10114;32;;;10127;10;10129;21;;;10122.5;0.0
av_COTTON_d6;4100;ASH_COATED_OSMIUM;9972;13;9969;20;;;9981;12;9984;21;;;9976.5;0.0
av_COTTON_d6;4100;INTARIAN_PEPPER_ROOT;10118;9;10114;9;;;10124;16;10128;23;;;10121.0;0.0
av_COTTON_d6;4200;ASH_COATED_OSMIUM;9973;12;9969;27;;;9979;22;9983;22;;;9976.0;0.0
av_COTTON_d6;4200;INTARIAN_PEPPER_ROOT;10119;10;10115;22;;;10125;17;10129;28;;;10122.0;0.0
av_COTTON_d6;4300;ASH_COATED_OSMIUM;9973;18;9971;20;;;9979;18;9983;25;;;9976.0;0.0
av_COTTON_d6;4300;INTARIAN_PEPPER_ROOT;10113;8;10110;28;;;10130;12;10134;8;;;10121.5;0.0
av_COTTON_d6;4400;ASH_COATED_OSMIUM;9973;17;9969;13;;;9980;18;9983;17;;;9976.5;0.0
av_COTTON_d6;4400;INTARIAN_PEPPER_ROOT;10119;12;10117;21;;;10125;17;10127;19;;;10122.0;0.0
av_COTTON_d6;4500;ASH_COATED_OSMIUM;9973;13;9971;19;;;9979;16;9981;26;;;9976.0;0.0
av_COTTON_d6;4500;INTARIAN_PEPPER_ROOT;10117;24;10114;14;;;10126;11;10130;19;;;10121.5;0.0
av_COTTON_d6;4600;ASH_COATED_OSMIUM;9973;15;9970;25;;;9979;21;9981;15;;;9976.0;0.0
av_COTTON_d6;4600;INTARIAN_PEPPER_ROOT;10115;11;10112;8;;;10128;20;10131;9;;;10121.5;0.0
av_COTTON_d6;4700;ASH_COATED_OSMIUM;9969;18;9966;12;;;9983;20;9987;31;;;9976.0;0.0
av_COTTON_d6;4700;INTARIAN_PEPPER_ROOT;10115;24;10113;17;;;10128;6;10132;22;;;10121.5;0.0
av_COTTON_d6;4800;ASH_COATED_OSMIUM;9972;9;9968;19;;;9980;11;9982;14;;;9976.0;0.0
av_COTTON_d6;4800;INTARIAN_PEPPER_ROOT;10117;14;10115;23;;;10125;14;10127;15;;;10121.0;0.0
av_COTTON_d6;4900;ASH_COATED_OSMIUM;9973;17;9971;26;;;9979;14;9983;22;;;9976.0;0.0
av_COTTON_d6;4900;INTARIAN_PEPPER_ROOT;10118;20;10115;14;;;10124;11;10128;13;;;10121.0;0.0
av_COTTON_d6;5000;ASH_COATED_OSMIUM;9960;16;9958;24;;;9991;11;9994;17;;;9975.5;0.0
av_COTTON_d6;5000;INTARIAN_PEPPER_ROOT;10109;16;10107;20;;;10134;13;10137;24;;;10121.5;0.0
av_COTTON_d6;5100;ASH_COATED_OSMIUM;9973;15;9970;15;;;9979;14;9983;8;;;9976.0;0.0
av_COTTON_d6;5100;INTARIAN_PEPPER_ROOT;10117;15;10114;23;;;10123;15;10126;17;;;10120.0;0.0
av_COTTON_d6;5200;ASH_COATED_OSMIUM;9973;19;9969;27;;;9979;13;9983;19;;;9976.0;0.0
av_COTTON_d6;5200;INTARIAN_PEPPER_ROOT;10118;11;10116;17;;;10124;9;10126;24;;;10121.0;0.0
av_COTTON_d6;5300;ASH_COATED_OSMIUM;9973;6;9971;16;;;9979;15;9982;25;;;9976.0;0.0
av_COTTON_d6;5300;INTARIAN_PEPPER_ROOT;10113;14;10109;22;;;10127;9;10131;8;;;10120.0;0.0
av_COTTON_d6;5400;ASH_COATED_OSMIUM;9973;5;9970;21;;;9979;5;9983;19;;;9976.0;0.0
av_COTTON_d6;5400;INTARIAN_PEPPER_ROOT;10117;15;10113;18;;;10123;17;10125;13;;;10120.0;0.0
av_COTTON_d6;5500;ASH_COATED_OSMIUM;9973;5;9970;24;;;9979;13;9983;24;;;9976.0;0.0
av_COTTON_d6;5500;INTARIAN_PEPPER_ROOT;10117;6;10114;13;;;10123;15;10126;13;;;10120.0;0.0
av_COTTON_d6;5600;ASH_COATED_OSMIUM;9973;28;9969;21;;;9979;8;9981;27;;;9976.0;0.0
av_COTTON_d6;5600;INTARIAN_PEPPER_ROOT;10117;9;10113;21;;;10123;10;10126;27;;;10120.0;0.0
av_COTTON_d6;5700;ASH_COATED_OSMIUM;9973;13;9970;20;;;9979;16;9981;21;;;9976.0;0.0
av_COTTON_d6;5700;INTARIAN_PEPPER_ROOT;10116;12;10112;26;;;10124;20;10126;15;;;10120.0;0.0
av_COTTON_d6;5800;ASH_COATED_OSMIUM;9970;21;9968;27;;;9983;9;9986;11;;;9976.5;0.0
av_COTTON_d6;5800;INTARIAN_PEPPER_ROOT;10117;15;10115;18;;;10123;16;10125;26;;;10120.0;0.0
av_COTTON_d6;5900;ASH_COATED_OSMIUM;9973;14;9971;29;;;9979;22;9981;19;;;9976.0;0.0
av_COTTON_d6;5900;INTARIAN_PEPPER_ROOT;10117;14;10114;17;;;10123;12;10126;22;;;10120.0;0.0
av_COTTON_d6;6000;ASH_COATED_OSMIUM;9964;8;9960;10;;;9988;13;9991;16;;;9976.0;0.0
av_COTTON_d6;6000;INTARIAN_PEPPER_ROOT;10116;17;10114;26;;;10122;13;10125;23;;;10119.0;0.0
av_COTTON_d6;6100;ASH_COATED_OSMIUM;9973;24;9970;20;;;9979;20;9981;28;;;9976.0;0.0
av_COTTON_d6;6100;INTARIAN_PEPPER_ROOT;10113;10;10110;25;;;10125;12;10127;21;;;10119.0;0.0
av_COTTON_d6;6200;ASH_COATED_OSMIUM;9972;5;9969;24;;;9980;15;9984;15;;;9976.0;0.0
av_COTTON_d6;6200;INTARIAN_PEPPER_ROOT;10108;14;10106;20;;;10133;19;10136;19;;;10120.5;0.0
av_COTTON_d6;6300;ASH_COATED_OSMIUM;9968;11;9964;15;;;9984;14;9987;22;;;9976.0;0.0
av_COTTON_d6;6300;INTARIAN_PEPPER_ROOT;10116;20;10114;22;;;10122;14;10124;17;;;10119.0;0.0
av_COTTON_d6;6400;ASH_COATED_OSMIUM;9974;10;9972;23;;;9980;24;9982;14;;;9977.0;0.0
av_COTTON_d6;6400;INTARIAN_PEPPER_ROOT;10116;22;10114;21;;;10122;23;10126;18;;;10119.0;0.0
av_COTTON_d6;6500;ASH_COATED_OSMIUM;9968;22;9965;12;;;9984;24;9986;23;;;9976.0;0.0
av_COTTON_d6;6500;INTARIAN_PEPPER_ROOT;10109;13;10106;19;;;10129;17;10131;25;;;10119.0;0.0
av_COTTON_d6;6600;ASH_COATED_OSMIUM;9973;12;9970;23;;;9979;18;9983;27;;;9976.0;0.0
av_COTTON_d6;6600;INTARIAN_PEPPER_ROOT;10116;13;10113;15;;;10122;15;10124;15;;;10119.0;0.0
av_COTTON_d6;6700;ASH_COATED_OSMIUM;9973;18;9969;14;;;9979;13;9982;13;;;9976.0;0.0
av_COTTON_d6;6700;INTARIAN_PEPPER_ROOT;10116;14;10114;24;;;10122;8;10125;27;;;10119.0;0.0
av_COTTON_d6;6800;ASH_COATED_OSMIUM;9952;13;9948;26;;;10001;7;10005;12;;;9976.5;0.0
av_COTTON_d6;6800;INTARIAN_PEPPER_ROOT;10110;17;10108;26;;;10126;16;10130;22;;;10118.0;0.0
av_COTTON_d6;6900;ASH_COATED_OSMIUM;9973;11;9970;20;;;9979;23;9982;23;;;9976.0;0.0
av_COTTON_d6;6900;INTARIAN_PEPPER_ROOT;10115;17;10112;16;;;10121;25;10124;20;;;10118.0;0.0
av_COTTON_d6;7000;ASH_COATED_OSMIUM;9974;28;9971;15;;;9980;16;9983;17;;;9977.0;0.0
av_COTTON_d6;7000;INTARIAN_PEPPER_ROOT;10116;12;10113;13;;;10122;13;10125;26;;;10119.0;0.0
av_COTTON_d6;7100;ASH_COATED_OSMIUM;9973;13;9970;18;;;9979;17;9981;21;;;9976.0;0.0
av_COTTON_d6;7100;INTARIAN_PEPPER_ROOT;10111;13;10107;33;;;10126;16;10128;24;;;10118.5;0.0
av_COTTON_d6;7200;ASH_COATED_OSMIUM;9974;13;9970;34;;;9980;13;9982;23;;;9977.0;0.0
av_COTTON_d6;7200;INTARIAN_PEPPER_ROOT;10116;18;10113;23;;;10122;9;10125;16;;;10119.0;0.0
av_COTTON_d6;7300;ASH_COATED_OSMIUM;9971;14;9969;30;;;9981;16;9984;18;;;9976.0;0.0
av_COTTON_d6;7300;INTARIAN_PEPPER_ROOT;10115;16;10111;26;;;10122;17;10124;17;;;10118.5;0.0
av_COTTON_d6;7400;ASH_COATED_OSMIUM;9966;20;9962;29;;;9987;29;9989;24;;;9976.5;0.0
av_COTTON_d6;7400;INTARIAN_PEPPER_ROOT;10115;6;10111;8;;;10121;19;10125;14;;;10118.0;0.0
av_COTTON_d6;7500;ASH_COATED_OSMIUM;9973;16;9970;17;;;9979;17;9983;17;;;9976.0;0.0
av_COTTON_d6;7500;INTARIAN_PEPPER_ROOT;10115;14;10112;18;;;10121;27;10125;29;;;10118.0;0.0
av_COTTON_d6;7600;ASH_COATED_OSMIUM;9966;13;9963;14;;;9984;22;9987;17;;;9975.0;0.0
av_COTTON_d6;7600;INTARIAN_PEPPER_ROOT;10110;16;10107;24;;;10125;7;10127;17;;;10117.5;0.0
av_COTTON_d6;7700;ASH_COATED_OSMIUM;9973;11;9971;25;;;9979;20;9982;12;;;9976.0;0.0
av_COTTON_d6;7700;INTARIAN_PEPPER_ROOT;10115;13;10113;8;;;10121;26;10123;14;;;10118.0;0.0
av_COTTON_d6;7800;ASH_COATED_OSMIUM;9972;8;9968;10;;;9978;15;9980;23;;;9975.0;0.0
av_COTTON_d6;7800;INTARIAN_PEPPER_ROOT;10113;14;10110;20;;;10122;17;10126;18;;;10117.5;0.0
av_COTTON_d6;7900;ASH_COATED_OSMIUM;9973;12;9971;22;;;9979;5;9982;20;;;9976.0;0.0
av_COTTON_d6;7900;INTARIAN_PEPPER_ROOT;10114;13;10111;18;;;10120;20;10124;18;;;10117.0;0.0
av_COTTON_d6;8000;ASH_COATED_OSMIUM;9969;14;9966;20;;;9983;10;9985;21;;;9976.0;0.0
av_COTTON_d6;8000;INTARIAN_PEPPER_ROOT;10114;18;10111;17;;;10122;24;10124;18;;;10118.0;0.0
av_COTTON_d6;8100;ASH_COATED_OSMIUM;9973;13;9969;18;;;9979;20;9982;23;;;9976.0;0.0
av_COTTON_d6;8100;INTARIAN_PEPPER_ROOT;10103;14;10101;23;;;10131;16;10135;25;;;10117.0;0.0
av_COTTON_d6;8200;ASH_COATED_OSMIUM;9974;15;9971;21;;;9980;21;9984;13;;;9977.0;0.0
av_COTTON_d6;8200;INTARIAN_PEPPER_ROOT;10108;14;10105;19;;;10128;12;10131;24;;;10118.0;0.0
av_COTTON_d6;8300;ASH_COATED_OSMIUM;9973;14;9970;15;;;9979;19;9981;22;;;9976.0;0.0
av_COTTON_d6;8300;INTARIAN_PEPPER_ROOT;10114;15;10112;15;;;10120;10;10124;11;;;10117.0;0.0
av_COTTON_d6;8400;ASH_COATED_OSMIUM;9972;24;9969;29;;;9980;19;9983;21;;;9976.0;0.0
av_COTTON_d6;8400;INTARIAN_PEPPER_ROOT;10114;13;10112;28;;;10121;12;10124;21;;;10117.5;0.0
av_COTTON_d6;8500;ASH_COATED_OSMIUM;9974;15;9972;11;;;9980;14;9982;28;;;9977.0;0.0
av_COTTON_d6;8500;INTARIAN_PEPPER_ROOT;10114;21;10112;11;;;10120;20;10123;21;;;10117.0;0.0
av_COTTON_d6;8600;ASH_COATED_OSMIUM;9972;18;9969;10;;;9981;16;9983;22;;;9976.5;0.0
av_COTTON_d6;8600;INTARIAN_PEPPER_ROOT;10114;16;10112;21;;;10120;14;10124;22;;;10117.0;0.0
av_COTTON_d6;8700;ASH_COATED_OSMIUM;9974;13;9971;15;;;9980;5;9982;22;;;9977.0;0.0
av_COTTON_d6;8700;INTARIAN_PEPPER_ROOT;10111;8;10107;18;;;10122;16;10125;21;;;10116.5;0.0
av_COTTON_d6;8800;ASH_COATED_OSMIUM;9974;15;9972;14;;;9980;9;9982;20;;;9977.0;0.0
av_COTTON_d6;8800;INTARIAN_PEPPER_ROOT;10113;6;10109;16;;;10121;16;10123;8;;;10117.0;0.0
av_COTTON_d6;8900;ASH_COATED_OSMIUM;9973;15;9970;17;;;9980;16;9983;15;;;9976.5;0.0
av_COTTON_d6;8900;INTARIAN_PEPPER_ROOT;10109;12;10107;18;;;10123;11;10125;21;;;10116.0;0.0
av_COTTON_d6;9000;ASH_COATED_OSMIUM;9973;15;9971;15;;;9979;18;9983;26;;;9976.0;0.0
av_COTTON_d6;9000;INTARIAN_PEPPER_ROOT;10113;7;10110;17;;;10119;14;10123;14;;;10116.0;0.0
av_COTTON_d6;9100;ASH_COATED_OSMIUM;9973;13;9971;20;;;9979;18;9983;23;;;9976.0;0.0
av_COTTON_d6;9100;INTARIAN_PEPPER_ROOT;10108;19;10106;17;;;10123;12;10127;32;;;10115.5;0.0
av_COTTON_d6;9200;ASH_COATED_OSMIUM;9972;18;9969;15;;;9980;21;9984;22;;;9976.0;0.0
av_COTTON_d6;9200;INTARIAN_PEPPER_ROOT;10112;10;10108;15;;;10119;13;10121;25;;;10115.5;0.0
av_COTTON_d6;9300;ASH_COATED_OSMIUM;9973;6;9971;22;;;9980;17;9984;25;;;9976.5;0.0
av_COTTON_d6;9300;INTARIAN_PEPPER_ROOT;10113;17;10110;20;;;10119;22;10123;28;;;10116.0;0.0
av_COTTON_d6;9400;ASH_COATED_OSMIUM;9973;12;9971;21;;;9979;14;9982;25;;;9976.0;0.0
av_COTTON_d6;9400;INTARIAN_PEPPER_ROOT;10113;8;10109;24;;;10119;18;10121;20;;;10116.0;0.0
av_COTTON_d6;9500;ASH_COATED_OSMIUM;9973;11;9971;24;;;9979;19;9981;19;;;9976.0;0.0
av_COTTON_d6;9500;INTARIAN_PEPPER_ROOT;10108;16;10106;16;;;10123;5;10127;14;;;10115.5;0.0
av_COTTON_d6;9600;ASH_COATED_OSMIUM;9973;12;9971;19;;;9979;25;9981;24;;;9976.0;0.0
av_COTTON_d6;9600;INTARIAN_PEPPER_ROOT;10109;5;10106;12;;;10122;5;10125;25;;;10115.5;0.0
av_COTTON_d6;9700;ASH_COATED_OSMIUM;9967;6;9963;16;;;9986;24;9990;27;;;9976.5;0.0
av_COTTON_d6;9700;INTARIAN_PEPPER_ROOT;10112;10;10110;30;;;10118;20;10120;31;;;10115.0;0.0
av_COTTON_d6;9800;ASH_COATED_OSMIUM;9970;13;9968;19;;;9983;9;9985;17;;;9976.5;0.0
av_COTTON_d6;9800;INTARIAN_PEPPER_ROOT;10113;28;10111;13;;;10119;17;10122;16;;;10116.0;0.0
av_COTTON_d6;9900;ASH_COATED_OSMIUM;9970;17;9968;23;;;9980;19;9984;22;;;9975.0;0.0
av_COTTON_d6;9900;INTARIAN_PEPPER_ROOT;10112;16;10108;14;;;10118;14;10120;15;;;10115.0;0.0
av_COTTON_d6;10000;ASH_COATED_OSMIUM;9973;11;9970;19;;;9979;17;9983;19;;;9976.0;0.0
av_COTTON_d6;10000;INTARIAN_PEPPER_ROOT;10111;5;10109;11;;;10120;19;10124;20;;;10115.5;0.0
av_COTTON_d6;10100;ASH_COATED_OSMIUM;9970;12;9967;19;;;9982;16;9986;22;;;9976.0;0.0
av_COTTON_d6;10100;INTARIAN_PEPPER_ROOT;10104;18;10102;25;;;10125;14;10128;13;;;10114.5;0.0
av_COTTON_d6;10200;ASH_COATED_OSMIUM;9973;17;9970;18;;;9979;14;9981;25;;;9976.0;0.0
av_COTTON_d6;10200;INTARIAN_PEPPER_ROOT;10112;15;10109;23;;;10118;9;10121;16;;;10115.0;0.0
av_COTTON_d6;10300;ASH_COATED_OSMIUM;9973;15;9970;23;;;9980;15;9984;11;;;9976.5;0.0
av_COTTON_d6;10300;INTARIAN_PEPPER_ROOT;10112;27;10109;20;;;10118;13;10122;19;;;10115.0;0.0
av_COTTON_d6;10400;ASH_COATED_OSMIUM;9974;8;9971;24;;;9980;13;9984;14;;;9977.0;0.0
av_COTTON_d6;10400;INTARIAN_PEPPER_ROOT;10111;14;10109;16;;;10118;10;10121;24;;;10114.5;0.0
av_COTTON_d6;10500;ASH_COATED_OSMIUM;9972;13;9969;23;;;9980;17;9984;22;;;9976.0;0.0
av_COTTON_d6;10500;INTARIAN_PEPPER_ROOT;10112;10;10110;13;;;10118;12;10121;19;;;10115.0;0.0
av_COTTON_d6;10600;ASH_COATED_OSMIUM;9973;11;9970;24;;;9979;9;9982;19;;;9976.0;0.0
av_COTTON_d6;10600;INTARIAN_PEPPER_ROOT;10108;21;10105;9;;;10120;10;10123;22;;;10114.0;0.0
av_COTTON_d6;10700;ASH_COATED_OSMIUM;9952;15;9948;23;;;9999;17;10002;20;;;9975.5;0.0
av_COTTON_d6;10700;INTARIAN_PEPPER_ROOT;10111;14;10107;19;;;10117;17;10120;19;;;10114.0;0.0
av_COTTON_d6;10800;ASH_COATED_OSMIUM;9974;18;9970;22;;;9980;10;9983;17;;;9977.0;0.0
av_COTTON_d6;10800;INTARIAN_PEPPER_ROOT;10097;21;10093;19;;;10132;10;10134;20;;;10114.5;0.0
av_COTTON_d6;10900;ASH_COATED_OSMIUM;9973;12;9969;18;;;9979;5;9982;27;;;9976.0;0.0
av_COTTON_d6;10900;INTARIAN_PEPPER_ROOT;10111;9;10108;26;;;10117;10;10121;18;;;10114.0;0.0
av_COTTON_d6;11000;ASH_COATED_OSMIUM;9973;6;9971;18;;;9979;8;9982;25;;;9976.0;0.0
av_COTTON_d6;11000;INTARIAN_PEPPER_ROOT;10111;6;10107;26;;;10117;10;10121;11;;;10114.0;0.0
av_COTTON_d6;11100;ASH_COATED_OSMIUM;9972;18;9970;17;;;9980;20;9983;19;;;9976.0;0.0
av_COTTON_d6;11100;INTARIAN_PEPPER_ROOT;10105;12;10103;26;;;10123;25;10125;31;;;10114.0;0.0
av_COTTON_d6;11200;ASH_COATED_OSMIUM;9973;14;9969;14;;;9981;18;9983;15;;;9977.0;0.0
av_COTTON_d6;11200;INTARIAN_PEPPER_ROOT;10111;10;10107;25;;;10117;24;10121;20;;;10114.0;0.0
av_COTTON_d6;11300;ASH_COATED_OSMIUM;9973;18;9969;20;;;9979;12;9982;25;;;9976.0;0.0
av_COTTON_d6;11300;INTARIAN_PEPPER_ROOT;10107;10;10103;20;;;10119;19;10121;19;;;10113.0;0.0
av_COTTON_d6;11400;ASH_COATED_OSMIUM;9970;7;9967;29;;;9982;20;9985;19;;;9976.0;0.0
av_COTTON_d6;11400;INTARIAN_PEPPER_ROOT;10111;5;10107;18;;;10117;24;10120;24;;;10114.0;0.0
av_COTTON_d6;11500;ASH_COATED_OSMIUM;9973;17;9969;15;;;9979;11;9982;12;;;9976.0;0.0
av_COTTON_d6;11500;INTARIAN_PEPPER_ROOT;10110;17;10107;24;;;10116;20;10120;27;;;10113.0;0.0
av_COTTON_d6;11600;ASH_COATED_OSMIUM;9972;7;9969;26;;;9980;17;9982;22;;;9976.0;0.0
av_COTTON_d6;11600;INTARIAN_PEPPER_ROOT;10106;13;10102;15;;;10120;5;10124;24;;;10113.0;0.0
av_COTTON_d6;11700;ASH_COATED_OSMIUM;9973;16;9971;17;;;9981;19;9983;29;;;9977.0;0.0
av_COTTON_d6;11700;INTARIAN_PEPPER_ROOT;10111;21;10109;18;;;10117;18;10121;13;;;10114.0;0.0
av_COTTON_d6;11800;ASH_COATED_OSMIUM;9974;12;9972;10;;;9980;16;9983;17;;;9977.0;0.0
av_COTTON_d6;11800;INTARIAN_PEPPER_ROOT;10107;12;10104;23;;;10120;20;10124;15;;;10113.5;0.0
av_COTTON_d6;11900;ASH_COATED_OSMIUM;9973;18;9970;24;;;9979;16;9981;20;;;9976.0;0.0
av_COTTON_d6;11900;INTARIAN_PEPPER_ROOT;10105;16;10101;18;;;10120;9;10122;8;;;10112.5;0.0
av_COTTON_d6;12000;ASH_COATED_OSMIUM;9972;14;9968;18;;;9980;12;9982;22;;;9976.0;0.0
av_COTTON_d6;12000;INTARIAN_PEPPER_ROOT;10104;7;10102;18;;;10120;14;10124;13;;;10112.0;0.0
av_COTTON_d6;12100;ASH_COATED_OSMIUM;9973;8;9970;26;;;9979;16;9981;27;;;9976.0;0.0
av_COTTON_d6;12100;INTARIAN_PEPPER_ROOT;10110;13;10106;25;;;10116;20;10119;26;;;10113.0;0.0
av_COTTON_d6;12200;ASH_COATED_OSMIUM;9970;16;9967;17;;;9984;8;9986;24;;;9977.0;0.0
av_COTTON_d6;12200;INTARIAN_PEPPER_ROOT;10109;19;10106;18;;;10115;13;10118;8;;;10112.0;0.0
av_COTTON_d6;12300;ASH_COATED_OSMIUM;9973;10;9970;14;;;9979;9;9982;14;;;9976.0;0.0
av_COTTON_d6;12300;INTARIAN_PEPPER_ROOT;10109;13;10107;10;;;10115;20;10117;18;;;10112.0;0.0
av_COTTON_d6;12400;ASH_COATED_OSMIUM;9971;16;9969;16;;;9982;23;9984;19;;;9976.5;0.0
av_COTTON_d6;12400;INTARIAN_PEPPER_ROOT;10110;5;10108;17;;;10116;11;10120;17;;;10113.0;0.0
av_COTTON_d6;12500;ASH_COATED_OSMIUM;9972;11;9968;23;;;9980;12;9983;25;;;9976.0;0.0
av_COTTON_d6;12500;INTARIAN_PEPPER_ROOT;10106;18;10102;22;;;10117;12;10119;16;;;10111.5;0.0
av_COTTON_d6;12600;ASH_COATED_OSMIUM;9971;17;9968;15;;;9982;14;9986;18;;;9976.5;0.0
av_COTTON_d6;12600;INTARIAN_PEPPER_ROOT;10109;14;10106;25;;;10115;16;10119;20;;;10112.0;0.0
av_COTTON_d6;12700;ASH_COATED_OSMIUM;9974;12;9970;24;;;9980;7;9983;26;;;9977.0;0.0
av_COTTON_d6;12700;INTARIAN_PEPPER_ROOT;10109;9;10105;28;;;10115;11;10119;23;;;10112.0;0.0
av_COTTON_d6;12800;ASH_COATED_OSMIUM;9974;14;9971;28;;;9980;15;9982;25;;;9977.0;0.0
av_COTTON_d6;12800;INTARIAN_PEPPER_ROOT;10107;17;10105;18;;;10116;14;10120;27;;;10111.5;0.0
av_COTTON_d6;12900;ASH_COATED_OSMIUM;9973;17;9971;16;;;9979;17;9983;27;;;9976.0;0.0
av_COTTON_d6;12900;INTARIAN_PEPPER_ROOT;10107;10;10105;15;;;10117;24;10120;13;;;10112.0;0.0
av_COTTON_d6;13000;ASH_COATED_OSMIUM;9974;14;9970;13;;;9980;15;9984;26;;;9977.0;0.0
av_COTTON_d6;13000;INTARIAN_PEPPER_ROOT;10108;19;10105;24;;;10114;19;10118;19;;;10111.0;0.0
av_COTTON_d6;13100;ASH_COATED_OSMIUM;9974;12;9972;8;;;9980;23;9983;26;;;9977.0;0.0
av_COTTON_d6;13100;INTARIAN_PEPPER_ROOT;10108;13;10105;12;;;10114;22;10116;22;;;10111.0;0.0
av_COTTON_d6;13200;ASH_COATED_OSMIUM;9972;5;9969;17;;;9980;18;9984;19;;;9976.0;0.0
av_COTTON_d6;13200;INTARIAN_PEPPER_ROOT;10108;13;10106;21;;;10114;5;10116;25;;;10111.0;0.0
av_COTTON_d6;13300;ASH_COATED_OSMIUM;9968;14;9965;25;;;9986;20;9990;26;;;9977.0;0.0
av_COTTON_d6;13300;INTARIAN_PEPPER_ROOT;10103;18;10100;33;;;10119;14;10122;19;;;10111.0;0.0
av_COTTON_d6;13400;ASH_COATED_OSMIUM;9974;21;9970;20;;;9980;8;9984;18;;;9977.0;0.0
av_COTTON_d6;13400;INTARIAN_PEPPER_ROOT;10108;6;10105;15;;;10114;13;10116;22;;;10111.0;0.0
av_COTTON_d6;13500;ASH_COATED_OSMIUM;9971;11;9968;14;;;9983;14;9987;20;;;9977.0;0.0
av_COTTON_d6;13500;INTARIAN_PEPPER_ROOT;10106;13;10102;21;;;10117;19;10120;23;;;10111.5;0.0
av_COTTON_d6;13600;ASH_COATED_OSMIUM;9973;12;9970;21;;;9979;18;9981;24;;;9976.0;0.0
av_COTTON_d6;13600;INTARIAN_PEPPER_ROOT;10106;9;10104;16;;;10116;13;10120;25;;;10111.0;0.0
av_COTTON_d6;13700;ASH_COATED_OSMIUM;9972;21;9970;26;;;9982;19;9984;21;;;9977.0;0.0
av_COTTON_d6;13700;INTARIAN_PEPPER_ROOT;10108;18;10106;22;;;10114;22;10117;9;;;10111.0;0.0
av_COTTON_d6;13800;ASH_COATED_OSMIUM;9973;12;9970;14;;;9979;19;9982;22;;;9976.0;0.0
av_COTTON_d6;13800;INTARIAN_PEPPER_ROOT;10102;19;10100;16;;;10119;13;10122;12;;;10110.5;0.0
av_COTTON_d6;13900;ASH_COATED_OSMIUM;9974;12;9972;12;;;9980;16;9982;12;;;9977.0;0.0
av_COTTON_d6;13900;INTARIAN_PEPPER_ROOT;10102;9;10100;20;;;10118;19;10121;24;;;10110.0;0.0
av_COTTON_d6;14000;ASH_COATED_OSMIUM;9973;11;9971;26;;;9979;12;9983;13;;;9976.0;0.0
av_COTTON_d6;14000;INTARIAN_PEPPER_ROOT;10103;11;10099;15;;;10118;22;10120;24;;;10110.5;0.0
av_COTTON_d6;14100;ASH_COATED_OSMIUM;9973;18;9969;19;;;9979;11;9983;21;;;9976.0;0.0
av_COTTON_d6;14100;INTARIAN_PEPPER_ROOT;10107;21;10105;22;;;10114;9;10118;22;;;10110.5;0.0
av_COTTON_d6;14200;ASH_COATED_OSMIUM;9974;17;9972;19;;;9980;16;9982;10;;;9977.0;0.0
av_COTTON_d6;14200;INTARIAN_PEPPER_ROOT;10102;12;10099;19;;;10120;12;10123;23;;;10111.0;0.0
av_COTTON_d6;14300;ASH_COATED_OSMIUM;9974;20;9970;16;;;9980;13;9984;17;;;9977.0;0.0
av_COTTON_d6;14300;INTARIAN_PEPPER_ROOT;10107;5;10105;28;;;10113;11;10117;20;;;10110.0;0.0
av_COTTON_d6;14400;ASH_COATED_OSMIUM;9974;14;9971;21;;;9980;18;9983;21;;;9977.0;0.0
av_COTTON_d6;14400;INTARIAN_PEPPER_ROOT;10098;23;10095;17;;;10122;18;10126;15;;;10110.0;0.0
av_COTTON_d6;14500;ASH_COATED_OSMIUM;9962;8;9959;25;;;9991;18;9995;24;;;9976.5;0.0
av_COTTON_d6;14500;INTARIAN_PEPPER_ROOT;10103;13;10101;22;;;10117;5;10120;13;;;10110.0;0.0
av_COTTON_d6;14600;ASH_COATED_OSMIUM;9965;5;9962;23;;;9988;14;9992;17;;;9976.5;0.0
av_COTTON_d6;14600;INTARIAN_PEPPER_ROOT;10107;10;10103;18;;;10113;20;10117;19;;;10110.0;0.0
av_COTTON_d6;14700;ASH_COATED_OSMIUM;9973;20;9970;25;;;9979;8;9983;17;;;9976.0;0.0
av_COTTON_d6;14700;INTARIAN_PEPPER_ROOT;10106;19;10103;11;;;10112;9;10116;29;;;10109.0;0.0
av_COTTON_d6;14800;ASH_COATED_OSMIUM;9973;11;9970;20;;;9979;16;9982;28;;;9976.0;0.0
av_COTTON_d6;14800;INTARIAN_PEPPER_ROOT;10106;18;10103;17;;;10112;19;10114;18;;;10109.0;0.0
av_COTTON_d6;14900;ASH_COATED_OSMIUM;9973;9;9970;19;;;9981;12;9984;17;;;9977.0;0.0
av_COTTON_d6;14900;INTARIAN_PEPPER_ROOT;10087;7;10085;19;;;10132;13;10135;14;;;10109.5;0.0
av_COTTON_d6;15000;ASH_COATED_OSMIUM;9974;12;9971;21;;;9980;11;9983;16;;;9977.0;0.0
av_COTTON_d6;15000;INTARIAN_PEPPER_ROOT;10104;11;10102;21;;;10114;7;10117;18;;;10109.0;0.0
av_COTTON_d6;15100;ASH_COATED_OSMIUM;9971;20;9968;8;;;9981;15;9983;16;;;9976.0;0.0
av_COTTON_d6;15100;INTARIAN_PEPPER_ROOT;10106;15;10103;20;;;10112;11;10116;18;;;10109.0;0.0
av_COTTON_d6;15200;ASH_COATED_OSMIUM;9974;9;9970;9;;;9980;5;9982;10;;;9977.0;0.0
av_COTTON_d6;15200;INTARIAN_PEPPER_ROOT;10106;18;10104;12;;;10112;13;10116;20;;;10109.0;0.0
av_COTTON_d6;15300;ASH_COATED_OSMIUM;9974;11;9971;20;;;9980;27;9984;26;;;9977.0;0.0
av_COTTON_d6;15300;INTARIAN_PEPPER_ROOT;10106;10;10104;20;;;10112;15;10114;19;;;10109.0;0.0
av_COTTON_d6;15400;ASH_COATED_OSMIUM;9974;20;9970;19;;;9980;20;9984;16;;;9977.0;0.0
av_COTTON_d6;15400;INTARIAN_PEPPER_ROOT;10101;24;10099;16;;;10117;8;10120;14;;;10109.0;0.0
av_COTTON_d6;15500;ASH_COATED_OSMIUM;9974;15;9971;26;;;9980;20;9982;20;;;9977.0;0.0
av_COTTON_d6;15500;INTARIAN_PEPPER_ROOT;10106;28;10104;20;;;10112;6;10116;20;;;10109.0;0.0
av_COTTON_d6;15600;ASH_COATED_OSMIUM;9973;13;9969;23;;;9979;15;9982;15;;;9976.0;0.0
av_COTTON_d6;15600;INTARIAN_PEPPER_ROOT;10102;13;10098;23;;;10116;20;10120;26;;;10109.0;0.0
av_COTTON_d6;15700;ASH_COATED_OSMIUM;9970;10;9968;24;;;9982;15;9985;24;;;9976.0;0.0
av_COTTON_d6;15700;INTARIAN_PEPPER_ROOT;10100;6;10096;23;;;10118;14;10122;11;;;10109.0;0.0
av_COTTON_d6;15800;ASH_COATED_OSMIUM;9973;9;9971;23;;;9979;13;9981;27;;;9976.0;0.0
av_COTTON_d6;15800;INTARIAN_PEPPER_ROOT;10105;20;10102;21;;;10111;5;10113;18;;;10108.0;0.0
av_COTTON_d6;15900;ASH_COATED_OSMIUM;9973;7;9970;11;;;9979;13;9982;26;;;9976.0;0.0
av_COTTON_d6;15900;INTARIAN_PEPPER_ROOT;10105;23;10103;20;;;10111;16;10114;17;;;10108.0;0.0
av_COTTON_d6;16000;ASH_COATED_OSMIUM;9974;19;9971;22;;;9980;18;9983;19;;;9977.0;0.0
av_COTTON_d6;16000;INTARIAN_PEPPER_ROOT;10100;5;10097;16;;;10116;20;10119;20;;;10108.0;0.0
av_COTTON_d6;16100;ASH_COATED_OSMIUM;9973;16;9971;20;;;9979;27;9983;25;;;9976.0;0.0
av_COTTON_d6;16100;INTARIAN_PEPPER_ROOT;10098;9;10096;19;;;10118;18;10121;34;;;10108.0;0.0
av_COTTON_d6;16200;ASH_COATED_OSMIUM;9973;7;9970;21;;;9979;13;9983;20;;;9976.0;0.0
av_COTTON_d6;16200;INTARIAN_PEPPER_ROOT;10104;13;10100;25;;;10112;17;10116;18;;;10108.0;0.0
av_COTTON_d6;16300;ASH_COATED_OSMIUM;9964;16;9961;29;;;9990;17;9994;21;;;9977.0;0.0
av_COTTON_d6;16300;INTARIAN_PEPPER_ROOT;10105;24;10103;13;;;10111;6;10114;14;;;10108.0;0.0
av_COTTON_d6;16400;ASH_COATED_OSMIUM;9971;17;9968;13;;;9982;24;9986;14;;;9976.5;0.0
av_COTTON_d6;16400;INTARIAN_PEPPER_ROOT;10104;19;10101;17;;;10110;8;10112;26;;;10107.0;0.0
av_COTTON_d6;16500;ASH_COATED_OSMIUM;9974;22;9972;17;;;9980;27;9982;20;;;9977.0;0.0
av_COTTON_d6;16500;INTARIAN_PEPPER_ROOT;10105;15;10103;16;;;10111;10;10115;13;;;10108.0;0.0
av_COTTON_d6;16600;ASH_COATED_OSMIUM;9973;14;9971;31;;;9980;16;9984;24;;;9976.5;0.0
av_COTTON_d6;16600;INTARIAN_PEPPER_ROOT;10101;9;10098;21;;;10112;15;10115;29;;;10106.5;0.0
av_COTTON_d6;16700;ASH_COATED_OSMIUM;9974;17;9972;21;;;9980;14;9984;16;;;9977.0;0.0
av_COTTON_d6;16700;INTARIAN_PEPPER_ROOT;10105;14;10102;20;;;10111;15;10114;11;;;10108.0;0.0
av_COTTON_d6;16800;ASH_COATED_OSMIUM;9973;18;9970;20;;;9979;7;9981;21;;;9976.0;0.0
av_COTTON_d6;16800;INTARIAN_PEPPER_ROOT;10104;13;10102;14;;;10110;14;10113;26;;;10107.0;0.0
av_COTTON_d6;16900;ASH_COATED_OSMIUM;9965;17;9963;19;;;9988;16;9990;26;;;9976.5;0.0
av_COTTON_d6;16900;INTARIAN_PEPPER_ROOT;10100;15;10098;13;;;10113;13;10116;20;;;10106.5;0.0
av_COTTON_d6;17000;ASH_COATED_OSMIUM;9973;9;9971;26;;;9981;16;9984;20;;;9977.0;0.0
av_COTTON_d6;17000;INTARIAN_PEPPER_ROOT;10104;8;10102;24;;;10110;6;10112;23;;;10107.0;0.0
av_COTTON_d6;17100;ASH_COATED_OSMIUM;9974;21;9970;24;;;9980;16;9983;18;;;9977.0;0.0
av_COTTON_d6;17100;INTARIAN_PEPPER_ROOT;10104;13;10102;17;;;10110;12;10112;18;;;10107.0;0.0
av_COTTON_d6;17200;ASH_COATED_OSMIUM;9971;15;9969;8;;;9984;20;9987;31;;;9977.5;0.0
av_COTTON_d6;17200;INTARIAN_PEPPER_ROOT;10104;5;10100;27;;;10110;5;10113;16;;;10107.0;0.0
av_COTTON_d6;17300;ASH_COATED_OSMIUM;9973;15;9969;19;;;9981;11;9983;21;;;9977.0;0.0
av_COTTON_d6;17300;INTARIAN_PEPPER_ROOT;10104;13;10101;15;;;10110;9;10112;19;;;10107.0;0.0
av_COTTON_d6;17400;ASH_COATED_OSMIUM;9974;21;9971;23;;;9980;7;9983;19;;;9977.0;0.0
av_COTTON_d6;17400;INTARIAN_PEPPER_ROOT;10103;12;10101;14;;;10111;15;10113;20;;;10107.0;0.0
av_COTTON_d6;17500;ASH_COATED_OSMIUM;9972;8;9969;26;;;9983;20;9987;21;;;9977.5;0.0
av_COTTON_d6;17500;INTARIAN_PEPPER_ROOT;10104;12;10101;16;;;10110;15;10114;14;;;10107.0;0.0
av_COTTON_d6;17600;ASH_COATED_OSMIUM;9971;18;9969;21;;;9983;20;9987;17;;;9977.0;0.0
av_COTTON_d6;17600;INTARIAN_PEPPER_ROOT;10105;14;10103;15;;;10111;12;10113;25;;;10108.0;0.0
av_COTTON_d6;17700;ASH_COATED_OSMIUM;9974;20;9972;18;;;9980;20;9984;17;;;9977.0;0.0
av_COTTON_d6;17700;INTARIAN_PEPPER_ROOT;10104;23;10102;21;;;10110;22;10113;20;;;10107.0;0.0
av_COTTON_d6;17800;ASH_COATED_OSMIUM;9975;11;9973;29;;;9981;18;9983;20;;;9978.0;0.0
av_COTTON_d6;17800;INTARIAN_PEPPER_ROOT;10103;11;10099;18;;;10112;21;10115;25;;;10107.5;0.0
av_COTTON_d6;17900;ASH_COATED_OSMIUM;9974;11;9972;17;;;9981;10;9984;28;;;9977.5;0.0
av_COTTON_d6;17900;INTARIAN_PEPPER_ROOT;10105;21;10102;20;;;10111;21;10115;23;;;10108.0;0.0
av_COTTON_d6;18000;ASH_COATED_OSMIUM;9975;17;9971;22;;;9981;17;9984;14;;;9978.0;0.0
av_COTTON_d6;18000;INTARIAN_PEPPER_ROOT;10096;13;10093;24;;;10120;9;10123;27;;;10108.0;0.0
av_COTTON_d6;18100;ASH_COATED_OSMIUM;9975;6;9972;24;;;9981;20;9983;24;;;9978.0;0.0
av_COTTON_d6;18100;INTARIAN_PEPPER_ROOT;10105;18;10103;20;;;10111;12;10114;15;;;10108.0;0.0
av_COTTON_d6;18200;ASH_COATED_OSMIUM;9975;15;9973;27;;;9981;9;9984;18;;;9978.0;0.0
av_COTTON_d6;18200;INTARIAN_PEPPER_ROOT;10104;10;10102;20;;;10110;14;10114;14;;;10107.0;0.0
av_COTTON_d6;18300;ASH_COATED_OSMIUM;9968;15;9964;13;;;9989;12;9991;20;;;9978.5;0.0
av_COTTON_d6;18300;INTARIAN_PEPPER_ROOT;10104;11;10102;17;;;10110;16;10112;21;;;10107.0;0.0
av_COTTON_d6;18400;ASH_COATED_OSMIUM;9975;9;9973;15;;;9981;17;9984;17;;;9978.0;0.0
av_COTTON_d6;18400;INTARIAN_PEPPER_ROOT;10105;9;10103;22;;;10111;21;10114;18;;;10108.0;0.0
av_COTTON_d6;18500;ASH_COATED_OSMIUM;9971;17;9968;13;;;9986;16;9989;17;;;9978.5;0.0
av_COTTON_d6;18500;INTARIAN_PEPPER_ROOT;10102;11;10099;25;;;10113;19;10115;21;;;10107.5;0.0
av_COTTON_d6;18600;ASH_COATED_OSMIUM;9970;17;9966;9;;;9986;14;9990;17;;;9978.0;0.0
av_COTTON_d6;18600;INTARIAN_PEPPER_ROOT;10105;12;10102;23;;;10111;12;10114;16;;;10108.0;0.0
av_COTTON_d6;18700;ASH_COATED_OSMIUM;9971;9;9967;24;;;9988;20;9991;13;;;9979.5;0.0
av_COTTON_d6;18700;INTARIAN_PEPPER_ROOT;10096;7;10093;26;;;10120;17;10123;20;;;10108.0;0.0
av_COTTON_d6;18800;ASH_COATED_OSMIUM;9976;16;9972;14;;;9982;12;9984;23;;;9979.0;0.0
av_COTTON_d6;18800;INTARIAN_PEPPER_ROOT;10105;22;10102;23;;;10111;17;10113;18;;;10108.0;0.0
av_COTTON_d6;18900;ASH_COATED_OSMIUM;9976;11;9972;33;;;9982;26;9985;21;;;9979.0;0.0
av_COTTON_d6;18900;INTARIAN_PEPPER_ROOT;10104;14;10101;16;;;10111;11;10113;25;;;10107.5;0.0
av_COTTON_d6;19000;ASH_COATED_OSMIUM;9977;13;9974;19;;;9983;12;9987;21;;;9980.0;0.0
av_COTTON_d6;19000;INTARIAN_PEPPER_ROOT;10095;12;10091;15;;;10121;11;10125;20;;;10108.0;0.0
av_COTTON_d6;19100;ASH_COATED_OSMIUM;9977;17;9973;25;;;9983;7;9985;24;;;9980.0;0.0
av_COTTON_d6;19100;INTARIAN_PEPPER_ROOT;10105;7;10101;17;;;10111;16;10114;30;;;10108.0;0.0
av_COTTON_d6;19200;ASH_COATED_OSMIUM;9974;19;9971;14;;;9986;20;9989;28;;;9980.0;0.0
av_COTTON_d6;19200;INTARIAN_PEPPER_ROOT;10105;22;10102;10;;;10111;14;10114;19;;;10108.0;0.0
av_COTTON_d6;19300;ASH_COATED_OSMIUM;9972;13;9970;17;;;9988;10;9991;17;;;9980.0;0.0
av_COTTON_d6;19300;INTARIAN_PEPPER_ROOT;10105;13;10103;25;;;10111;21;10113;11;;;10108.0;0.0
av_COTTON_d6;19400;ASH_COATED_OSMIUM;9977;5;9973;23;;;9983;14;9985;19;;;9980.0;0.0
av_COTTON_d6;19400;INTARIAN_PEPPER_ROOT;10100;15;10098;28;;;10116;5;10119;18;;;10108.0;0.0
av_COTTON_d6;19500;ASH_COATED_OSMIUM;9977;16;9973;31;;;9983;22;9985;12;;;9980.0;0.0
av_COTTON_d6;19500;INTARIAN_PEPPER_ROOT;10105;16;10101;16;;;10111;19;10115;16;;;10108.0;0.0
av_COTTON_d6;19600;ASH_COATED_OSMIUM;9977;16;9975;21;;;9983;11;9987;13;;;9980.0;0.0
av_COTTON_d6;19600;INTARIAN_PEPPER_ROOT;10106;12;10102;20;;;10112;5;10116;21;;;10109.0;0.0
av_COTTON_d6;19700;ASH_COATED_OSMIUM;9977;23;9973;21;;;9983;15;9986;19;;;9980.0;0.0
av_COTTON_d6;19700;INTARIAN_PEPPER_ROOT;10101;23;10098;22;;;10116;15;10119;23;;;10108.5;0.0
av_COTTON_d6;19800;ASH_COATED_OSMIUM;9977;9;9975;28;;;9983;16;9986;17;;;9980.0;0.0
av_COTTON_d6;19800;INTARIAN_PEPPER_ROOT;10105;16;10101;18;;;10111;20;10114;20;;;10108.0;0.0
av_COTTON_d6;19900;ASH_COATED_OSMIUM;9976;9;9973;25;;;9986;19;9988;21;;;9981.0;0.0
av_COTTON_d6;19900;INTARIAN_PEPPER_ROOT;10106;17;10103;26;;;10112;9;10114;23;;;10109.0;0.0
av_COTTON_d6;20000;ASH_COATED_OSMIUM;9977;10;9973;20;;;9983;18;9986;13;;;9980.0;0.0
av_COTTON_d6;20000;INTARIAN_PEPPER_ROOT;10104;21;10102;20;;;10112;9;10114;23;;;10108.0;0.0
av_COTTON_d6;20100;ASH_COATED_OSMIUM;9964;20;9961;12;;;9997;22;10001;25;;;9980.5;0.0
av_COTTON_d6;20100;INTARIAN_PEPPER_ROOT;10105;17;10103;8;;;10111;10;10113;19;;;10108.0;0.0
av_COTTON_d6;20200;ASH_COATED_OSMIUM;9978;21;9975;24;;;9984;22;9987;21;;;9981.0;0.0
av_COTTON_d6;20200;INTARIAN_PEPPER_ROOT;10106;13;10104;16;;;10112;16;10114;17;;;10109.0;0.0
av_COTTON_d6;20300;ASH_COATED_OSMIUM;9978;10;9975;21;;;9984;14;9986;27;;;9981.0;0.0
av_COTTON_d6;20300;INTARIAN_PEPPER_ROOT;10106;8;10104;19;;;10112;19;10116;35;;;10109.0;0.0
av_COTTON_d6;20400;ASH_COATED_OSMIUM;9978;9;9976;18;;;9984;7;9986;27;;;9981.0;0.0
av_COTTON_d6;20400;INTARIAN_PEPPER_ROOT;10102;13;10099;26;;;10116;22;10120;18;;;10109.0;0.0
av_COTTON_d6;20500;ASH_COATED_OSMIUM;9979;19;9977;21;;;9985;12;9989;17;;;9982.0;0.0
av_COTTON_d6;20500;INTARIAN_PEPPER_ROOT;10103;14;10101;22;;;10115;20;10119;29;;;10109.0;0.0
av_COTTON_d6;20600;ASH_COATED_OSMIUM;9979;16;9975;17;;;9985;13;9989;29;;;9982.0;0.0
av_COTTON_d6;20600;INTARIAN_PEPPER_ROOT;10106;17;10102;17;;;10113;19;10116;15;;;10109.5;0.0
av_COTTON_d6;20700;ASH_COATED_OSMIUM;9976;14;9973;25;;;9988;19;9990;18;;;9982.0;0.0
av_COTTON_d6;20700;INTARIAN_PEPPER_ROOT;10105;5;10102;16;;;10112;10;10114;9;;;10108.5;0.0
av_COTTON_d6;20800;ASH_COATED_OSMIUM;9972;24;9970;20;;;9992;13;9996;18;;;9982.0;0.0
av_COTTON_d6;20800;INTARIAN_PEPPER_ROOT;10101;11;10097;28;;;10118;20;10120;21;;;10109.5;0.0
av_COTTON_d6;20900;ASH_COATED_OSMIUM;9979;22;9975;21;;;9985;5;9987;14;;;9982.0;0.0
av_COTTON_d6;20900;INTARIAN_PEPPER_ROOT;10106;13;10102;21;;;10112;11;10116;16;;;10109.0;0.0
av_COTTON_d6;21000;ASH_COATED_OSMIUM;9979;16;9975;13;;;9985;16;9988;31;;;9982.0;0.0
av_COTTON_d6;21000;INTARIAN_PEPPER_ROOT;10106;17;10102;15;;;10112;20;10116;20;;;10109.0;0.0
av_COTTON_d6;21100;ASH_COATED_OSMIUM;9978;9;9974;32;;;9987;18;9990;10;;;9982.5;0.0
av_COTTON_d6;21100;INTARIAN_PEPPER_ROOT;10105;16;10102;16;;;10112;19;10115;18;;;10108.5;0.0
av_COTTON_d6;21200;ASH_COATED_OSMIUM;9968;15;9965;18;;;9997;14;10000;24;;;9982.5;0.0
av_COTTON_d6;21200;INTARIAN_PEPPER_ROOT;10106;12;10102;16;;;10112;18;10115;14;;;10109.0;0.0
av_COTTON_d6;21300;ASH_COATED_OSMIUM;9975;12;9971;17;;;9990;13;9992;18;;;9982.5;0.0
av_COTTON_d6;21300;INTARIAN_PEPPER_ROOT;10106;23;10104;16;;;10112;8;10115;19;;;10109.0;0.0
av_COTTON_d6;21400;ASH_COATED_OSMIUM;9979;25;9977;18;;;9985;11;9987;27;;;9982.0;0.0
av_COTTON_d6;21400;INTARIAN_PEPPER_ROOT;10102;8;10099;10;;;10117;8;10119;20;;;10109.5;0.0
av_COTTON_d6;21500;ASH_COATED_OSMIUM;9979;14;9976;20;;;9985;21;9987;24;;;9982.0;0.0
av_COTTON_d6;21500;INTARIAN_PEPPER_ROOT;10107;9;10103;19;;;10113;16;10117;29;;;10110.0;0.0
av_COTTON_d6;21600;ASH_COATED_OSMIUM;9980;9;9977;16;;;9986;10;9990;21;;;9983.0;0.0
av_COTTON_d6;21600;INTARIAN_PEPPER_ROOT;10102;21;10100;11;;;10115;11;10117;20;;;10108.5;0.0
av_COTTON_d6;21700;ASH_COATED_OSMIUM;9979;15;9977;14;;;9988;16;9991;18;;;9983.5;0.0
av_COTTON_d6;21700;INTARIAN_PEPPER_ROOT;10102;7;10098;21;;;10116;14;10120;24;;;10109.0;0.0
av_COTTON_d6;21800;ASH_COATED_OSMIUM;9980;13;9978;17;;;9986;17;9990;25;;;9983.0;0.0
av_COTTON_d6;21800;INTARIAN_PEPPER_ROOT;10106;11;10102;21;;;10112;19;10116;26;;;10109.0;0.0
av_COTTON_d6;21900;ASH_COATED_OSMIUM;9980;15;9978;19;;;9986;19;9990;23;;;9983.0;0.0
av_COTTON_d6;21900;INTARIAN_PEPPER_ROOT;10105;18;10103;18;;;10114;16;10116;17;;;10109.5;0.0
av_COTTON_d6;22000;ASH_COATED_OSMIUM;9976;11;9973;23;;;9989;19;9991;21;;;9982.5;0.0
av_COTTON_d6;22000;INTARIAN_PEPPER_ROOT;10095;16;10092;19;;;10125;15;10129;23;;;10110.0;0.0
av_COTTON_d6;22100;ASH_COATED_OSMIUM;9980;16;9976;23;;;9986;14;9988;14;;;9983.0;0.0
av_COTTON_d6;22100;INTARIAN_PEPPER_ROOT;10106;21;10103;24;;;10112;15;10114;22;;;10109.0;0.0
av_COTTON_d6;22200;ASH_COATED_OSMIUM;9981;16;9979;21;;;9987;18;9989;19;;;9984.0;0.0
av_COTTON_d6;22200;INTARIAN_PEPPER_ROOT;10104;28;10101;17;;;10114;15;10118;21;;;10109.0;0.0
av_COTTON_d6;22300;ASH_COATED_OSMIUM;9978;16;9974;23;;;9989;23;9993;19;;;9983.5;0.0
av_COTTON_d6;22300;INTARIAN_PEPPER_ROOT;10107;17;10105;24;;;10113;18;10117;19;;;10110.0;0.0
av_COTTON_d6;22400;ASH_COATED_OSMIUM;9975;22;9972;30;;;9992;11;9995;19;;;9983.5;0.0
av_COTTON_d6;22400;INTARIAN_PEPPER_ROOT;10107;14;10104;26;;;10113;5;10116;21;;;10110.0;0.0
av_COTTON_d6;22500;ASH_COATED_OSMIUM;9979;18;9977;25;;;9988;6;9990;22;;;9983.5;0.0
av_COTTON_d6;22500;INTARIAN_PEPPER_ROOT;10107;9;10104;21;;;10113;7;10115;17;;;10110.0;0.0
av_COTTON_d6;22600;ASH_COATED_OSMIUM;9981;15;9977;23;;;9987;17;9991;16;;;9984.0;0.0
av_COTTON_d6;22600;INTARIAN_PEPPER_ROOT;10107;23;10105;23;;;10113;6;10115;19;;;10110.0;0.0
av_COTTON_d6;22700;ASH_COATED_OSMIUM;9982;14;9980;22;;;9988;14;9992;17;;;9985.0;0.0
av_COTTON_d6;22700;INTARIAN_PEPPER_ROOT;10107;14;10105;23;;;10113;19;10115;24;;;10110.0;0.0
av_COTTON_d6;22800;ASH_COATED_OSMIUM;9981;21;9977;23;;;9987;19;9989;21;;;9984.0;0.0
av_COTTON_d6;22800;INTARIAN_PEPPER_ROOT;10097;16;10094;22;;;10123;17;10125;29;;;10110.0;0.0
av_COTTON_d6;22900;ASH_COATED_OSMIUM;9982;11;9979;16;;;9988;9;9991;19;;;9985.0;0.0
av_COTTON_d6;22900;INTARIAN_PEPPER_ROOT;10107;6;10104;20;;;10113;19;10116;20;;;10110.0;0.0
av_COTTON_d6;23000;ASH_COATED_OSMIUM;9982;20;9980;20;;;9988;7;9990;27;;;9985.0;0.0
av_COTTON_d6;23000;INTARIAN_PEPPER_ROOT;10107;16;10103;17;;;10113;11;10116;28;;;10110.0;0.0
av_COTTON_d6;23100;ASH_COATED_OSMIUM;9982;12;9980;8;;;9988;18;9991;12;;;9985.0;0.0
av_COTTON_d6;23100;INTARIAN_PEPPER_ROOT;10107;11;10105;28;;;10113;19;10117;16;;;10110.0;0.0
av_COTTON_d6;23200;ASH_COATED_OSMIUM;9981;18;9977;20;;;9989;18;9992;18;;;9985.0;0.0
av_COTTON_d6;23200;INTARIAN_PEPPER_ROOT;10103;9;10101;20;;;10117;12;10121;8;;;10110.0;0.0
av_COTTON_d6;23300;ASH_COATED_OSMIUM;9973;5;9969;22;;;9997;23;10000;16;;;9985.0;0.0
av_COTTON_d6;23300;INTARIAN_PEPPER_ROOT;10107;10;10104;17;;;10113;17;10115;19;;;10110.0;0.0
av_COTTON_d6;23400;ASH_COATED_OSMIUM;9983;13;9979;13;;;9989;16;9992;19;;;9986.0;0.0
av_COTTON_d6;23400;INTARIAN_PEPPER_ROOT;10107;18;10103;22;;;10113;9;10116;24;;;10110.0;0.0
av_COTTON_d6;23500;ASH_COATED_OSMIUM;9982;10;9980;19;;;9988;9;9990;23;;;9985.0;0.0
av_COTTON_d6;23500;INTARIAN_PEPPER_ROOT;10107;7;10104;18;;;10113;13;10115;24;;;10110.0;0.0
av_COTTON_d6;23600;ASH_COATED_OSMIUM;9982;20;9978;18;;;9988;20;9992;20;;;9985.0;0.0
av_COTTON_d6;23600;INTARIAN_PEPPER_ROOT;10107;5;10103;26;;;10113;24;10115;15;;;10110.0;0.0
av_COTTON_d6;23700;ASH_COATED_OSMIUM;9981;16;9979;13;;;9990;22;9992;20;;;9985.5;0.0
av_COTTON_d6;23700;INTARIAN_PEPPER_ROOT;10105;14;10101;16;;;10116;11;10118;17;;;10110.5;0.0
av_COTTON_d6;23800;ASH_COATED_OSMIUM;9980;17;9977;19;;;9990;16;9994;19;;;9985.0;0.0
av_COTTON_d6;23800;INTARIAN_PEPPER_ROOT;10105;16;10103;18;;;10116;23;10119;18;;;10110.5;0.0
av_COTTON_d6;23900;ASH_COATED_OSMIUM;9983;20;9979;19;;;9989;16;9991;20;;;9986.0;0.0
av_COTTON_d6;23900;INTARIAN_PEPPER_ROOT;10108;21;10104;20;;;10114;11;10116;17;;;10111.0;0.0
av_COTTON_d6;24000;ASH_COATED_OSMIUM;9973;15;9970;24;;;10000;19;10003;18;;;9986.5;0.0
av_COTTON_d6;24000;INTARIAN_PEPPER_ROOT;10102;18;10099;23;;;10120;18;10124;22;;;10111.0;0.0
av_COTTON_d6;24100;ASH_COATED_OSMIUM;9973;19;9970;23;;;9998;12;10002;19;;;9985.5;0.0
av_COTTON_d6;24100;INTARIAN_PEPPER_ROOT;10108;19;10106;20;;;10114;22;10116;27;;;10111.0;0.0
av_COTTON_d6;24200;ASH_COATED_OSMIUM;9983;21;9981;20;;;9989;16;9991;16;;;9986.0;0.0
av_COTTON_d6;24200;INTARIAN_PEPPER_ROOT;10108;17;10104;22;;;10114;8;10117;20;;;10111.0;0.0
av_COTTON_d6;24300;ASH_COATED_OSMIUM;9983;18;9981;20;;;9989;15;9993;23;;;9986.0;0.0
av_COTTON_d6;24300;INTARIAN_PEPPER_ROOT;10107;15;10103;21;;;10113;19;10115;21;;;10110.0;0.0
av_COTTON_d6;24400;ASH_COATED_OSMIUM;9983;17;9980;18;;;9989;19;9992;20;;;9986.0;0.0
av_COTTON_d6;24400;INTARIAN_PEPPER_ROOT;10106;15;10104;24;;;10115;17;10117;12;;;10110.5;0.0
av_COTTON_d6;24500;ASH_COATED_OSMIUM;9983;10;9979;22;;;9989;18;9992;14;;;9986.0;0.0
av_COTTON_d6;24500;INTARIAN_PEPPER_ROOT;10108;17;10106;27;;;10114;5;10116;11;;;10111.0;0.0
av_COTTON_d6;24600;ASH_COATED_OSMIUM;9984;24;9980;19;;;9990;11;9993;21;;;9987.0;0.0
av_COTTON_d6;24600;INTARIAN_PEPPER_ROOT;10108;12;10104;16;;;10114;11;10118;22;;;10111.0;0.0
av_COTTON_d6;24700;ASH_COATED_OSMIUM;9983;14;9979;24;;;9989;14;9992;20;;;9986.0;0.0
av_COTTON_d6;24700;INTARIAN_PEPPER_ROOT;10108;15;10106;19;;;10114;20;10116;24;;;10111.0;0.0
av_COTTON_d6;24800;ASH_COATED_OSMIUM;9984;13;9982;21;;;9990;11;9994;26;;;9987.0;0.0
av_COTTON_d6;24800;INTARIAN_PEPPER_ROOT;10108;15;10104;11;;;10114;19;10116;13;;;10111.0;0.0
av_COTTON_d6;24900;ASH_COATED_OSMIUM;9984;16;9981;20;;;9990;13;9993;11;;;9987.0;0.0
av_COTTON_d6;24900;INTARIAN_PEPPER_ROOT;10108;7;10104;23;;;10114;22;10116;15;;;10111.0;0.0
av_COTTON_d6;25000;ASH_COATED_OSMIUM;9978;9;9974;19;;;9996;10;9999;20;;;9987.0;0.0
av_COTTON_d6;25000;INTARIAN_PEPPER_ROOT;10091;14;10088;19;;;10131;13;10134;28;;;10111.0;0.0
av_COTTON_d6;25100;ASH_COATED_OSMIUM;9972;20;9969;21;;;10003;14;10007;14;;;9987.5;0.0
av_COTTON_d6;25100;INTARIAN_PEPPER_ROOT;10109;19;10105;24;;;10115;14;10117;21;;;10112.0;0.0
av_COTTON_d6;25200;ASH_COATED_OSMIUM;9984;13;9981;13;;;9990;22;9992;27;;;9987.0;0.0
av_COTTON_d6;25200;INTARIAN_PEPPER_ROOT;10102;11;10100;15;;;10120;14;10122;22;;;10111.0;0.0
av_COTTON_d6;25300;ASH_COATED_OSMIUM;9983;8;9981;20;;;9991;17;9993;19;;;9987.0;0.0
av_COTTON_d6;25300;INTARIAN_PEPPER_ROOT;10105;21;10101;14;;;10119;12;10123;23;;;10112.0;0.0
av_COTTON_d6;25400;ASH_COATED_OSMIUM;9985;21;9983;25;;;9991;18;9994;18;;;9988.0;0.0
av_COTTON_d6;25400;INTARIAN_PEPPER_ROOT;10108;18;10106;17;;;10114;19;10117;31;;;10111.0;0.0
av_COTTON_d6;25500;ASH_COATED_OSMIUM;9985;9;9982;23;;;9991;14;9995;9;;;9988.0;0.0
av_COTTON_d6;25500;INTARIAN_PEPPER_ROOT;10101;9;10099;22;;;10121;16;10123;11;;;10111.0;0.0
av_COTTON_d6;25600;ASH_COATED_OSMIUM;9979;20;9976;28;;;9998;20;10000;19;;;9988.5;0.0
av_COTTON_d6;25600;INTARIAN_PEPPER_ROOT;10108;11;10106;20;;;10115;10;10118;25;;;10111.5;0.0
av_COTTON_d6;25700;ASH_COATED_OSMIUM;9985;7;9983;17;;;9991;16;9995;25;;;9988.0;0.0
av_COTTON_d6;25700;INTARIAN_PEPPER_ROOT;10105;14;10102;20;;;10118;24;10121;18;;;10111.5;0.0
av_COTTON_d6;25800;ASH_COATED_OSMIUM;9980;9;9978;24;;;9997;11;10001;16;;;9988.5;0.0
av_COTTON_d6;25800;INTARIAN_PEPPER_ROOT;10108;14;10104;21;;;10114;7;10118;21;;;10111.0;0.0
av_COTTON_d6;25900;ASH_COATED_OSMIUM;9985;14;9982;24;;;9991;13;9993;15;;;9988.0;0.0
av_COTTON_d6;25900;INTARIAN_PEPPER_ROOT;10104;16;10101;8;;;10118;12;10120;18;;;10111.0;0.0
av_COTTON_d6;26000;ASH_COATED_OSMIUM;9985;10;9982;34;;;9991;16;9994;20;;;9988.0;0.0
av_COTTON_d6;26000;INTARIAN_PEPPER_ROOT;10105;17;10101;10;;;10119;7;10123;24;;;10112.0;0.0
av_COTTON_d6;26100;ASH_COATED_OSMIUM;9986;20;9982;17;;;9992;15;9996;25;;;9989.0;0.0
av_COTTON_d6;26100;INTARIAN_PEPPER_ROOT;10108;15;10106;23;;;10115;5;10118;11;;;10111.5;0.0
av_COTTON_d6;26200;ASH_COATED_OSMIUM;9986;12;9983;23;;;9992;23;9995;15;;;9989.0;0.0
av_COTTON_d6;26200;INTARIAN_PEPPER_ROOT;10108;16;10106;8;;;10114;17;10116;18;;;10111.0;0.0
av_COTTON_d6;26300;ASH_COATED_OSMIUM;9979;18;9976;17;;;9997;12;10001;21;;;9988.0;0.0
av_COTTON_d6;26300;INTARIAN_PEPPER_ROOT;10106;18;10104;19;;;10118;19;10121;22;;;10112.0;0.0
av_COTTON_d6;26400;ASH_COATED_OSMIUM;9976;11;9972;18;;;10002;13;10005;19;;;9989.0;0.0
av_COTTON_d6;26400;INTARIAN_PEPPER_ROOT;10109;13;10107;12;;;10115;17;10119;22;;;10112.0;0.0
av_COTTON_d6;26500;ASH_COATED_OSMIUM;9986;22;9982;14;;;9992;12;9996;17;;;9989.0;0.0
av_COTTON_d6;26500;INTARIAN_PEPPER_ROOT;10109;13;10105;20;;;10115;5;10119;10;;;10112.0;0.0
av_COTTON_d6;26600;ASH_COATED_OSMIUM;9979;25;9975;20;;;10000;10;10004;17;;;9989.5;0.0
av_COTTON_d6;26600;INTARIAN_PEPPER_ROOT;10109;16;10107;19;;;10117;20;10119;22;;;10113.0;0.0
av_COTTON_d6;26700;ASH_COATED_OSMIUM;9985;14;9982;13;;;9993;18;9995;25;;;9989.0;0.0
av_COTTON_d6;26700;INTARIAN_PEPPER_ROOT;10109;22;10106;15;;;10115;20;10117;12;;;10112.0;0.0
av_COTTON_d6;26800;ASH_COATED_OSMIUM;9986;13;9984;15;;;9992;15;9996;16;;;9989.0;0.0
av_COTTON_d6;26800;INTARIAN_PEPPER_ROOT;10103;22;10101;12;;;10121;11;10123;17;;;10112.0;0.0
av_COTTON_d6;26900;ASH_COATED_OSMIUM;9986;18;9984;20;;;9992;17;9995;19;;;9989.0;0.0
av_COTTON_d6;26900;INTARIAN_PEPPER_ROOT;10105;6;10102;25;;;10119;19;10121;17;;;10112.0;0.0
av_COTTON_d6;27000;ASH_COATED_OSMIUM;9986;15;9984;23;;;9992;20;9996;18;;;9989.0;0.0
av_COTTON_d6;27000;INTARIAN_PEPPER_ROOT;10105;18;10101;19;;;10119;15;10121;21;;;10112.0;0.0
av_COTTON_d6;27100;ASH_COATED_OSMIUM;9986;14;9984;20;;;9993;15;9995;26;;;9989.5;0.0
av_COTTON_d6;27100;INTARIAN_PEPPER_ROOT;10106;12;10104;15;;;10119;18;10121;19;;;10112.5;0.0
av_COTTON_d6;27200;ASH_COATED_OSMIUM;9985;11;9981;19;;;9996;19;10000;22;;;9990.5;0.0
av_COTTON_d6;27200;INTARIAN_PEPPER_ROOT;10109;20;10106;16;;;10115;15;10119;12;;;10112.0;0.0
av_COTTON_d6;27300;ASH_COATED_OSMIUM;9988;20;9986;23;;;9994;8;9997;16;;;9991.0;0.0
av_COTTON_d6;27300;INTARIAN_PEPPER_ROOT;10106;12;10104;20;;;10119;16;10121;13;;;10112.5;0.0
av_COTTON_d6;27400;ASH_COATED_OSMIUM;9987;17;9984;26;;;9993;5;9996;21;;;9990.0;0.0
av_COTTON_d6;27400;INTARIAN_PEPPER_ROOT;10109;20;10107;8;;;10115;20;10117;21;;;10112.0;0.0
av_COTTON_d6;27500;ASH_COATED_OSMIUM;9987;7;9983;12;;;9994;17;9996;20;;;9990.5;0.0
av_COTTON_d6;27500;INTARIAN_PEPPER_ROOT;10110;17;10108;21;;;10116;21;10119;10;;;10113.0;0.0
av_COTTON_d6;27600;ASH_COATED_OSMIUM;9984;15;9982;21;;;9996;16;10000;24;;;9990.0;0.0
av_COTTON_d6;27600;INTARIAN_PEPPER_ROOT;10102;22;10100;12;;;10122;13;10124;19;;;10112.0;0.0
av_COTTON_d6;27700;ASH_COATED_OSMIUM;9986;12;9984;29;;;9994;19;9998;17;;;9990.0;0.0
av_COTTON_d6;27700;INTARIAN_PEPPER_ROOT;10110;19;10108;24;;;10116;15;10119;26;;;10113.0;0.0
av_COTTON_d6;27800;ASH_COATED_OSMIUM;9988;22;9985;24;;;9995;6;9997;22;;;9991.5;0.0
av_COTTON_d6;27800;INTARIAN_PEPPER_ROOT;10109;5;10105;20;;;10115;16;10119;15;;;10112.0;0.0
av_COTTON_d6;27900;ASH_COATED_OSMIUM;9988;21;9984;23;;;9994;7;9996;14;;;9991.0;0.0
av_COTTON_d6;27900;INTARIAN_PEPPER_ROOT;10109;12;10106;12;;;10118;9;10122;25;;;10113.5;0.0
av_COTTON_d6;28000;ASH_COATED_OSMIUM;9988;12;9984;16;;;9994;5;9998;18;;;9991.0;0.0
av_COTTON_d6;28000;INTARIAN_PEPPER_ROOT;10109;11;10106;18;;;10117;22;10119;21;;;10113.0;0.0
av_COTTON_d6;28100;ASH_COATED_OSMIUM;9988;12;9986;20;;;9994;13;9998;17;;;9991.0;0.0
av_COTTON_d6;28100;INTARIAN_PEPPER_ROOT;10109;22;10106;15;;;10118;9;10121;19;;;10113.5;0.0
av_COTTON_d6;28200;ASH_COATED_OSMIUM;9987;13;9984;15;;;9995;14;9998;27;;;9991.0;0.0
av_COTTON_d6;28200;INTARIAN_PEPPER_ROOT;10110;18;10107;26;;;10116;9;10120;34;;;10113.0;0.0
av_COTTON_d6;28300;ASH_COATED_OSMIUM;9989;16;9986;20;;;9995;9;9998;20;;;9992.0;0.0
av_COTTON_d6;28300;INTARIAN_PEPPER_ROOT;10103;21;10099;21;;;10123;18;10125;16;;;10113.0;0.0
av_COTTON_d6;28400;ASH_COATED_OSMIUM;9988;14;9984;19;;;9994;9;9997;25;;;9991.0;0.0
av_COTTON_d6;28400;INTARIAN_PEPPER_ROOT;10110;10;10108;10;;;10117;17;10121;17;;;10113.5;0.0
av_COTTON_d6;28500;ASH_COATED_OSMIUM;9986;17;9983;26;;;9996;15;9998;28;;;9991.0;0.0
av_COTTON_d6;28500;INTARIAN_PEPPER_ROOT;10110;7;10106;18;;;10116;20;10119;24;;;10113.0;0.0
av_COTTON_d6;28600;ASH_COATED_OSMIUM;9986;13;9984;23;;;9998;11;10002;15;;;9992.0;0.0
av_COTTON_d6;28600;INTARIAN_PEPPER_ROOT;10107;5;10104;15;;;10120;14;10122;19;;;10113.5;0.0
av_COTTON_d6;28700;ASH_COATED_OSMIUM;9981;16;9978;16;;;10003;18;10006;21;;;9992.0;0.0
av_COTTON_d6;28700;INTARIAN_PEPPER_ROOT;10110;7;10106;27;;;10116;21;10119;25;;;10113.0;0.0
av_COTTON_d6;28800;ASH_COATED_OSMIUM;9989;9;9985;18;;;9995;15;9997;34;;;9992.0;0.0
av_COTTON_d6;28800;INTARIAN_PEPPER_ROOT;10094;20;10092;18;;;10132;18;10134;13;;;10113.0;0.0
av_COTTON_d6;28900;ASH_COATED_OSMIUM;9990;15;9986;23;;;9996;18;9998;16;;;9993.0;0.0
av_COTTON_d6;28900;INTARIAN_PEPPER_ROOT;10110;17;10106;30;;;10116;19;10120;20;;;10113.0;0.0
av_COTTON_d6;29000;ASH_COATED_OSMIUM;9985;13;9981;24;;;9998;17;10002;21;;;9991.5;0.0
av_COTTON_d6;29000;INTARIAN_PEPPER_ROOT;10110;13;10107;17;;;10116;19;10119;19;;;10113.0;0.0
av_COTTON_d6;29100;ASH_COATED_OSMIUM;9990;22;9986;22;;;9996;10;10000;16;;;9993.0;0.0
av_COTTON_d6;29100;INTARIAN_PEPPER_ROOT;10110;5;10107;20;;;10117;10;10120;14;;;10113.5;0.0
av_COTTON_d6;29200;ASH_COATED_OSMIUM;9987;16;9984;17;;;9998;17;10000;22;;;9992.5;0.0
av_COTTON_d6;29200;INTARIAN_PEPPER_ROOT;10108;20;10105;20;;;10120;13;10124;17;;;10114.0;0.0
av_COTTON_d6;29300;ASH_COATED_OSMIUM;9989;15;9987;21;;;9995;24;9997;25;;;9992.0;0.0
av_COTTON_d6;29300;INTARIAN_PEPPER_ROOT;10109;11;10105;20;;;10117;14;10119;16;;;10113.0;0.0
av_COTTON_d6;29400;ASH_COATED_OSMIUM;9985;20;9983;20;;;10002;5;10004;20;;;9993.5;0.0
av_COTTON_d6;29400;INTARIAN_PEPPER_ROOT;10110;8;10106;17;;;10116;14;10119;10;;;10113.0;0.0
av_COTTON_d6;29500;ASH_COATED_OSMIUM;9989;11;9985;18;;;9997;27;10001;24;;;9993.0;0.0
av_COTTON_d6;29500;INTARIAN_PEPPER_ROOT;10096;18;10092;16;;;10131;16;10135;24;;;10113.5;0.0
av_COTTON_d6;29600;ASH_COATED_OSMIUM;9988;11;9986;27;;;9998;10;10001;18;;;9993.0;0.0
av_COTTON_d6;29600;INTARIAN_PEPPER_ROOT;10100;19;10097;15;;;10126;9;10130;25;;;10113.0;0.0
av_COTTON_d6;29700;ASH_COATED_OSMIUM;9984;20;9980;17;;;10002;20;10004;22;;;9993.0;0.0
av_COTTON_d6;29700;INTARIAN_PEPPER_ROOT;10103;19;10101;22;;;10125;5;10127;12;;;10114.0;0.0
av_COTTON_d6;29800;ASH_COATED_OSMIUM;9988;5;9986;18;;;9998;20;10002;15;;;9993.0;0.0
av_COTTON_d6;29800;INTARIAN_PEPPER_ROOT;10111;12;10107;24;;;10117;22;10120;16;;;10114.0;0.0
av_COTTON_d6;29900;ASH_COATED_OSMIUM;9991;15;9987;15;;;9997;15;9999;20;;;9994.0;0.0
av_COTTON_d6;29900;INTARIAN_PEPPER_ROOT;10111;11;10108;25;;;10117;14;10121;21;;;10114.0;0.0
av_COTTON_d6;30000;ASH_COATED_OSMIUM;9991;17;9989;26;;;9997;9;10001;18;;;9994.0;0.0
av_COTTON_d6;30000;INTARIAN_PEPPER_ROOT;10111;9;10109;15;;;10117;21;10120;11;;;10114.0;0.0
av_COTTON_d6;30100;ASH_COATED_OSMIUM;9991;20;9988;13;;;9997;12;10001;28;;;9994.0;0.0
av_COTTON_d6;30100;INTARIAN_PEPPER_ROOT;10111;12;10109;35;;;10118;9;10121;17;;;10114.5;0.0
av_COTTON_d6;30200;ASH_COATED_OSMIUM;9986;24;9984;17;;;10002;11;10004;27;;;9994.0;0.0
av_COTTON_d6;30200;INTARIAN_PEPPER_ROOT;10108;5;10105;18;;;10120;16;10123;16;;;10114.0;0.0
av_COTTON_d6;30300;ASH_COATED_OSMIUM;9991;13;9987;31;;;9997;18;10001;19;;;9994.0;0.0
av_COTTON_d6;30300;INTARIAN_PEPPER_ROOT;10110;16;10107;19;;;10117;5;10121;20;;;10113.5;0.0
av_COTTON_d6;30400;ASH_COATED_OSMIUM;9991;13;9987;30;;;9997;14;10001;10;;;9994.0;0.0
av_COTTON_d6;30400;INTARIAN_PEPPER_ROOT;10104;13;10101;15;;;10124;5;10128;22;;;10114.0;0.0
av_COTTON_d6;30500;ASH_COATED_OSMIUM;9990;16;9986;21;;;9999;20;10002;17;;;9994.5;0.0
av_COTTON_d6;30500;INTARIAN_PEPPER_ROOT;10111;13;10108;22;;;10117;24;10120;14;;;10114.0;0.0
av_COTTON_d6;30600;ASH_COATED_OSMIUM;9992;5;9988;23;;;9998;11;10001;8;;;9995.0;0.0
av_COTTON_d6;30600;INTARIAN_PEPPER_ROOT;10104;15;10101;19;;;10123;18;10127;22;;;10113.5;0.0
av_COTTON_d6;30700;ASH_COATED_OSMIUM;9992;11;9988;15;;;9998;13;10001;29;;;9995.0;0.0
av_COTTON_d6;30700;INTARIAN_PEPPER_ROOT;10111;15;10109;18;;;10118;19;10122;10;;;10114.5;0.0
av_COTTON_d6;30800;ASH_COATED_OSMIUM;9991;9;9989;25;;;10000;16;10004;25;;;9995.5;0.0
av_COTTON_d6;30800;INTARIAN_PEPPER_ROOT;10111;11;10108;15;;;10117;12;10119;21;;;10114.0;0.0
av_COTTON_d6;30900;ASH_COATED_OSMIUM;9990;15;9988;17;;;10000;18;10003;25;;;9995.0;0.0
av_COTTON_d6;30900;INTARIAN_PEPPER_ROOT;10111;13;10109;23;;;10117;9;10119;13;;;10114.0;0.0
av_COTTON_d6;31000;ASH_COATED_OSMIUM;9992;15;9990;22;;;9998;12;10002;16;;;9995.0;0.0
av_COTTON_d6;31000;INTARIAN_PEPPER_ROOT;10111;14;10109;18;;;10117;19;10121;19;;;10114.0;0.0
av_COTTON_d6;31100;ASH_COATED_OSMIUM;9993;12;9989;23;;;9999;21;10003;17;;;9996.0;0.0
av_COTTON_d6;31100;INTARIAN_PEPPER_ROOT;10104;18;10101;8;;;10123;9;10127;21;;;10113.5;0.0
av_COTTON_d6;31200;ASH_COATED_OSMIUM;9985;19;9981;17;;;10005;7;10008;14;;;9995.0;0.0
av_COTTON_d6;31200;INTARIAN_PEPPER_ROOT;10112;14;10109;16;;;10118;13;10122;8;;;10115.0;0.0
av_COTTON_d6;31300;ASH_COATED_OSMIUM;9992;18;9990;20;;;9998;15;10002;21;;;9995.0;0.0
av_COTTON_d6;31300;INTARIAN_PEPPER_ROOT;10111;5;10108;22;;;10117;19;10119;19;;;10114.0;0.0
av_COTTON_d6;31400;ASH_COATED_OSMIUM;9992;8;9988;16;;;9998;15;10002;22;;;9995.0;0.0
av_COTTON_d6;31400;INTARIAN_PEPPER_ROOT;10112;18;10109;14;;;10118;13;10120;15;;;10115.0;0.0
av_COTTON_d6;31500;ASH_COATED_OSMIUM;9993;8;9991;22;;;9999;15;10002;16;;;9996.0;0.0
av_COTTON_d6;31500;INTARIAN_PEPPER_ROOT;10112;9;10109;17;;;10118;22;10122;19;;;10115.0;0.0
av_COTTON_d6;31600;ASH_COATED_OSMIUM;9993;11;9989;12;;;9999;15;10003;20;;;9996.0;0.0
av_COTTON_d6;31600;INTARIAN_PEPPER_ROOT;10111;16;10109;27;;;10117;21;10121;29;;;10114.0;0.0
av_COTTON_d6;31700;ASH_COATED_OSMIUM;9980;10;9976;12;;;10011;12;10014;21;;;9995.5;0.0
av_COTTON_d6;31700;INTARIAN_PEPPER_ROOT;10112;9;10109;29;;;10118;15;10122;22;;;10115.0;0.0
av_COTTON_d6;31800;ASH_COATED_OSMIUM;9993;15;9989;22;;;9999;16;10001;15;;;9996.0;0.0
av_COTTON_d6;31800;INTARIAN_PEPPER_ROOT;10111;15;10109;21;;;10117;19;10120;19;;;10114.0;0.0
av_COTTON_d6;31900;ASH_COATED_OSMIUM;9993;18;9990;24;;;9999;15;10001;22;;;9996.0;0.0
av_COTTON_d6;31900;INTARIAN_PEPPER_ROOT;10112;13;10108;16;;;10119;21;10123;22;;;10115.5;0.0
av_COTTON_d6;32000;ASH_COATED_OSMIUM;9993;16;9991;21;;;9999;14;10002;23;;;9996.0;0.0
av_COTTON_d6;32000;INTARIAN_PEPPER_ROOT;10111;16;10107;9;;;10118;15;10121;13;;;10114.5;0.0
av_COTTON_d6;32100;ASH_COATED_OSMIUM;9993;13;9991;23;;;9999;18;10002;24;;;9996.0;0.0
av_COTTON_d6;32100;INTARIAN_PEPPER_ROOT;10112;13;10108;17;;;10118;8;10120;16;;;10115.0;0.0
av_COTTON_d6;32200;ASH_COATED_OSMIUM;9994;18;9991;12;;;10000;21;10002;25;;;9997.0;0.0
av_COTTON_d6;32200;INTARIAN_PEPPER_ROOT;10112;21;10108;21;;;10118;14;10122;13;;;10115.0;0.0
av_COTTON_d6;32300;ASH_COATED_OSMIUM;9990;13;9986;17;;;10003;18;10005;22;;;9996.5;0.0
av_COTTON_d6;32300;INTARIAN_PEPPER_ROOT;10110;7;10108;20;;;10121;19;10125;25;;;10115.5;0.0
av_COTTON_d6;32400;ASH_COATED_OSMIUM;9989;8;9987;17;;;10004;16;10007;11;;;9996.5;0.0
av_COTTON_d6;32400;INTARIAN_PEPPER_ROOT;10112;8;10109;24;;;10118;13;10121;18;;;10115.0;0.0
av_COTTON_d6;32500;ASH_COATED_OSMIUM;9979;19;9975;22;;;10014;12;10018;16;;;9996.5;0.0
av_COTTON_d6;32500;INTARIAN_PEPPER_ROOT;10112;22;10108;17;;;10118;6;10122;14;;;10115.0;0.0
av_COTTON_d6;32600;ASH_COATED_OSMIUM;9994;5;9990;22;;;10000;16;10004;17;;;9997.0;0.0
av_COTTON_d6;32600;INTARIAN_PEPPER_ROOT;10112;12;10108;8;;;10118;17;10120;26;;;10115.0;0.0
av_COTTON_d6;32700;ASH_COATED_OSMIUM;9989;13;9987;19;;;10006;15;10009;17;;;9997.5;0.0
av_COTTON_d6;32700;INTARIAN_PEPPER_ROOT;10112;22;10110;23;;;10118;19;10121;21;;;10115.0;0.0
av_COTTON_d6;32800;ASH_COATED_OSMIUM;9995;19;9993;23;;;10001;5;10005;29;;;9998.0;0.0
av_COTTON_d6;32800;INTARIAN_PEPPER_ROOT;10112;20;10109;24;;;10118;12;10121;13;;;10115.0;0.0
av_COTTON_d6;32900;ASH_COATED_OSMIUM;9993;23;9989;21;;;10001;17;10005;12;;;9997.0;0.0
av_COTTON_d6;32900;INTARIAN_PEPPER_ROOT;10112;11;10108;21;;;10118;22;10122;21;;;10115.0;0.0
av_COTTON_d6;33000;ASH_COATED_OSMIUM;9995;23;9991;17;;;10001;18;10005;15;;;9998.0;0.0
av_COTTON_d6;33000;INTARIAN_PEPPER_ROOT;10112;23;10110;19;;;10118;11;10120;28;;;10115.0;0.0
av_COTTON_d6;33100;ASH_COATED_OSMIUM;9995;12;9992;19;;;10001;5;10003;20;;;9998.0;0.0
av_COTTON_d6;33100;INTARIAN_PEPPER_ROOT;10113;19;10110;22;;;10119;19;10121;17;;;10116.0;0.0
av_COTTON_d6;33200;ASH_COATED_OSMIUM;9995;12;9991;16;;;10001;10;10003;18;;;9998.0;0.0
av_COTTON_d6;33200;INTARIAN_PEPPER_ROOT;10112;10;10110;17;;;10118;10;10121;17;;;10115.0;0.0
av_COTTON_d6;33300;ASH_COATED_OSMIUM;9994;15;9990;16;;;10002;9;10004;18;;;9998.0;0.0
av_COTTON_d6;33300;INTARIAN_PEPPER_ROOT;10113;18;10110;24;;;10119;18;10122;24;;;10116.0;0.0
av_COTTON_d6;33400;ASH_COATED_OSMIUM;9994;15;9991;11;;;10002;11;10004;17;;;9998.0;0.0
av_COTTON_d6;33400;INTARIAN_PEPPER_ROOT;10110;12;10108;26;;;10122;12;10126;20;;;10116.0;0.0
av_COTTON_d6;33500;ASH_COATED_OSMIUM;9994;18;9991;8;;;10001;16;10004;17;;;9997.5;0.0
av_COTTON_d6;33500;INTARIAN_PEPPER_ROOT;10112;15;10110;22;;;10118;14;10121;19;;;10115.0;0.0
av_COTTON_d6;33600;ASH_COATED_OSMIUM;9995;5;9991;20;;;10001;13;10003;22;;;9998.0;0.0
av_COTTON_d6;33600;INTARIAN_PEPPER_ROOT;10113;8;10111;22;;;10119;12;10121;8;;;10116.0;0.0
av_COTTON_d6;33700;ASH_COATED_OSMIUM;9995;13;9991;23;;;10001;12;10004;22;;;9998.0;0.0
av_COTTON_d6;33700;INTARIAN_PEPPER_ROOT;10113;11;10110;20;;;10119;23;10122;27;;;10116.0;0.0
av_COTTON_d6;33800;ASH_COATED_OSMIUM;9994;15;9990;17;;;10003;13;10006;20;;;9998.5;0.0
av_COTTON_d6;33800;INTARIAN_PEPPER_ROOT;10112;19;10110;13;;;10118;8;10122;18;;;10115.0;0.0
av_COTTON_d6;33900;ASH_COATED_OSMIUM;9994;25;9991;21;;;10004;10;10008;16;;;9999.0;0.0
av_COTTON_d6;33900;INTARIAN_PEPPER_ROOT;10102;9;10098;22;;;10130;22;10133;14;;;10116.0;0.0
av_COTTON_d6;34000;ASH_COATED_OSMIUM;9996;26;9994;17;;;10002;19;10006;26;;;9999.0;0.0
av_COTTON_d6;34000;INTARIAN_PEPPER_ROOT;10113;15;10110;19;;;10119;10;10123;13;;;10116.0;0.0
av_COTTON_d6;34100;ASH_COATED_OSMIUM;9994;15;9991;22;;;10005;5;10007;21;;;9999.5;0.0
av_COTTON_d6;34100;INTARIAN_PEPPER_ROOT;10113;19;10109;25;;;10119;17;10123;28;;;10116.0;0.0
av_COTTON_d6;34200;ASH_COATED_OSMIUM;9996;11;9993;18;;;10002;10;10005;19;;;9999.0;0.0
av_COTTON_d6;34200;INTARIAN_PEPPER_ROOT;10112;16;10110;12;;;10118;9;10120;21;;;10115.0;0.0
av_COTTON_d6;34300;ASH_COATED_OSMIUM;9989;14;9985;14;;;10010;12;10013;24;;;9999.5;0.0
av_COTTON_d6;34300;INTARIAN_PEPPER_ROOT;10112;11;10109;19;;;10118;18;10121;28;;;10115.0;0.0
av_COTTON_d6;34400;ASH_COATED_OSMIUM;9995;9;9993;25;;;10006;14;10009;19;;;10000.5;0.0
av_COTTON_d6;34400;INTARIAN_PEPPER_ROOT;10112;6;10109;14;;;10118;15;10121;8;;;10115.0;0.0
av_COTTON_d6;34500;ASH_COATED_OSMIUM;9998;26;9996;18;;;10004;17;10008;20;;;10001.0;0.0
av_COTTON_d6;34500;INTARIAN_PEPPER_ROOT;10110;12;10107;15;;;10120;14;10122;24;;;10115.0;0.0
av_COTTON_d6;34600;ASH_COATED_OSMIUM;9997;9;9993;24;;;10003;13;10007;15;;;10000.0;0.0
av_COTTON_d6;34600;INTARIAN_PEPPER_ROOT;10112;7;10109;11;;;10118;25;10120;20;;;10115.0;0.0
av_COTTON_d6;34700;ASH_COATED_OSMIUM;9997;8;9993;25;;;10003;14;10006;21;;;10000.0;0.0
av_COTTON_d6;34700;INTARIAN_PEPPER_ROOT;10112;25;10109;28;;;10118;10;10122;22;;;10115.0;0.0
av_COTTON_d6;34800;ASH_COATED_OSMIUM;9998;14;9995;15;;;10004;16;10006;19;;;10001.0;0.0
av_COTTON_d6;34800;INTARIAN_PEPPER_ROOT;10111;11;10108;20;;;10117;23;10121;17;;;10114.0;0.0
av_COTTON_d6;34900;ASH_COATED_OSMIUM;9998;20;9994;18;;;10004;17;10007;16;;;10001.0;0.0
av_COTTON_d6;34900;INTARIAN_PEPPER_ROOT;10111;23;10109;31;;;10117;5;10121;15;;;10114.0;0.0
av_COTTON_d6;35000;ASH_COATED_OSMIUM;9991;14;9989;19;;;10012;19;10015;11;;;10001.5;0.0
av_COTTON_d6;35000;INTARIAN_PEPPER_ROOT;10112;16;10110;18;;;10118;25;10122;14;;;10115.0;0.0
av_COTTON_d6;35100;ASH_COATED_OSMIUM;9993;13;9991;25;;;10010;15;10014;18;;;10001.5;0.0
av_COTTON_d6;35100;INTARIAN_PEPPER_ROOT;10111;12;10109;20;;;10117;14;10121;18;;;10114.0;0.0
av_COTTON_d6;35200;ASH_COATED_OSMIUM;9999;9;9995;18;;;10005;19;10007;28;;;10002.0;0.0
av_COTTON_d6;35200;INTARIAN_PEPPER_ROOT;10111;13;10107;16;;;10117;17;10119;27;;;10114.0;0.0
av_COTTON_d6;35300;ASH_COATED_OSMIUM;9994;20;9992;17;;;10009;12;10012;12;;;10001.5;0.0
av_COTTON_d6;35300;INTARIAN_PEPPER_ROOT;10110;19;10107;12;;;10117;14;10120;15;;;10113.5;0.0
av_COTTON_d6;35400;ASH_COATED_OSMIUM;9995;11;9992;15;;;10009;8;10013;26;;;10002.0;0.0
av_COTTON_d6;35400;INTARIAN_PEPPER_ROOT;10111;13;10108;26;;;10117;10;10121;17;;;10114.0;0.0
av_COTTON_d6;35500;ASH_COATED_OSMIUM;9999;22;9995;27;;;10005;23;10007;13;;;10002.0;0.0
av_COTTON_d6;35500;INTARIAN_PEPPER_ROOT;10111;18;10108;14;;;10117;13;10120;23;;;10114.0;0.0
av_COTTON_d6;35600;ASH_COATED_OSMIUM;9998;21;9996;15;;;10006;10;10008;22;;;10002.0;0.0
av_COTTON_d6;35600;INTARIAN_PEPPER_ROOT;10111;20;10108;18;;;10117;23;10121;26;;;10114.0;0.0
av_COTTON_d6;35700;ASH_COATED_OSMIUM;10000;15;9998;10;;;10006;25;10009;25;;;10003.0;0.0
av_COTTON_d6;35700;INTARIAN_PEPPER_ROOT;10108;16;10105;23;;;10118;6;10121;22;;;10113.0;0.0
av_COTTON_d6;35800;ASH_COATED_OSMIUM;9997;6;9994;21;;;10009;23;10011;17;;;10003.0;0.0
av_COTTON_d6;35800;INTARIAN_PEPPER_ROOT;10111;14;10108;11;;;10117;5;10120;24;;;10114.0;0.0
av_COTTON_d6;35900;ASH_COATED_OSMIUM;9994;13;9992;15;;;10012;14;10014;14;;;10003.0;0.0
av_COTTON_d6;35900;INTARIAN_PEPPER_ROOT;10109;18;10106;19;;;10117;18;10119;18;;;10113.0;0.0
av_COTTON_d6;36000;ASH_COATED_OSMIUM;10000;22;9997;17;;;10006;15;10009;12;;;10003.0;0.0
av_COTTON_d6;36000;INTARIAN_PEPPER_ROOT;10110;13;10108;15;;;10116;17;10119;13;;;10113.0;0.0
av_COTTON_d6;36100;ASH_COATED_OSMIUM;10000;13;9996;25;;;10006;7;10008;35;;;10003.0;0.0
av_COTTON_d6;36100;INTARIAN_PEPPER_ROOT;10110;28;10108;21;;;10116;9;10119;14;;;10113.0;0.0
av_COTTON_d6;36200;ASH_COATED_OSMIUM;10001;16;9997;19;;;10007;17;10010;21;;;10004.0;0.0
av_COTTON_d6;36200;INTARIAN_PEPPER_ROOT;10109;18;10105;20;;;10118;12;10120;24;;;10113.5;0.0
av_COTTON_d6;36300;ASH_COATED_OSMIUM;10000;23;9996;20;;;10009;19;10011;20;;;10004.5;0.0
av_COTTON_d6;36300;INTARIAN_PEPPER_ROOT;10110;22;10108;23;;;10116;16;10118;27;;;10113.0;0.0
av_COTTON_d6;36400;ASH_COATED_OSMIUM;10001;10;9997;17;;;10007;20;10009;25;;;10004.0;0.0
av_COTTON_d6;36400;INTARIAN_PEPPER_ROOT;10105;23;10102;25;;;10121;14;10123;16;;;10113.0;0.0
av_COTTON_d6;36500;ASH_COATED_OSMIUM;10002;22;10000;28;;;10008;21;10012;28;;;10005.0;0.0
av_COTTON_d6;36500;INTARIAN_PEPPER_ROOT;10100;17;10097;21;;;10127;19;10129;16;;;10113.5;0.0
av_COTTON_d6;36600;ASH_COATED_OSMIUM;9989;18;9987;18;;;10020;17;10023;27;;;10004.5;0.0
av_COTTON_d6;36600;INTARIAN_PEPPER_ROOT;10107;6;10105;14;;;10118;17;10121;22;;;10112.5;0.0
av_COTTON_d6;36700;ASH_COATED_OSMIUM;9999;11;9997;12;;;10012;11;10015;8;;;10005.5;0.0
av_COTTON_d6;36700;INTARIAN_PEPPER_ROOT;10106;17;10103;23;;;10119;16;10123;25;;;10112.5;0.0
av_COTTON_d6;36800;ASH_COATED_OSMIUM;10002;20;9999;23;;;10008;24;10010;27;;;10005.0;0.0
av_COTTON_d6;36800;INTARIAN_PEPPER_ROOT;10106;8;10103;21;;;10118;8;10121;21;;;10112.0;0.0
av_COTTON_d6;36900;ASH_COATED_OSMIUM;9994;12;9992;19;;;10016;5;10018;11;;;10005.0;0.0
av_COTTON_d6;36900;INTARIAN_PEPPER_ROOT;10106;19;10102;14;;;10118;8;10122;29;;;10112.0;0.0
av_COTTON_d6;37000;ASH_COATED_OSMIUM;10003;11;10001;23;;;10009;16;10012;25;;;10006.0;0.0
av_COTTON_d6;37000;INTARIAN_PEPPER_ROOT;10109;25;10105;19;;;10116;8;10120;19;;;10112.5;0.0
av_COTTON_d6;37100;ASH_COATED_OSMIUM;10003;17;10001;15;;;10009;12;10011;18;;;10006.0;0.0
av_COTTON_d6;37100;INTARIAN_PEPPER_ROOT;10109;5;10105;24;;;10115;23;10117;17;;;10112.0;0.0
av_COTTON_d6;37200;ASH_COATED_OSMIUM;10003;14;10000;23;;;10009;17;10012;15;;;10006.0;0.0
av_COTTON_d6;37200;INTARIAN_PEPPER_ROOT;10109;6;10106;25;;;10115;16;10119;19;;;10112.0;0.0
av_COTTON_d6;37300;ASH_COATED_OSMIUM;10002;13;10000;14;;;10010;18;10013;22;;;10006.0;0.0
av_COTTON_d6;37300;INTARIAN_PEPPER_ROOT;10105;17;10101;17;;;10117;22;10121;26;;;10111.0;0.0
av_COTTON_d6;37400;ASH_COATED_OSMIUM;10004;14;10000;9;;;10010;17;10012;16;;;10007.0;0.0
av_COTTON_d6;37400;INTARIAN_PEPPER_ROOT;10093;22;10091;22;;;10129;11;10133;33;;;10111.0;0.0
av_COTTON_d6;37500;ASH_COATED_OSMIUM;10001;10;9997;17;;;10012;22;10014;23;;;10006.5;0.0
av_COTTON_d6;37500;INTARIAN_PEPPER_ROOT;10105;18;10101;21;;;10118;9;10120;14;;;10111.5;0.0
av_COTTON_d6;37600;ASH_COATED_OSMIUM;10003;16;9999;24;;;10010;9;10013;29;;;10006.5;0.0
av_COTTON_d6;37600;INTARIAN_PEPPER_ROOT;10108;14;10105;21;;;10114;7;10117;17;;;10111.0;0.0
av_COTTON_d6;37700;ASH_COATED_OSMIUM;9998;20;9994;23;;;10018;15;10020;14;;;10008.0;0.0
av_COTTON_d6;37700;INTARIAN_PEPPER_ROOT;10106;17;10104;16;;;10115;21;10119;22;;;10110.5;0.0
av_COTTON_d6;37800;ASH_COATED_OSMIUM;10004;16;10000;14;;;10010;11;10014;19;;;10007.0;0.0
av_COTTON_d6;37800;INTARIAN_PEPPER_ROOT;10108;11;10105;18;;;10114;18;10116;21;;;10111.0;0.0
av_COTTON_d6;37900;ASH_COATED_OSMIUM;10005;13;10001;14;;;10011;12;10014;20;;;10008.0;0.0
av_COTTON_d6;37900;INTARIAN_PEPPER_ROOT;10108;10;10106;22;;;10114;30;10118;18;;;10111.0;0.0
av_COTTON_d6;38000;ASH_COATED_OSMIUM;10005;22;10002;13;;;10011;18;10015;20;;;10008.0;0.0
av_COTTON_d6;38000;INTARIAN_PEPPER_ROOT;10108;18;10105;18;;;10114;17;10118;23;;;10111.0;0.0
av_COTTON_d6;38100;ASH_COATED_OSMIUM;10005;16;10002;13;;;10011;10;10014;22;;;10008.0;0.0
av_COTTON_d6;38100;INTARIAN_PEPPER_ROOT;10106;13;10103;21;;;10116;12;10120;27;;;10111.0;0.0
av_COTTON_d6;38200;ASH_COATED_OSMIUM;10006;7;10003;21;;;10012;11;10015;29;;;10009.0;0.0
av_COTTON_d6;38200;INTARIAN_PEPPER_ROOT;10108;16;10105;12;;;10114;5;10117;27;;;10111.0;0.0
av_COTTON_d6;38300;ASH_COATED_OSMIUM;10006;14;10003;18;;;10012;13;10016;19;;;10009.0;0.0
av_COTTON_d6;38300;INTARIAN_PEPPER_ROOT;10105;21;10103;25;;;10117;19;10121;20;;;10111.0;0.0
av_COTTON_d6;38400;ASH_COATED_OSMIUM;9999;14;9997;24;;;10018;6;10021;21;;;10008.5;0.0
av_COTTON_d6;38400;INTARIAN_PEPPER_ROOT;10107;15;10104;16;;;10113;9;10115;22;;;10110.0;0.0
av_COTTON_d6;38500;ASH_COATED_OSMIUM;10006;14;10003;26;;;10012;13;10016;24;;;10009.0;0.0
av_COTTON_d6;38500;INTARIAN_PEPPER_ROOT;10105;24;10103;23;;;10115;30;10119;28;;;10110.0;0.0
av_COTTON_d6;38600;ASH_COATED_OSMIUM;10006;19;10002;15;;;10013;13;10016;14;;;10009.5;0.0
av_COTTON_d6;38600;INTARIAN_PEPPER_ROOT;10107;24;10104;20;;;10113;18;10117;19;;;10110.0;0.0
av_COTTON_d6;38700;ASH_COATED_OSMIUM;10000;9;9997;14;;;10019;17;10022;10;;;10009.5;0.0
av_COTTON_d6;38700;INTARIAN_PEPPER_ROOT;10107;5;10104;17;;;10113;16;10115;20;;;10110.0;0.0
av_COTTON_d6;38800;ASH_COATED_OSMIUM;10004;12;10002;21;;;10015;16;10019;21;;;10009.5;0.0
av_COTTON_d6;38800;INTARIAN_PEPPER_ROOT;10107;18;10103;20;;;10113;15;10116;19;;;10110.0;0.0
av_COTTON_d6;38900;ASH_COATED_OSMIUM;10007;12;10005;20;;;10013;18;10017;20;;;10010.0;0.0
av_COTTON_d6;38900;INTARIAN_PEPPER_ROOT;10106;12;10104;21;;;10113;15;10117;11;;;10109.5;0.0
av_COTTON_d6;39000;ASH_COATED_OSMIUM;10007;19;10003;13;;;10013;13;10015;16;;;10010.0;0.0
av_COTTON_d6;39000;INTARIAN_PEPPER_ROOT;10105;10;10101;25;;;10114;10;10118;24;;;10109.5;0.0
av_COTTON_d6;39100;ASH_COATED_OSMIUM;10008;16;10004;21;;;10014;8;10016;15;;;10011.0;0.0
av_COTTON_d6;39100;INTARIAN_PEPPER_ROOT;10106;19;10102;17;;;10112;19;10115;25;;;10109.0;0.0
av_COTTON_d6;39200;ASH_COATED_OSMIUM;10004;20;10002;17;;;10018;9;10020;10;;;10011.0;0.0
av_COTTON_d6;39200;INTARIAN_PEPPER_ROOT;10106;17;10102;19;;;10112;10;10115;20;;;10109.0;0.0
av_COTTON_d6;39300;ASH_COATED_OSMIUM;10008;15;10004;21;;;10014;12;10018;24;;;10011.0;0.0
av_COTTON_d6;39300;INTARIAN_PEPPER_ROOT;10106;23;10104;11;;;10112;22;10116;17;;;10109.0;0.0
av_COTTON_d6;39400;ASH_COATED_OSMIUM;10003;11;10001;18;;;10020;9;10022;23;;;10011.5;0.0
av_COTTON_d6;39400;INTARIAN_PEPPER_ROOT;10106;14;10104;25;;;10112;12;10114;13;;;10109.0;0.0
av_COTTON_d6;39500;ASH_COATED_OSMIUM;10009;13;10007;19;;;10015;15;10019;21;;;10012.0;0.0
av_COTTON_d6;39500;INTARIAN_PEPPER_ROOT;10106;13;10103;11;;;10112;14;10115;11;;;10109.0;0.0
av_COTTON_d6;39600;ASH_COATED_OSMIUM;10009;14;10005;29;;;10015;16;10018;21;;;10012.0;0.0
av_COTTON_d6;39600;INTARIAN_PEPPER_ROOT;10090;18;10088;19;;;10128;18;10131;18;;;10109.0;0.0
av_COTTON_d6;39700;ASH_COATED_OSMIUM;10009;14;10007;14;;;10015;24;10018;20;;;10012.0;0.0
av_COTTON_d6;39700;INTARIAN_PEPPER_ROOT;10106;14;10104;19;;;10112;15;10115;24;;;10109.0;0.0
av_COTTON_d6;39800;ASH_COATED_OSMIUM;10009;12;10006;22;;;10015;16;10018;22;;;10012.0;0.0
av_COTTON_d6;39800;INTARIAN_PEPPER_ROOT;10105;16;10103;10;;;10111;20;10113;18;;;10108.0;0.0
av_COTTON_d6;39900;ASH_COATED_OSMIUM;10004;19;10002;16;;;10020;11;10022;16;;;10012.0;0.0
av_COTTON_d6;39900;INTARIAN_PEPPER_ROOT;10105;9;10102;9;;;10111;21;10113;17;;;10108.0;0.0
av_COTTON_d6;40000;ASH_COATED_OSMIUM;10009;18;10007;16;;;10015;23;10017;13;;;10012.0;0.0
av_COTTON_d6;40000;INTARIAN_PEPPER_ROOT;10105;12;10101;17;;;10111;18;10115;20;;;10108.0;0.0
av_COTTON_d6;40100;ASH_COATED_OSMIUM;10009;15;10007;30;;;10015;11;10018;19;;;10012.0;0.0
av_COTTON_d6;40100;INTARIAN_PEPPER_ROOT;10105;15;10103;30;;;10111;12;10113;22;;;10108.0;0.0
av_COTTON_d6;40200;ASH_COATED_OSMIUM;10010;11;10007;25;;;10016;15;10018;19;;;10013.0;0.0
av_COTTON_d6;40200;INTARIAN_PEPPER_ROOT;10105;16;10102;17;;;10111;5;10114;19;;;10108.0;0.0
av_COTTON_d6;40300;ASH_COATED_OSMIUM;10008;12;10005;22;;;10018;18;10021;27;;;10013.0;0.0
av_COTTON_d6;40300;INTARIAN_PEPPER_ROOT;10105;19;10101;22;;;10111;17;10113;34;;;10108.0;0.0
av_COTTON_d6;40400;ASH_COATED_OSMIUM;10004;13;10002;19;;;10022;14;10026;24;;;10013.0;0.0
av_COTTON_d6;40400;INTARIAN_PEPPER_ROOT;10102;18;10100;19;;;10114;18;10117;16;;;10108.0;0.0
av_COTTON_d6;40500;ASH_COATED_OSMIUM;10003;19;10000;24;;;10023;11;10025;23;;;10013.0;0.0
av_COTTON_d6;40500;INTARIAN_PEPPER_ROOT;10104;5;10101;22;;;10111;17;10115;14;;;10107.5;0.0
av_COTTON_d6;40600;ASH_COATED_OSMIUM;10011;17;10009;27;;;10017;15;10020;25;;;10014.0;0.0
av_COTTON_d6;40600;INTARIAN_PEPPER_ROOT;10103;6;10100;18;;;10112;12;10114;16;;;10107.5;0.0
av_COTTON_d6;40700;ASH_COATED_OSMIUM;10011;22;10008;18;;;10017;17;10021;16;;;10014.0;0.0
av_COTTON_d6;40700;INTARIAN_PEPPER_ROOT;10101;22;10098;19;;;10114;14;10116;24;;;10107.5;0.0
av_COTTON_d6;40800;ASH_COATED_OSMIUM;10011;6;10008;20;;;10017;13;10019;24;;;10014.0;0.0
av_COTTON_d6;40800;INTARIAN_PEPPER_ROOT;10102;20;10100;20;;;10113;20;10117;17;;;10107.5;0.0
av_COTTON_d6;40900;ASH_COATED_OSMIUM;10006;15;10002;16;;;10023;5;10025;21;;;10014.5;0.0
av_COTTON_d6;40900;INTARIAN_PEPPER_ROOT;10104;21;10102;17;;;10110;11;10113;21;;;10107.0;0.0
av_COTTON_d6;41000;ASH_COATED_OSMIUM;10012;12;10008;21;;;10018;13;10021;14;;;10015.0;0.0
av_COTTON_d6;41000;INTARIAN_PEPPER_ROOT;10098;11;10096;26;;;10116;20;10120;19;;;10107.0;0.0
av_COTTON_d6;41100;ASH_COATED_OSMIUM;10008;15;10006;24;;;10022;17;10025;22;;;10015.0;0.0
av_COTTON_d6;41100;INTARIAN_PEPPER_ROOT;10104;12;10102;25;;;10110;12;10114;17;;;10107.0;0.0
av_COTTON_d6;41200;ASH_COATED_OSMIUM;10012;19;10010;19;;;10018;15;10022;12;;;10015.0;0.0
av_COTTON_d6;41200;INTARIAN_PEPPER_ROOT;10103;11;10099;21;;;10111;22;10113;17;;;10107.0;0.0
av_COTTON_d6;41300;ASH_COATED_OSMIUM;10012;15;10009;19;;;10018;10;10022;17;;;10015.0;0.0
av_COTTON_d6;41300;INTARIAN_PEPPER_ROOT;10103;16;10101;23;;;10109;19;10111;26;;;10106.0;0.0
av_COTTON_d6;41400;ASH_COATED_OSMIUM;10010;18;10006;8;;;10022;18;10026;11;;;10016.0;0.0
av_COTTON_d6;41400;INTARIAN_PEPPER_ROOT;10104;17;10101;20;;;10110;14;10112;27;;;10107.0;0.0
av_COTTON_d6;41500;ASH_COATED_OSMIUM;10013;22;10009;24;;;10019;18;10023;14;;;10016.0;0.0
av_COTTON_d6;41500;INTARIAN_PEPPER_ROOT;10104;23;10102;25;;;10110;15;10113;14;;;10107.0;0.0
av_COTTON_d6;41600;ASH_COATED_OSMIUM;10013;18;10011;17;;;10020;11;10024;27;;;10016.5;0.0
av_COTTON_d6;41600;INTARIAN_PEPPER_ROOT;10103;12;10099;20;;;10109;10;10111;15;;;10106.0;0.0
av_COTTON_d6;41700;ASH_COATED_OSMIUM;10013;13;10010;17;;;10019;16;10023;21;;;10016.0;0.0
av_COTTON_d6;41700;INTARIAN_PEPPER_ROOT;10104;15;10102;14;;;10110;12;10112;19;;;10107.0;0.0
av_COTTON_d6;41800;ASH_COATED_OSMIUM;10008;15;10005;24;;;10026;19;10028;19;;;10017.0;0.0
av_COTTON_d6;41800;INTARIAN_PEPPER_ROOT;10103;5;10101;14;;;10109;20;10111;20;;;10106.0;0.0
av_COTTON_d6;41900;ASH_COATED_OSMIUM;10014;13;10010;10;;;10020;5;10024;9;;;10017.0;0.0
av_COTTON_d6;41900;INTARIAN_PEPPER_ROOT;10103;23;10101;19;;;10109;17;10111;14;;;10106.0;0.0
av_COTTON_d6;42000;ASH_COATED_OSMIUM;10014;16;10012;22;;;10020;15;10024;15;;;10017.0;0.0
av_COTTON_d6;42000;INTARIAN_PEPPER_ROOT;10097;8;10095;25;;;10115;11;10119;11;;;10106.0;0.0
av_COTTON_d6;42100;ASH_COATED_OSMIUM;10014;12;10010;25;;;10020;22;10022;29;;;10017.0;0.0
av_COTTON_d6;42100;INTARIAN_PEPPER_ROOT;10102;13;10098;13;;;10108;5;10112;30;;;10105.0;0.0
av_COTTON_d6;42200;ASH_COATED_OSMIUM;10015;13;10013;22;;;10021;18;10024;19;;;10018.0;0.0
av_COTTON_d6;42200;INTARIAN_PEPPER_ROOT;10102;5;10098;22;;;10108;12;10112;26;;;10105.0;0.0
av_COTTON_d6;42300;ASH_COATED_OSMIUM;10008;7;10005;20;;;10026;17;10028;18;;;10017.0;0.0
av_COTTON_d6;42300;INTARIAN_PEPPER_ROOT;10101;14;10098;15;;;10111;11;10113;11;;;10106.0;0.0
av_COTTON_d6;42400;ASH_COATED_OSMIUM;10015;17;10011;24;;;10021;12;10025;21;;;10018.0;0.0
av_COTTON_d6;42400;INTARIAN_PEPPER_ROOT;10103;11;10100;13;;;10109;23;10111;22;;;10106.0;0.0
av_COTTON_d6;42500;ASH_COATED_OSMIUM;10001;16;9997;20;;;10034;17;10037;25;;;10017.5;0.0
av_COTTON_d6;42500;INTARIAN_PEPPER_ROOT;10102;18;10100;23;;;10108;16;10112;22;;;10105.0;0.0
av_COTTON_d6;42600;ASH_COATED_OSMIUM;10014;6;10010;8;;;10022;11;10026;22;;;10018.0;0.0
av_COTTON_d6;42600;INTARIAN_PEPPER_ROOT;10097;12;10095;10;;;10115;9;10118;16;;;10106.0;0.0
av_COTTON_d6;42700;ASH_COATED_OSMIUM;10015;13;10013;22;;;10021;17;10024;18;;;10018.0;0.0
av_COTTON_d6;42700;INTARIAN_PEPPER_ROOT;10102;16;10100;21;;;10108;17;10111;20;;;10105.0;0.0
av_COTTON_d6;42800;ASH_COATED_OSMIUM;10015;10;10012;21;;;10022;17;10025;14;;;10018.5;0.0
av_COTTON_d6;42800;INTARIAN_PEPPER_ROOT;10101;16;10099;14;;;10109;24;10113;21;;;10105.0;0.0
av_COTTON_d6;42900;ASH_COATED_OSMIUM;10016;7;10013;25;;;10022;22;10024;23;;;10019.0;0.0
av_COTTON_d6;42900;INTARIAN_PEPPER_ROOT;10093;13;10091;27;;;10115;24;10117;18;;;10104.0;0.0
av_COTTON_d6;43000;ASH_COATED_OSMIUM;10014;22;10010;19;;;10025;20;10028;18;;;10019.5;0.0
av_COTTON_d6;43000;INTARIAN_PEPPER_ROOT;10100;19;10097;26;;;10108;9;10112;23;;;10104.0;0.0
av_COTTON_d6;43100;ASH_COATED_OSMIUM;10016;13;10012;12;;;10022;19;10025;21;;;10019.0;0.0
av_COTTON_d6;43100;INTARIAN_PEPPER_ROOT;10102;8;10100;15;;;10108;13;10111;15;;;10105.0;0.0
av_COTTON_d6;43200;ASH_COATED_OSMIUM;10015;13;10013;21;;;10023;8;10027;21;;;10019.0;0.0
av_COTTON_d6;43200;INTARIAN_PEPPER_ROOT;10102;12;10098;14;;;10108;20;10110;23;;;10105.0;0.0
av_COTTON_d6;43300;ASH_COATED_OSMIUM;10016;13;10013;10;;;10022;22;10024;14;;;10019.0;0.0
av_COTTON_d6;43300;INTARIAN_PEPPER_ROOT;10100;9;10098;24;;;10109;22;10113;19;;;10104.5;0.0
av_COTTON_d6;43400;ASH_COATED_OSMIUM;10017;10;10015;22;;;10023;14;10026;17;;;10020.0;0.0
av_COTTON_d6;43400;INTARIAN_PEPPER_ROOT;10101;16;10099;20;;;10107;17;10111;14;;;10104.0;0.0
av_COTTON_d6;43500;ASH_COATED_OSMIUM;10017;13;10015;21;;;10023;9;10026;18;;;10020.0;0.0
av_COTTON_d6;43500;INTARIAN_PEPPER_ROOT;10100;15;10096;17;;;10108;9;10110;17;;;10104.0;0.0
av_COTTON_d6;43600;ASH_COATED_OSMIUM;10017;5;10014;16;;;10023;24;10027;20;;;10020.0;0.0
av_COTTON_d6;43600;INTARIAN_PEPPER_ROOT;10091;14;10088;19;;;10116;14;10120;24;;;10103.5;0.0
av_COTTON_d6;43700;ASH_COATED_OSMIUM;10018;16;10015;27;;;10024;14;10026;22;;;10021.0;0.0
av_COTTON_d6;43700;INTARIAN_PEPPER_ROOT;10097;5;10093;25;;;10110;13;10112;8;;;10103.5;0.0
av_COTTON_d6;43800;ASH_COATED_OSMIUM;10018;10;10016;18;;;10024;13;10026;13;;;10021.0;0.0
av_COTTON_d6;43800;INTARIAN_PEPPER_ROOT;10099;11;10096;30;;;10107;8;10109;18;;;10103.0;0.0
av_COTTON_d6;43900;ASH_COATED_OSMIUM;10018;15;10014;28;;;10024;12;10026;26;;;10021.0;0.0
av_COTTON_d6;43900;INTARIAN_PEPPER_ROOT;10094;15;10091;20;;;10113;16;10116;19;;;10103.5;0.0
av_COTTON_d6;44000;ASH_COATED_OSMIUM;10018;10;10015;15;;;10024;12;10026;21;;;10021.0;0.0
av_COTTON_d6;44000;INTARIAN_PEPPER_ROOT;10101;16;10098;12;;;10107;21;10111;12;;;10104.0;0.0
av_COTTON_d6;44100;ASH_COATED_OSMIUM;10019;10;10016;16;;;10025;16;10029;26;;;10022.0;0.0
av_COTTON_d6;44100;INTARIAN_PEPPER_ROOT;10098;17;10094;10;;;10108;12;10111;21;;;10103.0;0.0
av_COTTON_d6;44200;ASH_COATED_OSMIUM;10019;7;10017;20;;;10025;5;10027;12;;;10022.0;0.0
av_COTTON_d6;44200;INTARIAN_PEPPER_ROOT;10097;12;10093;14;;;10109;16;10112;24;;;10103.0;0.0
av_COTTON_d6;44300;ASH_COATED_OSMIUM;10019;9;10015;23;;;10025;8;10027;25;;;10022.0;0.0
av_COTTON_d6;44300;INTARIAN_PEPPER_ROOT;10100;13;10096;20;;;10106;9;10109;20;;;10103.0;0.0
av_COTTON_d6;44400;ASH_COATED_OSMIUM;10017;15;10015;30;;;10028;14;10030;24;;;10022.5;0.0
av_COTTON_d6;44400;INTARIAN_PEPPER_ROOT;10098;12;10094;26;;;10107;15;10109;12;;;10102.5;0.0
av_COTTON_d6;44500;ASH_COATED_OSMIUM;10018;5;10014;25;;;10026;18;10030;21;;;10022.0;0.0
av_COTTON_d6;44500;INTARIAN_PEPPER_ROOT;10096;21;10093;15;;;10109;20;10112;21;;;10102.5;0.0
av_COTTON_d6;44600;ASH_COATED_OSMIUM;10017;7;10015;19;;;10027;13;10030;16;;;10022.0;0.0
av_COTTON_d6;44600;INTARIAN_PEPPER_ROOT;10100;19;10096;20;;;10106;19;10109;20;;;10103.0;0.0
av_COTTON_d6;44700;ASH_COATED_OSMIUM;10020;13;10018;19;;;10026;22;10030;10;;;10023.0;0.0
av_COTTON_d6;44700;INTARIAN_PEPPER_ROOT;10100;12;10096;16;;;10106;11;10110;23;;;10103.0;0.0
av_COTTON_d6;44800;ASH_COATED_OSMIUM;10020;5;10017;13;;;10026;17;10028;19;;;10023.0;0.0
av_COTTON_d6;44800;INTARIAN_PEPPER_ROOT;10100;13;10097;18;;;10106;14;10110;29;;;10103.0;0.0
av_COTTON_d6;44900;ASH_COATED_OSMIUM;10020;14;10018;25;;;10026;22;10029;15;;;10023.0;0.0
av_COTTON_d6;44900;INTARIAN_PEPPER_ROOT;10099;11;10097;17;;;10105;16;10108;14;;;10102.0;0.0
av_COTTON_d6;45000;ASH_COATED_OSMIUM;10016;15;10014;17;;;10031;14;10033;16;;;10023.5;0.0
av_COTTON_d6;45000;INTARIAN_PEPPER_ROOT;10096;7;10092;17;;;10109;11;10113;16;;;10102.5;0.0
av_COTTON_d6;45100;ASH_COATED_OSMIUM;10021;10;10018;18;;;10027;18;10029;17;;;10024.0;0.0
av_COTTON_d6;45100;INTARIAN_PEPPER_ROOT;10099;23;10097;18;;;10105;13;10108;15;;;10102.0;0.0
av_COTTON_d6;45200;ASH_COATED_OSMIUM;10021;15;10018;28;;;10027;18;10030;25;;;10024.0;0.0
av_COTTON_d6;45200;INTARIAN_PEPPER_ROOT;10100;19;10098;20;;;10106;19;10108;29;;;10103.0;0.0
av_COTTON_d6;45300;ASH_COATED_OSMIUM;10021;13;10017;21;;;10027;13;10030;24;;;10024.0;0.0
av_COTTON_d6;45300;INTARIAN_PEPPER_ROOT;10092;20;10090;13;;;10111;13;10114;19;;;10101.5;0.0
av_COTTON_d6;45400;ASH_COATED_OSMIUM;10022;16;10018;19;;;10028;13;10031;22;;;10025.0;0.0
av_COTTON_d6;45400;INTARIAN_PEPPER_ROOT;10095;17;10093;19;;;10110;9;10113;24;;;10102.5;0.0
av_COTTON_d6;45500;ASH_COATED_OSMIUM;10013;13;10009;16;;;10037;18;10041;22;;;10025.0;0.0
av_COTTON_d6;45500;INTARIAN_PEPPER_ROOT;10093;13;10091;24;;;10110;17;10112;18;;;10101.5;0.0
av_COTTON_d6;45600;ASH_COATED_OSMIUM;10018;12;10015;19;;;10032;19;10034;24;;;10025.0;0.0
av_COTTON_d6;45600;INTARIAN_PEPPER_ROOT;10098;17;10096;8;;;10104;14;10108;25;;;10101.0;0.0
av_COTTON_d6;45700;ASH_COATED_OSMIUM;10023;10;10019;20;;;10029;14;10031;26;;;10026.0;0.0
av_COTTON_d6;45700;INTARIAN_PEPPER_ROOT;10098;15;10095;18;;;10104;19;10107;15;;;10101.0;0.0
av_COTTON_d6;45800;ASH_COATED_OSMIUM;10022;23;10020;18;;;10028;14;10032;18;;;10025.0;0.0
av_COTTON_d6;45800;INTARIAN_PEPPER_ROOT;10089;13;10087;23;;;10113;19;10115;22;;;10101.0;0.0
av_COTTON_d6;45900;ASH_COATED_OSMIUM;10023;19;10020;21;;;10029;12;10031;20;;;10026.0;0.0
av_COTTON_d6;45900;INTARIAN_PEPPER_ROOT;10098;15;10095;25;;;10104;24;10107;13;;;10101.0;0.0
av_COTTON_d6;46000;ASH_COATED_OSMIUM;10020;16;10018;30;;;10031;11;10034;12;;;10025.5;0.0
av_COTTON_d6;46000;INTARIAN_PEPPER_ROOT;10098;16;10095;18;;;10104;10;10107;16;;;10101.0;0.0
av_COTTON_d6;46100;ASH_COATED_OSMIUM;10023;19;10019;28;;;10029;21;10032;29;;;10026.0;0.0
av_COTTON_d6;46100;INTARIAN_PEPPER_ROOT;10096;17;10092;15;;;10107;18;10109;18;;;10101.5;0.0
av_COTTON_d6;46200;ASH_COATED_OSMIUM;10024;14;10020;21;;;10030;19;10032;25;;;10027.0;0.0
av_COTTON_d6;46200;INTARIAN_PEPPER_ROOT;10095;18;10093;19;;;10107;18;10109;26;;;10101.0;0.0
av_COTTON_d6;46300;ASH_COATED_OSMIUM;10024;18;10022;15;;;10030;14;10033;18;;;10027.0;0.0
av_COTTON_d6;46300;INTARIAN_PEPPER_ROOT;10095;24;10092;18;;;10107;24;10111;17;;;10101.0;0.0
av_COTTON_d6;46400;ASH_COATED_OSMIUM;10013;5;10010;31;;;10040;6;10042;15;;;10026.5;0.0
av_COTTON_d6;46400;INTARIAN_PEPPER_ROOT;10097;20;10094;24;;;10103;12;10106;17;;;10100.0;0.0
av_COTTON_d6;46500;ASH_COATED_OSMIUM;10024;18;10022;13;;;10030;19;10034;16;;;10027.0;0.0
av_COTTON_d6;46500;INTARIAN_PEPPER_ROOT;10097;8;10093;21;;;10103;15;10105;28;;;10100.0;0.0
av_COTTON_d6;46600;ASH_COATED_OSMIUM;10024;11;10022;11;;;10030;6;10034;13;;;10027.0;0.0
av_COTTON_d6;46600;INTARIAN_PEPPER_ROOT;10096;15;10092;16;;;10105;16;10109;19;;;10100.5;0.0
av_COTTON_d6;46700;ASH_COATED_OSMIUM;10024;10;10020;24;;;10030;22;10033;14;;;10027.0;0.0
av_COTTON_d6;46700;INTARIAN_PEPPER_ROOT;10094;25;10092;16;;;10105;14;10107;19;;;10099.5;0.0
av_COTTON_d6;46800;ASH_COATED_OSMIUM;10008;18;10005;26;;;10046;23;10049;22;;;10027.0;0.0
av_COTTON_d6;46800;INTARIAN_PEPPER_ROOT;10097;9;10093;16;;;10103;14;10107;19;;;10100.0;0.0
av_COTTON_d6;46900;ASH_COATED_OSMIUM;10021;17;10019;20;;;10034;10;10037;19;;;10027.5;0.0
av_COTTON_d6;46900;INTARIAN_PEPPER_ROOT;10096;19;10092;16;;;10103;21;10107;20;;;10099.5;0.0
av_COTTON_d6;47000;ASH_COATED_OSMIUM;10023;5;10019;13;;;10033;17;10036;17;;;10028.0;0.0
av_COTTON_d6;47000;INTARIAN_PEPPER_ROOT;10095;24;10092;13;;;10104;17;10107;12;;;10099.5;0.0
av_COTTON_d6;47100;ASH_COATED_OSMIUM;10025;20;10023;18;;;10031;12;10033;23;;;10028.0;0.0
av_COTTON_d6;47100;INTARIAN_PEPPER_ROOT;10094;12;10092;20;;;10106;8;10109;15;;;10100.0;0.0
av_COTTON_d6;47200;ASH_COATED_OSMIUM;10025;16;10021;21;;;10031;15;10034;22;;;10028.0;0.0
av_COTTON_d6;47200;INTARIAN_PEPPER_ROOT;10097;15;10095;22;;;10103;18;10105;24;;;10100.0;0.0
av_COTTON_d6;47300;ASH_COATED_OSMIUM;10018;18;10015;16;;;10039;15;10043;14;;;10028.5;0.0
av_COTTON_d6;47300;INTARIAN_PEPPER_ROOT;10095;16;10091;27;;;10104;12;10108;18;;;10099.5;0.0
av_COTTON_d6;47400;ASH_COATED_OSMIUM;10020;13;10017;20;;;10038;5;10040;30;;;10029.0;0.0
av_COTTON_d6;47400;INTARIAN_PEPPER_ROOT;10090;18;10086;14;;;10108;17;10110;19;;;10099.0;0.0
av_COTTON_d6;47500;ASH_COATED_OSMIUM;10026;16;10022;19;;;10032;18;10035;21;;;10029.0;0.0
av_COTTON_d6;47500;INTARIAN_PEPPER_ROOT;10096;14;10093;16;;;10102;16;10105;30;;;10099.0;0.0
av_COTTON_d6;47600;ASH_COATED_OSMIUM;10022;11;10019;21;;;10036;19;10040;26;;;10029.0;0.0
av_COTTON_d6;47600;INTARIAN_PEPPER_ROOT;10096;14;10094;26;;;10102;17;10106;18;;;10099.0;0.0
av_COTTON_d6;47700;ASH_COATED_OSMIUM;10027;15;10024;21;;;10033;19;10036;21;;;10030.0;0.0
av_COTTON_d6;47700;INTARIAN_PEPPER_ROOT;10096;11;10092;24;;;10103;10;10107;20;;;10099.5;0.0
av_COTTON_d6;47800;ASH_COATED_OSMIUM;10021;16;10018;20;;;10038;15;10040;24;;;10029.5;0.0
av_COTTON_d6;47800;INTARIAN_PEPPER_ROOT;10096;14;10092;31;;;10102;15;10105;23;;;10099.0;0.0
av_COTTON_d6;47900;ASH_COATED_OSMIUM;10027;22;10024;14;;;10033;18;10036;19;;;10030.0;0.0
av_COTTON_d6;47900;INTARIAN_PEPPER_ROOT;10096;18;10094;20;;;10102;9;10104;13;;;10099.0;0.0
av_COTTON_d6;48000;ASH_COATED_OSMIUM;10020;17;10016;23;;;10041;14;10044;20;;;10030.5;0.0
av_COTTON_d6;48000;INTARIAN_PEPPER_ROOT;10095;16;10091;20;;;10102;18;10106;18;;;10098.5;0.0
av_COTTON_d6;48100;ASH_COATED_OSMIUM;10027;20;10024;12;;;10033;12;10036;20;;;10030.0;0.0
av_COTTON_d6;48100;INTARIAN_PEPPER_ROOT;10095;8;10091;17;;;10101;15;10105;20;;;10098.0;0.0
av_COTTON_d6;48200;ASH_COATED_OSMIUM;10028;27;10024;28;;;10034;11;10036;18;;;10031.0;0.0
av_COTTON_d6;48200;INTARIAN_PEPPER_ROOT;10095;12;10093;21;;;10101;13;10105;20;;;10098.0;0.0
av_COTTON_d6;48300;ASH_COATED_OSMIUM;10028;18;10024;24;;;10034;14;10037;11;;;10031.0;0.0
av_COTTON_d6;48300;INTARIAN_PEPPER_ROOT;10095;11;10093;20;;;10101;21;10104;28;;;10098.0;0.0
av_COTTON_d6;48400;ASH_COATED_OSMIUM;10029;23;10026;23;;;10035;19;10039;18;;;10032.0;0.0
av_COTTON_d6;48400;INTARIAN_PEPPER_ROOT;10095;23;10091;22;;;10101;16;10105;18;;;10098.0;0.0
av_COTTON_d6;48500;ASH_COATED_OSMIUM;10027;11;10024;26;;;10035;6;10039;19;;;10031.0;0.0
av_COTTON_d6;48500;INTARIAN_PEPPER_ROOT;10093;10;10090;12;;;10102;19;10104;21;;;10097.5;0.0
av_COTTON_d6;48600;ASH_COATED_OSMIUM;10028;9;10025;20;;;10034;11;10037;15;;;10031.0;0.0
av_COTTON_d6;48600;INTARIAN_PEPPER_ROOT;10095;21;10093;18;;;10101;21;10103;15;;;10098.0;0.0
av_COTTON_d6;48700;ASH_COATED_OSMIUM;10028;19;10024;27;;;10035;17;10038;20;;;10031.5;0.0
av_COTTON_d6;48700;INTARIAN_PEPPER_ROOT;10095;20;10093;22;;;10101;18;10104;17;;;10098.0;0.0
av_COTTON_d6;48800;ASH_COATED_OSMIUM;10029;17;10025;21;;;10035;13;10038;24;;;10032.0;0.0
av_COTTON_d6;48800;INTARIAN_PEPPER_ROOT;10094;25;10091;12;;;10101;12;10104;12;;;10097.5;0.0
av_COTTON_d6;48900;ASH_COATED_OSMIUM;10029;22;10026;19;;;10037;17;10041;9;;;10033.0;0.0
av_COTTON_d6;48900;INTARIAN_PEPPER_ROOT;10095;14;10091;17;;;10101;15;10105;19;;;10098.0;0.0
av_COTTON_d6;49000;ASH_COATED_OSMIUM;10029;19;10026;22;;;10035;14;10037;12;;;10032.0;0.0
av_COTTON_d6;49000;INTARIAN_PEPPER_ROOT;10094;5;10092;22;;;10100;8;10102;25;;;10097.0;0.0
av_COTTON_d6;49100;ASH_COATED_OSMIUM;10030;11;10027;20;;;10036;11;10040;20;;;10033.0;0.0
av_COTTON_d6;49100;INTARIAN_PEPPER_ROOT;10093;16;10091;20;;;10100;19;10103;23;;;10096.5;0.0
av_COTTON_d6;49200;ASH_COATED_OSMIUM;10029;15;10027;15;;;10038;14;10040;22;;;10033.5;0.0
av_COTTON_d6;49200;INTARIAN_PEPPER_ROOT;10091;16;10089;23;;;10103;16;10105;21;;;10097.0;0.0
av_COTTON_d6;49300;ASH_COATED_OSMIUM;10030;8;10027;16;;;10036;12;10040;25;;;10033.0;0.0
av_COTTON_d6;49300;INTARIAN_PEPPER_ROOT;10089;15;10085;27;;;10105;15;10109;23;;;10097.0;0.0
av_COTTON_d6;49400;ASH_COATED_OSMIUM;10027;25;10023;21;;;10040;15;10044;15;;;10033.5;0.0
av_COTTON_d6;49400;INTARIAN_PEPPER_ROOT;10089;11;10085;18;;;10104;17;10106;22;;;10096.5;0.0
av_COTTON_d6;49500;ASH_COATED_OSMIUM;10026;25;10022;19;;;10042;15;10044;22;;;10034.0;0.0
av_COTTON_d6;49500;INTARIAN_PEPPER_ROOT;10093;19;10089;16;;;10099;10;10102;14;;;10096.0;0.0
av_COTTON_d6;49600;ASH_COATED_OSMIUM;10031;16;10028;24;;;10037;14;10041;19;;;10034.0;0.0
av_COTTON_d6;49600;INTARIAN_PEPPER_ROOT;10093;18;10090;24;;;10099;16;10102;23;;;10096.0;0.0
av_COTTON_d6;49700;ASH_COATED_OSMIUM;10031;15;10027;23;;;10037;5;10039;16;;;10034.0;0.0
av_COTTON_d6;49700;INTARIAN_PEPPER_ROOT;10093;10;10090;28;;;10099;14;10102;12;;;10096.0;0.0
av_COTTON_d6;49800;ASH_COATED_OSMIUM;10032;13;10030;21;;;10038;18;10041;21;;;10035.0;0.0
av_COTTON_d6;49800;INTARIAN_PEPPER_ROOT;10093;21;10090;17;;;10100;13;10104;19;;;10096.5;0.0
av_COTTON_d6;49900;ASH_COATED_OSMIUM;10032;17;10029;31;;;10038;21;10041;12;;;10035.0;0.0
av_COTTON_d6;49900;INTARIAN_PEPPER_ROOT;10093;16;10091;16;;;10099;17;10102;17;;;10096.0;0.0
av_COTTON_d6;50000;ASH_COATED_OSMIUM;10031;13;10027;9;;;10038;13;10042;15;;;10034.5;0.0
av_COTTON_d6;50000;INTARIAN_PEPPER_ROOT;10092;27;10089;19;;;10100;14;10102;21;;;10096.0;0.0
av_COTTON_d6;50100;ASH_COATED_OSMIUM;10023;19;10019;26;;;10047;14;10049;23;;;10035.0;0.0
av_COTTON_d6;50100;INTARIAN_PEPPER_ROOT;10084;15;10082;22;;;10108;21;10111;19;;;10096.0;0.0
av_COTTON_d6;50200;ASH_COATED_OSMIUM;10029;20;10026;24;;;10041;10;10045;20;;;10035.0;0.0
av_COTTON_d6;50200;INTARIAN_PEPPER_ROOT;10087;9;10083;27;;;10105;16;10107;17;;;10096.0;0.0
av_COTTON_d6;50300;ASH_COATED_OSMIUM;10033;15;10029;15;;;10039;20;10043;16;;;10036.0;0.0
av_COTTON_d6;50300;INTARIAN_PEPPER_ROOT;10093;9;10090;24;;;10099;12;10101;22;;;10096.0;0.0
av_COTTON_d6;50400;ASH_COATED_OSMIUM;10032;14;10028;21;;;10038;14;10042;16;;;10035.0;0.0
av_COTTON_d6;50400;INTARIAN_PEPPER_ROOT;10092;11;10089;22;;;10098;14;10102;24;;;10095.0;0.0
av_COTTON_d6;50500;ASH_COATED_OSMIUM;10023;17;10019;24;;;10050;8;10054;17;;;10036.5;0.0
av_COTTON_d6;50500;INTARIAN_PEPPER_ROOT;10092;6;10089;11;;;10098;14;10101;23;;;10095.0;0.0
av_COTTON_d6;50600;ASH_COATED_OSMIUM;10033;17;10029;23;;;10039;11;10041;28;;;10036.0;0.0
av_COTTON_d6;50600;INTARIAN_PEPPER_ROOT;10093;14;10089;26;;;10099;13;10103;21;;;10096.0;0.0
av_COTTON_d6;50700;ASH_COATED_OSMIUM;10033;12;10030;21;;;10039;12;10042;27;;;10036.0;0.0
av_COTTON_d6;50700;INTARIAN_PEPPER_ROOT;10091;18;10089;10;;;10099;15;10102;22;;;10095.0;0.0
av_COTTON_d6;50800;ASH_COATED_OSMIUM;10033;8;10030;28;;;10041;18;10045;17;;;10037.0;0.0
av_COTTON_d6;50800;INTARIAN_PEPPER_ROOT;10092;10;10090;16;;;10098;9;10102;15;;;10095.0;0.0
av_COTTON_d6;50900;ASH_COATED_OSMIUM;10033;9;10031;16;;;10042;18;10046;26;;;10037.5;0.0
av_COTTON_d6;50900;INTARIAN_PEPPER_ROOT;10092;8;10089;27;;;10098;10;10101;13;;;10095.0;0.0
av_COTTON_d6;51000;ASH_COATED_OSMIUM;10034;15;10031;17;;;10040;15;10043;17;;;10037.0;0.0
av_COTTON_d6;51000;INTARIAN_PEPPER_ROOT;10090;19;10088;28;;;10099;7;10102;18;;;10094.5;0.0
av_COTTON_d6;51100;ASH_COATED_OSMIUM;10034;17;10032;17;;;10040;17;10042;19;;;10037.0;0.0
av_COTTON_d6;51100;INTARIAN_PEPPER_ROOT;10091;15;10088;15;;;10097;15;10100;24;;;10094.0;0.0
av_COTTON_d6;51200;ASH_COATED_OSMIUM;10034;14;10030;19;;;10040;18;10043;19;;;10037.0;0.0
av_COTTON_d6;51200;INTARIAN_PEPPER_ROOT;10085;18;10083;14;;;10103;17;10106;11;;;10094.0;0.0
av_COTTON_d6;51300;ASH_COATED_OSMIUM;10033;18;10031;19;;;10039;17;10042;17;;;10036.0;0.0
av_COTTON_d6;51300;INTARIAN_PEPPER_ROOT;10091;11;10088;14;;;10098;14;10102;27;;;10094.5;0.0
av_COTTON_d6;51400;ASH_COATED_OSMIUM;10032;11;10028;13;;;10041;18;10044;18;;;10036.5;0.0
av_COTTON_d6;51400;INTARIAN_PEPPER_ROOT;10091;12;10087;20;;;10097;5;10100;26;;;10094.0;0.0
av_COTTON_d6;51500;ASH_COATED_OSMIUM;10033;14;10031;27;;;10039;16;10043;22;;;10036.0;0.0
av_COTTON_d6;51500;INTARIAN_PEPPER_ROOT;10091;22;10087;24;;;10097;17;10099;21;;;10094.0;0.0
av_COTTON_d6;51600;ASH_COATED_OSMIUM;10034;15;10030;18;;;10040;17;10042;19;;;10037.0;0.0
av_COTTON_d6;51600;INTARIAN_PEPPER_ROOT;10091;17;10087;20;;;10097;19;10099;17;;;10094.0;0.0
av_COTTON_d6;51700;ASH_COATED_OSMIUM;10034;18;10032;19;;;10040;18;10044;18;;;10037.0;0.0
av_COTTON_d6;51700;INTARIAN_PEPPER_ROOT;10091;18;10087;18;;;10097;13;10100;25;;;10094.0;0.0
av_COTTON_d6;51800;ASH_COATED_OSMIUM;10032;9;10028;11;;;10040;11;10042;14;;;10036.0;0.0
av_COTTON_d6;51800;INTARIAN_PEPPER_ROOT;10089;15;10087;18;;;10096;19;10099;23;;;10092.5;0.0
av_COTTON_d6;51900;ASH_COATED_OSMIUM;10034;19;10032;22;;;10040;15;10044;24;;;10037.0;0.0
av_COTTON_d6;51900;INTARIAN_PEPPER_ROOT;10091;16;10089;15;;;10097;20;10099;24;;;10094.0;0.0
av_COTTON_d6;52000;ASH_COATED_OSMIUM;10034;14;10032;26;;;10041;5;10044;22;;;10037.5;0.0
av_COTTON_d6;52000;INTARIAN_PEPPER_ROOT;10085;16;10082;11;;;10100;12;10103;14;;;10092.5;0.0
av_COTTON_d6;52100;ASH_COATED_OSMIUM;10033;9;10030;27;;;10039;7;10043;19;;;10036.0;0.0
av_COTTON_d6;52100;INTARIAN_PEPPER_ROOT;10089;19;10085;15;;;10097;25;10100;21;;;10093.0;0.0
av_COTTON_d6;52200;ASH_COATED_OSMIUM;10019;17;10016;23;;;10054;14;10058;18;;;10036.5;0.0
av_COTTON_d6;52200;INTARIAN_PEPPER_ROOT;10084;16;10082;23;;;10101;14;10103;18;;;10092.5;0.0
av_COTTON_d6;52300;ASH_COATED_OSMIUM;10034;22;10031;21;;;10040;19;10043;13;;;10037.0;0.0
av_COTTON_d6;52300;INTARIAN_PEPPER_ROOT;10090;9;10087;19;;;10096;11;10099;20;;;10093.0;0.0
av_COTTON_d6;52400;ASH_COATED_OSMIUM;10033;19;10031;27;;;10039;10;10042;12;;;10036.0;0.0
av_COTTON_d6;52400;INTARIAN_PEPPER_ROOT;10082;10;10078;18;;;10103;6;10105;18;;;10092.5;0.0
av_COTTON_d6;52500;ASH_COATED_OSMIUM;10032;19;10028;10;;;10041;15;10044;17;;;10036.5;0.0
av_COTTON_d6;52500;INTARIAN_PEPPER_ROOT;10082;18;10078;18;;;10102;15;10104;21;;;10092.0;0.0
av_COTTON_d6;52600;ASH_COATED_OSMIUM;10024;14;10022;23;;;10048;10;10050;17;;;10036.0;0.0
av_COTTON_d6;52600;INTARIAN_PEPPER_ROOT;10078;5;10074;22;;;10107;18;10111;17;;;10092.5;0.0
av_COTTON_d6;52700;ASH_COATED_OSMIUM;10034;11;10031;23;;;10040;10;10042;26;;;10037.0;0.0
av_COTTON_d6;52700;INTARIAN_PEPPER_ROOT;10089;9;10086;22;;;10095;12;10097;23;;;10092.0;0.0
av_COTTON_d6;52800;ASH_COATED_OSMIUM;10034;10;10032;24;;;10040;6;10044;25;;;10037.0;0.0
av_COTTON_d6;52800;INTARIAN_PEPPER_ROOT;10089;11;10087;16;;;10095;11;10097;17;;;10092.0;0.0
av_COTTON_d6;52900;ASH_COATED_OSMIUM;10033;11;10029;22;;;10040;15;10042;21;;;10036.5;0.0
av_COTTON_d6;52900;INTARIAN_PEPPER_ROOT;10088;12;10086;27;;;10096;18;10099;24;;;10092.0;0.0
av_COTTON_d6;53000;ASH_COATED_OSMIUM;10034;12;10032;19;;;10040;11;10043;26;;;10037.0;0.0
av_COTTON_d6;53000;INTARIAN_PEPPER_ROOT;10088;18;10086;20;;;10094;11;10097;25;;;10091.0;0.0
av_COTTON_d6;53100;ASH_COATED_OSMIUM;10033;9;10031;26;;;10039;15;10042;25;;;10036.0;0.0
av_COTTON_d6;53100;INTARIAN_PEPPER_ROOT;10088;15;10085;21;;;10094;16;10097;20;;;10091.0;0.0
av_COTTON_d6;53200;ASH_COATED_OSMIUM;10033;13;10030;13;;;10039;12;10041;17;;;10036.0;0.0
av_COTTON_d6;53200;INTARIAN_PEPPER_ROOT;10080;16;10078;12;;;10102;17;10105;21;;;10091.0;0.0
av_COTTON_d6;53300;ASH_COATED_OSMIUM;10027;9;10024;17;;;10046;5;10050;19;;;10036.5;0.0
av_COTTON_d6;53300;INTARIAN_PEPPER_ROOT;10089;21;10085;26;;;10095;16;10098;25;;;10092.0;0.0
av_COTTON_d6;53400;ASH_COATED_OSMIUM;10030;8;10026;13;;;10043;11;10046;26;;;10036.5;0.0
av_COTTON_d6;53400;INTARIAN_PEPPER_ROOT;10088;19;10085;20;;;10094;13;10098;21;;;10091.0;0.0
av_COTTON_d6;53500;ASH_COATED_OSMIUM;10033;21;10029;17;;;10039;16;10043;24;;;10036.0;0.0
av_COTTON_d6;53500;INTARIAN_PEPPER_ROOT;10088;15;10086;23;;;10094;12;10097;11;;;10091.0;0.0
av_COTTON_d6;53600;ASH_COATED_OSMIUM;10032;13;10029;32;;;10041;13;10045;18;;;10036.5;0.0
av_COTTON_d6;53600;INTARIAN_PEPPER_ROOT;10088;14;10084;15;;;10094;15;10098;14;;;10091.0;0.0
av_COTTON_d6;53700;ASH_COATED_OSMIUM;10027;8;10024;20;;;10046;14;10048;19;;;10036.5;0.0
av_COTTON_d6;53700;INTARIAN_PEPPER_ROOT;10087;15;10083;24;;;10093;14;10096;17;;;10090.0;0.0
av_COTTON_d6;53800;ASH_COATED_OSMIUM;10033;14;10031;21;;;10039;16;10042;26;;;10036.0;0.0
av_COTTON_d6;53800;INTARIAN_PEPPER_ROOT;10087;8;10085;17;;;10093;5;10096;13;;;10090.0;0.0
av_COTTON_d6;53900;ASH_COATED_OSMIUM;10025;18;10023;13;;;10049;12;10052;20;;;10037.0;0.0
av_COTTON_d6;53900;INTARIAN_PEPPER_ROOT;10087;15;10084;19;;;10093;16;10096;20;;;10090.0;0.0
av_COTTON_d6;54000;ASH_COATED_OSMIUM;10033;14;10030;18;;;10040;7;10043;25;;;10036.5;0.0
av_COTTON_d6;54000;INTARIAN_PEPPER_ROOT;10087;7;10084;22;;;10093;16;10095;16;;;10090.0;0.0
av_COTTON_d6;54100;ASH_COATED_OSMIUM;10031;19;10029;10;;;10040;15;10043;20;;;10035.5;0.0
av_COTTON_d6;54100;INTARIAN_PEPPER_ROOT;10087;12;10084;28;;;10093;17;10097;31;;;10090.0;0.0
av_COTTON_d6;54200;ASH_COATED_OSMIUM;10028;16;10024;18;;;10044;15;10048;19;;;10036.0;0.0
av_COTTON_d6;54200;INTARIAN_PEPPER_ROOT;10086;14;10083;9;;;10092;13;10096;12;;;10089.0;0.0
av_COTTON_d6;54300;ASH_COATED_OSMIUM;10033;10;10031;22;;;10039;8;10043;21;;;10036.0;0.0
av_COTTON_d6;54300;INTARIAN_PEPPER_ROOT;10082;9;10078;22;;;10098;10;10102;17;;;10090.0;0.0
av_COTTON_d6;54400;ASH_COATED_OSMIUM;10034;18;10031;27;;;10040;17;10044;20;;;10037.0;0.0
av_COTTON_d6;54400;INTARIAN_PEPPER_ROOT;10086;9;10082;21;;;10092;17;10095;15;;;10089.0;0.0
av_COTTON_d6;54500;ASH_COATED_OSMIUM;10032;25;10030;21;;;10039;10;10041;23;;;10035.5;0.0
av_COTTON_d6;54500;INTARIAN_PEPPER_ROOT;10086;24;10083;24;;;10092;19;10096;23;;;10089.0;0.0
av_COTTON_d6;54600;ASH_COATED_OSMIUM;10020;16;10017;14;;;10053;20;10056;16;;;10036.5;0.0
av_COTTON_d6;54600;INTARIAN_PEPPER_ROOT;10086;11;10084;14;;;10092;14;10096;13;;;10089.0;0.0
av_COTTON_d6;54700;ASH_COATED_OSMIUM;10033;16;10030;20;;;10039;13;10041;18;;;10036.0;0.0
av_COTTON_d6;54700;INTARIAN_PEPPER_ROOT;10082;10;10079;15;;;10095;15;10097;30;;;10088.5;0.0
av_COTTON_d6;54800;ASH_COATED_OSMIUM;10032;5;10028;18;;;10040;10;10042;23;;;10036.0;0.0
av_COTTON_d6;54800;INTARIAN_PEPPER_ROOT;10085;9;10083;32;;;10091;12;10095;18;;;10088.0;0.0
av_COTTON_d6;54900;ASH_COATED_OSMIUM;10033;5;10029;26;;;10039;12;10043;13;;;10036.0;0.0
av_COTTON_d6;54900;INTARIAN_PEPPER_ROOT;10080;5;10076;21;;;10098;11;10101;15;;;10089.0;0.0
av_COTTON_d6;55000;ASH_COATED_OSMIUM;10030;11;10027;16;;;10042;15;10046;17;;;10036.0;0.0
av_COTTON_d6;55000;INTARIAN_PEPPER_ROOT;10085;17;10082;19;;;10091;16;10094;20;;;10088.0;0.0
av_COTTON_d6;55100;ASH_COATED_OSMIUM;10034;11;10031;16;;;10040;14;10042;15;;;10037.0;0.0
av_COTTON_d6;55100;INTARIAN_PEPPER_ROOT;10085;28;10081;22;;;10091;11;10095;20;;;10088.0;0.0
av_COTTON_d6;55200;ASH_COATED_OSMIUM;10028;18;10025;11;;;10043;12;10045;15;;;10035.5;0.0
av_COTTON_d6;55200;INTARIAN_PEPPER_ROOT;10079;16;10075;17;;;10097;17;10099;16;;;10088.0;0.0
av_COTTON_d6;55300;ASH_COATED_OSMIUM;10024;12;10020;18;;;10047;19;10049;19;;;10035.5;0.0
av_COTTON_d6;55300;INTARIAN_PEPPER_ROOT;10085;12;10082;15;;;10091;20;10094;15;;;10088.0;0.0
av_COTTON_d6;55400;ASH_COATED_OSMIUM;10033;15;10029;29;;;10039;15;10043;24;;;10036.0;0.0
av_COTTON_d6;55400;INTARIAN_PEPPER_ROOT;10085;14;10081;14;;;10091;15;10095;19;;;10088.0;0.0
av_COTTON_d6;55500;ASH_COATED_OSMIUM;10031;14;10027;25;;;10040;17;10044;22;;;10035.5;0.0
av_COTTON_d6;55500;INTARIAN_PEPPER_ROOT;10083;16;10080;14;;;10093;12;10095;17;;;10088.0;0.0
av_COTTON_d6;55600;ASH_COATED_OSMIUM;10033;12;10031;25;;;10039;9;10042;22;;;10036.0;0.0
av_COTTON_d6;55600;INTARIAN_PEPPER_ROOT;10082;15;10078;20;;;10091;13;10093;29;;;10086.5;0.0
av_COTTON_d6;55700;ASH_COATED_OSMIUM;10018;11;10015;18;;;10055;17;10057;21;;;10036.5;0.0
av_COTTON_d6;55700;INTARIAN_PEPPER_ROOT;10084;11;10082;20;;;10090;13;10094;19;;;10087.0;0.0
av_COTTON_d6;55800;ASH_COATED_OSMIUM;10033;19;10031;18;;;10039;7;10041;15;;;10036.0;0.0
av_COTTON_d6;55800;INTARIAN_PEPPER_ROOT;10084;17;10081;19;;;10090;15;10093;24;;;10087.0;0.0
av_COTTON_d6;55900;ASH_COATED_OSMIUM;10033;15;10031;23;;;10039;5;10043;23;;;10036.0;0.0
av_COTTON_d6;55900;INTARIAN_PEPPER_ROOT;10082;11;10079;21;;;10093;19;10095;30;;;10087.5;0.0
av_COTTON_d6;56000;ASH_COATED_OSMIUM;10033;18;10030;13;;;10039;16;10042;22;;;10036.0;0.0
av_COTTON_d6;56000;INTARIAN_PEPPER_ROOT;10080;18;10078;16;;;10093;27;10095;19;;;10086.5;0.0
av_COTTON_d6;56100;ASH_COATED_OSMIUM;10033;16;10029;16;;;10039;24;10042;14;;;10036.0;0.0
av_COTTON_d6;56100;INTARIAN_PEPPER_ROOT;10084;14;10082;26;;;10090;5;10094;11;;;10087.0;0.0
av_COTTON_d6;56200;ASH_COATED_OSMIUM;10033;23;10031;23;;;10039;13;10042;19;;;10036.0;0.0
av_COTTON_d6;56200;INTARIAN_PEPPER_ROOT;10081;12;10078;16;;;10093;10;10097;12;;;10087.0;0.0
av_COTTON_d6;56300;ASH_COATED_OSMIUM;10033;5;10031;8;;;10039;11;10043;26;;;10036.0;0.0
av_COTTON_d6;56300;INTARIAN_PEPPER_ROOT;10070;15;10066;26;;;10103;15;10107;11;;;10086.5;0.0
