day;timestamp;product;bid_price_1;bid_volume_1;bid_price_2;bid_volume_2;bid_price_3;bid_volume_3;ask_price_1;ask_volume_1;ask_price_2;ask_volume_2;ask_price_3;ask_volume_3;mid_price;profit_and_loss
yf_ZW=F_d4;0;ASH_COATED_OSMIUM;9968;24;9964;16;;;9974;28;9977;24;;;9971.0;0.0
yf_ZW=F_d4;0;INTARIAN_PEPPER_ROOT;12559;21;12555;17;;;12565;15;12568;25;;;12562.0;0.0
yf_ZW=F_d4;100;ASH_COATED_OSMIUM;9968;12;9965;26;;;9974;23;9977;22;;;9971.0;0.0
yf_ZW=F_d4;100;INTARIAN_PEPPER_ROOT;12561;11;12558;21;;;12567;15;12569;14;;;12564.0;0.0
yf_ZW=F_d4;200;ASH_COATED_OSMIUM;9967;19;9964;11;;;9973;16;9975;19;;;9970.0;0.0
yf_ZW=F_d4;200;INTARIAN_PEPPER_ROOT;12560;16;12557;14;;;12566;12;12568;22;;;12563.0;0.0
yf_ZW=F_d4;300;ASH_COATED_OSMIUM;9967;8;9964;25;;;9973;8;9975;25;;;9970.0;0.0
yf_ZW=F_d4;300;INTARIAN_PEPPER_ROOT;12561;8;12557;23;;;12567;19;12570;20;;;12564.0;0.0
yf_ZW=F_d4;400;ASH_COATED_OSMIUM;9967;11;9965;25;;;9973;16;9977;9;;;9970.0;0.0
yf_ZW=F_d4;400;INTARIAN_PEPPER_ROOT;12556;9;12552;28;;;12574;24;12578;25;;;12565.0;0.0
yf_ZW=F_d4;500;ASH_COATED_OSMIUM;9965;12;9962;19;;;9975;18;9977;26;;;9970.0;0.0
yf_ZW=F_d4;500;INTARIAN_PEPPER_ROOT;12563;18;12559;17;;;12569;16;12573;14;;;12566.0;0.0
yf_ZW=F_d4;600;ASH_COATED_OSMIUM;9966;26;9964;9;;;9972;8;9976;25;;;9969.0;0.0
yf_ZW=F_d4;600;INTARIAN_PEPPER_ROOT;12563;17;12560;25;;;12569;20;12572;19;;;12566.0;0.0
yf_ZW=F_d4;700;ASH_COATED_OSMIUM;9945;13;9942;19;;;9994;15;9996;15;;;9969.5;0.0
yf_ZW=F_d4;700;INTARIAN_PEPPER_ROOT;12562;5;12558;20;;;12571;12;12573;20;;;12566.5;0.0
yf_ZW=F_d4;800;ASH_COATED_OSMIUM;9965;25;9962;16;;;9973;8;9975;8;;;9969.0;0.0
yf_ZW=F_d4;800;INTARIAN_PEPPER_ROOT;12562;20;12558;16;;;12571;12;12575;19;;;12566.5;0.0
yf_ZW=F_d4;900;ASH_COATED_OSMIUM;9966;6;9962;14;;;9972;26;9974;20;;;9969.0;0.0
yf_ZW=F_d4;900;INTARIAN_PEPPER_ROOT;12565;16;12562;14;;;12571;21;12575;14;;;12568.0;0.0
yf_ZW=F_d4;1000;ASH_COATED_OSMIUM;9964;19;9961;22;;;9973;19;9977;17;;;9968.5;0.0
yf_ZW=F_d4;1000;INTARIAN_PEPPER_ROOT;12565;12;12562;16;;;12571;17;12573;16;;;12568.0;0.0
yf_ZW=F_d4;1100;ASH_COATED_OSMIUM;9966;24;9962;20;;;9972;18;9976;20;;;9969.0;0.0
yf_ZW=F_d4;1100;INTARIAN_PEPPER_ROOT;12565;11;12562;21;;;12572;9;12574;20;;;12568.5;0.0
yf_ZW=F_d4;1200;ASH_COATED_OSMIUM;9966;8;9964;18;;;9972;16;9975;16;;;9969.0;0.0
yf_ZW=F_d4;1200;INTARIAN_PEPPER_ROOT;12566;19;12563;16;;;12572;12;12576;19;;;12569.0;0.0
yf_ZW=F_d4;1300;ASH_COATED_OSMIUM;9959;11;9956;15;;;9977;13;9981;17;;;9968.0;0.0
yf_ZW=F_d4;1300;INTARIAN_PEPPER_ROOT;12566;10;12562;27;;;12572;14;12576;20;;;12569.0;0.0
yf_ZW=F_d4;1400;ASH_COATED_OSMIUM;9965;25;9963;17;;;9971;10;9974;22;;;9968.0;0.0
yf_ZW=F_d4;1400;INTARIAN_PEPPER_ROOT;12567;15;12563;20;;;12573;19;12577;15;;;12570.0;0.0
yf_ZW=F_d4;1500;ASH_COATED_OSMIUM;9955;11;9952;17;;;9980;21;9984;28;;;9967.5;0.0
yf_ZW=F_d4;1500;INTARIAN_PEPPER_ROOT;12568;18;12564;10;;;12574;13;12578;21;;;12571.0;0.0
yf_ZW=F_d4;1600;ASH_COATED_OSMIUM;9956;14;9954;22;;;9980;13;9984;9;;;9968.0;0.0
yf_ZW=F_d4;1600;INTARIAN_PEPPER_ROOT;12564;9;12561;12;;;12578;14;12582;22;;;12571.0;0.0
yf_ZW=F_d4;1700;ASH_COATED_OSMIUM;9965;15;9963;20;;;9971;19;9974;23;;;9968.0;0.0
yf_ZW=F_d4;1700;INTARIAN_PEPPER_ROOT;12569;16;12565;24;;;12575;18;12579;28;;;12572.0;0.0
yf_ZW=F_d4;1800;ASH_COATED_OSMIUM;9964;17;9960;13;;;9970;9;9972;12;;;9967.0;0.0
yf_ZW=F_d4;1800;INTARIAN_PEPPER_ROOT;12566;19;12562;27;;;12577;22;12579;12;;;12571.5;0.0
yf_ZW=F_d4;1900;ASH_COATED_OSMIUM;9962;27;9958;23;;;9974;7;9976;21;;;9968.0;0.0
yf_ZW=F_d4;1900;INTARIAN_PEPPER_ROOT;12570;16;12566;26;;;12576;23;12579;14;;;12573.0;0.0
yf_ZW=F_d4;2000;ASH_COATED_OSMIUM;9963;15;9961;22;;;9972;14;9975;15;;;9967.5;0.0
yf_ZW=F_d4;2000;INTARIAN_PEPPER_ROOT;12570;18;12568;28;;;12576;15;12579;22;;;12573.0;0.0
yf_ZW=F_d4;2100;ASH_COATED_OSMIUM;9964;23;9962;18;;;9970;14;9972;8;;;9967.0;0.0
yf_ZW=F_d4;2100;INTARIAN_PEPPER_ROOT;12570;7;12567;15;;;12576;10;12579;29;;;12573.0;0.0
yf_ZW=F_d4;2200;ASH_COATED_OSMIUM;9964;19;9962;18;;;9970;17;9973;10;;;9967.0;0.0
yf_ZW=F_d4;2200;INTARIAN_PEPPER_ROOT;12571;17;12569;21;;;12577;14;12579;21;;;12574.0;0.0
yf_ZW=F_d4;2300;ASH_COATED_OSMIUM;9963;19;9960;18;;;9969;14;9973;21;;;9966.0;0.0
yf_ZW=F_d4;2300;INTARIAN_PEPPER_ROOT;12565;11;12563;19;;;12584;12;12588;16;;;12574.5;0.0
yf_ZW=F_d4;2400;ASH_COATED_OSMIUM;9964;13;9961;23;;;9970;13;9973;29;;;9967.0;0.0
yf_ZW=F_d4;2400;INTARIAN_PEPPER_ROOT;12571;23;12567;24;;;12579;19;12581;18;;;12575.0;0.0
yf_ZW=F_d4;2500;ASH_COATED_OSMIUM;9956;17;9952;18;;;9977;14;9979;23;;;9966.5;0.0
yf_ZW=F_d4;2500;INTARIAN_PEPPER_ROOT;12573;19;12570;12;;;12579;21;12581;18;;;12576.0;0.0
yf_ZW=F_d4;2600;ASH_COATED_OSMIUM;9964;10;9962;16;;;9970;18;9973;14;;;9967.0;0.0
yf_ZW=F_d4;2600;INTARIAN_PEPPER_ROOT;12567;15;12565;19;;;12585;8;12587;23;;;12576.0;0.0
yf_ZW=F_d4;2700;ASH_COATED_OSMIUM;9954;17;9950;23;;;9979;20;9981;21;;;9966.5;0.0
yf_ZW=F_d4;2700;INTARIAN_PEPPER_ROOT;12573;11;12569;24;;;12580;16;12582;22;;;12576.5;0.0
yf_ZW=F_d4;2800;ASH_COATED_OSMIUM;9963;5;9959;20;;;9969;17;9973;16;;;9966.0;0.0
yf_ZW=F_d4;2800;INTARIAN_PEPPER_ROOT;12574;11;12572;20;;;12580;22;12583;26;;;12577.0;0.0
yf_ZW=F_d4;2900;ASH_COATED_OSMIUM;9959;8;9955;17;;;9973;17;9975;25;;;9966.0;0.0
yf_ZW=F_d4;2900;INTARIAN_PEPPER_ROOT;12575;20;12571;21;;;12581;6;12584;13;;;12578.0;0.0
yf_ZW=F_d4;3000;ASH_COATED_OSMIUM;9963;19;9961;20;;;9969;14;9972;27;;;9966.0;0.0
yf_ZW=F_d4;3000;INTARIAN_PEPPER_ROOT;12561;19;12558;30;;;12596;18;12598;23;;;12578.5;0.0
yf_ZW=F_d4;3100;ASH_COATED_OSMIUM;9956;12;9953;13;;;9975;14;9979;11;;;9965.5;0.0
yf_ZW=F_d4;3100;INTARIAN_PEPPER_ROOT;12576;26;12574;22;;;12582;22;12584;18;;;12579.0;0.0
yf_ZW=F_d4;3200;ASH_COATED_OSMIUM;9962;17;9960;23;;;9970;16;9973;19;;;9966.0;0.0
yf_ZW=F_d4;3200;INTARIAN_PEPPER_ROOT;12576;10;12573;10;;;12582;9;12584;12;;;12579.0;0.0
yf_ZW=F_d4;3300;ASH_COATED_OSMIUM;9959;16;9955;20;;;9972;14;9974;22;;;9965.5;0.0
yf_ZW=F_d4;3300;INTARIAN_PEPPER_ROOT;12568;10;12565;22;;;12590;6;12594;23;;;12579.0;0.0
yf_ZW=F_d4;3400;ASH_COATED_OSMIUM;9962;13;9960;25;;;9968;18;9972;24;;;9965.0;0.0
yf_ZW=F_d4;3400;INTARIAN_PEPPER_ROOT;12573;11;12570;14;;;12587;6;12590;29;;;12580.0;0.0
yf_ZW=F_d4;3500;ASH_COATED_OSMIUM;9962;11;9960;25;;;9968;15;9970;21;;;9965.0;0.0
yf_ZW=F_d4;3500;INTARIAN_PEPPER_ROOT;12578;7;12576;16;;;12584;7;12587;25;;;12581.0;0.0
yf_ZW=F_d4;3600;ASH_COATED_OSMIUM;9962;13;9958;17;;;9968;10;9972;20;;;9965.0;0.0
yf_ZW=F_d4;3600;INTARIAN_PEPPER_ROOT;12578;8;12574;19;;;12584;10;12587;16;;;12581.0;0.0
yf_ZW=F_d4;3700;ASH_COATED_OSMIUM;9962;19;9958;18;;;9968;15;9972;24;;;9965.0;0.0
yf_ZW=F_d4;3700;INTARIAN_PEPPER_ROOT;12579;18;12577;16;;;12585;24;12589;12;;;12582.0;0.0
yf_ZW=F_d4;3800;ASH_COATED_OSMIUM;9962;22;9959;17;;;9968;21;9970;17;;;9965.0;0.0
yf_ZW=F_d4;3800;INTARIAN_PEPPER_ROOT;12579;13;12576;23;;;12585;22;12587;22;;;12582.0;0.0
yf_ZW=F_d4;3900;ASH_COATED_OSMIUM;9960;16;9957;9;;;9968;15;9971;21;;;9964.0;0.0
yf_ZW=F_d4;3900;INTARIAN_PEPPER_ROOT;12580;13;12576;11;;;12586;21;12589;22;;;12583.0;0.0
yf_ZW=F_d4;4000;ASH_COATED_OSMIUM;9962;11;9959;9;;;9968;11;9971;13;;;9965.0;0.0
yf_ZW=F_d4;4000;INTARIAN_PEPPER_ROOT;12578;10;12575;11;;;12588;16;12591;22;;;12583.0;0.0
yf_ZW=F_d4;4100;ASH_COATED_OSMIUM;9960;20;9958;10;;;9968;13;9971;17;;;9964.0;0.0
yf_ZW=F_d4;4100;INTARIAN_PEPPER_ROOT;12581;19;12579;11;;;12587;11;12591;23;;;12584.0;0.0
yf_ZW=F_d4;4200;ASH_COATED_OSMIUM;9961;15;9958;20;;;9967;14;9971;20;;;9964.0;0.0
yf_ZW=F_d4;4200;INTARIAN_PEPPER_ROOT;12580;13;12578;9;;;12588;10;12592;16;;;12584.0;0.0
yf_ZW=F_d4;4300;ASH_COATED_OSMIUM;9961;20;9957;26;;;9967;13;9969;20;;;9964.0;0.0
yf_ZW=F_d4;4300;INTARIAN_PEPPER_ROOT;12568;15;12564;18;;;12601;11;12604;16;;;12584.5;0.0
yf_ZW=F_d4;4400;ASH_COATED_OSMIUM;9958;13;9954;17;;;9968;10;9970;18;;;9963.0;0.0
yf_ZW=F_d4;4400;INTARIAN_PEPPER_ROOT;12583;7;12580;23;;;12589;14;12593;15;;;12586.0;0.0
yf_ZW=F_d4;4500;ASH_COATED_OSMIUM;9961;14;9959;22;;;9967;16;9971;15;;;9964.0;0.0
yf_ZW=F_d4;4500;INTARIAN_PEPPER_ROOT;12577;21;12573;20;;;12595;19;12597;25;;;12586.0;0.0
yf_ZW=F_d4;4600;ASH_COATED_OSMIUM;9961;12;9958;16;;;9967;14;9970;30;;;9964.0;0.0
yf_ZW=F_d4;4600;INTARIAN_PEPPER_ROOT;12584;13;12580;19;;;12590;16;12592;25;;;12587.0;0.0
yf_ZW=F_d4;4700;ASH_COATED_OSMIUM;9959;11;9956;20;;;9967;20;9969;24;;;9963.0;0.0
yf_ZW=F_d4;4700;INTARIAN_PEPPER_ROOT;12584;16;12581;17;;;12590;8;12594;11;;;12587.0;0.0
yf_ZW=F_d4;4800;ASH_COATED_OSMIUM;9960;13;9958;29;;;9967;19;9969;19;;;9963.5;0.0
yf_ZW=F_d4;4800;INTARIAN_PEPPER_ROOT;12581;17;12577;27;;;12593;10;12596;27;;;12587.0;0.0
yf_ZW=F_d4;4900;ASH_COATED_OSMIUM;9956;8;9953;20;;;9969;10;9971;19;;;9962.5;0.0
yf_ZW=F_d4;4900;INTARIAN_PEPPER_ROOT;12579;17;12576;22;;;12596;11;12599;21;;;12587.5;0.0
yf_ZW=F_d4;5000;ASH_COATED_OSMIUM;9953;12;9949;20;;;9971;19;9973;21;;;9962.0;0.0
yf_ZW=F_d4;5000;INTARIAN_PEPPER_ROOT;12580;10;12577;23;;;12598;11;12602;15;;;12589.0;0.0
yf_ZW=F_d4;5100;ASH_COATED_OSMIUM;9958;12;9954;26;;;9966;15;9968;17;;;9962.0;0.0
yf_ZW=F_d4;5100;INTARIAN_PEPPER_ROOT;12586;12;12584;25;;;12592;21;12595;16;;;12589.0;0.0
yf_ZW=F_d4;5200;ASH_COATED_OSMIUM;9957;9;9955;18;;;9968;7;9972;18;;;9962.5;0.0
yf_ZW=F_d4;5200;INTARIAN_PEPPER_ROOT;12587;9;12585;20;;;12593;15;12596;23;;;12590.0;0.0
yf_ZW=F_d4;5300;ASH_COATED_OSMIUM;9958;12;9955;21;;;9964;18;9968;27;;;9961.0;0.0
yf_ZW=F_d4;5300;INTARIAN_PEPPER_ROOT;12587;12;12584;31;;;12593;7;12595;17;;;12590.0;0.0
yf_ZW=F_d4;5400;ASH_COATED_OSMIUM;9959;22;9955;17;;;9965;17;9969;19;;;9962.0;0.0
yf_ZW=F_d4;5400;INTARIAN_PEPPER_ROOT;12588;18;12585;28;;;12594;17;12596;19;;;12591.0;0.0
yf_ZW=F_d4;5500;ASH_COATED_OSMIUM;9957;21;9955;19;;;9966;17;9970;20;;;9961.5;0.0
yf_ZW=F_d4;5500;INTARIAN_PEPPER_ROOT;12588;13;12585;19;;;12594;16;12598;20;;;12591.0;0.0
yf_ZW=F_d4;5600;ASH_COATED_OSMIUM;9959;20;9955;22;;;9965;12;9969;12;;;9962.0;0.0
yf_ZW=F_d4;5600;INTARIAN_PEPPER_ROOT;12589;13;12585;22;;;12595;5;12598;21;;;12592.0;0.0
yf_ZW=F_d4;5700;ASH_COATED_OSMIUM;9959;15;9956;20;;;9965;18;9967;12;;;9962.0;0.0
yf_ZW=F_d4;5700;INTARIAN_PEPPER_ROOT;12589;14;12585;16;;;12595;12;12597;26;;;12592.0;0.0
yf_ZW=F_d4;5800;ASH_COATED_OSMIUM;9958;19;9955;26;;;9964;14;9966;29;;;9961.0;0.0
yf_ZW=F_d4;5800;INTARIAN_PEPPER_ROOT;12590;14;12586;22;;;12596;16;12598;22;;;12593.0;0.0
yf_ZW=F_d4;5900;ASH_COATED_OSMIUM;9956;17;9953;24;;;9965;18;9968;15;;;9960.5;0.0
yf_ZW=F_d4;5900;INTARIAN_PEPPER_ROOT;12591;18;12589;19;;;12597;9;12600;24;;;12594.0;0.0
yf_ZW=F_d4;6000;ASH_COATED_OSMIUM;9958;6;9955;25;;;9964;21;9968;25;;;9961.0;0.0
yf_ZW=F_d4;6000;INTARIAN_PEPPER_ROOT;12584;12;12580;23;;;12603;15;12606;24;;;12593.5;0.0
yf_ZW=F_d4;6100;ASH_COATED_OSMIUM;9954;12;9951;15;;;9967;11;9971;20;;;9960.5;0.0
yf_ZW=F_d4;6100;INTARIAN_PEPPER_ROOT;12591;18;12589;30;;;12597;19;12600;12;;;12594.0;0.0
yf_ZW=F_d4;6200;ASH_COATED_OSMIUM;9952;12;9949;15;;;9968;14;9972;19;;;9960.0;0.0
yf_ZW=F_d4;6200;INTARIAN_PEPPER_ROOT;12592;16;12589;23;;;12598;15;12602;14;;;12595.0;0.0
yf_ZW=F_d4;6300;ASH_COATED_OSMIUM;9958;21;9955;21;;;9964;22;9966;20;;;9961.0;0.0
yf_ZW=F_d4;6300;INTARIAN_PEPPER_ROOT;12585;11;12581;22;;;12606;20;12609;20;;;12595.5;0.0
yf_ZW=F_d4;6400;ASH_COATED_OSMIUM;9958;8;9955;17;;;9964;5;9966;20;;;9961.0;0.0
yf_ZW=F_d4;6400;INTARIAN_PEPPER_ROOT;12593;12;12591;23;;;12599;17;12602;23;;;12596.0;0.0
yf_ZW=F_d4;6500;ASH_COATED_OSMIUM;9951;15;9948;21;;;9970;11;9973;15;;;9960.5;0.0
yf_ZW=F_d4;6500;INTARIAN_PEPPER_ROOT;12592;11;12589;22;;;12598;15;12600;24;;;12595.0;0.0
yf_ZW=F_d4;6600;ASH_COATED_OSMIUM;9957;8;9953;20;;;9963;13;9966;17;;;9960.0;0.0
yf_ZW=F_d4;6600;INTARIAN_PEPPER_ROOT;12594;10;12592;17;;;12600;16;12604;18;;;12597.0;0.0
yf_ZW=F_d4;6700;ASH_COATED_OSMIUM;9957;15;9954;16;;;9963;10;9965;14;;;9960.0;0.0
yf_ZW=F_d4;6700;INTARIAN_PEPPER_ROOT;12594;24;12592;20;;;12600;9;12604;15;;;12597.0;0.0
yf_ZW=F_d4;6800;ASH_COATED_OSMIUM;9957;29;9955;19;;;9963;12;9967;21;;;9960.0;0.0
yf_ZW=F_d4;6800;INTARIAN_PEPPER_ROOT;12594;22;12592;13;;;12601;17;12603;22;;;12597.5;0.0
yf_ZW=F_d4;6900;ASH_COATED_OSMIUM;9957;10;9953;19;;;9963;23;9965;16;;;9960.0;0.0
yf_ZW=F_d4;6900;INTARIAN_PEPPER_ROOT;12596;18;12592;19;;;12602;10;12605;28;;;12599.0;0.0
yf_ZW=F_d4;7000;ASH_COATED_OSMIUM;9957;13;9953;15;;;9963;12;9965;20;;;9960.0;0.0
yf_ZW=F_d4;7000;INTARIAN_PEPPER_ROOT;12596;13;12594;19;;;12602;17;12605;21;;;12599.0;0.0
yf_ZW=F_d4;7100;ASH_COATED_OSMIUM;9956;17;9953;16;;;9962;12;9964;17;;;9959.0;0.0
yf_ZW=F_d4;7100;INTARIAN_PEPPER_ROOT;12588;13;12586;26;;;12611;5;12613;23;;;12599.5;0.0
yf_ZW=F_d4;7200;ASH_COATED_OSMIUM;9956;9;9952;28;;;9962;24;9965;15;;;9959.0;0.0
yf_ZW=F_d4;7200;INTARIAN_PEPPER_ROOT;12597;13;12595;17;;;12603;14;12606;20;;;12600.0;0.0
yf_ZW=F_d4;7300;ASH_COATED_OSMIUM;9956;10;9954;23;;;9962;15;9964;8;;;9959.0;0.0
yf_ZW=F_d4;7300;INTARIAN_PEPPER_ROOT;12595;16;12593;22;;;12605;9;12609;24;;;12600.0;0.0
yf_ZW=F_d4;7400;ASH_COATED_OSMIUM;9955;5;9953;19;;;9961;10;9963;14;;;9958.0;0.0
yf_ZW=F_d4;7400;INTARIAN_PEPPER_ROOT;12598;9;12594;12;;;12604;17;12606;16;;;12601.0;0.0
yf_ZW=F_d4;7500;ASH_COATED_OSMIUM;9956;20;9954;21;;;9962;11;9965;27;;;9959.0;0.0
yf_ZW=F_d4;7500;INTARIAN_PEPPER_ROOT;12598;17;12596;27;;;12604;15;12606;20;;;12601.0;0.0
yf_ZW=F_d4;7600;ASH_COATED_OSMIUM;9936;8;9933;25;;;9982;16;9986;12;;;9959.0;0.0
yf_ZW=F_d4;7600;INTARIAN_PEPPER_ROOT;12597;9;12593;22;;;12608;19;12610;31;;;12602.5;0.0
yf_ZW=F_d4;7700;ASH_COATED_OSMIUM;9955;10;9951;26;;;9961;16;9963;22;;;9958.0;0.0
yf_ZW=F_d4;7700;INTARIAN_PEPPER_ROOT;12591;14;12589;15;;;12613;12;12615;12;;;12602.0;0.0
yf_ZW=F_d4;7800;ASH_COATED_OSMIUM;9956;30;9953;8;;;9962;11;9964;27;;;9959.0;0.0
yf_ZW=F_d4;7800;INTARIAN_PEPPER_ROOT;12596;21;12593;21;;;12610;14;12614;16;;;12603.0;0.0
yf_ZW=F_d4;7900;ASH_COATED_OSMIUM;9953;9;9951;12;;;9962;5;9966;22;;;9957.5;0.0
yf_ZW=F_d4;7900;INTARIAN_PEPPER_ROOT;12601;16;12598;15;;;12607;9;12611;17;;;12604.0;0.0
yf_ZW=F_d4;8000;ASH_COATED_OSMIUM;9955;14;9953;20;;;9961;20;9965;22;;;9958.0;0.0
yf_ZW=F_d4;8000;INTARIAN_PEPPER_ROOT;12601;29;12597;20;;;12607;14;12611;14;;;12604.0;0.0
yf_ZW=F_d4;8100;ASH_COATED_OSMIUM;9955;12;9952;22;;;9961;10;9965;23;;;9958.0;0.0
yf_ZW=F_d4;8100;INTARIAN_PEPPER_ROOT;12600;7;12597;18;;;12609;20;12612;13;;;12604.5;0.0
yf_ZW=F_d4;8200;ASH_COATED_OSMIUM;9954;14;9952;23;;;9960;5;9964;12;;;9957.0;0.0
yf_ZW=F_d4;8200;INTARIAN_PEPPER_ROOT;12583;15;12580;24;;;12629;21;12631;11;;;12606.0;0.0
yf_ZW=F_d4;8300;ASH_COATED_OSMIUM;9954;17;9950;31;;;9960;9;9963;17;;;9957.0;0.0
yf_ZW=F_d4;8300;INTARIAN_PEPPER_ROOT;12603;13;12600;30;;;12609;16;12612;18;;;12606.0;0.0
yf_ZW=F_d4;8400;ASH_COATED_OSMIUM;9954;16;9951;23;;;9960;10;9964;19;;;9957.0;0.0
yf_ZW=F_d4;8400;INTARIAN_PEPPER_ROOT;12603;21;12601;19;;;12609;15;12612;15;;;12606.0;0.0
yf_ZW=F_d4;8500;ASH_COATED_OSMIUM;9953;7;9949;8;;;9961;9;9964;14;;;9957.0;0.0
yf_ZW=F_d4;8500;INTARIAN_PEPPER_ROOT;12603;17;12600;23;;;12609;19;12611;20;;;12606.0;0.0
yf_ZW=F_d4;8600;ASH_COATED_OSMIUM;9954;12;9951;15;;;9960;10;9964;28;;;9957.0;0.0
yf_ZW=F_d4;8600;INTARIAN_PEPPER_ROOT;12595;14;12593;21;;;12620;16;12624;13;;;12607.5;0.0
yf_ZW=F_d4;8700;ASH_COATED_OSMIUM;9953;10;9951;19;;;9959;11;9962;20;;;9956.0;0.0
yf_ZW=F_d4;8700;INTARIAN_PEPPER_ROOT;12604;27;12601;17;;;12611;9;12613;9;;;12607.5;0.0
yf_ZW=F_d4;8800;ASH_COATED_OSMIUM;9954;10;9951;16;;;9960;6;9962;24;;;9957.0;0.0
yf_ZW=F_d4;8800;INTARIAN_PEPPER_ROOT;12605;19;12601;13;;;12611;16;12613;18;;;12608.0;0.0
yf_ZW=F_d4;8900;ASH_COATED_OSMIUM;9954;19;9951;29;;;9960;25;9962;25;;;9957.0;0.0
yf_ZW=F_d4;8900;INTARIAN_PEPPER_ROOT;12604;10;12602;14;;;12614;22;12618;15;;;12609.0;0.0
yf_ZW=F_d4;9000;ASH_COATED_OSMIUM;9953;18;9950;20;;;9959;17;9961;27;;;9956.0;0.0
yf_ZW=F_d4;9000;INTARIAN_PEPPER_ROOT;12606;11;12602;20;;;12612;9;12616;18;;;12609.0;0.0
yf_ZW=F_d4;9100;ASH_COATED_OSMIUM;9953;16;9949;14;;;9961;8;9963;16;;;9957.0;0.0
yf_ZW=F_d4;9100;INTARIAN_PEPPER_ROOT;12607;21;12605;27;;;12613;15;12615;16;;;12610.0;0.0
yf_ZW=F_d4;9200;ASH_COATED_OSMIUM;9951;10;9949;19;;;9961;12;9965;22;;;9956.0;0.0
yf_ZW=F_d4;9200;INTARIAN_PEPPER_ROOT;12607;8;12603;15;;;12613;19;12615;15;;;12610.0;0.0
yf_ZW=F_d4;9300;ASH_COATED_OSMIUM;9947;13;9943;19;;;9965;5;9967;25;;;9956.0;0.0
yf_ZW=F_d4;9300;INTARIAN_PEPPER_ROOT;12606;16;12604;17;;;12616;11;12618;23;;;12611.0;0.0
yf_ZW=F_d4;9400;ASH_COATED_OSMIUM;9951;16;9947;21;;;9961;6;9964;21;;;9956.0;0.0
yf_ZW=F_d4;9400;INTARIAN_PEPPER_ROOT;12609;8;12606;18;;;12615;14;12618;15;;;12612.0;0.0
yf_ZW=F_d4;9500;ASH_COATED_OSMIUM;9952;13;9948;28;;;9958;16;9961;17;;;9955.0;0.0
yf_ZW=F_d4;9500;INTARIAN_PEPPER_ROOT;12609;13;12605;19;;;12615;13;12617;20;;;12612.0;0.0
yf_ZW=F_d4;9600;ASH_COATED_OSMIUM;9952;18;9949;22;;;9958;11;9961;17;;;9955.0;0.0
yf_ZW=F_d4;9600;INTARIAN_PEPPER_ROOT;12609;16;12607;8;;;12615;25;12618;32;;;12612.0;0.0
yf_ZW=F_d4;9700;ASH_COATED_OSMIUM;9950;5;9947;9;;;9959;17;9961;19;;;9954.5;0.0
yf_ZW=F_d4;9700;INTARIAN_PEPPER_ROOT;12610;21;12607;18;;;12616;16;12619;10;;;12613.0;0.0
yf_ZW=F_d4;9800;ASH_COATED_OSMIUM;9952;13;9949;22;;;9958;5;9962;22;;;9955.0;0.0
yf_ZW=F_d4;9800;INTARIAN_PEPPER_ROOT;12611;15;12609;33;;;12617;17;12620;8;;;12614.0;0.0
yf_ZW=F_d4;9900;ASH_COATED_OSMIUM;9949;17;9946;13;;;9960;17;9963;23;;;9954.5;0.0
yf_ZW=F_d4;9900;INTARIAN_PEPPER_ROOT;12607;22;12604;33;;;12621;17;12625;24;;;12614.0;0.0
yf_ZW=F_d4;10000;ASH_COATED_OSMIUM;9952;12;9949;25;;;9958;13;9960;23;;;9955.0;0.0
yf_ZW=F_d4;10000;INTARIAN_PEPPER_ROOT;12612;12;12609;24;;;12618;19;12622;19;;;12615.0;0.0
yf_ZW=F_d4;10100;ASH_COATED_OSMIUM;9951;13;9947;18;;;9957;15;9960;23;;;9954.0;0.0
yf_ZW=F_d4;10100;INTARIAN_PEPPER_ROOT;12612;16;12610;21;;;12618;14;12620;20;;;12615.0;0.0
yf_ZW=F_d4;10200;ASH_COATED_OSMIUM;9945;9;9943;21;;;9964;22;9968;25;;;9954.5;0.0
yf_ZW=F_d4;10200;INTARIAN_PEPPER_ROOT;12613;14;12610;19;;;12619;23;12623;10;;;12616.0;0.0
yf_ZW=F_d4;10300;ASH_COATED_OSMIUM;9951;8;9948;22;;;9957;16;9959;14;;;9954.0;0.0
yf_ZW=F_d4;10300;INTARIAN_PEPPER_ROOT;12605;18;12602;18;;;12628;25;12630;8;;;12616.5;0.0
yf_ZW=F_d4;10400;ASH_COATED_OSMIUM;9951;22;9947;16;;;9957;15;9959;16;;;9954.0;0.0
yf_ZW=F_d4;10400;INTARIAN_PEPPER_ROOT;12613;13;12611;22;;;12619;19;12622;15;;;12616.0;0.0
yf_ZW=F_d4;10500;ASH_COATED_OSMIUM;9951;17;9947;18;;;9957;13;9959;18;;;9954.0;0.0
yf_ZW=F_d4;10500;INTARIAN_PEPPER_ROOT;12614;12;12611;16;;;12620;19;12624;17;;;12617.0;0.0
yf_ZW=F_d4;10600;ASH_COATED_OSMIUM;9950;23;9947;20;;;9957;21;9959;27;;;9953.5;0.0
yf_ZW=F_d4;10600;INTARIAN_PEPPER_ROOT;12614;9;12610;29;;;12620;8;12622;21;;;12617.0;0.0
yf_ZW=F_d4;10700;ASH_COATED_OSMIUM;9950;5;9946;20;;;9957;19;9960;23;;;9953.5;0.0
yf_ZW=F_d4;10700;INTARIAN_PEPPER_ROOT;12615;12;12612;30;;;12621;18;12623;19;;;12618.0;0.0
yf_ZW=F_d4;10800;ASH_COATED_OSMIUM;9949;14;9946;15;;;9958;10;9962;19;;;9953.5;0.0
yf_ZW=F_d4;10800;INTARIAN_PEPPER_ROOT;12615;13;12613;21;;;12621;20;12625;14;;;12618.0;0.0
yf_ZW=F_d4;10900;ASH_COATED_OSMIUM;9950;8;9947;14;;;9956;10;9960;20;;;9953.0;0.0
yf_ZW=F_d4;10900;INTARIAN_PEPPER_ROOT;12616;17;12613;16;;;12622;5;12625;13;;;12619.0;0.0
yf_ZW=F_d4;11000;ASH_COATED_OSMIUM;9950;11;9947;21;;;9956;15;9960;32;;;9953.0;0.0
yf_ZW=F_d4;11000;INTARIAN_PEPPER_ROOT;12616;17;12613;17;;;12622;10;12625;13;;;12619.0;0.0
yf_ZW=F_d4;11100;ASH_COATED_OSMIUM;9950;22;9946;17;;;9956;19;9959;19;;;9953.0;0.0
yf_ZW=F_d4;11100;INTARIAN_PEPPER_ROOT;12617;15;12613;17;;;12623;17;12627;18;;;12620.0;0.0
yf_ZW=F_d4;11200;ASH_COATED_OSMIUM;9949;13;9947;21;;;9957;12;9960;23;;;9953.0;0.0
yf_ZW=F_d4;11200;INTARIAN_PEPPER_ROOT;12618;17;12616;20;;;12624;15;12626;17;;;12621.0;0.0
yf_ZW=F_d4;11300;ASH_COATED_OSMIUM;9949;12;9946;21;;;9955;5;9958;13;;;9952.0;0.0
yf_ZW=F_d4;11300;INTARIAN_PEPPER_ROOT;12618;13;12614;28;;;12624;18;12626;12;;;12621.0;0.0
yf_ZW=F_d4;11400;ASH_COATED_OSMIUM;9948;15;9944;19;;;9957;17;9960;23;;;9952.5;0.0
yf_ZW=F_d4;11400;INTARIAN_PEPPER_ROOT;12619;14;12617;20;;;12625;22;12627;19;;;12622.0;0.0
yf_ZW=F_d4;11500;ASH_COATED_OSMIUM;9949;10;9947;20;;;9955;18;9957;18;;;9952.0;0.0
yf_ZW=F_d4;11500;INTARIAN_PEPPER_ROOT;12619;23;12615;17;;;12626;15;12630;24;;;12622.5;0.0
yf_ZW=F_d4;11600;ASH_COATED_OSMIUM;9949;11;9945;17;;;9955;19;9957;26;;;9952.0;0.0
yf_ZW=F_d4;11600;INTARIAN_PEPPER_ROOT;12619;20;12616;8;;;12626;20;12628;22;;;12622.5;0.0
yf_ZW=F_d4;11700;ASH_COATED_OSMIUM;9948;11;9945;14;;;9955;14;9959;16;;;9951.5;0.0
yf_ZW=F_d4;11700;INTARIAN_PEPPER_ROOT;12620;11;12617;17;;;12626;12;12628;14;;;12623.0;0.0
yf_ZW=F_d4;11800;ASH_COATED_OSMIUM;9949;11;9946;19;;;9955;14;9958;20;;;9952.0;0.0
yf_ZW=F_d4;11800;INTARIAN_PEPPER_ROOT;12619;20;12617;26;;;12628;19;12631;17;;;12623.5;0.0
yf_ZW=F_d4;11900;ASH_COATED_OSMIUM;9948;8;9945;17;;;9954;11;9958;20;;;9951.0;0.0
yf_ZW=F_d4;11900;INTARIAN_PEPPER_ROOT;12613;15;12611;23;;;12636;5;12640;31;;;12624.5;0.0
yf_ZW=F_d4;12000;ASH_COATED_OSMIUM;9940;19;9937;29;;;9963;26;9967;19;;;9951.5;0.0
yf_ZW=F_d4;12000;INTARIAN_PEPPER_ROOT;12615;13;12611;22;;;12633;10;12637;19;;;12624.0;0.0
yf_ZW=F_d4;12100;ASH_COATED_OSMIUM;9937;24;9933;27;;;9966;20;9968;12;;;9951.5;0.0
yf_ZW=F_d4;12100;INTARIAN_PEPPER_ROOT;12621;12;12617;15;;;12629;18;12631;31;;;12625.0;0.0
yf_ZW=F_d4;12200;ASH_COATED_OSMIUM;9949;14;9947;17;;;9955;21;9958;23;;;9952.0;0.0
yf_ZW=F_d4;12200;INTARIAN_PEPPER_ROOT;12617;18;12613;13;;;12635;16;12637;16;;;12626.0;0.0
yf_ZW=F_d4;12300;ASH_COATED_OSMIUM;9939;13;9937;27;;;9964;20;9968;30;;;9951.5;0.0
yf_ZW=F_d4;12300;INTARIAN_PEPPER_ROOT;12623;13;12619;21;;;12630;12;12633;22;;;12626.5;0.0
yf_ZW=F_d4;12400;ASH_COATED_OSMIUM;9948;6;9945;24;;;9954;22;9956;12;;;9951.0;0.0
yf_ZW=F_d4;12400;INTARIAN_PEPPER_ROOT;12623;19;12620;23;;;12631;18;12633;25;;;12627.0;0.0
yf_ZW=F_d4;12500;ASH_COATED_OSMIUM;9948;17;9945;22;;;9954;16;9958;14;;;9951.0;0.0
yf_ZW=F_d4;12500;INTARIAN_PEPPER_ROOT;12624;16;12621;15;;;12630;9;12634;22;;;12627.0;0.0
yf_ZW=F_d4;12600;ASH_COATED_OSMIUM;9947;16;9945;16;;;9953;19;9957;18;;;9950.0;0.0
yf_ZW=F_d4;12600;INTARIAN_PEPPER_ROOT;12620;24;12616;18;;;12635;29;12638;19;;;12627.5;0.0
yf_ZW=F_d4;12700;ASH_COATED_OSMIUM;9948;14;9946;26;;;9954;20;9956;18;;;9951.0;0.0
yf_ZW=F_d4;12700;INTARIAN_PEPPER_ROOT;12623;11;12620;26;;;12635;5;12639;27;;;12629.0;0.0
yf_ZW=F_d4;12800;ASH_COATED_OSMIUM;9947;17;9943;17;;;9953;18;9956;13;;;9950.0;0.0
yf_ZW=F_d4;12800;INTARIAN_PEPPER_ROOT;12616;12;12614;24;;;12641;17;12644;18;;;12628.5;0.0
yf_ZW=F_d4;12900;ASH_COATED_OSMIUM;9943;14;9939;20;;;9955;16;9958;17;;;9949.0;0.0
yf_ZW=F_d4;12900;INTARIAN_PEPPER_ROOT;12627;21;12625;16;;;12633;12;12636;21;;;12630.0;0.0
yf_ZW=F_d4;13000;ASH_COATED_OSMIUM;9943;14;9941;16;;;9957;14;9959;15;;;9950.0;0.0
yf_ZW=F_d4;13000;INTARIAN_PEPPER_ROOT;12624;17;12622;16;;;12635;21;12639;17;;;12629.5;0.0
yf_ZW=F_d4;13100;ASH_COATED_OSMIUM;9947;10;9945;20;;;9953;16;9955;23;;;9950.0;0.0
yf_ZW=F_d4;13100;INTARIAN_PEPPER_ROOT;12619;14;12617;25;;;12641;15;12643;19;;;12630.0;0.0
yf_ZW=F_d4;13200;ASH_COATED_OSMIUM;9947;18;9944;23;;;9953;10;9955;21;;;9950.0;0.0
yf_ZW=F_d4;13200;INTARIAN_PEPPER_ROOT;12628;22;12625;21;;;12634;17;12636;26;;;12631.0;0.0
yf_ZW=F_d4;13300;ASH_COATED_OSMIUM;9939;18;9936;28;;;9961;25;9965;25;;;9950.0;0.0
yf_ZW=F_d4;13300;INTARIAN_PEPPER_ROOT;12626;7;12622;23;;;12636;14;12638;11;;;12631.0;0.0
yf_ZW=F_d4;13400;ASH_COATED_OSMIUM;9943;16;9939;17;;;9956;13;9958;12;;;9949.5;0.0
yf_ZW=F_d4;13400;INTARIAN_PEPPER_ROOT;12627;9;12623;27;;;12637;16;12639;18;;;12632.0;0.0
yf_ZW=F_d4;13500;ASH_COATED_OSMIUM;9939;15;9935;15;;;9958;15;9962;12;;;9948.5;0.0
yf_ZW=F_d4;13500;INTARIAN_PEPPER_ROOT;12629;14;12627;19;;;12635;9;12639;13;;;12632.0;0.0
yf_ZW=F_d4;13600;ASH_COATED_OSMIUM;9946;11;9943;20;;;9952;8;9954;19;;;9949.0;0.0
yf_ZW=F_d4;13600;INTARIAN_PEPPER_ROOT;12630;15;12628;19;;;12636;14;12639;27;;;12633.0;0.0
yf_ZW=F_d4;13700;ASH_COATED_OSMIUM;9946;10;9943;22;;;9952;16;9956;22;;;9949.0;0.0
yf_ZW=F_d4;13700;INTARIAN_PEPPER_ROOT;12630;21;12627;29;;;12636;12;12639;17;;;12633.0;0.0
yf_ZW=F_d4;13800;ASH_COATED_OSMIUM;9946;12;9944;14;;;9952;14;9954;19;;;9949.0;0.0
yf_ZW=F_d4;13800;INTARIAN_PEPPER_ROOT;12629;19;12626;21;;;12639;9;12641;14;;;12634.0;0.0
yf_ZW=F_d4;13900;ASH_COATED_OSMIUM;9946;13;9944;18;;;9952;14;9954;17;;;9949.0;0.0
yf_ZW=F_d4;13900;INTARIAN_PEPPER_ROOT;12632;25;12629;21;;;12638;21;12641;17;;;12635.0;0.0
yf_ZW=F_d4;14000;ASH_COATED_OSMIUM;9945;19;9942;23;;;9951;8;9953;21;;;9948.0;0.0
yf_ZW=F_d4;14000;INTARIAN_PEPPER_ROOT;12626;10;12622;16;;;12644;20;12646;21;;;12635.0;0.0
yf_ZW=F_d4;14100;ASH_COATED_OSMIUM;9945;20;9942;13;;;9951;13;9953;32;;;9948.0;0.0
yf_ZW=F_d4;14100;INTARIAN_PEPPER_ROOT;12627;17;12623;24;;;12645;10;12648;27;;;12636.0;0.0
yf_ZW=F_d4;14200;ASH_COATED_OSMIUM;9942;14;9940;21;;;9955;20;9958;27;;;9948.5;0.0
yf_ZW=F_d4;14200;INTARIAN_PEPPER_ROOT;12632;11;12629;25;;;12641;9;12643;17;;;12636.5;0.0
yf_ZW=F_d4;14300;ASH_COATED_OSMIUM;9944;14;9941;22;;;9950;16;9952;12;;;9947.0;0.0
yf_ZW=F_d4;14300;INTARIAN_PEPPER_ROOT;12634;13;12631;17;;;12640;7;12644;18;;;12637.0;0.0
yf_ZW=F_d4;14400;ASH_COATED_OSMIUM;9946;14;9942;18;;;9952;19;9956;27;;;9949.0;0.0
yf_ZW=F_d4;14400;INTARIAN_PEPPER_ROOT;12632;15;12630;20;;;12642;9;12644;27;;;12637.0;0.0
yf_ZW=F_d4;14500;ASH_COATED_OSMIUM;9945;19;9943;23;;;9951;13;9953;19;;;9948.0;0.0
yf_ZW=F_d4;14500;INTARIAN_PEPPER_ROOT;12629;18;12625;23;;;12647;9;12651;21;;;12638.0;0.0
yf_ZW=F_d4;14600;ASH_COATED_OSMIUM;9944;12;9940;18;;;9951;16;9953;16;;;9947.5;0.0
yf_ZW=F_d4;14600;INTARIAN_PEPPER_ROOT;12635;5;12631;21;;;12641;17;12645;18;;;12638.0;0.0
yf_ZW=F_d4;14700;ASH_COATED_OSMIUM;9941;15;9937;22;;;9953;14;9955;20;;;9947.0;0.0
yf_ZW=F_d4;14700;INTARIAN_PEPPER_ROOT;12636;14;12633;23;;;12642;12;12646;18;;;12639.0;0.0
yf_ZW=F_d4;14800;ASH_COATED_OSMIUM;9937;15;9934;28;;;9957;7;9960;22;;;9947.0;0.0
yf_ZW=F_d4;14800;INTARIAN_PEPPER_ROOT;12637;10;12633;14;;;12643;10;12647;14;;;12640.0;0.0
yf_ZW=F_d4;14900;ASH_COATED_OSMIUM;9944;21;9941;26;;;9951;19;9953;35;;;9947.5;0.0
yf_ZW=F_d4;14900;INTARIAN_PEPPER_ROOT;12637;19;12633;22;;;12643;10;12646;18;;;12640.0;0.0
yf_ZW=F_d4;15000;ASH_COATED_OSMIUM;9941;5;9938;14;;;9953;15;9956;31;;;9947.0;0.0
yf_ZW=F_d4;15000;INTARIAN_PEPPER_ROOT;12633;16;12630;20;;;12649;12;12652;22;;;12641.0;0.0
yf_ZW=F_d4;15100;ASH_COATED_OSMIUM;9937;7;9935;24;;;9957;5;9961;25;;;9947.0;0.0
yf_ZW=F_d4;15100;INTARIAN_PEPPER_ROOT;12635;19;12631;13;;;12646;12;12649;14;;;12640.5;0.0
yf_ZW=F_d4;15200;ASH_COATED_OSMIUM;9944;14;9941;22;;;9950;13;9952;16;;;9947.0;0.0
yf_ZW=F_d4;15200;INTARIAN_PEPPER_ROOT;12638;14;12636;15;;;12644;13;12648;17;;;12641.0;0.0
yf_ZW=F_d4;15300;ASH_COATED_OSMIUM;9944;19;9941;20;;;9950;13;9954;28;;;9947.0;0.0
yf_ZW=F_d4;15300;INTARIAN_PEPPER_ROOT;12636;18;12634;19;;;12647;11;12650;25;;;12641.5;0.0
yf_ZW=F_d4;15400;ASH_COATED_OSMIUM;9943;12;9939;13;;;9949;5;9953;24;;;9946.0;0.0
yf_ZW=F_d4;15400;INTARIAN_PEPPER_ROOT;12639;18;12635;22;;;12645;15;12647;18;;;12642.0;0.0
yf_ZW=F_d4;15500;ASH_COATED_OSMIUM;9943;18;9941;20;;;9949;22;9953;21;;;9946.0;0.0
yf_ZW=F_d4;15500;INTARIAN_PEPPER_ROOT;12639;24;12637;12;;;12647;12;12650;21;;;12643.0;0.0
yf_ZW=F_d4;15600;ASH_COATED_OSMIUM;9943;9;9939;22;;;9949;9;9953;25;;;9946.0;0.0
yf_ZW=F_d4;15600;INTARIAN_PEPPER_ROOT;12639;9;12637;8;;;12648;14;12650;21;;;12643.5;0.0
yf_ZW=F_d4;15700;ASH_COATED_OSMIUM;9940;14;9938;16;;;9951;16;9955;21;;;9945.5;0.0
yf_ZW=F_d4;15700;INTARIAN_PEPPER_ROOT;12641;20;12637;23;;;12647;7;12651;8;;;12644.0;0.0
yf_ZW=F_d4;15800;ASH_COATED_OSMIUM;9941;13;9938;17;;;9950;21;9952;15;;;9945.5;0.0
yf_ZW=F_d4;15800;INTARIAN_PEPPER_ROOT;12642;12;12640;22;;;12648;12;12651;26;;;12645.0;0.0
yf_ZW=F_d4;15900;ASH_COATED_OSMIUM;9942;12;9940;31;;;9948;18;9951;21;;;9945.0;0.0
yf_ZW=F_d4;15900;INTARIAN_PEPPER_ROOT;12642;12;12638;20;;;12648;20;12652;24;;;12645.0;0.0
yf_ZW=F_d4;16000;ASH_COATED_OSMIUM;9942;11;9940;24;;;9948;8;9951;19;;;9945.0;0.0
yf_ZW=F_d4;16000;INTARIAN_PEPPER_ROOT;12643;11;12641;16;;;12649;10;12652;28;;;12646.0;0.0
yf_ZW=F_d4;16100;ASH_COATED_OSMIUM;9942;10;9938;19;;;9948;20;9952;9;;;9945.0;0.0
yf_ZW=F_d4;16100;INTARIAN_PEPPER_ROOT;12643;9;12639;18;;;12649;14;12653;18;;;12646.0;0.0
yf_ZW=F_d4;16200;ASH_COATED_OSMIUM;9942;15;9938;14;;;9948;10;9951;18;;;9945.0;0.0
yf_ZW=F_d4;16200;INTARIAN_PEPPER_ROOT;12643;13;12640;24;;;12649;19;12653;20;;;12646.0;0.0
yf_ZW=F_d4;16300;ASH_COATED_OSMIUM;9941;5;9939;21;;;9947;19;9950;31;;;9944.0;0.0
yf_ZW=F_d4;16300;INTARIAN_PEPPER_ROOT;12644;19;12641;29;;;12650;20;12652;14;;;12647.0;0.0
yf_ZW=F_d4;16400;ASH_COATED_OSMIUM;9940;5;9937;21;;;9949;21;9952;15;;;9944.5;0.0
yf_ZW=F_d4;16400;INTARIAN_PEPPER_ROOT;12643;14;12641;24;;;12652;17;12654;28;;;12647.5;0.0
yf_ZW=F_d4;16500;ASH_COATED_OSMIUM;9942;20;9939;26;;;9948;10;9950;26;;;9945.0;0.0
yf_ZW=F_d4;16500;INTARIAN_PEPPER_ROOT;12644;13;12642;23;;;12650;16;12652;19;;;12647.0;0.0
yf_ZW=F_d4;16600;ASH_COATED_OSMIUM;9933;13;9929;23;;;9956;13;9959;20;;;9944.5;0.0
yf_ZW=F_d4;16600;INTARIAN_PEPPER_ROOT;12645;15;12642;13;;;12653;14;12656;15;;;12649.0;0.0
yf_ZW=F_d4;16700;ASH_COATED_OSMIUM;9938;12;9934;18;;;9949;15;9953;21;;;9943.5;0.0
yf_ZW=F_d4;16700;INTARIAN_PEPPER_ROOT;12646;15;12644;20;;;12652;14;12656;22;;;12649.0;0.0
yf_ZW=F_d4;16800;ASH_COATED_OSMIUM;9935;20;9933;26;;;9953;17;9956;13;;;9944.0;0.0
yf_ZW=F_d4;16800;INTARIAN_PEPPER_ROOT;12644;15;12640;28;;;12654;9;12658;19;;;12649.0;0.0
yf_ZW=F_d4;16900;ASH_COATED_OSMIUM;9941;20;9937;21;;;9947;15;9951;13;;;9944.0;0.0
yf_ZW=F_d4;16900;INTARIAN_PEPPER_ROOT;12646;6;12643;15;;;12654;20;12656;21;;;12650.0;0.0
yf_ZW=F_d4;17000;ASH_COATED_OSMIUM;9939;16;9936;13;;;9949;15;9952;14;;;9944.0;0.0
yf_ZW=F_d4;17000;INTARIAN_PEPPER_ROOT;12638;18;12635;16;;;12665;19;12668;11;;;12651.5;0.0
yf_ZW=F_d4;17100;ASH_COATED_OSMIUM;9941;12;9938;11;;;9947;19;9949;16;;;9944.0;0.0
yf_ZW=F_d4;17100;INTARIAN_PEPPER_ROOT;12648;12;12644;16;;;12654;18;12656;15;;;12651.0;0.0
yf_ZW=F_d4;17200;ASH_COATED_OSMIUM;9940;21;9938;21;;;9946;24;9948;18;;;9943.0;0.0
yf_ZW=F_d4;17200;INTARIAN_PEPPER_ROOT;12644;12;12642;17;;;12662;20;12665;22;;;12653.0;0.0
yf_ZW=F_d4;17300;ASH_COATED_OSMIUM;9937;18;9934;22;;;9950;22;9953;16;;;9943.5;0.0
yf_ZW=F_d4;17300;INTARIAN_PEPPER_ROOT;12649;12;12647;20;;;12657;5;12661;22;;;12653.0;0.0
yf_ZW=F_d4;17400;ASH_COATED_OSMIUM;9941;11;9937;23;;;9947;15;9949;23;;;9944.0;0.0
yf_ZW=F_d4;17400;INTARIAN_PEPPER_ROOT;12651;17;12649;12;;;12657;22;12659;15;;;12654.0;0.0
yf_ZW=F_d4;17500;ASH_COATED_OSMIUM;9941;16;9938;24;;;9947;20;9951;13;;;9944.0;0.0
yf_ZW=F_d4;17500;INTARIAN_PEPPER_ROOT;12652;17;12650;20;;;12658;8;12660;19;;;12655.0;0.0
yf_ZW=F_d4;17600;ASH_COATED_OSMIUM;9940;22;9938;29;;;9946;19;9949;17;;;9943.0;0.0
yf_ZW=F_d4;17600;INTARIAN_PEPPER_ROOT;12654;11;12650;19;;;12660;19;12663;26;;;12657.0;0.0
yf_ZW=F_d4;17700;ASH_COATED_OSMIUM;9940;16;9936;21;;;9946;5;9949;32;;;9943.0;0.0
yf_ZW=F_d4;17700;INTARIAN_PEPPER_ROOT;12655;9;12653;17;;;12661;13;12665;22;;;12658.0;0.0
yf_ZW=F_d4;17800;ASH_COATED_OSMIUM;9939;22;9936;14;;;9947;27;9950;18;;;9943.0;0.0
yf_ZW=F_d4;17800;INTARIAN_PEPPER_ROOT;12655;14;12653;13;;;12661;9;12663;23;;;12658.0;0.0
yf_ZW=F_d4;17900;ASH_COATED_OSMIUM;9940;11;9937;12;;;9946;10;9950;26;;;9943.0;0.0
yf_ZW=F_d4;17900;INTARIAN_PEPPER_ROOT;12655;9;12652;10;;;12664;20;12666;18;;;12659.5;0.0
yf_ZW=F_d4;18000;ASH_COATED_OSMIUM;9940;15;9936;20;;;9946;14;9948;22;;;9943.0;0.0
yf_ZW=F_d4;18000;INTARIAN_PEPPER_ROOT;12655;11;12652;23;;;12666;12;12669;20;;;12660.5;0.0
yf_ZW=F_d4;18100;ASH_COATED_OSMIUM;9937;8;9934;21;;;9949;12;9951;26;;;9943.0;0.0
yf_ZW=F_d4;18100;INTARIAN_PEPPER_ROOT;12657;9;12653;16;;;12667;20;12669;9;;;12662.0;0.0
yf_ZW=F_d4;18200;ASH_COATED_OSMIUM;9940;11;9936;19;;;9946;16;9949;23;;;9943.0;0.0
yf_ZW=F_d4;18200;INTARIAN_PEPPER_ROOT;12659;14;12656;11;;;12665;20;12668;15;;;12662.0;0.0
yf_ZW=F_d4;18300;ASH_COATED_OSMIUM;9940;18;9936;23;;;9946;20;9949;23;;;9943.0;0.0
yf_ZW=F_d4;18300;INTARIAN_PEPPER_ROOT;12658;15;12656;24;;;12670;15;12672;19;;;12664.0;0.0
yf_ZW=F_d4;18400;ASH_COATED_OSMIUM;9940;25;9936;19;;;9946;9;9949;13;;;9943.0;0.0
yf_ZW=F_d4;18400;INTARIAN_PEPPER_ROOT;12659;12;12656;31;;;12670;16;12672;14;;;12664.5;0.0
yf_ZW=F_d4;18500;ASH_COATED_OSMIUM;9940;5;9936;8;;;9946;9;9950;12;;;9943.0;0.0
yf_ZW=F_d4;18500;INTARIAN_PEPPER_ROOT;12662;18;12660;17;;;12668;16;12672;30;;;12665.0;0.0
yf_ZW=F_d4;18600;ASH_COATED_OSMIUM;9940;6;9936;21;;;9946;14;9950;32;;;9943.0;0.0
yf_ZW=F_d4;18600;INTARIAN_PEPPER_ROOT;12651;16;12648;22;;;12681;11;12683;19;;;12666.0;0.0
yf_ZW=F_d4;18700;ASH_COATED_OSMIUM;9934;14;9931;22;;;9953;9;9957;23;;;9943.5;0.0
yf_ZW=F_d4;18700;INTARIAN_PEPPER_ROOT;12661;15;12658;17;;;12672;14;12676;24;;;12666.5;0.0
yf_ZW=F_d4;18800;ASH_COATED_OSMIUM;9940;21;9938;32;;;9946;14;9950;26;;;9943.0;0.0
yf_ZW=F_d4;18800;INTARIAN_PEPPER_ROOT;12661;16;12659;22;;;12677;13;12680;21;;;12669.0;0.0
yf_ZW=F_d4;18900;ASH_COATED_OSMIUM;9940;21;9938;8;;;9946;17;9948;20;;;9943.0;0.0
yf_ZW=F_d4;18900;INTARIAN_PEPPER_ROOT;12665;17;12662;15;;;12674;8;12678;18;;;12669.5;0.0
yf_ZW=F_d4;19000;ASH_COATED_OSMIUM;9938;10;9934;19;;;9947;11;9951;26;;;9942.5;0.0
yf_ZW=F_d4;19000;INTARIAN_PEPPER_ROOT;12664;22;12662;20;;;12676;20;12678;21;;;12670.0;0.0
yf_ZW=F_d4;19100;ASH_COATED_OSMIUM;9940;19;9936;20;;;9946;11;9949;15;;;9943.0;0.0
yf_ZW=F_d4;19100;INTARIAN_PEPPER_ROOT;12668;18;12664;15;;;12674;15;12676;19;;;12671.0;0.0
yf_ZW=F_d4;19200;ASH_COATED_OSMIUM;9939;17;9937;13;;;9948;7;9951;21;;;9943.5;0.0
yf_ZW=F_d4;19200;INTARIAN_PEPPER_ROOT;12669;20;12667;17;;;12675;21;12679;23;;;12672.0;0.0
yf_ZW=F_d4;19300;ASH_COATED_OSMIUM;9939;14;9937;23;;;9945;5;9947;18;;;9942.0;0.0
yf_ZW=F_d4;19300;INTARIAN_PEPPER_ROOT;12664;19;12661;15;;;12682;14;12685;18;;;12673.0;0.0
yf_ZW=F_d4;19400;ASH_COATED_OSMIUM;9939;10;9935;10;;;9945;15;9949;27;;;9942.0;0.0
yf_ZW=F_d4;19400;INTARIAN_PEPPER_ROOT;12655;7;12653;12;;;12693;6;12697;14;;;12674.0;0.0
yf_ZW=F_d4;19500;ASH_COATED_OSMIUM;9931;12;9928;29;;;9954;17;9956;10;;;9942.5;0.0
yf_ZW=F_d4;19500;INTARIAN_PEPPER_ROOT;12673;15;12670;19;;;12679;13;12682;23;;;12676.0;0.0
yf_ZW=F_d4;19600;ASH_COATED_OSMIUM;9939;11;9936;25;;;9947;15;9951;18;;;9943.0;0.0
yf_ZW=F_d4;19600;INTARIAN_PEPPER_ROOT;12673;10;12670;22;;;12679;17;12683;21;;;12676.0;0.0
yf_ZW=F_d4;19700;ASH_COATED_OSMIUM;9940;7;9938;17;;;9946;9;9949;14;;;9943.0;0.0
yf_ZW=F_d4;19700;INTARIAN_PEPPER_ROOT;12674;20;12671;8;;;12680;10;12684;23;;;12677.0;0.0
yf_ZW=F_d4;19800;ASH_COATED_OSMIUM;9932;8;9928;22;;;9954;16;9957;22;;;9943.0;0.0
yf_ZW=F_d4;19800;INTARIAN_PEPPER_ROOT;12673;20;12670;21;;;12681;10;12685;9;;;12677.0;0.0
yf_ZW=F_d4;19900;ASH_COATED_OSMIUM;9939;13;9936;21;;;9945;11;9947;16;;;9942.0;0.0
yf_ZW=F_d4;19900;INTARIAN_PEPPER_ROOT;12671;20;12668;20;;;12686;16;12689;13;;;12678.5;0.0
yf_ZW=F_d4;20000;ASH_COATED_OSMIUM;9922;6;9918;23;;;9963;11;9966;12;;;9942.5;0.0
yf_ZW=F_d4;20000;INTARIAN_PEPPER_ROOT;12677;17;12675;21;;;12683;11;12685;29;;;12680.0;0.0
yf_ZW=F_d4;20100;ASH_COATED_OSMIUM;9940;13;9936;20;;;9946;23;9949;20;;;9943.0;0.0
yf_ZW=F_d4;20100;INTARIAN_PEPPER_ROOT;12678;16;12675;13;;;12684;17;12686;15;;;12681.0;0.0
yf_ZW=F_d4;20200;ASH_COATED_OSMIUM;9939;12;9937;24;;;9945;8;9948;16;;;9942.0;0.0
yf_ZW=F_d4;20200;INTARIAN_PEPPER_ROOT;12679;11;12675;23;;;12685;24;12689;23;;;12682.0;0.0
yf_ZW=F_d4;20300;ASH_COATED_OSMIUM;9932;10;9928;22;;;9954;10;9956;25;;;9943.0;0.0
yf_ZW=F_d4;20300;INTARIAN_PEPPER_ROOT;12679;7;12677;21;;;12687;15;12690;10;;;12683.0;0.0
yf_ZW=F_d4;20400;ASH_COATED_OSMIUM;9935;8;9933;23;;;9949;18;9953;21;;;9942.0;0.0
yf_ZW=F_d4;20400;INTARIAN_PEPPER_ROOT;12681;11;12679;13;;;12687;21;12691;28;;;12684.0;0.0
yf_ZW=F_d4;20500;ASH_COATED_OSMIUM;9939;24;9936;15;;;9945;25;9949;11;;;9942.0;0.0
yf_ZW=F_d4;20500;INTARIAN_PEPPER_ROOT;12678;8;12674;22;;;12692;9;12695;8;;;12685.0;0.0
yf_ZW=F_d4;20600;ASH_COATED_OSMIUM;9939;7;9935;8;;;9945;12;9949;26;;;9942.0;0.0
yf_ZW=F_d4;20600;INTARIAN_PEPPER_ROOT;12677;5;12673;25;;;12694;17;12696;13;;;12685.5;0.0
yf_ZW=F_d4;20700;ASH_COATED_OSMIUM;9932;16;9930;8;;;9953;21;9955;22;;;9942.5;0.0
yf_ZW=F_d4;20700;INTARIAN_PEPPER_ROOT;12679;19;12677;27;;;12695;15;12697;10;;;12687.0;0.0
yf_ZW=F_d4;20800;ASH_COATED_OSMIUM;9939;18;9935;20;;;9945;17;9947;18;;;9942.0;0.0
yf_ZW=F_d4;20800;INTARIAN_PEPPER_ROOT;12684;19;12681;23;;;12691;20;12694;19;;;12687.5;0.0
yf_ZW=F_d4;20900;ASH_COATED_OSMIUM;9912;12;9908;26;;;9973;19;9976;17;;;9942.5;0.0
yf_ZW=F_d4;20900;INTARIAN_PEPPER_ROOT;12686;17;12682;27;;;12692;15;12695;16;;;12689.0;0.0
yf_ZW=F_d4;21000;ASH_COATED_OSMIUM;9939;24;9937;21;;;9945;17;9948;20;;;9942.0;0.0
yf_ZW=F_d4;21000;INTARIAN_PEPPER_ROOT;12682;8;12680;26;;;12698;15;12700;19;;;12690.0;0.0
yf_ZW=F_d4;21100;ASH_COATED_OSMIUM;9938;7;9935;18;;;9945;18;9947;23;;;9941.5;0.0
yf_ZW=F_d4;21100;INTARIAN_PEPPER_ROOT;12688;24;12685;22;;;12694;5;12698;26;;;12691.0;0.0
yf_ZW=F_d4;21200;ASH_COATED_OSMIUM;9939;21;9935;24;;;9945;20;9949;20;;;9942.0;0.0
yf_ZW=F_d4;21200;INTARIAN_PEPPER_ROOT;12686;13;12682;21;;;12696;13;12700;17;;;12691.0;0.0
yf_ZW=F_d4;21300;ASH_COATED_OSMIUM;9939;5;9937;22;;;9945;22;9949;12;;;9942.0;0.0
yf_ZW=F_d4;21300;INTARIAN_PEPPER_ROOT;12689;17;12687;17;;;12695;22;12698;26;;;12692.0;0.0
yf_ZW=F_d4;21400;ASH_COATED_OSMIUM;9939;17;9935;9;;;9945;8;9947;14;;;9942.0;0.0
yf_ZW=F_d4;21400;INTARIAN_PEPPER_ROOT;12691;16;12688;28;;;12697;17;12699;24;;;12694.0;0.0
yf_ZW=F_d4;21500;ASH_COATED_OSMIUM;9931;23;9928;25;;;9952;9;9956;22;;;9941.5;0.0
yf_ZW=F_d4;21500;INTARIAN_PEPPER_ROOT;12691;15;12688;14;;;12697;15;12699;17;;;12694.0;0.0
yf_ZW=F_d4;21600;ASH_COATED_OSMIUM;9939;15;9935;22;;;9945;13;9947;21;;;9942.0;0.0
yf_ZW=F_d4;21600;INTARIAN_PEPPER_ROOT;12689;13;12686;19;;;12701;13;12704;14;;;12695.0;0.0
yf_ZW=F_d4;21700;ASH_COATED_OSMIUM;9936;7;9934;21;;;9948;18;9951;24;;;9942.0;0.0
yf_ZW=F_d4;21700;INTARIAN_PEPPER_ROOT;12693;11;12691;12;;;12701;15;12704;20;;;12697.0;0.0
yf_ZW=F_d4;21800;ASH_COATED_OSMIUM;9938;10;9935;24;;;9944;13;9947;21;;;9941.0;0.0
yf_ZW=F_d4;21800;INTARIAN_PEPPER_ROOT;12695;15;12693;12;;;12701;10;12704;17;;;12698.0;0.0
yf_ZW=F_d4;21900;ASH_COATED_OSMIUM;9938;10;9935;13;;;9944;15;9947;18;;;9941.0;0.0
yf_ZW=F_d4;21900;INTARIAN_PEPPER_ROOT;12693;5;12689;23;;;12704;18;12706;27;;;12698.5;0.0
yf_ZW=F_d4;22000;ASH_COATED_OSMIUM;9935;11;9933;19;;;9947;23;9950;8;;;9941.0;0.0
yf_ZW=F_d4;22000;INTARIAN_PEPPER_ROOT;12694;26;12692;20;;;12704;18;12707;18;;;12699.0;0.0
yf_ZW=F_d4;22100;ASH_COATED_OSMIUM;9938;23;9935;26;;;9944;15;9946;12;;;9941.0;0.0
yf_ZW=F_d4;22100;INTARIAN_PEPPER_ROOT;12698;7;12696;11;;;12704;15;12708;16;;;12701.0;0.0
yf_ZW=F_d4;22200;ASH_COATED_OSMIUM;9938;10;9934;16;;;9946;13;9949;16;;;9942.0;0.0
yf_ZW=F_d4;22200;INTARIAN_PEPPER_ROOT;12699;13;12695;16;;;12705;20;12707;12;;;12702.0;0.0
yf_ZW=F_d4;22300;ASH_COATED_OSMIUM;9938;20;9934;25;;;9944;21;9948;17;;;9941.0;0.0
yf_ZW=F_d4;22300;INTARIAN_PEPPER_ROOT;12699;27;12695;20;;;12706;5;12710;19;;;12702.5;0.0
yf_ZW=F_d4;22400;ASH_COATED_OSMIUM;9939;11;9937;24;;;9945;11;9949;18;;;9942.0;0.0
yf_ZW=F_d4;22400;INTARIAN_PEPPER_ROOT;12700;21;12697;21;;;12706;16;12708;31;;;12703.0;0.0
yf_ZW=F_d4;22500;ASH_COATED_OSMIUM;9938;15;9934;15;;;9944;10;9948;24;;;9941.0;0.0
yf_ZW=F_d4;22500;INTARIAN_PEPPER_ROOT;12701;12;12699;18;;;12707;15;12709;13;;;12704.0;0.0
yf_ZW=F_d4;22600;ASH_COATED_OSMIUM;9938;25;9935;25;;;9944;20;9948;16;;;9941.0;0.0
yf_ZW=F_d4;22600;INTARIAN_PEPPER_ROOT;12703;9;12699;20;;;12709;5;12711;27;;;12706.0;0.0
yf_ZW=F_d4;22700;ASH_COATED_OSMIUM;9928;7;9925;16;;;9952;7;9955;19;;;9940.0;0.0
yf_ZW=F_d4;22700;INTARIAN_PEPPER_ROOT;12703;16;12699;15;;;12709;16;12712;16;;;12706.0;0.0
yf_ZW=F_d4;22800;ASH_COATED_OSMIUM;9938;19;9934;20;;;9944;22;9946;19;;;9941.0;0.0
yf_ZW=F_d4;22800;INTARIAN_PEPPER_ROOT;12705;10;12702;22;;;12711;12;12714;23;;;12708.0;0.0
yf_ZW=F_d4;22900;ASH_COATED_OSMIUM;9938;21;9934;18;;;9944;10;9947;17;;;9941.0;0.0
yf_ZW=F_d4;22900;INTARIAN_PEPPER_ROOT;12702;7;12699;22;;;12715;15;12719;12;;;12708.5;0.0
yf_ZW=F_d4;23000;ASH_COATED_OSMIUM;9938;14;9936;29;;;9944;21;9946;29;;;9941.0;0.0
yf_ZW=F_d4;23000;INTARIAN_PEPPER_ROOT;12705;5;12703;9;;;12714;14;12717;31;;;12709.5;0.0
yf_ZW=F_d4;23100;ASH_COATED_OSMIUM;9935;19;9931;17;;;9946;15;9948;19;;;9940.5;0.0
yf_ZW=F_d4;23100;INTARIAN_PEPPER_ROOT;12702;10;12700;15;;;12718;10;12720;18;;;12710.0;0.0
yf_ZW=F_d4;23200;ASH_COATED_OSMIUM;9938;16;9935;22;;;9944;6;9946;13;;;9941.0;0.0
yf_ZW=F_d4;23200;INTARIAN_PEPPER_ROOT;12708;13;12704;28;;;12715;7;12719;23;;;12711.5;0.0
yf_ZW=F_d4;23300;ASH_COATED_OSMIUM;9934;9;9930;19;;;9948;11;9951;23;;;9941.0;0.0
yf_ZW=F_d4;23300;INTARIAN_PEPPER_ROOT;12709;14;12705;20;;;12715;15;12719;17;;;12712.0;0.0
yf_ZW=F_d4;23400;ASH_COATED_OSMIUM;9930;17;9928;14;;;9952;8;9954;19;;;9941.0;0.0
yf_ZW=F_d4;23400;INTARIAN_PEPPER_ROOT;12710;7;12708;26;;;12716;12;12718;17;;;12713.0;0.0
yf_ZW=F_d4;23500;ASH_COATED_OSMIUM;9937;20;9933;15;;;9943;12;9947;22;;;9940.0;0.0
yf_ZW=F_d4;23500;INTARIAN_PEPPER_ROOT;12711;14;12707;21;;;12717;20;12720;26;;;12714.0;0.0
yf_ZW=F_d4;23600;ASH_COATED_OSMIUM;9937;9;9934;19;;;9943;13;9946;24;;;9940.0;0.0
yf_ZW=F_d4;23600;INTARIAN_PEPPER_ROOT;12712;18;12710;15;;;12718;22;12720;22;;;12715.0;0.0
yf_ZW=F_d4;23700;ASH_COATED_OSMIUM;9937;11;9933;21;;;9943;14;9945;23;;;9940.0;0.0
yf_ZW=F_d4;23700;INTARIAN_PEPPER_ROOT;12713;20;12711;27;;;12719;17;12722;16;;;12716.0;0.0
yf_ZW=F_d4;23800;ASH_COATED_OSMIUM;9937;18;9934;22;;;9944;16;9946;21;;;9940.5;0.0
yf_ZW=F_d4;23800;INTARIAN_PEPPER_ROOT;12710;16;12707;27;;;12725;16;12729;22;;;12717.5;0.0
yf_ZW=F_d4;23900;ASH_COATED_OSMIUM;9932;22;9928;14;;;9948;19;9952;19;;;9940.0;0.0
yf_ZW=F_d4;23900;INTARIAN_PEPPER_ROOT;12705;12;12702;11;;;12731;10;12734;23;;;12718.0;0.0
yf_ZW=F_d4;24000;ASH_COATED_OSMIUM;9937;11;9934;20;;;9943;8;9947;20;;;9940.0;0.0
yf_ZW=F_d4;24000;INTARIAN_PEPPER_ROOT;12716;14;12713;22;;;12722;19;12724;21;;;12719.0;0.0
yf_ZW=F_d4;24100;ASH_COATED_OSMIUM;9937;11;9934;16;;;9943;17;9945;23;;;9940.0;0.0
yf_ZW=F_d4;24100;INTARIAN_PEPPER_ROOT;12716;9;12713;14;;;12724;9;12728;13;;;12720.0;0.0
yf_ZW=F_d4;24200;ASH_COATED_OSMIUM;9936;21;9933;22;;;9945;8;9948;26;;;9940.5;0.0
yf_ZW=F_d4;24200;INTARIAN_PEPPER_ROOT;12712;14;12708;21;;;12731;9;12734;22;;;12721.5;0.0
yf_ZW=F_d4;24300;ASH_COATED_OSMIUM;9937;17;9935;23;;;9943;13;9947;22;;;9940.0;0.0
yf_ZW=F_d4;24300;INTARIAN_PEPPER_ROOT;12718;15;12716;13;;;12724;18;12727;16;;;12721.0;0.0
yf_ZW=F_d4;24400;ASH_COATED_OSMIUM;9930;21;9927;25;;;9950;15;9954;17;;;9940.0;0.0
yf_ZW=F_d4;24400;INTARIAN_PEPPER_ROOT;12720;10;12717;14;;;12726;13;12730;13;;;12723.0;0.0
yf_ZW=F_d4;24500;ASH_COATED_OSMIUM;9937;14;9934;23;;;9943;15;9945;28;;;9940.0;0.0
yf_ZW=F_d4;24500;INTARIAN_PEPPER_ROOT;12717;9;12714;10;;;12731;11;12734;22;;;12724.0;0.0
yf_ZW=F_d4;24600;ASH_COATED_OSMIUM;9938;24;9936;26;;;9944;15;9947;9;;;9941.0;0.0
yf_ZW=F_d4;24600;INTARIAN_PEPPER_ROOT;12715;14;12713;24;;;12734;12;12736;20;;;12724.5;0.0
yf_ZW=F_d4;24700;ASH_COATED_OSMIUM;9937;9;9934;22;;;9943;12;9945;19;;;9940.0;0.0
yf_ZW=F_d4;24700;INTARIAN_PEPPER_ROOT;12720;13;12717;25;;;12731;5;12734;23;;;12725.5;0.0
yf_ZW=F_d4;24800;ASH_COATED_OSMIUM;9920;19;9917;23;;;9960;23;9962;13;;;9940.0;0.0
yf_ZW=F_d4;24800;INTARIAN_PEPPER_ROOT;12724;18;12721;13;;;12730;17;12732;27;;;12727.0;0.0
yf_ZW=F_d4;24900;ASH_COATED_OSMIUM;9928;9;9924;20;;;9951;7;9953;13;;;9939.5;0.0
yf_ZW=F_d4;24900;INTARIAN_PEPPER_ROOT;12725;18;12721;21;;;12731;18;12733;19;;;12728.0;0.0
yf_ZW=F_d4;25000;ASH_COATED_OSMIUM;9932;11;9929;25;;;9948;20;9951;24;;;9940.0;0.0
yf_ZW=F_d4;25000;INTARIAN_PEPPER_ROOT;12722;22;12719;9;;;12735;12;12739;23;;;12728.5;0.0
yf_ZW=F_d4;25100;ASH_COATED_OSMIUM;9937;18;9935;25;;;9943;16;9945;15;;;9940.0;0.0
yf_ZW=F_d4;25100;INTARIAN_PEPPER_ROOT;12726;7;12724;18;;;12732;14;12736;27;;;12729.0;0.0
yf_ZW=F_d4;25200;ASH_COATED_OSMIUM;9937;11;9934;20;;;9943;12;9945;22;;;9940.0;0.0
yf_ZW=F_d4;25200;INTARIAN_PEPPER_ROOT;12726;19;12723;17;;;12734;16;12737;18;;;12730.0;0.0
yf_ZW=F_d4;25300;ASH_COATED_OSMIUM;9928;8;9925;15;;;9952;16;9956;27;;;9940.0;0.0
yf_ZW=F_d4;25300;INTARIAN_PEPPER_ROOT;12729;17;12727;13;;;12735;10;12739;17;;;12732.0;0.0
yf_ZW=F_d4;25400;ASH_COATED_OSMIUM;9932;18;9930;20;;;9947;14;9949;21;;;9939.5;0.0
yf_ZW=F_d4;25400;INTARIAN_PEPPER_ROOT;12729;11;12725;18;;;12735;15;12737;30;;;12732.0;0.0
yf_ZW=F_d4;25500;ASH_COATED_OSMIUM;9937;14;9933;17;;;9943;16;9945;18;;;9940.0;0.0
yf_ZW=F_d4;25500;INTARIAN_PEPPER_ROOT;12721;17;12718;17;;;12747;13;12751;14;;;12734.0;0.0
yf_ZW=F_d4;25600;ASH_COATED_OSMIUM;9937;20;9935;16;;;9943;25;9945;21;;;9940.0;0.0
yf_ZW=F_d4;25600;INTARIAN_PEPPER_ROOT;12722;21;12718;14;;;12747;18;12751;30;;;12734.5;0.0
yf_ZW=F_d4;25700;ASH_COATED_OSMIUM;9930;16;9928;28;;;9949;17;9953;11;;;9939.5;0.0
yf_ZW=F_d4;25700;INTARIAN_PEPPER_ROOT;12732;8;12730;17;;;12738;19;12740;22;;;12735.0;0.0
yf_ZW=F_d4;25800;ASH_COATED_OSMIUM;9936;13;9932;10;;;9942;10;9945;14;;;9939.0;0.0
yf_ZW=F_d4;25800;INTARIAN_PEPPER_ROOT;12734;15;12732;23;;;12740;5;12743;14;;;12737.0;0.0
yf_ZW=F_d4;25900;ASH_COATED_OSMIUM;9917;18;9913;22;;;9963;18;9966;20;;;9940.0;0.0
yf_ZW=F_d4;25900;INTARIAN_PEPPER_ROOT;12734;11;12730;23;;;12740;17;12742;14;;;12737.0;0.0
yf_ZW=F_d4;26000;ASH_COATED_OSMIUM;9936;13;9932;20;;;9942;10;9944;21;;;9939.0;0.0
yf_ZW=F_d4;26000;INTARIAN_PEPPER_ROOT;12736;21;12732;21;;;12742;12;12746;18;;;12739.0;0.0
yf_ZW=F_d4;26100;ASH_COATED_OSMIUM;9932;18;9930;17;;;9946;14;9949;21;;;9939.0;0.0
yf_ZW=F_d4;26100;INTARIAN_PEPPER_ROOT;12737;20;12735;23;;;12743;15;12745;16;;;12740.0;0.0
yf_ZW=F_d4;26200;ASH_COATED_OSMIUM;9937;17;9935;20;;;9943;16;9946;13;;;9940.0;0.0
yf_ZW=F_d4;26200;INTARIAN_PEPPER_ROOT;12732;13;12728;24;;;12747;19;12751;22;;;12739.5;0.0
yf_ZW=F_d4;26300;ASH_COATED_OSMIUM;9936;21;9932;13;;;9942;10;9946;14;;;9939.0;0.0
yf_ZW=F_d4;26300;INTARIAN_PEPPER_ROOT;12738;18;12735;11;;;12744;15;12748;19;;;12741.0;0.0
yf_ZW=F_d4;26400;ASH_COATED_OSMIUM;9936;13;9934;17;;;9942;13;9944;17;;;9939.0;0.0
yf_ZW=F_d4;26400;INTARIAN_PEPPER_ROOT;12729;22;12727;11;;;12755;16;12757;17;;;12742.0;0.0
yf_ZW=F_d4;26500;ASH_COATED_OSMIUM;9935;16;9932;15;;;9944;5;9947;22;;;9939.5;0.0
yf_ZW=F_d4;26500;INTARIAN_PEPPER_ROOT;12738;18;12735;17;;;12748;16;12752;23;;;12743.0;0.0
yf_ZW=F_d4;26600;ASH_COATED_OSMIUM;9934;12;9930;17;;;9945;18;9948;21;;;9939.5;0.0
yf_ZW=F_d4;26600;INTARIAN_PEPPER_ROOT;12738;18;12735;24;;;12750;13;12752;18;;;12744.0;0.0
yf_ZW=F_d4;26700;ASH_COATED_OSMIUM;9936;8;9932;19;;;9942;11;9946;24;;;9939.0;0.0
yf_ZW=F_d4;26700;INTARIAN_PEPPER_ROOT;12741;16;12739;21;;;12750;18;12753;23;;;12745.5;0.0
yf_ZW=F_d4;26800;ASH_COATED_OSMIUM;9936;8;9933;16;;;9942;17;9946;17;;;9939.0;0.0
yf_ZW=F_d4;26800;INTARIAN_PEPPER_ROOT;12744;11;12741;24;;;12750;22;12752;15;;;12747.0;0.0
yf_ZW=F_d4;26900;ASH_COATED_OSMIUM;9935;7;9933;14;;;9943;13;9946;28;;;9939.0;0.0
yf_ZW=F_d4;26900;INTARIAN_PEPPER_ROOT;12740;5;12737;19;;;12753;8;12757;21;;;12746.5;0.0
yf_ZW=F_d4;27000;ASH_COATED_OSMIUM;9935;6;9933;23;;;9942;16;9946;17;;;9938.5;0.0
yf_ZW=F_d4;27000;INTARIAN_PEPPER_ROOT;12745;12;12741;12;;;12751;17;12753;17;;;12748.0;0.0
yf_ZW=F_d4;27100;ASH_COATED_OSMIUM;9930;11;9926;13;;;9947;16;9950;23;;;9938.5;0.0
yf_ZW=F_d4;27100;INTARIAN_PEPPER_ROOT;12746;12;12743;17;;;12752;8;12754;18;;;12749.0;0.0
yf_ZW=F_d4;27200;ASH_COATED_OSMIUM;9935;5;9933;17;;;9941;24;9945;19;;;9938.0;0.0
yf_ZW=F_d4;27200;INTARIAN_PEPPER_ROOT;12745;14;12741;15;;;12757;19;12760;16;;;12751.0;0.0
yf_ZW=F_d4;27300;ASH_COATED_OSMIUM;9934;8;9930;19;;;9944;10;9947;22;;;9939.0;0.0
yf_ZW=F_d4;27300;INTARIAN_PEPPER_ROOT;12748;12;12744;25;;;12754;12;12756;13;;;12751.0;0.0
yf_ZW=F_d4;27400;ASH_COATED_OSMIUM;9935;12;9933;27;;;9941;15;9944;22;;;9938.0;0.0
yf_ZW=F_d4;27400;INTARIAN_PEPPER_ROOT;12749;17;12746;24;;;12755;19;12759;8;;;12752.0;0.0
yf_ZW=F_d4;27500;ASH_COATED_OSMIUM;9936;14;9933;24;;;9942;7;9945;20;;;9939.0;0.0
yf_ZW=F_d4;27500;INTARIAN_PEPPER_ROOT;12750;11;12747;16;;;12756;16;12760;12;;;12753.0;0.0
yf_ZW=F_d4;27600;ASH_COATED_OSMIUM;9935;9;9932;14;;;9943;23;9947;26;;;9939.0;0.0
yf_ZW=F_d4;27600;INTARIAN_PEPPER_ROOT;12751;19;12747;10;;;12757;19;12760;22;;;12754.0;0.0
yf_ZW=F_d4;27700;ASH_COATED_OSMIUM;9932;10;9928;25;;;9945;8;9947;20;;;9938.5;0.0
yf_ZW=F_d4;27700;INTARIAN_PEPPER_ROOT;12752;16;12750;25;;;12758;21;12761;15;;;12755.0;0.0
yf_ZW=F_d4;27800;ASH_COATED_OSMIUM;9936;15;9934;22;;;9943;12;9947;31;;;9939.5;0.0
yf_ZW=F_d4;27800;INTARIAN_PEPPER_ROOT;12753;14;12751;13;;;12759;9;12763;17;;;12756.0;0.0
yf_ZW=F_d4;27900;ASH_COATED_OSMIUM;9936;10;9932;24;;;9942;14;9945;22;;;9939.0;0.0
yf_ZW=F_d4;27900;INTARIAN_PEPPER_ROOT;12754;16;12750;24;;;12760;9;12764;15;;;12757.0;0.0
yf_ZW=F_d4;28000;ASH_COATED_OSMIUM;9935;21;9933;21;;;9941;10;9945;23;;;9938.0;0.0
yf_ZW=F_d4;28000;INTARIAN_PEPPER_ROOT;12755;20;12752;21;;;12761;21;12763;15;;;12758.0;0.0
yf_ZW=F_d4;28100;ASH_COATED_OSMIUM;9935;22;9931;23;;;9941;10;9944;14;;;9938.0;0.0
yf_ZW=F_d4;28100;INTARIAN_PEPPER_ROOT;12752;23;12748;19;;;12764;9;12768;14;;;12758.0;0.0
yf_ZW=F_d4;28200;ASH_COATED_OSMIUM;9921;13;9918;20;;;9956;9;9958;12;;;9938.5;0.0
yf_ZW=F_d4;28200;INTARIAN_PEPPER_ROOT;12754;17;12750;19;;;12765;13;12769;13;;;12759.5;0.0
yf_ZW=F_d4;28300;ASH_COATED_OSMIUM;9933;20;9930;18;;;9944;14;9947;10;;;9938.5;0.0
yf_ZW=F_d4;28300;INTARIAN_PEPPER_ROOT;12756;16;12752;16;;;12764;13;12767;12;;;12760.0;0.0
yf_ZW=F_d4;28400;ASH_COATED_OSMIUM;9934;10;9930;23;;;9941;29;9945;19;;;9937.5;0.0
yf_ZW=F_d4;28400;INTARIAN_PEPPER_ROOT;12752;14;12750;20;;;12771;10;12773;17;;;12761.5;0.0
yf_ZW=F_d4;28500;ASH_COATED_OSMIUM;9933;18;9930;29;;;9943;12;9946;20;;;9938.0;0.0
yf_ZW=F_d4;28500;INTARIAN_PEPPER_ROOT;12760;15;12756;14;;;12766;18;12769;12;;;12763.0;0.0
yf_ZW=F_d4;28600;ASH_COATED_OSMIUM;9935;24;9932;16;;;9941;9;9945;18;;;9938.0;0.0
yf_ZW=F_d4;28600;INTARIAN_PEPPER_ROOT;12761;15;12757;18;;;12767;20;12769;25;;;12764.0;0.0
yf_ZW=F_d4;28700;ASH_COATED_OSMIUM;9935;15;9932;16;;;9941;10;9943;23;;;9938.0;0.0
yf_ZW=F_d4;28700;INTARIAN_PEPPER_ROOT;12760;17;12758;20;;;12768;11;12770;20;;;12764.0;0.0
yf_ZW=F_d4;28800;ASH_COATED_OSMIUM;9928;11;9926;23;;;9948;12;9950;25;;;9938.0;0.0
yf_ZW=F_d4;28800;INTARIAN_PEPPER_ROOT;12762;19;12758;23;;;12768;19;12772;25;;;12765.0;0.0
yf_ZW=F_d4;28900;ASH_COATED_OSMIUM;9934;9;9931;17;;;9941;15;9945;24;;;9937.5;0.0
yf_ZW=F_d4;28900;INTARIAN_PEPPER_ROOT;12762;9;12758;21;;;12772;5;12776;13;;;12767.0;0.0
yf_ZW=F_d4;29000;ASH_COATED_OSMIUM;9935;16;9933;24;;;9941;15;9943;20;;;9938.0;0.0
yf_ZW=F_d4;29000;INTARIAN_PEPPER_ROOT;12765;17;12762;15;;;12771;13;12775;15;;;12768.0;0.0
yf_ZW=F_d4;29100;ASH_COATED_OSMIUM;9933;25;9930;17;;;9942;9;9946;21;;;9937.5;0.0
yf_ZW=F_d4;29100;INTARIAN_PEPPER_ROOT;12766;14;12762;21;;;12772;16;12774;20;;;12769.0;0.0
yf_ZW=F_d4;29200;ASH_COATED_OSMIUM;9922;13;9918;14;;;9953;12;9957;16;;;9937.5;0.0
yf_ZW=F_d4;29200;INTARIAN_PEPPER_ROOT;12766;13;12763;15;;;12772;22;12776;21;;;12769.0;0.0
yf_ZW=F_d4;29300;ASH_COATED_OSMIUM;9924;11;9922;12;;;9952;17;9956;24;;;9938.0;0.0
yf_ZW=F_d4;29300;INTARIAN_PEPPER_ROOT;12760;23;12756;27;;;12782;18;12785;10;;;12771.0;0.0
yf_ZW=F_d4;29400;ASH_COATED_OSMIUM;9935;7;9931;20;;;9941;13;9944;17;;;9938.0;0.0
yf_ZW=F_d4;29400;INTARIAN_PEPPER_ROOT;12767;12;12764;15;;;12777;15;12779;8;;;12772.0;0.0
yf_ZW=F_d4;29500;ASH_COATED_OSMIUM;9935;15;9931;24;;;9941;14;9945;21;;;9938.0;0.0
yf_ZW=F_d4;29500;INTARIAN_PEPPER_ROOT;12764;17;12762;18;;;12782;16;12784;15;;;12773.0;0.0
yf_ZW=F_d4;29600;ASH_COATED_OSMIUM;9934;11;9932;10;;;9941;17;9944;21;;;9937.5;0.0
yf_ZW=F_d4;29600;INTARIAN_PEPPER_ROOT;12768;17;12764;15;;;12780;11;12783;10;;;12774.0;0.0
yf_ZW=F_d4;29700;ASH_COATED_OSMIUM;9935;11;9932;20;;;9941;15;9944;17;;;9938.0;0.0
yf_ZW=F_d4;29700;INTARIAN_PEPPER_ROOT;12772;21;12769;22;;;12778;17;12781;16;;;12775.0;0.0
yf_ZW=F_d4;29800;ASH_COATED_OSMIUM;9935;11;9932;17;;;9941;10;9944;17;;;9938.0;0.0
yf_ZW=F_d4;29800;INTARIAN_PEPPER_ROOT;12773;14;12769;23;;;12779;6;12782;14;;;12776.0;0.0
yf_ZW=F_d4;29900;ASH_COATED_OSMIUM;9934;16;9931;22;;;9940;13;9942;21;;;9937.0;0.0
yf_ZW=F_d4;29900;INTARIAN_PEPPER_ROOT;12774;16;12771;25;;;12780;14;12782;21;;;12777.0;0.0
yf_ZW=F_d4;30000;ASH_COATED_OSMIUM;9932;15;9928;21;;;9942;16;9944;21;;;9937.0;0.0
yf_ZW=F_d4;30000;INTARIAN_PEPPER_ROOT;12774;14;12772;25;;;12780;8;12783;13;;;12777.0;0.0
yf_ZW=F_d4;30100;ASH_COATED_OSMIUM;9926;17;9924;8;;;9949;5;9953;9;;;9937.5;0.0
yf_ZW=F_d4;30100;INTARIAN_PEPPER_ROOT;12774;15;12772;13;;;12783;15;12785;18;;;12778.5;0.0
yf_ZW=F_d4;30200;ASH_COATED_OSMIUM;9934;21;9932;23;;;9940;16;9944;24;;;9937.0;0.0
yf_ZW=F_d4;30200;INTARIAN_PEPPER_ROOT;12776;6;12774;26;;;12782;5;12784;17;;;12779.0;0.0
yf_ZW=F_d4;30300;ASH_COATED_OSMIUM;9933;11;9930;25;;;9941;5;9945;19;;;9937.0;0.0
yf_ZW=F_d4;30300;INTARIAN_PEPPER_ROOT;12777;6;12773;27;;;12783;21;12787;24;;;12780.0;0.0
yf_ZW=F_d4;30400;ASH_COATED_OSMIUM;9934;13;9932;25;;;9940;15;9942;11;;;9937.0;0.0
yf_ZW=F_d4;30400;INTARIAN_PEPPER_ROOT;12779;9;12775;14;;;12785;18;12787;13;;;12782.0;0.0
yf_ZW=F_d4;30500;ASH_COATED_OSMIUM;9934;22;9932;19;;;9941;19;9943;19;;;9937.5;0.0
yf_ZW=F_d4;30500;INTARIAN_PEPPER_ROOT;12769;22;12766;14;;;12796;13;12800;17;;;12782.5;0.0
yf_ZW=F_d4;30600;ASH_COATED_OSMIUM;9935;5;9932;8;;;9941;12;9944;33;;;9938.0;0.0
yf_ZW=F_d4;30600;INTARIAN_PEPPER_ROOT;12780;16;12777;16;;;12787;10;12790;23;;;12783.5;0.0
yf_ZW=F_d4;30700;ASH_COATED_OSMIUM;9934;17;9931;17;;;9940;9;9944;30;;;9937.0;0.0
yf_ZW=F_d4;30700;INTARIAN_PEPPER_ROOT;12779;14;12775;30;;;12790;13;12794;13;;;12784.5;0.0
yf_ZW=F_d4;30800;ASH_COATED_OSMIUM;9934;15;9930;14;;;9940;9;9944;18;;;9937.0;0.0
yf_ZW=F_d4;30800;INTARIAN_PEPPER_ROOT;12782;5;12778;16;;;12788;17;12791;22;;;12785.0;0.0
yf_ZW=F_d4;30900;ASH_COATED_OSMIUM;9934;16;9931;23;;;9940;12;9942;22;;;9937.0;0.0
yf_ZW=F_d4;30900;INTARIAN_PEPPER_ROOT;12782;12;12778;17;;;12789;10;12792;17;;;12785.5;0.0
yf_ZW=F_d4;31000;ASH_COATED_OSMIUM;9934;19;9932;14;;;9940;13;9942;27;;;9937.0;0.0
yf_ZW=F_d4;31000;INTARIAN_PEPPER_ROOT;12782;9;12780;21;;;12791;19;12793;21;;;12786.5;0.0
yf_ZW=F_d4;31100;ASH_COATED_OSMIUM;9934;6;9932;23;;;9940;7;9944;18;;;9937.0;0.0
yf_ZW=F_d4;31100;INTARIAN_PEPPER_ROOT;12775;18;12771;18;;;12802;9;12804;15;;;12788.5;0.0
yf_ZW=F_d4;31200;ASH_COATED_OSMIUM;9934;11;9930;17;;;9940;12;9942;20;;;9937.0;0.0
yf_ZW=F_d4;31200;INTARIAN_PEPPER_ROOT;12786;17;12783;22;;;12792;11;12795;28;;;12789.0;0.0
yf_ZW=F_d4;31300;ASH_COATED_OSMIUM;9934;12;9931;22;;;9940;14;9942;19;;;9937.0;0.0
yf_ZW=F_d4;31300;INTARIAN_PEPPER_ROOT;12787;7;12784;21;;;12794;10;12796;16;;;12790.5;0.0
yf_ZW=F_d4;31400;ASH_COATED_OSMIUM;9934;16;9931;24;;;9940;14;9942;21;;;9937.0;0.0
yf_ZW=F_d4;31400;INTARIAN_PEPPER_ROOT;12786;20;12782;17;;;12796;14;12799;21;;;12791.0;0.0
yf_ZW=F_d4;31500;ASH_COATED_OSMIUM;9930;14;9926;28;;;9943;20;9947;19;;;9936.5;0.0
yf_ZW=F_d4;31500;INTARIAN_PEPPER_ROOT;12789;14;12786;15;;;12795;17;12798;14;;;12792.0;0.0
yf_ZW=F_d4;31600;ASH_COATED_OSMIUM;9934;15;9932;18;;;9940;14;9943;15;;;9937.0;0.0
yf_ZW=F_d4;31600;INTARIAN_PEPPER_ROOT;12790;19;12788;15;;;12796;12;12800;21;;;12793.0;0.0
yf_ZW=F_d4;31700;ASH_COATED_OSMIUM;9934;11;9931;23;;;9940;10;9943;18;;;9937.0;0.0
yf_ZW=F_d4;31700;INTARIAN_PEPPER_ROOT;12791;12;12789;15;;;12797;9;12801;21;;;12794.0;0.0
yf_ZW=F_d4;31800;ASH_COATED_OSMIUM;9933;21;9930;20;;;9939;17;9941;25;;;9936.0;0.0
yf_ZW=F_d4;31800;INTARIAN_PEPPER_ROOT;12792;12;12788;23;;;12798;20;12800;28;;;12795.0;0.0
yf_ZW=F_d4;31900;ASH_COATED_OSMIUM;9934;14;9931;16;;;9940;19;9942;20;;;9937.0;0.0
yf_ZW=F_d4;31900;INTARIAN_PEPPER_ROOT;12793;6;12790;16;;;12799;11;12801;18;;;12796.0;0.0
yf_ZW=F_d4;32000;ASH_COATED_OSMIUM;9916;11;9912;20;;;9959;16;9961;16;;;9937.5;0.0
yf_ZW=F_d4;32000;INTARIAN_PEPPER_ROOT;12794;7;12791;21;;;12800;27;12802;30;;;12797.0;0.0
yf_ZW=F_d4;32100;ASH_COATED_OSMIUM;9933;9;9929;24;;;9940;18;9944;15;;;9936.5;0.0
yf_ZW=F_d4;32100;INTARIAN_PEPPER_ROOT;12795;8;12793;18;;;12801;8;12804;18;;;12798.0;0.0
yf_ZW=F_d4;32200;ASH_COATED_OSMIUM;9932;19;9930;18;;;9941;10;9944;25;;;9936.5;0.0
yf_ZW=F_d4;32200;INTARIAN_PEPPER_ROOT;12796;29;12794;18;;;12802;14;12805;26;;;12799.0;0.0
yf_ZW=F_d4;32300;ASH_COATED_OSMIUM;9934;23;9930;16;;;9940;13;9944;22;;;9937.0;0.0
yf_ZW=F_d4;32300;INTARIAN_PEPPER_ROOT;12796;14;12794;20;;;12804;19;12807;13;;;12800.0;0.0
yf_ZW=F_d4;32400;ASH_COATED_OSMIUM;9932;13;9930;22;;;9942;6;9945;14;;;9937.0;0.0
yf_ZW=F_d4;32400;INTARIAN_PEPPER_ROOT;12792;14;12789;17;;;12811;14;12814;32;;;12801.5;0.0
yf_ZW=F_d4;32500;ASH_COATED_OSMIUM;9917;18;9914;14;;;9954;21;9956;19;;;9935.5;0.0
yf_ZW=F_d4;32500;INTARIAN_PEPPER_ROOT;12799;20;12795;20;;;12805;16;12809;16;;;12802.0;0.0
yf_ZW=F_d4;32600;ASH_COATED_OSMIUM;9933;21;9929;18;;;9939;19;9941;21;;;9936.0;0.0
yf_ZW=F_d4;32600;INTARIAN_PEPPER_ROOT;12794;23;12792;17;;;12812;18;12815;23;;;12803.0;0.0
yf_ZW=F_d4;32700;ASH_COATED_OSMIUM;9933;11;9931;14;;;9940;9;9942;19;;;9936.5;0.0
yf_ZW=F_d4;32700;INTARIAN_PEPPER_ROOT;12799;11;12796;15;;;12809;17;12812;18;;;12804.0;0.0
yf_ZW=F_d4;32800;ASH_COATED_OSMIUM;9933;21;9931;23;;;9939;19;9942;31;;;9936.0;0.0
yf_ZW=F_d4;32800;INTARIAN_PEPPER_ROOT;12802;21;12800;24;;;12808;9;12810;20;;;12805.0;0.0
yf_ZW=F_d4;32900;ASH_COATED_OSMIUM;9933;10;9929;27;;;9939;20;9942;10;;;9936.0;0.0
yf_ZW=F_d4;32900;INTARIAN_PEPPER_ROOT;12797;7;12795;21;;;12814;8;12816;14;;;12805.5;0.0
yf_ZW=F_d4;33000;ASH_COATED_OSMIUM;9934;17;9932;17;;;9940;21;9944;9;;;9937.0;0.0
yf_ZW=F_d4;33000;INTARIAN_PEPPER_ROOT;12804;14;12802;22;;;12810;13;12812;12;;;12807.0;0.0
yf_ZW=F_d4;33100;ASH_COATED_OSMIUM;9933;14;9931;18;;;9939;13;9941;18;;;9936.0;0.0
yf_ZW=F_d4;33100;INTARIAN_PEPPER_ROOT;12805;14;12801;26;;;12811;30;12815;10;;;12808.0;0.0
yf_ZW=F_d4;33200;ASH_COATED_OSMIUM;9928;7;9926;19;;;9944;23;9947;24;;;9936.0;0.0
yf_ZW=F_d4;33200;INTARIAN_PEPPER_ROOT;12805;16;12801;19;;;12812;10;12816;22;;;12808.5;0.0
yf_ZW=F_d4;33300;ASH_COATED_OSMIUM;9933;20;9931;16;;;9939;10;9941;18;;;9936.0;0.0
yf_ZW=F_d4;33300;INTARIAN_PEPPER_ROOT;12807;19;12804;17;;;12813;16;12817;17;;;12810.0;0.0
yf_ZW=F_d4;33400;ASH_COATED_OSMIUM;9933;18;9930;28;;;9939;6;9941;21;;;9936.0;0.0
yf_ZW=F_d4;33400;INTARIAN_PEPPER_ROOT;12808;16;12804;22;;;12814;13;12817;15;;;12811.0;0.0
yf_ZW=F_d4;33500;ASH_COATED_OSMIUM;9933;16;9929;13;;;9939;19;9941;20;;;9936.0;0.0
yf_ZW=F_d4;33500;INTARIAN_PEPPER_ROOT;12809;15;12805;17;;;12815;9;12817;17;;;12812.0;0.0
yf_ZW=F_d4;33600;ASH_COATED_OSMIUM;9933;5;9930;19;;;9939;20;9942;18;;;9936.0;0.0
yf_ZW=F_d4;33600;INTARIAN_PEPPER_ROOT;12809;19;12805;24;;;12815;21;12817;13;;;12812.0;0.0
yf_ZW=F_d4;33700;ASH_COATED_OSMIUM;9926;10;9923;25;;;9943;13;9947;21;;;9934.5;0.0
yf_ZW=F_d4;33700;INTARIAN_PEPPER_ROOT;12808;17;12805;29;;;12819;10;12822;8;;;12813.5;0.0
yf_ZW=F_d4;33800;ASH_COATED_OSMIUM;9930;13;9926;20;;;9943;6;9947;19;;;9936.5;0.0
yf_ZW=F_d4;33800;INTARIAN_PEPPER_ROOT;12810;24;12806;14;;;12817;14;12821;26;;;12813.5;0.0
yf_ZW=F_d4;33900;ASH_COATED_OSMIUM;9932;18;9929;18;;;9938;7;9940;26;;;9935.0;0.0
yf_ZW=F_d4;33900;INTARIAN_PEPPER_ROOT;12811;17;12809;18;;;12820;17;12823;18;;;12815.5;0.0
yf_ZW=F_d4;34000;ASH_COATED_OSMIUM;9932;15;9930;23;;;9940;10;9943;23;;;9936.0;0.0
yf_ZW=F_d4;34000;INTARIAN_PEPPER_ROOT;12813;19;12811;17;;;12819;12;12822;24;;;12816.0;0.0
yf_ZW=F_d4;34100;ASH_COATED_OSMIUM;9933;9;9931;12;;;9939;21;9943;24;;;9936.0;0.0
yf_ZW=F_d4;34100;INTARIAN_PEPPER_ROOT;12815;12;12813;19;;;12821;20;12825;32;;;12818.0;0.0
yf_ZW=F_d4;34200;ASH_COATED_OSMIUM;9921;15;9919;20;;;9950;30;9953;23;;;9935.5;0.0
yf_ZW=F_d4;34200;INTARIAN_PEPPER_ROOT;12803;22;12801;23;;;12834;17;12838;21;;;12818.5;0.0
yf_ZW=F_d4;34300;ASH_COATED_OSMIUM;9931;22;9929;19;;;9941;6;9943;24;;;9936.0;0.0
yf_ZW=F_d4;34300;INTARIAN_PEPPER_ROOT;12816;5;12814;26;;;12822;18;12825;16;;;12819.0;0.0
yf_ZW=F_d4;34400;ASH_COATED_OSMIUM;9933;15;9930;21;;;9939;14;9943;8;;;9936.0;0.0
yf_ZW=F_d4;34400;INTARIAN_PEPPER_ROOT;12809;15;12806;22;;;12833;15;12836;23;;;12821.0;0.0
yf_ZW=F_d4;34500;ASH_COATED_OSMIUM;9933;17;9931;14;;;9939;9;9941;8;;;9936.0;0.0
yf_ZW=F_d4;34500;INTARIAN_PEPPER_ROOT;12819;14;12817;18;;;12825;24;12829;24;;;12822.0;0.0
yf_ZW=F_d4;34600;ASH_COATED_OSMIUM;9929;7;9925;21;;;9944;9;9947;25;;;9936.5;0.0
yf_ZW=F_d4;34600;INTARIAN_PEPPER_ROOT;12820;10;12816;21;;;12826;11;12830;16;;;12823.0;0.0
yf_ZW=F_d4;34700;ASH_COATED_OSMIUM;9934;13;9931;18;;;9940;14;9942;20;;;9937.0;0.0
yf_ZW=F_d4;34700;INTARIAN_PEPPER_ROOT;12817;17;12814;18;;;12833;8;12835;15;;;12825.0;0.0
yf_ZW=F_d4;34800;ASH_COATED_OSMIUM;9929;15;9926;22;;;9943;12;9947;18;;;9936.0;0.0
yf_ZW=F_d4;34800;INTARIAN_PEPPER_ROOT;12819;11;12815;18;;;12832;20;12834;20;;;12825.5;0.0
yf_ZW=F_d4;34900;ASH_COATED_OSMIUM;9934;18;9930;19;;;9940;20;9944;16;;;9937.0;0.0
yf_ZW=F_d4;34900;INTARIAN_PEPPER_ROOT;12819;5;12816;23;;;12833;19;12836;21;;;12826.0;0.0
yf_ZW=F_d4;35000;ASH_COATED_OSMIUM;9934;13;9932;18;;;9940;22;9944;24;;;9937.0;0.0
yf_ZW=F_d4;35000;INTARIAN_PEPPER_ROOT;12823;13;12820;20;;;12831;10;12834;27;;;12827.0;0.0
yf_ZW=F_d4;35100;ASH_COATED_OSMIUM;9930;13;9928;20;;;9943;9;9947;28;;;9936.5;0.0
yf_ZW=F_d4;35100;INTARIAN_PEPPER_ROOT;12826;11;12824;31;;;12832;17;12835;17;;;12829.0;0.0
yf_ZW=F_d4;35200;ASH_COATED_OSMIUM;9934;5;9931;17;;;9940;14;9942;23;;;9937.0;0.0
yf_ZW=F_d4;35200;INTARIAN_PEPPER_ROOT;12826;25;12824;16;;;12832;19;12834;18;;;12829.0;0.0
yf_ZW=F_d4;35300;ASH_COATED_OSMIUM;9929;18;9926;22;;;9944;17;9947;23;;;9936.5;0.0
yf_ZW=F_d4;35300;INTARIAN_PEPPER_ROOT;12828;18;12825;25;;;12834;10;12837;11;;;12831.0;0.0
yf_ZW=F_d4;35400;ASH_COATED_OSMIUM;9934;15;9931;16;;;9940;9;9943;14;;;9937.0;0.0
yf_ZW=F_d4;35400;INTARIAN_PEPPER_ROOT;12824;19;12821;9;;;12840;12;12843;20;;;12832.0;0.0
yf_ZW=F_d4;35500;ASH_COATED_OSMIUM;9919;12;9915;18;;;9955;10;9959;17;;;9937.0;0.0
yf_ZW=F_d4;35500;INTARIAN_PEPPER_ROOT;12829;15;12825;17;;;12836;10;12840;19;;;12832.5;0.0
yf_ZW=F_d4;35600;ASH_COATED_OSMIUM;9934;25;9932;17;;;9940;12;9942;16;;;9937.0;0.0
yf_ZW=F_d4;35600;INTARIAN_PEPPER_ROOT;12831;20;12828;28;;;12837;20;12839;19;;;12834.0;0.0
yf_ZW=F_d4;35700;ASH_COATED_OSMIUM;9933;12;9929;26;;;9941;17;9944;12;;;9937.0;0.0
yf_ZW=F_d4;35700;INTARIAN_PEPPER_ROOT;12832;11;12830;28;;;12838;20;12842;13;;;12835.0;0.0
yf_ZW=F_d4;35800;ASH_COATED_OSMIUM;9934;8;9932;13;;;9940;13;9944;18;;;9937.0;0.0
yf_ZW=F_d4;35800;INTARIAN_PEPPER_ROOT;12833;15;12830;26;;;12839;14;12842;18;;;12836.0;0.0
yf_ZW=F_d4;35900;ASH_COATED_OSMIUM;9934;15;9932;33;;;9940;11;9942;16;;;9937.0;0.0
yf_ZW=F_d4;35900;INTARIAN_PEPPER_ROOT;12835;21;12833;18;;;12841;13;12845;12;;;12838.0;0.0
yf_ZW=F_d4;36000;ASH_COATED_OSMIUM;9934;28;9930;17;;;9940;12;9944;22;;;9937.0;0.0
yf_ZW=F_d4;36000;INTARIAN_PEPPER_ROOT;12835;18;12831;18;;;12841;6;12845;19;;;12838.0;0.0
yf_ZW=F_d4;36100;ASH_COATED_OSMIUM;9934;7;9931;18;;;9940;12;9943;24;;;9937.0;0.0
yf_ZW=F_d4;36100;INTARIAN_PEPPER_ROOT;12836;9;12834;17;;;12842;13;12844;29;;;12839.0;0.0
yf_ZW=F_d4;36200;ASH_COATED_OSMIUM;9934;16;9932;21;;;9940;24;9942;22;;;9937.0;0.0
yf_ZW=F_d4;36200;INTARIAN_PEPPER_ROOT;12833;5;12830;24;;;12847;16;12851;15;;;12840.0;0.0
yf_ZW=F_d4;36300;ASH_COATED_OSMIUM;9935;18;9933;27;;;9941;13;9944;24;;;9938.0;0.0
yf_ZW=F_d4;36300;INTARIAN_PEPPER_ROOT;12839;14;12835;14;;;12845;15;12849;13;;;12842.0;0.0
yf_ZW=F_d4;36400;ASH_COATED_OSMIUM;9933;15;9930;12;;;9941;14;9943;23;;;9937.0;0.0
yf_ZW=F_d4;36400;INTARIAN_PEPPER_ROOT;12840;15;12837;28;;;12846;13;12850;21;;;12843.0;0.0
yf_ZW=F_d4;36500;ASH_COATED_OSMIUM;9935;17;9932;29;;;9941;26;9944;9;;;9938.0;0.0
yf_ZW=F_d4;36500;INTARIAN_PEPPER_ROOT;12840;21;12836;12;;;12848;11;12852;18;;;12844.0;0.0
yf_ZW=F_d4;36600;ASH_COATED_OSMIUM;9935;9;9932;15;;;9941;18;9943;17;;;9938.0;0.0
yf_ZW=F_d4;36600;INTARIAN_PEPPER_ROOT;12842;9;12838;15;;;12848;9;12852;22;;;12845.0;0.0
yf_ZW=F_d4;36700;ASH_COATED_OSMIUM;9935;17;9932;19;;;9941;23;9945;16;;;9938.0;0.0
yf_ZW=F_d4;36700;INTARIAN_PEPPER_ROOT;12842;9;12838;27;;;12848;16;12852;28;;;12845.0;0.0
yf_ZW=F_d4;36800;ASH_COATED_OSMIUM;9934;11;9932;18;;;9940;25;9944;20;;;9937.0;0.0
yf_ZW=F_d4;36800;INTARIAN_PEPPER_ROOT;12842;12;12838;27;;;12852;16;12854;24;;;12847.0;0.0
yf_ZW=F_d4;36900;ASH_COATED_OSMIUM;9933;21;9930;25;;;9942;19;9946;24;;;9937.5;0.0
yf_ZW=F_d4;36900;INTARIAN_PEPPER_ROOT;12845;12;12843;19;;;12852;16;12855;23;;;12848.5;0.0
yf_ZW=F_d4;37000;ASH_COATED_OSMIUM;9934;11;9930;16;;;9940;11;9942;18;;;9937.0;0.0
yf_ZW=F_d4;37000;INTARIAN_PEPPER_ROOT;12846;18;12844;15;;;12852;13;12854;22;;;12849.0;0.0
yf_ZW=F_d4;37100;ASH_COATED_OSMIUM;9935;16;9933;10;;;9941;9;9943;19;;;9938.0;0.0
yf_ZW=F_d4;37100;INTARIAN_PEPPER_ROOT;12845;14;12841;26;;;12855;11;12859;27;;;12850.0;0.0
yf_ZW=F_d4;37200;ASH_COATED_OSMIUM;9931;18;9927;30;;;9944;17;9947;18;;;9937.5;0.0
yf_ZW=F_d4;37200;INTARIAN_PEPPER_ROOT;12848;16;12844;20;;;12854;12;12858;19;;;12851.0;0.0
yf_ZW=F_d4;37300;ASH_COATED_OSMIUM;9935;7;9932;16;;;9941;5;9943;35;;;9938.0;0.0
yf_ZW=F_d4;37300;INTARIAN_PEPPER_ROOT;12839;20;12837;14;;;12865;12;12868;28;;;12852.0;0.0
yf_ZW=F_d4;37400;ASH_COATED_OSMIUM;9935;15;9932;20;;;9942;10;9946;18;;;9938.5;0.0
yf_ZW=F_d4;37400;INTARIAN_PEPPER_ROOT;12841;13;12838;19;;;12865;10;12867;17;;;12853.0;0.0
yf_ZW=F_d4;37500;ASH_COATED_OSMIUM;9932;18;9929;25;;;9945;17;9948;28;;;9938.5;0.0
yf_ZW=F_d4;37500;INTARIAN_PEPPER_ROOT;12846;7;12843;8;;;12865;20;12868;27;;;12855.5;0.0
yf_ZW=F_d4;37600;ASH_COATED_OSMIUM;9935;9;9932;11;;;9941;22;9943;21;;;9938.0;0.0
yf_ZW=F_d4;37600;INTARIAN_PEPPER_ROOT;12846;9;12844;17;;;12865;12;12869;23;;;12855.5;0.0
yf_ZW=F_d4;37700;ASH_COATED_OSMIUM;9936;15;9934;19;;;9942;16;9945;25;;;9939.0;0.0
yf_ZW=F_d4;37700;INTARIAN_PEPPER_ROOT;12852;12;12849;23;;;12861;14;12865;12;;;12856.5;0.0
yf_ZW=F_d4;37800;ASH_COATED_OSMIUM;9935;13;9932;10;;;9941;9;9945;11;;;9938.0;0.0
yf_ZW=F_d4;37800;INTARIAN_PEPPER_ROOT;12854;16;12851;13;;;12861;5;12864;9;;;12857.5;0.0
yf_ZW=F_d4;37900;ASH_COATED_OSMIUM;9930;16;9927;20;;;9948;21;9951;16;;;9939.0;0.0
yf_ZW=F_d4;37900;INTARIAN_PEPPER_ROOT;12856;22;12853;21;;;12862;10;12866;23;;;12859.0;0.0
yf_ZW=F_d4;38000;ASH_COATED_OSMIUM;9933;12;9930;21;;;9945;21;9948;33;;;9939.0;0.0
yf_ZW=F_d4;38000;INTARIAN_PEPPER_ROOT;12857;12;12855;28;;;12863;13;12865;15;;;12860.0;0.0
yf_ZW=F_d4;38100;ASH_COATED_OSMIUM;9934;5;9930;19;;;9944;5;9946;9;;;9939.0;0.0
yf_ZW=F_d4;38100;INTARIAN_PEPPER_ROOT;12858;6;12856;27;;;12865;25;12868;20;;;12861.5;0.0
yf_ZW=F_d4;38200;ASH_COATED_OSMIUM;9936;15;9932;16;;;9942;14;9946;26;;;9939.0;0.0
yf_ZW=F_d4;38200;INTARIAN_PEPPER_ROOT;12859;23;12857;22;;;12867;11;12870;14;;;12863.0;0.0
yf_ZW=F_d4;38300;ASH_COATED_OSMIUM;9936;21;9934;14;;;9942;11;9945;29;;;9939.0;0.0
yf_ZW=F_d4;38300;INTARIAN_PEPPER_ROOT;12856;16;12854;24;;;12870;22;12874;22;;;12863.0;0.0
yf_ZW=F_d4;38400;ASH_COATED_OSMIUM;9929;12;9927;12;;;9949;14;9953;20;;;9939.0;0.0
yf_ZW=F_d4;38400;INTARIAN_PEPPER_ROOT;12856;16;12854;20;;;12873;19;12877;22;;;12864.5;0.0
yf_ZW=F_d4;38500;ASH_COATED_OSMIUM;9937;19;9935;19;;;9943;16;9947;21;;;9940.0;0.0
yf_ZW=F_d4;38500;INTARIAN_PEPPER_ROOT;12842;18;12840;26;;;12889;17;12892;22;;;12865.5;0.0
yf_ZW=F_d4;38600;ASH_COATED_OSMIUM;9937;24;9933;18;;;9943;14;9945;24;;;9940.0;0.0
yf_ZW=F_d4;38600;INTARIAN_PEPPER_ROOT;12863;13;12861;21;;;12869;18;12871;19;;;12866.0;0.0
yf_ZW=F_d4;38700;ASH_COATED_OSMIUM;9934;12;9932;20;;;9945;11;9949;20;;;9939.5;0.0
yf_ZW=F_d4;38700;INTARIAN_PEPPER_ROOT;12865;8;12861;16;;;12871;12;12875;8;;;12868.0;0.0
yf_ZW=F_d4;38800;ASH_COATED_OSMIUM;9931;8;9928;14;;;9947;16;9950;24;;;9939.0;0.0
yf_ZW=F_d4;38800;INTARIAN_PEPPER_ROOT;12865;19;12862;15;;;12871;13;12874;20;;;12868.0;0.0
yf_ZW=F_d4;38900;ASH_COATED_OSMIUM;9936;14;9933;15;;;9942;14;9946;23;;;9939.0;0.0
yf_ZW=F_d4;38900;INTARIAN_PEPPER_ROOT;12866;16;12864;8;;;12872;9;12876;17;;;12869.0;0.0
yf_ZW=F_d4;39000;ASH_COATED_OSMIUM;9937;14;9934;21;;;9943;17;9946;24;;;9940.0;0.0
yf_ZW=F_d4;39000;INTARIAN_PEPPER_ROOT;12868;20;12866;30;;;12874;14;12878;22;;;12871.0;0.0
yf_ZW=F_d4;39100;ASH_COATED_OSMIUM;9937;16;9933;22;;;9943;19;9945;18;;;9940.0;0.0
yf_ZW=F_d4;39100;INTARIAN_PEPPER_ROOT;12868;7;12865;14;;;12874;23;12876;9;;;12871.0;0.0
yf_ZW=F_d4;39200;ASH_COATED_OSMIUM;9932;9;9928;21;;;9948;19;9952;27;;;9940.0;0.0
yf_ZW=F_d4;39200;INTARIAN_PEPPER_ROOT;12869;14;12867;17;;;12878;15;12882;16;;;12873.5;0.0
yf_ZW=F_d4;39300;ASH_COATED_OSMIUM;9937;12;9935;24;;;9943;15;9947;21;;;9940.0;0.0
yf_ZW=F_d4;39300;INTARIAN_PEPPER_ROOT;12871;17;12869;9;;;12877;10;12879;14;;;12874.0;0.0
yf_ZW=F_d4;39400;ASH_COATED_OSMIUM;9937;11;9935;17;;;9943;22;9946;21;;;9940.0;0.0
yf_ZW=F_d4;39400;INTARIAN_PEPPER_ROOT;12872;20;12868;12;;;12878;15;12880;8;;;12875.0;0.0
yf_ZW=F_d4;39500;ASH_COATED_OSMIUM;9937;11;9933;26;;;9943;6;9946;28;;;9940.0;0.0
yf_ZW=F_d4;39500;INTARIAN_PEPPER_ROOT;12873;14;12871;11;;;12880;8;12884;14;;;12876.5;0.0
yf_ZW=F_d4;39600;ASH_COATED_OSMIUM;9937;21;9935;18;;;9943;17;9945;10;;;9940.0;0.0
yf_ZW=F_d4;39600;INTARIAN_PEPPER_ROOT;12875;11;12873;27;;;12881;8;12883;17;;;12878.0;0.0
yf_ZW=F_d4;39700;ASH_COATED_OSMIUM;9937;16;9933;24;;;9943;21;9945;21;;;9940.0;0.0
yf_ZW=F_d4;39700;INTARIAN_PEPPER_ROOT;12876;9;12873;28;;;12882;28;12886;10;;;12879.0;0.0
yf_ZW=F_d4;39800;ASH_COATED_OSMIUM;9930;21;9926;14;;;9949;21;9953;19;;;9939.5;0.0
yf_ZW=F_d4;39800;INTARIAN_PEPPER_ROOT;12874;22;12870;15;;;12885;18;12889;14;;;12879.5;0.0
yf_ZW=F_d4;39900;ASH_COATED_OSMIUM;9935;18;9932;15;;;9945;16;9947;19;;;9940.0;0.0
yf_ZW=F_d4;39900;INTARIAN_PEPPER_ROOT;12869;17;12867;17;;;12894;20;12898;22;;;12881.5;0.0
yf_ZW=F_d4;40000;ASH_COATED_OSMIUM;9937;16;9934;23;;;9943;13;9946;14;;;9940.0;0.0
yf_ZW=F_d4;40000;INTARIAN_PEPPER_ROOT;12879;9;12877;18;;;12885;11;12887;23;;;12882.0;0.0
yf_ZW=F_d4;40100;ASH_COATED_OSMIUM;9925;18;9923;16;;;9955;15;9958;23;;;9940.0;0.0
yf_ZW=F_d4;40100;INTARIAN_PEPPER_ROOT;12880;12;12878;14;;;12886;15;12889;19;;;12883.0;0.0
yf_ZW=F_d4;40200;ASH_COATED_OSMIUM;9937;13;9935;20;;;9944;16;9946;19;;;9940.5;0.0
yf_ZW=F_d4;40200;INTARIAN_PEPPER_ROOT;12882;30;12880;16;;;12888;8;12892;29;;;12885.0;0.0
yf_ZW=F_d4;40300;ASH_COATED_OSMIUM;9933;18;9929;12;;;9948;10;9952;20;;;9940.5;0.0
yf_ZW=F_d4;40300;INTARIAN_PEPPER_ROOT;12866;16;12862;15;;;12905;8;12907;18;;;12885.5;0.0
yf_ZW=F_d4;40400;ASH_COATED_OSMIUM;9938;13;9936;24;;;9944;16;9946;15;;;9941.0;0.0
yf_ZW=F_d4;40400;INTARIAN_PEPPER_ROOT;12882;15;12879;27;;;12890;17;12894;12;;;12886.0;0.0
yf_ZW=F_d4;40500;ASH_COATED_OSMIUM;9937;15;9933;14;;;9944;26;9947;21;;;9940.5;0.0
yf_ZW=F_d4;40500;INTARIAN_PEPPER_ROOT;12877;12;12875;17;;;12898;20;12902;17;;;12887.5;0.0
yf_ZW=F_d4;40600;ASH_COATED_OSMIUM;9934;18;9931;24;;;9948;18;9952;18;;;9941.0;0.0
yf_ZW=F_d4;40600;INTARIAN_PEPPER_ROOT;12875;10;12871;24;;;12902;18;12905;26;;;12888.5;0.0
yf_ZW=F_d4;40700;ASH_COATED_OSMIUM;9938;10;9934;25;;;9944;18;9947;30;;;9941.0;0.0
yf_ZW=F_d4;40700;INTARIAN_PEPPER_ROOT;12887;18;12885;16;;;12893;14;12895;17;;;12890.0;0.0
yf_ZW=F_d4;40800;ASH_COATED_OSMIUM;9938;14;9935;18;;;9944;18;9948;25;;;9941.0;0.0
yf_ZW=F_d4;40800;INTARIAN_PEPPER_ROOT;12888;23;12886;14;;;12894;13;12896;22;;;12891.0;0.0
yf_ZW=F_d4;40900;ASH_COATED_OSMIUM;9938;9;9934;24;;;9944;16;9947;24;;;9941.0;0.0
yf_ZW=F_d4;40900;INTARIAN_PEPPER_ROOT;12888;18;12885;22;;;12895;24;12899;16;;;12891.5;0.0
yf_ZW=F_d4;41000;ASH_COATED_OSMIUM;9936;18;9932;22;;;9946;17;9950;26;;;9941.0;0.0
yf_ZW=F_d4;41000;INTARIAN_PEPPER_ROOT;12890;9;12888;19;;;12896;15;12899;16;;;12893.0;0.0
yf_ZW=F_d4;41100;ASH_COATED_OSMIUM;9936;12;9933;28;;;9947;14;9951;17;;;9941.5;0.0
yf_ZW=F_d4;41100;INTARIAN_PEPPER_ROOT;12890;23;12887;14;;;12897;5;12901;20;;;12893.5;0.0
yf_ZW=F_d4;41200;ASH_COATED_OSMIUM;9939;20;9935;19;;;9945;10;9949;19;;;9942.0;0.0
yf_ZW=F_d4;41200;INTARIAN_PEPPER_ROOT;12891;13;12889;20;;;12898;15;12900;20;;;12894.5;0.0
yf_ZW=F_d4;41300;ASH_COATED_OSMIUM;9925;17;9921;23;;;9957;13;9960;10;;;9941.0;0.0
yf_ZW=F_d4;41300;INTARIAN_PEPPER_ROOT;12893;13;12891;17;;;12899;20;12902;29;;;12896.0;0.0
yf_ZW=F_d4;41400;ASH_COATED_OSMIUM;9938;13;9935;22;;;9944;10;9947;17;;;9941.0;0.0
yf_ZW=F_d4;41400;INTARIAN_PEPPER_ROOT;12894;18;12891;16;;;12900;17;12903;32;;;12897.0;0.0
yf_ZW=F_d4;41500;ASH_COATED_OSMIUM;9935;20;9932;11;;;9949;30;9951;29;;;9942.0;0.0
yf_ZW=F_d4;41500;INTARIAN_PEPPER_ROOT;12890;19;12886;20;;;12905;16;12909;17;;;12897.5;0.0
yf_ZW=F_d4;41600;ASH_COATED_OSMIUM;9929;5;9925;14;;;9954;19;9958;28;;;9941.5;0.0
yf_ZW=F_d4;41600;INTARIAN_PEPPER_ROOT;12897;17;12893;24;;;12903;21;12905;26;;;12900.0;0.0
yf_ZW=F_d4;41700;ASH_COATED_OSMIUM;9939;12;9935;28;;;9945;15;9947;23;;;9942.0;0.0
yf_ZW=F_d4;41700;INTARIAN_PEPPER_ROOT;12895;13;12893;20;;;12907;16;12909;19;;;12901.0;0.0
yf_ZW=F_d4;41800;ASH_COATED_OSMIUM;9939;8;9937;26;;;9945;17;9947;20;;;9942.0;0.0
yf_ZW=F_d4;41800;INTARIAN_PEPPER_ROOT;12899;11;12896;22;;;12905;14;12907;22;;;12902.0;0.0
yf_ZW=F_d4;41900;ASH_COATED_OSMIUM;9939;17;9937;18;;;9945;21;9948;22;;;9942.0;0.0
yf_ZW=F_d4;41900;INTARIAN_PEPPER_ROOT;12899;15;12896;18;;;12905;21;12909;17;;;12902.0;0.0
yf_ZW=F_d4;42000;ASH_COATED_OSMIUM;9939;18;9935;21;;;9945;16;9947;22;;;9942.0;0.0
yf_ZW=F_d4;42000;INTARIAN_PEPPER_ROOT;12898;18;12894;16;;;12907;21;12909;20;;;12902.5;0.0
yf_ZW=F_d4;42100;ASH_COATED_OSMIUM;9939;10;9937;19;;;9945;15;9948;24;;;9942.0;0.0
yf_ZW=F_d4;42100;INTARIAN_PEPPER_ROOT;12895;17;12893;14;;;12915;10;12919;15;;;12905.0;0.0
yf_ZW=F_d4;42200;ASH_COATED_OSMIUM;9939;22;9936;16;;;9945;15;9947;9;;;9942.0;0.0
yf_ZW=F_d4;42200;INTARIAN_PEPPER_ROOT;12903;8;12901;19;;;12909;10;12911;16;;;12906.0;0.0
yf_ZW=F_d4;42300;ASH_COATED_OSMIUM;9939;14;9936;26;;;9945;12;9948;21;;;9942.0;0.0
yf_ZW=F_d4;42300;INTARIAN_PEPPER_ROOT;12904;9;12901;8;;;12910;18;12913;20;;;12907.0;0.0
yf_ZW=F_d4;42400;ASH_COATED_OSMIUM;9939;19;9936;13;;;9945;17;9949;22;;;9942.0;0.0
yf_ZW=F_d4;42400;INTARIAN_PEPPER_ROOT;12900;8;12896;19;;;12918;17;12920;13;;;12909.0;0.0
yf_ZW=F_d4;42500;ASH_COATED_OSMIUM;9937;22;9934;19;;;9948;13;9952;18;;;9942.5;0.0
yf_ZW=F_d4;42500;INTARIAN_PEPPER_ROOT;12906;15;12904;21;;;12912;20;12915;26;;;12909.0;0.0
yf_ZW=F_d4;42600;ASH_COATED_OSMIUM;9935;5;9933;20;;;9949;13;9951;19;;;9942.0;0.0
yf_ZW=F_d4;42600;INTARIAN_PEPPER_ROOT;12907;13;12904;20;;;12913;19;12916;17;;;12910.0;0.0
yf_ZW=F_d4;42700;ASH_COATED_OSMIUM;9940;28;9936;23;;;9946;18;9948;24;;;9943.0;0.0
yf_ZW=F_d4;42700;INTARIAN_PEPPER_ROOT;12903;15;12901;20;;;12920;12;12924;24;;;12911.5;0.0
yf_ZW=F_d4;42800;ASH_COATED_OSMIUM;9939;13;9937;10;;;9946;14;9948;18;;;9942.5;0.0
yf_ZW=F_d4;42800;INTARIAN_PEPPER_ROOT;12909;14;12907;23;;;12915;22;12919;27;;;12912.0;0.0
yf_ZW=F_d4;42900;ASH_COATED_OSMIUM;9935;10;9931;19;;;9951;13;9953;12;;;9943.0;0.0
yf_ZW=F_d4;42900;INTARIAN_PEPPER_ROOT;12901;9;12898;14;;;12926;10;12928;15;;;12913.5;0.0
yf_ZW=F_d4;43000;ASH_COATED_OSMIUM;9940;27;9936;21;;;9946;5;9950;21;;;9943.0;0.0
yf_ZW=F_d4;43000;INTARIAN_PEPPER_ROOT;12912;5;12910;20;;;12918;22;12922;10;;;12915.0;0.0
yf_ZW=F_d4;43100;ASH_COATED_OSMIUM;9940;11;9936;20;;;9946;16;9949;22;;;9943.0;0.0
yf_ZW=F_d4;43100;INTARIAN_PEPPER_ROOT;12913;18;12911;19;;;12919;16;12921;21;;;12916.0;0.0
yf_ZW=F_d4;43200;ASH_COATED_OSMIUM;9940;21;9938;11;;;9946;17;9948;22;;;9943.0;0.0
yf_ZW=F_d4;43200;INTARIAN_PEPPER_ROOT;12913;15;12910;15;;;12921;15;12923;23;;;12917.0;0.0
yf_ZW=F_d4;43300;ASH_COATED_OSMIUM;9940;11;9938;26;;;9946;16;9948;8;;;9943.0;0.0
yf_ZW=F_d4;43300;INTARIAN_PEPPER_ROOT;12915;17;12911;26;;;12921;21;12925;21;;;12918.0;0.0
yf_ZW=F_d4;43400;ASH_COATED_OSMIUM;9933;13;9929;14;;;9954;24;9958;18;;;9943.5;0.0
yf_ZW=F_d4;43400;INTARIAN_PEPPER_ROOT;12916;14;12912;19;;;12922;12;12924;26;;;12919.0;0.0
yf_ZW=F_d4;43500;ASH_COATED_OSMIUM;9941;18;9939;15;;;9947;14;9949;22;;;9944.0;0.0
yf_ZW=F_d4;43500;INTARIAN_PEPPER_ROOT;12917;18;12915;19;;;12923;7;12927;18;;;12920.0;0.0
yf_ZW=F_d4;43600;ASH_COATED_OSMIUM;9938;11;9936;24;;;9947;14;9949;20;;;9942.5;0.0
yf_ZW=F_d4;43600;INTARIAN_PEPPER_ROOT;12918;13;12914;21;;;12924;12;12927;17;;;12921.0;0.0
yf_ZW=F_d4;43700;ASH_COATED_OSMIUM;9941;17;9938;24;;;9947;14;9951;16;;;9944.0;0.0
yf_ZW=F_d4;43700;INTARIAN_PEPPER_ROOT;12919;6;12917;15;;;12925;6;12929;14;;;12922.0;0.0
yf_ZW=F_d4;43800;ASH_COATED_OSMIUM;9938;11;9935;15;;;9949;9;9953;15;;;9943.5;0.0
yf_ZW=F_d4;43800;INTARIAN_PEPPER_ROOT;12912;13;12909;27;;;12935;15;12939;26;;;12923.5;0.0
yf_ZW=F_d4;43900;ASH_COATED_OSMIUM;9940;5;9936;25;;;9946;13;9950;18;;;9943.0;0.0
yf_ZW=F_d4;43900;INTARIAN_PEPPER_ROOT;12920;17;12916;24;;;12929;16;12932;20;;;12924.5;0.0
yf_ZW=F_d4;44000;ASH_COATED_OSMIUM;9936;8;9934;15;;;9951;15;9955;27;;;9943.5;0.0
yf_ZW=F_d4;44000;INTARIAN_PEPPER_ROOT;12919;13;12915;21;;;12932;8;12935;16;;;12925.5;0.0
yf_ZW=F_d4;44100;ASH_COATED_OSMIUM;9941;19;9938;19;;;9947;13;9949;13;;;9944.0;0.0
yf_ZW=F_d4;44100;INTARIAN_PEPPER_ROOT;12924;23;12920;16;;;12930;9;12933;15;;;12927.0;0.0
yf_ZW=F_d4;44200;ASH_COATED_OSMIUM;9935;17;9931;18;;;9952;18;9955;18;;;9943.5;0.0
yf_ZW=F_d4;44200;INTARIAN_PEPPER_ROOT;12925;13;12922;19;;;12931;15;12933;16;;;12928.0;0.0
yf_ZW=F_d4;44300;ASH_COATED_OSMIUM;9942;13;9938;17;;;9948;5;9950;19;;;9945.0;0.0
yf_ZW=F_d4;44300;INTARIAN_PEPPER_ROOT;12926;14;12923;28;;;12932;29;12936;18;;;12929.0;0.0
yf_ZW=F_d4;44400;ASH_COATED_OSMIUM;9940;8;9936;16;;;9948;13;9950;21;;;9944.0;0.0
yf_ZW=F_d4;44400;INTARIAN_PEPPER_ROOT;12927;8;12924;21;;;12933;5;12935;23;;;12930.0;0.0
yf_ZW=F_d4;44500;ASH_COATED_OSMIUM;9940;19;9938;18;;;9948;23;9951;15;;;9944.0;0.0
yf_ZW=F_d4;44500;INTARIAN_PEPPER_ROOT;12928;25;12925;16;;;12934;5;12938;19;;;12931.0;0.0
yf_ZW=F_d4;44600;ASH_COATED_OSMIUM;9941;11;9937;22;;;9947;19;9951;31;;;9944.0;0.0
yf_ZW=F_d4;44600;INTARIAN_PEPPER_ROOT;12927;14;12924;18;;;12936;7;12940;17;;;12931.5;0.0
yf_ZW=F_d4;44700;ASH_COATED_OSMIUM;9938;24;9934;19;;;9951;13;9953;15;;;9944.5;0.0
yf_ZW=F_d4;44700;INTARIAN_PEPPER_ROOT;12930;6;12928;28;;;12936;16;12938;24;;;12933.0;0.0
yf_ZW=F_d4;44800;ASH_COATED_OSMIUM;9941;25;9937;18;;;9947;10;9949;21;;;9944.0;0.0
yf_ZW=F_d4;44800;INTARIAN_PEPPER_ROOT;12922;25;12919;16;;;12946;11;12950;21;;;12934.0;0.0
yf_ZW=F_d4;44900;ASH_COATED_OSMIUM;9941;11;9937;19;;;9947;18;9949;19;;;9944.0;0.0
yf_ZW=F_d4;44900;INTARIAN_PEPPER_ROOT;12932;10;12929;21;;;12938;9;12942;19;;;12935.0;0.0
yf_ZW=F_d4;45000;ASH_COATED_OSMIUM;9931;13;9929;12;;;9958;21;9962;16;;;9944.5;0.0
yf_ZW=F_d4;45000;INTARIAN_PEPPER_ROOT;12934;9;12932;22;;;12940;11;12944;17;;;12937.0;0.0
yf_ZW=F_d4;45100;ASH_COATED_OSMIUM;9931;5;9929;27;;;9957;14;9960;16;;;9944.0;0.0
yf_ZW=F_d4;45100;INTARIAN_PEPPER_ROOT;12933;10;12931;24;;;12943;22;12946;20;;;12938.0;0.0
yf_ZW=F_d4;45200;ASH_COATED_OSMIUM;9935;7;9933;20;;;9954;20;9957;20;;;9944.5;0.0
yf_ZW=F_d4;45200;INTARIAN_PEPPER_ROOT;12936;14;12932;20;;;12942;13;12945;25;;;12939.0;0.0
yf_ZW=F_d4;45300;ASH_COATED_OSMIUM;9941;19;9937;26;;;9947;14;9949;17;;;9944.0;0.0
yf_ZW=F_d4;45300;INTARIAN_PEPPER_ROOT;12937;14;12934;27;;;12943;12;12947;22;;;12940.0;0.0
yf_ZW=F_d4;45400;ASH_COATED_OSMIUM;9942;14;9940;18;;;9948;13;9952;8;;;9945.0;0.0
yf_ZW=F_d4;45400;INTARIAN_PEPPER_ROOT;12938;9;12935;18;;;12944;21;12947;22;;;12941.0;0.0
yf_ZW=F_d4;45500;ASH_COATED_OSMIUM;9939;11;9937;22;;;9951;18;9953;8;;;9945.0;0.0
yf_ZW=F_d4;45500;INTARIAN_PEPPER_ROOT;12934;14;12932;26;;;12950;8;12954;20;;;12942.0;0.0
yf_ZW=F_d4;45600;ASH_COATED_OSMIUM;9942;9;9938;29;;;9948;15;9951;22;;;9945.0;0.0
yf_ZW=F_d4;45600;INTARIAN_PEPPER_ROOT;12940;14;12938;10;;;12946;14;12950;20;;;12943.0;0.0
yf_ZW=F_d4;45700;ASH_COATED_OSMIUM;9942;14;9940;23;;;9948;25;9950;15;;;9945.0;0.0
yf_ZW=F_d4;45700;INTARIAN_PEPPER_ROOT;12941;7;12937;28;;;12947;13;12950;25;;;12944.0;0.0
yf_ZW=F_d4;45800;ASH_COATED_OSMIUM;9940;12;9938;9;;;9950;10;9952;9;;;9945.0;0.0
yf_ZW=F_d4;45800;INTARIAN_PEPPER_ROOT;12942;22;12940;19;;;12948;15;12950;18;;;12945.0;0.0
yf_ZW=F_d4;45900;ASH_COATED_OSMIUM;9940;5;9937;26;;;9951;23;9953;19;;;9945.5;0.0
yf_ZW=F_d4;45900;INTARIAN_PEPPER_ROOT;12943;14;12940;22;;;12949;11;12952;20;;;12946.0;0.0
yf_ZW=F_d4;46000;ASH_COATED_OSMIUM;9930;12;9926;23;;;9959;13;9962;21;;;9944.5;0.0
yf_ZW=F_d4;46000;INTARIAN_PEPPER_ROOT;12944;12;12941;18;;;12950;16;12953;25;;;12947.0;0.0
yf_ZW=F_d4;46100;ASH_COATED_OSMIUM;9942;18;9938;20;;;9948;5;9950;22;;;9945.0;0.0
yf_ZW=F_d4;46100;INTARIAN_PEPPER_ROOT;12946;24;12944;20;;;12952;5;12954;19;;;12949.0;0.0
yf_ZW=F_d4;46200;ASH_COATED_OSMIUM;9933;15;9930;25;;;9956;11;9959;21;;;9944.5;0.0
yf_ZW=F_d4;46200;INTARIAN_PEPPER_ROOT;12941;20;12937;26;;;12957;18;12959;12;;;12949.0;0.0
yf_ZW=F_d4;46300;ASH_COATED_OSMIUM;9938;8;9936;15;;;9952;7;9954;16;;;9945.0;0.0
yf_ZW=F_d4;46300;INTARIAN_PEPPER_ROOT;12935;5;12931;20;;;12965;14;12967;24;;;12950.0;0.0
yf_ZW=F_d4;46400;ASH_COATED_OSMIUM;9942;14;9939;14;;;9948;18;9951;22;;;9945.0;0.0
yf_ZW=F_d4;46400;INTARIAN_PEPPER_ROOT;12948;21;12946;18;;;12954;22;12957;21;;;12951.0;0.0
yf_ZW=F_d4;46500;ASH_COATED_OSMIUM;9942;16;9939;22;;;9949;15;9952;16;;;9945.5;0.0
yf_ZW=F_d4;46500;INTARIAN_PEPPER_ROOT;12950;10;12947;25;;;12956;17;12959;20;;;12953.0;0.0
yf_ZW=F_d4;46600;ASH_COATED_OSMIUM;9943;13;9941;14;;;9949;13;9952;25;;;9946.0;0.0
yf_ZW=F_d4;46600;INTARIAN_PEPPER_ROOT;12941;11;12937;21;;;12968;20;12970;15;;;12954.5;0.0
yf_ZW=F_d4;46700;ASH_COATED_OSMIUM;9935;11;9931;16;;;9956;9;9959;27;;;9945.5;0.0
yf_ZW=F_d4;46700;INTARIAN_PEPPER_ROOT;12940;17;12938;17;;;12970;16;12972;18;;;12955.0;0.0
yf_ZW=F_d4;46800;ASH_COATED_OSMIUM;9938;17;9935;35;;;9954;12;9956;22;;;9946.0;0.0
yf_ZW=F_d4;46800;INTARIAN_PEPPER_ROOT;12953;18;12949;17;;;12959;10;12963;20;;;12956.0;0.0
yf_ZW=F_d4;46900;ASH_COATED_OSMIUM;9943;15;9939;16;;;9949;20;9952;15;;;9946.0;0.0
yf_ZW=F_d4;46900;INTARIAN_PEPPER_ROOT;12954;14;12951;20;;;12960;14;12964;18;;;12957.0;0.0
yf_ZW=F_d4;47000;ASH_COATED_OSMIUM;9942;11;9939;11;;;9950;12;9954;17;;;9946.0;0.0
yf_ZW=F_d4;47000;INTARIAN_PEPPER_ROOT;12951;14;12947;22;;;12965;13;12967;15;;;12958.0;0.0
yf_ZW=F_d4;47100;ASH_COATED_OSMIUM;9929;20;9925;17;;;9962;9;9964;24;;;9945.5;0.0
yf_ZW=F_d4;47100;INTARIAN_PEPPER_ROOT;12956;9;12953;18;;;12962;24;12964;17;;;12959.0;0.0
yf_ZW=F_d4;47200;ASH_COATED_OSMIUM;9943;10;9941;24;;;9949;14;9952;22;;;9946.0;0.0
yf_ZW=F_d4;47200;INTARIAN_PEPPER_ROOT;12957;20;12954;24;;;12964;18;12966;11;;;12960.5;0.0
yf_ZW=F_d4;47300;ASH_COATED_OSMIUM;9918;8;9914;25;;;9975;14;9978;13;;;9946.5;0.0
yf_ZW=F_d4;47300;INTARIAN_PEPPER_ROOT;12955;10;12953;28;;;12967;21;12971;16;;;12961.0;0.0
yf_ZW=F_d4;47400;ASH_COATED_OSMIUM;9925;26;9922;25;;;9968;19;9970;33;;;9946.5;0.0
yf_ZW=F_d4;47400;INTARIAN_PEPPER_ROOT;12954;15;12950;24;;;12970;14;12974;18;;;12962.0;0.0
yf_ZW=F_d4;47500;ASH_COATED_OSMIUM;9943;11;9941;26;;;9949;16;9952;19;;;9946.0;0.0
yf_ZW=F_d4;47500;INTARIAN_PEPPER_ROOT;12955;17;12953;18;;;12972;11;12976;21;;;12963.5;0.0
yf_ZW=F_d4;47600;ASH_COATED_OSMIUM;9943;16;9941;15;;;9949;17;9951;17;;;9946.0;0.0
yf_ZW=F_d4;47600;INTARIAN_PEPPER_ROOT;12962;11;12959;14;;;12968;23;12972;18;;;12965.0;0.0
yf_ZW=F_d4;47700;ASH_COATED_OSMIUM;9943;15;9941;17;;;9949;5;9953;28;;;9946.0;0.0
yf_ZW=F_d4;47700;INTARIAN_PEPPER_ROOT;12947;19;12945;12;;;12985;9;12989;14;;;12966.0;0.0
yf_ZW=F_d4;47800;ASH_COATED_OSMIUM;9944;11;9941;25;;;9950;23;9952;20;;;9947.0;0.0
yf_ZW=F_d4;47800;INTARIAN_PEPPER_ROOT;12964;13;12962;14;;;12970;23;12973;26;;;12967.0;0.0
yf_ZW=F_d4;47900;ASH_COATED_OSMIUM;9944;9;9940;16;;;9950;23;9952;17;;;9947.0;0.0
yf_ZW=F_d4;47900;INTARIAN_PEPPER_ROOT;12965;18;12962;14;;;12971;10;12975;17;;;12968.0;0.0
yf_ZW=F_d4;48000;ASH_COATED_OSMIUM;9944;14;9941;20;;;9950;8;9954;19;;;9947.0;0.0
yf_ZW=F_d4;48000;INTARIAN_PEPPER_ROOT;12966;17;12963;15;;;12972;6;12976;27;;;12969.0;0.0
yf_ZW=F_d4;48100;ASH_COATED_OSMIUM;9944;15;9941;12;;;9950;10;9952;17;;;9947.0;0.0
yf_ZW=F_d4;48100;INTARIAN_PEPPER_ROOT;12967;17;12964;18;;;12973;19;12976;13;;;12970.0;0.0
yf_ZW=F_d4;48200;ASH_COATED_OSMIUM;9944;5;9940;8;;;9950;9;9952;19;;;9947.0;0.0
yf_ZW=F_d4;48200;INTARIAN_PEPPER_ROOT;12968;5;12964;20;;;12974;24;12977;29;;;12971.0;0.0
yf_ZW=F_d4;48300;ASH_COATED_OSMIUM;9944;12;9940;28;;;9950;19;9953;8;;;9947.0;0.0
yf_ZW=F_d4;48300;INTARIAN_PEPPER_ROOT;12969;9;12965;11;;;12975;16;12977;24;;;12972.0;0.0
yf_ZW=F_d4;48400;ASH_COATED_OSMIUM;9943;22;9941;19;;;9951;19;9954;26;;;9947.0;0.0
yf_ZW=F_d4;48400;INTARIAN_PEPPER_ROOT;12970;15;12966;20;;;12976;24;12979;15;;;12973.0;0.0
yf_ZW=F_d4;48500;ASH_COATED_OSMIUM;9944;14;9942;21;;;9950;6;9953;19;;;9947.0;0.0
yf_ZW=F_d4;48500;INTARIAN_PEPPER_ROOT;12971;18;12967;22;;;12977;14;12981;18;;;12974.0;0.0
yf_ZW=F_d4;48600;ASH_COATED_OSMIUM;9944;14;9941;26;;;9950;20;9954;17;;;9947.0;0.0
yf_ZW=F_d4;48600;INTARIAN_PEPPER_ROOT;12972;8;12969;24;;;12978;10;12981;17;;;12975.0;0.0
yf_ZW=F_d4;48700;ASH_COATED_OSMIUM;9940;21;9936;24;;;9954;13;9957;21;;;9947.0;0.0
yf_ZW=F_d4;48700;INTARIAN_PEPPER_ROOT;12970;11;12967;20;;;12983;14;12987;24;;;12976.5;0.0
yf_ZW=F_d4;48800;ASH_COATED_OSMIUM;9945;23;9942;16;;;9951;12;9953;26;;;9948.0;0.0
yf_ZW=F_d4;48800;INTARIAN_PEPPER_ROOT;12960;10;12958;18;;;12995;12;12997;12;;;12977.5;0.0
yf_ZW=F_d4;48900;ASH_COATED_OSMIUM;9940;19;9938;13;;;9954;13;9956;14;;;9947.0;0.0
yf_ZW=F_d4;48900;INTARIAN_PEPPER_ROOT;12968;5;12966;17;;;12990;22;12993;22;;;12979.0;0.0
yf_ZW=F_d4;49000;ASH_COATED_OSMIUM;9941;19;9939;26;;;9953;6;9955;14;;;9947.0;0.0
yf_ZW=F_d4;49000;INTARIAN_PEPPER_ROOT;12977;16;12973;18;;;12983;12;12985;18;;;12980.0;0.0
yf_ZW=F_d4;49100;ASH_COATED_OSMIUM;9945;24;9942;15;;;9951;16;9955;26;;;9948.0;0.0
yf_ZW=F_d4;49100;INTARIAN_PEPPER_ROOT;12978;18;12975;13;;;12984;12;12987;17;;;12981.0;0.0
yf_ZW=F_d4;49200;ASH_COATED_OSMIUM;9945;12;9942;24;;;9951;16;9954;14;;;9948.0;0.0
yf_ZW=F_d4;49200;INTARIAN_PEPPER_ROOT;12975;14;12972;21;;;12991;15;12993;22;;;12983.0;0.0
yf_ZW=F_d4;49300;ASH_COATED_OSMIUM;9944;18;9942;23;;;9950;12;9954;21;;;9947.0;0.0
yf_ZW=F_d4;49300;INTARIAN_PEPPER_ROOT;12980;17;12978;26;;;12986;15;12990;29;;;12983.0;0.0
yf_ZW=F_d4;49400;ASH_COATED_OSMIUM;9938;15;9934;24;;;9957;21;9960;26;;;9947.5;0.0
yf_ZW=F_d4;49400;INTARIAN_PEPPER_ROOT;12981;18;12979;24;;;12987;16;12989;15;;;12984.0;0.0
yf_ZW=F_d4;49500;ASH_COATED_OSMIUM;9945;16;9943;26;;;9951;17;9955;12;;;9948.0;0.0
yf_ZW=F_d4;49500;INTARIAN_PEPPER_ROOT;12969;11;12966;21;;;13001;20;13004;19;;;12985.0;0.0
yf_ZW=F_d4;49600;ASH_COATED_OSMIUM;9945;18;9943;20;;;9951;16;9955;15;;;9948.0;0.0
yf_ZW=F_d4;49600;INTARIAN_PEPPER_ROOT;12984;19;12981;27;;;12990;15;12994;20;;;12987.0;0.0
yf_ZW=F_d4;49700;ASH_COATED_OSMIUM;9945;13;9942;13;;;9951;20;9954;25;;;9948.0;0.0
yf_ZW=F_d4;49700;INTARIAN_PEPPER_ROOT;12985;13;12981;23;;;12991;15;12994;17;;;12988.0;0.0
yf_ZW=F_d4;49800;ASH_COATED_OSMIUM;9944;7;9942;22;;;9951;12;9955;11;;;9947.5;0.0
yf_ZW=F_d4;49800;INTARIAN_PEPPER_ROOT;12986;18;12984;19;;;12992;19;12996;17;;;12989.0;0.0
yf_ZW=F_d4;49900;ASH_COATED_OSMIUM;9945;17;9942;17;;;9951;15;9954;20;;;9948.0;0.0
yf_ZW=F_d4;49900;INTARIAN_PEPPER_ROOT;12986;18;12984;20;;;12992;12;12995;21;;;12989.0;0.0
yf_ZW=F_d4;50000;ASH_COATED_OSMIUM;9945;12;9941;22;;;9951;25;9954;23;;;9948.0;0.0
yf_ZW=F_d4;50000;INTARIAN_PEPPER_ROOT;12983;20;12979;24;;;12998;16;13000;24;;;12990.5;0.0
yf_ZW=F_d4;50100;ASH_COATED_OSMIUM;9940;16;9937;12;;;9957;6;9959;8;;;9948.5;0.0
yf_ZW=F_d4;50100;INTARIAN_PEPPER_ROOT;12989;13;12987;12;;;12995;9;12997;17;;;12992.0;0.0
yf_ZW=F_d4;50200;ASH_COATED_OSMIUM;9945;14;9943;21;;;9951;15;9954;13;;;9948.0;0.0
yf_ZW=F_d4;50200;INTARIAN_PEPPER_ROOT;12990;9;12986;17;;;12996;16;13000;16;;;12993.0;0.0
yf_ZW=F_d4;50300;ASH_COATED_OSMIUM;9945;18;9943;23;;;9951;14;9953;11;;;9948.0;0.0
yf_ZW=F_d4;50300;INTARIAN_PEPPER_ROOT;12989;14;12987;23;;;13000;8;13004;17;;;12994.5;0.0
yf_ZW=F_d4;50400;ASH_COATED_OSMIUM;9945;15;9941;23;;;9951;24;9954;23;;;9948.0;0.0
yf_ZW=F_d4;50400;INTARIAN_PEPPER_ROOT;12992;15;12988;12;;;12998;20;13002;19;;;12995.0;0.0
yf_ZW=F_d4;50500;ASH_COATED_OSMIUM;9944;13;9940;22;;;9953;10;9955;17;;;9948.5;0.0
yf_ZW=F_d4;50500;INTARIAN_PEPPER_ROOT;12987;17;12983;21;;;13004;8;13006;25;;;12995.5;0.0
yf_ZW=F_d4;50600;ASH_COATED_OSMIUM;9945;18;9943;19;;;9951;20;9953;18;;;9948.0;0.0
yf_ZW=F_d4;50600;INTARIAN_PEPPER_ROOT;12994;15;12992;23;;;13001;27;13004;12;;;12997.5;0.0
yf_ZW=F_d4;50700;ASH_COATED_OSMIUM;9946;18;9944;17;;;9952;16;9954;23;;;9949.0;0.0
yf_ZW=F_d4;50700;INTARIAN_PEPPER_ROOT;12989;14;12985;23;;;13008;9;13011;18;;;12998.5;0.0
yf_ZW=F_d4;50800;ASH_COATED_OSMIUM;9945;12;9943;17;;;9951;13;9954;15;;;9948.0;0.0
yf_ZW=F_d4;50800;INTARIAN_PEPPER_ROOT;12996;17;12994;19;;;13004;9;13007;13;;;13000.0;0.0
yf_ZW=F_d4;50900;ASH_COATED_OSMIUM;9941;21;9937;19;;;9957;16;9959;17;;;9949.0;0.0
yf_ZW=F_d4;50900;INTARIAN_PEPPER_ROOT;12996;20;12992;28;;;13002;16;13006;29;;;12999.0;0.0
yf_ZW=F_d4;51000;ASH_COATED_OSMIUM;9944;21;9941;26;;;9954;14;9956;13;;;9949.0;0.0
yf_ZW=F_d4;51000;INTARIAN_PEPPER_ROOT;12995;9;12993;23;;;13001;22;13003;20;;;12998.0;0.0
yf_ZW=F_d4;51100;ASH_COATED_OSMIUM;9946;10;9942;22;;;9952;8;9956;10;;;9949.0;0.0
yf_ZW=F_d4;51100;INTARIAN_PEPPER_ROOT;12994;14;12991;20;;;13001;6;13003;22;;;12997.5;0.0
yf_ZW=F_d4;51200;ASH_COATED_OSMIUM;9947;13;9943;29;;;9953;15;9957;12;;;9950.0;0.0
yf_ZW=F_d4;51200;INTARIAN_PEPPER_ROOT;12990;10;12987;28;;;13002;14;13005;25;;;12996.0;0.0
yf_ZW=F_d4;51300;ASH_COATED_OSMIUM;9947;17;9943;21;;;9953;22;9957;13;;;9950.0;0.0
yf_ZW=F_d4;51300;INTARIAN_PEPPER_ROOT;12983;19;12980;15;;;13007;23;13011;27;;;12995.0;0.0
yf_ZW=F_d4;51400;ASH_COATED_OSMIUM;9947;12;9945;12;;;9953;18;9957;16;;;9950.0;0.0
yf_ZW=F_d4;51400;INTARIAN_PEPPER_ROOT;12991;11;12989;16;;;12997;17;13001;22;;;12994.0;0.0
yf_ZW=F_d4;51500;ASH_COATED_OSMIUM;9947;14;9943;22;;;9953;17;9955;27;;;9950.0;0.0
yf_ZW=F_d4;51500;INTARIAN_PEPPER_ROOT;12985;17;12983;19;;;13000;7;13004;35;;;12992.5;0.0
yf_ZW=F_d4;51600;ASH_COATED_OSMIUM;9946;17;9944;16;;;9954;9;9957;19;;;9950.0;0.0
yf_ZW=F_d4;51600;INTARIAN_PEPPER_ROOT;12989;13;12987;19;;;12995;12;12997;23;;;12992.0;0.0
yf_ZW=F_d4;51700;ASH_COATED_OSMIUM;9947;23;9945;23;;;9954;23;9956;24;;;9950.5;0.0
yf_ZW=F_d4;51700;INTARIAN_PEPPER_ROOT;12985;15;12983;16;;;12996;25;13000;21;;;12990.5;0.0
yf_ZW=F_d4;51800;ASH_COATED_OSMIUM;9947;9;9945;13;;;9953;12;9956;24;;;9950.0;0.0
yf_ZW=F_d4;51800;INTARIAN_PEPPER_ROOT;12986;13;12982;12;;;12993;13;12996;20;;;12989.5;0.0
yf_ZW=F_d4;51900;ASH_COATED_OSMIUM;9948;14;9945;27;;;9954;12;9956;28;;;9951.0;0.0
yf_ZW=F_d4;51900;INTARIAN_PEPPER_ROOT;12984;20;12981;30;;;12992;12;12994;11;;;12988.0;0.0
yf_ZW=F_d4;52000;ASH_COATED_OSMIUM;9948;21;9944;13;;;9954;12;9956;32;;;9951.0;0.0
yf_ZW=F_d4;52000;INTARIAN_PEPPER_ROOT;12985;13;12983;17;;;12991;16;12995;21;;;12988.0;0.0
yf_ZW=F_d4;52100;ASH_COATED_OSMIUM;9948;14;9946;23;;;9954;13;9956;14;;;9951.0;0.0
yf_ZW=F_d4;52100;INTARIAN_PEPPER_ROOT;12980;7;12978;27;;;12993;5;12996;26;;;12986.5;0.0
yf_ZW=F_d4;52200;ASH_COATED_OSMIUM;9936;12;9933;12;;;9966;19;9969;24;;;9951.0;0.0
yf_ZW=F_d4;52200;INTARIAN_PEPPER_ROOT;12979;18;12977;21;;;12992;15;12994;11;;;12985.5;0.0
yf_ZW=F_d4;52300;ASH_COATED_OSMIUM;9949;14;9947;15;;;9955;5;9959;13;;;9952.0;0.0
yf_ZW=F_d4;52300;INTARIAN_PEPPER_ROOT;12969;20;12965;13;;;12999;21;13003;25;;;12984.0;0.0
yf_ZW=F_d4;52400;ASH_COATED_OSMIUM;9949;12;9947;26;;;9955;20;9958;9;;;9952.0;0.0
yf_ZW=F_d4;52400;INTARIAN_PEPPER_ROOT;12980;18;12978;27;;;12986;12;12989;15;;;12983.0;0.0
yf_ZW=F_d4;52500;ASH_COATED_OSMIUM;9948;14;9944;18;;;9955;11;9957;17;;;9951.5;0.0
yf_ZW=F_d4;52500;INTARIAN_PEPPER_ROOT;12979;15;12975;18;;;12985;16;12987;24;;;12982.0;0.0
yf_ZW=F_d4;52600;ASH_COATED_OSMIUM;9949;15;9946;19;;;9955;12;9958;13;;;9952.0;0.0
yf_ZW=F_d4;52600;INTARIAN_PEPPER_ROOT;12976;11;12972;19;;;12986;12;12989;22;;;12981.0;0.0
yf_ZW=F_d4;52700;ASH_COATED_OSMIUM;9939;8;9936;15;;;9965;11;9969;25;;;9952.0;0.0
yf_ZW=F_d4;52700;INTARIAN_PEPPER_ROOT;12976;13;12974;28;;;12982;19;12984;25;;;12979.0;0.0
yf_ZW=F_d4;52800;ASH_COATED_OSMIUM;9949;17;9946;15;;;9955;13;9959;23;;;9952.0;0.0
yf_ZW=F_d4;52800;INTARIAN_PEPPER_ROOT;12975;19;12973;17;;;12981;8;12985;18;;;12978.0;0.0
yf_ZW=F_d4;52900;ASH_COATED_OSMIUM;9949;18;9945;18;;;9958;20;9960;23;;;9953.5;0.0
yf_ZW=F_d4;52900;INTARIAN_PEPPER_ROOT;12975;11;12972;14;;;12981;20;12984;21;;;12978.0;0.0
yf_ZW=F_d4;53000;ASH_COATED_OSMIUM;9948;5;9946;26;;;9958;18;9960;20;;;9953.0;0.0
yf_ZW=F_d4;53000;INTARIAN_PEPPER_ROOT;12972;15;12968;20;;;12983;19;12985;20;;;12977.5;0.0
yf_ZW=F_d4;53100;ASH_COATED_OSMIUM;9936;12;9934;18;;;9970;18;9972;23;;;9953.0;0.0
yf_ZW=F_d4;53100;INTARIAN_PEPPER_ROOT;12972;16;12968;21;;;12978;10;12982;12;;;12975.0;0.0
yf_ZW=F_d4;53200;ASH_COATED_OSMIUM;9950;17;9947;22;;;9956;16;9960;17;;;9953.0;0.0
yf_ZW=F_d4;53200;INTARIAN_PEPPER_ROOT;12972;11;12970;11;;;12978;9;12981;18;;;12975.0;0.0
yf_ZW=F_d4;53300;ASH_COATED_OSMIUM;9950;14;9948;15;;;9958;15;9961;21;;;9954.0;0.0
yf_ZW=F_d4;53300;INTARIAN_PEPPER_ROOT;12970;13;12966;22;;;12976;17;12979;15;;;12973.0;0.0
yf_ZW=F_d4;53400;ASH_COATED_OSMIUM;9951;13;9947;8;;;9957;10;9960;20;;;9954.0;0.0
yf_ZW=F_d4;53400;INTARIAN_PEPPER_ROOT;12968;17;12964;16;;;12975;15;12979;20;;;12971.5;0.0
yf_ZW=F_d4;53500;ASH_COATED_OSMIUM;9951;15;9947;19;;;9957;17;9960;24;;;9954.0;0.0
yf_ZW=F_d4;53500;INTARIAN_PEPPER_ROOT;12968;7;12964;22;;;12974;19;12978;10;;;12971.0;0.0
yf_ZW=F_d4;53600;ASH_COATED_OSMIUM;9951;23;9947;18;;;9957;7;9960;25;;;9954.0;0.0
yf_ZW=F_d4;53600;INTARIAN_PEPPER_ROOT;12956;13;12952;20;;;12983;21;12986;21;;;12969.5;0.0
yf_ZW=F_d4;53700;ASH_COATED_OSMIUM;9952;11;9950;12;;;9958;17;9960;21;;;9955.0;0.0
yf_ZW=F_d4;53700;INTARIAN_PEPPER_ROOT;12966;20;12963;13;;;12972;17;12974;14;;;12969.0;0.0
yf_ZW=F_d4;53800;ASH_COATED_OSMIUM;9951;18;9948;20;;;9957;16;9959;25;;;9954.0;0.0
yf_ZW=F_d4;53800;INTARIAN_PEPPER_ROOT;12965;20;12961;13;;;12971;15;12974;20;;;12968.0;0.0
yf_ZW=F_d4;53900;ASH_COATED_OSMIUM;9951;16;9949;17;;;9957;20;9961;21;;;9954.0;0.0
yf_ZW=F_d4;53900;INTARIAN_PEPPER_ROOT;12964;12;12961;18;;;12970;18;12972;20;;;12967.0;0.0
yf_ZW=F_d4;54000;ASH_COATED_OSMIUM;9944;13;9941;27;;;9967;14;9970;23;;;9955.5;0.0
yf_ZW=F_d4;54000;INTARIAN_PEPPER_ROOT;12963;13;12960;17;;;12969;13;12971;15;;;12966.0;0.0
yf_ZW=F_d4;54100;ASH_COATED_OSMIUM;9951;10;9947;27;;;9960;14;9962;19;;;9955.5;0.0
yf_ZW=F_d4;54100;INTARIAN_PEPPER_ROOT;12961;7;12957;16;;;12967;15;12971;22;;;12964.0;0.0
yf_ZW=F_d4;54200;ASH_COATED_OSMIUM;9950;15;9947;22;;;9959;14;9961;19;;;9954.5;0.0
yf_ZW=F_d4;54200;INTARIAN_PEPPER_ROOT;12957;17;12955;16;;;12970;12;12973;19;;;12963.5;0.0
yf_ZW=F_d4;54300;ASH_COATED_OSMIUM;9947;11;9943;15;;;9964;13;9968;21;;;9955.5;0.0
yf_ZW=F_d4;54300;INTARIAN_PEPPER_ROOT;12960;18;12957;14;;;12966;14;12968;9;;;12963.0;0.0
yf_ZW=F_d4;54400;ASH_COATED_OSMIUM;9953;11;9951;19;;;9959;6;9962;14;;;9956.0;0.0
yf_ZW=F_d4;54400;INTARIAN_PEPPER_ROOT;12954;18;12950;25;;;12968;12;12971;20;;;12961.0;0.0
yf_ZW=F_d4;54500;ASH_COATED_OSMIUM;9953;13;9951;23;;;9959;15;9961;26;;;9956.0;0.0
yf_ZW=F_d4;54500;INTARIAN_PEPPER_ROOT;12954;13;12950;16;;;12965;13;12967;20;;;12959.5;0.0
yf_ZW=F_d4;54600;ASH_COATED_OSMIUM;9954;6;9950;20;;;9960;17;9963;16;;;9957.0;0.0
yf_ZW=F_d4;54600;INTARIAN_PEPPER_ROOT;12956;15;12954;22;;;12962;11;12965;28;;;12959.0;0.0
yf_ZW=F_d4;54700;ASH_COATED_OSMIUM;9952;20;9948;28;;;9961;24;9963;20;;;9956.5;0.0
yf_ZW=F_d4;54700;INTARIAN_PEPPER_ROOT;12955;22;12951;16;;;12961;18;12964;9;;;12958.0;0.0
yf_ZW=F_d4;54800;ASH_COATED_OSMIUM;9950;9;9946;30;;;9961;19;9964;8;;;9955.5;0.0
yf_ZW=F_d4;54800;INTARIAN_PEPPER_ROOT;12954;5;12952;17;;;12960;15;12964;22;;;12957.0;0.0
yf_ZW=F_d4;54900;ASH_COATED_OSMIUM;9954;18;9951;17;;;9961;11;9963;17;;;9957.5;0.0
yf_ZW=F_d4;54900;INTARIAN_PEPPER_ROOT;12946;19;12943;16;;;12966;15;12970;21;;;12956.0;0.0
yf_ZW=F_d4;55000;ASH_COATED_OSMIUM;9950;14;9946;19;;;9964;5;9968;8;;;9957.0;0.0
yf_ZW=F_d4;55000;INTARIAN_PEPPER_ROOT;12951;24;12949;22;;;12959;13;12961;16;;;12955.0;0.0
yf_ZW=F_d4;55100;ASH_COATED_OSMIUM;9954;15;9951;13;;;9960;19;9963;19;;;9957.0;0.0
yf_ZW=F_d4;55100;INTARIAN_PEPPER_ROOT;12950;8;12947;13;;;12956;13;12958;25;;;12953.0;0.0
yf_ZW=F_d4;55200;ASH_COATED_OSMIUM;9954;16;9951;16;;;9960;5;9964;29;;;9957.0;0.0
yf_ZW=F_d4;55200;INTARIAN_PEPPER_ROOT;12938;8;12936;23;;;12968;12;12972;10;;;12953.0;0.0
yf_ZW=F_d4;55300;ASH_COATED_OSMIUM;9954;13;9952;16;;;9960;14;9962;24;;;9957.0;0.0
yf_ZW=F_d4;55300;INTARIAN_PEPPER_ROOT;12948;22;12945;17;;;12954;14;12958;21;;;12951.0;0.0
yf_ZW=F_d4;55400;ASH_COATED_OSMIUM;9955;15;9952;22;;;9961;22;9963;17;;;9958.0;0.0
yf_ZW=F_d4;55400;INTARIAN_PEPPER_ROOT;12948;15;12944;12;;;12954;11;12956;19;;;12951.0;0.0
yf_ZW=F_d4;55500;ASH_COATED_OSMIUM;9942;24;9940;21;;;9974;20;9978;22;;;9958.0;0.0
yf_ZW=F_d4;55500;INTARIAN_PEPPER_ROOT;12946;15;12943;23;;;12952;11;12956;24;;;12949.0;0.0
yf_ZW=F_d4;55600;ASH_COATED_OSMIUM;9955;16;9953;21;;;9961;19;9965;18;;;9958.0;0.0
yf_ZW=F_d4;55600;INTARIAN_PEPPER_ROOT;12943;16;12940;18;;;12953;21;12957;13;;;12948.0;0.0
yf_ZW=F_d4;55700;ASH_COATED_OSMIUM;9955;18;9953;16;;;9961;6;9964;20;;;9958.0;0.0
yf_ZW=F_d4;55700;INTARIAN_PEPPER_ROOT;12944;8;12941;23;;;12950;16;12952;29;;;12947.0;0.0
yf_ZW=F_d4;55800;ASH_COATED_OSMIUM;9955;14;9953;18;;;9961;16;9964;30;;;9958.0;0.0
yf_ZW=F_d4;55800;INTARIAN_PEPPER_ROOT;12943;17;12941;15;;;12949;20;12953;20;;;12946.0;0.0
yf_ZW=F_d4;55900;ASH_COATED_OSMIUM;9956;14;9954;21;;;9962;17;9966;17;;;9959.0;0.0
yf_ZW=F_d4;55900;INTARIAN_PEPPER_ROOT;12940;10;12936;20;;;12949;5;12951;22;;;12944.5;0.0
yf_ZW=F_d4;56000;ASH_COATED_OSMIUM;9945;15;9943;20;;;9973;12;9976;18;;;9959.0;0.0
yf_ZW=F_d4;56000;INTARIAN_PEPPER_ROOT;12939;20;12936;15;;;12948;15;12950;25;;;12943.5;0.0
yf_ZW=F_d4;56100;ASH_COATED_OSMIUM;9956;18;9952;25;;;9962;14;9965;14;;;9959.0;0.0
yf_ZW=F_d4;56100;INTARIAN_PEPPER_ROOT;12940;7;12936;27;;;12946;11;12948;23;;;12943.0;0.0
yf_ZW=F_d4;56200;ASH_COATED_OSMIUM;9956;16;9954;25;;;9962;8;9964;15;;;9959.0;0.0
yf_ZW=F_d4;56200;INTARIAN_PEPPER_ROOT;12939;10;12937;23;;;12945;16;12948;14;;;12942.0;0.0
yf_ZW=F_d4;56300;ASH_COATED_OSMIUM;9949;14;9946;24;;;9971;14;9974;17;;;9960.0;0.0
yf_ZW=F_d4;56300;INTARIAN_PEPPER_ROOT;12934;18;12931;23;;;12948;12;12951;17;;;12941.0;0.0
yf_ZW=F_d4;56400;ASH_COATED_OSMIUM;9956;19;9952;11;;;9962;14;9966;19;;;9959.0;0.0
yf_ZW=F_d4;56400;INTARIAN_PEPPER_ROOT;12937;16;12933;17;;;12943;6;12945;22;;;12940.0;0.0
yf_ZW=F_d4;56500;ASH_COATED_OSMIUM;9957;16;9953;22;;;9963;22;9965;12;;;9960.0;0.0
yf_ZW=F_d4;56500;INTARIAN_PEPPER_ROOT;12933;8;12931;8;;;12943;10;12946;8;;;12938.0;0.0
yf_ZW=F_d4;56600;ASH_COATED_OSMIUM;9957;12;9955;12;;;9963;23;9967;18;;;9960.0;0.0
yf_ZW=F_d4;56600;INTARIAN_PEPPER_ROOT;12935;12;12932;26;;;12941;17;12945;16;;;12938.0;0.0
yf_ZW=F_d4;56700;ASH_COATED_OSMIUM;9956;12;9953;25;;;9964;25;9967;17;;;9960.0;0.0
yf_ZW=F_d4;56700;INTARIAN_PEPPER_ROOT;12933;11;12931;15;;;12939;8;12941;19;;;12936.0;0.0
yf_ZW=F_d4;56800;ASH_COATED_OSMIUM;9954;9;9950;15;;;9966;22;9970;13;;;9960.0;0.0
yf_ZW=F_d4;56800;INTARIAN_PEPPER_ROOT;12932;9;12928;23;;;12938;18;12942;25;;;12935.0;0.0
yf_ZW=F_d4;56900;ASH_COATED_OSMIUM;9958;7;9956;21;;;9964;20;9966;18;;;9961.0;0.0
yf_ZW=F_d4;56900;INTARIAN_PEPPER_ROOT;12931;13;12928;21;;;12937;17;12941;22;;;12934.0;0.0
yf_ZW=F_d4;57000;ASH_COATED_OSMIUM;9956;24;9954;14;;;9966;5;9969;19;;;9961.0;0.0
yf_ZW=F_d4;57000;INTARIAN_PEPPER_ROOT;12930;20;12928;22;;;12936;9;12940;14;;;12933.0;0.0
yf_ZW=F_d4;57100;ASH_COATED_OSMIUM;9958;22;9956;14;;;9964;10;9967;16;;;9961.0;0.0
yf_ZW=F_d4;57100;INTARIAN_PEPPER_ROOT;12929;8;12925;16;;;12935;18;12938;14;;;12932.0;0.0
yf_ZW=F_d4;57200;ASH_COATED_OSMIUM;9956;21;9954;24;;;9966;8;9968;20;;;9961.0;0.0
yf_ZW=F_d4;57200;INTARIAN_PEPPER_ROOT;12925;11;12921;22;;;12936;17;12940;23;;;12930.5;0.0
yf_ZW=F_d4;57300;ASH_COATED_OSMIUM;9958;18;9954;18;;;9964;22;9967;21;;;9961.0;0.0
yf_ZW=F_d4;57300;INTARIAN_PEPPER_ROOT;12927;19;12923;15;;;12933;11;12937;21;;;12930.0;0.0
yf_ZW=F_d4;57400;ASH_COATED_OSMIUM;9954;19;9950;18;;;9969;11;9973;23;;;9961.5;0.0
yf_ZW=F_d4;57400;INTARIAN_PEPPER_ROOT;12919;18;12916;23;;;12937;12;12941;18;;;12928.0;0.0
yf_ZW=F_d4;57500;ASH_COATED_OSMIUM;9959;19;9955;24;;;9965;16;9967;21;;;9962.0;0.0
yf_ZW=F_d4;57500;INTARIAN_PEPPER_ROOT;12924;22;12920;17;;;12930;16;12932;17;;;12927.0;0.0
yf_ZW=F_d4;57600;ASH_COATED_OSMIUM;9959;23;9956;20;;;9965;18;9967;18;;;9962.0;0.0
yf_ZW=F_d4;57600;INTARIAN_PEPPER_ROOT;12924;22;12921;15;;;12930;13;12932;12;;;12927.0;0.0
yf_ZW=F_d4;57700;ASH_COATED_OSMIUM;9959;14;9955;20;;;9965;16;9969;19;;;9962.0;0.0
yf_ZW=F_d4;57700;INTARIAN_PEPPER_ROOT;12915;11;12913;17;;;12936;17;12940;14;;;12925.5;0.0
yf_ZW=F_d4;57800;ASH_COATED_OSMIUM;9952;12;9949;31;;;9973;18;9977;26;;;9962.5;0.0
yf_ZW=F_d4;57800;INTARIAN_PEPPER_ROOT;12921;18;12919;12;;;12927;16;12931;21;;;12924.0;0.0
yf_ZW=F_d4;57900;ASH_COATED_OSMIUM;9960;11;9957;14;;;9966;15;9970;22;;;9963.0;0.0
yf_ZW=F_d4;57900;INTARIAN_PEPPER_ROOT;12920;21;12917;19;;;12926;10;12929;16;;;12923.0;0.0
yf_ZW=F_d4;58000;ASH_COATED_OSMIUM;9960;19;9958;21;;;9966;13;9970;21;;;9963.0;0.0
yf_ZW=F_d4;58000;INTARIAN_PEPPER_ROOT;12919;6;12915;26;;;12925;21;12927;30;;;12922.0;0.0
yf_ZW=F_d4;58100;ASH_COATED_OSMIUM;9960;6;9957;20;;;9966;16;9968;21;;;9963.0;0.0
yf_ZW=F_d4;58100;INTARIAN_PEPPER_ROOT;12911;17;12907;28;;;12931;17;12934;25;;;12921.0;0.0
yf_ZW=F_d4;58200;ASH_COATED_OSMIUM;9959;24;9955;19;;;9968;16;9970;14;;;9963.5;0.0
yf_ZW=F_d4;58200;INTARIAN_PEPPER_ROOT;12917;8;12915;17;;;12923;7;12927;19;;;12920.0;0.0
yf_ZW=F_d4;58300;ASH_COATED_OSMIUM;9946;18;9944;22;;;9981;12;9983;12;;;9963.5;0.0
yf_ZW=F_d4;58300;INTARIAN_PEPPER_ROOT;12914;21;12910;19;;;12924;10;12928;20;;;12919.0;0.0
