day;timestamp;product;bid_price_1;bid_volume_1;bid_price_2;bid_volume_2;bid_price_3;bid_volume_3;ask_price_1;ask_volume_1;ask_price_2;ask_volume_2;ask_price_3;ask_volume_3;mid_price;profit_and_loss
yf_ZC=F_d6;0;ASH_COATED_OSMIUM;9899;12;9895;17;;;9918;14;9921;14;;;9908.5;0.0
yf_ZC=F_d6;0;INTARIAN_PEPPER_ROOT;11064;27;11061;30;;;11070;15;11074;14;;;11067.0;0.0
yf_ZC=F_d6;100;ASH_COATED_OSMIUM;9905;15;9902;18;;;9911;6;9914;12;;;9908.0;0.0
yf_ZC=F_d6;100;INTARIAN_PEPPER_ROOT;11062;23;11060;20;;;11068;14;11072;26;;;11065.0;0.0
yf_ZC=F_d6;200;ASH_COATED_OSMIUM;9900;10;9896;16;;;9917;16;9920;22;;;9908.5;0.0
yf_ZC=F_d6;200;INTARIAN_PEPPER_ROOT;11058;24;11054;26;;;11066;12;11070;11;;;11062.0;0.0
yf_ZC=F_d6;300;ASH_COATED_OSMIUM;9903;12;9899;20;;;9914;14;9918;20;;;9908.5;0.0
yf_ZC=F_d6;300;INTARIAN_PEPPER_ROOT;11057;15;11054;12;;;11063;18;11066;20;;;11060.0;0.0
yf_ZC=F_d6;400;ASH_COATED_OSMIUM;9906;11;9902;21;;;9912;15;9916;19;;;9909.0;0.0
yf_ZC=F_d6;400;INTARIAN_PEPPER_ROOT;11054;19;11051;25;;;11060;20;11064;18;;;11057.0;0.0
yf_ZC=F_d6;500;ASH_COATED_OSMIUM;9905;16;9902;21;;;9911;13;9913;25;;;9908.0;0.0
yf_ZC=F_d6;500;INTARIAN_PEPPER_ROOT;11048;14;11044;16;;;11062;5;11065;18;;;11055.0;0.0
yf_ZC=F_d6;600;ASH_COATED_OSMIUM;9902;12;9899;19;;;9914;16;9917;12;;;9908.0;0.0
yf_ZC=F_d6;600;INTARIAN_PEPPER_ROOT;11045;12;11043;18;;;11062;10;11064;15;;;11053.5;0.0
yf_ZC=F_d6;700;ASH_COATED_OSMIUM;9898;16;9895;18;;;9919;24;9921;19;;;9908.5;0.0
yf_ZC=F_d6;700;INTARIAN_PEPPER_ROOT;11048;10;11046;16;;;11054;16;11056;15;;;11051.0;0.0
yf_ZC=F_d6;800;ASH_COATED_OSMIUM;9906;9;9903;12;;;9912;17;9916;16;;;9909.0;0.0
yf_ZC=F_d6;800;INTARIAN_PEPPER_ROOT;11045;12;11041;29;;;11051;11;11054;8;;;11048.0;0.0
yf_ZC=F_d6;900;ASH_COATED_OSMIUM;9901;15;9898;20;;;9917;14;9920;20;;;9909.0;0.0
yf_ZC=F_d6;900;INTARIAN_PEPPER_ROOT;11038;14;11034;16;;;11055;20;11058;25;;;11046.5;0.0
yf_ZC=F_d6;1000;ASH_COATED_OSMIUM;9906;9;9902;25;;;9912;12;9914;25;;;9909.0;0.0
yf_ZC=F_d6;1000;INTARIAN_PEPPER_ROOT;11041;24;11037;18;;;11047;16;11051;20;;;11044.0;0.0
yf_ZC=F_d6;1100;ASH_COATED_OSMIUM;9905;19;9901;23;;;9911;16;9914;14;;;9908.0;0.0
yf_ZC=F_d6;1100;INTARIAN_PEPPER_ROOT;11029;12;11026;21;;;11055;12;11057;14;;;11042.0;0.0
yf_ZC=F_d6;1200;ASH_COATED_OSMIUM;9905;12;9902;24;;;9911;6;9913;26;;;9908.0;0.0
yf_ZC=F_d6;1200;INTARIAN_PEPPER_ROOT;11034;12;11032;19;;;11045;20;11048;27;;;11039.5;0.0
yf_ZC=F_d6;1300;ASH_COATED_OSMIUM;9905;11;9901;22;;;9911;9;9915;20;;;9908.0;0.0
yf_ZC=F_d6;1300;INTARIAN_PEPPER_ROOT;11035;17;11032;25;;;11041;11;11045;18;;;11038.0;0.0
yf_ZC=F_d6;1400;ASH_COATED_OSMIUM;9906;16;9903;15;;;9912;16;9915;27;;;9909.0;0.0
yf_ZC=F_d6;1400;INTARIAN_PEPPER_ROOT;11028;9;11024;17;;;11042;18;11045;21;;;11035.0;0.0
yf_ZC=F_d6;1500;ASH_COATED_OSMIUM;9903;18;9901;13;;;9914;13;9917;19;;;9908.5;0.0
yf_ZC=F_d6;1500;INTARIAN_PEPPER_ROOT;11030;7;11028;29;;;11036;12;11038;26;;;11033.0;0.0
yf_ZC=F_d6;1600;ASH_COATED_OSMIUM;9905;21;9903;17;;;9911;17;9913;14;;;9908.0;0.0
yf_ZC=F_d6;1600;INTARIAN_PEPPER_ROOT;11026;14;11022;26;;;11034;15;11037;23;;;11030.0;0.0
yf_ZC=F_d6;1700;ASH_COATED_OSMIUM;9905;21;9902;14;;;9911;15;9914;18;;;9908.0;0.0
yf_ZC=F_d6;1700;INTARIAN_PEPPER_ROOT;11025;12;11023;21;;;11031;14;11033;29;;;11028.0;0.0
yf_ZC=F_d6;1800;ASH_COATED_OSMIUM;9905;11;9901;28;;;9911;13;9913;28;;;9908.0;0.0
yf_ZC=F_d6;1800;INTARIAN_PEPPER_ROOT;11022;16;11020;18;;;11028;24;11031;17;;;11025.0;0.0
yf_ZC=F_d6;1900;ASH_COATED_OSMIUM;9905;18;9903;16;;;9911;17;9914;23;;;9908.0;0.0
yf_ZC=F_d6;1900;INTARIAN_PEPPER_ROOT;11020;22;11018;24;;;11026;6;11030;13;;;11023.0;0.0
yf_ZC=F_d6;2000;ASH_COATED_OSMIUM;9905;13;9903;8;;;9911;19;9913;17;;;9908.0;0.0
yf_ZC=F_d6;2000;INTARIAN_PEPPER_ROOT;11018;16;11015;10;;;11024;11;11028;23;;;11021.0;0.0
yf_ZC=F_d6;2100;ASH_COATED_OSMIUM;9897;17;9893;19;;;9919;15;9922;22;;;9908.0;0.0
yf_ZC=F_d6;2100;INTARIAN_PEPPER_ROOT;11015;29;11011;14;;;11021;18;11024;18;;;11018.0;0.0
yf_ZC=F_d6;2200;ASH_COATED_OSMIUM;9898;13;9896;19;;;9918;16;9922;18;;;9908.0;0.0
yf_ZC=F_d6;2200;INTARIAN_PEPPER_ROOT;11013;6;11011;23;;;11019;19;11022;29;;;11016.0;0.0
yf_ZC=F_d6;2300;ASH_COATED_OSMIUM;9905;9;9901;17;;;9911;11;9915;20;;;9908.0;0.0
yf_ZC=F_d6;2300;INTARIAN_PEPPER_ROOT;11010;11;11007;30;;;11016;23;11018;15;;;11013.0;0.0
yf_ZC=F_d6;2400;ASH_COATED_OSMIUM;9905;13;9902;21;;;9911;18;9913;20;;;9908.0;0.0
yf_ZC=F_d6;2400;INTARIAN_PEPPER_ROOT;10998;12;10994;15;;;11024;13;11028;15;;;11011.0;0.0
yf_ZC=F_d6;2500;ASH_COATED_OSMIUM;9901;19;9897;23;;;9914;13;9917;31;;;9907.5;0.0
yf_ZC=F_d6;2500;INTARIAN_PEPPER_ROOT;11000;19;10997;15;;;11018;10;11022;19;;;11009.0;0.0
yf_ZC=F_d6;2600;ASH_COATED_OSMIUM;9905;21;9903;18;;;9911;17;9913;24;;;9908.0;0.0
yf_ZC=F_d6;2600;INTARIAN_PEPPER_ROOT;11003;11;11001;18;;;11009;22;11013;20;;;11006.0;0.0
yf_ZC=F_d6;2700;ASH_COATED_OSMIUM;9895;14;9892;30;;;9920;20;9924;20;;;9907.5;0.0
yf_ZC=F_d6;2700;INTARIAN_PEPPER_ROOT;11001;16;10997;18;;;11007;12;11010;19;;;11004.0;0.0
yf_ZC=F_d6;2800;ASH_COATED_OSMIUM;9904;25;9900;16;;;9910;15;9913;18;;;9907.0;0.0
yf_ZC=F_d6;2800;INTARIAN_PEPPER_ROOT;10998;15;10994;20;;;11004;10;11008;18;;;11001.0;0.0
yf_ZC=F_d6;2900;ASH_COATED_OSMIUM;9905;16;9903;8;;;9911;21;9915;20;;;9908.0;0.0
yf_ZC=F_d6;2900;INTARIAN_PEPPER_ROOT;10997;14;10994;17;;;11003;21;11006;28;;;11000.0;0.0
yf_ZC=F_d6;3000;ASH_COATED_OSMIUM;9902;16;9900;17;;;9913;22;9915;21;;;9907.5;0.0
yf_ZC=F_d6;3000;INTARIAN_PEPPER_ROOT;10984;16;10981;16;;;11011;17;11014;25;;;10997.5;0.0
yf_ZC=F_d6;3100;ASH_COATED_OSMIUM;9889;15;9886;14;;;9925;14;9928;25;;;9907.0;0.0
yf_ZC=F_d6;3100;INTARIAN_PEPPER_ROOT;10992;22;10988;8;;;10998;17;11001;15;;;10995.0;0.0
yf_ZC=F_d6;3200;ASH_COATED_OSMIUM;9904;12;9901;19;;;9910;12;9914;11;;;9907.0;0.0
yf_ZC=F_d6;3200;INTARIAN_PEPPER_ROOT;10990;15;10988;20;;;10996;13;11000;12;;;10993.0;0.0
yf_ZC=F_d6;3300;ASH_COATED_OSMIUM;9898;9;9895;17;;;9917;5;9921;17;;;9907.5;0.0
yf_ZC=F_d6;3300;INTARIAN_PEPPER_ROOT;10987;14;10985;21;;;10993;17;10995;14;;;10990.0;0.0
yf_ZC=F_d6;3400;ASH_COATED_OSMIUM;9904;10;9902;18;;;9910;26;9912;8;;;9907.0;0.0
yf_ZC=F_d6;3400;INTARIAN_PEPPER_ROOT;10983;8;10979;12;;;10993;15;10996;18;;;10988.0;0.0
yf_ZC=F_d6;3500;ASH_COATED_OSMIUM;9901;17;9898;25;;;9913;10;9917;23;;;9907.0;0.0
yf_ZC=F_d6;3500;INTARIAN_PEPPER_ROOT;10982;20;10979;15;;;10988;13;10991;13;;;10985.0;0.0
yf_ZC=F_d6;3600;ASH_COATED_OSMIUM;9905;19;9903;26;;;9911;23;9915;21;;;9908.0;0.0
yf_ZC=F_d6;3600;INTARIAN_PEPPER_ROOT;10980;9;10977;13;;;10986;16;10988;19;;;10983.0;0.0
yf_ZC=F_d6;3700;ASH_COATED_OSMIUM;9904;9;9900;23;;;9910;14;9913;24;;;9907.0;0.0
yf_ZC=F_d6;3700;INTARIAN_PEPPER_ROOT;10977;12;10974;17;;;10983;16;10985;19;;;10980.0;0.0
yf_ZC=F_d6;3800;ASH_COATED_OSMIUM;9904;11;9901;21;;;9910;5;9913;15;;;9907.0;0.0
yf_ZC=F_d6;3800;INTARIAN_PEPPER_ROOT;10976;11;10972;17;;;10982;23;10986;17;;;10979.0;0.0
yf_ZC=F_d6;3900;ASH_COATED_OSMIUM;9903;8;9901;25;;;9912;16;9915;27;;;9907.5;0.0
yf_ZC=F_d6;3900;INTARIAN_PEPPER_ROOT;10973;23;10970;17;;;10979;5;10981;16;;;10976.0;0.0
yf_ZC=F_d6;4000;ASH_COATED_OSMIUM;9902;9;9898;18;;;9913;17;9917;27;;;9907.5;0.0
yf_ZC=F_d6;4000;INTARIAN_PEPPER_ROOT;10966;8;10964;16;;;10980;14;10982;17;;;10973.0;0.0
yf_ZC=F_d6;4100;ASH_COATED_OSMIUM;9899;15;9896;23;;;9915;10;9917;13;;;9907.0;0.0
yf_ZC=F_d6;4100;INTARIAN_PEPPER_ROOT;10969;12;10965;13;;;10975;14;10977;23;;;10972.0;0.0
yf_ZC=F_d6;4200;ASH_COATED_OSMIUM;9895;11;9891;16;;;9918;18;9922;24;;;9906.5;0.0
yf_ZC=F_d6;4200;INTARIAN_PEPPER_ROOT;10963;13;10960;29;;;10974;15;10978;21;;;10968.5;0.0
yf_ZC=F_d6;4300;ASH_COATED_OSMIUM;9902;14;9898;15;;;9912;17;9915;21;;;9907.0;0.0
yf_ZC=F_d6;4300;INTARIAN_PEPPER_ROOT;10964;7;10961;13;;;10970;10;10972;15;;;10967.0;0.0
yf_ZC=F_d6;4400;ASH_COATED_OSMIUM;9904;11;9902;19;;;9910;17;9914;28;;;9907.0;0.0
yf_ZC=F_d6;4400;INTARIAN_PEPPER_ROOT;10959;12;10956;18;;;10968;15;10972;18;;;10963.5;0.0
yf_ZC=F_d6;4500;ASH_COATED_OSMIUM;9899;12;9895;26;;;9915;19;9919;14;;;9907.0;0.0
yf_ZC=F_d6;4500;INTARIAN_PEPPER_ROOT;10959;10;10955;17;;;10965;18;10968;27;;;10962.0;0.0
yf_ZC=F_d6;4600;ASH_COATED_OSMIUM;9900;5;9896;19;;;9914;10;9918;17;;;9907.0;0.0
yf_ZC=F_d6;4600;INTARIAN_PEPPER_ROOT;10942;14;10939;18;;;10977;11;10980;17;;;10959.5;0.0
yf_ZC=F_d6;4700;ASH_COATED_OSMIUM;9901;12;9897;23;;;9912;14;9914;20;;;9906.5;0.0
yf_ZC=F_d6;4700;INTARIAN_PEPPER_ROOT;10954;20;10950;13;;;10960;17;10964;24;;;10957.0;0.0
yf_ZC=F_d6;4800;ASH_COATED_OSMIUM;9904;10;9900;11;;;9910;17;9913;19;;;9907.0;0.0
yf_ZC=F_d6;4800;INTARIAN_PEPPER_ROOT;10952;18;10950;20;;;10958;11;10962;23;;;10955.0;0.0
yf_ZC=F_d6;4900;ASH_COATED_OSMIUM;9897;24;9893;18;;;9916;10;9918;23;;;9906.5;0.0
yf_ZC=F_d6;4900;INTARIAN_PEPPER_ROOT;10947;8;10944;14;;;10957;16;10960;25;;;10952.0;0.0
yf_ZC=F_d6;5000;ASH_COATED_OSMIUM;9903;13;9900;20;;;9910;12;9912;23;;;9906.5;0.0
yf_ZC=F_d6;5000;INTARIAN_PEPPER_ROOT;10947;22;10944;15;;;10953;7;10957;21;;;10950.0;0.0
yf_ZC=F_d6;5100;ASH_COATED_OSMIUM;9903;18;9901;17;;;9909;18;9911;21;;;9906.0;0.0
yf_ZC=F_d6;5100;INTARIAN_PEPPER_ROOT;10937;8;10934;18;;;10957;15;10961;8;;;10947.0;0.0
yf_ZC=F_d6;5200;ASH_COATED_OSMIUM;9904;7;9900;13;;;9910;12;9914;19;;;9907.0;0.0
yf_ZC=F_d6;5200;INTARIAN_PEPPER_ROOT;10936;20;10934;28;;;10956;12;10958;24;;;10946.0;0.0
yf_ZC=F_d6;5300;ASH_COATED_OSMIUM;9900;6;9896;21;;;9913;21;9915;15;;;9906.5;0.0
yf_ZC=F_d6;5300;INTARIAN_PEPPER_ROOT;10935;29;10932;30;;;10952;10;10956;14;;;10943.5;0.0
yf_ZC=F_d6;5400;ASH_COATED_OSMIUM;9904;15;9901;19;;;9910;11;9914;19;;;9907.0;0.0
yf_ZC=F_d6;5400;INTARIAN_PEPPER_ROOT;10938;17;10934;21;;;10944;15;10946;26;;;10941.0;0.0
yf_ZC=F_d6;5500;ASH_COATED_OSMIUM;9904;14;9900;27;;;9911;12;9913;29;;;9907.5;0.0
yf_ZC=F_d6;5500;INTARIAN_PEPPER_ROOT;10935;22;10931;19;;;10941;26;10945;19;;;10938.0;0.0
yf_ZC=F_d6;5600;ASH_COATED_OSMIUM;9904;23;9902;25;;;9910;11;9912;29;;;9907.0;0.0
yf_ZC=F_d6;5600;INTARIAN_PEPPER_ROOT;10934;6;10930;21;;;10940;20;10943;22;;;10937.0;0.0
yf_ZC=F_d6;5700;ASH_COATED_OSMIUM;9903;7;9900;29;;;9909;10;9913;19;;;9906.0;0.0
yf_ZC=F_d6;5700;INTARIAN_PEPPER_ROOT;10931;8;10927;21;;;10937;11;10939;17;;;10934.0;0.0
yf_ZC=F_d6;5800;ASH_COATED_OSMIUM;9898;13;9896;24;;;9914;11;9918;23;;;9906.0;0.0
yf_ZC=F_d6;5800;INTARIAN_PEPPER_ROOT;10920;23;10918;9;;;10942;18;10946;16;;;10931.0;0.0
yf_ZC=F_d6;5900;ASH_COATED_OSMIUM;9895;21;9892;16;;;9919;18;9921;14;;;9907.0;0.0
yf_ZC=F_d6;5900;INTARIAN_PEPPER_ROOT;10925;7;10922;15;;;10934;12;10936;33;;;10929.5;0.0
yf_ZC=F_d6;6000;ASH_COATED_OSMIUM;9901;16;9897;22;;;9911;5;9915;20;;;9906.0;0.0
yf_ZC=F_d6;6000;INTARIAN_PEPPER_ROOT;10923;16;10919;16;;;10930;18;10934;15;;;10926.5;0.0
yf_ZC=F_d6;6100;ASH_COATED_OSMIUM;9902;19;9898;21;;;9910;8;9913;17;;;9906.0;0.0
yf_ZC=F_d6;6100;INTARIAN_PEPPER_ROOT;10921;8;10919;9;;;10927;9;10929;13;;;10924.0;0.0
yf_ZC=F_d6;6200;ASH_COATED_OSMIUM;9903;13;9901;14;;;9909;13;9911;21;;;9906.0;0.0
yf_ZC=F_d6;6200;INTARIAN_PEPPER_ROOT;10919;10;10915;18;;;10925;19;10927;23;;;10922.0;0.0
yf_ZC=F_d6;6300;ASH_COATED_OSMIUM;9903;8;9899;22;;;9909;8;9911;15;;;9906.0;0.0
yf_ZC=F_d6;6300;INTARIAN_PEPPER_ROOT;10914;13;10912;16;;;10923;14;10926;8;;;10918.5;0.0
yf_ZC=F_d6;6400;ASH_COATED_OSMIUM;9903;15;9901;19;;;9909;20;9912;19;;;9906.0;0.0
yf_ZC=F_d6;6400;INTARIAN_PEPPER_ROOT;10914;7;10910;18;;;10920;13;10922;24;;;10917.0;0.0
yf_ZC=F_d6;6500;ASH_COATED_OSMIUM;9901;12;9897;24;;;9911;14;9915;17;;;9906.0;0.0
yf_ZC=F_d6;6500;INTARIAN_PEPPER_ROOT;10908;17;10905;17;;;10922;15;10924;16;;;10915.0;0.0
yf_ZC=F_d6;6600;ASH_COATED_OSMIUM;9903;10;9900;21;;;9909;17;9911;15;;;9906.0;0.0
yf_ZC=F_d6;6600;INTARIAN_PEPPER_ROOT;10910;17;10908;28;;;10916;5;10919;19;;;10913.0;0.0
yf_ZC=F_d6;6700;ASH_COATED_OSMIUM;9903;16;9900;15;;;9909;18;9912;20;;;9906.0;0.0
yf_ZC=F_d6;6700;INTARIAN_PEPPER_ROOT;10904;12;10902;24;;;10916;25;10920;24;;;10910.0;0.0
yf_ZC=F_d6;6800;ASH_COATED_OSMIUM;9903;15;9899;24;;;9909;8;9913;27;;;9906.0;0.0
yf_ZC=F_d6;6800;INTARIAN_PEPPER_ROOT;10905;12;10901;25;;;10911;14;10914;17;;;10908.0;0.0
yf_ZC=F_d6;6900;ASH_COATED_OSMIUM;9903;6;9901;19;;;9909;20;9912;19;;;9906.0;0.0
yf_ZC=F_d6;6900;INTARIAN_PEPPER_ROOT;10902;7;10899;8;;;10908;18;10910;23;;;10905.0;0.0
yf_ZC=F_d6;7000;ASH_COATED_OSMIUM;9897;9;9894;21;;;9915;18;9919;18;;;9906.0;0.0
yf_ZC=F_d6;7000;INTARIAN_PEPPER_ROOT;10900;16;10896;23;;;10906;17;10910;19;;;10903.0;0.0
yf_ZC=F_d6;7100;ASH_COATED_OSMIUM;9903;14;9901;24;;;9909;13;9911;18;;;9906.0;0.0
yf_ZC=F_d6;7100;INTARIAN_PEPPER_ROOT;10892;6;10889;20;;;10910;10;10912;12;;;10901.0;0.0
yf_ZC=F_d6;7200;ASH_COATED_OSMIUM;9903;16;9899;20;;;9910;11;9914;15;;;9906.5;0.0
yf_ZC=F_d6;7200;INTARIAN_PEPPER_ROOT;10893;17;10889;13;;;10904;19;10907;17;;;10898.5;0.0
yf_ZC=F_d6;7300;ASH_COATED_OSMIUM;9893;15;9889;29;;;9919;12;9921;23;;;9906.0;0.0
yf_ZC=F_d6;7300;INTARIAN_PEPPER_ROOT;10885;23;10883;14;;;10908;12;10910;20;;;10896.5;0.0
yf_ZC=F_d6;7400;ASH_COATED_OSMIUM;9903;13;9899;12;;;9909;12;9913;21;;;9906.0;0.0
yf_ZC=F_d6;7400;INTARIAN_PEPPER_ROOT;10891;16;10887;18;;;10897;14;10899;25;;;10894.0;0.0
yf_ZC=F_d6;7500;ASH_COATED_OSMIUM;9901;24;9898;23;;;9911;7;9914;14;;;9906.0;0.0
yf_ZC=F_d6;7500;INTARIAN_PEPPER_ROOT;10880;23;10876;20;;;10903;11;10906;20;;;10891.5;0.0
yf_ZC=F_d6;7600;ASH_COATED_OSMIUM;9903;21;9901;25;;;9909;14;9911;18;;;9906.0;0.0
yf_ZC=F_d6;7600;INTARIAN_PEPPER_ROOT;10886;20;10883;19;;;10892;17;10894;23;;;10889.0;0.0
yf_ZC=F_d6;7700;ASH_COATED_OSMIUM;9903;15;9901;19;;;9909;18;9911;16;;;9906.0;0.0
yf_ZC=F_d6;7700;INTARIAN_PEPPER_ROOT;10884;27;10880;23;;;10890;10;10892;13;;;10887.0;0.0
yf_ZC=F_d6;7800;ASH_COATED_OSMIUM;9887;13;9885;22;;;9924;19;9926;16;;;9905.5;0.0
yf_ZC=F_d6;7800;INTARIAN_PEPPER_ROOT;10882;14;10880;21;;;10888;17;10890;23;;;10885.0;0.0
yf_ZC=F_d6;7900;ASH_COATED_OSMIUM;9900;19;9898;15;;;9911;13;9914;22;;;9905.5;0.0
yf_ZC=F_d6;7900;INTARIAN_PEPPER_ROOT;10879;17;10876;22;;;10885;8;10888;18;;;10882.0;0.0
yf_ZC=F_d6;8000;ASH_COATED_OSMIUM;9902;15;9899;18;;;9908;15;9910;15;;;9905.0;0.0
yf_ZC=F_d6;8000;INTARIAN_PEPPER_ROOT;10877;6;10873;35;;;10883;11;10886;35;;;10880.0;0.0
yf_ZC=F_d6;8100;ASH_COATED_OSMIUM;9888;21;9884;12;;;9922;9;9925;16;;;9905.0;0.0
yf_ZC=F_d6;8100;INTARIAN_PEPPER_ROOT;10874;6;10871;23;;;10880;18;10884;28;;;10877.0;0.0
yf_ZC=F_d6;8200;ASH_COATED_OSMIUM;9902;11;9900;18;;;9910;16;9913;29;;;9906.0;0.0
yf_ZC=F_d6;8200;INTARIAN_PEPPER_ROOT;10872;17;10870;19;;;10878;12;10881;15;;;10875.0;0.0
yf_ZC=F_d6;8300;ASH_COATED_OSMIUM;9903;21;9900;22;;;9909;23;9912;19;;;9906.0;0.0
yf_ZC=F_d6;8300;INTARIAN_PEPPER_ROOT;10869;11;10865;19;;;10875;19;10879;22;;;10872.0;0.0
yf_ZC=F_d6;8400;ASH_COATED_OSMIUM;9902;18;9900;20;;;9908;17;9911;16;;;9905.0;0.0
yf_ZC=F_d6;8400;INTARIAN_PEPPER_ROOT;10867;7;10863;15;;;10873;16;10876;21;;;10870.0;0.0
yf_ZC=F_d6;8500;ASH_COATED_OSMIUM;9902;8;9898;8;;;9908;19;9911;19;;;9905.0;0.0
yf_ZC=F_d6;8500;INTARIAN_PEPPER_ROOT;10865;22;10861;20;;;10871;12;10874;18;;;10868.0;0.0
yf_ZC=F_d6;8600;ASH_COATED_OSMIUM;9897;16;9893;8;;;9914;13;9918;21;;;9905.5;0.0
yf_ZC=F_d6;8600;INTARIAN_PEPPER_ROOT;10857;17;10854;20;;;10874;17;10877;17;;;10865.5;0.0
yf_ZC=F_d6;8700;ASH_COATED_OSMIUM;9902;21;9899;18;;;9908;16;9911;23;;;9905.0;0.0
yf_ZC=F_d6;8700;INTARIAN_PEPPER_ROOT;10861;15;10858;17;;;10867;13;10871;24;;;10864.0;0.0
yf_ZC=F_d6;8800;ASH_COATED_OSMIUM;9902;24;9900;14;;;9908;13;9912;23;;;9905.0;0.0
yf_ZC=F_d6;8800;INTARIAN_PEPPER_ROOT;10859;16;10855;23;;;10865;9;10867;30;;;10862.0;0.0
yf_ZC=F_d6;8900;ASH_COATED_OSMIUM;9903;9;9899;19;;;9909;15;9911;26;;;9906.0;0.0
yf_ZC=F_d6;8900;INTARIAN_PEPPER_ROOT;10856;16;10853;13;;;10862;17;10866;16;;;10859.0;0.0
yf_ZC=F_d6;9000;ASH_COATED_OSMIUM;9902;17;9899;15;;;9908;13;9911;27;;;9905.0;0.0
yf_ZC=F_d6;9000;INTARIAN_PEPPER_ROOT;10853;16;10849;15;;;10859;13;10861;16;;;10856.0;0.0
yf_ZC=F_d6;9100;ASH_COATED_OSMIUM;9902;11;9898;18;;;9908;23;9912;18;;;9905.0;0.0
yf_ZC=F_d6;9100;INTARIAN_PEPPER_ROOT;10852;18;10850;21;;;10858;16;10860;17;;;10855.0;0.0
yf_ZC=F_d6;9200;ASH_COATED_OSMIUM;9898;9;9894;20;;;9914;17;9917;22;;;9906.0;0.0
yf_ZC=F_d6;9200;INTARIAN_PEPPER_ROOT;10849;20;10846;11;;;10855;5;10859;17;;;10852.0;0.0
yf_ZC=F_d6;9300;ASH_COATED_OSMIUM;9899;7;9896;30;;;9913;15;9915;20;;;9906.0;0.0
yf_ZC=F_d6;9300;INTARIAN_PEPPER_ROOT;10846;28;10843;11;;;10853;13;10855;26;;;10849.5;0.0
yf_ZC=F_d6;9400;ASH_COATED_OSMIUM;9899;11;9897;16;;;9911;13;9915;17;;;9905.0;0.0
yf_ZC=F_d6;9400;INTARIAN_PEPPER_ROOT;10833;18;10829;23;;;10860;19;10864;14;;;10846.5;0.0
yf_ZC=F_d6;9500;ASH_COATED_OSMIUM;9902;15;9898;9;;;9908;5;9912;24;;;9905.0;0.0
yf_ZC=F_d6;9500;INTARIAN_PEPPER_ROOT;10837;20;10833;13;;;10852;14;10856;24;;;10844.5;0.0
yf_ZC=F_d6;9600;ASH_COATED_OSMIUM;9900;5;9897;22;;;9910;14;9912;27;;;9905.0;0.0
yf_ZC=F_d6;9600;INTARIAN_PEPPER_ROOT;10839;12;10836;24;;;10845;14;10848;26;;;10842.0;0.0
yf_ZC=F_d6;9700;ASH_COATED_OSMIUM;9901;8;9899;20;;;9909;21;9912;30;;;9905.0;0.0
yf_ZC=F_d6;9700;INTARIAN_PEPPER_ROOT;10837;5;10833;23;;;10844;22;10848;9;;;10840.5;0.0
yf_ZC=F_d6;9800;ASH_COATED_OSMIUM;9902;16;9900;21;;;9908;11;9912;15;;;9905.0;0.0
yf_ZC=F_d6;9800;INTARIAN_PEPPER_ROOT;10835;22;10832;25;;;10841;10;10845;22;;;10838.0;0.0
yf_ZC=F_d6;9900;ASH_COATED_OSMIUM;9902;10;9900;20;;;9908;18;9910;24;;;9905.0;0.0
yf_ZC=F_d6;9900;INTARIAN_PEPPER_ROOT;10824;13;10821;28;;;10845;17;10847;15;;;10834.5;0.0
yf_ZC=F_d6;10000;ASH_COATED_OSMIUM;9893;12;9890;17;;;9918;16;9920;30;;;9905.5;0.0
yf_ZC=F_d6;10000;INTARIAN_PEPPER_ROOT;10830;22;10828;19;;;10836;12;10838;25;;;10833.0;0.0
yf_ZC=F_d6;10100;ASH_COATED_OSMIUM;9902;21;9898;16;;;9908;12;9912;24;;;9905.0;0.0
yf_ZC=F_d6;10100;INTARIAN_PEPPER_ROOT;10826;10;10822;18;;;10835;13;10839;21;;;10830.5;0.0
yf_ZC=F_d6;10200;ASH_COATED_OSMIUM;9901;15;9898;20;;;9907;16;9909;23;;;9904.0;0.0
yf_ZC=F_d6;10200;INTARIAN_PEPPER_ROOT;10825;12;10823;25;;;10833;18;10835;26;;;10829.0;0.0
yf_ZC=F_d6;10300;ASH_COATED_OSMIUM;9896;14;9892;11;;;9913;14;9917;15;;;9904.5;0.0
yf_ZC=F_d6;10300;INTARIAN_PEPPER_ROOT;10816;21;10814;19;;;10836;8;10840;26;;;10826.0;0.0
yf_ZC=F_d6;10400;ASH_COATED_OSMIUM;9893;20;9889;15;;;9916;17;9919;10;;;9904.5;0.0
yf_ZC=F_d6;10400;INTARIAN_PEPPER_ROOT;10820;8;10818;20;;;10826;15;10830;20;;;10823.0;0.0
yf_ZC=F_d6;10500;ASH_COATED_OSMIUM;9897;18;9895;11;;;9912;13;9916;23;;;9904.5;0.0
yf_ZC=F_d6;10500;INTARIAN_PEPPER_ROOT;10818;11;10814;21;;;10824;5;10827;24;;;10821.0;0.0
yf_ZC=F_d6;10600;ASH_COATED_OSMIUM;9902;9;9898;17;;;9908;18;9910;17;;;9905.0;0.0
yf_ZC=F_d6;10600;INTARIAN_PEPPER_ROOT;10816;6;10812;11;;;10822;18;10826;12;;;10819.0;0.0
yf_ZC=F_d6;10700;ASH_COATED_OSMIUM;9902;21;9899;14;;;9908;8;9911;16;;;9905.0;0.0
yf_ZC=F_d6;10700;INTARIAN_PEPPER_ROOT;10813;11;10810;26;;;10819;20;10822;21;;;10816.0;0.0
yf_ZC=F_d6;10800;ASH_COATED_OSMIUM;9902;13;9898;27;;;9908;17;9910;15;;;9905.0;0.0
yf_ZC=F_d6;10800;INTARIAN_PEPPER_ROOT;10810;5;10808;21;;;10819;16;10821;22;;;10814.5;0.0
yf_ZC=F_d6;10900;ASH_COATED_OSMIUM;9898;9;9894;16;;;9911;9;9915;22;;;9904.5;0.0
yf_ZC=F_d6;10900;INTARIAN_PEPPER_ROOT;10808;17;10804;18;;;10814;14;10816;19;;;10811.0;0.0
yf_ZC=F_d6;11000;ASH_COATED_OSMIUM;9898;13;9895;17;;;9912;16;9914;21;;;9905.0;0.0
yf_ZC=F_d6;11000;INTARIAN_PEPPER_ROOT;10804;20;10800;17;;;10812;20;10816;17;;;10808.0;0.0
yf_ZC=F_d6;11100;ASH_COATED_OSMIUM;9897;12;9895;27;;;9912;15;9914;21;;;9904.5;0.0
yf_ZC=F_d6;11100;INTARIAN_PEPPER_ROOT;10801;12;10799;23;;;10812;21;10814;22;;;10806.5;0.0
yf_ZC=F_d6;11200;ASH_COATED_OSMIUM;9901;13;9899;20;;;9907;14;9910;15;;;9904.0;0.0
yf_ZC=F_d6;11200;INTARIAN_PEPPER_ROOT;10802;6;10800;19;;;10808;10;10812;22;;;10805.0;0.0
yf_ZC=F_d6;11300;ASH_COATED_OSMIUM;9901;13;9898;25;;;9908;20;9910;27;;;9904.5;0.0
yf_ZC=F_d6;11300;INTARIAN_PEPPER_ROOT;10795;16;10792;18;;;10810;21;10812;20;;;10802.5;0.0
yf_ZC=F_d6;11400;ASH_COATED_OSMIUM;9896;15;9893;21;;;9914;15;9918;24;;;9905.0;0.0
yf_ZC=F_d6;11400;INTARIAN_PEPPER_ROOT;10797;14;10795;23;;;10803;5;10805;22;;;10800.0;0.0
yf_ZC=F_d6;11500;ASH_COATED_OSMIUM;9898;6;9895;21;;;9910;20;9914;16;;;9904.0;0.0
yf_ZC=F_d6;11500;INTARIAN_PEPPER_ROOT;10791;17;10789;18;;;10804;14;10807;11;;;10797.5;0.0
yf_ZC=F_d6;11600;ASH_COATED_OSMIUM;9898;11;9895;24;;;9911;15;9913;21;;;9904.5;0.0
yf_ZC=F_d6;11600;INTARIAN_PEPPER_ROOT;10788;15;10784;11;;;10801;15;10803;27;;;10794.5;0.0
yf_ZC=F_d6;11700;ASH_COATED_OSMIUM;9898;17;9894;17;;;9911;21;9914;23;;;9904.5;0.0
yf_ZC=F_d6;11700;INTARIAN_PEPPER_ROOT;10789;30;10785;22;;;10798;20;10801;10;;;10793.5;0.0
yf_ZC=F_d6;11800;ASH_COATED_OSMIUM;9902;25;9898;24;;;9908;13;9912;22;;;9905.0;0.0
yf_ZC=F_d6;11800;INTARIAN_PEPPER_ROOT;10782;23;10779;12;;;10799;15;10801;22;;;10790.5;0.0
yf_ZC=F_d6;11900;ASH_COATED_OSMIUM;9901;10;9897;17;;;9907;13;9909;22;;;9904.0;0.0
yf_ZC=F_d6;11900;INTARIAN_PEPPER_ROOT;10784;18;10782;17;;;10792;13;10794;16;;;10788.0;0.0
yf_ZC=F_d6;12000;ASH_COATED_OSMIUM;9899;5;9897;16;;;9909;8;9912;10;;;9904.0;0.0
yf_ZC=F_d6;12000;INTARIAN_PEPPER_ROOT;10783;9;10781;25;;;10789;21;10793;19;;;10786.0;0.0
yf_ZC=F_d6;12100;ASH_COATED_OSMIUM;9902;17;9899;18;;;9908;18;9910;17;;;9905.0;0.0
yf_ZC=F_d6;12100;INTARIAN_PEPPER_ROOT;10779;23;10776;18;;;10785;16;10788;32;;;10782.0;0.0
yf_ZC=F_d6;12200;ASH_COATED_OSMIUM;9896;18;9894;17;;;9912;15;9914;12;;;9904.0;0.0
yf_ZC=F_d6;12200;INTARIAN_PEPPER_ROOT;10778;11;10776;26;;;10784;11;10788;16;;;10781.0;0.0
yf_ZC=F_d6;12300;ASH_COATED_OSMIUM;9902;9;9900;13;;;9908;16;9912;19;;;9905.0;0.0
yf_ZC=F_d6;12300;INTARIAN_PEPPER_ROOT;10776;17;10774;22;;;10782;10;10786;15;;;10779.0;0.0
yf_ZC=F_d6;12400;ASH_COATED_OSMIUM;9901;20;9898;25;;;9907;12;9909;27;;;9904.0;0.0
yf_ZC=F_d6;12400;INTARIAN_PEPPER_ROOT;10773;11;10770;16;;;10779;19;10783;23;;;10776.0;0.0
yf_ZC=F_d6;12500;ASH_COATED_OSMIUM;9899;15;9896;26;;;9909;16;9912;15;;;9904.0;0.0
yf_ZC=F_d6;12500;INTARIAN_PEPPER_ROOT;10771;12;10767;28;;;10777;20;10779;21;;;10774.0;0.0
yf_ZC=F_d6;12600;ASH_COATED_OSMIUM;9895;18;9893;13;;;9913;17;9915;8;;;9904.0;0.0
yf_ZC=F_d6;12600;INTARIAN_PEPPER_ROOT;10768;12;10764;24;;;10774;16;10778;16;;;10771.0;0.0
yf_ZC=F_d6;12700;ASH_COATED_OSMIUM;9896;19;9893;22;;;9912;12;9916;16;;;9904.0;0.0
yf_ZC=F_d6;12700;INTARIAN_PEPPER_ROOT;10766;20;10764;12;;;10772;14;10776;19;;;10769.0;0.0
yf_ZC=F_d6;12800;ASH_COATED_OSMIUM;9901;18;9899;18;;;9907;5;9909;18;;;9904.0;0.0
yf_ZC=F_d6;12800;INTARIAN_PEPPER_ROOT;10764;12;10761;17;;;10770;20;10774;16;;;10767.0;0.0
yf_ZC=F_d6;12900;ASH_COATED_OSMIUM;9901;6;9899;20;;;9907;16;9911;26;;;9904.0;0.0
yf_ZC=F_d6;12900;INTARIAN_PEPPER_ROOT;10762;18;10759;21;;;10768;12;10771;17;;;10765.0;0.0
yf_ZC=F_d6;13000;ASH_COATED_OSMIUM;9897;15;9895;20;;;9911;12;9915;24;;;9904.0;0.0
yf_ZC=F_d6;13000;INTARIAN_PEPPER_ROOT;10760;20;10757;21;;;10766;16;10768;21;;;10763.0;0.0
yf_ZC=F_d6;13100;ASH_COATED_OSMIUM;9901;19;9899;12;;;9907;13;9910;17;;;9904.0;0.0
yf_ZC=F_d6;13100;INTARIAN_PEPPER_ROOT;10751;14;10748;14;;;10768;11;10770;17;;;10759.5;0.0
yf_ZC=F_d6;13200;ASH_COATED_OSMIUM;9897;15;9893;19;;;9911;26;9915;12;;;9904.0;0.0
yf_ZC=F_d6;13200;INTARIAN_PEPPER_ROOT;10754;25;10751;17;;;10760;10;10763;14;;;10757.0;0.0
yf_ZC=F_d6;13300;ASH_COATED_OSMIUM;9892;9;9888;26;;;9916;15;9919;18;;;9904.0;0.0
yf_ZC=F_d6;13300;INTARIAN_PEPPER_ROOT;10743;12;10741;17;;;10767;9;10770;11;;;10755.0;0.0
yf_ZC=F_d6;13400;ASH_COATED_OSMIUM;9900;5;9897;12;;;9906;12;9909;14;;;9903.0;0.0
yf_ZC=F_d6;13400;INTARIAN_PEPPER_ROOT;10746;20;10744;28;;;10760;19;10762;22;;;10753.0;0.0
yf_ZC=F_d6;13500;ASH_COATED_OSMIUM;9901;22;9898;23;;;9907;20;9910;15;;;9904.0;0.0
yf_ZC=F_d6;13500;INTARIAN_PEPPER_ROOT;10743;15;10739;16;;;10759;14;10763;17;;;10751.0;0.0
yf_ZC=F_d6;13600;ASH_COATED_OSMIUM;9901;24;9898;17;;;9907;18;9911;28;;;9904.0;0.0
yf_ZC=F_d6;13600;INTARIAN_PEPPER_ROOT;10745;10;10743;17;;;10751;12;10753;18;;;10748.0;0.0
yf_ZC=F_d6;13700;ASH_COATED_OSMIUM;9901;18;9899;14;;;9907;15;9910;12;;;9904.0;0.0
yf_ZC=F_d6;13700;INTARIAN_PEPPER_ROOT;10743;15;10739;15;;;10749;14;10751;21;;;10746.0;0.0
yf_ZC=F_d6;13800;ASH_COATED_OSMIUM;9896;18;9894;11;;;9911;18;9915;15;;;9903.5;0.0
yf_ZC=F_d6;13800;INTARIAN_PEPPER_ROOT;10736;21;10732;23;;;10751;19;10755;14;;;10743.5;0.0
yf_ZC=F_d6;13900;ASH_COATED_OSMIUM;9901;13;9899;27;;;9907;11;9911;20;;;9904.0;0.0
yf_ZC=F_d6;13900;INTARIAN_PEPPER_ROOT;10737;10;10735;23;;;10746;23;10748;14;;;10741.5;0.0
yf_ZC=F_d6;14000;ASH_COATED_OSMIUM;9901;6;9899;16;;;9907;13;9909;19;;;9904.0;0.0
yf_ZC=F_d6;14000;INTARIAN_PEPPER_ROOT;10736;13;10733;16;;;10742;19;10746;18;;;10739.0;0.0
yf_ZC=F_d6;14100;ASH_COATED_OSMIUM;9901;18;9897;24;;;9907;21;9911;12;;;9904.0;0.0
yf_ZC=F_d6;14100;INTARIAN_PEPPER_ROOT;10726;10;10723;12;;;10747;20;10751;19;;;10736.5;0.0
yf_ZC=F_d6;14200;ASH_COATED_OSMIUM;9901;5;9899;18;;;9907;12;9910;25;;;9904.0;0.0
yf_ZC=F_d6;14200;INTARIAN_PEPPER_ROOT;10729;14;10725;16;;;10739;11;10741;20;;;10734.0;0.0
yf_ZC=F_d6;14300;ASH_COATED_OSMIUM;9899;13;9897;18;;;9909;5;9913;20;;;9904.0;0.0
yf_ZC=F_d6;14300;INTARIAN_PEPPER_ROOT;10729;12;10726;16;;;10735;17;10737;17;;;10732.0;0.0
yf_ZC=F_d6;14400;ASH_COATED_OSMIUM;9899;20;9895;11;;;9908;17;9912;16;;;9903.5;0.0
yf_ZC=F_d6;14400;INTARIAN_PEPPER_ROOT;10726;23;10722;15;;;10732;24;10735;27;;;10729.0;0.0
yf_ZC=F_d6;14500;ASH_COATED_OSMIUM;9900;24;9897;9;;;9906;21;9908;16;;;9903.0;0.0
yf_ZC=F_d6;14500;INTARIAN_PEPPER_ROOT;10724;11;10721;19;;;10730;9;10734;20;;;10727.0;0.0
yf_ZC=F_d6;14600;ASH_COATED_OSMIUM;9900;11;9897;12;;;9906;17;9909;17;;;9903.0;0.0
yf_ZC=F_d6;14600;INTARIAN_PEPPER_ROOT;10720;16;10717;23;;;10730;12;10734;23;;;10725.0;0.0
yf_ZC=F_d6;14700;ASH_COATED_OSMIUM;9900;16;9898;20;;;9906;6;9910;17;;;9903.0;0.0
yf_ZC=F_d6;14700;INTARIAN_PEPPER_ROOT;10720;6;10717;21;;;10726;5;10729;19;;;10723.0;0.0
yf_ZC=F_d6;14800;ASH_COATED_OSMIUM;9900;19;9897;20;;;9906;16;9909;27;;;9903.0;0.0
yf_ZC=F_d6;14800;INTARIAN_PEPPER_ROOT;10718;13;10715;20;;;10724;15;10726;15;;;10721.0;0.0
yf_ZC=F_d6;14900;ASH_COATED_OSMIUM;9900;15;9898;23;;;9907;5;9909;13;;;9903.5;0.0
yf_ZC=F_d6;14900;INTARIAN_PEPPER_ROOT;10711;8;10708;24;;;10724;15;10727;20;;;10717.5;0.0
yf_ZC=F_d6;15000;ASH_COATED_OSMIUM;9900;18;9896;26;;;9906;22;9908;17;;;9903.0;0.0
yf_ZC=F_d6;15000;INTARIAN_PEPPER_ROOT;10713;14;10711;22;;;10720;11;10723;23;;;10716.5;0.0
yf_ZC=F_d6;15100;ASH_COATED_OSMIUM;9900;17;9896;23;;;9906;13;9908;24;;;9903.0;0.0
yf_ZC=F_d6;15100;INTARIAN_PEPPER_ROOT;10707;21;10703;17;;;10719;16;10723;23;;;10713.0;0.0
yf_ZC=F_d6;15200;ASH_COATED_OSMIUM;9900;8;9896;13;;;9906;7;9908;17;;;9903.0;0.0
yf_ZC=F_d6;15200;INTARIAN_PEPPER_ROOT;10707;17;10705;18;;;10713;14;10716;10;;;10710.0;0.0
yf_ZC=F_d6;15300;ASH_COATED_OSMIUM;9900;15;9898;26;;;9906;19;9908;22;;;9903.0;0.0
yf_ZC=F_d6;15300;INTARIAN_PEPPER_ROOT;10706;14;10702;21;;;10712;20;10715;21;;;10709.0;0.0
yf_ZC=F_d6;15400;ASH_COATED_OSMIUM;9900;13;9898;8;;;9906;20;9908;11;;;9903.0;0.0
yf_ZC=F_d6;15400;INTARIAN_PEPPER_ROOT;10699;20;10695;20;;;10713;16;10715;14;;;10706.0;0.0
yf_ZC=F_d6;15500;ASH_COATED_OSMIUM;9900;20;9896;17;;;9906;5;9909;8;;;9903.0;0.0
yf_ZC=F_d6;15500;INTARIAN_PEPPER_ROOT;10701;21;10699;21;;;10707;22;10711;21;;;10704.0;0.0
yf_ZC=F_d6;15600;ASH_COATED_OSMIUM;9900;27;9897;13;;;9906;11;9908;15;;;9903.0;0.0
yf_ZC=F_d6;15600;INTARIAN_PEPPER_ROOT;10698;12;10695;16;;;10704;11;10706;16;;;10701.0;0.0
yf_ZC=F_d6;15700;ASH_COATED_OSMIUM;9895;11;9892;14;;;9911;12;9914;12;;;9903.0;0.0
yf_ZC=F_d6;15700;INTARIAN_PEPPER_ROOT;10696;24;10693;16;;;10702;20;10706;8;;;10699.0;0.0
yf_ZC=F_d6;15800;ASH_COATED_OSMIUM;9900;16;9898;19;;;9906;18;9910;23;;;9903.0;0.0
yf_ZC=F_d6;15800;INTARIAN_PEPPER_ROOT;10692;22;10689;31;;;10702;10;10704;28;;;10697.0;0.0
yf_ZC=F_d6;15900;ASH_COATED_OSMIUM;9900;5;9898;21;;;9906;21;9908;20;;;9903.0;0.0
yf_ZC=F_d6;15900;INTARIAN_PEPPER_ROOT;10689;13;10685;17;;;10700;13;10704;23;;;10694.5;0.0
yf_ZC=F_d6;16000;ASH_COATED_OSMIUM;9900;17;9897;22;;;9906;12;9909;18;;;9903.0;0.0
yf_ZC=F_d6;16000;INTARIAN_PEPPER_ROOT;10689;15;10687;21;;;10697;9;10701;20;;;10693.0;0.0
yf_ZC=F_d6;16100;ASH_COATED_OSMIUM;9900;10;9896;12;;;9906;13;9908;23;;;9903.0;0.0
yf_ZC=F_d6;16100;INTARIAN_PEPPER_ROOT;10687;12;10683;23;;;10693;14;10696;18;;;10690.0;0.0
yf_ZC=F_d6;16200;ASH_COATED_OSMIUM;9898;17;9895;18;;;9908;7;9911;19;;;9903.0;0.0
yf_ZC=F_d6;16200;INTARIAN_PEPPER_ROOT;10680;18;10676;19;;;10695;22;10698;12;;;10687.5;0.0
yf_ZC=F_d6;16300;ASH_COATED_OSMIUM;9892;14;9890;26;;;9914;17;9916;26;;;9903.0;0.0
yf_ZC=F_d6;16300;INTARIAN_PEPPER_ROOT;10682;5;10678;22;;;10688;11;10692;25;;;10685.0;0.0
yf_ZC=F_d6;16400;ASH_COATED_OSMIUM;9900;18;9896;21;;;9906;24;9910;19;;;9903.0;0.0
yf_ZC=F_d6;16400;INTARIAN_PEPPER_ROOT;10679;9;10675;19;;;10688;18;10692;23;;;10683.5;0.0
yf_ZC=F_d6;16500;ASH_COATED_OSMIUM;9900;5;9897;19;;;9906;17;9909;21;;;9903.0;0.0
yf_ZC=F_d6;16500;INTARIAN_PEPPER_ROOT;10677;15;10673;21;;;10683;18;10686;26;;;10680.0;0.0
yf_ZC=F_d6;16600;ASH_COATED_OSMIUM;9893;17;9889;23;;;9912;19;9914;22;;;9902.5;0.0
yf_ZC=F_d6;16600;INTARIAN_PEPPER_ROOT;10670;19;10666;28;;;10685;18;10688;20;;;10677.5;0.0
yf_ZC=F_d6;16700;ASH_COATED_OSMIUM;9899;16;9895;21;;;9905;13;9908;24;;;9902.0;0.0
yf_ZC=F_d6;16700;INTARIAN_PEPPER_ROOT;10670;12;10666;19;;;10680;8;10683;17;;;10675.0;0.0
yf_ZC=F_d6;16800;ASH_COATED_OSMIUM;9899;14;9897;20;;;9905;13;9908;17;;;9902.0;0.0
yf_ZC=F_d6;16800;INTARIAN_PEPPER_ROOT;10670;12;10668;29;;;10676;16;10678;17;;;10673.0;0.0
yf_ZC=F_d6;16900;ASH_COATED_OSMIUM;9900;19;9896;17;;;9906;10;9908;21;;;9903.0;0.0
yf_ZC=F_d6;16900;INTARIAN_PEPPER_ROOT;10668;16;10666;25;;;10674;14;10678;12;;;10671.0;0.0
yf_ZC=F_d6;17000;ASH_COATED_OSMIUM;9899;17;9895;20;;;9906;16;9909;21;;;9902.5;0.0
yf_ZC=F_d6;17000;INTARIAN_PEPPER_ROOT;10667;17;10665;23;;;10673;15;10676;13;;;10670.0;0.0
yf_ZC=F_d6;17100;ASH_COATED_OSMIUM;9900;7;9896;13;;;9906;17;9910;25;;;9903.0;0.0
yf_ZC=F_d6;17100;INTARIAN_PEPPER_ROOT;10669;24;10667;21;;;10675;11;10677;12;;;10672.0;0.0
yf_ZC=F_d6;17200;ASH_COATED_OSMIUM;9887;10;9883;22;;;9918;7;9922;24;;;9902.5;0.0
yf_ZC=F_d6;17200;INTARIAN_PEPPER_ROOT;10671;9;10668;23;;;10677;20;10681;22;;;10674.0;0.0
yf_ZC=F_d6;17300;ASH_COATED_OSMIUM;9899;13;9895;20;;;9905;22;9909;24;;;9902.0;0.0
yf_ZC=F_d6;17300;INTARIAN_PEPPER_ROOT;10674;14;10671;16;;;10680;16;10683;17;;;10677.0;0.0
yf_ZC=F_d6;17400;ASH_COATED_OSMIUM;9896;15;9893;21;;;9909;20;9911;22;;;9902.5;0.0
yf_ZC=F_d6;17400;INTARIAN_PEPPER_ROOT;10675;17;10673;25;;;10681;21;10683;24;;;10678.0;0.0
yf_ZC=F_d6;17500;ASH_COATED_OSMIUM;9899;16;9896;10;;;9905;12;9909;26;;;9902.0;0.0
yf_ZC=F_d6;17500;INTARIAN_PEPPER_ROOT;10677;15;10675;24;;;10683;18;10685;10;;;10680.0;0.0
yf_ZC=F_d6;17600;ASH_COATED_OSMIUM;9894;14;9891;16;;;9912;16;9916;15;;;9903.0;0.0
yf_ZC=F_d6;17600;INTARIAN_PEPPER_ROOT;10679;16;10677;20;;;10685;15;10689;11;;;10682.0;0.0
yf_ZC=F_d6;17700;ASH_COATED_OSMIUM;9900;11;9896;17;;;9906;20;9910;26;;;9903.0;0.0
yf_ZC=F_d6;17700;INTARIAN_PEPPER_ROOT;10678;11;10674;14;;;10690;17;10694;21;;;10684.0;0.0
yf_ZC=F_d6;17800;ASH_COATED_OSMIUM;9899;16;9897;23;;;9905;19;9909;22;;;9902.0;0.0
yf_ZC=F_d6;17800;INTARIAN_PEPPER_ROOT;10672;17;10669;25;;;10699;14;10703;27;;;10685.5;0.0
yf_ZC=F_d6;17900;ASH_COATED_OSMIUM;9899;15;9897;25;;;9905;6;9908;20;;;9902.0;0.0
yf_ZC=F_d6;17900;INTARIAN_PEPPER_ROOT;10678;22;10674;24;;;10696;13;10699;19;;;10687.0;0.0
yf_ZC=F_d6;18000;ASH_COATED_OSMIUM;9899;10;9896;25;;;9905;16;9909;16;;;9902.0;0.0
yf_ZC=F_d6;18000;INTARIAN_PEPPER_ROOT;10686;13;10684;14;;;10693;21;10695;16;;;10689.5;0.0
yf_ZC=F_d6;18100;ASH_COATED_OSMIUM;9899;14;9897;26;;;9905;17;9907;14;;;9902.0;0.0
yf_ZC=F_d6;18100;INTARIAN_PEPPER_ROOT;10688;15;10686;24;;;10694;20;10697;24;;;10691.0;0.0
yf_ZC=F_d6;18200;ASH_COATED_OSMIUM;9895;6;9893;19;;;9910;22;9912;17;;;9902.5;0.0
yf_ZC=F_d6;18200;INTARIAN_PEPPER_ROOT;10689;14;10686;19;;;10699;7;10703;26;;;10694.0;0.0
yf_ZC=F_d6;18300;ASH_COATED_OSMIUM;9899;12;9897;9;;;9905;12;9907;20;;;9902.0;0.0
yf_ZC=F_d6;18300;INTARIAN_PEPPER_ROOT;10693;12;10689;18;;;10699;6;10702;19;;;10696.0;0.0
yf_ZC=F_d6;18400;ASH_COATED_OSMIUM;9899;9;9895;13;;;9905;5;9909;20;;;9902.0;0.0
yf_ZC=F_d6;18400;INTARIAN_PEPPER_ROOT;10685;14;10683;22;;;10709;10;10712;18;;;10697.0;0.0
yf_ZC=F_d6;18500;ASH_COATED_OSMIUM;9899;14;9896;23;;;9905;16;9908;17;;;9902.0;0.0
yf_ZC=F_d6;18500;INTARIAN_PEPPER_ROOT;10696;7;10694;16;;;10702;11;10705;22;;;10699.0;0.0
yf_ZC=F_d6;18600;ASH_COATED_OSMIUM;9899;23;9897;17;;;9905;14;9907;25;;;9902.0;0.0
yf_ZC=F_d6;18600;INTARIAN_PEPPER_ROOT;10698;10;10695;17;;;10704;20;10707;17;;;10701.0;0.0
yf_ZC=F_d6;18700;ASH_COATED_OSMIUM;9899;19;9897;17;;;9905;18;9908;22;;;9902.0;0.0
yf_ZC=F_d6;18700;INTARIAN_PEPPER_ROOT;10699;17;10695;20;;;10705;12;10709;30;;;10702.0;0.0
yf_ZC=F_d6;18800;ASH_COATED_OSMIUM;9899;9;9895;17;;;9905;11;9908;23;;;9902.0;0.0
yf_ZC=F_d6;18800;INTARIAN_PEPPER_ROOT;10701;13;10699;14;;;10707;11;10711;18;;;10704.0;0.0
yf_ZC=F_d6;18900;ASH_COATED_OSMIUM;9899;15;9895;21;;;9905;12;9908;16;;;9902.0;0.0
yf_ZC=F_d6;18900;INTARIAN_PEPPER_ROOT;10703;19;10700;22;;;10709;5;10712;19;;;10706.0;0.0
yf_ZC=F_d6;19000;ASH_COATED_OSMIUM;9899;18;9896;16;;;9905;17;9909;22;;;9902.0;0.0
yf_ZC=F_d6;19000;INTARIAN_PEPPER_ROOT;10705;5;10701;13;;;10711;13;10715;17;;;10708.0;0.0
yf_ZC=F_d6;19100;ASH_COATED_OSMIUM;9900;13;9898;21;;;9906;10;9909;24;;;9903.0;0.0
yf_ZC=F_d6;19100;INTARIAN_PEPPER_ROOT;10707;16;10705;20;;;10713;8;10717;14;;;10710.0;0.0
yf_ZC=F_d6;19200;ASH_COATED_OSMIUM;9898;24;9894;21;;;9906;12;9909;19;;;9902.0;0.0
yf_ZC=F_d6;19200;INTARIAN_PEPPER_ROOT;10707;10;10705;12;;;10717;22;10721;20;;;10712.0;0.0
yf_ZC=F_d6;19300;ASH_COATED_OSMIUM;9898;17;9895;28;;;9906;17;9910;23;;;9902.0;0.0
yf_ZC=F_d6;19300;INTARIAN_PEPPER_ROOT;10711;20;10708;21;;;10717;11;10719;14;;;10714.0;0.0
yf_ZC=F_d6;19400;ASH_COATED_OSMIUM;9892;16;9888;21;;;9912;5;9916;21;;;9902.0;0.0
yf_ZC=F_d6;19400;INTARIAN_PEPPER_ROOT;10713;13;10711;19;;;10719;7;10721;14;;;10716.0;0.0
yf_ZC=F_d6;19500;ASH_COATED_OSMIUM;9898;17;9895;28;;;9904;6;9906;17;;;9901.0;0.0
yf_ZC=F_d6;19500;INTARIAN_PEPPER_ROOT;10714;18;10712;21;;;10720;11;10724;21;;;10717.0;0.0
yf_ZC=F_d6;19600;ASH_COATED_OSMIUM;9900;17;9896;26;;;9906;7;9908;11;;;9903.0;0.0
yf_ZC=F_d6;19600;INTARIAN_PEPPER_ROOT;10717;11;10715;21;;;10723;15;10726;17;;;10720.0;0.0
yf_ZC=F_d6;19700;ASH_COATED_OSMIUM;9899;8;9897;20;;;9905;14;9908;21;;;9902.0;0.0
yf_ZC=F_d6;19700;INTARIAN_PEPPER_ROOT;10719;23;10717;20;;;10725;23;10727;19;;;10722.0;0.0
yf_ZC=F_d6;19800;ASH_COATED_OSMIUM;9899;16;9897;21;;;9905;6;9907;17;;;9902.0;0.0
yf_ZC=F_d6;19800;INTARIAN_PEPPER_ROOT;10719;6;10715;19;;;10727;9;10731;18;;;10723.0;0.0
yf_ZC=F_d6;19900;ASH_COATED_OSMIUM;9898;12;9896;17;;;9906;8;9908;19;;;9902.0;0.0
yf_ZC=F_d6;19900;INTARIAN_PEPPER_ROOT;10720;16;10717;24;;;10729;13;10733;18;;;10724.5;0.0
yf_ZC=F_d6;20000;ASH_COATED_OSMIUM;9898;16;9894;12;;;9904;5;9908;15;;;9901.0;0.0
yf_ZC=F_d6;20000;INTARIAN_PEPPER_ROOT;10706;16;10703;22;;;10748;18;10752;28;;;10727.0;0.0
yf_ZC=F_d6;20100;ASH_COATED_OSMIUM;9899;12;9896;19;;;9905;10;9909;19;;;9902.0;0.0
yf_ZC=F_d6;20100;INTARIAN_PEPPER_ROOT;10726;12;10724;20;;;10732;16;10734;23;;;10729.0;0.0
yf_ZC=F_d6;20200;ASH_COATED_OSMIUM;9899;12;9897;17;;;9905;6;9909;22;;;9902.0;0.0
yf_ZC=F_d6;20200;INTARIAN_PEPPER_ROOT;10728;15;10725;15;;;10734;12;10736;15;;;10731.0;0.0
yf_ZC=F_d6;20300;ASH_COATED_OSMIUM;9899;17;9897;21;;;9905;13;9907;16;;;9902.0;0.0
yf_ZC=F_d6;20300;INTARIAN_PEPPER_ROOT;10729;6;10725;17;;;10735;10;10739;13;;;10732.0;0.0
yf_ZC=F_d6;20400;ASH_COATED_OSMIUM;9894;12;9891;18;;;9909;13;9911;22;;;9901.5;0.0
yf_ZC=F_d6;20400;INTARIAN_PEPPER_ROOT;10731;18;10729;14;;;10737;9;10739;19;;;10734.0;0.0
yf_ZC=F_d6;20500;ASH_COATED_OSMIUM;9899;15;9895;14;;;9905;16;9909;19;;;9902.0;0.0
yf_ZC=F_d6;20500;INTARIAN_PEPPER_ROOT;10734;16;10732;24;;;10740;14;10743;11;;;10737.0;0.0
yf_ZC=F_d6;20600;ASH_COATED_OSMIUM;9896;13;9894;18;;;9909;11;9911;16;;;9902.5;0.0
yf_ZC=F_d6;20600;INTARIAN_PEPPER_ROOT;10732;24;10730;20;;;10746;19;10749;23;;;10739.0;0.0
yf_ZC=F_d6;20700;ASH_COATED_OSMIUM;9892;30;9888;13;;;9912;5;9915;21;;;9902.0;0.0
yf_ZC=F_d6;20700;INTARIAN_PEPPER_ROOT;10737;23;10735;20;;;10743;20;10747;20;;;10740.0;0.0
yf_ZC=F_d6;20800;ASH_COATED_OSMIUM;9899;5;9896;21;;;9905;17;9907;20;;;9902.0;0.0
yf_ZC=F_d6;20800;INTARIAN_PEPPER_ROOT;10739;19;10737;32;;;10745;16;10749;16;;;10742.0;0.0
yf_ZC=F_d6;20900;ASH_COATED_OSMIUM;9895;12;9893;26;;;9907;23;9910;14;;;9901.0;0.0
yf_ZC=F_d6;20900;INTARIAN_PEPPER_ROOT;10741;12;10739;13;;;10747;10;10749;26;;;10744.0;0.0
yf_ZC=F_d6;21000;ASH_COATED_OSMIUM;9898;5;9895;17;;;9904;19;9906;20;;;9901.0;0.0
yf_ZC=F_d6;21000;INTARIAN_PEPPER_ROOT;10738;14;10734;25;;;10753;15;10757;22;;;10745.5;0.0
yf_ZC=F_d6;21100;ASH_COATED_OSMIUM;9899;16;9895;21;;;9905;12;9908;22;;;9902.0;0.0
yf_ZC=F_d6;21100;INTARIAN_PEPPER_ROOT;10738;22;10736;16;;;10756;14;10760;19;;;10747.0;0.0
yf_ZC=F_d6;21200;ASH_COATED_OSMIUM;9899;15;9896;13;;;9905;17;9907;26;;;9902.0;0.0
yf_ZC=F_d6;21200;INTARIAN_PEPPER_ROOT;10743;16;10739;23;;;10755;10;10757;15;;;10749.0;0.0
yf_ZC=F_d6;21300;ASH_COATED_OSMIUM;9883;25;9879;24;;;9921;10;9924;17;;;9902.0;0.0
yf_ZC=F_d6;21300;INTARIAN_PEPPER_ROOT;10748;20;10744;26;;;10754;14;10756;10;;;10751.0;0.0
yf_ZC=F_d6;21400;ASH_COATED_OSMIUM;9897;9;9893;14;;;9907;13;9909;23;;;9902.0;0.0
yf_ZC=F_d6;21400;INTARIAN_PEPPER_ROOT;10750;14;10748;21;;;10756;10;10760;15;;;10753.0;0.0
yf_ZC=F_d6;21500;ASH_COATED_OSMIUM;9893;5;9889;27;;;9911;11;9913;14;;;9902.0;0.0
yf_ZC=F_d6;21500;INTARIAN_PEPPER_ROOT;10750;20;10746;13;;;10760;10;10764;20;;;10755.0;0.0
yf_ZC=F_d6;21600;ASH_COATED_OSMIUM;9896;6;9892;24;;;9906;15;9908;29;;;9901.0;0.0
yf_ZC=F_d6;21600;INTARIAN_PEPPER_ROOT;10754;15;10750;17;;;10760;19;10763;16;;;10757.0;0.0
yf_ZC=F_d6;21700;ASH_COATED_OSMIUM;9899;7;9895;19;;;9905;11;9908;26;;;9902.0;0.0
yf_ZC=F_d6;21700;INTARIAN_PEPPER_ROOT;10754;17;10752;14;;;10763;18;10767;19;;;10758.5;0.0
yf_ZC=F_d6;21800;ASH_COATED_OSMIUM;9893;14;9889;17;;;9910;19;9913;27;;;9901.5;0.0
yf_ZC=F_d6;21800;INTARIAN_PEPPER_ROOT;10758;17;10754;25;;;10764;5;10767;26;;;10761.0;0.0
yf_ZC=F_d6;21900;ASH_COATED_OSMIUM;9899;12;9895;20;;;9905;6;9909;19;;;9902.0;0.0
yf_ZC=F_d6;21900;INTARIAN_PEPPER_ROOT;10759;15;10757;20;;;10765;9;10769;14;;;10762.0;0.0
yf_ZC=F_d6;22000;ASH_COATED_OSMIUM;9898;14;9895;24;;;9904;24;9907;21;;;9901.0;0.0
yf_ZC=F_d6;22000;INTARIAN_PEPPER_ROOT;10762;5;10760;27;;;10768;11;10770;20;;;10765.0;0.0
yf_ZC=F_d6;22100;ASH_COATED_OSMIUM;9898;19;9894;19;;;9904;9;9906;15;;;9901.0;0.0
yf_ZC=F_d6;22100;INTARIAN_PEPPER_ROOT;10762;18;10759;25;;;10771;14;10775;25;;;10766.5;0.0
yf_ZC=F_d6;22200;ASH_COATED_OSMIUM;9898;14;9895;15;;;9904;10;9906;26;;;9901.0;0.0
yf_ZC=F_d6;22200;INTARIAN_PEPPER_ROOT;10765;12;10761;21;;;10771;5;10773;20;;;10768.0;0.0
yf_ZC=F_d6;22300;ASH_COATED_OSMIUM;9890;17;9888;15;;;9913;11;9917;17;;;9901.5;0.0
yf_ZC=F_d6;22300;INTARIAN_PEPPER_ROOT;10766;15;10764;18;;;10773;21;10776;18;;;10769.5;0.0
yf_ZC=F_d6;22400;ASH_COATED_OSMIUM;9889;13;9885;20;;;9914;20;9917;19;;;9901.5;0.0
yf_ZC=F_d6;22400;INTARIAN_PEPPER_ROOT;10769;7;10765;16;;;10775;11;10779;15;;;10772.0;0.0
yf_ZC=F_d6;22500;ASH_COATED_OSMIUM;9898;15;9896;28;;;9904;10;9906;21;;;9901.0;0.0
yf_ZC=F_d6;22500;INTARIAN_PEPPER_ROOT;10771;16;10769;20;;;10777;13;10781;21;;;10774.0;0.0
yf_ZC=F_d6;22600;ASH_COATED_OSMIUM;9899;11;9897;17;;;9905;19;9908;8;;;9902.0;0.0
yf_ZC=F_d6;22600;INTARIAN_PEPPER_ROOT;10771;9;10768;30;;;10781;19;10785;30;;;10776.0;0.0
yf_ZC=F_d6;22700;ASH_COATED_OSMIUM;9899;16;9895;18;;;9905;15;9909;25;;;9902.0;0.0
yf_ZC=F_d6;22700;INTARIAN_PEPPER_ROOT;10775;22;10772;11;;;10781;18;10784;21;;;10778.0;0.0
yf_ZC=F_d6;22800;ASH_COATED_OSMIUM;9893;16;9891;23;;;9909;17;9913;25;;;9901.0;0.0
yf_ZC=F_d6;22800;INTARIAN_PEPPER_ROOT;10772;12;10769;20;;;10787;16;10789;20;;;10779.5;0.0
yf_ZC=F_d6;22900;ASH_COATED_OSMIUM;9897;17;9893;17;;;9907;10;9911;16;;;9902.0;0.0
yf_ZC=F_d6;22900;INTARIAN_PEPPER_ROOT;10778;9;10775;21;;;10784;21;10786;17;;;10781.0;0.0
yf_ZC=F_d6;23000;ASH_COATED_OSMIUM;9897;6;9894;27;;;9907;11;9909;16;;;9902.0;0.0
yf_ZC=F_d6;23000;INTARIAN_PEPPER_ROOT;10776;8;10773;9;;;10790;18;10793;18;;;10783.0;0.0
yf_ZC=F_d6;23100;ASH_COATED_OSMIUM;9898;16;9894;23;;;9904;7;9907;20;;;9901.0;0.0
yf_ZC=F_d6;23100;INTARIAN_PEPPER_ROOT;10782;13;10780;18;;;10789;9;10793;16;;;10785.5;0.0
yf_ZC=F_d6;23200;ASH_COATED_OSMIUM;9899;11;9895;12;;;9905;17;9908;19;;;9902.0;0.0
yf_ZC=F_d6;23200;INTARIAN_PEPPER_ROOT;10784;10;10782;19;;;10790;14;10793;25;;;10787.0;0.0
yf_ZC=F_d6;23300;ASH_COATED_OSMIUM;9898;8;9895;23;;;9904;24;9906;16;;;9901.0;0.0
yf_ZC=F_d6;23300;INTARIAN_PEPPER_ROOT;10785;14;10781;18;;;10791;16;10793;16;;;10788.0;0.0
yf_ZC=F_d6;23400;ASH_COATED_OSMIUM;9894;16;9892;22;;;9909;16;9911;18;;;9901.5;0.0
yf_ZC=F_d6;23400;INTARIAN_PEPPER_ROOT;10788;14;10784;11;;;10794;16;10796;23;;;10791.0;0.0
yf_ZC=F_d6;23500;ASH_COATED_OSMIUM;9898;20;9895;9;;;9904;15;9908;28;;;9901.0;0.0
yf_ZC=F_d6;23500;INTARIAN_PEPPER_ROOT;10788;16;10784;17;;;10797;14;10801;22;;;10792.5;0.0
yf_ZC=F_d6;23600;ASH_COATED_OSMIUM;9898;17;9894;12;;;9904;12;9907;22;;;9901.0;0.0
yf_ZC=F_d6;23600;INTARIAN_PEPPER_ROOT;10787;21;10784;21;;;10803;15;10807;21;;;10795.0;0.0
yf_ZC=F_d6;23700;ASH_COATED_OSMIUM;9898;17;9894;18;;;9904;13;9906;16;;;9901.0;0.0
yf_ZC=F_d6;23700;INTARIAN_PEPPER_ROOT;10793;21;10789;14;;;10799;12;10801;19;;;10796.0;0.0
yf_ZC=F_d6;23800;ASH_COATED_OSMIUM;9898;11;9894;14;;;9904;20;9907;23;;;9901.0;0.0
yf_ZC=F_d6;23800;INTARIAN_PEPPER_ROOT;10786;5;10782;16;;;10812;22;10815;17;;;10799.0;0.0
yf_ZC=F_d6;23900;ASH_COATED_OSMIUM;9896;18;9893;18;;;9905;6;9907;23;;;9900.5;0.0
yf_ZC=F_d6;23900;INTARIAN_PEPPER_ROOT;10797;14;10795;19;;;10803;15;10806;24;;;10800.0;0.0
yf_ZC=F_d6;24000;ASH_COATED_OSMIUM;9885;5;9881;19;;;9918;14;9922;12;;;9901.5;0.0
yf_ZC=F_d6;24000;INTARIAN_PEPPER_ROOT;10799;20;10795;12;;;10805;20;10807;28;;;10802.0;0.0
yf_ZC=F_d6;24100;ASH_COATED_OSMIUM;9896;11;9892;19;;;9907;6;9910;18;;;9901.5;0.0
yf_ZC=F_d6;24100;INTARIAN_PEPPER_ROOT;10801;10;10799;18;;;10807;13;10810;29;;;10804.0;0.0
yf_ZC=F_d6;24200;ASH_COATED_OSMIUM;9890;17;9888;15;;;9912;17;9914;10;;;9901.0;0.0
yf_ZC=F_d6;24200;INTARIAN_PEPPER_ROOT;10802;16;10799;18;;;10808;22;10811;13;;;10805.0;0.0
yf_ZC=F_d6;24300;ASH_COATED_OSMIUM;9898;14;9894;27;;;9904;12;9906;17;;;9901.0;0.0
yf_ZC=F_d6;24300;INTARIAN_PEPPER_ROOT;10804;12;10801;13;;;10810;23;10814;14;;;10807.0;0.0
yf_ZC=F_d6;24400;ASH_COATED_OSMIUM;9899;13;9897;22;;;9905;17;9907;24;;;9902.0;0.0
yf_ZC=F_d6;24400;INTARIAN_PEPPER_ROOT;10806;6;10804;25;;;10812;19;10816;17;;;10809.0;0.0
yf_ZC=F_d6;24500;ASH_COATED_OSMIUM;9896;12;9894;21;;;9908;13;9912;21;;;9902.0;0.0
yf_ZC=F_d6;24500;INTARIAN_PEPPER_ROOT;10807;14;10804;25;;;10816;10;10820;17;;;10811.5;0.0
yf_ZC=F_d6;24600;ASH_COATED_OSMIUM;9889;17;9886;19;;;9913;5;9916;17;;;9901.0;0.0
yf_ZC=F_d6;24600;INTARIAN_PEPPER_ROOT;10810;11;10807;26;;;10816;24;10819;24;;;10813.0;0.0
yf_ZC=F_d6;24700;ASH_COATED_OSMIUM;9897;23;9895;11;;;9906;26;9909;16;;;9901.5;0.0
yf_ZC=F_d6;24700;INTARIAN_PEPPER_ROOT;10812;6;10809;23;;;10818;19;10821;22;;;10815.0;0.0
yf_ZC=F_d6;24800;ASH_COATED_OSMIUM;9898;16;9896;18;;;9904;14;9906;25;;;9901.0;0.0
yf_ZC=F_d6;24800;INTARIAN_PEPPER_ROOT;10812;10;10809;19;;;10821;10;10823;21;;;10816.5;0.0
yf_ZC=F_d6;24900;ASH_COATED_OSMIUM;9898;15;9895;22;;;9904;11;9906;27;;;9901.0;0.0
yf_ZC=F_d6;24900;INTARIAN_PEPPER_ROOT;10816;9;10813;14;;;10823;6;10827;19;;;10819.5;0.0
yf_ZC=F_d6;25000;ASH_COATED_OSMIUM;9898;21;9896;24;;;9904;18;9908;14;;;9901.0;0.0
yf_ZC=F_d6;25000;INTARIAN_PEPPER_ROOT;10817;5;10814;17;;;10823;8;10826;21;;;10820.0;0.0
yf_ZC=F_d6;25100;ASH_COATED_OSMIUM;9898;19;9895;15;;;9904;8;9907;24;;;9901.0;0.0
yf_ZC=F_d6;25100;INTARIAN_PEPPER_ROOT;10819;24;10817;25;;;10826;20;10830;16;;;10822.5;0.0
yf_ZC=F_d6;25200;ASH_COATED_OSMIUM;9898;17;9894;25;;;9904;10;9907;20;;;9901.0;0.0
yf_ZC=F_d6;25200;INTARIAN_PEPPER_ROOT;10822;15;10818;21;;;10828;10;10832;30;;;10825.0;0.0
yf_ZC=F_d6;25300;ASH_COATED_OSMIUM;9898;23;9895;19;;;9904;12;9907;20;;;9901.0;0.0
yf_ZC=F_d6;25300;INTARIAN_PEPPER_ROOT;10823;17;10821;15;;;10829;9;10831;19;;;10826.0;0.0
yf_ZC=F_d6;25400;ASH_COATED_OSMIUM;9898;15;9894;11;;;9904;14;9906;23;;;9901.0;0.0
yf_ZC=F_d6;25400;INTARIAN_PEPPER_ROOT;10824;17;10822;25;;;10834;5;10836;18;;;10829.0;0.0
yf_ZC=F_d6;25500;ASH_COATED_OSMIUM;9894;12;9892;13;;;9909;14;9912;13;;;9901.5;0.0
yf_ZC=F_d6;25500;INTARIAN_PEPPER_ROOT;10828;11;10826;25;;;10834;25;10836;18;;;10831.0;0.0
yf_ZC=F_d6;25600;ASH_COATED_OSMIUM;9898;12;9896;12;;;9904;18;9908;20;;;9901.0;0.0
yf_ZC=F_d6;25600;INTARIAN_PEPPER_ROOT;10815;8;10813;21;;;10848;5;10850;16;;;10831.5;0.0
yf_ZC=F_d6;25700;ASH_COATED_OSMIUM;9895;17;9892;25;;;9907;22;9909;21;;;9901.0;0.0
yf_ZC=F_d6;25700;INTARIAN_PEPPER_ROOT;10831;13;10829;16;;;10838;17;10841;15;;;10834.5;0.0
yf_ZC=F_d6;25800;ASH_COATED_OSMIUM;9897;20;9894;22;;;9904;17;9906;19;;;9900.5;0.0
yf_ZC=F_d6;25800;INTARIAN_PEPPER_ROOT;10833;6;10829;29;;;10839;22;10842;21;;;10836.0;0.0
yf_ZC=F_d6;25900;ASH_COATED_OSMIUM;9898;16;9894;27;;;9904;17;9908;25;;;9901.0;0.0
yf_ZC=F_d6;25900;INTARIAN_PEPPER_ROOT;10835;6;10832;18;;;10841;10;10843;25;;;10838.0;0.0
yf_ZC=F_d6;26000;ASH_COATED_OSMIUM;9898;15;9896;19;;;9904;9;9907;20;;;9901.0;0.0
yf_ZC=F_d6;26000;INTARIAN_PEPPER_ROOT;10837;10;10834;19;;;10843;15;10845;15;;;10840.0;0.0
yf_ZC=F_d6;26100;ASH_COATED_OSMIUM;9898;5;9896;18;;;9906;27;9908;12;;;9902.0;0.0
yf_ZC=F_d6;26100;INTARIAN_PEPPER_ROOT;10839;23;10836;16;;;10845;5;10848;11;;;10842.0;0.0
yf_ZC=F_d6;26200;ASH_COATED_OSMIUM;9898;11;9894;15;;;9904;14;9907;20;;;9901.0;0.0
yf_ZC=F_d6;26200;INTARIAN_PEPPER_ROOT;10840;15;10838;22;;;10846;13;10850;18;;;10843.0;0.0
yf_ZC=F_d6;26300;ASH_COATED_OSMIUM;9898;13;9896;22;;;9904;16;9907;24;;;9901.0;0.0
yf_ZC=F_d6;26300;INTARIAN_PEPPER_ROOT;10842;6;10839;9;;;10848;14;10850;23;;;10845.0;0.0
yf_ZC=F_d6;26400;ASH_COATED_OSMIUM;9898;12;9896;18;;;9904;24;9906;27;;;9901.0;0.0
yf_ZC=F_d6;26400;INTARIAN_PEPPER_ROOT;10834;18;10832;15;;;10861;22;10865;13;;;10847.5;0.0
yf_ZC=F_d6;26500;ASH_COATED_OSMIUM;9898;14;9894;24;;;9904;10;9908;17;;;9901.0;0.0
yf_ZC=F_d6;26500;INTARIAN_PEPPER_ROOT;10845;19;10843;19;;;10853;12;10857;17;;;10849.0;0.0
yf_ZC=F_d6;26600;ASH_COATED_OSMIUM;9897;14;9895;24;;;9906;23;9910;13;;;9901.5;0.0
yf_ZC=F_d6;26600;INTARIAN_PEPPER_ROOT;10848;18;10844;21;;;10854;9;10856;26;;;10851.0;0.0
yf_ZC=F_d6;26700;ASH_COATED_OSMIUM;9898;15;9895;28;;;9904;15;9907;18;;;9901.0;0.0
yf_ZC=F_d6;26700;INTARIAN_PEPPER_ROOT;10850;16;10848;24;;;10856;18;10858;18;;;10853.0;0.0
yf_ZC=F_d6;26800;ASH_COATED_OSMIUM;9884;13;9882;21;;;9915;14;9918;17;;;9899.5;0.0
yf_ZC=F_d6;26800;INTARIAN_PEPPER_ROOT;10848;15;10846;23;;;10863;15;10866;14;;;10855.5;0.0
yf_ZC=F_d6;26900;ASH_COATED_OSMIUM;9898;21;9894;22;;;9904;15;9908;25;;;9901.0;0.0
yf_ZC=F_d6;26900;INTARIAN_PEPPER_ROOT;10853;17;10850;26;;;10859;22;10861;17;;;10856.0;0.0
yf_ZC=F_d6;27000;ASH_COATED_OSMIUM;9897;11;9895;21;;;9903;14;9905;23;;;9900.0;0.0
yf_ZC=F_d6;27000;INTARIAN_PEPPER_ROOT;10854;8;10850;18;;;10864;16;10868;13;;;10859.0;0.0
yf_ZC=F_d6;27100;ASH_COATED_OSMIUM;9897;22;9894;19;;;9903;10;9907;20;;;9900.0;0.0
yf_ZC=F_d6;27100;INTARIAN_PEPPER_ROOT;10857;8;10854;25;;;10863;19;10867;26;;;10860.0;0.0
yf_ZC=F_d6;27200;ASH_COATED_OSMIUM;9897;11;9894;19;;;9903;19;9905;17;;;9900.0;0.0
yf_ZC=F_d6;27200;INTARIAN_PEPPER_ROOT;10860;17;10857;18;;;10866;20;10870;20;;;10863.0;0.0
yf_ZC=F_d6;27300;ASH_COATED_OSMIUM;9898;18;9894;13;;;9904;21;9906;18;;;9901.0;0.0
yf_ZC=F_d6;27300;INTARIAN_PEPPER_ROOT;10861;19;10858;12;;;10867;11;10871;25;;;10864.0;0.0
yf_ZC=F_d6;27400;ASH_COATED_OSMIUM;9892;15;9890;22;;;9908;5;9912;22;;;9900.0;0.0
yf_ZC=F_d6;27400;INTARIAN_PEPPER_ROOT;10863;18;10861;15;;;10869;10;10872;23;;;10866.0;0.0
yf_ZC=F_d6;27500;ASH_COATED_OSMIUM;9895;12;9891;15;;;9907;11;9909;24;;;9901.0;0.0
yf_ZC=F_d6;27500;INTARIAN_PEPPER_ROOT;10864;17;10860;17;;;10871;11;10875;20;;;10867.5;0.0
yf_ZC=F_d6;27600;ASH_COATED_OSMIUM;9892;21;9890;17;;;9910;9;9914;17;;;9901.0;0.0
yf_ZC=F_d6;27600;INTARIAN_PEPPER_ROOT;10867;18;10865;22;;;10873;5;10875;27;;;10870.0;0.0
yf_ZC=F_d6;27700;ASH_COATED_OSMIUM;9898;17;9894;16;;;9904;12;9906;22;;;9901.0;0.0
yf_ZC=F_d6;27700;INTARIAN_PEPPER_ROOT;10862;12;10858;13;;;10880;20;10884;19;;;10871.0;0.0
yf_ZC=F_d6;27800;ASH_COATED_OSMIUM;9897;20;9895;20;;;9903;16;9907;24;;;9900.0;0.0
yf_ZC=F_d6;27800;INTARIAN_PEPPER_ROOT;10861;10;10858;23;;;10885;18;10889;15;;;10873.0;0.0
yf_ZC=F_d6;27900;ASH_COATED_OSMIUM;9895;16;9892;21;;;9907;16;9911;9;;;9901.0;0.0
yf_ZC=F_d6;27900;INTARIAN_PEPPER_ROOT;10872;15;10868;18;;;10878;6;10882;16;;;10875.0;0.0
yf_ZC=F_d6;28000;ASH_COATED_OSMIUM;9895;10;9893;17;;;9907;21;9910;16;;;9901.0;0.0
yf_ZC=F_d6;28000;INTARIAN_PEPPER_ROOT;10872;22;10869;12;;;10884;11;10886;8;;;10878.0;0.0
yf_ZC=F_d6;28100;ASH_COATED_OSMIUM;9897;11;9895;22;;;9903;6;9907;19;;;9900.0;0.0
yf_ZC=F_d6;28100;INTARIAN_PEPPER_ROOT;10876;11;10872;20;;;10883;12;10885;23;;;10879.5;0.0
yf_ZC=F_d6;28200;ASH_COATED_OSMIUM;9898;17;9895;25;;;9904;17;9907;25;;;9901.0;0.0
yf_ZC=F_d6;28200;INTARIAN_PEPPER_ROOT;10878;21;10874;20;;;10884;12;10887;19;;;10881.0;0.0
yf_ZC=F_d6;28300;ASH_COATED_OSMIUM;9897;17;9894;19;;;9903;8;9905;26;;;9900.0;0.0
yf_ZC=F_d6;28300;INTARIAN_PEPPER_ROOT;10880;8;10876;35;;;10886;14;10888;15;;;10883.0;0.0
yf_ZC=F_d6;28400;ASH_COATED_OSMIUM;9897;10;9893;25;;;9904;18;9908;8;;;9900.5;0.0
yf_ZC=F_d6;28400;INTARIAN_PEPPER_ROOT;10881;11;10878;22;;;10889;15;10893;22;;;10885.0;0.0
yf_ZC=F_d6;28500;ASH_COATED_OSMIUM;9897;26;9894;18;;;9903;14;9905;28;;;9900.0;0.0
yf_ZC=F_d6;28500;INTARIAN_PEPPER_ROOT;10877;18;10873;28;;;10897;23;10899;21;;;10887.0;0.0
yf_ZC=F_d6;28600;ASH_COATED_OSMIUM;9896;20;9893;16;;;9904;17;9908;28;;;9900.0;0.0
yf_ZC=F_d6;28600;INTARIAN_PEPPER_ROOT;10885;20;10882;15;;;10891;10;10893;18;;;10888.0;0.0
yf_ZC=F_d6;28700;ASH_COATED_OSMIUM;9896;13;9893;17;;;9905;21;9909;27;;;9900.5;0.0
yf_ZC=F_d6;28700;INTARIAN_PEPPER_ROOT;10876;13;10874;13;;;10905;20;10907;22;;;10890.5;0.0
yf_ZC=F_d6;28800;ASH_COATED_OSMIUM;9896;13;9892;19;;;9905;21;9909;16;;;9900.5;0.0
yf_ZC=F_d6;28800;INTARIAN_PEPPER_ROOT;10889;10;10885;20;;;10897;20;10899;14;;;10893.0;0.0
yf_ZC=F_d6;28900;ASH_COATED_OSMIUM;9897;18;9893;24;;;9903;18;9906;20;;;9900.0;0.0
yf_ZC=F_d6;28900;INTARIAN_PEPPER_ROOT;10891;22;10887;17;;;10897;11;10900;22;;;10894.0;0.0
yf_ZC=F_d6;29000;ASH_COATED_OSMIUM;9897;20;9893;19;;;9903;15;9905;20;;;9900.0;0.0
yf_ZC=F_d6;29000;INTARIAN_PEPPER_ROOT;10893;23;10890;23;;;10899;20;10901;16;;;10896.0;0.0
yf_ZC=F_d6;29100;ASH_COATED_OSMIUM;9897;17;9894;14;;;9903;16;9906;20;;;9900.0;0.0
yf_ZC=F_d6;29100;INTARIAN_PEPPER_ROOT;10895;6;10892;22;;;10902;7;10904;21;;;10898.5;0.0
yf_ZC=F_d6;29200;ASH_COATED_OSMIUM;9895;10;9893;29;;;9904;17;9908;14;;;9899.5;0.0
yf_ZC=F_d6;29200;INTARIAN_PEPPER_ROOT;10897;16;10895;22;;;10903;17;10905;11;;;10900.0;0.0
yf_ZC=F_d6;29300;ASH_COATED_OSMIUM;9888;8;9884;23;;;9912;20;9914;15;;;9900.0;0.0
yf_ZC=F_d6;29300;INTARIAN_PEPPER_ROOT;10899;15;10897;15;;;10905;20;10909;15;;;10902.0;0.0
yf_ZC=F_d6;29400;ASH_COATED_OSMIUM;9877;11;9873;27;;;9925;22;9928;14;;;9901.0;0.0
yf_ZC=F_d6;29400;INTARIAN_PEPPER_ROOT;10900;15;10896;23;;;10908;14;10912;22;;;10904.0;0.0
yf_ZC=F_d6;29500;ASH_COATED_OSMIUM;9895;10;9891;19;;;9906;20;9908;15;;;9900.5;0.0
yf_ZC=F_d6;29500;INTARIAN_PEPPER_ROOT;10902;14;10898;29;;;10910;18;10914;25;;;10906.0;0.0
yf_ZC=F_d6;29600;ASH_COATED_OSMIUM;9888;24;9884;25;;;9913;11;9917;22;;;9900.5;0.0
yf_ZC=F_d6;29600;INTARIAN_PEPPER_ROOT;10904;20;10900;22;;;10910;20;10914;16;;;10907.0;0.0
yf_ZC=F_d6;29700;ASH_COATED_OSMIUM;9897;8;9894;22;;;9903;14;9907;13;;;9900.0;0.0
yf_ZC=F_d6;29700;INTARIAN_PEPPER_ROOT;10901;24;10898;25;;;10917;14;10920;16;;;10909.0;0.0
yf_ZC=F_d6;29800;ASH_COATED_OSMIUM;9895;12;9891;19;;;9906;22;9908;19;;;9900.5;0.0
yf_ZC=F_d6;29800;INTARIAN_PEPPER_ROOT;10901;10;10899;26;;;10921;8;10924;19;;;10911.0;0.0
yf_ZC=F_d6;29900;ASH_COATED_OSMIUM;9897;20;9893;8;;;9903;15;9906;31;;;9900.0;0.0
yf_ZC=F_d6;29900;INTARIAN_PEPPER_ROOT;10910;14;10908;13;;;10916;11;10920;19;;;10913.0;0.0
yf_ZC=F_d6;30000;ASH_COATED_OSMIUM;9897;13;9893;21;;;9903;7;9905;32;;;9900.0;0.0
yf_ZC=F_d6;30000;INTARIAN_PEPPER_ROOT;10912;9;10910;17;;;10918;27;10922;26;;;10915.0;0.0
yf_ZC=F_d6;30100;ASH_COATED_OSMIUM;9897;8;9893;22;;;9903;18;9906;22;;;9900.0;0.0
yf_ZC=F_d6;30100;INTARIAN_PEPPER_ROOT;10913;16;10910;24;;;10919;14;10921;15;;;10916.0;0.0
yf_ZC=F_d6;30200;ASH_COATED_OSMIUM;9897;18;9895;12;;;9903;10;9905;16;;;9900.0;0.0
yf_ZC=F_d6;30200;INTARIAN_PEPPER_ROOT;10916;18;10913;21;;;10922;14;10924;22;;;10919.0;0.0
yf_ZC=F_d6;30300;ASH_COATED_OSMIUM;9897;11;9895;14;;;9903;7;9905;23;;;9900.0;0.0
yf_ZC=F_d6;30300;INTARIAN_PEPPER_ROOT;10918;13;10915;16;;;10924;14;10928;19;;;10921.0;0.0
yf_ZC=F_d6;30400;ASH_COATED_OSMIUM;9897;8;9895;12;;;9903;15;9906;11;;;9900.0;0.0
yf_ZC=F_d6;30400;INTARIAN_PEPPER_ROOT;10917;5;10913;20;;;10928;8;10931;15;;;10922.5;0.0
yf_ZC=F_d6;30500;ASH_COATED_OSMIUM;9895;11;9891;21;;;9905;6;9908;20;;;9900.0;0.0
yf_ZC=F_d6;30500;INTARIAN_PEPPER_ROOT;10910;13;10907;28;;;10939;7;10942;25;;;10924.5;0.0
yf_ZC=F_d6;30600;ASH_COATED_OSMIUM;9897;20;9895;24;;;9903;16;9905;16;;;9900.0;0.0
yf_ZC=F_d6;30600;INTARIAN_PEPPER_ROOT;10923;12;10921;16;;;10929;7;10933;22;;;10926.0;0.0
yf_ZC=F_d6;30700;ASH_COATED_OSMIUM;9897;5;9895;20;;;9903;18;9906;20;;;9900.0;0.0
yf_ZC=F_d6;30700;INTARIAN_PEPPER_ROOT;10925;11;10922;13;;;10931;16;10934;23;;;10928.0;0.0
yf_ZC=F_d6;30800;ASH_COATED_OSMIUM;9897;7;9894;20;;;9903;18;9905;10;;;9900.0;0.0
yf_ZC=F_d6;30800;INTARIAN_PEPPER_ROOT;10927;12;10925;22;;;10933;18;10937;17;;;10930.0;0.0
yf_ZC=F_d6;30900;ASH_COATED_OSMIUM;9897;14;9895;23;;;9904;11;9907;24;;;9900.5;0.0
yf_ZC=F_d6;30900;INTARIAN_PEPPER_ROOT;10929;19;10925;22;;;10935;14;10939;21;;;10932.0;0.0
yf_ZC=F_d6;31000;ASH_COATED_OSMIUM;9896;20;9893;24;;;9904;21;9908;22;;;9900.0;0.0
yf_ZC=F_d6;31000;INTARIAN_PEPPER_ROOT;10930;9;10926;22;;;10938;10;10941;8;;;10934.0;0.0
yf_ZC=F_d6;31100;ASH_COATED_OSMIUM;9897;16;9895;26;;;9903;5;9905;23;;;9900.0;0.0
yf_ZC=F_d6;31100;INTARIAN_PEPPER_ROOT;10928;13;10924;9;;;10943;20;10946;26;;;10935.5;0.0
yf_ZC=F_d6;31200;ASH_COATED_OSMIUM;9892;19;9889;11;;;9908;20;9910;18;;;9900.0;0.0
yf_ZC=F_d6;31200;INTARIAN_PEPPER_ROOT;10934;15;10932;19;;;10940;13;10942;24;;;10937.0;0.0
yf_ZC=F_d6;31300;ASH_COATED_OSMIUM;9895;13;9891;22;;;9905;17;9909;9;;;9900.0;0.0
yf_ZC=F_d6;31300;INTARIAN_PEPPER_ROOT;10930;19;10927;21;;;10947;22;10949;17;;;10938.5;0.0
yf_ZC=F_d6;31400;ASH_COATED_OSMIUM;9893;9;9889;16;;;9907;12;9910;20;;;9900.0;0.0
yf_ZC=F_d6;31400;INTARIAN_PEPPER_ROOT;10938;11;10936;17;;;10944;25;10948;21;;;10941.0;0.0
yf_ZC=F_d6;31500;ASH_COATED_OSMIUM;9895;23;9892;26;;;9906;15;9910;18;;;9900.5;0.0
yf_ZC=F_d6;31500;INTARIAN_PEPPER_ROOT;10940;15;10938;23;;;10947;5;10950;23;;;10943.5;0.0
yf_ZC=F_d6;31600;ASH_COATED_OSMIUM;9897;13;9895;19;;;9903;22;9906;18;;;9900.0;0.0
yf_ZC=F_d6;31600;INTARIAN_PEPPER_ROOT;10942;11;10940;24;;;10948;12;10950;24;;;10945.0;0.0
yf_ZC=F_d6;31700;ASH_COATED_OSMIUM;9895;21;9891;25;;;9906;10;9910;20;;;9900.5;0.0
yf_ZC=F_d6;31700;INTARIAN_PEPPER_ROOT;10942;12;10938;19;;;10951;16;10953;30;;;10946.5;0.0
yf_ZC=F_d6;31800;ASH_COATED_OSMIUM;9897;8;9895;19;;;9903;15;9906;27;;;9900.0;0.0
yf_ZC=F_d6;31800;INTARIAN_PEPPER_ROOT;10940;21;10936;24;;;10957;16;10961;27;;;10948.5;0.0
yf_ZC=F_d6;31900;ASH_COATED_OSMIUM;9897;15;9895;25;;;9903;17;9907;26;;;9900.0;0.0
yf_ZC=F_d6;31900;INTARIAN_PEPPER_ROOT;10947;19;10944;19;;;10953;15;10957;16;;;10950.0;0.0
yf_ZC=F_d6;32000;ASH_COATED_OSMIUM;9897;12;9894;28;;;9903;20;9906;10;;;9900.0;0.0
yf_ZC=F_d6;32000;INTARIAN_PEPPER_ROOT;10949;9;10946;21;;;10955;12;10958;16;;;10952.0;0.0
yf_ZC=F_d6;32100;ASH_COATED_OSMIUM;9897;21;9893;22;;;9903;17;9906;8;;;9900.0;0.0
yf_ZC=F_d6;32100;INTARIAN_PEPPER_ROOT;10942;9;10938;23;;;10965;15;10967;23;;;10953.5;0.0
yf_ZC=F_d6;32200;ASH_COATED_OSMIUM;9897;11;9895;8;;;9904;20;9908;8;;;9900.5;0.0
yf_ZC=F_d6;32200;INTARIAN_PEPPER_ROOT;10951;7;10947;22;;;10960;23;10964;23;;;10955.5;0.0
yf_ZC=F_d6;32300;ASH_COATED_OSMIUM;9897;16;9895;26;;;9903;10;9905;26;;;9900.0;0.0
yf_ZC=F_d6;32300;INTARIAN_PEPPER_ROOT;10955;14;10952;8;;;10961;22;10963;29;;;10958.0;0.0
yf_ZC=F_d6;32400;ASH_COATED_OSMIUM;9897;19;9893;20;;;9903;17;9906;26;;;9900.0;0.0
yf_ZC=F_d6;32400;INTARIAN_PEPPER_ROOT;10955;19;10952;14;;;10964;19;10968;18;;;10959.5;0.0
yf_ZC=F_d6;32500;ASH_COATED_OSMIUM;9894;12;9891;18;;;9906;9;9908;15;;;9900.0;0.0
yf_ZC=F_d6;32500;INTARIAN_PEPPER_ROOT;10956;19;10952;25;;;10967;17;10970;21;;;10961.5;0.0
yf_ZC=F_d6;32600;ASH_COATED_OSMIUM;9897;16;9895;19;;;9903;15;9907;24;;;9900.0;0.0
yf_ZC=F_d6;32600;INTARIAN_PEPPER_ROOT;10961;14;10957;22;;;10967;24;10969;24;;;10964.0;0.0
yf_ZC=F_d6;32700;ASH_COATED_OSMIUM;9894;9;9890;11;;;9905;9;9909;16;;;9899.5;0.0
yf_ZC=F_d6;32700;INTARIAN_PEPPER_ROOT;10963;10;10960;27;;;10969;19;10973;9;;;10966.0;0.0
yf_ZC=F_d6;32800;ASH_COATED_OSMIUM;9897;11;9895;20;;;9903;9;9905;19;;;9900.0;0.0
yf_ZC=F_d6;32800;INTARIAN_PEPPER_ROOT;10962;10;10960;18;;;10973;15;10977;25;;;10967.5;0.0
yf_ZC=F_d6;32900;ASH_COATED_OSMIUM;9897;21;9895;21;;;9903;12;9907;30;;;9900.0;0.0
yf_ZC=F_d6;32900;INTARIAN_PEPPER_ROOT;10966;18;10963;15;;;10972;10;10974;21;;;10969.0;0.0
yf_ZC=F_d6;33000;ASH_COATED_OSMIUM;9897;19;9895;27;;;9903;10;9905;14;;;9900.0;0.0
yf_ZC=F_d6;33000;INTARIAN_PEPPER_ROOT;10968;26;10964;22;;;10974;7;10977;14;;;10971.0;0.0
yf_ZC=F_d6;33100;ASH_COATED_OSMIUM;9879;14;9875;23;;;9919;10;9923;22;;;9899.0;0.0
yf_ZC=F_d6;33100;INTARIAN_PEPPER_ROOT;10970;5;10967;26;;;10976;17;10978;27;;;10973.0;0.0
yf_ZC=F_d6;33200;ASH_COATED_OSMIUM;9897;15;9894;15;;;9903;13;9907;16;;;9900.0;0.0
yf_ZC=F_d6;33200;INTARIAN_PEPPER_ROOT;10967;23;10964;16;;;10984;9;10987;26;;;10975.5;0.0
yf_ZC=F_d6;33300;ASH_COATED_OSMIUM;9897;13;9895;14;;;9903;14;9907;10;;;9900.0;0.0
yf_ZC=F_d6;33300;INTARIAN_PEPPER_ROOT;10973;16;10970;20;;;10979;13;10981;14;;;10976.0;0.0
yf_ZC=F_d6;33400;ASH_COATED_OSMIUM;9896;13;9893;21;;;9905;17;9908;17;;;9900.5;0.0
yf_ZC=F_d6;33400;INTARIAN_PEPPER_ROOT;10976;23;10973;17;;;10982;15;10986;30;;;10979.0;0.0
yf_ZC=F_d6;33500;ASH_COATED_OSMIUM;9893;21;9889;21;;;9906;8;9908;13;;;9899.5;0.0
yf_ZC=F_d6;33500;INTARIAN_PEPPER_ROOT;10977;10;10973;25;;;10983;22;10986;18;;;10980.0;0.0
yf_ZC=F_d6;33600;ASH_COATED_OSMIUM;9895;8;9891;21;;;9905;9;9909;15;;;9900.0;0.0
yf_ZC=F_d6;33600;INTARIAN_PEPPER_ROOT;10980;10;10978;13;;;10987;15;10991;15;;;10983.5;0.0
yf_ZC=F_d6;33700;ASH_COATED_OSMIUM;9897;9;9893;15;;;9903;16;9907;24;;;9900.0;0.0
yf_ZC=F_d6;33700;INTARIAN_PEPPER_ROOT;10977;14;10974;12;;;10991;19;10994;15;;;10984.0;0.0
yf_ZC=F_d6;33800;ASH_COATED_OSMIUM;9896;5;9892;14;;;9902;15;9906;16;;;9899.0;0.0
yf_ZC=F_d6;33800;INTARIAN_PEPPER_ROOT;10977;8;10973;14;;;10995;16;10999;29;;;10986.0;0.0
yf_ZC=F_d6;33900;ASH_COATED_OSMIUM;9890;24;9888;16;;;9910;13;9913;23;;;9900.0;0.0
yf_ZC=F_d6;33900;INTARIAN_PEPPER_ROOT;10985;13;10981;25;;;10991;19;10993;13;;;10988.0;0.0
yf_ZC=F_d6;34000;ASH_COATED_OSMIUM;9897;7;9894;14;;;9903;15;9907;22;;;9900.0;0.0
yf_ZC=F_d6;34000;INTARIAN_PEPPER_ROOT;10985;10;10983;21;;;10991;15;10995;22;;;10988.0;0.0
yf_ZC=F_d6;34100;ASH_COATED_OSMIUM;9896;17;9894;24;;;9902;7;9906;20;;;9899.0;0.0
yf_ZC=F_d6;34100;INTARIAN_PEPPER_ROOT;10985;14;10982;22;;;10991;14;10993;15;;;10988.0;0.0
yf_ZC=F_d6;34200;ASH_COATED_OSMIUM;9897;15;9895;20;;;9903;16;9907;16;;;9900.0;0.0
yf_ZC=F_d6;34200;INTARIAN_PEPPER_ROOT;10983;20;10979;18;;;10993;19;10995;15;;;10988.0;0.0
yf_ZC=F_d6;34300;ASH_COATED_OSMIUM;9897;13;9893;16;;;9903;13;9906;16;;;9900.0;0.0
yf_ZC=F_d6;34300;INTARIAN_PEPPER_ROOT;10985;16;10981;21;;;10991;11;10994;13;;;10988.0;0.0
yf_ZC=F_d6;34400;ASH_COATED_OSMIUM;9896;9;9892;20;;;9902;14;9906;26;;;9899.0;0.0
yf_ZC=F_d6;34400;INTARIAN_PEPPER_ROOT;10985;16;10981;17;;;10991;10;10994;15;;;10988.0;0.0
yf_ZC=F_d6;34500;ASH_COATED_OSMIUM;9894;14;9890;26;;;9905;12;9909;16;;;9899.5;0.0
yf_ZC=F_d6;34500;INTARIAN_PEPPER_ROOT;10985;14;10981;20;;;10991;19;10994;16;;;10988.0;0.0
yf_ZC=F_d6;34600;ASH_COATED_OSMIUM;9896;15;9894;21;;;9903;23;9905;13;;;9899.5;0.0
yf_ZC=F_d6;34600;INTARIAN_PEPPER_ROOT;10985;11;10982;26;;;10991;8;10994;22;;;10988.0;0.0
yf_ZC=F_d6;34700;ASH_COATED_OSMIUM;9896;16;9892;26;;;9902;19;9905;21;;;9899.0;0.0
yf_ZC=F_d6;34700;INTARIAN_PEPPER_ROOT;10985;12;10981;22;;;10991;8;10993;22;;;10988.0;0.0
yf_ZC=F_d6;34800;ASH_COATED_OSMIUM;9897;13;9894;15;;;9904;16;9908;22;;;9900.5;0.0
yf_ZC=F_d6;34800;INTARIAN_PEPPER_ROOT;10985;20;10981;30;;;10991;20;10995;16;;;10988.0;0.0
yf_ZC=F_d6;34900;ASH_COATED_OSMIUM;9889;18;9887;25;;;9911;24;9914;29;;;9900.0;0.0
yf_ZC=F_d6;34900;INTARIAN_PEPPER_ROOT;10983;19;10980;15;;;10994;6;10997;16;;;10988.5;0.0
yf_ZC=F_d6;35000;ASH_COATED_OSMIUM;9897;13;9895;17;;;9903;24;9905;24;;;9900.0;0.0
yf_ZC=F_d6;35000;INTARIAN_PEPPER_ROOT;10985;12;10983;21;;;10992;19;10995;24;;;10988.5;0.0
yf_ZC=F_d6;35100;ASH_COATED_OSMIUM;9896;21;9892;20;;;9904;19;9907;28;;;9900.0;0.0
yf_ZC=F_d6;35100;INTARIAN_PEPPER_ROOT;10978;15;10975;13;;;10998;16;11002;8;;;10988.0;0.0
yf_ZC=F_d6;35200;ASH_COATED_OSMIUM;9897;13;9893;19;;;9903;16;9905;20;;;9900.0;0.0
yf_ZC=F_d6;35200;INTARIAN_PEPPER_ROOT;10985;21;10982;14;;;10991;8;10993;14;;;10988.0;0.0
yf_ZC=F_d6;35300;ASH_COATED_OSMIUM;9897;10;9894;8;;;9903;8;9907;24;;;9900.0;0.0
yf_ZC=F_d6;35300;INTARIAN_PEPPER_ROOT;10980;12;10977;21;;;10997;20;11001;18;;;10988.5;0.0
yf_ZC=F_d6;35400;ASH_COATED_OSMIUM;9897;11;9893;22;;;9903;14;9905;15;;;9900.0;0.0
yf_ZC=F_d6;35400;INTARIAN_PEPPER_ROOT;10986;15;10984;17;;;10992;19;10996;27;;;10989.0;0.0
yf_ZC=F_d6;35500;ASH_COATED_OSMIUM;9896;13;9894;15;;;9905;20;9908;30;;;9900.5;0.0
yf_ZC=F_d6;35500;INTARIAN_PEPPER_ROOT;10986;17;10984;19;;;10992;11;10995;18;;;10989.0;0.0
yf_ZC=F_d6;35600;ASH_COATED_OSMIUM;9897;7;9893;23;;;9903;12;9906;23;;;9900.0;0.0
yf_ZC=F_d6;35600;INTARIAN_PEPPER_ROOT;10986;7;10982;14;;;10992;10;10996;17;;;10989.0;0.0
yf_ZC=F_d6;35700;ASH_COATED_OSMIUM;9892;16;9889;15;;;9908;10;9912;17;;;9900.0;0.0
yf_ZC=F_d6;35700;INTARIAN_PEPPER_ROOT;10987;17;10985;14;;;10993;6;10996;23;;;10990.0;0.0
yf_ZC=F_d6;35800;ASH_COATED_OSMIUM;9883;14;9879;21;;;9917;13;9920;20;;;9900.0;0.0
yf_ZC=F_d6;35800;INTARIAN_PEPPER_ROOT;10985;11;10981;21;;;10993;14;10995;20;;;10989.0;0.0
yf_ZC=F_d6;35900;ASH_COATED_OSMIUM;9894;12;9890;10;;;9908;6;9912;22;;;9901.0;0.0
yf_ZC=F_d6;35900;INTARIAN_PEPPER_ROOT;10982;14;10980;18;;;10997;6;10999;23;;;10989.5;0.0
yf_ZC=F_d6;36000;ASH_COATED_OSMIUM;9898;10;9895;28;;;9904;12;9908;15;;;9901.0;0.0
yf_ZC=F_d6;36000;INTARIAN_PEPPER_ROOT;10986;5;10982;21;;;10992;16;10996;20;;;10989.0;0.0
yf_ZC=F_d6;36100;ASH_COATED_OSMIUM;9898;15;9896;14;;;9904;18;9908;22;;;9901.0;0.0
yf_ZC=F_d6;36100;INTARIAN_PEPPER_ROOT;10986;16;10984;13;;;10992;6;10994;15;;;10989.0;0.0
yf_ZC=F_d6;36200;ASH_COATED_OSMIUM;9898;14;9894;21;;;9904;15;9908;26;;;9901.0;0.0
yf_ZC=F_d6;36200;INTARIAN_PEPPER_ROOT;10986;19;10982;20;;;10992;16;10996;16;;;10989.0;0.0
yf_ZC=F_d6;36300;ASH_COATED_OSMIUM;9898;15;9895;22;;;9904;8;9908;21;;;9901.0;0.0
yf_ZC=F_d6;36300;INTARIAN_PEPPER_ROOT;10985;15;10983;20;;;10994;21;10997;17;;;10989.5;0.0
yf_ZC=F_d6;36400;ASH_COATED_OSMIUM;9892;18;9888;20;;;9910;12;9912;27;;;9901.0;0.0
yf_ZC=F_d6;36400;INTARIAN_PEPPER_ROOT;10987;20;10983;28;;;10993;13;10997;21;;;10990.0;0.0
yf_ZC=F_d6;36500;ASH_COATED_OSMIUM;9897;20;9894;11;;;9905;8;9907;18;;;9901.0;0.0
yf_ZC=F_d6;36500;INTARIAN_PEPPER_ROOT;10985;10;10981;19;;;10993;20;10997;20;;;10989.0;0.0
yf_ZC=F_d6;36600;ASH_COATED_OSMIUM;9894;15;9892;18;;;9908;14;9912;23;;;9901.0;0.0
yf_ZC=F_d6;36600;INTARIAN_PEPPER_ROOT;10986;25;10982;15;;;10992;7;10994;20;;;10989.0;0.0
yf_ZC=F_d6;36700;ASH_COATED_OSMIUM;9898;16;9896;16;;;9904;24;9907;19;;;9901.0;0.0
yf_ZC=F_d6;36700;INTARIAN_PEPPER_ROOT;10987;12;10985;17;;;10993;12;10997;16;;;10990.0;0.0
yf_ZC=F_d6;36800;ASH_COATED_OSMIUM;9898;17;9894;18;;;9904;15;9906;20;;;9901.0;0.0
yf_ZC=F_d6;36800;INTARIAN_PEPPER_ROOT;10987;21;10984;25;;;10993;8;10997;18;;;10990.0;0.0
yf_ZC=F_d6;36900;ASH_COATED_OSMIUM;9898;21;9896;20;;;9904;15;9906;22;;;9901.0;0.0
yf_ZC=F_d6;36900;INTARIAN_PEPPER_ROOT;10987;8;10983;30;;;10993;16;10995;16;;;10990.0;0.0
yf_ZC=F_d6;37000;ASH_COATED_OSMIUM;9898;15;9896;15;;;9904;18;9907;18;;;9901.0;0.0
yf_ZC=F_d6;37000;INTARIAN_PEPPER_ROOT;10987;21;10985;17;;;10993;16;10996;24;;;10990.0;0.0
yf_ZC=F_d6;37100;ASH_COATED_OSMIUM;9895;13;9892;23;;;9907;9;9911;17;;;9901.0;0.0
yf_ZC=F_d6;37100;INTARIAN_PEPPER_ROOT;10986;5;10983;20;;;10993;20;10995;18;;;10989.5;0.0
yf_ZC=F_d6;37200;ASH_COATED_OSMIUM;9897;10;9895;28;;;9905;17;9907;27;;;9901.0;0.0
yf_ZC=F_d6;37200;INTARIAN_PEPPER_ROOT;10981;18;10979;24;;;10998;16;11001;12;;;10989.5;0.0
yf_ZC=F_d6;37300;ASH_COATED_OSMIUM;9898;15;9894;18;;;9904;15;9907;22;;;9901.0;0.0
yf_ZC=F_d6;37300;INTARIAN_PEPPER_ROOT;10987;5;10985;13;;;10993;16;10996;20;;;10990.0;0.0
yf_ZC=F_d6;37400;ASH_COATED_OSMIUM;9898;25;9895;18;;;9904;14;9908;14;;;9901.0;0.0
yf_ZC=F_d6;37400;INTARIAN_PEPPER_ROOT;10986;19;10983;18;;;10996;10;10998;18;;;10991.0;0.0
yf_ZC=F_d6;37500;ASH_COATED_OSMIUM;9891;12;9887;21;;;9912;25;9914;25;;;9901.5;0.0
yf_ZC=F_d6;37500;INTARIAN_PEPPER_ROOT;10973;12;10971;26;;;11008;20;11010;22;;;10990.5;0.0
yf_ZC=F_d6;37600;ASH_COATED_OSMIUM;9898;12;9894;19;;;9904;13;9908;30;;;9901.0;0.0
yf_ZC=F_d6;37600;INTARIAN_PEPPER_ROOT;10988;14;10984;20;;;10994;10;10998;16;;;10991.0;0.0
yf_ZC=F_d6;37700;ASH_COATED_OSMIUM;9892;11;9890;17;;;9912;13;9915;15;;;9902.0;0.0
yf_ZC=F_d6;37700;INTARIAN_PEPPER_ROOT;10983;11;10980;27;;;10996;9;11000;18;;;10989.5;0.0
yf_ZC=F_d6;37800;ASH_COATED_OSMIUM;9897;11;9893;19;;;9906;9;9908;19;;;9901.5;0.0
yf_ZC=F_d6;37800;INTARIAN_PEPPER_ROOT;10987;22;10985;21;;;10995;15;10999;17;;;10991.0;0.0
yf_ZC=F_d6;37900;ASH_COATED_OSMIUM;9898;12;9895;15;;;9904;13;9906;22;;;9901.0;0.0
yf_ZC=F_d6;37900;INTARIAN_PEPPER_ROOT;10980;16;10978;17;;;11001;18;11003;23;;;10990.5;0.0
yf_ZC=F_d6;38000;ASH_COATED_OSMIUM;9898;8;9896;13;;;9904;18;9907;19;;;9901.0;0.0
yf_ZC=F_d6;38000;INTARIAN_PEPPER_ROOT;10987;16;10985;20;;;10993;17;10997;27;;;10990.0;0.0
yf_ZC=F_d6;38100;ASH_COATED_OSMIUM;9898;11;9895;25;;;9904;6;9908;26;;;9901.0;0.0
yf_ZC=F_d6;38100;INTARIAN_PEPPER_ROOT;10987;25;10985;20;;;10993;14;10995;11;;;10990.0;0.0
yf_ZC=F_d6;38200;ASH_COATED_OSMIUM;9898;16;9894;11;;;9904;13;9907;23;;;9901.0;0.0
yf_ZC=F_d6;38200;INTARIAN_PEPPER_ROOT;10987;14;10984;11;;;10996;9;11000;8;;;10991.5;0.0
yf_ZC=F_d6;38300;ASH_COATED_OSMIUM;9898;20;9895;18;;;9904;10;9908;17;;;9901.0;0.0
yf_ZC=F_d6;38300;INTARIAN_PEPPER_ROOT;10980;5;10976;25;;;11001;12;11005;21;;;10990.5;0.0
yf_ZC=F_d6;38400;ASH_COATED_OSMIUM;9891;13;9889;21;;;9912;15;9916;15;;;9901.5;0.0
yf_ZC=F_d6;38400;INTARIAN_PEPPER_ROOT;10985;20;10982;22;;;10998;5;11000;22;;;10991.5;0.0
yf_ZC=F_d6;38500;ASH_COATED_OSMIUM;9892;16;9889;22;;;9910;17;9914;23;;;9901.0;0.0
yf_ZC=F_d6;38500;INTARIAN_PEPPER_ROOT;10988;24;10986;15;;;10994;16;10996;27;;;10991.0;0.0
yf_ZC=F_d6;38600;ASH_COATED_OSMIUM;9899;7;9897;16;;;9905;17;9907;20;;;9902.0;0.0
yf_ZC=F_d6;38600;INTARIAN_PEPPER_ROOT;10988;20;10984;15;;;10994;6;10996;31;;;10991.0;0.0
yf_ZC=F_d6;38700;ASH_COATED_OSMIUM;9899;12;9895;19;;;9905;5;9907;15;;;9902.0;0.0
yf_ZC=F_d6;38700;INTARIAN_PEPPER_ROOT;10987;11;10984;11;;;10995;7;10998;19;;;10991.0;0.0
yf_ZC=F_d6;38800;ASH_COATED_OSMIUM;9899;8;9897;21;;;9905;11;9907;23;;;9902.0;0.0
yf_ZC=F_d6;38800;INTARIAN_PEPPER_ROOT;10989;13;10987;16;;;10995;12;10999;18;;;10992.0;0.0
yf_ZC=F_d6;38900;ASH_COATED_OSMIUM;9899;13;9896;16;;;9905;10;9909;18;;;9902.0;0.0
yf_ZC=F_d6;38900;INTARIAN_PEPPER_ROOT;10987;14;10984;21;;;10996;19;11000;19;;;10991.5;0.0
yf_ZC=F_d6;39000;ASH_COATED_OSMIUM;9899;7;9896;20;;;9905;14;9909;15;;;9902.0;0.0
yf_ZC=F_d6;39000;INTARIAN_PEPPER_ROOT;10988;10;10986;16;;;10994;25;10997;17;;;10991.0;0.0
yf_ZC=F_d6;39100;ASH_COATED_OSMIUM;9899;26;9895;12;;;9905;13;9907;13;;;9902.0;0.0
yf_ZC=F_d6;39100;INTARIAN_PEPPER_ROOT;10988;7;10986;20;;;10994;20;10996;20;;;10991.0;0.0
yf_ZC=F_d6;39200;ASH_COATED_OSMIUM;9899;12;9897;19;;;9905;12;9909;22;;;9902.0;0.0
yf_ZC=F_d6;39200;INTARIAN_PEPPER_ROOT;10988;6;10984;20;;;10994;22;10997;27;;;10991.0;0.0
yf_ZC=F_d6;39300;ASH_COATED_OSMIUM;9893;15;9891;17;;;9909;16;9911;22;;;9901.0;0.0
yf_ZC=F_d6;39300;INTARIAN_PEPPER_ROOT;10985;7;10982;23;;;10998;20;11000;19;;;10991.5;0.0
yf_ZC=F_d6;39400;ASH_COATED_OSMIUM;9899;13;9896;13;;;9905;29;9907;17;;;9902.0;0.0
yf_ZC=F_d6;39400;INTARIAN_PEPPER_ROOT;10988;11;10986;11;;;10994;14;10996;17;;;10991.0;0.0
yf_ZC=F_d6;39500;ASH_COATED_OSMIUM;9900;22;9896;17;;;9906;15;9910;21;;;9903.0;0.0
yf_ZC=F_d6;39500;INTARIAN_PEPPER_ROOT;10983;22;10980;20;;;11001;19;11003;16;;;10992.0;0.0
yf_ZC=F_d6;39600;ASH_COATED_OSMIUM;9897;15;9894;23;;;9907;16;9910;20;;;9902.0;0.0
yf_ZC=F_d6;39600;INTARIAN_PEPPER_ROOT;10989;17;10985;18;;;10995;24;10999;18;;;10992.0;0.0
yf_ZC=F_d6;39700;ASH_COATED_OSMIUM;9880;13;9878;26;;;9925;18;9929;19;;;9902.5;0.0
yf_ZC=F_d6;39700;INTARIAN_PEPPER_ROOT;10986;8;10984;25;;;10998;9;11001;16;;;10992.0;0.0
yf_ZC=F_d6;39800;ASH_COATED_OSMIUM;9897;20;9893;24;;;9908;13;9912;17;;;9902.5;0.0
yf_ZC=F_d6;39800;INTARIAN_PEPPER_ROOT;10989;9;10985;20;;;10995;16;10999;23;;;10992.0;0.0
yf_ZC=F_d6;39900;ASH_COATED_OSMIUM;9900;20;9898;11;;;9906;12;9908;16;;;9903.0;0.0
yf_ZC=F_d6;39900;INTARIAN_PEPPER_ROOT;10989;11;10986;26;;;10995;10;10998;23;;;10992.0;0.0
yf_ZC=F_d6;40000;ASH_COATED_OSMIUM;9897;5;9895;13;;;9907;12;9910;12;;;9902.0;0.0
yf_ZC=F_d6;40000;INTARIAN_PEPPER_ROOT;10988;17;10985;32;;;10995;17;10997;19;;;10991.5;0.0
yf_ZC=F_d6;40100;ASH_COATED_OSMIUM;9894;17;9890;20;;;9910;16;9914;18;;;9902.0;0.0
yf_ZC=F_d6;40100;INTARIAN_PEPPER_ROOT;10989;7;10985;15;;;10995;16;10997;18;;;10992.0;0.0
yf_ZC=F_d6;40200;ASH_COATED_OSMIUM;9899;11;9895;14;;;9905;8;9907;20;;;9902.0;0.0
yf_ZC=F_d6;40200;INTARIAN_PEPPER_ROOT;10987;15;10983;15;;;10997;19;11001;21;;;10992.0;0.0
yf_ZC=F_d6;40300;ASH_COATED_OSMIUM;9897;12;9894;17;;;9909;5;9911;14;;;9903.0;0.0
yf_ZC=F_d6;40300;INTARIAN_PEPPER_ROOT;10989;15;10985;18;;;10995;17;10999;22;;;10992.0;0.0
yf_ZC=F_d6;40400;ASH_COATED_OSMIUM;9900;18;9898;18;;;9906;14;9908;16;;;9903.0;0.0
yf_ZC=F_d6;40400;INTARIAN_PEPPER_ROOT;10989;13;10987;10;;;10995;22;10998;25;;;10992.0;0.0
yf_ZC=F_d6;40500;ASH_COATED_OSMIUM;9896;20;9894;24;;;9909;15;9911;12;;;9902.5;0.0
yf_ZC=F_d6;40500;INTARIAN_PEPPER_ROOT;10989;12;10986;22;;;10995;10;10998;15;;;10992.0;0.0
yf_ZC=F_d6;40600;ASH_COATED_OSMIUM;9900;10;9896;15;;;9906;10;9908;15;;;9903.0;0.0
yf_ZC=F_d6;40600;INTARIAN_PEPPER_ROOT;10989;20;10987;18;;;10995;21;10997;22;;;10992.0;0.0
yf_ZC=F_d6;40700;ASH_COATED_OSMIUM;9900;11;9897;28;;;9906;21;9908;26;;;9903.0;0.0
yf_ZC=F_d6;40700;INTARIAN_PEPPER_ROOT;10990;17;10986;30;;;10996;7;11000;13;;;10993.0;0.0
yf_ZC=F_d6;40800;ASH_COATED_OSMIUM;9900;17;9898;13;;;9906;16;9908;21;;;9903.0;0.0
yf_ZC=F_d6;40800;INTARIAN_PEPPER_ROOT;10971;17;10967;17;;;11015;25;11018;18;;;10993.0;0.0
yf_ZC=F_d6;40900;ASH_COATED_OSMIUM;9890;16;9887;19;;;9916;13;9920;15;;;9903.0;0.0
yf_ZC=F_d6;40900;INTARIAN_PEPPER_ROOT;10982;18;10979;26;;;11003;9;11007;10;;;10992.5;0.0
yf_ZC=F_d6;41000;ASH_COATED_OSMIUM;9898;13;9895;19;;;9907;15;9909;16;;;9902.5;0.0
yf_ZC=F_d6;41000;INTARIAN_PEPPER_ROOT;10988;17;10984;20;;;10997;16;10999;14;;;10992.5;0.0
yf_ZC=F_d6;41100;ASH_COATED_OSMIUM;9899;12;9895;17;;;9905;25;9907;8;;;9902.0;0.0
yf_ZC=F_d6;41100;INTARIAN_PEPPER_ROOT;10990;16;10987;25;;;10996;19;10999;18;;;10993.0;0.0
yf_ZC=F_d6;41200;ASH_COATED_OSMIUM;9900;19;9896;9;;;9906;18;9910;18;;;9903.0;0.0
yf_ZC=F_d6;41200;INTARIAN_PEPPER_ROOT;10990;10;10988;24;;;10996;16;10998;19;;;10993.0;0.0
yf_ZC=F_d6;41300;ASH_COATED_OSMIUM;9900;19;9896;17;;;9906;22;9908;17;;;9903.0;0.0
yf_ZC=F_d6;41300;INTARIAN_PEPPER_ROOT;10990;12;10986;23;;;10996;22;11000;26;;;10993.0;0.0
yf_ZC=F_d6;41400;ASH_COATED_OSMIUM;9899;12;9897;8;;;9907;13;9910;23;;;9903.0;0.0
yf_ZC=F_d6;41400;INTARIAN_PEPPER_ROOT;10990;18;10986;24;;;10996;19;10999;15;;;10993.0;0.0
yf_ZC=F_d6;41500;ASH_COATED_OSMIUM;9900;18;9897;12;;;9906;18;9909;21;;;9903.0;0.0
yf_ZC=F_d6;41500;INTARIAN_PEPPER_ROOT;10990;14;10988;29;;;10996;16;11000;22;;;10993.0;0.0
yf_ZC=F_d6;41600;ASH_COATED_OSMIUM;9897;11;9893;12;;;9910;11;9913;17;;;9903.5;0.0
yf_ZC=F_d6;41600;INTARIAN_PEPPER_ROOT;10990;23;10987;23;;;10996;15;10998;13;;;10993.0;0.0
yf_ZC=F_d6;41700;ASH_COATED_OSMIUM;9900;10;9898;24;;;9906;14;9908;16;;;9903.0;0.0
yf_ZC=F_d6;41700;INTARIAN_PEPPER_ROOT;10990;16;10987;15;;;10996;9;10998;23;;;10993.0;0.0
yf_ZC=F_d6;41800;ASH_COATED_OSMIUM;9900;19;9896;16;;;9906;11;9909;18;;;9903.0;0.0
yf_ZC=F_d6;41800;INTARIAN_PEPPER_ROOT;10990;16;10987;30;;;10997;18;11001;14;;;10993.5;0.0
yf_ZC=F_d6;41900;ASH_COATED_OSMIUM;9901;15;9899;15;;;9907;20;9911;14;;;9904.0;0.0
yf_ZC=F_d6;41900;INTARIAN_PEPPER_ROOT;10990;10;10988;21;;;10996;13;11000;13;;;10993.0;0.0
yf_ZC=F_d6;42000;ASH_COATED_OSMIUM;9898;12;9896;19;;;9909;15;9911;20;;;9903.5;0.0
yf_ZC=F_d6;42000;INTARIAN_PEPPER_ROOT;10990;16;10986;20;;;10996;10;10998;25;;;10993.0;0.0
yf_ZC=F_d6;42100;ASH_COATED_OSMIUM;9901;16;9899;18;;;9907;5;9911;20;;;9904.0;0.0
yf_ZC=F_d6;42100;INTARIAN_PEPPER_ROOT;10989;14;10987;25;;;10998;15;11000;16;;;10993.5;0.0
yf_ZC=F_d6;42200;ASH_COATED_OSMIUM;9901;23;9898;12;;;9907;5;9910;21;;;9904.0;0.0
yf_ZC=F_d6;42200;INTARIAN_PEPPER_ROOT;10991;11;10988;21;;;10997;22;10999;18;;;10994.0;0.0
yf_ZC=F_d6;42300;ASH_COATED_OSMIUM;9901;26;9897;20;;;9907;10;9909;17;;;9904.0;0.0
yf_ZC=F_d6;42300;INTARIAN_PEPPER_ROOT;10991;21;10987;13;;;10997;13;10999;16;;;10994.0;0.0
yf_ZC=F_d6;42400;ASH_COATED_OSMIUM;9897;14;9893;21;;;9911;11;9913;25;;;9904.0;0.0
yf_ZC=F_d6;42400;INTARIAN_PEPPER_ROOT;10990;22;10988;25;;;10998;25;11002;22;;;10994.0;0.0
yf_ZC=F_d6;42500;ASH_COATED_OSMIUM;9893;7;9891;18;;;9914;9;9918;13;;;9903.5;0.0
yf_ZC=F_d6;42500;INTARIAN_PEPPER_ROOT;10991;8;10989;12;;;10997;20;11001;21;;;10994.0;0.0
yf_ZC=F_d6;42600;ASH_COATED_OSMIUM;9901;22;9898;20;;;9907;18;9910;17;;;9904.0;0.0
yf_ZC=F_d6;42600;INTARIAN_PEPPER_ROOT;10990;13;10987;24;;;10996;16;11000;33;;;10993.0;0.0
yf_ZC=F_d6;42700;ASH_COATED_OSMIUM;9901;6;9898;18;;;9907;12;9909;22;;;9904.0;0.0
yf_ZC=F_d6;42700;INTARIAN_PEPPER_ROOT;10991;20;10988;30;;;10997;20;11000;24;;;10994.0;0.0
yf_ZC=F_d6;42800;ASH_COATED_OSMIUM;9901;7;9897;19;;;9907;12;9911;14;;;9904.0;0.0
yf_ZC=F_d6;42800;INTARIAN_PEPPER_ROOT;10988;16;10986;15;;;10998;18;11002;25;;;10993.0;0.0
yf_ZC=F_d6;42900;ASH_COATED_OSMIUM;9897;27;9895;16;;;9912;19;9915;24;;;9904.5;0.0
yf_ZC=F_d6;42900;INTARIAN_PEPPER_ROOT;10991;17;10988;17;;;10997;18;11000;19;;;10994.0;0.0
yf_ZC=F_d6;43000;ASH_COATED_OSMIUM;9901;11;9897;17;;;9907;14;9910;20;;;9904.0;0.0
yf_ZC=F_d6;43000;INTARIAN_PEPPER_ROOT;10988;15;10984;27;;;11001;19;11005;12;;;10994.5;0.0
yf_ZC=F_d6;43100;ASH_COATED_OSMIUM;9901;13;9898;25;;;9907;19;9910;8;;;9904.0;0.0
yf_ZC=F_d6;43100;INTARIAN_PEPPER_ROOT;10991;21;10988;15;;;10997;20;10999;22;;;10994.0;0.0
yf_ZC=F_d6;43200;ASH_COATED_OSMIUM;9899;14;9895;26;;;9908;30;9911;17;;;9903.5;0.0
yf_ZC=F_d6;43200;INTARIAN_PEPPER_ROOT;10991;9;10989;15;;;10997;12;10999;24;;;10994.0;0.0
yf_ZC=F_d6;43300;ASH_COATED_OSMIUM;9901;15;9899;13;;;9907;20;9910;27;;;9904.0;0.0
yf_ZC=F_d6;43300;INTARIAN_PEPPER_ROOT;10991;22;10988;15;;;10997;15;11000;19;;;10994.0;0.0
yf_ZC=F_d6;43400;ASH_COATED_OSMIUM;9900;9;9896;21;;;9908;20;9910;23;;;9904.0;0.0
yf_ZC=F_d6;43400;INTARIAN_PEPPER_ROOT;10982;19;10980;16;;;11007;14;11011;10;;;10994.5;0.0
yf_ZC=F_d6;43500;ASH_COATED_OSMIUM;9899;17;9897;26;;;9909;16;9912;20;;;9904.0;0.0
yf_ZC=F_d6;43500;INTARIAN_PEPPER_ROOT;10992;11;10989;14;;;10998;6;11001;14;;;10995.0;0.0
yf_ZC=F_d6;43600;ASH_COATED_OSMIUM;9901;15;9899;14;;;9907;11;9910;22;;;9904.0;0.0
yf_ZC=F_d6;43600;INTARIAN_PEPPER_ROOT;10988;21;10984;14;;;11000;22;11004;17;;;10994.0;0.0
yf_ZC=F_d6;43700;ASH_COATED_OSMIUM;9901;12;9899;23;;;9907;12;9910;8;;;9904.0;0.0
yf_ZC=F_d6;43700;INTARIAN_PEPPER_ROOT;10992;13;10989;16;;;10998;11;11002;19;;;10995.0;0.0
yf_ZC=F_d6;43800;ASH_COATED_OSMIUM;9897;21;9894;20;;;9913;20;9917;23;;;9905.0;0.0
yf_ZC=F_d6;43800;INTARIAN_PEPPER_ROOT;10985;11;10981;14;;;11005;19;11007;15;;;10995.0;0.0
yf_ZC=F_d6;43900;ASH_COATED_OSMIUM;9892;19;9889;16;;;9916;17;9920;28;;;9904.0;0.0
yf_ZC=F_d6;43900;INTARIAN_PEPPER_ROOT;10992;9;10988;27;;;10998;8;11001;24;;;10995.0;0.0
yf_ZC=F_d6;44000;ASH_COATED_OSMIUM;9888;12;9885;25;;;9920;25;9923;25;;;9904.0;0.0
yf_ZC=F_d6;44000;INTARIAN_PEPPER_ROOT;10992;10;10988;9;;;10998;9;11000;24;;;10995.0;0.0
yf_ZC=F_d6;44100;ASH_COATED_OSMIUM;9902;8;9900;25;;;9908;18;9911;18;;;9905.0;0.0
yf_ZC=F_d6;44100;INTARIAN_PEPPER_ROOT;10992;9;10988;20;;;10998;12;11000;9;;;10995.0;0.0
yf_ZC=F_d6;44200;ASH_COATED_OSMIUM;9902;11;9898;26;;;9908;8;9912;17;;;9905.0;0.0
yf_ZC=F_d6;44200;INTARIAN_PEPPER_ROOT;10992;21;10990;22;;;10998;13;11002;20;;;10995.0;0.0
yf_ZC=F_d6;44300;ASH_COATED_OSMIUM;9902;15;9899;17;;;9908;17;9911;24;;;9905.0;0.0
yf_ZC=F_d6;44300;INTARIAN_PEPPER_ROOT;10992;13;10989;18;;;10998;19;11002;22;;;10995.0;0.0
yf_ZC=F_d6;44400;ASH_COATED_OSMIUM;9900;5;9896;18;;;9910;6;9913;22;;;9905.0;0.0
yf_ZC=F_d6;44400;INTARIAN_PEPPER_ROOT;10988;16;10986;18;;;11001;14;11005;19;;;10994.5;0.0
yf_ZC=F_d6;44500;ASH_COATED_OSMIUM;9901;25;9899;25;;;9908;14;9911;16;;;9904.5;0.0
yf_ZC=F_d6;44500;INTARIAN_PEPPER_ROOT;10983;16;10980;30;;;11006;11;11010;16;;;10994.5;0.0
yf_ZC=F_d6;44600;ASH_COATED_OSMIUM;9890;9;9886;18;;;9918;13;9920;14;;;9904.0;0.0
yf_ZC=F_d6;44600;INTARIAN_PEPPER_ROOT;10987;18;10983;26;;;11003;9;11006;20;;;10995.0;0.0
yf_ZC=F_d6;44700;ASH_COATED_OSMIUM;9896;16;9892;18;;;9914;8;9916;15;;;9905.0;0.0
yf_ZC=F_d6;44700;INTARIAN_PEPPER_ROOT;10991;20;10987;19;;;10999;14;11001;25;;;10995.0;0.0
yf_ZC=F_d6;44800;ASH_COATED_OSMIUM;9894;17;9892;18;;;9916;22;9918;18;;;9905.0;0.0
yf_ZC=F_d6;44800;INTARIAN_PEPPER_ROOT;10992;17;10989;19;;;10998;21;11000;22;;;10995.0;0.0
yf_ZC=F_d6;44900;ASH_COATED_OSMIUM;9900;12;9896;26;;;9909;24;9911;21;;;9904.5;0.0
yf_ZC=F_d6;44900;INTARIAN_PEPPER_ROOT;10992;10;10989;20;;;10998;19;11002;27;;;10995.0;0.0
yf_ZC=F_d6;45000;ASH_COATED_OSMIUM;9902;18;9898;24;;;9908;9;9912;20;;;9905.0;0.0
yf_ZC=F_d6;45000;INTARIAN_PEPPER_ROOT;10990;5;10988;24;;;11001;13;11003;16;;;10995.5;0.0
yf_ZC=F_d6;45100;ASH_COATED_OSMIUM;9901;14;9897;23;;;9907;27;9910;22;;;9904.0;0.0
yf_ZC=F_d6;45100;INTARIAN_PEPPER_ROOT;10992;6;10989;21;;;10998;19;11001;15;;;10995.0;0.0
yf_ZC=F_d6;45200;ASH_COATED_OSMIUM;9902;19;9898;23;;;9909;12;9913;26;;;9905.5;0.0
yf_ZC=F_d6;45200;INTARIAN_PEPPER_ROOT;10981;20;10978;18;;;11011;16;11013;15;;;10996.0;0.0
yf_ZC=F_d6;45300;ASH_COATED_OSMIUM;9899;23;9896;20;;;9910;11;9914;13;;;9904.5;0.0
yf_ZC=F_d6;45300;INTARIAN_PEPPER_ROOT;10993;21;10989;14;;;10999;14;11002;23;;;10996.0;0.0
yf_ZC=F_d6;45400;ASH_COATED_OSMIUM;9902;14;9900;20;;;9908;11;9910;9;;;9905.0;0.0
yf_ZC=F_d6;45400;INTARIAN_PEPPER_ROOT;10993;13;10990;25;;;10999;15;11002;23;;;10996.0;0.0
yf_ZC=F_d6;45500;ASH_COATED_OSMIUM;9897;21;9893;9;;;9914;10;9918;14;;;9905.5;0.0
yf_ZC=F_d6;45500;INTARIAN_PEPPER_ROOT;10992;23;10990;8;;;10999;20;11003;17;;;10995.5;0.0
yf_ZC=F_d6;45600;ASH_COATED_OSMIUM;9901;18;9897;20;;;9909;10;9911;20;;;9905.0;0.0
yf_ZC=F_d6;45600;INTARIAN_PEPPER_ROOT;10993;18;10991;27;;;10999;14;11002;19;;;10996.0;0.0
yf_ZC=F_d6;45700;ASH_COATED_OSMIUM;9899;26;9895;13;;;9912;15;9915;22;;;9905.5;0.0
yf_ZC=F_d6;45700;INTARIAN_PEPPER_ROOT;10990;12;10988;15;;;11000;22;11004;11;;;10995.0;0.0
yf_ZC=F_d6;45800;ASH_COATED_OSMIUM;9902;12;9898;20;;;9908;11;9910;15;;;9905.0;0.0
yf_ZC=F_d6;45800;INTARIAN_PEPPER_ROOT;10992;21;10989;24;;;10998;12;11000;22;;;10995.0;0.0
yf_ZC=F_d6;45900;ASH_COATED_OSMIUM;9902;12;9898;8;;;9909;15;9913;15;;;9905.5;0.0
yf_ZC=F_d6;45900;INTARIAN_PEPPER_ROOT;10993;11;10991;22;;;10999;19;11003;9;;;10996.0;0.0
yf_ZC=F_d6;46000;ASH_COATED_OSMIUM;9901;30;9897;25;;;9910;20;9913;14;;;9905.5;0.0
yf_ZC=F_d6;46000;INTARIAN_PEPPER_ROOT;10993;14;10989;19;;;11000;19;11003;18;;;10996.5;0.0
yf_ZC=F_d6;46100;ASH_COATED_OSMIUM;9902;23;9900;21;;;9908;19;9912;17;;;9905.0;0.0
yf_ZC=F_d6;46100;INTARIAN_PEPPER_ROOT;10988;14;10985;19;;;11005;15;11007;10;;;10996.5;0.0
yf_ZC=F_d6;46200;ASH_COATED_OSMIUM;9902;13;9900;18;;;9908;19;9912;17;;;9905.0;0.0
yf_ZC=F_d6;46200;INTARIAN_PEPPER_ROOT;10993;17;10991;19;;;10999;17;11002;34;;;10996.0;0.0
yf_ZC=F_d6;46300;ASH_COATED_OSMIUM;9897;16;9893;26;;;9915;15;9917;27;;;9906.0;0.0
yf_ZC=F_d6;46300;INTARIAN_PEPPER_ROOT;10993;14;10989;19;;;10999;22;11003;11;;;10996.0;0.0
yf_ZC=F_d6;46400;ASH_COATED_OSMIUM;9902;12;9899;13;;;9908;21;9911;16;;;9905.0;0.0
yf_ZC=F_d6;46400;INTARIAN_PEPPER_ROOT;10993;17;10989;23;;;11001;11;11005;21;;;10997.0;0.0
yf_ZC=F_d6;46500;ASH_COATED_OSMIUM;9902;20;9898;22;;;9908;15;9912;21;;;9905.0;0.0
yf_ZC=F_d6;46500;INTARIAN_PEPPER_ROOT;10981;17;10977;18;;;11011;12;11015;19;;;10996.0;0.0
yf_ZC=F_d6;46600;ASH_COATED_OSMIUM;9900;13;9897;13;;;9912;23;9915;23;;;9906.0;0.0
yf_ZC=F_d6;46600;INTARIAN_PEPPER_ROOT;10994;5;10991;20;;;11000;21;11004;22;;;10997.0;0.0
yf_ZC=F_d6;46700;ASH_COATED_OSMIUM;9902;18;9899;22;;;9908;21;9912;25;;;9905.0;0.0
yf_ZC=F_d6;46700;INTARIAN_PEPPER_ROOT;10994;19;10990;19;;;11000;15;11003;20;;;10997.0;0.0
yf_ZC=F_d6;46800;ASH_COATED_OSMIUM;9898;17;9894;16;;;9913;13;9915;13;;;9905.5;0.0
yf_ZC=F_d6;46800;INTARIAN_PEPPER_ROOT;10994;7;10992;15;;;11000;15;11004;21;;;10997.0;0.0
yf_ZC=F_d6;46900;ASH_COATED_OSMIUM;9903;14;9900;12;;;9909;9;9912;14;;;9906.0;0.0
yf_ZC=F_d6;46900;INTARIAN_PEPPER_ROOT;10984;12;10981;15;;;11008;8;11012;20;;;10996.0;0.0
yf_ZC=F_d6;47000;ASH_COATED_OSMIUM;9900;19;9896;20;;;9912;15;9916;19;;;9906.0;0.0
yf_ZC=F_d6;47000;INTARIAN_PEPPER_ROOT;10994;11;10991;23;;;11000;19;11004;20;;;10997.0;0.0
yf_ZC=F_d6;47100;ASH_COATED_OSMIUM;9902;12;9899;21;;;9908;29;9911;26;;;9905.0;0.0
yf_ZC=F_d6;47100;INTARIAN_PEPPER_ROOT;10993;18;10991;22;;;11000;17;11003;16;;;10996.5;0.0
yf_ZC=F_d6;47200;ASH_COATED_OSMIUM;9903;13;9901;18;;;9909;10;9913;25;;;9906.0;0.0
yf_ZC=F_d6;47200;INTARIAN_PEPPER_ROOT;10984;8;10980;19;;;11011;17;11014;14;;;10997.5;0.0
yf_ZC=F_d6;47300;ASH_COATED_OSMIUM;9903;7;9899;13;;;9909;16;9913;10;;;9906.0;0.0
yf_ZC=F_d6;47300;INTARIAN_PEPPER_ROOT;10994;14;10991;21;;;11000;14;11003;22;;;10997.0;0.0
yf_ZC=F_d6;47400;ASH_COATED_OSMIUM;9903;8;9899;13;;;9909;15;9913;8;;;9906.0;0.0
yf_ZC=F_d6;47400;INTARIAN_PEPPER_ROOT;10981;6;10979;11;;;11013;7;11015;19;;;10997.0;0.0
yf_ZC=F_d6;47500;ASH_COATED_OSMIUM;9903;7;9900;19;;;9909;16;9911;26;;;9906.0;0.0
yf_ZC=F_d6;47500;INTARIAN_PEPPER_ROOT;10993;5;10990;29;;;10999;6;11003;21;;;10996.0;0.0
yf_ZC=F_d6;47600;ASH_COATED_OSMIUM;9890;24;9888;15;;;9922;11;9926;21;;;9906.0;0.0
yf_ZC=F_d6;47600;INTARIAN_PEPPER_ROOT;10994;12;10991;16;;;11000;13;11004;15;;;10997.0;0.0
yf_ZC=F_d6;47700;ASH_COATED_OSMIUM;9903;19;9899;24;;;9909;20;9913;24;;;9906.0;0.0
yf_ZC=F_d6;47700;INTARIAN_PEPPER_ROOT;10994;17;10990;18;;;11000;17;11004;16;;;10997.0;0.0
yf_ZC=F_d6;47800;ASH_COATED_OSMIUM;9894;11;9892;20;;;9919;19;9922;14;;;9906.5;0.0
yf_ZC=F_d6;47800;INTARIAN_PEPPER_ROOT;10993;14;10990;26;;;11002;12;11006;27;;;10997.5;0.0
yf_ZC=F_d6;47900;ASH_COATED_OSMIUM;9903;8;9901;18;;;9909;19;9913;8;;;9906.0;0.0
yf_ZC=F_d6;47900;INTARIAN_PEPPER_ROOT;10994;5;10992;15;;;11000;10;11003;16;;;10997.0;0.0
yf_ZC=F_d6;48000;ASH_COATED_OSMIUM;9903;7;9901;14;;;9909;20;9911;24;;;9906.0;0.0
yf_ZC=F_d6;48000;INTARIAN_PEPPER_ROOT;10994;13;10992;16;;;11001;14;11003;22;;;10997.5;0.0
yf_ZC=F_d6;48100;ASH_COATED_OSMIUM;9904;28;9900;16;;;9910;11;9912;16;;;9907.0;0.0
yf_ZC=F_d6;48100;INTARIAN_PEPPER_ROOT;10995;20;10991;33;;;11001;22;11005;25;;;10998.0;0.0
yf_ZC=F_d6;48200;ASH_COATED_OSMIUM;9902;19;9900;22;;;9912;12;9914;13;;;9907.0;0.0
yf_ZC=F_d6;48200;INTARIAN_PEPPER_ROOT;10993;17;10991;16;;;11000;17;11002;23;;;10996.5;0.0
yf_ZC=F_d6;48300;ASH_COATED_OSMIUM;9903;10;9900;25;;;9910;18;9912;25;;;9906.5;0.0
yf_ZC=F_d6;48300;INTARIAN_PEPPER_ROOT;10994;19;10990;9;;;11002;18;11004;16;;;10998.0;0.0
yf_ZC=F_d6;48400;ASH_COATED_OSMIUM;9904;24;9902;22;;;9910;14;9913;13;;;9907.0;0.0
yf_ZC=F_d6;48400;INTARIAN_PEPPER_ROOT;10981;11;10977;14;;;11014;17;11018;28;;;10997.5;0.0
yf_ZC=F_d6;48500;ASH_COATED_OSMIUM;9903;21;9899;19;;;9909;13;9912;17;;;9906.0;0.0
yf_ZC=F_d6;48500;INTARIAN_PEPPER_ROOT;10995;5;10992;13;;;11001;17;11003;20;;;10998.0;0.0
yf_ZC=F_d6;48600;ASH_COATED_OSMIUM;9904;21;9901;20;;;9910;10;9912;24;;;9907.0;0.0
yf_ZC=F_d6;48600;INTARIAN_PEPPER_ROOT;10989;10;10987;16;;;11005;8;11009;20;;;10997.0;0.0
yf_ZC=F_d6;48700;ASH_COATED_OSMIUM;9904;13;9901;12;;;9910;17;9912;10;;;9907.0;0.0
yf_ZC=F_d6;48700;INTARIAN_PEPPER_ROOT;10990;13;10986;9;;;11005;11;11009;31;;;10997.5;0.0
yf_ZC=F_d6;48800;ASH_COATED_OSMIUM;9904;14;9901;15;;;9910;22;9913;11;;;9907.0;0.0
yf_ZC=F_d6;48800;INTARIAN_PEPPER_ROOT;10994;24;10992;30;;;11000;14;11002;26;;;10997.0;0.0
yf_ZC=F_d6;48900;ASH_COATED_OSMIUM;9904;17;9900;22;;;9910;10;9914;25;;;9907.0;0.0
yf_ZC=F_d6;48900;INTARIAN_PEPPER_ROOT;10991;12;10987;15;;;11005;18;11007;13;;;10998.0;0.0
yf_ZC=F_d6;49000;ASH_COATED_OSMIUM;9904;26;9900;17;;;9910;19;9913;16;;;9907.0;0.0
yf_ZC=F_d6;49000;INTARIAN_PEPPER_ROOT;10995;16;10991;29;;;11001;12;11004;19;;;10998.0;0.0
yf_ZC=F_d6;49100;ASH_COATED_OSMIUM;9904;24;9900;18;;;9910;13;9912;19;;;9907.0;0.0
yf_ZC=F_d6;49100;INTARIAN_PEPPER_ROOT;10996;12;10994;20;;;11002;13;11005;26;;;10999.0;0.0
yf_ZC=F_d6;49200;ASH_COATED_OSMIUM;9904;5;9902;26;;;9910;23;9914;27;;;9907.0;0.0
yf_ZC=F_d6;49200;INTARIAN_PEPPER_ROOT;10995;11;10993;17;;;11001;16;11003;19;;;10998.0;0.0
yf_ZC=F_d6;49300;ASH_COATED_OSMIUM;9902;12;9898;16;;;9912;19;9914;25;;;9907.0;0.0
yf_ZC=F_d6;49300;INTARIAN_PEPPER_ROOT;10994;15;10990;15;;;11000;19;11002;17;;;10997.0;0.0
yf_ZC=F_d6;49400;ASH_COATED_OSMIUM;9904;14;9902;24;;;9910;10;9913;24;;;9907.0;0.0
yf_ZC=F_d6;49400;INTARIAN_PEPPER_ROOT;10995;18;10991;19;;;11001;16;11005;17;;;10998.0;0.0
yf_ZC=F_d6;49500;ASH_COATED_OSMIUM;9904;15;9900;21;;;9910;15;9913;19;;;9907.0;0.0
yf_ZC=F_d6;49500;INTARIAN_PEPPER_ROOT;10995;15;10992;27;;;11001;21;11004;23;;;10998.0;0.0
yf_ZC=F_d6;49600;ASH_COATED_OSMIUM;9904;13;9901;10;;;9910;17;9913;15;;;9907.0;0.0
yf_ZC=F_d6;49600;INTARIAN_PEPPER_ROOT;10996;22;10992;25;;;11002;14;11006;20;;;10999.0;0.0
yf_ZC=F_d6;49700;ASH_COATED_OSMIUM;9904;26;9900;20;;;9910;13;9912;24;;;9907.0;0.0
yf_ZC=F_d6;49700;INTARIAN_PEPPER_ROOT;10995;15;10993;25;;;11001;13;11004;24;;;10998.0;0.0
yf_ZC=F_d6;49800;ASH_COATED_OSMIUM;9904;5;9900;30;;;9910;11;9912;24;;;9907.0;0.0
yf_ZC=F_d6;49800;INTARIAN_PEPPER_ROOT;10994;13;10990;22;;;11004;15;11007;25;;;10999.0;0.0
yf_ZC=F_d6;49900;ASH_COATED_OSMIUM;9904;12;9900;18;;;9911;15;9915;14;;;9907.5;0.0
yf_ZC=F_d6;49900;INTARIAN_PEPPER_ROOT;10996;12;10993;11;;;11002;20;11005;12;;;10999.0;0.0
yf_ZC=F_d6;50000;ASH_COATED_OSMIUM;9902;14;9899;20;;;9912;21;9915;13;;;9907.0;0.0
yf_ZC=F_d6;50000;INTARIAN_PEPPER_ROOT;10996;19;10994;26;;;11002;15;11006;14;;;10999.0;0.0
yf_ZC=F_d6;50100;ASH_COATED_OSMIUM;9904;18;9902;25;;;9910;24;9914;15;;;9907.0;0.0
yf_ZC=F_d6;50100;INTARIAN_PEPPER_ROOT;10996;12;10992;13;;;11002;14;11005;20;;;10999.0;0.0
yf_ZC=F_d6;50200;ASH_COATED_OSMIUM;9903;18;9901;18;;;9911;21;9913;17;;;9907.0;0.0
yf_ZC=F_d6;50200;INTARIAN_PEPPER_ROOT;10996;20;10994;22;;;11002;21;11006;20;;;10999.0;0.0
yf_ZC=F_d6;50300;ASH_COATED_OSMIUM;9904;14;9902;22;;;9910;25;9914;23;;;9907.0;0.0
yf_ZC=F_d6;50300;INTARIAN_PEPPER_ROOT;10996;14;10994;14;;;11002;17;11004;16;;;10999.0;0.0
yf_ZC=F_d6;50400;ASH_COATED_OSMIUM;9904;29;9901;24;;;9910;8;9912;24;;;9907.0;0.0
yf_ZC=F_d6;50400;INTARIAN_PEPPER_ROOT;10996;15;10992;23;;;11002;15;11005;19;;;10999.0;0.0
yf_ZC=F_d6;50500;ASH_COATED_OSMIUM;9904;17;9900;23;;;9910;14;9913;20;;;9907.0;0.0
yf_ZC=F_d6;50500;INTARIAN_PEPPER_ROOT;10992;23;10988;18;;;11006;16;11010;15;;;10999.0;0.0
yf_ZC=F_d6;50600;ASH_COATED_OSMIUM;9902;5;9900;19;;;9913;8;9916;25;;;9907.5;0.0
yf_ZC=F_d6;50600;INTARIAN_PEPPER_ROOT;10996;9;10993;18;;;11002;15;11004;25;;;10999.0;0.0
yf_ZC=F_d6;50700;ASH_COATED_OSMIUM;9896;21;9894;23;;;9919;21;9921;17;;;9907.5;0.0
yf_ZC=F_d6;50700;INTARIAN_PEPPER_ROOT;10996;18;10993;20;;;11002;20;11006;26;;;10999.0;0.0
yf_ZC=F_d6;50800;ASH_COATED_OSMIUM;9905;16;9903;14;;;9911;12;9914;14;;;9908.0;0.0
yf_ZC=F_d6;50800;INTARIAN_PEPPER_ROOT;10995;10;10992;21;;;11003;18;11007;15;;;10999.0;0.0
yf_ZC=F_d6;50900;ASH_COATED_OSMIUM;9904;21;9902;17;;;9910;11;9913;23;;;9907.0;0.0
yf_ZC=F_d6;50900;INTARIAN_PEPPER_ROOT;10995;18;10993;17;;;11001;10;11003;26;;;10998.0;0.0
yf_ZC=F_d6;51000;ASH_COATED_OSMIUM;9901;14;9898;13;;;9915;15;9917;27;;;9908.0;0.0
yf_ZC=F_d6;51000;INTARIAN_PEPPER_ROOT;10994;10;10992;23;;;11000;5;11003;24;;;10997.0;0.0
yf_ZC=F_d6;51100;ASH_COATED_OSMIUM;9904;11;9901;8;;;9910;17;9913;20;;;9907.0;0.0
yf_ZC=F_d6;51100;INTARIAN_PEPPER_ROOT;10994;20;10991;21;;;11000;15;11003;15;;;10997.0;0.0
yf_ZC=F_d6;51200;ASH_COATED_OSMIUM;9905;17;9903;13;;;9911;20;9914;16;;;9908.0;0.0
yf_ZC=F_d6;51200;INTARIAN_PEPPER_ROOT;10992;12;10989;24;;;10998;19;11002;14;;;10995.0;0.0
yf_ZC=F_d6;51300;ASH_COATED_OSMIUM;9905;15;9901;26;;;9911;13;9914;19;;;9908.0;0.0
yf_ZC=F_d6;51300;INTARIAN_PEPPER_ROOT;10990;10;10988;16;;;11000;10;11002;12;;;10995.0;0.0
yf_ZC=F_d6;51400;ASH_COATED_OSMIUM;9897;16;9894;11;;;9919;28;9923;15;;;9908.0;0.0
yf_ZC=F_d6;51400;INTARIAN_PEPPER_ROOT;10990;17;10986;30;;;10996;20;10999;15;;;10993.0;0.0
yf_ZC=F_d6;51500;ASH_COATED_OSMIUM;9906;19;9903;26;;;9912;19;9915;23;;;9909.0;0.0
yf_ZC=F_d6;51500;INTARIAN_PEPPER_ROOT;10985;9;10983;17;;;11000;17;11004;15;;;10992.5;0.0
yf_ZC=F_d6;51600;ASH_COATED_OSMIUM;9905;9;9901;22;;;9912;5;9914;13;;;9908.5;0.0
yf_ZC=F_d6;51600;INTARIAN_PEPPER_ROOT;10988;15;10984;12;;;10995;5;10998;16;;;10991.5;0.0
yf_ZC=F_d6;51700;ASH_COATED_OSMIUM;9904;14;9901;23;;;9910;15;9913;8;;;9907.0;0.0
yf_ZC=F_d6;51700;INTARIAN_PEPPER_ROOT;10987;11;10983;20;;;10993;16;10996;21;;;10990.0;0.0
yf_ZC=F_d6;51800;ASH_COATED_OSMIUM;9905;19;9901;12;;;9911;12;9913;19;;;9908.0;0.0
yf_ZC=F_d6;51800;INTARIAN_PEPPER_ROOT;10986;22;10982;21;;;10992;16;10996;16;;;10989.0;0.0
yf_ZC=F_d6;51900;ASH_COATED_OSMIUM;9905;17;9902;16;;;9911;6;9913;30;;;9908.0;0.0
yf_ZC=F_d6;51900;INTARIAN_PEPPER_ROOT;10984;17;10982;16;;;10991;8;10994;18;;;10987.5;0.0
yf_ZC=F_d6;52000;ASH_COATED_OSMIUM;9904;12;9902;17;;;9912;10;9915;14;;;9908.0;0.0
yf_ZC=F_d6;52000;INTARIAN_PEPPER_ROOT;10984;9;10982;20;;;10990;20;10993;13;;;10987.0;0.0
yf_ZC=F_d6;52100;ASH_COATED_OSMIUM;9887;10;9884;31;;;9929;24;9931;17;;;9908.0;0.0
yf_ZC=F_d6;52100;INTARIAN_PEPPER_ROOT;10983;10;10981;19;;;10989;21;10992;23;;;10986.0;0.0
yf_ZC=F_d6;52200;ASH_COATED_OSMIUM;9904;13;9900;15;;;9910;15;9913;13;;;9907.0;0.0
yf_ZC=F_d6;52200;INTARIAN_PEPPER_ROOT;10982;12;10980;24;;;10988;7;10992;19;;;10985.0;0.0
yf_ZC=F_d6;52300;ASH_COATED_OSMIUM;9905;12;9902;26;;;9911;17;9913;30;;;9908.0;0.0
yf_ZC=F_d6;52300;INTARIAN_PEPPER_ROOT;10981;5;10979;20;;;10987;24;10991;26;;;10984.0;0.0
yf_ZC=F_d6;52400;ASH_COATED_OSMIUM;9905;20;9901;22;;;9911;6;9914;19;;;9908.0;0.0
yf_ZC=F_d6;52400;INTARIAN_PEPPER_ROOT;10980;21;10977;17;;;10986;11;10990;14;;;10983.0;0.0
yf_ZC=F_d6;52500;ASH_COATED_OSMIUM;9905;5;9903;21;;;9911;14;9915;17;;;9908.0;0.0
yf_ZC=F_d6;52500;INTARIAN_PEPPER_ROOT;10978;10;10976;13;;;10984;16;10987;17;;;10981.0;0.0
yf_ZC=F_d6;52600;ASH_COATED_OSMIUM;9905;22;9901;14;;;9911;14;9914;18;;;9908.0;0.0
yf_ZC=F_d6;52600;INTARIAN_PEPPER_ROOT;10977;18;10973;21;;;10983;9;10986;27;;;10980.0;0.0
yf_ZC=F_d6;52700;ASH_COATED_OSMIUM;9905;17;9903;16;;;9911;19;9915;20;;;9908.0;0.0
yf_ZC=F_d6;52700;INTARIAN_PEPPER_ROOT;10975;5;10973;15;;;10984;17;10988;13;;;10979.5;0.0
yf_ZC=F_d6;52800;ASH_COATED_OSMIUM;9904;20;9902;20;;;9912;15;9916;13;;;9908.0;0.0
yf_ZC=F_d6;52800;INTARIAN_PEPPER_ROOT;10975;13;10971;20;;;10981;16;10985;20;;;10978.0;0.0
yf_ZC=F_d6;52900;ASH_COATED_OSMIUM;9905;15;9901;22;;;9911;12;9914;15;;;9908.0;0.0
yf_ZC=F_d6;52900;INTARIAN_PEPPER_ROOT;10975;17;10973;24;;;10981;13;10984;25;;;10978.0;0.0
yf_ZC=F_d6;53000;ASH_COATED_OSMIUM;9900;20;9896;23;;;9918;16;9920;20;;;9909.0;0.0
yf_ZC=F_d6;53000;INTARIAN_PEPPER_ROOT;10973;11;10969;17;;;10979;14;10982;19;;;10976.0;0.0
yf_ZC=F_d6;53100;ASH_COATED_OSMIUM;9904;17;9900;26;;;9912;17;9914;28;;;9908.0;0.0
yf_ZC=F_d6;53100;INTARIAN_PEPPER_ROOT;10972;6;10970;20;;;10978;18;10980;14;;;10975.0;0.0
yf_ZC=F_d6;53200;ASH_COATED_OSMIUM;9902;12;9899;21;;;9915;19;9918;17;;;9908.5;0.0
yf_ZC=F_d6;53200;INTARIAN_PEPPER_ROOT;10971;16;10967;13;;;10977;10;10979;18;;;10974.0;0.0
yf_ZC=F_d6;53300;ASH_COATED_OSMIUM;9900;12;9897;14;;;9916;15;9918;25;;;9908.0;0.0
yf_ZC=F_d6;53300;INTARIAN_PEPPER_ROOT;10970;15;10967;17;;;10976;20;10978;19;;;10973.0;0.0
yf_ZC=F_d6;53400;ASH_COATED_OSMIUM;9905;20;9901;18;;;9911;5;9915;12;;;9908.0;0.0
yf_ZC=F_d6;53400;INTARIAN_PEPPER_ROOT;10969;6;10965;21;;;10975;13;10979;16;;;10972.0;0.0
yf_ZC=F_d6;53500;ASH_COATED_OSMIUM;9905;11;9901;20;;;9911;11;9913;23;;;9908.0;0.0
yf_ZC=F_d6;53500;INTARIAN_PEPPER_ROOT;10968;19;10966;11;;;10974;16;10977;25;;;10971.0;0.0
yf_ZC=F_d6;53600;ASH_COATED_OSMIUM;9905;18;9903;19;;;9911;7;9913;22;;;9908.0;0.0
yf_ZC=F_d6;53600;INTARIAN_PEPPER_ROOT;10963;22;10960;25;;;10976;8;10978;14;;;10969.5;0.0
yf_ZC=F_d6;53700;ASH_COATED_OSMIUM;9905;14;9901;19;;;9911;5;9914;15;;;9908.0;0.0
yf_ZC=F_d6;53700;INTARIAN_PEPPER_ROOT;10954;10;10950;16;;;10983;28;10987;16;;;10968.5;0.0
yf_ZC=F_d6;53800;ASH_COATED_OSMIUM;9897;8;9893;23;;;9919;20;9921;21;;;9908.0;0.0
yf_ZC=F_d6;53800;INTARIAN_PEPPER_ROOT;10964;9;10962;22;;;10970;21;10973;17;;;10967.0;0.0
yf_ZC=F_d6;53900;ASH_COATED_OSMIUM;9905;19;9901;28;;;9911;10;9915;22;;;9908.0;0.0
yf_ZC=F_d6;53900;INTARIAN_PEPPER_ROOT;10962;20;10959;19;;;10971;15;10975;18;;;10966.5;0.0
yf_ZC=F_d6;54000;ASH_COATED_OSMIUM;9905;19;9901;21;;;9911;14;9915;15;;;9908.0;0.0
yf_ZC=F_d6;54000;INTARIAN_PEPPER_ROOT;10963;10;10959;22;;;10969;21;10972;21;;;10966.0;0.0
yf_ZC=F_d6;54100;ASH_COATED_OSMIUM;9905;13;9902;17;;;9911;16;9913;25;;;9908.0;0.0
yf_ZC=F_d6;54100;INTARIAN_PEPPER_ROOT;10961;23;10957;26;;;10967;13;10970;15;;;10964.0;0.0
yf_ZC=F_d6;54200;ASH_COATED_OSMIUM;9905;16;9902;18;;;9913;22;9917;20;;;9909.0;0.0
yf_ZC=F_d6;54200;INTARIAN_PEPPER_ROOT;10960;15;10956;17;;;10968;18;10971;20;;;10964.0;0.0
yf_ZC=F_d6;54300;ASH_COATED_OSMIUM;9901;5;9897;19;;;9914;12;9917;14;;;9907.5;0.0
yf_ZC=F_d6;54300;INTARIAN_PEPPER_ROOT;10959;18;10956;13;;;10965;16;10968;20;;;10962.0;0.0
yf_ZC=F_d6;54400;ASH_COATED_OSMIUM;9903;14;9899;19;;;9913;18;9917;20;;;9908.0;0.0
yf_ZC=F_d6;54400;INTARIAN_PEPPER_ROOT;10957;14;10955;18;;;10966;20;10970;19;;;10961.5;0.0
yf_ZC=F_d6;54500;ASH_COATED_OSMIUM;9903;9;9900;17;;;9913;13;9916;9;;;9908.0;0.0
yf_ZC=F_d6;54500;INTARIAN_PEPPER_ROOT;10949;29;10946;21;;;10971;14;10973;15;;;10960.0;0.0
yf_ZC=F_d6;54600;ASH_COATED_OSMIUM;9902;14;9899;8;;;9915;11;9917;19;;;9908.5;0.0
yf_ZC=F_d6;54600;INTARIAN_PEPPER_ROOT;10956;16;10953;20;;;10962;11;10964;30;;;10959.0;0.0
yf_ZC=F_d6;54700;ASH_COATED_OSMIUM;9905;14;9903;21;;;9911;19;9914;18;;;9908.0;0.0
yf_ZC=F_d6;54700;INTARIAN_PEPPER_ROOT;10954;5;10950;18;;;10960;13;10963;28;;;10957.0;0.0
yf_ZC=F_d6;54800;ASH_COATED_OSMIUM;9903;14;9900;31;;;9913;17;9917;26;;;9908.0;0.0
yf_ZC=F_d6;54800;INTARIAN_PEPPER_ROOT;10954;9;10952;21;;;10960;8;10962;19;;;10957.0;0.0
yf_ZC=F_d6;54900;ASH_COATED_OSMIUM;9906;20;9904;17;;;9912;21;9914;16;;;9909.0;0.0
yf_ZC=F_d6;54900;INTARIAN_PEPPER_ROOT;10948;12;10946;16;;;10962;15;10965;20;;;10955.0;0.0
yf_ZC=F_d6;55000;ASH_COATED_OSMIUM;9905;13;9903;17;;;9911;18;9915;25;;;9908.0;0.0
yf_ZC=F_d6;55000;INTARIAN_PEPPER_ROOT;10952;12;10949;20;;;10958;16;10960;21;;;10955.0;0.0
yf_ZC=F_d6;55100;ASH_COATED_OSMIUM;9902;17;9898;22;;;9914;24;9918;22;;;9908.0;0.0
yf_ZC=F_d6;55100;INTARIAN_PEPPER_ROOT;10950;21;10946;22;;;10956;14;10960;20;;;10953.0;0.0
yf_ZC=F_d6;55200;ASH_COATED_OSMIUM;9904;14;9900;17;;;9913;19;9917;15;;;9908.5;0.0
yf_ZC=F_d6;55200;INTARIAN_PEPPER_ROOT;10949;14;10945;22;;;10955;18;10959;23;;;10952.0;0.0
yf_ZC=F_d6;55300;ASH_COATED_OSMIUM;9905;12;9902;20;;;9911;13;9913;15;;;9908.0;0.0
yf_ZC=F_d6;55300;INTARIAN_PEPPER_ROOT;10935;13;10933;13;;;10968;10;10970;20;;;10951.5;0.0
yf_ZC=F_d6;55400;ASH_COATED_OSMIUM;9906;5;9903;26;;;9912;10;9914;22;;;9909.0;0.0
yf_ZC=F_d6;55400;INTARIAN_PEPPER_ROOT;10947;10;10943;20;;;10953;13;10955;18;;;10950.0;0.0
yf_ZC=F_d6;55500;ASH_COATED_OSMIUM;9905;11;9902;17;;;9911;20;9914;18;;;9908.0;0.0
yf_ZC=F_d6;55500;INTARIAN_PEPPER_ROOT;10938;9;10934;8;;;10959;19;10962;15;;;10948.5;0.0
yf_ZC=F_d6;55600;ASH_COATED_OSMIUM;9906;26;9902;24;;;9912;8;9914;12;;;9909.0;0.0
yf_ZC=F_d6;55600;INTARIAN_PEPPER_ROOT;10945;9;10943;14;;;10952;21;10955;19;;;10948.5;0.0
yf_ZC=F_d6;55700;ASH_COATED_OSMIUM;9905;19;9901;9;;;9911;21;9914;24;;;9908.0;0.0
yf_ZC=F_d6;55700;INTARIAN_PEPPER_ROOT;10942;17;10938;20;;;10952;6;10955;19;;;10947.0;0.0
yf_ZC=F_d6;55800;ASH_COATED_OSMIUM;9906;19;9903;18;;;9912;15;9916;17;;;9909.0;0.0
yf_ZC=F_d6;55800;INTARIAN_PEPPER_ROOT;10942;8;10938;24;;;10951;12;10954;26;;;10946.5;0.0
yf_ZC=F_d6;55900;ASH_COATED_OSMIUM;9902;12;9900;22;;;9914;14;9918;16;;;9908.0;0.0
yf_ZC=F_d6;55900;INTARIAN_PEPPER_ROOT;10942;16;10940;20;;;10948;9;10950;20;;;10945.0;0.0
yf_ZC=F_d6;56000;ASH_COATED_OSMIUM;9905;11;9901;24;;;9912;8;9914;14;;;9908.5;0.0
yf_ZC=F_d6;56000;INTARIAN_PEPPER_ROOT;10941;25;10938;22;;;10947;16;10949;17;;;10944.0;0.0
yf_ZC=F_d6;56100;ASH_COATED_OSMIUM;9905;21;9901;23;;;9913;18;9915;10;;;9909.0;0.0
yf_ZC=F_d6;56100;INTARIAN_PEPPER_ROOT;10938;5;10936;25;;;10947;13;10951;20;;;10942.5;0.0
yf_ZC=F_d6;56200;ASH_COATED_OSMIUM;9901;20;9898;19;;;9917;19;9920;24;;;9909.0;0.0
yf_ZC=F_d6;56200;INTARIAN_PEPPER_ROOT;10939;5;10935;12;;;10945;7;10948;19;;;10942.0;0.0
yf_ZC=F_d6;56300;ASH_COATED_OSMIUM;9904;14;9902;19;;;9914;20;9918;15;;;9909.0;0.0
yf_ZC=F_d6;56300;INTARIAN_PEPPER_ROOT;10938;13;10934;28;;;10944;18;10947;25;;;10941.0;0.0
yf_ZC=F_d6;56400;ASH_COATED_OSMIUM;9906;17;9903;15;;;9912;20;9914;21;;;9909.0;0.0
yf_ZC=F_d6;56400;INTARIAN_PEPPER_ROOT;10936;14;10932;19;;;10942;18;10944;32;;;10939.0;0.0
yf_ZC=F_d6;56500;ASH_COATED_OSMIUM;9895;30;9892;29;;;9922;8;9924;18;;;9908.5;0.0
yf_ZC=F_d6;56500;INTARIAN_PEPPER_ROOT;10935;15;10933;20;;;10942;14;10945;27;;;10938.5;0.0
yf_ZC=F_d6;56600;ASH_COATED_OSMIUM;9905;24;9903;19;;;9912;6;9915;18;;;9908.5;0.0
yf_ZC=F_d6;56600;INTARIAN_PEPPER_ROOT;10931;12;10927;21;;;10945;22;10948;18;;;10938.0;0.0
yf_ZC=F_d6;56700;ASH_COATED_OSMIUM;9906;8;9904;24;;;9912;18;9914;16;;;9909.0;0.0
yf_ZC=F_d6;56700;INTARIAN_PEPPER_ROOT;10934;12;10930;20;;;10940;28;10942;22;;;10937.0;0.0
yf_ZC=F_d6;56800;ASH_COATED_OSMIUM;9906;10;9902;19;;;9912;16;9914;28;;;9909.0;0.0
yf_ZC=F_d6;56800;INTARIAN_PEPPER_ROOT;10932;8;10929;20;;;10938;13;10941;13;;;10935.0;0.0
yf_ZC=F_d6;56900;ASH_COATED_OSMIUM;9906;11;9902;14;;;9912;10;9916;20;;;9909.0;0.0
yf_ZC=F_d6;56900;INTARIAN_PEPPER_ROOT;10931;24;10927;23;;;10937;20;10939;17;;;10934.0;0.0
yf_ZC=F_d6;57000;ASH_COATED_OSMIUM;9903;24;9901;15;;;9915;19;9917;19;;;9909.0;0.0
yf_ZC=F_d6;57000;INTARIAN_PEPPER_ROOT;10931;12;10929;26;;;10937;16;10939;17;;;10934.0;0.0
yf_ZC=F_d6;57100;ASH_COATED_OSMIUM;9906;8;9903;10;;;9912;17;9915;16;;;9909.0;0.0
yf_ZC=F_d6;57100;INTARIAN_PEPPER_ROOT;10922;6;10918;21;;;10943;5;10945;24;;;10932.5;0.0
yf_ZC=F_d6;57200;ASH_COATED_OSMIUM;9906;14;9903;10;;;9912;22;9915;28;;;9909.0;0.0
yf_ZC=F_d6;57200;INTARIAN_PEPPER_ROOT;10927;5;10923;17;;;10936;14;10940;19;;;10931.5;0.0
yf_ZC=F_d6;57300;ASH_COATED_OSMIUM;9906;10;9904;10;;;9912;18;9915;20;;;9909.0;0.0
yf_ZC=F_d6;57300;INTARIAN_PEPPER_ROOT;10927;15;10925;16;;;10933;5;10935;23;;;10930.0;0.0
yf_ZC=F_d6;57400;ASH_COATED_OSMIUM;9905;19;9902;18;;;9914;9;9918;18;;;9909.5;0.0
yf_ZC=F_d6;57400;INTARIAN_PEPPER_ROOT;10926;12;10923;21;;;10932;5;10936;21;;;10929.0;0.0
yf_ZC=F_d6;57500;ASH_COATED_OSMIUM;9906;16;9903;15;;;9912;5;9915;11;;;9909.0;0.0
yf_ZC=F_d6;57500;INTARIAN_PEPPER_ROOT;10925;16;10922;16;;;10931;20;10933;20;;;10928.0;0.0
yf_ZC=F_d6;57600;ASH_COATED_OSMIUM;9906;10;9903;13;;;9912;14;9914;21;;;9909.0;0.0
yf_ZC=F_d6;57600;INTARIAN_PEPPER_ROOT;10923;20;10919;14;;;10930;21;10933;21;;;10926.5;0.0
yf_ZC=F_d6;57700;ASH_COATED_OSMIUM;9906;13;9902;15;;;9912;16;9916;22;;;9909.0;0.0
yf_ZC=F_d6;57700;INTARIAN_PEPPER_ROOT;10923;11;10919;16;;;10929;5;10933;10;;;10926.0;0.0
yf_ZC=F_d6;57800;ASH_COATED_OSMIUM;9899;18;9896;14;;;9920;6;9924;25;;;9909.5;0.0
yf_ZC=F_d6;57800;INTARIAN_PEPPER_ROOT;10920;14;10917;12;;;10930;9;10933;23;;;10925.0;0.0
yf_ZC=F_d6;57900;ASH_COATED_OSMIUM;9903;14;9901;27;;;9915;15;9919;23;;;9909.0;0.0
yf_ZC=F_d6;57900;INTARIAN_PEPPER_ROOT;10921;16;10919;16;;;10927;19;10929;8;;;10924.0;0.0
yf_ZC=F_d6;58000;ASH_COATED_OSMIUM;9896;15;9894;8;;;9922;11;9926;18;;;9909.0;0.0
yf_ZC=F_d6;58000;INTARIAN_PEPPER_ROOT;10919;10;10917;29;;;10925;20;10927;18;;;10922.0;0.0
yf_ZC=F_d6;58100;ASH_COATED_OSMIUM;9906;12;9902;24;;;9912;18;9916;23;;;9909.0;0.0
yf_ZC=F_d6;58100;INTARIAN_PEPPER_ROOT;10919;13;10916;21;;;10925;12;10929;26;;;10922.0;0.0
yf_ZC=F_d6;58200;ASH_COATED_OSMIUM;9907;7;9904;13;;;9913;13;9916;9;;;9910.0;0.0
yf_ZC=F_d6;58200;INTARIAN_PEPPER_ROOT;10917;14;10915;12;;;10923;21;10925;28;;;10920.0;0.0
yf_ZC=F_d6;58300;ASH_COATED_OSMIUM;9902;12;9899;21;;;9915;7;9917;19;;;9908.5;0.0
yf_ZC=F_d6;58300;INTARIAN_PEPPER_ROOT;10916;14;10914;16;;;10922;14;10925;17;;;10919.0;0.0
