day;timestamp;product;bid_price_1;bid_volume_1;bid_price_2;bid_volume_2;bid_price_3;bid_volume_3;ask_price_1;ask_volume_1;ask_price_2;ask_volume_2;ask_price_3;ask_volume_3;mid_price;profit_and_loss
yf_ADM_d2;0;ASH_COATED_OSMIUM;9932;17;9928;27;;;9945;19;9948;19;;;9938.5;0.0
yf_ADM_d2;0;INTARIAN_PEPPER_ROOT;12441;16;12439;18;;;12447;13;12451;19;;;12444.0;0.0
yf_ADM_d2;100;ASH_COATED_OSMIUM;9932;11;9930;22;;;9946;23;9950;20;;;9939.0;0.0
yf_ADM_d2;100;INTARIAN_PEPPER_ROOT;12430;11;12426;18;;;12453;22;12457;14;;;12441.5;0.0
yf_ADM_d2;200;ASH_COATED_OSMIUM;9936;5;9934;17;;;9942;13;9944;15;;;9939.0;0.0
yf_ADM_d2;200;INTARIAN_PEPPER_ROOT;12437;18;12434;25;;;12443;11;12447;30;;;12440.0;0.0
yf_ADM_d2;300;ASH_COATED_OSMIUM;9935;17;9931;20;;;9943;13;9945;16;;;9939.0;0.0
yf_ADM_d2;300;INTARIAN_PEPPER_ROOT;12435;10;12432;11;;;12441;13;12444;21;;;12438.0;0.0
yf_ADM_d2;400;ASH_COATED_OSMIUM;9931;17;9927;12;;;9946;20;9949;21;;;9938.5;0.0
yf_ADM_d2;400;INTARIAN_PEPPER_ROOT;12432;23;12428;10;;;12438;19;12440;20;;;12435.0;0.0
yf_ADM_d2;500;ASH_COATED_OSMIUM;9936;14;9932;14;;;9942;12;9945;16;;;9939.0;0.0
yf_ADM_d2;500;INTARIAN_PEPPER_ROOT;12431;17;12427;20;;;12437;7;12440;19;;;12434.0;0.0
yf_ADM_d2;600;ASH_COATED_OSMIUM;9936;24;9932;13;;;9942;12;9944;11;;;9939.0;0.0
yf_ADM_d2;600;INTARIAN_PEPPER_ROOT;12429;9;12427;24;;;12435;11;12438;22;;;12432.0;0.0
yf_ADM_d2;700;ASH_COATED_OSMIUM;9936;5;9934;17;;;9942;10;9946;14;;;9939.0;0.0
yf_ADM_d2;700;INTARIAN_PEPPER_ROOT;12427;9;12425;12;;;12433;12;12436;20;;;12430.0;0.0
yf_ADM_d2;800;ASH_COATED_OSMIUM;9932;17;9928;26;;;9945;12;9949;12;;;9938.5;0.0
yf_ADM_d2;800;INTARIAN_PEPPER_ROOT;12424;16;12420;16;;;12430;8;12434;22;;;12427.0;0.0
yf_ADM_d2;900;ASH_COATED_OSMIUM;9932;7;9928;15;;;9945;16;9947;18;;;9938.5;0.0
yf_ADM_d2;900;INTARIAN_PEPPER_ROOT;12422;13;12420;29;;;12428;16;12431;14;;;12425.0;0.0
yf_ADM_d2;1000;ASH_COATED_OSMIUM;9936;20;9933;19;;;9943;20;9945;22;;;9939.5;0.0
yf_ADM_d2;1000;INTARIAN_PEPPER_ROOT;12420;15;12418;23;;;12426;13;12428;18;;;12423.0;0.0
yf_ADM_d2;1100;ASH_COATED_OSMIUM;9932;14;9930;17;;;9946;21;9950;14;;;9939.0;0.0
yf_ADM_d2;1100;INTARIAN_PEPPER_ROOT;12419;19;12416;10;;;12425;16;12428;31;;;12422.0;0.0
yf_ADM_d2;1200;ASH_COATED_OSMIUM;9936;20;9933;15;;;9942;12;9946;27;;;9939.0;0.0
yf_ADM_d2;1200;INTARIAN_PEPPER_ROOT;12410;16;12408;30;;;12430;12;12433;23;;;12420.0;0.0
yf_ADM_d2;1300;ASH_COATED_OSMIUM;9930;16;9928;24;;;9947;16;9949;18;;;9938.5;0.0
yf_ADM_d2;1300;INTARIAN_PEPPER_ROOT;12413;13;12410;22;;;12423;19;12426;8;;;12418.0;0.0
yf_ADM_d2;1400;ASH_COATED_OSMIUM;9936;5;9932;8;;;9942;16;9946;23;;;9939.0;0.0
yf_ADM_d2;1400;INTARIAN_PEPPER_ROOT;12410;9;12408;18;;;12421;21;12423;12;;;12415.5;0.0
yf_ADM_d2;1500;ASH_COATED_OSMIUM;9932;14;9930;24;;;9946;12;9949;23;;;9939.0;0.0
yf_ADM_d2;1500;INTARIAN_PEPPER_ROOT;12410;15;12406;20;;;12416;15;12420;17;;;12413.0;0.0
yf_ADM_d2;1600;ASH_COATED_OSMIUM;9936;16;9933;17;;;9942;13;9946;13;;;9939.0;0.0
yf_ADM_d2;1600;INTARIAN_PEPPER_ROOT;12409;16;12407;12;;;12415;19;12419;11;;;12412.0;0.0
yf_ADM_d2;1700;ASH_COATED_OSMIUM;9936;20;9932;20;;;9942;12;9944;16;;;9939.0;0.0
yf_ADM_d2;1700;INTARIAN_PEPPER_ROOT;12407;19;12403;22;;;12413;16;12417;25;;;12410.0;0.0
yf_ADM_d2;1800;ASH_COATED_OSMIUM;9937;15;9934;22;;;9943;23;9946;27;;;9940.0;0.0
yf_ADM_d2;1800;INTARIAN_PEPPER_ROOT;12403;13;12400;13;;;12412;15;12414;17;;;12407.5;0.0
yf_ADM_d2;1900;ASH_COATED_OSMIUM;9932;15;9930;15;;;9945;14;9948;18;;;9938.5;0.0
yf_ADM_d2;1900;INTARIAN_PEPPER_ROOT;12403;11;12400;18;;;12409;18;12412;20;;;12406.0;0.0
yf_ADM_d2;2000;ASH_COATED_OSMIUM;9935;6;9932;17;;;9944;19;9948;19;;;9939.5;0.0
yf_ADM_d2;2000;INTARIAN_PEPPER_ROOT;12401;20;12398;19;;;12407;18;12411;26;;;12404.0;0.0
yf_ADM_d2;2100;ASH_COATED_OSMIUM;9936;14;9932;21;;;9942;20;9946;14;;;9939.0;0.0
yf_ADM_d2;2100;INTARIAN_PEPPER_ROOT;12399;9;12395;19;;;12405;13;12409;21;;;12402.0;0.0
yf_ADM_d2;2200;ASH_COATED_OSMIUM;9926;12;9924;10;;;9954;11;9957;18;;;9940.0;0.0
yf_ADM_d2;2200;INTARIAN_PEPPER_ROOT;12397;8;12393;11;;;12403;10;12407;11;;;12400.0;0.0
yf_ADM_d2;2300;ASH_COATED_OSMIUM;9936;8;9934;22;;;9942;18;9946;21;;;9939.0;0.0
yf_ADM_d2;2300;INTARIAN_PEPPER_ROOT;12395;13;12391;24;;;12401;10;12404;18;;;12398.0;0.0
yf_ADM_d2;2400;ASH_COATED_OSMIUM;9936;19;9933;26;;;9942;25;9946;14;;;9939.0;0.0
yf_ADM_d2;2400;INTARIAN_PEPPER_ROOT;12393;19;12390;21;;;12399;14;12402;27;;;12396.0;0.0
yf_ADM_d2;2500;ASH_COATED_OSMIUM;9931;19;9928;22;;;9949;17;9951;21;;;9940.0;0.0
yf_ADM_d2;2500;INTARIAN_PEPPER_ROOT;12380;11;12376;21;;;12407;17;12411;20;;;12393.5;0.0
yf_ADM_d2;2600;ASH_COATED_OSMIUM;9932;10;9928;14;;;9946;20;9948;23;;;9939.0;0.0
yf_ADM_d2;2600;INTARIAN_PEPPER_ROOT;12387;12;12383;20;;;12397;14;12399;17;;;12392.0;0.0
yf_ADM_d2;2700;ASH_COATED_OSMIUM;9936;18;9934;14;;;9942;15;9945;22;;;9939.0;0.0
yf_ADM_d2;2700;INTARIAN_PEPPER_ROOT;12387;19;12383;25;;;12393;14;12396;14;;;12390.0;0.0
yf_ADM_d2;2800;ASH_COATED_OSMIUM;9935;13;9932;26;;;9945;10;9948;21;;;9940.0;0.0
yf_ADM_d2;2800;INTARIAN_PEPPER_ROOT;12385;10;12382;26;;;12391;13;12394;29;;;12388.0;0.0
yf_ADM_d2;2900;ASH_COATED_OSMIUM;9936;29;9932;14;;;9942;18;9944;22;;;9939.0;0.0
yf_ADM_d2;2900;INTARIAN_PEPPER_ROOT;12382;21;12378;21;;;12388;11;12392;16;;;12385.0;0.0
yf_ADM_d2;3000;ASH_COATED_OSMIUM;9936;10;9932;31;;;9943;9;9947;27;;;9939.5;0.0
yf_ADM_d2;3000;INTARIAN_PEPPER_ROOT;12381;10;12379;17;;;12387;13;12390;21;;;12384.0;0.0
yf_ADM_d2;3100;ASH_COATED_OSMIUM;9936;24;9934;30;;;9942;9;9945;16;;;9939.0;0.0
yf_ADM_d2;3100;INTARIAN_PEPPER_ROOT;12379;19;12376;22;;;12385;25;12387;19;;;12382.0;0.0
yf_ADM_d2;3200;ASH_COATED_OSMIUM;9936;10;9933;23;;;9943;13;9946;14;;;9939.5;0.0
yf_ADM_d2;3200;INTARIAN_PEPPER_ROOT;12377;17;12373;13;;;12383;8;12386;27;;;12380.0;0.0
yf_ADM_d2;3300;ASH_COATED_OSMIUM;9932;23;9928;26;;;9947;15;9951;22;;;9939.5;0.0
yf_ADM_d2;3300;INTARIAN_PEPPER_ROOT;12374;19;12371;11;;;12380;15;12383;16;;;12377.0;0.0
yf_ADM_d2;3400;ASH_COATED_OSMIUM;9937;17;9935;20;;;9943;17;9946;22;;;9940.0;0.0
yf_ADM_d2;3400;INTARIAN_PEPPER_ROOT;12372;17;12369;25;;;12379;17;12381;19;;;12375.5;0.0
yf_ADM_d2;3500;ASH_COATED_OSMIUM;9936;26;9933;21;;;9943;20;9945;28;;;9939.5;0.0
yf_ADM_d2;3500;INTARIAN_PEPPER_ROOT;12371;15;12369;11;;;12377;17;12379;25;;;12374.0;0.0
yf_ADM_d2;3600;ASH_COATED_OSMIUM;9937;22;9934;20;;;9943;20;9946;29;;;9940.0;0.0
yf_ADM_d2;3600;INTARIAN_PEPPER_ROOT;12367;20;12364;23;;;12376;15;12379;27;;;12371.5;0.0
yf_ADM_d2;3700;ASH_COATED_OSMIUM;9937;16;9935;22;;;9943;15;9946;21;;;9940.0;0.0
yf_ADM_d2;3700;INTARIAN_PEPPER_ROOT;12367;5;12363;19;;;12373;21;12377;19;;;12370.0;0.0
yf_ADM_d2;3800;ASH_COATED_OSMIUM;9933;17;9931;30;;;9946;13;9950;15;;;9939.5;0.0
yf_ADM_d2;3800;INTARIAN_PEPPER_ROOT;12364;9;12360;15;;;12370;17;12372;25;;;12367.0;0.0
yf_ADM_d2;3900;ASH_COATED_OSMIUM;9936;17;9934;23;;;9944;12;9948;21;;;9940.0;0.0
yf_ADM_d2;3900;INTARIAN_PEPPER_ROOT;12363;18;12360;22;;;12369;13;12372;14;;;12366.0;0.0
yf_ADM_d2;4000;ASH_COATED_OSMIUM;9935;17;9932;17;;;9945;24;9947;29;;;9940.0;0.0
yf_ADM_d2;4000;INTARIAN_PEPPER_ROOT;12358;15;12355;25;;;12368;19;12371;22;;;12363.0;0.0
yf_ADM_d2;4100;ASH_COATED_OSMIUM;9936;25;9933;19;;;9942;15;9944;16;;;9939.0;0.0
yf_ADM_d2;4100;INTARIAN_PEPPER_ROOT;12358;6;12354;22;;;12364;22;12367;21;;;12361.0;0.0
yf_ADM_d2;4200;ASH_COATED_OSMIUM;9937;13;9934;30;;;9943;10;9945;25;;;9940.0;0.0
yf_ADM_d2;4200;INTARIAN_PEPPER_ROOT;12357;8;12354;21;;;12363;9;12366;23;;;12360.0;0.0
yf_ADM_d2;4300;ASH_COATED_OSMIUM;9937;24;9934;14;;;9943;16;9946;16;;;9940.0;0.0
yf_ADM_d2;4300;INTARIAN_PEPPER_ROOT;12351;5;12347;16;;;12364;11;12368;17;;;12357.5;0.0
yf_ADM_d2;4400;ASH_COATED_OSMIUM;9930;12;9926;33;;;9949;13;9952;20;;;9939.5;0.0
yf_ADM_d2;4400;INTARIAN_PEPPER_ROOT;12344;12;12342;25;;;12367;17;12370;22;;;12355.5;0.0
yf_ADM_d2;4500;ASH_COATED_OSMIUM;9937;11;9935;25;;;9943;17;9945;16;;;9940.0;0.0
yf_ADM_d2;4500;INTARIAN_PEPPER_ROOT;12350;13;12347;26;;;12356;17;12358;14;;;12353.0;0.0
yf_ADM_d2;4600;ASH_COATED_OSMIUM;9937;22;9935;24;;;9943;17;9947;17;;;9940.0;0.0
yf_ADM_d2;4600;INTARIAN_PEPPER_ROOT;12347;23;12343;19;;;12355;11;12357;12;;;12351.0;0.0
yf_ADM_d2;4700;ASH_COATED_OSMIUM;9937;6;9934;28;;;9943;22;9945;26;;;9940.0;0.0
yf_ADM_d2;4700;INTARIAN_PEPPER_ROOT;12344;20;12340;19;;;12356;11;12359;24;;;12350.0;0.0
yf_ADM_d2;4800;ASH_COATED_OSMIUM;9938;5;9936;16;;;9944;14;9947;13;;;9941.0;0.0
yf_ADM_d2;4800;INTARIAN_PEPPER_ROOT;12344;10;12342;17;;;12351;22;12355;20;;;12347.5;0.0
yf_ADM_d2;4900;ASH_COATED_OSMIUM;9935;16;9933;24;;;9946;13;9948;26;;;9940.5;0.0
yf_ADM_d2;4900;INTARIAN_PEPPER_ROOT;12338;16;12336;25;;;12353;8;12357;24;;;12345.5;0.0
yf_ADM_d2;5000;ASH_COATED_OSMIUM;9937;14;9934;19;;;9943;6;9947;31;;;9940.0;0.0
yf_ADM_d2;5000;INTARIAN_PEPPER_ROOT;12340;23;12338;8;;;12346;20;12348;12;;;12343.0;0.0
yf_ADM_d2;5100;ASH_COATED_OSMIUM;9928;12;9924;21;;;9952;11;9955;18;;;9940.0;0.0
yf_ADM_d2;5100;INTARIAN_PEPPER_ROOT;12337;5;12333;19;;;12345;12;12349;21;;;12341.0;0.0
yf_ADM_d2;5200;ASH_COATED_OSMIUM;9924;17;9921;19;;;9957;13;9959;8;;;9940.5;0.0
yf_ADM_d2;5200;INTARIAN_PEPPER_ROOT;12336;14;12332;16;;;12342;18;12345;24;;;12339.0;0.0
yf_ADM_d2;5300;ASH_COATED_OSMIUM;9937;18;9934;20;;;9943;18;9945;23;;;9940.0;0.0
yf_ADM_d2;5300;INTARIAN_PEPPER_ROOT;12335;15;12332;21;;;12341;7;12345;18;;;12338.0;0.0
yf_ADM_d2;5400;ASH_COATED_OSMIUM;9937;18;9935;19;;;9943;20;9945;28;;;9940.0;0.0
yf_ADM_d2;5400;INTARIAN_PEPPER_ROOT;12332;14;12329;21;;;12338;9;12340;26;;;12335.0;0.0
yf_ADM_d2;5500;ASH_COATED_OSMIUM;9937;14;9935;19;;;9943;9;9946;21;;;9940.0;0.0
yf_ADM_d2;5500;INTARIAN_PEPPER_ROOT;12330;18;12327;15;;;12336;14;12340;29;;;12333.0;0.0
yf_ADM_d2;5600;ASH_COATED_OSMIUM;9937;8;9935;20;;;9943;11;9945;10;;;9940.0;0.0
yf_ADM_d2;5600;INTARIAN_PEPPER_ROOT;12327;20;12325;22;;;12336;12;12338;15;;;12331.5;0.0
yf_ADM_d2;5700;ASH_COATED_OSMIUM;9932;11;9929;14;;;9948;15;9952;21;;;9940.0;0.0
yf_ADM_d2;5700;INTARIAN_PEPPER_ROOT;12326;21;12324;19;;;12332;18;12334;19;;;12329.0;0.0
yf_ADM_d2;5800;ASH_COATED_OSMIUM;9937;9;9935;23;;;9943;19;9947;26;;;9940.0;0.0
yf_ADM_d2;5800;INTARIAN_PEPPER_ROOT;12323;19;12321;21;;;12331;13;12333;21;;;12327.0;0.0
yf_ADM_d2;5900;ASH_COATED_OSMIUM;9937;20;9934;17;;;9943;13;9947;12;;;9940.0;0.0
yf_ADM_d2;5900;INTARIAN_PEPPER_ROOT;12322;10;12319;11;;;12328;13;12332;16;;;12325.0;0.0
yf_ADM_d2;6000;ASH_COATED_OSMIUM;9937;14;9935;17;;;9946;11;9948;35;;;9941.5;0.0
yf_ADM_d2;6000;INTARIAN_PEPPER_ROOT;12315;13;12311;17;;;12333;15;12336;21;;;12324.0;0.0
yf_ADM_d2;6100;ASH_COATED_OSMIUM;9935;14;9933;22;;;9945;11;9947;19;;;9940.0;0.0
yf_ADM_d2;6100;INTARIAN_PEPPER_ROOT;12316;20;12312;18;;;12326;15;12328;26;;;12321.0;0.0
yf_ADM_d2;6200;ASH_COATED_OSMIUM;9936;18;9933;15;;;9943;14;9945;15;;;9939.5;0.0
yf_ADM_d2;6200;INTARIAN_PEPPER_ROOT;12313;20;12310;28;;;12325;19;12329;25;;;12319.0;0.0
yf_ADM_d2;6300;ASH_COATED_OSMIUM;9938;17;9935;18;;;9944;16;9946;24;;;9941.0;0.0
yf_ADM_d2;6300;INTARIAN_PEPPER_ROOT;12314;6;12310;19;;;12320;8;12322;22;;;12317.0;0.0
yf_ADM_d2;6400;ASH_COATED_OSMIUM;9936;14;9934;23;;;9945;20;9949;17;;;9940.5;0.0
yf_ADM_d2;6400;INTARIAN_PEPPER_ROOT;12304;11;12302;16;;;12325;5;12327;23;;;12314.5;0.0
yf_ADM_d2;6500;ASH_COATED_OSMIUM;9937;15;9933;23;;;9943;13;9945;15;;;9940.0;0.0
yf_ADM_d2;6500;INTARIAN_PEPPER_ROOT;12309;13;12307;14;;;12317;15;12319;28;;;12313.0;0.0
yf_ADM_d2;6600;ASH_COATED_OSMIUM;9937;10;9935;24;;;9943;13;9946;13;;;9940.0;0.0
yf_ADM_d2;6600;INTARIAN_PEPPER_ROOT;12308;16;12306;16;;;12314;8;12317;19;;;12311.0;0.0
yf_ADM_d2;6700;ASH_COATED_OSMIUM;9938;10;9936;17;;;9944;17;9947;18;;;9941.0;0.0
yf_ADM_d2;6700;INTARIAN_PEPPER_ROOT;12306;17;12303;20;;;12314;13;12317;22;;;12310.0;0.0
yf_ADM_d2;6800;ASH_COATED_OSMIUM;9934;13;9932;19;;;9946;22;9948;11;;;9940.0;0.0
yf_ADM_d2;6800;INTARIAN_PEPPER_ROOT;12304;9;12302;18;;;12310;13;12312;16;;;12307.0;0.0
yf_ADM_d2;6900;ASH_COATED_OSMIUM;9938;17;9935;28;;;9944;19;9948;12;;;9941.0;0.0
yf_ADM_d2;6900;INTARIAN_PEPPER_ROOT;12302;12;12299;20;;;12308;8;12312;18;;;12305.0;0.0
yf_ADM_d2;7000;ASH_COATED_OSMIUM;9938;11;9936;19;;;9944;10;9948;8;;;9941.0;0.0
yf_ADM_d2;7000;INTARIAN_PEPPER_ROOT;12296;11;12293;27;;;12311;13;12314;20;;;12303.5;0.0
yf_ADM_d2;7100;ASH_COATED_OSMIUM;9937;11;9933;27;;;9944;18;9946;25;;;9940.5;0.0
yf_ADM_d2;7100;INTARIAN_PEPPER_ROOT;12292;5;12288;26;;;12310;29;12312;20;;;12301.0;0.0
yf_ADM_d2;7200;ASH_COATED_OSMIUM;9938;16;9935;13;;;9944;18;9948;14;;;9941.0;0.0
yf_ADM_d2;7200;INTARIAN_PEPPER_ROOT;12296;18;12294;20;;;12302;12;12305;19;;;12299.0;0.0
yf_ADM_d2;7300;ASH_COATED_OSMIUM;9938;21;9935;22;;;9944;20;9948;22;;;9941.0;0.0
yf_ADM_d2;7300;INTARIAN_PEPPER_ROOT;12294;17;12291;17;;;12300;12;12302;18;;;12297.0;0.0
yf_ADM_d2;7400;ASH_COATED_OSMIUM;9938;19;9936;23;;;9944;15;9947;26;;;9941.0;0.0
yf_ADM_d2;7400;INTARIAN_PEPPER_ROOT;12280;22;12277;21;;;12309;11;12311;11;;;12294.5;0.0
yf_ADM_d2;7500;ASH_COATED_OSMIUM;9933;19;9930;19;;;9950;24;9952;19;;;9941.5;0.0
yf_ADM_d2;7500;INTARIAN_PEPPER_ROOT;12290;14;12288;21;;;12296;14;12298;22;;;12293.0;0.0
yf_ADM_d2;7600;ASH_COATED_OSMIUM;9938;17;9934;19;;;9944;26;9946;18;;;9941.0;0.0
yf_ADM_d2;7600;INTARIAN_PEPPER_ROOT;12288;17;12285;16;;;12294;20;12297;12;;;12291.0;0.0
yf_ADM_d2;7700;ASH_COATED_OSMIUM;9935;23;9932;18;;;9947;20;9951;18;;;9941.0;0.0
yf_ADM_d2;7700;INTARIAN_PEPPER_ROOT;12286;17;12282;22;;;12292;15;12294;17;;;12289.0;0.0
yf_ADM_d2;7800;ASH_COATED_OSMIUM;9938;11;9935;17;;;9944;15;9946;26;;;9941.0;0.0
yf_ADM_d2;7800;INTARIAN_PEPPER_ROOT;12284;18;12281;19;;;12291;7;12294;21;;;12287.5;0.0
yf_ADM_d2;7900;ASH_COATED_OSMIUM;9939;12;9937;20;;;9945;16;9948;16;;;9942.0;0.0
yf_ADM_d2;7900;INTARIAN_PEPPER_ROOT;12282;5;12278;23;;;12288;21;12291;17;;;12285.0;0.0
yf_ADM_d2;8000;ASH_COATED_OSMIUM;9936;9;9934;25;;;9947;18;9950;26;;;9941.5;0.0
yf_ADM_d2;8000;INTARIAN_PEPPER_ROOT;12279;8;12276;17;;;12286;17;12289;21;;;12282.5;0.0
yf_ADM_d2;8100;ASH_COATED_OSMIUM;9938;15;9934;19;;;9944;12;9946;19;;;9941.0;0.0
yf_ADM_d2;8100;INTARIAN_PEPPER_ROOT;12278;18;12276;22;;;12284;18;12288;17;;;12281.0;0.0
yf_ADM_d2;8200;ASH_COATED_OSMIUM;9938;22;9934;24;;;9944;24;9948;17;;;9941.0;0.0
yf_ADM_d2;8200;INTARIAN_PEPPER_ROOT;12268;16;12264;19;;;12291;18;12294;17;;;12279.5;0.0
yf_ADM_d2;8300;ASH_COATED_OSMIUM;9934;16;9930;13;;;9948;15;9951;22;;;9941.0;0.0
yf_ADM_d2;8300;INTARIAN_PEPPER_ROOT;12274;6;12270;22;;;12280;27;12282;20;;;12277.0;0.0
yf_ADM_d2;8400;ASH_COATED_OSMIUM;9939;15;9935;25;;;9945;20;9949;17;;;9942.0;0.0
yf_ADM_d2;8400;INTARIAN_PEPPER_ROOT;12272;18;12269;26;;;12278;9;12280;15;;;12275.0;0.0
yf_ADM_d2;8500;ASH_COATED_OSMIUM;9939;19;9936;15;;;9945;16;9947;23;;;9942.0;0.0
yf_ADM_d2;8500;INTARIAN_PEPPER_ROOT;12268;12;12264;25;;;12278;13;12282;23;;;12273.0;0.0
yf_ADM_d2;8600;ASH_COATED_OSMIUM;9938;12;9935;22;;;9944;10;9948;19;;;9941.0;0.0
yf_ADM_d2;8600;INTARIAN_PEPPER_ROOT;12268;18;12265;18;;;12274;18;12276;26;;;12271.0;0.0
yf_ADM_d2;8700;ASH_COATED_OSMIUM;9938;14;9935;23;;;9944;18;9946;18;;;9941.0;0.0
yf_ADM_d2;8700;INTARIAN_PEPPER_ROOT;12265;16;12263;13;;;12271;15;12274;26;;;12268.0;0.0
yf_ADM_d2;8800;ASH_COATED_OSMIUM;9920;23;9916;15;;;9964;15;9966;20;;;9942.0;0.0
yf_ADM_d2;8800;INTARIAN_PEPPER_ROOT;12264;23;12261;22;;;12270;15;12273;20;;;12267.0;0.0
yf_ADM_d2;8900;ASH_COATED_OSMIUM;9931;15;9928;22;;;9952;10;9956;16;;;9941.5;0.0
yf_ADM_d2;8900;INTARIAN_PEPPER_ROOT;12260;16;12256;30;;;12271;18;12275;24;;;12265.5;0.0
yf_ADM_d2;9000;ASH_COATED_OSMIUM;9933;13;9930;20;;;9949;12;9952;12;;;9941.0;0.0
yf_ADM_d2;9000;INTARIAN_PEPPER_ROOT;12258;14;12254;18;;;12267;8;12270;17;;;12262.5;0.0
yf_ADM_d2;9100;ASH_COATED_OSMIUM;9939;20;9935;16;;;9945;21;9949;18;;;9942.0;0.0
yf_ADM_d2;9100;INTARIAN_PEPPER_ROOT;12258;10;12254;14;;;12264;9;12266;24;;;12261.0;0.0
yf_ADM_d2;9200;ASH_COATED_OSMIUM;9939;11;9936;8;;;9945;22;9948;16;;;9942.0;0.0
yf_ADM_d2;9200;INTARIAN_PEPPER_ROOT;12253;15;12249;19;;;12265;10;12268;17;;;12259.0;0.0
yf_ADM_d2;9300;ASH_COATED_OSMIUM;9938;21;9934;16;;;9944;14;9947;17;;;9941.0;0.0
yf_ADM_d2;9300;INTARIAN_PEPPER_ROOT;12253;24;12251;12;;;12260;19;12263;16;;;12256.5;0.0
yf_ADM_d2;9400;ASH_COATED_OSMIUM;9939;20;9935;17;;;9945;14;9949;16;;;9942.0;0.0
yf_ADM_d2;9400;INTARIAN_PEPPER_ROOT;12247;11;12245;25;;;12264;14;12267;15;;;12255.5;0.0
yf_ADM_d2;9500;ASH_COATED_OSMIUM;9936;16;9933;24;;;9948;11;9950;19;;;9942.0;0.0
yf_ADM_d2;9500;INTARIAN_PEPPER_ROOT;12249;9;12245;14;;;12256;16;12258;16;;;12252.5;0.0
yf_ADM_d2;9600;ASH_COATED_OSMIUM;9939;12;9936;25;;;9945;10;9949;22;;;9942.0;0.0
yf_ADM_d2;9600;INTARIAN_PEPPER_ROOT;12248;10;12244;15;;;12254;24;12256;20;;;12251.0;0.0
yf_ADM_d2;9700;ASH_COATED_OSMIUM;9939;21;9937;13;;;9945;15;9947;15;;;9942.0;0.0
yf_ADM_d2;9700;INTARIAN_PEPPER_ROOT;12246;21;12243;13;;;12252;22;12254;35;;;12249.0;0.0
yf_ADM_d2;9800;ASH_COATED_OSMIUM;9928;9;9926;20;;;9956;8;9960;16;;;9942.0;0.0
yf_ADM_d2;9800;INTARIAN_PEPPER_ROOT;12243;19;12240;24;;;12250;19;12252;19;;;12246.5;0.0
yf_ADM_d2;9900;ASH_COATED_OSMIUM;9939;16;9936;17;;;9945;16;9948;18;;;9942.0;0.0
yf_ADM_d2;9900;INTARIAN_PEPPER_ROOT;12241;5;12239;22;;;12247;28;12251;8;;;12244.0;0.0
yf_ADM_d2;10000;ASH_COATED_OSMIUM;9929;7;9925;29;;;9953;6;9956;21;;;9941.0;0.0
yf_ADM_d2;10000;INTARIAN_PEPPER_ROOT;12240;16;12238;24;;;12246;20;12248;15;;;12243.0;0.0
yf_ADM_d2;10100;ASH_COATED_OSMIUM;9938;11;9935;14;;;9944;20;9946;23;;;9941.0;0.0
yf_ADM_d2;10100;INTARIAN_PEPPER_ROOT;12234;18;12230;17;;;12247;19;12249;15;;;12240.5;0.0
yf_ADM_d2;10200;ASH_COATED_OSMIUM;9939;13;9936;18;;;9945;16;9949;11;;;9942.0;0.0
yf_ADM_d2;10200;INTARIAN_PEPPER_ROOT;12236;19;12234;12;;;12242;10;12244;14;;;12239.0;0.0
yf_ADM_d2;10300;ASH_COATED_OSMIUM;9939;5;9936;21;;;9945;11;9949;13;;;9942.0;0.0
yf_ADM_d2;10300;INTARIAN_PEPPER_ROOT;12232;5;12230;21;;;12241;15;12244;23;;;12236.5;0.0
yf_ADM_d2;10400;ASH_COATED_OSMIUM;9936;12;9933;17;;;9947;17;9951;22;;;9941.5;0.0
yf_ADM_d2;10400;INTARIAN_PEPPER_ROOT;12230;22;12228;23;;;12239;10;12243;18;;;12234.5;0.0
yf_ADM_d2;10500;ASH_COATED_OSMIUM;9939;7;9935;19;;;9945;19;9949;21;;;9942.0;0.0
yf_ADM_d2;10500;INTARIAN_PEPPER_ROOT;12230;13;12226;18;;;12236;11;12238;16;;;12233.0;0.0
yf_ADM_d2;10600;ASH_COATED_OSMIUM;9940;12;9936;23;;;9946;20;9949;14;;;9943.0;0.0
yf_ADM_d2;10600;INTARIAN_PEPPER_ROOT;12228;10;12226;16;;;12234;19;12237;24;;;12231.0;0.0
yf_ADM_d2;10700;ASH_COATED_OSMIUM;9939;9;9936;20;;;9946;18;9948;22;;;9942.5;0.0
yf_ADM_d2;10700;INTARIAN_PEPPER_ROOT;12226;14;12222;17;;;12232;12;12236;25;;;12229.0;0.0
yf_ADM_d2;10800;ASH_COATED_OSMIUM;9939;16;9937;16;;;9945;15;9949;16;;;9942.0;0.0
yf_ADM_d2;10800;INTARIAN_PEPPER_ROOT;12220;13;12216;19;;;12232;18;12234;16;;;12226.0;0.0
yf_ADM_d2;10900;ASH_COATED_OSMIUM;9939;14;9936;22;;;9945;11;9947;25;;;9942.0;0.0
yf_ADM_d2;10900;INTARIAN_PEPPER_ROOT;12220;14;12216;16;;;12229;12;12233;14;;;12224.5;0.0
yf_ADM_d2;11000;ASH_COATED_OSMIUM;9940;11;9938;15;;;9946;14;9948;22;;;9943.0;0.0
yf_ADM_d2;11000;INTARIAN_PEPPER_ROOT;12213;11;12209;24;;;12232;19;12235;17;;;12222.5;0.0
yf_ADM_d2;11100;ASH_COATED_OSMIUM;9938;17;9934;19;;;9947;9;9951;10;;;9942.5;0.0
yf_ADM_d2;11100;INTARIAN_PEPPER_ROOT;12218;27;12214;23;;;12224;17;12227;18;;;12221.0;0.0
yf_ADM_d2;11200;ASH_COATED_OSMIUM;9930;7;9928;20;;;9954;14;9958;22;;;9942.0;0.0
yf_ADM_d2;11200;INTARIAN_PEPPER_ROOT;12216;14;12213;23;;;12222;20;12225;17;;;12219.0;0.0
yf_ADM_d2;11300;ASH_COATED_OSMIUM;9927;5;9925;21;;;9957;6;9960;8;;;9942.0;0.0
yf_ADM_d2;11300;INTARIAN_PEPPER_ROOT;12214;20;12210;32;;;12220;12;12223;15;;;12217.0;0.0
yf_ADM_d2;11400;ASH_COATED_OSMIUM;9939;18;9935;25;;;9945;23;9948;14;;;9942.0;0.0
yf_ADM_d2;11400;INTARIAN_PEPPER_ROOT;12212;16;12209;25;;;12218;18;12220;17;;;12215.0;0.0
yf_ADM_d2;11500;ASH_COATED_OSMIUM;9939;21;9936;18;;;9945;15;9947;21;;;9942.0;0.0
yf_ADM_d2;11500;INTARIAN_PEPPER_ROOT;12205;12;12203;19;;;12221;18;12224;16;;;12213.0;0.0
yf_ADM_d2;11600;ASH_COATED_OSMIUM;9939;24;9937;19;;;9946;11;9948;19;;;9942.5;0.0
yf_ADM_d2;11600;INTARIAN_PEPPER_ROOT;12207;7;12203;13;;;12213;13;12217;20;;;12210.0;0.0
yf_ADM_d2;11700;ASH_COATED_OSMIUM;9939;12;9935;27;;;9945;13;9949;12;;;9942.0;0.0
yf_ADM_d2;11700;INTARIAN_PEPPER_ROOT;12198;5;12195;20;;;12219;9;12221;22;;;12208.5;0.0
yf_ADM_d2;11800;ASH_COATED_OSMIUM;9940;15;9938;13;;;9946;20;9948;18;;;9943.0;0.0
yf_ADM_d2;11800;INTARIAN_PEPPER_ROOT;12204;15;12201;19;;;12210;16;12212;17;;;12207.0;0.0
yf_ADM_d2;11900;ASH_COATED_OSMIUM;9919;16;9916;17;;;9966;20;9969;15;;;9942.5;0.0
yf_ADM_d2;11900;INTARIAN_PEPPER_ROOT;12201;16;12197;22;;;12210;17;12212;23;;;12205.5;0.0
yf_ADM_d2;12000;ASH_COATED_OSMIUM;9936;15;9932;17;;;9949;12;9952;11;;;9942.5;0.0
yf_ADM_d2;12000;INTARIAN_PEPPER_ROOT;12198;24;12196;18;;;12208;11;12210;22;;;12203.0;0.0
yf_ADM_d2;12100;ASH_COATED_OSMIUM;9937;21;9933;17;;;9949;12;9952;23;;;9943.0;0.0
yf_ADM_d2;12100;INTARIAN_PEPPER_ROOT;12196;19;12194;17;;;12205;14;12207;10;;;12200.5;0.0
yf_ADM_d2;12200;ASH_COATED_OSMIUM;9938;10;9935;24;;;9947;19;9950;15;;;9942.5;0.0
yf_ADM_d2;12200;INTARIAN_PEPPER_ROOT;12196;5;12192;22;;;12202;18;12204;14;;;12199.0;0.0
yf_ADM_d2;12300;ASH_COATED_OSMIUM;9939;20;9935;25;;;9945;18;9947;25;;;9942.0;0.0
yf_ADM_d2;12300;INTARIAN_PEPPER_ROOT;12194;11;12191;23;;;12200;7;12203;21;;;12197.0;0.0
yf_ADM_d2;12400;ASH_COATED_OSMIUM;9938;13;9936;29;;;9948;11;9951;17;;;9943.0;0.0
yf_ADM_d2;12400;INTARIAN_PEPPER_ROOT;12192;21;12188;19;;;12198;15;12202;10;;;12195.0;0.0
yf_ADM_d2;12500;ASH_COATED_OSMIUM;9938;11;9936;22;;;9948;22;9950;20;;;9943.0;0.0
yf_ADM_d2;12500;INTARIAN_PEPPER_ROOT;12190;19;12188;21;;;12196;8;12199;27;;;12193.0;0.0
yf_ADM_d2;12600;ASH_COATED_OSMIUM;9939;12;9937;16;;;9945;19;9949;20;;;9942.0;0.0
yf_ADM_d2;12600;INTARIAN_PEPPER_ROOT;12181;21;12179;22;;;12200;18;12203;24;;;12190.5;0.0
yf_ADM_d2;12700;ASH_COATED_OSMIUM;9940;17;9936;15;;;9946;11;9948;28;;;9943.0;0.0
yf_ADM_d2;12700;INTARIAN_PEPPER_ROOT;12186;15;12182;21;;;12192;15;12196;15;;;12189.0;0.0
yf_ADM_d2;12800;ASH_COATED_OSMIUM;9936;10;9932;14;;;9951;13;9953;23;;;9943.5;0.0
yf_ADM_d2;12800;INTARIAN_PEPPER_ROOT;12183;22;12179;18;;;12189;16;12191;26;;;12186.0;0.0
yf_ADM_d2;12900;ASH_COATED_OSMIUM;9936;9;9933;19;;;9949;18;9951;15;;;9942.5;0.0
yf_ADM_d2;12900;INTARIAN_PEPPER_ROOT;12182;13;12179;21;;;12188;14;12191;22;;;12185.0;0.0
yf_ADM_d2;13000;ASH_COATED_OSMIUM;9940;22;9936;17;;;9946;14;9949;21;;;9943.0;0.0
yf_ADM_d2;13000;INTARIAN_PEPPER_ROOT;12179;5;12176;15;;;12185;5;12188;17;;;12182.0;0.0
yf_ADM_d2;13100;ASH_COATED_OSMIUM;9930;7;9927;25;;;9956;5;9958;19;;;9943.0;0.0
yf_ADM_d2;13100;INTARIAN_PEPPER_ROOT;12177;22;12173;21;;;12184;12;12187;22;;;12180.5;0.0
yf_ADM_d2;13200;ASH_COATED_OSMIUM;9940;14;9938;19;;;9946;21;9948;20;;;9943.0;0.0
yf_ADM_d2;13200;INTARIAN_PEPPER_ROOT;12176;18;12173;27;;;12183;19;12187;17;;;12179.5;0.0
yf_ADM_d2;13300;ASH_COATED_OSMIUM;9935;7;9932;17;;;9950;26;9953;18;;;9942.5;0.0
yf_ADM_d2;13300;INTARIAN_PEPPER_ROOT;12173;17;12169;19;;;12179;17;12181;17;;;12176.0;0.0
yf_ADM_d2;13400;ASH_COATED_OSMIUM;9938;23;9934;22;;;9946;15;9950;15;;;9942.0;0.0
yf_ADM_d2;13400;INTARIAN_PEPPER_ROOT;12171;16;12169;26;;;12177;28;12180;16;;;12174.0;0.0
yf_ADM_d2;13500;ASH_COATED_OSMIUM;9940;19;9938;22;;;9947;7;9949;24;;;9943.5;0.0
yf_ADM_d2;13500;INTARIAN_PEPPER_ROOT;12169;15;12167;29;;;12177;21;12180;23;;;12173.0;0.0
yf_ADM_d2;13600;ASH_COATED_OSMIUM;9940;12;9936;17;;;9946;14;9949;26;;;9943.0;0.0
yf_ADM_d2;13600;INTARIAN_PEPPER_ROOT;12168;22;12166;33;;;12174;22;12176;20;;;12171.0;0.0
yf_ADM_d2;13700;ASH_COATED_OSMIUM;9937;17;9934;15;;;9950;12;9954;13;;;9943.5;0.0
yf_ADM_d2;13700;INTARIAN_PEPPER_ROOT;12161;19;12158;24;;;12177;16;12179;20;;;12169.0;0.0
yf_ADM_d2;13800;ASH_COATED_OSMIUM;9940;9;9936;21;;;9947;9;9949;12;;;9943.5;0.0
yf_ADM_d2;13800;INTARIAN_PEPPER_ROOT;12157;15;12153;21;;;12176;17;12179;12;;;12166.5;0.0
yf_ADM_d2;13900;ASH_COATED_OSMIUM;9940;14;9936;21;;;9946;5;9949;17;;;9943.0;0.0
yf_ADM_d2;13900;INTARIAN_PEPPER_ROOT;12162;12;12160;8;;;12168;12;12171;24;;;12165.0;0.0
yf_ADM_d2;14000;ASH_COATED_OSMIUM;9928;14;9926;23;;;9958;18;9960;18;;;9943.0;0.0
yf_ADM_d2;14000;INTARIAN_PEPPER_ROOT;12160;16;12157;26;;;12166;6;12170;16;;;12163.0;0.0
yf_ADM_d2;14100;ASH_COATED_OSMIUM;9940;12;9937;14;;;9946;17;9949;9;;;9943.0;0.0
yf_ADM_d2;14100;INTARIAN_PEPPER_ROOT;12155;16;12153;26;;;12166;18;12170;19;;;12160.5;0.0
yf_ADM_d2;14200;ASH_COATED_OSMIUM;9938;12;9934;24;;;9949;14;9953;25;;;9943.5;0.0
yf_ADM_d2;14200;INTARIAN_PEPPER_ROOT;12155;21;12151;19;;;12161;21;12165;17;;;12158.0;0.0
yf_ADM_d2;14300;ASH_COATED_OSMIUM;9940;13;9937;14;;;9947;8;9951;24;;;9943.5;0.0
yf_ADM_d2;14300;INTARIAN_PEPPER_ROOT;12150;13;12148;16;;;12163;21;12167;19;;;12156.5;0.0
yf_ADM_d2;14400;ASH_COATED_OSMIUM;9935;12;9933;30;;;9952;21;9956;18;;;9943.5;0.0
yf_ADM_d2;14400;INTARIAN_PEPPER_ROOT;12151;10;12149;19;;;12157;13;12159;22;;;12154.0;0.0
yf_ADM_d2;14500;ASH_COATED_OSMIUM;9940;11;9937;9;;;9946;16;9950;16;;;9943.0;0.0
yf_ADM_d2;14500;INTARIAN_PEPPER_ROOT;12149;14;12147;17;;;12155;11;12159;10;;;12152.0;0.0
yf_ADM_d2;14600;ASH_COATED_OSMIUM;9935;5;9932;27;;;9951;13;9953;22;;;9943.0;0.0
yf_ADM_d2;14600;INTARIAN_PEPPER_ROOT;12148;13;12146;21;;;12154;10;12158;12;;;12151.0;0.0
yf_ADM_d2;14700;ASH_COATED_OSMIUM;9936;17;9932;23;;;9950;11;9954;16;;;9943.0;0.0
yf_ADM_d2;14700;INTARIAN_PEPPER_ROOT;12140;19;12138;25;;;12156;15;12158;21;;;12148.0;0.0
yf_ADM_d2;14800;ASH_COATED_OSMIUM;9941;17;9937;17;;;9947;18;9949;26;;;9944.0;0.0
yf_ADM_d2;14800;INTARIAN_PEPPER_ROOT;12143;16;12141;20;;;12149;18;12153;13;;;12146.0;0.0
yf_ADM_d2;14900;ASH_COATED_OSMIUM;9941;19;9938;31;;;9947;13;9950;21;;;9944.0;0.0
yf_ADM_d2;14900;INTARIAN_PEPPER_ROOT;12142;10;12138;19;;;12148;18;12152;15;;;12145.0;0.0
yf_ADM_d2;15000;ASH_COATED_OSMIUM;9940;9;9938;23;;;9947;23;9949;17;;;9943.5;0.0
yf_ADM_d2;15000;INTARIAN_PEPPER_ROOT;12140;15;12137;17;;;12146;13;12150;25;;;12143.0;0.0
yf_ADM_d2;15100;ASH_COATED_OSMIUM;9936;14;9933;22;;;9951;13;9953;32;;;9943.5;0.0
yf_ADM_d2;15100;INTARIAN_PEPPER_ROOT;12131;11;12128;16;;;12151;18;12153;13;;;12141.0;0.0
yf_ADM_d2;15200;ASH_COATED_OSMIUM;9939;19;9937;15;;;9948;12;9950;15;;;9943.5;0.0
yf_ADM_d2;15200;INTARIAN_PEPPER_ROOT;12135;24;12133;25;;;12141;18;12145;16;;;12138.0;0.0
yf_ADM_d2;15300;ASH_COATED_OSMIUM;9941;9;9937;15;;;9947;6;9949;24;;;9944.0;0.0
yf_ADM_d2;15300;INTARIAN_PEPPER_ROOT;12131;26;12129;19;;;12142;10;12144;15;;;12136.5;0.0
yf_ADM_d2;15400;ASH_COATED_OSMIUM;9941;17;9937;19;;;9947;14;9951;23;;;9944.0;0.0
yf_ADM_d2;15400;INTARIAN_PEPPER_ROOT;12126;17;12124;22;;;12142;12;12146;21;;;12134.0;0.0
yf_ADM_d2;15500;ASH_COATED_OSMIUM;9941;24;9938;17;;;9947;18;9951;19;;;9944.0;0.0
yf_ADM_d2;15500;INTARIAN_PEPPER_ROOT;12128;12;12125;20;;;12137;17;12141;17;;;12132.5;0.0
yf_ADM_d2;15600;ASH_COATED_OSMIUM;9941;15;9937;24;;;9947;13;9951;13;;;9944.0;0.0
yf_ADM_d2;15600;INTARIAN_PEPPER_ROOT;12127;11;12123;19;;;12133;16;12135;8;;;12130.0;0.0
yf_ADM_d2;15700;ASH_COATED_OSMIUM;9941;13;9939;18;;;9947;19;9950;18;;;9944.0;0.0
yf_ADM_d2;15700;INTARIAN_PEPPER_ROOT;12126;16;12124;23;;;12132;15;12135;23;;;12129.0;0.0
yf_ADM_d2;15800;ASH_COATED_OSMIUM;9940;20;9938;18;;;9948;10;9950;18;;;9944.0;0.0
yf_ADM_d2;15800;INTARIAN_PEPPER_ROOT;12123;9;12121;20;;;12129;15;12131;22;;;12126.0;0.0
yf_ADM_d2;15900;ASH_COATED_OSMIUM;9939;7;9935;20;;;9950;5;9952;16;;;9944.5;0.0
yf_ADM_d2;15900;INTARIAN_PEPPER_ROOT;12122;12;12118;15;;;12128;9;12131;8;;;12125.0;0.0
yf_ADM_d2;16000;ASH_COATED_OSMIUM;9941;8;9939;17;;;9947;14;9950;24;;;9944.0;0.0
yf_ADM_d2;16000;INTARIAN_PEPPER_ROOT;12119;11;12116;27;;;12125;23;12128;18;;;12122.0;0.0
yf_ADM_d2;16100;ASH_COATED_OSMIUM;9941;23;9939;20;;;9947;12;9949;8;;;9944.0;0.0
yf_ADM_d2;16100;INTARIAN_PEPPER_ROOT;12118;21;12114;9;;;12124;22;12126;19;;;12121.0;0.0
yf_ADM_d2;16200;ASH_COATED_OSMIUM;9938;5;9935;10;;;9949;17;9951;18;;;9943.5;0.0
yf_ADM_d2;16200;INTARIAN_PEPPER_ROOT;12116;16;12113;22;;;12122;17;12124;24;;;12119.0;0.0
yf_ADM_d2;16300;ASH_COATED_OSMIUM;9941;18;9938;19;;;9947;16;9951;22;;;9944.0;0.0
yf_ADM_d2;16300;INTARIAN_PEPPER_ROOT;12109;14;12107;18;;;12123;20;12127;17;;;12116.0;0.0
yf_ADM_d2;16400;ASH_COATED_OSMIUM;9941;15;9939;16;;;9948;21;9952;18;;;9944.5;0.0
yf_ADM_d2;16400;INTARIAN_PEPPER_ROOT;12111;10;12107;10;;;12118;17;12122;26;;;12114.5;0.0
yf_ADM_d2;16500;ASH_COATED_OSMIUM;9941;24;9939;18;;;9947;14;9951;8;;;9944.0;0.0
yf_ADM_d2;16500;INTARIAN_PEPPER_ROOT;12109;10;12107;25;;;12115;11;12119;20;;;12112.0;0.0
yf_ADM_d2;16600;ASH_COATED_OSMIUM;9941;18;9938;23;;;9947;10;9951;14;;;9944.0;0.0
yf_ADM_d2;16600;INTARIAN_PEPPER_ROOT;12107;8;12103;16;;;12115;14;12118;22;;;12111.0;0.0
yf_ADM_d2;16700;ASH_COATED_OSMIUM;9941;16;9937;19;;;9947;19;9949;21;;;9944.0;0.0
yf_ADM_d2;16700;INTARIAN_PEPPER_ROOT;12104;20;12100;21;;;12111;15;12115;21;;;12107.5;0.0
yf_ADM_d2;16800;ASH_COATED_OSMIUM;9938;13;9936;16;;;9949;15;9951;20;;;9943.5;0.0
yf_ADM_d2;16800;INTARIAN_PEPPER_ROOT;12101;10;12098;30;;;12112;11;12115;25;;;12106.5;0.0
yf_ADM_d2;16900;ASH_COATED_OSMIUM;9942;17;9939;15;;;9948;5;9950;24;;;9945.0;0.0
yf_ADM_d2;16900;INTARIAN_PEPPER_ROOT;12101;15;12099;13;;;12107;15;12109;23;;;12104.0;0.0
yf_ADM_d2;17000;ASH_COATED_OSMIUM;9941;16;9939;26;;;9947;16;9951;19;;;9944.0;0.0
yf_ADM_d2;17000;INTARIAN_PEPPER_ROOT;12102;8;12100;13;;;12108;11;12111;21;;;12105.0;0.0
yf_ADM_d2;17100;ASH_COATED_OSMIUM;9941;16;9939;13;;;9947;12;9950;23;;;9944.0;0.0
yf_ADM_d2;17100;INTARIAN_PEPPER_ROOT;12104;18;12100;27;;;12110;11;12113;11;;;12107.0;0.0
yf_ADM_d2;17200;ASH_COATED_OSMIUM;9942;10;9940;21;;;9948;16;9952;26;;;9945.0;0.0
yf_ADM_d2;17200;INTARIAN_PEPPER_ROOT;12107;8;12103;16;;;12113;20;12116;19;;;12110.0;0.0
yf_ADM_d2;17300;ASH_COATED_OSMIUM;9941;15;9938;17;;;9947;15;9949;18;;;9944.0;0.0
yf_ADM_d2;17300;INTARIAN_PEPPER_ROOT;12110;11;12108;16;;;12116;15;12119;24;;;12113.0;0.0
yf_ADM_d2;17400;ASH_COATED_OSMIUM;9938;16;9934;23;;;9951;10;9955;19;;;9944.5;0.0
yf_ADM_d2;17400;INTARIAN_PEPPER_ROOT;12112;5;12110;14;;;12118;5;12120;29;;;12115.0;0.0
yf_ADM_d2;17500;ASH_COATED_OSMIUM;9942;6;9939;23;;;9948;13;9951;19;;;9945.0;0.0
yf_ADM_d2;17500;INTARIAN_PEPPER_ROOT;12115;12;12111;20;;;12121;5;12124;34;;;12118.0;0.0
yf_ADM_d2;17600;ASH_COATED_OSMIUM;9942;9;9939;20;;;9948;12;9950;27;;;9945.0;0.0
yf_ADM_d2;17600;INTARIAN_PEPPER_ROOT;12115;12;12111;20;;;12127;22;12130;9;;;12121.0;0.0
yf_ADM_d2;17700;ASH_COATED_OSMIUM;9943;5;9941;17;;;9949;12;9953;16;;;9946.0;0.0
yf_ADM_d2;17700;INTARIAN_PEPPER_ROOT;12119;23;12117;25;;;12127;12;12130;19;;;12123.0;0.0
yf_ADM_d2;17800;ASH_COATED_OSMIUM;9943;16;9939;12;;;9949;24;9952;22;;;9946.0;0.0
yf_ADM_d2;17800;INTARIAN_PEPPER_ROOT;12119;21;12116;22;;;12133;17;12135;21;;;12126.0;0.0
yf_ADM_d2;17900;ASH_COATED_OSMIUM;9942;11;9940;27;;;9948;14;9950;16;;;9945.0;0.0
yf_ADM_d2;17900;INTARIAN_PEPPER_ROOT;12126;22;12123;21;;;12132;7;12135;19;;;12129.0;0.0
yf_ADM_d2;18000;ASH_COATED_OSMIUM;9943;23;9940;34;;;9949;9;9952;20;;;9946.0;0.0
yf_ADM_d2;18000;INTARIAN_PEPPER_ROOT;12125;6;12122;13;;;12137;9;12140;23;;;12131.0;0.0
yf_ADM_d2;18100;ASH_COATED_OSMIUM;9943;17;9941;20;;;9949;11;9951;20;;;9946.0;0.0
yf_ADM_d2;18100;INTARIAN_PEPPER_ROOT;12128;13;12126;24;;;12139;11;12142;20;;;12133.5;0.0
yf_ADM_d2;18200;ASH_COATED_OSMIUM;9943;9;9939;17;;;9949;22;9951;16;;;9946.0;0.0
yf_ADM_d2;18200;INTARIAN_PEPPER_ROOT;12133;16;12130;13;;;12139;12;12142;20;;;12136.0;0.0
yf_ADM_d2;18300;ASH_COATED_OSMIUM;9943;6;9940;18;;;9949;22;9952;21;;;9946.0;0.0
yf_ADM_d2;18300;INTARIAN_PEPPER_ROOT;12136;23;12134;15;;;12142;5;12146;22;;;12139.0;0.0
yf_ADM_d2;18400;ASH_COATED_OSMIUM;9943;14;9940;13;;;9949;15;9952;25;;;9946.0;0.0
yf_ADM_d2;18400;INTARIAN_PEPPER_ROOT;12139;8;12136;12;;;12145;19;12148;13;;;12142.0;0.0
yf_ADM_d2;18500;ASH_COATED_OSMIUM;9943;7;9939;23;;;9949;13;9951;19;;;9946.0;0.0
yf_ADM_d2;18500;INTARIAN_PEPPER_ROOT;12142;8;12138;21;;;12148;13;12150;18;;;12145.0;0.0
yf_ADM_d2;18600;ASH_COATED_OSMIUM;9943;10;9940;24;;;9949;17;9953;27;;;9946.0;0.0
yf_ADM_d2;18600;INTARIAN_PEPPER_ROOT;12144;10;12142;22;;;12150;19;12153;24;;;12147.0;0.0
yf_ADM_d2;18700;ASH_COATED_OSMIUM;9940;14;9936;24;;;9952;13;9955;13;;;9946.0;0.0
yf_ADM_d2;18700;INTARIAN_PEPPER_ROOT;12144;21;12140;18;;;12155;14;12157;24;;;12149.5;0.0
yf_ADM_d2;18800;ASH_COATED_OSMIUM;9944;19;9941;23;;;9950;9;9952;26;;;9947.0;0.0
yf_ADM_d2;18800;INTARIAN_PEPPER_ROOT;12146;15;12144;18;;;12157;18;12160;27;;;12151.5;0.0
yf_ADM_d2;18900;ASH_COATED_OSMIUM;9943;15;9941;18;;;9950;20;9952;16;;;9946.5;0.0
yf_ADM_d2;18900;INTARIAN_PEPPER_ROOT;12152;16;12149;22;;;12158;16;12161;10;;;12155.0;0.0
yf_ADM_d2;19000;ASH_COATED_OSMIUM;9944;8;9942;20;;;9950;20;9954;13;;;9947.0;0.0
yf_ADM_d2;19000;INTARIAN_PEPPER_ROOT;12155;21;12152;13;;;12161;16;12163;20;;;12158.0;0.0
yf_ADM_d2;19100;ASH_COATED_OSMIUM;9934;11;9932;26;;;9961;11;9965;8;;;9947.5;0.0
yf_ADM_d2;19100;INTARIAN_PEPPER_ROOT;12153;22;12151;18;;;12168;13;12172;21;;;12160.5;0.0
yf_ADM_d2;19200;ASH_COATED_OSMIUM;9944;18;9942;21;;;9950;15;9953;25;;;9947.0;0.0
yf_ADM_d2;19200;INTARIAN_PEPPER_ROOT;12160;11;12156;29;;;12166;16;12168;17;;;12163.0;0.0
yf_ADM_d2;19300;ASH_COATED_OSMIUM;9944;21;9942;17;;;9950;19;9953;20;;;9947.0;0.0
yf_ADM_d2;19300;INTARIAN_PEPPER_ROOT;12162;10;12160;31;;;12170;13;12172;15;;;12166.0;0.0
yf_ADM_d2;19400;ASH_COATED_OSMIUM;9943;27;9941;14;;;9952;13;9956;20;;;9947.5;0.0
yf_ADM_d2;19400;INTARIAN_PEPPER_ROOT;12166;17;12162;25;;;12172;10;12175;15;;;12169.0;0.0
yf_ADM_d2;19500;ASH_COATED_OSMIUM;9945;23;9942;20;;;9951;24;9955;11;;;9948.0;0.0
yf_ADM_d2;19500;INTARIAN_PEPPER_ROOT;12155;18;12152;26;;;12187;5;12189;20;;;12171.0;0.0
yf_ADM_d2;19600;ASH_COATED_OSMIUM;9945;21;9941;25;;;9951;12;9955;20;;;9948.0;0.0
yf_ADM_d2;19600;INTARIAN_PEPPER_ROOT;12171;19;12169;16;;;12177;17;12181;18;;;12174.0;0.0
yf_ADM_d2;19700;ASH_COATED_OSMIUM;9931;18;9929;28;;;9965;19;9968;14;;;9948.0;0.0
yf_ADM_d2;19700;INTARIAN_PEPPER_ROOT;12167;8;12165;19;;;12184;25;12187;15;;;12175.5;0.0
yf_ADM_d2;19800;ASH_COATED_OSMIUM;9943;25;9941;17;;;9955;12;9958;17;;;9949.0;0.0
yf_ADM_d2;19800;INTARIAN_PEPPER_ROOT;12176;16;12173;11;;;12182;25;12184;20;;;12179.0;0.0
yf_ADM_d2;19900;ASH_COATED_OSMIUM;9945;15;9941;23;;;9951;13;9953;17;;;9948.0;0.0
yf_ADM_d2;19900;INTARIAN_PEPPER_ROOT;12178;23;12176;18;;;12184;5;12188;26;;;12181.0;0.0
yf_ADM_d2;20000;ASH_COATED_OSMIUM;9920;18;9917;21;;;9976;17;9980;23;;;9948.0;0.0
yf_ADM_d2;20000;INTARIAN_PEPPER_ROOT;12180;10;12177;14;;;12186;15;12189;21;;;12183.0;0.0
yf_ADM_d2;20100;ASH_COATED_OSMIUM;9946;22;9943;21;;;9953;6;9956;19;;;9949.5;0.0
yf_ADM_d2;20100;INTARIAN_PEPPER_ROOT;12183;15;12179;22;;;12189;16;12191;15;;;12186.0;0.0
yf_ADM_d2;20200;ASH_COATED_OSMIUM;9946;9;9944;26;;;9952;11;9956;25;;;9949.0;0.0
yf_ADM_d2;20200;INTARIAN_PEPPER_ROOT;12181;16;12178;16;;;12199;15;12202;15;;;12190.0;0.0
yf_ADM_d2;20300;ASH_COATED_OSMIUM;9946;6;9944;22;;;9952;14;9954;23;;;9949.0;0.0
yf_ADM_d2;20300;INTARIAN_PEPPER_ROOT;12181;20;12178;8;;;12203;13;12206;21;;;12192.0;0.0
yf_ADM_d2;20400;ASH_COATED_OSMIUM;9938;12;9935;19;;;9961;14;9963;26;;;9949.5;0.0
yf_ADM_d2;20400;INTARIAN_PEPPER_ROOT;12182;14;12180;20;;;12206;14;12209;11;;;12194.0;0.0
yf_ADM_d2;20500;ASH_COATED_OSMIUM;9946;19;9944;17;;;9953;17;9956;15;;;9949.5;0.0
yf_ADM_d2;20500;INTARIAN_PEPPER_ROOT;12193;26;12191;16;;;12203;19;12206;15;;;12198.0;0.0
yf_ADM_d2;20600;ASH_COATED_OSMIUM;9947;16;9945;30;;;9953;21;9955;23;;;9950.0;0.0
yf_ADM_d2;20600;INTARIAN_PEPPER_ROOT;12197;9;12195;23;;;12203;21;12205;22;;;12200.0;0.0
yf_ADM_d2;20700;ASH_COATED_OSMIUM;9946;5;9943;20;;;9953;15;9957;16;;;9949.5;0.0
yf_ADM_d2;20700;INTARIAN_PEPPER_ROOT;12199;22;12197;13;;;12205;20;12207;19;;;12202.0;0.0
yf_ADM_d2;20800;ASH_COATED_OSMIUM;9947;11;9944;23;;;9953;21;9955;19;;;9950.0;0.0
yf_ADM_d2;20800;INTARIAN_PEPPER_ROOT;12201;10;12197;21;;;12209;16;12212;24;;;12205.0;0.0
yf_ADM_d2;20900;ASH_COATED_OSMIUM;9947;18;9945;21;;;9953;13;9956;20;;;9950.0;0.0
yf_ADM_d2;20900;INTARIAN_PEPPER_ROOT;12205;18;12203;13;;;12211;11;12214;25;;;12208.0;0.0
yf_ADM_d2;21000;ASH_COATED_OSMIUM;9946;22;9942;12;;;9952;17;9956;22;;;9949.0;0.0
yf_ADM_d2;21000;INTARIAN_PEPPER_ROOT;12208;19;12206;16;;;12214;16;12217;26;;;12211.0;0.0
yf_ADM_d2;21100;ASH_COATED_OSMIUM;9944;14;9942;22;;;9956;23;9960;8;;;9950.0;0.0
yf_ADM_d2;21100;INTARIAN_PEPPER_ROOT;12211;16;12207;20;;;12217;20;12219;23;;;12214.0;0.0
yf_ADM_d2;21200;ASH_COATED_OSMIUM;9947;13;9943;17;;;9953;16;9957;19;;;9950.0;0.0
yf_ADM_d2;21200;INTARIAN_PEPPER_ROOT;12213;7;12211;27;;;12220;11;12223;23;;;12216.5;0.0
yf_ADM_d2;21300;ASH_COATED_OSMIUM;9946;16;9944;15;;;9954;14;9956;20;;;9950.0;0.0
yf_ADM_d2;21300;INTARIAN_PEPPER_ROOT;12215;18;12213;19;;;12221;12;12225;14;;;12218.0;0.0
yf_ADM_d2;21400;ASH_COATED_OSMIUM;9948;11;9945;32;;;9954;18;9957;31;;;9951.0;0.0
yf_ADM_d2;21400;INTARIAN_PEPPER_ROOT;12218;15;12214;18;;;12225;11;12229;26;;;12221.5;0.0
yf_ADM_d2;21500;ASH_COATED_OSMIUM;9948;20;9945;25;;;9954;10;9957;25;;;9951.0;0.0
yf_ADM_d2;21500;INTARIAN_PEPPER_ROOT;12221;18;12217;17;;;12227;17;12229;24;;;12224.0;0.0
yf_ADM_d2;21600;ASH_COATED_OSMIUM;9948;18;9944;14;;;9954;19;9957;18;;;9951.0;0.0
yf_ADM_d2;21600;INTARIAN_PEPPER_ROOT;12223;13;12220;23;;;12229;13;12231;27;;;12226.0;0.0
yf_ADM_d2;21700;ASH_COATED_OSMIUM;9948;15;9945;11;;;9954;13;9956;22;;;9951.0;0.0
yf_ADM_d2;21700;INTARIAN_PEPPER_ROOT;12226;14;12222;8;;;12232;17;12235;20;;;12229.0;0.0
yf_ADM_d2;21800;ASH_COATED_OSMIUM;9948;17;9946;20;;;9954;17;9957;15;;;9951.0;0.0
yf_ADM_d2;21800;INTARIAN_PEPPER_ROOT;12229;18;12227;17;;;12235;17;12237;21;;;12232.0;0.0
yf_ADM_d2;21900;ASH_COATED_OSMIUM;9940;18;9936;14;;;9962;7;9966;18;;;9951.0;0.0
yf_ADM_d2;21900;INTARIAN_PEPPER_ROOT;12231;10;12228;21;;;12237;11;12240;20;;;12234.0;0.0
yf_ADM_d2;22000;ASH_COATED_OSMIUM;9948;22;9945;10;;;9954;15;9957;24;;;9951.0;0.0
yf_ADM_d2;22000;INTARIAN_PEPPER_ROOT;12235;12;12231;24;;;12241;14;12245;22;;;12238.0;0.0
yf_ADM_d2;22100;ASH_COATED_OSMIUM;9949;13;9945;13;;;9955;11;9958;19;;;9952.0;0.0
yf_ADM_d2;22100;INTARIAN_PEPPER_ROOT;12237;23;12235;18;;;12243;12;12245;28;;;12240.0;0.0
yf_ADM_d2;22200;ASH_COATED_OSMIUM;9946;16;9944;17;;;9959;16;9961;25;;;9952.5;0.0
yf_ADM_d2;22200;INTARIAN_PEPPER_ROOT;12239;17;12235;12;;;12246;17;12250;9;;;12242.5;0.0
yf_ADM_d2;22300;ASH_COATED_OSMIUM;9949;20;9946;19;;;9955;11;9958;17;;;9952.0;0.0
yf_ADM_d2;22300;INTARIAN_PEPPER_ROOT;12243;16;12239;14;;;12249;11;12251;12;;;12246.0;0.0
yf_ADM_d2;22400;ASH_COATED_OSMIUM;9949;20;9945;19;;;9955;19;9957;17;;;9952.0;0.0
yf_ADM_d2;22400;INTARIAN_PEPPER_ROOT;12245;14;12243;10;;;12251;17;12253;20;;;12248.0;0.0
yf_ADM_d2;22500;ASH_COATED_OSMIUM;9949;20;9945;23;;;9957;11;9961;23;;;9953.0;0.0
yf_ADM_d2;22500;INTARIAN_PEPPER_ROOT;12238;10;12236;8;;;12263;17;12266;24;;;12250.5;0.0
yf_ADM_d2;22600;ASH_COATED_OSMIUM;9936;11;9933;16;;;9968;5;9971;16;;;9952.0;0.0
yf_ADM_d2;22600;INTARIAN_PEPPER_ROOT;12247;24;12243;17;;;12258;20;12262;16;;;12252.5;0.0
yf_ADM_d2;22700;ASH_COATED_OSMIUM;9943;11;9941;21;;;9963;15;9965;18;;;9953.0;0.0
yf_ADM_d2;22700;INTARIAN_PEPPER_ROOT;12253;24;12249;16;;;12259;8;12263;20;;;12256.0;0.0
yf_ADM_d2;22800;ASH_COATED_OSMIUM;9949;6;9946;15;;;9955;9;9957;25;;;9952.0;0.0
yf_ADM_d2;22800;INTARIAN_PEPPER_ROOT;12256;12;12253;16;;;12262;11;12264;21;;;12259.0;0.0
yf_ADM_d2;22900;ASH_COATED_OSMIUM;9950;18;9948;22;;;9956;12;9959;20;;;9953.0;0.0
yf_ADM_d2;22900;INTARIAN_PEPPER_ROOT;12259;7;12255;21;;;12265;14;12267;26;;;12262.0;0.0
yf_ADM_d2;23000;ASH_COATED_OSMIUM;9947;16;9943;9;;;9959;14;9962;19;;;9953.0;0.0
yf_ADM_d2;23000;INTARIAN_PEPPER_ROOT;12260;14;12258;10;;;12266;15;12269;23;;;12263.0;0.0
yf_ADM_d2;23100;ASH_COATED_OSMIUM;9950;23;9947;12;;;9957;17;9959;17;;;9953.5;0.0
yf_ADM_d2;23100;INTARIAN_PEPPER_ROOT;12260;5;12258;20;;;12272;11;12274;19;;;12266.0;0.0
yf_ADM_d2;23200;ASH_COATED_OSMIUM;9950;7;9946;22;;;9956;16;9959;12;;;9953.0;0.0
yf_ADM_d2;23200;INTARIAN_PEPPER_ROOT;12265;8;12261;22;;;12273;11;12277;16;;;12269.0;0.0
yf_ADM_d2;23300;ASH_COATED_OSMIUM;9946;17;9944;12;;;9959;18;9961;23;;;9952.5;0.0
yf_ADM_d2;23300;INTARIAN_PEPPER_ROOT;12269;21;12266;18;;;12275;6;12277;24;;;12272.0;0.0
yf_ADM_d2;23400;ASH_COATED_OSMIUM;9951;15;9949;18;;;9957;18;9960;17;;;9954.0;0.0
yf_ADM_d2;23400;INTARIAN_PEPPER_ROOT;12271;18;12268;13;;;12278;17;12281;14;;;12274.5;0.0
yf_ADM_d2;23500;ASH_COATED_OSMIUM;9950;14;9948;19;;;9956;24;9958;16;;;9953.0;0.0
yf_ADM_d2;23500;INTARIAN_PEPPER_ROOT;12271;20;12269;21;;;12283;15;12287;19;;;12277.0;0.0
yf_ADM_d2;23600;ASH_COATED_OSMIUM;9951;18;9948;18;;;9957;5;9961;24;;;9954.0;0.0
yf_ADM_d2;23600;INTARIAN_PEPPER_ROOT;12276;15;12274;19;;;12284;13;12287;23;;;12280.0;0.0
yf_ADM_d2;23700;ASH_COATED_OSMIUM;9951;17;9948;30;;;9957;14;9960;13;;;9954.0;0.0
yf_ADM_d2;23700;INTARIAN_PEPPER_ROOT;12279;6;12276;15;;;12285;16;12289;19;;;12282.0;0.0
yf_ADM_d2;23800;ASH_COATED_OSMIUM;9948;18;9945;14;;;9960;20;9962;13;;;9954.0;0.0
yf_ADM_d2;23800;INTARIAN_PEPPER_ROOT;12282;20;12278;17;;;12288;20;12290;15;;;12285.0;0.0
yf_ADM_d2;23900;ASH_COATED_OSMIUM;9949;12;9946;17;;;9959;28;9962;24;;;9954.0;0.0
yf_ADM_d2;23900;INTARIAN_PEPPER_ROOT;12285;10;12283;12;;;12291;15;12293;12;;;12288.0;0.0
yf_ADM_d2;24000;ASH_COATED_OSMIUM;9952;16;9950;24;;;9958;20;9960;17;;;9955.0;0.0
yf_ADM_d2;24000;INTARIAN_PEPPER_ROOT;12287;12;12283;23;;;12293;5;12295;13;;;12290.0;0.0
yf_ADM_d2;24100;ASH_COATED_OSMIUM;9952;10;9949;20;;;9958;5;9962;13;;;9955.0;0.0
yf_ADM_d2;24100;INTARIAN_PEPPER_ROOT;12276;10;12273;26;;;12309;21;12313;23;;;12292.5;0.0
yf_ADM_d2;24200;ASH_COATED_OSMIUM;9946;9;9944;21;;;9964;17;9967;15;;;9955.0;0.0
yf_ADM_d2;24200;INTARIAN_PEPPER_ROOT;12292;20;12289;23;;;12298;16;12301;11;;;12295.0;0.0
yf_ADM_d2;24300;ASH_COATED_OSMIUM;9952;14;9948;31;;;9958;18;9962;10;;;9955.0;0.0
yf_ADM_d2;24300;INTARIAN_PEPPER_ROOT;12294;21;12291;12;;;12301;14;12303;18;;;12297.5;0.0
yf_ADM_d2;24400;ASH_COATED_OSMIUM;9952;14;9948;21;;;9958;11;9961;20;;;9955.0;0.0
yf_ADM_d2;24400;INTARIAN_PEPPER_ROOT;12298;16;12295;28;;;12304;12;12308;13;;;12301.0;0.0
yf_ADM_d2;24500;ASH_COATED_OSMIUM;9941;7;9938;11;;;9970;9;9972;17;;;9955.5;0.0
yf_ADM_d2;24500;INTARIAN_PEPPER_ROOT;12300;18;12296;23;;;12307;10;12309;10;;;12303.5;0.0
yf_ADM_d2;24600;ASH_COATED_OSMIUM;9952;15;9950;23;;;9959;17;9961;13;;;9955.5;0.0
yf_ADM_d2;24600;INTARIAN_PEPPER_ROOT;12302;19;12300;24;;;12311;11;12315;19;;;12306.5;0.0
yf_ADM_d2;24700;ASH_COATED_OSMIUM;9953;23;9950;22;;;9959;22;9962;24;;;9956.0;0.0
yf_ADM_d2;24700;INTARIAN_PEPPER_ROOT;12306;14;12303;18;;;12312;11;12314;33;;;12309.0;0.0
yf_ADM_d2;24800;ASH_COATED_OSMIUM;9953;15;9949;15;;;9959;5;9961;15;;;9956.0;0.0
yf_ADM_d2;24800;INTARIAN_PEPPER_ROOT;12304;11;12302;14;;;12318;14;12321;23;;;12311.0;0.0
yf_ADM_d2;24900;ASH_COATED_OSMIUM;9953;19;9949;24;;;9959;19;9963;30;;;9956.0;0.0
yf_ADM_d2;24900;INTARIAN_PEPPER_ROOT;12311;8;12308;16;;;12317;6;12321;14;;;12314.0;0.0
yf_ADM_d2;25000;ASH_COATED_OSMIUM;9953;18;9951;21;;;9959;12;9961;17;;;9956.0;0.0
yf_ADM_d2;25000;INTARIAN_PEPPER_ROOT;12314;11;12310;16;;;12320;23;12322;22;;;12317.0;0.0
yf_ADM_d2;25100;ASH_COATED_OSMIUM;9950;20;9947;15;;;9962;11;9966;25;;;9956.0;0.0
yf_ADM_d2;25100;INTARIAN_PEPPER_ROOT;12313;9;12311;8;;;12326;13;12329;28;;;12319.5;0.0
yf_ADM_d2;25200;ASH_COATED_OSMIUM;9953;18;9949;11;;;9959;14;9961;24;;;9956.0;0.0
yf_ADM_d2;25200;INTARIAN_PEPPER_ROOT;12318;27;12315;24;;;12326;13;12329;17;;;12322.0;0.0
yf_ADM_d2;25300;ASH_COATED_OSMIUM;9953;25;9950;21;;;9959;19;9962;24;;;9956.0;0.0
yf_ADM_d2;25300;INTARIAN_PEPPER_ROOT;12321;14;12319;20;;;12327;9;12330;21;;;12324.0;0.0
yf_ADM_d2;25400;ASH_COATED_OSMIUM;9950;22;9948;13;;;9962;25;9966;17;;;9956.0;0.0
yf_ADM_d2;25400;INTARIAN_PEPPER_ROOT;12324;11;12321;11;;;12330;17;12334;18;;;12327.0;0.0
yf_ADM_d2;25500;ASH_COATED_OSMIUM;9953;12;9949;19;;;9960;10;9962;21;;;9956.5;0.0
yf_ADM_d2;25500;INTARIAN_PEPPER_ROOT;12326;11;12323;14;;;12333;18;12336;16;;;12329.5;0.0
yf_ADM_d2;25600;ASH_COATED_OSMIUM;9954;10;9951;18;;;9960;14;9964;15;;;9957.0;0.0
yf_ADM_d2;25600;INTARIAN_PEPPER_ROOT;12329;20;12325;22;;;12335;12;12337;19;;;12332.0;0.0
yf_ADM_d2;25700;ASH_COATED_OSMIUM;9954;8;9950;12;;;9960;25;9962;28;;;9957.0;0.0
yf_ADM_d2;25700;INTARIAN_PEPPER_ROOT;12331;7;12329;16;;;12340;10;12343;27;;;12335.5;0.0
yf_ADM_d2;25800;ASH_COATED_OSMIUM;9954;7;9951;10;;;9960;8;9964;18;;;9957.0;0.0
yf_ADM_d2;25800;INTARIAN_PEPPER_ROOT;12335;15;12332;17;;;12341;10;12344;24;;;12338.0;0.0
yf_ADM_d2;25900;ASH_COATED_OSMIUM;9950;14;9946;14;;;9963;8;9966;17;;;9956.5;0.0
yf_ADM_d2;25900;INTARIAN_PEPPER_ROOT;12337;14;12334;23;;;12343;19;12345;20;;;12340.0;0.0
yf_ADM_d2;26000;ASH_COATED_OSMIUM;9942;14;9938;29;;;9972;19;9974;17;;;9957.0;0.0
yf_ADM_d2;26000;INTARIAN_PEPPER_ROOT;12341;12;12339;29;;;12347;5;12350;21;;;12344.0;0.0
yf_ADM_d2;26100;ASH_COATED_OSMIUM;9955;13;9951;30;;;9961;5;9965;24;;;9958.0;0.0
yf_ADM_d2;26100;INTARIAN_PEPPER_ROOT;12343;9;12340;17;;;12349;15;12352;19;;;12346.0;0.0
yf_ADM_d2;26200;ASH_COATED_OSMIUM;9953;17;9950;22;;;9963;8;9966;17;;;9958.0;0.0
yf_ADM_d2;26200;INTARIAN_PEPPER_ROOT;12342;10;12339;26;;;12355;16;12358;23;;;12348.5;0.0
yf_ADM_d2;26300;ASH_COATED_OSMIUM;9955;14;9952;28;;;9961;13;9965;19;;;9958.0;0.0
yf_ADM_d2;26300;INTARIAN_PEPPER_ROOT;12344;6;12341;26;;;12358;14;12362;23;;;12351.0;0.0
yf_ADM_d2;26400;ASH_COATED_OSMIUM;9955;11;9952;29;;;9961;18;9964;17;;;9958.0;0.0
yf_ADM_d2;26400;INTARIAN_PEPPER_ROOT;12346;20;12343;16;;;12360;10;12363;16;;;12353.0;0.0
yf_ADM_d2;26500;ASH_COATED_OSMIUM;9955;19;9953;28;;;9961;15;9964;23;;;9958.0;0.0
yf_ADM_d2;26500;INTARIAN_PEPPER_ROOT;12354;18;12352;11;;;12360;5;12362;26;;;12357.0;0.0
yf_ADM_d2;26600;ASH_COATED_OSMIUM;9953;8;9949;24;;;9963;18;9965;18;;;9958.0;0.0
yf_ADM_d2;26600;INTARIAN_PEPPER_ROOT;12353;14;12349;11;;;12365;14;12367;19;;;12359.0;0.0
yf_ADM_d2;26700;ASH_COATED_OSMIUM;9950;16;9946;19;;;9968;27;9972;10;;;9959.0;0.0
yf_ADM_d2;26700;INTARIAN_PEPPER_ROOT;12354;21;12350;17;;;12369;16;12372;8;;;12361.5;0.0
yf_ADM_d2;26800;ASH_COATED_OSMIUM;9956;19;9953;8;;;9962;24;9965;22;;;9959.0;0.0
yf_ADM_d2;26800;INTARIAN_PEPPER_ROOT;12361;15;12357;12;;;12369;12;12372;15;;;12365.0;0.0
yf_ADM_d2;26900;ASH_COATED_OSMIUM;9955;30;9952;14;;;9961;11;9965;11;;;9958.0;0.0
yf_ADM_d2;26900;INTARIAN_PEPPER_ROOT;12363;19;12359;25;;;12370;13;12372;22;;;12366.5;0.0
yf_ADM_d2;27000;ASH_COATED_OSMIUM;9954;14;9951;22;;;9963;22;9966;18;;;9958.5;0.0
yf_ADM_d2;27000;INTARIAN_PEPPER_ROOT;12366;11;12364;20;;;12372;10;12375;21;;;12369.0;0.0
yf_ADM_d2;27100;ASH_COATED_OSMIUM;9956;11;9952;20;;;9962;14;9965;19;;;9959.0;0.0
yf_ADM_d2;27100;INTARIAN_PEPPER_ROOT;12368;10;12364;15;;;12374;16;12378;14;;;12371.0;0.0
yf_ADM_d2;27200;ASH_COATED_OSMIUM;9950;14;9948;18;;;9968;24;9970;19;;;9959.0;0.0
yf_ADM_d2;27200;INTARIAN_PEPPER_ROOT;12370;17;12366;17;;;12380;20;12383;17;;;12375.0;0.0
yf_ADM_d2;27300;ASH_COATED_OSMIUM;9957;17;9955;18;;;9963;14;9967;14;;;9960.0;0.0
yf_ADM_d2;27300;INTARIAN_PEPPER_ROOT;12374;7;12371;17;;;12380;15;12383;18;;;12377.0;0.0
yf_ADM_d2;27400;ASH_COATED_OSMIUM;9957;16;9955;21;;;9963;11;9966;19;;;9960.0;0.0
yf_ADM_d2;27400;INTARIAN_PEPPER_ROOT;12377;15;12374;25;;;12383;15;12386;21;;;12380.0;0.0
yf_ADM_d2;27500;ASH_COATED_OSMIUM;9952;7;9948;22;;;9967;15;9970;16;;;9959.5;0.0
yf_ADM_d2;27500;INTARIAN_PEPPER_ROOT;12378;16;12374;21;;;12388;19;12392;13;;;12383.0;0.0
yf_ADM_d2;27600;ASH_COATED_OSMIUM;9956;21;9953;23;;;9962;17;9965;23;;;9959.0;0.0
yf_ADM_d2;27600;INTARIAN_PEPPER_ROOT;12382;9;12379;15;;;12388;11;12391;25;;;12385.0;0.0
yf_ADM_d2;27700;ASH_COATED_OSMIUM;9955;19;9951;18;;;9965;14;9969;16;;;9960.0;0.0
yf_ADM_d2;27700;INTARIAN_PEPPER_ROOT;12385;23;12381;24;;;12391;18;12395;14;;;12388.0;0.0
yf_ADM_d2;27800;ASH_COATED_OSMIUM;9957;6;9953;21;;;9963;21;9965;20;;;9960.0;0.0
yf_ADM_d2;27800;INTARIAN_PEPPER_ROOT;12388;18;12385;19;;;12394;8;12398;21;;;12391.0;0.0
yf_ADM_d2;27900;ASH_COATED_OSMIUM;9950;17;9947;21;;;9970;22;9973;20;;;9960.0;0.0
yf_ADM_d2;27900;INTARIAN_PEPPER_ROOT;12390;12;12388;26;;;12396;14;12398;24;;;12393.0;0.0
yf_ADM_d2;28000;ASH_COATED_OSMIUM;9957;13;9954;20;;;9963;15;9967;31;;;9960.0;0.0
yf_ADM_d2;28000;INTARIAN_PEPPER_ROOT;12386;8;12383;22;;;12406;9;12408;24;;;12396.0;0.0
yf_ADM_d2;28100;ASH_COATED_OSMIUM;9957;23;9953;24;;;9964;17;9968;21;;;9960.5;0.0
yf_ADM_d2;28100;INTARIAN_PEPPER_ROOT;12395;8;12392;19;;;12402;10;12406;23;;;12398.5;0.0
yf_ADM_d2;28200;ASH_COATED_OSMIUM;9956;22;9954;23;;;9966;23;9969;14;;;9961.0;0.0
yf_ADM_d2;28200;INTARIAN_PEPPER_ROOT;12392;16;12390;31;;;12411;22;12413;25;;;12401.5;0.0
yf_ADM_d2;28300;ASH_COATED_OSMIUM;9958;17;9954;15;;;9964;17;9966;25;;;9961.0;0.0
yf_ADM_d2;28300;INTARIAN_PEPPER_ROOT;12395;10;12392;17;;;12414;12;12417;14;;;12404.5;0.0
yf_ADM_d2;28400;ASH_COATED_OSMIUM;9958;8;9954;18;;;9964;19;9966;8;;;9961.0;0.0
yf_ADM_d2;28400;INTARIAN_PEPPER_ROOT;12397;8;12395;16;;;12415;13;12419;22;;;12406.0;0.0
yf_ADM_d2;28500;ASH_COATED_OSMIUM;9958;26;9955;20;;;9964;12;9968;17;;;9961.0;0.0
yf_ADM_d2;28500;INTARIAN_PEPPER_ROOT;12406;9;12402;14;;;12412;17;12416;31;;;12409.0;0.0
yf_ADM_d2;28600;ASH_COATED_OSMIUM;9959;25;9956;16;;;9965;5;9967;25;;;9962.0;0.0
yf_ADM_d2;28600;INTARIAN_PEPPER_ROOT;12409;17;12406;17;;;12415;13;12417;15;;;12412.0;0.0
yf_ADM_d2;28700;ASH_COATED_OSMIUM;9958;13;9955;17;;;9965;14;9967;16;;;9961.5;0.0
yf_ADM_d2;28700;INTARIAN_PEPPER_ROOT;12411;11;12407;22;;;12417;12;12419;10;;;12414.0;0.0
yf_ADM_d2;28800;ASH_COATED_OSMIUM;9955;24;9951;22;;;9969;15;9973;22;;;9962.0;0.0
yf_ADM_d2;28800;INTARIAN_PEPPER_ROOT;12410;25;12406;27;;;12425;10;12428;20;;;12417.5;0.0
yf_ADM_d2;28900;ASH_COATED_OSMIUM;9958;7;9954;15;;;9965;16;9969;18;;;9961.5;0.0
yf_ADM_d2;28900;INTARIAN_PEPPER_ROOT;12417;20;12413;18;;;12423;20;12427;23;;;12420.0;0.0
yf_ADM_d2;29000;ASH_COATED_OSMIUM;9959;12;9957;13;;;9965;16;9969;17;;;9962.0;0.0
yf_ADM_d2;29000;INTARIAN_PEPPER_ROOT;12417;10;12414;14;;;12428;12;12432;9;;;12422.5;0.0
yf_ADM_d2;29100;ASH_COATED_OSMIUM;9959;16;9957;19;;;9965;6;9967;17;;;9962.0;0.0
yf_ADM_d2;29100;INTARIAN_PEPPER_ROOT;12418;19;12416;24;;;12432;18;12434;15;;;12425.0;0.0
yf_ADM_d2;29200;ASH_COATED_OSMIUM;9957;12;9955;12;;;9967;16;9971;9;;;9962.0;0.0
yf_ADM_d2;29200;INTARIAN_PEPPER_ROOT;12425;12;12422;17;;;12431;15;12433;20;;;12428.0;0.0
yf_ADM_d2;29300;ASH_COATED_OSMIUM;9959;7;9957;12;;;9965;17;9968;24;;;9962.0;0.0
yf_ADM_d2;29300;INTARIAN_PEPPER_ROOT;12428;16;12425;27;;;12434;22;12436;17;;;12431.0;0.0
yf_ADM_d2;29400;ASH_COATED_OSMIUM;9959;6;9956;19;;;9965;14;9967;29;;;9962.0;0.0
yf_ADM_d2;29400;INTARIAN_PEPPER_ROOT;12423;10;12420;12;;;12444;8;12448;19;;;12433.5;0.0
yf_ADM_d2;29500;ASH_COATED_OSMIUM;9959;9;9955;21;;;9965;10;9968;22;;;9962.0;0.0
yf_ADM_d2;29500;INTARIAN_PEPPER_ROOT;12431;7;12427;22;;;12439;22;12443;25;;;12435.0;0.0
yf_ADM_d2;29600;ASH_COATED_OSMIUM;9960;13;9957;35;;;9966;14;9969;27;;;9963.0;0.0
yf_ADM_d2;29600;INTARIAN_PEPPER_ROOT;12435;7;12432;26;;;12441;18;12444;24;;;12438.0;0.0
yf_ADM_d2;29700;ASH_COATED_OSMIUM;9957;6;9955;21;;;9968;10;9971;26;;;9962.5;0.0
yf_ADM_d2;29700;INTARIAN_PEPPER_ROOT;12434;9;12432;19;;;12447;19;12450;16;;;12440.5;0.0
yf_ADM_d2;29800;ASH_COATED_OSMIUM;9960;14;9957;32;;;9966;16;9970;21;;;9963.0;0.0
yf_ADM_d2;29800;INTARIAN_PEPPER_ROOT;12440;6;12437;25;;;12447;9;12450;23;;;12443.5;0.0
yf_ADM_d2;29900;ASH_COATED_OSMIUM;9952;5;9950;13;;;9973;20;9977;21;;;9962.5;0.0
yf_ADM_d2;29900;INTARIAN_PEPPER_ROOT;12443;25;12439;22;;;12450;17;12453;18;;;12446.5;0.0
yf_ADM_d2;30000;ASH_COATED_OSMIUM;9959;18;9957;24;;;9967;18;9970;18;;;9963.0;0.0
yf_ADM_d2;30000;INTARIAN_PEPPER_ROOT;12446;24;12443;9;;;12452;17;12455;25;;;12449.0;0.0
yf_ADM_d2;30100;ASH_COATED_OSMIUM;9960;20;9956;15;;;9966;19;9970;21;;;9963.0;0.0
yf_ADM_d2;30100;INTARIAN_PEPPER_ROOT;12449;15;12445;10;;;12455;18;12457;25;;;12452.0;0.0
yf_ADM_d2;30200;ASH_COATED_OSMIUM;9961;14;9957;23;;;9967;7;9970;8;;;9964.0;0.0
yf_ADM_d2;30200;INTARIAN_PEPPER_ROOT;12447;13;12443;17;;;12462;17;12465;13;;;12454.5;0.0
yf_ADM_d2;30300;ASH_COATED_OSMIUM;9961;17;9959;24;;;9967;17;9970;14;;;9964.0;0.0
yf_ADM_d2;30300;INTARIAN_PEPPER_ROOT;12454;12;12450;15;;;12460;15;12462;28;;;12457.0;0.0
yf_ADM_d2;30400;ASH_COATED_OSMIUM;9956;10;9954;19;;;9972;5;9974;13;;;9964.0;0.0
yf_ADM_d2;30400;INTARIAN_PEPPER_ROOT;12454;5;12450;19;;;12466;9;12470;14;;;12460.0;0.0
yf_ADM_d2;30500;ASH_COATED_OSMIUM;9961;17;9958;23;;;9967;15;9971;25;;;9964.0;0.0
yf_ADM_d2;30500;INTARIAN_PEPPER_ROOT;12453;24;12450;23;;;12471;11;12473;14;;;12462.0;0.0
yf_ADM_d2;30600;ASH_COATED_OSMIUM;9961;17;9958;18;;;9967;11;9970;21;;;9964.0;0.0
yf_ADM_d2;30600;INTARIAN_PEPPER_ROOT;12458;22;12456;20;;;12472;16;12476;16;;;12465.0;0.0
yf_ADM_d2;30700;ASH_COATED_OSMIUM;9961;12;9958;11;;;9967;5;9971;24;;;9964.0;0.0
yf_ADM_d2;30700;INTARIAN_PEPPER_ROOT;12464;13;12461;19;;;12470;11;12474;8;;;12467.0;0.0
yf_ADM_d2;30800;ASH_COATED_OSMIUM;9961;16;9959;30;;;9967;20;9971;14;;;9964.0;0.0
yf_ADM_d2;30800;INTARIAN_PEPPER_ROOT;12463;15;12459;21;;;12478;14;12480;25;;;12470.5;0.0
yf_ADM_d2;30900;ASH_COATED_OSMIUM;9959;16;9955;15;;;9971;19;9974;24;;;9965.0;0.0
yf_ADM_d2;30900;INTARIAN_PEPPER_ROOT;12470;17;12467;12;;;12476;19;12479;32;;;12473.0;0.0
yf_ADM_d2;31000;ASH_COATED_OSMIUM;9930;21;9928;21;;;9999;17;10002;31;;;9964.5;0.0
yf_ADM_d2;31000;INTARIAN_PEPPER_ROOT;12472;17;12468;11;;;12478;14;12480;20;;;12475.0;0.0
yf_ADM_d2;31100;ASH_COATED_OSMIUM;9962;15;9959;33;;;9968;28;9971;23;;;9965.0;0.0
yf_ADM_d2;31100;INTARIAN_PEPPER_ROOT;12475;12;12473;19;;;12481;7;12484;25;;;12478.0;0.0
yf_ADM_d2;31200;ASH_COATED_OSMIUM;9962;18;9959;20;;;9969;6;9971;24;;;9965.5;0.0
yf_ADM_d2;31200;INTARIAN_PEPPER_ROOT;12478;16;12474;13;;;12484;15;12486;16;;;12481.0;0.0
yf_ADM_d2;31300;ASH_COATED_OSMIUM;9963;13;9960;25;;;9969;19;9971;18;;;9966.0;0.0
yf_ADM_d2;31300;INTARIAN_PEPPER_ROOT;12481;14;12479;9;;;12487;8;12490;22;;;12484.0;0.0
yf_ADM_d2;31400;ASH_COATED_OSMIUM;9962;17;9960;16;;;9968;16;9972;18;;;9965.0;0.0
yf_ADM_d2;31400;INTARIAN_PEPPER_ROOT;12483;5;12479;26;;;12489;12;12493;20;;;12486.0;0.0
yf_ADM_d2;31500;ASH_COATED_OSMIUM;9960;5;9958;15;;;9971;13;9975;15;;;9965.5;0.0
yf_ADM_d2;31500;INTARIAN_PEPPER_ROOT;12485;18;12482;12;;;12493;21;12497;21;;;12489.0;0.0
yf_ADM_d2;31600;ASH_COATED_OSMIUM;9959;14;9956;9;;;9973;10;9975;29;;;9966.0;0.0
yf_ADM_d2;31600;INTARIAN_PEPPER_ROOT;12488;13;12484;24;;;12494;22;12496;21;;;12491.0;0.0
yf_ADM_d2;31700;ASH_COATED_OSMIUM;9963;16;9960;18;;;9969;12;9972;16;;;9966.0;0.0
yf_ADM_d2;31700;INTARIAN_PEPPER_ROOT;12491;12;12487;28;;;12497;21;12501;15;;;12494.0;0.0
yf_ADM_d2;31800;ASH_COATED_OSMIUM;9963;14;9959;26;;;9969;7;9972;21;;;9966.0;0.0
yf_ADM_d2;31800;INTARIAN_PEPPER_ROOT;12493;8;12490;20;;;12499;25;12502;21;;;12496.0;0.0
yf_ADM_d2;31900;ASH_COATED_OSMIUM;9963;5;9959;15;;;9969;19;9973;17;;;9966.0;0.0
yf_ADM_d2;31900;INTARIAN_PEPPER_ROOT;12496;10;12492;21;;;12502;16;12504;16;;;12499.0;0.0
yf_ADM_d2;32000;ASH_COATED_OSMIUM;9963;17;9961;19;;;9969;21;9973;24;;;9966.0;0.0
yf_ADM_d2;32000;INTARIAN_PEPPER_ROOT;12497;19;12493;21;;;12507;18;12511;25;;;12502.0;0.0
yf_ADM_d2;32100;ASH_COATED_OSMIUM;9963;7;9959;14;;;9969;13;9971;18;;;9966.0;0.0
yf_ADM_d2;32100;INTARIAN_PEPPER_ROOT;12501;16;12499;19;;;12509;19;12511;22;;;12505.0;0.0
yf_ADM_d2;32200;ASH_COATED_OSMIUM;9963;10;9961;21;;;9969;8;9971;23;;;9966.0;0.0
yf_ADM_d2;32200;INTARIAN_PEPPER_ROOT;12504;15;12500;22;;;12511;16;12513;24;;;12507.5;0.0
yf_ADM_d2;32300;ASH_COATED_OSMIUM;9964;14;9960;19;;;9970;14;9972;27;;;9967.0;0.0
yf_ADM_d2;32300;INTARIAN_PEPPER_ROOT;12507;17;12505;19;;;12513;18;12517;21;;;12510.0;0.0
yf_ADM_d2;32400;ASH_COATED_OSMIUM;9963;15;9961;23;;;9969;20;9973;22;;;9966.0;0.0
yf_ADM_d2;32400;INTARIAN_PEPPER_ROOT;12510;17;12507;17;;;12516;13;12518;22;;;12513.0;0.0
yf_ADM_d2;32500;ASH_COATED_OSMIUM;9960;19;9956;19;;;9974;20;9978;11;;;9967.0;0.0
yf_ADM_d2;32500;INTARIAN_PEPPER_ROOT;12512;23;12510;14;;;12518;12;12521;8;;;12515.0;0.0
yf_ADM_d2;32600;ASH_COATED_OSMIUM;9964;11;9960;18;;;9970;15;9972;20;;;9967.0;0.0
yf_ADM_d2;32600;INTARIAN_PEPPER_ROOT;12515;9;12512;17;;;12521;15;12524;18;;;12518.0;0.0
yf_ADM_d2;32700;ASH_COATED_OSMIUM;9961;12;9958;21;;;9974;11;9978;28;;;9967.5;0.0
yf_ADM_d2;32700;INTARIAN_PEPPER_ROOT;12517;20;12515;18;;;12523;17;12527;14;;;12520.0;0.0
yf_ADM_d2;32800;ASH_COATED_OSMIUM;9965;5;9961;21;;;9971;16;9973;20;;;9968.0;0.0
yf_ADM_d2;32800;INTARIAN_PEPPER_ROOT;12520;23;12518;26;;;12526;10;12530;17;;;12523.0;0.0
yf_ADM_d2;32900;ASH_COATED_OSMIUM;9962;28;9959;17;;;9973;21;9977;17;;;9967.5;0.0
yf_ADM_d2;32900;INTARIAN_PEPPER_ROOT;12519;13;12516;19;;;12531;14;12534;19;;;12525.0;0.0
yf_ADM_d2;33000;ASH_COATED_OSMIUM;9965;5;9961;27;;;9971;21;9974;29;;;9968.0;0.0
yf_ADM_d2;33000;INTARIAN_PEPPER_ROOT;12522;16;12519;19;;;12536;17;12540;17;;;12529.0;0.0
yf_ADM_d2;33100;ASH_COATED_OSMIUM;9960;17;9957;23;;;9976;17;9978;19;;;9968.0;0.0
yf_ADM_d2;33100;INTARIAN_PEPPER_ROOT;12528;18;12526;16;;;12534;12;12537;14;;;12531.0;0.0
yf_ADM_d2;33200;ASH_COATED_OSMIUM;9965;10;9962;14;;;9971;13;9974;20;;;9968.0;0.0
yf_ADM_d2;33200;INTARIAN_PEPPER_ROOT;12531;9;12528;21;;;12537;14;12541;15;;;12534.0;0.0
yf_ADM_d2;33300;ASH_COATED_OSMIUM;9965;17;9963;14;;;9971;12;9975;27;;;9968.0;0.0
yf_ADM_d2;33300;INTARIAN_PEPPER_ROOT;12533;13;12530;25;;;12539;19;12543;24;;;12536.0;0.0
yf_ADM_d2;33400;ASH_COATED_OSMIUM;9965;19;9962;28;;;9971;11;9973;26;;;9968.0;0.0
yf_ADM_d2;33400;INTARIAN_PEPPER_ROOT;12536;15;12533;25;;;12542;6;12544;20;;;12539.0;0.0
yf_ADM_d2;33500;ASH_COATED_OSMIUM;9955;10;9951;12;;;9982;19;9985;16;;;9968.5;0.0
yf_ADM_d2;33500;INTARIAN_PEPPER_ROOT;12532;19;12528;20;;;12549;20;12552;19;;;12540.5;0.0
yf_ADM_d2;33600;ASH_COATED_OSMIUM;9965;19;9963;26;;;9971;19;9973;20;;;9968.0;0.0
yf_ADM_d2;33600;INTARIAN_PEPPER_ROOT;12535;14;12532;20;;;12553;16;12555;8;;;12544.0;0.0
yf_ADM_d2;33700;ASH_COATED_OSMIUM;9966;12;9962;23;;;9972;18;9974;14;;;9969.0;0.0
yf_ADM_d2;33700;INTARIAN_PEPPER_ROOT;12517;17;12513;22;;;12577;12;12579;16;;;12547.0;0.0
yf_ADM_d2;33800;ASH_COATED_OSMIUM;9966;15;9963;17;;;9972;12;9976;11;;;9969.0;0.0
yf_ADM_d2;33800;INTARIAN_PEPPER_ROOT;12546;16;12543;26;;;12552;14;12555;31;;;12549.0;0.0
yf_ADM_d2;33900;ASH_COATED_OSMIUM;9966;14;9963;10;;;9972;21;9974;27;;;9969.0;0.0
yf_ADM_d2;33900;INTARIAN_PEPPER_ROOT;12537;16;12535;25;;;12566;13;12570;23;;;12551.5;0.0
yf_ADM_d2;34000;ASH_COATED_OSMIUM;9965;16;9961;16;;;9974;23;9977;14;;;9969.5;0.0
yf_ADM_d2;34000;INTARIAN_PEPPER_ROOT;12550;20;12547;12;;;12559;22;12562;20;;;12554.5;0.0
yf_ADM_d2;34100;ASH_COATED_OSMIUM;9962;14;9959;20;;;9976;12;9978;23;;;9969.0;0.0
yf_ADM_d2;34100;INTARIAN_PEPPER_ROOT;12553;20;12549;19;;;12561;14;12564;16;;;12557.0;0.0
yf_ADM_d2;34200;ASH_COATED_OSMIUM;9966;16;9963;19;;;9972;11;9975;14;;;9969.0;0.0
yf_ADM_d2;34200;INTARIAN_PEPPER_ROOT;12558;11;12555;21;;;12564;25;12567;21;;;12561.0;0.0
yf_ADM_d2;34300;ASH_COATED_OSMIUM;9966;20;9964;21;;;9972;20;9976;16;;;9969.0;0.0
yf_ADM_d2;34300;INTARIAN_PEPPER_ROOT;12559;13;12557;23;;;12565;19;12568;21;;;12562.0;0.0
yf_ADM_d2;34400;ASH_COATED_OSMIUM;9966;12;9964;13;;;9973;11;9977;27;;;9969.5;0.0
yf_ADM_d2;34400;INTARIAN_PEPPER_ROOT;12563;12;12559;20;;;12569;10;12571;18;;;12566.0;0.0
yf_ADM_d2;34500;ASH_COATED_OSMIUM;9964;16;9961;14;;;9974;20;9976;21;;;9969.0;0.0
yf_ADM_d2;34500;INTARIAN_PEPPER_ROOT;12565;10;12563;14;;;12572;11;12576;13;;;12568.5;0.0
yf_ADM_d2;34600;ASH_COATED_OSMIUM;9966;6;9964;25;;;9972;7;9976;14;;;9969.0;0.0
yf_ADM_d2;34600;INTARIAN_PEPPER_ROOT;12566;13;12563;25;;;12576;18;12580;28;;;12571.0;0.0
yf_ADM_d2;34700;ASH_COATED_OSMIUM;9965;14;9963;21;;;9971;19;9975;17;;;9968.0;0.0
yf_ADM_d2;34700;INTARIAN_PEPPER_ROOT;12570;14;12568;28;;;12576;21;12578;13;;;12573.0;0.0
yf_ADM_d2;34800;ASH_COATED_OSMIUM;9966;16;9964;21;;;9972;9;9975;14;;;9969.0;0.0
yf_ADM_d2;34800;INTARIAN_PEPPER_ROOT;12572;17;12568;25;;;12580;14;12583;21;;;12576.0;0.0
yf_ADM_d2;34900;ASH_COATED_OSMIUM;9966;22;9962;16;;;9972;19;9976;19;;;9969.0;0.0
yf_ADM_d2;34900;INTARIAN_PEPPER_ROOT;12576;11;12573;15;;;12582;16;12585;21;;;12579.0;0.0
yf_ADM_d2;35000;ASH_COATED_OSMIUM;9964;16;9961;17;;;9973;20;9976;21;;;9968.5;0.0
yf_ADM_d2;35000;INTARIAN_PEPPER_ROOT;12578;14;12575;18;;;12584;12;12587;11;;;12581.0;0.0
yf_ADM_d2;35100;ASH_COATED_OSMIUM;9966;15;9964;16;;;9972;15;9975;14;;;9969.0;0.0
yf_ADM_d2;35100;INTARIAN_PEPPER_ROOT;12574;16;12570;22;;;12593;16;12597;24;;;12583.5;0.0
yf_ADM_d2;35200;ASH_COATED_OSMIUM;9966;16;9963;14;;;9972;12;9975;23;;;9969.0;0.0
yf_ADM_d2;35200;INTARIAN_PEPPER_ROOT;12566;13;12563;27;;;12607;9;12610;31;;;12586.5;0.0
yf_ADM_d2;35300;ASH_COATED_OSMIUM;9959;20;9957;28;;;9979;17;9983;22;;;9969.0;0.0
yf_ADM_d2;35300;INTARIAN_PEPPER_ROOT;12578;22;12574;15;;;12600;16;12603;24;;;12589.0;0.0
yf_ADM_d2;35400;ASH_COATED_OSMIUM;9966;14;9963;17;;;9972;17;9976;18;;;9969.0;0.0
yf_ADM_d2;35400;INTARIAN_PEPPER_ROOT;12586;12;12582;22;;;12598;21;12600;29;;;12592.0;0.0
yf_ADM_d2;35500;ASH_COATED_OSMIUM;9965;5;9963;22;;;9971;16;9974;17;;;9968.0;0.0
yf_ADM_d2;35500;INTARIAN_PEPPER_ROOT;12592;24;12589;15;;;12598;7;12602;22;;;12595.0;0.0
yf_ADM_d2;35600;ASH_COATED_OSMIUM;9964;8;9960;26;;;9973;18;9976;18;;;9968.5;0.0
yf_ADM_d2;35600;INTARIAN_PEPPER_ROOT;12594;14;12591;22;;;12600;7;12604;19;;;12597.0;0.0
yf_ADM_d2;35700;ASH_COATED_OSMIUM;9957;22;9954;14;;;9981;14;9985;12;;;9969.0;0.0
yf_ADM_d2;35700;INTARIAN_PEPPER_ROOT;12596;15;12593;14;;;12605;7;12607;25;;;12600.5;0.0
yf_ADM_d2;35800;ASH_COATED_OSMIUM;9963;12;9959;14;;;9975;13;9977;13;;;9969.0;0.0
yf_ADM_d2;35800;INTARIAN_PEPPER_ROOT;12600;11;12597;24;;;12606;5;12608;17;;;12603.0;0.0
yf_ADM_d2;35900;ASH_COATED_OSMIUM;9966;16;9962;20;;;9972;21;9974;30;;;9969.0;0.0
yf_ADM_d2;35900;INTARIAN_PEPPER_ROOT;12602;8;12599;17;;;12608;14;12611;22;;;12605.0;0.0
yf_ADM_d2;36000;ASH_COATED_OSMIUM;9965;17;9961;15;;;9971;16;9973;21;;;9968.0;0.0
yf_ADM_d2;36000;INTARIAN_PEPPER_ROOT;12605;21;12603;22;;;12611;20;12614;21;;;12608.0;0.0
yf_ADM_d2;36100;ASH_COATED_OSMIUM;9964;16;9960;19;;;9974;6;9977;11;;;9969.0;0.0
yf_ADM_d2;36100;INTARIAN_PEPPER_ROOT;12608;14;12604;16;;;12614;17;12618;20;;;12611.0;0.0
yf_ADM_d2;36200;ASH_COATED_OSMIUM;9963;18;9961;21;;;9974;18;9976;25;;;9968.5;0.0
yf_ADM_d2;36200;INTARIAN_PEPPER_ROOT;12610;22;12606;17;;;12616;5;12618;19;;;12613.0;0.0
yf_ADM_d2;36300;ASH_COATED_OSMIUM;9965;16;9962;19;;;9971;23;9974;22;;;9968.0;0.0
yf_ADM_d2;36300;INTARIAN_PEPPER_ROOT;12613;16;12609;24;;;12619;11;12622;23;;;12616.0;0.0
yf_ADM_d2;36400;ASH_COATED_OSMIUM;9962;14;9959;16;;;9974;15;9977;23;;;9968.0;0.0
yf_ADM_d2;36400;INTARIAN_PEPPER_ROOT;12615;11;12612;19;;;12621;7;12623;20;;;12618.0;0.0
yf_ADM_d2;36500;ASH_COATED_OSMIUM;9965;20;9961;15;;;9971;13;9973;21;;;9968.0;0.0
yf_ADM_d2;36500;INTARIAN_PEPPER_ROOT;12618;13;12616;20;;;12624;11;12628;20;;;12621.0;0.0
yf_ADM_d2;36600;ASH_COATED_OSMIUM;9965;17;9961;11;;;9971;11;9975;20;;;9968.0;0.0
yf_ADM_d2;36600;INTARIAN_PEPPER_ROOT;12620;20;12617;16;;;12626;21;12629;20;;;12623.0;0.0
yf_ADM_d2;36700;ASH_COATED_OSMIUM;9965;16;9963;16;;;9971;9;9973;21;;;9968.0;0.0
yf_ADM_d2;36700;INTARIAN_PEPPER_ROOT;12622;14;12619;17;;;12628;18;12632;20;;;12625.0;0.0
yf_ADM_d2;36800;ASH_COATED_OSMIUM;9964;10;9962;24;;;9973;17;9975;16;;;9968.5;0.0
yf_ADM_d2;36800;INTARIAN_PEPPER_ROOT;12624;21;12620;10;;;12634;11;12636;31;;;12629.0;0.0
yf_ADM_d2;36900;ASH_COATED_OSMIUM;9962;19;9959;18;;;9974;10;9976;25;;;9968.0;0.0
yf_ADM_d2;36900;INTARIAN_PEPPER_ROOT;12629;6;12626;14;;;12635;11;12637;15;;;12632.0;0.0
yf_ADM_d2;37000;ASH_COATED_OSMIUM;9965;11;9963;22;;;9971;20;9975;12;;;9968.0;0.0
yf_ADM_d2;37000;INTARIAN_PEPPER_ROOT;12630;13;12628;20;;;12637;9;12639;22;;;12633.5;0.0
yf_ADM_d2;37100;ASH_COATED_OSMIUM;9949;18;9946;16;;;9987;15;9990;24;;;9968.0;0.0
yf_ADM_d2;37100;INTARIAN_PEPPER_ROOT;12621;10;12617;11;;;12653;15;12657;18;;;12637.0;0.0
yf_ADM_d2;37200;ASH_COATED_OSMIUM;9963;11;9959;20;;;9974;11;9978;22;;;9968.5;0.0
yf_ADM_d2;37200;INTARIAN_PEPPER_ROOT;12636;19;12634;18;;;12642;11;12644;16;;;12639.0;0.0
yf_ADM_d2;37300;ASH_COATED_OSMIUM;9953;9;9951;24;;;9983;9;9985;25;;;9968.0;0.0
yf_ADM_d2;37300;INTARIAN_PEPPER_ROOT;12639;12;12637;22;;;12647;13;12649;14;;;12643.0;0.0
yf_ADM_d2;37400;ASH_COATED_OSMIUM;9965;12;9963;20;;;9971;24;9973;24;;;9968.0;0.0
yf_ADM_d2;37400;INTARIAN_PEPPER_ROOT;12642;18;12639;21;;;12648;5;12652;27;;;12645.0;0.0
yf_ADM_d2;37500;ASH_COATED_OSMIUM;9965;16;9963;12;;;9971;15;9975;20;;;9968.0;0.0
yf_ADM_d2;37500;INTARIAN_PEPPER_ROOT;12645;14;12641;14;;;12651;17;12653;26;;;12648.0;0.0
yf_ADM_d2;37600;ASH_COATED_OSMIUM;9965;17;9962;18;;;9971;10;9973;19;;;9968.0;0.0
yf_ADM_d2;37600;INTARIAN_PEPPER_ROOT;12647;20;12644;26;;;12653;10;12655;20;;;12650.0;0.0
yf_ADM_d2;37700;ASH_COATED_OSMIUM;9965;15;9963;21;;;9971;6;9975;15;;;9968.0;0.0
yf_ADM_d2;37700;INTARIAN_PEPPER_ROOT;12650;14;12647;21;;;12656;15;12659;20;;;12653.0;0.0
yf_ADM_d2;37800;ASH_COATED_OSMIUM;9961;13;9957;17;;;9973;17;9975;22;;;9967.0;0.0
yf_ADM_d2;37800;INTARIAN_PEPPER_ROOT;12652;10;12650;19;;;12658;25;12660;27;;;12655.0;0.0
yf_ADM_d2;37900;ASH_COATED_OSMIUM;9958;19;9955;17;;;9978;9;9980;17;;;9968.0;0.0
yf_ADM_d2;37900;INTARIAN_PEPPER_ROOT;12656;24;12654;12;;;12662;11;12664;14;;;12659.0;0.0
yf_ADM_d2;38000;ASH_COATED_OSMIUM;9965;19;9963;26;;;9971;6;9973;26;;;9968.0;0.0
yf_ADM_d2;38000;INTARIAN_PEPPER_ROOT;12652;16;12649;28;;;12670;9;12672;18;;;12661.0;0.0
yf_ADM_d2;38100;ASH_COATED_OSMIUM;9963;12;9961;22;;;9971;7;9975;15;;;9967.0;0.0
yf_ADM_d2;38100;INTARIAN_PEPPER_ROOT;12659;21;12656;30;;;12668;22;12671;25;;;12663.5;0.0
yf_ADM_d2;38200;ASH_COATED_OSMIUM;9964;12;9960;23;;;9970;19;9972;17;;;9967.0;0.0
yf_ADM_d2;38200;INTARIAN_PEPPER_ROOT;12660;5;12657;17;;;12672;16;12676;20;;;12666.0;0.0
yf_ADM_d2;38300;ASH_COATED_OSMIUM;9965;11;9961;20;;;9971;19;9973;22;;;9968.0;0.0
yf_ADM_d2;38300;INTARIAN_PEPPER_ROOT;12665;10;12663;19;;;12671;15;12674;13;;;12668.0;0.0
yf_ADM_d2;38400;ASH_COATED_OSMIUM;9965;14;9961;23;;;9971;19;9974;20;;;9968.0;0.0
yf_ADM_d2;38400;INTARIAN_PEPPER_ROOT;12668;13;12665;18;;;12674;24;12677;19;;;12671.0;0.0
yf_ADM_d2;38500;ASH_COATED_OSMIUM;9958;10;9956;22;;;9978;16;9980;23;;;9968.0;0.0
yf_ADM_d2;38500;INTARIAN_PEPPER_ROOT;12671;17;12667;19;;;12677;19;12680;24;;;12674.0;0.0
yf_ADM_d2;38600;ASH_COATED_OSMIUM;9965;11;9962;18;;;9971;5;9974;31;;;9968.0;0.0
yf_ADM_d2;38600;INTARIAN_PEPPER_ROOT;12673;13;12669;18;;;12679;17;12681;25;;;12676.0;0.0
yf_ADM_d2;38700;ASH_COATED_OSMIUM;9962;10;9959;12;;;9973;14;9975;20;;;9967.5;0.0
yf_ADM_d2;38700;INTARIAN_PEPPER_ROOT;12675;22;12671;19;;;12685;10;12689;20;;;12680.0;0.0
yf_ADM_d2;38800;ASH_COATED_OSMIUM;9958;12;9954;28;;;9976;17;9979;16;;;9967.0;0.0
yf_ADM_d2;38800;INTARIAN_PEPPER_ROOT;12679;13;12677;16;;;12685;11;12688;10;;;12682.0;0.0
yf_ADM_d2;38900;ASH_COATED_OSMIUM;9964;20;9962;19;;;9971;20;9975;20;;;9967.5;0.0
yf_ADM_d2;38900;INTARIAN_PEPPER_ROOT;12682;17;12679;20;;;12688;6;12690;16;;;12685.0;0.0
yf_ADM_d2;39000;ASH_COATED_OSMIUM;9962;14;9960;26;;;9974;13;9978;25;;;9968.0;0.0
yf_ADM_d2;39000;INTARIAN_PEPPER_ROOT;12684;6;12681;16;;;12691;17;12694;20;;;12687.5;0.0
yf_ADM_d2;39100;ASH_COATED_OSMIUM;9958;20;9956;22;;;9977;17;9979;23;;;9967.5;0.0
yf_ADM_d2;39100;INTARIAN_PEPPER_ROOT;12687;21;12684;23;;;12693;11;12697;17;;;12690.0;0.0
yf_ADM_d2;39200;ASH_COATED_OSMIUM;9963;9;9959;20;;;9972;19;9975;15;;;9967.5;0.0
yf_ADM_d2;39200;INTARIAN_PEPPER_ROOT;12690;14;12688;24;;;12696;25;12698;17;;;12693.0;0.0
yf_ADM_d2;39300;ASH_COATED_OSMIUM;9954;15;9950;21;;;9980;10;9982;18;;;9967.0;0.0
yf_ADM_d2;39300;INTARIAN_PEPPER_ROOT;12692;23;12689;12;;;12698;12;12702;23;;;12695.0;0.0
yf_ADM_d2;39400;ASH_COATED_OSMIUM;9965;16;9963;19;;;9971;17;9973;20;;;9968.0;0.0
yf_ADM_d2;39400;INTARIAN_PEPPER_ROOT;12695;11;12693;27;;;12701;19;12703;19;;;12698.0;0.0
yf_ADM_d2;39500;ASH_COATED_OSMIUM;9965;5;9962;21;;;9971;10;9974;14;;;9968.0;0.0
yf_ADM_d2;39500;INTARIAN_PEPPER_ROOT;12697;9;12693;18;;;12703;18;12707;23;;;12700.0;0.0
yf_ADM_d2;39600;ASH_COATED_OSMIUM;9958;15;9955;23;;;9976;11;9978;19;;;9967.0;0.0
yf_ADM_d2;39600;INTARIAN_PEPPER_ROOT;12693;13;12691;21;;;12713;19;12715;20;;;12703.0;0.0
yf_ADM_d2;39700;ASH_COATED_OSMIUM;9962;8;9960;14;;;9971;16;9973;25;;;9966.5;0.0
yf_ADM_d2;39700;INTARIAN_PEPPER_ROOT;12694;14;12692;19;;;12718;14;12720;23;;;12706.0;0.0
yf_ADM_d2;39800;ASH_COATED_OSMIUM;9963;15;9961;19;;;9970;10;9972;32;;;9966.5;0.0
yf_ADM_d2;39800;INTARIAN_PEPPER_ROOT;12706;22;12703;22;;;12712;18;12715;10;;;12709.0;0.0
yf_ADM_d2;39900;ASH_COATED_OSMIUM;9964;18;9962;31;;;9970;9;9973;13;;;9967.0;0.0
yf_ADM_d2;39900;INTARIAN_PEPPER_ROOT;12708;11;12704;19;;;12714;7;12718;21;;;12711.0;0.0
yf_ADM_d2;40000;ASH_COATED_OSMIUM;9962;11;9959;24;;;9972;13;9974;20;;;9967.0;0.0
yf_ADM_d2;40000;INTARIAN_PEPPER_ROOT;12711;23;12707;17;;;12717;19;12719;16;;;12714.0;0.0
yf_ADM_d2;40100;ASH_COATED_OSMIUM;9964;20;9961;18;;;9970;12;9973;17;;;9967.0;0.0
yf_ADM_d2;40100;INTARIAN_PEPPER_ROOT;12713;17;12710;24;;;12719;10;12723;21;;;12716.0;0.0
yf_ADM_d2;40200;ASH_COATED_OSMIUM;9964;19;9960;16;;;9970;19;9972;27;;;9967.0;0.0
yf_ADM_d2;40200;INTARIAN_PEPPER_ROOT;12711;17;12707;29;;;12727;15;12729;14;;;12719.0;0.0
yf_ADM_d2;40300;ASH_COATED_OSMIUM;9964;19;9962;20;;;9970;13;9974;21;;;9967.0;0.0
yf_ADM_d2;40300;INTARIAN_PEPPER_ROOT;12718;23;12714;29;;;12726;18;12729;23;;;12722.0;0.0
yf_ADM_d2;40400;ASH_COATED_OSMIUM;9964;17;9962;16;;;9970;6;9973;20;;;9967.0;0.0
yf_ADM_d2;40400;INTARIAN_PEPPER_ROOT;12721;10;12718;20;;;12727;15;12730;28;;;12724.0;0.0
yf_ADM_d2;40500;ASH_COATED_OSMIUM;9955;18;9951;20;;;9979;18;9983;16;;;9967.0;0.0
yf_ADM_d2;40500;INTARIAN_PEPPER_ROOT;12721;17;12717;27;;;12733;22;12736;16;;;12727.0;0.0
yf_ADM_d2;40600;ASH_COATED_OSMIUM;9956;10;9952;19;;;9979;10;9981;16;;;9967.5;0.0
yf_ADM_d2;40600;INTARIAN_PEPPER_ROOT;12726;20;12722;16;;;12732;21;12736;15;;;12729.0;0.0
yf_ADM_d2;40700;ASH_COATED_OSMIUM;9964;12;9961;21;;;9970;18;9974;23;;;9967.0;0.0
yf_ADM_d2;40700;INTARIAN_PEPPER_ROOT;12723;19;12720;25;;;12741;24;12743;17;;;12732.0;0.0
yf_ADM_d2;40800;ASH_COATED_OSMIUM;9964;20;9960;27;;;9970;10;9973;32;;;9967.0;0.0
yf_ADM_d2;40800;INTARIAN_PEPPER_ROOT;12723;6;12719;10;;;12748;16;12751;14;;;12735.5;0.0
yf_ADM_d2;40900;ASH_COATED_OSMIUM;9963;10;9961;20;;;9969;11;9972;26;;;9966.0;0.0
yf_ADM_d2;40900;INTARIAN_PEPPER_ROOT;12735;18;12731;17;;;12741;21;12745;14;;;12738.0;0.0
yf_ADM_d2;41000;ASH_COATED_OSMIUM;9964;18;9962;24;;;9970;5;9972;11;;;9967.0;0.0
yf_ADM_d2;41000;INTARIAN_PEPPER_ROOT;12737;11;12735;17;;;12743;14;12745;16;;;12740.0;0.0
yf_ADM_d2;41100;ASH_COATED_OSMIUM;9960;18;9957;28;;;9974;13;9976;16;;;9967.0;0.0
yf_ADM_d2;41100;INTARIAN_PEPPER_ROOT;12740;15;12737;28;;;12746;16;12750;22;;;12743.0;0.0
yf_ADM_d2;41200;ASH_COATED_OSMIUM;9957;22;9953;19;;;9976;22;9979;25;;;9966.5;0.0
yf_ADM_d2;41200;INTARIAN_PEPPER_ROOT;12742;19;12740;22;;;12748;20;12750;19;;;12745.0;0.0
yf_ADM_d2;41300;ASH_COATED_OSMIUM;9961;14;9958;16;;;9973;9;9976;18;;;9967.0;0.0
yf_ADM_d2;41300;INTARIAN_PEPPER_ROOT;12744;17;12741;15;;;12750;14;12752;22;;;12747.0;0.0
yf_ADM_d2;41400;ASH_COATED_OSMIUM;9964;21;9961;15;;;9970;20;9974;20;;;9967.0;0.0
yf_ADM_d2;41400;INTARIAN_PEPPER_ROOT;12747;21;12745;25;;;12753;16;12755;23;;;12750.0;0.0
yf_ADM_d2;41500;ASH_COATED_OSMIUM;9964;22;9961;19;;;9970;10;9973;25;;;9967.0;0.0
yf_ADM_d2;41500;INTARIAN_PEPPER_ROOT;12747;17;12744;11;;;12758;7;12760;21;;;12752.5;0.0
yf_ADM_d2;41600;ASH_COATED_OSMIUM;9961;14;9957;18;;;9972;10;9974;18;;;9966.5;0.0
yf_ADM_d2;41600;INTARIAN_PEPPER_ROOT;12753;10;12751;17;;;12759;8;12762;23;;;12756.0;0.0
yf_ADM_d2;41700;ASH_COATED_OSMIUM;9964;16;9961;16;;;9970;10;9972;23;;;9967.0;0.0
yf_ADM_d2;41700;INTARIAN_PEPPER_ROOT;12750;15;12747;19;;;12769;18;12772;30;;;12759.5;0.0
yf_ADM_d2;41800;ASH_COATED_OSMIUM;9958;17;9956;18;;;9975;11;9978;13;;;9966.5;0.0
yf_ADM_d2;41800;INTARIAN_PEPPER_ROOT;12753;10;12751;11;;;12770;17;12773;21;;;12761.5;0.0
yf_ADM_d2;41900;ASH_COATED_OSMIUM;9964;12;9960;16;;;9970;8;9974;32;;;9967.0;0.0
yf_ADM_d2;41900;INTARIAN_PEPPER_ROOT;12755;10;12752;21;;;12772;9;12775;15;;;12763.5;0.0
yf_ADM_d2;42000;ASH_COATED_OSMIUM;9964;16;9960;28;;;9970;11;9972;27;;;9967.0;0.0
yf_ADM_d2;42000;INTARIAN_PEPPER_ROOT;12763;19;12760;22;;;12769;21;12773;13;;;12766.0;0.0
yf_ADM_d2;42100;ASH_COATED_OSMIUM;9964;19;9960;26;;;9970;15;9973;24;;;9967.0;0.0
yf_ADM_d2;42100;INTARIAN_PEPPER_ROOT;12764;10;12762;12;;;12775;19;12778;22;;;12769.5;0.0
yf_ADM_d2;42200;ASH_COATED_OSMIUM;9964;10;9962;21;;;9970;18;9972;15;;;9967.0;0.0
yf_ADM_d2;42200;INTARIAN_PEPPER_ROOT;12768;15;12764;23;;;12775;16;12777;24;;;12771.5;0.0
yf_ADM_d2;42300;ASH_COATED_OSMIUM;9964;14;9962;24;;;9970;10;9974;12;;;9967.0;0.0
yf_ADM_d2;42300;INTARIAN_PEPPER_ROOT;12771;17;12767;21;;;12777;26;12779;26;;;12774.0;0.0
yf_ADM_d2;42400;ASH_COATED_OSMIUM;9964;17;9960;13;;;9970;11;9973;17;;;9967.0;0.0
yf_ADM_d2;42400;INTARIAN_PEPPER_ROOT;12774;30;12772;22;;;12780;10;12784;21;;;12777.0;0.0
yf_ADM_d2;42500;ASH_COATED_OSMIUM;9963;21;9961;12;;;9969;16;9971;22;;;9966.0;0.0
yf_ADM_d2;42500;INTARIAN_PEPPER_ROOT;12777;17;12774;20;;;12783;10;12787;24;;;12780.0;0.0
yf_ADM_d2;42600;ASH_COATED_OSMIUM;9946;19;9943;13;;;9986;12;9990;24;;;9966.0;0.0
yf_ADM_d2;42600;INTARIAN_PEPPER_ROOT;12779;15;12777;28;;;12785;10;12789;21;;;12782.0;0.0
yf_ADM_d2;42700;ASH_COATED_OSMIUM;9963;20;9959;14;;;9970;16;9974;15;;;9966.5;0.0
yf_ADM_d2;42700;INTARIAN_PEPPER_ROOT;12773;5;12770;21;;;12799;15;12803;21;;;12786.0;0.0
yf_ADM_d2;42800;ASH_COATED_OSMIUM;9963;5;9961;24;;;9970;20;9973;15;;;9966.5;0.0
yf_ADM_d2;42800;INTARIAN_PEPPER_ROOT;12785;21;12782;19;;;12791;19;12793;21;;;12788.0;0.0
yf_ADM_d2;42900;ASH_COATED_OSMIUM;9964;24;9960;22;;;9970;15;9974;22;;;9967.0;0.0
yf_ADM_d2;42900;INTARIAN_PEPPER_ROOT;12787;16;12783;16;;;12794;8;12797;32;;;12790.5;0.0
yf_ADM_d2;43000;ASH_COATED_OSMIUM;9964;15;9961;16;;;9970;19;9974;24;;;9967.0;0.0
yf_ADM_d2;43000;INTARIAN_PEPPER_ROOT;12787;16;12784;22;;;12800;10;12804;21;;;12793.5;0.0
yf_ADM_d2;43100;ASH_COATED_OSMIUM;9956;15;9953;20;;;9977;11;9980;25;;;9966.5;0.0
yf_ADM_d2;43100;INTARIAN_PEPPER_ROOT;12793;9;12789;10;;;12799;14;12802;21;;;12796.0;0.0
yf_ADM_d2;43200;ASH_COATED_OSMIUM;9963;5;9959;23;;;9970;15;9972;24;;;9966.5;0.0
yf_ADM_d2;43200;INTARIAN_PEPPER_ROOT;12795;19;12793;24;;;12801;10;12805;20;;;12798.0;0.0
yf_ADM_d2;43300;ASH_COATED_OSMIUM;9964;10;9961;21;;;9970;16;9973;14;;;9967.0;0.0
yf_ADM_d2;43300;INTARIAN_PEPPER_ROOT;12798;15;12794;18;;;12804;17;12806;18;;;12801.0;0.0
yf_ADM_d2;43400;ASH_COATED_OSMIUM;9962;24;9958;18;;;9971;14;9973;16;;;9966.5;0.0
yf_ADM_d2;43400;INTARIAN_PEPPER_ROOT;12800;18;12798;27;;;12807;16;12809;16;;;12803.5;0.0
yf_ADM_d2;43500;ASH_COATED_OSMIUM;9963;15;9959;24;;;9969;12;9972;15;;;9966.0;0.0
yf_ADM_d2;43500;INTARIAN_PEPPER_ROOT;12797;9;12795;18;;;12816;8;12819;12;;;12806.5;0.0
yf_ADM_d2;43600;ASH_COATED_OSMIUM;9963;7;9959;13;;;9969;13;9972;20;;;9966.0;0.0
yf_ADM_d2;43600;INTARIAN_PEPPER_ROOT;12805;19;12801;25;;;12813;17;12817;17;;;12809.0;0.0
yf_ADM_d2;43700;ASH_COATED_OSMIUM;9963;15;9961;9;;;9969;18;9973;13;;;9966.0;0.0
yf_ADM_d2;43700;INTARIAN_PEPPER_ROOT;12808;17;12806;20;;;12814;18;12817;27;;;12811.0;0.0
yf_ADM_d2;43800;ASH_COATED_OSMIUM;9956;19;9954;32;;;9976;15;9979;19;;;9966.0;0.0
yf_ADM_d2;43800;INTARIAN_PEPPER_ROOT;12811;12;12808;22;;;12817;15;12819;11;;;12814.0;0.0
yf_ADM_d2;43900;ASH_COATED_OSMIUM;9963;16;9959;16;;;9969;5;9971;16;;;9966.0;0.0
yf_ADM_d2;43900;INTARIAN_PEPPER_ROOT;12799;14;12797;17;;;12835;13;12837;16;;;12817.0;0.0
yf_ADM_d2;44000;ASH_COATED_OSMIUM;9963;26;9961;27;;;9969;17;9971;18;;;9966.0;0.0
yf_ADM_d2;44000;INTARIAN_PEPPER_ROOT;12814;12;12810;18;;;12824;22;12827;8;;;12819.0;0.0
yf_ADM_d2;44100;ASH_COATED_OSMIUM;9963;15;9959;26;;;9969;12;9971;11;;;9966.0;0.0
yf_ADM_d2;44100;INTARIAN_PEPPER_ROOT;12819;10;12815;18;;;12825;18;12828;22;;;12822.0;0.0
yf_ADM_d2;44200;ASH_COATED_OSMIUM;9963;9;9960;19;;;9969;13;9972;26;;;9966.0;0.0
yf_ADM_d2;44200;INTARIAN_PEPPER_ROOT;12822;16;12819;19;;;12828;20;12830;18;;;12825.0;0.0
yf_ADM_d2;44300;ASH_COATED_OSMIUM;9963;14;9960;26;;;9969;14;9972;19;;;9966.0;0.0
yf_ADM_d2;44300;INTARIAN_PEPPER_ROOT;12821;19;12818;24;;;12833;11;12837;25;;;12827.0;0.0
yf_ADM_d2;44400;ASH_COATED_OSMIUM;9963;16;9959;8;;;9969;13;9971;22;;;9966.0;0.0
yf_ADM_d2;44400;INTARIAN_PEPPER_ROOT;12821;21;12819;23;;;12838;20;12842;14;;;12829.5;0.0
yf_ADM_d2;44500;ASH_COATED_OSMIUM;9963;21;9960;21;;;9969;16;9972;17;;;9966.0;0.0
yf_ADM_d2;44500;INTARIAN_PEPPER_ROOT;12822;12;12818;20;;;12843;13;12847;25;;;12832.5;0.0
yf_ADM_d2;44600;ASH_COATED_OSMIUM;9962;14;9960;18;;;9970;16;9972;31;;;9966.0;0.0
yf_ADM_d2;44600;INTARIAN_PEPPER_ROOT;12831;13;12828;17;;;12841;6;12843;22;;;12836.0;0.0
yf_ADM_d2;44700;ASH_COATED_OSMIUM;9960;16;9958;21;;;9971;16;9974;8;;;9965.5;0.0
yf_ADM_d2;44700;INTARIAN_PEPPER_ROOT;12829;12;12827;20;;;12847;25;12849;24;;;12838.0;0.0
yf_ADM_d2;44800;ASH_COATED_OSMIUM;9959;15;9955;11;;;9972;12;9974;23;;;9965.5;0.0
yf_ADM_d2;44800;INTARIAN_PEPPER_ROOT;12834;17;12830;20;;;12846;14;12848;18;;;12840.0;0.0
yf_ADM_d2;44900;ASH_COATED_OSMIUM;9962;9;9960;16;;;9968;25;9971;18;;;9965.0;0.0
yf_ADM_d2;44900;INTARIAN_PEPPER_ROOT;12840;10;12838;13;;;12846;15;12849;20;;;12843.0;0.0
yf_ADM_d2;45000;ASH_COATED_OSMIUM;9962;21;9958;26;;;9968;17;9970;20;;;9965.0;0.0
yf_ADM_d2;45000;INTARIAN_PEPPER_ROOT;12840;20;12837;21;;;12853;18;12856;23;;;12846.5;0.0
yf_ADM_d2;45100;ASH_COATED_OSMIUM;9963;19;9959;16;;;9969;11;9972;25;;;9966.0;0.0
yf_ADM_d2;45100;INTARIAN_PEPPER_ROOT;12846;15;12843;25;;;12852;18;12854;26;;;12849.0;0.0
yf_ADM_d2;45200;ASH_COATED_OSMIUM;9963;5;9961;12;;;9969;10;9972;22;;;9966.0;0.0
yf_ADM_d2;45200;INTARIAN_PEPPER_ROOT;12848;10;12846;9;;;12854;13;12856;16;;;12851.0;0.0
yf_ADM_d2;45300;ASH_COATED_OSMIUM;9955;19;9953;21;;;9977;17;9979;24;;;9966.0;0.0
yf_ADM_d2;45300;INTARIAN_PEPPER_ROOT;12851;19;12848;19;;;12857;20;12859;25;;;12854.0;0.0
yf_ADM_d2;45400;ASH_COATED_OSMIUM;9963;15;9961;26;;;9969;20;9973;24;;;9966.0;0.0
yf_ADM_d2;45400;INTARIAN_PEPPER_ROOT;12854;13;12850;17;;;12860;12;12863;21;;;12857.0;0.0
yf_ADM_d2;45500;ASH_COATED_OSMIUM;9962;18;9958;23;;;9968;24;9972;27;;;9965.0;0.0
yf_ADM_d2;45500;INTARIAN_PEPPER_ROOT;12856;16;12854;17;;;12862;15;12865;17;;;12859.0;0.0
yf_ADM_d2;45600;ASH_COATED_OSMIUM;9956;13;9952;20;;;9974;8;9978;15;;;9965.0;0.0
yf_ADM_d2;45600;INTARIAN_PEPPER_ROOT;12859;14;12856;16;;;12865;11;12867;15;;;12862.0;0.0
yf_ADM_d2;45700;ASH_COATED_OSMIUM;9962;16;9960;19;;;9968;22;9970;15;;;9965.0;0.0
yf_ADM_d2;45700;INTARIAN_PEPPER_ROOT;12861;22;12858;19;;;12867;10;12870;19;;;12864.0;0.0
yf_ADM_d2;45800;ASH_COATED_OSMIUM;9961;17;9957;15;;;9970;17;9972;17;;;9965.5;0.0
yf_ADM_d2;45800;INTARIAN_PEPPER_ROOT;12860;9;12857;13;;;12874;22;12878;21;;;12867.0;0.0
yf_ADM_d2;45900;ASH_COATED_OSMIUM;9959;6;9956;13;;;9971;15;9974;23;;;9965.0;0.0
yf_ADM_d2;45900;INTARIAN_PEPPER_ROOT;12865;17;12861;12;;;12874;14;12878;18;;;12869.5;0.0
yf_ADM_d2;46000;ASH_COATED_OSMIUM;9962;9;9959;16;;;9969;16;9972;20;;;9965.5;0.0
yf_ADM_d2;46000;INTARIAN_PEPPER_ROOT;12869;17;12866;29;;;12877;13;12879;26;;;12873.0;0.0
yf_ADM_d2;46100;ASH_COATED_OSMIUM;9953;18;9949;29;;;9979;12;9981;20;;;9966.0;0.0
yf_ADM_d2;46100;INTARIAN_PEPPER_ROOT;12870;12;12866;23;;;12880;11;12882;19;;;12875.0;0.0
yf_ADM_d2;46200;ASH_COATED_OSMIUM;9962;21;9958;21;;;9968;20;9970;25;;;9965.0;0.0
yf_ADM_d2;46200;INTARIAN_PEPPER_ROOT;12874;14;12870;27;;;12880;13;12883;20;;;12877.0;0.0
yf_ADM_d2;46300;ASH_COATED_OSMIUM;9956;15;9952;27;;;9975;24;9978;21;;;9965.5;0.0
yf_ADM_d2;46300;INTARIAN_PEPPER_ROOT;12878;12;12874;25;;;12884;13;12888;22;;;12881.0;0.0
yf_ADM_d2;46400;ASH_COATED_OSMIUM;9960;8;9958;16;;;9971;11;9974;22;;;9965.5;0.0
yf_ADM_d2;46400;INTARIAN_PEPPER_ROOT;12880;18;12877;8;;;12886;17;12888;21;;;12883.0;0.0
yf_ADM_d2;46500;ASH_COATED_OSMIUM;9962;16;9959;24;;;9968;19;9972;13;;;9965.0;0.0
yf_ADM_d2;46500;INTARIAN_PEPPER_ROOT;12883;13;12881;18;;;12889;12;12893;18;;;12886.0;0.0
yf_ADM_d2;46600;ASH_COATED_OSMIUM;9962;16;9959;22;;;9968;15;9971;22;;;9965.0;0.0
yf_ADM_d2;46600;INTARIAN_PEPPER_ROOT;12885;6;12882;23;;;12891;16;12893;21;;;12888.0;0.0
yf_ADM_d2;46700;ASH_COATED_OSMIUM;9962;9;9960;21;;;9968;14;9972;25;;;9965.0;0.0
yf_ADM_d2;46700;INTARIAN_PEPPER_ROOT;12883;15;12879;19;;;12898;21;12902;17;;;12890.5;0.0
yf_ADM_d2;46800;ASH_COATED_OSMIUM;9963;16;9959;21;;;9969;19;9971;19;;;9966.0;0.0
yf_ADM_d2;46800;INTARIAN_PEPPER_ROOT;12890;7;12888;20;;;12896;12;12899;24;;;12893.0;0.0
yf_ADM_d2;46900;ASH_COATED_OSMIUM;9956;5;9952;10;;;9975;15;9978;12;;;9965.5;0.0
yf_ADM_d2;46900;INTARIAN_PEPPER_ROOT;12893;9;12891;18;;;12899;14;12902;25;;;12896.0;0.0
yf_ADM_d2;47000;ASH_COATED_OSMIUM;9962;14;9960;15;;;9968;13;9970;18;;;9965.0;0.0
yf_ADM_d2;47000;INTARIAN_PEPPER_ROOT;12896;5;12892;26;;;12902;11;12905;16;;;12899.0;0.0
yf_ADM_d2;47100;ASH_COATED_OSMIUM;9958;19;9954;23;;;9973;15;9975;17;;;9965.5;0.0
yf_ADM_d2;47100;INTARIAN_PEPPER_ROOT;12899;13;12895;28;;;12905;16;12909;20;;;12902.0;0.0
yf_ADM_d2;47200;ASH_COATED_OSMIUM;9959;17;9955;21;;;9973;17;9975;31;;;9966.0;0.0
yf_ADM_d2;47200;INTARIAN_PEPPER_ROOT;12901;12;12899;17;;;12907;16;12910;29;;;12904.0;0.0
yf_ADM_d2;47300;ASH_COATED_OSMIUM;9961;14;9957;23;;;9968;16;9971;14;;;9964.5;0.0
yf_ADM_d2;47300;INTARIAN_PEPPER_ROOT;12900;14;12896;15;;;12914;16;12918;25;;;12907.0;0.0
yf_ADM_d2;47400;ASH_COATED_OSMIUM;9962;6;9958;16;;;9968;12;9971;17;;;9965.0;0.0
yf_ADM_d2;47400;INTARIAN_PEPPER_ROOT;12905;10;12901;28;;;12914;8;12917;13;;;12909.5;0.0
yf_ADM_d2;47500;ASH_COATED_OSMIUM;9944;10;9940;20;;;9987;21;9991;26;;;9965.5;0.0
yf_ADM_d2;47500;INTARIAN_PEPPER_ROOT;12906;12;12902;22;;;12917;22;12921;14;;;12911.5;0.0
yf_ADM_d2;47600;ASH_COATED_OSMIUM;9960;19;9956;11;;;9969;14;9971;12;;;9964.5;0.0
yf_ADM_d2;47600;INTARIAN_PEPPER_ROOT;12909;12;12906;15;;;12921;12;12924;30;;;12915.0;0.0
yf_ADM_d2;47700;ASH_COATED_OSMIUM;9962;13;9958;26;;;9968;18;9971;15;;;9965.0;0.0
yf_ADM_d2;47700;INTARIAN_PEPPER_ROOT;12914;13;12911;19;;;12921;7;12923;16;;;12917.5;0.0
yf_ADM_d2;47800;ASH_COATED_OSMIUM;9962;14;9960;16;;;9968;14;9971;25;;;9965.0;0.0
yf_ADM_d2;47800;INTARIAN_PEPPER_ROOT;12917;6;12913;21;;;12923;14;12925;20;;;12920.0;0.0
yf_ADM_d2;47900;ASH_COATED_OSMIUM;9952;5;9948;24;;;9978;10;9982;20;;;9965.0;0.0
yf_ADM_d2;47900;INTARIAN_PEPPER_ROOT;12920;21;12918;17;;;12926;21;12928;20;;;12923.0;0.0
yf_ADM_d2;48000;ASH_COATED_OSMIUM;9958;8;9956;16;;;9972;8;9975;19;;;9965.0;0.0
yf_ADM_d2;48000;INTARIAN_PEPPER_ROOT;12922;20;12920;19;;;12928;18;12932;16;;;12925.0;0.0
yf_ADM_d2;48100;ASH_COATED_OSMIUM;9958;18;9954;26;;;9970;22;9974;20;;;9964.0;0.0
yf_ADM_d2;48100;INTARIAN_PEPPER_ROOT;12912;18;12909;19;;;12943;12;12946;25;;;12927.5;0.0
yf_ADM_d2;48200;ASH_COATED_OSMIUM;9962;19;9959;17;;;9968;23;9971;20;;;9965.0;0.0
yf_ADM_d2;48200;INTARIAN_PEPPER_ROOT;12922;17;12920;22;;;12939;17;12942;21;;;12930.5;0.0
yf_ADM_d2;48300;ASH_COATED_OSMIUM;9962;13;9958;22;;;9968;14;9971;16;;;9965.0;0.0
yf_ADM_d2;48300;INTARIAN_PEPPER_ROOT;12927;15;12925;21;;;12940;25;12942;18;;;12933.5;0.0
yf_ADM_d2;48400;ASH_COATED_OSMIUM;9962;18;9958;28;;;9968;15;9971;21;;;9965.0;0.0
yf_ADM_d2;48400;INTARIAN_PEPPER_ROOT;12928;13;12924;23;;;12944;5;12947;13;;;12936.0;0.0
yf_ADM_d2;48500;ASH_COATED_OSMIUM;9961;12;9957;17;;;9968;18;9972;12;;;9964.5;0.0
yf_ADM_d2;48500;INTARIAN_PEPPER_ROOT;12933;13;12931;25;;;12945;18;12948;17;;;12939.0;0.0
yf_ADM_d2;48600;ASH_COATED_OSMIUM;9961;15;9959;22;;;9970;14;9974;18;;;9965.5;0.0
yf_ADM_d2;48600;INTARIAN_PEPPER_ROOT;12936;16;12933;23;;;12948;21;12950;25;;;12942.0;0.0
yf_ADM_d2;48700;ASH_COATED_OSMIUM;9962;14;9958;11;;;9968;15;9972;23;;;9965.0;0.0
yf_ADM_d2;48700;INTARIAN_PEPPER_ROOT;12941;14;12938;23;;;12947;15;12950;14;;;12944.0;0.0
yf_ADM_d2;48800;ASH_COATED_OSMIUM;9962;10;9960;19;;;9968;27;9972;18;;;9965.0;0.0
yf_ADM_d2;48800;INTARIAN_PEPPER_ROOT;12941;14;12939;21;;;12952;19;12955;25;;;12946.5;0.0
yf_ADM_d2;48900;ASH_COATED_OSMIUM;9962;14;9960;15;;;9968;21;9970;17;;;9965.0;0.0
yf_ADM_d2;48900;INTARIAN_PEPPER_ROOT;12946;12;12943;18;;;12952;14;12955;22;;;12949.0;0.0
yf_ADM_d2;49000;ASH_COATED_OSMIUM;9961;15;9957;17;;;9969;15;9973;15;;;9965.0;0.0
yf_ADM_d2;49000;INTARIAN_PEPPER_ROOT;12939;17;12937;19;;;12965;16;12969;21;;;12952.0;0.0
yf_ADM_d2;49100;ASH_COATED_OSMIUM;9960;20;9957;24;;;9970;5;9972;24;;;9965.0;0.0
yf_ADM_d2;49100;INTARIAN_PEPPER_ROOT;12949;16;12947;23;;;12960;15;12962;26;;;12954.5;0.0
yf_ADM_d2;49200;ASH_COATED_OSMIUM;9960;15;9957;24;;;9969;14;9973;15;;;9964.5;0.0
yf_ADM_d2;49200;INTARIAN_PEPPER_ROOT;12954;5;12951;23;;;12960;10;12964;22;;;12957.0;0.0
yf_ADM_d2;49300;ASH_COATED_OSMIUM;9951;14;9948;26;;;9978;19;9980;19;;;9964.5;0.0
yf_ADM_d2;49300;INTARIAN_PEPPER_ROOT;12954;16;12952;22;;;12964;22;12967;26;;;12959.0;0.0
yf_ADM_d2;49400;ASH_COATED_OSMIUM;9961;22;9957;11;;;9967;15;9971;20;;;9964.0;0.0
yf_ADM_d2;49400;INTARIAN_PEPPER_ROOT;12959;16;12955;18;;;12965;9;12967;18;;;12962.0;0.0
yf_ADM_d2;49500;ASH_COATED_OSMIUM;9960;10;9957;29;;;9970;15;9974;24;;;9965.0;0.0
yf_ADM_d2;49500;INTARIAN_PEPPER_ROOT;12951;15;12949;25;;;12979;19;12982;17;;;12965.0;0.0
yf_ADM_d2;49600;ASH_COATED_OSMIUM;9962;24;9958;27;;;9968;29;9972;21;;;9965.0;0.0
yf_ADM_d2;49600;INTARIAN_PEPPER_ROOT;12965;18;12962;16;;;12971;10;12975;10;;;12968.0;0.0
yf_ADM_d2;49700;ASH_COATED_OSMIUM;9961;12;9959;19;;;9967;23;9970;20;;;9964.0;0.0
yf_ADM_d2;49700;INTARIAN_PEPPER_ROOT;12963;12;12961;18;;;12977;22;12981;17;;;12970.0;0.0
yf_ADM_d2;49800;ASH_COATED_OSMIUM;9962;5;9959;28;;;9968;18;9970;29;;;9965.0;0.0
yf_ADM_d2;49800;INTARIAN_PEPPER_ROOT;12969;17;12967;24;;;12975;11;12977;17;;;12972.0;0.0
yf_ADM_d2;49900;ASH_COATED_OSMIUM;9959;15;9955;16;;;9970;12;9974;21;;;9964.5;0.0
yf_ADM_d2;49900;INTARIAN_PEPPER_ROOT;12971;5;12968;19;;;12979;16;12982;21;;;12975.0;0.0
yf_ADM_d2;50000;ASH_COATED_OSMIUM;9962;16;9958;25;;;9968;22;9972;21;;;9965.0;0.0
yf_ADM_d2;50000;INTARIAN_PEPPER_ROOT;12975;20;12971;18;;;12981;18;12985;19;;;12978.0;0.0
yf_ADM_d2;50100;ASH_COATED_OSMIUM;9962;7;9958;21;;;9968;8;9972;23;;;9965.0;0.0
yf_ADM_d2;50100;INTARIAN_PEPPER_ROOT;12974;11;12971;12;;;12987;17;12991;30;;;12980.5;0.0
yf_ADM_d2;50200;ASH_COATED_OSMIUM;9952;18;9948;31;;;9976;13;9978;24;;;9964.0;0.0
yf_ADM_d2;50200;INTARIAN_PEPPER_ROOT;12980;10;12978;21;;;12989;27;12991;19;;;12984.5;0.0
yf_ADM_d2;50300;ASH_COATED_OSMIUM;9962;21;9958;30;;;9968;12;9971;15;;;9965.0;0.0
yf_ADM_d2;50300;INTARIAN_PEPPER_ROOT;12980;13;12977;24;;;12992;18;12994;8;;;12986.0;0.0
yf_ADM_d2;50400;ASH_COATED_OSMIUM;9962;12;9958;13;;;9968;14;9972;18;;;9965.0;0.0
yf_ADM_d2;50400;INTARIAN_PEPPER_ROOT;12980;18;12976;19;;;12997;21;12999;26;;;12988.5;0.0
yf_ADM_d2;50500;ASH_COATED_OSMIUM;9962;14;9958;14;;;9968;24;9971;16;;;9965.0;0.0
yf_ADM_d2;50500;INTARIAN_PEPPER_ROOT;12988;15;12986;24;;;12994;15;12997;21;;;12991.0;0.0
yf_ADM_d2;50600;ASH_COATED_OSMIUM;9961;15;9957;11;;;9967;18;9970;18;;;9964.0;0.0
yf_ADM_d2;50600;INTARIAN_PEPPER_ROOT;12991;10;12989;17;;;12998;15;13002;21;;;12994.5;0.0
yf_ADM_d2;50700;ASH_COATED_OSMIUM;9961;19;9959;16;;;9967;5;9970;23;;;9964.0;0.0
yf_ADM_d2;50700;INTARIAN_PEPPER_ROOT;12994;24;12991;21;;;13000;23;13002;21;;;12997.0;0.0
yf_ADM_d2;50800;ASH_COATED_OSMIUM;9961;19;9958;16;;;9967;11;9969;15;;;9964.0;0.0
yf_ADM_d2;50800;INTARIAN_PEPPER_ROOT;12996;21;12993;14;;;13002;5;13004;17;;;12999.0;0.0
yf_ADM_d2;50900;ASH_COATED_OSMIUM;9961;16;9959;16;;;9967;17;9969;21;;;9964.0;0.0
yf_ADM_d2;50900;INTARIAN_PEPPER_ROOT;12993;12;12989;19;;;13006;19;13008;25;;;12999.5;0.0
yf_ADM_d2;51000;ASH_COATED_OSMIUM;9957;21;9955;17;;;9971;16;9973;17;;;9964.0;0.0
yf_ADM_d2;51000;INTARIAN_PEPPER_ROOT;12994;11;12991;28;;;13000;17;13003;27;;;12997.0;0.0
yf_ADM_d2;51100;ASH_COATED_OSMIUM;9958;19;9956;12;;;9971;17;9975;24;;;9964.5;0.0
yf_ADM_d2;51100;INTARIAN_PEPPER_ROOT;12992;20;12989;22;;;12999;11;13002;18;;;12995.5;0.0
yf_ADM_d2;51200;ASH_COATED_OSMIUM;9961;12;9958;13;;;9967;13;9970;19;;;9964.0;0.0
yf_ADM_d2;51200;INTARIAN_PEPPER_ROOT;12988;11;12986;24;;;12999;19;13002;29;;;12993.5;0.0
yf_ADM_d2;51300;ASH_COATED_OSMIUM;9958;14;9956;24;;;9971;14;9975;17;;;9964.5;0.0
yf_ADM_d2;51300;INTARIAN_PEPPER_ROOT;12988;16;12984;19;;;12994;5;12997;26;;;12991.0;0.0
yf_ADM_d2;51400;ASH_COATED_OSMIUM;9961;14;9959;15;;;9967;7;9971;23;;;9964.0;0.0
yf_ADM_d2;51400;INTARIAN_PEPPER_ROOT;12986;9;12982;26;;;12992;11;12995;14;;;12989.0;0.0
yf_ADM_d2;51500;ASH_COATED_OSMIUM;9961;12;9957;23;;;9967;24;9971;28;;;9964.0;0.0
yf_ADM_d2;51500;INTARIAN_PEPPER_ROOT;12984;19;12982;25;;;12990;17;12993;16;;;12987.0;0.0
yf_ADM_d2;51600;ASH_COATED_OSMIUM;9961;20;9959;22;;;9967;8;9969;15;;;9964.0;0.0
yf_ADM_d2;51600;INTARIAN_PEPPER_ROOT;12981;12;12979;14;;;12987;16;12989;17;;;12984.0;0.0
yf_ADM_d2;51700;ASH_COATED_OSMIUM;9961;24;9958;22;;;9967;17;9971;22;;;9964.0;0.0
yf_ADM_d2;51700;INTARIAN_PEPPER_ROOT;12980;10;12976;21;;;12986;21;12989;21;;;12983.0;0.0
yf_ADM_d2;51800;ASH_COATED_OSMIUM;9961;12;9957;13;;;9968;10;9970;16;;;9964.5;0.0
yf_ADM_d2;51800;INTARIAN_PEPPER_ROOT;12978;15;12975;20;;;12984;15;12986;17;;;12981.0;0.0
yf_ADM_d2;51900;ASH_COATED_OSMIUM;9961;7;9958;8;;;9967;24;9969;26;;;9964.0;0.0
yf_ADM_d2;51900;INTARIAN_PEPPER_ROOT;12975;5;12972;21;;;12981;22;12983;20;;;12978.0;0.0
yf_ADM_d2;52000;ASH_COATED_OSMIUM;9959;17;9957;32;;;9969;18;9973;20;;;9964.0;0.0
yf_ADM_d2;52000;INTARIAN_PEPPER_ROOT;12970;13;12966;20;;;12983;8;12987;23;;;12976.5;0.0
yf_ADM_d2;52100;ASH_COATED_OSMIUM;9961;8;9958;20;;;9967;21;9971;23;;;9964.0;0.0
yf_ADM_d2;52100;INTARIAN_PEPPER_ROOT;12971;10;12968;16;;;12978;6;12980;17;;;12974.5;0.0
yf_ADM_d2;52200;ASH_COATED_OSMIUM;9957;23;9954;14;;;9970;13;9972;25;;;9963.5;0.0
yf_ADM_d2;52200;INTARIAN_PEPPER_ROOT;12969;20;12966;21;;;12975;12;12979;10;;;12972.0;0.0
yf_ADM_d2;52300;ASH_COATED_OSMIUM;9961;9;9957;17;;;9967;18;9971;24;;;9964.0;0.0
yf_ADM_d2;52300;INTARIAN_PEPPER_ROOT;12958;11;12954;16;;;12983;12;12985;15;;;12970.5;0.0
yf_ADM_d2;52400;ASH_COATED_OSMIUM;9952;10;9948;16;;;9976;20;9978;21;;;9964.0;0.0
yf_ADM_d2;52400;INTARIAN_PEPPER_ROOT;12964;18;12960;13;;;12971;10;12975;22;;;12967.5;0.0
yf_ADM_d2;52500;ASH_COATED_OSMIUM;9961;17;9957;16;;;9967;12;9970;20;;;9964.0;0.0
yf_ADM_d2;52500;INTARIAN_PEPPER_ROOT;12962;25;12959;16;;;12968;14;12970;29;;;12965.0;0.0
yf_ADM_d2;52600;ASH_COATED_OSMIUM;9961;19;9958;20;;;9967;12;9969;22;;;9964.0;0.0
yf_ADM_d2;52600;INTARIAN_PEPPER_ROOT;12961;7;12959;15;;;12967;17;12971;19;;;12964.0;0.0
yf_ADM_d2;52700;ASH_COATED_OSMIUM;9961;13;9959;18;;;9967;23;9970;20;;;9964.0;0.0
yf_ADM_d2;52700;INTARIAN_PEPPER_ROOT;12958;20;12956;20;;;12964;13;12966;9;;;12961.0;0.0
yf_ADM_d2;52800;ASH_COATED_OSMIUM;9960;21;9956;13;;;9967;16;9971;19;;;9963.5;0.0
yf_ADM_d2;52800;INTARIAN_PEPPER_ROOT;12956;17;12952;8;;;12962;15;12965;21;;;12959.0;0.0
yf_ADM_d2;52900;ASH_COATED_OSMIUM;9962;24;9960;16;;;9968;10;9971;24;;;9965.0;0.0
yf_ADM_d2;52900;INTARIAN_PEPPER_ROOT;12954;12;12950;24;;;12960;11;12963;18;;;12957.0;0.0
yf_ADM_d2;53000;ASH_COATED_OSMIUM;9960;21;9957;25;;;9966;15;9970;25;;;9963.0;0.0
yf_ADM_d2;53000;INTARIAN_PEPPER_ROOT;12952;19;12948;20;;;12958;17;12960;9;;;12955.0;0.0
yf_ADM_d2;53100;ASH_COATED_OSMIUM;9961;14;9957;21;;;9967;19;9970;18;;;9964.0;0.0
yf_ADM_d2;53100;INTARIAN_PEPPER_ROOT;12949;8;12946;19;;;12955;13;12958;13;;;12952.0;0.0
yf_ADM_d2;53200;ASH_COATED_OSMIUM;9955;18;9951;17;;;9972;13;9975;28;;;9963.5;0.0
yf_ADM_d2;53200;INTARIAN_PEPPER_ROOT;12947;22;12943;26;;;12954;17;12957;27;;;12950.5;0.0
yf_ADM_d2;53300;ASH_COATED_OSMIUM;9961;16;9957;19;;;9967;15;9971;18;;;9964.0;0.0
yf_ADM_d2;53300;INTARIAN_PEPPER_ROOT;12944;17;12941;22;;;12953;14;12957;21;;;12948.5;0.0
yf_ADM_d2;53400;ASH_COATED_OSMIUM;9961;15;9958;22;;;9967;25;9970;31;;;9964.0;0.0
yf_ADM_d2;53400;INTARIAN_PEPPER_ROOT;12939;11;12937;21;;;12953;17;12955;19;;;12946.0;0.0
yf_ADM_d2;53500;ASH_COATED_OSMIUM;9960;23;9956;23;;;9966;17;9968;13;;;9963.0;0.0
yf_ADM_d2;53500;INTARIAN_PEPPER_ROOT;12941;12;12939;25;;;12947;9;12950;17;;;12944.0;0.0
yf_ADM_d2;53600;ASH_COATED_OSMIUM;9960;15;9956;24;;;9966;21;9968;19;;;9963.0;0.0
yf_ADM_d2;53600;INTARIAN_PEPPER_ROOT;12939;17;12937;21;;;12945;24;12948;19;;;12942.0;0.0
yf_ADM_d2;53700;ASH_COATED_OSMIUM;9961;16;9958;25;;;9967;13;9970;19;;;9964.0;0.0
yf_ADM_d2;53700;INTARIAN_PEPPER_ROOT;12932;12;12928;25;;;12947;13;12951;18;;;12939.5;0.0
yf_ADM_d2;53800;ASH_COATED_OSMIUM;9955;17;9953;20;;;9972;21;9975;16;;;9963.5;0.0
yf_ADM_d2;53800;INTARIAN_PEPPER_ROOT;12934;15;12932;11;;;12941;10;12945;20;;;12937.5;0.0
yf_ADM_d2;53900;ASH_COATED_OSMIUM;9961;9;9957;16;;;9967;17;9969;20;;;9964.0;0.0
yf_ADM_d2;53900;INTARIAN_PEPPER_ROOT;12929;12;12927;22;;;12942;13;12945;8;;;12935.5;0.0
yf_ADM_d2;54000;ASH_COATED_OSMIUM;9961;11;9957;16;;;9967;19;9970;24;;;9964.0;0.0
yf_ADM_d2;54000;INTARIAN_PEPPER_ROOT;12926;13;12922;19;;;12941;16;12943;28;;;12933.5;0.0
yf_ADM_d2;54100;ASH_COATED_OSMIUM;9961;22;9957;19;;;9967;15;9969;20;;;9964.0;0.0
yf_ADM_d2;54100;INTARIAN_PEPPER_ROOT;12927;13;12925;15;;;12936;13;12939;13;;;12931.5;0.0
yf_ADM_d2;54200;ASH_COATED_OSMIUM;9957;18;9953;17;;;9971;15;9974;19;;;9964.0;0.0
yf_ADM_d2;54200;INTARIAN_PEPPER_ROOT;12926;12;12923;25;;;12932;21;12935;14;;;12929.0;0.0
yf_ADM_d2;54300;ASH_COATED_OSMIUM;9961;12;9959;18;;;9967;17;9971;17;;;9964.0;0.0
yf_ADM_d2;54300;INTARIAN_PEPPER_ROOT;12924;12;12921;29;;;12930;21;12934;23;;;12927.0;0.0
yf_ADM_d2;54400;ASH_COATED_OSMIUM;9961;12;9959;18;;;9967;19;9971;10;;;9964.0;0.0
yf_ADM_d2;54400;INTARIAN_PEPPER_ROOT;12921;15;12917;17;;;12930;16;12932;25;;;12925.5;0.0
yf_ADM_d2;54500;ASH_COATED_OSMIUM;9961;5;9957;15;;;9967;14;9970;22;;;9964.0;0.0
yf_ADM_d2;54500;INTARIAN_PEPPER_ROOT;12920;20;12917;23;;;12926;23;12930;28;;;12923.0;0.0
yf_ADM_d2;54600;ASH_COATED_OSMIUM;9962;13;9958;14;;;9968;21;9970;20;;;9965.0;0.0
yf_ADM_d2;54600;INTARIAN_PEPPER_ROOT;12911;9;12908;20;;;12931;14;12935;20;;;12921.0;0.0
yf_ADM_d2;54700;ASH_COATED_OSMIUM;9959;19;9955;17;;;9967;17;9971;25;;;9963.0;0.0
yf_ADM_d2;54700;INTARIAN_PEPPER_ROOT;12913;12;12909;21;;;12925;17;12927;26;;;12919.0;0.0
yf_ADM_d2;54800;ASH_COATED_OSMIUM;9961;10;9959;12;;;9967;13;9971;33;;;9964.0;0.0
yf_ADM_d2;54800;INTARIAN_PEPPER_ROOT;12911;16;12909;13;;;12922;11;12925;13;;;12916.5;0.0
yf_ADM_d2;54900;ASH_COATED_OSMIUM;9961;22;9957;18;;;9967;20;9969;28;;;9964.0;0.0
yf_ADM_d2;54900;INTARIAN_PEPPER_ROOT;12908;22;12905;13;;;12922;16;12926;8;;;12915.0;0.0
yf_ADM_d2;55000;ASH_COATED_OSMIUM;9956;14;9952;19;;;9972;23;9975;14;;;9964.0;0.0
yf_ADM_d2;55000;INTARIAN_PEPPER_ROOT;12906;13;12903;14;;;12918;18;12920;18;;;12912.0;0.0
yf_ADM_d2;55100;ASH_COATED_OSMIUM;9958;5;9956;11;;;9970;6;9973;19;;;9964.0;0.0
yf_ADM_d2;55100;INTARIAN_PEPPER_ROOT;12903;13;12901;16;;;12919;15;12923;15;;;12911.0;0.0
yf_ADM_d2;55200;ASH_COATED_OSMIUM;9958;10;9956;28;;;9970;15;9974;21;;;9964.0;0.0
yf_ADM_d2;55200;INTARIAN_PEPPER_ROOT;12903;18;12901;15;;;12914;21;12917;9;;;12908.5;0.0
yf_ADM_d2;55300;ASH_COATED_OSMIUM;9961;6;9958;17;;;9967;9;9970;15;;;9964.0;0.0
yf_ADM_d2;55300;INTARIAN_PEPPER_ROOT;12903;25;12899;14;;;12909;18;12913;23;;;12906.0;0.0
yf_ADM_d2;55400;ASH_COATED_OSMIUM;9955;14;9952;15;;;9971;19;9975;19;;;9963.0;0.0
yf_ADM_d2;55400;INTARIAN_PEPPER_ROOT;12901;12;12898;20;;;12907;26;12909;24;;;12904.0;0.0
yf_ADM_d2;55500;ASH_COATED_OSMIUM;9960;11;9958;29;;;9968;19;9971;21;;;9964.0;0.0
yf_ADM_d2;55500;INTARIAN_PEPPER_ROOT;12899;13;12896;23;;;12905;15;12908;17;;;12902.0;0.0
yf_ADM_d2;55600;ASH_COATED_OSMIUM;9960;9;9957;22;;;9966;23;9969;22;;;9963.0;0.0
yf_ADM_d2;55600;INTARIAN_PEPPER_ROOT;12897;17;12893;13;;;12903;7;12906;22;;;12900.0;0.0
yf_ADM_d2;55700;ASH_COATED_OSMIUM;9961;15;9959;22;;;9967;12;9971;26;;;9964.0;0.0
yf_ADM_d2;55700;INTARIAN_PEPPER_ROOT;12889;8;12885;17;;;12906;17;12908;20;;;12897.5;0.0
yf_ADM_d2;55800;ASH_COATED_OSMIUM;9959;20;9955;18;;;9969;17;9973;24;;;9964.0;0.0
yf_ADM_d2;55800;INTARIAN_PEPPER_ROOT;12892;11;12888;14;;;12898;13;12902;26;;;12895.0;0.0
yf_ADM_d2;55900;ASH_COATED_OSMIUM;9956;14;9954;15;;;9970;14;9972;12;;;9963.0;0.0
yf_ADM_d2;55900;INTARIAN_PEPPER_ROOT;12890;16;12886;24;;;12896;27;12900;22;;;12893.0;0.0
yf_ADM_d2;56000;ASH_COATED_OSMIUM;9961;13;9959;20;;;9967;18;9971;28;;;9964.0;0.0
yf_ADM_d2;56000;INTARIAN_PEPPER_ROOT;12881;13;12879;22;;;12900;11;12903;23;;;12890.5;0.0
yf_ADM_d2;56100;ASH_COATED_OSMIUM;9960;16;9958;18;;;9966;13;9970;9;;;9963.0;0.0
yf_ADM_d2;56100;INTARIAN_PEPPER_ROOT;12885;17;12883;23;;;12893;15;12897;23;;;12889.0;0.0
yf_ADM_d2;56200;ASH_COATED_OSMIUM;9954;14;9950;27;;;9973;11;9976;15;;;9963.5;0.0
yf_ADM_d2;56200;INTARIAN_PEPPER_ROOT;12884;9;12882;15;;;12890;15;12892;16;;;12887.0;0.0
yf_ADM_d2;56300;ASH_COATED_OSMIUM;9960;17;9957;24;;;9966;13;9970;10;;;9963.0;0.0
yf_ADM_d2;56300;INTARIAN_PEPPER_ROOT;12877;18;12875;16;;;12891;15;12893;22;;;12884.0;0.0
yf_ADM_d2;56400;ASH_COATED_OSMIUM;9960;14;9958;14;;;9966;5;9968;16;;;9963.0;0.0
yf_ADM_d2;56400;INTARIAN_PEPPER_ROOT;12880;17;12876;29;;;12886;19;12888;23;;;12883.0;0.0
yf_ADM_d2;56500;ASH_COATED_OSMIUM;9961;17;9957;15;;;9967;12;9969;15;;;9964.0;0.0
yf_ADM_d2;56500;INTARIAN_PEPPER_ROOT;12877;13;12875;15;;;12883;19;12885;26;;;12880.0;0.0
yf_ADM_d2;56600;ASH_COATED_OSMIUM;9961;13;9959;12;;;9967;5;9970;22;;;9964.0;0.0
yf_ADM_d2;56600;INTARIAN_PEPPER_ROOT;12875;7;12871;20;;;12881;19;12885;23;;;12878.0;0.0
yf_ADM_d2;56700;ASH_COATED_OSMIUM;9960;11;9958;17;;;9966;18;9970;17;;;9963.0;0.0
yf_ADM_d2;56700;INTARIAN_PEPPER_ROOT;12874;5;12870;26;;;12880;15;12884;20;;;12877.0;0.0
yf_ADM_d2;56800;ASH_COATED_OSMIUM;9961;14;9957;24;;;9967;23;9970;18;;;9964.0;0.0
yf_ADM_d2;56800;INTARIAN_PEPPER_ROOT;12872;11;12869;18;;;12878;12;12880;28;;;12875.0;0.0
yf_ADM_d2;56900;ASH_COATED_OSMIUM;9960;21;9956;10;;;9966;10;9968;16;;;9963.0;0.0
yf_ADM_d2;56900;INTARIAN_PEPPER_ROOT;12869;9;12865;15;;;12875;20;12879;13;;;12872.0;0.0
yf_ADM_d2;57000;ASH_COATED_OSMIUM;9961;16;9959;24;;;9967;16;9971;25;;;9964.0;0.0
yf_ADM_d2;57000;INTARIAN_PEPPER_ROOT;12867;19;12864;26;;;12873;12;12877;20;;;12870.0;0.0
yf_ADM_d2;57100;ASH_COATED_OSMIUM;9961;14;9959;32;;;9967;21;9969;17;;;9964.0;0.0
yf_ADM_d2;57100;INTARIAN_PEPPER_ROOT;12865;17;12863;17;;;12871;16;12875;18;;;12868.0;0.0
yf_ADM_d2;57200;ASH_COATED_OSMIUM;9956;14;9953;15;;;9972;8;9974;19;;;9964.0;0.0
yf_ADM_d2;57200;INTARIAN_PEPPER_ROOT;12862;9;12858;23;;;12869;10;12872;18;;;12865.5;0.0
yf_ADM_d2;57300;ASH_COATED_OSMIUM;9960;14;9956;20;;;9966;11;9970;19;;;9963.0;0.0
yf_ADM_d2;57300;INTARIAN_PEPPER_ROOT;12861;16;12859;20;;;12867;21;12871;24;;;12864.0;0.0
yf_ADM_d2;57400;ASH_COATED_OSMIUM;9958;14;9956;17;;;9969;12;9973;25;;;9963.5;0.0
yf_ADM_d2;57400;INTARIAN_PEPPER_ROOT;12855;6;12853;20;;;12866;10;12868;8;;;12860.5;0.0
yf_ADM_d2;57500;ASH_COATED_OSMIUM;9961;16;9959;16;;;9967;17;9970;12;;;9964.0;0.0
yf_ADM_d2;57500;INTARIAN_PEPPER_ROOT;12853;15;12850;18;;;12865;9;12867;14;;;12859.0;0.0
yf_ADM_d2;57600;ASH_COATED_OSMIUM;9961;13;9959;19;;;9967;10;9969;14;;;9964.0;0.0
yf_ADM_d2;57600;INTARIAN_PEPPER_ROOT;12851;19;12848;19;;;12864;17;12868;23;;;12857.5;0.0
yf_ADM_d2;57700;ASH_COATED_OSMIUM;9961;9;9959;16;;;9967;6;9969;30;;;9964.0;0.0
yf_ADM_d2;57700;INTARIAN_PEPPER_ROOT;12852;10;12850;23;;;12859;12;12862;21;;;12855.5;0.0
yf_ADM_d2;57800;ASH_COATED_OSMIUM;9961;19;9959;22;;;9967;6;9971;10;;;9964.0;0.0
yf_ADM_d2;57800;INTARIAN_PEPPER_ROOT;12849;13;12845;18;;;12856;10;12859;26;;;12852.5;0.0
yf_ADM_d2;57900;ASH_COATED_OSMIUM;9959;23;9955;14;;;9967;8;9971;9;;;9963.0;0.0
yf_ADM_d2;57900;INTARIAN_PEPPER_ROOT;12848;6;12846;15;;;12854;17;12856;24;;;12851.0;0.0
yf_ADM_d2;58000;ASH_COATED_OSMIUM;9950;16;9946;19;;;9977;14;9979;23;;;9963.5;0.0
yf_ADM_d2;58000;INTARIAN_PEPPER_ROOT;12843;13;12840;24;;;12855;13;12857;21;;;12849.0;0.0
yf_ADM_d2;58100;ASH_COATED_OSMIUM;9954;14;9952;19;;;9973;15;9975;17;;;9963.5;0.0
yf_ADM_d2;58100;INTARIAN_PEPPER_ROOT;12844;18;12842;23;;;12850;19;12853;19;;;12847.0;0.0
yf_ADM_d2;58200;ASH_COATED_OSMIUM;9960;21;9956;16;;;9966;11;9968;13;;;9963.0;0.0
yf_ADM_d2;58200;INTARIAN_PEPPER_ROOT;12841;5;12839;17;;;12847;14;12850;20;;;12844.0;0.0
yf_ADM_d2;58300;ASH_COATED_OSMIUM;9960;5;9958;19;;;9966;14;9969;22;;;9963.0;0.0
yf_ADM_d2;58300;INTARIAN_PEPPER_ROOT;12839;16;12835;17;;;12845;20;12848;23;;;12842.0;0.0
yf_ADM_d2;58400;ASH_COATED_OSMIUM;9958;15;9955;24;;;9968;25;9972;14;;;9963.0;0.0
yf_ADM_d2;58400;INTARIAN_PEPPER_ROOT;12835;13;12833;15;;;12846;14;12849;14;;;12840.5;0.0
yf_ADM_d2;58500;ASH_COATED_OSMIUM;9960;17;9957;19;;;9966;14;9969;19;;;9963.0;0.0
yf_ADM_d2;58500;INTARIAN_PEPPER_ROOT;12835;17;12831;24;;;12841;19;12844;18;;;12838.0;0.0
yf_ADM_d2;58600;ASH_COATED_OSMIUM;9957;18;9953;19;;;9968;15;9970;27;;;9962.5;0.0
yf_ADM_d2;58600;INTARIAN_PEPPER_ROOT;12833;28;12829;19;;;12839;13;12841;19;;;12836.0;0.0
yf_ADM_d2;58700;ASH_COATED_OSMIUM;9960;18;9957;15;;;9966;12;9970;22;;;9963.0;0.0
yf_ADM_d2;58700;INTARIAN_PEPPER_ROOT;12825;19;12822;18;;;12842;23;12844;22;;;12833.5;0.0
yf_ADM_d2;58800;ASH_COATED_OSMIUM;9955;18;9953;25;;;9973;5;9976;17;;;9964.0;0.0
yf_ADM_d2;58800;INTARIAN_PEPPER_ROOT;12829;24;12827;16;;;12835;15;12837;14;;;12832.0;0.0
yf_ADM_d2;58900;ASH_COATED_OSMIUM;9960;14;9958;17;;;9968;12;9970;13;;;9964.0;0.0
yf_ADM_d2;58900;INTARIAN_PEPPER_ROOT;12827;18;12825;15;;;12833;19;12835;23;;;12830.0;0.0
yf_ADM_d2;59000;ASH_COATED_OSMIUM;9954;22;9951;24;;;9972;20;9975;10;;;9963.0;0.0
