day;timestamp;product;bid_price_1;bid_volume_1;bid_price_2;bid_volume_2;bid_price_3;bid_volume_3;ask_price_1;ask_volume_1;ask_price_2;ask_volume_2;ask_price_3;ask_volume_3;mid_price;profit_and_loss
av_WHEAT_d0;0;ASH_COATED_OSMIUM;10066;12;10063;17;;;10072;16;10076;16;;;10069.0;0.0
av_WHEAT_d0;0;INTARIAN_PEPPER_ROOT;11136;20;11134;22;;;11142;17;11146;29;;;11139.0;0.0
av_WHEAT_d0;100;ASH_COATED_OSMIUM;10062;13;10060;16;;;10075;10;10079;24;;;10068.5;0.0
av_WHEAT_d0;100;INTARIAN_PEPPER_ROOT;11137;15;11135;17;;;11143;14;11145;18;;;11140.0;0.0
av_WHEAT_d0;200;ASH_COATED_OSMIUM;10066;18;10063;13;;;10072;13;10074;19;;;10069.0;0.0
av_WHEAT_d0;200;INTARIAN_PEPPER_ROOT;11138;20;11134;25;;;11144;23;11147;8;;;11141.0;0.0
av_WHEAT_d0;300;ASH_COATED_OSMIUM;10066;18;10062;14;;;10072;22;10075;21;;;10069.0;0.0
av_WHEAT_d0;300;INTARIAN_PEPPER_ROOT;11139;9;11135;21;;;11145;21;11149;16;;;11142.0;0.0
av_WHEAT_d0;400;ASH_COATED_OSMIUM;10060;9;10057;20;;;10077;16;10079;21;;;10068.5;0.0
av_WHEAT_d0;400;INTARIAN_PEPPER_ROOT;11138;16;11134;20;;;11146;5;11149;22;;;11142.0;0.0
av_WHEAT_d0;500;ASH_COATED_OSMIUM;10061;11;10057;13;;;10075;13;10078;20;;;10068.0;0.0
av_WHEAT_d0;500;INTARIAN_PEPPER_ROOT;11137;11;11134;15;;;11150;19;11154;31;;;11143.5;0.0
av_WHEAT_d0;600;ASH_COATED_OSMIUM;10066;10;10064;26;;;10072;16;10076;15;;;10069.0;0.0
av_WHEAT_d0;600;INTARIAN_PEPPER_ROOT;11140;18;11138;21;;;11151;15;11154;19;;;11145.5;0.0
av_WHEAT_d0;700;ASH_COATED_OSMIUM;10051;14;10049;25;;;10087;13;10089;23;;;10069.0;0.0
av_WHEAT_d0;700;INTARIAN_PEPPER_ROOT;11136;8;11134;17;;;11154;12;11157;22;;;11145.0;0.0
av_WHEAT_d0;800;ASH_COATED_OSMIUM;10066;7;10063;21;;;10072;11;10074;17;;;10069.0;0.0
av_WHEAT_d0;800;INTARIAN_PEPPER_ROOT;11144;14;11142;26;;;11150;16;11152;19;;;11147.0;0.0
av_WHEAT_d0;900;ASH_COATED_OSMIUM;10066;9;10062;19;;;10072;9;10076;17;;;10069.0;0.0
av_WHEAT_d0;900;INTARIAN_PEPPER_ROOT;11145;13;11142;26;;;11151;22;11153;31;;;11148.0;0.0
av_WHEAT_d0;1000;ASH_COATED_OSMIUM;10066;9;10064;17;;;10072;21;10076;24;;;10069.0;0.0
av_WHEAT_d0;1000;INTARIAN_PEPPER_ROOT;11145;13;11142;17;;;11151;13;11153;20;;;11148.0;0.0
av_WHEAT_d0;1100;ASH_COATED_OSMIUM;10059;15;10056;15;;;10079;24;10081;24;;;10069.0;0.0
av_WHEAT_d0;1100;INTARIAN_PEPPER_ROOT;11144;12;11140;17;;;11154;10;11156;17;;;11149.0;0.0
av_WHEAT_d0;1200;ASH_COATED_OSMIUM;10066;15;10063;20;;;10072;10;10075;13;;;10069.0;0.0
av_WHEAT_d0;1200;INTARIAN_PEPPER_ROOT;11148;11;11145;14;;;11154;9;11158;21;;;11151.0;0.0
av_WHEAT_d0;1300;ASH_COATED_OSMIUM;10066;18;10064;21;;;10072;21;10074;15;;;10069.0;0.0
av_WHEAT_d0;1300;INTARIAN_PEPPER_ROOT;11149;7;11146;21;;;11155;18;11159;22;;;11152.0;0.0
av_WHEAT_d0;1400;ASH_COATED_OSMIUM;10065;10;10061;23;;;10075;11;10077;27;;;10070.0;0.0
av_WHEAT_d0;1400;INTARIAN_PEPPER_ROOT;11151;21;11148;29;;;11157;21;11161;19;;;11154.0;0.0
av_WHEAT_d0;1500;ASH_COATED_OSMIUM;10064;22;10060;8;;;10074;5;10076;20;;;10069.0;0.0
av_WHEAT_d0;1500;INTARIAN_PEPPER_ROOT;11151;18;11147;18;;;11157;18;11161;32;;;11154.0;0.0
av_WHEAT_d0;1600;ASH_COATED_OSMIUM;10066;19;10063;19;;;10072;12;10074;8;;;10069.0;0.0
av_WHEAT_d0;1600;INTARIAN_PEPPER_ROOT;11152;22;11150;13;;;11158;12;11162;21;;;11155.0;0.0
av_WHEAT_d0;1700;ASH_COATED_OSMIUM;10061;10;10059;23;;;10077;11;10080;15;;;10069.0;0.0
av_WHEAT_d0;1700;INTARIAN_PEPPER_ROOT;11153;16;11151;9;;;11159;15;11161;22;;;11156.0;0.0
av_WHEAT_d0;1800;ASH_COATED_OSMIUM;10066;17;10064;24;;;10072;13;10076;21;;;10069.0;0.0
av_WHEAT_d0;1800;INTARIAN_PEPPER_ROOT;11154;13;11152;22;;;11160;15;11162;21;;;11157.0;0.0
av_WHEAT_d0;1900;ASH_COATED_OSMIUM;10067;12;10064;23;;;10073;18;10077;13;;;10070.0;0.0
av_WHEAT_d0;1900;INTARIAN_PEPPER_ROOT;11155;17;11153;26;;;11161;5;11163;20;;;11158.0;0.0
av_WHEAT_d0;2000;ASH_COATED_OSMIUM;10066;22;10064;19;;;10072;17;10075;18;;;10069.0;0.0
av_WHEAT_d0;2000;INTARIAN_PEPPER_ROOT;11155;15;11152;16;;;11161;25;11163;18;;;11158.0;0.0
av_WHEAT_d0;2100;ASH_COATED_OSMIUM;10066;6;10064;21;;;10073;12;10075;12;;;10069.5;0.0
av_WHEAT_d0;2100;INTARIAN_PEPPER_ROOT;11151;21;11148;19;;;11168;8;11170;21;;;11159.5;0.0
av_WHEAT_d0;2200;ASH_COATED_OSMIUM;10066;13;10064;28;;;10072;5;10076;14;;;10069.0;0.0
av_WHEAT_d0;2200;INTARIAN_PEPPER_ROOT;11158;18;11154;26;;;11164;9;11166;21;;;11161.0;0.0
av_WHEAT_d0;2300;ASH_COATED_OSMIUM;10066;17;10062;13;;;10072;15;10074;17;;;10069.0;0.0
av_WHEAT_d0;2300;INTARIAN_PEPPER_ROOT;11159;23;11155;13;;;11165;16;11169;20;;;11162.0;0.0
av_WHEAT_d0;2400;ASH_COATED_OSMIUM;10066;5;10063;20;;;10072;18;10074;13;;;10069.0;0.0
av_WHEAT_d0;2400;INTARIAN_PEPPER_ROOT;11149;23;11146;14;;;11176;6;11179;26;;;11162.5;0.0
av_WHEAT_d0;2500;ASH_COATED_OSMIUM;10066;14;10063;27;;;10072;17;10076;10;;;10069.0;0.0
av_WHEAT_d0;2500;INTARIAN_PEPPER_ROOT;11161;18;11159;27;;;11167;24;11169;19;;;11164.0;0.0
av_WHEAT_d0;2600;ASH_COATED_OSMIUM;10066;14;10062;17;;;10072;13;10074;19;;;10069.0;0.0
av_WHEAT_d0;2600;INTARIAN_PEPPER_ROOT;11154;15;11152;19;;;11177;16;11180;20;;;11165.5;0.0
av_WHEAT_d0;2700;ASH_COATED_OSMIUM;10059;20;10055;26;;;10079;11;10081;25;;;10069.0;0.0
av_WHEAT_d0;2700;INTARIAN_PEPPER_ROOT;11163;17;11159;29;;;11169;20;11171;20;;;11166.0;0.0
av_WHEAT_d0;2800;ASH_COATED_OSMIUM;10066;12;10062;22;;;10072;19;10074;21;;;10069.0;0.0
av_WHEAT_d0;2800;INTARIAN_PEPPER_ROOT;11164;17;11161;17;;;11170;10;11172;20;;;11167.0;0.0
av_WHEAT_d0;2900;ASH_COATED_OSMIUM;10066;12;10063;16;;;10072;16;10076;10;;;10069.0;0.0
av_WHEAT_d0;2900;INTARIAN_PEPPER_ROOT;11163;13;11159;15;;;11173;15;11175;12;;;11168.0;0.0
av_WHEAT_d0;3000;ASH_COATED_OSMIUM;10063;26;10061;14;;;10075;22;10078;16;;;10069.0;0.0
av_WHEAT_d0;3000;INTARIAN_PEPPER_ROOT;11166;18;11162;17;;;11172;7;11175;24;;;11169.0;0.0
av_WHEAT_d0;3100;ASH_COATED_OSMIUM;10066;15;10063;24;;;10072;13;10074;14;;;10069.0;0.0
av_WHEAT_d0;3100;INTARIAN_PEPPER_ROOT;11167;21;11164;13;;;11173;11;11177;18;;;11170.0;0.0
av_WHEAT_d0;3200;ASH_COATED_OSMIUM;10066;23;10063;21;;;10072;21;10074;20;;;10069.0;0.0
av_WHEAT_d0;3200;INTARIAN_PEPPER_ROOT;11163;9;11160;13;;;11178;5;11182;12;;;11170.5;0.0
av_WHEAT_d0;3300;ASH_COATED_OSMIUM;10067;16;10064;23;;;10073;16;10075;24;;;10070.0;0.0
av_WHEAT_d0;3300;INTARIAN_PEPPER_ROOT;11169;20;11165;15;;;11175;11;11178;27;;;11172.0;0.0
av_WHEAT_d0;3400;ASH_COATED_OSMIUM;10061;9;10057;11;;;10078;5;10080;8;;;10069.5;0.0
av_WHEAT_d0;3400;INTARIAN_PEPPER_ROOT;11170;10;11166;22;;;11176;13;11180;28;;;11173.0;0.0
av_WHEAT_d0;3500;ASH_COATED_OSMIUM;10067;14;10063;18;;;10073;16;10077;17;;;10070.0;0.0
av_WHEAT_d0;3500;INTARIAN_PEPPER_ROOT;11169;20;11167;21;;;11180;15;11183;17;;;11174.5;0.0
av_WHEAT_d0;3600;ASH_COATED_OSMIUM;10066;20;10063;18;;;10072;17;10075;13;;;10069.0;0.0
av_WHEAT_d0;3600;INTARIAN_PEPPER_ROOT;11172;19;11168;18;;;11178;5;11182;8;;;11175.0;0.0
av_WHEAT_d0;3700;ASH_COATED_OSMIUM;10064;6;10062;31;;;10076;12;10078;27;;;10070.0;0.0
av_WHEAT_d0;3700;INTARIAN_PEPPER_ROOT;11173;16;11171;25;;;11179;9;11181;19;;;11176.0;0.0
av_WHEAT_d0;3800;ASH_COATED_OSMIUM;10067;15;10063;32;;;10073;6;10075;26;;;10070.0;0.0
av_WHEAT_d0;3800;INTARIAN_PEPPER_ROOT;11174;12;11172;12;;;11180;13;11183;16;;;11177.0;0.0
av_WHEAT_d0;3900;ASH_COATED_OSMIUM;10066;20;10062;16;;;10072;13;10076;13;;;10069.0;0.0
av_WHEAT_d0;3900;INTARIAN_PEPPER_ROOT;11175;9;11171;21;;;11181;15;11184;13;;;11178.0;0.0
av_WHEAT_d0;4000;ASH_COATED_OSMIUM;10067;14;10063;19;;;10073;16;10076;22;;;10070.0;0.0
av_WHEAT_d0;4000;INTARIAN_PEPPER_ROOT;11176;13;11172;17;;;11182;9;11184;17;;;11179.0;0.0
av_WHEAT_d0;4100;ASH_COATED_OSMIUM;10066;21;10064;24;;;10073;19;10077;17;;;10069.5;0.0
av_WHEAT_d0;4100;INTARIAN_PEPPER_ROOT;11174;18;11171;19;;;11185;8;11187;13;;;11179.5;0.0
av_WHEAT_d0;4200;ASH_COATED_OSMIUM;10066;15;10064;12;;;10072;19;10075;19;;;10069.0;0.0
av_WHEAT_d0;4200;INTARIAN_PEPPER_ROOT;11178;27;11174;13;;;11184;18;11187;12;;;11181.0;0.0
av_WHEAT_d0;4300;ASH_COATED_OSMIUM;10061;13;10057;12;;;10079;10;10081;18;;;10070.0;0.0
av_WHEAT_d0;4300;INTARIAN_PEPPER_ROOT;11176;18;11172;14;;;11187;13;11189;19;;;11181.5;0.0
av_WHEAT_d0;4400;ASH_COATED_OSMIUM;10066;24;10062;17;;;10073;7;10075;26;;;10069.5;0.0
av_WHEAT_d0;4400;INTARIAN_PEPPER_ROOT;11180;6;11176;16;;;11186;17;11190;23;;;11183.0;0.0
av_WHEAT_d0;4500;ASH_COATED_OSMIUM;10067;15;10065;18;;;10073;17;10077;17;;;10070.0;0.0
av_WHEAT_d0;4500;INTARIAN_PEPPER_ROOT;11181;20;11179;14;;;11187;12;11189;17;;;11184.0;0.0
av_WHEAT_d0;4600;ASH_COATED_OSMIUM;10067;15;10065;19;;;10073;22;10076;29;;;10070.0;0.0
av_WHEAT_d0;4600;INTARIAN_PEPPER_ROOT;11179;12;11176;17;;;11191;13;11193;24;;;11185.0;0.0
av_WHEAT_d0;4700;ASH_COATED_OSMIUM;10067;14;10065;18;;;10073;14;10076;23;;;10070.0;0.0
av_WHEAT_d0;4700;INTARIAN_PEPPER_ROOT;11183;13;11180;21;;;11189;16;11193;8;;;11186.0;0.0
av_WHEAT_d0;4800;ASH_COATED_OSMIUM;10054;20;10050;19;;;10085;7;10089;21;;;10069.5;0.0
av_WHEAT_d0;4800;INTARIAN_PEPPER_ROOT;11184;15;11180;22;;;11190;24;11192;20;;;11187.0;0.0
av_WHEAT_d0;4900;ASH_COATED_OSMIUM;10064;7;10062;27;;;10076;21;10080;13;;;10070.0;0.0
av_WHEAT_d0;4900;INTARIAN_PEPPER_ROOT;11180;23;11176;18;;;11194;12;11197;21;;;11187.0;0.0
av_WHEAT_d0;5000;ASH_COATED_OSMIUM;10067;21;10064;26;;;10073;14;10076;21;;;10070.0;0.0
av_WHEAT_d0;5000;INTARIAN_PEPPER_ROOT;11186;11;11184;15;;;11192;5;11194;12;;;11189.0;0.0
av_WHEAT_d0;5100;ASH_COATED_OSMIUM;10061;19;10057;22;;;10080;24;10082;18;;;10070.5;0.0
av_WHEAT_d0;5100;INTARIAN_PEPPER_ROOT;11187;14;11183;16;;;11193;11;11195;11;;;11190.0;0.0
av_WHEAT_d0;5200;ASH_COATED_OSMIUM;10054;23;10050;18;;;10087;11;10090;15;;;10070.5;0.0
av_WHEAT_d0;5200;INTARIAN_PEPPER_ROOT;11186;15;11184;15;;;11197;18;11199;17;;;11191.5;0.0
av_WHEAT_d0;5300;ASH_COATED_OSMIUM;10067;12;10063;10;;;10073;12;10077;21;;;10070.0;0.0
av_WHEAT_d0;5300;INTARIAN_PEPPER_ROOT;11171;16;11167;10;;;11213;10;11215;22;;;11192.0;0.0
av_WHEAT_d0;5400;ASH_COATED_OSMIUM;10067;17;10064;15;;;10073;14;10077;16;;;10070.0;0.0
av_WHEAT_d0;5400;INTARIAN_PEPPER_ROOT;11189;19;11185;16;;;11197;16;11200;23;;;11193.0;0.0
av_WHEAT_d0;5500;ASH_COATED_OSMIUM;10062;25;10060;11;;;10077;14;10081;17;;;10069.5;0.0
av_WHEAT_d0;5500;INTARIAN_PEPPER_ROOT;11190;14;11187;18;;;11198;14;11201;19;;;11194.0;0.0
av_WHEAT_d0;5600;ASH_COATED_OSMIUM;10062;23;10059;32;;;10077;15;10079;12;;;10069.5;0.0
av_WHEAT_d0;5600;INTARIAN_PEPPER_ROOT;11192;13;11189;15;;;11198;15;11202;22;;;11195.0;0.0
av_WHEAT_d0;5700;ASH_COATED_OSMIUM;10067;7;10064;18;;;10073;22;10076;25;;;10070.0;0.0
av_WHEAT_d0;5700;INTARIAN_PEPPER_ROOT;11193;19;11189;28;;;11199;5;11203;22;;;11196.0;0.0
av_WHEAT_d0;5800;ASH_COATED_OSMIUM;10065;18;10063;21;;;10076;17;10078;11;;;10070.5;0.0
av_WHEAT_d0;5800;INTARIAN_PEPPER_ROOT;11192;14;11190;16;;;11202;17;11205;22;;;11197.0;0.0
av_WHEAT_d0;5900;ASH_COATED_OSMIUM;10066;10;10063;14;;;10075;22;10078;23;;;10070.5;0.0
av_WHEAT_d0;5900;INTARIAN_PEPPER_ROOT;11195;16;11191;20;;;11201;12;11205;24;;;11198.0;0.0
av_WHEAT_d0;6000;ASH_COATED_OSMIUM;10067;12;10065;18;;;10074;11;10077;27;;;10070.5;0.0
av_WHEAT_d0;6000;INTARIAN_PEPPER_ROOT;11197;21;11195;22;;;11203;14;11207;29;;;11200.0;0.0
av_WHEAT_d0;6100;ASH_COATED_OSMIUM;10067;18;10063;21;;;10073;8;10077;19;;;10070.0;0.0
av_WHEAT_d0;6100;INTARIAN_PEPPER_ROOT;11196;18;11192;16;;;11205;21;11209;18;;;11200.5;0.0
av_WHEAT_d0;6200;ASH_COATED_OSMIUM;10067;15;10064;28;;;10073;15;10075;28;;;10070.0;0.0
av_WHEAT_d0;6200;INTARIAN_PEPPER_ROOT;11198;24;11196;13;;;11204;12;11207;18;;;11201.0;0.0
av_WHEAT_d0;6300;ASH_COATED_OSMIUM;10067;12;10063;21;;;10073;7;10076;26;;;10070.0;0.0
av_WHEAT_d0;6300;INTARIAN_PEPPER_ROOT;11199;20;11195;18;;;11205;18;11207;21;;;11202.0;0.0
av_WHEAT_d0;6400;ASH_COATED_OSMIUM;10061;16;10057;24;;;10079;16;10082;16;;;10070.0;0.0
av_WHEAT_d0;6400;INTARIAN_PEPPER_ROOT;11195;12;11192;19;;;11211;7;11215;19;;;11203.0;0.0
av_WHEAT_d0;6500;ASH_COATED_OSMIUM;10062;14;10058;27;;;10078;13;10081;25;;;10070.0;0.0
av_WHEAT_d0;6500;INTARIAN_PEPPER_ROOT;11201;16;11199;11;;;11209;15;11212;18;;;11205.0;0.0
av_WHEAT_d0;6600;ASH_COATED_OSMIUM;10067;14;10064;22;;;10073;11;10077;20;;;10070.0;0.0
av_WHEAT_d0;6600;INTARIAN_PEPPER_ROOT;11203;6;11199;24;;;11209;17;11213;22;;;11206.0;0.0
av_WHEAT_d0;6700;ASH_COATED_OSMIUM;10065;17;10063;12;;;10076;14;10079;25;;;10070.5;0.0
av_WHEAT_d0;6700;INTARIAN_PEPPER_ROOT;11203;19;11201;20;;;11209;12;11213;32;;;11206.0;0.0
av_WHEAT_d0;6800;ASH_COATED_OSMIUM;10067;11;10064;16;;;10073;16;10077;11;;;10070.0;0.0
av_WHEAT_d0;6800;INTARIAN_PEPPER_ROOT;11204;18;11201;10;;;11210;15;11214;17;;;11207.0;0.0
av_WHEAT_d0;6900;ASH_COATED_OSMIUM;10067;18;10063;16;;;10073;12;10075;19;;;10070.0;0.0
av_WHEAT_d0;6900;INTARIAN_PEPPER_ROOT;11204;19;11201;15;;;11210;14;11212;20;;;11207.0;0.0
av_WHEAT_d0;7000;ASH_COATED_OSMIUM;10067;18;10065;11;;;10073;13;10075;21;;;10070.0;0.0
av_WHEAT_d0;7000;INTARIAN_PEPPER_ROOT;11205;13;11203;9;;;11211;10;11214;17;;;11208.0;0.0
av_WHEAT_d0;7100;ASH_COATED_OSMIUM;10068;16;10064;26;;;10074;13;10077;13;;;10071.0;0.0
av_WHEAT_d0;7100;INTARIAN_PEPPER_ROOT;11207;19;11203;22;;;11213;13;11217;17;;;11210.0;0.0
av_WHEAT_d0;7200;ASH_COATED_OSMIUM;10065;14;10061;20;;;10076;10;10078;21;;;10070.5;0.0
av_WHEAT_d0;7200;INTARIAN_PEPPER_ROOT;11208;18;11205;16;;;11214;16;11218;22;;;11211.0;0.0
av_WHEAT_d0;7300;ASH_COATED_OSMIUM;10067;8;10063;21;;;10073;14;10077;13;;;10070.0;0.0
av_WHEAT_d0;7300;INTARIAN_PEPPER_ROOT;11199;12;11196;16;;;11224;9;11226;18;;;11211.5;0.0
av_WHEAT_d0;7400;ASH_COATED_OSMIUM;10067;9;10063;17;;;10074;26;10076;15;;;10070.5;0.0
av_WHEAT_d0;7400;INTARIAN_PEPPER_ROOT;11210;7;11206;20;;;11216;23;11220;29;;;11213.0;0.0
av_WHEAT_d0;7500;ASH_COATED_OSMIUM;10062;14;10060;19;;;10079;17;10082;29;;;10070.5;0.0
av_WHEAT_d0;7500;INTARIAN_PEPPER_ROOT;11211;12;11207;13;;;11217;19;11219;16;;;11214.0;0.0
av_WHEAT_d0;7600;ASH_COATED_OSMIUM;10064;11;10060;13;;;10077;9;10080;20;;;10070.5;0.0
av_WHEAT_d0;7600;INTARIAN_PEPPER_ROOT;11212;5;11208;23;;;11218;5;11222;18;;;11215.0;0.0
av_WHEAT_d0;7700;ASH_COATED_OSMIUM;10068;13;10064;20;;;10074;11;10076;11;;;10071.0;0.0
av_WHEAT_d0;7700;INTARIAN_PEPPER_ROOT;11213;23;11209;14;;;11219;10;11223;22;;;11216.0;0.0
av_WHEAT_d0;7800;ASH_COATED_OSMIUM;10065;15;10061;19;;;10077;21;10080;23;;;10071.0;0.0
av_WHEAT_d0;7800;INTARIAN_PEPPER_ROOT;11210;5;11207;12;;;11222;9;11226;33;;;11216.0;0.0
av_WHEAT_d0;7900;ASH_COATED_OSMIUM;10065;7;10063;12;;;10076;14;10078;11;;;10070.5;0.0
av_WHEAT_d0;7900;INTARIAN_PEPPER_ROOT;11216;14;11214;16;;;11222;14;11224;16;;;11219.0;0.0
av_WHEAT_d0;8000;ASH_COATED_OSMIUM;10068;22;10064;21;;;10074;11;10076;18;;;10071.0;0.0
av_WHEAT_d0;8000;INTARIAN_PEPPER_ROOT;11216;20;11214;18;;;11222;12;11224;26;;;11219.0;0.0
av_WHEAT_d0;8100;ASH_COATED_OSMIUM;10067;13;10065;14;;;10074;9;10078;17;;;10070.5;0.0
av_WHEAT_d0;8100;INTARIAN_PEPPER_ROOT;11217;20;11214;35;;;11223;14;11226;29;;;11220.0;0.0
av_WHEAT_d0;8200;ASH_COATED_OSMIUM;10066;5;10063;9;;;10075;17;10079;11;;;10070.5;0.0
av_WHEAT_d0;8200;INTARIAN_PEPPER_ROOT;11218;12;11215;20;;;11224;21;11227;17;;;11221.0;0.0
av_WHEAT_d0;8300;ASH_COATED_OSMIUM;10068;5;10064;26;;;10074;14;10078;19;;;10071.0;0.0
av_WHEAT_d0;8300;INTARIAN_PEPPER_ROOT;11218;7;11214;22;;;11226;11;11228;8;;;11222.0;0.0
av_WHEAT_d0;8400;ASH_COATED_OSMIUM;10065;20;10061;21;;;10077;19;10079;14;;;10071.0;0.0
av_WHEAT_d0;8400;INTARIAN_PEPPER_ROOT;11221;24;11217;21;;;11227;17;11230;20;;;11224.0;0.0
av_WHEAT_d0;8500;ASH_COATED_OSMIUM;10068;19;10064;19;;;10074;8;10078;21;;;10071.0;0.0
av_WHEAT_d0;8500;INTARIAN_PEPPER_ROOT;11221;19;11218;21;;;11227;15;11231;21;;;11224.0;0.0
av_WHEAT_d0;8600;ASH_COATED_OSMIUM;10067;7;10065;24;;;10074;14;10078;22;;;10070.5;0.0
av_WHEAT_d0;8600;INTARIAN_PEPPER_ROOT;11204;18;11201;15;;;11246;7;11249;19;;;11225.0;0.0
av_WHEAT_d0;8700;ASH_COATED_OSMIUM;10068;13;10064;17;;;10074;5;10076;19;;;10071.0;0.0
av_WHEAT_d0;8700;INTARIAN_PEPPER_ROOT;11223;6;11219;21;;;11229;18;11233;26;;;11226.0;0.0
av_WHEAT_d0;8800;ASH_COATED_OSMIUM;10068;14;10066;13;;;10074;15;10077;13;;;10071.0;0.0
av_WHEAT_d0;8800;INTARIAN_PEPPER_ROOT;11224;13;11222;20;;;11230;14;11233;25;;;11227.0;0.0
av_WHEAT_d0;8900;ASH_COATED_OSMIUM;10068;13;10066;10;;;10074;14;10077;19;;;10071.0;0.0
av_WHEAT_d0;8900;INTARIAN_PEPPER_ROOT;11225;14;11223;19;;;11231;21;11233;26;;;11228.0;0.0
av_WHEAT_d0;9000;ASH_COATED_OSMIUM;10068;15;10064;17;;;10074;12;10078;15;;;10071.0;0.0
av_WHEAT_d0;9000;INTARIAN_PEPPER_ROOT;11226;7;11222;18;;;11232;22;11234;21;;;11229.0;0.0
av_WHEAT_d0;9100;ASH_COATED_OSMIUM;10060;16;10058;23;;;10082;11;10084;8;;;10071.0;0.0
av_WHEAT_d0;9100;INTARIAN_PEPPER_ROOT;11227;11;11224;19;;;11233;13;11237;22;;;11230.0;0.0
av_WHEAT_d0;9200;ASH_COATED_OSMIUM;10059;16;10056;12;;;10084;17;10087;20;;;10071.5;0.0
av_WHEAT_d0;9200;INTARIAN_PEPPER_ROOT;11228;7;11225;20;;;11234;14;11236;17;;;11231.0;0.0
av_WHEAT_d0;9300;ASH_COATED_OSMIUM;10068;15;10065;17;;;10074;17;10076;29;;;10071.0;0.0
av_WHEAT_d0;9300;INTARIAN_PEPPER_ROOT;11229;14;11227;22;;;11235;23;11237;15;;;11232.0;0.0
av_WHEAT_d0;9400;ASH_COATED_OSMIUM;10068;6;10065;18;;;10075;17;10078;25;;;10071.5;0.0
av_WHEAT_d0;9400;INTARIAN_PEPPER_ROOT;11230;5;11228;20;;;11236;21;11239;22;;;11233.0;0.0
av_WHEAT_d0;9500;ASH_COATED_OSMIUM;10068;21;10066;18;;;10074;14;10077;22;;;10071.0;0.0
av_WHEAT_d0;9500;INTARIAN_PEPPER_ROOT;11231;13;11227;20;;;11237;8;11240;21;;;11234.0;0.0
av_WHEAT_d0;9600;ASH_COATED_OSMIUM;10068;8;10064;14;;;10074;11;10077;16;;;10071.0;0.0
av_WHEAT_d0;9600;INTARIAN_PEPPER_ROOT;11228;14;11226;20;;;11241;11;11245;18;;;11234.5;0.0
av_WHEAT_d0;9700;ASH_COATED_OSMIUM;10064;14;10062;20;;;10077;17;10079;20;;;10070.5;0.0
av_WHEAT_d0;9700;INTARIAN_PEPPER_ROOT;11223;18;11220;10;;;11248;24;11250;26;;;11235.5;0.0
av_WHEAT_d0;9800;ASH_COATED_OSMIUM;10061;16;10058;19;;;10081;9;10084;22;;;10071.0;0.0
av_WHEAT_d0;9800;INTARIAN_PEPPER_ROOT;11223;17;11220;31;;;11250;16;11252;31;;;11236.5;0.0
av_WHEAT_d0;9900;ASH_COATED_OSMIUM;10068;17;10066;16;;;10074;14;10078;22;;;10071.0;0.0
av_WHEAT_d0;9900;INTARIAN_PEPPER_ROOT;11235;19;11233;12;;;11241;5;11244;21;;;11238.0;0.0
av_WHEAT_d0;10000;ASH_COATED_OSMIUM;10069;14;10067;22;;;10075;9;10077;21;;;10072.0;0.0
av_WHEAT_d0;10000;INTARIAN_PEPPER_ROOT;11235;15;11232;28;;;11242;10;11244;24;;;11238.5;0.0
av_WHEAT_d0;10100;ASH_COATED_OSMIUM;10068;17;10065;29;;;10074;25;10076;15;;;10071.0;0.0
av_WHEAT_d0;10100;INTARIAN_PEPPER_ROOT;11237;5;11235;15;;;11243;12;11246;10;;;11240.0;0.0
av_WHEAT_d0;10200;ASH_COATED_OSMIUM;10060;20;10056;24;;;10083;20;10086;16;;;10071.5;0.0
av_WHEAT_d0;10200;INTARIAN_PEPPER_ROOT;11231;5;11227;16;;;11251;23;11255;20;;;11241.0;0.0
av_WHEAT_d0;10300;ASH_COATED_OSMIUM;10064;13;10061;22;;;10080;20;10083;12;;;10072.0;0.0
av_WHEAT_d0;10300;INTARIAN_PEPPER_ROOT;11239;14;11237;22;;;11245;17;11247;20;;;11242.0;0.0
av_WHEAT_d0;10400;ASH_COATED_OSMIUM;10068;18;10065;20;;;10074;13;10076;24;;;10071.0;0.0
av_WHEAT_d0;10400;INTARIAN_PEPPER_ROOT;11240;18;11236;17;;;11246;19;11248;24;;;11243.0;0.0
av_WHEAT_d0;10500;ASH_COATED_OSMIUM;10055;21;10051;25;;;10087;13;10090;26;;;10071.0;0.0
av_WHEAT_d0;10500;INTARIAN_PEPPER_ROOT;11240;18;11237;14;;;11248;9;11252;13;;;11244.0;0.0
av_WHEAT_d0;10600;ASH_COATED_OSMIUM;10069;10;10066;14;;;10075;16;10079;30;;;10072.0;0.0
av_WHEAT_d0;10600;INTARIAN_PEPPER_ROOT;11241;20;11237;13;;;11250;18;11253;32;;;11245.5;0.0
av_WHEAT_d0;10700;ASH_COATED_OSMIUM;10064;18;10060;25;;;10079;5;10081;18;;;10071.5;0.0
av_WHEAT_d0;10700;INTARIAN_PEPPER_ROOT;11235;19;11231;20;;;11257;14;11259;15;;;11246.0;0.0
av_WHEAT_d0;10800;ASH_COATED_OSMIUM;10068;19;10065;26;;;10074;9;10078;10;;;10071.0;0.0
av_WHEAT_d0;10800;INTARIAN_PEPPER_ROOT;11237;15;11233;23;;;11257;10;11261;19;;;11247.0;0.0
av_WHEAT_d0;10900;ASH_COATED_OSMIUM;10069;18;10065;15;;;10075;5;10077;17;;;10072.0;0.0
av_WHEAT_d0;10900;INTARIAN_PEPPER_ROOT;11244;18;11242;12;;;11253;12;11257;25;;;11248.5;0.0
av_WHEAT_d0;11000;ASH_COATED_OSMIUM;10069;9;10066;25;;;10075;16;10079;31;;;10072.0;0.0
av_WHEAT_d0;11000;INTARIAN_PEPPER_ROOT;11246;11;11244;26;;;11252;18;11254;16;;;11249.0;0.0
av_WHEAT_d0;11100;ASH_COATED_OSMIUM;10068;14;10065;16;;;10074;8;10078;14;;;10071.0;0.0
av_WHEAT_d0;11100;INTARIAN_PEPPER_ROOT;11246;14;11243;16;;;11254;16;11257;25;;;11250.0;0.0
av_WHEAT_d0;11200;ASH_COATED_OSMIUM;10064;12;10061;17;;;10079;17;10082;15;;;10071.5;0.0
av_WHEAT_d0;11200;INTARIAN_PEPPER_ROOT;11242;7;11238;22;;;11261;23;11264;29;;;11251.5;0.0
av_WHEAT_d0;11300;ASH_COATED_OSMIUM;10066;17;10064;16;;;10077;10;10080;21;;;10071.5;0.0
av_WHEAT_d0;11300;INTARIAN_PEPPER_ROOT;11247;11;11244;15;;;11258;18;11262;23;;;11252.5;0.0
av_WHEAT_d0;11400;ASH_COATED_OSMIUM;10069;14;10065;20;;;10075;8;10079;16;;;10072.0;0.0
av_WHEAT_d0;11400;INTARIAN_PEPPER_ROOT;11248;21;11245;24;;;11258;8;11260;15;;;11253.0;0.0
av_WHEAT_d0;11500;ASH_COATED_OSMIUM;10067;17;10064;23;;;10076;5;10079;20;;;10071.5;0.0
av_WHEAT_d0;11500;INTARIAN_PEPPER_ROOT;11252;16;11249;13;;;11258;12;11261;23;;;11255.0;0.0
av_WHEAT_d0;11600;ASH_COATED_OSMIUM;10068;16;10064;12;;;10074;19;10077;17;;;10071.0;0.0
av_WHEAT_d0;11600;INTARIAN_PEPPER_ROOT;11252;14;11250;18;;;11258;20;11260;31;;;11255.0;0.0
av_WHEAT_d0;11700;ASH_COATED_OSMIUM;10069;5;10065;18;;;10075;21;10079;29;;;10072.0;0.0
av_WHEAT_d0;11700;INTARIAN_PEPPER_ROOT;11253;13;11249;22;;;11259;16;11263;11;;;11256.0;0.0
av_WHEAT_d0;11800;ASH_COATED_OSMIUM;10069;27;10065;17;;;10075;16;10077;15;;;10072.0;0.0
av_WHEAT_d0;11800;INTARIAN_PEPPER_ROOT;11245;17;11242;17;;;11268;12;11270;17;;;11256.5;0.0
av_WHEAT_d0;11900;ASH_COATED_OSMIUM;10069;8;10067;23;;;10075;14;10077;32;;;10072.0;0.0
av_WHEAT_d0;11900;INTARIAN_PEPPER_ROOT;11253;21;11251;12;;;11264;20;11266;18;;;11258.5;0.0
av_WHEAT_d0;12000;ASH_COATED_OSMIUM;10069;20;10065;23;;;10075;14;10079;24;;;10072.0;0.0
av_WHEAT_d0;12000;INTARIAN_PEPPER_ROOT;11256;14;11254;29;;;11262;15;11265;16;;;11259.0;0.0
av_WHEAT_d0;12100;ASH_COATED_OSMIUM;10068;5;10066;20;;;10074;13;10076;22;;;10071.0;0.0
av_WHEAT_d0;12100;INTARIAN_PEPPER_ROOT;11257;6;11253;22;;;11263;5;11267;17;;;11260.0;0.0
av_WHEAT_d0;12200;ASH_COATED_OSMIUM;10069;20;10065;17;;;10075;13;10078;17;;;10072.0;0.0
av_WHEAT_d0;12200;INTARIAN_PEPPER_ROOT;11258;18;11256;16;;;11266;12;11269;9;;;11262.0;0.0
av_WHEAT_d0;12300;ASH_COATED_OSMIUM;10069;17;10065;21;;;10075;13;10079;22;;;10072.0;0.0
av_WHEAT_d0;12300;INTARIAN_PEPPER_ROOT;11259;17;11256;9;;;11265;15;11269;21;;;11262.0;0.0
av_WHEAT_d0;12400;ASH_COATED_OSMIUM;10069;26;10067;21;;;10075;12;10079;26;;;10072.0;0.0
av_WHEAT_d0;12400;INTARIAN_PEPPER_ROOT;11260;16;11256;18;;;11266;16;11268;17;;;11263.0;0.0
av_WHEAT_d0;12500;ASH_COATED_OSMIUM;10069;19;10066;22;;;10075;25;10077;18;;;10072.0;0.0
av_WHEAT_d0;12500;INTARIAN_PEPPER_ROOT;11261;18;11258;12;;;11267;17;11271;20;;;11264.0;0.0
av_WHEAT_d0;12600;ASH_COATED_OSMIUM;10069;11;10065;17;;;10075;8;10079;15;;;10072.0;0.0
av_WHEAT_d0;12600;INTARIAN_PEPPER_ROOT;11254;14;11251;19;;;11277;10;11279;21;;;11265.5;0.0
av_WHEAT_d0;12700;ASH_COATED_OSMIUM;10068;10;10066;24;;;10077;13;10080;10;;;10072.5;0.0
av_WHEAT_d0;12700;INTARIAN_PEPPER_ROOT;11263;16;11261;18;;;11269;19;11271;24;;;11266.0;0.0
av_WHEAT_d0;12800;ASH_COATED_OSMIUM;10064;13;10060;23;;;10081;10;10085;19;;;10072.5;0.0
av_WHEAT_d0;12800;INTARIAN_PEPPER_ROOT;11264;14;11262;13;;;11270;20;11273;29;;;11267.0;0.0
av_WHEAT_d0;12900;ASH_COATED_OSMIUM;10067;19;10065;11;;;10076;16;10078;25;;;10071.5;0.0
av_WHEAT_d0;12900;INTARIAN_PEPPER_ROOT;11265;17;11261;18;;;11271;12;11275;34;;;11268.0;0.0
av_WHEAT_d0;13000;ASH_COATED_OSMIUM;10069;22;10067;20;;;10075;15;10079;20;;;10072.0;0.0
av_WHEAT_d0;13000;INTARIAN_PEPPER_ROOT;11266;10;11263;17;;;11272;14;11275;10;;;11269.0;0.0
av_WHEAT_d0;13100;ASH_COATED_OSMIUM;10060;17;10057;19;;;10084;17;10086;21;;;10072.0;0.0
av_WHEAT_d0;13100;INTARIAN_PEPPER_ROOT;11255;17;11253;17;;;11284;15;11286;24;;;11269.5;0.0
av_WHEAT_d0;13200;ASH_COATED_OSMIUM;10069;15;10066;20;;;10075;16;10077;27;;;10072.0;0.0
av_WHEAT_d0;13200;INTARIAN_PEPPER_ROOT;11264;17;11261;21;;;11277;12;11281;12;;;11270.5;0.0
av_WHEAT_d0;13300;ASH_COATED_OSMIUM;10069;14;10066;27;;;10075;5;10077;11;;;10072.0;0.0
av_WHEAT_d0;13300;INTARIAN_PEPPER_ROOT;11270;25;11266;15;;;11276;10;11280;21;;;11273.0;0.0
av_WHEAT_d0;13400;ASH_COATED_OSMIUM;10069;9;10067;22;;;10075;24;10078;22;;;10072.0;0.0
av_WHEAT_d0;13400;INTARIAN_PEPPER_ROOT;11269;23;11265;12;;;11277;8;11280;17;;;11273.0;0.0
av_WHEAT_d0;13500;ASH_COATED_OSMIUM;10069;11;10067;23;;;10075;13;10079;17;;;10072.0;0.0
av_WHEAT_d0;13500;INTARIAN_PEPPER_ROOT;11271;18;11268;17;;;11277;12;11279;24;;;11274.0;0.0
av_WHEAT_d0;13600;ASH_COATED_OSMIUM;10069;8;10066;16;;;10075;17;10077;15;;;10072.0;0.0
av_WHEAT_d0;13600;INTARIAN_PEPPER_ROOT;11262;18;11260;19;;;11290;15;11292;10;;;11276.0;0.0
av_WHEAT_d0;13700;ASH_COATED_OSMIUM;10069;10;10065;16;;;10075;9;10078;27;;;10072.0;0.0
av_WHEAT_d0;13700;INTARIAN_PEPPER_ROOT;11273;23;11269;17;;;11279;13;11283;25;;;11276.0;0.0
av_WHEAT_d0;13800;ASH_COATED_OSMIUM;10069;26;10066;12;;;10075;28;10078;12;;;10072.0;0.0
av_WHEAT_d0;13800;INTARIAN_PEPPER_ROOT;11274;10;11270;10;;;11280;16;11283;18;;;11277.0;0.0
av_WHEAT_d0;13900;ASH_COATED_OSMIUM;10069;13;10067;10;;;10075;24;10078;20;;;10072.0;0.0
av_WHEAT_d0;13900;INTARIAN_PEPPER_ROOT;11267;13;11263;15;;;11289;15;11293;17;;;11278.0;0.0
av_WHEAT_d0;14000;ASH_COATED_OSMIUM;10067;18;10064;17;;;10078;15;10080;19;;;10072.5;0.0
av_WHEAT_d0;14000;INTARIAN_PEPPER_ROOT;11274;18;11272;14;;;11285;8;11287;27;;;11279.5;0.0
av_WHEAT_d0;14100;ASH_COATED_OSMIUM;10065;11;10061;9;;;10080;17;10084;21;;;10072.5;0.0
av_WHEAT_d0;14100;INTARIAN_PEPPER_ROOT;11277;15;11274;15;;;11283;14;11285;14;;;11280.0;0.0
av_WHEAT_d0;14200;ASH_COATED_OSMIUM;10068;13;10066;20;;;10076;10;10079;27;;;10072.0;0.0
av_WHEAT_d0;14200;INTARIAN_PEPPER_ROOT;11278;16;11275;19;;;11284;18;11286;15;;;11281.0;0.0
av_WHEAT_d0;14300;ASH_COATED_OSMIUM;10067;18;10064;21;;;10078;20;10081;15;;;10072.5;0.0
av_WHEAT_d0;14300;INTARIAN_PEPPER_ROOT;11279;12;11277;21;;;11285;14;11289;11;;;11282.0;0.0
av_WHEAT_d0;14400;ASH_COATED_OSMIUM;10070;13;10068;24;;;10076;8;10079;28;;;10073.0;0.0
av_WHEAT_d0;14400;INTARIAN_PEPPER_ROOT;11280;11;11277;19;;;11286;19;11290;23;;;11283.0;0.0
av_WHEAT_d0;14500;ASH_COATED_OSMIUM;10069;15;10067;25;;;10075;18;10079;14;;;10072.0;0.0
av_WHEAT_d0;14500;INTARIAN_PEPPER_ROOT;11281;14;11278;21;;;11287;17;11291;14;;;11284.0;0.0
av_WHEAT_d0;14600;ASH_COATED_OSMIUM;10069;17;10065;19;;;10075;19;10079;20;;;10072.0;0.0
av_WHEAT_d0;14600;INTARIAN_PEPPER_ROOT;11282;16;11280;26;;;11288;21;11292;21;;;11285.0;0.0
av_WHEAT_d0;14700;ASH_COATED_OSMIUM;10068;16;10066;22;;;10077;13;10081;10;;;10072.5;0.0
av_WHEAT_d0;14700;INTARIAN_PEPPER_ROOT;11281;17;11278;25;;;11291;15;11295;19;;;11286.0;0.0
av_WHEAT_d0;14800;ASH_COATED_OSMIUM;10069;10;10065;13;;;10075;23;10077;32;;;10072.0;0.0
av_WHEAT_d0;14800;INTARIAN_PEPPER_ROOT;11280;14;11276;21;;;11294;17;11298;15;;;11287.0;0.0
av_WHEAT_d0;14900;ASH_COATED_OSMIUM;10070;16;10068;27;;;10076;5;10078;22;;;10073.0;0.0
av_WHEAT_d0;14900;INTARIAN_PEPPER_ROOT;11277;13;11273;20;;;11298;18;11301;30;;;11287.5;0.0
av_WHEAT_d0;15000;ASH_COATED_OSMIUM;10065;24;10061;25;;;10080;15;10083;11;;;10072.5;0.0
av_WHEAT_d0;15000;INTARIAN_PEPPER_ROOT;11286;19;11282;15;;;11292;13;11296;16;;;11289.0;0.0
av_WHEAT_d0;15100;ASH_COATED_OSMIUM;10070;16;10067;16;;;10076;18;10078;18;;;10073.0;0.0
av_WHEAT_d0;15100;INTARIAN_PEPPER_ROOT;11282;15;11280;12;;;11297;13;11301;14;;;11289.5;0.0
av_WHEAT_d0;15200;ASH_COATED_OSMIUM;10069;16;10066;19;;;10075;14;10078;18;;;10072.0;0.0
av_WHEAT_d0;15200;INTARIAN_PEPPER_ROOT;11288;17;11285;22;;;11294;18;11297;16;;;11291.0;0.0
av_WHEAT_d0;15300;ASH_COATED_OSMIUM;10070;5;10067;20;;;10076;8;10078;23;;;10073.0;0.0
av_WHEAT_d0;15300;INTARIAN_PEPPER_ROOT;11288;9;11286;24;;;11297;12;11299;26;;;11292.5;0.0
av_WHEAT_d0;15400;ASH_COATED_OSMIUM;10068;17;10064;20;;;10077;7;10079;20;;;10072.5;0.0
av_WHEAT_d0;15400;INTARIAN_PEPPER_ROOT;11282;10;11278;21;;;11305;15;11307;23;;;11293.5;0.0
av_WHEAT_d0;15500;ASH_COATED_OSMIUM;10070;13;10067;26;;;10076;20;10080;14;;;10073.0;0.0
av_WHEAT_d0;15500;INTARIAN_PEPPER_ROOT;11291;7;11288;20;;;11297;12;11299;18;;;11294.0;0.0
av_WHEAT_d0;15600;ASH_COATED_OSMIUM;10066;9;10063;16;;;10079;12;10081;8;;;10072.5;0.0
av_WHEAT_d0;15600;INTARIAN_PEPPER_ROOT;11292;19;11290;24;;;11298;20;11301;18;;;11295.0;0.0
av_WHEAT_d0;15700;ASH_COATED_OSMIUM;10070;21;10068;22;;;10076;8;10078;14;;;10073.0;0.0
av_WHEAT_d0;15700;INTARIAN_PEPPER_ROOT;11293;18;11291;16;;;11299;19;11301;22;;;11296.0;0.0
av_WHEAT_d0;15800;ASH_COATED_OSMIUM;10070;12;10066;25;;;10076;11;10079;26;;;10073.0;0.0
av_WHEAT_d0;15800;INTARIAN_PEPPER_ROOT;11291;21;11287;14;;;11304;9;11308;24;;;11297.5;0.0
av_WHEAT_d0;15900;ASH_COATED_OSMIUM;10070;19;10066;23;;;10076;7;10078;23;;;10073.0;0.0
av_WHEAT_d0;15900;INTARIAN_PEPPER_ROOT;11295;14;11291;16;;;11301;15;11303;33;;;11298.0;0.0
av_WHEAT_d0;16000;ASH_COATED_OSMIUM;10070;16;10066;21;;;10076;22;10079;21;;;10073.0;0.0
av_WHEAT_d0;16000;INTARIAN_PEPPER_ROOT;11294;13;11290;20;;;11303;10;11306;22;;;11298.5;0.0
av_WHEAT_d0;16100;ASH_COATED_OSMIUM;10070;7;10067;25;;;10076;12;10079;17;;;10073.0;0.0
av_WHEAT_d0;16100;INTARIAN_PEPPER_ROOT;11298;17;11295;18;;;11304;17;11307;28;;;11301.0;0.0
av_WHEAT_d0;16200;ASH_COATED_OSMIUM;10066;16;10063;21;;;10079;9;10083;21;;;10072.5;0.0
av_WHEAT_d0;16200;INTARIAN_PEPPER_ROOT;11297;9;11294;22;;;11306;18;11310;22;;;11301.5;0.0
av_WHEAT_d0;16300;ASH_COATED_OSMIUM;10069;14;10065;25;;;10078;15;10082;26;;;10073.5;0.0
av_WHEAT_d0;16300;INTARIAN_PEPPER_ROOT;11298;10;11294;12;;;11306;8;11310;28;;;11302.0;0.0
av_WHEAT_d0;16400;ASH_COATED_OSMIUM;10070;13;10068;28;;;10076;16;10080;18;;;10073.0;0.0
av_WHEAT_d0;16400;INTARIAN_PEPPER_ROOT;11300;20;11298;14;;;11306;5;11308;24;;;11303.0;0.0
av_WHEAT_d0;16500;ASH_COATED_OSMIUM;10055;23;10052;21;;;10092;15;10095;22;;;10073.5;0.0
av_WHEAT_d0;16500;INTARIAN_PEPPER_ROOT;11297;9;11295;13;;;11311;15;11315;15;;;11304.0;0.0
av_WHEAT_d0;16600;ASH_COATED_OSMIUM;10068;14;10066;14;;;10079;7;10082;24;;;10073.5;0.0
av_WHEAT_d0;16600;INTARIAN_PEPPER_ROOT;11300;18;11298;20;;;11311;22;11314;17;;;11305.5;0.0
av_WHEAT_d0;16700;ASH_COATED_OSMIUM;10065;19;10063;21;;;10081;8;10085;19;;;10073.0;0.0
av_WHEAT_d0;16700;INTARIAN_PEPPER_ROOT;11294;10;11291;21;;;11319;21;11321;17;;;11306.5;0.0
av_WHEAT_d0;16800;ASH_COATED_OSMIUM;10062;13;10060;15;;;10084;12;10086;18;;;10073.0;0.0
av_WHEAT_d0;16800;INTARIAN_PEPPER_ROOT;11303;16;11300;13;;;11310;16;11314;20;;;11306.5;0.0
av_WHEAT_d0;16900;ASH_COATED_OSMIUM;10070;6;10068;24;;;10076;24;10079;25;;;10073.0;0.0
av_WHEAT_d0;16900;INTARIAN_PEPPER_ROOT;11290;10;11287;24;;;11327;14;11331;17;;;11308.5;0.0
av_WHEAT_d0;17000;ASH_COATED_OSMIUM;10069;17;10067;17;;;10075;18;10079;19;;;10072.0;0.0
av_WHEAT_d0;17000;INTARIAN_PEPPER_ROOT;11305;9;11303;17;;;11311;15;11314;29;;;11308.0;0.0
av_WHEAT_d0;17100;ASH_COATED_OSMIUM;10070;15;10067;15;;;10076;16;10080;18;;;10073.0;0.0
av_WHEAT_d0;17100;INTARIAN_PEPPER_ROOT;11304;9;11302;17;;;11310;19;11313;23;;;11307.0;0.0
av_WHEAT_d0;17200;ASH_COATED_OSMIUM;10070;8;10068;31;;;10076;19;10080;30;;;10073.0;0.0
av_WHEAT_d0;17200;INTARIAN_PEPPER_ROOT;11303;15;11299;12;;;11309;22;11311;17;;;11306.0;0.0
av_WHEAT_d0;17300;ASH_COATED_OSMIUM;10069;14;10065;22;;;10076;18;10078;17;;;10072.5;0.0
av_WHEAT_d0;17300;INTARIAN_PEPPER_ROOT;11295;5;11292;25;;;11314;16;11318;20;;;11304.5;0.0
av_WHEAT_d0;17400;ASH_COATED_OSMIUM;10070;22;10066;23;;;10076;16;10080;21;;;10073.0;0.0
av_WHEAT_d0;17400;INTARIAN_PEPPER_ROOT;11301;20;11298;16;;;11307;20;11311;17;;;11304.0;0.0
av_WHEAT_d0;17500;ASH_COATED_OSMIUM;10069;14;10066;22;;;10075;11;10079;17;;;10072.0;0.0
av_WHEAT_d0;17500;INTARIAN_PEPPER_ROOT;11300;13;11297;23;;;11306;15;11309;15;;;11303.0;0.0
av_WHEAT_d0;17600;ASH_COATED_OSMIUM;10070;18;10068;21;;;10076;17;10079;24;;;10073.0;0.0
av_WHEAT_d0;17600;INTARIAN_PEPPER_ROOT;11298;18;11296;24;;;11304;18;11308;28;;;11301.0;0.0
av_WHEAT_d0;17700;ASH_COATED_OSMIUM;10068;19;10064;17;;;10077;16;10080;9;;;10072.5;0.0
av_WHEAT_d0;17700;INTARIAN_PEPPER_ROOT;11298;9;11294;14;;;11304;11;11308;26;;;11301.0;0.0
av_WHEAT_d0;17800;ASH_COATED_OSMIUM;10062;5;10058;17;;;10083;16;10086;26;;;10072.5;0.0
av_WHEAT_d0;17800;INTARIAN_PEPPER_ROOT;11296;21;11292;22;;;11303;16;11305;27;;;11299.5;0.0
av_WHEAT_d0;17900;ASH_COATED_OSMIUM;10063;17;10059;16;;;10083;19;10086;13;;;10073.0;0.0
av_WHEAT_d0;17900;INTARIAN_PEPPER_ROOT;11292;17;11290;16;;;11304;9;11307;18;;;11298.0;0.0
av_WHEAT_d0;18000;ASH_COATED_OSMIUM;10068;14;10064;21;;;10077;15;10079;14;;;10072.5;0.0
av_WHEAT_d0;18000;INTARIAN_PEPPER_ROOT;11294;19;11291;18;;;11300;9;11303;14;;;11297.0;0.0
av_WHEAT_d0;18100;ASH_COATED_OSMIUM;10069;17;10067;12;;;10075;8;10078;13;;;10072.0;0.0
av_WHEAT_d0;18100;INTARIAN_PEPPER_ROOT;11293;20;11290;26;;;11299;11;11301;13;;;11296.0;0.0
av_WHEAT_d0;18200;ASH_COATED_OSMIUM;10069;23;10065;23;;;10075;15;10078;24;;;10072.0;0.0
av_WHEAT_d0;18200;INTARIAN_PEPPER_ROOT;11292;11;11290;22;;;11298;13;11302;17;;;11295.0;0.0
av_WHEAT_d0;18300;ASH_COATED_OSMIUM;10069;22;10066;24;;;10075;24;10079;15;;;10072.0;0.0
av_WHEAT_d0;18300;INTARIAN_PEPPER_ROOT;11291;14;11288;26;;;11297;22;11301;26;;;11294.0;0.0
av_WHEAT_d0;18400;ASH_COATED_OSMIUM;10069;7;10066;17;;;10075;25;10079;11;;;10072.0;0.0
av_WHEAT_d0;18400;INTARIAN_PEPPER_ROOT;11290;6;11287;13;;;11296;13;11298;24;;;11293.0;0.0
av_WHEAT_d0;18500;ASH_COATED_OSMIUM;10062;13;10060;25;;;10082;19;10085;16;;;10072.0;0.0
av_WHEAT_d0;18500;INTARIAN_PEPPER_ROOT;11286;16;11284;35;;;11296;26;11299;17;;;11291.0;0.0
av_WHEAT_d0;18600;ASH_COATED_OSMIUM;10067;16;10065;15;;;10077;14;10080;13;;;10072.0;0.0
av_WHEAT_d0;18600;INTARIAN_PEPPER_ROOT;11286;19;11284;23;;;11296;7;11300;19;;;11291.0;0.0
av_WHEAT_d0;18700;ASH_COATED_OSMIUM;10069;14;10065;16;;;10075;10;10079;13;;;10072.0;0.0
av_WHEAT_d0;18700;INTARIAN_PEPPER_ROOT;11285;14;11281;26;;;11296;15;11298;8;;;11290.5;0.0
av_WHEAT_d0;18800;ASH_COATED_OSMIUM;10064;10;10062;20;;;10080;15;10082;17;;;10072.0;0.0
av_WHEAT_d0;18800;INTARIAN_PEPPER_ROOT;11281;5;11277;25;;;11296;11;11299;13;;;11288.5;0.0
av_WHEAT_d0;18900;ASH_COATED_OSMIUM;10065;15;10061;26;;;10079;22;10081;22;;;10072.0;0.0
av_WHEAT_d0;18900;INTARIAN_PEPPER_ROOT;11284;17;11281;11;;;11291;17;11295;19;;;11287.5;0.0
av_WHEAT_d0;19000;ASH_COATED_OSMIUM;10065;21;10061;17;;;10079;23;10083;20;;;10072.0;0.0
av_WHEAT_d0;19000;INTARIAN_PEPPER_ROOT;11283;5;11281;17;;;11289;9;11291;17;;;11286.0;0.0
av_WHEAT_d0;19100;ASH_COATED_OSMIUM;10065;6;10062;17;;;10079;16;10083;14;;;10072.0;0.0
av_WHEAT_d0;19100;INTARIAN_PEPPER_ROOT;11283;16;11280;14;;;11289;18;11293;16;;;11286.0;0.0
av_WHEAT_d0;19200;ASH_COATED_OSMIUM;10069;20;10066;18;;;10075;15;10079;29;;;10072.0;0.0
av_WHEAT_d0;19200;INTARIAN_PEPPER_ROOT;11262;17;11260;23;;;11307;20;11310;19;;;11284.5;0.0
av_WHEAT_d0;19300;ASH_COATED_OSMIUM;10056;11;10052;28;;;10087;21;10090;25;;;10071.5;0.0
av_WHEAT_d0;19300;INTARIAN_PEPPER_ROOT;11280;16;11276;15;;;11286;12;11289;25;;;11283.0;0.0
av_WHEAT_d0;19400;ASH_COATED_OSMIUM;10069;6;10066;25;;;10075;19;10077;18;;;10072.0;0.0
av_WHEAT_d0;19400;INTARIAN_PEPPER_ROOT;11279;12;11275;23;;;11285;15;11287;21;;;11282.0;0.0
av_WHEAT_d0;19500;ASH_COATED_OSMIUM;10068;20;10066;27;;;10074;12;10076;26;;;10071.0;0.0
av_WHEAT_d0;19500;INTARIAN_PEPPER_ROOT;11278;20;11276;22;;;11284;13;11287;14;;;11281.0;0.0
av_WHEAT_d0;19600;ASH_COATED_OSMIUM;10058;10;10054;21;;;10085;19;10088;20;;;10071.5;0.0
av_WHEAT_d0;19600;INTARIAN_PEPPER_ROOT;11277;12;11273;18;;;11283;19;11287;20;;;11280.0;0.0
av_WHEAT_d0;19700;ASH_COATED_OSMIUM;10063;8;10060;25;;;10081;10;10083;16;;;10072.0;0.0
av_WHEAT_d0;19700;INTARIAN_PEPPER_ROOT;11269;14;11265;21;;;11290;19;11294;21;;;11279.5;0.0
av_WHEAT_d0;19800;ASH_COATED_OSMIUM;10067;22;10065;30;;;10076;17;10078;19;;;10071.5;0.0
av_WHEAT_d0;19800;INTARIAN_PEPPER_ROOT;11275;10;11271;23;;;11281;14;11285;18;;;11278.0;0.0
av_WHEAT_d0;19900;ASH_COATED_OSMIUM;10068;8;10064;28;;;10074;20;10077;23;;;10071.0;0.0
av_WHEAT_d0;19900;INTARIAN_PEPPER_ROOT;11273;14;11270;15;;;11280;13;11283;16;;;11276.5;0.0
av_WHEAT_d0;20000;ASH_COATED_OSMIUM;10068;20;10064;23;;;10074;11;10078;29;;;10071.0;0.0
av_WHEAT_d0;20000;INTARIAN_PEPPER_ROOT;11272;16;11270;22;;;11278;24;11281;15;;;11275.0;0.0
av_WHEAT_d0;20100;ASH_COATED_OSMIUM;10068;21;10066;18;;;10074;12;10078;13;;;10071.0;0.0
av_WHEAT_d0;20100;INTARIAN_PEPPER_ROOT;11272;23;11268;14;;;11278;16;11282;26;;;11275.0;0.0
av_WHEAT_d0;20200;ASH_COATED_OSMIUM;10064;5;10061;18;;;10078;17;10080;22;;;10071.0;0.0
av_WHEAT_d0;20200;INTARIAN_PEPPER_ROOT;11270;10;11268;27;;;11276;6;11280;23;;;11273.0;0.0
av_WHEAT_d0;20300;ASH_COATED_OSMIUM;10064;13;10061;13;;;10080;21;10084;12;;;10072.0;0.0
av_WHEAT_d0;20300;INTARIAN_PEPPER_ROOT;11269;22;11266;27;;;11275;19;11278;17;;;11272.0;0.0
av_WHEAT_d0;20400;ASH_COATED_OSMIUM;10068;12;10064;21;;;10074;13;10077;27;;;10071.0;0.0
av_WHEAT_d0;20400;INTARIAN_PEPPER_ROOT;11266;21;11262;22;;;11276;15;11280;19;;;11271.0;0.0
av_WHEAT_d0;20500;ASH_COATED_OSMIUM;10068;18;10064;24;;;10074;9;10077;25;;;10071.0;0.0
av_WHEAT_d0;20500;INTARIAN_PEPPER_ROOT;11267;16;11265;8;;;11273;11;11277;21;;;11270.0;0.0
av_WHEAT_d0;20600;ASH_COATED_OSMIUM;10065;8;10061;18;;;10077;7;10079;19;;;10071.0;0.0
av_WHEAT_d0;20600;INTARIAN_PEPPER_ROOT;11266;13;11262;17;;;11272;16;11275;19;;;11269.0;0.0
av_WHEAT_d0;20700;ASH_COATED_OSMIUM;10068;5;10064;22;;;10074;12;10077;15;;;10071.0;0.0
av_WHEAT_d0;20700;INTARIAN_PEPPER_ROOT;11264;14;11260;29;;;11271;14;11273;14;;;11267.5;0.0
av_WHEAT_d0;20800;ASH_COATED_OSMIUM;10068;9;10064;25;;;10074;17;10076;27;;;10071.0;0.0
av_WHEAT_d0;20800;INTARIAN_PEPPER_ROOT;11264;5;11260;11;;;11270;10;11273;23;;;11267.0;0.0
av_WHEAT_d0;20900;ASH_COATED_OSMIUM;10068;17;10066;22;;;10074;15;10076;8;;;10071.0;0.0
av_WHEAT_d0;20900;INTARIAN_PEPPER_ROOT;11261;16;11257;19;;;11269;15;11272;21;;;11265.0;0.0
av_WHEAT_d0;21000;ASH_COATED_OSMIUM;10068;10;10066;23;;;10074;9;10078;20;;;10071.0;0.0
av_WHEAT_d0;21000;INTARIAN_PEPPER_ROOT;11262;5;11258;27;;;11268;13;11272;26;;;11265.0;0.0
av_WHEAT_d0;21100;ASH_COATED_OSMIUM;10068;23;10066;23;;;10074;17;10077;20;;;10071.0;0.0
av_WHEAT_d0;21100;INTARIAN_PEPPER_ROOT;11261;5;11258;22;;;11267;9;11269;24;;;11264.0;0.0
av_WHEAT_d0;21200;ASH_COATED_OSMIUM;10066;12;10063;20;;;10075;17;10079;23;;;10070.5;0.0
av_WHEAT_d0;21200;INTARIAN_PEPPER_ROOT;11260;6;11258;15;;;11266;13;11270;16;;;11263.0;0.0
av_WHEAT_d0;21300;ASH_COATED_OSMIUM;10068;5;10065;8;;;10074;9;10077;25;;;10071.0;0.0
av_WHEAT_d0;21300;INTARIAN_PEPPER_ROOT;11258;21;11256;25;;;11264;8;11266;18;;;11261.0;0.0
av_WHEAT_d0;21400;ASH_COATED_OSMIUM;10061;16;10059;21;;;10080;11;10084;18;;;10070.5;0.0
av_WHEAT_d0;21400;INTARIAN_PEPPER_ROOT;11257;14;11253;15;;;11263;17;11265;27;;;11260.0;0.0
av_WHEAT_d0;21500;ASH_COATED_OSMIUM;10068;17;10066;28;;;10074;13;10078;20;;;10071.0;0.0
av_WHEAT_d0;21500;INTARIAN_PEPPER_ROOT;11253;16;11250;12;;;11266;9;11269;17;;;11259.5;0.0
av_WHEAT_d0;21600;ASH_COATED_OSMIUM;10067;18;10063;24;;;10074;16;10077;17;;;10070.5;0.0
av_WHEAT_d0;21600;INTARIAN_PEPPER_ROOT;11244;14;11242;20;;;11273;11;11277;16;;;11258.5;0.0
av_WHEAT_d0;21700;ASH_COATED_OSMIUM;10063;8;10060;24;;;10077;17;10081;17;;;10070.0;0.0
av_WHEAT_d0;21700;INTARIAN_PEPPER_ROOT;11254;15;11252;22;;;11261;10;11263;12;;;11257.5;0.0
av_WHEAT_d0;21800;ASH_COATED_OSMIUM;10062;19;10058;19;;;10079;9;10081;21;;;10070.5;0.0
av_WHEAT_d0;21800;INTARIAN_PEPPER_ROOT;11253;15;11250;14;;;11259;24;11263;13;;;11256.0;0.0
av_WHEAT_d0;21900;ASH_COATED_OSMIUM;10068;14;10066;15;;;10074;14;10076;22;;;10071.0;0.0
av_WHEAT_d0;21900;INTARIAN_PEPPER_ROOT;11250;12;11248;25;;;11259;25;11263;26;;;11254.5;0.0
av_WHEAT_d0;22000;ASH_COATED_OSMIUM;10063;18;10059;22;;;10078;15;10081;22;;;10070.5;0.0
av_WHEAT_d0;22000;INTARIAN_PEPPER_ROOT;11251;22;11249;22;;;11257;18;11259;20;;;11254.0;0.0
av_WHEAT_d0;22100;ASH_COATED_OSMIUM;10067;15;10064;21;;;10073;18;10075;15;;;10070.0;0.0
av_WHEAT_d0;22100;INTARIAN_PEPPER_ROOT;11242;16;11238;14;;;11262;22;11266;25;;;11252.0;0.0
av_WHEAT_d0;22200;ASH_COATED_OSMIUM;10064;9;10061;17;;;10077;22;10079;16;;;10070.5;0.0
av_WHEAT_d0;22200;INTARIAN_PEPPER_ROOT;11248;8;11245;31;;;11254;10;11256;17;;;11251.0;0.0
av_WHEAT_d0;22300;ASH_COATED_OSMIUM;10066;15;10062;21;;;10075;18;10079;17;;;10070.5;0.0
av_WHEAT_d0;22300;INTARIAN_PEPPER_ROOT;11248;6;11245;23;;;11254;20;11257;27;;;11251.0;0.0
av_WHEAT_d0;22400;ASH_COATED_OSMIUM;10064;24;10060;25;;;10076;16;10078;23;;;10070.0;0.0
av_WHEAT_d0;22400;INTARIAN_PEPPER_ROOT;11243;6;11239;29;;;11256;17;11259;24;;;11249.5;0.0
av_WHEAT_d0;22500;ASH_COATED_OSMIUM;10063;9;10060;15;;;10078;24;10080;22;;;10070.5;0.0
av_WHEAT_d0;22500;INTARIAN_PEPPER_ROOT;11245;8;11242;21;;;11251;19;11255;20;;;11248.0;0.0
av_WHEAT_d0;22600;ASH_COATED_OSMIUM;10066;9;10064;13;;;10075;17;10077;25;;;10070.5;0.0
av_WHEAT_d0;22600;INTARIAN_PEPPER_ROOT;11245;29;11241;22;;;11251;22;11254;18;;;11248.0;0.0
av_WHEAT_d0;22700;ASH_COATED_OSMIUM;10067;12;10065;16;;;10073;14;10076;22;;;10070.0;0.0
av_WHEAT_d0;22700;INTARIAN_PEPPER_ROOT;11237;8;11235;20;;;11256;17;11260;18;;;11246.5;0.0
av_WHEAT_d0;22800;ASH_COATED_OSMIUM;10068;13;10066;13;;;10074;12;10077;20;;;10071.0;0.0
av_WHEAT_d0;22800;INTARIAN_PEPPER_ROOT;11242;18;11238;24;;;11248;9;11252;13;;;11245.0;0.0
av_WHEAT_d0;22900;ASH_COATED_OSMIUM;10067;17;10063;14;;;10073;15;10075;17;;;10070.0;0.0
av_WHEAT_d0;22900;INTARIAN_PEPPER_ROOT;11241;10;11239;17;;;11247;15;11251;25;;;11244.0;0.0
av_WHEAT_d0;23000;ASH_COATED_OSMIUM;10065;9;10062;8;;;10073;13;10075;11;;;10069.0;0.0
av_WHEAT_d0;23000;INTARIAN_PEPPER_ROOT;11240;18;11236;21;;;11246;11;11248;22;;;11243.0;0.0
av_WHEAT_d0;23100;ASH_COATED_OSMIUM;10065;13;10062;21;;;10074;11;10076;20;;;10069.5;0.0
av_WHEAT_d0;23100;INTARIAN_PEPPER_ROOT;11227;9;11225;13;;;11258;8;11260;20;;;11242.5;0.0
av_WHEAT_d0;23200;ASH_COATED_OSMIUM;10067;12;10064;26;;;10073;18;10077;21;;;10070.0;0.0
av_WHEAT_d0;23200;INTARIAN_PEPPER_ROOT;11238;17;11235;21;;;11244;12;11246;23;;;11241.0;0.0
av_WHEAT_d0;23300;ASH_COATED_OSMIUM;10061;19;10059;27;;;10078;18;10082;24;;;10069.5;0.0
av_WHEAT_d0;23300;INTARIAN_PEPPER_ROOT;11237;17;11234;14;;;11243;13;11246;22;;;11240.0;0.0
av_WHEAT_d0;23400;ASH_COATED_OSMIUM;10067;7;10063;23;;;10073;14;10075;21;;;10070.0;0.0
av_WHEAT_d0;23400;INTARIAN_PEPPER_ROOT;11234;12;11230;18;;;11243;14;11245;25;;;11238.5;0.0
av_WHEAT_d0;23500;ASH_COATED_OSMIUM;10066;6;10062;19;;;10072;13;10076;19;;;10069.0;0.0
av_WHEAT_d0;23500;INTARIAN_PEPPER_ROOT;11235;9;11233;18;;;11241;10;11244;12;;;11238.0;0.0
av_WHEAT_d0;23600;ASH_COATED_OSMIUM;10066;17;10064;11;;;10072;5;10076;14;;;10069.0;0.0
av_WHEAT_d0;23600;INTARIAN_PEPPER_ROOT;11233;13;11229;23;;;11239;13;11243;22;;;11236.0;0.0
av_WHEAT_d0;23700;ASH_COATED_OSMIUM;10067;16;10064;14;;;10073;23;10076;8;;;10070.0;0.0
av_WHEAT_d0;23700;INTARIAN_PEPPER_ROOT;11233;14;11230;18;;;11239;16;11241;13;;;11236.0;0.0
av_WHEAT_d0;23800;ASH_COATED_OSMIUM;10067;22;10064;20;;;10073;10;10077;14;;;10070.0;0.0
av_WHEAT_d0;23800;INTARIAN_PEPPER_ROOT;11231;16;11227;18;;;11237;11;11240;12;;;11234.0;0.0
av_WHEAT_d0;23900;ASH_COATED_OSMIUM;10058;15;10054;28;;;10080;19;10083;18;;;10069.0;0.0
av_WHEAT_d0;23900;INTARIAN_PEPPER_ROOT;11228;13;11224;28;;;11238;14;11240;17;;;11233.0;0.0
av_WHEAT_d0;24000;ASH_COATED_OSMIUM;10065;14;10061;10;;;10073;11;10075;23;;;10069.0;0.0
av_WHEAT_d0;24000;INTARIAN_PEPPER_ROOT;11226;9;11222;19;;;11238;10;11241;17;;;11232.0;0.0
av_WHEAT_d0;24100;ASH_COATED_OSMIUM;10066;19;10063;23;;;10072;16;10076;16;;;10069.0;0.0
av_WHEAT_d0;24100;INTARIAN_PEPPER_ROOT;11228;19;11225;16;;;11234;23;11237;19;;;11231.0;0.0
av_WHEAT_d0;24200;ASH_COATED_OSMIUM;10059;11;10055;14;;;10080;19;10082;23;;;10069.5;0.0
av_WHEAT_d0;24200;INTARIAN_PEPPER_ROOT;11225;8;11222;21;;;11235;19;11239;14;;;11230.0;0.0
av_WHEAT_d0;24300;ASH_COATED_OSMIUM;10046;25;10044;8;;;10092;23;10095;21;;;10069.0;0.0
av_WHEAT_d0;24300;INTARIAN_PEPPER_ROOT;11226;14;11222;21;;;11232;12;11235;18;;;11229.0;0.0
av_WHEAT_d0;24400;ASH_COATED_OSMIUM;10066;14;10063;21;;;10072;14;10074;26;;;10069.0;0.0
av_WHEAT_d0;24400;INTARIAN_PEPPER_ROOT;11225;17;11221;25;;;11231;24;11235;19;;;11228.0;0.0
av_WHEAT_d0;24500;ASH_COATED_OSMIUM;10066;11;10063;23;;;10072;21;10076;23;;;10069.0;0.0
av_WHEAT_d0;24500;INTARIAN_PEPPER_ROOT;11222;14;11220;11;;;11232;15;11235;17;;;11227.0;0.0
av_WHEAT_d0;24600;ASH_COATED_OSMIUM;10066;12;10062;20;;;10072;13;10076;17;;;10069.0;0.0
av_WHEAT_d0;24600;INTARIAN_PEPPER_ROOT;11221;7;11219;18;;;11231;23;11233;16;;;11226.0;0.0
av_WHEAT_d0;24700;ASH_COATED_OSMIUM;10059;13;10055;19;;;10080;9;10082;22;;;10069.5;0.0
av_WHEAT_d0;24700;INTARIAN_PEPPER_ROOT;11211;15;11209;17;;;11238;20;11242;23;;;11224.5;0.0
av_WHEAT_d0;24800;ASH_COATED_OSMIUM;10061;12;10057;16;;;10076;17;10078;24;;;10068.5;0.0
av_WHEAT_d0;24800;INTARIAN_PEPPER_ROOT;11220;13;11216;17;;;11226;11;11230;25;;;11223.0;0.0
av_WHEAT_d0;24900;ASH_COATED_OSMIUM;10063;5;10060;24;;;10075;20;10077;19;;;10069.0;0.0
av_WHEAT_d0;24900;INTARIAN_PEPPER_ROOT;11219;16;11217;10;;;11225;15;11227;12;;;11222.0;0.0
av_WHEAT_d0;25000;ASH_COATED_OSMIUM;10066;12;10064;31;;;10072;15;10076;16;;;10069.0;0.0
av_WHEAT_d0;25000;INTARIAN_PEPPER_ROOT;11219;11;11216;10;;;11225;17;11227;25;;;11222.0;0.0
av_WHEAT_d0;25100;ASH_COATED_OSMIUM;10066;19;10063;11;;;10072;13;10074;27;;;10069.0;0.0
av_WHEAT_d0;25100;INTARIAN_PEPPER_ROOT;11216;7;11213;17;;;11225;17;11228;20;;;11220.5;0.0
av_WHEAT_d0;25200;ASH_COATED_OSMIUM;10061;9;10058;22;;;10075;17;10077;21;;;10068.0;0.0
av_WHEAT_d0;25200;INTARIAN_PEPPER_ROOT;11211;18;11207;16;;;11226;19;11230;22;;;11218.5;0.0
av_WHEAT_d0;25300;ASH_COATED_OSMIUM;10064;17;10062;19;;;10074;13;10078;24;;;10069.0;0.0
av_WHEAT_d0;25300;INTARIAN_PEPPER_ROOT;11215;18;11212;22;;;11221;25;11223;24;;;11218.0;0.0
av_WHEAT_d0;25400;ASH_COATED_OSMIUM;10065;15;10063;24;;;10071;12;10074;15;;;10068.0;0.0
av_WHEAT_d0;25400;INTARIAN_PEPPER_ROOT;11213;19;11210;17;;;11219;14;11223;24;;;11216.0;0.0
av_WHEAT_d0;25500;ASH_COATED_OSMIUM;10065;23;10062;30;;;10071;8;10075;27;;;10068.0;0.0
av_WHEAT_d0;25500;INTARIAN_PEPPER_ROOT;11212;12;11209;23;;;11218;19;11220;23;;;11215.0;0.0
av_WHEAT_d0;25600;ASH_COATED_OSMIUM;10065;12;10061;17;;;10071;15;10075;28;;;10068.0;0.0
av_WHEAT_d0;25600;INTARIAN_PEPPER_ROOT;11212;13;11210;19;;;11218;17;11220;20;;;11215.0;0.0
av_WHEAT_d0;25700;ASH_COATED_OSMIUM;10066;8;10064;21;;;10072;15;10076;23;;;10069.0;0.0
av_WHEAT_d0;25700;INTARIAN_PEPPER_ROOT;11204;11;11200;23;;;11224;13;11226;25;;;11214.0;0.0
av_WHEAT_d0;25800;ASH_COATED_OSMIUM;10065;21;10061;24;;;10071;15;10075;22;;;10068.0;0.0
av_WHEAT_d0;25800;INTARIAN_PEPPER_ROOT;11209;13;11205;20;;;11215;22;11218;14;;;11212.0;0.0
av_WHEAT_d0;25900;ASH_COATED_OSMIUM;10065;16;10061;12;;;10071;6;10073;17;;;10068.0;0.0
av_WHEAT_d0;25900;INTARIAN_PEPPER_ROOT;11206;12;11203;20;;;11218;14;11220;13;;;11212.0;0.0
av_WHEAT_d0;26000;ASH_COATED_OSMIUM;10065;18;10062;13;;;10071;7;10075;20;;;10068.0;0.0
av_WHEAT_d0;26000;INTARIAN_PEPPER_ROOT;11204;15;11201;27;;;11216;10;11220;23;;;11210.0;0.0
av_WHEAT_d0;26100;ASH_COATED_OSMIUM;10063;8;10061;20;;;10071;20;10073;24;;;10067.0;0.0
av_WHEAT_d0;26100;INTARIAN_PEPPER_ROOT;11206;15;11204;16;;;11212;16;11216;16;;;11209.0;0.0
av_WHEAT_d0;26200;ASH_COATED_OSMIUM;10065;16;10062;23;;;10071;11;10074;23;;;10068.0;0.0
av_WHEAT_d0;26200;INTARIAN_PEPPER_ROOT;11198;11;11194;13;;;11218;17;11222;22;;;11208.0;0.0
av_WHEAT_d0;26300;ASH_COATED_OSMIUM;10057;10;10055;27;;;10078;13;10082;8;;;10067.5;0.0
av_WHEAT_d0;26300;INTARIAN_PEPPER_ROOT;11203;16;11200;27;;;11210;19;11213;16;;;11206.5;0.0
av_WHEAT_d0;26400;ASH_COATED_OSMIUM;10064;8;10062;29;;;10071;12;10074;23;;;10067.5;0.0
av_WHEAT_d0;26400;INTARIAN_PEPPER_ROOT;11203;12;11199;17;;;11209;20;11212;28;;;11206.0;0.0
av_WHEAT_d0;26500;ASH_COATED_OSMIUM;10065;16;10061;17;;;10071;12;10075;21;;;10068.0;0.0
av_WHEAT_d0;26500;INTARIAN_PEPPER_ROOT;11199;14;11196;19;;;11209;18;11213;29;;;11204.0;0.0
av_WHEAT_d0;26600;ASH_COATED_OSMIUM;10065;17;10063;19;;;10071;16;10074;17;;;10068.0;0.0
av_WHEAT_d0;26600;INTARIAN_PEPPER_ROOT;11200;22;11197;14;;;11206;10;11209;13;;;11203.0;0.0
av_WHEAT_d0;26700;ASH_COATED_OSMIUM;10039;15;10035;18;;;10096;10;10098;21;;;10067.5;0.0
av_WHEAT_d0;26700;INTARIAN_PEPPER_ROOT;11200;10;11198;15;;;11206;11;11210;21;;;11203.0;0.0
av_WHEAT_d0;26800;ASH_COATED_OSMIUM;10065;5;10063;20;;;10071;15;10074;19;;;10068.0;0.0
av_WHEAT_d0;26800;INTARIAN_PEPPER_ROOT;11196;25;11192;11;;;11206;13;11210;23;;;11201.0;0.0
av_WHEAT_d0;26900;ASH_COATED_OSMIUM;10065;23;10061;27;;;10071;21;10073;10;;;10068.0;0.0
av_WHEAT_d0;26900;INTARIAN_PEPPER_ROOT;11195;18;11191;18;;;11207;7;11209;11;;;11201.0;0.0
av_WHEAT_d0;27000;ASH_COATED_OSMIUM;10064;20;10060;19;;;10070;15;10073;17;;;10067.0;0.0
av_WHEAT_d0;27000;INTARIAN_PEPPER_ROOT;11193;17;11191;15;;;11206;7;11210;20;;;11199.5;0.0
av_WHEAT_d0;27100;ASH_COATED_OSMIUM;10064;15;10062;19;;;10071;13;10073;8;;;10067.5;0.0
av_WHEAT_d0;27100;INTARIAN_PEPPER_ROOT;11196;12;11193;19;;;11202;11;11204;18;;;11199.0;0.0
av_WHEAT_d0;27200;ASH_COATED_OSMIUM;10056;18;10052;15;;;10079;8;10083;21;;;10067.5;0.0
av_WHEAT_d0;27200;INTARIAN_PEPPER_ROOT;11194;17;11190;17;;;11200;13;11204;24;;;11197.0;0.0
av_WHEAT_d0;27300;ASH_COATED_OSMIUM;10064;11;10060;11;;;10070;18;10074;19;;;10067.0;0.0
av_WHEAT_d0;27300;INTARIAN_PEPPER_ROOT;11194;19;11190;21;;;11200;23;11204;9;;;11197.0;0.0
av_WHEAT_d0;27400;ASH_COATED_OSMIUM;10064;23;10060;16;;;10070;15;10073;8;;;10067.0;0.0
av_WHEAT_d0;27400;INTARIAN_PEPPER_ROOT;11192;24;11188;19;;;11199;17;11201;19;;;11195.5;0.0
av_WHEAT_d0;27500;ASH_COATED_OSMIUM;10065;5;10061;16;;;10071;21;10074;33;;;10068.0;0.0
av_WHEAT_d0;27500;INTARIAN_PEPPER_ROOT;11190;10;11186;13;;;11198;10;11201;14;;;11194.0;0.0
av_WHEAT_d0;27600;ASH_COATED_OSMIUM;10060;7;10057;21;;;10076;28;10080;16;;;10068.0;0.0
av_WHEAT_d0;27600;INTARIAN_PEPPER_ROOT;11189;17;11186;18;;;11198;9;11202;20;;;11193.5;0.0
av_WHEAT_d0;27700;ASH_COATED_OSMIUM;10064;15;10062;22;;;10070;5;10074;15;;;10067.0;0.0
av_WHEAT_d0;27700;INTARIAN_PEPPER_ROOT;11187;9;11183;19;;;11197;18;11200;20;;;11192.0;0.0
av_WHEAT_d0;27800;ASH_COATED_OSMIUM;10064;10;10060;24;;;10070;10;10073;18;;;10067.0;0.0
av_WHEAT_d0;27800;INTARIAN_PEPPER_ROOT;11186;17;11182;22;;;11195;15;11199;26;;;11190.5;0.0
av_WHEAT_d0;27900;ASH_COATED_OSMIUM;10062;14;10058;15;;;10071;8;10074;14;;;10066.5;0.0
av_WHEAT_d0;27900;INTARIAN_PEPPER_ROOT;11187;13;11184;25;;;11193;14;11196;24;;;11190.0;0.0
av_WHEAT_d0;28000;ASH_COATED_OSMIUM;10060;23;10058;25;;;10074;7;10076;20;;;10067.0;0.0
av_WHEAT_d0;28000;INTARIAN_PEPPER_ROOT;11186;21;11184;18;;;11192;20;11194;16;;;11189.0;0.0
av_WHEAT_d0;28100;ASH_COATED_OSMIUM;10059;13;10056;14;;;10074;19;10076;25;;;10066.5;0.0
av_WHEAT_d0;28100;INTARIAN_PEPPER_ROOT;11180;6;11178;16;;;11195;8;11199;29;;;11187.5;0.0
av_WHEAT_d0;28200;ASH_COATED_OSMIUM;10059;16;10056;29;;;10075;21;10079;17;;;10067.0;0.0
av_WHEAT_d0;28200;INTARIAN_PEPPER_ROOT;11184;19;11181;16;;;11190;14;11192;18;;;11187.0;0.0
av_WHEAT_d0;28300;ASH_COATED_OSMIUM;10064;9;10060;15;;;10070;12;10072;22;;;10067.0;0.0
av_WHEAT_d0;28300;INTARIAN_PEPPER_ROOT;11183;14;11179;16;;;11189;15;11193;23;;;11186.0;0.0
av_WHEAT_d0;28400;ASH_COATED_OSMIUM;10063;5;10059;8;;;10069;17;10072;18;;;10066.0;0.0
av_WHEAT_d0;28400;INTARIAN_PEPPER_ROOT;11180;5;11178;23;;;11188;21;11192;25;;;11184.0;0.0
av_WHEAT_d0;28500;ASH_COATED_OSMIUM;10064;15;10060;23;;;10070;21;10073;21;;;10067.0;0.0
av_WHEAT_d0;28500;INTARIAN_PEPPER_ROOT;11181;15;11177;8;;;11187;14;11191;14;;;11184.0;0.0
av_WHEAT_d0;28600;ASH_COATED_OSMIUM;10061;10;10059;14;;;10073;19;10075;21;;;10067.0;0.0
av_WHEAT_d0;28600;INTARIAN_PEPPER_ROOT;11176;14;11172;29;;;11188;14;11192;10;;;11182.0;0.0
av_WHEAT_d0;28700;ASH_COATED_OSMIUM;10063;12;10059;15;;;10069;20;10072;20;;;10066.0;0.0
av_WHEAT_d0;28700;INTARIAN_PEPPER_ROOT;11172;20;11169;16;;;11189;15;11192;16;;;11180.5;0.0
av_WHEAT_d0;28800;ASH_COATED_OSMIUM;10052;15;10050;26;;;10081;21;10084;25;;;10066.5;0.0
av_WHEAT_d0;28800;INTARIAN_PEPPER_ROOT;11174;10;11171;16;;;11187;23;11191;20;;;11180.5;0.0
av_WHEAT_d0;28900;ASH_COATED_OSMIUM;10063;9;10059;32;;;10069;14;10073;20;;;10066.0;0.0
av_WHEAT_d0;28900;INTARIAN_PEPPER_ROOT;11176;15;11174;16;;;11182;21;11184;19;;;11179.0;0.0
av_WHEAT_d0;29000;ASH_COATED_OSMIUM;10055;11;10052;28;;;10079;19;10083;22;;;10067.0;0.0
av_WHEAT_d0;29000;INTARIAN_PEPPER_ROOT;11167;23;11163;19;;;11188;12;11190;23;;;11177.5;0.0
av_WHEAT_d0;29100;ASH_COATED_OSMIUM;10061;12;10057;12;;;10071;14;10074;22;;;10066.0;0.0
av_WHEAT_d0;29100;INTARIAN_PEPPER_ROOT;11174;10;11170;26;;;11180;17;11182;24;;;11177.0;0.0
av_WHEAT_d0;29200;ASH_COATED_OSMIUM;10063;7;10061;15;;;10069;11;10071;22;;;10066.0;0.0
av_WHEAT_d0;29200;INTARIAN_PEPPER_ROOT;11172;5;11170;21;;;11178;12;11180;22;;;11175.0;0.0
av_WHEAT_d0;29300;ASH_COATED_OSMIUM;10063;17;10059;20;;;10069;8;10071;16;;;10066.0;0.0
av_WHEAT_d0;29300;INTARIAN_PEPPER_ROOT;11171;5;11167;19;;;11177;17;11180;20;;;11174.0;0.0
av_WHEAT_d0;29400;ASH_COATED_OSMIUM;10056;9;10053;16;;;10078;9;10080;18;;;10067.0;0.0
av_WHEAT_d0;29400;INTARIAN_PEPPER_ROOT;11169;19;11166;21;;;11178;6;11181;17;;;11173.5;0.0
av_WHEAT_d0;29500;ASH_COATED_OSMIUM;10063;10;10061;20;;;10069;9;10072;19;;;10066.0;0.0
av_WHEAT_d0;29500;INTARIAN_PEPPER_ROOT;11170;11;11167;22;;;11176;25;11178;22;;;11173.0;0.0
av_WHEAT_d0;29600;ASH_COATED_OSMIUM;10063;14;10059;23;;;10069;15;10072;11;;;10066.0;0.0
av_WHEAT_d0;29600;INTARIAN_PEPPER_ROOT;11168;15;11166;26;;;11175;20;11177;25;;;11171.5;0.0
av_WHEAT_d0;29700;ASH_COATED_OSMIUM;10063;11;10060;20;;;10069;13;10071;17;;;10066.0;0.0
av_WHEAT_d0;29700;INTARIAN_PEPPER_ROOT;11167;15;11164;26;;;11173;15;11175;25;;;11170.0;0.0
av_WHEAT_d0;29800;ASH_COATED_OSMIUM;10063;12;10059;17;;;10069;21;10072;27;;;10066.0;0.0
av_WHEAT_d0;29800;INTARIAN_PEPPER_ROOT;11166;18;11162;26;;;11172;13;11175;18;;;11169.0;0.0
av_WHEAT_d0;29900;ASH_COATED_OSMIUM;10062;9;10059;23;;;10068;13;10070;22;;;10065.0;0.0
av_WHEAT_d0;29900;INTARIAN_PEPPER_ROOT;11164;7;11160;19;;;11172;23;11176;19;;;11168.0;0.0
av_WHEAT_d0;30000;ASH_COATED_OSMIUM;10063;12;10059;23;;;10069;17;10071;20;;;10066.0;0.0
av_WHEAT_d0;30000;INTARIAN_PEPPER_ROOT;11164;23;11162;22;;;11170;15;11174;16;;;11167.0;0.0
av_WHEAT_d0;30100;ASH_COATED_OSMIUM;10062;5;10059;26;;;10070;8;10074;12;;;10066.0;0.0
av_WHEAT_d0;30100;INTARIAN_PEPPER_ROOT;11163;21;11160;24;;;11169;6;11173;14;;;11166.0;0.0
av_WHEAT_d0;30200;ASH_COATED_OSMIUM;10063;18;10060;17;;;10069;14;10073;13;;;10066.0;0.0
av_WHEAT_d0;30200;INTARIAN_PEPPER_ROOT;11160;11;11158;26;;;11169;9;11173;16;;;11164.5;0.0
av_WHEAT_d0;30300;ASH_COATED_OSMIUM;10060;12;10057;18;;;10072;5;10075;29;;;10066.0;0.0
av_WHEAT_d0;30300;INTARIAN_PEPPER_ROOT;11161;13;11158;12;;;11167;15;11171;20;;;11164.0;0.0
av_WHEAT_d0;30400;ASH_COATED_OSMIUM;10059;9;10056;14;;;10072;8;10074;24;;;10065.5;0.0
av_WHEAT_d0;30400;INTARIAN_PEPPER_ROOT;11158;12;11154;16;;;11167;14;11169;13;;;11162.5;0.0
av_WHEAT_d0;30500;ASH_COATED_OSMIUM;10061;8;10057;25;;;10070;5;10074;16;;;10065.5;0.0
av_WHEAT_d0;30500;INTARIAN_PEPPER_ROOT;11159;12;11155;14;;;11165;16;11167;18;;;11162.0;0.0
av_WHEAT_d0;30600;ASH_COATED_OSMIUM;10063;8;10060;19;;;10069;17;10073;12;;;10066.0;0.0
av_WHEAT_d0;30600;INTARIAN_PEPPER_ROOT;11155;8;11152;16;;;11166;9;11168;23;;;11160.5;0.0
av_WHEAT_d0;30700;ASH_COATED_OSMIUM;10059;15;10055;23;;;10072;8;10076;20;;;10065.5;0.0
av_WHEAT_d0;30700;INTARIAN_PEPPER_ROOT;11157;20;11155;12;;;11163;9;11166;21;;;11160.0;0.0
av_WHEAT_d0;30800;ASH_COATED_OSMIUM;10063;17;10061;25;;;10069;9;10071;14;;;10066.0;0.0
av_WHEAT_d0;30800;INTARIAN_PEPPER_ROOT;11155;18;11152;20;;;11161;17;11163;26;;;11158.0;0.0
av_WHEAT_d0;30900;ASH_COATED_OSMIUM;10062;19;10059;25;;;10068;22;10070;20;;;10065.0;0.0
av_WHEAT_d0;30900;INTARIAN_PEPPER_ROOT;11154;13;11151;17;;;11160;22;11164;17;;;11157.0;0.0
av_WHEAT_d0;31000;ASH_COATED_OSMIUM;10062;23;10060;24;;;10068;12;10071;24;;;10065.0;0.0
av_WHEAT_d0;31000;INTARIAN_PEPPER_ROOT;11152;14;11149;21;;;11160;14;11163;14;;;11156.0;0.0
av_WHEAT_d0;31100;ASH_COATED_OSMIUM;10056;22;10052;22;;;10074;17;10076;24;;;10065.0;0.0
av_WHEAT_d0;31100;INTARIAN_PEPPER_ROOT;11152;19;11150;19;;;11158;8;11162;26;;;11155.0;0.0
av_WHEAT_d0;31200;ASH_COATED_OSMIUM;10062;25;10058;19;;;10070;21;10073;9;;;10066.0;0.0
av_WHEAT_d0;31200;INTARIAN_PEPPER_ROOT;11146;9;11142;14;;;11163;14;11166;21;;;11154.5;0.0
av_WHEAT_d0;31300;ASH_COATED_OSMIUM;10063;20;10060;19;;;10069;8;10071;17;;;10066.0;0.0
av_WHEAT_d0;31300;INTARIAN_PEPPER_ROOT;11149;6;11145;22;;;11155;5;11159;15;;;11152.0;0.0
av_WHEAT_d0;31400;ASH_COATED_OSMIUM;10061;12;10059;28;;;10069;17;10073;24;;;10065.0;0.0
av_WHEAT_d0;31400;INTARIAN_PEPPER_ROOT;11145;14;11143;10;;;11160;22;11162;18;;;11152.5;0.0
av_WHEAT_d0;31500;ASH_COATED_OSMIUM;10062;11;10059;29;;;10068;19;10071;10;;;10065.0;0.0
av_WHEAT_d0;31500;INTARIAN_PEPPER_ROOT;11147;11;11143;9;;;11153;10;11155;11;;;11150.0;0.0
av_WHEAT_d0;31600;ASH_COATED_OSMIUM;10052;13;10050;17;;;10078;13;10082;23;;;10065.0;0.0
av_WHEAT_d0;31600;INTARIAN_PEPPER_ROOT;11146;19;11143;18;;;11154;20;11157;17;;;11150.0;0.0
av_WHEAT_d0;31700;ASH_COATED_OSMIUM;10063;13;10059;17;;;10069;13;10072;16;;;10066.0;0.0
av_WHEAT_d0;31700;INTARIAN_PEPPER_ROOT;11145;13;11141;23;;;11152;11;11154;17;;;11148.5;0.0
av_WHEAT_d0;31800;ASH_COATED_OSMIUM;10061;17;10057;13;;;10067;21;10070;28;;;10064.0;0.0
av_WHEAT_d0;31800;INTARIAN_PEPPER_ROOT;11144;18;11141;19;;;11150;13;11154;24;;;11147.0;0.0
av_WHEAT_d0;31900;ASH_COATED_OSMIUM;10058;12;10054;21;;;10072;18;10075;13;;;10065.0;0.0
av_WHEAT_d0;31900;INTARIAN_PEPPER_ROOT;11143;12;11139;20;;;11149;12;11153;30;;;11146.0;0.0
av_WHEAT_d0;32000;ASH_COATED_OSMIUM;10062;21;10060;19;;;10068;17;10072;33;;;10065.0;0.0
av_WHEAT_d0;32000;INTARIAN_PEPPER_ROOT;11138;17;11134;15;;;11151;16;11155;15;;;11144.5;0.0
av_WHEAT_d0;32100;ASH_COATED_OSMIUM;10062;18;10059;25;;;10068;17;10070;18;;;10065.0;0.0
av_WHEAT_d0;32100;INTARIAN_PEPPER_ROOT;11141;18;11139;21;;;11147;19;11150;19;;;11144.0;0.0
av_WHEAT_d0;32200;ASH_COATED_OSMIUM;10059;18;10057;21;;;10069;18;10072;20;;;10064.0;0.0
av_WHEAT_d0;32200;INTARIAN_PEPPER_ROOT;11140;17;11137;23;;;11146;11;11149;15;;;11143.0;0.0
av_WHEAT_d0;32300;ASH_COATED_OSMIUM;10061;5;10059;20;;;10068;8;10072;19;;;10064.5;0.0
av_WHEAT_d0;32300;INTARIAN_PEPPER_ROOT;11139;12;11135;18;;;11145;11;11149;24;;;11142.0;0.0
av_WHEAT_d0;32400;ASH_COATED_OSMIUM;10061;16;10057;21;;;10067;6;10069;12;;;10064.0;0.0
av_WHEAT_d0;32400;INTARIAN_PEPPER_ROOT;11135;25;11132;16;;;11145;11;11147;23;;;11140.0;0.0
av_WHEAT_d0;32500;ASH_COATED_OSMIUM;10061;21;10059;19;;;10067;11;10069;17;;;10064.0;0.0
av_WHEAT_d0;32500;INTARIAN_PEPPER_ROOT;11137;20;11135;23;;;11143;9;11145;22;;;11140.0;0.0
av_WHEAT_d0;32600;ASH_COATED_OSMIUM;10060;14;10056;8;;;10068;16;10071;14;;;10064.0;0.0
av_WHEAT_d0;32600;INTARIAN_PEPPER_ROOT;11130;13;11128;22;;;11148;13;11152;25;;;11139.0;0.0
av_WHEAT_d0;32700;ASH_COATED_OSMIUM;10062;15;10058;22;;;10068;19;10071;27;;;10065.0;0.0
av_WHEAT_d0;32700;INTARIAN_PEPPER_ROOT;11122;16;11120;16;;;11153;11;11156;22;;;11137.5;0.0
av_WHEAT_d0;32800;ASH_COATED_OSMIUM;10061;15;10059;23;;;10067;19;10069;22;;;10064.0;0.0
av_WHEAT_d0;32800;INTARIAN_PEPPER_ROOT;11133;5;11131;22;;;11140;11;11143;17;;;11136.5;0.0
av_WHEAT_d0;32900;ASH_COATED_OSMIUM;10061;18;10057;28;;;10067;22;10071;26;;;10064.0;0.0
av_WHEAT_d0;32900;INTARIAN_PEPPER_ROOT;11132;11;11129;11;;;11139;14;11143;14;;;11135.5;0.0
av_WHEAT_d0;33000;ASH_COATED_OSMIUM;10058;10;10054;10;;;10070;6;10074;25;;;10064.0;0.0
av_WHEAT_d0;33000;INTARIAN_PEPPER_ROOT;11131;13;11129;25;;;11137;12;11140;23;;;11134.0;0.0
av_WHEAT_d0;33100;ASH_COATED_OSMIUM;10059;12;10055;19;;;10071;6;10074;24;;;10065.0;0.0
av_WHEAT_d0;33100;INTARIAN_PEPPER_ROOT;11125;19;11121;27;;;11142;27;11144;12;;;11133.5;0.0
av_WHEAT_d0;33200;ASH_COATED_OSMIUM;10061;15;10058;11;;;10067;5;10071;23;;;10064.0;0.0
av_WHEAT_d0;33200;INTARIAN_PEPPER_ROOT;11128;10;11126;19;;;11136;19;11139;21;;;11132.0;0.0
av_WHEAT_d0;33300;ASH_COATED_OSMIUM;10059;16;10055;27;;;10069;22;10071;24;;;10064.0;0.0
av_WHEAT_d0;33300;INTARIAN_PEPPER_ROOT;11120;12;11118;18;;;11142;13;11146;18;;;11131.0;0.0
av_WHEAT_d0;33400;ASH_COATED_OSMIUM;10061;11;10057;14;;;10067;14;10069;12;;;10064.0;0.0
av_WHEAT_d0;33400;INTARIAN_PEPPER_ROOT;11126;18;11123;29;;;11134;23;11136;14;;;11130.0;0.0
av_WHEAT_d0;33500;ASH_COATED_OSMIUM;10055;15;10051;9;;;10074;20;10078;17;;;10064.5;0.0
av_WHEAT_d0;33500;INTARIAN_PEPPER_ROOT;11126;13;11122;14;;;11132;17;11135;21;;;11129.0;0.0
av_WHEAT_d0;33600;ASH_COATED_OSMIUM;10060;22;10058;13;;;10066;5;10070;20;;;10063.0;0.0
av_WHEAT_d0;33600;INTARIAN_PEPPER_ROOT;11125;18;11122;26;;;11131;18;11134;8;;;11128.0;0.0
av_WHEAT_d0;33700;ASH_COATED_OSMIUM;10060;21;10057;22;;;10067;7;10070;20;;;10063.5;0.0
av_WHEAT_d0;33700;INTARIAN_PEPPER_ROOT;11124;22;11122;23;;;11130;21;11132;19;;;11127.0;0.0
av_WHEAT_d0;33800;ASH_COATED_OSMIUM;10061;29;10057;18;;;10067;15;10069;20;;;10064.0;0.0
av_WHEAT_d0;33800;INTARIAN_PEPPER_ROOT;11122;18;11118;16;;;11128;13;11130;28;;;11125.0;0.0
av_WHEAT_d0;33900;ASH_COATED_OSMIUM;10059;8;10057;12;;;10069;24;10073;29;;;10064.0;0.0
av_WHEAT_d0;33900;INTARIAN_PEPPER_ROOT;11121;19;11119;21;;;11127;20;11129;21;;;11124.0;0.0
av_WHEAT_d0;34000;ASH_COATED_OSMIUM;10061;8;10057;12;;;10067;18;10070;15;;;10064.0;0.0
av_WHEAT_d0;34000;INTARIAN_PEPPER_ROOT;11120;15;11118;23;;;11126;24;11128;26;;;11123.0;0.0
av_WHEAT_d0;34100;ASH_COATED_OSMIUM;10059;9;10055;23;;;10068;12;10070;23;;;10063.5;0.0
av_WHEAT_d0;34100;INTARIAN_PEPPER_ROOT;11119;19;11116;19;;;11125;16;11129;14;;;11122.0;0.0
av_WHEAT_d0;34200;ASH_COATED_OSMIUM;10061;13;10058;21;;;10067;5;10071;18;;;10064.0;0.0
av_WHEAT_d0;34200;INTARIAN_PEPPER_ROOT;11109;16;11107;21;;;11132;21;11134;25;;;11120.5;0.0
av_WHEAT_d0;34300;ASH_COATED_OSMIUM;10061;24;10058;22;;;10067;18;10070;17;;;10064.0;0.0
av_WHEAT_d0;34300;INTARIAN_PEPPER_ROOT;11110;10;11108;20;;;11127;14;11130;22;;;11118.5;0.0
av_WHEAT_d0;34400;ASH_COATED_OSMIUM;10061;7;10059;20;;;10067;15;10071;22;;;10064.0;0.0
av_WHEAT_d0;34400;INTARIAN_PEPPER_ROOT;11115;17;11111;12;;;11121;5;11123;19;;;11118.0;0.0
av_WHEAT_d0;34500;ASH_COATED_OSMIUM;10061;10;10058;20;;;10067;21;10069;16;;;10064.0;0.0
av_WHEAT_d0;34500;INTARIAN_PEPPER_ROOT;11102;17;11099;28;;;11130;16;11134;14;;;11116.0;0.0
av_WHEAT_d0;34600;ASH_COATED_OSMIUM;10061;11;10057;15;;;10067;10;10071;25;;;10064.0;0.0
av_WHEAT_d0;34600;INTARIAN_PEPPER_ROOT;11113;20;11110;17;;;11119;16;11122;14;;;11116.0;0.0
av_WHEAT_d0;34700;ASH_COATED_OSMIUM;10059;19;10055;23;;;10071;15;10075;30;;;10065.0;0.0
av_WHEAT_d0;34700;INTARIAN_PEPPER_ROOT;11111;26;11107;15;;;11117;16;11120;20;;;11114.0;0.0
av_WHEAT_d0;34800;ASH_COATED_OSMIUM;10061;14;10058;17;;;10067;21;10071;22;;;10064.0;0.0
av_WHEAT_d0;34800;INTARIAN_PEPPER_ROOT;11110;7;11107;13;;;11116;9;11120;18;;;11113.0;0.0
av_WHEAT_d0;34900;ASH_COATED_OSMIUM;10061;11;10059;19;;;10067;10;10069;26;;;10064.0;0.0
av_WHEAT_d0;34900;INTARIAN_PEPPER_ROOT;11105;18;11102;15;;;11117;11;11121;15;;;11111.0;0.0
av_WHEAT_d0;35000;ASH_COATED_OSMIUM;10060;13;10058;25;;;10068;21;10072;13;;;10064.0;0.0
av_WHEAT_d0;35000;INTARIAN_PEPPER_ROOT;11107;23;11104;21;;;11113;13;11117;25;;;11110.0;0.0
av_WHEAT_d0;35100;ASH_COATED_OSMIUM;10061;18;10058;24;;;10067;12;10070;18;;;10064.0;0.0
av_WHEAT_d0;35100;INTARIAN_PEPPER_ROOT;11104;15;11100;8;;;11113;13;11115;22;;;11108.5;0.0
av_WHEAT_d0;35200;ASH_COATED_OSMIUM;10060;11;10056;15;;;10070;9;10072;19;;;10065.0;0.0
av_WHEAT_d0;35200;INTARIAN_PEPPER_ROOT;11105;19;11102;21;;;11111;7;11115;13;;;11108.0;0.0
av_WHEAT_d0;35300;ASH_COATED_OSMIUM;10061;5;10058;20;;;10067;15;10069;30;;;10064.0;0.0
av_WHEAT_d0;35300;INTARIAN_PEPPER_ROOT;11103;22;11101;21;;;11109;20;11112;14;;;11106.0;0.0
av_WHEAT_d0;35400;ASH_COATED_OSMIUM;10061;15;10057;21;;;10067;21;10069;16;;;10064.0;0.0
av_WHEAT_d0;35400;INTARIAN_PEPPER_ROOT;11101;13;11098;29;;;11107;10;11111;23;;;11104.0;0.0
av_WHEAT_d0;35500;ASH_COATED_OSMIUM;10062;7;10059;25;;;10068;6;10071;23;;;10065.0;0.0
av_WHEAT_d0;35500;INTARIAN_PEPPER_ROOT;11100;19;11097;18;;;11108;21;11111;28;;;11104.0;0.0
av_WHEAT_d0;35600;ASH_COATED_OSMIUM;10062;9;10059;16;;;10068;5;10072;21;;;10065.0;0.0
av_WHEAT_d0;35600;INTARIAN_PEPPER_ROOT;11099;14;11097;16;;;11105;26;11107;25;;;11102.0;0.0
av_WHEAT_d0;35700;ASH_COATED_OSMIUM;10060;18;10057;19;;;10069;22;10071;24;;;10064.5;0.0
av_WHEAT_d0;35700;INTARIAN_PEPPER_ROOT;11098;13;11096;20;;;11105;9;11108;14;;;11101.5;0.0
av_WHEAT_d0;35800;ASH_COATED_OSMIUM;10060;14;10056;20;;;10069;12;10071;17;;;10064.5;0.0
av_WHEAT_d0;35800;INTARIAN_PEPPER_ROOT;11096;14;11094;22;;;11103;16;11106;31;;;11099.5;0.0
av_WHEAT_d0;35900;ASH_COATED_OSMIUM;10054;16;10051;16;;;10075;19;10079;19;;;10064.5;0.0
av_WHEAT_d0;35900;INTARIAN_PEPPER_ROOT;11095;14;11093;19;;;11101;14;11103;25;;;11098.0;0.0
av_WHEAT_d0;36000;ASH_COATED_OSMIUM;10056;21;10052;18;;;10072;11;10074;11;;;10064.0;0.0
av_WHEAT_d0;36000;INTARIAN_PEPPER_ROOT;11094;15;11091;12;;;11100;13;11102;12;;;11097.0;0.0
av_WHEAT_d0;36100;ASH_COATED_OSMIUM;10050;16;10046;16;;;10079;14;10081;16;;;10064.5;0.0
av_WHEAT_d0;36100;INTARIAN_PEPPER_ROOT;11089;14;11085;32;;;11102;14;11105;24;;;11095.5;0.0
av_WHEAT_d0;36200;ASH_COATED_OSMIUM;10062;9;10059;18;;;10068;15;10072;21;;;10065.0;0.0
av_WHEAT_d0;36200;INTARIAN_PEPPER_ROOT;11091;11;11087;20;;;11097;16;11099;22;;;11094.0;0.0
av_WHEAT_d0;36300;ASH_COATED_OSMIUM;10062;22;10060;18;;;10068;27;10071;19;;;10065.0;0.0
av_WHEAT_d0;36300;INTARIAN_PEPPER_ROOT;11090;17;11087;15;;;11096;11;11098;15;;;11093.0;0.0
av_WHEAT_d0;36400;ASH_COATED_OSMIUM;10059;20;10056;18;;;10070;16;10073;22;;;10064.5;0.0
av_WHEAT_d0;36400;INTARIAN_PEPPER_ROOT;11086;17;11084;15;;;11096;8;11098;9;;;11091.0;0.0
av_WHEAT_d0;36500;ASH_COATED_OSMIUM;10060;20;10056;23;;;10069;19;10071;15;;;10064.5;0.0
av_WHEAT_d0;36500;INTARIAN_PEPPER_ROOT;11084;5;11081;30;;;11096;12;11099;17;;;11090.0;0.0
av_WHEAT_d0;36600;ASH_COATED_OSMIUM;10062;11;10060;20;;;10068;17;10070;14;;;10065.0;0.0
av_WHEAT_d0;36600;INTARIAN_PEPPER_ROOT;11083;17;11079;14;;;11096;20;11099;17;;;11089.5;0.0
av_WHEAT_d0;36700;ASH_COATED_OSMIUM;10062;17;10060;17;;;10068;9;10070;10;;;10065.0;0.0
av_WHEAT_d0;36700;INTARIAN_PEPPER_ROOT;11085;23;11081;17;;;11091;8;11095;28;;;11088.0;0.0
av_WHEAT_d0;36800;ASH_COATED_OSMIUM;10062;16;10058;8;;;10068;9;10071;27;;;10065.0;0.0
av_WHEAT_d0;36800;INTARIAN_PEPPER_ROOT;11081;11;11077;20;;;11090;11;11092;23;;;11085.5;0.0
av_WHEAT_d0;36900;ASH_COATED_OSMIUM;10062;21;10059;11;;;10068;9;10070;19;;;10065.0;0.0
av_WHEAT_d0;36900;INTARIAN_PEPPER_ROOT;11082;20;11079;22;;;11088;12;11092;30;;;11085.0;0.0
av_WHEAT_d0;37000;ASH_COATED_OSMIUM;10057;10;10054;29;;;10073;19;10077;14;;;10065.0;0.0
av_WHEAT_d0;37000;INTARIAN_PEPPER_ROOT;11076;22;11074;21;;;11091;18;11093;22;;;11083.5;0.0
av_WHEAT_d0;37100;ASH_COATED_OSMIUM;10062;10;10058;17;;;10068;9;10072;17;;;10065.0;0.0
av_WHEAT_d0;37100;INTARIAN_PEPPER_ROOT;11079;14;11077;23;;;11085;16;11088;23;;;11082.0;0.0
av_WHEAT_d0;37200;ASH_COATED_OSMIUM;10062;17;10060;26;;;10068;13;10070;17;;;10065.0;0.0
av_WHEAT_d0;37200;INTARIAN_PEPPER_ROOT;11078;8;11076;12;;;11084;18;11088;16;;;11081.0;0.0
av_WHEAT_d0;37300;ASH_COATED_OSMIUM;10062;20;10058;19;;;10068;17;10070;12;;;10065.0;0.0
av_WHEAT_d0;37300;INTARIAN_PEPPER_ROOT;11077;17;11075;20;;;11083;17;11086;20;;;11080.0;0.0
av_WHEAT_d0;37400;ASH_COATED_OSMIUM;10051;18;10047;15;;;10079;21;10082;13;;;10065.0;0.0
av_WHEAT_d0;37400;INTARIAN_PEPPER_ROOT;11072;9;11070;31;;;11084;11;11087;13;;;11078.0;0.0
av_WHEAT_d0;37500;ASH_COATED_OSMIUM;10061;21;10057;24;;;10069;21;10073;29;;;10065.0;0.0
av_WHEAT_d0;37500;INTARIAN_PEPPER_ROOT;11074;8;11070;16;;;11080;18;11082;23;;;11077.0;0.0
av_WHEAT_d0;37600;ASH_COATED_OSMIUM;10062;6;10058;13;;;10068;18;10072;16;;;10065.0;0.0
av_WHEAT_d0;37600;INTARIAN_PEPPER_ROOT;11073;20;11070;20;;;11079;11;11082;30;;;11076.0;0.0
av_WHEAT_d0;37700;ASH_COATED_OSMIUM;10062;12;10058;24;;;10068;6;10071;21;;;10065.0;0.0
av_WHEAT_d0;37700;INTARIAN_PEPPER_ROOT;11071;15;11069;23;;;11077;10;11080;24;;;11074.0;0.0
av_WHEAT_d0;37800;ASH_COATED_OSMIUM;10058;19;10055;16;;;10073;17;10075;19;;;10065.5;0.0
av_WHEAT_d0;37800;INTARIAN_PEPPER_ROOT;11062;13;11060;19;;;11083;11;11086;13;;;11072.5;0.0
av_WHEAT_d0;37900;ASH_COATED_OSMIUM;10052;19;10049;17;;;10078;13;10082;22;;;10065.0;0.0
av_WHEAT_d0;37900;INTARIAN_PEPPER_ROOT;11069;5;11067;20;;;11075;20;11077;16;;;11072.0;0.0
av_WHEAT_d0;38000;ASH_COATED_OSMIUM;10060;26;10058;19;;;10070;13;10072;29;;;10065.0;0.0
av_WHEAT_d0;38000;INTARIAN_PEPPER_ROOT;11068;13;11066;11;;;11074;5;11076;28;;;11071.0;0.0
av_WHEAT_d0;38100;ASH_COATED_OSMIUM;10059;21;10056;21;;;10071;16;10073;16;;;10065.0;0.0
av_WHEAT_d0;38100;INTARIAN_PEPPER_ROOT;11065;12;11063;17;;;11073;21;11075;18;;;11069.0;0.0
av_WHEAT_d0;38200;ASH_COATED_OSMIUM;10063;20;10060;19;;;10069;15;10073;26;;;10066.0;0.0
av_WHEAT_d0;38200;INTARIAN_PEPPER_ROOT;11058;12;11056;20;;;11078;17;11081;16;;;11068.0;0.0
av_WHEAT_d0;38300;ASH_COATED_OSMIUM;10063;15;10060;19;;;10069;7;10071;27;;;10066.0;0.0
av_WHEAT_d0;38300;INTARIAN_PEPPER_ROOT;11064;12;11060;26;;;11070;6;11073;12;;;11067.0;0.0
av_WHEAT_d0;38400;ASH_COATED_OSMIUM;10062;19;10058;23;;;10068;20;10071;18;;;10065.0;0.0
av_WHEAT_d0;38400;INTARIAN_PEPPER_ROOT;11062;15;11059;29;;;11068;11;11070;29;;;11065.0;0.0
av_WHEAT_d0;38500;ASH_COATED_OSMIUM;10062;12;10059;16;;;10068;11;10070;16;;;10065.0;0.0
av_WHEAT_d0;38500;INTARIAN_PEPPER_ROOT;11061;8;11058;27;;;11067;7;11071;19;;;11064.0;0.0
av_WHEAT_d0;38600;ASH_COATED_OSMIUM;10062;18;10060;10;;;10068;9;10072;18;;;10065.0;0.0
av_WHEAT_d0;38600;INTARIAN_PEPPER_ROOT;11056;16;11053;14;;;11070;19;11074;19;;;11063.0;0.0
av_WHEAT_d0;38700;ASH_COATED_OSMIUM;10061;8;10057;14;;;10069;10;10071;13;;;10065.0;0.0
av_WHEAT_d0;38700;INTARIAN_PEPPER_ROOT;11048;22;11046;15;;;11074;15;11078;14;;;11061.0;0.0
av_WHEAT_d0;38800;ASH_COATED_OSMIUM;10061;8;10057;21;;;10070;10;10073;19;;;10065.5;0.0
av_WHEAT_d0;38800;INTARIAN_PEPPER_ROOT;11057;13;11053;17;;;11063;5;11066;18;;;11060.0;0.0
av_WHEAT_d0;38900;ASH_COATED_OSMIUM;10063;5;10059;20;;;10069;10;10071;17;;;10066.0;0.0
av_WHEAT_d0;38900;INTARIAN_PEPPER_ROOT;11055;19;11051;23;;;11061;6;11065;13;;;11058.0;0.0
av_WHEAT_d0;39000;ASH_COATED_OSMIUM;10059;20;10055;27;;;10073;15;10076;19;;;10066.0;0.0
av_WHEAT_d0;39000;INTARIAN_PEPPER_ROOT;11054;15;11050;20;;;11060;13;11062;23;;;11057.0;0.0
av_WHEAT_d0;39100;ASH_COATED_OSMIUM;10060;13;10057;14;;;10070;11;10072;25;;;10065.0;0.0
av_WHEAT_d0;39100;INTARIAN_PEPPER_ROOT;11053;17;11049;14;;;11059;14;11062;26;;;11056.0;0.0
av_WHEAT_d0;39200;ASH_COATED_OSMIUM;10063;16;10060;24;;;10069;11;10073;14;;;10066.0;0.0
av_WHEAT_d0;39200;INTARIAN_PEPPER_ROOT;11051;6;11047;25;;;11057;10;11059;21;;;11054.0;0.0
av_WHEAT_d0;39300;ASH_COATED_OSMIUM;10063;20;10060;16;;;10069;14;10073;24;;;10066.0;0.0
av_WHEAT_d0;39300;INTARIAN_PEPPER_ROOT;11049;11;11045;22;;;11058;6;11062;18;;;11053.5;0.0
av_WHEAT_d0;39400;ASH_COATED_OSMIUM;10063;18;10060;28;;;10069;16;10071;14;;;10066.0;0.0
av_WHEAT_d0;39400;INTARIAN_PEPPER_ROOT;11044;18;11042;12;;;11061;18;11064;19;;;11052.5;0.0
av_WHEAT_d0;39500;ASH_COATED_OSMIUM;10054;19;10052;10;;;10078;17;10082;22;;;10066.0;0.0
av_WHEAT_d0;39500;INTARIAN_PEPPER_ROOT;11047;6;11044;23;;;11054;18;11057;19;;;11050.5;0.0
av_WHEAT_d0;39600;ASH_COATED_OSMIUM;10063;19;10061;22;;;10069;11;10073;14;;;10066.0;0.0
av_WHEAT_d0;39600;INTARIAN_PEPPER_ROOT;11043;12;11041;17;;;11056;6;11059;15;;;11049.5;0.0
av_WHEAT_d0;39700;ASH_COATED_OSMIUM;10063;20;10060;24;;;10069;5;10072;15;;;10066.0;0.0
av_WHEAT_d0;39700;INTARIAN_PEPPER_ROOT;11030;16;11027;22;;;11065;10;11069;17;;;11047.5;0.0
av_WHEAT_d0;39800;ASH_COATED_OSMIUM;10057;20;10055;17;;;10074;14;10078;18;;;10065.5;0.0
av_WHEAT_d0;39800;INTARIAN_PEPPER_ROOT;11043;19;11039;23;;;11050;14;11054;24;;;11046.5;0.0
av_WHEAT_d0;39900;ASH_COATED_OSMIUM;10050;10;10047;23;;;10082;17;10085;23;;;10066.0;0.0
av_WHEAT_d0;39900;INTARIAN_PEPPER_ROOT;11042;12;11038;14;;;11048;15;11052;24;;;11045.0;0.0
av_WHEAT_d0;40000;ASH_COATED_OSMIUM;10063;13;10060;15;;;10069;12;10073;21;;;10066.0;0.0
av_WHEAT_d0;40000;INTARIAN_PEPPER_ROOT;11041;16;11039;23;;;11047;18;11051;22;;;11044.0;0.0
av_WHEAT_d0;40100;ASH_COATED_OSMIUM;10063;11;10059;24;;;10069;19;10071;21;;;10066.0;0.0
av_WHEAT_d0;40100;INTARIAN_PEPPER_ROOT;11039;14;11036;15;;;11045;24;11047;20;;;11042.0;0.0
av_WHEAT_d0;40200;ASH_COATED_OSMIUM;10064;5;10061;22;;;10070;19;10073;15;;;10067.0;0.0
av_WHEAT_d0;40200;INTARIAN_PEPPER_ROOT;11039;14;11035;22;;;11045;17;11047;30;;;11042.0;0.0
av_WHEAT_d0;40300;ASH_COATED_OSMIUM;10062;10;10058;8;;;10070;11;10072;18;;;10066.0;0.0
av_WHEAT_d0;40300;INTARIAN_PEPPER_ROOT;11037;9;11034;12;;;11043;20;11045;16;;;11040.0;0.0
av_WHEAT_d0;40400;ASH_COATED_OSMIUM;10062;24;10058;20;;;10068;5;10072;19;;;10065.0;0.0
av_WHEAT_d0;40400;INTARIAN_PEPPER_ROOT;11036;9;11033;11;;;11042;10;11046;15;;;11039.0;0.0
av_WHEAT_d0;40500;ASH_COATED_OSMIUM;10063;13;10060;16;;;10069;22;10072;26;;;10066.0;0.0
av_WHEAT_d0;40500;INTARIAN_PEPPER_ROOT;11034;14;11030;14;;;11040;26;11043;20;;;11037.0;0.0
av_WHEAT_d0;40600;ASH_COATED_OSMIUM;10060;19;10057;21;;;10073;17;10075;26;;;10066.5;0.0
av_WHEAT_d0;40600;INTARIAN_PEPPER_ROOT;11033;12;11030;22;;;11039;16;11041;25;;;11036.0;0.0
av_WHEAT_d0;40700;ASH_COATED_OSMIUM;10063;19;10059;21;;;10069;16;10073;9;;;10066.0;0.0
av_WHEAT_d0;40700;INTARIAN_PEPPER_ROOT;11032;11;11028;13;;;11039;13;11042;19;;;11035.5;0.0
av_WHEAT_d0;40800;ASH_COATED_OSMIUM;10064;16;10062;21;;;10070;5;10074;14;;;10067.0;0.0
av_WHEAT_d0;40800;INTARIAN_PEPPER_ROOT;11027;21;11023;20;;;11041;8;11045;19;;;11034.0;0.0
av_WHEAT_d0;40900;ASH_COATED_OSMIUM;10054;18;10051;22;;;10079;13;10083;29;;;10066.5;0.0
av_WHEAT_d0;40900;INTARIAN_PEPPER_ROOT;11025;12;11021;8;;;11039;16;11041;18;;;11032.0;0.0
av_WHEAT_d0;41000;ASH_COATED_OSMIUM;10064;16;10061;20;;;10070;17;10072;21;;;10067.0;0.0
av_WHEAT_d0;41000;INTARIAN_PEPPER_ROOT;11028;16;11024;15;;;11034;8;11037;10;;;11031.0;0.0
av_WHEAT_d0;41100;ASH_COATED_OSMIUM;10061;11;10058;27;;;10072;15;10076;20;;;10066.5;0.0
av_WHEAT_d0;41100;INTARIAN_PEPPER_ROOT;11027;24;11024;18;;;11033;12;11035;16;;;11030.0;0.0
av_WHEAT_d0;41200;ASH_COATED_OSMIUM;10059;10;10055;20;;;10075;12;10077;17;;;10067.0;0.0
av_WHEAT_d0;41200;INTARIAN_PEPPER_ROOT;11025;17;11023;21;;;11031;18;11033;14;;;11028.0;0.0
av_WHEAT_d0;41300;ASH_COATED_OSMIUM;10064;12;10062;8;;;10070;16;10072;21;;;10067.0;0.0
av_WHEAT_d0;41300;INTARIAN_PEPPER_ROOT;11024;10;11020;22;;;11030;19;11032;13;;;11027.0;0.0
av_WHEAT_d0;41400;ASH_COATED_OSMIUM;10062;20;10060;23;;;10071;5;10073;23;;;10066.5;0.0
av_WHEAT_d0;41400;INTARIAN_PEPPER_ROOT;11023;23;11019;19;;;11029;15;11031;17;;;11026.0;0.0
av_WHEAT_d0;41500;ASH_COATED_OSMIUM;10059;19;10057;25;;;10075;18;10078;18;;;10067.0;0.0
av_WHEAT_d0;41500;INTARIAN_PEPPER_ROOT;11022;25;11020;22;;;11028;9;11032;20;;;11025.0;0.0
av_WHEAT_d0;41600;ASH_COATED_OSMIUM;10064;14;10061;21;;;10070;22;10074;16;;;10067.0;0.0
av_WHEAT_d0;41600;INTARIAN_PEPPER_ROOT;11020;17;11017;17;;;11026;13;11029;21;;;11023.0;0.0
av_WHEAT_d0;41700;ASH_COATED_OSMIUM;10064;13;10060;17;;;10070;7;10073;21;;;10067.0;0.0
av_WHEAT_d0;41700;INTARIAN_PEPPER_ROOT;11019;8;11016;17;;;11025;17;11029;16;;;11022.0;0.0
av_WHEAT_d0;41800;ASH_COATED_OSMIUM;10064;21;10062;17;;;10070;11;10073;24;;;10067.0;0.0
av_WHEAT_d0;41800;INTARIAN_PEPPER_ROOT;11017;17;11015;18;;;11023;10;11027;18;;;11020.0;0.0
av_WHEAT_d0;41900;ASH_COATED_OSMIUM;10063;8;10060;18;;;10069;21;10071;23;;;10066.0;0.0
av_WHEAT_d0;41900;INTARIAN_PEPPER_ROOT;11016;9;11012;14;;;11022;24;11026;28;;;11019.0;0.0
av_WHEAT_d0;42000;ASH_COATED_OSMIUM;10064;15;10060;20;;;10070;18;10072;18;;;10067.0;0.0
av_WHEAT_d0;42000;INTARIAN_PEPPER_ROOT;11013;13;11009;18;;;11024;12;11028;23;;;11018.5;0.0
av_WHEAT_d0;42100;ASH_COATED_OSMIUM;10062;14;10059;19;;;10072;8;10076;13;;;10067.0;0.0
av_WHEAT_d0;42100;INTARIAN_PEPPER_ROOT;11008;11;11005;27;;;11026;13;11029;13;;;11017.0;0.0
av_WHEAT_d0;42200;ASH_COATED_OSMIUM;10064;16;10062;18;;;10070;19;10074;20;;;10067.0;0.0
av_WHEAT_d0;42200;INTARIAN_PEPPER_ROOT;11012;21;11008;22;;;11018;7;11022;13;;;11015.0;0.0
av_WHEAT_d0;42300;ASH_COATED_OSMIUM;10062;19;10058;20;;;10071;14;10075;23;;;10066.5;0.0
av_WHEAT_d0;42300;INTARIAN_PEPPER_ROOT;11004;8;11001;22;;;11023;14;11026;23;;;11013.5;0.0
av_WHEAT_d0;42400;ASH_COATED_OSMIUM;10064;14;10060;25;;;10070;18;10072;26;;;10067.0;0.0
av_WHEAT_d0;42400;INTARIAN_PEPPER_ROOT;11010;13;11006;29;;;11016;5;11020;14;;;11013.0;0.0
av_WHEAT_d0;42500;ASH_COATED_OSMIUM;10064;11;10061;19;;;10070;11;10073;25;;;10067.0;0.0
av_WHEAT_d0;42500;INTARIAN_PEPPER_ROOT;11008;14;11005;12;;;11014;10;11017;26;;;11011.0;0.0
av_WHEAT_d0;42600;ASH_COATED_OSMIUM;10061;13;10058;16;;;10073;5;10077;18;;;10067.0;0.0
av_WHEAT_d0;42600;INTARIAN_PEPPER_ROOT;11006;11;11003;19;;;11013;15;11016;22;;;11009.5;0.0
av_WHEAT_d0;42700;ASH_COATED_OSMIUM;10064;19;10060;26;;;10070;5;10074;19;;;10067.0;0.0
av_WHEAT_d0;42700;INTARIAN_PEPPER_ROOT;11001;16;10998;15;;;11017;5;11021;21;;;11009.0;0.0
av_WHEAT_d0;42800;ASH_COATED_OSMIUM;10064;19;10060;11;;;10070;26;10074;29;;;10067.0;0.0
av_WHEAT_d0;42800;INTARIAN_PEPPER_ROOT;11003;17;11001;27;;;11014;15;11018;25;;;11008.5;0.0
av_WHEAT_d0;42900;ASH_COATED_OSMIUM;10064;21;10062;21;;;10070;22;10072;23;;;10067.0;0.0
av_WHEAT_d0;42900;INTARIAN_PEPPER_ROOT;11003;18;11001;24;;;11009;18;11011;12;;;11006.0;0.0
av_WHEAT_d0;43000;ASH_COATED_OSMIUM;10057;12;10055;18;;;10078;15;10081;24;;;10067.5;0.0
av_WHEAT_d0;43000;INTARIAN_PEPPER_ROOT;10997;11;10993;22;;;11013;17;11017;23;;;11005.0;0.0
av_WHEAT_d0;43100;ASH_COATED_OSMIUM;10063;7;10060;24;;;10071;25;10073;23;;;10067.0;0.0
av_WHEAT_d0;43100;INTARIAN_PEPPER_ROOT;11000;14;10997;26;;;11006;23;11008;22;;;11003.0;0.0
av_WHEAT_d0;43200;ASH_COATED_OSMIUM;10064;19;10060;18;;;10070;21;10072;18;;;10067.0;0.0
av_WHEAT_d0;43200;INTARIAN_PEPPER_ROOT;10999;20;10995;26;;;11005;14;11007;19;;;11002.0;0.0
av_WHEAT_d0;43300;ASH_COATED_OSMIUM;10065;21;10062;19;;;10071;13;10073;20;;;10068.0;0.0
av_WHEAT_d0;43300;INTARIAN_PEPPER_ROOT;10993;13;10989;15;;;11009;15;11012;13;;;11001.0;0.0
av_WHEAT_d0;43400;ASH_COATED_OSMIUM;10064;14;10060;17;;;10070;9;10074;20;;;10067.0;0.0
av_WHEAT_d0;43400;INTARIAN_PEPPER_ROOT;10996;5;10992;20;;;11004;17;11006;19;;;11000.0;0.0
av_WHEAT_d0;43500;ASH_COATED_OSMIUM;10065;20;10063;13;;;10071;13;10075;18;;;10068.0;0.0
av_WHEAT_d0;43500;INTARIAN_PEPPER_ROOT;10995;17;10993;23;;;11001;13;11005;26;;;10998.0;0.0
av_WHEAT_d0;43600;ASH_COATED_OSMIUM;10064;18;10061;22;;;10070;19;10073;25;;;10067.0;0.0
av_WHEAT_d0;43600;INTARIAN_PEPPER_ROOT;10993;17;10989;24;;;10999;11;11002;20;;;10996.0;0.0
av_WHEAT_d0;43700;ASH_COATED_OSMIUM;10064;6;10060;20;;;10070;17;10073;20;;;10067.0;0.0
av_WHEAT_d0;43700;INTARIAN_PEPPER_ROOT;10992;10;10990;23;;;10998;14;11000;17;;;10995.0;0.0
av_WHEAT_d0;43800;ASH_COATED_OSMIUM;10065;19;10062;21;;;10071;12;10074;9;;;10068.0;0.0
av_WHEAT_d0;43800;INTARIAN_PEPPER_ROOT;10992;8;10989;23;;;10998;19;11002;14;;;10995.0;0.0
av_WHEAT_d0;43900;ASH_COATED_OSMIUM;10064;15;10061;11;;;10070;14;10073;18;;;10067.0;0.0
av_WHEAT_d0;43900;INTARIAN_PEPPER_ROOT;10990;17;10986;18;;;10996;8;10998;18;;;10993.0;0.0
av_WHEAT_d0;44000;ASH_COATED_OSMIUM;10060;9;10057;16;;;10076;16;10080;19;;;10068.0;0.0
av_WHEAT_d0;44000;INTARIAN_PEPPER_ROOT;10985;20;10983;20;;;10998;19;11002;21;;;10991.5;0.0
av_WHEAT_d0;44100;ASH_COATED_OSMIUM;10065;19;10062;19;;;10071;20;10074;14;;;10068.0;0.0
av_WHEAT_d0;44100;INTARIAN_PEPPER_ROOT;10987;18;10983;18;;;10993;16;10997;12;;;10990.0;0.0
av_WHEAT_d0;44200;ASH_COATED_OSMIUM;10065;10;10061;17;;;10071;16;10074;19;;;10068.0;0.0
av_WHEAT_d0;44200;INTARIAN_PEPPER_ROOT;10983;11;10980;12;;;10995;21;10998;24;;;10989.0;0.0
av_WHEAT_d0;44300;ASH_COATED_OSMIUM;10059;11;10056;22;;;10076;9;10078;26;;;10067.5;0.0
av_WHEAT_d0;44300;INTARIAN_PEPPER_ROOT;10981;26;10979;18;;;10994;10;10997;22;;;10987.5;0.0
av_WHEAT_d0;44400;ASH_COATED_OSMIUM;10065;13;10062;27;;;10071;15;10073;22;;;10068.0;0.0
av_WHEAT_d0;44400;INTARIAN_PEPPER_ROOT;10981;13;10977;14;;;10992;15;10996;17;;;10986.5;0.0
av_WHEAT_d0;44500;ASH_COATED_OSMIUM;10065;14;10062;9;;;10071;17;10073;15;;;10068.0;0.0
av_WHEAT_d0;44500;INTARIAN_PEPPER_ROOT;10982;5;10980;25;;;10988;16;10990;19;;;10985.0;0.0
av_WHEAT_d0;44600;ASH_COATED_OSMIUM;10062;16;10059;31;;;10074;17;10078;16;;;10068.0;0.0
av_WHEAT_d0;44600;INTARIAN_PEPPER_ROOT;10980;11;10977;28;;;10986;10;10988;21;;;10983.0;0.0
av_WHEAT_d0;44700;ASH_COATED_OSMIUM;10065;21;10063;13;;;10071;21;10073;21;;;10068.0;0.0
av_WHEAT_d0;44700;INTARIAN_PEPPER_ROOT;10979;16;10976;22;;;10985;17;10988;19;;;10982.0;0.0
av_WHEAT_d0;44800;ASH_COATED_OSMIUM;10061;17;10057;19;;;10075;14;10077;17;;;10068.0;0.0
av_WHEAT_d0;44800;INTARIAN_PEPPER_ROOT;10978;18;10976;14;;;10984;13;10988;18;;;10981.0;0.0
av_WHEAT_d0;44900;ASH_COATED_OSMIUM;10064;21;10062;19;;;10073;9;10075;18;;;10068.5;0.0
av_WHEAT_d0;44900;INTARIAN_PEPPER_ROOT;10972;13;10969;15;;;10988;17;10992;22;;;10980.0;0.0
av_WHEAT_d0;45000;ASH_COATED_OSMIUM;10056;7;10052;19;;;10081;22;10083;18;;;10068.5;0.0
av_WHEAT_d0;45000;INTARIAN_PEPPER_ROOT;10964;14;10960;26;;;10993;5;10997;22;;;10978.5;0.0
av_WHEAT_d0;45100;ASH_COATED_OSMIUM;10062;16;10058;33;;;10076;14;10080;18;;;10069.0;0.0
av_WHEAT_d0;45100;INTARIAN_PEPPER_ROOT;10972;19;10968;14;;;10983;12;10986;25;;;10977.5;0.0
av_WHEAT_d0;45200;ASH_COATED_OSMIUM;10064;14;10062;20;;;10072;25;10075;20;;;10068.0;0.0
av_WHEAT_d0;45200;INTARIAN_PEPPER_ROOT;10972;21;10968;21;;;10979;14;10982;21;;;10975.5;0.0
av_WHEAT_d0;45300;ASH_COATED_OSMIUM;10066;19;10064;20;;;10072;14;10075;16;;;10069.0;0.0
av_WHEAT_d0;45300;INTARIAN_PEPPER_ROOT;10964;11;10962;17;;;10985;16;10988;15;;;10974.5;0.0
av_WHEAT_d0;45400;ASH_COATED_OSMIUM;10063;9;10060;15;;;10075;9;10078;16;;;10069.0;0.0
av_WHEAT_d0;45400;INTARIAN_PEPPER_ROOT;10969;22;10965;11;;;10977;15;10979;20;;;10973.0;0.0
av_WHEAT_d0;45500;ASH_COATED_OSMIUM;10066;8;10063;13;;;10072;18;10075;17;;;10069.0;0.0
av_WHEAT_d0;45500;INTARIAN_PEPPER_ROOT;10969;16;10965;17;;;10975;8;10979;24;;;10972.0;0.0
av_WHEAT_d0;45600;ASH_COATED_OSMIUM;10064;10;10060;22;;;10074;17;10078;14;;;10069.0;0.0
av_WHEAT_d0;45600;INTARIAN_PEPPER_ROOT;10967;10;10964;31;;;10973;7;10975;17;;;10970.0;0.0
av_WHEAT_d0;45700;ASH_COATED_OSMIUM;10066;20;10063;24;;;10072;10;10075;15;;;10069.0;0.0
av_WHEAT_d0;45700;INTARIAN_PEPPER_ROOT;10966;10;10963;28;;;10972;16;10976;14;;;10969.0;0.0
av_WHEAT_d0;45800;ASH_COATED_OSMIUM;10065;12;10062;16;;;10071;30;10073;15;;;10068.0;0.0
av_WHEAT_d0;45800;INTARIAN_PEPPER_ROOT;10965;25;10963;19;;;10971;12;10973;17;;;10968.0;0.0
av_WHEAT_d0;45900;ASH_COATED_OSMIUM;10066;11;10062;22;;;10072;15;10076;13;;;10069.0;0.0
av_WHEAT_d0;45900;INTARIAN_PEPPER_ROOT;10964;20;10962;30;;;10970;29;10973;23;;;10967.0;0.0
av_WHEAT_d0;46000;ASH_COATED_OSMIUM;10062;15;10059;19;;;10075;16;10078;15;;;10068.5;0.0
av_WHEAT_d0;46000;INTARIAN_PEPPER_ROOT;10962;16;10958;22;;;10968;11;10971;18;;;10965.0;0.0
av_WHEAT_d0;46100;ASH_COATED_OSMIUM;10065;21;10062;20;;;10072;16;10076;11;;;10068.5;0.0
av_WHEAT_d0;46100;INTARIAN_PEPPER_ROOT;10954;12;10950;15;;;10974;19;10977;33;;;10964.0;0.0
av_WHEAT_d0;46200;ASH_COATED_OSMIUM;10061;21;10057;19;;;10075;13;10077;14;;;10068.0;0.0
av_WHEAT_d0;46200;INTARIAN_PEPPER_ROOT;10960;13;10958;16;;;10966;18;10969;17;;;10963.0;0.0
av_WHEAT_d0;46300;ASH_COATED_OSMIUM;10066;15;10063;8;;;10072;17;10075;23;;;10069.0;0.0
av_WHEAT_d0;46300;INTARIAN_PEPPER_ROOT;10952;17;10948;21;;;10971;22;10974;17;;;10961.5;0.0
av_WHEAT_d0;46400;ASH_COATED_OSMIUM;10065;17;10061;16;;;10073;18;10075;29;;;10069.0;0.0
av_WHEAT_d0;46400;INTARIAN_PEPPER_ROOT;10957;14;10955;15;;;10963;13;10965;20;;;10960.0;0.0
av_WHEAT_d0;46500;ASH_COATED_OSMIUM;10066;7;10064;21;;;10072;20;10075;20;;;10069.0;0.0
av_WHEAT_d0;46500;INTARIAN_PEPPER_ROOT;10956;8;10952;29;;;10962;19;10966;14;;;10959.0;0.0
av_WHEAT_d0;46600;ASH_COATED_OSMIUM;10066;18;10062;11;;;10072;6;10076;17;;;10069.0;0.0
av_WHEAT_d0;46600;INTARIAN_PEPPER_ROOT;10950;17;10947;16;;;10964;8;10966;18;;;10957.0;0.0
av_WHEAT_d0;46700;ASH_COATED_OSMIUM;10059;13;10055;19;;;10079;13;10081;21;;;10069.0;0.0
av_WHEAT_d0;46700;INTARIAN_PEPPER_ROOT;10953;15;10950;17;;;10959;17;10962;21;;;10956.0;0.0
av_WHEAT_d0;46800;ASH_COATED_OSMIUM;10060;15;10058;14;;;10077;10;10080;17;;;10068.5;0.0
av_WHEAT_d0;46800;INTARIAN_PEPPER_ROOT;10950;25;10947;20;;;10958;25;10961;23;;;10954.0;0.0
av_WHEAT_d0;46900;ASH_COATED_OSMIUM;10066;7;10062;17;;;10072;21;10075;17;;;10069.0;0.0
av_WHEAT_d0;46900;INTARIAN_PEPPER_ROOT;10950;16;10947;21;;;10956;14;10958;14;;;10953.0;0.0
av_WHEAT_d0;47000;ASH_COATED_OSMIUM;10065;14;10062;23;;;10071;8;10074;13;;;10068.0;0.0
av_WHEAT_d0;47000;INTARIAN_PEPPER_ROOT;10949;21;10946;14;;;10955;17;10957;20;;;10952.0;0.0
av_WHEAT_d0;47100;ASH_COATED_OSMIUM;10066;11;10064;22;;;10072;17;10075;8;;;10069.0;0.0
av_WHEAT_d0;47100;INTARIAN_PEPPER_ROOT;10948;19;10945;17;;;10954;16;10958;20;;;10951.0;0.0
av_WHEAT_d0;47200;ASH_COATED_OSMIUM;10065;14;10063;13;;;10073;11;10076;24;;;10069.0;0.0
av_WHEAT_d0;47200;INTARIAN_PEPPER_ROOT;10942;12;10939;20;;;10958;22;10962;26;;;10950.0;0.0
av_WHEAT_d0;47300;ASH_COATED_OSMIUM;10062;14;10058;14;;;10076;17;10080;15;;;10069.0;0.0
av_WHEAT_d0;47300;INTARIAN_PEPPER_ROOT;10941;9;10939;25;;;10955;9;10957;18;;;10948.0;0.0
av_WHEAT_d0;47400;ASH_COATED_OSMIUM;10056;20;10052;33;;;10083;23;10086;23;;;10069.5;0.0
av_WHEAT_d0;47400;INTARIAN_PEPPER_ROOT;10944;21;10941;15;;;10950;13;10954;18;;;10947.0;0.0
av_WHEAT_d0;47500;ASH_COATED_OSMIUM;10066;13;10063;24;;;10072;20;10076;20;;;10069.0;0.0
av_WHEAT_d0;47500;INTARIAN_PEPPER_ROOT;10943;23;10941;18;;;10949;21;10951;18;;;10946.0;0.0
av_WHEAT_d0;47600;ASH_COATED_OSMIUM;10065;12;10062;20;;;10075;20;10077;22;;;10070.0;0.0
av_WHEAT_d0;47600;INTARIAN_PEPPER_ROOT;10940;17;10937;13;;;10948;13;10952;23;;;10944.0;0.0
av_WHEAT_d0;47700;ASH_COATED_OSMIUM;10067;16;10064;15;;;10073;9;10077;14;;;10070.0;0.0
av_WHEAT_d0;47700;INTARIAN_PEPPER_ROOT;10935;11;10931;24;;;10952;20;10956;18;;;10943.5;0.0
av_WHEAT_d0;47800;ASH_COATED_OSMIUM;10061;27;10058;17;;;10078;10;10081;17;;;10069.5;0.0
av_WHEAT_d0;47800;INTARIAN_PEPPER_ROOT;10939;26;10936;34;;;10945;16;10949;16;;;10942.0;0.0
av_WHEAT_d0;47900;ASH_COATED_OSMIUM;10067;11;10063;15;;;10073;18;10075;13;;;10070.0;0.0
av_WHEAT_d0;47900;INTARIAN_PEPPER_ROOT;10933;7;10931;14;;;10948;15;10952;26;;;10940.5;0.0
av_WHEAT_d0;48000;ASH_COATED_OSMIUM;10066;14;10062;19;;;10072;16;10076;27;;;10069.0;0.0
av_WHEAT_d0;48000;INTARIAN_PEPPER_ROOT;10919;9;10915;21;;;10959;15;10961;19;;;10939.0;0.0
av_WHEAT_d0;48100;ASH_COATED_OSMIUM;10067;15;10065;23;;;10073;14;10076;17;;;10070.0;0.0
av_WHEAT_d0;48100;INTARIAN_PEPPER_ROOT;10918;21;10914;20;;;10957;9;10959;18;;;10937.5;0.0
av_WHEAT_d0;48200;ASH_COATED_OSMIUM;10061;15;10059;22;;;10077;5;10080;19;;;10069.0;0.0
av_WHEAT_d0;48200;INTARIAN_PEPPER_ROOT;10928;17;10924;18;;;10944;19;10947;19;;;10936.0;0.0
av_WHEAT_d0;48300;ASH_COATED_OSMIUM;10067;14;10063;17;;;10073;10;10077;29;;;10070.0;0.0
av_WHEAT_d0;48300;INTARIAN_PEPPER_ROOT;10923;12;10920;15;;;10946;18;10949;20;;;10934.5;0.0
av_WHEAT_d0;48400;ASH_COATED_OSMIUM;10067;13;10063;16;;;10073;10;10077;17;;;10070.0;0.0
av_WHEAT_d0;48400;INTARIAN_PEPPER_ROOT;10929;7;10926;17;;;10938;14;10941;20;;;10933.5;0.0
av_WHEAT_d0;48500;ASH_COATED_OSMIUM;10064;7;10060;21;;;10074;8;10076;18;;;10069.0;0.0
av_WHEAT_d0;48500;INTARIAN_PEPPER_ROOT;10930;10;10927;17;;;10936;20;10939;23;;;10933.0;0.0
av_WHEAT_d0;48600;ASH_COATED_OSMIUM;10066;17;10064;12;;;10072;15;10075;24;;;10069.0;0.0
av_WHEAT_d0;48600;INTARIAN_PEPPER_ROOT;10928;15;10926;20;;;10934;14;10938;12;;;10931.0;0.0
av_WHEAT_d0;48700;ASH_COATED_OSMIUM;10065;21;10062;14;;;10075;6;10079;20;;;10070.0;0.0
av_WHEAT_d0;48700;INTARIAN_PEPPER_ROOT;10919;16;10917;27;;;10940;10;10943;25;;;10929.5;0.0
av_WHEAT_d0;48800;ASH_COATED_OSMIUM;10067;12;10064;17;;;10073;7;10077;22;;;10070.0;0.0
av_WHEAT_d0;48800;INTARIAN_PEPPER_ROOT;10908;20;10906;30;;;10950;17;10953;10;;;10929.0;0.0
av_WHEAT_d0;48900;ASH_COATED_OSMIUM;10066;20;10064;17;;;10074;5;10078;15;;;10070.0;0.0
av_WHEAT_d0;48900;INTARIAN_PEPPER_ROOT;10924;13;10920;23;;;10930;11;10932;14;;;10927.0;0.0
av_WHEAT_d0;49000;ASH_COATED_OSMIUM;10067;7;10063;16;;;10073;14;10077;18;;;10070.0;0.0
av_WHEAT_d0;49000;INTARIAN_PEPPER_ROOT;10923;10;10921;18;;;10929;17;10933;13;;;10926.0;0.0
av_WHEAT_d0;49100;ASH_COATED_OSMIUM;10064;14;10061;18;;;10076;12;10080;21;;;10070.0;0.0
av_WHEAT_d0;49100;INTARIAN_PEPPER_ROOT;10922;14;10918;14;;;10928;14;10931;19;;;10925.0;0.0
av_WHEAT_d0;49200;ASH_COATED_OSMIUM;10067;8;10064;19;;;10073;16;10076;16;;;10070.0;0.0
av_WHEAT_d0;49200;INTARIAN_PEPPER_ROOT;10913;13;10910;24;;;10932;13;10934;19;;;10922.5;0.0
av_WHEAT_d0;49300;ASH_COATED_OSMIUM;10067;19;10063;16;;;10073;24;10076;23;;;10070.0;0.0
av_WHEAT_d0;49300;INTARIAN_PEPPER_ROOT;10916;13;10913;13;;;10929;5;10933;17;;;10922.5;0.0
av_WHEAT_d0;49400;ASH_COATED_OSMIUM;10067;25;10064;33;;;10073;18;10077;8;;;10070.0;0.0
av_WHEAT_d0;49400;INTARIAN_PEPPER_ROOT;10913;9;10909;23;;;10927;25;10931;30;;;10920.0;0.0
av_WHEAT_d0;49500;ASH_COATED_OSMIUM;10061;23;10059;26;;;10080;11;10084;17;;;10070.5;0.0
av_WHEAT_d0;49500;INTARIAN_PEPPER_ROOT;10916;19;10914;10;;;10922;15;10924;21;;;10919.0;0.0
av_WHEAT_d0;49600;ASH_COATED_OSMIUM;10064;17;10060;25;;;10076;21;10078;19;;;10070.0;0.0
av_WHEAT_d0;49600;INTARIAN_PEPPER_ROOT;10915;12;10912;21;;;10921;20;10925;19;;;10918.0;0.0
av_WHEAT_d0;49700;ASH_COATED_OSMIUM;10067;19;10063;16;;;10073;12;10075;24;;;10070.0;0.0
av_WHEAT_d0;49700;INTARIAN_PEPPER_ROOT;10914;20;10912;27;;;10920;12;10922;14;;;10917.0;0.0
av_WHEAT_d0;49800;ASH_COATED_OSMIUM;10067;10;10065;20;;;10073;15;10075;19;;;10070.0;0.0
av_WHEAT_d0;49800;INTARIAN_PEPPER_ROOT;10912;14;10908;19;;;10918;15;10920;24;;;10915.0;0.0
av_WHEAT_d0;49900;ASH_COATED_OSMIUM;10062;7;10059;25;;;10078;17;10080;21;;;10070.0;0.0
av_WHEAT_d0;49900;INTARIAN_PEPPER_ROOT;10912;10;10910;24;;;10918;13;10921;26;;;10915.0;0.0
av_WHEAT_d0;50000;ASH_COATED_OSMIUM;10068;25;10066;17;;;10074;15;10078;30;;;10071.0;0.0
av_WHEAT_d0;50000;INTARIAN_PEPPER_ROOT;10910;15;10907;25;;;10916;13;10920;26;;;10913.0;0.0
av_WHEAT_d0;50100;ASH_COATED_OSMIUM;10063;21;10059;20;;;10078;16;10080;15;;;10070.5;0.0
av_WHEAT_d0;50100;INTARIAN_PEPPER_ROOT;10906;29;10902;23;;;10916;26;10919;20;;;10911.0;0.0
av_WHEAT_d0;50200;ASH_COATED_OSMIUM;10068;14;10064;30;;;10074;22;10077;13;;;10071.0;0.0
av_WHEAT_d0;50200;INTARIAN_PEPPER_ROOT;10907;24;10905;25;;;10913;14;10915;14;;;10910.0;0.0
av_WHEAT_d0;50300;ASH_COATED_OSMIUM;10065;12;10061;12;;;10076;21;10079;15;;;10070.5;0.0
av_WHEAT_d0;50300;INTARIAN_PEPPER_ROOT;10902;18;10900;17;;;10914;13;10917;19;;;10908.0;0.0
av_WHEAT_d0;50400;ASH_COATED_OSMIUM;10067;16;10063;18;;;10073;17;10077;22;;;10070.0;0.0
av_WHEAT_d0;50400;INTARIAN_PEPPER_ROOT;10904;16;10901;26;;;10910;12;10913;14;;;10907.0;0.0
av_WHEAT_d0;50500;ASH_COATED_OSMIUM;10067;16;10065;18;;;10073;14;10075;17;;;10070.0;0.0
av_WHEAT_d0;50500;INTARIAN_PEPPER_ROOT;10903;14;10901;18;;;10909;17;10912;13;;;10906.0;0.0
av_WHEAT_d0;50600;ASH_COATED_OSMIUM;10065;10;10062;16;;;10076;13;10079;15;;;10070.5;0.0
av_WHEAT_d0;50600;INTARIAN_PEPPER_ROOT;10901;20;10897;14;;;10907;21;10909;18;;;10904.0;0.0
av_WHEAT_d0;50700;ASH_COATED_OSMIUM;10068;24;10065;19;;;10074;19;10078;16;;;10071.0;0.0
av_WHEAT_d0;50700;INTARIAN_PEPPER_ROOT;10898;5;10894;15;;;10908;16;10910;15;;;10903.0;0.0
av_WHEAT_d0;50800;ASH_COATED_OSMIUM;10068;7;10066;19;;;10074;10;10076;19;;;10071.0;0.0
av_WHEAT_d0;50800;INTARIAN_PEPPER_ROOT;10899;9;10896;16;;;10905;6;10909;20;;;10902.0;0.0
av_WHEAT_d0;50900;ASH_COATED_OSMIUM;10067;14;10064;16;;;10073;21;10076;22;;;10070.0;0.0
av_WHEAT_d0;50900;INTARIAN_PEPPER_ROOT;10897;15;10895;19;;;10904;7;10907;27;;;10900.5;0.0
av_WHEAT_d0;51000;ASH_COATED_OSMIUM;10061;13;10059;20;;;10080;23;10084;18;;;10070.5;0.0
av_WHEAT_d0;51000;INTARIAN_PEPPER_ROOT;10895;17;10891;11;;;10904;12;10908;19;;;10899.5;0.0
av_WHEAT_d0;51100;ASH_COATED_OSMIUM;10067;11;10063;19;;;10073;15;10076;18;;;10070.0;0.0
av_WHEAT_d0;51100;INTARIAN_PEPPER_ROOT;10894;10;10890;14;;;10900;18;10903;22;;;10897.0;0.0
av_WHEAT_d0;51200;ASH_COATED_OSMIUM;10068;11;10064;8;;;10074;13;10078;25;;;10071.0;0.0
av_WHEAT_d0;51200;INTARIAN_PEPPER_ROOT;10893;18;10889;20;;;10900;20;10902;19;;;10896.5;0.0
av_WHEAT_d0;51300;ASH_COATED_OSMIUM;10067;10;10063;18;;;10075;21;10077;22;;;10071.0;0.0
av_WHEAT_d0;51300;INTARIAN_PEPPER_ROOT;10881;18;10878;27;;;10908;13;10910;13;;;10894.5;0.0
av_WHEAT_d0;51400;ASH_COATED_OSMIUM;10068;16;10064;19;;;10074;19;10078;26;;;10071.0;0.0
av_WHEAT_d0;51400;INTARIAN_PEPPER_ROOT;10891;12;10887;21;;;10897;23;10900;25;;;10894.0;0.0
av_WHEAT_d0;51500;ASH_COATED_OSMIUM;10065;19;10061;14;;;10077;16;10079;22;;;10071.0;0.0
av_WHEAT_d0;51500;INTARIAN_PEPPER_ROOT;10889;13;10886;23;;;10895;15;10897;27;;;10892.0;0.0
av_WHEAT_d0;51600;ASH_COATED_OSMIUM;10067;19;10065;22;;;10073;11;10076;19;;;10070.0;0.0
av_WHEAT_d0;51600;INTARIAN_PEPPER_ROOT;10888;14;10886;24;;;10894;20;10896;22;;;10891.0;0.0
av_WHEAT_d0;51700;ASH_COATED_OSMIUM;10065;21;10062;11;;;10076;11;10078;16;;;10070.5;0.0
av_WHEAT_d0;51700;INTARIAN_PEPPER_ROOT;10871;13;10867;22;;;10907;21;10909;22;;;10889.0;0.0
av_WHEAT_d0;51800;ASH_COATED_OSMIUM;10067;9;10065;17;;;10073;9;10075;16;;;10070.0;0.0
av_WHEAT_d0;51800;INTARIAN_PEPPER_ROOT;10885;23;10883;14;;;10891;10;10895;17;;;10888.0;0.0
av_WHEAT_d0;51900;ASH_COATED_OSMIUM;10068;21;10066;23;;;10074;22;10076;22;;;10071.0;0.0
av_WHEAT_d0;51900;INTARIAN_PEPPER_ROOT;10877;19;10873;18;;;10897;21;10900;15;;;10887.0;0.0
av_WHEAT_d0;52000;ASH_COATED_OSMIUM;10068;15;10065;23;;;10074;22;10076;25;;;10071.0;0.0
av_WHEAT_d0;52000;INTARIAN_PEPPER_ROOT;10882;13;10878;20;;;10888;17;10891;22;;;10885.0;0.0
av_WHEAT_d0;52100;ASH_COATED_OSMIUM;10060;15;10057;17;;;10079;12;10083;21;;;10069.5;0.0
av_WHEAT_d0;52100;INTARIAN_PEPPER_ROOT;10880;14;10877;27;;;10888;17;10891;23;;;10884.0;0.0
av_WHEAT_d0;52200;ASH_COATED_OSMIUM;10067;13;10065;22;;;10073;19;10076;14;;;10070.0;0.0
av_WHEAT_d0;52200;INTARIAN_PEPPER_ROOT;10873;13;10869;23;;;10892;12;10896;25;;;10882.5;0.0
av_WHEAT_d0;52300;ASH_COATED_OSMIUM;10065;22;10062;16;;;10075;12;10078;25;;;10070.0;0.0
av_WHEAT_d0;52300;INTARIAN_PEPPER_ROOT;10878;13;10875;18;;;10884;12;10886;17;;;10881.0;0.0
av_WHEAT_d0;52400;ASH_COATED_OSMIUM;10067;20;10063;27;;;10073;13;10076;16;;;10070.0;0.0
av_WHEAT_d0;52400;INTARIAN_PEPPER_ROOT;10874;24;10871;18;;;10884;16;10887;24;;;10879.0;0.0
av_WHEAT_d0;52500;ASH_COATED_OSMIUM;10067;10;10065;14;;;10073;18;10076;20;;;10070.0;0.0
av_WHEAT_d0;52500;INTARIAN_PEPPER_ROOT;10873;9;10869;18;;;10882;7;10884;22;;;10877.5;0.0
av_WHEAT_d0;52600;ASH_COATED_OSMIUM;10065;8;10061;17;;;10075;14;10079;23;;;10070.0;0.0
av_WHEAT_d0;52600;INTARIAN_PEPPER_ROOT;10873;8;10869;14;;;10879;16;10881;16;;;10876.0;0.0
av_WHEAT_d0;52700;ASH_COATED_OSMIUM;10064;16;10061;22;;;10077;21;10080;9;;;10070.5;0.0
av_WHEAT_d0;52700;INTARIAN_PEPPER_ROOT;10872;24;10868;29;;;10878;19;10881;12;;;10875.0;0.0
av_WHEAT_d0;52800;ASH_COATED_OSMIUM;10067;18;10063;18;;;10073;15;10077;18;;;10070.0;0.0
av_WHEAT_d0;52800;INTARIAN_PEPPER_ROOT;10871;19;10867;20;;;10877;11;10880;24;;;10874.0;0.0
av_WHEAT_d0;52900;ASH_COATED_OSMIUM;10067;14;10064;16;;;10075;17;10078;17;;;10071.0;0.0
av_WHEAT_d0;52900;INTARIAN_PEPPER_ROOT;10865;9;10862;19;;;10880;11;10884;26;;;10872.5;0.0
av_WHEAT_d0;53000;ASH_COATED_OSMIUM;10068;15;10066;26;;;10074;12;10076;15;;;10071.0;0.0
av_WHEAT_d0;53000;INTARIAN_PEPPER_ROOT;10857;16;10854;16;;;10884;22;10888;21;;;10870.5;0.0
av_WHEAT_d0;53100;ASH_COATED_OSMIUM;10068;18;10065;19;;;10074;15;10078;21;;;10071.0;0.0
av_WHEAT_d0;53100;INTARIAN_PEPPER_ROOT;10865;27;10862;12;;;10874;7;10877;25;;;10869.5;0.0
av_WHEAT_d0;53200;ASH_COATED_OSMIUM;10062;15;10058;20;;;10078;8;10081;13;;;10070.0;0.0
av_WHEAT_d0;53200;INTARIAN_PEPPER_ROOT;10865;15;10862;19;;;10871;20;10875;17;;;10868.0;0.0
av_WHEAT_d0;53300;ASH_COATED_OSMIUM;10068;16;10066;14;;;10074;9;10078;13;;;10071.0;0.0
av_WHEAT_d0;53300;INTARIAN_PEPPER_ROOT;10863;22;10860;12;;;10869;19;10871;10;;;10866.0;0.0
av_WHEAT_d0;53400;ASH_COATED_OSMIUM;10065;22;10061;19;;;10077;14;10081;23;;;10071.0;0.0
av_WHEAT_d0;53400;INTARIAN_PEPPER_ROOT;10862;13;10859;16;;;10868;11;10870;27;;;10865.0;0.0
av_WHEAT_d0;53500;ASH_COATED_OSMIUM;10065;17;10062;15;;;10075;20;10078;16;;;10070.0;0.0
av_WHEAT_d0;53500;INTARIAN_PEPPER_ROOT;10861;8;10858;19;;;10867;9;10870;15;;;10864.0;0.0
av_WHEAT_d0;53600;ASH_COATED_OSMIUM;10055;19;10051;22;;;10086;21;10088;22;;;10070.5;0.0
av_WHEAT_d0;53600;INTARIAN_PEPPER_ROOT;10859;13;10855;19;;;10865;16;10869;24;;;10862.0;0.0
av_WHEAT_d0;53700;ASH_COATED_OSMIUM;10067;14;10063;28;;;10073;13;10076;19;;;10070.0;0.0
av_WHEAT_d0;53700;INTARIAN_PEPPER_ROOT;10858;19;10855;19;;;10864;13;10866;23;;;10861.0;0.0
av_WHEAT_d0;53800;ASH_COATED_OSMIUM;10064;14;10062;24;;;10078;16;10080;19;;;10071.0;0.0
av_WHEAT_d0;53800;INTARIAN_PEPPER_ROOT;10857;8;10855;17;;;10863;10;10866;20;;;10860.0;0.0
av_WHEAT_d0;53900;ASH_COATED_OSMIUM;10067;10;10063;24;;;10073;15;10077;17;;;10070.0;0.0
av_WHEAT_d0;53900;INTARIAN_PEPPER_ROOT;10854;24;10852;19;;;10862;16;10864;16;;;10858.0;0.0
av_WHEAT_d0;54000;ASH_COATED_OSMIUM;10067;10;10063;19;;;10073;18;10077;12;;;10070.0;0.0
av_WHEAT_d0;54000;INTARIAN_PEPPER_ROOT;10853;11;10849;19;;;10859;21;10863;26;;;10856.0;0.0
av_WHEAT_d0;54100;ASH_COATED_OSMIUM;10062;13;10058;8;;;10078;17;10082;17;;;10070.0;0.0
av_WHEAT_d0;54100;INTARIAN_PEPPER_ROOT;10846;16;10843;25;;;10864;9;10866;16;;;10855.0;0.0
av_WHEAT_d0;54200;ASH_COATED_OSMIUM;10067;19;10063;11;;;10073;20;10077;8;;;10070.0;0.0
av_WHEAT_d0;54200;INTARIAN_PEPPER_ROOT;10850;16;10847;16;;;10857;18;10860;25;;;10853.5;0.0
av_WHEAT_d0;54300;ASH_COATED_OSMIUM;10061;13;10057;15;;;10080;14;10082;25;;;10070.5;0.0
av_WHEAT_d0;54300;INTARIAN_PEPPER_ROOT;10849;21;10847;15;;;10855;19;10859;24;;;10852.0;0.0
av_WHEAT_d0;54400;ASH_COATED_OSMIUM;10067;21;10064;24;;;10073;18;10075;13;;;10070.0;0.0
av_WHEAT_d0;54400;INTARIAN_PEPPER_ROOT;10848;17;10845;21;;;10854;14;10857;18;;;10851.0;0.0
av_WHEAT_d0;54500;ASH_COATED_OSMIUM;10067;15;10065;21;;;10074;8;10077;9;;;10070.5;0.0
av_WHEAT_d0;54500;INTARIAN_PEPPER_ROOT;10847;20;10843;17;;;10853;14;10857;12;;;10850.0;0.0
av_WHEAT_d0;54600;ASH_COATED_OSMIUM;10067;21;10064;18;;;10073;20;10076;17;;;10070.0;0.0
av_WHEAT_d0;54600;INTARIAN_PEPPER_ROOT;10841;12;10839;16;;;10854;14;10856;18;;;10847.5;0.0
av_WHEAT_d0;54700;ASH_COATED_OSMIUM;10063;10;10059;13;;;10078;15;10080;16;;;10070.5;0.0
av_WHEAT_d0;54700;INTARIAN_PEPPER_ROOT;10840;10;10838;13;;;10852;18;10856;23;;;10846.0;0.0
av_WHEAT_d0;54800;ASH_COATED_OSMIUM;10066;20;10063;21;;;10074;10;10078;22;;;10070.0;0.0
av_WHEAT_d0;54800;INTARIAN_PEPPER_ROOT;10830;14;10827;24;;;10859;7;10861;19;;;10844.5;0.0
av_WHEAT_d0;54900;ASH_COATED_OSMIUM;10067;7;10064;18;;;10073;11;10077;20;;;10070.0;0.0
av_WHEAT_d0;54900;INTARIAN_PEPPER_ROOT;10840;24;10836;31;;;10846;16;10850;24;;;10843.0;0.0
av_WHEAT_d0;55000;ASH_COATED_OSMIUM;10053;12;10050;17;;;10087;20;10089;20;;;10070.0;0.0
av_WHEAT_d0;55000;INTARIAN_PEPPER_ROOT;10839;14;10835;24;;;10845;11;10848;21;;;10842.0;0.0
av_WHEAT_d0;55100;ASH_COATED_OSMIUM;10064;15;10061;20;;;10078;15;10080;18;;;10071.0;0.0
av_WHEAT_d0;55100;INTARIAN_PEPPER_ROOT;10835;11;10833;19;;;10847;8;10849;23;;;10841.0;0.0
av_WHEAT_d0;55200;ASH_COATED_OSMIUM;10067;17;10065;12;;;10073;16;10077;19;;;10070.0;0.0
av_WHEAT_d0;55200;INTARIAN_PEPPER_ROOT;10837;10;10834;17;;;10843;13;10845;12;;;10840.0;0.0
av_WHEAT_d0;55300;ASH_COATED_OSMIUM;10055;9;10051;18;;;10085;15;10088;20;;;10070.0;0.0
av_WHEAT_d0;55300;INTARIAN_PEPPER_ROOT;10835;19;10833;14;;;10841;13;10844;9;;;10838.0;0.0
av_WHEAT_d0;55400;ASH_COATED_OSMIUM;10067;16;10064;32;;;10073;15;10076;20;;;10070.0;0.0
av_WHEAT_d0;55400;INTARIAN_PEPPER_ROOT;10827;22;10823;23;;;10846;14;10849;15;;;10836.5;0.0
av_WHEAT_d0;55500;ASH_COATED_OSMIUM;10067;16;10065;16;;;10073;21;10075;19;;;10070.0;0.0
av_WHEAT_d0;55500;INTARIAN_PEPPER_ROOT;10827;20;10824;17;;;10842;20;10844;15;;;10834.5;0.0
av_WHEAT_d0;55600;ASH_COATED_OSMIUM;10062;14;10058;23;;;10079;18;10081;15;;;10070.5;0.0
av_WHEAT_d0;55600;INTARIAN_PEPPER_ROOT;10830;16;10827;20;;;10837;11;10839;17;;;10833.5;0.0
av_WHEAT_d0;55700;ASH_COATED_OSMIUM;10067;12;10063;27;;;10073;11;10075;12;;;10070.0;0.0
av_WHEAT_d0;55700;INTARIAN_PEPPER_ROOT;10829;23;10826;19;;;10835;5;10839;18;;;10832.0;0.0
av_WHEAT_d0;55800;ASH_COATED_OSMIUM;10068;13;10064;16;;;10074;5;10078;26;;;10071.0;0.0
av_WHEAT_d0;55800;INTARIAN_PEPPER_ROOT;10827;16;10825;17;;;10834;17;10836;25;;;10830.5;0.0
av_WHEAT_d0;55900;ASH_COATED_OSMIUM;10067;19;10065;12;;;10073;17;10077;20;;;10070.0;0.0
av_WHEAT_d0;55900;INTARIAN_PEPPER_ROOT;10822;12;10819;18;;;10835;17;10837;22;;;10828.5;0.0
av_WHEAT_d0;56000;ASH_COATED_OSMIUM;10067;13;10063;30;;;10073;16;10076;15;;;10070.0;0.0
av_WHEAT_d0;56000;INTARIAN_PEPPER_ROOT;10825;16;10823;22;;;10831;20;10835;25;;;10828.0;0.0
