day;timestamp;product;bid_price_1;bid_volume_1;bid_price_2;bid_volume_2;bid_price_3;bid_volume_3;ask_price_1;ask_volume_1;ask_price_2;ask_volume_2;ask_price_3;ask_volume_3;mid_price;profit_and_loss
av_CORN_d2;0;ASH_COATED_OSMIUM;10076;14;10073;18;;;10082;17;10084;20;;;10079.0;0.0
av_CORN_d2;0;INTARIAN_PEPPER_ROOT;12476;13;12472;19;;;12482;9;12484;26;;;12479.0;0.0
av_CORN_d2;100;ASH_COATED_OSMIUM;10076;16;10072;20;;;10082;5;10084;16;;;10079.0;0.0
av_CORN_d2;100;INTARIAN_PEPPER_ROOT;12476;18;12474;25;;;12483;19;12487;20;;;12479.5;0.0
av_CORN_d2;200;ASH_COATED_OSMIUM;10068;16;10064;19;;;10090;21;10093;19;;;10079.0;0.0
av_CORN_d2;200;INTARIAN_PEPPER_ROOT;12477;9;12474;15;;;12483;12;12485;22;;;12480.0;0.0
av_CORN_d2;300;ASH_COATED_OSMIUM;10076;18;10074;13;;;10083;18;10087;22;;;10079.5;0.0
av_CORN_d2;300;INTARIAN_PEPPER_ROOT;12479;17;12476;16;;;12485;13;12489;28;;;12482.0;0.0
av_CORN_d2;400;ASH_COATED_OSMIUM;10072;17;10069;23;;;10087;13;10089;19;;;10079.5;0.0
av_CORN_d2;400;INTARIAN_PEPPER_ROOT;12480;13;12476;15;;;12486;13;12490;13;;;12483.0;0.0
av_CORN_d2;500;ASH_COATED_OSMIUM;10077;19;10074;24;;;10083;16;10087;16;;;10080.0;0.0
av_CORN_d2;500;INTARIAN_PEPPER_ROOT;12477;10;12475;26;;;12491;7;12493;25;;;12484.0;0.0
av_CORN_d2;600;ASH_COATED_OSMIUM;10077;14;10075;12;;;10083;9;10086;9;;;10080.0;0.0
av_CORN_d2;600;INTARIAN_PEPPER_ROOT;12481;8;12479;17;;;12488;22;12492;19;;;12484.5;0.0
av_CORN_d2;700;ASH_COATED_OSMIUM;10077;8;10074;15;;;10083;20;10086;17;;;10080.0;0.0
av_CORN_d2;700;INTARIAN_PEPPER_ROOT;12483;15;12481;16;;;12489;15;12492;25;;;12486.0;0.0
av_CORN_d2;800;ASH_COATED_OSMIUM;10075;12;10073;13;;;10085;17;10087;17;;;10080.0;0.0
av_CORN_d2;800;INTARIAN_PEPPER_ROOT;12480;13;12476;27;;;12493;16;12497;17;;;12486.5;0.0
av_CORN_d2;900;ASH_COATED_OSMIUM;10076;15;10073;11;;;10085;14;10088;22;;;10080.5;0.0
av_CORN_d2;900;INTARIAN_PEPPER_ROOT;12485;13;12481;22;;;12491;5;12493;22;;;12488.0;0.0
av_CORN_d2;1000;ASH_COATED_OSMIUM;10077;7;10075;18;;;10084;15;10087;22;;;10080.5;0.0
av_CORN_d2;1000;INTARIAN_PEPPER_ROOT;12486;15;12483;27;;;12492;15;12496;22;;;12489.0;0.0
av_CORN_d2;1100;ASH_COATED_OSMIUM;10074;18;10071;21;;;10087;14;10089;19;;;10080.5;0.0
av_CORN_d2;1100;INTARIAN_PEPPER_ROOT;12487;18;12484;19;;;12493;16;12496;19;;;12490.0;0.0
av_CORN_d2;1200;ASH_COATED_OSMIUM;10078;21;10075;19;;;10084;21;10086;21;;;10081.0;0.0
av_CORN_d2;1200;INTARIAN_PEPPER_ROOT;12488;16;12486;18;;;12494;12;12496;21;;;12491.0;0.0
av_CORN_d2;1300;ASH_COATED_OSMIUM;10078;12;10076;21;;;10084;10;10088;14;;;10081.0;0.0
av_CORN_d2;1300;INTARIAN_PEPPER_ROOT;12486;14;12482;16;;;12498;16;12502;16;;;12492.0;0.0
av_CORN_d2;1400;ASH_COATED_OSMIUM;10068;16;10064;20;;;10093;20;10097;24;;;10080.5;0.0
av_CORN_d2;1400;INTARIAN_PEPPER_ROOT;12483;6;12481;20;;;12504;8;12506;21;;;12493.5;0.0
av_CORN_d2;1500;ASH_COATED_OSMIUM;10078;9;10075;12;;;10084;16;10087;17;;;10081.0;0.0
av_CORN_d2;1500;INTARIAN_PEPPER_ROOT;12491;15;12489;25;;;12497;7;12499;19;;;12494.0;0.0
av_CORN_d2;1600;ASH_COATED_OSMIUM;10078;15;10075;19;;;10084;15;10086;8;;;10081.0;0.0
av_CORN_d2;1600;INTARIAN_PEPPER_ROOT;12492;16;12488;27;;;12498;18;12500;19;;;12495.0;0.0
av_CORN_d2;1700;ASH_COATED_OSMIUM;10078;16;10074;22;;;10084;21;10086;17;;;10081.0;0.0
av_CORN_d2;1700;INTARIAN_PEPPER_ROOT;12475;19;12472;12;;;12517;5;12521;22;;;12496.0;0.0
av_CORN_d2;1800;ASH_COATED_OSMIUM;10077;7;10075;19;;;10084;15;10086;15;;;10080.5;0.0
av_CORN_d2;1800;INTARIAN_PEPPER_ROOT;12495;17;12493;15;;;12501;16;12504;23;;;12498.0;0.0
av_CORN_d2;1900;ASH_COATED_OSMIUM;10079;6;10077;16;;;10085;20;10087;17;;;10082.0;0.0
av_CORN_d2;1900;INTARIAN_PEPPER_ROOT;12496;14;12494;17;;;12502;15;12505;18;;;12499.0;0.0
av_CORN_d2;2000;ASH_COATED_OSMIUM;10079;15;10076;19;;;10085;19;10089;25;;;10082.0;0.0
av_CORN_d2;2000;INTARIAN_PEPPER_ROOT;12496;15;12492;30;;;12502;19;12506;18;;;12499.0;0.0
av_CORN_d2;2100;ASH_COATED_OSMIUM;10079;18;10077;21;;;10085;17;10089;22;;;10082.0;0.0
av_CORN_d2;2100;INTARIAN_PEPPER_ROOT;12497;11;12494;19;;;12504;17;12508;14;;;12500.5;0.0
av_CORN_d2;2200;ASH_COATED_OSMIUM;10079;13;10076;19;;;10085;9;10088;23;;;10082.0;0.0
av_CORN_d2;2200;INTARIAN_PEPPER_ROOT;12498;15;12495;20;;;12504;12;12506;20;;;12501.0;0.0
av_CORN_d2;2300;ASH_COATED_OSMIUM;10078;13;10074;27;;;10084;22;10087;24;;;10081.0;0.0
av_CORN_d2;2300;INTARIAN_PEPPER_ROOT;12499;22;12495;21;;;12505;16;12508;19;;;12502.0;0.0
av_CORN_d2;2400;ASH_COATED_OSMIUM;10079;7;10076;21;;;10085;5;10088;23;;;10082.0;0.0
av_CORN_d2;2400;INTARIAN_PEPPER_ROOT;12490;11;12487;26;;;12517;22;12521;12;;;12503.5;0.0
av_CORN_d2;2500;ASH_COATED_OSMIUM;10080;21;10078;34;;;10086;16;10089;28;;;10083.0;0.0
av_CORN_d2;2500;INTARIAN_PEPPER_ROOT;12501;13;12498;22;;;12507;10;12509;20;;;12504.0;0.0
av_CORN_d2;2600;ASH_COATED_OSMIUM;10071;15;10068;28;;;10094;19;10097;14;;;10082.5;0.0
av_CORN_d2;2600;INTARIAN_PEPPER_ROOT;12503;6;12500;29;;;12509;11;12512;23;;;12506.0;0.0
av_CORN_d2;2700;ASH_COATED_OSMIUM;10079;10;10076;30;;;10085;9;10089;25;;;10082.0;0.0
av_CORN_d2;2700;INTARIAN_PEPPER_ROOT;12499;16;12497;16;;;12514;19;12518;16;;;12506.5;0.0
av_CORN_d2;2800;ASH_COATED_OSMIUM;10079;8;10077;20;;;10085;11;10087;17;;;10082.0;0.0
av_CORN_d2;2800;INTARIAN_PEPPER_ROOT;12505;15;12503;14;;;12511;9;12513;8;;;12508.0;0.0
av_CORN_d2;2900;ASH_COATED_OSMIUM;10075;12;10072;20;;;10090;16;10092;21;;;10082.5;0.0
av_CORN_d2;2900;INTARIAN_PEPPER_ROOT;12505;18;12503;9;;;12511;16;12514;20;;;12508.0;0.0
av_CORN_d2;3000;ASH_COATED_OSMIUM;10080;18;10077;19;;;10086;23;10090;24;;;10083.0;0.0
av_CORN_d2;3000;INTARIAN_PEPPER_ROOT;12506;15;12502;18;;;12512;17;12516;23;;;12509.0;0.0
av_CORN_d2;3100;ASH_COATED_OSMIUM;10080;15;10078;20;;;10086;17;10090;16;;;10083.0;0.0
av_CORN_d2;3100;INTARIAN_PEPPER_ROOT;12507;18;12503;8;;;12513;15;12516;24;;;12510.0;0.0
av_CORN_d2;3200;ASH_COATED_OSMIUM;10079;21;10075;28;;;10085;14;10087;23;;;10082.0;0.0
av_CORN_d2;3200;INTARIAN_PEPPER_ROOT;12502;28;12500;20;;;12520;20;12523;16;;;12511.0;0.0
av_CORN_d2;3300;ASH_COATED_OSMIUM;10080;5;10078;17;;;10086;7;10090;23;;;10083.0;0.0
av_CORN_d2;3300;INTARIAN_PEPPER_ROOT;12502;17;12499;19;;;12524;9;12528;16;;;12513.0;0.0
av_CORN_d2;3400;ASH_COATED_OSMIUM;10080;14;10077;20;;;10086;12;10090;19;;;10083.0;0.0
av_CORN_d2;3400;INTARIAN_PEPPER_ROOT;12507;8;12503;28;;;12520;17;12524;26;;;12513.5;0.0
av_CORN_d2;3500;ASH_COATED_OSMIUM;10080;13;10077;12;;;10086;19;10089;8;;;10083.0;0.0
av_CORN_d2;3500;INTARIAN_PEPPER_ROOT;12511;15;12508;27;;;12519;13;12521;22;;;12515.0;0.0
av_CORN_d2;3600;ASH_COATED_OSMIUM;10080;10;10077;24;;;10086;13;10090;13;;;10083.0;0.0
av_CORN_d2;3600;INTARIAN_PEPPER_ROOT;12512;19;12510;17;;;12519;11;12523;17;;;12515.5;0.0
av_CORN_d2;3700;ASH_COATED_OSMIUM;10076;13;10072;8;;;10091;14;10094;20;;;10083.5;0.0
av_CORN_d2;3700;INTARIAN_PEPPER_ROOT;12505;17;12503;26;;;12529;15;12531;17;;;12517.0;0.0
av_CORN_d2;3800;ASH_COATED_OSMIUM;10080;9;10078;19;;;10086;6;10088;16;;;10083.0;0.0
av_CORN_d2;3800;INTARIAN_PEPPER_ROOT;12509;16;12507;18;;;12525;11;12529;17;;;12517.0;0.0
av_CORN_d2;3900;ASH_COATED_OSMIUM;10080;14;10077;25;;;10086;14;10088;17;;;10083.0;0.0
av_CORN_d2;3900;INTARIAN_PEPPER_ROOT;12516;13;12514;27;;;12522;19;12524;21;;;12519.0;0.0
av_CORN_d2;4000;ASH_COATED_OSMIUM;10081;15;10078;14;;;10087;21;10089;9;;;10084.0;0.0
av_CORN_d2;4000;INTARIAN_PEPPER_ROOT;12505;21;12501;17;;;12535;15;12537;13;;;12520.0;0.0
av_CORN_d2;4100;ASH_COATED_OSMIUM;10071;11;10068;25;;;10095;20;10099;12;;;10083.0;0.0
av_CORN_d2;4100;INTARIAN_PEPPER_ROOT;12517;15;12513;22;;;12523;7;12526;27;;;12520.0;0.0
av_CORN_d2;4200;ASH_COATED_OSMIUM;10081;18;10078;22;;;10087;17;10091;25;;;10084.0;0.0
av_CORN_d2;4200;INTARIAN_PEPPER_ROOT;12518;14;12514;21;;;12524;17;12527;23;;;12521.0;0.0
av_CORN_d2;4300;ASH_COATED_OSMIUM;10081;15;10079;12;;;10087;12;10090;29;;;10084.0;0.0
av_CORN_d2;4300;INTARIAN_PEPPER_ROOT;12520;20;12518;26;;;12526;16;12530;19;;;12523.0;0.0
av_CORN_d2;4400;ASH_COATED_OSMIUM;10081;17;10078;23;;;10087;17;10089;18;;;10084.0;0.0
av_CORN_d2;4400;INTARIAN_PEPPER_ROOT;12520;13;12518;17;;;12526;10;12528;15;;;12523.0;0.0
av_CORN_d2;4500;ASH_COATED_OSMIUM;10080;6;10077;23;;;10088;13;10092;17;;;10084.0;0.0
av_CORN_d2;4500;INTARIAN_PEPPER_ROOT;12520;14;12517;16;;;12530;17;12533;20;;;12525.0;0.0
av_CORN_d2;4600;ASH_COATED_OSMIUM;10074;17;10072;20;;;10094;18;10096;15;;;10084.0;0.0
av_CORN_d2;4600;INTARIAN_PEPPER_ROOT;12523;13;12521;20;;;12529;26;12533;19;;;12526.0;0.0
av_CORN_d2;4700;ASH_COATED_OSMIUM;10080;12;10077;23;;;10088;19;10092;18;;;10084.0;0.0
av_CORN_d2;4700;INTARIAN_PEPPER_ROOT;12524;17;12521;24;;;12530;18;12534;20;;;12527.0;0.0
av_CORN_d2;4800;ASH_COATED_OSMIUM;10077;13;10073;23;;;10094;18;10096;19;;;10085.5;0.0
av_CORN_d2;4800;INTARIAN_PEPPER_ROOT;12525;14;12523;12;;;12531;16;12535;19;;;12528.0;0.0
av_CORN_d2;4900;ASH_COATED_OSMIUM;10073;12;10070;17;;;10096;10;10100;14;;;10084.5;0.0
av_CORN_d2;4900;INTARIAN_PEPPER_ROOT;12526;18;12524;19;;;12532;16;12534;17;;;12529.0;0.0
av_CORN_d2;5000;ASH_COATED_OSMIUM;10082;9;10080;20;;;10088;18;10091;23;;;10085.0;0.0
av_CORN_d2;5000;INTARIAN_PEPPER_ROOT;12519;21;12516;24;;;12541;6;12543;19;;;12530.0;0.0
av_CORN_d2;5100;ASH_COATED_OSMIUM;10082;10;10079;18;;;10088;11;10090;16;;;10085.0;0.0
av_CORN_d2;5100;INTARIAN_PEPPER_ROOT;12528;10;12524;21;;;12534;12;12538;16;;;12531.0;0.0
av_CORN_d2;5200;ASH_COATED_OSMIUM;10076;10;10072;23;;;10094;6;10096;21;;;10085.0;0.0
av_CORN_d2;5200;INTARIAN_PEPPER_ROOT;12529;25;12526;19;;;12535;5;12537;30;;;12532.0;0.0
av_CORN_d2;5300;ASH_COATED_OSMIUM;10082;10;10079;25;;;10088;11;10091;25;;;10085.0;0.0
av_CORN_d2;5300;INTARIAN_PEPPER_ROOT;12530;20;12528;30;;;12536;15;12539;15;;;12533.0;0.0
av_CORN_d2;5400;ASH_COATED_OSMIUM;10082;14;10078;22;;;10088;7;10090;21;;;10085.0;0.0
av_CORN_d2;5400;INTARIAN_PEPPER_ROOT;12529;12;12526;20;;;12540;15;12544;15;;;12534.5;0.0
av_CORN_d2;5500;ASH_COATED_OSMIUM;10076;18;10073;13;;;10094;15;10096;17;;;10085.0;0.0
av_CORN_d2;5500;INTARIAN_PEPPER_ROOT;12530;21;12526;15;;;12541;15;12543;15;;;12535.5;0.0
av_CORN_d2;5600;ASH_COATED_OSMIUM;10082;15;10080;15;;;10089;17;10093;27;;;10085.5;0.0
av_CORN_d2;5600;INTARIAN_PEPPER_ROOT;12526;22;12522;17;;;12544;23;12546;18;;;12535.0;0.0
av_CORN_d2;5700;ASH_COATED_OSMIUM;10075;5;10071;19;;;10096;16;10099;12;;;10085.5;0.0
av_CORN_d2;5700;INTARIAN_PEPPER_ROOT;12534;19;12530;18;;;12540;14;12544;31;;;12537.0;0.0
av_CORN_d2;5800;ASH_COATED_OSMIUM;10083;10;10080;25;;;10089;20;10092;21;;;10086.0;0.0
av_CORN_d2;5800;INTARIAN_PEPPER_ROOT;12530;13;12526;13;;;12546;14;12548;19;;;12538.0;0.0
av_CORN_d2;5900;ASH_COATED_OSMIUM;10083;13;10080;13;;;10089;18;10092;22;;;10086.0;0.0
av_CORN_d2;5900;INTARIAN_PEPPER_ROOT;12536;17;12534;22;;;12542;16;12546;8;;;12539.0;0.0
av_CORN_d2;6000;ASH_COATED_OSMIUM;10083;8;10080;16;;;10089;17;10092;28;;;10086.0;0.0
av_CORN_d2;6000;INTARIAN_PEPPER_ROOT;12535;14;12533;11;;;12545;8;12548;18;;;12540.0;0.0
av_CORN_d2;6100;ASH_COATED_OSMIUM;10083;22;10079;14;;;10089;20;10093;21;;;10086.0;0.0
av_CORN_d2;6100;INTARIAN_PEPPER_ROOT;12538;14;12535;14;;;12544;13;12548;9;;;12541.0;0.0
av_CORN_d2;6200;ASH_COATED_OSMIUM;10083;24;10081;15;;;10089;17;10091;28;;;10086.0;0.0
av_CORN_d2;6200;INTARIAN_PEPPER_ROOT;12538;15;12535;8;;;12546;15;12550;20;;;12542.0;0.0
av_CORN_d2;6300;ASH_COATED_OSMIUM;10079;14;10075;16;;;10095;6;10098;16;;;10087.0;0.0
av_CORN_d2;6300;INTARIAN_PEPPER_ROOT;12539;7;12537;14;;;12546;11;12549;17;;;12542.5;0.0
av_CORN_d2;6400;ASH_COATED_OSMIUM;10083;16;10079;20;;;10090;18;10092;20;;;10086.5;0.0
av_CORN_d2;6400;INTARIAN_PEPPER_ROOT;12539;22;12536;21;;;12550;19;12553;19;;;12544.5;0.0
av_CORN_d2;6500;ASH_COATED_OSMIUM;10082;20;10078;24;;;10091;9;10093;22;;;10086.5;0.0
av_CORN_d2;6500;INTARIAN_PEPPER_ROOT;12542;27;12540;12;;;12548;20;12550;13;;;12545.0;0.0
av_CORN_d2;6600;ASH_COATED_OSMIUM;10083;12;10081;26;;;10089;22;10093;13;;;10086.0;0.0
av_CORN_d2;6600;INTARIAN_PEPPER_ROOT;12540;8;12538;18;;;12552;9;12556;17;;;12546.0;0.0
av_CORN_d2;6700;ASH_COATED_OSMIUM;10081;16;10079;28;;;10090;5;10093;21;;;10085.5;0.0
av_CORN_d2;6700;INTARIAN_PEPPER_ROOT;12544;11;12541;19;;;12550;13;12552;13;;;12547.0;0.0
av_CORN_d2;6800;ASH_COATED_OSMIUM;10079;5;10077;16;;;10093;18;10095;19;;;10086.0;0.0
av_CORN_d2;6800;INTARIAN_PEPPER_ROOT;12545;10;12542;12;;;12551;17;12555;15;;;12548.0;0.0
av_CORN_d2;6900;ASH_COATED_OSMIUM;10083;14;10079;13;;;10089;13;10092;26;;;10086.0;0.0
av_CORN_d2;6900;INTARIAN_PEPPER_ROOT;12546;19;12543;19;;;12552;11;12554;27;;;12549.0;0.0
av_CORN_d2;7000;ASH_COATED_OSMIUM;10080;14;10078;22;;;10093;16;10095;22;;;10086.5;0.0
av_CORN_d2;7000;INTARIAN_PEPPER_ROOT;12546;18;12542;35;;;12555;27;12557;23;;;12550.5;0.0
av_CORN_d2;7100;ASH_COATED_OSMIUM;10084;13;10082;31;;;10090;18;10094;25;;;10087.0;0.0
av_CORN_d2;7100;INTARIAN_PEPPER_ROOT;12546;30;12544;21;;;12557;14;12561;23;;;12551.5;0.0
av_CORN_d2;7200;ASH_COATED_OSMIUM;10084;8;10080;16;;;10090;11;10093;28;;;10087.0;0.0
av_CORN_d2;7200;INTARIAN_PEPPER_ROOT;12550;9;12546;29;;;12556;11;12560;25;;;12553.0;0.0
av_CORN_d2;7300;ASH_COATED_OSMIUM;10083;13;10081;20;;;10090;18;10093;19;;;10086.5;0.0
av_CORN_d2;7300;INTARIAN_PEPPER_ROOT;12551;14;12548;21;;;12557;16;12559;12;;;12554.0;0.0
av_CORN_d2;7400;ASH_COATED_OSMIUM;10084;18;10080;20;;;10090;8;10092;20;;;10087.0;0.0
av_CORN_d2;7400;INTARIAN_PEPPER_ROOT;12551;12;12547;21;;;12557;17;12561;23;;;12554.0;0.0
av_CORN_d2;7500;ASH_COATED_OSMIUM;10084;5;10082;13;;;10091;19;10093;23;;;10087.5;0.0
av_CORN_d2;7500;INTARIAN_PEPPER_ROOT;12548;30;12546;20;;;12563;15;12565;24;;;12555.5;0.0
av_CORN_d2;7600;ASH_COATED_OSMIUM;10084;13;10082;22;;;10090;17;10093;19;;;10087.0;0.0
av_CORN_d2;7600;INTARIAN_PEPPER_ROOT;12554;14;12552;22;;;12560;15;12562;25;;;12557.0;0.0
av_CORN_d2;7700;ASH_COATED_OSMIUM;10082;17;10079;14;;;10094;12;10098;11;;;10088.0;0.0
av_CORN_d2;7700;INTARIAN_PEPPER_ROOT;12555;20;12553;29;;;12561;19;12564;21;;;12558.0;0.0
av_CORN_d2;7800;ASH_COATED_OSMIUM;10085;7;10082;16;;;10091;15;10093;25;;;10088.0;0.0
av_CORN_d2;7800;INTARIAN_PEPPER_ROOT;12556;26;12552;15;;;12562;16;12564;18;;;12559.0;0.0
av_CORN_d2;7900;ASH_COATED_OSMIUM;10085;13;10081;21;;;10091;15;10094;15;;;10088.0;0.0
av_CORN_d2;7900;INTARIAN_PEPPER_ROOT;12557;6;12553;18;;;12563;18;12565;25;;;12560.0;0.0
av_CORN_d2;8000;ASH_COATED_OSMIUM;10084;18;10082;25;;;10092;7;10095;24;;;10088.0;0.0
av_CORN_d2;8000;INTARIAN_PEPPER_ROOT;12558;11;12555;9;;;12564;19;12566;20;;;12561.0;0.0
av_CORN_d2;8100;ASH_COATED_OSMIUM;10085;21;10083;17;;;10091;18;10093;15;;;10088.0;0.0
av_CORN_d2;8100;INTARIAN_PEPPER_ROOT;12555;6;12551;16;;;12568;17;12572;22;;;12561.5;0.0
av_CORN_d2;8200;ASH_COATED_OSMIUM;10082;18;10078;26;;;10095;10;10098;16;;;10088.5;0.0
av_CORN_d2;8200;INTARIAN_PEPPER_ROOT;12560;13;12557;10;;;12566;9;12570;21;;;12563.0;0.0
av_CORN_d2;8300;ASH_COATED_OSMIUM;10086;20;10083;25;;;10092;5;10096;19;;;10089.0;0.0
av_CORN_d2;8300;INTARIAN_PEPPER_ROOT;12560;23;12556;15;;;12566;9;12569;32;;;12563.0;0.0
av_CORN_d2;8400;ASH_COATED_OSMIUM;10086;5;10083;20;;;10092;14;10096;20;;;10089.0;0.0
av_CORN_d2;8400;INTARIAN_PEPPER_ROOT;12562;6;12559;17;;;12568;11;12572;11;;;12565.0;0.0
av_CORN_d2;8500;ASH_COATED_OSMIUM;10083;14;10079;20;;;10094;16;10097;23;;;10088.5;0.0
av_CORN_d2;8500;INTARIAN_PEPPER_ROOT;12560;10;12557;19;;;12573;8;12575;22;;;12566.5;0.0
av_CORN_d2;8600;ASH_COATED_OSMIUM;10083;25;10080;22;;;10095;16;10098;13;;;10089.0;0.0
av_CORN_d2;8600;INTARIAN_PEPPER_ROOT;12564;11;12562;15;;;12570;17;12573;21;;;12567.0;0.0
av_CORN_d2;8700;ASH_COATED_OSMIUM;10086;12;10084;20;;;10092;6;10095;12;;;10089.0;0.0
av_CORN_d2;8700;INTARIAN_PEPPER_ROOT;12565;13;12561;18;;;12571;21;12575;22;;;12568.0;0.0
av_CORN_d2;8800;ASH_COATED_OSMIUM;10086;11;10084;18;;;10092;16;10096;18;;;10089.0;0.0
av_CORN_d2;8800;INTARIAN_PEPPER_ROOT;12565;13;12561;19;;;12571;19;12573;17;;;12568.0;0.0
av_CORN_d2;8900;ASH_COATED_OSMIUM;10086;5;10084;14;;;10092;16;10096;19;;;10089.0;0.0
av_CORN_d2;8900;INTARIAN_PEPPER_ROOT;12567;16;12563;18;;;12573;12;12576;25;;;12570.0;0.0
av_CORN_d2;9000;ASH_COATED_OSMIUM;10082;14;10080;20;;;10098;19;10101;21;;;10090.0;0.0
av_CORN_d2;9000;INTARIAN_PEPPER_ROOT;12568;11;12566;20;;;12574;20;12576;29;;;12571.0;0.0
av_CORN_d2;9100;ASH_COATED_OSMIUM;10081;24;10077;12;;;10097;13;10099;15;;;10089.0;0.0
av_CORN_d2;9100;INTARIAN_PEPPER_ROOT;12568;23;12566;25;;;12574;10;12578;14;;;12571.0;0.0
av_CORN_d2;9200;ASH_COATED_OSMIUM;10086;12;10084;24;;;10092;22;10094;18;;;10089.0;0.0
av_CORN_d2;9200;INTARIAN_PEPPER_ROOT;12570;19;12567;12;;;12576;15;12580;14;;;12573.0;0.0
av_CORN_d2;9300;ASH_COATED_OSMIUM;10079;18;10076;15;;;10100;22;10102;20;;;10089.5;0.0
av_CORN_d2;9300;INTARIAN_PEPPER_ROOT;12569;10;12565;18;;;12579;18;12582;24;;;12574.0;0.0
av_CORN_d2;9400;ASH_COATED_OSMIUM;10081;9;10077;15;;;10097;20;10101;22;;;10089.0;0.0
av_CORN_d2;9400;INTARIAN_PEPPER_ROOT;12573;16;12570;21;;;12579;24;12581;19;;;12576.0;0.0
av_CORN_d2;9500;ASH_COATED_OSMIUM;10087;15;10083;21;;;10093;10;10095;22;;;10090.0;0.0
av_CORN_d2;9500;INTARIAN_PEPPER_ROOT;12572;15;12569;19;;;12579;14;12583;17;;;12575.5;0.0
av_CORN_d2;9600;ASH_COATED_OSMIUM;10085;15;10083;29;;;10095;12;10097;10;;;10090.0;0.0
av_CORN_d2;9600;INTARIAN_PEPPER_ROOT;12574;12;12570;18;;;12582;21;12586;23;;;12578.0;0.0
av_CORN_d2;9700;ASH_COATED_OSMIUM;10082;16;10078;22;;;10099;15;10102;20;;;10090.5;0.0
av_CORN_d2;9700;INTARIAN_PEPPER_ROOT;12575;17;12572;8;;;12581;15;12583;8;;;12578.0;0.0
av_CORN_d2;9800;ASH_COATED_OSMIUM;10086;22;10084;20;;;10093;24;10097;21;;;10089.5;0.0
av_CORN_d2;9800;INTARIAN_PEPPER_ROOT;12577;10;12574;17;;;12583;17;12585;21;;;12580.0;0.0
av_CORN_d2;9900;ASH_COATED_OSMIUM;10087;13;10085;14;;;10093;25;10096;19;;;10090.0;0.0
av_CORN_d2;9900;INTARIAN_PEPPER_ROOT;12577;13;12574;21;;;12583;18;12587;14;;;12580.0;0.0
av_CORN_d2;10000;ASH_COATED_OSMIUM;10085;20;10083;26;;;10095;12;10099;21;;;10090.0;0.0
av_CORN_d2;10000;INTARIAN_PEPPER_ROOT;12572;9;12569;22;;;12589;15;12593;19;;;12580.5;0.0
av_CORN_d2;10100;ASH_COATED_OSMIUM;10083;14;10081;19;;;10096;21;10099;18;;;10089.5;0.0
av_CORN_d2;10100;INTARIAN_PEPPER_ROOT;12579;6;12575;19;;;12585;14;12589;26;;;12582.0;0.0
av_CORN_d2;10200;ASH_COATED_OSMIUM;10087;15;10084;24;;;10093;5;10097;22;;;10090.0;0.0
av_CORN_d2;10200;INTARIAN_PEPPER_ROOT;12580;12;12576;16;;;12586;19;12590;19;;;12583.0;0.0
av_CORN_d2;10300;ASH_COATED_OSMIUM;10088;13;10084;16;;;10094;13;10098;25;;;10091.0;0.0
av_CORN_d2;10300;INTARIAN_PEPPER_ROOT;12582;17;12578;11;;;12588;9;12591;18;;;12585.0;0.0
av_CORN_d2;10400;ASH_COATED_OSMIUM;10085;19;10081;15;;;10096;5;10100;17;;;10090.5;0.0
av_CORN_d2;10400;INTARIAN_PEPPER_ROOT;12582;8;12579;23;;;12588;14;12590;19;;;12585.0;0.0
av_CORN_d2;10500;ASH_COATED_OSMIUM;10088;9;10086;16;;;10094;16;10096;24;;;10091.0;0.0
av_CORN_d2;10500;INTARIAN_PEPPER_ROOT;12583;11;12580;12;;;12589;14;12593;23;;;12586.0;0.0
av_CORN_d2;10600;ASH_COATED_OSMIUM;10088;11;10085;21;;;10094;12;10097;16;;;10091.0;0.0
av_CORN_d2;10600;INTARIAN_PEPPER_ROOT;12582;15;12578;19;;;12593;14;12595;9;;;12587.5;0.0
av_CORN_d2;10700;ASH_COATED_OSMIUM;10086;15;10082;20;;;10098;14;10102;9;;;10092.0;0.0
av_CORN_d2;10700;INTARIAN_PEPPER_ROOT;12586;20;12582;15;;;12592;14;12594;23;;;12589.0;0.0
av_CORN_d2;10800;ASH_COATED_OSMIUM;10087;18;10083;25;;;10095;15;10098;23;;;10091.0;0.0
av_CORN_d2;10800;INTARIAN_PEPPER_ROOT;12586;10;12582;17;;;12592;20;12595;12;;;12589.0;0.0
av_CORN_d2;10900;ASH_COATED_OSMIUM;10087;12;10085;22;;;10095;18;10097;20;;;10091.0;0.0
av_CORN_d2;10900;INTARIAN_PEPPER_ROOT;12587;11;12585;10;;;12593;19;12597;27;;;12590.0;0.0
av_CORN_d2;11000;ASH_COATED_OSMIUM;10088;22;10085;21;;;10094;17;10097;25;;;10091.0;0.0
av_CORN_d2;11000;INTARIAN_PEPPER_ROOT;12580;23;12578;24;;;12601;14;12603;19;;;12590.5;0.0
av_CORN_d2;11100;ASH_COATED_OSMIUM;10086;15;10084;19;;;10097;16;10101;18;;;10091.5;0.0
av_CORN_d2;11100;INTARIAN_PEPPER_ROOT;12589;12;12586;24;;;12595;15;12597;19;;;12592.0;0.0
av_CORN_d2;11200;ASH_COATED_OSMIUM;10085;13;10082;20;;;10099;6;10101;27;;;10092.0;0.0
av_CORN_d2;11200;INTARIAN_PEPPER_ROOT;12591;5;12588;14;;;12597;15;12600;17;;;12594.0;0.0
av_CORN_d2;11300;ASH_COATED_OSMIUM;10086;19;10083;19;;;10097;9;10100;18;;;10091.5;0.0
av_CORN_d2;11300;INTARIAN_PEPPER_ROOT;12592;20;12589;26;;;12598;9;12601;10;;;12595.0;0.0
av_CORN_d2;11400;ASH_COATED_OSMIUM;10079;8;10076;18;;;10105;11;10108;14;;;10092.0;0.0
av_CORN_d2;11400;INTARIAN_PEPPER_ROOT;12588;19;12585;19;;;12602;20;12604;30;;;12595.0;0.0
av_CORN_d2;11500;ASH_COATED_OSMIUM;10085;20;10081;29;;;10098;6;10101;12;;;10091.5;0.0
av_CORN_d2;11500;INTARIAN_PEPPER_ROOT;12594;11;12591;22;;;12600;12;12603;15;;;12597.0;0.0
av_CORN_d2;11600;ASH_COATED_OSMIUM;10087;7;10083;14;;;10097;12;10101;24;;;10092.0;0.0
av_CORN_d2;11600;INTARIAN_PEPPER_ROOT;12592;28;12589;23;;;12604;14;12608;15;;;12598.0;0.0
av_CORN_d2;11700;ASH_COATED_OSMIUM;10089;16;10087;22;;;10095;17;10099;31;;;10092.0;0.0
av_CORN_d2;11700;INTARIAN_PEPPER_ROOT;12594;12;12591;24;;;12604;20;12606;29;;;12599.0;0.0
av_CORN_d2;11800;ASH_COATED_OSMIUM;10089;17;10087;23;;;10095;22;10097;17;;;10092.0;0.0
av_CORN_d2;11800;INTARIAN_PEPPER_ROOT;12597;14;12594;22;;;12603;18;12606;10;;;12600.0;0.0
av_CORN_d2;11900;ASH_COATED_OSMIUM;10089;14;10085;22;;;10095;22;10097;17;;;10092.0;0.0
av_CORN_d2;11900;INTARIAN_PEPPER_ROOT;12595;13;12593;24;;;12608;12;12610;23;;;12601.5;0.0
av_CORN_d2;12000;ASH_COATED_OSMIUM;10090;14;10086;16;;;10096;15;10100;21;;;10093.0;0.0
av_CORN_d2;12000;INTARIAN_PEPPER_ROOT;12598;21;12595;20;;;12607;15;12610;28;;;12602.5;0.0
av_CORN_d2;12100;ASH_COATED_OSMIUM;10089;23;10085;19;;;10095;6;10099;17;;;10092.0;0.0
av_CORN_d2;12100;INTARIAN_PEPPER_ROOT;12599;12;12597;19;;;12605;18;12607;22;;;12602.0;0.0
av_CORN_d2;12200;ASH_COATED_OSMIUM;10065;18;10061;19;;;10120;11;10122;22;;;10092.5;0.0
av_CORN_d2;12200;INTARIAN_PEPPER_ROOT;12600;20;12598;22;;;12607;9;12609;20;;;12603.5;0.0
av_CORN_d2;12300;ASH_COATED_OSMIUM;10090;14;10088;13;;;10096;14;10099;19;;;10093.0;0.0
av_CORN_d2;12300;INTARIAN_PEPPER_ROOT;12601;18;12598;25;;;12607;13;12611;16;;;12604.0;0.0
av_CORN_d2;12400;ASH_COATED_OSMIUM;10090;17;10088;20;;;10097;11;10100;26;;;10093.5;0.0
av_CORN_d2;12400;INTARIAN_PEPPER_ROOT;12601;13;12597;24;;;12610;25;12612;16;;;12605.5;0.0
av_CORN_d2;12500;ASH_COATED_OSMIUM;10090;19;10088;28;;;10096;19;10100;21;;;10093.0;0.0
av_CORN_d2;12500;INTARIAN_PEPPER_ROOT;12597;20;12595;26;;;12616;16;12620;14;;;12606.5;0.0
av_CORN_d2;12600;ASH_COATED_OSMIUM;10085;19;10082;24;;;10102;26;10106;20;;;10093.5;0.0
av_CORN_d2;12600;INTARIAN_PEPPER_ROOT;12604;18;12600;17;;;12611;22;12614;19;;;12607.5;0.0
av_CORN_d2;12700;ASH_COATED_OSMIUM;10090;21;10087;15;;;10096;27;10099;24;;;10093.0;0.0
av_CORN_d2;12700;INTARIAN_PEPPER_ROOT;12600;13;12598;27;;;12618;21;12620;17;;;12609.0;0.0
av_CORN_d2;12800;ASH_COATED_OSMIUM;10087;12;10083;25;;;10101;17;10103;24;;;10094.0;0.0
av_CORN_d2;12800;INTARIAN_PEPPER_ROOT;12606;8;12604;23;;;12614;6;12618;19;;;12610.0;0.0
av_CORN_d2;12900;ASH_COATED_OSMIUM;10090;14;10088;19;;;10096;16;10098;13;;;10093.0;0.0
av_CORN_d2;12900;INTARIAN_PEPPER_ROOT;12604;13;12602;20;;;12619;5;12623;16;;;12611.5;0.0
av_CORN_d2;13000;ASH_COATED_OSMIUM;10091;14;10088;15;;;10097;18;10099;20;;;10094.0;0.0
av_CORN_d2;13000;INTARIAN_PEPPER_ROOT;12609;18;12607;24;;;12615;15;12619;25;;;12612.0;0.0
av_CORN_d2;13100;ASH_COATED_OSMIUM;10091;22;10089;15;;;10098;11;10101;18;;;10094.5;0.0
av_CORN_d2;13100;INTARIAN_PEPPER_ROOT;12609;22;12606;10;;;12617;21;12621;13;;;12613.0;0.0
av_CORN_d2;13200;ASH_COATED_OSMIUM;10091;11;10088;19;;;10097;10;10099;18;;;10094.0;0.0
av_CORN_d2;13200;INTARIAN_PEPPER_ROOT;12611;15;12609;17;;;12617;12;12619;19;;;12614.0;0.0
av_CORN_d2;13300;ASH_COATED_OSMIUM;10091;18;10087;22;;;10097;20;10101;25;;;10094.0;0.0
av_CORN_d2;13300;INTARIAN_PEPPER_ROOT;12611;16;12608;17;;;12620;19;12622;14;;;12615.5;0.0
av_CORN_d2;13400;ASH_COATED_OSMIUM;10091;20;10087;16;;;10097;18;10099;12;;;10094.0;0.0
av_CORN_d2;13400;INTARIAN_PEPPER_ROOT;12613;18;12609;21;;;12619;18;12621;27;;;12616.0;0.0
av_CORN_d2;13500;ASH_COATED_OSMIUM;10091;5;10089;15;;;10097;7;10100;16;;;10094.0;0.0
av_CORN_d2;13500;INTARIAN_PEPPER_ROOT;12614;25;12610;27;;;12620;11;12623;24;;;12617.0;0.0
av_CORN_d2;13600;ASH_COATED_OSMIUM;10089;8;10086;8;;;10099;8;10102;21;;;10094.0;0.0
av_CORN_d2;13600;INTARIAN_PEPPER_ROOT;12614;13;12610;27;;;12620;20;12623;22;;;12617.0;0.0
av_CORN_d2;13700;ASH_COATED_OSMIUM;10079;17;10075;23;;;10109;13;10111;27;;;10094.0;0.0
av_CORN_d2;13700;INTARIAN_PEPPER_ROOT;12616;15;12613;16;;;12622;15;12626;19;;;12619.0;0.0
av_CORN_d2;13800;ASH_COATED_OSMIUM;10091;7;10089;12;;;10098;13;10100;13;;;10094.5;0.0
av_CORN_d2;13800;INTARIAN_PEPPER_ROOT;12608;21;12604;17;;;12632;12;12634;22;;;12620.0;0.0
av_CORN_d2;13900;ASH_COATED_OSMIUM;10088;11;10084;15;;;10101;10;10103;9;;;10094.5;0.0
av_CORN_d2;13900;INTARIAN_PEPPER_ROOT;12611;5;12607;16;;;12630;19;12632;29;;;12620.5;0.0
av_CORN_d2;14000;ASH_COATED_OSMIUM;10092;19;10089;13;;;10098;14;10101;19;;;10095.0;0.0
av_CORN_d2;14000;INTARIAN_PEPPER_ROOT;12619;16;12617;13;;;12625;11;12628;19;;;12622.0;0.0
av_CORN_d2;14100;ASH_COATED_OSMIUM;10092;15;10089;17;;;10098;12;10102;23;;;10095.0;0.0
av_CORN_d2;14100;INTARIAN_PEPPER_ROOT;12619;11;12616;25;;;12628;7;12631;24;;;12623.5;0.0
av_CORN_d2;14200;ASH_COATED_OSMIUM;10092;14;10089;22;;;10098;21;10100;22;;;10095.0;0.0
av_CORN_d2;14200;INTARIAN_PEPPER_ROOT;12622;13;12620;20;;;12628;11;12631;19;;;12625.0;0.0
av_CORN_d2;14300;ASH_COATED_OSMIUM;10089;11;10087;20;;;10102;14;10104;12;;;10095.5;0.0
av_CORN_d2;14300;INTARIAN_PEPPER_ROOT;12622;13;12619;23;;;12628;13;12631;18;;;12625.0;0.0
av_CORN_d2;14400;ASH_COATED_OSMIUM;10088;15;10085;10;;;10103;15;10106;23;;;10095.5;0.0
av_CORN_d2;14400;INTARIAN_PEPPER_ROOT;12623;5;12621;26;;;12629;26;12631;19;;;12626.0;0.0
av_CORN_d2;14500;ASH_COATED_OSMIUM;10092;14;10090;20;;;10098;15;10102;12;;;10095.0;0.0
av_CORN_d2;14500;INTARIAN_PEPPER_ROOT;12624;16;12621;21;;;12630;10;12633;26;;;12627.0;0.0
av_CORN_d2;14600;ASH_COATED_OSMIUM;10093;21;10091;17;;;10099;12;10101;20;;;10096.0;0.0
av_CORN_d2;14600;INTARIAN_PEPPER_ROOT;12621;18;12618;13;;;12637;11;12641;20;;;12629.0;0.0
av_CORN_d2;14700;ASH_COATED_OSMIUM;10086;25;10082;14;;;10104;7;10107;24;;;10095.0;0.0
av_CORN_d2;14700;INTARIAN_PEPPER_ROOT;12625;14;12623;25;;;12634;23;12636;12;;;12629.5;0.0
av_CORN_d2;14800;ASH_COATED_OSMIUM;10090;16;10086;22;;;10101;16;10104;20;;;10095.5;0.0
av_CORN_d2;14800;INTARIAN_PEPPER_ROOT;12624;18;12621;21;;;12637;29;12640;20;;;12630.5;0.0
av_CORN_d2;14900;ASH_COATED_OSMIUM;10092;13;10090;21;;;10098;19;10101;20;;;10095.0;0.0
av_CORN_d2;14900;INTARIAN_PEPPER_ROOT;12623;13;12621;17;;;12639;10;12641;23;;;12631.0;0.0
av_CORN_d2;15000;ASH_COATED_OSMIUM;10093;15;10089;22;;;10099;22;10103;12;;;10096.0;0.0
av_CORN_d2;15000;INTARIAN_PEPPER_ROOT;12629;5;12626;24;;;12635;15;12637;25;;;12632.0;0.0
av_CORN_d2;15100;ASH_COATED_OSMIUM;10093;20;10091;26;;;10099;14;10103;25;;;10096.0;0.0
av_CORN_d2;15100;INTARIAN_PEPPER_ROOT;12627;17;12624;16;;;12640;9;12644;21;;;12633.5;0.0
av_CORN_d2;15200;ASH_COATED_OSMIUM;10093;6;10089;29;;;10099;10;10102;29;;;10096.0;0.0
av_CORN_d2;15200;INTARIAN_PEPPER_ROOT;12632;25;12629;14;;;12638;12;12641;24;;;12635.0;0.0
av_CORN_d2;15300;ASH_COATED_OSMIUM;10082;18;10080;21;;;10110;17;10113;31;;;10096.0;0.0
av_CORN_d2;15300;INTARIAN_PEPPER_ROOT;12632;12;12629;19;;;12638;5;12640;10;;;12635.0;0.0
av_CORN_d2;15400;ASH_COATED_OSMIUM;10094;15;10091;23;;;10100;12;10102;23;;;10097.0;0.0
av_CORN_d2;15400;INTARIAN_PEPPER_ROOT;12633;14;12630;15;;;12640;7;12642;14;;;12636.5;0.0
av_CORN_d2;15500;ASH_COATED_OSMIUM;10093;14;10091;17;;;10099;10;10101;26;;;10096.0;0.0
av_CORN_d2;15500;INTARIAN_PEPPER_ROOT;12632;16;12629;23;;;12644;17;12648;17;;;12638.0;0.0
av_CORN_d2;15600;ASH_COATED_OSMIUM;10094;18;10092;22;;;10100;10;10104;26;;;10097.0;0.0
av_CORN_d2;15600;INTARIAN_PEPPER_ROOT;12635;22;12633;18;;;12641;18;12644;21;;;12638.0;0.0
av_CORN_d2;15700;ASH_COATED_OSMIUM;10094;18;10091;20;;;10101;15;10103;17;;;10097.5;0.0
av_CORN_d2;15700;INTARIAN_PEPPER_ROOT;12636;15;12633;15;;;12642;13;12645;21;;;12639.0;0.0
av_CORN_d2;15800;ASH_COATED_OSMIUM;10094;18;10090;22;;;10101;8;10104;18;;;10097.5;0.0
av_CORN_d2;15800;INTARIAN_PEPPER_ROOT;12638;8;12636;21;;;12644;15;12647;13;;;12641.0;0.0
av_CORN_d2;15900;ASH_COATED_OSMIUM;10094;20;10092;21;;;10100;21;10102;13;;;10097.0;0.0
av_CORN_d2;15900;INTARIAN_PEPPER_ROOT;12638;11;12635;13;;;12644;24;12646;23;;;12641.0;0.0
av_CORN_d2;16000;ASH_COATED_OSMIUM;10094;20;10091;24;;;10100;21;10104;13;;;10097.0;0.0
av_CORN_d2;16000;INTARIAN_PEPPER_ROOT;12635;12;12631;16;;;12649;16;12653;10;;;12642.0;0.0
av_CORN_d2;16100;ASH_COATED_OSMIUM;10093;12;10091;23;;;10100;13;10104;32;;;10096.5;0.0
av_CORN_d2;16100;INTARIAN_PEPPER_ROOT;12636;14;12634;16;;;12651;14;12654;16;;;12643.5;0.0
av_CORN_d2;16200;ASH_COATED_OSMIUM;10093;15;10091;20;;;10101;11;10103;15;;;10097.0;0.0
av_CORN_d2;16200;INTARIAN_PEPPER_ROOT;12642;5;12640;21;;;12648;9;12652;16;;;12645.0;0.0
av_CORN_d2;16300;ASH_COATED_OSMIUM;10094;20;10090;19;;;10100;17;10104;16;;;10097.0;0.0
av_CORN_d2;16300;INTARIAN_PEPPER_ROOT;12642;10;12639;19;;;12648;11;12652;22;;;12645.0;0.0
av_CORN_d2;16400;ASH_COATED_OSMIUM;10095;17;10093;22;;;10101;13;10104;19;;;10098.0;0.0
av_CORN_d2;16400;INTARIAN_PEPPER_ROOT;12643;13;12639;27;;;12649;11;12653;26;;;12646.0;0.0
av_CORN_d2;16500;ASH_COATED_OSMIUM;10091;24;10088;17;;;10103;16;10107;25;;;10097.0;0.0
av_CORN_d2;16500;INTARIAN_PEPPER_ROOT;12643;17;12640;24;;;12651;19;12655;22;;;12647.0;0.0
av_CORN_d2;16600;ASH_COATED_OSMIUM;10095;18;10093;17;;;10101;9;10103;26;;;10098.0;0.0
av_CORN_d2;16600;INTARIAN_PEPPER_ROOT;12642;15;12638;24;;;12655;5;12659;24;;;12648.5;0.0
av_CORN_d2;16700;ASH_COATED_OSMIUM;10091;12;10087;16;;;10105;16;10107;28;;;10098.0;0.0
av_CORN_d2;16700;INTARIAN_PEPPER_ROOT;12639;21;12636;22;;;12661;20;12665;21;;;12650.0;0.0
av_CORN_d2;16800;ASH_COATED_OSMIUM;10095;16;10091;14;;;10101;10;10104;23;;;10098.0;0.0
av_CORN_d2;16800;INTARIAN_PEPPER_ROOT;12648;22;12645;21;;;12654;10;12656;19;;;12651.0;0.0
av_CORN_d2;16900;ASH_COATED_OSMIUM;10095;14;10092;20;;;10101;25;10103;27;;;10098.0;0.0
av_CORN_d2;16900;INTARIAN_PEPPER_ROOT;12649;17;12647;25;;;12655;18;12657;29;;;12652.0;0.0
av_CORN_d2;17000;ASH_COATED_OSMIUM;10094;24;10092;14;;;10103;17;10105;14;;;10098.5;0.0
av_CORN_d2;17000;INTARIAN_PEPPER_ROOT;12650;6;12648;20;;;12656;12;12660;27;;;12653.0;0.0
av_CORN_d2;17100;ASH_COATED_OSMIUM;10090;11;10088;20;;;10107;20;10110;16;;;10098.5;0.0
av_CORN_d2;17100;INTARIAN_PEPPER_ROOT;12653;15;12649;22;;;12659;23;12663;25;;;12656.0;0.0
av_CORN_d2;17200;ASH_COATED_OSMIUM;10095;11;10093;21;;;10101;16;10103;16;;;10098.0;0.0
av_CORN_d2;17200;INTARIAN_PEPPER_ROOT;12654;21;12652;18;;;12660;13;12664;23;;;12657.0;0.0
av_CORN_d2;17300;ASH_COATED_OSMIUM;10090;14;10086;11;;;10106;21;10108;17;;;10098.0;0.0
av_CORN_d2;17300;INTARIAN_PEPPER_ROOT;12657;15;12655;16;;;12663;15;12667;23;;;12660.0;0.0
av_CORN_d2;17400;ASH_COATED_OSMIUM;10095;15;10093;17;;;10101;18;10103;20;;;10098.0;0.0
av_CORN_d2;17400;INTARIAN_PEPPER_ROOT;12658;11;12656;17;;;12665;18;12669;23;;;12661.5;0.0
av_CORN_d2;17500;ASH_COATED_OSMIUM;10095;20;10092;24;;;10101;19;10104;23;;;10098.0;0.0
av_CORN_d2;17500;INTARIAN_PEPPER_ROOT;12656;6;12654;27;;;12671;17;12673;16;;;12663.5;0.0
av_CORN_d2;17600;ASH_COATED_OSMIUM;10095;14;10091;28;;;10101;24;10104;25;;;10098.0;0.0
av_CORN_d2;17600;INTARIAN_PEPPER_ROOT;12662;11;12660;14;;;12668;14;12671;25;;;12665.0;0.0
av_CORN_d2;17700;ASH_COATED_OSMIUM;10096;18;10092;27;;;10102;19;10106;18;;;10099.0;0.0
av_CORN_d2;17700;INTARIAN_PEPPER_ROOT;12657;14;12655;22;;;12678;18;12681;9;;;12667.5;0.0
av_CORN_d2;17800;ASH_COATED_OSMIUM;10093;9;10089;18;;;10103;10;10105;17;;;10098.0;0.0
av_CORN_d2;17800;INTARIAN_PEPPER_ROOT;12663;20;12659;20;;;12678;20;12680;26;;;12670.5;0.0
av_CORN_d2;17900;ASH_COATED_OSMIUM;10095;23;10093;22;;;10101;12;10105;23;;;10098.0;0.0
av_CORN_d2;17900;INTARIAN_PEPPER_ROOT;12669;17;12665;23;;;12675;20;12677;12;;;12672.0;0.0
av_CORN_d2;18000;ASH_COATED_OSMIUM;10087;17;10084;27;;;10108;21;10112;21;;;10097.5;0.0
av_CORN_d2;18000;INTARIAN_PEPPER_ROOT;12671;22;12668;18;;;12677;12;12680;18;;;12674.0;0.0
av_CORN_d2;18100;ASH_COATED_OSMIUM;10091;12;10088;24;;;10105;15;10109;21;;;10098.0;0.0
av_CORN_d2;18100;INTARIAN_PEPPER_ROOT;12673;18;12671;15;;;12679;25;12683;14;;;12676.0;0.0
av_CORN_d2;18200;ASH_COATED_OSMIUM;10095;16;10093;17;;;10101;12;10104;13;;;10098.0;0.0
av_CORN_d2;18200;INTARIAN_PEPPER_ROOT;12669;19;12666;19;;;12687;14;12689;16;;;12678.0;0.0
av_CORN_d2;18300;ASH_COATED_OSMIUM;10095;11;10092;17;;;10101;12;10103;31;;;10098.0;0.0
av_CORN_d2;18300;INTARIAN_PEPPER_ROOT;12677;18;12673;16;;;12683;12;12687;21;;;12680.0;0.0
av_CORN_d2;18400;ASH_COATED_OSMIUM;10082;23;10078;17;;;10114;27;10116;20;;;10098.0;0.0
av_CORN_d2;18400;INTARIAN_PEPPER_ROOT;12677;13;12675;22;;;12688;12;12692;20;;;12682.5;0.0
av_CORN_d2;18500;ASH_COATED_OSMIUM;10095;15;10093;18;;;10102;16;10106;18;;;10098.5;0.0
av_CORN_d2;18500;INTARIAN_PEPPER_ROOT;12681;11;12678;21;;;12687;22;12689;19;;;12684.0;0.0
av_CORN_d2;18600;ASH_COATED_OSMIUM;10095;16;10091;24;;;10101;24;10104;16;;;10098.0;0.0
av_CORN_d2;18600;INTARIAN_PEPPER_ROOT;12683;10;12681;20;;;12689;22;12692;11;;;12686.0;0.0
av_CORN_d2;18700;ASH_COATED_OSMIUM;10095;16;10091;17;;;10101;7;10105;13;;;10098.0;0.0
av_CORN_d2;18700;INTARIAN_PEPPER_ROOT;12683;17;12679;18;;;12692;16;12694;17;;;12687.5;0.0
av_CORN_d2;18800;ASH_COATED_OSMIUM;10096;11;10094;23;;;10102;26;10106;20;;;10099.0;0.0
av_CORN_d2;18800;INTARIAN_PEPPER_ROOT;12688;13;12684;22;;;12694;23;12697;26;;;12691.0;0.0
av_CORN_d2;18900;ASH_COATED_OSMIUM;10095;6;10091;25;;;10101;20;10103;14;;;10098.0;0.0
av_CORN_d2;18900;INTARIAN_PEPPER_ROOT;12689;9;12685;23;;;12695;22;12698;8;;;12692.0;0.0
av_CORN_d2;19000;ASH_COATED_OSMIUM;10095;15;10091;14;;;10101;14;10103;17;;;10098.0;0.0
av_CORN_d2;19000;INTARIAN_PEPPER_ROOT;12686;8;12683;15;;;12701;25;12705;18;;;12693.5;0.0
av_CORN_d2;19100;ASH_COATED_OSMIUM;10095;8;10092;16;;;10101;8;10103;11;;;10098.0;0.0
av_CORN_d2;19100;INTARIAN_PEPPER_ROOT;12692;12;12688;24;;;12701;20;12705;25;;;12696.5;0.0
av_CORN_d2;19200;ASH_COATED_OSMIUM;10095;8;10093;20;;;10102;20;10106;29;;;10098.5;0.0
av_CORN_d2;19200;INTARIAN_PEPPER_ROOT;12695;11;12693;32;;;12701;12;12704;19;;;12698.0;0.0
av_CORN_d2;19300;ASH_COATED_OSMIUM;10094;14;10090;24;;;10104;13;10108;11;;;10099.0;0.0
av_CORN_d2;19300;INTARIAN_PEPPER_ROOT;12698;9;12694;15;;;12704;17;12708;14;;;12701.0;0.0
av_CORN_d2;19400;ASH_COATED_OSMIUM;10093;9;10089;26;;;10103;9;10107;16;;;10098.0;0.0
av_CORN_d2;19400;INTARIAN_PEPPER_ROOT;12692;16;12688;19;;;12712;15;12714;26;;;12702.0;0.0
av_CORN_d2;19500;ASH_COATED_OSMIUM;10095;9;10092;26;;;10102;11;10104;22;;;10098.5;0.0
av_CORN_d2;19500;INTARIAN_PEPPER_ROOT;12700;23;12697;14;;;12708;17;12711;23;;;12704.0;0.0
av_CORN_d2;19600;ASH_COATED_OSMIUM;10092;24;10088;14;;;10104;19;10107;17;;;10098.0;0.0
av_CORN_d2;19600;INTARIAN_PEPPER_ROOT;12704;16;12700;13;;;12710;12;12713;22;;;12707.0;0.0
av_CORN_d2;19700;ASH_COATED_OSMIUM;10095;12;10091;12;;;10101;7;10103;10;;;10098.0;0.0
av_CORN_d2;19700;INTARIAN_PEPPER_ROOT;12705;5;12703;19;;;12711;12;12714;25;;;12708.0;0.0
av_CORN_d2;19800;ASH_COATED_OSMIUM;10093;11;10091;22;;;10102;5;10106;25;;;10097.5;0.0
av_CORN_d2;19800;INTARIAN_PEPPER_ROOT;12707;15;12704;27;;;12714;24;12717;16;;;12710.5;0.0
av_CORN_d2;19900;ASH_COATED_OSMIUM;10095;21;10092;22;;;10101;21;10105;25;;;10098.0;0.0
av_CORN_d2;19900;INTARIAN_PEPPER_ROOT;12709;21;12707;15;;;12716;22;12720;20;;;12712.5;0.0
av_CORN_d2;20000;ASH_COATED_OSMIUM;10095;9;10091;26;;;10101;15;10103;19;;;10098.0;0.0
av_CORN_d2;20000;INTARIAN_PEPPER_ROOT;12712;16;12709;13;;;12718;13;12721;9;;;12715.0;0.0
av_CORN_d2;20100;ASH_COATED_OSMIUM;10094;19;10091;17;;;10103;15;10105;33;;;10098.5;0.0
av_CORN_d2;20100;INTARIAN_PEPPER_ROOT;12712;16;12708;15;;;12721;20;12725;22;;;12716.5;0.0
av_CORN_d2;20200;ASH_COATED_OSMIUM;10095;22;10092;23;;;10101;15;10105;19;;;10098.0;0.0
av_CORN_d2;20200;INTARIAN_PEPPER_ROOT;12706;19;12704;12;;;12732;21;12735;20;;;12719.0;0.0
av_CORN_d2;20300;ASH_COATED_OSMIUM;10092;12;10089;23;;;10106;16;10109;14;;;10099.0;0.0
av_CORN_d2;20300;INTARIAN_PEPPER_ROOT;12718;15;12714;13;;;12724;18;12726;24;;;12721.0;0.0
av_CORN_d2;20400;ASH_COATED_OSMIUM;10095;12;10092;23;;;10101;14;10105;22;;;10098.0;0.0
av_CORN_d2;20400;INTARIAN_PEPPER_ROOT;12720;11;12717;20;;;12727;16;12730;20;;;12723.5;0.0
av_CORN_d2;20500;ASH_COATED_OSMIUM;10095;19;10091;24;;;10101;8;10103;18;;;10098.0;0.0
av_CORN_d2;20500;INTARIAN_PEPPER_ROOT;12721;12;12718;17;;;12727;16;12731;21;;;12724.0;0.0
av_CORN_d2;20600;ASH_COATED_OSMIUM;10095;17;10091;13;;;10102;12;10104;23;;;10098.5;0.0
av_CORN_d2;20600;INTARIAN_PEPPER_ROOT;12724;20;12721;19;;;12730;19;12733;27;;;12727.0;0.0
av_CORN_d2;20700;ASH_COATED_OSMIUM;10096;9;10093;20;;;10102;8;10106;19;;;10099.0;0.0
av_CORN_d2;20700;INTARIAN_PEPPER_ROOT;12724;14;12720;19;;;12734;13;12737;14;;;12729.0;0.0
av_CORN_d2;20800;ASH_COATED_OSMIUM;10096;8;10092;18;;;10102;12;10104;14;;;10099.0;0.0
av_CORN_d2;20800;INTARIAN_PEPPER_ROOT;12726;15;12723;20;;;12736;17;12740;27;;;12731.0;0.0
av_CORN_d2;20900;ASH_COATED_OSMIUM;10095;15;10092;18;;;10101;17;10104;20;;;10098.0;0.0
av_CORN_d2;20900;INTARIAN_PEPPER_ROOT;12730;16;12727;12;;;12736;13;12739;12;;;12733.0;0.0
av_CORN_d2;21000;ASH_COATED_OSMIUM;10095;10;10092;20;;;10101;13;10105;26;;;10098.0;0.0
av_CORN_d2;21000;INTARIAN_PEPPER_ROOT;12731;22;12727;20;;;12740;17;12744;14;;;12735.5;0.0
av_CORN_d2;21100;ASH_COATED_OSMIUM;10095;23;10091;18;;;10101;15;10105;18;;;10098.0;0.0
av_CORN_d2;21100;INTARIAN_PEPPER_ROOT;12734;11;12730;16;;;12740;14;12742;19;;;12737.0;0.0
av_CORN_d2;21200;ASH_COATED_OSMIUM;10083;15;10079;29;;;10113;13;10117;16;;;10098.0;0.0
av_CORN_d2;21200;INTARIAN_PEPPER_ROOT;12722;12;12718;15;;;12757;11;12761;17;;;12739.5;0.0
av_CORN_d2;21300;ASH_COATED_OSMIUM;10095;19;10092;23;;;10101;17;10105;16;;;10098.0;0.0
av_CORN_d2;21300;INTARIAN_PEPPER_ROOT;12738;7;12736;14;;;12744;19;12747;15;;;12741.0;0.0
av_CORN_d2;21400;ASH_COATED_OSMIUM;10088;16;10084;23;;;10109;19;10113;16;;;10098.5;0.0
av_CORN_d2;21400;INTARIAN_PEPPER_ROOT;12741;22;12738;19;;;12747;14;12751;18;;;12744.0;0.0
av_CORN_d2;21500;ASH_COATED_OSMIUM;10095;15;10093;17;;;10101;12;10104;26;;;10098.0;0.0
av_CORN_d2;21500;INTARIAN_PEPPER_ROOT;12741;20;12738;22;;;12750;18;12753;17;;;12745.5;0.0
av_CORN_d2;21600;ASH_COATED_OSMIUM;10095;18;10092;24;;;10103;19;10105;22;;;10099.0;0.0
av_CORN_d2;21600;INTARIAN_PEPPER_ROOT;12744;17;12742;18;;;12750;16;12754;13;;;12747.0;0.0
av_CORN_d2;21700;ASH_COATED_OSMIUM;10095;9;10091;16;;;10103;20;10105;18;;;10099.0;0.0
av_CORN_d2;21700;INTARIAN_PEPPER_ROOT;12742;20;12740;16;;;12758;16;12760;14;;;12750.0;0.0
av_CORN_d2;21800;ASH_COATED_OSMIUM;10086;17;10082;16;;;10111;10;10113;19;;;10098.5;0.0
av_CORN_d2;21800;INTARIAN_PEPPER_ROOT;12749;25;12745;13;;;12755;16;12759;18;;;12752.0;0.0
av_CORN_d2;21900;ASH_COATED_OSMIUM;10096;20;10094;19;;;10102;18;10104;21;;;10099.0;0.0
av_CORN_d2;21900;INTARIAN_PEPPER_ROOT;12746;9;12744;15;;;12760;21;12764;17;;;12753.0;0.0
av_CORN_d2;22000;ASH_COATED_OSMIUM;10093;14;10091;21;;;10104;14;10108;22;;;10098.5;0.0
av_CORN_d2;22000;INTARIAN_PEPPER_ROOT;12753;23;12750;24;;;12759;24;12761;22;;;12756.0;0.0
av_CORN_d2;22100;ASH_COATED_OSMIUM;10095;15;10093;13;;;10101;7;10104;19;;;10098.0;0.0
av_CORN_d2;22100;INTARIAN_PEPPER_ROOT;12753;11;12750;21;;;12762;20;12765;28;;;12757.5;0.0
av_CORN_d2;22200;ASH_COATED_OSMIUM;10096;14;10094;34;;;10102;16;10105;22;;;10099.0;0.0
av_CORN_d2;22200;INTARIAN_PEPPER_ROOT;12755;16;12751;19;;;12765;11;12769;26;;;12760.0;0.0
av_CORN_d2;22300;ASH_COATED_OSMIUM;10095;21;10093;18;;;10101;14;10103;19;;;10098.0;0.0
av_CORN_d2;22300;INTARIAN_PEPPER_ROOT;12759;14;12755;24;;;12765;10;12769;31;;;12762.0;0.0
av_CORN_d2;22400;ASH_COATED_OSMIUM;10096;25;10092;23;;;10102;17;10106;14;;;10099.0;0.0
av_CORN_d2;22400;INTARIAN_PEPPER_ROOT;12756;8;12752;22;;;12772;16;12775;23;;;12764.0;0.0
av_CORN_d2;22500;ASH_COATED_OSMIUM;10095;15;10093;22;;;10101;16;10103;24;;;10098.0;0.0
av_CORN_d2;22500;INTARIAN_PEPPER_ROOT;12763;22;12760;25;;;12769;13;12772;20;;;12766.0;0.0
av_CORN_d2;22600;ASH_COATED_OSMIUM;10096;18;10094;14;;;10102;11;10104;18;;;10099.0;0.0
av_CORN_d2;22600;INTARIAN_PEPPER_ROOT;12760;21;12757;18;;;12776;8;12778;19;;;12768.0;0.0
av_CORN_d2;22700;ASH_COATED_OSMIUM;10096;22;10094;15;;;10102;12;10106;17;;;10099.0;0.0
av_CORN_d2;22700;INTARIAN_PEPPER_ROOT;12767;11;12765;17;;;12773;17;12776;28;;;12770.0;0.0
av_CORN_d2;22800;ASH_COATED_OSMIUM;10096;16;10093;29;;;10102;17;10104;16;;;10099.0;0.0
av_CORN_d2;22800;INTARIAN_PEPPER_ROOT;12769;15;12766;17;;;12775;15;12779;16;;;12772.0;0.0
av_CORN_d2;22900;ASH_COATED_OSMIUM;10095;12;10093;13;;;10101;15;10103;19;;;10098.0;0.0
av_CORN_d2;22900;INTARIAN_PEPPER_ROOT;12771;18;12767;18;;;12778;6;12781;29;;;12774.5;0.0
av_CORN_d2;23000;ASH_COATED_OSMIUM;10086;5;10084;27;;;10112;20;10114;30;;;10099.0;0.0
av_CORN_d2;23000;INTARIAN_PEPPER_ROOT;12773;21;12769;18;;;12781;16;12783;15;;;12777.0;0.0
av_CORN_d2;23100;ASH_COATED_OSMIUM;10096;11;10093;24;;;10102;16;10104;21;;;10099.0;0.0
av_CORN_d2;23100;INTARIAN_PEPPER_ROOT;12775;13;12772;22;;;12781;22;12783;20;;;12778.0;0.0
av_CORN_d2;23200;ASH_COATED_OSMIUM;10096;17;10092;10;;;10102;8;10105;23;;;10099.0;0.0
av_CORN_d2;23200;INTARIAN_PEPPER_ROOT;12773;16;12769;23;;;12787;9;12791;25;;;12780.0;0.0
av_CORN_d2;23300;ASH_COATED_OSMIUM;10092;13;10088;23;;;10104;17;10107;24;;;10098.0;0.0
av_CORN_d2;23300;INTARIAN_PEPPER_ROOT;12779;13;12776;26;;;12785;17;12787;17;;;12782.0;0.0
av_CORN_d2;23400;ASH_COATED_OSMIUM;10093;15;10089;16;;;10104;17;10106;23;;;10098.5;0.0
av_CORN_d2;23400;INTARIAN_PEPPER_ROOT;12781;6;12777;16;;;12787;12;12791;23;;;12784.0;0.0
av_CORN_d2;23500;ASH_COATED_OSMIUM;10096;15;10094;27;;;10102;19;10106;14;;;10099.0;0.0
av_CORN_d2;23500;INTARIAN_PEPPER_ROOT;12784;19;12782;15;;;12790;14;12794;11;;;12787.0;0.0
av_CORN_d2;23600;ASH_COATED_OSMIUM;10092;24;10088;13;;;10106;5;10108;11;;;10099.0;0.0
av_CORN_d2;23600;INTARIAN_PEPPER_ROOT;12784;14;12782;14;;;12793;22;12797;19;;;12788.5;0.0
av_CORN_d2;23700;ASH_COATED_OSMIUM;10091;9;10089;13;;;10105;16;10109;16;;;10098.0;0.0
av_CORN_d2;23700;INTARIAN_PEPPER_ROOT;12788;14;12786;19;;;12794;16;12798;16;;;12791.0;0.0
av_CORN_d2;23800;ASH_COATED_OSMIUM;10092;7;10089;17;;;10107;17;10109;21;;;10099.5;0.0
av_CORN_d2;23800;INTARIAN_PEPPER_ROOT;12790;23;12788;23;;;12796;15;12800;21;;;12793.0;0.0
av_CORN_d2;23900;ASH_COATED_OSMIUM;10096;26;10092;24;;;10102;22;10105;21;;;10099.0;0.0
av_CORN_d2;23900;INTARIAN_PEPPER_ROOT;12791;21;12788;20;;;12798;6;12801;18;;;12794.5;0.0
av_CORN_d2;24000;ASH_COATED_OSMIUM;10096;15;10094;24;;;10102;16;10104;16;;;10099.0;0.0
av_CORN_d2;24000;INTARIAN_PEPPER_ROOT;12794;15;12791;15;;;12800;9;12804;23;;;12797.0;0.0
av_CORN_d2;24100;ASH_COATED_OSMIUM;10091;19;10089;14;;;10105;19;10108;26;;;10098.0;0.0
av_CORN_d2;24100;INTARIAN_PEPPER_ROOT;12795;15;12791;18;;;12801;13;12805;17;;;12798.0;0.0
av_CORN_d2;24200;ASH_COATED_OSMIUM;10090;20;10087;11;;;10108;11;10111;29;;;10099.0;0.0
av_CORN_d2;24200;INTARIAN_PEPPER_ROOT;12798;8;12794;29;;;12804;17;12806;24;;;12801.0;0.0
av_CORN_d2;24300;ASH_COATED_OSMIUM;10095;14;10091;15;;;10101;15;10104;17;;;10098.0;0.0
av_CORN_d2;24300;INTARIAN_PEPPER_ROOT;12800;21;12797;23;;;12806;9;12809;29;;;12803.0;0.0
av_CORN_d2;24400;ASH_COATED_OSMIUM;10093;20;10091;17;;;10104;12;10107;21;;;10098.5;0.0
av_CORN_d2;24400;INTARIAN_PEPPER_ROOT;12800;5;12797;25;;;12810;10;12813;18;;;12805.0;0.0
av_CORN_d2;24500;ASH_COATED_OSMIUM;10095;7;10091;16;;;10102;20;10105;22;;;10098.5;0.0
av_CORN_d2;24500;INTARIAN_PEPPER_ROOT;12800;14;12798;19;;;12816;16;12819;12;;;12808.0;0.0
av_CORN_d2;24600;ASH_COATED_OSMIUM;10085;23;10082;16;;;10113;18;10116;21;;;10099.0;0.0
av_CORN_d2;24600;INTARIAN_PEPPER_ROOT;12802;20;12799;20;;;12816;17;12820;29;;;12809.0;0.0
av_CORN_d2;24700;ASH_COATED_OSMIUM;10096;13;10093;23;;;10102;15;10106;23;;;10099.0;0.0
av_CORN_d2;24700;INTARIAN_PEPPER_ROOT;12809;13;12806;20;;;12815;6;12819;25;;;12812.0;0.0
av_CORN_d2;24800;ASH_COATED_OSMIUM;10096;16;10093;18;;;10102;14;10106;22;;;10099.0;0.0
av_CORN_d2;24800;INTARIAN_PEPPER_ROOT;12810;16;12808;18;;;12816;29;12818;24;;;12813.0;0.0
av_CORN_d2;24900;ASH_COATED_OSMIUM;10095;10;10092;10;;;10102;19;10105;18;;;10098.5;0.0
av_CORN_d2;24900;INTARIAN_PEPPER_ROOT;12810;17;12808;20;;;12820;12;12823;19;;;12815.0;0.0
av_CORN_d2;25000;ASH_COATED_OSMIUM;10096;15;10093;26;;;10102;12;10105;17;;;10099.0;0.0
av_CORN_d2;25000;INTARIAN_PEPPER_ROOT;12813;27;12810;19;;;12821;10;12825;18;;;12817.0;0.0
av_CORN_d2;25100;ASH_COATED_OSMIUM;10096;13;10093;21;;;10102;12;10106;23;;;10099.0;0.0
av_CORN_d2;25100;INTARIAN_PEPPER_ROOT;12816;18;12813;8;;;12822;16;12824;25;;;12819.0;0.0
av_CORN_d2;25200;ASH_COATED_OSMIUM;10096;18;10092;34;;;10102;22;10106;15;;;10099.0;0.0
av_CORN_d2;25200;INTARIAN_PEPPER_ROOT;12818;20;12815;21;;;12825;12;12827;15;;;12821.5;0.0
av_CORN_d2;25300;ASH_COATED_OSMIUM;10096;19;10094;22;;;10102;21;10105;18;;;10099.0;0.0
av_CORN_d2;25300;INTARIAN_PEPPER_ROOT;12820;14;12816;15;;;12826;10;12830;16;;;12823.0;0.0
av_CORN_d2;25400;ASH_COATED_OSMIUM;10096;23;10093;24;;;10102;15;10104;21;;;10099.0;0.0
av_CORN_d2;25400;INTARIAN_PEPPER_ROOT;12823;10;12819;30;;;12829;12;12832;23;;;12826.0;0.0
av_CORN_d2;25500;ASH_COATED_OSMIUM;10089;16;10085;28;;;10108;11;10111;20;;;10098.5;0.0
av_CORN_d2;25500;INTARIAN_PEPPER_ROOT;12819;9;12817;22;;;12836;25;12838;23;;;12827.5;0.0
av_CORN_d2;25600;ASH_COATED_OSMIUM;10096;11;10092;23;;;10102;21;10104;23;;;10099.0;0.0
av_CORN_d2;25600;INTARIAN_PEPPER_ROOT;12827;11;12824;25;;;12833;6;12837;29;;;12830.0;0.0
av_CORN_d2;25700;ASH_COATED_OSMIUM;10096;10;10092;18;;;10102;13;10106;20;;;10099.0;0.0
av_CORN_d2;25700;INTARIAN_PEPPER_ROOT;12825;18;12821;22;;;12838;20;12840;22;;;12831.5;0.0
av_CORN_d2;25800;ASH_COATED_OSMIUM;10095;23;10091;17;;;10101;19;10103;16;;;10098.0;0.0
av_CORN_d2;25800;INTARIAN_PEPPER_ROOT;12831;23;12828;13;;;12837;22;12840;28;;;12834.0;0.0
av_CORN_d2;25900;ASH_COATED_OSMIUM;10096;18;10092;22;;;10102;10;10104;25;;;10099.0;0.0
av_CORN_d2;25900;INTARIAN_PEPPER_ROOT;12832;19;12829;25;;;12838;12;12840;28;;;12835.0;0.0
av_CORN_d2;26000;ASH_COATED_OSMIUM;10096;19;10093;20;;;10102;9;10106;22;;;10099.0;0.0
av_CORN_d2;26000;INTARIAN_PEPPER_ROOT;12834;18;12832;20;;;12840;7;12843;17;;;12837.0;0.0
av_CORN_d2;26100;ASH_COATED_OSMIUM;10089;15;10085;22;;;10108;14;10111;22;;;10098.5;0.0
av_CORN_d2;26100;INTARIAN_PEPPER_ROOT;12836;15;12834;19;;;12842;18;12845;18;;;12839.0;0.0
av_CORN_d2;26200;ASH_COATED_OSMIUM;10094;14;10092;26;;;10102;12;10105;19;;;10098.0;0.0
av_CORN_d2;26200;INTARIAN_PEPPER_ROOT;12836;7;12833;17;;;12846;12;12850;15;;;12841.0;0.0
av_CORN_d2;26300;ASH_COATED_OSMIUM;10096;15;10094;27;;;10102;10;10105;23;;;10099.0;0.0
av_CORN_d2;26300;INTARIAN_PEPPER_ROOT;12841;24;12838;28;;;12847;11;12851;12;;;12844.0;0.0
av_CORN_d2;26400;ASH_COATED_OSMIUM;10095;18;10092;18;;;10102;15;10105;15;;;10098.5;0.0
av_CORN_d2;26400;INTARIAN_PEPPER_ROOT;12843;27;12841;22;;;12849;17;12853;22;;;12846.0;0.0
av_CORN_d2;26500;ASH_COATED_OSMIUM;10096;14;10093;27;;;10102;8;10104;21;;;10099.0;0.0
av_CORN_d2;26500;INTARIAN_PEPPER_ROOT;12844;14;12841;26;;;12850;14;12853;16;;;12847.0;0.0
av_CORN_d2;26600;ASH_COATED_OSMIUM;10089;17;10086;19;;;10109;23;10113;23;;;10099.0;0.0
av_CORN_d2;26600;INTARIAN_PEPPER_ROOT;12847;16;12844;16;;;12853;15;12857;23;;;12850.0;0.0
av_CORN_d2;26700;ASH_COATED_OSMIUM;10096;16;10092;27;;;10102;18;10105;24;;;10099.0;0.0
av_CORN_d2;26700;INTARIAN_PEPPER_ROOT;12846;15;12844;20;;;12857;8;12859;27;;;12851.5;0.0
av_CORN_d2;26800;ASH_COATED_OSMIUM;10096;15;10093;22;;;10102;16;10105;16;;;10099.0;0.0
av_CORN_d2;26800;INTARIAN_PEPPER_ROOT;12851;14;12849;20;;;12857;22;12860;25;;;12854.0;0.0
av_CORN_d2;26900;ASH_COATED_OSMIUM;10096;11;10093;23;;;10102;12;10105;18;;;10099.0;0.0
av_CORN_d2;26900;INTARIAN_PEPPER_ROOT;12840;10;12838;29;;;12872;16;12874;15;;;12856.0;0.0
av_CORN_d2;27000;ASH_COATED_OSMIUM;10096;6;10092;18;;;10102;5;10106;17;;;10099.0;0.0
av_CORN_d2;27000;INTARIAN_PEPPER_ROOT;12847;10;12845;22;;;12870;10;12872;24;;;12858.5;0.0
av_CORN_d2;27100;ASH_COATED_OSMIUM;10096;11;10093;21;;;10102;12;10104;28;;;10099.0;0.0
av_CORN_d2;27100;INTARIAN_PEPPER_ROOT;12857;18;12854;13;;;12863;11;12867;23;;;12860.0;0.0
av_CORN_d2;27200;ASH_COATED_OSMIUM;10084;18;10081;16;;;10114;12;10117;16;;;10099.0;0.0
av_CORN_d2;27200;INTARIAN_PEPPER_ROOT;12859;10;12855;14;;;12865;11;12868;25;;;12862.0;0.0
av_CORN_d2;27300;ASH_COATED_OSMIUM;10089;16;10086;26;;;10109;19;10112;22;;;10099.0;0.0
av_CORN_d2;27300;INTARIAN_PEPPER_ROOT;12861;17;12858;28;;;12867;11;12871;30;;;12864.0;0.0
av_CORN_d2;27400;ASH_COATED_OSMIUM;10096;21;10093;32;;;10102;20;10105;13;;;10099.0;0.0
av_CORN_d2;27400;INTARIAN_PEPPER_ROOT;12862;10;12860;18;;;12871;13;12874;20;;;12866.5;0.0
av_CORN_d2;27500;ASH_COATED_OSMIUM;10096;6;10093;14;;;10102;24;10106;23;;;10099.0;0.0
av_CORN_d2;27500;INTARIAN_PEPPER_ROOT;12857;21;12854;22;;;12881;10;12883;16;;;12869.0;0.0
av_CORN_d2;27600;ASH_COATED_OSMIUM;10095;17;10093;13;;;10102;18;10106;10;;;10098.5;0.0
av_CORN_d2;27600;INTARIAN_PEPPER_ROOT;12868;18;12866;9;;;12874;12;12878;24;;;12871.0;0.0
av_CORN_d2;27700;ASH_COATED_OSMIUM;10094;16;10092;18;;;10105;17;10109;17;;;10099.5;0.0
av_CORN_d2;27700;INTARIAN_PEPPER_ROOT;12870;12;12866;15;;;12876;18;12879;29;;;12873.0;0.0
av_CORN_d2;27800;ASH_COATED_OSMIUM;10094;15;10091;14;;;10105;21;10107;13;;;10099.5;0.0
av_CORN_d2;27800;INTARIAN_PEPPER_ROOT;12864;15;12860;15;;;12884;12;12887;21;;;12874.0;0.0
av_CORN_d2;27900;ASH_COATED_OSMIUM;10091;19;10088;13;;;10108;28;10110;22;;;10099.5;0.0
av_CORN_d2;27900;INTARIAN_PEPPER_ROOT;12868;20;12865;18;;;12886;10;12888;11;;;12877.0;0.0
av_CORN_d2;28000;ASH_COATED_OSMIUM;10095;23;10093;17;;;10103;17;10107;21;;;10099.0;0.0
av_CORN_d2;28000;INTARIAN_PEPPER_ROOT;12873;18;12869;20;;;12883;5;12885;24;;;12878.0;0.0
av_CORN_d2;28100;ASH_COATED_OSMIUM;10096;15;10094;12;;;10102;10;10105;20;;;10099.0;0.0
av_CORN_d2;28100;INTARIAN_PEPPER_ROOT;12872;13;12868;20;;;12889;13;12893;25;;;12880.5;0.0
av_CORN_d2;28200;ASH_COATED_OSMIUM;10092;14;10089;20;;;10107;9;10110;21;;;10099.5;0.0
av_CORN_d2;28200;INTARIAN_PEPPER_ROOT;12880;9;12876;24;;;12886;23;12890;16;;;12883.0;0.0
av_CORN_d2;28300;ASH_COATED_OSMIUM;10096;16;10093;23;;;10102;16;10106;13;;;10099.0;0.0
av_CORN_d2;28300;INTARIAN_PEPPER_ROOT;12882;23;12879;23;;;12888;10;12891;21;;;12885.0;0.0
av_CORN_d2;28400;ASH_COATED_OSMIUM;10096;26;10092;15;;;10102;10;10106;16;;;10099.0;0.0
av_CORN_d2;28400;INTARIAN_PEPPER_ROOT;12884;19;12881;25;;;12890;11;12893;24;;;12887.0;0.0
av_CORN_d2;28500;ASH_COATED_OSMIUM;10096;15;10094;22;;;10102;15;10106;24;;;10099.0;0.0
av_CORN_d2;28500;INTARIAN_PEPPER_ROOT;12886;14;12883;16;;;12892;14;12894;26;;;12889.0;0.0
av_CORN_d2;28600;ASH_COATED_OSMIUM;10097;18;10093;20;;;10103;15;10106;20;;;10100.0;0.0
av_CORN_d2;28600;INTARIAN_PEPPER_ROOT;12888;20;12885;16;;;12894;9;12898;13;;;12891.0;0.0
av_CORN_d2;28700;ASH_COATED_OSMIUM;10096;8;10093;17;;;10102;10;10105;24;;;10099.0;0.0
av_CORN_d2;28700;INTARIAN_PEPPER_ROOT;12890;21;12888;22;;;12896;14;12899;16;;;12893.0;0.0
av_CORN_d2;28800;ASH_COATED_OSMIUM;10096;16;10092;24;;;10102;18;10106;25;;;10099.0;0.0
av_CORN_d2;28800;INTARIAN_PEPPER_ROOT;12893;7;12889;12;;;12899;9;12902;15;;;12896.0;0.0
av_CORN_d2;28900;ASH_COATED_OSMIUM;10096;15;10093;13;;;10102;12;10105;28;;;10099.0;0.0
av_CORN_d2;28900;INTARIAN_PEPPER_ROOT;12894;9;12892;27;;;12900;20;12904;16;;;12897.0;0.0
av_CORN_d2;29000;ASH_COATED_OSMIUM;10096;16;10092;25;;;10102;14;10106;18;;;10099.0;0.0
av_CORN_d2;29000;INTARIAN_PEPPER_ROOT;12896;15;12892;23;;;12902;11;12905;19;;;12899.0;0.0
av_CORN_d2;29100;ASH_COATED_OSMIUM;10090;12;10087;11;;;10108;15;10111;30;;;10099.0;0.0
av_CORN_d2;29100;INTARIAN_PEPPER_ROOT;12898;22;12896;16;;;12904;18;12908;17;;;12901.0;0.0
av_CORN_d2;29200;ASH_COATED_OSMIUM;10096;20;10094;18;;;10102;6;10106;11;;;10099.0;0.0
av_CORN_d2;29200;INTARIAN_PEPPER_ROOT;12900;15;12896;21;;;12906;20;12908;17;;;12903.0;0.0
av_CORN_d2;29300;ASH_COATED_OSMIUM;10092;21;10090;22;;;10106;15;10110;19;;;10099.0;0.0
av_CORN_d2;29300;INTARIAN_PEPPER_ROOT;12902;9;12899;17;;;12908;19;12910;19;;;12905.0;0.0
av_CORN_d2;29400;ASH_COATED_OSMIUM;10096;15;10094;25;;;10102;16;10104;22;;;10099.0;0.0
av_CORN_d2;29400;INTARIAN_PEPPER_ROOT;12902;5;12900;23;;;12913;16;12917;21;;;12907.5;0.0
av_CORN_d2;29500;ASH_COATED_OSMIUM;10095;16;10093;19;;;10103;7;10105;16;;;10099.0;0.0
av_CORN_d2;29500;INTARIAN_PEPPER_ROOT;12907;11;12903;20;;;12913;12;12915;14;;;12910.0;0.0
av_CORN_d2;29600;ASH_COATED_OSMIUM;10096;11;10092;16;;;10102;21;10105;28;;;10099.0;0.0
av_CORN_d2;29600;INTARIAN_PEPPER_ROOT;12902;27;12899;22;;;12923;17;12927;18;;;12912.5;0.0
av_CORN_d2;29700;ASH_COATED_OSMIUM;10096;8;10092;24;;;10102;16;10106;17;;;10099.0;0.0
av_CORN_d2;29700;INTARIAN_PEPPER_ROOT;12911;9;12908;17;;;12917;10;12921;29;;;12914.0;0.0
av_CORN_d2;29800;ASH_COATED_OSMIUM;10096;19;10092;12;;;10102;13;10104;24;;;10099.0;0.0
av_CORN_d2;29800;INTARIAN_PEPPER_ROOT;12911;11;12907;19;;;12919;13;12923;20;;;12915.0;0.0
av_CORN_d2;29900;ASH_COATED_OSMIUM;10096;12;10094;15;;;10102;5;10106;20;;;10099.0;0.0
av_CORN_d2;29900;INTARIAN_PEPPER_ROOT;12915;13;12912;21;;;12921;15;12925;17;;;12918.0;0.0
av_CORN_d2;30000;ASH_COATED_OSMIUM;10096;26;10094;19;;;10102;17;10106;30;;;10099.0;0.0
av_CORN_d2;30000;INTARIAN_PEPPER_ROOT;12916;15;12913;19;;;12922;14;12924;25;;;12919.0;0.0
av_CORN_d2;30100;ASH_COATED_OSMIUM;10096;14;10092;19;;;10102;25;10104;21;;;10099.0;0.0
av_CORN_d2;30100;INTARIAN_PEPPER_ROOT;12917;22;12915;8;;;12925;14;12929;20;;;12921.0;0.0
av_CORN_d2;30200;ASH_COATED_OSMIUM;10081;10;10077;23;;;10118;15;10121;20;;;10099.5;0.0
av_CORN_d2;30200;INTARIAN_PEPPER_ROOT;12921;14;12918;13;;;12927;19;12931;26;;;12924.0;0.0
av_CORN_d2;30300;ASH_COATED_OSMIUM;10096;18;10093;22;;;10102;17;10104;22;;;10099.0;0.0
av_CORN_d2;30300;INTARIAN_PEPPER_ROOT;12922;18;12920;23;;;12929;15;12933;28;;;12925.5;0.0
av_CORN_d2;30400;ASH_COATED_OSMIUM;10097;5;10095;23;;;10103;18;10107;28;;;10100.0;0.0
av_CORN_d2;30400;INTARIAN_PEPPER_ROOT;12925;20;12922;19;;;12931;18;12933;23;;;12928.0;0.0
av_CORN_d2;30500;ASH_COATED_OSMIUM;10097;10;10095;24;;;10103;14;10107;22;;;10100.0;0.0
av_CORN_d2;30500;INTARIAN_PEPPER_ROOT;12927;7;12925;17;;;12933;18;12937;18;;;12930.0;0.0
av_CORN_d2;30600;ASH_COATED_OSMIUM;10096;13;10092;19;;;10102;24;10105;24;;;10099.0;0.0
av_CORN_d2;30600;INTARIAN_PEPPER_ROOT;12929;13;12925;13;;;12935;18;12937;21;;;12932.0;0.0
av_CORN_d2;30700;ASH_COATED_OSMIUM;10089;15;10085;20;;;10109;12;10112;25;;;10099.0;0.0
av_CORN_d2;30700;INTARIAN_PEPPER_ROOT;12925;26;12921;25;;;12943;15;12947;20;;;12934.0;0.0
av_CORN_d2;30800;ASH_COATED_OSMIUM;10088;13;10084;23;;;10111;16;10114;25;;;10099.5;0.0
av_CORN_d2;30800;INTARIAN_PEPPER_ROOT;12928;23;12924;23;;;12945;11;12947;19;;;12936.5;0.0
av_CORN_d2;30900;ASH_COATED_OSMIUM;10096;15;10092;14;;;10102;13;10106;22;;;10099.0;0.0
av_CORN_d2;30900;INTARIAN_PEPPER_ROOT;12934;16;12931;25;;;12942;13;12945;21;;;12938.0;0.0
av_CORN_d2;31000;ASH_COATED_OSMIUM;10095;12;10091;10;;;10104;15;10106;23;;;10099.5;0.0
av_CORN_d2;31000;INTARIAN_PEPPER_ROOT;12938;14;12934;11;;;12944;13;12947;27;;;12941.0;0.0
av_CORN_d2;31100;ASH_COATED_OSMIUM;10096;12;10093;23;;;10102;24;10106;26;;;10099.0;0.0
av_CORN_d2;31100;INTARIAN_PEPPER_ROOT;12939;16;12936;20;;;12945;14;12948;29;;;12942.0;0.0
av_CORN_d2;31200;ASH_COATED_OSMIUM;10096;11;10092;26;;;10102;12;10105;12;;;10099.0;0.0
av_CORN_d2;31200;INTARIAN_PEPPER_ROOT;12941;14;12937;26;;;12947;16;12950;18;;;12944.0;0.0
av_CORN_d2;31300;ASH_COATED_OSMIUM;10091;16;10087;24;;;10107;16;10111;20;;;10099.0;0.0
av_CORN_d2;31300;INTARIAN_PEPPER_ROOT;12943;17;12940;16;;;12949;16;12953;16;;;12946.0;0.0
av_CORN_d2;31400;ASH_COATED_OSMIUM;10096;19;10092;9;;;10102;10;10105;28;;;10099.0;0.0
av_CORN_d2;31400;INTARIAN_PEPPER_ROOT;12945;27;12942;26;;;12951;12;12954;13;;;12948.0;0.0
av_CORN_d2;31500;ASH_COATED_OSMIUM;10096;13;10093;15;;;10103;10;10105;14;;;10099.5;0.0
av_CORN_d2;31500;INTARIAN_PEPPER_ROOT;12948;23;12946;17;;;12954;17;12956;20;;;12951.0;0.0
av_CORN_d2;31600;ASH_COATED_OSMIUM;10096;11;10093;27;;;10102;12;10105;13;;;10099.0;0.0
av_CORN_d2;31600;INTARIAN_PEPPER_ROOT;12949;19;12946;22;;;12955;13;12958;20;;;12952.0;0.0
av_CORN_d2;31700;ASH_COATED_OSMIUM;10096;17;10092;26;;;10102;14;10106;23;;;10099.0;0.0
av_CORN_d2;31700;INTARIAN_PEPPER_ROOT;12952;8;12950;11;;;12958;11;12962;24;;;12955.0;0.0
av_CORN_d2;31800;ASH_COATED_OSMIUM;10095;8;10092;18;;;10104;18;10106;25;;;10099.5;0.0
av_CORN_d2;31800;INTARIAN_PEPPER_ROOT;12948;12;12945;10;;;12964;9;12968;23;;;12956.0;0.0
av_CORN_d2;31900;ASH_COATED_OSMIUM;10081;5;10078;21;;;10119;16;10121;16;;;10100.0;0.0
av_CORN_d2;31900;INTARIAN_PEPPER_ROOT;12953;13;12949;25;;;12963;15;12965;16;;;12958.0;0.0
av_CORN_d2;32000;ASH_COATED_OSMIUM;10096;11;10093;9;;;10102;11;10105;15;;;10099.0;0.0
av_CORN_d2;32000;INTARIAN_PEPPER_ROOT;12958;15;12955;20;;;12964;12;12966;20;;;12961.0;0.0
av_CORN_d2;32100;ASH_COATED_OSMIUM;10096;25;10093;22;;;10102;7;10104;19;;;10099.0;0.0
av_CORN_d2;32100;INTARIAN_PEPPER_ROOT;12959;24;12957;18;;;12965;18;12969;20;;;12962.0;0.0
av_CORN_d2;32200;ASH_COATED_OSMIUM;10096;13;10094;23;;;10104;20;10108;19;;;10100.0;0.0
av_CORN_d2;32200;INTARIAN_PEPPER_ROOT;12956;14;12953;24;;;12973;13;12975;17;;;12964.5;0.0
av_CORN_d2;32300;ASH_COATED_OSMIUM;10096;17;10093;17;;;10102;19;10104;22;;;10099.0;0.0
av_CORN_d2;32300;INTARIAN_PEPPER_ROOT;12964;13;12961;30;;;12970;17;12973;18;;;12967.0;0.0
av_CORN_d2;32400;ASH_COATED_OSMIUM;10094;8;10092;20;;;10104;17;10107;12;;;10099.0;0.0
av_CORN_d2;32400;INTARIAN_PEPPER_ROOT;12963;12;12960;21;;;12975;7;12977;16;;;12969.0;0.0
av_CORN_d2;32500;ASH_COATED_OSMIUM;10095;12;10092;16;;;10105;19;10107;21;;;10100.0;0.0
av_CORN_d2;32500;INTARIAN_PEPPER_ROOT;12968;13;12965;15;;;12974;19;12978;21;;;12971.0;0.0
av_CORN_d2;32600;ASH_COATED_OSMIUM;10095;14;10093;24;;;10102;14;10106;21;;;10098.5;0.0
av_CORN_d2;32600;INTARIAN_PEPPER_ROOT;12961;13;12957;21;;;12985;12;12989;20;;;12973.0;0.0
av_CORN_d2;32700;ASH_COATED_OSMIUM;10095;18;10091;18;;;10103;12;10106;15;;;10099.0;0.0
av_CORN_d2;32700;INTARIAN_PEPPER_ROOT;12972;14;12969;16;;;12978;21;12980;23;;;12975.0;0.0
av_CORN_d2;32800;ASH_COATED_OSMIUM;10096;20;10093;19;;;10102;12;10105;22;;;10099.0;0.0
av_CORN_d2;32800;INTARIAN_PEPPER_ROOT;12974;24;12970;25;;;12980;13;12983;26;;;12977.0;0.0
av_CORN_d2;32900;ASH_COATED_OSMIUM;10097;12;10095;22;;;10103;11;10106;20;;;10100.0;0.0
av_CORN_d2;32900;INTARIAN_PEPPER_ROOT;12976;5;12974;19;;;12982;17;12985;17;;;12979.0;0.0
av_CORN_d2;33000;ASH_COATED_OSMIUM;10096;16;10093;22;;;10102;7;10104;10;;;10099.0;0.0
av_CORN_d2;33000;INTARIAN_PEPPER_ROOT;12978;18;12975;22;;;12984;24;12987;22;;;12981.0;0.0
av_CORN_d2;33100;ASH_COATED_OSMIUM;10097;15;10093;15;;;10103;17;10107;20;;;10100.0;0.0
av_CORN_d2;33100;INTARIAN_PEPPER_ROOT;12980;18;12977;24;;;12986;11;12988;16;;;12983.0;0.0
av_CORN_d2;33200;ASH_COATED_OSMIUM;10096;7;10092;19;;;10102;13;10106;16;;;10099.0;0.0
av_CORN_d2;33200;INTARIAN_PEPPER_ROOT;12982;17;12979;17;;;12988;11;12992;15;;;12985.0;0.0
av_CORN_d2;33300;ASH_COATED_OSMIUM;10096;13;10092;17;;;10102;17;10106;17;;;10099.0;0.0
av_CORN_d2;33300;INTARIAN_PEPPER_ROOT;12984;19;12981;23;;;12990;8;12993;28;;;12987.0;0.0
av_CORN_d2;33400;ASH_COATED_OSMIUM;10096;16;10093;18;;;10104;20;10108;12;;;10100.0;0.0
av_CORN_d2;33400;INTARIAN_PEPPER_ROOT;12986;14;12983;30;;;12993;13;12997;19;;;12989.5;0.0
av_CORN_d2;33500;ASH_COATED_OSMIUM;10091;23;10088;14;;;10107;23;10111;21;;;10099.0;0.0
av_CORN_d2;33500;INTARIAN_PEPPER_ROOT;12980;16;12978;15;;;13003;12;13007;27;;;12991.5;0.0
av_CORN_d2;33600;ASH_COATED_OSMIUM;10096;23;10093;21;;;10102;10;10106;8;;;10099.0;0.0
av_CORN_d2;33600;INTARIAN_PEPPER_ROOT;12990;27;12987;13;;;12996;16;12999;23;;;12993.0;0.0
av_CORN_d2;33700;ASH_COATED_OSMIUM;10097;13;10094;30;;;10103;13;10107;12;;;10100.0;0.0
av_CORN_d2;33700;INTARIAN_PEPPER_ROOT;12993;5;12991;21;;;12999;20;13002;21;;;12996.0;0.0
av_CORN_d2;33800;ASH_COATED_OSMIUM;10095;17;10093;16;;;10103;18;10105;16;;;10099.0;0.0
av_CORN_d2;33800;INTARIAN_PEPPER_ROOT;12993;17;12990;18;;;13002;12;13005;25;;;12997.5;0.0
av_CORN_d2;33900;ASH_COATED_OSMIUM;10096;13;10092;21;;;10102;17;10105;13;;;10099.0;0.0
av_CORN_d2;33900;INTARIAN_PEPPER_ROOT;12996;23;12993;18;;;13002;8;13006;23;;;12999.0;0.0
av_CORN_d2;34000;ASH_COATED_OSMIUM;10097;16;10093;12;;;10103;14;10107;16;;;10100.0;0.0
av_CORN_d2;34000;INTARIAN_PEPPER_ROOT;12989;14;12985;13;;;13009;19;13013;28;;;12999.0;0.0
av_CORN_d2;34100;ASH_COATED_OSMIUM;10092;15;10090;22;;;10106;17;10110;17;;;10099.0;0.0
av_CORN_d2;34100;INTARIAN_PEPPER_ROOT;12994;9;12990;21;;;13001;16;13005;13;;;12997.5;0.0
av_CORN_d2;34200;ASH_COATED_OSMIUM;10096;21;10094;30;;;10103;15;10105;20;;;10099.5;0.0
av_CORN_d2;34200;INTARIAN_PEPPER_ROOT;12988;18;12984;14;;;13005;13;13009;24;;;12996.5;0.0
av_CORN_d2;34300;ASH_COATED_OSMIUM;10094;13;10090;25;;;10106;14;10108;18;;;10100.0;0.0
av_CORN_d2;34300;INTARIAN_PEPPER_ROOT;12987;15;12985;18;;;13004;26;13006;17;;;12995.5;0.0
av_CORN_d2;34400;ASH_COATED_OSMIUM;10088;12;10086;16;;;10111;21;10114;21;;;10099.5;0.0
av_CORN_d2;34400;INTARIAN_PEPPER_ROOT;12991;12;12988;19;;;12997;6;13001;22;;;12994.0;0.0
av_CORN_d2;34500;ASH_COATED_OSMIUM;10096;14;10094;18;;;10102;13;10106;13;;;10099.0;0.0
av_CORN_d2;34500;INTARIAN_PEPPER_ROOT;12990;10;12987;17;;;12996;13;12999;12;;;12993.0;0.0
av_CORN_d2;34600;ASH_COATED_OSMIUM;10096;18;10094;8;;;10102;23;10106;26;;;10099.0;0.0
av_CORN_d2;34600;INTARIAN_PEPPER_ROOT;12989;17;12987;22;;;12995;13;12998;11;;;12992.0;0.0
av_CORN_d2;34700;ASH_COATED_OSMIUM;10081;9;10078;23;;;10118;23;10121;13;;;10099.5;0.0
av_CORN_d2;34700;INTARIAN_PEPPER_ROOT;12988;15;12985;21;;;12994;15;12996;21;;;12991.0;0.0
av_CORN_d2;34800;ASH_COATED_OSMIUM;10094;6;10090;19;;;10103;14;10106;14;;;10098.5;0.0
av_CORN_d2;34800;INTARIAN_PEPPER_ROOT;12980;15;12976;21;;;12999;12;13001;14;;;12989.5;0.0
av_CORN_d2;34900;ASH_COATED_OSMIUM;10097;7;10095;19;;;10103;17;10105;24;;;10100.0;0.0
av_CORN_d2;34900;INTARIAN_PEPPER_ROOT;12986;5;12984;21;;;12992;19;12994;18;;;12989.0;0.0
av_CORN_d2;35000;ASH_COATED_OSMIUM;10095;13;10091;22;;;10101;16;10104;21;;;10098.0;0.0
av_CORN_d2;35000;INTARIAN_PEPPER_ROOT;12985;11;12983;20;;;12991;11;12994;20;;;12988.0;0.0
av_CORN_d2;35100;ASH_COATED_OSMIUM;10096;15;10094;20;;;10102;5;10104;24;;;10099.0;0.0
av_CORN_d2;35100;INTARIAN_PEPPER_ROOT;12983;20;12981;25;;;12989;15;12992;22;;;12986.0;0.0
av_CORN_d2;35200;ASH_COATED_OSMIUM;10096;25;10093;15;;;10102;9;10104;28;;;10099.0;0.0
av_CORN_d2;35200;INTARIAN_PEPPER_ROOT;12977;28;12974;13;;;12994;18;12997;19;;;12985.5;0.0
av_CORN_d2;35300;ASH_COATED_OSMIUM;10088;21;10086;15;;;10111;20;10115;19;;;10099.5;0.0
av_CORN_d2;35300;INTARIAN_PEPPER_ROOT;12982;20;12980;14;;;12988;13;12991;16;;;12985.0;0.0
av_CORN_d2;35400;ASH_COATED_OSMIUM;10095;17;10091;16;;;10104;13;10107;14;;;10099.5;0.0
av_CORN_d2;35400;INTARIAN_PEPPER_ROOT;12979;18;12975;15;;;12988;20;12991;21;;;12983.5;0.0
av_CORN_d2;35500;ASH_COATED_OSMIUM;10093;24;10090;21;;;10105;9;10109;18;;;10099.0;0.0
av_CORN_d2;35500;INTARIAN_PEPPER_ROOT;12976;14;12972;20;;;12990;18;12992;27;;;12983.0;0.0
av_CORN_d2;35600;ASH_COATED_OSMIUM;10095;15;10092;20;;;10101;14;10103;19;;;10098.0;0.0
av_CORN_d2;35600;INTARIAN_PEPPER_ROOT;12977;25;12973;18;;;12987;6;12991;19;;;12982.0;0.0
av_CORN_d2;35700;ASH_COATED_OSMIUM;10096;20;10094;14;;;10102;16;10104;24;;;10099.0;0.0
av_CORN_d2;35700;INTARIAN_PEPPER_ROOT;12978;14;12976;27;;;12984;15;12988;14;;;12981.0;0.0
av_CORN_d2;35800;ASH_COATED_OSMIUM;10095;11;10091;17;;;10101;16;10103;15;;;10098.0;0.0
av_CORN_d2;35800;INTARIAN_PEPPER_ROOT;12976;25;12974;16;;;12982;15;12986;25;;;12979.0;0.0
av_CORN_d2;35900;ASH_COATED_OSMIUM;10083;7;10080;10;;;10114;11;10116;18;;;10098.5;0.0
av_CORN_d2;35900;INTARIAN_PEPPER_ROOT;12962;14;12960;13;;;12995;12;12999;27;;;12978.5;0.0
av_CORN_d2;36000;ASH_COATED_OSMIUM;10096;17;10092;20;;;10102;18;10106;21;;;10099.0;0.0
av_CORN_d2;36000;INTARIAN_PEPPER_ROOT;12974;13;12970;16;;;12980;24;12982;15;;;12977.0;0.0
av_CORN_d2;36100;ASH_COATED_OSMIUM;10095;19;10092;18;;;10102;10;10106;22;;;10098.5;0.0
av_CORN_d2;36100;INTARIAN_PEPPER_ROOT;12974;7;12972;15;;;12980;19;12983;18;;;12977.0;0.0
av_CORN_d2;36200;ASH_COATED_OSMIUM;10095;5;10091;16;;;10101;20;10105;15;;;10098.0;0.0
av_CORN_d2;36200;INTARIAN_PEPPER_ROOT;12967;13;12964;17;;;12984;10;12988;17;;;12975.5;0.0
av_CORN_d2;36300;ASH_COATED_OSMIUM;10094;13;10090;19;;;10102;15;10104;19;;;10098.0;0.0
av_CORN_d2;36300;INTARIAN_PEPPER_ROOT;12971;6;12967;20;;;12978;20;12982;16;;;12974.5;0.0
av_CORN_d2;36400;ASH_COATED_OSMIUM;10094;18;10091;24;;;10100;8;10104;19;;;10097.0;0.0
av_CORN_d2;36400;INTARIAN_PEPPER_ROOT;12970;10;12968;11;;;12977;15;12980;22;;;12973.5;0.0
av_CORN_d2;36500;ASH_COATED_OSMIUM;10080;15;10076;26;;;10117;11;10120;19;;;10098.5;0.0
av_CORN_d2;36500;INTARIAN_PEPPER_ROOT;12969;14;12967;14;;;12975;14;12978;15;;;12972.0;0.0
av_CORN_d2;36600;ASH_COATED_OSMIUM;10091;14;10088;19;;;10104;22;10107;23;;;10097.5;0.0
av_CORN_d2;36600;INTARIAN_PEPPER_ROOT;12965;18;12963;20;;;12978;18;12982;25;;;12971.5;0.0
av_CORN_d2;36700;ASH_COATED_OSMIUM;10095;17;10091;20;;;10101;5;10104;17;;;10098.0;0.0
av_CORN_d2;36700;INTARIAN_PEPPER_ROOT;12953;19;12950;13;;;12988;6;12990;9;;;12970.5;0.0
av_CORN_d2;36800;ASH_COATED_OSMIUM;10095;13;10091;12;;;10101;13;10104;16;;;10098.0;0.0
av_CORN_d2;36800;INTARIAN_PEPPER_ROOT;12963;14;12959;16;;;12975;19;12979;19;;;12969.0;0.0
av_CORN_d2;36900;ASH_COATED_OSMIUM;10095;23;10091;26;;;10101;18;10104;23;;;10098.0;0.0
av_CORN_d2;36900;INTARIAN_PEPPER_ROOT;12963;6;12959;23;;;12972;16;12974;8;;;12967.5;0.0
av_CORN_d2;37000;ASH_COATED_OSMIUM;10095;11;10093;13;;;10101;11;10103;14;;;10098.0;0.0
av_CORN_d2;37000;INTARIAN_PEPPER_ROOT;12963;16;12960;18;;;12969;12;12971;16;;;12966.0;0.0
av_CORN_d2;37100;ASH_COATED_OSMIUM;10094;14;10092;29;;;10100;22;10104;17;;;10097.0;0.0
av_CORN_d2;37100;INTARIAN_PEPPER_ROOT;12963;16;12959;13;;;12969;15;12973;22;;;12966.0;0.0
av_CORN_d2;37200;ASH_COATED_OSMIUM;10095;7;10091;18;;;10101;19;10103;16;;;10098.0;0.0
av_CORN_d2;37200;INTARIAN_PEPPER_ROOT;12960;13;12958;14;;;12969;13;12973;20;;;12964.5;0.0
av_CORN_d2;37300;ASH_COATED_OSMIUM;10095;19;10092;25;;;10101;15;10103;20;;;10098.0;0.0
av_CORN_d2;37300;INTARIAN_PEPPER_ROOT;12961;21;12957;21;;;12967;15;12970;17;;;12964.0;0.0
av_CORN_d2;37400;ASH_COATED_OSMIUM;10094;7;10092;26;;;10101;16;10104;18;;;10097.5;0.0
av_CORN_d2;37400;INTARIAN_PEPPER_ROOT;12959;8;12957;23;;;12965;16;12967;29;;;12962.0;0.0
av_CORN_d2;37500;ASH_COATED_OSMIUM;10089;14;10085;22;;;10106;11;10110;20;;;10097.5;0.0
av_CORN_d2;37500;INTARIAN_PEPPER_ROOT;12958;20;12954;16;;;12964;12;12966;16;;;12961.0;0.0
av_CORN_d2;37600;ASH_COATED_OSMIUM;10093;18;10091;24;;;10102;7;10105;12;;;10097.5;0.0
av_CORN_d2;37600;INTARIAN_PEPPER_ROOT;12954;15;12952;14;;;12966;5;12968;21;;;12960.0;0.0
av_CORN_d2;37700;ASH_COATED_OSMIUM;10093;19;10089;14;;;10101;16;10103;24;;;10097.0;0.0
av_CORN_d2;37700;INTARIAN_PEPPER_ROOT;12956;25;12953;22;;;12962;19;12964;13;;;12959.0;0.0
av_CORN_d2;37800;ASH_COATED_OSMIUM;10087;10;10084;25;;;10107;21;10111;17;;;10097.0;0.0
av_CORN_d2;37800;INTARIAN_PEPPER_ROOT;12952;10;12950;12;;;12965;11;12968;27;;;12958.5;0.0
av_CORN_d2;37900;ASH_COATED_OSMIUM;10094;20;10091;26;;;10100;18;10104;13;;;10097.0;0.0
av_CORN_d2;37900;INTARIAN_PEPPER_ROOT;12954;10;12952;24;;;12962;13;12966;19;;;12958.0;0.0
av_CORN_d2;38000;ASH_COATED_OSMIUM;10089;30;10086;18;;;10105;16;10108;9;;;10097.0;0.0
av_CORN_d2;38000;INTARIAN_PEPPER_ROOT;12944;16;12942;18;;;12969;18;12973;18;;;12956.5;0.0
av_CORN_d2;38100;ASH_COATED_OSMIUM;10094;18;10091;23;;;10100;25;10102;9;;;10097.0;0.0
av_CORN_d2;38100;INTARIAN_PEPPER_ROOT;12949;14;12946;16;;;12961;18;12964;24;;;12955.0;0.0
av_CORN_d2;38200;ASH_COATED_OSMIUM;10088;20;10086;18;;;10107;26;10110;17;;;10097.5;0.0
av_CORN_d2;38200;INTARIAN_PEPPER_ROOT;12951;14;12948;19;;;12957;14;12961;18;;;12954.0;0.0
av_CORN_d2;38300;ASH_COATED_OSMIUM;10092;9;10088;25;;;10100;16;10103;26;;;10096.0;0.0
av_CORN_d2;38300;INTARIAN_PEPPER_ROOT;12950;14;12946;19;;;12956;16;12960;20;;;12953.0;0.0
av_CORN_d2;38400;ASH_COATED_OSMIUM;10094;16;10090;22;;;10100;16;10102;23;;;10097.0;0.0
av_CORN_d2;38400;INTARIAN_PEPPER_ROOT;12945;7;12941;22;;;12958;5;12960;16;;;12951.5;0.0
av_CORN_d2;38500;ASH_COATED_OSMIUM;10090;23;10086;17;;;10103;18;10106;23;;;10096.5;0.0
av_CORN_d2;38500;INTARIAN_PEPPER_ROOT;12948;10;12945;20;;;12955;25;12959;22;;;12951.5;0.0
av_CORN_d2;38600;ASH_COATED_OSMIUM;10090;8;10088;19;;;10103;10;10105;26;;;10096.5;0.0
av_CORN_d2;38600;INTARIAN_PEPPER_ROOT;12946;15;12942;18;;;12952;6;12954;28;;;12949.0;0.0
av_CORN_d2;38700;ASH_COATED_OSMIUM;10094;18;10091;28;;;10100;5;10102;18;;;10097.0;0.0
av_CORN_d2;38700;INTARIAN_PEPPER_ROOT;12942;16;12939;29;;;12957;22;12960;25;;;12949.5;0.0
av_CORN_d2;38800;ASH_COATED_OSMIUM;10094;5;10091;29;;;10100;13;10104;22;;;10097.0;0.0
av_CORN_d2;38800;INTARIAN_PEPPER_ROOT;12945;10;12942;18;;;12951;17;12955;19;;;12948.0;0.0
av_CORN_d2;38900;ASH_COATED_OSMIUM;10094;14;10091;14;;;10100;11;10103;21;;;10097.0;0.0
av_CORN_d2;38900;INTARIAN_PEPPER_ROOT;12944;21;12940;14;;;12950;11;12953;19;;;12947.0;0.0
av_CORN_d2;39000;ASH_COATED_OSMIUM;10094;14;10091;12;;;10100;22;10103;23;;;10097.0;0.0
av_CORN_d2;39000;INTARIAN_PEPPER_ROOT;12937;24;12933;20;;;12955;22;12957;25;;;12946.0;0.0
av_CORN_d2;39100;ASH_COATED_OSMIUM;10090;15;10087;20;;;10103;13;10107;18;;;10096.5;0.0
av_CORN_d2;39100;INTARIAN_PEPPER_ROOT;12942;9;12940;24;;;12948;19;12951;22;;;12945.0;0.0
av_CORN_d2;39200;ASH_COATED_OSMIUM;10093;11;10090;22;;;10099;6;10101;22;;;10096.0;0.0
av_CORN_d2;39200;INTARIAN_PEPPER_ROOT;12941;7;12938;13;;;12947;14;12949;16;;;12944.0;0.0
av_CORN_d2;39300;ASH_COATED_OSMIUM;10094;16;10091;12;;;10100;14;10102;14;;;10097.0;0.0
av_CORN_d2;39300;INTARIAN_PEPPER_ROOT;12940;9;12936;20;;;12946;21;12949;15;;;12943.0;0.0
av_CORN_d2;39400;ASH_COATED_OSMIUM;10093;10;10090;21;;;10099;15;10102;15;;;10096.0;0.0
av_CORN_d2;39400;INTARIAN_PEPPER_ROOT;12937;9;12933;25;;;12948;18;12951;19;;;12942.5;0.0
av_CORN_d2;39500;ASH_COATED_OSMIUM;10094;10;10091;18;;;10100;15;10102;26;;;10097.0;0.0
av_CORN_d2;39500;INTARIAN_PEPPER_ROOT;12935;8;12933;17;;;12946;20;12950;27;;;12940.5;0.0
av_CORN_d2;39600;ASH_COATED_OSMIUM;10081;10;10078;25;;;10111;15;10115;24;;;10096.0;0.0
av_CORN_d2;39600;INTARIAN_PEPPER_ROOT;12936;22;12933;15;;;12942;13;12945;18;;;12939.0;0.0
av_CORN_d2;39700;ASH_COATED_OSMIUM;10083;15;10079;19;;;10109;13;10113;17;;;10096.0;0.0
av_CORN_d2;39700;INTARIAN_PEPPER_ROOT;12935;15;12932;12;;;12941;19;12944;23;;;12938.0;0.0
av_CORN_d2;39800;ASH_COATED_OSMIUM;10094;8;10090;18;;;10100;8;10102;25;;;10097.0;0.0
av_CORN_d2;39800;INTARIAN_PEPPER_ROOT;12934;9;12930;26;;;12940;8;12944;18;;;12937.0;0.0
av_CORN_d2;39900;ASH_COATED_OSMIUM;10093;19;10090;13;;;10099;26;10101;22;;;10096.0;0.0
av_CORN_d2;39900;INTARIAN_PEPPER_ROOT;12933;12;12930;18;;;12939;21;12943;29;;;12936.0;0.0
av_CORN_d2;40000;ASH_COATED_OSMIUM;10093;9;10090;9;;;10099;14;10102;20;;;10096.0;0.0
av_CORN_d2;40000;INTARIAN_PEPPER_ROOT;12932;20;12929;20;;;12938;17;12940;22;;;12935.0;0.0
av_CORN_d2;40100;ASH_COATED_OSMIUM;10090;12;10087;26;;;10102;8;10105;14;;;10096.0;0.0
av_CORN_d2;40100;INTARIAN_PEPPER_ROOT;12931;6;12928;24;;;12937;11;12939;22;;;12934.0;0.0
av_CORN_d2;40200;ASH_COATED_OSMIUM;10090;16;10087;15;;;10103;9;10107;18;;;10096.5;0.0
av_CORN_d2;40200;INTARIAN_PEPPER_ROOT;12930;17;12926;19;;;12936;21;12940;21;;;12933.0;0.0
av_CORN_d2;40300;ASH_COATED_OSMIUM;10093;13;10090;15;;;10100;17;10102;22;;;10096.5;0.0
av_CORN_d2;40300;INTARIAN_PEPPER_ROOT;12927;17;12924;28;;;12937;11;12939;24;;;12932.0;0.0
av_CORN_d2;40400;ASH_COATED_OSMIUM;10088;10;10085;19;;;10103;16;10105;21;;;10095.5;0.0
av_CORN_d2;40400;INTARIAN_PEPPER_ROOT;12926;13;12923;22;;;12934;12;12938;16;;;12930.0;0.0
av_CORN_d2;40500;ASH_COATED_OSMIUM;10091;16;10089;14;;;10099;22;10101;33;;;10095.0;0.0
av_CORN_d2;40500;INTARIAN_PEPPER_ROOT;12926;17;12923;21;;;12932;16;12935;23;;;12929.0;0.0
av_CORN_d2;40600;ASH_COATED_OSMIUM;10091;21;10089;20;;;10099;17;10103;23;;;10095.0;0.0
av_CORN_d2;40600;INTARIAN_PEPPER_ROOT;12924;18;12922;31;;;12934;18;12936;18;;;12929.0;0.0
av_CORN_d2;40700;ASH_COATED_OSMIUM;10093;8;10091;30;;;10099;17;10103;21;;;10096.0;0.0
av_CORN_d2;40700;INTARIAN_PEPPER_ROOT;12922;12;12919;18;;;12934;19;12937;15;;;12928.0;0.0
av_CORN_d2;40800;ASH_COATED_OSMIUM;10093;15;10090;27;;;10099;10;10101;20;;;10096.0;0.0
av_CORN_d2;40800;INTARIAN_PEPPER_ROOT;12924;14;12920;25;;;12930;12;12932;17;;;12927.0;0.0
av_CORN_d2;40900;ASH_COATED_OSMIUM;10092;12;10089;31;;;10098;20;10102;15;;;10095.0;0.0
av_CORN_d2;40900;INTARIAN_PEPPER_ROOT;12922;8;12919;8;;;12929;12;12932;29;;;12925.5;0.0
av_CORN_d2;41000;ASH_COATED_OSMIUM;10091;16;10088;14;;;10099;10;10102;23;;;10095.0;0.0
av_CORN_d2;41000;INTARIAN_PEPPER_ROOT;12921;16;12918;24;;;12930;10;12932;20;;;12925.5;0.0
av_CORN_d2;41100;ASH_COATED_OSMIUM;10093;14;10091;25;;;10099;17;10102;8;;;10096.0;0.0
av_CORN_d2;41100;INTARIAN_PEPPER_ROOT;12920;13;12918;22;;;12926;16;12930;18;;;12923.0;0.0
av_CORN_d2;41200;ASH_COATED_OSMIUM;10092;16;10088;17;;;10098;12;10101;21;;;10095.0;0.0
av_CORN_d2;41200;INTARIAN_PEPPER_ROOT;12919;17;12917;19;;;12925;10;12927;25;;;12922.0;0.0
av_CORN_d2;41300;ASH_COATED_OSMIUM;10086;17;10083;22;;;10105;15;10107;17;;;10095.5;0.0
av_CORN_d2;41300;INTARIAN_PEPPER_ROOT;12918;5;12914;17;;;12924;12;12927;23;;;12921.0;0.0
av_CORN_d2;41400;ASH_COATED_OSMIUM;10092;11;10090;14;;;10099;9;10102;13;;;10095.5;0.0
av_CORN_d2;41400;INTARIAN_PEPPER_ROOT;12916;16;12914;18;;;12925;20;12927;23;;;12920.5;0.0
av_CORN_d2;41500;ASH_COATED_OSMIUM;10086;20;10082;23;;;10105;12;10108;25;;;10095.5;0.0
av_CORN_d2;41500;INTARIAN_PEPPER_ROOT;12916;11;12913;22;;;12922;21;12926;12;;;12919.0;0.0
av_CORN_d2;41600;ASH_COATED_OSMIUM;10092;13;10088;22;;;10099;7;10103;19;;;10095.5;0.0
av_CORN_d2;41600;INTARIAN_PEPPER_ROOT;12915;7;12913;23;;;12921;15;12923;18;;;12918.0;0.0
av_CORN_d2;41700;ASH_COATED_OSMIUM;10091;9;10089;29;;;10098;15;10102;21;;;10094.5;0.0
av_CORN_d2;41700;INTARIAN_PEPPER_ROOT;12912;5;12908;22;;;12923;19;12925;16;;;12917.5;0.0
av_CORN_d2;41800;ASH_COATED_OSMIUM;10091;13;10089;24;;;10099;17;10102;16;;;10095.0;0.0
av_CORN_d2;41800;INTARIAN_PEPPER_ROOT;12913;15;12911;26;;;12919;21;12923;23;;;12916.0;0.0
av_CORN_d2;41900;ASH_COATED_OSMIUM;10090;15;10087;16;;;10100;8;10104;16;;;10095.0;0.0
av_CORN_d2;41900;INTARIAN_PEPPER_ROOT;12912;14;12908;21;;;12919;6;12922;21;;;12915.5;0.0
av_CORN_d2;42000;ASH_COATED_OSMIUM;10092;16;10088;13;;;10099;8;10103;16;;;10095.5;0.0
av_CORN_d2;42000;INTARIAN_PEPPER_ROOT;12911;16;12908;16;;;12917;22;12920;20;;;12914.0;0.0
av_CORN_d2;42100;ASH_COATED_OSMIUM;10092;12;10088;20;;;10098;11;10100;18;;;10095.0;0.0
av_CORN_d2;42100;INTARIAN_PEPPER_ROOT;12910;6;12907;15;;;12916;21;12920;20;;;12913.0;0.0
av_CORN_d2;42200;ASH_COATED_OSMIUM;10092;15;10089;16;;;10098;21;10102;14;;;10095.0;0.0
av_CORN_d2;42200;INTARIAN_PEPPER_ROOT;12909;12;12907;15;;;12915;8;12919;16;;;12912.0;0.0
av_CORN_d2;42300;ASH_COATED_OSMIUM;10092;20;10089;25;;;10098;19;10101;17;;;10095.0;0.0
av_CORN_d2;42300;INTARIAN_PEPPER_ROOT;12908;14;12906;26;;;12914;15;12916;18;;;12911.0;0.0
av_CORN_d2;42400;ASH_COATED_OSMIUM;10092;15;10089;22;;;10098;7;10100;21;;;10095.0;0.0
av_CORN_d2;42400;INTARIAN_PEPPER_ROOT;12905;13;12902;22;;;12915;19;12918;22;;;12910.0;0.0
av_CORN_d2;42500;ASH_COATED_OSMIUM;10092;16;10090;25;;;10098;7;10102;23;;;10095.0;0.0
av_CORN_d2;42500;INTARIAN_PEPPER_ROOT;12906;12;12903;15;;;12912;14;12915;20;;;12909.0;0.0
av_CORN_d2;42600;ASH_COATED_OSMIUM;10090;17;10086;11;;;10100;12;10102;26;;;10095.0;0.0
av_CORN_d2;42600;INTARIAN_PEPPER_ROOT;12905;21;12903;24;;;12911;9;12915;20;;;12908.0;0.0
av_CORN_d2;42700;ASH_COATED_OSMIUM;10091;8;10087;21;;;10100;11;10103;25;;;10095.5;0.0
av_CORN_d2;42700;INTARIAN_PEPPER_ROOT;12899;13;12896;21;;;12914;16;12918;18;;;12906.5;0.0
av_CORN_d2;42800;ASH_COATED_OSMIUM;10092;5;10089;16;;;10098;14;10102;24;;;10095.0;0.0
av_CORN_d2;42800;INTARIAN_PEPPER_ROOT;12902;10;12899;27;;;12908;5;12910;13;;;12905.0;0.0
av_CORN_d2;42900;ASH_COATED_OSMIUM;10090;22;10086;17;;;10098;11;10100;28;;;10094.0;0.0
av_CORN_d2;42900;INTARIAN_PEPPER_ROOT;12901;8;12898;30;;;12907;10;12911;15;;;12904.0;0.0
av_CORN_d2;43000;ASH_COATED_OSMIUM;10089;16;10086;26;;;10099;21;10101;25;;;10094.0;0.0
av_CORN_d2;43000;INTARIAN_PEPPER_ROOT;12896;9;12893;24;;;12910;25;12913;25;;;12903.0;0.0
av_CORN_d2;43100;ASH_COATED_OSMIUM;10091;14;10088;26;;;10097;24;10099;15;;;10094.0;0.0
av_CORN_d2;43100;INTARIAN_PEPPER_ROOT;12897;15;12894;22;;;12908;11;12910;14;;;12902.5;0.0
av_CORN_d2;43200;ASH_COATED_OSMIUM;10092;9;10088;17;;;10099;15;10102;16;;;10095.5;0.0
av_CORN_d2;43200;INTARIAN_PEPPER_ROOT;12898;17;12896;21;;;12904;8;12908;21;;;12901.0;0.0
av_CORN_d2;43300;ASH_COATED_OSMIUM;10089;21;10085;14;;;10099;8;10102;24;;;10094.0;0.0
av_CORN_d2;43300;INTARIAN_PEPPER_ROOT;12884;15;12881;13;;;12916;17;12920;20;;;12900.0;0.0
av_CORN_d2;43400;ASH_COATED_OSMIUM;10091;19;10089;22;;;10097;10;10099;16;;;10094.0;0.0
av_CORN_d2;43400;INTARIAN_PEPPER_ROOT;12896;6;12894;13;;;12903;11;12907;22;;;12899.5;0.0
av_CORN_d2;43500;ASH_COATED_OSMIUM;10091;10;10088;16;;;10097;26;10099;13;;;10094.0;0.0
av_CORN_d2;43500;INTARIAN_PEPPER_ROOT;12895;19;12892;22;;;12901;15;12903;25;;;12898.0;0.0
av_CORN_d2;43600;ASH_COATED_OSMIUM;10088;11;10084;20;;;10101;13;10104;29;;;10094.5;0.0
av_CORN_d2;43600;INTARIAN_PEPPER_ROOT;12871;10;12869;10;;;12924;16;12927;20;;;12897.5;0.0
av_CORN_d2;43700;ASH_COATED_OSMIUM;10091;16;10089;15;;;10097;19;10099;17;;;10094.0;0.0
av_CORN_d2;43700;INTARIAN_PEPPER_ROOT;12888;10;12885;22;;;12905;16;12907;23;;;12896.5;0.0
av_CORN_d2;43800;ASH_COATED_OSMIUM;10090;15;10087;20;;;10099;14;10103;26;;;10094.5;0.0
av_CORN_d2;43800;INTARIAN_PEPPER_ROOT;12891;9;12887;25;;;12899;13;12901;21;;;12895.0;0.0
av_CORN_d2;43900;ASH_COATED_OSMIUM;10091;12;10088;23;;;10097;26;10099;19;;;10094.0;0.0
av_CORN_d2;43900;INTARIAN_PEPPER_ROOT;12890;17;12887;25;;;12897;5;12901;16;;;12893.5;0.0
av_CORN_d2;44000;ASH_COATED_OSMIUM;10090;21;10087;20;;;10099;18;10101;8;;;10094.5;0.0
av_CORN_d2;44000;INTARIAN_PEPPER_ROOT;12890;19;12888;24;;;12897;14;12899;19;;;12893.5;0.0
av_CORN_d2;44100;ASH_COATED_OSMIUM;10082;9;10080;16;;;10107;16;10111;18;;;10094.5;0.0
av_CORN_d2;44100;INTARIAN_PEPPER_ROOT;12889;8;12886;27;;;12895;6;12898;24;;;12892.0;0.0
av_CORN_d2;44200;ASH_COATED_OSMIUM;10091;25;10087;22;;;10097;12;10099;18;;;10094.0;0.0
av_CORN_d2;44200;INTARIAN_PEPPER_ROOT;12881;15;12879;18;;;12900;29;12903;20;;;12890.5;0.0
av_CORN_d2;44300;ASH_COATED_OSMIUM;10091;9;10087;16;;;10097;14;10099;29;;;10094.0;0.0
av_CORN_d2;44300;INTARIAN_PEPPER_ROOT;12887;15;12883;15;;;12893;11;12896;17;;;12890.0;0.0
av_CORN_d2;44400;ASH_COATED_OSMIUM;10090;7;10087;25;;;10096;21;10099;23;;;10093.0;0.0
av_CORN_d2;44400;INTARIAN_PEPPER_ROOT;12886;14;12882;26;;;12892;13;12894;15;;;12889.0;0.0
av_CORN_d2;44500;ASH_COATED_OSMIUM;10091;7;10089;20;;;10097;11;10100;13;;;10094.0;0.0
av_CORN_d2;44500;INTARIAN_PEPPER_ROOT;12884;14;12882;22;;;12893;13;12897;21;;;12888.5;0.0
av_CORN_d2;44600;ASH_COATED_OSMIUM;10089;17;10087;15;;;10099;19;10101;14;;;10094.0;0.0
av_CORN_d2;44600;INTARIAN_PEPPER_ROOT;12876;13;12874;15;;;12896;24;12899;10;;;12886.0;0.0
av_CORN_d2;44700;ASH_COATED_OSMIUM;10091;10;10087;22;;;10097;15;10099;16;;;10094.0;0.0
av_CORN_d2;44700;INTARIAN_PEPPER_ROOT;12882;12;12879;20;;;12888;13;12891;27;;;12885.0;0.0
av_CORN_d2;44800;ASH_COATED_OSMIUM;10085;13;10082;21;;;10103;5;10105;22;;;10094.0;0.0
av_CORN_d2;44800;INTARIAN_PEPPER_ROOT;12875;22;12871;19;;;12893;15;12896;20;;;12884.0;0.0
av_CORN_d2;44900;ASH_COATED_OSMIUM;10089;13;10087;22;;;10098;17;10100;18;;;10093.5;0.0
av_CORN_d2;44900;INTARIAN_PEPPER_ROOT;12880;17;12877;12;;;12886;10;12889;18;;;12883.0;0.0
av_CORN_d2;45000;ASH_COATED_OSMIUM;10090;16;10088;15;;;10096;15;10098;19;;;10093.0;0.0
av_CORN_d2;45000;INTARIAN_PEPPER_ROOT;12876;17;12872;25;;;12888;13;12890;27;;;12882.0;0.0
av_CORN_d2;45100;ASH_COATED_OSMIUM;10089;18;10086;16;;;10097;10;10099;20;;;10093.0;0.0
av_CORN_d2;45100;INTARIAN_PEPPER_ROOT;12879;13;12876;18;;;12885;14;12887;21;;;12882.0;0.0
av_CORN_d2;45200;ASH_COATED_OSMIUM;10091;14;10089;21;;;10097;16;10101;15;;;10094.0;0.0
av_CORN_d2;45200;INTARIAN_PEPPER_ROOT;12875;21;12872;13;;;12887;11;12890;22;;;12881.0;0.0
av_CORN_d2;45300;ASH_COATED_OSMIUM;10090;13;10088;23;;;10097;17;10101;19;;;10093.5;0.0
av_CORN_d2;45300;INTARIAN_PEPPER_ROOT;12877;12;12875;24;;;12883;11;12885;8;;;12880.0;0.0
av_CORN_d2;45400;ASH_COATED_OSMIUM;10090;14;10087;20;;;10096;10;10100;21;;;10093.0;0.0
av_CORN_d2;45400;INTARIAN_PEPPER_ROOT;12874;15;12870;15;;;12883;24;12886;27;;;12878.5;0.0
av_CORN_d2;45500;ASH_COATED_OSMIUM;10090;14;10088;28;;;10096;13;10098;21;;;10093.0;0.0
av_CORN_d2;45500;INTARIAN_PEPPER_ROOT;12874;16;12870;23;;;12880;22;12883;21;;;12877.0;0.0
av_CORN_d2;45600;ASH_COATED_OSMIUM;10088;5;10086;27;;;10100;13;10102;19;;;10094.0;0.0
av_CORN_d2;45600;INTARIAN_PEPPER_ROOT;12873;12;12871;14;;;12879;9;12881;12;;;12876.0;0.0
av_CORN_d2;45700;ASH_COATED_OSMIUM;10084;16;10082;15;;;10103;5;10107;14;;;10093.5;0.0
av_CORN_d2;45700;INTARIAN_PEPPER_ROOT;12872;11;12868;11;;;12878;12;12882;15;;;12875.0;0.0
av_CORN_d2;45800;ASH_COATED_OSMIUM;10090;20;10086;26;;;10096;15;10100;21;;;10093.0;0.0
av_CORN_d2;45800;INTARIAN_PEPPER_ROOT;12871;14;12868;14;;;12877;21;12880;16;;;12874.0;0.0
av_CORN_d2;45900;ASH_COATED_OSMIUM;10085;10;10082;17;;;10102;19;10105;16;;;10093.5;0.0
av_CORN_d2;45900;INTARIAN_PEPPER_ROOT;12870;5;12868;23;;;12876;14;12879;19;;;12873.0;0.0
av_CORN_d2;46000;ASH_COATED_OSMIUM;10087;8;10085;26;;;10098;17;10102;18;;;10092.5;0.0
av_CORN_d2;46000;INTARIAN_PEPPER_ROOT;12868;18;12864;19;;;12874;16;12876;17;;;12871.0;0.0
av_CORN_d2;46100;ASH_COATED_OSMIUM;10089;5;10086;23;;;10095;24;10097;19;;;10092.0;0.0
av_CORN_d2;46100;INTARIAN_PEPPER_ROOT;12867;18;12865;24;;;12876;11;12878;8;;;12871.5;0.0
av_CORN_d2;46200;ASH_COATED_OSMIUM;10090;17;10088;15;;;10096;18;10100;20;;;10093.0;0.0
av_CORN_d2;46200;INTARIAN_PEPPER_ROOT;12867;23;12863;20;;;12873;5;12876;17;;;12870.0;0.0
av_CORN_d2;46300;ASH_COATED_OSMIUM;10090;17;10088;22;;;10096;21;10098;16;;;10093.0;0.0
av_CORN_d2;46300;INTARIAN_PEPPER_ROOT;12866;18;12863;13;;;12872;19;12876;23;;;12869.0;0.0
av_CORN_d2;46400;ASH_COATED_OSMIUM;10090;11;10086;18;;;10096;15;10099;26;;;10093.0;0.0
av_CORN_d2;46400;INTARIAN_PEPPER_ROOT;12861;19;12857;27;;;12874;16;12876;26;;;12867.5;0.0
av_CORN_d2;46500;ASH_COATED_OSMIUM;10090;11;10087;20;;;10096;21;10098;13;;;10093.0;0.0
av_CORN_d2;46500;INTARIAN_PEPPER_ROOT;12855;17;12852;27;;;12878;16;12881;16;;;12866.5;0.0
av_CORN_d2;46600;ASH_COATED_OSMIUM;10090;12;10088;19;;;10096;18;10099;22;;;10093.0;0.0
av_CORN_d2;46600;INTARIAN_PEPPER_ROOT;12861;21;12859;18;;;12870;10;12873;16;;;12865.5;0.0
av_CORN_d2;46700;ASH_COATED_OSMIUM;10089;22;10086;23;;;10095;8;10098;8;;;10092.0;0.0
av_CORN_d2;46700;INTARIAN_PEPPER_ROOT;12859;16;12856;19;;;12869;14;12871;15;;;12864.0;0.0
av_CORN_d2;46800;ASH_COATED_OSMIUM;10089;18;10086;16;;;10095;5;10098;18;;;10092.0;0.0
av_CORN_d2;46800;INTARIAN_PEPPER_ROOT;12860;22;12858;18;;;12866;24;12870;11;;;12863.0;0.0
av_CORN_d2;46900;ASH_COATED_OSMIUM;10084;9;10081;19;;;10101;20;10103;11;;;10092.5;0.0
av_CORN_d2;46900;INTARIAN_PEPPER_ROOT;12860;15;12856;20;;;12866;6;12869;15;;;12863.0;0.0
av_CORN_d2;47000;ASH_COATED_OSMIUM;10089;16;10085;16;;;10095;13;10099;17;;;10092.0;0.0
av_CORN_d2;47000;INTARIAN_PEPPER_ROOT;12858;14;12854;28;;;12864;16;12868;15;;;12861.0;0.0
av_CORN_d2;47100;ASH_COATED_OSMIUM;10090;14;10088;20;;;10096;11;10098;23;;;10093.0;0.0
av_CORN_d2;47100;INTARIAN_PEPPER_ROOT;12857;13;12854;17;;;12863;19;12865;28;;;12860.0;0.0
av_CORN_d2;47200;ASH_COATED_OSMIUM;10082;17;10079;23;;;10101;15;10104;15;;;10091.5;0.0
av_CORN_d2;47200;INTARIAN_PEPPER_ROOT;12856;13;12853;13;;;12862;21;12866;16;;;12859.0;0.0
av_CORN_d2;47300;ASH_COATED_OSMIUM;10088;17;10086;21;;;10096;10;10099;19;;;10092.0;0.0
av_CORN_d2;47300;INTARIAN_PEPPER_ROOT;12854;13;12850;19;;;12864;23;12867;24;;;12859.0;0.0
av_CORN_d2;47400;ASH_COATED_OSMIUM;10089;11;10085;8;;;10095;11;10099;21;;;10092.0;0.0
av_CORN_d2;47400;INTARIAN_PEPPER_ROOT;12854;10;12851;20;;;12860;8;12863;21;;;12857.0;0.0
av_CORN_d2;47500;ASH_COATED_OSMIUM;10089;20;10085;22;;;10095;14;10097;18;;;10092.0;0.0
av_CORN_d2;47500;INTARIAN_PEPPER_ROOT;12853;12;12851;21;;;12859;6;12861;15;;;12856.0;0.0
av_CORN_d2;47600;ASH_COATED_OSMIUM;10088;17;10085;16;;;10096;21;10099;28;;;10092.0;0.0
av_CORN_d2;47600;INTARIAN_PEPPER_ROOT;12844;14;12841;16;;;12866;21;12870;17;;;12855.0;0.0
av_CORN_d2;47700;ASH_COATED_OSMIUM;10089;13;10087;17;;;10095;7;10097;27;;;10092.0;0.0
av_CORN_d2;47700;INTARIAN_PEPPER_ROOT;12847;13;12844;18;;;12861;8;12864;23;;;12854.0;0.0
av_CORN_d2;47800;ASH_COATED_OSMIUM;10089;9;10085;19;;;10095;15;10098;30;;;10092.0;0.0
av_CORN_d2;47800;INTARIAN_PEPPER_ROOT;12850;12;12846;28;;;12856;9;12859;12;;;12853.0;0.0
av_CORN_d2;47900;ASH_COATED_OSMIUM;10087;18;10085;22;;;10097;19;10100;24;;;10092.0;0.0
av_CORN_d2;47900;INTARIAN_PEPPER_ROOT;12847;13;12844;16;;;12857;10;12860;13;;;12852.0;0.0
av_CORN_d2;48000;ASH_COATED_OSMIUM;10089;9;10085;18;;;10095;18;10098;19;;;10092.0;0.0
av_CORN_d2;48000;INTARIAN_PEPPER_ROOT;12834;5;12832;22;;;12867;18;12871;20;;;12850.5;0.0
av_CORN_d2;48100;ASH_COATED_OSMIUM;10085;16;10081;14;;;10098;19;10100;17;;;10091.5;0.0
av_CORN_d2;48100;INTARIAN_PEPPER_ROOT;12846;6;12843;14;;;12852;14;12855;21;;;12849.0;0.0
av_CORN_d2;48200;ASH_COATED_OSMIUM;10086;9;10083;24;;;10098;25;10102;18;;;10092.0;0.0
av_CORN_d2;48200;INTARIAN_PEPPER_ROOT;12845;10;12841;15;;;12851;11;12854;11;;;12848.0;0.0
av_CORN_d2;48300;ASH_COATED_OSMIUM;10089;8;10086;20;;;10095;11;10099;18;;;10092.0;0.0
av_CORN_d2;48300;INTARIAN_PEPPER_ROOT;12845;10;12842;25;;;12851;19;12853;11;;;12848.0;0.0
av_CORN_d2;48400;ASH_COATED_OSMIUM;10064;9;10062;23;;;10119;18;10122;25;;;10091.5;0.0
av_CORN_d2;48400;INTARIAN_PEPPER_ROOT;12844;18;12842;23;;;12850;15;12853;14;;;12847.0;0.0
av_CORN_d2;48500;ASH_COATED_OSMIUM;10089;16;10087;22;;;10095;14;10098;22;;;10092.0;0.0
av_CORN_d2;48500;INTARIAN_PEPPER_ROOT;12833;22;12831;13;;;12858;7;12862;20;;;12845.5;0.0
av_CORN_d2;48600;ASH_COATED_OSMIUM;10088;8;10084;18;;;10094;6;10096;27;;;10091.0;0.0
av_CORN_d2;48600;INTARIAN_PEPPER_ROOT;12841;25;12838;18;;;12847;12;12851;23;;;12844.0;0.0
av_CORN_d2;48700;ASH_COATED_OSMIUM;10083;22;10081;26;;;10100;17;10104;27;;;10091.5;0.0
av_CORN_d2;48700;INTARIAN_PEPPER_ROOT;12841;15;12837;22;;;12847;17;12850;18;;;12844.0;0.0
av_CORN_d2;48800;ASH_COATED_OSMIUM;10088;9;10084;20;;;10094;24;10097;24;;;10091.0;0.0
av_CORN_d2;48800;INTARIAN_PEPPER_ROOT;12839;12;12835;18;;;12845;12;12848;22;;;12842.0;0.0
av_CORN_d2;48900;ASH_COATED_OSMIUM;10087;18;10084;16;;;10095;17;10099;9;;;10091.0;0.0
av_CORN_d2;48900;INTARIAN_PEPPER_ROOT;12836;13;12834;24;;;12846;11;12850;18;;;12841.0;0.0
av_CORN_d2;49000;ASH_COATED_OSMIUM;10089;17;10087;25;;;10095;16;10098;15;;;10092.0;0.0
av_CORN_d2;49000;INTARIAN_PEPPER_ROOT;12836;14;12834;16;;;12845;14;12849;28;;;12840.5;0.0
av_CORN_d2;49100;ASH_COATED_OSMIUM;10089;14;10086;20;;;10095;16;10097;21;;;10092.0;0.0
av_CORN_d2;49100;INTARIAN_PEPPER_ROOT;12814;20;12811;11;;;12865;17;12869;21;;;12839.5;0.0
av_CORN_d2;49200;ASH_COATED_OSMIUM;10088;6;10085;20;;;10094;15;10098;16;;;10091.0;0.0
av_CORN_d2;49200;INTARIAN_PEPPER_ROOT;12834;14;12832;15;;;12841;15;12845;33;;;12837.5;0.0
av_CORN_d2;49300;ASH_COATED_OSMIUM;10071;10;10068;15;;;10111;12;10114;18;;;10091.0;0.0
av_CORN_d2;49300;INTARIAN_PEPPER_ROOT;12834;12;12832;16;;;12840;8;12844;8;;;12837.0;0.0
av_CORN_d2;49400;ASH_COATED_OSMIUM;10087;6;10083;17;;;10096;8;10099;22;;;10091.5;0.0
av_CORN_d2;49400;INTARIAN_PEPPER_ROOT;12833;9;12829;17;;;12839;8;12841;17;;;12836.0;0.0
av_CORN_d2;49500;ASH_COATED_OSMIUM;10088;17;10086;26;;;10094;18;10096;9;;;10091.0;0.0
av_CORN_d2;49500;INTARIAN_PEPPER_ROOT;12826;12;12824;22;;;12843;18;12847;23;;;12834.5;0.0
av_CORN_d2;49600;ASH_COATED_OSMIUM;10084;11;10082;17;;;10099;12;10103;26;;;10091.5;0.0
av_CORN_d2;49600;INTARIAN_PEPPER_ROOT;12825;11;12821;14;;;12841;9;12844;23;;;12833.0;0.0
av_CORN_d2;49700;ASH_COATED_OSMIUM;10088;9;10084;16;;;10094;14;10097;27;;;10091.0;0.0
av_CORN_d2;49700;INTARIAN_PEPPER_ROOT;12829;20;12827;13;;;12835;11;12838;23;;;12832.0;0.0
av_CORN_d2;49800;ASH_COATED_OSMIUM;10088;17;10085;24;;;10094;6;10096;18;;;10091.0;0.0
av_CORN_d2;49800;INTARIAN_PEPPER_ROOT;12829;19;12825;33;;;12835;14;12837;15;;;12832.0;0.0
av_CORN_d2;49900;ASH_COATED_OSMIUM;10087;14;10084;13;;;10096;13;10099;26;;;10091.5;0.0
av_CORN_d2;49900;INTARIAN_PEPPER_ROOT;12828;10;12824;21;;;12834;19;12836;10;;;12831.0;0.0
av_CORN_d2;50000;ASH_COATED_OSMIUM;10088;12;10084;22;;;10094;5;10097;26;;;10091.0;0.0
av_CORN_d2;50000;INTARIAN_PEPPER_ROOT;12827;11;12824;11;;;12833;16;12835;16;;;12830.0;0.0
av_CORN_d2;50100;ASH_COATED_OSMIUM;10084;17;10082;19;;;10098;5;10101;22;;;10091.0;0.0
av_CORN_d2;50100;INTARIAN_PEPPER_ROOT;12823;16;12820;17;;;12833;25;12837;14;;;12828.0;0.0
av_CORN_d2;50200;ASH_COATED_OSMIUM;10088;19;10085;21;;;10094;22;10097;17;;;10091.0;0.0
av_CORN_d2;50200;INTARIAN_PEPPER_ROOT;12822;18;12820;15;;;12833;14;12836;25;;;12827.5;0.0
av_CORN_d2;50300;ASH_COATED_OSMIUM;10076;18;10074;27;;;10106;16;10108;14;;;10091.0;0.0
av_CORN_d2;50300;INTARIAN_PEPPER_ROOT;12821;15;12818;28;;;12832;12;12835;18;;;12826.5;0.0
av_CORN_d2;50400;ASH_COATED_OSMIUM;10087;6;10083;20;;;10093;16;10097;17;;;10090.0;0.0
av_CORN_d2;50400;INTARIAN_PEPPER_ROOT;12821;20;12819;15;;;12832;10;12836;17;;;12826.5;0.0
av_CORN_d2;50500;ASH_COATED_OSMIUM;10088;10;10085;17;;;10094;18;10096;26;;;10091.0;0.0
av_CORN_d2;50500;INTARIAN_PEPPER_ROOT;12816;17;12814;21;;;12832;16;12835;16;;;12824.0;0.0
av_CORN_d2;50600;ASH_COATED_OSMIUM;10077;7;10075;19;;;10103;11;10105;21;;;10090.0;0.0
av_CORN_d2;50600;INTARIAN_PEPPER_ROOT;12821;9;12818;17;;;12827;26;12830;19;;;12824.0;0.0
av_CORN_d2;50700;ASH_COATED_OSMIUM;10087;15;10085;26;;;10093;20;10096;22;;;10090.0;0.0
av_CORN_d2;50700;INTARIAN_PEPPER_ROOT;12819;19;12817;17;;;12825;17;12827;21;;;12822.0;0.0
av_CORN_d2;50800;ASH_COATED_OSMIUM;10087;7;10083;20;;;10093;17;10097;21;;;10090.0;0.0
av_CORN_d2;50800;INTARIAN_PEPPER_ROOT;12817;15;12814;14;;;12825;21;12829;15;;;12821.0;0.0
av_CORN_d2;50900;ASH_COATED_OSMIUM;10087;9;10084;26;;;10093;16;10095;16;;;10090.0;0.0
av_CORN_d2;50900;INTARIAN_PEPPER_ROOT;12816;16;12814;17;;;12822;9;12825;19;;;12819.0;0.0
av_CORN_d2;51000;ASH_COATED_OSMIUM;10079;8;10075;24;;;10102;19;10104;23;;;10090.5;0.0
av_CORN_d2;51000;INTARIAN_PEPPER_ROOT;12815;9;12813;23;;;12821;22;12824;19;;;12818.0;0.0
av_CORN_d2;51100;ASH_COATED_OSMIUM;10087;15;10085;23;;;10093;17;10095;17;;;10090.0;0.0
av_CORN_d2;51100;INTARIAN_PEPPER_ROOT;12812;5;12809;20;;;12818;22;12822;15;;;12815.0;0.0
av_CORN_d2;51200;ASH_COATED_OSMIUM;10087;12;10083;20;;;10093;15;10095;17;;;10090.0;0.0
av_CORN_d2;51200;INTARIAN_PEPPER_ROOT;12810;11;12806;19;;;12817;12;12819;10;;;12813.5;0.0
av_CORN_d2;51300;ASH_COATED_OSMIUM;10087;14;10084;27;;;10093;12;10097;24;;;10090.0;0.0
av_CORN_d2;51300;INTARIAN_PEPPER_ROOT;12808;9;12805;16;;;12814;13;12816;14;;;12811.0;0.0
av_CORN_d2;51400;ASH_COATED_OSMIUM;10080;18;10078;14;;;10100;10;10104;19;;;10090.0;0.0
av_CORN_d2;51400;INTARIAN_PEPPER_ROOT;12806;16;12804;28;;;12812;14;12815;18;;;12809.0;0.0
av_CORN_d2;51500;ASH_COATED_OSMIUM;10084;22;10081;15;;;10094;12;10096;15;;;10089.0;0.0
av_CORN_d2;51500;INTARIAN_PEPPER_ROOT;12804;20;12800;19;;;12810;20;12812;14;;;12807.0;0.0
av_CORN_d2;51600;ASH_COATED_OSMIUM;10085;12;10082;20;;;10093;17;10096;24;;;10089.0;0.0
av_CORN_d2;51600;INTARIAN_PEPPER_ROOT;12802;13;12800;12;;;12808;21;12810;22;;;12805.0;0.0
av_CORN_d2;51700;ASH_COATED_OSMIUM;10086;14;10082;10;;;10092;7;10095;19;;;10089.0;0.0
av_CORN_d2;51700;INTARIAN_PEPPER_ROOT;12798;10;12795;19;;;12808;12;12811;25;;;12803.0;0.0
av_CORN_d2;51800;ASH_COATED_OSMIUM;10086;9;10084;22;;;10092;22;10096;17;;;10089.0;0.0
av_CORN_d2;51800;INTARIAN_PEPPER_ROOT;12798;10;12794;15;;;12804;17;12808;17;;;12801.0;0.0
av_CORN_d2;51900;ASH_COATED_OSMIUM;10086;12;10082;23;;;10092;13;10095;17;;;10089.0;0.0
av_CORN_d2;51900;INTARIAN_PEPPER_ROOT;12795;16;12791;12;;;12801;18;12803;23;;;12798.0;0.0
av_CORN_d2;52000;ASH_COATED_OSMIUM;10086;8;10084;20;;;10092;21;10094;23;;;10089.0;0.0
av_CORN_d2;52000;INTARIAN_PEPPER_ROOT;12794;16;12792;25;;;12800;14;12803;18;;;12797.0;0.0
av_CORN_d2;52100;ASH_COATED_OSMIUM;10083;19;10079;11;;;10095;16;10098;25;;;10089.0;0.0
av_CORN_d2;52100;INTARIAN_PEPPER_ROOT;12791;13;12789;14;;;12797;21;12801;18;;;12794.0;0.0
av_CORN_d2;52200;ASH_COATED_OSMIUM;10086;17;10083;24;;;10092;27;10096;23;;;10089.0;0.0
av_CORN_d2;52200;INTARIAN_PEPPER_ROOT;12789;19;12787;25;;;12797;14;12801;17;;;12793.0;0.0
av_CORN_d2;52300;ASH_COATED_OSMIUM;10081;18;10078;13;;;10096;25;10098;17;;;10088.5;0.0
av_CORN_d2;52300;INTARIAN_PEPPER_ROOT;12788;14;12785;21;;;12794;16;12797;29;;;12791.0;0.0
av_CORN_d2;52400;ASH_COATED_OSMIUM;10081;12;10077;17;;;10097;11;10099;24;;;10089.0;0.0
av_CORN_d2;52400;INTARIAN_PEPPER_ROOT;12785;14;12783;26;;;12792;15;12795;20;;;12788.5;0.0
av_CORN_d2;52500;ASH_COATED_OSMIUM;10085;16;10083;24;;;10091;17;10093;12;;;10088.0;0.0
av_CORN_d2;52500;INTARIAN_PEPPER_ROOT;12781;17;12779;17;;;12792;22;12796;26;;;12786.5;0.0
av_CORN_d2;52600;ASH_COATED_OSMIUM;10085;17;10081;26;;;10091;22;10095;13;;;10088.0;0.0
av_CORN_d2;52600;INTARIAN_PEPPER_ROOT;12775;10;12771;10;;;12795;11;12799;25;;;12785.0;0.0
av_CORN_d2;52700;ASH_COATED_OSMIUM;10085;8;10081;13;;;10092;20;10096;21;;;10088.5;0.0
av_CORN_d2;52700;INTARIAN_PEPPER_ROOT;12777;7;12775;24;;;12788;7;12792;27;;;12782.5;0.0
av_CORN_d2;52800;ASH_COATED_OSMIUM;10081;5;10079;18;;;10094;19;10097;22;;;10087.5;0.0
av_CORN_d2;52800;INTARIAN_PEPPER_ROOT;12773;14;12771;21;;;12788;10;12791;23;;;12780.5;0.0
av_CORN_d2;52900;ASH_COATED_OSMIUM;10084;22;10082;21;;;10090;14;10092;22;;;10087.0;0.0
av_CORN_d2;52900;INTARIAN_PEPPER_ROOT;12775;8;12771;20;;;12784;5;12787;30;;;12779.5;0.0
av_CORN_d2;53000;ASH_COATED_OSMIUM;10085;15;10083;17;;;10091;12;10094;19;;;10088.0;0.0
av_CORN_d2;53000;INTARIAN_PEPPER_ROOT;12769;9;12766;28;;;12785;19;12789;16;;;12777.0;0.0
av_CORN_d2;53100;ASH_COATED_OSMIUM;10085;22;10081;17;;;10091;10;10095;18;;;10088.0;0.0
av_CORN_d2;53100;INTARIAN_PEPPER_ROOT;12769;16;12766;22;;;12781;18;12784;25;;;12775.0;0.0
av_CORN_d2;53200;ASH_COATED_OSMIUM;10083;23;10079;28;;;10093;13;10095;14;;;10088.0;0.0
av_CORN_d2;53200;INTARIAN_PEPPER_ROOT;12762;16;12758;24;;;12783;14;12787;20;;;12772.5;0.0
av_CORN_d2;53300;ASH_COATED_OSMIUM;10085;19;10082;23;;;10091;6;10095;25;;;10088.0;0.0
av_CORN_d2;53300;INTARIAN_PEPPER_ROOT;12762;23;12759;20;;;12779;14;12782;24;;;12770.5;0.0
av_CORN_d2;53400;ASH_COATED_OSMIUM;10084;15;10080;20;;;10090;14;10092;15;;;10087.0;0.0
av_CORN_d2;53400;INTARIAN_PEPPER_ROOT;12765;5;12763;18;;;12771;23;12773;24;;;12768.0;0.0
av_CORN_d2;53500;ASH_COATED_OSMIUM;10084;13;10080;29;;;10090;11;10092;16;;;10087.0;0.0
av_CORN_d2;53500;INTARIAN_PEPPER_ROOT;12763;11;12760;19;;;12769;10;12771;11;;;12766.0;0.0
av_CORN_d2;53600;ASH_COATED_OSMIUM;10083;16;10081;22;;;10092;19;10096;25;;;10087.5;0.0
av_CORN_d2;53600;INTARIAN_PEPPER_ROOT;12760;10;12758;20;;;12768;20;12772;27;;;12764.0;0.0
av_CORN_d2;53700;ASH_COATED_OSMIUM;10082;9;10079;17;;;10092;17;10094;26;;;10087.0;0.0
av_CORN_d2;53700;INTARIAN_PEPPER_ROOT;12759;9;12756;23;;;12765;15;12768;22;;;12762.0;0.0
av_CORN_d2;53800;ASH_COATED_OSMIUM;10081;8;10078;25;;;10094;20;10097;30;;;10087.5;0.0
av_CORN_d2;53800;INTARIAN_PEPPER_ROOT;12757;12;12755;10;;;12763;16;12765;34;;;12760.0;0.0
av_CORN_d2;53900;ASH_COATED_OSMIUM;10084;15;10081;25;;;10090;13;10092;18;;;10087.0;0.0
av_CORN_d2;53900;INTARIAN_PEPPER_ROOT;12751;7;12747;18;;;12764;14;12767;23;;;12757.5;0.0
av_CORN_d2;54000;ASH_COATED_OSMIUM;10083;13;10079;30;;;10089;13;10092;26;;;10086.0;0.0
av_CORN_d2;54000;INTARIAN_PEPPER_ROOT;12753;12;12750;15;;;12759;15;12761;12;;;12756.0;0.0
av_CORN_d2;54100;ASH_COATED_OSMIUM;10080;15;10076;16;;;10093;13;10095;25;;;10086.5;0.0
av_CORN_d2;54100;INTARIAN_PEPPER_ROOT;12751;14;12747;21;;;12757;11;12761;20;;;12754.0;0.0
av_CORN_d2;54200;ASH_COATED_OSMIUM;10080;18;10078;20;;;10092;22;10096;12;;;10086.0;0.0
av_CORN_d2;54200;INTARIAN_PEPPER_ROOT;12750;8;12748;15;;;12756;9;12758;23;;;12753.0;0.0
av_CORN_d2;54300;ASH_COATED_OSMIUM;10075;13;10072;25;;;10097;6;10101;20;;;10086.0;0.0
av_CORN_d2;54300;INTARIAN_PEPPER_ROOT;12747;11;12743;26;;;12753;12;12755;30;;;12750.0;0.0
av_CORN_d2;54400;ASH_COATED_OSMIUM;10083;17;10081;15;;;10089;23;10093;19;;;10086.0;0.0
av_CORN_d2;54400;INTARIAN_PEPPER_ROOT;12745;7;12742;22;;;12751;13;12753;20;;;12748.0;0.0
av_CORN_d2;54500;ASH_COATED_OSMIUM;10079;16;10075;25;;;10093;9;10097;23;;;10086.0;0.0
av_CORN_d2;54500;INTARIAN_PEPPER_ROOT;12742;12;12739;20;;;12748;15;12751;17;;;12745.0;0.0
av_CORN_d2;54600;ASH_COATED_OSMIUM;10078;18;10076;26;;;10095;5;10099;18;;;10086.5;0.0
av_CORN_d2;54600;INTARIAN_PEPPER_ROOT;12741;11;12739;20;;;12747;16;12750;16;;;12744.0;0.0
av_CORN_d2;54700;ASH_COATED_OSMIUM;10083;11;10081;23;;;10089;26;10091;12;;;10086.0;0.0
av_CORN_d2;54700;INTARIAN_PEPPER_ROOT;12730;12;12727;22;;;12754;28;12756;8;;;12742.0;0.0
av_CORN_d2;54800;ASH_COATED_OSMIUM;10083;10;10079;19;;;10089;30;10093;18;;;10086.0;0.0
av_CORN_d2;54800;INTARIAN_PEPPER_ROOT;12737;8;12734;15;;;12743;13;12746;22;;;12740.0;0.0
av_CORN_d2;54900;ASH_COATED_OSMIUM;10083;10;10080;27;;;10089;18;10092;23;;;10086.0;0.0
av_CORN_d2;54900;INTARIAN_PEPPER_ROOT;12734;15;12730;24;;;12740;20;12742;18;;;12737.0;0.0
av_CORN_d2;55000;ASH_COATED_OSMIUM;10073;18;10070;20;;;10097;17;10099;17;;;10085.0;0.0
av_CORN_d2;55000;INTARIAN_PEPPER_ROOT;12733;17;12729;22;;;12739;8;12742;23;;;12736.0;0.0
av_CORN_d2;55100;ASH_COATED_OSMIUM;10082;13;10080;16;;;10088;12;10090;30;;;10085.0;0.0
av_CORN_d2;55100;INTARIAN_PEPPER_ROOT;12730;16;12726;26;;;12736;20;12739;15;;;12733.0;0.0
av_CORN_d2;55200;ASH_COATED_OSMIUM;10082;16;10078;15;;;10088;19;10090;21;;;10085.0;0.0
av_CORN_d2;55200;INTARIAN_PEPPER_ROOT;12722;5;12719;24;;;12742;19;12745;33;;;12732.0;0.0
av_CORN_d2;55300;ASH_COATED_OSMIUM;10082;19;10080;25;;;10088;6;10091;17;;;10085.0;0.0
av_CORN_d2;55300;INTARIAN_PEPPER_ROOT;12726;10;12724;17;;;12732;11;12734;24;;;12729.0;0.0
av_CORN_d2;55400;ASH_COATED_OSMIUM;10082;10;10080;29;;;10088;17;10090;23;;;10085.0;0.0
av_CORN_d2;55400;INTARIAN_PEPPER_ROOT;12725;17;12722;19;;;12731;17;12735;26;;;12728.0;0.0
av_CORN_d2;55500;ASH_COATED_OSMIUM;10080;14;10078;16;;;10090;12;10093;22;;;10085.0;0.0
av_CORN_d2;55500;INTARIAN_PEPPER_ROOT;12722;7;12718;23;;;12728;20;12731;22;;;12725.0;0.0
av_CORN_d2;55600;ASH_COATED_OSMIUM;10072;15;10070;26;;;10098;21;10102;17;;;10085.0;0.0
av_CORN_d2;55600;INTARIAN_PEPPER_ROOT;12720;15;12717;17;;;12726;13;12730;8;;;12723.0;0.0
av_CORN_d2;55700;ASH_COATED_OSMIUM;10082;18;10080;21;;;10088;19;10092;25;;;10085.0;0.0
av_CORN_d2;55700;INTARIAN_PEPPER_ROOT;12718;6;12716;19;;;12724;17;12726;19;;;12721.0;0.0
av_CORN_d2;55800;ASH_COATED_OSMIUM;10076;21;10074;16;;;10094;14;10096;25;;;10085.0;0.0
av_CORN_d2;55800;INTARIAN_PEPPER_ROOT;12715;20;12711;20;;;12724;8;12728;11;;;12719.5;0.0
av_CORN_d2;55900;ASH_COATED_OSMIUM;10082;21;10079;25;;;10088;18;10091;21;;;10085.0;0.0
av_CORN_d2;55900;INTARIAN_PEPPER_ROOT;12714;6;12712;22;;;12720;18;12722;25;;;12717.0;0.0
av_CORN_d2;56000;ASH_COATED_OSMIUM;10079;10;10075;25;;;10089;14;10091;20;;;10084.0;0.0
av_CORN_d2;56000;INTARIAN_PEPPER_ROOT;12712;8;12708;19;;;12718;19;12721;16;;;12715.0;0.0
av_CORN_d2;56100;ASH_COATED_OSMIUM;10081;13;10078;28;;;10087;16;10089;24;;;10084.0;0.0
av_CORN_d2;56100;INTARIAN_PEPPER_ROOT;12709;21;12705;30;;;12718;9;12721;22;;;12713.5;0.0
av_CORN_d2;56200;ASH_COATED_OSMIUM;10079;5;10077;22;;;10088;19;10091;20;;;10083.5;0.0
av_CORN_d2;56200;INTARIAN_PEPPER_ROOT;12686;18;12682;23;;;12737;15;12741;21;;;12711.5;0.0
av_CORN_d2;56300;ASH_COATED_OSMIUM;10081;12;10078;24;;;10087;8;10090;20;;;10084.0;0.0
av_CORN_d2;56300;INTARIAN_PEPPER_ROOT;12699;14;12696;8;;;12718;13;12721;18;;;12708.5;0.0
av_CORN_d2;56400;ASH_COATED_OSMIUM;10081;13;10078;11;;;10087;14;10089;21;;;10084.0;0.0
av_CORN_d2;56400;INTARIAN_PEPPER_ROOT;12704;16;12702;19;;;12710;15;12714;20;;;12707.0;0.0
av_CORN_d2;56500;ASH_COATED_OSMIUM;10081;17;10078;22;;;10087;17;10091;25;;;10084.0;0.0
av_CORN_d2;56500;INTARIAN_PEPPER_ROOT;12702;17;12698;17;;;12708;13;12710;18;;;12705.0;0.0
av_CORN_d2;56600;ASH_COATED_OSMIUM;10081;16;10079;21;;;10087;18;10090;18;;;10084.0;0.0
av_CORN_d2;56600;INTARIAN_PEPPER_ROOT;12696;16;12693;16;;;12710;15;12713;16;;;12703.0;0.0
