day;timestamp;product;bid_price_1;bid_volume_1;bid_price_2;bid_volume_2;bid_price_3;bid_volume_3;ask_price_1;ask_volume_1;ask_price_2;ask_volume_2;ask_price_3;ask_volume_3;mid_price;profit_and_loss
yf_BGS_d9;0;ASH_COATED_OSMIUM;9896;16;9894;17;;;9902;14;9904;15;;;9899.0;0.0
yf_BGS_d9;0;INTARIAN_PEPPER_ROOT;10783;18;10781;23;;;10792;16;10796;19;;;10787.5;0.0
yf_BGS_d9;100;ASH_COATED_OSMIUM;9897;16;9894;21;;;9903;14;9905;22;;;9900.0;0.0
yf_BGS_d9;100;INTARIAN_PEPPER_ROOT;10782;19;10779;17;;;10802;17;10805;19;;;10792.0;0.0
yf_BGS_d9;200;ASH_COATED_OSMIUM;9891;28;9888;17;;;9908;8;9910;16;;;9899.5;0.0
yf_BGS_d9;200;INTARIAN_PEPPER_ROOT;10785;13;10783;8;;;10806;14;10808;20;;;10795.5;0.0
yf_BGS_d9;300;ASH_COATED_OSMIUM;9891;28;9887;24;;;9909;10;9911;20;;;9900.0;0.0
yf_BGS_d9;300;INTARIAN_PEPPER_ROOT;10793;11;10790;17;;;10806;15;10809;21;;;10799.5;0.0
yf_BGS_d9;400;ASH_COATED_OSMIUM;9896;12;9893;16;;;9905;14;9909;20;;;9900.5;0.0
yf_BGS_d9;400;INTARIAN_PEPPER_ROOT;10800;5;10796;17;;;10806;5;10808;9;;;10803.0;0.0
yf_BGS_d9;500;ASH_COATED_OSMIUM;9898;13;9895;8;;;9904;18;9907;15;;;9901.0;0.0
yf_BGS_d9;500;INTARIAN_PEPPER_ROOT;10804;10;10801;20;;;10810;18;10814;13;;;10807.0;0.0
yf_BGS_d9;600;ASH_COATED_OSMIUM;9898;5;9896;20;;;9904;8;9908;23;;;9901.0;0.0
yf_BGS_d9;600;INTARIAN_PEPPER_ROOT;10807;14;10804;26;;;10814;12;10816;22;;;10810.5;0.0
yf_BGS_d9;700;ASH_COATED_OSMIUM;9893;24;9890;13;;;9909;5;9911;24;;;9901.0;0.0
yf_BGS_d9;700;INTARIAN_PEPPER_ROOT;10810;19;10807;20;;;10821;16;10824;20;;;10815.5;0.0
yf_BGS_d9;800;ASH_COATED_OSMIUM;9889;15;9885;16;;;9913;20;9915;24;;;9901.0;0.0
yf_BGS_d9;800;INTARIAN_PEPPER_ROOT;10816;8;10814;27;;;10822;16;10824;24;;;10819.0;0.0
yf_BGS_d9;900;ASH_COATED_OSMIUM;9894;5;9892;23;;;9908;25;9911;19;;;9901.0;0.0
yf_BGS_d9;900;INTARIAN_PEPPER_ROOT;10820;15;10817;25;;;10826;15;10828;21;;;10823.0;0.0
yf_BGS_d9;1000;ASH_COATED_OSMIUM;9895;9;9892;23;;;9908;19;9910;18;;;9901.5;0.0
yf_BGS_d9;1000;INTARIAN_PEPPER_ROOT;10823;18;10820;22;;;10829;9;10831;11;;;10826.0;0.0
yf_BGS_d9;1100;ASH_COATED_OSMIUM;9899;8;9896;12;;;9906;13;9910;13;;;9902.5;0.0
yf_BGS_d9;1100;INTARIAN_PEPPER_ROOT;10825;16;10823;8;;;10836;9;10840;16;;;10830.5;0.0
yf_BGS_d9;1200;ASH_COATED_OSMIUM;9897;8;9893;20;;;9908;11;9910;24;;;9902.5;0.0
yf_BGS_d9;1200;INTARIAN_PEPPER_ROOT;10831;5;10828;18;;;10837;9;10841;24;;;10834.0;0.0
yf_BGS_d9;1300;ASH_COATED_OSMIUM;9899;15;9897;15;;;9908;5;9910;24;;;9903.5;0.0
yf_BGS_d9;1300;INTARIAN_PEPPER_ROOT;10835;14;10831;19;;;10841;11;10843;21;;;10838.0;0.0
yf_BGS_d9;1400;ASH_COATED_OSMIUM;9899;15;9896;14;;;9906;10;9908;24;;;9902.5;0.0
yf_BGS_d9;1400;INTARIAN_PEPPER_ROOT;10839;11;10837;15;;;10845;5;10849;14;;;10842.0;0.0
yf_BGS_d9;1500;ASH_COATED_OSMIUM;9898;8;9894;8;;;9909;17;9913;19;;;9903.5;0.0
yf_BGS_d9;1500;INTARIAN_PEPPER_ROOT;10843;15;10841;12;;;10849;14;10853;9;;;10846.0;0.0
yf_BGS_d9;1600;ASH_COATED_OSMIUM;9900;18;9897;25;;;9906;17;9908;24;;;9903.0;0.0
yf_BGS_d9;1600;INTARIAN_PEPPER_ROOT;10842;14;10840;28;;;10858;11;10861;24;;;10850.0;0.0
yf_BGS_d9;1700;ASH_COATED_OSMIUM;9900;14;9896;23;;;9906;14;9909;26;;;9903.0;0.0
yf_BGS_d9;1700;INTARIAN_PEPPER_ROOT;10850;9;10847;11;;;10857;13;10861;15;;;10853.5;0.0
yf_BGS_d9;1800;ASH_COATED_OSMIUM;9900;12;9896;27;;;9907;13;9911;16;;;9903.5;0.0
yf_BGS_d9;1800;INTARIAN_PEPPER_ROOT;10855;16;10852;18;;;10861;16;10865;27;;;10858.0;0.0
yf_BGS_d9;1900;ASH_COATED_OSMIUM;9902;15;9900;16;;;9908;10;9910;17;;;9905.0;0.0
yf_BGS_d9;1900;INTARIAN_PEPPER_ROOT;10857;20;10854;25;;;10865;25;10868;18;;;10861.0;0.0
yf_BGS_d9;2000;ASH_COATED_OSMIUM;9894;12;9890;14;;;9915;23;9917;15;;;9904.5;0.0
yf_BGS_d9;2000;INTARIAN_PEPPER_ROOT;10857;12;10854;15;;;10873;5;10877;18;;;10865.0;0.0
yf_BGS_d9;2100;ASH_COATED_OSMIUM;9888;30;9884;17;;;9922;18;9925;12;;;9905.0;0.0
yf_BGS_d9;2100;INTARIAN_PEPPER_ROOT;10866;21;10864;18;;;10872;15;10875;8;;;10869.0;0.0
yf_BGS_d9;2200;ASH_COATED_OSMIUM;9902;8;9898;23;;;9908;18;9911;22;;;9905.0;0.0
yf_BGS_d9;2200;INTARIAN_PEPPER_ROOT;10870;9;10868;14;;;10876;16;10878;18;;;10873.0;0.0
yf_BGS_d9;2300;ASH_COATED_OSMIUM;9902;12;9898;24;;;9908;11;9911;16;;;9905.0;0.0
yf_BGS_d9;2300;INTARIAN_PEPPER_ROOT;10863;15;10860;19;;;10890;13;10894;26;;;10876.5;0.0
yf_BGS_d9;2400;ASH_COATED_OSMIUM;9902;6;9898;15;;;9908;16;9912;33;;;9905.0;0.0
yf_BGS_d9;2400;INTARIAN_PEPPER_ROOT;10878;21;10874;20;;;10884;10;10886;18;;;10881.0;0.0
yf_BGS_d9;2500;ASH_COATED_OSMIUM;9896;12;9894;25;;;9915;16;9918;16;;;9905.5;0.0
yf_BGS_d9;2500;INTARIAN_PEPPER_ROOT;10882;15;10880;22;;;10888;16;10890;9;;;10885.0;0.0
yf_BGS_d9;2600;ASH_COATED_OSMIUM;9903;11;9900;25;;;9909;9;9913;16;;;9906.0;0.0
yf_BGS_d9;2600;INTARIAN_PEPPER_ROOT;10886;11;10882;27;;;10892;12;10894;22;;;10889.0;0.0
yf_BGS_d9;2700;ASH_COATED_OSMIUM;9899;24;9895;21;;;9912;16;9916;26;;;9905.5;0.0
yf_BGS_d9;2700;INTARIAN_PEPPER_ROOT;10890;6;10888;32;;;10896;18;10900;22;;;10893.0;0.0
yf_BGS_d9;2800;ASH_COATED_OSMIUM;9902;13;9900;20;;;9909;14;9912;20;;;9905.5;0.0
yf_BGS_d9;2800;INTARIAN_PEPPER_ROOT;10892;20;10888;26;;;10900;10;10904;26;;;10896.0;0.0
yf_BGS_d9;2900;ASH_COATED_OSMIUM;9903;17;9900;19;;;9910;26;9912;22;;;9906.5;0.0
yf_BGS_d9;2900;INTARIAN_PEPPER_ROOT;10897;13;10893;25;;;10903;8;10906;15;;;10900.0;0.0
yf_BGS_d9;3000;ASH_COATED_OSMIUM;9904;18;9902;21;;;9910;8;9913;22;;;9907.0;0.0
yf_BGS_d9;3000;INTARIAN_PEPPER_ROOT;10901;10;10897;25;;;10907;17;10910;22;;;10904.0;0.0
yf_BGS_d9;3100;ASH_COATED_OSMIUM;9904;12;9900;18;;;9910;12;9912;21;;;9907.0;0.0
yf_BGS_d9;3100;INTARIAN_PEPPER_ROOT;10904;14;10901;16;;;10913;14;10915;11;;;10908.5;0.0
yf_BGS_d9;3200;ASH_COATED_OSMIUM;9904;13;9901;18;;;9910;14;9914;23;;;9907.0;0.0
yf_BGS_d9;3200;INTARIAN_PEPPER_ROOT;10904;19;10902;25;;;10919;17;10923;21;;;10911.5;0.0
yf_BGS_d9;3300;ASH_COATED_OSMIUM;9892;15;9889;23;;;9921;20;9923;17;;;9906.5;0.0
yf_BGS_d9;3300;INTARIAN_PEPPER_ROOT;10899;21;10897;15;;;10932;5;10936;11;;;10915.5;0.0
yf_BGS_d9;3400;ASH_COATED_OSMIUM;9900;9;9897;21;;;9917;16;9921;27;;;9908.5;0.0
yf_BGS_d9;3400;INTARIAN_PEPPER_ROOT;10916;10;10912;19;;;10922;6;10925;21;;;10919.0;0.0
yf_BGS_d9;3500;ASH_COATED_OSMIUM;9904;9;9901;21;;;9911;12;9914;23;;;9907.5;0.0
yf_BGS_d9;3500;INTARIAN_PEPPER_ROOT;10921;20;10917;19;;;10927;18;10929;15;;;10924.0;0.0
yf_BGS_d9;3600;ASH_COATED_OSMIUM;9905;5;9902;21;;;9911;12;9915;23;;;9908.0;0.0
yf_BGS_d9;3600;INTARIAN_PEPPER_ROOT;10924;12;10922;14;;;10930;15;10934;19;;;10927.0;0.0
yf_BGS_d9;3700;ASH_COATED_OSMIUM;9902;17;9900;20;;;9915;18;9918;17;;;9908.5;0.0
yf_BGS_d9;3700;INTARIAN_PEPPER_ROOT;10927;15;10924;15;;;10936;16;10940;23;;;10931.5;0.0
yf_BGS_d9;3800;ASH_COATED_OSMIUM;9906;13;9903;20;;;9912;10;9914;15;;;9909.0;0.0
yf_BGS_d9;3800;INTARIAN_PEPPER_ROOT;10909;20;10906;26;;;10962;11;10964;21;;;10935.5;0.0
yf_BGS_d9;3900;ASH_COATED_OSMIUM;9906;19;9902;16;;;9912;21;9916;10;;;9909.0;0.0
yf_BGS_d9;3900;INTARIAN_PEPPER_ROOT;10935;14;10933;20;;;10941;15;10945;15;;;10938.0;0.0
yf_BGS_d9;4000;ASH_COATED_OSMIUM;9901;8;9899;22;;;9917;17;9919;15;;;9909.0;0.0
yf_BGS_d9;4000;INTARIAN_PEPPER_ROOT;10940;21;10938;17;;;10947;19;10951;15;;;10943.5;0.0
yf_BGS_d9;4100;ASH_COATED_OSMIUM;9901;14;9899;18;;;9918;16;9922;15;;;9909.5;0.0
yf_BGS_d9;4100;INTARIAN_PEPPER_ROOT;10943;16;10939;19;;;10950;12;10953;21;;;10946.5;0.0
yf_BGS_d9;4200;ASH_COATED_OSMIUM;9906;9;9903;11;;;9915;14;9918;14;;;9910.5;0.0
yf_BGS_d9;4200;INTARIAN_PEPPER_ROOT;10948;11;10945;16;;;10954;16;10958;25;;;10951.0;0.0
yf_BGS_d9;4300;ASH_COATED_OSMIUM;9906;5;9902;18;;;9914;10;9917;17;;;9910.0;0.0
yf_BGS_d9;4300;INTARIAN_PEPPER_ROOT;10952;5;10950;14;;;10958;22;10960;24;;;10955.0;0.0
yf_BGS_d9;4400;ASH_COATED_OSMIUM;9901;11;9899;16;;;9919;11;9921;24;;;9910.0;0.0
yf_BGS_d9;4400;INTARIAN_PEPPER_ROOT;10946;12;10943;18;;;10971;12;10975;18;;;10958.5;0.0
yf_BGS_d9;4500;ASH_COATED_OSMIUM;9899;13;9896;18;;;9922;8;9926;24;;;9910.5;0.0
yf_BGS_d9;4500;INTARIAN_PEPPER_ROOT;10952;8;10950;19;;;10972;22;10974;28;;;10962.0;0.0
yf_BGS_d9;4600;ASH_COATED_OSMIUM;9907;17;9903;21;;;9913;19;9915;23;;;9910.0;0.0
yf_BGS_d9;4600;INTARIAN_PEPPER_ROOT;10955;15;10953;16;;;10978;16;10980;21;;;10966.5;0.0
yf_BGS_d9;4700;ASH_COATED_OSMIUM;9896;20;9894;14;;;9927;17;9931;13;;;9911.5;0.0
yf_BGS_d9;4700;INTARIAN_PEPPER_ROOT;10967;11;10964;30;;;10973;19;10975;20;;;10970.0;0.0
yf_BGS_d9;4800;ASH_COATED_OSMIUM;9905;13;9901;10;;;9918;11;9922;21;;;9911.5;0.0
yf_BGS_d9;4800;INTARIAN_PEPPER_ROOT;10971;16;10967;18;;;10977;22;10981;21;;;10974.0;0.0
yf_BGS_d9;4900;ASH_COATED_OSMIUM;9908;19;9904;24;;;9914;11;9917;14;;;9911.0;0.0
yf_BGS_d9;4900;INTARIAN_PEPPER_ROOT;10975;10;10972;21;;;10981;15;10984;14;;;10978.0;0.0
yf_BGS_d9;5000;ASH_COATED_OSMIUM;9907;26;9904;12;;;9915;15;9918;23;;;9911.0;0.0
yf_BGS_d9;5000;INTARIAN_PEPPER_ROOT;10978;13;10974;24;;;10984;22;10986;14;;;10981.0;0.0
yf_BGS_d9;5100;ASH_COATED_OSMIUM;9909;13;9905;21;;;9915;13;9918;29;;;9912.0;0.0
yf_BGS_d9;5100;INTARIAN_PEPPER_ROOT;10982;24;10979;12;;;10991;6;10995;14;;;10986.5;0.0
yf_BGS_d9;5200;ASH_COATED_OSMIUM;9909;20;9905;12;;;9915;16;9919;19;;;9912.0;0.0
yf_BGS_d9;5200;INTARIAN_PEPPER_ROOT;10984;11;10980;16;;;10995;19;10998;19;;;10989.5;0.0
yf_BGS_d9;5300;ASH_COATED_OSMIUM;9909;13;9905;24;;;9915;10;9918;20;;;9912.0;0.0
yf_BGS_d9;5300;INTARIAN_PEPPER_ROOT;10988;18;10984;19;;;10997;9;11000;26;;;10992.5;0.0
yf_BGS_d9;5400;ASH_COATED_OSMIUM;9904;13;9901;23;;;9920;14;9922;22;;;9912.0;0.0
yf_BGS_d9;5400;INTARIAN_PEPPER_ROOT;10987;14;10983;9;;;11007;11;11010;20;;;10997.0;0.0
yf_BGS_d9;5500;ASH_COATED_OSMIUM;9910;17;9906;21;;;9916;14;9920;31;;;9913.0;0.0
yf_BGS_d9;5500;INTARIAN_PEPPER_ROOT;10998;23;10995;23;;;11004;19;11008;24;;;11001.0;0.0
yf_BGS_d9;5600;ASH_COATED_OSMIUM;9910;13;9907;9;;;9916;14;9919;10;;;9913.0;0.0
yf_BGS_d9;5600;INTARIAN_PEPPER_ROOT;11001;23;10997;11;;;11010;7;11013;17;;;11005.5;0.0
yf_BGS_d9;5700;ASH_COATED_OSMIUM;9906;8;9904;21;;;9920;8;9923;20;;;9913.0;0.0
yf_BGS_d9;5700;INTARIAN_PEPPER_ROOT;11006;17;11003;25;;;11012;8;11015;26;;;11009.0;0.0
yf_BGS_d9;5800;ASH_COATED_OSMIUM;9909;15;9906;14;;;9917;8;9920;27;;;9913.0;0.0
yf_BGS_d9;5800;INTARIAN_PEPPER_ROOT;11007;16;11004;22;;;11020;12;11023;12;;;11013.5;0.0
yf_BGS_d9;5900;ASH_COATED_OSMIUM;9910;19;9906;18;;;9916;18;9920;15;;;9913.0;0.0
yf_BGS_d9;5900;INTARIAN_PEPPER_ROOT;11013;17;11011;32;;;11019;10;11021;12;;;11016.0;0.0
yf_BGS_d9;6000;ASH_COATED_OSMIUM;9911;22;9909;21;;;9917;11;9919;22;;;9914.0;0.0
yf_BGS_d9;6000;INTARIAN_PEPPER_ROOT;11015;13;11013;23;;;11026;15;11028;22;;;11020.5;0.0
yf_BGS_d9;6100;ASH_COATED_OSMIUM;9911;14;9908;23;;;9917;16;9919;8;;;9914.0;0.0
yf_BGS_d9;6100;INTARIAN_PEPPER_ROOT;11022;12;11018;26;;;11028;21;11030;20;;;11025.0;0.0
yf_BGS_d9;6200;ASH_COATED_OSMIUM;9909;15;9905;25;;;9919;13;9922;18;;;9914.0;0.0
yf_BGS_d9;6200;INTARIAN_PEPPER_ROOT;11013;19;11010;29;;;11044;5;11048;22;;;11028.5;0.0
yf_BGS_d9;6300;ASH_COATED_OSMIUM;9912;10;9910;16;;;9918;5;9922;20;;;9915.0;0.0
yf_BGS_d9;6300;INTARIAN_PEPPER_ROOT;11027;18;11024;20;;;11036;12;11040;28;;;11031.5;0.0
yf_BGS_d9;6400;ASH_COATED_OSMIUM;9912;26;9910;14;;;9918;14;9920;16;;;9915.0;0.0
yf_BGS_d9;6400;INTARIAN_PEPPER_ROOT;11032;22;11028;21;;;11039;18;11043;27;;;11035.5;0.0
yf_BGS_d9;6500;ASH_COATED_OSMIUM;9908;14;9904;21;;;9923;14;9926;22;;;9915.5;0.0
yf_BGS_d9;6500;INTARIAN_PEPPER_ROOT;11035;19;11031;24;;;11044;15;11047;19;;;11039.5;0.0
yf_BGS_d9;6600;ASH_COATED_OSMIUM;9912;22;9910;9;;;9918;6;9921;19;;;9915.0;0.0
yf_BGS_d9;6600;INTARIAN_PEPPER_ROOT;11041;7;11039;26;;;11047;11;11051;11;;;11044.0;0.0
yf_BGS_d9;6700;ASH_COATED_OSMIUM;9913;8;9911;16;;;9919;10;9921;21;;;9916.0;0.0
yf_BGS_d9;6700;INTARIAN_PEPPER_ROOT;11034;14;11030;22;;;11062;23;11066;24;;;11048.0;0.0
yf_BGS_d9;6800;ASH_COATED_OSMIUM;9912;8;9908;21;;;9918;14;9920;22;;;9915.0;0.0
yf_BGS_d9;6800;INTARIAN_PEPPER_ROOT;11047;9;11044;18;;;11057;21;11061;24;;;11052.0;0.0
yf_BGS_d9;6900;ASH_COATED_OSMIUM;9913;13;9909;14;;;9919;15;9921;15;;;9916.0;0.0
yf_BGS_d9;6900;INTARIAN_PEPPER_ROOT;11052;23;11050;15;;;11058;14;11061;18;;;11055.0;0.0
yf_BGS_d9;7000;ASH_COATED_OSMIUM;9892;17;9888;21;;;9939;16;9943;18;;;9915.5;0.0
yf_BGS_d9;7000;INTARIAN_PEPPER_ROOT;11056;5;11054;21;;;11062;8;11065;21;;;11059.0;0.0
yf_BGS_d9;7100;ASH_COATED_OSMIUM;9909;13;9906;14;;;9922;15;9925;16;;;9915.5;0.0
yf_BGS_d9;7100;INTARIAN_PEPPER_ROOT;11056;10;11052;19;;;11070;20;11072;20;;;11063.0;0.0
yf_BGS_d9;7200;ASH_COATED_OSMIUM;9914;14;9912;14;;;9920;19;9924;21;;;9917.0;0.0
yf_BGS_d9;7200;INTARIAN_PEPPER_ROOT;11065;14;11063;24;;;11071;17;11074;13;;;11068.0;0.0
yf_BGS_d9;7300;ASH_COATED_OSMIUM;9914;9;9912;13;;;9920;15;9924;21;;;9917.0;0.0
yf_BGS_d9;7300;INTARIAN_PEPPER_ROOT;11068;16;11066;25;;;11074;15;11078;17;;;11071.0;0.0
yf_BGS_d9;7400;ASH_COATED_OSMIUM;9910;14;9907;25;;;9925;19;9927;24;;;9917.5;0.0
yf_BGS_d9;7400;INTARIAN_PEPPER_ROOT;11071;6;11068;15;;;11078;19;11080;30;;;11074.5;0.0
yf_BGS_d9;7500;ASH_COATED_OSMIUM;9905;20;9903;16;;;9929;9;9931;24;;;9917.0;0.0
yf_BGS_d9;7500;INTARIAN_PEPPER_ROOT;11075;7;11072;18;;;11081;11;11083;20;;;11078.0;0.0
yf_BGS_d9;7600;ASH_COATED_OSMIUM;9915;14;9911;22;;;9921;7;9924;22;;;9918.0;0.0
yf_BGS_d9;7600;INTARIAN_PEPPER_ROOT;11080;18;11076;18;;;11086;17;11089;15;;;11083.0;0.0
yf_BGS_d9;7700;ASH_COATED_OSMIUM;9915;22;9913;22;;;9921;9;9925;22;;;9918.0;0.0
yf_BGS_d9;7700;INTARIAN_PEPPER_ROOT;11083;14;11080;19;;;11089;20;11093;15;;;11086.0;0.0
yf_BGS_d9;7800;ASH_COATED_OSMIUM;9914;15;9911;19;;;9923;10;9926;11;;;9918.5;0.0
yf_BGS_d9;7800;INTARIAN_PEPPER_ROOT;11086;15;11084;12;;;11095;5;11097;23;;;11090.5;0.0
yf_BGS_d9;7900;ASH_COATED_OSMIUM;9915;13;9913;16;;;9921;14;9925;17;;;9918.0;0.0
yf_BGS_d9;7900;INTARIAN_PEPPER_ROOT;11091;18;11089;22;;;11097;20;11100;24;;;11094.0;0.0
yf_BGS_d9;8000;ASH_COATED_OSMIUM;9913;13;9909;19;;;9925;7;9928;16;;;9919.0;0.0
yf_BGS_d9;8000;INTARIAN_PEPPER_ROOT;11095;25;11092;15;;;11101;16;11105;17;;;11098.0;0.0
yf_BGS_d9;8100;ASH_COATED_OSMIUM;9916;13;9912;13;;;9922;14;9924;22;;;9919.0;0.0
yf_BGS_d9;8100;INTARIAN_PEPPER_ROOT;11099;15;11095;25;;;11105;7;11109;16;;;11102.0;0.0
yf_BGS_d9;8200;ASH_COATED_OSMIUM;9916;23;9912;31;;;9922;11;9926;18;;;9919.0;0.0
yf_BGS_d9;8200;INTARIAN_PEPPER_ROOT;11083;14;11079;26;;;11128;8;11131;23;;;11105.5;0.0
yf_BGS_d9;8300;ASH_COATED_OSMIUM;9906;13;9902;19;;;9932;18;9936;19;;;9919.0;0.0
yf_BGS_d9;8300;INTARIAN_PEPPER_ROOT;11106;24;11103;16;;;11112;8;11114;17;;;11109.0;0.0
yf_BGS_d9;8400;ASH_COATED_OSMIUM;9916;20;9914;23;;;9923;17;9926;14;;;9919.5;0.0
yf_BGS_d9;8400;INTARIAN_PEPPER_ROOT;11103;12;11101;9;;;11124;19;11127;27;;;11113.5;0.0
yf_BGS_d9;8500;ASH_COATED_OSMIUM;9915;16;9913;19;;;9925;13;9929;20;;;9920.0;0.0
yf_BGS_d9;8500;INTARIAN_PEPPER_ROOT;11104;25;11100;19;;;11131;12;11133;29;;;11117.5;0.0
yf_BGS_d9;8600;ASH_COATED_OSMIUM;9911;18;9909;25;;;9929;5;9931;11;;;9920.0;0.0
yf_BGS_d9;8600;INTARIAN_PEPPER_ROOT;11111;16;11108;14;;;11131;20;11135;12;;;11121.0;0.0
yf_BGS_d9;8700;ASH_COATED_OSMIUM;9918;7;9915;18;;;9924;15;9928;20;;;9921.0;0.0
yf_BGS_d9;8700;INTARIAN_PEPPER_ROOT;11122;18;11118;22;;;11128;19;11132;23;;;11125.0;0.0
yf_BGS_d9;8800;ASH_COATED_OSMIUM;9918;13;9914;22;;;9924;8;9928;21;;;9921.0;0.0
yf_BGS_d9;8800;INTARIAN_PEPPER_ROOT;11126;19;11124;21;;;11132;15;11134;20;;;11129.0;0.0
yf_BGS_d9;8900;ASH_COATED_OSMIUM;9915;15;9913;14;;;9927;15;9930;21;;;9921.0;0.0
yf_BGS_d9;8900;INTARIAN_PEPPER_ROOT;11129;14;11125;13;;;11136;13;11139;21;;;11132.5;0.0
yf_BGS_d9;9000;ASH_COATED_OSMIUM;9918;15;9914;11;;;9924;8;9927;24;;;9921.0;0.0
yf_BGS_d9;9000;INTARIAN_PEPPER_ROOT;11133;7;11131;26;;;11139;18;11143;25;;;11136.0;0.0
yf_BGS_d9;9100;ASH_COATED_OSMIUM;9918;14;9916;25;;;9924;18;9927;18;;;9921.0;0.0
yf_BGS_d9;9100;INTARIAN_PEPPER_ROOT;11138;10;11134;14;;;11144;17;11147;22;;;11141.0;0.0
yf_BGS_d9;9200;ASH_COATED_OSMIUM;9912;20;9909;22;;;9931;23;9935;24;;;9921.5;0.0
yf_BGS_d9;9200;INTARIAN_PEPPER_ROOT;11141;21;11138;19;;;11147;15;11150;15;;;11144.0;0.0
yf_BGS_d9;9300;ASH_COATED_OSMIUM;9920;25;9917;22;;;9926;16;9928;19;;;9923.0;0.0
yf_BGS_d9;9300;INTARIAN_PEPPER_ROOT;11146;13;11142;18;;;11152;5;11154;18;;;11149.0;0.0
yf_BGS_d9;9400;ASH_COATED_OSMIUM;9919;17;9916;27;;;9925;5;9928;9;;;9922.0;0.0
yf_BGS_d9;9400;INTARIAN_PEPPER_ROOT;11150;18;11147;12;;;11156;14;11160;23;;;11153.0;0.0
yf_BGS_d9;9500;ASH_COATED_OSMIUM;9919;16;9915;12;;;9925;18;9927;20;;;9922.0;0.0
yf_BGS_d9;9500;INTARIAN_PEPPER_ROOT;11151;25;11149;20;;;11162;10;11165;18;;;11156.5;0.0
yf_BGS_d9;9600;ASH_COATED_OSMIUM;9916;15;9914;16;;;9927;21;9929;16;;;9921.5;0.0
yf_BGS_d9;9600;INTARIAN_PEPPER_ROOT;11150;23;11147;25;;;11169;11;11173;26;;;11159.5;0.0
yf_BGS_d9;9700;ASH_COATED_OSMIUM;9920;26;9917;22;;;9926;16;9929;30;;;9923.0;0.0
yf_BGS_d9;9700;INTARIAN_PEPPER_ROOT;11161;22;11158;15;;;11167;22;11170;23;;;11164.0;0.0
yf_BGS_d9;9800;ASH_COATED_OSMIUM;9920;15;9918;23;;;9926;15;9929;26;;;9923.0;0.0
yf_BGS_d9;9800;INTARIAN_PEPPER_ROOT;11165;5;11162;20;;;11171;10;11174;24;;;11168.0;0.0
yf_BGS_d9;9900;ASH_COATED_OSMIUM;9920;8;9916;20;;;9926;13;9928;20;;;9923.0;0.0
yf_BGS_d9;9900;INTARIAN_PEPPER_ROOT;11164;10;11162;28;;;11179;14;11183;30;;;11171.5;0.0
yf_BGS_d9;10000;ASH_COATED_OSMIUM;9918;15;9914;24;;;9927;9;9929;14;;;9922.5;0.0
yf_BGS_d9;10000;INTARIAN_PEPPER_ROOT;11172;9;11170;18;;;11178;11;11180;20;;;11175.0;0.0
yf_BGS_d9;10100;ASH_COATED_OSMIUM;9921;12;9918;27;;;9927;16;9931;25;;;9924.0;0.0
yf_BGS_d9;10100;INTARIAN_PEPPER_ROOT;11176;15;11174;24;;;11182;17;11186;14;;;11179.0;0.0
yf_BGS_d9;10200;ASH_COATED_OSMIUM;9921;6;9919;9;;;9927;15;9930;20;;;9924.0;0.0
yf_BGS_d9;10200;INTARIAN_PEPPER_ROOT;11181;12;11179;23;;;11187;27;11189;13;;;11184.0;0.0
yf_BGS_d9;10300;ASH_COATED_OSMIUM;9920;14;9916;19;;;9928;11;9932;25;;;9924.0;0.0
yf_BGS_d9;10300;INTARIAN_PEPPER_ROOT;11181;15;11177;23;;;11193;22;11197;24;;;11187.0;0.0
yf_BGS_d9;10400;ASH_COATED_OSMIUM;9920;9;9916;21;;;9928;26;9932;11;;;9924.0;0.0
yf_BGS_d9;10400;INTARIAN_PEPPER_ROOT;11184;12;11180;19;;;11199;11;11202;20;;;11191.5;0.0
yf_BGS_d9;10500;ASH_COATED_OSMIUM;9920;19;9917;10;;;9930;11;9933;18;;;9925.0;0.0
yf_BGS_d9;10500;INTARIAN_PEPPER_ROOT;11191;19;11188;14;;;11197;15;11199;18;;;11194.0;0.0
yf_BGS_d9;10600;ASH_COATED_OSMIUM;9920;15;9916;16;;;9930;22;9934;21;;;9925.0;0.0
yf_BGS_d9;10600;INTARIAN_PEPPER_ROOT;11195;11;11192;11;;;11202;14;11205;20;;;11198.5;0.0
yf_BGS_d9;10700;ASH_COATED_OSMIUM;9922;16;9918;21;;;9928;17;9930;26;;;9925.0;0.0
yf_BGS_d9;10700;INTARIAN_PEPPER_ROOT;11200;19;11198;16;;;11206;15;11209;29;;;11203.0;0.0
yf_BGS_d9;10800;ASH_COATED_OSMIUM;9921;24;9917;19;;;9930;13;9932;27;;;9925.5;0.0
yf_BGS_d9;10800;INTARIAN_PEPPER_ROOT;11204;17;11201;20;;;11210;15;11214;14;;;11207.0;0.0
yf_BGS_d9;10900;ASH_COATED_OSMIUM;9920;14;9916;27;;;9933;14;9935;15;;;9926.5;0.0
yf_BGS_d9;10900;INTARIAN_PEPPER_ROOT;11208;15;11204;25;;;11214;17;11218;17;;;11211.0;0.0
yf_BGS_d9;11000;ASH_COATED_OSMIUM;9923;19;9921;19;;;9929;17;9933;30;;;9926.0;0.0
yf_BGS_d9;11000;INTARIAN_PEPPER_ROOT;11210;16;11206;28;;;11218;13;11222;15;;;11214.0;0.0
yf_BGS_d9;11100;ASH_COATED_OSMIUM;9921;18;9917;19;;;9930;22;9932;12;;;9925.5;0.0
yf_BGS_d9;11100;INTARIAN_PEPPER_ROOT;11215;14;11211;20;;;11221;27;11224;18;;;11218.0;0.0
yf_BGS_d9;11200;ASH_COATED_OSMIUM;9923;20;9920;21;;;9929;13;9933;27;;;9926.0;0.0
yf_BGS_d9;11200;INTARIAN_PEPPER_ROOT;11219;21;11217;20;;;11225;16;11229;16;;;11222.0;0.0
yf_BGS_d9;11300;ASH_COATED_OSMIUM;9923;15;9921;19;;;9929;20;9931;19;;;9926.0;0.0
yf_BGS_d9;11300;INTARIAN_PEPPER_ROOT;11223;13;11219;16;;;11229;8;11231;23;;;11226.0;0.0
yf_BGS_d9;11400;ASH_COATED_OSMIUM;9924;18;9921;14;;;9930;21;9933;21;;;9927.0;0.0
yf_BGS_d9;11400;INTARIAN_PEPPER_ROOT;11220;11;11217;18;;;11240;14;11244;20;;;11230.0;0.0
yf_BGS_d9;11500;ASH_COATED_OSMIUM;9909;18;9905;16;;;9944;18;9948;19;;;9926.5;0.0
yf_BGS_d9;11500;INTARIAN_PEPPER_ROOT;11231;11;11227;11;;;11237;15;11241;24;;;11234.0;0.0
yf_BGS_d9;11600;ASH_COATED_OSMIUM;9925;17;9922;21;;;9931;16;9935;24;;;9928.0;0.0
yf_BGS_d9;11600;INTARIAN_PEPPER_ROOT;11235;11;11232;27;;;11241;19;11244;21;;;11238.0;0.0
yf_BGS_d9;11700;ASH_COATED_OSMIUM;9922;15;9918;20;;;9931;5;9933;24;;;9926.5;0.0
yf_BGS_d9;11700;INTARIAN_PEPPER_ROOT;11239;15;11235;20;;;11245;23;11247;9;;;11242.0;0.0
yf_BGS_d9;11800;ASH_COATED_OSMIUM;9919;20;9917;8;;;9935;15;9937;19;;;9927.0;0.0
yf_BGS_d9;11800;INTARIAN_PEPPER_ROOT;11239;12;11236;17;;;11251;11;11253;26;;;11245.0;0.0
yf_BGS_d9;11900;ASH_COATED_OSMIUM;9924;17;9922;26;;;9930;19;9934;21;;;9927.0;0.0
yf_BGS_d9;11900;INTARIAN_PEPPER_ROOT;11238;16;11235;16;;;11260;9;11264;12;;;11249.0;0.0
yf_BGS_d9;12000;ASH_COATED_OSMIUM;9922;10;9920;18;;;9934;21;9936;17;;;9928.0;0.0
yf_BGS_d9;12000;INTARIAN_PEPPER_ROOT;11250;16;11246;17;;;11256;15;11260;19;;;11253.0;0.0
yf_BGS_d9;12100;ASH_COATED_OSMIUM;9917;12;9914;26;;;9939;10;9942;20;;;9928.0;0.0
yf_BGS_d9;12100;INTARIAN_PEPPER_ROOT;11253;5;11250;18;;;11259;11;11261;25;;;11256.0;0.0
yf_BGS_d9;12200;ASH_COATED_OSMIUM;9921;17;9918;21;;;9937;13;9940;20;;;9929.0;0.0
yf_BGS_d9;12200;INTARIAN_PEPPER_ROOT;11258;9;11255;12;;;11264;10;11266;16;;;11261.0;0.0
yf_BGS_d9;12300;ASH_COATED_OSMIUM;9927;12;9925;13;;;9933;22;9936;30;;;9930.0;0.0
yf_BGS_d9;12300;INTARIAN_PEPPER_ROOT;11262;6;11259;16;;;11268;7;11272;24;;;11265.0;0.0
yf_BGS_d9;12400;ASH_COATED_OSMIUM;9926;18;9922;17;;;9932;9;9936;20;;;9929.0;0.0
yf_BGS_d9;12400;INTARIAN_PEPPER_ROOT;11265;15;11262;21;;;11271;6;11274;17;;;11268.0;0.0
yf_BGS_d9;12500;ASH_COATED_OSMIUM;9926;11;9923;11;;;9932;7;9934;19;;;9929.0;0.0
yf_BGS_d9;12500;INTARIAN_PEPPER_ROOT;11270;23;11266;18;;;11276;11;11278;12;;;11273.0;0.0
yf_BGS_d9;12600;ASH_COATED_OSMIUM;9926;13;9924;13;;;9932;12;9936;24;;;9929.0;0.0
yf_BGS_d9;12600;INTARIAN_PEPPER_ROOT;11273;9;11269;24;;;11279;17;11281;25;;;11276.0;0.0
yf_BGS_d9;12700;ASH_COATED_OSMIUM;9927;17;9925;18;;;9933;18;9935;20;;;9930.0;0.0
yf_BGS_d9;12700;INTARIAN_PEPPER_ROOT;11277;9;11274;16;;;11283;9;11287;20;;;11280.0;0.0
yf_BGS_d9;12800;ASH_COATED_OSMIUM;9927;11;9923;16;;;9933;13;9935;18;;;9930.0;0.0
yf_BGS_d9;12800;INTARIAN_PEPPER_ROOT;11278;9;11276;26;;;11289;12;11291;23;;;11283.5;0.0
yf_BGS_d9;12900;ASH_COATED_OSMIUM;9928;22;9925;24;;;9934;9;9936;29;;;9931.0;0.0
yf_BGS_d9;12900;INTARIAN_PEPPER_ROOT;11284;14;11280;21;;;11293;18;11295;22;;;11288.5;0.0
yf_BGS_d9;13000;ASH_COATED_OSMIUM;9927;28;9925;27;;;9933;21;9936;21;;;9930.0;0.0
yf_BGS_d9;13000;INTARIAN_PEPPER_ROOT;11286;8;11282;22;;;11298;9;11300;24;;;11292.0;0.0
yf_BGS_d9;13100;ASH_COATED_OSMIUM;9926;16;9923;13;;;9935;23;9938;12;;;9930.5;0.0
yf_BGS_d9;13100;INTARIAN_PEPPER_ROOT;11293;13;11291;21;;;11299;13;11301;15;;;11296.0;0.0
yf_BGS_d9;13200;ASH_COATED_OSMIUM;9928;15;9925;17;;;9934;14;9937;23;;;9931.0;0.0
yf_BGS_d9;13200;INTARIAN_PEPPER_ROOT;11297;19;11294;10;;;11303;9;11306;23;;;11300.0;0.0
yf_BGS_d9;13300;ASH_COATED_OSMIUM;9928;7;9925;18;;;9934;13;9938;17;;;9931.0;0.0
yf_BGS_d9;13300;INTARIAN_PEPPER_ROOT;11300;20;11297;23;;;11306;14;11309;14;;;11303.0;0.0
yf_BGS_d9;13400;ASH_COATED_OSMIUM;9929;11;9925;23;;;9935;14;9937;11;;;9932.0;0.0
yf_BGS_d9;13400;INTARIAN_PEPPER_ROOT;11298;13;11294;19;;;11317;23;11320;28;;;11307.5;0.0
yf_BGS_d9;13500;ASH_COATED_OSMIUM;9929;14;9925;11;;;9935;26;9938;35;;;9932.0;0.0
yf_BGS_d9;13500;INTARIAN_PEPPER_ROOT;11309;14;11306;15;;;11315;15;11317;20;;;11312.0;0.0
yf_BGS_d9;13600;ASH_COATED_OSMIUM;9928;20;9926;16;;;9936;8;9939;19;;;9932.0;0.0
yf_BGS_d9;13600;INTARIAN_PEPPER_ROOT;11312;16;11309;12;;;11318;11;11321;18;;;11315.0;0.0
yf_BGS_d9;13700;ASH_COATED_OSMIUM;9929;14;9927;21;;;9935;22;9939;17;;;9932.0;0.0
yf_BGS_d9;13700;INTARIAN_PEPPER_ROOT;11316;15;11313;19;;;11322;9;11325;14;;;11319.0;0.0
yf_BGS_d9;13800;ASH_COATED_OSMIUM;9930;7;9927;12;;;9936;23;9939;13;;;9933.0;0.0
yf_BGS_d9;13800;INTARIAN_PEPPER_ROOT;11320;13;11317;16;;;11327;16;11331;20;;;11323.5;0.0
yf_BGS_d9;13900;ASH_COATED_OSMIUM;9930;15;9927;20;;;9936;7;9939;21;;;9933.0;0.0
yf_BGS_d9;13900;INTARIAN_PEPPER_ROOT;11324;11;11320;18;;;11330;15;11333;24;;;11327.0;0.0
yf_BGS_d9;14000;ASH_COATED_OSMIUM;9929;11;9927;30;;;9938;16;9940;21;;;9933.5;0.0
yf_BGS_d9;14000;INTARIAN_PEPPER_ROOT;11328;11;11324;26;;;11334;13;11338;25;;;11331.0;0.0
yf_BGS_d9;14100;ASH_COATED_OSMIUM;9927;14;9925;20;;;9940;6;9942;13;;;9933.5;0.0
yf_BGS_d9;14100;INTARIAN_PEPPER_ROOT;11331;18;11327;14;;;11339;20;11343;22;;;11335.0;0.0
yf_BGS_d9;14200;ASH_COATED_OSMIUM;9931;26;9927;22;;;9937;21;9940;12;;;9934.0;0.0
yf_BGS_d9;14200;INTARIAN_PEPPER_ROOT;11336;16;11333;17;;;11342;18;11345;23;;;11339.0;0.0
yf_BGS_d9;14300;ASH_COATED_OSMIUM;9931;16;9928;29;;;9937;6;9941;23;;;9934.0;0.0
yf_BGS_d9;14300;INTARIAN_PEPPER_ROOT;11339;13;11336;20;;;11345;6;11347;18;;;11342.0;0.0
yf_BGS_d9;14400;ASH_COATED_OSMIUM;9931;14;9928;20;;;9937;20;9940;14;;;9934.0;0.0
yf_BGS_d9;14400;INTARIAN_PEPPER_ROOT;11343;10;11341;19;;;11349;9;11353;21;;;11346.0;0.0
yf_BGS_d9;14500;ASH_COATED_OSMIUM;9930;14;9927;16;;;9939;12;9941;21;;;9934.5;0.0
yf_BGS_d9;14500;INTARIAN_PEPPER_ROOT;11347;23;11343;21;;;11353;11;11355;22;;;11350.0;0.0
yf_BGS_d9;14600;ASH_COATED_OSMIUM;9932;21;9928;19;;;9938;7;9942;20;;;9935.0;0.0
yf_BGS_d9;14600;INTARIAN_PEPPER_ROOT;11350;12;11347;20;;;11357;13;11361;16;;;11353.5;0.0
yf_BGS_d9;14700;ASH_COATED_OSMIUM;9932;22;9929;13;;;9938;15;9942;19;;;9935.0;0.0
yf_BGS_d9;14700;INTARIAN_PEPPER_ROOT;11354;15;11352;19;;;11360;13;11363;8;;;11357.0;0.0
yf_BGS_d9;14800;ASH_COATED_OSMIUM;9928;24;9924;9;;;9941;17;9945;23;;;9934.5;0.0
yf_BGS_d9;14800;INTARIAN_PEPPER_ROOT;11354;10;11351;16;;;11369;13;11372;17;;;11361.5;0.0
yf_BGS_d9;14900;ASH_COATED_OSMIUM;9932;10;9929;17;;;9938;18;9940;20;;;9935.0;0.0
yf_BGS_d9;14900;INTARIAN_PEPPER_ROOT;11361;9;11357;18;;;11368;19;11370;25;;;11364.5;0.0
yf_BGS_d9;15000;ASH_COATED_OSMIUM;9929;22;9927;23;;;9940;14;9943;16;;;9934.5;0.0
yf_BGS_d9;15000;INTARIAN_PEPPER_ROOT;11365;10;11363;18;;;11374;14;11376;23;;;11369.5;0.0
yf_BGS_d9;15100;ASH_COATED_OSMIUM;9926;12;9922;20;;;9945;15;9949;21;;;9935.5;0.0
yf_BGS_d9;15100;INTARIAN_PEPPER_ROOT;11371;5;11367;21;;;11377;20;11379;20;;;11374.0;0.0
yf_BGS_d9;15200;ASH_COATED_OSMIUM;9933;20;9929;14;;;9939;20;9943;20;;;9936.0;0.0
yf_BGS_d9;15200;INTARIAN_PEPPER_ROOT;11374;14;11370;12;;;11380;16;11382;18;;;11377.0;0.0
yf_BGS_d9;15300;ASH_COATED_OSMIUM;9931;9;9929;19;;;9941;11;9943;23;;;9936.0;0.0
yf_BGS_d9;15300;INTARIAN_PEPPER_ROOT;11378;10;11374;28;;;11384;17;11387;19;;;11381.0;0.0
yf_BGS_d9;15400;ASH_COATED_OSMIUM;9934;22;9930;18;;;9940;11;9944;25;;;9937.0;0.0
yf_BGS_d9;15400;INTARIAN_PEPPER_ROOT;11382;24;11379;29;;;11388;11;11392;8;;;11385.0;0.0
yf_BGS_d9;15500;ASH_COATED_OSMIUM;9933;21;9929;16;;;9939;11;9943;20;;;9936.0;0.0
yf_BGS_d9;15500;INTARIAN_PEPPER_ROOT;11381;12;11378;19;;;11398;11;11402;25;;;11389.5;0.0
yf_BGS_d9;15600;ASH_COATED_OSMIUM;9929;15;9927;17;;;9943;16;9945;21;;;9936.0;0.0
yf_BGS_d9;15600;INTARIAN_PEPPER_ROOT;11390;14;11387;17;;;11396;19;11400;18;;;11393.0;0.0
yf_BGS_d9;15700;ASH_COATED_OSMIUM;9934;19;9932;21;;;9940;10;9942;20;;;9937.0;0.0
yf_BGS_d9;15700;INTARIAN_PEPPER_ROOT;11393;9;11389;18;;;11400;14;11404;15;;;11396.5;0.0
yf_BGS_d9;15800;ASH_COATED_OSMIUM;9935;5;9931;16;;;9941;14;9943;13;;;9938.0;0.0
yf_BGS_d9;15800;INTARIAN_PEPPER_ROOT;11385;14;11382;13;;;11415;15;11418;29;;;11400.0;0.0
yf_BGS_d9;15900;ASH_COATED_OSMIUM;9934;18;9930;15;;;9940;17;9944;18;;;9937.0;0.0
yf_BGS_d9;15900;INTARIAN_PEPPER_ROOT;11401;21;11399;23;;;11407;17;11411;22;;;11404.0;0.0
yf_BGS_d9;16000;ASH_COATED_OSMIUM;9935;18;9933;28;;;9941;12;9944;15;;;9938.0;0.0
yf_BGS_d9;16000;INTARIAN_PEPPER_ROOT;11404;13;11401;22;;;11412;13;11415;27;;;11408.0;0.0
yf_BGS_d9;16100;ASH_COATED_OSMIUM;9935;17;9931;15;;;9941;19;9943;18;;;9938.0;0.0
yf_BGS_d9;16100;INTARIAN_PEPPER_ROOT;11409;11;11407;13;;;11415;21;11419;27;;;11412.0;0.0
yf_BGS_d9;16200;ASH_COATED_OSMIUM;9921;10;9918;17;;;9956;17;9958;24;;;9938.5;0.0
yf_BGS_d9;16200;INTARIAN_PEPPER_ROOT;11413;18;11409;15;;;11419;15;11421;19;;;11416.0;0.0
yf_BGS_d9;16300;ASH_COATED_OSMIUM;9936;13;9933;27;;;9942;26;9944;26;;;9939.0;0.0
yf_BGS_d9;16300;INTARIAN_PEPPER_ROOT;11417;20;11415;18;;;11423;19;11427;24;;;11420.0;0.0
yf_BGS_d9;16400;ASH_COATED_OSMIUM;9930;8;9928;16;;;9947;30;9951;18;;;9938.5;0.0
yf_BGS_d9;16400;INTARIAN_PEPPER_ROOT;11413;16;11411;25;;;11435;13;11438;25;;;11424.0;0.0
yf_BGS_d9;16500;ASH_COATED_OSMIUM;9933;15;9930;18;;;9943;7;9945;18;;;9938.0;0.0
yf_BGS_d9;16500;INTARIAN_PEPPER_ROOT;11425;9;11421;20;;;11431;14;11433;25;;;11428.0;0.0
yf_BGS_d9;16600;ASH_COATED_OSMIUM;9936;23;9934;26;;;9942;18;9946;16;;;9939.0;0.0
yf_BGS_d9;16600;INTARIAN_PEPPER_ROOT;11428;12;11426;24;;;11434;12;11438;20;;;11431.0;0.0
yf_BGS_d9;16700;ASH_COATED_OSMIUM;9936;18;9933;19;;;9942;11;9945;21;;;9939.0;0.0
yf_BGS_d9;16700;INTARIAN_PEPPER_ROOT;11432;18;11428;23;;;11438;13;11441;16;;;11435.0;0.0
yf_BGS_d9;16800;ASH_COATED_OSMIUM;9936;6;9934;21;;;9943;20;9947;24;;;9939.5;0.0
yf_BGS_d9;16800;INTARIAN_PEPPER_ROOT;11436;8;11433;21;;;11443;14;11445;12;;;11439.5;0.0
yf_BGS_d9;16900;ASH_COATED_OSMIUM;9937;12;9934;21;;;9943;19;9946;26;;;9940.0;0.0
yf_BGS_d9;16900;INTARIAN_PEPPER_ROOT;11440;5;11437;28;;;11446;11;11448;21;;;11443.0;0.0
yf_BGS_d9;17000;ASH_COATED_OSMIUM;9925;23;9923;21;;;9956;13;9958;22;;;9940.5;0.0
yf_BGS_d9;17000;INTARIAN_PEPPER_ROOT;11436;13;11432;18;;;11454;15;11458;22;;;11445.0;0.0
yf_BGS_d9;17100;ASH_COATED_OSMIUM;9925;16;9922;16;;;9954;11;9958;19;;;9939.5;0.0
yf_BGS_d9;17100;INTARIAN_PEPPER_ROOT;11441;13;11437;19;;;11447;20;11449;19;;;11444.0;0.0
yf_BGS_d9;17200;ASH_COATED_OSMIUM;9910;9;9906;21;;;9968;22;9972;22;;;9939.0;0.0
yf_BGS_d9;17200;INTARIAN_PEPPER_ROOT;11440;15;11438;13;;;11447;9;11451;22;;;11443.5;0.0
yf_BGS_d9;17300;ASH_COATED_OSMIUM;9936;10;9933;19;;;9942;22;9945;30;;;9939.0;0.0
yf_BGS_d9;17300;INTARIAN_PEPPER_ROOT;11432;9;11428;24;;;11454;12;11457;20;;;11443.0;0.0
yf_BGS_d9;17400;ASH_COATED_OSMIUM;9935;13;9931;23;;;9943;17;9945;22;;;9939.0;0.0
yf_BGS_d9;17400;INTARIAN_PEPPER_ROOT;11440;22;11437;15;;;11446;8;11450;21;;;11443.0;0.0
yf_BGS_d9;17500;ASH_COATED_OSMIUM;9936;17;9933;17;;;9942;25;9944;19;;;9939.0;0.0
yf_BGS_d9;17500;INTARIAN_PEPPER_ROOT;11440;15;11436;16;;;11446;6;11448;13;;;11443.0;0.0
yf_BGS_d9;17600;ASH_COATED_OSMIUM;9935;13;9931;13;;;9942;9;9945;18;;;9938.5;0.0
yf_BGS_d9;17600;INTARIAN_PEPPER_ROOT;11435;13;11433;18;;;11449;22;11452;14;;;11442.0;0.0
yf_BGS_d9;17700;ASH_COATED_OSMIUM;9935;19;9931;11;;;9942;17;9945;26;;;9938.5;0.0
yf_BGS_d9;17700;INTARIAN_PEPPER_ROOT;11439;20;11436;16;;;11445;12;11448;25;;;11442.0;0.0
yf_BGS_d9;17800;ASH_COATED_OSMIUM;9933;13;9929;24;;;9945;16;9947;19;;;9939.0;0.0
yf_BGS_d9;17800;INTARIAN_PEPPER_ROOT;11435;13;11433;35;;;11449;24;11451;26;;;11442.0;0.0
yf_BGS_d9;17900;ASH_COATED_OSMIUM;9933;21;9931;25;;;9944;17;9947;10;;;9938.5;0.0
yf_BGS_d9;17900;INTARIAN_PEPPER_ROOT;11436;10;11432;16;;;11446;7;11449;31;;;11441.0;0.0
yf_BGS_d9;18000;ASH_COATED_OSMIUM;9935;12;9931;19;;;9941;23;9944;12;;;9938.0;0.0
yf_BGS_d9;18000;INTARIAN_PEPPER_ROOT;11434;10;11430;15;;;11449;16;11452;21;;;11441.5;0.0
yf_BGS_d9;18100;ASH_COATED_OSMIUM;9935;16;9932;24;;;9941;11;9943;19;;;9938.0;0.0
yf_BGS_d9;18100;INTARIAN_PEPPER_ROOT;11437;18;11435;17;;;11443;16;11446;26;;;11440.0;0.0
yf_BGS_d9;18200;ASH_COATED_OSMIUM;9931;18;9927;23;;;9944;12;9946;12;;;9937.5;0.0
yf_BGS_d9;18200;INTARIAN_PEPPER_ROOT;11437;14;11433;23;;;11443;14;11447;14;;;11440.0;0.0
yf_BGS_d9;18300;ASH_COATED_OSMIUM;9935;14;9933;23;;;9941;21;9944;19;;;9938.0;0.0
yf_BGS_d9;18300;INTARIAN_PEPPER_ROOT;11430;22;11426;18;;;11451;8;11454;25;;;11440.5;0.0
yf_BGS_d9;18400;ASH_COATED_OSMIUM;9928;13;9925;17;;;9946;17;9949;21;;;9937.0;0.0
yf_BGS_d9;18400;INTARIAN_PEPPER_ROOT;11436;17;11432;17;;;11442;19;11446;13;;;11439.0;0.0
yf_BGS_d9;18500;ASH_COATED_OSMIUM;9934;15;9932;16;;;9940;9;9943;18;;;9937.0;0.0
yf_BGS_d9;18500;INTARIAN_PEPPER_ROOT;11436;13;11432;14;;;11442;11;11444;17;;;11439.0;0.0
yf_BGS_d9;18600;ASH_COATED_OSMIUM;9933;11;9930;21;;;9939;10;9943;20;;;9936.0;0.0
yf_BGS_d9;18600;INTARIAN_PEPPER_ROOT;11432;8;11430;19;;;11444;13;11446;25;;;11438.0;0.0
yf_BGS_d9;18700;ASH_COATED_OSMIUM;9931;14;9928;19;;;9942;25;9946;12;;;9936.5;0.0
yf_BGS_d9;18700;INTARIAN_PEPPER_ROOT;11433;15;11430;18;;;11443;19;11447;21;;;11438.0;0.0
yf_BGS_d9;18800;ASH_COATED_OSMIUM;9934;5;9932;14;;;9940;5;9944;18;;;9937.0;0.0
yf_BGS_d9;18800;INTARIAN_PEPPER_ROOT;11434;24;11430;20;;;11442;11;11445;20;;;11438.0;0.0
yf_BGS_d9;18900;ASH_COATED_OSMIUM;9933;19;9929;15;;;9941;20;9943;15;;;9937.0;0.0
yf_BGS_d9;18900;INTARIAN_PEPPER_ROOT;11435;17;11431;19;;;11441;23;11443;17;;;11438.0;0.0
yf_BGS_d9;19000;ASH_COATED_OSMIUM;9933;13;9929;21;;;9939;10;9943;17;;;9936.0;0.0
yf_BGS_d9;19000;INTARIAN_PEPPER_ROOT;11432;11;11429;21;;;11440;13;11443;26;;;11436.0;0.0
yf_BGS_d9;19100;ASH_COATED_OSMIUM;9932;21;9928;23;;;9938;10;9940;16;;;9935.0;0.0
yf_BGS_d9;19100;INTARIAN_PEPPER_ROOT;11433;13;11430;22;;;11439;20;11441;16;;;11436.0;0.0
yf_BGS_d9;19200;ASH_COATED_OSMIUM;9933;7;9931;14;;;9939;15;9943;18;;;9936.0;0.0
yf_BGS_d9;19200;INTARIAN_PEPPER_ROOT;11433;11;11430;10;;;11439;7;11442;26;;;11436.0;0.0
yf_BGS_d9;19300;ASH_COATED_OSMIUM;9933;20;9931;17;;;9939;20;9943;14;;;9936.0;0.0
yf_BGS_d9;19300;INTARIAN_PEPPER_ROOT;11432;13;11428;24;;;11438;7;11441;23;;;11435.0;0.0
yf_BGS_d9;19400;ASH_COATED_OSMIUM;9933;14;9930;28;;;9939;16;9943;26;;;9936.0;0.0
yf_BGS_d9;19400;INTARIAN_PEPPER_ROOT;11429;18;11427;22;;;11442;15;11445;28;;;11435.5;0.0
yf_BGS_d9;19500;ASH_COATED_OSMIUM;9932;12;9929;15;;;9938;11;9942;16;;;9935.0;0.0
yf_BGS_d9;19500;INTARIAN_PEPPER_ROOT;11431;20;11427;20;;;11438;9;11441;17;;;11434.5;0.0
yf_BGS_d9;19600;ASH_COATED_OSMIUM;9932;17;9929;11;;;9938;17;9942;22;;;9935.0;0.0
yf_BGS_d9;19600;INTARIAN_PEPPER_ROOT;11431;14;11428;14;;;11437;5;11441;12;;;11434.0;0.0
yf_BGS_d9;19700;ASH_COATED_OSMIUM;9927;15;9923;13;;;9942;25;9945;17;;;9934.5;0.0
yf_BGS_d9;19700;INTARIAN_PEPPER_ROOT;11430;11;11426;19;;;11437;12;11439;21;;;11433.5;0.0
yf_BGS_d9;19800;ASH_COATED_OSMIUM;9932;13;9929;26;;;9938;20;9940;23;;;9935.0;0.0
yf_BGS_d9;19800;INTARIAN_PEPPER_ROOT;11429;11;11427;12;;;11441;18;11445;9;;;11435.0;0.0
yf_BGS_d9;19900;ASH_COATED_OSMIUM;9931;17;9929;15;;;9937;15;9939;18;;;9934.0;0.0
yf_BGS_d9;19900;INTARIAN_PEPPER_ROOT;11427;19;11424;24;;;11441;12;11445;8;;;11434.0;0.0
yf_BGS_d9;20000;ASH_COATED_OSMIUM;9931;19;9929;16;;;9938;12;9941;17;;;9934.5;0.0
yf_BGS_d9;20000;INTARIAN_PEPPER_ROOT;11430;19;11426;10;;;11436;23;11439;22;;;11433.0;0.0
yf_BGS_d9;20100;ASH_COATED_OSMIUM;9931;14;9929;18;;;9937;16;9939;26;;;9934.0;0.0
yf_BGS_d9;20100;INTARIAN_PEPPER_ROOT;11430;21;11427;16;;;11436;8;11440;13;;;11433.0;0.0
yf_BGS_d9;20200;ASH_COATED_OSMIUM;9931;12;9927;18;;;9937;11;9941;17;;;9934.0;0.0
yf_BGS_d9;20200;INTARIAN_PEPPER_ROOT;11429;11;11427;23;;;11435;14;11437;22;;;11432.0;0.0
yf_BGS_d9;20300;ASH_COATED_OSMIUM;9931;15;9928;23;;;9937;12;9940;18;;;9934.0;0.0
yf_BGS_d9;20300;INTARIAN_PEPPER_ROOT;11411;20;11408;21;;;11453;11;11455;25;;;11432.0;0.0
yf_BGS_d9;20400;ASH_COATED_OSMIUM;9931;10;9927;12;;;9937;5;9940;21;;;9934.0;0.0
yf_BGS_d9;20400;INTARIAN_PEPPER_ROOT;11415;16;11412;9;;;11447;12;11450;24;;;11431.0;0.0
yf_BGS_d9;20500;ASH_COATED_OSMIUM;9923;14;9919;26;;;9943;19;9947;19;;;9933.0;0.0
yf_BGS_d9;20500;INTARIAN_PEPPER_ROOT;11428;14;11425;15;;;11434;13;11438;17;;;11431.0;0.0
yf_BGS_d9;20600;ASH_COATED_OSMIUM;9930;12;9927;16;;;9937;21;9939;19;;;9933.5;0.0
yf_BGS_d9;20600;INTARIAN_PEPPER_ROOT;11428;8;11424;19;;;11434;16;11437;26;;;11431.0;0.0
yf_BGS_d9;20700;ASH_COATED_OSMIUM;9930;12;9926;20;;;9936;19;9939;18;;;9933.0;0.0
yf_BGS_d9;20700;INTARIAN_PEPPER_ROOT;11427;17;11425;24;;;11433;10;11436;23;;;11430.0;0.0
yf_BGS_d9;20800;ASH_COATED_OSMIUM;9930;8;9927;17;;;9936;18;9938;20;;;9933.0;0.0
yf_BGS_d9;20800;INTARIAN_PEPPER_ROOT;11426;21;11424;14;;;11435;15;11437;23;;;11430.5;0.0
yf_BGS_d9;20900;ASH_COATED_OSMIUM;9929;13;9927;23;;;9935;30;9939;25;;;9932.0;0.0
yf_BGS_d9;20900;INTARIAN_PEPPER_ROOT;11426;13;11422;27;;;11432;17;11434;16;;;11429.0;0.0
yf_BGS_d9;21000;ASH_COATED_OSMIUM;9928;16;9926;15;;;9937;22;9939;32;;;9932.5;0.0
yf_BGS_d9;21000;INTARIAN_PEPPER_ROOT;11425;13;11422;26;;;11433;14;11436;20;;;11429.0;0.0
yf_BGS_d9;21100;ASH_COATED_OSMIUM;9929;10;9925;11;;;9935;17;9939;27;;;9932.0;0.0
yf_BGS_d9;21100;INTARIAN_PEPPER_ROOT;11424;20;11420;9;;;11433;8;11437;18;;;11428.5;0.0
yf_BGS_d9;21200;ASH_COATED_OSMIUM;9929;16;9927;18;;;9935;12;9938;25;;;9932.0;0.0
yf_BGS_d9;21200;INTARIAN_PEPPER_ROOT;11424;28;11422;13;;;11433;17;11436;16;;;11428.5;0.0
yf_BGS_d9;21300;ASH_COATED_OSMIUM;9929;18;9927;20;;;9935;17;9937;19;;;9932.0;0.0
yf_BGS_d9;21300;INTARIAN_PEPPER_ROOT;11422;12;11418;20;;;11434;17;11438;21;;;11428.0;0.0
yf_BGS_d9;21400;ASH_COATED_OSMIUM;9929;13;9926;22;;;9935;14;9937;21;;;9932.0;0.0
yf_BGS_d9;21400;INTARIAN_PEPPER_ROOT;11424;11;11421;13;;;11430;18;11433;23;;;11427.0;0.0
yf_BGS_d9;21500;ASH_COATED_OSMIUM;9929;16;9926;15;;;9935;13;9938;19;;;9932.0;0.0
yf_BGS_d9;21500;INTARIAN_PEPPER_ROOT;11424;5;11422;24;;;11430;16;11433;18;;;11427.0;0.0
yf_BGS_d9;21600;ASH_COATED_OSMIUM;9921;12;9917;19;;;9942;5;9944;17;;;9931.5;0.0
yf_BGS_d9;21600;INTARIAN_PEPPER_ROOT;11424;17;11421;17;;;11430;16;11434;12;;;11427.0;0.0
yf_BGS_d9;21700;ASH_COATED_OSMIUM;9924;16;9920;24;;;9938;21;9942;28;;;9931.0;0.0
yf_BGS_d9;21700;INTARIAN_PEPPER_ROOT;11422;20;11418;21;;;11429;13;11432;29;;;11425.5;0.0
yf_BGS_d9;21800;ASH_COATED_OSMIUM;9928;21;9925;18;;;9934;13;9936;14;;;9931.0;0.0
yf_BGS_d9;21800;INTARIAN_PEPPER_ROOT;11421;17;11417;16;;;11430;17;11433;15;;;11425.5;0.0
yf_BGS_d9;21900;ASH_COATED_OSMIUM;9928;13;9925;31;;;9934;9;9938;20;;;9931.0;0.0
yf_BGS_d9;21900;INTARIAN_PEPPER_ROOT;11423;15;11420;14;;;11429;17;11432;15;;;11426.0;0.0
yf_BGS_d9;22000;ASH_COATED_OSMIUM;9928;11;9924;25;;;9934;14;9938;9;;;9931.0;0.0
yf_BGS_d9;22000;INTARIAN_PEPPER_ROOT;11423;16;11419;12;;;11429;12;11432;16;;;11426.0;0.0
yf_BGS_d9;22100;ASH_COATED_OSMIUM;9927;20;9924;28;;;9933;16;9937;18;;;9930.0;0.0
yf_BGS_d9;22100;INTARIAN_PEPPER_ROOT;11423;7;11419;21;;;11429;12;11432;9;;;11426.0;0.0
yf_BGS_d9;22200;ASH_COATED_OSMIUM;9926;20;9924;13;;;9935;11;9939;19;;;9930.5;0.0
yf_BGS_d9;22200;INTARIAN_PEPPER_ROOT;11419;8;11416;22;;;11429;22;11432;15;;;11424.0;0.0
yf_BGS_d9;22300;ASH_COATED_OSMIUM;9927;12;9923;26;;;9933;16;9937;13;;;9930.0;0.0
yf_BGS_d9;22300;INTARIAN_PEPPER_ROOT;11421;11;11419;12;;;11427;18;11431;13;;;11424.0;0.0
yf_BGS_d9;22400;ASH_COATED_OSMIUM;9927;11;9923;19;;;9933;23;9935;33;;;9930.0;0.0
yf_BGS_d9;22400;INTARIAN_PEPPER_ROOT;11421;26;11419;17;;;11427;9;11429;14;;;11424.0;0.0
yf_BGS_d9;22500;ASH_COATED_OSMIUM;9927;27;9925;27;;;9933;11;9936;17;;;9930.0;0.0
yf_BGS_d9;22500;INTARIAN_PEPPER_ROOT;11421;18;11417;28;;;11427;17;11430;16;;;11424.0;0.0
yf_BGS_d9;22600;ASH_COATED_OSMIUM;9919;10;9916;11;;;9940;9;9942;10;;;9929.5;0.0
yf_BGS_d9;22600;INTARIAN_PEPPER_ROOT;11420;14;11416;19;;;11426;14;11428;22;;;11423.0;0.0
yf_BGS_d9;22700;ASH_COATED_OSMIUM;9926;11;9924;16;;;9932;8;9935;26;;;9929.0;0.0
yf_BGS_d9;22700;INTARIAN_PEPPER_ROOT;11420;10;11418;10;;;11426;24;11428;18;;;11423.0;0.0
yf_BGS_d9;22800;ASH_COATED_OSMIUM;9926;17;9923;20;;;9932;18;9935;15;;;9929.0;0.0
yf_BGS_d9;22800;INTARIAN_PEPPER_ROOT;11416;11;11412;14;;;11429;14;11432;13;;;11422.5;0.0
yf_BGS_d9;22900;ASH_COATED_OSMIUM;9926;16;9922;19;;;9932;19;9934;18;;;9929.0;0.0
yf_BGS_d9;22900;INTARIAN_PEPPER_ROOT;11419;6;11416;15;;;11425;14;11429;18;;;11422.0;0.0
yf_BGS_d9;23000;ASH_COATED_OSMIUM;9919;6;9917;19;;;9938;16;9941;20;;;9928.5;0.0
yf_BGS_d9;23000;INTARIAN_PEPPER_ROOT;11419;17;11417;19;;;11425;16;11428;18;;;11422.0;0.0
yf_BGS_d9;23100;ASH_COATED_OSMIUM;9926;12;9923;13;;;9932;13;9936;15;;;9929.0;0.0
yf_BGS_d9;23100;INTARIAN_PEPPER_ROOT;11418;21;11414;22;;;11424;26;11428;19;;;11421.0;0.0
yf_BGS_d9;23200;ASH_COATED_OSMIUM;9925;21;9921;29;;;9931;20;9934;12;;;9928.0;0.0
yf_BGS_d9;23200;INTARIAN_PEPPER_ROOT;11418;15;11416;22;;;11424;16;11427;16;;;11421.0;0.0
yf_BGS_d9;23300;ASH_COATED_OSMIUM;9925;13;9922;32;;;9931;15;9934;16;;;9928.0;0.0
yf_BGS_d9;23300;INTARIAN_PEPPER_ROOT;11417;14;11414;18;;;11423;10;11425;13;;;11420.0;0.0
yf_BGS_d9;23400;ASH_COATED_OSMIUM;9924;23;9921;22;;;9933;12;9935;18;;;9928.5;0.0
yf_BGS_d9;23400;INTARIAN_PEPPER_ROOT;11417;5;11415;30;;;11423;15;11427;19;;;11420.0;0.0
yf_BGS_d9;23500;ASH_COATED_OSMIUM;9923;8;9919;25;;;9932;17;9935;16;;;9927.5;0.0
yf_BGS_d9;23500;INTARIAN_PEPPER_ROOT;11412;11;11410;11;;;11429;6;11431;16;;;11420.5;0.0
yf_BGS_d9;23600;ASH_COATED_OSMIUM;9922;12;9919;17;;;9933;8;9935;24;;;9927.5;0.0
yf_BGS_d9;23600;INTARIAN_PEPPER_ROOT;11414;17;11411;30;;;11425;15;11429;29;;;11419.5;0.0
yf_BGS_d9;23700;ASH_COATED_OSMIUM;9915;19;9911;34;;;9942;16;9945;25;;;9928.5;0.0
yf_BGS_d9;23700;INTARIAN_PEPPER_ROOT;11411;10;11407;23;;;11427;20;11431;24;;;11419.0;0.0
yf_BGS_d9;23800;ASH_COATED_OSMIUM;9925;20;9923;19;;;9931;5;9934;17;;;9928.0;0.0
yf_BGS_d9;23800;INTARIAN_PEPPER_ROOT;11414;17;11411;19;;;11422;5;11425;17;;;11418.0;0.0
yf_BGS_d9;23900;ASH_COATED_OSMIUM;9924;16;9922;23;;;9930;15;9933;23;;;9927.0;0.0
yf_BGS_d9;23900;INTARIAN_PEPPER_ROOT;11415;16;11411;22;;;11421;12;11424;22;;;11418.0;0.0
yf_BGS_d9;24000;ASH_COATED_OSMIUM;9923;18;9920;20;;;9929;15;9932;24;;;9926.0;0.0
yf_BGS_d9;24000;INTARIAN_PEPPER_ROOT;11406;16;11402;25;;;11429;17;11433;21;;;11417.5;0.0
yf_BGS_d9;24100;ASH_COATED_OSMIUM;9924;18;9921;20;;;9930;9;9934;15;;;9927.0;0.0
yf_BGS_d9;24100;INTARIAN_PEPPER_ROOT;11414;11;11410;21;;;11420;13;11424;21;;;11417.0;0.0
yf_BGS_d9;24200;ASH_COATED_OSMIUM;9924;23;9920;8;;;9930;12;9933;13;;;9927.0;0.0
yf_BGS_d9;24200;INTARIAN_PEPPER_ROOT;11414;17;11411;13;;;11420;22;11424;27;;;11417.0;0.0
yf_BGS_d9;24300;ASH_COATED_OSMIUM;9923;11;9920;15;;;9929;20;9931;19;;;9926.0;0.0
yf_BGS_d9;24300;INTARIAN_PEPPER_ROOT;11414;7;11410;23;;;11420;15;11424;13;;;11417.0;0.0
yf_BGS_d9;24400;ASH_COATED_OSMIUM;9924;14;9922;14;;;9930;20;9933;21;;;9927.0;0.0
yf_BGS_d9;24400;INTARIAN_PEPPER_ROOT;11413;15;11409;16;;;11419;13;11421;20;;;11416.0;0.0
yf_BGS_d9;24500;ASH_COATED_OSMIUM;9921;16;9918;25;;;9931;27;9934;15;;;9926.0;0.0
yf_BGS_d9;24500;INTARIAN_PEPPER_ROOT;11412;16;11408;16;;;11418;19;11422;15;;;11415.0;0.0
yf_BGS_d9;24600;ASH_COATED_OSMIUM;9921;18;9918;17;;;9931;12;9935;22;;;9926.0;0.0
yf_BGS_d9;24600;INTARIAN_PEPPER_ROOT;11412;17;11408;8;;;11418;15;11422;23;;;11415.0;0.0
yf_BGS_d9;24700;ASH_COATED_OSMIUM;9922;13;9918;18;;;9928;19;9930;15;;;9925.0;0.0
yf_BGS_d9;24700;INTARIAN_PEPPER_ROOT;11412;12;11409;14;;;11418;16;11421;20;;;11415.0;0.0
yf_BGS_d9;24800;ASH_COATED_OSMIUM;9915;17;9912;23;;;9935;7;9937;19;;;9925.0;0.0
yf_BGS_d9;24800;INTARIAN_PEPPER_ROOT;11401;11;11397;20;;;11428;13;11431;14;;;11414.5;0.0
yf_BGS_d9;24900;ASH_COATED_OSMIUM;9923;18;9921;16;;;9929;18;9932;19;;;9926.0;0.0
yf_BGS_d9;24900;INTARIAN_PEPPER_ROOT;11411;11;11408;22;;;11418;11;11420;19;;;11414.5;0.0
yf_BGS_d9;25000;ASH_COATED_OSMIUM;9915;12;9912;25;;;9934;13;9937;13;;;9924.5;0.0
yf_BGS_d9;25000;INTARIAN_PEPPER_ROOT;11411;13;11408;23;;;11417;15;11420;17;;;11414.0;0.0
yf_BGS_d9;25100;ASH_COATED_OSMIUM;9921;15;9918;18;;;9927;5;9931;20;;;9924.0;0.0
yf_BGS_d9;25100;INTARIAN_PEPPER_ROOT;11410;10;11408;24;;;11416;11;11419;24;;;11413.0;0.0
yf_BGS_d9;25200;ASH_COATED_OSMIUM;9922;16;9918;27;;;9928;13;9932;25;;;9925.0;0.0
yf_BGS_d9;25200;INTARIAN_PEPPER_ROOT;11405;18;11401;19;;;11421;16;11424;24;;;11413.0;0.0
yf_BGS_d9;25300;ASH_COATED_OSMIUM;9922;17;9919;23;;;9928;19;9931;19;;;9925.0;0.0
yf_BGS_d9;25300;INTARIAN_PEPPER_ROOT;11409;14;11407;19;;;11415;30;11417;15;;;11412.0;0.0
yf_BGS_d9;25400;ASH_COATED_OSMIUM;9921;15;9919;16;;;9927;5;9930;16;;;9924.0;0.0
yf_BGS_d9;25400;INTARIAN_PEPPER_ROOT;11405;16;11401;19;;;11421;8;11423;25;;;11413.0;0.0
yf_BGS_d9;25500;ASH_COATED_OSMIUM;9917;11;9914;16;;;9932;13;9934;17;;;9924.5;0.0
yf_BGS_d9;25500;INTARIAN_PEPPER_ROOT;11409;11;11407;19;;;11416;19;11418;24;;;11412.5;0.0
yf_BGS_d9;25600;ASH_COATED_OSMIUM;9921;12;9918;30;;;9927;7;9930;23;;;9924.0;0.0
yf_BGS_d9;25600;INTARIAN_PEPPER_ROOT;11407;13;11403;16;;;11415;9;11417;26;;;11411.0;0.0
yf_BGS_d9;25700;ASH_COATED_OSMIUM;9921;15;9917;15;;;9927;17;9931;17;;;9924.0;0.0
yf_BGS_d9;25700;INTARIAN_PEPPER_ROOT;11406;13;11402;22;;;11416;22;11420;24;;;11411.0;0.0
yf_BGS_d9;25800;ASH_COATED_OSMIUM;9921;18;9918;21;;;9927;21;9929;23;;;9924.0;0.0
yf_BGS_d9;25800;INTARIAN_PEPPER_ROOT;11407;12;11404;9;;;11413;18;11416;8;;;11410.0;0.0
yf_BGS_d9;25900;ASH_COATED_OSMIUM;9916;22;9914;15;;;9932;17;9935;24;;;9924.0;0.0
yf_BGS_d9;25900;INTARIAN_PEPPER_ROOT;11392;20;11388;13;;;11428;6;11430;21;;;11410.0;0.0
yf_BGS_d9;26000;ASH_COATED_OSMIUM;9921;21;9918;21;;;9927;12;9929;14;;;9924.0;0.0
yf_BGS_d9;26000;INTARIAN_PEPPER_ROOT;11407;17;11404;19;;;11413;14;11417;12;;;11410.0;0.0
yf_BGS_d9;26100;ASH_COATED_OSMIUM;9920;14;9917;23;;;9926;25;9930;24;;;9923.0;0.0
yf_BGS_d9;26100;INTARIAN_PEPPER_ROOT;11398;25;11394;23;;;11420;14;11423;32;;;11409.0;0.0
yf_BGS_d9;26200;ASH_COATED_OSMIUM;9920;19;9917;19;;;9926;26;9929;18;;;9923.0;0.0
yf_BGS_d9;26200;INTARIAN_PEPPER_ROOT;11406;17;11402;26;;;11413;10;11415;23;;;11409.5;0.0
yf_BGS_d9;26300;ASH_COATED_OSMIUM;9920;14;9918;10;;;9926;18;9928;9;;;9923.0;0.0
yf_BGS_d9;26300;INTARIAN_PEPPER_ROOT;11404;8;11400;20;;;11413;17;11417;26;;;11408.5;0.0
yf_BGS_d9;26400;ASH_COATED_OSMIUM;9919;16;9917;13;;;9925;11;9929;17;;;9922.0;0.0
yf_BGS_d9;26400;INTARIAN_PEPPER_ROOT;11400;9;11396;18;;;11416;21;11420;23;;;11408.0;0.0
yf_BGS_d9;26500;ASH_COATED_OSMIUM;9917;10;9913;14;;;9929;19;9932;21;;;9923.0;0.0
yf_BGS_d9;26500;INTARIAN_PEPPER_ROOT;11405;27;11402;25;;;11411;18;11413;18;;;11408.0;0.0
yf_BGS_d9;26600;ASH_COATED_OSMIUM;9915;15;9911;23;;;9929;15;9933;25;;;9922.0;0.0
yf_BGS_d9;26600;INTARIAN_PEPPER_ROOT;11404;15;11401;27;;;11412;11;11415;17;;;11408.0;0.0
yf_BGS_d9;26700;ASH_COATED_OSMIUM;9919;17;9916;22;;;9925;15;9929;21;;;9922.0;0.0
yf_BGS_d9;26700;INTARIAN_PEPPER_ROOT;11398;8;11396;22;;;11417;14;11420;19;;;11407.5;0.0
yf_BGS_d9;26800;ASH_COATED_OSMIUM;9906;16;9904;17;;;9938;14;9942;18;;;9922.0;0.0
yf_BGS_d9;26800;INTARIAN_PEPPER_ROOT;11400;14;11397;20;;;11414;9;11417;30;;;11407.0;0.0
yf_BGS_d9;26900;ASH_COATED_OSMIUM;9919;15;9916;9;;;9925;14;9927;18;;;9922.0;0.0
yf_BGS_d9;26900;INTARIAN_PEPPER_ROOT;11403;9;11400;14;;;11411;16;11414;23;;;11407.0;0.0
yf_BGS_d9;27000;ASH_COATED_OSMIUM;9918;15;9916;20;;;9924;24;9928;20;;;9921.0;0.0
yf_BGS_d9;27000;INTARIAN_PEPPER_ROOT;11403;12;11400;14;;;11409;19;11411;18;;;11406.0;0.0
yf_BGS_d9;27100;ASH_COATED_OSMIUM;9918;11;9916;18;;;9924;19;9926;15;;;9921.0;0.0
yf_BGS_d9;27100;INTARIAN_PEPPER_ROOT;11402;11;11398;19;;;11408;18;11411;21;;;11405.0;0.0
yf_BGS_d9;27200;ASH_COATED_OSMIUM;9911;14;9909;16;;;9931;19;9933;21;;;9921.0;0.0
yf_BGS_d9;27200;INTARIAN_PEPPER_ROOT;11388;15;11385;14;;;11422;11;11425;14;;;11405.0;0.0
yf_BGS_d9;27300;ASH_COATED_OSMIUM;9915;12;9912;12;;;9929;11;9931;20;;;9922.0;0.0
yf_BGS_d9;27300;INTARIAN_PEPPER_ROOT;11401;8;11399;14;;;11407;17;11411;24;;;11404.0;0.0
yf_BGS_d9;27400;ASH_COATED_OSMIUM;9915;20;9911;16;;;9926;24;9930;24;;;9920.5;0.0
yf_BGS_d9;27400;INTARIAN_PEPPER_ROOT;11401;11;11398;22;;;11407;23;11409;21;;;11404.0;0.0
yf_BGS_d9;27500;ASH_COATED_OSMIUM;9909;10;9905;19;;;9933;11;9937;19;;;9921.0;0.0
yf_BGS_d9;27500;INTARIAN_PEPPER_ROOT;11400;18;11398;15;;;11407;20;11409;25;;;11403.5;0.0
yf_BGS_d9;27600;ASH_COATED_OSMIUM;9906;12;9904;15;;;9935;13;9937;19;;;9920.5;0.0
yf_BGS_d9;27600;INTARIAN_PEPPER_ROOT;11378;10;11374;9;;;11429;9;11433;20;;;11403.5;0.0
yf_BGS_d9;27700;ASH_COATED_OSMIUM;9917;12;9913;30;;;9923;14;9926;19;;;9920.0;0.0
yf_BGS_d9;27700;INTARIAN_PEPPER_ROOT;11400;18;11396;26;;;11407;22;11411;18;;;11403.5;0.0
yf_BGS_d9;27800;ASH_COATED_OSMIUM;9918;16;9915;19;;;9924;12;9928;20;;;9921.0;0.0
yf_BGS_d9;27800;INTARIAN_PEPPER_ROOT;11394;19;11391;19;;;11412;14;11415;19;;;11403.0;0.0
yf_BGS_d9;27900;ASH_COATED_OSMIUM;9917;12;9914;20;;;9923;11;9926;17;;;9920.0;0.0
yf_BGS_d9;27900;INTARIAN_PEPPER_ROOT;11400;18;11397;28;;;11406;15;11408;20;;;11403.0;0.0
yf_BGS_d9;28000;ASH_COATED_OSMIUM;9917;17;9913;11;;;9923;20;9927;24;;;9920.0;0.0
yf_BGS_d9;28000;INTARIAN_PEPPER_ROOT;11398;14;11396;31;;;11405;13;11409;22;;;11401.5;0.0
yf_BGS_d9;28100;ASH_COATED_OSMIUM;9912;16;9910;18;;;9927;16;9929;32;;;9919.5;0.0
yf_BGS_d9;28100;INTARIAN_PEPPER_ROOT;11399;6;11396;30;;;11405;11;11409;15;;;11402.0;0.0
yf_BGS_d9;28200;ASH_COATED_OSMIUM;9916;8;9912;17;;;9922;13;9925;12;;;9919.0;0.0
yf_BGS_d9;28200;INTARIAN_PEPPER_ROOT;11398;21;11396;21;;;11404;13;11407;24;;;11401.0;0.0
yf_BGS_d9;28300;ASH_COATED_OSMIUM;9915;5;9912;22;;;9921;13;9925;18;;;9918.0;0.0
yf_BGS_d9;28300;INTARIAN_PEPPER_ROOT;11398;19;11396;15;;;11404;11;11408;17;;;11401.0;0.0
yf_BGS_d9;28400;ASH_COATED_OSMIUM;9912;17;9908;16;;;9926;16;9930;23;;;9919.0;0.0
yf_BGS_d9;28400;INTARIAN_PEPPER_ROOT;11397;15;11395;23;;;11404;5;11408;18;;;11400.5;0.0
yf_BGS_d9;28500;ASH_COATED_OSMIUM;9912;14;9909;21;;;9925;15;9928;20;;;9918.5;0.0
yf_BGS_d9;28500;INTARIAN_PEPPER_ROOT;11397;19;11394;15;;;11404;14;11408;20;;;11400.5;0.0
yf_BGS_d9;28600;ASH_COATED_OSMIUM;9915;12;9913;16;;;9921;19;9923;19;;;9918.0;0.0
yf_BGS_d9;28600;INTARIAN_PEPPER_ROOT;11394;5;11391;23;;;11404;12;11406;21;;;11399.0;0.0
yf_BGS_d9;28700;ASH_COATED_OSMIUM;9913;12;9910;14;;;9923;7;9925;26;;;9918.0;0.0
yf_BGS_d9;28700;INTARIAN_PEPPER_ROOT;11397;8;11395;9;;;11403;16;11405;25;;;11400.0;0.0
yf_BGS_d9;28800;ASH_COATED_OSMIUM;9915;14;9912;16;;;9921;12;9925;24;;;9918.0;0.0
yf_BGS_d9;28800;INTARIAN_PEPPER_ROOT;11394;8;11392;21;;;11403;13;11405;14;;;11398.5;0.0
yf_BGS_d9;28900;ASH_COATED_OSMIUM;9913;12;9911;22;;;9922;15;9924;19;;;9917.5;0.0
yf_BGS_d9;28900;INTARIAN_PEPPER_ROOT;11396;11;11394;24;;;11402;16;11406;18;;;11399.0;0.0
yf_BGS_d9;29000;ASH_COATED_OSMIUM;9909;14;9905;19;;;9926;25;9930;16;;;9917.5;0.0
yf_BGS_d9;29000;INTARIAN_PEPPER_ROOT;11395;17;11391;21;;;11401;20;11403;12;;;11398.0;0.0
yf_BGS_d9;29100;ASH_COATED_OSMIUM;9914;14;9910;17;;;9920;22;9922;23;;;9917.0;0.0
yf_BGS_d9;29100;INTARIAN_PEPPER_ROOT;11395;17;11393;15;;;11401;9;11403;25;;;11398.0;0.0
yf_BGS_d9;29200;ASH_COATED_OSMIUM;9914;14;9910;21;;;9920;13;9924;24;;;9917.0;0.0
yf_BGS_d9;29200;INTARIAN_PEPPER_ROOT;11394;16;11392;11;;;11400;17;11403;24;;;11397.0;0.0
yf_BGS_d9;29300;ASH_COATED_OSMIUM;9914;12;9912;13;;;9920;18;9924;24;;;9917.0;0.0
yf_BGS_d9;29300;INTARIAN_PEPPER_ROOT;11394;22;11391;13;;;11400;16;11403;19;;;11397.0;0.0
yf_BGS_d9;29400;ASH_COATED_OSMIUM;9914;16;9910;18;;;9920;9;9922;35;;;9917.0;0.0
yf_BGS_d9;29400;INTARIAN_PEPPER_ROOT;11393;23;11389;26;;;11399;12;11401;18;;;11396.0;0.0
yf_BGS_d9;29500;ASH_COATED_OSMIUM;9914;12;9910;24;;;9920;18;9924;21;;;9917.0;0.0
yf_BGS_d9;29500;INTARIAN_PEPPER_ROOT;11394;11;11390;17;;;11400;19;11403;29;;;11397.0;0.0
yf_BGS_d9;29600;ASH_COATED_OSMIUM;9911;14;9907;19;;;9923;18;9926;25;;;9917.0;0.0
yf_BGS_d9;29600;INTARIAN_PEPPER_ROOT;11393;17;11390;25;;;11399;23;11402;18;;;11396.0;0.0
yf_BGS_d9;29700;ASH_COATED_OSMIUM;9910;15;9907;23;;;9925;12;9928;19;;;9917.5;0.0
yf_BGS_d9;29700;INTARIAN_PEPPER_ROOT;11393;21;11391;22;;;11399;17;11402;24;;;11396.0;0.0
yf_BGS_d9;29800;ASH_COATED_OSMIUM;9914;14;9912;12;;;9920;11;9924;16;;;9917.0;0.0
yf_BGS_d9;29800;INTARIAN_PEPPER_ROOT;11386;19;11384;26;;;11404;10;11408;16;;;11395.0;0.0
yf_BGS_d9;29900;ASH_COATED_OSMIUM;9912;17;9910;15;;;9920;17;9923;22;;;9916.0;0.0
yf_BGS_d9;29900;INTARIAN_PEPPER_ROOT;11392;8;11390;17;;;11398;21;11401;14;;;11395.0;0.0
yf_BGS_d9;30000;ASH_COATED_OSMIUM;9914;14;9912;14;;;9920;23;9922;20;;;9917.0;0.0
yf_BGS_d9;30000;INTARIAN_PEPPER_ROOT;11392;19;11389;11;;;11398;20;11401;13;;;11395.0;0.0
yf_BGS_d9;30100;ASH_COATED_OSMIUM;9913;10;9911;16;;;9919;16;9923;19;;;9916.0;0.0
yf_BGS_d9;30100;INTARIAN_PEPPER_ROOT;11387;24;11383;19;;;11400;5;11404;10;;;11393.5;0.0
yf_BGS_d9;30200;ASH_COATED_OSMIUM;9908;21;9904;17;;;9923;22;9927;10;;;9915.5;0.0
yf_BGS_d9;30200;INTARIAN_PEPPER_ROOT;11391;17;11388;17;;;11397;17;11400;27;;;11394.0;0.0
yf_BGS_d9;30300;ASH_COATED_OSMIUM;9913;20;9910;19;;;9919;13;9922;12;;;9916.0;0.0
yf_BGS_d9;30300;INTARIAN_PEPPER_ROOT;11389;16;11386;19;;;11397;8;11400;13;;;11393.0;0.0
yf_BGS_d9;30400;ASH_COATED_OSMIUM;9912;25;9909;14;;;9918;9;9922;15;;;9915.0;0.0
yf_BGS_d9;30400;INTARIAN_PEPPER_ROOT;11389;9;11385;12;;;11395;5;11397;19;;;11392.0;0.0
yf_BGS_d9;30500;ASH_COATED_OSMIUM;9912;13;9908;18;;;9918;13;9922;12;;;9915.0;0.0
yf_BGS_d9;30500;INTARIAN_PEPPER_ROOT;11389;16;11385;21;;;11395;8;11399;20;;;11392.0;0.0
yf_BGS_d9;30600;ASH_COATED_OSMIUM;9912;18;9908;21;;;9918;23;9920;26;;;9915.0;0.0
yf_BGS_d9;30600;INTARIAN_PEPPER_ROOT;11381;11;11378;23;;;11404;16;11408;23;;;11392.5;0.0
yf_BGS_d9;30700;ASH_COATED_OSMIUM;9911;11;9909;27;;;9917;14;9921;24;;;9914.0;0.0
yf_BGS_d9;30700;INTARIAN_PEPPER_ROOT;11372;18;11368;17;;;11411;8;11413;23;;;11391.5;0.0
yf_BGS_d9;30800;ASH_COATED_OSMIUM;9911;12;9909;17;;;9917;20;9920;21;;;9914.0;0.0
yf_BGS_d9;30800;INTARIAN_PEPPER_ROOT;11367;11;11364;11;;;11415;7;11419;12;;;11391.0;0.0
yf_BGS_d9;30900;ASH_COATED_OSMIUM;9911;14;9908;25;;;9917;11;9920;18;;;9914.0;0.0
yf_BGS_d9;30900;INTARIAN_PEPPER_ROOT;11388;15;11384;22;;;11394;5;11397;17;;;11391.0;0.0
yf_BGS_d9;31000;ASH_COATED_OSMIUM;9911;15;9908;22;;;9917;15;9919;19;;;9914.0;0.0
yf_BGS_d9;31000;INTARIAN_PEPPER_ROOT;11386;17;11384;28;;;11395;16;11398;20;;;11390.5;0.0
yf_BGS_d9;31100;ASH_COATED_OSMIUM;9911;17;9908;21;;;9917;5;9919;21;;;9914.0;0.0
yf_BGS_d9;31100;INTARIAN_PEPPER_ROOT;11387;12;11384;19;;;11393;7;11397;23;;;11390.0;0.0
yf_BGS_d9;31200;ASH_COATED_OSMIUM;9911;5;9907;16;;;9917;18;9919;23;;;9914.0;0.0
yf_BGS_d9;31200;INTARIAN_PEPPER_ROOT;11387;17;11384;16;;;11393;16;11396;10;;;11390.0;0.0
yf_BGS_d9;31300;ASH_COATED_OSMIUM;9910;12;9908;18;;;9916;15;9918;25;;;9913.0;0.0
yf_BGS_d9;31300;INTARIAN_PEPPER_ROOT;11382;15;11380;22;;;11396;14;11400;9;;;11389.0;0.0
yf_BGS_d9;31400;ASH_COATED_OSMIUM;9910;16;9908;28;;;9917;11;9921;19;;;9913.5;0.0
yf_BGS_d9;31400;INTARIAN_PEPPER_ROOT;11386;12;11383;17;;;11392;10;11395;13;;;11389.0;0.0
yf_BGS_d9;31500;ASH_COATED_OSMIUM;9911;9;9907;20;;;9917;15;9919;20;;;9914.0;0.0
yf_BGS_d9;31500;INTARIAN_PEPPER_ROOT;11385;14;11382;13;;;11391;12;11395;21;;;11388.0;0.0
yf_BGS_d9;31600;ASH_COATED_OSMIUM;9908;17;9905;17;;;9918;21;9921;21;;;9913.0;0.0
yf_BGS_d9;31600;INTARIAN_PEPPER_ROOT;11386;19;11382;21;;;11392;21;11396;16;;;11389.0;0.0
yf_BGS_d9;31700;ASH_COATED_OSMIUM;9907;5;9905;20;;;9918;24;9921;13;;;9912.5;0.0
yf_BGS_d9;31700;INTARIAN_PEPPER_ROOT;11384;15;11380;24;;;11390;11;11393;19;;;11387.0;0.0
yf_BGS_d9;31800;ASH_COATED_OSMIUM;9910;20;9907;24;;;9916;14;9920;26;;;9913.0;0.0
yf_BGS_d9;31800;INTARIAN_PEPPER_ROOT;11371;10;11368;24;;;11403;11;11407;15;;;11387.0;0.0
yf_BGS_d9;31900;ASH_COATED_OSMIUM;9909;11;9906;22;;;9915;22;9917;14;;;9912.0;0.0
yf_BGS_d9;31900;INTARIAN_PEPPER_ROOT;11382;24;11380;17;;;11392;13;11394;25;;;11387.0;0.0
yf_BGS_d9;32000;ASH_COATED_OSMIUM;9907;8;9903;26;;;9918;17;9921;19;;;9912.5;0.0
yf_BGS_d9;32000;INTARIAN_PEPPER_ROOT;11384;5;11380;26;;;11390;15;11394;22;;;11387.0;0.0
yf_BGS_d9;32100;ASH_COATED_OSMIUM;9908;20;9904;27;;;9916;24;9918;15;;;9912.0;0.0
yf_BGS_d9;32100;INTARIAN_PEPPER_ROOT;11383;7;11380;9;;;11389;18;11391;11;;;11386.0;0.0
yf_BGS_d9;32200;ASH_COATED_OSMIUM;9909;20;9905;19;;;9915;21;9917;24;;;9912.0;0.0
yf_BGS_d9;32200;INTARIAN_PEPPER_ROOT;11383;15;11380;20;;;11389;11;11393;23;;;11386.0;0.0
yf_BGS_d9;32300;ASH_COATED_OSMIUM;9908;12;9905;15;;;9914;18;9916;17;;;9911.0;0.0
yf_BGS_d9;32300;INTARIAN_PEPPER_ROOT;11382;15;11378;21;;;11389;5;11391;20;;;11385.5;0.0
yf_BGS_d9;32400;ASH_COATED_OSMIUM;9907;13;9903;16;;;9915;21;9919;15;;;9911.0;0.0
yf_BGS_d9;32400;INTARIAN_PEPPER_ROOT;11383;8;11379;24;;;11389;19;11391;21;;;11386.0;0.0
yf_BGS_d9;32500;ASH_COATED_OSMIUM;9909;11;9906;26;;;9915;15;9919;14;;;9912.0;0.0
yf_BGS_d9;32500;INTARIAN_PEPPER_ROOT;11382;10;11380;18;;;11388;14;11390;19;;;11385.0;0.0
yf_BGS_d9;32600;ASH_COATED_OSMIUM;9902;18;9900;21;;;9921;12;9924;20;;;9911.5;0.0
yf_BGS_d9;32600;INTARIAN_PEPPER_ROOT;11381;10;11377;16;;;11387;9;11389;22;;;11384.0;0.0
yf_BGS_d9;32700;ASH_COATED_OSMIUM;9908;21;9906;32;;;9914;13;9918;18;;;9911.0;0.0
yf_BGS_d9;32700;INTARIAN_PEPPER_ROOT;11380;17;11376;11;;;11386;9;11388;24;;;11383.0;0.0
yf_BGS_d9;32800;ASH_COATED_OSMIUM;9908;5;9904;15;;;9915;11;9919;25;;;9911.5;0.0
yf_BGS_d9;32800;INTARIAN_PEPPER_ROOT;11377;23;11375;20;;;11390;16;11393;34;;;11383.5;0.0
yf_BGS_d9;32900;ASH_COATED_OSMIUM;9904;15;9901;22;;;9918;11;9921;20;;;9911.0;0.0
yf_BGS_d9;32900;INTARIAN_PEPPER_ROOT;11378;8;11375;18;;;11388;14;11392;19;;;11383.0;0.0
yf_BGS_d9;33000;ASH_COATED_OSMIUM;9905;17;9903;18;;;9915;15;9919;25;;;9910.0;0.0
yf_BGS_d9;33000;INTARIAN_PEPPER_ROOT;11378;17;11374;22;;;11385;13;11388;16;;;11381.5;0.0
yf_BGS_d9;33100;ASH_COATED_OSMIUM;9907;20;9904;15;;;9913;20;9916;20;;;9910.0;0.0
yf_BGS_d9;33100;INTARIAN_PEPPER_ROOT;11379;14;11376;18;;;11385;16;11387;22;;;11382.0;0.0
yf_BGS_d9;33200;ASH_COATED_OSMIUM;9907;19;9905;21;;;9913;14;9916;27;;;9910.0;0.0
yf_BGS_d9;33200;INTARIAN_PEPPER_ROOT;11376;12;11374;17;;;11389;21;11393;19;;;11382.5;0.0
yf_BGS_d9;33300;ASH_COATED_OSMIUM;9907;11;9905;20;;;9913;10;9917;21;;;9910.0;0.0
yf_BGS_d9;33300;INTARIAN_PEPPER_ROOT;11376;23;11374;27;;;11388;18;11392;20;;;11382.0;0.0
yf_BGS_d9;33400;ASH_COATED_OSMIUM;9907;12;9903;18;;;9913;12;9916;16;;;9910.0;0.0
yf_BGS_d9;33400;INTARIAN_PEPPER_ROOT;11372;5;11369;29;;;11391;13;11395;18;;;11381.5;0.0
yf_BGS_d9;33500;ASH_COATED_OSMIUM;9904;9;9902;23;;;9915;22;9917;30;;;9909.5;0.0
yf_BGS_d9;33500;INTARIAN_PEPPER_ROOT;11378;9;11374;8;;;11384;20;11386;25;;;11381.0;0.0
yf_BGS_d9;33600;ASH_COATED_OSMIUM;9906;15;9903;17;;;9912;17;9914;13;;;9909.0;0.0
yf_BGS_d9;33600;INTARIAN_PEPPER_ROOT;11377;15;11373;21;;;11383;6;11385;20;;;11380.0;0.0
yf_BGS_d9;33700;ASH_COATED_OSMIUM;9905;7;9901;12;;;9912;18;9914;21;;;9908.5;0.0
yf_BGS_d9;33700;INTARIAN_PEPPER_ROOT;11376;11;11373;13;;;11382;15;11384;22;;;11379.0;0.0
yf_BGS_d9;33800;ASH_COATED_OSMIUM;9907;14;9903;26;;;9913;16;9915;22;;;9910.0;0.0
yf_BGS_d9;33800;INTARIAN_PEPPER_ROOT;11372;20;11370;25;;;11387;13;11389;15;;;11379.5;0.0
yf_BGS_d9;33900;ASH_COATED_OSMIUM;9891;5;9887;22;;;9926;13;9929;16;;;9908.5;0.0
yf_BGS_d9;33900;INTARIAN_PEPPER_ROOT;11374;22;11371;15;;;11385;15;11388;19;;;11379.5;0.0
yf_BGS_d9;34000;ASH_COATED_OSMIUM;9904;16;9902;12;;;9914;18;9916;12;;;9909.0;0.0
yf_BGS_d9;34000;INTARIAN_PEPPER_ROOT;11368;14;11366;21;;;11389;17;11391;17;;;11378.5;0.0
yf_BGS_d9;34100;ASH_COATED_OSMIUM;9906;13;9902;15;;;9912;12;9916;30;;;9909.0;0.0
yf_BGS_d9;34100;INTARIAN_PEPPER_ROOT;11375;5;11373;18;;;11381;10;11385;12;;;11378.0;0.0
yf_BGS_d9;34200;ASH_COATED_OSMIUM;9906;14;9904;16;;;9912;13;9916;16;;;9909.0;0.0
yf_BGS_d9;34200;INTARIAN_PEPPER_ROOT;11375;15;11373;15;;;11381;17;11384;15;;;11378.0;0.0
yf_BGS_d9;34300;ASH_COATED_OSMIUM;9906;16;9903;27;;;9912;14;9915;20;;;9909.0;0.0
yf_BGS_d9;34300;INTARIAN_PEPPER_ROOT;11374;19;11372;23;;;11380;17;11384;24;;;11377.0;0.0
yf_BGS_d9;34400;ASH_COATED_OSMIUM;9907;9;9903;24;;;9913;17;9917;17;;;9910.0;0.0
yf_BGS_d9;34400;INTARIAN_PEPPER_ROOT;11374;13;11370;32;;;11380;18;11382;16;;;11377.0;0.0
yf_BGS_d9;34500;ASH_COATED_OSMIUM;9907;18;9904;16;;;9913;13;9916;12;;;9910.0;0.0
yf_BGS_d9;34500;INTARIAN_PEPPER_ROOT;11373;7;11370;26;;;11379;12;11381;22;;;11376.0;0.0
yf_BGS_d9;34600;ASH_COATED_OSMIUM;9907;9;9903;19;;;9914;19;9918;29;;;9910.5;0.0
yf_BGS_d9;34600;INTARIAN_PEPPER_ROOT;11373;9;11369;24;;;11381;14;11383;15;;;11377.0;0.0
yf_BGS_d9;34700;ASH_COATED_OSMIUM;9907;15;9904;35;;;9913;14;9917;29;;;9910.0;0.0
yf_BGS_d9;34700;INTARIAN_PEPPER_ROOT;11373;6;11369;13;;;11379;24;11381;15;;;11376.0;0.0
yf_BGS_d9;34800;ASH_COATED_OSMIUM;9901;5;9899;25;;;9919;9;9921;19;;;9910.0;0.0
yf_BGS_d9;34800;INTARIAN_PEPPER_ROOT;11373;16;11369;16;;;11379;14;11382;22;;;11376.0;0.0
yf_BGS_d9;34900;ASH_COATED_OSMIUM;9908;11;9906;19;;;9914;20;9918;12;;;9911.0;0.0
yf_BGS_d9;34900;INTARIAN_PEPPER_ROOT;11372;20;11369;19;;;11378;16;11382;12;;;11375.0;0.0
yf_BGS_d9;35000;ASH_COATED_OSMIUM;9906;22;9903;19;;;9916;15;9920;14;;;9911.0;0.0
yf_BGS_d9;35000;INTARIAN_PEPPER_ROOT;11370;10;11368;10;;;11379;15;11381;16;;;11374.5;0.0
yf_BGS_d9;35100;ASH_COATED_OSMIUM;9908;15;9904;28;;;9914;11;9916;29;;;9911.0;0.0
yf_BGS_d9;35100;INTARIAN_PEPPER_ROOT;11371;14;11368;17;;;11377;10;11379;16;;;11374.0;0.0
yf_BGS_d9;35200;ASH_COATED_OSMIUM;9908;9;9905;17;;;9914;8;9916;24;;;9911.0;0.0
yf_BGS_d9;35200;INTARIAN_PEPPER_ROOT;11371;14;11369;28;;;11378;9;11381;20;;;11374.5;0.0
yf_BGS_d9;35300;ASH_COATED_OSMIUM;9907;10;9903;23;;;9916;20;9920;18;;;9911.5;0.0
yf_BGS_d9;35300;INTARIAN_PEPPER_ROOT;11365;6;11363;24;;;11381;10;11383;13;;;11373.0;0.0
yf_BGS_d9;35400;ASH_COATED_OSMIUM;9909;25;9907;34;;;9915;9;9918;17;;;9912.0;0.0
yf_BGS_d9;35400;INTARIAN_PEPPER_ROOT;11359;12;11356;19;;;11387;15;11390;16;;;11373.0;0.0
yf_BGS_d9;35500;ASH_COATED_OSMIUM;9908;16;9906;15;;;9916;23;9918;19;;;9912.0;0.0
yf_BGS_d9;35500;INTARIAN_PEPPER_ROOT;11369;17;11366;26;;;11375;15;11377;18;;;11372.0;0.0
yf_BGS_d9;35600;ASH_COATED_OSMIUM;9909;8;9905;10;;;9915;16;9918;26;;;9912.0;0.0
yf_BGS_d9;35600;INTARIAN_PEPPER_ROOT;11370;18;11366;23;;;11376;18;11378;14;;;11373.0;0.0
yf_BGS_d9;35700;ASH_COATED_OSMIUM;9902;23;9899;18;;;9922;9;9925;14;;;9912.0;0.0
yf_BGS_d9;35700;INTARIAN_PEPPER_ROOT;11369;12;11367;18;;;11375;13;11378;17;;;11372.0;0.0
yf_BGS_d9;35800;ASH_COATED_OSMIUM;9909;11;9905;16;;;9915;18;9918;23;;;9912.0;0.0
yf_BGS_d9;35800;INTARIAN_PEPPER_ROOT;11365;20;11361;8;;;11379;26;11382;17;;;11372.0;0.0
yf_BGS_d9;35900;ASH_COATED_OSMIUM;9903;15;9899;13;;;9924;17;9928;14;;;9913.5;0.0
yf_BGS_d9;35900;INTARIAN_PEPPER_ROOT;11363;12;11360;9;;;11379;7;11383;18;;;11371.0;0.0
yf_BGS_d9;36000;ASH_COATED_OSMIUM;9910;11;9906;16;;;9916;15;9920;18;;;9913.0;0.0
yf_BGS_d9;36000;INTARIAN_PEPPER_ROOT;11368;12;11365;21;;;11374;16;11378;24;;;11371.0;0.0
yf_BGS_d9;36100;ASH_COATED_OSMIUM;9909;20;9907;25;;;9918;9;9922;25;;;9913.5;0.0
yf_BGS_d9;36100;INTARIAN_PEPPER_ROOT;11368;18;11364;13;;;11374;19;11377;24;;;11371.0;0.0
yf_BGS_d9;36200;ASH_COATED_OSMIUM;9910;7;9908;25;;;9917;14;9921;12;;;9913.5;0.0
yf_BGS_d9;36200;INTARIAN_PEPPER_ROOT;11367;28;11364;20;;;11373;8;11376;8;;;11370.0;0.0
yf_BGS_d9;36300;ASH_COATED_OSMIUM;9911;7;9908;20;;;9917;16;9919;21;;;9914.0;0.0
yf_BGS_d9;36300;INTARIAN_PEPPER_ROOT;11367;10;11365;15;;;11373;19;11377;21;;;11370.0;0.0
yf_BGS_d9;36400;ASH_COATED_OSMIUM;9908;17;9906;18;;;9920;8;9923;19;;;9914.0;0.0
yf_BGS_d9;36400;INTARIAN_PEPPER_ROOT;11364;8;11362;22;;;11374;9;11378;28;;;11369.0;0.0
yf_BGS_d9;36500;ASH_COATED_OSMIUM;9911;16;9908;8;;;9917;19;9919;21;;;9914.0;0.0
yf_BGS_d9;36500;INTARIAN_PEPPER_ROOT;11366;11;11363;20;;;11372;21;11374;24;;;11369.0;0.0
yf_BGS_d9;36600;ASH_COATED_OSMIUM;9911;9;9907;29;;;9917;12;9921;20;;;9914.0;0.0
yf_BGS_d9;36600;INTARIAN_PEPPER_ROOT;11366;12;11363;17;;;11372;21;11376;18;;;11369.0;0.0
yf_BGS_d9;36700;ASH_COATED_OSMIUM;9911;20;9907;16;;;9917;13;9919;14;;;9914.0;0.0
yf_BGS_d9;36700;INTARIAN_PEPPER_ROOT;11365;15;11361;18;;;11371;10;11375;10;;;11368.0;0.0
yf_BGS_d9;36800;ASH_COATED_OSMIUM;9912;20;9909;18;;;9918;15;9920;11;;;9915.0;0.0
yf_BGS_d9;36800;INTARIAN_PEPPER_ROOT;11365;11;11363;22;;;11371;15;11373;15;;;11368.0;0.0
yf_BGS_d9;36900;ASH_COATED_OSMIUM;9912;17;9910;14;;;9918;14;9921;16;;;9915.0;0.0
yf_BGS_d9;36900;INTARIAN_PEPPER_ROOT;11364;16;11361;24;;;11370;16;11372;20;;;11367.0;0.0
yf_BGS_d9;37000;ASH_COATED_OSMIUM;9911;16;9909;11;;;9917;14;9921;16;;;9914.0;0.0
yf_BGS_d9;37000;INTARIAN_PEPPER_ROOT;11364;25;11360;14;;;11370;15;11374;15;;;11367.0;0.0
yf_BGS_d9;37100;ASH_COATED_OSMIUM;9911;18;9908;15;;;9919;26;9921;19;;;9915.0;0.0
yf_BGS_d9;37100;INTARIAN_PEPPER_ROOT;11364;23;11361;11;;;11370;14;11374;18;;;11367.0;0.0
yf_BGS_d9;37200;ASH_COATED_OSMIUM;9912;9;9910;10;;;9918;6;9920;18;;;9915.0;0.0
yf_BGS_d9;37200;INTARIAN_PEPPER_ROOT;11353;17;11349;14;;;11379;17;11383;16;;;11366.0;0.0
yf_BGS_d9;37300;ASH_COATED_OSMIUM;9905;17;9902;22;;;9926;18;9930;13;;;9915.5;0.0
yf_BGS_d9;37300;INTARIAN_PEPPER_ROOT;11361;13;11357;17;;;11371;19;11375;10;;;11366.0;0.0
yf_BGS_d9;37400;ASH_COATED_OSMIUM;9913;13;9911;20;;;9919;16;9921;20;;;9916.0;0.0
yf_BGS_d9;37400;INTARIAN_PEPPER_ROOT;11363;16;11360;27;;;11369;11;11373;8;;;11366.0;0.0
yf_BGS_d9;37500;ASH_COATED_OSMIUM;9911;10;9907;20;;;9921;9;9924;20;;;9916.0;0.0
yf_BGS_d9;37500;INTARIAN_PEPPER_ROOT;11357;6;11354;13;;;11373;5;11377;17;;;11365.0;0.0
yf_BGS_d9;37600;ASH_COATED_OSMIUM;9913;5;9909;18;;;9919;16;9922;23;;;9916.0;0.0
yf_BGS_d9;37600;INTARIAN_PEPPER_ROOT;11362;19;11358;22;;;11368;18;11370;17;;;11365.0;0.0
yf_BGS_d9;37700;ASH_COATED_OSMIUM;9913;10;9911;19;;;9919;19;9921;24;;;9916.0;0.0
yf_BGS_d9;37700;INTARIAN_PEPPER_ROOT;11361;18;11359;10;;;11367;23;11371;16;;;11364.0;0.0
yf_BGS_d9;37800;ASH_COATED_OSMIUM;9914;14;9912;12;;;9920;9;9922;22;;;9917.0;0.0
yf_BGS_d9;37800;INTARIAN_PEPPER_ROOT;11359;30;11357;23;;;11370;15;11374;30;;;11364.5;0.0
yf_BGS_d9;37900;ASH_COATED_OSMIUM;9911;10;9908;26;;;9922;19;9924;22;;;9916.5;0.0
yf_BGS_d9;37900;INTARIAN_PEPPER_ROOT;11360;18;11357;21;;;11366;15;11368;22;;;11363.0;0.0
yf_BGS_d9;38000;ASH_COATED_OSMIUM;9906;14;9904;17;;;9927;21;9930;8;;;9916.5;0.0
yf_BGS_d9;38000;INTARIAN_PEPPER_ROOT;11358;12;11354;23;;;11368;19;11371;17;;;11363.0;0.0
yf_BGS_d9;38100;ASH_COATED_OSMIUM;9908;13;9906;16;;;9926;15;9928;20;;;9917.0;0.0
yf_BGS_d9;38100;INTARIAN_PEPPER_ROOT;11360;17;11356;17;;;11366;16;11368;24;;;11363.0;0.0
yf_BGS_d9;38200;ASH_COATED_OSMIUM;9914;9;9912;26;;;9920;13;9923;18;;;9917.0;0.0
yf_BGS_d9;38200;INTARIAN_PEPPER_ROOT;11358;20;11355;15;;;11365;16;11368;18;;;11361.5;0.0
yf_BGS_d9;38300;ASH_COATED_OSMIUM;9910;9;9906;20;;;9923;12;9927;19;;;9916.5;0.0
yf_BGS_d9;38300;INTARIAN_PEPPER_ROOT;11359;15;11357;20;;;11365;12;11368;16;;;11362.0;0.0
yf_BGS_d9;38400;ASH_COATED_OSMIUM;9914;20;9911;22;;;9920;11;9923;20;;;9917.0;0.0
yf_BGS_d9;38400;INTARIAN_PEPPER_ROOT;11341;13;11338;18;;;11381;15;11385;18;;;11361.0;0.0
yf_BGS_d9;38500;ASH_COATED_OSMIUM;9913;12;9909;21;;;9921;21;9923;21;;;9917.0;0.0
yf_BGS_d9;38500;INTARIAN_PEPPER_ROOT;11358;10;11354;23;;;11364;22;11368;14;;;11361.0;0.0
yf_BGS_d9;38600;ASH_COATED_OSMIUM;9903;13;9899;23;;;9932;11;9934;19;;;9917.5;0.0
yf_BGS_d9;38600;INTARIAN_PEPPER_ROOT;11346;16;11342;8;;;11376;21;11380;20;;;11361.0;0.0
yf_BGS_d9;38700;ASH_COATED_OSMIUM;9911;11;9909;13;;;9927;19;9930;26;;;9919.0;0.0
yf_BGS_d9;38700;INTARIAN_PEPPER_ROOT;11350;6;11347;17;;;11370;9;11372;24;;;11360.0;0.0
yf_BGS_d9;38800;ASH_COATED_OSMIUM;9915;10;9911;8;;;9921;13;9923;25;;;9918.0;0.0
yf_BGS_d9;38800;INTARIAN_PEPPER_ROOT;11357;14;11355;23;;;11363;15;11365;12;;;11360.0;0.0
yf_BGS_d9;38900;ASH_COATED_OSMIUM;9916;11;9912;25;;;9922;25;9926;17;;;9919.0;0.0
yf_BGS_d9;38900;INTARIAN_PEPPER_ROOT;11357;22;11354;26;;;11363;16;11365;15;;;11360.0;0.0
yf_BGS_d9;39000;ASH_COATED_OSMIUM;9912;16;9908;16;;;9926;10;9929;15;;;9919.0;0.0
yf_BGS_d9;39000;INTARIAN_PEPPER_ROOT;11357;11;11353;19;;;11363;13;11367;15;;;11360.0;0.0
yf_BGS_d9;39100;ASH_COATED_OSMIUM;9916;16;9912;12;;;9922;17;9924;9;;;9919.0;0.0
yf_BGS_d9;39100;INTARIAN_PEPPER_ROOT;11353;13;11350;12;;;11366;21;11369;18;;;11359.5;0.0
yf_BGS_d9;39200;ASH_COATED_OSMIUM;9911;8;9908;29;;;9927;12;9931;11;;;9919.0;0.0
yf_BGS_d9;39200;INTARIAN_PEPPER_ROOT;11354;25;11351;27;;;11364;14;11366;21;;;11359.0;0.0
yf_BGS_d9;39300;ASH_COATED_OSMIUM;9916;22;9913;23;;;9922;22;9926;16;;;9919.0;0.0
yf_BGS_d9;39300;INTARIAN_PEPPER_ROOT;11355;23;11353;25;;;11361;19;11364;13;;;11358.0;0.0
yf_BGS_d9;39400;ASH_COATED_OSMIUM;9911;16;9907;18;;;9928;13;9931;16;;;9919.5;0.0
yf_BGS_d9;39400;INTARIAN_PEPPER_ROOT;11354;22;11352;23;;;11362;11;11365;14;;;11358.0;0.0
yf_BGS_d9;39500;ASH_COATED_OSMIUM;9911;17;9908;19;;;9928;13;9930;23;;;9919.5;0.0
yf_BGS_d9;39500;INTARIAN_PEPPER_ROOT;11354;17;11352;22;;;11360;15;11362;15;;;11357.0;0.0
yf_BGS_d9;39600;ASH_COATED_OSMIUM;9916;5;9912;20;;;9922;17;9926;18;;;9919.0;0.0
yf_BGS_d9;39600;INTARIAN_PEPPER_ROOT;11350;22;11346;26;;;11364;5;11366;23;;;11357.0;0.0
yf_BGS_d9;39700;ASH_COATED_OSMIUM;9917;15;9914;16;;;9923;18;9927;23;;;9920.0;0.0
yf_BGS_d9;39700;INTARIAN_PEPPER_ROOT;11353;15;11351;22;;;11359;14;11363;18;;;11356.0;0.0
yf_BGS_d9;39800;ASH_COATED_OSMIUM;9917;19;9913;26;;;9923;5;9925;11;;;9920.0;0.0
yf_BGS_d9;39800;INTARIAN_PEPPER_ROOT;11348;13;11344;27;;;11364;16;11366;15;;;11356.0;0.0
yf_BGS_d9;39900;ASH_COATED_OSMIUM;9917;17;9913;18;;;9923;21;9926;21;;;9920.0;0.0
yf_BGS_d9;39900;INTARIAN_PEPPER_ROOT;11350;17;11347;16;;;11361;15;11364;14;;;11355.5;0.0
yf_BGS_d9;40000;ASH_COATED_OSMIUM;9917;12;9914;17;;;9923;19;9925;21;;;9920.0;0.0
yf_BGS_d9;40000;INTARIAN_PEPPER_ROOT;11348;14;11344;19;;;11362;5;11366;8;;;11355.0;0.0
yf_BGS_d9;40100;ASH_COATED_OSMIUM;9919;20;9915;17;;;9925;8;9929;8;;;9922.0;0.0
yf_BGS_d9;40100;INTARIAN_PEPPER_ROOT;11350;20;11347;27;;;11361;11;11363;26;;;11355.5;0.0
yf_BGS_d9;40200;ASH_COATED_OSMIUM;9919;19;9916;18;;;9925;16;9929;26;;;9922.0;0.0
yf_BGS_d9;40200;INTARIAN_PEPPER_ROOT;11351;5;11349;22;;;11358;19;11361;17;;;11354.5;0.0
yf_BGS_d9;40300;ASH_COATED_OSMIUM;9917;10;9915;25;;;9923;17;9927;17;;;9920.0;0.0
yf_BGS_d9;40300;INTARIAN_PEPPER_ROOT;11347;9;11344;25;;;11362;9;11366;24;;;11354.5;0.0
yf_BGS_d9;40400;ASH_COATED_OSMIUM;9917;18;9914;18;;;9925;13;9928;19;;;9921.0;0.0
yf_BGS_d9;40400;INTARIAN_PEPPER_ROOT;11351;15;11348;14;;;11357;18;11359;24;;;11354.0;0.0
yf_BGS_d9;40500;ASH_COATED_OSMIUM;9914;10;9910;17;;;9928;18;9930;13;;;9921.0;0.0
yf_BGS_d9;40500;INTARIAN_PEPPER_ROOT;11351;10;11347;15;;;11357;17;11361;17;;;11354.0;0.0
yf_BGS_d9;40600;ASH_COATED_OSMIUM;9919;23;9917;19;;;9925;17;9927;21;;;9922.0;0.0
yf_BGS_d9;40600;INTARIAN_PEPPER_ROOT;11350;18;11348;21;;;11356;10;11359;17;;;11353.0;0.0
yf_BGS_d9;40700;ASH_COATED_OSMIUM;9919;6;9915;21;;;9925;17;9929;21;;;9922.0;0.0
yf_BGS_d9;40700;INTARIAN_PEPPER_ROOT;11350;13;11348;14;;;11356;21;11360;27;;;11353.0;0.0
yf_BGS_d9;40800;ASH_COATED_OSMIUM;9918;18;9915;19;;;9926;7;9929;21;;;9922.0;0.0
yf_BGS_d9;40800;INTARIAN_PEPPER_ROOT;11349;19;11345;21;;;11355;18;11357;21;;;11352.0;0.0
yf_BGS_d9;40900;ASH_COATED_OSMIUM;9917;16;9913;16;;;9928;10;9932;20;;;9922.5;0.0
yf_BGS_d9;40900;INTARIAN_PEPPER_ROOT;11349;12;11346;20;;;11355;18;11357;15;;;11352.0;0.0
yf_BGS_d9;41000;ASH_COATED_OSMIUM;9920;16;9918;18;;;9926;8;9930;21;;;9923.0;0.0
yf_BGS_d9;41000;INTARIAN_PEPPER_ROOT;11349;10;11347;29;;;11356;16;11360;23;;;11352.5;0.0
yf_BGS_d9;41100;ASH_COATED_OSMIUM;9919;13;9915;17;;;9925;8;9928;25;;;9922.0;0.0
yf_BGS_d9;41100;INTARIAN_PEPPER_ROOT;11348;15;11345;22;;;11354;18;11358;20;;;11351.0;0.0
yf_BGS_d9;41200;ASH_COATED_OSMIUM;9919;10;9917;16;;;9925;12;9927;25;;;9922.0;0.0
yf_BGS_d9;41200;INTARIAN_PEPPER_ROOT;11343;16;11340;13;;;11358;17;11360;8;;;11350.5;0.0
yf_BGS_d9;41300;ASH_COATED_OSMIUM;9920;18;9917;22;;;9926;19;9930;9;;;9923.0;0.0
yf_BGS_d9;41300;INTARIAN_PEPPER_ROOT;11336;22;11333;15;;;11365;18;11367;26;;;11350.5;0.0
yf_BGS_d9;41400;ASH_COATED_OSMIUM;9920;15;9918;24;;;9926;22;9928;29;;;9923.0;0.0
yf_BGS_d9;41400;INTARIAN_PEPPER_ROOT;11347;11;11344;29;;;11353;13;11355;13;;;11350.0;0.0
yf_BGS_d9;41500;ASH_COATED_OSMIUM;9921;14;9918;23;;;9927;14;9931;20;;;9924.0;0.0
yf_BGS_d9;41500;INTARIAN_PEPPER_ROOT;11347;15;11344;20;;;11353;25;11355;21;;;11350.0;0.0
yf_BGS_d9;41600;ASH_COATED_OSMIUM;9920;20;9916;14;;;9926;12;9930;20;;;9923.0;0.0
yf_BGS_d9;41600;INTARIAN_PEPPER_ROOT;11336;17;11334;18;;;11363;8;11365;14;;;11349.5;0.0
yf_BGS_d9;41700;ASH_COATED_OSMIUM;9920;22;9917;27;;;9926;11;9929;17;;;9923.0;0.0
yf_BGS_d9;41700;INTARIAN_PEPPER_ROOT;11345;5;11342;27;;;11354;18;11357;24;;;11349.5;0.0
yf_BGS_d9;41800;ASH_COATED_OSMIUM;9921;17;9918;23;;;9927;10;9930;22;;;9924.0;0.0
yf_BGS_d9;41800;INTARIAN_PEPPER_ROOT;11346;21;11343;17;;;11352;22;11355;26;;;11349.0;0.0
yf_BGS_d9;41900;ASH_COATED_OSMIUM;9922;15;9919;16;;;9928;22;9932;20;;;9925.0;0.0
yf_BGS_d9;41900;INTARIAN_PEPPER_ROOT;11345;17;11341;18;;;11351;13;11353;27;;;11348.0;0.0
yf_BGS_d9;42000;ASH_COATED_OSMIUM;9921;13;9918;22;;;9929;17;9931;14;;;9925.0;0.0
yf_BGS_d9;42000;INTARIAN_PEPPER_ROOT;11344;17;11341;21;;;11351;12;11353;15;;;11347.5;0.0
yf_BGS_d9;42100;ASH_COATED_OSMIUM;9915;15;9912;19;;;9935;14;9939;18;;;9925.0;0.0
yf_BGS_d9;42100;INTARIAN_PEPPER_ROOT;11330;6;11328;27;;;11366;17;11369;20;;;11348.0;0.0
yf_BGS_d9;42200;ASH_COATED_OSMIUM;9921;18;9919;18;;;9929;21;9932;19;;;9925.0;0.0
yf_BGS_d9;42200;INTARIAN_PEPPER_ROOT;11344;12;11340;21;;;11350;14;11352;30;;;11347.0;0.0
yf_BGS_d9;42300;ASH_COATED_OSMIUM;9922;19;9920;24;;;9928;8;9932;29;;;9925.0;0.0
yf_BGS_d9;42300;INTARIAN_PEPPER_ROOT;11344;15;11341;24;;;11350;13;11353;22;;;11347.0;0.0
yf_BGS_d9;42400;ASH_COATED_OSMIUM;9921;14;9918;23;;;9930;13;9934;15;;;9925.5;0.0
yf_BGS_d9;42400;INTARIAN_PEPPER_ROOT;11342;7;11340;19;;;11351;13;11355;24;;;11346.5;0.0
yf_BGS_d9;42500;ASH_COATED_OSMIUM;9923;15;9919;16;;;9929;16;9932;25;;;9926.0;0.0
yf_BGS_d9;42500;INTARIAN_PEPPER_ROOT;11342;8;11340;19;;;11350;15;11354;22;;;11346.0;0.0
yf_BGS_d9;42600;ASH_COATED_OSMIUM;9923;20;9920;21;;;9929;6;9932;19;;;9926.0;0.0
yf_BGS_d9;42600;INTARIAN_PEPPER_ROOT;11340;24;11337;13;;;11351;9;11355;19;;;11345.5;0.0
yf_BGS_d9;42700;ASH_COATED_OSMIUM;9922;14;9918;25;;;9930;15;9933;20;;;9926.0;0.0
yf_BGS_d9;42700;INTARIAN_PEPPER_ROOT;11343;20;11341;10;;;11349;17;11353;18;;;11346.0;0.0
yf_BGS_d9;42800;ASH_COATED_OSMIUM;9923;13;9920;24;;;9929;5;9932;13;;;9926.0;0.0
yf_BGS_d9;42800;INTARIAN_PEPPER_ROOT;11339;10;11337;14;;;11350;20;11352;12;;;11344.5;0.0
yf_BGS_d9;42900;ASH_COATED_OSMIUM;9923;23;9921;22;;;9929;18;9931;15;;;9926.0;0.0
yf_BGS_d9;42900;INTARIAN_PEPPER_ROOT;11341;16;11339;20;;;11347;21;11351;21;;;11344.0;0.0
yf_BGS_d9;43000;ASH_COATED_OSMIUM;9924;27;9922;16;;;9930;18;9933;15;;;9927.0;0.0
yf_BGS_d9;43000;INTARIAN_PEPPER_ROOT;11340;11;11337;14;;;11347;20;11350;22;;;11343.5;0.0
yf_BGS_d9;43100;ASH_COATED_OSMIUM;9923;19;9920;16;;;9929;5;9933;16;;;9926.0;0.0
yf_BGS_d9;43100;INTARIAN_PEPPER_ROOT;11340;5;11337;13;;;11346;20;11349;23;;;11343.0;0.0
yf_BGS_d9;43200;ASH_COATED_OSMIUM;9924;14;9920;19;;;9930;20;9933;14;;;9927.0;0.0
yf_BGS_d9;43200;INTARIAN_PEPPER_ROOT;11335;14;11331;22;;;11351;16;11355;22;;;11343.0;0.0
yf_BGS_d9;43300;ASH_COATED_OSMIUM;9917;8;9914;13;;;9937;14;9941;22;;;9927.0;0.0
yf_BGS_d9;43300;INTARIAN_PEPPER_ROOT;11340;17;11337;28;;;11346;26;11349;24;;;11343.0;0.0
yf_BGS_d9;43400;ASH_COATED_OSMIUM;9924;16;9921;19;;;9930;19;9932;22;;;9927.0;0.0
yf_BGS_d9;43400;INTARIAN_PEPPER_ROOT;11336;16;11333;21;;;11350;15;11353;27;;;11343.0;0.0
yf_BGS_d9;43500;ASH_COATED_OSMIUM;9924;20;9920;14;;;9930;5;9932;16;;;9927.0;0.0
yf_BGS_d9;43500;INTARIAN_PEPPER_ROOT;11340;20;11338;19;;;11346;19;11350;14;;;11343.0;0.0
yf_BGS_d9;43600;ASH_COATED_OSMIUM;9925;20;9923;19;;;9931;15;9934;17;;;9928.0;0.0
yf_BGS_d9;43600;INTARIAN_PEPPER_ROOT;11333;17;11329;19;;;11349;18;11352;25;;;11341.0;0.0
yf_BGS_d9;43700;ASH_COATED_OSMIUM;9917;13;9913;17;;;9939;21;9941;12;;;9928.0;0.0
yf_BGS_d9;43700;INTARIAN_PEPPER_ROOT;11338;18;11336;18;;;11344;16;11347;24;;;11341.0;0.0
yf_BGS_d9;43800;ASH_COATED_OSMIUM;9919;15;9916;16;;;9936;9;9940;23;;;9927.5;0.0
yf_BGS_d9;43800;INTARIAN_PEPPER_ROOT;11338;13;11335;24;;;11344;15;11346;16;;;11341.0;0.0
yf_BGS_d9;43900;ASH_COATED_OSMIUM;9925;7;9922;15;;;9931;22;9933;25;;;9928.0;0.0
yf_BGS_d9;43900;INTARIAN_PEPPER_ROOT;11334;12;11331;24;;;11347;16;11351;19;;;11340.5;0.0
yf_BGS_d9;44000;ASH_COATED_OSMIUM;9913;12;9909;19;;;9944;22;9947;16;;;9928.5;0.0
yf_BGS_d9;44000;INTARIAN_PEPPER_ROOT;11337;19;11334;23;;;11343;9;11345;21;;;11340.0;0.0
yf_BGS_d9;44100;ASH_COATED_OSMIUM;9925;16;9923;17;;;9931;11;9934;19;;;9928.0;0.0
yf_BGS_d9;44100;INTARIAN_PEPPER_ROOT;11337;16;11334;23;;;11343;8;11346;21;;;11340.0;0.0
yf_BGS_d9;44200;ASH_COATED_OSMIUM;9924;18;9921;19;;;9932;15;9935;21;;;9928.0;0.0
yf_BGS_d9;44200;INTARIAN_PEPPER_ROOT;11334;7;11331;16;;;11346;15;11348;18;;;11340.0;0.0
yf_BGS_d9;44300;ASH_COATED_OSMIUM;9926;9;9923;20;;;9932;12;9936;21;;;9929.0;0.0
yf_BGS_d9;44300;INTARIAN_PEPPER_ROOT;11336;20;11334;13;;;11342;21;11346;18;;;11339.0;0.0
yf_BGS_d9;44400;ASH_COATED_OSMIUM;9925;20;9922;13;;;9933;11;9937;28;;;9929.0;0.0
yf_BGS_d9;44400;INTARIAN_PEPPER_ROOT;11335;14;11332;13;;;11341;13;11345;16;;;11338.0;0.0
yf_BGS_d9;44500;ASH_COATED_OSMIUM;9926;8;9924;17;;;9932;18;9935;23;;;9929.0;0.0
yf_BGS_d9;44500;INTARIAN_PEPPER_ROOT;11335;12;11332;26;;;11341;23;11344;13;;;11338.0;0.0
yf_BGS_d9;44600;ASH_COATED_OSMIUM;9927;16;9923;26;;;9933;16;9937;20;;;9930.0;0.0
yf_BGS_d9;44600;INTARIAN_PEPPER_ROOT;11335;11;11331;13;;;11341;19;11345;17;;;11338.0;0.0
yf_BGS_d9;44700;ASH_COATED_OSMIUM;9924;13;9921;22;;;9936;16;9939;18;;;9930.0;0.0
yf_BGS_d9;44700;INTARIAN_PEPPER_ROOT;11335;8;11331;8;;;11341;6;11343;17;;;11338.0;0.0
yf_BGS_d9;44800;ASH_COATED_OSMIUM;9927;15;9923;18;;;9934;14;9937;18;;;9930.5;0.0
yf_BGS_d9;44800;INTARIAN_PEPPER_ROOT;11319;18;11315;23;;;11356;9;11360;18;;;11337.5;0.0
yf_BGS_d9;44900;ASH_COATED_OSMIUM;9912;11;9910;18;;;9948;20;9951;17;;;9930.0;0.0
yf_BGS_d9;44900;INTARIAN_PEPPER_ROOT;11334;11;11332;22;;;11340;15;11344;17;;;11337.0;0.0
yf_BGS_d9;45000;ASH_COATED_OSMIUM;9926;13;9922;17;;;9934;9;9936;17;;;9930.0;0.0
yf_BGS_d9;45000;INTARIAN_PEPPER_ROOT;11326;12;11324;20;;;11346;9;11348;19;;;11336.0;0.0
yf_BGS_d9;45100;ASH_COATED_OSMIUM;9925;17;9923;19;;;9936;10;9939;24;;;9930.5;0.0
yf_BGS_d9;45100;INTARIAN_PEPPER_ROOT;11332;21;11330;13;;;11338;13;11341;19;;;11335.0;0.0
yf_BGS_d9;45200;ASH_COATED_OSMIUM;9928;30;9926;18;;;9934;13;9938;22;;;9931.0;0.0
yf_BGS_d9;45200;INTARIAN_PEPPER_ROOT;11333;7;11329;14;;;11339;26;11342;26;;;11336.0;0.0
yf_BGS_d9;45300;ASH_COATED_OSMIUM;9918;11;9915;18;;;9944;14;9946;23;;;9931.0;0.0
yf_BGS_d9;45300;INTARIAN_PEPPER_ROOT;11332;6;11330;8;;;11338;18;11341;21;;;11335.0;0.0
yf_BGS_d9;45400;ASH_COATED_OSMIUM;9928;10;9926;15;;;9934;11;9937;21;;;9931.0;0.0
yf_BGS_d9;45400;INTARIAN_PEPPER_ROOT;11332;15;11329;11;;;11338;12;11342;17;;;11335.0;0.0
yf_BGS_d9;45500;ASH_COATED_OSMIUM;9928;12;9925;24;;;9935;17;9937;17;;;9931.5;0.0
yf_BGS_d9;45500;INTARIAN_PEPPER_ROOT;11332;9;11330;25;;;11338;8;11340;26;;;11335.0;0.0
yf_BGS_d9;45600;ASH_COATED_OSMIUM;9928;19;9924;19;;;9935;16;9938;18;;;9931.5;0.0
yf_BGS_d9;45600;INTARIAN_PEPPER_ROOT;11324;6;11322;12;;;11345;16;11348;24;;;11334.5;0.0
yf_BGS_d9;45700;ASH_COATED_OSMIUM;9926;11;9923;16;;;9937;12;9940;10;;;9931.5;0.0
yf_BGS_d9;45700;INTARIAN_PEPPER_ROOT;11324;6;11322;25;;;11343;10;11347;11;;;11333.5;0.0
yf_BGS_d9;45800;ASH_COATED_OSMIUM;9929;13;9925;20;;;9935;9;9938;20;;;9932.0;0.0
yf_BGS_d9;45800;INTARIAN_PEPPER_ROOT;11330;8;11328;21;;;11336;19;11339;22;;;11333.0;0.0
yf_BGS_d9;45900;ASH_COATED_OSMIUM;9929;10;9927;22;;;9935;28;9939;14;;;9932.0;0.0
yf_BGS_d9;45900;INTARIAN_PEPPER_ROOT;11329;20;11325;16;;;11335;18;11337;22;;;11332.0;0.0
yf_BGS_d9;46000;ASH_COATED_OSMIUM;9928;8;9926;26;;;9938;12;9941;13;;;9933.0;0.0
yf_BGS_d9;46000;INTARIAN_PEPPER_ROOT;11329;15;11327;17;;;11335;18;11339;24;;;11332.0;0.0
yf_BGS_d9;46100;ASH_COATED_OSMIUM;9929;14;9927;10;;;9935;13;9938;21;;;9932.0;0.0
yf_BGS_d9;46100;INTARIAN_PEPPER_ROOT;11329;10;11327;23;;;11335;13;11337;16;;;11332.0;0.0
yf_BGS_d9;46200;ASH_COATED_OSMIUM;9925;18;9923;29;;;9942;23;9945;27;;;9933.5;0.0
yf_BGS_d9;46200;INTARIAN_PEPPER_ROOT;11329;14;11326;25;;;11335;17;11339;17;;;11332.0;0.0
yf_BGS_d9;46300;ASH_COATED_OSMIUM;9929;12;9925;16;;;9937;11;9941;25;;;9933.0;0.0
yf_BGS_d9;46300;INTARIAN_PEPPER_ROOT;11325;10;11322;18;;;11337;13;11341;15;;;11331.0;0.0
yf_BGS_d9;46400;ASH_COATED_OSMIUM;9929;19;9925;20;;;9937;12;9940;15;;;9933.0;0.0
yf_BGS_d9;46400;INTARIAN_PEPPER_ROOT;11328;13;11325;14;;;11335;12;11338;25;;;11331.5;0.0
yf_BGS_d9;46500;ASH_COATED_OSMIUM;9930;18;9928;18;;;9936;15;9940;18;;;9933.0;0.0
yf_BGS_d9;46500;INTARIAN_PEPPER_ROOT;11317;9;11314;14;;;11344;16;11347;12;;;11330.5;0.0
yf_BGS_d9;46600;ASH_COATED_OSMIUM;9929;18;9927;15;;;9938;11;9940;17;;;9933.5;0.0
yf_BGS_d9;46600;INTARIAN_PEPPER_ROOT;11324;18;11322;22;;;11336;8;11340;13;;;11330.0;0.0
yf_BGS_d9;46700;ASH_COATED_OSMIUM;9924;21;9922;34;;;9943;9;9946;16;;;9933.5;0.0
yf_BGS_d9;46700;INTARIAN_PEPPER_ROOT;11324;11;11320;17;;;11335;21;11339;20;;;11329.5;0.0
yf_BGS_d9;46800;ASH_COATED_OSMIUM;9931;23;9928;11;;;9937;13;9941;24;;;9934.0;0.0
yf_BGS_d9;46800;INTARIAN_PEPPER_ROOT;11326;9;11324;20;;;11332;7;11335;17;;;11329.0;0.0
yf_BGS_d9;46900;ASH_COATED_OSMIUM;9931;11;9927;21;;;9937;7;9940;12;;;9934.0;0.0
yf_BGS_d9;46900;INTARIAN_PEPPER_ROOT;11325;13;11322;23;;;11331;18;11334;14;;;11328.0;0.0
yf_BGS_d9;47000;ASH_COATED_OSMIUM;9931;15;9929;12;;;9937;14;9940;16;;;9934.0;0.0
yf_BGS_d9;47000;INTARIAN_PEPPER_ROOT;11317;17;11315;19;;;11340;16;11343;13;;;11328.5;0.0
yf_BGS_d9;47100;ASH_COATED_OSMIUM;9931;25;9929;21;;;9937;21;9941;13;;;9934.0;0.0
yf_BGS_d9;47100;INTARIAN_PEPPER_ROOT;11325;25;11321;20;;;11331;17;11333;22;;;11328.0;0.0
yf_BGS_d9;47200;ASH_COATED_OSMIUM;9930;14;9926;25;;;9938;15;9942;17;;;9934.0;0.0
yf_BGS_d9;47200;INTARIAN_PEPPER_ROOT;11325;14;11323;21;;;11331;19;11334;15;;;11328.0;0.0
yf_BGS_d9;47300;ASH_COATED_OSMIUM;9932;16;9928;18;;;9938;13;9942;24;;;9935.0;0.0
yf_BGS_d9;47300;INTARIAN_PEPPER_ROOT;11324;9;11322;22;;;11330;13;11332;32;;;11327.0;0.0
yf_BGS_d9;47400;ASH_COATED_OSMIUM;9932;14;9930;22;;;9938;12;9942;17;;;9935.0;0.0
yf_BGS_d9;47400;INTARIAN_PEPPER_ROOT;11324;15;11322;15;;;11330;14;11334;13;;;11327.0;0.0
yf_BGS_d9;47500;ASH_COATED_OSMIUM;9932;16;9929;19;;;9938;12;9942;24;;;9935.0;0.0
yf_BGS_d9;47500;INTARIAN_PEPPER_ROOT;11323;12;11320;18;;;11329;30;11331;23;;;11326.0;0.0
yf_BGS_d9;47600;ASH_COATED_OSMIUM;9929;23;9925;17;;;9942;14;9946;12;;;9935.5;0.0
yf_BGS_d9;47600;INTARIAN_PEPPER_ROOT;11323;17;11319;22;;;11330;15;11334;21;;;11326.5;0.0
yf_BGS_d9;47700;ASH_COATED_OSMIUM;9932;10;9930;24;;;9938;12;9942;25;;;9935.0;0.0
yf_BGS_d9;47700;INTARIAN_PEPPER_ROOT;11323;13;11319;22;;;11329;24;11331;22;;;11326.0;0.0
yf_BGS_d9;47800;ASH_COATED_OSMIUM;9932;18;9930;30;;;9938;17;9942;16;;;9935.0;0.0
yf_BGS_d9;47800;INTARIAN_PEPPER_ROOT;11322;9;11319;17;;;11328;17;11331;23;;;11325.0;0.0
yf_BGS_d9;47900;ASH_COATED_OSMIUM;9932;14;9930;27;;;9941;15;9945;20;;;9936.5;0.0
yf_BGS_d9;47900;INTARIAN_PEPPER_ROOT;11321;17;11318;22;;;11327;21;11329;14;;;11324.0;0.0
yf_BGS_d9;48000;ASH_COATED_OSMIUM;9933;16;9931;23;;;9939;5;9943;18;;;9936.0;0.0
yf_BGS_d9;48000;INTARIAN_PEPPER_ROOT;11321;9;11317;18;;;11327;18;11331;10;;;11324.0;0.0
yf_BGS_d9;48100;ASH_COATED_OSMIUM;9933;14;9929;25;;;9939;18;9943;21;;;9936.0;0.0
yf_BGS_d9;48100;INTARIAN_PEPPER_ROOT;11321;14;11318;25;;;11327;16;11329;26;;;11324.0;0.0
yf_BGS_d9;48200;ASH_COATED_OSMIUM;9933;13;9929;20;;;9939;6;9943;13;;;9936.0;0.0
yf_BGS_d9;48200;INTARIAN_PEPPER_ROOT;11319;16;11317;15;;;11329;12;11332;18;;;11324.0;0.0
yf_BGS_d9;48300;ASH_COATED_OSMIUM;9933;16;9929;17;;;9939;16;9942;13;;;9936.0;0.0
yf_BGS_d9;48300;INTARIAN_PEPPER_ROOT;11321;10;11319;16;;;11327;18;11331;15;;;11324.0;0.0
yf_BGS_d9;48400;ASH_COATED_OSMIUM;9930;15;9927;29;;;9943;18;9947;22;;;9936.5;0.0
yf_BGS_d9;48400;INTARIAN_PEPPER_ROOT;11320;14;11316;20;;;11326;8;11330;14;;;11323.0;0.0
yf_BGS_d9;48500;ASH_COATED_OSMIUM;9925;15;9923;29;;;9949;8;9951;22;;;9937.0;0.0
yf_BGS_d9;48500;INTARIAN_PEPPER_ROOT;11320;15;11316;20;;;11326;19;11329;24;;;11323.0;0.0
yf_BGS_d9;48600;ASH_COATED_OSMIUM;9924;15;9920;25;;;9950;14;9954;20;;;9937.0;0.0
yf_BGS_d9;48600;INTARIAN_PEPPER_ROOT;11319;12;11317;24;;;11326;14;11329;22;;;11322.5;0.0
yf_BGS_d9;48700;ASH_COATED_OSMIUM;9933;11;9931;27;;;9942;15;9944;23;;;9937.5;0.0
yf_BGS_d9;48700;INTARIAN_PEPPER_ROOT;11319;25;11315;16;;;11325;24;11327;17;;;11322.0;0.0
yf_BGS_d9;48800;ASH_COATED_OSMIUM;9934;15;9930;19;;;9941;20;9944;22;;;9937.5;0.0
yf_BGS_d9;48800;INTARIAN_PEPPER_ROOT;11318;14;11315;20;;;11324;13;11326;11;;;11321.0;0.0
yf_BGS_d9;48900;ASH_COATED_OSMIUM;9935;9;9932;18;;;9941;7;9944;12;;;9938.0;0.0
yf_BGS_d9;48900;INTARIAN_PEPPER_ROOT;11318;6;11316;22;;;11324;8;11327;23;;;11321.0;0.0
yf_BGS_d9;49000;ASH_COATED_OSMIUM;9935;20;9932;18;;;9941;17;9944;26;;;9938.0;0.0
yf_BGS_d9;49000;INTARIAN_PEPPER_ROOT;11316;5;11314;16;;;11326;17;11330;30;;;11321.0;0.0
yf_BGS_d9;49100;ASH_COATED_OSMIUM;9935;13;9933;23;;;9941;16;9944;20;;;9938.0;0.0
yf_BGS_d9;49100;INTARIAN_PEPPER_ROOT;11317;17;11313;19;;;11323;17;11325;12;;;11320.0;0.0
yf_BGS_d9;49200;ASH_COATED_OSMIUM;9936;22;9933;8;;;9942;21;9945;18;;;9939.0;0.0
yf_BGS_d9;49200;INTARIAN_PEPPER_ROOT;11316;9;11313;21;;;11324;15;11328;16;;;11320.0;0.0
yf_BGS_d9;49300;ASH_COATED_OSMIUM;9936;14;9933;20;;;9942;23;9944;26;;;9939.0;0.0
yf_BGS_d9;49300;INTARIAN_PEPPER_ROOT;11303;9;11300;25;;;11336;20;11339;21;;;11319.5;0.0
yf_BGS_d9;49400;ASH_COATED_OSMIUM;9935;17;9931;17;;;9942;14;9945;18;;;9938.5;0.0
yf_BGS_d9;49400;INTARIAN_PEPPER_ROOT;11316;13;11312;21;;;11322;15;11325;23;;;11319.0;0.0
yf_BGS_d9;49500;ASH_COATED_OSMIUM;9925;14;9923;23;;;9953;17;9957;20;;;9939.0;0.0
yf_BGS_d9;49500;INTARIAN_PEPPER_ROOT;11302;11;11298;21;;;11335;11;11339;15;;;11318.5;0.0
yf_BGS_d9;49600;ASH_COATED_OSMIUM;9936;9;9934;23;;;9942;16;9945;27;;;9939.0;0.0
yf_BGS_d9;49600;INTARIAN_PEPPER_ROOT;11310;23;11308;19;;;11327;21;11331;21;;;11318.5;0.0
yf_BGS_d9;49700;ASH_COATED_OSMIUM;9934;29;9931;14;;;9944;15;9947;23;;;9939.0;0.0
yf_BGS_d9;49700;INTARIAN_PEPPER_ROOT;11315;18;11311;18;;;11321;15;11325;24;;;11318.0;0.0
yf_BGS_d9;49800;ASH_COATED_OSMIUM;9936;13;9934;22;;;9942;16;9945;22;;;9939.0;0.0
yf_BGS_d9;49800;INTARIAN_PEPPER_ROOT;11314;11;11312;14;;;11320;10;11322;11;;;11317.0;0.0
yf_BGS_d9;49900;ASH_COATED_OSMIUM;9937;19;9934;11;;;9943;9;9945;8;;;9940.0;0.0
yf_BGS_d9;49900;INTARIAN_PEPPER_ROOT;11314;10;11312;24;;;11320;14;11322;16;;;11317.0;0.0
yf_BGS_d9;50000;ASH_COATED_OSMIUM;9937;10;9934;15;;;9943;10;9947;28;;;9940.0;0.0
yf_BGS_d9;50000;INTARIAN_PEPPER_ROOT;11314;18;11310;25;;;11320;17;11324;23;;;11317.0;0.0
yf_BGS_d9;50100;ASH_COATED_OSMIUM;9938;17;9936;19;;;9944;7;9946;22;;;9941.0;0.0
yf_BGS_d9;50100;INTARIAN_PEPPER_ROOT;11306;21;11304;16;;;11327;15;11329;13;;;11316.5;0.0
yf_BGS_d9;50200;ASH_COATED_OSMIUM;9937;23;9933;21;;;9943;12;9946;29;;;9940.0;0.0
yf_BGS_d9;50200;INTARIAN_PEPPER_ROOT;11313;6;11309;15;;;11319;15;11322;21;;;11316.0;0.0
yf_BGS_d9;50300;ASH_COATED_OSMIUM;9931;15;9927;24;;;9949;13;9952;11;;;9940.0;0.0
yf_BGS_d9;50300;INTARIAN_PEPPER_ROOT;11313;14;11310;21;;;11319;9;11322;23;;;11316.0;0.0
yf_BGS_d9;50400;ASH_COATED_OSMIUM;9936;14;9934;25;;;9945;13;9949;29;;;9940.5;0.0
yf_BGS_d9;50400;INTARIAN_PEPPER_ROOT;11312;20;11310;25;;;11318;6;11322;8;;;11315.0;0.0
yf_BGS_d9;50500;ASH_COATED_OSMIUM;9937;20;9935;14;;;9944;5;9947;22;;;9940.5;0.0
yf_BGS_d9;50500;INTARIAN_PEPPER_ROOT;11312;19;11310;23;;;11318;14;11321;24;;;11315.0;0.0
yf_BGS_d9;50600;ASH_COATED_OSMIUM;9938;14;9935;18;;;9944;13;9946;13;;;9941.0;0.0
yf_BGS_d9;50600;INTARIAN_PEPPER_ROOT;11311;7;11308;8;;;11317;21;11321;14;;;11314.0;0.0
yf_BGS_d9;50700;ASH_COATED_OSMIUM;9937;17;9934;20;;;9946;18;9949;23;;;9941.5;0.0
yf_BGS_d9;50700;INTARIAN_PEPPER_ROOT;11306;9;11303;22;;;11322;7;11324;12;;;11314.0;0.0
yf_BGS_d9;50800;ASH_COATED_OSMIUM;9938;14;9934;18;;;9944;12;9946;24;;;9941.0;0.0
yf_BGS_d9;50800;INTARIAN_PEPPER_ROOT;11311;11;11307;18;;;11317;5;11319;15;;;11314.0;0.0
yf_BGS_d9;50900;ASH_COATED_OSMIUM;9935;26;9931;22;;;9947;20;9949;32;;;9941.0;0.0
yf_BGS_d9;50900;INTARIAN_PEPPER_ROOT;11307;19;11303;13;;;11315;20;11319;23;;;11311.0;0.0
yf_BGS_d9;51000;ASH_COATED_OSMIUM;9939;6;9935;22;;;9945;10;9947;18;;;9942.0;0.0
yf_BGS_d9;51000;INTARIAN_PEPPER_ROOT;11303;21;11300;33;;;11311;18;11315;23;;;11307.0;0.0
yf_BGS_d9;51100;ASH_COATED_OSMIUM;9940;14;9938;18;;;9946;7;9949;17;;;9943.0;0.0
yf_BGS_d9;51100;INTARIAN_PEPPER_ROOT;11300;22;11296;15;;;11307;11;11309;19;;;11303.5;0.0
yf_BGS_d9;51200;ASH_COATED_OSMIUM;9939;13;9935;18;;;9945;8;9947;21;;;9942.0;0.0
yf_BGS_d9;51200;INTARIAN_PEPPER_ROOT;11290;15;11286;16;;;11308;15;11310;14;;;11299.0;0.0
yf_BGS_d9;51300;ASH_COATED_OSMIUM;9940;19;9938;27;;;9946;13;9949;23;;;9943.0;0.0
yf_BGS_d9;51300;INTARIAN_PEPPER_ROOT;11282;13;11278;25;;;11307;17;11310;15;;;11294.5;0.0
yf_BGS_d9;51400;ASH_COATED_OSMIUM;9940;14;9936;27;;;9946;11;9948;29;;;9943.0;0.0
yf_BGS_d9;51400;INTARIAN_PEPPER_ROOT;11288;20;11286;17;;;11294;30;11297;23;;;11291.0;0.0
yf_BGS_d9;51500;ASH_COATED_OSMIUM;9940;10;9937;22;;;9946;14;9949;16;;;9943.0;0.0
yf_BGS_d9;51500;INTARIAN_PEPPER_ROOT;11283;12;11281;20;;;11289;17;11292;21;;;11286.0;0.0
yf_BGS_d9;51600;ASH_COATED_OSMIUM;9938;17;9934;18;;;9951;6;9954;22;;;9944.5;0.0
yf_BGS_d9;51600;INTARIAN_PEPPER_ROOT;11278;15;11276;23;;;11288;16;11291;18;;;11283.0;0.0
yf_BGS_d9;51700;ASH_COATED_OSMIUM;9941;26;9938;21;;;9947;16;9949;9;;;9944.0;0.0
yf_BGS_d9;51700;INTARIAN_PEPPER_ROOT;11267;10;11264;22;;;11289;13;11293;22;;;11278.0;0.0
yf_BGS_d9;51800;ASH_COATED_OSMIUM;9941;26;9938;20;;;9947;14;9950;26;;;9944.0;0.0
yf_BGS_d9;51800;INTARIAN_PEPPER_ROOT;11272;7;11270;21;;;11278;9;11282;20;;;11275.0;0.0
yf_BGS_d9;51900;ASH_COATED_OSMIUM;9939;14;9936;19;;;9951;10;9954;8;;;9945.0;0.0
yf_BGS_d9;51900;INTARIAN_PEPPER_ROOT;11264;19;11262;27;;;11276;9;11280;17;;;11270.0;0.0
yf_BGS_d9;52000;ASH_COATED_OSMIUM;9942;16;9938;24;;;9948;10;9951;16;;;9945.0;0.0
yf_BGS_d9;52000;INTARIAN_PEPPER_ROOT;11263;23;11259;25;;;11269;5;11273;23;;;11266.0;0.0
yf_BGS_d9;52100;ASH_COATED_OSMIUM;9942;20;9940;19;;;9948;17;9950;19;;;9945.0;0.0
yf_BGS_d9;52100;INTARIAN_PEPPER_ROOT;11259;22;11257;17;;;11265;24;11267;13;;;11262.0;0.0
yf_BGS_d9;52200;ASH_COATED_OSMIUM;9942;18;9938;19;;;9948;13;9952;19;;;9945.0;0.0
yf_BGS_d9;52200;INTARIAN_PEPPER_ROOT;11255;17;11252;15;;;11261;21;11263;26;;;11258.0;0.0
yf_BGS_d9;52300;ASH_COATED_OSMIUM;9943;14;9939;27;;;9949;21;9951;22;;;9946.0;0.0
yf_BGS_d9;52300;INTARIAN_PEPPER_ROOT;11248;16;11245;20;;;11262;15;11264;19;;;11255.0;0.0
yf_BGS_d9;52400;ASH_COATED_OSMIUM;9943;14;9939;21;;;9949;10;9951;20;;;9946.0;0.0
yf_BGS_d9;52400;INTARIAN_PEPPER_ROOT;11247;13;11243;22;;;11253;5;11257;21;;;11250.0;0.0
yf_BGS_d9;52500;ASH_COATED_OSMIUM;9943;12;9939;17;;;9950;15;9954;22;;;9946.5;0.0
yf_BGS_d9;52500;INTARIAN_PEPPER_ROOT;11242;16;11239;28;;;11250;18;11253;25;;;11246.0;0.0
yf_BGS_d9;52600;ASH_COATED_OSMIUM;9938;20;9934;28;;;9954;12;9958;29;;;9946.0;0.0
yf_BGS_d9;52600;INTARIAN_PEPPER_ROOT;11238;16;11234;24;;;11246;12;11249;17;;;11242.0;0.0
yf_BGS_d9;52700;ASH_COATED_OSMIUM;9944;5;9942;22;;;9950;15;9953;15;;;9947.0;0.0
yf_BGS_d9;52700;INTARIAN_PEPPER_ROOT;11235;6;11233;17;;;11241;14;11245;18;;;11238.0;0.0
yf_BGS_d9;52800;ASH_COATED_OSMIUM;9944;10;9942;24;;;9950;15;9953;22;;;9947.0;0.0
yf_BGS_d9;52800;INTARIAN_PEPPER_ROOT;11218;15;11216;19;;;11249;15;11253;25;;;11233.5;0.0
yf_BGS_d9;52900;ASH_COATED_OSMIUM;9944;11;9941;12;;;9950;15;9953;15;;;9947.0;0.0
yf_BGS_d9;52900;INTARIAN_PEPPER_ROOT;11225;7;11222;14;;;11233;18;11237;15;;;11229.0;0.0
yf_BGS_d9;53000;ASH_COATED_OSMIUM;9945;21;9942;20;;;9951;21;9953;20;;;9948.0;0.0
yf_BGS_d9;53000;INTARIAN_PEPPER_ROOT;11223;9;11221;14;;;11229;12;11233;22;;;11226.0;0.0
yf_BGS_d9;53100;ASH_COATED_OSMIUM;9945;14;9943;25;;;9951;20;9955;14;;;9948.0;0.0
yf_BGS_d9;53100;INTARIAN_PEPPER_ROOT;11210;19;11208;19;;;11234;18;11236;15;;;11222.0;0.0
yf_BGS_d9;53200;ASH_COATED_OSMIUM;9945;14;9941;22;;;9952;19;9956;27;;;9948.5;0.0
yf_BGS_d9;53200;INTARIAN_PEPPER_ROOT;11214;9;11212;8;;;11220;17;11223;21;;;11217.0;0.0
yf_BGS_d9;53300;ASH_COATED_OSMIUM;9945;11;9941;16;;;9951;9;9955;18;;;9948.0;0.0
yf_BGS_d9;53300;INTARIAN_PEPPER_ROOT;11210;15;11206;11;;;11216;5;11218;21;;;11213.0;0.0
yf_BGS_d9;53400;ASH_COATED_OSMIUM;9938;15;9936;20;;;9958;12;9961;15;;;9948.0;0.0
yf_BGS_d9;53400;INTARIAN_PEPPER_ROOT;11206;12;11204;15;;;11212;12;11215;20;;;11209.0;0.0
yf_BGS_d9;53500;ASH_COATED_OSMIUM;9939;19;9937;22;;;9958;21;9962;15;;;9948.5;0.0
yf_BGS_d9;53500;INTARIAN_PEPPER_ROOT;11202;5;11200;20;;;11208;16;11210;18;;;11205.0;0.0
yf_BGS_d9;53600;ASH_COATED_OSMIUM;9939;17;9937;23;;;9959;16;9963;23;;;9949.0;0.0
yf_BGS_d9;53600;INTARIAN_PEPPER_ROOT;11196;15;11193;20;;;11205;15;11208;21;;;11200.5;0.0
yf_BGS_d9;53700;ASH_COATED_OSMIUM;9945;18;9943;23;;;9953;12;9957;13;;;9949.0;0.0
yf_BGS_d9;53700;INTARIAN_PEPPER_ROOT;11194;6;11190;18;;;11200;9;11202;16;;;11197.0;0.0
yf_BGS_d9;53800;ASH_COATED_OSMIUM;9947;20;9943;12;;;9953;10;9956;15;;;9950.0;0.0
yf_BGS_d9;53800;INTARIAN_PEPPER_ROOT;11190;16;11188;20;;;11196;11;11198;19;;;11193.0;0.0
yf_BGS_d9;53900;ASH_COATED_OSMIUM;9945;10;9941;16;;;9955;11;9958;26;;;9950.0;0.0
yf_BGS_d9;53900;INTARIAN_PEPPER_ROOT;11186;16;11182;25;;;11192;25;11194;16;;;11189.0;0.0
yf_BGS_d9;54000;ASH_COATED_OSMIUM;9944;14;9942;25;;;9957;8;9959;24;;;9950.5;0.0
yf_BGS_d9;54000;INTARIAN_PEPPER_ROOT;11182;9;11178;29;;;11188;12;11192;21;;;11185.0;0.0
yf_BGS_d9;54100;ASH_COATED_OSMIUM;9947;11;9943;13;;;9954;12;9957;12;;;9950.5;0.0
yf_BGS_d9;54100;INTARIAN_PEPPER_ROOT;11175;19;11172;18;;;11186;11;11190;17;;;11180.5;0.0
yf_BGS_d9;54200;ASH_COATED_OSMIUM;9948;21;9944;9;;;9954;11;9958;29;;;9951.0;0.0
yf_BGS_d9;54200;INTARIAN_PEPPER_ROOT;11171;13;11169;15;;;11182;8;11186;18;;;11176.5;0.0
yf_BGS_d9;54300;ASH_COATED_OSMIUM;9948;16;9946;34;;;9954;24;9956;25;;;9951.0;0.0
yf_BGS_d9;54300;INTARIAN_PEPPER_ROOT;11170;9;11168;16;;;11176;12;11180;24;;;11173.0;0.0
yf_BGS_d9;54400;ASH_COATED_OSMIUM;9948;19;9946;20;;;9954;5;9957;21;;;9951.0;0.0
yf_BGS_d9;54400;INTARIAN_PEPPER_ROOT;11164;16;11161;22;;;11174;10;11178;17;;;11169.0;0.0
yf_BGS_d9;54500;ASH_COATED_OSMIUM;9949;18;9947;18;;;9955;12;9959;15;;;9952.0;0.0
yf_BGS_d9;54500;INTARIAN_PEPPER_ROOT;11161;23;11159;21;;;11169;10;11173;28;;;11165.0;0.0
yf_BGS_d9;54600;ASH_COATED_OSMIUM;9944;7;9942;19;;;9961;14;9963;19;;;9952.5;0.0
yf_BGS_d9;54600;INTARIAN_PEPPER_ROOT;11153;27;11150;22;;;11167;15;11170;12;;;11160.0;0.0
yf_BGS_d9;54700;ASH_COATED_OSMIUM;9944;17;9942;25;;;9960;10;9964;26;;;9952.0;0.0
yf_BGS_d9;54700;INTARIAN_PEPPER_ROOT;11145;12;11142;13;;;11168;15;11170;17;;;11156.5;0.0
yf_BGS_d9;54800;ASH_COATED_OSMIUM;9950;12;9948;20;;;9956;12;9960;15;;;9953.0;0.0
yf_BGS_d9;54800;INTARIAN_PEPPER_ROOT;11149;18;11147;11;;;11155;20;11158;27;;;11152.0;0.0
yf_BGS_d9;54900;ASH_COATED_OSMIUM;9950;6;9946;14;;;9956;21;9960;29;;;9953.0;0.0
yf_BGS_d9;54900;INTARIAN_PEPPER_ROOT;11141;16;11137;17;;;11157;12;11160;19;;;11149.0;0.0
yf_BGS_d9;55000;ASH_COATED_OSMIUM;9936;20;9934;22;;;9969;22;9973;17;;;9952.5;0.0
yf_BGS_d9;55000;INTARIAN_PEPPER_ROOT;11141;10;11138;10;;;11147;6;11151;32;;;11144.0;0.0
yf_BGS_d9;55100;ASH_COATED_OSMIUM;9950;16;9948;29;;;9956;15;9958;10;;;9953.0;0.0
yf_BGS_d9;55100;INTARIAN_PEPPER_ROOT;11136;11;11134;22;;;11144;11;11146;24;;;11140.0;0.0
yf_BGS_d9;55200;ASH_COATED_OSMIUM;9951;8;9948;21;;;9957;23;9961;30;;;9954.0;0.0
yf_BGS_d9;55200;INTARIAN_PEPPER_ROOT;11130;17;11126;13;;;11143;9;11145;24;;;11136.5;0.0
yf_BGS_d9;55300;ASH_COATED_OSMIUM;9952;8;9948;13;;;9958;23;9962;21;;;9955.0;0.0
yf_BGS_d9;55300;INTARIAN_PEPPER_ROOT;11129;11;11125;21;;;11135;13;11139;30;;;11132.0;0.0
yf_BGS_d9;55400;ASH_COATED_OSMIUM;9952;9;9949;15;;;9958;9;9960;27;;;9955.0;0.0
yf_BGS_d9;55400;INTARIAN_PEPPER_ROOT;11115;23;11111;19;;;11142;15;11145;17;;;11128.5;0.0
yf_BGS_d9;55500;ASH_COATED_OSMIUM;9952;13;9948;27;;;9958;14;9962;28;;;9955.0;0.0
yf_BGS_d9;55500;INTARIAN_PEPPER_ROOT;11121;26;11119;23;;;11127;19;11131;20;;;11124.0;0.0
yf_BGS_d9;55600;ASH_COATED_OSMIUM;9949;18;9946;18;;;9961;5;9964;18;;;9955.0;0.0
yf_BGS_d9;55600;INTARIAN_PEPPER_ROOT;11108;12;11105;27;;;11130;15;11134;21;;;11119.0;0.0
yf_BGS_d9;55700;ASH_COATED_OSMIUM;9950;14;9946;20;;;9961;9;9965;14;;;9955.5;0.0
yf_BGS_d9;55700;INTARIAN_PEPPER_ROOT;11112;19;11108;23;;;11119;5;11121;17;;;11115.5;0.0
yf_BGS_d9;55800;ASH_COATED_OSMIUM;9952;7;9950;22;;;9960;17;9962;32;;;9956.0;0.0
yf_BGS_d9;55800;INTARIAN_PEPPER_ROOT;11109;11;11105;25;;;11115;19;11117;12;;;11112.0;0.0
yf_BGS_d9;55900;ASH_COATED_OSMIUM;9953;12;9950;21;;;9959;19;9962;23;;;9956.0;0.0
yf_BGS_d9;55900;INTARIAN_PEPPER_ROOT;11101;20;11099;16;;;11113;13;11116;32;;;11107.0;0.0
yf_BGS_d9;56000;ASH_COATED_OSMIUM;9953;11;9951;27;;;9959;10;9962;12;;;9956.0;0.0
yf_BGS_d9;56000;INTARIAN_PEPPER_ROOT;11100;7;11097;29;;;11106;21;11109;21;;;11103.0;0.0
yf_BGS_d9;56100;ASH_COATED_OSMIUM;9950;11;9946;26;;;9965;17;9967;20;;;9957.5;0.0
yf_BGS_d9;56100;INTARIAN_PEPPER_ROOT;11097;12;11093;30;;;11103;18;11107;24;;;11100.0;0.0
yf_BGS_d9;56200;ASH_COATED_OSMIUM;9953;12;9949;14;;;9959;15;9962;29;;;9956.0;0.0
yf_BGS_d9;56200;INTARIAN_PEPPER_ROOT;11093;22;11090;18;;;11099;14;11101;17;;;11096.0;0.0
yf_BGS_d9;56300;ASH_COATED_OSMIUM;9944;26;9942;17;;;9969;12;9971;28;;;9956.5;0.0
yf_BGS_d9;56300;INTARIAN_PEPPER_ROOT;11083;16;11081;13;;;11100;11;11104;30;;;11091.5;0.0
yf_BGS_d9;56400;ASH_COATED_OSMIUM;9954;13;9952;22;;;9960;12;9962;9;;;9957.0;0.0
yf_BGS_d9;56400;INTARIAN_PEPPER_ROOT;11084;11;11081;13;;;11090;11;11094;26;;;11087.0;0.0
yf_BGS_d9;56500;ASH_COATED_OSMIUM;9955;9;9951;21;;;9961;21;9965;22;;;9958.0;0.0
yf_BGS_d9;56500;INTARIAN_PEPPER_ROOT;11079;14;11077;16;;;11087;18;11090;20;;;11083.0;0.0
yf_BGS_d9;56600;ASH_COATED_OSMIUM;9948;19;9945;25;;;9968;26;9971;24;;;9958.0;0.0
yf_BGS_d9;56600;INTARIAN_PEPPER_ROOT;11076;12;11073;15;;;11082;15;11084;18;;;11079.0;0.0
yf_BGS_d9;56700;ASH_COATED_OSMIUM;9948;15;9945;18;;;9968;13;9971;16;;;9958.0;0.0
yf_BGS_d9;56700;INTARIAN_PEPPER_ROOT;11070;14;11066;20;;;11081;6;11083;16;;;11075.5;0.0
yf_BGS_d9;56800;ASH_COATED_OSMIUM;9955;17;9951;17;;;9962;17;9965;29;;;9958.5;0.0
yf_BGS_d9;56800;INTARIAN_PEPPER_ROOT;11068;11;11065;20;;;11074;13;11077;16;;;11071.0;0.0
yf_BGS_d9;56900;ASH_COATED_OSMIUM;9955;15;9952;18;;;9961;9;9964;24;;;9958.0;0.0
yf_BGS_d9;56900;INTARIAN_PEPPER_ROOT;11055;7;11053;18;;;11079;19;11082;11;;;11067.0;0.0
yf_BGS_d9;57000;ASH_COATED_OSMIUM;9956;15;9953;11;;;9962;10;9965;18;;;9959.0;0.0
yf_BGS_d9;57000;INTARIAN_PEPPER_ROOT;11058;15;11056;23;;;11068;17;11072;27;;;11063.0;0.0
yf_BGS_d9;57100;ASH_COATED_OSMIUM;9948;14;9944;20;;;9969;13;9971;12;;;9958.5;0.0
yf_BGS_d9;57100;INTARIAN_PEPPER_ROOT;11053;9;11051;20;;;11065;8;11067;25;;;11059.0;0.0
yf_BGS_d9;57200;ASH_COATED_OSMIUM;9954;18;9950;29;;;9964;15;9966;10;;;9959.0;0.0
yf_BGS_d9;57200;INTARIAN_PEPPER_ROOT;11050;14;11047;25;;;11058;7;11062;19;;;11054.0;0.0
yf_BGS_d9;57300;ASH_COATED_OSMIUM;9957;7;9955;20;;;9963;16;9966;26;;;9960.0;0.0
yf_BGS_d9;57300;INTARIAN_PEPPER_ROOT;11047;12;11043;17;;;11053;17;11056;19;;;11050.0;0.0
yf_BGS_d9;57400;ASH_COATED_OSMIUM;9957;8;9953;22;;;9963;19;9965;24;;;9960.0;0.0
yf_BGS_d9;57400;INTARIAN_PEPPER_ROOT;11044;15;11041;22;;;11050;16;11053;17;;;11047.0;0.0
yf_BGS_d9;57500;ASH_COATED_OSMIUM;9958;12;9955;16;;;9964;14;9966;20;;;9961.0;0.0
yf_BGS_d9;57500;INTARIAN_PEPPER_ROOT;11038;12;11034;22;;;11046;13;11048;19;;;11042.0;0.0
yf_BGS_d9;57600;ASH_COATED_OSMIUM;9946;5;9943;16;;;9976;12;9980;26;;;9961.0;0.0
yf_BGS_d9;57600;INTARIAN_PEPPER_ROOT;11035;19;11033;23;;;11041;15;11043;19;;;11038.0;0.0
yf_BGS_d9;57700;ASH_COATED_OSMIUM;9958;22;9955;21;;;9964;15;9968;26;;;9961.0;0.0
yf_BGS_d9;57700;INTARIAN_PEPPER_ROOT;11032;13;11029;19;;;11038;20;11040;15;;;11035.0;0.0
yf_BGS_d9;57800;ASH_COATED_OSMIUM;9954;15;9952;17;;;9969;9;9972;17;;;9961.5;0.0
yf_BGS_d9;57800;INTARIAN_PEPPER_ROOT;11027;13;11024;16;;;11033;20;11036;18;;;11030.0;0.0
yf_BGS_d9;57900;ASH_COATED_OSMIUM;9950;17;9948;18;;;9973;25;9976;11;;;9961.5;0.0
yf_BGS_d9;57900;INTARIAN_PEPPER_ROOT;11021;12;11017;20;;;11030;12;11032;23;;;11025.5;0.0
yf_BGS_d9;58000;ASH_COATED_OSMIUM;9952;9;9949;20;;;9971;16;9973;17;;;9961.5;0.0
yf_BGS_d9;58000;INTARIAN_PEPPER_ROOT;11019;17;11015;20;;;11025;16;11028;16;;;11022.0;0.0
yf_BGS_d9;58100;ASH_COATED_OSMIUM;9959;11;9956;23;;;9965;19;9969;25;;;9962.0;0.0
yf_BGS_d9;58100;INTARIAN_PEPPER_ROOT;11015;15;11011;23;;;11021;15;11024;18;;;11018.0;0.0
yf_BGS_d9;58200;ASH_COATED_OSMIUM;9960;11;9957;13;;;9966;16;9968;26;;;9963.0;0.0
yf_BGS_d9;58200;INTARIAN_PEPPER_ROOT;11004;15;11002;19;;;11024;18;11026;25;;;11014.0;0.0
yf_BGS_d9;58300;ASH_COATED_OSMIUM;9960;19;9958;25;;;9966;11;9969;21;;;9963.0;0.0
yf_BGS_d9;58300;INTARIAN_PEPPER_ROOT;11007;10;11005;11;;;11013;15;11016;35;;;11010.0;0.0
yf_BGS_d9;58400;ASH_COATED_OSMIUM;9960;5;9957;27;;;9966;15;9970;12;;;9963.0;0.0
yf_BGS_d9;58400;INTARIAN_PEPPER_ROOT;11001;19;10997;22;;;11010;16;11012;14;;;11005.5;0.0
yf_BGS_d9;58500;ASH_COATED_OSMIUM;9960;22;9957;28;;;9966;10;9968;21;;;9963.0;0.0
yf_BGS_d9;58500;INTARIAN_PEPPER_ROOT;10999;9;10995;23;;;11005;15;11007;18;;;11002.0;0.0
yf_BGS_d9;58600;ASH_COATED_OSMIUM;9948;22;9946;20;;;9980;11;9982;30;;;9964.0;0.0
yf_BGS_d9;58600;INTARIAN_PEPPER_ROOT;10984;19;10980;14;;;11012;13;11014;13;;;10998.0;0.0
yf_BGS_d9;58700;ASH_COATED_OSMIUM;9961;7;9957;23;;;9967;14;9969;19;;;9964.0;0.0
yf_BGS_d9;58700;INTARIAN_PEPPER_ROOT;10985;15;10981;16;;;11000;14;11003;16;;;10992.5;0.0
yf_BGS_d9;58800;ASH_COATED_OSMIUM;9961;14;9958;22;;;9967;8;9969;17;;;9964.0;0.0
yf_BGS_d9;58800;INTARIAN_PEPPER_ROOT;10985;30;10981;22;;;10994;11;10997;23;;;10989.5;0.0
yf_BGS_d9;58900;ASH_COATED_OSMIUM;9961;19;9959;29;;;9967;18;9969;19;;;9964.0;0.0
yf_BGS_d9;58900;INTARIAN_PEPPER_ROOT;10983;15;10979;18;;;10989;19;10991;20;;;10986.0;0.0
yf_BGS_d9;59000;ASH_COATED_OSMIUM;9962;16;9958;18;;;9968;13;9972;14;;;9965.0;0.0
