day;timestamp;product;bid_price_1;bid_volume_1;bid_price_2;bid_volume_2;bid_price_3;bid_volume_3;ask_price_1;ask_volume_1;ask_price_2;ask_volume_2;ask_price_3;ask_volume_3;mid_price;profit_and_loss
yf_ADM_d0;0;ASH_COATED_OSMIUM;10036;14;10034;19;;;10042;16;10046;21;;;10039.0;0.0
yf_ADM_d0;0;INTARIAN_PEPPER_ROOT;10881;10;10877;21;;;10897;9;10901;17;;;10889.0;0.0
yf_ADM_d0;100;ASH_COATED_OSMIUM;10033;16;10029;18;;;10045;20;10048;18;;;10039.0;0.0
yf_ADM_d0;100;INTARIAN_PEPPER_ROOT;10887;22;10884;24;;;10893;14;10896;19;;;10890.0;0.0
yf_ADM_d0;200;ASH_COATED_OSMIUM;10035;13;10033;22;;;10041;17;10043;20;;;10038.0;0.0
yf_ADM_d0;200;INTARIAN_PEPPER_ROOT;10888;18;10886;23;;;10894;5;10896;30;;;10891.0;0.0
yf_ADM_d0;300;ASH_COATED_OSMIUM;10031;14;10029;18;;;10047;10;10051;28;;;10039.0;0.0
yf_ADM_d0;300;INTARIAN_PEPPER_ROOT;10888;12;10884;20;;;10894;12;10897;15;;;10891.0;0.0
yf_ADM_d0;400;ASH_COATED_OSMIUM;10035;17;10031;8;;;10041;13;10043;29;;;10038.0;0.0
yf_ADM_d0;400;INTARIAN_PEPPER_ROOT;10887;12;10883;29;;;10893;13;10897;18;;;10890.0;0.0
yf_ADM_d0;500;ASH_COATED_OSMIUM;10033;11;10031;28;;;10044;9;10047;17;;;10038.5;0.0
yf_ADM_d0;500;INTARIAN_PEPPER_ROOT;10889;12;10885;20;;;10895;15;10899;9;;;10892.0;0.0
yf_ADM_d0;600;ASH_COATED_OSMIUM;10035;15;10033;22;;;10041;25;10045;19;;;10038.0;0.0
yf_ADM_d0;600;INTARIAN_PEPPER_ROOT;10884;18;10880;16;;;10900;20;10904;16;;;10892.0;0.0
yf_ADM_d0;700;ASH_COATED_OSMIUM;10033;21;10029;12;;;10043;22;10047;17;;;10038.0;0.0
yf_ADM_d0;700;INTARIAN_PEPPER_ROOT;10889;15;10887;18;;;10895;17;10898;15;;;10892.0;0.0
yf_ADM_d0;800;ASH_COATED_OSMIUM;10035;14;10032;22;;;10041;12;10045;29;;;10038.0;0.0
yf_ADM_d0;800;INTARIAN_PEPPER_ROOT;10889;16;10887;18;;;10895;13;10898;16;;;10892.0;0.0
yf_ADM_d0;900;ASH_COATED_OSMIUM;10035;12;10033;20;;;10041;18;10044;10;;;10038.0;0.0
yf_ADM_d0;900;INTARIAN_PEPPER_ROOT;10890;18;10886;17;;;10896;16;10900;19;;;10893.0;0.0
yf_ADM_d0;1000;ASH_COATED_OSMIUM;10034;18;10030;19;;;10040;8;10043;24;;;10037.0;0.0
yf_ADM_d0;1000;INTARIAN_PEPPER_ROOT;10890;25;10888;24;;;10896;15;10900;24;;;10893.0;0.0
yf_ADM_d0;1100;ASH_COATED_OSMIUM;10034;17;10031;13;;;10041;6;10043;19;;;10037.5;0.0
yf_ADM_d0;1100;INTARIAN_PEPPER_ROOT;10891;20;10888;17;;;10897;18;10900;22;;;10894.0;0.0
yf_ADM_d0;1200;ASH_COATED_OSMIUM;10029;14;10025;20;;;10045;21;10049;20;;;10037.0;0.0
yf_ADM_d0;1200;INTARIAN_PEPPER_ROOT;10890;20;10888;22;;;10899;8;10902;26;;;10894.5;0.0
yf_ADM_d0;1300;ASH_COATED_OSMIUM;10033;8;10029;27;;;10040;13;10044;18;;;10036.5;0.0
yf_ADM_d0;1300;INTARIAN_PEPPER_ROOT;10892;16;10890;20;;;10898;21;10901;17;;;10895.0;0.0
yf_ADM_d0;1400;ASH_COATED_OSMIUM;10034;9;10030;8;;;10040;24;10042;29;;;10037.0;0.0
yf_ADM_d0;1400;INTARIAN_PEPPER_ROOT;10892;20;10889;21;;;10898;13;10902;12;;;10895.0;0.0
yf_ADM_d0;1500;ASH_COATED_OSMIUM;10019;11;10016;22;;;10055;12;10057;23;;;10037.0;0.0
yf_ADM_d0;1500;INTARIAN_PEPPER_ROOT;10893;17;10889;15;;;10899;11;10903;23;;;10896.0;0.0
yf_ADM_d0;1600;ASH_COATED_OSMIUM;10034;17;10032;25;;;10040;15;10043;23;;;10037.0;0.0
yf_ADM_d0;1600;INTARIAN_PEPPER_ROOT;10890;17;10888;12;;;10902;16;10906;26;;;10896.0;0.0
yf_ADM_d0;1700;ASH_COATED_OSMIUM;10033;16;10029;18;;;10039;7;10042;15;;;10036.0;0.0
yf_ADM_d0;1700;INTARIAN_PEPPER_ROOT;10888;10;10886;25;;;10906;7;10909;15;;;10897.0;0.0
yf_ADM_d0;1800;ASH_COATED_OSMIUM;10033;26;10030;19;;;10039;16;10042;8;;;10036.0;0.0
yf_ADM_d0;1800;INTARIAN_PEPPER_ROOT;10893;21;10889;23;;;10899;18;10901;17;;;10896.0;0.0
yf_ADM_d0;1900;ASH_COATED_OSMIUM;10033;28;10029;8;;;10039;21;10041;27;;;10036.0;0.0
yf_ADM_d0;1900;INTARIAN_PEPPER_ROOT;10890;18;10888;29;;;10903;16;10905;22;;;10896.5;0.0
yf_ADM_d0;2000;ASH_COATED_OSMIUM;10033;10;10030;20;;;10039;23;10043;21;;;10036.0;0.0
yf_ADM_d0;2000;INTARIAN_PEPPER_ROOT;10894;16;10892;26;;;10900;15;10904;18;;;10897.0;0.0
yf_ADM_d0;2100;ASH_COATED_OSMIUM;10033;15;10030;26;;;10039;12;10041;18;;;10036.0;0.0
yf_ADM_d0;2100;INTARIAN_PEPPER_ROOT;10893;26;10891;17;;;10903;10;10907;21;;;10898.0;0.0
yf_ADM_d0;2200;ASH_COATED_OSMIUM;10032;19;10030;25;;;10038;11;10041;22;;;10035.0;0.0
yf_ADM_d0;2200;INTARIAN_PEPPER_ROOT;10896;17;10892;24;;;10902;5;10904;18;;;10899.0;0.0
yf_ADM_d0;2300;ASH_COATED_OSMIUM;10024;5;10021;17;;;10047;10;10051;23;;;10035.5;0.0
yf_ADM_d0;2300;INTARIAN_PEPPER_ROOT;10891;14;10889;25;;;10907;19;10911;16;;;10899.0;0.0
yf_ADM_d0;2400;ASH_COATED_OSMIUM;10032;15;10028;18;;;10039;8;10042;22;;;10035.5;0.0
yf_ADM_d0;2400;INTARIAN_PEPPER_ROOT;10896;14;10893;20;;;10902;21;10904;23;;;10899.0;0.0
yf_ADM_d0;2500;ASH_COATED_OSMIUM;10031;10;10028;22;;;10037;14;10040;16;;;10034.0;0.0
yf_ADM_d0;2500;INTARIAN_PEPPER_ROOT;10897;22;10895;13;;;10903;16;10906;16;;;10900.0;0.0
yf_ADM_d0;2600;ASH_COATED_OSMIUM;10022;25;10020;21;;;10048;14;10051;18;;;10035.0;0.0
yf_ADM_d0;2600;INTARIAN_PEPPER_ROOT;10897;17;10895;18;;;10905;18;10909;20;;;10901.0;0.0
yf_ADM_d0;2700;ASH_COATED_OSMIUM;10032;11;10030;12;;;10038;17;10040;34;;;10035.0;0.0
yf_ADM_d0;2700;INTARIAN_PEPPER_ROOT;10897;12;10894;12;;;10903;20;10907;16;;;10900.0;0.0
yf_ADM_d0;2800;ASH_COATED_OSMIUM;10023;13;10019;19;;;10046;9;10049;13;;;10034.5;0.0
yf_ADM_d0;2800;INTARIAN_PEPPER_ROOT;10898;10;10895;15;;;10904;15;10906;30;;;10901.0;0.0
yf_ADM_d0;2900;ASH_COATED_OSMIUM;10021;12;10019;14;;;10048;16;10052;21;;;10034.5;0.0
yf_ADM_d0;2900;INTARIAN_PEPPER_ROOT;10898;7;10894;26;;;10904;11;10906;23;;;10901.0;0.0
yf_ADM_d0;3000;ASH_COATED_OSMIUM;10031;23;10029;21;;;10037;14;10040;16;;;10034.0;0.0
yf_ADM_d0;3000;INTARIAN_PEPPER_ROOT;10896;17;10892;15;;;10907;11;10910;15;;;10901.5;0.0
yf_ADM_d0;3100;ASH_COATED_OSMIUM;10031;21;10027;26;;;10037;12;10040;16;;;10034.0;0.0
yf_ADM_d0;3100;INTARIAN_PEPPER_ROOT;10899;18;10895;13;;;10905;13;10909;20;;;10902.0;0.0
yf_ADM_d0;3200;ASH_COATED_OSMIUM;10029;17;10027;18;;;10039;8;10042;19;;;10034.0;0.0
yf_ADM_d0;3200;INTARIAN_PEPPER_ROOT;10898;11;10896;19;;;10906;12;10908;17;;;10902.0;0.0
yf_ADM_d0;3300;ASH_COATED_OSMIUM;10023;16;10021;12;;;10044;11;10046;11;;;10033.5;0.0
yf_ADM_d0;3300;INTARIAN_PEPPER_ROOT;10899;9;10895;23;;;10905;10;10909;20;;;10902.0;0.0
yf_ADM_d0;3400;ASH_COATED_OSMIUM;10031;14;10029;10;;;10037;20;10039;17;;;10034.0;0.0
yf_ADM_d0;3400;INTARIAN_PEPPER_ROOT;10900;10;10896;13;;;10906;11;10909;20;;;10903.0;0.0
yf_ADM_d0;3500;ASH_COATED_OSMIUM;10030;13;10026;27;;;10036;11;10040;19;;;10033.0;0.0
yf_ADM_d0;3500;INTARIAN_PEPPER_ROOT;10877;10;10874;14;;;10930;17;10934;22;;;10903.5;0.0
yf_ADM_d0;3600;ASH_COATED_OSMIUM;10031;14;10028;25;;;10037;12;10039;16;;;10034.0;0.0
yf_ADM_d0;3600;INTARIAN_PEPPER_ROOT;10902;9;10900;24;;;10908;18;10911;25;;;10905.0;0.0
yf_ADM_d0;3700;ASH_COATED_OSMIUM;10031;20;10028;15;;;10037;12;10039;15;;;10034.0;0.0
yf_ADM_d0;3700;INTARIAN_PEPPER_ROOT;10902;17;10899;13;;;10908;24;10910;10;;;10905.0;0.0
yf_ADM_d0;3800;ASH_COATED_OSMIUM;10030;24;10028;14;;;10036;9;10039;19;;;10033.0;0.0
yf_ADM_d0;3800;INTARIAN_PEPPER_ROOT;10902;12;10898;21;;;10908;20;10912;19;;;10905.0;0.0
yf_ADM_d0;3900;ASH_COATED_OSMIUM;10030;16;10027;12;;;10036;16;10040;22;;;10033.0;0.0
yf_ADM_d0;3900;INTARIAN_PEPPER_ROOT;10898;11;10896;14;;;10911;10;10913;28;;;10904.5;0.0
yf_ADM_d0;4000;ASH_COATED_OSMIUM;10030;17;10028;13;;;10036;13;10038;22;;;10033.0;0.0
yf_ADM_d0;4000;INTARIAN_PEPPER_ROOT;10903;5;10901;10;;;10909;18;10913;13;;;10906.0;0.0
yf_ADM_d0;4100;ASH_COATED_OSMIUM;10009;16;10007;9;;;10055;17;10058;18;;;10032.0;0.0
yf_ADM_d0;4100;INTARIAN_PEPPER_ROOT;10904;16;10901;28;;;10910;26;10913;23;;;10907.0;0.0
yf_ADM_d0;4200;ASH_COATED_OSMIUM;10030;17;10026;21;;;10036;12;10040;25;;;10033.0;0.0
yf_ADM_d0;4200;INTARIAN_PEPPER_ROOT;10903;11;10899;21;;;10909;19;10912;25;;;10906.0;0.0
yf_ADM_d0;4300;ASH_COATED_OSMIUM;10023;16;10021;13;;;10041;22;10044;23;;;10032.0;0.0
yf_ADM_d0;4300;INTARIAN_PEPPER_ROOT;10904;20;10901;21;;;10910;14;10913;20;;;10907.0;0.0
yf_ADM_d0;4400;ASH_COATED_OSMIUM;10029;12;10025;10;;;10036;11;10039;12;;;10032.5;0.0
yf_ADM_d0;4400;INTARIAN_PEPPER_ROOT;10904;21;10901;23;;;10910;14;10912;15;;;10907.0;0.0
yf_ADM_d0;4500;ASH_COATED_OSMIUM;10024;15;10020;15;;;10039;19;10041;25;;;10031.5;0.0
yf_ADM_d0;4500;INTARIAN_PEPPER_ROOT;10902;5;10898;17;;;10914;11;10918;14;;;10908.0;0.0
yf_ADM_d0;4600;ASH_COATED_OSMIUM;10029;19;10025;24;;;10035;14;10037;8;;;10032.0;0.0
yf_ADM_d0;4600;INTARIAN_PEPPER_ROOT;10903;12;10900;22;;;10914;12;10917;16;;;10908.5;0.0
yf_ADM_d0;4700;ASH_COATED_OSMIUM;10015;10;10011;24;;;10048;9;10051;19;;;10031.5;0.0
yf_ADM_d0;4700;INTARIAN_PEPPER_ROOT;10906;7;10903;25;;;10912;7;10915;26;;;10909.0;0.0
yf_ADM_d0;4800;ASH_COATED_OSMIUM;10029;14;10027;13;;;10035;14;10039;19;;;10032.0;0.0
yf_ADM_d0;4800;INTARIAN_PEPPER_ROOT;10902;15;10899;19;;;10916;21;10919;14;;;10909.0;0.0
yf_ADM_d0;4900;ASH_COATED_OSMIUM;10029;10;10025;23;;;10035;17;10039;28;;;10032.0;0.0
yf_ADM_d0;4900;INTARIAN_PEPPER_ROOT;10898;14;10896;16;;;10921;17;10923;16;;;10909.5;0.0
yf_ADM_d0;5000;ASH_COATED_OSMIUM;10028;5;10026;24;;;10034;7;10037;22;;;10031.0;0.0
yf_ADM_d0;5000;INTARIAN_PEPPER_ROOT;10905;14;10901;19;;;10915;10;10917;20;;;10910.0;0.0
yf_ADM_d0;5100;ASH_COATED_OSMIUM;10028;9;10024;16;;;10035;16;10038;30;;;10031.5;0.0
yf_ADM_d0;5100;INTARIAN_PEPPER_ROOT;10907;18;10905;20;;;10914;18;10918;18;;;10910.5;0.0
yf_ADM_d0;5200;ASH_COATED_OSMIUM;10027;13;10025;22;;;10034;14;10036;23;;;10030.5;0.0
yf_ADM_d0;5200;INTARIAN_PEPPER_ROOT;10908;16;10906;13;;;10914;16;10918;12;;;10911.0;0.0
yf_ADM_d0;5300;ASH_COATED_OSMIUM;10023;21;10021;18;;;10037;14;10039;21;;;10030.0;0.0
yf_ADM_d0;5300;INTARIAN_PEPPER_ROOT;10908;17;10904;23;;;10914;18;10918;19;;;10911.0;0.0
yf_ADM_d0;5400;ASH_COATED_OSMIUM;10028;11;10026;24;;;10034;12;10037;18;;;10031.0;0.0
yf_ADM_d0;5400;INTARIAN_PEPPER_ROOT;10909;13;10906;21;;;10915;11;10917;16;;;10912.0;0.0
yf_ADM_d0;5500;ASH_COATED_OSMIUM;10027;17;10024;18;;;10033;15;10036;12;;;10030.0;0.0
yf_ADM_d0;5500;INTARIAN_PEPPER_ROOT;10906;15;10902;26;;;10918;23;10921;20;;;10912.0;0.0
yf_ADM_d0;5600;ASH_COATED_OSMIUM;10027;25;10025;12;;;10033;16;10036;18;;;10030.0;0.0
yf_ADM_d0;5600;INTARIAN_PEPPER_ROOT;10910;14;10908;14;;;10916;14;10918;19;;;10913.0;0.0
yf_ADM_d0;5700;ASH_COATED_OSMIUM;10027;13;10024;28;;;10033;17;10035;13;;;10030.0;0.0
yf_ADM_d0;5700;INTARIAN_PEPPER_ROOT;10907;17;10905;20;;;10918;15;10922;21;;;10912.5;0.0
yf_ADM_d0;5800;ASH_COATED_OSMIUM;10023;10;10020;22;;;10037;18;10040;15;;;10030.0;0.0
yf_ADM_d0;5800;INTARIAN_PEPPER_ROOT;10910;14;10907;25;;;10916;22;10920;14;;;10913.0;0.0
yf_ADM_d0;5900;ASH_COATED_OSMIUM;10027;25;10024;14;;;10033;16;10036;24;;;10030.0;0.0
yf_ADM_d0;5900;INTARIAN_PEPPER_ROOT;10911;15;10908;30;;;10917;20;10920;15;;;10914.0;0.0
yf_ADM_d0;6000;ASH_COATED_OSMIUM;10027;13;10025;24;;;10033;5;10036;11;;;10030.0;0.0
yf_ADM_d0;6000;INTARIAN_PEPPER_ROOT;10911;13;10909;18;;;10917;25;10919;16;;;10914.0;0.0
yf_ADM_d0;6100;ASH_COATED_OSMIUM;10027;11;10023;8;;;10033;13;10036;19;;;10030.0;0.0
yf_ADM_d0;6100;INTARIAN_PEPPER_ROOT;10912;10;10910;16;;;10918;8;10922;25;;;10915.0;0.0
yf_ADM_d0;6200;ASH_COATED_OSMIUM;10020;25;10017;12;;;10039;20;10042;24;;;10029.5;0.0
yf_ADM_d0;6200;INTARIAN_PEPPER_ROOT;10912;5;10910;17;;;10918;14;10920;17;;;10915.0;0.0
yf_ADM_d0;6300;ASH_COATED_OSMIUM;10026;15;10023;31;;;10032;17;10034;23;;;10029.0;0.0
yf_ADM_d0;6300;INTARIAN_PEPPER_ROOT;10907;5;10904;16;;;10924;18;10927;22;;;10915.5;0.0
yf_ADM_d0;6400;ASH_COATED_OSMIUM;10026;11;10024;14;;;10032;15;10035;23;;;10029.0;0.0
yf_ADM_d0;6400;INTARIAN_PEPPER_ROOT;10908;21;10906;22;;;10924;17;10928;20;;;10916.0;0.0
yf_ADM_d0;6500;ASH_COATED_OSMIUM;10024;21;10022;13;;;10034;8;10038;12;;;10029.0;0.0
yf_ADM_d0;6500;INTARIAN_PEPPER_ROOT;10909;8;10906;21;;;10925;16;10928;18;;;10917.0;0.0
yf_ADM_d0;6600;ASH_COATED_OSMIUM;10026;10;10024;18;;;10032;15;10034;20;;;10029.0;0.0
yf_ADM_d0;6600;INTARIAN_PEPPER_ROOT;10913;17;10910;14;;;10919;18;10921;16;;;10916.0;0.0
yf_ADM_d0;6700;ASH_COATED_OSMIUM;10018;6;10016;25;;;10040;22;10043;25;;;10029.0;0.0
yf_ADM_d0;6700;INTARIAN_PEPPER_ROOT;10914;11;10910;20;;;10920;18;10924;22;;;10917.0;0.0
yf_ADM_d0;6800;ASH_COATED_OSMIUM;10011;26;10008;18;;;10047;17;10051;20;;;10029.0;0.0
yf_ADM_d0;6800;INTARIAN_PEPPER_ROOT;10915;10;10912;18;;;10921;12;10924;22;;;10918.0;0.0
yf_ADM_d0;6900;ASH_COATED_OSMIUM;10025;14;10021;16;;;10031;23;10033;14;;;10028.0;0.0
yf_ADM_d0;6900;INTARIAN_PEPPER_ROOT;10910;12;10906;21;;;10924;17;10926;16;;;10917.0;0.0
yf_ADM_d0;7000;ASH_COATED_OSMIUM;10024;15;10021;14;;;10031;17;10035;21;;;10027.5;0.0
yf_ADM_d0;7000;INTARIAN_PEPPER_ROOT;10915;5;10913;19;;;10921;8;10923;12;;;10918.0;0.0
yf_ADM_d0;7100;ASH_COATED_OSMIUM;10024;10;10022;18;;;10031;8;10034;20;;;10027.5;0.0
yf_ADM_d0;7100;INTARIAN_PEPPER_ROOT;10916;13;10914;26;;;10922;5;10924;28;;;10919.0;0.0
yf_ADM_d0;7200;ASH_COATED_OSMIUM;10025;21;10022;23;;;10031;13;10035;14;;;10028.0;0.0
yf_ADM_d0;7200;INTARIAN_PEPPER_ROOT;10916;12;10912;31;;;10922;15;10925;24;;;10919.0;0.0
yf_ADM_d0;7300;ASH_COATED_OSMIUM;10019;16;10016;16;;;10036;12;10038;22;;;10027.5;0.0
yf_ADM_d0;7300;INTARIAN_PEPPER_ROOT;10910;24;10907;22;;;10928;16;10930;22;;;10919.0;0.0
yf_ADM_d0;7400;ASH_COATED_OSMIUM;10018;19;10015;24;;;10037;17;10041;19;;;10027.5;0.0
yf_ADM_d0;7400;INTARIAN_PEPPER_ROOT;10917;18;10913;17;;;10923;18;10925;23;;;10920.0;0.0
yf_ADM_d0;7500;ASH_COATED_OSMIUM;10024;15;10020;14;;;10030;17;10032;16;;;10027.0;0.0
yf_ADM_d0;7500;INTARIAN_PEPPER_ROOT;10917;15;10914;8;;;10923;12;10927;8;;;10920.0;0.0
yf_ADM_d0;7600;ASH_COATED_OSMIUM;10024;14;10020;21;;;10031;18;10035;20;;;10027.5;0.0
yf_ADM_d0;7600;INTARIAN_PEPPER_ROOT;10916;20;10912;22;;;10927;23;10931;30;;;10921.5;0.0
yf_ADM_d0;7700;ASH_COATED_OSMIUM;10024;14;10020;23;;;10030;22;10034;17;;;10027.0;0.0
yf_ADM_d0;7700;INTARIAN_PEPPER_ROOT;10918;22;10916;19;;;10924;15;10927;15;;;10921.0;0.0
yf_ADM_d0;7800;ASH_COATED_OSMIUM;10023;15;10020;18;;;10029;5;10031;17;;;10026.0;0.0
yf_ADM_d0;7800;INTARIAN_PEPPER_ROOT;10913;7;10910;20;;;10930;11;10934;16;;;10921.5;0.0
yf_ADM_d0;7900;ASH_COATED_OSMIUM;10018;6;10016;21;;;10036;10;10038;24;;;10027.0;0.0
yf_ADM_d0;7900;INTARIAN_PEPPER_ROOT;10919;19;10917;19;;;10925;9;10927;20;;;10922.0;0.0
yf_ADM_d0;8000;ASH_COATED_OSMIUM;10023;10;10020;18;;;10029;24;10033;17;;;10026.0;0.0
yf_ADM_d0;8000;INTARIAN_PEPPER_ROOT;10919;18;10916;23;;;10925;12;10927;17;;;10922.0;0.0
yf_ADM_d0;8100;ASH_COATED_OSMIUM;10023;16;10021;12;;;10029;18;10033;23;;;10026.0;0.0
yf_ADM_d0;8100;INTARIAN_PEPPER_ROOT;10917;19;10914;26;;;10928;8;10932;21;;;10922.5;0.0
yf_ADM_d0;8200;ASH_COATED_OSMIUM;10022;18;10018;10;;;10029;9;10031;26;;;10025.5;0.0
yf_ADM_d0;8200;INTARIAN_PEPPER_ROOT;10920;15;10918;19;;;10926;18;10929;14;;;10923.0;0.0
yf_ADM_d0;8300;ASH_COATED_OSMIUM;10023;24;10020;21;;;10029;16;10032;19;;;10026.0;0.0
yf_ADM_d0;8300;INTARIAN_PEPPER_ROOT;10921;9;10917;14;;;10927;21;10930;18;;;10924.0;0.0
yf_ADM_d0;8400;ASH_COATED_OSMIUM;10018;5;10014;26;;;10034;6;10036;21;;;10026.0;0.0
yf_ADM_d0;8400;INTARIAN_PEPPER_ROOT;10921;16;10919;17;;;10927;17;10931;20;;;10924.0;0.0
yf_ADM_d0;8500;ASH_COATED_OSMIUM;10023;8;10021;21;;;10029;11;10031;8;;;10026.0;0.0
yf_ADM_d0;8500;INTARIAN_PEPPER_ROOT;10921;19;10917;21;;;10927;10;10930;26;;;10924.0;0.0
yf_ADM_d0;8600;ASH_COATED_OSMIUM;10023;10;10020;23;;;10029;19;10031;16;;;10026.0;0.0
yf_ADM_d0;8600;INTARIAN_PEPPER_ROOT;10920;12;10918;15;;;10930;23;10932;20;;;10925.0;0.0
yf_ADM_d0;8700;ASH_COATED_OSMIUM;10017;17;10013;18;;;10033;8;10037;33;;;10025.0;0.0
yf_ADM_d0;8700;INTARIAN_PEPPER_ROOT;10923;16;10919;24;;;10929;11;10932;11;;;10926.0;0.0
yf_ADM_d0;8800;ASH_COATED_OSMIUM;10022;18;10019;18;;;10028;9;10032;19;;;10025.0;0.0
yf_ADM_d0;8800;INTARIAN_PEPPER_ROOT;10921;13;10918;13;;;10933;11;10935;24;;;10927.0;0.0
yf_ADM_d0;8900;ASH_COATED_OSMIUM;10022;13;10018;17;;;10028;20;10031;19;;;10025.0;0.0
yf_ADM_d0;8900;INTARIAN_PEPPER_ROOT;10919;12;10917;13;;;10932;9;10934;18;;;10925.5;0.0
yf_ADM_d0;9000;ASH_COATED_OSMIUM;10022;15;10019;27;;;10028;16;10032;24;;;10025.0;0.0
yf_ADM_d0;9000;INTARIAN_PEPPER_ROOT;10923;23;10921;21;;;10929;17;10932;21;;;10926.0;0.0
yf_ADM_d0;9100;ASH_COATED_OSMIUM;10020;23;10016;28;;;10029;17;10032;18;;;10024.5;0.0
yf_ADM_d0;9100;INTARIAN_PEPPER_ROOT;10924;16;10921;17;;;10930;8;10934;25;;;10927.0;0.0
yf_ADM_d0;9200;ASH_COATED_OSMIUM;10018;15;10014;20;;;10032;14;10036;17;;;10025.0;0.0
yf_ADM_d0;9200;INTARIAN_PEPPER_ROOT;10924;19;10921;15;;;10930;5;10932;17;;;10927.0;0.0
yf_ADM_d0;9300;ASH_COATED_OSMIUM;10021;6;10017;12;;;10027;18;10030;18;;;10024.0;0.0
yf_ADM_d0;9300;INTARIAN_PEPPER_ROOT;10925;14;10921;10;;;10931;11;10934;26;;;10928.0;0.0
yf_ADM_d0;9400;ASH_COATED_OSMIUM;10021;20;10018;17;;;10027;16;10030;20;;;10024.0;0.0
yf_ADM_d0;9400;INTARIAN_PEPPER_ROOT;10925;14;10921;21;;;10931;15;10934;17;;;10928.0;0.0
yf_ADM_d0;9500;ASH_COATED_OSMIUM;10019;18;10017;17;;;10030;30;10034;20;;;10024.5;0.0
yf_ADM_d0;9500;INTARIAN_PEPPER_ROOT;10922;10;10918;16;;;10937;13;10939;17;;;10929.5;0.0
yf_ADM_d0;9600;ASH_COATED_OSMIUM;10021;18;10019;22;;;10027;17;10031;25;;;10024.0;0.0
yf_ADM_d0;9600;INTARIAN_PEPPER_ROOT;10918;5;10914;19;;;10940;20;10943;14;;;10929.0;0.0
yf_ADM_d0;9700;ASH_COATED_OSMIUM;10016;21;10012;16;;;10031;9;10034;20;;;10023.5;0.0
yf_ADM_d0;9700;INTARIAN_PEPPER_ROOT;10926;14;10922;18;;;10932;17;10936;17;;;10929.0;0.0
yf_ADM_d0;9800;ASH_COATED_OSMIUM;10021;19;10017;24;;;10027;13;10031;17;;;10024.0;0.0
yf_ADM_d0;9800;INTARIAN_PEPPER_ROOT;10927;10;10923;15;;;10933;13;10936;20;;;10930.0;0.0
yf_ADM_d0;9900;ASH_COATED_OSMIUM;10021;13;10018;20;;;10027;23;10029;12;;;10024.0;0.0
yf_ADM_d0;9900;INTARIAN_PEPPER_ROOT;10927;15;10924;14;;;10933;12;10935;21;;;10930.0;0.0
yf_ADM_d0;10000;ASH_COATED_OSMIUM;10001;14;9998;17;;;10045;5;10048;29;;;10023.0;0.0
yf_ADM_d0;10000;INTARIAN_PEPPER_ROOT;10923;18;10921;12;;;10939;12;10943;26;;;10931.0;0.0
yf_ADM_d0;10100;ASH_COATED_OSMIUM;10021;24;10019;22;;;10027;8;10030;23;;;10024.0;0.0
yf_ADM_d0;10100;INTARIAN_PEPPER_ROOT;10928;5;10924;25;;;10934;27;10937;25;;;10931.0;0.0
yf_ADM_d0;10200;ASH_COATED_OSMIUM;10020;18;10018;18;;;10026;22;10028;20;;;10023.0;0.0
yf_ADM_d0;10200;INTARIAN_PEPPER_ROOT;10925;21;10922;12;;;10938;17;10942;20;;;10931.5;0.0
yf_ADM_d0;10300;ASH_COATED_OSMIUM;10013;18;10009;17;;;10033;12;10035;18;;;10023.0;0.0
yf_ADM_d0;10300;INTARIAN_PEPPER_ROOT;10924;24;10920;20;;;10940;6;10942;21;;;10932.0;0.0
yf_ADM_d0;10400;ASH_COATED_OSMIUM;10018;21;10014;25;;;10027;17;10030;27;;;10022.5;0.0
yf_ADM_d0;10400;INTARIAN_PEPPER_ROOT;10929;16;10926;19;;;10935;14;10938;21;;;10932.0;0.0
yf_ADM_d0;10500;ASH_COATED_OSMIUM;10020;20;10017;26;;;10026;15;10028;21;;;10023.0;0.0
yf_ADM_d0;10500;INTARIAN_PEPPER_ROOT;10930;11;10928;31;;;10936;20;10940;13;;;10933.0;0.0
yf_ADM_d0;10600;ASH_COATED_OSMIUM;10019;12;10016;21;;;10025;14;10027;24;;;10022.0;0.0
yf_ADM_d0;10600;INTARIAN_PEPPER_ROOT;10930;15;10927;21;;;10936;21;10939;27;;;10933.0;0.0
yf_ADM_d0;10700;ASH_COATED_OSMIUM;10016;8;10014;31;;;10026;13;10029;27;;;10021.0;0.0
yf_ADM_d0;10700;INTARIAN_PEPPER_ROOT;10925;18;10922;17;;;10942;14;10946;24;;;10933.5;0.0
yf_ADM_d0;10800;ASH_COATED_OSMIUM;10019;17;10017;11;;;10025;27;10028;25;;;10022.0;0.0
yf_ADM_d0;10800;INTARIAN_PEPPER_ROOT;10931;20;10929;22;;;10937;15;10939;24;;;10934.0;0.0
yf_ADM_d0;10900;ASH_COATED_OSMIUM;10019;19;10017;24;;;10025;11;10027;8;;;10022.0;0.0
yf_ADM_d0;10900;INTARIAN_PEPPER_ROOT;10931;17;10928;25;;;10937;5;10941;17;;;10934.0;0.0
yf_ADM_d0;11000;ASH_COATED_OSMIUM;10017;25;10013;16;;;10025;12;10028;20;;;10021.0;0.0
yf_ADM_d0;11000;INTARIAN_PEPPER_ROOT;10932;5;10928;26;;;10938;14;10941;18;;;10935.0;0.0
yf_ADM_d0;11100;ASH_COATED_OSMIUM;10018;11;10014;28;;;10024;16;10026;11;;;10021.0;0.0
yf_ADM_d0;11100;INTARIAN_PEPPER_ROOT;10932;15;10928;20;;;10938;8;10940;22;;;10935.0;0.0
yf_ADM_d0;11200;ASH_COATED_OSMIUM;10017;13;10015;24;;;10025;6;10027;14;;;10021.0;0.0
yf_ADM_d0;11200;INTARIAN_PEPPER_ROOT;10933;9;10931;16;;;10939;5;10941;8;;;10936.0;0.0
yf_ADM_d0;11300;ASH_COATED_OSMIUM;10014;14;10010;21;;;10027;19;10029;16;;;10020.5;0.0
yf_ADM_d0;11300;INTARIAN_PEPPER_ROOT;10933;8;10929;12;;;10939;19;10942;18;;;10936.0;0.0
yf_ADM_d0;11400;ASH_COATED_OSMIUM;10018;26;10014;25;;;10024;15;10028;25;;;10021.0;0.0
yf_ADM_d0;11400;INTARIAN_PEPPER_ROOT;10933;19;10930;21;;;10939;10;10941;15;;;10936.0;0.0
yf_ADM_d0;11500;ASH_COATED_OSMIUM;10005;6;10003;12;;;10035;12;10037;15;;;10020.0;0.0
yf_ADM_d0;11500;INTARIAN_PEPPER_ROOT;10934;16;10930;21;;;10940;24;10943;9;;;10937.0;0.0
yf_ADM_d0;11600;ASH_COATED_OSMIUM;10018;8;10015;23;;;10024;5;10028;8;;;10021.0;0.0
yf_ADM_d0;11600;INTARIAN_PEPPER_ROOT;10933;28;10931;30;;;10942;15;10944;21;;;10937.5;0.0
yf_ADM_d0;11700;ASH_COATED_OSMIUM;10017;15;10013;19;;;10023;14;10026;14;;;10020.0;0.0
yf_ADM_d0;11700;INTARIAN_PEPPER_ROOT;10935;14;10931;25;;;10941;21;10945;15;;;10938.0;0.0
yf_ADM_d0;11800;ASH_COATED_OSMIUM;10001;24;9999;18;;;10040;17;10042;21;;;10020.5;0.0
yf_ADM_d0;11800;INTARIAN_PEPPER_ROOT;10918;9;10916;18;;;10959;21;10961;27;;;10938.5;0.0
yf_ADM_d0;11900;ASH_COATED_OSMIUM;10017;25;10013;20;;;10023;11;10027;21;;;10020.0;0.0
yf_ADM_d0;11900;INTARIAN_PEPPER_ROOT;10936;15;10934;20;;;10942;15;10945;25;;;10939.0;0.0
yf_ADM_d0;12000;ASH_COATED_OSMIUM;10017;17;10015;18;;;10023;15;10025;17;;;10020.0;0.0
yf_ADM_d0;12000;INTARIAN_PEPPER_ROOT;10936;15;10932;29;;;10942;12;10946;18;;;10939.0;0.0
yf_ADM_d0;12100;ASH_COATED_OSMIUM;10017;20;10014;19;;;10023;17;10025;26;;;10020.0;0.0
yf_ADM_d0;12100;INTARIAN_PEPPER_ROOT;10936;14;10934;22;;;10942;17;10945;22;;;10939.0;0.0
yf_ADM_d0;12200;ASH_COATED_OSMIUM;10016;20;10012;23;;;10023;22;10026;22;;;10019.5;0.0
yf_ADM_d0;12200;INTARIAN_PEPPER_ROOT;10934;12;10930;19;;;10946;16;10948;20;;;10940.0;0.0
yf_ADM_d0;12300;ASH_COATED_OSMIUM;10016;22;10012;22;;;10022;20;10026;20;;;10019.0;0.0
yf_ADM_d0;12300;INTARIAN_PEPPER_ROOT;10937;16;10933;12;;;10943;6;10946;20;;;10940.0;0.0
yf_ADM_d0;12400;ASH_COATED_OSMIUM;10017;14;10013;23;;;10023;8;10025;20;;;10020.0;0.0
yf_ADM_d0;12400;INTARIAN_PEPPER_ROOT;10934;17;10930;13;;;10946;13;10950;17;;;10940.0;0.0
yf_ADM_d0;12500;ASH_COATED_OSMIUM;10016;18;10013;20;;;10022;11;10024;21;;;10019.0;0.0
yf_ADM_d0;12500;INTARIAN_PEPPER_ROOT;10938;12;10935;21;;;10944;8;10946;22;;;10941.0;0.0
yf_ADM_d0;12600;ASH_COATED_OSMIUM;10013;11;10011;16;;;10026;8;10030;14;;;10019.5;0.0
yf_ADM_d0;12600;INTARIAN_PEPPER_ROOT;10939;12;10936;11;;;10945;7;10947;16;;;10942.0;0.0
yf_ADM_d0;12700;ASH_COATED_OSMIUM;10015;17;10013;22;;;10021;28;10025;22;;;10018.0;0.0
yf_ADM_d0;12700;INTARIAN_PEPPER_ROOT;10939;15;10935;15;;;10945;5;10947;23;;;10942.0;0.0
yf_ADM_d0;12800;ASH_COATED_OSMIUM;10016;22;10014;23;;;10022;7;10025;29;;;10019.0;0.0
yf_ADM_d0;12800;INTARIAN_PEPPER_ROOT;10939;5;10937;21;;;10945;14;10947;10;;;10942.0;0.0
yf_ADM_d0;12900;ASH_COATED_OSMIUM;10006;14;10002;18;;;10032;11;10036;19;;;10019.0;0.0
yf_ADM_d0;12900;INTARIAN_PEPPER_ROOT;10934;16;10931;9;;;10951;15;10953;15;;;10942.5;0.0
yf_ADM_d0;13000;ASH_COATED_OSMIUM;10015;17;10012;16;;;10022;21;10024;16;;;10018.5;0.0
yf_ADM_d0;13000;INTARIAN_PEPPER_ROOT;10941;14;10938;22;;;10947;5;10951;14;;;10944.0;0.0
yf_ADM_d0;13100;ASH_COATED_OSMIUM;10010;12;10008;15;;;10026;19;10030;21;;;10018.0;0.0
yf_ADM_d0;13100;INTARIAN_PEPPER_ROOT;10940;11;10938;25;;;10946;18;10949;21;;;10943.0;0.0
yf_ADM_d0;13200;ASH_COATED_OSMIUM;10013;16;10009;22;;;10023;8;10027;25;;;10018.0;0.0
yf_ADM_d0;13200;INTARIAN_PEPPER_ROOT;10941;14;10937;16;;;10947;17;10949;34;;;10944.0;0.0
yf_ADM_d0;13300;ASH_COATED_OSMIUM;10012;14;10008;11;;;10022;10;10026;26;;;10017.0;0.0
yf_ADM_d0;13300;INTARIAN_PEPPER_ROOT;10942;8;10939;15;;;10948;17;10951;14;;;10945.0;0.0
yf_ADM_d0;13400;ASH_COATED_OSMIUM;10015;13;10012;23;;;10021;12;10024;21;;;10018.0;0.0
yf_ADM_d0;13400;INTARIAN_PEPPER_ROOT;10942;17;10940;23;;;10948;16;10950;12;;;10945.0;0.0
yf_ADM_d0;13500;ASH_COATED_OSMIUM;10014;17;10011;14;;;10020;12;10023;18;;;10017.0;0.0
yf_ADM_d0;13500;INTARIAN_PEPPER_ROOT;10939;12;10936;21;;;10952;11;10954;16;;;10945.5;0.0
yf_ADM_d0;13600;ASH_COATED_OSMIUM;10015;15;10013;27;;;10021;6;10025;14;;;10018.0;0.0
yf_ADM_d0;13600;INTARIAN_PEPPER_ROOT;10943;13;10940;21;;;10949;17;10952;16;;;10946.0;0.0
yf_ADM_d0;13700;ASH_COATED_OSMIUM;10006;17;10004;20;;;10027;9;10029;22;;;10016.5;0.0
yf_ADM_d0;13700;INTARIAN_PEPPER_ROOT;10943;6;10940;18;;;10949;8;10953;21;;;10946.0;0.0
yf_ADM_d0;13800;ASH_COATED_OSMIUM;10014;19;10011;22;;;10020;20;10023;35;;;10017.0;0.0
yf_ADM_d0;13800;INTARIAN_PEPPER_ROOT;10943;6;10939;15;;;10949;10;10952;19;;;10946.0;0.0
yf_ADM_d0;13900;ASH_COATED_OSMIUM;10005;13;10001;18;;;10030;8;10032;19;;;10017.5;0.0
yf_ADM_d0;13900;INTARIAN_PEPPER_ROOT;10942;5;10939;12;;;10952;21;10955;11;;;10947.0;0.0
yf_ADM_d0;14000;ASH_COATED_OSMIUM;10014;7;10011;24;;;10020;16;10024;18;;;10017.0;0.0
yf_ADM_d0;14000;INTARIAN_PEPPER_ROOT;10944;16;10942;11;;;10950;7;10953;13;;;10947.0;0.0
yf_ADM_d0;14100;ASH_COATED_OSMIUM;10012;21;10009;14;;;10021;5;10024;20;;;10016.5;0.0
yf_ADM_d0;14100;INTARIAN_PEPPER_ROOT;10944;10;10942;21;;;10952;24;10954;16;;;10948.0;0.0
yf_ADM_d0;14200;ASH_COATED_OSMIUM;10014;16;10010;21;;;10020;21;10022;14;;;10017.0;0.0
yf_ADM_d0;14200;INTARIAN_PEPPER_ROOT;10944;11;10941;18;;;10952;11;10955;22;;;10948.0;0.0
yf_ADM_d0;14300;ASH_COATED_OSMIUM;10013;11;10010;21;;;10019;14;10022;29;;;10016.0;0.0
yf_ADM_d0;14300;INTARIAN_PEPPER_ROOT;10936;21;10932;19;;;10960;17;10964;24;;;10948.0;0.0
yf_ADM_d0;14400;ASH_COATED_OSMIUM;10013;6;10010;25;;;10019;14;10022;8;;;10016.0;0.0
yf_ADM_d0;14400;INTARIAN_PEPPER_ROOT;10946;10;10944;26;;;10952;10;10955;29;;;10949.0;0.0
yf_ADM_d0;14500;ASH_COATED_OSMIUM;10007;11;10005;29;;;10024;9;10028;19;;;10015.5;0.0
yf_ADM_d0;14500;INTARIAN_PEPPER_ROOT;10930;19;10928;21;;;10969;17;10972;21;;;10949.5;0.0
yf_ADM_d0;14600;ASH_COATED_OSMIUM;10013;10;10009;27;;;10019;16;10023;27;;;10016.0;0.0
yf_ADM_d0;14600;INTARIAN_PEPPER_ROOT;10933;18;10930;19;;;10965;11;10968;20;;;10949.0;0.0
yf_ADM_d0;14700;ASH_COATED_OSMIUM;10013;24;10009;17;;;10019;17;10021;12;;;10016.0;0.0
yf_ADM_d0;14700;INTARIAN_PEPPER_ROOT;10947;15;10944;24;;;10953;11;10955;18;;;10950.0;0.0
yf_ADM_d0;14800;ASH_COATED_OSMIUM;10013;17;10009;15;;;10019;10;10021;13;;;10016.0;0.0
yf_ADM_d0;14800;INTARIAN_PEPPER_ROOT;10936;11;10934;25;;;10964;10;10968;23;;;10950.0;0.0
yf_ADM_d0;14900;ASH_COATED_OSMIUM;10012;11;10008;20;;;10019;18;10021;23;;;10015.5;0.0
yf_ADM_d0;14900;INTARIAN_PEPPER_ROOT;10948;18;10946;19;;;10955;16;10957;16;;;10951.5;0.0
yf_ADM_d0;15000;ASH_COATED_OSMIUM;10013;16;10011;20;;;10019;17;10023;11;;;10016.0;0.0
yf_ADM_d0;15000;INTARIAN_PEPPER_ROOT;10944;13;10942;17;;;10959;16;10961;22;;;10951.5;0.0
yf_ADM_d0;15100;ASH_COATED_OSMIUM;10012;15;10010;18;;;10019;15;10022;25;;;10015.5;0.0
yf_ADM_d0;15100;INTARIAN_PEPPER_ROOT;10949;9;10946;22;;;10955;12;10958;21;;;10952.0;0.0
yf_ADM_d0;15200;ASH_COATED_OSMIUM;10012;15;10009;18;;;10018;10;10021;12;;;10015.0;0.0
yf_ADM_d0;15200;INTARIAN_PEPPER_ROOT;10949;17;10947;21;;;10955;19;10958;22;;;10952.0;0.0
yf_ADM_d0;15300;ASH_COATED_OSMIUM;10012;22;10008;22;;;10018;14;10020;18;;;10015.0;0.0
yf_ADM_d0;15300;INTARIAN_PEPPER_ROOT;10949;13;10947;20;;;10957;18;10961;18;;;10953.0;0.0
yf_ADM_d0;15400;ASH_COATED_OSMIUM;10012;17;10009;9;;;10018;8;10022;16;;;10015.0;0.0
yf_ADM_d0;15400;INTARIAN_PEPPER_ROOT;10942;18;10939;13;;;10965;17;10967;16;;;10953.5;0.0
yf_ADM_d0;15500;ASH_COATED_OSMIUM;10011;11;10007;14;;;10018;5;10020;26;;;10014.5;0.0
yf_ADM_d0;15500;INTARIAN_PEPPER_ROOT;10947;13;10944;30;;;10961;28;10963;23;;;10954.0;0.0
yf_ADM_d0;15600;ASH_COATED_OSMIUM;10012;12;10008;20;;;10018;20;10021;16;;;10015.0;0.0
yf_ADM_d0;15600;INTARIAN_PEPPER_ROOT;10949;19;10947;21;;;10958;11;10961;24;;;10953.5;0.0
yf_ADM_d0;15700;ASH_COATED_OSMIUM;10011;20;10008;21;;;10017;16;10021;29;;;10014.0;0.0
yf_ADM_d0;15700;INTARIAN_PEPPER_ROOT;10948;19;10946;17;;;10961;14;10965;24;;;10954.5;0.0
yf_ADM_d0;15800;ASH_COATED_OSMIUM;10012;20;10008;21;;;10018;5;10022;18;;;10015.0;0.0
yf_ADM_d0;15800;INTARIAN_PEPPER_ROOT;10952;13;10950;25;;;10958;10;10960;22;;;10955.0;0.0
yf_ADM_d0;15900;ASH_COATED_OSMIUM;10011;20;10009;18;;;10017;16;10021;17;;;10014.0;0.0
yf_ADM_d0;15900;INTARIAN_PEPPER_ROOT;10952;12;10948;26;;;10958;25;10961;19;;;10955.0;0.0
yf_ADM_d0;16000;ASH_COATED_OSMIUM;10011;17;10009;23;;;10017;5;10021;25;;;10014.0;0.0
yf_ADM_d0;16000;INTARIAN_PEPPER_ROOT;10952;11;10948;8;;;10958;20;10960;9;;;10955.0;0.0
yf_ADM_d0;16100;ASH_COATED_OSMIUM;9993;15;9989;24;;;10033;16;10037;12;;;10013.0;0.0
yf_ADM_d0;16100;INTARIAN_PEPPER_ROOT;10953;20;10951;17;;;10959;15;10961;23;;;10956.0;0.0
yf_ADM_d0;16200;ASH_COATED_OSMIUM;10008;19;10004;23;;;10018;8;10021;18;;;10013.0;0.0
yf_ADM_d0;16200;INTARIAN_PEPPER_ROOT;10947;21;10943;23;;;10965;14;10967;13;;;10956.0;0.0
yf_ADM_d0;16300;ASH_COATED_OSMIUM;10002;21;10000;24;;;10023;15;10027;21;;;10012.5;0.0
yf_ADM_d0;16300;INTARIAN_PEPPER_ROOT;10954;15;10952;16;;;10960;17;10964;22;;;10957.0;0.0
yf_ADM_d0;16400;ASH_COATED_OSMIUM;10010;12;10007;20;;;10016;18;10018;26;;;10013.0;0.0
yf_ADM_d0;16400;INTARIAN_PEPPER_ROOT;10954;23;10950;20;;;10960;12;10964;18;;;10957.0;0.0
yf_ADM_d0;16500;ASH_COATED_OSMIUM;10010;17;10008;21;;;10016;12;10019;11;;;10013.0;0.0
yf_ADM_d0;16500;INTARIAN_PEPPER_ROOT;10954;13;10950;23;;;10961;8;10964;17;;;10957.5;0.0
yf_ADM_d0;16600;ASH_COATED_OSMIUM;10009;18;10005;22;;;10015;16;10018;25;;;10012.0;0.0
yf_ADM_d0;16600;INTARIAN_PEPPER_ROOT;10954;20;10950;20;;;10962;13;10965;17;;;10958.0;0.0
yf_ADM_d0;16700;ASH_COATED_OSMIUM;10009;11;10007;14;;;10015;14;10017;10;;;10012.0;0.0
yf_ADM_d0;16700;INTARIAN_PEPPER_ROOT;10940;11;10938;17;;;10976;11;10980;16;;;10958.0;0.0
yf_ADM_d0;16800;ASH_COATED_OSMIUM;10009;15;10007;14;;;10015;9;10019;20;;;10012.0;0.0
yf_ADM_d0;16800;INTARIAN_PEPPER_ROOT;10956;9;10954;20;;;10962;6;10966;20;;;10959.0;0.0
yf_ADM_d0;16900;ASH_COATED_OSMIUM;10009;23;10006;25;;;10015;14;10019;20;;;10012.0;0.0
yf_ADM_d0;16900;INTARIAN_PEPPER_ROOT;10956;17;10953;28;;;10962;6;10964;23;;;10959.0;0.0
yf_ADM_d0;17000;ASH_COATED_OSMIUM;10010;9;10007;30;;;10016;16;10020;13;;;10013.0;0.0
yf_ADM_d0;17000;INTARIAN_PEPPER_ROOT;10957;16;10955;18;;;10965;17;10969;23;;;10961.0;0.0
yf_ADM_d0;17100;ASH_COATED_OSMIUM;10009;9;10007;25;;;10015;11;10018;12;;;10012.0;0.0
yf_ADM_d0;17100;INTARIAN_PEPPER_ROOT;10962;15;10960;21;;;10968;17;10972;13;;;10965.0;0.0
yf_ADM_d0;17200;ASH_COATED_OSMIUM;10009;8;10007;19;;;10015;12;10019;20;;;10012.0;0.0
yf_ADM_d0;17200;INTARIAN_PEPPER_ROOT;10966;12;10962;11;;;10972;18;10975;8;;;10969.0;0.0
yf_ADM_d0;17300;ASH_COATED_OSMIUM;10010;16;10007;25;;;10016;10;10019;18;;;10013.0;0.0
yf_ADM_d0;17300;INTARIAN_PEPPER_ROOT;10963;17;10960;25;;;10981;9;10983;23;;;10972.0;0.0
yf_ADM_d0;17400;ASH_COATED_OSMIUM;10007;16;10005;16;;;10019;10;10023;14;;;10013.0;0.0
yf_ADM_d0;17400;INTARIAN_PEPPER_ROOT;10968;17;10964;14;;;10984;12;10987;23;;;10976.0;0.0
yf_ADM_d0;17500;ASH_COATED_OSMIUM;10009;21;10005;20;;;10015;8;10017;16;;;10012.0;0.0
yf_ADM_d0;17500;INTARIAN_PEPPER_ROOT;10973;12;10969;27;;;10985;13;10987;19;;;10979.0;0.0
yf_ADM_d0;17600;ASH_COATED_OSMIUM;10010;22;10007;18;;;10016;11;10018;9;;;10013.0;0.0
yf_ADM_d0;17600;INTARIAN_PEPPER_ROOT;10980;17;10976;15;;;10986;17;10989;12;;;10983.0;0.0
yf_ADM_d0;17700;ASH_COATED_OSMIUM;9992;6;9988;30;;;10035;22;10038;13;;;10013.5;0.0
yf_ADM_d0;17700;INTARIAN_PEPPER_ROOT;10981;13;10979;19;;;10991;12;10995;26;;;10986.0;0.0
yf_ADM_d0;17800;ASH_COATED_OSMIUM;10010;13;10007;22;;;10016;5;10019;16;;;10013.0;0.0
yf_ADM_d0;17800;INTARIAN_PEPPER_ROOT;10987;9;10983;15;;;10993;16;10996;20;;;10990.0;0.0
yf_ADM_d0;17900;ASH_COATED_OSMIUM;10009;14;10007;23;;;10016;8;10020;20;;;10012.5;0.0
yf_ADM_d0;17900;INTARIAN_PEPPER_ROOT;10990;16;10987;9;;;10996;16;11000;27;;;10993.0;0.0
yf_ADM_d0;18000;ASH_COATED_OSMIUM;10009;14;10007;21;;;10017;17;10019;14;;;10013.0;0.0
yf_ADM_d0;18000;INTARIAN_PEPPER_ROOT;10991;16;10988;23;;;11004;13;11007;19;;;10997.5;0.0
yf_ADM_d0;18100;ASH_COATED_OSMIUM;10010;12;10006;15;;;10016;16;10020;22;;;10013.0;0.0
yf_ADM_d0;18100;INTARIAN_PEPPER_ROOT;10998;13;10995;15;;;11004;17;11007;15;;;11001.0;0.0
yf_ADM_d0;18200;ASH_COATED_OSMIUM;10008;18;10006;22;;;10017;5;10021;23;;;10012.5;0.0
yf_ADM_d0;18200;INTARIAN_PEPPER_ROOT;11002;13;10999;23;;;11008;22;11012;25;;;11005.0;0.0
yf_ADM_d0;18300;ASH_COATED_OSMIUM;10010;16;10007;16;;;10016;16;10020;23;;;10013.0;0.0
yf_ADM_d0;18300;INTARIAN_PEPPER_ROOT;11005;14;11003;15;;;11011;19;11014;18;;;11008.0;0.0
yf_ADM_d0;18400;ASH_COATED_OSMIUM;10011;8;10009;24;;;10017;17;10019;21;;;10014.0;0.0
yf_ADM_d0;18400;INTARIAN_PEPPER_ROOT;11007;18;11004;21;;;11016;24;11019;23;;;11011.5;0.0
yf_ADM_d0;18500;ASH_COATED_OSMIUM;10007;15;10004;14;;;10019;17;10022;15;;;10013.0;0.0
yf_ADM_d0;18500;INTARIAN_PEPPER_ROOT;11012;12;11008;20;;;11018;21;11022;25;;;11015.0;0.0
yf_ADM_d0;18600;ASH_COATED_OSMIUM;9999;10;9995;27;;;10028;10;10030;21;;;10013.5;0.0
yf_ADM_d0;18600;INTARIAN_PEPPER_ROOT;11016;12;11013;16;;;11022;12;11026;29;;;11019.0;0.0
yf_ADM_d0;18700;ASH_COATED_OSMIUM;10011;11;10007;23;;;10017;17;10021;13;;;10014.0;0.0
yf_ADM_d0;18700;INTARIAN_PEPPER_ROOT;11019;19;11016;19;;;11025;11;11029;22;;;11022.0;0.0
yf_ADM_d0;18800;ASH_COATED_OSMIUM;10010;17;10006;22;;;10020;16;10022;21;;;10015.0;0.0
yf_ADM_d0;18800;INTARIAN_PEPPER_ROOT;11022;15;11018;27;;;11030;21;11034;10;;;11026.0;0.0
yf_ADM_d0;18900;ASH_COATED_OSMIUM;10011;14;10008;15;;;10017;16;10019;16;;;10014.0;0.0
yf_ADM_d0;18900;INTARIAN_PEPPER_ROOT;11025;19;11022;17;;;11035;13;11038;12;;;11030.0;0.0
yf_ADM_d0;19000;ASH_COATED_OSMIUM;10011;14;10008;16;;;10017;17;10021;31;;;10014.0;0.0
yf_ADM_d0;19000;INTARIAN_PEPPER_ROOT;11030;17;11028;18;;;11036;15;11039;9;;;11033.0;0.0
yf_ADM_d0;19100;ASH_COATED_OSMIUM;10007;6;10004;14;;;10021;16;10023;16;;;10014.0;0.0
yf_ADM_d0;19100;INTARIAN_PEPPER_ROOT;11031;7;11028;18;;;11043;15;11047;27;;;11037.0;0.0
yf_ADM_d0;19200;ASH_COATED_OSMIUM;10011;14;10007;18;;;10017;11;10019;18;;;10014.0;0.0
yf_ADM_d0;19200;INTARIAN_PEPPER_ROOT;11038;15;11036;18;;;11044;17;11047;24;;;11041.0;0.0
yf_ADM_d0;19300;ASH_COATED_OSMIUM;10011;16;10007;9;;;10017;15;10021;8;;;10014.0;0.0
yf_ADM_d0;19300;INTARIAN_PEPPER_ROOT;11039;15;11036;19;;;11049;12;11053;23;;;11044.0;0.0
yf_ADM_d0;19400;ASH_COATED_OSMIUM;10011;19;10007;23;;;10017;9;10021;26;;;10014.0;0.0
yf_ADM_d0;19400;INTARIAN_PEPPER_ROOT;11044;18;11040;22;;;11052;14;11055;21;;;11048.0;0.0
yf_ADM_d0;19500;ASH_COATED_OSMIUM;10011;16;10008;17;;;10017;13;10021;23;;;10014.0;0.0
yf_ADM_d0;19500;INTARIAN_PEPPER_ROOT;11044;15;11041;16;;;11058;13;11060;15;;;11051.0;0.0
yf_ADM_d0;19600;ASH_COATED_OSMIUM;10009;16;10007;22;;;10020;7;10024;17;;;10014.5;0.0
yf_ADM_d0;19600;INTARIAN_PEPPER_ROOT;11051;15;11047;23;;;11059;12;11061;21;;;11055.0;0.0
yf_ADM_d0;19700;ASH_COATED_OSMIUM;10012;15;10010;24;;;10018;5;10020;22;;;10015.0;0.0
yf_ADM_d0;19700;INTARIAN_PEPPER_ROOT;11056;10;11053;22;;;11062;15;11065;18;;;11059.0;0.0
yf_ADM_d0;19800;ASH_COATED_OSMIUM;10011;13;10009;19;;;10017;22;10019;17;;;10014.0;0.0
yf_ADM_d0;19800;INTARIAN_PEPPER_ROOT;11057;19;11054;25;;;11069;24;11073;24;;;11063.0;0.0
yf_ADM_d0;19900;ASH_COATED_OSMIUM;10009;12;10006;14;;;10020;14;10024;20;;;10014.5;0.0
yf_ADM_d0;19900;INTARIAN_PEPPER_ROOT;11063;5;11061;19;;;11069;16;11072;10;;;11066.0;0.0
yf_ADM_d0;20000;ASH_COATED_OSMIUM;10003;20;10001;15;;;10028;13;10031;16;;;10015.5;0.0
yf_ADM_d0;20000;INTARIAN_PEPPER_ROOT;11066;14;11064;22;;;11072;16;11076;18;;;11069.0;0.0
yf_ADM_d0;20100;ASH_COATED_OSMIUM;10012;7;10008;25;;;10018;7;10022;17;;;10015.0;0.0
yf_ADM_d0;20100;INTARIAN_PEPPER_ROOT;11064;14;11061;26;;;11082;21;11086;14;;;11073.0;0.0
yf_ADM_d0;20200;ASH_COATED_OSMIUM;10012;19;10008;15;;;10018;12;10020;13;;;10015.0;0.0
yf_ADM_d0;20200;INTARIAN_PEPPER_ROOT;11073;9;11071;25;;;11079;6;11083;24;;;11076.0;0.0
yf_ADM_d0;20300;ASH_COATED_OSMIUM;10012;13;10010;22;;;10018;7;10020;19;;;10015.0;0.0
yf_ADM_d0;20300;INTARIAN_PEPPER_ROOT;11077;15;11075;26;;;11083;16;11087;23;;;11080.0;0.0
yf_ADM_d0;20400;ASH_COATED_OSMIUM;10012;16;10009;19;;;10019;5;10022;16;;;10015.5;0.0
yf_ADM_d0;20400;INTARIAN_PEPPER_ROOT;11081;14;11078;26;;;11087;20;11090;19;;;11084.0;0.0
yf_ADM_d0;20500;ASH_COATED_OSMIUM;10013;10;10010;13;;;10019;24;10022;16;;;10016.0;0.0
yf_ADM_d0;20500;INTARIAN_PEPPER_ROOT;11084;17;11081;19;;;11090;9;11094;26;;;11087.0;0.0
yf_ADM_d0;20600;ASH_COATED_OSMIUM;10012;23;10009;20;;;10019;8;10023;12;;;10015.5;0.0
yf_ADM_d0;20600;INTARIAN_PEPPER_ROOT;11088;17;11086;12;;;11094;20;11097;14;;;11091.0;0.0
yf_ADM_d0;20700;ASH_COATED_OSMIUM;10005;19;10001;33;;;10027;19;10029;24;;;10016.0;0.0
yf_ADM_d0;20700;INTARIAN_PEPPER_ROOT;11091;23;11089;18;;;11098;16;11102;17;;;11094.5;0.0
yf_ADM_d0;20800;ASH_COATED_OSMIUM;10013;14;10009;23;;;10019;9;10022;27;;;10016.0;0.0
yf_ADM_d0;20800;INTARIAN_PEPPER_ROOT;11094;13;11091;17;;;11103;9;11105;23;;;11098.5;0.0
yf_ADM_d0;20900;ASH_COATED_OSMIUM;10011;13;10009;18;;;10020;7;10023;18;;;10015.5;0.0
yf_ADM_d0;20900;INTARIAN_PEPPER_ROOT;11099;15;11097;18;;;11105;18;11109;22;;;11102.0;0.0
yf_ADM_d0;21000;ASH_COATED_OSMIUM;10001;18;9999;21;;;10030;9;10034;25;;;10015.5;0.0
yf_ADM_d0;21000;INTARIAN_PEPPER_ROOT;11099;22;11097;11;;;11111;11;11115;28;;;11105.0;0.0
yf_ADM_d0;21100;ASH_COATED_OSMIUM;10013;18;10009;20;;;10020;19;10022;26;;;10016.5;0.0
yf_ADM_d0;21100;INTARIAN_PEPPER_ROOT;11105;20;11103;19;;;11113;9;11116;17;;;11109.0;0.0
yf_ADM_d0;21200;ASH_COATED_OSMIUM;10009;14;10005;23;;;10023;11;10026;24;;;10016.0;0.0
yf_ADM_d0;21200;INTARIAN_PEPPER_ROOT;11109;14;11105;20;;;11115;17;11119;19;;;11112.0;0.0
yf_ADM_d0;21300;ASH_COATED_OSMIUM;10009;15;10007;27;;;10023;7;10026;22;;;10016.0;0.0
yf_ADM_d0;21300;INTARIAN_PEPPER_ROOT;11113;20;11111;19;;;11119;17;11123;24;;;11116.0;0.0
yf_ADM_d0;21400;ASH_COATED_OSMIUM;10011;10;10008;17;;;10020;7;10022;19;;;10015.5;0.0
yf_ADM_d0;21400;INTARIAN_PEPPER_ROOT;11113;8;11109;9;;;11126;10;11130;15;;;11119.5;0.0
yf_ADM_d0;21500;ASH_COATED_OSMIUM;10013;9;10011;19;;;10019;7;10021;30;;;10016.0;0.0
yf_ADM_d0;21500;INTARIAN_PEPPER_ROOT;11120;16;11117;14;;;11126;20;11128;15;;;11123.0;0.0
yf_ADM_d0;21600;ASH_COATED_OSMIUM;10007;12;10005;26;;;10025;19;10027;12;;;10016.0;0.0
yf_ADM_d0;21600;INTARIAN_PEPPER_ROOT;11122;12;11119;23;;;11132;19;11136;8;;;11127.0;0.0
yf_ADM_d0;21700;ASH_COATED_OSMIUM;10013;10;10010;16;;;10019;14;10021;21;;;10016.0;0.0
yf_ADM_d0;21700;INTARIAN_PEPPER_ROOT;11124;19;11120;23;;;11137;9;11139;21;;;11130.5;0.0
yf_ADM_d0;21800;ASH_COATED_OSMIUM;10011;5;10009;30;;;10024;16;10028;16;;;10017.5;0.0
yf_ADM_d0;21800;INTARIAN_PEPPER_ROOT;11128;17;11124;19;;;11140;15;11144;11;;;11134.0;0.0
yf_ADM_d0;21900;ASH_COATED_OSMIUM;10008;11;10005;19;;;10025;16;10028;19;;;10016.5;0.0
yf_ADM_d0;21900;INTARIAN_PEPPER_ROOT;11135;11;11131;18;;;11141;12;11145;15;;;11138.0;0.0
yf_ADM_d0;22000;ASH_COATED_OSMIUM;10014;5;10012;22;;;10020;30;10023;28;;;10017.0;0.0
yf_ADM_d0;22000;INTARIAN_PEPPER_ROOT;11139;12;11137;14;;;11145;20;11148;12;;;11142.0;0.0
yf_ADM_d0;22100;ASH_COATED_OSMIUM;10013;10;10009;27;;;10019;11;10021;19;;;10016.0;0.0
yf_ADM_d0;22100;INTARIAN_PEPPER_ROOT;11142;14;11140;21;;;11148;14;11152;18;;;11145.0;0.0
yf_ADM_d0;22200;ASH_COATED_OSMIUM;10014;14;10011;26;;;10020;12;10022;22;;;10017.0;0.0
yf_ADM_d0;22200;INTARIAN_PEPPER_ROOT;11145;11;11143;22;;;11151;16;11153;21;;;11148.0;0.0
yf_ADM_d0;22300;ASH_COATED_OSMIUM;10014;27;10010;19;;;10020;11;10022;25;;;10017.0;0.0
yf_ADM_d0;22300;INTARIAN_PEPPER_ROOT;11146;15;11143;22;;;11157;5;11160;17;;;11151.5;0.0
yf_ADM_d0;22400;ASH_COATED_OSMIUM;10014;5;10012;20;;;10020;13;10023;22;;;10017.0;0.0
yf_ADM_d0;22400;INTARIAN_PEPPER_ROOT;11151;15;11149;23;;;11160;11;11164;21;;;11155.5;0.0
yf_ADM_d0;22500;ASH_COATED_OSMIUM;10011;6;10007;19;;;10023;9;10025;22;;;10017.0;0.0
yf_ADM_d0;22500;INTARIAN_PEPPER_ROOT;11156;13;11152;11;;;11162;15;11166;20;;;11159.0;0.0
yf_ADM_d0;22600;ASH_COATED_OSMIUM;10014;8;10010;20;;;10020;10;10024;10;;;10017.0;0.0
yf_ADM_d0;22600;INTARIAN_PEPPER_ROOT;11157;16;11154;19;;;11169;22;11173;15;;;11163.0;0.0
yf_ADM_d0;22700;ASH_COATED_OSMIUM;10012;15;10009;19;;;10023;19;10025;18;;;10017.5;0.0
yf_ADM_d0;22700;INTARIAN_PEPPER_ROOT;11163;15;11160;19;;;11169;16;11173;29;;;11166.0;0.0
yf_ADM_d0;22800;ASH_COATED_OSMIUM;10015;8;10012;20;;;10021;11;10023;8;;;10018.0;0.0
yf_ADM_d0;22800;INTARIAN_PEPPER_ROOT;11159;17;11156;19;;;11181;18;11184;16;;;11170.0;0.0
yf_ADM_d0;22900;ASH_COATED_OSMIUM;10014;24;10011;21;;;10020;19;10023;15;;;10017.0;0.0
yf_ADM_d0;22900;INTARIAN_PEPPER_ROOT;11156;20;11152;16;;;11190;10;11193;17;;;11173.0;0.0
yf_ADM_d0;23000;ASH_COATED_OSMIUM;10007;8;10004;21;;;10028;19;10031;24;;;10017.5;0.0
yf_ADM_d0;23000;INTARIAN_PEPPER_ROOT;11172;11;11170;15;;;11183;20;11185;13;;;11177.5;0.0
yf_ADM_d0;23100;ASH_COATED_OSMIUM;10010;15;10006;8;;;10025;15;10029;28;;;10017.5;0.0
yf_ADM_d0;23100;INTARIAN_PEPPER_ROOT;11177;12;11173;11;;;11184;17;11187;13;;;11180.5;0.0
yf_ADM_d0;23200;ASH_COATED_OSMIUM;10015;18;10011;21;;;10021;19;10025;26;;;10018.0;0.0
yf_ADM_d0;23200;INTARIAN_PEPPER_ROOT;11172;9;11170;17;;;11196;12;11199;28;;;11184.0;0.0
yf_ADM_d0;23300;ASH_COATED_OSMIUM;10015;15;10011;8;;;10021;10;10024;19;;;10018.0;0.0
yf_ADM_d0;23300;INTARIAN_PEPPER_ROOT;11175;7;11173;18;;;11201;18;11204;9;;;11188.0;0.0
yf_ADM_d0;23400;ASH_COATED_OSMIUM;10015;19;10012;18;;;10021;22;10024;12;;;10018.0;0.0
yf_ADM_d0;23400;INTARIAN_PEPPER_ROOT;11184;20;11181;24;;;11199;19;11202;19;;;11191.5;0.0
yf_ADM_d0;23500;ASH_COATED_OSMIUM;10015;13;10012;22;;;10021;27;10024;18;;;10018.0;0.0
yf_ADM_d0;23500;INTARIAN_PEPPER_ROOT;11192;14;11189;17;;;11198;21;11200;22;;;11195.0;0.0
yf_ADM_d0;23600;ASH_COATED_OSMIUM;10015;19;10011;24;;;10021;18;10023;17;;;10018.0;0.0
yf_ADM_d0;23600;INTARIAN_PEPPER_ROOT;11196;16;11192;23;;;11202;16;11206;16;;;11199.0;0.0
yf_ADM_d0;23700;ASH_COATED_OSMIUM;10014;13;10011;19;;;10023;13;10025;19;;;10018.5;0.0
yf_ADM_d0;23700;INTARIAN_PEPPER_ROOT;11190;11;11186;23;;;11213;10;11215;18;;;11201.5;0.0
yf_ADM_d0;23800;ASH_COATED_OSMIUM;10008;10;10005;18;;;10029;15;10033;19;;;10018.5;0.0
yf_ADM_d0;23800;INTARIAN_PEPPER_ROOT;11202;21;11199;35;;;11210;15;11212;14;;;11206.0;0.0
yf_ADM_d0;23900;ASH_COATED_OSMIUM;10008;16;10006;33;;;10027;19;10031;27;;;10017.5;0.0
yf_ADM_d0;23900;INTARIAN_PEPPER_ROOT;11206;13;11202;22;;;11214;14;11217;21;;;11210.0;0.0
yf_ADM_d0;24000;ASH_COATED_OSMIUM;10004;7;10002;12;;;10033;11;10035;19;;;10018.5;0.0
yf_ADM_d0;24000;INTARIAN_PEPPER_ROOT;11210;9;11206;15;;;11216;14;11219;12;;;11213.0;0.0
yf_ADM_d0;24100;ASH_COATED_OSMIUM;10016;15;10013;22;;;10022;15;10026;18;;;10019.0;0.0
yf_ADM_d0;24100;INTARIAN_PEPPER_ROOT;11208;8;11204;30;;;11225;14;11227;21;;;11216.5;0.0
yf_ADM_d0;24200;ASH_COATED_OSMIUM;10016;11;10014;19;;;10022;8;10025;27;;;10019.0;0.0
yf_ADM_d0;24200;INTARIAN_PEPPER_ROOT;11217;17;11215;20;;;11223;19;11226;21;;;11220.0;0.0
yf_ADM_d0;24300;ASH_COATED_OSMIUM;10015;17;10013;27;;;10022;11;10026;22;;;10018.5;0.0
yf_ADM_d0;24300;INTARIAN_PEPPER_ROOT;11221;22;11217;23;;;11227;25;11230;21;;;11224.0;0.0
yf_ADM_d0;24400;ASH_COATED_OSMIUM;10010;20;10007;21;;;10028;15;10032;26;;;10019.0;0.0
yf_ADM_d0;24400;INTARIAN_PEPPER_ROOT;11225;19;11222;19;;;11231;19;11233;24;;;11228.0;0.0
yf_ADM_d0;24500;ASH_COATED_OSMIUM;10005;15;10002;20;;;10034;20;10038;22;;;10019.5;0.0
yf_ADM_d0;24500;INTARIAN_PEPPER_ROOT;11228;18;11226;26;;;11234;13;11238;21;;;11231.0;0.0
yf_ADM_d0;24600;ASH_COATED_OSMIUM;10014;18;10012;18;;;10025;10;10029;19;;;10019.5;0.0
yf_ADM_d0;24600;INTARIAN_PEPPER_ROOT;11232;16;11228;24;;;11238;12;11241;18;;;11235.0;0.0
yf_ADM_d0;24700;ASH_COATED_OSMIUM;10016;10;10013;20;;;10022;9;10024;20;;;10019.0;0.0
yf_ADM_d0;24700;INTARIAN_PEPPER_ROOT;11236;5;11234;22;;;11242;17;11244;24;;;11239.0;0.0
yf_ADM_d0;24800;ASH_COATED_OSMIUM;10007;16;10005;21;;;10032;13;10036;22;;;10019.5;0.0
yf_ADM_d0;24800;INTARIAN_PEPPER_ROOT;11239;10;11237;17;;;11245;12;11247;23;;;11242.0;0.0
yf_ADM_d0;24900;ASH_COATED_OSMIUM;10016;20;10012;23;;;10023;12;10027;19;;;10019.5;0.0
yf_ADM_d0;24900;INTARIAN_PEPPER_ROOT;11237;10;11233;16;;;11254;17;11257;19;;;11245.5;0.0
yf_ADM_d0;25000;ASH_COATED_OSMIUM;10017;8;10014;20;;;10023;10;10026;14;;;10020.0;0.0
yf_ADM_d0;25000;INTARIAN_PEPPER_ROOT;11246;9;11242;22;;;11252;18;11254;14;;;11249.0;0.0
yf_ADM_d0;25100;ASH_COATED_OSMIUM;10012;17;10010;27;;;10027;18;10030;21;;;10019.5;0.0
yf_ADM_d0;25100;INTARIAN_PEPPER_ROOT;11250;6;11248;16;;;11256;19;11260;23;;;11253.0;0.0
yf_ADM_d0;25200;ASH_COATED_OSMIUM;10016;18;10012;13;;;10022;18;10026;16;;;10019.0;0.0
yf_ADM_d0;25200;INTARIAN_PEPPER_ROOT;11253;11;11250;20;;;11259;5;11263;16;;;11256.0;0.0
yf_ADM_d0;25300;ASH_COATED_OSMIUM;10015;8;10011;21;;;10025;21;10029;9;;;10020.0;0.0
yf_ADM_d0;25300;INTARIAN_PEPPER_ROOT;11256;5;11253;14;;;11262;11;11265;18;;;11259.0;0.0
yf_ADM_d0;25400;ASH_COATED_OSMIUM;10017;10;10014;15;;;10023;16;10026;17;;;10020.0;0.0
yf_ADM_d0;25400;INTARIAN_PEPPER_ROOT;11260;13;11258;19;;;11266;5;11269;28;;;11263.0;0.0
yf_ADM_d0;25500;ASH_COATED_OSMIUM;10007;15;10004;24;;;10031;22;10033;22;;;10019.0;0.0
yf_ADM_d0;25500;INTARIAN_PEPPER_ROOT;11264;15;11261;25;;;11270;19;11272;25;;;11267.0;0.0
yf_ADM_d0;25600;ASH_COATED_OSMIUM;10017;12;10013;22;;;10023;21;10027;15;;;10020.0;0.0
yf_ADM_d0;25600;INTARIAN_PEPPER_ROOT;11267;11;11265;21;;;11273;13;11277;15;;;11270.0;0.0
yf_ADM_d0;25700;ASH_COATED_OSMIUM;10016;14;10012;16;;;10023;12;10027;17;;;10019.5;0.0
yf_ADM_d0;25700;INTARIAN_PEPPER_ROOT;11271;17;11269;24;;;11277;21;11279;12;;;11274.0;0.0
yf_ADM_d0;25800;ASH_COATED_OSMIUM;10017;11;10013;22;;;10023;7;10027;24;;;10020.0;0.0
yf_ADM_d0;25800;INTARIAN_PEPPER_ROOT;11267;9;11265;23;;;11289;12;11293;11;;;11278.0;0.0
yf_ADM_d0;25900;ASH_COATED_OSMIUM;10017;19;10015;13;;;10023;16;10026;17;;;10020.0;0.0
yf_ADM_d0;25900;INTARIAN_PEPPER_ROOT;11278;16;11275;18;;;11284;19;11287;19;;;11281.0;0.0
yf_ADM_d0;26000;ASH_COATED_OSMIUM;10016;14;10014;16;;;10023;15;10026;19;;;10019.5;0.0
yf_ADM_d0;26000;INTARIAN_PEPPER_ROOT;11282;23;11280;18;;;11288;24;11291;24;;;11285.0;0.0
yf_ADM_d0;26100;ASH_COATED_OSMIUM;10018;14;10015;16;;;10024;10;10027;18;;;10021.0;0.0
yf_ADM_d0;26100;INTARIAN_PEPPER_ROOT;11284;16;11282;23;;;11292;12;11294;17;;;11288.0;0.0
yf_ADM_d0;26200;ASH_COATED_OSMIUM;10015;18;10012;18;;;10026;12;10029;26;;;10020.5;0.0
yf_ADM_d0;26200;INTARIAN_PEPPER_ROOT;11285;17;11283;23;;;11299;7;11302;24;;;11292.0;0.0
yf_ADM_d0;26300;ASH_COATED_OSMIUM;10017;20;10013;19;;;10023;17;10027;29;;;10020.0;0.0
yf_ADM_d0;26300;INTARIAN_PEPPER_ROOT;11292;23;11288;19;;;11298;15;11300;9;;;11295.0;0.0
yf_ADM_d0;26400;ASH_COATED_OSMIUM;10017;10;10014;23;;;10023;20;10025;23;;;10020.0;0.0
yf_ADM_d0;26400;INTARIAN_PEPPER_ROOT;11296;15;11293;15;;;11302;13;11305;19;;;11299.0;0.0
yf_ADM_d0;26500;ASH_COATED_OSMIUM;10017;15;10015;24;;;10024;13;10027;21;;;10020.5;0.0
yf_ADM_d0;26500;INTARIAN_PEPPER_ROOT;11300;22;11297;26;;;11306;12;11309;16;;;11303.0;0.0
yf_ADM_d0;26600;ASH_COATED_OSMIUM;10017;12;10013;17;;;10023;15;10027;22;;;10020.0;0.0
yf_ADM_d0;26600;INTARIAN_PEPPER_ROOT;11301;13;11299;18;;;11313;21;11317;20;;;11307.0;0.0
yf_ADM_d0;26700;ASH_COATED_OSMIUM;10018;14;10015;11;;;10024;12;10027;31;;;10021.0;0.0
yf_ADM_d0;26700;INTARIAN_PEPPER_ROOT;11307;15;11304;16;;;11313;22;11315;19;;;11310.0;0.0
yf_ADM_d0;26800;ASH_COATED_OSMIUM;10015;15;10011;24;;;10027;10;10030;23;;;10021.0;0.0
yf_ADM_d0;26800;INTARIAN_PEPPER_ROOT;11306;18;11302;20;;;11321;16;11324;19;;;11313.5;0.0
yf_ADM_d0;26900;ASH_COATED_OSMIUM;10018;13;10016;22;;;10024;19;10028;25;;;10021.0;0.0
yf_ADM_d0;26900;INTARIAN_PEPPER_ROOT;11313;12;11311;27;;;11320;14;11323;18;;;11316.5;0.0
yf_ADM_d0;27000;ASH_COATED_OSMIUM;10018;15;10016;23;;;10024;6;10027;20;;;10021.0;0.0
yf_ADM_d0;27000;INTARIAN_PEPPER_ROOT;11315;5;11313;18;;;11327;17;11329;19;;;11321.0;0.0
yf_ADM_d0;27100;ASH_COATED_OSMIUM;10018;18;10016;12;;;10024;14;10026;19;;;10021.0;0.0
yf_ADM_d0;27100;INTARIAN_PEPPER_ROOT;11321;17;11317;17;;;11327;12;11331;24;;;11324.0;0.0
yf_ADM_d0;27200;ASH_COATED_OSMIUM;10018;17;10014;19;;;10024;22;10027;24;;;10021.0;0.0
yf_ADM_d0;27200;INTARIAN_PEPPER_ROOT;11322;18;11318;16;;;11334;20;11337;21;;;11328.0;0.0
yf_ADM_d0;27300;ASH_COATED_OSMIUM;10018;18;10014;24;;;10024;19;10027;20;;;10021.0;0.0
yf_ADM_d0;27300;INTARIAN_PEPPER_ROOT;11328;17;11326;24;;;11334;13;11338;16;;;11331.0;0.0
yf_ADM_d0;27400;ASH_COATED_OSMIUM;10015;14;10012;21;;;10028;17;10032;27;;;10021.5;0.0
yf_ADM_d0;27400;INTARIAN_PEPPER_ROOT;11332;26;11329;12;;;11338;17;11340;22;;;11335.0;0.0
yf_ADM_d0;27500;ASH_COATED_OSMIUM;10019;13;10016;20;;;10025;20;10027;16;;;10022.0;0.0
yf_ADM_d0;27500;INTARIAN_PEPPER_ROOT;11336;11;11334;16;;;11342;15;11346;18;;;11339.0;0.0
yf_ADM_d0;27600;ASH_COATED_OSMIUM;10017;12;10015;21;;;10025;15;10029;18;;;10021.0;0.0
yf_ADM_d0;27600;INTARIAN_PEPPER_ROOT;11339;19;11336;19;;;11345;15;11347;14;;;11342.0;0.0
yf_ADM_d0;27700;ASH_COATED_OSMIUM;10019;18;10017;19;;;10025;9;10027;19;;;10022.0;0.0
yf_ADM_d0;27700;INTARIAN_PEPPER_ROOT;11338;17;11334;14;;;11355;17;11358;18;;;11346.5;0.0
yf_ADM_d0;27800;ASH_COATED_OSMIUM;10019;23;10017;17;;;10025;9;10028;20;;;10022.0;0.0
yf_ADM_d0;27800;INTARIAN_PEPPER_ROOT;11346;12;11342;17;;;11352;14;11356;20;;;11349.0;0.0
yf_ADM_d0;27900;ASH_COATED_OSMIUM;10018;9;10015;25;;;10026;17;10029;28;;;10022.0;0.0
yf_ADM_d0;27900;INTARIAN_PEPPER_ROOT;11344;15;11340;25;;;11362;16;11366;16;;;11353.0;0.0
yf_ADM_d0;28000;ASH_COATED_OSMIUM;10019;17;10017;19;;;10025;11;10028;17;;;10022.0;0.0
yf_ADM_d0;28000;INTARIAN_PEPPER_ROOT;11354;8;11351;19;;;11360;8;11362;21;;;11357.0;0.0
yf_ADM_d0;28100;ASH_COATED_OSMIUM;10019;12;10016;16;;;10025;19;10028;12;;;10022.0;0.0
yf_ADM_d0;28100;INTARIAN_PEPPER_ROOT;11357;13;11355;22;;;11363;5;11365;14;;;11360.0;0.0
yf_ADM_d0;28200;ASH_COATED_OSMIUM;10019;13;10017;16;;;10025;13;10027;10;;;10022.0;0.0
yf_ADM_d0;28200;INTARIAN_PEPPER_ROOT;11351;14;11349;21;;;11377;13;11381;23;;;11364.0;0.0
yf_ADM_d0;28300;ASH_COATED_OSMIUM;10017;17;10014;18;;;10028;15;10032;23;;;10022.5;0.0
yf_ADM_d0;28300;INTARIAN_PEPPER_ROOT;11364;14;11360;9;;;11370;15;11374;19;;;11367.0;0.0
yf_ADM_d0;28400;ASH_COATED_OSMIUM;10019;21;10015;20;;;10025;11;10027;17;;;10022.0;0.0
yf_ADM_d0;28400;INTARIAN_PEPPER_ROOT;11368;13;11365;28;;;11374;14;11377;20;;;11371.0;0.0
yf_ADM_d0;28500;ASH_COATED_OSMIUM;10015;15;10011;10;;;10031;5;10033;17;;;10023.0;0.0
yf_ADM_d0;28500;INTARIAN_PEPPER_ROOT;11371;16;11367;14;;;11377;7;11381;9;;;11374.0;0.0
yf_ADM_d0;28600;ASH_COATED_OSMIUM;10014;12;10011;14;;;10030;23;10032;18;;;10022.0;0.0
yf_ADM_d0;28600;INTARIAN_PEPPER_ROOT;11371;5;11369;13;;;11384;18;11387;30;;;11377.5;0.0
yf_ADM_d0;28700;ASH_COATED_OSMIUM;10014;8;10012;17;;;10031;11;10034;23;;;10022.5;0.0
yf_ADM_d0;28700;INTARIAN_PEPPER_ROOT;11379;14;11375;15;;;11385;19;11389;25;;;11382.0;0.0
yf_ADM_d0;28800;ASH_COATED_OSMIUM;10019;13;10015;24;;;10025;18;10029;18;;;10022.0;0.0
yf_ADM_d0;28800;INTARIAN_PEPPER_ROOT;11382;11;11378;19;;;11388;13;11391;17;;;11385.0;0.0
yf_ADM_d0;28900;ASH_COATED_OSMIUM;10020;22;10018;17;;;10026;15;10029;16;;;10023.0;0.0
yf_ADM_d0;28900;INTARIAN_PEPPER_ROOT;11386;5;11382;10;;;11392;14;11395;12;;;11389.0;0.0
yf_ADM_d0;29000;ASH_COATED_OSMIUM;10020;11;10018;15;;;10026;11;10028;17;;;10023.0;0.0
yf_ADM_d0;29000;INTARIAN_PEPPER_ROOT;11390;20;11387;22;;;11396;17;11400;21;;;11393.0;0.0
yf_ADM_d0;29100;ASH_COATED_OSMIUM;10020;20;10017;20;;;10026;5;10029;25;;;10023.0;0.0
yf_ADM_d0;29100;INTARIAN_PEPPER_ROOT;11385;20;11383;21;;;11407;11;11411;25;;;11396.0;0.0
yf_ADM_d0;29200;ASH_COATED_OSMIUM;10020;20;10018;18;;;10026;11;10030;19;;;10023.0;0.0
yf_ADM_d0;29200;INTARIAN_PEPPER_ROOT;11396;21;11394;13;;;11402;5;11405;16;;;11399.0;0.0
yf_ADM_d0;29300;ASH_COATED_OSMIUM;10020;10;10016;17;;;10026;10;10029;20;;;10023.0;0.0
yf_ADM_d0;29300;INTARIAN_PEPPER_ROOT;11400;14;11398;29;;;11406;16;11410;14;;;11403.0;0.0
yf_ADM_d0;29400;ASH_COATED_OSMIUM;10020;11;10018;24;;;10026;12;10030;19;;;10023.0;0.0
yf_ADM_d0;29400;INTARIAN_PEPPER_ROOT;11404;19;11402;22;;;11410;12;11414;24;;;11407.0;0.0
yf_ADM_d0;29500;ASH_COATED_OSMIUM;10020;14;10018;15;;;10027;18;10031;17;;;10023.5;0.0
yf_ADM_d0;29500;INTARIAN_PEPPER_ROOT;11407;12;11404;17;;;11413;13;11417;21;;;11410.0;0.0
yf_ADM_d0;29600;ASH_COATED_OSMIUM;10020;15;10017;17;;;10026;18;10030;16;;;10023.0;0.0
yf_ADM_d0;29600;INTARIAN_PEPPER_ROOT;11412;23;11410;16;;;11418;19;11421;16;;;11415.0;0.0
yf_ADM_d0;29700;ASH_COATED_OSMIUM;10015;10;10012;13;;;10032;21;10035;24;;;10023.5;0.0
yf_ADM_d0;29700;INTARIAN_PEPPER_ROOT;11414;12;11411;15;;;11421;19;11424;21;;;11417.5;0.0
yf_ADM_d0;29800;ASH_COATED_OSMIUM;10011;14;10009;17;;;10036;16;10040;12;;;10023.5;0.0
yf_ADM_d0;29800;INTARIAN_PEPPER_ROOT;11417;9;11413;18;;;11425;13;11429;18;;;11421.0;0.0
yf_ADM_d0;29900;ASH_COATED_OSMIUM;10020;20;10017;20;;;10026;14;10028;13;;;10023.0;0.0
yf_ADM_d0;29900;INTARIAN_PEPPER_ROOT;11421;18;11417;12;;;11429;13;11433;15;;;11425.0;0.0
yf_ADM_d0;30000;ASH_COATED_OSMIUM;10020;14;10018;20;;;10026;18;10028;26;;;10023.0;0.0
yf_ADM_d0;30000;INTARIAN_PEPPER_ROOT;11420;9;11416;8;;;11438;13;11440;10;;;11429.0;0.0
yf_ADM_d0;30100;ASH_COATED_OSMIUM;10021;20;10019;22;;;10027;16;10031;18;;;10024.0;0.0
yf_ADM_d0;30100;INTARIAN_PEPPER_ROOT;11429;22;11427;16;;;11435;15;11437;22;;;11432.0;0.0
yf_ADM_d0;30200;ASH_COATED_OSMIUM;10019;10;10016;25;;;10028;16;10030;21;;;10023.5;0.0
yf_ADM_d0;30200;INTARIAN_PEPPER_ROOT;11431;13;11427;24;;;11440;17;11442;24;;;11435.5;0.0
yf_ADM_d0;30300;ASH_COATED_OSMIUM;10017;18;10014;13;;;10030;17;10033;22;;;10023.5;0.0
yf_ADM_d0;30300;INTARIAN_PEPPER_ROOT;11435;17;11432;15;;;11443;5;11445;8;;;11439.0;0.0
yf_ADM_d0;30400;ASH_COATED_OSMIUM;10021;12;10017;24;;;10027;8;10030;16;;;10024.0;0.0
yf_ADM_d0;30400;INTARIAN_PEPPER_ROOT;11440;11;11437;18;;;11446;9;11450;22;;;11443.0;0.0
yf_ADM_d0;30500;ASH_COATED_OSMIUM;10021;22;10017;26;;;10027;20;10029;17;;;10024.0;0.0
yf_ADM_d0;30500;INTARIAN_PEPPER_ROOT;11443;21;11439;9;;;11449;12;11451;14;;;11446.0;0.0
yf_ADM_d0;30600;ASH_COATED_OSMIUM;10021;12;10017;15;;;10027;15;10030;18;;;10024.0;0.0
yf_ADM_d0;30600;INTARIAN_PEPPER_ROOT;11447;7;11445;23;;;11453;13;11455;22;;;11450.0;0.0
yf_ADM_d0;30700;ASH_COATED_OSMIUM;10021;14;10017;22;;;10027;15;10030;21;;;10024.0;0.0
yf_ADM_d0;30700;INTARIAN_PEPPER_ROOT;11450;16;11448;17;;;11456;12;11458;20;;;11453.0;0.0
yf_ADM_d0;30800;ASH_COATED_OSMIUM;10020;20;10017;27;;;10028;11;10030;18;;;10024.0;0.0
yf_ADM_d0;30800;INTARIAN_PEPPER_ROOT;11446;18;11443;18;;;11469;20;11472;22;;;11457.5;0.0
yf_ADM_d0;30900;ASH_COATED_OSMIUM;10016;16;10012;10;;;10032;21;10036;22;;;10024.0;0.0
yf_ADM_d0;30900;INTARIAN_PEPPER_ROOT;11458;6;11456;21;;;11464;13;11468;17;;;11461.0;0.0
yf_ADM_d0;31000;ASH_COATED_OSMIUM;10022;12;10018;26;;;10028;11;10032;23;;;10025.0;0.0
yf_ADM_d0;31000;INTARIAN_PEPPER_ROOT;11462;17;11459;25;;;11468;21;11472;14;;;11465.0;0.0
yf_ADM_d0;31100;ASH_COATED_OSMIUM;10009;11;10006;25;;;10040;11;10043;21;;;10024.5;0.0
yf_ADM_d0;31100;INTARIAN_PEPPER_ROOT;11465;20;11462;21;;;11471;17;11473;20;;;11468.0;0.0
yf_ADM_d0;31200;ASH_COATED_OSMIUM;10009;17;10005;13;;;10040;8;10042;22;;;10024.5;0.0
yf_ADM_d0;31200;INTARIAN_PEPPER_ROOT;11468;11;11466;23;;;11474;14;11478;15;;;11471.0;0.0
yf_ADM_d0;31300;ASH_COATED_OSMIUM;10012;18;10010;15;;;10037;7;10040;20;;;10024.5;0.0
yf_ADM_d0;31300;INTARIAN_PEPPER_ROOT;11469;10;11466;18;;;11481;13;11483;22;;;11475.0;0.0
yf_ADM_d0;31400;ASH_COATED_OSMIUM;10022;12;10020;20;;;10028;12;10032;15;;;10025.0;0.0
yf_ADM_d0;31400;INTARIAN_PEPPER_ROOT;11468;17;11464;17;;;11490;16;11492;15;;;11479.0;0.0
yf_ADM_d0;31500;ASH_COATED_OSMIUM;10022;14;10018;11;;;10028;12;10031;26;;;10025.0;0.0
yf_ADM_d0;31500;INTARIAN_PEPPER_ROOT;11480;12;11478;9;;;11486;10;11489;14;;;11483.0;0.0
yf_ADM_d0;31600;ASH_COATED_OSMIUM;10022;6;10020;21;;;10028;13;10030;11;;;10025.0;0.0
yf_ADM_d0;31600;INTARIAN_PEPPER_ROOT;11483;24;11481;21;;;11489;19;11492;19;;;11486.0;0.0
yf_ADM_d0;31700;ASH_COATED_OSMIUM;10019;10;10016;16;;;10032;17;10035;24;;;10025.5;0.0
yf_ADM_d0;31700;INTARIAN_PEPPER_ROOT;11484;15;11482;22;;;11497;13;11500;21;;;11490.5;0.0
yf_ADM_d0;31800;ASH_COATED_OSMIUM;10020;16;10018;13;;;10031;9;10034;28;;;10025.5;0.0
yf_ADM_d0;31800;INTARIAN_PEPPER_ROOT;11486;8;11483;18;;;11499;16;11502;14;;;11492.5;0.0
yf_ADM_d0;31900;ASH_COATED_OSMIUM;10023;15;10020;25;;;10029;21;10033;17;;;10026.0;0.0
yf_ADM_d0;31900;INTARIAN_PEPPER_ROOT;11494;28;11491;14;;;11500;18;11504;28;;;11497.0;0.0
yf_ADM_d0;32000;ASH_COATED_OSMIUM;10023;15;10020;16;;;10029;15;10031;21;;;10026.0;0.0
yf_ADM_d0;32000;INTARIAN_PEPPER_ROOT;11497;7;11493;23;;;11503;14;11506;15;;;11500.0;0.0
yf_ADM_d0;32100;ASH_COATED_OSMIUM;10023;14;10019;25;;;10029;15;10031;25;;;10026.0;0.0
yf_ADM_d0;32100;INTARIAN_PEPPER_ROOT;11498;21;11494;21;;;11510;24;11512;21;;;11504.0;0.0
yf_ADM_d0;32200;ASH_COATED_OSMIUM;10023;11;10021;20;;;10029;16;10033;18;;;10026.0;0.0
yf_ADM_d0;32200;INTARIAN_PEPPER_ROOT;11489;12;11487;29;;;11527;23;11531;18;;;11508.0;0.0
yf_ADM_d0;32300;ASH_COATED_OSMIUM;10023;13;10021;14;;;10029;15;10032;21;;;10026.0;0.0
yf_ADM_d0;32300;INTARIAN_PEPPER_ROOT;11508;5;11504;22;;;11514;10;11517;24;;;11511.0;0.0
yf_ADM_d0;32400;ASH_COATED_OSMIUM;10023;22;10020;26;;;10029;23;10032;17;;;10026.0;0.0
yf_ADM_d0;32400;INTARIAN_PEPPER_ROOT;11512;22;11508;15;;;11518;26;11520;19;;;11515.0;0.0
yf_ADM_d0;32500;ASH_COATED_OSMIUM;10022;19;10020;19;;;10030;16;10033;18;;;10026.0;0.0
yf_ADM_d0;32500;INTARIAN_PEPPER_ROOT;11516;12;11512;16;;;11522;16;11525;21;;;11519.0;0.0
yf_ADM_d0;32600;ASH_COATED_OSMIUM;10023;8;10019;18;;;10029;21;10032;23;;;10026.0;0.0
yf_ADM_d0;32600;INTARIAN_PEPPER_ROOT;11519;18;11517;24;;;11525;15;11528;18;;;11522.0;0.0
yf_ADM_d0;32700;ASH_COATED_OSMIUM;10016;9;10014;25;;;10037;5;10040;19;;;10026.5;0.0
yf_ADM_d0;32700;INTARIAN_PEPPER_ROOT;11523;17;11520;20;;;11529;18;11531;15;;;11526.0;0.0
yf_ADM_d0;32800;ASH_COATED_OSMIUM;10020;14;10017;19;;;10033;25;10036;15;;;10026.5;0.0
yf_ADM_d0;32800;INTARIAN_PEPPER_ROOT;11526;9;11523;18;;;11532;12;11534;16;;;11529.0;0.0
yf_ADM_d0;32900;ASH_COATED_OSMIUM;10019;18;10016;13;;;10035;11;10039;19;;;10027.0;0.0
yf_ADM_d0;32900;INTARIAN_PEPPER_ROOT;11525;15;11522;15;;;11540;17;11544;24;;;11532.5;0.0
yf_ADM_d0;33000;ASH_COATED_OSMIUM;10024;18;10020;19;;;10030;10;10033;25;;;10027.0;0.0
yf_ADM_d0;33000;INTARIAN_PEPPER_ROOT;11520;9;11517;25;;;11554;11;11558;19;;;11537.0;0.0
yf_ADM_d0;33100;ASH_COATED_OSMIUM;10020;13;10017;18;;;10033;18;10037;18;;;10026.5;0.0
yf_ADM_d0;33100;INTARIAN_PEPPER_ROOT;11537;12;11534;19;;;11543;10;11547;15;;;11540.0;0.0
yf_ADM_d0;33200;ASH_COATED_OSMIUM;10021;15;10019;22;;;10033;8;10037;22;;;10027.0;0.0
yf_ADM_d0;33200;INTARIAN_PEPPER_ROOT;11540;5;11538;24;;;11546;17;11548;23;;;11543.0;0.0
yf_ADM_d0;33300;ASH_COATED_OSMIUM;10023;20;10020;21;;;10030;13;10034;20;;;10026.5;0.0
yf_ADM_d0;33300;INTARIAN_PEPPER_ROOT;11544;20;11540;20;;;11550;13;11552;27;;;11547.0;0.0
yf_ADM_d0;33400;ASH_COATED_OSMIUM;10024;12;10021;16;;;10030;12;10034;14;;;10027.0;0.0
yf_ADM_d0;33400;INTARIAN_PEPPER_ROOT;11547;16;11544;19;;;11553;14;11555;14;;;11550.0;0.0
yf_ADM_d0;33500;ASH_COATED_OSMIUM;10023;13;10019;25;;;10030;16;10032;25;;;10026.5;0.0
yf_ADM_d0;33500;INTARIAN_PEPPER_ROOT;11548;16;11546;19;;;11560;15;11564;28;;;11554.0;0.0
yf_ADM_d0;33600;ASH_COATED_OSMIUM;10024;12;10020;20;;;10030;12;10034;17;;;10027.0;0.0
yf_ADM_d0;33600;INTARIAN_PEPPER_ROOT;11555;12;11552;15;;;11561;12;11564;23;;;11558.0;0.0
yf_ADM_d0;33700;ASH_COATED_OSMIUM;10013;10;10011;25;;;10041;21;10044;21;;;10027.0;0.0
yf_ADM_d0;33700;INTARIAN_PEPPER_ROOT;11557;12;11555;22;;;11565;15;11567;19;;;11561.0;0.0
yf_ADM_d0;33800;ASH_COATED_OSMIUM;10019;12;10015;16;;;10035;14;10038;21;;;10027.0;0.0
yf_ADM_d0;33800;INTARIAN_PEPPER_ROOT;11555;17;11551;27;;;11575;18;11579;19;;;11565.0;0.0
yf_ADM_d0;33900;ASH_COATED_OSMIUM;10024;12;10021;23;;;10030;11;10034;22;;;10027.0;0.0
yf_ADM_d0;33900;INTARIAN_PEPPER_ROOT;11565;22;11562;25;;;11571;13;11573;16;;;11568.0;0.0
yf_ADM_d0;34000;ASH_COATED_OSMIUM;10025;16;10021;15;;;10031;13;10035;11;;;10028.0;0.0
yf_ADM_d0;34000;INTARIAN_PEPPER_ROOT;11567;8;11565;23;;;11576;15;11579;20;;;11571.5;0.0
yf_ADM_d0;34100;ASH_COATED_OSMIUM;10025;23;10022;18;;;10031;16;10035;22;;;10028.0;0.0
yf_ADM_d0;34100;INTARIAN_PEPPER_ROOT;11570;18;11567;22;;;11576;13;11579;35;;;11573.0;0.0
yf_ADM_d0;34200;ASH_COATED_OSMIUM;10017;18;10014;21;;;10038;13;10041;23;;;10027.5;0.0
yf_ADM_d0;34200;INTARIAN_PEPPER_ROOT;11571;11;11567;30;;;11580;14;11583;15;;;11575.5;0.0
yf_ADM_d0;34300;ASH_COATED_OSMIUM;10024;12;10021;20;;;10031;13;10033;18;;;10027.5;0.0
yf_ADM_d0;34300;INTARIAN_PEPPER_ROOT;11575;6;11572;18;;;11581;12;11583;18;;;11578.0;0.0
yf_ADM_d0;34400;ASH_COATED_OSMIUM;10020;11;10016;21;;;10036;13;10039;18;;;10028.0;0.0
yf_ADM_d0;34400;INTARIAN_PEPPER_ROOT;11575;23;11571;14;;;11585;11;11589;27;;;11580.0;0.0
yf_ADM_d0;34500;ASH_COATED_OSMIUM;10024;15;10021;16;;;10031;17;10034;17;;;10027.5;0.0
yf_ADM_d0;34500;INTARIAN_PEPPER_ROOT;11581;24;11579;19;;;11587;20;11590;23;;;11584.0;0.0
yf_ADM_d0;34600;ASH_COATED_OSMIUM;10025;14;10022;14;;;10031;15;10035;18;;;10028.0;0.0
yf_ADM_d0;34600;INTARIAN_PEPPER_ROOT;11582;17;11578;16;;;11588;9;11592;24;;;11585.0;0.0
yf_ADM_d0;34700;ASH_COATED_OSMIUM;10013;12;10011;21;;;10044;6;10046;21;;;10028.5;0.0
yf_ADM_d0;34700;INTARIAN_PEPPER_ROOT;11585;18;11582;8;;;11591;18;11595;11;;;11588.0;0.0
yf_ADM_d0;34800;ASH_COATED_OSMIUM;10017;16;10014;24;;;10040;20;10044;21;;;10028.5;0.0
yf_ADM_d0;34800;INTARIAN_PEPPER_ROOT;11576;16;11573;25;;;11605;21;11609;27;;;11590.5;0.0
yf_ADM_d0;34900;ASH_COATED_OSMIUM;10023;21;10019;17;;;10035;9;10037;27;;;10029.0;0.0
yf_ADM_d0;34900;INTARIAN_PEPPER_ROOT;11590;12;11586;25;;;11596;10;11600;21;;;11593.0;0.0
yf_ADM_d0;35000;ASH_COATED_OSMIUM;10025;12;10022;25;;;10031;10;10034;20;;;10028.0;0.0
yf_ADM_d0;35000;INTARIAN_PEPPER_ROOT;11592;16;11588;16;;;11598;20;11600;30;;;11595.0;0.0
yf_ADM_d0;35100;ASH_COATED_OSMIUM;10025;12;10021;18;;;10031;22;10033;23;;;10028.0;0.0
yf_ADM_d0;35100;INTARIAN_PEPPER_ROOT;11595;11;11591;25;;;11601;13;11603;18;;;11598.0;0.0
yf_ADM_d0;35200;ASH_COATED_OSMIUM;10023;16;10021;18;;;10034;17;10038;19;;;10028.5;0.0
yf_ADM_d0;35200;INTARIAN_PEPPER_ROOT;11588;10;11586;22;;;11612;14;11615;15;;;11600.0;0.0
yf_ADM_d0;35300;ASH_COATED_OSMIUM;10016;5;10013;18;;;10042;16;10045;19;;;10029.0;0.0
yf_ADM_d0;35300;INTARIAN_PEPPER_ROOT;11600;12;11598;8;;;11606;6;11610;15;;;11603.0;0.0
yf_ADM_d0;35400;ASH_COATED_OSMIUM;10026;5;10023;27;;;10032;10;10035;10;;;10029.0;0.0
yf_ADM_d0;35400;INTARIAN_PEPPER_ROOT;11602;16;11600;15;;;11608;11;11610;19;;;11605.0;0.0
yf_ADM_d0;35500;ASH_COATED_OSMIUM;10026;12;10022;22;;;10032;11;10034;12;;;10029.0;0.0
yf_ADM_d0;35500;INTARIAN_PEPPER_ROOT;11604;11;11602;13;;;11610;11;11612;18;;;11607.0;0.0
yf_ADM_d0;35600;ASH_COATED_OSMIUM;10027;25;10023;18;;;10033;23;10035;29;;;10030.0;0.0
yf_ADM_d0;35600;INTARIAN_PEPPER_ROOT;11603;22;11600;12;;;11616;18;11618;30;;;11609.5;0.0
yf_ADM_d0;35700;ASH_COATED_OSMIUM;10021;5;10019;27;;;10038;21;10041;11;;;10029.5;0.0
yf_ADM_d0;35700;INTARIAN_PEPPER_ROOT;11610;12;11608;15;;;11616;13;11619;19;;;11613.0;0.0
yf_ADM_d0;35800;ASH_COATED_OSMIUM;10026;16;10024;17;;;10035;17;10037;28;;;10030.5;0.0
yf_ADM_d0;35800;INTARIAN_PEPPER_ROOT;11592;18;11588;19;;;11638;11;11642;18;;;11615.0;0.0
yf_ADM_d0;35900;ASH_COATED_OSMIUM;10021;12;10017;11;;;10039;16;10043;21;;;10030.0;0.0
yf_ADM_d0;35900;INTARIAN_PEPPER_ROOT;11612;17;11609;15;;;11623;16;11625;18;;;11617.5;0.0
yf_ADM_d0;36000;ASH_COATED_OSMIUM;10014;13;10010;11;;;10045;22;10048;22;;;10029.5;0.0
yf_ADM_d0;36000;INTARIAN_PEPPER_ROOT;11617;12;11613;18;;;11623;15;11626;14;;;11620.0;0.0
yf_ADM_d0;36100;ASH_COATED_OSMIUM;10022;20;10018;18;;;10039;5;10042;21;;;10030.5;0.0
yf_ADM_d0;36100;INTARIAN_PEPPER_ROOT;11619;14;11616;18;;;11625;12;11627;18;;;11622.0;0.0
yf_ADM_d0;36200;ASH_COATED_OSMIUM;10027;17;10024;24;;;10033;12;10035;20;;;10030.0;0.0
yf_ADM_d0;36200;INTARIAN_PEPPER_ROOT;11621;18;11619;14;;;11628;10;11632;8;;;11624.5;0.0
yf_ADM_d0;36300;ASH_COATED_OSMIUM;10027;18;10023;30;;;10033;19;10037;22;;;10030.0;0.0
yf_ADM_d0;36300;INTARIAN_PEPPER_ROOT;11624;5;11621;20;;;11630;14;11634;17;;;11627.0;0.0
yf_ADM_d0;36400;ASH_COATED_OSMIUM;10028;14;10026;13;;;10034;10;10037;16;;;10031.0;0.0
yf_ADM_d0;36400;INTARIAN_PEPPER_ROOT;11622;16;11620;17;;;11635;17;11637;24;;;11628.5;0.0
yf_ADM_d0;36500;ASH_COATED_OSMIUM;10025;15;10021;18;;;10036;5;10040;26;;;10030.5;0.0
yf_ADM_d0;36500;INTARIAN_PEPPER_ROOT;11628;15;11625;20;;;11636;11;11640;14;;;11632.0;0.0
yf_ADM_d0;36600;ASH_COATED_OSMIUM;10027;17;10025;16;;;10033;16;10037;18;;;10030.0;0.0
yf_ADM_d0;36600;INTARIAN_PEPPER_ROOT;11632;17;11628;23;;;11638;7;11641;19;;;11635.0;0.0
yf_ADM_d0;36700;ASH_COATED_OSMIUM;10028;12;10024;22;;;10034;25;10036;8;;;10031.0;0.0
yf_ADM_d0;36700;INTARIAN_PEPPER_ROOT;11634;15;11630;25;;;11640;19;11644;14;;;11637.0;0.0
yf_ADM_d0;36800;ASH_COATED_OSMIUM;10028;17;10026;14;;;10034;15;10036;17;;;10031.0;0.0
yf_ADM_d0;36800;INTARIAN_PEPPER_ROOT;11627;14;11625;25;;;11653;18;11656;18;;;11640.0;0.0
yf_ADM_d0;36900;ASH_COATED_OSMIUM;10028;11;10025;24;;;10034;11;10037;17;;;10031.0;0.0
yf_ADM_d0;36900;INTARIAN_PEPPER_ROOT;11638;27;11636;13;;;11644;17;11646;20;;;11641.0;0.0
yf_ADM_d0;37000;ASH_COATED_OSMIUM;10024;16;10022;17;;;10039;10;10042;19;;;10031.5;0.0
yf_ADM_d0;37000;INTARIAN_PEPPER_ROOT;11641;16;11637;25;;;11647;13;11651;14;;;11644.0;0.0
yf_ADM_d0;37100;ASH_COATED_OSMIUM;10028;11;10024;25;;;10034;19;10036;18;;;10031.0;0.0
yf_ADM_d0;37100;INTARIAN_PEPPER_ROOT;11643;10;11641;15;;;11649;11;11653;20;;;11646.0;0.0
yf_ADM_d0;37200;ASH_COATED_OSMIUM;10028;8;10025;31;;;10034;12;10036;14;;;10031.0;0.0
yf_ADM_d0;37200;INTARIAN_PEPPER_ROOT;11646;20;11642;17;;;11652;13;11656;27;;;11649.0;0.0
yf_ADM_d0;37300;ASH_COATED_OSMIUM;10023;15;10021;14;;;10041;16;10045;8;;;10032.0;0.0
yf_ADM_d0;37300;INTARIAN_PEPPER_ROOT;11648;18;11645;17;;;11654;15;11657;12;;;11651.0;0.0
yf_ADM_d0;37400;ASH_COATED_OSMIUM;10026;20;10023;26;;;10036;5;10038;17;;;10031.0;0.0
yf_ADM_d0;37400;INTARIAN_PEPPER_ROOT;11651;17;11647;20;;;11657;19;11660;17;;;11654.0;0.0
yf_ADM_d0;37500;ASH_COATED_OSMIUM;10029;12;10027;19;;;10035;21;10039;23;;;10032.0;0.0
yf_ADM_d0;37500;INTARIAN_PEPPER_ROOT;11647;20;11643;29;;;11665;13;11669;16;;;11656.0;0.0
yf_ADM_d0;37600;ASH_COATED_OSMIUM;10023;14;10020;19;;;10040;26;10044;24;;;10031.5;0.0
yf_ADM_d0;37600;INTARIAN_PEPPER_ROOT;11645;14;11641;8;;;11671;21;11673;17;;;11658.0;0.0
yf_ADM_d0;37700;ASH_COATED_OSMIUM;10029;18;10026;28;;;10035;13;10037;9;;;10032.0;0.0
yf_ADM_d0;37700;INTARIAN_PEPPER_ROOT;11658;12;11656;24;;;11664;13;11666;19;;;11661.0;0.0
yf_ADM_d0;37800;ASH_COATED_OSMIUM;10028;16;10024;12;;;10034;16;10038;20;;;10031.0;0.0
yf_ADM_d0;37800;INTARIAN_PEPPER_ROOT;11660;17;11658;21;;;11666;18;11669;21;;;11663.0;0.0
yf_ADM_d0;37900;ASH_COATED_OSMIUM;10029;11;10025;18;;;10035;15;10038;17;;;10032.0;0.0
yf_ADM_d0;37900;INTARIAN_PEPPER_ROOT;11660;13;11657;23;;;11672;17;11676;20;;;11666.0;0.0
yf_ADM_d0;38000;ASH_COATED_OSMIUM;10030;7;10028;15;;;10036;24;10038;11;;;10033.0;0.0
yf_ADM_d0;38000;INTARIAN_PEPPER_ROOT;11665;24;11661;25;;;11671;19;11674;17;;;11668.0;0.0
yf_ADM_d0;38100;ASH_COATED_OSMIUM;10029;11;10027;10;;;10036;11;10039;23;;;10032.5;0.0
yf_ADM_d0;38100;INTARIAN_PEPPER_ROOT;11666;12;11662;21;;;11675;14;11677;16;;;11670.5;0.0
yf_ADM_d0;38200;ASH_COATED_OSMIUM;10030;16;10028;10;;;10036;22;10038;20;;;10033.0;0.0
yf_ADM_d0;38200;INTARIAN_PEPPER_ROOT;11660;14;11658;16;;;11685;12;11689;16;;;11672.5;0.0
yf_ADM_d0;38300;ASH_COATED_OSMIUM;10030;27;10026;22;;;10036;10;10039;16;;;10033.0;0.0
yf_ADM_d0;38300;INTARIAN_PEPPER_ROOT;11663;20;11661;15;;;11688;13;11691;13;;;11675.5;0.0
yf_ADM_d0;38400;ASH_COATED_OSMIUM;10027;19;10023;27;;;10040;12;10044;26;;;10033.5;0.0
yf_ADM_d0;38400;INTARIAN_PEPPER_ROOT;11673;9;11669;16;;;11683;7;11685;14;;;11678.0;0.0
yf_ADM_d0;38500;ASH_COATED_OSMIUM;10028;11;10026;14;;;10038;24;10041;22;;;10033.0;0.0
yf_ADM_d0;38500;INTARIAN_PEPPER_ROOT;11678;13;11675;18;;;11684;11;11688;19;;;11681.0;0.0
yf_ADM_d0;38600;ASH_COATED_OSMIUM;10030;15;10026;16;;;10036;15;10040;11;;;10033.0;0.0
yf_ADM_d0;38600;INTARIAN_PEPPER_ROOT;11663;18;11661;24;;;11703;17;11705;24;;;11683.0;0.0
yf_ADM_d0;38700;ASH_COATED_OSMIUM;10031;10;10028;17;;;10037;16;10040;25;;;10034.0;0.0
yf_ADM_d0;38700;INTARIAN_PEPPER_ROOT;11680;5;11677;24;;;11691;19;11694;25;;;11685.5;0.0
yf_ADM_d0;38800;ASH_COATED_OSMIUM;10031;22;10027;26;;;10037;29;10040;22;;;10034.0;0.0
yf_ADM_d0;38800;INTARIAN_PEPPER_ROOT;11685;14;11683;26;;;11691;10;11694;15;;;11688.0;0.0
yf_ADM_d0;38900;ASH_COATED_OSMIUM;10030;20;10026;15;;;10036;18;10040;24;;;10033.0;0.0
yf_ADM_d0;38900;INTARIAN_PEPPER_ROOT;11687;12;11684;17;;;11693;16;11696;16;;;11690.0;0.0
yf_ADM_d0;39000;ASH_COATED_OSMIUM;10030;11;10028;20;;;10037;17;10040;19;;;10033.5;0.0
yf_ADM_d0;39000;INTARIAN_PEPPER_ROOT;11689;16;11687;19;;;11695;14;11699;19;;;11692.0;0.0
yf_ADM_d0;39100;ASH_COATED_OSMIUM;10016;21;10012;21;;;10052;17;10055;11;;;10034.0;0.0
yf_ADM_d0;39100;INTARIAN_PEPPER_ROOT;11692;13;11690;16;;;11698;23;11700;24;;;11695.0;0.0
yf_ADM_d0;39200;ASH_COATED_OSMIUM;10031;15;10029;31;;;10037;12;10039;25;;;10034.0;0.0
yf_ADM_d0;39200;INTARIAN_PEPPER_ROOT;11689;14;11685;26;;;11705;23;11709;22;;;11697.0;0.0
yf_ADM_d0;39300;ASH_COATED_OSMIUM;10032;17;10029;22;;;10038;26;10041;20;;;10035.0;0.0
yf_ADM_d0;39300;INTARIAN_PEPPER_ROOT;11697;8;11693;11;;;11703;14;11706;12;;;11700.0;0.0
yf_ADM_d0;39400;ASH_COATED_OSMIUM;10024;11;10020;16;;;10045;15;10048;29;;;10034.5;0.0
yf_ADM_d0;39400;INTARIAN_PEPPER_ROOT;11699;10;11697;26;;;11705;18;11707;12;;;11702.0;0.0
yf_ADM_d0;39500;ASH_COATED_OSMIUM;10014;21;10010;14;;;10055;20;10058;10;;;10034.5;0.0
yf_ADM_d0;39500;INTARIAN_PEPPER_ROOT;11701;9;11698;26;;;11707;14;11709;13;;;11704.0;0.0
yf_ADM_d0;39600;ASH_COATED_OSMIUM;10032;23;10028;20;;;10038;11;10041;15;;;10035.0;0.0
yf_ADM_d0;39600;INTARIAN_PEPPER_ROOT;11703;9;11699;24;;;11711;13;11713;11;;;11707.0;0.0
yf_ADM_d0;39700;ASH_COATED_OSMIUM;10029;14;10027;28;;;10041;11;10045;17;;;10035.0;0.0
yf_ADM_d0;39700;INTARIAN_PEPPER_ROOT;11707;16;11704;12;;;11713;15;11717;13;;;11710.0;0.0
yf_ADM_d0;39800;ASH_COATED_OSMIUM;10028;14;10024;14;;;10042;19;10044;19;;;10035.0;0.0
yf_ADM_d0;39800;INTARIAN_PEPPER_ROOT;11707;13;11703;28;;;11717;13;11719;15;;;11712.0;0.0
yf_ADM_d0;39900;ASH_COATED_OSMIUM;10032;16;10029;16;;;10038;9;10042;21;;;10035.0;0.0
yf_ADM_d0;39900;INTARIAN_PEPPER_ROOT;11711;23;11709;21;;;11717;14;11719;17;;;11714.0;0.0
yf_ADM_d0;40000;ASH_COATED_OSMIUM;10032;19;10030;15;;;10038;15;10040;22;;;10035.0;0.0
yf_ADM_d0;40000;INTARIAN_PEPPER_ROOT;11709;16;11705;18;;;11725;14;11727;30;;;11717.0;0.0
yf_ADM_d0;40100;ASH_COATED_OSMIUM;10029;20;10027;26;;;10041;8;10044;21;;;10035.0;0.0
yf_ADM_d0;40100;INTARIAN_PEPPER_ROOT;11716;14;11713;20;;;11722;10;11724;19;;;11719.0;0.0
yf_ADM_d0;40200;ASH_COATED_OSMIUM;10033;18;10029;19;;;10039;8;10043;19;;;10036.0;0.0
yf_ADM_d0;40200;INTARIAN_PEPPER_ROOT;11719;11;11717;22;;;11725;15;11729;24;;;11722.0;0.0
yf_ADM_d0;40300;ASH_COATED_OSMIUM;10033;6;10030;22;;;10039;16;10043;13;;;10036.0;0.0
yf_ADM_d0;40300;INTARIAN_PEPPER_ROOT;11721;16;11719;15;;;11727;19;11729;20;;;11724.0;0.0
yf_ADM_d0;40400;ASH_COATED_OSMIUM;10033;16;10030;20;;;10039;10;10043;15;;;10036.0;0.0
yf_ADM_d0;40400;INTARIAN_PEPPER_ROOT;11724;19;11722;16;;;11730;17;11733;26;;;11727.0;0.0
yf_ADM_d0;40500;ASH_COATED_OSMIUM;10033;9;10031;19;;;10039;24;10042;20;;;10036.0;0.0
yf_ADM_d0;40500;INTARIAN_PEPPER_ROOT;11726;10;11724;19;;;11732;23;11735;22;;;11729.0;0.0
yf_ADM_d0;40600;ASH_COATED_OSMIUM;10026;14;10022;22;;;10047;8;10049;22;;;10036.5;0.0
yf_ADM_d0;40600;INTARIAN_PEPPER_ROOT;11729;8;11727;31;;;11735;20;11738;17;;;11732.0;0.0
yf_ADM_d0;40700;ASH_COATED_OSMIUM;10033;19;10030;28;;;10039;16;10041;13;;;10036.0;0.0
yf_ADM_d0;40700;INTARIAN_PEPPER_ROOT;11730;13;11726;20;;;11736;10;11738;17;;;11733.0;0.0
yf_ADM_d0;40800;ASH_COATED_OSMIUM;10033;12;10031;25;;;10039;14;10041;22;;;10036.0;0.0
yf_ADM_d0;40800;INTARIAN_PEPPER_ROOT;11734;16;11730;14;;;11740;12;11742;29;;;11737.0;0.0
yf_ADM_d0;40900;ASH_COATED_OSMIUM;10033;12;10030;28;;;10039;10;10041;21;;;10036.0;0.0
yf_ADM_d0;40900;INTARIAN_PEPPER_ROOT;11736;14;11732;22;;;11742;7;11745;14;;;11739.0;0.0
yf_ADM_d0;41000;ASH_COATED_OSMIUM;10033;9;10030;16;;;10039;11;10041;23;;;10036.0;0.0
yf_ADM_d0;41000;INTARIAN_PEPPER_ROOT;11738;16;11735;13;;;11744;7;11747;16;;;11741.0;0.0
yf_ADM_d0;41100;ASH_COATED_OSMIUM;10034;5;10031;22;;;10040;15;10042;26;;;10037.0;0.0
yf_ADM_d0;41100;INTARIAN_PEPPER_ROOT;11738;13;11735;23;;;11749;19;11752;24;;;11743.5;0.0
yf_ADM_d0;41200;ASH_COATED_OSMIUM;10033;14;10029;21;;;10039;15;10041;24;;;10036.0;0.0
yf_ADM_d0;41200;INTARIAN_PEPPER_ROOT;11736;24;11734;24;;;11756;15;11758;22;;;11746.0;0.0
yf_ADM_d0;41300;ASH_COATED_OSMIUM;10034;18;10030;18;;;10040;11;10042;19;;;10037.0;0.0
yf_ADM_d0;41300;INTARIAN_PEPPER_ROOT;11746;13;11744;23;;;11752;18;11755;26;;;11749.0;0.0
yf_ADM_d0;41400;ASH_COATED_OSMIUM;10034;13;10031;20;;;10040;18;10043;14;;;10037.0;0.0
yf_ADM_d0;41400;INTARIAN_PEPPER_ROOT;11747;21;11744;19;;;11755;20;11759;27;;;11751.0;0.0
yf_ADM_d0;41500;ASH_COATED_OSMIUM;10034;23;10031;11;;;10040;18;10043;27;;;10037.0;0.0
yf_ADM_d0;41500;INTARIAN_PEPPER_ROOT;11749;11;11747;24;;;11758;17;11761;24;;;11753.5;0.0
yf_ADM_d0;41600;ASH_COATED_OSMIUM;10034;14;10030;16;;;10040;15;10043;18;;;10037.0;0.0
yf_ADM_d0;41600;INTARIAN_PEPPER_ROOT;11753;14;11749;32;;;11759;12;11762;26;;;11756.0;0.0
yf_ADM_d0;41700;ASH_COATED_OSMIUM;10034;16;10031;21;;;10041;16;10043;19;;;10037.5;0.0
yf_ADM_d0;41700;INTARIAN_PEPPER_ROOT;11754;24;11751;20;;;11762;12;11766;16;;;11758.0;0.0
yf_ADM_d0;41800;ASH_COATED_OSMIUM;10035;17;10031;23;;;10041;8;10043;26;;;10038.0;0.0
yf_ADM_d0;41800;INTARIAN_PEPPER_ROOT;11758;21;11754;28;;;11764;13;11767;20;;;11761.0;0.0
yf_ADM_d0;41900;ASH_COATED_OSMIUM;10033;12;10029;21;;;10044;16;10046;29;;;10038.5;0.0
yf_ADM_d0;41900;INTARIAN_PEPPER_ROOT;11760;20;11757;21;;;11766;12;11768;22;;;11763.0;0.0
yf_ADM_d0;42000;ASH_COATED_OSMIUM;10035;15;10031;25;;;10042;9;10046;21;;;10038.5;0.0
yf_ADM_d0;42000;INTARIAN_PEPPER_ROOT;11762;12;11759;11;;;11768;20;11770;27;;;11765.0;0.0
yf_ADM_d0;42100;ASH_COATED_OSMIUM;10024;12;10022;18;;;10053;23;10056;22;;;10038.5;0.0
yf_ADM_d0;42100;INTARIAN_PEPPER_ROOT;11765;11;11762;20;;;11771;19;11775;19;;;11768.0;0.0
yf_ADM_d0;42200;ASH_COATED_OSMIUM;10031;12;10027;23;;;10046;14;10049;19;;;10038.5;0.0
yf_ADM_d0;42200;INTARIAN_PEPPER_ROOT;11767;9;11764;19;;;11773;13;11777;18;;;11770.0;0.0
yf_ADM_d0;42300;ASH_COATED_OSMIUM;10035;5;10032;26;;;10041;10;10044;23;;;10038.0;0.0
yf_ADM_d0;42300;INTARIAN_PEPPER_ROOT;11770;7;11767;18;;;11776;8;11778;15;;;11773.0;0.0
yf_ADM_d0;42400;ASH_COATED_OSMIUM;10035;15;10031;16;;;10042;19;10045;20;;;10038.5;0.0
yf_ADM_d0;42400;INTARIAN_PEPPER_ROOT;11772;13;11768;19;;;11778;13;11780;22;;;11775.0;0.0
yf_ADM_d0;42500;ASH_COATED_OSMIUM;10036;15;10034;23;;;10042;10;10046;22;;;10039.0;0.0
yf_ADM_d0;42500;INTARIAN_PEPPER_ROOT;11775;10;11773;19;;;11781;9;11784;22;;;11778.0;0.0
yf_ADM_d0;42600;ASH_COATED_OSMIUM;10032;24;10029;23;;;10045;22;10048;16;;;10038.5;0.0
yf_ADM_d0;42600;INTARIAN_PEPPER_ROOT;11777;12;11774;15;;;11783;10;11787;26;;;11780.0;0.0
yf_ADM_d0;42700;ASH_COATED_OSMIUM;10031;15;10029;13;;;10047;19;10051;28;;;10039.0;0.0
yf_ADM_d0;42700;INTARIAN_PEPPER_ROOT;11780;13;11778;22;;;11786;10;11788;19;;;11783.0;0.0
yf_ADM_d0;42800;ASH_COATED_OSMIUM;10036;13;10034;12;;;10042;15;10045;29;;;10039.0;0.0
yf_ADM_d0;42800;INTARIAN_PEPPER_ROOT;11778;10;11776;26;;;11791;17;11793;23;;;11784.5;0.0
yf_ADM_d0;42900;ASH_COATED_OSMIUM;10034;14;10031;23;;;10045;5;10049;24;;;10039.5;0.0
yf_ADM_d0;42900;INTARIAN_PEPPER_ROOT;11784;13;11781;22;;;11790;14;11793;16;;;11787.0;0.0
yf_ADM_d0;43000;ASH_COATED_OSMIUM;10036;14;10032;17;;;10043;18;10045;22;;;10039.5;0.0
yf_ADM_d0;43000;INTARIAN_PEPPER_ROOT;11786;19;11783;16;;;11793;13;11795;23;;;11789.5;0.0
yf_ADM_d0;43100;ASH_COATED_OSMIUM;10036;9;10034;27;;;10044;19;10048;13;;;10040.0;0.0
yf_ADM_d0;43100;INTARIAN_PEPPER_ROOT;11781;21;11777;18;;;11803;14;11805;21;;;11792.0;0.0
yf_ADM_d0;43200;ASH_COATED_OSMIUM;10037;6;10035;21;;;10043;17;10047;22;;;10040.0;0.0
yf_ADM_d0;43200;INTARIAN_PEPPER_ROOT;11791;10;11789;25;;;11797;12;11801;24;;;11794.0;0.0
yf_ADM_d0;43300;ASH_COATED_OSMIUM;10036;11;10034;26;;;10044;13;10048;24;;;10040.0;0.0
yf_ADM_d0;43300;INTARIAN_PEPPER_ROOT;11794;10;11790;31;;;11800;13;11803;14;;;11797.0;0.0
yf_ADM_d0;43400;ASH_COATED_OSMIUM;10037;15;10035;16;;;10043;17;10045;20;;;10040.0;0.0
yf_ADM_d0;43400;INTARIAN_PEPPER_ROOT;11796;14;11793;29;;;11803;13;11807;20;;;11799.5;0.0
yf_ADM_d0;43500;ASH_COATED_OSMIUM;10037;19;10034;20;;;10043;8;10047;23;;;10040.0;0.0
yf_ADM_d0;43500;INTARIAN_PEPPER_ROOT;11799;5;11796;19;;;11805;17;11808;9;;;11802.0;0.0
yf_ADM_d0;43600;ASH_COATED_OSMIUM;10037;20;10033;18;;;10043;5;10045;19;;;10040.0;0.0
yf_ADM_d0;43600;INTARIAN_PEPPER_ROOT;11802;19;11800;20;;;11808;14;11812;15;;;11805.0;0.0
yf_ADM_d0;43700;ASH_COATED_OSMIUM;10036;19;10032;17;;;10044;14;10048;13;;;10040.0;0.0
yf_ADM_d0;43700;INTARIAN_PEPPER_ROOT;11804;16;11801;26;;;11810;8;11814;26;;;11807.0;0.0
yf_ADM_d0;43800;ASH_COATED_OSMIUM;10037;15;10035;21;;;10043;16;10047;27;;;10040.0;0.0
yf_ADM_d0;43800;INTARIAN_PEPPER_ROOT;11806;5;11802;16;;;11812;17;11815;24;;;11809.0;0.0
yf_ADM_d0;43900;ASH_COATED_OSMIUM;10038;12;10034;19;;;10044;5;10047;14;;;10041.0;0.0
yf_ADM_d0;43900;INTARIAN_PEPPER_ROOT;11798;19;11795;14;;;11825;15;11828;9;;;11811.5;0.0
yf_ADM_d0;44000;ASH_COATED_OSMIUM;10036;17;10032;26;;;10045;18;10049;20;;;10040.5;0.0
yf_ADM_d0;44000;INTARIAN_PEPPER_ROOT;11809;15;11806;21;;;11819;16;11822;16;;;11814.0;0.0
yf_ADM_d0;44100;ASH_COATED_OSMIUM;10038;18;10036;21;;;10044;20;10046;17;;;10041.0;0.0
yf_ADM_d0;44100;INTARIAN_PEPPER_ROOT;11814;9;11812;13;;;11820;14;11824;19;;;11817.0;0.0
yf_ADM_d0;44200;ASH_COATED_OSMIUM;10033;11;10029;29;;;10047;19;10050;22;;;10040.0;0.0
yf_ADM_d0;44200;INTARIAN_PEPPER_ROOT;11816;18;11813;14;;;11822;13;11826;15;;;11819.0;0.0
yf_ADM_d0;44300;ASH_COATED_OSMIUM;10038;17;10034;12;;;10044;10;10046;14;;;10041.0;0.0
yf_ADM_d0;44300;INTARIAN_PEPPER_ROOT;11813;19;11811;17;;;11832;5;11834;28;;;11822.5;0.0
yf_ADM_d0;44400;ASH_COATED_OSMIUM;10031;5;10027;24;;;10051;23;10055;16;;;10041.0;0.0
yf_ADM_d0;44400;INTARIAN_PEPPER_ROOT;11821;19;11818;21;;;11827;18;11831;20;;;11824.0;0.0
yf_ADM_d0;44500;ASH_COATED_OSMIUM;10038;12;10034;8;;;10044;19;10046;15;;;10041.0;0.0
yf_ADM_d0;44500;INTARIAN_PEPPER_ROOT;11824;16;11822;22;;;11830;12;11833;27;;;11827.0;0.0
yf_ADM_d0;44600;ASH_COATED_OSMIUM;10038;16;10034;25;;;10044;15;10048;15;;;10041.0;0.0
yf_ADM_d0;44600;INTARIAN_PEPPER_ROOT;11824;19;11820;19;;;11834;24;11838;22;;;11829.0;0.0
yf_ADM_d0;44700;ASH_COATED_OSMIUM;10036;16;10034;19;;;10046;17;10050;9;;;10041.0;0.0
yf_ADM_d0;44700;INTARIAN_PEPPER_ROOT;11823;16;11819;14;;;11839;9;11842;15;;;11831.0;0.0
yf_ADM_d0;44800;ASH_COATED_OSMIUM;10038;20;10034;16;;;10044;10;10048;18;;;10041.0;0.0
yf_ADM_d0;44800;INTARIAN_PEPPER_ROOT;11831;14;11828;20;;;11837;20;11841;27;;;11834.0;0.0
yf_ADM_d0;44900;ASH_COATED_OSMIUM;10039;23;10035;15;;;10045;5;10049;22;;;10042.0;0.0
yf_ADM_d0;44900;INTARIAN_PEPPER_ROOT;11832;11;11829;20;;;11841;20;11844;24;;;11836.5;0.0
yf_ADM_d0;45000;ASH_COATED_OSMIUM;10035;8;10031;19;;;10049;9;10052;21;;;10042.0;0.0
yf_ADM_d0;45000;INTARIAN_PEPPER_ROOT;11836;25;11832;24;;;11842;15;11845;15;;;11839.0;0.0
yf_ADM_d0;45100;ASH_COATED_OSMIUM;10039;30;10037;25;;;10046;8;10049;20;;;10042.5;0.0
yf_ADM_d0;45100;INTARIAN_PEPPER_ROOT;11838;14;11836;22;;;11844;6;11848;16;;;11841.0;0.0
yf_ADM_d0;45200;ASH_COATED_OSMIUM;10039;5;10035;19;;;10045;7;10049;14;;;10042.0;0.0
yf_ADM_d0;45200;INTARIAN_PEPPER_ROOT;11840;9;11838;13;;;11847;22;11851;20;;;11843.5;0.0
yf_ADM_d0;45300;ASH_COATED_OSMIUM;10038;21;10035;22;;;10047;9;10049;23;;;10042.5;0.0
yf_ADM_d0;45300;INTARIAN_PEPPER_ROOT;11838;16;11834;21;;;11855;14;11859;21;;;11846.5;0.0
yf_ADM_d0;45400;ASH_COATED_OSMIUM;10036;20;10034;25;;;10048;24;10051;21;;;10042.0;0.0
yf_ADM_d0;45400;INTARIAN_PEPPER_ROOT;11835;18;11831;13;;;11863;16;11867;25;;;11849.0;0.0
yf_ADM_d0;45500;ASH_COATED_OSMIUM;10029;13;10026;24;;;10055;8;10058;29;;;10042.0;0.0
yf_ADM_d0;45500;INTARIAN_PEPPER_ROOT;11847;24;11843;21;;;11853;5;11857;22;;;11850.0;0.0
yf_ADM_d0;45600;ASH_COATED_OSMIUM;10040;17;10036;25;;;10046;19;10050;15;;;10043.0;0.0
yf_ADM_d0;45600;INTARIAN_PEPPER_ROOT;11850;8;11846;16;;;11856;14;11860;18;;;11853.0;0.0
yf_ADM_d0;45700;ASH_COATED_OSMIUM;10040;13;10037;35;;;10046;20;10048;16;;;10043.0;0.0
yf_ADM_d0;45700;INTARIAN_PEPPER_ROOT;11853;17;11849;23;;;11859;13;11863;27;;;11856.0;0.0
yf_ADM_d0;45800;ASH_COATED_OSMIUM;10040;12;10038;22;;;10046;7;10048;18;;;10043.0;0.0
yf_ADM_d0;45800;INTARIAN_PEPPER_ROOT;11852;5;11850;21;;;11864;9;11866;17;;;11858.0;0.0
yf_ADM_d0;45900;ASH_COATED_OSMIUM;10039;19;10036;20;;;10047;21;10051;18;;;10043.0;0.0
yf_ADM_d0;45900;INTARIAN_PEPPER_ROOT;11854;14;11852;20;;;11869;14;11871;19;;;11861.5;0.0
yf_ADM_d0;46000;ASH_COATED_OSMIUM;10037;15;10033;15;;;10050;26;10052;32;;;10043.5;0.0
yf_ADM_d0;46000;INTARIAN_PEPPER_ROOT;11859;9;11856;24;;;11865;17;11869;20;;;11862.0;0.0
yf_ADM_d0;46100;ASH_COATED_OSMIUM;10040;15;10037;10;;;10046;24;10048;19;;;10043.0;0.0
yf_ADM_d0;46100;INTARIAN_PEPPER_ROOT;11863;15;11860;26;;;11869;11;11873;18;;;11866.0;0.0
yf_ADM_d0;46200;ASH_COATED_OSMIUM;10034;9;10030;22;;;10053;21;10056;14;;;10043.5;0.0
yf_ADM_d0;46200;INTARIAN_PEPPER_ROOT;11859;17;11855;17;;;11875;13;11877;16;;;11867.0;0.0
yf_ADM_d0;46300;ASH_COATED_OSMIUM;10041;12;10038;29;;;10048;16;10050;15;;;10044.5;0.0
yf_ADM_d0;46300;INTARIAN_PEPPER_ROOT;11867;12;11863;32;;;11873;8;11875;27;;;11870.0;0.0
yf_ADM_d0;46400;ASH_COATED_OSMIUM;10039;22;10036;17;;;10049;17;10053;22;;;10044.0;0.0
yf_ADM_d0;46400;INTARIAN_PEPPER_ROOT;11870;14;11867;28;;;11876;10;11879;23;;;11873.0;0.0
yf_ADM_d0;46500;ASH_COATED_OSMIUM;10041;15;10038;28;;;10047;9;10049;20;;;10044.0;0.0
yf_ADM_d0;46500;INTARIAN_PEPPER_ROOT;11872;24;11868;25;;;11878;16;11881;11;;;11875.0;0.0
yf_ADM_d0;46600;ASH_COATED_OSMIUM;10041;20;10038;30;;;10047;19;10051;14;;;10044.0;0.0
yf_ADM_d0;46600;INTARIAN_PEPPER_ROOT;11874;13;11872;18;;;11880;21;11884;23;;;11877.0;0.0
yf_ADM_d0;46700;ASH_COATED_OSMIUM;10041;11;10038;15;;;10047;12;10049;18;;;10044.0;0.0
yf_ADM_d0;46700;INTARIAN_PEPPER_ROOT;11873;12;11871;23;;;11887;9;11889;20;;;11880.0;0.0
yf_ADM_d0;46800;ASH_COATED_OSMIUM;10042;22;10040;24;;;10048;13;10050;29;;;10045.0;0.0
yf_ADM_d0;46800;INTARIAN_PEPPER_ROOT;11878;10;11875;19;;;11885;14;11888;23;;;11881.5;0.0
yf_ADM_d0;46900;ASH_COATED_OSMIUM;10036;20;10032;19;;;10053;18;10056;20;;;10044.5;0.0
yf_ADM_d0;46900;INTARIAN_PEPPER_ROOT;11882;14;11878;21;;;11888;17;11892;18;;;11885.0;0.0
yf_ADM_d0;47000;ASH_COATED_OSMIUM;10041;17;10039;15;;;10047;18;10049;30;;;10044.0;0.0
yf_ADM_d0;47000;INTARIAN_PEPPER_ROOT;11884;12;11881;15;;;11890;18;11892;22;;;11887.0;0.0
yf_ADM_d0;47100;ASH_COATED_OSMIUM;10042;14;10040;19;;;10048;15;10051;20;;;10045.0;0.0
yf_ADM_d0;47100;INTARIAN_PEPPER_ROOT;11886;17;11883;17;;;11892;23;11895;22;;;11889.0;0.0
yf_ADM_d0;47200;ASH_COATED_OSMIUM;10042;21;10040;21;;;10048;19;10050;13;;;10045.0;0.0
yf_ADM_d0;47200;INTARIAN_PEPPER_ROOT;11889;9;11885;16;;;11895;18;11898;16;;;11892.0;0.0
yf_ADM_d0;47300;ASH_COATED_OSMIUM;10042;25;10039;17;;;10048;15;10051;14;;;10045.0;0.0
yf_ADM_d0;47300;INTARIAN_PEPPER_ROOT;11892;15;11888;17;;;11898;21;11900;10;;;11895.0;0.0
yf_ADM_d0;47400;ASH_COATED_OSMIUM;10042;13;10040;17;;;10048;13;10052;16;;;10045.0;0.0
yf_ADM_d0;47400;INTARIAN_PEPPER_ROOT;11882;10;11879;11;;;11911;14;11913;15;;;11896.5;0.0
yf_ADM_d0;47500;ASH_COATED_OSMIUM;10042;15;10039;26;;;10048;7;10050;11;;;10045.0;0.0
yf_ADM_d0;47500;INTARIAN_PEPPER_ROOT;11896;10;11893;21;;;11902;14;11904;10;;;11899.0;0.0
yf_ADM_d0;47600;ASH_COATED_OSMIUM;10034;16;10032;26;;;10056;16;10058;25;;;10045.0;0.0
yf_ADM_d0;47600;INTARIAN_PEPPER_ROOT;11890;8;11887;15;;;11914;6;11918;21;;;11902.0;0.0
yf_ADM_d0;47700;ASH_COATED_OSMIUM;10042;13;10038;16;;;10048;15;10051;22;;;10045.0;0.0
yf_ADM_d0;47700;INTARIAN_PEPPER_ROOT;11901;24;11898;21;;;11907;11;11911;23;;;11904.0;0.0
yf_ADM_d0;47800;ASH_COATED_OSMIUM;10043;13;10039;13;;;10049;12;10052;15;;;10046.0;0.0
yf_ADM_d0;47800;INTARIAN_PEPPER_ROOT;11900;13;11898;19;;;11912;15;11915;23;;;11906.0;0.0
yf_ADM_d0;47900;ASH_COATED_OSMIUM;10042;18;10040;26;;;10048;18;10052;22;;;10045.0;0.0
yf_ADM_d0;47900;INTARIAN_PEPPER_ROOT;11902;24;11899;26;;;11916;9;11919;18;;;11909.0;0.0
yf_ADM_d0;48000;ASH_COATED_OSMIUM;10036;12;10033;17;;;10055;19;10057;19;;;10045.5;0.0
yf_ADM_d0;48000;INTARIAN_PEPPER_ROOT;11890;16;11886;15;;;11933;16;11937;18;;;11911.5;0.0
yf_ADM_d0;48100;ASH_COATED_OSMIUM;10030;5;10027;25;;;10063;14;10065;15;;;10046.5;0.0
yf_ADM_d0;48100;INTARIAN_PEPPER_ROOT;11911;8;11908;14;;;11917;16;11919;10;;;11914.0;0.0
yf_ADM_d0;48200;ASH_COATED_OSMIUM;10043;20;10039;20;;;10049;10;10051;15;;;10046.0;0.0
yf_ADM_d0;48200;INTARIAN_PEPPER_ROOT;11913;24;11909;22;;;11919;14;11922;8;;;11916.0;0.0
yf_ADM_d0;48300;ASH_COATED_OSMIUM;10041;13;10039;17;;;10051;5;10054;19;;;10046.0;0.0
yf_ADM_d0;48300;INTARIAN_PEPPER_ROOT;11916;11;11912;15;;;11922;17;11924;21;;;11919.0;0.0
yf_ADM_d0;48400;ASH_COATED_OSMIUM;10040;14;10038;20;;;10052;17;10055;22;;;10046.0;0.0
yf_ADM_d0;48400;INTARIAN_PEPPER_ROOT;11912;13;11909;26;;;11931;30;11934;13;;;11921.5;0.0
yf_ADM_d0;48500;ASH_COATED_OSMIUM;10043;12;10040;12;;;10051;19;10053;22;;;10047.0;0.0
yf_ADM_d0;48500;INTARIAN_PEPPER_ROOT;11921;17;11918;23;;;11927;5;11929;21;;;11924.0;0.0
yf_ADM_d0;48600;ASH_COATED_OSMIUM;10032;9;10028;25;;;10062;16;10065;11;;;10047.0;0.0
yf_ADM_d0;48600;INTARIAN_PEPPER_ROOT;11923;7;11919;8;;;11929;12;11933;20;;;11926.0;0.0
yf_ADM_d0;48700;ASH_COATED_OSMIUM;10043;16;10039;18;;;10051;7;10053;14;;;10047.0;0.0
yf_ADM_d0;48700;INTARIAN_PEPPER_ROOT;11924;14;11920;26;;;11933;9;11936;20;;;11928.5;0.0
yf_ADM_d0;48800;ASH_COATED_OSMIUM;10044;11;10041;21;;;10050;14;10052;18;;;10047.0;0.0
yf_ADM_d0;48800;INTARIAN_PEPPER_ROOT;11928;12;11926;19;;;11934;23;11937;17;;;11931.0;0.0
yf_ADM_d0;48900;ASH_COATED_OSMIUM;10044;8;10040;10;;;10050;14;10052;24;;;10047.0;0.0
yf_ADM_d0;48900;INTARIAN_PEPPER_ROOT;11925;21;11922;15;;;11943;13;11945;16;;;11934.0;0.0
yf_ADM_d0;49000;ASH_COATED_OSMIUM;10039;5;10036;29;;;10055;23;10058;23;;;10047.0;0.0
yf_ADM_d0;49000;INTARIAN_PEPPER_ROOT;11927;16;11923;22;;;11943;20;11945;29;;;11935.0;0.0
yf_ADM_d0;49100;ASH_COATED_OSMIUM;10044;23;10040;21;;;10050;23;10052;21;;;10047.0;0.0
yf_ADM_d0;49100;INTARIAN_PEPPER_ROOT;11935;16;11932;17;;;11941;9;11944;21;;;11938.0;0.0
yf_ADM_d0;49200;ASH_COATED_OSMIUM;10045;11;10042;16;;;10051;22;10055;30;;;10048.0;0.0
yf_ADM_d0;49200;INTARIAN_PEPPER_ROOT;11937;10;11933;28;;;11943;29;11945;25;;;11940.0;0.0
yf_ADM_d0;49300;ASH_COATED_OSMIUM;10045;6;10042;21;;;10051;10;10053;11;;;10048.0;0.0
yf_ADM_d0;49300;INTARIAN_PEPPER_ROOT;11940;8;11938;19;;;11946;16;11949;29;;;11943.0;0.0
yf_ADM_d0;49400;ASH_COATED_OSMIUM;10045;19;10042;20;;;10051;15;10055;18;;;10048.0;0.0
yf_ADM_d0;49400;INTARIAN_PEPPER_ROOT;11943;26;11940;17;;;11949;9;11953;12;;;11946.0;0.0
yf_ADM_d0;49500;ASH_COATED_OSMIUM;10045;8;10042;16;;;10051;14;10055;11;;;10048.0;0.0
yf_ADM_d0;49500;INTARIAN_PEPPER_ROOT;11943;11;11940;20;;;11955;17;11959;24;;;11949.0;0.0
yf_ADM_d0;49600;ASH_COATED_OSMIUM;10043;14;10039;15;;;10053;5;10055;18;;;10048.0;0.0
yf_ADM_d0;49600;INTARIAN_PEPPER_ROOT;11948;5;11944;19;;;11954;16;11957;25;;;11951.0;0.0
yf_ADM_d0;49700;ASH_COATED_OSMIUM;10041;14;10037;22;;;10056;8;10058;9;;;10048.5;0.0
yf_ADM_d0;49700;INTARIAN_PEPPER_ROOT;11950;14;11946;21;;;11956;15;11959;12;;;11953.0;0.0
yf_ADM_d0;49800;ASH_COATED_OSMIUM;10046;18;10042;21;;;10052;14;10056;25;;;10049.0;0.0
yf_ADM_d0;49800;INTARIAN_PEPPER_ROOT;11952;15;11949;22;;;11958;15;11961;18;;;11955.0;0.0
yf_ADM_d0;49900;ASH_COATED_OSMIUM;10038;12;10034;20;;;10059;18;10063;18;;;10048.5;0.0
yf_ADM_d0;49900;INTARIAN_PEPPER_ROOT;11955;9;11953;25;;;11961;19;11964;18;;;11958.0;0.0
yf_ADM_d0;50000;ASH_COATED_OSMIUM;10045;19;10042;19;;;10052;11;10055;30;;;10048.5;0.0
yf_ADM_d0;50000;INTARIAN_PEPPER_ROOT;11957;20;11954;18;;;11963;13;11965;19;;;11960.0;0.0
yf_ADM_d0;50100;ASH_COATED_OSMIUM;10046;14;10044;21;;;10052;18;10056;12;;;10049.0;0.0
yf_ADM_d0;50100;INTARIAN_PEPPER_ROOT;11958;7;11955;24;;;11967;16;11969;13;;;11962.5;0.0
yf_ADM_d0;50200;ASH_COATED_OSMIUM;10044;21;10042;20;;;10054;19;10058;26;;;10049.0;0.0
yf_ADM_d0;50200;INTARIAN_PEPPER_ROOT;11962;13;11959;30;;;11968;10;11970;26;;;11965.0;0.0
yf_ADM_d0;50300;ASH_COATED_OSMIUM;10040;15;10038;21;;;10059;10;10063;19;;;10049.5;0.0
yf_ADM_d0;50300;INTARIAN_PEPPER_ROOT;11964;13;11962;20;;;11970;10;11973;18;;;11967.0;0.0
yf_ADM_d0;50400;ASH_COATED_OSMIUM;10047;20;10045;9;;;10053;10;10055;17;;;10050.0;0.0
yf_ADM_d0;50400;INTARIAN_PEPPER_ROOT;11965;10;11963;16;;;11975;17;11978;14;;;11970.0;0.0
yf_ADM_d0;50500;ASH_COATED_OSMIUM;10047;14;10043;27;;;10053;21;10056;19;;;10050.0;0.0
yf_ADM_d0;50500;INTARIAN_PEPPER_ROOT;11970;5;11967;23;;;11976;17;11978;17;;;11973.0;0.0
yf_ADM_d0;50600;ASH_COATED_OSMIUM;10044;16;10041;15;;;10054;16;10058;26;;;10049.0;0.0
yf_ADM_d0;50600;INTARIAN_PEPPER_ROOT;11972;16;11970;29;;;11978;14;11982;18;;;11975.0;0.0
yf_ADM_d0;50700;ASH_COATED_OSMIUM;10047;23;10045;19;;;10053;18;10057;20;;;10050.0;0.0
yf_ADM_d0;50700;INTARIAN_PEPPER_ROOT;11974;5;11972;27;;;11980;27;11982;22;;;11977.0;0.0
yf_ADM_d0;50800;ASH_COATED_OSMIUM;10046;11;10044;26;;;10052;21;10054;16;;;10049.0;0.0
yf_ADM_d0;50800;INTARIAN_PEPPER_ROOT;11976;12;11974;23;;;11982;16;11986;8;;;11979.0;0.0
yf_ADM_d0;50900;ASH_COATED_OSMIUM;10047;18;10045;19;;;10053;13;10057;11;;;10050.0;0.0
yf_ADM_d0;50900;INTARIAN_PEPPER_ROOT;11978;12;11975;18;;;11984;17;11988;16;;;11981.0;0.0
yf_ADM_d0;51000;ASH_COATED_OSMIUM;10045;12;10042;22;;;10051;23;10055;18;;;10048.0;0.0
yf_ADM_d0;51000;INTARIAN_PEPPER_ROOT;11976;14;11974;13;;;11983;16;11987;20;;;11979.5;0.0
yf_ADM_d0;51100;ASH_COATED_OSMIUM;10045;16;10041;14;;;10051;19;10055;17;;;10048.0;0.0
yf_ADM_d0;51100;INTARIAN_PEPPER_ROOT;11973;14;11969;17;;;11987;9;11991;19;;;11980.0;0.0
yf_ADM_d0;51200;ASH_COATED_OSMIUM;10044;12;10041;24;;;10051;16;10054;23;;;10047.5;0.0
yf_ADM_d0;51200;INTARIAN_PEPPER_ROOT;11977;16;11974;23;;;11983;11;11987;23;;;11980.0;0.0
yf_ADM_d0;51300;ASH_COATED_OSMIUM;10044;11;10040;27;;;10050;14;10054;17;;;10047.0;0.0
yf_ADM_d0;51300;INTARIAN_PEPPER_ROOT;11977;17;11974;9;;;11983;16;11985;33;;;11980.0;0.0
yf_ADM_d0;51400;ASH_COATED_OSMIUM;10043;15;10039;31;;;10049;20;10053;21;;;10046.0;0.0
yf_ADM_d0;51400;INTARIAN_PEPPER_ROOT;11975;12;11972;17;;;11983;15;11987;26;;;11979.0;0.0
yf_ADM_d0;51500;ASH_COATED_OSMIUM;10043;13;10039;15;;;10049;19;10053;17;;;10046.0;0.0
yf_ADM_d0;51500;INTARIAN_PEPPER_ROOT;11976;14;11973;12;;;11982;15;11985;19;;;11979.0;0.0
yf_ADM_d0;51600;ASH_COATED_OSMIUM;10042;17;10039;11;;;10048;13;10052;18;;;10045.0;0.0
yf_ADM_d0;51600;INTARIAN_PEPPER_ROOT;11976;19;11974;21;;;11982;5;11985;11;;;11979.0;0.0
yf_ADM_d0;51700;ASH_COATED_OSMIUM;10042;11;10039;23;;;10048;23;10052;24;;;10045.0;0.0
yf_ADM_d0;51700;INTARIAN_PEPPER_ROOT;11974;18;11971;25;;;11982;14;11986;13;;;11978.0;0.0
yf_ADM_d0;51800;ASH_COATED_OSMIUM;10041;11;10039;18;;;10047;13;10049;19;;;10044.0;0.0
yf_ADM_d0;51800;INTARIAN_PEPPER_ROOT;11968;13;11966;14;;;11987;17;11989;20;;;11977.5;0.0
yf_ADM_d0;51900;ASH_COATED_OSMIUM;10041;11;10037;17;;;10047;10;10050;21;;;10044.0;0.0
yf_ADM_d0;51900;INTARIAN_PEPPER_ROOT;11974;15;11971;18;;;11980;16;11983;15;;;11977.0;0.0
yf_ADM_d0;52000;ASH_COATED_OSMIUM;10032;14;10029;17;;;10054;22;10058;20;;;10043.0;0.0
yf_ADM_d0;52000;INTARIAN_PEPPER_ROOT;11975;12;11971;24;;;11981;19;11983;19;;;11978.0;0.0
yf_ADM_d0;52100;ASH_COATED_OSMIUM;10036;7;10032;15;;;10049;22;10052;19;;;10042.5;0.0
yf_ADM_d0;52100;INTARIAN_PEPPER_ROOT;11974;13;11970;23;;;11980;22;11984;24;;;11977.0;0.0
yf_ADM_d0;52200;ASH_COATED_OSMIUM;10037;11;10033;20;;;10049;20;10052;24;;;10043.0;0.0
yf_ADM_d0;52200;INTARIAN_PEPPER_ROOT;11974;26;11971;25;;;11980;8;11983;26;;;11977.0;0.0
yf_ADM_d0;52300;ASH_COATED_OSMIUM;10039;18;10035;17;;;10045;9;10047;26;;;10042.0;0.0
yf_ADM_d0;52300;INTARIAN_PEPPER_ROOT;11972;23;11970;18;;;11981;21;11985;17;;;11976.5;0.0
yf_ADM_d0;52400;ASH_COATED_OSMIUM;10037;17;10035;14;;;10045;13;10047;19;;;10041.0;0.0
yf_ADM_d0;52400;INTARIAN_PEPPER_ROOT;11973;13;11971;18;;;11979;8;11981;22;;;11976.0;0.0
yf_ADM_d0;52500;ASH_COATED_OSMIUM;10038;17;10035;25;;;10044;19;10048;16;;;10041.0;0.0
yf_ADM_d0;52500;INTARIAN_PEPPER_ROOT;11973;7;11970;18;;;11979;8;11983;22;;;11976.0;0.0
yf_ADM_d0;52600;ASH_COATED_OSMIUM;10029;20;10026;24;;;10052;10;10054;13;;;10040.5;0.0
yf_ADM_d0;52600;INTARIAN_PEPPER_ROOT;11973;18;11971;25;;;11979;16;11983;16;;;11976.0;0.0
yf_ADM_d0;52700;ASH_COATED_OSMIUM;10035;11;10031;25;;;10044;18;10046;27;;;10039.5;0.0
yf_ADM_d0;52700;INTARIAN_PEPPER_ROOT;11967;12;11963;15;;;11984;11;11988;19;;;11975.5;0.0
yf_ADM_d0;52800;ASH_COATED_OSMIUM;10037;12;10035;17;;;10043;10;10045;29;;;10040.0;0.0
yf_ADM_d0;52800;INTARIAN_PEPPER_ROOT;11973;15;11971;25;;;11979;10;11981;22;;;11976.0;0.0
yf_ADM_d0;52900;ASH_COATED_OSMIUM;10035;21;10032;22;;;10041;16;10043;21;;;10038.0;0.0
yf_ADM_d0;52900;INTARIAN_PEPPER_ROOT;11973;14;11969;29;;;11979;19;11981;19;;;11976.0;0.0
yf_ADM_d0;53000;ASH_COATED_OSMIUM;10023;14;10019;23;;;10053;12;10057;22;;;10038.0;0.0
yf_ADM_d0;53000;INTARIAN_PEPPER_ROOT;11970;5;11968;31;;;11978;19;11981;15;;;11974.0;0.0
yf_ADM_d0;53100;ASH_COATED_OSMIUM;10030;13;10026;23;;;10045;7;10048;16;;;10037.5;0.0
yf_ADM_d0;53100;INTARIAN_PEPPER_ROOT;11971;15;11968;13;;;11977;11;11980;11;;;11974.0;0.0
yf_ADM_d0;53200;ASH_COATED_OSMIUM;10032;15;10028;17;;;10041;12;10043;23;;;10036.5;0.0
yf_ADM_d0;53200;INTARIAN_PEPPER_ROOT;11971;17;11969;27;;;11977;19;11981;25;;;11974.0;0.0
yf_ADM_d0;53300;ASH_COATED_OSMIUM;10028;15;10025;12;;;10044;15;10048;18;;;10036.0;0.0
yf_ADM_d0;53300;INTARIAN_PEPPER_ROOT;11971;12;11967;22;;;11977;18;11980;21;;;11974.0;0.0
yf_ADM_d0;53400;ASH_COATED_OSMIUM;10033;15;10030;27;;;10039;11;10043;22;;;10036.0;0.0
yf_ADM_d0;53400;INTARIAN_PEPPER_ROOT;11968;20;11964;15;;;11979;9;11982;20;;;11973.5;0.0
yf_ADM_d0;53500;ASH_COATED_OSMIUM;10031;5;10028;19;;;10038;13;10041;12;;;10034.5;0.0
yf_ADM_d0;53500;INTARIAN_PEPPER_ROOT;11970;22;11966;23;;;11976;11;11978;20;;;11973.0;0.0
yf_ADM_d0;53600;ASH_COATED_OSMIUM;10031;14;10028;21;;;10037;15;10040;22;;;10034.0;0.0
yf_ADM_d0;53600;INTARIAN_PEPPER_ROOT;11965;13;11962;21;;;11980;10;11984;24;;;11972.5;0.0
yf_ADM_d0;53700;ASH_COATED_OSMIUM;10028;13;10026;23;;;10040;14;10043;25;;;10034.0;0.0
yf_ADM_d0;53700;INTARIAN_PEPPER_ROOT;11970;21;11968;27;;;11976;14;11980;20;;;11973.0;0.0
yf_ADM_d0;53800;ASH_COATED_OSMIUM;10028;16;10026;22;;;10039;8;10042;24;;;10033.5;0.0
yf_ADM_d0;53800;INTARIAN_PEPPER_ROOT;11970;17;11968;10;;;11976;18;11979;14;;;11973.0;0.0
yf_ADM_d0;53900;ASH_COATED_OSMIUM;10029;14;10026;18;;;10036;11;10038;14;;;10032.5;0.0
yf_ADM_d0;53900;INTARIAN_PEPPER_ROOT;11968;20;11965;23;;;11977;5;11980;23;;;11972.5;0.0
yf_ADM_d0;54000;ASH_COATED_OSMIUM;10029;14;10027;15;;;10035;21;10039;21;;;10032.0;0.0
yf_ADM_d0;54000;INTARIAN_PEPPER_ROOT;11969;21;11967;22;;;11975;7;11977;12;;;11972.0;0.0
yf_ADM_d0;54100;ASH_COATED_OSMIUM;10027;19;10023;20;;;10035;18;10039;27;;;10031.0;0.0
yf_ADM_d0;54100;INTARIAN_PEPPER_ROOT;11968;16;11965;20;;;11976;20;11978;26;;;11972.0;0.0
yf_ADM_d0;54200;ASH_COATED_OSMIUM;10028;22;10025;17;;;10036;18;10040;22;;;10032.0;0.0
yf_ADM_d0;54200;INTARIAN_PEPPER_ROOT;11968;11;11964;22;;;11974;21;11976;11;;;11971.0;0.0
yf_ADM_d0;54300;ASH_COATED_OSMIUM;10027;14;10023;22;;;10035;16;10037;17;;;10031.0;0.0
yf_ADM_d0;54300;INTARIAN_PEPPER_ROOT;11966;13;11962;27;;;11975;15;11978;18;;;11970.5;0.0
yf_ADM_d0;54400;ASH_COATED_OSMIUM;10024;19;10021;20;;;10037;5;10039;23;;;10030.5;0.0
yf_ADM_d0;54400;INTARIAN_PEPPER_ROOT;11957;10;11953;19;;;11985;7;11989;14;;;11971.0;0.0
yf_ADM_d0;54500;ASH_COATED_OSMIUM;10026;15;10023;17;;;10032;22;10035;9;;;10029.0;0.0
yf_ADM_d0;54500;INTARIAN_PEPPER_ROOT;11968;22;11966;22;;;11974;14;11976;21;;;11971.0;0.0
yf_ADM_d0;54600;ASH_COATED_OSMIUM;10021;17;10018;17;;;10037;13;10039;15;;;10029.0;0.0
yf_ADM_d0;54600;INTARIAN_PEPPER_ROOT;11961;16;11957;24;;;11979;12;11981;19;;;11970.0;0.0
yf_ADM_d0;54700;ASH_COATED_OSMIUM;10019;22;10015;14;;;10039;13;10041;22;;;10029.0;0.0
yf_ADM_d0;54700;INTARIAN_PEPPER_ROOT;11967;18;11964;13;;;11973;17;11975;8;;;11970.0;0.0
yf_ADM_d0;54800;ASH_COATED_OSMIUM;10025;10;10021;12;;;10031;18;10034;19;;;10028.0;0.0
yf_ADM_d0;54800;INTARIAN_PEPPER_ROOT;11967;19;11965;18;;;11973;10;11977;18;;;11970.0;0.0
yf_ADM_d0;54900;ASH_COATED_OSMIUM;10022;17;10020;19;;;10033;14;10036;15;;;10027.5;0.0
yf_ADM_d0;54900;INTARIAN_PEPPER_ROOT;11966;15;11964;22;;;11973;10;11977;18;;;11969.5;0.0
yf_ADM_d0;55000;ASH_COATED_OSMIUM;10024;17;10020;25;;;10030;22;10034;10;;;10027.0;0.0
yf_ADM_d0;55000;INTARIAN_PEPPER_ROOT;11967;19;11965;26;;;11973;18;11976;13;;;11970.0;0.0
yf_ADM_d0;55100;ASH_COATED_OSMIUM;10023;12;10020;18;;;10029;12;10033;18;;;10026.0;0.0
yf_ADM_d0;55100;INTARIAN_PEPPER_ROOT;11962;12;11960;27;;;11977;15;11981;28;;;11969.5;0.0
yf_ADM_d0;55200;ASH_COATED_OSMIUM;10023;13;10021;21;;;10029;9;10033;21;;;10026.0;0.0
yf_ADM_d0;55200;INTARIAN_PEPPER_ROOT;11963;12;11960;23;;;11973;15;11976;22;;;11968.0;0.0
yf_ADM_d0;55300;ASH_COATED_OSMIUM;10019;13;10017;21;;;10032;21;10036;21;;;10025.5;0.0
yf_ADM_d0;55300;INTARIAN_PEPPER_ROOT;11965;18;11963;14;;;11971;16;11975;21;;;11968.0;0.0
yf_ADM_d0;55400;ASH_COATED_OSMIUM;10022;13;10019;17;;;10028;12;10030;20;;;10025.0;0.0
yf_ADM_d0;55400;INTARIAN_PEPPER_ROOT;11965;24;11962;14;;;11971;19;11974;15;;;11968.0;0.0
yf_ADM_d0;55500;ASH_COATED_OSMIUM;10019;10;10015;29;;;10028;15;10031;12;;;10023.5;0.0
yf_ADM_d0;55500;INTARIAN_PEPPER_ROOT;11965;15;11961;13;;;11971;26;11975;14;;;11968.0;0.0
yf_ADM_d0;55600;ASH_COATED_OSMIUM;10021;16;10019;12;;;10027;7;10029;16;;;10024.0;0.0
yf_ADM_d0;55600;INTARIAN_PEPPER_ROOT;11954;18;11951;19;;;11981;17;11983;17;;;11967.5;0.0
yf_ADM_d0;55700;ASH_COATED_OSMIUM;10011;15;10009;18;;;10035;10;10038;14;;;10023.0;0.0
yf_ADM_d0;55700;INTARIAN_PEPPER_ROOT;11956;16;11954;28;;;11979;11;11983;18;;;11967.5;0.0
yf_ADM_d0;55800;ASH_COATED_OSMIUM;10019;9;10016;17;;;10025;19;10027;24;;;10022.0;0.0
yf_ADM_d0;55800;INTARIAN_PEPPER_ROOT;11964;14;11962;15;;;11970;12;11972;20;;;11967.0;0.0
yf_ADM_d0;55900;ASH_COATED_OSMIUM;10019;9;10017;16;;;10025;23;10029;16;;;10022.0;0.0
yf_ADM_d0;55900;INTARIAN_PEPPER_ROOT;11964;18;11960;24;;;11970;16;11973;14;;;11967.0;0.0
yf_ADM_d0;56000;ASH_COATED_OSMIUM;10018;17;10015;21;;;10024;20;10027;19;;;10021.0;0.0
yf_ADM_d0;56000;INTARIAN_PEPPER_ROOT;11963;8;11961;21;;;11969;17;11973;25;;;11966.0;0.0
yf_ADM_d0;56100;ASH_COATED_OSMIUM;10018;20;10016;16;;;10024;22;10026;25;;;10021.0;0.0
yf_ADM_d0;56100;INTARIAN_PEPPER_ROOT;11963;13;11959;8;;;11969;12;11973;13;;;11966.0;0.0
yf_ADM_d0;56200;ASH_COATED_OSMIUM;10018;10;10016;30;;;10024;10;10028;16;;;10021.0;0.0
yf_ADM_d0;56200;INTARIAN_PEPPER_ROOT;11948;14;11945;18;;;11982;11;11986;21;;;11965.0;0.0
yf_ADM_d0;56300;ASH_COATED_OSMIUM;10017;21;10014;11;;;10023;12;10026;16;;;10020.0;0.0
yf_ADM_d0;56300;INTARIAN_PEPPER_ROOT;11958;13;11954;15;;;11973;11;11977;9;;;11965.5;0.0
yf_ADM_d0;56400;ASH_COATED_OSMIUM;10014;14;10011;14;;;10025;23;10029;28;;;10019.5;0.0
yf_ADM_d0;56400;INTARIAN_PEPPER_ROOT;11962;5;11958;21;;;11968;11;11970;20;;;11965.0;0.0
yf_ADM_d0;56500;ASH_COATED_OSMIUM;10014;15;10011;13;;;10024;12;10028;13;;;10019.0;0.0
yf_ADM_d0;56500;INTARIAN_PEPPER_ROOT;11962;8;11959;15;;;11968;15;11970;9;;;11965.0;0.0
yf_ADM_d0;56600;ASH_COATED_OSMIUM;10008;8;10005;16;;;10027;10;10031;33;;;10017.5;0.0
yf_ADM_d0;56600;INTARIAN_PEPPER_ROOT;11962;15;11960;15;;;11968;17;11971;23;;;11965.0;0.0
yf_ADM_d0;56700;ASH_COATED_OSMIUM;10015;24;10013;20;;;10021;17;10025;14;;;10018.0;0.0
yf_ADM_d0;56700;INTARIAN_PEPPER_ROOT;11961;20;11958;25;;;11967;7;11971;24;;;11964.0;0.0
yf_ADM_d0;56800;ASH_COATED_OSMIUM;10012;8;10008;12;;;10021;19;10023;18;;;10016.5;0.0
yf_ADM_d0;56800;INTARIAN_PEPPER_ROOT;11961;13;11957;19;;;11967;7;11969;18;;;11964.0;0.0
yf_ADM_d0;56900;ASH_COATED_OSMIUM;10014;16;10010;22;;;10020;8;10024;30;;;10017.0;0.0
yf_ADM_d0;56900;INTARIAN_PEPPER_ROOT;11961;16;11957;23;;;11967;8;11969;30;;;11964.0;0.0
yf_ADM_d0;57000;ASH_COATED_OSMIUM;10014;15;10011;20;;;10020;14;10022;22;;;10017.0;0.0
yf_ADM_d0;57000;INTARIAN_PEPPER_ROOT;11958;5;11955;17;;;11969;12;11973;29;;;11963.5;0.0
yf_ADM_d0;57100;ASH_COATED_OSMIUM;10012;12;10010;16;;;10018;14;10020;23;;;10015.0;0.0
yf_ADM_d0;57100;INTARIAN_PEPPER_ROOT;11959;13;11955;14;;;11968;17;11970;17;;;11963.5;0.0
yf_ADM_d0;57200;ASH_COATED_OSMIUM;10012;12;10010;20;;;10018;5;10020;21;;;10015.0;0.0
yf_ADM_d0;57200;INTARIAN_PEPPER_ROOT;11960;19;11957;18;;;11966;20;11969;19;;;11963.0;0.0
yf_ADM_d0;57300;ASH_COATED_OSMIUM;10009;13;10006;26;;;10020;12;10023;23;;;10014.5;0.0
